{"version":"832182feecbb30a776490f8da8b6c4c7","result":{"pages":6,"data":[{"SECUCODE":"00006.HK","SECURITY_CODE":"00006","SECURITY_NAME_ABBR":"电能实业","ORG_CODE":"10007302","STD_REPORT_DATE":"2024-06-30 00:00:00","REPORT_DATE":"2024-06-30 00:00:00","DATE_TYPE_CODE":"002","REPORT_TYPE":"2024年中报","PER_NETCASH_OPERATE":0.076659624089,"PER_OI":0.194432789589,"BPS":37.071994637014,"BASIC_EPS":1.2868788,"DILUTED_EPS":1.2868788,"OPERATE_INCOME":414356720,"OPERATE_INCOME_YOY":-31.419939577,"GROSS_PROFIT":414356720,"GROSS_PROFIT_YOY":-32.111705734585,"HOLDER_PROFIT":2743516080,"HOLDER_PROFIT_YOY":1.5883744508,"GROSS_PROFIT_RATIO":null,"EPS_TTM":2.559899923174,"OPERATE_INCOME_QOQ":-16.73966292673,"NET_PROFIT_RATIO":662.1145374449,"ROE_AVG":3.429255910789,"GROSS_PROFIT_QOQ":-16.73966292673,"ROA":3.184018472815,"HOLDER_PROFIT_QOQ":0.282668211773,"ROE_YEARLY":6.858511821578,"ROIC_YEARLY":6.565576590203,"TOTAL_ASSETS":84985110880,"TOTAL_LIABILITIES":5980792040,"TAX_EBT":4.084237396299,"OCF_SALES":39.42731277533,"TOTAL_PARENT_EQUITY":79004318840,"DEBT_ASSET_RATIO":7.0374586537,"OPERATE_PROFIT":446300520,"PRETAX_PROFIT":2860339120,"NETCASH_OPERATE":163369720,"NETCASH_INVEST":3026446880,"NETCASH_FINANCE":-4110710720,"END_CASH":1320647960,"DIVI_RATIO":1.000265352884,"DIVIDEND_RATE":5.645645645646,"CURRENT_RATIO":0.487027195999,"COMMON_ACS":null,"CURRENTDEBT_DEBT":48.817335571494,"ISSUED_COMMON_SHARES":2131105154,"HK_COMMON_SHARES":2131105154,"PER_SHARES":500,"TOTAL_MARKET_CAP":106448702442.3,"HKSK_MARKET_CAP":106448702442.3,"PE_TTM":17.594826849967,"PB_TTM":1.229725199477,"REPORT_DATE_SQ":"2023-06-30 00:00:00","REPORT_TYPE_SQ":"2023年中报","OPERATE_INCOME_SQ":610350760,"DPS_HKD":2.82,"OPERATE_INCOME_QOQ_SQ":8.756488296254,"NET_PROFIT_RATIO_SQ":446.9788519637,"HOLDER_PROFIT_SQ":2728138820,"HOLDER_PROFIT_QOQ_SQ":5.407924753537,"ROE_AVG_SQ":3.378818155866,"PE_TTM_SQ":17.421793920621,"PB_TTM_SQ":1.132013089629,"ROA_SQ":3.114654877503,"START_DATE":"2024-01-01 00:00:00","FISCAL_YEAR":"12-31","CURRENCY":"HKD","IS_CNY_CODE":0,"DPS_HKD_LY":2.82,"ORG_TYPE":"一般企业","PREMIUM_INCOME":null,"PREMIUM_INCOME_YOY":null,"NET_INTEREST_INCOME":null,"NET_INTEREST_INCOME_YOY":null,"FEE_COMMISSION_INCOME":null,"FEE_COMMISSION_INCOME_YOY":null,"ACCOUNTS_RECE_TDAYS":null,"INVENTORY_TDAYS":null,"CURRENT_ASSETS_TDAYS":0.153456143316,"TOTAL_ASSETS_TDAYS":0.004808863562,"PREMIUM_EXPENSE":null,"LOAN_DEPOSIT":null,"LOAN_EQUITY":null,"LOAN_ASSETS":null,"DEPOSIT_EQUITY":null,"DEPOSIT_ASSETS":null,"EQUITY_MULTIPLIER":1.075702089807,"EQUITY_RATIO":0.075702089807},{"SECUCODE":"00006.HK","SECURITY_CODE":"00006","SECURITY_NAME_ABBR":"电能实业","ORG_CODE":"10007302","STD_REPORT_DATE":"2023-12-31 00:00:00","REPORT_DATE":"2023-12-31 00:00:00","DATE_TYPE_CODE":"001","REPORT_TYPE":"2023年年报","PER_NETCASH_OPERATE":0.483917162916,"PER_OI":0.549403316773,"BPS":37.740435890288,"BASIC_EPS":2.5555404,"DILUTED_EPS":2.5555404,"OPERATE_INCOME":1170836240,"OPERATE_INCOME_YOY":2.1343873518,"GROSS_PROFIT":1170836240,"GROSS_PROFIT_YOY":3.615059842969,"HOLDER_PROFIT":5440038660,"HOLDER_PROFIT_YOY":6.2665958577,"GROSS_PROFIT_RATIO":null,"EPS_TTM":2.552684296122,"OPERATE_INCOME_QOQ":-4.727468249324,"NET_PROFIT_RATIO":464.6284829721,"ROE_AVG":6.836779436134,"GROSS_PROFIT_QOQ":-4.727468249324,"ROA":6.311340542189,"HOLDER_PROFIT_QOQ":2.276156610275,"ROE_YEARLY":6.836779436134,"ROIC_YEARLY":6.665038249303,"TOTAL_ASSETS":86727066440,"TOTAL_LIABILITIES":6298229000,"TAX_EBT":3.982725527831,"OCF_SALES":88.080495356037,"TOTAL_PARENT_EQUITY":80428837440,"DEBT_ASSET_RATIO":7.2621261834,"OPERATE_PROFIT":1024934820,"PRETAX_PROFIT":5665687440,"NETCASH_OPERATE":1031278360,"NETCASH_INVEST":4179486640,"NETCASH_FINANCE":-5609501800,"END_CASH":2225676320,"DIVI_RATIO":1.00309278507,"DIVIDEND_RATE":5.731707317073,"CURRENT_RATIO":1.341643582641,"COMMON_ACS":null,"CURRENTDEBT_DEBT":46.748201438849,"ISSUED_COMMON_SHARES":2131105154,"HK_COMMON_SHARES":2131105154,"PER_SHARES":500,"TOTAL_MARKET_CAP":104850373576.8,"HKSK_MARKET_CAP":104850373576.8,"PE_TTM":17.330640260628,"PB_TTM":1.211260857142,"REPORT_DATE_SQ":"2022-12-31 00:00:00","REPORT_TYPE_SQ":"2022年年报","OPERATE_INCOME_SQ":1129986550,"DPS_HKD":2.82,"OPERATE_INCOME_QOQ_SQ":8.347095336089,"NET_PROFIT_RATIO_SQ":446.5612648221,"HOLDER_PROFIT_SQ":5046082230,"HOLDER_PROFIT_QOQ_SQ":-6.339407274756,"ROE_AVG_SQ":6.507164908077,"PE_TTM_SQ":16.827447006484,"PB_TTM_SQ":1.093394306187,"ROA_SQ":5.983127770334,"START_DATE":"2023-01-01 00:00:00","FISCAL_YEAR":"12-31","CURRENCY":"HKD","IS_CNY_CODE":0,"DPS_HKD_LY":2.82,"ORG_TYPE":"一般企业","PREMIUM_INCOME":null,"PREMIUM_INCOME_YOY":null,"NET_INTEREST_INCOME":null,"NET_INTEREST_INCOME_YOY":null,"FEE_COMMISSION_INCOME":null,"FEE_COMMISSION_INCOME_YOY":null,"ACCOUNTS_RECE_TDAYS":null,"INVENTORY_TDAYS":null,"CURRENT_ASSETS_TDAYS":0.229913693389,"TOTAL_ASSETS_TDAYS":0.013583628153,"PREMIUM_EXPENSE":null,"LOAN_DEPOSIT":null,"LOAN_EQUITY":null,"LOAN_ASSETS":null,"DEPOSIT_EQUITY":null,"DEPOSIT_ASSETS":null,"EQUITY_MULTIPLIER":1.078308094466,"EQUITY_RATIO":0.078308094465},{"SECUCODE":"00006.HK","SECURITY_CODE":"00006","SECURITY_NAME_ABBR":"电能实业","ORG_CODE":"10007302","STD_REPORT_DATE":"2023-06-30 00:00:00","REPORT_DATE":"2023-06-30 00:00:00","DATE_TYPE_CODE":"002","REPORT_TYPE":"2023年中报","PER_NETCASH_OPERATE":0.265202183449,"PER_OI":0.286401052925,"BPS":38.198199646417,"BASIC_EPS":1.2815522,"DILUTED_EPS":1.2815522,"OPERATE_INCOME":610350760,"OPERATE_INCOME_YOY":10.7023411371,"GROSS_PROFIT":610350760,"GROSS_PROFIT_YOY":19.348150097178,"HOLDER_PROFIT":2728138820,"HOLDER_PROFIT_YOY":3.0651340996,"GROSS_PROFIT_RATIO":null,"EPS_TTM":2.49587428852,"OPERATE_INCOME_QOQ":8.756488296254,"NET_PROFIT_RATIO":446.9788519637,"ROE_AVG":3.378818155866,"GROSS_PROFIT_QOQ":8.756488296254,"ROA":3.114654877503,"HOLDER_PROFIT_QOQ":5.407924753537,"ROE_YEARLY":6.757636311733,"ROIC_YEARLY":6.568111695634,"TOTAL_ASSETS":88028806440,"TOTAL_LIABILITIES":6624426300,"TAX_EBT":3.332244364587,"OCF_SALES":92.598187311178,"TOTAL_PARENT_EQUITY":81404380140,"DEBT_ASSET_RATIO":7.525293785,"OPERATE_PROFIT":691485000,"PRETAX_PROFIT":2822180780,"NETCASH_OPERATE":565173740,"NETCASH_INVEST":2267148820,"NETCASH_FINANCE":-4008769040,"END_CASH":1484387800,"DIVI_RATIO":1.025924747804,"DIVIDEND_RATE":5.731707317073,"CURRENT_RATIO":1.156549520767,"COMMON_ACS":null,"CURRENTDEBT_DEBT":47.919276270007,"ISSUED_COMMON_SHARES":2131105154,"HK_COMMON_SHARES":2131105154,"PER_SHARES":500,"TOTAL_MARKET_CAP":104850373576.8,"HKSK_MARKET_CAP":104850373576.8,"PE_TTM":17.330640260628,"PB_TTM":1.211260857142,"REPORT_DATE_SQ":"2022-06-30 00:00:00","REPORT_TYPE_SQ":"2022年中报","OPERATE_INCOME_SQ":511403620,"DPS_HKD":2.82,"OPERATE_INCOME_QOQ_SQ":-0.031208016122,"NET_PROFIT_RATIO_SQ":480.1003344482,"HOLDER_PROFIT_SQ":2455250490,"HOLDER_PROFIT_QOQ_SQ":7.321854263213,"ROE_AVG_SQ":3.308995141966,"PE_TTM_SQ":16.827447006484,"PB_TTM_SQ":1.093394306187,"ROA_SQ":3.036777694334,"START_DATE":"2023-01-01 00:00:00","FISCAL_YEAR":"12-31","CURRENCY":"HKD","IS_CNY_CODE":0,"DPS_HKD_LY":2.82,"ORG_TYPE":"一般企业","PREMIUM_INCOME":null,"PREMIUM_INCOME_YOY":null,"NET_INTEREST_INCOME":null,"NET_INTEREST_INCOME_YOY":null,"FEE_COMMISSION_INCOME":null,"FEE_COMMISSION_INCOME_YOY":null,"ACCOUNTS_RECE_TDAYS":null,"INVENTORY_TDAYS":null,"CURRENT_ASSETS_TDAYS":0.121892837415,"TOTAL_ASSETS_TDAYS":0.006968237678,"PREMIUM_EXPENSE":null,"LOAN_DEPOSIT":null,"LOAN_EQUITY":null,"LOAN_ASSETS":null,"DEPOSIT_EQUITY":null,"DEPOSIT_ASSETS":null,"EQUITY_MULTIPLIER":1.081376779587,"EQUITY_RATIO":0.081376779586},{"SECUCODE":"00006.HK","SECURITY_CODE":"00006","SECURITY_NAME_ABBR":"电能实业","ORG_CODE":"10007302","STD_REPORT_DATE":"2022-12-31 00:00:00","REPORT_DATE":"2022-12-31 00:00:00","DATE_TYPE_CODE":"001","REPORT_TYPE":"2022年年报","PER_NETCASH_OPERATE":0.323590057818,"PER_OI":0.530235004068,"BPS":36.406815611315,"BASIC_EPS":2.3671655,"DILUTED_EPS":2.3671655,"OPERATE_INCOME":1129986550,"OPERATE_INCOME_YOY":-0.8620689655,"GROSS_PROFIT":1129986550,"GROSS_PROFIT_YOY":8.313282357109,"HOLDER_PROFIT":5046082230,"HOLDER_PROFIT_YOY":-7.996742671,"GROSS_PROFIT_RATIO":null,"EPS_TTM":2.367824140695,"OPERATE_INCOME_QOQ":8.347095336089,"NET_PROFIT_RATIO":446.5612648221,"ROE_AVG":6.507164908077,"GROSS_PROFIT_QOQ":8.347095336089,"ROA":5.983127770334,"HOLDER_PROFIT_QOQ":-6.339407274756,"ROE_YEARLY":6.507164908077,"ROIC_YEARLY":6.33555210372,"TOTAL_ASSETS":84438133290,"TOTAL_LIABILITIES":6851380900,"TAX_EBT":3.237410071942,"OCF_SALES":61.02766798419,"TOTAL_PARENT_EQUITY":77586752390,"DEBT_ASSET_RATIO":8.1140838067,"OPERATE_PROFIT":1039766280,"PRETAX_PROFIT":5214910260,"NETCASH_OPERATE":689604440,"NETCASH_INVEST":3580226160,"NETCASH_FINANCE":-5486464340,"END_CASH":2575297410,"DIVI_RATIO":1.081405986193,"DIVIDEND_RATE":5.731707317073,"CURRENT_RATIO":1.703813769193,"COMMON_ACS":null,"CURRENTDEBT_DEBT":52.64667535854,"ISSUED_COMMON_SHARES":2131105154,"HK_COMMON_SHARES":2131105154,"PER_SHARES":500,"TOTAL_MARKET_CAP":104850373576.8,"HKSK_MARKET_CAP":104850373576.8,"PE_TTM":17.330640260628,"PB_TTM":1.211260857142,"REPORT_DATE_SQ":"2021-12-31 00:00:00","REPORT_TYPE_SQ":"2021年年报","OPERATE_INCOME_SQ":1043257600,"DPS_HKD":2.82,"OPERATE_INCOME_QOQ_SQ":1.126662526699,"NET_PROFIT_RATIO_SQ":481.1912225705,"HOLDER_PROFIT_SQ":5020064000,"HOLDER_PROFIT_QOQ_SQ":-3.132895388458,"ROE_AVG_SQ":7.158972326025,"PE_TTM_SQ":16.827447006484,"PB_TTM_SQ":1.093394306187,"ROA_SQ":6.536921897624,"START_DATE":"2022-01-01 00:00:00","FISCAL_YEAR":"12-31","CURRENCY":"HKD","IS_CNY_CODE":0,"DPS_HKD_LY":2.82,"ORG_TYPE":"一般企业","PREMIUM_INCOME":null,"PREMIUM_INCOME_YOY":null,"NET_INTEREST_INCOME":null,"NET_INTEREST_INCOME_YOY":null,"FEE_COMMISSION_INCOME":null,"FEE_COMMISSION_INCOME_YOY":null,"ACCOUNTS_RECE_TDAYS":null,"INVENTORY_TDAYS":null,"CURRENT_ASSETS_TDAYS":0.213628303639,"TOTAL_ASSETS_TDAYS":0.013398223809,"PREMIUM_EXPENSE":null,"LOAN_DEPOSIT":null,"LOAN_EQUITY":null,"LOAN_ASSETS":null,"DEPOSIT_EQUITY":null,"DEPOSIT_ASSETS":null,"EQUITY_MULTIPLIER":1.088306066292,"EQUITY_RATIO":0.088306066293},{"SECUCODE":"00006.HK","SECURITY_CODE":"00006","SECURITY_NAME_ABBR":"电能实业","ORG_CODE":"10007302","STD_REPORT_DATE":"2022-06-30 00:00:00","REPORT_DATE":"2022-06-30 00:00:00","DATE_TYPE_CODE":"002","REPORT_TYPE":"2022年中报","PER_NETCASH_OPERATE":0.121010176759,"PER_OI":0.23961617782,"BPS":34.815872065598,"BASIC_EPS":1.1545065,"DILUTED_EPS":1.1545065,"OPERATE_INCOME":511403620,"OPERATE_INCOME_YOY":-2.7642276423,"GROSS_PROFIT":511403620,"GROSS_PROFIT_YOY":-0.063623494614,"HOLDER_PROFIT":2455250490,"HOLDER_PROFIT_YOY":14.4280589876,"GROSS_PROFIT_RATIO":null,"EPS_TTM":2.524351107514,"OPERATE_INCOME_QOQ":-0.031208016122,"NET_PROFIT_RATIO":480.1003344482,"ROE_AVG":3.308995141966,"GROSS_PROFIT_QOQ":-0.031208016122,"ROA":3.036777694334,"HOLDER_PROFIT_QOQ":7.321854263213,"ROE_YEARLY":6.617990283933,"ROIC_YEARLY":6.366630076839,"TOTAL_ASSETS":81053197820,"TOTAL_LIABILITIES":6856913420,"TAX_EBT":3.300774671607,"OCF_SALES":50.501672240803,"TOTAL_PARENT_EQUITY":74196284400,"DEBT_ASSET_RATIO":8.4597691447,"OPERATE_PROFIT":488313490,"PRETAX_PROFIT":2539059110,"NETCASH_OPERATE":258267380,"NETCASH_INVEST":2583528990,"NETCASH_FINANCE":-3723497260,"END_CASH":2737463190,"DIVI_RATIO":1.014351447538,"DIVIDEND_RATE":5.731707317073,"CURRENT_RATIO":1.169978957213,"COMMON_ACS":null,"CURRENTDEBT_DEBT":53.342479421302,"ISSUED_COMMON_SHARES":2131105154,"HK_COMMON_SHARES":2131105154,"PER_SHARES":500,"TOTAL_MARKET_CAP":104850373576.8,"HKSK_MARKET_CAP":104850373576.8,"PE_TTM":17.330640260628,"PB_TTM":1.211260857142,"REPORT_DATE_SQ":"2021-06-30 00:00:00","REPORT_TYPE_SQ":"2021年中报","OPERATE_INCOME_SQ":511729200,"DPS_HKD":2.82,"OPERATE_INCOME_QOQ_SQ":-3.484782428906,"NET_PROFIT_RATIO_SQ":407.9674796748,"HOLDER_PROFIT_SQ":2087688720,"HOLDER_PROFIT_QOQ_SQ":0.416347693549,"ROE_AVG_SQ":2.933593681491,"PE_TTM_SQ":16.827447006484,"PB_TTM_SQ":1.093394306187,"ROA_SQ":2.667432131447,"START_DATE":"2022-01-01 00:00:00","FISCAL_YEAR":"12-31","CURRENCY":"HKD","IS_CNY_CODE":0,"DPS_HKD_LY":2.82,"ORG_TYPE":"一般企业","PREMIUM_INCOME":null,"PREMIUM_INCOME_YOY":null,"NET_INTEREST_INCOME":null,"NET_INTEREST_INCOME_YOY":null,"FEE_COMMISSION_INCOME":null,"FEE_COMMISSION_INCOME_YOY":null,"ACCOUNTS_RECE_TDAYS":null,"INVENTORY_TDAYS":null,"CURRENT_ASSETS_TDAYS":0.119995986756,"TOTAL_ASSETS_TDAYS":0.006325298019,"PREMIUM_EXPENSE":null,"LOAN_DEPOSIT":null,"LOAN_EQUITY":null,"LOAN_ASSETS":null,"DEPOSIT_EQUITY":null,"DEPOSIT_ASSETS":null,"EQUITY_MULTIPLIER":1.092415859843,"EQUITY_RATIO":0.092415859843},{"SECUCODE":"00006.HK","SECURITY_CODE":"00006","SECURITY_NAME_ABBR":"电能实业","ORG_CODE":"10007302","STD_REPORT_DATE":"2021-12-31 00:00:00","REPORT_DATE":"2021-12-31 00:00:00","DATE_TYPE_CODE":"001","REPORT_TYPE":"2021年年报","PER_NETCASH_OPERATE":0.35971521981,"PER_OI":0.488814292308,"BPS":33.288220934029,"BASIC_EPS":2.354688,"DILUTED_EPS":2.354688,"OPERATE_INCOME":1043257600,"OPERATE_INCOME_YOY":0.4724409449,"GROSS_PROFIT":1043257600,"GROSS_PROFIT_YOY":-2.39738163997,"HOLDER_PROFIT":5020064000,"HOLDER_PROFIT_YOY":0.1304631442,"GROSS_PROFIT_RATIO":null,"EPS_TTM":2.352131469256,"OPERATE_INCOME_QOQ":1.126662526699,"NET_PROFIT_RATIO":481.1912225705,"ROE_AVG":7.158972326025,"GROSS_PROFIT_QOQ":1.126662526699,"ROA":6.536921897624,"HOLDER_PROFIT_QOQ":-3.132895388458,"ROE_YEARLY":7.158972326025,"ROIC_YEARLY":6.90589869474,"TOTAL_ASSETS":77102950400,"TOTAL_LIABILITIES":6162251200,"TAX_EBT":2.104591836735,"OCF_SALES":73.58934169279,"TOTAL_PARENT_EQUITY":70940699200,"DEBT_ASSET_RATIO":7.992237869,"OPERATE_PROFIT":1227217600,"PRETAX_PROFIT":5127987200,"NETCASH_OPERATE":767726400,"NETCASH_INVEST":4849185600,"NETCASH_FINANCE":-4918681600,"END_CASH":3467441600,"DIVI_RATIO":1.088620782243,"DIVIDEND_RATE":5.731707317073,"CURRENT_RATIO":1.396454698931,"COMMON_ACS":null,"CURRENTDEBT_DEBT":47.154040068993,"ISSUED_COMMON_SHARES":2131105154,"HK_COMMON_SHARES":2131105154,"PER_SHARES":500,"TOTAL_MARKET_CAP":104850373576.8,"HKSK_MARKET_CAP":104850373576.8,"PE_TTM":17.330640260628,"PB_TTM":1.211260857142,"REPORT_DATE_SQ":"2020-12-31 00:00:00","REPORT_TYPE_SQ":"2020年年报","OPERATE_INCOME_SQ":1068882800,"DPS_HKD":2.82,"OPERATE_INCOME_QOQ_SQ":-8.760637444004,"NET_PROFIT_RATIO_SQ":482.8346456693,"HOLDER_PROFIT_SQ":5160936480,"HOLDER_PROFIT_QOQ_SQ":0.814950347684,"ROE_AVG_SQ":7.203185753386,"PE_TTM_SQ":16.827447006484,"PB_TTM_SQ":1.093394306187,"ROA_SQ":6.553977864827,"START_DATE":"2021-01-01 00:00:00","FISCAL_YEAR":"12-31","CURRENCY":"HKD","IS_CNY_CODE":0,"DPS_HKD_LY":2.82,"ORG_TYPE":"一般企业","PREMIUM_INCOME":null,"PREMIUM_INCOME_YOY":null,"NET_INTEREST_INCOME":null,"NET_INTEREST_INCOME_YOY":null,"FEE_COMMISSION_INCOME":null,"FEE_COMMISSION_INCOME_YOY":null,"ACCOUNTS_RECE_TDAYS":null,"INVENTORY_TDAYS":null,"CURRENT_ASSETS_TDAYS":0.231473922902,"TOTAL_ASSETS_TDAYS":0.01358487352,"PREMIUM_EXPENSE":null,"LOAN_DEPOSIT":null,"LOAN_EQUITY":null,"LOAN_ASSETS":null,"DEPOSIT_EQUITY":null,"DEPOSIT_ASSETS":null,"EQUITY_MULTIPLIER":1.086864821879,"EQUITY_RATIO":0.086864821879},{"SECUCODE":"00006.HK","SECURITY_CODE":"00006","SECURITY_NAME_ABBR":"电能实业","ORG_CODE":"10007302","STD_REPORT_DATE":"2021-06-30 00:00:00","REPORT_DATE":"2021-06-30 00:00:00","DATE_TYPE_CODE":"002","REPORT_TYPE":"2021年中报","PER_NETCASH_OPERATE":0.086160794603,"PER_OI":0.239768727063,"BPS":33.69035395801,"BASIC_EPS":0.9818544,"DILUTED_EPS":0.9818544,"OPERATE_INCOME":511729200,"OPERATE_INCOME_YOY":2.3294509151,"GROSS_PROFIT":511729200,"GROSS_PROFIT_YOY":-6.785021985603,"HOLDER_PROFIT":2087688720,"HOLDER_PROFIT_YOY":10.9195402299,"GROSS_PROFIT_RATIO":null,"EPS_TTM":2.428204578519,"OPERATE_INCOME_QOQ":-3.484782428906,"NET_PROFIT_RATIO":407.9674796748,"ROE_AVG":2.933593681491,"GROSS_PROFIT_QOQ":-3.484782428906,"ROA":2.667432131447,"HOLDER_PROFIT_QOQ":0.416347693549,"ROE_YEARLY":5.867187362981,"ROIC_YEARLY":5.595263316348,"TOTAL_ASSETS":78688973520,"TOTAL_LIABILITIES":6891286560,"TAX_EBT":2.71423032183,"OCF_SALES":35.934959349594,"TOTAL_PARENT_EQUITY":71797686960,"DEBT_ASSET_RATIO":8.7576267064,"OPERATE_PROFIT":473453520,"PRETAX_PROFIT":2145934320,"NETCASH_OPERATE":183889680,"NETCASH_INVEST":2960540640,"NETCASH_FINANCE":-3618715920,"END_CASH":2358946800,"DIVI_RATIO":1.054515431958,"DIVIDEND_RATE":5.731707317073,"CURRENT_RATIO":1.038821954485,"COMMON_ACS":null,"CURRENTDEBT_DEBT":45.097802463173,"ISSUED_COMMON_SHARES":2131105154,"HK_COMMON_SHARES":2131105154,"PER_SHARES":500,"TOTAL_MARKET_CAP":104850373576.8,"HKSK_MARKET_CAP":104850373576.8,"PE_TTM":17.330640260628,"PB_TTM":1.211260857142,"REPORT_DATE_SQ":"2020-06-30 00:00:00","REPORT_TYPE_SQ":"2020年中报","OPERATE_INCOME_SQ":548977440,"DPS_HKD":2.82,"OPERATE_INCOME_QOQ_SQ":-2.981045049147,"NET_PROFIT_RATIO_SQ":376.3727121464,"HOLDER_PROFIT_SQ":2066201280,"HOLDER_PROFIT_QOQ_SQ":-19.859550300327,"ROE_AVG_SQ":2.688344564481,"PE_TTM_SQ":16.827447006484,"PB_TTM_SQ":1.093394306187,"ROA_SQ":2.443490237382,"START_DATE":"2021-01-01 00:00:00","FISCAL_YEAR":"12-31","CURRENCY":"HKD","IS_CNY_CODE":0,"DPS_HKD_LY":2.82,"ORG_TYPE":"一般企业","PREMIUM_INCOME":null,"PREMIUM_INCOME_YOY":null,"NET_INTEREST_INCOME":null,"NET_INTEREST_INCOME_YOY":null,"FEE_COMMISSION_INCOME":null,"FEE_COMMISSION_INCOME_YOY":null,"ACCOUNTS_RECE_TDAYS":1.036225779275,"INVENTORY_TDAYS":null,"CURRENT_ASSETS_TDAYS":0.123717561859,"TOTAL_ASSETS_TDAYS":0.006538345001,"PREMIUM_EXPENSE":null,"LOAN_DEPOSIT":null,"LOAN_EQUITY":null,"LOAN_ASSETS":null,"DEPOSIT_EQUITY":null,"DEPOSIT_ASSETS":null,"EQUITY_MULTIPLIER":1.095982013513,"EQUITY_RATIO":0.095982013513},{"SECUCODE":"00006.HK","SECURITY_CODE":"00006","SECURITY_NAME_ABBR":"电能实业","ORG_CODE":"10007302","STD_REPORT_DATE":"2020-12-31 00:00:00","REPORT_DATE":"2020-12-31 00:00:00","DATE_TYPE_CODE":"001","REPORT_TYPE":"2020年年报","PER_NETCASH_OPERATE":0.379361958025,"PER_OI":0.500820880138,"BPS":33.476741448489,"BASIC_EPS":2.4155068,"DILUTED_EPS":2.4155068,"OPERATE_INCOME":1068882800,"OPERATE_INCOME_YOY":-5.7863501484,"GROSS_PROFIT":1068882800,"GROSS_PROFIT_YOY":-11.480523944353,"HOLDER_PROFIT":5160936480,"HOLDER_PROFIT_YOY":-14.0092553639,"GROSS_PROFIT_RATIO":null,"EPS_TTM":2.41813672205,"OPERATE_INCOME_QOQ":-8.760637444004,"NET_PROFIT_RATIO":482.8346456693,"ROE_AVG":7.203185753386,"GROSS_PROFIT_QOQ":-8.760637444004,"ROA":6.553977864827,"HOLDER_PROFIT_QOQ":0.814950347684,"ROE_YEARLY":7.203185753386,"ROIC_YEARLY":6.935866983373,"TOTAL_ASSETS":78737105280,"TOTAL_LIABILITIES":7394649040,"TAX_EBT":1.096774193548,"OCF_SALES":75.748031496063,"TOTAL_PARENT_EQUITY":71342456240,"DEBT_ASSET_RATIO":9.3915683256,"OPERATE_PROFIT":988927000,"PRETAX_PROFIT":5218168000,"NETCASH_OPERATE":809657680,"NETCASH_INVEST":4320979760,"NETCASH_FINANCE":-5032165560,"END_CASH":2851476320,"DIVI_RATIO":1.058905882637,"DIVIDEND_RATE":5.731707317073,"CURRENT_RATIO":0.818525519849,"COMMON_ACS":null,"CURRENTDEBT_DEBT":84.293193717278,"ISSUED_COMMON_SHARES":2131105154,"HK_COMMON_SHARES":2131105154,"PER_SHARES":500,"TOTAL_MARKET_CAP":104850373576.8,"HKSK_MARKET_CAP":104850373576.8,"PE_TTM":17.330640260628,"PB_TTM":1.211260857142,"REPORT_DATE_SQ":"2019-12-31 00:00:00","REPORT_TYPE_SQ":"2019年年报","OPERATE_INCOME_SQ":1207511440,"DPS_HKD":2.82,"OPERATE_INCOME_QOQ_SQ":-7.051657235931,"NET_PROFIT_RATIO_SQ":529.0059347181,"HOLDER_PROFIT_SQ":6387807180,"HOLDER_PROFIT_QOQ_SQ":-2.504243414167,"ROE_AVG_SQ":8.436607137576,"PE_TTM_SQ":16.827447006484,"PB_TTM_SQ":1.093394306187,"ROA_SQ":7.708855833261,"START_DATE":"2020-01-01 00:00:00","FISCAL_YEAR":"12-31","CURRENCY":"HKD","IS_CNY_CODE":0,"DPS_HKD_LY":2.8,"ORG_TYPE":"一般企业","PREMIUM_INCOME":null,"PREMIUM_INCOME_YOY":null,"NET_INTEREST_INCOME":null,"NET_INTEREST_INCOME_YOY":null,"FEE_COMMISSION_INCOME":null,"FEE_COMMISSION_INCOME_YOY":null,"ACCOUNTS_RECE_TDAYS":3.28165374677,"INVENTORY_TDAYS":null,"CURRENT_ASSETS_TDAYS":0.229303963167,"TOTAL_ASSETS_TDAYS":0.013573959374,"PREMIUM_EXPENSE":null,"LOAN_DEPOSIT":null,"LOAN_EQUITY":null,"LOAN_ASSETS":null,"DEPOSIT_EQUITY":null,"DEPOSIT_ASSETS":null,"EQUITY_MULTIPLIER":1.103650048368,"EQUITY_RATIO":0.103650048368},{"SECUCODE":"00006.HK","SECURITY_CODE":"00006","SECURITY_NAME_ABBR":"电能实业","ORG_CODE":"10007302","STD_REPORT_DATE":"2020-06-30 00:00:00","REPORT_DATE":"2020-06-30 00:00:00","DATE_TYPE_CODE":"002","REPORT_TYPE":"2020年中报","PER_NETCASH_OPERATE":0.540121815823,"PER_OI":0.257221245095,"BPS":35.485671581272,"BASIC_EPS":0.9682464,"DILUTED_EPS":0.9682464,"OPERATE_INCOME":548977440,"OPERATE_INCOME_YOY":-9.6240601504,"GROSS_PROFIT":548977440,"GROSS_PROFIT_YOY":-6.153515567105,"HOLDER_PROFIT":2066201280,"HOLDER_PROFIT_YOY":-40.3323661303,"GROSS_PROFIT_RATIO":null,"EPS_TTM":2.398589409319,"OPERATE_INCOME_QOQ":-2.981045049147,"NET_PROFIT_RATIO":376.3727121464,"ROE_AVG":2.688344564481,"GROSS_PROFIT_QOQ":-2.981045049147,"ROA":2.443490237382,"HOLDER_PROFIT_QOQ":-19.859550300327,"ROE_YEARLY":5.376689128962,"ROIC_YEARLY":5.114522802813,"TOTAL_ASSETS":83647354560,"TOTAL_LIABILITIES":8023656960,"TAX_EBT":2.542007755278,"OCF_SALES":209.983361064892,"TOTAL_PARENT_EQUITY":75623697600,"DEBT_ASSET_RATIO":9.5922423395,"OPERATE_PROFIT":640321440,"PRETAX_PROFIT":2120094240,"NETCASH_OPERATE":314223360,"NETCASH_INVEST":2776857600,"NETCASH_FINANCE":-3959762400,"END_CASH":2102738880,"DIVI_RATIO":1.06753543981,"DIVIDEND_RATE":5.731707317073,"CURRENT_RATIO":0.468087683178,"COMMON_ACS":null,"CURRENTDEBT_DEBT":94.000455373406,"ISSUED_COMMON_SHARES":2131105154,"HK_COMMON_SHARES":2131105154,"PER_SHARES":500,"TOTAL_MARKET_CAP":104850373576.8,"HKSK_MARKET_CAP":104850373576.8,"PE_TTM":17.330640260628,"PB_TTM":1.211260857142,"REPORT_DATE_SQ":"2019-06-30 00:00:00","REPORT_TYPE_SQ":"2019年中报","OPERATE_INCOME_SQ":584973900,"DPS_HKD":2.82,"OPERATE_INCOME_QOQ_SQ":-4.651039896777,"NET_PROFIT_RATIO_SQ":570.0751879699,"HOLDER_PROFIT_SQ":3334791060,"HOLDER_PROFIT_QOQ_SQ":-2.074247886219,"ROE_AVG_SQ":4.560985586756,"PE_TTM_SQ":16.827447006484,"PB_TTM_SQ":1.093394306187,"ROA_SQ":4.158211672827,"START_DATE":"2020-01-01 00:00:00","FISCAL_YEAR":"12-31","CURRENCY":"HKD","IS_CNY_CODE":0,"DPS_HKD_LY":2.8,"ORG_TYPE":"一般企业","PREMIUM_INCOME":null,"PREMIUM_INCOME_YOY":null,"NET_INTEREST_INCOME":null,"NET_INTEREST_INCOME_YOY":null,"FEE_COMMISSION_INCOME":null,"FEE_COMMISSION_INCOME_YOY":null,"ACCOUNTS_RECE_TDAYS":1.869362363919,"INVENTORY_TDAYS":null,"CURRENT_ASSETS_TDAYS":0.13536036036,"TOTAL_ASSETS_TDAYS":0.006492208809,"PREMIUM_EXPENSE":null,"LOAN_DEPOSIT":null,"LOAN_EQUITY":null,"LOAN_ASSETS":null,"DEPOSIT_EQUITY":null,"DEPOSIT_ASSETS":null,"EQUITY_MULTIPLIER":1.106099770503,"EQUITY_RATIO":0.106099770504}],"count":48},"success":true,"message":"ok","code":0}