{"version":"d07ba85eb626820577042c0c088f99a2","result":{"pages":5,"data":[{"SECUCODE":"00009.HK","SECURITY_CODE":"00009","SECURITY_NAME_ABBR":"金奥国际","ORG_CODE":"10007305","STD_REPORT_DATE":"2023-06-30 00:00:00","REPORT_DATE":"2023-06-30 00:00:00","DATE_TYPE_CODE":"002","REPORT_TYPE":"2023年中报","PER_NETCASH_OPERATE":-0.036625085142,"PER_OI":0.003479135077,"BPS":-0.254738203988,"BASIC_EPS":-0.026921816,"DILUTED_EPS":-0.026921816,"OPERATE_INCOME":12416304.66,"OPERATE_INCOME_YOY":35.0345934022,"GROSS_PROFIT":7996332.54,"GROSS_PROFIT_YOY":7.909496387716,"HOLDER_PROFIT":-96130244.7,"HOLDER_PROFIT_YOY":9.861504945,"GROSS_PROFIT_RATIO":64.401871240811,"EPS_TTM":-0.125857887658,"OPERATE_INCOME_QOQ":25.32283142332,"NET_PROFIT_RATIO":-774.2258854979,"ROE_AVG":11.121054326934,"GROSS_PROFIT_QOQ":4.436383591211,"ROA":-3.23502997751,"HOLDER_PROFIT_QOQ":0.617608632555,"ROE_YEARLY":22.242108653869,"ROIC_YEARLY":-6.472534098131,"TOTAL_ASSETS":2865287032.92,"TOTAL_LIABILITIES":3774394348.16,"TAX_EBT":-0.699239914623,"OCF_SALES":-1052.70661617287,"TOTAL_PARENT_EQUITY":-909107315.24,"DEBT_ASSET_RATIO":131.7283156904,"OPERATE_PROFIT":-1244673,"PRETAX_PROFIT":-95462731.18,"NETCASH_OPERATE":-130707260.64,"NETCASH_INVEST":81771328.18,"NETCASH_FINANCE":-2615657.26,"END_CASH":1240063.1,"DIVI_RATIO":null,"DIVIDEND_RATE":null,"CURRENT_RATIO":0.638861540554,"COMMON_ACS":100000000000,"CURRENTDEBT_DEBT":95.893758158695,"ISSUED_COMMON_SHARES":3568790629,"HK_COMMON_SHARES":3568790629,"PER_SHARES":6000,"TOTAL_MARKET_CAP":46394278.177,"HKSK_MARKET_CAP":46394278.177,"PE_TTM":-0.093812045773,"PB_TTM":-0.047051207131,"REPORT_DATE_SQ":"2022-06-30 00:00:00","REPORT_TYPE_SQ":"2022年中报","OPERATE_INCOME_SQ":8528809.87,"DPS_HKD":null,"OPERATE_INCOME_QOQ_SQ":2.437728287812,"NET_PROFIT_RATIO_SQ":-1159.8515993182,"HOLDER_PROFIT_SQ":-98921537.68,"HOLDER_PROFIT_QOQ_SQ":6.529100656697,"ROE_AVG_SQ":26.758396698459,"PE_TTM_SQ":-0.079379423347,"PB_TTM_SQ":-0.03981255988,"ROA_SQ":-3.261803035001,"START_DATE":"2023-01-01 00:00:00","FISCAL_YEAR":"12-31","CURRENCY":"HKD","IS_CNY_CODE":0,"DPS_HKD_LY":null,"ORG_TYPE":"一般企业","PREMIUM_INCOME":null,"PREMIUM_INCOME_YOY":null,"NET_INTEREST_INCOME":null,"NET_INTEREST_INCOME_YOY":null,"FEE_COMMISSION_INCOME":null,"FEE_COMMISSION_INCOME_YOY":null,"ACCOUNTS_RECE_TDAYS":1.664030643766,"INVENTORY_TDAYS":0.002225470731,"CURRENT_ASSETS_TDAYS":0.005153646951,"TOTAL_ASSETS_TDAYS":0.004178405861,"PREMIUM_EXPENSE":null,"LOAN_DEPOSIT":null,"LOAN_EQUITY":null,"LOAN_ASSETS":null,"DEPOSIT_EQUITY":null,"DEPOSIT_ASSETS":null,"EQUITY_MULTIPLIER":-3.15175885716,"EQUITY_RATIO":-4.151758857164},{"SECUCODE":"00009.HK","SECURITY_CODE":"00009","SECURITY_NAME_ABBR":"金奥国际","ORG_CODE":"10007305","STD_REPORT_DATE":"2022-12-31 00:00:00","REPORT_DATE":"2022-12-31 00:00:00","DATE_TYPE_CODE":"001","REPORT_TYPE":"2022年年报","PER_NETCASH_OPERATE":-0.030950154695,"PER_OI":0.004301664013,"BPS":-0.222530641088,"BASIC_EPS":-0.126665686,"DILUTED_EPS":-0.126665686,"OPERATE_INCOME":15351738.22,"OPERATE_INCOME_YOY":-6.2257870901,"GROSS_PROFIT":13211463.3,"GROSS_PROFIT_YOY":2.400727251419,"HOLDER_PROFIT":-451951743.04,"HOLDER_PROFIT_YOY":5.8452216569,"GROSS_PROFIT_RATIO":86.058419643896,"EPS_TTM":-0.1266400274,"OPERATE_INCOME_QOQ":0.015049615995,"NET_PROFIT_RATIO":-2943.9776562318,"ROE_AVG":80.154176769401,"GROSS_PROFIT_QOQ":0.752472097823,"ROA":-14.289791418449,"HOLDER_PROFIT_QOQ":-10.054501219756,"ROE_YEARLY":80.154176769401,"ROIC_YEARLY":-14.317199346723,"TOTAL_ASSETS":2981954111.15,"TOTAL_LIABILITIES":3776119377.73,"TAX_EBT":0.325057820891,"OCF_SALES":-719.492610264169,"TOTAL_PARENT_EQUITY":-794165266.58,"DEBT_ASSET_RATIO":126.6323771922,"OPERATE_PROFIT":-232932658.28,"PRETAX_PROFIT":-453425638.54,"NETCASH_OPERATE":-110454622.04,"NETCASH_INVEST":-79861017.81,"NETCASH_FINANCE":110392986.41,"END_CASH":999569.13,"DIVI_RATIO":null,"DIVIDEND_RATE":null,"CURRENT_RATIO":0.671743529268,"COMMON_ACS":100000000000,"CURRENTDEBT_DEBT":95.723723351483,"ISSUED_COMMON_SHARES":3568790629,"HK_COMMON_SHARES":3568790629,"PER_SHARES":6000,"TOTAL_MARKET_CAP":46394278.177,"HKSK_MARKET_CAP":46394278.177,"PE_TTM":-0.093812045773,"PB_TTM":-0.047051207131,"REPORT_DATE_SQ":"2021-12-31 00:00:00","REPORT_TYPE_SQ":"2021年年报","OPERATE_INCOME_SQ":14984155.2,"DPS_HKD":null,"OPERATE_INCOME_QOQ_SQ":-75.821999796907,"NET_PROFIT_RATIO_SQ":-2932.0783543406,"HOLDER_PROFIT_SQ":-439347171.2,"HOLDER_PROFIT_QOQ_SQ":16.251806477512,"ROE_AVG_SQ":435.350638408192,"PE_TTM_SQ":-0.072163112133,"PB_TTM_SQ":-0.036193236255,"ROA_SQ":-15.640047406607,"START_DATE":"2022-01-01 00:00:00","FISCAL_YEAR":"12-31","CURRENCY":"HKD","IS_CNY_CODE":0,"DPS_HKD_LY":null,"ORG_TYPE":"一般企业","PREMIUM_INCOME":null,"PREMIUM_INCOME_YOY":null,"NET_INTEREST_INCOME":null,"NET_INTEREST_INCOME_YOY":null,"FEE_COMMISSION_INCOME":null,"FEE_COMMISSION_INCOME_YOY":null,"ACCOUNTS_RECE_TDAYS":2.220843832784,"INVENTORY_TDAYS":0.001029208959,"CURRENT_ASSETS_TDAYS":0.006095495625,"TOTAL_ASSETS_TDAYS":0.004853906207,"PREMIUM_EXPENSE":null,"LOAN_DEPOSIT":null,"LOAN_EQUITY":null,"LOAN_ASSETS":null,"DEPOSIT_EQUITY":null,"DEPOSIT_ASSETS":null,"EQUITY_MULTIPLIER":-3.754828165669,"EQUITY_RATIO":-4.754828165668},{"SECUCODE":"00009.HK","SECURITY_CODE":"00009","SECURITY_NAME_ABBR":"金奥国际","ORG_CODE":"10007305","STD_REPORT_DATE":"2022-06-30 00:00:00","REPORT_DATE":"2022-06-30 00:00:00","DATE_TYPE_CODE":"002","REPORT_TYPE":"2022年中报","PER_NETCASH_OPERATE":0.033195731503,"PER_OI":0.002389831951,"BPS":-0.117699882548,"BASIC_EPS":-0.027708156,"DILUTED_EPS":-0.027708156,"OPERATE_INCOME":8528809.87,"OPERATE_INCOME_YOY":1.6512078279,"GROSS_PROFIT":7410221.35,"GROSS_PROFIT_YOY":2.931804579719,"HOLDER_PROFIT":-98921537.68,"HOLDER_PROFIT_YOY":24.5743647259,"GROSS_PROFIT_RATIO":86.884588388649,"EPS_TTM":-0.115070284265,"OPERATE_INCOME_QOQ":2.437728287812,"NET_PROFIT_RATIO":-1159.8515993182,"ROE_AVG":26.758396698459,"GROSS_PROFIT_QOQ":1.63594512301,"ROA":-3.261803035001,"HOLDER_PROFIT_QOQ":6.529100656697,"ROE_YEARLY":53.516793396918,"ROIC_YEARLY":-6.542084353366,"TOTAL_ASSETS":2864422131.83,"TOTAL_LIABILITIES":3284468369.7,"TAX_EBT":-0.322636600173,"OCF_SALES":1389.04040910458,"TOTAL_PARENT_EQUITY":-420046237.87,"DEBT_ASSET_RATIO":114.66425752,"OPERATE_PROFIT":-11366330.29,"PRETAX_PROFIT":-98603407,"NETCASH_OPERATE":118468615.51,"NETCASH_INVEST":-38764907.51,"NETCASH_FINANCE":-129448399.92,"END_CASH":6496023.24,"DIVI_RATIO":null,"DIVIDEND_RATE":null,"CURRENT_RATIO":0.698586112806,"COMMON_ACS":100000000000,"CURRENTDEBT_DEBT":95.26137638877,"ISSUED_COMMON_SHARES":3568790629,"HK_COMMON_SHARES":3568790629,"PER_SHARES":6000,"TOTAL_MARKET_CAP":46394278.177,"HKSK_MARKET_CAP":46394278.177,"PE_TTM":-0.093812045773,"PB_TTM":-0.047051207131,"REPORT_DATE_SQ":"2021-06-30 00:00:00","REPORT_TYPE_SQ":"2021年中报","OPERATE_INCOME_SQ":8163536.88,"DPS_HKD":null,"OPERATE_INCOME_QOQ_SQ":-8.48904130635,"NET_PROFIT_RATIO_SQ":-1563.1332178167,"HOLDER_PROFIT_SQ":-127606956.72,"HOLDER_PROFIT_QOQ_SQ":-4.374454635542,"ROE_AVG_SQ":-277.731195161042,"PE_TTM_SQ":-0.072163112133,"PB_TTM_SQ":-0.036193236255,"ROA_SQ":-4.640224436315,"START_DATE":"2022-01-01 00:00:00","FISCAL_YEAR":"12-31","CURRENCY":"HKD","IS_CNY_CODE":0,"DPS_HKD_LY":null,"ORG_TYPE":"一般企业","PREMIUM_INCOME":null,"PREMIUM_INCOME_YOY":null,"NET_INTEREST_INCOME":null,"NET_INTEREST_INCOME_YOY":null,"FEE_COMMISSION_INCOME":null,"FEE_COMMISSION_INCOME_YOY":null,"ACCOUNTS_RECE_TDAYS":1.321014636731,"INVENTORY_TDAYS":0.00057095851,"CURRENT_ASSETS_TDAYS":0.003642065953,"TOTAL_ASSETS_TDAYS":0.002812258945,"PREMIUM_EXPENSE":null,"LOAN_DEPOSIT":null,"LOAN_EQUITY":null,"LOAN_ASSETS":null,"DEPOSIT_EQUITY":null,"DEPOSIT_ASSETS":null,"EQUITY_MULTIPLIER":-6.819301956721,"EQUITY_RATIO":-7.819301956744},{"SECUCODE":"00009.HK","SECURITY_CODE":"00009","SECURITY_NAME_ABBR":"金奥国际","ORG_CODE":"10007305","STD_REPORT_DATE":"2021-12-31 00:00:00","REPORT_DATE":"2021-12-31 00:00:00","DATE_TYPE_CODE":"001","REPORT_TYPE":"2021年年报","PER_NETCASH_OPERATE":0.045921162499,"PER_OI":0.00419866469,"BPS":-0.085543297026,"BASIC_EPS":-0.12313056,"DILUTED_EPS":-0.12313056,"OPERATE_INCOME":14984155.2,"OPERATE_INCOME_YOY":-77.2239206621,"GROSS_PROFIT":12901728,"GROSS_PROFIT_YOY":12.146253730784,"HOLDER_PROFIT":-439347171.2,"HOLDER_PROFIT_YOY":10.0181014721,"GROSS_PROFIT_RATIO":86.102471762973,"EPS_TTM":-0.123108138547,"OPERATE_INCOME_QOQ":-75.821999796907,"NET_PROFIT_RATIO":-2932.0783543406,"ROE_AVG":435.350638408192,"GROSS_PROFIT_QOQ":0.953476311488,"ROA":-15.640047406607,"HOLDER_PROFIT_QOQ":16.251806477512,"ROE_YEARLY":435.350638408192,"ROIC_YEARLY":-15.690565081323,"TOTAL_ASSETS":3060327491.2,"TOTAL_LIABILITIES":3365613608,"TAX_EBT":2.076332650577,"OCF_SALES":1093.70873574508,"TOTAL_PARENT_EQUITY":-305286116.8,"DEBT_ASSET_RATIO":109.975602862,"OPERATE_PROFIT":-203333032,"PRETAX_PROFIT":-448662905.6,"NETCASH_OPERATE":163883014.4,"NETCASH_INVEST":-19573344,"NETCASH_FINANCE":-164705520,"END_CASH":10168491.2,"DIVI_RATIO":null,"DIVIDEND_RATE":null,"CURRENT_RATIO":0.741867795801,"COMMON_ACS":100000000000,"CURRENTDEBT_DEBT":95.639087515836,"ISSUED_COMMON_SHARES":3568790629,"HK_COMMON_SHARES":3568790629,"PER_SHARES":6000,"TOTAL_MARKET_CAP":46394278.177,"HKSK_MARKET_CAP":46394278.177,"PE_TTM":-0.093812045773,"PB_TTM":-0.047051207131,"REPORT_DATE_SQ":"2020-12-31 00:00:00","REPORT_TYPE_SQ":"2020年年报","OPERATE_INCOME_SQ":67723404.24,"DPS_HKD":null,"OPERATE_INCOME_QOQ_SQ":146.745731820191,"NET_PROFIT_RATIO_SQ":-742.1631496533,"HOLDER_PROFIT_SQ":-502618149.96,"HOLDER_PROFIT_QOQ_SQ":-62.46890272921,"ROE_AVG_SQ":-144.91959144153,"PE_TTM_SQ":-0.1082446682,"PB_TTM_SQ":-0.054289854382,"ROA_SQ":-20.125557890437,"START_DATE":"2021-01-01 00:00:00","FISCAL_YEAR":"12-31","CURRENCY":"HKD","IS_CNY_CODE":0,"DPS_HKD_LY":null,"ORG_TYPE":"一般企业","PREMIUM_INCOME":null,"PREMIUM_INCOME_YOY":null,"NET_INTEREST_INCOME":null,"NET_INTEREST_INCOME_YOY":null,"FEE_COMMISSION_INCOME":null,"FEE_COMMISSION_INCOME_YOY":null,"ACCOUNTS_RECE_TDAYS":2.491774303195,"INVENTORY_TDAYS":0.00120787466,"CURRENT_ASSETS_TDAYS":0.007136618325,"TOTAL_ASSETS_TDAYS":0.005334116458,"PREMIUM_EXPENSE":null,"LOAN_DEPOSIT":null,"LOAN_EQUITY":null,"LOAN_ASSETS":null,"DEPOSIT_EQUITY":null,"DEPOSIT_ASSETS":null,"EQUITY_MULTIPLIER":-10.024456805606,"EQUITY_RATIO":-11.024456805564},{"SECUCODE":"00009.HK","SECURITY_CODE":"00009","SECURITY_NAME_ABBR":"金奥国际","ORG_CODE":"10007305","STD_REPORT_DATE":"2021-06-30 00:00:00","REPORT_DATE":"2021-06-30 00:00:00","DATE_TYPE_CODE":"002","REPORT_TYPE":"2021年中报","PER_NETCASH_OPERATE":0.060936823492,"PER_OI":0.002287479914,"BPS":-0.003751924041,"BASIC_EPS":-0.03577944,"DILUTED_EPS":-0.03577944,"OPERATE_INCOME":8163536.88,"OPERATE_INCOME_YOY":-35.5853194144,"GROSS_PROFIT":7199156.16,"GROSS_PROFIT_YOY":21.532263913125,"HOLDER_PROFIT":-127606956.72,"HOLDER_PROFIT_YOY":-32.630222522,"GROSS_PROFIT_RATIO":88.186729181531,"EPS_TTM":-0.146997963023,"OPERATE_INCOME_QOQ":-8.48904130635,"NET_PROFIT_RATIO":-1563.1332178167,"ROE_AVG":-277.731195161042,"GROSS_PROFIT_QOQ":11.087064882007,"ROA":-4.640224436315,"HOLDER_PROFIT_QOQ":-4.374454635542,"ROE_YEARLY":-555.462390322084,"ROIC_YEARLY":-9.307593042019,"TOTAL_ASSETS":2896826610.24,"TOTAL_LIABILITIES":2910216441.6,"TAX_EBT":-0.363210387163,"OCF_SALES":2663.92824380797,"TOTAL_PARENT_EQUITY":-13389831.36,"DEBT_ASSET_RATIO":100.4622241218,"OPERATE_PROFIT":-12285661.2,"PRETAX_PROFIT":-127145152.32,"NETCASH_OPERATE":217470764.64,"NETCASH_INVEST":-33770798.88,"NETCASH_FINANCE":-183709118.64,"END_CASH":7979647.2,"DIVI_RATIO":null,"DIVIDEND_RATE":null,"CURRENT_RATIO":0.747989489967,"COMMON_ACS":100000000000,"CURRENTDEBT_DEBT":95.356109471854,"ISSUED_COMMON_SHARES":3568790629,"HK_COMMON_SHARES":3568790629,"PER_SHARES":6000,"TOTAL_MARKET_CAP":46394278.177,"HKSK_MARKET_CAP":46394278.177,"PE_TTM":-0.093812045773,"PB_TTM":-0.047051207131,"REPORT_DATE_SQ":"2020-06-30 00:00:00","REPORT_TYPE_SQ":"2020年中报","OPERATE_INCOME_SQ":13912604.64,"DPS_HKD":null,"OPERATE_INCOME_QOQ_SQ":-23.244745429204,"NET_PROFIT_RATIO_SQ":-759.1688004727,"HOLDER_PROFIT_SQ":-105620153.76,"HOLDER_PROFIT_QOQ_SQ":-19.520901262624,"ROE_AVG_SQ":-18.260261912188,"PE_TTM_SQ":-0.072163112133,"PB_TTM_SQ":-0.036193236255,"ROA_SQ":-4.091838740596,"START_DATE":"2021-01-01 00:00:00","FISCAL_YEAR":"12-31","CURRENCY":"HKD","IS_CNY_CODE":0,"DPS_HKD_LY":null,"ORG_TYPE":"一般企业","PREMIUM_INCOME":null,"PREMIUM_INCOME_YOY":null,"NET_INTEREST_INCOME":null,"NET_INTEREST_INCOME_YOY":null,"FEE_COMMISSION_INCOME":null,"FEE_COMMISSION_INCOME_YOY":null,"ACCOUNTS_RECE_TDAYS":null,"INVENTORY_TDAYS":0.000611999144,"CURRENT_ASSETS_TDAYS":0.004166050952,"TOTAL_ASSETS_TDAYS":0.00296854061,"PREMIUM_EXPENSE":null,"LOAN_DEPOSIT":null,"LOAN_EQUITY":null,"LOAN_ASSETS":null,"DEPOSIT_EQUITY":null,"DEPOSIT_ASSETS":null,"EQUITY_MULTIPLIER":-216.345264739928,"EQUITY_RATIO":-217.345264727815},{"SECUCODE":"00009.HK","SECURITY_CODE":"00009","SECURITY_NAME_ABBR":"金奥国际","ORG_CODE":"10007305","STD_REPORT_DATE":"2020-12-31 00:00:00","REPORT_DATE":"2020-12-31 00:00:00","DATE_TYPE_CODE":"001","REPORT_TYPE":"2020年年报","PER_NETCASH_OPERATE":-0.025148565441,"PER_OI":0.018976569735,"BPS":0.029839763279,"BASIC_EPS":-0.140806372,"DILUTED_EPS":-0.140806372,"OPERATE_INCOME":67723404.24,"OPERATE_INCOME_YOY":101.573185701,"GROSS_PROFIT":11504377.16,"GROSS_PROFIT_YOY":-8.107755920168,"HOLDER_PROFIT":-502618149.96,"HOLDER_PROFIT_YOY":-106.675549403,"GROSS_PROFIT_RATIO":16.987298983422,"EPS_TTM":-0.14083710764,"OPERATE_INCOME_QOQ":146.745731820191,"NET_PROFIT_RATIO":-742.1631496533,"ROE_AVG":-144.91959144153,"GROSS_PROFIT_QOQ":-8.04334920772,"ROA":-20.125557890437,"HOLDER_PROFIT_QOQ":-62.46890272921,"ROE_YEARLY":-144.91959144153,"ROIC_YEARLY":-20.167594718438,"TOTAL_ASSETS":2633116188.56,"TOTAL_LIABILITIES":2526624321,"TAX_EBT":0.893830643488,"OCF_SALES":-132.52429597594,"TOTAL_PARENT_EQUITY":106491867.56,"DEBT_ASSET_RATIO":95.9556715339,"OPERATE_PROFIT":-344448744.76,"PRETAX_PROFIT":-507151223,"NETCASH_OPERATE":-89749964.68,"NETCASH_INVEST":-74778872.36,"NETCASH_FINANCE":189481779.76,"END_CASH":8152966.68,"DIVI_RATIO":null,"DIVIDEND_RATE":null,"CURRENT_RATIO":0.779391701009,"COMMON_ACS":100000000000,"CURRENTDEBT_DEBT":94.683355401771,"ISSUED_COMMON_SHARES":3568790629,"HK_COMMON_SHARES":3568790629,"PER_SHARES":6000,"TOTAL_MARKET_CAP":46394278.177,"HKSK_MARKET_CAP":46394278.177,"PE_TTM":-0.093812045773,"PB_TTM":-0.047051207131,"REPORT_DATE_SQ":"2019-12-31 00:00:00","REPORT_TYPE_SQ":"2019年年报","OPERATE_INCOME_SQ":35758641.82,"DPS_HKD":null,"OPERATE_INCOME_QOQ_SQ":-55.766289276553,"NET_PROFIT_RATIO_SQ":-723.8407775746,"HOLDER_PROFIT_SQ":-258835631,"HOLDER_PROFIT_QOQ_SQ":16.96428187007,"ROE_AVG_SQ":-33.942365522685,"PE_TTM_SQ":-0.1082446682,"PB_TTM_SQ":-0.054289854382,"ROA_SQ":-10.616077874507,"START_DATE":"2020-01-01 00:00:00","FISCAL_YEAR":"12-31","CURRENCY":"HKD","IS_CNY_CODE":0,"DPS_HKD_LY":null,"ORG_TYPE":"一般企业","PREMIUM_INCOME":null,"PREMIUM_INCOME_YOY":null,"NET_INTEREST_INCOME":null,"NET_INTEREST_INCOME_YOY":null,"FEE_COMMISSION_INCOME":null,"FEE_COMMISSION_INCOME_YOY":null,"ACCOUNTS_RECE_TDAYS":null,"INVENTORY_TDAYS":0.040328072739,"CURRENT_ASSETS_TDAYS":0.042184552305,"TOTAL_ASSETS_TDAYS":0.02711743085,"PREMIUM_EXPENSE":null,"LOAN_DEPOSIT":null,"LOAN_EQUITY":null,"LOAN_ASSETS":null,"DEPOSIT_EQUITY":null,"DEPOSIT_ASSETS":null,"EQUITY_MULTIPLIER":24.725983766702,"EQUITY_RATIO":23.725983766567},{"SECUCODE":"00009.HK","SECURITY_CODE":"00009","SECURITY_NAME_ABBR":"金奥国际","ORG_CODE":"10007305","STD_REPORT_DATE":"2020-06-30 00:00:00","REPORT_DATE":"2020-06-30 00:00:00","DATE_TYPE_CODE":"002","REPORT_TYPE":"2020年中报","PER_NETCASH_OPERATE":-0.015989849115,"PER_OI":0.003898408757,"BPS":0.145590248332,"BASIC_EPS":-0.029595456,"DILUTED_EPS":-0.029595456,"OPERATE_INCOME":13912604.64,"OPERATE_INCOME_YOY":-39.7150207797,"GROSS_PROFIT":5923658.4,"GROSS_PROFIT_YOY":-0.147808644605,"HOLDER_PROFIT":-105620153.76,"HOLDER_PROFIT_YOY":-84.6223854383,"GROSS_PROFIT_RATIO":42.57763771256,"EPS_TTM":-0.086685578147,"OPERATE_INCOME_QOQ":-23.244745429204,"NET_PROFIT_RATIO":-759.1688004727,"ROE_AVG":-18.260261912188,"GROSS_PROFIT_QOQ":-0.070040298221,"ROA":-4.091838740596,"HOLDER_PROFIT_QOQ":-19.520901262624,"ROE_YEARLY":-36.520523824376,"ROIC_YEARLY":-8.192323960576,"TOTAL_ASSETS":2599293998.4,"TOTAL_LIABILITIES":2079712884.48,"TAX_EBT":-0.713352495427,"OCF_SALES":-410.163482371479,"TOTAL_PARENT_EQUITY":519581113.92,"DEBT_ASSET_RATIO":80.0106831224,"OPERATE_PROFIT":-43858821.6,"PRETAX_PROFIT":-104872046.4,"NETCASH_OPERATE":-57064423.68,"NETCASH_INVEST":-23546656.32,"NETCASH_FINANCE":75902296.8,"END_CASH":2997910.08,"DIVI_RATIO":null,"DIVIDEND_RATE":null,"CURRENT_RATIO":1.168205556327,"COMMON_ACS":100000000000,"CURRENTDEBT_DEBT":61.344119269569,"ISSUED_COMMON_SHARES":3568790629,"HK_COMMON_SHARES":3568790629,"PER_SHARES":6000,"TOTAL_MARKET_CAP":46394278.177,"HKSK_MARKET_CAP":46394278.177,"PE_TTM":-0.093812045773,"PB_TTM":-0.047051207131,"REPORT_DATE_SQ":"2019-06-30 00:00:00","REPORT_TYPE_SQ":"2019年中报","OPERATE_INCOME_SQ":22224609.9,"DPS_HKD":null,"OPERATE_INCOME_QOQ_SQ":12.777719601853,"NET_PROFIT_RATIO_SQ":-234.1833682321,"HOLDER_PROFIT_SQ":-55093105.8,"HOLDER_PROFIT_QOQ_SQ":-0.481274226384,"ROE_AVG_SQ":-6.420988420076,"PE_TTM_SQ":-0.072163112133,"PB_TTM_SQ":-0.036193236255,"ROA_SQ":-2.260415533166,"START_DATE":"2020-01-01 00:00:00","FISCAL_YEAR":"12-31","CURRENCY":"HKD","IS_CNY_CODE":0,"DPS_HKD_LY":null,"ORG_TYPE":"一般企业","PREMIUM_INCOME":null,"PREMIUM_INCOME_YOY":null,"NET_INTEREST_INCOME":null,"NET_INTEREST_INCOME_YOY":null,"FEE_COMMISSION_INCOME":null,"FEE_COMMISSION_INCOME_YOY":null,"ACCOUNTS_RECE_TDAYS":2.021635253517,"INVENTORY_TDAYS":0.005669022061,"CURRENT_ASSETS_TDAYS":0.009427454374,"TOTAL_ASSETS_TDAYS":0.005389893181,"PREMIUM_EXPENSE":null,"LOAN_DEPOSIT":null,"LOAN_EQUITY":null,"LOAN_ASSETS":null,"DEPOSIT_EQUITY":null,"DEPOSIT_ASSETS":null,"EQUITY_MULTIPLIER":5.002672207976,"EQUITY_RATIO":4.002672207982},{"SECUCODE":"00009.HK","SECURITY_CODE":"00009","SECURITY_NAME_ABBR":"金奥国际","ORG_CODE":"10007305","STD_REPORT_DATE":"2019-12-31 00:00:00","REPORT_DATE":"2019-12-31 00:00:00","DATE_TYPE_CODE":"001","REPORT_TYPE":"2019年年报","PER_NETCASH_OPERATE":-0.137984568548,"PER_OI":0.010019820588,"BPS":0.175109536206,"BASIC_EPS":-0.07255818,"DILUTED_EPS":-0.07255818,"OPERATE_INCOME":35758641.82,"OPERATE_INCOME_YOY":-49.9981211248,"GROSS_PROFIT":12519421.28,"GROSS_PROFIT_YOY":-14.82883505387,"HOLDER_PROFIT":-258835631,"HOLDER_PROFIT_YOY":18.3883859852,"GROSS_PROFIT_RATIO":35.01089706656,"EPS_TTM":-0.072527547258,"OPERATE_INCOME_QOQ":-55.766289276553,"NET_PROFIT_RATIO":-723.8407775746,"ROE_AVG":-33.942365522685,"GROSS_PROFIT_QOQ":-15.662094499713,"ROA":-10.616077874507,"HOLDER_PROFIT_QOQ":16.96428187007,"ROE_YEARLY":-33.942365522685,"ROIC_YEARLY":-10.63273904804,"TOTAL_ASSETS":2513629446.62,"TOTAL_LIABILITIES":1888700174.76,"TAX_EBT":0.567345215663,"OCF_SALES":-1377.11616022445,"TOTAL_PARENT_EQUITY":624929271.86,"DEBT_ASSET_RATIO":75.1383692334,"OPERATE_PROFIT":-177399375.42,"PRETAX_PROFIT":-260991773.46,"NETCASH_OPERATE":-491746493.02,"NETCASH_INVEST":109655117.14,"NETCASH_FINANCE":366277275.76,"END_CASH":2403377.74,"DIVI_RATIO":null,"DIVIDEND_RATE":null,"CURRENT_RATIO":1.20778858939,"COMMON_ACS":100000000000,"CURRENTDEBT_DEBT":62.814106340132,"ISSUED_COMMON_SHARES":3568790629,"HK_COMMON_SHARES":3568790629,"PER_SHARES":6000,"TOTAL_MARKET_CAP":46394278.177,"HKSK_MARKET_CAP":46394278.177,"PE_TTM":-0.093812045773,"PB_TTM":-0.047051207131,"REPORT_DATE_SQ":"2018-12-31 00:00:00","REPORT_TYPE_SQ":"2018年年报","OPERATE_INCOME_SQ":69951427,"DPS_HKD":null,"OPERATE_INCOME_QOQ_SQ":573.864410886384,"NET_PROFIT_RATIO_SQ":-432.7824566979,"HOLDER_PROFIT_SQ":-310222991,"HOLDER_PROFIT_QOQ_SQ":-61.186446057662,"ROE_AVG_SQ":-32.018343479944,"PE_TTM_SQ":-0.072163112133,"PB_TTM_SQ":-0.036193236255,"ROA_SQ":-13.660633450119,"START_DATE":"2019-01-01 00:00:00","FISCAL_YEAR":"12-31","CURRENCY":"HKD","IS_CNY_CODE":0,"DPS_HKD_LY":null,"ORG_TYPE":"一般企业","PREMIUM_INCOME":null,"PREMIUM_INCOME_YOY":null,"NET_INTEREST_INCOME":null,"NET_INTEREST_INCOME_YOY":null,"FEE_COMMISSION_INCOME":null,"FEE_COMMISSION_INCOME_YOY":null,"ACCOUNTS_RECE_TDAYS":null,"INVENTORY_TDAYS":0.021202918047,"CURRENT_ASSETS_TDAYS":0.02753556709,"TOTAL_ASSETS_TDAYS":0.01466631641,"PREMIUM_EXPENSE":null,"LOAN_DEPOSIT":null,"LOAN_EQUITY":null,"LOAN_ASSETS":null,"DEPOSIT_EQUITY":null,"DEPOSIT_ASSETS":null,"EQUITY_MULTIPLIER":4.022262294006,"EQUITY_RATIO":3.022262294001},{"SECUCODE":"00009.HK","SECURITY_CODE":"00009","SECURITY_NAME_ABBR":"金奥国际","ORG_CODE":"10007305","STD_REPORT_DATE":"2019-06-30 00:00:00","REPORT_DATE":"2019-06-30 00:00:00","DATE_TYPE_CODE":"002","REPORT_TYPE":"2019年中报","PER_NETCASH_OPERATE":-0.143331616745,"PER_OI":0.006227490545,"BPS":0.233135900251,"BASIC_EPS":-0.01539405,"DILUTED_EPS":-0.01539405,"OPERATE_INCOME":22224609.9,"OPERATE_INCOME_YOY":56.9483568075,"GROSS_PROFIT":5932427.04,"GROSS_PROFIT_YOY":-15.070062655658,"HOLDER_PROFIT":-55093105.8,"HOLDER_PROFIT_YOY":1.4864333464,"GROSS_PROFIT_RATIO":28.185761292253,"EPS_TTM":-0.087344999106,"OPERATE_INCOME_QOQ":12.777719601853,"NET_PROFIT_RATIO":-234.1833682321,"ROE_AVG":-6.420988420076,"GROSS_PROFIT_QOQ":-2.330525384067,"ROA":-2.260415533166,"HOLDER_PROFIT_QOQ":-0.481274226384,"ROE_YEARLY":-12.841976840152,"ROIC_YEARLY":-4.527924308548,"TOTAL_ASSETS":2554451711.28,"TOTAL_LIABILITIES":1722438495.18,"TAX_EBT":-1.07962428437,"OCF_SALES":-2174.31199521388,"TOTAL_PARENT_EQUITY":832013216.1,"DEBT_ASSET_RATIO":67.4288923754,"OPERATE_PROFIT":-30847916.88,"PRETAX_PROFIT":-55160839.62,"NETCASH_OPERATE":-511180981.92,"NETCASH_INVEST":93565915.56,"NETCASH_FINANCE":381700307.88,"END_CASH":2492956.44,"DIVI_RATIO":null,"DIVIDEND_RATE":null,"CURRENT_RATIO":1.856002601472,"COMMON_ACS":100000000000,"CURRENTDEBT_DEBT":43.189145654937,"ISSUED_COMMON_SHARES":3568790629,"HK_COMMON_SHARES":3568790629,"PER_SHARES":6000,"TOTAL_MARKET_CAP":46394278.177,"HKSK_MARKET_CAP":46394278.177,"PE_TTM":-0.093812045773,"PB_TTM":-0.047051207131,"REPORT_DATE_SQ":"2018-06-30 00:00:00","REPORT_TYPE_SQ":"2018年中报","OPERATE_INCOME_SQ":14366424,"DPS_HKD":null,"OPERATE_INCOME_QOQ_SQ":-127.053877769929,"NET_PROFIT_RATIO_SQ":-251.7132105367,"HOLDER_PROFIT_SQ":-53600082.5,"HOLDER_PROFIT_QOQ_SQ":41.773053791098,"ROE_AVG_SQ":-5.296317040564,"PE_TTM_SQ":-0.1082446682,"PB_TTM_SQ":-0.054289854382,"ROA_SQ":-2.386223030836,"START_DATE":"2019-01-01 00:00:00","FISCAL_YEAR":"12-31","CURRENCY":"HKD","IS_CNY_CODE":0,"DPS_HKD_LY":null,"ORG_TYPE":"一般企业","PREMIUM_INCOME":null,"PREMIUM_INCOME_YOY":null,"NET_INTEREST_INCOME":null,"NET_INTEREST_INCOME_YOY":null,"FEE_COMMISSION_INCOME":null,"FEE_COMMISSION_INCOME_YOY":null,"ACCOUNTS_RECE_TDAYS":2.533594063377,"INVENTORY_TDAYS":0.015896506344,"CURRENT_ASSETS_TDAYS":0.018640629449,"TOTAL_ASSETS_TDAYS":0.009652331633,"PREMIUM_EXPENSE":null,"LOAN_DEPOSIT":null,"LOAN_EQUITY":null,"LOAN_ASSETS":null,"DEPOSIT_EQUITY":null,"DEPOSIT_ASSETS":null,"EQUITY_MULTIPLIER":3.07020569127,"EQUITY_RATIO":2.070205691268}],"count":44},"success":true,"message":"ok","code":0}