{"version":"95ad77d2325ef28bb1bd412a42442df8","result":{"pages":6,"data":[{"SECUCODE":"00001.HK","SECURITY_CODE":"00001","SECURITY_NAME_ABBR":"长和","ORG_CODE":"10434094","STD_REPORT_DATE":"2024-06-30 00:00:00","REPORT_DATE":"2024-06-30 00:00:00","DATE_TYPE_CODE":"002","REPORT_TYPE":"2024年中报","PER_NETCASH_OPERATE":5.472441952045,"PER_OI":32.515574866036,"BPS":128.546029133604,"BASIC_EPS":2.4277288,"DILUTED_EPS":null,"OPERATE_INCOME":124536098680,"OPERATE_INCOME_YOY":2.3047451959,"GROSS_PROFIT":71332330760,"GROSS_PROFIT_YOY":2.814090683566,"HOLDER_PROFIT":9313899400,"HOLDER_PROFIT_YOY":-8.948965025,"GROSS_PROFIT_RATIO":57.278436948062,"EPS_TTM":5.294068400511,"OPERATE_INCOME_QOQ":0.626741816928,"NET_PROFIT_RATIO":9.9354346982,"ROE_AVG":1.875846704447,"GROSS_PROFIT_QOQ":1.393137279066,"ROA":0.888399444587,"HOLDER_PROFIT_QOQ":-4.787961591216,"ROE_YEARLY":3.751693408894,"ROIC_YEARLY":2.274810734298,"TOTAL_ASSETS":1039074315160,"TOTAL_LIABILITIES":439480062360,"TAX_EBT":14.293842457959,"OCF_SALES":16.830217440693,"TOTAL_PARENT_EQUITY":492337011880,"DEBT_ASSET_RATIO":42.2953446109,"OPERATE_PROFIT":12692640760,"PRETAX_PROFIT":14436772240,"NETCASH_OPERATE":20959696200,"NETCASH_INVEST":-6208962040,"NETCASH_FINANCE":-10848114480,"END_CASH":120107775320,"DIVI_RATIO":0.422447193879,"DIVIDEND_RATE":6.267175572519,"CURRENT_RATIO":1.220879272409,"COMMON_ACS":8000000000,"CURRENTDEBT_DEBT":34.639179111452,"ISSUED_COMMON_SHARES":3830044500,"HK_COMMON_SHARES":3830044500,"PER_SHARES":500,"TOTAL_MARKET_CAP":150520748850,"HKSK_MARKET_CAP":150520748850,"PE_TTM":6.690703153754,"PB_TTM":0.279030976233,"REPORT_DATE_SQ":"2023-06-30 00:00:00","REPORT_TYPE_SQ":"2023年中报","OPERATE_INCOME_SQ":122970926460,"DPS_HKD":2.463,"OPERATE_INCOME_QOQ_SQ":4.535502776202,"NET_PROFIT_RATIO_SQ":10.753728154,"HOLDER_PROFIT_SQ":10333551840,"HOLDER_PROFIT_QOQ_SQ":-18.282583934715,"ROE_AVG_SQ":2.11300066644,"PE_TTM_SQ":5.605429710938,"PB_TTM_SQ":0.300431704733,"ROA_SQ":0.971537370339,"START_DATE":"2024-01-01 00:00:00","FISCAL_YEAR":"12-31","CURRENCY":"HKD","IS_CNY_CODE":0,"DPS_HKD_LY":2.463,"ORG_TYPE":"一般企业","PREMIUM_INCOME":null,"PREMIUM_INCOME_YOY":null,"NET_INTEREST_INCOME":null,"NET_INTEREST_INCOME_YOY":null,"FEE_COMMISSION_INCOME":null,"FEE_COMMISSION_INCOME_YOY":null,"ACCOUNTS_RECE_TDAYS":2.799913817868,"INVENTORY_TDAYS":2.348907021255,"CURRENT_ASSETS_TDAYS":0.672131026415,"TOTAL_ASSETS_TDAYS":0.118787841855,"PREMIUM_EXPENSE":null,"LOAN_DEPOSIT":null,"LOAN_EQUITY":null,"LOAN_ASSETS":null,"DEPOSIT_EQUITY":null,"DEPOSIT_ASSETS":null,"EQUITY_MULTIPLIER":1.732962433026,"EQUITY_RATIO":0.892640715111},{"SECUCODE":"00001.HK","SECURITY_CODE":"00001","SECURITY_NAME_ABBR":"长和","ORG_CODE":"10434094","STD_REPORT_DATE":"2023-12-31 00:00:00","REPORT_DATE":"2023-12-31 00:00:00","DATE_TYPE_CODE":"001","REPORT_TYPE":"2023年年报","PER_NETCASH_OPERATE":12.17041685547,"PER_OI":65.203309387136,"BPS":128.723151310644,"BASIC_EPS":5.5641908,"DILUTED_EPS":null,"OPERATE_INCOME":249731576500,"OPERATE_INCOME_YOY":4.982152177,"GROSS_PROFIT":140145110560,"GROSS_PROFIT_YOY":7.278132667846,"HOLDER_PROFIT":21296170000,"HOLDER_PROFIT_YOY":-35.9323882225,"GROSS_PROFIT_RATIO":56.118298103964,"EPS_TTM":5.560293098422,"OPERATE_INCOME_QOQ":1.883194446456,"NET_PROFIT_RATIO":10.9621700082,"ROE_AVG":4.402612341553,"GROSS_PROFIT_QOQ":2.12433591413,"ROA":2.036977645254,"HOLDER_PROFIT_QOQ":-20.461974854418,"ROE_YEARLY":4.402612341553,"ROIC_YEARLY":2.623321213961,"TOTAL_ASSETS":1050221076660,"TOTAL_LIABILITIES":442556161880,"TAX_EBT":9.041912561725,"OCF_SALES":18.665336115395,"TOTAL_PARENT_EQUITY":497153198220,"DEBT_ASSET_RATIO":42.1393334904,"OPERATE_PROFIT":26562214420,"PRETAX_PROFIT":30097378640,"NETCASH_OPERATE":46613238140,"NETCASH_INVEST":-13969381300,"NETCASH_FINANCE":-42396596480,"END_CASH":115382649060,"DIVI_RATIO":0.402220584493,"DIVIDEND_RATE":6.243346007605,"CURRENT_RATIO":1.245260729119,"COMMON_ACS":8000000000,"CURRENTDEBT_DEBT":33.280161522175,"ISSUED_COMMON_SHARES":3830044500,"HK_COMMON_SHARES":3830044500,"PER_SHARES":500,"TOTAL_MARKET_CAP":151095255525,"HKSK_MARKET_CAP":151095255525,"PE_TTM":6.716240188692,"PB_TTM":0.280095979959,"REPORT_DATE_SQ":"2022-12-31 00:00:00","REPORT_TYPE_SQ":"2022年年报","OPERATE_INCOME_SQ":234480695190,"DPS_HKD":2.463,"OPERATE_INCOME_QOQ_SQ":2.298146549012,"NET_PROFIT_RATIO_SQ":16.6321900822,"HOLDER_PROFIT_SQ":32765143600,"HOLDER_PROFIT_QOQ_SQ":15.0731362243,"ROE_AVG_SQ":7.076538708262,"PE_TTM_SQ":5.638676625,"PB_TTM_SQ":0.30221362469,"ROA_SQ":3.105891159176,"START_DATE":"2023-01-01 00:00:00","FISCAL_YEAR":"12-31","CURRENCY":"HKD","IS_CNY_CODE":0,"DPS_HKD_LY":2.842,"ORG_TYPE":"一般企业","PREMIUM_INCOME":null,"PREMIUM_INCOME_YOY":null,"NET_INTEREST_INCOME":null,"NET_INTEREST_INCOME_YOY":null,"FEE_COMMISSION_INCOME":null,"FEE_COMMISSION_INCOME_YOY":null,"ACCOUNTS_RECE_TDAYS":5.131702684333,"INVENTORY_TDAYS":5.064368875115,"CURRENT_ASSETS_TDAYS":1.291774968886,"TOTAL_ASSETS_TDAYS":0.238868133868,"PREMIUM_EXPENSE":null,"LOAN_DEPOSIT":null,"LOAN_EQUITY":null,"LOAN_ASSETS":null,"DEPOSIT_EQUITY":null,"DEPOSIT_ASSETS":null,"EQUITY_MULTIPLIER":1.728289804325,"EQUITY_RATIO":0.890180659532},{"SECUCODE":"00001.HK","SECURITY_CODE":"00001","SECURITY_NAME_ABBR":"长和","ORG_CODE":"10434094","STD_REPORT_DATE":"2023-06-30 00:00:00","REPORT_DATE":"2023-06-30 00:00:00","DATE_TYPE_CODE":"002","REPORT_TYPE":"2023年中报","PER_NETCASH_OPERATE":5.101162187541,"PER_OI":32.106918460086,"BPS":129.352050358684,"BASIC_EPS":2.7014014,"DILUTED_EPS":null,"OPERATE_INCOME":122970926460,"OPERATE_INCOME_YOY":1.5370209656,"GROSS_PROFIT":69379916980,"GROSS_PROFIT_YOY":10.500106607646,"HOLDER_PROFIT":10333551840,"HOLDER_PROFIT_YOY":-41.28248114,"GROSS_PROFIT_RATIO":56.419772524498,"EPS_TTM":6.99073567422,"OPERATE_INCOME_QOQ":4.535502776202,"NET_PROFIT_RATIO":10.753728154,"ROE_AVG":2.11300066644,"GROSS_PROFIT_QOQ":5.046590225125,"ROA":0.971537370339,"HOLDER_PROFIT_QOQ":-18.282583934715,"ROE_YEARLY":4.22600133288,"ROIC_YEARLY":2.502187851619,"TOTAL_ASSETS":1068421771320,"TOTAL_LIABILITIES":457807325040,"TAX_EBT":8.747932306909,"OCF_SALES":15.888046664717,"TOTAL_PARENT_EQUITY":495424109040,"DEBT_ASSET_RATIO":42.848932634,"OPERATE_PROFIT":12543537900,"PRETAX_PROFIT":14491681640,"NETCASH_OPERATE":19537678180,"NETCASH_INVEST":-5575213060,"NETCASH_FINANCE":-22578368220,"END_CASH":118695705200,"DIVI_RATIO":0.319918309635,"DIVIDEND_RATE":6.243346007605,"CURRENT_RATIO":1.465931038302,"COMMON_ACS":8000000000,"CURRENTDEBT_DEBT":29.092252914119,"ISSUED_COMMON_SHARES":3830044500,"HK_COMMON_SHARES":3830044500,"PER_SHARES":500,"TOTAL_MARKET_CAP":151095255525,"HKSK_MARKET_CAP":151095255525,"PE_TTM":6.716240188692,"PB_TTM":0.280095979959,"REPORT_DATE_SQ":"2022-06-30 00:00:00","REPORT_TYPE_SQ":"2022年中报","OPERATE_INCOME_SQ":112336048020,"DPS_HKD":2.463,"OPERATE_INCOME_QOQ_SQ":-0.177450901476,"NET_PROFIT_RATIO_SQ":17.2079355654,"HOLDER_PROFIT_SQ":16323866720,"HOLDER_PROFIT_QOQ_SQ":4.006363058934,"ROE_AVG_SQ":3.715487263536,"PE_TTM_SQ":5.638676625,"PB_TTM_SQ":0.30221362469,"ROA_SQ":1.62361523177,"START_DATE":"2023-01-01 00:00:00","FISCAL_YEAR":"12-31","CURRENCY":"HKD","IS_CNY_CODE":0,"DPS_HKD_LY":2.842,"ORG_TYPE":"一般企业","PREMIUM_INCOME":null,"PREMIUM_INCOME_YOY":null,"NET_INTEREST_INCOME":null,"NET_INTEREST_INCOME_YOY":null,"FEE_COMMISSION_INCOME":null,"FEE_COMMISSION_INCOME_YOY":null,"ACCOUNTS_RECE_TDAYS":2.317725665332,"INVENTORY_TDAYS":2.420655908381,"CURRENT_ASSETS_TDAYS":0.611766378695,"TOTAL_ASSETS_TDAYS":0.115614507355,"PREMIUM_EXPENSE":null,"LOAN_DEPOSIT":null,"LOAN_EQUITY":null,"LOAN_ASSETS":null,"DEPOSIT_EQUITY":null,"DEPOSIT_ASSETS":null,"EQUITY_MULTIPLIER":1.749748598037,"EQUITY_RATIO":0.924071551397},{"SECUCODE":"00001.HK","SECURITY_CODE":"00001","SECURITY_NAME_ABBR":"长和","ORG_CODE":"10434094","STD_REPORT_DATE":"2022-12-31 00:00:00","REPORT_DATE":"2022-12-31 00:00:00","DATE_TYPE_CODE":"001","REPORT_TYPE":"2022年年报","PER_NETCASH_OPERATE":13.227239208317,"PER_OI":61.221402307467,"BPS":122.09739534619,"BASIC_EPS":8.5485939,"DILUTED_EPS":null,"OPERATE_INCOME":234480695190,"OPERATE_INCOME_YOY":-6.5338066634,"GROSS_PROFIT":130637164420,"GROSS_PROFIT_YOY":-0.242699858284,"HOLDER_PROFIT":32765143600,"HOLDER_PROFIT_YOY":9.5448572453,"GROSS_PROFIT_RATIO":55.713398629318,"EPS_TTM":8.554768384545,"OPERATE_INCOME_QOQ":2.298146549012,"NET_PROFIT_RATIO":16.6321900822,"ROE_AVG":7.076538708262,"GROSS_PROFIT_QOQ":1.695726205458,"ROA":3.105891159176,"HOLDER_PROFIT_QOQ":15.0731362243,"ROE_YEARLY":7.076538708262,"ROIC_YEARLY":4.039990175378,"TOTAL_ASSETS":1025864318990,"TOTAL_LIABILITIES":447642608560,"TAX_EBT":15.932066316215,"OCF_SALES":21.605580254251,"TOTAL_PARENT_EQUITY":467638457510,"DEBT_ASSET_RATIO":43.635654372,"OPERATE_PROFIT":37285983070,"PRETAX_PROFIT":46390190910,"NETCASH_OPERATE":50660914780,"NETCASH_INVEST":-3891084120,"NETCASH_FINANCE":-60211757620,"END_CASH":123347187950,"DIVI_RATIO":0.261428976153,"DIVIDEND_RATE":6.243346007605,"CURRENT_RATIO":1.27057190607,"COMMON_ACS":8000000000,"CURRENTDEBT_DEBT":35.223535703453,"ISSUED_COMMON_SHARES":3830044500,"HK_COMMON_SHARES":3830044500,"PER_SHARES":500,"TOTAL_MARKET_CAP":151095255525,"HKSK_MARKET_CAP":151095255525,"PE_TTM":6.716240188692,"PB_TTM":0.280095979959,"REPORT_DATE_SQ":"2021-12-31 00:00:00","REPORT_TYPE_SQ":"2021年年报","OPERATE_INCOME_SQ":229620507200,"DPS_HKD":2.463,"OPERATE_INCOME_QOQ_SQ":2.926452067221,"NET_PROFIT_RATIO_SQ":14.4106933669,"HOLDER_PROFIT_SQ":27376518400,"HOLDER_PROFIT_QOQ_SQ":-1.806798597791,"ROE_AVG_SQ":6.647290976805,"PE_TTM_SQ":5.638676625,"PB_TTM_SQ":0.30221362469,"ROA_SQ":2.713318061263,"START_DATE":"2022-01-01 00:00:00","FISCAL_YEAR":"12-31","CURRENCY":"HKD","IS_CNY_CODE":0,"DPS_HKD_LY":2.7,"ORG_TYPE":"一般企业","PREMIUM_INCOME":null,"PREMIUM_INCOME_YOY":null,"NET_INTEREST_INCOME":null,"NET_INTEREST_INCOME_YOY":null,"FEE_COMMISSION_INCOME":null,"FEE_COMMISSION_INCOME_YOY":null,"ACCOUNTS_RECE_TDAYS":4.583419182483,"INVENTORY_TDAYS":4.956553253176,"CURRENT_ASSETS_TDAYS":1.144366166482,"TOTAL_ASSETS_TDAYS":0.22227020491,"PREMIUM_EXPENSE":null,"LOAN_DEPOSIT":null,"LOAN_EQUITY":null,"LOAN_ASSETS":null,"DEPOSIT_EQUITY":null,"DEPOSIT_ASSETS":null,"EQUITY_MULTIPLIER":1.774171222709,"EQUITY_RATIO":0.957240794402},{"SECUCODE":"00001.HK","SECURITY_CODE":"00001","SECURITY_NAME_ABBR":"长和","ORG_CODE":"10434094","STD_REPORT_DATE":"2022-06-30 00:00:00","REPORT_DATE":"2022-06-30 00:00:00","DATE_TYPE_CODE":"002","REPORT_TYPE":"2022年中报","PER_NETCASH_OPERATE":6.252312784157,"PER_OI":29.296258211501,"BPS":114.842197757755,"BASIC_EPS":4.2588462,"DILUTED_EPS":null,"OPERATE_INCOME":112336048020,"OPERATE_INCOME_YOY":-3.0539646927,"GROSS_PROFIT":62787194610,"GROSS_PROFIT_YOY":-3.823545657151,"HOLDER_PROFIT":16323866720,"HOLDER_PROFIT_YOY":4.306010929,"GROSS_PROFIT_RATIO":55.892294340657,"EPS_TTM":7.425592963018,"OPERATE_INCOME_QOQ":-0.177450901476,"NET_PROFIT_RATIO":17.2079355654,"ROE_AVG":3.715487263536,"GROSS_PROFIT_QOQ":-1.906103762734,"ROA":1.62361523177,"HOLDER_PROFIT_QOQ":4.006363058934,"ROE_YEARLY":7.430974527072,"ROIC_YEARLY":4.167778864047,"TOTAL_ASSETS":973009526300,"TOTAL_LIABILITIES":428153439070,"TAX_EBT":8.891575977428,"OCF_SALES":21.341676943924,"TOTAL_PARENT_EQUITY":439850727890,"DEBT_ASSET_RATIO":44.0030058799,"OPERATE_PROFIT":15752599800,"PRETAX_PROFIT":21217263900,"NETCASH_OPERATE":23974396460,"NETCASH_INVEST":-12293356250,"NETCASH_FINANCE":-46588185630,"END_CASH":96050664850,"DIVI_RATIO":0.301183265921,"DIVIDEND_RATE":6.243346007605,"CURRENT_RATIO":1.25846545829,"COMMON_ACS":8000000000,"CURRENTDEBT_DEBT":30.260080335082,"ISSUED_COMMON_SHARES":3830044500,"HK_COMMON_SHARES":3830044500,"PER_SHARES":500,"TOTAL_MARKET_CAP":151095255525,"HKSK_MARKET_CAP":151095255525,"PE_TTM":6.716240188692,"PB_TTM":0.280095979959,"REPORT_DATE_SQ":"2021-06-30 00:00:00","REPORT_TYPE_SQ":"2021年中报","OPERATE_INCOME_SQ":112743511680,"DPS_HKD":2.463,"OPERATE_INCOME_QOQ_SQ":-0.498505912212,"NET_PROFIT_RATIO_SQ":15.8041565803,"HOLDER_PROFIT_SQ":15227064000,"HOLDER_PROFIT_QOQ_SQ":13.667464460815,"ROE_AVG_SQ":3.630847922034,"PE_TTM_SQ":5.638676625,"PB_TTM_SQ":0.30221362469,"ROA_SQ":1.458041857752,"START_DATE":"2022-01-01 00:00:00","FISCAL_YEAR":"12-31","CURRENCY":"HKD","IS_CNY_CODE":0,"DPS_HKD_LY":2.7,"ORG_TYPE":"一般企业","PREMIUM_INCOME":null,"PREMIUM_INCOME_YOY":null,"NET_INTEREST_INCOME":null,"NET_INTEREST_INCOME_YOY":null,"FEE_COMMISSION_INCOME":null,"FEE_COMMISSION_INCOME_YOY":null,"ACCOUNTS_RECE_TDAYS":2.332972204955,"INVENTORY_TDAYS":2.460986280423,"CURRENT_ASSETS_TDAYS":0.6179459195,"TOTAL_ASSETS_TDAYS":0.11173242331,"PREMIUM_EXPENSE":null,"LOAN_DEPOSIT":null,"LOAN_EQUITY":null,"LOAN_ASSETS":null,"DEPOSIT_EQUITY":null,"DEPOSIT_ASSETS":null,"EQUITY_MULTIPLIER":1.785810141622,"EQUITY_RATIO":0.973406230618},{"SECUCODE":"00001.HK","SECURITY_CODE":"00001","SECURITY_NAME_ABBR":"长和","ORG_CODE":"10434094","STD_REPORT_DATE":"2021-12-31 00:00:00","REPORT_DATE":"2021-12-31 00:00:00","DATE_TYPE_CODE":"001","REPORT_TYPE":"2021年年报","PER_NETCASH_OPERATE":11.126389855409,"PER_OI":59.880676293921,"BPS":109.542611110654,"BASIC_EPS":7.11312,"DILUTED_EPS":null,"OPERATE_INCOME":229620507200,"OPERATE_INCOME_YOY":5.4246310005,"GROSS_PROFIT":130954992000,"GROSS_PROFIT_YOY":0.718528820361,"HOLDER_PROFIT":27376518400,"HOLDER_PROFIT_YOY":14.8955152181,"GROSS_PROFIT_RATIO":57.031052494775,"EPS_TTM":7.139277133192,"OPERATE_INCOME_QOQ":2.926452067221,"NET_PROFIT_RATIO":14.4106933669,"ROE_AVG":6.647290976805,"GROSS_PROFIT_QOQ":2.248752776032,"ROA":2.713318061263,"HOLDER_PROFIT_QOQ":-1.806798597791,"ROE_YEARLY":6.647290976805,"ROIC_YEARLY":3.539220618888,"TOTAL_ASSETS":992178857600,"TOTAL_LIABILITIES":465435969600,"TAX_EBT":5.222237834293,"OCF_SALES":18.580935527173,"TOTAL_PARENT_EQUITY":419553075200,"DEBT_ASSET_RATIO":46.9104905869,"OPERATE_PROFIT":33684302400,"PRETAX_PROFIT":34913155200,"NETCASH_OPERATE":42665638400,"NETCASH_INVEST":-449680000,"NETCASH_FINANCE":-44519955200,"END_CASH":125201540800,"DIVI_RATIO":0.313262014946,"DIVIDEND_RATE":6.243346007605,"CURRENT_RATIO":1.292569992228,"COMMON_ACS":8000000000,"CURRENTDEBT_DEBT":31.867599087254,"ISSUED_COMMON_SHARES":3830044500,"HK_COMMON_SHARES":3830044500,"PER_SHARES":500,"TOTAL_MARKET_CAP":151095255525,"HKSK_MARKET_CAP":151095255525,"PE_TTM":6.716240188692,"PB_TTM":0.280095979959,"REPORT_DATE_SQ":"2020-12-31 00:00:00","REPORT_TYPE_SQ":"2020年年报","OPERATE_INCOME_SQ":224209529440,"DPS_HKD":2.463,"OPERATE_INCOME_QOQ_SQ":-10.979508966103,"NET_PROFIT_RATIO_SQ":14.0381236956,"HOLDER_PROFIT_SQ":24527914520,"HOLDER_PROFIT_QOQ_SQ":-21.971969161886,"ROE_AVG_SQ":6.080445992566,"PE_TTM_SQ":5.638676625,"PB_TTM_SQ":0.30221362469,"ROA_SQ":2.363995048613,"START_DATE":"2021-01-01 00:00:00","FISCAL_YEAR":"12-31","CURRENCY":"HKD","IS_CNY_CODE":0,"DPS_HKD_LY":2.5,"ORG_TYPE":"一般企业","PREMIUM_INCOME":null,"PREMIUM_INCOME_YOY":null,"NET_INTEREST_INCOME":null,"NET_INTEREST_INCOME_YOY":null,"FEE_COMMISSION_INCOME":null,"FEE_COMMISSION_INCOME_YOY":null,"ACCOUNTS_RECE_TDAYS":4.947102342787,"INVENTORY_TDAYS":5.00838348205,"CURRENT_ASSETS_TDAYS":1.189865802379,"TOTAL_ASSETS_TDAYS":0.227579511872,"PREMIUM_EXPENSE":null,"LOAN_DEPOSIT":null,"LOAN_EQUITY":null,"LOAN_ASSETS":null,"DEPOSIT_EQUITY":null,"DEPOSIT_ASSETS":null,"EQUITY_MULTIPLIER":1.883611302977,"EQUITY_RATIO":1.109361358818},{"SECUCODE":"00001.HK","SECURITY_CODE":"00001","SECURITY_NAME_ABBR":"长和","ORG_CODE":"10434094","STD_REPORT_DATE":"2021-06-30 00:00:00","REPORT_DATE":"2021-06-30 00:00:00","DATE_TYPE_CODE":"002","REPORT_TYPE":"2021年中报","PER_NETCASH_OPERATE":6.248583700801,"PER_OI":29.296127928157,"BPS":111.608874163211,"BASIC_EPS":3.95238,"DILUTED_EPS":null,"OPERATE_INCOME":112743511680,"OPERATE_INCOME_YOY":8.7002912131,"GROSS_PROFIT":65283332640,"GROSS_PROFIT_YOY":-2.894355165757,"HOLDER_PROFIT":15227064000,"HOLDER_PROFIT_YOY":40.7692307692,"GROSS_PROFIT_RATIO":57.904292377635,"EPS_TTM":7.244617522561,"OPERATE_INCOME_QOQ":-0.498505912212,"NET_PROFIT_RATIO":15.8041565803,"ROE_AVG":3.630847922034,"GROSS_PROFIT_QOQ":-1.496569800732,"ROA":1.458041857752,"HOLDER_PROFIT_QOQ":13.667464460815,"ROE_YEARLY":7.261695844068,"ROIC_YEARLY":3.837918212495,"TOTAL_ASSETS":1044776289600,"TOTAL_LIABILITIES":509900288160,"TAX_EBT":-1.047565118913,"OCF_SALES":21.329042923776,"TOTAL_PARENT_EQUITY":427466954640,"DEBT_ASSET_RATIO":48.8047339163,"OPERATE_PROFIT":18432236160,"PRETAX_PROFIT":17633439360,"NETCASH_OPERATE":24047112000,"NETCASH_INVEST":17374662480,"NETCASH_FINANCE":-19639584240,"END_CASH":151545898320,"DIVI_RATIO":0.308707027395,"DIVIDEND_RATE":6.243346007605,"CURRENT_RATIO":1.350268397022,"COMMON_ACS":8000000000,"CURRENTDEBT_DEBT":31.737494329327,"ISSUED_COMMON_SHARES":3830044500,"HK_COMMON_SHARES":3830044500,"PER_SHARES":500,"TOTAL_MARKET_CAP":151095255525,"HKSK_MARKET_CAP":151095255525,"PE_TTM":6.716240188692,"PB_TTM":0.280095979959,"REPORT_DATE_SQ":"2020-06-30 00:00:00","REPORT_TYPE_SQ":"2020年中报","OPERATE_INCOME_SQ":113861209440,"DPS_HKD":2.463,"OPERATE_INCOME_QOQ_SQ":-5.97117039549,"NET_PROFIT_RATIO_SQ":13.393394357,"HOLDER_PROFIT_SQ":11874720000,"HOLDER_PROFIT_QOQ_SQ":-11.895455774115,"ROE_AVG_SQ":2.795410366242,"PE_TTM_SQ":5.638676625,"PB_TTM_SQ":0.30221362469,"ROA_SQ":1.075815178263,"START_DATE":"2021-01-01 00:00:00","FISCAL_YEAR":"12-31","CURRENCY":"HKD","IS_CNY_CODE":0,"DPS_HKD_LY":2.5,"ORG_TYPE":"一般企业","PREMIUM_INCOME":null,"PREMIUM_INCOME_YOY":null,"NET_INTEREST_INCOME":null,"NET_INTEREST_INCOME_YOY":null,"FEE_COMMISSION_INCOME":null,"FEE_COMMISSION_INCOME_YOY":null,"ACCOUNTS_RECE_TDAYS":2.416809360731,"INVENTORY_TDAYS":2.341076998851,"CURRENT_ASSETS_TDAYS":0.541781373766,"TOTAL_ASSETS_TDAYS":0.107955650032,"PREMIUM_EXPENSE":null,"LOAN_DEPOSIT":null,"LOAN_EQUITY":null,"LOAN_ASSETS":null,"DEPOSIT_EQUITY":null,"DEPOSIT_ASSETS":null,"EQUITY_MULTIPLIER":1.953305601274,"EQUITY_RATIO":1.192841417624},{"SECUCODE":"00001.HK","SECURITY_CODE":"00001","SECURITY_NAME_ABBR":"长和","ORG_CODE":"10434094","STD_REPORT_DATE":"2020-12-31 00:00:00","REPORT_DATE":"2020-12-31 00:00:00","DATE_TYPE_CODE":"001","REPORT_TYPE":"2020年年报","PER_NETCASH_OPERATE":15.969865064173,"PER_OI":58.141998519024,"BPS":108.619961318987,"BASIC_EPS":6.3627984,"DILUTED_EPS":null,"OPERATE_INCOME":224209529440,"OPERATE_INCOME_YOY":-10.9106049408,"GROSS_PROFIT":130020755400,"GROSS_PROFIT_YOY":-17.203483453035,"HOLDER_PROFIT":24527914520,"HOLDER_PROFIT_YOY":-26.8315340196,"GROSS_PROFIT_RATIO":57.990735596631,"EPS_TTM":6.360576971276,"OPERATE_INCOME_QOQ":-10.979508966103,"NET_PROFIT_RATIO":14.0381236956,"ROE_AVG":6.080445992566,"GROSS_PROFIT_QOQ":-11.836377627926,"ROA":2.363995048613,"HOLDER_PROFIT_QOQ":-21.971969161886,"ROE_YEARLY":6.080445992566,"ROIC_YEARLY":3.061160715927,"TOTAL_ASSETS":1055918177440,"TOTAL_LIABILITIES":525631954120,"TAX_EBT":10.316794167726,"OCF_SALES":27.467004009069,"TOTAL_PARENT_EQUITY":416019285440,"DEBT_ASSET_RATIO":49.7796103287,"OPERATE_PROFIT":55652603360,"PRETAX_PROFIT":35095546360,"NETCASH_OPERATE":61583640440,"NETCASH_INVEST":-5440360960,"NETCASH_FINANCE":-40300248120,"END_CASH":131254599640,"DIVI_RATIO":0.351613438545,"DIVIDEND_RATE":6.243346007605,"CURRENT_RATIO":1.369740437946,"COMMON_ACS":8000000000,"CURRENTDEBT_DEBT":27.77211132158,"ISSUED_COMMON_SHARES":3830044500,"HK_COMMON_SHARES":3830044500,"PER_SHARES":500,"TOTAL_MARKET_CAP":151095255525,"HKSK_MARKET_CAP":151095255525,"PE_TTM":6.716240188692,"PB_TTM":0.280095979959,"REPORT_DATE_SQ":"2019-12-31 00:00:00","REPORT_TYPE_SQ":"2019年年报","OPERATE_INCOME_SQ":267857031380,"DPS_HKD":2.463,"OPERATE_INCOME_QOQ_SQ":2.140685504053,"NET_PROFIT_RATIO_SQ":15.9778075787,"HOLDER_PROFIT_SQ":35678917400,"HOLDER_PROFIT_QOQ_SQ":1.65504900346,"ROE_AVG_SQ":8.749654011924,"PE_TTM_SQ":5.638676625,"PB_TTM_SQ":0.30221362469,"ROA_SQ":3.260451371551,"START_DATE":"2020-01-01 00:00:00","FISCAL_YEAR":"12-31","CURRENCY":"HKD","IS_CNY_CODE":0,"DPS_HKD_LY":2.914,"ORG_TYPE":"一般企业","PREMIUM_INCOME":null,"PREMIUM_INCOME_YOY":null,"NET_INTEREST_INCOME":null,"NET_INTEREST_INCOME_YOY":null,"FEE_COMMISSION_INCOME":null,"FEE_COMMISSION_INCOME_YOY":null,"ACCOUNTS_RECE_TDAYS":4.777632310479,"INVENTORY_TDAYS":4.62327522102,"CURRENT_ASSETS_TDAYS":1.172496963082,"TOTAL_ASSETS_TDAYS":0.216092655173,"PREMIUM_EXPENSE":null,"LOAN_DEPOSIT":null,"LOAN_EQUITY":null,"LOAN_ASSETS":null,"DEPOSIT_EQUITY":null,"DEPOSIT_ASSETS":null,"EQUITY_MULTIPLIER":1.991223099911,"EQUITY_RATIO":1.263479777299},{"SECUCODE":"00001.HK","SECURITY_CODE":"00001","SECURITY_NAME_ABBR":"长和","ORG_CODE":"10434094","STD_REPORT_DATE":"2020-06-30 00:00:00","REPORT_DATE":"2020-06-30 00:00:00","DATE_TYPE_CODE":"002","REPORT_TYPE":"2020年中报","PER_NETCASH_OPERATE":6.815552380615,"PER_OI":29.526480373825,"BPS":111.092808409928,"BASIC_EPS":3.0782928,"DILUTED_EPS":null,"OPERATE_INCOME":113861209440,"OPERATE_INCOME_YOY":-15.5595447771,"GROSS_PROFIT":67229184000,"GROSS_PROFIT_YOY":-12.449505860498,"HOLDER_PROFIT":11874720000,"HOLDER_PROFIT_YOY":-29.0547915302,"GROSS_PROFIT_RATIO":59.044853230219,"EPS_TTM":8.151656402136,"OPERATE_INCOME_QOQ":-5.97117039549,"NET_PROFIT_RATIO":13.393394357,"ROE_AVG":2.795410366242,"GROSS_PROFIT_QOQ":-6.087664822185,"ROA":1.075815178263,"HOLDER_PROFIT_QOQ":-11.895455774115,"ROE_YEARLY":5.590820732484,"ROIC_YEARLY":2.773287481647,"TOTAL_ASSETS":1101422298240,"TOTAL_LIABILITIES":555550554240,"TAX_EBT":4.730655101575,"OCF_SALES":23.082847309689,"TOTAL_PARENT_EQUITY":425490399840,"DEBT_ASSET_RATIO":50.4393778052,"OPERATE_PROFIT":22535478240,"PRETAX_PROFIT":16007122560,"NETCASH_OPERATE":26282409120,"NETCASH_INVEST":-9454104000,"NETCASH_FINANCE":-14069716320,"END_CASH":128015875680,"DIVI_RATIO":0.274357042259,"DIVIDEND_RATE":6.243346007605,"CURRENT_RATIO":1.534845869989,"COMMON_ACS":8000000000,"CURRENTDEBT_DEBT":23.436852593572,"ISSUED_COMMON_SHARES":3830044500,"HK_COMMON_SHARES":3830044500,"PER_SHARES":500,"TOTAL_MARKET_CAP":151095255525,"HKSK_MARKET_CAP":151095255525,"PE_TTM":6.716240188692,"PB_TTM":0.280095979959,"REPORT_DATE_SQ":"2019-06-30 00:00:00","REPORT_TYPE_SQ":"2019年中报","OPERATE_INCOME_SQ":129855409200,"DPS_HKD":2.463,"OPERATE_INCOME_QOQ_SQ":7.998832230055,"NET_PROFIT_RATIO_SQ":15.1070315675,"HOLDER_PROFIT_SQ":16118889840,"HOLDER_PROFIT_QOQ_SQ":2.710503514594,"ROE_AVG_SQ":4.127919550173,"PE_TTM_SQ":5.638676625,"PB_TTM_SQ":0.30221362469,"ROA_SQ":1.453539333374,"START_DATE":"2020-01-01 00:00:00","FISCAL_YEAR":"12-31","CURRENCY":"HKD","IS_CNY_CODE":0,"DPS_HKD_LY":2.914,"ORG_TYPE":"一般企业","PREMIUM_INCOME":null,"PREMIUM_INCOME_YOY":null,"NET_INTEREST_INCOME":null,"NET_INTEREST_INCOME_YOY":null,"FEE_COMMISSION_INCOME":null,"FEE_COMMISSION_INCOME_YOY":null,"ACCOUNTS_RECE_TDAYS":2.25054615704,"INVENTORY_TDAYS":2.157464342314,"CURRENT_ASSETS_TDAYS":0.572302875036,"TOTAL_ASSETS_TDAYS":0.103154952143,"PREMIUM_EXPENSE":null,"LOAN_DEPOSIT":null,"LOAN_EQUITY":null,"LOAN_ASSETS":null,"DEPOSIT_EQUITY":null,"DEPOSIT_ASSETS":null,"EQUITY_MULTIPLIER":2.017730923695,"EQUITY_RATIO":1.305671184236}],"count":48},"success":true,"message":"ok","code":0}