{"version":"8af7f7e4e170de851dd00b1444e7998c","result":{"pages":6,"data":[{"SECUCODE":"00004.HK","SECURITY_CODE":"00004","SECURITY_NAME_ABBR":"九龙仓集团","ORG_CODE":"10007301","STD_REPORT_DATE":"2024-06-30 00:00:00","REPORT_DATE":"2024-06-30 00:00:00","DATE_TYPE_CODE":"002","REPORT_TYPE":"2024年中报","PER_NETCASH_OPERATE":0.159180003301,"PER_OI":2.100100906591,"BPS":40.224756969263,"BASIC_EPS":-0.7849048,"DILUTED_EPS":-0.7849048,"OPERATE_INCOME":6417965760,"OPERATE_INCOME_YOY":-13.5055350554,"GROSS_PROFIT":3787622000,"GROSS_PROFIT_YOY":-2.465835584414,"HOLDER_PROFIT":-2406737160,"HOLDER_PROFIT_YOY":-478.8793103448,"GROSS_PROFIT_RATIO":59.015927189989,"EPS_TTM":-0.717289835936,"OPERATE_INCOME_QOQ":-6.275780942602,"NET_PROFIT_RATIO":-36.3765642776,"ROE_AVG":-1.899322236547,"GROSS_PROFIT_QOQ":-1.167335761403,"ROA":-1.33556518414,"HOLDER_PROFIT_QOQ":-355.96846205396,"ROE_YEARLY":-3.798644473095,"ROIC_YEARLY":-2.91159226667,"TOTAL_ASSETS":173420152160,"TOTAL_LIABILITIES":45768163960,"TAX_EBT":53.851704852968,"OCF_SALES":7.579635949943,"TOTAL_PARENT_EQUITY":122927956520,"DEBT_ASSET_RATIO":26.3914910637,"OPERATE_PROFIT":2815617800,"PRETAX_PROFIT":-5058985240,"NETCASH_OPERATE":486458440,"NETCASH_INVEST":-658042280,"NETCASH_FINANCE":-661693000,"END_CASH":9701788400,"DIVI_RATIO":-0.507159005711,"DIVIDEND_RATE":2.247191011236,"CURRENT_RATIO":2.177708811227,"COMMON_ACS":null,"CURRENTDEBT_DEBT":44.335653179652,"ISSUED_COMMON_SHARES":3056027327,"HK_COMMON_SHARES":3056027327,"PER_SHARES":1000,"TOTAL_MARKET_CAP":54397286420.6,"HKSK_MARKET_CAP":54397286420.6,"PE_TTM":-22.779433174456,"PB_TTM":0.403873266715,"REPORT_DATE_SQ":"2023-06-30 00:00:00","REPORT_TYPE_SQ":"2023年中报","OPERATE_INCOME_SQ":7495697400,"DPS_HKD":0.4,"OPERATE_INCOME_QOQ_SQ":2.946466455594,"NET_PROFIT_RATIO_SQ":9.0405904059,"HOLDER_PROFIT_SQ":641698080,"HOLDER_PROFIT_QOQ_SQ":38.932526631943,"ROE_AVG_SQ":0.468385650979,"PE_TTM_SQ":-77.404069257974,"PB_TTM_SQ":0.566685011806,"ROA_SQ":0.318350432472,"START_DATE":"2024-01-01 00:00:00","FISCAL_YEAR":"12-31","CURRENCY":"HKD","IS_CNY_CODE":0,"DPS_HKD_LY":0.4,"ORG_TYPE":"一般企业","PREMIUM_INCOME":null,"PREMIUM_INCOME_YOY":null,"NET_INTEREST_INCOME":null,"NET_INTEREST_INCOME_YOY":null,"FEE_COMMISSION_INCOME":null,"FEE_COMMISSION_INCOME_YOY":null,"ACCOUNTS_RECE_TDAYS":4.148672566372,"INVENTORY_TDAYS":0.07894268301,"CURRENT_ASSETS_TDAYS":0.142188432025,"TOTAL_ASSETS_TDAYS":0.035615071577,"PREMIUM_EXPENSE":null,"LOAN_DEPOSIT":null,"LOAN_EQUITY":null,"LOAN_ASSETS":null,"DEPOSIT_EQUITY":null,"DEPOSIT_ASSETS":null,"EQUITY_MULTIPLIER":1.358538590784,"EQUITY_RATIO":0.372316967236},{"SECUCODE":"00004.HK","SECURITY_CODE":"00004","SECURITY_NAME_ABBR":"九龙仓集团","ORG_CODE":"10007301","STD_REPORT_DATE":"2023-12-31 00:00:00","REPORT_DATE":"2023-12-31 00:00:00","DATE_TYPE_CODE":"001","REPORT_TYPE":"2023年年报","PER_NETCASH_OPERATE":0.705457494098,"PER_OI":5.619344057652,"BPS":42.401286937183,"BASIC_EPS":0.2809282,"DILUTED_EPS":0.2809282,"OPERATE_INCOME":17172869000,"OPERATE_INCOME_YOY":4.9047829938,"GROSS_PROFIT":8203103440,"GROSS_PROFIT_YOY":3.847444616833,"HOLDER_PROFIT":856377900,"HOLDER_PROFIT_YOY":155.4252199413,"GROSS_PROFIT_RATIO":47.767810026385,"EPS_TTM":0.280225864616,"OPERATE_INCOME_QOQ":3.379574254551,"NET_PROFIT_RATIO":5.8311345646,"ROE_AVG":0.641604486479,"GROSS_PROFIT_QOQ":4.561114615125,"ROA":0.443015128146,"HOLDER_PROFIT_QOQ":192.076407757627,"ROE_YEARLY":0.641604486479,"ROIC_YEARLY":0.483320333977,"TOTAL_ASSETS":185663634940,"TOTAL_LIABILITIES":51359112280,"TAX_EBT":49.658314350797,"OCF_SALES":12.554089709763,"TOTAL_PARENT_EQUITY":129579491580,"DEBT_ASSET_RATIO":27.6624511292,"OPERATE_PROFIT":6249293120,"PRETAX_PROFIT":1989152900,"NETCASH_OPERATE":2155897380,"NETCASH_INVEST":-3216174780,"NETCASH_FINANCE":-1581353900,"END_CASH":10505808460,"DIVI_RATIO":1.298167107087,"DIVIDEND_RATE":2.178649237473,"CURRENT_RATIO":1.886709262788,"COMMON_ACS":null,"CURRENTDEBT_DEBT":47.222712354872,"ISSUED_COMMON_SHARES":3056027327,"HK_COMMON_SHARES":3056027327,"PER_SHARES":1000,"TOTAL_MARKET_CAP":56108661723.72,"HKSK_MARKET_CAP":56108661723.72,"PE_TTM":-23.496089499045,"PB_TTM":0.41657939196,"REPORT_DATE_SQ":"2022-12-31 00:00:00","REPORT_TYPE_SQ":"2022年年报","OPERATE_INCOME_SQ":16136029280,"DPS_HKD":0.4,"OPERATE_INCOME_QOQ_SQ":7.208045228983,"NET_PROFIT_RATIO_SQ":-7.9384410983,"HOLDER_PROFIT_SQ":-1523025350,"HOLDER_PROFIT_QOQ_SQ":-137.091041031241,"ROE_AVG_SQ":-1.087355112323,"PE_TTM_SQ":-75.397297092026,"PB_TTM_SQ":0.551993178166,"ROA_SQ":-0.717222812313,"START_DATE":"2023-01-01 00:00:00","FISCAL_YEAR":"12-31","CURRENCY":"HKD","IS_CNY_CODE":0,"DPS_HKD_LY":0.4,"ORG_TYPE":"一般企业","PREMIUM_INCOME":null,"PREMIUM_INCOME_YOY":null,"NET_INTEREST_INCOME":null,"NET_INTEREST_INCOME_YOY":null,"FEE_COMMISSION_INCOME":null,"FEE_COMMISSION_INCOME_YOY":null,"ACCOUNTS_RECE_TDAYS":11.236288170768,"INVENTORY_TDAYS":0.246888329051,"CURRENT_ASSETS_TDAYS":0.344695867288,"TOTAL_ASSETS_TDAYS":0.088837425168,"PREMIUM_EXPENSE":null,"LOAN_DEPOSIT":null,"LOAN_EQUITY":null,"LOAN_ASSETS":null,"DEPOSIT_EQUITY":null,"DEPOSIT_ASSETS":null,"EQUITY_MULTIPLIER":1.38240791347,"EQUITY_RATIO":0.39635216695},{"SECUCODE":"00004.HK","SECURITY_CODE":"00004","SECURITY_NAME_ABBR":"九龙仓集团","ORG_CODE":"10007301","STD_REPORT_DATE":"2023-06-30 00:00:00","REPORT_DATE":"2023-06-30 00:00:00","DATE_TYPE_CODE":"002","REPORT_TYPE":"2023年中报","PER_NETCASH_OPERATE":0.136666624775,"PER_OI":2.452758630061,"BPS":43.928213172028,"BASIC_EPS":0.2120554,"DILUTED_EPS":0.2120554,"OPERATE_INCOME":7495697400,"OPERATE_INCOME_YOY":-0.9623583871,"GROSS_PROFIT":3883379760,"GROSS_PROFIT_YOY":-1.36934121742,"HOLDER_PROFIT":641698080,"HOLDER_PROFIT_YOY":1121.0526315789,"GROSS_PROFIT_RATIO":51.808118081181,"EPS_TTM":-0.304340570447,"OPERATE_INCOME_QOQ":2.946466455594,"NET_PROFIT_RATIO":9.0405904059,"ROE_AVG":0.468385650979,"GROSS_PROFIT_QOQ":-0.682538629126,"ROA":0.318350432472,"HOLDER_PROFIT_QOQ":38.932526631943,"ROE_YEARLY":0.936771301957,"ROIC_YEARLY":0.686432842261,"TOTAL_ASSETS":198694987820,"TOTAL_LIABILITIES":60714226960,"TAX_EBT":47.909284195606,"OCF_SALES":5.571955719557,"TOTAL_PARENT_EQUITY":134245819880,"DEBT_ASSET_RATIO":30.5564964804,"OPERATE_PROFIT":2894095220,"PRETAX_PROFIT":1300913780,"NETCASH_OPERATE":417656940,"NETCASH_INVEST":-8637108640,"NETCASH_FINANCE":3160547440,"END_CASH":8166898840,"DIVI_RATIO":-1.195305638897,"DIVIDEND_RATE":2.178649237473,"CURRENT_RATIO":1.659216986546,"COMMON_ACS":null,"CURRENTDEBT_DEBT":47.631051448703,"ISSUED_COMMON_SHARES":3056027327,"HK_COMMON_SHARES":3056027327,"PER_SHARES":1000,"TOTAL_MARKET_CAP":56108661723.72,"HKSK_MARKET_CAP":56108661723.72,"PE_TTM":-23.496089499045,"PB_TTM":0.41657939196,"REPORT_DATE_SQ":"2022-06-30 00:00:00","REPORT_TYPE_SQ":"2022年中报","OPERATE_INCOME_SQ":7020254710,"DPS_HKD":0.4,"OPERATE_INCOME_QOQ_SQ":-17.736507499503,"NET_PROFIT_RATIO_SQ":2.1318065538,"HOLDER_PROFIT_SQ":48745830,"HOLDER_PROFIT_QOQ_SQ":-16.560271347192,"ROE_AVG_SQ":0.035663449657,"PE_TTM_SQ":-75.397297092026,"PB_TTM_SQ":0.551993178166,"ROA_SQ":0.022968635723,"START_DATE":"2023-01-01 00:00:00","FISCAL_YEAR":"12-31","CURRENCY":"HKD","IS_CNY_CODE":0,"DPS_HKD_LY":0.4,"ORG_TYPE":"一般企业","PREMIUM_INCOME":null,"PREMIUM_INCOME_YOY":null,"NET_INTEREST_INCOME":null,"NET_INTEREST_INCOME_YOY":null,"FEE_COMMISSION_INCOME":null,"FEE_COMMISSION_INCOME_YOY":null,"ACCOUNTS_RECE_TDAYS":4.353413654618,"INVENTORY_TDAYS":0.093218020247,"CURRENT_ASSETS_TDAYS":0.145828288536,"TOTAL_ASSETS_TDAYS":0.037186623793,"PREMIUM_EXPENSE":null,"LOAN_DEPOSIT":null,"LOAN_EQUITY":null,"LOAN_ASSETS":null,"DEPOSIT_EQUITY":null,"DEPOSIT_ASSETS":null,"EQUITY_MULTIPLIER":1.440019511282,"EQUITY_RATIO":0.452261582627},{"SECUCODE":"00004.HK","SECURITY_CODE":"00004","SECURITY_NAME_ABBR":"九龙仓集团","ORG_CODE":"10007301","STD_REPORT_DATE":"2022-12-31 00:00:00","REPORT_DATE":"2022-12-31 00:00:00","DATE_TYPE_CODE":"001","REPORT_TYPE":"2022年年报","PER_NETCASH_OPERATE":1.80727716706,"PER_OI":5.280067078405,"BPS":44.307958817542,"BASIC_EPS":-0.5002312,"DILUTED_EPS":-0.5002312,"OPERATE_INCOME":16136029280,"OPERATE_INCOME_YOY":-19.2778621861,"GROSS_PROFIT":7899186610,"GROSS_PROFIT_YOY":-14.606401240069,"HOLDER_PROFIT":-1523025350,"HOLDER_PROFIT_YOY":-128.3269646121,"GROSS_PROFIT_RATIO":48.953720106289,"EPS_TTM":-0.498367713058,"OPERATE_INCOME_QOQ":7.208045228983,"NET_PROFIT_RATIO":-7.9384410983,"ROE_AVG":-1.087355112323,"GROSS_PROFIT_QOQ":-7.173967692321,"ROA":-0.717222812313,"HOLDER_PROFIT_QOQ":-137.091041031241,"ROE_YEARLY":-1.087355112323,"ROIC_YEARLY":-0.795318582234,"TOTAL_ASSETS":198078156150,"TOTAL_LIABILITIES":58989764260,"TAX_EBT":734.513274336283,"OCF_SALES":34.228299379982,"TOTAL_PARENT_EQUITY":135406332950,"DEBT_ASSET_RATIO":29.7810548152,"OPERATE_PROFIT":5898261810,"PRETAX_PROFIT":201879020,"NETCASH_OPERATE":5523088410,"NETCASH_INVEST":3851780240,"NETCASH_FINANCE":-15678675040,"END_CASH":13084618960,"DIVI_RATIO":-0.7299429527,"DIVIDEND_RATE":2.178649237473,"CURRENT_RATIO":1.779220779221,"COMMON_ACS":null,"CURRENTDEBT_DEBT":50.60419758321,"ISSUED_COMMON_SHARES":3056027327,"HK_COMMON_SHARES":3056027327,"PER_SHARES":1000,"TOTAL_MARKET_CAP":56108661723.72,"HKSK_MARKET_CAP":56108661723.72,"PE_TTM":-23.496089499045,"PB_TTM":0.41657939196,"REPORT_DATE_SQ":"2021-12-31 00:00:00","REPORT_TYPE_SQ":"2021年年报","OPERATE_INCOME_SQ":18296252800,"DPS_HKD":0.4,"OPERATE_INCOME_QOQ_SQ":-19.987631315271,"NET_PROFIT_RATIO_SQ":28.3269282331,"HOLDER_PROFIT_SQ":4921134400,"HOLDER_PROFIT_QOQ_SQ":-13.756529368989,"ROE_AVG_SQ":3.751628365028,"PE_TTM_SQ":-75.397297092026,"PB_TTM_SQ":0.551993178166,"ROA_SQ":2.37064169596,"START_DATE":"2022-01-01 00:00:00","FISCAL_YEAR":"12-31","CURRENCY":"HKD","IS_CNY_CODE":0,"DPS_HKD_LY":0.4,"ORG_TYPE":"一般企业","PREMIUM_INCOME":null,"PREMIUM_INCOME_YOY":null,"NET_INTEREST_INCOME":null,"NET_INTEREST_INCOME_YOY":null,"FEE_COMMISSION_INCOME":null,"FEE_COMMISSION_INCOME_YOY":null,"ACCOUNTS_RECE_TDAYS":9.922548750343,"INVENTORY_TDAYS":0.201615812662,"CURRENT_ASSETS_TDAYS":0.270346313868,"TOTAL_ASSETS_TDAYS":0.075987758836,"PREMIUM_EXPENSE":null,"LOAN_DEPOSIT":null,"LOAN_EQUITY":null,"LOAN_ASSETS":null,"DEPOSIT_EQUITY":null,"DEPOSIT_ASSETS":null,"EQUITY_MULTIPLIER":1.424117091717,"EQUITY_RATIO":0.435649965366},{"SECUCODE":"00004.HK","SECURITY_CODE":"00004","SECURITY_NAME_ABBR":"九龙仓集团","ORG_CODE":"10007301","STD_REPORT_DATE":"2022-06-30 00:00:00","REPORT_DATE":"2022-06-30 00:00:00","DATE_TYPE_CODE":"002","REPORT_TYPE":"2022年中报","PER_NETCASH_OPERATE":1.513079509842,"PER_OI":2.297183224762,"BPS":44.112130300332,"BASIC_EPS":0.0171038,"DILUTED_EPS":0.0171038,"OPERATE_INCOME":7020254710,"OPERATE_INCOME_YOY":-33.4603226068,"GROSS_PROFIT":3937294760,"GROSS_PROFIT_YOY":-15.832969670055,"HOLDER_PROFIT":48745830,"HOLDER_PROFIT_YOY":-94.5086705202,"GROSS_PROFIT_RATIO":56.084784992082,"EPS_TTM":1.343633662475,"OPERATE_INCOME_QOQ":-17.736507499503,"NET_PROFIT_RATIO":2.1318065538,"ROE_AVG":0.035663449657,"GROSS_PROFIT_QOQ":-8.00684179101,"ROA":0.022968635723,"HOLDER_PROFIT_QOQ":-16.560271347192,"ROE_YEARLY":0.071326899313,"ROIC_YEARLY":0.051156174416,"TOTAL_ASSETS":207493894510,"TOTAL_LIABILITIES":68995874010,"TAX_EBT":85.34338358459,"OCF_SALES":65.866731636009,"TOTAL_PARENT_EQUITY":134807875650,"DEBT_ASSET_RATIO":33.2520020278,"OPERATE_PROFIT":2975206010,"PRETAX_PROFIT":1021096860,"NETCASH_OPERATE":4624012330,"NETCASH_INVEST":-1692421010,"NETCASH_FINANCE":-6516547800,"END_CASH":15738916760,"DIVI_RATIO":0.270743440091,"DIVIDEND_RATE":2.178649237473,"CURRENT_RATIO":1.683942094689,"COMMON_ACS":null,"CURRENTDEBT_DEBT":48.119089230159,"ISSUED_COMMON_SHARES":3056027327,"HK_COMMON_SHARES":3056027327,"PER_SHARES":1000,"TOTAL_MARKET_CAP":56108661723.72,"HKSK_MARKET_CAP":56108661723.72,"PE_TTM":-23.496089499045,"PB_TTM":0.41657939196,"REPORT_DATE_SQ":"2021-06-30 00:00:00","REPORT_TYPE_SQ":"2021年中报","OPERATE_INCOME_SQ":10265370960,"DPS_HKD":0.4,"OPERATE_INCOME_QOQ_SQ":29.396166156769,"NET_PROFIT_RATIO_SQ":9.3215530518,"HOLDER_PROFIT_SQ":863699040,"HOLDER_PROFIT_QOQ_SQ":75.458945725899,"ROE_AVG_SQ":0.640916795046,"PE_TTM_SQ":-75.397297092026,"PB_TTM_SQ":0.551993178166,"ROA_SQ":0.389889174566,"START_DATE":"2022-01-01 00:00:00","FISCAL_YEAR":"12-31","CURRENCY":"HKD","IS_CNY_CODE":0,"DPS_HKD_LY":0.4,"ORG_TYPE":"一般企业","PREMIUM_INCOME":null,"PREMIUM_INCOME_YOY":null,"NET_INTEREST_INCOME":null,"NET_INTEREST_INCOME_YOY":null,"FEE_COMMISSION_INCOME":null,"FEE_COMMISSION_INCOME_YOY":null,"ACCOUNTS_RECE_TDAYS":3.793438077634,"INVENTORY_TDAYS":0.077653799759,"CURRENT_ASSETS_TDAYS":0.117647901857,"TOTAL_ASSETS_TDAYS":0.033078865027,"PREMIUM_EXPENSE":null,"LOAN_DEPOSIT":null,"LOAN_EQUITY":null,"LOAN_ASSETS":null,"DEPOSIT_EQUITY":null,"DEPOSIT_ASSETS":null,"EQUITY_MULTIPLIER":1.498172275394,"EQUITY_RATIO":0.511808925683},{"SECUCODE":"00004.HK","SECURITY_CODE":"00004","SECURITY_NAME_ABBR":"九龙仓集团","ORG_CODE":"10007301","STD_REPORT_DATE":"2021-12-31 00:00:00","REPORT_DATE":"2021-12-31 00:00:00","DATE_TYPE_CODE":"001","REPORT_TYPE":"2021年年报","PER_NETCASH_OPERATE":0.683289177931,"PER_OI":5.986940181573,"BPS":43.346324435534,"BASIC_EPS":1.610672,"DILUTED_EPS":1.610672,"OPERATE_INCOME":18296252800,"OPERATE_INCOME_YOY":6.5771300662,"GROSS_PROFIT":9250326400,"GROSS_PROFIT_YOY":-19.291856099592,"HOLDER_PROFIT":4921134400,"HOLDER_PROFIT_YOY":55.7712215321,"GROSS_PROFIT_RATIO":50.55858432389,"EPS_TTM":1.610304448694,"OPERATE_INCOME_QOQ":-19.987631315271,"NET_PROFIT_RATIO":28.3269282331,"ROE_AVG":3.751628365028,"GROSS_PROFIT_QOQ":-27.731094632375,"ROA":2.37064169596,"HOLDER_PROFIT_QOQ":-13.756529368989,"ROE_YEARLY":3.751628365028,"ROIC_YEARLY":2.625008449832,"TOTAL_ASSETS":207425120000,"TOTAL_LIABILITIES":71395284800,"TAX_EBT":31.373822669698,"OCF_SALES":11.412994905711,"TOTAL_PARENT_EQUITY":132467552000,"DEBT_ASSET_RATIO":34.4197871502,"OPERATE_PROFIT":6979033600,"PRETAX_PROFIT":7552171200,"NETCASH_OPERATE":2088150400,"NETCASH_INVEST":9250326400,"NETCASH_FINANCE":-6061686400,"END_CASH":19261838400,"DIVI_RATIO":0.225907591757,"DIVIDEND_RATE":2.178649237473,"CURRENT_RATIO":1.923054986649,"COMMON_ACS":null,"CURRENTDEBT_DEBT":44.172783802664,"ISSUED_COMMON_SHARES":3056027327,"HK_COMMON_SHARES":3056027327,"PER_SHARES":1000,"TOTAL_MARKET_CAP":56108661723.72,"HKSK_MARKET_CAP":56108661723.72,"PE_TTM":-23.496089499045,"PB_TTM":0.41657939196,"REPORT_DATE_SQ":"2020-12-31 00:00:00","REPORT_TYPE_SQ":"2020年年报","OPERATE_INCOME_SQ":17671915080,"DPS_HKD":0.4,"OPERATE_INCOME_QOQ_SQ":34.979259121195,"NET_PROFIT_RATIO_SQ":22.7842072677,"HOLDER_PROFIT_SQ":3252096960,"HOLDER_PROFIT_QOQ_SQ":556.527594052269,"ROE_AVG_SQ":2.561247216036,"PE_TTM_SQ":-75.397297092026,"PB_TTM_SQ":0.551993178166,"ROA_SQ":1.557081922094,"START_DATE":"2021-01-01 00:00:00","FISCAL_YEAR":"12-31","CURRENCY":"HKD","IS_CNY_CODE":0,"DPS_HKD_LY":0.4,"ORG_TYPE":"一般企业","PREMIUM_INCOME":null,"PREMIUM_INCOME_YOY":null,"NET_INTEREST_INCOME":null,"NET_INTEREST_INCOME_YOY":null,"FEE_COMMISSION_INCOME":null,"FEE_COMMISSION_INCOME_YOY":null,"ACCOUNTS_RECE_TDAYS":11.061789421651,"INVENTORY_TDAYS":0.24348323632,"CURRENT_ASSETS_TDAYS":0.330080905075,"TOTAL_ASSETS_TDAYS":0.088137929676,"PREMIUM_EXPENSE":null,"LOAN_DEPOSIT":null,"LOAN_EQUITY":null,"LOAN_ASSETS":null,"DEPOSIT_EQUITY":null,"DEPOSIT_ASSETS":null,"EQUITY_MULTIPLIER":1.52485018963,"EQUITY_RATIO":0.538964325392},{"SECUCODE":"00004.HK","SECURITY_CODE":"00004","SECURITY_NAME_ABBR":"九龙仓集团","ORG_CODE":"10007301","STD_REPORT_DATE":"2021-06-30 00:00:00","REPORT_DATE":"2021-06-30 00:00:00","DATE_TYPE_CODE":"002","REPORT_TYPE":"2021年中报","PER_NETCASH_OPERATE":-1.831741571694,"PER_OI":3.359826906035,"BPS":44.940903291864,"BASIC_EPS":0.2829072,"DILUTED_EPS":0.2829072,"OPERATE_INCOME":10265370960,"OPERATE_INCOME_YOY":122.2482435597,"GROSS_PROFIT":4677953760,"GROSS_PROFIT_YOY":40.07792889495,"HOLDER_PROFIT":863699040,"HOLDER_PROFIT_YOY":159.6209075244,"GROSS_PROFIT_RATIO":45.570235875821,"EPS_TTM":1.867588781593,"OPERATE_INCOME_QOQ":29.396166156769,"NET_PROFIT_RATIO":9.3215530518,"ROE_AVG":0.640916795046,"GROSS_PROFIT_QOQ":11.677551347781,"ROA":0.389889174566,"HOLDER_PROFIT_QOQ":75.458945725899,"ROE_YEARLY":1.281833590091,"ROIC_YEARLY":0.853641236299,"TOTAL_ASSETS":231621117120,"TOTAL_LIABILITIES":90303146160,"TAX_EBT":55.357142857143,"OCF_SALES":-54.518926805544,"TOTAL_PARENT_EQUITY":137340628560,"DEBT_ASSET_RATIO":38.9874409047,"OPERATE_PROFIT":3578776080,"PRETAX_PROFIT":2143438080,"NETCASH_OPERATE":-5596570080,"NETCASH_INVEST":-7426314000,"NETCASH_FINANCE":15655585200,"END_CASH":16643264160,"DIVI_RATIO":0.194785920533,"DIVIDEND_RATE":2.178649237473,"CURRENT_RATIO":1.402730575413,"COMMON_ACS":null,"CURRENTDEBT_DEBT":47.175357284362,"ISSUED_COMMON_SHARES":3056027327,"HK_COMMON_SHARES":3056027327,"PER_SHARES":1000,"TOTAL_MARKET_CAP":56108661723.72,"HKSK_MARKET_CAP":56108661723.72,"PE_TTM":-23.496089499045,"PB_TTM":0.41657939196,"REPORT_DATE_SQ":"2020-06-30 00:00:00","REPORT_TYPE_SQ":"2020年中报","OPERATE_INCOME_SQ":5070505440,"DPS_HKD":0.4,"OPERATE_INCOME_QOQ_SQ":-13.384190350311,"NET_PROFIT_RATIO_SQ":-31.0034228067,"HOLDER_PROFIT_SQ":-1590299040,"HOLDER_PROFIT_QOQ_SQ":-123.485950273869,"ROE_AVG_SQ":-1.231511413232,"PE_TTM_SQ":-75.397297092026,"PB_TTM_SQ":0.551993178166,"ROA_SQ":-0.728454930774,"START_DATE":"2021-01-01 00:00:00","FISCAL_YEAR":"12-31","CURRENCY":"HKD","IS_CNY_CODE":0,"DPS_HKD_LY":0.4,"ORG_TYPE":"一般企业","PREMIUM_INCOME":null,"PREMIUM_INCOME_YOY":null,"NET_INTEREST_INCOME":null,"NET_INTEREST_INCOME_YOY":null,"FEE_COMMISSION_INCOME":null,"FEE_COMMISSION_INCOME_YOY":null,"ACCOUNTS_RECE_TDAYS":5.07695473251,"INVENTORY_TDAYS":0.147087814601,"CURRENT_ASSETS_TDAYS":0.18519852886,"TOTAL_ASSETS_TDAYS":0.046339718175,"PREMIUM_EXPENSE":null,"LOAN_DEPOSIT":null,"LOAN_EQUITY":null,"LOAN_ASSETS":null,"DEPOSIT_EQUITY":null,"DEPOSIT_ASSETS":null,"EQUITY_MULTIPLIER":1.639006812414,"EQUITY_RATIO":0.657512253343},{"SECUCODE":"00004.HK","SECURITY_CODE":"00004","SECURITY_NAME_ABBR":"九龙仓集团","ORG_CODE":"10007301","STD_REPORT_DATE":"2020-12-31 00:00:00","REPORT_DATE":"2020-12-31 00:00:00","DATE_TYPE_CODE":"001","REPORT_TYPE":"2020年年报","PER_NETCASH_OPERATE":2.832196809412,"PER_OI":5.791550098093,"BPS":43.748915259618,"BASIC_EPS":1.0688828,"DILUTED_EPS":1.0688828,"OPERATE_INCOME":17671915080,"OPERATE_INCOME_YOY":24.4340405357,"GROSS_PROFIT":11461453520,"GROSS_PROFIT_YOY":23.909959508982,"HOLDER_PROFIT":3252096960,"HOLDER_PROFIT_YOY":14.1169521559,"GROSS_PROFIT_RATIO":64.856884316807,"EPS_TTM":1.065797474831,"OPERATE_INCOME_QOQ":34.979259121195,"NET_PROFIT_RATIO":22.7842072677,"ROE_AVG":2.561247216036,"GROSS_PROFIT_QOQ":39.506865119106,"ROA":1.557081922094,"HOLDER_PROFIT_QOQ":556.527594052269,"ROE_YEARLY":2.561247216036,"ROIC_YEARLY":1.739514070526,"TOTAL_ASSETS":213856515800,"TOTAL_LIABILITIES":76268575160,"TAX_EBT":49.784822084602,"OCF_SALES":48.902224127256,"TOTAL_PARENT_EQUITY":133697880560,"DEBT_ASSET_RATIO":35.663432968,"OPERATE_PROFIT":9345570560,"PRETAX_PROFIT":8018304280,"NETCASH_OPERATE":8641959520,"NETCASH_INVEST":-11965595880,"NETCASH_FINANCE":-4637436400,"END_CASH":14028455520,"DIVI_RATIO":0.341321882056,"DIVIDEND_RATE":2.178649237473,"CURRENT_RATIO":1.343888135148,"COMMON_ACS":null,"CURRENTDEBT_DEBT":50.428718039263,"ISSUED_COMMON_SHARES":3056027327,"HK_COMMON_SHARES":3056027327,"PER_SHARES":1000,"TOTAL_MARKET_CAP":56108661723.72,"HKSK_MARKET_CAP":56108661723.72,"PE_TTM":-23.496089499045,"PB_TTM":0.41657939196,"REPORT_DATE_SQ":"2019-12-31 00:00:00","REPORT_TYPE_SQ":"2019年年报","OPERATE_INCOME_SQ":15115391720,"DPS_HKD":0.4,"OPERATE_INCOME_QOQ_SQ":-20.22023517152,"NET_PROFIT_RATIO_SQ":20.5641815811,"HOLDER_PROFIT_SQ":3033111080,"HOLDER_PROFIT_QOQ_SQ":-45.31953279893,"ROE_AVG_SQ":2.433362798152,"PE_TTM_SQ":-75.397297092026,"PB_TTM_SQ":0.551993178166,"ROA_SQ":1.442179710244,"START_DATE":"2020-01-01 00:00:00","FISCAL_YEAR":"12-31","CURRENCY":"HKD","IS_CNY_CODE":0,"DPS_HKD_LY":0.275,"ORG_TYPE":"一般企业","PREMIUM_INCOME":null,"PREMIUM_INCOME_YOY":null,"NET_INTEREST_INCOME":null,"NET_INTEREST_INCOME_YOY":null,"FEE_COMMISSION_INCOME":null,"FEE_COMMISSION_INCOME_YOY":null,"ACCOUNTS_RECE_TDAYS":10.126356402218,"INVENTORY_TDAYS":0.17065414725,"CURRENT_ASSETS_TDAYS":0.311442704896,"TOTAL_ASSETS_TDAYS":0.08461192836,"PREMIUM_EXPENSE":null,"LOAN_DEPOSIT":null,"LOAN_EQUITY":null,"LOAN_ASSETS":null,"DEPOSIT_EQUITY":null,"DEPOSIT_ASSETS":null,"EQUITY_MULTIPLIER":1.554326017275,"EQUITY_RATIO":0.570454631297},{"SECUCODE":"00004.HK","SECURITY_CODE":"00004","SECURITY_NAME_ABBR":"九龙仓集团","ORG_CODE":"10007301","STD_REPORT_DATE":"2020-06-30 00:00:00","REPORT_DATE":"2020-06-30 00:00:00","DATE_TYPE_CODE":"002","REPORT_TYPE":"2020年中报","PER_NETCASH_OPERATE":0.834232177785,"PER_OI":1.662773004985,"BPS":41.806244594488,"BASIC_EPS":-0.5206608,"DILUTED_EPS":-0.5206608,"OPERATE_INCOME":5070505440,"OPERATE_INCOME_YOY":-31.1631944444,"GROSS_PROFIT":3339536640,"GROSS_PROFIT_YOY":-23.644513497673,"HOLDER_PROFIT":-1590299040,"HOLDER_PROFIT_YOY":-171.0612244898,"GROSS_PROFIT_RATIO":65.862006845613,"EPS_TTM":-0.233602864936,"OPERATE_INCOME_QOQ":-13.384190350311,"NET_PROFIT_RATIO":-31.0034228067,"ROE_AVG":-1.231511413232,"GROSS_PROFIT_QOQ":-11.180027303178,"ROA":-0.728454930774,"HOLDER_PROFIT_QOQ":-123.485950273869,"ROE_YEARLY":-2.463022826464,"ROIC_YEARLY":-1.636812774849,"TOTAL_ASSETS":215370883200,"TOTAL_LIABILITIES":84470364000,"TAX_EBT":-25.712198685172,"OCF_SALES":50.171140335075,"TOTAL_PARENT_EQUITY":127761025920,"DEBT_ASSET_RATIO":39.2208838748,"OPERATE_PROFIT":2299128480,"PRETAX_PROFIT":-1250499360,"NETCASH_OPERATE":2543930400,"NETCASH_INVEST":-4396386720,"NETCASH_FINANCE":-4080336480,"END_CASH":16751576160,"DIVI_RATIO":-1.55725829861,"DIVIDEND_RATE":2.178649237473,"CURRENT_RATIO":1.424710775735,"COMMON_ACS":null,"CURRENTDEBT_DEBT":47.577183022439,"ISSUED_COMMON_SHARES":3056027327,"HK_COMMON_SHARES":3056027327,"PER_SHARES":1000,"TOTAL_MARKET_CAP":56108661723.72,"HKSK_MARKET_CAP":56108661723.72,"PE_TTM":-23.496089499045,"PB_TTM":0.41657939196,"REPORT_DATE_SQ":"2019-06-30 00:00:00","REPORT_TYPE_SQ":"2019年中报","OPERATE_INCOME_SQ":7093578240,"DPS_HKD":0.4,"OPERATE_INCOME_QOQ_SQ":2.69946002337,"NET_PROFIT_RATIO_SQ":30.6671626984,"HOLDER_PROFIT_SQ":2155167000,"HOLDER_PROFIT_QOQ_SQ":-4.413162089339,"ROE_AVG_SQ":1.762932368158,"PE_TTM_SQ":-75.397297092026,"PB_TTM_SQ":0.551993178166,"ROA_SQ":1.056754168787,"START_DATE":"2020-01-01 00:00:00","FISCAL_YEAR":"12-31","CURRENCY":"HKD","IS_CNY_CODE":0,"DPS_HKD_LY":0.275,"ORG_TYPE":"一般企业","PREMIUM_INCOME":null,"PREMIUM_INCOME_YOY":null,"NET_INTEREST_INCOME":null,"NET_INTEREST_INCOME_YOY":null,"FEE_COMMISSION_INCOME":null,"FEE_COMMISSION_INCOME_YOY":null,"ACCOUNTS_RECE_TDAYS":2.035570223689,"INVENTORY_TDAYS":0.044706576231,"CURRENT_ASSETS_TDAYS":0.081568177978,"TOTAL_ASSETS_TDAYS":0.023226038603,"PREMIUM_EXPENSE":null,"LOAN_DEPOSIT":null,"LOAN_EQUITY":null,"LOAN_ASSETS":null,"DEPOSIT_EQUITY":null,"DEPOSIT_ASSETS":null,"EQUITY_MULTIPLIER":1.645301978298,"EQUITY_RATIO":0.661159092859}],"count":50},"success":true,"message":"ok","code":0}