{"version":"a10fd4f86feb6eb5cadaf26388f9bff6","result":{"pages":6,"data":[{"SECUCODE":"00008.HK","SECURITY_CODE":"00008","SECURITY_NAME_ABBR":"电讯盈科","ORG_CODE":"10007304","STD_REPORT_DATE":"2024-06-30 00:00:00","REPORT_DATE":"2024-06-30 00:00:00","DATE_TYPE_CODE":"002","REPORT_TYPE":"2024年中报","PER_NETCASH_OPERATE":0.520157577199,"PER_OI":2.0869981413,"BPS":-0.001650615604,"BASIC_EPS":-0.054578264,"DILUTED_EPS":-0.054578264,"OPERATE_INCOME":16152610640,"OPERATE_INCOME_YOY":5.0326409496,"GROSS_PROFIT":7994164120,"GROSS_PROFIT_YOY":1.31628982791,"HOLDER_PROFIT":-421658160,"HOLDER_PROFIT_YOY":4.9382716049,"GROSS_PROFIT_RATIO":49.491467962482,"EPS_TTM":-0.051734394699,"OPERATE_INCOME_QOQ":1.873946657691,"NET_PROFIT_RATIO":1.9832749463,"ROE_AVG":-37.454398054317,"GROSS_PROFIT_QOQ":0.628638787448,"ROA":-0.484940091005,"HOLDER_PROFIT_QOQ":6.190788727362,"ROE_YEARLY":-74.908796108634,"ROIC_YEARLY":-1.075775833464,"TOTAL_ASSETS":87595375680,"TOTAL_LIABILITIES":81505062040,"TAX_EBT":48.153618906942,"OCF_SALES":24.923720194372,"TOTAL_PARENT_EQUITY":-12777520,"DEBT_ASSET_RATIO":93.0472201384,"OPERATE_PROFIT":1991467760,"PRETAX_PROFIT":617884360,"NETCASH_OPERATE":4025831480,"NETCASH_INVEST":-3533896960,"NETCASH_FINANCE":-1094303320,"END_CASH":1785202080,"DIVI_RATIO":-6.712367932813,"DIVIDEND_RATE":8.018867924528,"CURRENT_RATIO":0.604038257173,"COMMON_ACS":null,"CURRENTDEBT_DEBT":26.342900014557,"ISSUED_COMMON_SHARES":7741063374,"HK_COMMON_SHARES":7741063374,"PER_SHARES":1000,"TOTAL_MARKET_CAP":36924872293.98,"HKSK_MARKET_CAP":36924872293.98,"PE_TTM":-82.605978286309,"PB_TTM":-2637.49087814143,"REPORT_DATE_SQ":"2023-06-30 00:00:00","REPORT_TYPE_SQ":"2023年中报","OPERATE_INCOME_SQ":15535363000,"DPS_HKD":0.3825,"OPERATE_INCOME_QOQ_SQ":3.790666199415,"NET_PROFIT_RATIO_SQ":3.0385756677,"HOLDER_PROFIT_SQ":-448082280,"HOLDER_PROFIT_QOQ_SQ":-264.15926237733,"ROE_AVG_SQ":-10.38794485412,"PE_TTM_SQ":-134.153729649333,"PB_TTM_SQ":8.466183306821,"ROA_SQ":-0.520092032747,"START_DATE":"2024-01-01 00:00:00","FISCAL_YEAR":"12-31","CURRENCY":"HKD","IS_CNY_CODE":0,"DPS_HKD_LY":0.3825,"ORG_TYPE":"一般企业","PREMIUM_INCOME":null,"PREMIUM_INCOME_YOY":null,"NET_INTEREST_INCOME":null,"NET_INTEREST_INCOME_YOY":null,"FEE_COMMISSION_INCOME":null,"FEE_COMMISSION_INCOME_YOY":null,"ACCOUNTS_RECE_TDAYS":4.593303919024,"INVENTORY_TDAYS":4.649674902471,"CURRENT_ASSETS_TDAYS":1.245417121143,"TOTAL_ASSETS_TDAYS":0.185767743087,"PREMIUM_EXPENSE":null,"LOAN_DEPOSIT":null,"LOAN_EQUITY":null,"LOAN_ASSETS":null,"DEPOSIT_EQUITY":null,"DEPOSIT_ASSETS":null,"EQUITY_MULTIPLIER":14.382736400486,"EQUITY_RATIO":-6378.78571428571},{"SECUCODE":"00008.HK","SECURITY_CODE":"00008","SECURITY_NAME_ABBR":"电讯盈科","ORG_CODE":"10007304","STD_REPORT_DATE":"2023-12-31 00:00:00","REPORT_DATE":"2023-12-31 00:00:00","DATE_TYPE_CODE":"001","REPORT_TYPE":"2023年年报","PER_NETCASH_OPERATE":1.56265858053,"PER_OI":4.255803343813,"BPS":0.29044224435,"BASIC_EPS":-0.05527942,"DILUTED_EPS":-0.05527942,"OPERATE_INCOME":32938378340,"OPERATE_INCOME_YOY":0.7819215306,"GROSS_PROFIT":16521296820,"GROSS_PROFIT_YOY":1.896866352169,"HOLDER_PROFIT":-426829620,"HOLDER_PROFIT_YOY":-398.1012658228,"GROSS_PROFIT_RATIO":50.158197375299,"EPS_TTM":-0.05514852326,"OPERATE_INCOME_QOQ":-1.491154582851,"NET_PROFIT_RATIO":5.7501306848,"ROE_AVG":-11.723708774113,"GROSS_PROFIT_QOQ":-1.417312530988,"ROA":-0.496764701229,"HOLDER_PROFIT_QOQ":-84.225321109471,"ROE_YEARLY":-11.723708774113,"ROIC_YEARLY":-0.556195199717,"TOTAL_ASSETS":85694881860,"TOTAL_LIABILITIES":76903641640,"TAX_EBT":16.366546618648,"OCF_SALES":36.718298621619,"TOTAL_PARENT_EQUITY":2248331820,"DEBT_ASSET_RATIO":89.7412307139,"OPERATE_PROFIT":4754936340,"PRETAX_PROFIT":2264643780,"NETCASH_OPERATE":12094412120,"NETCASH_INVEST":-6762213640,"NETCASH_FINANCE":-5680186960,"END_CASH":2380639940,"DIVI_RATIO":-6.29681941549,"DIVIDEND_RATE":8.71298405467,"CURRENT_RATIO":0.684273882897,"COMMON_ACS":null,"CURRENTDEBT_DEBT":24.472673281327,"ISSUED_COMMON_SHARES":7741063374,"HK_COMMON_SHARES":7741063374,"PER_SHARES":1000,"TOTAL_MARKET_CAP":33983268211.86,"HKSK_MARKET_CAP":33983268211.86,"PE_TTM":-76.025208527651,"PB_TTM":-2427.37630084714,"REPORT_DATE_SQ":"2022-12-31 00:00:00","REPORT_TYPE_SQ":"2022年年报","OPERATE_INCOME_SQ":32215782550,"DPS_HKD":0.3825,"OPERATE_INCOME_QOQ_SQ":-0.075374030052,"NET_PROFIT_RATIO_SQ":7.655621794,"HOLDER_PROFIT_SQ":141136660,"HOLDER_PROFIT_QOQ_SQ":-86.381172464252,"ROE_AVG_SQ":2.252155940418,"PE_TTM_SQ":-132.218820087083,"PB_TTM_SQ":8.344074893742,"ROA_SQ":0.166942262279,"START_DATE":"2023-01-01 00:00:00","FISCAL_YEAR":"12-31","CURRENCY":"HKD","IS_CNY_CODE":0,"DPS_HKD_LY":0.3825,"ORG_TYPE":"一般企业","PREMIUM_INCOME":null,"PREMIUM_INCOME_YOY":null,"NET_INTEREST_INCOME":null,"NET_INTEREST_INCOME_YOY":null,"FEE_COMMISSION_INCOME":null,"FEE_COMMISSION_INCOME_YOY":null,"ACCOUNTS_RECE_TDAYS":8.320247224448,"INVENTORY_TDAYS":9.864416008712,"CURRENT_ASSETS_TDAYS":2.325687046102,"TOTAL_ASSETS_TDAYS":0.383352581647,"PREMIUM_EXPENSE":null,"LOAN_DEPOSIT":null,"LOAN_EQUITY":null,"LOAN_ASSETS":null,"DEPOSIT_EQUITY":null,"DEPOSIT_ASSETS":null,"EQUITY_MULTIPLIER":9.747757963082,"EQUITY_RATIO":34.204756146715},{"SECUCODE":"00008.HK","SECURITY_CODE":"00008","SECURITY_NAME_ABBR":"电讯盈科","ORG_CODE":"10007304","STD_REPORT_DATE":"2023-06-30 00:00:00","REPORT_DATE":"2023-06-30 00:00:00","DATE_TYPE_CODE":"002","REPORT_TYPE":"2023年中报","PER_NETCASH_OPERATE":0.601101877158,"PER_OI":2.007246656781,"BPS":0.452946807253,"BASIC_EPS":-0.057992542,"DILUTED_EPS":-0.057992542,"OPERATE_INCOME":15535363000,"OPERATE_INCOME_YOY":0.6691360975,"GROSS_PROFIT":7890304840,"GROSS_PROFIT_YOY":7.420845355477,"HOLDER_PROFIT":-448082280,"HOLDER_PROFIT_YOY":-452.2727272727,"GROSS_PROFIT_RATIO":50.789317507418,"EPS_TTM":-0.029935365523,"OPERATE_INCOME_QOQ":3.790666199415,"NET_PROFIT_RATIO":3.0385756677,"ROE_AVG":-10.38794485412,"GROSS_PROFIT_QOQ":3.361826471,"ROA":-0.520092032747,"HOLDER_PROFIT_QOQ":-264.15926237733,"ROE_YEARLY":-20.77588970824,"ROIC_YEARLY":-1.163981246969,"TOTAL_ASSETS":84661735480,"TOTAL_LIABILITIES":74721869100,"TAX_EBT":41.41876430206,"OCF_SALES":29.946587537092,"TOTAL_PARENT_EQUITY":3506289940,"DEBT_ASSET_RATIO":88.2593165334,"OPERATE_PROFIT":1882683160,"PRETAX_PROFIT":805810520,"NETCASH_OPERATE":4652311080,"NETCASH_INVEST":-2390694140,"NETCASH_FINANCE":-2740124560,"END_CASH":2290198320,"DIVI_RATIO":-11.60033578787,"DIVIDEND_RATE":8.71298405467,"CURRENT_RATIO":0.738083511191,"COMMON_ACS":null,"CURRENTDEBT_DEBT":22.546733296317,"ISSUED_COMMON_SHARES":7741063374,"HK_COMMON_SHARES":7741063374,"PER_SHARES":1000,"TOTAL_MARKET_CAP":33983268211.86,"HKSK_MARKET_CAP":33983268211.86,"PE_TTM":-76.025208527651,"PB_TTM":-2427.37630084714,"REPORT_DATE_SQ":"2022-06-30 00:00:00","REPORT_TYPE_SQ":"2022年中报","OPERATE_INCOME_SQ":14314170220,"DPS_HKD":0.3825,"OPERATE_INCOME_QOQ_SQ":2.014247126167,"NET_PROFIT_RATIO_SQ":5.0996932515,"HOLDER_PROFIT_SQ":-75256720,"HOLDER_PROFIT_QOQ_SQ":21.995464553641,"ROE_AVG_SQ":-1.213960546282,"PE_TTM_SQ":-132.218820087083,"PB_TTM_SQ":8.344074893742,"ROA_SQ":-0.09387818239,"START_DATE":"2023-01-01 00:00:00","FISCAL_YEAR":"12-31","CURRENCY":"HKD","IS_CNY_CODE":0,"DPS_HKD_LY":0.3825,"ORG_TYPE":"一般企业","PREMIUM_INCOME":null,"PREMIUM_INCOME_YOY":null,"NET_INTEREST_INCOME":null,"NET_INTEREST_INCOME_YOY":null,"FEE_COMMISSION_INCOME":null,"FEE_COMMISSION_INCOME_YOY":null,"ACCOUNTS_RECE_TDAYS":4.259891290608,"INVENTORY_TDAYS":4.092793682132,"CURRENT_ASSETS_TDAYS":1.10372383978,"TOTAL_ASSETS_TDAYS":0.180319974316,"PREMIUM_EXPENSE":null,"LOAN_DEPOSIT":null,"LOAN_EQUITY":null,"LOAN_ASSETS":null,"DEPOSIT_EQUITY":null,"DEPOSIT_ASSETS":null,"EQUITY_MULTIPLIER":8.517391707602,"EQUITY_RATIO":21.310807257428},{"SECUCODE":"00008.HK","SECURITY_CODE":"00008","SECURITY_NAME_ABBR":"电讯盈科","ORG_CODE":"10007304","STD_REPORT_DATE":"2022-12-31 00:00:00","REPORT_DATE":"2022-12-31 00:00:00","DATE_TYPE_CODE":"001","REPORT_TYPE":"2022年年报","PER_NETCASH_OPERATE":1.193275219445,"PER_OI":4.162440351028,"BPS":0.640896649505,"BASIC_EPS":0.018312035,"DILUTED_EPS":0.018222708,"OPERATE_INCOME":32215782550,"OPERATE_INCOME_YOY":1.7204907629,"GROSS_PROFIT":16213743770,"GROSS_PROFIT_YOY":11.849407300528,"HOLDER_PROFIT":141136660,"HOLDER_PROFIT_YOY":-84.7930702599,"GROSS_PROFIT_RATIO":50.328573409122,"EPS_TTM":0.018235562885,"OPERATE_INCOME_QOQ":-0.075374030052,"NET_PROFIT_RATIO":7.655621794,"ROE_AVG":2.252155940418,"GROSS_PROFIT_QOQ":11.137415884024,"ROA":0.166942262279,"HOLDER_PROFIT_QOQ":-86.381172464252,"ROE_YEARLY":2.252155940418,"ROIC_YEARLY":0.189323587562,"TOTAL_ASSETS":84917819280,"TOTAL_LIABILITIES":73515227730,"TAX_EBT":25.856098499423,"OCF_SALES":28.667683349508,"TOTAL_PARENT_EQUITY":4961221580,"DEBT_ASSET_RATIO":86.5722039889,"OPERATE_PROFIT":4110828540,"PRETAX_PROFIT":2321608730,"NETCASH_OPERATE":9235518530,"NETCASH_INVEST":-5365872890,"NETCASH_FINANCE":-5206870830,"END_CASH":2687849430,"DIVI_RATIO":19.04302566266,"DIVIDEND_RATE":8.71298405467,"CURRENT_RATIO":0.699351768278,"COMMON_ACS":null,"CURRENTDEBT_DEBT":29.616398741176,"ISSUED_COMMON_SHARES":7741063374,"HK_COMMON_SHARES":7741063374,"PER_SHARES":1000,"TOTAL_MARKET_CAP":33983268211.86,"HKSK_MARKET_CAP":33983268211.86,"PE_TTM":-76.025208527651,"PB_TTM":-2427.37630084714,"REPORT_DATE_SQ":"2021-12-31 00:00:00","REPORT_TYPE_SQ":"2021年年报","OPERATE_INCOME_SQ":28988008000,"DPS_HKD":0.3825,"OPERATE_INCOME_QOQ_SQ":3.295422110254,"NET_PROFIT_RATIO_SQ":7.6240492575,"HOLDER_PROFIT_SQ":849486400,"HOLDER_PROFIT_QOQ_SQ":244.684786840045,"ROE_AVG_SQ":11.287343834872,"PE_TTM_SQ":-132.218820087083,"PB_TTM_SQ":8.344074893742,"ROA_SQ":1.081942289469,"START_DATE":"2022-01-01 00:00:00","FISCAL_YEAR":"12-31","CURRENCY":"HKD","IS_CNY_CODE":0,"DPS_HKD_LY":0.3725,"ORG_TYPE":"一般企业","PREMIUM_INCOME":null,"PREMIUM_INCOME_YOY":null,"NET_INTEREST_INCOME":null,"NET_INTEREST_INCOME_YOY":null,"FEE_COMMISSION_INCOME":null,"FEE_COMMISSION_INCOME_YOY":null,"ACCOUNTS_RECE_TDAYS":6.96033966998,"INVENTORY_TDAYS":10.210316329439,"CURRENT_ASSETS_TDAYS":2.022317548434,"TOTAL_ASSETS_TDAYS":0.381061562601,"PREMIUM_EXPENSE":null,"LOAN_DEPOSIT":null,"LOAN_EQUITY":null,"LOAN_ASSETS":null,"DEPOSIT_EQUITY":null,"DEPOSIT_ASSETS":null,"EQUITY_MULTIPLIER":7.447238542895,"EQUITY_RATIO":14.817969031329},{"SECUCODE":"00008.HK","SECURITY_CODE":"00008","SECURITY_NAME_ABBR":"电讯盈科","ORG_CODE":"10007304","STD_REPORT_DATE":"2022-06-30 00:00:00","REPORT_DATE":"2022-06-30 00:00:00","DATE_TYPE_CODE":"002","REPORT_TYPE":"2022年中报","PER_NETCASH_OPERATE":0.348942668005,"PER_OI":1.849462437324,"BPS":0.665166882278,"BASIC_EPS":-0.009749166,"DILUTED_EPS":-0.009749166,"OPERATE_INCOME":14314170220,"OPERATE_INCOME_YOY":1.4334926103,"GROSS_PROFIT":7345226910,"GROSS_PROFIT_YOY":7.731863870931,"HOLDER_PROFIT":-75256720,"HOLDER_PROFIT_YOY":72.0634920635,"GROSS_PROFIT_RATIO":46.072524101665,"EPS_TTM":0.133899653531,"OPERATE_INCOME_QOQ":2.014247126167,"NET_PROFIT_RATIO":5.0996932515,"ROE_AVG":-1.213960546282,"GROSS_PROFIT_QOQ":2.637823294481,"ROA":-0.09387818239,"HOLDER_PROFIT_QOQ":21.995464553641,"ROE_YEARLY":-2.427921092564,"ROIC_YEARLY":-0.21154990354,"TOTAL_ASSETS":79749888260,"TOTAL_LIABILITIES":69144677070,"TAX_EBT":36.4896073903,"OCF_SALES":17.298422436459,"TOTAL_PARENT_EQUITY":5149098990,"DEBT_ASSET_RATIO":86.70191091,"OPERATE_PROFIT":1829251410,"PRETAX_PROFIT":1110891810,"NETCASH_OPERATE":2700690020,"NETCASH_INVEST":-2946129550,"NETCASH_FINANCE":-1759981020,"END_CASH":1876286860,"DIVI_RATIO":2.593436822586,"DIVIDEND_RATE":8.71298405467,"CURRENT_RATIO":0.82151535233,"COMMON_ACS":null,"CURRENTDEBT_DEBT":27.995250640051,"ISSUED_COMMON_SHARES":7741063374,"HK_COMMON_SHARES":7741063374,"PER_SHARES":1000,"TOTAL_MARKET_CAP":33983268211.86,"HKSK_MARKET_CAP":33983268211.86,"PE_TTM":-76.025208527651,"PB_TTM":-2427.37630084714,"REPORT_DATE_SQ":"2021-06-30 00:00:00","REPORT_TYPE_SQ":"2021年中报","OPERATE_INCOME_SQ":14975775840,"DPS_HKD":0.3825,"OPERATE_INCOME_QOQ_SQ":-4.452598800784,"NET_PROFIT_RATIO_SQ":2.0484881504,"HOLDER_PROFIT_SQ":-262105200,"HOLDER_PROFIT_QOQ_SQ":31.60772944699,"ROE_AVG_SQ":-3.602676273803,"PE_TTM_SQ":-132.218820087083,"PB_TTM_SQ":8.344074893742,"ROA_SQ":-0.314729332774,"START_DATE":"2022-01-01 00:00:00","FISCAL_YEAR":"12-31","CURRENCY":"HKD","IS_CNY_CODE":0,"DPS_HKD_LY":0.3725,"ORG_TYPE":"一般企业","PREMIUM_INCOME":null,"PREMIUM_INCOME_YOY":null,"NET_INTEREST_INCOME":null,"NET_INTEREST_INCOME_YOY":null,"FEE_COMMISSION_INCOME":null,"FEE_COMMISSION_INCOME_YOY":null,"ACCOUNTS_RECE_TDAYS":3.164083175803,"INVENTORY_TDAYS":6.316971446904,"CURRENT_ASSETS_TDAYS":0.981083404987,"TOTAL_ASSETS_TDAYS":0.194754556559,"PREMIUM_EXPENSE":null,"LOAN_DEPOSIT":null,"LOAN_EQUITY":null,"LOAN_ASSETS":null,"DEPOSIT_EQUITY":null,"DEPOSIT_ASSETS":null,"EQUITY_MULTIPLIER":7.519877429246,"EQUITY_RATIO":13.428500249128},{"SECUCODE":"00008.HK","SECURITY_CODE":"00008","SECURITY_NAME_ABBR":"电讯盈科","ORG_CODE":"10007304","STD_REPORT_DATE":"2021-12-31 00:00:00","REPORT_DATE":"2021-12-31 00:00:00","DATE_TYPE_CODE":"001","REPORT_TYPE":"2021年年报","PER_NETCASH_OPERATE":1.026437479274,"PER_OI":3.750241222964,"BPS":0.895328569881,"BASIC_EPS":0.11004896,"DILUTED_EPS":0.10988544,"OPERATE_INCOME":28988008000,"OPERATE_INCOME_YOY":7.4199644286,"GROSS_PROFIT":14496048000,"GROSS_PROFIT_YOY":2.551789366453,"HOLDER_PROFIT":849486400,"HOLDER_PROFIT_YOY":201.862745098,"GROSS_PROFIT_RATIO":44.975940394267,"EPS_TTM":0.109899890866,"OPERATE_INCOME_QOQ":3.295422110254,"NET_PROFIT_RATIO":7.6240492575,"ROE_AVG":11.287343834872,"GROSS_PROFIT_QOQ":1.322363001284,"ROA":1.081942289469,"HOLDER_PROFIT_QOQ":244.684786840045,"ROE_YEARLY":11.287343834872,"ROIC_YEARLY":1.20967976668,"TOTAL_ASSETS":77036724800,"TOTAL_LIABILITIES":64378641600,"TAX_EBT":26.641751201281,"OCF_SALES":25.104775702385,"TOTAL_PARENT_EQUITY":6930795200,"DEBT_ASSET_RATIO":83.5687677106,"OPERATE_PROFIT":3684105600,"PRETAX_PROFIT":3062729600,"NETCASH_OPERATE":7933990400,"NETCASH_INVEST":-6230112000,"NETCASH_FINANCE":-1282814400,"END_CASH":3731526400,"DIVI_RATIO":3.159787414374,"DIVIDEND_RATE":8.71298405467,"CURRENT_RATIO":0.861485079806,"COMMON_ACS":null,"CURRENTDEBT_DEBT":27.450756276908,"ISSUED_COMMON_SHARES":7741063374,"HK_COMMON_SHARES":7741063374,"PER_SHARES":1000,"TOTAL_MARKET_CAP":33983268211.86,"HKSK_MARKET_CAP":33983268211.86,"PE_TTM":-76.025208527651,"PB_TTM":-2427.37630084714,"REPORT_DATE_SQ":"2020-12-31 00:00:00","REPORT_TYPE_SQ":"2020年年报","OPERATE_INCOME_SQ":30285573760,"DPS_HKD":0.3825,"OPERATE_INCOME_QOQ_SQ":-9.746434668771,"NET_PROFIT_RATIO_SQ":1.705829785,"HOLDER_PROFIT_SQ":-858472800,"HOLDER_PROFIT_QOQ_SQ":-1184.99734161027,"ROE_AVG_SQ":-8.009108397786,"PE_TTM_SQ":-132.218820087083,"PB_TTM_SQ":8.344074893742,"ROA_SQ":-1.036933117814,"START_DATE":"2021-01-01 00:00:00","FISCAL_YEAR":"12-31","CURRENCY":"HKD","IS_CNY_CODE":0,"DPS_HKD_LY":0.3236,"ORG_TYPE":"一般企业","PREMIUM_INCOME":null,"PREMIUM_INCOME_YOY":null,"NET_INTEREST_INCOME":null,"NET_INTEREST_INCOME_YOY":null,"FEE_COMMISSION_INCOME":null,"FEE_COMMISSION_INCOME_YOY":null,"ACCOUNTS_RECE_TDAYS":6.826145552561,"INVENTORY_TDAYS":15.170470756063,"CURRENT_ASSETS_TDAYS":2.151508404765,"TOTAL_ASSETS_TDAYS":0.402515854255,"PREMIUM_EXPENSE":null,"LOAN_DEPOSIT":null,"LOAN_EQUITY":null,"LOAN_ASSETS":null,"DEPOSIT_EQUITY":null,"DEPOSIT_ASSETS":null,"EQUITY_MULTIPLIER":6.085970804789,"EQUITY_RATIO":9.288781408517},{"SECUCODE":"00008.HK","SECURITY_CODE":"00008","SECURITY_NAME_ABBR":"电讯盈科","ORG_CODE":"10007304","STD_REPORT_DATE":"2021-06-30 00:00:00","REPORT_DATE":"2021-06-30 00:00:00","DATE_TYPE_CODE":"002","REPORT_TYPE":"2021年中报","PER_NETCASH_OPERATE":0.379889747153,"PER_OI":1.937448475281,"BPS":0.811972724718,"BASIC_EPS":-0.033948864,"DILUTED_EPS":-0.033948864,"OPERATE_INCOME":14975775840,"OPERATE_INCOME_YOY":0.4047918604,"GROSS_PROFIT":6818063520,"GROSS_PROFIT_YOY":-13.126614010418,"HOLDER_PROFIT":-262105200,"HOLDER_PROFIT_YOY":46.0616438356,"GROSS_PROFIT_RATIO":46.526831925906,"EPS_TTM":-0.075958152385,"OPERATE_INCOME_QOQ":-4.452598800784,"NET_PROFIT_RATIO":2.0484881504,"ROE_AVG":-3.602676273803,"GROSS_PROFIT_QOQ":-5.025551660027,"ROA":-0.314729332774,"HOLDER_PROFIT_QOQ":31.60772944699,"ROE_YEARLY":-7.205352547607,"ROIC_YEARLY":-0.718010086332,"TOTAL_ASSETS":85149242640,"TOTAL_LIABILITIES":71489817360,"TAX_EBT":37.106382978723,"OCF_SALES":19.226368836829,"TOTAL_PARENT_EQUITY":6285532320,"DEBT_ASSET_RATIO":83.9582539357,"OPERATE_PROFIT":1551829200,"PRETAX_PROFIT":977694000,"NETCASH_OPERATE":2936410320,"NETCASH_INVEST":-2830736160,"NETCASH_FINANCE":2439658560,"END_CASH":5921913360,"DIVI_RATIO":-4.571731685086,"DIVIDEND_RATE":8.481152993348,"CURRENT_RATIO":1.013616339608,"COMMON_ACS":null,"CURRENTDEBT_DEBT":23.250346264418,"ISSUED_COMMON_SHARES":7741063374,"HK_COMMON_SHARES":7741063374,"PER_SHARES":1000,"TOTAL_MARKET_CAP":34912195816.74,"HKSK_MARKET_CAP":34912195816.74,"PE_TTM":-78.103346346174,"PB_TTM":-2493.72827262429,"REPORT_DATE_SQ":"2020-06-30 00:00:00","REPORT_TYPE_SQ":"2020年中报","OPERATE_INCOME_SQ":16698596640,"DPS_HKD":0.3825,"OPERATE_INCOME_QOQ_SQ":5.558992838221,"NET_PROFIT_RATIO_SQ":1.38942071,"HOLDER_PROFIT_SQ":-533448960,"HOLDER_PROFIT_QOQ_SQ":-110.95155621026,"ROE_AVG_SQ":-4.082631339788,"PE_TTM_SQ":-136.088639211583,"PB_TTM_SQ":8.5882917199,"ROA_SQ":-0.594559374491,"START_DATE":"2021-01-01 00:00:00","FISCAL_YEAR":"12-31","CURRENCY":"HKD","IS_CNY_CODE":0,"DPS_HKD_LY":0.3236,"ORG_TYPE":"一般企业","PREMIUM_INCOME":null,"PREMIUM_INCOME_YOY":null,"NET_INTEREST_INCOME":null,"NET_INTEREST_INCOME_YOY":null,"FEE_COMMISSION_INCOME":null,"FEE_COMMISSION_INCOME_YOY":null,"ACCOUNTS_RECE_TDAYS":4.055887323944,"INVENTORY_TDAYS":7.235532620715,"CURRENT_ASSETS_TDAYS":0.977395564312,"TOTAL_ASSETS_TDAYS":0.183392282637,"PREMIUM_EXPENSE":null,"LOAN_DEPOSIT":null,"LOAN_EQUITY":null,"LOAN_ASSETS":null,"DEPOSIT_EQUITY":null,"DEPOSIT_ASSETS":null,"EQUITY_MULTIPLIER":6.233735380125,"EQUITY_RATIO":11.37370929309},{"SECUCODE":"00008.HK","SECURITY_CODE":"00008","SECURITY_NAME_ABBR":"电讯盈科","ORG_CODE":"10007304","STD_REPORT_DATE":"2020-12-31 00:00:00","REPORT_DATE":"2020-12-31 00:00:00","DATE_TYPE_CODE":"001","REPORT_TYPE":"2020年年报","PER_NETCASH_OPERATE":1.382292347431,"PER_OI":3.9181101087,"BPS":1.079956294904,"BASIC_EPS":-0.111264808,"DILUTED_EPS":-0.111264808,"OPERATE_INCOME":30285573760,"OPERATE_INCOME_YOY":1.3992164388,"GROSS_PROFIT":14135343800,"GROSS_PROFIT_YOY":-15.225486815952,"HOLDER_PROFIT":-858472800,"HOLDER_PROFIT_YOY":-249.7797356828,"GROSS_PROFIT_RATIO":46.128370919413,"EPS_TTM":-0.111062480849,"OPERATE_INCOME_QOQ":-9.746434668771,"NET_PROFIT_RATIO":1.705829785,"ROE_AVG":-8.009108397786,"GROSS_PROFIT_QOQ":-12.394095287925,"ROA":-1.036933117814,"HOLDER_PROFIT_QOQ":-1184.99734161027,"ROE_YEARLY":-8.009108397786,"ROIC_YEARLY":-1.131836793573,"TOTAL_ASSETS":82345215960,"TOTAL_LIABILITIES":70937627400,"TAX_EBT":33.845415266443,"OCF_SALES":33.367502496977,"TOTAL_PARENT_EQUITY":8360010120,"DEBT_ASSET_RATIO":86.146628645,"OPERATE_PROFIT":3096393560,"PRETAX_PROFIT":1753136120,"NETCASH_OPERATE":10684619800,"NETCASH_INVEST":-6344282320,"NETCASH_FINANCE":-5442885880,"END_CASH":3434732840,"DIVI_RATIO":-3.126711103022,"DIVIDEND_RATE":8.71298405467,"CURRENT_RATIO":0.944202029017,"COMMON_ACS":null,"CURRENTDEBT_DEBT":21.752387732099,"ISSUED_COMMON_SHARES":7741063374,"HK_COMMON_SHARES":7741063374,"PER_SHARES":1000,"TOTAL_MARKET_CAP":33983268211.86,"HKSK_MARKET_CAP":33983268211.86,"PE_TTM":-76.025208527651,"PB_TTM":-2427.37630084714,"REPORT_DATE_SQ":"2019-12-31 00:00:00","REPORT_TYPE_SQ":"2019年年报","OPERATE_INCOME_SQ":33610561380,"DPS_HKD":0.3825,"OPERATE_INCOME_QOQ_SQ":2.241869832039,"NET_PROFIT_RATIO_SQ":7.6490498654,"HOLDER_PROFIT_SQ":610026180,"HOLDER_PROFIT_QOQ_SQ":-21.120277259895,"ROE_AVG_SQ":4.173689210309,"PE_TTM_SQ":-132.218820087083,"PB_TTM_SQ":8.344074893742,"ROA_SQ":0.705253673843,"START_DATE":"2020-01-01 00:00:00","FISCAL_YEAR":"12-31","CURRENCY":"HKD","IS_CNY_CODE":0,"DPS_HKD_LY":0.3218,"ORG_TYPE":"一般企业","PREMIUM_INCOME":null,"PREMIUM_INCOME_YOY":null,"NET_INTEREST_INCOME":null,"NET_INTEREST_INCOME_YOY":null,"FEE_COMMISSION_INCOME":null,"FEE_COMMISSION_INCOME_YOY":null,"ACCOUNTS_RECE_TDAYS":7.786216596343,"INVENTORY_TDAYS":10.230097329673,"CURRENT_ASSETS_TDAYS":1.993032819089,"TOTAL_ASSETS_TDAYS":0.386776052945,"PREMIUM_EXPENSE":null,"LOAN_DEPOSIT":null,"LOAN_EQUITY":null,"LOAN_ASSETS":null,"DEPOSIT_EQUITY":null,"DEPOSIT_ASSETS":null,"EQUITY_MULTIPLIER":7.218459495342,"EQUITY_RATIO":8.485351857445},{"SECUCODE":"00008.HK","SECURITY_CODE":"00008","SECURITY_NAME_ABBR":"电讯盈科","ORG_CODE":"10007304","STD_REPORT_DATE":"2020-06-30 00:00:00","REPORT_DATE":"2020-06-30 00:00:00","DATE_TYPE_CODE":"002","REPORT_TYPE":"2020年中报","PER_NETCASH_OPERATE":0.659763802098,"PER_OI":2.160333524297,"BPS":1.542368750022,"BASIC_EPS":-0.069147408,"DILUTED_EPS":-0.069147408,"OPERATE_INCOME":16698596640,"OPERATE_INCOME_YOY":8.4346639777,"GROSS_PROFIT":7848276480,"GROSS_PROFIT_YOY":2.433330819576,"HOLDER_PROFIT":-533448960,"HOLDER_PROFIT_YOY":-458.282208589,"GROSS_PROFIT_RATIO":46.999617088781,"EPS_TTM":-0.008643012499,"OPERATE_INCOME_QOQ":5.558992838221,"NET_PROFIT_RATIO":1.38942071,"ROE_AVG":-4.082631339788,"GROSS_PROFIT_QOQ":1.11813201997,"ROA":-0.594559374491,"HOLDER_PROFIT_QOQ":-110.95155621026,"ROE_YEARLY":-8.165262679576,"ROIC_YEARLY":-1.290408113662,"TOTAL_ASSETS":89108812320,"TOTAL_LIABILITIES":75555189600,"TAX_EBT":60.802469135803,"OCF_SALES":30.539904819211,"TOTAL_PARENT_EQUITY":11939574240,"DEBT_ASSET_RATIO":84.7898065667,"OPERATE_PROFIT":1488907200,"PRETAX_PROFIT":591909120,"NETCASH_OPERATE":5099735520,"NETCASH_INVEST":-2736666240,"NETCASH_FINANCE":-2753108160,"END_CASH":4465808160,"DIVI_RATIO":-40.178154553662,"DIVIDEND_RATE":8.481152993348,"CURRENT_RATIO":1.043004033403,"COMMON_ACS":null,"CURRENTDEBT_DEBT":21.281508795261,"ISSUED_COMMON_SHARES":7741063374,"HK_COMMON_SHARES":7741063374,"PER_SHARES":1000,"TOTAL_MARKET_CAP":34912195816.74,"HKSK_MARKET_CAP":34912195816.74,"PE_TTM":-78.103346346174,"PB_TTM":-2493.72827262429,"REPORT_DATE_SQ":"2019-06-30 00:00:00","REPORT_TYPE_SQ":"2019年中报","OPERATE_INCOME_SQ":14830187940,"DPS_HKD":0.3825,"OPERATE_INCOME_QOQ_SQ":-3.427669734495,"NET_PROFIT_RATIO_SQ":6.5187733555,"HOLDER_PROFIT_SQ":143384580,"HOLDER_PROFIT_QOQ_SQ":-1.601742804962,"ROE_AVG_SQ":0.99311521355,"PE_TTM_SQ":-136.088639211583,"PB_TTM_SQ":8.5882917199,"ROA_SQ":0.174226269687,"START_DATE":"2020-01-01 00:00:00","FISCAL_YEAR":"12-31","CURRENCY":"HKD","IS_CNY_CODE":0,"DPS_HKD_LY":0.3218,"ORG_TYPE":"一般企业","PREMIUM_INCOME":null,"PREMIUM_INCOME_YOY":null,"NET_INTEREST_INCOME":null,"NET_INTEREST_INCOME_YOY":null,"FEE_COMMISSION_INCOME":null,"FEE_COMMISSION_INCOME_YOY":null,"ACCOUNTS_RECE_TDAYS":3.936901044471,"INVENTORY_TDAYS":4.710257656782,"CURRENT_ASSETS_TDAYS":0.932038339961,"TOTAL_ASSETS_TDAYS":0.186115409676,"PREMIUM_EXPENSE":null,"LOAN_DEPOSIT":null,"LOAN_EQUITY":null,"LOAN_ASSETS":null,"DEPOSIT_EQUITY":null,"DEPOSIT_ASSETS":null,"EQUITY_MULTIPLIER":6.574538347492,"EQUITY_RATIO":6.328130976972}],"count":49},"success":true,"message":"ok","code":0}