{"version":"079f45a2ae8d790630e3203ac754d7eb","result":{"pages":6,"data":[{"SECUCODE":"00003.HK","SECURITY_CODE":"00003","SECURITY_NAME_ABBR":"香港中华煤气","ORG_CODE":"10013273","STD_REPORT_DATE":"2024-06-30 00:00:00","REPORT_DATE":"2024-06-30 00:00:00","DATE_TYPE_CODE":"002","REPORT_TYPE":"2024年中报","PER_NETCASH_OPERATE":0.230524225807,"PER_OI":1.344877091009,"BPS":2.801110721216,"BASIC_EPS":0.14876684,"DILUTED_EPS":0.1460288,"OPERATE_INCOME":25095231816,"OPERATE_INCOME_YOY":-5.7626398333,"GROSS_PROFIT":3956924140,"GROSS_PROFIT_YOY":-9.66600991052,"HOLDER_PROFIT":2774729736,"HOLDER_PROFIT_YOY":-15.8864541833,"GROSS_PROFIT_RATIO":15.767633345699,"EPS_TTM":0.264909199262,"OPERATE_INCOME_QOQ":-3.497946038436,"NET_PROFIT_RATIO":12.9523352318,"ROE_AVG":5.191514140396,"GROSS_PROFIT_QOQ":-5.741690736975,"ROA":1.887017891663,"HOLDER_PROFIT_QOQ":-10.137981935318,"ROE_YEARLY":10.383028280791,"ROIC_YEARLY":4.302120600743,"TOTAL_ASSETS":146252497868,"TOTAL_LIABILITIES":84190896744,"TAX_EBT":22.141576669144,"OCF_SALES":17.14091401721,"TOTAL_PARENT_EQUITY":52268362188,"DEBT_ASSET_RATIO":57.5654419386,"OPERATE_PROFIT":4287040496,"PRETAX_PROFIT":4174780856,"NETCASH_OPERATE":4301552108,"NETCASH_INVEST":-1751980528,"NETCASH_FINANCE":-2806491000,"END_CASH":7782513628,"DIVI_RATIO":1.200230874901,"DIVIDEND_RATE":5.718954248366,"CURRENT_RATIO":0.588753196397,"COMMON_ACS":null,"CURRENTDEBT_DEBT":48.032213932775,"ISSUED_COMMON_SHARES":18659870098,"HK_COMMON_SHARES":18659870098,"PER_SHARES":1000,"TOTAL_MARKET_CAP":114198404999.76,"HKSK_MARKET_CAP":114198404999.76,"PE_TTM":20.778836041369,"PB_TTM":1.994066695648,"REPORT_DATE_SQ":"2023-06-30 00:00:00","REPORT_TYPE_SQ":"2023年中报","OPERATE_INCOME_SQ":26901163648,"DPS_HKD":0.35,"OPERATE_INCOME_QOQ_SQ":2.725657361955,"NET_PROFIT_RATIO_SQ":14.8041648388,"HOLDER_PROFIT_SQ":3332404512,"HOLDER_PROFIT_QOQ_SQ":10.617072130433,"ROE_AVG_SQ":6.046331116256,"PE_TTM_SQ":20.147923766497,"PB_TTM_SQ":1.916234583426,"ROA_SQ":2.187096469688,"START_DATE":"2024-01-01 00:00:00","FISCAL_YEAR":"12-31","CURRENCY":"HKD","IS_CNY_CODE":0,"DPS_HKD_LY":0.35,"ORG_TYPE":"一般企业","PREMIUM_INCOME":null,"PREMIUM_INCOME_YOY":null,"NET_INTEREST_INCOME":null,"NET_INTEREST_INCOME_YOY":null,"FEE_COMMISSION_INCOME":null,"FEE_COMMISSION_INCOME_YOY":null,"ACCOUNTS_RECE_TDAYS":2.726593914393,"INVENTORY_TDAYS":8.54669914019,"CURRENT_ASSETS_TDAYS":1.043101208078,"TOTAL_ASSETS_TDAYS":0.170665815909,"PREMIUM_EXPENSE":null,"LOAN_DEPOSIT":null,"LOAN_EQUITY":null,"LOAN_ASSETS":null,"DEPOSIT_EQUITY":null,"DEPOSIT_ASSETS":null,"EQUITY_MULTIPLIER":2.356569847041,"EQUITY_RATIO":1.610742966102},{"SECUCODE":"00003.HK","SECURITY_CODE":"00003","SECURITY_NAME_ABBR":"香港中华煤气","ORG_CODE":"10013273","STD_REPORT_DATE":"2023-12-31 00:00:00","REPORT_DATE":"2023-12-31 00:00:00","DATE_TYPE_CODE":"001","REPORT_TYPE":"2023年年报","PER_NETCASH_OPERATE":0.530900007448,"PER_OI":2.766811878692,"BPS":2.906762165607,"BASIC_EPS":0.2945215,"DILUTED_EPS":0.28636552,"OPERATE_INCOME":51628350242,"OPERATE_INCOME_YOY":-6.533351708,"GROSS_PROFIT":7374184006,"GROSS_PROFIT_YOY":-1.272841044243,"HOLDER_PROFIT":5500846022,"HOLDER_PROFIT_YOY":15.6672192687,"GROSS_PROFIT_RATIO":14.283206748685,"EPS_TTM":0.294795515355,"OPERATE_INCOME_QOQ":-7.694275767585,"NET_PROFIT_RATIO":12.5876102094,"ROE_AVG":10.026569144609,"GROSS_PROFIT_QOQ":-7.773756875752,"ROA":3.67387316994,"HOLDER_PROFIT_QOQ":6.081348001685,"ROE_YEARLY":10.026569144609,"ROIC_YEARLY":4.289244349349,"TOTAL_ASSETS":146787340672,"TOTAL_LIABILITIES":82428774358,"TAX_EBT":21.833580397628,"OCF_SALES":19.188149781205,"TOTAL_PARENT_EQUITY":54239804416,"DEBT_ASSET_RATIO":56.1552338101,"OPERATE_PROFIT":7668614884,"PRETAX_PROFIT":8314024768,"NETCASH_OPERATE":9906525174,"NETCASH_INVEST":-2261018900,"NETCASH_FINANCE":-11280898426,"END_CASH":8130696462,"DIVI_RATIO":1.078551685622,"DIVIDEND_RATE":5.813953488372,"CURRENT_RATIO":0.663494570484,"COMMON_ACS":null,"CURRENTDEBT_DEBT":46.27804425955,"ISSUED_COMMON_SHARES":18659870098,"HK_COMMON_SHARES":18659870098,"PER_SHARES":1000,"TOTAL_MARKET_CAP":112332417989.96,"HKSK_MARKET_CAP":112332417989.96,"PE_TTM":20.439312576641,"PB_TTM":1.961483906504,"REPORT_DATE_SQ":"2022-12-31 00:00:00","REPORT_TYPE_SQ":"2022年年报","OPERATE_INCOME_SQ":54447843618,"DPS_HKD":0.35,"OPERATE_INCOME_QOQ_SQ":11.950959449724,"NET_PROFIT_RATIO_SQ":10.3757952797,"HOLDER_PROFIT_SQ":4687791633,"HOLDER_PROFIT_QOQ_SQ":36.199310824504,"ROE_AVG_SQ":8.158166989108,"PE_TTM_SQ":18.297947460725,"PB_TTM_SQ":1.740286499806,"ROA_SQ":3.118768324524,"START_DATE":"2023-01-01 00:00:00","FISCAL_YEAR":"12-31","CURRENCY":"HKD","IS_CNY_CODE":0,"DPS_HKD_LY":0.35,"ORG_TYPE":"一般企业","PREMIUM_INCOME":null,"PREMIUM_INCOME_YOY":null,"NET_INTEREST_INCOME":null,"NET_INTEREST_INCOME_YOY":null,"FEE_COMMISSION_INCOME":null,"FEE_COMMISSION_INCOME_YOY":null,"ACCOUNTS_RECE_TDAYS":5.534559973576,"INVENTORY_TDAYS":16.296130679259,"CURRENT_ASSETS_TDAYS":2.05876974892,"TOTAL_ASSETS_TDAYS":0.344812434312,"PREMIUM_EXPENSE":null,"LOAN_DEPOSIT":null,"LOAN_EQUITY":null,"LOAN_ASSETS":null,"DEPOSIT_EQUITY":null,"DEPOSIT_ASSETS":null,"EQUITY_MULTIPLIER":2.280773937005,"EQUITY_RATIO":1.51971002192},{"SECUCODE":"00003.HK","SECURITY_CODE":"00003","SECURITY_NAME_ABBR":"香港中华煤气","ORG_CODE":"10013273","STD_REPORT_DATE":"2023-06-30 00:00:00","REPORT_DATE":"2023-06-30 00:00:00","DATE_TYPE_CODE":"002","REPORT_TYPE":"2023年中报","PER_NETCASH_OPERATE":0.257716450154,"PER_OI":1.44165867751,"BPS":2.882037641825,"BASIC_EPS":0.17886412,"DILUTED_EPS":0.17425422,"OPERATE_INCOME":26901163648,"OPERATE_INCOME_YOY":-1.8283368662,"GROSS_PROFIT":4380326980,"GROSS_PROFIT_YOY":13.661708163694,"HOLDER_PROFIT":3332404512,"HOLDER_PROFIT_YOY":9.041542221,"GROSS_PROFIT_RATIO":16.28303904365,"EPS_TTM":0.27789571014,"OPERATE_INCOME_QOQ":2.725657361955,"NET_PROFIT_RATIO":14.8041648388,"ROE_AVG":6.046331116256,"GROSS_PROFIT_QOQ":7.048878509289,"ROA":2.187096469688,"HOLDER_PROFIT_QOQ":10.617072130433,"ROE_YEARLY":12.092662232512,"ROIC_YEARLY":5.177759871072,"TOTAL_ASSETS":149407873178,"TOTAL_LIABILITIES":83376679756,"TAX_EBT":24.051411892956,"OCF_SALES":17.876384623821,"TOTAL_PARENT_EQUITY":53778448014,"DEBT_ASSET_RATIO":55.8047430718,"OPERATE_PROFIT":5550319600,"PRETAX_PROFIT":5243669052,"NETCASH_OPERATE":4808955482,"NETCASH_INVEST":-3676671844,"NETCASH_FINANCE":-3049356652,"END_CASH":9916171494,"DIVI_RATIO":1.144142167002,"DIVIDEND_RATE":5.813953488372,"CURRENT_RATIO":0.817905244976,"COMMON_ACS":null,"CURRENTDEBT_DEBT":42.381142999949,"ISSUED_COMMON_SHARES":18659870098,"HK_COMMON_SHARES":18659870098,"PER_SHARES":1000,"TOTAL_MARKET_CAP":112332417989.96,"HKSK_MARKET_CAP":112332417989.96,"PE_TTM":20.439312576641,"PB_TTM":1.961483906504,"REPORT_DATE_SQ":"2022-06-30 00:00:00","REPORT_TYPE_SQ":"2022年中报","OPERATE_INCOME_SQ":25417101990,"DPS_HKD":0.35,"OPERATE_INCOME_QOQ_SQ":11.055842893711,"NET_PROFIT_RATIO_SQ":13.648598634,"HOLDER_PROFIT_SQ":2834698293,"HOLDER_PROFIT_QOQ_SQ":-16.091026980868,"ROE_AVG_SQ":5.052318713562,"PE_TTM_SQ":18.297947460725,"PB_TTM_SQ":1.740286499806,"ROA_SQ":1.990598599849,"START_DATE":"2023-01-01 00:00:00","FISCAL_YEAR":"12-31","CURRENCY":"HKD","IS_CNY_CODE":0,"DPS_HKD_LY":0.35,"ORG_TYPE":"一般企业","PREMIUM_INCOME":null,"PREMIUM_INCOME_YOY":null,"NET_INTEREST_INCOME":null,"NET_INTEREST_INCOME_YOY":null,"FEE_COMMISSION_INCOME":null,"FEE_COMMISSION_INCOME_YOY":null,"ACCOUNTS_RECE_TDAYS":2.355283072937,"INVENTORY_TDAYS":8.11811625511,"CURRENT_ASSETS_TDAYS":0.97164417182,"TOTAL_ASSETS_TDAYS":0.176555516694,"PREMIUM_EXPENSE":null,"LOAN_DEPOSIT":null,"LOAN_EQUITY":null,"LOAN_ASSETS":null,"DEPOSIT_EQUITY":null,"DEPOSIT_ASSETS":null,"EQUITY_MULTIPLIER":2.262686246229,"EQUITY_RATIO":1.550373482967},{"SECUCODE":"00003.HK","SECURITY_CODE":"00003","SECURITY_NAME_ABBR":"香港中华煤气","ORG_CODE":"10013273","STD_REPORT_DATE":"2022-12-31 00:00:00","REPORT_DATE":"2022-12-31 00:00:00","DATE_TYPE_CODE":"001","REPORT_TYPE":"2022年年报","PER_NETCASH_OPERATE":0.461703169623,"PER_OI":2.917911182235,"BPS":2.931032672669,"BASIC_EPS":0.25100887,"DILUTED_EPS":0.23493001,"OPERATE_INCOME":54447843618,"OPERATE_INCOME_YOY":13.7960969836,"GROSS_PROFIT":7469255759,"GROSS_PROFIT_YOY":3.581604696118,"HOLDER_PROFIT":4687791633,"HOLDER_PROFIT_YOY":4.6023520032,"GROSS_PROFIT_RATIO":13.718184711599,"EPS_TTM":0.251223165455,"OPERATE_INCOME_QOQ":11.950959449724,"NET_PROFIT_RATIO":10.3757952797,"ROE_AVG":8.158166989108,"GROSS_PROFIT_QOQ":5.443677552192,"ROA":3.118768324524,"HOLDER_PROFIT_QOQ":36.199310824504,"ROE_YEARLY":8.158166989108,"ROIC_YEARLY":3.692003122222,"TOTAL_ASSETS":150488571611,"TOTAL_LIABILITIES":83369425062,"TAX_EBT":22.718607947603,"OCF_SALES":15.823071395525,"TOTAL_PARENT_EQUITY":54692688925,"DEBT_ASSET_RATIO":55.399173618,"OPERATE_PROFIT":7943582129,"PRETAX_PROFIT":7310164372,"NETCASH_OPERATE":8615321169,"NETCASH_INVEST":-6038773181,"NETCASH_FINANCE":316396234,"END_CASH":11827966724,"DIVI_RATIO":1.265616566148,"DIVIDEND_RATE":5.813953488372,"CURRENT_RATIO":0.659677226649,"COMMON_ACS":null,"CURRENTDEBT_DEBT":46.632937107444,"ISSUED_COMMON_SHARES":18659870098,"HK_COMMON_SHARES":18659870098,"PER_SHARES":1000,"TOTAL_MARKET_CAP":112332417989.96,"HKSK_MARKET_CAP":112332417989.96,"PE_TTM":20.439312576641,"PB_TTM":1.961483906504,"REPORT_DATE_SQ":"2021-12-31 00:00:00","REPORT_TYPE_SQ":"2021年年报","OPERATE_INCOME_SQ":43793681120,"DPS_HKD":0.35,"OPERATE_INCOME_QOQ_SQ":14.152202397835,"NET_PROFIT_RATIO_SQ":11.6229834757,"HOLDER_PROFIT_SQ":4101899200,"HOLDER_PROFIT_QOQ_SQ":-32.917045032607,"ROE_AVG_SQ":7.477741534256,"PE_TTM_SQ":18.297947460725,"PB_TTM_SQ":1.740286499806,"ROA_SQ":3.151900626862,"START_DATE":"2022-01-01 00:00:00","FISCAL_YEAR":"12-31","CURRENCY":"HKD","IS_CNY_CODE":0,"DPS_HKD_LY":0.35,"ORG_TYPE":"一般企业","PREMIUM_INCOME":null,"PREMIUM_INCOME_YOY":null,"NET_INTEREST_INCOME":null,"NET_INTEREST_INCOME_YOY":null,"FEE_COMMISSION_INCOME":null,"FEE_COMMISSION_INCOME_YOY":null,"ACCOUNTS_RECE_TDAYS":6.153273065916,"INVENTORY_TDAYS":16.016963605908,"CURRENT_ASSETS_TDAYS":2.304524290675,"TOTAL_ASSETS_TDAYS":0.362239244635,"PREMIUM_EXPENSE":null,"LOAN_DEPOSIT":null,"LOAN_EQUITY":null,"LOAN_ASSETS":null,"DEPOSIT_EQUITY":null,"DEPOSIT_ASSETS":null,"EQUITY_MULTIPLIER":2.242110922868,"EQUITY_RATIO":1.524324854028},{"SECUCODE":"00003.HK","SECURITY_CODE":"00003","SECURITY_NAME_ABBR":"香港中华煤气","ORG_CODE":"10013273","STD_REPORT_DATE":"2022-06-30 00:00:00","REPORT_DATE":"2022-06-30 00:00:00","DATE_TYPE_CODE":"002","REPORT_TYPE":"2022年中报","PER_NETCASH_OPERATE":0.20362004832,"PER_OI":1.362126416557,"BPS":2.923459410355,"BASIC_EPS":0.15222382,"DILUTED_EPS":0.13597521,"OPERATE_INCOME":25417101990,"OPERATE_INCOME_YOY":20.1936297902,"GROSS_PROFIT":3853828216,"GROSS_PROFIT_YOY":-3.19860124093,"HOLDER_PROFIT":2834698293,"HOLDER_PROFIT_YOY":-21.0785714286,"GROSS_PROFIT_RATIO":15.16234312439,"EPS_TTM":0.184452596665,"OPERATE_INCOME_QOQ":11.055842893711,"NET_PROFIT_RATIO":13.648598634,"ROE_AVG":5.052318713562,"GROSS_PROFIT_QOQ":-1.76594073661,"ROA":1.990598599849,"HOLDER_PROFIT_QOQ":-16.091026980868,"ROE_YEARLY":10.104637427123,"ROIC_YEARLY":4.67834193871,"TOTAL_ASSETS":141079069439,"TOTAL_LIABILITIES":74263160258,"TAX_EBT":20.924384490926,"OCF_SALES":14.94868947882,"TOTAL_PARENT_EQUITY":54551372834,"DEBT_ASSET_RATIO":52.6393890698,"OPERATE_PROFIT":4384046016,"PRETAX_PROFIT":4387039181,"NETCASH_OPERATE":3799523651,"NETCASH_INVEST":-2363232046,"NETCASH_FINANCE":-1605533706,"END_CASH":8693947059,"DIVI_RATIO":1.723761040774,"DIVIDEND_RATE":5.813953488372,"CURRENT_RATIO":0.687537711898,"COMMON_ACS":null,"CURRENTDEBT_DEBT":40.460074022723,"ISSUED_COMMON_SHARES":18659870098,"HK_COMMON_SHARES":18659870098,"PER_SHARES":1000,"TOTAL_MARKET_CAP":112332417989.96,"HKSK_MARKET_CAP":112332417989.96,"PE_TTM":20.439312576641,"PB_TTM":1.961483906504,"REPORT_DATE_SQ":"2021-06-30 00:00:00","REPORT_TYPE_SQ":"2021年中报","OPERATE_INCOME_SQ":20575341408,"DPS_HKD":0.35,"OPERATE_INCOME_QOQ_SQ":11.375810531756,"NET_PROFIT_RATIO_SQ":19.6885261813,"HOLDER_PROFIT_SQ":3494736000,"HOLDER_PROFIT_QOQ_SQ":20.939205303319,"ROE_AVG_SQ":6.2733148868,"PE_TTM_SQ":18.297947460725,"PB_TTM_SQ":1.740286499806,"ROA_SQ":2.706941661862,"START_DATE":"2022-01-01 00:00:00","FISCAL_YEAR":"12-31","CURRENCY":"HKD","IS_CNY_CODE":0,"DPS_HKD_LY":0.35,"ORG_TYPE":"一般企业","PREMIUM_INCOME":null,"PREMIUM_INCOME_YOY":null,"NET_INTEREST_INCOME":null,"NET_INTEREST_INCOME_YOY":null,"FEE_COMMISSION_INCOME":null,"FEE_COMMISSION_INCOME_YOY":null,"ACCOUNTS_RECE_TDAYS":3.257756367044,"INVENTORY_TDAYS":7.815572500155,"CURRENT_ASSETS_TDAYS":1.22955295753,"TOTAL_ASSETS_TDAYS":0.178485476773,"PREMIUM_EXPENSE":null,"LOAN_DEPOSIT":null,"LOAN_EQUITY":null,"LOAN_ASSETS":null,"DEPOSIT_EQUITY":null,"DEPOSIT_ASSETS":null,"EQUITY_MULTIPLIER":2.111459249277,"EQUITY_RATIO":1.361343562956},{"SECUCODE":"00003.HK","SECURITY_CODE":"00003","SECURITY_NAME_ABBR":"香港中华煤气","ORG_CODE":"10013273","STD_REPORT_DATE":"2021-12-31 00:00:00","REPORT_DATE":"2021-12-31 00:00:00","DATE_TYPE_CODE":"001","REPORT_TYPE":"2021年年报","PER_NETCASH_OPERATE":0.458731124871,"PER_OI":2.346944586967,"BPS":2.954352005157,"BASIC_EPS":0.2199344,"DILUTED_EPS":0.2199344,"OPERATE_INCOME":43793681120,"OPERATE_INCOME_YOY":30.8761941994,"GROSS_PROFIT":7210986720,"GROSS_PROFIT_YOY":1.998600324847,"HOLDER_PROFIT":4101899200,"HOLDER_PROFIT_YOY":-16.484943319,"GROSS_PROFIT_RATIO":16.465815468312,"EPS_TTM":0.219824638567,"OPERATE_INCOME_QOQ":14.152202397835,"NET_PROFIT_RATIO":11.6229834757,"ROE_AVG":7.477741534256,"GROSS_PROFIT_QOQ":-1.172410938464,"ROA":3.151900626862,"HOLDER_PROFIT_QOQ":-32.917045032607,"ROE_YEARLY":7.477741534256,"ROIC_YEARLY":3.671729657652,"TOTAL_ASSETS":137411906240,"TOTAL_LIABILITIES":70500503360,"TAX_EBT":25.713842519121,"OCF_SALES":19.545886486557,"TOTAL_PARENT_EQUITY":55127824640,"DEBT_ASSET_RATIO":51.3059641549,"OPERATE_PROFIT":5932832640,"PRETAX_PROFIT":6852060320,"NETCASH_OPERATE":8559863200,"NETCASH_INVEST":-10565027200,"NETCASH_FINANCE":4410952000,"END_CASH":8631403200,"DIVI_RATIO":1.446390186617,"DIVIDEND_RATE":5.813953488372,"CURRENT_RATIO":0.627707694823,"COMMON_ACS":null,"CURRENTDEBT_DEBT":44.687841389052,"ISSUED_COMMON_SHARES":18659870098,"HK_COMMON_SHARES":18659870098,"PER_SHARES":1000,"TOTAL_MARKET_CAP":112332417989.96,"HKSK_MARKET_CAP":112332417989.96,"PE_TTM":20.439312576641,"PB_TTM":1.961483906504,"REPORT_DATE_SQ":"2020-12-31 00:00:00","REPORT_TYPE_SQ":"2020年年报","OPERATE_INCOME_SQ":34445800280,"DPS_HKD":0.35,"OPERATE_INCOME_QOQ_SQ":-1.997668216312,"NET_PROFIT_RATIO_SQ":17.6225963301,"HOLDER_PROFIT_SQ":5055983972,"HOLDER_PROFIT_QOQ_SQ":-3.776889088809,"ROE_AVG_SQ":9.173698287901,"PE_TTM_SQ":18.297947460725,"PB_TTM_SQ":1.740286499806,"ROA_SQ":4.132274326114,"START_DATE":"2021-01-01 00:00:00","FISCAL_YEAR":"12-31","CURRENCY":"HKD","IS_CNY_CODE":0,"DPS_HKD_LY":0.35,"ORG_TYPE":"一般企业","PREMIUM_INCOME":null,"PREMIUM_INCOME_YOY":null,"NET_INTEREST_INCOME":null,"NET_INTEREST_INCOME_YOY":null,"FEE_COMMISSION_INCOME":null,"FEE_COMMISSION_INCOME_YOY":null,"ACCOUNTS_RECE_TDAYS":6.045086731297,"INVENTORY_TDAYS":15.397904227679,"CURRENT_ASSETS_TDAYS":2.415799028064,"TOTAL_ASSETS_TDAYS":0.336510782553,"PREMIUM_EXPENSE":null,"LOAN_DEPOSIT":null,"LOAN_EQUITY":null,"LOAN_ASSETS":null,"DEPOSIT_EQUITY":null,"DEPOSIT_ASSETS":null,"EQUITY_MULTIPLIER":2.053639593935,"EQUITY_RATIO":1.278855166522},{"SECUCODE":"00003.HK","SECURITY_CODE":"00003","SECURITY_NAME_ABBR":"香港中华煤气","ORG_CODE":"10013273","STD_REPORT_DATE":"2021-06-30 00:00:00","REPORT_DATE":"2021-06-30 00:00:00","DATE_TYPE_CODE":"002","REPORT_TYPE":"2021年中报","PER_NETCASH_OPERATE":0.235244833804,"PER_OI":1.102651910219,"BPS":2.993992726991,"BASIC_EPS":0.187218,"DILUTED_EPS":0.187218,"OPERATE_INCOME":20575341408,"OPERATE_INCOME_YOY":35.6029239991,"GROSS_PROFIT":3981169968,"GROSS_PROFIT_YOY":6.042096445112,"HOLDER_PROFIT":3494736000,"HOLDER_PROFIT_YOY":57.4862199558,"GROSS_PROFIT_RATIO":19.349229201378,"EPS_TTM":0.327690750465,"OPERATE_INCOME_QOQ":11.375810531756,"NET_PROFIT_RATIO":19.6885261813,"ROE_AVG":6.2733148868,"GROSS_PROFIT_QOQ":3.208629587571,"ROA":2.706941661862,"HOLDER_PROFIT_QOQ":20.939205303319,"ROE_YEARLY":12.546629773601,"ROIC_YEARLY":6.243289856995,"TOTAL_ASSETS":133160341848,"TOTAL_LIABILITIES":66709517760,"TAX_EBT":19.402367353696,"OCF_SALES":21.334460279202,"TOTAL_PARENT_EQUITY":55867515360,"DEBT_ASSET_RATIO":50.097136155,"OPERATE_PROFIT":4085928840,"PRETAX_PROFIT":5026179240,"NETCASH_OPERATE":4389638040,"NETCASH_INVEST":-6567108192,"NETCASH_FINANCE":2906621856,"END_CASH":6967921128,"DIVI_RATIO":0.970281277541,"DIVIDEND_RATE":5.813953488372,"CURRENT_RATIO":0.554405636955,"COMMON_ACS":null,"CURRENTDEBT_DEBT":45.919024098189,"ISSUED_COMMON_SHARES":18659870098,"HK_COMMON_SHARES":18659870098,"PER_SHARES":1000,"TOTAL_MARKET_CAP":112332417989.96,"HKSK_MARKET_CAP":112332417989.96,"PE_TTM":20.439312576641,"PB_TTM":1.961483906504,"REPORT_DATE_SQ":"2020-06-30 00:00:00","REPORT_TYPE_SQ":"2020年中报","OPERATE_INCOME_SQ":16656852432,"DPS_HKD":0.35,"OPERATE_INCOME_QOQ_SQ":-3.423381379717,"NET_PROFIT_RATIO_SQ":17.4831233925,"HOLDER_PROFIT_SQ":2436053136,"HOLDER_PROFIT_QOQ_SQ":-15.790678740497,"ROE_AVG_SQ":4.242673477683,"PE_TTM_SQ":18.297947460725,"PB_TTM_SQ":1.740286499806,"ROA_SQ":1.907771150443,"START_DATE":"2021-01-01 00:00:00","FISCAL_YEAR":"12-31","CURRENCY":"HKD","IS_CNY_CODE":0,"DPS_HKD_LY":0.35,"ORG_TYPE":"一般企业","PREMIUM_INCOME":null,"PREMIUM_INCOME_YOY":null,"NET_INTEREST_INCOME":null,"NET_INTEREST_INCOME_YOY":null,"FEE_COMMISSION_INCOME":null,"FEE_COMMISSION_INCOME_YOY":null,"ACCOUNTS_RECE_TDAYS":2.968588493052,"INVENTORY_TDAYS":7.544450329122,"CURRENT_ASSETS_TDAYS":1.219111288597,"TOTAL_ASSETS_TDAYS":0.159371834852,"PREMIUM_EXPENSE":null,"LOAN_DEPOSIT":null,"LOAN_EQUITY":null,"LOAN_ASSETS":null,"DEPOSIT_EQUITY":null,"DEPOSIT_ASSETS":null,"EQUITY_MULTIPLIER":2.003893009239,"EQUITY_RATIO":1.194066307229},{"SECUCODE":"00003.HK","SECURITY_CODE":"00003","SECURITY_NAME_ABBR":"香港中华煤气","ORG_CODE":"10013273","STD_REPORT_DATE":"2020-12-31 00:00:00","REPORT_DATE":"2020-12-31 00:00:00","DATE_TYPE_CODE":"001","REPORT_TYPE":"2020年年报","PER_NETCASH_OPERATE":0.46934205426,"PER_OI":1.938281997811,"BPS":3.011094056117,"BASIC_EPS":0.27100808,"DILUTED_EPS":0.27100808,"OPERATE_INCOME":34445800280,"OPERATE_INCOME_YOY":0.7356977068,"GROSS_PROFIT":7069691836,"GROSS_PROFIT_YOY":-1.638659364553,"HOLDER_PROFIT":5055983972,"HOLDER_PROFIT_YOY":-13.7588469213,"GROSS_PROFIT_RATIO":20.524103892296,"EPS_TTM":0.284502686379,"OPERATE_INCOME_QOQ":-1.997668216312,"NET_PROFIT_RATIO":17.6225963301,"ROE_AVG":9.173698287901,"GROSS_PROFIT_QOQ":-1.535416732133,"ROA":4.132274326114,"HOLDER_PROFIT_QOQ":-3.776889088809,"ROE_YEARLY":9.173698287901,"ROIC_YEARLY":4.77656158809,"TOTAL_ASSETS":126481827528,"TOTAL_LIABILITIES":59863244116,"TAX_EBT":19.194227839025,"OCF_SALES":24.214332836514,"TOTAL_PARENT_EQUITY":56186623940,"DEBT_ASSET_RATIO":47.3295217866,"OPERATE_PROFIT":6664105520,"PRETAX_PROFIT":7512141984,"NETCASH_OPERATE":8340820728,"NETCASH_INVEST":-5041086944,"NETCASH_FINANCE":-3804633620,"END_CASH":6274426200,"DIVI_RATIO":1.117571872682,"DIVIDEND_RATE":5.813953488372,"CURRENT_RATIO":0.676253006915,"COMMON_ACS":null,"CURRENTDEBT_DEBT":41.905804976739,"ISSUED_COMMON_SHARES":18659870098,"HK_COMMON_SHARES":18659870098,"PER_SHARES":1000,"TOTAL_MARKET_CAP":112332417989.96,"HKSK_MARKET_CAP":112332417989.96,"PE_TTM":20.439312576641,"PB_TTM":1.961483906504,"REPORT_DATE_SQ":"2019-12-31 00:00:00","REPORT_TYPE_SQ":"2019年年报","OPERATE_INCOME_SQ":36393839418,"DPS_HKD":0.35,"OPERATE_INCOME_QOQ_SQ":1.330656147655,"NET_PROFIT_RATIO_SQ":19.9721375107,"HOLDER_PROFIT_SQ":6239734746,"HOLDER_PROFIT_QOQ_SQ":-17.280901183522,"ROE_AVG_SQ":11.003387565447,"PE_TTM_SQ":18.297947460725,"PB_TTM_SQ":1.740286499806,"ROA_SQ":5.100028115061,"START_DATE":"2020-01-01 00:00:00","FISCAL_YEAR":"12-31","CURRENCY":"HKD","IS_CNY_CODE":0,"DPS_HKD_LY":0.35,"ORG_TYPE":"一般企业","PREMIUM_INCOME":null,"PREMIUM_INCOME_YOY":null,"NET_INTEREST_INCOME":null,"NET_INTEREST_INCOME_YOY":null,"FEE_COMMISSION_INCOME":null,"FEE_COMMISSION_INCOME_YOY":null,"ACCOUNTS_RECE_TDAYS":4.938788562602,"INVENTORY_TDAYS":12.921167100324,"CURRENT_ASSETS_TDAYS":2.031822469344,"TOTAL_ASSETS_TDAYS":0.281526794641,"PREMIUM_EXPENSE":null,"LOAN_DEPOSIT":null,"LOAN_EQUITY":null,"LOAN_ASSETS":null,"DEPOSIT_EQUITY":null,"DEPOSIT_ASSETS":null,"EQUITY_MULTIPLIER":1.898596773601,"EQUITY_RATIO":1.0654358621},{"SECUCODE":"00003.HK","SECURITY_CODE":"00003","SECURITY_NAME_ABBR":"香港中华煤气","ORG_CODE":"10013273","STD_REPORT_DATE":"2020-06-30 00:00:00","REPORT_DATE":"2020-06-30 00:00:00","DATE_TYPE_CODE":"002","REPORT_TYPE":"2020年中报","PER_NETCASH_OPERATE":0.223085041876,"PER_OI":0.937289218038,"BPS":3.01097081303,"BASIC_EPS":0.13062192,"DILUTED_EPS":0.13062192,"OPERATE_INCOME":16656852432,"OPERATE_INCOME_YOY":-10.4000117925,"GROSS_PROFIT":3754329744,"GROSS_PROFIT_YOY":-0.200332654593,"HOLDER_PROFIT":2436053136,"HOLDER_PROFIT_YOY":-31.4315832776,"GROSS_PROFIT_RATIO":22.53925079379,"EPS_TTM":0.295669807061,"OPERATE_INCOME_QOQ":-3.423381379717,"NET_PROFIT_RATIO":17.4831233925,"ROE_AVG":4.242673477683,"GROSS_PROFIT_QOQ":-0.104852556111,"ROA":1.907771150443,"HOLDER_PROFIT_QOQ":-15.790678740497,"ROE_YEARLY":8.485346955366,"ROIC_YEARLY":4.428343290007,"TOTAL_ASSETS":127071104688,"TOTAL_LIABILITIES":60768514224,"TAX_EBT":18.140502233862,"OCF_SALES":23.801089096423,"TOTAL_PARENT_EQUITY":56184324240,"DEBT_ASSET_RATIO":47.8224489928,"OPERATE_PROFIT":3242437968,"PRETAX_PROFIT":3557483424,"NETCASH_OPERATE":3964512288,"NETCASH_INVEST":-1951290528,"NETCASH_FINANCE":-1498863696,"END_CASH":7624483680,"DIVI_RATIO":1.075362422563,"DIVIDEND_RATE":5.813953488372,"CURRENT_RATIO":0.76810183624,"COMMON_ACS":null,"CURRENTDEBT_DEBT":39.227322399443,"ISSUED_COMMON_SHARES":18659870098,"HK_COMMON_SHARES":18659870098,"PER_SHARES":1000,"TOTAL_MARKET_CAP":112332417989.96,"HKSK_MARKET_CAP":112332417989.96,"PE_TTM":20.439312576641,"PB_TTM":1.961483906504,"REPORT_DATE_SQ":"2019-06-30 00:00:00","REPORT_TYPE_SQ":"2019年中报","OPERATE_INCOME_SQ":17902752354,"DPS_HKD":0.35,"OPERATE_INCOME_QOQ_SQ":4.907614921947,"NET_PROFIT_RATIO_SQ":22.0392199254,"HOLDER_PROFIT_SQ":3421349604,"HOLDER_PROFIT_QOQ_SQ":-7.556408753773,"ROE_AVG_SQ":6.214568300493,"PE_TTM_SQ":18.297947460725,"PB_TTM_SQ":1.740286499806,"ROA_SQ":2.90350912227,"START_DATE":"2020-01-01 00:00:00","FISCAL_YEAR":"12-31","CURRENCY":"HKD","IS_CNY_CODE":0,"DPS_HKD_LY":0.35,"ORG_TYPE":"一般企业","PREMIUM_INCOME":null,"PREMIUM_INCOME_YOY":null,"NET_INTEREST_INCOME":null,"NET_INTEREST_INCOME_YOY":null,"FEE_COMMISSION_INCOME":null,"FEE_COMMISSION_INCOME_YOY":null,"ACCOUNTS_RECE_TDAYS":2.359319709408,"INVENTORY_TDAYS":5.964404095851,"CURRENT_ASSETS_TDAYS":0.907806961647,"TOTAL_ASSETS_TDAYS":0.130446508154,"PREMIUM_EXPENSE":null,"LOAN_DEPOSIT":null,"LOAN_EQUITY":null,"LOAN_ASSETS":null,"DEPOSIT_EQUITY":null,"DEPOSIT_ASSETS":null,"EQUITY_MULTIPLIER":1.916533031345,"EQUITY_RATIO":1.081591975093}],"count":48},"success":true,"message":"ok","code":0}