{"version":"de6540f21b88f95330871b9e26546b82","result":{"pages":6,"data":[{"SECUCODE":"00002.HK","SECURITY_CODE":"00002","SECURITY_NAME_ABBR":"中电控股","ORG_CODE":"10007300","STD_REPORT_DATE":"2024-06-30 00:00:00","REPORT_DATE":"2024-06-30 00:00:00","DATE_TYPE_CODE":"002","REPORT_TYPE":"2024年中报","PER_NETCASH_OPERATE":3.257029042132,"PER_OI":15.926062816262,"BPS":37.402007750344,"BASIC_EPS":2.1539248,"DILUTED_EPS":2.1539248,"OPERATE_INCOME":40236410480,"OPERATE_INCOME_YOY":1.8105399289,"GROSS_PROFIT":13276755960,"GROSS_PROFIT_YOY":20.554747630291,"HOLDER_PROFIT":5431358680,"HOLDER_PROFIT_YOY":17.6086956522,"GROSS_PROFIT_RATIO":32.996869754571,"EPS_TTM":2.690349085278,"OPERATE_INCOME_QOQ":0.396019149393,"NET_PROFIT_RATIO":14.5851290659,"ROE_AVG":5.781430639348,"GROSS_PROFIT_QOQ":8.756490048189,"ROA":2.56844067899,"HOLDER_PROFIT_QOQ":12.703587018714,"ROE_YEARLY":11.562861278696,"ROIC_YEARLY":5.469292098431,"TOTAL_ASSETS":213880169240,"TOTAL_LIABILITIES":110293727280,"TAX_EBT":17.521806054387,"OCF_SALES":20.450936805335,"TOTAL_PARENT_EQUITY":94494323800,"DEBT_ASSET_RATIO":51.568000751,"OPERATE_PROFIT":6712761400,"PRETAX_PROFIT":7115253280,"NETCASH_OPERATE":8228722880,"NETCASH_INVEST":-8349196640,"NETCASH_FINANCE":-1879208120,"END_CASH":2673239720,"DIVI_RATIO":1.044759884649,"DIVIDEND_RATE":4.821150855365,"CURRENT_RATIO":0.698317947294,"COMMON_ACS":null,"CURRENTDEBT_DEBT":35.76535425252,"ISSUED_COMMON_SHARES":2526450570,"HK_COMMON_SHARES":2526450570,"PER_SHARES":500,"TOTAL_MARKET_CAP":162450771651,"HKSK_MARKET_CAP":162450771651,"PE_TTM":21.528064093692,"PB_TTM":1.569042079017,"REPORT_DATE_SQ":"2023-06-30 00:00:00","REPORT_TYPE_SQ":"2023年中报","OPERATE_INCOME_SQ":39923577960,"DPS_HKD":3.1,"OPERATE_INCOME_QOQ_SQ":-0.865601899424,"NET_PROFIT_RATIO_SQ":12.8123412314,"HOLDER_PROFIT_SQ":4665218800,"HOLDER_PROFIT_QOQ_SQ":1068.25346384074,"ROE_AVG_SQ":4.795481254028,"PE_TTM_SQ":15.174087287296,"PB_TTM_SQ":1.558473402951,"ROA_SQ":2.148802446068,"START_DATE":"2024-01-01 00:00:00","FISCAL_YEAR":"12-31","CURRENCY":"HKD","IS_CNY_CODE":0,"DPS_HKD_LY":3.1,"ORG_TYPE":"一般企业","PREMIUM_INCOME":null,"PREMIUM_INCOME_YOY":null,"NET_INTEREST_INCOME":null,"NET_INTEREST_INCOME_YOY":null,"FEE_COMMISSION_INCOME":null,"FEE_COMMISSION_INCOME_YOY":null,"ACCOUNTS_RECE_TDAYS":2.797601294539,"INVENTORY_TDAYS":5.101727115717,"CURRENT_ASSETS_TDAYS":1.543843675585,"TOTAL_ASSETS_TDAYS":0.190274366953,"PREMIUM_EXPENSE":null,"LOAN_DEPOSIT":null,"LOAN_EQUITY":null,"LOAN_ASSETS":null,"DEPOSIT_EQUITY":null,"DEPOSIT_ASSETS":null,"EQUITY_MULTIPLIER":2.064750610147,"EQUITY_RATIO":1.167199497754},{"SECUCODE":"00002.HK","SECURITY_CODE":"00002","SECURITY_NAME_ABBR":"中电控股","ORG_CODE":"10007300","STD_REPORT_DATE":"2023-12-31 00:00:00","REPORT_DATE":"2023-12-31 00:00:00","DATE_TYPE_CODE":"001","REPORT_TYPE":"2023年年报","PER_NETCASH_OPERATE":8.453316678189,"PER_OI":31.266905483134,"BPS":36.705407943129,"BASIC_EPS":2.3833586,"DILUTED_EPS":2.3833586,"OPERATE_INCOME":78994291180,"OPERATE_INCOME_YOY":-13.4042637738,"GROSS_PROFIT":25851737940,"GROSS_PROFIT_YOY":53.481991810737,"HOLDER_PROFIT":6030894100,"HOLDER_PROFIT_YOY":620.2380952381,"GROSS_PROFIT_RATIO":32.7260838142,"EPS_TTM":2.387101561223,"OPERATE_INCOME_QOQ":-11.381778707688,"NET_PROFIT_RATIO":8.7989996444,"ROE_AVG":6.404303538005,"GROSS_PROFIT_QOQ":-5.081364680981,"ROA":2.861891686753,"HOLDER_PROFIT_QOQ":-37.455387633326,"ROE_YEARLY":6.404303538005,"ROIC_YEARLY":3.057380438278,"TOTAL_ASSETS":207570597220,"TOTAL_LIABILITIES":105727781180,"TAX_EBT":27.933853236869,"OCF_SALES":27.035987564386,"TOTAL_PARENT_EQUITY":92734398820,"DEBT_ASSET_RATIO":50.9358177873,"OPERATE_PROFIT":8442345520,"PRETAX_PROFIT":9644899460,"NETCASH_OPERATE":21356886740,"NETCASH_INVEST":-8583715840,"NETCASH_FINANCE":-11909543240,"END_CASH":4696032040,"DIVI_RATIO":1.177481865732,"DIVIDEND_RATE":4.769230769231,"CURRENT_RATIO":0.6339603098,"COMMON_ACS":null,"CURRENTDEBT_DEBT":36.409843231707,"ISSUED_COMMON_SHARES":2526450570,"HK_COMMON_SHARES":2526450570,"PER_SHARES":500,"TOTAL_MARKET_CAP":164219287050,"HKSK_MARKET_CAP":164219287050,"PE_TTM":21.762428710575,"PB_TTM":1.586123408026,"REPORT_DATE_SQ":"2022-12-31 00:00:00","REPORT_TYPE_SQ":"2022年年报","OPERATE_INCOME_SQ":89918344740,"DPS_HKD":3.1,"OPERATE_INCOME_QOQ_SQ":19.165006365544,"NET_PROFIT_RATIO_SQ":1.4772207983,"HOLDER_PROFIT_SQ":825381480,"HOLDER_PROFIT_QOQ_SQ":178.626102346447,"ROE_AVG_SQ":0.845642743397,"PE_TTM_SQ":14.323312808054,"PB_TTM_SQ":1.471093557778,"ROA_SQ":0.388369918144,"START_DATE":"2023-01-01 00:00:00","FISCAL_YEAR":"12-31","CURRENCY":"HKD","IS_CNY_CODE":0,"DPS_HKD_LY":3.1,"ORG_TYPE":"一般企业","PREMIUM_INCOME":null,"PREMIUM_INCOME_YOY":null,"NET_INTEREST_INCOME":null,"NET_INTEREST_INCOME_YOY":null,"FEE_COMMISSION_INCOME":null,"FEE_COMMISSION_INCOME_YOY":null,"ACCOUNTS_RECE_TDAYS":5.630344916677,"INVENTORY_TDAYS":9.833487046198,"CURRENT_ASSETS_TDAYS":2.839797364435,"TOTAL_ASSETS_TDAYS":0.374858356788,"PREMIUM_EXPENSE":null,"LOAN_DEPOSIT":null,"LOAN_EQUITY":null,"LOAN_ASSETS":null,"DEPOSIT_EQUITY":null,"DEPOSIT_ASSETS":null,"EQUITY_MULTIPLIER":2.038146678293,"EQUITY_RATIO":1.140113943966},{"SECUCODE":"00002.HK","SECURITY_CODE":"00002","SECURITY_NAME_ABBR":"中电控股","ORG_CODE":"10007300","STD_REPORT_DATE":"2023-06-30 00:00:00","REPORT_DATE":"2023-06-30 00:00:00","DATE_TYPE_CODE":"002","REPORT_TYPE":"2023年中报","PER_NETCASH_OPERATE":2.16112107034,"PER_OI":15.802239883126,"BPS":38.512622600014,"BASIC_EPS":1.84396,"DILUTED_EPS":1.84396,"OPERATE_INCOME":39923577960,"OPERATE_INCOME_YOY":-9.0179434382,"GROSS_PROFIT":11013051100,"GROSS_PROFIT_YOY":1673.81539462321,"HOLDER_PROFIT":4665218800,"HOLDER_PROFIT_YOY":204.2224510814,"GROSS_PROFIT_RATIO":27.585330931597,"EPS_TTM":3.816638189759,"OPERATE_INCOME_QOQ":-0.865601899424,"NET_PROFIT_RATIO":12.8123412314,"ROE_AVG":4.795481254028,"GROSS_PROFIT_QOQ":61.69848133076,"ROA":2.148802446068,"HOLDER_PROFIT_QOQ":1068.25346384074,"ROE_YEARLY":9.590962508056,"ROIC_YEARLY":4.558404558405,"TOTAL_ASSETS":216604449320,"TOTAL_LIABILITIES":109995901920,"TAX_EBT":11.274588197665,"OCF_SALES":13.676042677013,"TOTAL_PARENT_EQUITY":97300237320,"DEBT_ASSET_RATIO":50.7819217312,"OPERATE_PROFIT":4817345500,"PRETAX_PROFIT":5765140940,"NETCASH_OPERATE":5459965560,"NETCASH_INVEST":-3486006380,"NETCASH_FINANCE":-3707281580,"END_CASH":2156511220,"DIVI_RATIO":0.73645146861,"DIVIDEND_RATE":4.769230769231,"CURRENT_RATIO":0.753481034364,"COMMON_ACS":null,"CURRENTDEBT_DEBT":36.660128746731,"ISSUED_COMMON_SHARES":2526450570,"HK_COMMON_SHARES":2526450570,"PER_SHARES":500,"TOTAL_MARKET_CAP":164219287050,"HKSK_MARKET_CAP":164219287050,"PE_TTM":21.762428710575,"PB_TTM":1.586123408026,"REPORT_DATE_SQ":"2022-06-30 00:00:00","REPORT_TYPE_SQ":"2022年中报","OPERATE_INCOME_SQ":40701912860,"DPS_HKD":3.1,"OPERATE_INCOME_QOQ_SQ":9.923721476066,"NET_PROFIT_RATIO_SQ":-10.4088750683,"HOLDER_PROFIT_SQ":-4151947450,"HOLDER_PROFIT_QOQ_SQ":-115.121269331796,"ROE_AVG_SQ":-4.409988100753,"PE_TTM_SQ":14.323312808054,"PB_TTM_SQ":1.471093557778,"ROA_SQ":-1.940715246507,"START_DATE":"2023-01-01 00:00:00","FISCAL_YEAR":"12-31","CURRENCY":"HKD","IS_CNY_CODE":0,"DPS_HKD_LY":3.1,"ORG_TYPE":"一般企业","PREMIUM_INCOME":null,"PREMIUM_INCOME_YOY":null,"NET_INTEREST_INCOME":null,"NET_INTEREST_INCOME_YOY":null,"FEE_COMMISSION_INCOME":null,"FEE_COMMISSION_INCOME_YOY":null,"ACCOUNTS_RECE_TDAYS":2.441888005414,"INVENTORY_TDAYS":5.108251201434,"CURRENT_ASSETS_TDAYS":1.284620861517,"TOTAL_ASSETS_TDAYS":0.1838882283,"PREMIUM_EXPENSE":null,"LOAN_DEPOSIT":null,"LOAN_EQUITY":null,"LOAN_ASSETS":null,"DEPOSIT_EQUITY":null,"DEPOSIT_ASSETS":null,"EQUITY_MULTIPLIER":2.031773761134,"EQUITY_RATIO":1.130479276821},{"SECUCODE":"00002.HK","SECURITY_CODE":"00002","SECURITY_NAME_ABBR":"中电控股","ORG_CODE":"10007300","STD_REPORT_DATE":"2022-12-31 00:00:00","REPORT_DATE":"2022-12-31 00:00:00","DATE_TYPE_CODE":"001","REPORT_TYPE":"2022年年报","PER_NETCASH_OPERATE":4.50232445276,"PER_OI":35.590779335928,"BPS":37.300630211815,"BASIC_EPS":0.3305099,"DILUTED_EPS":0.3305099,"OPERATE_INCOME":89918344740,"OPERATE_INCOME_YOY":19.8942340904,"GROSS_PROFIT":16843499120,"GROSS_PROFIT_YOY":-22.627699879302,"HOLDER_PROFIT":825381480,"HOLDER_PROFIT_YOY":-89.1178895301,"GROSS_PROFIT_RATIO":18.731994198407,"EPS_TTM":0.32669607306,"OPERATE_INCOME_QOQ":19.165006365544,"NET_PROFIT_RATIO":1.4772207983,"ROE_AVG":0.845642743397,"GROSS_PROFIT_QOQ":59.60688750012,"ROA":0.388369918144,"HOLDER_PROFIT_QOQ":178.626102346447,"ROE_YEARLY":0.845642743397,"ROIC_YEARLY":0.420556281263,"TOTAL_ASSETS":210834945020,"TOTAL_LIABILITIES":107488965640,"TAX_EBT":6.477987421384,"OCF_SALES":12.650255309849,"TOTAL_PARENT_EQUITY":94238198460,"DEBT_ASSET_RATIO":50.982518875,"OPERATE_PROFIT":868258440,"PRETAX_PROFIT":1420299300,"NETCASH_OPERATE":11374900180,"NETCASH_INVEST":-13740279140,"NETCASH_FINANCE":-881657490,"END_CASH":3797290770,"DIVI_RATIO":8.60361979154,"DIVIDEND_RATE":4.769230769231,"CURRENT_RATIO":0.775083781291,"COMMON_ACS":null,"CURRENTDEBT_DEBT":36.948608848852,"ISSUED_COMMON_SHARES":2526450570,"HK_COMMON_SHARES":2526450570,"PER_SHARES":500,"TOTAL_MARKET_CAP":164219287050,"HKSK_MARKET_CAP":164219287050,"PE_TTM":21.762428710575,"PB_TTM":1.586123408026,"REPORT_DATE_SQ":"2021-12-31 00:00:00","REPORT_TYPE_SQ":"2021年年报","OPERATE_INCOME_SQ":68644878400,"DPS_HKD":3.1,"OPERATE_INCOME_QOQ_SQ":4.761559697735,"NET_PROFIT_RATIO_SQ":11.2840791339,"HOLDER_PROFIT_SQ":6942241600,"HOLDER_PROFIT_QOQ_SQ":-13.136230692853,"ROE_AVG_SQ":7.539714252733,"PE_TTM_SQ":14.323312808054,"PB_TTM_SQ":1.471093557778,"ROA_SQ":3.5823829956,"START_DATE":"2022-01-01 00:00:00","FISCAL_YEAR":"12-31","CURRENCY":"HKD","IS_CNY_CODE":0,"DPS_HKD_LY":3.1,"ORG_TYPE":"一般企业","PREMIUM_INCOME":null,"PREMIUM_INCOME_YOY":null,"NET_INTEREST_INCOME":null,"NET_INTEREST_INCOME_YOY":null,"FEE_COMMISSION_INCOME":null,"FEE_COMMISSION_INCOME_YOY":null,"ACCOUNTS_RECE_TDAYS":6.15331010453,"INVENTORY_TDAYS":13.271576898118,"CURRENT_ASSETS_TDAYS":2.945529561515,"TOTAL_ASSETS_TDAYS":0.423096241344,"PREMIUM_EXPENSE":null,"LOAN_DEPOSIT":null,"LOAN_EQUITY":null,"LOAN_ASSETS":null,"DEPOSIT_EQUITY":null,"DEPOSIT_ASSETS":null,"EQUITY_MULTIPLIER":2.040088509342,"EQUITY_RATIO":1.14060930065},{"SECUCODE":"00002.HK","SECURITY_CODE":"00002","SECURITY_NAME_ABBR":"中电控股","ORG_CODE":"10007300","STD_REPORT_DATE":"2022-06-30 00:00:00","REPORT_DATE":"2022-06-30 00:00:00","DATE_TYPE_CODE":"002","REPORT_TYPE":"2022年中报","PER_NETCASH_OPERATE":-0.940338136123,"PER_OI":16.110314345077,"BPS":36.269024697364,"BASIC_EPS":-1.6419648,"DILUTED_EPS":-1.6419648,"OPERATE_INCOME":40701912860,"OPERATE_INCOME_YOY":16.8553119399,"GROSS_PROFIT":620867940,"GROSS_PROFIT_YOY":-94.754929296412,"HOLDER_PROFIT":-4151947450,"HOLDER_PROFIT_YOY":-205.2004333694,"GROSS_PROFIT_RATIO":1.525402361642,"EPS_TTM":-0.415505873127,"OPERATE_INCOME_QOQ":9.923721476066,"NET_PROFIT_RATIO":-10.4088750683,"ROE_AVG":-4.409988100753,"GROSS_PROFIT_QOQ":-51.523207217082,"ROA":-1.940715246507,"HOLDER_PROFIT_QOQ":-115.121269331796,"ROE_YEARLY":-8.819976201506,"ROIC_YEARLY":-4.204937662124,"TOTAL_ASSETS":222795809180,"TOTAL_LIABILITIES":120133670440,"TAX_EBT":36.060918946825,"OCF_SALES":-5.836870193722,"TOTAL_PARENT_EQUITY":91631898120,"DEBT_ASSET_RATIO":53.9209740444,"OPERATE_PROFIT":-6947563560,"PRETAX_PROFIT":-6626012120,"NETCASH_OPERATE":-2375717820,"NETCASH_INVEST":-5616032730,"NETCASH_FINANCE":5026806820,"END_CASH":3124864260,"DIVI_RATIO":-6.764690902795,"DIVIDEND_RATE":4.769230769231,"CURRENT_RATIO":0.984785379045,"COMMON_ACS":null,"CURRENTDEBT_DEBT":45.805689228053,"ISSUED_COMMON_SHARES":2526450570,"HK_COMMON_SHARES":2526450570,"PER_SHARES":500,"TOTAL_MARKET_CAP":164219287050,"HKSK_MARKET_CAP":164219287050,"PE_TTM":21.762428710575,"PB_TTM":1.586123408026,"REPORT_DATE_SQ":"2021-06-30 00:00:00","REPORT_TYPE_SQ":"2021年中报","OPERATE_INCOME_SQ":33889786320,"DPS_HKD":3.1,"OPERATE_INCOME_QOQ_SQ":-2.181429457642,"NET_PROFIT_RATIO_SQ":12.60281372,"HOLDER_PROFIT_SQ":3840049200,"HOLDER_PROFIT_QOQ_SQ":-17.110087707187,"ROE_AVG_SQ":4.11619900462,"PE_TTM_SQ":14.323312808054,"PB_TTM_SQ":1.471093557778,"ROA_SQ":1.967111095956,"START_DATE":"2022-01-01 00:00:00","FISCAL_YEAR":"12-31","CURRENCY":"HKD","IS_CNY_CODE":0,"DPS_HKD_LY":3.1,"ORG_TYPE":"一般企业","PREMIUM_INCOME":null,"PREMIUM_INCOME_YOY":null,"NET_INTEREST_INCOME":null,"NET_INTEREST_INCOME_YOY":null,"FEE_COMMISSION_INCOME":null,"FEE_COMMISSION_INCOME_YOY":null,"ACCOUNTS_RECE_TDAYS":2.302731209328,"INVENTORY_TDAYS":7.471385302088,"CURRENT_ASSETS_TDAYS":0.978746594005,"TOTAL_ASSETS_TDAYS":0.190250054464,"PREMIUM_EXPENSE":null,"LOAN_DEPOSIT":null,"LOAN_EQUITY":null,"LOAN_ASSETS":null,"DEPOSIT_EQUITY":null,"DEPOSIT_ASSETS":null,"EQUITY_MULTIPLIER":2.170184762507,"EQUITY_RATIO":1.311046403106},{"SECUCODE":"00002.HK","SECURITY_CODE":"00002","SECURITY_NAME_ABBR":"中电控股","ORG_CODE":"10007300","STD_REPORT_DATE":"2021-12-31 00:00:00","REPORT_DATE":"2021-12-31 00:00:00","DATE_TYPE_CODE":"001","REPORT_TYPE":"2021年年报","PER_NETCASH_OPERATE":5.85033128117,"PER_OI":27.170481471165,"BPS":36.579618654483,"BASIC_EPS":2.747136,"DILUTED_EPS":2.747136,"OPERATE_INCOME":68644878400,"OPERATE_INCOME_YOY":5.4893830883,"GROSS_PROFIT":21769417600,"GROSS_PROFIT_YOY":-7.741924402817,"HOLDER_PROFIT":6942241600,"HOLDER_PROFIT_YOY":-25.8816340782,"GROSS_PROFIT_RATIO":31.713098059767,"EPS_TTM":2.747824035204,"OPERATE_INCOME_QOQ":4.761559697735,"NET_PROFIT_RATIO":11.2840791339,"ROE_AVG":7.539714252733,"GROSS_PROFIT_QOQ":-4.361327310572,"ROA":3.5823829956,"HOLDER_PROFIT_QOQ":-13.136230692853,"ROE_YEARLY":7.539714252733,"ROIC_YEARLY":3.980526314556,"TOTAL_ASSETS":196067838400,"TOTAL_LIABILITIES":92470560000,"TAX_EBT":17.178075006557,"OCF_SALES":21.531938207935,"TOTAL_PARENT_EQUITY":92416598400,"DEBT_ASSET_RATIO":47.1625335163,"OPERATE_PROFIT":9076177600,"PRETAX_PROFIT":9352526400,"NETCASH_OPERATE":14558185600,"NETCASH_INVEST":-9637051200,"NETCASH_FINANCE":-6936518400,"END_CASH":6703502400,"DIVI_RATIO":1.022907130875,"DIVIDEND_RATE":4.769230769231,"CURRENT_RATIO":0.8965553733,"COMMON_ACS":null,"CURRENTDEBT_DEBT":33.419982316534,"ISSUED_COMMON_SHARES":2526450570,"HK_COMMON_SHARES":2526450570,"PER_SHARES":500,"TOTAL_MARKET_CAP":164219287050,"HKSK_MARKET_CAP":164219287050,"PE_TTM":21.762428710575,"PB_TTM":1.586123408026,"REPORT_DATE_SQ":"2020-12-31 00:00:00","REPORT_TYPE_SQ":"2020年年报","OPERATE_INCOME_SQ":66986127600,"DPS_HKD":3.1,"OPERATE_INCOME_QOQ_SQ":-8.92065113306,"NET_PROFIT_RATIO_SQ":15.7155421535,"HOLDER_PROFIT_SQ":9641827840,"HOLDER_PROFIT_QOQ_SQ":-7.815510719393,"ROE_AVG_SQ":10.526751050975,"PE_TTM_SQ":14.323312808054,"PB_TTM_SQ":1.471093557778,"ROA_SQ":5.026148608332,"START_DATE":"2021-01-01 00:00:00","FISCAL_YEAR":"12-31","CURRENCY":"HKD","IS_CNY_CODE":0,"DPS_HKD_LY":3.1,"ORG_TYPE":"一般企业","PREMIUM_INCOME":null,"PREMIUM_INCOME_YOY":null,"NET_INTEREST_INCOME":null,"NET_INTEREST_INCOME_YOY":null,"FEE_COMMISSION_INCOME":null,"FEE_COMMISSION_INCOME_YOY":null,"ACCOUNTS_RECE_TDAYS":5.940215084194,"INVENTORY_TDAYS":9.743053785368,"CURRENT_ASSETS_TDAYS":2.495771465941,"TOTAL_ASSETS_TDAYS":0.354225996853,"PREMIUM_EXPENSE":null,"LOAN_DEPOSIT":null,"LOAN_EQUITY":null,"LOAN_ASSETS":null,"DEPOSIT_EQUITY":null,"DEPOSIT_ASSETS":null,"EQUITY_MULTIPLIER":1.892596421724,"EQUITY_RATIO":1.000583895111},{"SECUCODE":"00002.HK","SECURITY_CODE":"00002","SECURITY_NAME_ABBR":"中电控股","ORG_CODE":"10007300","STD_REPORT_DATE":"2021-06-30 00:00:00","REPORT_DATE":"2021-06-30 00:00:00","DATE_TYPE_CODE":"002","REPORT_TYPE":"2021年中报","PER_NETCASH_OPERATE":2.174351726976,"PER_OI":13.413991440173,"BPS":36.898768567635,"BASIC_EPS":1.5227064,"DILUTED_EPS":1.5227064,"OPERATE_INCOME":33889786320,"OPERATE_INCOME_YOY":5.2401746725,"GROSS_PROFIT":11837170080,"GROSS_PROFIT_YOY":-6.582383579378,"HOLDER_PROFIT":3840049200,"HOLDER_PROFIT_YOY":-23.2113144759,"GROSS_PROFIT_RATIO":34.928429374647,"EPS_TTM":3.163371860467,"OPERATE_INCOME_QOQ":-2.181429457642,"NET_PROFIT_RATIO":12.60281372,"ROE_AVG":4.11619900462,"GROSS_PROFIT_QOQ":-3.534759524762,"ROA":1.967111095956,"HOLDER_PROFIT_QOQ":-17.110087707187,"ROE_YEARLY":8.23239800924,"ROIC_YEARLY":4.380085086593,"TOTAL_ASSETS":195524654640,"TOTAL_LIABILITIES":90898083360,"TAX_EBT":17.963880453892,"OCF_SALES":16.20958039726,"TOTAL_PARENT_EQUITY":93222914880,"DEBT_ASSET_RATIO":46.489320504,"OPERATE_PROFIT":4970845920,"PRETAX_PROFIT":5206324560,"NETCASH_OPERATE":5226294480,"NETCASH_INVEST":-5404359600,"NETCASH_FINANCE":-2983838880,"END_CASH":5716389600,"DIVI_RATIO":0.88853569039,"DIVIDEND_RATE":4.769230769231,"CURRENT_RATIO":0.964122562674,"COMMON_ACS":null,"CURRENTDEBT_DEBT":32.862818329946,"ISSUED_COMMON_SHARES":2526450570,"HK_COMMON_SHARES":2526450570,"PER_SHARES":500,"TOTAL_MARKET_CAP":164219287050,"HKSK_MARKET_CAP":164219287050,"PE_TTM":21.762428710575,"PB_TTM":1.586123408026,"REPORT_DATE_SQ":"2020-06-30 00:00:00","REPORT_TYPE_SQ":"2020年中报","OPERATE_INCOME_SQ":35351041440,"DPS_HKD":3.1,"OPERATE_INCOME_QOQ_SQ":-4.183893584605,"NET_PROFIT_RATIO_SQ":16.8290225059,"HOLDER_PROFIT_SQ":5489774400,"HOLDER_PROFIT_QOQ_SQ":150.722851829862,"ROE_AVG_SQ":5.716731665557,"PE_TTM_SQ":14.323312808054,"PB_TTM_SQ":1.471093557778,"ROA_SQ":2.697087056226,"START_DATE":"2021-01-01 00:00:00","FISCAL_YEAR":"12-31","CURRENCY":"HKD","IS_CNY_CODE":0,"DPS_HKD_LY":3.1,"ORG_TYPE":"一般企业","PREMIUM_INCOME":null,"PREMIUM_INCOME_YOY":null,"NET_INTEREST_INCOME":null,"NET_INTEREST_INCOME_YOY":null,"FEE_COMMISSION_INCOME":null,"FEE_COMMISSION_INCOME_YOY":null,"ACCOUNTS_RECE_TDAYS":2.604905503502,"INVENTORY_TDAYS":4.608415927665,"CURRENT_ASSETS_TDAYS":1.197823689435,"TOTAL_ASSETS_TDAYS":0.173604480666,"PREMIUM_EXPENSE":null,"LOAN_DEPOSIT":null,"LOAN_EQUITY":null,"LOAN_ASSETS":null,"DEPOSIT_EQUITY":null,"DEPOSIT_ASSETS":null,"EQUITY_MULTIPLIER":1.868785837554,"EQUITY_RATIO":0.975061587347},{"SECUCODE":"00002.HK","SECURITY_CODE":"00002","SECURITY_NAME_ABBR":"中电控股","ORG_CODE":"10007300","STD_REPORT_DATE":"2020-12-31 00:00:00","REPORT_DATE":"2020-12-31 00:00:00","DATE_TYPE_CODE":"001","REPORT_TYPE":"2020年年报","PER_NETCASH_OPERATE":7.453481807087,"PER_OI":26.513927640389,"BPS":37.377342395422,"BASIC_EPS":3.8126292,"DILUTED_EPS":3.8126292,"OPERATE_INCOME":66986127600,"OPERATE_INCOME_YOY":-7.1175996919,"GROSS_PROFIT":23596219040,"GROSS_PROFIT_YOY":-1.279714874097,"HOLDER_PROFIT":9641827840,"HOLDER_PROFIT_YOY":145.9952759287,"GROSS_PROFIT_RATIO":35.225530845584,"EPS_TTM":3.816353248502,"OPERATE_INCOME_QOQ":-8.92065113306,"NET_PROFIT_RATIO":15.7155421535,"ROE_AVG":10.526751050975,"GROSS_PROFIT_QOQ":-5.69013029013,"ROA":5.026148608332,"HOLDER_PROFIT_QOQ":-7.815510719393,"ROE_YEARLY":10.526751050975,"ROIC_YEARLY":5.613264866136,"TOTAL_ASSETS":197139862120,"TOTAL_LIABILITIES":91116788040,"TAX_EBT":19.308431714083,"OCF_SALES":28.111571805503,"TOTAL_PARENT_EQUITY":94432008000,"DEBT_ASSET_RATIO":46.2193627713,"OPERATE_PROFIT":12385574240,"PRETAX_PROFIT":13046261640,"NETCASH_OPERATE":18830853360,"NETCASH_INVEST":-8484572840,"NETCASH_FINANCE":-8593986040,"END_CASH":8549379120,"DIVI_RATIO":0.736506454454,"DIVIDEND_RATE":4.769230769231,"CURRENT_RATIO":0.927403004971,"COMMON_ACS":null,"CURRENTDEBT_DEBT":33.259437840035,"ISSUED_COMMON_SHARES":2526450570,"HK_COMMON_SHARES":2526450570,"PER_SHARES":500,"TOTAL_MARKET_CAP":164219287050,"HKSK_MARKET_CAP":164219287050,"PE_TTM":21.762428710575,"PB_TTM":1.586123408026,"REPORT_DATE_SQ":"2019-12-31 00:00:00","REPORT_TYPE_SQ":"2019年年报","OPERATE_INCOME_SQ":76758492420,"DPS_HKD":3.1,"OPERATE_INCOME_QOQ_SQ":-3.442755123398,"NET_PROFIT_RATIO_SQ":6.7149809194,"HOLDER_PROFIT_SQ":4171647460,"HOLDER_PROFIT_QOQ_SQ":-13.187740894983,"ROE_AVG_SQ":4.342029201708,"PE_TTM_SQ":14.323312808054,"PB_TTM_SQ":1.471093557778,"ROA_SQ":2.059995089984,"START_DATE":"2020-01-01 00:00:00","FISCAL_YEAR":"12-31","CURRENCY":"HKD","IS_CNY_CODE":0,"DPS_HKD_LY":3.08,"ORG_TYPE":"一般企业","PREMIUM_INCOME":null,"PREMIUM_INCOME_YOY":null,"NET_INTEREST_INCOME":null,"NET_INTEREST_INCOME_YOY":null,"FEE_COMMISSION_INCOME":null,"FEE_COMMISSION_INCOME_YOY":null,"ACCOUNTS_RECE_TDAYS":6.157833655706,"INVENTORY_TDAYS":9.099638160798,"CURRENT_ASSETS_TDAYS":2.558382487665,"TOTAL_ASSETS_TDAYS":0.349189217648,"PREMIUM_EXPENSE":null,"LOAN_DEPOSIT":null,"LOAN_EQUITY":null,"LOAN_ASSETS":null,"DEPOSIT_EQUITY":null,"DEPOSIT_ASSETS":null,"EQUITY_MULTIPLIER":1.859405264663,"EQUITY_RATIO":0.964893048128},{"SECUCODE":"00002.HK","SECURITY_CODE":"00002","SECURITY_NAME_ABBR":"中电控股","ORG_CODE":"10007300","STD_REPORT_DATE":"2020-06-30 00:00:00","REPORT_DATE":"2020-06-30 00:00:00","DATE_TYPE_CODE":"002","REPORT_TYPE":"2020年中报","PER_NETCASH_OPERATE":2.376834374401,"PER_OI":13.992374068098,"BPS":37.892322270924,"BASIC_EPS":2.1739872,"DILUTED_EPS":2.1739872,"OPERATE_INCOME":35351041440,"OPERATE_INCOME_YOY":-11.7181440759,"GROSS_PROFIT":12671239680,"GROSS_PROFIT_YOY":9.674900661139,"HOLDER_PROFIT":5489774400,"HOLDER_PROFIT_YOY":762.6240352811,"GROSS_PROFIT_RATIO":35.844035037854,"EPS_TTM":4.139908219142,"OPERATE_INCOME_QOQ":-4.183893584605,"NET_PROFIT_RATIO":16.8290225059,"ROE_AVG":5.716731665557,"GROSS_PROFIT_QOQ":4.676515225395,"ROA":2.697087056226,"HOLDER_PROFIT_QOQ":150.722851829862,"ROE_YEARLY":11.433463331114,"ROIC_YEARLY":5.985325495644,"TOTAL_ASSETS":204649837920,"TOTAL_LIABILITIES":96452869920,"TAX_EBT":19.483248856472,"OCF_SALES":16.986641172063,"TOTAL_PARENT_EQUITY":95733079200,"DEBT_ASSET_RATIO":47.1306847346,"OPERATE_PROFIT":6837098400,"PRETAX_PROFIT":7388816160,"NETCASH_OPERATE":6004954560,"NETCASH_INVEST":-5424006720,"NETCASH_FINANCE":-2153891520,"END_CASH":5545494240,"DIVI_RATIO":0.678944713558,"DIVIDEND_RATE":4.769230769231,"CURRENT_RATIO":0.943907852901,"COMMON_ACS":null,"CURRENTDEBT_DEBT":31.572168609662,"ISSUED_COMMON_SHARES":2526450570,"HK_COMMON_SHARES":2526450570,"PER_SHARES":500,"TOTAL_MARKET_CAP":164219287050,"HKSK_MARKET_CAP":164219287050,"PE_TTM":21.762428710575,"PB_TTM":1.586123408026,"REPORT_DATE_SQ":"2019-06-30 00:00:00","REPORT_TYPE_SQ":"2019年中报","OPERATE_INCOME_SQ":38562535080,"DPS_HKD":3.1,"OPERATE_INCOME_QOQ_SQ":-0.763062512277,"NET_PROFIT_RATIO_SQ":-0.8394543547,"HOLDER_PROFIT_SQ":-797851620,"HOLDER_PROFIT_QOQ_SQ":-59.525266519043,"ROE_AVG_SQ":-0.851139701397,"PE_TTM_SQ":14.323312808054,"PB_TTM_SQ":1.471093557778,"ROA_SQ":-0.400575026112,"START_DATE":"2020-01-01 00:00:00","FISCAL_YEAR":"12-31","CURRENCY":"HKD","IS_CNY_CODE":0,"DPS_HKD_LY":3.08,"ORG_TYPE":"一般企业","PREMIUM_INCOME":null,"PREMIUM_INCOME_YOY":null,"NET_INTEREST_INCOME":null,"NET_INTEREST_INCOME_YOY":null,"FEE_COMMISSION_INCOME":null,"FEE_COMMISSION_INCOME_YOY":null,"ACCOUNTS_RECE_TDAYS":2.701074818537,"INVENTORY_TDAYS":4.439299123905,"CURRENT_ASSETS_TDAYS":1.283742992669,"TOTAL_ASSETS_TDAYS":0.173677148358,"PREMIUM_EXPENSE":null,"LOAN_DEPOSIT":null,"LOAN_EQUITY":null,"LOAN_ASSETS":null,"DEPOSIT_EQUITY":null,"DEPOSIT_ASSETS":null,"EQUITY_MULTIPLIER":1.891456310679,"EQUITY_RATIO":1.007518725252}],"count":49},"success":true,"message":"ok","code":0}