{"version":"3282b748cbd7bb81032ef096b0c154cf","result":{"pages":6,"data":[{"SECUCODE":"00010.HK","SECURITY_CODE":"00010","SECURITY_NAME_ABBR":"恒隆集团","ORG_CODE":"10007306","STD_REPORT_DATE":"2024-12-31 00:00:00","REPORT_DATE":"2024-12-31 00:00:00","DATE_TYPE_CODE":"001","REPORT_TYPE":"2024年年报","PER_NETCASH_OPERATE":null,"PER_OI":7.998005655391,"BPS":65.137499119963,"BASIC_EPS":1.0927272,"DILUTED_EPS":1.0927272,"OPERATE_INCOME":10890230400,"OPERATE_INCOME_YOY":8.0783016267,"GROSS_PROFIT":6321149040,"GROSS_PROFIT_YOY":-10.504337748649,"HOLDER_PROFIT":1493702520,"HOLDER_PROFIT_YOY":-42.6182853077,"GROSS_PROFIT_RATIO":58.044217687075,"EPS_TTM":1.097005367529,"OPERATE_INCOME_QOQ":2.848380506221,"NET_PROFIT_RATIO":24.1156462585,"ROE_AVG":1.696680270964,"GROSS_PROFIT_QOQ":-4.820953628495,"ROA":0.691651301402,"HOLDER_PROFIT_QOQ":-17.341370488501,"ROE_YEARLY":1.696680270964,"ROIC_YEARLY":0.972295896224,"TOTAL_ASSETS":217589766720,"TOTAL_LIABILITIES":76194571200,"TAX_EBT":33.301975540922,"OCF_SALES":null,"TOTAL_PARENT_EQUITY":88692407040,"DEBT_ASSET_RATIO":35.0175343025,"OPERATE_PROFIT":4613531280,"PRETAX_PROFIT":3937522080,"NETCASH_OPERATE":null,"NETCASH_INVEST":null,"NETCASH_FINANCE":null,"END_CASH":null,"DIVI_RATIO":0.711669990967,"DIVIDEND_RATE":7.977736549165,"CURRENT_RATIO":1.459662885614,"COMMON_ACS":null,"CURRENTDEBT_DEBT":22.929022848809,"ISSUED_COMMON_SHARES":1361618242,"HK_COMMON_SHARES":1361618242,"PER_SHARES":1000,"TOTAL_MARKET_CAP":14678244648.76,"HKSK_MARKET_CAP":14678244648.76,"PE_TTM":9.09996568429,"PB_TTM":0.153255979042,"REPORT_DATE_SQ":"2023-12-31 00:00:00","REPORT_TYPE_SQ":"2023年年报","OPERATE_INCOME_SQ":9860579820,"DPS_HKD":0.86,"OPERATE_INCOME_QOQ_SQ":-2.11722874687,"NET_PROFIT_RATIO_SQ":45.1704806544,"HOLDER_PROFIT_SQ":2547384420,"HOLDER_PROFIT_QOQ_SQ":-7.302438952375,"ROE_AVG_SQ":3.003542064014,"PE_TTM_SQ":4.193839367457,"PB_TTM_SQ":0.131601932673,"ROA_SQ":1.227548440345,"START_DATE":"2024-01-01 00:00:00","FISCAL_YEAR":"12-31","CURRENCY":"HKD","IS_CNY_CODE":0,"DPS_HKD_LY":0.86,"ORG_TYPE":"一般企业","PREMIUM_INCOME":null,"PREMIUM_INCOME_YOY":null,"NET_INTEREST_INCOME":null,"NET_INTEREST_INCOME_YOY":null,"FEE_COMMISSION_INCOME":null,"FEE_COMMISSION_INCOME_YOY":null,"ACCOUNTS_RECE_TDAYS":3.535778713169,"INVENTORY_TDAYS":0.355552352814,"CURRENT_ASSETS_TDAYS":0.456114494046,"TOTAL_ASSETS_TDAYS":0.050426654089,"PREMIUM_EXPENSE":null,"LOAN_DEPOSIT":null,"LOAN_EQUITY":null,"LOAN_ASSETS":null,"DEPOSIT_EQUITY":null,"DEPOSIT_ASSETS":null,"EQUITY_MULTIPLIER":1.538876663522,"EQUITY_RATIO":0.859087871701},{"SECUCODE":"00010.HK","SECURITY_CODE":"00010","SECURITY_NAME_ABBR":"恒隆集团","ORG_CODE":"10007306","STD_REPORT_DATE":"2024-06-30 00:00:00","REPORT_DATE":"2024-06-30 00:00:00","DATE_TYPE_CODE":"002","REPORT_TYPE":"2024年中报","PER_NETCASH_OPERATE":1.467266270659,"PER_OI":4.275784166529,"BPS":64.233954644682,"BASIC_EPS":0.593242,"DILUTED_EPS":0.593242,"OPERATE_INCOME":5821985720,"OPERATE_INCOME_YOY":15.4570135747,"GROSS_PROFIT":3297512840,"GROSS_PROFIT_YOY":-11.339719458509,"HOLDER_PROFIT":810459840,"HOLDER_PROFIT_YOY":-47.2057074911,"GROSS_PROFIT_RATIO":56.638971625647,"EPS_TTM":1.327151652541,"OPERATE_INCOME_QOQ":7.383401719677,"NET_PROFIT_RATIO":23.922244866,"ROE_AVG":0.933803039066,"GROSS_PROFIT_QOQ":-5.971255582842,"ROA":0.382640694786,"HOLDER_PROFIT_QOQ":-29.061594087947,"ROE_YEARLY":1.867606078132,"ROIC_YEARLY":1.069782850947,"TOTAL_ASSETS":212372421880,"TOTAL_LIABILITIES":71978508200,"TAX_EBT":33.128834355828,"OCF_SALES":34.315723467628,"TOTAL_PARENT_EQUITY":87462124400,"DEBT_ASSET_RATIO":33.892587165,"OPERATE_PROFIT":2346500280,"PRETAX_PROFIT":2082735760,"NETCASH_OPERATE":1997856520,"NETCASH_INVEST":-1280490040,"NETCASH_FINANCE":69363680,"END_CASH":6483678720,"DIVI_RATIO":0.588256661178,"DIVIDEND_RATE":8.317214700193,"CURRENT_RATIO":1.568047708726,"COMMON_ACS":null,"CURRENTDEBT_DEBT":20.19907436759,"ISSUED_COMMON_SHARES":1361618242,"HK_COMMON_SHARES":1361618242,"PER_SHARES":1000,"TOTAL_MARKET_CAP":14079132622.28,"HKSK_MARKET_CAP":14079132622.28,"PE_TTM":6.980234319425,"PB_TTM":0.147000632959,"REPORT_DATE_SQ":"2023-06-30 00:00:00","REPORT_TYPE_SQ":"2023年中报","OPERATE_INCOME_SQ":5093939500,"DPS_HKD":0.86,"OPERATE_INCOME_QOQ_SQ":3.075732483795,"NET_PROFIT_RATIO_SQ":52.6515837104,"HOLDER_PROFIT_SQ":1550770360,"HOLDER_PROFIT_QOQ_SQ":13.186330308268,"ROE_AVG_SQ":1.824413736252,"PE_TTM_SQ":4.49274239255,"PB_TTM_SQ":0.145278535578,"ROA_SQ":0.745043929686,"START_DATE":"2024-01-01 00:00:00","FISCAL_YEAR":"12-31","CURRENCY":"HKD","IS_CNY_CODE":0,"DPS_HKD_LY":0.86,"ORG_TYPE":"一般企业","PREMIUM_INCOME":null,"PREMIUM_INCOME_YOY":null,"NET_INTEREST_INCOME":null,"NET_INTEREST_INCOME_YOY":null,"FEE_COMMISSION_INCOME":null,"FEE_COMMISSION_INCOME_YOY":null,"ACCOUNTS_RECE_TDAYS":1.728726287263,"INVENTORY_TDAYS":0.197106819639,"CURRENT_ASSETS_TDAYS":0.260330156916,"TOTAL_ASSETS_TDAYS":0.027487218379,"PREMIUM_EXPENSE":null,"LOAN_DEPOSIT":null,"LOAN_EQUITY":null,"LOAN_ASSETS":null,"DEPOSIT_EQUITY":null,"DEPOSIT_ASSETS":null,"EQUITY_MULTIPLIER":1.512689662347,"EQUITY_RATIO":0.8229677554},{"SECUCODE":"00010.HK","SECURITY_CODE":"00010","SECURITY_NAME_ABBR":"恒隆集团","ORG_CODE":"10007306","STD_REPORT_DATE":"2023-12-31 00:00:00","REPORT_DATE":"2023-12-31 00:00:00","DATE_TYPE_CODE":"001","REPORT_TYPE":"2023年年报","PER_NETCASH_OPERATE":2.676827268887,"PER_OI":7.241809426346,"BPS":62.800950047789,"BASIC_EPS":1.8668132,"DILUTED_EPS":1.8668132,"OPERATE_INCOME":9860579820,"OPERATE_INCOME_YOY":-0.5483959419,"GROSS_PROFIT":7063078680,"GROSS_PROFIT_YOY":2.915422732425,"HOLDER_PROFIT":2547384420,"HOLDER_PROFIT_YOY":3.4216335541,"GROSS_PROFIT_RATIO":71.629445822994,"EPS_TTM":1.870850684446,"OPERATE_INCOME_QOQ":-2.11722874687,"NET_PROFIT_RATIO":45.1704806544,"ROE_AVG":3.003542064014,"GROSS_PROFIT_QOQ":-2.203485315972,"ROA":1.227548440345,"HOLDER_PROFIT_QOQ":-7.302438952375,"ROE_YEARLY":3.003542064014,"ROIC_YEARLY":1.741053179234,"TOTAL_ASSETS":209746431440,"TOTAL_LIABILITIES":69358453920,"TAX_EBT":25.235777304533,"OCF_SALES":36.963514382869,"TOTAL_PARENT_EQUITY":85510919200,"DEBT_ASSET_RATIO":33.0677635104,"OPERATE_PROFIT":6402444300,"PRETAX_PROFIT":5957490280,"NETCASH_OPERATE":3644816840,"NETCASH_INVEST":-2578195900,"NETCASH_FINANCE":-512920520,"END_CASH":5674749640,"DIVI_RATIO":0.417299898111,"DIVIDEND_RATE":8.317214700193,"CURRENT_RATIO":1.593474368327,"COMMON_ACS":null,"CURRENTDEBT_DEBT":19.701839657155,"ISSUED_COMMON_SHARES":1361618242,"HK_COMMON_SHARES":1361618242,"PER_SHARES":1000,"TOTAL_MARKET_CAP":14079132622.28,"HKSK_MARKET_CAP":14079132622.28,"PE_TTM":6.980234319425,"PB_TTM":0.147000632959,"REPORT_DATE_SQ":"2022-12-31 00:00:00","REPORT_TYPE_SQ":"2022年年报","OPERATE_INCOME_SQ":9773267070,"DPS_HKD":0.86,"OPERATE_INCOME_QOQ_SQ":4.734234390708,"NET_PROFIT_RATIO_SQ":43.8259756878,"HOLDER_PROFIT_SQ":2427907860,"HOLDER_PROFIT_QOQ_SQ":16.023051749817,"ROE_AVG_SQ":2.881358627379,"PE_TTM_SQ":4.49274239255,"PB_TTM_SQ":0.145278535578,"ROA_SQ":1.170152081024,"START_DATE":"2023-01-01 00:00:00","FISCAL_YEAR":"12-31","CURRENCY":"HKD","IS_CNY_CODE":0,"DPS_HKD_LY":0.86,"ORG_TYPE":"一般企业","PREMIUM_INCOME":null,"PREMIUM_INCOME_YOY":null,"NET_INTEREST_INCOME":null,"NET_INTEREST_INCOME_YOY":null,"FEE_COMMISSION_INCOME":null,"FEE_COMMISSION_INCOME_YOY":null,"ACCOUNTS_RECE_TDAYS":3.095590327169,"INVENTORY_TDAYS":0.238075039525,"CURRENT_ASSETS_TDAYS":0.482624026968,"TOTAL_ASSETS_TDAYS":0.047516736319,"PREMIUM_EXPENSE":null,"LOAN_DEPOSIT":null,"LOAN_EQUITY":null,"LOAN_ASSETS":null,"DEPOSIT_EQUITY":null,"DEPOSIT_ASSETS":null,"EQUITY_MULTIPLIER":1.494048387514,"EQUITY_RATIO":0.811106401017},{"SECUCODE":"00010.HK","SECURITY_CODE":"00010","SECURITY_NAME_ABBR":"恒隆集团","ORG_CODE":"10007306","STD_REPORT_DATE":"2023-06-30 00:00:00","REPORT_DATE":"2023-06-30 00:00:00","DATE_TYPE_CODE":"002","REPORT_TYPE":"2023年中报","PER_NETCASH_OPERATE":1.623058498947,"PER_OI":3.741092284808,"BPS":62.003272294585,"BASIC_EPS":1.1432552,"DILUTED_EPS":1.1432552,"OPERATE_INCOME":5093939500,"OPERATE_INCOME_YOY":-1.4272970562,"GROSS_PROFIT":3719267320,"GROSS_PROFIT_YOY":10.691112265455,"HOLDER_PROFIT":1550770360,"HOLDER_PROFIT_YOY":16.8867268937,"GROSS_PROFIT_RATIO":73.013574660634,"EPS_TTM":2.01823075311,"OPERATE_INCOME_QOQ":3.075732483795,"NET_PROFIT_RATIO":52.6515837104,"ROE_AVG":1.824413736252,"GROSS_PROFIT_QOQ":5.234243842877,"ROA":0.745043929686,"HOLDER_PROFIT_QOQ":13.186330308268,"ROE_YEARLY":3.648827472504,"ROIC_YEARLY":2.127491375249,"TOTAL_ASSETS":207429826340,"TOTAL_LIABILITIES":66691423300,"TAX_EBT":22.5505857295,"OCF_SALES":43.384615384615,"TOTAL_PARENT_EQUITY":84424786620,"DEBT_ASSET_RATIO":32.1513180996,"OPERATE_PROFIT":3642742980,"PRETAX_PROFIT":3462956880,"NETCASH_OPERATE":2209986060,"NETCASH_INVEST":-1180134400,"NETCASH_FINANCE":-874959020,"END_CASH":5303228960,"DIVI_RATIO":0.386826827803,"DIVIDEND_RATE":8.317214700193,"CURRENT_RATIO":1.538930121832,"COMMON_ACS":null,"CURRENTDEBT_DEBT":19.744245524297,"ISSUED_COMMON_SHARES":1361618242,"HK_COMMON_SHARES":1361618242,"PER_SHARES":1000,"TOTAL_MARKET_CAP":14079132622.28,"HKSK_MARKET_CAP":14079132622.28,"PE_TTM":6.980234319425,"PB_TTM":0.147000632959,"REPORT_DATE_SQ":"2022-06-30 00:00:00","REPORT_TYPE_SQ":"2022年中报","OPERATE_INCOME_SQ":4793339950,"DPS_HKD":0.86,"OPERATE_INCOME_QOQ_SQ":4.526727925738,"NET_PROFIT_RATIO_SQ":44.7279214987,"HOLDER_PROFIT_SQ":1230618410,"HOLDER_PROFIT_QOQ_SQ":-1.141279925834,"ROE_AVG_SQ":1.516372928686,"PE_TTM_SQ":4.49274239255,"PB_TTM_SQ":0.145278535578,"ROA_SQ":0.61489551263,"START_DATE":"2023-01-01 00:00:00","FISCAL_YEAR":"12-31","CURRENCY":"HKD","IS_CNY_CODE":0,"DPS_HKD_LY":0.86,"ORG_TYPE":"一般企业","PREMIUM_INCOME":null,"PREMIUM_INCOME_YOY":null,"NET_INTEREST_INCOME":null,"NET_INTEREST_INCOME_YOY":null,"FEE_COMMISSION_INCOME":null,"FEE_COMMISSION_INCOME_YOY":null,"ACCOUNTS_RECE_TDAYS":1.505449591281,"INVENTORY_TDAYS":0.124775095192,"CURRENT_ASSETS_TDAYS":0.256725988569,"TOTAL_ASSETS_TDAYS":0.024473054171,"PREMIUM_EXPENSE":null,"LOAN_DEPOSIT":null,"LOAN_EQUITY":null,"LOAN_ASSETS":null,"DEPOSIT_EQUITY":null,"DEPOSIT_ASSETS":null,"EQUITY_MULTIPLIER":1.473867983859,"EQUITY_RATIO":0.789950747524},{"SECUCODE":"00010.HK","SECURITY_CODE":"00010","SECURITY_NAME_ABBR":"恒隆集团","ORG_CODE":"10007306","STD_REPORT_DATE":"2022-12-31 00:00:00","REPORT_DATE":"2022-12-31 00:00:00","DATE_TYPE_CODE":"001","REPORT_TYPE":"2022年年报","PER_NETCASH_OPERATE":2.9147660391,"PER_OI":7.177685175284,"BPS":60.892565605037,"BASIC_EPS":1.78654,"DILUTED_EPS":1.78654,"OPERATE_INCOME":9773267070,"OPERATE_INCOME_YOY":0.2014836523,"GROSS_PROFIT":6862993410,"GROSS_PROFIT_YOY":7.519817787339,"HOLDER_PROFIT":2427907860,"HOLDER_PROFIT_YOY":4.9826187717,"GROSS_PROFIT_RATIO":70.222100356457,"EPS_TTM":1.783104680232,"OPERATE_INCOME_QOQ":4.734234390708,"NET_PROFIT_RATIO":43.8259756878,"ROE_AVG":2.881358627379,"GROSS_PROFIT_QOQ":4.919471919535,"ROA":1.170152081024,"HOLDER_PROFIT_QOQ":16.023051749817,"ROE_YEARLY":2.881358627379,"ROIC_YEARLY":1.706262888782,"TOTAL_ASSETS":202356026180,"TOTAL_LIABILITIES":63708909670,"TAX_EBT":24.511964735516,"OCF_SALES":40.608719495476,"TOTAL_PARENT_EQUITY":82912428130,"DEBT_ASSET_RATIO":31.4835742096,"OPERATE_PROFIT":5951858010,"PRETAX_PROFIT":5674051040,"NETCASH_OPERATE":3968798610,"NETCASH_INVEST":-2861143810,"NETCASH_FINANCE":-3796397500,"END_CASH":5095212080,"DIVI_RATIO":0.437835091038,"DIVIDEND_RATE":8.317214700193,"CURRENT_RATIO":1.411256281407,"COMMON_ACS":null,"CURRENTDEBT_DEBT":20.92651533209,"ISSUED_COMMON_SHARES":1361618242,"HK_COMMON_SHARES":1361618242,"PER_SHARES":1000,"TOTAL_MARKET_CAP":14079132622.28,"HKSK_MARKET_CAP":14079132622.28,"PE_TTM":6.980234319425,"PB_TTM":0.147000632959,"REPORT_DATE_SQ":"2021-12-31 00:00:00","REPORT_TYPE_SQ":"2021年年报","OPERATE_INCOME_SQ":8927374400,"DPS_HKD":0.86,"OPERATE_INCOME_QOQ_SQ":7.100870714317,"NET_PROFIT_RATIO_SQ":46.4786152578,"HOLDER_PROFIT_SQ":2116766400,"HOLDER_PROFIT_QOQ_SQ":49.621635315225,"ROE_AVG_SQ":2.755032003703,"PE_TTM_SQ":4.49274239255,"PB_TTM_SQ":0.145278535578,"ROA_SQ":1.118938542657,"START_DATE":"2022-01-01 00:00:00","FISCAL_YEAR":"12-31","CURRENCY":"HKD","IS_CNY_CODE":0,"DPS_HKD_LY":0.86,"ORG_TYPE":"一般企业","PREMIUM_INCOME":null,"PREMIUM_INCOME_YOY":null,"NET_INTEREST_INCOME":null,"NET_INTEREST_INCOME_YOY":null,"FEE_COMMISSION_INCOME":null,"FEE_COMMISSION_INCOME_YOY":null,"ACCOUNTS_RECE_TDAYS":3.062989921613,"INVENTORY_TDAYS":0.2896,"CURRENT_ASSETS_TDAYS":0.490969059212,"TOTAL_ASSETS_TDAYS":0.047103141716,"PREMIUM_EXPENSE":null,"LOAN_DEPOSIT":null,"LOAN_EQUITY":null,"LOAN_ASSETS":null,"DEPOSIT_EQUITY":null,"DEPOSIT_ASSETS":null,"EQUITY_MULTIPLIER":1.459504036388,"EQUITY_RATIO":0.768387937814},{"SECUCODE":"00010.HK","SECURITY_CODE":"00010","SECURITY_NAME_ABBR":"恒隆集团","ORG_CODE":"10007306","STD_REPORT_DATE":"2022-06-30 00:00:00","REPORT_DATE":"2022-06-30 00:00:00","DATE_TYPE_CODE":"002","REPORT_TYPE":"2022年中报","PER_NETCASH_OPERATE":1.302614789733,"PER_OI":3.520325890287,"BPS":59.008952430001,"BASIC_EPS":0.9065014,"DILUTED_EPS":0.9065014,"OPERATE_INCOME":4793339950,"OPERATE_INCOME_YOY":6.2559241706,"GROSS_PROFIT":3360041510,"GROSS_PROFIT_YOY":4.940830281092,"HOLDER_PROFIT":1230618410,"HOLDER_PROFIT_YOY":-4.575596817,"GROSS_PROFIT_RATIO":70.098126672614,"EPS_TTM":1.536853800465,"OPERATE_INCOME_QOQ":4.526727925738,"NET_PROFIT_RATIO":44.7279214987,"ROE_AVG":1.516372928686,"GROSS_PROFIT_QOQ":2.478420659416,"ROA":0.61489551263,"HOLDER_PROFIT_QOQ":-1.141279925834,"ROE_YEARLY":3.032745857372,"ROIC_YEARLY":1.80174540173,"TOTAL_ASSETS":196715934940,"TOTAL_LIABILITIES":60444829200,"TAX_EBT":23.799392097264,"OCF_SALES":37.00267618198,"TOTAL_PARENT_EQUITY":80347666070,"DEBT_ASSET_RATIO":30.7269613,"OPERATE_PROFIT":2911066760,"PRETAX_PROFIT":2813575100,"NETCASH_OPERATE":1773664060,"NETCASH_INVEST":-1735180510,"NETCASH_FINANCE":-3076118430,"END_CASH":4539348520,"DIVI_RATIO":0.507989634254,"DIVIDEND_RATE":8.317214700193,"CURRENT_RATIO":1.487781610039,"COMMON_ACS":null,"CURRENTDEBT_DEBT":19.279852857951,"ISSUED_COMMON_SHARES":1361618242,"HK_COMMON_SHARES":1361618242,"PER_SHARES":1000,"TOTAL_MARKET_CAP":14079132622.28,"HKSK_MARKET_CAP":14079132622.28,"PE_TTM":6.980234319425,"PB_TTM":0.147000632959,"REPORT_DATE_SQ":"2021-06-30 00:00:00","REPORT_TYPE_SQ":"2021年中报","OPERATE_INCOME_SQ":4389222000,"DPS_HKD":0.86,"OPERATE_INCOME_QOQ_SQ":3.966590607025,"NET_PROFIT_RATIO_SQ":54.4454976303,"HOLDER_PROFIT_SQ":1254776640,"HOLDER_PROFIT_QOQ_SQ":209.081105240561,"ROE_AVG_SQ":1.62517512663,"PE_TTM_SQ":4.49274239255,"PB_TTM_SQ":0.145278535578,"ROA_SQ":0.665032016793,"START_DATE":"2022-01-01 00:00:00","FISCAL_YEAR":"12-31","CURRENCY":"HKD","IS_CNY_CODE":0,"DPS_HKD_LY":0.86,"ORG_TYPE":"一般企业","PREMIUM_INCOME":null,"PREMIUM_INCOME_YOY":null,"NET_INTEREST_INCOME":null,"NET_INTEREST_INCOME_YOY":null,"FEE_COMMISSION_INCOME":null,"FEE_COMMISSION_INCOME_YOY":null,"ACCOUNTS_RECE_TDAYS":1.520412315204,"INVENTORY_TDAYS":0.15340259027,"CURRENT_ASSETS_TDAYS":0.256052992234,"TOTAL_ASSETS_TDAYS":0.023950586159,"PREMIUM_EXPENSE":null,"LOAN_DEPOSIT":null,"LOAN_EQUITY":null,"LOAN_ASSETS":null,"DEPOSIT_EQUITY":null,"DEPOSIT_ASSETS":null,"EQUITY_MULTIPLIER":1.443563064024,"EQUITY_RATIO":0.752291039137},{"SECUCODE":"00010.HK","SECURITY_CODE":"00010","SECURITY_NAME_ABBR":"恒隆集团","ORG_CODE":"10007306","STD_REPORT_DATE":"2021-12-31 00:00:00","REPORT_DATE":"2021-12-31 00:00:00","DATE_TYPE_CODE":"001","REPORT_TYPE":"2021年年报","PER_NETCASH_OPERATE":1.827205837332,"PER_OI":6.556444475132,"BPS":57.549478101073,"BASIC_EPS":1.55344,"DILUTED_EPS":1.55344,"OPERATE_INCOME":8927374400,"OPERATE_INCOME_YOY":14.6231366786,"GROSS_PROFIT":6383003200,"GROSS_PROFIT_YOY":10.23265208679,"HOLDER_PROFIT":2116766400,"HOLDER_PROFIT_YOY":268.0077871512,"GROSS_PROFIT_RATIO":71.499221540434,"EPS_TTM":1.554596093609,"OPERATE_INCOME_QOQ":7.100870714317,"NET_PROFIT_RATIO":46.4786152578,"ROE_AVG":2.755032003703,"GROSS_PROFIT_QOQ":5.789293740356,"ROA":1.118938542657,"HOLDER_PROFIT_QOQ":49.621635315225,"ROE_YEARLY":2.755032003703,"ROIC_YEARLY":1.665230199262,"TOTAL_ASSETS":194605969600,"TOTAL_LIABILITIES":60121398400,"TAX_EBT":30.154142581888,"OCF_SALES":27.868852459016,"TOTAL_PARENT_EQUITY":78360419200,"DEBT_ASSET_RATIO":30.893912722,"OPERATE_PROFIT":6301243200,"PRETAX_PROFIT":5940681600,"NETCASH_OPERATE":2487956800,"NETCASH_INVEST":-1177344000,"NETCASH_FINANCE":1487214400,"END_CASH":7371481600,"DIVI_RATIO":0.502192050533,"DIVIDEND_RATE":8.317214700193,"CURRENT_RATIO":1.208472572104,"COMMON_ACS":null,"CURRENTDEBT_DEBT":26.451709413333,"ISSUED_COMMON_SHARES":1361618242,"HK_COMMON_SHARES":1361618242,"PER_SHARES":1000,"TOTAL_MARKET_CAP":14079132622.28,"HKSK_MARKET_CAP":14079132622.28,"PE_TTM":6.980234319425,"PB_TTM":0.147000632959,"REPORT_DATE_SQ":"2020-12-31 00:00:00","REPORT_TYPE_SQ":"2020年年报","OPERATE_INCOME_SQ":8017462640,"DPS_HKD":0.86,"OPERATE_INCOME_QOQ_SQ":-6.338251098647,"NET_PROFIT_RATIO_SQ":-22.9372244384,"HOLDER_PROFIT_SQ":-1296967240,"HOLDER_PROFIT_QOQ_SQ":-193.573529447627,"ROE_AVG_SQ":-1.68048898849,"PE_TTM_SQ":4.49274239255,"PB_TTM_SQ":0.145278535578,"ROA_SQ":-0.703688313112,"START_DATE":"2021-01-01 00:00:00","FISCAL_YEAR":"12-31","CURRENCY":"HKD","IS_CNY_CODE":0,"DPS_HKD_LY":0.84,"ORG_TYPE":"一般企业","PREMIUM_INCOME":null,"PREMIUM_INCOME_YOY":null,"NET_INTEREST_INCOME":null,"NET_INTEREST_INCOME_YOY":null,"FEE_COMMISSION_INCOME":null,"FEE_COMMISSION_INCOME_YOY":null,"ACCOUNTS_RECE_TDAYS":3.081851538244,"INVENTORY_TDAYS":0.330712008502,"CURRENT_ASSETS_TDAYS":0.521093824568,"TOTAL_ASSETS_TDAYS":0.047190768433,"PREMIUM_EXPENSE":null,"LOAN_DEPOSIT":null,"LOAN_EQUITY":null,"LOAN_ASSETS":null,"DEPOSIT_EQUITY":null,"DEPOSIT_ASSETS":null,"EQUITY_MULTIPLIER":1.44705052679,"EQUITY_RATIO":0.767241918992},{"SECUCODE":"00010.HK","SECURITY_CODE":"00010","SECURITY_NAME_ABBR":"恒隆集团","ORG_CODE":"10007306","STD_REPORT_DATE":"2021-06-30 00:00:00","REPORT_DATE":"2021-06-30 00:00:00","DATE_TYPE_CODE":"002","REPORT_TYPE":"2021年中报","PER_NETCASH_OPERATE":0.14055217101,"PER_OI":3.223533487296,"BPS":57.122235587675,"BASIC_EPS":0.9236088,"DILUTED_EPS":0.9236088,"OPERATE_INCOME":4389222000,"OPERATE_INCOME_YOY":18.3531523446,"GROSS_PROFIT":3201843840,"GROSS_PROFIT_YOY":8.220409528706,"HOLDER_PROFIT":1254776640,"HOLDER_PROFIT_YOY":194.5454545455,"GROSS_PROFIT_RATIO":72.947867298578,"EPS_TTM":1.039018247818,"OPERATE_INCOME_QOQ":3.966590607025,"NET_PROFIT_RATIO":54.4454976303,"ROE_AVG":1.62517512663,"GROSS_PROFIT_QOQ":4.200196626078,"ROA":0.665032016793,"HOLDER_PROFIT_QOQ":209.081105240561,"ROE_YEARLY":3.25035025326,"ROIC_YEARLY":1.967859170185,"TOTAL_ASSETS":190357437840,"TOTAL_LIABILITIES":55902462720,"TAX_EBT":27.8391959799,"OCF_SALES":4.36018957346,"TOTAL_PARENT_EQUITY":77778678000,"DEBT_ASSET_RATIO":29.367101887,"OPERATE_PROFIT":3495568080,"PRETAX_PROFIT":3311678400,"NETCASH_OPERATE":191378400,"NETCASH_INVEST":-1514385600,"NETCASH_FINANCE":-320350800,"END_CASH":2963868960,"DIVI_RATIO":0.75138795843,"DIVIDEND_RATE":8.317214700193,"CURRENT_RATIO":1.022011909826,"COMMON_ACS":null,"CURRENTDEBT_DEBT":27.994760657299,"ISSUED_COMMON_SHARES":1361618242,"HK_COMMON_SHARES":1361618242,"PER_SHARES":1000,"TOTAL_MARKET_CAP":14079132622.28,"HKSK_MARKET_CAP":14079132622.28,"PE_TTM":6.980234319425,"PB_TTM":0.147000632959,"REPORT_DATE_SQ":"2020-06-30 00:00:00","REPORT_TYPE_SQ":"2020年中报","OPERATE_INCOME_SQ":4071202080,"DPS_HKD":0.86,"OPERATE_INCOME_QOQ_SQ":1.28180107248,"NET_PROFIT_RATIO_SQ":-56.0017949293,"HOLDER_PROFIT_SQ":-1456936800,"HOLDER_PROFIT_QOQ_SQ":-77.298996680523,"ROE_AVG_SQ":-1.783537778573,"PE_TTM_SQ":4.49274239255,"PB_TTM_SQ":0.145278535578,"ROA_SQ":-0.758662186041,"START_DATE":"2021-01-01 00:00:00","FISCAL_YEAR":"12-31","CURRENCY":"HKD","IS_CNY_CODE":0,"DPS_HKD_LY":0.84,"ORG_TYPE":"一般企业","PREMIUM_INCOME":null,"PREMIUM_INCOME_YOY":null,"NET_INTEREST_INCOME":null,"NET_INTEREST_INCOME_YOY":null,"FEE_COMMISSION_INCOME":null,"FEE_COMMISSION_INCOME_YOY":null,"ACCOUNTS_RECE_TDAYS":1.585274229902,"INVENTORY_TDAYS":0.148182762201,"CURRENT_ASSETS_TDAYS":0.280406123751,"TOTAL_ASSETS_TDAYS":0.023262890508,"PREMIUM_EXPENSE":null,"LOAN_DEPOSIT":null,"LOAN_EQUITY":null,"LOAN_ASSETS":null,"DEPOSIT_EQUITY":null,"DEPOSIT_ASSETS":null,"EQUITY_MULTIPLIER":1.415770875492,"EQUITY_RATIO":0.718737630382},{"SECUCODE":"00010.HK","SECURITY_CODE":"00010","SECURITY_NAME_ABBR":"恒隆集团","ORG_CODE":"10007306","STD_REPORT_DATE":"2020-12-31 00:00:00","REPORT_DATE":"2020-12-31 00:00:00","DATE_TYPE_CODE":"001","REPORT_TYPE":"2020年年报","PER_NETCASH_OPERATE":2.324739741552,"PER_OI":5.888186859353,"BPS":56.93170802863,"BASIC_EPS":-0.9510532,"DILUTED_EPS":-0.9510532,"OPERATE_INCOME":8017462640,"OPERATE_INCOME_YOY":0.9644939057,"GROSS_PROFIT":5790483200,"GROSS_PROFIT_YOY":-6.289068654577,"HOLDER_PROFIT":-1296967240,"HOLDER_PROFIT_YOY":-122.6085680751,"GROSS_PROFIT_RATIO":72.223388620617,"EPS_TTM":-0.952518995409,"OPERATE_INCOME_QOQ":-6.338251098647,"NET_PROFIT_RATIO":-22.9372244384,"ROE_AVG":-1.68048898849,"GROSS_PROFIT_QOQ":-5.364615008278,"ROA":-0.703688313112,"HOLDER_PROFIT_QOQ":-193.573529447627,"ROE_YEARLY":-1.68048898849,"ROIC_YEARLY":-1.050951721692,"TOTAL_ASSETS":189149331960,"TOTAL_LIABILITIES":55043256000,"TAX_EBT":-136.471861471861,"OCF_SALES":39.481419273567,"TOTAL_PARENT_EQUITY":77519252200,"DEBT_ASSET_RATIO":29.1004231575,"OPERATE_PROFIT":-404828840,"PRETAX_PROFIT":-777675360,"NETCASH_OPERATE":3165408040,"NETCASH_INVEST":-1858341120,"NETCASH_FINANCE":1737144960,"END_CASH":4635753120,"DIVI_RATIO":-0.8196222897,"DIVIDEND_RATE":8.317214700193,"CURRENT_RATIO":0.948507808876,"COMMON_ACS":null,"CURRENTDEBT_DEBT":29.665137614679,"ISSUED_COMMON_SHARES":1361618242,"HK_COMMON_SHARES":1361618242,"PER_SHARES":1000,"TOTAL_MARKET_CAP":14079132622.28,"HKSK_MARKET_CAP":14079132622.28,"PE_TTM":6.980234319425,"PB_TTM":0.147000632959,"REPORT_DATE_SQ":"2019-12-31 00:00:00","REPORT_TYPE_SQ":"2019年年报","OPERATE_INCOME_SQ":8451684300,"DPS_HKD":0.86,"OPERATE_INCOME_QOQ_SQ":3.864586538003,"NET_PROFIT_RATIO_SQ":133.2803391627,"HOLDER_PROFIT_SQ":6105636480,"HOLDER_PROFIT_QOQ_SQ":14.490389064055,"ROE_AVG_SQ":7.669586645737,"PE_TTM_SQ":4.49274239255,"PB_TTM_SQ":0.145278535578,"ROA_SQ":3.310055458969,"START_DATE":"2020-01-01 00:00:00","FISCAL_YEAR":"12-31","CURRENCY":"HKD","IS_CNY_CODE":0,"DPS_HKD_LY":0.82,"ORG_TYPE":"一般企业","PREMIUM_INCOME":null,"PREMIUM_INCOME_YOY":null,"NET_INTEREST_INCOME":null,"NET_INTEREST_INCOME_YOY":null,"FEE_COMMISSION_INCOME":null,"FEE_COMMISSION_INCOME_YOY":null,"ACCOUNTS_RECE_TDAYS":3.268485160405,"INVENTORY_TDAYS":0.387096774194,"CURRENT_ASSETS_TDAYS":0.634601292386,"TOTAL_ASSETS_TDAYS":0.043499901822,"PREMIUM_EXPENSE":null,"LOAN_DEPOSIT":null,"LOAN_EQUITY":null,"LOAN_ASSETS":null,"DEPOSIT_EQUITY":null,"DEPOSIT_ASSETS":null,"EQUITY_MULTIPLIER":1.410445653606,"EQUITY_RATIO":0.710059171598}],"count":50},"success":true,"message":"ok","code":0}