{"version":"8279329af38dfe5375272a6dd145cd92","result":{"pages":6,"data":[{"SECUCODE":"00011.HK","SECURITY_CODE":"00011","SECURITY_NAME_ABBR":"恒生银行","ORG_CODE":"10008356","STD_REPORT_DATE":"2024-12-31 00:00:00","REPORT_DATE":"2024-12-31 00:00:00","DATE_TYPE_CODE":"001","REPORT_TYPE":"2024年年报","PER_NETCASH_OPERATE":null,"PER_OI":18.087192128038,"BPS":83.401615273887,"BASIC_EPS":8.6399532,"DILUTED_EPS":8.6399532,"OPERATE_INCOME":34044934560,"OPERATE_INCOME_YOY":6.334239602,"GROSS_PROFIT":null,"GROSS_PROFIT_YOY":null,"HOLDER_PROFIT":17019689160,"HOLDER_PROFIT_YOY":2.9751232631,"GROSS_PROFIT_RATIO":null,"EPS_TTM":9.042120120803,"OPERATE_INCOME_QOQ":6.393068091499,"NET_PROFIT_RATIO":49.9646393211,"ROE_AVG":10.886324125656,"GROSS_PROFIT_QOQ":null,"ROA":1.054056301598,"HOLDER_PROFIT_QOQ":5.430375663206,"ROE_YEARLY":10.886324125656,"ROIC_YEARLY":1.060470290503,"TOTAL_ASSETS":1662423303840,"TOTAL_LIABILITIES":1505400257280,"TAX_EBT":12.586846863995,"OCF_SALES":null,"TOTAL_PARENT_EQUITY":156984152880,"DEBT_ASSET_RATIO":90.5545689719,"OPERATE_PROFIT":19963570320,"PRETAX_PROFIT":19459804560,"NETCASH_OPERATE":null,"NETCASH_INVEST":null,"NETCASH_FINANCE":null,"END_CASH":null,"DIVI_RATIO":0.681823280119,"DIVIDEND_RATE":6.766169154229,"CURRENT_RATIO":null,"COMMON_ACS":null,"CURRENTDEBT_DEBT":null,"ISSUED_COMMON_SHARES":1882267536,"HK_COMMON_SHARES":1882267536,"PER_SHARES":100,"TOTAL_MARKET_CAP":189167887368,"HKSK_MARKET_CAP":189167887368,"PE_TTM":10.292610444964,"PB_TTM":1.115889898467,"REPORT_DATE_SQ":"2023-12-31 00:00:00","REPORT_TYPE_SQ":"2023年年报","OPERATE_INCOME_SQ":31331650280,"DPS_HKD":6.8,"OPERATE_INCOME_QOQ_SQ":-31.793960775919,"NET_PROFIT_RATIO_SQ":51.5936831145,"HOLDER_PROFIT_SQ":16174214560,"HOLDER_PROFIT_QOQ_SQ":20.410459831381,"ROE_AVG_SQ":10.880803745611,"PE_TTM_SQ":10.801706905612,"PB_TTM_SQ":1.031028350793,"ROA_SQ":0.995454696298,"START_DATE":"2024-01-01 00:00:00","FISCAL_YEAR":"12-31","CURRENCY":"HKD","IS_CNY_CODE":0,"DPS_HKD_LY":6.8,"ORG_TYPE":"银行","PREMIUM_INCOME":null,"PREMIUM_INCOME_YOY":null,"NET_INTEREST_INCOME":28507215360,"NET_INTEREST_INCOME_YOY":-4.678742839449,"FEE_COMMISSION_INCOME":4922828640,"FEE_COMMISSION_INCOME_YOY":null,"ACCOUNTS_RECE_TDAYS":null,"INVENTORY_TDAYS":null,"CURRENT_ASSETS_TDAYS":null,"TOTAL_ASSETS_TDAYS":0.021084567099,"PREMIUM_EXPENSE":null,"LOAN_DEPOSIT":null,"LOAN_EQUITY":null,"LOAN_ASSETS":null,"DEPOSIT_EQUITY":7.302399094147,"DEPOSIT_ASSETS":68.97430698375,"EQUITY_MULTIPLIER":10.587129343542,"EQUITY_RATIO":9.589504607072},{"SECUCODE":"00011.HK","SECURITY_CODE":"00011","SECURITY_NAME_ABBR":"恒生银行","ORG_CODE":"10008356","STD_REPORT_DATE":"2024-06-30 00:00:00","REPORT_DATE":"2024-06-30 00:00:00","DATE_TYPE_CODE":"002","REPORT_TYPE":"2024年中报","PER_NETCASH_OPERATE":12.221024642536,"PER_OI":9.112099941231,"BPS":74.957616715757,"BASIC_EPS":4.5999072,"DILUTED_EPS":4.5999072,"OPERATE_INCOME":17277945080,"OPERATE_INCOME_YOY":5.0788188277,"GROSS_PROFIT":null,"GROSS_PROFIT_YOY":null,"HOLDER_PROFIT":9029143240,"HOLDER_PROFIT_YOY":0.6716190089,"GROSS_PROFIT_RATIO":null,"EPS_TTM":8.513580665659,"OPERATE_INCOME_QOQ":2.13060401873,"NET_PROFIT_RATIO":52.2317891289,"ROE_AVG":5.915963773468,"GROSS_PROFIT_QOQ":null,"ROA":0.581847567465,"HOLDER_PROFIT_QOQ":-0.192616586632,"ROE_YEARLY":11.831927546935,"ROIC_YEARLY":1.170878351089,"TOTAL_ASSETS":1559270884040,"TOTAL_LIABILITIES":1407431050480,"TAX_EBT":12.549747943752,"OCF_SALES":134.11864138186,"TOTAL_PARENT_EQUITY":151796937600,"DEBT_ASSET_RATIO":90.2621260286,"OPERATE_PROFIT":10400901280,"PRETAX_PROFIT":10319672760,"NETCASH_OPERATE":23172945200,"NETCASH_INVEST":-14554507960,"NETCASH_FINANCE":-10774187400,"END_CASH":85200503360,"DIVI_RATIO":0.724152180159,"DIVIDEND_RATE":6.500956022945,"CURRENT_RATIO":null,"COMMON_ACS":null,"CURRENTDEBT_DEBT":null,"ISSUED_COMMON_SHARES":1882267536,"HK_COMMON_SHARES":1882267536,"PER_SHARES":100,"TOTAL_MARKET_CAP":196885184265.6,"HKSK_MARKET_CAP":196885184265.6,"PE_TTM":10.990576323858,"PB_TTM":1.273604100328,"REPORT_DATE_SQ":"2023-06-30 00:00:00","REPORT_TYPE_SQ":"2023年中报","OPERATE_INCOME_SQ":16610391680,"DPS_HKD":6.8,"OPERATE_INCOME_QOQ_SQ":12.844293674932,"NET_PROFIT_RATIO_SQ":54.5182060391,"HOLDER_PROFIT_SQ":9060297460,"HOLDER_PROFIT_QOQ_SQ":47.934290581969,"ROE_AVG_SQ":6.076326626516,"PE_TTM_SQ":10.689532796024,"PB_TTM_SQ":1.020321275678,"ROA_SQ":0.547692191081,"START_DATE":"2024-01-01 00:00:00","FISCAL_YEAR":"12-31","CURRENCY":"HKD","IS_CNY_CODE":0,"DPS_HKD_LY":6.8,"ORG_TYPE":"银行","PREMIUM_INCOME":null,"PREMIUM_INCOME_YOY":null,"NET_INTEREST_INCOME":14131024440,"NET_INTEREST_INCOME_YOY":1.922190770851,"FEE_COMMISSION_INCOME":2340111520,"FEE_COMMISSION_INCOME_YOY":null,"ACCOUNTS_RECE_TDAYS":null,"INVENTORY_TDAYS":null,"CURRENT_ASSETS_TDAYS":null,"TOTAL_ASSETS_TDAYS":0.011134091074,"PREMIUM_EXPENSE":null,"LOAN_DEPOSIT":72.628878493807,"LOAN_EQUITY":5.106788004833,"LOAN_ASSETS":49.729257989538,"DEPOSIT_EQUITY":7.031346360757,"DEPOSIT_ASSETS":68.470364710062,"EQUITY_MULTIPLIER":10.269181989179,"EQUITY_RATIO":9.271801346801},{"SECUCODE":"00011.HK","SECURITY_CODE":"00011","SECURITY_NAME_ABBR":"恒生银行","ORG_CODE":"10008356","STD_REPORT_DATE":"2023-12-31 00:00:00","REPORT_DATE":"2023-12-31 00:00:00","DATE_TYPE_CODE":"001","REPORT_TYPE":"2023年年报","PER_NETCASH_OPERATE":-40.0362250716,"PER_OI":16.388194326879,"BPS":75.292711811399,"BASIC_EPS":8.1287934,"DILUTED_EPS":8.1287934,"OPERATE_INCOME":31331650280,"OPERATE_INCOME_YOY":29.4663920614,"GROSS_PROFIT":null,"GROSS_PROFIT_YOY":null,"HOLDER_PROFIT":16174214560,"HOLDER_PROFIT_YOY":58.142831827,"GROSS_PROFIT_RATIO":null,"EPS_TTM":8.460013083419,"OPERATE_INCOME_QOQ":-31.793960775919,"NET_PROFIT_RATIO":51.5936831145,"ROE_AVG":10.880803745611,"GROSS_PROFIT_QOQ":null,"ROA":0.995454696298,"HOLDER_PROFIT_QOQ":20.410459831381,"ROE_YEARLY":10.880803745611,"ROIC_YEARLY":1.003370804203,"TOTAL_ASSETS":1533409424680,"TOTAL_LIABILITIES":1380997720200,"TAX_EBT":11.275802039294,"OCF_SALES":-244.299184358188,"TOTAL_PARENT_EQUITY":152363674820,"DEBT_ASSET_RATIO":90.0605994702,"OPERATE_PROFIT":18075464120,"PRETAX_PROFIT":18219553100,"NETCASH_OPERATE":-76542966080,"NETCASH_INVEST":36752658320,"NETCASH_FINANCE":-11831608320,"END_CASH":88076428020,"DIVI_RATIO":0.728737407284,"DIVIDEND_RATE":6.500956022945,"CURRENT_RATIO":null,"COMMON_ACS":null,"CURRENTDEBT_DEBT":null,"ISSUED_COMMON_SHARES":1882267536,"HK_COMMON_SHARES":1882267536,"PER_SHARES":100,"TOTAL_MARKET_CAP":196885184265.6,"HKSK_MARKET_CAP":196885184265.6,"PE_TTM":10.990576323858,"PB_TTM":1.161413764972,"REPORT_DATE_SQ":"2022-12-31 00:00:00","REPORT_TYPE_SQ":"2022年年报","OPERATE_INCOME_SQ":23854775350,"DPS_HKD":6.8,"OPERATE_INCOME_QOQ_SQ":4.621039195381,"NET_PROFIT_RATIO_SQ":22.2746423242,"HOLDER_PROFIT_SQ":10081445220,"HOLDER_PROFIT_QOQ_SQ":11.526207712516,"ROE_AVG_SQ":5.521035879944,"PE_TTM_SQ":10.689532796024,"PB_TTM_SQ":1.020321275678,"ROA_SQ":0.54738973449,"START_DATE":"2023-01-01 00:00:00","FISCAL_YEAR":"12-31","CURRENCY":"HKD","IS_CNY_CODE":0,"DPS_HKD_LY":5.3,"ORG_TYPE":"银行","PREMIUM_INCOME":null,"PREMIUM_INCOME_YOY":null,"NET_INTEREST_INCOME":29266374900,"NET_INTEREST_INCOME_YOY":26.394270282963,"FEE_COMMISSION_INCOME":4458602400,"FEE_COMMISSION_INCOME_YOY":null,"ACCOUNTS_RECE_TDAYS":null,"INVENTORY_TDAYS":null,"CURRENT_ASSETS_TDAYS":null,"TOTAL_ASSETS_TDAYS":0.01928330943,"PREMIUM_EXPENSE":null,"LOAN_DEPOSIT":null,"LOAN_EQUITY":null,"LOAN_ASSETS":null,"DEPOSIT_EQUITY":6.8559553822,"DEPOSIT_ASSETS":68.144086557839,"EQUITY_MULTIPLIER":10.060968938739,"EQUITY_RATIO":9.063825231516},{"SECUCODE":"00011.HK","SECURITY_CODE":"00011","SECURITY_NAME_ABBR":"恒生银行","ORG_CODE":"10008356","STD_REPORT_DATE":"2023-06-30 00:00:00","REPORT_DATE":"2023-06-30 00:00:00","DATE_TYPE_CODE":"002","REPORT_TYPE":"2023年中报","PER_NETCASH_OPERATE":-49.374354146669,"PER_OI":8.68815795736,"BPS":74.343052633938,"BASIC_EPS":4.6006802,"DILUTED_EPS":4.6006802,"OPERATE_INCOME":16610391680,"OPERATE_INCOME_YOY":35.3670448569,"GROSS_PROFIT":null,"GROSS_PROFIT_YOY":null,"HOLDER_PROFIT":9060297460,"HOLDER_PROFIT_YOY":78.51044505,"GROSS_PROFIT_RATIO":null,"EPS_TTM":7.025978553081,"OPERATE_INCOME_QOQ":12.844293674932,"NET_PROFIT_RATIO":54.5182060391,"ROE_AVG":6.076326626516,"GROSS_PROFIT_QOQ":null,"ROA":0.547692191081,"HOLDER_PROFIT_QOQ":47.934290581969,"ROE_YEARLY":12.152653253033,"ROIC_YEARLY":1.103595275777,"TOTAL_ASSETS":1562485959860,"TOTAL_LIABILITIES":1411672159380,"TAX_EBT":10.391387647113,"OCF_SALES":-568.294849023091,"TOTAL_PARENT_EQUITY":150761247620,"DEBT_ASSET_RATIO":90.3478300379,"OPERATE_PROFIT":10010858840,"PRETAX_PROFIT":10105822780,"NETCASH_OPERATE":-94396000320,"NETCASH_INVEST":69226868300,"NETCASH_FINANCE":-6791304680,"END_CASH":109225126640,"DIVI_RATIO":0.877476063074,"DIVIDEND_RATE":6.500956022945,"CURRENT_RATIO":null,"COMMON_ACS":null,"CURRENTDEBT_DEBT":null,"ISSUED_COMMON_SHARES":1882267536,"HK_COMMON_SHARES":1882267536,"PER_SHARES":100,"TOTAL_MARKET_CAP":196885184265.6,"HKSK_MARKET_CAP":196885184265.6,"PE_TTM":10.990576323858,"PB_TTM":1.273604100328,"REPORT_DATE_SQ":"2022-06-30 00:00:00","REPORT_TYPE_SQ":"2022年中报","OPERATE_INCOME_SQ":11381723710,"DPS_HKD":6.8,"OPERATE_INCOME_QOQ_SQ":1.85248162679,"NET_PROFIT_RATIO_SQ":18.4605707996,"HOLDER_PROFIT_SQ":4707820950,"HOLDER_PROFIT_QOQ_SQ":-28.66759023545,"ROE_AVG_SQ":2.564689718342,"PE_TTM_SQ":10.689532796024,"PB_TTM_SQ":1.020321275678,"ROA_SQ":0.25655156842,"START_DATE":"2023-01-01 00:00:00","FISCAL_YEAR":"12-31","CURRENCY":"HKD","IS_CNY_CODE":0,"DPS_HKD_LY":5.3,"ORG_TYPE":"银行","PREMIUM_INCOME":null,"PREMIUM_INCOME_YOY":null,"NET_INTEREST_INCOME":14005798180,"NET_INTEREST_INCOME_YOY":42.078189300412,"FEE_COMMISSION_INCOME":2457998680,"FEE_COMMISSION_INCOME_YOY":null,"ACCOUNTS_RECE_TDAYS":null,"INVENTORY_TDAYS":null,"CURRENT_ASSETS_TDAYS":null,"TOTAL_ASSETS_TDAYS":0.010040930614,"PREMIUM_EXPENSE":null,"LOAN_DEPOSIT":77.664422268168,"LOAN_EQUITY":5.458563603463,"LOAN_ASSETS":52.686983649681,"DEPOSIT_EQUITY":7.028396586296,"DEPOSIT_ASSETS":67.839278412139,"EQUITY_MULTIPLIER":10.360364601189,"EQUITY_RATIO":9.363627468368},{"SECUCODE":"00011.HK","SECURITY_CODE":"00011","SECURITY_NAME_ABBR":"恒生银行","ORG_CODE":"10008356","STD_REPORT_DATE":"2022-12-31 00:00:00","REPORT_DATE":"2022-12-31 00:00:00","DATE_TYPE_CODE":"001","REPORT_TYPE":"2022年年报","PER_NETCASH_OPERATE":63.030241594097,"PER_OI":12.477373217375,"BPS":81.698384580756,"BASIC_EPS":4.9397831,"DILUTED_EPS":4.9397831,"OPERATE_INCOME":23854775350,"OPERATE_INCOME_YOY":-2.4676297485,"GROSS_PROFIT":null,"GROSS_PROFIT_YOY":null,"HOLDER_PROFIT":10081445220,"HOLDER_PROFIT_YOY":-27.1848137536,"GROSS_PROFIT_RATIO":null,"EPS_TTM":4.749391453084,"OPERATE_INCOME_QOQ":4.621039195381,"NET_PROFIT_RATIO":22.2746423242,"ROE_AVG":5.521035879944,"GROSS_PROFIT_QOQ":null,"ROA":0.54738973449,"HOLDER_PROFIT_QOQ":11.526207712516,"ROE_YEARLY":5.521035879944,"ROIC_YEARLY":0.552545350574,"TOTAL_ASSETS":1656520978420,"TOTAL_LIABILITIES":1513599564960,"TAX_EBT":11.80658790392,"OCF_SALES":296.019485649083,"TOTAL_PARENT_EQUITY":142863350910,"DEBT_ASSET_RATIO":90.2861699066,"OPERATE_PROFIT":11522289730,"PRETAX_PROFIT":11416883870,"NETCASH_OPERATE":104994955800,"NETCASH_INVEST":-59824971710,"NETCASH_FINANCE":-5719607810,"END_CASH":136507734860,"DIVI_RATIO":1.298087988935,"DIVIDEND_RATE":6.500956022945,"CURRENT_RATIO":null,"COMMON_ACS":null,"CURRENTDEBT_DEBT":null,"ISSUED_COMMON_SHARES":1882267536,"HK_COMMON_SHARES":1882267536,"PER_SHARES":100,"TOTAL_MARKET_CAP":196885184265.6,"HKSK_MARKET_CAP":196885184265.6,"PE_TTM":10.990576323858,"PB_TTM":1.273604100328,"REPORT_DATE_SQ":"2021-12-31 00:00:00","REPORT_TYPE_SQ":"2021年年报","OPERATE_INCOME_SQ":38202360000,"DPS_HKD":6.8,"OPERATE_INCOME_QOQ_SQ":-7.208219493758,"NET_PROFIT_RATIO_SQ":29.846976993,"HOLDER_PROFIT_SQ":11413696000,"HOLDER_PROFIT_QOQ_SQ":-12.119258171432,"ROE_AVG_SQ":7.598684926735,"PE_TTM_SQ":10.689532796024,"PB_TTM_SQ":1.020321275678,"ROA_SQ":0.779894367889,"START_DATE":"2022-01-01 00:00:00","FISCAL_YEAR":"12-31","CURRENCY":"HKD","IS_CNY_CODE":0,"DPS_HKD_LY":3.9,"ORG_TYPE":"银行","PREMIUM_INCOME":null,"PREMIUM_INCOME_YOY":null,"NET_INTEREST_INCOME":22823941770,"NET_INTEREST_INCOME_YOY":7.257996809672,"FEE_COMMISSION_INCOME":4668229020,"FEE_COMMISSION_INCOME_YOY":null,"ACCOUNTS_RECE_TDAYS":null,"INVENTORY_TDAYS":null,"CURRENT_ASSETS_TDAYS":null,"TOTAL_ASSETS_TDAYS":0.02454072305,"PREMIUM_EXPENSE":null,"LOAN_DEPOSIT":74.537369766448,"LOAN_EQUITY":5.820910261378,"LOAN_ASSETS":50.221683456946,"DEPOSIT_EQUITY":7.809385117314,"DEPOSIT_ASSETS":67.377858400838,"EQUITY_MULTIPLIER":10.294600485955,"EQUITY_RATIO":10.594736545929},{"SECUCODE":"00011.HK","SECURITY_CODE":"00011","SECURITY_NAME_ABBR":"恒生银行","ORG_CODE":"10008356","STD_REPORT_DATE":"2022-06-30 00:00:00","REPORT_DATE":"2022-06-30 00:00:00","DATE_TYPE_CODE":"002","REPORT_TYPE":"2022年中报","PER_NETCASH_OPERATE":21.208846259413,"PER_OI":5.953274030171,"BPS":77.579515178973,"BASIC_EPS":2.3346687,"DILUTED_EPS":2.3346687,"OPERATE_INCOME":11381723710,"OPERATE_INCOME_YOY":0.5693049735,"GROSS_PROFIT":null,"GROSS_PROFIT_YOY":null,"HOLDER_PROFIT":4707820950,"HOLDER_PROFIT_YOY":-46.344245466,"GROSS_PROFIT_RATIO":null,"EPS_TTM":4.258542947436,"OPERATE_INCOME_QOQ":1.85248162679,"NET_PROFIT_RATIO":18.4605707996,"ROE_AVG":2.564689718342,"GROSS_PROFIT_QOQ":null,"ROA":0.25655156842,"HOLDER_PROFIT_QOQ":-28.66759023545,"ROE_YEARLY":5.129379436684,"ROIC_YEARLY":0.517041399859,"TOTAL_ASSETS":1579462383660,"TOTAL_LIABILITIES":1423330345360,"TAX_EBT":14.069094888229,"OCF_SALES":186.390439499961,"TOTAL_PARENT_EQUITY":156068754240,"DEBT_ASSET_RATIO":90.1148618723,"OPERATE_PROFIT":5551038290,"PRETAX_PROFIT":5470650430,"NETCASH_OPERATE":32427094420,"NETCASH_INVEST":-44760644600,"NETCASH_FINANCE":-2190996780,"END_CASH":78755302290,"DIVI_RATIO":1.447708306831,"DIVIDEND_RATE":6.500956022945,"CURRENT_RATIO":null,"COMMON_ACS":null,"CURRENTDEBT_DEBT":null,"ISSUED_COMMON_SHARES":1882267536,"HK_COMMON_SHARES":1882267536,"PER_SHARES":100,"TOTAL_MARKET_CAP":196885184265.6,"HKSK_MARKET_CAP":196885184265.6,"PE_TTM":10.990576323858,"PB_TTM":1.273604100328,"REPORT_DATE_SQ":"2021-06-30 00:00:00","REPORT_TYPE_SQ":"2021年中报","OPERATE_INCOME_SQ":21046631520,"DPS_HKD":6.8,"OPERATE_INCOME_QOQ_SQ":-5.171408226618,"NET_PROFIT_RATIO_SQ":34.6366727287,"HOLDER_PROFIT_SQ":7294845360,"HOLDER_PROFIT_QOQ_SQ":-7.524230637757,"ROE_AVG_SQ":4.780561485589,"PE_TTM_SQ":10.689532796024,"PB_TTM_SQ":1.020321275678,"ROA_SQ":0.492527813187,"START_DATE":"2022-01-01 00:00:00","FISCAL_YEAR":"12-31","CURRENCY":"HKD","IS_CNY_CODE":0,"DPS_HKD_LY":3.9,"ORG_TYPE":"银行","PREMIUM_INCOME":null,"PREMIUM_INCOME_YOY":null,"NET_INTEREST_INCOME":9143691480,"NET_INTEREST_INCOME_YOY":-10.022721534966,"FEE_COMMISSION_INCOME":2348351740,"FEE_COMMISSION_INCOME_YOY":null,"ACCOUNTS_RECE_TDAYS":null,"INVENTORY_TDAYS":null,"CURRENT_ASSETS_TDAYS":null,"TOTAL_ASSETS_TDAYS":0.013873636899,"PREMIUM_EXPENSE":null,"LOAN_DEPOSIT":80.011360233324,"LOAN_EQUITY":5.385430245933,"LOAN_ASSETS":53.235721858192,"DEPOSIT_EQUITY":6.73083200964,"DEPOSIT_ASSETS":66.5352041297,"EQUITY_MULTIPLIER":10.116196527369,"EQUITY_RATIO":9.119893038752},{"SECUCODE":"00011.HK","SECURITY_CODE":"00011","SECURITY_NAME_ABBR":"恒生银行","ORG_CODE":"10008356","STD_REPORT_DATE":"2021-12-31 00:00:00","REPORT_DATE":"2021-12-31 00:00:00","DATE_TYPE_CODE":"001","REPORT_TYPE":"2021年年报","PER_NETCASH_OPERATE":-6.063652716674,"PER_OI":19.981957344425,"BPS":74.966999165203,"BASIC_EPS":5.665968,"DILUTED_EPS":5.665968,"OPERATE_INCOME":38202360000,"OPERATE_INCOME_YOY":-9.419587469,"GROSS_PROFIT":null,"GROSS_PROFIT_YOY":null,"HOLDER_PROFIT":11413696000,"HOLDER_PROFIT_YOY":-16.3420626835,"GROSS_PROFIT_RATIO":null,"EPS_TTM":5.969997314675,"OPERATE_INCOME_QOQ":-7.208219493758,"NET_PROFIT_RATIO":29.846976993,"ROE_AVG":7.598684926735,"GROSS_PROFIT_QOQ":null,"ROA":0.779894367889,"HOLDER_PROFIT_QOQ":-12.119258171432,"ROE_YEARLY":7.598684926735,"ROIC_YEARLY":0.786108848483,"TOTAL_ASSETS":1488183256000,"TOTAL_LIABILITIES":1337404734400,"TAX_EBT":14.885566066524,"OCF_SALES":-30.345639379347,"TOTAL_PARENT_EQUITY":150709843200,"DEBT_ASSET_RATIO":89.8682826196,"OPERATE_PROFIT":13270465600,"PRETAX_PROFIT":13396376000,"NETCASH_OPERATE":-11592750400,"NETCASH_INVEST":20091702400,"NETCASH_FINANCE":-6773816000,"END_CASH":90863158400,"DIVI_RATIO":1.032685221624,"DIVIDEND_RATE":6.500956022945,"CURRENT_RATIO":null,"COMMON_ACS":null,"CURRENTDEBT_DEBT":null,"ISSUED_COMMON_SHARES":1882267536,"HK_COMMON_SHARES":1882267536,"PER_SHARES":100,"TOTAL_MARKET_CAP":196885184265.6,"HKSK_MARKET_CAP":196885184265.6,"PE_TTM":10.990576323858,"PB_TTM":1.273604100328,"REPORT_DATE_SQ":"2020-12-31 00:00:00","REPORT_TYPE_SQ":"2020年年报","OPERATE_INCOME_SQ":43415157760,"DPS_HKD":6.8,"OPERATE_INCOME_QOQ_SQ":-11.581652550884,"NET_PROFIT_RATIO_SQ":32.3162220844,"HOLDER_PROFIT_SQ":14044446680,"HOLDER_PROFIT_QOQ_SQ":-24.45209305199,"ROE_AVG_SQ":9.221629686939,"PE_TTM_SQ":10.689532796024,"PB_TTM_SQ":1.020321275678,"ROA_SQ":0.971083962944,"START_DATE":"2021-01-01 00:00:00","FISCAL_YEAR":"12-31","CURRENCY":"HKD","IS_CNY_CODE":0,"DPS_HKD_LY":6.1,"ORG_TYPE":"银行","PREMIUM_INCOME":null,"PREMIUM_INCOME_YOY":null,"NET_INTEREST_INCOME":19476867200,"NET_INTEREST_INCOME_YOY":-11.462127406526,"FEE_COMMISSION_INCOME":5377355200,"FEE_COMMISSION_INCOME_YOY":null,"ACCOUNTS_RECE_TDAYS":null,"INVENTORY_TDAYS":null,"CURRENT_ASSETS_TDAYS":null,"TOTAL_ASSETS_TDAYS":0.026103556117,"PREMIUM_EXPENSE":null,"LOAN_DEPOSIT":81.074949439773,"LOAN_EQUITY":5.408408164151,"LOAN_ASSETS":54.796462996893,"DEPOSIT_EQUITY":6.670874544508,"DEPOSIT_ASSETS":67.587415564901,"EQUITY_MULTIPLIER":9.869995011256,"EQUITY_RATIO":8.874037063559},{"SECUCODE":"00011.HK","SECURITY_CODE":"00011","SECURITY_NAME_ABBR":"恒生银行","ORG_CODE":"10008356","STD_REPORT_DATE":"2021-06-30 00:00:00","REPORT_DATE":"2021-06-30 00:00:00","DATE_TYPE_CODE":"002","REPORT_TYPE":"2021年中报","PER_NETCASH_OPERATE":-21.693309150926,"PER_OI":11.008557934025,"BPS":76.005141619783,"BASIC_EPS":3.6944352,"DILUTED_EPS":3.6944352,"OPERATE_INCOME":21046631520,"OPERATE_INCOME_YOY":-0.8039530962,"GROSS_PROFIT":null,"GROSS_PROFIT_YOY":null,"HOLDER_PROFIT":7294845360,"HOLDER_PROFIT_YOY":-4.1124357432,"GROSS_PROFIT_RATIO":null,"EPS_TTM":6.793294173962,"OPERATE_INCOME_QOQ":-5.171408226618,"NET_PROFIT_RATIO":34.6366727287,"ROE_AVG":4.780561485589,"GROSS_PROFIT_QOQ":null,"ROA":0.492527813187,"HOLDER_PROFIT_QOQ":-7.524230637757,"ROE_YEARLY":9.561122971179,"ROIC_YEARLY":0.991655704198,"TOTAL_ASSETS":1497922897200,"TOTAL_LIABILITIES":1345014051840,"TAX_EBT":14.92522819965,"OCF_SALES":-197.058590970191,"TOTAL_PARENT_EQUITY":152833958160,"DEBT_ASSET_RATIO":89.7919415181,"OPERATE_PROFIT":8506353840,"PRETAX_PROFIT":8568759840,"NETCASH_OPERATE":-41474195520,"NETCASH_INVEST":24695302320,"NETCASH_FINANCE":-6827216400,"END_CASH":67298630400,"DIVI_RATIO":0.907531433517,"DIVIDEND_RATE":6.500956022945,"CURRENT_RATIO":null,"COMMON_ACS":null,"CURRENTDEBT_DEBT":null,"ISSUED_COMMON_SHARES":1882267536,"HK_COMMON_SHARES":1882267536,"PER_SHARES":100,"TOTAL_MARKET_CAP":196885184265.6,"HKSK_MARKET_CAP":196885184265.6,"PE_TTM":10.990576323858,"PB_TTM":1.273604100328,"REPORT_DATE_SQ":"2020-06-30 00:00:00","REPORT_TYPE_SQ":"2020年中报","OPERATE_INCOME_SQ":23291806560,"DPS_HKD":6.8,"OPERATE_INCOME_QOQ_SQ":-10.876082808699,"NET_PROFIT_RATIO_SQ":35.8249343111,"HOLDER_PROFIT_SQ":8351581920,"HOLDER_PROFIT_QOQ_SQ":-16.45331092445,"ROE_AVG_SQ":5.15346829036,"PE_TTM_SQ":10.689532796024,"PB_TTM_SQ":1.020321275678,"ROA_SQ":0.536401749246,"START_DATE":"2021-01-01 00:00:00","FISCAL_YEAR":"12-31","CURRENCY":"HKD","IS_CNY_CODE":0,"DPS_HKD_LY":6.1,"ORG_TYPE":"银行","PREMIUM_INCOME":null,"PREMIUM_INCOME_YOY":null,"NET_INTEREST_INCOME":9887606640,"NET_INTEREST_INCOME_YOY":-19.66603569497,"FEE_COMMISSION_INCOME":3086184720,"FEE_COMMISSION_INCOME_YOY":null,"ACCOUNTS_RECE_TDAYS":null,"INVENTORY_TDAYS":null,"CURRENT_ASSETS_TDAYS":null,"TOTAL_ASSETS_TDAYS":0.014210104376,"PREMIUM_EXPENSE":null,"LOAN_DEPOSIT":85.133623086629,"LOAN_EQUITY":5.514934672711,"LOAN_ASSETS":56.296775662907,"DEPOSIT_EQUITY":6.477974826819,"DEPOSIT_ASSETS":66.127545876465,"EQUITY_MULTIPLIER":9.79618212193,"EQUITY_RATIO":8.800492168317},{"SECUCODE":"00011.HK","SECURITY_CODE":"00011","SECURITY_NAME_ABBR":"恒生银行","ORG_CODE":"10008356","STD_REPORT_DATE":"2020-12-31 00:00:00","REPORT_DATE":"2020-12-31 00:00:00","DATE_TYPE_CODE":"001","REPORT_TYPE":"2020年年报","PER_NETCASH_OPERATE":36.394679546488,"PER_OI":22.70854026981,"BPS":76.620385296812,"BASIC_EPS":7.0361104,"DILUTED_EPS":7.0361104,"OPERATE_INCOME":43415157760,"OPERATE_INCOME_YOY":-16.1290322581,"GROSS_PROFIT":null,"GROSS_PROFIT_YOY":null,"HOLDER_PROFIT":14044446680,"HOLDER_PROFIT_YOY":-32.8220611916,"GROSS_PROFIT_RATIO":null,"EPS_TTM":7.346026122098,"OPERATE_INCOME_QOQ":-11.581652550884,"NET_PROFIT_RATIO":32.3162220844,"ROE_AVG":9.221629686939,"GROSS_PROFIT_QOQ":null,"ROA":0.971083962944,"HOLDER_PROFIT_QOQ":-24.45209305199,"ROE_YEARLY":9.221629686939,"ROIC_YEARLY":0.978046556118,"TOTAL_ASSETS":1481107130680,"TOTAL_LIABILITIES":1326922890880,"TAX_EBT":14.134130009272,"OCF_SALES":160.268687965261,"TOTAL_PARENT_EQUITY":154104284000,"DEBT_ASSET_RATIO":89.5899333272,"OPERATE_PROFIT":16938005000,"PRETAX_PROFIT":16339598960,"NETCASH_OPERATE":69580903720,"NETCASH_INVEST":-44357794560,"NETCASH_FINANCE":-12325817800,"END_CASH":92256368600,"DIVI_RATIO":0.839246675349,"DIVIDEND_RATE":6.500956022945,"CURRENT_RATIO":null,"COMMON_ACS":null,"CURRENTDEBT_DEBT":null,"ISSUED_COMMON_SHARES":1882267536,"HK_COMMON_SHARES":1882267536,"PER_SHARES":100,"TOTAL_MARKET_CAP":196885184265.6,"HKSK_MARKET_CAP":196885184265.6,"PE_TTM":10.990576323858,"PB_TTM":1.273604100328,"REPORT_DATE_SQ":"2019-12-31 00:00:00","REPORT_TYPE_SQ":"2019年年报","OPERATE_INCOME_SQ":55094053120,"DPS_HKD":6.8,"OPERATE_INCOME_QOQ_SQ":5.483908110658,"NET_PROFIT_RATIO_SQ":40.3583506764,"HOLDER_PROFIT_SQ":22251175200,"HOLDER_PROFIT_QOQ_SQ":-1.384769505074,"ROE_AVG_SQ":14.573530619668,"PE_TTM_SQ":10.689532796024,"PB_TTM_SQ":1.020321275678,"ROA_SQ":1.529421036558,"START_DATE":"2020-01-01 00:00:00","FISCAL_YEAR":"12-31","CURRENCY":"HKD","IS_CNY_CODE":0,"DPS_HKD_LY":6.7,"ORG_TYPE":"银行","PREMIUM_INCOME":null,"PREMIUM_INCOME_YOY":null,"NET_INTEREST_INCOME":22645165840,"NET_INTEREST_INCOME_YOY":-16.583475430166,"FEE_COMMISSION_INCOME":5358721880,"FEE_COMMISSION_INCOME_YOY":null,"ACCOUNTS_RECE_TDAYS":null,"INVENTORY_TDAYS":null,"CURRENT_ASSETS_TDAYS":null,"TOTAL_ASSETS_TDAYS":0.030018814133,"PREMIUM_EXPENSE":null,"LOAN_DEPOSIT":78.114582230924,"LOAN_EQUITY":5.157204072164,"LOAN_ASSETS":53.686838236673,"DEPOSIT_EQUITY":6.602101585742,"DEPOSIT_ASSETS":68.728317688448,"EQUITY_MULTIPLIER":9.606086410694,"EQUITY_RATIO":8.610551611141}],"count":51},"success":true,"message":"ok","code":0}