{"version":"615ad07b227059cc1d4d4d7534ac05ba","result":{"pages":6,"data":[{"SECUCODE":"00017.HK","SECURITY_CODE":"00017","SECURITY_NAME_ABBR":"新世界发展","ORG_CODE":"10007311","STD_REPORT_DATE":"2023-12-31 00:00:00","REPORT_DATE":"2024-06-30 00:00:00","DATE_TYPE_CODE":"001","REPORT_TYPE":"2023年年报","PER_NETCASH_OPERATE":0.122397456868,"PER_OI":12.976741573752,"BPS":65.217680662924,"BASIC_EPS":-7.0550164,"DILUTED_EPS":-7.0550164,"OPERATE_INCOME":32657698296,"OPERATE_INCOME_YOY":-34.4242406471,"GROSS_PROFIT":11727207856,"GROSS_PROFIT_YOY":-22.654693828827,"HOLDER_PROFIT":-17964189172,"HOLDER_PROFIT_YOY":-3691.7700729927,"GROSS_PROFIT_RATIO":35.909474543209,"EPS_TTM":-2.687815504439,"OPERATE_INCOME_QOQ":-5.569119175924,"NET_PROFIT_RATIO":-47.8615065591,"ROE_AVG":-10.378706327732,"GROSS_PROFIT_QOQ":1.230922723426,"ROA":-3.708014989627,"HOLDER_PROFIT_QOQ":-914.369095477146,"ROE_YEARLY":-10.378706327732,"ROIC_YEARLY":-4.558963285139,"TOTAL_ASSETS":406286438368,"TOTAL_LIABILITIES":201034928384,"TAX_EBT":-106.612753769691,"OCF_SALES":0.943206398712,"TOTAL_PARENT_EQUITY":164128978492,"DEBT_ASSET_RATIO":49.4810826548,"OPERATE_PROFIT":445935448,"PRETAX_PROFIT":-4333769712,"NETCASH_OPERATE":308029500,"NETCASH_INVEST":5921285304,"NETCASH_FINANCE":-29030434172,"END_CASH":23685506288,"DIVI_RATIO":-0.067431711626,"DIVIDEND_RATE":4.62962962963,"CURRENT_RATIO":1.256035130515,"COMMON_ACS":null,"CURRENTDEBT_DEBT":42.65615466194,"ISSUED_COMMON_SHARES":2516633171,"HK_COMMON_SHARES":2516633171,"PER_SHARES":1000,"TOTAL_MARKET_CAP":10871855298.72,"HKSK_MARKET_CAP":10871855298.72,"PE_TTM":-0.552350278603,"PB_TTM":0.060455654968,"REPORT_DATE_SQ":"2022-12-31 00:00:00","REPORT_TYPE_SQ":"2022年年报","OPERATE_INCOME_SQ":50308945076,"DPS_HKD":0.2,"OPERATE_INCOME_QOQ_SQ":11.68966997424,"NET_PROFIT_RATIO_SQ":4.2860383684,"HOLDER_PROFIT_SQ":505245040,"HOLDER_PROFIT_QOQ_SQ":-7.804609913101,"ROE_AVG_SQ":0.440094037187,"PE_TTM_SQ":26.14683814026,"PB_TTM_SQ":0.120149952159,"ROA_SQ":0.143871553317,"START_DATE":"2023-07-01 00:00:00","FISCAL_YEAR":"6-30","CURRENCY":"HKD","IS_CNY_CODE":0,"DPS_HKD_LY":0.5,"ORG_TYPE":"一般企业","PREMIUM_INCOME":null,"PREMIUM_INCOME_YOY":null,"NET_INTEREST_INCOME":null,"NET_INTEREST_INCOME_YOY":null,"FEE_COMMISSION_INCOME":null,"FEE_COMMISSION_INCOME_YOY":null,"ACCOUNTS_RECE_TDAYS":1.856741820823,"INVENTORY_TDAYS":0.304905572075,"CURRENT_ASSETS_TDAYS":0.246423107529,"TOTAL_ASSETS_TDAYS":0.067409240489,"PREMIUM_EXPENSE":null,"LOAN_DEPOSIT":null,"LOAN_EQUITY":null,"LOAN_ASSETS":null,"DEPOSIT_EQUITY":null,"DEPOSIT_ASSETS":null,"EQUITY_MULTIPLIER":1.97945651362,"EQUITY_RATIO":1.224859438175},{"SECUCODE":"00017.HK","SECURITY_CODE":"00017","SECURITY_NAME_ABBR":"新世界发展","ORG_CODE":"10007311","STD_REPORT_DATE":"2023-06-30 00:00:00","REPORT_DATE":"2023-12-31 00:00:00","DATE_TYPE_CODE":"002","REPORT_TYPE":"2023年中报","PER_NETCASH_OPERATE":2.000600299645,"PER_OI":6.145153607689,"BPS":69.47291413493,"BASIC_EPS":-2.5736648,"DILUTED_EPS":-2.5736648,"OPERATE_INCOME":15465097410,"OPERATE_INCOME_YOY":-25.1049991442,"GROSS_PROFIT":6576801028,"GROSS_PROFIT_YOY":3.843566088731,"HOLDER_PROFIT":-6682828768,"HOLDER_PROFIT_YOY":-822.2722820764,"GROSS_PROFIT_RATIO":42.526735226041,"EPS_TTM":0.330048809485,"OPERATE_INCOME_QOQ":34.735034162799,"NET_PROFIT_RATIO":-33.8226245935,"ROE_AVG":-3.758681668297,"GROSS_PROFIT_QOQ":27.138625601747,"ROA":-1.35727010253,"HOLDER_PROFIT_QOQ":-15.667632717493,"ROE_YEARLY":-7.517363336595,"ROIC_YEARLY":-3.360130369996,"TOTAL_ASSETS":426076188692,"TOTAL_LIABILITIES":210202260100,"TAX_EBT":60.353022789754,"OCF_SALES":32.555741115115,"TOTAL_PARENT_EQUITY":174837840198,"DEBT_ASSET_RATIO":49.3344302448,"OPERATE_PROFIT":5191734380,"PRETAX_PROFIT":3527098862,"NETCASH_OPERATE":5034777076,"NETCASH_INVEST":-4291314188,"NETCASH_FINANCE":-17151029098,"END_CASH":31469123854,"DIVI_RATIO":0.549143020036,"DIVIDEND_RATE":3.044140030441,"CURRENT_RATIO":1.122761504462,"COMMON_ACS":null,"CURRENTDEBT_DEBT":51.715979392555,"ISSUED_COMMON_SHARES":2516633171,"HK_COMMON_SHARES":2516633171,"PER_SHARES":1000,"TOTAL_MARKET_CAP":16534279933.47,"HKSK_MARKET_CAP":16534279933.47,"PE_TTM":-0.840032715376,"PB_TTM":0.091942975265,"REPORT_DATE_SQ":"2022-06-30 00:00:00","REPORT_TYPE_SQ":"2022年中报","OPERATE_INCOME_SQ":20353960893,"DPS_HKD":0.2,"OPERATE_INCOME_QOQ_SQ":4.324831364439,"NET_PROFIT_RATIO_SQ":6.9334938908,"HOLDER_PROFIT_SQ":912028670,"HOLDER_PROFIT_QOQ_SQ":-17.299813737129,"ROE_AVG_SQ":0.581644086053,"PE_TTM_SQ":31.454422805483,"PB_TTM_SQ":0.144539365524,"ROA_SQ":0.19229157719,"START_DATE":"2023-07-01 00:00:00","FISCAL_YEAR":"6-30","CURRENCY":"HKD","IS_CNY_CODE":0,"DPS_HKD_LY":0.5,"ORG_TYPE":"一般企业","PREMIUM_INCOME":null,"PREMIUM_INCOME_YOY":null,"NET_INTEREST_INCOME":null,"NET_INTEREST_INCOME_YOY":null,"FEE_COMMISSION_INCOME":null,"FEE_COMMISSION_INCOME_YOY":null,"ACCOUNTS_RECE_TDAYS":0.920134255328,"INVENTORY_TDAYS":0.123943480428,"CURRENT_ASSETS_TDAYS":0.111146244699,"TOTAL_ASSETS_TDAYS":0.031409325416,"PREMIUM_EXPENSE":null,"LOAN_DEPOSIT":null,"LOAN_EQUITY":null,"LOAN_ASSETS":null,"DEPOSIT_EQUITY":null,"DEPOSIT_ASSETS":null,"EQUITY_MULTIPLIER":1.973726940863,"EQUITY_RATIO":1.202269828213},{"SECUCODE":"00017.HK","SECURITY_CODE":"00017","SECURITY_NAME_ABBR":"新世界发展","ORG_CODE":"10007311","STD_REPORT_DATE":"2022-12-31 00:00:00","REPORT_DATE":"2023-06-30 00:00:00","DATE_TYPE_CODE":"001","REPORT_TYPE":"2022年年报","PER_NETCASH_OPERATE":4.026456260995,"PER_OI":19.990575367013,"BPS":71.824687775285,"BASIC_EPS":0.2212752,"DILUTED_EPS":0.2212752,"OPERATE_INCOME":50308945076,"OPERATE_INCOME_YOY":39.5836845631,"GROSS_PROFIT":15162145496,"GROSS_PROFIT_YOY":-2.828811166077,"HOLDER_PROFIT":505245040,"HOLDER_PROFIT_YOY":-27.8818443804,"GROSS_PROFIT_RATIO":22.527721821837,"EPS_TTM":0.39136670785,"OPERATE_INCOME_QOQ":11.68966997424,"NET_PROFIT_RATIO":4.2860383684,"ROE_AVG":0.440094037187,"GROSS_PROFIT_QOQ":-0.313116885188,"ROA":0.143871553317,"HOLDER_PROFIT_QOQ":-7.804609913101,"ROE_YEARLY":0.440094037187,"ROIC_YEARLY":0.181229335978,"TOTAL_ASSETS":561498727720,"TOTAL_LIABILITIES":308790647976,"TAX_EBT":80.519739058528,"OCF_SALES":11.54307463834,"TOTAL_PARENT_EQUITY":183899974760,"DEBT_ASSET_RATIO":56.4478967148,"OPERATE_PROFIT":9227729028,"PRETAX_PROFIT":6020713796,"NETCASH_OPERATE":10113383016,"NETCASH_INVEST":1557408616,"NETCASH_FINANCE":-13630091330,"END_CASH":48440183814,"DIVI_RATIO":0.463105308563,"DIVIDEND_RATE":3.044140030441,"CURRENT_RATIO":0.96173808942,"COMMON_ACS":null,"CURRENTDEBT_DEBT":52.84356439664,"ISSUED_COMMON_SHARES":2516633171,"HK_COMMON_SHARES":2516633171,"PER_SHARES":1000,"TOTAL_MARKET_CAP":16534279933.47,"HKSK_MARKET_CAP":16534279933.47,"PE_TTM":-0.840032715376,"PB_TTM":0.091942975265,"REPORT_DATE_SQ":"2021-12-31 00:00:00","REPORT_TYPE_SQ":"2021年年报","OPERATE_INCOME_SQ":58334818913,"DPS_HKD":0.2,"OPERATE_INCOME_QOQ_SQ":-1.512902182463,"NET_PROFIT_RATIO_SQ":6.3064502651,"HOLDER_PROFIT_SQ":1068303348,"HOLDER_PROFIT_QOQ_SQ":32.508474856119,"ROE_AVG_SQ":0.572123541496,"PE_TTM_SQ":31.454422805483,"PB_TTM_SQ":0.144539365524,"ROA_SQ":0.197820788333,"START_DATE":"2022-07-01 00:00:00","FISCAL_YEAR":"6-30","CURRENCY":"HKD","IS_CNY_CODE":0,"DPS_HKD_LY":1.96,"ORG_TYPE":"一般企业","PREMIUM_INCOME":null,"PREMIUM_INCOME_YOY":null,"NET_INTEREST_INCOME":null,"NET_INTEREST_INCOME_YOY":null,"FEE_COMMISSION_INCOME":null,"FEE_COMMISSION_INCOME_YOY":null,"ACCOUNTS_RECE_TDAYS":2.345228629512,"INVENTORY_TDAYS":0.906194775065,"CURRENT_ASSETS_TDAYS":0.520912109643,"TOTAL_ASSETS_TDAYS":0.15205413812,"PREMIUM_EXPENSE":null,"LOAN_DEPOSIT":null,"LOAN_EQUITY":null,"LOAN_ASSETS":null,"DEPOSIT_EQUITY":null,"DEPOSIT_ASSETS":null,"EQUITY_MULTIPLIER":2.296100359267,"EQUITY_RATIO":1.679122840441},{"SECUCODE":"00017.HK","SECURITY_CODE":"00017","SECURITY_NAME_ABBR":"新世界发展","ORG_CODE":"10007311","STD_REPORT_DATE":"2022-06-30 00:00:00","REPORT_DATE":"2022-12-31 00:00:00","DATE_TYPE_CODE":"002","REPORT_TYPE":"2022年中报","PER_NETCASH_OPERATE":3.666135357079,"PER_OI":8.087774224526,"BPS":71.862883398353,"BASIC_EPS":0.3930388,"DILUTED_EPS":0.3930388,"OPERATE_INCOME":20353960893,"OPERATE_INCOME_YOY":12.9888566545,"GROSS_PROFIT":6333373627,"GROSS_PROFIT_YOY":-23.008970337176,"HOLDER_PROFIT":912028670,"HOLDER_PROFIT_YOY":-15.0295109612,"GROSS_PROFIT_RATIO":22.775686495013,"EPS_TTM":0.424497046415,"OPERATE_INCOME_QOQ":4.324831364439,"NET_PROFIT_RATIO":6.9334938908,"ROE_AVG":0.581644086053,"GROSS_PROFIT_QOQ":-4.399778525182,"ROA":0.19229157719,"HOLDER_PROFIT_QOQ":-17.299813737129,"ROE_YEARLY":1.163288172107,"ROIC_YEARLY":0.484119689215,"TOTAL_ASSETS":555518806745,"TOTAL_LIABILITIES":309520466829,"TAX_EBT":65.552479755776,"OCF_SALES":25.697566509841,"TOTAL_PARENT_EQUITY":180852516124,"DEBT_ASSET_RATIO":55.7173696139,"OPERATE_PROFIT":4763808910,"PRETAX_PROFIT":3452756531,"NETCASH_OPERATE":9226317849,"NETCASH_INVEST":-2961190050,"NETCASH_FINANCE":-9297600795,"END_CASH":47140359056,"DIVI_RATIO":0.426961745743,"DIVIDEND_RATE":3.044140030441,"CURRENT_RATIO":1.067268581873,"COMMON_ACS":null,"CURRENTDEBT_DEBT":48.758523382358,"ISSUED_COMMON_SHARES":2516633171,"HK_COMMON_SHARES":2516633171,"PER_SHARES":1000,"TOTAL_MARKET_CAP":16534279933.47,"HKSK_MARKET_CAP":16534279933.47,"PE_TTM":-0.840032715376,"PB_TTM":0.091942975265,"REPORT_DATE_SQ":"2021-06-30 00:00:00","REPORT_TYPE_SQ":"2021年中报","OPERATE_INCOME_SQ":29084321280,"DPS_HKD":0.2,"OPERATE_INCOME_QOQ_SQ":3.676021430844,"NET_PROFIT_RATIO_SQ":9.7484594971,"HOLDER_PROFIT_SQ":1163608320,"HOLDER_PROFIT_QOQ_SQ":3.421078265134,"ROE_AVG_SQ":0.63760235838,"PE_TTM_SQ":31.454422805483,"PB_TTM_SQ":0.144539365524,"ROA_SQ":0.22583559882,"START_DATE":"2022-07-01 00:00:00","FISCAL_YEAR":"6-30","CURRENCY":"HKD","IS_CNY_CODE":0,"DPS_HKD_LY":1.96,"ORG_TYPE":"一般企业","PREMIUM_INCOME":null,"PREMIUM_INCOME_YOY":null,"NET_INTEREST_INCOME":null,"NET_INTEREST_INCOME_YOY":null,"FEE_COMMISSION_INCOME":null,"FEE_COMMISSION_INCOME_YOY":null,"ACCOUNTS_RECE_TDAYS":null,"INVENTORY_TDAYS":0.383370520896,"CURRENT_ASSETS_TDAYS":0.215235309616,"TOTAL_ASSETS_TDAYS":0.06391162697,"PREMIUM_EXPENSE":null,"LOAN_DEPOSIT":null,"LOAN_EQUITY":null,"LOAN_ASSETS":null,"DEPOSIT_EQUITY":null,"DEPOSIT_ASSETS":null,"EQUITY_MULTIPLIER":2.25822177066,"EQUITY_RATIO":1.71145236717},{"SECUCODE":"00017.HK","SECURITY_CODE":"00017","SECURITY_NAME_ABBR":"新世界发展","ORG_CODE":"10007311","STD_REPORT_DATE":"2021-12-31 00:00:00","REPORT_DATE":"2022-06-30 00:00:00","DATE_TYPE_CODE":"001","REPORT_TYPE":"2021年年报","PER_NETCASH_OPERATE":2.532166339311,"PER_OI":23.179706754728,"BPS":72.502987730428,"BASIC_EPS":0.427595,"DILUTED_EPS":0.427595,"OPERATE_INCOME":58334818913,"OPERATE_INCOME_YOY":-0.0300440255,"GROSS_PROFIT":15603540183,"GROSS_PROFIT_YOY":-2.082104999851,"HOLDER_PROFIT":1068303348,"HOLDER_PROFIT_YOY":8.4845853235,"GROSS_PROFIT_RATIO":26.748244828309,"EPS_TTM":0.513296360743,"OPERATE_INCOME_QOQ":-1.512902182463,"NET_PROFIT_RATIO":6.3064502651,"ROE_AVG":0.572123541496,"GROSS_PROFIT_QOQ":2.424339075346,"ROA":0.197820788333,"HOLDER_PROFIT_QOQ":32.508474856119,"ROE_YEARLY":0.572123541496,"ROIC_YEARLY":0.252867225274,"TOTAL_ASSETS":543801552441,"TOTAL_LIABILITIES":297422339669,"TAX_EBT":53.314884149981,"OCF_SALES":10.924065459951,"TOTAL_PARENT_EQUITY":182463423919,"DEBT_ASSET_RATIO":54.6931759084,"OPERATE_PROFIT":6955260270,"PRETAX_PROFIT":7880148255,"NETCASH_OPERATE":6372533804,"NETCASH_INVEST":-2788518033,"NETCASH_FINANCE":-4893482699,"END_CASH":48976132667,"DIVI_RATIO":0.353098159,"DIVIDEND_RATE":3.044140030441,"CURRENT_RATIO":1.117786413969,"COMMON_ACS":null,"CURRENTDEBT_DEBT":49.689535290615,"ISSUED_COMMON_SHARES":2516633171,"HK_COMMON_SHARES":2516633171,"PER_SHARES":1000,"TOTAL_MARKET_CAP":16534279933.47,"HKSK_MARKET_CAP":16534279933.47,"PE_TTM":-0.840032715376,"PB_TTM":0.091942975265,"REPORT_DATE_SQ":"2020-12-31 00:00:00","REPORT_TYPE_SQ":"2020年年报","OPERATE_INCOME_SQ":56775481056,"DPS_HKD":0.2,"OPERATE_INCOME_QOQ_SQ":1.599846350312,"NET_PROFIT_RATIO_SQ":6.8938581219,"HOLDER_PROFIT_SQ":958140120,"HOLDER_PROFIT_QOQ_SQ":-5.861871185189,"ROE_AVG_SQ":0.536997530206,"PE_TTM_SQ":31.454422805483,"PB_TTM_SQ":0.144539365524,"ROA_SQ":0.190927318308,"START_DATE":"2021-07-01 00:00:00","FISCAL_YEAR":"6-30","CURRENCY":"HKD","IS_CNY_CODE":0,"DPS_HKD_LY":2.06,"ORG_TYPE":"一般企业","PREMIUM_INCOME":null,"PREMIUM_INCOME_YOY":null,"NET_INTEREST_INCOME":null,"NET_INTEREST_INCOME_YOY":null,"FEE_COMMISSION_INCOME":null,"FEE_COMMISSION_INCOME_YOY":null,"ACCOUNTS_RECE_TDAYS":null,"INVENTORY_TDAYS":0.573517224914,"CURRENT_ASSETS_TDAYS":0.340015826235,"TOTAL_ASSETS_TDAYS":0.108020253669,"PREMIUM_EXPENSE":null,"LOAN_DEPOSIT":null,"LOAN_EQUITY":null,"LOAN_ASSETS":null,"DEPOSIT_EQUITY":null,"DEPOSIT_ASSETS":null,"EQUITY_MULTIPLIER":2.207173025366,"EQUITY_RATIO":1.630038137402},{"SECUCODE":"00017.HK","SECURITY_CODE":"00017","SECURITY_NAME_ABBR":"新世界发展","ORG_CODE":"10007311","STD_REPORT_DATE":"2021-06-30 00:00:00","REPORT_DATE":"2021-12-31 00:00:00","DATE_TYPE_CODE":"002","REPORT_TYPE":"2021年中报","PER_NETCASH_OPERATE":-0.17205565157,"PER_OI":11.556837768471,"BPS":73.212051356213,"BASIC_EPS":0.457856,"DILUTED_EPS":0.457856,"OPERATE_INCOME":29084321280,"OPERATE_INCOME_YOY":-0.0126485146,"GROSS_PROFIT":8226118880,"GROSS_PROFIT_YOY":4.927763676829,"HOLDER_PROFIT":1163608320,"HOLDER_PROFIT_YOY":41.2043435341,"GROSS_PROFIT_RATIO":28.283688660999,"EPS_TTM":0.383437778865,"OPERATE_INCOME_QOQ":3.676021430844,"NET_PROFIT_RATIO":9.7484594971,"ROE_AVG":0.63760235838,"GROSS_PROFIT_QOQ":5.817383039696,"ROA":0.22583559882,"HOLDER_PROFIT_QOQ":3.421078265134,"ROE_YEARLY":1.27520471676,"ROIC_YEARLY":0.573043805461,"TOTAL_ASSETS":523006292480,"TOTAL_LIABILITIES":277194198400,"TAX_EBT":53.194198030798,"OCF_SALES":-1.488777942698,"TOTAL_PARENT_EQUITY":184247876960,"DEBT_ASSET_RATIO":53.0001650813,"OPERATE_PROFIT":4860059680,"PRETAX_PROFIT":6036913120,"NETCASH_OPERATE":-433000960,"NETCASH_INVEST":-475270880,"NETCASH_FINANCE":-8454229280,"END_CASH":40533337600,"DIVI_RATIO":0.47268164482,"DIVIDEND_RATE":3.044140030441,"CURRENT_RATIO":1.107197203502,"COMMON_ACS":null,"CURRENTDEBT_DEBT":51.656559519104,"ISSUED_COMMON_SHARES":2516633171,"HK_COMMON_SHARES":2516633171,"PER_SHARES":1000,"TOTAL_MARKET_CAP":16534279933.47,"HKSK_MARKET_CAP":16534279933.47,"PE_TTM":-0.840032715376,"PB_TTM":0.091942975265,"REPORT_DATE_SQ":"2020-06-30 00:00:00","REPORT_TYPE_SQ":"2020年中报","OPERATE_INCOME_SQ":29943278772,"DPS_HKD":0.2,"OPERATE_INCOME_QOQ_SQ":0.862832916163,"NET_PROFIT_RATIO_SQ":7.0786709503,"HOLDER_PROFIT_SQ":852581320,"HOLDER_PROFIT_QOQ_SQ":-85.692666661721,"ROE_AVG_SQ":0.461984975683,"PE_TTM_SQ":31.454422805483,"PB_TTM_SQ":0.144539365524,"ROA_SQ":0.166517874535,"START_DATE":"2021-07-01 00:00:00","FISCAL_YEAR":"6-30","CURRENCY":"HKD","IS_CNY_CODE":0,"DPS_HKD_LY":2.06,"ORG_TYPE":"一般企业","PREMIUM_INCOME":null,"PREMIUM_INCOME_YOY":null,"NET_INTEREST_INCOME":null,"NET_INTEREST_INCOME_YOY":null,"FEE_COMMISSION_INCOME":null,"FEE_COMMISSION_INCOME_YOY":null,"ACCOUNTS_RECE_TDAYS":null,"INVENTORY_TDAYS":0.288091542453,"CURRENT_ASSETS_TDAYS":0.176991520301,"TOTAL_ASSETS_TDAYS":0.056163343049,"PREMIUM_EXPENSE":null,"LOAN_DEPOSIT":null,"LOAN_EQUITY":null,"LOAN_ASSETS":null,"DEPOSIT_EQUITY":null,"DEPOSIT_ASSETS":null,"EQUITY_MULTIPLIER":2.127667047618,"EQUITY_RATIO":1.504463459626},{"SECUCODE":"00017.HK","SECURITY_CODE":"00017","SECURITY_NAME_ABBR":"新世界发展","ORG_CODE":"10007311","STD_REPORT_DATE":"2020-12-31 00:00:00","REPORT_DATE":"2021-06-30 00:00:00","DATE_TYPE_CODE":"001","REPORT_TYPE":"2020年年报","PER_NETCASH_OPERATE":3.157012501077,"PER_OI":22.331159655878,"BPS":73.839695846559,"BASIC_EPS":0.374436,"DILUTED_EPS":0.374436,"OPERATE_INCOME":56775481056,"OPERATE_INCOME_YOY":15.6342042916,"GROSS_PROFIT":15935330496,"GROSS_PROFIT_YOY":-12.471879619016,"HOLDER_PROFIT":958140120,"HOLDER_PROFIT_YOY":6.8783068783,"GROSS_PROFIT_RATIO":28.0672751681,"EPS_TTM":0.370323614025,"OPERATE_INCOME_QOQ":1.599846350312,"NET_PROFIT_RATIO":6.8938581219,"ROE_AVG":0.536997530206,"GROSS_PROFIT_QOQ":-17.283797929354,"ROA":0.190927318308,"HOLDER_PROFIT_QOQ":-5.861871185189,"ROE_YEARLY":0.536997530206,"ROIC_YEARLY":0.246449842272,"TOTAL_ASSETS":521778562992,"TOTAL_LIABILITIES":268666150800,"TAX_EBT":54.794096298089,"OCF_SALES":14.137252832932,"TOTAL_PARENT_EQUITY":185827427904,"DEBT_ASSET_RATIO":51.4904539695,"OPERATE_PROFIT":7031492040,"PRETAX_PROFIT":8597466600,"NETCASH_OPERATE":8026493304,"NETCASH_INVEST":2531104152,"NETCASH_FINANCE":-14898475608,"END_CASH":50370545256,"DIVI_RATIO":0.489420585499,"DIVIDEND_RATE":3.044140030441,"CURRENT_RATIO":1.391166698872,"COMMON_ACS":null,"CURRENTDEBT_DEBT":46.320299797141,"ISSUED_COMMON_SHARES":2516633171,"HK_COMMON_SHARES":2516633171,"PER_SHARES":1000,"TOTAL_MARKET_CAP":16534279933.47,"HKSK_MARKET_CAP":16534279933.47,"PE_TTM":-0.840032715376,"PB_TTM":0.091942975265,"REPORT_DATE_SQ":"2019-12-31 00:00:00","REPORT_TYPE_SQ":"2019年年报","OPERATE_INCOME_SQ":53900084832,"DPS_HKD":0.2,"OPERATE_INCOME_QOQ_SQ":-20.861446326852,"NET_PROFIT_RATIO_SQ":5.5355393694,"HOLDER_PROFIT_SQ":1001312928,"HOLDER_PROFIT_QOQ_SQ":-56.189516318492,"ROE_AVG_SQ":0.501822206983,"PE_TTM_SQ":31.454422805483,"PB_TTM_SQ":0.144539365524,"ROA_SQ":0.198680393895,"START_DATE":"2020-07-01 00:00:00","FISCAL_YEAR":"6-30","CURRENCY":"HKD","IS_CNY_CODE":0,"DPS_HKD_LY":2.04,"ORG_TYPE":"一般企业","PREMIUM_INCOME":null,"PREMIUM_INCOME_YOY":null,"NET_INTEREST_INCOME":null,"NET_INTEREST_INCOME_YOY":null,"FEE_COMMISSION_INCOME":null,"FEE_COMMISSION_INCOME_YOY":null,"ACCOUNTS_RECE_TDAYS":null,"INVENTORY_TDAYS":0.625356749704,"CURRENT_ASSETS_TDAYS":0.349612104015,"TOTAL_ASSETS_TDAYS":0.111194792554,"PREMIUM_EXPENSE":null,"LOAN_DEPOSIT":null,"LOAN_EQUITY":null,"LOAN_ASSETS":null,"DEPOSIT_EQUITY":null,"DEPOSIT_ASSETS":null,"EQUITY_MULTIPLIER":2.061449924457,"EQUITY_RATIO":1.445783078582},{"SECUCODE":"00017.HK","SECURITY_CODE":"00017","SECURITY_NAME_ABBR":"新世界发展","ORG_CODE":"10007311","STD_REPORT_DATE":"2020-06-30 00:00:00","REPORT_DATE":"2020-12-31 00:00:00","DATE_TYPE_CODE":"002","REPORT_TYPE":"2020年中报","PER_NETCASH_OPERATE":0.13583222783,"PER_OI":11.763738848983,"BPS":75.420564868649,"BASIC_EPS":0.336656,"DILUTED_EPS":0.336656,"OPERATE_INCOME":29943278772,"OPERATE_INCOME_YOY":9.5886571136,"GROSS_PROFIT":7839792436,"GROSS_PROFIT_YOY":-28.641407845248,"HOLDER_PROFIT":852581320,"HOLDER_PROFIT_YOY":-0.4226875061,"GROSS_PROFIT_RATIO":26.182144232418,"EPS_TTM":0.392807767957,"OPERATE_INCOME_QOQ":0.862832916163,"NET_PROFIT_RATIO":7.0786709503,"ROE_AVG":0.461984975683,"GROSS_PROFIT_QOQ":-7.179103614847,"ROA":0.166517874535,"HOLDER_PROFIT_QOQ":-85.692666661721,"ROE_YEARLY":0.923969951366,"ROIC_YEARLY":0.424321674366,"TOTAL_ASSETS":518862896092,"TOTAL_LIABILITIES":267520408004,"TAX_EBT":47.951886909437,"OCF_SALES":1.154668847833,"TOTAL_PARENT_EQUITY":189805895324,"DEBT_ASSET_RATIO":51.5589783002,"OPERATE_PROFIT":3547007616,"PRETAX_PROFIT":4072359304,"NETCASH_OPERATE":345745712,"NETCASH_INVEST":-65227100,"NETCASH_FINANCE":-10866750696,"END_CASH":44609024100,"DIVI_RATIO":0.461406353908,"DIVIDEND_RATE":3.044140030441,"CURRENT_RATIO":1.254043627701,"COMMON_ACS":null,"CURRENTDEBT_DEBT":48.914964979436,"ISSUED_COMMON_SHARES":2516633171,"HK_COMMON_SHARES":2516633171,"PER_SHARES":1000,"TOTAL_MARKET_CAP":16534279933.47,"HKSK_MARKET_CAP":16534279933.47,"PE_TTM":-0.840032715376,"PB_TTM":0.091942975265,"REPORT_DATE_SQ":"2019-06-30 00:00:00","REPORT_TYPE_SQ":"2019年中报","OPERATE_INCOME_SQ":29080960232,"DPS_HKD":0.2,"OPERATE_INCOME_QOQ_SQ":-4.870359953403,"NET_PROFIT_RATIO_SQ":9.5347519129,"HOLDER_PROFIT_SQ":911276994,"HOLDER_PROFIT_QOQ_SQ":-20.693951333808,"ROE_AVG_SQ":0.462263687967,"PE_TTM_SQ":31.454422805483,"PB_TTM_SQ":0.144539365524,"ROA_SQ":0.185502318232,"START_DATE":"2020-07-01 00:00:00","FISCAL_YEAR":"6-30","CURRENCY":"HKD","IS_CNY_CODE":0,"DPS_HKD_LY":2.04,"ORG_TYPE":"一般企业","PREMIUM_INCOME":null,"PREMIUM_INCOME_YOY":null,"NET_INTEREST_INCOME":null,"NET_INTEREST_INCOME_YOY":null,"FEE_COMMISSION_INCOME":null,"FEE_COMMISSION_INCOME_YOY":null,"ACCOUNTS_RECE_TDAYS":null,"INVENTORY_TDAYS":0.352814262819,"CURRENT_ASSETS_TDAYS":0.188614116489,"TOTAL_ASSETS_TDAYS":0.058482293955,"PREMIUM_EXPENSE":null,"LOAN_DEPOSIT":null,"LOAN_EQUITY":null,"LOAN_ASSETS":null,"DEPOSIT_EQUITY":null,"DEPOSIT_ASSETS":null,"EQUITY_MULTIPLIER":2.064366037111,"EQUITY_RATIO":1.409442038391},{"SECUCODE":"00017.HK","SECURITY_CODE":"00017","SECURITY_NAME_ABBR":"新世界发展","ORG_CODE":"10007311","STD_REPORT_DATE":"2019-12-31 00:00:00","REPORT_DATE":"2020-06-30 00:00:00","DATE_TYPE_CODE":"001","REPORT_TYPE":"2019年年报","PER_NETCASH_OPERATE":-3.687168481983,"PER_OI":21.144610664173,"BPS":77.319176030204,"BASIC_EPS":0.3927792,"DILUTED_EPS":0.3927792,"OPERATE_INCOME":53900084832,"OPERATE_INCOME_YOY":-23.1304941405,"GROSS_PROFIT":18205955328,"GROSS_PROFIT_YOY":-17.284807039209,"HOLDER_PROFIT":1001312928,"HOLDER_PROFIT_YOY":-93.9636896273,"GROSS_PROFIT_RATIO":33.777229451022,"EPS_TTM":0.684365830841,"OPERATE_INCOME_QOQ":-20.861446326852,"NET_PROFIT_RATIO":5.5355393694,"ROE_AVG":0.501822206983,"GROSS_PROFIT_QOQ":-10.887315052883,"ROA":0.198680393895,"HOLDER_PROFIT_QOQ":-56.189516318492,"ROE_YEARLY":0.501822206983,"ROIC_YEARLY":0.256649575815,"TOTAL_ASSETS":548242942896,"TOTAL_LIABILITIES":292712578752,"TAX_EBT":69.739865115245,"OCF_SALES":-17.437864146774,"TOTAL_PARENT_EQUITY":194584003152,"DEBT_ASSET_RATIO":53.3910344939,"OPERATE_PROFIT":10993615776,"PRETAX_PROFIT":9860036736,"NETCASH_OPERATE":-9399023568,"NETCASH_INVEST":-15596439936,"NETCASH_FINANCE":26063457552,"END_CASH":57836554512,"DIVI_RATIO":0.264834963747,"DIVIDEND_RATE":3.044140030441,"CURRENT_RATIO":1.194368761033,"COMMON_ACS":null,"CURRENTDEBT_DEBT":47.623348108352,"ISSUED_COMMON_SHARES":2516633171,"HK_COMMON_SHARES":2516633171,"PER_SHARES":1000,"TOTAL_MARKET_CAP":16534279933.47,"HKSK_MARKET_CAP":16534279933.47,"PE_TTM":-0.840032715376,"PB_TTM":0.091942975265,"REPORT_DATE_SQ":"2018-12-31 00:00:00","REPORT_TYPE_SQ":"2018年年报","OPERATE_INCOME_SQ":67525868376,"DPS_HKD":0.2,"OPERATE_INCOME_QOQ_SQ":38.72904622181,"NET_PROFIT_RATIO_SQ":28.1892719987,"HOLDER_PROFIT_SQ":15974713566,"HOLDER_PROFIT_QOQ_SQ":2.372234286064,"ROE_AVG_SQ":8.25244527332,"PE_TTM_SQ":31.454422805483,"PB_TTM_SQ":0.144539365524,"ROA_SQ":3.688304635225,"START_DATE":"2019-07-01 00:00:00","FISCAL_YEAR":"6-30","CURRENCY":"HKD","IS_CNY_CODE":0,"DPS_HKD_LY":0.51,"ORG_TYPE":"一般企业","PREMIUM_INCOME":null,"PREMIUM_INCOME_YOY":null,"NET_INTEREST_INCOME":null,"NET_INTEREST_INCOME_YOY":null,"FEE_COMMISSION_INCOME":null,"FEE_COMMISSION_INCOME_YOY":null,"ACCOUNTS_RECE_TDAYS":null,"INVENTORY_TDAYS":0.624485709332,"CURRENT_ASSETS_TDAYS":0.355001825912,"TOTAL_ASSETS_TDAYS":0.106948485193,"PREMIUM_EXPENSE":null,"LOAN_DEPOSIT":null,"LOAN_EQUITY":null,"LOAN_ASSETS":null,"DEPOSIT_EQUITY":null,"DEPOSIT_ASSETS":null,"EQUITY_MULTIPLIER":2.145509966037,"EQUITY_RATIO":1.50429929496}],"count":49},"success":true,"message":"ok","code":0}