{"version":"cfa6c1cb512444aa39b80e316255b3cf","result":{"pages":6,"data":[{"SECUCODE":"00014.HK","SECURITY_CODE":"00014","SECURITY_NAME_ABBR":"希慎兴业","ORG_CODE":"10007308","STD_REPORT_DATE":"2024-12-31 00:00:00","REPORT_DATE":"2024-12-31 00:00:00","DATE_TYPE_CODE":"001","REPORT_TYPE":"2024年年报","PER_NETCASH_OPERATE":null,"PER_OI":3.073851103917,"BPS":59.50503253176,"BASIC_EPS":0.0277812,"DILUTED_EPS":0.0277812,"OPERATE_INCOME":3156870360,"OPERATE_INCOME_YOY":6.199376947,"GROSS_PROFIT":2558648520,"GROSS_PROFIT_YOY":9.054838284749,"HOLDER_PROFIT":32411400,"HOLDER_PROFIT_YOY":104.0137614679,"GROSS_PROFIT_RATIO":81.050161337636,"EPS_TTM":0.031559046241,"OPERATE_INCOME_QOQ":6.334047472527,"NET_PROFIT_RATIO":7.9495453212,"ROE_AVG":0.052562417871,"GROSS_PROFIT_QOQ":7.126468901875,"ROA":0.030619163222,"HOLDER_PROFIT_QOQ":105.630051454467,"ROE_YEARLY":0.052562417871,"ROIC_YEARLY":0.035245839732,"TOTAL_ASSETS":105650977560,"TOTAL_LIABILITIES":33948626400,"TAX_EBT":52.204585537919,"OCF_SALES":null,"TOTAL_PARENT_EQUITY":61112157720,"DEBT_ASSET_RATIO":32.1328085968,"OPERATE_PROFIT":1018644000,"PRETAX_PROFIT":525064680,"NETCASH_OPERATE":null,"NETCASH_INVEST":null,"NETCASH_FINANCE":null,"END_CASH":null,"DIVI_RATIO":31.067535834224,"DIVIDEND_RATE":8.359133126935,"CURRENT_RATIO":0.597902097902,"COMMON_ACS":null,"CURRENTDEBT_DEBT":13.262411347518,"ISSUED_COMMON_SHARES":1027008223,"HK_COMMON_SHARES":1027008223,"PER_SHARES":1000,"TOTAL_MARKET_CAP":13268946241.16,"HKSK_MARKET_CAP":13268946241.16,"PE_TTM":379.112749747429,"PB_TTM":0.201065965196,"REPORT_DATE_SQ":"2023-12-31 00:00:00","REPORT_TYPE_SQ":"2023年年报","OPERATE_INCOME_SQ":2908966200,"DPS_HKD":1.08,"OPERATE_INCOME_QOQ_SQ":-4.822258082337,"NET_PROFIT_RATIO_SQ":-31.9626168224,"HOLDER_PROFIT_SQ":-790223840,"HOLDER_PROFIT_QOQ_SQ":14.017849277641,"ROE_AVG_SQ":-1.269453057897,"PE_TTM_SQ":-13.337255150328,"PB_TTM_SQ":0.201429830873,"ROA_SQ":-0.746284623713,"START_DATE":"2024-01-01 00:00:00","FISCAL_YEAR":"12-31","CURRENCY":"HKD","IS_CNY_CODE":0,"DPS_HKD_LY":1.08,"ORG_TYPE":"一般企业","PREMIUM_INCOME":null,"PREMIUM_INCOME_YOY":null,"NET_INTEREST_INCOME":null,"NET_INTEREST_INCOME_YOY":null,"FEE_COMMISSION_INCOME":null,"FEE_COMMISSION_INCOME_YOY":null,"ACCOUNTS_RECE_TDAYS":10.041237113402,"INVENTORY_TDAYS":null,"CURRENT_ASSETS_TDAYS":0.952367649113,"TOTAL_ASSETS_TDAYS":0.029823064978,"PREMIUM_EXPENSE":null,"LOAN_DEPOSIT":null,"LOAN_EQUITY":null,"LOAN_ASSETS":null,"DEPOSIT_EQUITY":null,"DEPOSIT_ASSETS":null,"EQUITY_MULTIPLIER":1.473466014026,"EQUITY_RATIO":0.555513463549},{"SECUCODE":"00014.HK","SECURITY_CODE":"00014","SECURITY_NAME_ABBR":"希慎兴业","ORG_CODE":"10007308","STD_REPORT_DATE":"2024-06-30 00:00:00","REPORT_DATE":"2024-06-30 00:00:00","DATE_TYPE_CODE":"002","REPORT_TYPE":"2024年中报","PER_NETCASH_OPERATE":0.950885862576,"PER_OI":1.504532490973,"BPS":59.345053286881,"BASIC_EPS":0.3833256,"DILUTED_EPS":0.3833256,"OPERATE_INCOME":1545167240,"OPERATE_INCOME_YOY":5.0900062073,"GROSS_PROFIT":1284140760,"GROSS_PROFIT_YOY":3.400713415704,"HOLDER_PROFIT":389714360,"HOLDER_PROFIT_YOY":124.7368421053,"GROSS_PROFIT_RATIO":83.106910809214,"EPS_TTM":-0.560546319988,"OPERATE_INCOME_QOQ":2.05768839803,"NET_PROFIT_RATIO":42.3508564678,"ROE_AVG":0.637498973582,"GROSS_PROFIT_QOQ":1.800086759735,"ROA":0.372621483767,"HOLDER_PROFIT_QOQ":27.149036657765,"ROE_YEARLY":1.274997947164,"ROIC_YEARLY":0.862534781665,"TOTAL_ASSETS":104648801480,"TOTAL_LIABILITIES":32980604480,"TAX_EBT":18.057142857143,"OCF_SALES":63.20141760189,"TOTAL_PARENT_EQUITY":60947857720,"DEBT_ASSET_RATIO":31.5155109409,"OPERATE_PROFIT":1066010240,"PRETAX_PROFIT":798595000,"NETCASH_OPERATE":976567600,"NETCASH_INVEST":-773952640,"NETCASH_FINANCE":-1003948000,"END_CASH":1557032080,"DIVI_RATIO":-1.749118253102,"DIVIDEND_RATE":8.970099667774,"CURRENT_RATIO":1.025309491059,"COMMON_ACS":null,"CURRENTDEBT_DEBT":10.059220721718,"ISSUED_COMMON_SHARES":1027008223,"HK_COMMON_SHARES":1027008223,"PER_SHARES":1000,"TOTAL_MARKET_CAP":12365179004.92,"HKSK_MARKET_CAP":12365179004.92,"PE_TTM":-19.472722842394,"PB_TTM":0.187371069733,"REPORT_DATE_SQ":"2023-06-30 00:00:00","REPORT_TYPE_SQ":"2023年中报","OPERATE_INCOME_SQ":1485309780,"DPS_HKD":1.08,"OPERATE_INCOME_QOQ_SQ":-1.111809367557,"NET_PROFIT_RATIO_SQ":20.6703910615,"HOLDER_PROFIT_SQ":175176200,"HOLDER_PROFIT_QOQ_SQ":11.074622845477,"ROE_AVG_SQ":0.273521007133,"PE_TTM_SQ":-13.594501911387,"PB_TTM_SQ":0.205314975978,"ROA_SQ":0.161683551252,"START_DATE":"2024-01-01 00:00:00","FISCAL_YEAR":"12-31","CURRENCY":"HKD","IS_CNY_CODE":0,"DPS_HKD_LY":1.08,"ORG_TYPE":"一般企业","PREMIUM_INCOME":null,"PREMIUM_INCOME_YOY":null,"NET_INTEREST_INCOME":null,"NET_INTEREST_INCOME_YOY":null,"FEE_COMMISSION_INCOME":null,"FEE_COMMISSION_INCOME_YOY":null,"ACCOUNTS_RECE_TDAYS":5.241486068111,"INVENTORY_TDAYS":null,"CURRENT_ASSETS_TDAYS":0.424363955383,"TOTAL_ASSETS_TDAYS":0.014773961874,"PREMIUM_EXPENSE":null,"LOAN_DEPOSIT":null,"LOAN_EQUITY":null,"LOAN_ASSETS":null,"DEPOSIT_EQUITY":null,"DEPOSIT_ASSETS":null,"EQUITY_MULTIPLIER":1.460184654568,"EQUITY_RATIO":0.541128198985},{"SECUCODE":"00014.HK","SECURITY_CODE":"00014","SECURITY_NAME_ABBR":"希慎兴业","ORG_CODE":"10007308","STD_REPORT_DATE":"2023-12-31 00:00:00","REPORT_DATE":"2023-12-31 00:00:00","DATE_TYPE_CODE":"001","REPORT_TYPE":"2023年年报","PER_NETCASH_OPERATE":1.947430892187,"PER_OI":2.832466318042,"BPS":59.280608155364,"BASIC_EPS":-0.770287,"DILUTED_EPS":-0.770287,"OPERATE_INCOME":2908966200,"OPERATE_INCOME_YOY":-7.225433526,"GROSS_PROFIT":2346203580,"GROSS_PROFIT_YOY":-9.210732785712,"HOLDER_PROFIT":-790223840,"HOLDER_PROFIT_YOY":24.6326707001,"GROSS_PROFIT_RATIO":80.654205607477,"EPS_TTM":-0.769442563655,"OPERATE_INCOME_QOQ":-4.822258082337,"NET_PROFIT_RATIO":-31.9626168224,"ROE_AVG":-1.269453057897,"GROSS_PROFIT_QOQ":-6.843142538518,"ROA":-0.746284623713,"HOLDER_PROFIT_QOQ":14.017849277641,"ROE_YEARLY":-1.269453057897,"ROIC_YEARLY":-0.888227924175,"TOTAL_ASSETS":103785751720,"TOTAL_LIABILITIES":31568173700,"TAX_EBT":-40.355677154583,"OCF_SALES":68.753894080997,"TOTAL_PARENT_EQUITY":60881672040,"DEBT_ASSET_RATIO":30.416673943,"OPERATE_PROFIT":-440422920,"PRETAX_PROFIT":-662446820,"NETCASH_OPERATE":2000027540,"NETCASH_INVEST":1937498360,"NETCASH_FINANCE":-3918495280,"END_CASH":2340766260,"DIVI_RATIO":-1.27424949738,"DIVIDEND_RATE":8.970099667774,"CURRENT_RATIO":2.353071389043,"COMMON_ACS":null,"CURRENTDEBT_DEBT":5.187311611885,"ISSUED_COMMON_SHARES":1027008223,"HK_COMMON_SHARES":1027008223,"PER_SHARES":1000,"TOTAL_MARKET_CAP":12365179004.92,"HKSK_MARKET_CAP":12365179004.92,"PE_TTM":-19.472722842394,"PB_TTM":0.187371069733,"REPORT_DATE_SQ":"2022-12-31 00:00:00","REPORT_TYPE_SQ":"2022年年报","OPERATE_INCOME_SQ":3090714200,"DPS_HKD":1.08,"OPERATE_INCOME_QOQ_SQ":4.999950892441,"NET_PROFIT_RATIO_SQ":-27.4277456647,"HOLDER_PROFIT_SQ":-1033513390,"HOLDER_PROFIT_QOQ_SQ":-235.761038079946,"ROE_AVG_SQ":-1.606163670438,"PE_TTM_SQ":-13.594501911387,"PB_TTM_SQ":0.205314975978,"ROA_SQ":-0.9782783316,"START_DATE":"2023-01-01 00:00:00","FISCAL_YEAR":"12-31","CURRENCY":"HKD","IS_CNY_CODE":0,"DPS_HKD_LY":1.44,"ORG_TYPE":"一般企业","PREMIUM_INCOME":null,"PREMIUM_INCOME_YOY":null,"NET_INTEREST_INCOME":null,"NET_INTEREST_INCOME_YOY":null,"FEE_COMMISSION_INCOME":null,"FEE_COMMISSION_INCOME_YOY":null,"ACCOUNTS_RECE_TDAYS":7.413394919169,"INVENTORY_TDAYS":null,"CURRENT_ASSETS_TDAYS":0.509523809524,"TOTAL_ASSETS_TDAYS":0.027472174795,"PREMIUM_EXPENSE":null,"LOAN_DEPOSIT":null,"LOAN_EQUITY":null,"LOAN_ASSETS":null,"DEPOSIT_EQUITY":null,"DEPOSIT_ASSETS":null,"EQUITY_MULTIPLIER":1.437125898783,"EQUITY_RATIO":0.518516864636},{"SECUCODE":"00014.HK","SECURITY_CODE":"00014","SECURITY_NAME_ABBR":"希慎兴业","ORG_CODE":"10007308","STD_REPORT_DATE":"2023-06-30 00:00:00","REPORT_DATE":"2023-06-30 00:00:00","DATE_TYPE_CODE":"002","REPORT_TYPE":"2023年中报","PER_NETCASH_OPERATE":0.94531369687,"PER_OI":1.446249160169,"BPS":61.700346697224,"BASIC_EPS":0.1751762,"DILUTED_EPS":0.1751762,"OPERATE_INCOME":1485309780,"OPERATE_INCOME_YOY":-9.3415869443,"GROSS_PROFIT":1241907060,"GROSS_PROFIT_YOY":-5.022879918576,"HOLDER_PROFIT":175176200,"HOLDER_PROFIT_YOY":167.6056338028,"GROSS_PROFIT_RATIO":83.612662942272,"EPS_TTM":-0.89488638885,"OPERATE_INCOME_QOQ":-1.111809367557,"NET_PROFIT_RATIO":20.6703910615,"ROE_AVG":0.273521007133,"GROSS_PROFIT_QOQ":-2.541509354985,"ROA":0.161683551252,"HOLDER_PROFIT_QOQ":11.074622845477,"ROE_YEARLY":0.547042014266,"ROIC_YEARLY":0.386559921874,"TOTAL_ASSETS":106822446760,"TOTAL_LIABILITIES":31398028900,"TAX_EBT":31.481481481482,"OCF_SALES":65.36312849162,"TOTAL_PARENT_EQUITY":63366763420,"DEBT_ASSET_RATIO":29.392725829,"OPERATE_PROFIT":510776920,"PRETAX_PROFIT":448082280,"NETCASH_OPERATE":970844940,"NETCASH_INVEST":683187180,"NETCASH_FINANCE":-3399340260,"END_CASH":614038680,"DIVI_RATIO":-1.095627123416,"DIVIDEND_RATE":8.970099667774,"CURRENT_RATIO":1.880539499037,"COMMON_ACS":null,"CURRENTDEBT_DEBT":7.620026427837,"ISSUED_COMMON_SHARES":1027008223,"HK_COMMON_SHARES":1027008223,"PER_SHARES":1000,"TOTAL_MARKET_CAP":12365179004.92,"HKSK_MARKET_CAP":12365179004.92,"PE_TTM":-19.472722842394,"PB_TTM":0.187371069733,"REPORT_DATE_SQ":"2022-06-30 00:00:00","REPORT_TYPE_SQ":"2022年中报","OPERATE_INCOME_SQ":1519672630,"DPS_HKD":1.08,"OPERATE_INCOME_QOQ_SQ":-0.215671320202,"NET_PROFIT_RATIO_SQ":18.851997749,"HOLDER_PROFIT_SQ":60718490,"HOLDER_PROFIT_QOQ_SQ":-32.674762421237,"ROE_AVG_SQ":0.097103976476,"PE_TTM_SQ":-13.594501911387,"PB_TTM_SQ":0.205314975978,"ROA_SQ":0.059528301096,"START_DATE":"2023-01-01 00:00:00","FISCAL_YEAR":"12-31","CURRENCY":"HKD","IS_CNY_CODE":0,"DPS_HKD_LY":1.44,"ORG_TYPE":"一般企业","PREMIUM_INCOME":null,"PREMIUM_INCOME_YOY":null,"NET_INTEREST_INCOME":null,"NET_INTEREST_INCOME_YOY":null,"FEE_COMMISSION_INCOME":null,"FEE_COMMISSION_INCOME_YOY":null,"ACCOUNTS_RECE_TDAYS":3.26443768997,"INVENTORY_TDAYS":null,"CURRENT_ASSETS_TDAYS":0.243574236468,"TOTAL_ASSETS_TDAYS":0.013709063214,"PREMIUM_EXPENSE":null,"LOAN_DEPOSIT":null,"LOAN_EQUITY":null,"LOAN_ASSETS":null,"DEPOSIT_EQUITY":null,"DEPOSIT_ASSETS":null,"EQUITY_MULTIPLIER":1.416284670016,"EQUITY_RATIO":0.495496806297},{"SECUCODE":"00014.HK","SECURITY_CODE":"00014","SECURITY_NAME_ABBR":"希慎兴业","ORG_CODE":"10007308","STD_REPORT_DATE":"2022-12-31 00:00:00","REPORT_DATE":"2022-12-31 00:00:00","DATE_TYPE_CODE":"001","REPORT_TYPE":"2022年年报","PER_NETCASH_OPERATE":2.083120273128,"PER_OI":3.009434716084,"BPS":61.058473141359,"BASIC_EPS":-1.0004624,"DILUTED_EPS":-1.0004624,"OPERATE_INCOME":3090714200,"OPERATE_INCOME_YOY":-4.1019955654,"GROSS_PROFIT":2584230110,"GROSS_PROFIT_YOY":1.664558154188,"HOLDER_PROFIT":-1033513390,"HOLDER_PROFIT_YOY":-183.6587129429,"GROSS_PROFIT_RATIO":83.612716763006,"EPS_TTM":-1.006334094367,"OPERATE_INCOME_QOQ":4.999950892441,"NET_PROFIT_RATIO":-27.4277456647,"ROE_AVG":-1.606163670438,"GROSS_PROFIT_QOQ":3.168536232264,"ROA":-0.9782783316,"HOLDER_PROFIT_QOQ":-235.761038079946,"ROE_YEARLY":-1.606163670438,"ROIC_YEARLY":-1.135460317772,"TOTAL_ASSETS":106446519550,"TOTAL_LIABILITIES":31937975580,"TAX_EBT":-56.342668863262,"OCF_SALES":69.219653179191,"TOTAL_PARENT_EQUITY":62707554000,"DEBT_ASSET_RATIO":30.0037762766,"OPERATE_PROFIT":-362667620,"PRETAX_PROFIT":-542214890,"NETCASH_OPERATE":2139381650,"NETCASH_INVEST":-7696414320,"NETCASH_FINANCE":1940182440,"END_CASH":2286771200,"DIVI_RATIO":-0.974290551705,"DIVIDEND_RATE":8.970099667774,"CURRENT_RATIO":1.702631042219,"COMMON_ACS":null,"CURRENTDEBT_DEBT":13.713150976115,"ISSUED_COMMON_SHARES":1027008223,"HK_COMMON_SHARES":1027008223,"PER_SHARES":1000,"TOTAL_MARKET_CAP":12365179004.92,"HKSK_MARKET_CAP":12365179004.92,"PE_TTM":-19.472722842394,"PB_TTM":0.187371069733,"REPORT_DATE_SQ":"2021-12-31 00:00:00","REPORT_TYPE_SQ":"2021年年报","OPERATE_INCOME_SQ":2949900800,"DPS_HKD":1.08,"OPERATE_INCOME_QOQ_SQ":3.90653524624,"NET_PROFIT_RATIO_SQ":52.743902439,"HOLDER_PROFIT_SQ":1130740800,"HOLDER_PROFIT_QOQ_SQ":65.018236724895,"ROE_AVG_SQ":1.638004548039,"PE_TTM_SQ":-13.594501911387,"PB_TTM_SQ":0.205314975978,"ROA_SQ":1.217815504914,"START_DATE":"2022-01-01 00:00:00","FISCAL_YEAR":"12-31","CURRENCY":"HKD","IS_CNY_CODE":0,"DPS_HKD_LY":1.44,"ORG_TYPE":"一般企业","PREMIUM_INCOME":null,"PREMIUM_INCOME_YOY":null,"NET_INTEREST_INCOME":null,"NET_INTEREST_INCOME_YOY":null,"FEE_COMMISSION_INCOME":null,"FEE_COMMISSION_INCOME_YOY":null,"ACCOUNTS_RECE_TDAYS":4.775707384403,"INVENTORY_TDAYS":null,"CURRENT_ASSETS_TDAYS":0.387696789736,"TOTAL_ASSETS_TDAYS":0.029255341636,"PREMIUM_EXPENSE":null,"LOAN_DEPOSIT":null,"LOAN_EQUITY":null,"LOAN_ASSETS":null,"DEPOSIT_EQUITY":null,"DEPOSIT_ASSETS":null,"EQUITY_MULTIPLIER":1.428648499599,"EQUITY_RATIO":0.509316239316},{"SECUCODE":"00014.HK","SECURITY_CODE":"00014","SECURITY_NAME_ABBR":"希慎兴业","ORG_CODE":"10007308","STD_REPORT_DATE":"2022-06-30 00:00:00","REPORT_DATE":"2022-06-30 00:00:00","DATE_TYPE_CODE":"002","REPORT_TYPE":"2022年中报","PER_NETCASH_OPERATE":1.020618035335,"PER_OI":1.476904111393,"BPS":60.258353306291,"BASIC_EPS":0.0598633,"DILUTED_EPS":0.0598633,"OPERATE_INCOME":1519672630,"OPERATE_INCOME_YOY":-3.1079607415,"GROSS_PROFIT":1307585510,"GROSS_PROFIT_YOY":-2.755810828595,"HOLDER_PROFIT":60718490,"HOLDER_PROFIT_YOY":-86.2669245648,"GROSS_PROFIT_RATIO":86.043894203714,"EPS_TTM":0.739849211546,"OPERATE_INCOME_QOQ":-0.215671320202,"NET_PROFIT_RATIO":18.851997749,"ROE_AVG":0.097103976476,"GROSS_PROFIT_QOQ":-1.457787551323,"ROA":0.059528301096,"HOLDER_PROFIT_QOQ":-32.674762421237,"ROE_YEARLY":0.194207952952,"ROIC_YEARLY":0.137532264391,"TOTAL_ASSETS":103622517110,"TOTAL_LIABILITIES":30121502180,"TAX_EBT":35.203094777563,"OCF_SALES":69.105233539674,"TOTAL_PARENT_EQUITY":61885824350,"DEBT_ASSET_RATIO":29.0684911157,"OPERATE_PROFIT":470354500,"PRETAX_PROFIT":442133230,"NETCASH_OPERATE":1050173320,"NETCASH_INVEST":-8653667610,"NETCASH_FINANCE":2553597340,"END_CASH":566990970,"DIVI_RATIO":1.325218415725,"DIVIDEND_RATE":8.970099667774,"CURRENT_RATIO":1.776396000975,"COMMON_ACS":null,"CURRENTDEBT_DEBT":11.643291124865,"ISSUED_COMMON_SHARES":1027008223,"HK_COMMON_SHARES":1027008223,"PER_SHARES":1000,"TOTAL_MARKET_CAP":12365179004.92,"HKSK_MARKET_CAP":12365179004.92,"PE_TTM":-19.472722842394,"PB_TTM":0.187371069733,"REPORT_DATE_SQ":"2021-06-30 00:00:00","REPORT_TYPE_SQ":"2021年中报","OPERATE_INCOME_SQ":1526034720,"DPS_HKD":1.08,"OPERATE_INCOME_QOQ_SQ":-9.078985951059,"NET_PROFIT_RATIO_SQ":42.5845147219,"HOLDER_PROFIT_SQ":430185360,"HOLDER_PROFIT_QOQ_SQ":131.965080907437,"ROE_AVG_SQ":0.614963720709,"PE_TTM_SQ":-13.594501911387,"PB_TTM_SQ":0.205314975978,"ROA_SQ":0.457358203476,"START_DATE":"2022-01-01 00:00:00","FISCAL_YEAR":"12-31","CURRENCY":"HKD","IS_CNY_CODE":0,"DPS_HKD_LY":1.44,"ORG_TYPE":"一般企业","PREMIUM_INCOME":null,"PREMIUM_INCOME_YOY":null,"NET_INTEREST_INCOME":null,"NET_INTEREST_INCOME_YOY":null,"FEE_COMMISSION_INCOME":null,"FEE_COMMISSION_INCOME_YOY":null,"ACCOUNTS_RECE_TDAYS":2.502816901408,"INVENTORY_TDAYS":null,"CURRENT_ASSETS_TDAYS":0.211724055761,"TOTAL_ASSETS_TDAYS":0.014898843809,"PREMIUM_EXPENSE":null,"LOAN_DEPOSIT":null,"LOAN_EQUITY":null,"LOAN_ASSETS":null,"DEPOSIT_EQUITY":null,"DEPOSIT_ASSETS":null,"EQUITY_MULTIPLIER":1.40981069729,"EQUITY_RATIO":0.486727008913},{"SECUCODE":"00014.HK","SECURITY_CODE":"00014","SECURITY_NAME_ABBR":"希慎兴业","ORG_CODE":"10007308","STD_REPORT_DATE":"2021-12-31 00:00:00","REPORT_DATE":"2021-12-31 00:00:00","DATE_TYPE_CODE":"001","REPORT_TYPE":"2021年年报","PER_NETCASH_OPERATE":1.957323185817,"PER_OI":2.852189844276,"BPS":58.80781735474,"BASIC_EPS":1.087408,"DILUTED_EPS":1.087408,"OPERATE_INCOME":2949900800,"OPERATE_INCOME_YOY":-2.7493261456,"GROSS_PROFIT":2541918400,"GROSS_PROFIT_YOY":-6.205069605305,"HOLDER_PROFIT":1130740800,"HOLDER_PROFIT_YOY":154.2991755006,"GROSS_PROFIT_RATIO":86.169623059867,"EPS_TTM":1.093286739089,"OPERATE_INCOME_QOQ":3.90653524624,"NET_PROFIT_RATIO":52.743902439,"ROE_AVG":1.638004548039,"GROSS_PROFIT_QOQ":3.953704682173,"ROA":1.217815504914,"HOLDER_PROFIT_QOQ":65.018236724895,"ROE_YEARLY":1.638004548039,"ROIC_YEARLY":1.476625435754,"TOTAL_ASSETS":95964164800,"TOTAL_LIABILITIES":24109388800,"TAX_EBT":15.833701901813,"OCF_SALES":68.625277161863,"TOTAL_PARENT_EQUITY":60396112000,"DEBT_ASSET_RATIO":25.1233247851,"OPERATE_PROFIT":1797902400,"PRETAX_PROFIT":1848593600,"NETCASH_OPERATE":2024377600,"NETCASH_INVEST":-12302427200,"NETCASH_FINANCE":3859072000,"END_CASH":5345468800,"DIVI_RATIO":0.896802060196,"DIVIDEND_RATE":8.970099667774,"CURRENT_RATIO":4.905007743934,"COMMON_ACS":null,"CURRENTDEBT_DEBT":6.56877373847,"ISSUED_COMMON_SHARES":1027008223,"HK_COMMON_SHARES":1027008223,"PER_SHARES":1000,"TOTAL_MARKET_CAP":12365179004.92,"HKSK_MARKET_CAP":12365179004.92,"PE_TTM":-19.472722842394,"PB_TTM":0.187371069733,"REPORT_DATE_SQ":"2020-12-31 00:00:00","REPORT_TYPE_SQ":"2020年年报","OPERATE_INCOME_SQ":3122484400,"DPS_HKD":1.08,"OPERATE_INCOME_QOQ_SQ":-11.966426621337,"NET_PROFIT_RATIO_SQ":-63.2884097035,"HOLDER_PROFIT_SQ":-2143657080,"HOLDER_PROFIT_QOQ_SQ":-323.034728813463,"ROE_AVG_SQ":-3.144696796657,"PE_TTM_SQ":-13.594501911387,"PB_TTM_SQ":0.205314975978,"ROA_SQ":-2.463273339201,"START_DATE":"2021-01-01 00:00:00","FISCAL_YEAR":"12-31","CURRENCY":"HKD","IS_CNY_CODE":0,"DPS_HKD_LY":1.44,"ORG_TYPE":"一般企业","PREMIUM_INCOME":null,"PREMIUM_INCOME_YOY":null,"NET_INTEREST_INCOME":null,"NET_INTEREST_INCOME_YOY":null,"FEE_COMMISSION_INCOME":null,"FEE_COMMISSION_INCOME_YOY":null,"ACCOUNTS_RECE_TDAYS":5.329394387001,"INVENTORY_TDAYS":null,"CURRENT_ASSETS_TDAYS":0.206744405925,"TOTAL_ASSETS_TDAYS":0.031770631538,"PREMIUM_EXPENSE":null,"LOAN_DEPOSIT":null,"LOAN_EQUITY":null,"LOAN_ASSETS":null,"DEPOSIT_EQUITY":null,"DEPOSIT_ASSETS":null,"EQUITY_MULTIPLIER":1.335529384992,"EQUITY_RATIO":0.399187762285},{"SECUCODE":"00014.HK","SECURITY_CODE":"00014","SECURITY_NAME_ABBR":"希慎兴业","ORG_CODE":"10007308","STD_REPORT_DATE":"2021-06-30 00:00:00","REPORT_DATE":"2021-06-30 00:00:00","DATE_TYPE_CODE":"002","REPORT_TYPE":"2021年中报","PER_NETCASH_OPERATE":1.026741993632,"PER_OI":1.467688866969,"BPS":59.262742319834,"BASIC_EPS":0.41604,"DILUTED_EPS":0.41604,"OPERATE_INCOME":1526034720,"OPERATE_INCOME_YOY":-7.4204946996,"GROSS_PROFIT":1344641280,"GROSS_PROFIT_YOY":-16.454991014248,"HOLDER_PROFIT":430185360,"HOLDER_PROFIT_YOY":119.6877380046,"GROSS_PROFIT_RATIO":88.113413304253,"EPS_TTM":0.659023203515,"OPERATE_INCOME_QOQ":-9.078985951059,"NET_PROFIT_RATIO":42.5845147219,"ROE_AVG":0.614963720709,"GROSS_PROFIT_QOQ":-9.772402357893,"ROA":0.457358203476,"HOLDER_PROFIT_QOQ":131.965080907437,"ROE_YEARLY":1.229927441418,"ROIC_YEARLY":1.124640392428,"TOTAL_ASSETS":96792538080,"TOTAL_LIABILITIES":24493106880,"TAX_EBT":17.179215270414,"OCF_SALES":69.956379498364,"TOTAL_PARENT_EQUITY":69730800240,"DEBT_ASSET_RATIO":25.3047470041,"OPERATE_PROFIT":837072480,"PRETAX_PROFIT":784651440,"NETCASH_OPERATE":1067558640,"NETCASH_INVEST":-12546934320,"NETCASH_FINANCE":4429161840,"END_CASH":4922585280,"DIVI_RATIO":1.48775004396,"DIVIDEND_RATE":8.970099667774,"CURRENT_RATIO":6.327548806941,"COMMON_ACS":null,"CURRENTDEBT_DEBT":6.264438103003,"ISSUED_COMMON_SHARES":1027008223,"HK_COMMON_SHARES":1027008223,"PER_SHARES":1000,"TOTAL_MARKET_CAP":12365179004.92,"HKSK_MARKET_CAP":12365179004.92,"PE_TTM":-19.472722842394,"PB_TTM":0.187371069733,"REPORT_DATE_SQ":"2020-06-30 00:00:00","REPORT_TYPE_SQ":"2020年中报","OPERATE_INCOME_SQ":1809524640,"DPS_HKD":1.08,"OPERATE_INCOME_QOQ_SQ":-0.712303469161,"NET_PROFIT_RATIO_SQ":-134.174659263,"HOLDER_PROFIT_SQ":-2398693440,"HOLDER_PROFIT_QOQ_SQ":-111.675732797893,"ROE_AVG_SQ":-3.323230341878,"PE_TTM_SQ":-13.594501911387,"PB_TTM_SQ":0.205314975978,"ROA_SQ":-2.586886279455,"START_DATE":"2021-01-01 00:00:00","FISCAL_YEAR":"12-31","CURRENCY":"HKD","IS_CNY_CODE":0,"DPS_HKD_LY":1.44,"ORG_TYPE":"一般企业","PREMIUM_INCOME":null,"PREMIUM_INCOME_YOY":null,"NET_INTEREST_INCOME":null,"NET_INTEREST_INCOME_YOY":null,"FEE_COMMISSION_INCOME":null,"FEE_COMMISSION_INCOME_YOY":null,"ACCOUNTS_RECE_TDAYS":3.94833153929,"INVENTORY_TDAYS":null,"CURRENT_ASSETS_TDAYS":0.098947936337,"TOTAL_ASSETS_TDAYS":0.016224273601,"PREMIUM_EXPENSE":null,"LOAN_DEPOSIT":null,"LOAN_EQUITY":null,"LOAN_ASSETS":null,"DEPOSIT_EQUITY":null,"DEPOSIT_ASSETS":null,"EQUITY_MULTIPLIER":1.338773161468,"EQUITY_RATIO":0.351252341802},{"SECUCODE":"00014.HK","SECURITY_CODE":"00014","SECURITY_NAME_ABBR":"希慎兴业","ORG_CODE":"10007308","STD_REPORT_DATE":"2020-12-31 00:00:00","REPORT_DATE":"2020-12-31 00:00:00","DATE_TYPE_CODE":"001","REPORT_TYPE":"2020年年报","PER_NETCASH_OPERATE":1.651384176798,"PER_OI":3.003252596039,"BPS":60.381245068181,"BASIC_EPS":-2.0536016,"DILUTED_EPS":-2.0536016,"OPERATE_INCOME":3122484400,"OPERATE_INCOME_YOY":-6.9709127382,"GROSS_PROFIT":2710080800,"GROSS_PROFIT_YOY":-12.358441759633,"HOLDER_PROFIT":-2143657080,"HOLDER_PROFIT_YOY":-152.5696594427,"GROSS_PROFIT_RATIO":86.792452830189,"EPS_TTM":-2.061801714855,"OPERATE_INCOME_QOQ":-11.966426621337,"NET_PROFIT_RATIO":-63.2884097035,"ROE_AVG":-3.144696796657,"GROSS_PROFIT_QOQ":-11.898868794397,"ROA":-2.463273339201,"HOLDER_PROFIT_QOQ":-323.034728813463,"ROE_YEARLY":-3.144696796657,"ROIC_YEARLY":-3.066882604743,"TOTAL_ASSETS":92374198200,"TOTAL_LIABILITIES":18773621840,"TAX_EBT":-17.694235588972,"OCF_SALES":54.986522911051,"TOTAL_PARENT_EQUITY":70981392680,"DEBT_ASSET_RATIO":20.3234476789,"OPERATE_PROFIT":-1408905360,"PRETAX_PROFIT":-1679071800,"NETCASH_OPERATE":1716945600,"NETCASH_INVEST":-4875620520,"NETCASH_FINANCE":12241653800,"END_CASH":12110357960,"DIVI_RATIO":-0.475536416977,"DIVIDEND_RATE":8.970099667774,"CURRENT_RATIO":16.367268041237,"COMMON_ACS":null,"CURRENTDEBT_DEBT":6.957769210078,"ISSUED_COMMON_SHARES":1027008223,"HK_COMMON_SHARES":1027008223,"PER_SHARES":1000,"TOTAL_MARKET_CAP":12365179004.92,"HKSK_MARKET_CAP":12365179004.92,"PE_TTM":-19.472722842394,"PB_TTM":0.187371069733,"REPORT_DATE_SQ":"2019-12-31 00:00:00","REPORT_TYPE_SQ":"2019年年报","OPERATE_INCOME_SQ":3572370640,"DPS_HKD":1.08,"OPERATE_INCOME_QOQ_SQ":-1.625026701959,"NET_PROFIT_RATIO_SQ":127.5325977934,"HOLDER_PROFIT_SQ":4340054100,"HOLDER_PROFIT_QOQ_SQ":-16.440171654546,"ROE_AVG_SQ":6.371604605441,"PE_TTM_SQ":-13.594501911387,"PB_TTM_SQ":0.205314975978,"ROA_SQ":5.263844072879,"START_DATE":"2020-01-01 00:00:00","FISCAL_YEAR":"12-31","CURRENCY":"HKD","IS_CNY_CODE":0,"DPS_HKD_LY":1.44,"ORG_TYPE":"一般企业","PREMIUM_INCOME":null,"PREMIUM_INCOME_YOY":null,"NET_INTEREST_INCOME":null,"NET_INTEREST_INCOME_YOY":null,"FEE_COMMISSION_INCOME":null,"FEE_COMMISSION_INCOME_YOY":null,"ACCOUNTS_RECE_TDAYS":9.500640204866,"INVENTORY_TDAYS":null,"CURRENT_ASSETS_TDAYS":0.21170965533,"TOTAL_ASSETS_TDAYS":0.035880424375,"PREMIUM_EXPENSE":null,"LOAN_DEPOSIT":null,"LOAN_EQUITY":null,"LOAN_ASSETS":null,"DEPOSIT_EQUITY":null,"DEPOSIT_ASSETS":null,"EQUITY_MULTIPLIER":1.255074386213,"EQUITY_RATIO":0.264486524301}],"count":49},"success":true,"message":"ok","code":0}