{"version":"83cd0dffaf517b59aacaa03ec289c366","result":{"pages":2,"data":[{"SECUCODE":"00013.HK","SECURITY_CODE":"00013","SECURITY_NAME_ABBR":"和黄医药","ORG_CODE":"10519884","STD_REPORT_DATE":"2024-06-30 00:00:00","REPORT_DATE":"2024-06-30 00:00:00","DATE_TYPE_CODE":"002","REPORT_TYPE":"2024年中报","PER_NETCASH_OPERATE":-0.325783589813,"PER_OI":2.500146955152,"BPS":6.051427288764,"BASIC_EPS":0.213804,"DILUTED_EPS":0.213804,"OPERATE_INCOME":2178527350.8,"OPERATE_INCOME_YOY":-42.6354072445,"GROSS_PROFIT":894741232.8,"GROSS_PROFIT_YOY":-61.846893800783,"HOLDER_PROFIT":183878566.8,"HOLDER_PROFIT_YOY":-84.6924669685,"GROSS_PROFIT_RATIO":41.070920338523,"EPS_TTM":-0.367520710046,"OPERATE_INCOME_QOQ":-28.169003439286,"NET_PROFIT_RATIO":8.5595768137,"ROE_AVG":3.508848278793,"GROSS_PROFIT_QOQ":-45.150182431955,"ROA":2.031062239805,"HOLDER_PROFIT_QOQ":-144.864837191672,"ROE_YEARLY":7.017696557586,"ROIC_YEARLY":5.08815427948,"TOTAL_ASSETS":8985954062.4,"TOTAL_LIABILITIES":3626472180,"TAX_EBT":-60.681244743482,"OCF_SALES":-13.030577628312,"TOTAL_PARENT_EQUITY":5274430651.2,"DEBT_ASSET_RATIO":40.357119064,"OPERATE_PROFIT":-33895060.8,"PRETAX_PROFIT":-33895060.8,"NETCASH_OPERATE":-283874697.6,"NETCASH_INVEST":-38734158,"NETCASH_FINANCE":-232062861.6,"END_CASH":1453532240.4,"DIVI_RATIO":null,"DIVIDEND_RATE":null,"CURRENT_RATIO":2.808180279034,"COMMON_ACS":1500000000,"CURRENTDEBT_DEBT":73.359143165963,"ISSUED_COMMON_SHARES":871601095,"HK_COMMON_SHARES":127085435,"PER_SHARES":500,"TOTAL_MARKET_CAP":20003245130.25,"HKSK_MARKET_CAP":2916610733.25,"PE_TTM":-60.278670631032,"PB_TTM":3.461333171744,"REPORT_DATE_SQ":"2023-06-30 00:00:00","REPORT_TYPE_SQ":"2023年中报","OPERATE_INCOME_SQ":3850440949.2,"DPS_HKD":null,"OPERATE_INCOME_QOQ_SQ":83.993854450296,"NET_PROFIT_RATIO_SQ":31.8026400237,"HOLDER_PROFIT_SQ":1217915815.8,"HOLDER_PROFIT_QOQ_SQ":91.956841874755,"ROE_AVG_SQ":24.210036440521,"PE_TTM_SQ":-93.732703730229,"PB_TTM_SQ":3.276604309471,"ROA_SQ":14.486910288267,"START_DATE":"2024-01-01 00:00:00","FISCAL_YEAR":"12-31","CURRENCY":"HKD","IS_CNY_CODE":0,"DPS_HKD_LY":null,"ORG_TYPE":"一般企业","PREMIUM_INCOME":null,"PREMIUM_INCOME_YOY":null,"NET_INTEREST_INCOME":null,"NET_INTEREST_INCOME_YOY":null,"FEE_COMMISSION_INCOME":null,"FEE_COMMISSION_INCOME_YOY":null,"ACCOUNTS_RECE_TDAYS":2.232796464702,"INVENTORY_TDAYS":3.725684857134,"CURRENT_ASSETS_TDAYS":0.285004095382,"TOTAL_ASSETS_TDAYS":0.24063297412,"PREMIUM_EXPENSE":null,"LOAN_DEPOSIT":null,"LOAN_EQUITY":null,"LOAN_ASSETS":null,"DEPOSIT_EQUITY":null,"DEPOSIT_ASSETS":null,"EQUITY_MULTIPLIER":1.676646037728,"EQUITY_RATIO":0.687557088114},{"SECUCODE":"00013.HK","SECURITY_CODE":"00013","SECURITY_NAME_ABBR":"和黄医药","ORG_CODE":"10519884","STD_REPORT_DATE":"2023-12-31 00:00:00","REPORT_DATE":"2023-12-31 00:00:00","DATE_TYPE_CODE":"001","REPORT_TYPE":"2023年年报","PER_NETCASH_OPERATE":1.782413154513,"PER_OI":6.812341812243,"BPS":5.936434419808,"BASIC_EPS":0.849924,"DILUTED_EPS":0.849924,"OPERATE_INCOME":5935295517.3,"OPERATE_INCOME_YOY":96.5246981185,"GROSS_PROFIT":3212372750.4,"GROSS_PROFIT_YOY":300.016447086449,"HOLDER_PROFIT":713794506,"HOLDER_PROFIT_YOY":127.9296631424,"GROSS_PROFIT_RATIO":54.123214944171,"EPS_TTM":0.819270438077,"OPERATE_INCOME_QOQ":8.621673304301,"NET_PROFIT_RATIO":12.0637375462,"ROE_AVG":15.031605449442,"GROSS_PROFIT_QOQ":18.373007141931,"ROA":8.728495967033,"HOLDER_PROFIT_QOQ":453.135809620176,"ROE_YEARLY":15.031605449442,"ROIC_YEARLY":12.047803887862,"TOTAL_ASSETS":9064248227.1,"TOTAL_LIABILITIES":3799061122.2,"TAX_EBT":7.733072648693,"OCF_SALES":26.16447036333,"TOTAL_PARENT_EQUITY":5174202740.7,"DEBT_ASSET_RATIO":41.9125891857,"OPERATE_PROFIT":162349649.4,"PRETAX_PROFIT":412978071.6,"NETCASH_OPERATE":1552938636.6,"NETCASH_INVEST":-2062028947.2,"NETCASH_FINANCE":344644182,"END_CASH":2008575810.3,"DIVI_RATIO":null,"DIVIDEND_RATE":null,"CURRENT_RATIO":2.721502529607,"COMMON_ACS":1500000000,"CURRENTDEBT_DEBT":75.137494267188,"ISSUED_COMMON_SHARES":871601095,"HK_COMMON_SHARES":127085435,"PER_SHARES":500,"TOTAL_MARKET_CAP":22312988032,"HKSK_MARKET_CAP":3253387136,"PE_TTM":-67.238952860759,"PB_TTM":3.861007808132,"REPORT_DATE_SQ":"2022-12-31 00:00:00","REPORT_TYPE_SQ":"2022年年报","OPERATE_INCOME_SQ":2969768121.4,"DPS_HKD":null,"OPERATE_INCOME_QOQ_SQ":13.783815116882,"NET_PROFIT_RATIO_SQ":-84.5165087979,"HOLDER_PROFIT_SQ":-2513071441,"HOLDER_PROFIT_QOQ_SQ":-50.254096013308,"ROE_AVG_SQ":-45.181748744725,"PE_TTM_SQ":-122.593066099377,"PB_TTM_SQ":4.285472974817,"ROA_SQ":-30.043220407426,"START_DATE":"2023-01-01 00:00:00","FISCAL_YEAR":"12-31","CURRENCY":"HKD","IS_CNY_CODE":0,"DPS_HKD_LY":null,"ORG_TYPE":"一般企业","PREMIUM_INCOME":null,"PREMIUM_INCOME_YOY":null,"NET_INTEREST_INCOME":null,"NET_INTEREST_INCOME_YOY":null,"FEE_COMMISSION_INCOME":null,"FEE_COMMISSION_INCOME_YOY":null,"ACCOUNTS_RECE_TDAYS":7.799620256699,"INVENTORY_TDAYS":7.189419156973,"CURRENT_ASSETS_TDAYS":0.865376483108,"TOTAL_ASSETS_TDAYS":0.72578595871,"PREMIUM_EXPENSE":null,"LOAN_DEPOSIT":null,"LOAN_EQUITY":null,"LOAN_ASSETS":null,"DEPOSIT_EQUITY":null,"DEPOSIT_ASSETS":null,"EQUITY_MULTIPLIER":1.7215434222,"EQUITY_RATIO":0.734231206736},{"SECUCODE":"00013.HK","SECURITY_CODE":"00013","SECURITY_NAME_ABBR":"和黄医药","ORG_CODE":"10519884","STD_REPORT_DATE":"2023-06-30 00:00:00","REPORT_DATE":"2023-06-30 00:00:00","DATE_TYPE_CODE":"002","REPORT_TYPE":"2023年中报","PER_NETCASH_OPERATE":1.888727323757,"PER_OI":4.445407896184,"BPS":6.483306914845,"BASIC_EPS":1.44516,"DILUTED_EPS":1.372902,"OPERATE_INCOME":3850440949.2,"OPERATE_INCOME_YOY":163.7376452014,"GROSS_PROFIT":2345133390,"GROSS_PROFIT_YOY":439.828151687049,"HOLDER_PROFIT":1217915815.8,"HOLDER_PROFIT_YOY":203.4937769018,"GROSS_PROFIT_RATIO":60.905579930715,"EPS_TTM":-0.23336331789,"OPERATE_INCOME_QOQ":83.993854450296,"NET_PROFIT_RATIO":31.8026400237,"ROE_AVG":24.210036440521,"GROSS_PROFIT_QOQ":237.928770033544,"ROA":14.486910288267,"HOLDER_PROFIT_QOQ":91.956841874755,"ROE_YEARLY":48.420072881042,"ROIC_YEARLY":38.610068681075,"TOTAL_ASSETS":9375453822.6,"TOTAL_LIABILITIES":3594690984,"TAX_EBT":1.991421568627,"OCF_SALES":42.487154561866,"TOTAL_PARENT_EQUITY":5650857406.2,"DEBT_ASSET_RATIO":38.3415144698,"OPERATE_PROFIT":990570470.4,"PRETAX_PROFIT":990570470.4,"NETCASH_OPERATE":1635942797.4,"NETCASH_INVEST":-2283042090.6,"NETCASH_FINANCE":42126414,"END_CASH":1611324496.8,"DIVI_RATIO":null,"DIVIDEND_RATE":null,"CURRENT_RATIO":3.199188530289,"COMMON_ACS":1500000000,"CURRENTDEBT_DEBT":68.51793036906,"ISSUED_COMMON_SHARES":871601095,"HK_COMMON_SHARES":127085435,"PER_SHARES":500,"TOTAL_MARKET_CAP":22312988032,"HKSK_MARKET_CAP":3253387136,"PE_TTM":-67.238952860759,"PB_TTM":3.861007808132,"REPORT_DATE_SQ":"2022-06-30 00:00:00","REPORT_TYPE_SQ":"2022年中报","OPERATE_INCOME_SQ":1356018235.8,"DPS_HKD":null,"OPERATE_INCOME_QOQ_SQ":14.949756395677,"NET_PROFIT_RATIO_SQ":-80.6109469579,"HOLDER_PROFIT_SQ":-1093025315.4,"HOLDER_PROFIT_QOQ_SQ":-34.772317181586,"ROE_AVG_SQ":-18.231174938613,"PE_TTM_SQ":-122.593066099377,"PB_TTM_SQ":4.285472974817,"ROA_SQ":-12.688849292207,"START_DATE":"2023-01-01 00:00:00","FISCAL_YEAR":"12-31","CURRENCY":"HKD","IS_CNY_CODE":0,"DPS_HKD_LY":null,"ORG_TYPE":"一般企业","PREMIUM_INCOME":null,"PREMIUM_INCOME_YOY":null,"NET_INTEREST_INCOME":null,"NET_INTEREST_INCOME_YOY":null,"FEE_COMMISSION_INCOME":null,"FEE_COMMISSION_INCOME_YOY":null,"ACCOUNTS_RECE_TDAYS":4.690978075716,"INVENTORY_TDAYS":3.768353457242,"CURRENT_ASSETS_TDAYS":0.552094336172,"TOTAL_ASSETS_TDAYS":0.458003680367,"PREMIUM_EXPENSE":null,"LOAN_DEPOSIT":null,"LOAN_EQUITY":null,"LOAN_ASSETS":null,"DEPOSIT_EQUITY":null,"DEPOSIT_ASSETS":null,"EQUITY_MULTIPLIER":1.621836785969,"EQUITY_RATIO":0.636131957613},{"SECUCODE":"00013.HK","SECURITY_CODE":"00013","SECURITY_NAME_ABBR":"和黄医药","ORG_CODE":"10519884","STD_REPORT_DATE":"2022-12-31 00:00:00","REPORT_DATE":"2022-12-31 00:00:00","DATE_TYPE_CODE":"001","REPORT_TYPE":"2022年年报","PER_NETCASH_OPERATE":-2.163202983332,"PER_OI":3.434149869954,"BPS":4.877187548967,"BASIC_EPS":-2.994778,"DILUTED_EPS":-2.994778,"OPERATE_INCOME":2969768121.4,"OPERATE_INCOME_YOY":19.7347582892,"GROSS_PROFIT":803060167.6,"GROSS_PROFIT_YOY":28.666099927324,"HOLDER_PROFIT":-2513071441,"HOLDER_PROFIT_YOY":-85.3782211993,"GROSS_PROFIT_RATIO":27.041174084037,"EPS_TTM":-2.906039666904,"OPERATE_INCOME_QOQ":13.783815116882,"NET_PROFIT_RATIO":-84.5165087979,"ROE_AVG":-45.181748744725,"GROSS_PROFIT_QOQ":-4.19133617008,"ROA":-30.043220407426,"HOLDER_PROFIT_QOQ":-50.254096013308,"ROE_YEARLY":-45.181748744725,"ROIC_YEARLY":-44.215586443012,"TOTAL_ASSETS":7169672647,"TOTAL_LIABILITIES":2734127845,"TAX_EBT":0.068953418676,"OCF_SALES":-62.99093124207,"TOTAL_PARENT_EQUITY":4250962008.2,"DEBT_ASSET_RATIO":38.1346259392,"OPERATE_PROFIT":-2920737337.4,"PRETAX_PROFIT":-2858425061.2,"NETCASH_OPERATE":-1870684595.4,"NETCASH_INVEST":2065616784.8,"NETCASH_FINANCE":-576411189.8,"END_CASH":2181855958.8,"DIVI_RATIO":null,"DIVIDEND_RATE":null,"CURRENT_RATIO":2.373215259549,"COMMON_ACS":1500000000,"CURRENTDEBT_DEBT":90.149143475769,"ISSUED_COMMON_SHARES":871601095,"HK_COMMON_SHARES":127085435,"PER_SHARES":500,"TOTAL_MARKET_CAP":22312988032,"HKSK_MARKET_CAP":3253387136,"PE_TTM":-67.238952860759,"PB_TTM":3.861007808132,"REPORT_DATE_SQ":"2021-12-31 00:00:00","REPORT_TYPE_SQ":"2021年年报","OPERATE_INCOME_SQ":2270565289.6,"DPS_HKD":null,"OPERATE_INCOME_QOQ_SQ":29.876312809643,"NET_PROFIT_RATIO_SQ":-46.904764579,"HOLDER_PROFIT_SQ":-1241017253.6,"HOLDER_PROFIT_QOQ_SQ":-9.818523521953,"ROE_AVG_SQ":-26.464555961248,"PE_TTM_SQ":-122.593066099377,"PB_TTM_SQ":4.285472974817,"ROA_SQ":-18.566382055524,"START_DATE":"2022-01-01 00:00:00","FISCAL_YEAR":"12-31","CURRENCY":"HKD","IS_CNY_CODE":0,"DPS_HKD_LY":null,"ORG_TYPE":"一般企业","PREMIUM_INCOME":null,"PREMIUM_INCOME_YOY":null,"NET_INTEREST_INCOME":null,"NET_INTEREST_INCOME_YOY":null,"FEE_COMMISSION_INCOME":null,"FEE_COMMISSION_INCOME_YOY":null,"ACCOUNTS_RECE_TDAYS":4.696962019739,"INVENTORY_TDAYS":6.730553301963,"CURRENT_ASSETS_TDAYS":0.415610605254,"TOTAL_ASSETS_TDAYS":0.355029295127,"PREMIUM_EXPENSE":null,"LOAN_DEPOSIT":null,"LOAN_EQUITY":null,"LOAN_ASSETS":null,"DEPOSIT_EQUITY":null,"DEPOSIT_ASSETS":null,"EQUITY_MULTIPLIER":1.616413082732,"EQUITY_RATIO":0.643178612212},{"SECUCODE":"00013.HK","SECURITY_CODE":"00013","SECURITY_NAME_ABBR":"和黄医药","ORG_CODE":"10519884","STD_REPORT_DATE":"2022-06-30 00:00:00","REPORT_DATE":"2022-06-30 00:00:00","DATE_TYPE_CODE":"002","REPORT_TYPE":"2022年中报","PER_NETCASH_OPERATE":-0.697544406714,"PER_OI":1.568421134704,"BPS":6.15797126689,"BASIC_EPS":-1.275166,"DILUTED_EPS":-1.275166,"OPERATE_INCOME":1356018235.8,"OPERATE_INCOME_YOY":28.3963091471,"GROSS_PROFIT":434422210.6,"GROSS_PROFIT_YOY":97.130065493529,"HOLDER_PROFIT":-1093025315.4,"HOLDER_PROFIT_YOY":-59.0486049396,"GROSS_PROFIT_RATIO":32.036605344301,"EPS_TTM":-1.934530898487,"OPERATE_INCOME_QOQ":14.949756395677,"NET_PROFIT_RATIO":-80.6109469579,"ROE_AVG":-18.231174938613,"GROSS_PROFIT_QOQ":34.294848486493,"ROA":-12.688849292207,"HOLDER_PROFIT_QOQ":-34.772317181586,"ROE_YEARLY":-36.462349877226,"ROIC_YEARLY":-40.282016908153,"TOTAL_ASSETS":8015646496.2,"TOTAL_LIABILITIES":2298547117.6,"TAX_EBT":2.100819394326,"OCF_SALES":-44.474305483378,"TOTAL_PARENT_EQUITY":5367294499.2,"DEBT_ASSET_RATIO":28.6757545844,"OPERATE_PROFIT":-1346548450.4,"PRETAX_PROFIT":-1346548450.4,"NETCASH_OPERATE":-603079692.6,"NETCASH_INVEST":1742990848.4,"NETCASH_FINANCE":-500925473.2,"END_CASH":3137592922.8,"DIVI_RATIO":null,"DIVIDEND_RATE":null,"CURRENT_RATIO":3.17606942235,"COMMON_ACS":1500000000,"CURRENTDEBT_DEBT":93.976944908375,"ISSUED_COMMON_SHARES":871601095,"HK_COMMON_SHARES":127085435,"PER_SHARES":500,"TOTAL_MARKET_CAP":22312988032,"HKSK_MARKET_CAP":3253387136,"PE_TTM":-67.238952860759,"PB_TTM":3.861007808132,"REPORT_DATE_SQ":"2021-06-30 00:00:00","REPORT_TYPE_SQ":"2021年中报","OPERATE_INCOME_SQ":1016574256.2,"DPS_HKD":null,"OPERATE_INCOME_QOQ_SQ":5.43891704645,"NET_PROFIT_RATIO_SQ":-63.1283283131,"HOLDER_PROFIT_SQ":-661494859.7,"HOLDER_PROFIT_QOQ_SQ":-15.740192659373,"ROE_AVG_SQ":-13.941893007813,"PE_TTM_SQ":-122.593066099377,"PB_TTM_SQ":4.285472974817,"ROA_SQ":-10.255046677353,"START_DATE":"2022-01-01 00:00:00","FISCAL_YEAR":"12-31","CURRENCY":"HKD","IS_CNY_CODE":0,"DPS_HKD_LY":null,"ORG_TYPE":"一般企业","PREMIUM_INCOME":null,"PREMIUM_INCOME_YOY":null,"NET_INTEREST_INCOME":null,"NET_INTEREST_INCOME_YOY":null,"FEE_COMMISSION_INCOME":null,"FEE_COMMISSION_INCOME_YOY":null,"ACCOUNTS_RECE_TDAYS":2.515243560856,"INVENTORY_TDAYS":3.362340842311,"CURRENT_ASSETS_TDAYS":0.180858277242,"TOTAL_ASSETS_TDAYS":0.157419144727,"PREMIUM_EXPENSE":null,"LOAN_DEPOSIT":null,"LOAN_EQUITY":null,"LOAN_ASSETS":null,"DEPOSIT_EQUITY":null,"DEPOSIT_ASSETS":null,"EQUITY_MULTIPLIER":1.402047780769,"EQUITY_RATIO":0.428250605206},{"SECUCODE":"00013.HK","SECURITY_CODE":"00013","SECURITY_NAME_ABBR":"和黄医药","ORG_CODE":"10519884","STD_REPORT_DATE":"2021-12-31 00:00:00","REPORT_DATE":"2021-12-31 00:00:00","DATE_TYPE_CODE":"001","REPORT_TYPE":"2021年年报","PER_NETCASH_OPERATE":-1.506093832395,"PER_OI":2.626355426877,"BPS":7.21905208265,"BASIC_EPS":-1.593925,"DILUTED_EPS":-1.593925,"OPERATE_INCOME":2270565289.6,"OPERATE_INCOME_YOY":56.2129346949,"GROSS_PROFIT":624142775.8,"GROSS_PROFIT_YOY":142.42981281359,"HOLDER_PROFIT":-1241017253.6,"HOLDER_PROFIT_YOY":-54.8142845781,"GROSS_PROFIT_RATIO":27.488431125887,"EPS_TTM":-1.435480588807,"OPERATE_INCOME_QOQ":29.876312809643,"NET_PROFIT_RATIO":-46.904764579,"ROE_AVG":-26.464555961248,"GROSS_PROFIT_QOQ":99.005113284098,"ROA":-18.566382055524,"HOLDER_PROFIT_QOQ":-9.818523521953,"ROE_YEARLY":-26.464555961248,"ROIC_YEARLY":-27.883476954173,"TOTAL_ASSETS":8751674737.7,"TOTAL_LIABILITIES":2124045327.9,"TAX_EBT":-5.524242143321,"OCF_SALES":-57.345392667805,"TOTAL_PARENT_EQUITY":6292133700.1,"DEBT_ASSET_RATIO":24.2701584732,"OPERATE_PROFIT":-1384955056.8,"PRETAX_PROFIT":-1375493518,"NETCASH_OPERATE":-1302064581.1,"NETCASH_INVEST":-1953004424,"NETCASH_FINANCE":4144383519.6,"END_CASH":2407094529.4,"DIVI_RATIO":null,"DIVIDEND_RATE":null,"CURRENT_RATIO":3.889122050453,"COMMON_ACS":1500000000,"CURRENTDEBT_DEBT":93.549694279102,"ISSUED_COMMON_SHARES":871601095,"HK_COMMON_SHARES":127085435,"PER_SHARES":500,"TOTAL_MARKET_CAP":22312988032,"HKSK_MARKET_CAP":3253387136,"PE_TTM":-67.238952860759,"PB_TTM":3.861007808132,"REPORT_DATE_SQ":"2020-12-31 00:00:00","REPORT_TYPE_SQ":"2020年年报","OPERATE_INCOME_SQ":1487520602.4,"DPS_HKD":null,"OPERATE_INCOME_QOQ_SQ":3.05250135207,"NET_PROFIT_RATIO_SQ":-50.6706846335,"HOLDER_PROFIT_SQ":-820375677,"HOLDER_PROFIT_QOQ_SQ":-13.923727628274,"ROE_AVG_SQ":-32.567139127191,"PE_TTM_SQ":-122.593066099377,"PB_TTM_SQ":4.285472974817,"ROA_SQ":-21.144596549057,"START_DATE":"2021-01-01 00:00:00","FISCAL_YEAR":"12-31","CURRENCY":"HKD","IS_CNY_CODE":0,"DPS_HKD_LY":null,"ORG_TYPE":"一般企业","PREMIUM_INCOME":null,"PREMIUM_INCOME_YOY":null,"NET_INTEREST_INCOME":null,"NET_INTEREST_INCOME_YOY":null,"FEE_COMMISSION_INCOME":null,"FEE_COMMISSION_INCOME_YOY":null,"ACCOUNTS_RECE_TDAYS":5.418455686573,"INVENTORY_TDAYS":9.302209974604,"CURRENT_ASSETS_TDAYS":0.408681122964,"TOTAL_ASSETS_TDAYS":0.339690544402,"PREMIUM_EXPENSE":null,"LOAN_DEPOSIT":null,"LOAN_EQUITY":null,"LOAN_ASSETS":null,"DEPOSIT_EQUITY":null,"DEPOSIT_ASSETS":null,"EQUITY_MULTIPLIER":1.320483418213,"EQUITY_RATIO":0.33757155031},{"SECUCODE":"00013.HK","SECURITY_CODE":"00013","SECURITY_NAME_ABBR":"和黄医药","ORG_CODE":"10519884","STD_REPORT_DATE":"2021-06-30 00:00:00","REPORT_DATE":"2021-06-30 00:00:00","DATE_TYPE_CODE":"002","REPORT_TYPE":"2021年中报","PER_NETCASH_OPERATE":-0.542980988589,"PER_OI":1.198061867473,"BPS":7.299066299934,"BASIC_EPS":-0.904414,"DILUTED_EPS":-0.904414,"OPERATE_INCOME":1016574256.2,"OPERATE_INCOME_YOY":47.3909989229,"GROSS_PROFIT":220373391.3,"GROSS_PROFIT_YOY":34.214562773404,"HOLDER_PROFIT":-661494859.7,"HOLDER_PROFIT_YOY":-106.0550569485,"GROSS_PROFIT_RATIO":21.678041712739,"EPS_TTM":-1.331810262288,"OPERATE_INCOME_QOQ":5.43891704645,"NET_PROFIT_RATIO":-63.1283283131,"ROE_AVG":-13.941893007813,"GROSS_PROFIT_QOQ":6.747512356774,"ROA":-10.255046677353,"HOLDER_PROFIT_QOQ":-15.740192659373,"ROE_YEARLY":-27.883786015627,"ROIC_YEARLY":-36.893072708325,"TOTAL_ASSETS":8222990228.9,"TOTAL_LIABILITIES":1674419159.4,"TAX_EBT":-1.323630978234,"OCF_SALES":-45.321615129447,"TOTAL_PARENT_EQUITY":6361874179.5,"DEBT_ASSET_RATIO":20.3626553454,"OPERATE_PROFIT":-907301664.7,"PRETAX_PROFIT":-907301664.7,"NETCASH_OPERATE":-460727871.9,"NETCASH_INVEST":-1007052068.8,"NETCASH_FINANCE":3736076093.1,"END_CASH":3794927604.1,"DIVI_RATIO":null,"DIVIDEND_RATE":null,"CURRENT_RATIO":4.404957309812,"COMMON_ACS":1500000000,"CURRENTDEBT_DEBT":95.571270939914,"ISSUED_COMMON_SHARES":871601095,"HK_COMMON_SHARES":127085435,"PER_SHARES":500,"TOTAL_MARKET_CAP":22312988032,"HKSK_MARKET_CAP":3253387136,"PE_TTM":-67.238952860759,"PB_TTM":3.861007808132,"REPORT_DATE_SQ":"2020-06-30 00:00:00","REPORT_TYPE_SQ":"2020年中报","OPERATE_INCOME_SQ":755842817.5,"DPS_HKD":null,"OPERATE_INCOME_QOQ_SQ":0,"NET_PROFIT_RATIO_SQ":-45.1889664216,"HOLDER_PROFIT_SQ":-351808673,"HOLDER_PROFIT_QOQ_SQ":0,"ROE_AVG_SQ":null,"PE_TTM_SQ":-122.593066099377,"PB_TTM_SQ":4.285472974817,"ROA_SQ":null,"START_DATE":"2021-01-01 00:00:00","FISCAL_YEAR":"12-31","CURRENCY":"HKD","IS_CNY_CODE":0,"DPS_HKD_LY":null,"ORG_TYPE":"一般企业","PREMIUM_INCOME":null,"PREMIUM_INCOME_YOY":null,"NET_INTEREST_INCOME":null,"NET_INTEREST_INCOME_YOY":null,"FEE_COMMISSION_INCOME":null,"FEE_COMMISSION_INCOME_YOY":null,"ACCOUNTS_RECE_TDAYS":null,"INVENTORY_TDAYS":5.444942678536,"CURRENT_ASSETS_TDAYS":0.19404481372,"TOTAL_ASSETS_TDAYS":0.157597845175,"PREMIUM_EXPENSE":null,"LOAN_DEPOSIT":null,"LOAN_EQUITY":null,"LOAN_ASSETS":null,"DEPOSIT_EQUITY":null,"DEPOSIT_ASSETS":null,"EQUITY_MULTIPLIER":1.255692294033,"EQUITY_RATIO":0.263195893562},{"SECUCODE":"00013.HK","SECURITY_CODE":"00013","SECURITY_NAME_ABBR":"和黄医药","ORG_CODE":"10519884","STD_REPORT_DATE":"2021-03-31 00:00:00","REPORT_DATE":"2021-03-31 00:00:00","DATE_TYPE_CODE":"003","REPORT_TYPE":"2021年一季报","PER_NETCASH_OPERATE":-0.201763421963,"PER_OI":0.736044804153,"BPS":3.228882155431,"BASIC_EPS":-0.394278,"DILUTED_EPS":-0.394278,"OPERATE_INCOME":535928942.8,"OPERATE_INCOME_YOY":58.1462090363,"GROSS_PROFIT":109188720.8,"GROSS_PROFIT_YOY":49.912787327513,"HOLDER_PROFIT":-270362995.9,"HOLDER_PROFIT_YOY":-154.8974660802,"GROSS_PROFIT_RATIO":20.373730933346,"EPS_TTM":-1.340957635829,"OPERATE_INCOME_QOQ":11.465409993302,"NET_PROFIT_RATIO":-48.8658099956,"ROE_AVG":-9.018760679405,"GROSS_PROFIT_QOQ":14.120595107831,"ROA":-5.806094261008,"HOLDER_PROFIT_QOQ":-19.015970508838,"ROE_YEARLY":-36.075042717619,"ROIC_YEARLY":-43.052654297169,"TOTAL_ASSETS":4554679742.1,"TOTAL_LIABILITIES":1503000878.6,"TAX_EBT":-3.08232788084,"OCF_SALES":-27.411839717495,"TOTAL_PARENT_EQUITY":2814297222.3,"DEBT_ASSET_RATIO":32.9990463371,"OPERATE_PROFIT":null,"PRETAX_PROFIT":-413380769.1,"NETCASH_OPERATE":-146907982.8,"NETCASH_INVEST":1051644566.8,"NETCASH_FINANCE":-175762561.1,"END_CASH":2274543782.9,"DIVI_RATIO":null,"DIVIDEND_RATE":null,"CURRENT_RATIO":2.632310426226,"COMMON_ACS":1500000000,"CURRENTDEBT_DEBT":82.42101765462,"ISSUED_COMMON_SHARES":871601095,"HK_COMMON_SHARES":127085435,"PER_SHARES":500,"TOTAL_MARKET_CAP":22312988032,"HKSK_MARKET_CAP":3253387136,"PE_TTM":-67.238952860759,"PB_TTM":3.861007808132,"REPORT_DATE_SQ":"2020-03-31 00:00:00","REPORT_TYPE_SQ":"2020年一季报","OPERATE_INCOME_SQ":365378607,"DPS_HKD":null,"OPERATE_INCOME_QOQ_SQ":0.986836205007,"NET_PROFIT_RATIO_SQ":-29.9127399651,"HOLDER_PROFIT_SQ":-114360599.1,"HOLDER_PROFIT_QOQ_SQ":2.641139763523,"ROE_AVG_SQ":null,"PE_TTM_SQ":-122.593066099377,"PB_TTM_SQ":4.285472974817,"ROA_SQ":null,"START_DATE":"2021-01-01 00:00:00","FISCAL_YEAR":"12-31","CURRENCY":"HKD","IS_CNY_CODE":0,"DPS_HKD_LY":null,"ORG_TYPE":"一般企业","PREMIUM_INCOME":null,"PREMIUM_INCOME_YOY":null,"NET_INTEREST_INCOME":null,"NET_INTEREST_INCOME_YOY":null,"FEE_COMMISSION_INCOME":null,"FEE_COMMISSION_INCOME_YOY":null,"ACCOUNTS_RECE_TDAYS":null,"INVENTORY_TDAYS":3.286187789388,"CURRENT_ASSETS_TDAYS":0.158828398103,"TOTAL_ASSETS_TDAYS":0.115091710267,"PREMIUM_EXPENSE":null,"LOAN_DEPOSIT":null,"LOAN_EQUITY":null,"LOAN_ASSETS":null,"DEPOSIT_EQUITY":null,"DEPOSIT_ASSETS":null,"EQUITY_MULTIPLIER":1.492516069295,"EQUITY_RATIO":0.534059042055},{"SECUCODE":"00013.HK","SECURITY_CODE":"00013","SECURITY_NAME_ABBR":"和黄医药","ORG_CODE":"10519884","STD_REPORT_DATE":"2020-12-31 00:00:00","REPORT_DATE":"2020-12-31 00:00:00","DATE_TYPE_CODE":"001","REPORT_TYPE":"2020年年报","PER_NETCASH_OPERATE":-0.556497613643,"PER_OI":2.044083716814,"BPS":3.624144699359,"BASIC_EPS":-1.174482,"DILUTED_EPS":-1.174482,"OPERATE_INCOME":1487520602.4,"OPERATE_INCOME_YOY":11.2675093953,"GROSS_PROFIT":257452979.3,"GROSS_PROFIT_YOY":-17.509785308905,"HOLDER_PROFIT":-820375677,"HOLDER_PROFIT_YOY":-18.5863578058,"GROSS_PROFIT_RATIO":17.307523598975,"EPS_TTM":-1.127323252075,"OPERATE_INCOME_QOQ":3.05250135207,"NET_PROFIT_RATIO":-50.6706846335,"ROE_AVG":-32.567139127191,"GROSS_PROFIT_QOQ":-16.800372269574,"ROA":-21.144596549057,"HOLDER_PROFIT_QOQ":-13.923727628274,"ROE_YEARLY":-32.567139127191,"ROIC_YEARLY":-32.541809612426,"TOTAL_ASSETS":4724797538.2,"TOTAL_LIABILITIES":1338707208.1,"TAX_EBT":-2.545142146373,"OCF_SALES":-27.224795592519,"TOTAL_PARENT_EQUITY":3158808488.4,"DEBT_ASSET_RATIO":28.3336417545,"OPERATE_PROFIT":-1283239033.2,"PRETAX_PROFIT":-1237995376.6,"NETCASH_OPERATE":-404974443.4,"NETCASH_INVEST":-818489980.9,"NETCASH_FINANCE":1934202206.6,"END_CASH":1537462187,"DIVI_RATIO":null,"DIVIDEND_RATE":null,"CURRENT_RATIO":3.35069477326,"COMMON_ACS":1500000000,"CURRENTDEBT_DEBT":77.203183716838,"ISSUED_COMMON_SHARES":871601095,"HK_COMMON_SHARES":127085435,"PER_SHARES":500,"TOTAL_MARKET_CAP":22312988032,"HKSK_MARKET_CAP":3253387136,"PE_TTM":-67.238952860759,"PB_TTM":3.861007808132,"REPORT_DATE_SQ":"2019-12-31 00:00:00","REPORT_TYPE_SQ":"2019年年报","OPERATE_INCOME_SQ":1429353618,"DPS_HKD":null,"OPERATE_INCOME_QOQ_SQ":-4.176072360361,"NET_PROFIT_RATIO_SQ":-50.6022743911,"HOLDER_PROFIT_SQ":-739644628.8,"HOLDER_PROFIT_QOQ_SQ":-28.961767872535,"ROE_AVG_SQ":-31.321343322383,"PE_TTM_SQ":-122.593066099377,"PB_TTM_SQ":4.285472974817,"ROA_SQ":-21.26348722474,"START_DATE":"2020-01-01 00:00:00","FISCAL_YEAR":"12-31","CURRENCY":"HKD","IS_CNY_CODE":0,"DPS_HKD_LY":null,"ORG_TYPE":"一般企业","PREMIUM_INCOME":null,"PREMIUM_INCOME_YOY":null,"NET_INTEREST_INCOME":null,"NET_INTEREST_INCOME_YOY":null,"FEE_COMMISSION_INCOME":null,"FEE_COMMISSION_INCOME_YOY":null,"ACCOUNTS_RECE_TDAYS":4.762398161688,"INVENTORY_TDAYS":10.48084727859,"CURRENT_ASSETS_TDAYS":0.537830192908,"TOTAL_ASSETS_TDAYS":0.383397800276,"PREMIUM_EXPENSE":null,"LOAN_DEPOSIT":null,"LOAN_EQUITY":null,"LOAN_ASSETS":null,"DEPOSIT_EQUITY":null,"DEPOSIT_ASSETS":null,"EQUITY_MULTIPLIER":1.39535484219,"EQUITY_RATIO":0.423801320345}],"count":17},"success":true,"message":"ok","code":0}