{"version":"dc7dab1206d428ad9af5be268afa5b6c","result":{"pages":6,"data":[{"SECUCODE":"00018.HK","SECURITY_CODE":"00018","SECURITY_NAME_ABBR":"东方企控集团","ORG_CODE":"10007312","STD_REPORT_DATE":"2024-06-30 00:00:00","REPORT_DATE":"2024-09-30 00:00:00","DATE_TYPE_CODE":"002","REPORT_TYPE":"2024年中报","PER_NETCASH_OPERATE":0.037088981843,"PER_OI":0.10536675048,"BPS":0.633132785595,"BASIC_EPS":0.009468795,"DILUTED_EPS":0.009468795,"OPERATE_INCOME":252660816.83,"OPERATE_INCOME_YOY":-10.2241376548,"GROSS_PROFIT":221222613.85,"GROSS_PROFIT_YOY":-9.822545458102,"HOLDER_PROFIT":22633125.42,"HOLDER_PROFIT_YOY":-18.3645589383,"GROSS_PROFIT_RATIO":87.557151372168,"EPS_TTM":0.028390579534,"OPERATE_INCOME_QOQ":0,"NET_PROFIT_RATIO":9.0524918177,"ROE_AVG":1.448683930275,"GROSS_PROFIT_QOQ":0,"ROA":1.312036568484,"HOLDER_PROFIT_QOQ":0,"ROE_YEARLY":2.89736786055,"ROIC_YEARLY":3.722330572261,"TOTAL_ASSETS":1685478876.23,"TOTAL_LIABILITIES":154621815.19,"TAX_EBT":16.130418967627,"OCF_SALES":35.199891497161,"TOTAL_PARENT_EQUITY":1518200438.39,"DEBT_ASSET_RATIO":9.1737616751,"OPERATE_PROFIT":27545175.55,"PRETAX_PROFIT":27271031.39,"NETCASH_OPERATE":88936333.38,"NETCASH_INVEST":12357228.37,"NETCASH_FINANCE":-130527789.97,"END_CASH":487663683.67,"DIVI_RATIO":1.275578047154,"DIVIDEND_RATE":11.267605633803,"CURRENT_RATIO":12.945617788297,"COMMON_ACS":null,"CURRENTDEBT_DEBT":51.252471407492,"ISSUED_COMMON_SHARES":2397917898,"HK_COMMON_SHARES":2397917898,"PER_SHARES":2000,"TOTAL_MARKET_CAP":851260853.79,"HKSK_MARKET_CAP":851260853.79,"PE_TTM":12.257175720518,"PB_TTM":0.505637138502,"REPORT_DATE_SQ":"2023-06-30 00:00:00","REPORT_TYPE_SQ":"2023年中报","OPERATE_INCOME_SQ":286378558.55,"DPS_HKD":0.04,"OPERATE_INCOME_QOQ_SQ":0,"NET_PROFIT_RATIO_SQ":10.1860070173,"HOLDER_PROFIT_SQ":28211616.72,"HOLDER_PROFIT_QOQ_SQ":0,"ROE_AVG_SQ":1.782288249646,"PE_TTM_SQ":8.410534459056,"PB_TTM_SQ":0.546849691125,"ROA_SQ":1.601007347324,"START_DATE":"2024-04-01 00:00:00","FISCAL_YEAR":"3-31","CURRENCY":"HKD","IS_CNY_CODE":0,"DPS_HKD_LY":0.04,"ORG_TYPE":"一般企业","PREMIUM_INCOME":null,"PREMIUM_INCOME_YOY":null,"NET_INTEREST_INCOME":null,"NET_INTEREST_INCOME_YOY":null,"FEE_COMMISSION_INCOME":null,"FEE_COMMISSION_INCOME_YOY":null,"ACCOUNTS_RECE_TDAYS":6.844687114466,"INVENTORY_TDAYS":0.5603877159,"CURRENT_ASSETS_TDAYS":0.237994700318,"TOTAL_ASSETS_TDAYS":0.146466837855,"PREMIUM_EXPENSE":null,"LOAN_DEPOSIT":null,"LOAN_EQUITY":null,"LOAN_ASSETS":null,"DEPOSIT_EQUITY":null,"DEPOSIT_ASSETS":null,"EQUITY_MULTIPLIER":1.101003430774,"EQUITY_RATIO":0.101845455501},{"SECUCODE":"00018.HK","SECURITY_CODE":"00018","SECURITY_NAME_ABBR":"东方企控集团","ORG_CODE":"10007312","STD_REPORT_DATE":"2023-12-31 00:00:00","REPORT_DATE":"2024-03-31 00:00:00","DATE_TYPE_CODE":"001","REPORT_TYPE":"2023年年报","PER_NETCASH_OPERATE":-0.042793422675,"PER_OI":0.237796433429,"BPS":0.673469868045,"BASIC_EPS":0.028375015,"DILUTED_EPS":0.028375015,"OPERATE_INCOME":570216323.8,"OPERATE_INCOME_YOY":-7.1133327919,"GROSS_PROFIT":489342998.3,"GROSS_PROFIT_YOY":-4.671182159601,"HOLDER_PROFIT":68078278.8,"HOLDER_PROFIT_YOY":-54.9146274105,"GROSS_PROFIT_RATIO":85.817079917837,"EPS_TTM":0.040629574699,"OPERATE_INCOME_QOQ":0,"NET_PROFIT_RATIO":12.1682808794,"ROE_AVG":4.292080489655,"GROSS_PROFIT_QOQ":0,"ROA":3.902157160866,"HOLDER_PROFIT_QOQ":0,"ROE_YEARLY":4.292080489655,"ROIC_YEARLY":5.781502978287,"TOTAL_ASSETS":1773910750.05,"TOTAL_LIABILITIES":147161168.05,"TAX_EBT":18.07283081073,"OCF_SALES":-17.995821913017,"TOTAL_PARENT_EQUITY":1614925450.35,"DEBT_ASSET_RATIO":8.2958608851,"OPERATE_PROFIT":85963603.75,"PRETAX_PROFIT":84691714.1,"NETCASH_OPERATE":-102615114.15,"NETCASH_INVEST":16027804,"NETCASH_FINANCE":-1178515,"END_CASH":508517437.35,"DIVI_RATIO":0.891331013624,"DIVIDEND_RATE":11.594202898551,"CURRENT_RATIO":15.400189837373,"COMMON_ACS":null,"CURRENTDEBT_DEBT":48.675237631752,"ISSUED_COMMON_SHARES":2397917898,"HK_COMMON_SHARES":2397917898,"PER_SHARES":2000,"TOTAL_MARKET_CAP":827281674.81,"HKSK_MARKET_CAP":827281674.81,"PE_TTM":11.911903165011,"PB_TTM":0.491393838825,"REPORT_DATE_SQ":"2022-12-31 00:00:00","REPORT_TYPE_SQ":"2022年年报","OPERATE_INCOME_SQ":592797012.65,"DPS_HKD":0.04,"OPERATE_INCOME_QOQ_SQ":0,"NET_PROFIT_RATIO_SQ":25.2409678586,"HOLDER_PROFIT_SQ":145811791.24,"HOLDER_PROFIT_QOQ_SQ":0,"ROE_AVG_SQ":9.322573676004,"PE_TTM_SQ":9.688083997141,"PB_TTM_SQ":0.629915466993,"ROA_SQ":8.433481474355,"START_DATE":"2023-04-01 00:00:00","FISCAL_YEAR":"3-31","CURRENCY":"HKD","IS_CNY_CODE":0,"DPS_HKD_LY":null,"ORG_TYPE":"一般企业","PREMIUM_INCOME":null,"PREMIUM_INCOME_YOY":null,"NET_INTEREST_INCOME":null,"NET_INTEREST_INCOME_YOY":null,"FEE_COMMISSION_INCOME":null,"FEE_COMMISSION_INCOME_YOY":null,"ACCOUNTS_RECE_TDAYS":12.109700335955,"INVENTORY_TDAYS":1.301120121346,"CURRENT_ASSETS_TDAYS":0.538371633712,"TOTAL_ASSETS_TDAYS":0.32684047693,"PREMIUM_EXPENSE":null,"LOAN_DEPOSIT":null,"LOAN_EQUITY":null,"LOAN_ASSETS":null,"DEPOSIT_EQUITY":null,"DEPOSIT_ASSETS":null,"EQUITY_MULTIPLIER":1.090463320033,"EQUITY_RATIO":0.091125672716},{"SECUCODE":"00018.HK","SECURITY_CODE":"00018","SECURITY_NAME_ABBR":"东方企控集团","ORG_CODE":"10007312","STD_REPORT_DATE":"2023-06-30 00:00:00","REPORT_DATE":"2023-09-30 00:00:00","DATE_TYPE_CODE":"002","REPORT_TYPE":"2023年中报","PER_NETCASH_OPERATE":0.025235689012,"PER_OI":0.119428008269,"BPS":0.662821714782,"BASIC_EPS":0.011745664,"DILUTED_EPS":0.011745664,"OPERATE_INCOME":286378558.55,"OPERATE_INCOME_YOY":-9.3906146114,"GROSS_PROFIT":245319204.2,"GROSS_PROFIT_YOY":-10.329247518079,"HOLDER_PROFIT":28211616.72,"HOLDER_PROFIT_YOY":-63.6981934113,"GROSS_PROFIT_RATIO":85.66255987952,"EPS_TTM":0.060807666251,"OPERATE_INCOME_QOQ":0,"NET_PROFIT_RATIO":10.1860070173,"ROE_AVG":1.782288249646,"GROSS_PROFIT_QOQ":0,"ROA":1.601007347324,"HOLDER_PROFIT_QOQ":0,"ROE_YEARLY":3.564576499291,"ROIC_YEARLY":4.695048620417,"TOTAL_ASSETS":1787914880.15,"TOTAL_LIABILITIES":187077228.1,"TAX_EBT":8.541918407273,"OCF_SALES":21.130461252543,"TOTAL_PARENT_EQUITY":1589392053.06,"DEBT_ASSET_RATIO":10.4634303443,"OPERATE_PROFIT":32654781.18,"PRETAX_PROFIT":31894983.54,"NETCASH_OPERATE":-148336724.76,"NETCASH_INVEST":8408243.69,"NETCASH_FINANCE":26871876.92,"END_CASH":487879094.99,"DIVI_RATIO":0.595556485431,"DIVIDEND_RATE":11.594202898551,"CURRENT_RATIO":9.383158862199,"COMMON_ACS":null,"CURRENTDEBT_DEBT":62.97542551626,"ISSUED_COMMON_SHARES":2397917898,"HK_COMMON_SHARES":2397917898,"PER_SHARES":2000,"TOTAL_MARKET_CAP":827281674.81,"HKSK_MARKET_CAP":827281674.81,"PE_TTM":11.911903165011,"PB_TTM":0.491393838825,"REPORT_DATE_SQ":"2022-06-30 00:00:00","REPORT_TYPE_SQ":"2022年中报","OPERATE_INCOME_SQ":311515364.76,"DPS_HKD":0.04,"OPERATE_INCOME_QOQ_SQ":0,"NET_PROFIT_RATIO_SQ":24.8379201519,"HOLDER_PROFIT_SQ":76597023.6,"HOLDER_PROFIT_QOQ_SQ":0,"ROE_AVG_SQ":4.706712720462,"PE_TTM_SQ":9.688083997141,"PB_TTM_SQ":0.629915466993,"ROA_SQ":4.253576225979,"START_DATE":"2023-04-01 00:00:00","FISCAL_YEAR":"3-31","CURRENCY":"HKD","IS_CNY_CODE":0,"DPS_HKD_LY":null,"ORG_TYPE":"一般企业","PREMIUM_INCOME":null,"PREMIUM_INCOME_YOY":null,"NET_INTEREST_INCOME":null,"NET_INTEREST_INCOME_YOY":null,"FEE_COMMISSION_INCOME":null,"FEE_COMMISSION_INCOME_YOY":null,"ACCOUNTS_RECE_TDAYS":6.048451959882,"INVENTORY_TDAYS":0.589494624789,"CURRENT_ASSETS_TDAYS":0.268517960852,"TOTAL_ASSETS_TDAYS":0.162519638951,"PREMIUM_EXPENSE":null,"LOAN_DEPOSIT":null,"LOAN_EQUITY":null,"LOAN_ASSETS":null,"DEPOSIT_EQUITY":null,"DEPOSIT_ASSETS":null,"EQUITY_MULTIPLIER":1.116862086458,"EQUITY_RATIO":0.117703638784},{"SECUCODE":"00018.HK","SECURITY_CODE":"00018","SECURITY_NAME_ABBR":"东方企控集团","ORG_CODE":"10007312","STD_REPORT_DATE":"2022-12-31 00:00:00","REPORT_DATE":"2023-03-31 00:00:00","DATE_TYPE_CODE":"001","REPORT_TYPE":"2022年年报","PER_NETCASH_OPERATE":0.033689105985,"PER_OI":0.247213223249,"BPS":0.627149790701,"BASIC_EPS":0.060840995,"DILUTED_EPS":0.060840995,"OPERATE_INCOME":592797012.65,"OPERATE_INCOME_YOY":-7.9666259843,"GROSS_PROFIT":513321164.98,"GROSS_PROFIT_YOY":-4.718228365739,"HOLDER_PROFIT":145811791.24,"HOLDER_PROFIT_YOY":-0.1079499112,"GROSS_PROFIT_RATIO":86.593075542888,"EPS_TTM":0.063840738362,"OPERATE_INCOME_QOQ":0,"NET_PROFIT_RATIO":25.2409678586,"ROE_AVG":9.322573676004,"GROSS_PROFIT_QOQ":0,"ROA":8.433481474355,"HOLDER_PROFIT_QOQ":0,"ROE_YEARLY":9.322573676004,"ROIC_YEARLY":12.663026083413,"TOTAL_ASSETS":1656430667.57,"TOTAL_LIABILITIES":142098302.02,"TAX_EBT":19.670736636306,"OCF_SALES":13.627550153951,"TOTAL_PARENT_EQUITY":1503853707.85,"DEBT_ASSET_RATIO":8.5785843502,"OPERATE_PROFIT":186493844.76,"PRETAX_PROFIT":186267988.98,"NETCASH_OPERATE":80783710.21,"NETCASH_INVEST":167774952.73,"NETCASH_FINANCE":-230908646.52,"END_CASH":582319230.36,"DIVI_RATIO":0.567261609579,"DIVIDEND_RATE":11.594202898551,"CURRENT_RATIO":12.996471803442,"COMMON_ACS":null,"CURRENTDEBT_DEBT":53.081529305947,"ISSUED_COMMON_SHARES":2397917898,"HK_COMMON_SHARES":2397917898,"PER_SHARES":2000,"TOTAL_MARKET_CAP":827281674.81,"HKSK_MARKET_CAP":827281674.81,"PE_TTM":11.911903165011,"PB_TTM":0.491393838825,"REPORT_DATE_SQ":"2021-12-31 00:00:00","REPORT_TYPE_SQ":"2021年年报","OPERATE_INCOME_SQ":596726559.82,"DPS_HKD":0.04,"OPERATE_INCOME_QOQ_SQ":0,"NET_PROFIT_RATIO_SQ":22.8157253099,"HOLDER_PROFIT_SQ":135231051.44,"HOLDER_PROFIT_QOQ_SQ":0,"ROE_AVG_SQ":8.808487091206,"PE_TTM_SQ":9.688083997141,"PB_TTM_SQ":0.629915466993,"ROA_SQ":8.054683973307,"START_DATE":"2022-04-01 00:00:00","FISCAL_YEAR":"3-31","CURRENCY":"HKD","IS_CNY_CODE":0,"DPS_HKD_LY":0.05,"ORG_TYPE":"一般企业","PREMIUM_INCOME":null,"PREMIUM_INCOME_YOY":null,"NET_INTEREST_INCOME":null,"NET_INTEREST_INCOME_YOY":null,"FEE_COMMISSION_INCOME":null,"FEE_COMMISSION_INCOME_YOY":null,"ACCOUNTS_RECE_TDAYS":11.707454119518,"INVENTORY_TDAYS":1.299044893579,"CURRENT_ASSETS_TDAYS":0.563495785005,"TOTAL_ASSETS_TDAYS":0.342862712386,"PREMIUM_EXPENSE":null,"LOAN_DEPOSIT":null,"LOAN_EQUITY":null,"LOAN_ASSETS":null,"DEPOSIT_EQUITY":null,"DEPOSIT_ASSETS":null,"EQUITY_MULTIPLIER":1.093835610499,"EQUITY_RATIO":0.09448944487},{"SECUCODE":"00018.HK","SECURITY_CODE":"00018","SECURITY_NAME_ABBR":"东方企控集团","ORG_CODE":"10007312","STD_REPORT_DATE":"2022-06-30 00:00:00","REPORT_DATE":"2022-09-30 00:00:00","DATE_TYPE_CODE":"002","REPORT_TYPE":"2022年中报","PER_NETCASH_OPERATE":0.026774679122,"PER_OI":0.129910771766,"BPS":0.657505508923,"BASIC_EPS":0.031926732,"DILUTED_EPS":0.031926732,"OPERATE_INCOME":311515364.76,"OPERATE_INCOME_YOY":-6.9922743119,"GROSS_PROFIT":273577724.52,"GROSS_PROFIT_YOY":-3.020991891746,"HOLDER_PROFIT":76597023.6,"HOLDER_PROFIT_YOY":20.1021059349,"GROSS_PROFIT_RATIO":87.821582967752,"EPS_TTM":0.056395196663,"OPERATE_INCOME_QOQ":0,"NET_PROFIT_RATIO":24.8379201519,"ROE_AVG":4.706712720462,"GROSS_PROFIT_QOQ":0,"ROA":4.253576225979,"HOLDER_PROFIT_QOQ":0,"ROE_YEARLY":9.413425440924,"ROIC_YEARLY":13.01142013682,"TOTAL_ASSETS":1740299028.12,"TOTAL_LIABILITIES":156252863.28,"TAX_EBT":16.990267710729,"OCF_SALES":20.610053160448,"TOTAL_PARENT_EQUITY":1576644227.88,"DEBT_ASSET_RATIO":8.9785066104,"OPERATE_PROFIT":93335494.68,"PRETAX_PROFIT":93210681.96,"NETCASH_OPERATE":64203482.28,"NETCASH_INVEST":168752224.08,"NETCASH_FINANCE":-130252022.16,"END_CASH":658552610.52,"DIVI_RATIO":0.642153980174,"DIVIDEND_RATE":11.594202898551,"CURRENT_RATIO":10.651820877229,"COMMON_ACS":null,"CURRENTDEBT_DEBT":64.228823468124,"ISSUED_COMMON_SHARES":2397917898,"HK_COMMON_SHARES":2397917898,"PER_SHARES":2000,"TOTAL_MARKET_CAP":827281674.81,"HKSK_MARKET_CAP":827281674.81,"PE_TTM":11.911903165011,"PB_TTM":0.491393838825,"REPORT_DATE_SQ":"2021-06-30 00:00:00","REPORT_TYPE_SQ":"2021年中报","OPERATE_INCOME_SQ":308501278.38,"DPS_HKD":0.04,"OPERATE_INCOME_QOQ_SQ":0,"NET_PROFIT_RATIO_SQ":19.1046734877,"HOLDER_PROFIT_SQ":58743225.9,"HOLDER_PROFIT_QOQ_SQ":0,"ROE_AVG_SQ":3.76421288635,"PE_TTM_SQ":9.688083997141,"PB_TTM_SQ":0.629915466993,"ROA_SQ":3.439579085076,"START_DATE":"2022-04-01 00:00:00","FISCAL_YEAR":"3-31","CURRENCY":"HKD","IS_CNY_CODE":0,"DPS_HKD_LY":0.05,"ORG_TYPE":"一般企业","PREMIUM_INCOME":null,"PREMIUM_INCOME_YOY":null,"NET_INTEREST_INCOME":null,"NET_INTEREST_INCOME_YOY":null,"FEE_COMMISSION_INCOME":null,"FEE_COMMISSION_INCOME_YOY":null,"ACCOUNTS_RECE_TDAYS":5.288087451829,"INVENTORY_TDAYS":0.621284159076,"CURRENT_ASSETS_TDAYS":0.279389159413,"TOTAL_ASSETS_TDAYS":0.17299031833,"PREMIUM_EXPENSE":null,"LOAN_DEPOSIT":null,"LOAN_EQUITY":null,"LOAN_ASSETS":null,"DEPOSIT_EQUITY":null,"DEPOSIT_ASSETS":null,"EQUITY_MULTIPLIER":1.098641609537,"EQUITY_RATIO":0.099104706386},{"SECUCODE":"00018.HK","SECURITY_CODE":"00018","SECURITY_NAME_ABBR":"东方企控集团","ORG_CODE":"10007312","STD_REPORT_DATE":"2021-12-31 00:00:00","REPORT_DATE":"2022-03-31 00:00:00","DATE_TYPE_CODE":"001","REPORT_TYPE":"2021年年报","PER_NETCASH_OPERATE":0.077004620114,"PER_OI":0.24885195624,"BPS":0.627544024291,"BASIC_EPS":0.056365195,"DILUTED_EPS":0.056365195,"OPERATE_INCOME":596726559.82,"OPERATE_INCOME_YOY":5.1689562462,"GROSS_PROFIT":538740155.83,"GROSS_PROFIT_YOY":0.696430658411,"HOLDER_PROFIT":135231051.44,"HOLDER_PROFIT_YOY":-21.0634450241,"GROSS_PROFIT_RATIO":90.282583700063,"EPS_TTM":0.066951788597,"OPERATE_INCOME_QOQ":0,"NET_PROFIT_RATIO":22.8157253099,"ROE_AVG":8.808487091206,"GROSS_PROFIT_QOQ":0,"ROA":8.054683973307,"HOLDER_PROFIT_QOQ":0,"ROE_YEARLY":8.808487091206,"ROIC_YEARLY":11.759445625329,"TOTAL_ASSETS":1668967746.88,"TOTAL_LIABILITIES":157200501.33,"TAX_EBT":15.804942147683,"OCF_SALES":30.943948071576,"TOTAL_PARENT_EQUITY":1504799047.63,"DEBT_ASSET_RATIO":9.4190257196,"OPERATE_PROFIT":161928689.63,"PRETAX_PROFIT":161704850.87,"NETCASH_OPERATE":184650756.8,"NETCASH_INVEST":-6040402.48,"NETCASH_FINANCE":-194697548.68,"END_CASH":513850258.93,"DIVI_RATIO":0.540902651876,"DIVIDEND_RATE":11.594202898551,"CURRENT_RATIO":10.548430835984,"COMMON_ACS":null,"CURRENTDEBT_DEBT":62.780331522496,"ISSUED_COMMON_SHARES":2397917898,"HK_COMMON_SHARES":2397917898,"PER_SHARES":2000,"TOTAL_MARKET_CAP":827281674.81,"HKSK_MARKET_CAP":827281674.81,"PE_TTM":11.911903165011,"PB_TTM":0.491393838825,"REPORT_DATE_SQ":"2020-12-31 00:00:00","REPORT_TYPE_SQ":"2020年年报","OPERATE_INCOME_SQ":591303986.42,"DPS_HKD":0.04,"OPERATE_INCOME_QOQ_SQ":0,"NET_PROFIT_RATIO_SQ":30.4209862797,"HOLDER_PROFIT_SQ":178534132.84,"HOLDER_PROFIT_QOQ_SQ":0,"ROE_AVG_SQ":11.498717786111,"PE_TTM_SQ":9.688083997141,"PB_TTM_SQ":0.629915466993,"ROA_SQ":10.616287239528,"START_DATE":"2021-04-01 00:00:00","FISCAL_YEAR":"3-31","CURRENCY":"HKD","IS_CNY_CODE":0,"DPS_HKD_LY":0.08,"ORG_TYPE":"一般企业","PREMIUM_INCOME":null,"PREMIUM_INCOME_YOY":null,"NET_INTEREST_INCOME":null,"NET_INTEREST_INCOME_YOY":null,"FEE_COMMISSION_INCOME":null,"FEE_COMMISSION_INCOME_YOY":null,"ACCOUNTS_RECE_TDAYS":11.554909936084,"INVENTORY_TDAYS":1.235233142719,"CURRENT_ASSETS_TDAYS":0.620430871871,"TOTAL_ASSETS_TDAYS":0.355424571993,"PREMIUM_EXPENSE":null,"LOAN_DEPOSIT":null,"LOAN_EQUITY":null,"LOAN_ASSETS":null,"DEPOSIT_EQUITY":null,"DEPOSIT_ASSETS":null,"EQUITY_MULTIPLIER":1.10398459273,"EQUITY_RATIO":0.104466108998},{"SECUCODE":"00018.HK","SECURITY_CODE":"00018","SECURITY_NAME_ABBR":"东方企控集团","ORG_CODE":"10007312","STD_REPORT_DATE":"2021-06-30 00:00:00","REPORT_DATE":"2021-09-30 00:00:00","DATE_TYPE_CODE":"002","REPORT_TYPE":"2021年中报","PER_NETCASH_OPERATE":0.043284472586,"PER_OI":0.128653811975,"BPS":0.630923160439,"BASIC_EPS":0.024491964,"DILUTED_EPS":0.024491964,"OPERATE_INCOME":308501278.38,"OPERATE_INCOME_YOY":9.9726496031,"GROSS_PROFIT":282099940.86,"GROSS_PROFIT_YOY":5.680469921332,"HOLDER_PROFIT":58743225.9,"HOLDER_PROFIT_YOY":-19.2480789712,"GROSS_PROFIT_RATIO":91.44206544017,"EPS_TTM":0.074453813864,"OPERATE_INCOME_QOQ":0,"NET_PROFIT_RATIO":19.1046734877,"ROE_AVG":3.76421288635,"GROSS_PROFIT_QOQ":0,"ROA":3.439579085076,"HOLDER_PROFIT_QOQ":0,"ROE_YEARLY":7.528425772701,"ROIC_YEARLY":9.983074855011,"TOTAL_ASSETS":1680948468,"TOTAL_LIABILITIES":161921039.14,"TAX_EBT":21.45894159571,"OCF_SALES":33.644143085901,"TOTAL_PARENT_EQUITY":1512901938.68,"DEBT_ASSET_RATIO":9.6327188027,"OPERATE_PROFIT":75157840.14,"PRETAX_PROFIT":75041211.74,"NETCASH_OPERATE":103792611.52,"NETCASH_INVEST":-4413551.88,"NETCASH_FINANCE":-139832453.24,"END_CASH":504232890.68,"DIVI_RATIO":0.486400872169,"DIVIDEND_RATE":11.594202898551,"CURRENT_RATIO":8.528549601041,"COMMON_ACS":null,"CURRENTDEBT_DEBT":63.640292433464,"ISSUED_COMMON_SHARES":2397917898,"HK_COMMON_SHARES":2397917898,"PER_SHARES":2000,"TOTAL_MARKET_CAP":827281674.81,"HKSK_MARKET_CAP":827281674.81,"PE_TTM":11.911903165011,"PB_TTM":0.491393838825,"REPORT_DATE_SQ":"2020-06-30 00:00:00","REPORT_TYPE_SQ":"2020年中报","OPERATE_INCOME_SQ":295901051.52,"DPS_HKD":0.04,"OPERATE_INCOME_QOQ_SQ":0,"NET_PROFIT_RATIO_SQ":25.9401142124,"HOLDER_PROFIT_SQ":76732466.56,"HOLDER_PROFIT_QOQ_SQ":0,"ROE_AVG_SQ":4.865429419849,"PE_TTM_SQ":9.688083997141,"PB_TTM_SQ":0.629915466993,"ROA_SQ":4.453632707269,"START_DATE":"2021-04-01 00:00:00","FISCAL_YEAR":"3-31","CURRENCY":"HKD","IS_CNY_CODE":0,"DPS_HKD_LY":0.08,"ORG_TYPE":"一般企业","PREMIUM_INCOME":null,"PREMIUM_INCOME_YOY":null,"NET_INTEREST_INCOME":null,"NET_INTEREST_INCOME_YOY":null,"FEE_COMMISSION_INCOME":null,"FEE_COMMISSION_INCOME_YOY":null,"ACCOUNTS_RECE_TDAYS":5.225052734058,"INVENTORY_TDAYS":0.607411524566,"CURRENT_ASSETS_TDAYS":0.345584344686,"TOTAL_ASSETS_TDAYS":0.180636069705,"PREMIUM_EXPENSE":null,"LOAN_DEPOSIT":null,"LOAN_EQUITY":null,"LOAN_ASSETS":null,"DEPOSIT_EQUITY":null,"DEPOSIT_ASSETS":null,"EQUITY_MULTIPLIER":1.106595204316,"EQUITY_RATIO":0.1070267907},{"SECUCODE":"00018.HK","SECURITY_CODE":"00018","SECURITY_NAME_ABBR":"东方企控集团","ORG_CODE":"10007312","STD_REPORT_DATE":"2020-12-31 00:00:00","REPORT_DATE":"2021-03-31 00:00:00","DATE_TYPE_CODE":"001","REPORT_TYPE":"2020年年报","PER_NETCASH_OPERATE":0.036169514599,"PER_OI":0.246590588824,"BPS":0.680439720359,"BASIC_EPS":0.074460358,"DILUTED_EPS":0.074460358,"OPERATE_INCOME":591303986.42,"OPERATE_INCOME_YOY":-14.9930620864,"GROSS_PROFIT":535014153.24,"GROSS_PROFIT_YOY":-16.104877555229,"HOLDER_PROFIT":178534132.84,"HOLDER_PROFIT_YOY":2022.6176390279,"GROSS_PROFIT_RATIO":90.480390040865,"EPS_TTM":0.014078653639,"OPERATE_INCOME_QOQ":0,"NET_PROFIT_RATIO":30.4209862797,"ROE_AVG":11.498717786111,"GROSS_PROFIT_QOQ":0,"ROA":10.616287239528,"HOLDER_PROFIT_QOQ":0,"ROE_YEARLY":11.498717786111,"ROIC_YEARLY":15.543068887484,"TOTAL_ASSETS":1760012128.98,"TOTAL_LIABILITIES":121668732.08,"TAX_EBT":9.797497753742,"OCF_SALES":14.667840638976,"TOTAL_PARENT_EQUITY":1631638583.96,"DEBT_ASSET_RATIO":6.9129485006,"OPERATE_PROFIT":164545558.66,"PRETAX_PROFIT":199418530.64,"NETCASH_OPERATE":86731526.42,"NETCASH_INVEST":1104650.26,"NETCASH_FINANCE":-40760495.86,"END_CASH":552971692.7,"DIVI_RATIO":2.572291422841,"DIVIDEND_RATE":11.594202898551,"CURRENT_RATIO":14.500626282547,"COMMON_ACS":null,"CURRENTDEBT_DEBT":52.13120675762,"ISSUED_COMMON_SHARES":2397917898,"HK_COMMON_SHARES":2397917898,"PER_SHARES":2000,"TOTAL_MARKET_CAP":827281674.81,"HKSK_MARKET_CAP":827281674.81,"PE_TTM":11.911903165011,"PB_TTM":0.491393838825,"REPORT_DATE_SQ":"2019-12-31 00:00:00","REPORT_TYPE_SQ":"2019年年报","OPERATE_INCOME_SQ":751987891.8,"DPS_HKD":0.04,"OPERATE_INCOME_QOQ_SQ":0,"NET_PROFIT_RATIO_SQ":-1.4054438928,"HOLDER_PROFIT_SQ":-10038821.9,"HOLDER_PROFIT_QOQ_SQ":0,"ROE_AVG_SQ":-0.616795855841,"PE_TTM_SQ":9.688083997141,"PB_TTM_SQ":0.629915466993,"ROA_SQ":-0.566422541833,"START_DATE":"2020-04-01 00:00:00","FISCAL_YEAR":"3-31","CURRENCY":"HKD","IS_CNY_CODE":0,"DPS_HKD_LY":0.02,"ORG_TYPE":"一般企业","PREMIUM_INCOME":null,"PREMIUM_INCOME_YOY":null,"NET_INTEREST_INCOME":null,"NET_INTEREST_INCOME_YOY":null,"FEE_COMMISSION_INCOME":null,"FEE_COMMISSION_INCOME_YOY":null,"ACCOUNTS_RECE_TDAYS":9.691423267927,"INVENTORY_TDAYS":1.291881249576,"CURRENT_ASSETS_TDAYS":0.680323660345,"TOTAL_ASSETS_TDAYS":0.351610802139,"PREMIUM_EXPENSE":null,"LOAN_DEPOSIT":null,"LOAN_EQUITY":null,"LOAN_ASSETS":null,"DEPOSIT_EQUITY":null,"DEPOSIT_ASSETS":null,"EQUITY_MULTIPLIER":1.074263266365,"EQUITY_RATIO":0.074568432787},{"SECUCODE":"00018.HK","SECURITY_CODE":"00018","SECURITY_NAME_ABBR":"东方企控集团","ORG_CODE":"10007312","STD_REPORT_DATE":"2020-06-30 00:00:00","REPORT_DATE":"2020-09-30 00:00:00","DATE_TYPE_CODE":"002","REPORT_TYPE":"2020年中报","PER_NETCASH_OPERATE":0.01642800933,"PER_OI":0.123399158815,"BPS":0.676445912511,"BASIC_EPS":0.031985408,"DILUTED_EPS":0.031985408,"OPERATE_INCOME":295901051.52,"OPERATE_INCOME_YOY":-22.797875194,"GROSS_PROFIT":266936682.88,"GROSS_PROFIT_YOY":-18.954894594867,"HOLDER_PROFIT":76732466.56,"HOLDER_PROFIT_YOY":139.1624671341,"GROSS_PROFIT_RATIO":90.21146816099,"EPS_TTM":-0.004186474403,"OPERATE_INCOME_QOQ":0,"NET_PROFIT_RATIO":25.9401142124,"ROE_AVG":4.865429419849,"GROSS_PROFIT_QOQ":0,"ROA":4.453632707269,"HOLDER_PROFIT_QOQ":0,"ROE_YEARLY":9.730858839697,"ROIC_YEARLY":13.075946296424,"TOTAL_ASSETS":1778820136.32,"TOTAL_LIABILITIES":151566019.2,"TAX_EBT":1.699283150088,"OCF_SALES":13.312902200801,"TOTAL_PARENT_EQUITY":1622061760.64,"DEBT_ASSET_RATIO":8.5205927292,"OPERATE_PROFIT":78196414.08,"PRETAX_PROFIT":78083937.92,"NETCASH_OPERATE":39393017.6,"NETCASH_INVEST":2129138.56,"NETCASH_FINANCE":-112476.16,"END_CASH":566820093.44,"DIVI_RATIO":-8.650333554113,"DIVIDEND_RATE":11.594202898551,"CURRENT_RATIO":9.034135851921,"COMMON_ACS":null,"CURRENTDEBT_DEBT":68.750905875873,"ISSUED_COMMON_SHARES":2397917898,"HK_COMMON_SHARES":2397917898,"PER_SHARES":2000,"TOTAL_MARKET_CAP":827281674.81,"HKSK_MARKET_CAP":827281674.81,"PE_TTM":11.911903165011,"PB_TTM":0.491393838825,"REPORT_DATE_SQ":"2019-06-30 00:00:00","REPORT_TYPE_SQ":"2019年中报","OPERATE_INCOME_SQ":393439623.81,"DPS_HKD":0.04,"OPERATE_INCOME_QOQ_SQ":0,"NET_PROFIT_RATIO_SQ":8.3942216649,"HOLDER_PROFIT_SQ":32934189.12,"HOLDER_PROFIT_QOQ_SQ":0,"ROE_AVG_SQ":2.01713782661,"PE_TTM_SQ":9.688083997141,"PB_TTM_SQ":0.629915466993,"ROA_SQ":1.841913830799,"START_DATE":"2020-04-01 00:00:00","FISCAL_YEAR":"3-31","CURRENCY":"HKD","IS_CNY_CODE":0,"DPS_HKD_LY":0.02,"ORG_TYPE":"一般企业","PREMIUM_INCOME":null,"PREMIUM_INCOME_YOY":null,"NET_INTEREST_INCOME":null,"NET_INTEREST_INCOME_YOY":null,"FEE_COMMISSION_INCOME":null,"FEE_COMMISSION_INCOME_YOY":null,"ACCOUNTS_RECE_TDAYS":4.869084284041,"INVENTORY_TDAYS":0.618586495515,"CURRENT_ASSETS_TDAYS":0.330166882127,"TOTAL_ASSETS_TDAYS":0.171744068742,"PREMIUM_EXPENSE":null,"LOAN_DEPOSIT":null,"LOAN_EQUITY":null,"LOAN_ASSETS":null,"DEPOSIT_EQUITY":null,"DEPOSIT_ASSETS":null,"EQUITY_MULTIPLIER":1.09314219433,"EQUITY_RATIO":0.093440350348}],"count":48},"success":true,"message":"ok","code":0}