{"version":"4a5ec9391fe0ce0f1576ba299eb5b67e","result":{"pages":6,"data":[{"SECUCODE":"00016.HK","SECURITY_CODE":"00016","SECURITY_NAME_ABBR":"新鸿基地产","ORG_CODE":"10007310","STD_REPORT_DATE":"2023-12-31 00:00:00","REPORT_DATE":"2024-06-30 00:00:00","DATE_TYPE_CODE":"001","REPORT_TYPE":"2023年年报","PER_NETCASH_OPERATE":7.721518115352,"PER_OI":22.521409461427,"BPS":191.090565605803,"BASIC_EPS":5.9963076,"DILUTED_EPS":5.9963076,"OPERATE_INCOME":65262096080,"OPERATE_INCOME_YOY":0.436828429,"GROSS_PROFIT":29401073520,"GROSS_PROFIT_YOY":-7.455285244748,"HOLDER_PROFIT":17382903280,"HOLDER_PROFIT_YOY":-20.3329568746,"GROSS_PROFIT_RATIO":45.050764970772,"EPS_TTM":7.873874104507,"OPERATE_INCOME_QOQ":0.698505671497,"NET_PROFIT_RATIO":27.4172796688,"ROE_AVG":3.151297349707,"GROSS_PROFIT_QOQ":-0.072194580671,"ROA":2.345443742169,"HOLDER_PROFIT_QOQ":3.515965342005,"ROE_YEARLY":3.151297349707,"ROIC_YEARLY":2.405574020407,"TOTAL_ASSETS":746658031920,"TOTAL_LIABILITIES":188945751640,"TAX_EBT":16.868082941102,"OCF_SALES":34.285234805471,"TOTAL_PARENT_EQUITY":553738471560,"DEBT_ASSET_RATIO":25.3055272377,"OPERATE_PROFIT":24416015360,"PRETAX_PROFIT":21523732440,"NETCASH_OPERATE":22375262880,"NETCASH_INVEST":-8773592840,"NETCASH_FINANCE":-11964322120,"END_CASH":14633911120,"DIVI_RATIO":0.43389225617,"DIVIDEND_RATE":5.296610169492,"CURRENT_RATIO":4.009917435335,"COMMON_ACS":null,"CURRENTDEBT_DEBT":29.954159682741,"ISSUED_COMMON_SHARES":2897780274,"HK_COMMON_SHARES":2897780274,"PER_SHARES":500,"TOTAL_MARKET_CAP":205162843399.2,"HKSK_MARKET_CAP":205162843399.2,"PE_TTM":10.771964895474,"PB_TTM":0.338152455592,"REPORT_DATE_SQ":"2022-12-31 00:00:00","REPORT_TYPE_SQ":"2022年年报","OPERATE_INCOME_SQ":65640366100,"DPS_HKD":3.75,"OPERATE_INCOME_QOQ_SQ":-12.526209246769,"NET_PROFIT_RATIO_SQ":34.5178734462,"HOLDER_PROFIT_SQ":22041775860,"HOLDER_PROFIT_QOQ_SQ":-22.433551313794,"ROE_AVG_SQ":3.971259160084,"PE_TTM_SQ":8.781703302434,"PB_TTM_SQ":0.348712627337,"ROA_SQ":2.963265032927,"START_DATE":"2023-07-01 00:00:00","FISCAL_YEAR":"6-30","CURRENCY":"HKD","IS_CNY_CODE":0,"DPS_HKD_LY":4.65,"ORG_TYPE":"一般企业","PREMIUM_INCOME":null,"PREMIUM_INCOME_YOY":null,"NET_INTEREST_INCOME":null,"NET_INTEREST_INCOME_YOY":null,"FEE_COMMISSION_INCOME":null,"FEE_COMMISSION_INCOME_YOY":null,"ACCOUNTS_RECE_TDAYS":4.487073293173,"INVENTORY_TDAYS":0.184160388081,"CURRENT_ASSETS_TDAYS":0.291002470261,"TOTAL_ASSETS_TDAYS":0.088056967462,"PREMIUM_EXPENSE":null,"LOAN_DEPOSIT":null,"LOAN_EQUITY":null,"LOAN_ASSETS":null,"DEPOSIT_EQUITY":null,"DEPOSIT_ASSETS":null,"EQUITY_MULTIPLIER":1.338787145847,"EQUITY_RATIO":0.341218393419},{"SECUCODE":"00016.HK","SECURITY_CODE":"00016","SECURITY_NAME_ABBR":"新鸿基地产","ORG_CODE":"10007310","STD_REPORT_DATE":"2023-06-30 00:00:00","REPORT_DATE":"2023-12-31 00:00:00","DATE_TYPE_CODE":"002","REPORT_TYPE":"2023年中报","PER_NETCASH_OPERATE":-0.303972612383,"PER_OI":8.613182808905,"BPS":188.366073679747,"BASIC_EPS":2.8636552,"DILUTED_EPS":2.8636552,"OPERATE_INCOME":24959111240,"OPERATE_INCOME_YOY":0.415633659,"GROSS_PROFIT":12522147960,"GROSS_PROFIT_YOY":-0.182827952522,"HOLDER_PROFIT":8287381900,"HOLDER_PROFIT_YOY":8.7395957194,"GROSS_PROFIT_RATIO":50.170648464164,"EPS_TTM":7.606434503598,"OPERATE_INCOME_QOQ":12.861753428348,"NET_PROFIT_RATIO":34.394742575,"ROE_AVG":1.518617385637,"GROSS_PROFIT_QOQ":4.689567624739,"ROA":1.1275326331,"HOLDER_PROFIT_QOQ":30.001753525741,"ROE_YEARLY":3.037234771273,"ROIC_YEARLY":2.301170212364,"TOTAL_ASSETS":739597859700,"TOTAL_LIABILITIES":189632878540,"TAX_EBT":13.551743018799,"OCF_SALES":-3.529155471643,"TOTAL_PARENT_EQUITY":545843492600,"DEBT_ASSET_RATIO":25.6399982846,"OPERATE_PROFIT":9925827660,"PRETAX_PROFIT":9930358760,"NETCASH_OPERATE":-880845840,"NETCASH_INVEST":-4711437780,"NETCASH_FINANCE":-901688900,"END_CASH":6756776320,"DIVI_RATIO":0.449147757518,"DIVIDEND_RATE":4.901960784314,"CURRENT_RATIO":3.759371351318,"COMMON_ACS":null,"CURRENTDEBT_DEBT":31.106247341786,"ISSUED_COMMON_SHARES":2897780274,"HK_COMMON_SHARES":2897780274,"PER_SHARES":500,"TOTAL_MARKET_CAP":221680190961,"HKSK_MARKET_CAP":221680190961,"PE_TTM":11.639199357398,"PB_TTM":0.365376593966,"REPORT_DATE_SQ":"2022-06-30 00:00:00","REPORT_TYPE_SQ":"2022年中报","OPERATE_INCOME_SQ":24500609560,"DPS_HKD":3.75,"OPERATE_INCOME_QOQ_SQ":2.290652983385,"NET_PROFIT_RATIO_SQ":32.0475426571,"HOLDER_PROFIT_SQ":7512400700,"HOLDER_PROFIT_QOQ_SQ":-5.753918126326,"ROE_AVG_SQ":1.405160833272,"PE_TTM_SQ":9.411998087426,"PB_TTM_SQ":0.373741000866,"ROA_SQ":1.045163880081,"START_DATE":"2023-07-01 00:00:00","FISCAL_YEAR":"6-30","CURRENCY":"HKD","IS_CNY_CODE":0,"DPS_HKD_LY":4.65,"ORG_TYPE":"一般企业","PREMIUM_INCOME":null,"PREMIUM_INCOME_YOY":null,"NET_INTEREST_INCOME":null,"NET_INTEREST_INCOME_YOY":null,"FEE_COMMISSION_INCOME":null,"FEE_COMMISSION_INCOME_YOY":null,"ACCOUNTS_RECE_TDAYS":1.804376310273,"INVENTORY_TDAYS":0.063475912085,"CURRENT_ASSETS_TDAYS":0.112995601943,"TOTAL_ASSETS_TDAYS":0.033957904626,"PREMIUM_EXPENSE":null,"LOAN_DEPOSIT":null,"LOAN_EQUITY":null,"LOAN_ASSETS":null,"DEPOSIT_EQUITY":null,"DEPOSIT_ASSETS":null,"EQUITY_MULTIPLIER":1.344809006094,"EQUITY_RATIO":0.347412547939},{"SECUCODE":"00016.HK","SECURITY_CODE":"00016","SECURITY_NAME_ABBR":"新鸿基地产","ORG_CODE":"10007310","STD_REPORT_DATE":"2022-12-31 00:00:00","REPORT_DATE":"2023-06-30 00:00:00","DATE_TYPE_CODE":"001","REPORT_TYPE":"2022年年报","PER_NETCASH_OPERATE":8.328675116104,"PER_OI":22.651947316003,"BPS":191.554436987654,"BASIC_EPS":7.606335,"DILUTED_EPS":7.606335,"OPERATE_INCOME":65640366100,"OPERATE_INCOME_YOY":-8.4273348168,"GROSS_PROFIT":31769586840,"GROSS_PROFIT_YOY":-6.756466602895,"HOLDER_PROFIT":22041775860,"HOLDER_PROFIT_YOY":-6.4671361502,"GROSS_PROFIT_RATIO":48.399466254653,"EPS_TTM":5.851024541828,"OPERATE_INCOME_QOQ":-12.526209246769,"NET_PROFIT_RATIO":34.5178734462,"ROE_AVG":3.971259160084,"GROSS_PROFIT_QOQ":-10.93330929464,"ROA":2.963265032927,"HOLDER_PROFIT_QOQ":-22.433551313794,"ROE_YEARLY":3.971259160084,"ROIC_YEARLY":3.048553445004,"TOTAL_ASSETS":743107582180,"TOTAL_LIABILITIES":183653806100,"TAX_EBT":13.838440502069,"OCF_SALES":36.768031462884,"TOTAL_PARENT_EQUITY":555082668900,"DEBT_ASSET_RATIO":24.7142958172,"OPERATE_PROFIT":25395939100,"PRETAX_PROFIT":26296713560,"NETCASH_OPERATE":24134670460,"NETCASH_INVEST":-14804232860,"NETCASH_FINANCE":-12595168780,"END_CASH":13163108460,"DIVI_RATIO":0.583899960695,"DIVIDEND_RATE":4.901960784314,"CURRENT_RATIO":4.545306473958,"COMMON_ACS":null,"CURRENTDEBT_DEBT":26.814930093627,"ISSUED_COMMON_SHARES":2897780274,"HK_COMMON_SHARES":2897780274,"PER_SHARES":500,"TOTAL_MARKET_CAP":221680190961,"HKSK_MARKET_CAP":221680190961,"PE_TTM":11.639199357398,"PB_TTM":0.365376593966,"REPORT_DATE_SQ":"2021-12-31 00:00:00","REPORT_TYPE_SQ":"2021年年报","OPERATE_INCOME_SQ":66488456930,"DPS_HKD":3.75,"OPERATE_INCOME_QOQ_SQ":-8.380123115924,"NET_PROFIT_RATIO_SQ":33.6103000759,"HOLDER_PROFIT_SQ":21858656400,"HOLDER_PROFIT_QOQ_SQ":4.45075755324,"ROE_AVG_SQ":4.275083921102,"PE_TTM_SQ":9.411998087426,"PB_TTM_SQ":0.373741000866,"ROA_SQ":3.187060236187,"START_DATE":"2022-07-01 00:00:00","FISCAL_YEAR":"6-30","CURRENCY":"HKD","IS_CNY_CODE":0,"DPS_HKD_LY":4.95,"ORG_TYPE":"一般企业","PREMIUM_INCOME":null,"PREMIUM_INCOME_YOY":null,"NET_INTEREST_INCOME":null,"NET_INTEREST_INCOME_YOY":null,"FEE_COMMISSION_INCOME":null,"FEE_COMMISSION_INCOME_YOY":null,"ACCOUNTS_RECE_TDAYS":3.980487532148,"INVENTORY_TDAYS":0.175042287076,"CURRENT_ASSETS_TDAYS":0.289156088239,"TOTAL_ASSETS_TDAYS":0.088245975664,"PREMIUM_EXPENSE":null,"LOAN_DEPOSIT":null,"LOAN_EQUITY":null,"LOAN_ASSETS":null,"DEPOSIT_EQUITY":null,"DEPOSIT_ASSETS":null,"EQUITY_MULTIPLIER":1.328273423029,"EQUITY_RATIO":0.330858476385},{"SECUCODE":"00016.HK","SECURITY_CODE":"00016","SECURITY_NAME_ABBR":"新鸿基地产","ORG_CODE":"10007310","STD_REPORT_DATE":"2022-06-30 00:00:00","REPORT_DATE":"2022-12-31 00:00:00","DATE_TYPE_CODE":"002","REPORT_TYPE":"2022年中报","PER_NETCASH_OPERATE":2.434021648668,"PER_OI":8.454957672198,"BPS":183.436330100437,"BASIC_EPS":2.590483,"DILUTED_EPS":2.590483,"OPERATE_INCOME":24500609560,"OPERATE_INCOME_YOY":-31.6912808507,"GROSS_PROFIT":12545083880,"GROSS_PROFIT_YOY":-22.895520410271,"HOLDER_PROFIT":7512400700,"HOLDER_PROFIT_YOY":-44.6200447781,"GROSS_PROFIT_RATIO":51.203150065626,"EPS_TTM":7.54324149285,"OPERATE_INCOME_QOQ":2.290652983385,"NET_PROFIT_RATIO":32.0475426571,"ROE_AVG":1.405160833272,"GROSS_PROFIT_QOQ":3.559256151957,"ROA":1.045163880081,"HOLDER_PROFIT_QOQ":-5.753918126326,"ROE_YEARLY":2.810321666544,"ROIC_YEARLY":2.154209096603,"TOTAL_ASSETS":716179222500,"TOTAL_LIABILITIES":180333347600,"TAX_EBT":15.949512335055,"OCF_SALES":28.788099752078,"TOTAL_PARENT_EQUITY":531558178900,"DEBT_ASSET_RATIO":25.1799189273,"OPERATE_PROFIT":9700018930,"PRETAX_PROFIT":9341817660,"NETCASH_OPERATE":7053259920,"NETCASH_INVEST":-5388204640,"NETCASH_FINANCE":-3565933840,"END_CASH":14015406300,"DIVI_RATIO":0.452910463391,"DIVIDEND_RATE":4.901960784314,"CURRENT_RATIO":3.887063752797,"COMMON_ACS":null,"CURRENTDEBT_DEBT":31.211115514167,"ISSUED_COMMON_SHARES":2897780274,"HK_COMMON_SHARES":2897780274,"PER_SHARES":500,"TOTAL_MARKET_CAP":221680190961,"HKSK_MARKET_CAP":221680190961,"PE_TTM":11.639199357398,"PB_TTM":0.365376593966,"REPORT_DATE_SQ":"2021-06-30 00:00:00","REPORT_TYPE_SQ":"2021年中报","OPERATE_INCOME_SQ":32829092800,"DPS_HKD":3.75,"OPERATE_INCOME_QOQ_SQ":-10.869297698642,"NET_PROFIT_RATIO_SQ":38.6372126616,"HOLDER_PROFIT_SQ":12416073600,"HOLDER_PROFIT_QOQ_SQ":16.251214923004,"ROE_AVG_SQ":2.542455882464,"PE_TTM_SQ":9.411998087426,"PB_TTM_SQ":0.373741000866,"ROA_SQ":1.892659556834,"START_DATE":"2022-07-01 00:00:00","FISCAL_YEAR":"6-30","CURRENCY":"HKD","IS_CNY_CODE":0,"DPS_HKD_LY":4.95,"ORG_TYPE":"一般企业","PREMIUM_INCOME":null,"PREMIUM_INCOME_YOY":null,"NET_INTEREST_INCOME":null,"NET_INTEREST_INCOME_YOY":null,"FEE_COMMISSION_INCOME":null,"FEE_COMMISSION_INCOME_YOY":null,"ACCOUNTS_RECE_TDAYS":1.516154887925,"INVENTORY_TDAYS":0.063909541068,"CURRENT_ASSETS_TDAYS":0.110916553774,"TOTAL_ASSETS_TDAYS":0.034086509992,"PREMIUM_EXPENSE":null,"LOAN_DEPOSIT":null,"LOAN_EQUITY":null,"LOAN_ASSETS":null,"DEPOSIT_EQUITY":null,"DEPOSIT_ASSETS":null,"EQUITY_MULTIPLIER":1.336539583576,"EQUITY_RATIO":0.339254205388},{"SECUCODE":"00016.HK","SECURITY_CODE":"00016","SECURITY_NAME_ABBR":"新鸿基地产","ORG_CODE":"10007310","STD_REPORT_DATE":"2021-12-31 00:00:00","REPORT_DATE":"2022-06-30 00:00:00","DATE_TYPE_CODE":"001","REPORT_TYPE":"2021年年报","PER_NETCASH_OPERATE":4.542471559388,"PER_OI":22.944616445408,"BPS":177.645698108579,"BASIC_EPS":7.5427758,"DILUTED_EPS":7.5427758,"OPERATE_INCOME":66488456930,"OPERATE_INCOME_YOY":-8.8140085853,"GROSS_PROFIT":34071624790,"GROSS_PROFIT_YOY":-8.535962741183,"HOLDER_PROFIT":21858656400,"HOLDER_PROFIT_YOY":-4.2194409053,"GROSS_PROFIT_RATIO":51.244421006598,"EPS_TTM":8.003771979573,"OPERATE_INCOME_QOQ":-8.380123115924,"NET_PROFIT_RATIO":33.6103000759,"ROE_AVG":4.275083921102,"GROSS_PROFIT_QOQ":-11.679515035712,"ROA":3.187060236187,"HOLDER_PROFIT_QOQ":4.45075755324,"ROE_YEARLY":4.275083921102,"ROIC_YEARLY":3.295347449007,"TOTAL_ASSETS":690623222730,"TOTAL_LIABILITIES":171741821370,"TAX_EBT":17.79085131819,"OCF_SALES":19.797548458461,"TOTAL_PARENT_EQUITY":514778199740,"DEBT_ASSET_RATIO":24.8676580395,"OPERATE_PROFIT":28530848780,"PRETAX_PROFIT":27183069340,"NETCASH_OPERATE":13163084480,"NETCASH_INVEST":-8117463480,"NETCASH_FINANCE":-7618887710,"END_CASH":15638859530,"DIVI_RATIO":0.426850366142,"DIVIDEND_RATE":4.901960784314,"CURRENT_RATIO":4.002340643837,"COMMON_ACS":null,"CURRENTDEBT_DEBT":31.060187329141,"ISSUED_COMMON_SHARES":2897780274,"HK_COMMON_SHARES":2897780274,"PER_SHARES":500,"TOTAL_MARKET_CAP":221680190961,"HKSK_MARKET_CAP":221680190961,"PE_TTM":11.639199357398,"PB_TTM":0.365376593966,"REPORT_DATE_SQ":"2020-12-31 00:00:00","REPORT_TYPE_SQ":"2020年年报","OPERATE_INCOME_SQ":70944804960,"DPS_HKD":3.75,"OPERATE_INCOME_QOQ_SQ":5.427673613561,"NET_PROFIT_RATIO_SQ":32.1901902372,"HOLDER_PROFIT_SQ":22204886880,"HOLDER_PROFIT_QOQ_SQ":-11.097237291014,"ROE_AVG_SQ":4.563870413854,"PE_TTM_SQ":9.411998087426,"PB_TTM_SQ":0.373741000866,"ROA_SQ":3.347781088286,"START_DATE":"2021-07-01 00:00:00","FISCAL_YEAR":"6-30","CURRENCY":"HKD","IS_CNY_CODE":0,"DPS_HKD_LY":4.95,"ORG_TYPE":"一般企业","PREMIUM_INCOME":null,"PREMIUM_INCOME_YOY":null,"NET_INTEREST_INCOME":null,"NET_INTEREST_INCOME_YOY":null,"FEE_COMMISSION_INCOME":null,"FEE_COMMISSION_INCOME_YOY":null,"ACCOUNTS_RECE_TDAYS":3.947750583934,"INVENTORY_TDAYS":0.185400210315,"CURRENT_ASSETS_TDAYS":0.315734756327,"TOTAL_ASSETS_TDAYS":0.096942242638,"PREMIUM_EXPENSE":null,"LOAN_DEPOSIT":null,"LOAN_EQUITY":null,"LOAN_ASSETS":null,"DEPOSIT_EQUITY":null,"DEPOSIT_ASSETS":null,"EQUITY_MULTIPLIER":1.330984731616,"EQUITY_RATIO":0.333622949567},{"SECUCODE":"00016.HK","SECURITY_CODE":"00016","SECURITY_NAME_ABBR":"新鸿基地产","ORG_CODE":"10007310","STD_REPORT_DATE":"2021-06-30 00:00:00","REPORT_DATE":"2021-12-31 00:00:00","DATE_TYPE_CODE":"002","REPORT_TYPE":"2021年中报","PER_NETCASH_OPERATE":1.133102336799,"PER_OI":11.329048339018,"BPS":169.506297357037,"BASIC_EPS":4.284224,"DILUTED_EPS":4.284224,"OPERATE_INCOME":32829092800,"OPERATE_INCOME_YOY":-12.8434990232,"GROSS_PROFIT":16270240000,"GROSS_PROFIT_YOY":-21.098768605919,"HOLDER_PROFIT":12416073600,"HOLDER_PROFIT_YOY":11.8426866991,"GROSS_PROFIT_RATIO":49.560431350086,"EPS_TTM":7.662722767227,"OPERATE_INCOME_QOQ":-10.869297698642,"NET_PROFIT_RATIO":38.6372126616,"ROE_AVG":2.542455882464,"GROSS_PROFIT_QOQ":-10.341236472732,"ROA":1.892659556834,"HOLDER_PROFIT_QOQ":16.251214923004,"ROE_YEARLY":5.084911764927,"ROIC_YEARLY":3.907733638006,"TOTAL_ASSETS":660871803200,"TOTAL_LIABILITIES":165776576000,"TAX_EBT":18.269939943104,"OCF_SALES":10.001743331756,"TOTAL_PARENT_EQUITY":491192004800,"DEBT_ASSET_RATIO":25.0845285269,"OPERATE_PROFIT":13823163200,"PRETAX_PROFIT":15519683200,"NETCASH_OPERATE":3283481600,"NETCASH_INVEST":-1900102400,"NETCASH_FINANCE":-4742080000,"END_CASH":14577808000,"DIVI_RATIO":0.445848441054,"DIVIDEND_RATE":4.901960784314,"CURRENT_RATIO":3.334930835421,"COMMON_ACS":null,"CURRENTDEBT_DEBT":36.224107318998,"ISSUED_COMMON_SHARES":2897780274,"HK_COMMON_SHARES":2897780274,"PER_SHARES":500,"TOTAL_MARKET_CAP":221680190961,"HKSK_MARKET_CAP":221680190961,"PE_TTM":11.639199357398,"PB_TTM":0.365376593966,"REPORT_DATE_SQ":"2020-06-30 00:00:00","REPORT_TYPE_SQ":"2020年中报","OPERATE_INCOME_SQ":38774354800,"DPS_HKD":3.75,"OPERATE_INCOME_QOQ_SQ":-2.198574280551,"NET_PROFIT_RATIO_SQ":30.334273931,"HOLDER_PROFIT_SQ":11427787920,"HOLDER_PROFIT_QOQ_SQ":-39.281061734941,"ROE_AVG_SQ":2.343232273029,"PE_TTM_SQ":9.411998087426,"PB_TTM_SQ":0.373741000866,"ROA_SQ":1.721654451855,"START_DATE":"2021-07-01 00:00:00","FISCAL_YEAR":"6-30","CURRENCY":"HKD","IS_CNY_CODE":0,"DPS_HKD_LY":4.95,"ORG_TYPE":"一般企业","PREMIUM_INCOME":null,"PREMIUM_INCOME_YOY":null,"NET_INTEREST_INCOME":null,"NET_INTEREST_INCOME_YOY":null,"FEE_COMMISSION_INCOME":null,"FEE_COMMISSION_INCOME_YOY":null,"ACCOUNTS_RECE_TDAYS":1.85190480583,"INVENTORY_TDAYS":0.100634524703,"CURRENT_ASSETS_TDAYS":0.164636708988,"TOTAL_ASSETS_TDAYS":0.050043434206,"PREMIUM_EXPENSE":null,"LOAN_DEPOSIT":null,"LOAN_EQUITY":null,"LOAN_ASSETS":null,"DEPOSIT_EQUITY":null,"DEPOSIT_ASSETS":null,"EQUITY_MULTIPLIER":1.334837758258,"EQUITY_RATIO":0.337498522737},{"SECUCODE":"00016.HK","SECURITY_CODE":"00016","SECURITY_NAME_ABBR":"新鸿基地产","ORG_CODE":"10007310","STD_REPORT_DATE":"2020-12-31 00:00:00","REPORT_DATE":"2021-06-30 00:00:00","DATE_TYPE_CODE":"001","REPORT_TYPE":"2020年年报","PER_NETCASH_OPERATE":4.49552528081,"PER_OI":24.482465284392,"BPS":170.511805202522,"BASIC_EPS":7.6634568,"DILUTED_EPS":7.6634568,"OPERATE_INCOME":70944804960,"OPERATE_INCOME_YOY":3.1565702394,"GROSS_PROFIT":37251389520,"GROSS_PROFIT_YOY":-3.214756715512,"HOLDER_PROFIT":22204886880,"HOLDER_PROFIT_YOY":13.4560605416,"GROSS_PROFIT_RATIO":52.507564917548,"EPS_TTM":6.591520589528,"OPERATE_INCOME_QOQ":5.427673613561,"NET_PROFIT_RATIO":32.1901902372,"ROE_AVG":4.563870413854,"GROSS_PROFIT_QOQ":7.948447510157,"ROA":3.347781088286,"HOLDER_PROFIT_QOQ":-11.097237291014,"ROE_YEARLY":4.563870413854,"ROIC_YEARLY":3.510925430002,"TOTAL_ASSETS":662684321520,"TOTAL_LIABILITIES":163747519440,"TAX_EBT":25.166321300033,"OCF_SALES":18.362224672187,"TOTAL_PARENT_EQUITY":494105745600,"DEBT_ASSET_RATIO":24.7097319376,"OPERATE_PROFIT":30990819600,"PRETAX_PROFIT":30517366080,"NETCASH_OPERATE":13027044480,"NETCASH_INVEST":-7954684800,"NETCASH_FINANCE":-14058823680,"END_CASH":18011203680,"DIVI_RATIO":0.518304229441,"DIVIDEND_RATE":4.901960784314,"CURRENT_RATIO":3.317436030547,"COMMON_ACS":null,"CURRENTDEBT_DEBT":37.195936847347,"ISSUED_COMMON_SHARES":2897780274,"HK_COMMON_SHARES":2897780274,"PER_SHARES":500,"TOTAL_MARKET_CAP":221680190961,"HKSK_MARKET_CAP":221680190961,"PE_TTM":11.639199357398,"PB_TTM":0.365376593966,"REPORT_DATE_SQ":"2019-12-31 00:00:00","REPORT_TYPE_SQ":"2019年年报","OPERATE_INCOME_SQ":75498556320,"DPS_HKD":3.75,"OPERATE_INCOME_QOQ_SQ":2.87726343343,"NET_PROFIT_RATIO_SQ":29.4169600619,"HOLDER_PROFIT_SQ":21485022240,"HOLDER_PROFIT_QOQ_SQ":-10.435810677849,"ROE_AVG_SQ":4.105445418399,"PE_TTM_SQ":9.411998087426,"PB_TTM_SQ":0.373741000866,"ROA_SQ":3.03694077378,"START_DATE":"2020-07-01 00:00:00","FISCAL_YEAR":"6-30","CURRENCY":"HKD","IS_CNY_CODE":0,"DPS_HKD_LY":4.95,"ORG_TYPE":"一般企业","PREMIUM_INCOME":null,"PREMIUM_INCOME_YOY":null,"NET_INTEREST_INCOME":null,"NET_INTEREST_INCOME_YOY":null,"FEE_COMMISSION_INCOME":null,"FEE_COMMISSION_INCOME_YOY":null,"ACCOUNTS_RECE_TDAYS":4.816790011864,"INVENTORY_TDAYS":0.203576527842,"CURRENT_ASSETS_TDAYS":0.32388531705,"TOTAL_ASSETS_TDAYS":0.106961894308,"PREMIUM_EXPENSE":null,"LOAN_DEPOSIT":null,"LOAN_EQUITY":null,"LOAN_ASSETS":null,"DEPOSIT_EQUITY":null,"DEPOSIT_ASSETS":null,"EQUITY_MULTIPLIER":1.328192906912,"EQUITY_RATIO":0.331401771581},{"SECUCODE":"00016.HK","SECURITY_CODE":"00016","SECURITY_NAME_ABBR":"新鸿基地产","ORG_CODE":"10007310","STD_REPORT_DATE":"2020-06-30 00:00:00","REPORT_DATE":"2020-12-31 00:00:00","DATE_TYPE_CODE":"002","REPORT_TYPE":"2020年中报","PER_NETCASH_OPERATE":4.635470301362,"PER_OI":13.380709071664,"BPS":169.411336478716,"BASIC_EPS":3.9472916,"DILUTED_EPS":3.9472916,"OPERATE_INCOME":38774354800,"OPERATE_INCOME_YOY":19.0101004882,"GROSS_PROFIT":20621021640,"GROSS_PROFIT_YOY":17.419971221688,"HOLDER_PROFIT":11427787920,"HOLDER_PROFIT_YOY":-11.9398145146,"GROSS_PROFIT_RATIO":53.182114174083,"EPS_TTM":7.414303435209,"OPERATE_INCOME_QOQ":-2.198574280551,"NET_PROFIT_RATIO":30.334273931,"ROE_AVG":2.343232273029,"GROSS_PROFIT_QOQ":-4.96795115934,"ROA":1.721654451855,"HOLDER_PROFIT_QOQ":-39.281061734941,"ROE_YEARLY":4.686464546057,"ROIC_YEARLY":3.616727564762,"TOTAL_ASSETS":656049121960,"TOTAL_LIABILITIES":160389651520,"TAX_EBT":22.853988407397,"OCF_SALES":34.642934664641,"TOTAL_PARENT_EQUITY":490916829040,"DEBT_ASSET_RATIO":24.4478113225,"OPERATE_PROFIT":17693797720,"PRETAX_PROFIT":15246308600,"NETCASH_OPERATE":13432574400,"NETCASH_INVEST":-2798453000,"NETCASH_FINANCE":-18325869360,"END_CASH":19495748960,"DIVI_RATIO":0.460786779211,"DIVIDEND_RATE":4.901960784314,"CURRENT_RATIO":3.08129066176,"COMMON_ACS":null,"CURRENTDEBT_DEBT":39.925380966374,"ISSUED_COMMON_SHARES":2897780274,"HK_COMMON_SHARES":2897780274,"PER_SHARES":500,"TOTAL_MARKET_CAP":221680190961,"HKSK_MARKET_CAP":221680190961,"PE_TTM":11.639199357398,"PB_TTM":0.365376593966,"REPORT_DATE_SQ":"2019-06-30 00:00:00","REPORT_TYPE_SQ":"2019年中报","OPERATE_INCOME_SQ":34676539580,"DPS_HKD":3.75,"OPERATE_INCOME_QOQ_SQ":28.026833653931,"NET_PROFIT_RATIO_SQ":41.1717599649,"HOLDER_PROFIT_SQ":13812031820,"HOLDER_PROFIT_QOQ_SQ":21.794427479801,"ROE_AVG_SQ":2.696129002927,"PE_TTM_SQ":9.411998087426,"PB_TTM_SQ":0.373741000866,"ROA_SQ":1.978406766025,"START_DATE":"2020-07-01 00:00:00","FISCAL_YEAR":"6-30","CURRENCY":"HKD","IS_CNY_CODE":0,"DPS_HKD_LY":4.95,"ORG_TYPE":"一般企业","PREMIUM_INCOME":null,"PREMIUM_INCOME_YOY":null,"NET_INTEREST_INCOME":null,"NET_INTEREST_INCOME_YOY":null,"FEE_COMMISSION_INCOME":null,"FEE_COMMISSION_INCOME_YOY":null,"ACCOUNTS_RECE_TDAYS":2.776555672744,"INVENTORY_TDAYS":0.110575099199,"CURRENT_ASSETS_TDAYS":0.177841428908,"TOTAL_ASSETS_TDAYS":0.058415540284,"PREMIUM_EXPENSE":null,"LOAN_DEPOSIT":null,"LOAN_EQUITY":null,"LOAN_ASSETS":null,"DEPOSIT_EQUITY":null,"DEPOSIT_ASSETS":null,"EQUITY_MULTIPLIER":1.323588393009,"EQUITY_RATIO":0.326714510549},{"SECUCODE":"00016.HK","SECURITY_CODE":"00016","SECURITY_NAME_ABBR":"新鸿基地产","ORG_CODE":"10007310","STD_REPORT_DATE":"2019-12-31 00:00:00","REPORT_DATE":"2020-06-30 00:00:00","DATE_TYPE_CODE":"001","REPORT_TYPE":"2019年年报","PER_NETCASH_OPERATE":15.088979075575,"PER_OI":26.053927206767,"BPS":180.247229718011,"BASIC_EPS":7.4171328,"DILUTED_EPS":7.4171328,"OPERATE_INCOME":75498556320,"OPERATE_INCOME_YOY":-3.1054371527,"GROSS_PROFIT":38488707840,"GROSS_PROFIT_YOY":-2.437012547677,"HOLDER_PROFIT":21485022240,"HOLDER_PROFIT_YOY":-47.6286961169,"GROSS_PROFIT_RATIO":50.979395787207,"EPS_TTM":12.210858172196,"OPERATE_INCOME_QOQ":2.87726343343,"NET_PROFIT_RATIO":29.4169600619,"ROE_AVG":4.105445418399,"GROSS_PROFIT_QOQ":2.66324744393,"ROA":3.03694077378,"HOLDER_PROFIT_QOQ":-10.435810677849,"ROE_YEARLY":4.105445418399,"ROIC_YEARLY":3.189590876422,"TOTAL_ASSETS":728770748640,"TOTAL_LIABILITIES":189462071040,"TAX_EBT":20.310707613648,"OCF_SALES":57.914413269936,"TOTAL_PARENT_EQUITY":525799813440,"DEBT_ASSET_RATIO":25.9974856831,"OPERATE_PROFIT":32386015200,"PRETAX_PROFIT":27869967840,"NETCASH_OPERATE":42474960000,"NETCASH_INVEST":-43570174560,"NETCASH_FINANCE":10341054240,"END_CASH":28453656000,"DIVI_RATIO":0.279784840002,"DIVIDEND_RATE":4.901960784314,"CURRENT_RATIO":2.914076143905,"COMMON_ACS":null,"CURRENTDEBT_DEBT":46.930805723763,"ISSUED_COMMON_SHARES":2897780274,"HK_COMMON_SHARES":2897780274,"PER_SHARES":500,"TOTAL_MARKET_CAP":221680190961,"HKSK_MARKET_CAP":221680190961,"PE_TTM":11.639199357398,"PB_TTM":0.365376593966,"REPORT_DATE_SQ":"2018-12-31 00:00:00","REPORT_TYPE_SQ":"2018年年报","OPERATE_INCOME_SQ":75036757320,"DPS_HKD":3.75,"OPERATE_INCOME_QOQ_SQ":-18.829724290417,"NET_PROFIT_RATIO_SQ":53.9366017209,"HOLDER_PROFIT_SQ":39507289920,"HOLDER_PROFIT_QOQ_SQ":-22.975915543241,"ROE_AVG_SQ":8.068968552905,"PE_TTM_SQ":9.411998087426,"PB_TTM_SQ":0.373741000866,"ROA_SQ":6.124441583802,"START_DATE":"2019-07-01 00:00:00","FISCAL_YEAR":"6-30","CURRENCY":"HKD","IS_CNY_CODE":0,"DPS_HKD_LY":4.95,"ORG_TYPE":"一般企业","PREMIUM_INCOME":null,"PREMIUM_INCOME_YOY":null,"NET_INTEREST_INCOME":null,"NET_INTEREST_INCOME_YOY":null,"FEE_COMMISSION_INCOME":null,"FEE_COMMISSION_INCOME_YOY":null,"ACCOUNTS_RECE_TDAYS":4.149246987952,"INVENTORY_TDAYS":0.206202303916,"CURRENT_ASSETS_TDAYS":0.314223963412,"TOTAL_ASSETS_TDAYS":0.10671836477,"PREMIUM_EXPENSE":null,"LOAN_DEPOSIT":null,"LOAN_EQUITY":null,"LOAN_ASSETS":null,"DEPOSIT_EQUITY":null,"DEPOSIT_ASSETS":null,"EQUITY_MULTIPLIER":1.351305437701,"EQUITY_RATIO":0.360331187264}],"count":49},"success":true,"message":"ok","code":0}