{"version":"ff780d8fa365bbb21a4f3037181a7f9b","result":{"pages":6,"data":[{"SECUCODE":"00012.HK","SECURITY_CODE":"00012","SECURITY_NAME_ABBR":"恒基地产","ORG_CODE":"10007307","STD_REPORT_DATE":"2024-06-30 00:00:00","REPORT_DATE":"2024-06-30 00:00:00","DATE_TYPE_CODE":"002","REPORT_TYPE":"2024年中报","PER_NETCASH_OPERATE":1.5264158712,"PER_OI":2.217327834637,"BPS":60.784040387114,"BASIC_EPS":0.6023688,"DILUTED_EPS":0.6023688,"OPERATE_INCOME":10734942160,"OPERATE_INCOME_YOY":14.4386067328,"GROSS_PROFIT":3805875600,"GROSS_PROFIT_YOY":-9.929363616617,"HOLDER_PROFIT":2896846320,"HOLDER_PROFIT_YOY":-46.7181467181,"GROSS_PROFIT_RATIO":35.453154225472,"EPS_TTM":1.197407866053,"OPERATE_INCOME_QOQ":5.038453663728,"NET_PROFIT_RATIO":33.8802924673,"ROE_AVG":0.978156357092,"GROSS_PROFIT_QOQ":-4.61591918645,"ROA":0.589142624859,"HOLDER_PROFIT_QOQ":-30.925081708218,"ROE_YEARLY":1.956312714184,"ROIC_YEARLY":1.26746558795,"TOTAL_ASSETS":488236340640,"TOTAL_LIABILITIES":177205948800,"TAX_EBT":6.696324045891,"OCF_SALES":68.840333276654,"TOTAL_PARENT_EQUITY":294279063120,"DEBT_ASSET_RATIO":36.2951165347,"OPERATE_PROFIT":3077556960,"PRETAX_PROFIT":3898056280,"NETCASH_OPERATE":7389969960,"NETCASH_INVEST":-971091520,"NETCASH_FINANCE":-14896762960,"END_CASH":8528081920,"DIVI_RATIO":1.364970154562,"DIVIDEND_RATE":8.490566037736,"CURRENT_RATIO":2.147417439835,"COMMON_ACS":null,"CURRENTDEBT_DEBT":28.977132262052,"ISSUED_COMMON_SHARES":4841387003,"HK_COMMON_SHARES":4841387003,"PER_SHARES":1000,"TOTAL_MARKET_CAP":102637404463.6,"HKSK_MARKET_CAP":102637404463.6,"PE_TTM":15.843995749244,"PB_TTM":0.31832066241,"REPORT_DATE_SQ":"2023-06-30 00:00:00","REPORT_TYPE_SQ":"2023年中报","OPERATE_INCOME_SQ":9476110440,"DPS_HKD":1.8,"OPERATE_INCOME_QOQ_SQ":5.900270486013,"NET_PROFIT_RATIO_SQ":59.5641175326,"HOLDER_PROFIT_SQ":5492234860,"HOLDER_PROFIT_QOQ_SQ":17.006964926274,"ROE_AVG_SQ":1.826706653665,"PE_TTM_SQ":9.901252344109,"PB_TTM_SQ":0.318017242629,"ROA_SQ":1.120461350949,"START_DATE":"2024-01-01 00:00:00","FISCAL_YEAR":"12-31","CURRENCY":"HKD","IS_CNY_CODE":0,"DPS_HKD_LY":1.8,"ORG_TYPE":"一般企业","PREMIUM_INCOME":null,"PREMIUM_INCOME_YOY":null,"NET_INTEREST_INCOME":null,"NET_INTEREST_INCOME_YOY":null,"FEE_COMMISSION_INCOME":null,"FEE_COMMISSION_INCOME_YOY":null,"ACCOUNTS_RECE_TDAYS":0.859858176767,"INVENTORY_TDAYS":0.082239710558,"CURRENT_ASSETS_TDAYS":0.092265453404,"TOTAL_ASSETS_TDAYS":0.021832059085,"PREMIUM_EXPENSE":null,"LOAN_DEPOSIT":null,"LOAN_EQUITY":null,"LOAN_ASSETS":null,"DEPOSIT_EQUITY":null,"DEPOSIT_ASSETS":null,"EQUITY_MULTIPLIER":1.56973837107,"EQUITY_RATIO":0.602169746367},{"SECUCODE":"00012.HK","SECURITY_CODE":"00012","SECURITY_NAME_ABBR":"恒基地产","ORG_CODE":"10007307","STD_REPORT_DATE":"2023-12-31 00:00:00","REPORT_DATE":"2023-12-31 00:00:00","DATE_TYPE_CODE":"001","REPORT_TYPE":"2023年年报","PER_NETCASH_OPERATE":2.706650220666,"PER_OI":5.160604881312,"BPS":61.122750785391,"BASIC_EPS":1.7308802,"DILUTED_EPS":1.7308802,"OPERATE_INCOME":24984485400,"OPERATE_INCOME_YOY":7.9018433721,"GROSS_PROFIT":9089386600,"GROSS_PROFIT_YOY":-1.895411845404,"HOLDER_PROFIT":8392503420,"HOLDER_PROFIT_YOY":0.2381210088,"GROSS_PROFIT_RATIO":36.380123322452,"EPS_TTM":1.733491541742,"OPERATE_INCOME_QOQ":3.367184881192,"NET_PROFIT_RATIO":35.4660863257,"ROE_AVG":2.829989763022,"GROSS_PROFIT_QOQ":-4.280313939508,"ROA":1.727250685417,"HOLDER_PROFIT_QOQ":-13.089530329489,"ROE_YEARLY":2.829989763022,"ROIC_YEARLY":1.849776792402,"TOTAL_ASSETS":491669661000,"TOTAL_LIABILITIES":179839359000,"TAX_EBT":6.376867100728,"OCF_SALES":52.448313384113,"TOTAL_PARENT_EQUITY":295918891240,"DEBT_ASSET_RATIO":36.577273984,"OPERATE_PROFIT":5624907540,"PRETAX_PROFIT":9464561680,"NETCASH_OPERATE":13103941200,"NETCASH_INVEST":14499520,"NETCASH_FINANCE":-4908993740,"END_CASH":16890128360,"DIVI_RATIO":0.942852018971,"DIVIDEND_RATE":7.2,"CURRENT_RATIO":2.230718062993,"COMMON_ACS":null,"CURRENTDEBT_DEBT":30.30183925422,"ISSUED_COMMON_SHARES":4841387003,"HK_COMMON_SHARES":4841387003,"PER_SHARES":1000,"TOTAL_MARKET_CAP":121034675075,"HKSK_MARKET_CAP":121034675075,"PE_TTM":18.683957251467,"PB_TTM":0.375378139635,"REPORT_DATE_SQ":"2022-12-31 00:00:00","REPORT_TYPE_SQ":"2022年年报","OPERATE_INCOME_SQ":22823941770,"DPS_HKD":1.8,"OPERATE_INCOME_QOQ_SQ":13.838164415605,"NET_PROFIT_RATIO_SQ":37.1922821025,"HOLDER_PROFIT_SQ":8252921530,"HOLDER_PROFIT_QOQ_SQ":-12.460027023177,"ROE_AVG_SQ":2.78716318133,"PE_TTM_SQ":10.20340323724,"PB_TTM_SQ":0.327721994165,"ROA_SQ":1.710777024963,"START_DATE":"2023-01-01 00:00:00","FISCAL_YEAR":"12-31","CURRENCY":"HKD","IS_CNY_CODE":0,"DPS_HKD_LY":1.8,"ORG_TYPE":"一般企业","PREMIUM_INCOME":null,"PREMIUM_INCOME_YOY":null,"NET_INTEREST_INCOME":null,"NET_INTEREST_INCOME_YOY":null,"FEE_COMMISSION_INCOME":null,"FEE_COMMISSION_INCOME_YOY":null,"ACCOUNTS_RECE_TDAYS":1.96164929382,"INVENTORY_TDAYS":0.183260022359,"CURRENT_ASSETS_TDAYS":0.212971402969,"TOTAL_ASSETS_TDAYS":0.0514202585,"PREMIUM_EXPENSE":null,"LOAN_DEPOSIT":null,"LOAN_EQUITY":null,"LOAN_ASSETS":null,"DEPOSIT_EQUITY":null,"DEPOSIT_ASSETS":null,"EQUITY_MULTIPLIER":1.576721883174,"EQUITY_RATIO":0.607731930349},{"SECUCODE":"00012.HK","SECURITY_CODE":"00012","SECURITY_NAME_ABBR":"恒基地产","ORG_CODE":"10007307","STD_REPORT_DATE":"2023-06-30 00:00:00","REPORT_DATE":"2023-06-30 00:00:00","DATE_TYPE_CODE":"002","REPORT_TYPE":"2023年中报","PER_NETCASH_OPERATE":1.09729892626,"PER_OI":1.957313148924,"BPS":61.751915832125,"BASIC_EPS":1.1340354,"DILUTED_EPS":1.1340354,"OPERATE_INCOME":9476110440,"OPERATE_INCOME_YOY":8.121186619,"GROSS_PROFIT":4225434340,"GROSS_PROFIT_YOY":5.778858558861,"HOLDER_PROFIT":5492234860,"HOLDER_PROFIT_YOY":24.5973645681,"GROSS_PROFIT_RATIO":44.590387234871,"EPS_TTM":1.994571595705,"OPERATE_INCOME_QOQ":5.900270486013,"NET_PROFIT_RATIO":59.5641175326,"ROE_AVG":1.826706653665,"GROSS_PROFIT_QOQ":2.49154817808,"ROA":1.120461350949,"HOLDER_PROFIT_QOQ":17.006964926274,"ROE_YEARLY":3.65341330733,"ROIC_YEARLY":2.381368797353,"TOTAL_ASSETS":491896613560,"TOTAL_LIABILITIES":176979592880,"TAX_EBT":1.875300528931,"OCF_SALES":56.061490562366,"TOTAL_PARENT_EQUITY":298964922720,"DEBT_ASSET_RATIO":35.9790224208,"OPERATE_PROFIT":4111108820,"PRETAX_PROFIT":5752233220,"NETCASH_OPERATE":5312448760,"NETCASH_INVEST":-1630982620,"NETCASH_FINANCE":-4574864760,"END_CASH":7917964240,"DIVI_RATIO":0.819437117985,"DIVIDEND_RATE":7.2,"CURRENT_RATIO":2.235941006184,"COMMON_ACS":null,"CURRENTDEBT_DEBT":30.412698743462,"ISSUED_COMMON_SHARES":4841387003,"HK_COMMON_SHARES":4841387003,"PER_SHARES":1000,"TOTAL_MARKET_CAP":121034675075,"HKSK_MARKET_CAP":121034675075,"PE_TTM":18.683957251467,"PB_TTM":0.375378139635,"REPORT_DATE_SQ":"2022-06-30 00:00:00","REPORT_TYPE_SQ":"2022年中报","OPERATE_INCOME_SQ":8129436140,"DPS_HKD":1.8,"OPERATE_INCOME_QOQ_SQ":4.230622380232,"NET_PROFIT_RATIO_SQ":51.5358720808,"HOLDER_PROFIT_SQ":4088663390,"HOLDER_PROFIT_QOQ_SQ":-12.612154892479,"ROE_AVG_SQ":1.438158579469,"PE_TTM_SQ":10.20340323724,"PB_TTM_SQ":0.327721994165,"ROA_SQ":0.873057032665,"START_DATE":"2023-01-01 00:00:00","FISCAL_YEAR":"12-31","CURRENCY":"HKD","IS_CNY_CODE":0,"DPS_HKD_LY":1.8,"ORG_TYPE":"一般企业","PREMIUM_INCOME":null,"PREMIUM_INCOME_YOY":null,"NET_INTEREST_INCOME":null,"NET_INTEREST_INCOME_YOY":null,"FEE_COMMISSION_INCOME":null,"FEE_COMMISSION_INCOME_YOY":null,"ACCOUNTS_RECE_TDAYS":0.747762822845,"INVENTORY_TDAYS":0.05742808884,"CURRENT_ASSETS_TDAYS":0.080517669547,"TOTAL_ASSETS_TDAYS":0.019332049295,"PREMIUM_EXPENSE":null,"LOAN_DEPOSIT":null,"LOAN_EQUITY":null,"LOAN_ASSETS":null,"DEPOSIT_EQUITY":null,"DEPOSIT_ASSETS":null,"EQUITY_MULTIPLIER":1.561988019884,"EQUITY_RATIO":0.591974440579},{"SECUCODE":"00012.HK","SECURITY_CODE":"00012","SECURITY_NAME_ABBR":"恒基地产","ORG_CODE":"10007307","STD_REPORT_DATE":"2022-12-31 00:00:00","REPORT_DATE":"2022-12-31 00:00:00","DATE_TYPE_CODE":"001","REPORT_TYPE":"2022年年报","PER_NETCASH_OPERATE":2.053747895766,"PER_OI":4.714339455998,"BPS":60.508715741682,"BASIC_EPS":1.7061457,"DILUTED_EPS":1.7061457,"OPERATE_INCOME":22823941770,"OPERATE_INCOME_YOY":8.6028817954,"GROSS_PROFIT":9264996440,"GROSS_PROFIT_YOY":-6.20805488976,"HOLDER_PROFIT":8252921530,"HOLDER_PROFIT_YOY":-29.9810534293,"GROSS_PROFIT_RATIO":40.593323157606,"EPS_TTM":1.704660570387,"OPERATE_INCOME_QOQ":13.838164415605,"NET_PROFIT_RATIO":37.1922821025,"ROE_AVG":2.78716318133,"GROSS_PROFIT_QOQ":-7.683435120049,"ROA":1.710777024963,"HOLDER_PROFIT_QOQ":-12.460027023177,"ROE_YEARLY":2.78716318133,"ROIC_YEARLY":1.81167519658,"TOTAL_ASSETS":473245513300,"TOTAL_LIABILITIES":164931586260,"TAX_EBT":11.846011131725,"OCF_SALES":43.563852686783,"TOTAL_PARENT_EQUITY":292946109960,"DEBT_ASSET_RATIO":34.8511674437,"OPERATE_PROFIT":6427077650,"PRETAX_PROFIT":9629450600,"NETCASH_OPERATE":9942988370,"NETCASH_INVEST":10849657420,"NETCASH_FINANCE":-19031117350,"END_CASH":8630774740,"DIVI_RATIO":0.958798501234,"DIVIDEND_RATE":7.2,"CURRENT_RATIO":2.063134570229,"COMMON_ACS":null,"CURRENTDEBT_DEBT":32.752737789621,"ISSUED_COMMON_SHARES":4841387003,"HK_COMMON_SHARES":4841387003,"PER_SHARES":1000,"TOTAL_MARKET_CAP":121034675075,"HKSK_MARKET_CAP":121034675075,"PE_TTM":18.683957251467,"PB_TTM":0.375378139635,"REPORT_DATE_SQ":"2021-12-31 00:00:00","REPORT_TYPE_SQ":"2021年年报","OPERATE_INCOME_SQ":19235675200,"DPS_HKD":1.8,"OPERATE_INCOME_QOQ_SQ":4.668531256271,"NET_PROFIT_RATIO_SQ":56.7858205466,"HOLDER_PROFIT_SQ":10788232000,"HOLDER_PROFIT_QOQ_SQ":-5.685712961476,"ROE_AVG_SQ":3.982632763229,"PE_TTM_SQ":10.20340323724,"PB_TTM_SQ":0.327721994165,"ROA_SQ":2.60927771752,"START_DATE":"2022-01-01 00:00:00","FISCAL_YEAR":"12-31","CURRENCY":"HKD","IS_CNY_CODE":0,"DPS_HKD_LY":1.8,"ORG_TYPE":"一般企业","PREMIUM_INCOME":null,"PREMIUM_INCOME_YOY":null,"NET_INTEREST_INCOME":null,"NET_INTEREST_INCOME_YOY":null,"FEE_COMMISSION_INCOME":null,"FEE_COMMISSION_INCOME_YOY":null,"ACCOUNTS_RECE_TDAYS":1.674816465653,"INVENTORY_TDAYS":0.147056259022,"CURRENT_ASSETS_TDAYS":0.193609983974,"TOTAL_ASSETS_TDAYS":0.047312548723,"PREMIUM_EXPENSE":null,"LOAN_DEPOSIT":null,"LOAN_EQUITY":null,"LOAN_ASSETS":null,"DEPOSIT_EQUITY":null,"DEPOSIT_ASSETS":null,"EQUITY_MULTIPLIER":1.534946921936,"EQUITY_RATIO":0.563009989389},{"SECUCODE":"00012.HK","SECURITY_CODE":"00012","SECURITY_NAME_ABBR":"恒基地产","ORG_CODE":"10007307","STD_REPORT_DATE":"2022-06-30 00:00:00","REPORT_DATE":"2022-06-30 00:00:00","DATE_TYPE_CODE":"002","REPORT_TYPE":"2022年中报","PER_NETCASH_OPERATE":0.556420814599,"PER_OI":1.679154369391,"BPS":58.26662128956,"BASIC_EPS":0.8466381,"DILUTED_EPS":0.8466381,"OPERATE_INCOME":8129436140,"OPERATE_INCOME_YOY":8.1210191083,"GROSS_PROFIT":3994592490,"GROSS_PROFIT_YOY":4.11475358614,"HOLDER_PROFIT":4088663390,"HOLDER_PROFIT_YOY":-26.9964880134,"GROSS_PROFIT_RATIO":49.137386913528,"EPS_TTM":1.947293918903,"OPERATE_INCOME_QOQ":4.230622380232,"NET_PROFIT_RATIO":51.5358720808,"ROE_AVG":1.438158579469,"GROSS_PROFIT_QOQ":1.598174966982,"ROA":0.873057032665,"HOLDER_PROFIT_QOQ":-12.612154892479,"ROE_YEARLY":2.876317158937,"ROIC_YEARLY":1.850884018753,"TOTAL_ASSETS":466016976320,"TOTAL_LIABILITIES":169177106560,"TAX_EBT":11.185641769398,"OCF_SALES":33.136966126657,"TOTAL_PARENT_EQUITY":282091263020,"DEBT_ASSET_RATIO":36.3027776147,"OPERATE_PROFIT":2975206010,"PRETAX_PROFIT":4717228040,"NETCASH_OPERATE":2693848500,"NETCASH_INVEST":5403945610,"NETCASH_FINANCE":-7458967180,"END_CASH":7468374270,"DIVI_RATIO":0.839331948882,"DIVIDEND_RATE":7.2,"CURRENT_RATIO":2.102097880004,"COMMON_ACS":null,"CURRENTDEBT_DEBT":31.999150760272,"ISSUED_COMMON_SHARES":4841387003,"HK_COMMON_SHARES":4841387003,"PER_SHARES":1000,"TOTAL_MARKET_CAP":121034675075,"HKSK_MARKET_CAP":121034675075,"PE_TTM":18.683957251467,"PB_TTM":0.375378139635,"REPORT_DATE_SQ":"2021-06-30 00:00:00","REPORT_TYPE_SQ":"2021年中报","OPERATE_INCOME_SQ":7315647360,"DPS_HKD":1.8,"OPERATE_INCOME_QOQ_SQ":-12.727456739993,"NET_PROFIT_RATIO_SQ":75.2843494086,"HOLDER_PROFIT_SQ":5449291920,"HOLDER_PROFIT_QOQ_SQ":33.348154201743,"ROE_AVG_SQ":1.995952626221,"PE_TTM_SQ":10.20340323724,"PB_TTM_SQ":0.327721994165,"ROA_SQ":1.380038436251,"START_DATE":"2022-01-01 00:00:00","FISCAL_YEAR":"12-31","CURRENCY":"HKD","IS_CNY_CODE":0,"DPS_HKD_LY":1.8,"ORG_TYPE":"一般企业","PREMIUM_INCOME":null,"PREMIUM_INCOME_YOY":null,"NET_INTEREST_INCOME":null,"NET_INTEREST_INCOME_YOY":null,"FEE_COMMISSION_INCOME":null,"FEE_COMMISSION_INCOME_YOY":null,"ACCOUNTS_RECE_TDAYS":0.588989745655,"INVENTORY_TDAYS":0.045794441208,"CURRENT_ASSETS_TDAYS":0.069834413247,"TOTAL_ASSETS_TDAYS":0.017358879215,"PREMIUM_EXPENSE":null,"LOAN_DEPOSIT":null,"LOAN_EQUITY":null,"LOAN_ASSETS":null,"DEPOSIT_EQUITY":null,"DEPOSIT_ASSETS":null,"EQUITY_MULTIPLIER":1.569927168803,"EQUITY_RATIO":0.599724730035},{"SECUCODE":"00012.HK","SECURITY_CODE":"00012","SECURITY_NAME_ABBR":"恒基地产","ORG_CODE":"10007307","STD_REPORT_DATE":"2021-12-31 00:00:00","REPORT_DATE":"2021-12-31 00:00:00","DATE_TYPE_CODE":"001","REPORT_TYPE":"2021年年报","PER_NETCASH_OPERATE":0.115680898811,"PER_OI":3.973174461798,"BPS":56.577247766037,"BASIC_EPS":2.232048,"DILUTED_EPS":2.232048,"OPERATE_INCOME":19235675200,"OPERATE_INCOME_YOY":-5.967226219,"GROSS_PROFIT":9878243200,"GROSS_PROFIT_YOY":-23.303284085564,"HOLDER_PROFIT":10788232000,"HOLDER_PROFIT_YOY":29.4642857143,"GROSS_PROFIT_RATIO":51.353763760786,"EPS_TTM":2.228334977831,"OPERATE_INCOME_QOQ":4.668531256271,"NET_PROFIT_RATIO":56.7858205466,"ROE_AVG":3.982632763229,"GROSS_PROFIT_QOQ":-9.240886049547,"ROA":2.60927771752,"HOLDER_PROFIT_QOQ":-5.685712961476,"ROE_YEARLY":3.982632763229,"ROIC_YEARLY":2.720038094963,"TOTAL_ASSETS":449928550400,"TOTAL_LIABILITIES":161987000000,"TAX_EBT":13.122642736377,"OCF_SALES":2.911548433714,"TOTAL_PARENT_EQUITY":273912352000,"DEBT_ASSET_RATIO":36.0028275281,"OPERATE_PROFIT":9851262400,"PRETAX_PROFIT":12573052800,"NETCASH_OPERATE":560056000,"NETCASH_INVEST":-40915974400,"NETCASH_FINANCE":42556897600,"END_CASH":6625830400,"DIVI_RATIO":0.733474103427,"DIVIDEND_RATE":7.2,"CURRENT_RATIO":2.200531250494,"COMMON_ACS":null,"CURRENTDEBT_DEBT":31.922776025237,"ISSUED_COMMON_SHARES":4841387003,"HK_COMMON_SHARES":4841387003,"PER_SHARES":1000,"TOTAL_MARKET_CAP":121034675075,"HKSK_MARKET_CAP":121034675075,"PE_TTM":18.683957251467,"PB_TTM":0.375378139635,"REPORT_DATE_SQ":"2020-12-31 00:00:00","REPORT_TYPE_SQ":"2020年年报","OPERATE_INCOME_SQ":21057832800,"DPS_HKD":1.8,"OPERATE_INCOME_QOQ_SQ":-14.079686105443,"NET_PROFIT_RATIO_SQ":41.0991207034,"HOLDER_PROFIT_SQ":8577994880,"HOLDER_PROFIT_QOQ_SQ":-23.417114875159,"ROE_AVG_SQ":3.143457247809,"PE_TTM_SQ":10.20340323724,"PB_TTM_SQ":0.327721994165,"ROA_SQ":2.224521243392,"START_DATE":"2021-01-01 00:00:00","FISCAL_YEAR":"12-31","CURRENCY":"HKD","IS_CNY_CODE":0,"DPS_HKD_LY":1.8,"ORG_TYPE":"一般企业","PREMIUM_INCOME":null,"PREMIUM_INCOME_YOY":null,"NET_INTEREST_INCOME":null,"NET_INTEREST_INCOME_YOY":null,"FEE_COMMISSION_INCOME":null,"FEE_COMMISSION_INCOME_YOY":null,"ACCOUNTS_RECE_TDAYS":1.438608291549,"INVENTORY_TDAYS":0.108876088642,"CURRENT_ASSETS_TDAYS":0.178072963972,"TOTAL_ASSETS_TDAYS":0.046524044608,"PREMIUM_EXPENSE":null,"LOAN_DEPOSIT":null,"LOAN_EQUITY":null,"LOAN_ASSETS":null,"DEPOSIT_EQUITY":null,"DEPOSIT_ASSETS":null,"EQUITY_MULTIPLIER":1.562569034498,"EQUITY_RATIO":0.591382604024},{"SECUCODE":"00012.HK","SECURITY_CODE":"00012","SECURITY_NAME_ABBR":"恒基地产","ORG_CODE":"10007307","STD_REPORT_DATE":"2021-06-30 00:00:00","REPORT_DATE":"2021-06-30 00:00:00","DATE_TYPE_CODE":"002","REPORT_TYPE":"2021年中报","PER_NETCASH_OPERATE":-0.299222367289,"PER_OI":1.511064361404,"BPS":56.479467869551,"BASIC_EPS":1.123308,"DILUTED_EPS":1.123308,"OPERATE_INCOME":7315647360,"OPERATE_INCOME_YOY":-19.6564013525,"GROSS_PROFIT":3836720880,"GROSS_PROFIT_YOY":-34.216151310362,"HOLDER_PROFIT":5449291920,"HOLDER_PROFIT_YOY":131.0868031052,"GROSS_PROFIT_RATIO":52.445404913558,"EPS_TTM":2.362669588883,"OPERATE_INCOME_QOQ":-12.727456739993,"NET_PROFIT_RATIO":75.2843494086,"ROE_AVG":1.995952626221,"GROSS_PROFIT_QOQ":-15.494199341451,"ROA":1.380038436251,"HOLDER_PROFIT_QOQ":33.348154201743,"ROE_YEARLY":3.991905252443,"ROIC_YEARLY":2.894460901685,"TOTAL_ASSETS":406069185360,"TOTAL_LIABILITIES":118242728400,"TAX_EBT":8.665654753691,"OCF_SALES":-19.802092811647,"TOTAL_PARENT_EQUITY":273438961680,"DEBT_ASSET_RATIO":29.1188626626,"OPERATE_PROFIT":4055557920,"PRETAX_PROFIT":6030083760,"NETCASH_OPERATE":-1448651280,"NETCASH_INVEST":6570103680,"NETCASH_FINANCE":-1308861840,"END_CASH":8303326320,"DIVI_RATIO":0.69177087126,"DIVIDEND_RATE":7.2,"CURRENT_RATIO":2.707575904549,"COMMON_ACS":null,"CURRENTDEBT_DEBT":36.272474578657,"ISSUED_COMMON_SHARES":4841387003,"HK_COMMON_SHARES":4841387003,"PER_SHARES":1000,"TOTAL_MARKET_CAP":121034675075,"HKSK_MARKET_CAP":121034675075,"PE_TTM":18.683957251467,"PB_TTM":0.375378139635,"REPORT_DATE_SQ":"2020-06-30 00:00:00","REPORT_TYPE_SQ":"2020年中报","OPERATE_INCOME_SQ":9995773920,"DPS_HKD":1.8,"OPERATE_INCOME_QOQ_SQ":13.132744314768,"NET_PROFIT_RATIO_SQ":26.1171525176,"HOLDER_PROFIT_SQ":2588688960,"HOLDER_PROFIT_QOQ_SQ":-26.420457458981,"ROE_AVG_SQ":0.890550859441,"PE_TTM_SQ":10.20340323724,"PB_TTM_SQ":0.327721994165,"ROA_SQ":0.622855773943,"START_DATE":"2021-01-01 00:00:00","FISCAL_YEAR":"12-31","CURRENCY":"HKD","IS_CNY_CODE":0,"DPS_HKD_LY":1.8,"ORG_TYPE":"一般企业","PREMIUM_INCOME":null,"PREMIUM_INCOME_YOY":null,"NET_INTEREST_INCOME":null,"NET_INTEREST_INCOME_YOY":null,"FEE_COMMISSION_INCOME":null,"FEE_COMMISSION_INCOME_YOY":null,"ACCOUNTS_RECE_TDAYS":0.48592035814,"INVENTORY_TDAYS":0.040921792494,"CURRENT_ASSETS_TDAYS":0.066448748229,"TOTAL_ASSETS_TDAYS":0.018526947521,"PREMIUM_EXPENSE":null,"LOAN_DEPOSIT":null,"LOAN_EQUITY":null,"LOAN_ASSETS":null,"DEPOSIT_EQUITY":null,"DEPOSIT_ASSETS":null,"EQUITY_MULTIPLIER":1.41081257661,"EQUITY_RATIO":0.432428238001},{"SECUCODE":"00012.HK","SECURITY_CODE":"00012","SECURITY_NAME_ABBR":"恒基地产","ORG_CODE":"10007307","STD_REPORT_DATE":"2020-12-31 00:00:00","REPORT_DATE":"2020-12-31 00:00:00","DATE_TYPE_CODE":"001","REPORT_TYPE":"2020年年报","PER_NETCASH_OPERATE":1.229415883571,"PER_OI":4.349545447813,"BPS":56.952099741075,"BASIC_EPS":1.7758604,"DILUTED_EPS":1.7758604,"OPERATE_INCOME":21057832800,"OPERATE_INCOME_YOY":3.4568309626,"GROSS_PROFIT":12879616920,"GROSS_PROFIT_YOY":12.276298556118,"HOLDER_PROFIT":8577994880,"HOLDER_PROFIT_YOY":-40.0258914911,"GROSS_PROFIT_RATIO":61.163069544365,"EPS_TTM":1.771805243969,"OPERATE_INCOME_QOQ":-14.079686105443,"NET_PROFIT_RATIO":41.0991207034,"ROE_AVG":3.143457247809,"GROSS_PROFIT_QOQ":-5.665146097892,"ROA":2.224521243392,"HOLDER_PROFIT_QOQ":-23.417114875159,"ROE_YEARLY":3.143457247809,"ROIC_YEARLY":2.295477400516,"TOTAL_ASSETS":388069262680,"TOTAL_LIABILITIES":108483187800,"TAX_EBT":19.120654396728,"OCF_SALES":28.265387689848,"TOTAL_PARENT_EQUITY":275727155480,"DEBT_ASSET_RATIO":27.9545942523,"OPERATE_PROFIT":8212723120,"PRETAX_PROFIT":10700610960,"NETCASH_OPERATE":5952078080,"NETCASH_INVEST":-819757360,"NETCASH_FINANCE":-9048471640,"END_CASH":4508665480,"DIVI_RATIO":0.92246368813,"DIVIDEND_RATE":7.2,"CURRENT_RATIO":2.284839959076,"COMMON_ACS":null,"CURRENTDEBT_DEBT":42.465572753016,"ISSUED_COMMON_SHARES":4841387003,"HK_COMMON_SHARES":4841387003,"PER_SHARES":1000,"TOTAL_MARKET_CAP":121034675075,"HKSK_MARKET_CAP":121034675075,"PE_TTM":18.683957251467,"PB_TTM":0.375378139635,"REPORT_DATE_SQ":"2019-12-31 00:00:00","REPORT_TYPE_SQ":"2019年年报","OPERATE_INCOME_SQ":21663543520,"DPS_HKD":1.8,"OPERATE_INCOME_QOQ_SQ":41.302124452676,"NET_PROFIT_RATIO_SQ":70.497022825,"HOLDER_PROFIT_SQ":15222885320,"HOLDER_PROFIT_QOQ_SQ":-28.324492416415,"ROE_AVG_SQ":5.360849458363,"PE_TTM_SQ":10.20340323724,"PB_TTM_SQ":0.327721994165,"ROA_SQ":3.79181816052,"START_DATE":"2020-01-01 00:00:00","FISCAL_YEAR":"12-31","CURRENCY":"HKD","IS_CNY_CODE":0,"DPS_HKD_LY":1.8,"ORG_TYPE":"一般企业","PREMIUM_INCOME":null,"PREMIUM_INCOME_YOY":null,"NET_INTEREST_INCOME":null,"NET_INTEREST_INCOME_YOY":null,"FEE_COMMISSION_INCOME":null,"FEE_COMMISSION_INCOME_YOY":null,"ACCOUNTS_RECE_TDAYS":1.627369995772,"INVENTORY_TDAYS":0.096420810304,"CURRENT_ASSETS_TDAYS":0.197153022107,"TOTAL_ASSETS_TDAYS":0.054609028169,"PREMIUM_EXPENSE":null,"LOAN_DEPOSIT":null,"LOAN_EQUITY":null,"LOAN_ASSETS":null,"DEPOSIT_EQUITY":null,"DEPOSIT_ASSETS":null,"EQUITY_MULTIPLIER":1.388013558424,"EQUITY_RATIO":0.39344397403},{"SECUCODE":"00012.HK","SECURITY_CODE":"00012","SECURITY_NAME_ABBR":"恒基地产","ORG_CODE":"10007307","STD_REPORT_DATE":"2020-06-30 00:00:00","REPORT_DATE":"2020-06-30 00:00:00","DATE_TYPE_CODE":"002","REPORT_TYPE":"2020年中报","PER_NETCASH_OPERATE":-0.702430340291,"PER_OI":2.064650876661,"BPS":59.546961393782,"BASIC_EPS":0.5389296,"DILUTED_EPS":0.5389296,"OPERATE_INCOME":9995773920,"OPERATE_INCOME_YOY":34.6168040349,"GROSS_PROFIT":5832314400,"GROSS_PROFIT_YOY":59.763654577385,"HOLDER_PROFIT":2588688960,"HOLDER_PROFIT_YOY":-62.2887558217,"GROSS_PROFIT_RATIO":58.347802248012,"EPS_TTM":2.31357860321,"OPERATE_INCOME_QOQ":13.132744314768,"NET_PROFIT_RATIO":26.1171525176,"ROE_AVG":0.890550859441,"GROSS_PROFIT_QOQ":19.018892712367,"ROA":0.622855773943,"HOLDER_PROFIT_QOQ":-26.420457458981,"ROE_YEARLY":1.781101718883,"ROIC_YEARLY":1.292586895568,"TOTAL_ASSETS":415393234080,"TOTAL_LIABILITIES":123033973920,"TAX_EBT":37.570991699432,"OCF_SALES":-34.021749063328,"TOTAL_PARENT_EQUITY":288289884960,"DEBT_ASSET_RATIO":29.6186754684,"OPERATE_PROFIT":3189732480,"PRETAX_PROFIT":4181728320,"NETCASH_OPERATE":-3400737120,"NETCASH_INVEST":4553498400,"NETCASH_FINANCE":-184514880,"END_CASH":9556409280,"DIVI_RATIO":0.706449306599,"DIVIDEND_RATE":7.2,"CURRENT_RATIO":2.280414817872,"COMMON_ACS":null,"CURRENTDEBT_DEBT":43.169281254408,"ISSUED_COMMON_SHARES":4841387003,"HK_COMMON_SHARES":4841387003,"PER_SHARES":1000,"TOTAL_MARKET_CAP":121034675075,"HKSK_MARKET_CAP":121034675075,"PE_TTM":18.683957251467,"PB_TTM":0.375378139635,"REPORT_DATE_SQ":"2019-06-30 00:00:00","REPORT_TYPE_SQ":"2019年中报","OPERATE_INCOME_SQ":7150756140,"DPS_HKD":1.8,"OPERATE_INCOME_QOQ_SQ":-20.400497732462,"NET_PROFIT_RATIO_SQ":92.5821134211,"HOLDER_PROFIT_SQ":6610644900,"HOLDER_PROFIT_QOQ_SQ":-22.202200111375,"ROE_AVG_SQ":2.393925831304,"PE_TTM_SQ":10.20340323724,"PB_TTM_SQ":0.327721994165,"ROA_SQ":1.688301184844,"START_DATE":"2020-01-01 00:00:00","FISCAL_YEAR":"12-31","CURRENCY":"HKD","IS_CNY_CODE":0,"DPS_HKD_LY":1.8,"ORG_TYPE":"一般企业","PREMIUM_INCOME":null,"PREMIUM_INCOME_YOY":null,"NET_INTEREST_INCOME":null,"NET_INTEREST_INCOME_YOY":null,"FEE_COMMISSION_INCOME":null,"FEE_COMMISSION_INCOME_YOY":null,"ACCOUNTS_RECE_TDAYS":0.649012514086,"INVENTORY_TDAYS":0.04533406271,"CURRENT_ASSETS_TDAYS":0.083743069559,"TOTAL_ASSETS_TDAYS":0.024050496592,"PREMIUM_EXPENSE":null,"LOAN_DEPOSIT":null,"LOAN_EQUITY":null,"LOAN_ASSETS":null,"DEPOSIT_EQUITY":null,"DEPOSIT_ASSETS":null,"EQUITY_MULTIPLIER":1.420831458708,"EQUITY_RATIO":0.426771733379}],"count":50},"success":true,"message":"ok","code":0}