{"version":"40213ffbe1250c3b523163844db58c9f","result":{"pages":6,"data":[{"SECUCODE":"00022.HK","SECURITY_CODE":"00022","SECURITY_NAME_ABBR":"茂盛控股","ORG_CODE":"10007316","STD_REPORT_DATE":"2024-06-30 00:00:00","REPORT_DATE":"2024-09-30 00:00:00","DATE_TYPE_CODE":"002","REPORT_TYPE":"2024年中报","PER_NETCASH_OPERATE":0.00822732528,"PER_OI":0.026631035619,"BPS":0.170751853332,"BASIC_EPS":-0.00450895,"DILUTED_EPS":-0.00450895,"OPERATE_INCOME":52366945.3,"OPERATE_INCOME_YOY":-31.2764799167,"GROSS_PROFIT":24797421.42,"GROSS_PROFIT_YOY":-21.721414195429,"HOLDER_PROFIT":-8861890.33,"HOLDER_PROFIT_YOY":-3.5183819657,"GROSS_PROFIT_RATIO":47.353194420527,"EPS_TTM":-0.009293301294,"OPERATE_INCOME_QOQ":0,"NET_PROFIT_RATIO":-17.0518339935,"ROE_AVG":-2.604941887821,"GROSS_PROFIT_QOQ":0,"ROA":-1.842252771253,"HOLDER_PROFIT_QOQ":0,"ROE_YEARLY":-5.209883775642,"ROIC_YEARLY":-3.932919843796,"TOTAL_ASSETS":461372898.01,"TOTAL_LIABILITIES":128692647.32,"TAX_EBT":null,"OCF_SALES":30.893748923713,"TOTAL_PARENT_EQUITY":335764372.49,"DEBT_ASSET_RATIO":27.8934128717,"OPERATE_PROFIT":-5452222.34,"PRETAX_PROFIT":-8929524.58,"NETCASH_OPERATE":16178112.6,"NETCASH_INVEST":657404.91,"NETCASH_FINANCE":-26876047.37,"END_CASH":28413599.32,"DIVI_RATIO":null,"DIVIDEND_RATE":null,"CURRENT_RATIO":1.024151415611,"COMMON_ACS":3000000000,"CURRENTDEBT_DEBT":44.797768870701,"ISSUED_COMMON_SHARES":1966387866,"HK_COMMON_SHARES":1966387866,"PER_SHARES":40000,"TOTAL_MARKET_CAP":277260689.106,"HKSK_MARKET_CAP":277260689.106,"PE_TTM":-13.530191738532,"PB_TTM":0.744661844182,"REPORT_DATE_SQ":"2023-06-30 00:00:00","REPORT_TYPE_SQ":"2023年中报","OPERATE_INCOME_SQ":77537899.74,"DPS_HKD":null,"OPERATE_INCOME_QOQ_SQ":0,"NET_PROFIT_RATIO_SQ":-11.3706833298,"HOLDER_PROFIT_SQ":-8711061.59,"HOLDER_PROFIT_QOQ_SQ":0,"ROE_AVG_SQ":-2.387758618304,"PE_TTM_SQ":-7.54739954473,"PB_TTM_SQ":0.260300870957,"ROA_SQ":-1.599176574834,"START_DATE":"2024-04-01 00:00:00","FISCAL_YEAR":"3-31","CURRENCY":"HKD","IS_CNY_CODE":0,"DPS_HKD_LY":null,"ORG_TYPE":"一般企业","PREMIUM_INCOME":null,"PREMIUM_INCOME_YOY":null,"NET_INTEREST_INCOME":null,"NET_INTEREST_INCOME_YOY":null,"FEE_COMMISSION_INCOME":null,"FEE_COMMISSION_INCOME_YOY":null,"ACCOUNTS_RECE_TDAYS":1.985638570696,"INVENTORY_TDAYS":25.203627370157,"CURRENT_ASSETS_TDAYS":0.733345961988,"TOTAL_ASSETS_TDAYS":0.108862947417,"PREMIUM_EXPENSE":null,"LOAN_DEPOSIT":null,"LOAN_EQUITY":null,"LOAN_ASSETS":null,"DEPOSIT_EQUITY":null,"DEPOSIT_ASSETS":null,"EQUITY_MULTIPLIER":1.386835849297,"EQUITY_RATIO":0.383282616811},{"SECUCODE":"00022.HK","SECURITY_CODE":"00022","SECURITY_NAME_ABBR":"茂盛控股","ORG_CODE":"10007316","STD_REPORT_DATE":"2023-12-31 00:00:00","REPORT_DATE":"2024-03-31 00:00:00","DATE_TYPE_CODE":"001","REPORT_TYPE":"2023年年报","PER_NETCASH_OPERATE":0.007808346265,"PER_OI":0.081575250729,"BPS":0.176183621192,"BASIC_EPS":-0.009337465,"DILUTED_EPS":-0.009337465,"OPERATE_INCOME":160408583.2,"OPERATE_INCOME_YOY":40.0294392301,"GROSS_PROFIT":62547417.25,"GROSS_PROFIT_YOY":61.219557467843,"HOLDER_PROFIT":-18274234.9,"HOLDER_PROFIT_YOY":15.1777824532,"GROSS_PROFIT_RATIO":38.992562618682,"EPS_TTM":-0.0059442331,"OPERATE_INCOME_QOQ":0,"NET_PROFIT_RATIO":-11.5279410435,"ROE_AVG":-5.139239796348,"GROSS_PROFIT_QOQ":0,"ROA":-3.482774021388,"HOLDER_PROFIT_QOQ":0,"ROE_YEARLY":-5.139239796348,"ROIC_YEARLY":-3.763703358636,"TOTAL_ASSETS":503341036.85,"TOTAL_LIABILITIES":159928111.7,"TAX_EBT":4.47691299054,"OCF_SALES":9.571954968804,"TOTAL_PARENT_EQUITY":346445334.9,"DEBT_ASSET_RATIO":31.773310736,"OPERATE_PROFIT":-11900281.85,"PRETAX_PROFIT":-19358468.7,"NETCASH_OPERATE":15354237.35,"NETCASH_INVEST":-446929.15,"NETCASH_FINANCE":-21769891.7,"END_CASH":38657105.1,"DIVI_RATIO":null,"DIVIDEND_RATE":null,"CURRENT_RATIO":0.971349700949,"COMMON_ACS":3000000000,"CURRENTDEBT_DEBT":54.211117031528,"ISSUED_COMMON_SHARES":1966387866,"HK_COMMON_SHARES":1966387866,"PER_SHARES":40000,"TOTAL_MARKET_CAP":273327913.374,"HKSK_MARKET_CAP":273327913.374,"PE_TTM":-13.33827412522,"PB_TTM":0.734099264832,"REPORT_DATE_SQ":"2022-12-31 00:00:00","REPORT_TYPE_SQ":"2022年年报","OPERATE_INCOME_SQ":110618558.42,"DPS_HKD":null,"OPERATE_INCOME_QOQ_SQ":0,"NET_PROFIT_RATIO_SQ":-18.9368639306,"HOLDER_PROFIT_SQ":-20804118.65,"HOLDER_PROFIT_QOQ_SQ":0,"ROE_AVG_SQ":-5.737587171368,"PE_TTM_SQ":-7.692541843667,"PB_TTM_SQ":0.265306656937,"ROA_SQ":-4.17455305582,"START_DATE":"2023-04-01 00:00:00","FISCAL_YEAR":"3-31","CURRENCY":"HKD","IS_CNY_CODE":0,"DPS_HKD_LY":null,"ORG_TYPE":"一般企业","PREMIUM_INCOME":null,"PREMIUM_INCOME_YOY":null,"NET_INTEREST_INCOME":null,"NET_INTEREST_INCOME_YOY":null,"FEE_COMMISSION_INCOME":null,"FEE_COMMISSION_INCOME_YOY":null,"ACCOUNTS_RECE_TDAYS":3.967176359804,"INVENTORY_TDAYS":125.230858468678,"CURRENT_ASSETS_TDAYS":1.769811660449,"TOTAL_ASSETS_TDAYS":0.305712851692,"PREMIUM_EXPENSE":null,"LOAN_DEPOSIT":null,"LOAN_EQUITY":null,"LOAN_ASSETS":null,"DEPOSIT_EQUITY":null,"DEPOSIT_ASSETS":null,"EQUITY_MULTIPLIER":1.465702074639,"EQUITY_RATIO":0.461625819687},{"SECUCODE":"00022.HK","SECURITY_CODE":"00022","SECURITY_NAME_ABBR":"茂盛控股","ORG_CODE":"10007316","STD_REPORT_DATE":"2023-06-30 00:00:00","REPORT_DATE":"2023-09-30 00:00:00","DATE_TYPE_CODE":"002","REPORT_TYPE":"2023年中报","PER_NETCASH_OPERATE":0.004096787775,"PER_OI":0.039431640665,"BPS":0.183313869925,"BASIC_EPS":-0.0044321529,"DILUTED_EPS":-0.0044321529,"OPERATE_INCOME":77537899.74,"OPERATE_INCOME_YOY":120.6329312236,"GROSS_PROFIT":31678422.86,"GROSS_PROFIT_YOY":91.030571997284,"HOLDER_PROFIT":-8711061.59,"HOLDER_PROFIT_YOY":51.8366311517,"GROSS_PROFIT_RATIO":40.855404861654,"EPS_TTM":-0.010579865249,"OPERATE_INCOME_QOQ":0,"NET_PROFIT_RATIO":-11.3706833298,"ROE_AVG":-2.387758618304,"GROSS_PROFIT_QOQ":0,"ROA":-1.599176574834,"HOLDER_PROFIT_QOQ":0,"ROE_YEARLY":-4.775517236609,"ROIC_YEARLY":-3.472624231001,"TOTAL_ASSETS":536703434.4,"TOTAL_LIABILITIES":179192033.51,"TAX_EBT":-20.461384152457,"OCF_SALES":10.389595020001,"TOTAL_PARENT_EQUITY":360466169.49,"DEBT_ASSET_RATIO":33.3875324853,"OPERATE_PROFIT":-3834775.77,"PRETAX_PROFIT":-7319016.88,"NETCASH_OPERATE":8055873.77,"NETCASH_INVEST":341358.36,"NETCASH_FINANCE":-2643692.03,"END_CASH":51829577.66,"DIVI_RATIO":null,"DIVIDEND_RATE":null,"CURRENT_RATIO":0.938667198,"COMMON_ACS":3000000000,"CURRENTDEBT_DEBT":56.542245118473,"ISSUED_COMMON_SHARES":1966387866,"HK_COMMON_SHARES":1966387866,"PER_SHARES":40000,"TOTAL_MARKET_CAP":273327913.374,"HKSK_MARKET_CAP":273327913.374,"PE_TTM":-13.33827412522,"PB_TTM":0.734099264832,"REPORT_DATE_SQ":"2022-06-30 00:00:00","REPORT_TYPE_SQ":"2022年中报","OPERATE_INCOME_SQ":34638243.12,"DPS_HKD":null,"OPERATE_INCOME_QOQ_SQ":0,"NET_PROFIT_RATIO_SQ":-51.6580500287,"HOLDER_PROFIT_SQ":-17826512.4,"HOLDER_PROFIT_QOQ_SQ":0,"ROE_AVG_SQ":-4.735408167678,"PE_TTM_SQ":-7.692541843667,"PB_TTM_SQ":0.265306656937,"ROA_SQ":-3.608320556534,"START_DATE":"2023-04-01 00:00:00","FISCAL_YEAR":"3-31","CURRENCY":"HKD","IS_CNY_CODE":0,"DPS_HKD_LY":null,"ORG_TYPE":"一般企业","PREMIUM_INCOME":null,"PREMIUM_INCOME_YOY":null,"NET_INTEREST_INCOME":null,"NET_INTEREST_INCOME_YOY":null,"FEE_COMMISSION_INCOME":null,"FEE_COMMISSION_INCOME_YOY":null,"ACCOUNTS_RECE_TDAYS":1.829713518547,"INVENTORY_TDAYS":12.15665288251,"CURRENT_ASSETS_TDAYS":0.802054066368,"TOTAL_ASSETS_TDAYS":0.142344066386,"PREMIUM_EXPENSE":null,"LOAN_DEPOSIT":null,"LOAN_EQUITY":null,"LOAN_ASSETS":null,"DEPOSIT_EQUITY":null,"DEPOSIT_ASSETS":null,"EQUITY_MULTIPLIER":1.501220473148,"EQUITY_RATIO":0.497111930819},{"SECUCODE":"00022.HK","SECURITY_CODE":"00022","SECURITY_NAME_ABBR":"茂盛控股","ORG_CODE":"10007316","STD_REPORT_DATE":"2022-12-31 00:00:00","REPORT_DATE":"2023-03-31 00:00:00","DATE_TYPE_CODE":"001","REPORT_TYPE":"2022年年报","PER_NETCASH_OPERATE":-0.009861778877,"PER_OI":0.056254699458,"BPS":0.179105788664,"BASIC_EPS":-0.010592461,"DILUTED_EPS":-0.010592461,"OPERATE_INCOME":110618558.42,"OPERATE_INCOME_YOY":359.247683082,"GROSS_PROFIT":38796420.38,"GROSS_PROFIT_YOY":452.456016531203,"HOLDER_PROFIT":-20804118.65,"HOLDER_PROFIT_YOY":46.4824573256,"GROSS_PROFIT_RATIO":35.072252734208,"EPS_TTM":-0.020464181383,"OPERATE_INCOME_QOQ":0,"NET_PROFIT_RATIO":-18.9368639306,"ROE_AVG":-5.737587171368,"GROSS_PROFIT_QOQ":0,"ROA":-4.17455305582,"HOLDER_PROFIT_QOQ":0,"ROE_YEARLY":-5.737587171368,"ROIC_YEARLY":-4.429566353562,"TOTAL_ASSETS":527308465.96,"TOTAL_LIABILITIES":177835164.45,"TAX_EBT":29.421307220387,"OCF_SALES":-17.530586727022,"TOTAL_PARENT_EQUITY":352191449.56,"DEBT_ASSET_RATIO":33.7250728805,"OPERATE_PROFIT":-27160470.66,"PRETAX_PROFIT":-29679900.64,"NETCASH_OPERATE":-19392082.32,"NETCASH_INVEST":-5466060.04,"NETCASH_FINANCE":50096212.66,"END_CASH":43956086.92,"DIVI_RATIO":null,"DIVIDEND_RATE":null,"CURRENT_RATIO":0.914528308334,"COMMON_ACS":3000000000,"CURRENTDEBT_DEBT":57.627802800955,"ISSUED_COMMON_SHARES":1966387866,"HK_COMMON_SHARES":1966387866,"PER_SHARES":40000,"TOTAL_MARKET_CAP":273327913.374,"HKSK_MARKET_CAP":273327913.374,"PE_TTM":-13.33827412522,"PB_TTM":0.734099264832,"REPORT_DATE_SQ":"2021-12-31 00:00:00","REPORT_TYPE_SQ":"2021年年报","OPERATE_INCOME_SQ":22314940.15,"DPS_HKD":null,"OPERATE_INCOME_QOQ_SQ":0,"NET_PROFIT_RATIO_SQ":-162.1043067418,"HOLDER_PROFIT_SQ":-36013710.06,"HOLDER_PROFIT_QOQ_SQ":0,"ROE_AVG_SQ":-9.905774018256,"PE_TTM_SQ":-7.692541843667,"PB_TTM_SQ":0.265306656937,"ROA_SQ":-8.116726147772,"START_DATE":"2022-04-01 00:00:00","FISCAL_YEAR":"3-31","CURRENCY":"HKD","IS_CNY_CODE":0,"DPS_HKD_LY":null,"ORG_TYPE":"一般企业","PREMIUM_INCOME":null,"PREMIUM_INCOME_YOY":null,"NET_INTEREST_INCOME":null,"NET_INTEREST_INCOME_YOY":null,"FEE_COMMISSION_INCOME":null,"FEE_COMMISSION_INCOME_YOY":null,"ACCOUNTS_RECE_TDAYS":4.422581548369,"INVENTORY_TDAYS":109.757859531773,"CURRENT_ASSETS_TDAYS":1.930767879107,"TOTAL_ASSETS_TDAYS":0.221967125285,"PREMIUM_EXPENSE":null,"LOAN_DEPOSIT":null,"LOAN_EQUITY":null,"LOAN_ASSETS":null,"DEPOSIT_EQUITY":null,"DEPOSIT_ASSETS":null,"EQUITY_MULTIPLIER":1.508866238656,"EQUITY_RATIO":0.504938903747},{"SECUCODE":"00022.HK","SECURITY_CODE":"00022","SECURITY_NAME_ABBR":"茂盛控股","ORG_CODE":"10007316","STD_REPORT_DATE":"2022-06-30 00:00:00","REPORT_DATE":"2022-09-30 00:00:00","DATE_TYPE_CODE":"002","REPORT_TYPE":"2022年中报","PER_NETCASH_OPERATE":-0.005639446333,"PER_OI":0.017615163172,"BPS":0.186910320998,"BASIC_EPS":-0.0090624888,"DILUTED_EPS":-0.0090624888,"OPERATE_INCOME":34638243.12,"OPERATE_INCOME_YOY":145.720518414,"GROSS_PROFIT":16582907.4,"GROSS_PROFIT_YOY":200.241599606662,"HOLDER_PROFIT":-17826512.4,"HOLDER_PROFIT_YOY":-20.7350689127,"GROSS_PROFIT_RATIO":47.874562640347,"EPS_TTM":-0.018314652304,"OPERATE_INCOME_QOQ":0,"NET_PROFIT_RATIO":-51.6580500287,"ROE_AVG":-4.735408167678,"GROSS_PROFIT_QOQ":0,"ROA":-3.608320556534,"HOLDER_PROFIT_QOQ":0,"ROE_YEARLY":-9.470816335356,"ROIC_YEARLY":-7.45097186795,"TOTAL_ASSETS":503109221.04,"TOTAL_LIABILITIES":138297920.4,"TAX_EBT":-0.339808287265,"OCF_SALES":-32.014726617578,"TOTAL_PARENT_EQUITY":367538187.24,"DEBT_ASSET_RATIO":27.4886475176,"OPERATE_PROFIT":-17187073.32,"PRETAX_PROFIT":-17832843.48,"NETCASH_OPERATE":-11089338.84,"NETCASH_INVEST":-5379609.12,"NETCASH_FINANCE":14253069.96,"END_CASH":17122858.08,"DIVI_RATIO":null,"DIVIDEND_RATE":null,"CURRENT_RATIO":0.360859804945,"COMMON_ACS":3000000000,"CURRENTDEBT_DEBT":87.105486887712,"ISSUED_COMMON_SHARES":1966387866,"HK_COMMON_SHARES":1966387866,"PER_SHARES":40000,"TOTAL_MARKET_CAP":273327913.374,"HKSK_MARKET_CAP":273327913.374,"PE_TTM":-13.33827412522,"PB_TTM":0.734099264832,"REPORT_DATE_SQ":"2021-06-30 00:00:00","REPORT_TYPE_SQ":"2021年中报","OPERATE_INCOME_SQ":12984073.16,"DPS_HKD":null,"OPERATE_INCOME_QOQ_SQ":0,"NET_PROFIT_RATIO_SQ":-105.2162196843,"HOLDER_PROFIT_SQ":-13599704.5,"HOLDER_PROFIT_QOQ_SQ":0,"ROE_AVG_SQ":-3.531069627502,"PE_TTM_SQ":-7.692541843667,"PB_TTM_SQ":0.265306656937,"ROA_SQ":-2.983642511194,"START_DATE":"2022-04-01 00:00:00","FISCAL_YEAR":"3-31","CURRENCY":"HKD","IS_CNY_CODE":0,"DPS_HKD_LY":null,"ORG_TYPE":"一般企业","PREMIUM_INCOME":null,"PREMIUM_INCOME_YOY":null,"NET_INTEREST_INCOME":null,"NET_INTEREST_INCOME_YOY":null,"FEE_COMMISSION_INCOME":null,"FEE_COMMISSION_INCOME_YOY":null,"ACCOUNTS_RECE_TDAYS":2.509123071379,"INVENTORY_TDAYS":58.456808199122,"CURRENT_ASSETS_TDAYS":1.065387022741,"TOTAL_ASSETS_TDAYS":0.070112359551,"PREMIUM_EXPENSE":null,"LOAN_DEPOSIT":null,"LOAN_EQUITY":null,"LOAN_ASSETS":null,"DEPOSIT_EQUITY":null,"DEPOSIT_ASSETS":null,"EQUITY_MULTIPLIER":1.379094398002,"EQUITY_RATIO":0.376281772075},{"SECUCODE":"00022.HK","SECURITY_CODE":"00022","SECURITY_NAME_ABBR":"茂盛控股","ORG_CODE":"10007316","STD_REPORT_DATE":"2021-12-31 00:00:00","REPORT_DATE":"2022-03-31 00:00:00","DATE_TYPE_CODE":"001","REPORT_TYPE":"2021年年报","PER_NETCASH_OPERATE":-0.006788703709,"PER_OI":0.011348188491,"BPS":0.175731328384,"BASIC_EPS":-0.018328826,"DILUTED_EPS":-0.018328826,"OPERATE_INCOME":22314940.15,"OPERATE_INCOME_YOY":12.3519804002,"GROSS_PROFIT":7022535.59,"GROSS_PROFIT_YOY":-25.070582939759,"HOLDER_PROFIT":-36013710.06,"HOLDER_PROFIT_YOY":-2.6419804452,"GROSS_PROFIT_RATIO":31.470107214247,"EPS_TTM":-0.014769240587,"OPERATE_INCOME_QOQ":0,"NET_PROFIT_RATIO":-162.1043067418,"ROE_AVG":-9.905774018256,"GROSS_PROFIT_QOQ":0,"ROA":-8.116726147772,"HOLDER_PROFIT_QOQ":0,"ROE_YEARLY":-9.905774018256,"ROIC_YEARLY":-8.444380634175,"TOTAL_ASSETS":434870861.09,"TOTAL_LIABILITIES":91700089.69,"TAX_EBT":-5.143678838311,"OCF_SALES":-59.821915318917,"TOTAL_PARENT_EQUITY":345555951.81,"DEBT_ASSET_RATIO":21.0867404314,"OPERATE_PROFIT":-33319534.84,"PRETAX_PROFIT":-34403855.21,"NETCASH_OPERATE":-13349224.6,"NETCASH_INVEST":-7277192.73,"NETCASH_FINANCE":16265616.56,"END_CASH":17341015.82,"DIVI_RATIO":null,"DIVIDEND_RATE":null,"CURRENT_RATIO":0.242700451162,"COMMON_ACS":3000000000,"CURRENTDEBT_DEBT":86.841663055303,"ISSUED_COMMON_SHARES":1966387866,"HK_COMMON_SHARES":1966387866,"PER_SHARES":40000,"TOTAL_MARKET_CAP":273327913.374,"HKSK_MARKET_CAP":273327913.374,"PE_TTM":-13.33827412522,"PB_TTM":0.734099264832,"REPORT_DATE_SQ":"2020-12-31 00:00:00","REPORT_TYPE_SQ":"2020年年报","OPERATE_INCOME_SQ":20698458.2,"DPS_HKD":null,"OPERATE_INCOME_QOQ_SQ":0,"NET_PROFIT_RATIO_SQ":-177.6929358922,"HOLDER_PROFIT_SQ":-36565022.34,"HOLDER_PROFIT_QOQ_SQ":0,"ROE_AVG_SQ":-8.791175296194,"PE_TTM_SQ":-7.692541843667,"PB_TTM_SQ":0.265306656937,"ROA_SQ":-7.699337344091,"START_DATE":"2021-04-01 00:00:00","FISCAL_YEAR":"3-31","CURRENCY":"HKD","IS_CNY_CODE":0,"DPS_HKD_LY":null,"ORG_TYPE":"一般企业","PREMIUM_INCOME":null,"PREMIUM_INCOME_YOY":null,"NET_INTEREST_INCOME":null,"NET_INTEREST_INCOME_YOY":null,"FEE_COMMISSION_INCOME":null,"FEE_COMMISSION_INCOME_YOY":null,"ACCOUNTS_RECE_TDAYS":15.039628313747,"INVENTORY_TDAYS":163.965217391304,"CURRENT_ASSETS_TDAYS":1.05658276213,"TOTAL_ASSETS_TDAYS":0.050293140557,"PREMIUM_EXPENSE":null,"LOAN_DEPOSIT":null,"LOAN_EQUITY":null,"LOAN_ASSETS":null,"DEPOSIT_EQUITY":null,"DEPOSIT_ASSETS":null,"EQUITY_MULTIPLIER":1.267214160797,"EQUITY_RATIO":0.265369730169},{"SECUCODE":"00022.HK","SECURITY_CODE":"00022","SECURITY_NAME_ABBR":"茂盛控股","ORG_CODE":"10007316","STD_REPORT_DATE":"2021-06-30 00:00:00","REPORT_DATE":"2021-09-30 00:00:00","DATE_TYPE_CODE":"002","REPORT_TYPE":"2021年中报","PER_NETCASH_OPERATE":-0.002394469169,"PER_OI":0.006603007161,"BPS":0.19240568062,"BASIC_EPS":-0.006914398,"DILUTED_EPS":-0.006914398,"OPERATE_INCOME":12984073.16,"OPERATE_INCOME_YOY":74.2036436794,"GROSS_PROFIT":5523187.8,"GROSS_PROFIT_YOY":745.961279541318,"HOLDER_PROFIT":-13599704.5,"HOLDER_PROFIT_YOY":32.0866960646,"GROSS_PROFIT_RATIO":42.538175285513,"EPS_TTM":-0.018595020327,"OPERATE_INCOME_QOQ":0,"NET_PROFIT_RATIO":-105.2162196843,"ROE_AVG":-3.531069627502,"GROSS_PROFIT_QOQ":0,"ROA":-2.983642511194,"HOLDER_PROFIT_QOQ":0,"ROE_YEARLY":-7.062139255004,"ROIC_YEARLY":-6.161429451633,"TOTAL_ASSETS":446790071.44,"TOTAL_LIABILITIES":70793438.8,"TAX_EBT":-5.121794871795,"OCF_SALES":-36.263313229822,"TOTAL_PARENT_EQUITY":378344195.72,"DEBT_ASSET_RATIO":15.8448997248,"OPERATE_PROFIT":-12415926.24,"PRETAX_PROFIT":-12995736,"NETCASH_OPERATE":-4708455.12,"NETCASH_INVEST":-2382551.6,"NETCASH_FINANCE":-4134476.78,"END_CASH":11066369.04,"DIVI_RATIO":null,"DIVIDEND_RATE":null,"CURRENT_RATIO":0.203617947032,"COMMON_ACS":3000000000,"CURRENTDEBT_DEBT":84.110378912685,"ISSUED_COMMON_SHARES":1966387866,"HK_COMMON_SHARES":1966387866,"PER_SHARES":40000,"TOTAL_MARKET_CAP":273327913.374,"HKSK_MARKET_CAP":273327913.374,"PE_TTM":-13.33827412522,"PB_TTM":0.734099264832,"REPORT_DATE_SQ":"2020-06-30 00:00:00","REPORT_TYPE_SQ":"2020年中报","OPERATE_INCOME_SQ":7861907.84,"DPS_HKD":null,"OPERATE_INCOME_QOQ_SQ":0,"NET_PROFIT_RATIO_SQ":-270.1575947245,"HOLDER_PROFIT_SQ":-21122671.36,"HOLDER_PROFIT_QOQ_SQ":0,"ROE_AVG_SQ":-4.791013511224,"PE_TTM_SQ":-7.692541843667,"PB_TTM_SQ":0.265306656937,"ROA_SQ":-4.261641152015,"START_DATE":"2021-04-01 00:00:00","FISCAL_YEAR":"3-31","CURRENCY":"HKD","IS_CNY_CODE":0,"DPS_HKD_LY":null,"ORG_TYPE":"一般企业","PREMIUM_INCOME":null,"PREMIUM_INCOME_YOY":null,"NET_INTEREST_INCOME":null,"NET_INTEREST_INCOME_YOY":null,"FEE_COMMISSION_INCOME":null,"FEE_COMMISSION_INCOME_YOY":null,"ACCOUNTS_RECE_TDAYS":12.635589785164,"INVENTORY_TDAYS":82.165137614679,"CURRENT_ASSETS_TDAYS":0.7282156707,"TOTAL_ASSETS_TDAYS":0.028485790003,"PREMIUM_EXPENSE":null,"LOAN_DEPOSIT":null,"LOAN_EQUITY":null,"LOAN_ASSETS":null,"DEPOSIT_EQUITY":null,"DEPOSIT_ASSETS":null,"EQUITY_MULTIPLIER":1.188282108547,"EQUITY_RATIO":0.187113849243},{"SECUCODE":"00022.HK","SECURITY_CODE":"00022","SECURITY_NAME_ABBR":"茂盛控股","ORG_CODE":"10007316","STD_REPORT_DATE":"2020-12-31 00:00:00","REPORT_DATE":"2021-03-31 00:00:00","DATE_TYPE_CODE":"001","REPORT_TYPE":"2020年年报","PER_NETCASH_OPERATE":-0.004916206516,"PER_OI":0.010526131979,"BPS":0.202221651962,"BASIC_EPS":-0.01859396,"DILUTED_EPS":-0.01859396,"OPERATE_INCOME":20698458.2,"OPERATE_INCOME_YOY":-43.7541627432,"GROSS_PROFIT":9372201.02,"GROSS_PROFIT_YOY":-47.273486055492,"HOLDER_PROFIT":-36565022.34,"HOLDER_PROFIT_YOY":38.7738639419,"GROSS_PROFIT_RATIO":45.27970600245,"EPS_TTM":-0.033366914867,"OPERATE_INCOME_QOQ":0,"NET_PROFIT_RATIO":-177.6929358922,"ROE_AVG":-8.791175296194,"GROSS_PROFIT_QOQ":0,"ROA":-7.699337344091,"HOLDER_PROFIT_QOQ":0,"ROE_YEARLY":-8.791175296194,"ROIC_YEARLY":-7.905339845741,"TOTAL_ASSETS":471590155.68,"TOTAL_LIABILITIES":76263126.94,"TAX_EBT":-2.253395366324,"OCF_SALES":-46.704777460188,"TOTAL_PARENT_EQUITY":397646202.66,"DEBT_ASSET_RATIO":16.1714840782,"OPERATE_PROFIT":-34561100.56,"PRETAX_PROFIT":-35969170.44,"NETCASH_OPERATE":-9667168.84,"NETCASH_INVEST":-622897.66,"NETCASH_FINANCE":26347641.32,"END_CASH":22616171.62,"DIVI_RATIO":null,"DIVIDEND_RATE":null,"CURRENT_RATIO":0.364405577268,"COMMON_ACS":3000000000,"CURRENTDEBT_DEBT":85.920893686345,"ISSUED_COMMON_SHARES":1966387866,"HK_COMMON_SHARES":1966387866,"PER_SHARES":40000,"TOTAL_MARKET_CAP":273327913.374,"HKSK_MARKET_CAP":273327913.374,"PE_TTM":-13.33827412522,"PB_TTM":0.734099264832,"REPORT_DATE_SQ":"2019-12-31 00:00:00","REPORT_TYPE_SQ":"2019年年报","OPERATE_INCOME_SQ":39783411.7,"DPS_HKD":null,"OPERATE_INCOME_QOQ_SQ":0,"NET_PROFIT_RATIO_SQ":-162.6467008107,"HOLDER_PROFIT_SQ":-64562955.7,"HOLDER_PROFIT_QOQ_SQ":0,"ROE_AVG_SQ":-12.868969122014,"PE_TTM_SQ":-7.692541843667,"PB_TTM_SQ":0.265306656937,"ROA_SQ":-11.586619660572,"START_DATE":"2020-04-01 00:00:00","FISCAL_YEAR":"3-31","CURRENCY":"HKD","IS_CNY_CODE":0,"DPS_HKD_LY":null,"ORG_TYPE":"一般企业","PREMIUM_INCOME":null,"PREMIUM_INCOME_YOY":null,"NET_INTEREST_INCOME":null,"NET_INTEREST_INCOME_YOY":null,"FEE_COMMISSION_INCOME":null,"FEE_COMMISSION_INCOME_YOY":null,"ACCOUNTS_RECE_TDAYS":11.516576534211,"INVENTORY_TDAYS":132.029556650246,"CURRENT_ASSETS_TDAYS":1.254964257347,"TOTAL_ASSETS_TDAYS":0.043583841055,"PREMIUM_EXPENSE":null,"LOAN_DEPOSIT":null,"LOAN_EQUITY":null,"LOAN_ASSETS":null,"DEPOSIT_EQUITY":null,"DEPOSIT_ASSETS":null,"EQUITY_MULTIPLIER":1.192911491995,"EQUITY_RATIO":0.191786383046},{"SECUCODE":"00022.HK","SECURITY_CODE":"00022","SECURITY_NAME_ABBR":"茂盛控股","ORG_CODE":"10007316","STD_REPORT_DATE":"2020-06-30 00:00:00","REPORT_DATE":"2020-09-30 00:00:00","DATE_TYPE_CODE":"002","REPORT_TYPE":"2020年中报","PER_NETCASH_OPERATE":-0.003616966827,"PER_OI":0.003998147047,"BPS":0.218837664776,"BASIC_EPS":-0.0107379584,"DILUTED_EPS":-0.0107379584,"OPERATE_INCOME":7861907.84,"OPERATE_INCOME_YOY":-72.5543728335,"GROSS_PROFIT":652888.96,"GROSS_PROFIT_YOY":-96.42012139005,"HOLDER_PROFIT":-21122671.36,"HOLDER_PROFIT_YOY":-8.016536353,"GROSS_PROFIT_RATIO":8.304459595395,"EPS_TTM":-0.032833276088,"OPERATE_INCOME_QOQ":0,"NET_PROFIT_RATIO":-270.1575947245,"ROE_AVG":-4.791013511224,"GROSS_PROFIT_QOQ":0,"ROA":-4.261641152015,"HOLDER_PROFIT_QOQ":0,"ROE_YEARLY":-9.582027022448,"ROIC_YEARLY":-8.661538613984,"TOTAL_ASSETS":494082288,"TOTAL_LIABILITIES":66067441.92,"TAX_EBT":-16.011519078474,"OCF_SALES":-90.466078014977,"TOTAL_PARENT_EQUITY":430319728.64,"DEBT_ASSET_RATIO":13.3717486995,"OPERATE_PROFIT":-17637667.84,"PRETAX_PROFIT":-18308131.2,"NETCASH_OPERATE":-7112359.68,"NETCASH_INVEST":-350609.28,"NETCASH_FINANCE":14141240.96,"END_CASH":13497139.2,"DIVI_RATIO":null,"DIVIDEND_RATE":null,"CURRENT_RATIO":0.285250811081,"COMMON_ACS":3000000000,"CURRENTDEBT_DEBT":79.941744473705,"ISSUED_COMMON_SHARES":1966387866,"HK_COMMON_SHARES":1966387866,"PER_SHARES":40000,"TOTAL_MARKET_CAP":273327913.374,"HKSK_MARKET_CAP":273327913.374,"PE_TTM":-13.33827412522,"PB_TTM":0.734099264832,"REPORT_DATE_SQ":"2019-06-30 00:00:00","REPORT_TYPE_SQ":"2019年中报","OPERATE_INCOME_SQ":29404623.99,"DPS_HKD":null,"OPERATE_INCOME_QOQ_SQ":0,"NET_PROFIT_RATIO_SQ":-68.4928985552,"HOLDER_PROFIT_SQ":-20073330.54,"HOLDER_PROFIT_QOQ_SQ":0,"ROE_AVG_SQ":-3.881845647184,"PE_TTM_SQ":-7.692541843667,"PB_TTM_SQ":0.265306656937,"ROA_SQ":-3.499125375892,"START_DATE":"2020-04-01 00:00:00","FISCAL_YEAR":"3-31","CURRENCY":"HKD","IS_CNY_CODE":0,"DPS_HKD_LY":null,"ORG_TYPE":"一般企业","PREMIUM_INCOME":null,"PREMIUM_INCOME_YOY":null,"NET_INTEREST_INCOME":null,"NET_INTEREST_INCOME_YOY":null,"FEE_COMMISSION_INCOME":null,"FEE_COMMISSION_INCOME_YOY":null,"ACCOUNTS_RECE_TDAYS":3.937940140845,"INVENTORY_TDAYS":88.215053763441,"CURRENT_ASSETS_TDAYS":0.640856672158,"TOTAL_ASSETS_TDAYS":0.015861928358,"PREMIUM_EXPENSE":null,"LOAN_DEPOSIT":null,"LOAN_EQUITY":null,"LOAN_ASSETS":null,"DEPOSIT_EQUITY":null,"DEPOSIT_ASSETS":null,"EQUITY_MULTIPLIER":1.154357827831,"EQUITY_RATIO":0.153531054987}],"count":48},"success":true,"message":"ok","code":0}