{"version":"b36dd0d765a1f02f53883e3b57f13364","result":{"pages":2,"data":[{"SECUCODE":"00020.HK","SECURITY_CODE":"00020","SECURITY_NAME_ABBR":"商汤-W","ORG_CODE":"10000249539","STD_REPORT_DATE":"2024-06-30 00:00:00","REPORT_DATE":"2024-06-30 00:00:00","DATE_TYPE_CODE":"002","REPORT_TYPE":"2024年中报","PER_NETCASH_OPERATE":-0.100271065945,"PER_OI":0.049504827093,"BPS":0.613105724262,"BASIC_EPS":-0.08,"DILUTED_EPS":-0.08,"OPERATE_INCOME":1739717000,"OPERATE_INCOME_YOY":21.3935031351,"GROSS_PROFIT":766760000,"GROSS_PROFIT_YOY":18.20439574331,"HOLDER_PROFIT":-2456782000,"HOLDER_PROFIT_YOY":21.3261797957,"GROSS_PROFIT_RATIO":44.073834997301,"EPS_TTM":-0.164308691636,"OPERATE_INCOME_QOQ":9.002032390228,"NET_PROFIT_RATIO":-142.3916648512,"ROE_AVG":-10.716874889624,"GROSS_PROFIT_QOQ":7.86833841178,"ROA":-7.508704620072,"HOLDER_PROFIT_QOQ":10.340769536901,"ROE_YEARLY":-21.433749779248,"ROIC_YEARLY":-21.324515756218,"TOTAL_ASSETS":32550214000,"TOTAL_LIABILITIES":9845655000,"TAX_EBT":0.160889632614,"OCF_SALES":-202.548058103703,"TOTAL_PARENT_EQUITY":22689431000,"DEBT_ASSET_RATIO":30.2475891556,"OPERATE_PROFIT":-2721514000,"PRETAX_PROFIT":-2481204000,"NETCASH_OPERATE":-3523763000,"NETCASH_INVEST":-1068168000,"NETCASH_FINANCE":2722666000,"END_CASH":7626544000,"DIVI_RATIO":null,"DIVIDEND_RATE":null,"CURRENT_RATIO":4.084036903825,"COMMON_ACS":2000000000000,"CURRENTDEBT_DEBT":40.361936305914,"ISSUED_COMMON_SHARES":37007371000,"HK_COMMON_SHARES":37007371000,"PER_SHARES":1000,"TOTAL_MARKET_CAP":67723488930,"HKSK_MARKET_CAP":67723488930,"PE_TTM":-10.562892694429,"PB_TTM":2.724170292178,"REPORT_DATE_SQ":"2023-06-30 00:00:00","REPORT_TYPE_SQ":"2023年中报","OPERATE_INCOME_SQ":1433122000,"DPS_HKD":null,"OPERATE_INCOME_QOQ_SQ":0.466822983266,"NET_PROFIT_RATIO_SQ":-219.2851690226,"HOLDER_PROFIT_SQ":-3122744000,"HOLDER_PROFIT_QOQ_SQ":0.57750501423,"ROE_AVG_SQ":-11.225773209755,"PE_TTM_SQ":-4.402647939442,"PB_TTM_SQ":0.98364872016,"ROA_SQ":-8.552137872202,"START_DATE":"2024-01-01 00:00:00","FISCAL_YEAR":"12-31","CURRENCY":"HKD","IS_CNY_CODE":0,"DPS_HKD_LY":null,"ORG_TYPE":"一般企业","PREMIUM_INCOME":null,"PREMIUM_INCOME_YOY":null,"NET_INTEREST_INCOME":null,"NET_INTEREST_INCOME_YOY":null,"FEE_COMMISSION_INCOME":null,"FEE_COMMISSION_INCOME_YOY":null,"ACCOUNTS_RECE_TDAYS":0.33089480617,"INVENTORY_TDAYS":1.207653610274,"CURRENT_ASSETS_TDAYS":0.104896964777,"TOTAL_ASSETS_TDAYS":0.053171266622,"PREMIUM_EXPENSE":null,"LOAN_DEPOSIT":null,"LOAN_EQUITY":null,"LOAN_ASSETS":null,"DEPOSIT_EQUITY":null,"DEPOSIT_ASSETS":null,"EQUITY_MULTIPLIER":1.433642203752,"EQUITY_RATIO":0.433931331288},{"SECUCODE":"00020.HK","SECURITY_CODE":"00020","SECURITY_NAME_ABBR":"商汤-W","ORG_CODE":"10000249539","STD_REPORT_DATE":"2023-12-31 00:00:00","REPORT_DATE":"2023-12-31 00:00:00","DATE_TYPE_CODE":"001","REPORT_TYPE":"2023年年报","PER_NETCASH_OPERATE":-0.096634714142,"PER_OI":0.101761320389,"BPS":0.625805599647,"BASIC_EPS":-0.2,"DILUTED_EPS":-0.2,"OPERATE_INCOME":3405842000,"OPERATE_INCOME_YOY":-10.5728486994,"GROSS_PROFIT":1500787000,"GROSS_PROFIT_YOY":-40.966586121757,"HOLDER_PROFIT":-6440159000,"HOLDER_PROFIT_YOY":-6.5405515753,"GROSS_PROFIT_RATIO":44.065079942053,"EPS_TTM":-0.192422045226,"OPERATE_INCOME_QOQ":-10.988375420675,"NET_PROFIT_RATIO":-190.6920520682,"ROE_AVG":-24.708240861956,"GROSS_PROFIT_QOQ":-33.502193498418,"ROA":-18.318018752666,"HOLDER_PROFIT_QOQ":-7.159402497917,"ROE_YEARLY":-24.708240861956,"ROIC_YEARLY":-28.261034410822,"TOTAL_ASSETS":32888024000,"TOTAL_LIABILITIES":9732551000,"TAX_EBT":0.145937324439,"OCF_SALES":-94.962126839707,"TOTAL_PARENT_EQUITY":23159420000,"DEBT_ASSET_RATIO":29.5929940941,"OPERATE_PROFIT":-6646555000,"PRETAX_PROFIT":-6504162000,"NETCASH_OPERATE":-3234260000,"NETCASH_INVEST":3458373000,"NETCASH_FINANCE":1083583000,"END_CASH":9423495000,"DIVI_RATIO":null,"DIVIDEND_RATE":null,"CURRENT_RATIO":5.153296861748,"COMMON_ACS":2000000000000,"CURRENTDEBT_DEBT":45.5390678148,"ISSUED_COMMON_SHARES":37007371000,"HK_COMMON_SHARES":37007371000,"PER_SHARES":1000,"TOTAL_MARKET_CAP":54770909080,"HKSK_MARKET_CAP":54770909080,"PE_TTM":-8.542667315713,"PB_TTM":2.203154116079,"REPORT_DATE_SQ":"2022-12-31 00:00:00","REPORT_TYPE_SQ":"2022年年报","OPERATE_INCOME_SQ":3808510000,"DPS_HKD":null,"OPERATE_INCOME_QOQ_SQ":-14.680035852885,"NET_PROFIT_RATIO_SQ":-159.9835631257,"HOLDER_PROFIT_SQ":-6044796000,"HOLDER_PROFIT_QOQ_SQ":63.574923998879,"ROE_AVG_SQ":-19.863701491561,"PE_TTM_SQ":-6.526278121997,"PB_TTM_SQ":1.458114573414,"ROA_SQ":-16.255719678577,"START_DATE":"2023-01-01 00:00:00","FISCAL_YEAR":"12-31","CURRENCY":"HKD","IS_CNY_CODE":0,"DPS_HKD_LY":null,"ORG_TYPE":"一般企业","PREMIUM_INCOME":null,"PREMIUM_INCOME_YOY":null,"NET_INTEREST_INCOME":null,"NET_INTEREST_INCOME_YOY":null,"FEE_COMMISSION_INCOME":null,"FEE_COMMISSION_INCOME_YOY":null,"ACCOUNTS_RECE_TDAYS":0.60650988389,"INVENTORY_TDAYS":3.392077191121,"CURRENT_ASSETS_TDAYS":0.177089443651,"TOTAL_ASSETS_TDAYS":0.096873815731,"PREMIUM_EXPENSE":null,"LOAN_DEPOSIT":null,"LOAN_EQUITY":null,"LOAN_ASSETS":null,"DEPOSIT_EQUITY":null,"DEPOSIT_ASSETS":null,"EQUITY_MULTIPLIER":1.42031320198,"EQUITY_RATIO":0.420241569089},{"SECUCODE":"00020.HK","SECURITY_CODE":"00020","SECURITY_NAME_ABBR":"商汤-W","ORG_CODE":"10000249539","STD_REPORT_DATE":"2023-06-30 00:00:00","REPORT_DATE":"2023-06-30 00:00:00","DATE_TYPE_CODE":"002","REPORT_TYPE":"2023年中报","PER_NETCASH_OPERATE":-0.053924797405,"PER_OI":0.042819481056,"BPS":0.720533079748,"BASIC_EPS":-0.1,"DILUTED_EPS":-0.1,"OPERATE_INCOME":1433122000,"OPERATE_INCOME_YOY":1.2561619339,"GROSS_PROFIT":648673000,"GROSS_PROFIT_YOY":-30.552126615156,"HOLDER_PROFIT":-3122744000,"HOLDER_PROFIT_YOY":1.1055362955,"GROSS_PROFIT_RATIO":45.262929464484,"EPS_TTM":-0.179566179673,"OPERATE_INCOME_QOQ":0.466822983266,"NET_PROFIT_RATIO":-219.2851690226,"ROE_AVG":-11.225773209755,"GROSS_PROFIT_QOQ":-11.225020818034,"ROA":-8.552137872202,"HOLDER_PROFIT_QOQ":0.57750501423,"ROE_YEARLY":-22.451546419511,"ROIC_YEARLY":-26.612646150921,"TOTAL_ASSETS":35601390000,"TOTAL_LIABILITIES":8905400000,"TAX_EBT":3.80232885602,"OCF_SALES":-125.935196026577,"TOTAL_PARENT_EQUITY":26665035000,"DEBT_ASSET_RATIO":25.0141918616,"OPERATE_PROFIT":-3347305000,"PRETAX_PROFIT":-3266840000,"NETCASH_OPERATE":-1804805000,"NETCASH_INVEST":384721000,"NETCASH_FINANCE":413199000,"END_CASH":7153015000,"DIVI_RATIO":null,"DIVIDEND_RATE":null,"CURRENT_RATIO":6.546731934505,"COMMON_ACS":2000000000000,"CURRENTDEBT_DEBT":33.156916028477,"ISSUED_COMMON_SHARES":37007371000,"HK_COMMON_SHARES":37007371000,"PER_SHARES":1000,"TOTAL_MARKET_CAP":54770909080,"HKSK_MARKET_CAP":54770909080,"PE_TTM":-8.542667315713,"PB_TTM":2.203154116079,"REPORT_DATE_SQ":"2022-06-30 00:00:00","REPORT_TYPE_SQ":"2022年中报","OPERATE_INCOME_SQ":1415343000,"DPS_HKD":null,"OPERATE_INCOME_QOQ_SQ":-5.030909972485,"NET_PROFIT_RATIO_SQ":-226.6579903246,"HOLDER_PROFIT_SQ":-3157653000,"HOLDER_PROFIT_QOQ_SQ":3.179307268353,"ROE_AVG_SQ":-10.029542439981,"PE_TTM_SQ":-6.526278121997,"PB_TTM_SQ":1.458114573414,"ROA_SQ":-8.579299602801,"START_DATE":"2023-01-01 00:00:00","FISCAL_YEAR":"12-31","CURRENCY":"HKD","IS_CNY_CODE":0,"DPS_HKD_LY":null,"ORG_TYPE":"一般企业","PREMIUM_INCOME":null,"PREMIUM_INCOME_YOY":null,"NET_INTEREST_INCOME":null,"NET_INTEREST_INCOME_YOY":null,"FEE_COMMISSION_INCOME":null,"FEE_COMMISSION_INCOME_YOY":null,"ACCOUNTS_RECE_TDAYS":0.242151037342,"INVENTORY_TDAYS":1.322677597241,"CURRENT_ASSETS_TDAYS":0.070156365618,"TOTAL_ASSETS_TDAYS":0.039248356355,"PREMIUM_EXPENSE":null,"LOAN_DEPOSIT":null,"LOAN_EQUITY":null,"LOAN_ASSETS":null,"DEPOSIT_EQUITY":null,"DEPOSIT_ASSETS":null,"EQUITY_MULTIPLIER":1.333585680846,"EQUITY_RATIO":0.333972934969},{"SECUCODE":"00020.HK","SECURITY_CODE":"00020","SECURITY_NAME_ABBR":"商汤-W","ORG_CODE":"10000249539","STD_REPORT_DATE":"2022-12-31 00:00:00","REPORT_DATE":"2022-12-31 00:00:00","DATE_TYPE_CODE":"001","REPORT_TYPE":"2022年年报","PER_NETCASH_OPERATE":-0.092159607756,"PER_OI":0.11379242088,"BPS":0.782823075976,"BASIC_EPS":-0.19,"DILUTED_EPS":-0.19,"OPERATE_INCOME":3808510000,"OPERATE_INCOME_YOY":-18.9724064377,"GROSS_PROFIT":2542267000,"GROSS_PROFIT_YOY":-22.436004220112,"HOLDER_PROFIT":-6044796000,"HOLDER_PROFIT_YOY":64.7329890877,"GROSS_PROFIT_RATIO":66.752273198705,"EPS_TTM":-0.180609206899,"OPERATE_INCOME_QOQ":-14.680035852885,"NET_PROFIT_RATIO":-159.9835631257,"ROE_AVG":-19.863701491561,"GROSS_PROFIT_QOQ":-15.444184055552,"ROA":-16.255719678577,"HOLDER_PROFIT_QOQ":63.574923998879,"ROE_YEARLY":-19.863701491561,"ROIC_YEARLY":-31.371294919197,"TOTAL_ASSETS":37426993000,"TOTAL_LIABILITIES":8413133000,"TAX_EBT":3.786974885722,"OCF_SALES":-80.989232009369,"TOTAL_PARENT_EQUITY":28970224000,"DEBT_ASSET_RATIO":22.4787842293,"OPERATE_PROFIT":-6528323000,"PRETAX_PROFIT":-6332812000,"NETCASH_OPERATE":-3084483000,"NETCASH_INVEST":-9298217000,"NETCASH_FINANCE":3329143000,"END_CASH":7962813000,"DIVI_RATIO":null,"DIVIDEND_RATE":null,"CURRENT_RATIO":6.477325636683,"COMMON_ACS":2000000000000,"CURRENTDEBT_DEBT":39.497818470242,"ISSUED_COMMON_SHARES":37007371000,"HK_COMMON_SHARES":37007371000,"PER_SHARES":1000,"TOTAL_MARKET_CAP":54770909080,"HKSK_MARKET_CAP":54770909080,"PE_TTM":-8.542667315713,"PB_TTM":2.203154116079,"REPORT_DATE_SQ":"2021-12-31 00:00:00","REPORT_TYPE_SQ":"2021年年报","OPERATE_INCOME_SQ":4700263000,"DPS_HKD":null,"OPERATE_INCOME_QOQ_SQ":10.938698941256,"NET_PROFIT_RATIO_SQ":-365.44869936,"HOLDER_PROFIT_SQ":-17140086000,"HOLDER_PROFIT_QOQ_SQ":-62.665711303027,"ROE_AVG_SQ":-316.697076701097,"PE_TTM_SQ":-6.526278121997,"PB_TTM_SQ":1.458114573414,"ROA_SQ":-45.450581385328,"START_DATE":"2022-01-01 00:00:00","FISCAL_YEAR":"12-31","CURRENCY":"HKD","IS_CNY_CODE":0,"DPS_HKD_LY":null,"ORG_TYPE":"一般企业","PREMIUM_INCOME":null,"PREMIUM_INCOME_YOY":null,"NET_INTEREST_INCOME":null,"NET_INTEREST_INCOME_YOY":null,"FEE_COMMISSION_INCOME":null,"FEE_COMMISSION_INCOME_YOY":null,"ACCOUNTS_RECE_TDAYS":0.642918879499,"INVENTORY_TDAYS":2.274850124051,"CURRENT_ASSETS_TDAYS":0.153542960752,"TOTAL_ASSETS_TDAYS":0.102418792881,"PREMIUM_EXPENSE":null,"LOAN_DEPOSIT":null,"LOAN_EQUITY":null,"LOAN_ASSETS":null,"DEPOSIT_EQUITY":null,"DEPOSIT_ASSETS":null,"EQUITY_MULTIPLIER":1.289969449083,"EQUITY_RATIO":0.290406211564},{"SECUCODE":"00020.HK","SECURITY_CODE":"00020","SECURITY_NAME_ABBR":"商汤-W","ORG_CODE":"10000249539","STD_REPORT_DATE":"2022-06-30 00:00:00","REPORT_DATE":"2022-06-30 00:00:00","DATE_TYPE_CODE":"002","REPORT_TYPE":"2022年中报","PER_NETCASH_OPERATE":-0.055156443054,"PER_OI":0.042239714212,"BPS":0.839684856295,"BASIC_EPS":-0.1,"DILUTED_EPS":-0.1,"OPERATE_INCOME":1415343000,"OPERATE_INCOME_YOY":-14.3155776485,"GROSS_PROFIT":934043000,"GROSS_PROFIT_YOY":-22.490367755486,"HOLDER_PROFIT":-3157653000,"HOLDER_PROFIT_YOY":14.7177015866,"GROSS_PROFIT_RATIO":65.994108848527,"EPS_TTM":-0.49526820941,"OPERATE_INCOME_QOQ":-5.030909972485,"NET_PROFIT_RATIO":-226.6579903246,"ROE_AVG":-10.029542439981,"GROSS_PROFIT_QOQ":-8.2688814323,"ROA":-8.579299602801,"HOLDER_PROFIT_QOQ":3.179307268353,"ROE_YEARLY":-20.059084879963,"ROIC_YEARLY":-33.64389879745,"TOTAL_ASSETS":36666655000,"TOTAL_LIABILITIES":5563819000,"TAX_EBT":3.440516366412,"OCF_SALES":-130.579583888852,"TOTAL_PARENT_EQUITY":31074529000,"DEBT_ASSET_RATIO":15.1740566463,"OPERATE_PROFIT":-3419684000,"PRETAX_PROFIT":-3322292000,"NETCASH_OPERATE":-1848149000,"NETCASH_INVEST":-5721378000,"NETCASH_FINANCE":1177327000,"END_CASH":10373626000,"DIVI_RATIO":null,"DIVIDEND_RATE":null,"CURRENT_RATIO":7.450418198366,"COMMON_ACS":2000000000000,"CURRENTDEBT_DEBT":51.620694346815,"ISSUED_COMMON_SHARES":37007371000,"HK_COMMON_SHARES":37007371000,"PER_SHARES":1000,"TOTAL_MARKET_CAP":54770909080,"HKSK_MARKET_CAP":54770909080,"PE_TTM":-8.542667315713,"PB_TTM":2.203154116079,"REPORT_DATE_SQ":"2021-06-30 00:00:00","REPORT_TYPE_SQ":"2021年中报","OPERATE_INCOME_SQ":1651809000,"DPS_HKD":null,"OPERATE_INCOME_QOQ_SQ":22.942778421811,"NET_PROFIT_RATIO_SQ":-224.7761696419,"HOLDER_PROFIT_SQ":-3702589000,"HOLDER_PROFIT_QOQ_SQ":13.334160758922,"ROE_AVG_SQ":16.771021585224,"PE_TTM_SQ":-6.526278121997,"PB_TTM_SQ":1.458114573414,"ROA_SQ":-10.472565825141,"START_DATE":"2022-01-01 00:00:00","FISCAL_YEAR":"12-31","CURRENCY":"HKD","IS_CNY_CODE":0,"DPS_HKD_LY":null,"ORG_TYPE":"一般企业","PREMIUM_INCOME":null,"PREMIUM_INCOME_YOY":null,"NET_INTEREST_INCOME":null,"NET_INTEREST_INCOME_YOY":null,"FEE_COMMISSION_INCOME":null,"FEE_COMMISSION_INCOME_YOY":null,"ACCOUNTS_RECE_TDAYS":0.244210212829,"INVENTORY_TDAYS":0.905070973699,"CURRENT_ASSETS_TDAYS":0.057205882112,"TOTAL_ASSETS_TDAYS":0.038454673891,"PREMIUM_EXPENSE":null,"LOAN_DEPOSIT":null,"LOAN_EQUITY":null,"LOAN_ASSETS":null,"DEPOSIT_EQUITY":null,"DEPOSIT_ASSETS":null,"EQUITY_MULTIPLIER":1.178884620039,"EQUITY_RATIO":0.179047573014},{"SECUCODE":"00020.HK","SECURITY_CODE":"00020","SECURITY_NAME_ABBR":"商汤-W","ORG_CODE":"10000249539","STD_REPORT_DATE":"2021-12-31 00:00:00","REPORT_DATE":"2021-12-31 00:00:00","DATE_TYPE_CODE":"001","REPORT_TYPE":"2021年年报","PER_NETCASH_OPERATE":-0.074677336971,"PER_OI":0.141223679783,"BPS":0.861788074597,"BASIC_EPS":-1.74,"DILUTED_EPS":-1.74,"OPERATE_INCOME":4700263000,"OPERATE_INCOME_YOY":36.3911188234,"GROSS_PROFIT":3277638000,"GROSS_PROFIT_YOY":34.766644573132,"HOLDER_PROFIT":-17140086000,"HOLDER_PROFIT_YOY":-40.9756038582,"GROSS_PROFIT_RATIO":69.733076638478,"EPS_TTM":-0.514989483931,"OPERATE_INCOME_QOQ":10.938698941256,"NET_PROFIT_RATIO":-365.44869936,"ROE_AVG":-316.697076701097,"GROSS_PROFIT_QOQ":8.664515459549,"ROA":-45.450581385328,"HOLDER_PROFIT_QOQ":-62.665711303027,"ROE_YEARLY":-316.697076701097,"ROIC_YEARLY":-94.294597565578,"TOTAL_ASSETS":36944319000,"TOTAL_LIABILITIES":4957235000,"TAX_EBT":-0.207134199813,"OCF_SALES":-52.878764443607,"TOTAL_PARENT_EQUITY":31892511000,"DEBT_ASSET_RATIO":13.4181252603,"OPERATE_PROFIT":-3729734000,"PRETAX_PROFIT":-17141544000,"NETCASH_OPERATE":-2485441000,"NETCASH_INVEST":-1548074000,"NETCASH_FINANCE":9378482000,"END_CASH":16529506000,"DIVI_RATIO":null,"DIVIDEND_RATE":null,"CURRENT_RATIO":10.047139696163,"COMMON_ACS":2000000000000,"CURRENTDEBT_DEBT":56.387179546663,"ISSUED_COMMON_SHARES":37007371000,"HK_COMMON_SHARES":37007371000,"PER_SHARES":1000,"TOTAL_MARKET_CAP":54770909080,"HKSK_MARKET_CAP":54770909080,"PE_TTM":-8.542667315713,"PB_TTM":2.203154116079,"REPORT_DATE_SQ":"2020-12-31 00:00:00","REPORT_TYPE_SQ":"2020年年报","OPERATE_INCOME_SQ":3446165000,"DPS_HKD":null,"OPERATE_INCOME_QOQ_SQ":13.862472217202,"NET_PROFIT_RATIO_SQ":-352.8080344383,"HOLDER_PROFIT_SQ":-12158193000,"HOLDER_PROFIT_QOQ_SQ":-144.999000513446,"ROE_AVG_SQ":76.326501106663,"PE_TTM_SQ":-6.526278121997,"PB_TTM_SQ":1.458114573414,"ROA_SQ":-38.951910372174,"START_DATE":"2021-01-01 00:00:00","FISCAL_YEAR":"12-31","CURRENCY":"HKD","IS_CNY_CODE":0,"DPS_HKD_LY":null,"ORG_TYPE":"一般企业","PREMIUM_INCOME":null,"PREMIUM_INCOME_YOY":null,"NET_INTEREST_INCOME":null,"NET_INTEREST_INCOME_YOY":null,"FEE_COMMISSION_INCOME":null,"FEE_COMMISSION_INCOME_YOY":null,"ACCOUNTS_RECE_TDAYS":0.907436343282,"INVENTORY_TDAYS":2.348215059443,"CURRENT_ASSETS_TDAYS":0.157172404618,"TOTAL_ASSETS_TDAYS":0.124637464488,"PREMIUM_EXPENSE":null,"LOAN_DEPOSIT":null,"LOAN_EQUITY":null,"LOAN_ASSETS":null,"DEPOSIT_EQUITY":null,"DEPOSIT_ASSETS":null,"EQUITY_MULTIPLIER":1.154976145996,"EQUITY_RATIO":0.155435707148},{"SECUCODE":"00020.HK","SECURITY_CODE":"00020","SECURITY_NAME_ABBR":"商汤-W","ORG_CODE":"10000249539","STD_REPORT_DATE":"2021-06-30 00:00:00","REPORT_DATE":"2021-06-30 00:00:00","DATE_TYPE_CODE":"002","REPORT_TYPE":"2021年中报","PER_NETCASH_OPERATE":-0.067095163859,"PER_OI":0.133385641511,"BPS":-0.623831668561,"BASIC_EPS":-0.39,"DILUTED_EPS":-0.39,"OPERATE_INCOME":1651809000,"OPERATE_INCOME_YOY":91.8114224601,"GROSS_PROFIT":1205067000,"GROSS_PROFIT_YOY":94.096414650646,"HOLDER_PROFIT":-3702589000,"HOLDER_PROFIT_YOY":30.4519043041,"GROSS_PROFIT_RATIO":72.954379107996,"EPS_TTM":-0.85087592125,"OPERATE_INCOME_QOQ":22.942778421811,"NET_PROFIT_RATIO":-224.7761696419,"ROE_AVG":16.771021585224,"GROSS_PROFIT_QOQ":24.020839740733,"ROA":-10.472565825141,"HOLDER_PROFIT_QOQ":13.334160758922,"ROE_YEARLY":33.542043170448,"ROIC_YEARLY":-40.837534819986,"TOTAL_ASSETS":32231618000,"TOTAL_LIABILITIES":55192579000,"TAX_EBT":2.110148173869,"OCF_SALES":-50.301638990949,"TOTAL_PARENT_EQUITY":-23086370000,"DEBT_ASSET_RATIO":171.2373824981,"OPERATE_PROFIT":-2150740000,"PRETAX_PROFIT":-3792909000,"NETCASH_OPERATE":-830887000,"NETCASH_INVEST":-5111535000,"NETCASH_FINANCE":3536317000,"END_CASH":8925817000,"DIVI_RATIO":null,"DIVIDEND_RATE":null,"CURRENT_RATIO":12.728726014335,"COMMON_ACS":2000000000000,"CURRENTDEBT_DEBT":3.452386234751,"ISSUED_COMMON_SHARES":37007371000,"HK_COMMON_SHARES":37007371000,"PER_SHARES":1000,"TOTAL_MARKET_CAP":54770909080,"HKSK_MARKET_CAP":54770909080,"PE_TTM":-8.542667315713,"PB_TTM":2.203154116079,"REPORT_DATE_SQ":"2020-06-30 00:00:00","REPORT_TYPE_SQ":"2020年中报","OPERATE_INCOME_SQ":861163000,"DPS_HKD":null,"OPERATE_INCOME_QOQ_SQ":0,"NET_PROFIT_RATIO_SQ":-619.2555880826,"HOLDER_PROFIT_SQ":-5323782000,"HOLDER_PROFIT_QOQ_SQ":0,"ROE_AVG_SQ":null,"PE_TTM_SQ":-6.526278121997,"PB_TTM_SQ":1.458114573414,"ROA_SQ":null,"START_DATE":"2021-01-01 00:00:00","FISCAL_YEAR":"12-31","CURRENCY":"HKD","IS_CNY_CODE":0,"DPS_HKD_LY":null,"ORG_TYPE":"一般企业","PREMIUM_INCOME":null,"PREMIUM_INCOME_YOY":null,"NET_INTEREST_INCOME":null,"NET_INTEREST_INCOME_YOY":null,"FEE_COMMISSION_INCOME":null,"FEE_COMMISSION_INCOME_YOY":null,"ACCOUNTS_RECE_TDAYS":0.383234342881,"INVENTORY_TDAYS":0.646198174846,"CURRENT_ASSETS_TDAYS":0.059014089582,"TOTAL_ASSETS_TDAYS":0.046720493371,"PREMIUM_EXPENSE":null,"LOAN_DEPOSIT":null,"LOAN_EQUITY":null,"LOAN_ASSETS":null,"DEPOSIT_EQUITY":null,"DEPOSIT_ASSETS":null,"EQUITY_MULTIPLIER":-1.403757360157,"EQUITY_RATIO":-2.390699750545},{"SECUCODE":"00020.HK","SECURITY_CODE":"00020","SECURITY_NAME_ABBR":"商汤-W","ORG_CODE":"10000249539","STD_REPORT_DATE":"2020-12-31 00:00:00","REPORT_DATE":"2020-12-31 00:00:00","DATE_TYPE_CODE":"001","REPORT_TYPE":"2020年年报","PER_NETCASH_OPERATE":-0.100223524296,"PER_OI":0.281073525106,"BPS":-0.569298289252,"BASIC_EPS":-1.33,"DILUTED_EPS":-1.33,"OPERATE_INCOME":3446165000,"OPERATE_INCOME_YOY":13.8624722172,"GROSS_PROFIT":2432084000,"GROSS_PROFIT_YOY":41.468993068724,"HOLDER_PROFIT":-12158193000,"HOLDER_PROFIT_YOY":-144.9990005134,"GROSS_PROFIT_RATIO":70.573637652289,"EPS_TTM":-0.991637418821,"OPERATE_INCOME_QOQ":13.862472217202,"NET_PROFIT_RATIO":-352.8080344383,"ROE_AVG":76.326501106663,"GROSS_PROFIT_QOQ":41.468993068724,"ROA":-38.951910372174,"HOLDER_PROFIT_QOQ":-144.999000513446,"ROE_YEARLY":76.326501106663,"ROIC_YEARLY":-65.937280746972,"TOTAL_ASSETS":38478637000,"TOTAL_LIABILITIES":59411177000,"TAX_EBT":1.304243674637,"OCF_SALES":-35.657404680275,"TOTAL_PARENT_EQUITY":-21068233000,"DEBT_ASSET_RATIO":154.4004196406,"OPERATE_PROFIT":-1811778000,"PRETAX_PROFIT":-12319017000,"NETCASH_OPERATE":-1228813000,"NETCASH_INVEST":-7070472000,"NETCASH_FINANCE":13185642000,"END_CASH":11427871000,"DIVI_RATIO":null,"DIVIDEND_RATE":null,"CURRENT_RATIO":3.229974171256,"COMMON_ACS":2000000000000,"CURRENTDEBT_DEBT":16.532899188313,"ISSUED_COMMON_SHARES":37007371000,"HK_COMMON_SHARES":37007371000,"PER_SHARES":1000,"TOTAL_MARKET_CAP":54770909080,"HKSK_MARKET_CAP":54770909080,"PE_TTM":-8.542667315713,"PB_TTM":2.203154116079,"REPORT_DATE_SQ":"2019-12-31 00:00:00","REPORT_TYPE_SQ":"2019年年报","OPERATE_INCOME_SQ":3026603000,"DPS_HKD":null,"OPERATE_INCOME_QOQ_SQ":63.2981048029,"NET_PROFIT_RATIO_SQ":-164.1342455552,"HOLDER_PROFIT_SQ":-4962548000,"HOLDER_PROFIT_QOQ_SQ":-44.774486562432,"ROE_AVG_SQ":61.42420338994,"PE_TTM_SQ":-6.526278121997,"PB_TTM_SQ":1.458114573414,"ROA_SQ":-24.269016944378,"START_DATE":"2020-01-01 00:00:00","FISCAL_YEAR":"12-31","CURRENCY":"HKD","IS_CNY_CODE":0,"DPS_HKD_LY":null,"ORG_TYPE":"一般企业","PREMIUM_INCOME":null,"PREMIUM_INCOME_YOY":null,"NET_INTEREST_INCOME":null,"NET_INTEREST_INCOME_YOY":null,"FEE_COMMISSION_INCOME":null,"FEE_COMMISSION_INCOME_YOY":null,"ACCOUNTS_RECE_TDAYS":0.744180216011,"INVENTORY_TDAYS":1.770423715498,"CURRENT_ASSETS_TDAYS":0.137964609408,"TOTAL_ASSETS_TDAYS":0.110406793351,"PREMIUM_EXPENSE":null,"LOAN_DEPOSIT":null,"LOAN_EQUITY":null,"LOAN_ASSETS":null,"DEPOSIT_EQUITY":null,"DEPOSIT_ASSETS":null,"EQUITY_MULTIPLIER":-1.838221114114,"EQUITY_RATIO":-2.819941140769},{"SECUCODE":"00020.HK","SECURITY_CODE":"00020","SECURITY_NAME_ABBR":"商汤-W","ORG_CODE":"10000249539","STD_REPORT_DATE":"2020-06-30 00:00:00","REPORT_DATE":"2020-06-30 00:00:00","DATE_TYPE_CODE":"002","REPORT_TYPE":"2020年中报","PER_NETCASH_OPERATE":null,"PER_OI":null,"BPS":null,"BASIC_EPS":-0.6,"DILUTED_EPS":-0.6,"OPERATE_INCOME":861163000,"OPERATE_INCOME_YOY":null,"GROSS_PROFIT":620860000,"GROSS_PROFIT_YOY":null,"HOLDER_PROFIT":-5323782000,"HOLDER_PROFIT_YOY":null,"GROSS_PROFIT_RATIO":72.095526630847,"EPS_TTM":-0.43274659197,"OPERATE_INCOME_QOQ":0,"NET_PROFIT_RATIO":-619.2555880826,"ROE_AVG":null,"GROSS_PROFIT_QOQ":0,"ROA":null,"HOLDER_PROFIT_QOQ":0,"ROE_YEARLY":null,"ROIC_YEARLY":null,"TOTAL_ASSETS":null,"TOTAL_LIABILITIES":null,"TAX_EBT":2.742728729577,"OCF_SALES":-134.082397873573,"TOTAL_PARENT_EQUITY":null,"DEBT_ASSET_RATIO":null,"OPERATE_PROFIT":null,"PRETAX_PROFIT":-5483189000,"NETCASH_OPERATE":-1154668000,"NETCASH_INVEST":-1146065000,"NETCASH_FINANCE":679725000,"END_CASH":5161130000,"DIVI_RATIO":null,"DIVIDEND_RATE":null,"CURRENT_RATIO":null,"COMMON_ACS":2000000000000,"CURRENTDEBT_DEBT":null,"ISSUED_COMMON_SHARES":37007371000,"HK_COMMON_SHARES":37007371000,"PER_SHARES":1000,"TOTAL_MARKET_CAP":54770909080,"HKSK_MARKET_CAP":54770909080,"PE_TTM":-8.542667315713,"PB_TTM":2.203154116079,"REPORT_DATE_SQ":"2019-06-30 00:00:00","REPORT_TYPE_SQ":"2019年中报","OPERATE_INCOME_SQ":null,"DPS_HKD":null,"OPERATE_INCOME_QOQ_SQ":0,"NET_PROFIT_RATIO_SQ":null,"HOLDER_PROFIT_SQ":null,"HOLDER_PROFIT_QOQ_SQ":0,"ROE_AVG_SQ":null,"PE_TTM_SQ":-6.526278121997,"PB_TTM_SQ":1.458114573414,"ROA_SQ":null,"START_DATE":"2020-01-01 00:00:00","FISCAL_YEAR":"12-31","CURRENCY":"HKD","IS_CNY_CODE":0,"DPS_HKD_LY":null,"ORG_TYPE":"一般企业","PREMIUM_INCOME":null,"PREMIUM_INCOME_YOY":null,"NET_INTEREST_INCOME":null,"NET_INTEREST_INCOME_YOY":null,"FEE_COMMISSION_INCOME":null,"FEE_COMMISSION_INCOME_YOY":null,"ACCOUNTS_RECE_TDAYS":null,"INVENTORY_TDAYS":null,"CURRENT_ASSETS_TDAYS":0.094471522008,"TOTAL_ASSETS_TDAYS":0.071919267571,"PREMIUM_EXPENSE":null,"LOAN_DEPOSIT":null,"LOAN_EQUITY":null,"LOAN_ASSETS":null,"DEPOSIT_EQUITY":null,"DEPOSIT_ASSETS":null,"EQUITY_MULTIPLIER":null,"EQUITY_RATIO":null}],"count":11},"success":true,"message":"ok","code":0}