{"version":"114df98e1fc954e24ab7e27b0e5be7ab","result":{"pages":6,"data":[{"SECUCODE":"00026.HK","SECURITY_CODE":"00026","SECURITY_NAME_ABBR":"中华汽车","ORG_CODE":"10007319","STD_REPORT_DATE":"2023-12-31 00:00:00","REPORT_DATE":"2024-06-30 00:00:00","DATE_TYPE_CODE":"001","REPORT_TYPE":"2023年年报","PER_NETCASH_OPERATE":0.587195550857,"PER_OI":1.401972212912,"BPS":145.29240159813,"BASIC_EPS":-5.2844172,"DILUTED_EPS":-5.2844172,"OPERATE_INCOME":63476894,"OPERATE_INCOME_YOY":3.9067752297,"GROSS_PROFIT":63476894,"GROSS_PROFIT_YOY":2.858668969656,"HOLDER_PROFIT":-239322036.92,"HOLDER_PROFIT_YOY":-68.9163596073,"GROSS_PROFIT_RATIO":null,"EPS_TTM":-3.806543045745,"OPERATE_INCOME_QOQ":2.516026332479,"NET_PROFIT_RATIO":-377.0222861251,"ROE_AVG":-3.541957333988,"GROSS_PROFIT_QOQ":2.516026332479,"ROA":-3.495736663454,"HOLDER_PROFIT_QOQ":-20.418458514949,"ROE_YEARLY":-3.541957333988,"ROIC_YEARLY":-4.316252723799,"TOTAL_ASSETS":6660426503.44,"TOTAL_LIABILITIES":90470317.68,"TAX_EBT":-2.624523996822,"OCF_SALES":41.883537023724,"TOTAL_PARENT_EQUITY":6569956185.76,"DEBT_ASSET_RATIO":1.3583261918,"OPERATE_PROFIT":86557658.52,"PRETAX_PROFIT":-233201604.84,"NETCASH_OPERATE":26586368.4,"NETCASH_INVEST":516011931.08,"NETCASH_FINANCE":-131985392.84,"END_CASH":1106099709,"DIVI_RATIO":-0.30999885876,"DIVIDEND_RATE":2.47619047619,"CURRENT_RATIO":27.285452239243,"COMMON_ACS":null,"CURRENTDEBT_DEBT":51.696830296794,"ISSUED_COMMON_SHARES":45218856,"HK_COMMON_SHARES":45218856,"PER_SHARES":200,"TOTAL_MARKET_CAP":2373989940,"HKSK_MARKET_CAP":2373989940,"PE_TTM":-9.053462716279,"PB_TTM":0.329788065122,"REPORT_DATE_SQ":"2022-12-31 00:00:00","REPORT_TYPE_SQ":"2022年年报","OPERATE_INCOME_SQ":61712731.3,"DPS_HKD":1.3,"OPERATE_INCOME_QOQ_SQ":-0.390545413349,"NET_PROFIT_RATIO_SQ":-231.9205199074,"HOLDER_PROFIT_SQ":-143124487.28,"HOLDER_PROFIT_QOQ_SQ":-230.060832291669,"ROE_AVG_SQ":-2.006271634389,"PE_TTM_SQ":-16.624885928522,"PB_TTM_SQ":0.339223181545,"ROA_SQ":-1.981738025457,"START_DATE":"2023-07-01 00:00:00","FISCAL_YEAR":"6-30","CURRENCY":"HKD","IS_CNY_CODE":0,"DPS_HKD_LY":1.3,"ORG_TYPE":"一般企业","PREMIUM_INCOME":null,"PREMIUM_INCOME_YOY":null,"NET_INTEREST_INCOME":null,"NET_INTEREST_INCOME_YOY":null,"FEE_COMMISSION_INCOME":null,"FEE_COMMISSION_INCOME_YOY":null,"ACCOUNTS_RECE_TDAYS":6.483035048471,"INVENTORY_TDAYS":null,"CURRENT_ASSETS_TDAYS":0.048359782878,"TOTAL_ASSETS_TDAYS":0.009271962937,"PREMIUM_EXPENSE":null,"LOAN_DEPOSIT":null,"LOAN_EQUITY":null,"LOAN_ASSETS":null,"DEPOSIT_EQUITY":null,"DEPOSIT_ASSETS":null,"EQUITY_MULTIPLIER":1.013770307613,"EQUITY_RATIO":0.013770307613},{"SECUCODE":"00026.HK","SECURITY_CODE":"00026","SECURITY_NAME_ABBR":"中华汽车","ORG_CODE":"10007319","STD_REPORT_DATE":"2023-06-30 00:00:00","REPORT_DATE":"2023-12-31 00:00:00","DATE_TYPE_CODE":"002","REPORT_TYPE":"2023年中报","PER_NETCASH_OPERATE":0.280071046894,"PER_OI":0.693382496788,"BPS":147.424801613734,"BASIC_EPS":-3.2261432,"DILUTED_EPS":-3.2261432,"OPERATE_INCOME":31394179.46,"OPERATE_INCOME_YOY":3.6998233903,"GROSS_PROFIT":31394179.46,"GROSS_PROFIT_YOY":5.203190471822,"HOLDER_PROFIT":-146118912.8,"HOLDER_PROFIT_YOY":-23.2137671746,"GROSS_PROFIT_RATIO":null,"EPS_TTM":-3.161095975392,"OPERATE_INCOME_QOQ":-0.736432237618,"NET_PROFIT_RATIO":-465.4331322345,"ROE_AVG":-2.155015141507,"GROSS_PROFIT_QOQ":-0.736432237618,"ROA":-2.116457954562,"HOLDER_PROFIT_QOQ":-77.862451579781,"ROE_YEARLY":-4.310030283015,"ROIC_YEARLY":-5.261622461946,"TOTAL_ASSETS":6825847502.18,"TOTAL_LIABILITIES":159466627.18,"TAX_EBT":-1.533327036302,"OCF_SALES":40.391998383512,"TOTAL_PARENT_EQUITY":6666380875,"DEBT_ASSET_RATIO":2.3362172555,"OPERATE_PROFIT":43371689.2,"PRETAX_PROFIT":-143912267.1,"NETCASH_OPERATE":12680736.46,"NETCASH_INVEST":405170962,"NETCASH_FINANCE":-12240313.54,"END_CASH":1099415229.36,"DIVI_RATIO":-0.373295847132,"DIVIDEND_RATE":2.473834443387,"CURRENT_RATIO":11.877121811443,"COMMON_ACS":null,"CURRENTDEBT_DEBT":72.983309560207,"ISSUED_COMMON_SHARES":45218856,"HK_COMMON_SHARES":45218856,"PER_SHARES":200,"TOTAL_MARKET_CAP":2376250882.8,"HKSK_MARKET_CAP":2376250882.8,"PE_TTM":-9.062085061723,"PB_TTM":0.330102148994,"REPORT_DATE_SQ":"2022-06-30 00:00:00","REPORT_TYPE_SQ":"2022年中报","OPERATE_INCOME_SQ":29841470.89,"DPS_HKD":1.3,"OPERATE_INCOME_QOQ_SQ":3.242937774138,"NET_PROFIT_RATIO_SQ":-391.7202981411,"HOLDER_PROFIT_SQ":-116895098.74,"HOLDER_PROFIT_QOQ_SQ":3.157515632695,"ROE_AVG_SQ":-1.68838584149,"PE_TTM_SQ":-16.683218861604,"PB_TTM_SQ":0.340413438322,"ROA_SQ":-1.659594011882,"START_DATE":"2023-07-01 00:00:00","FISCAL_YEAR":"6-30","CURRENCY":"HKD","IS_CNY_CODE":0,"DPS_HKD_LY":1.3,"ORG_TYPE":"一般企业","PREMIUM_INCOME":null,"PREMIUM_INCOME_YOY":null,"NET_INTEREST_INCOME":null,"NET_INTEREST_INCOME_YOY":null,"FEE_COMMISSION_INCOME":null,"FEE_COMMISSION_INCOME_YOY":null,"ACCOUNTS_RECE_TDAYS":2.945207226355,"INVENTORY_TDAYS":null,"CURRENT_ASSETS_TDAYS":0.023068658275,"TOTAL_ASSETS_TDAYS":0.004547286835,"PREMIUM_EXPENSE":null,"LOAN_DEPOSIT":null,"LOAN_EQUITY":null,"LOAN_ASSETS":null,"DEPOSIT_EQUITY":null,"DEPOSIT_ASSETS":null,"EQUITY_MULTIPLIER":1.023921019541,"EQUITY_RATIO":0.023921019541},{"SECUCODE":"00026.HK","SECURITY_CODE":"00026","SECURITY_NAME_ABBR":"中华汽车","ORG_CODE":"10007319","STD_REPORT_DATE":"2022-12-31 00:00:00","REPORT_DATE":"2023-06-30 00:00:00","DATE_TYPE_CODE":"001","REPORT_TYPE":"2022年年报","PER_NETCASH_OPERATE":0.510891397141,"PER_OI":1.363008317097,"BPS":155.119902850262,"BASIC_EPS":-3.1623914,"DILUTED_EPS":-3.1623914,"OPERATE_INCOME":61712731.3,"OPERATE_INCOME_YOY":-8.2868613239,"GROSS_PROFIT":61712731.3,"GROSS_PROFIT_YOY":-1.12410154864,"HOLDER_PROFIT":-143124487.28,"HOLDER_PROFIT_YOY":-314.5714404191,"GROSS_PROFIT_RATIO":null,"EPS_TTM":-1.776046127647,"OPERATE_INCOME_QOQ":-0.390545413349,"NET_PROFIT_RATIO":-231.9205199074,"ROE_AVG":-2.006271634389,"GROSS_PROFIT_QOQ":-0.390545413349,"ROA":-1.981738025457,"HOLDER_PROFIT_QOQ":-230.060832291669,"ROE_YEARLY":-2.006271634389,"ROIC_YEARLY":-2.442848131548,"TOTAL_ASSETS":7103449306.82,"TOTAL_LIABILITIES":89104757.1,"TAX_EBT":-2.803936371704,"OCF_SALES":37.482632404572,"TOTAL_PARENT_EQUITY":7014344549.72,"DEBT_ASSET_RATIO":1.2543871752,"OPERATE_PROFIT":68090988.94,"PRETAX_PROFIT":-139220823.96,"NETCASH_OPERATE":23131556.22,"NETCASH_INVEST":81029134.28,"NETCASH_FINANCE":-130094143.94,"END_CASH":705459450.86,"DIVI_RATIO":-0.66441067134,"DIVIDEND_RATE":2.473834443387,"CURRENT_RATIO":30.927416148808,"COMMON_ACS":null,"CURRENTDEBT_DEBT":49.452118578302,"ISSUED_COMMON_SHARES":45218856,"HK_COMMON_SHARES":45218856,"PER_SHARES":200,"TOTAL_MARKET_CAP":2376250882.8,"HKSK_MARKET_CAP":2376250882.8,"PE_TTM":-9.062085061723,"PB_TTM":0.330102148994,"REPORT_DATE_SQ":"2021-12-31 00:00:00","REPORT_TYPE_SQ":"2021年年报","OPERATE_INCOME_SQ":62414331.77,"DPS_HKD":1.3,"OPERATE_INCOME_QOQ_SQ":-7.307937211921,"NET_PROFIT_RATIO_SQ":99.1285641862,"HOLDER_PROFIT_SQ":61870430.93,"HOLDER_PROFIT_QOQ_SQ":502.189483274106,"ROE_AVG_SQ":0.907115370739,"PE_TTM_SQ":-16.683218861604,"PB_TTM_SQ":0.340413438322,"ROA_SQ":0.896382719626,"START_DATE":"2022-07-01 00:00:00","FISCAL_YEAR":"6-30","CURRENCY":"HKD","IS_CNY_CODE":0,"DPS_HKD_LY":3,"ORG_TYPE":"一般企业","PREMIUM_INCOME":null,"PREMIUM_INCOME_YOY":null,"NET_INTEREST_INCOME":null,"NET_INTEREST_INCOME_YOY":null,"FEE_COMMISSION_INCOME":null,"FEE_COMMISSION_INCOME_YOY":null,"ACCOUNTS_RECE_TDAYS":5.595168436011,"INVENTORY_TDAYS":null,"CURRENT_ASSETS_TDAYS":0.045014918106,"TOTAL_ASSETS_TDAYS":0.008544901617,"PREMIUM_EXPENSE":null,"LOAN_DEPOSIT":null,"LOAN_EQUITY":null,"LOAN_ASSETS":null,"DEPOSIT_EQUITY":null,"DEPOSIT_ASSETS":null,"EQUITY_MULTIPLIER":1.012703219306,"EQUITY_RATIO":0.012703219306},{"SECUCODE":"00026.HK","SECURITY_CODE":"00026","SECURITY_NAME_ABBR":"中华汽车","ORG_CODE":"10007319","STD_REPORT_DATE":"2022-06-30 00:00:00","REPORT_DATE":"2022-12-31 00:00:00","DATE_TYPE_CODE":"002","REPORT_TYPE":"2022年中报","PER_NETCASH_OPERATE":0.183984844549,"PER_OI":0.658634987341,"BPS":150.810271183773,"BASIC_EPS":-2.5815503,"DILUTED_EPS":-2.5815503,"OPERATE_INCOME":29841470.89,"OPERATE_INCOME_YOY":-9.2127075577,"GROSS_PROFIT":29841470.89,"GROSS_PROFIT_YOY":-0.810219275991,"HOLDER_PROFIT":-116895098.74,"HOLDER_PROFIT_YOY":-520.4942000578,"GROSS_PROFIT_RATIO":null,"EPS_TTM":1.365550332374,"OPERATE_INCOME_QOQ":3.242937774138,"NET_PROFIT_RATIO":-391.7202981411,"ROE_AVG":-1.68838584149,"GROSS_PROFIT_QOQ":3.242937774138,"ROA":-1.659594011882,"HOLDER_PROFIT_QOQ":3.157515632695,"ROE_YEARLY":-3.376771682979,"ROIC_YEARLY":-4.10072474486,"TOTAL_ASSETS":6974893342.9,"TOTAL_LIABILITIES":155425406.92,"TAX_EBT":-2.062112963858,"OCF_SALES":27.934265273745,"TOTAL_PARENT_EQUITY":6819467935.98,"DEBT_ASSET_RATIO":2.2283553207,"OPERATE_PROFIT":25310805.45,"PRETAX_PROFIT":-114533292.86,"NETCASH_OPERATE":8335995.64,"NETCASH_INVEST":-110524297.1,"NETCASH_FINANCE":-11838507.31,"END_CASH":572873702.94,"DIVI_RATIO":0.864138048979,"DIVIDEND_RATE":2.473834443387,"CURRENT_RATIO":12.299888697111,"COMMON_ACS":null,"CURRENTDEBT_DEBT":71.257959953102,"ISSUED_COMMON_SHARES":45218856,"HK_COMMON_SHARES":45218856,"PER_SHARES":200,"TOTAL_MARKET_CAP":2376250882.8,"HKSK_MARKET_CAP":2376250882.8,"PE_TTM":-9.062085061723,"PB_TTM":0.330102148994,"REPORT_DATE_SQ":"2021-06-30 00:00:00","REPORT_TYPE_SQ":"2021年中报","OPERATE_INCOME_SQ":30085227.2,"DPS_HKD":1.3,"OPERATE_INCOME_QOQ_SQ":-9.867904798417,"NET_PROFIT_RATIO_SQ":84.5748294698,"HOLDER_PROFIT_SQ":25444529.6,"HOLDER_PROFIT_QOQ_SQ":86.788737144725,"ROE_AVG_SQ":0.387148380548,"PE_TTM_SQ":-16.683218861604,"PB_TTM_SQ":0.340413438322,"ROA_SQ":0.380690091158,"START_DATE":"2022-07-01 00:00:00","FISCAL_YEAR":"6-30","CURRENCY":"HKD","IS_CNY_CODE":0,"DPS_HKD_LY":3,"ORG_TYPE":"一般企业","PREMIUM_INCOME":null,"PREMIUM_INCOME_YOY":null,"NET_INTEREST_INCOME":null,"NET_INTEREST_INCOME_YOY":null,"FEE_COMMISSION_INCOME":null,"FEE_COMMISSION_INCOME_YOY":null,"ACCOUNTS_RECE_TDAYS":null,"INVENTORY_TDAYS":null,"CURRENT_ASSETS_TDAYS":0.022117960026,"TOTAL_ASSETS_TDAYS":0.004236681172,"PREMIUM_EXPENSE":null,"LOAN_DEPOSIT":null,"LOAN_EQUITY":null,"LOAN_ASSETS":null,"DEPOSIT_EQUITY":null,"DEPOSIT_ASSETS":null,"EQUITY_MULTIPLIER":1.022791427187,"EQUITY_RATIO":0.022791427187},{"SECUCODE":"00026.HK","SECURITY_CODE":"00026","SECURITY_NAME_ABBR":"中华汽车","ORG_CODE":"10007319","STD_REPORT_DATE":"2021-12-31 00:00:00","REPORT_DATE":"2022-06-30 00:00:00","DATE_TYPE_CODE":"001","REPORT_TYPE":"2021年年报","PER_NETCASH_OPERATE":0.502056385072,"PER_OI":1.377554838592,"BPS":148.785623970894,"BASIC_EPS":1.368304,"DILUTED_EPS":1.368304,"OPERATE_INCOME":62414331.77,"OPERATE_INCOME_YOY":-6.8880610344,"GROSS_PROFIT":62414331.77,"GROSS_PROFIT_YOY":-4.301991294138,"HOLDER_PROFIT":61870430.93,"HOLDER_PROFIT_YOY":503.6770449727,"GROSS_PROFIT_RATIO":null,"EPS_TTM":1.323752635955,"OPERATE_INCOME_QOQ":-7.307937211921,"NET_PROFIT_RATIO":99.1285641862,"ROE_AVG":0.907115370739,"GROSS_PROFIT_QOQ":-7.307937211921,"ROA":0.896382719626,"HOLDER_PROFIT_QOQ":502.189483274106,"ROE_YEARLY":0.907115370739,"ROIC_YEARLY":1.193795537,"TOTAL_ASSETS":6809102312.67,"TOTAL_LIABILITIES":81186607.46,"TAX_EBT":15.570259893335,"OCF_SALES":36.445473603442,"TOTAL_PARENT_EQUITY":6727915705.21,"DEBT_ASSET_RATIO":1.1923246815,"OPERATE_PROFIT":39918558.82,"PRETAX_PROFIT":73280375.91,"NETCASH_OPERATE":22747198.81,"NETCASH_INVEST":-149346105.65,"NETCASH_FINANCE":-122732592.85,"END_CASH":661094367.22,"DIVI_RATIO":0.891423342964,"DIVIDEND_RATE":2.473834443387,"CURRENT_RATIO":34.227014781932,"COMMON_ACS":null,"CURRENTDEBT_DEBT":46.034086839278,"ISSUED_COMMON_SHARES":45218856,"HK_COMMON_SHARES":45218856,"PER_SHARES":200,"TOTAL_MARKET_CAP":2376250882.8,"HKSK_MARKET_CAP":2376250882.8,"PE_TTM":-9.062085061723,"PB_TTM":0.330102148994,"REPORT_DATE_SQ":"2020-12-31 00:00:00","REPORT_TYPE_SQ":"2020年年报","OPERATE_INCOME_SQ":65220094.56,"DPS_HKD":1.3,"OPERATE_INCOME_QOQ_SQ":-4.524844792707,"NET_PROFIT_RATIO_SQ":-22.8649434819,"HOLDER_PROFIT_SQ":-14912537.76,"HOLDER_PROFIT_QOQ_SQ":-210.833693276016,"ROE_AVG_SQ":-0.217537184602,"PE_TTM_SQ":-16.683218861604,"PB_TTM_SQ":0.340413438322,"ROA_SQ":-0.215174108895,"START_DATE":"2021-07-01 00:00:00","FISCAL_YEAR":"6-30","CURRENCY":"HKD","IS_CNY_CODE":0,"DPS_HKD_LY":1.3,"ORG_TYPE":"一般企业","PREMIUM_INCOME":null,"PREMIUM_INCOME_YOY":null,"NET_INTEREST_INCOME":null,"NET_INTEREST_INCOME_YOY":null,"FEE_COMMISSION_INCOME":null,"FEE_COMMISSION_INCOME_YOY":null,"ACCOUNTS_RECE_TDAYS":null,"INVENTORY_TDAYS":null,"CURRENT_ASSETS_TDAYS":0.036221154359,"TOTAL_ASSETS_TDAYS":0.009042627894,"PREMIUM_EXPENSE":null,"LOAN_DEPOSIT":null,"LOAN_EQUITY":null,"LOAN_ASSETS":null,"DEPOSIT_EQUITY":null,"DEPOSIT_ASSETS":null,"EQUITY_MULTIPLIER":1.012067126138,"EQUITY_RATIO":0.012067126138},{"SECUCODE":"00026.HK","SECURITY_CODE":"00026","SECURITY_NAME_ABBR":"中华汽车","ORG_CODE":"10007319","STD_REPORT_DATE":"2021-06-30 00:00:00","REPORT_DATE":"2021-12-31 00:00:00","DATE_TYPE_CODE":"002","REPORT_TYPE":"2021年中报","PER_NETCASH_OPERATE":0.264382510695,"PER_OI":0.664014964579,"BPS":144.524599419322,"BASIC_EPS":0.564144,"DILUTED_EPS":0.564144,"OPERATE_INCOME":30085227.2,"OPERATE_INCOME_YOY":-11.1376753846,"GROSS_PROFIT":30085227.2,"GROSS_PROFIT_YOY":-13.675874951798,"HOLDER_PROFIT":25444529.6,"HOLDER_PROFIT_YOY":152.9737182542,"GROSS_PROFIT_RATIO":null,"EPS_TTM":-0.329136561498,"OPERATE_INCOME_QOQ":-9.867904798417,"NET_PROFIT_RATIO":84.5748294698,"ROE_AVG":0.387148380548,"GROSS_PROFIT_QOQ":-9.867904798417,"ROA":0.380690091158,"HOLDER_PROFIT_QOQ":86.788737144725,"ROE_YEARLY":0.774296761095,"ROIC_YEARLY":1.021577589107,"TOTAL_ASSETS":6679698793.6,"TOTAL_LIABILITIES":144461744,"TAX_EBT":18.431053914502,"OCF_SALES":39.815745848846,"TOTAL_PARENT_EQUITY":6535237049.6,"DEBT_ASSET_RATIO":2.1626984758,"OPERATE_PROFIT":18594676.8,"PRETAX_PROFIT":31193892.8,"NETCASH_OPERATE":11978657.6,"NETCASH_INVEST":-392058004.8,"NETCASH_FINANCE":-11071939.2,"END_CASH":517997020.8,"DIVI_RATIO":-3.58521093685,"DIVIDEND_RATE":2.473834443387,"CURRENT_RATIO":12.942216077425,"COMMON_ACS":null,"CURRENTDEBT_DEBT":71.636764955572,"ISSUED_COMMON_SHARES":45218856,"HK_COMMON_SHARES":45218856,"PER_SHARES":200,"TOTAL_MARKET_CAP":2376250882.8,"HKSK_MARKET_CAP":2376250882.8,"PE_TTM":-9.062085061723,"PB_TTM":0.330102148994,"REPORT_DATE_SQ":"2020-06-30 00:00:00","REPORT_TYPE_SQ":"2020年中报","OPERATE_INCOME_SQ":34851470.76,"DPS_HKD":1.3,"OPERATE_INCOME_QOQ_SQ":-1.991831865176,"NET_PROFIT_RATIO_SQ":-140.990688298,"HOLDER_PROFIT_SQ":-49444666.72,"HOLDER_PROFIT_QOQ_SQ":-90.071435573172,"ROE_AVG_SQ":-0.713454522314,"PE_TTM_SQ":-16.683218861604,"PB_TTM_SQ":0.340413438322,"ROA_SQ":-0.69071770776,"START_DATE":"2021-07-01 00:00:00","FISCAL_YEAR":"6-30","CURRENCY":"HKD","IS_CNY_CODE":0,"DPS_HKD_LY":1.3,"ORG_TYPE":"一般企业","PREMIUM_INCOME":null,"PREMIUM_INCOME_YOY":null,"NET_INTEREST_INCOME":null,"NET_INTEREST_INCOME_YOY":null,"FEE_COMMISSION_INCOME":null,"FEE_COMMISSION_INCOME_YOY":null,"ACCOUNTS_RECE_TDAYS":10.877032219923,"INVENTORY_TDAYS":null,"CURRENT_ASSETS_TDAYS":0.017639021079,"TOTAL_ASSETS_TDAYS":0.004501222096,"PREMIUM_EXPENSE":null,"LOAN_DEPOSIT":null,"LOAN_EQUITY":null,"LOAN_ASSETS":null,"DEPOSIT_EQUITY":null,"DEPOSIT_ASSETS":null,"EQUITY_MULTIPLIER":1.022105050345,"EQUITY_RATIO":0.022105050345},{"SECUCODE":"00026.HK","SECURITY_CODE":"00026","SECURITY_NAME_ABBR":"中华汽车","ORG_CODE":"10007319","STD_REPORT_DATE":"2020-12-31 00:00:00","REPORT_DATE":"2021-06-30 00:00:00","DATE_TYPE_CODE":"001","REPORT_TYPE":"2020年年报","PER_NETCASH_OPERATE":1.207844130854,"PER_OI":1.439481194249,"BPS":148.752213358073,"BASIC_EPS":-0.332832,"DILUTED_EPS":-0.332832,"OPERATE_INCOME":65220094.56,"OPERATE_INCOME_YOY":-5.5319866943,"GROSS_PROFIT":65220094.56,"GROSS_PROFIT_YOY":-13.946242214703,"HOLDER_PROFIT":-14912537.76,"HOLDER_PROFIT_YOY":-116.0742634199,"GROSS_PROFIT_RATIO":null,"EPS_TTM":-2.49133307772,"OPERATE_INCOME_QOQ":-4.524844792707,"NET_PROFIT_RATIO":-22.8649434819,"ROE_AVG":-0.217537184602,"GROSS_PROFIT_QOQ":-4.524844792707,"ROA":-0.215174108895,"HOLDER_PROFIT_QOQ":-210.833693276016,"ROE_YEARLY":-0.217537184602,"ROIC_YEARLY":-0.316310480569,"TOTAL_ASSETS":6806327863.68,"TOTAL_LIABILITIES":79922948.16,"TAX_EBT":-469.675778766688,"OCF_SALES":83.908295271874,"TOTAL_PARENT_EQUITY":6726404915.52,"DEBT_ASSET_RATIO":1.1742447581,"OPERATE_PROFIT":79289735.28,"PRETAX_PROFIT":-2617723.68,"NETCASH_OPERATE":54725069.52,"NETCASH_INVEST":85830716.16,"NETCASH_FINANCE":-352546471.44,"END_CASH":933065389.2,"DIVI_RATIO":-0.473651640783,"DIVIDEND_RATE":2.473834443387,"CURRENT_RATIO":52.156300168773,"COMMON_ACS":null,"CURRENTDEBT_DEBT":50.58301753217,"ISSUED_COMMON_SHARES":45218856,"HK_COMMON_SHARES":45218856,"PER_SHARES":200,"TOTAL_MARKET_CAP":2376250882.8,"HKSK_MARKET_CAP":2376250882.8,"PE_TTM":-9.062085061723,"PB_TTM":0.330102148994,"REPORT_DATE_SQ":"2019-12-31 00:00:00","REPORT_TYPE_SQ":"2019年年报","OPERATE_INCOME_SQ":75789943.68,"DPS_HKD":1.3,"OPERATE_INCOME_QOQ_SQ":-0.574291788722,"NET_PROFIT_RATIO_SQ":134.3766571856,"HOLDER_PROFIT_SQ":101843992.8,"HOLDER_PROFIT_QOQ_SQ":-16.188492284296,"ROE_AVG_SQ":1.205597684284,"PE_TTM_SQ":-16.683218861604,"PB_TTM_SQ":0.340413438322,"ROA_SQ":1.173979571208,"START_DATE":"2020-07-01 00:00:00","FISCAL_YEAR":"6-30","CURRENCY":"HKD","IS_CNY_CODE":0,"DPS_HKD_LY":1.3,"ORG_TYPE":"一般企业","PREMIUM_INCOME":null,"PREMIUM_INCOME_YOY":null,"NET_INTEREST_INCOME":null,"NET_INTEREST_INCOME_YOY":null,"FEE_COMMISSION_INCOME":null,"FEE_COMMISSION_INCOME_YOY":null,"ACCOUNTS_RECE_TDAYS":null,"INVENTORY_TDAYS":null,"CURRENT_ASSETS_TDAYS":0.029362272802,"TOTAL_ASSETS_TDAYS":0.009410655621,"PREMIUM_EXPENSE":null,"LOAN_DEPOSIT":null,"LOAN_EQUITY":null,"LOAN_ASSETS":null,"DEPOSIT_EQUITY":null,"DEPOSIT_ASSETS":null,"EQUITY_MULTIPLIER":1.011881971003,"EQUITY_RATIO":0.011881971003},{"SECUCODE":"00026.HK","SECURITY_CODE":"00026","SECURITY_NAME_ABBR":"中华汽车","ORG_CODE":"10007319","STD_REPORT_DATE":"2020-06-30 00:00:00","REPORT_DATE":"2020-12-31 00:00:00","DATE_TYPE_CODE":"002","REPORT_TYPE":"2020年中报","PER_NETCASH_OPERATE":0.377035975236,"PER_OI":0.769211346433,"BPS":150.30159176517,"BASIC_EPS":-1.094132,"DILUTED_EPS":-1.094132,"OPERATE_INCOME":34851470.76,"OPERATE_INCOME_YOY":-3.0480711061,"GROSS_PROFIT":34851470.76,"GROSS_PROFIT_YOY":-9.473954951202,"HOLDER_PROFIT":-49444666.72,"HOLDER_PROFIT_YOY":-131.8406989475,"GROSS_PROFIT_RATIO":null,"EPS_TTM":2.247812018242,"OPERATE_INCOME_QOQ":-1.991831865176,"NET_PROFIT_RATIO":-140.990688298,"ROE_AVG":-0.713454522314,"GROSS_PROFIT_QOQ":-1.991831865176,"ROA":-0.69071770776,"HOLDER_PROFIT_QOQ":-90.071435573172,"ROE_YEARLY":-1.426909044628,"ROIC_YEARLY":-2.075878137388,"TOTAL_ASSETS":7181268050.8,"TOTAL_LIABILITIES":384802016.2,"TAX_EBT":-18.541536350612,"OCF_SALES":48.71124124028,"TOTAL_PARENT_EQUITY":6796466034.6,"DEBT_ASSET_RATIO":5.3584132145,"OPERATE_PROFIT":51600106.76,"PRETAX_PROFIT":-41710836.76,"NETCASH_OPERATE":17082767.08,"NETCASH_INVEST":-207999543.04,"NETCASH_FINANCE":-11439570.88,"END_CASH":942424706.72,"DIVI_RATIO":0.524965606743,"DIVIDEND_RATE":2.473834443387,"CURRENT_RATIO":7.039889891955,"COMMON_ACS":null,"CURRENTDEBT_DEBT":90.10378276703,"ISSUED_COMMON_SHARES":45218856,"HK_COMMON_SHARES":45218856,"PER_SHARES":200,"TOTAL_MARKET_CAP":2376250882.8,"HKSK_MARKET_CAP":2376250882.8,"PE_TTM":-9.062085061723,"PB_TTM":0.330102148994,"REPORT_DATE_SQ":"2019-06-30 00:00:00","REPORT_TYPE_SQ":"2019年中报","OPERATE_INCOME_SQ":38498832.84,"DPS_HKD":1.3,"OPERATE_INCOME_QOQ_SQ":2.623915581655,"NET_PROFIT_RATIO_SQ":433.4484459793,"HOLDER_PROFIT_SQ":165276784.68,"HOLDER_PROFIT_QOQ_SQ":42.73852903068,"ROE_AVG_SQ":1.890687004127,"PE_TTM_SQ":-16.683218861604,"PB_TTM_SQ":0.340413438322,"ROA_SQ":1.83606557377,"START_DATE":"2020-07-01 00:00:00","FISCAL_YEAR":"6-30","CURRENCY":"HKD","IS_CNY_CODE":0,"DPS_HKD_LY":1.3,"ORG_TYPE":"一般企业","PREMIUM_INCOME":null,"PREMIUM_INCOME_YOY":null,"NET_INTEREST_INCOME":null,"NET_INTEREST_INCOME_YOY":null,"FEE_COMMISSION_INCOME":null,"FEE_COMMISSION_INCOME_YOY":null,"ACCOUNTS_RECE_TDAYS":5.730159828409,"INVENTORY_TDAYS":null,"CURRENT_ASSETS_TDAYS":0.01460743483,"TOTAL_ASSETS_TDAYS":0.004899030681,"PREMIUM_EXPENSE":null,"LOAN_DEPOSIT":null,"LOAN_EQUITY":null,"LOAN_ASSETS":null,"DEPOSIT_EQUITY":null,"DEPOSIT_ASSETS":null,"EQUITY_MULTIPLIER":1.056617956191,"EQUITY_RATIO":0.056617956191},{"SECUCODE":"00026.HK","SECURITY_CODE":"00026","SECURITY_NAME_ABBR":"中华汽车","ORG_CODE":"10007319","STD_REPORT_DATE":"2019-12-31 00:00:00","REPORT_DATE":"2020-06-30 00:00:00","DATE_TYPE_CODE":"001","REPORT_TYPE":"2019年年报","PER_NETCASH_OPERATE":0.676490715029,"PER_OI":1.672769709652,"BPS":169.548994697256,"BASIC_EPS":2.2470624,"DILUTED_EPS":2.2470624,"OPERATE_INCOME":75789943.68,"OPERATE_INCOME_YOY":-6.1583179705,"GROSS_PROFIT":75789943.68,"GROSS_PROFIT_YOY":-2.554684727051,"HOLDER_PROFIT":101843992.8,"HOLDER_PROFIT_YOY":-91.9864503846,"GROSS_PROFIT_RATIO":null,"EPS_TTM":22.639849243146,"OPERATE_INCOME_QOQ":-0.574291788722,"NET_PROFIT_RATIO":134.3766571856,"ROE_AVG":1.205597684284,"GROSS_PROFIT_QOQ":-0.574291788722,"ROA":1.173979571208,"HOLDER_PROFIT_QOQ":-16.188492284296,"ROE_YEARLY":1.205597684284,"ROIC_YEARLY":1.541173146611,"TOTAL_ASSETS":7744365372.48,"TOTAL_LIABILITIES":77553796.32,"TAX_EBT":8.018050720214,"OCF_SALES":40.441353709685,"TOTAL_PARENT_EQUITY":7666811576.16,"DEBT_ASSET_RATIO":1.0014222288,"OPERATE_PROFIT":82933044.48,"PRETAX_PROFIT":110721716.16,"NETCASH_OPERATE":30650479.2,"NETCASH_INVEST":1501414933.92,"NETCASH_FINANCE":-1626477658.08,"END_CASH":1195925887.2,"DIVI_RATIO":0.052121548484,"DIVIDEND_RATE":2.473834443387,"CURRENT_RATIO":64.724340040613,"COMMON_ACS":null,"CURRENTDEBT_DEBT":51.041777086793,"ISSUED_COMMON_SHARES":45218856,"HK_COMMON_SHARES":45218856,"PER_SHARES":200,"TOTAL_MARKET_CAP":2376250882.8,"HKSK_MARKET_CAP":2376250882.8,"PE_TTM":-9.062085061723,"PB_TTM":0.330102148994,"REPORT_DATE_SQ":"2018-12-31 00:00:00","REPORT_TYPE_SQ":"2018年年报","OPERATE_INCOME_SQ":77776898.22,"DPS_HKD":1.3,"OPERATE_INCOME_QOQ_SQ":5.270276471613,"NET_PROFIT_RATIO_SQ":1573.6012305326,"HOLDER_PROFIT_SQ":1223898227.46,"HOLDER_PROFIT_QOQ_SQ":7.910208964182,"ROE_AVG_SQ":14.637985425466,"PE_TTM_SQ":-16.683218861604,"PB_TTM_SQ":0.340413438322,"ROA_SQ":14.203632243048,"START_DATE":"2019-07-01 00:00:00","FISCAL_YEAR":"6-30","CURRENCY":"HKD","IS_CNY_CODE":0,"DPS_HKD_LY":37,"ORG_TYPE":"一般企业","PREMIUM_INCOME":null,"PREMIUM_INCOME_YOY":null,"NET_INTEREST_INCOME":null,"NET_INTEREST_INCOME_YOY":null,"FEE_COMMISSION_INCOME":null,"FEE_COMMISSION_INCOME_YOY":null,"ACCOUNTS_RECE_TDAYS":11.986709043629,"INVENTORY_TDAYS":null,"CURRENT_ASSETS_TDAYS":0.021973694438,"TOTAL_ASSETS_TDAYS":0.008736484415,"PREMIUM_EXPENSE":null,"LOAN_DEPOSIT":null,"LOAN_EQUITY":null,"LOAN_ASSETS":null,"DEPOSIT_EQUITY":null,"DEPOSIT_ASSETS":null,"EQUITY_MULTIPLIER":1.010115521368,"EQUITY_RATIO":0.010115521368}],"count":47},"success":true,"message":"ok","code":0}