{"version":"398f464e1a4f44fc431b00c04dcf996a","result":{"pages":6,"data":[{"SECUCODE":"00027.HK","SECURITY_CODE":"00027","SECURITY_NAME_ABBR":"银河娱乐","ORG_CODE":"10007320","STD_REPORT_DATE":"2024-06-30 00:00:00","REPORT_DATE":"2024-06-30 00:00:00","DATE_TYPE_CODE":"002","REPORT_TYPE":"2024年中报","PER_NETCASH_OPERATE":1.112982521407,"PER_OI":4.480474166769,"BPS":15.403304465521,"BASIC_EPS":0.91541804,"DILUTED_EPS":0.91541804,"OPERATE_INCOME":19595743399.36,"OPERATE_INCOME_YOY":36.6215411443,"GROSS_PROFIT":18949676393.64,"GROSS_PROFIT_YOY":36.903718062101,"HOLDER_PROFIT":4004250248.72,"HOLDER_PROFIT_YOY":51.7978480144,"GROSS_PROFIT_RATIO":96.703023750857,"EPS_TTM":1.721039906982,"OPERATE_INCOME_QOQ":15.791143781652,"NET_PROFIT_RATIO":20.5269245057,"ROE_AVG":6.068502554323,"GROSS_PROFIT_QOQ":16.417781446693,"ROA":4.907282741086,"HOLDER_PROFIT_QOQ":21.647825580359,"ROE_YEARLY":12.137005108646,"ROIC_YEARLY":12.020765532618,"TOTAL_ASSETS":83596429927.44,"TOTAL_LIABILITIES":15774864252.84,"TAX_EBT":1.602976707966,"OCF_SALES":24.84073069011,"TOTAL_PARENT_EQUITY":67387832758.2,"DEBT_ASSET_RATIO":18.8702606876,"OPERATE_PROFIT":4136266672.68,"PRETAX_PROFIT":4087932052.56,"NETCASH_OPERATE":4867725844.56,"NETCASH_INVEST":-5273239608.04,"NETCASH_FINANCE":435490738.08,"END_CASH":6050508927.16,"DIVI_RATIO":0.42311976442,"DIVIDEND_RATE":2.698145025295,"CURRENT_RATIO":1.632389751518,"COMMON_ACS":null,"CURRENTDEBT_DEBT":80.397246882151,"ISSUED_COMMON_SHARES":4374894550,"HK_COMMON_SHARES":4374894550,"PER_SHARES":1000,"TOTAL_MARKET_CAP":129715623407.5,"HKSK_MARKET_CAP":129715623407.5,"PE_TTM":15.581364555031,"PB_TTM":1.756828352031,"REPORT_DATE_SQ":"2023-06-30 00:00:00","REPORT_TYPE_SQ":"2023年中报","OPERATE_INCOME_SQ":14489237471.02,"DPS_HKD":0.8,"OPERATE_INCOME_QOQ_SQ":86.934742261241,"NET_PROFIT_RATIO_SQ":18.4370706626,"HOLDER_PROFIT_SQ":2664762836.78,"HOLDER_PROFIT_QOQ_SQ":110.589014338506,"ROE_AVG_SQ":4.380896861401,"PE_TTM_SQ":643.291888737116,"PB_TTM_SQ":2.902463351636,"ROA_SQ":3.511963513921,"START_DATE":"2024-01-01 00:00:00","FISCAL_YEAR":"12-31","CURRENCY":"HKD","IS_CNY_CODE":0,"DPS_HKD_LY":0.8,"ORG_TYPE":"一般企业","PREMIUM_INCOME":null,"PREMIUM_INCOME_YOY":null,"NET_INTEREST_INCOME":null,"NET_INTEREST_INCOME_YOY":null,"FEE_COMMISSION_INCOME":null,"FEE_COMMISSION_INCOME_YOY":null,"ACCOUNTS_RECE_TDAYS":12.0187693981,"INVENTORY_TDAYS":3.235293579952,"CURRENT_ASSETS_TDAYS":1.025070958199,"TOTAL_ASSETS_TDAYS":0.240149459723,"PREMIUM_EXPENSE":null,"LOAN_DEPOSIT":null,"LOAN_EQUITY":null,"LOAN_ASSETS":null,"DEPOSIT_EQUITY":null,"DEPOSIT_ASSETS":null,"EQUITY_MULTIPLIER":1.232593631479,"EQUITY_RATIO":0.234090689775},{"SECUCODE":"00027.HK","SECURITY_CODE":"00027","SECURITY_NAME_ABBR":"银河娱乐","ORG_CODE":"10007320","STD_REPORT_DATE":"2023-12-31 00:00:00","REPORT_DATE":"2023-12-31 00:00:00","DATE_TYPE_CODE":"001","REPORT_TYPE":"2023年年报","PER_NETCASH_OPERATE":2.402277737314,"PER_OI":7.393881506102,"BPS":14.657125129985,"BASIC_EPS":1.41551564,"DILUTED_EPS":1.41551564,"OPERATE_INCOME":32337783753.66,"OPERATE_INCOME_YOY":211.0065956393,"GROSS_PROFIT":31113022892.56,"GROSS_PROFIT_YOY":244.457383511897,"HOLDER_PROFIT":6187630286.32,"HOLDER_PROFIT_YOY":298.8472145776,"GROSS_PROFIT_RATIO":96.21260111568,"EPS_TTM":1.41477243738,"OPERATE_INCOME_QOQ":68.783687097228,"NET_PROFIT_RATIO":19.2633316438,"ROE_AVG":10.140043697514,"GROSS_PROFIT_QOQ":74.328650154515,"ROA":8.11997436959,"HOLDER_PROFIT_QOQ":1805.08724558052,"ROE_YEARLY":10.140043697514,"ROIC_YEARLY":9.85041035526,"TOTAL_ASSETS":79036389630.1,"TOTAL_LIABILITIES":14498037424.08,"TAX_EBT":1.475465241243,"OCF_SALES":32.490076224939,"TOTAL_PARENT_EQUITY":64123376849.84,"DEBT_ASSET_RATIO":18.3434965741,"OPERATE_PROFIT":6411621589.94,"PRETAX_PROFIT":6322622629.96,"NETCASH_OPERATE":10506570591.02,"NETCASH_INVEST":-9673717256,"NETCASH_FINANCE":-7075371554.3,"END_CASH":5980303462.28,"DIVI_RATIO":0.514715993018,"DIVIDEND_RATE":2.689075630252,"CURRENT_RATIO":1.532552856302,"COMMON_ACS":null,"CURRENTDEBT_DEBT":78.338310092207,"ISSUED_COMMON_SHARES":4374894550,"HK_COMMON_SHARES":4374894550,"PER_SHARES":1000,"TOTAL_MARKET_CAP":130153112862.5,"HKSK_MARKET_CAP":130153112862.5,"PE_TTM":15.633915531608,"PB_TTM":1.762753574129,"REPORT_DATE_SQ":"2022-12-31 00:00:00","REPORT_TYPE_SQ":"2022年年报","OPERATE_INCOME_SQ":10249195073.11,"DPS_HKD":0.8,"OPERATE_INCOME_QOQ_SQ":-20.001528141157,"NET_PROFIT_RATIO_SQ":-30.0526338587,"HOLDER_PROFIT_SQ":-3067283727.9,"HOLDER_PROFIT_QOQ_SQ":-611.53474307836,"ROE_AVG_SQ":-5.189369708909,"PE_TTM_SQ":650.415829919144,"PB_TTM_SQ":2.934605802928,"ROA_SQ":-4.131975596824,"START_DATE":"2023-01-01 00:00:00","FISCAL_YEAR":"12-31","CURRENCY":"HKD","IS_CNY_CODE":0,"DPS_HKD_LY":0.2,"ORG_TYPE":"一般企业","PREMIUM_INCOME":null,"PREMIUM_INCOME_YOY":null,"NET_INTEREST_INCOME":null,"NET_INTEREST_INCOME_YOY":null,"FEE_COMMISSION_INCOME":null,"FEE_COMMISSION_INCOME_YOY":null,"ACCOUNTS_RECE_TDAYS":25.338746762026,"INVENTORY_TDAYS":6.273187849138,"CURRENT_ASSETS_TDAYS":1.92267189584,"TOTAL_ASSETS_TDAYS":0.424365973884,"PREMIUM_EXPENSE":null,"LOAN_DEPOSIT":null,"LOAN_EQUITY":null,"LOAN_ASSETS":null,"DEPOSIT_EQUITY":null,"DEPOSIT_ASSETS":null,"EQUITY_MULTIPLIER":1.224642200002,"EQUITY_RATIO":0.226095975233},{"SECUCODE":"00027.HK","SECURITY_CODE":"00027","SECURITY_NAME_ABBR":"银河娱乐","ORG_CODE":"10007320","STD_REPORT_DATE":"2023-06-30 00:00:00","REPORT_DATE":"2023-06-30 00:00:00","DATE_TYPE_CODE":"002","REPORT_TYPE":"2023年中报","PER_NETCASH_OPERATE":1.095484798481,"PER_OI":3.316176297505,"BPS":14.337805572781,"BASIC_EPS":0.61035076,"DILUTED_EPS":0.60942878,"OPERATE_INCOME":14489237471.02,"OPERATE_INCOME_YOY":140.8909379194,"GROSS_PROFIT":13841608293.68,"GROSS_PROFIT_YOY":175.359302496152,"HOLDER_PROFIT":2664762836.78,"HOLDER_PROFIT_YOY":439.8415940306,"GROSS_PROFIT_RATIO":95.530274256079,"EPS_TTM":0.074336407276,"OPERATE_INCOME_QOQ":86.934742261241,"NET_PROFIT_RATIO":18.4370706626,"ROE_AVG":4.380896861401,"GROSS_PROFIT_QOQ":97.590805186979,"ROA":3.511963513921,"HOLDER_PROFIT_QOQ":110.589014338506,"ROE_YEARLY":8.761793722802,"ROIC_YEARLY":8.48181484469,"TOTAL_ASSETS":77108717661.42,"TOTAL_LIABILITIES":13886988149.28,"TAX_EBT":1.594385264205,"OCF_SALES":33.034576578605,"TOTAL_PARENT_EQUITY":62726387459.32,"DEBT_ASSET_RATIO":18.0096214416,"OPERATE_PROFIT":2786202354.46,"PRETAX_PROFIT":2714673302.1,"NETCASH_OPERATE":4958262767.16,"NETCASH_INVEST":-3690485870.34,"NETCASH_FINANCE":-5637441178.12,"END_CASH":8053226081.84,"DIVI_RATIO":9.796088171131,"DIVIDEND_RATE":2.689075630252,"CURRENT_RATIO":1.448998479785,"COMMON_ACS":null,"CURRENTDEBT_DEBT":75.322006121841,"ISSUED_COMMON_SHARES":4374894550,"HK_COMMON_SHARES":4374894550,"PER_SHARES":1000,"TOTAL_MARKET_CAP":130153112862.5,"HKSK_MARKET_CAP":130153112862.5,"PE_TTM":15.633915531608,"PB_TTM":1.762753574129,"REPORT_DATE_SQ":"2022-06-30 00:00:00","REPORT_TYPE_SQ":"2022年中报","OPERATE_INCOME_SQ":5579126150.36,"DPS_HKD":0.8,"OPERATE_INCOME_QOQ_SQ":-20.43913188427,"NET_PROFIT_RATIO_SQ":-12.952333011,"HOLDER_PROFIT_SQ":-727316004.87,"HOLDER_PROFIT_QOQ_SQ":-139.755551449301,"ROE_AVG_SQ":-1.272498417051,"PE_TTM_SQ":650.415829919144,"PB_TTM_SQ":2.934605802928,"ROA_SQ":-1.008598429304,"START_DATE":"2023-01-01 00:00:00","FISCAL_YEAR":"12-31","CURRENCY":"HKD","IS_CNY_CODE":0,"DPS_HKD_LY":0.2,"ORG_TYPE":"一般企业","PREMIUM_INCOME":null,"PREMIUM_INCOME_YOY":null,"NET_INTEREST_INCOME":null,"NET_INTEREST_INCOME_YOY":null,"FEE_COMMISSION_INCOME":null,"FEE_COMMISSION_INCOME_YOY":null,"ACCOUNTS_RECE_TDAYS":12.083190321975,"INVENTORY_TDAYS":3.293933660179,"CURRENT_ASSETS_TDAYS":0.914980385271,"TOTAL_ASSETS_TDAYS":0.190957606585,"PREMIUM_EXPENSE":null,"LOAN_DEPOSIT":null,"LOAN_EQUITY":null,"LOAN_ASSETS":null,"DEPOSIT_EQUITY":null,"DEPOSIT_ASSETS":null,"EQUITY_MULTIPLIER":1.219655302955,"EQUITY_RATIO":0.221389892066},{"SECUCODE":"00027.HK","SECURITY_CODE":"00027","SECURITY_NAME_ABBR":"银河娱乐","ORG_CODE":"10007320","STD_REPORT_DATE":"2022-12-31 00:00:00","REPORT_DATE":"2022-12-31 00:00:00","DATE_TYPE_CODE":"001","REPORT_TYPE":"2022年年报","PER_NETCASH_OPERATE":-0.63216984051,"PER_OI":2.345937662393,"BPS":13.050006339175,"BASIC_EPS":-0.70300349,"DILUTED_EPS":-0.70300349,"OPERATE_INCOME":10249195073.11,"OPERATE_INCOME_YOY":-41.744177486,"GROSS_PROFIT":9032473792.65,"GROSS_PROFIT_YOY":-39.322670697084,"HOLDER_PROFIT":-3067283727.9,"HOLDER_PROFIT_YOY":-358.9119090113,"GROSS_PROFIT_RATIO":88.128616230047,"EPS_TTM":-0.702070393548,"OPERATE_INCOME_QOQ":-20.001528141157,"NET_PROFIT_RATIO":-30.0526338587,"ROE_AVG":-5.189369708909,"GROSS_PROFIT_QOQ":-22.405519291509,"ROA":-4.131975596824,"HOLDER_PROFIT_QOQ":-611.53474307836,"ROE_YEARLY":-5.189369708909,"ROIC_YEARLY":-5.178956742702,"TOTAL_ASSETS":72320329035.64,"TOTAL_LIABILITIES":14735352442.09,"TAX_EBT":-2.860343228062,"OCF_SALES":-26.947427062698,"TOTAL_PARENT_EQUITY":57092401610.72,"DEBT_ASSET_RATIO":20.3751180872,"OPERATE_PROFIT":-2819349493.24,"PRETAX_PROFIT":-2994500088.3,"NETCASH_OPERATE":-2661391665.87,"NETCASH_INVEST":2711443370.51,"NETCASH_FINANCE":-139253646.84,"END_CASH":12055383440.03,"DIVI_RATIO":-1.03722647571,"DIVIDEND_RATE":2.689075630252,"CURRENT_RATIO":1.170809131561,"COMMON_ACS":null,"CURRENTDEBT_DEBT":92.743777918566,"ISSUED_COMMON_SHARES":4374894550,"HK_COMMON_SHARES":4374894550,"PER_SHARES":1000,"TOTAL_MARKET_CAP":130153112862.5,"HKSK_MARKET_CAP":130153112862.5,"PE_TTM":15.633915531608,"PB_TTM":1.762753574129,"REPORT_DATE_SQ":"2021-12-31 00:00:00","REPORT_TYPE_SQ":"2021年年报","OPERATE_INCOME_SQ":16103065328,"DPS_HKD":0.8,"OPERATE_INCOME_QOQ_SQ":14.829459440358,"NET_PROFIT_RATIO_SQ":7.2725029486,"HOLDER_PROFIT_SQ":1084326465.6,"HOLDER_PROFIT_QOQ_SQ":1940.54616324118,"ROE_AVG_SQ":1.952515324796,"PE_TTM_SQ":650.415829919144,"PB_TTM_SQ":2.934605802928,"ROA_SQ":1.490396673367,"START_DATE":"2022-01-01 00:00:00","FISCAL_YEAR":"12-31","CURRENCY":"HKD","IS_CNY_CODE":0,"DPS_HKD_LY":0.3,"ORG_TYPE":"一般企业","PREMIUM_INCOME":null,"PREMIUM_INCOME_YOY":null,"NET_INTEREST_INCOME":null,"NET_INTEREST_INCOME_YOY":null,"FEE_COMMISSION_INCOME":null,"FEE_COMMISSION_INCOME_YOY":null,"ACCOUNTS_RECE_TDAYS":8.06908070668,"INVENTORY_TDAYS":6.597442100955,"CURRENT_ASSETS_TDAYS":0.553288759206,"TOTAL_ASSETS_TDAYS":0.138068166124,"PREMIUM_EXPENSE":null,"LOAN_DEPOSIT":null,"LOAN_EQUITY":null,"LOAN_ASSETS":null,"DEPOSIT_EQUITY":null,"DEPOSIT_ASSETS":null,"EQUITY_MULTIPLIER":1.255888832708,"EQUITY_RATIO":0.258096559724},{"SECUCODE":"00027.HK","SECURITY_CODE":"00027","SECURITY_NAME_ABBR":"银河娱乐","ORG_CODE":"10007320","STD_REPORT_DATE":"2022-06-30 00:00:00","REPORT_DATE":"2022-06-30 00:00:00","DATE_TYPE_CODE":"002","REPORT_TYPE":"2022年中报","PER_NETCASH_OPERATE":-0.320733962091,"PER_OI":1.278985875402,"BPS":12.753900329246,"BASIC_EPS":-0.16676205,"DILUTED_EPS":-0.16676205,"OPERATE_INCOME":5579126150.36,"OPERATE_INCOME_YOY":-38.8040253356,"GROSS_PROFIT":5026744391.13,"GROSS_PROFIT_YOY":-39.233336734424,"HOLDER_PROFIT":-727316004.87,"HOLDER_PROFIT_YOY":-189.7944639243,"GROSS_PROFIT_RATIO":90.099134804572,"EPS_TTM":-0.098822857327,"OPERATE_INCOME_QOQ":-20.43913188427,"NET_PROFIT_RATIO":-12.952333011,"ROE_AVG":-1.272498417051,"GROSS_PROFIT_QOQ":-21.80200350735,"ROA":-1.008598429304,"HOLDER_PROFIT_QOQ":-139.755551449301,"ROE_YEARLY":-2.544996834101,"ROIC_YEARLY":-2.574766532331,"TOTAL_ASSETS":71323784143.43,"TOTAL_LIABILITIES":14992571067.25,"TAX_EBT":-5.359692271245,"OCF_SALES":-25.077209081027,"TOTAL_PARENT_EQUITY":55796969041.66,"DEBT_ASSET_RATIO":21.0204369374,"OPERATE_PROFIT":-694265476.94,"PRETAX_PROFIT":-685866655.95,"NETCASH_OPERATE":-1399089129.62,"NETCASH_INVEST":3053940787.73,"NETCASH_FINANCE":878545238.9,"END_CASH":14177251735.43,"DIVI_RATIO":-7.368801304627,"DIVIDEND_RATE":2.689075630252,"CURRENT_RATIO":1.306273626952,"COMMON_ACS":null,"CURRENTDEBT_DEBT":93.747602498963,"ISSUED_COMMON_SHARES":4374894550,"HK_COMMON_SHARES":4374894550,"PER_SHARES":1000,"TOTAL_MARKET_CAP":130153112862.5,"HKSK_MARKET_CAP":130153112862.5,"PE_TTM":15.633915531608,"PB_TTM":1.762753574129,"REPORT_DATE_SQ":"2021-06-30 00:00:00","REPORT_TYPE_SQ":"2021年中报","OPERATE_INCOME_SQ":8870452910.16,"DPS_HKD":0.8,"OPERATE_INCOME_QOQ_SQ":29.403063969749,"NET_PROFIT_RATIO_SQ":9.0073360945,"HOLDER_PROFIT_SQ":788090426.64,"HOLDER_PROFIT_QOQ_SQ":101.589132737879,"ROE_AVG_SQ":1.385446350035,"PE_TTM_SQ":650.415829919144,"PB_TTM_SQ":2.934605802928,"ROA_SQ":1.026518672709,"START_DATE":"2022-01-01 00:00:00","FISCAL_YEAR":"12-31","CURRENCY":"HKD","IS_CNY_CODE":0,"DPS_HKD_LY":0.3,"ORG_TYPE":"一般企业","PREMIUM_INCOME":null,"PREMIUM_INCOME_YOY":null,"NET_INTEREST_INCOME":null,"NET_INTEREST_INCOME_YOY":null,"FEE_COMMISSION_INCOME":null,"FEE_COMMISSION_INCOME_YOY":null,"ACCOUNTS_RECE_TDAYS":4.350676658435,"INVENTORY_TDAYS":2.934345797577,"CURRENT_ASSETS_TDAYS":0.289745825899,"TOTAL_ASSETS_TDAYS":0.077367991828,"PREMIUM_EXPENSE":null,"LOAN_DEPOSIT":null,"LOAN_EQUITY":null,"LOAN_ASSETS":null,"DEPOSIT_EQUITY":null,"DEPOSIT_ASSETS":null,"EQUITY_MULTIPLIER":1.26615033209,"EQUITY_RATIO":0.268698664547},{"SECUCODE":"00027.HK","SECURITY_CODE":"00027","SECURITY_NAME_ABBR":"银河娱乐","ORG_CODE":"10007320","STD_REPORT_DATE":"2021-12-31 00:00:00","REPORT_DATE":"2021-12-31 00:00:00","DATE_TYPE_CODE":"001","REPORT_TYPE":"2021年年报","PER_NETCASH_OPERATE":-0.653999388237,"PER_OI":3.693741842268,"BPS":12.7875122271,"BASIC_EPS":0.249368,"DILUTED_EPS":0.2485504,"OPERATE_INCOME":16103065328,"OPERATE_INCOME_YOY":52.9619335794,"GROSS_PROFIT":14886076721.6,"GROSS_PROFIT_YOY":51.112073235304,"HOLDER_PROFIT":1084326465.6,"HOLDER_PROFIT_YOY":133.3804420653,"GROSS_PROFIT_RATIO":92.442503451291,"EPS_TTM":0.248724199715,"OPERATE_INCOME_QOQ":14.829459440358,"NET_PROFIT_RATIO":7.2725029486,"ROE_AVG":1.952515324796,"GROSS_PROFIT_QOQ":15.425027982432,"ROA":1.490396673367,"HOLDER_PROFIT_QOQ":1940.54616324118,"ROE_YEARLY":1.952515324796,"ROIC_YEARLY":1.861500262838,"TOTAL_ASSETS":69695024280,"TOTAL_LIABILITIES":13218699256,"TAX_EBT":5.831095846822,"OCF_SALES":-17.70560629747,"TOTAL_PARENT_EQUITY":55944017550.4,"DEBT_ASSET_RATIO":18.9664892043,"OPERATE_PROFIT":986334652.8,"PRETAX_PROFIT":1243612115.2,"NETCASH_OPERATE":-2851145348.8,"NETCASH_INVEST":3748449084.8,"NETCASH_FINANCE":-1970428264,"END_CASH":11124873076.8,"DIVI_RATIO":2.92776497355,"DIVIDEND_RATE":2.689075630252,"CURRENT_RATIO":1.584952595087,"COMMON_ACS":null,"CURRENTDEBT_DEBT":91.951921378973,"ISSUED_COMMON_SHARES":4374894550,"HK_COMMON_SHARES":4374894550,"PER_SHARES":1000,"TOTAL_MARKET_CAP":130153112862.5,"HKSK_MARKET_CAP":130153112862.5,"PE_TTM":15.633915531608,"PB_TTM":1.762753574129,"REPORT_DATE_SQ":"2020-12-31 00:00:00","REPORT_TYPE_SQ":"2020年年报","OPERATE_INCOME_SQ":10837039962.36,"DPS_HKD":0.8,"OPERATE_INCOME_QOQ_SQ":-62.775400977755,"NET_PROFIT_RATIO_SQ":-30.3915261913,"HOLDER_PROFIT_SQ":-3343901367.92,"HOLDER_PROFIT_QOQ_SQ":-204.578797614474,"ROE_AVG_SQ":-5.635125057536,"PE_TTM_SQ":650.415829919144,"PB_TTM_SQ":2.934605802928,"ROA_SQ":-4.217191142495,"START_DATE":"2021-01-01 00:00:00","FISCAL_YEAR":"12-31","CURRENCY":"HKD","IS_CNY_CODE":0,"DPS_HKD_LY":null,"ORG_TYPE":"一般企业","PREMIUM_INCOME":null,"PREMIUM_INCOME_YOY":null,"NET_INTEREST_INCOME":null,"NET_INTEREST_INCOME_YOY":null,"FEE_COMMISSION_INCOME":null,"FEE_COMMISSION_INCOME_YOY":null,"ACCOUNTS_RECE_TDAYS":11.47783575627,"INVENTORY_TDAYS":7.339001770051,"CURRENT_ASSETS_TDAYS":0.894788249709,"TOTAL_ASSETS_TDAYS":0.221335139898,"PREMIUM_EXPENSE":null,"LOAN_DEPOSIT":null,"LOAN_EQUITY":null,"LOAN_ASSETS":null,"DEPOSIT_EQUITY":null,"DEPOSIT_ASSETS":null,"EQUITY_MULTIPLIER":1.234057355014,"EQUITY_RATIO":0.23628441136},{"SECUCODE":"00027.HK","SECURITY_CODE":"00027","SECURITY_NAME_ABBR":"银河娱乐","ORG_CODE":"10007320","STD_REPORT_DATE":"2021-06-30 00:00:00","REPORT_DATE":"2021-06-30 00:00:00","DATE_TYPE_CODE":"002","REPORT_TYPE":"2021年中报","PER_NETCASH_OPERATE":-0.606897359643,"PER_OI":2.038108647312,"BPS":13.180895486754,"BASIC_EPS":0.18139344,"DILUTED_EPS":0.18056136,"OPERATE_INCOME":8870452910.16,"OPERATE_INCOME_YOY":71.3185106381,"GROSS_PROFIT":8272207360.08,"GROSS_PROFIT_YOY":58.275067872702,"HOLDER_PROFIT":788090426.64,"HOLDER_PROFIT_YOY":133.1608185896,"GROSS_PROFIT_RATIO":93.255749665332,"EPS_TTM":0.01220942385,"OPERATE_INCOME_QOQ":29.403063969749,"NET_PROFIT_RATIO":9.0073360945,"ROE_AVG":1.385446350035,"GROSS_PROFIT_QOQ":30.917943774121,"ROA":1.026518672709,"HOLDER_PROFIT_QOQ":101.589132737879,"ROE_YEARLY":2.77089270007,"ROIC_YEARLY":2.554576306954,"TOTAL_ASSETS":76390144500,"TOTAL_LIABILITIES":18206323111.68,"TAX_EBT":4.904824012811,"OCF_SALES":-29.777478273456,"TOTAL_PARENT_EQUITY":57665027829.12,"DEBT_ASSET_RATIO":23.8333403227,"OPERATE_PROFIT":704733484.32,"PRETAX_PROFIT":840201932.88,"NETCASH_OPERATE":-2641397188.08,"NETCASH_INVEST":53853881.76,"NETCASH_FINANCE":2115290477.76,"END_CASH":11935560211.68,"DIVI_RATIO":59.642945394189,"DIVIDEND_RATE":2.689075630252,"CURRENT_RATIO":1.26286872044,"COMMON_ACS":null,"CURRENTDEBT_DEBT":94.564666175758,"ISSUED_COMMON_SHARES":4374894550,"HK_COMMON_SHARES":4374894550,"PER_SHARES":1000,"TOTAL_MARKET_CAP":130153112862.5,"HKSK_MARKET_CAP":130153112862.5,"PE_TTM":15.633915531608,"PB_TTM":1.762753574129,"REPORT_DATE_SQ":"2020-06-30 00:00:00","REPORT_TYPE_SQ":"2020年中报","OPERATE_INCOME_SQ":5684031117.6,"DPS_HKD":0.8,"OPERATE_INCOME_QOQ_SQ":-37.382565988713,"NET_PROFIT_RATIO_SQ":-45.0378575739,"HOLDER_PROFIT_SQ":-2608949972.64,"HOLDER_PROFIT_QOQ_SQ":-72.629709387824,"ROE_AVG_SQ":-4.084084687824,"PE_TTM_SQ":650.415829919144,"PB_TTM_SQ":2.934605802928,"ROA_SQ":-3.016730842245,"START_DATE":"2021-01-01 00:00:00","FISCAL_YEAR":"12-31","CURRENCY":"HKD","IS_CNY_CODE":0,"DPS_HKD_LY":null,"ORG_TYPE":"一般企业","PREMIUM_INCOME":null,"PREMIUM_INCOME_YOY":null,"NET_INTEREST_INCOME":null,"NET_INTEREST_INCOME_YOY":null,"FEE_COMMISSION_INCOME":null,"FEE_COMMISSION_INCOME_YOY":null,"ACCOUNTS_RECE_TDAYS":6.275074733213,"INVENTORY_TDAYS":3.613598439919,"CURRENT_ASSETS_TDAYS":0.45763004425,"TOTAL_ASSETS_TDAYS":0.115541126245,"PREMIUM_EXPENSE":null,"LOAN_DEPOSIT":null,"LOAN_EQUITY":null,"LOAN_ASSETS":null,"DEPOSIT_EQUITY":null,"DEPOSIT_ASSETS":null,"EQUITY_MULTIPLIER":1.312910404942,"EQUITY_RATIO":0.315725558403},{"SECUCODE":"00027.HK","SECURITY_CODE":"00027","SECURITY_NAME_ABBR":"银河娱乐","ORG_CODE":"10007320","STD_REPORT_DATE":"2020-12-31 00:00:00","REPORT_DATE":"2020-12-31 00:00:00","DATE_TYPE_CODE":"001","REPORT_TYPE":"2020年年报","PER_NETCASH_OPERATE":-1.47852766504,"PER_OI":2.494669819277,"BPS":12.97095287493,"BASIC_EPS":-0.77094224,"DILUTED_EPS":-0.77094224,"OPERATE_INCOME":10837039962.36,"OPERATE_INCOME_YOY":-75.1915124027,"GROSS_PROFIT":9851017462,"GROSS_PROFIT_YOY":-78.358464533216,"HOLDER_PROFIT":-3343901367.92,"HOLDER_PROFIT_YOY":-130.4647800548,"GROSS_PROFIT_RATIO":90.901366943513,"EPS_TTM":-0.769760917203,"OPERATE_INCOME_QOQ":-62.775400977755,"NET_PROFIT_RATIO":-30.3915261913,"ROE_AVG":-5.635125057536,"GROSS_PROFIT_QOQ":-64.962686924605,"ROA":-4.217191142495,"HOLDER_PROFIT_QOQ":-204.578797614474,"ROE_YEARLY":-5.635125057536,"ROIC_YEARLY":-5.069136600598,"TOTAL_ASSETS":78042566277.56,"TOTAL_LIABILITIES":20779752419.08,"TAX_EBT":-4.003279633978,"OCF_SALES":-59.267469130208,"TOTAL_PARENT_EQUITY":56746551040.84,"DEBT_ASSET_RATIO":26.6261777517,"OPERATE_PROFIT":-3515801288.08,"PRETAX_PROFIT":-3166767288.6,"NETCASH_OPERATE":-6422839314.32,"NETCASH_INVEST":7997342394.16,"NETCASH_FINANCE":5696844858.52,"END_CASH":12546746616.72,"DIVI_RATIO":-0.946015813126,"DIVIDEND_RATE":2.689075630252,"CURRENT_RATIO":0.85652346189,"COMMON_ACS":null,"CURRENTDEBT_DEBT":96.750688154205,"ISSUED_COMMON_SHARES":4374894550,"HK_COMMON_SHARES":4374894550,"PER_SHARES":1000,"TOTAL_MARKET_CAP":130153112862.5,"HKSK_MARKET_CAP":130153112862.5,"PE_TTM":15.633915531608,"PB_TTM":1.762753574129,"REPORT_DATE_SQ":"2019-12-31 00:00:00","REPORT_TYPE_SQ":"2019年年报","OPERATE_INCOME_SQ":46492765497.98,"DPS_HKD":0.8,"OPERATE_INCOME_QOQ_SQ":-2.702170960143,"NET_PROFIT_RATIO_SQ":25.2935479874,"HOLDER_PROFIT_SQ":11682355180.1,"HOLDER_PROFIT_QOQ_SQ":0.403596071681,"ROE_AVG_SQ":19.197424564311,"PE_TTM_SQ":650.415829919144,"PB_TTM_SQ":2.934605802928,"ROA_SQ":14.246826290472,"START_DATE":"2020-01-01 00:00:00","FISCAL_YEAR":"12-31","CURRENCY":"HKD","IS_CNY_CODE":0,"DPS_HKD_LY":0.45,"ORG_TYPE":"一般企业","PREMIUM_INCOME":null,"PREMIUM_INCOME_YOY":null,"NET_INTEREST_INCOME":null,"NET_INTEREST_INCOME_YOY":null,"FEE_COMMISSION_INCOME":null,"FEE_COMMISSION_INCOME_YOY":null,"ACCOUNTS_RECE_TDAYS":6.627574946971,"INVENTORY_TDAYS":6.173357923857,"CURRENT_ASSETS_TDAYS":0.644182908217,"TOTAL_ASSETS_TDAYS":0.136672299544,"PREMIUM_EXPENSE":null,"LOAN_DEPOSIT":null,"LOAN_EQUITY":null,"LOAN_ASSETS":null,"DEPOSIT_EQUITY":null,"DEPOSIT_ASSETS":null,"EQUITY_MULTIPLIER":1.362883886049,"EQUITY_RATIO":0.36618529299},{"SECUCODE":"00027.HK","SECURITY_CODE":"00027","SECURITY_NAME_ABBR":"银河娱乐","ORG_CODE":"10007320","STD_REPORT_DATE":"2020-06-30 00:00:00","REPORT_DATE":"2020-06-30 00:00:00","DATE_TYPE_CODE":"002","REPORT_TYPE":"2020年中报","PER_NETCASH_OPERATE":-0.384119543462,"PER_OI":1.310984496288,"BPS":13.838991316488,"BASIC_EPS":-0.60195696,"DILUTED_EPS":-0.60195696,"OPERATE_INCOME":5684031117.6,"OPERATE_INCOME_YOY":-76.2670078279,"GROSS_PROFIT":5226475320,"GROSS_PROFIT_YOY":-76.904371798666,"HOLDER_PROFIT":-2608949972.64,"HOLDER_PROFIT_YOY":-142.7587880508,"GROSS_PROFIT_RATIO":91.950153189992,"EPS_TTM":0.737481148944,"OPERATE_INCOME_QOQ":-37.382565988713,"NET_PROFIT_RATIO":-45.0378575739,"ROE_AVG":-4.084084687824,"GROSS_PROFIT_QOQ":-38.232890689378,"ROA":-3.016730842245,"HOLDER_PROFIT_QOQ":-72.629709387824,"ROE_YEARLY":-8.168169375649,"ROIC_YEARLY":-7.298193137725,"TOTAL_ASSETS":85552667999.04,"TOTAL_LIABILITIES":24449400851.04,"TAX_EBT":-2.628144424353,"OCF_SALES":-29.300082842319,"TOTAL_PARENT_EQUITY":60544127688,"DEBT_ASSET_RATIO":28.5781863066,"OPERATE_PROFIT":-2662293041.76,"PRETAX_PROFIT":-2494409163.84,"NETCASH_OPERATE":-1665425826.24,"NETCASH_INVEST":3932289778.56,"NETCASH_FINANCE":3388147176.48,"END_CASH":11359849496.16,"DIVI_RATIO":0.987423205383,"DIVIDEND_RATE":2.689075630252,"CURRENT_RATIO":0.845926786206,"COMMON_ACS":null,"CURRENTDEBT_DEBT":96.622901544334,"ISSUED_COMMON_SHARES":4374894550,"HK_COMMON_SHARES":4374894550,"PER_SHARES":1000,"TOTAL_MARKET_CAP":130153112862.5,"HKSK_MARKET_CAP":130153112862.5,"PE_TTM":15.633915531608,"PB_TTM":1.762753574129,"REPORT_DATE_SQ":"2019-06-30 00:00:00","REPORT_TYPE_SQ":"2019年中报","OPERATE_INCOME_SQ":23064219859.86,"DPS_HKD":0.8,"OPERATE_INCOME_QOQ_SQ":-1.223383386246,"NET_PROFIT_RATIO_SQ":25.6352387888,"HOLDER_PROFIT_SQ":5875910644.32,"HOLDER_PROFIT_QOQ_SQ":-1.688011139493,"ROE_AVG_SQ":10.216904132981,"PE_TTM_SQ":650.415829919144,"PB_TTM_SQ":2.934605802928,"ROA_SQ":7.430788644639,"START_DATE":"2020-01-01 00:00:00","FISCAL_YEAR":"12-31","CURRENCY":"HKD","IS_CNY_CODE":0,"DPS_HKD_LY":0.45,"ORG_TYPE":"一般企业","PREMIUM_INCOME":null,"PREMIUM_INCOME_YOY":null,"NET_INTEREST_INCOME":null,"NET_INTEREST_INCOME_YOY":null,"FEE_COMMISSION_INCOME":null,"FEE_COMMISSION_INCOME_YOY":null,"ACCOUNTS_RECE_TDAYS":3.089775138856,"INVENTORY_TDAYS":2.717409289041,"CURRENT_ASSETS_TDAYS":0.300654537408,"TOTAL_ASSETS_TDAYS":0.065724495144,"PREMIUM_EXPENSE":null,"LOAN_DEPOSIT":null,"LOAN_EQUITY":null,"LOAN_ASSETS":null,"DEPOSIT_EQUITY":null,"DEPOSIT_ASSETS":null,"EQUITY_MULTIPLIER":1.400132464142,"EQUITY_RATIO":0.403827782886}],"count":48},"success":true,"message":"ok","code":0}