{"version":"bb8eae55e636ef49cff4e64105a5411c","result":{"pages":6,"data":[{"SECUCODE":"00021.HK","SECURITY_CODE":"00021","SECURITY_NAME_ABBR":"大中华控股","ORG_CODE":"10007315","STD_REPORT_DATE":"2024-06-30 00:00:00","REPORT_DATE":"2024-06-30 00:00:00","DATE_TYPE_CODE":"002","REPORT_TYPE":"2024年中报","PER_NETCASH_OPERATE":-0.001754309035,"PER_OI":0.00118928423,"BPS":0.185969155644,"BASIC_EPS":0.00182536,"DILUTED_EPS":0.00182536,"OPERATE_INCOME":4727682.4,"OPERATE_INCOME_YOY":-72.3364485981,"GROSS_PROFIT":2901409.72,"GROSS_PROFIT_YOY":-53.254107705397,"HOLDER_PROFIT":7411874.28,"HOLDER_PROFIT_YOY":-71.0584461867,"GROSS_PROFIT_RATIO":61.370656370656,"EPS_TTM":-0.005564684455,"OPERATE_INCOME_QOQ":-58.020044858178,"NET_PROFIT_RATIO":156.7760617761,"ROE_AVG":0.983197504536,"GROSS_PROFIT_QOQ":-38.864295555113,"ROA":0.367483689263,"HOLDER_PROFIT_QOQ":-504.06084101293,"ROE_YEARLY":1.966395009071,"ROIC_YEARLY":0.750732324545,"TOTAL_ASSETS":2008535788.68,"TOTAL_LIABILITIES":1269253123.84,"TAX_EBT":13.135094662531,"OCF_SALES":-147.509652509653,"TOTAL_PARENT_EQUITY":739270800,"DEBT_ASSET_RATIO":63.1929553356,"OPERATE_PROFIT":9114935.16,"PRETAX_PROFIT":8532645.32,"NETCASH_OPERATE":-6973787.88,"NETCASH_INVEST":-4709428.8,"NETCASH_FINANCE":7374454.4,"END_CASH":9364096.8,"DIVI_RATIO":null,"DIVIDEND_RATE":null,"CURRENT_RATIO":0.730899175668,"COMMON_ACS":null,"CURRENTDEBT_DEBT":88.687254078557,"ISSUED_COMMON_SHARES":3975233406,"HK_COMMON_SHARES":3975233406,"PER_SHARES":5000,"TOTAL_MARKET_CAP":556532676.84,"HKSK_MARKET_CAP":556532676.84,"PE_TTM":-23.208201703086,"PB_TTM":0.687077378815,"REPORT_DATE_SQ":"2023-06-30 00:00:00","REPORT_TYPE_SQ":"2023年中报","OPERATE_INCOME_SQ":17264075.5,"DPS_HKD":null,"OPERATE_INCOME_QOQ_SQ":105.461918789431,"NET_PROFIT_RATIO_SQ":149.8531375167,"HOLDER_PROFIT_SQ":25870758.8,"HOLDER_PROFIT_QOQ_SQ":-11.780964803031,"ROE_AVG_SQ":3.221650964084,"PE_TTM_SQ":4.934834382801,"PB_TTM_SQ":0.258250645609,"ROA_SQ":1.291947726303,"START_DATE":"2024-01-01 00:00:00","FISCAL_YEAR":"12-31","CURRENCY":"HKD","IS_CNY_CODE":0,"DPS_HKD_LY":null,"ORG_TYPE":"一般企业","PREMIUM_INCOME":null,"PREMIUM_INCOME_YOY":null,"NET_INTEREST_INCOME":null,"NET_INTEREST_INCOME_YOY":null,"FEE_COMMISSION_INCOME":null,"FEE_COMMISSION_INCOME_YOY":null,"ACCOUNTS_RECE_TDAYS":4.150641025641,"INVENTORY_TDAYS":0.002479779757,"CURRENT_ASSETS_TDAYS":0.005782179279,"TOTAL_ASSETS_TDAYS":0.00234400383,"PREMIUM_EXPENSE":null,"LOAN_DEPOSIT":null,"LOAN_EQUITY":null,"LOAN_ASSETS":null,"DEPOSIT_EQUITY":null,"DEPOSIT_ASSETS":null,"EQUITY_MULTIPLIER":2.716871210709,"EQUITY_RATIO":1.716898765432},{"SECUCODE":"00021.HK","SECURITY_CODE":"00021","SECURITY_NAME_ABBR":"大中华控股","ORG_CODE":"10007315","STD_REPORT_DATE":"2023-12-31 00:00:00","REPORT_DATE":"2023-12-31 00:00:00","DATE_TYPE_CODE":"001","REPORT_TYPE":"2023年年报","PER_NETCASH_OPERATE":0.000023252582,"PER_OI":0.005435404982,"BPS":0.191937980645,"BASIC_EPS":-0.00090622,"DILUTED_EPS":-0.00090622,"OPERATE_INCOME":21607003.46,"OPERATE_INCOME_YOY":90.0446357405,"GROSS_PROFIT":8504874.7,"GROSS_PROFIT_YOY":106.799676958827,"HOLDER_PROFIT":-3662035.02,"HOLDER_PROFIT_YOY":-107.6215084589,"GROSS_PROFIT_RATIO":39.361657509542,"EPS_TTM":-0.000921212579,"OPERATE_INCOME_QOQ":-6.162772011707,"NET_PROFIT_RATIO":-16.9483705909,"ROE_AVG":-0.465201950141,"GROSS_PROFIT_QOQ":2.644688473319,"ROA":-0.182551451298,"HOLDER_PROFIT_QOQ":-108.764548047,"ROE_YEARLY":-0.465201950141,"ROIC_YEARLY":-0.185324211891,"TOTAL_ASSETS":2010981021.14,"TOTAL_LIABILITIES":1247970967.74,"TAX_EBT":-2.693773824651,"OCF_SALES":0.427798515288,"TOTAL_PARENT_EQUITY":762998272.54,"DEBT_ASSET_RATIO":62.0578192743,"OPERATE_PROFIT":-2926184.38,"PRETAX_PROFIT":-3565975.7,"NETCASH_OPERATE":92434.44,"NETCASH_INVEST":-18237677.5,"NETCASH_FINANCE":31261871.34,"END_CASH":13639517.22,"DIVI_RATIO":null,"DIVIDEND_RATE":null,"CURRENT_RATIO":0.732148569953,"COMMON_ACS":null,"CURRENTDEBT_DEBT":88.295983565667,"ISSUED_COMMON_SHARES":3975233406,"HK_COMMON_SHARES":3975233406,"PER_SHARES":5000,"TOTAL_MARKET_CAP":488953708.938,"HKSK_MARKET_CAP":488953708.938,"PE_TTM":-20.390062924854,"PB_TTM":0.603646554244,"REPORT_DATE_SQ":"2022-12-31 00:00:00","REPORT_TYPE_SQ":"2022年年报","OPERATE_INCOME_SQ":11206965.42,"DPS_HKD":null,"OPERATE_INCOME_QOQ_SQ":23.355905258855,"NET_PROFIT_RATIO_SQ":422.6127849514,"HOLDER_PROFIT_SQ":47362068.67,"HOLDER_PROFIT_QOQ_SQ":375.919610668298,"ROE_AVG_SQ":5.621505510869,"PE_TTM_SQ":7.447113704954,"PB_TTM_SQ":0.389723701556,"ROA_SQ":2.319959324905,"START_DATE":"2023-01-01 00:00:00","FISCAL_YEAR":"12-31","CURRENCY":"HKD","IS_CNY_CODE":0,"DPS_HKD_LY":null,"ORG_TYPE":"一般企业","PREMIUM_INCOME":null,"PREMIUM_INCOME_YOY":null,"NET_INTEREST_INCOME":null,"NET_INTEREST_INCOME_YOY":null,"FEE_COMMISSION_INCOME":null,"FEE_COMMISSION_INCOME_YOY":null,"ACCOUNTS_RECE_TDAYS":16.964069726076,"INVENTORY_TDAYS":0.017973935432,"CURRENT_ASSETS_TDAYS":0.02742783126,"TOTAL_ASSETS_TDAYS":0.01077103255,"PREMIUM_EXPENSE":null,"LOAN_DEPOSIT":null,"LOAN_EQUITY":null,"LOAN_ASSETS":null,"DEPOSIT_EQUITY":null,"DEPOSIT_ASSETS":null,"EQUITY_MULTIPLIER":2.635589154006,"EQUITY_RATIO":1.635614407862},{"SECUCODE":"00021.HK","SECURITY_CODE":"00021","SECURITY_NAME_ABBR":"大中华控股","ORG_CODE":"10007315","STD_REPORT_DATE":"2023-06-30 00:00:00","REPORT_DATE":"2023-06-30 00:00:00","DATE_TYPE_CODE":"002","REPORT_TYPE":"2023年中报","PER_NETCASH_OPERATE":0.00115130566,"PER_OI":0.004342908639,"BPS":0.196355365851,"BASIC_EPS":0.006546058,"DILUTED_EPS":0.006546058,"OPERATE_INCOME":17264075.5,"OPERATE_INCOME_YOY":194.0945500236,"GROSS_PROFIT":6206769.36,"GROSS_PROFIT_YOY":205.204648083014,"HOLDER_PROFIT":25870758.8,"HOLDER_PROFIT_YOY":-23.7002392865,"GROSS_PROFIT_RATIO":35.951935914553,"EPS_TTM":0.010510668372,"OPERATE_INCOME_QOQ":105.461918789431,"NET_PROFIT_RATIO":149.8531375167,"ROE_AVG":3.221650964084,"GROSS_PROFIT_QOQ":101.471386425009,"ROA":1.291947726303,"HOLDER_PROFIT_QOQ":-11.780964803031,"ROE_YEARLY":6.443301928168,"ROIC_YEARLY":2.616595143913,"TOTAL_ASSETS":1969045948.58,"TOTAL_LIABILITIES":1188475553.06,"TAX_EBT":0.390486332978,"OCF_SALES":26.510013351135,"TOTAL_PARENT_EQUITY":780558409.78,"DEBT_ASSET_RATIO":60.3579390271,"OPERATE_PROFIT":25997070.06,"PRETAX_PROFIT":25972176.6,"NETCASH_OPERATE":4576708.72,"NETCASH_INVEST":-14113669.84,"NETCASH_FINANCE":10594472.18,"END_CASH":1582117.68,"DIVI_RATIO":null,"DIVIDEND_RATE":null,"CURRENT_RATIO":0.738649260445,"COMMON_ACS":null,"CURRENTDEBT_DEBT":87.698664206968,"ISSUED_COMMON_SHARES":3975233406,"HK_COMMON_SHARES":3975233406,"PER_SHARES":5000,"TOTAL_MARKET_CAP":488953708.938,"HKSK_MARKET_CAP":488953708.938,"PE_TTM":-20.390062924854,"PB_TTM":0.603646554244,"REPORT_DATE_SQ":"2022-06-30 00:00:00","REPORT_TYPE_SQ":"2022年中报","OPERATE_INCOME_SQ":5444994.73,"DPS_HKD":null,"OPERATE_INCOME_QOQ_SQ":10.919059123128,"NET_PROFIT_RATIO_SQ":577.6032668447,"HOLDER_PROFIT_SQ":31450467.44,"HOLDER_PROFIT_QOQ_SQ":125.531933073253,"ROE_AVG_SQ":3.809042436395,"PE_TTM_SQ":7.447113704954,"PB_TTM_SQ":0.389723701556,"ROA_SQ":1.592113548485,"START_DATE":"2023-01-01 00:00:00","FISCAL_YEAR":"12-31","CURRENCY":"HKD","IS_CNY_CODE":0,"DPS_HKD_LY":null,"ORG_TYPE":"一般企业","PREMIUM_INCOME":null,"PREMIUM_INCOME_YOY":null,"NET_INTEREST_INCOME":null,"NET_INTEREST_INCOME_YOY":null,"FEE_COMMISSION_INCOME":null,"FEE_COMMISSION_INCOME_YOY":null,"ACCOUNTS_RECE_TDAYS":10.331034482759,"INVENTORY_TDAYS":0.015261774491,"CURRENT_ASSETS_TDAYS":0.022246947653,"TOTAL_ASSETS_TDAYS":0.008621425936,"PREMIUM_EXPENSE":null,"LOAN_DEPOSIT":null,"LOAN_EQUITY":null,"LOAN_ASSETS":null,"DEPOSIT_EQUITY":null,"DEPOSIT_ASSETS":null,"EQUITY_MULTIPLIER":2.522573184789,"EQUITY_RATIO":1.52259656442},{"SECUCODE":"00021.HK","SECURITY_CODE":"00021","SECURITY_NAME_ABBR":"大中华控股","ORG_CODE":"10007315","STD_REPORT_DATE":"2022-12-31 00:00:00","REPORT_DATE":"2022-12-31 00:00:00","DATE_TYPE_CODE":"001","REPORT_TYPE":"2022年年报","PER_NETCASH_OPERATE":-0.006860135505,"PER_OI":0.002819196831,"BPS":0.201193714337,"BASIC_EPS":0.011880491,"DILUTED_EPS":0.011880491,"OPERATE_INCOME":11206965.42,"OPERATE_INCOME_YOY":25.23457776,"GROSS_PROFIT":4112615.08,"GROSS_PROFIT_YOY":-1.908999476417,"HOLDER_PROFIT":47362068.67,"HOLDER_PROFIT_YOY":211.2180899041,"GROSS_PROFIT_RATIO":36.696955204846,"EPS_TTM":0.01191428624,"OPERATE_INCOME_QOQ":23.355905258855,"NET_PROFIT_RATIO":422.6127849514,"ROE_AVG":5.621505510869,"GROSS_PROFIT_QOQ":12.157645061784,"ROA":2.319959324905,"HOLDER_PROFIT_QOQ":375.919610668298,"ROE_YEARLY":5.621505510869,"ROIC_YEARLY":2.341493961559,"TOTAL_ASSETS":1972481296.66,"TOTAL_LIABILITIES":1172677709.84,"TAX_EBT":2.30145568454,"OCF_SALES":-243.33652160051,"TOTAL_PARENT_EQUITY":799791974.31,"DEBT_ASSET_RATIO":59.4519051626,"OPERATE_PROFIT":48535825.45,"PRETAX_PROFIT":48477762.9,"NETCASH_OPERATE":-27270639.83,"NETCASH_INVEST":-421623.44,"NETCASH_FINANCE":27329595.65,"END_CASH":526136.03,"DIVI_RATIO":null,"DIVIDEND_RATE":null,"CURRENT_RATIO":0.740011147912,"COMMON_ACS":null,"CURRENTDEBT_DEBT":87.325562617688,"ISSUED_COMMON_SHARES":3975233406,"HK_COMMON_SHARES":3975233406,"PER_SHARES":5000,"TOTAL_MARKET_CAP":488953708.938,"HKSK_MARKET_CAP":488953708.938,"PE_TTM":-20.390062924854,"PB_TTM":0.603646554244,"REPORT_DATE_SQ":"2021-12-31 00:00:00","REPORT_TYPE_SQ":"2021年年报","OPERATE_INCOME_SQ":8190716.8,"DPS_HKD":null,"OPERATE_INCOME_QOQ_SQ":-79.979100264083,"NET_PROFIT_RATIO_SQ":-475.8734278299,"HOLDER_PROFIT_SQ":-38977444.8,"HOLDER_PROFIT_QOQ_SQ":58.664427785313,"ROE_AVG_SQ":-4.827494022972,"PE_TTM_SQ":7.447113704954,"PB_TTM_SQ":0.389723701556,"ROA_SQ":-2.062591628014,"START_DATE":"2022-01-01 00:00:00","FISCAL_YEAR":"12-31","CURRENCY":"HKD","IS_CNY_CODE":0,"DPS_HKD_LY":null,"ORG_TYPE":"一般企业","PREMIUM_INCOME":null,"PREMIUM_INCOME_YOY":null,"NET_INTEREST_INCOME":null,"NET_INTEREST_INCOME_YOY":null,"FEE_COMMISSION_INCOME":null,"FEE_COMMISSION_INCOME_YOY":null,"ACCOUNTS_RECE_TDAYS":9.898224852071,"INVENTORY_TDAYS":0.009638981195,"CURRENT_ASSETS_TDAYS":0.014433630151,"TOTAL_ASSETS_TDAYS":0.005489562568,"PREMIUM_EXPENSE":null,"LOAN_DEPOSIT":null,"LOAN_EQUITY":null,"LOAN_ASSETS":null,"DEPOSIT_EQUITY":null,"DEPOSIT_ASSETS":null,"EQUITY_MULTIPLIER":2.466207115304,"EQUITY_RATIO":1.466228403769},{"SECUCODE":"00021.HK","SECURITY_CODE":"00021","SECURITY_NAME_ABBR":"大中华控股","ORG_CODE":"10007315","STD_REPORT_DATE":"2022-06-30 00:00:00","REPORT_DATE":"2022-06-30 00:00:00","DATE_TYPE_CODE":"002","REPORT_TYPE":"2022年中报","PER_NETCASH_OPERATE":-0.000987659563,"PER_OI":0.001369729567,"BPS":0.202216142541,"BASIC_EPS":0.007953267,"DILUTED_EPS":0.007953267,"OPERATE_INCOME":5444994.73,"OPERATE_INCOME_YOY":16.4198208082,"GROSS_PROFIT":2033641.82,"GROSS_PROFIT_YOY":-20.544667450326,"HOLDER_PROFIT":31450467.44,"HOLDER_PROFIT_YOY":275.0737884414,"GROSS_PROFIT_RATIO":37.348829904194,"EPS_TTM":0.002503424102,"OPERATE_INCOME_QOQ":10.919059123128,"NET_PROFIT_RATIO":577.6032668447,"ROE_AVG":3.809042436395,"GROSS_PROFIT_QOQ":-12.5418508301,"ROA":1.592113548485,"HOLDER_PROFIT_QOQ":125.531933073253,"ROE_YEARLY":7.61808487279,"ROIC_YEARLY":3.213841821672,"TOTAL_ASSETS":1930226258.87,"TOTAL_LIABILITIES":1126358776.34,"TAX_EBT":-0.376658114526,"OCF_SALES":-72.106172451704,"TOTAL_PARENT_EQUITY":803856365.06,"DEBT_ASSET_RATIO":58.353717403,"OPERATE_PROFIT":31363238.06,"PRETAX_PROFIT":31332451.22,"NETCASH_OPERATE":-3895390.45,"NETCASH_INVEST":3398525.06,"NETCASH_FINANCE":3818423.35,"END_CASH":4204969.23,"DIVI_RATIO":null,"DIVIDEND_RATE":null,"CURRENT_RATIO":0.741602914008,"COMMON_ACS":null,"CURRENTDEBT_DEBT":86.878609293547,"ISSUED_COMMON_SHARES":3975233406,"HK_COMMON_SHARES":3975233406,"PER_SHARES":5000,"TOTAL_MARKET_CAP":488953708.938,"HKSK_MARKET_CAP":488953708.938,"PE_TTM":-20.390062924854,"PB_TTM":0.603646554244,"REPORT_DATE_SQ":"2021-06-30 00:00:00","REPORT_TYPE_SQ":"2021年中报","OPERATE_INCOME_SQ":4550645.52,"DPS_HKD":null,"OPERATE_INCOME_QOQ_SQ":2.731570789361,"NET_PROFIT_RATIO_SQ":-384.0921557872,"HOLDER_PROFIT_SQ":-17478672.48,"HOLDER_PROFIT_QOQ_SQ":-35.83749268188,"ROE_AVG_SQ":-2.132637547558,"PE_TTM_SQ":7.447113704954,"PB_TTM_SQ":0.389723701556,"ROA_SQ":-0.923801138677,"START_DATE":"2022-01-01 00:00:00","FISCAL_YEAR":"12-31","CURRENCY":"HKD","IS_CNY_CODE":0,"DPS_HKD_LY":null,"ORG_TYPE":"一般企业","PREMIUM_INCOME":null,"PREMIUM_INCOME_YOY":null,"NET_INTEREST_INCOME":null,"NET_INTEREST_INCOME_YOY":null,"FEE_COMMISSION_INCOME":null,"FEE_COMMISSION_INCOME_YOY":null,"ACCOUNTS_RECE_TDAYS":7.764634146341,"INVENTORY_TDAYS":0.004828289492,"CURRENT_ASSETS_TDAYS":0.007323946902,"TOTAL_ASSETS_TDAYS":0.002756413684,"PREMIUM_EXPENSE":null,"LOAN_DEPOSIT":null,"LOAN_EQUITY":null,"LOAN_ASSETS":null,"DEPOSIT_EQUITY":null,"DEPOSIT_ASSETS":null,"EQUITY_MULTIPLIER":2.401174697095,"EQUITY_RATIO":1.401194075581},{"SECUCODE":"00021.HK","SECURITY_CODE":"00021","SECURITY_NAME_ABBR":"大中华控股","ORG_CODE":"10007315","STD_REPORT_DATE":"2021-12-31 00:00:00","REPORT_DATE":"2021-12-31 00:00:00","DATE_TYPE_CODE":"001","REPORT_TYPE":"2021年年报","PER_NETCASH_OPERATE":-0.00542710553,"PER_OI":0.0020604367,"BPS":0.203824453371,"BASIC_EPS":-0.0098112,"DILUTED_EPS":-0.0098112,"OPERATE_INCOME":8190716.8,"OPERATE_INCOME_YOY":-78.8274579423,"GROSS_PROFIT":4192652.8,"GROSS_PROFIT_YOY":-66.128187298971,"HOLDER_PROFIT":-38977444.8,"HOLDER_PROFIT_YOY":42.1998326847,"GROSS_PROFIT_RATIO":51.187861848672,"EPS_TTM":-0.009805070752,"OPERATE_INCOME_QOQ":-79.979100264083,"NET_PROFIT_RATIO":-475.8734278299,"ROE_AVG":-4.827494022972,"GROSS_PROFIT_QOQ":-67.830375010666,"ROA":-2.062591628014,"HOLDER_PROFIT_QOQ":58.664427785313,"ROE_YEARLY":-4.827494022972,"ROIC_YEARLY":-2.081263260834,"TOTAL_ASSETS":1931741884.8,"TOTAL_LIABILITIES":1121481480,"TAX_EBT":0.436489703855,"OCF_SALES":-263.395887402675,"TOTAL_PARENT_EQUITY":810249776,"DEBT_ASSET_RATIO":58.0554518605,"OPERATE_PROFIT":-39095996.8,"PRETAX_PROFIT":-39148323.2,"NETCASH_OPERATE":-21574011.2,"NETCASH_INVEST":-4474724.8,"NETCASH_FINANCE":26307097.6,"END_CASH":883008,"DIVI_RATIO":null,"DIVIDEND_RATE":null,"CURRENT_RATIO":0.747420607097,"COMMON_ACS":null,"CURRENTDEBT_DEBT":86.819472542694,"ISSUED_COMMON_SHARES":3975233406,"HK_COMMON_SHARES":3975233406,"PER_SHARES":5000,"TOTAL_MARKET_CAP":488953708.938,"HKSK_MARKET_CAP":488953708.938,"PE_TTM":-20.390062924854,"PB_TTM":0.603646554244,"REPORT_DATE_SQ":"2020-12-31 00:00:00","REPORT_TYPE_SQ":"2020年年报","OPERATE_INCOME_SQ":39823038.24,"DPS_HKD":null,"OPERATE_INCOME_QOQ_SQ":126.698913688517,"NET_PROFIT_RATIO_SQ":-174.3152422014,"HOLDER_PROFIT_SQ":-69417625.56,"HOLDER_PROFIT_QOQ_SQ":-1042.59470801898,"ROE_AVG_SQ":-8.564641867879,"PE_TTM_SQ":7.447113704954,"PB_TTM_SQ":0.389723701556,"ROA_SQ":-3.775905011581,"START_DATE":"2021-01-01 00:00:00","FISCAL_YEAR":"12-31","CURRENCY":"HKD","IS_CNY_CODE":0,"DPS_HKD_LY":null,"ORG_TYPE":"一般企业","PREMIUM_INCOME":null,"PREMIUM_INCOME_YOY":null,"NET_INTEREST_INCOME":null,"NET_INTEREST_INCOME_YOY":null,"FEE_COMMISSION_INCOME":null,"FEE_COMMISSION_INCOME_YOY":null,"ACCOUNTS_RECE_TDAYS":15.739198743126,"INVENTORY_TDAYS":0.005979680093,"CURRENT_ASSETS_TDAYS":0.011624223592,"TOTAL_ASSETS_TDAYS":0.004334328221,"PREMIUM_EXPENSE":null,"LOAN_DEPOSIT":null,"LOAN_EQUITY":null,"LOAN_ASSETS":null,"DEPOSIT_EQUITY":null,"DEPOSIT_ASSETS":null,"EQUITY_MULTIPLIER":2.384100066293,"EQUITY_RATIO":1.384118222823},{"SECUCODE":"00021.HK","SECURITY_CODE":"00021","SECURITY_NAME_ABBR":"大中华控股","ORG_CODE":"10007315","STD_REPORT_DATE":"2021-06-30 00:00:00","REPORT_DATE":"2021-06-30 00:00:00","DATE_TYPE_CODE":"002","REPORT_TYPE":"2021年中报","PER_NETCASH_OPERATE":-0.001997502695,"PER_OI":0.001144749265,"BPS":0.206365283357,"BASIC_EPS":-0.004410024,"DILUTED_EPS":-0.004410024,"OPERATE_INCOME":4550645.52,"OPERATE_INCOME_YOY":44.2627275125,"GROSS_PROFIT":2559478.08,"GROSS_PROFIT_YOY":34.389497335395,"HOLDER_PROFIT":-17478672.48,"HOLDER_PROFIT_YOY":-359.3333333333,"GROSS_PROFIT_RATIO":56.244285975498,"EPS_TTM":-0.023720660502,"OPERATE_INCOME_QOQ":2.731570789361,"NET_PROFIT_RATIO":-384.0921557872,"ROE_AVG":-2.132637547558,"GROSS_PROFIT_QOQ":5.291288637217,"ROA":-0.923801138677,"HOLDER_PROFIT_QOQ":-35.83749268188,"ROE_YEARLY":-4.265275095116,"ROIC_YEARLY":-1.86330279868,"TOTAL_ASSETS":1903631791.92,"TOTAL_LIABILITIES":1083270806.64,"TAX_EBT":0.028555111365,"OCF_SALES":-174.492594624246,"TOTAL_PARENT_EQUITY":820350168.24,"DEBT_ASSET_RATIO":56.9054798957,"OPERATE_PROFIT":-17467023.36,"PRETAX_PROFIT":-17483664.96,"NETCASH_OPERATE":-7940539.44,"NETCASH_INVEST":-779658.96,"NETCASH_FINANCE":9225270.96,"END_CASH":1129964.64,"DIVI_RATIO":null,"DIVIDEND_RATE":null,"CURRENT_RATIO":0.752296866938,"COMMON_ACS":null,"CURRENTDEBT_DEBT":86.347237040502,"ISSUED_COMMON_SHARES":3975233406,"HK_COMMON_SHARES":3975233406,"PER_SHARES":5000,"TOTAL_MARKET_CAP":616161177.93,"HKSK_MARKET_CAP":616161177.93,"PE_TTM":-25.694794742702,"PB_TTM":0.760692812259,"REPORT_DATE_SQ":"2020-06-30 00:00:00","REPORT_TYPE_SQ":"2020年中报","OPERATE_INCOME_SQ":3462851.04,"DPS_HKD":null,"OPERATE_INCOME_QOQ_SQ":-30.632222290608,"NET_PROFIT_RATIO_SQ":213.6639409127,"HOLDER_PROFIT_SQ":7398864,"HOLDER_PROFIT_QOQ_SQ":331.65271587051,"ROE_AVG_SQ":0.872605049259,"PE_TTM_SQ":7.53683796646,"PB_TTM_SQ":0.39441916784,"ROA_SQ":0.386479883961,"START_DATE":"2021-01-01 00:00:00","FISCAL_YEAR":"12-31","CURRENCY":"HKD","IS_CNY_CODE":0,"DPS_HKD_LY":null,"ORG_TYPE":"一般企业","PREMIUM_INCOME":null,"PREMIUM_INCOME_YOY":null,"NET_INTEREST_INCOME":null,"NET_INTEREST_INCOME_YOY":null,"FEE_COMMISSION_INCOME":null,"FEE_COMMISSION_INCOME_YOY":null,"ACCOUNTS_RECE_TDAYS":5.325219084713,"INVENTORY_TDAYS":0.003001993384,"CURRENT_ASSETS_TDAYS":0.006513660942,"TOTAL_ASSETS_TDAYS":0.002405154921,"PREMIUM_EXPENSE":null,"LOAN_DEPOSIT":null,"LOAN_EQUITY":null,"LOAN_ASSETS":null,"DEPOSIT_EQUITY":null,"DEPOSIT_ASSETS":null,"EQUITY_MULTIPLIER":2.320480649465,"EQUITY_RATIO":1.320498061168},{"SECUCODE":"00021.HK","SECURITY_CODE":"00021","SECURITY_NAME_ABBR":"大中华控股","ORG_CODE":"10007315","STD_REPORT_DATE":"2020-12-31 00:00:00","REPORT_DATE":"2020-12-31 00:00:00","DATE_TYPE_CODE":"001","REPORT_TYPE":"2020年年报","PER_NETCASH_OPERATE":-0.006923485197,"PER_OI":0.010017786171,"BPS":0.208344376466,"BASIC_EPS":-0.017421948,"DILUTED_EPS":-0.017421948,"OPERATE_INCOME":39823038.24,"OPERATE_INCOME_YOY":67.3717721967,"GROSS_PROFIT":12377999.48,"GROSS_PROFIT_YOY":37.480095568063,"HOLDER_PROFIT":-69417625.56,"HOLDER_PROFIT_YOY":-2224.0067624683,"GROSS_PROFIT_RATIO":31.082509087835,"EPS_TTM":-0.017462528227,"OPERATE_INCOME_QOQ":126.698913688517,"NET_PROFIT_RATIO":-174.3152422014,"ROE_AVG":-8.564641867879,"GROSS_PROFIT_QOQ":89.175385803561,"ROA":-3.775905011581,"HOLDER_PROFIT_QOQ":-1042.59470801898,"ROE_YEARLY":-8.564641867879,"ROIC_YEARLY":-3.806388700316,"TOTAL_ASSETS":1902050010.12,"TOTAL_LIABILITIES":1073821543.52,"TAX_EBT":-1.631445998398,"OCF_SALES":-69.111928311776,"TOTAL_PARENT_EQUITY":828217525.28,"DEBT_ASSET_RATIO":56.4560099791,"OPERATE_PROFIT":-68184622.96,"PRETAX_PROFIT":-68303294.2,"NETCASH_OPERATE":-27522469.64,"NETCASH_INVEST":-9263931.48,"NETCASH_FINANCE":33395433.56,"END_CASH":626180.16,"DIVI_RATIO":null,"DIVIDEND_RATE":null,"CURRENT_RATIO":0.757995273175,"COMMON_ACS":null,"CURRENTDEBT_DEBT":86.190812842708,"ISSUED_COMMON_SHARES":3975233406,"HK_COMMON_SHARES":3975233406,"PER_SHARES":5000,"TOTAL_MARKET_CAP":616161177.93,"HKSK_MARKET_CAP":616161177.93,"PE_TTM":-25.694794742702,"PB_TTM":0.760692812259,"REPORT_DATE_SQ":"2019-12-31 00:00:00","REPORT_TYPE_SQ":"2019年年报","OPERATE_INCOME_SQ":25323700.6,"DPS_HKD":null,"OPERATE_INCOME_QOQ_SQ":-64.518891134762,"NET_PROFIT_RATIO_SQ":-12.5539441104,"HOLDER_PROFIT_SQ":-3179123.22,"HOLDER_PROFIT_QOQ_SQ":-111.582868969011,"ROE_AVG_SQ":-0.385308969155,"PE_TTM_SQ":7.53683796646,"PB_TTM_SQ":0.39441916784,"ROA_SQ":-0.16830937055,"START_DATE":"2020-01-01 00:00:00","FISCAL_YEAR":"12-31","CURRENCY":"HKD","IS_CNY_CODE":0,"DPS_HKD_LY":null,"ORG_TYPE":"一般企业","PREMIUM_INCOME":null,"PREMIUM_INCOME_YOY":null,"NET_INTEREST_INCOME":null,"NET_INTEREST_INCOME_YOY":null,"FEE_COMMISSION_INCOME":null,"FEE_COMMISSION_INCOME_YOY":null,"ACCOUNTS_RECE_TDAYS":110.680701754386,"INVENTORY_TDAYS":0.042492611454,"CURRENT_ASSETS_TDAYS":0.058666101282,"TOTAL_ASSETS_TDAYS":0.021661358834,"PREMIUM_EXPENSE":null,"LOAN_DEPOSIT":null,"LOAN_EQUITY":null,"LOAN_ASSETS":null,"DEPOSIT_EQUITY":null,"DEPOSIT_ASSETS":null,"EQUITY_MULTIPLIER":2.296528176495,"EQUITY_RATIO":1.296545304516},{"SECUCODE":"00021.HK","SECURITY_CODE":"00021","SECURITY_NAME_ABBR":"大中华控股","ORG_CODE":"10007315","STD_REPORT_DATE":"2020-06-30 00:00:00","REPORT_DATE":"2020-06-30 00:00:00","DATE_TYPE_CODE":"002","REPORT_TYPE":"2020年中报","PER_NETCASH_OPERATE":-0.002953167696,"PER_OI":0.000871106344,"BPS":0.210142514303,"BASIC_EPS":0.00182688,"DILUTED_EPS":0.00182688,"OPERATE_INCOME":3462851.04,"OPERATE_INCOME_YOY":-70.2783222266,"GROSS_PROFIT":1904522.4,"GROSS_PROFIT_YOY":-56.36705959357,"HOLDER_PROFIT":7398864,"HOLDER_PROFIT_YOY":326.5734265734,"GROSS_PROFIT_RATIO":54.998681086785,"EPS_TTM":0.00185260198,"OPERATE_INCOME_QOQ":-30.632222290608,"NET_PROFIT_RATIO":213.6639409127,"ROE_AVG":0.872605049259,"GROSS_PROFIT_QOQ":-27.326647182937,"ROA":0.386479883961,"HOLDER_PROFIT_QOQ":331.65271587051,"ROE_YEARLY":1.745210098518,"ROIC_YEARLY":0.778357809163,"TOTAL_ASSETS":1902615137.28,"TOTAL_LIABILITIES":1067237719.68,"TAX_EBT":4.26663514951,"OCF_SALES":-339.013452914798,"TOTAL_PARENT_EQUITY":835365542.88,"DEBT_ASSET_RATIO":56.0932002888,"OPERATE_PROFIT":-8177114.88,"PRETAX_PROFIT":7728615.84,"NETCASH_OPERATE":-11739530.88,"NETCASH_INVEST":-2691907.68,"NETCASH_FINANCE":11559583.2,"END_CASH":1367419.68,"DIVI_RATIO":null,"DIVIDEND_RATE":null,"CURRENT_RATIO":0.771737061789,"COMMON_ACS":null,"CURRENTDEBT_DEBT":85.897043065051,"ISSUED_COMMON_SHARES":3975233406,"HK_COMMON_SHARES":3975233406,"PER_SHARES":5000,"TOTAL_MARKET_CAP":616161177.93,"HKSK_MARKET_CAP":616161177.93,"PE_TTM":-25.694794742702,"PB_TTM":0.760692812259,"REPORT_DATE_SQ":"2019-06-30 00:00:00","REPORT_TYPE_SQ":"2019年中报","OPERATE_INCOME_SQ":11220063.3,"DPS_HKD":null,"OPERATE_INCOME_QOQ_SQ":-6.616354805124,"NET_PROFIT_RATIO_SQ":-28.0282242258,"HOLDER_PROFIT_SQ":-3144784.5,"HOLDER_PROFIT_QOQ_SQ":-24.902244864777,"ROE_AVG_SQ":-0.399647415958,"PE_TTM_SQ":7.53683796646,"PB_TTM_SQ":0.39441916784,"ROA_SQ":-0.168663580556,"START_DATE":"2020-01-01 00:00:00","FISCAL_YEAR":"12-31","CURRENCY":"HKD","IS_CNY_CODE":0,"DPS_HKD_LY":null,"ORG_TYPE":"一般企业","PREMIUM_INCOME":null,"PREMIUM_INCOME_YOY":null,"NET_INTEREST_INCOME":null,"NET_INTEREST_INCOME_YOY":null,"FEE_COMMISSION_INCOME":null,"FEE_COMMISSION_INCOME_YOY":null,"ACCOUNTS_RECE_TDAYS":8.196756756757,"INVENTORY_TDAYS":0.002300606775,"CURRENT_ASSETS_TDAYS":0.004878955947,"TOTAL_ASSETS_TDAYS":0.001808821284,"PREMIUM_EXPENSE":null,"LOAN_DEPOSIT":null,"LOAN_EQUITY":null,"LOAN_ASSETS":null,"DEPOSIT_EQUITY":null,"DEPOSIT_ASSETS":null,"EQUITY_MULTIPLIER":2.277551555972,"EQUITY_RATIO":1.277569716367}],"count":47},"success":true,"message":"ok","code":0}