{"version":"7d9abe1f3c99bd7af2b713f20395f406","result":{"pages":6,"data":[{"SECUCODE":"00025.HK","SECURITY_CODE":"00025","SECURITY_NAME_ABBR":"CHEVALIER INT\u0027L","ORG_CODE":"10007318","STD_REPORT_DATE":"2024-06-30 00:00:00","REPORT_DATE":"2024-09-30 00:00:00","DATE_TYPE_CODE":"002","REPORT_TYPE":"2024年中报","PER_NETCASH_OPERATE":-1.294227889484,"PER_OI":12.06006596783,"BPS":29.717641025459,"BASIC_EPS":0.2434833,"DILUTED_EPS":0.2434833,"OPERATE_INCOME":3636742319.16,"OPERATE_INCOME_YOY":2.7058042423,"GROSS_PROFIT":313873420.24,"GROSS_PROFIT_YOY":-26.665571889767,"HOLDER_PROFIT":72429969.22,"HOLDER_PROFIT_YOY":37.070789815,"GROSS_PROFIT_RATIO":8.630620283059,"EPS_TTM":-1.112108069382,"OPERATE_INCOME_QOQ":0,"NET_PROFIT_RATIO":1.9094158804,"ROE_AVG":0.814889679483,"GROSS_PROFIT_QOQ":0,"ROA":0.390670809476,"HOLDER_PROFIT_QOQ":0,"ROE_YEARLY":1.629779358966,"ROIC_YEARLY":0.903432326895,"TOTAL_ASSETS":18715243755.81,"TOTAL_LIABILITIES":9259422808.54,"TAX_EBT":42.671977367481,"OCF_SALES":-10.731515838608,"TOTAL_PARENT_EQUITY":8952987352.22,"DEBT_ASSET_RATIO":49.4752990095,"OPERATE_PROFIT":110764160.33,"PRETAX_PROFIT":121128432.8,"NETCASH_OPERATE":-390277577.99,"NETCASH_INVEST":-111235796.5,"NETCASH_FINANCE":111512646.03,"END_CASH":1740710808.36,"DIVI_RATIO":-0.178993575787,"DIVIDEND_RATE":5.5,"CURRENT_RATIO":1.687072914936,"COMMON_ACS":540000000,"CURRENTDEBT_DEBT":47.778224913434,"ISSUED_COMMON_SHARES":301268440,"HK_COMMON_SHARES":301268440,"PER_SHARES":2000,"TOTAL_MARKET_CAP":1205073760,"HKSK_MARKET_CAP":1205073760,"PE_TTM":-3.4562212764,"PB_TTM":0.121381101444,"REPORT_DATE_SQ":"2023-06-30 00:00:00","REPORT_TYPE_SQ":"2023年中报","OPERATE_INCOME_SQ":3603128335.17,"DPS_HKD":0.22,"OPERATE_INCOME_QOQ_SQ":0,"NET_PROFIT_RATIO_SQ":1.7437405117,"HOLDER_PROFIT_SQ":53769447.48,"HOLDER_PROFIT_QOQ_SQ":0,"ROE_AVG_SQ":0.568691897994,"PE_TTM_SQ":7.021342062585,"PB_TTM_SQ":0.135832548267,"ROA_SQ":0.286407688215,"START_DATE":"2024-04-01 00:00:00","FISCAL_YEAR":"3-31","CURRENCY":"HKD","IS_CNY_CODE":0,"DPS_HKD_LY":0.22,"ORG_TYPE":"一般企业","PREMIUM_INCOME":null,"PREMIUM_INCOME_YOY":null,"NET_INTEREST_INCOME":null,"NET_INTEREST_INCOME_YOY":null,"FEE_COMMISSION_INCOME":null,"FEE_COMMISSION_INCOME_YOY":null,"ACCOUNTS_RECE_TDAYS":1.878496412494,"INVENTORY_TDAYS":1.475116170841,"CURRENT_ASSETS_TDAYS":0.471843508356,"TOTAL_ASSETS_TDAYS":0.196157623837,"PREMIUM_EXPENSE":null,"LOAN_DEPOSIT":null,"LOAN_EQUITY":null,"LOAN_ASSETS":null,"DEPOSIT_EQUITY":null,"DEPOSIT_ASSETS":null,"EQUITY_MULTIPLIER":1.97922992199,"EQUITY_RATIO":1.034227174044},{"SECUCODE":"00025.HK","SECURITY_CODE":"00025","SECURITY_NAME_ABBR":"CHEVALIER INT\u0027L","ORG_CODE":"10007318","STD_REPORT_DATE":"2023-12-31 00:00:00","REPORT_DATE":"2024-03-31 00:00:00","DATE_TYPE_CODE":"001","REPORT_TYPE":"2023年年报","PER_NETCASH_OPERATE":-0.7380195236,"PER_OI":24.609379149079,"BPS":29.442908649675,"BASIC_EPS":-1.1150565,"DILUTED_EPS":-1.1150565,"OPERATE_INCOME":7430271455.85,"OPERATE_INCOME_YOY":14.8844974603,"GROSS_PROFIT":774825565.35,"GROSS_PROFIT_YOY":4.588764440043,"HOLDER_PROFIT":-335777054.5,"HOLDER_PROFIT_YOY":-243.8028015903,"GROSS_PROFIT_RATIO":10.427957712635,"EPS_TTM":0.5700352616,"OPERATE_INCOME_QOQ":0,"NET_PROFIT_RATIO":-3.9379678917,"ROE_AVG":-3.665148023433,"GROSS_PROFIT_QOQ":0,"ROA":-1.82081394498,"HOLDER_PROFIT_QOQ":0,"ROE_YEARLY":-3.665148023433,"ROIC_YEARLY":-2.144424087755,"TOTAL_ASSETS":18461487335.25,"TOTAL_LIABILITIES":9085642634.45,"TAX_EBT":-100.161238310223,"OCF_SALES":-2.998935971236,"TOTAL_PARENT_EQUITY":8870219157.95,"DEBT_ASSET_RATIO":49.2140338937,"OPERATE_PROFIT":-140051096.4,"PRETAX_PROFIT":-146183000.6,"NETCASH_OPERATE":-222829083.45,"NETCASH_INVEST":216721656.1,"NETCASH_FINANCE":339516573.25,"END_CASH":2132913615.55,"DIVI_RATIO":0.349206818261,"DIVIDEND_RATE":5.432098765432,"CURRENT_RATIO":1.807474530062,"COMMON_ACS":540000000,"CURRENTDEBT_DEBT":48.674849352224,"ISSUED_COMMON_SHARES":301268440,"HK_COMMON_SHARES":301268440,"PER_SHARES":2000,"TOTAL_MARKET_CAP":1220137182,"HKSK_MARKET_CAP":1220137182,"PE_TTM":-3.499424042355,"PB_TTM":0.122898365212,"REPORT_DATE_SQ":"2022-12-31 00:00:00","REPORT_TYPE_SQ":"2022年年报","OPERATE_INCOME_SQ":6245439313.82,"DPS_HKD":0.22,"OPERATE_INCOME_QOQ_SQ":0,"NET_PROFIT_RATIO_SQ":3.788352536,"HOLDER_PROFIT_SQ":225477602.88,"HOLDER_PROFIT_QOQ_SQ":0,"ROE_AVG_SQ":2.230161202491,"PE_TTM_SQ":7.343281327464,"PB_TTM_SQ":0.14206067821,"ROA_SQ":1.154023885375,"START_DATE":"2023-04-01 00:00:00","FISCAL_YEAR":"3-31","CURRENCY":"HKD","IS_CNY_CODE":0,"DPS_HKD_LY":0.34,"ORG_TYPE":"一般企业","PREMIUM_INCOME":null,"PREMIUM_INCOME_YOY":null,"NET_INTEREST_INCOME":null,"NET_INTEREST_INCOME_YOY":null,"FEE_COMMISSION_INCOME":null,"FEE_COMMISSION_INCOME_YOY":null,"ACCOUNTS_RECE_TDAYS":4.437418468691,"INVENTORY_TDAYS":2.401237527744,"CURRENT_ASSETS_TDAYS":0.948348753736,"TOTAL_ASSETS_TDAYS":0.402920381261,"PREMIUM_EXPENSE":null,"LOAN_DEPOSIT":null,"LOAN_EQUITY":null,"LOAN_ASSETS":null,"DEPOSIT_EQUITY":null,"DEPOSIT_ASSETS":null,"EQUITY_MULTIPLIER":1.969047901751,"EQUITY_RATIO":1.024286150394},{"SECUCODE":"00025.HK","SECURITY_CODE":"00025","SECURITY_NAME_ABBR":"CHEVALIER INT\u0027L","ORG_CODE":"10007318","STD_REPORT_DATE":"2023-06-30 00:00:00","REPORT_DATE":"2023-09-30 00:00:00","DATE_TYPE_CODE":"002","REPORT_TYPE":"2023年中报","PER_NETCASH_OPERATE":-1.359247030257,"PER_OI":11.933716264589,"BPS":31.008418561765,"BASIC_EPS":0.1743497,"DILUTED_EPS":0.1743497,"OPERATE_INCOME":3603128335.17,"OPERATE_INCOME_YOY":17.5899880061,"GROSS_PROFIT":428002819.86,"GROSS_PROFIT_YOY":16.508879637992,"HOLDER_PROFIT":53769447.48,"HOLDER_PROFIT_YOY":-38.6666945791,"GROSS_PROFIT_RATIO":11.878644889839,"EPS_TTM":0.67813384549,"OPERATE_INCOME_QOQ":0,"NET_PROFIT_RATIO":1.7437405117,"ROE_AVG":0.568691897994,"GROSS_PROFIT_QOQ":0,"ROA":0.286407688215,"HOLDER_PROFIT_QOQ":0,"ROE_YEARLY":1.137383795988,"ROIC_YEARLY":0.676515780938,"TOTAL_ASSETS":18901753838.24,"TOTAL_LIABILITIES":9064304176.13,"TAX_EBT":47.232497919171,"OCF_SALES":-11.389972747131,"TOTAL_PARENT_EQUITY":9341857886.97,"DEBT_ASSET_RATIO":47.9548313543,"OPERATE_PROFIT":121027138.33,"PRETAX_PROFIT":119067998.28,"NETCASH_OPERATE":-410395335.42,"NETCASH_INVEST":342480621.49,"NETCASH_FINANCE":432512971.31,"END_CASH":2180701813.5,"DIVI_RATIO":0.293541166429,"DIVIDEND_RATE":5.432098765432,"CURRENT_RATIO":1.579494956601,"COMMON_ACS":540000000,"CURRENTDEBT_DEBT":57.989566864626,"ISSUED_COMMON_SHARES":301268440,"HK_COMMON_SHARES":301268440,"PER_SHARES":2000,"TOTAL_MARKET_CAP":1220137182,"HKSK_MARKET_CAP":1220137182,"PE_TTM":-3.499424042355,"PB_TTM":0.122898365212,"REPORT_DATE_SQ":"2022-06-30 00:00:00","REPORT_TYPE_SQ":"2022年中报","OPERATE_INCOME_SQ":3020101525.8,"DPS_HKD":0.22,"OPERATE_INCOME_QOQ_SQ":0,"NET_PROFIT_RATIO_SQ":2.5511998379,"HOLDER_PROFIT_SQ":86407484.28,"HOLDER_PROFIT_QOQ_SQ":0,"ROE_AVG_SQ":0.828992710486,"PE_TTM_SQ":7.343281327464,"PB_TTM_SQ":0.14206067821,"ROA_SQ":0.429755114079,"START_DATE":"2023-04-01 00:00:00","FISCAL_YEAR":"3-31","CURRENCY":"HKD","IS_CNY_CODE":0,"DPS_HKD_LY":0.34,"ORG_TYPE":"一般企业","PREMIUM_INCOME":null,"PREMIUM_INCOME_YOY":null,"NET_INTEREST_INCOME":null,"NET_INTEREST_INCOME_YOY":null,"FEE_COMMISSION_INCOME":null,"FEE_COMMISSION_INCOME_YOY":null,"ACCOUNTS_RECE_TDAYS":null,"INVENTORY_TDAYS":1.080871947985,"CURRENT_ASSETS_TDAYS":0.448353844467,"TOTAL_ASSETS_TDAYS":0.191923797841,"PREMIUM_EXPENSE":null,"LOAN_DEPOSIT":null,"LOAN_EQUITY":null,"LOAN_ASSETS":null,"DEPOSIT_EQUITY":null,"DEPOSIT_ASSETS":null,"EQUITY_MULTIPLIER":1.921407934726,"EQUITY_RATIO":0.970289238586},{"SECUCODE":"00025.HK","SECURITY_CODE":"00025","SECURITY_NAME_ABBR":"CHEVALIER INT\u0027L","ORG_CODE":"10007318","STD_REPORT_DATE":"2022-12-31 00:00:00","REPORT_DATE":"2023-03-31 00:00:00","DATE_TYPE_CODE":"001","REPORT_TYPE":"2022年年报","PER_NETCASH_OPERATE":-0.020458135577,"PER_OI":20.685164053509,"BPS":30.177962635283,"BASIC_EPS":0.7440985,"DILUTED_EPS":0.7440985,"OPERATE_INCOME":6245439313.82,"OPERATE_INCOME_YOY":-17.7704893882,"GROSS_PROFIT":740830594.47,"GROSS_PROFIT_YOY":-11.900335417457,"HOLDER_PROFIT":225477602.88,"HOLDER_PROFIT_YOY":-63.7114579309,"GROSS_PROFIT_RATIO":11.427085322755,"EPS_TTM":1.430059997561,"OPERATE_INCOME_QOQ":0,"NET_PROFIT_RATIO":3.788352536,"ROE_AVG":2.230161202491,"GROSS_PROFIT_QOQ":0,"ROA":1.154023885375,"HOLDER_PROFIT_QOQ":0,"ROE_YEARLY":2.230161202491,"ROIC_YEARLY":1.370952664918,"TOTAL_ASSETS":17621293342.49,"TOTAL_LIABILITIES":7962227750.07,"TAX_EBT":34.446811322488,"OCF_SALES":-0.09937955384,"TOTAL_PARENT_EQUITY":9127788892.93,"DEBT_ASSET_RATIO":45.9015815784,"OPERATE_PROFIT":356023119.13,"PRETAX_PROFIT":390817164.99,"NETCASH_OPERATE":-6176892.96,"NETCASH_INVEST":-241885412.51,"NETCASH_FINANCE":-138962583.4,"END_CASH":1757108070.03,"DIVI_RATIO":0.139197096863,"DIVIDEND_RATE":5.432098765432,"CURRENT_RATIO":1.594811437844,"COMMON_ACS":540000000,"CURRENTDEBT_DEBT":50.161152412086,"ISSUED_COMMON_SHARES":301268440,"HK_COMMON_SHARES":301268440,"PER_SHARES":2000,"TOTAL_MARKET_CAP":1220137182,"HKSK_MARKET_CAP":1220137182,"PE_TTM":-3.499424042355,"PB_TTM":0.122898365212,"REPORT_DATE_SQ":"2021-12-31 00:00:00","REPORT_TYPE_SQ":"2021年年报","OPERATE_INCOME_SQ":7002611507.33,"DPS_HKD":0.22,"OPERATE_INCOME_QOQ_SQ":0,"NET_PROFIT_RATIO_SQ":8.0222291377,"HOLDER_PROFIT_SQ":522714598.23,"HOLDER_PROFIT_QOQ_SQ":0,"ROE_AVG_SQ":6.282238882747,"PE_TTM_SQ":7.343281327464,"PB_TTM_SQ":0.14206067821,"ROA_SQ":3.31989762821,"START_DATE":"2022-04-01 00:00:00","FISCAL_YEAR":"3-31","CURRENCY":"HKD","IS_CNY_CODE":0,"DPS_HKD_LY":0.45,"ORG_TYPE":"一般企业","PREMIUM_INCOME":null,"PREMIUM_INCOME_YOY":null,"NET_INTEREST_INCOME":null,"NET_INTEREST_INCOME_YOY":null,"FEE_COMMISSION_INCOME":null,"FEE_COMMISSION_INCOME_YOY":null,"ACCOUNTS_RECE_TDAYS":4.203346391397,"INVENTORY_TDAYS":2.06955852684,"CURRENT_ASSETS_TDAYS":0.851689088017,"TOTAL_ASSETS_TDAYS":0.350322786779,"PREMIUM_EXPENSE":null,"LOAN_DEPOSIT":null,"LOAN_EQUITY":null,"LOAN_ASSETS":null,"DEPOSIT_EQUITY":null,"DEPOSIT_ASSETS":null,"EQUITY_MULTIPLIER":1.848482874687,"EQUITY_RATIO":0.872306299309},{"SECUCODE":"00025.HK","SECURITY_CODE":"00025","SECURITY_NAME_ABBR":"CHEVALIER INT\u0027L","ORG_CODE":"10007318","STD_REPORT_DATE":"2022-06-30 00:00:00","REPORT_DATE":"2022-09-30 00:00:00","DATE_TYPE_CODE":"002","REPORT_TYPE":"2022年中报","PER_NETCASH_OPERATE":-1.17142554918,"PER_OI":10.00270635585,"BPS":30.174462569793,"BASIC_EPS":0.2894208,"DILUTED_EPS":0.2894208,"OPERATE_INCOME":3020101525.8,"OPERATE_INCOME_YOY":-21.1929410477,"GROSS_PROFIT":367356394.8,"GROSS_PROFIT_YOY":-18.806226963078,"HOLDER_PROFIT":86407484.28,"HOLDER_PROFIT_YOY":-57.6563868803,"GROSS_PROFIT_RATIO":11.766990314608,"EPS_TTM":1.731253267264,"OPERATE_INCOME_QOQ":0,"NET_PROFIT_RATIO":2.5511998379,"ROE_AVG":0.828992710486,"GROSS_PROFIT_QOQ":0,"ROA":0.429755114079,"HOLDER_PROFIT_QOQ":0,"ROE_YEARLY":1.657985420972,"ROIC_YEARLY":1.010568212513,"TOTAL_ASSETS":17727329700.72,"TOTAL_LIABILITIES":8109528307.32,"TAX_EBT":30.025081144881,"OCF_SALES":-11.754486053842,"TOTAL_PARENT_EQUITY":9090613266.24,"DEBT_ASSET_RATIO":45.745910096,"OPERATE_PROFIT":119916081.84,"PRETAX_PROFIT":122605886.4,"NETCASH_OPERATE":-353686688.64,"NETCASH_INVEST":31957482.96,"NETCASH_FINANCE":-37518884.52,"END_CASH":1833628191.72,"DIVI_RATIO":0.114980403944,"DIVIDEND_RATE":5.432098765432,"CURRENT_RATIO":1.209650067938,"COMMON_ACS":540000000,"CURRENTDEBT_DEBT":73.265217195888,"ISSUED_COMMON_SHARES":301268440,"HK_COMMON_SHARES":301268440,"PER_SHARES":2000,"TOTAL_MARKET_CAP":1220137182,"HKSK_MARKET_CAP":1220137182,"PE_TTM":-3.499424042355,"PB_TTM":0.122898365212,"REPORT_DATE_SQ":"2021-06-30 00:00:00","REPORT_TYPE_SQ":"2021年中报","OPERATE_INCOME_SQ":3516790280.98,"DPS_HKD":0.22,"OPERATE_INCOME_QOQ_SQ":0,"NET_PROFIT_RATIO_SQ":4.7191861345,"HOLDER_PROFIT_SQ":168317273.82,"HOLDER_PROFIT_QOQ_SQ":0,"ROE_AVG_SQ":2.018980295389,"PE_TTM_SQ":7.343281327464,"PB_TTM_SQ":0.14206067821,"ROA_SQ":1.062417689998,"START_DATE":"2022-04-01 00:00:00","FISCAL_YEAR":"3-31","CURRENCY":"HKD","IS_CNY_CODE":0,"DPS_HKD_LY":0.45,"ORG_TYPE":"一般企业","PREMIUM_INCOME":null,"PREMIUM_INCOME_YOY":null,"NET_INTEREST_INCOME":null,"NET_INTEREST_INCOME_YOY":null,"FEE_COMMISSION_INCOME":null,"FEE_COMMISSION_INCOME_YOY":null,"ACCOUNTS_RECE_TDAYS":null,"INVENTORY_TDAYS":0.974822567086,"CURRENT_ASSETS_TDAYS":0.411957170083,"TOTAL_ASSETS_TDAYS":0.167115234513,"PREMIUM_EXPENSE":null,"LOAN_DEPOSIT":null,"LOAN_EQUITY":null,"LOAN_ASSETS":null,"DEPOSIT_EQUITY":null,"DEPOSIT_ASSETS":null,"EQUITY_MULTIPLIER":1.843179015203,"EQUITY_RATIO":0.892077142632},{"SECUCODE":"00025.HK","SECURITY_CODE":"00025","SECURITY_NAME_ABBR":"CHEVALIER INT\u0027L","ORG_CODE":"10007318","STD_REPORT_DATE":"2021-12-31 00:00:00","REPORT_DATE":"2022-03-31 00:00:00","DATE_TYPE_CODE":"001","REPORT_TYPE":"2021年年报","PER_NETCASH_OPERATE":0.920085969245,"PER_OI":23.192950976496,"BPS":28.506434390373,"BASIC_EPS":1.7274513,"DILUTED_EPS":1.7274513,"OPERATE_INCOME":7002611507.33,"OPERATE_INCOME_YOY":17.4296650757,"GROSS_PROFIT":840900584.56,"GROSS_PROFIT_YOY":12.506254005114,"HOLDER_PROFIT":522714598.23,"HOLDER_PROFIT_YOY":0.6199340569,"GROSS_PROFIT_RATIO":12.008385495608,"EPS_TTM":1.496308189782,"OPERATE_INCOME_QOQ":0,"NET_PROFIT_RATIO":8.0222291377,"ROE_AVG":6.282238882747,"GROSS_PROFIT_QOQ":0,"ROA":3.31989762821,"HOLDER_PROFIT_QOQ":0,"ROE_YEARLY":6.282238882747,"ROIC_YEARLY":4.01550871814,"TOTAL_ASSETS":16394481993.95,"TOTAL_LIABILITIES":7289602805.02,"TAX_EBT":18.464816253502,"OCF_SALES":3.967093149023,"TOTAL_PARENT_EQUITY":8588089018.75,"DEBT_ASSET_RATIO":44.4637580358,"OPERATE_PROFIT":554966032.9,"PRETAX_PROFIT":688985435.4,"NETCASH_OPERATE":277800121.36,"NETCASH_INVEST":-626389250.57,"NETCASH_FINANCE":285173824.28,"END_CASH":2026593149.51,"DIVI_RATIO":0.13303422474,"DIVIDEND_RATE":5.432098765432,"CURRENT_RATIO":1.295667857894,"COMMON_ACS":540000000,"CURRENTDEBT_DEBT":70.454764426028,"ISSUED_COMMON_SHARES":301268440,"HK_COMMON_SHARES":301268440,"PER_SHARES":2000,"TOTAL_MARKET_CAP":1220137182,"HKSK_MARKET_CAP":1220137182,"PE_TTM":-3.499424042355,"PB_TTM":0.122898365212,"REPORT_DATE_SQ":"2020-12-31 00:00:00","REPORT_TYPE_SQ":"2020年年报","OPERATE_INCOME_SQ":6214485988.9,"DPS_HKD":0.22,"OPERATE_INCOME_QOQ_SQ":0,"NET_PROFIT_RATIO_SQ":9.3148035695,"HOLDER_PROFIT_SQ":541381739.36,"HOLDER_PROFIT_QOQ_SQ":0,"ROE_AVG_SQ":6.742092328222,"PE_TTM_SQ":7.343281327464,"PB_TTM_SQ":0.14206067821,"ROA_SQ":3.593337153013,"START_DATE":"2021-04-01 00:00:00","FISCAL_YEAR":"3-31","CURRENCY":"HKD","IS_CNY_CODE":0,"DPS_HKD_LY":0.54,"ORG_TYPE":"一般企业","PREMIUM_INCOME":null,"PREMIUM_INCOME_YOY":null,"NET_INTEREST_INCOME":null,"NET_INTEREST_INCOME_YOY":null,"FEE_COMMISSION_INCOME":null,"FEE_COMMISSION_INCOME_YOY":null,"ACCOUNTS_RECE_TDAYS":null,"INVENTORY_TDAYS":2.695213707262,"CURRENT_ASSETS_TDAYS":1.067554090899,"TOTAL_ASSETS_TDAYS":0.44475423899,"PREMIUM_EXPENSE":null,"LOAN_DEPOSIT":null,"LOAN_EQUITY":null,"LOAN_ASSETS":null,"DEPOSIT_EQUITY":null,"DEPOSIT_ASSETS":null,"EQUITY_MULTIPLIER":1.800625977978,"EQUITY_RATIO":0.848803824588},{"SECUCODE":"00025.HK","SECURITY_CODE":"00025","SECURITY_NAME_ABBR":"CHEVALIER INT\u0027L","ORG_CODE":"10007318","STD_REPORT_DATE":"2021-06-30 00:00:00","REPORT_DATE":"2021-09-30 00:00:00","DATE_TYPE_CODE":"002","REPORT_TYPE":"2021年中报","PER_NETCASH_OPERATE":0.109680959899,"PER_OI":11.647760909771,"BPS":27.887446608148,"BASIC_EPS":0.5581502,"DILUTED_EPS":0.5581502,"OPERATE_INCOME":3516790280.98,"OPERATE_INCOME_YOY":30.7973541434,"GROSS_PROFIT":452444049.66,"GROSS_PROFIT_YOY":17.682394441679,"HOLDER_PROFIT":168317273.82,"HOLDER_PROFIT_YOY":-31.1639110245,"GROSS_PROFIT_RATIO":12.865255346814,"EPS_TTM":1.793079642845,"OPERATE_INCOME_QOQ":0,"NET_PROFIT_RATIO":4.7191861345,"ROE_AVG":2.018980295389,"GROSS_PROFIT_QOQ":0,"ROA":1.062417689998,"HOLDER_PROFIT_QOQ":0,"ROE_YEARLY":4.037960590778,"ROIC_YEARLY":2.59844355357,"TOTAL_ASSETS":16179969562.04,"TOTAL_LIABILITIES":7280488716.18,"TAX_EBT":31.195043274644,"OCF_SALES":0.941648448561,"TOTAL_PARENT_EQUITY":8401607535.22,"DEBT_ASSET_RATIO":44.9969246744,"OPERATE_PROFIT":198158316.08,"PRETAX_PROFIT":241209190.76,"NETCASH_OPERATE":33115801.12,"NETCASH_INVEST":-76029220.9,"NETCASH_FINANCE":174408608.54,"END_CASH":2264501166.58,"DIVI_RATIO":0.111015816165,"DIVIDEND_RATE":5.432098765432,"CURRENT_RATIO":1.560819661719,"COMMON_ACS":540000000,"CURRENTDEBT_DEBT":61.250286488182,"ISSUED_COMMON_SHARES":301268440,"HK_COMMON_SHARES":301268440,"PER_SHARES":2000,"TOTAL_MARKET_CAP":1220137182,"HKSK_MARKET_CAP":1220137182,"PE_TTM":-3.499424042355,"PB_TTM":0.122898365212,"REPORT_DATE_SQ":"2020-06-30 00:00:00","REPORT_TYPE_SQ":"2020年中报","OPERATE_INCOME_SQ":2836101312.64,"DPS_HKD":0.22,"OPERATE_INCOME_QOQ_SQ":0,"NET_PROFIT_RATIO_SQ":9.7329325737,"HOLDER_PROFIT_SQ":257921015.68,"HOLDER_PROFIT_QOQ_SQ":0,"ROE_AVG_SQ":3.168121542647,"PE_TTM_SQ":7.343281327464,"PB_TTM_SQ":0.14206067821,"ROA_SQ":1.693566522636,"START_DATE":"2021-04-01 00:00:00","FISCAL_YEAR":"3-31","CURRENCY":"HKD","IS_CNY_CODE":0,"DPS_HKD_LY":0.54,"ORG_TYPE":"一般企业","PREMIUM_INCOME":null,"PREMIUM_INCOME_YOY":null,"NET_INTEREST_INCOME":null,"NET_INTEREST_INCOME_YOY":null,"FEE_COMMISSION_INCOME":null,"FEE_COMMISSION_INCOME_YOY":null,"ACCOUNTS_RECE_TDAYS":2.321726715405,"INVENTORY_TDAYS":1.34439867995,"CURRENT_ASSETS_TDAYS":0.517153998167,"TOTAL_ASSETS_TDAYS":0.221979605642,"PREMIUM_EXPENSE":null,"LOAN_DEPOSIT":null,"LOAN_EQUITY":null,"LOAN_ASSETS":null,"DEPOSIT_EQUITY":null,"DEPOSIT_ASSETS":null,"EQUITY_MULTIPLIER":1.81808016021,"EQUITY_RATIO":0.866559010958},{"SECUCODE":"00025.HK","SECURITY_CODE":"00025","SECURITY_NAME_ABBR":"CHEVALIER INT\u0027L","ORG_CODE":"10007318","STD_REPORT_DATE":"2020-12-31 00:00:00","REPORT_DATE":"2021-03-31 00:00:00","DATE_TYPE_CODE":"001","REPORT_TYPE":"2020年年报","PER_NETCASH_OPERATE":0.888587088053,"PER_OI":20.582645307941,"BPS":27.856325453805,"BASIC_EPS":1.7917816,"DILUTED_EPS":1.7917816,"OPERATE_INCOME":6214485988.9,"OPERATE_INCOME_YOY":15.2257186745,"GROSS_PROFIT":747425636.02,"GROSS_PROFIT_YOY":-3.074540179361,"HOLDER_PROFIT":541381739.36,"HOLDER_PROFIT_YOY":20.160350866,"GROSS_PROFIT_RATIO":12.027151358214,"EPS_TTM":1.227959454267,"OPERATE_INCOME_QOQ":0,"NET_PROFIT_RATIO":9.3148035695,"ROE_AVG":6.742092328222,"GROSS_PROFIT_QOQ":0,"ROA":3.593337153013,"HOLDER_PROFIT_QOQ":0,"ROE_YEARLY":6.742092328222,"ROIC_YEARLY":4.449105651291,"TOTAL_ASSETS":15731326043.02,"TOTAL_LIABILITIES":6798428457.52,"TAX_EBT":13.392091652862,"OCF_SALES":4.317166597193,"TOTAL_PARENT_EQUITY":8392231713.6,"DEBT_ASSET_RATIO":43.2158639324,"OPERATE_PROFIT":425881976.1,"PRETAX_PROFIT":668376795.8,"NETCASH_OPERATE":268289713.3,"NETCASH_INVEST":-224763788.48,"NETCASH_FINANCE":-291451026.02,"END_CASH":2159079924.4,"DIVI_RATIO":0.162106492448,"DIVIDEND_RATE":5.432098765432,"CURRENT_RATIO":1.522926884256,"COMMON_ACS":540000000,"CURRENTDEBT_DEBT":65.069412777401,"ISSUED_COMMON_SHARES":301268440,"HK_COMMON_SHARES":301268440,"PER_SHARES":2000,"TOTAL_MARKET_CAP":1220137182,"HKSK_MARKET_CAP":1220137182,"PE_TTM":-3.499424042355,"PB_TTM":0.122898365212,"REPORT_DATE_SQ":"2019-12-31 00:00:00","REPORT_TYPE_SQ":"2019年年报","OPERATE_INCOME_SQ":5830559089.4,"DPS_HKD":0.22,"OPERATE_INCOME_QOQ_SQ":0,"NET_PROFIT_RATIO_SQ":8.892284943,"HOLDER_PROFIT_SQ":487076109.7,"HOLDER_PROFIT_QOQ_SQ":0,"ROE_AVG_SQ":5.892499882417,"PE_TTM_SQ":7.343281327464,"PB_TTM_SQ":0.14206067821,"ROA_SQ":3.12359142964,"START_DATE":"2020-04-01 00:00:00","FISCAL_YEAR":"3-31","CURRENCY":"HKD","IS_CNY_CODE":0,"DPS_HKD_LY":0.48,"ORG_TYPE":"一般企业","PREMIUM_INCOME":null,"PREMIUM_INCOME_YOY":null,"NET_INTEREST_INCOME":null,"NET_INTEREST_INCOME_YOY":null,"FEE_COMMISSION_INCOME":null,"FEE_COMMISSION_INCOME_YOY":null,"ACCOUNTS_RECE_TDAYS":4.881788736476,"INVENTORY_TDAYS":2.474961001812,"CURRENT_ASSETS_TDAYS":0.966153159648,"TOTAL_ASSETS_TDAYS":0.412476848909,"PREMIUM_EXPENSE":null,"LOAN_DEPOSIT":null,"LOAN_EQUITY":null,"LOAN_ASSETS":null,"DEPOSIT_EQUITY":null,"DEPOSIT_ASSETS":null,"EQUITY_MULTIPLIER":1.761055233471,"EQUITY_RATIO":0.81008588532},{"SECUCODE":"00025.HK","SECURITY_CODE":"00025","SECURITY_NAME_ABBR":"CHEVALIER INT\u0027L","ORG_CODE":"10007318","STD_REPORT_DATE":"2020-06-30 00:00:00","REPORT_DATE":"2020-09-30 00:00:00","DATE_TYPE_CODE":"002","REPORT_TYPE":"2020年中报","PER_NETCASH_OPERATE":0.159825247068,"PER_OI":9.393289723353,"BPS":27.58492737706,"BASIC_EPS":0.8523584,"DILUTED_EPS":0.8523584,"OPERATE_INCOME":2836101312.64,"OPERATE_INCOME_YOY":3.4869325799,"GROSS_PROFIT":384461968,"GROSS_PROFIT_YOY":-3.661818026996,"HOLDER_PROFIT":257921015.68,"HOLDER_PROFIT_YOY":-29.2549717159,"GROSS_PROFIT_RATIO":13.556002611279,"EPS_TTM":1.613217057989,"OPERATE_INCOME_QOQ":0,"NET_PROFIT_RATIO":9.7329325737,"ROE_AVG":3.168121542647,"GROSS_PROFIT_QOQ":0,"ROA":1.693566522636,"HOLDER_PROFIT_QOQ":0,"ROE_YEARLY":6.336243085294,"ROIC_YEARLY":4.197636233081,"TOTAL_ASSETS":15486215943.04,"TOTAL_LIABILITIES":6624515425.28,"TAX_EBT":16.171694664229,"OCF_SALES":1.701483205305,"TOTAL_PARENT_EQUITY":8310468038.4,"DEBT_ASSET_RATIO":42.7768503916,"OPERATE_PROFIT":236996056.32,"PRETAX_PROFIT":329287139.2,"NETCASH_OPERATE":48255787.52,"NETCASH_INVEST":-113196710.4,"NETCASH_FINANCE":-174717655.04,"END_CASH":2233158797.44,"DIVI_RATIO":0.123393314628,"DIVIDEND_RATE":5.432098765432,"CURRENT_RATIO":1.623256397238,"COMMON_ACS":540000000,"CURRENTDEBT_DEBT":60.925629779923,"ISSUED_COMMON_SHARES":301268440,"HK_COMMON_SHARES":301268440,"PER_SHARES":2000,"TOTAL_MARKET_CAP":1220137182,"HKSK_MARKET_CAP":1220137182,"PE_TTM":-3.499424042355,"PB_TTM":0.122898365212,"REPORT_DATE_SQ":"2019-06-30 00:00:00","REPORT_TYPE_SQ":"2019年中报","OPERATE_INCOME_SQ":2813177061.87,"DPS_HKD":0.22,"OPERATE_INCOME_QOQ_SQ":0,"NET_PROFIT_RATIO_SQ":13.7745860811,"HOLDER_PROFIT_SQ":374241242.97,"HOLDER_PROFIT_QOQ_SQ":0,"ROE_AVG_SQ":4.575025922853,"PE_TTM_SQ":7.343281327464,"PB_TTM_SQ":0.14206067821,"ROA_SQ":2.446016644294,"START_DATE":"2020-04-01 00:00:00","FISCAL_YEAR":"3-31","CURRENCY":"HKD","IS_CNY_CODE":0,"DPS_HKD_LY":0.48,"ORG_TYPE":"一般企业","PREMIUM_INCOME":null,"PREMIUM_INCOME_YOY":null,"NET_INTEREST_INCOME":null,"NET_INTEREST_INCOME_YOY":null,"FEE_COMMISSION_INCOME":null,"FEE_COMMISSION_INCOME_YOY":null,"ACCOUNTS_RECE_TDAYS":2.265207686107,"INVENTORY_TDAYS":1.07653286141,"CURRENT_ASSETS_TDAYS":0.438953937497,"TOTAL_ASSETS_TDAYS":0.186224694612,"PREMIUM_EXPENSE":null,"LOAN_DEPOSIT":null,"LOAN_EQUITY":null,"LOAN_ASSETS":null,"DEPOSIT_EQUITY":null,"DEPOSIT_ASSETS":null,"EQUITY_MULTIPLIER":1.747544493519,"EQUITY_RATIO":0.797129041911}],"count":48},"success":true,"message":"ok","code":0}