{"version":"ff0e798ae5ca026818fd792e471a64df","result":{"pages":6,"data":[{"SECUCODE":"00028.HK","SECURITY_CODE":"00028","SECURITY_NAME_ABBR":"天安","ORG_CODE":"10007321","STD_REPORT_DATE":"2024-06-30 00:00:00","REPORT_DATE":"2024-06-30 00:00:00","DATE_TYPE_CODE":"002","REPORT_TYPE":"2024年中报","PER_NETCASH_OPERATE":-0.012724621387,"PER_OI":0.964544977193,"BPS":16.792469314812,"BASIC_EPS":0.048554576,"DILUTED_EPS":null,"OPERATE_INCOME":1414089963.76,"OPERATE_INCOME_YOY":37.2132648706,"GROSS_PROFIT":494777518.2,"GROSS_PROFIT_YOY":30.800110462064,"HOLDER_PROFIT":71240150.08,"HOLDER_PROFIT_YOY":-86.477299895,"GROSS_PROFIT_RATIO":34.989111787797,"EPS_TTM":0.438081588808,"OPERATE_INCOME_QOQ":14.795253251143,"NET_PROFIT_RATIO":8.6585490215,"ROE_AVG":0.288072880047,"GROSS_PROFIT_QOQ":14.287989126838,"ROA":0.144907452886,"HOLDER_PROFIT_QOQ":-41.782531096399,"ROE_YEARLY":0.576145760094,"ROIC_YEARLY":0.350151704294,"TOTAL_ASSETS":49528346235.8,"TOTAL_LIABILITIES":23280332954.16,"TAX_EBT":42.177492349468,"OCF_SALES":-1.319235669448,"TOTAL_PARENT_EQUITY":24618926941,"DEBT_ASSET_RATIO":47.004058733,"OPERATE_PROFIT":163962962,"PRETAX_PROFIT":211750886.8,"NETCASH_OPERATE":-18655179.2,"NETCASH_INVEST":-354420111.72,"NETCASH_FINANCE":-563752396.52,"END_CASH":6398643411.72,"DIVI_RATIO":0.413722020351,"DIVIDEND_RATE":4.237288135593,"CURRENT_RATIO":1.144775576596,"COMMON_ACS":null,"CURRENTDEBT_DEBT":67.168731497226,"ISSUED_COMMON_SHARES":1466069491,"HK_COMMON_SHARES":1466069491,"PER_SHARES":1000,"TOTAL_MARKET_CAP":6919847997.52,"HKSK_MARKET_CAP":6919847997.52,"PE_TTM":9.634933803655,"PB_TTM":0.256534611988,"REPORT_DATE_SQ":"2023-06-30 00:00:00","REPORT_TYPE_SQ":"2023年中报","OPERATE_INCOME_SQ":1041079532.44,"DPS_HKD":0.2,"OPERATE_INCOME_QOQ_SQ":5.738007380096,"NET_PROFIT_RATIO_SQ":51.4738154658,"HOLDER_PROFIT_SQ":532187139.56,"HOLDER_PROFIT_QOQ_SQ":12.655333171253,"ROE_AVG_SQ":2.17112720011,"PE_TTM_SQ":2.870322669242,"PB_TTM_SQ":0.184024444152,"ROA_SQ":1.169612908646,"START_DATE":"2024-01-01 00:00:00","FISCAL_YEAR":"12-31","CURRENCY":"HKD","IS_CNY_CODE":0,"DPS_HKD_LY":0.2,"ORG_TYPE":"一般企业","PREMIUM_INCOME":null,"PREMIUM_INCOME_YOY":null,"NET_INTEREST_INCOME":null,"NET_INTEREST_INCOME_YOY":null,"FEE_COMMISSION_INCOME":null,"FEE_COMMISSION_INCOME_YOY":null,"ACCOUNTS_RECE_TDAYS":null,"INVENTORY_TDAYS":0.129982153806,"CURRENT_ASSETS_TDAYS":0.081453681749,"TOTAL_ASSETS_TDAYS":0.028763579887,"PREMIUM_EXPENSE":null,"LOAN_DEPOSIT":null,"LOAN_EQUITY":null,"LOAN_ASSETS":null,"DEPOSIT_EQUITY":null,"DEPOSIT_ASSETS":null,"EQUITY_MULTIPLIER":1.886936954213,"EQUITY_RATIO":0.945627443875},{"SECUCODE":"00028.HK","SECURITY_CODE":"00028","SECURITY_NAME_ABBR":"天安","ORG_CODE":"10007321","STD_REPORT_DATE":"2023-12-31 00:00:00","REPORT_DATE":"2023-12-31 00:00:00","DATE_TYPE_CODE":"001","REPORT_TYPE":"2023年年报","PER_NETCASH_OPERATE":1.208518133647,"PER_OI":1.719665654648,"BPS":16.827945716456,"BASIC_EPS":0.7521626,"DILUTED_EPS":null,"OPERATE_INCOME":2521149351,"OPERATE_INCOME_YOY":-45.310864405,"GROSS_PROFIT":815423099.54,"GROSS_PROFIT_YOY":-59.134451185634,"HOLDER_PROFIT":1103205041.4,"HOLDER_PROFIT_YOY":-20.3582723063,"GROSS_PROFIT_RATIO":32.343307992308,"EPS_TTM":0.752491643931,"OPERATE_INCOME_QOQ":-47.528819975915,"NET_PROFIT_RATIO":47.0788447368,"ROE_AVG":4.499909289884,"GROSS_PROFIT_QOQ":-57.543779313123,"ROA":2.37041820424,"HOLDER_PROFIT_QOQ":-28.28007768879,"ROE_YEARLY":4.499909289884,"ROIC_YEARLY":2.793254717895,"TOTAL_ASSETS":48444760414.54,"TOTAL_LIABILITIES":22212468978.84,"TAX_EBT":19.545723706842,"OCF_SALES":70.27634298449,"TOTAL_PARENT_EQUITY":24665058255.74,"DEBT_ASSET_RATIO":45.8481630525,"OPERATE_PROFIT":1280122747.12,"PRETAX_PROFIT":1475282661.44,"NETCASH_OPERATE":1771771565.06,"NETCASH_INVEST":320175681.98,"NETCASH_FINANCE":690451736.66,"END_CASH":7285828462.22,"DIVI_RATIO":0.240858488545,"DIVIDEND_RATE":5.181347150259,"CURRENT_RATIO":1.177857304461,"COMMON_ACS":null,"CURRENTDEBT_DEBT":63.835266292583,"ISSUED_COMMON_SHARES":1466069491,"HK_COMMON_SHARES":1466069491,"PER_SHARES":1000,"TOTAL_MARKET_CAP":5659028235.26,"HKSK_MARKET_CAP":5659028235.26,"PE_TTM":7.879416203836,"PB_TTM":0.209793136075,"REPORT_DATE_SQ":"2022-12-31 00:00:00","REPORT_TYPE_SQ":"2022年年报","OPERATE_INCOME_SQ":4544086821.75,"DPS_HKD":0.2,"OPERATE_INCOME_QOQ_SQ":85.248864226995,"NET_PROFIT_RATIO_SQ":30.4969210885,"HOLDER_PROFIT_SQ":1365415004.66,"HOLDER_PROFIT_QOQ_SQ":11.530068612104,"ROE_AVG_SQ":5.611675277945,"PE_TTM_SQ":2.957302144067,"PB_TTM_SQ":0.18960094246,"ROA_SQ":3.169943218382,"START_DATE":"2023-01-01 00:00:00","FISCAL_YEAR":"12-31","CURRENCY":"HKD","IS_CNY_CODE":0,"DPS_HKD_LY":0.25,"ORG_TYPE":"一般企业","PREMIUM_INCOME":null,"PREMIUM_INCOME_YOY":null,"NET_INTEREST_INCOME":null,"NET_INTEREST_INCOME_YOY":null,"FEE_COMMISSION_INCOME":null,"FEE_COMMISSION_INCOME_YOY":null,"ACCOUNTS_RECE_TDAYS":null,"INVENTORY_TDAYS":0.28478790428,"CURRENT_ASSETS_TDAYS":0.153417004574,"TOTAL_ASSETS_TDAYS":0.054171056993,"PREMIUM_EXPENSE":null,"LOAN_DEPOSIT":null,"LOAN_EQUITY":null,"LOAN_ASSETS":null,"DEPOSIT_EQUITY":null,"DEPOSIT_ASSETS":null,"EQUITY_MULTIPLIER":1.84665942352,"EQUITY_RATIO":0.900564221196},{"SECUCODE":"00028.HK","SECURITY_CODE":"00028","SECURITY_NAME_ABBR":"天安","ORG_CODE":"10007321","STD_REPORT_DATE":"2023-06-30 00:00:00","REPORT_DATE":"2023-06-30 00:00:00","DATE_TYPE_CODE":"002","REPORT_TYPE":"2023年中报","PER_NETCASH_OPERATE":0.62433262011,"PER_OI":0.710116088515,"BPS":16.533314441027,"BASIC_EPS":0.362983526,"DILUTED_EPS":null,"OPERATE_INCOME":1041079532.44,"OPERATE_INCOME_YOY":23.7489246281,"GROSS_PROFIT":378269954.4,"GROSS_PROFIT_YOY":-16.502082080919,"HOLDER_PROFIT":532187139.56,"HOLDER_PROFIT_YOY":37.35368654,"GROSS_PROFIT_RATIO":36.334395462894,"EPS_TTM":1.049208671289,"OPERATE_INCOME_QOQ":5.738007380096,"NET_PROFIT_RATIO":51.4738154658,"ROE_AVG":2.17112720011,"GROSS_PROFIT_QOQ":-3.746616742556,"ROA":1.169612908646,"HOLDER_PROFIT_QOQ":12.655333171253,"ROE_YEARLY":4.34225440022,"ROIC_YEARLY":2.700038816256,"TOTAL_ASSETS":45596369695.28,"TOTAL_LIABILITIES":20776270721.9,"TAX_EBT":16.18222615748,"OCF_SALES":87.919796524552,"TOTAL_PARENT_EQUITY":24238987887.1,"DEBT_ASSET_RATIO":45.5656247652,"OPERATE_PROFIT":363202957.24,"PRETAX_PROFIT":639343343.08,"NETCASH_OPERATE":915315006.58,"NETCASH_INVEST":-210076830.92,"NETCASH_FINANCE":1044661424.74,"END_CASH":6251781345.58,"DIVI_RATIO":0.172743520864,"DIVIDEND_RATE":5.181347150259,"CURRENT_RATIO":1.236953412393,"COMMON_ACS":null,"CURRENTDEBT_DEBT":65.666721619674,"ISSUED_COMMON_SHARES":1466069491,"HK_COMMON_SHARES":1466069491,"PER_SHARES":1000,"TOTAL_MARKET_CAP":5659028235.26,"HKSK_MARKET_CAP":5659028235.26,"PE_TTM":7.879416203836,"PB_TTM":0.209793136075,"REPORT_DATE_SQ":"2022-06-30 00:00:00","REPORT_TYPE_SQ":"2022年中报","OPERATE_INCOME_SQ":780339495.25,"DPS_HKD":0.2,"OPERATE_INCOME_QOQ_SQ":16.52709626957,"NET_PROFIT_RATIO_SQ":42.7519658073,"HOLDER_PROFIT_SQ":359389321.55,"HOLDER_PROFIT_QOQ_SQ":4.686361543353,"ROE_AVG_SQ":1.543435141338,"PE_TTM_SQ":2.957302144067,"PB_TTM_SQ":0.18960094246,"ROA_SQ":0.909386848171,"START_DATE":"2023-01-01 00:00:00","FISCAL_YEAR":"12-31","CURRENCY":"HKD","IS_CNY_CODE":0,"DPS_HKD_LY":0.25,"ORG_TYPE":"一般企业","PREMIUM_INCOME":null,"PREMIUM_INCOME_YOY":null,"NET_INTEREST_INCOME":null,"NET_INTEREST_INCOME_YOY":null,"FEE_COMMISSION_INCOME":null,"FEE_COMMISSION_INCOME_YOY":null,"ACCOUNTS_RECE_TDAYS":null,"INVENTORY_TDAYS":0.116489839762,"CURRENT_ASSETS_TDAYS":0.06248539966,"TOTAL_ASSETS_TDAYS":0.022880298481,"PREMIUM_EXPENSE":null,"LOAN_DEPOSIT":null,"LOAN_EQUITY":null,"LOAN_ASSETS":null,"DEPOSIT_EQUITY":null,"DEPOSIT_ASSETS":null,"EQUITY_MULTIPLIER":1.837074451,"EQUITY_RATIO":0.857142666958},{"SECUCODE":"00028.HK","SECURITY_CODE":"00028","SECURITY_NAME_ABBR":"天安","ORG_CODE":"10007321","STD_REPORT_DATE":"2022-12-31 00:00:00","REPORT_DATE":"2022-12-31 00:00:00","DATE_TYPE_CODE":"001","REPORT_TYPE":"2022年年报","PER_NETCASH_OPERATE":2.590671562491,"PER_OI":3.099503024683,"BPS":16.379345295393,"BASIC_EPS":0.9290008,"DILUTED_EPS":null,"OPERATE_INCOME":4544086821.75,"OPERATE_INCOME_YOY":97.5789224292,"GROSS_PROFIT":1995380273.11,"GROSS_PROFIT_YOY":71.876915296617,"HOLDER_PROFIT":1365415004.66,"HOLDER_PROFIT_YOY":6.8661612419,"GROSS_PROFIT_RATIO":43.911578968061,"EPS_TTM":0.931343986791,"OPERATE_INCOME_QOQ":85.248864226995,"NET_PROFIT_RATIO":30.4969210885,"ROE_AVG":5.611675277945,"GROSS_PROFIT_QOQ":46.898188618013,"ROA":3.169943218382,"HOLDER_PROFIT_QOQ":11.530068612104,"ROE_YEARLY":5.611675277945,"ROIC_YEARLY":3.567262505645,"TOTAL_ASSETS":43991981597.69,"TOTAL_LIABILITIES":19423279852.13,"TAX_EBT":32.101990610436,"OCF_SALES":83.583450051848,"TOTAL_PARENT_EQUITY":24013258420.13,"DEBT_ASSET_RATIO":44.1518639232,"OPERATE_PROFIT":1627169912.76,"PRETAX_PROFIT":2041012077.79,"NETCASH_OPERATE":3798104538.97,"NETCASH_INVEST":-524100267.67,"NETCASH_FINANCE":-1614921394.52,"END_CASH":4607937761.35,"DIVI_RATIO":0.194604788962,"DIVIDEND_RATE":5.208333333333,"CURRENT_RATIO":1.280071711378,"COMMON_ACS":null,"CURRENTDEBT_DEBT":64.087995876015,"ISSUED_COMMON_SHARES":1466069491,"HK_COMMON_SHARES":1466069491,"PER_SHARES":1000,"TOTAL_MARKET_CAP":5629706845.44,"HKSK_MARKET_CAP":5629706845.44,"PE_TTM":7.838590213143,"PB_TTM":0.208706125007,"REPORT_DATE_SQ":"2021-12-31 00:00:00","REPORT_TYPE_SQ":"2021年年报","OPERATE_INCOME_SQ":2105058368,"DPS_HKD":0.2,"OPERATE_INCOME_QOQ_SQ":27.173742995347,"NET_PROFIT_RATIO_SQ":54.2333804589,"HOLDER_PROFIT_SQ":1169452524.8,"HOLDER_PROFIT_QOQ_SQ":82.193484899669,"ROE_AVG_SQ":5.371723524794,"PE_TTM_SQ":2.896416511689,"PB_TTM_SQ":0.185697393644,"ROA_SQ":3.185165000062,"START_DATE":"2022-01-01 00:00:00","FISCAL_YEAR":"12-31","CURRENCY":"HKD","IS_CNY_CODE":0,"DPS_HKD_LY":0.2,"ORG_TYPE":"一般企业","PREMIUM_INCOME":null,"PREMIUM_INCOME_YOY":null,"NET_INTEREST_INCOME":null,"NET_INTEREST_INCOME_YOY":null,"FEE_COMMISSION_INCOME":null,"FEE_COMMISSION_INCOME_YOY":null,"ACCOUNTS_RECE_TDAYS":null,"INVENTORY_TDAYS":0.4067276086,"CURRENT_ASSETS_TDAYS":0.302935743786,"TOTAL_ASSETS_TDAYS":0.105495378,"PREMIUM_EXPENSE":null,"LOAN_DEPOSIT":null,"LOAN_EQUITY":null,"LOAN_ASSETS":null,"DEPOSIT_EQUITY":null,"DEPOSIT_ASSETS":null,"EQUITY_MULTIPLIER":1.790570053448,"EQUITY_RATIO":0.808856487208},{"SECUCODE":"00028.HK","SECURITY_CODE":"00028","SECURITY_NAME_ABBR":"天安","ORG_CODE":"10007321","STD_REPORT_DATE":"2022-06-30 00:00:00","REPORT_DATE":"2022-06-30 00:00:00","DATE_TYPE_CODE":"002","REPORT_TYPE":"2022年中报","PER_NETCASH_OPERATE":0.165646417841,"PER_OI":0.532266376212,"BPS":15.668277148781,"BASIC_EPS":0.245097454,"DILUTED_EPS":null,"OPERATE_INCOME":780339495.25,"OPERATE_INCOME_YOY":75.5762425847,"GROSS_PROFIT":453029205.79,"GROSS_PROFIT_YOY":77.225896904731,"HOLDER_PROFIT":359389321.55,"HOLDER_PROFIT_YOY":14.8047271972,"GROSS_PROFIT_RATIO":58.055398778049,"EPS_TTM":0.835060892888,"OPERATE_INCOME_QOQ":16.52709626957,"NET_PROFIT_RATIO":42.7519658073,"ROE_AVG":1.543435141338,"GROSS_PROFIT_QOQ":17.004108024475,"ROA":0.909386848171,"HOLDER_PROFIT_QOQ":4.686361543353,"ROE_YEARLY":3.086870282677,"ROIC_YEARLY":2.008270325243,"TOTAL_ASSETS":38681391364.98,"TOTAL_LIABILITIES":15216810437.15,"TAX_EBT":23.057457253705,"OCF_SALES":31.120962218143,"TOTAL_PARENT_EQUITY":22970783104.36,"DEBT_ASSET_RATIO":39.3388394269,"OPERATE_PROFIT":270553039.54,"PRETAX_PROFIT":433583895.57,"NETCASH_OPERATE":242849159.49,"NETCASH_INVEST":130228333.2,"NETCASH_FINANCE":-1026727430.96,"END_CASH":2392298243.72,"DIVI_RATIO":0.217042854651,"DIVIDEND_RATE":5.181347150259,"CURRENT_RATIO":1.328203292735,"COMMON_ACS":null,"CURRENTDEBT_DEBT":57.422494806386,"ISSUED_COMMON_SHARES":1466069491,"HK_COMMON_SHARES":1466069491,"PER_SHARES":1000,"TOTAL_MARKET_CAP":5659028235.26,"HKSK_MARKET_CAP":5659028235.26,"PE_TTM":7.879416203836,"PB_TTM":0.209793136075,"REPORT_DATE_SQ":"2021-06-30 00:00:00","REPORT_TYPE_SQ":"2021年中报","OPERATE_INCOME_SQ":432434472.24,"DPS_HKD":0.2,"OPERATE_INCOME_QOQ_SQ":-16.645052359158,"NET_PROFIT_RATIO_SQ":66.9384244463,"HOLDER_PROFIT_SQ":304584548.16,"HOLDER_PROFIT_QOQ_SQ":23.398224093288,"ROE_AVG_SQ":1.412352189981,"PE_TTM_SQ":2.957302144067,"PB_TTM_SQ":0.18960094246,"ROA_SQ":0.827343666126,"START_DATE":"2022-01-01 00:00:00","FISCAL_YEAR":"12-31","CURRENCY":"HKD","IS_CNY_CODE":0,"DPS_HKD_LY":0.2,"ORG_TYPE":"一般企业","PREMIUM_INCOME":null,"PREMIUM_INCOME_YOY":null,"NET_INTEREST_INCOME":null,"NET_INTEREST_INCOME_YOY":null,"FEE_COMMISSION_INCOME":null,"FEE_COMMISSION_INCOME_YOY":null,"ACCOUNTS_RECE_TDAYS":null,"INVENTORY_TDAYS":0.048813125088,"CURRENT_ASSETS_TDAYS":0.062247757501,"TOTAL_ASSETS_TDAYS":0.019745452398,"PREMIUM_EXPENSE":null,"LOAN_DEPOSIT":null,"LOAN_EQUITY":null,"LOAN_ASSETS":null,"DEPOSIT_EQUITY":null,"DEPOSIT_ASSETS":null,"EQUITY_MULTIPLIER":1.648501265971,"EQUITY_RATIO":0.662441953677},{"SECUCODE":"00028.HK","SECURITY_CODE":"00028","SECURITY_NAME_ABBR":"天安","ORG_CODE":"10007321","STD_REPORT_DATE":"2021-12-31 00:00:00","REPORT_DATE":"2021-12-31 00:00:00","DATE_TYPE_CODE":"001","REPORT_TYPE":"2021年年报","PER_NETCASH_OPERATE":0.457201886892,"PER_OI":1.435851697974,"BPS":15.389424346462,"BASIC_EPS":0.784896,"DILUTED_EPS":null,"OPERATE_INCOME":2105058368,"OPERATE_INCOME_YOY":9.1225036449,"GROSS_PROFIT":1160935585.6,"GROSS_PROFIT_YOY":43.076771877007,"HOLDER_PROFIT":1169452524.8,"HOLDER_PROFIT_YOY":131.4340403568,"GROSS_PROFIT_RATIO":55.149805024314,"EPS_TTM":0.797678781244,"OPERATE_INCOME_QOQ":27.173742995347,"NET_PROFIT_RATIO":54.2333804589,"ROE_AVG":5.371723524794,"GROSS_PROFIT_QOQ":64.704593128373,"ROA":3.185165000062,"HOLDER_PROFIT_QOQ":82.193484899669,"ROE_YEARLY":5.371723524794,"ROIC_YEARLY":3.637457428579,"TOTAL_ASSETS":38584564289.6,"TOTAL_LIABILITIES":15518665288,"TAX_EBT":46.762501606082,"OCF_SALES":31.841859959296,"TOTAL_PARENT_EQUITY":22561965518.4,"DEBT_ASSET_RATIO":40.2198795651,"OPERATE_PROFIT":1916408614.4,"PRETAX_PROFIT":2144436436.8,"NETCASH_OPERATE":670289737.6,"NETCASH_INVEST":-971861497.6,"NETCASH_FINANCE":-77298356.8,"END_CASH":2980039171.2,"DIVI_RATIO":0.227214267524,"DIVIDEND_RATE":5.208333333333,"CURRENT_RATIO":1.436027565185,"COMMON_ACS":null,"CURRENTDEBT_DEBT":57.771284651217,"ISSUED_COMMON_SHARES":1466069491,"HK_COMMON_SHARES":1466069491,"PER_SHARES":1000,"TOTAL_MARKET_CAP":5629706845.44,"HKSK_MARKET_CAP":5629706845.44,"PE_TTM":7.838590213143,"PB_TTM":0.208706125007,"REPORT_DATE_SQ":"2020-12-31 00:00:00","REPORT_TYPE_SQ":"2020年年报","OPERATE_INCOME_SQ":1985799081.6,"DPS_HKD":0.2,"OPERATE_INCOME_QOQ_SQ":6.284052268682,"NET_PROFIT_RATIO_SQ":24.066812464,"HOLDER_PROFIT_SQ":520164660.68,"HOLDER_PROFIT_QOQ_SQ":-18.441109552048,"ROE_AVG_SQ":2.476589466017,"PE_TTM_SQ":2.896416511689,"PB_TTM_SQ":0.185697393644,"ROA_SQ":1.477315640582,"START_DATE":"2021-01-01 00:00:00","FISCAL_YEAR":"12-31","CURRENCY":"HKD","IS_CNY_CODE":0,"DPS_HKD_LY":0.2,"ORG_TYPE":"一般企业","PREMIUM_INCOME":null,"PREMIUM_INCOME_YOY":null,"NET_INTEREST_INCOME":null,"NET_INTEREST_INCOME_YOY":null,"FEE_COMMISSION_INCOME":null,"FEE_COMMISSION_INCOME_YOY":null,"ACCOUNTS_RECE_TDAYS":null,"INVENTORY_TDAYS":0.153390022048,"CURRENT_ASSETS_TDAYS":0.164270502223,"TOTAL_ASSETS_TDAYS":0.057334163591,"PREMIUM_EXPENSE":null,"LOAN_DEPOSIT":null,"LOAN_EQUITY":null,"LOAN_ASSETS":null,"DEPOSIT_EQUITY":null,"DEPOSIT_ASSETS":null,"EQUITY_MULTIPLIER":1.672796897572,"EQUITY_RATIO":0.687824173623},{"SECUCODE":"00028.HK","SECURITY_CODE":"00028","SECURITY_NAME_ABBR":"天安","ORG_CODE":"10007321","STD_REPORT_DATE":"2021-06-30 00:00:00","REPORT_DATE":"2021-06-30 00:00:00","DATE_TYPE_CODE":"002","REPORT_TYPE":"2021年中报","PER_NETCASH_OPERATE":-0.12619868755,"PER_OI":0.288165258552,"BPS":14.856657996766,"BASIC_EPS":0.202944312,"DILUTED_EPS":null,"OPERATE_INCOME":432434472.24,"OPERATE_INCOME_YOY":-37.7804621962,"GROSS_PROFIT":255622464.72,"GROSS_PROFIT_YOY":-29.265746209552,"HOLDER_PROFIT":304584548.16,"HOLDER_PROFIT_YOY":82.8385904448,"GROSS_PROFIT_RATIO":58.982726672734,"EPS_TTM":0.4277313343,"OPERATE_INCOME_QOQ":-16.645052359158,"NET_PROFIT_RATIO":66.9384244463,"ROE_AVG":1.412352189981,"GROSS_PROFIT_QOQ":-13.107125011723,"ROA":0.827343666126,"HOLDER_PROFIT_QOQ":23.398224093288,"ROE_YEARLY":2.824704379962,"ROIC_YEARLY":1.926979915312,"TOTAL_ASSETS":38165723124.24,"TOTAL_LIABILITIES":15306326276.64,"TAX_EBT":42.815836883909,"OCF_SALES":-43.793859184958,"TOTAL_PARENT_EQUITY":21780893027.28,"DEBT_ASSET_RATIO":40.1049031007,"OPERATE_PROFIT":453187379.52,"PRETAX_PROFIT":506197532.16,"NETCASH_OPERATE":-189379743.84,"NETCASH_INVEST":-524887713.12,"NETCASH_FINANCE":207551538.96,"END_CASH":2855981467.2,"DIVI_RATIO":0.423733277097,"DIVIDEND_RATE":5.181347150259,"CURRENT_RATIO":1.591381725608,"COMMON_ACS":null,"CURRENTDEBT_DEBT":58.182217395374,"ISSUED_COMMON_SHARES":1466069491,"HK_COMMON_SHARES":1466069491,"PER_SHARES":1000,"TOTAL_MARKET_CAP":5659028235.26,"HKSK_MARKET_CAP":5659028235.26,"PE_TTM":7.879416203836,"PB_TTM":0.209793136075,"REPORT_DATE_SQ":"2020-06-30 00:00:00","REPORT_TYPE_SQ":"2020年中报","OPERATE_INCOME_SQ":762971769.12,"DPS_HKD":0.2,"OPERATE_INCOME_QOQ_SQ":-6.127032133907,"NET_PROFIT_RATIO_SQ":24.1177435401,"HOLDER_PROFIT_SQ":182875255.2,"HOLDER_PROFIT_QOQ_SQ":-47.101686348092,"ROE_AVG_SQ":0.835550753276,"PE_TTM_SQ":2.957302144067,"PB_TTM_SQ":0.18960094246,"ROA_SQ":0.489404970898,"START_DATE":"2021-01-01 00:00:00","FISCAL_YEAR":"12-31","CURRENCY":"HKD","IS_CNY_CODE":0,"DPS_HKD_LY":0.2,"ORG_TYPE":"一般企业","PREMIUM_INCOME":null,"PREMIUM_INCOME_YOY":null,"NET_INTEREST_INCOME":null,"NET_INTEREST_INCOME_YOY":null,"FEE_COMMISSION_INCOME":null,"FEE_COMMISSION_INCOME_YOY":null,"ACCOUNTS_RECE_TDAYS":null,"INVENTORY_TDAYS":0.027095562804,"CURRENT_ASSETS_TDAYS":0.031851992362,"TOTAL_ASSETS_TDAYS":0.011746226911,"PREMIUM_EXPENSE":null,"LOAN_DEPOSIT":null,"LOAN_EQUITY":null,"LOAN_ASSETS":null,"DEPOSIT_EQUITY":null,"DEPOSIT_ASSETS":null,"EQUITY_MULTIPLIER":1.66958574536,"EQUITY_RATIO":0.702740987593},{"SECUCODE":"00028.HK","SECURITY_CODE":"00028","SECURITY_NAME_ABBR":"天安","ORG_CODE":"10007321","STD_REPORT_DATE":"2020-12-31 00:00:00","REPORT_DATE":"2020-12-31 00:00:00","DATE_TYPE_CODE":"001","REPORT_TYPE":"2020年年报","PER_NETCASH_OPERATE":-0.402062473151,"PER_OI":1.323294840067,"BPS":14.730501981505,"BASIC_EPS":0.3450724,"DILUTED_EPS":null,"OPERATE_INCOME":1985799081.6,"OPERATE_INCOME_YOY":6.1900064089,"GROSS_PROFIT":811407449.56,"GROSS_PROFIT_YOY":-9.262460446354,"HOLDER_PROFIT":520164660.68,"HOLDER_PROFIT_YOY":-54.0814537328,"GROSS_PROFIT_RATIO":40.849142169328,"EPS_TTM":0.346626815291,"OPERATE_INCOME_QOQ":6.284052268682,"NET_PROFIT_RATIO":24.066812464,"ROE_AVG":2.476589466017,"GROSS_PROFIT_QOQ":-3.632052260043,"ROA":1.477315640582,"HOLDER_PROFIT_QOQ":-18.441109552048,"ROE_YEARLY":2.476589466017,"ROIC_YEARLY":1.689148280616,"TOTAL_ASSETS":35871241341.08,"TOTAL_LIABILITIES":13169635964.32,"TAX_EBT":37.922582789276,"OCF_SALES":-30.38343844302,"TOTAL_PARENT_EQUITY":21595939542.2,"DEBT_ASSET_RATIO":36.7136331835,"OPERATE_PROFIT":695051561.2,"PRETAX_PROFIT":769875040.48,"NETCASH_OPERATE":-603354041.56,"NETCASH_INVEST":794506476.72,"NETCASH_FINANCE":560064288.16,"END_CASH":3359858020.68,"DIVI_RATIO":0.522879338829,"DIVIDEND_RATE":5.208333333333,"CURRENT_RATIO":1.89139320486,"COMMON_ACS":null,"CURRENTDEBT_DEBT":52.710890649728,"ISSUED_COMMON_SHARES":1466069491,"HK_COMMON_SHARES":1466069491,"PER_SHARES":1000,"TOTAL_MARKET_CAP":5629706845.44,"HKSK_MARKET_CAP":5629706845.44,"PE_TTM":7.838590213143,"PB_TTM":0.208706125007,"REPORT_DATE_SQ":"2019-12-31 00:00:00","REPORT_TYPE_SQ":"2019年年报","OPERATE_INCOME_SQ":1990337165.12,"DPS_HKD":0.2,"OPERATE_INCOME_QOQ_SQ":11.625643549084,"NET_PROFIT_RATIO_SQ":61.009476557,"HOLDER_PROFIT_SQ":1205667924.76,"HOLDER_PROFIT_QOQ_SQ":5.625668582966,"ROE_AVG_SQ":5.592473054524,"PE_TTM_SQ":2.896416511689,"PB_TTM_SQ":0.185697393644,"ROA_SQ":3.362149268349,"START_DATE":"2020-01-01 00:00:00","FISCAL_YEAR":"12-31","CURRENCY":"HKD","IS_CNY_CODE":0,"DPS_HKD_LY":0.2,"ORG_TYPE":"一般企业","PREMIUM_INCOME":null,"PREMIUM_INCOME_YOY":null,"NET_INTEREST_INCOME":null,"NET_INTEREST_INCOME_YOY":null,"FEE_COMMISSION_INCOME":null,"FEE_COMMISSION_INCOME_YOY":null,"ACCOUNTS_RECE_TDAYS":null,"INVENTORY_TDAYS":0.230330245383,"CURRENT_ASSETS_TDAYS":0.16147716041,"TOTAL_ASSETS_TDAYS":0.056398526545,"PREMIUM_EXPENSE":null,"LOAN_DEPOSIT":null,"LOAN_EQUITY":null,"LOAN_ASSETS":null,"DEPOSIT_EQUITY":null,"DEPOSIT_ASSETS":null,"EQUITY_MULTIPLIER":1.580119147777,"EQUITY_RATIO":0.609820005218},{"SECUCODE":"00028.HK","SECURITY_CODE":"00028","SECURITY_NAME_ABBR":"天安","ORG_CODE":"10007321","STD_REPORT_DATE":"2020-06-30 00:00:00","REPORT_DATE":"2020-06-30 00:00:00","DATE_TYPE_CODE":"002","REPORT_TYPE":"2020年中报","PER_NETCASH_OPERATE":-0.578665953149,"PER_OI":0.508428377548,"BPS":14.748122487845,"BASIC_EPS":0.121852896,"DILUTED_EPS":null,"OPERATE_INCOME":762971769.12,"OPERATE_INCOME_YOY":-16.9692240402,"GROSS_PROFIT":361384267.2,"GROSS_PROFIT_YOY":-12.680656487163,"HOLDER_PROFIT":182875255.2,"HOLDER_PROFIT_YOY":-76.5422884406,"GROSS_PROFIT_RATIO":47.36535240574,"EPS_TTM":0.425001877033,"OPERATE_INCOME_QOQ":-6.127032133907,"NET_PROFIT_RATIO":24.1177435401,"ROE_AVG":0.835550753276,"GROSS_PROFIT_QOQ":-5.868789406503,"ROA":0.489404970898,"HOLDER_PROFIT_QOQ":-47.101686348092,"ROE_YEARLY":1.671101506552,"ROIC_YEARLY":1.073842861638,"TOTAL_ASSETS":37237345279.2,"TOTAL_LIABILITIES":14395279124.16,"TAX_EBT":37.483435898868,"OCF_SALES":-113.814645032223,"TOTAL_PARENT_EQUITY":21621772428.96,"DEBT_ASSET_RATIO":38.6581777413,"OPERATE_PROFIT":305543853.12,"PRETAX_PROFIT":294340511.52,"NETCASH_OPERATE":-868373610.72,"NETCASH_INVEST":-329522566.56,"NETCASH_FINANCE":-104566044,"END_CASH":1255206316.32,"DIVI_RATIO":0.426454587131,"DIVIDEND_RATE":5.181347150259,"CURRENT_RATIO":1.31836770926,"COMMON_ACS":null,"CURRENTDEBT_DEBT":58.973068414854,"ISSUED_COMMON_SHARES":1466069491,"HK_COMMON_SHARES":1466069491,"PER_SHARES":1000,"TOTAL_MARKET_CAP":5659028235.26,"HKSK_MARKET_CAP":5659028235.26,"PE_TTM":7.879416203836,"PB_TTM":0.209793136075,"REPORT_DATE_SQ":"2019-06-30 00:00:00","REPORT_TYPE_SQ":"2019年中报","OPERATE_INCOME_SQ":884920366.8,"DPS_HKD":0.2,"OPERATE_INCOME_QOQ_SQ":-38.178907767967,"NET_PROFIT_RATIO_SQ":86.0257659198,"HOLDER_PROFIT_SQ":750765179.52,"HOLDER_PROFIT_QOQ_SQ":4.118417234666,"ROE_AVG_SQ":3.550000264127,"PE_TTM_SQ":2.957302144067,"PB_TTM_SQ":0.18960094246,"ROA_SQ":2.167593462852,"START_DATE":"2020-01-01 00:00:00","FISCAL_YEAR":"12-31","CURRENCY":"HKD","IS_CNY_CODE":0,"DPS_HKD_LY":0.2,"ORG_TYPE":"一般企业","PREMIUM_INCOME":null,"PREMIUM_INCOME_YOY":null,"NET_INTEREST_INCOME":null,"NET_INTEREST_INCOME_YOY":null,"FEE_COMMISSION_INCOME":null,"FEE_COMMISSION_INCOME_YOY":null,"ACCOUNTS_RECE_TDAYS":null,"INVENTORY_TDAYS":0.093565490395,"CURRENT_ASSETS_TDAYS":0.06456045761,"TOTAL_ASSETS_TDAYS":0.020418409044,"PREMIUM_EXPENSE":null,"LOAN_DEPOSIT":null,"LOAN_EQUITY":null,"LOAN_ASSETS":null,"DEPOSIT_EQUITY":null,"DEPOSIT_ASSETS":null,"EQUITY_MULTIPLIER":1.630209151242,"EQUITY_RATIO":0.665777015805}],"count":50},"success":true,"message":"ok","code":0}