{"version":"469e96008698c07c8a1683cfcc4a16e6","result":{"pages":6,"data":[{"SECUCODE":"00029.HK","SECURITY_CODE":"00029","SECURITY_NAME_ABBR":"达力集团","ORG_CODE":"10007322","STD_REPORT_DATE":"2023-12-31 00:00:00","REPORT_DATE":"2024-06-30 00:00:00","DATE_TYPE_CODE":"001","REPORT_TYPE":"2023年年报","PER_NETCASH_OPERATE":-0.158167260018,"PER_OI":0.274809566958,"BPS":28.238907076075,"BASIC_EPS":20.55720432,"DILUTED_EPS":null,"OPERATE_INCOME":65323245.64,"OPERATE_INCOME_YOY":-10.2352823137,"GROSS_PROFIT":41038656.2,"GROSS_PROFIT_YOY":-18.703538422486,"HOLDER_PROFIT":4886447649.4,"HOLDER_PROFIT_YOY":80604.7784142297,"GROSS_PROFIT_RATIO":62.823969932796,"EPS_TTM":20.476318409474,"OPERATE_INCOME_QOQ":-0.903623433358,"NET_PROFIT_RATIO":7480.860100876,"ROE_AVG":114.648503769845,"GROSS_PROFIT_QOQ":-2.935344279253,"ROA":61.26301506735,"HOLDER_PROFIT_QOQ":79477.5957748402,"ROE_YEARLY":114.648503769845,"ROIC_YEARLY":63.873907504221,"TOTAL_ASSETS":13765181225.4,"TOTAL_LIABILITIES":7016237539.48,"TAX_EBT":57.546612471217,"OCF_SALES":-57.55522333841,"TOTAL_PARENT_EQUITY":6712492159.4,"DEBT_ASSET_RATIO":50.9709056829,"OPERATE_PROFIT":-21397782.6,"PRETAX_PROFIT":11510837895.72,"NETCASH_OPERATE":-37596939.92,"NETCASH_INVEST":44252202.48,"NETCASH_FINANCE":-4254914.16,"END_CASH":127254059.72,"DIVI_RATIO":0.000444147225,"DIVIDEND_RATE":0.083194675541,"CURRENT_RATIO":74.167314804438,"COMMON_ACS":300000000,"CURRENTDEBT_DEBT":2.321427572591,"ISSUED_COMMON_SHARES":237703681,"HK_COMMON_SHARES":237703681,"PER_SHARES":2000,"TOTAL_MARKET_CAP":2857198245.62,"HKSK_MARKET_CAP":2857198245.62,"PE_TTM":0.533661236529,"PB_TTM":0.388485771437,"REPORT_DATE_SQ":"2022-12-31 00:00:00","REPORT_TYPE_SQ":"2022年年报","OPERATE_INCOME_SQ":73513153.32,"DPS_HKD":0.01,"OPERATE_INCOME_QOQ_SQ":0.310924239386,"NET_PROFIT_RATIO_SQ":9.088970828,"HOLDER_PROFIT_SQ":6116415.32,"HOLDER_PROFIT_QOQ_SQ":-144.000248838637,"ROE_AVG_SQ":0.322067758512,"PE_TTM_SQ":264.792011243594,"PB_TTM_SQ":0.884921928413,"ROA_SQ":0.261083966792,"START_DATE":"2023-07-01 00:00:00","FISCAL_YEAR":"6-30","CURRENCY":"HKD","IS_CNY_CODE":0,"DPS_HKD_LY":0.01,"ORG_TYPE":"一般企业","PREMIUM_INCOME":null,"PREMIUM_INCOME_YOY":null,"NET_INTEREST_INCOME":null,"NET_INTEREST_INCOME_YOY":null,"FEE_COMMISSION_INCOME":null,"FEE_COMMISSION_INCOME_YOY":null,"ACCOUNTS_RECE_TDAYS":3.923098004824,"INVENTORY_TDAYS":0.002079213437,"CURRENT_ASSETS_TDAYS":0.010444349252,"TOTAL_ASSETS_TDAYS":0.00818979199,"PREMIUM_EXPENSE":null,"LOAN_DEPOSIT":null,"LOAN_EQUITY":null,"LOAN_ASSETS":null,"DEPOSIT_EQUITY":null,"DEPOSIT_ASSETS":null,"EQUITY_MULTIPLIER":2.039605287286,"EQUITY_RATIO":1.045250761247},{"SECUCODE":"00029.HK","SECURITY_CODE":"00029","SECURITY_NAME_ABBR":"达力集团","ORG_CODE":"10007322","STD_REPORT_DATE":"2023-06-30 00:00:00","REPORT_DATE":"2023-12-31 00:00:00","DATE_TYPE_CODE":"002","REPORT_TYPE":"2023年中报","PER_NETCASH_OPERATE":0.014898834318,"PER_OI":0.146041362902,"BPS":28.289966076377,"BASIC_EPS":20.45610406,"DILUTED_EPS":null,"OPERATE_INCOME":34714569.54,"OPERATE_INCOME_YOY":-3.27980609,"GROSS_PROFIT":22577565.08,"GROSS_PROFIT_YOY":-6.158811748131,"HOLDER_PROFIT":4862498310.46,"HOLDER_PROFIT_YOY":363429.33604336,"GROSS_PROFIT_RATIO":65.037721565249,"EPS_TTM":0.025731260426,"OPERATE_INCOME_QOQ":-1.377862116622,"NET_PROFIT_RATIO":14007.7113843423,"ROE_AVG":114.095781723089,"GROSS_PROFIT_QOQ":-3.978151031459,"ROA":60.97721752401,"HOLDER_PROFIT_QOQ":152.178703849914,"ROE_YEARLY":228.191563446179,"ROIC_YEARLY":127.331135839851,"TOTAL_ASSETS":13776878422.72,"TOTAL_LIABILITIES":7015870961.54,"TAX_EBT":57.465964426334,"OCF_SALES":10.201790795416,"TOTAL_PARENT_EQUITY":6724629071.72,"DEBT_ASSET_RATIO":50.9249682422,"OPERATE_PROFIT":-18239489.94,"PRETAX_PROFIT":11432530781.28,"NETCASH_OPERATE":3541507.76,"NETCASH_INVEST":111346345.18,"NETCASH_FINANCE":-1038528.12,"END_CASH":231622582.24,"DIVI_RATIO":0.353441683364,"DIVIDEND_RATE":0.089928057554,"CURRENT_RATIO":74.80774992846,"COMMON_ACS":300000000,"CURRENTDEBT_DEBT":2.302029719551,"ISSUED_COMMON_SHARES":237703681,"HK_COMMON_SHARES":237703681,"PER_SHARES":2000,"TOTAL_MARKET_CAP":2643264932.72,"HKSK_MARKET_CAP":2643264932.72,"PE_TTM":0.493703240449,"PB_TTM":0.359397818501,"REPORT_DATE_SQ":"2022-06-30 00:00:00","REPORT_TYPE_SQ":"2022年中报","OPERATE_INCOME_SQ":35378851.62,"DPS_HKD":0.01,"OPERATE_INCOME_QOQ_SQ":3.678862151141,"NET_PROFIT_RATIO_SQ":4.3755996566,"HOLDER_PROFIT_SQ":1318466.52,"HOLDER_PROFIT_QOQ_SQ":-52.986408531091,"ROE_AVG_SQ":0.070639229994,"PE_TTM_SQ":260.850587530901,"PB_TTM_SQ":0.87174988347,"ROA_SQ":0.056359981435,"START_DATE":"2023-07-01 00:00:00","FISCAL_YEAR":"6-30","CURRENCY":"HKD","IS_CNY_CODE":0,"DPS_HKD_LY":0.01,"ORG_TYPE":"一般企业","PREMIUM_INCOME":null,"PREMIUM_INCOME_YOY":null,"NET_INTEREST_INCOME":null,"NET_INTEREST_INCOME_YOY":null,"FEE_COMMISSION_INCOME":null,"FEE_COMMISSION_INCOME_YOY":null,"ACCOUNTS_RECE_TDAYS":1.749377782852,"INVENTORY_TDAYS":0.001041802956,"CURRENT_ASSETS_TDAYS":0.005550932234,"TOTAL_ASSETS_TDAYS":0.004353313303,"PREMIUM_EXPENSE":null,"LOAN_DEPOSIT":null,"LOAN_EQUITY":null,"LOAN_ASSETS":null,"DEPOSIT_EQUITY":null,"DEPOSIT_ASSETS":null,"EQUITY_MULTIPLIER":2.037696083286,"EQUITY_RATIO":1.04330973303},{"SECUCODE":"00029.HK","SECURITY_CODE":"00029","SECURITY_NAME_ABBR":"达力集团","ORG_CODE":"10007322","STD_REPORT_DATE":"2022-12-31 00:00:00","REPORT_DATE":"2023-06-30 00:00:00","DATE_TYPE_CODE":"001","REPORT_TYPE":"2022年年报","PER_NETCASH_OPERATE":0.066104593223,"PER_OI":0.309263840639,"BPS":7.699472666727,"BASIC_EPS":0.02581544,"DILUTED_EPS":null,"OPERATE_INCOME":73513153.32,"OPERATE_INCOME_YOY":-8.2378124568,"GROSS_PROFIT":50480248.96,"GROSS_PROFIT_YOY":-4.681141511561,"HOLDER_PROFIT":6116415.32,"HOLDER_PROFIT_YOY":-78.7044170519,"GROSS_PROFIT_RATIO":68.668322171219,"EPS_TTM":-0.049313720977,"OPERATE_INCOME_QOQ":0.310924239386,"NET_PROFIT_RATIO":9.088970828,"ROE_AVG":0.322067758512,"GROSS_PROFIT_QOQ":-0.73211512552,"ROA":0.261083966792,"HOLDER_PROFIT_QOQ":-144.000248838637,"ROE_YEARLY":0.322067758512,"ROIC_YEARLY":0.294740040972,"TOTAL_ASSETS":2209463297.34,"TOTAL_LIABILITIES":343112091.06,"TAX_EBT":-620.37773359841,"OCF_SALES":21.374821280759,"TOTAL_PARENT_EQUITY":1830192994.64,"DEBT_ASSET_RATIO":15.5292052813,"OPERATE_PROFIT":6995984.24,"PRETAX_PROFIT":927511.88,"NETCASH_OPERATE":15713305.14,"NETCASH_INVEST":33713120.68,"NETCASH_FINANCE":-92040341.42,"END_CASH":119875839.6,"DIVI_RATIO":-0.184421289245,"DIVIDEND_RATE":0.089928057554,"CURRENT_RATIO":3.82011012338,"COMMON_ACS":300000000,"CURRENTDEBT_DEBT":33.038826055295,"ISSUED_COMMON_SHARES":237703681,"HK_COMMON_SHARES":237703681,"PER_SHARES":2000,"TOTAL_MARKET_CAP":2643264932.72,"HKSK_MARKET_CAP":2643264932.72,"PE_TTM":0.493703240449,"PB_TTM":0.359397818501,"REPORT_DATE_SQ":"2021-12-31 00:00:00","REPORT_TYPE_SQ":"2021年年报","OPERATE_INCOME_SQ":74309169.48,"DPS_HKD":0.01,"OPERATE_INCOME_QOQ_SQ":-0.671737049057,"NET_PROFIT_RATIO_SQ":35.3128020992,"HOLDER_PROFIT_SQ":26640878.88,"HOLDER_PROFIT_QOQ_SQ":584.194998477853,"ROE_AVG_SQ":1.448504439625,"PE_TTM_SQ":260.850587530901,"PB_TTM_SQ":0.87174988347,"ROA_SQ":1.14181263856,"START_DATE":"2022-07-01 00:00:00","FISCAL_YEAR":"6-30","CURRENCY":"HKD","IS_CNY_CODE":0,"DPS_HKD_LY":0.01,"ORG_TYPE":"一般企业","PREMIUM_INCOME":null,"PREMIUM_INCOME_YOY":null,"NET_INTEREST_INCOME":null,"NET_INTEREST_INCOME_YOY":null,"FEE_COMMISSION_INCOME":null,"FEE_COMMISSION_INCOME_YOY":null,"ACCOUNTS_RECE_TDAYS":3.637665951914,"INVENTORY_TDAYS":null,"CURRENT_ASSETS_TDAYS":0.195278336654,"TOTAL_ASSETS_TDAYS":0.031379663865,"PREMIUM_EXPENSE":null,"LOAN_DEPOSIT":null,"LOAN_EQUITY":null,"LOAN_ASSETS":null,"DEPOSIT_EQUITY":null,"DEPOSIT_ASSETS":null,"EQUITY_MULTIPLIER":1.183841117312,"EQUITY_RATIO":0.187473174722},{"SECUCODE":"00029.HK","SECURITY_CODE":"00029","SECURITY_NAME_ABBR":"达力集团","ORG_CODE":"10007322","STD_REPORT_DATE":"2022-06-30 00:00:00","REPORT_DATE":"2022-12-31 00:00:00","DATE_TYPE_CODE":"002","REPORT_TYPE":"2022年中报","PER_NETCASH_OPERATE":0.051513485649,"PER_OI":0.148835943437,"BPS":7.682750862112,"BASIC_EPS":0.005538274,"DILUTED_EPS":null,"OPERATE_INCOME":35378851.62,"OPERATE_INCOME_YOY":-7.8694549769,"GROSS_PROFIT":24059334.18,"GROSS_PROFIT_YOY":-1.585971720376,"HOLDER_PROFIT":1318466.52,"HOLDER_PROFIT_YOY":-96.9588329831,"GROSS_PROFIT_RATIO":68.004847750341,"EPS_TTM":0.112076004746,"OPERATE_INCOME_QOQ":3.678862151141,"NET_PROFIT_RATIO":4.3755996566,"ROE_AVG":0.070639229994,"GROSS_PROFIT_QOQ":9.646328217778,"ROA":0.056359981435,"HOLDER_PROFIT_QOQ":-52.986408531091,"ROE_YEARLY":0.141278459988,"ROIC_YEARLY":0.128708068779,"TOTAL_ASSETS":2279894807.54,"TOTAL_LIABILITIES":417834188.66,"TAX_EBT":-455.448717948718,"OCF_SALES":34.610917537747,"TOTAL_PARENT_EQUITY":1826218160.13,"DEBT_ASSET_RATIO":18.3269064554,"OPERATE_PROFIT":5133622.69,"PRETAX_PROFIT":278700.24,"NETCASH_OPERATE":12244945.16,"NETCASH_INVEST":-6251103.46,"NETCASH_FINANCE":-21955683.33,"END_CASH":144313128.12,"DIVI_RATIO":0.081145826179,"DIVIDEND_RATE":0.089928057554,"CURRENT_RATIO":1.555087092105,"COMMON_ACS":300000000,"CURRENTDEBT_DEBT":44.012929762826,"ISSUED_COMMON_SHARES":237703681,"HK_COMMON_SHARES":237703681,"PER_SHARES":2000,"TOTAL_MARKET_CAP":2643264932.72,"HKSK_MARKET_CAP":2643264932.72,"PE_TTM":0.493703240449,"PB_TTM":0.359397818501,"REPORT_DATE_SQ":"2021-06-30 00:00:00","REPORT_TYPE_SQ":"2021年中报","OPERATE_INCOME_SQ":35147806.4,"DPS_HKD":0.01,"OPERATE_INCOME_QOQ_SQ":-5.081838629646,"NET_PROFIT_RATIO_SQ":114.2571355463,"HOLDER_PROFIT_SQ":39681398.4,"HOLDER_PROFIT_QOQ_SQ":80.892689025154,"ROE_AVG_SQ":2.196878001617,"PE_TTM_SQ":260.850587530901,"PB_TTM_SQ":0.87174988347,"ROA_SQ":1.717721278187,"START_DATE":"2022-07-01 00:00:00","FISCAL_YEAR":"6-30","CURRENCY":"HKD","IS_CNY_CODE":0,"DPS_HKD_LY":0.01,"ORG_TYPE":"一般企业","PREMIUM_INCOME":null,"PREMIUM_INCOME_YOY":null,"NET_INTEREST_INCOME":null,"NET_INTEREST_INCOME_YOY":null,"FEE_COMMISSION_INCOME":null,"FEE_COMMISSION_INCOME_YOY":null,"ACCOUNTS_RECE_TDAYS":1.854560779172,"INVENTORY_TDAYS":null,"CURRENT_ASSETS_TDAYS":0.118744912506,"TOTAL_ASSETS_TDAYS":0.015123261685,"PREMIUM_EXPENSE":null,"LOAN_DEPOSIT":null,"LOAN_EQUITY":null,"LOAN_ASSETS":null,"DEPOSIT_EQUITY":null,"DEPOSIT_ASSETS":null,"EQUITY_MULTIPLIER":1.224393440483,"EQUITY_RATIO":0.228797521447},{"SECUCODE":"00029.HK","SECURITY_CODE":"00029","SECURITY_NAME_ABBR":"达力集团","ORG_CODE":"10007322","STD_REPORT_DATE":"2021-12-31 00:00:00","REPORT_DATE":"2022-06-30 00:00:00","DATE_TYPE_CODE":"001","REPORT_TYPE":"2021年年报","PER_NETCASH_OPERATE":0.002755849372,"PER_OI":0.312612615705,"BPS":7.679544839611,"BASIC_EPS":0.11202989,"DILUTED_EPS":null,"OPERATE_INCOME":74309169.48,"OPERATE_INCOME_YOY":0.1994949204,"GROSS_PROFIT":52959351.13,"GROSS_PROFIT_YOY":8.586594266439,"HOLDER_PROFIT":26640878.88,"HOLDER_PROFIT_YOY":321.4859580519,"GROSS_PROFIT_RATIO":71.268931547208,"EPS_TTM":0.238390646714,"OPERATE_INCOME_QOQ":-0.671737049057,"NET_PROFIT_RATIO":35.3128020992,"ROE_AVG":1.448504439625,"GROSS_PROFIT_QOQ":-0.966501996524,"ROA":1.14181263856,"HOLDER_PROFIT_QOQ":584.194998477853,"ROE_YEARLY":1.448504439625,"ROIC_YEARLY":1.305061743472,"TOTAL_ASSETS":2296575971.83,"TOTAL_LIABILITIES":435508073.07,"TAX_EBT":-324.222314392368,"OCF_SALES":0.881554113152,"TOTAL_PARENT_EQUITY":1825456076.78,"DEBT_ASSET_RATIO":18.9633645223,"OPERATE_PROFIT":17746047.69,"PRETAX_PROFIT":6185589.27,"NETCASH_OPERATE":655075.54,"NETCASH_INVEST":-4705255.38,"NETCASH_FINANCE":-9832119.43,"END_CASH":160867225.33,"DIVI_RATIO":0.038149567214,"DIVIDEND_RATE":0.089928057554,"CURRENT_RATIO":1.480232280307,"COMMON_ACS":300000000,"CURRENTDEBT_DEBT":46.022703842687,"ISSUED_COMMON_SHARES":237703681,"HK_COMMON_SHARES":237703681,"PER_SHARES":2000,"TOTAL_MARKET_CAP":2643264932.72,"HKSK_MARKET_CAP":2643264932.72,"PE_TTM":0.493703240449,"PB_TTM":0.359397818501,"REPORT_DATE_SQ":"2020-12-31 00:00:00","REPORT_TYPE_SQ":"2020年年报","OPERATE_INCOME_SQ":72157145.52,"DPS_HKD":0.01,"OPERATE_INCOME_QOQ_SQ":-9.591901043347,"NET_PROFIT_RATIO_SQ":-13.5933301814,"HOLDER_PROFIT_SQ":-11703205.2,"HOLDER_PROFIT_QOQ_SQ":-135.997895938074,"ROE_AVG_SQ":-0.677059477497,"PE_TTM_SQ":260.850587530901,"PB_TTM_SQ":0.87174988347,"ROA_SQ":-0.531319921078,"START_DATE":"2021-07-01 00:00:00","FISCAL_YEAR":"6-30","CURRENCY":"HKD","IS_CNY_CODE":0,"DPS_HKD_LY":0.015,"ORG_TYPE":"一般企业","PREMIUM_INCOME":null,"PREMIUM_INCOME_YOY":null,"NET_INTEREST_INCOME":null,"NET_INTEREST_INCOME_YOY":null,"FEE_COMMISSION_INCOME":null,"FEE_COMMISSION_INCOME_YOY":null,"ACCOUNTS_RECE_TDAYS":4.93312138072,"INVENTORY_TDAYS":null,"CURRENT_ASSETS_TDAYS":0.24837640064,"TOTAL_ASSETS_TDAYS":0.031848479645,"PREMIUM_EXPENSE":null,"LOAN_DEPOSIT":null,"LOAN_EQUITY":null,"LOAN_ASSETS":null,"DEPOSIT_EQUITY":null,"DEPOSIT_ASSETS":null,"EQUITY_MULTIPLIER":1.234009771143,"EQUITY_RATIO":0.238574939496},{"SECUCODE":"00029.HK","SECURITY_CODE":"00029","SECURITY_NAME_ABBR":"达力集团","ORG_CODE":"10007322","STD_REPORT_DATE":"2021-06-30 00:00:00","REPORT_DATE":"2021-12-31 00:00:00","DATE_TYPE_CODE":"002","REPORT_TYPE":"2021年中报","PER_NETCASH_OPERATE":0.042729859114,"PER_OI":0.147863955039,"BPS":7.745066429998,"BASIC_EPS":0.16695392,"DILUTED_EPS":null,"OPERATE_INCOME":35147806.4,"OPERATE_INCOME_YOY":1.5400240924,"GROSS_PROFIT":24447057.6,"GROSS_PROFIT_YOY":-1.89168328958,"HOLDER_PROFIT":39681398.4,"HOLDER_PROFIT_YOY":242.3869037141,"GROSS_PROFIT_RATIO":69.555002442485,"EPS_TTM":-0.049234429819,"OPERATE_INCOME_QOQ":-5.081838629646,"NET_PROFIT_RATIO":114.2571355463,"ROE_AVG":2.196878001617,"GROSS_PROFIT_QOQ":-9.06681839305,"ROA":1.717721278187,"HOLDER_PROFIT_QOQ":80.892689025154,"ROE_YEARLY":4.393756003234,"ROIC_YEARLY":3.940096472857,"TOTAL_ASSETS":2354561272,"TOTAL_LIABILITIES":477048342.4,"TAX_EBT":18.663995098445,"OCF_SALES":28.898090209123,"TOTAL_PARENT_EQUITY":1841030800,"DEBT_ASSET_RATIO":20.2606043034,"OPERATE_PROFIT":54676182.4,"PRETAX_PROFIT":49374046.4,"NETCASH_OPERATE":10157044.8,"NETCASH_INVEST":15307924.8,"NETCASH_FINANCE":-3322726.4,"END_CASH":195946833.6,"DIVI_RATIO":-0.184718296391,"DIVIDEND_RATE":0.089928057554,"CURRENT_RATIO":2.279075964035,"COMMON_ACS":300000000,"CURRENTDEBT_DEBT":27.658301826645,"ISSUED_COMMON_SHARES":237703681,"HK_COMMON_SHARES":237703681,"PER_SHARES":2000,"TOTAL_MARKET_CAP":2643264932.72,"HKSK_MARKET_CAP":2643264932.72,"PE_TTM":0.493703240449,"PB_TTM":0.359397818501,"REPORT_DATE_SQ":"2020-06-30 00:00:00","REPORT_TYPE_SQ":"2020年中报","OPERATE_INCOME_SQ":35632512.68,"DPS_HKD":0.01,"OPERATE_INCOME_QOQ_SQ":-7.019612983981,"NET_PROFIT_RATIO_SQ":-80.5418428325,"HOLDER_PROFIT_SQ":-28688141.04,"HOLDER_PROFIT_QOQ_SQ":-345.890056699335,"ROE_AVG_SQ":-1.658279429279,"PE_TTM_SQ":260.850587530901,"PB_TTM_SQ":0.87174988347,"ROA_SQ":-1.315011290209,"START_DATE":"2021-07-01 00:00:00","FISCAL_YEAR":"6-30","CURRENCY":"HKD","IS_CNY_CODE":0,"DPS_HKD_LY":0.015,"ORG_TYPE":"一般企业","PREMIUM_INCOME":null,"PREMIUM_INCOME_YOY":null,"NET_INTEREST_INCOME":null,"NET_INTEREST_INCOME_YOY":null,"FEE_COMMISSION_INCOME":null,"FEE_COMMISSION_INCOME_YOY":null,"ACCOUNTS_RECE_TDAYS":3.302273774773,"INVENTORY_TDAYS":null,"CURRENT_ASSETS_TDAYS":0.119322739574,"TOTAL_ASSETS_TDAYS":0.015214719584,"PREMIUM_EXPENSE":null,"LOAN_DEPOSIT":null,"LOAN_EQUITY":null,"LOAN_ASSETS":null,"DEPOSIT_EQUITY":null,"DEPOSIT_ASSETS":null,"EQUITY_MULTIPLIER":1.254085250163,"EQUITY_RATIO":0.259120239813},{"SECUCODE":"00029.HK","SECURITY_CODE":"00029","SECURITY_NAME_ABBR":"达力集团","ORG_CODE":"10007322","STD_REPORT_DATE":"2020-12-31 00:00:00","REPORT_DATE":"2021-06-30 00:00:00","DATE_TYPE_CODE":"001","REPORT_TYPE":"2020年年报","PER_NETCASH_OPERATE":0.150244647158,"PER_OI":0.303559226413,"BPS":7.584524533131,"BASIC_EPS":-0.04909272,"DILUTED_EPS":null,"OPERATE_INCOME":72157145.52,"OPERATE_INCOME_YOY":-5.7955113303,"GROSS_PROFIT":48771537.12,"GROSS_PROFIT_YOY":-18.591706453754,"HOLDER_PROFIT":-11703205.2,"HOLDER_PROFIT_YOY":50.4980114736,"GROSS_PROFIT_RATIO":67.590724062778,"EPS_TTM":-0.257673253365,"OPERATE_INCOME_QOQ":-9.591901043347,"NET_PROFIT_RATIO":-13.5933301814,"ROE_AVG":-0.677059477497,"GROSS_PROFIT_QOQ":-10.474601121815,"ROA":-0.531319921078,"HOLDER_PROFIT_QOQ":-135.997895938074,"ROE_YEARLY":-0.677059477497,"ROIC_YEARLY":-0.608442754254,"TOTAL_ASSETS":2305801850.4,"TOTAL_LIABILITIES":466932509.04,"TAX_EBT":177.85483125289,"OCF_SALES":49.49434380009,"TOTAL_PARENT_EQUITY":1802869400.16,"DEBT_ASSET_RATIO":20.2503310924,"OPERATE_PROFIT":21716455.92,"PRETAX_PROFIT":12598523.28,"NETCASH_OPERATE":35713705.68,"NETCASH_INVEST":31126448.64,"NETCASH_FINANCE":-8486383.92,"END_CASH":174415617.12,"DIVI_RATIO":-0.035294699319,"DIVIDEND_RATE":0.089928057554,"CURRENT_RATIO":2.283736016159,"COMMON_ACS":300000000,"CURRENTDEBT_DEBT":27.525692178565,"ISSUED_COMMON_SHARES":237703681,"HK_COMMON_SHARES":237703681,"PER_SHARES":2000,"TOTAL_MARKET_CAP":2643264932.72,"HKSK_MARKET_CAP":2643264932.72,"PE_TTM":0.493703240449,"PB_TTM":0.359397818501,"REPORT_DATE_SQ":"2019-12-31 00:00:00","REPORT_TYPE_SQ":"2019年年报","OPERATE_INCOME_SQ":84085805.76,"DPS_HKD":0.01,"OPERATE_INCOME_QOQ_SQ":-3.20176376589,"NET_PROFIT_RATIO_SQ":-28.853716297,"HOLDER_PROFIT_SQ":-25953570.72,"HOLDER_PROFIT_QOQ_SQ":-75.376777221433,"ROE_AVG_SQ":-1.391537300257,"PE_TTM_SQ":260.850587530901,"PB_TTM_SQ":0.87174988347,"ROA_SQ":-1.091280110015,"START_DATE":"2020-07-01 00:00:00","FISCAL_YEAR":"6-30","CURRENCY":"HKD","IS_CNY_CODE":0,"DPS_HKD_LY":0.01,"ORG_TYPE":"一般企业","PREMIUM_INCOME":null,"PREMIUM_INCOME_YOY":null,"NET_INTEREST_INCOME":null,"NET_INTEREST_INCOME_YOY":null,"FEE_COMMISSION_INCOME":null,"FEE_COMMISSION_INCOME_YOY":null,"ACCOUNTS_RECE_TDAYS":4.727505655954,"INVENTORY_TDAYS":null,"CURRENT_ASSETS_TDAYS":0.262160430006,"TOTAL_ASSETS_TDAYS":0.032758999101,"PREMIUM_EXPENSE":null,"LOAN_DEPOSIT":null,"LOAN_EQUITY":null,"LOAN_ASSETS":null,"DEPOSIT_EQUITY":null,"DEPOSIT_ASSETS":null,"EQUITY_MULTIPLIER":1.253923701124,"EQUITY_RATIO":0.258994084096},{"SECUCODE":"00029.HK","SECURITY_CODE":"00029","SECURITY_NAME_ABBR":"达力集团","ORG_CODE":"10007322","STD_REPORT_DATE":"2020-06-30 00:00:00","REPORT_DATE":"2020-12-31 00:00:00","DATE_TYPE_CODE":"002","REPORT_TYPE":"2020年中报","PER_NETCASH_OPERATE":0.094770666341,"PER_OI":0.149903074829,"BPS":7.516854758173,"BASIC_EPS":-0.120691176,"DILUTED_EPS":null,"OPERATE_INCOME":35632512.68,"OPERATE_INCOME_YOY":-13.2118404329,"GROSS_PROFIT":24918435.48,"GROSS_PROFIT_YOY":-20.117209619192,"HOLDER_PROFIT":-28688141.04,"HOLDER_PROFIT_YOY":-562.0577470516,"GROSS_PROFIT_RATIO":69.931738195904,"EPS_TTM":-0.109184555371,"OPERATE_INCOME_QOQ":-7.019612983981,"NET_PROFIT_RATIO":-80.5418428325,"ROE_AVG":-1.658279429279,"GROSS_PROFIT_QOQ":-9.093593587872,"ROA":-1.315011290209,"HOLDER_PROFIT_QOQ":-345.890056699335,"ROE_YEARLY":-3.316558858557,"ROIC_YEARLY":-3.026466935476,"TOTAL_ASSETS":2239524925.84,"TOTAL_LIABILITIES":418694017.36,"TAX_EBT":46.697825645194,"OCF_SALES":63.221295793278,"TOTAL_PARENT_EQUITY":1786784045.56,"DEBT_ASSET_RATIO":18.6956623045,"OPERATE_PROFIT":-66086414.44,"PRETAX_PROFIT":-53842235.72,"NETCASH_OPERATE":22527336.24,"NETCASH_INVEST":31373814.28,"NETCASH_FINANCE":-3355618.68,"END_CASH":167359272.36,"DIVI_RATIO":-0.08329474777,"DIVIDEND_RATE":0.089928057554,"CURRENT_RATIO":2.277115190994,"COMMON_ACS":300000000,"CURRENTDEBT_DEBT":29.748087337228,"ISSUED_COMMON_SHARES":237703681,"HK_COMMON_SHARES":237703681,"PER_SHARES":2000,"TOTAL_MARKET_CAP":2643264932.72,"HKSK_MARKET_CAP":2643264932.72,"PE_TTM":0.493703240449,"PB_TTM":0.359397818501,"REPORT_DATE_SQ":"2019-06-30 00:00:00","REPORT_TYPE_SQ":"2019年中报","OPERATE_INCOME_SQ":43697939.96,"DPS_HKD":0.01,"OPERATE_INCOME_QOQ_SQ":-3.083508850949,"NET_PROFIT_RATIO_SQ":15.6102660818,"HOLDER_PROFIT_SQ":6608169.06,"HOLDER_PROFIT_QOQ_SQ":-45.959583933274,"ROE_AVG_SQ":0.354462968422,"PE_TTM_SQ":260.850587530901,"PB_TTM_SQ":0.87174988347,"ROA_SQ":0.278320644095,"START_DATE":"2020-07-01 00:00:00","FISCAL_YEAR":"6-30","CURRENCY":"HKD","IS_CNY_CODE":0,"DPS_HKD_LY":0.01,"ORG_TYPE":"一般企业","PREMIUM_INCOME":null,"PREMIUM_INCOME_YOY":null,"NET_INTEREST_INCOME":null,"NET_INTEREST_INCOME_YOY":null,"FEE_COMMISSION_INCOME":null,"FEE_COMMISSION_INCOME_YOY":null,"ACCOUNTS_RECE_TDAYS":2.387335062592,"INVENTORY_TDAYS":null,"CURRENT_ASSETS_TDAYS":0.131113881125,"TOTAL_ASSETS_TDAYS":0.016333284338,"PREMIUM_EXPENSE":null,"LOAN_DEPOSIT":null,"LOAN_EQUITY":null,"LOAN_ASSETS":null,"DEPOSIT_EQUITY":null,"DEPOSIT_ASSETS":null,"EQUITY_MULTIPLIER":1.229946677317,"EQUITY_RATIO":0.234328271735},{"SECUCODE":"00029.HK","SECURITY_CODE":"00029","SECURITY_NAME_ABBR":"达力集团","ORG_CODE":"10007322","STD_REPORT_DATE":"2019-12-31 00:00:00","REPORT_DATE":"2020-06-30 00:00:00","DATE_TYPE_CODE":"001","REPORT_TYPE":"2019年年报","PER_NETCASH_OPERATE":0.116239876656,"PER_OI":0.353742127199,"BPS":7.639533397718,"BASIC_EPS":-0.1096128,"DILUTED_EPS":null,"OPERATE_INCOME":84085805.76,"OPERATE_INCOME_YOY":-13.3250475491,"GROSS_PROFIT":59909789.28,"GROSS_PROFIT_YOY":-15.7098237171,"HOLDER_PROFIT":-25953570.72,"HOLDER_PROFIT_YOY":-158.3069977427,"GROSS_PROFIT_RATIO":71.248397679623,"EPS_TTM":0.044403810726,"OPERATE_INCOME_QOQ":-3.20176376589,"NET_PROFIT_RATIO":-28.853716297,"ROE_AVG":-1.391537300257,"GROSS_PROFIT_QOQ":-7.278068059618,"ROA":-1.091280110015,"HOLDER_PROFIT_QOQ":-75.376777221433,"ROE_YEARLY":-1.391537300257,"ROIC_YEARLY":-1.23716161259,"TOTAL_ASSETS":2304821038.08,"TOTAL_LIABILITIES":454816391.04,"TAX_EBT":47.321552527717,"OCF_SALES":32.860060399331,"TOTAL_PARENT_EQUITY":1815945209.76,"DEBT_ASSET_RATIO":19.733262736,"OPERATE_PROFIT":-32894801.28,"PRETAX_PROFIT":-46056558.24,"NETCASH_OPERATE":27630646.56,"NETCASH_INVEST":17788330.56,"NETCASH_FINANCE":-14921955.84,"END_CASH":122667684.48,"DIVI_RATIO":0.204813502519,"DIVIDEND_RATE":0.089928057554,"CURRENT_RATIO":2.209512975166,"COMMON_ACS":300000000,"CURRENTDEBT_DEBT":28.070397416432,"ISSUED_COMMON_SHARES":237703681,"HK_COMMON_SHARES":237703681,"PER_SHARES":2000,"TOTAL_MARKET_CAP":2643264932.72,"HKSK_MARKET_CAP":2643264932.72,"PE_TTM":0.493703240449,"PB_TTM":0.359397818501,"REPORT_DATE_SQ":"2018-12-31 00:00:00","REPORT_TYPE_SQ":"2018年年报","OPERATE_INCOME_SQ":93425169.96,"DPS_HKD":0.01,"OPERATE_INCOME_QOQ_SQ":1.156407558112,"NET_PROFIT_RATIO_SQ":46.6828616086,"HOLDER_PROFIT_SQ":42865831.8,"HOLDER_PROFIT_QOQ_SQ":-25.404556063393,"ROE_AVG_SQ":2.296064649792,"PE_TTM_SQ":260.850587530901,"PB_TTM_SQ":0.87174988347,"ROA_SQ":1.776720908975,"START_DATE":"2019-07-01 00:00:00","FISCAL_YEAR":"6-30","CURRENCY":"HKD","IS_CNY_CODE":0,"DPS_HKD_LY":0.06,"ORG_TYPE":"一般企业","PREMIUM_INCOME":null,"PREMIUM_INCOME_YOY":null,"NET_INTEREST_INCOME":null,"NET_INTEREST_INCOME_YOY":null,"FEE_COMMISSION_INCOME":null,"FEE_COMMISSION_INCOME_YOY":null,"ACCOUNTS_RECE_TDAYS":3.348696775132,"INVENTORY_TDAYS":null,"CURRENT_ASSETS_TDAYS":0.292824287614,"TOTAL_ASSETS_TDAYS":0.035355893164,"PREMIUM_EXPENSE":null,"LOAN_DEPOSIT":null,"LOAN_EQUITY":null,"LOAN_ASSETS":null,"DEPOSIT_EQUITY":null,"DEPOSIT_ASSETS":null,"EQUITY_MULTIPLIER":1.245846080315,"EQUITY_RATIO":0.250457111038}],"count":47},"success":true,"message":"ok","code":0}