{"version":"e263060bd14bac649528b546fdfef81d","result":{"pages":6,"data":[{"SECUCODE":"00023.HK","SECURITY_CODE":"00023","SECURITY_NAME_ABBR":"东亚银行","ORG_CODE":"10074229","STD_REPORT_DATE":"2024-12-31 00:00:00","REPORT_DATE":"2024-12-31 00:00:00","DATE_TYPE_CODE":"001","REPORT_TYPE":"2024年年报","PER_NETCASH_OPERATE":-0.266885325738,"PER_OI":7.38652671328,"BPS":35.36512239201,"BASIC_EPS":1.4075808,"DILUTED_EPS":1.4075808,"OPERATE_INCOME":19427393160,"OPERATE_INCOME_YOY":1.123108069,"GROSS_PROFIT":null,"GROSS_PROFIT_YOY":null,"HOLDER_PROFIT":4267192320,"HOLDER_PROFIT_YOY":11.8989800874,"GROSS_PROFIT_RATIO":null,"EPS_TTM":1.622437441956,"OPERATE_INCOME_QOQ":2.819214365153,"NET_PROFIT_RATIO":22.0649220649,"ROE_AVG":4.644786710749,"GROSS_PROFIT_QOQ":null,"ROA":0.530228062504,"HOLDER_PROFIT_QOQ":32.187249151382,"ROE_YEARLY":4.644786710749,"ROIC_YEARLY":0.563578724903,"TOTAL_ASSETS":812839944360,"TOTAL_LIABILITIES":714921400800,"TAX_EBT":20.736301369863,"OCF_SALES":-3.61313694647,"TOTAL_PARENT_EQUITY":93014235720,"DEBT_ASSET_RATIO":87.9535271071,"OPERATE_PROFIT":5227495800,"PRETAX_PROFIT":5408073600,"NETCASH_OPERATE":-701938320,"NETCASH_INVEST":-294480720,"NETCASH_FINANCE":-1890973680,"END_CASH":81371134800,"DIVI_RATIO":0.274926100979,"DIVIDEND_RATE":4.870775347913,"CURRENT_RATIO":null,"COMMON_ACS":null,"CURRENTDEBT_DEBT":null,"ISSUED_COMMON_SHARES":2630112083,"HK_COMMON_SHARES":2630112083,"PER_SHARES":200,"TOTAL_MARKET_CAP":26458927554.98,"HKSK_MARKET_CAP":26458927554.98,"PE_TTM":5.741954764536,"PB_TTM":0.263422314696,"REPORT_DATE_SQ":"2023-12-31 00:00:00","REPORT_TYPE_SQ":"2023年年报","OPERATE_INCOME_SQ":18800440120,"DPS_HKD":0.49,"OPERATE_INCOME_QOQ_SQ":1.243087814232,"NET_PROFIT_RATIO_SQ":19.9363732768,"HOLDER_PROFIT_SQ":3731813960,"HOLDER_PROFIT_QOQ_SQ":-25.987988433718,"ROE_AVG_SQ":4.246236337389,"PE_TTM_SQ":4.617963920062,"PB_TTM_SQ":0.261701446708,"ROA_SQ":0.472468227716,"START_DATE":"2024-01-01 00:00:00","FISCAL_YEAR":"12-31","CURRENCY":"HKD","IS_CNY_CODE":0,"DPS_HKD_LY":0.49,"ORG_TYPE":"银行","PREMIUM_INCOME":null,"PREMIUM_INCOME_YOY":null,"NET_INTEREST_INCOME":15306515160,"NET_INTEREST_INCOME_YOY":-2.044565603888,"FEE_COMMISSION_INCOME":2594764080,"FEE_COMMISSION_INCOME_YOY":null,"ACCOUNTS_RECE_TDAYS":null,"INVENTORY_TDAYS":null,"CURRENT_ASSETS_TDAYS":null,"TOTAL_ASSETS_TDAYS":0.024139875268,"PREMIUM_EXPENSE":null,"LOAN_DEPOSIT":82.076620333296,"LOAN_EQUITY":4.991810022792,"LOAN_ASSETS":60.133704126076,"DEPOSIT_EQUITY":6.081890314832,"DEPOSIT_ASSETS":73.265326815219,"EQUITY_MULTIPLIER":8.301184993239,"EQUITY_RATIO":7.686150353932},{"SECUCODE":"00023.HK","SECURITY_CODE":"00023","SECURITY_NAME_ABBR":"东亚银行","ORG_CODE":"10074229","STD_REPORT_DATE":"2024-06-30 00:00:00","REPORT_DATE":"2024-06-30 00:00:00","DATE_TYPE_CODE":"002","REPORT_TYPE":"2024年中报","PER_NETCASH_OPERATE":-4.396107928896,"PER_OI":3.630182382368,"BPS":34.363540224837,"BASIC_EPS":0.6297492,"DILUTED_EPS":0.6297492,"OPERATE_INCOME":9568537120,"OPERATE_INCOME_YOY":2.0241339042,"GROSS_PROFIT":null,"GROSS_PROFIT_YOY":null,"HOLDER_PROFIT":1926667480,"HOLDER_PROFIT_YOY":-19.9165402124,"GROSS_PROFIT_RATIO":null,"EPS_TTM":1.224716448298,"OPERATE_INCOME_QOQ":0.501427835722,"NET_PROFIT_RATIO":20.2308279283,"ROE_AVG":2.143147208122,"GROSS_PROFIT_QOQ":null,"ROA":0.243261898918,"HOLDER_PROFIT_QOQ":-13.496701748766,"ROE_YEARLY":4.286294416244,"ROIC_YEARLY":0.518361183072,"TOTAL_ASSETS":798793051560,"TOTAL_LIABILITIES":698963200480,"TAX_EBT":22.307692307692,"OCF_SALES":-121.098817245326,"TOTAL_PARENT_EQUITY":90379962360,"DEBT_ASSET_RATIO":87.5024136871,"OPERATE_PROFIT":2382094800,"PRETAX_PROFIT":2491616400,"NETCASH_OPERATE":-11587385280,"NETCASH_INVEST":-235471440,"NETCASH_FINANCE":4863671720,"END_CASH":76449727520,"DIVI_RATIO":0.364207078806,"DIVIDEND_RATE":4.870775347913,"CURRENT_RATIO":null,"COMMON_ACS":null,"CURRENTDEBT_DEBT":null,"ISSUED_COMMON_SHARES":2630112083,"HK_COMMON_SHARES":2630112083,"PER_SHARES":200,"TOTAL_MARKET_CAP":26458927554.98,"HKSK_MARKET_CAP":26458927554.98,"PE_TTM":7.364021028383,"PB_TTM":0.267189024761,"REPORT_DATE_SQ":"2023-06-30 00:00:00","REPORT_TYPE_SQ":"2023年中报","OPERATE_INCOME_SQ":9474266480,"DPS_HKD":0.49,"OPERATE_INCOME_QOQ_SQ":15.786696818224,"NET_PROFIT_RATIO_SQ":25.6714674971,"HOLDER_PROFIT_SQ":2430339280,"HOLDER_PROFIT_QOQ_SQ":29.493556636855,"ROE_AVG_SQ":2.732045043504,"PE_TTM_SQ":4.617963920062,"PB_TTM_SQ":0.261701446708,"ROA_SQ":0.300417005244,"START_DATE":"2024-01-01 00:00:00","FISCAL_YEAR":"12-31","CURRENCY":"HKD","IS_CNY_CODE":0,"DPS_HKD_LY":0.49,"ORG_TYPE":"银行","PREMIUM_INCOME":null,"PREMIUM_INCOME_YOY":null,"NET_INTEREST_INCOME":7509531040,"NET_INTEREST_INCOME_YOY":2.274704785581,"FEE_COMMISSION_INCOME":1294180240,"FEE_COMMISSION_INCOME_YOY":null,"ACCOUNTS_RECE_TDAYS":null,"INVENTORY_TDAYS":null,"CURRENT_ASSETS_TDAYS":null,"TOTAL_ASSETS_TDAYS":0.012081277822,"PREMIUM_EXPENSE":null,"LOAN_DEPOSIT":84.174801502597,"LOAN_EQUITY":4.849041424013,"LOAN_ASSETS":60.601313731337,"DEPOSIT_EQUITY":5.760680556952,"DEPOSIT_ASSETS":71.994602481442,"EQUITY_MULTIPLIER":8.001545058087,"EQUITY_RATIO":7.733608005897},{"SECUCODE":"00023.HK","SECURITY_CODE":"00023","SECURITY_NAME_ABBR":"东亚银行","ORG_CODE":"10074229","STD_REPORT_DATE":"2023-12-31 00:00:00","REPORT_DATE":"2023-12-31 00:00:00","DATE_TYPE_CODE":"001","REPORT_TYPE":"2023年年报","PER_NETCASH_OPERATE":-5.785153768216,"PER_OI":7.094148248931,"BPS":33.757151504634,"BASIC_EPS":1.1962104,"DILUTED_EPS":1.1962104,"OPERATE_INCOME":18800440120,"OPERATE_INCOME_YOY":15.5508521778,"GROSS_PROFIT":null,"GROSS_PROFIT_YOY":null,"HOLDER_PROFIT":3731813960,"HOLDER_PROFIT_YOY":-5.5287910071,"GROSS_PROFIT_RATIO":null,"EPS_TTM":1.408160729254,"OPERATE_INCOME_QOQ":1.243087814232,"NET_PROFIT_RATIO":19.9363732768,"ROE_AVG":4.246236337389,"GROSS_PROFIT_QOQ":null,"ROA":0.472468227716,"HOLDER_PROFIT_QOQ":-25.987988433718,"ROE_YEARLY":4.246236337389,"ROIC_YEARLY":0.507770691841,"TOTAL_ASSETS":779676345420,"TOTAL_LIABILITIES":681509157700,"TAX_EBT":22.10922787194,"OCF_SALES":-81.548250265111,"TOTAL_PARENT_EQUITY":88785092060,"DEBT_ASSET_RATIO":87.40923868,"OPERATE_PROFIT":4546505740,"PRETAX_PROFIT":4812028200,"NETCASH_OPERATE":-15331429960,"NETCASH_INVEST":-463078420,"NETCASH_FINANCE":-1578635240,"END_CASH":83493673480,"DIVI_RATIO":0.316760999461,"DIVIDEND_RATE":4.870775347913,"CURRENT_RATIO":null,"COMMON_ACS":null,"CURRENTDEBT_DEBT":null,"ISSUED_COMMON_SHARES":2630112083,"HK_COMMON_SHARES":2630112083,"PER_SHARES":200,"TOTAL_MARKET_CAP":26458927554.98,"HKSK_MARKET_CAP":26458927554.98,"PE_TTM":5.741954764536,"PB_TTM":0.263422314696,"REPORT_DATE_SQ":"2022-12-31 00:00:00","REPORT_TYPE_SQ":"2022年年报","OPERATE_INCOME_SQ":16037769580,"DPS_HKD":0.49,"OPERATE_INCOME_QOQ_SQ":21.008171117568,"NET_PROFIT_RATIO_SQ":24.3845382645,"HOLDER_PROFIT_SQ":3893763930,"HOLDER_PROFIT_QOQ_SQ":15.603835991582,"ROE_AVG_SQ":4.408262331555,"PE_TTM_SQ":4.617963920062,"PB_TTM_SQ":0.261701446708,"ROA_SQ":0.48695885315,"START_DATE":"2023-01-01 00:00:00","FISCAL_YEAR":"12-31","CURRENCY":"HKD","IS_CNY_CODE":0,"DPS_HKD_LY":0.53,"ORG_TYPE":"银行","PREMIUM_INCOME":null,"PREMIUM_INCOME_YOY":null,"NET_INTEREST_INCOME":15291556280,"NET_INTEREST_INCOME_YOY":24.918566775244,"FEE_COMMISSION_INCOME":2392420800,"FEE_COMMISSION_INCOME_YOY":null,"ACCOUNTS_RECE_TDAYS":null,"INVENTORY_TDAYS":null,"CURRENT_ASSETS_TDAYS":null,"TOTAL_ASSETS_TDAYS":0.023802394007,"PREMIUM_EXPENSE":null,"LOAN_DEPOSIT":83.834819709894,"LOAN_EQUITY":4.864797001643,"LOAN_ASSETS":61.251497917735,"DEPOSIT_EQUITY":5.802835884275,"DEPOSIT_ASSETS":73.062121597794,"EQUITY_MULTIPLIER":7.942331480873,"EQUITY_RATIO":7.675941330775},{"SECUCODE":"00023.HK","SECURITY_CODE":"00023","SECURITY_NAME_ABBR":"东亚银行","ORG_CODE":"10074229","STD_REPORT_DATE":"2023-06-30 00:00:00","REPORT_DATE":"2023-06-30 00:00:00","DATE_TYPE_CODE":"002","REPORT_TYPE":"2023年中报","PER_NETCASH_OPERATE":-4.267379016985,"PER_OI":3.555918486745,"BPS":33.996826575546,"BASIC_EPS":0.8021226,"DILUTED_EPS":0.8021226,"OPERATE_INCOME":9474266480,"OPERATE_INCOME_YOY":26.5829021927,"GROSS_PROFIT":null,"GROSS_PROFIT_YOY":null,"HOLDER_PROFIT":2430339280,"HOLDER_PROFIT_YOY":75.8505670447,"GROSS_PROFIT_RATIO":null,"EPS_TTM":1.892448100788,"OPERATE_INCOME_QOQ":15.786696818224,"NET_PROFIT_RATIO":25.6714674971,"ROE_AVG":2.732045043504,"GROSS_PROFIT_QOQ":null,"ROA":0.300417005244,"HOLDER_PROFIT_QOQ":29.493556636855,"ROE_YEARLY":5.464090087009,"ROIC_YEARLY":0.644429843996,"TOTAL_ASSETS":804030176620,"TOTAL_LIABILITIES":705084205000,"TAX_EBT":20.613903099609,"OCF_SALES":-120.007785130401,"TOTAL_PARENT_EQUITY":89415464360,"DEBT_ASSET_RATIO":87.6937490038,"OPERATE_PROFIT":2905158980,"PRETAX_PROFIT":3063739540,"NETCASH_OPERATE":-11369857360,"NETCASH_INVEST":-177020160,"NETCASH_FINANCE":902618420,"END_CASH":91152474680,"DIVI_RATIO":0.235700202195,"DIVIDEND_RATE":4.870775347913,"CURRENT_RATIO":null,"COMMON_ACS":null,"CURRENTDEBT_DEBT":null,"ISSUED_COMMON_SHARES":2630112083,"HK_COMMON_SHARES":2630112083,"PER_SHARES":200,"TOTAL_MARKET_CAP":26458927554.98,"HKSK_MARKET_CAP":26458927554.98,"PE_TTM":7.364021028383,"PB_TTM":0.267189024761,"REPORT_DATE_SQ":"2022-06-30 00:00:00","REPORT_TYPE_SQ":"2022年中报","OPERATE_INCOME_SQ":6942432420,"DPS_HKD":0.49,"OPERATE_INCOME_QOQ_SQ":-0.44708830347,"NET_PROFIT_RATIO_SQ":18.6006405519,"HOLDER_PROFIT_SQ":1281929810,"HOLDER_PROFIT_QOQ_SQ":-21.828962771587,"ROE_AVG_SQ":1.516086292517,"PE_TTM_SQ":4.617963920062,"PB_TTM_SQ":0.261701446708,"ROA_SQ":0.165117110329,"START_DATE":"2023-01-01 00:00:00","FISCAL_YEAR":"12-31","CURRENCY":"HKD","IS_CNY_CODE":0,"DPS_HKD_LY":0.53,"ORG_TYPE":"银行","PREMIUM_INCOME":null,"PREMIUM_INCOME_YOY":null,"NET_INTEREST_INCOME":7417329100,"NET_INTEREST_INCOME_YOY":37.993138936535,"FEE_COMMISSION_INCOME":1336871000,"FEE_COMMISSION_INCOME_YOY":null,"ACCOUNTS_RECE_TDAYS":null,"INVENTORY_TDAYS":null,"CURRENT_ASSETS_TDAYS":null,"TOTAL_ASSETS_TDAYS":0.011711248657,"PREMIUM_EXPENSE":null,"LOAN_DEPOSIT":84.100447163437,"LOAN_EQUITY":4.903465369599,"LOAN_ASSETS":60.343275589432,"DEPOSIT_EQUITY":5.830486679898,"DEPOSIT_ASSETS":71.751432512794,"EQUITY_MULTIPLIER":8.125951602229,"EQUITY_RATIO":7.88548390423},{"SECUCODE":"00023.HK","SECURITY_CODE":"00023","SECURITY_NAME_ABBR":"东亚银行","ORG_CODE":"10074229","STD_REPORT_DATE":"2022-12-31 00:00:00","REPORT_DATE":"2022-12-31 00:00:00","DATE_TYPE_CODE":"001","REPORT_TYPE":"2022年年报","PER_NETCASH_OPERATE":0.364610956693,"PER_OI":5.983752391655,"BPS":32.600248500512,"BASIC_EPS":1.1791164,"DILUTED_EPS":1.1791164,"OPERATE_INCOME":16037769580,"OPERATE_INCOME_YOY":10.2622366886,"GROSS_PROFIT":null,"GROSS_PROFIT_YOY":null,"HOLDER_PROFIT":3893763930,"HOLDER_PROFIT_YOY":-17.2865275142,"GROSS_PROFIT_RATIO":null,"EPS_TTM":1.452778025801,"OPERATE_INCOME_QOQ":21.008171117568,"NET_PROFIT_RATIO":24.3845382645,"ROE_AVG":4.408262331555,"GROSS_PROFIT_QOQ":null,"ROA":0.48695885315,"HOLDER_PROFIT_QOQ":15.603835991582,"ROE_YEARLY":4.408262331555,"ROIC_YEARLY":0.526450229077,"TOTAL_ASSETS":788601087750,"TOTAL_LIABILITIES":693605396330,"TAX_EBT":11.394454563854,"OCF_SALES":6.093349671382,"TOTAL_PARENT_EQUITY":85742307490,"DEBT_ASSET_RATIO":87.9538979979,"OPERATE_PROFIT":3649901220,"PRETAX_PROFIT":4413647070,"NETCASH_OPERATE":977237380,"NETCASH_INVEST":1906238180,"NETCASH_FINANCE":-7132760950,"END_CASH":100179337230,"DIVI_RATIO":0.307032727697,"DIVIDEND_RATE":4.870775347913,"CURRENT_RATIO":null,"COMMON_ACS":null,"CURRENTDEBT_DEBT":null,"ISSUED_COMMON_SHARES":2630112083,"HK_COMMON_SHARES":2630112083,"PER_SHARES":200,"TOTAL_MARKET_CAP":26458927554.98,"HKSK_MARKET_CAP":26458927554.98,"PE_TTM":7.364021028383,"PB_TTM":0.267189024761,"REPORT_DATE_SQ":"2021-12-31 00:00:00","REPORT_TYPE_SQ":"2021年年报","OPERATE_INCOME_SQ":13312980800,"DPS_HKD":0.49,"OPERATE_INCOME_QOQ_SQ":-3.740136303412,"NET_PROFIT_RATIO_SQ":32.6291223976,"HOLDER_PROFIT_SQ":4308752000,"HOLDER_PROFIT_QOQ_SQ":11.487565810171,"ROE_AVG_SQ":5.252587671868,"PE_TTM_SQ":4.617963920062,"PB_TTM_SQ":0.261701446708,"ROA_SQ":0.588205749237,"START_DATE":"2022-01-01 00:00:00","FISCAL_YEAR":"12-31","CURRENCY":"HKD","IS_CNY_CODE":0,"DPS_HKD_LY":0.51,"ORG_TYPE":"银行","PREMIUM_INCOME":null,"PREMIUM_INCOME_YOY":null,"NET_INTEREST_INCOME":12066291160,"NET_INTEREST_INCOME_YOY":20.768886902101,"FEE_COMMISSION_INCOME":2459172310,"FEE_COMMISSION_INCOME_YOY":null,"ACCOUNTS_RECE_TDAYS":null,"INVENTORY_TDAYS":null,"CURRENT_ASSETS_TDAYS":null,"TOTAL_ASSETS_TDAYS":0.020057029707,"PREMIUM_EXPENSE":null,"LOAN_DEPOSIT":83.690766602941,"LOAN_EQUITY":5.100276456096,"LOAN_ASSETS":61.43845042902,"DEPOSIT_EQUITY":6.094192541327,"DEPOSIT_ASSETS":73.411264973239,"EQUITY_MULTIPLIER":8.301440580743,"EQUITY_RATIO":8.089418358736},{"SECUCODE":"00023.HK","SECURITY_CODE":"00023","SECURITY_NAME_ABBR":"东亚银行","ORG_CODE":"10074229","STD_REPORT_DATE":"2022-06-30 00:00:00","REPORT_DATE":"2022-06-30 00:00:00","DATE_TYPE_CODE":"002","REPORT_TYPE":"2022年中报","PER_NETCASH_OPERATE":2.91940373396,"PER_OI":2.582231369829,"BPS":31.204325644703,"BASIC_EPS":0.3335241,"DILUTED_EPS":0.3335241,"OPERATE_INCOME":6942432420,"OPERATE_INCOME_YOY":-3.5294117647,"GROSS_PROFIT":null,"GROSS_PROFIT_YOY":null,"HOLDER_PROFIT":1281929810,"HOLDER_PROFIT_YOY":-43.8786971172,"GROSS_PROFIT_RATIO":null,"EPS_TTM":1.252797460666,"OPERATE_INCOME_QOQ":-0.44708830347,"NET_PROFIT_RATIO":18.6006405519,"ROE_AVG":1.516086292517,"GROSS_PROFIT_QOQ":null,"ROA":0.165117110329,"HOLDER_PROFIT_QOQ":-21.828962771587,"ROE_YEARLY":3.032172585033,"ROIC_YEARLY":0.356661255678,"TOTAL_ASSETS":776692965090,"TOTAL_LIABILITIES":685764888340,"TAX_EBT":16.204217536071,"OCF_SALES":113.057403301306,"TOTAL_PARENT_EQUITY":82070873920,"DEBT_ASSET_RATIO":88.292918716,"OPERATE_PROFIT":1378566280,"PRETAX_PROFIT":1541052380,"NETCASH_OPERATE":7848933820,"NETCASH_INVEST":-51311400,"NETCASH_FINANCE":-6225783200,"END_CASH":102747657740,"DIVI_RATIO":0.356043505838,"DIVIDEND_RATE":4.870775347913,"CURRENT_RATIO":null,"COMMON_ACS":null,"CURRENTDEBT_DEBT":null,"ISSUED_COMMON_SHARES":2630112083,"HK_COMMON_SHARES":2630112083,"PER_SHARES":200,"TOTAL_MARKET_CAP":26458927554.98,"HKSK_MARKET_CAP":26458927554.98,"PE_TTM":7.364021028383,"PB_TTM":0.267189024761,"REPORT_DATE_SQ":"2021-06-30 00:00:00","REPORT_TYPE_SQ":"2021年中报","OPERATE_INCOME_SQ":7001953200,"DPS_HKD":0.49,"OPERATE_INCOME_QOQ_SQ":-5.069312146781,"NET_PROFIT_RATIO_SQ":32.0499108734,"HOLDER_PROFIT_SQ":2222485680,"HOLDER_PROFIT_QOQ_SQ":27.060496718571,"ROE_AVG_SQ":2.682588783545,"PE_TTM_SQ":4.617963920062,"PB_TTM_SQ":0.261701446708,"ROA_SQ":0.299283612962,"START_DATE":"2022-01-01 00:00:00","FISCAL_YEAR":"12-31","CURRENCY":"HKD","IS_CNY_CODE":0,"DPS_HKD_LY":0.51,"ORG_TYPE":"银行","PREMIUM_INCOME":null,"PREMIUM_INCOME_YOY":null,"NET_INTEREST_INCOME":4985757700,"NET_INTEREST_INCOME_YOY":5.558573239182,"FEE_COMMISSION_INCOME":1231473600,"FEE_COMMISSION_INCOME_YOY":null,"ACCOUNTS_RECE_TDAYS":null,"INVENTORY_TDAYS":null,"CURRENT_ASSETS_TDAYS":null,"TOTAL_ASSETS_TDAYS":0.008942099411,"PREMIUM_EXPENSE":null,"LOAN_DEPOSIT":84.773738527128,"LOAN_EQUITY":5.139158241241,"LOAN_ASSETS":60.164543261423,"DEPOSIT_EQUITY":6.062205501999,"DEPOSIT_ASSETS":70.970732572056,"EQUITY_MULTIPLIER":8.541838702074,"EQUITY_RATIO":8.355764421474},{"SECUCODE":"00023.HK","SECURITY_CODE":"00023","SECURITY_NAME_ABBR":"东亚银行","ORG_CODE":"10074229","STD_REPORT_DATE":"2021-12-31 00:00:00","REPORT_DATE":"2021-12-31 00:00:00","DATE_TYPE_CODE":"001","REPORT_TYPE":"2021年年报","PER_NETCASH_OPERATE":2.706836864666,"PER_OI":4.555128634493,"BPS":31.638839020535,"BASIC_EPS":1.250928,"DILUTED_EPS":1.250928,"OPERATE_INCOME":13312980800,"OPERATE_INCOME_YOY":-5.9329867129,"GROSS_PROFIT":null,"GROSS_PROFIT_YOY":null,"HOLDER_PROFIT":4308752000,"HOLDER_PROFIT_YOY":45.8218040952,"GROSS_PROFIT_RATIO":null,"EPS_TTM":1.474269354774,"OPERATE_INCOME_QOQ":-3.740136303412,"NET_PROFIT_RATIO":32.6291223976,"ROE_AVG":5.252587671868,"GROSS_PROFIT_QOQ":null,"ROA":0.588205749237,"HOLDER_PROFIT_QOQ":11.487565810171,"ROE_YEARLY":5.252587671868,"ROIC_YEARLY":0.638307407394,"TOTAL_ASSETS":741947472000,"TOTAL_LIABILITIES":647064992000,"TAX_EBT":13.412646675359,"OCF_SALES":59.423939077566,"TOTAL_PARENT_EQUITY":83213692800,"DEBT_ASSET_RATIO":87.2116984584,"OPERATE_PROFIT":5208112000,"PRETAX_PROFIT":5016793600,"NETCASH_OPERATE":7911097600,"NETCASH_INVEST":2184627200,"NETCASH_FINANCE":-5405153600,"END_CASH":98640169600,"DIVI_RATIO":0.302556923235,"DIVIDEND_RATE":4.870775347913,"CURRENT_RATIO":null,"COMMON_ACS":null,"CURRENTDEBT_DEBT":null,"ISSUED_COMMON_SHARES":2630112083,"HK_COMMON_SHARES":2630112083,"PER_SHARES":200,"TOTAL_MARKET_CAP":26458927554.98,"HKSK_MARKET_CAP":26458927554.98,"PE_TTM":7.364021028383,"PB_TTM":0.267189024761,"REPORT_DATE_SQ":"2020-12-31 00:00:00","REPORT_TYPE_SQ":"2020年年报","OPERATE_INCOME_SQ":14568788400,"DPS_HKD":0.49,"OPERATE_INCOME_QOQ_SQ":-11.163824931419,"NET_PROFIT_RATIO_SQ":21.2882726748,"HOLDER_PROFIT_SQ":3041686960,"HOLDER_PROFIT_QOQ_SQ":-11.578170348831,"ROE_AVG_SQ":3.722089478454,"PE_TTM_SQ":4.617963920062,"PB_TTM_SQ":0.261701446708,"ROA_SQ":0.41311874935,"START_DATE":"2021-01-01 00:00:00","FISCAL_YEAR":"12-31","CURRENCY":"HKD","IS_CNY_CODE":0,"DPS_HKD_LY":0.59,"ORG_TYPE":"银行","PREMIUM_INCOME":null,"PREMIUM_INCOME_YOY":null,"NET_INTEREST_INCOME":9144856000,"NET_INTEREST_INCOME_YOY":-3.160173160173,"FEE_COMMISSION_INCOME":2509214400,"FEE_COMMISSION_INCOME_YOY":null,"ACCOUNTS_RECE_TDAYS":null,"INVENTORY_TDAYS":null,"CURRENT_ASSETS_TDAYS":null,"TOTAL_ASSETS_TDAYS":0.018174106669,"PREMIUM_EXPENSE":null,"LOAN_DEPOSIT":85.940442459018,"LOAN_EQUITY":4.691400258509,"LOAN_ASSETS":59.995041158385,"DEPOSIT_EQUITY":5.458897027143,"DEPOSIT_ASSETS":69.810021267921,"EQUITY_MULTIPLIER":7.819646704037,"EQUITY_RATIO":7.775943720647},{"SECUCODE":"00023.HK","SECURITY_CODE":"00023","SECURITY_NAME_ABBR":"东亚银行","ORG_CODE":"10074229","STD_REPORT_DATE":"2021-06-30 00:00:00","REPORT_DATE":"2021-06-30 00:00:00","DATE_TYPE_CODE":"002","REPORT_TYPE":"2021年中报","PER_NETCASH_OPERATE":-3.995082702417,"PER_OI":2.398759967238,"BPS":31.716082603161,"BASIC_EPS":0.6490224,"DILUTED_EPS":0.6490224,"OPERATE_INCOME":7001953200,"OPERATE_INCOME_YOY":-0.6962473448,"GROSS_PROFIT":null,"GROSS_PROFIT_YOY":null,"HOLDER_PROFIT":2222485680,"HOLDER_PROFIT_YOY":74.3472584856,"GROSS_PROFIT_RATIO":null,"EPS_TTM":1.324014231773,"OPERATE_INCOME_QOQ":-5.069312146781,"NET_PROFIT_RATIO":32.0499108734,"ROE_AVG":2.682588783545,"GROSS_PROFIT_QOQ":null,"ROA":0.299283612962,"HOLDER_PROFIT_QOQ":27.060496718571,"ROE_YEARLY":5.36517756709,"ROIC_YEARLY":0.651854527351,"TOTAL_ASSETS":749295528720,"TOTAL_LIABILITIES":654017376240,"TAX_EBT":14.947965941343,"OCF_SALES":-166.547831253714,"TOTAL_PARENT_EQUITY":83416852080,"DEBT_ASSET_RATIO":87.2843025444,"OPERATE_PROFIT":2531187360,"PRETAX_PROFIT":2638525680,"NETCASH_OPERATE":-11661601200,"NETCASH_INVEST":-134796960,"NETCASH_FINANCE":-1129132560,"END_CASH":82082195760,"DIVI_RATIO":0.336892451226,"DIVIDEND_RATE":4.870775347913,"CURRENT_RATIO":null,"COMMON_ACS":null,"CURRENTDEBT_DEBT":null,"ISSUED_COMMON_SHARES":2630112083,"HK_COMMON_SHARES":2630112083,"PER_SHARES":200,"TOTAL_MARKET_CAP":26458927554.98,"HKSK_MARKET_CAP":26458927554.98,"PE_TTM":7.364021028383,"PB_TTM":0.267189024761,"REPORT_DATE_SQ":"2020-06-30 00:00:00","REPORT_TYPE_SQ":"2020年中报","OPERATE_INCOME_SQ":7740490560,"DPS_HKD":0.49,"OPERATE_INCOME_QOQ_SQ":-6.992308272668,"NET_PROFIT_RATIO_SQ":18.3856502242,"HOLDER_PROFIT_SQ":1399390080,"HOLDER_PROFIT_QOQ_SQ":17.797495468527,"ROE_AVG_SQ":1.629752558456,"PE_TTM_SQ":4.617963920062,"PB_TTM_SQ":0.261701446708,"ROA_SQ":0.178772410003,"START_DATE":"2021-01-01 00:00:00","FISCAL_YEAR":"12-31","CURRENCY":"HKD","IS_CNY_CODE":0,"DPS_HKD_LY":0.59,"ORG_TYPE":"银行","PREMIUM_INCOME":null,"PREMIUM_INCOME_YOY":null,"NET_INTEREST_INCOME":4595577840,"NET_INTEREST_INCOME_YOY":-9.666339548577,"FEE_COMMISSION_INCOME":1281403200,"FEE_COMMISSION_INCOME_YOY":null,"ACCOUNTS_RECE_TDAYS":null,"INVENTORY_TDAYS":null,"CURRENT_ASSETS_TDAYS":null,"TOTAL_ASSETS_TDAYS":0.009428946474,"PREMIUM_EXPENSE":null,"LOAN_DEPOSIT":88.680862295936,"LOAN_EQUITY":4.635853143067,"LOAN_ASSETS":58.948106015598,"DEPOSIT_EQUITY":5.22756886102,"DEPOSIT_ASSETS":66.47218406479,"EQUITY_MULTIPLIER":7.864295320738,"EQUITY_RATIO":7.840350719694},{"SECUCODE":"00023.HK","SECURITY_CODE":"00023","SECURITY_NAME_ABBR":"东亚银行","ORG_CODE":"10074229","STD_REPORT_DATE":"2020-12-31 00:00:00","REPORT_DATE":"2020-12-31 00:00:00","DATE_TYPE_CODE":"001","REPORT_TYPE":"2020年年报","PER_NETCASH_OPERATE":5.09730176103,"PER_OI":4.995147955358,"BPS":31.643355406006,"BASIC_EPS":0.8163908,"DILUTED_EPS":0.8163908,"OPERATE_INCOME":14568788400,"OPERATE_INCOME_YOY":-12.3766135156,"GROSS_PROFIT":null,"GROSS_PROFIT_YOY":null,"HOLDER_PROFIT":3041686960,"HOLDER_PROFIT_YOY":10.8588957055,"GROSS_PROFIT_RATIO":null,"EPS_TTM":1.042892242095,"OPERATE_INCOME_QOQ":-11.163824931419,"NET_PROFIT_RATIO":21.2882726748,"ROE_AVG":3.722089478454,"GROSS_PROFIT_QOQ":null,"ROA":0.41311874935,"HOLDER_PROFIT_QOQ":-11.578170348831,"ROE_YEARLY":3.722089478454,"ROIC_YEARLY":0.448255289698,"TOTAL_ASSETS":744363248800,"TOTAL_LIABILITIES":648587983360,"TAX_EBT":-2.190793122573,"OCF_SALES":102.045060658579,"TOTAL_PARENT_EQUITY":83225571400,"DEBT_ASSET_RATIO":87.1332624771,"OPERATE_PROFIT":2774045440,"PRETAX_PROFIT":3034953840,"NETCASH_OPERATE":14866728960,"NETCASH_INVEST":309723520,"NETCASH_FINANCE":-1350832200,"END_CASH":95696151280,"DIVI_RATIO":0.427705166455,"DIVIDEND_RATE":4.870775347913,"CURRENT_RATIO":null,"COMMON_ACS":null,"CURRENTDEBT_DEBT":null,"ISSUED_COMMON_SHARES":2630112083,"HK_COMMON_SHARES":2630112083,"PER_SHARES":200,"TOTAL_MARKET_CAP":26458927554.98,"HKSK_MARKET_CAP":26458927554.98,"PE_TTM":7.364021028383,"PB_TTM":0.267189024761,"REPORT_DATE_SQ":"2019-12-31 00:00:00","REPORT_TYPE_SQ":"2019年年报","OPERATE_INCOME_SQ":17696133900,"DPS_HKD":0.49,"OPERATE_INCOME_QOQ_SQ":5.859514247097,"NET_PROFIT_RATIO_SQ":16.9477748425,"HOLDER_PROFIT_SQ":2920242800,"HOLDER_PROFIT_QOQ_SQ":-9.230034428175,"ROE_AVG_SQ":3.484152982104,"PE_TTM_SQ":4.617963920062,"PB_TTM_SQ":0.261701446708,"ROA_SQ":0.382483432073,"START_DATE":"2020-01-01 00:00:00","FISCAL_YEAR":"12-31","CURRENCY":"HKD","IS_CNY_CODE":0,"DPS_HKD_LY":0.51,"ORG_TYPE":"银行","PREMIUM_INCOME":null,"PREMIUM_INCOME_YOY":null,"NET_INTEREST_INCOME":9720942000,"NET_INTEREST_INCOME_YOY":-20.705753123713,"FEE_COMMISSION_INCOME":2459272080,"FEE_COMMISSION_INCOME_YOY":null,"ACCOUNTS_RECE_TDAYS":null,"INVENTORY_TDAYS":null,"CURRENT_ASSETS_TDAYS":null,"TOTAL_ASSETS_TDAYS":0.019787176401,"PREMIUM_EXPENSE":null,"LOAN_DEPOSIT":86.39991038727,"LOAN_EQUITY":4.473531582832,"LOAN_ASSETS":57.559756676692,"DEPOSIT_EQUITY":5.177703961475,"DEPOSIT_ASSETS":66.620157843558,"EQUITY_MULTIPLIER":7.771977925408,"EQUITY_RATIO":7.793133437832}],"count":51},"success":true,"message":"ok","code":0}