{"version":"c95f6dd98a93c9a7e8db20e39a258a05","result":{"pages":9,"data":[{"SECUCODE":"00038.HK","SECURITY_CODE":"00038","SECURITY_NAME_ABBR":"第一拖拉机股份","ORG_CODE":"10037090","STD_REPORT_DATE":"2024-09-30 00:00:00","REPORT_DATE":"2024-09-30 00:00:00","DATE_TYPE_CODE":"004","REPORT_TYPE":"2024年三季报","PER_NETCASH_OPERATE":1.552786803362,"PER_OI":9.554954897648,"BPS":6.62159539149,"BASIC_EPS":0.9798,"DILUTED_EPS":0.9798,"OPERATE_INCOME":10736379923.58,"OPERATE_INCOME_YOY":4.7842185245,"GROSS_PROFIT":1757190363.64,"GROSS_PROFIT_YOY":3.54538518747,"HOLDER_PROFIT":1100902509.2,"HOLDER_PROFIT_YOY":1.4474449831,"GROSS_PROFIT_RATIO":16.366693207091,"EPS_TTM":0.901290043933,"OPERATE_INCOME_QOQ":-0.607860355507,"NET_PROFIT_RATIO":10.3881869176,"ROE_AVG":15.580262347494,"GROSS_PROFIT_QOQ":-5.97393532859,"ROA":7.434172284846,"HOLDER_PROFIT_QOQ":-11.800540885651,"ROE_YEARLY":20.773683129992,"ROIC_YEARLY":9.379840553859,"TOTAL_ASSETS":15800090626.94,"TOTAL_LIABILITIES":7831296534.02,"TAX_EBT":14.862346924638,"OCF_SALES":16.251115991602,"TOTAL_PARENT_EQUITY":7440324374.61,"DEBT_ASSET_RATIO":49.5648836385,"OPERATE_PROFIT":1280751463.95,"PRETAX_PROFIT":1310014047.09,"NETCASH_OPERATE":1744781554.68,"NETCASH_INVEST":-1830292014.39,"NETCASH_FINANCE":-394123868.94,"END_CASH":1744554983.94,"DIVI_RATIO":0.353915346061,"DIVIDEND_RATE":5.16872246696,"CURRENT_RATIO":1.080596488869,"COMMON_ACS":null,"CURRENTDEBT_DEBT":93.237925095423,"ISSUED_COMMON_SHARES":1123645275,"HK_COMMON_SHARES":391940000,"PER_SHARES":2000,"TOTAL_MARKET_CAP":7652024322.75,"HKSK_MARKET_CAP":2669111400,"PE_TTM":6.721793922134,"PB_TTM":0.927448679195,"REPORT_DATE_SQ":"2023-09-30 00:00:00","REPORT_TYPE_SQ":"2023年三季报","OPERATE_INCOME_SQ":10246180269.09,"DPS_HKD":0.35199,"OPERATE_INCOME_QOQ_SQ":-5.077723955434,"NET_PROFIT_RATIO_SQ":10.6607923532,"HOLDER_PROFIT_SQ":1085194909.92,"HOLDER_PROFIT_QOQ_SQ":13.67101575881,"ROE_AVG_SQ":17.023287719282,"PE_TTM_SQ":6.487769959492,"PB_TTM_SQ":0.933704637388,"ROA_SQ":7.827190927761,"START_DATE":"2024-01-01 00:00:00","FISCAL_YEAR":"12-31","CURRENCY":"HKD","IS_CNY_CODE":0,"DPS_HKD_LY":0.35199,"ORG_TYPE":"一般企业","PREMIUM_INCOME":null,"PREMIUM_INCOME_YOY":null,"NET_INTEREST_INCOME":null,"NET_INTEREST_INCOME_YOY":null,"FEE_COMMISSION_INCOME":null,"FEE_COMMISSION_INCOME_YOY":null,"ACCOUNTS_RECE_TDAYS":9.184642350919,"INVENTORY_TDAYS":6.553288029174,"CURRENT_ASSETS_TDAYS":1.493455427316,"TOTAL_ASSETS_TDAYS":0.725006050949,"PREMIUM_EXPENSE":null,"LOAN_DEPOSIT":null,"LOAN_EQUITY":null,"LOAN_ASSETS":null,"DEPOSIT_EQUITY":null,"DEPOSIT_ASSETS":null,"EQUITY_MULTIPLIER":1.982745499847,"EQUITY_RATIO":1.052547730411},{"SECUCODE":"00038.HK","SECURITY_CODE":"00038","SECURITY_NAME_ABBR":"第一拖拉机股份","ORG_CODE":"10037090","STD_REPORT_DATE":"2024-06-30 00:00:00","REPORT_DATE":"2024-06-30 00:00:00","DATE_TYPE_CODE":"002","REPORT_TYPE":"2024年中报","PER_NETCASH_OPERATE":0.813973303719,"PER_OI":6.947583909628,"BPS":6.44226709674,"BASIC_EPS":0.8057,"DILUTED_EPS":0.8057,"OPERATE_INCOME":7806619832.72,"OPERATE_INCOME_YOY":7.7827920719,"GROSS_PROFIT":1328002751.39,"GROSS_PROFIT_YOY":15.715166471517,"HOLDER_PROFIT":905349574.14,"HOLDER_PROFIT_YOY":20.049811078,"GROSS_PROFIT_RATIO":17.011238920895,"EPS_TTM":1.021877064761,"OPERATE_INCOME_QOQ":0.818339380495,"NET_PROFIT_RATIO":11.7809728057,"ROE_AVG":12.998078848789,"GROSS_PROFIT_QOQ":1.733436733402,"ROA":6.33144290679,"HOLDER_PROFIT_QOQ":3.380085275896,"ROE_YEARLY":25.996157697578,"ROIC_YEARLY":15.937612526998,"TOTAL_ASSETS":14781260907.38,"TOTAL_LIABILITIES":7013881865.81,"TAX_EBT":14.921105998789,"OCF_SALES":11.7159190059,"TOTAL_PARENT_EQUITY":7238822983.54,"DEBT_ASSET_RATIO":47.451174225,"OPERATE_PROFIT":1059887053.21,"PRETAX_PROFIT":1080991672.89,"NETCASH_OPERATE":914617256.7,"NETCASH_INVEST":-1181703734.03,"NETCASH_FINANCE":-376797348.3,"END_CASH":1580196089.04,"DIVI_RATIO":0.312151420949,"DIVIDEND_RATE":4.775983717775,"CURRENT_RATIO":1.094021630045,"COMMON_ACS":null,"CURRENTDEBT_DEBT":92.599331172367,"ISSUED_COMMON_SHARES":1123645275,"HK_COMMON_SHARES":391940000,"PER_SHARES":2000,"TOTAL_MARKET_CAP":8281265676.75,"HKSK_MARKET_CAP":2888597800,"PE_TTM":7.274540558903,"PB_TTM":1.003714649877,"REPORT_DATE_SQ":"2023-06-30 00:00:00","REPORT_TYPE_SQ":"2023年中报","OPERATE_INCOME_SQ":7242918542.61,"DPS_HKD":0.35199,"OPERATE_INCOME_QOQ_SQ":6.01919783785,"NET_PROFIT_RATIO_SQ":10.5547978235,"HOLDER_PROFIT_SQ":754144938.68,"HOLDER_PROFIT_QOQ_SQ":24.423816057808,"ROE_AVG_SQ":12.145644065232,"PE_TTM_SQ":4.757697970294,"PB_TTM_SQ":0.684716734085,"ROA_SQ":5.546927372257,"START_DATE":"2024-01-01 00:00:00","FISCAL_YEAR":"12-31","CURRENCY":"HKD","IS_CNY_CODE":0,"DPS_HKD_LY":0.35199,"ORG_TYPE":"一般企业","PREMIUM_INCOME":null,"PREMIUM_INCOME_YOY":null,"NET_INTEREST_INCOME":null,"NET_INTEREST_INCOME_YOY":null,"FEE_COMMISSION_INCOME":null,"FEE_COMMISSION_INCOME_YOY":null,"ACCOUNTS_RECE_TDAYS":6.625027821304,"INVENTORY_TDAYS":4.942046427997,"CURRENT_ASSETS_TDAYS":1.148612381298,"TOTAL_ASSETS_TDAYS":0.545945667593,"PREMIUM_EXPENSE":null,"LOAN_DEPOSIT":null,"LOAN_EQUITY":null,"LOAN_ASSETS":null,"DEPOSIT_EQUITY":null,"DEPOSIT_ASSETS":null,"EQUITY_MULTIPLIER":1.902992094023,"EQUITY_RATIO":0.968925733059},{"SECUCODE":"00038.HK","SECURITY_CODE":"00038","SECURITY_NAME_ABBR":"第一拖拉机股份","ORG_CODE":"10037090","STD_REPORT_DATE":"2024-03-31 00:00:00","REPORT_DATE":"2024-03-31 00:00:00","DATE_TYPE_CODE":"003","REPORT_TYPE":"2024年一季报","PER_NETCASH_OPERATE":0.219853107138,"PER_OI":4.143553358866,"BPS":6.490527339698,"BASIC_EPS":0.5334,"DILUTED_EPS":0.5334,"OPERATE_INCOME":4655884153.4,"OPERATE_INCOME_YOY":11.1101459259,"GROSS_PROFIT":806123179.39,"GROSS_PROFIT_YOY":22.130822703115,"HOLDER_PROFIT":599396148.31,"HOLDER_PROFIT_YOY":23.4001771297,"GROSS_PROFIT_RATIO":17.314072962948,"EPS_TTM":0.988466068716,"OPERATE_INCOME_QOQ":4.038389342232,"NET_PROFIT_RATIO":13.0351866044,"ROE_AVG":8.572145117619,"GROSS_PROFIT_QOQ":7.97552861271,"ROA":4.109003756987,"HOLDER_PROFIT_QOQ":11.400194561382,"ROE_YEARLY":34.288580470475,"ROIC_YEARLY":20.912435789444,"TOTAL_ASSETS":15357505624.41,"TOTAL_LIABILITIES":7529602886.23,"TAX_EBT":13.673718901442,"OCF_SALES":5.305907468716,"TOTAL_PARENT_EQUITY":7293050377.51,"DEBT_ASSET_RATIO":49.0288141211,"OPERATE_PROFIT":690172385.66,"PRETAX_PROFIT":703034093.16,"NETCASH_OPERATE":247036905.03,"NETCASH_INVEST":-518012197.59,"NETCASH_FINANCE":-3410370.59,"END_CASH":1950376194.6,"DIVI_RATIO":0.322702405167,"DIVIDEND_RATE":4.775983717775,"CURRENT_RATIO":1.114472718988,"COMMON_ACS":null,"CURRENTDEBT_DEBT":92.649279863322,"ISSUED_COMMON_SHARES":1123645275,"HK_COMMON_SHARES":391940000,"PER_SHARES":2000,"TOTAL_MARKET_CAP":8281265676.75,"HKSK_MARKET_CAP":2888597800,"PE_TTM":7.274540558903,"PB_TTM":1.003714649877,"REPORT_DATE_SQ":"2023-03-31 00:00:00","REPORT_TYPE_SQ":"2023年一季报","OPERATE_INCOME_SQ":4190332138.08,"DPS_HKD":0.35199,"OPERATE_INCOME_QOQ_SQ":-0.435639959092,"NET_PROFIT_RATIO_SQ":11.8328350037,"HOLDER_PROFIT_SQ":485733620.69,"HOLDER_PROFIT_QOQ_SQ":0.748109234094,"ROE_AVG_SQ":7.832650939877,"PE_TTM_SQ":4.757697970294,"PB_TTM_SQ":0.684716734085,"ROA_SQ":3.577322091606,"START_DATE":"2024-01-01 00:00:00","FISCAL_YEAR":"12-31","CURRENCY":"HKD","IS_CNY_CODE":0,"DPS_HKD_LY":0.35199,"ORG_TYPE":"一般企业","PREMIUM_INCOME":null,"PREMIUM_INCOME_YOY":null,"NET_INTEREST_INCOME":null,"NET_INTEREST_INCOME_YOY":null,"FEE_COMMISSION_INCOME":null,"FEE_COMMISSION_INCOME_YOY":null,"ACCOUNTS_RECE_TDAYS":3.29529025898,"INVENTORY_TDAYS":2.61804385764,"CURRENT_ASSETS_TDAYS":0.652890649335,"TOTAL_ASSETS_TDAYS":0.319171978872,"PREMIUM_EXPENSE":null,"LOAN_DEPOSIT":null,"LOAN_EQUITY":null,"LOAN_ASSETS":null,"DEPOSIT_EQUITY":null,"DEPOSIT_ASSETS":null,"EQUITY_MULTIPLIER":1.961892749319,"EQUITY_RATIO":1.032435331785},{"SECUCODE":"00038.HK","SECURITY_CODE":"00038","SECURITY_NAME_ABBR":"第一拖拉机股份","ORG_CODE":"10037090","STD_REPORT_DATE":"2023-12-31 00:00:00","REPORT_DATE":"2023-12-31 00:00:00","DATE_TYPE_CODE":"001","REPORT_TYPE":"2023年年报","PER_NETCASH_OPERATE":0.940031186248,"PER_OI":10.259608625916,"BPS":5.955340902893,"BASIC_EPS":0.8873,"DILUTED_EPS":0.8873,"OPERATE_INCOME":11528160755.86,"OPERATE_INCOME_YOY":-7.4449597042,"GROSS_PROFIT":1831530722.33,"GROSS_PROFIT_YOY":-6.478523468509,"HOLDER_PROFIT":997022699.99,"HOLDER_PROFIT_YOY":46.3947285282,"GROSS_PROFIT_RATIO":15.887449534385,"EPS_TTM":0.887310899777,"OPERATE_INCOME_QOQ":-7.627327117568,"NET_PROFIT_RATIO":8.5792288878,"ROE_AVG":15.763484350526,"GROSS_PROFIT_QOQ":-6.516933618341,"ROA":7.439522898032,"HOLDER_PROFIT_QOQ":2.738986336905,"ROE_YEARLY":15.763484350526,"ROIC_YEARLY":10.718738975762,"TOTAL_ASSETS":13817261971.79,"TOTAL_LIABILITIES":6597932308.41,"TAX_EBT":1.401542459927,"OCF_SALES":9.162446839086,"TOTAL_PARENT_EQUITY":6691690666.55,"DEBT_ASSET_RATIO":47.7513730425,"OPERATE_PROFIT":952047876.02,"PRETAX_PROFIT":1003085973.63,"NETCASH_OPERATE":1056261600.78,"NETCASH_INVEST":-2009731546.47,"NETCASH_FINANCE":-346343393.83,"END_CASH":2223210636.03,"DIVI_RATIO":0.35949110721,"DIVIDEND_RATE":4.775983717775,"CURRENT_RATIO":1.073299680844,"COMMON_ACS":null,"CURRENTDEBT_DEBT":91.613614766331,"ISSUED_COMMON_SHARES":1123645275,"HK_COMMON_SHARES":391940000,"PER_SHARES":2000,"TOTAL_MARKET_CAP":8281265676.75,"HKSK_MARKET_CAP":2888597800,"PE_TTM":7.274540558903,"PB_TTM":1.003714649877,"REPORT_DATE_SQ":"2022-12-31 00:00:00","REPORT_TYPE_SQ":"2022年年报","OPERATE_INCOME_SQ":12455465114.62,"DPS_HKD":0.35199,"OPERATE_INCOME_QOQ_SQ":10.326658122627,"NET_PROFIT_RATIO_SQ":5.1540277958,"HOLDER_PROFIT_SQ":681050957.24,"HOLDER_PROFIT_QOQ_SQ":0.671652787775,"ROE_AVG_SQ":11.990160841372,"PE_TTM_SQ":4.757697970294,"PB_TTM_SQ":0.684716734085,"ROA_SQ":5.378330829797,"START_DATE":"2023-01-01 00:00:00","FISCAL_YEAR":"12-31","CURRENCY":"HKD","IS_CNY_CODE":0,"DPS_HKD_LY":0.258,"ORG_TYPE":"一般企业","PREMIUM_INCOME":null,"PREMIUM_INCOME_YOY":null,"NET_INTEREST_INCOME":null,"NET_INTEREST_INCOME_YOY":null,"FEE_COMMISSION_INCOME":null,"FEE_COMMISSION_INCOME_YOY":null,"ACCOUNTS_RECE_TDAYS":17.340736176148,"INVENTORY_TDAYS":7.16810560549,"CURRENT_ASSETS_TDAYS":1.604490170786,"TOTAL_ASSETS_TDAYS":0.860201236304,"PREMIUM_EXPENSE":null,"LOAN_DEPOSIT":null,"LOAN_EQUITY":null,"LOAN_ASSETS":null,"DEPOSIT_EQUITY":null,"DEPOSIT_ASSETS":null,"EQUITY_MULTIPLIER":1.913925892853,"EQUITY_RATIO":0.985988838574},{"SECUCODE":"00038.HK","SECURITY_CODE":"00038","SECURITY_NAME_ABBR":"第一拖拉机股份","ORG_CODE":"10037090","STD_REPORT_DATE":"2023-09-30 00:00:00","REPORT_DATE":"2023-09-30 00:00:00","DATE_TYPE_CODE":"004","REPORT_TYPE":"2023年三季报","PER_NETCASH_OPERATE":1.335518552063,"PER_OI":9.118696529107,"BPS":6.044121742594,"BASIC_EPS":0.9658,"DILUTED_EPS":0.9658,"OPERATE_INCOME":10246180269.09,"OPERATE_INCOME_YOY":0.240572079,"GROSS_PROFIT":1697024314.95,"GROSS_PROFIT_YOY":0.04743881317,"HOLDER_PROFIT":1085194909.92,"HOLDER_PROFIT_YOY":36.3646898938,"GROSS_PROFIT_RATIO":16.56250690874,"EPS_TTM":0.863655493803,"OPERATE_INCOME_QOQ":-5.077723955434,"NET_PROFIT_RATIO":10.6607923532,"ROE_AVG":17.023287719282,"GROSS_PROFIT_QOQ":-3.916048499299,"ROA":7.827190927761,"HOLDER_PROFIT_QOQ":13.67101575881,"ROE_YEARLY":22.697716959042,"ROIC_YEARLY":11.489039712685,"TOTAL_ASSETS":14742704971.68,"TOTAL_LIABILITIES":7411632293.07,"TAX_EBT":5.849440353566,"OCF_SALES":14.645937034966,"TOTAL_PARENT_EQUITY":6791448837.59,"DEBT_ASSET_RATIO":50.2732185668,"OPERATE_PROFIT":1112611827.36,"PRETAX_PROFIT":1160188539.21,"NETCASH_OPERATE":1500649110.7,"NETCASH_INVEST":-2124329045.16,"NETCASH_FINANCE":-38604648.76,"END_CASH":2865916340.18,"DIVI_RATIO":0.369337519519,"DIVIDEND_RATE":4.775983717775,"CURRENT_RATIO":1.076107859819,"COMMON_ACS":null,"CURRENTDEBT_DEBT":96.001914353778,"ISSUED_COMMON_SHARES":1123645275,"HK_COMMON_SHARES":391940000,"PER_SHARES":2000,"TOTAL_MARKET_CAP":8281265676.75,"HKSK_MARKET_CAP":2888597800,"PE_TTM":7.274540558903,"PB_TTM":1.003714649877,"REPORT_DATE_SQ":"2022-09-30 00:00:00","REPORT_TYPE_SQ":"2022年三季报","OPERATE_INCOME_SQ":10221589977.57,"DPS_HKD":0.35199,"OPERATE_INCOME_QOQ_SQ":10.848202384286,"NET_PROFIT_RATIO_SQ":8.8945428529,"HOLDER_PROFIT_SQ":795803452.32,"HOLDER_PROFIT_QOQ_SQ":33.093459580049,"ROE_AVG_SQ":16.136432260664,"PE_TTM_SQ":4.757697970294,"PB_TTM_SQ":0.684716734085,"ROA_SQ":7.038175173952,"START_DATE":"2023-01-01 00:00:00","FISCAL_YEAR":"12-31","CURRENCY":"HKD","IS_CNY_CODE":0,"DPS_HKD_LY":0.258,"ORG_TYPE":"一般企业","PREMIUM_INCOME":null,"PREMIUM_INCOME_YOY":null,"NET_INTEREST_INCOME":null,"NET_INTEREST_INCOME_YOY":null,"FEE_COMMISSION_INCOME":null,"FEE_COMMISSION_INCOME_YOY":null,"ACCOUNTS_RECE_TDAYS":9.228188799641,"INVENTORY_TDAYS":7.464586809554,"CURRENT_ASSETS_TDAYS":1.318766024806,"TOTAL_ASSETS_TDAYS":0.739026773101,"PREMIUM_EXPENSE":null,"LOAN_DEPOSIT":null,"LOAN_EQUITY":null,"LOAN_ASSETS":null,"DEPOSIT_EQUITY":null,"DEPOSIT_ASSETS":null,"EQUITY_MULTIPLIER":2.010988789498,"EQUITY_RATIO":1.091318284259},{"SECUCODE":"00038.HK","SECURITY_CODE":"00038","SECURITY_NAME_ABBR":"第一拖拉机股份","ORG_CODE":"10037090","STD_REPORT_DATE":"2023-06-30 00:00:00","REPORT_DATE":"2023-06-30 00:00:00","DATE_TYPE_CODE":"002","REPORT_TYPE":"2023年中报","PER_NETCASH_OPERATE":0.849328663381,"PER_OI":6.445911982863,"BPS":5.749390660126,"BASIC_EPS":0.6712,"DILUTED_EPS":0.6712,"OPERATE_INCOME":7242918542.61,"OPERATE_INCOME_YOY":10.5666451844,"GROSS_PROFIT":1147647963.43,"GROSS_PROFIT_YOY":7.559125972264,"HOLDER_PROFIT":754144938.68,"HOLDER_PROFIT_YOY":29.6969666017,"GROSS_PROFIT_RATIO":15.84510383043,"EPS_TTM":0.759785146669,"OPERATE_INCOME_QOQ":6.01919783785,"NET_PROFIT_RATIO":10.5547978235,"ROE_AVG":12.145644065232,"GROSS_PROFIT_QOQ":7.572415700746,"ROA":5.546927372257,"HOLDER_PROFIT_QOQ":24.423816057808,"ROE_YEARLY":24.291288130465,"ROIC_YEARLY":15.801427682568,"TOTAL_ASSETS":14205305772.95,"TOTAL_LIABILITIES":7202010187.39,"TAX_EBT":6.884727854498,"OCF_SALES":13.17623736779,"TOTAL_PARENT_EQUITY":6460275649.38,"DEBT_ASSET_RATIO":50.69943796,"OPERATE_PROFIT":785388926.35,"PRETAX_PROFIT":820998952.24,"NETCASH_OPERATE":954344139.53,"NETCASH_INVEST":-2217893223.75,"NETCASH_FINANCE":-26521188.76,"END_CASH":2239572429.19,"DIVI_RATIO":0.419829710015,"DIVIDEND_RATE":4.775983717775,"CURRENT_RATIO":1.031266284504,"COMMON_ACS":null,"CURRENTDEBT_DEBT":96.028891080149,"ISSUED_COMMON_SHARES":1123645275,"HK_COMMON_SHARES":391940000,"PER_SHARES":2000,"TOTAL_MARKET_CAP":8281265676.75,"HKSK_MARKET_CAP":2888597800,"PE_TTM":7.274540558903,"PB_TTM":1.003714649877,"REPORT_DATE_SQ":"2022-06-30 00:00:00","REPORT_TYPE_SQ":"2022年中报","OPERATE_INCOME_SQ":6550726514.79,"DPS_HKD":0.35199,"OPERATE_INCOME_QOQ_SQ":-0.145101700783,"NET_PROFIT_RATIO_SQ":8.8751289343,"HOLDER_PROFIT_SQ":581466905.85,"HOLDER_PROFIT_QOQ_SQ":-4.201262255926,"ROE_AVG_SQ":10.343129093799,"PE_TTM_SQ":4.757697970294,"PB_TTM_SQ":0.684716734085,"ROA_SQ":4.428420855795,"START_DATE":"2023-01-01 00:00:00","FISCAL_YEAR":"12-31","CURRENCY":"HKD","IS_CNY_CODE":0,"DPS_HKD_LY":0.258,"ORG_TYPE":"一般企业","PREMIUM_INCOME":null,"PREMIUM_INCOME_YOY":null,"NET_INTEREST_INCOME":null,"NET_INTEREST_INCOME_YOY":null,"FEE_COMMISSION_INCOME":null,"FEE_COMMISSION_INCOME_YOY":null,"ACCOUNTS_RECE_TDAYS":6.640424248017,"INVENTORY_TDAYS":5.118055877722,"CURRENT_ASSETS_TDAYS":0.964793018383,"TOTAL_ASSETS_TDAYS":0.532735036177,"PREMIUM_EXPENSE":null,"LOAN_DEPOSIT":null,"LOAN_EQUITY":null,"LOAN_ASSETS":null,"DEPOSIT_EQUITY":null,"DEPOSIT_ASSETS":null,"EQUITY_MULTIPLIER":2.028374441631,"EQUITY_RATIO":1.114814688764},{"SECUCODE":"00038.HK","SECURITY_CODE":"00038","SECURITY_NAME_ABBR":"第一拖拉机股份","ORG_CODE":"10037090","STD_REPORT_DATE":"2023-03-31 00:00:00","REPORT_DATE":"2023-03-31 00:00:00","DATE_TYPE_CODE":"003","REPORT_TYPE":"2023年一季报","PER_NETCASH_OPERATE":0.137555374805,"PER_OI":3.729230417562,"BPS":5.735533369248,"BASIC_EPS":0.4323,"DILUTED_EPS":0.4323,"OPERATE_INCOME":4190332138.08,"OPERATE_INCOME_YOY":-1.2771460706,"GROSS_PROFIT":660048922.58,"GROSS_PROFIT_YOY":-9.202938826311,"HOLDER_PROFIT":485733620.69,"HOLDER_PROFIT_YOY":1.0600490545,"GROSS_PROFIT_RATIO":15.832435701076,"EPS_TTM":0.61064285821,"OPERATE_INCOME_QOQ":-0.435639959092,"NET_PROFIT_RATIO":11.8328350037,"ROE_AVG":7.832650939877,"GROSS_PROFIT_QOQ":-3.210860532016,"ROA":3.577322091606,"HOLDER_PROFIT_QOQ":0.748109234094,"ROE_YEARLY":31.330603759506,"ROIC_YEARLY":21.140745390003,"TOTAL_ASSETS":14170127548.57,"TOTAL_LIABILITIES":7175206686.02,"TAX_EBT":-0.256008046949,"OCF_SALES":3.685038300131,"TOTAL_PARENT_EQUITY":6444704969.96,"DEBT_ASSET_RATIO":50.6361474971,"OPERATE_PROFIT":483014592.04,"PRETAX_PROFIT":495043302.39,"NETCASH_OPERATE":154563446.95,"NETCASH_INVEST":-1106629376.91,"NETCASH_FINANCE":-6083507.84,"END_CASH":2560431222.59,"DIVI_RATIO":0.522368146145,"DIVIDEND_RATE":4.775983717775,"CURRENT_RATIO":1.228718913216,"COMMON_ACS":null,"CURRENTDEBT_DEBT":95.10540927923,"ISSUED_COMMON_SHARES":1123645275,"HK_COMMON_SHARES":391940000,"PER_SHARES":2000,"TOTAL_MARKET_CAP":8281265676.75,"HKSK_MARKET_CAP":2888597800,"PE_TTM":7.274540558903,"PB_TTM":1.003714649877,"REPORT_DATE_SQ":"2022-03-31 00:00:00","REPORT_TYPE_SQ":"2022年一季报","OPERATE_INCOME_SQ":4248612150.24,"DPS_HKD":0.35199,"OPERATE_INCOME_QOQ_SQ":10.754805648095,"NET_PROFIT_RATIO_SQ":11.5776883948,"HOLDER_PROFIT_SQ":480638615.59,"HOLDER_PROFIT_QOQ_SQ":21.08055465576,"ROE_AVG_SQ":8.521902020213,"PE_TTM_SQ":4.757697970294,"PB_TTM_SQ":0.684716734085,"ROA_SQ":3.589182804887,"START_DATE":"2023-01-01 00:00:00","FISCAL_YEAR":"12-31","CURRENCY":"HKD","IS_CNY_CODE":0,"DPS_HKD_LY":0.258,"ORG_TYPE":"一般企业","PREMIUM_INCOME":null,"PREMIUM_INCOME_YOY":null,"NET_INTEREST_INCOME":null,"NET_INTEREST_INCOME_YOY":null,"FEE_COMMISSION_INCOME":null,"FEE_COMMISSION_INCOME_YOY":null,"ACCOUNTS_RECE_TDAYS":3.422984320747,"INVENTORY_TDAYS":2.792676032682,"CURRENT_ASSETS_TDAYS":0.515688604532,"TOTAL_ASSETS_TDAYS":0.308904808128,"PREMIUM_EXPENSE":null,"LOAN_DEPOSIT":null,"LOAN_EQUITY":null,"LOAN_ASSETS":null,"DEPOSIT_EQUITY":null,"DEPOSIT_ASSETS":null,"EQUITY_MULTIPLIER":2.025773818892,"EQUITY_RATIO":1.113349132267},{"SECUCODE":"00038.HK","SECURITY_CODE":"00038","SECURITY_NAME_ABBR":"第一拖拉机股份","ORG_CODE":"10037090","STD_REPORT_DATE":"2022-12-31 00:00:00","REPORT_DATE":"2022-12-31 00:00:00","DATE_TYPE_CODE":"001","REPORT_TYPE":"2022年年报","PER_NETCASH_OPERATE":3.205644519219,"PER_OI":11.084872950336,"BPS":5.302460735956,"BASIC_EPS":0.6061,"DILUTED_EPS":0.6061,"OPERATE_INCOME":12455465114.62,"OPERATE_INCOME_YOY":35.2511825155,"GROSS_PROFIT":1958406550.3,"GROSS_PROFIT_YOY":30.891743929907,"HOLDER_PROFIT":681050957.24,"HOLDER_PROFIT_YOY":55.4168496338,"GROSS_PROFIT_RATIO":15.723271128601,"EPS_TTM":0.606108504519,"OPERATE_INCOME_QOQ":10.326658122627,"NET_PROFIT_RATIO":5.1540277958,"ROE_AVG":11.990160841372,"GROSS_PROFIT_QOQ":7.197191646988,"ROA":5.378330829797,"HOLDER_PROFIT_QOQ":0.671652787775,"ROE_YEARLY":11.990160841372,"ROIC_YEARLY":8.205747250389,"TOTAL_ASSETS":12991565481.68,"TOTAL_LIABILITIES":6494394605.75,"TAX_EBT":-4.912629033922,"OCF_SALES":28.919091211793,"TOTAL_PARENT_EQUITY":5958084951.83,"DEBT_ASSET_RATIO":49.9684300833,"OPERATE_PROFIT":479009489.14,"PRETAX_PROFIT":611897862.07,"NETCASH_OPERATE":3602007317.35,"NETCASH_INVEST":-2096009934.95,"NETCASH_FINANCE":-140526633.94,"END_CASH":3519577581.87,"DIVI_RATIO":0.526276030483,"DIVIDEND_RATE":4.775983717775,"CURRENT_RATIO":1.28628982449,"COMMON_ACS":null,"CURRENTDEBT_DEBT":94.35611666012,"ISSUED_COMMON_SHARES":1123645275,"HK_COMMON_SHARES":391940000,"PER_SHARES":2000,"TOTAL_MARKET_CAP":8281265676.75,"HKSK_MARKET_CAP":2888597800,"PE_TTM":7.274540558903,"PB_TTM":1.003714649877,"REPORT_DATE_SQ":"2021-12-31 00:00:00","REPORT_TYPE_SQ":"2021年年报","OPERATE_INCOME_SQ":9209135833.76,"DPS_HKD":0.35199,"OPERATE_INCOME_QOQ_SQ":-0.193410727954,"NET_PROFIT_RATIO_SQ":4.7055794827,"HOLDER_PROFIT_SQ":438209215.31,"HOLDER_PROFIT_QOQ_SQ":-7.086175728701,"ROE_AVG_SQ":8.997897522492,"PE_TTM_SQ":4.757697970294,"PB_TTM_SQ":0.684716734085,"ROA_SQ":3.550811145228,"START_DATE":"2022-01-01 00:00:00","FISCAL_YEAR":"12-31","CURRENCY":"HKD","IS_CNY_CODE":0,"DPS_HKD_LY":0.143815,"ORG_TYPE":"一般企业","PREMIUM_INCOME":null,"PREMIUM_INCOME_YOY":null,"NET_INTEREST_INCOME":null,"NET_INTEREST_INCOME_YOY":null,"FEE_COMMISSION_INCOME":null,"FEE_COMMISSION_INCOME_YOY":null,"ACCOUNTS_RECE_TDAYS":19.84048447848,"INVENTORY_TDAYS":7.32699260845,"CURRENT_ASSETS_TDAYS":1.599099070835,"TOTAL_ASSETS_TDAYS":0.983621141902,"PREMIUM_EXPENSE":null,"LOAN_DEPOSIT":null,"LOAN_EQUITY":null,"LOAN_ASSETS":null,"DEPOSIT_EQUITY":null,"DEPOSIT_ASSETS":null,"EQUITY_MULTIPLIER":1.998738000157,"EQUITY_RATIO":1.090013764197},{"SECUCODE":"00038.HK","SECURITY_CODE":"00038","SECURITY_NAME_ABBR":"第一拖拉机股份","ORG_CODE":"10037090","STD_REPORT_DATE":"2022-09-30 00:00:00","REPORT_DATE":"2022-09-30 00:00:00","DATE_TYPE_CODE":"004","REPORT_TYPE":"2022年三季报","PER_NETCASH_OPERATE":3.320041861227,"PER_OI":9.096812139018,"BPS":5.202228453299,"BASIC_EPS":0.7082,"DILUTED_EPS":0.7082,"OPERATE_INCOME":10221589977.57,"OPERATE_INCOME_YOY":25.5553669332,"GROSS_PROFIT":1696219648.48,"GROSS_PROFIT_YOY":24.219376152597,"HOLDER_PROFIT":795803452.32,"HOLDER_PROFIT_YOY":35.6105634835,"GROSS_PROFIT_RATIO":16.594479451848,"EPS_TTM":0.602064720043,"OPERATE_INCOME_QOQ":10.848202384286,"NET_PROFIT_RATIO":8.8945428529,"ROE_AVG":16.136432260664,"GROSS_PROFIT_QOQ":15.698977725445,"ROA":7.038175173952,"HOLDER_PROFIT_QOQ":33.093459580049,"ROE_YEARLY":21.515243014218,"ROIC_YEARLY":10.765008299924,"TOTAL_ASSETS":13447649338.36,"TOTAL_LIABILITIES":7080531939.31,"TAX_EBT":-1.75325423515,"OCF_SALES":36.496761837994,"TOTAL_PARENT_EQUITY":5845459421.02,"DEBT_ASSET_RATIO":52.652562252,"OPERATE_PROFIT":655173851.96,"PRETAX_PROFIT":765091363.31,"NETCASH_OPERATE":3730549350.17,"NETCASH_INVEST":-1677728129.18,"NETCASH_FINANCE":-56712891.04,"END_CASH":4149800978.12,"DIVI_RATIO":0.529810778113,"DIVIDEND_RATE":4.775983717775,"CURRENT_RATIO":1.313247552,"COMMON_ACS":null,"CURRENTDEBT_DEBT":95.285113250085,"ISSUED_COMMON_SHARES":1123645275,"HK_COMMON_SHARES":391940000,"PER_SHARES":2000,"TOTAL_MARKET_CAP":8281265676.75,"HKSK_MARKET_CAP":2888597800,"PE_TTM":7.274540558903,"PB_TTM":1.003714649877,"REPORT_DATE_SQ":"2021-09-30 00:00:00","REPORT_TYPE_SQ":"2021年三季报","OPERATE_INCOME_SQ":8141101593.06,"DPS_HKD":0.35199,"OPERATE_INCOME_QOQ_SQ":2.735008376398,"NET_PROFIT_RATIO_SQ":8.244667842,"HOLDER_PROFIT_SQ":669177736.32,"HOLDER_PROFIT_QOQ_SQ":0.738916542968,"ROE_AVG_SQ":13.419325808305,"PE_TTM_SQ":4.757697970294,"PB_TTM_SQ":0.684716734085,"ROA_SQ":5.193621890403,"START_DATE":"2022-01-01 00:00:00","FISCAL_YEAR":"12-31","CURRENCY":"HKD","IS_CNY_CODE":0,"DPS_HKD_LY":0.143815,"ORG_TYPE":"一般企业","PREMIUM_INCOME":null,"PREMIUM_INCOME_YOY":null,"NET_INTEREST_INCOME":null,"NET_INTEREST_INCOME_YOY":null,"FEE_COMMISSION_INCOME":null,"FEE_COMMISSION_INCOME_YOY":null,"ACCOUNTS_RECE_TDAYS":9.613599437661,"INVENTORY_TDAYS":6.480086675549,"CURRENT_ASSETS_TDAYS":1.234791373173,"TOTAL_ASSETS_TDAYS":0.792763276232,"PREMIUM_EXPENSE":null,"LOAN_DEPOSIT":null,"LOAN_EQUITY":null,"LOAN_ASSETS":null,"DEPOSIT_EQUITY":null,"DEPOSIT_ASSETS":null,"EQUITY_MULTIPLIER":2.112046707411,"EQUITY_RATIO":1.21128750186}],"count":76},"success":true,"message":"ok","code":0}