{"version":"e66bad5932f5025576d185997b173036","result":{"pages":6,"data":[{"SECUCODE":"00030.HK","SECURITY_CODE":"00030","SECURITY_NAME_ABBR":"云白国际","ORG_CODE":"10007323","STD_REPORT_DATE":"2024-06-30 00:00:00","REPORT_DATE":"2024-06-30 00:00:00","DATE_TYPE_CODE":"002","REPORT_TYPE":"2024年中报","PER_NETCASH_OPERATE":-0.001040102989,"PER_OI":0.048627897971,"BPS":0.032789253859,"BASIC_EPS":0.000182536,"DILUTED_EPS":0.000182536,"OPERATE_INCOME":330665531.98424,"OPERATE_INCOME_YOY":-1.5899578512,"GROSS_PROFIT":21665004.35184,"GROSS_PROFIT_YOY":-26.438848341865,"HOLDER_PROFIT":1285363.7512,"HOLDER_PROFIT_YOY":-92.3953945576,"GROSS_PROFIT_RATIO":6.551939121636,"EPS_TTM":0.000788434882,"OPERATE_INCOME_QOQ":0,"NET_PROFIT_RATIO":0.3887202103,"ROE_AVG":0.577838731703,"GROSS_PROFIT_QOQ":0,"ROA":0.382969268472,"HOLDER_PROFIT_QOQ":0,"ROE_YEARLY":1.155677463405,"ROIC_YEARLY":1.578756874188,"TOTAL_ASSETS":315109826.84176,"TOTAL_LIABILITIES":92145715.2292,"TAX_EBT":65.250531787717,"OCF_SALES":-2.138901808906,"TOTAL_PARENT_EQUITY":222964111.61256,"DEBT_ASSET_RATIO":29.242412448,"OPERATE_PROFIT":5200301.87316,"PRETAX_PROFIT":3698945.09852,"NETCASH_OPERATE":-7072611.04504,"NETCASH_INVEST":103398.42988,"NETCASH_FINANCE":-10990132.0514,"END_CASH":163678017.82792,"DIVI_RATIO":null,"DIVIDEND_RATE":null,"CURRENT_RATIO":3.618157687149,"COMMON_ACS":20000000000,"CURRENTDEBT_DEBT":90.184826541632,"ISSUED_COMMON_SHARES":6799914160,"HK_COMMON_SHARES":6799914160,"PER_SHARES":2000,"TOTAL_MARKET_CAP":1040386866.48,"HKSK_MARKET_CAP":1040386866.48,"PE_TTM":4382.77227950005,"PB_TTM":4.258713559019,"REPORT_DATE_SQ":"2023-06-30 00:00:00","REPORT_TYPE_SQ":"2023年中报","OPERATE_INCOME_SQ":337830284.62253,"DPS_HKD":null,"OPERATE_INCOME_QOQ_SQ":0,"NET_PROFIT_RATIO_SQ":5.0272943154,"HOLDER_PROFIT_SQ":16994110.26621,"HOLDER_PROFIT_QOQ_SQ":0,"ROE_AVG_SQ":15.056306068039,"PE_TTM_SQ":3637.98744768958,"PB_TTM_SQ":6.398713939474,"ROA_SQ":5.444554202076,"START_DATE":"2024-01-01 00:00:00","FISCAL_YEAR":"12-31","CURRENCY":"HKD","IS_CNY_CODE":0,"DPS_HKD_LY":null,"ORG_TYPE":"一般企业","PREMIUM_INCOME":null,"PREMIUM_INCOME_YOY":null,"NET_INTEREST_INCOME":null,"NET_INTEREST_INCOME_YOY":null,"FEE_COMMISSION_INCOME":null,"FEE_COMMISSION_INCOME_YOY":null,"ACCOUNTS_RECE_TDAYS":3.382247668798,"INVENTORY_TDAYS":10.21541864008,"CURRENT_ASSETS_TDAYS":1.032794175331,"TOTAL_ASSETS_TDAYS":0.985205446898,"PREMIUM_EXPENSE":null,"LOAN_DEPOSIT":null,"LOAN_EQUITY":null,"LOAN_ASSETS":null,"DEPOSIT_EQUITY":null,"DEPOSIT_ASSETS":null,"EQUITY_MULTIPLIER":1.413275995688,"EQUITY_RATIO":0.413275995687},{"SECUCODE":"00030.HK","SECURITY_CODE":"00030","SECURITY_NAME_ABBR":"云白国际","ORG_CODE":"10007323","STD_REPORT_DATE":"2023-06-30 00:00:00","REPORT_DATE":"2023-09-30 00:00:00","DATE_TYPE_CODE":"002","REPORT_TYPE":"2023年中报","PER_NETCASH_OPERATE":0.007606362531,"PER_OI":0.049681551366,"BPS":0.018212880135,"BASIC_EPS":0.002477601,"DILUTED_EPS":0.002202312,"OPERATE_INCOME":337830284.62253,"OPERATE_INCOME_YOY":163.7933032606,"GROSS_PROFIT":29451692.7257,"GROSS_PROFIT_YOY":411.02272699379,"HOLDER_PROFIT":16994110.26621,"HOLDER_PROFIT_YOY":112.2981183798,"GROSS_PROFIT_RATIO":8.717895957317,"EPS_TTM":-0.021740155913,"OPERATE_INCOME_QOQ":0,"NET_PROFIT_RATIO":5.0272943154,"ROE_AVG":15.056306068039,"GROSS_PROFIT_QOQ":0,"ROA":5.444554202076,"HOLDER_PROFIT_QOQ":0,"ROE_YEARLY":30.112612136077,"ROIC_YEARLY":23.894316887698,"TOTAL_ASSETS":330583368.68452,"TOTAL_LIABILITIES":205560539.90535,"TAX_EBT":8.041684166155,"OCF_SALES":15.310235534858,"TOTAL_PARENT_EQUITY":123846021.52671,"DEBT_ASSET_RATIO":62.1811498634,"OPERATE_PROFIT":20690461.55071,"PRETAX_PROFIT":18468936.21377,"NETCASH_OPERATE":51722612.28379,"NETCASH_INVEST":77879.2581,"NETCASH_FINANCE":-5548729.67215,"END_CASH":190613581.4177,"DIVI_RATIO":null,"DIVIDEND_RATE":null,"CURRENT_RATIO":1.71390259338,"COMMON_ACS":20000000000,"CURRENTDEBT_DEBT":93.180224875453,"ISSUED_COMMON_SHARES":6799914160,"HK_COMMON_SHARES":6799914160,"PER_SHARES":2000,"TOTAL_MARKET_CAP":1217184634.64,"HKSK_MARKET_CAP":1217184634.64,"PE_TTM":5127.55711131051,"PB_TTM":4.98241651676,"REPORT_DATE_SQ":"2022-06-30 00:00:00","REPORT_TYPE_SQ":"2022年中报","OPERATE_INCOME_SQ":126225462.51552,"DPS_HKD":null,"OPERATE_INCOME_QOQ_SQ":0,"NET_PROFIT_RATIO_SQ":-107.9222434232,"HOLDER_PROFIT_SQ":-136198373.28168,"HOLDER_PROFIT_QOQ_SQ":0,"ROE_AVG_SQ":-85.858350817889,"PE_TTM_SQ":-18.868465354249,"PB_TTM_SQ":12.545510007316,"ROA_SQ":-45.103701386504,"START_DATE":"2023-04-01 00:00:00","FISCAL_YEAR":"3-31","CURRENCY":"HKD","IS_CNY_CODE":0,"DPS_HKD_LY":null,"ORG_TYPE":"一般企业","PREMIUM_INCOME":null,"PREMIUM_INCOME_YOY":null,"NET_INTEREST_INCOME":null,"NET_INTEREST_INCOME_YOY":null,"FEE_COMMISSION_INCOME":null,"FEE_COMMISSION_INCOME_YOY":null,"ACCOUNTS_RECE_TDAYS":4.524170573959,"INVENTORY_TDAYS":7.355077717728,"CURRENT_ASSETS_TDAYS":1.092373128476,"TOTAL_ASSETS_TDAYS":1.082336919625,"PREMIUM_EXPENSE":null,"LOAN_DEPOSIT":null,"LOAN_EQUITY":null,"LOAN_ASSETS":null,"DEPOSIT_EQUITY":null,"DEPOSIT_ASSETS":null,"EQUITY_MULTIPLIER":2.644184041524,"EQUITY_RATIO":1.659807375088},{"SECUCODE":"00030.HK","SECURITY_CODE":"00030","SECURITY_NAME_ABBR":"云白国际","ORG_CODE":"10007323","STD_REPORT_DATE":"2022-12-31 00:00:00","REPORT_DATE":"2023-03-31 00:00:00","DATE_TYPE_CODE":"001","REPORT_TYPE":"2022年年报","PER_NETCASH_OPERATE":-0.018149555064,"PER_OI":0.058306733435,"BPS":0.014295266324,"BASIC_EPS":-0.021972791,"DILUTED_EPS":-0.021972791,"OPERATE_INCOME":396480782.30634,"OPERATE_INCOME_YOY":152.2778074572,"GROSS_PROFIT":20056381.07063,"GROSS_PROFIT_YOY":468.805121021539,"HOLDER_PROFIT":-147831194.03128,"HOLDER_PROFIT_YOY":84.8859971218,"GROSS_PROFIT_RATIO":5.058601063578,"EPS_TTM":-0.144592300625,"OPERATE_INCOME_QOQ":0,"NET_PROFIT_RATIO":-37.2832163952,"ROE_AVG":-107.800978883359,"GROSS_PROFIT_QOQ":0,"ROA":-52.624736958987,"HOLDER_PROFIT_QOQ":0,"ROE_YEARLY":-107.800978883359,"ROIC_YEARLY":-122.482159772197,"TOTAL_ASSETS":280165433.78346,"TOTAL_LIABILITIES":180978594.55669,"TAX_EBT":-1.781934831611,"OCF_SALES":-31.12771715209,"TOTAL_PARENT_EQUITY":97206583.89528,"DEBT_ASSET_RATIO":64.5970461497,"OPERATE_PROFIT":-140024896.06123,"PRETAX_PROFIT":-145232833.58404,"NETCASH_OPERATE":-123415416.47871,"NETCASH_INVEST":-252630.19485,"NETCASH_FINANCE":86524387.24241,"END_CASH":139193653.99737,"DIVI_RATIO":null,"DIVIDEND_RATE":null,"CURRENT_RATIO":1.619573052691,"COMMON_ACS":20000000000,"CURRENTDEBT_DEBT":94.466027411826,"ISSUED_COMMON_SHARES":6799914160,"HK_COMMON_SHARES":6799914160,"PER_SHARES":2000,"TOTAL_MARKET_CAP":1217184634.64,"HKSK_MARKET_CAP":1217184634.64,"PE_TTM":5127.55711131051,"PB_TTM":4.98241651676,"REPORT_DATE_SQ":"2021-12-31 00:00:00","REPORT_TYPE_SQ":"2021年年报","OPERATE_INCOME_SQ":145598801.33851,"DPS_HKD":null,"OPERATE_INCOME_QOQ_SQ":0,"NET_PROFIT_RATIO_SQ":-622.3661527404,"HOLDER_PROFIT_SQ":-906152493.81489,"HOLDER_PROFIT_QOQ_SQ":0,"ROE_AVG_SQ":-147.885289279177,"PE_TTM_SQ":-18.868465354249,"PB_TTM_SQ":12.545510007316,"ROA_SQ":-126.653861644295,"START_DATE":"2022-04-01 00:00:00","FISCAL_YEAR":"3-31","CURRENCY":"HKD","IS_CNY_CODE":0,"DPS_HKD_LY":null,"ORG_TYPE":"一般企业","PREMIUM_INCOME":null,"PREMIUM_INCOME_YOY":null,"NET_INTEREST_INCOME":null,"NET_INTEREST_INCOME_YOY":null,"FEE_COMMISSION_INCOME":null,"FEE_COMMISSION_INCOME_YOY":null,"ACCOUNTS_RECE_TDAYS":7.492080266847,"INVENTORY_TDAYS":15.065112392349,"CURRENT_ASSETS_TDAYS":1.441619197964,"TOTAL_ASSETS_TDAYS":1.411386616667,"PREMIUM_EXPENSE":null,"LOAN_DEPOSIT":null,"LOAN_EQUITY":null,"LOAN_ASSETS":null,"DEPOSIT_EQUITY":null,"DEPOSIT_ASSETS":null,"EQUITY_MULTIPLIER":2.824623064585,"EQUITY_RATIO":1.861793587476},{"SECUCODE":"00030.HK","SECURITY_CODE":"00030","SECURITY_NAME_ABBR":"云白国际","ORG_CODE":"10007323","STD_REPORT_DATE":"2022-06-30 00:00:00","REPORT_DATE":"2022-09-30 00:00:00","DATE_TYPE_CODE":"002","REPORT_TYPE":"2022年中报","PER_NETCASH_OPERATE":-0.010002397123,"PER_OI":0.018562802345,"BPS":0.019754816376,"BASIC_EPS":-0.020440344,"DILUTED_EPS":-0.020440344,"OPERATE_INCOME":126225462.51552,"OPERATE_INCOME_YOY":-69.5034840501,"GROSS_PROFIT":5763284.32572,"GROSS_PROFIT_YOY":-82.124977940823,"HOLDER_PROFIT":-136198373.28168,"HOLDER_PROFIT_YOY":-112.1383463468,"GROSS_PROFIT_RATIO":4.565865088442,"EPS_TTM":-0.133259401883,"OPERATE_INCOME_QOQ":0,"NET_PROFIT_RATIO":-107.9222434232,"ROE_AVG":-85.858350817889,"GROSS_PROFIT_QOQ":0,"ROA":-45.103701386504,"HOLDER_PROFIT_QOQ":0,"ROE_YEARLY":-171.716701635778,"ROIC_YEARLY":-256.496459734365,"TOTAL_ASSETS":312927710.22636,"TOTAL_LIABILITIES":176555478.25236,"TAX_EBT":-0.03848818198,"OCF_SALES":-53.884090002488,"TOTAL_PARENT_EQUITY":134331055.6044,"DEBT_ASSET_RATIO":56.4205317978,"OPERATE_PROFIT":-135058669.44444,"PRETAX_PROFIT":-136172940.42888,"NETCASH_OPERATE":-68015441.82792,"NETCASH_INVEST":-47436.97356,"NETCASH_FINANCE":89113165.37976,"END_CASH":204284931.2268,"DIVI_RATIO":null,"DIVIDEND_RATE":null,"CURRENT_RATIO":1.764558271977,"COMMON_ACS":20000000000,"CURRENTDEBT_DEBT":98.629254724761,"ISSUED_COMMON_SHARES":6799914160,"HK_COMMON_SHARES":6799914160,"PER_SHARES":2000,"TOTAL_MARKET_CAP":1217184634.64,"HKSK_MARKET_CAP":1217184634.64,"PE_TTM":5127.55711131051,"PB_TTM":4.98241651676,"REPORT_DATE_SQ":"2021-06-30 00:00:00","REPORT_TYPE_SQ":"2021年中报","OPERATE_INCOME_SQ":381235438.7478,"DPS_HKD":null,"OPERATE_INCOME_QOQ_SQ":0,"NET_PROFIT_RATIO_SQ":-18.2296660096,"HOLDER_PROFIT_SQ":-59135634.6477,"HOLDER_PROFIT_QOQ_SQ":0,"ROE_AVG_SQ":-8.017667897132,"PE_TTM_SQ":-18.868465354249,"PB_TTM_SQ":12.545510007316,"ROA_SQ":-5.925775619135,"START_DATE":"2022-04-01 00:00:00","FISCAL_YEAR":"3-31","CURRENCY":"HKD","IS_CNY_CODE":0,"DPS_HKD_LY":null,"ORG_TYPE":"一般企业","PREMIUM_INCOME":null,"PREMIUM_INCOME_YOY":null,"NET_INTEREST_INCOME":null,"NET_INTEREST_INCOME_YOY":null,"FEE_COMMISSION_INCOME":null,"FEE_COMMISSION_INCOME_YOY":null,"ACCOUNTS_RECE_TDAYS":2.503903263674,"INVENTORY_TDAYS":7.430650249288,"CURRENT_ASSETS_TDAYS":0.428251527854,"TOTAL_ASSETS_TDAYS":0.418010540911,"PREMIUM_EXPENSE":null,"LOAN_DEPOSIT":null,"LOAN_EQUITY":null,"LOAN_ASSETS":null,"DEPOSIT_EQUITY":null,"DEPOSIT_ASSETS":null,"EQUITY_MULTIPLIER":2.294658565727,"EQUITY_RATIO":1.314331056642},{"SECUCODE":"00030.HK","SECURITY_CODE":"00030","SECURITY_NAME_ABBR":"云白国际","ORG_CODE":"10007323","STD_REPORT_DATE":"2021-12-31 00:00:00","REPORT_DATE":"2022-03-31 00:00:00","DATE_TYPE_CODE":"001","REPORT_TYPE":"2021年年报","PER_NETCASH_OPERATE":-0.000563429613,"PER_OI":0.022579926423,"BPS":0.024123064435,"BASIC_EPS":-0.140548033,"DILUTED_EPS":-0.140548033,"OPERATE_INCOME":145598801.33851,"OPERATE_INCOME_YOY":-85.2448729121,"GROSS_PROFIT":3526054.94033,"GROSS_PROFIT_YOY":-95.67202617259,"HOLDER_PROFIT":-906152493.81489,"HOLDER_PROFIT_YOY":-1720.9341400757,"GROSS_PROFIT_RATIO":2.421760967751,"EPS_TTM":-0.011706691253,"OPERATE_INCOME_QOQ":0,"NET_PROFIT_RATIO":-622.3661527404,"ROE_AVG":-147.885289279177,"GROSS_PROFIT_QOQ":0,"ROA":-126.653861644295,"HOLDER_PROFIT_QOQ":0,"ROE_YEARLY":-147.885289279177,"ROIC_YEARLY":-170.919019210951,"TOTAL_ASSETS":260945221.68996,"TOTAL_LIABILITIES":96166871.62478,"TAX_EBT":-0.308726214744,"OCF_SALES":-2.495267709336,"TOTAL_PARENT_EQUITY":164034767.43658,"DEBT_ASSET_RATIO":36.8532793979,"OPERATE_PROFIT":-900245783.90036,"PRETAX_PROFIT":-903368722.26514,"NETCASH_OPERATE":-3633079.87498,"NETCASH_INVEST":-201024.23769,"NETCASH_FINANCE":-35874325.01534,"END_CASH":165334117.37596,"DIVI_RATIO":null,"DIVIDEND_RATE":null,"CURRENT_RATIO":2.709003061593,"COMMON_ACS":20000000000,"CURRENTDEBT_DEBT":97.140326363334,"ISSUED_COMMON_SHARES":6799914160,"HK_COMMON_SHARES":6799914160,"PER_SHARES":2000,"TOTAL_MARKET_CAP":1155985407.2,"HKSK_MARKET_CAP":1155985407.2,"PE_TTM":4869.74697722227,"PB_TTM":4.731903954465,"REPORT_DATE_SQ":"2020-12-31 00:00:00","REPORT_TYPE_SQ":"2020年年报","OPERATE_INCOME_SQ":1028342647.85588,"DPS_HKD":null,"OPERATE_INCOME_QOQ_SQ":0,"NET_PROFIT_RATIO_SQ":1.0857316531,"HOLDER_PROFIT_SQ":-51859706.42034,"HOLDER_PROFIT_QOQ_SQ":0,"ROE_AVG_SQ":1.599941432545,"PE_TTM_SQ":7132.74704310791,"PB_TTM_SQ":12.545510007316,"ROA_SQ":1.09621674726,"START_DATE":"2021-04-01 00:00:00","FISCAL_YEAR":"3-31","CURRENCY":"HKD","IS_CNY_CODE":0,"DPS_HKD_LY":null,"ORG_TYPE":"一般企业","PREMIUM_INCOME":null,"PREMIUM_INCOME_YOY":null,"NET_INTEREST_INCOME":null,"NET_INTEREST_INCOME_YOY":null,"FEE_COMMISSION_INCOME":null,"FEE_COMMISSION_INCOME_YOY":null,"ACCOUNTS_RECE_TDAYS":6.471160217362,"INVENTORY_TDAYS":15.141930124814,"CURRENT_ASSETS_TDAYS":0.206979629502,"TOTAL_ASSETS_TDAYS":0.203504935054,"PREMIUM_EXPENSE":null,"LOAN_DEPOSIT":null,"LOAN_EQUITY":null,"LOAN_ASSETS":null,"DEPOSIT_EQUITY":null,"DEPOSIT_ASSETS":null,"EQUITY_MULTIPLIER":1.583613512254,"EQUITY_RATIO":0.586259078655},{"SECUCODE":"00030.HK","SECURITY_CODE":"00030","SECURITY_NAME_ABBR":"云白国际","ORG_CODE":"10007323","STD_REPORT_DATE":"2021-06-30 00:00:00","REPORT_DATE":"2021-09-30 00:00:00","DATE_TYPE_CODE":"002","REPORT_TYPE":"2021年中报","PER_NETCASH_OPERATE":-0.005732798757,"PER_OI":0.059123207593,"BPS":0.094605686401,"BASIC_EPS":-0.00916366,"DILUTED_EPS":-0.00916366,"OPERATE_INCOME":381235438.7478,"OPERATE_INCOME_YOY":-25.5251884284,"GROSS_PROFIT":32242110.28462,"GROSS_PROFIT_YOY":-26.451609703167,"HOLDER_PROFIT":-59135634.6477,"HOLDER_PROFIT_YOY":-527.4138453351,"GROSS_PROFIT_RATIO":8.457269972205,"EPS_TTM":0.001731114551,"OPERATE_INCOME_QOQ":0,"NET_PROFIT_RATIO":-18.2296660096,"ROE_AVG":-8.017667897132,"GROSS_PROFIT_QOQ":0,"ROA":-5.925775619135,"HOLDER_PROFIT_QOQ":0,"ROE_YEARLY":-16.035335794264,"ROIC_YEARLY":-14.015135520069,"TOTAL_ASSETS":1143832399.04134,"TOTAL_LIABILITIES":499752951.41554,"TAX_EBT":8.640567631322,"OCF_SALES":-9.696359501288,"TOTAL_PARENT_EQUITY":643310546.57476,"DEBT_ASSET_RATIO":43.6910994858,"OPERATE_PROFIT":-62414747.07926,"PRETAX_PROFIT":-64728771.16366,"NETCASH_OPERATE":-36965958.6873,"NETCASH_INVEST":-62585.29862,"NETCASH_FINANCE":-20854632.4362,"END_CASH":151269448.17482,"DIVI_RATIO":null,"DIVIDEND_RATE":null,"CURRENT_RATIO":13.882966011557,"COMMON_ACS":20000000000,"CURRENTDEBT_DEBT":16.143457762413,"ISSUED_COMMON_SHARES":6799914160,"HK_COMMON_SHARES":6799914160,"PER_SHARES":2000,"TOTAL_MARKET_CAP":1217184634.64,"HKSK_MARKET_CAP":1217184634.64,"PE_TTM":5127.55711131051,"PB_TTM":4.98241651676,"REPORT_DATE_SQ":"2020-06-30 00:00:00","REPORT_TYPE_SQ":"2020年中报","OPERATE_INCOME_SQ":539955638.89024,"DPS_HKD":null,"OPERATE_INCOME_QOQ_SQ":0,"NET_PROFIT_RATIO_SQ":3.1766201008,"HOLDER_PROFIT_SQ":17151272.59456,"HOLDER_PROFIT_QOQ_SQ":0,"ROE_AVG_SQ":2.399311709493,"PE_TTM_SQ":-18.868465354249,"PB_TTM_SQ":12.545510007316,"ROA_SQ":2.022547599278,"START_DATE":"2021-04-01 00:00:00","FISCAL_YEAR":"3-31","CURRENCY":"HKD","IS_CNY_CODE":0,"DPS_HKD_LY":null,"ORG_TYPE":"一般企业","PREMIUM_INCOME":null,"PREMIUM_INCOME_YOY":null,"NET_INTEREST_INCOME":null,"NET_INTEREST_INCOME_YOY":null,"FEE_COMMISSION_INCOME":null,"FEE_COMMISSION_INCOME_YOY":null,"ACCOUNTS_RECE_TDAYS":13.394682713539,"INVENTORY_TDAYS":34.943436769017,"CURRENT_ASSETS_TDAYS":0.330756111672,"TOTAL_ASSETS_TDAYS":0.325063166143,"PREMIUM_EXPENSE":null,"LOAN_DEPOSIT":null,"LOAN_EQUITY":null,"LOAN_ASSETS":null,"DEPOSIT_EQUITY":null,"DEPOSIT_ASSETS":null,"EQUITY_MULTIPLIER":1.775918177887,"EQUITY_RATIO":0.776845574935},{"SECUCODE":"00030.HK","SECURITY_CODE":"00030","SECURITY_NAME_ABBR":"云白国际","ORG_CODE":"10007323","STD_REPORT_DATE":"2020-12-31 00:00:00","REPORT_DATE":"2021-03-31 00:00:00","DATE_TYPE_CODE":"001","REPORT_TYPE":"2020年年报","PER_NETCASH_OPERATE":-0.022975427081,"PER_OI":0.159478657193,"BPS":0.105792505013,"BASIC_EPS":-0.00802921,"DILUTED_EPS":-0.00802921,"OPERATE_INCOME":1028342647.85588,"OPERATE_INCOME_YOY":4.6947950217,"GROSS_PROFIT":81471263.01916,"GROSS_PROFIT_YOY":-17.502440150061,"HOLDER_PROFIT":-51859706.42034,"HOLDER_PROFIT_YOY":-73.3582958471,"GROSS_PROFIT_RATIO":7.922579423214,"EPS_TTM":0.006447653433,"OPERATE_INCOME_QOQ":0,"NET_PROFIT_RATIO":1.0857316531,"ROE_AVG":1.599941432545,"GROSS_PROFIT_QOQ":0,"ROA":1.09621674726,"HOLDER_PROFIT_QOQ":0,"ROE_YEARLY":1.599941432545,"ROIC_YEARLY":1.228868938094,"TOTAL_ASSETS":1219260317.48724,"TOTAL_LIABILITIES":112313048.41274,"TAX_EBT":-15.447617893934,"OCF_SALES":-14.406584231948,"TOTAL_PARENT_EQUITY":1106166975.23346,"DEBT_ASSET_RATIO":40.9346604354,"OPERATE_PROFIT":-39440199.61336,"PRETAX_PROFIT":-44918341.12122,"NETCASH_OPERATE":-148149049.7564,"NETCASH_INVEST":-9199077.72952,"NETCASH_FINANCE":363426472.83754,"END_CASH":212340448.78172,"DIVI_RATIO":null,"DIVIDEND_RATE":null,"CURRENT_RATIO":14.186539011259,"COMMON_ACS":20000000000,"CURRENTDEBT_DEBT":84.357273858799,"ISSUED_COMMON_SHARES":6799914160,"HK_COMMON_SHARES":6799914160,"PER_SHARES":2000,"TOTAL_MARKET_CAP":1217184634.64,"HKSK_MARKET_CAP":1217184634.64,"PE_TTM":5127.55711131051,"PB_TTM":4.98241651676,"REPORT_DATE_SQ":"2019-12-31 00:00:00","REPORT_TYPE_SQ":"2019年年报","OPERATE_INCOME_SQ":1061859776.2995,"DPS_HKD":null,"OPERATE_INCOME_QOQ_SQ":0,"NET_PROFIT_RATIO_SQ":4.2652589561,"HOLDER_PROFIT_SQ":45295337.1021,"HOLDER_PROFIT_QOQ_SQ":0,"ROE_AVG_SQ":6.339980972281,"PE_TTM_SQ":-18.868465354249,"PB_TTM_SQ":12.545510007316,"ROA_SQ":5.401213369706,"START_DATE":"2020-04-01 00:00:00","FISCAL_YEAR":"3-31","CURRENCY":"HKD","IS_CNY_CODE":0,"DPS_HKD_LY":null,"ORG_TYPE":"一般企业","PREMIUM_INCOME":null,"PREMIUM_INCOME_YOY":null,"NET_INTEREST_INCOME":null,"NET_INTEREST_INCOME_YOY":null,"FEE_COMMISSION_INCOME":null,"FEE_COMMISSION_INCOME_YOY":null,"ACCOUNTS_RECE_TDAYS":80.146653799791,"INVENTORY_TDAYS":75.344602772853,"CURRENT_ASSETS_TDAYS":1.025909598763,"TOTAL_ASSETS_TDAYS":1.0098879634,"PREMIUM_EXPENSE":null,"LOAN_DEPOSIT":null,"LOAN_EQUITY":null,"LOAN_ASSETS":null,"DEPOSIT_EQUITY":null,"DEPOSIT_ASSETS":null,"EQUITY_MULTIPLIER":1.693040296342,"EQUITY_RATIO":0.101533539626},{"SECUCODE":"00030.HK","SECURITY_CODE":"00030","SECURITY_NAME_ABBR":"云白国际","ORG_CODE":"10007323","STD_REPORT_DATE":"2020-06-30 00:00:00","REPORT_DATE":"2020-09-30 00:00:00","DATE_TYPE_CODE":"002","REPORT_TYPE":"2020年中报","PER_NETCASH_OPERATE":0.00083521101,"PER_OI":0.083738042387,"BPS":0.106894697553,"BASIC_EPS":0.00263616,"DILUTED_EPS":0.00263616,"OPERATE_INCOME":539955638.89024,"OPERATE_INCOME_YOY":-13.514526313,"GROSS_PROFIT":43837955.05856,"GROSS_PROFIT_YOY":-8.941893709987,"HOLDER_PROFIT":17151272.59456,"HOLDER_PROFIT_YOY":-15.6450411373,"GROSS_PROFIT_RATIO":8.118806787287,"EPS_TTM":0.007024545324,"OPERATE_INCOME_QOQ":0,"NET_PROFIT_RATIO":3.1766201008,"ROE_AVG":2.399311709493,"GROSS_PROFIT_QOQ":0,"ROA":2.022547599278,"HOLDER_PROFIT_QOQ":0,"ROE_YEARLY":4.798623418986,"ROIC_YEARLY":4.077335427395,"TOTAL_ASSETS":846286027.408,"TOTAL_LIABILITIES":118601587.06944,"TAX_EBT":20.52018823662,"OCF_SALES":0.997409284813,"TOTAL_PARENT_EQUITY":726874767.52,"DEBT_ASSET_RATIO":14.0143619566,"OPERATE_PROFIT":22597936.7936,"PRETAX_PROFIT":21580749.85344,"NETCASH_OPERATE":5385567.67616,"NETCASH_INVEST":-222942.68736,"NETCASH_FINANCE":-5775277.36,"END_CASH":5616744.84864,"DIVI_RATIO":null,"DIVIDEND_RATE":null,"CURRENT_RATIO":7.306836115407,"COMMON_ACS":20000000000,"CURRENTDEBT_DEBT":96.360162266739,"ISSUED_COMMON_SHARES":6799914160,"HK_COMMON_SHARES":6799914160,"PER_SHARES":2000,"TOTAL_MARKET_CAP":1217184634.64,"HKSK_MARKET_CAP":1217184634.64,"PE_TTM":5127.55711131051,"PB_TTM":4.98241651676,"REPORT_DATE_SQ":"2019-06-30 00:00:00","REPORT_TYPE_SQ":"2019年中报","OPERATE_INCOME_SQ":640878575.84922,"DPS_HKD":null,"OPERATE_INCOME_QOQ_SQ":0,"NET_PROFIT_RATIO_SQ":3.2562439131,"HOLDER_PROFIT_SQ":20871159.28701,"HOLDER_PROFIT_QOQ_SQ":0,"ROE_AVG_SQ":3.006532391533,"PE_TTM_SQ":-18.868465354249,"PB_TTM_SQ":12.545510007316,"ROA_SQ":2.42310569185,"START_DATE":"2020-04-01 00:00:00","FISCAL_YEAR":"3-31","CURRENCY":"HKD","IS_CNY_CODE":0,"DPS_HKD_LY":null,"ORG_TYPE":"一般企业","PREMIUM_INCOME":null,"PREMIUM_INCOME_YOY":null,"NET_INTEREST_INCOME":null,"NET_INTEREST_INCOME_YOY":null,"FEE_COMMISSION_INCOME":null,"FEE_COMMISSION_INCOME_YOY":null,"ACCOUNTS_RECE_TDAYS":17.598561767761,"INVENTORY_TDAYS":66.475269930422,"CURRENT_ASSETS_TDAYS":0.646961886164,"TOTAL_ASSETS_TDAYS":0.636737580336,"PREMIUM_EXPENSE":null,"LOAN_DEPOSIT":null,"LOAN_EQUITY":null,"LOAN_ASSETS":null,"DEPOSIT_EQUITY":null,"DEPOSIT_ASSETS":null,"EQUITY_MULTIPLIER":1.162984915568,"EQUITY_RATIO":0.163166466039},{"SECUCODE":"00030.HK","SECURITY_CODE":"00030","SECURITY_NAME_ABBR":"云白国际","ORG_CODE":"10007323","STD_REPORT_DATE":"2019-12-31 00:00:00","REPORT_DATE":"2020-03-31 00:00:00","DATE_TYPE_CODE":"001","REPORT_TYPE":"2019年年报","PER_NETCASH_OPERATE":-0.006999994325,"PER_OI":0.164676600358,"BPS":0.107469779439,"BASIC_EPS":0.00703549,"DILUTED_EPS":0.00703549,"OPERATE_INCOME":1061859776.2995,"OPERATE_INCOME_YOY":27.6976964634,"GROSS_PROFIT":98755967.046,"GROSS_PROFIT_YOY":32.323928319543,"HOLDER_PROFIT":45295337.1021,"HOLDER_PROFIT_YOY":11.9753823505,"GROSS_PROFIT_RATIO":9.300283262462,"EPS_TTM":0.006590395404,"OPERATE_INCOME_QOQ":0,"NET_PROFIT_RATIO":4.2652589561,"ROE_AVG":6.339980972281,"GROSS_PROFIT_QOQ":0,"ROA":5.401213369706,"HOLDER_PROFIT_QOQ":0,"ROE_YEARLY":6.339980972281,"ROIC_YEARLY":5.658733209832,"TOTAL_ASSETS":883546393.3087,"TOTAL_LIABILITIES":151920323.369,"TAX_EBT":17.526678618945,"OCF_SALES":-4.250752268223,"TOTAL_PARENT_EQUITY":730785274.9764,"DEBT_ASSET_RATIO":17.1943798899,"OPERATE_PROFIT":59606955.53,"PRETAX_PROFIT":54916024.2985,"NETCASH_OPERATE":-45137028.5264,"NETCASH_INVEST":-835759.5626,"NETCASH_FINANCE":-14714606.7266,"END_CASH":6421447.052,"DIVI_RATIO":null,"DIVIDEND_RATE":null,"CURRENT_RATIO":5.88797148394,"COMMON_ACS":20000000000,"CURRENTDEBT_DEBT":96.964505849755,"ISSUED_COMMON_SHARES":6799914160,"HK_COMMON_SHARES":6799914160,"PER_SHARES":2000,"TOTAL_MARKET_CAP":1217184634.64,"HKSK_MARKET_CAP":1217184634.64,"PE_TTM":5127.55711131051,"PB_TTM":4.98241651676,"REPORT_DATE_SQ":"2018-12-31 00:00:00","REPORT_TYPE_SQ":"2018年年报","OPERATE_INCOME_SQ":780659161.5789,"DPS_HKD":null,"OPERATE_INCOME_QOQ_SQ":0,"NET_PROFIT_RATIO_SQ":4.8641659079,"HOLDER_PROFIT_SQ":37975919.33106,"HOLDER_PROFIT_QOQ_SQ":0,"ROE_AVG_SQ":6.707029040733,"PE_TTM_SQ":-18.868465354249,"PB_TTM_SQ":12.545510007316,"ROA_SQ":5.512105137114,"START_DATE":"2019-04-01 00:00:00","FISCAL_YEAR":"3-31","CURRENCY":"HKD","IS_CNY_CODE":0,"DPS_HKD_LY":null,"ORG_TYPE":"一般企业","PREMIUM_INCOME":null,"PREMIUM_INCOME_YOY":null,"NET_INTEREST_INCOME":null,"NET_INTEREST_INCOME_YOY":null,"FEE_COMMISSION_INCOME":null,"FEE_COMMISSION_INCOME_YOY":null,"ACCOUNTS_RECE_TDAYS":22.122974341456,"INVENTORY_TDAYS":78.691812056427,"CURRENT_ASSETS_TDAYS":1.282404734664,"TOTAL_ASSETS_TDAYS":1.266207867617,"PREMIUM_EXPENSE":null,"LOAN_DEPOSIT":null,"LOAN_EQUITY":null,"LOAN_ASSETS":null,"DEPOSIT_EQUITY":null,"DEPOSIT_ASSETS":null,"EQUITY_MULTIPLIER":1.207647498648,"EQUITY_RATIO":0.207886404627}],"count":47},"success":true,"message":"ok","code":0}