{"version":"699bc950eea539cd62f0258f5a527770","result":{"pages":6,"data":[{"SECUCODE":"00034.HK","SECURITY_CODE":"00034","SECURITY_NAME_ABBR":"九龙建业","ORG_CODE":"10007326","STD_REPORT_DATE":"2024-06-30 00:00:00","REPORT_DATE":"2024-06-30 00:00:00","DATE_TYPE_CODE":"002","REPORT_TYPE":"2024年中报","PER_NETCASH_OPERATE":0.834650265668,"PER_OI":1.505538322822,"BPS":12.401284184673,"BASIC_EPS":0.091268,"DILUTED_EPS":0.091268,"OPERATE_INCOME":1771463507.96,"OPERATE_INCOME_YOY":52.11624475,"GROSS_PROFIT":935245100.32,"GROSS_PROFIT_YOY":16.101313210489,"HOLDER_PROFIT":103546284.04,"HOLDER_PROFIT_YOY":-38.5015259024,"GROSS_PROFIT_RATIO":52.795053136433,"EPS_TTM":0.203148892412,"OPERATE_INCOME_QOQ":22.313364898069,"NET_PROFIT_RATIO":5.8272585496,"ROE_AVG":0.640654124163,"GROSS_PROFIT_QOQ":8.198185568596,"ROA":0.246134825426,"HOLDER_PROFIT_QOQ":-21.775988183668,"ROE_YEARLY":1.281308248327,"ROIC_YEARLY":0.50310840267,"TOTAL_ASSETS":40573218605.76,"TOTAL_LIABILITIES":24285063120.92,"TAX_EBT":43.262183651459,"OCF_SALES":55.438659582152,"TOTAL_PARENT_EQUITY":16198632529,"DEBT_ASSET_RATIO":59.8549091136,"OPERATE_PROFIT":245682503.84,"PRETAX_PROFIT":181938194.6,"NETCASH_OPERATE":982075623.8,"NETCASH_INVEST":95765687.04,"NETCASH_FINANCE":-1414382021.36,"END_CASH":646936789.76,"DIVI_RATIO":2.991960196202,"DIVIDEND_RATE":17.724867724868,"CURRENT_RATIO":2.938853661915,"COMMON_ACS":null,"CURRENTDEBT_DEBT":31.850258182351,"ISSUED_COMMON_SHARES":1306206058,"HK_COMMON_SHARES":1306206058,"PER_SHARES":1000,"TOTAL_MARKET_CAP":4937458899.24,"HKSK_MARKET_CAP":4937458899.24,"PE_TTM":18.550229364422,"PB_TTM":0.278191383136,"REPORT_DATE_SQ":"2023-06-30 00:00:00","REPORT_TYPE_SQ":"2023年中报","OPERATE_INCOME_SQ":1176412366.74,"DPS_HKD":0.67,"OPERATE_INCOME_QOQ_SQ":13.623086740526,"NET_PROFIT_RATIO_SQ":14.3886617402,"HOLDER_PROFIT_SQ":170087792.38,"HOLDER_PROFIT_QOQ_SQ":3.678462511944,"ROE_AVG_SQ":1.021009870585,"PE_TTM_SQ":4.434041094381,"PB_TTM_SQ":0.31223803378,"ROA_SQ":0.388761646191,"START_DATE":"2024-01-01 00:00:00","FISCAL_YEAR":"12-31","CURRENCY":"HKD","IS_CNY_CODE":0,"DPS_HKD_LY":0.67,"ORG_TYPE":"一般企业","PREMIUM_INCOME":null,"PREMIUM_INCOME_YOY":null,"NET_INTEREST_INCOME":null,"NET_INTEREST_INCOME_YOY":null,"FEE_COMMISSION_INCOME":null,"FEE_COMMISSION_INCOME_YOY":null,"ACCOUNTS_RECE_TDAYS":2.566203851526,"INVENTORY_TDAYS":0.036456615002,"CURRENT_ASSETS_TDAYS":0.072060741773,"TOTAL_ASSETS_TDAYS":0.042108595719,"PREMIUM_EXPENSE":null,"LOAN_DEPOSIT":null,"LOAN_EQUITY":null,"LOAN_ASSETS":null,"DEPOSIT_EQUITY":null,"DEPOSIT_ASSETS":null,"EQUITY_MULTIPLIER":2.490964593479,"EQUITY_RATIO":1.499204520965},{"SECUCODE":"00034.HK","SECURITY_CODE":"00034","SECURITY_NAME_ABBR":"九龙建业","ORG_CODE":"10007326","STD_REPORT_DATE":"2023-12-31 00:00:00","REPORT_DATE":"2023-12-31 00:00:00","DATE_TYPE_CODE":"001","REPORT_TYPE":"2023年年报","PER_NETCASH_OPERATE":1.11897479023,"PER_OI":2.266464020943,"BPS":12.258707580087,"BASIC_EPS":0.2628038,"DILUTED_EPS":0.2628038,"OPERATE_INCOME":2666792498.3,"OPERATE_INCOME_YOY":-35.774203088,"GROSS_PROFIT":1582092469.3,"GROSS_PROFIT_YOY":-39.709475342465,"HOLDER_PROFIT":305572852.9,"HOLDER_PROFIT_YOY":-72.2458174683,"GROSS_PROFIT_RATIO":59.325668206602,"EPS_TTM":0.259701449331,"OPERATE_INCOME_QOQ":-42.655230377295,"NET_PROFIT_RATIO":11.0882792204,"ROE_AVG":1.868373930666,"GROSS_PROFIT_QOQ":-45.969640251863,"ROA":0.706178941654,"HOLDER_PROFIT_QOQ":-72.842437608124,"ROE_YEARLY":1.868373930666,"ROIC_YEARLY":0.727863833998,"TOTAL_ASSETS":43256285707.88,"TOTAL_LIABILITIES":27154595028.26,"TAX_EBT":33.774966157044,"OCF_SALES":49.37094875058,"TOTAL_PARENT_EQUITY":16012398104.36,"DEBT_ASSET_RATIO":62.7760673019,"OPERATE_PROFIT":564466313.6,"PRETAX_PROFIT":446509999.74,"NETCASH_OPERATE":1316620757.62,"NETCASH_INVEST":33207525.68,"NETCASH_FINANCE":-1122686958.96,"END_CASH":979260425.78,"DIVI_RATIO":2.340431297417,"DIVIDEND_RATE":17.81914893617,"CURRENT_RATIO":3.070200767759,"COMMON_ACS":null,"CURRENTDEBT_DEBT":31.482682463218,"ISSUED_COMMON_SHARES":1306206058,"HK_COMMON_SHARES":1306206058,"PER_SHARES":1000,"TOTAL_MARKET_CAP":4911334778.08,"HKSK_MARKET_CAP":4911334778.08,"PE_TTM":18.452080002705,"PB_TTM":0.276719471056,"REPORT_DATE_SQ":"2022-12-31 00:00:00","REPORT_TYPE_SQ":"2022年年报","OPERATE_INCOME_SQ":4092878279.35,"DPS_HKD":0.67,"OPERATE_INCOME_QOQ_SQ":179.035419231734,"NET_PROFIT_RATIO_SQ":26.4055234668,"HOLDER_PROFIT_SQ":1085264094.18,"HOLDER_PROFIT_QOQ_SQ":-23.627454972462,"ROE_AVG_SQ":6.500680214089,"PE_TTM_SQ":4.452909354357,"PB_TTM_SQ":0.313566706264,"ROA_SQ":2.534200264635,"START_DATE":"2023-01-01 00:00:00","FISCAL_YEAR":"12-31","CURRENCY":"HKD","IS_CNY_CODE":0,"DPS_HKD_LY":0.83,"ORG_TYPE":"一般企业","PREMIUM_INCOME":null,"PREMIUM_INCOME_YOY":null,"NET_INTEREST_INCOME":null,"NET_INTEREST_INCOME_YOY":null,"FEE_COMMISSION_INCOME":null,"FEE_COMMISSION_INCOME_YOY":null,"ACCOUNTS_RECE_TDAYS":4.079066466509,"INVENTORY_TDAYS":0.045572833132,"CURRENT_ASSETS_TDAYS":0.103375990957,"TOTAL_ASSETS_TDAYS":0.061629581495,"PREMIUM_EXPENSE":null,"LOAN_DEPOSIT":null,"LOAN_EQUITY":null,"LOAN_ASSETS":null,"DEPOSIT_EQUITY":null,"DEPOSIT_ASSETS":null,"EQUITY_MULTIPLIER":2.686443713807,"EQUITY_RATIO":1.695848107902},{"SECUCODE":"00034.HK","SECURITY_CODE":"00034","SECURITY_NAME_ABBR":"九龙建业","ORG_CODE":"10007326","STD_REPORT_DATE":"2023-06-30 00:00:00","REPORT_DATE":"2023-06-30 00:00:00","DATE_TYPE_CODE":"002","REPORT_TYPE":"2023年中报","PER_NETCASH_OPERATE":0.36459867882,"PER_OI":0.999813935546,"BPS":12.501503783686,"BASIC_EPS":0.1475168,"DILUTED_EPS":0.1475168,"OPERATE_INCOME":1176412366.74,"OPERATE_INCOME_YOY":76.3295578919,"GROSS_PROFIT":805542223.82,"GROSS_PROFIT_YOY":60.625850762593,"HOLDER_PROFIT":170087792.38,"HOLDER_PROFIT_YOY":21.2032219069,"GROSS_PROFIT_RATIO":68.474477708209,"EPS_TTM":0.956276729053,"OPERATE_INCOME_QOQ":13.623086740526,"NET_PROFIT_RATIO":14.3886617402,"ROE_AVG":1.021009870585,"GROSS_PROFIT_QOQ":11.586383911896,"ROA":0.388761646191,"HOLDER_PROFIT_QOQ":3.678462511944,"ROE_YEARLY":2.04201974117,"ROIC_YEARLY":0.798660000553,"TOTAL_ASSETS":43463236200.16,"TOTAL_LIABILITIES":27034364864.54,"TAX_EBT":29.656662720261,"OCF_SALES":36.466653029908,"TOTAL_PARENT_EQUITY":16329539976.36,"DEBT_ASSET_RATIO":62.2005336649,"OPERATE_PROFIT":288940234.18,"PRETAX_PROFIT":240634014.06,"NETCASH_OPERATE":926998337.14,"NETCASH_INVEST":-10379650.84,"NETCASH_FINANCE":-1028419825.06,"END_CASH":647128542.2,"DIVI_RATIO":0.635604089835,"DIVIDEND_RATE":17.81914893617,"CURRENT_RATIO":1.065521987316,"COMMON_ACS":null,"CURRENTDEBT_DEBT":89.313753498943,"ISSUED_COMMON_SHARES":1306206058,"HK_COMMON_SHARES":1306206058,"PER_SHARES":1000,"TOTAL_MARKET_CAP":4911334778.08,"HKSK_MARKET_CAP":4911334778.08,"PE_TTM":18.452080002705,"PB_TTM":0.276719471056,"REPORT_DATE_SQ":"2022-06-30 00:00:00","REPORT_TYPE_SQ":"2022年中报","OPERATE_INCOME_SQ":618836008.56,"DPS_HKD":0.67,"OPERATE_INCOME_QOQ_SQ":-12.503121198192,"NET_PROFIT_RATIO_SQ":21.2552375267,"HOLDER_PROFIT_SQ":130166759.52,"HOLDER_PROFIT_QOQ_SQ":-21.323388290241,"ROE_AVG_SQ":0.822548889909,"PE_TTM_SQ":4.452909354357,"PB_TTM_SQ":0.313566706264,"ROA_SQ":0.315476845341,"START_DATE":"2023-01-01 00:00:00","FISCAL_YEAR":"12-31","CURRENCY":"HKD","IS_CNY_CODE":0,"DPS_HKD_LY":0.83,"ORG_TYPE":"一般企业","PREMIUM_INCOME":null,"PREMIUM_INCOME_YOY":null,"NET_INTEREST_INCOME":null,"NET_INTEREST_INCOME_YOY":null,"FEE_COMMISSION_INCOME":null,"FEE_COMMISSION_INCOME_YOY":null,"ACCOUNTS_RECE_TDAYS":1.754107183731,"INVENTORY_TDAYS":0.015533750682,"CURRENT_ASSETS_TDAYS":0.045672458306,"TOTAL_ASSETS_TDAYS":0.026888702704,"PREMIUM_EXPENSE":null,"LOAN_DEPOSIT":null,"LOAN_EQUITY":null,"LOAN_ASSETS":null,"DEPOSIT_EQUITY":null,"DEPOSIT_ASSETS":null,"EQUITY_MULTIPLIER":2.645539995551,"EQUITY_RATIO":1.655549691153},{"SECUCODE":"00034.HK","SECURITY_CODE":"00034","SECURITY_NAME_ABBR":"九龙建业","ORG_CODE":"10007326","STD_REPORT_DATE":"2022-12-31 00:00:00","REPORT_DATE":"2022-12-31 00:00:00","DATE_TYPE_CODE":"001","REPORT_TYPE":"2022年年报","PER_NETCASH_OPERATE":-4.605607529268,"PER_OI":3.478471372692,"BPS":12.600632352105,"BASIC_EPS":0.9200681,"DILUTED_EPS":0.9200681,"OPERATE_INCOME":4092878279.35,"OPERATE_INCOME_YOY":123.4652660862,"GROSS_PROFIT":2624114615.5,"GROSS_PROFIT_YOY":111.520900226583,"HOLDER_PROFIT":1085264094.18,"HOLDER_PROFIT_YOY":-45.0027409588,"GROSS_PROFIT_RATIO":64.114162122523,"EPS_TTM":0.922348485774,"OPERATE_INCOME_QOQ":179.035419231734,"NET_PROFIT_RATIO":26.4055234668,"ROE_AVG":6.500680214089,"GROSS_PROFIT_QOQ":148.79386657249,"ROA":2.534200264635,"HOLDER_PROFIT_QOQ":-23.627454972462,"ROE_YEARLY":6.500680214089,"ROIC_YEARLY":2.630358501834,"TOTAL_ASSETS":42667759739.08,"TOTAL_LIABILITIES":26110375893.35,"TAX_EBT":26.526299296949,"OCF_SALES":-132.403203471045,"TOTAL_PARENT_EQUITY":16459022312.95,"DEBT_ASSET_RATIO":61.194625762,"OPERATE_PROFIT":1596584347.96,"PRETAX_PROFIT":1470928950.33,"NETCASH_OPERATE":-4900963372.34,"NETCASH_INVEST":-727229865.67,"NETCASH_FINANCE":5484598298.97,"END_CASH":748372673.3,"DIVI_RATIO":0.658984548004,"DIVIDEND_RATE":17.81914893617,"CURRENT_RATIO":1.457463074035,"COMMON_ACS":null,"CURRENTDEBT_DEBT":65.654338224238,"ISSUED_COMMON_SHARES":1306206058,"HK_COMMON_SHARES":1306206058,"PER_SHARES":1000,"TOTAL_MARKET_CAP":4911334778.08,"HKSK_MARKET_CAP":4911334778.08,"PE_TTM":18.452080002705,"PB_TTM":0.276719471056,"REPORT_DATE_SQ":"2021-12-31 00:00:00","REPORT_TYPE_SQ":"2021年年报","OPERATE_INCOME_SQ":1676397228.8,"DPS_HKD":0.67,"OPERATE_INCOME_QOQ_SQ":1.76075509304,"NET_PROFIT_RATIO_SQ":107.7871115126,"HOLDER_PROFIT_SQ":1806144625.6,"HOLDER_PROFIT_QOQ_SQ":172.101741155489,"ROE_AVG_SQ":12.13020465332,"PE_TTM_SQ":4.452909354357,"PB_TTM_SQ":0.313566706264,"ROA_SQ":5.373474203034,"START_DATE":"2022-01-01 00:00:00","FISCAL_YEAR":"12-31","CURRENCY":"HKD","IS_CNY_CODE":0,"DPS_HKD_LY":0.83,"ORG_TYPE":"一般企业","PREMIUM_INCOME":null,"PREMIUM_INCOME_YOY":null,"NET_INTEREST_INCOME":null,"NET_INTEREST_INCOME_YOY":null,"FEE_COMMISSION_INCOME":null,"FEE_COMMISSION_INCOME_YOY":null,"ACCOUNTS_RECE_TDAYS":6.627925815453,"INVENTORY_TDAYS":0.063741338686,"CURRENT_ASSETS_TDAYS":0.163864751984,"TOTAL_ASSETS_TDAYS":0.095572803655,"PREMIUM_EXPENSE":null,"LOAN_DEPOSIT":null,"LOAN_EQUITY":null,"LOAN_ASSETS":null,"DEPOSIT_EQUITY":null,"DEPOSIT_ASSETS":null,"EQUITY_MULTIPLIER":2.576962649211,"EQUITY_RATIO":1.586386809428},{"SECUCODE":"00034.HK","SECURITY_CODE":"00034","SECURITY_NAME_ABBR":"九龙建业","ORG_CODE":"10007326","STD_REPORT_DATE":"2022-06-30 00:00:00","REPORT_DATE":"2022-06-30 00:00:00","DATE_TYPE_CODE":"002","REPORT_TYPE":"2022年中报","PER_NETCASH_OPERATE":-5.550974517798,"PER_OI":0.525938763199,"BPS":11.821350071736,"BASIC_EPS":0.1111747,"DILUTED_EPS":0.1111747,"OPERATE_INCOME":618836008.56,"OPERATE_INCOME_YOY":-27.3194773524,"GROSS_PROFIT":501502230.18,"GROSS_PROFIT_YOY":-27.039503534933,"HOLDER_PROFIT":130166759.52,"HOLDER_PROFIT_YOY":-75.422137322,"GROSS_PROFIT_RATIO":81.039600676595,"EPS_TTM":1.207696411638,"OPERATE_INCOME_QOQ":-12.503121198192,"NET_PROFIT_RATIO":21.2552375267,"ROE_AVG":0.822548889909,"GROSS_PROFIT_QOQ":-14.981465121869,"ROA":0.315476845341,"HOLDER_PROFIT_QOQ":-21.323388290241,"ROE_YEARLY":1.645097779818,"ROIC_YEARLY":0.65235871749,"TOTAL_ASSETS":41371271783.38,"TOTAL_LIABILITIES":25827521354.04,"TAX_EBT":11.135762239863,"OCF_SALES":-1055.4412236189,"TOTAL_PARENT_EQUITY":15441119077.44,"DEBT_ASSET_RATIO":62.4286376529,"OPERATE_PROFIT":162851266.13,"PRETAX_PROFIT":148017995.58,"NETCASH_OPERATE":-6531450340.94,"NETCASH_INVEST":-716189127.78,"NETCASH_FINANCE":7356661655.49,"END_CASH":982151507.4,"DIVI_RATIO":0.503283270649,"DIVIDEND_RATE":17.81914893617,"CURRENT_RATIO":1.588880156519,"COMMON_ACS":null,"CURRENTDEBT_DEBT":59.910765620487,"ISSUED_COMMON_SHARES":1306206058,"HK_COMMON_SHARES":1306206058,"PER_SHARES":1000,"TOTAL_MARKET_CAP":4911334778.08,"HKSK_MARKET_CAP":4911334778.08,"PE_TTM":18.452080002705,"PB_TTM":0.276719471056,"REPORT_DATE_SQ":"2021-06-30 00:00:00","REPORT_TYPE_SQ":"2021年中报","OPERATE_INCOME_SQ":828437985.84,"DPS_HKD":0.67,"OPERATE_INCOME_QOQ_SQ":-58.407511206589,"NET_PROFIT_RATIO_SQ":62.5087005824,"HOLDER_PROFIT_SQ":515297991.12,"HOLDER_PROFIT_QOQ_SQ":-1.523207746856,"ROE_AVG_SQ":3.539960348653,"PE_TTM_SQ":4.452909354357,"PB_TTM_SQ":0.313566706264,"ROA_SQ":1.737942737937,"START_DATE":"2022-01-01 00:00:00","FISCAL_YEAR":"12-31","CURRENCY":"HKD","IS_CNY_CODE":0,"DPS_HKD_LY":0.83,"ORG_TYPE":"一般企业","PREMIUM_INCOME":null,"PREMIUM_INCOME_YOY":null,"NET_INTEREST_INCOME":null,"NET_INTEREST_INCOME_YOY":null,"FEE_COMMISSION_INCOME":null,"FEE_COMMISSION_INCOME_YOY":null,"ACCOUNTS_RECE_TDAYS":1.073326727856,"INVENTORY_TDAYS":0.005244018753,"CURRENT_ASSETS_TDAYS":0.025523916926,"TOTAL_ASSETS_TDAYS":0.01499833233,"PREMIUM_EXPENSE":null,"LOAN_DEPOSIT":null,"LOAN_EQUITY":null,"LOAN_ASSETS":null,"DEPOSIT_EQUITY":null,"DEPOSIT_ASSETS":null,"EQUITY_MULTIPLIER":2.66160164958,"EQUITY_RATIO":1.672645695206},{"SECUCODE":"00034.HK","SECURITY_CODE":"00034","SECURITY_NAME_ABBR":"九龙建业","ORG_CODE":"10007326","STD_REPORT_DATE":"2021-12-31 00:00:00","REPORT_DATE":"2021-12-31 00:00:00","DATE_TYPE_CODE":"001","REPORT_TYPE":"2021年年报","PER_NETCASH_OPERATE":-1.472018862908,"PER_OI":1.424743022304,"BPS":11.863399847132,"BASIC_EPS":1.537088,"DILUTED_EPS":1.537088,"OPERATE_INCOME":1676397228.8,"OPERATE_INCOME_YOY":-56.4306867966,"GROSS_PROFIT":1240593536,"GROSS_PROFIT_YOY":-41.538538862529,"HOLDER_PROFIT":1806144625.6,"HOLDER_PROFIT_YOY":175.8358431102,"GROSS_PROFIT_RATIO":74.003554449207,"EPS_TTM":1.535013246495,"OPERATE_INCOME_QOQ":1.76075509304,"NET_PROFIT_RATIO":107.7871115126,"ROE_AVG":12.13020465332,"GROSS_PROFIT_QOQ":-2.771467662438,"ROA":5.373474203034,"HOLDER_PROFIT_QOQ":172.101741155489,"ROE_YEARLY":12.13020465332,"ROIC_YEARLY":5.583408175177,"TOTAL_ASSETS":39340643977.6,"TOTAL_LIABILITIES":23745386739.2,"TAX_EBT":5.361787479456,"OCF_SALES":-103.31820123801,"TOTAL_PARENT_EQUITY":15496044748.8,"DEBT_ASSET_RATIO":60.3584088576,"OPERATE_PROFIT":1959962166.4,"PRETAX_PROFIT":1909313481.6,"NETCASH_OPERATE":-1732023462.4,"NETCASH_INVEST":-535756110.4,"NETCASH_FINANCE":2177568859.2,"END_CASH":852871264,"DIVI_RATIO":0.395966224649,"DIVIDEND_RATE":17.81914893617,"CURRENT_RATIO":1.910813726922,"COMMON_ACS":null,"CURRENTDEBT_DEBT":50.370115931003,"ISSUED_COMMON_SHARES":1306206058,"HK_COMMON_SHARES":1306206058,"PER_SHARES":1000,"TOTAL_MARKET_CAP":4911334778.08,"HKSK_MARKET_CAP":4911334778.08,"PE_TTM":18.452080002705,"PB_TTM":0.276719471056,"REPORT_DATE_SQ":"2020-12-31 00:00:00","REPORT_TYPE_SQ":"2020年年报","OPERATE_INCOME_SQ":3960788980.68,"DPS_HKD":0.67,"OPERATE_INCOME_QOQ_SQ":-55.179299579608,"NET_PROFIT_RATIO_SQ":19.0792380085,"HOLDER_PROFIT_SQ":674042543.52,"HOLDER_PROFIT_QOQ_SQ":-38.277930058421,"ROE_AVG_SQ":3.596341042672,"PE_TTM_SQ":4.452909354357,"PB_TTM_SQ":0.313566706264,"ROA_SQ":1.857385220099,"START_DATE":"2021-01-01 00:00:00","FISCAL_YEAR":"12-31","CURRENCY":"HKD","IS_CNY_CODE":0,"DPS_HKD_LY":0.81,"ORG_TYPE":"一般企业","PREMIUM_INCOME":null,"PREMIUM_INCOME_YOY":null,"NET_INTEREST_INCOME":null,"NET_INTEREST_INCOME_YOY":null,"FEE_COMMISSION_INCOME":null,"FEE_COMMISSION_INCOME_YOY":null,"ACCOUNTS_RECE_TDAYS":null,"INVENTORY_TDAYS":0.02594923258,"CURRENT_ASSETS_TDAYS":0.091243056188,"TOTAL_ASSETS_TDAYS":0.049874617654,"PREMIUM_EXPENSE":null,"LOAN_DEPOSIT":null,"LOAN_EQUITY":null,"LOAN_ASSETS":null,"DEPOSIT_EQUITY":null,"DEPOSIT_ASSETS":null,"EQUITY_MULTIPLIER":2.522603082222,"EQUITY_RATIO":1.532351456396},{"SECUCODE":"00034.HK","SECURITY_CODE":"00034","SECURITY_NAME_ABBR":"九龙建业","ORG_CODE":"10007326","STD_REPORT_DATE":"2021-06-30 00:00:00","REPORT_DATE":"2021-06-30 00:00:00","DATE_TYPE_CODE":"002","REPORT_TYPE":"2021年中报","PER_NETCASH_OPERATE":-0.664125876183,"PER_OI":0.704076110041,"BPS":11.15979857714,"BASIC_EPS":0.4410024,"DILUTED_EPS":0.4410024,"OPERATE_INCOME":828437985.84,"OPERATE_INCOME_YOY":-71.0538105836,"GROSS_PROFIT":687361318.08,"GROSS_PROFIT_YOY":-55.176251623834,"HOLDER_PROFIT":515297991.12,"HOLDER_PROFIT_YOY":7.6333622423,"GROSS_PROFIT_RATIO":82.970763029781,"EPS_TTM":0.564132092642,"OPERATE_INCOME_QOQ":-58.407511206589,"NET_PROFIT_RATIO":62.5087005824,"ROE_AVG":3.539960348653,"GROSS_PROFIT_QOQ":-39.87211394439,"ROA":1.737942737937,"HOLDER_PROFIT_QOQ":-1.523207746856,"ROE_YEARLY":7.079920697306,"ROIC_YEARLY":3.671763149224,"TOTAL_ASSETS":30922113090.24,"TOTAL_LIABILITIES":16243376496.96,"TAX_EBT":8.462717388746,"OCF_SALES":-94.325864308076,"TOTAL_PARENT_EQUITY":14576996507.52,"DEBT_ASSET_RATIO":52.5299692474,"OPERATE_PROFIT":596480708.4,"PRETAX_PROFIT":565721207.04,"NETCASH_OPERATE":-781431290.4,"NETCASH_INVEST":-347079705.84,"NETCASH_FINANCE":2196048002.16,"END_CASH":2019706951.92,"DIVI_RATIO":1.077430991656,"DIVIDEND_RATE":17.81914893617,"CURRENT_RATIO":2.142011298026,"COMMON_ACS":null,"CURRENTDEBT_DEBT":46.346140330423,"ISSUED_COMMON_SHARES":1306206058,"HK_COMMON_SHARES":1306206058,"PER_SHARES":1000,"TOTAL_MARKET_CAP":4911334778.08,"HKSK_MARKET_CAP":4911334778.08,"PE_TTM":18.452080002705,"PB_TTM":0.276719471056,"REPORT_DATE_SQ":"2020-06-30 00:00:00","REPORT_TYPE_SQ":"2020年中报","OPERATE_INCOME_SQ":3141836253.6,"DPS_HKD":0.67,"OPERATE_INCOME_QOQ_SQ":-15.128099948573,"NET_PROFIT_RATIO_SQ":16.0465587522,"HOLDER_PROFIT_SQ":525565059.36,"HOLDER_PROFIT_QOQ_SQ":-50.23469018888,"ROE_AVG_SQ":2.134261597971,"PE_TTM_SQ":4.452909354357,"PB_TTM_SQ":0.313566706264,"ROA_SQ":1.13690429632,"START_DATE":"2021-01-01 00:00:00","FISCAL_YEAR":"12-31","CURRENCY":"HKD","IS_CNY_CODE":0,"DPS_HKD_LY":0.81,"ORG_TYPE":"一般企业","PREMIUM_INCOME":null,"PREMIUM_INCOME_YOY":null,"NET_INTEREST_INCOME":null,"NET_INTEREST_INCOME_YOY":null,"FEE_COMMISSION_INCOME":null,"FEE_COMMISSION_INCOME_YOY":null,"ACCOUNTS_RECE_TDAYS":1.579656913299,"INVENTORY_TDAYS":0.010989035918,"CURRENT_ASSETS_TDAYS":0.05474964015,"TOTAL_ASSETS_TDAYS":0.027940682986,"PREMIUM_EXPENSE":null,"LOAN_DEPOSIT":null,"LOAN_EQUITY":null,"LOAN_ASSETS":null,"DEPOSIT_EQUITY":null,"DEPOSIT_ASSETS":null,"EQUITY_MULTIPLIER":2.106592273369,"EQUITY_RATIO":1.114315729484},{"SECUCODE":"00034.HK","SECURITY_CODE":"00034","SECURITY_NAME_ABBR":"九龙建业","ORG_CODE":"10007326","STD_REPORT_DATE":"2020-12-31 00:00:00","REPORT_DATE":"2020-12-31 00:00:00","DATE_TYPE_CODE":"001","REPORT_TYPE":"2020年年报","PER_NETCASH_OPERATE":-0.089937063649,"PER_OI":3.366210803796,"BPS":11.256433043032,"BASIC_EPS":0.5723152,"DILUTED_EPS":0.5723152,"OPERATE_INCOME":3960788980.68,"OPERATE_INCOME_YOY":-56.5762957528,"GROSS_PROFIT":2122070697.28,"GROSS_PROFIT_YOY":-44.95360162151,"HOLDER_PROFIT":674042543.52,"HOLDER_PROFIT_YOY":-67.3079474375,"GROSS_PROFIT_RATIO":53.576969326846,"EPS_TTM":0.572857908685,"OPERATE_INCOME_QOQ":-55.179299579608,"NET_PROFIT_RATIO":19.0792380085,"ROE_AVG":3.596341042672,"GROSS_PROFIT_QOQ":-48.039550531369,"ROA":1.857385220099,"HOLDER_PROFIT_QOQ":-38.277930058421,"ROE_YEARLY":3.596341042672,"ROIC_YEARLY":2.067522979975,"TOTAL_ASSETS":28703692022.28,"TOTAL_LIABILITIES":13900765265.76,"TAX_EBT":27.936313797201,"OCF_SALES":-2.671759699297,"TOTAL_PARENT_EQUITY":14703221032.28,"DEBT_ASSET_RATIO":48.4284922475,"OPERATE_PROFIT":793833164.72,"PRETAX_PROFIT":703271859.08,"NETCASH_OPERATE":-104721898.64,"NETCASH_INVEST":-1105557263,"NETCASH_FINANCE":-630396776.4,"END_CASH":954285939.24,"DIVI_RATIO":1.061019479325,"DIVIDEND_RATE":17.81914893617,"CURRENT_RATIO":1.854023086967,"COMMON_ACS":null,"CURRENTDEBT_DEBT":55.484908106448,"ISSUED_COMMON_SHARES":1306206058,"HK_COMMON_SHARES":1306206058,"PER_SHARES":1000,"TOTAL_MARKET_CAP":4911334778.08,"HKSK_MARKET_CAP":4911334778.08,"PE_TTM":18.452080002705,"PB_TTM":0.276719471056,"REPORT_DATE_SQ":"2019-12-31 00:00:00","REPORT_TYPE_SQ":"2019年年报","OPERATE_INCOME_SQ":9708001417.52,"DPS_HKD":0.67,"OPERATE_INCOME_QOQ_SQ":51.367645996935,"NET_PROFIT_RATIO_SQ":22.9016280176,"HOLDER_PROFIT_SQ":2194421826.74,"HOLDER_PROFIT_QOQ_SQ":-17.393345249525,"ROE_AVG_SQ":9.289073694613,"PE_TTM_SQ":4.452909354357,"PB_TTM_SQ":0.313566706264,"ROA_SQ":4.470566550952,"START_DATE":"2020-01-01 00:00:00","FISCAL_YEAR":"12-31","CURRENCY":"HKD","IS_CNY_CODE":0,"DPS_HKD_LY":0.78,"ORG_TYPE":"一般企业","PREMIUM_INCOME":null,"PREMIUM_INCOME_YOY":null,"NET_INTEREST_INCOME":null,"NET_INTEREST_INCOME_YOY":null,"FEE_COMMISSION_INCOME":null,"FEE_COMMISSION_INCOME_YOY":null,"ACCOUNTS_RECE_TDAYS":5.070250865551,"INVENTORY_TDAYS":0.139838392639,"CURRENT_ASSETS_TDAYS":0.243868334935,"TOTAL_ASSETS_TDAYS":0.109143124323,"PREMIUM_EXPENSE":null,"LOAN_DEPOSIT":null,"LOAN_EQUITY":null,"LOAN_ASSETS":null,"DEPOSIT_EQUITY":null,"DEPOSIT_ASSETS":null,"EQUITY_MULTIPLIER":1.939055194584,"EQUITY_RATIO":0.945423131111},{"SECUCODE":"00034.HK","SECURITY_CODE":"00034","SECURITY_NAME_ABBR":"九龙建业","ORG_CODE":"10007326","STD_REPORT_DATE":"2020-06-30 00:00:00","REPORT_DATE":"2020-06-30 00:00:00","DATE_TYPE_CODE":"002","REPORT_TYPE":"2020年中报","PER_NETCASH_OPERATE":0.490483117389,"PER_OI":2.670196062506,"BPS":18.775836457987,"BASIC_EPS":0.4475856,"DILUTED_EPS":0.4475856,"OPERATE_INCOME":3141836253.6,"OPERATE_INCOME_YOY":-34.13928587,"GROSS_PROFIT":1533475764.48,"GROSS_PROFIT_YOY":-30.808258742182,"HOLDER_PROFIT":525565059.36,"HOLDER_PROFIT_YOY":-68.9095773279,"GROSS_PROFIT_RATIO":52.408723360001,"EPS_TTM":0.928124914196,"OPERATE_INCOME_QOQ":-15.128099948573,"NET_PROFIT_RATIO":16.0465587522,"ROE_AVG":2.134261597971,"GROSS_PROFIT_QOQ":-9.530428552463,"ROA":1.13690429632,"HOLDER_PROFIT_QOQ":-50.23469018888,"ROE_YEARLY":4.268523195942,"ROIC_YEARLY":2.63048868646,"TOTAL_ASSETS":44836380520.8,"TOTAL_LIABILITIES":16488283474.08,"TAX_EBT":26.140334614261,"OCF_SALES":16.934639128393,"TOTAL_PARENT_EQUITY":24525111325.44,"DEBT_ASSET_RATIO":36.7743410207,"OPERATE_PROFIT":710927611.68,"PRETAX_PROFIT":650354664.96,"NETCASH_OPERATE":577117786.08,"NETCASH_INVEST":-492612711.36,"NETCASH_FINANCE":-1222869626.88,"END_CASH":1821252296.16,"DIVI_RATIO":0.654883185122,"DIVIDEND_RATE":17.81914893617,"CURRENT_RATIO":3.014563240214,"COMMON_ACS":null,"CURRENTDEBT_DEBT":34.87137409251,"ISSUED_COMMON_SHARES":1306206058,"HK_COMMON_SHARES":1306206058,"PER_SHARES":1000,"TOTAL_MARKET_CAP":4911334778.08,"HKSK_MARKET_CAP":4911334778.08,"PE_TTM":18.452080002705,"PB_TTM":0.276719471056,"REPORT_DATE_SQ":"2019-06-30 00:00:00","REPORT_TYPE_SQ":"2019年中报","OPERATE_INCOME_SQ":4983068939.22,"DPS_HKD":0.67,"OPERATE_INCOME_QOQ_SQ":176.192859123656,"NET_PROFIT_RATIO_SQ":36.3680624463,"HOLDER_PROFIT_SQ":1627926065.46,"HOLDER_PROFIT_QOQ_SQ":38.229904981743,"ROE_AVG_SQ":7.038617347524,"PE_TTM_SQ":4.452909354357,"PB_TTM_SQ":0.313566706264,"ROA_SQ":3.329486478942,"START_DATE":"2020-01-01 00:00:00","FISCAL_YEAR":"12-31","CURRENCY":"HKD","IS_CNY_CODE":0,"DPS_HKD_LY":0.78,"ORG_TYPE":"一般企业","PREMIUM_INCOME":null,"PREMIUM_INCOME_YOY":null,"NET_INTEREST_INCOME":null,"NET_INTEREST_INCOME_YOY":null,"FEE_COMMISSION_INCOME":null,"FEE_COMMISSION_INCOME_YOY":null,"ACCOUNTS_RECE_TDAYS":3.067006517321,"INVENTORY_TDAYS":0.112668296953,"CURRENT_ASSETS_TDAYS":0.183877228356,"TOTAL_ASSETS_TDAYS":0.073720103366,"PREMIUM_EXPENSE":null,"LOAN_DEPOSIT":null,"LOAN_EQUITY":null,"LOAN_ASSETS":null,"DEPOSIT_EQUITY":null,"DEPOSIT_ASSETS":null,"EQUITY_MULTIPLIER":1.581636342181,"EQUITY_RATIO":0.672302084801}],"count":47},"success":true,"message":"ok","code":0}