{"version":"b3390f5ec94c859e5f7536338d627e57","result":{"pages":6,"data":[{"SECUCODE":"00035.HK","SECURITY_CODE":"00035","SECURITY_NAME_ABBR":"远东发展","ORG_CODE":"10007327","STD_REPORT_DATE":"2024-06-30 00:00:00","REPORT_DATE":"2024-09-30 00:00:00","DATE_TYPE_CODE":"002","REPORT_TYPE":"2024年中报","PER_NETCASH_OPERATE":0.753822790017,"PER_OI":1.655244980203,"BPS":3.383871930509,"BASIC_EPS":-0.24618867,"DILUTED_EPS":-0.24618867,"OPERATE_INCOME":4663825218.18,"OPERATE_INCOME_YOY":-18.7133498293,"GROSS_PROFIT":1292873778.25,"GROSS_PROFIT_YOY":-28.651948131024,"HOLDER_PROFIT":-694294433.53,"HOLDER_PROFIT_YOY":-431.5163754424,"GROSS_PROFIT_RATIO":27.721317111333,"EPS_TTM":0.072746539263,"OPERATE_INCOME_QOQ":0,"NET_PROFIT_RATIO":-12.8409151114,"ROE_AVG":-6.64896791235,"GROSS_PROFIT_QOQ":0,"ROA":-1.634633516173,"HOLDER_PROFIT_QOQ":0,"ROE_YEARLY":-13.2979358247,"ROIC_YEARLY":-3.740858115119,"TOTAL_ASSETS":42328258698.76,"TOTAL_LIABILITIES":29082537222.31,"TAX_EBT":-0.306463062818,"OCF_SALES":45.541463591958,"TOTAL_PARENT_EQUITY":10351401221.33,"DEBT_ASSET_RATIO":68.7071429734,"OPERATE_PROFIT":68109493.33,"PRETAX_PROFIT":-597048105.3,"NETCASH_OPERATE":2123974263.73,"NETCASH_INVEST":-631770627.46,"NETCASH_FINANCE":-1626089692.2,"END_CASH":2471542165.53,"DIVI_RATIO":1.370139404699,"DIVIDEND_RATE":13.095238095238,"CURRENT_RATIO":1.217355988103,"COMMON_ACS":4000000000,"CURRENTDEBT_DEBT":49.905225736516,"ISSUED_COMMON_SHARES":3059040482,"HK_COMMON_SHARES":3059040482,"PER_SHARES":1000,"TOTAL_MARKET_CAP":2569594004.88,"HKSK_MARKET_CAP":2569594004.88,"PE_TTM":-3.311140468504,"PB_TTM":0.223857053564,"REPORT_DATE_SQ":"2023-06-30 00:00:00","REPORT_TYPE_SQ":"2023年中报","OPERATE_INCOME_SQ":5838284148.13,"DPS_HKD":0.11,"OPERATE_INCOME_QOQ_SQ":0,"NET_PROFIT_RATIO_SQ":5.449070691,"HOLDER_PROFIT_SQ":213108555.94,"HOLDER_PROFIT_QOQ_SQ":0,"ROE_AVG_SQ":1.988368151623,"PE_TTM_SQ":-20.693980683403,"PB_TTM_SQ":0.312370331947,"ROA_SQ":0.454418305123,"START_DATE":"2024-04-01 00:00:00","FISCAL_YEAR":"3-31","CURRENCY":"HKD","IS_CNY_CODE":0,"DPS_HKD_LY":0.11,"ORG_TYPE":"一般企业","PREMIUM_INCOME":null,"PREMIUM_INCOME_YOY":null,"NET_INTEREST_INCOME":null,"NET_INTEREST_INCOME_YOY":null,"FEE_COMMISSION_INCOME":null,"FEE_COMMISSION_INCOME_YOY":null,"ACCOUNTS_RECE_TDAYS":6.066580879464,"INVENTORY_TDAYS":0.275513965665,"CURRENT_ASSETS_TDAYS":0.253024043792,"TOTAL_ASSETS_TDAYS":0.109804207654,"PREMIUM_EXPENSE":null,"LOAN_DEPOSIT":null,"LOAN_EQUITY":null,"LOAN_ASSETS":null,"DEPOSIT_EQUITY":null,"DEPOSIT_ASSETS":null,"EQUITY_MULTIPLIER":3.195617450813,"EQUITY_RATIO":2.809526613883},{"SECUCODE":"00035.HK","SECURITY_CODE":"00035","SECURITY_NAME_ABBR":"远东发展","ORG_CODE":"10007327","STD_REPORT_DATE":"2023-12-31 00:00:00","REPORT_DATE":"2024-03-31 00:00:00","DATE_TYPE_CODE":"001","REPORT_TYPE":"2023年年报","PER_NETCASH_OPERATE":1.152001454671,"PER_OI":3.282982463524,"BPS":3.461370430713,"BASIC_EPS":0.0743371,"DILUTED_EPS":0.0743371,"OPERATE_INCOME":9250145197.45,"OPERATE_INCOME_YOY":57.4895068003,"GROSS_PROFIT":2524521458.35,"GROSS_PROFIT_YOY":72.838532932717,"HOLDER_PROFIT":204970955,"HOLDER_PROFIT_YOY":31.3122513576,"GROSS_PROFIT_RATIO":27.29169547572,"EPS_TTM":-0.054657953745,"OPERATE_INCOME_QOQ":0,"NET_PROFIT_RATIO":4.4170440877,"ROE_AVG":1.881412748756,"GROSS_PROFIT_QOQ":0,"ROA":0.449127621242,"HOLDER_PROFIT_QOQ":0,"ROE_YEARLY":1.881412748756,"ROIC_YEARLY":0.519563812277,"TOTAL_ASSETS":42844728795.35,"TOTAL_LIABILITIES":29363111892.15,"TAX_EBT":23.014602766822,"OCF_SALES":35.090088584715,"TOTAL_PARENT_EQUITY":10588472270.75,"DEBT_ASSET_RATIO":68.5337793417,"OPERATE_PROFIT":1585664736,"PRETAX_PROFIT":530727912.35,"NETCASH_OPERATE":3245884144,"NETCASH_INVEST":-1009395377.85,"NETCASH_FINANCE":-3660014315,"END_CASH":2478164117.55,"DIVI_RATIO":-1.823575402498,"DIVIDEND_RATE":13.095238095238,"CURRENT_RATIO":1.317934487513,"COMMON_ACS":4000000000,"CURRENTDEBT_DEBT":49.866481745126,"ISSUED_COMMON_SHARES":3059040482,"HK_COMMON_SHARES":3059040482,"PER_SHARES":1000,"TOTAL_MARKET_CAP":2569594004.88,"HKSK_MARKET_CAP":2569594004.88,"PE_TTM":-3.311140468504,"PB_TTM":0.223857053564,"REPORT_DATE_SQ":"2022-12-31 00:00:00","REPORT_TYPE_SQ":"2022年年报","OPERATE_INCOME_SQ":5671744622.78,"DPS_HKD":0.11,"OPERATE_INCOME_QOQ_SQ":0,"NET_PROFIT_RATIO_SQ":5.9914958742,"HOLDER_PROFIT_SQ":150732470.85,"HOLDER_PROFIT_QOQ_SQ":0,"ROE_AVG_SQ":1.276063713438,"PE_TTM_SQ":-20.863603475889,"PB_TTM_SQ":0.314930744504,"ROA_SQ":0.318192035754,"START_DATE":"2023-04-01 00:00:00","FISCAL_YEAR":"3-31","CURRENCY":"HKD","IS_CNY_CODE":0,"DPS_HKD_LY":0.14,"ORG_TYPE":"一般企业","PREMIUM_INCOME":null,"PREMIUM_INCOME_YOY":null,"NET_INTEREST_INCOME":null,"NET_INTEREST_INCOME_YOY":null,"FEE_COMMISSION_INCOME":null,"FEE_COMMISSION_INCOME_YOY":null,"ACCOUNTS_RECE_TDAYS":13.735576450634,"INVENTORY_TDAYS":0.475915268486,"CURRENT_ASSETS_TDAYS":0.43336001996,"TOTAL_ASSETS_TDAYS":0.202687044546,"PREMIUM_EXPENSE":null,"LOAN_DEPOSIT":null,"LOAN_EQUITY":null,"LOAN_ASSETS":null,"DEPOSIT_EQUITY":null,"DEPOSIT_ASSETS":null,"EQUITY_MULTIPLIER":3.178011146808,"EQUITY_RATIO":2.773120724249},{"SECUCODE":"00035.HK","SECURITY_CODE":"00035","SECURITY_NAME_ABBR":"远东发展","ORG_CODE":"10007327","STD_REPORT_DATE":"2023-06-30 00:00:00","REPORT_DATE":"2023-09-30 00:00:00","DATE_TYPE_CODE":"002","REPORT_TYPE":"2023年中报","PER_NETCASH_OPERATE":1.076525548145,"PER_OI":2.157608547028,"BPS":3.301052395681,"BASIC_EPS":0.07891618,"DILUTED_EPS":0.07891618,"OPERATE_INCOME":5838284148.13,"OPERATE_INCOME_YOY":108.0318468833,"GROSS_PROFIT":1812065984.12,"GROSS_PROFIT_YOY":86.915991298961,"HOLDER_PROFIT":213108555.94,"HOLDER_PROFIT_YOY":-59.2945543904,"GROSS_PROFIT_RATIO":31.369722001589,"EPS_TTM":0.055705008384,"OPERATE_INCOME_QOQ":0,"NET_PROFIT_RATIO":5.449070691,"ROE_AVG":1.988368151623,"GROSS_PROFIT_QOQ":0,"ROA":0.454418305123,"HOLDER_PROFIT_QOQ":0,"ROE_YEARLY":3.976736303246,"ROIC_YEARLY":1.046628468199,"TOTAL_ASSETS":44771655879.16,"TOTAL_LIABILITIES":31890176994.06,"TAX_EBT":36.173249327344,"OCF_SALES":50.428212867355,"TOTAL_PARENT_EQUITY":10098052911.59,"DEBT_ASSET_RATIO":71.2284957254,"OPERATE_PROFIT":975704049.81,"PRETAX_PROFIT":493154549.86,"NETCASH_OPERATE":2912976059.28,"NETCASH_INVEST":-597950648.75,"NETCASH_FINANCE":-3808106689.31,"END_CASH":2476580595.44,"DIVI_RATIO":1.789298716422,"DIVIDEND_RATE":13.095238095238,"CURRENT_RATIO":1.101749928567,"COMMON_ACS":4000000000,"CURRENTDEBT_DEBT":54.511520551949,"ISSUED_COMMON_SHARES":3059040482,"HK_COMMON_SHARES":3059040482,"PER_SHARES":1000,"TOTAL_MARKET_CAP":2569594004.88,"HKSK_MARKET_CAP":2569594004.88,"PE_TTM":-3.311140468504,"PB_TTM":0.223857053564,"REPORT_DATE_SQ":"2022-06-30 00:00:00","REPORT_TYPE_SQ":"2022年中报","OPERATE_INCOME_SQ":2736816446.76,"DPS_HKD":0.11,"OPERATE_INCOME_QOQ_SQ":0,"NET_PROFIT_RATIO_SQ":22.0686924794,"HOLDER_PROFIT_SQ":516012866.52,"HOLDER_PROFIT_QOQ_SQ":0,"ROE_AVG_SQ":4.299780705027,"PE_TTM_SQ":-20.863603475889,"PB_TTM_SQ":0.314930744504,"ROA_SQ":1.06568591129,"START_DATE":"2023-04-01 00:00:00","FISCAL_YEAR":"3-31","CURRENCY":"HKD","IS_CNY_CODE":0,"DPS_HKD_LY":0.14,"ORG_TYPE":"一般企业","PREMIUM_INCOME":null,"PREMIUM_INCOME_YOY":null,"NET_INTEREST_INCOME":null,"NET_INTEREST_INCOME_YOY":null,"FEE_COMMISSION_INCOME":null,"FEE_COMMISSION_INCOME_YOY":null,"ACCOUNTS_RECE_TDAYS":null,"INVENTORY_TDAYS":0.275747392846,"CURRENT_ASSETS_TDAYS":0.269732247574,"TOTAL_ASSETS_TDAYS":0.123173779948,"PREMIUM_EXPENSE":null,"LOAN_DEPOSIT":null,"LOAN_EQUITY":null,"LOAN_ASSETS":null,"DEPOSIT_EQUITY":null,"DEPOSIT_ASSETS":null,"EQUITY_MULTIPLIER":3.475661162711,"EQUITY_RATIO":3.158052079273},{"SECUCODE":"00035.HK","SECURITY_CODE":"00035","SECURITY_NAME_ABBR":"远东发展","ORG_CODE":"10007327","STD_REPORT_DATE":"2022-12-31 00:00:00","REPORT_DATE":"2023-03-31 00:00:00","DATE_TYPE_CODE":"001","REPORT_TYPE":"2022年年报","PER_NETCASH_OPERATE":-0.302610983636,"PER_OI":2.096061850396,"BPS":3.53569527971,"BASIC_EPS":0.05602624,"DILUTED_EPS":0.05602624,"OPERATE_INCOME":5671744622.78,"OPERATE_INCOME_YOY":7.6365806844,"GROSS_PROFIT":1460624211.23,"GROSS_PROFIT_YOY":-9.22578142592,"HOLDER_PROFIT":150732470.85,"HOLDER_PROFIT_YOY":-86.7588806665,"GROSS_PROFIT_RATIO":26.292775716329,"EPS_TTM":0.252309651853,"OPERATE_INCOME_QOQ":0,"NET_PROFIT_RATIO":5.9914958742,"ROE_AVG":1.276063713438,"GROSS_PROFIT_QOQ":0,"ROA":0.318192035754,"HOLDER_PROFIT_QOQ":0,"ROE_YEARLY":1.276063713438,"ROIC_YEARLY":0.381270254048,"TOTAL_ASSETS":46766835839.8,"TOTAL_LIABILITIES":33068234572.88,"TAX_EBT":47.898178549307,"OCF_SALES":-14.739922604671,"TOTAL_PARENT_EQUITY":10815834992.65,"DEBT_ASSET_RATIO":70.7087276252,"OPERATE_PROFIT":1056122637.12,"PRETAX_PROFIT":638828696.68,"NETCASH_OPERATE":-818836628.75,"NETCASH_INVEST":-987008142.21,"NETCASH_FINANCE":-141306931.38,"END_CASH":3879366283.85,"DIVI_RATIO":0.395041962398,"DIVIDEND_RATE":13.095238095238,"CURRENT_RATIO":1.035718945999,"COMMON_ACS":4000000000,"CURRENTDEBT_DEBT":65.95488530802,"ISSUED_COMMON_SHARES":3059040482,"HK_COMMON_SHARES":3059040482,"PER_SHARES":1000,"TOTAL_MARKET_CAP":2569594004.88,"HKSK_MARKET_CAP":2569594004.88,"PE_TTM":-3.311140468504,"PB_TTM":0.223857053564,"REPORT_DATE_SQ":"2021-12-31 00:00:00","REPORT_TYPE_SQ":"2021年年报","OPERATE_INCOME_SQ":4781419752.36,"DPS_HKD":0.11,"OPERATE_INCOME_QOQ_SQ":0,"NET_PROFIT_RATIO_SQ":25.6212561291,"HOLDER_PROFIT_SQ":1054621994.81,"HOLDER_PROFIT_QOQ_SQ":0,"ROE_AVG_SQ":9.148347719116,"PE_TTM_SQ":-20.863603475889,"PB_TTM_SQ":0.314930744504,"ROA_SQ":2.483892284754,"START_DATE":"2022-04-01 00:00:00","FISCAL_YEAR":"3-31","CURRENCY":"HKD","IS_CNY_CODE":0,"DPS_HKD_LY":0.2,"ORG_TYPE":"一般企业","PREMIUM_INCOME":null,"PREMIUM_INCOME_YOY":null,"NET_INTEREST_INCOME":null,"NET_INTEREST_INCOME_YOY":null,"FEE_COMMISSION_INCOME":null,"FEE_COMMISSION_INCOME_YOY":null,"ACCOUNTS_RECE_TDAYS":9.175083941446,"INVENTORY_TDAYS":0.285252953411,"CURRENT_ASSETS_TDAYS":0.238046813498,"TOTAL_ASSETS_TDAYS":0.117269357389,"PREMIUM_EXPENSE":null,"LOAN_DEPOSIT":null,"LOAN_EQUITY":null,"LOAN_ASSETS":null,"DEPOSIT_EQUITY":null,"DEPOSIT_ASSETS":null,"EQUITY_MULTIPLIER":3.413986211334,"EQUITY_RATIO":3.057390815906},{"SECUCODE":"00035.HK","SECURITY_CODE":"00035","SECURITY_NAME_ABBR":"远东发展","ORG_CODE":"10007327","STD_REPORT_DATE":"2022-06-30 00:00:00","REPORT_DATE":"2022-09-30 00:00:00","DATE_TYPE_CODE":"002","REPORT_TYPE":"2022年中报","PER_NETCASH_OPERATE":-0.349016622606,"PER_OI":1.028267377019,"BPS":3.52015570927,"BASIC_EPS":0.19355016,"DILUTED_EPS":0.19355016,"OPERATE_INCOME":2736816446.76,"OPERATE_INCOME_YOY":-3.0278529269,"GROSS_PROFIT":969454764.96,"GROSS_PROFIT_YOY":17.921881816011,"HOLDER_PROFIT":516012866.52,"HOLDER_PROFIT_YOY":-46.7326751161,"GROSS_PROFIT_RATIO":35.422717738623,"EPS_TTM":0.435862891935,"OPERATE_INCOME_QOQ":0,"NET_PROFIT_RATIO":22.0686924794,"ROE_AVG":4.299780705027,"GROSS_PROFIT_QOQ":0,"ROA":1.06568591129,"HOLDER_PROFIT_QOQ":0,"ROE_YEARLY":8.599561410054,"ROIC_YEARLY":2.610294580212,"TOTAL_ASSETS":47274238575.24,"TOTAL_LIABILITIES":33563857035.12,"TAX_EBT":22.383198914889,"OCF_SALES":-33.942205150796,"TOTAL_PARENT_EQUITY":10768298817.6,"DEBT_ASSET_RATIO":70.9981970026,"OPERATE_PROFIT":828942775.44,"PRETAX_PROFIT":778155756.12,"NETCASH_OPERATE":-928935852.96,"NETCASH_INVEST":142471911,"NETCASH_FINANCE":676546444.32,"END_CASH":5617937199.96,"DIVI_RATIO":0.228679481195,"DIVIDEND_RATE":13.095238095238,"CURRENT_RATIO":1.391584491472,"COMMON_ACS":4000000000,"CURRENTDEBT_DEBT":51.792962120445,"ISSUED_COMMON_SHARES":3059040482,"HK_COMMON_SHARES":3059040482,"PER_SHARES":1000,"TOTAL_MARKET_CAP":2569594004.88,"HKSK_MARKET_CAP":2569594004.88,"PE_TTM":-3.311140468504,"PB_TTM":0.223857053564,"REPORT_DATE_SQ":"2021-06-30 00:00:00","REPORT_TYPE_SQ":"2021年中报","OPERATE_INCOME_SQ":2599532073.72,"DPS_HKD":0.11,"OPERATE_INCOME_QOQ_SQ":0,"NET_PROFIT_RATIO_SQ":37.0663062072,"HOLDER_PROFIT_SQ":892269739.5,"HOLDER_PROFIT_QOQ_SQ":0,"ROE_AVG_SQ":7.629966958359,"PE_TTM_SQ":-20.863603475889,"PB_TTM_SQ":0.314930744504,"ROA_SQ":2.102258261988,"START_DATE":"2022-04-01 00:00:00","FISCAL_YEAR":"3-31","CURRENCY":"HKD","IS_CNY_CODE":0,"DPS_HKD_LY":0.2,"ORG_TYPE":"一般企业","PREMIUM_INCOME":null,"PREMIUM_INCOME_YOY":null,"NET_INTEREST_INCOME":null,"NET_INTEREST_INCOME_YOY":null,"FEE_COMMISSION_INCOME":null,"FEE_COMMISSION_INCOME_YOY":null,"ACCOUNTS_RECE_TDAYS":7.059801083008,"INVENTORY_TDAYS":0.121711542346,"CURRENT_ASSETS_TDAYS":0.111538670792,"TOTAL_ASSETS_TDAYS":0.056521589254,"PREMIUM_EXPENSE":null,"LOAN_DEPOSIT":null,"LOAN_EQUITY":null,"LOAN_ASSETS":null,"DEPOSIT_EQUITY":null,"DEPOSIT_ASSETS":null,"EQUITY_MULTIPLIER":3.448061488072,"EQUITY_RATIO":3.116913600156},{"SECUCODE":"00035.HK","SECURITY_CODE":"00035","SECURITY_NAME_ABBR":"远东发展","ORG_CODE":"10007327","STD_REPORT_DATE":"2021-12-31 00:00:00","REPORT_DATE":"2022-03-31 00:00:00","DATE_TYPE_CODE":"001","REPORT_TYPE":"2021年年报","PER_NETCASH_OPERATE":-0.165662161128,"PER_OI":1.976104662217,"BPS":3.879151334918,"BASIC_EPS":0.39901692,"DILUTED_EPS":0.39901692,"OPERATE_INCOME":4781419752.36,"OPERATE_INCOME_YOY":-0.8085544108,"GROSS_PROFIT":1609073847.37,"GROSS_PROFIT_YOY":3.385361520817,"HOLDER_PROFIT":1054621994.81,"HOLDER_PROFIT_YOY":139.3953173268,"GROSS_PROFIT_RATIO":33.652637306645,"EPS_TTM":0.43272793107,"OPERATE_INCOME_QOQ":0,"NET_PROFIT_RATIO":25.6212561291,"ROE_AVG":9.148347719116,"GROSS_PROFIT_QOQ":0,"ROA":2.483892284754,"HOLDER_PROFIT_QOQ":0,"ROE_YEARLY":9.148347719116,"ROIC_YEARLY":2.994372264054,"TOTAL_ASSETS":44446848319.16,"TOTAL_LIABILITIES":29921714367.84,"TAX_EBT":18.513567531789,"OCF_SALES":-8.383268573569,"TOTAL_PARENT_EQUITY":11866480969.32,"DEBT_ASSET_RATIO":67.3202161669,"OPERATE_PROFIT":1819582847.01,"PRETAX_PROFIT":1503391134.27,"NETCASH_OPERATE":-400839259.47,"NETCASH_INVEST":-28935214.78,"NETCASH_FINANCE":2440799475.8,"END_CASH":5598081681.05,"DIVI_RATIO":0.230336183185,"DIVIDEND_RATE":13.095238095238,"CURRENT_RATIO":1.808186725941,"COMMON_ACS":4000000000,"CURRENTDEBT_DEBT":41.239989262322,"ISSUED_COMMON_SHARES":3059040482,"HK_COMMON_SHARES":3059040482,"PER_SHARES":1000,"TOTAL_MARKET_CAP":2569594004.88,"HKSK_MARKET_CAP":2569594004.88,"PE_TTM":-3.311140468504,"PB_TTM":0.223857053564,"REPORT_DATE_SQ":"2020-12-31 00:00:00","REPORT_TYPE_SQ":"2020年年报","OPERATE_INCOME_SQ":5023491294.92,"DPS_HKD":0.11,"OPERATE_INCOME_QOQ_SQ":0,"NET_PROFIT_RATIO_SQ":13.5562160502,"HOLDER_PROFIT_SQ":459096704.92,"HOLDER_PROFIT_QOQ_SQ":0,"ROE_AVG_SQ":4.360278929289,"PE_TTM_SQ":-20.863603475889,"PB_TTM_SQ":0.314930744504,"ROA_SQ":1.184968116381,"START_DATE":"2021-04-01 00:00:00","FISCAL_YEAR":"3-31","CURRENCY":"HKD","IS_CNY_CODE":0,"DPS_HKD_LY":0.19,"ORG_TYPE":"一般企业","PREMIUM_INCOME":null,"PREMIUM_INCOME_YOY":null,"NET_INTEREST_INCOME":null,"NET_INTEREST_INCOME_YOY":null,"FEE_COMMISSION_INCOME":null,"FEE_COMMISSION_INCOME_YOY":null,"ACCOUNTS_RECE_TDAYS":null,"INVENTORY_TDAYS":0.262903980742,"CURRENT_ASSETS_TDAYS":0.227699619319,"TOTAL_ASSETS_TDAYS":0.112614109051,"PREMIUM_EXPENSE":null,"LOAN_DEPOSIT":null,"LOAN_EQUITY":null,"LOAN_ASSETS":null,"DEPOSIT_EQUITY":null,"DEPOSIT_ASSETS":null,"EQUITY_MULTIPLIER":3.05999576101,"EQUITY_RATIO":2.521532242389},{"SECUCODE":"00035.HK","SECURITY_CODE":"00035","SECURITY_NAME_ABBR":"远东发展","ORG_CODE":"10007327","STD_REPORT_DATE":"2021-06-30 00:00:00","REPORT_DATE":"2021-09-30 00:00:00","DATE_TYPE_CODE":"002","REPORT_TYPE":"2021年中报","PER_NETCASH_OPERATE":-0.137233454959,"PER_OI":1.085364835798,"BPS":3.888411184197,"BASIC_EPS":0.33905542,"DILUTED_EPS":0.33905542,"OPERATE_INCOME":2599532073.72,"OPERATE_INCOME_YOY":0.3004711496,"GROSS_PROFIT":822116090.78,"GROSS_PROFIT_YOY":-5.272793051455,"HOLDER_PROFIT":892269739.5,"HOLDER_PROFIT_YOY":206.3444030993,"GROSS_PROFIT_RATIO":31.625541346121,"EPS_TTM":0.191683505193,"OPERATE_INCOME_QOQ":0,"NET_PROFIT_RATIO":37.0663062072,"ROE_AVG":7.629966958359,"GROSS_PROFIT_QOQ":0,"ROA":2.102258261988,"HOLDER_PROFIT_QOQ":0,"ROE_YEARLY":15.259933916718,"ROIC_YEARLY":5.057747068872,"TOTAL_ASSETS":43316435880.68,"TOTAL_LIABILITIES":28726209711.72,"TAX_EBT":16.496406856212,"OCF_SALES":-12.643993101022,"TOTAL_PARENT_EQUITY":11894807223.12,"DEBT_ASSET_RATIO":66.3171129565,"OPERATE_PROFIT":1312594327.8,"PRETAX_PROFIT":1153903062.28,"NETCASH_OPERATE":-328684656.06,"NETCASH_INVEST":637772408.68,"NETCASH_FINANCE":1304914347.66,"END_CASH":5235803759.56,"DIVI_RATIO":0.519986839243,"DIVIDEND_RATE":13.095238095238,"CURRENT_RATIO":1.811940843798,"COMMON_ACS":4000000000,"CURRENTDEBT_DEBT":43.070015679139,"ISSUED_COMMON_SHARES":3059040482,"HK_COMMON_SHARES":3059040482,"PER_SHARES":1000,"TOTAL_MARKET_CAP":2569594004.88,"HKSK_MARKET_CAP":2569594004.88,"PE_TTM":-3.311140468504,"PB_TTM":0.223857053564,"REPORT_DATE_SQ":"2020-06-30 00:00:00","REPORT_TYPE_SQ":"2020年中报","OPERATE_INCOME_SQ":2733798094.08,"DPS_HKD":0.11,"OPERATE_INCOME_QOQ_SQ":0,"NET_PROFIT_RATIO_SQ":16.7506880172,"HOLDER_PROFIT_SQ":307227752.32,"HOLDER_PROFIT_QOQ_SQ":0,"ROE_AVG_SQ":2.94857391618,"PE_TTM_SQ":-20.863603475889,"PB_TTM_SQ":0.314930744504,"ROA_SQ":0.796372625656,"START_DATE":"2021-04-01 00:00:00","FISCAL_YEAR":"3-31","CURRENCY":"HKD","IS_CNY_CODE":0,"DPS_HKD_LY":0.19,"ORG_TYPE":"一般企业","PREMIUM_INCOME":null,"PREMIUM_INCOME_YOY":null,"NET_INTEREST_INCOME":null,"NET_INTEREST_INCOME_YOY":null,"FEE_COMMISSION_INCOME":null,"FEE_COMMISSION_INCOME_YOY":null,"ACCOUNTS_RECE_TDAYS":null,"INVENTORY_TDAYS":0.280754257667,"CURRENT_ASSETS_TDAYS":0.12193402814,"TOTAL_ASSETS_TDAYS":0.061247037049,"PREMIUM_EXPENSE":null,"LOAN_DEPOSIT":null,"LOAN_EQUITY":null,"LOAN_ASSETS":null,"DEPOSIT_EQUITY":null,"DEPOSIT_ASSETS":null,"EQUITY_MULTIPLIER":2.968866649431,"EQUITY_RATIO":2.415021040096},{"SECUCODE":"00035.HK","SECURITY_CODE":"00035","SECURITY_NAME_ABBR":"远东发展","ORG_CODE":"10007327","STD_REPORT_DATE":"2020-12-31 00:00:00","REPORT_DATE":"2021-03-31 00:00:00","DATE_TYPE_CODE":"001","REPORT_TYPE":"2020年年报","PER_NETCASH_OPERATE":0.856092621201,"PER_OI":2.097423940087,"BPS":3.811971068711,"BASIC_EPS":0.19354622,"DILUTED_EPS":0.19354622,"OPERATE_INCOME":5023491294.92,"OPERATE_INCOME_YOY":-20.2253401201,"GROSS_PROFIT":1556384601.94,"GROSS_PROFIT_YOY":-24.60728161886,"HOLDER_PROFIT":459096704.92,"HOLDER_PROFIT_YOY":48.4732939186,"GROSS_PROFIT_RATIO":30.982129968333,"EPS_TTM":-0.001356593693,"OPERATE_INCOME_QOQ":0,"NET_PROFIT_RATIO":13.5562160502,"ROE_AVG":4.360278929289,"GROSS_PROFIT_QOQ":0,"ROA":1.184968116381,"HOLDER_PROFIT_QOQ":0,"ROE_YEARLY":4.360278929289,"ROIC_YEARLY":1.394634763856,"TOTAL_ASSETS":42175148001.84,"TOTAL_LIABILITIES":27761225999.5,"TAX_EBT":36.346751965316,"OCF_SALES":40.816384558155,"TOTAL_PARENT_EQUITY":11660973815.4,"DEBT_ASSET_RATIO":65.823659939,"OPERATE_PROFIT":1369024254.36,"PRETAX_PROFIT":1069851663.86,"NETCASH_OPERATE":2050407525.18,"NETCASH_INVEST":-1953886278.82,"NETCASH_FINANCE":1146331156.88,"END_CASH":3728990787.06,"DIVI_RATIO":-73.47292010403,"DIVIDEND_RATE":13.095238095238,"CURRENT_RATIO":1.544501809572,"COMMON_ACS":4000000000,"CURRENTDEBT_DEBT":47.844683722251,"ISSUED_COMMON_SHARES":3059040482,"HK_COMMON_SHARES":3059040482,"PER_SHARES":1000,"TOTAL_MARKET_CAP":2569594004.88,"HKSK_MARKET_CAP":2569594004.88,"PE_TTM":-3.311140468504,"PB_TTM":0.223857053564,"REPORT_DATE_SQ":"2019-12-31 00:00:00","REPORT_TYPE_SQ":"2019年年报","OPERATE_INCOME_SQ":6807616874.8,"DPS_HKD":0.11,"OPERATE_INCOME_QOQ_SQ":0,"NET_PROFIT_RATIO_SQ":7.3951185703,"HOLDER_PROFIT_SQ":334279886.1,"HOLDER_PROFIT_QOQ_SQ":0,"ROE_AVG_SQ":2.982707044724,"PE_TTM_SQ":-20.863603475889,"PB_TTM_SQ":0.314930744504,"ROA_SQ":0.90492879022,"START_DATE":"2020-04-01 00:00:00","FISCAL_YEAR":"3-31","CURRENCY":"HKD","IS_CNY_CODE":0,"DPS_HKD_LY":0.19,"ORG_TYPE":"一般企业","PREMIUM_INCOME":null,"PREMIUM_INCOME_YOY":null,"NET_INTEREST_INCOME":null,"NET_INTEREST_INCOME_YOY":null,"FEE_COMMISSION_INCOME":null,"FEE_COMMISSION_INCOME_YOY":null,"ACCOUNTS_RECE_TDAYS":7.805613922654,"INVENTORY_TDAYS":0.316354363133,"CURRENT_ASSETS_TDAYS":0.268235534206,"TOTAL_ASSETS_TDAYS":0.129660634755,"PREMIUM_EXPENSE":null,"LOAN_DEPOSIT":null,"LOAN_EQUITY":null,"LOAN_ASSETS":null,"DEPOSIT_EQUITY":null,"DEPOSIT_ASSETS":null,"EQUITY_MULTIPLIER":2.926000847999,"EQUITY_RATIO":2.380695338055},{"SECUCODE":"00035.HK","SECURITY_CODE":"00035","SECURITY_NAME_ABBR":"远东发展","ORG_CODE":"10007327","STD_REPORT_DATE":"2020-06-30 00:00:00","REPORT_DATE":"2020-09-30 00:00:00","DATE_TYPE_CODE":"002","REPORT_TYPE":"2020年中报","PER_NETCASH_OPERATE":0.266218964234,"PER_OI":1.1629985336,"BPS":3.618454143387,"BASIC_EPS":0.13005056,"DILUTED_EPS":0.13005056,"OPERATE_INCOME":2733798094.08,"OPERATE_INCOME_YOY":-39.2495218345,"GROSS_PROFIT":867877473.92,"GROSS_PROFIT_YOY":-41.594279767198,"HOLDER_PROFIT":307227752.32,"HOLDER_PROFIT_YOY":-51.0859878537,"GROSS_PROFIT_RATIO":31.746216949941,"EPS_TTM":0.142207655418,"OPERATE_INCOME_QOQ":0,"NET_PROFIT_RATIO":16.7506880172,"ROE_AVG":2.94857391618,"GROSS_PROFIT_QOQ":0,"ROA":0.796372625656,"HOLDER_PROFIT_QOQ":0,"ROE_YEARLY":5.89714783236,"ROIC_YEARLY":1.862152210761,"TOTAL_ASSETS":40443870060.8,"TOTAL_LIABILITIES":26627324049.28,"TAX_EBT":37.257416122776,"OCF_SALES":22.890739458599,"TOTAL_PARENT_EQUITY":11068997706.88,"DEBT_ASSET_RATIO":65.8377252455,"OPERATE_PROFIT":924856314.88,"PRETAX_PROFIT":729855166.08,"NETCASH_OPERATE":625786599.04,"NETCASH_INVEST":-542537544.96,"NETCASH_FINANCE":345836951.68,"END_CASH":3042787680,"DIVI_RATIO":0.700896865972,"DIVIDEND_RATE":13.095238095238,"CURRENT_RATIO":1.481008644348,"COMMON_ACS":4000000000,"CURRENTDEBT_DEBT":49.735732144508,"ISSUED_COMMON_SHARES":3059040482,"HK_COMMON_SHARES":3059040482,"PER_SHARES":1000,"TOTAL_MARKET_CAP":2569594004.88,"HKSK_MARKET_CAP":2569594004.88,"PE_TTM":-3.311140468504,"PB_TTM":0.223857053564,"REPORT_DATE_SQ":"2019-06-30 00:00:00","REPORT_TYPE_SQ":"2019年中报","OPERATE_INCOME_SQ":4619314981.35,"DPS_HKD":0.11,"OPERATE_INCOME_QOQ_SQ":0,"NET_PROFIT_RATIO_SQ":15.3494684284,"HOLDER_PROFIT_SQ":644745021.87,"HOLDER_PROFIT_QOQ_SQ":0,"ROE_AVG_SQ":5.415069439604,"PE_TTM_SQ":-20.863603475889,"PB_TTM_SQ":0.314930744504,"ROA_SQ":1.763533077277,"START_DATE":"2020-04-01 00:00:00","FISCAL_YEAR":"3-31","CURRENCY":"HKD","IS_CNY_CODE":0,"DPS_HKD_LY":0.19,"ORG_TYPE":"一般企业","PREMIUM_INCOME":null,"PREMIUM_INCOME_YOY":null,"NET_INTEREST_INCOME":null,"NET_INTEREST_INCOME_YOY":null,"FEE_COMMISSION_INCOME":null,"FEE_COMMISSION_INCOME_YOY":null,"ACCOUNTS_RECE_TDAYS":null,"INVENTORY_TDAYS":0.170041765456,"CURRENT_ASSETS_TDAYS":0.146871545358,"TOTAL_ASSETS_TDAYS":0.070863453896,"PREMIUM_EXPENSE":null,"LOAN_DEPOSIT":null,"LOAN_EQUITY":null,"LOAN_ASSETS":null,"DEPOSIT_EQUITY":null,"DEPOSIT_ASSETS":null,"EQUITY_MULTIPLIER":2.927205542331,"EQUITY_RATIO":2.405576796961}],"count":47},"success":true,"message":"ok","code":0}