{"version":"aaf179cb5a8e651e7ccb8635d5bd1c8a","result":{"pages":6,"data":[{"SECUCODE":"00031.HK","SECURITY_CODE":"00031","SECURITY_NAME_ABBR":"航天控股","ORG_CODE":"10007324","STD_REPORT_DATE":"2024-06-30 00:00:00","REPORT_DATE":"2024-06-30 00:00:00","DATE_TYPE_CODE":"002","REPORT_TYPE":"2024年中报","PER_NETCASH_OPERATE":0.040829493047,"PER_OI":0.539840030243,"BPS":2.138806180643,"BASIC_EPS":-0.008487924,"DILUTED_EPS":-0.008487924,"OPERATE_INCOME":1665418306.08,"OPERATE_INCOME_YOY":5.2613484022,"GROSS_PROFIT":336083457.84,"GROSS_PROFIT_YOY":4.443231310494,"HOLDER_PROFIT":-26082569.04,"HOLDER_PROFIT_YOY":-162.8005098229,"GROSS_PROFIT_RATIO":20.180122712297,"EPS_TTM":-0.020865563047,"OPERATE_INCOME_QOQ":2.146299233605,"NET_PROFIT_RATIO":-3.2384055731,"ROE_AVG":-0.390382503957,"GROSS_PROFIT_QOQ":2.251590788353,"ROA":-0.198621106088,"HOLDER_PROFIT_QOQ":-1855.17938821046,"ROE_YEARLY":-0.780765007914,"ROIC_YEARLY":-0.528615660225,"TOTAL_ASSETS":12953771285.52,"TOTAL_LIABILITIES":4545665714.92,"TAX_EBT":53.553463074166,"OCF_SALES":7.563257772546,"TOTAL_PARENT_EQUITY":6598263868.64,"DEBT_ASSET_RATIO":35.0914464578,"OPERATE_PROFIT":-111841632.56,"PRETAX_PROFIT":-116118451.04,"NETCASH_OPERATE":125959879.48,"NETCASH_INVEST":-427147930.2,"NETCASH_FINANCE":-49804947.6,"END_CASH":1017682921.32,"DIVI_RATIO":null,"DIVIDEND_RATE":null,"CURRENT_RATIO":2.118838920145,"COMMON_ACS":null,"CURRENTDEBT_DEBT":29.702369347759,"ISSUED_COMMON_SHARES":3085021882,"HK_COMMON_SHARES":3085021882,"PER_SHARES":2000,"TOTAL_MARKET_CAP":1264858971.62,"HKSK_MARKET_CAP":1264858971.62,"PE_TTM":-18.059867950084,"PB_TTM":0.174956853682,"REPORT_DATE_SQ":"2023-06-30 00:00:00","REPORT_TYPE_SQ":"2023年中报","OPERATE_INCOME_SQ":1598296585.04,"DPS_HKD":null,"OPERATE_INCOME_QOQ_SQ":-12.608220349968,"NET_PROFIT_RATIO_SQ":3.176433534,"HOLDER_PROFIT_SQ":41955621.88,"HOLDER_PROFIT_QOQ_SQ":96.643941762442,"ROE_AVG_SQ":0.606820051438,"PE_TTM_SQ":-421.032763052109,"PB_TTM_SQ":0.138709493935,"ROA_SQ":0.305804211787,"START_DATE":"2024-01-01 00:00:00","FISCAL_YEAR":"12-31","CURRENCY":"HKD","IS_CNY_CODE":0,"DPS_HKD_LY":null,"ORG_TYPE":"一般企业","PREMIUM_INCOME":null,"PREMIUM_INCOME_YOY":null,"NET_INTEREST_INCOME":null,"NET_INTEREST_INCOME_YOY":null,"FEE_COMMISSION_INCOME":null,"FEE_COMMISSION_INCOME_YOY":null,"ACCOUNTS_RECE_TDAYS":1.685960950695,"INVENTORY_TDAYS":3.031595642382,"CURRENT_ASSETS_TDAYS":0.570422261134,"TOTAL_ASSETS_TDAYS":0.126823099959,"PREMIUM_EXPENSE":null,"LOAN_DEPOSIT":null,"LOAN_EQUITY":null,"LOAN_ASSETS":null,"DEPOSIT_EQUITY":null,"DEPOSIT_ASSETS":null,"EQUITY_MULTIPLIER":1.540629000999,"EQUITY_RATIO":0.688918449673},{"SECUCODE":"00031.HK","SECURITY_CODE":"00031","SECURITY_NAME_ABBR":"航天控股","ORG_CODE":"10007324","STD_REPORT_DATE":"2023-12-31 00:00:00","REPORT_DATE":"2023-12-31 00:00:00","DATE_TYPE_CODE":"001","REPORT_TYPE":"2023年年报","PER_NETCASH_OPERATE":0.07173510263,"PER_OI":1.01371194549,"BPS":2.177108929479,"BASIC_EPS":0.001178086,"DILUTED_EPS":0.001178086,"OPERATE_INCOME":3127323533.88,"OPERATE_INCOME_YOY":-23.3382324062,"GROSS_PROFIT":635003759.74,"GROSS_PROFIT_YOY":-28.129492483451,"HOLDER_PROFIT":3667472.34,"HOLDER_PROFIT_YOY":103.3748061175,"GROSS_PROFIT_RATIO":20.305022900914,"EPS_TTM":0.001188799458,"OPERATE_INCOME_QOQ":-11.006325450248,"NET_PROFIT_RATIO":-0.0511452775,"ROE_AVG":0.053708746901,"GROSS_PROFIT_QOQ":-9.435704407504,"ROA":0.027116384568,"HOLDER_PROFIT_QOQ":202.016456208816,"ROE_YEARLY":0.053708746901,"ROIC_YEARLY":0.036909723168,"TOTAL_ASSETS":13215663626.48,"TOTAL_LIABILITIES":4632890255.28,"TAX_EBT":93.354418464551,"OCF_SALES":7.07647798261,"TOTAL_PARENT_EQUITY":6716428686.94,"DEBT_ASSET_RATIO":35.0560545896,"OPERATE_PROFIT":36269643.06,"PRETAX_PROFIT":-24068296.98,"NETCASH_OPERATE":221304361.32,"NETCASH_INVEST":-187910154.32,"NETCASH_FINANCE":-151133934.28,"END_CASH":1367616475.68,"DIVI_RATIO":null,"DIVIDEND_RATE":null,"CURRENT_RATIO":2.28586808513,"COMMON_ACS":null,"CURRENTDEBT_DEBT":27.925616608024,"ISSUED_COMMON_SHARES":3085021882,"HK_COMMON_SHARES":3085021882,"PER_SHARES":2000,"TOTAL_MARKET_CAP":1172308315.16,"HKSK_MARKET_CAP":1172308315.16,"PE_TTM":-16.738414197638,"PB_TTM":0.16215513268,"REPORT_DATE_SQ":"2022-12-31 00:00:00","REPORT_TYPE_SQ":"2022年年报","OPERATE_INCOME_SQ":4021083489.64,"DPS_HKD":null,"OPERATE_INCOME_QOQ_SQ":-4.031754230356,"NET_PROFIT_RATIO_SQ":-5.614133144,"HOLDER_PROFIT_SQ":-107119151.86,"HOLDER_PROFIT_QOQ_SQ":-1942.93547295387,"ROE_AVG_SQ":-1.494602540268,"PE_TTM_SQ":-401.894910186104,"PB_TTM_SQ":0.132404516938,"ROA_SQ":-0.746339115089,"START_DATE":"2023-01-01 00:00:00","FISCAL_YEAR":"12-31","CURRENCY":"HKD","IS_CNY_CODE":0,"DPS_HKD_LY":0.02,"ORG_TYPE":"一般企业","PREMIUM_INCOME":null,"PREMIUM_INCOME_YOY":null,"NET_INTEREST_INCOME":null,"NET_INTEREST_INCOME_YOY":null,"FEE_COMMISSION_INCOME":null,"FEE_COMMISSION_INCOME_YOY":null,"ACCOUNTS_RECE_TDAYS":3.298357155385,"INVENTORY_TDAYS":5.676285593693,"CURRENT_ASSETS_TDAYS":0.996407428373,"TOTAL_ASSETS_TDAYS":0.231226577193,"PREMIUM_EXPENSE":null,"LOAN_DEPOSIT":null,"LOAN_EQUITY":null,"LOAN_ASSETS":null,"DEPOSIT_EQUITY":null,"DEPOSIT_ASSETS":null,"EQUITY_MULTIPLIER":1.539789419446,"EQUITY_RATIO":0.689784775693},{"SECUCODE":"00031.HK","SECURITY_CODE":"00031","SECURITY_NAME_ABBR":"航天控股","ORG_CODE":"10007324","STD_REPORT_DATE":"2023-06-30 00:00:00","REPORT_DATE":"2023-06-30 00:00:00","DATE_TYPE_CODE":"002","REPORT_TYPE":"2023年中报","PER_NETCASH_OPERATE":0.045115732758,"PER_OI":0.518082738526,"BPS":2.193457645679,"BASIC_EPS":0.013645304,"DILUTED_EPS":0.013645304,"OPERATE_INCOME":1598296585.04,"OPERATE_INCOME_YOY":-29.5813220797,"GROSS_PROFIT":321785771.68,"GROSS_PROFIT_YOY":-36.174007601133,"HOLDER_PROFIT":41955621.88,"HOLDER_PROFIT_YOY":163.2080451149,"GROSS_PROFIT_RATIO":20.133045061342,"EPS_TTM":-0.00116530166,"OPERATE_INCOME_QOQ":-12.608220349968,"NET_PROFIT_RATIO":3.176433534,"ROE_AVG":0.606820051438,"GROSS_PROFIT_QOQ":-20.641454729645,"ROA":0.305804211787,"HOLDER_PROFIT_QOQ":96.643941762442,"ROE_YEARLY":1.213640102876,"ROIC_YEARLY":0.839922897861,"TOTAL_ASSETS":13364743642.04,"TOTAL_LIABILITIES":4716230109.44,"TAX_EBT":3.823313654941,"OCF_SALES":8.708209983225,"TOTAL_PARENT_EQUITY":6766864834.16,"DEBT_ASSET_RATIO":35.2885938987,"OPERATE_PROFIT":81981539.62,"PRETAX_PROFIT":52787042.92,"NETCASH_OPERATE":139183022.78,"NETCASH_INVEST":-191570848.36,"NETCASH_FINANCE":-50495000.64,"END_CASH":1375060333.58,"DIVI_RATIO":null,"DIVIDEND_RATE":null,"CURRENT_RATIO":2.371418204634,"COMMON_ACS":null,"CURRENTDEBT_DEBT":27.855085734483,"ISSUED_COMMON_SHARES":3085021882,"HK_COMMON_SHARES":3085021882,"PER_SHARES":2000,"TOTAL_MARKET_CAP":1172308315.16,"HKSK_MARKET_CAP":1172308315.16,"PE_TTM":-16.738414197638,"PB_TTM":0.16215513268,"REPORT_DATE_SQ":"2022-06-30 00:00:00","REPORT_TYPE_SQ":"2022年中报","OPERATE_INCOME_SQ":2105283651.87,"DPS_HKD":null,"OPERATE_INCOME_QOQ_SQ":7.99529760145,"NET_PROFIT_RATIO_SQ":-6.6887564369,"HOLDER_PROFIT_SQ":-61568548.86,"HOLDER_PROFIT_QOQ_SQ":-97.943937371024,"ROE_AVG_SQ":-0.881391701263,"PE_TTM_SQ":-401.894910186104,"PB_TTM_SQ":0.132404516938,"ROA_SQ":-0.440733081005,"START_DATE":"2023-01-01 00:00:00","FISCAL_YEAR":"12-31","CURRENCY":"HKD","IS_CNY_CODE":0,"DPS_HKD_LY":0.02,"ORG_TYPE":"一般企业","PREMIUM_INCOME":null,"PREMIUM_INCOME_YOY":null,"NET_INTEREST_INCOME":null,"NET_INTEREST_INCOME_YOY":null,"FEE_COMMISSION_INCOME":null,"FEE_COMMISSION_INCOME_YOY":null,"ACCOUNTS_RECE_TDAYS":1.694726062718,"INVENTORY_TDAYS":2.956257159603,"CURRENT_ASSETS_TDAYS":0.492320048302,"TOTAL_ASSETS_TDAYS":0.116495908174,"PREMIUM_EXPENSE":null,"LOAN_DEPOSIT":null,"LOAN_EQUITY":null,"LOAN_ASSETS":null,"DEPOSIT_EQUITY":null,"DEPOSIT_ASSETS":null,"EQUITY_MULTIPLIER":1.545322625867,"EQUITY_RATIO":0.69695940809},{"SECUCODE":"00031.HK","SECURITY_CODE":"00031","SECURITY_NAME_ABBR":"航天控股","ORG_CODE":"10007324","STD_REPORT_DATE":"2022-12-31 00:00:00","REPORT_DATE":"2022-12-31 00:00:00","DATE_TYPE_CODE":"001","REPORT_TYPE":"2022年年报","PER_NETCASH_OPERATE":0.217935196834,"PER_OI":1.303421383525,"BPS":2.21757959945,"BASIC_EPS":-0.034748203,"DILUTED_EPS":-0.034748203,"OPERATE_INCOME":4021083489.64,"OPERATE_INCOME_YOY":-5.1383802349,"GROSS_PROFIT":883538716.62,"GROSS_PROFIT_YOY":0.557303262402,"HOLDER_PROFIT":-107119151.86,"HOLDER_PROFIT_YOY":-134.6820374591,"GROSS_PROFIT_RATIO":21.972652865736,"EPS_TTM":-0.034722331302,"OPERATE_INCOME_QOQ":-4.031754230356,"NET_PROFIT_RATIO":-5.614133144,"ROE_AVG":-1.494602540268,"GROSS_PROFIT_QOQ":-5.728135886221,"ROA":-0.746339115089,"HOLDER_PROFIT_QOQ":-1942.93547295387,"ROE_YEARLY":-1.494602540268,"ROIC_YEARLY":-1.013008617771,"TOTAL_ASSETS":13636506177.56,"TOTAL_LIABILITIES":4896160259.55,"TAX_EBT":22.411988100318,"OCF_SALES":16.720241020168,"TOTAL_PARENT_EQUITY":6841281589.38,"DEBT_ASSET_RATIO":35.9047999231,"OPERATE_PROFIT":-213638919.55,"PRETAX_PROFIT":-290958584.21,"NETCASH_OPERATE":672334851.09,"NETCASH_INVEST":-214904683.14,"NETCASH_FINANCE":-187266016.07,"END_CASH":1472990617.49,"DIVI_RATIO":null,"DIVIDEND_RATE":null,"CURRENT_RATIO":1.696128475767,"COMMON_ACS":null,"CURRENTDEBT_DEBT":39.404889289047,"ISSUED_COMMON_SHARES":3085021882,"HK_COMMON_SHARES":3085021882,"PER_SHARES":2000,"TOTAL_MARKET_CAP":1172308315.16,"HKSK_MARKET_CAP":1172308315.16,"PE_TTM":-16.738414197638,"PB_TTM":0.16215513268,"REPORT_DATE_SQ":"2021-12-31 00:00:00","REPORT_TYPE_SQ":"2021年年报","OPERATE_INCOME_SQ":3879812059.2,"DPS_HKD":null,"OPERATE_INCOME_QOQ_SQ":13.049148452073,"NET_PROFIT_RATIO_SQ":8.4970034984,"HOLDER_PROFIT_SQ":282696646.4,"HOLDER_PROFIT_QOQ_SQ":-21.171875005098,"ROE_AVG_SQ":4.238839202115,"PE_TTM_SQ":-401.894910186104,"PB_TTM_SQ":0.132404516938,"ROA_SQ":2.096433491059,"START_DATE":"2022-01-01 00:00:00","FISCAL_YEAR":"12-31","CURRENCY":"HKD","IS_CNY_CODE":0,"DPS_HKD_LY":0.025,"ORG_TYPE":"一般企业","PREMIUM_INCOME":null,"PREMIUM_INCOME_YOY":null,"NET_INTEREST_INCOME":null,"NET_INTEREST_INCOME_YOY":null,"FEE_COMMISSION_INCOME":null,"FEE_COMMISSION_INCOME_YOY":null,"ACCOUNTS_RECE_TDAYS":3.450980933303,"INVENTORY_TDAYS":5.651152819241,"CURRENT_ASSETS_TDAYS":1.139247932146,"TOTAL_ASSETS_TDAYS":0.280163896114,"PREMIUM_EXPENSE":null,"LOAN_DEPOSIT":null,"LOAN_EQUITY":null,"LOAN_ASSETS":null,"DEPOSIT_EQUITY":null,"DEPOSIT_ASSETS":null,"EQUITY_MULTIPLIER":1.560179231518,"EQUITY_RATIO":0.715678808946},{"SECUCODE":"00031.HK","SECURITY_CODE":"00031","SECURITY_NAME_ABBR":"航天控股","ORG_CODE":"10007324","STD_REPORT_DATE":"2022-06-30 00:00:00","REPORT_DATE":"2022-06-30 00:00:00","DATE_TYPE_CODE":"002","REPORT_TYPE":"2022年中报","PER_NETCASH_OPERATE":0.071876754328,"PER_OI":0.68242097865,"BPS":2.203331647672,"BASIC_EPS":-0.019925927,"DILUTED_EPS":-0.019925927,"OPERATE_INCOME":2105283651.87,"OPERATE_INCOME_YOY":14.1113926304,"GROSS_PROFIT":504161015.89,"GROSS_PROFIT_YOY":13.147432200775,"HOLDER_PROFIT":-61568548.86,"HOLDER_PROFIT_YOY":-127.8218326841,"GROSS_PROFIT_RATIO":23.947415135352,"EPS_TTM":0.00188407743,"OPERATE_INCOME_QOQ":7.99529760145,"NET_PROFIT_RATIO":-6.6887564369,"ROE_AVG":-0.881391701263,"GROSS_PROFIT_QOQ":6.667354260691,"ROA":-0.440733081005,"HOLDER_PROFIT_QOQ":-97.943937371024,"ROE_YEARLY":-1.762783402525,"ROIC_YEARLY":-1.194974266284,"TOTAL_ASSETS":13512816140.88,"TOTAL_LIABILITIES":4798644693.57,"TAX_EBT":40.540208717004,"OCF_SALES":10.532612064557,"TOTAL_PARENT_EQUITY":6797326346.37,"DEBT_ASSET_RATIO":35.5118033394,"OPERATE_PROFIT":-209847377.39,"PRETAX_PROFIT":-236827766.7,"NETCASH_OPERATE":221741359.91,"NETCASH_INVEST":68231334.15,"NETCASH_FINANCE":-68249293.14,"END_CASH":1376519810.33,"DIVI_RATIO":null,"DIVIDEND_RATE":null,"CURRENT_RATIO":1.849989980362,"COMMON_ACS":null,"CURRENTDEBT_DEBT":40.019760468477,"ISSUED_COMMON_SHARES":3085021882,"HK_COMMON_SHARES":3085021882,"PER_SHARES":2000,"TOTAL_MARKET_CAP":1172308315.16,"HKSK_MARKET_CAP":1172308315.16,"PE_TTM":-16.738414197638,"PB_TTM":0.16215513268,"REPORT_DATE_SQ":"2021-06-30 00:00:00","REPORT_TYPE_SQ":"2021年中报","OPERATE_INCOME_SQ":1795081131.36,"DPS_HKD":null,"OPERATE_INCOME_QOQ_SQ":13.903585615496,"NET_PROFIT_RATIO_SQ":14.6025989389,"HOLDER_PROFIT_SQ":215315677.44,"HOLDER_PROFIT_QOQ_SQ":43.622789690643,"ROE_AVG_SQ":3.215050683379,"PE_TTM_SQ":-401.894910186104,"PB_TTM_SQ":0.132404516938,"ROA_SQ":1.580396844703,"START_DATE":"2022-01-01 00:00:00","FISCAL_YEAR":"12-31","CURRENCY":"HKD","IS_CNY_CODE":0,"DPS_HKD_LY":0.025,"ORG_TYPE":"一般企业","PREMIUM_INCOME":null,"PREMIUM_INCOME_YOY":null,"NET_INTEREST_INCOME":null,"NET_INTEREST_INCOME_YOY":null,"FEE_COMMISSION_INCOME":null,"FEE_COMMISSION_INCOME_YOY":null,"ACCOUNTS_RECE_TDAYS":1.657183208669,"INVENTORY_TDAYS":2.712556848393,"CURRENT_ASSETS_TDAYS":0.586584816799,"TOTAL_ASSETS_TDAYS":0.150704891939,"PREMIUM_EXPENSE":null,"LOAN_DEPOSIT":null,"LOAN_EQUITY":null,"LOAN_ASSETS":null,"DEPOSIT_EQUITY":null,"DEPOSIT_ASSETS":null,"EQUITY_MULTIPLIER":1.550671365898,"EQUITY_RATIO":0.705960615843},{"SECUCODE":"00031.HK","SECURITY_CODE":"00031","SECURITY_NAME_ABBR":"航天控股","ORG_CODE":"10007324","STD_REPORT_DATE":"2021-12-31 00:00:00","REPORT_DATE":"2021-12-31 00:00:00","DATE_TYPE_CODE":"001","REPORT_TYPE":"2021年年报","PER_NETCASH_OPERATE":0.049685080321,"PER_OI":1.257628700087,"BPS":2.223038366896,"BASIC_EPS":0.09165296,"DILUTED_EPS":0.09165296,"OPERATE_INCOME":3879812059.2,"OPERATE_INCOME_YOY":32.5531875668,"GROSS_PROFIT":878642016,"GROSS_PROFIT_YOY":7.852664921244,"HOLDER_PROFIT":282696646.4,"HOLDER_PROFIT_YOY":16.5440321423,"GROSS_PROFIT_RATIO":22.646509743082,"EPS_TTM":0.091635215961,"OPERATE_INCOME_QOQ":13.049148452073,"NET_PROFIT_RATIO":8.4970034984,"ROE_AVG":4.238839202115,"GROSS_PROFIT_QOQ":2.455382458485,"ROA":2.096433491059,"HOLDER_PROFIT_QOQ":-21.171875005098,"ROE_YEARLY":4.238839202115,"ROIC_YEARLY":2.842493203366,"TOTAL_ASSETS":13792226851.2,"TOTAL_LIABILITIES":4927181369.6,"TAX_EBT":17.051565309338,"OCF_SALES":3.950695488884,"TOTAL_PARENT_EQUITY":6858122006.4,"DEBT_ASSET_RATIO":35.7243353286,"OPERATE_PROFIT":293793931.2,"PRETAX_PROFIT":397436995.2,"NETCASH_OPERATE":153279560,"NETCASH_INVEST":-392205990.4,"NETCASH_FINANCE":-158199059.2,"END_CASH":1140664828.8,"DIVI_RATIO":null,"DIVIDEND_RATE":null,"CURRENT_RATIO":2.392600606946,"COMMON_ACS":null,"CURRENTDEBT_DEBT":29.401005177887,"ISSUED_COMMON_SHARES":3085021882,"HK_COMMON_SHARES":3085021882,"PER_SHARES":2000,"TOTAL_MARKET_CAP":1172308315.16,"HKSK_MARKET_CAP":1172308315.16,"PE_TTM":-16.738414197638,"PB_TTM":0.16215513268,"REPORT_DATE_SQ":"2020-12-31 00:00:00","REPORT_TYPE_SQ":"2020年年报","OPERATE_INCOME_SQ":3013047634.08,"DPS_HKD":null,"OPERATE_INCOME_QOQ_SQ":-0.133442677342,"NET_PROFIT_RATIO_SQ":10.5745240466,"HOLDER_PROFIT_SQ":249698596.84,"HOLDER_PROFIT_QOQ_SQ":-16.462703219742,"ROE_AVG_SQ":3.910961722521,"PE_TTM_SQ":-401.894910186104,"PB_TTM_SQ":0.132404516938,"ROA_SQ":1.9251227247,"START_DATE":"2021-01-01 00:00:00","FISCAL_YEAR":"12-31","CURRENCY":"HKD","IS_CNY_CODE":0,"DPS_HKD_LY":0.02,"ORG_TYPE":"一般企业","PREMIUM_INCOME":null,"PREMIUM_INCOME_YOY":null,"NET_INTEREST_INCOME":null,"NET_INTEREST_INCOME_YOY":null,"FEE_COMMISSION_INCOME":null,"FEE_COMMISSION_INCOME_YOY":null,"ACCOUNTS_RECE_TDAYS":3.391529479367,"INVENTORY_TDAYS":6.160335916987,"CURRENT_ASSETS_TDAYS":1.189963254419,"TOTAL_ASSETS_TDAYS":0.287720708523,"PREMIUM_EXPENSE":null,"LOAN_DEPOSIT":null,"LOAN_EQUITY":null,"LOAN_ASSETS":null,"DEPOSIT_EQUITY":null,"DEPOSIT_ASSETS":null,"EQUITY_MULTIPLIER":1.555798769429,"EQUITY_RATIO":0.718444694481},{"SECUCODE":"00031.HK","SECURITY_CODE":"00031","SECURITY_NAME_ABBR":"航天控股","ORG_CODE":"10007324","STD_REPORT_DATE":"2021-06-30 00:00:00","REPORT_DATE":"2021-06-30 00:00:00","DATE_TYPE_CODE":"002","REPORT_TYPE":"2021年中报","PER_NETCASH_OPERATE":0.032475703704,"PER_OI":0.581869821356,"BPS":2.203934757413,"BASIC_EPS":0.069811512,"DILUTED_EPS":null,"OPERATE_INCOME":1795081131.36,"OPERATE_INCOME_YOY":43.1957933528,"GROSS_PROFIT":445578840,"GROSS_PROFIT_YOY":10.65810854624,"HOLDER_PROFIT":215315677.44,"HOLDER_PROFIT_YOY":122.1718524624,"GROSS_PROFIT_RATIO":24.82221177727,"EPS_TTM":0.116246854744,"OPERATE_INCOME_QOQ":13.903585615496,"NET_PROFIT_RATIO":14.6025989389,"ROE_AVG":3.215050683379,"GROSS_PROFIT_QOQ":5.267934522567,"ROA":1.580396844703,"HOLDER_PROFIT_QOQ":43.622789690643,"ROE_YEARLY":6.430101366758,"ROIC_YEARLY":4.29499135522,"TOTAL_ASSETS":13837868164.32,"TOTAL_LIABILITIES":5033693754.48,"TAX_EBT":22.882328893546,"OCF_SALES":5.581266206285,"TOTAL_PARENT_EQUITY":6799186953.12,"DEBT_ASSET_RATIO":36.3762228019,"OPERATE_PROFIT":362985747.12,"PRETAX_PROFIT":339907176.24,"NETCASH_OPERATE":100188256.56,"NETCASH_INVEST":-222500688.24,"NETCASH_FINANCE":-63722350.56,"END_CASH":1373555227.92,"DIVI_RATIO":null,"DIVIDEND_RATE":null,"CURRENT_RATIO":2.178673509106,"COMMON_ACS":null,"CURRENTDEBT_DEBT":30.194720880015,"ISSUED_COMMON_SHARES":3085021882,"HK_COMMON_SHARES":3085021882,"PER_SHARES":2000,"TOTAL_MARKET_CAP":1172308315.16,"HKSK_MARKET_CAP":1172308315.16,"PE_TTM":-16.738414197638,"PB_TTM":0.16215513268,"REPORT_DATE_SQ":"2020-06-30 00:00:00","REPORT_TYPE_SQ":"2020年中报","OPERATE_INCOME_SQ":1376159473.92,"DPS_HKD":null,"OPERATE_INCOME_QOQ_SQ":-2.397319009284,"NET_PROFIT_RATIO_SQ":9.7691869143,"HOLDER_PROFIT_SQ":106390183.68,"HOLDER_PROFIT_QOQ_SQ":-1.379286175838,"ROE_AVG_SQ":1.614124000761,"PE_TTM_SQ":-401.894910186104,"PB_TTM_SQ":0.132404516938,"ROA_SQ":0.800545766674,"START_DATE":"2021-01-01 00:00:00","FISCAL_YEAR":"12-31","CURRENCY":"HKD","IS_CNY_CODE":0,"DPS_HKD_LY":0.02,"ORG_TYPE":"一般企业","PREMIUM_INCOME":null,"PREMIUM_INCOME_YOY":null,"NET_INTEREST_INCOME":null,"NET_INTEREST_INCOME_YOY":null,"FEE_COMMISSION_INCOME":null,"FEE_COMMISSION_INCOME_YOY":null,"ACCOUNTS_RECE_TDAYS":1.674234190327,"INVENTORY_TDAYS":2.791144566806,"CURRENT_ASSETS_TDAYS":0.559183508957,"TOTAL_ASSETS_TDAYS":0.131757268663,"PREMIUM_EXPENSE":null,"LOAN_DEPOSIT":null,"LOAN_EQUITY":null,"LOAN_ASSETS":null,"DEPOSIT_EQUITY":null,"DEPOSIT_ASSETS":null,"EQUITY_MULTIPLIER":1.57173944088,"EQUITY_RATIO":0.740337600538},{"SECUCODE":"00031.HK","SECURITY_CODE":"00031","SECURITY_NAME_ABBR":"航天控股","ORG_CODE":"10007324","STD_REPORT_DATE":"2020-12-31 00:00:00","REPORT_DATE":"2020-12-31 00:00:00","DATE_TYPE_CODE":"001","REPORT_TYPE":"2020年年报","PER_NETCASH_OPERATE":0.142341184859,"PER_OI":0.976669777177,"BPS":2.16232424085,"BASIC_EPS":0.080965768,"DILUTED_EPS":null,"OPERATE_INCOME":3013047634.08,"OPERATE_INCOME_YOY":3.8801874849,"GROSS_PROFIT":814668804.56,"GROSS_PROFIT_YOY":0.09397769252,"HOLDER_PROFIT":249698596.84,"HOLDER_PROFIT_YOY":-12.3153539235,"GROSS_PROFIT_RATIO":27.038032699697,"EPS_TTM":0.080939003479,"OPERATE_INCOME_QOQ":-0.133442677342,"NET_PROFIT_RATIO":10.5745240466,"ROE_AVG":3.910961722521,"GROSS_PROFIT_QOQ":-1.648997620404,"ROA":1.9251227247,"HOLDER_PROFIT_QOQ":-16.462703219742,"ROE_YEARLY":3.910961722521,"ROIC_YEARLY":2.585875500207,"TOTAL_ASSETS":13564513252.96,"TOTAL_LIABILITIES":4907624722.64,"TAX_EBT":16.508040864335,"OCF_SALES":14.574136334027,"TOTAL_PARENT_EQUITY":6670817599,"DEBT_ASSET_RATIO":36.1798807751,"OPERATE_PROFIT":359052882.04,"PRETAX_PROFIT":327722833.04,"NETCASH_OPERATE":439125670,"NETCASH_INVEST":173925747.64,"NETCASH_FINANCE":-162259775.6,"END_CASH":1568093991.24,"DIVI_RATIO":null,"DIVIDEND_RATE":null,"CURRENT_RATIO":2.303066034828,"COMMON_ACS":null,"CURRENTDEBT_DEBT":27.822822261468,"ISSUED_COMMON_SHARES":3085021882,"HK_COMMON_SHARES":3085021882,"PER_SHARES":2000,"TOTAL_MARKET_CAP":1172308315.16,"HKSK_MARKET_CAP":1172308315.16,"PE_TTM":-16.738414197638,"PB_TTM":0.16215513268,"REPORT_DATE_SQ":"2019-12-31 00:00:00","REPORT_TYPE_SQ":"2019年年报","OPERATE_INCOME_SQ":3087082720.78,"DPS_HKD":null,"OPERATE_INCOME_QOQ_SQ":-3.293793655664,"NET_PROFIT_RATIO_SQ":12.6885057018,"HOLDER_PROFIT_SQ":303087163,"HOLDER_PROFIT_QOQ_SQ":-7.083975300047,"ROE_AVG_SQ":4.722244843685,"PE_TTM_SQ":-401.894910186104,"PB_TTM_SQ":0.132404516938,"ROA_SQ":2.331474481724,"START_DATE":"2020-01-01 00:00:00","FISCAL_YEAR":"12-31","CURRENCY":"HKD","IS_CNY_CODE":0,"DPS_HKD_LY":0.02,"ORG_TYPE":"一般企业","PREMIUM_INCOME":null,"PREMIUM_INCOME_YOY":null,"NET_INTEREST_INCOME":null,"NET_INTEREST_INCOME_YOY":null,"FEE_COMMISSION_INCOME":null,"FEE_COMMISSION_INCOME_YOY":null,"ACCOUNTS_RECE_TDAYS":2.88111794689,"INVENTORY_TDAYS":6.343583298422,"CURRENT_ASSETS_TDAYS":1.055181564124,"TOTAL_ASSETS_TDAYS":0.232299522079,"PREMIUM_EXPENSE":null,"LOAN_DEPOSIT":null,"LOAN_EQUITY":null,"LOAN_ASSETS":null,"DEPOSIT_EQUITY":null,"DEPOSIT_ASSETS":null,"EQUITY_MULTIPLIER":1.566903998528,"EQUITY_RATIO":0.735685641199},{"SECUCODE":"00031.HK","SECURITY_CODE":"00031","SECURITY_NAME_ABBR":"航天控股","ORG_CODE":"10007324","STD_REPORT_DATE":"2020-06-30 00:00:00","REPORT_DATE":"2020-06-30 00:00:00","DATE_TYPE_CODE":"002","REPORT_TYPE":"2020年中报","PER_NETCASH_OPERATE":0.059304782383,"PER_OI":0.446077702706,"BPS":2.127637753566,"BASIC_EPS":0.034528032,"DILUTED_EPS":null,"OPERATE_INCOME":1376159473.92,"OPERATE_INCOME_YOY":-8.6184665397,"GROSS_PROFIT":402662620.8,"GROSS_PROFIT_YOY":4.026074737396,"HOLDER_PROFIT":106390183.68,"HOLDER_PROFIT_YOY":-7.3390773049,"GROSS_PROFIT_RATIO":29.216435468638,"EPS_TTM":0.096889660785,"OPERATE_INCOME_QOQ":-2.397319009284,"NET_PROFIT_RATIO":9.7691869143,"ROE_AVG":1.614124000761,"GROSS_PROFIT_QOQ":1.847525362244,"ROA":0.800545766674,"HOLDER_PROFIT_QOQ":-1.379286175838,"ROE_YEARLY":3.228248001522,"ROIC_YEARLY":2.115934102692,"TOTAL_ASSETS":13147030480.32,"TOTAL_LIABILITIES":4628354808,"TAX_EBT":13.530990839737,"OCF_SALES":13.293405463667,"TOTAL_PARENT_EQUITY":6563809026.72,"DEBT_ASSET_RATIO":35.2045643686,"OPERATE_PROFIT":148244004.48,"PRETAX_PROFIT":99019636.32,"NETCASH_OPERATE":117879432,"NETCASH_INVEST":-136561106.88,"NETCASH_FINANCE":-45622674.24,"END_CASH":1105705418.4,"DIVI_RATIO":null,"DIVIDEND_RATE":null,"CURRENT_RATIO":2.41794438723,"COMMON_ACS":null,"CURRENTDEBT_DEBT":23.954252558245,"ISSUED_COMMON_SHARES":3085021882,"HK_COMMON_SHARES":3085021882,"PER_SHARES":2000,"TOTAL_MARKET_CAP":1172308315.16,"HKSK_MARKET_CAP":1172308315.16,"PE_TTM":-16.738414197638,"PB_TTM":0.16215513268,"REPORT_DATE_SQ":"2019-06-30 00:00:00","REPORT_TYPE_SQ":"2019年中报","OPERATE_INCOME_SQ":1450401001.2,"DPS_HKD":null,"OPERATE_INCOME_QOQ_SQ":-1.157073960086,"NET_PROFIT_RATIO_SQ":10.9722104293,"HOLDER_PROFIT_SQ":110570623.02,"HOLDER_PROFIT_QOQ_SQ":-7.876866439765,"ROE_AVG_SQ":1.763448562787,"PE_TTM_SQ":-401.894910186104,"PB_TTM_SQ":0.132404516938,"ROA_SQ":0.872445221435,"START_DATE":"2020-01-01 00:00:00","FISCAL_YEAR":"12-31","CURRENCY":"HKD","IS_CNY_CODE":0,"DPS_HKD_LY":0.02,"ORG_TYPE":"一般企业","PREMIUM_INCOME":null,"PREMIUM_INCOME_YOY":null,"NET_INTEREST_INCOME":null,"NET_INTEREST_INCOME_YOY":null,"FEE_COMMISSION_INCOME":null,"FEE_COMMISSION_INCOME_YOY":null,"ACCOUNTS_RECE_TDAYS":1.30071659213,"INVENTORY_TDAYS":2.787556587105,"CURRENT_ASSETS_TDAYS":0.50359063727,"TOTAL_ASSETS_TDAYS":0.103561020325,"PREMIUM_EXPENSE":null,"LOAN_DEPOSIT":null,"LOAN_EQUITY":null,"LOAN_ASSETS":null,"DEPOSIT_EQUITY":null,"DEPOSIT_ASSETS":null,"EQUITY_MULTIPLIER":1.543318584489,"EQUITY_RATIO":0.705132460308}],"count":49},"success":true,"message":"ok","code":0}