{"version":"b4bb03fe77f57c3fa8d7b032d9ad8aa8","result":{"pages":5,"data":[{"SECUCODE":"00033.HK","SECURITY_CODE":"00033","SECURITY_NAME_ABBR":"INTL GENIUS","ORG_CODE":"10102863","STD_REPORT_DATE":"2023-12-31 00:00:00","REPORT_DATE":"2024-06-30 00:00:00","DATE_TYPE_CODE":"001","REPORT_TYPE":"2023年年报","PER_NETCASH_OPERATE":-0.032103075068,"PER_OI":0.370651876743,"BPS":1.133663953244,"BASIC_EPS":-0.067173248,"DILUTED_EPS":-0.067173248,"OPERATE_INCOME":206914595.48,"OPERATE_INCOME_YOY":-32.1151381586,"GROSS_PROFIT":11925076.88,"GROSS_PROFIT_YOY":306.480308980035,"HOLDER_PROFIT":-36498985.88,"HOLDER_PROFIT_YOY":-3.3092224231,"GROSS_PROFIT_RATIO":5.763284534054,"EPS_TTM":-0.077576936671,"OPERATE_INCOME_QOQ":-25.657228488385,"NET_PROFIT_RATIO":-17.638314859,"ROE_AVG":-9.566298002227,"GROSS_PROFIT_QOQ":-95.793659463443,"ROA":-7.956927417486,"HOLDER_PROFIT_QOQ":-16.777835476106,"ROE_YEARLY":-9.566298002227,"ROIC_YEARLY":-9.226772429275,"TOTAL_ASSETS":728403519.24,"TOTAL_LIABILITIES":95513787.36,"TAX_EBT":-3.886521874675,"OCF_SALES":-8.661247138427,"TOTAL_PARENT_EQUITY":632862351.48,"DEBT_ASSET_RATIO":13.1127575358,"OPERATE_PROFIT":-35014968.2,"PRETAX_PROFIT":-35130878.56,"NETCASH_OPERATE":-17921384.48,"NETCASH_INVEST":-5975315.96,"NETCASH_FINANCE":-13964916.68,"END_CASH":43550351.56,"DIVI_RATIO":null,"DIVIDEND_RATE":null,"CURRENT_RATIO":1.679360611888,"COMMON_ACS":1000000000000,"CURRENTDEBT_DEBT":88.950999503115,"ISSUED_COMMON_SHARES":558245104,"HK_COMMON_SHARES":558245104,"PER_SHARES":2000,"TOTAL_MARKET_CAP":2015264825.44,"HKSK_MARKET_CAP":2015264825.44,"PE_TTM":-50.392959051787,"PB_TTM":2.906306397562,"REPORT_DATE_SQ":"2022-12-31 00:00:00","REPORT_TYPE_SQ":"2022年年报","OPERATE_INCOME_SQ":307908128.72,"DPS_HKD":null,"OPERATE_INCOME_QOQ_SQ":-1.578973320624,"NET_PROFIT_RATIO_SQ":-11.5901713957,"HOLDER_PROFIT_SQ":-35689845.8,"HOLDER_PROFIT_QOQ_SQ":-149.167093646687,"ROE_AVG_SQ":-23.389304121375,"PE_TTM_SQ":-114.499408628261,"PB_TTM_SQ":31.066602004626,"ROA_SQ":-17.330262147636,"START_DATE":"2023-07-01 00:00:00","FISCAL_YEAR":"6-30","CURRENCY":"HKD","IS_CNY_CODE":0,"DPS_HKD_LY":null,"ORG_TYPE":"一般企业","PREMIUM_INCOME":null,"PREMIUM_INCOME_YOY":null,"NET_INTEREST_INCOME":null,"NET_INTEREST_INCOME_YOY":null,"FEE_COMMISSION_INCOME":null,"FEE_COMMISSION_INCOME_YOY":null,"ACCOUNTS_RECE_TDAYS":5.489702766511,"INVENTORY_TDAYS":null,"CURRENT_ASSETS_TDAYS":1.453485278325,"TOTAL_ASSETS_TDAYS":0.45108223644,"PREMIUM_EXPENSE":null,"LOAN_DEPOSIT":null,"LOAN_EQUITY":null,"LOAN_ASSETS":null,"DEPOSIT_EQUITY":null,"DEPOSIT_ASSETS":null,"EQUITY_MULTIPLIER":1.150916948955,"EQUITY_RATIO":0.150923478283},{"SECUCODE":"00033.HK","SECURITY_CODE":"00033","SECURITY_NAME_ABBR":"INTL GENIUS","ORG_CODE":"10102863","STD_REPORT_DATE":"2023-06-30 00:00:00","REPORT_DATE":"2023-12-31 00:00:00","DATE_TYPE_CODE":"002","REPORT_TYPE":"2023年中报","PER_NETCASH_OPERATE":-0.04522623,"PER_OI":0.173494848824,"BPS":0.201150949351,"BASIC_EPS":-0.034980092,"DILUTED_EPS":-0.034980092,"OPERATE_INCOME":93209258.1,"OPERATE_INCOME_YOY":-46.6480968535,"GROSS_PROFIT":1492544.34,"GROSS_PROFIT_YOY":-65.312911620234,"HOLDER_PROFIT":-18780503.28,"HOLDER_PROFIT_YOY":-44.7105649047,"GROSS_PROFIT_RATIO":1.60128336007,"EPS_TTM":-0.066431216468,"OPERATE_INCOME_QOQ":23.772317332446,"NET_PROFIT_RATIO":-20.1468086141,"ROE_AVG":-15.547936469829,"GROSS_PROFIT_QOQ":-65.022174917091,"ROA":-9.491010011266,"HOLDER_PROFIT_QOQ":-105.149051684611,"ROE_YEARLY":-31.095872939658,"ROIC_YEARLY":-28.584137624264,"TOTAL_ASSETS":208080799.08,"TOTAL_LIABILITIES":95762986.06,"TAX_EBT":null,"OCF_SALES":-26.067765300666,"TOTAL_PARENT_EQUITY":112291532.64,"DEBT_ASSET_RATIO":46.0220195633,"OPERATE_PROFIT":-17990279.44,"PRETAX_PROFIT":-18778690.84,"NETCASH_OPERATE":-24297570.64,"NETCASH_INVEST":-24467.94,"NETCASH_FINANCE":-6048112.28,"END_CASH":50689415.7,"DIVI_RATIO":null,"DIVIDEND_RATE":null,"CURRENT_RATIO":2.144796175024,"COMMON_ACS":1000000000000,"CURRENTDEBT_DEBT":83.523700472211,"ISSUED_COMMON_SHARES":558245104,"HK_COMMON_SHARES":558245104,"PER_SHARES":2000,"TOTAL_MARKET_CAP":1423525015.2,"HKSK_MARKET_CAP":1423525015.2,"PE_TTM":-35.596134510265,"PB_TTM":2.052931111851,"REPORT_DATE_SQ":"2022-06-30 00:00:00","REPORT_TYPE_SQ":"2022年中报","OPERATE_INCOME_SQ":172209950.22,"DPS_HKD":null,"OPERATE_INCOME_QOQ_SQ":28.19461927752,"NET_PROFIT_RATIO_SQ":-7.4242942952,"HOLDER_PROFIT_SQ":-12792519.67,"HOLDER_PROFIT_QOQ_SQ":316.70258674548,"ROE_AVG_SQ":-7.996694334861,"PE_TTM_SQ":-75.222641789718,"PB_TTM_SQ":20.409816104857,"ROA_SQ":-6.424796547362,"START_DATE":"2023-07-01 00:00:00","FISCAL_YEAR":"6-30","CURRENCY":"HKD","IS_CNY_CODE":0,"DPS_HKD_LY":null,"ORG_TYPE":"一般企业","PREMIUM_INCOME":null,"PREMIUM_INCOME_YOY":null,"NET_INTEREST_INCOME":null,"NET_INTEREST_INCOME_YOY":null,"FEE_COMMISSION_INCOME":null,"FEE_COMMISSION_INCOME_YOY":null,"ACCOUNTS_RECE_TDAYS":2.077333225618,"INVENTORY_TDAYS":16.618719211823,"CURRENT_ASSETS_TDAYS":0.596383603582,"TOTAL_ASSETS_TDAYS":0.471047015397,"PREMIUM_EXPENSE":null,"LOAN_DEPOSIT":null,"LOAN_EQUITY":null,"LOAN_ASSETS":null,"DEPOSIT_EQUITY":null,"DEPOSIT_ASSETS":null,"EQUITY_MULTIPLIER":1.852607288953,"EQUITY_RATIO":0.852806830654},{"SECUCODE":"00033.HK","SECURITY_CODE":"00033","SECURITY_NAME_ABBR":"INTL GENIUS","ORG_CODE":"10102863","STD_REPORT_DATE":"2022-12-31 00:00:00","REPORT_DATE":"2023-06-30 00:00:00","DATE_TYPE_CODE":"001","REPORT_TYPE":"2022年年报","PER_NETCASH_OPERATE":-0.003567824827,"PER_OI":0.573124122356,"BPS":0.235629270472,"BASIC_EPS":-0.066474758,"DILUTED_EPS":-0.066474758,"OPERATE_INCOME":307908128.72,"OPERATE_INCOME_YOY":12.9932568911,"GROSS_PROFIT":2933740.36,"GROSS_PROFIT_YOY":-93.250476254977,"HOLDER_PROFIT":-35689845.8,"HOLDER_PROFIT_YOY":-193.5589123867,"GROSS_PROFIT_RATIO":0.952797307494,"EPS_TTM":-0.032381927151,"OPERATE_INCOME_QOQ":-1.578973320624,"NET_PROFIT_RATIO":-11.5901713957,"ROE_AVG":-23.389304121375,"GROSS_PROFIT_QOQ":-80.703420727206,"ROA":-17.330262147636,"HOLDER_PROFIT_QOQ":-149.167093646687,"ROE_YEARLY":-23.389304121375,"ROIC_YEARLY":-30.060532640644,"TOTAL_ASSETS":190936526.12,"TOTAL_LIABILITIES":59373668.04,"TAX_EBT":-0.435922052985,"OCF_SALES":-0.62252218802,"TOTAL_PARENT_EQUITY":131538886.6,"DEBT_ASSET_RATIO":31.0960240277,"OPERATE_PROFIT":-34980843.18,"PRETAX_PROFIT":-35532187.22,"NETCASH_OPERATE":-1916796.42,"NETCASH_INVEST":-371557.94,"NETCASH_FINANCE":-6092443.84,"END_CASH":82133666.32,"DIVI_RATIO":null,"DIVIDEND_RATE":null,"CURRENT_RATIO":3.879568230543,"COMMON_ACS":1000000000000,"CURRENTDEBT_DEBT":62.290754371254,"ISSUED_COMMON_SHARES":558245104,"HK_COMMON_SHARES":558245104,"PER_SHARES":2000,"TOTAL_MARKET_CAP":1423525015.2,"HKSK_MARKET_CAP":1423525015.2,"PE_TTM":-35.596134510265,"PB_TTM":2.052931111851,"REPORT_DATE_SQ":"2021-12-31 00:00:00","REPORT_TYPE_SQ":"2021年年报","OPERATE_INCOME_SQ":252760811.59,"DPS_HKD":null,"OPERATE_INCOME_QOQ_SQ":226.379012045215,"NET_PROFIT_RATIO_SQ":13.7707613657,"HOLDER_PROFIT_SQ":35383486.25,"HOLDER_PROFIT_QOQ_SQ":119.167851200075,"ROE_AVG_SQ":24.495655906339,"PE_TTM_SQ":-75.222641789718,"PB_TTM_SQ":20.409816104857,"ROA_SQ":22.796834063842,"START_DATE":"2022-07-01 00:00:00","FISCAL_YEAR":"6-30","CURRENCY":"HKD","IS_CNY_CODE":0,"DPS_HKD_LY":null,"ORG_TYPE":"一般企业","PREMIUM_INCOME":null,"PREMIUM_INCOME_YOY":null,"NET_INTEREST_INCOME":null,"NET_INTEREST_INCOME_YOY":null,"FEE_COMMISSION_INCOME":null,"FEE_COMMISSION_INCOME_YOY":null,"ACCOUNTS_RECE_TDAYS":14.997485180528,"INVENTORY_TDAYS":32.139720171007,"CURRENT_ASSETS_TDAYS":1.749533101958,"TOTAL_ASSETS_TDAYS":1.495139154708,"PREMIUM_EXPENSE":null,"LOAN_DEPOSIT":null,"LOAN_EQUITY":null,"LOAN_ASSETS":null,"DEPOSIT_EQUITY":null,"DEPOSIT_ASSETS":null,"EQUITY_MULTIPLIER":1.451295060828,"EQUITY_RATIO":0.451377304269},{"SECUCODE":"00033.HK","SECURITY_CODE":"00033","SECURITY_NAME_ABBR":"INTL GENIUS","ORG_CODE":"10102863","STD_REPORT_DATE":"2022-06-30 00:00:00","REPORT_DATE":"2022-12-31 00:00:00","DATE_TYPE_CODE":"002","REPORT_TYPE":"2022年中报","PER_NETCASH_OPERATE":-0.034577221424,"PER_OI":0.320542614419,"BPS":0.271762879608,"BASIC_EPS":-0.023850309,"DILUTED_EPS":-0.023850309,"OPERATE_INCOME":172209950.22,"OPERATE_INCOME_YOY":-10.5442902882,"GROSS_PROFIT":4302881.59,"GROSS_PROFIT_YOY":-89.073805824257,"HOLDER_PROFIT":-12792519.67,"HOLDER_PROFIT_YOY":-129.2809094441,"GROSS_PROFIT_RATIO":2.498625418858,"EPS_TTM":0.065860974789,"OPERATE_INCOME_QOQ":28.19461927752,"NET_PROFIT_RATIO":-7.4242942952,"ROE_AVG":-7.996694334861,"GROSS_PROFIT_QOQ":-15.643142268791,"ROA":-6.424796547362,"HOLDER_PROFIT_QOQ":316.70258674548,"ROE_YEARLY":-15.993388669721,"ROIC_YEARLY":-21.226516470893,"TOTAL_ASSETS":184161009.55,"TOTAL_LIABILITIES":33123344.87,"TAX_EBT":-1.180545737311,"OCF_SALES":-10.787090348884,"TOTAL_PARENT_EQUITY":151710296.99,"DEBT_ASSET_RATIO":17.9860791114,"OPERATE_PROFIT":-12376255.85,"PRETAX_PROFIT":-12636197.42,"NETCASH_OPERATE":-18576442.92,"NETCASH_INVEST":12505.78,"NETCASH_FINANCE":-2041121.95,"END_CASH":68417335.84,"DIVI_RATIO":null,"DIVIDEND_RATE":null,"CURRENT_RATIO":5.549584287264,"COMMON_ACS":1000000000000,"CURRENTDEBT_DEBT":89.522936274642,"ISSUED_COMMON_SHARES":558245104,"HK_COMMON_SHARES":558245104,"PER_SHARES":2000,"TOTAL_MARKET_CAP":1423525015.2,"HKSK_MARKET_CAP":1423525015.2,"PE_TTM":-35.596134510265,"PB_TTM":2.052931111851,"REPORT_DATE_SQ":"2021-06-30 00:00:00","REPORT_TYPE_SQ":"2021年中报","OPERATE_INCOME_SQ":176200976,"DPS_HKD":null,"OPERATE_INCOME_QOQ_SQ":0,"NET_PROFIT_RATIO_SQ":22.6945385365,"HOLDER_PROFIT_SQ":39987998.4,"HOLDER_PROFIT_QOQ_SQ":0,"ROE_AVG_SQ":28.076671373954,"PE_TTM_SQ":-75.222641789718,"PB_TTM_SQ":20.409816104857,"ROA_SQ":5.655412847219,"START_DATE":"2022-07-01 00:00:00","FISCAL_YEAR":"6-30","CURRENCY":"HKD","IS_CNY_CODE":0,"DPS_HKD_LY":null,"ORG_TYPE":"一般企业","PREMIUM_INCOME":null,"PREMIUM_INCOME_YOY":null,"NET_INTEREST_INCOME":null,"NET_INTEREST_INCOME_YOY":null,"FEE_COMMISSION_INCOME":null,"FEE_COMMISSION_INCOME_YOY":null,"ACCOUNTS_RECE_TDAYS":5.986678052946,"INVENTORY_TDAYS":null,"CURRENT_ASSETS_TDAYS":0.939562447913,"TOTAL_ASSETS_TDAYS":0.864891297521,"PREMIUM_EXPENSE":null,"LOAN_DEPOSIT":null,"LOAN_EQUITY":null,"LOAN_ASSETS":null,"DEPOSIT_EQUITY":null,"DEPOSIT_ASSETS":null,"EQUITY_MULTIPLIER":1.219305197417,"EQUITY_RATIO":0.218332872107},{"SECUCODE":"00033.HK","SECURITY_CODE":"00033","SECURITY_NAME_ABBR":"INTL GENIUS","ORG_CODE":"10102863","STD_REPORT_DATE":"2021-12-31 00:00:00","REPORT_DATE":"2022-06-30 00:00:00","DATE_TYPE_CODE":"001","REPORT_TYPE":"2021年年报","PER_NETCASH_OPERATE":-0.000111426423,"PER_OI":0.470475784159,"BPS":0.288516751309,"BASIC_EPS":0.06584963,"DILUTED_EPS":0.06584963,"OPERATE_INCOME":252760811.59,"OPERATE_INCOME_YOY":311.7710161888,"GROSS_PROFIT":43465886.94,"GROSS_PROFIT_YOY":121.601691494302,"HOLDER_PROFIT":35383486.25,"HOLDER_PROFIT_YOY":178.6073905196,"GROSS_PROFIT_RATIO":17.19645014058,"EPS_TTM":0.015805271406,"OPERATE_INCOME_QOQ":226.379012045215,"NET_PROFIT_RATIO":13.7707613657,"ROE_AVG":24.495655906339,"GROSS_PROFIT_QOQ":162.695526427031,"ROA":22.796834063842,"HOLDER_PROFIT_QOQ":119.167851200075,"ROE_YEARLY":24.495655906339,"ROIC_YEARLY":34.858984350317,"TOTAL_ASSETS":204936876.41,"TOTAL_LIABILITIES":44523756.97,"TAX_EBT":6.242657390984,"OCF_SALES":-0.023683774246,"TOTAL_PARENT_EQUITY":161063063.84,"DEBT_ASSET_RATIO":21.7255955834,"OPERATE_PROFIT":13388854.64,"PRETAX_PROFIT":37124653.09,"NETCASH_OPERATE":-59863.3,"NETCASH_INVEST":643102.88,"NETCASH_FINANCE":-127118862.36,"END_CASH":84827151.29,"DIVI_RATIO":null,"DIVIDEND_RATE":null,"CURRENT_RATIO":4.343775810076,"COMMON_ACS":1000000000000,"CURRENTDEBT_DEBT":100,"ISSUED_COMMON_SHARES":558245104,"HK_COMMON_SHARES":558245104,"PER_SHARES":2000,"TOTAL_MARKET_CAP":1423525015.2,"HKSK_MARKET_CAP":1423525015.2,"PE_TTM":-35.596134510265,"PB_TTM":2.052931111851,"REPORT_DATE_SQ":"2020-12-31 00:00:00","REPORT_TYPE_SQ":"2020年年报","OPERATE_INCOME_SQ":60411235.92,"DPS_HKD":null,"OPERATE_INCOME_QOQ_SQ":-23.45631006898,"NET_PROFIT_RATIO_SQ":-73.3302683273,"HOLDER_PROFIT_SQ":-44299721.4,"HOLDER_PROFIT_QOQ_SQ":87.409155863675,"ROE_AVG_SQ":45.512911970324,"PE_TTM_SQ":-75.222641789718,"PB_TTM_SQ":20.409816104857,"ROA_SQ":-38.367617686936,"START_DATE":"2021-07-01 00:00:00","FISCAL_YEAR":"6-30","CURRENCY":"HKD","IS_CNY_CODE":0,"DPS_HKD_LY":null,"ORG_TYPE":"一般企业","PREMIUM_INCOME":null,"PREMIUM_INCOME_YOY":null,"NET_INTEREST_INCOME":null,"NET_INTEREST_INCOME_YOY":null,"FEE_COMMISSION_INCOME":null,"FEE_COMMISSION_INCOME_YOY":null,"ACCOUNTS_RECE_TDAYS":4.580281733794,"INVENTORY_TDAYS":22.485758912165,"CURRENT_ASSETS_TDAYS":1.773782838967,"TOTAL_ASSETS_TDAYS":1.628484609726,"PREMIUM_EXPENSE":null,"LOAN_DEPOSIT":null,"LOAN_EQUITY":null,"LOAN_ASSETS":null,"DEPOSIT_EQUITY":null,"DEPOSIT_ASSETS":null,"EQUITY_MULTIPLIER":1.277556830299,"EQUITY_RATIO":0.276436793815},{"SECUCODE":"00033.HK","SECURITY_CODE":"00033","SECURITY_NAME_ABBR":"INTL GENIUS","ORG_CODE":"10102863","STD_REPORT_DATE":"2021-06-30 00:00:00","REPORT_DATE":"2021-12-31 00:00:00","DATE_TYPE_CODE":"002","REPORT_TYPE":"2021年中报","PER_NETCASH_OPERATE":0.036078212823,"PER_OI":0.327971301531,"BPS":0.291331778881,"BASIC_EPS":0.0744016,"DILUTED_EPS":0.0744016,"OPERATE_INCOME":176200976,"OPERATE_INCOME_YOY":359.8625810857,"GROSS_PROFIT":39381339.2,"GROSS_PROFIT_YOY":427.224703479658,"HOLDER_PROFIT":39987998.4,"HOLDER_PROFIT_YOY":421.5159084933,"GROSS_PROFIT_RATIO":22.350238968029,"EPS_TTM":-0.082457189596,"OPERATE_INCOME_QOQ":0,"NET_PROFIT_RATIO":22.6945385365,"ROE_AVG":28.076671373954,"GROSS_PROFIT_QOQ":0,"ROA":5.655412847219,"HOLDER_PROFIT_QOQ":0,"ROE_YEARLY":56.153342747908,"ROIC_YEARLY":62.746682831549,"TOTAL_ASSETS":1313298616,"TOTAL_LIABILITIES":1150624832,"TAX_EBT":0.059258653807,"OCF_SALES":11.000417614032,"TOTAL_PARENT_EQUITY":162634539.2,"DEBT_ASSET_RATIO":87.6133438338,"OPERATE_PROFIT":30377110.4,"PRETAX_PROFIT":40011708.8,"NETCASH_OPERATE":19382843.2,"NETCASH_INVEST":-37609.6,"NETCASH_FINANCE":914358054.4,"END_CASH":1137647067.2,"DIVI_RATIO":null,"DIVIDEND_RATE":null,"CURRENT_RATIO":1.130452131348,"COMMON_ACS":1000000000000,"CURRENTDEBT_DEBT":99.902012335503,"ISSUED_COMMON_SHARES":558245104,"HK_COMMON_SHARES":558245104,"PER_SHARES":2000,"TOTAL_MARKET_CAP":1423525015.2,"HKSK_MARKET_CAP":1423525015.2,"PE_TTM":-35.596134510265,"PB_TTM":2.052931111851,"REPORT_DATE_SQ":"2020-06-30 00:00:00","REPORT_TYPE_SQ":"2020年中报","OPERATE_INCOME_SQ":39442616.96,"DPS_HKD":null,"OPERATE_INCOME_QOQ_SQ":-35.03108092147,"NET_PROFIT_RATIO_SQ":-150.2087179899,"HOLDER_PROFIT_SQ":-12803027.68,"HOLDER_PROFIT_QOQ_SQ":-3.259894811273,"ROE_AVG_SQ":31.223301294887,"PE_TTM_SQ":-75.222641789718,"PB_TTM_SQ":20.409816104857,"ROA_SQ":-26.649433513498,"START_DATE":"2021-07-01 00:00:00","FISCAL_YEAR":"6-30","CURRENCY":"HKD","IS_CNY_CODE":0,"DPS_HKD_LY":null,"ORG_TYPE":"一般企业","PREMIUM_INCOME":null,"PREMIUM_INCOME_YOY":null,"NET_INTEREST_INCOME":null,"NET_INTEREST_INCOME_YOY":null,"FEE_COMMISSION_INCOME":null,"FEE_COMMISSION_INCOME_YOY":null,"ACCOUNTS_RECE_TDAYS":1.986175752269,"INVENTORY_TDAYS":null,"CURRENT_ASSETS_TDAYS":0.254071138976,"TOTAL_ASSETS_TDAYS":0.249197084934,"PREMIUM_EXPENSE":null,"LOAN_DEPOSIT":null,"LOAN_EQUITY":null,"LOAN_ASSETS":null,"DEPOSIT_EQUITY":null,"DEPOSIT_ASSETS":null,"EQUITY_MULTIPLIER":8.07320382985,"EQUITY_RATIO":7.074910641122},{"SECUCODE":"00033.HK","SECURITY_CODE":"00033","SECURITY_NAME_ABBR":"INTL GENIUS","ORG_CODE":"10102863","STD_REPORT_DATE":"2020-12-31 00:00:00","REPORT_DATE":"2020-12-31 00:00:00","DATE_TYPE_CODE":"001","REPORT_TYPE":"2020年年报","PER_NETCASH_OPERATE":-0.174102041713,"PER_OI":0.239184955119,"BPS":-0.182652181397,"BASIC_EPS":-0.383030364,"DILUTED_EPS":-0.383030364,"OPERATE_INCOME":60411235.92,"OPERATE_INCOME_YOY":33.6847202563,"GROSS_PROFIT":19614420.2,"GROSS_PROFIT_YOY":73.341278805409,"HOLDER_PROFIT":-44299721.4,"HOLDER_PROFIT_YOY":86.1623761752,"GROSS_PROFIT_RATIO":32.468165733233,"EPS_TTM":-0.175394969387,"OPERATE_INCOME_QOQ":-23.45631006898,"NET_PROFIT_RATIO":-73.3302683273,"ROE_AVG":45.512911970324,"GROSS_PROFIT_QOQ":-38.868820778885,"ROA":-38.367617686936,"HOLDER_PROFIT_QOQ":87.409155863675,"ROE_YEARLY":45.512911970324,"ROIC_YEARLY":-47.049937204178,"TOTAL_ASSETS":328757304.24,"TOTAL_LIABILITIES":204376321.68,"TAX_EBT":-0.0056999544,"OCF_SALES":-72.789712725348,"TOTAL_PARENT_EQUITY":124378486.32,"DEBT_ASSET_RATIO":198.2732063235,"OPERATE_PROFIT":-12433547.72,"PRETAX_PROFIT":-44297196.48,"NETCASH_OPERATE":-43973165.08,"NETCASH_INVEST":-9853921.12,"NETCASH_FINANCE":63547186.56,"END_CASH":21549350.56,"DIVI_RATIO":null,"DIVIDEND_RATE":null,"CURRENT_RATIO":0.438902753361,"COMMON_ACS":1000000000000,"CURRENTDEBT_DEBT":99.419023617687,"ISSUED_COMMON_SHARES":558245104,"HK_COMMON_SHARES":558245104,"PER_SHARES":2000,"TOTAL_MARKET_CAP":1423525015.2,"HKSK_MARKET_CAP":1423525015.2,"PE_TTM":-35.596134510265,"PB_TTM":2.052931111851,"REPORT_DATE_SQ":"2019-12-31 00:00:00","REPORT_TYPE_SQ":"2019年年报","OPERATE_INCOME_SQ":48096219.76,"DPS_HKD":null,"OPERATE_INCOME_QOQ_SQ":21.581341489861,"NET_PROFIT_RATIO_SQ":-282.7147839809,"HOLDER_PROFIT_SQ":-340733213.28,"HOLDER_PROFIT_QOQ_SQ":-720.203392789877,"ROE_AVG_SQ":-488.372182599038,"PE_TTM_SQ":-75.222641789718,"PB_TTM_SQ":20.409816104857,"ROA_SQ":-112.988395977431,"START_DATE":"2020-01-01 00:00:00","FISCAL_YEAR":"12-31","CURRENCY":"HKD","IS_CNY_CODE":0,"DPS_HKD_LY":null,"ORG_TYPE":"一般企业","PREMIUM_INCOME":null,"PREMIUM_INCOME_YOY":null,"NET_INTEREST_INCOME":null,"NET_INTEREST_INCOME_YOY":null,"FEE_COMMISSION_INCOME":null,"FEE_COMMISSION_INCOME_YOY":null,"ACCOUNTS_RECE_TDAYS":1.124588725598,"INVENTORY_TDAYS":null,"CURRENT_ASSETS_TDAYS":0.739773465118,"TOTAL_ASSETS_TDAYS":0.523216654761,"PREMIUM_EXPENSE":null,"LOAN_DEPOSIT":null,"LOAN_EQUITY":null,"LOAN_ASSETS":null,"DEPOSIT_EQUITY":null,"DEPOSIT_ASSETS":null,"EQUITY_MULTIPLIER":-1.017571357861,"EQUITY_RATIO":1.643180647449},{"SECUCODE":"00033.HK","SECURITY_CODE":"00033","SECURITY_NAME_ABBR":"INTL GENIUS","ORG_CODE":"10102863","STD_REPORT_DATE":"2020-06-30 00:00:00","REPORT_DATE":"2020-06-30 00:00:00","DATE_TYPE_CODE":"002","REPORT_TYPE":"2020年中报","PER_NETCASH_OPERATE":-0.028026039618,"PER_OI":0.15616433638,"BPS":-0.21200338839,"BASIC_EPS":-0.098387716,"DILUTED_EPS":-0.098387716,"OPERATE_INCOME":39442616.96,"OPERATE_INCOME_YOY":-66.4448874044,"GROSS_PROFIT":7469555,"GROSS_PROFIT_YOY":-11.335371677712,"HOLDER_PROFIT":-12803027.68,"HOLDER_PROFIT_YOY":-42.6561963939,"GROSS_PROFIT_RATIO":57.919242193144,"EPS_TTM":-0.31435105019,"OPERATE_INCOME_QOQ":-35.03108092147,"NET_PROFIT_RATIO":-150.2087179899,"ROE_AVG":31.223301294887,"GROSS_PROFIT_QOQ":17.404127900724,"ROA":-26.649433513498,"HOLDER_PROFIT_QOQ":-3.259894811273,"ROE_YEARLY":62.446602589774,"ROIC_YEARLY":-63.538390359646,"TOTAL_ASSETS":118593742.08,"TOTAL_LIABILITIES":237007536.48,"TAX_EBT":-0.019725162733,"OCF_SALES":-137.838163281689,"TOTAL_PARENT_EQUITY":-118349853.6,"DEBT_ASSET_RATIO":199.8482654507,"OPERATE_PROFIT":-9609845.52,"PRETAX_PROFIT":-12800502.76,"NETCASH_OPERATE":-15070405.84,"NETCASH_INVEST":422503.28,"NETCASH_FINANCE":19295438.64,"END_CASH":21549350.56,"DIVI_RATIO":null,"DIVIDEND_RATE":null,"CURRENT_RATIO":0.432436494814,"COMMON_ACS":1000000000000,"CURRENTDEBT_DEBT":100,"ISSUED_COMMON_SHARES":558245104,"HK_COMMON_SHARES":558245104,"PER_SHARES":2000,"TOTAL_MARKET_CAP":1423525015.2,"HKSK_MARKET_CAP":1423525015.2,"PE_TTM":-35.596134510265,"PB_TTM":2.052931111851,"REPORT_DATE_SQ":"2019-06-30 00:00:00","REPORT_TYPE_SQ":"2019年中报","OPERATE_INCOME_SQ":65312995.68,"DPS_HKD":null,"OPERATE_INCOME_QOQ_SQ":70.369643441082,"NET_PROFIT_RATIO_SQ":-35.0635707359,"HOLDER_PROFIT_SQ":-23076120.78,"HOLDER_PROFIT_QOQ_SQ":53.982635352371,"ROE_AVG_SQ":-10.36625484319,"PE_TTM_SQ":-75.222641789718,"PB_TTM_SQ":20.409816104857,"ROA_SQ":-5.060773459346,"START_DATE":"2020-01-01 00:00:00","FISCAL_YEAR":"12-31","CURRENCY":"HKD","IS_CNY_CODE":0,"DPS_HKD_LY":null,"ORG_TYPE":"一般企业","PREMIUM_INCOME":null,"PREMIUM_INCOME_YOY":null,"NET_INTEREST_INCOME":null,"NET_INTEREST_INCOME_YOY":null,"FEE_COMMISSION_INCOME":null,"FEE_COMMISSION_INCOME_YOY":null,"ACCOUNTS_RECE_TDAYS":2.257798761834,"INVENTORY_TDAYS":null,"CURRENT_ASSETS_TDAYS":0.250200851611,"TOTAL_ASSETS_TDAYS":0.177416023984,"PREMIUM_EXPENSE":null,"LOAN_DEPOSIT":null,"LOAN_EQUITY":null,"LOAN_ASSETS":null,"DEPOSIT_EQUITY":null,"DEPOSIT_ASSETS":null,"EQUITY_MULTIPLIER":-1.001519651329,"EQUITY_RATIO":-2.002601011076},{"SECUCODE":"00033.HK","SECURITY_CODE":"00033","SECURITY_NAME_ABBR":"INTL GENIUS","ORG_CODE":"10102863","STD_REPORT_DATE":"2019-12-31 00:00:00","REPORT_DATE":"2019-12-31 00:00:00","DATE_TYPE_CODE":"001","REPORT_TYPE":"2019年年报","PER_NETCASH_OPERATE":0.000268410036,"PER_OI":0.051286375946,"BPS":-0.176745803865,"BASIC_EPS":-3.644212196,"DILUTED_EPS":-3.644212196,"OPERATE_INCOME":48096219.76,"OPERATE_INCOME_YOY":102.6100727593,"GROSS_PROFIT":11315492.96,"GROSS_PROFIT_YOY":-21.143793488279,"HOLDER_PROFIT":-340733213.28,"HOLDER_PROFIT_YOY":-269.1859731537,"GROSS_PROFIT_RATIO":22.497105734701,"EPS_TTM":-0.363333579243,"OPERATE_INCOME_QOQ":21.581341489861,"NET_PROFIT_RATIO":-282.7147839809,"ROE_AVG":-488.372182599038,"GROSS_PROFIT_QOQ":39.71965627667,"ROA":-112.988395977431,"HOLDER_PROFIT_QOQ":-720.203392789877,"ROE_YEARLY":-488.372182599038,"ROIC_YEARLY":-127.603130566635,"TOTAL_ASSETS":135282487.16,"TOTAL_LIABILITIES":226041125.2,"TAX_EBT":-0.002616314816,"OCF_SALES":0.207207273639,"TOTAL_PARENT_EQUITY":-98667479.66,"DEBT_ASSET_RATIO":167.0882387996,"OPERATE_PROFIT":-291573702.66,"PRETAX_PROFIT":-342382344.26,"NETCASH_OPERATE":251714.18,"NETCASH_INVEST":-8239384.44,"NETCASH_FINANCE":-219466.1,"END_CASH":12115424.5,"DIVI_RATIO":null,"DIVIDEND_RATE":null,"CURRENT_RATIO":0.442144284603,"COMMON_ACS":1000000000000,"CURRENTDEBT_DEBT":77.93175873821,"ISSUED_COMMON_SHARES":558245104,"HK_COMMON_SHARES":558245104,"PER_SHARES":2000,"TOTAL_MARKET_CAP":1423525015.2,"HKSK_MARKET_CAP":1423525015.2,"PE_TTM":-35.596134510265,"PB_TTM":2.052931111851,"REPORT_DATE_SQ":"2018-12-31 00:00:00","REPORT_TYPE_SQ":"2018年年报","OPERATE_INCOME_SQ":58646694.6,"DPS_HKD":null,"OPERATE_INCOME_QOQ_SQ":7.739514727265,"NET_PROFIT_RATIO_SQ":-154.3797528872,"HOLDER_PROFIT_SQ":-90275762.2,"HOLDER_PROFIT_QOQ_SQ":36.920710744221,"ROE_AVG_SQ":-33.796224162278,"PE_TTM_SQ":-75.222641789718,"PB_TTM_SQ":20.409816104857,"ROA_SQ":-19.665144189935,"START_DATE":"2019-01-01 00:00:00","FISCAL_YEAR":"12-31","CURRENCY":"HKD","IS_CNY_CODE":0,"DPS_HKD_LY":null,"ORG_TYPE":"一般企业","PREMIUM_INCOME":null,"PREMIUM_INCOME_YOY":null,"NET_INTEREST_INCOME":null,"NET_INTEREST_INCOME_YOY":null,"FEE_COMMISSION_INCOME":null,"FEE_COMMISSION_INCOME_YOY":null,"ACCOUNTS_RECE_TDAYS":2.837918549645,"INVENTORY_TDAYS":null,"CURRENT_ASSETS_TDAYS":0.704565468691,"TOTAL_ASSETS_TDAYS":0.402830234917,"PREMIUM_EXPENSE":null,"LOAN_DEPOSIT":null,"LOAN_EQUITY":null,"LOAN_ASSETS":null,"DEPOSIT_EQUITY":null,"DEPOSIT_ASSETS":null,"EQUITY_MULTIPLIER":-1.490574231628,"EQUITY_RATIO":-2.290938473131}],"count":38},"success":true,"message":"ok","code":0}