{"version":"9f41d987cd72659a8d60f3dbe227a7b8","result":{"pages":6,"data":[{"SECUCODE":"00032.HK","SECURITY_CODE":"00032","SECURITY_NAME_ABBR":"港通控股","ORG_CODE":"10007325","STD_REPORT_DATE":"2024-06-30 00:00:00","REPORT_DATE":"2024-06-30 00:00:00","DATE_TYPE_CODE":"002","REPORT_TYPE":"2024年中报","PER_NETCASH_OPERATE":0.022380591566,"PER_OI":1.151440906611,"BPS":17.973917003319,"BASIC_EPS":0.5749884,"DILUTED_EPS":0.5749884,"OPERATE_INCOME":429128445.8,"OPERATE_INCOME_YOY":14.4127702547,"GROSS_PROFIT":293695860.6,"GROSS_PROFIT_YOY":12.320986902273,"HOLDER_PROFIT":214636780.96,"HOLDER_PROFIT_YOY":-44.3587960005,"GROSS_PROFIT_RATIO":68.440082095345,"EPS_TTM":0.794673380139,"OPERATE_INCOME_QOQ":6.334222339412,"NET_PROFIT_RATIO":58.6039537629,"ROE_AVG":3.2315516139,"GROSS_PROFIT_QOQ":6.294451980044,"ROA":2.758140723794,"HOLDER_PROFIT_QOQ":-37.148008419956,"ROE_YEARLY":6.4631032278,"ROIC_YEARLY":8.414448777698,"TOTAL_ASSETS":7791633126.56,"TOTAL_LIABILITIES":879655586.88,"TAX_EBT":7.573135138804,"OCF_SALES":1.943703010517,"TOTAL_PARENT_EQUITY":6698666882.76,"DEBT_ASSET_RATIO":11.2897459697,"OPERATE_PROFIT":276699933.64,"PRETAX_PROFIT":268930288.8,"NETCASH_OPERATE":8340982.52,"NETCASH_INVEST":65927439.8,"NETCASH_FINANCE":-150061932.92,"END_CASH":2204563024.44,"DIVI_RATIO":0.479132697176,"DIVIDEND_RATE":6.287425149701,"CURRENT_RATIO":5.643860395683,"COMMON_ACS":null,"CURRENTDEBT_DEBT":75.8274400923,"ISSUED_COMMON_SHARES":372688206,"HK_COMMON_SHARES":372688206,"PER_SHARES":1000,"TOTAL_MARKET_CAP":2489557216.08,"HKSK_MARKET_CAP":2489557216.08,"PE_TTM":7.4876603549,"PB_TTM":0.33919720442,"REPORT_DATE_SQ":"2023-06-30 00:00:00","REPORT_TYPE_SQ":"2023年中报","OPERATE_INCOME_SQ":378892290.9,"DPS_HKD":0.42,"OPERATE_INCOME_QOQ_SQ":19.209855329399,"NET_PROFIT_RATIO_SQ":111.6886015453,"HOLDER_PROFIT_SQ":389682222.84,"HOLDER_PROFIT_QOQ_SQ":139.304806483333,"ROE_AVG_SQ":6.025473735263,"PE_TTM_SQ":16.699272262903,"PB_TTM_SQ":0.395109527974,"ROA_SQ":5.196952662516,"START_DATE":"2024-01-01 00:00:00","FISCAL_YEAR":"12-31","CURRENCY":"HKD","IS_CNY_CODE":0,"DPS_HKD_LY":0.42,"ORG_TYPE":"一般企业","PREMIUM_INCOME":null,"PREMIUM_INCOME_YOY":null,"NET_INTEREST_INCOME":null,"NET_INTEREST_INCOME_YOY":null,"FEE_COMMISSION_INCOME":null,"FEE_COMMISSION_INCOME_YOY":null,"ACCOUNTS_RECE_TDAYS":2.314546121338,"INVENTORY_TDAYS":111.571428571429,"CURRENT_ASSETS_TDAYS":0.117981498496,"TOTAL_ASSETS_TDAYS":0.055144166662,"PREMIUM_EXPENSE":null,"LOAN_DEPOSIT":null,"LOAN_EQUITY":null,"LOAN_ASSETS":null,"DEPOSIT_EQUITY":null,"DEPOSIT_ASSETS":null,"EQUITY_MULTIPLIER":1.127265400073,"EQUITY_RATIO":0.13131800734},{"SECUCODE":"00032.HK","SECURITY_CODE":"00032","SECURITY_NAME_ABBR":"港通控股","ORG_CODE":"10007325","STD_REPORT_DATE":"2023-12-31 00:00:00","REPORT_DATE":"2023-12-31 00:00:00","DATE_TYPE_CODE":"001","REPORT_TYPE":"2023年年报","PER_NETCASH_OPERATE":0.844019764232,"PER_OI":2.12802848953,"BPS":17.544276543863,"BASIC_EPS":1.268708,"DILUTED_EPS":1.268708,"OPERATE_INCOME":793091120.08,"OPERATE_INCOME_YOY":25.0841837464,"GROSS_PROFIT":511828524.9,"GROSS_PROFIT_YOY":26.152691237862,"HOLDER_PROFIT":471210838.28,"HOLDER_PROFIT_YOY":216.7824817518,"GROSS_PROFIT_RATIO":64.535904127684,"EPS_TTM":1.2643567215,"OPERATE_INCOME_QOQ":6.069883615974,"NET_PROFIT_RATIO":67.9725171511,"ROE_AVG":7.388355128531,"GROSS_PROFIT_QOQ":1.784479555781,"ROA":6.358212326121,"HOLDER_PROFIT_QOQ":201.427541845809,"ROE_YEARLY":7.388355128531,"ROIC_YEARLY":9.667772690374,"TOTAL_ASSETS":7717229055.9,"TOTAL_LIABILITIES":999390290.64,"TAX_EBT":11.909924986594,"OCF_SALES":39.662051912556,"TOTAL_PARENT_EQUITY":6538544950.7,"DEBT_ASSET_RATIO":12.9501182795,"OPERATE_PROFIT":350532239.54,"PRETAX_PROFIT":307576505.32,"NETCASH_OPERATE":314556211.76,"NETCASH_INVEST":339077618.74,"NETCASH_FINANCE":-217116718.7,"END_CASH":2264216044.16,"DIVI_RATIO":0.344690539141,"DIVIDEND_RATE":7.058823529412,"CURRENT_RATIO":4.639061655601,"COMMON_ACS":null,"CURRENTDEBT_DEBT":75.170745331027,"ISSUED_COMMON_SHARES":372688206,"HK_COMMON_SHARES":372688206,"PER_SHARES":1000,"TOTAL_MARKET_CAP":2534279800.8,"HKSK_MARKET_CAP":2534279800.8,"PE_TTM":7.622169223551,"PB_TTM":0.345290567373,"REPORT_DATE_SQ":"2022-12-31 00:00:00","REPORT_TYPE_SQ":"2022年年报","OPERATE_INCOME_SQ":624985288.2,"DPS_HKD":0.48,"OPERATE_INCOME_QOQ_SQ":14.280954420008,"NET_PROFIT_RATIO_SQ":-52.4384755611,"HOLDER_PROFIT_SQ":-397728467.5,"HOLDER_PROFIT_QOQ_SQ":30.947543233287,"ROE_AVG_SQ":-6.272498759236,"PE_TTM_SQ":17.138726796137,"PB_TTM_SQ":0.405507147132,"ROA_SQ":-5.494189208524,"START_DATE":"2023-01-01 00:00:00","FISCAL_YEAR":"12-31","CURRENCY":"HKD","IS_CNY_CODE":0,"DPS_HKD_LY":0.42,"ORG_TYPE":"一般企业","PREMIUM_INCOME":null,"PREMIUM_INCOME_YOY":null,"NET_INTEREST_INCOME":null,"NET_INTEREST_INCOME_YOY":null,"FEE_COMMISSION_INCOME":null,"FEE_COMMISSION_INCOME_YOY":null,"ACCOUNTS_RECE_TDAYS":7.64712718503,"INVENTORY_TDAYS":234.594860166289,"CURRENT_ASSETS_TDAYS":0.229753305629,"TOTAL_ASSETS_TDAYS":0.10701455327,"PREMIUM_EXPENSE":null,"LOAN_DEPOSIT":null,"LOAN_EQUITY":null,"LOAN_ASSETS":null,"DEPOSIT_EQUITY":null,"DEPOSIT_ASSETS":null,"EQUITY_MULTIPLIER":1.148766638432,"EQUITY_RATIO":0.152845976922},{"SECUCODE":"00032.HK","SECURITY_CODE":"00032","SECURITY_NAME_ABBR":"港通控股","ORG_CODE":"10007325","STD_REPORT_DATE":"2023-06-30 00:00:00","REPORT_DATE":"2023-06-30 00:00:00","DATE_TYPE_CODE":"002","REPORT_TYPE":"2023年中报","PER_NETCASH_OPERATE":0.076679893863,"PER_OI":1.016646850638,"BPS":17.734444511936,"BASIC_EPS":1.0418374,"DILUTED_EPS":1.0418374,"OPERATE_INCOME":378892290.9,"OPERATE_INCOME_YOY":35.8135535142,"GROSS_PROFIT":261479059.88,"GROSS_PROFIT_YOY":55.891928526914,"HOLDER_PROFIT":389682222.84,"HOLDER_PROFIT_YOY":319.8984422963,"GROSS_PROFIT_RATIO":69.105420846424,"EPS_TTM":0.419456269244,"OPERATE_INCOME_QOQ":19.209855329399,"NET_PROFIT_RATIO":111.6886015453,"ROE_AVG":6.025473735263,"GROSS_PROFIT_QOQ":23.262527101113,"ROA":5.196952662516,"HOLDER_PROFIT_QOQ":139.304806483333,"ROE_YEARLY":12.050947470525,"ROIC_YEARLY":15.399911442621,"TOTAL_ASSETS":7768117596.54,"TOTAL_LIABILITIES":957863461.6,"TAX_EBT":8.650257173275,"OCF_SALES":7.51955944251,"TOTAL_PARENT_EQUITY":6609418309.56,"DEBT_ASSET_RATIO":12.3307023831,"OPERATE_PROFIT":211237603.74,"PRETAX_PROFIT":215640980.22,"NETCASH_OPERATE":28577692.08,"NETCASH_INVEST":381373339.08,"NETCASH_FINANCE":-99761001.94,"END_CASH":2169674328.46,"DIVI_RATIO":1.038992219107,"DIVIDEND_RATE":7.058823529412,"CURRENT_RATIO":4.735572718503,"COMMON_ACS":null,"CURRENTDEBT_DEBT":76.93248758326,"ISSUED_COMMON_SHARES":372688206,"HK_COMMON_SHARES":372688206,"PER_SHARES":1000,"TOTAL_MARKET_CAP":2534279800.8,"HKSK_MARKET_CAP":2534279800.8,"PE_TTM":7.622169223551,"PB_TTM":0.345290567373,"REPORT_DATE_SQ":"2022-06-30 00:00:00","REPORT_TYPE_SQ":"2022年中报","OPERATE_INCOME_SQ":259557006.52,"DPS_HKD":0.48,"OPERATE_INCOME_QOQ_SQ":-4.056993740144,"NET_PROFIT_RATIO_SQ":-53.94223546,"HOLDER_PROFIT_SQ":-164372649.14,"HOLDER_PROFIT_QOQ_SQ":-1330.55486162979,"ROE_AVG_SQ":-2.679986985319,"PE_TTM_SQ":17.138726796137,"PB_TTM_SQ":0.405507147132,"ROA_SQ":-2.34555328038,"START_DATE":"2023-01-01 00:00:00","FISCAL_YEAR":"12-31","CURRENCY":"HKD","IS_CNY_CODE":0,"DPS_HKD_LY":0.42,"ORG_TYPE":"一般企业","PREMIUM_INCOME":null,"PREMIUM_INCOME_YOY":null,"NET_INTEREST_INCOME":null,"NET_INTEREST_INCOME_YOY":null,"FEE_COMMISSION_INCOME":null,"FEE_COMMISSION_INCOME_YOY":null,"ACCOUNTS_RECE_TDAYS":2.905168726782,"INVENTORY_TDAYS":91.420674802584,"CURRENT_ASSETS_TDAYS":0.109084509698,"TOTAL_ASSETS_TDAYS":0.050684238137,"PREMIUM_EXPENSE":null,"LOAN_DEPOSIT":null,"LOAN_EQUITY":null,"LOAN_ASSETS":null,"DEPOSIT_EQUITY":null,"DEPOSIT_ASSETS":null,"EQUITY_MULTIPLIER":1.140650178777,"EQUITY_RATIO":0.144924018535},{"SECUCODE":"00032.HK","SECURITY_CODE":"00032","SECURITY_NAME_ABBR":"港通控股","ORG_CODE":"10007325","STD_REPORT_DATE":"2022-12-31 00:00:00","REPORT_DATE":"2022-12-31 00:00:00","DATE_TYPE_CODE":"001","REPORT_TYPE":"2022年年报","PER_NETCASH_OPERATE":0.343678951917,"PER_OI":1.676965565688,"BPS":16.443006176911,"BASIC_EPS":-1.0629913,"DILUTED_EPS":-1.0629913,"OPERATE_INCOME":624985288.2,"OPERATE_INCOME_YOY":0.3564557946,"GROSS_PROFIT":405721447.46,"GROSS_PROFIT_YOY":5.38228611545,"HOLDER_PROFIT":-397728467.5,"HOLDER_PROFIT_YOY":-804.1527058585,"GROSS_PROFIT_RATIO":65.041870798678,"EPS_TTM":-1.067188231602,"OPERATE_INCOME_QOQ":14.280954420008,"NET_PROFIT_RATIO":-52.4384755611,"ROE_AVG":-6.272498759236,"GROSS_PROFIT_QOQ":11.11609591962,"ROA":-5.494189208524,"HOLDER_PROFIT_QOQ":30.947543233287,"ROE_YEARLY":-6.272498759236,"ROIC_YEARLY":-8.429406160878,"TOTAL_ASSETS":7003358284.72,"TOTAL_LIABILITIES":711521712.72,"TAX_EBT":-6.17580022391,"OCF_SALES":20.421129087388,"TOTAL_PARENT_EQUITY":6128114473.32,"DEBT_ASSET_RATIO":10.1597217191,"OPERATE_PROFIT":-516876393.18,"PRETAX_PROFIT":-600807149.11,"NETCASH_OPERATE":128085092.03,"NETCASH_INVEST":-265329774.64,"NETCASH_FINANCE":-247016846.37,"END_CASH":1801580880.26,"DIVI_RATIO":-0.408373881097,"DIVIDEND_RATE":7.058823529412,"CURRENT_RATIO":4.820623957781,"COMMON_ACS":null,"CURRENTDEBT_DEBT":98.248541183324,"ISSUED_COMMON_SHARES":372688206,"HK_COMMON_SHARES":372688206,"PER_SHARES":1000,"TOTAL_MARKET_CAP":2534279800.8,"HKSK_MARKET_CAP":2534279800.8,"PE_TTM":7.622169223551,"PB_TTM":0.345290567373,"REPORT_DATE_SQ":"2021-12-31 00:00:00","REPORT_TYPE_SQ":"2021年年报","OPERATE_INCOME_SQ":572046921.6,"DPS_HKD":0.48,"OPERATE_INCOME_QOQ_SQ":-1.464344219536,"NET_PROFIT_RATIO_SQ":2.5053382614,"HOLDER_PROFIT_SQ":-40262712,"HOLDER_PROFIT_QOQ_SQ":-104.950241634062,"ROE_AVG_SQ":-0.598680350222,"PE_TTM_SQ":17.138726796137,"PB_TTM_SQ":0.405507147132,"ROA_SQ":-0.531411554049,"START_DATE":"2022-01-01 00:00:00","FISCAL_YEAR":"12-31","CURRENCY":"HKD","IS_CNY_CODE":0,"DPS_HKD_LY":0.42,"ORG_TYPE":"一般企业","PREMIUM_INCOME":null,"PREMIUM_INCOME_YOY":null,"NET_INTEREST_INCOME":null,"NET_INTEREST_INCOME_YOY":null,"FEE_COMMISSION_INCOME":null,"FEE_COMMISSION_INCOME_YOY":null,"ACCOUNTS_RECE_TDAYS":6.873664510234,"INVENTORY_TDAYS":190.724164724165,"CURRENT_ASSETS_TDAYS":0.17438459308,"TOTAL_ASSETS_TDAYS":0.086643456365,"PREMIUM_EXPENSE":null,"LOAN_DEPOSIT":null,"LOAN_EQUITY":null,"LOAN_ASSETS":null,"DEPOSIT_EQUITY":null,"DEPOSIT_ASSETS":null,"EQUITY_MULTIPLIER":1.113086489863,"EQUITY_RATIO":0.116107771129},{"SECUCODE":"00032.HK","SECURITY_CODE":"00032","SECURITY_NAME_ABBR":"港通控股","ORG_CODE":"10007325","STD_REPORT_DATE":"2022-06-30 00:00:00","REPORT_DATE":"2022-06-30 00:00:00","DATE_TYPE_CODE":"002","REPORT_TYPE":"2022年中报","PER_NETCASH_OPERATE":0.071191600171,"PER_OI":0.696445453173,"BPS":16.079143211122,"BASIC_EPS":-0.4446988,"DILUTED_EPS":-0.4446988,"OPERATE_INCOME":259557006.52,"OPERATE_INCOME_YOY":-10.6880225054,"GROSS_PROFIT":167730980.27,"GROSS_PROFIT_YOY":-9.621839403887,"HOLDER_PROFIT":-164372649.14,"HOLDER_PROFIT_YOY":-143.0679946671,"GROSS_PROFIT_RATIO":64.622019847912,"EPS_TTM":-1.54547467472,"OPERATE_INCOME_QOQ":-4.056993740144,"NET_PROFIT_RATIO":-53.94223546,"ROE_AVG":-2.679986985319,"GROSS_PROFIT_QOQ":-4.638179375138,"ROA":-2.34555328038,"HOLDER_PROFIT_QOQ":-1330.55486162979,"ROE_YEARLY":-5.359973970637,"ROIC_YEARLY":-7.236887621741,"TOTAL_ASSETS":6859540563.68,"TOTAL_LIABILITIES":687595850.13,"TAX_EBT":-11.282626427406,"OCF_SALES":10.222135825085,"TOTAL_PARENT_EQUITY":5992507037.37,"DEBT_ASSET_RATIO":10.0239344566,"OPERATE_PROFIT":-258219489.36,"PRETAX_PROFIT":-125815552.8,"NETCASH_OPERATE":27197607.57,"NETCASH_INVEST":5223500.52,"NETCASH_FINANCE":-104139907.06,"END_CASH":2020941393.31,"DIVI_RATIO":-0.281992197691,"DIVIDEND_RATE":7.058823529412,"CURRENT_RATIO":5.065482555552,"COMMON_ACS":null,"CURRENTDEBT_DEBT":97.235043101786,"ISSUED_COMMON_SHARES":372688206,"HK_COMMON_SHARES":372688206,"PER_SHARES":1000,"TOTAL_MARKET_CAP":2534279800.8,"HKSK_MARKET_CAP":2534279800.8,"PE_TTM":7.622169223551,"PB_TTM":0.345290567373,"REPORT_DATE_SQ":"2021-06-30 00:00:00","REPORT_TYPE_SQ":"2021年中报","OPERATE_INCOME_SQ":282764914.32,"DPS_HKD":0.48,"OPERATE_INCOME_QOQ_SQ":-9.301502583797,"NET_PROFIT_RATIO_SQ":139.3924591486,"HOLDER_PROFIT_SQ":371344822.8,"HOLDER_PROFIT_QOQ_SQ":33.249845052762,"ROE_AVG_SQ":4.8399432917,"PE_TTM_SQ":17.138726796137,"PB_TTM_SQ":0.405507147132,"ROA_SQ":4.362434181285,"START_DATE":"2022-01-01 00:00:00","FISCAL_YEAR":"12-31","CURRENCY":"HKD","IS_CNY_CODE":0,"DPS_HKD_LY":0.42,"ORG_TYPE":"一般企业","PREMIUM_INCOME":null,"PREMIUM_INCOME_YOY":null,"NET_INTEREST_INCOME":null,"NET_INTEREST_INCOME_YOY":null,"FEE_COMMISSION_INCOME":null,"FEE_COMMISSION_INCOME_YOY":null,"ACCOUNTS_RECE_TDAYS":7.298584809244,"INVENTORY_TDAYS":80.976621417798,"CURRENT_ASSETS_TDAYS":0.073661349477,"TOTAL_ASSETS_TDAYS":0.03703808336,"PREMIUM_EXPENSE":null,"LOAN_DEPOSIT":null,"LOAN_EQUITY":null,"LOAN_ASSETS":null,"DEPOSIT_EQUITY":null,"DEPOSIT_ASSETS":null,"EQUITY_MULTIPLIER":1.111406676832,"EQUITY_RATIO":0.114742602027},{"SECUCODE":"00032.HK","SECURITY_CODE":"00032","SECURITY_NAME_ABBR":"港通控股","ORG_CODE":"10007325","STD_REPORT_DATE":"2021-12-31 00:00:00","REPORT_DATE":"2021-12-31 00:00:00","DATE_TYPE_CODE":"001","REPORT_TYPE":"2021年年报","PER_NETCASH_OPERATE":0.257967873553,"PER_OI":1.534920913489,"BPS":16.094918154722,"BASIC_EPS":-0.106288,"DILUTED_EPS":-0.106288,"OPERATE_INCOME":572046921.6,"OPERATE_INCOME_YOY":-8.0018723982,"GROSS_PROFIT":384999664,"GROSS_PROFIT_YOY":-16.920508075722,"HOLDER_PROFIT":-40262712,"HOLDER_PROFIT_YOY":-106.7901379262,"GROSS_PROFIT_RATIO":67.302112722356,"EPS_TTM":-0.10803323355,"OPERATE_INCOME_QOQ":-1.464344219536,"NET_PROFIT_RATIO":2.5053382614,"ROE_AVG":-0.598680350222,"GROSS_PROFIT_QOQ":-8.948419956018,"ROA":-0.531411554049,"HOLDER_PROFIT_QOQ":-104.950241634062,"ROE_YEARLY":-0.598680350222,"ROIC_YEARLY":-0.777580972359,"TOTAL_ASSETS":6841592587.2,"TOTAL_LIABILITIES":678545862.4,"TAX_EBT":69.293697228743,"OCF_SALES":16.806590573216,"TOTAL_PARENT_EQUITY":5998386172.8,"DEBT_ASSET_RATIO":9.917951906,"OPERATE_PROFIT":-399435209.6,"PRETAX_PROFIT":46673513.6,"NETCASH_OPERATE":96141584,"NETCASH_INVEST":361055430.4,"NETCASH_FINANCE":-187041534.4,"END_CASH":2000677011.2,"DIVI_RATIO":-4.034053093483,"DIVIDEND_RATE":7.058823529412,"CURRENT_RATIO":5.346915296666,"COMMON_ACS":null,"CURRENTDEBT_DEBT":96.460278290542,"ISSUED_COMMON_SHARES":372688206,"HK_COMMON_SHARES":372688206,"PER_SHARES":1000,"TOTAL_MARKET_CAP":2534279800.8,"HKSK_MARKET_CAP":2534279800.8,"PE_TTM":7.622169223551,"PB_TTM":0.345290567373,"REPORT_DATE_SQ":"2020-12-31 00:00:00","REPORT_TYPE_SQ":"2020年年报","OPERATE_INCOME_SQ":640085736.08,"DPS_HKD":0.48,"OPERATE_INCOME_QOQ_SQ":-4.763878764364,"NET_PROFIT_RATIO_SQ":103.80909428,"HOLDER_PROFIT_SQ":610393518.52,"HOLDER_PROFIT_QOQ_SQ":45.562876354038,"ROE_AVG_SQ":8.812966152233,"PE_TTM_SQ":17.138726796137,"PB_TTM_SQ":0.405507147132,"ROA_SQ":7.902037971879,"START_DATE":"2021-01-01 00:00:00","FISCAL_YEAR":"12-31","CURRENCY":"HKD","IS_CNY_CODE":0,"DPS_HKD_LY":0.42,"ORG_TYPE":"一般企业","PREMIUM_INCOME":null,"PREMIUM_INCOME_YOY":null,"NET_INTEREST_INCOME":null,"NET_INTEREST_INCOME_YOY":null,"FEE_COMMISSION_INCOME":null,"FEE_COMMISSION_INCOME_YOY":null,"ACCOUNTS_RECE_TDAYS":7.93371055347,"INVENTORY_TDAYS":205.08830121022,"CURRENT_ASSETS_TDAYS":0.156906814307,"TOTAL_ASSETS_TDAYS":0.075502202533,"PREMIUM_EXPENSE":null,"LOAN_DEPOSIT":null,"LOAN_EQUITY":null,"LOAN_ASSETS":null,"DEPOSIT_EQUITY":null,"DEPOSIT_ASSETS":null,"EQUITY_MULTIPLIER":1.11009909428,"EQUITY_RATIO":0.113121403466},{"SECUCODE":"00032.HK","SECURITY_CODE":"00032","SECURITY_NAME_ABBR":"港通控股","ORG_CODE":"10007325","STD_REPORT_DATE":"2021-06-30 00:00:00","REPORT_DATE":"2021-06-30 00:00:00","DATE_TYPE_CODE":"002","REPORT_TYPE":"2021年中报","PER_NETCASH_OPERATE":0.234465550434,"PER_OI":0.75871709855,"BPS":20.824180980924,"BASIC_EPS":0.998496,"DILUTED_EPS":0.998496,"OPERATE_INCOME":282764914.32,"OPERATE_INCOME_YOY":-9.3160591343,"GROSS_PROFIT":185587955.28,"GROSS_PROFIT_YOY":-17.940352858697,"HOLDER_PROFIT":371344822.8,"HOLDER_PROFIT_YOY":142.0896461564,"GROSS_PROFIT_RATIO":65.63330380868,"EPS_TTM":2.182383033715,"OPERATE_INCOME_QOQ":-9.301502583797,"NET_PROFIT_RATIO":139.3924591486,"ROE_AVG":4.8399432917,"GROSS_PROFIT_QOQ":-8.755573616463,"ROA":4.362434181285,"HOLDER_PROFIT_QOQ":33.249845052762,"ROE_YEARLY":9.679886583401,"ROIC_YEARLY":11.532830003008,"TOTAL_ASSETS":8565934928.4,"TOTAL_LIABILITIES":649318620.48,"TAX_EBT":3.246587457694,"OCF_SALES":30.902895279685,"TOTAL_PARENT_EQUITY":7760926651.2,"DEBT_ASSET_RATIO":7.5802422725,"OPERATE_PROFIT":221127756.24,"PRETAX_PROFIT":407378879.28,"NETCASH_OPERATE":87382545.36,"NETCASH_INVEST":-183224016,"NETCASH_FINANCE":-119552422.32,"END_CASH":1545775818,"DIVI_RATIO":0.199695375774,"DIVIDEND_RATE":7.058823529412,"CURRENT_RATIO":5.781884027649,"COMMON_ACS":null,"CURRENTDEBT_DEBT":94.937310663338,"ISSUED_COMMON_SHARES":372688206,"HK_COMMON_SHARES":372688206,"PER_SHARES":1000,"TOTAL_MARKET_CAP":2534279800.8,"HKSK_MARKET_CAP":2534279800.8,"PE_TTM":7.622169223551,"PB_TTM":0.345290567373,"REPORT_DATE_SQ":"2020-06-30 00:00:00","REPORT_TYPE_SQ":"2020年中报","OPERATE_INCOME_SQ":342302505.6,"DPS_HKD":0.48,"OPERATE_INCOME_QOQ_SQ":7.81151816177,"NET_PROFIT_RATIO_SQ":55.5200939318,"HOLDER_PROFIT_SQ":168389923.68,"HOLDER_PROFIT_QOQ_SQ":-35.63633695908,"ROE_AVG_SQ":2.479446553237,"PE_TTM_SQ":17.138726796137,"PB_TTM_SQ":0.405507147132,"ROA_SQ":2.227393446306,"START_DATE":"2021-01-01 00:00:00","FISCAL_YEAR":"12-31","CURRENCY":"HKD","IS_CNY_CODE":0,"DPS_HKD_LY":0.42,"ORG_TYPE":"一般企业","PREMIUM_INCOME":null,"PREMIUM_INCOME_YOY":null,"NET_INTEREST_INCOME":null,"NET_INTEREST_INCOME_YOY":null,"FEE_COMMISSION_INCOME":null,"FEE_COMMISSION_INCOME_YOY":null,"ACCOUNTS_RECE_TDAYS":2.998552911383,"INVENTORY_TDAYS":112.026858513189,"CURRENT_ASSETS_TDAYS":0.07618389375,"TOTAL_ASSETS_TDAYS":0.033218271853,"PREMIUM_EXPENSE":null,"LOAN_DEPOSIT":null,"LOAN_EQUITY":null,"LOAN_ASSETS":null,"DEPOSIT_EQUITY":null,"DEPOSIT_ASSETS":null,"EQUITY_MULTIPLIER":1.082019715902,"EQUITY_RATIO":0.083665089191},{"SECUCODE":"00032.HK","SECURITY_CODE":"00032","SECURITY_NAME_ABBR":"港通控股","ORG_CODE":"10007325","STD_REPORT_DATE":"2020-12-31 00:00:00","REPORT_DATE":"2020-12-31 00:00:00","DATE_TYPE_CODE":"001","REPORT_TYPE":"2020年年报","PER_NETCASH_OPERATE":0.509758208662,"PER_OI":1.717483209222,"BPS":20.583469046509,"BASIC_EPS":1.641198,"DILUTED_EPS":1.641198,"OPERATE_INCOME":640085736.08,"OPERATE_INCOME_YOY":9.2802940496,"GROSS_PROFIT":463411192.2,"GROSS_PROFIT_YOY":7.4090327572,"HOLDER_PROFIT":610393518.52,"HOLDER_PROFIT_YOY":-0.283649523,"GROSS_PROFIT_RATIO":72.398300114921,"EPS_TTM":1.637812811603,"OPERATE_INCOME_QOQ":-4.763878764364,"NET_PROFIT_RATIO":103.80909428,"ROE_AVG":8.812966152233,"GROSS_PROFIT_QOQ":-2.175934892843,"ROA":7.902037971879,"HOLDER_PROFIT_QOQ":45.562876354038,"ROE_YEARLY":8.812966152233,"ROIC_YEARLY":10.816465735485,"TOTAL_ASSETS":8555911088.04,"TOTAL_LIABILITIES":729614349.44,"TAX_EBT":4.196937907501,"OCF_SALES":29.680535211342,"TOTAL_PARENT_EQUITY":7671216152.2,"DEBT_ASSET_RATIO":8.5276055575,"OPERATE_PROFIT":314031875.16,"PRETAX_PROFIT":693576166.28,"NETCASH_OPERATE":189980872.28,"NETCASH_INVEST":355785635.56,"NETCASH_FINANCE":-190679433.48,"END_CASH":1781404282.68,"DIVI_RATIO":0.266093778796,"DIVIDEND_RATE":7.058823529412,"CURRENT_RATIO":5.795340264414,"COMMON_ACS":null,"CURRENTDEBT_DEBT":92.313264797623,"ISSUED_COMMON_SHARES":372688206,"HK_COMMON_SHARES":372688206,"PER_SHARES":1000,"TOTAL_MARKET_CAP":2534279800.8,"HKSK_MARKET_CAP":2534279800.8,"PE_TTM":7.622169223551,"PB_TTM":0.345290567373,"REPORT_DATE_SQ":"2019-12-31 00:00:00","REPORT_TYPE_SQ":"2019年年报","OPERATE_INCOME_SQ":623406445.86,"DPS_HKD":0.48,"OPERATE_INCOME_QOQ_SQ":-2.842242749631,"NET_PROFIT_RATIO_SQ":110.7754006469,"HOLDER_PROFIT_SQ":651506168.68,"HOLDER_PROFIT_QOQ_SQ":-27.647748222207,"ROE_AVG_SQ":10.214915957623,"PE_TTM_SQ":17.138726796137,"PB_TTM_SQ":0.405507147132,"ROA_SQ":9.102697113287,"START_DATE":"2020-01-01 00:00:00","FISCAL_YEAR":"12-31","CURRENCY":"HKD","IS_CNY_CODE":0,"DPS_HKD_LY":0.42,"ORG_TYPE":"一般企业","PREMIUM_INCOME":null,"PREMIUM_INCOME_YOY":null,"NET_INTEREST_INCOME":null,"NET_INTEREST_INCOME_YOY":null,"FEE_COMMISSION_INCOME":null,"FEE_COMMISSION_INCOME_YOY":null,"ACCOUNTS_RECE_TDAYS":7.318059351064,"INVENTORY_TDAYS":242.398383371824,"CURRENT_ASSETS_TDAYS":0.164155232612,"TOTAL_ASSETS_TDAYS":0.082864277524,"PREMIUM_EXPENSE":null,"LOAN_DEPOSIT":null,"LOAN_EQUITY":null,"LOAN_ASSETS":null,"DEPOSIT_EQUITY":null,"DEPOSIT_ASSETS":null,"EQUITY_MULTIPLIER":1.093226001238,"EQUITY_RATIO":0.095110649337},{"SECUCODE":"00032.HK","SECURITY_CODE":"00032","SECURITY_NAME_ABBR":"港通控股","ORG_CODE":"10007325","STD_REPORT_DATE":"2020-06-30 00:00:00","REPORT_DATE":"2020-06-30 00:00:00","DATE_TYPE_CODE":"002","REPORT_TYPE":"2020年中报","PER_NETCASH_OPERATE":0.154069141217,"PER_OI":0.918468843632,"BPS":18.446022967735,"BASIC_EPS":0.4475856,"DILUTED_EPS":null,"OPERATE_INCOME":342302505.6,"OPERATE_INCOME_YOY":12.2745834719,"GROSS_PROFIT":226162263.36,"GROSS_PROFIT_YOY":22.988785585706,"HOLDER_PROFIT":168389923.68,"HOLDER_PROFIT_YOY":-59.516295862,"GROSS_PROFIT_RATIO":66.070875807226,"EPS_TTM":1.125158318265,"OPERATE_INCOME_QOQ":7.81151816177,"NET_PROFIT_RATIO":55.5200939318,"ROE_AVG":2.479446553237,"GROSS_PROFIT_QOQ":9.798169437698,"ROA":2.227393446306,"HOLDER_PROFIT_QOQ":-35.63633695908,"ROE_YEARLY":4.958893106475,"ROIC_YEARLY":6.061050916533,"TOTAL_ASSETS":7638756180,"TOTAL_LIABILITIES":613214194.56,"TAX_EBT":5.527428267848,"OCF_SALES":16.774563697497,"TOTAL_PARENT_EQUITY":6874615207.68,"DEBT_ASSET_RATIO":8.0276707374,"OPERATE_PROFIT":236580.96,"PRETAX_PROFIT":201165977.76,"NETCASH_OPERATE":56323623.84,"NETCASH_INVEST":407732212.8,"NETCASH_FINANCE":-122955418.08,"END_CASH":1889096225.28,"DIVI_RATIO":0.387333758215,"DIVIDEND_RATE":7.058823529412,"CURRENT_RATIO":7.821963400087,"COMMON_ACS":null,"CURRENTDEBT_DEBT":86.290822315305,"ISSUED_COMMON_SHARES":372688206,"HK_COMMON_SHARES":372688206,"PER_SHARES":1000,"TOTAL_MARKET_CAP":2534279800.8,"HKSK_MARKET_CAP":2534279800.8,"PE_TTM":7.622169223551,"PB_TTM":0.345290567373,"REPORT_DATE_SQ":"2019-06-30 00:00:00","REPORT_TYPE_SQ":"2019年中报","OPERATE_INCOME_SQ":293604997.86,"DPS_HKD":0.48,"OPERATE_INCOME_QOQ_SQ":14.255000141657,"NET_PROFIT_RATIO_SQ":142.304154645,"HOLDER_PROFIT_SQ":400562857.26,"HOLDER_PROFIT_QOQ_SQ":129.707929889251,"ROE_AVG_SQ":6.474651360497,"PE_TTM_SQ":17.138726796137,"PB_TTM_SQ":0.405507147132,"ROA_SQ":5.677626459108,"START_DATE":"2020-01-01 00:00:00","FISCAL_YEAR":"12-31","CURRENCY":"HKD","IS_CNY_CODE":0,"DPS_HKD_LY":0.42,"ORG_TYPE":"一般企业","PREMIUM_INCOME":null,"PREMIUM_INCOME_YOY":null,"NET_INTEREST_INCOME":null,"NET_INTEREST_INCOME_YOY":null,"FEE_COMMISSION_INCOME":null,"FEE_COMMISSION_INCOME_YOY":null,"ACCOUNTS_RECE_TDAYS":4.062266257629,"INVENTORY_TDAYS":177.578212290503,"CURRENT_ASSETS_TDAYS":0.081827196002,"TOTAL_ASSETS_TDAYS":0.045278383704,"PREMIUM_EXPENSE":null,"LOAN_DEPOSIT":null,"LOAN_EQUITY":null,"LOAN_ASSETS":null,"DEPOSIT_EQUITY":null,"DEPOSIT_ASSETS":null,"EQUITY_MULTIPLIER":1.087283542798,"EQUITY_RATIO":0.089199784429}],"count":47},"success":true,"message":"ok","code":0}