{"version":"5eff2e84567f40c0a906220885f97d67","result":{"pages":5,"data":[{"SECUCODE":"00039.HK","SECURITY_CODE":"00039","SECURITY_NAME_ABBR":"中国北大荒","ORG_CODE":"10007330","STD_REPORT_DATE":"2024-06-30 00:00:00","REPORT_DATE":"2024-06-30 00:00:00","DATE_TYPE_CODE":"002","REPORT_TYPE":"2024年中报","PER_NETCASH_OPERATE":0.002185308301,"PER_OI":0.061130836056,"BPS":0.065287075801,"BASIC_EPS":-0.008761728,"DILUTED_EPS":-0.008761728,"OPERATE_INCOME":387099531.8,"OPERATE_INCOME_YOY":4.7334837986,"GROSS_PROFIT":37974789.44,"GROSS_PROFIT_YOY":-21.760693227564,"HOLDER_PROFIT":-55170593.32,"HOLDER_PROFIT_YOY":-43.2203189044,"GROSS_PROFIT_RATIO":9.810084053426,"EPS_TTM":-0.02450850703,"OPERATE_INCOME_QOQ":1.792868375853,"NET_PROFIT_RATIO":-13.5645490233,"ROE_AVG":-10.414906053237,"GROSS_PROFIT_QOQ":-10.762597537717,"ROA":-3.256867079102,"HOLDER_PROFIT_QOQ":-11.700524292515,"ROE_YEARLY":-20.829812106473,"ROIC_YEARLY":-6.527187345793,"TOTAL_ASSETS":1688332962.84,"TOTAL_LIABILITIES":1200167811.24,"TAX_EBT":-0.008691570915,"OCF_SALES":3.574805191743,"TOTAL_PARENT_EQUITY":493582820.08,"DEBT_ASSET_RATIO":71.0859669067,"OPERATE_PROFIT":-7560641.12,"PRETAX_PROFIT":-52503742.36,"NETCASH_OPERATE":13838054.16,"NETCASH_INVEST":-736532.76,"NETCASH_FINANCE":-16340622.72,"END_CASH":8547248.2,"DIVI_RATIO":null,"DIVIDEND_RATE":null,"CURRENT_RATIO":1.001598759035,"COMMON_ACS":16000000000,"CURRENTDEBT_DEBT":92.753041270942,"ISSUED_COMMON_SHARES":7560191876,"HK_COMMON_SHARES":7560191876,"PER_SHARES":8000,"TOTAL_MARKET_CAP":529213431.32,"HKSK_MARKET_CAP":529213431.32,"PE_TTM":-3.084731382906,"PB_TTM":0.978564275027,"REPORT_DATE_SQ":"2023-06-30 00:00:00","REPORT_TYPE_SQ":"2023年中报","OPERATE_INCOME_SQ":373370552.68,"DPS_HKD":null,"OPERATE_INCOME_QOQ_SQ":1.84086594761,"NET_PROFIT_RATIO_SQ":-9.5375908101,"HOLDER_PROFIT_SQ":-38914009.86,"HOLDER_PROFIT_QOQ_SQ":-2.322909885004,"ROE_AVG_SQ":-5.640513014461,"PE_TTM_SQ":-2.556432522826,"PB_TTM_SQ":0.811187521608,"ROA_SQ":-2.197846259594,"START_DATE":"2024-01-01 00:00:00","FISCAL_YEAR":"12-31","CURRENCY":"HKD","IS_CNY_CODE":0,"DPS_HKD_LY":null,"ORG_TYPE":"一般企业","PREMIUM_INCOME":null,"PREMIUM_INCOME_YOY":null,"NET_INTEREST_INCOME":null,"NET_INTEREST_INCOME_YOY":null,"FEE_COMMISSION_INCOME":null,"FEE_COMMISSION_INCOME_YOY":null,"ACCOUNTS_RECE_TDAYS":3.159351198346,"INVENTORY_TDAYS":0.671613136001,"CURRENT_ASSETS_TDAYS":0.352674944683,"TOTAL_ASSETS_TDAYS":0.228515164617,"PREMIUM_EXPENSE":null,"LOAN_DEPOSIT":null,"LOAN_EQUITY":null,"LOAN_ASSETS":null,"DEPOSIT_EQUITY":null,"DEPOSIT_ASSETS":null,"EQUITY_MULTIPLIER":3.458528240502,"EQUITY_RATIO":2.431542919272},{"SECUCODE":"00039.HK","SECURITY_CODE":"00039","SECURITY_NAME_ABBR":"中国北大荒","ORG_CODE":"10007330","STD_REPORT_DATE":"2023-12-31 00:00:00","REPORT_DATE":"2023-12-31 00:00:00","DATE_TYPE_CODE":"001","REPORT_TYPE":"2023年年报","PER_NETCASH_OPERATE":0.008273214825,"PER_OI":0.120928182904,"BPS":0.074319061954,"BASIC_EPS":-0.021930524,"DILUTED_EPS":-0.021930524,"OPERATE_INCOME":765754993.78,"OPERATE_INCOME_YOY":-9.1668494081,"GROSS_PROFIT":98135470.02,"GROSS_PROFIT_YOY":-18.747326930988,"HOLDER_PROFIT":-138938931.74,"HOLDER_PROFIT_YOY":29.8159761959,"GROSS_PROFIT_RATIO":12.815518124874,"EPS_TTM":-0.021941264094,"OPERATE_INCOME_QOQ":-9.515708801121,"NET_PROFIT_RATIO":-17.2293695022,"ROE_AVG":-21.56625684069,"GROSS_PROFIT_QOQ":-20.790785460563,"ROA":-8.054042780979,"HOLDER_PROFIT_QOQ":30.414896836648,"ROE_YEARLY":-21.56625684069,"ROIC_YEARLY":-8.060233179349,"TOTAL_ASSETS":1687591883.04,"TOTAL_LIABILITIES":1133676688.9,"TAX_EBT":-0.501166627549,"OCF_SALES":6.841428214708,"TOTAL_PARENT_EQUITY":561866368.42,"DEBT_ASSET_RATIO":67.1771830792,"OPERATE_PROFIT":-19417575.94,"PRETAX_PROFIT":-131276841.64,"NETCASH_OPERATE":52388578.2,"NETCASH_INVEST":-6172264.42,"NETCASH_FINANCE":-43156008.84,"END_CASH":11777235.12,"DIVI_RATIO":null,"DIVIDEND_RATE":null,"CURRENT_RATIO":1.031346449105,"COMMON_ACS":16000000000,"CURRENTDEBT_DEBT":91.737057302387,"ISSUED_COMMON_SHARES":7560191876,"HK_COMMON_SHARES":7560191876,"PER_SHARES":8000,"TOTAL_MARKET_CAP":529213431.32,"HKSK_MARKET_CAP":529213431.32,"PE_TTM":-3.084731382906,"PB_TTM":0.978564275027,"REPORT_DATE_SQ":"2022-12-31 00:00:00","REPORT_TYPE_SQ":"2022年年报","OPERATE_INCOME_SQ":830987642.52,"DPS_HKD":null,"OPERATE_INCOME_QOQ_SQ":6.264100452793,"NET_PROFIT_RATIO_SQ":-23.9067760536,"HOLDER_PROFIT_SQ":-195134831.5,"HOLDER_PROFIT_QOQ_SQ":-11.763369383954,"ROE_AVG_SQ":-22.631536416623,"PE_TTM_SQ":-2.671328366548,"PB_TTM_SQ":0.847645387747,"ROA_SQ":-9.05487536334,"START_DATE":"2023-01-01 00:00:00","FISCAL_YEAR":"12-31","CURRENCY":"HKD","IS_CNY_CODE":0,"DPS_HKD_LY":null,"ORG_TYPE":"一般企业","PREMIUM_INCOME":null,"PREMIUM_INCOME_YOY":null,"NET_INTEREST_INCOME":null,"NET_INTEREST_INCOME_YOY":null,"FEE_COMMISSION_INCOME":null,"FEE_COMMISSION_INCOME_YOY":null,"ACCOUNTS_RECE_TDAYS":6.205152118199,"INVENTORY_TDAYS":1.344970018284,"CURRENT_ASSETS_TDAYS":0.713906492501,"TOTAL_ASSETS_TDAYS":0.443894551543,"PREMIUM_EXPENSE":null,"LOAN_DEPOSIT":null,"LOAN_EQUITY":null,"LOAN_ASSETS":null,"DEPOSIT_EQUITY":null,"DEPOSIT_ASSETS":null,"EQUITY_MULTIPLIER":3.04666111508,"EQUITY_RATIO":2.017698073099},{"SECUCODE":"00039.HK","SECURITY_CODE":"00039","SECURITY_NAME_ABBR":"中国北大荒","ORG_CODE":"10007330","STD_REPORT_DATE":"2023-06-30 00:00:00","REPORT_DATE":"2023-06-30 00:00:00","DATE_TYPE_CODE":"002","REPORT_TYPE":"2023年中报","PER_NETCASH_OPERATE":0.00345987539,"PER_OI":0.058962752907,"BPS":0.084726592053,"BASIC_EPS":-0.006177266,"DILUTED_EPS":-0.006177266,"OPERATE_INCOME":373370552.68,"OPERATE_INCOME_YOY":-3.2815388363,"GROSS_PROFIT":48536715.12,"GROSS_PROFIT_YOY":6.85998556212,"HOLDER_PROFIT":-38914009.86,"HOLDER_PROFIT_YOY":-4.9847026341,"GROSS_PROFIT_RATIO":12.999609843789,"EPS_TTM":-0.031531553589,"OPERATE_INCOME_QOQ":1.84086594761,"NET_PROFIT_RATIO":-9.5375908101,"ROE_AVG":-5.640513014461,"GROSS_PROFIT_QOQ":2.579824255873,"ROA":-2.197846259594,"HOLDER_PROFIT_QOQ":-2.322909885004,"ROE_YEARLY":-11.281026028922,"ROIC_YEARLY":-4.39958263016,"TOTAL_ASSETS":1747876776.28,"TOTAL_LIABILITIES":1119274500.2,"TAX_EBT":-0.007767794723,"OCF_SALES":5.867900021236,"TOTAL_PARENT_EQUITY":640549292.92,"DEBT_ASSET_RATIO":64.0362361575,"OPERATE_PROFIT":-1125737.58,"PRETAX_PROFIT":-35607789.58,"NETCASH_OPERATE":21909010.74,"NETCASH_INVEST":-1210559.74,"NETCASH_FINANCE":-15491107.96,"END_CASH":16274790.96,"DIVI_RATIO":null,"DIVIDEND_RATE":null,"CURRENT_RATIO":1.052501608232,"COMMON_ACS":16000000000,"CURRENTDEBT_DEBT":90.53064687518,"ISSUED_COMMON_SHARES":7560191876,"HK_COMMON_SHARES":7560191876,"PER_SHARES":8000,"TOTAL_MARKET_CAP":529213431.32,"HKSK_MARKET_CAP":529213431.32,"PE_TTM":-3.084731382906,"PB_TTM":0.978564275027,"REPORT_DATE_SQ":"2022-06-30 00:00:00","REPORT_TYPE_SQ":"2022年中报","OPERATE_INCOME_SQ":358073184.14,"DPS_HKD":null,"OPERATE_INCOME_QOQ_SQ":2.979770508947,"NET_PROFIT_RATIO_SQ":-11.5197776005,"HOLDER_PROFIT_SQ":-34381203.57,"HOLDER_PROFIT_QOQ_SQ":-24.942936378917,"ROE_AVG_SQ":-3.785956843313,"PE_TTM_SQ":-2.671328366548,"PB_TTM_SQ":0.847645387747,"ROA_SQ":-1.457345642998,"START_DATE":"2023-01-01 00:00:00","FISCAL_YEAR":"12-31","CURRENCY":"HKD","IS_CNY_CODE":0,"DPS_HKD_LY":null,"ORG_TYPE":"一般企业","PREMIUM_INCOME":null,"PREMIUM_INCOME_YOY":null,"NET_INTEREST_INCOME":null,"NET_INTEREST_INCOME_YOY":null,"FEE_COMMISSION_INCOME":null,"FEE_COMMISSION_INCOME_YOY":null,"ACCOUNTS_RECE_TDAYS":2.957402525323,"INVENTORY_TDAYS":0.655083646708,"CURRENT_ASSETS_TDAYS":0.346067404208,"TOTAL_ASSETS_TDAYS":0.210878055385,"PREMIUM_EXPENSE":null,"LOAN_DEPOSIT":null,"LOAN_EQUITY":null,"LOAN_ASSETS":null,"DEPOSIT_EQUITY":null,"DEPOSIT_ASSETS":null,"EQUITY_MULTIPLIER":2.780576594762,"EQUITY_RATIO":1.747366693823},{"SECUCODE":"00039.HK","SECURITY_CODE":"00039","SECURITY_NAME_ABBR":"中国北大荒","ORG_CODE":"10007330","STD_REPORT_DATE":"2022-12-31 00:00:00","REPORT_DATE":"2022-12-31 00:00:00","DATE_TYPE_CODE":"001","REPORT_TYPE":"2022年年报","PER_NETCASH_OPERATE":0.036598176236,"PER_OI":0.131623547818,"BPS":0.094737622667,"BASIC_EPS":-0.031175123,"DILUTED_EPS":-0.031175123,"OPERATE_INCOME":830987642.52,"OPERATE_INCOME_YOY":0.1605323083,"GROSS_PROFIT":120778143.43,"GROSS_PROFIT_YOY":-8.290582660586,"HOLDER_PROFIT":-195134831.5,"HOLDER_PROFIT_YOY":-27.811322521,"GROSS_PROFIT_RATIO":14.534288748715,"EPS_TTM":-0.030908207909,"OPERATE_INCOME_QOQ":6.264100452793,"NET_PROFIT_RATIO":-23.9067760536,"ROE_AVG":-22.631536416623,"GROSS_PROFIT_QOQ":5.038786393325,"ROA":-9.05487536334,"HOLDER_PROFIT_QOQ":-11.763369383954,"ROE_YEARLY":-22.631536416623,"ROIC_YEARLY":-9.058350372597,"TOTAL_ASSETS":1737386924.98,"TOTAL_LIABILITIES":1035603641.8,"TAX_EBT":0.834704442393,"OCF_SALES":27.805188997674,"TOTAL_PARENT_EQUITY":716234605.24,"DEBT_ASSET_RATIO":59.6069664684,"OPERATE_PROFIT":20354050.22,"PRETAX_PROFIT":-200334556.17,"NETCASH_OPERATE":231057684.55,"NETCASH_INVEST":-12813064.88,"NETCASH_FINANCE":-226536845.08,"END_CASH":13291857.6,"DIVI_RATIO":null,"DIVIDEND_RATE":null,"CURRENT_RATIO":1.157656507804,"COMMON_ACS":16000000000,"CURRENTDEBT_DEBT":88.193023616886,"ISSUED_COMMON_SHARES":7560191876,"HK_COMMON_SHARES":7560191876,"PER_SHARES":8000,"TOTAL_MARKET_CAP":529213431.32,"HKSK_MARKET_CAP":529213431.32,"PE_TTM":-3.084731382906,"PB_TTM":0.978564275027,"REPORT_DATE_SQ":"2021-12-31 00:00:00","REPORT_TYPE_SQ":"2021年年报","OPERATE_INCOME_SQ":759374616,"DPS_HKD":null,"OPERATE_INCOME_QOQ_SQ":7.762091161069,"NET_PROFIT_RATIO_SQ":-19.0883789036,"HOLDER_PROFIT_SQ":-139740921.6,"HOLDER_PROFIT_QOQ_SQ":-2635.9316607401,"ROE_AVG_SQ":-14.161107495446,"PE_TTM_SQ":-2.671328366548,"PB_TTM_SQ":0.847645387747,"ROA_SQ":-5.818832015424,"START_DATE":"2022-01-01 00:00:00","FISCAL_YEAR":"12-31","CURRENCY":"HKD","IS_CNY_CODE":0,"DPS_HKD_LY":null,"ORG_TYPE":"一般企业","PREMIUM_INCOME":null,"PREMIUM_INCOME_YOY":null,"NET_INTEREST_INCOME":null,"NET_INTEREST_INCOME_YOY":null,"FEE_COMMISSION_INCOME":null,"FEE_COMMISSION_INCOME_YOY":null,"ACCOUNTS_RECE_TDAYS":6.591718156567,"INVENTORY_TDAYS":1.525652305316,"CURRENT_ASSETS_TDAYS":0.718151054925,"TOTAL_ASSETS_TDAYS":0.385604634173,"PREMIUM_EXPENSE":null,"LOAN_DEPOSIT":null,"LOAN_EQUITY":null,"LOAN_ASSETS":null,"DEPOSIT_EQUITY":null,"DEPOSIT_ASSETS":null,"EQUITY_MULTIPLIER":2.475674423456,"EQUITY_RATIO":1.445900036418},{"SECUCODE":"00039.HK","SECURITY_CODE":"00039","SECURITY_NAME_ABBR":"中国北大荒","ORG_CODE":"10007330","STD_REPORT_DATE":"2022-06-30 00:00:00","REPORT_DATE":"2022-06-30 00:00:00","DATE_TYPE_CODE":"002","REPORT_TYPE":"2022年中报","PER_NETCASH_OPERATE":0.014566236171,"PER_OI":0.057520635305,"BPS":0.112565033533,"BASIC_EPS":-0.005558735,"DILUTED_EPS":-0.005558735,"OPERATE_INCOME":358073184.14,"OPERATE_INCOME_YOY":3.8609320312,"GROSS_PROFIT":45420851.28,"GROSS_PROFIT_YOY":-26.897470852086,"HOLDER_PROFIT":-34381203.57,"HOLDER_PROFIT_YOY":-7153.1578947368,"GROSS_PROFIT_RATIO":12.684795536725,"EPS_TTM":-0.028047049917,"OPERATE_INCOME_QOQ":2.979770508947,"NET_PROFIT_RATIO":-11.5197776005,"ROE_AVG":-3.785956843313,"GROSS_PROFIT_QOQ":-12.68994960014,"ROA":-1.457345642998,"HOLDER_PROFIT_QOQ":-24.942936378917,"ROE_YEARLY":-7.571913686625,"ROIC_YEARLY":-2.911922018463,"TOTAL_ASSETS":2255341275.6,"TOTAL_LIABILITIES":1433836354.51,"TAX_EBT":-0.124548511645,"OCF_SALES":25.32349667786,"TOTAL_PARENT_EQUITY":851013252.04,"DEBT_ASSET_RATIO":63.5751391606,"OPERATE_PROFIT":-3456677.98,"PRETAX_PROFIT":-41197923.06,"NETCASH_OPERATE":90676650.89,"NETCASH_INVEST":-278791.94,"NETCASH_FINANCE":-87457715.73,"END_CASH":22328155.71,"DIVI_RATIO":null,"DIVIDEND_RATE":null,"CURRENT_RATIO":1.104284235061,"COMMON_ACS":16000000000,"CURRENTDEBT_DEBT":70.906980614077,"ISSUED_COMMON_SHARES":7560191876,"HK_COMMON_SHARES":7560191876,"PER_SHARES":8000,"TOTAL_MARKET_CAP":529213431.32,"HKSK_MARKET_CAP":529213431.32,"PE_TTM":-3.084731382906,"PB_TTM":0.978564275027,"REPORT_DATE_SQ":"2021-06-30 00:00:00","REPORT_TYPE_SQ":"2021年中报","OPERATE_INCOME_SQ":335445563.28,"DPS_HKD":null,"OPERATE_INCOME_QOQ_SQ":-2.540875401414,"NET_PROFIT_RATIO_SQ":-1.1030880015,"HOLDER_PROFIT_SQ":474285.6,"HOLDER_PROFIT_QOQ_SQ":-55.695888909195,"ROE_AVG_SQ":0.043881478436,"PE_TTM_SQ":-2.671328366548,"PB_TTM_SQ":0.847645387747,"ROA_SQ":0.019201992156,"START_DATE":"2022-01-01 00:00:00","FISCAL_YEAR":"12-31","CURRENCY":"HKD","IS_CNY_CODE":0,"DPS_HKD_LY":null,"ORG_TYPE":"一般企业","PREMIUM_INCOME":null,"PREMIUM_INCOME_YOY":null,"NET_INTEREST_INCOME":null,"NET_INTEREST_INCOME_YOY":null,"FEE_COMMISSION_INCOME":null,"FEE_COMMISSION_INCOME_YOY":null,"ACCOUNTS_RECE_TDAYS":3.849249834522,"INVENTORY_TDAYS":0.680020534874,"CURRENT_ASSETS_TDAYS":0.307880661371,"TOTAL_ASSETS_TDAYS":0.151779559933,"PREMIUM_EXPENSE":null,"LOAN_DEPOSIT":null,"LOAN_EQUITY":null,"LOAN_ASSETS":null,"DEPOSIT_EQUITY":null,"DEPOSIT_ASSETS":null,"EQUITY_MULTIPLIER":2.745377681494,"EQUITY_RATIO":1.684857845718},{"SECUCODE":"00039.HK","SECURITY_CODE":"00039","SECURITY_NAME_ABBR":"中国北大荒","ORG_CODE":"10007330","STD_REPORT_DATE":"2021-12-31 00:00:00","REPORT_DATE":"2021-12-31 00:00:00","DATE_TYPE_CODE":"001","REPORT_TYPE":"2021年年报","PER_NETCASH_OPERATE":0.022900086787,"PER_OI":0.12198542723,"BPS":0.122061553878,"BASIC_EPS":-0.022484,"DILUTED_EPS":-0.022484,"OPERATE_INCOME":759374616,"OPERATE_INCOME_YOY":8.1120248634,"GROSS_PROFIT":131696555.2,"GROSS_PROFIT_YOY":8.912802411116,"HOLDER_PROFIT":-139740921.6,"HOLDER_PROFIT_YOY":-1256.557044255,"GROSS_PROFIT_RATIO":17.342765010202,"EPS_TTM":-0.022447887596,"OPERATE_INCOME_QOQ":7.762091161069,"NET_PROFIT_RATIO":-19.0883789036,"ROE_AVG":-14.161107495446,"GROSS_PROFIT_QOQ":12.826619576983,"ROA":-5.818832015424,"HOLDER_PROFIT_QOQ":-2635.9316607401,"ROE_YEARLY":-14.161107495446,"ROIC_YEARLY":-5.833466869334,"TOTAL_ASSETS":2354729697.6,"TOTAL_LIABILITIES":1451775528,"TAX_EBT":-4.20854640569,"OCF_SALES":18.772805331697,"TOTAL_PARENT_EQUITY":922808768,"DEBT_ASSET_RATIO":61.6535957176,"OPERATE_PROFIT":37834440,"PRETAX_PROFIT":-139098288,"NETCASH_OPERATE":142555918.4,"NETCASH_INVEST":-4361896,"NETCASH_FINANCE":-130868326.4,"END_CASH":22429220.8,"DIVI_RATIO":null,"DIVIDEND_RATE":null,"CURRENT_RATIO":1.184862613605,"COMMON_ACS":16000000000,"CURRENTDEBT_DEBT":66.880277981928,"ISSUED_COMMON_SHARES":7560191876,"HK_COMMON_SHARES":7560191876,"PER_SHARES":8000,"TOTAL_MARKET_CAP":529213431.32,"HKSK_MARKET_CAP":529213431.32,"PE_TTM":-3.084731382906,"PB_TTM":0.978564275027,"REPORT_DATE_SQ":"2020-12-31 00:00:00","REPORT_TYPE_SQ":"2020年年报","OPERATE_INCOME_SQ":723048715.8,"DPS_HKD":null,"OPERATE_INCOME_QOQ_SQ":-8.777264462434,"NET_PROFIT_RATIO_SQ":0.6352033244,"HOLDER_PROFIT_SQ":12437755.92,"HOLDER_PROFIT_QOQ_SQ":104.883024566007,"ROE_AVG_SQ":1.175405720976,"PE_TTM_SQ":-2.671328366548,"PB_TTM_SQ":0.847645387747,"ROA_SQ":0.492010817047,"START_DATE":"2021-01-01 00:00:00","FISCAL_YEAR":"12-31","CURRENCY":"HKD","IS_CNY_CODE":0,"DPS_HKD_LY":null,"ORG_TYPE":"一般企业","PREMIUM_INCOME":null,"PREMIUM_INCOME_YOY":null,"NET_INTEREST_INCOME":null,"NET_INTEREST_INCOME_YOY":null,"FEE_COMMISSION_INCOME":null,"FEE_COMMISSION_INCOME_YOY":null,"ACCOUNTS_RECE_TDAYS":7.592765174739,"INVENTORY_TDAYS":1.780109907946,"CURRENT_ASSETS_TDAYS":0.665648969851,"TOTAL_ASSETS_TDAYS":0.316204679108,"PREMIUM_EXPENSE":null,"LOAN_DEPOSIT":null,"LOAN_EQUITY":null,"LOAN_ASSETS":null,"DEPOSIT_EQUITY":null,"DEPOSIT_ASSETS":null,"EQUITY_MULTIPLIER":2.607806438996,"EQUITY_RATIO":1.573213842719},{"SECUCODE":"00039.HK","SECURITY_CODE":"00039","SECURITY_NAME_ABBR":"中国北大荒","ORG_CODE":"10007330","STD_REPORT_DATE":"2021-06-30 00:00:00","REPORT_DATE":"2021-06-30 00:00:00","DATE_TYPE_CODE":"002","REPORT_TYPE":"2021年中报","PER_NETCASH_OPERATE":0.016343325237,"PER_OI":0.053885749519,"BPS":0.144477559638,"BASIC_EPS":0.000083208,"DILUTED_EPS":0.000083208,"OPERATE_INCOME":335445563.28,"OPERATE_INCOME_YOY":4.0777496089,"GROSS_PROFIT":62133077.76,"GROSS_PROFIT_YOY":-6.323973392905,"HOLDER_PROFIT":474285.6,"HOLDER_PROFIT_YOY":-92.965568308,"GROSS_PROFIT_RATIO":18.522551663066,"EPS_TTM":0.000885192923,"OPERATE_INCOME_QOQ":-2.540875401414,"NET_PROFIT_RATIO":-1.1030880015,"ROE_AVG":0.043881478436,"GROSS_PROFIT_QOQ":-3.468877451563,"ROA":0.019201992156,"HOLDER_PROFIT_QOQ":-55.695888909195,"ROE_YEARLY":0.087762956873,"ROIC_YEARLY":0.038509025131,"TOTAL_ASSETS":2448273916.32,"TOTAL_LIABILITIES":1372545914.88,"TAX_EBT":26.580815585273,"OCF_SALES":30.329586918721,"TOTAL_PARENT_EQUITY":1092278072.64,"DEBT_ASSET_RATIO":56.0617791061,"OPERATE_PROFIT":36802066.32,"PRETAX_PROFIT":-5039908.56,"NETCASH_OPERATE":101739253.68,"NETCASH_INVEST":10832849.52,"NETCASH_FINANCE":-117196803.84,"END_CASH":20381799.6,"DIVI_RATIO":null,"DIVIDEND_RATE":null,"CURRENT_RATIO":1.41251477172,"COMMON_ACS":16000000000,"CURRENTDEBT_DEBT":60.3800705168,"ISSUED_COMMON_SHARES":7560191876,"HK_COMMON_SHARES":7560191876,"PER_SHARES":8000,"TOTAL_MARKET_CAP":529213431.32,"HKSK_MARKET_CAP":529213431.32,"PE_TTM":-3.084731382906,"PB_TTM":0.978564275027,"REPORT_DATE_SQ":"2020-06-30 00:00:00","REPORT_TYPE_SQ":"2020年中报","OPERATE_INCOME_SQ":353817330.24,"DPS_HKD":null,"OPERATE_INCOME_QOQ_SQ":13.541765565889,"NET_PROFIT_RATIO_SQ":0.5271772524,"HOLDER_PROFIT_SQ":7401604.32,"HOLDER_PROFIT_QOQ_SQ":2.30972571567,"ROE_AVG_SQ":0.65988539347,"PE_TTM_SQ":-2.671328366548,"PB_TTM_SQ":0.847645387747,"ROA_SQ":0.273499138459,"START_DATE":"2021-01-01 00:00:00","FISCAL_YEAR":"12-31","CURRENCY":"HKD","IS_CNY_CODE":0,"DPS_HKD_LY":null,"ORG_TYPE":"一般企业","PREMIUM_INCOME":null,"PREMIUM_INCOME_YOY":null,"NET_INTEREST_INCOME":null,"NET_INTEREST_INCOME_YOY":null,"FEE_COMMISSION_INCOME":null,"FEE_COMMISSION_INCOME_YOY":null,"ACCOUNTS_RECE_TDAYS":3.913914292926,"INVENTORY_TDAYS":0.897797250868,"CURRENT_ASSETS_TDAYS":0.288951851512,"TOTAL_ASSETS_TDAYS":0.135808952979,"PREMIUM_EXPENSE":null,"LOAN_DEPOSIT":null,"LOAN_EQUITY":null,"LOAN_ASSETS":null,"DEPOSIT_EQUITY":null,"DEPOSIT_ASSETS":null,"EQUITY_MULTIPLIER":2.275922829044,"EQUITY_RATIO":1.256590193706},{"SECUCODE":"00039.HK","SECURITY_CODE":"00039","SECURITY_NAME_ABBR":"中国北大荒","ORG_CODE":"10007330","STD_REPORT_DATE":"2020-12-31 00:00:00","REPORT_DATE":"2020-12-31 00:00:00","DATE_TYPE_CODE":"001","REPORT_TYPE":"2020年年报","PER_NETCASH_OPERATE":0.019964784946,"PER_OI":0.11615005907,"BPS":0.143075057366,"BASIC_EPS":0.002019936,"DILUTED_EPS":0.002019936,"OPERATE_INCOME":723048715.8,"OPERATE_INCOME_YOY":10.2386100436,"GROSS_PROFIT":120919260.44,"GROSS_PROFIT_YOY":19.530049973902,"HOLDER_PROFIT":12437755.92,"HOLDER_PROFIT_YOY":105.0770943272,"GROSS_PROFIT_RATIO":16.723528829757,"EPS_TTM":0.00199799274,"OPERATE_INCOME_QOQ":-8.777264462434,"NET_PROFIT_RATIO":0.6352033244,"ROE_AVG":1.175405720976,"GROSS_PROFIT_QOQ":2.672035082956,"ROA":0.492010817047,"HOLDER_PROFIT_QOQ":104.883024566007,"ROE_YEARLY":1.175405720976,"ROIC_YEARLY":0.499621176392,"TOTAL_ASSETS":2520316229.2,"TOTAL_LIABILITIES":1450867005.48,"TAX_EBT":28.954563207916,"OCF_SALES":17.188785873506,"TOTAL_PARENT_EQUITY":1081674886.36,"DEBT_ASSET_RATIO":57.5668635813,"OPERATE_PROFIT":41828666.36,"PRETAX_PROFIT":6464636.84,"NETCASH_OPERATE":103574743.32,"NETCASH_INVEST":27823776.76,"NETCASH_FINANCE":-190051570.04,"END_CASH":21979428.6,"DIVI_RATIO":null,"DIVIDEND_RATE":null,"CURRENT_RATIO":1.365716615352,"COMMON_ACS":16000000000,"CURRENTDEBT_DEBT":58.765489248818,"ISSUED_COMMON_SHARES":7560191876,"HK_COMMON_SHARES":7560191876,"PER_SHARES":8000,"TOTAL_MARKET_CAP":529213431.32,"HKSK_MARKET_CAP":529213431.32,"PE_TTM":-3.084731382906,"PB_TTM":0.978564275027,"REPORT_DATE_SQ":"2019-12-31 00:00:00","REPORT_TYPE_SQ":"2019年年报","OPERATE_INCOME_SQ":698085832.9,"DPS_HKD":null,"OPERATE_INCOME_QOQ_SQ":-23.978317890937,"NET_PROFIT_RATIO_SQ":-43.7452601998,"HOLDER_PROFIT_SQ":-260736476.16,"HOLDER_PROFIT_QOQ_SQ":-11926.6616786912,"ROE_AVG_SQ":-21.654355503347,"PE_TTM_SQ":-2.671328366548,"PB_TTM_SQ":0.847645387747,"ROA_SQ":-10.46904088462,"START_DATE":"2020-01-01 00:00:00","FISCAL_YEAR":"12-31","CURRENCY":"HKD","IS_CNY_CODE":0,"DPS_HKD_LY":null,"ORG_TYPE":"一般企业","PREMIUM_INCOME":null,"PREMIUM_INCOME_YOY":null,"NET_INTEREST_INCOME":null,"NET_INTEREST_INCOME_YOY":null,"FEE_COMMISSION_INCOME":null,"FEE_COMMISSION_INCOME_YOY":null,"ACCOUNTS_RECE_TDAYS":8.396077051632,"INVENTORY_TDAYS":2.365773165876,"CURRENT_ASSETS_TDAYS":0.615737852259,"TOTAL_ASSETS_TDAYS":0.286022488071,"PREMIUM_EXPENSE":null,"LOAN_DEPOSIT":null,"LOAN_EQUITY":null,"LOAN_ASSETS":null,"DEPOSIT_EQUITY":null,"DEPOSIT_ASSETS":null,"EQUITY_MULTIPLIER":2.356648799496,"EQUITY_RATIO":1.341315236006},{"SECUCODE":"00039.HK","SECURITY_CODE":"00039","SECURITY_NAME_ABBR":"中国北大荒","ORG_CODE":"10007330","STD_REPORT_DATE":"2020-06-30 00:00:00","REPORT_DATE":"2020-06-30 00:00:00","DATE_TYPE_CODE":"002","REPORT_TYPE":"2020年中报","PER_NETCASH_OPERATE":0.010420929418,"PER_OI":0.056836977799,"BPS":0.1481939043,"BASIC_EPS":0.001278816,"DILUTED_EPS":0.001278816,"OPERATE_INCOME":353817330.24,"OPERATE_INCOME_YOY":31.4128683144,"GROSS_PROFIT":66327618.72,"GROSS_PROFIT_YOY":33.408988781258,"HOLDER_PROFIT":7401604.32,"HOLDER_PROFIT_YOY":416.7729591837,"GROSS_PROFIT_RATIO":18.746288847697,"EPS_TTM":-0.040917114238,"OPERATE_INCOME_QOQ":13.541765565889,"NET_PROFIT_RATIO":0.5271772524,"ROE_AVG":0.65988539347,"GROSS_PROFIT_QOQ":16.419285813634,"ROA":0.273499138459,"HOLDER_PROFIT_QOQ":2.30972571567,"ROE_YEARLY":1.31977078694,"ROIC_YEARLY":0.558936000517,"TOTAL_ASSETS":2660645196,"TOTAL_LIABILITIES":1545021646.08,"TAX_EBT":-150.245098039216,"OCF_SALES":18.334770463617,"TOTAL_PARENT_EQUITY":1120374351.36,"DEBT_ASSET_RATIO":58.0694355039,"OPERATE_PROFIT":3370593.6,"PRETAX_PROFIT":745367.04,"NETCASH_OPERATE":64871595.36,"NETCASH_INVEST":-1099781.76,"NETCASH_FINANCE":-100378835.04,"END_CASH":47354556.48,"DIVI_RATIO":null,"DIVIDEND_RATE":null,"CURRENT_RATIO":1.349339562267,"COMMON_ACS":16000000000,"CURRENTDEBT_DEBT":62.542212752271,"ISSUED_COMMON_SHARES":7560191876,"HK_COMMON_SHARES":7560191876,"PER_SHARES":8000,"TOTAL_MARKET_CAP":529213431.32,"HKSK_MARKET_CAP":529213431.32,"PE_TTM":-3.084731382906,"PB_TTM":0.978564275027,"REPORT_DATE_SQ":"2019-06-30 00:00:00","REPORT_TYPE_SQ":"2019年中报","OPERATE_INCOME_SQ":259284183.3,"DPS_HKD":null,"OPERATE_INCOME_QOQ_SQ":-17.292765372047,"NET_PROFIT_RATIO_SQ":0.1974521213,"HOLDER_PROFIT_SQ":1379306.88,"HOLDER_PROFIT_QOQ_SQ":-153.210886697936,"ROE_AVG_SQ":0.103481478597,"PE_TTM_SQ":-2.671328366548,"PB_TTM_SQ":0.847645387747,"ROA_SQ":0.051573060575,"START_DATE":"2020-01-01 00:00:00","FISCAL_YEAR":"12-31","CURRENCY":"HKD","IS_CNY_CODE":0,"DPS_HKD_LY":null,"ORG_TYPE":"一般企业","PREMIUM_INCOME":null,"PREMIUM_INCOME_YOY":null,"NET_INTEREST_INCOME":null,"NET_INTEREST_INCOME_YOY":null,"FEE_COMMISSION_INCOME":null,"FEE_COMMISSION_INCOME_YOY":null,"ACCOUNTS_RECE_TDAYS":3.789114315341,"INVENTORY_TDAYS":1.247176117913,"CURRENT_ASSETS_TDAYS":0.273322438427,"TOTAL_ASSETS_TDAYS":0.130740216322,"PREMIUM_EXPENSE":null,"LOAN_DEPOSIT":null,"LOAN_EQUITY":null,"LOAN_ASSETS":null,"DEPOSIT_EQUITY":null,"DEPOSIT_ASSETS":null,"EQUITY_MULTIPLIER":2.384895152301,"EQUITY_RATIO":1.379022684877}],"count":45},"success":true,"message":"ok","code":0}