{"version":"35d5f23d59f50b193d890ce1797bd722","result":{"pages":6,"data":[{"SECUCODE":"00036.HK","SECURITY_CODE":"00036","SECURITY_NAME_ABBR":"远东控股国际","ORG_CODE":"10007328","STD_REPORT_DATE":"2024-06-30 00:00:00","REPORT_DATE":"2024-06-30 00:00:00","DATE_TYPE_CODE":"002","REPORT_TYPE":"2024年中报","PER_NETCASH_OPERATE":0.011042309292,"PER_OI":0.005653139446,"BPS":0.213055591556,"BASIC_EPS":-0.22862634,"DILUTED_EPS":null,"OPERATE_INCOME":6156939.28,"OPERATE_INCOME_YOY":67.6441351889,"GROSS_PROFIT":5500722.36,"GROSS_PROFIT_YOY":213.845646035973,"HOLDER_PROFIT":-249041166.24,"HOLDER_PROFIT_YOY":-2024.9746904447,"GROSS_PROFIT_RATIO":89.341832196857,"EPS_TTM":-0.278409583886,"OPERATE_INCOME_QOQ":29.171433412646,"NET_PROFIT_RATIO":-7514.2306552031,"ROE_AVG":-128.283507359889,"GROSS_PROFIT_QOQ":65.65968250421,"ROA":-24.545221486109,"HOLDER_PROFIT_QOQ":-359.293387816745,"ROE_YEARLY":-256.567014719779,"ROIC_YEARLY":-61.858628862509,"TOTAL_ASSETS":791757201.44,"TOTAL_LIABILITIES":620744699.12,"TAX_EBT":null,"OCF_SALES":195.330566261488,"TOTAL_PARENT_EQUITY":69612841.64,"DEBT_ASSET_RATIO":78.4008908275,"OPERATE_PROFIT":-441188599.32,"PRETAX_PROFIT":-462646618.8,"NETCASH_OPERATE":12026384.36,"NETCASH_INVEST":null,"NETCASH_FINANCE":-12625102.44,"END_CASH":925457.52,"DIVI_RATIO":null,"DIVIDEND_RATE":null,"CURRENT_RATIO":0.007107422949,"COMMON_ACS":null,"CURRENTDEBT_DEBT":100,"ISSUED_COMMON_SHARES":326735577,"HK_COMMON_SHARES":326735577,"PER_SHARES":6000,"TOTAL_MARKET_CAP":122525841.375,"HKSK_MARKET_CAP":122525841.375,"PE_TTM":-0.368080321845,"PB_TTM":1.606411723349,"REPORT_DATE_SQ":"2023-06-30 00:00:00","REPORT_TYPE_SQ":"2023年中报","OPERATE_INCOME_SQ":3710047.52,"DPS_HKD":null,"OPERATE_INCOME_QOQ_SQ":41.839536737225,"NET_PROFIT_RATIO_SQ":-436.4811133201,"HOLDER_PROFIT_SQ":-11839145.18,"HOLDER_PROFIT_QOQ_SQ":-3.841888882461,"ROE_AVG_SQ":-3.089961655215,"PE_TTM_SQ":-0.848980577618,"PB_TTM_SQ":0.146404438985,"ROA_SQ":-0.889972235583,"START_DATE":"2024-01-01 00:00:00","FISCAL_YEAR":"12-31","CURRENCY":"HKD","IS_CNY_CODE":0,"DPS_HKD_LY":null,"ORG_TYPE":"一般企业","PREMIUM_INCOME":null,"PREMIUM_INCOME_YOY":null,"NET_INTEREST_INCOME":null,"NET_INTEREST_INCOME_YOY":null,"FEE_COMMISSION_INCOME":null,"FEE_COMMISSION_INCOME_YOY":null,"ACCOUNTS_RECE_TDAYS":8.323257248612,"INVENTORY_TDAYS":null,"CURRENT_ASSETS_TDAYS":1.066898624071,"TOTAL_ASSETS_TDAYS":0.006068211155,"PREMIUM_EXPENSE":null,"LOAN_DEPOSIT":null,"LOAN_EQUITY":null,"LOAN_ASSETS":null,"DEPOSIT_EQUITY":null,"DEPOSIT_ASSETS":null,"EQUITY_MULTIPLIER":4.629820572754,"EQUITY_RATIO":8.917100415612},{"SECUCODE":"00036.HK","SECURITY_CODE":"00036","SECURITY_NAME_ABBR":"远东控股国际","ORG_CODE":"10007328","STD_REPORT_DATE":"2023-12-31 00:00:00","REPORT_DATE":"2023-12-31 00:00:00","DATE_TYPE_CODE":"001","REPORT_TYPE":"2023年年报","PER_NETCASH_OPERATE":0.004309276703,"PER_OI":0.007701615209,"BPS":0.968362735167,"BASIC_EPS":-0.060626118,"DILUTED_EPS":null,"OPERATE_INCOME":8387972.32,"OPERATE_INCOME_YOY":97.1039182283,"GROSS_PROFIT":5708279.78,"GROSS_PROFIT_YOY":283.572537235253,"HOLDER_PROFIT":-66019033.22,"HOLDER_PROFIT_YOY":-5.8896204887,"GROSS_PROFIT_RATIO":68.053154710458,"EPS_TTM":-0.060616937076,"OPERATE_INCOME_QOQ":40.977189267594,"NET_PROFIT_RATIO":-1324.3517718237,"ROE_AVG":-18.894535702661,"GROSS_PROFIT_QOQ":292.258258370187,"ROA":-5.208019453491,"HOLDER_PROFIT_QOQ":-3.45028857235,"ROE_YEARLY":-18.894535702661,"ROIC_YEARLY":-7.089438584506,"TOTAL_ASSETS":1228727386.04,"TOTAL_LIABILITIES":599553339.56,"TAX_EBT":-0.364344956893,"OCF_SALES":55.952895419188,"TOTAL_PARENT_EQUITY":316398557.02,"DEBT_ASSET_RATIO":48.7946591223,"OPERATE_PROFIT":-73710122.36,"PRETAX_PROFIT":-110682992.14,"NETCASH_OPERATE":4693313.38,"NETCASH_INVEST":68872.72,"NETCASH_FINANCE":-3939338.34,"END_CASH":1513387.4,"DIVI_RATIO":null,"DIVIDEND_RATE":null,"CURRENT_RATIO":0.01180777451,"COMMON_ACS":null,"CURRENTDEBT_DEBT":100,"ISSUED_COMMON_SHARES":326735577,"HK_COMMON_SHARES":326735577,"PER_SHARES":6000,"TOTAL_MARKET_CAP":109456418.295,"HKSK_MARKET_CAP":109456418.295,"PE_TTM":-0.328818420848,"PB_TTM":1.435061139525,"REPORT_DATE_SQ":"2022-12-31 00:00:00","REPORT_TYPE_SQ":"2022年年报","OPERATE_INCOME_SQ":4194795.92,"DPS_HKD":null,"OPERATE_INCOME_QOQ_SQ":-39.505031206813,"NET_PROFIT_RATIO_SQ":-2299.4037478705,"HOLDER_PROFIT_SQ":-61456082.73,"HOLDER_PROFIT_QOQ_SQ":71.874271015762,"ROE_AVG_SQ":-15.074557698818,"PE_TTM_SQ":-0.987904672137,"PB_TTM_SQ":0.170361529,"ROA_SQ":-4.603095961561,"START_DATE":"2023-01-01 00:00:00","FISCAL_YEAR":"12-31","CURRENCY":"HKD","IS_CNY_CODE":0,"DPS_HKD_LY":null,"ORG_TYPE":"一般企业","PREMIUM_INCOME":null,"PREMIUM_INCOME_YOY":null,"NET_INTEREST_INCOME":null,"NET_INTEREST_INCOME_YOY":null,"FEE_COMMISSION_INCOME":null,"FEE_COMMISSION_INCOME_YOY":null,"ACCOUNTS_RECE_TDAYS":6.180968280467,"INVENTORY_TDAYS":null,"CURRENT_ASSETS_TDAYS":1.249713089854,"TOTAL_ASSETS_TDAYS":0.006616989206,"PREMIUM_EXPENSE":null,"LOAN_DEPOSIT":null,"LOAN_EQUITY":null,"LOAN_ASSETS":null,"DEPOSIT_EQUITY":null,"DEPOSIT_ASSETS":null,"EQUITY_MULTIPLIER":1.952921282935,"EQUITY_RATIO":1.89493070135},{"SECUCODE":"00036.HK","SECURITY_CODE":"00036","SECURITY_NAME_ABBR":"远东控股国际","ORG_CODE":"10007328","STD_REPORT_DATE":"2023-06-30 00:00:00","REPORT_DATE":"2023-06-30 00:00:00","DATE_TYPE_CODE":"002","REPORT_TYPE":"2023年中报","PER_NETCASH_OPERATE":0.001583025587,"PER_OI":0.003406467894,"BPS":1.154539222339,"BASIC_EPS":-0.010879364,"DILUTED_EPS":null,"OPERATE_INCOME":3710047.52,"OPERATE_INCOME_YOY":76.0279965004,"GROSS_PROFIT":1752683.98,"GROSS_PROFIT_YOY":-1.84543359973,"HOLDER_PROFIT":-11839145.18,"HOLDER_PROFIT_YOY":-15.8621311919,"GROSS_PROFIT_RATIO":47.241550695825,"EPS_TTM":-0.058595232466,"OPERATE_INCOME_QOQ":41.839536737225,"NET_PROFIT_RATIO":-436.4811133201,"ROE_AVG":-3.089961655215,"GROSS_PROFIT_QOQ":-2.214286366085,"ROA":-0.889972235583,"HOLDER_PROFIT_QOQ":-3.841888882461,"ROE_YEARLY":-6.179923310429,"ROIC_YEARLY":-2.452767839918,"TOTAL_ASSETS":1331286567.14,"TOTAL_LIABILITIES":594346109.18,"TAX_EBT":-2.068805206881,"OCF_SALES":46.471172962227,"TOTAL_PARENT_EQUITY":377229038.98,"DEBT_ASSET_RATIO":44.6444908144,"OPERATE_PROFIT":528294.54,"PRETAX_PROFIT":-15865431.84,"NETCASH_OPERATE":1724102.6,"NETCASH_INVEST":41489.1,"NETCASH_FINANCE":2876577.6,"END_CASH":5344718.06,"DIVI_RATIO":null,"DIVIDEND_RATE":null,"CURRENT_RATIO":0.014544529436,"COMMON_ACS":null,"CURRENTDEBT_DEBT":100,"ISSUED_COMMON_SHARES":326735577,"HK_COMMON_SHARES":326735577,"PER_SHARES":6000,"TOTAL_MARKET_CAP":109456418.295,"HKSK_MARKET_CAP":109456418.295,"PE_TTM":-0.328818420848,"PB_TTM":1.435061139525,"REPORT_DATE_SQ":"2022-06-30 00:00:00","REPORT_TYPE_SQ":"2022年中报","OPERATE_INCOME_SQ":1954964.34,"DPS_HKD":null,"OPERATE_INCOME_QOQ_SQ":-65.836572149863,"NET_PROFIT_RATIO_SQ":-572.6159230096,"HOLDER_PROFIT_SQ":-9478070.77,"HOLDER_PROFIT_QOQ_SQ":-11.048496376986,"ROE_AVG_SQ":-2.283979684678,"PE_TTM_SQ":-0.987904672137,"PB_TTM_SQ":0.170361529,"ROA_SQ":-0.719766230215,"START_DATE":"2023-01-01 00:00:00","FISCAL_YEAR":"12-31","CURRENCY":"HKD","IS_CNY_CODE":0,"DPS_HKD_LY":null,"ORG_TYPE":"一般企业","PREMIUM_INCOME":null,"PREMIUM_INCOME_YOY":null,"NET_INTEREST_INCOME":null,"NET_INTEREST_INCOME_YOY":null,"FEE_COMMISSION_INCOME":null,"FEE_COMMISSION_INCOME_YOY":null,"ACCOUNTS_RECE_TDAYS":2.806136680614,"INVENTORY_TDAYS":null,"CURRENT_ASSETS_TDAYS":0.491420895158,"TOTAL_ASSETS_TDAYS":0.002788916966,"PREMIUM_EXPENSE":null,"LOAN_DEPOSIT":null,"LOAN_EQUITY":null,"LOAN_ASSETS":null,"DEPOSIT_EQUITY":null,"DEPOSIT_ASSETS":null,"EQUITY_MULTIPLIER":1.806504925548,"EQUITY_RATIO":1.575557679194},{"SECUCODE":"00036.HK","SECURITY_CODE":"00036","SECURITY_NAME_ABBR":"远东控股国际","ORG_CODE":"10007328","STD_REPORT_DATE":"2022-12-31 00:00:00","REPORT_DATE":"2022-12-31 00:00:00","DATE_TYPE_CODE":"001","REPORT_TYPE":"2022年年报","PER_NETCASH_OPERATE":-0.00174697697,"PER_OI":0.003851551105,"BPS":1.153693752303,"BASIC_EPS":-0.056454664,"DILUTED_EPS":null,"OPERATE_INCOME":4194795.92,"OPERATE_INCOME_YOY":-81.0835850957,"GROSS_PROFIT":1488187.82,"GROSS_PROFIT_YOY":-92.391461847629,"HOLDER_PROFIT":-61456082.73,"HOLDER_PROFIT_YOY":71.4126035685,"GROSS_PROFIT_RATIO":35.477001703578,"EPS_TTM":-0.056427356144,"OPERATE_INCOME_QOQ":-39.505031206813,"NET_PROFIT_RATIO":-2299.4037478705,"ROE_AVG":-15.074557698818,"GROSS_PROFIT_QOQ":-76.335126119894,"ROA":-4.603095961561,"HOLDER_PROFIT_QOQ":71.874271015762,"ROE_YEARLY":-15.074557698818,"ROIC_YEARLY":-6.405353016425,"TOTAL_ASSETS":1287885421.55,"TOTAL_LIABILITIES":558203529.73,"TAX_EBT":-0.216247320111,"OCF_SALES":-45.357751277683,"TOTAL_PARENT_EQUITY":376952793.84,"DEBT_ASSET_RATIO":43.342639057,"OPERATE_PROFIT":-77936914.23,"PRETAX_PROFIT":-96247162.69,"NETCASH_OPERATE":-1902665.1,"NETCASH_INVEST":11246269.3,"NETCASH_FINANCE":-18029761.68,"END_CASH":680671.74,"DIVI_RATIO":null,"DIVIDEND_RATE":null,"CURRENT_RATIO":0.011203410471,"COMMON_ACS":null,"CURRENTDEBT_DEBT":100,"ISSUED_COMMON_SHARES":326735577,"HK_COMMON_SHARES":326735577,"PER_SHARES":6000,"TOTAL_MARKET_CAP":109456418.295,"HKSK_MARKET_CAP":109456418.295,"PE_TTM":-0.328818420848,"PB_TTM":1.435061139525,"REPORT_DATE_SQ":"2021-12-31 00:00:00","REPORT_TYPE_SQ":"2021年年报","OPERATE_INCOME_SQ":20296920,"DPS_HKD":null,"OPERATE_INCOME_QOQ_SQ":-19.567630525242,"NET_PROFIT_RATIO_SQ":-1077.5468277946,"HOLDER_PROFIT_SQ":-196765251.2,"HOLDER_PROFIT_QOQ_SQ":-331.240118759142,"ROE_AVG_SQ":-39.380352859167,"PE_TTM_SQ":-0.987904672137,"PB_TTM_SQ":0.170361529,"ROA_SQ":-14.067384467904,"START_DATE":"2022-01-01 00:00:00","FISCAL_YEAR":"12-31","CURRENCY":"HKD","IS_CNY_CODE":0,"DPS_HKD_LY":null,"ORG_TYPE":"一般企业","PREMIUM_INCOME":null,"PREMIUM_INCOME_YOY":null,"NET_INTEREST_INCOME":null,"NET_INTEREST_INCOME_YOY":null,"FEE_COMMISSION_INCOME":null,"FEE_COMMISSION_INCOME_YOY":null,"ACCOUNTS_RECE_TDAYS":3.349500713267,"INVENTORY_TDAYS":null,"CURRENT_ASSETS_TDAYS":0.238393786329,"TOTAL_ASSETS_TDAYS":0.003141926283,"PREMIUM_EXPENSE":null,"LOAN_DEPOSIT":null,"LOAN_EQUITY":null,"LOAN_ASSETS":null,"DEPOSIT_EQUITY":null,"DEPOSIT_ASSETS":null,"EQUITY_MULTIPLIER":1.764995727574,"EQUITY_RATIO":1.480831390169},{"SECUCODE":"00036.HK","SECURITY_CODE":"00036","SECURITY_NAME_ABBR":"远东控股国际","ORG_CODE":"10007328","STD_REPORT_DATE":"2022-06-30 00:00:00","REPORT_DATE":"2022-06-30 00:00:00","DATE_TYPE_CODE":"002","REPORT_TYPE":"2022年中报","PER_NETCASH_OPERATE":-0.001898644861,"PER_OI":0.001794996755,"BPS":1.255576415298,"BASIC_EPS":-0.008722938,"DILUTED_EPS":null,"OPERATE_INCOME":1954964.34,"OPERATE_INCOME_YOY":-87.5821608996,"GROSS_PROFIT":1785636.72,"GROSS_PROFIT_YOY":-88.14041649395,"HOLDER_PROFIT":-9478070.77,"HOLDER_PROFIT_YOY":-175.210369164,"GROSS_PROFIT_RATIO":91.338582677165,"EPS_TTM":-0.200625399524,"OPERATE_INCOME_QOQ":-65.836572149863,"NET_PROFIT_RATIO":-572.6159230096,"ROE_AVG":-2.283979684678,"GROSS_PROFIT_QOQ":-67.848811741323,"ROA":-0.719766230215,"HOLDER_PROFIT_QOQ":-11.048496376986,"ROE_YEARLY":-4.567959369355,"ROIC_YEARLY":-2.017638636424,"TOTAL_ASSETS":1310259689.13,"TOTAL_LIABILITIES":530535075.49,"TAX_EBT":null,"OCF_SALES":-105.774278215223,"TOTAL_PARENT_EQUITY":410241484.52,"DEBT_ASSET_RATIO":40.4908339844,"OPERATE_PROFIT":-4272529.24,"PRETAX_PROFIT":-11194437.1,"NETCASH_OPERATE":-2067849.42,"NETCASH_INVEST":7358909.95,"NETCASH_FINANCE":-10068151.87,"END_CASH":4190431,"DIVI_RATIO":null,"DIVIDEND_RATE":null,"CURRENT_RATIO":0.027862359781,"COMMON_ACS":null,"CURRENTDEBT_DEBT":100,"ISSUED_COMMON_SHARES":326735577,"HK_COMMON_SHARES":326735577,"PER_SHARES":6000,"TOTAL_MARKET_CAP":109456418.295,"HKSK_MARKET_CAP":109456418.295,"PE_TTM":-0.328818420848,"PB_TTM":1.435061139525,"REPORT_DATE_SQ":"2021-06-30 00:00:00","REPORT_TYPE_SQ":"2021年中报","OPERATE_INCOME_SQ":15317760.72,"DPS_HKD":null,"OPERATE_INCOME_QOQ_SQ":-19.515609972287,"NET_PROFIT_RATIO_SQ":115.5195828128,"HOLDER_PROFIT_SQ":12261530.88,"HOLDER_PROFIT_QOQ_SQ":8.20084962651,"ROE_AVG_SQ":1.994529121397,"PE_TTM_SQ":-0.987904672137,"PB_TTM_SQ":0.170361529,"ROA_SQ":0.784137185695,"START_DATE":"2022-01-01 00:00:00","FISCAL_YEAR":"12-31","CURRENCY":"HKD","IS_CNY_CODE":0,"DPS_HKD_LY":null,"ORG_TYPE":"一般企业","PREMIUM_INCOME":null,"PREMIUM_INCOME_YOY":null,"NET_INTEREST_INCOME":null,"NET_INTEREST_INCOME_YOY":null,"FEE_COMMISSION_INCOME":null,"FEE_COMMISSION_INCOME_YOY":null,"ACCOUNTS_RECE_TDAYS":1.59136790811,"INVENTORY_TDAYS":null,"CURRENT_ASSETS_TDAYS":0.092027133109,"TOTAL_ASSETS_TDAYS":0.001484603088,"PREMIUM_EXPENSE":null,"LOAN_DEPOSIT":null,"LOAN_EQUITY":null,"LOAN_ASSETS":null,"DEPOSIT_EQUITY":null,"DEPOSIT_ASSETS":null,"EQUITY_MULTIPLIER":1.680413400077,"EQUITY_RATIO":1.293226295997},{"SECUCODE":"00036.HK","SECURITY_CODE":"00036","SECURITY_NAME_ABBR":"远东控股国际","ORG_CODE":"10007328","STD_REPORT_DATE":"2021-12-31 00:00:00","REPORT_DATE":"2021-12-31 00:00:00","DATE_TYPE_CODE":"001","REPORT_TYPE":"2021年年报","PER_NETCASH_OPERATE":-0.004645324056,"PER_OI":0.018636097235,"BPS":1.228120687941,"BASIC_EPS":-0.1806896,"DILUTED_EPS":null,"OPERATE_INCOME":20296920,"OPERATE_INCOME_YOY":-33.3610715915,"GROSS_PROFIT":19559444.8,"GROSS_PROFIT_YOY":-34.278779945294,"HOLDER_PROFIT":-196765251.2,"HOLDER_PROFIT_YOY":-357.560547523,"GROSS_PROFIT_RATIO":96.366565961732,"EPS_TTM":-0.180664670004,"OPERATE_INCOME_QOQ":-19.567630525242,"NET_PROFIT_RATIO":-1077.5468277946,"ROE_AVG":-39.380352859167,"GROSS_PROFIT_QOQ":-16.964695879516,"ROA":-14.067384467904,"HOLDER_PROFIT_QOQ":-331.240118759142,"ROE_YEARLY":-39.380352859167,"ROIC_YEARLY":-19.248902331389,"TOTAL_ASSETS":1265222918.4,"TOTAL_LIABILITIES":509068828.8,"TAX_EBT":-0.000747666346,"OCF_SALES":-24.926485397785,"TOTAL_PARENT_EQUITY":401270721.6,"DEBT_ASSET_RATIO":40.2355048582,"OPERATE_PROFIT":-205668915.2,"PRETAX_PROFIT":-218707182.4,"NETCASH_OPERATE":-5059308.8,"NETCASH_INVEST":49838443.2,"NETCASH_FINANCE":-48133747.2,"END_CASH":8573353.6,"DIVI_RATIO":null,"DIVIDEND_RATE":null,"CURRENT_RATIO":0.052030232655,"COMMON_ACS":null,"CURRENTDEBT_DEBT":100,"ISSUED_COMMON_SHARES":326735577,"HK_COMMON_SHARES":326735577,"PER_SHARES":6000,"TOTAL_MARKET_CAP":109456418.295,"HKSK_MARKET_CAP":109456418.295,"PE_TTM":-0.328818420848,"PB_TTM":1.435061139525,"REPORT_DATE_SQ":"2020-12-31 00:00:00","REPORT_TYPE_SQ":"2020年年报","OPERATE_INCOME_SQ":31353614.92,"DPS_HKD":null,"OPERATE_INCOME_QOQ_SQ":-29.840052433508,"NET_PROFIT_RATIO_SQ":169.7635089791,"HOLDER_PROFIT_SQ":78641999.96,"HOLDER_PROFIT_QOQ_SQ":252.95896656654,"ROE_AVG_SQ":13.584883166428,"PE_TTM_SQ":-0.987904672137,"PB_TTM_SQ":0.170361529,"ROA_SQ":4.963414083519,"START_DATE":"2021-01-01 00:00:00","FISCAL_YEAR":"12-31","CURRENCY":"HKD","IS_CNY_CODE":0,"DPS_HKD_LY":null,"ORG_TYPE":"一般企业","PREMIUM_INCOME":null,"PREMIUM_INCOME_YOY":null,"NET_INTEREST_INCOME":null,"NET_INTEREST_INCOME_YOY":null,"FEE_COMMISSION_INCOME":null,"FEE_COMMISSION_INCOME_YOY":null,"ACCOUNTS_RECE_TDAYS":40.696721311475,"INVENTORY_TDAYS":null,"CURRENT_ASSETS_TDAYS":0.147670289273,"TOTAL_ASSETS_TDAYS":0.014510924841,"PREMIUM_EXPENSE":null,"LOAN_DEPOSIT":null,"LOAN_EQUITY":null,"LOAN_ASSETS":null,"DEPOSIT_EQUITY":null,"DEPOSIT_ASSETS":null,"EQUITY_MULTIPLIER":1.673234246566,"EQUITY_RATIO":1.268641845511},{"SECUCODE":"00036.HK","SECURITY_CODE":"00036","SECURITY_NAME_ABBR":"远东控股国际","ORG_CODE":"10007328","STD_REPORT_DATE":"2021-06-30 00:00:00","REPORT_DATE":"2021-06-30 00:00:00","DATE_TYPE_CODE":"002","REPORT_TYPE":"2021年中报","PER_NETCASH_OPERATE":0.001871021148,"PER_OI":0.014064364357,"BPS":1.900279574146,"BASIC_EPS":0.01123308,"DILUTED_EPS":0.01123308,"OPERATE_INCOME":15317760.72,"OPERATE_INCOME_YOY":-21.557013806,"GROSS_PROFIT":15056487.6,"GROSS_PROFIT_YOY":-29.186405693084,"HOLDER_PROFIT":12261530.88,"HOLDER_PROFIT_YOY":131.588873173,"GROSS_PROFIT_RATIO":98.294312564507,"EPS_TTM":0.078128601116,"OPERATE_INCOME_QOQ":-19.515609972287,"NET_PROFIT_RATIO":115.5195828128,"ROE_AVG":1.994529121397,"GROSS_PROFIT_QOQ":-20.851473056154,"ROA":0.784137185695,"HOLDER_PROFIT_QOQ":8.20084962651,"ROE_YEARLY":3.989058242795,"ROIC_YEARLY":2.096189880436,"TOTAL_ASSETS":1568013156,"TOTAL_LIABILITIES":558190050.96,"TAX_EBT":null,"OCF_SALES":13.303275571731,"TOTAL_PARENT_EQUITY":620888943.12,"DEBT_ASSET_RATIO":35.598556608,"OPERATE_PROFIT":24568826.16,"PRETAX_PROFIT":17695013.28,"NETCASH_OPERATE":2037763.92,"NETCASH_INVEST":3213492.96,"NETCASH_FINANCE":-17045158.8,"END_CASH":345313.2,"DIVI_RATIO":null,"DIVIDEND_RATE":null,"CURRENT_RATIO":0.468256819466,"COMMON_ACS":null,"CURRENTDEBT_DEBT":100,"ISSUED_COMMON_SHARES":326735577,"HK_COMMON_SHARES":326735577,"PER_SHARES":6000,"TOTAL_MARKET_CAP":109456418.295,"HKSK_MARKET_CAP":109456418.295,"PE_TTM":-0.328818420848,"PB_TTM":1.435061139525,"REPORT_DATE_SQ":"2020-06-30 00:00:00","REPORT_TYPE_SQ":"2020年中报","OPERATE_INCOME_SQ":21436609.92,"DPS_HKD":null,"OPERATE_INCOME_QOQ_SQ":25.558363131304,"NET_PROFIT_RATIO_SQ":69.3241861258,"HOLDER_PROFIT_SQ":5812218.72,"HOLDER_PROFIT_QOQ_SQ":56.621707961496,"ROE_AVG_SQ":0.987617146635,"PE_TTM_SQ":-0.987904672137,"PB_TTM_SQ":0.170361529,"ROA_SQ":0.340902241742,"START_DATE":"2021-01-01 00:00:00","FISCAL_YEAR":"12-31","CURRENCY":"HKD","IS_CNY_CODE":0,"DPS_HKD_LY":null,"ORG_TYPE":"一般企业","PREMIUM_INCOME":null,"PREMIUM_INCOME_YOY":null,"NET_INTEREST_INCOME":null,"NET_INTEREST_INCOME_YOY":null,"FEE_COMMISSION_INCOME":null,"FEE_COMMISSION_INCOME_YOY":null,"ACCOUNTS_RECE_TDAYS":null,"INVENTORY_TDAYS":null,"CURRENT_ASSETS_TDAYS":0.059580872239,"TOTAL_ASSETS_TDAYS":0.009795861463,"PREMIUM_EXPENSE":null,"LOAN_DEPOSIT":null,"LOAN_EQUITY":null,"LOAN_ASSETS":null,"DEPOSIT_EQUITY":null,"DEPOSIT_ASSETS":null,"EQUITY_MULTIPLIER":1.552760229166,"EQUITY_RATIO":0.899017541132},{"SECUCODE":"00036.HK","SECURITY_CODE":"00036","SECURITY_NAME_ABBR":"远东控股国际","ORG_CODE":"10007328","STD_REPORT_DATE":"2020-12-31 00:00:00","REPORT_DATE":"2020-12-31 00:00:00","DATE_TYPE_CODE":"001","REPORT_TYPE":"2020年年报","PER_NETCASH_OPERATE":0.030248601697,"PER_OI":0.02878806323,"BPS":1.88415387321,"BASIC_EPS":0.072212712,"DILUTED_EPS":null,"OPERATE_INCOME":31353614.92,"OPERATE_INCOME_YOY":-6.2416631012,"GROSS_PROFIT":29761232.04,"GROSS_PROFIT_YOY":-13.807351235124,"HOLDER_PROFIT":78641999.96,"HOLDER_PROFIT_YOY":170.6191332739,"GROSS_PROFIT_RATIO":94.92121439884,"EPS_TTM":0.072207012593,"OPERATE_INCOME_QOQ":-29.840052433508,"NET_PROFIT_RATIO":169.7635089791,"ROE_AVG":13.584883166428,"GROSS_PROFIT_QOQ":-31.897790342559,"ROA":4.963414083519,"HOLDER_PROFIT_QOQ":252.95896656654,"ROE_YEARLY":13.584883166428,"ROIC_YEARLY":6.822252287312,"TOTAL_ASSETS":1577297324.64,"TOTAL_LIABILITIES":573770395.56,"TAX_EBT":4.02797390895,"OCF_SALES":105.073416906021,"TOTAL_PARENT_EQUITY":615620102.92,"DEBT_ASSET_RATIO":36.3768064902,"OPERATE_PROFIT":68326860.12,"PRETAX_PROFIT":50064113.76,"NETCASH_OPERATE":32944314.52,"NETCASH_INVEST":9606478.96,"NETCASH_FINANCE":-58235596.52,"END_CASH":12278685.96,"DIVI_RATIO":null,"DIVIDEND_RATE":null,"CURRENT_RATIO":0.614374485622,"COMMON_ACS":null,"CURRENTDEBT_DEBT":72.540408285404,"ISSUED_COMMON_SHARES":326735577,"HK_COMMON_SHARES":326735577,"PER_SHARES":6000,"TOTAL_MARKET_CAP":109456418.295,"HKSK_MARKET_CAP":109456418.295,"PE_TTM":-0.328818420848,"PB_TTM":1.435061139525,"REPORT_DATE_SQ":"2019-12-31 00:00:00","REPORT_TYPE_SQ":"2019年年报","OPERATE_INCOME_SQ":35592026.74,"DPS_HKD":null,"OPERATE_INCOME_QOQ_SQ":87.967683347606,"NET_PROFIT_RATIO_SQ":-384.8664837792,"HOLDER_PROFIT_SQ":-118524234.92,"HOLDER_PROFIT_QOQ_SQ":6.546990195036,"ROE_AVG_SQ":-18.62330228136,"PE_TTM_SQ":-0.987904672137,"PB_TTM_SQ":0.170361529,"ROA_SQ":-9.894736527233,"START_DATE":"2020-01-01 00:00:00","FISCAL_YEAR":"12-31","CURRENCY":"HKD","IS_CNY_CODE":0,"DPS_HKD_LY":null,"ORG_TYPE":"一般企业","PREMIUM_INCOME":null,"PREMIUM_INCOME_YOY":null,"NET_INTEREST_INCOME":null,"NET_INTEREST_INCOME_YOY":null,"FEE_COMMISSION_INCOME":null,"FEE_COMMISSION_INCOME_YOY":null,"ACCOUNTS_RECE_TDAYS":null,"INVENTORY_TDAYS":null,"CURRENT_ASSETS_TDAYS":0.142720864302,"TOTAL_ASSETS_TDAYS":0.019788532075,"PREMIUM_EXPENSE":null,"LOAN_DEPOSIT":null,"LOAN_EQUITY":null,"LOAN_ASSETS":null,"DEPOSIT_EQUITY":null,"DEPOSIT_ASSETS":null,"EQUITY_MULTIPLIER":1.571753860243,"EQUITY_RATIO":0.932020239168},{"SECUCODE":"00036.HK","SECURITY_CODE":"00036","SECURITY_NAME_ABBR":"远东控股国际","ORG_CODE":"10007328","STD_REPORT_DATE":"2020-06-30 00:00:00","REPORT_DATE":"2020-06-30 00:00:00","DATE_TYPE_CODE":"002","REPORT_TYPE":"2020年中报","PER_NETCASH_OPERATE":0.028892257246,"PER_OI":0.019682530496,"BPS":1.801455881494,"BASIC_EPS":0.005389296,"DILUTED_EPS":0.005389296,"OPERATE_INCOME":21436609.92,"OPERATE_INCOME_YOY":67.2939834616,"GROSS_PROFIT":21262142.88,"GROSS_PROFIT_YOY":75.864848247935,"HOLDER_PROFIT":5812218.72,"HOLDER_PROFIT_YOY":109.1312209402,"GROSS_PROFIT_RATIO":99.186125788308,"EPS_TTM":-0.047206786378,"OPERATE_INCOME_QOQ":25.558363131304,"NET_PROFIT_RATIO":69.3241861258,"ROE_AVG":0.987617146635,"GROSS_PROFIT_QOQ":26.563659532386,"ROA":0.340902241742,"HOLDER_PROFIT_QOQ":56.621707961496,"ROE_YEARLY":1.975234293271,"ROIC_YEARLY":0.951511494627,"TOTAL_ASSETS":1682557393.44,"TOTAL_LIABILITIES":636326053.44,"TAX_EBT":4.817916627458,"OCF_SALES":146.791375490029,"TOTAL_PARENT_EQUITY":588599726.88,"DEBT_ASSET_RATIO":37.8189805543,"OPERATE_PROFIT":21456705.6,"PRETAX_PROFIT":9707126.88,"NETCASH_OPERATE":31467094.56,"NETCASH_INVEST":-12835658.88,"NETCASH_FINANCE":-43808582.4,"END_CASH":5798517.12,"DIVI_RATIO":null,"DIVIDEND_RATE":null,"CURRENT_RATIO":0.335787608093,"COMMON_ACS":null,"CURRENTDEBT_DEBT":72.409872729413,"ISSUED_COMMON_SHARES":326735577,"HK_COMMON_SHARES":326735577,"PER_SHARES":6000,"TOTAL_MARKET_CAP":109456418.295,"HKSK_MARKET_CAP":109456418.295,"PE_TTM":-0.328818420848,"PB_TTM":1.435061139525,"REPORT_DATE_SQ":"2019-06-30 00:00:00","REPORT_TYPE_SQ":"2019年中报","OPERATE_INCOME_SQ":12339870.48,"DPS_HKD":null,"OPERATE_INCOME_QOQ_SQ":152.843956375114,"NET_PROFIT_RATIO_SQ":-408.2295647886,"HOLDER_PROFIT_SQ":-61298227.44,"HOLDER_PROFIT_QOQ_SQ":-36.560544415046,"ROE_AVG_SQ":-9.392064511477,"PE_TTM_SQ":-0.987904672137,"PB_TTM_SQ":0.170361529,"ROA_SQ":-5.041152337801,"START_DATE":"2020-01-01 00:00:00","FISCAL_YEAR":"12-31","CURRENCY":"HKD","IS_CNY_CODE":0,"DPS_HKD_LY":null,"ORG_TYPE":"一般企业","PREMIUM_INCOME":null,"PREMIUM_INCOME_YOY":null,"NET_INTEREST_INCOME":null,"NET_INTEREST_INCOME_YOY":null,"FEE_COMMISSION_INCOME":null,"FEE_COMMISSION_INCOME_YOY":null,"ACCOUNTS_RECE_TDAYS":null,"INVENTORY_TDAYS":null,"CURRENT_ASSETS_TDAYS":0.121095785796,"TOTAL_ASSETS_TDAYS":0.012573147586,"PREMIUM_EXPENSE":null,"LOAN_DEPOSIT":null,"LOAN_EQUITY":null,"LOAN_ASSETS":null,"DEPOSIT_EQUITY":null,"DEPOSIT_ASSETS":null,"EQUITY_MULTIPLIER":1.608207792208,"EQUITY_RATIO":1.081084520397}],"count":48},"success":true,"message":"ok","code":0}