{"version":"de99c1ff7af9c9b2a078e92702bef448","result":{"pages":6,"data":[{"SECUCODE":"00037.HK","SECURITY_CODE":"00037","SECURITY_NAME_ABBR":"远东酒店实业","ORG_CODE":"10007329","STD_REPORT_DATE":"2024-06-30 00:00:00","REPORT_DATE":"2024-09-30 00:00:00","DATE_TYPE_CODE":"002","REPORT_TYPE":"2024年中报","PER_NETCASH_OPERATE":0.000580367855,"PER_OI":0.013626269278,"BPS":0.378021861729,"BASIC_EPS":-0.027324237,"DILUTED_EPS":-0.027324237,"OPERATE_INCOME":10254173.83069,"OPERATE_INCOME_YOY":-34.5678683425,"GROSS_PROFIT":-376881.48754,"GROSS_PROFIT_YOY":-108.139862479865,"HOLDER_PROFIT":-20537152.63756,"HOLDER_PROFIT_YOY":-193.8227178122,"GROSS_PROFIT_RATIO":-3.675395929139,"EPS_TTM":-0.039774859068,"OPERATE_INCOME_QOQ":0,"NET_PROFIT_RATIO":-200.2809097706,"ROE_AVG":-6.975480115504,"GROSS_PROFIT_QOQ":0,"ROA":-6.454891483077,"HOLDER_PROFIT_QOQ":0,"ROE_YEARLY":-13.950960231008,"ROIC_YEARLY":-13.946954086847,"TOTAL_ASSETS":307802250.72634,"TOTAL_LIABILITIES":23329530.94392,"TAX_EBT":1.627703867725,"OCF_SALES":4.259183806821,"TOTAL_PARENT_EQUITY":284472719.78242,"DEBT_ASSET_RATIO":7.5793893283,"OPERATE_PROFIT":-20895192.12484,"PRETAX_PROFIT":-20876967.85073,"NETCASH_OPERATE":436744.11132,"NETCASH_INVEST":3462622.90238,"NETCASH_FINANCE":-1813481.6542,"END_CASH":24677217.32195,"DIVI_RATIO":null,"DIVIDEND_RATE":null,"CURRENT_RATIO":1.645268939488,"COMMON_ACS":null,"CURRENTDEBT_DEBT":93.812011388526,"ISSUED_COMMON_SHARES":752529810,"HK_COMMON_SHARES":752529810,"PER_SHARES":2000,"TOTAL_MARKET_CAP":364976957.85,"HKSK_MARKET_CAP":364976957.85,"PE_TTM":-7.597333510005,"PB_TTM":1.156991682968,"REPORT_DATE_SQ":"2023-06-30 00:00:00","REPORT_TYPE_SQ":"2023年中报","OPERATE_INCOME_SQ":15946735.64288,"DPS_HKD":null,"OPERATE_INCOME_QOQ_SQ":0,"NET_PROFIT_RATIO_SQ":-44.6010674538,"HOLDER_PROFIT_SQ":-7112414.32076,"HOLDER_PROFIT_QOQ_SQ":0,"ROE_AVG_SQ":-2.107904772894,"PE_TTM_SQ":-10.986847111486,"PB_TTM_SQ":1.07519586611,"ROA_SQ":-1.932138030663,"START_DATE":"2024-04-01 00:00:00","FISCAL_YEAR":"3-31","CURRENCY":"HKD","IS_CNY_CODE":0,"DPS_HKD_LY":null,"ORG_TYPE":"一般企业","PREMIUM_INCOME":null,"PREMIUM_INCOME_YOY":null,"NET_INTEREST_INCOME":null,"NET_INTEREST_INCOME_YOY":null,"FEE_COMMISSION_INCOME":null,"FEE_COMMISSION_INCOME_YOY":null,"ACCOUNTS_RECE_TDAYS":15.855649848289,"INVENTORY_TDAYS":26.066013883346,"CURRENT_ASSETS_TDAYS":0.256284083179,"TOTAL_ASSETS_TDAYS":0.032229189944,"PREMIUM_EXPENSE":null,"LOAN_DEPOSIT":null,"LOAN_EQUITY":null,"LOAN_ASSETS":null,"DEPOSIT_EQUITY":null,"DEPOSIT_ASSETS":null,"EQUITY_MULTIPLIER":1.082009730007,"EQUITY_RATIO":0.082009730008},{"SECUCODE":"00037.HK","SECURITY_CODE":"00037","SECURITY_NAME_ABBR":"远东酒店实业","ORG_CODE":"10007329","STD_REPORT_DATE":"2023-12-31 00:00:00","REPORT_DATE":"2024-03-31 00:00:00","DATE_TYPE_CODE":"001","REPORT_TYPE":"2023年年报","PER_NETCASH_OPERATE":-0.020846829233,"PER_OI":0.035704995099,"BPS":0.406591518156,"BASIC_EPS":-0.039797545,"DILUTED_EPS":-0.039797545,"OPERATE_INCOME":26869073.17755,"OPERATE_INCOME_YOY":-20.2534400211,"GROSS_PROFIT":4771072.02295,"GROSS_PROFIT_YOY":-7.748665606708,"HOLDER_PROFIT":-29931767.13685,"HOLDER_PROFIT_YOY":-315.5102150226,"GROSS_PROFIT_RATIO":17.756742078236,"EPS_TTM":-0.042635846845,"OPERATE_INCOME_QOQ":0,"NET_PROFIT_RATIO":-111.3985843094,"ROE_AVG":-9.314101601822,"GROSS_PROFIT_QOQ":0,"ROA":-8.5538821471,"HOLDER_PROFIT_QOQ":0,"ROE_YEARLY":-9.314101601822,"ROIC_YEARLY":-9.255600807496,"TOTAL_ASSETS":330260200.9606,"TOTAL_LIABILITIES":24287963.0551,"TAX_EBT":0.107479703959,"OCF_SALES":-58.386310305663,"TOTAL_PARENT_EQUITY":305972237.9055,"DEBT_ASSET_RATIO":7.3541901157,"OPERATE_PROFIT":-29743215.61545,"PRETAX_PROFIT":-29963972.3256,"NETCASH_OPERATE":-15687860.4417,"NETCASH_INVEST":17891159.5058,"NETCASH_FINANCE":-8735387.97645,"END_CASH":22763131.4503,"DIVI_RATIO":null,"DIVIDEND_RATE":null,"CURRENT_RATIO":1.987440991645,"COMMON_ACS":null,"CURRENTDEBT_DEBT":91.661985480397,"ISSUED_COMMON_SHARES":752529810,"HK_COMMON_SHARES":752529810,"PER_SHARES":2000,"TOTAL_MARKET_CAP":391315501.2,"HKSK_MARKET_CAP":391315501.2,"PE_TTM":-8.145594691139,"PB_TTM":1.240485928131,"REPORT_DATE_SQ":"2022-12-31 00:00:00","REPORT_TYPE_SQ":"2022年年报","OPERATE_INCOME_SQ":32535723.54529,"DPS_HKD":null,"OPERATE_INCOME_QOQ_SQ":0,"NET_PROFIT_RATIO_SQ":-21.3801094751,"HOLDER_PROFIT_SQ":-6956173.31249,"HOLDER_PROFIT_QOQ_SQ":0,"ROE_AVG_SQ":-2.106932679584,"PE_TTM_SQ":-72.921491509955,"PB_TTM_SQ":1.592116955585,"ROA_SQ":-1.889615144643,"START_DATE":"2023-04-01 00:00:00","FISCAL_YEAR":"3-31","CURRENCY":"HKD","IS_CNY_CODE":0,"DPS_HKD_LY":null,"ORG_TYPE":"一般企业","PREMIUM_INCOME":null,"PREMIUM_INCOME_YOY":null,"NET_INTEREST_INCOME":null,"NET_INTEREST_INCOME_YOY":null,"FEE_COMMISSION_INCOME":null,"FEE_COMMISSION_INCOME_YOY":null,"ACCOUNTS_RECE_TDAYS":52.815506351389,"INVENTORY_TDAYS":61.047426088481,"CURRENT_ASSETS_TDAYS":0.477076933792,"TOTAL_ASSETS_TDAYS":0.076786273364,"PREMIUM_EXPENSE":null,"LOAN_DEPOSIT":null,"LOAN_EQUITY":null,"LOAN_ASSETS":null,"DEPOSIT_EQUITY":null,"DEPOSIT_ASSETS":null,"EQUITY_MULTIPLIER":1.079379630065,"EQUITY_RATIO":0.079379630065},{"SECUCODE":"00037.HK","SECURITY_CODE":"00037","SECURITY_NAME_ABBR":"远东酒店实业","ORG_CODE":"10007329","STD_REPORT_DATE":"2023-06-30 00:00:00","REPORT_DATE":"2023-09-30 00:00:00","DATE_TYPE_CODE":"002","REPORT_TYPE":"2023年中报","PER_NETCASH_OPERATE":-0.006593438981,"PER_OI":0.021190835806,"BPS":0.443795977124,"BASIC_EPS":-0.009451589,"DILUTED_EPS":-0.009451589,"OPERATE_INCOME":15946735.64288,"OPERATE_INCOME_YOY":-12.6029952055,"GROSS_PROFIT":4630071.92655,"GROSS_PROFIT_YOY":2.03591301689,"HOLDER_PROFIT":-7112414.32076,"HOLDER_PROFIT_YOY":-138.910518807,"GROSS_PROFIT_RATIO":29.034606393675,"EPS_TTM":-0.00924371795,"OPERATE_INCOME_QOQ":0,"NET_PROFIT_RATIO":-44.6010674538,"ROE_AVG":-2.107904772894,"GROSS_PROFIT_QOQ":0,"ROA":-1.932138030663,"HOLDER_PROFIT_QOQ":0,"ROE_YEARLY":-4.215809545788,"ROIC_YEARLY":-4.221039627821,"TOTAL_ASSETS":362124774.70344,"TOTAL_LIABILITIES":28155072.3594,"TAX_EBT":11.993051962334,"OCF_SALES":-31.114577272091,"TOTAL_PARENT_EQUITY":333969702.34404,"DEBT_ASSET_RATIO":7.7749644118,"OPERATE_PROFIT":-7953637.85881,"PRETAX_PROFIT":-8081650.91433,"NETCASH_OPERATE":-4961759.38398,"NETCASH_INVEST":10881186.80012,"NETCASH_FINANCE":-3238396.10381,"END_CASH":31559767.79522,"DIVI_RATIO":null,"DIVIDEND_RATE":null,"CURRENT_RATIO":2.245920733818,"COMMON_ACS":null,"CURRENTDEBT_DEBT":97.297817183674,"ISSUED_COMMON_SHARES":752529810,"HK_COMMON_SHARES":752529810,"PER_SHARES":2000,"TOTAL_MARKET_CAP":391315501.2,"HKSK_MARKET_CAP":391315501.2,"PE_TTM":-8.145594691139,"PB_TTM":1.240485928131,"REPORT_DATE_SQ":"2022-06-30 00:00:00","REPORT_TYPE_SQ":"2022年中报","OPERATE_INCOME_SQ":17984045.95032,"DPS_HKD":null,"OPERATE_INCOME_QOQ_SQ":0,"NET_PROFIT_RATIO_SQ":100.1785590533,"HOLDER_PROFIT_SQ":18016158.09252,"HOLDER_PROFIT_QOQ_SQ":0,"ROE_AVG_SQ":5.109570965353,"PE_TTM_SQ":-72.921491509955,"PB_TTM_SQ":1.592116955585,"ROA_SQ":4.573128617723,"START_DATE":"2023-04-01 00:00:00","FISCAL_YEAR":"3-31","CURRENCY":"HKD","IS_CNY_CODE":0,"DPS_HKD_LY":null,"ORG_TYPE":"一般企业","PREMIUM_INCOME":null,"PREMIUM_INCOME_YOY":null,"NET_INTEREST_INCOME":null,"NET_INTEREST_INCOME_YOY":null,"FEE_COMMISSION_INCOME":null,"FEE_COMMISSION_INCOME_YOY":null,"ACCOUNTS_RECE_TDAYS":43.299035137442,"INVENTORY_TDAYS":30.662659529238,"CURRENT_ASSETS_TDAYS":0.243916584713,"TOTAL_ASSETS_TDAYS":0.043320443679,"PREMIUM_EXPENSE":null,"LOAN_DEPOSIT":null,"LOAN_EQUITY":null,"LOAN_ASSETS":null,"DEPOSIT_EQUITY":null,"DEPOSIT_ASSETS":null,"EQUITY_MULTIPLIER":1.084304271202,"EQUITY_RATIO":0.084304271201},{"SECUCODE":"00037.HK","SECURITY_CODE":"00037","SECURITY_NAME_ABBR":"远东酒店实业","ORG_CODE":"10007329","STD_REPORT_DATE":"2022-12-31 00:00:00","REPORT_DATE":"2023-03-31 00:00:00","DATE_TYPE_CODE":"001","REPORT_TYPE":"2022年年报","PER_NETCASH_OPERATE":-0.012126081166,"PER_OI":0.043466169431,"BPS":0.432115581411,"BASIC_EPS":-0.009279346,"DILUTED_EPS":-0.009279346,"OPERATE_INCOME":32535723.54529,"OPERATE_INCOME_YOY":-27.2250725061,"GROSS_PROFIT":5171818.98162,"GROSS_PROFIT_YOY":-74.15436694176,"HOLDER_PROFIT":-6956173.31249,"HOLDER_PROFIT_YOY":-114.7200049705,"GROSS_PROFIT_RATIO":15.895816714882,"EPS_TTM":0.064965493115,"OPERATE_INCOME_QOQ":0,"NET_PROFIT_RATIO":-21.3801094751,"ROE_AVG":-2.106932679584,"GROSS_PROFIT_QOQ":0,"ROA":-1.889615144643,"HOLDER_PROFIT_QOQ":0,"ROE_YEARLY":-2.106932679584,"ROIC_YEARLY":-2.053857757783,"TOTAL_ASSETS":356885243.03243,"TOTAL_LIABILITIES":31705386.65537,"TAX_EBT":9.012339034908,"OCF_SALES":-27.897745130134,"TOTAL_PARENT_EQUITY":325179856.37706,"DEBT_ASSET_RATIO":8.8839164057,"OPERATE_PROFIT":-7243030.28752,"PRETAX_PROFIT":-7645183.1366,"NETCASH_OPERATE":-9076733.23091,"NETCASH_INVEST":23259784.64101,"NETCASH_FINANCE":-8904263.45435,"END_CASH":29255021.27191,"DIVI_RATIO":null,"DIVIDEND_RATE":null,"CURRENT_RATIO":2.467541359915,"COMMON_ACS":null,"CURRENTDEBT_DEBT":84.419454799479,"ISSUED_COMMON_SHARES":752529810,"HK_COMMON_SHARES":752529810,"PER_SHARES":2000,"TOTAL_MARKET_CAP":406366097.4,"HKSK_MARKET_CAP":406366097.4,"PE_TTM":-8.458886794645,"PB_TTM":1.288196925366,"REPORT_DATE_SQ":"2021-12-31 00:00:00","REPORT_TYPE_SQ":"2021年年报","OPERATE_INCOME_SQ":41418407.21756,"DPS_HKD":null,"OPERATE_INCOME_QOQ_SQ":0,"NET_PROFIT_RATIO_SQ":105.7021325723,"HOLDER_PROFIT_SQ":43780139.70644,"HOLDER_PROFIT_QOQ_SQ":0,"ROE_AVG_SQ":15.245028763029,"PE_TTM_SQ":-77.656653296316,"PB_TTM_SQ":1.69550117348,"ROA_SQ":13.126792240727,"START_DATE":"2022-04-01 00:00:00","FISCAL_YEAR":"3-31","CURRENCY":"HKD","IS_CNY_CODE":0,"DPS_HKD_LY":null,"ORG_TYPE":"一般企业","PREMIUM_INCOME":null,"PREMIUM_INCOME_YOY":null,"NET_INTEREST_INCOME":null,"NET_INTEREST_INCOME_YOY":null,"FEE_COMMISSION_INCOME":null,"FEE_COMMISSION_INCOME_YOY":null,"ACCOUNTS_RECE_TDAYS":40.088954206419,"INVENTORY_TDAYS":104.036487871768,"CURRENT_ASSETS_TDAYS":0.526724569906,"TOTAL_ASSETS_TDAYS":0.088381920909,"PREMIUM_EXPENSE":null,"LOAN_DEPOSIT":null,"LOAN_EQUITY":null,"LOAN_ASSETS":null,"DEPOSIT_EQUITY":null,"DEPOSIT_ASSETS":null,"EQUITY_MULTIPLIER":1.097501078352,"EQUITY_RATIO":0.097501078353},{"SECUCODE":"00037.HK","SECURITY_CODE":"00037","SECURITY_NAME_ABBR":"远东酒店实业","ORG_CODE":"10007329","STD_REPORT_DATE":"2022-06-30 00:00:00","REPORT_DATE":"2022-09-30 00:00:00","DATE_TYPE_CODE":"002","REPORT_TYPE":"2022年中报","PER_NETCASH_OPERATE":0.00547573535,"PER_OI":0.024025824637,"BPS":0.476985868536,"BASIC_EPS":0.024148548,"DILUTED_EPS":0.022430112,"OPERATE_INCOME":17984045.95032,"OPERATE_INCOME_YOY":-25.2461668232,"GROSS_PROFIT":4537688.535,"GROSS_PROFIT_YOY":-47.673178006659,"HOLDER_PROFIT":18016158.09252,"HOLDER_PROFIT_YOY":26.0228001143,"GROSS_PROFIT_RATIO":25.231744555898,"EPS_TTM":0.058488171241,"OPERATE_INCOME_QOQ":0,"NET_PROFIT_RATIO":100.1785590533,"ROE_AVG":5.109570965353,"GROSS_PROFIT_QOQ":0,"ROA":4.573128617723,"HOLDER_PROFIT_QOQ":0,"ROE_YEARLY":10.219141930706,"ROIC_YEARLY":9.906446557951,"TOTAL_ASSETS":395965788.30372,"TOTAL_LIABILITIES":37019703.28188,"TAX_EBT":4.351573295207,"OCF_SALES":22.791040192861,"TOTAL_PARENT_EQUITY":358946085.02184,"DEBT_ASSET_RATIO":9.3492176282,"OPERATE_PROFIT":19015326.4248,"PRETAX_PROFIT":18835812.26916,"NETCASH_OPERATE":4098751.14084,"NETCASH_INVEST":4759808.14572,"NETCASH_FINANCE":-2417034.5004,"END_CASH":29858168.28276,"DIVI_RATIO":null,"DIVIDEND_RATE":null,"CURRENT_RATIO":2.39562440026,"COMMON_ACS":null,"CURRENTDEBT_DEBT":73.037997509814,"ISSUED_COMMON_SHARES":752529810,"HK_COMMON_SHARES":752529810,"PER_SHARES":2000,"TOTAL_MARKET_CAP":406366097.4,"HKSK_MARKET_CAP":406366097.4,"PE_TTM":-8.458886794645,"PB_TTM":1.288196925366,"REPORT_DATE_SQ":"2021-06-30 00:00:00","REPORT_TYPE_SQ":"2021年中报","OPERATE_INCOME_SQ":22159015.29158,"DPS_HKD":null,"OPERATE_INCOME_QOQ_SQ":0,"NET_PROFIT_RATIO_SQ":59.4236224284,"HOLDER_PROFIT_SQ":13167689.58072,"HOLDER_PROFIT_QOQ_SQ":0,"ROE_AVG_SQ":4.733575090651,"PE_TTM_SQ":-77.656653296316,"PB_TTM_SQ":1.69550117348,"ROA_SQ":4.028837394165,"START_DATE":"2022-04-01 00:00:00","FISCAL_YEAR":"3-31","CURRENCY":"HKD","IS_CNY_CODE":0,"DPS_HKD_LY":null,"ORG_TYPE":"一般企业","PREMIUM_INCOME":null,"PREMIUM_INCOME_YOY":null,"NET_INTEREST_INCOME":null,"NET_INTEREST_INCOME_YOY":null,"FEE_COMMISSION_INCOME":null,"FEE_COMMISSION_INCOME_YOY":null,"ACCOUNTS_RECE_TDAYS":17.218690303619,"INVENTORY_TDAYS":47.980600634812,"CURRENT_ASSETS_TDAYS":0.289655595966,"TOTAL_ASSETS_TDAYS":0.045649774372,"PREMIUM_EXPENSE":null,"LOAN_DEPOSIT":null,"LOAN_EQUITY":null,"LOAN_ASSETS":null,"DEPOSIT_EQUITY":null,"DEPOSIT_ASSETS":null,"EQUITY_MULTIPLIER":1.103134439478,"EQUITY_RATIO":0.103134439479},{"SECUCODE":"00037.HK","SECURITY_CODE":"00037","SECURITY_NAME_ABBR":"远东酒店实业","ORG_CODE":"10007329","STD_REPORT_DATE":"2021-12-31 00:00:00","REPORT_DATE":"2022-03-31 00:00:00","DATE_TYPE_CODE":"001","REPORT_TYPE":"2021年年报","PER_NETCASH_OPERATE":0.004059919191,"PER_OI":0.056439665629,"BPS":0.412579976356,"BASIC_EPS":0.059690336,"DILUTED_EPS":0.058960427,"OPERATE_INCOME":41418407.21756,"OPERATE_INCOME_YOY":2.7742627066,"GROSS_PROFIT":20010417.11753,"GROSS_PROFIT_YOY":-10.822630698763,"HOLDER_PROFIT":43780139.70644,"HOLDER_PROFIT_YOY":584.0992442526,"GROSS_PROFIT_RATIO":48.312860058622,"EPS_TTM":0.032382920003,"OPERATE_INCOME_QOQ":0,"NET_PROFIT_RATIO":105.7021325723,"ROE_AVG":15.245028763029,"GROSS_PROFIT_QOQ":0,"ROA":13.126792240727,"HOLDER_PROFIT_QOQ":0,"ROE_YEARLY":15.245028763029,"ROIC_YEARLY":14.569871238933,"TOTAL_ASSETS":351459290.35596,"TOTAL_LIABILITIES":40980559.13876,"TAX_EBT":-3.436923526712,"OCF_SALES":7.193379240901,"TOTAL_PARENT_EQUITY":310478731.2172,"DEBT_ASSET_RATIO":11.6601154851,"OPERATE_PROFIT":42892150.25926,"PRETAX_PROFIT":42325446.47863,"NETCASH_OPERATE":2979383.1067,"NETCASH_INVEST":4152930.7969,"NETCASH_FINANCE":-10967775.64701,"END_CASH":22439279.33714,"DIVI_RATIO":null,"DIVIDEND_RATE":null,"CURRENT_RATIO":1.868428536087,"COMMON_ACS":null,"CURRENTDEBT_DEBT":69.56467841181,"ISSUED_COMMON_SHARES":752529810,"HK_COMMON_SHARES":752529810,"PER_SHARES":2000,"TOTAL_MARKET_CAP":406366097.4,"HKSK_MARKET_CAP":406366097.4,"PE_TTM":-8.458886794645,"PB_TTM":1.288196925366,"REPORT_DATE_SQ":"2020-12-31 00:00:00","REPORT_TYPE_SQ":"2020年年报","OPERATE_INCOME_SQ":41998330.42958,"DPS_HKD":null,"OPERATE_INCOME_QOQ_SQ":0,"NET_PROFIT_RATIO_SQ":15.8799455385,"HOLDER_PROFIT_SQ":6669311.99928,"HOLDER_PROFIT_QOQ_SQ":0,"ROE_AVG_SQ":2.537339448045,"PE_TTM_SQ":-77.656653296316,"PB_TTM_SQ":1.69550117348,"ROA_SQ":2.102750725108,"START_DATE":"2021-04-01 00:00:00","FISCAL_YEAR":"3-31","CURRENCY":"HKD","IS_CNY_CODE":0,"DPS_HKD_LY":null,"ORG_TYPE":"一般企业","PREMIUM_INCOME":null,"PREMIUM_INCOME_YOY":null,"NET_INTEREST_INCOME":null,"NET_INTEREST_INCOME_YOY":null,"FEE_COMMISSION_INCOME":null,"FEE_COMMISSION_INCOME_YOY":null,"ACCOUNTS_RECE_TDAYS":32.364691351296,"INVENTORY_TDAYS":96.957052578223,"CURRENT_ASSETS_TDAYS":0.701731685623,"TOTAL_ASSETS_TDAYS":0.124186635797,"PREMIUM_EXPENSE":null,"LOAN_DEPOSIT":null,"LOAN_EQUITY":null,"LOAN_ASSETS":null,"DEPOSIT_EQUITY":null,"DEPOSIT_ASSETS":null,"EQUITY_MULTIPLIER":1.131991518317,"EQUITY_RATIO":0.131991518318},{"SECUCODE":"00037.HK","SECURITY_CODE":"00037","SECURITY_NAME_ABBR":"远东酒店实业","ORG_CODE":"10007329","STD_REPORT_DATE":"2021-06-30 00:00:00","REPORT_DATE":"2021-09-30 00:00:00","DATE_TYPE_CODE":"002","REPORT_TYPE":"2021年中报","PER_NETCASH_OPERATE":-0.014324006245,"PER_OI":0.030236651875,"BPS":0.379126869621,"BASIC_EPS":0.017994096,"DILUTED_EPS":0.017994096,"OPERATE_INCOME":22159015.29158,"OPERATE_INCOME_YOY":12.1570270895,"GROSS_PROFIT":8671821.376,"GROSS_PROFIT_YOY":3.891682999098,"HOLDER_PROFIT":13167689.58072,"HOLDER_PROFIT_YOY":456.6039268275,"GROSS_PROFIT_RATIO":39.13450693495,"EPS_TTM":0.009100479535,"OPERATE_INCOME_QOQ":0,"NET_PROFIT_RATIO":59.4236224284,"ROE_AVG":4.733575090651,"GROSS_PROFIT_QOQ":0,"ROA":4.028837394165,"HOLDER_PROFIT_QOQ":0,"ROE_YEARLY":9.467150181302,"ROIC_YEARLY":8.888574978301,"TOTAL_ASSETS":329516397.32602,"TOTAL_LIABILITIES":44212126.16454,"TAX_EBT":-12.085272786078,"OCF_SALES":-47.372990581079,"TOTAL_PARENT_EQUITY":285304271.16148,"DEBT_ASSET_RATIO":13.4172765068,"OPERATE_PROFIT":12073221.18414,"PRETAX_PROFIT":11747921.25086,"NETCASH_OPERATE":-10497388.22694,"NETCASH_INVEST":10194128.56208,"NETCASH_FINANCE":-4972637.60638,"END_CASH":21430520.98278,"DIVI_RATIO":null,"DIVIDEND_RATE":null,"CURRENT_RATIO":1.976474299782,"COMMON_ACS":null,"CURRENTDEBT_DEBT":61.392009290631,"ISSUED_COMMON_SHARES":752529810,"HK_COMMON_SHARES":752529810,"PER_SHARES":2000,"TOTAL_MARKET_CAP":406366097.4,"HKSK_MARKET_CAP":406366097.4,"PE_TTM":-8.458886794645,"PB_TTM":1.288196925366,"REPORT_DATE_SQ":"2020-06-30 00:00:00","REPORT_TYPE_SQ":"2020年中报","OPERATE_INCOME_SQ":20840023.16352,"DPS_HKD":null,"OPERATE_INCOME_QOQ_SQ":0,"NET_PROFIT_RATIO_SQ":-18.6895777894,"HOLDER_PROFIT_SQ":-3894912.34048,"HOLDER_PROFIT_QOQ_SQ":0,"ROE_AVG_SQ":-1.493544525144,"PE_TTM_SQ":-77.656653296316,"PB_TTM_SQ":1.69550117348,"ROA_SQ":-1.231246579884,"START_DATE":"2021-04-01 00:00:00","FISCAL_YEAR":"3-31","CURRENCY":"HKD","IS_CNY_CODE":0,"DPS_HKD_LY":null,"ORG_TYPE":"一般企业","PREMIUM_INCOME":null,"PREMIUM_INCOME_YOY":null,"NET_INTEREST_INCOME":null,"NET_INTEREST_INCOME_YOY":null,"FEE_COMMISSION_INCOME":null,"FEE_COMMISSION_INCOME_YOY":null,"ACCOUNTS_RECE_TDAYS":4.122305800223,"INVENTORY_TDAYS":61.437595462937,"CURRENT_ASSETS_TDAYS":0.368735262206,"TOTAL_ASSETS_TDAYS":0.067798582946,"PREMIUM_EXPENSE":null,"LOAN_DEPOSIT":null,"LOAN_EQUITY":null,"LOAN_ASSETS":null,"DEPOSIT_EQUITY":null,"DEPOSIT_ASSETS":null,"EQUITY_MULTIPLIER":1.154964823991,"EQUITY_RATIO":0.154964823991},{"SECUCODE":"00037.HK","SECURITY_CODE":"00037","SECURITY_NAME_ABBR":"远东酒店实业","ORG_CODE":"10007329","STD_REPORT_DATE":"2020-12-31 00:00:00","REPORT_DATE":"2021-03-31 00:00:00","DATE_TYPE_CODE":"001","REPORT_TYPE":"2020年年报","PER_NETCASH_OPERATE":0.029367905871,"PER_OI":0.057308002175,"BPS":0.365423379672,"BASIC_EPS":0.010902822,"DILUTED_EPS":0.010902822,"OPERATE_INCOME":41998330.42958,"OPERATE_INCOME_YOY":1.5444005266,"GROSS_PROFIT":22438895.96018,"GROSS_PROFIT_YOY":-4.760110277258,"HOLDER_PROFIT":6669311.99928,"HOLDER_PROFIT_YOY":132.8187443661,"GROSS_PROFIT_RATIO":53.428066617562,"EPS_TTM":-0.024011994738,"OPERATE_INCOME_QOQ":0,"NET_PROFIT_RATIO":15.8799455385,"ROE_AVG":2.537339448045,"GROSS_PROFIT_QOQ":0,"ROA":2.102750725108,"HOLDER_PROFIT_QOQ":0,"ROE_YEARLY":2.537339448045,"ROIC_YEARLY":2.294008039533,"TOTAL_ASSETS":328871597.87342,"TOTAL_LIABILITIES":53879611.39932,"TAX_EBT":2.557307038735,"OCF_SALES":51.245733155482,"TOTAL_PARENT_EQUITY":274991986.4741,"DEBT_ASSET_RATIO":16.3831756064,"OPERATE_PROFIT":7653115.04216,"PRETAX_PROFIT":6844342.86102,"NETCASH_OPERATE":21522352.3417,"NETCASH_INVEST":-10439723.36778,"NETCASH_FINANCE":3012334.77412,"END_CASH":27251973.77784,"DIVI_RATIO":null,"DIVIDEND_RATE":null,"CURRENT_RATIO":2.119061035151,"COMMON_ACS":null,"CURRENTDEBT_DEBT":59.129416909124,"ISSUED_COMMON_SHARES":752529810,"HK_COMMON_SHARES":752529810,"PER_SHARES":2000,"TOTAL_MARKET_CAP":406366097.4,"HKSK_MARKET_CAP":406366097.4,"PE_TTM":-8.458886794645,"PB_TTM":1.288196925366,"REPORT_DATE_SQ":"2019-12-31 00:00:00","REPORT_TYPE_SQ":"2019年年报","OPERATE_INCOME_SQ":44712655.0792,"DPS_HKD":null,"OPERATE_INCOME_QOQ_SQ":0,"NET_PROFIT_RATIO_SQ":-49.134102515,"HOLDER_PROFIT_SQ":-21969161.7838,"HOLDER_PROFIT_QOQ_SQ":0,"ROE_AVG_SQ":-8.267376960464,"PE_TTM_SQ":-77.656653296316,"PB_TTM_SQ":1.69550117348,"ROA_SQ":-6.945001884198,"START_DATE":"2020-04-01 00:00:00","FISCAL_YEAR":"3-31","CURRENCY":"HKD","IS_CNY_CODE":0,"DPS_HKD_LY":null,"ORG_TYPE":"一般企业","PREMIUM_INCOME":null,"PREMIUM_INCOME_YOY":null,"NET_INTEREST_INCOME":null,"NET_INTEREST_INCOME_YOY":null,"FEE_COMMISSION_INCOME":null,"FEE_COMMISSION_INCOME_YOY":null,"ACCOUNTS_RECE_TDAYS":10.022232351479,"INVENTORY_TDAYS":81.227948867346,"CURRENT_ASSETS_TDAYS":0.731514833637,"TOTAL_ASSETS_TDAYS":0.132415487195,"PREMIUM_EXPENSE":null,"LOAN_DEPOSIT":null,"LOAN_EQUITY":null,"LOAN_ASSETS":null,"DEPOSIT_EQUITY":null,"DEPOSIT_ASSETS":null,"EQUITY_MULTIPLIER":1.195931569098,"EQUITY_RATIO":0.195931569098},{"SECUCODE":"00037.HK","SECURITY_CODE":"00037","SECURITY_NAME_ABBR":"远东酒店实业","ORG_CODE":"10007329","STD_REPORT_DATE":"2020-06-30 00:00:00","REPORT_DATE":"2020-09-30 00:00:00","DATE_TYPE_CODE":"002","REPORT_TYPE":"2020年中报","PER_NETCASH_OPERATE":0.008674198972,"PER_OI":0.034124216289,"BPS":0.346718696457,"BASIC_EPS":-0.006414656,"DILUTED_EPS":-0.006414656,"OPERATE_INCOME":20840023.16352,"OPERATE_INCOME_YOY":-6.0013375077,"GROSS_PROFIT":8346983.248,"GROSS_PROFIT_YOY":56.651012484652,"HOLDER_PROFIT":-3894912.34048,"HOLDER_PROFIT_YOY":64.3012979716,"GROSS_PROFIT_RATIO":40.052658207267,"EPS_TTM":-0.035973109171,"OPERATE_INCOME_QOQ":0,"NET_PROFIT_RATIO":-18.6895777894,"ROE_AVG":-1.493544525144,"GROSS_PROFIT_QOQ":0,"ROA":-1.231246579884,"HOLDER_PROFIT_QOQ":0,"ROE_YEARLY":-2.987089050288,"ROIC_YEARLY":-2.584824330775,"TOTAL_ASSETS":315085574.99072,"TOTAL_LIABILITIES":54169420.22272,"TAX_EBT":8.204164615534,"OCF_SALES":25.419481866954,"TOTAL_PARENT_EQUITY":260916154.768,"DEBT_ASSET_RATIO":17.1919708556,"OPERATE_PROFIT":-3856272.38592,"PRETAX_PROFIT":-4243016.38976,"NETCASH_OPERATE":5297425.90912,"NETCASH_INVEST":72357.31968,"NETCASH_FINANCE":-3637531.7376,"END_CASH":15316401.5456,"DIVI_RATIO":null,"DIVIDEND_RATE":null,"CURRENT_RATIO":1.799468995061,"COMMON_ACS":null,"CURRENTDEBT_DEBT":54.544724569024,"ISSUED_COMMON_SHARES":752529810,"HK_COMMON_SHARES":752529810,"PER_SHARES":2000,"TOTAL_MARKET_CAP":406366097.4,"HKSK_MARKET_CAP":406366097.4,"PE_TTM":-8.458886794645,"PB_TTM":1.288196925366,"REPORT_DATE_SQ":"2019-06-30 00:00:00","REPORT_TYPE_SQ":"2019年中报","OPERATE_INCOME_SQ":22758171.42309,"DPS_HKD":null,"OPERATE_INCOME_QOQ_SQ":0,"NET_PROFIT_RATIO_SQ":-49.2117420223,"HOLDER_PROFIT_SQ":-11199692.60973,"HOLDER_PROFIT_QOQ_SQ":0,"ROE_AVG_SQ":-4.474860730136,"PE_TTM_SQ":-77.656653296316,"PB_TTM_SQ":1.69550117348,"ROA_SQ":-3.739573582572,"START_DATE":"2020-04-01 00:00:00","FISCAL_YEAR":"3-31","CURRENCY":"HKD","IS_CNY_CODE":0,"DPS_HKD_LY":null,"ORG_TYPE":"一般企业","PREMIUM_INCOME":null,"PREMIUM_INCOME_YOY":null,"NET_INTEREST_INCOME":null,"NET_INTEREST_INCOME_YOY":null,"FEE_COMMISSION_INCOME":null,"FEE_COMMISSION_INCOME_YOY":null,"ACCOUNTS_RECE_TDAYS":2.862332834098,"INVENTORY_TDAYS":45.288461048393,"CURRENT_ASSETS_TDAYS":0.407187263504,"TOTAL_ASSETS_TDAYS":0.065878779807,"PREMIUM_EXPENSE":null,"LOAN_DEPOSIT":null,"LOAN_EQUITY":null,"LOAN_ASSETS":null,"DEPOSIT_EQUITY":null,"DEPOSIT_ASSETS":null,"EQUITY_MULTIPLIER":1.207612366014,"EQUITY_RATIO":0.207612366014}],"count":48},"success":true,"message":"ok","code":0}