{"version":"60195eea10e91415d861ac872fb27415","result":{"pages":6,"data":[{"SECUCODE":"00045.HK","SECURITY_CODE":"00045","SECURITY_NAME_ABBR":"大酒店","ORG_CODE":"10007334","STD_REPORT_DATE":"2024-06-30 00:00:00","REPORT_DATE":"2024-06-30 00:00:00","DATE_TYPE_CODE":"002","REPORT_TYPE":"2024年中报","PER_NETCASH_OPERATE":1.014551328892,"PER_OI":2.526796752744,"BPS":19.650977736239,"BASIC_EPS":-0.2464236,"DILUTED_EPS":-0.2464236,"OPERATE_INCOME":4212018200,"OPERATE_INCOME_YOY":88.7525562372,"GROSS_PROFIT":2669589000,"GROSS_PROFIT_YOY":26.662098158141,"HOLDER_PROFIT":-408880640,"HOLDER_PROFIT_YOY":-576.5957446809,"GROSS_PROFIT_RATIO":63.380281690141,"EPS_TTM":-0.217907466787,"OPERATE_INCOME_QOQ":26.63186984042,"NET_PROFIT_RATIO":-9.707475623,"ROE_AVG":-1.241513094083,"GROSS_PROFIT_QOQ":10.922939101786,"ROA":-0.786654960492,"HOLDER_PROFIT_QOQ":-374.539945091805,"ROE_YEARLY":-2.483026188167,"ROIC_YEARLY":-1.599114775749,"TOTAL_ASSETS":51138373080,"TOTAL_LIABILITIES":18289194520,"TAX_EBT":-17.894736842105,"OCF_SALES":40.151679306609,"TOTAL_PARENT_EQUITY":32756997880,"DEBT_ASSET_RATIO":35.7641305706,"OPERATE_PROFIT":190750120,"PRETAX_PROFIT":-346818400,"NETCASH_OPERATE":1691196040,"NETCASH_INVEST":-667169080,"NETCASH_FINANCE":-1149064120,"END_CASH":511100800,"DIVI_RATIO":-0.332699017014,"DIVIDEND_RATE":1.335559265442,"CURRENT_RATIO":0.831180322067,"COMMON_ACS":null,"CURRENTDEBT_DEBT":28.200009980538,"ISSUED_COMMON_SHARES":1666939850,"HK_COMMON_SHARES":1666939850,"PER_SHARES":500,"TOTAL_MARKET_CAP":9984969701.5,"HKSK_MARKET_CAP":9984969701.5,"PE_TTM":-25.214569953283,"PB_TTM":0.278202605152,"REPORT_DATE_SQ":"2023-06-30 00:00:00","REPORT_TYPE_SQ":"2023年中报","OPERATE_INCOME_SQ":2254241100,"DPS_HKD":0.08,"OPERATE_INCOME_QOQ_SQ":22.211386396331,"NET_PROFIT_RATIO_SQ":3.8854805726,"HOLDER_PROFIT_SQ":86666120,"HOLDER_PROFIT_QOQ_SQ":-6.407049839171,"ROE_AVG_SQ":0.260463569736,"PE_TTM_SQ":-16.806734902045,"PB_TTM_SQ":0.245387717509,"ROA_SQ":0.163407214255,"START_DATE":"2024-01-01 00:00:00","FISCAL_YEAR":"12-31","CURRENCY":"HKD","IS_CNY_CODE":0,"DPS_HKD_LY":0.08,"ORG_TYPE":"一般企业","PREMIUM_INCOME":null,"PREMIUM_INCOME_YOY":null,"NET_INTEREST_INCOME":null,"NET_INTEREST_INCOME_YOY":null,"FEE_COMMISSION_INCOME":null,"FEE_COMMISSION_INCOME_YOY":null,"ACCOUNTS_RECE_TDAYS":5.372526193248,"INVENTORY_TDAYS":0.446499339498,"CURRENT_ASSETS_TDAYS":0.844542044103,"TOTAL_ASSETS_TDAYS":0.081035996488,"PREMIUM_EXPENSE":null,"LOAN_DEPOSIT":null,"LOAN_EQUITY":null,"LOAN_ASSETS":null,"DEPOSIT_EQUITY":null,"DEPOSIT_ASSETS":null,"EQUITY_MULTIPLIER":1.556762613915,"EQUITY_RATIO":0.558329386197},{"SECUCODE":"00045.HK","SECURITY_CODE":"00045","SECURITY_NAME_ABBR":"大酒店","ORG_CODE":"10007334","STD_REPORT_DATE":"2023-12-31 00:00:00","REPORT_DATE":"2023-12-31 00:00:00","DATE_TYPE_CODE":"001","REPORT_TYPE":"2023年年报","PER_NETCASH_OPERATE":1.871848861124,"PER_OI":4.456835327689,"BPS":19.722820460498,"BASIC_EPS":0.0815598,"DILUTED_EPS":0.0815598,"OPERATE_INCOME":7351256640,"OPERATE_INCOME_YOY":93.2348737494,"GROSS_PROFIT":5144610940,"GROSS_PROFIT_YOY":49.747819863425,"HOLDER_PROFIT":132308120,"HOLDER_PROFIT_YOY":129.9180327869,"GROSS_PROFIT_RATIO":69.982741617357,"EPS_TTM":0.080214245296,"OPERATE_INCOME_QOQ":60.407522391495,"NET_PROFIT_RATIO":1.8244575937,"ROE_AVG":0.403900684695,"GROSS_PROFIT_QOQ":22.028544257877,"ROA":0.255133245959,"HOLDER_PROFIT_QOQ":128.524203446366,"ROE_YEARLY":0.403900684695,"ROIC_YEARLY":0.25891115446,"TOTAL_ASSETS":52442045180,"TOTAL_LIABILITIES":19474667800,"TAX_EBT":48.432055749129,"OCF_SALES":41.999506903353,"TOTAL_PARENT_EQUITY":32876755380,"DEBT_ASSET_RATIO":37.135599371,"OPERATE_PROFIT":523795160,"PRETAX_PROFIT":260085140,"NETCASH_OPERATE":3087491540,"NETCASH_INVEST":-2358890660,"NETCASH_FINANCE":-592667880,"END_CASH":652478400,"DIVI_RATIO":0.903799564932,"DIVIDEND_RATE":1.277955271565,"CURRENT_RATIO":1.324548352816,"COMMON_ACS":null,"CURRENTDEBT_DEBT":21.893904141461,"ISSUED_COMMON_SHARES":1666939850,"HK_COMMON_SHARES":1666939850,"PER_SHARES":500,"TOTAL_MARKET_CAP":10435043461,"HKSK_MARKET_CAP":10435043461,"PE_TTM":-26.35111985101,"PB_TTM":0.290742622412,"REPORT_DATE_SQ":"2022-12-31 00:00:00","REPORT_TYPE_SQ":"2022年年报","OPERATE_INCOME_SQ":3749947460,"DPS_HKD":0.08,"OPERATE_INCOME_QOQ_SQ":17.211854981861,"NET_PROFIT_RATIO_SQ":-11.5531205336,"HOLDER_PROFIT_SQ":-435915760,"HOLDER_PROFIT_QOQ_SQ":-211.03768414994,"ROE_AVG_SQ":-1.341064607436,"PE_TTM_SQ":-17.650195575568,"PB_TTM_SQ":0.257702714484,"ROA_SQ":-0.869363832327,"START_DATE":"2023-01-01 00:00:00","FISCAL_YEAR":"12-31","CURRENCY":"HKD","IS_CNY_CODE":0,"DPS_HKD_LY":null,"ORG_TYPE":"一般企业","PREMIUM_INCOME":null,"PREMIUM_INCOME_YOY":null,"NET_INTEREST_INCOME":null,"NET_INTEREST_INCOME_YOY":null,"FEE_COMMISSION_INCOME":null,"FEE_COMMISSION_INCOME_YOY":null,"ACCOUNTS_RECE_TDAYS":9.662894580107,"INVENTORY_TDAYS":0.499384741591,"CURRENT_ASSETS_TDAYS":1.256310980331,"TOTAL_ASSETS_TDAYS":0.141756225426,"PREMIUM_EXPENSE":null,"LOAN_DEPOSIT":null,"LOAN_EQUITY":null,"LOAN_ASSETS":null,"DEPOSIT_EQUITY":null,"DEPOSIT_ASSETS":null,"EQUITY_MULTIPLIER":1.590725418511,"EQUITY_RATIO":0.592353703244},{"SECUCODE":"00045.HK","SECURITY_CODE":"00045","SECURITY_NAME_ABBR":"大酒店","ORG_CODE":"10007334","STD_REPORT_DATE":"2023-06-30 00:00:00","REPORT_DATE":"2023-06-30 00:00:00","DATE_TYPE_CODE":"002","REPORT_TYPE":"2023年中报","PER_NETCASH_OPERATE":0.187254089236,"PER_OI":1.366675367711,"BPS":20.001659172045,"BASIC_EPS":0.0553188,"DILUTED_EPS":0.0553188,"OPERATE_INCOME":2254241100,"OPERATE_INCOME_YOY":47.1119133574,"GROSS_PROFIT":2107646280,"GROSS_PROFIT_YOY":58.797402952476,"HOLDER_PROFIT":86666120,"HOLDER_PROFIT_YOY":-29.8507462687,"GROSS_PROFIT_RATIO":93.496932515337,"EPS_TTM":-0.281214672469,"OPERATE_INCOME_QOQ":22.211386396331,"NET_PROFIT_RATIO":3.8854805726,"ROE_AVG":0.260463569736,"GROSS_PROFIT_QOQ":22.715403001916,"ROA":0.163407214255,"HOLDER_PROFIT_QOQ":-6.407049839171,"ROE_YEARLY":0.520927139473,"ROIC_YEARLY":0.330889794338,"TOTAL_ASSETS":53907248620,"TOTAL_LIABILITIES":20468877980,"TAX_EBT":33.566433566434,"OCF_SALES":13.701431492843,"TOTAL_PARENT_EQUITY":33341562740,"DEBT_ASSET_RATIO":37.9705484958,"OPERATE_PROFIT":118935420,"PRETAX_PROFIT":131843140,"NETCASH_OPERATE":308863300,"NETCASH_INVEST":-1287084080,"NETCASH_FINANCE":1006802160,"END_CASH":550422060,"DIVI_RATIO":-0.257801626648,"DIVIDEND_RATE":1.277955271565,"CURRENT_RATIO":1.436120789779,"COMMON_ACS":null,"CURRENTDEBT_DEBT":23.269222107112,"ISSUED_COMMON_SHARES":1666939850,"HK_COMMON_SHARES":1666939850,"PER_SHARES":500,"TOTAL_MARKET_CAP":10435043461,"HKSK_MARKET_CAP":10435043461,"PE_TTM":-26.35111985101,"PB_TTM":0.290742622412,"REPORT_DATE_SQ":"2022-06-30 00:00:00","REPORT_TYPE_SQ":"2022年中报","OPERATE_INCOME_SQ":1421325780,"DPS_HKD":0.08,"OPERATE_INCOME_QOQ_SQ":13.060567684306,"NET_PROFIT_RATIO_SQ":8.1227436823,"HOLDER_PROFIT_SQ":114595460,"HOLDER_PROFIT_QOQ_SQ":500.138229778213,"ROE_AVG_SQ":0.364879031709,"PE_TTM_SQ":-17.650195575568,"PB_TTM_SQ":0.257702714484,"ROA_SQ":0.240555071852,"START_DATE":"2023-01-01 00:00:00","FISCAL_YEAR":"12-31","CURRENCY":"HKD","IS_CNY_CODE":0,"DPS_HKD_LY":null,"ORG_TYPE":"一般企业","PREMIUM_INCOME":null,"PREMIUM_INCOME_YOY":null,"NET_INTEREST_INCOME":null,"NET_INTEREST_INCOME_YOY":null,"FEE_COMMISSION_INCOME":null,"FEE_COMMISSION_INCOME_YOY":null,"ACCOUNTS_RECE_TDAYS":2.910714285714,"INVENTORY_TDAYS":0.028397928201,"CURRENT_ASSETS_TDAYS":0.346783916034,"TOTAL_ASSETS_TDAYS":0.042503259452,"PREMIUM_EXPENSE":null,"LOAN_DEPOSIT":null,"LOAN_EQUITY":null,"LOAN_ASSETS":null,"DEPOSIT_EQUITY":null,"DEPOSIT_ASSETS":null,"EQUITY_MULTIPLIER":1.612137421419,"EQUITY_RATIO":0.61391477477},{"SECUCODE":"00045.HK","SECURITY_CODE":"00045","SECURITY_NAME_ABBR":"大酒店","ORG_CODE":"10007334","STD_REPORT_DATE":"2022-12-31 00:00:00","REPORT_DATE":"2022-12-31 00:00:00","DATE_TYPE_CODE":"001","REPORT_TYPE":"2022年年报","PER_NETCASH_OPERATE":0.225831129635,"PER_OI":2.273475017287,"BPS":19.300043921801,"BASIC_EPS":-0.267981,"DILUTED_EPS":-0.267981,"OPERATE_INCOME":3749947460,"OPERATE_INCOME_YOY":21.294423577,"GROSS_PROFIT":3435516420,"GROSS_PROFIT_YOY":33.352985353639,"HOLDER_PROFIT":-435915760,"HOLDER_PROFIT_YOY":-306.6666666667,"GROSS_PROFIT_RATIO":91.615054787994,"EPS_TTM":-0.264281993434,"OPERATE_INCOME_QOQ":17.211854981861,"NET_PROFIT_RATIO":-11.5531205336,"ROE_AVG":-1.341064607436,"GROSS_PROFIT_QOQ":17.587901319377,"ROA":-0.869363832327,"HOLDER_PROFIT_QOQ":-211.03768414994,"ROE_YEARLY":-1.341064607436,"ROIC_YEARLY":-0.879318888238,"TOTAL_ASSETS":50542109870,"TOTAL_LIABILITIES":18277197470,"TAX_EBT":-3.632478632479,"OCF_SALES":9.933301572177,"TOTAL_PARENT_EQUITY":32172012320,"DEBT_ASSET_RATIO":36.1623159718,"OPERATE_PROFIT":-47343310,"PRETAX_PROFIT":-418050360,"NETCASH_OPERATE":372493590,"NETCASH_INVEST":-2444879990,"NETCASH_FINANCE":2191191310,"END_CASH":509163900,"DIVI_RATIO":-0.274319105354,"DIVIDEND_RATE":1.277955271565,"CURRENT_RATIO":1.041621200312,"COMMON_ACS":null,"CURRENTDEBT_DEBT":31.352328820683,"ISSUED_COMMON_SHARES":1666939850,"HK_COMMON_SHARES":1666939850,"PER_SHARES":500,"TOTAL_MARKET_CAP":10435043461,"HKSK_MARKET_CAP":10435043461,"PE_TTM":-26.35111985101,"PB_TTM":0.290742622412,"REPORT_DATE_SQ":"2021-12-31 00:00:00","REPORT_TYPE_SQ":"2021年年报","OPERATE_INCOME_SQ":2829713600,"DPS_HKD":0.08,"OPERATE_INCOME_QOQ_SQ":33.851806304345,"NET_PROFIT_RATIO_SQ":-9.2169893094,"HOLDER_PROFIT_SQ":-98112000,"HOLDER_PROFIT_QOQ_SQ":89.283163906423,"ROE_AVG_SQ":-0.326060375513,"PE_TTM_SQ":-17.650195575568,"PB_TTM_SQ":0.257702714484,"ROA_SQ":-0.219450641893,"START_DATE":"2022-01-01 00:00:00","FISCAL_YEAR":"12-31","CURRENCY":"HKD","IS_CNY_CODE":0,"DPS_HKD_LY":null,"ORG_TYPE":"一般企业","PREMIUM_INCOME":null,"PREMIUM_INCOME_YOY":null,"NET_INTEREST_INCOME":null,"NET_INTEREST_INCOME_YOY":null,"FEE_COMMISSION_INCOME":null,"FEE_COMMISSION_INCOME_YOY":null,"ACCOUNTS_RECE_TDAYS":5.244222361024,"INVENTORY_TDAYS":0.132057775277,"CURRENT_ASSETS_TDAYS":1.040009909575,"TOTAL_ASSETS_TDAYS":0.074786667379,"PREMIUM_EXPENSE":null,"LOAN_DEPOSIT":null,"LOAN_EQUITY":null,"LOAN_ASSETS":null,"DEPOSIT_EQUITY":null,"DEPOSIT_ASSETS":null,"EQUITY_MULTIPLIER":1.566472868217,"EQUITY_RATIO":0.568108618392},{"SECUCODE":"00045.HK","SECURITY_CODE":"00045","SECURITY_NAME_ABBR":"大酒店","ORG_CODE":"10007334","STD_REPORT_DATE":"2022-06-30 00:00:00","REPORT_DATE":"2022-06-30 00:00:00","DATE_TYPE_CODE":"002","REPORT_TYPE":"2022年中报","PER_NETCASH_OPERATE":0.039404081571,"PER_OI":0.861705046997,"BPS":18.821528281299,"BASIC_EPS":0.0684152,"DILUTED_EPS":0.0684152,"OPERATE_INCOME":1421325780,"OPERATE_INCOME_YOY":31.4873417722,"GROSS_PROFIT":1327254880,"GROSS_PROFIT_YOY":35.178380827137,"HOLDER_PROFIT":114595460,"HOLDER_PROFIT_YOY":129.6460176991,"GROSS_PROFIT_RATIO":93.38146811071,"EPS_TTM":0.238011081965,"OPERATE_INCOME_QOQ":13.060567684306,"NET_PROFIT_RATIO":8.1227436823,"ROE_AVG":0.364879031709,"GROSS_PROFIT_QOQ":13.407063020406,"ROA":0.240555071852,"HOLDER_PROFIT_QOQ":500.138229778213,"ROE_YEARLY":0.729758063418,"ROIC_YEARLY":0.486980538949,"TOTAL_ASSETS":47654607560,"TOTAL_LIABILITIES":16191312270,"TAX_EBT":-8,"OCF_SALES":4.572803850782,"TOTAL_PARENT_EQUITY":31374355530,"DEBT_ASSET_RATIO":33.9763836049,"OPERATE_PROFIT":-141106350,"PRETAX_PROFIT":106898750,"NETCASH_OPERATE":64994440,"NETCASH_INVEST":-1022807240,"NETCASH_FINANCE":1128850800,"END_CASH":550742360,"DIVI_RATIO":0.304597581766,"DIVIDEND_RATE":1.277955271565,"CURRENT_RATIO":0.607826253349,"COMMON_ACS":null,"CURRENTDEBT_DEBT":55.2051972746,"ISSUED_COMMON_SHARES":1666939850,"HK_COMMON_SHARES":1666939850,"PER_SHARES":500,"TOTAL_MARKET_CAP":10435043461,"HKSK_MARKET_CAP":10435043461,"PE_TTM":-26.35111985101,"PB_TTM":0.290742622412,"REPORT_DATE_SQ":"2021-06-30 00:00:00","REPORT_TYPE_SQ":"2021年中报","OPERATE_INCOME_SQ":1051749120,"DPS_HKD":0.08,"OPERATE_INCOME_QOQ_SQ":-7.312197184516,"NET_PROFIT_RATIO_SQ":-35.6012658228,"HOLDER_PROFIT_SQ":-376100160,"HOLDER_PROFIT_QOQ_SQ":43.930401959454,"ROE_AVG_SQ":-1.233237384555,"PE_TTM_SQ":-17.650195575568,"PB_TTM_SQ":0.257702714484,"ROA_SQ":-0.83508849721,"START_DATE":"2022-01-01 00:00:00","FISCAL_YEAR":"12-31","CURRENCY":"HKD","IS_CNY_CODE":0,"DPS_HKD_LY":null,"ORG_TYPE":"一般企业","PREMIUM_INCOME":null,"PREMIUM_INCOME_YOY":null,"NET_INTEREST_INCOME":null,"NET_INTEREST_INCOME_YOY":null,"FEE_COMMISSION_INCOME":null,"FEE_COMMISSION_INCOME_YOY":null,"ACCOUNTS_RECE_TDAYS":2.147286821705,"INVENTORY_TDAYS":0.044194455605,"CURRENT_ASSETS_TDAYS":0.42923553719,"TOTAL_ASSETS_TDAYS":0.029836009658,"PREMIUM_EXPENSE":null,"LOAN_DEPOSIT":null,"LOAN_EQUITY":null,"LOAN_ASSETS":null,"DEPOSIT_EQUITY":null,"DEPOSIT_ASSETS":null,"EQUITY_MULTIPLIER":1.514609551249,"EQUITY_RATIO":0.51606836209},{"SECUCODE":"00045.HK","SECURITY_CODE":"00045","SECURITY_NAME_ABBR":"大酒店","ORG_CODE":"10007334","STD_REPORT_DATE":"2021-12-31 00:00:00","REPORT_DATE":"2021-12-31 00:00:00","DATE_TYPE_CODE":"001","REPORT_TYPE":"2021年年报","PER_NETCASH_OPERATE":0.157627869638,"PER_OI":1.715566216407,"BPS":18.031011256945,"BASIC_EPS":-0.057232,"DILUTED_EPS":-0.057232,"OPERATE_INCOME":2829713600,"OPERATE_INCOME_YOY":27.7121771218,"GROSS_PROFIT":2576257600,"GROSS_PROFIT_YOY":22.586988422036,"HOLDER_PROFIT":-98112000,"HOLDER_PROFIT_YOY":93.8144329897,"GROSS_PROFIT_RATIO":91.043051141289,"EPS_TTM":-0.059482214958,"OPERATE_INCOME_QOQ":33.851806304345,"NET_PROFIT_RATIO":-9.2169893094,"ROE_AVG":-0.326060375513,"GROSS_PROFIT_QOQ":33.375548133705,"ROA":-0.219450641893,"HOLDER_PROFIT_QOQ":89.283163906423,"ROE_YEARLY":-0.326060375513,"ROIC_YEARLY":-0.222316912759,"TOTAL_ASSETS":45528056000,"TOTAL_LIABILITIES":15387232000,"TAX_EBT":-13.120567375887,"OCF_SALES":9.188095926033,"TOTAL_PARENT_EQUITY":30056611200,"DEBT_ASSET_RATIO":33.7972524019,"OPERATE_PROFIT":-85848000,"PRETAX_PROFIT":-230563200,"NETCASH_OPERATE":259996800,"NETCASH_INVEST":-2124942400,"NETCASH_FINANCE":1832241600,"END_CASH":381001600,"DIVI_RATIO":-1.218811371625,"DIVIDEND_RATE":1.277955271565,"CURRENT_RATIO":0.370143693454,"COMMON_ACS":null,"CURRENTDEBT_DEBT":19.968119022317,"ISSUED_COMMON_SHARES":1666939850,"HK_COMMON_SHARES":1666939850,"PER_SHARES":500,"TOTAL_MARKET_CAP":10435043461,"HKSK_MARKET_CAP":10435043461,"PE_TTM":-26.35111985101,"PB_TTM":0.290742622412,"REPORT_DATE_SQ":"2020-12-31 00:00:00","REPORT_TYPE_SQ":"2020年年报","OPERATE_INCOME_SQ":2280844400,"DPS_HKD":0.08,"OPERATE_INCOME_QOQ_SQ":-43.336009417567,"NET_PROFIT_RATIO_SQ":-73.0627306273,"HOLDER_PROFIT_SQ":-1632781600,"HOLDER_PROFIT_QOQ_SQ":-86.75173223105,"ROE_AVG_SQ":-5.112124166645,"PE_TTM_SQ":-17.650195575568,"PB_TTM_SQ":0.257702714484,"ROA_SQ":-3.635000936856,"START_DATE":"2021-01-01 00:00:00","FISCAL_YEAR":"12-31","CURRENCY":"HKD","IS_CNY_CODE":0,"DPS_HKD_LY":null,"ORG_TYPE":"一般企业","PREMIUM_INCOME":null,"PREMIUM_INCOME_YOY":null,"NET_INTEREST_INCOME":null,"NET_INTEREST_INCOME_YOY":null,"FEE_COMMISSION_INCOME":null,"FEE_COMMISSION_INCOME_YOY":null,"ACCOUNTS_RECE_TDAYS":4.793628808864,"INVENTORY_TDAYS":3.899371069182,"CURRENT_ASSETS_TDAYS":2.54204921043,"TOTAL_ASSETS_TDAYS":0.063293222633,"PREMIUM_EXPENSE":null,"LOAN_DEPOSIT":null,"LOAN_EQUITY":null,"LOAN_ASSETS":null,"DEPOSIT_EQUITY":null,"DEPOSIT_ASSETS":null,"EQUITY_MULTIPLIER":1.510511325105,"EQUITY_RATIO":0.511941678908},{"SECUCODE":"00045.HK","SECURITY_CODE":"00045","SECURITY_NAME_ABBR":"大酒店","ORG_CODE":"10007334","STD_REPORT_DATE":"2021-06-30 00:00:00","REPORT_DATE":"2021-06-30 00:00:00","DATE_TYPE_CODE":"002","REPORT_TYPE":"2021年中报","PER_NETCASH_OPERATE":0.002522319463,"PER_OI":0.637642360134,"BPS":18.199099817549,"BASIC_EPS":-0.2246616,"DILUTED_EPS":-0.2246616,"OPERATE_INCOME":1051749120,"OPERATE_INCOME_YOY":-5.2473763118,"GROSS_PROFIT":981854400,"GROSS_PROFIT_YOY":-14.758324328672,"HOLDER_PROFIT":-376100160,"HOLDER_PROFIT_YOY":62.23893066,"GROSS_PROFIT_RATIO":93.354430379747,"EPS_TTM":-0.555035221575,"OPERATE_INCOME_QOQ":-7.312197184516,"NET_PROFIT_RATIO":-35.6012658228,"ROE_AVG":-1.233237384555,"GROSS_PROFIT_QOQ":-8.088858762067,"ROA":-0.83508849721,"HOLDER_PROFIT_QOQ":43.930401959454,"ROE_YEARLY":-2.466474769109,"ROIC_YEARLY":-1.69598048872,"TOTAL_ASSETS":45409101840,"TOTAL_LIABILITIES":14814352320,"TAX_EBT":-1.123595505618,"OCF_SALES":0.395569620253,"TOTAL_PARENT_EQUITY":30336804720,"DEBT_ASSET_RATIO":32.62419145,"OPERATE_PROFIT":-203027520,"PRETAX_PROFIT":-370275600,"NETCASH_OPERATE":4160400,"NETCASH_INVEST":-1047588720,"NETCASH_FINANCE":1035107520,"END_CASH":412711680,"DIVI_RATIO":-0.130618016987,"DIVIDEND_RATE":1.277955271565,"CURRENT_RATIO":0.303280517742,"COMMON_ACS":null,"CURRENTDEBT_DEBT":25.168501460346,"ISSUED_COMMON_SHARES":1666939850,"HK_COMMON_SHARES":1666939850,"PER_SHARES":500,"TOTAL_MARKET_CAP":10435043461,"HKSK_MARKET_CAP":10435043461,"PE_TTM":-26.35111985101,"PB_TTM":0.290742622412,"REPORT_DATE_SQ":"2020-06-30 00:00:00","REPORT_TYPE_SQ":"2020年中报","OPERATE_INCOME_SQ":1218528960,"DPS_HKD":0.08,"OPERATE_INCOME_QOQ_SQ":-23.501450941312,"NET_PROFIT_RATIO_SQ":-92.0539730135,"HOLDER_PROFIT_SQ":-1093387680,"HOLDER_PROFIT_QOQ_SQ":-297.576436449703,"ROE_AVG_SQ":-3.125652809693,"PE_TTM_SQ":-17.650195575568,"PB_TTM_SQ":0.257702714484,"ROA_SQ":-2.271045591667,"START_DATE":"2021-01-01 00:00:00","FISCAL_YEAR":"12-31","CURRENCY":"HKD","IS_CNY_CODE":0,"DPS_HKD_LY":null,"ORG_TYPE":"一般企业","PREMIUM_INCOME":null,"PREMIUM_INCOME_YOY":null,"NET_INTEREST_INCOME":null,"NET_INTEREST_INCOME_YOY":null,"FEE_COMMISSION_INCOME":null,"FEE_COMMISSION_INCOME_YOY":null,"ACCOUNTS_RECE_TDAYS":1.833212472806,"INVENTORY_TDAYS":1.024390243902,"CURRENT_ASSETS_TDAYS":0.939427722036,"TOTAL_ASSETS_TDAYS":0.023352917267,"PREMIUM_EXPENSE":null,"LOAN_DEPOSIT":null,"LOAN_EQUITY":null,"LOAN_ASSETS":null,"DEPOSIT_EQUITY":null,"DEPOSIT_ASSETS":null,"EQUITY_MULTIPLIER":1.48421224401,"EQUITY_RATIO":0.488329356263},{"SECUCODE":"00045.HK","SECURITY_CODE":"00045","SECURITY_NAME_ABBR":"大酒店","ORG_CODE":"10007334","STD_REPORT_DATE":"2020-12-31 00:00:00","REPORT_DATE":"2020-12-31 00:00:00","DATE_TYPE_CODE":"001","REPORT_TYPE":"2020年年报","PER_NETCASH_OPERATE":-0.439843964288,"PER_OI":1.382804110466,"BPS":18.602581346891,"BASIC_EPS":-0.9931352,"DILUTED_EPS":-0.9931352,"OPERATE_INCOME":2280844400,"OPERATE_INCOME_YOY":-53.8644875724,"GROSS_PROFIT":2101575080,"GROSS_PROFIT_YOY":-56.69034614761,"HOLDER_PROFIT":-1632781600,"HOLDER_PROFIT_YOY":-492.7125506073,"GROSS_PROFIT_RATIO":92.140221402214,"EPS_TTM":-0.989904049559,"OPERATE_INCOME_QOQ":-43.336009417567,"NET_PROFIT_RATIO":-73.0627306273,"ROE_AVG":-5.112124166645,"GROSS_PROFIT_QOQ":-43.396091622926,"ROA":-3.635000936856,"HOLDER_PROFIT_QOQ":-86.75173223105,"ROE_YEARLY":-5.112124166645,"ROIC_YEARLY":-3.7114979912,"TOTAL_ASSETS":45178393560,"TOTAL_LIABILITIES":13909784280,"TAX_EBT":-1.59055926116,"OCF_SALES":-31.808118081181,"TOTAL_PARENT_EQUITY":31009384160,"DEBT_ASSET_RATIO":30.7885765383,"OPERATE_PROFIT":-516766960,"PRETAX_PROFIT":-1640356360,"NETCASH_OPERATE":-367796680,"NETCASH_INVEST":-2299360480,"NETCASH_FINANCE":2513137040,"END_CASH":425869840,"DIVI_RATIO":-0.073236997093,"DIVIDEND_RATE":1.277955271565,"CURRENT_RATIO":0.395486935867,"COMMON_ACS":null,"CURRENTDEBT_DEBT":20.378774127186,"ISSUED_COMMON_SHARES":1666939850,"HK_COMMON_SHARES":1666939850,"PER_SHARES":500,"TOTAL_MARKET_CAP":10435043461,"HKSK_MARKET_CAP":10435043461,"PE_TTM":-26.35111985101,"PB_TTM":0.290742622412,"REPORT_DATE_SQ":"2019-12-31 00:00:00","REPORT_TYPE_SQ":"2019年年报","OPERATE_INCOME_SQ":5261811720,"DPS_HKD":0.08,"OPERATE_INCOME_QOQ_SQ":-4.278534066471,"NET_PROFIT_RATIO_SQ":8.5631596868,"HOLDER_PROFIT_SQ":442515320,"HOLDER_PROFIT_QOQ_SQ":-43.368712180248,"ROE_AVG_SQ":1.271262770529,"PE_TTM_SQ":-17.650195575568,"PB_TTM_SQ":0.257702714484,"ROA_SQ":0.968124405946,"START_DATE":"2020-01-01 00:00:00","FISCAL_YEAR":"12-31","CURRENCY":"HKD","IS_CNY_CODE":0,"DPS_HKD_LY":0.09,"ORG_TYPE":"一般企业","PREMIUM_INCOME":null,"PREMIUM_INCOME_YOY":null,"NET_INTEREST_INCOME":null,"NET_INTEREST_INCOME_YOY":null,"FEE_COMMISSION_INCOME":null,"FEE_COMMISSION_INCOME_YOY":null,"ACCOUNTS_RECE_TDAYS":3.927536231884,"INVENTORY_TDAYS":2.462427745665,"CURRENT_ASSETS_TDAYS":1.878682842288,"TOTAL_ASSETS_TDAYS":0.050777590407,"PREMIUM_EXPENSE":null,"LOAN_DEPOSIT":null,"LOAN_EQUITY":null,"LOAN_ASSETS":null,"DEPOSIT_EQUITY":null,"DEPOSIT_ASSETS":null,"EQUITY_MULTIPLIER":1.444848191214,"EQUITY_RATIO":0.448566930844},{"SECUCODE":"00045.HK","SECURITY_CODE":"00045","SECURITY_NAME_ABBR":"大酒店","ORG_CODE":"10007334","STD_REPORT_DATE":"2020-06-30 00:00:00","REPORT_DATE":"2020-06-30 00:00:00","DATE_TYPE_CODE":"002","REPORT_TYPE":"2020年中报","PER_NETCASH_OPERATE":-0.351656584961,"PER_OI":0.738755723367,"BPS":20.569854827095,"BASIC_EPS":-0.6668112,"DILUTED_EPS":-0.6668112,"OPERATE_INCOME":1218528960,"OPERATE_INCOME_YOY":-52.2035112863,"GROSS_PROFIT":1151847840,"GROSS_PROFIT_YOY":-49.734206764496,"HOLDER_PROFIT":-1093387680,"HOLDER_PROFIT_YOY":-571.2598425197,"GROSS_PROFIT_RATIO":94.527736131934,"EPS_TTM":-0.530064186143,"OPERATE_INCOME_QOQ":-23.501450941312,"NET_PROFIT_RATIO":-92.0539730135,"ROE_AVG":-3.125652809693,"GROSS_PROFIT_QOQ":-23.486460397969,"ROA":-2.271045591667,"HOLDER_PROFIT_QOQ":-297.576436449703,"ROE_YEARLY":-6.251305619386,"ROIC_YEARLY":-4.657451630789,"TOTAL_ASSETS":47821324320,"TOTAL_LIABILITIES":12931570080,"TAX_EBT":0,"OCF_SALES":-47.6011994003,"TOTAL_PARENT_EQUITY":34288710720,"DEBT_ASSET_RATIO":27.0414302905,"OPERATE_PROFIT":-345280320,"PRETAX_PROFIT":-1121704320,"NETCASH_OPERATE":-415615200,"NETCASH_INVEST":-910699680,"NETCASH_FINANCE":1230403680,"END_CASH":517920480,"DIVI_RATIO":-0.136771360705,"DIVIDEND_RATE":1.277955271565,"CURRENT_RATIO":0.511219147345,"COMMON_ACS":null,"CURRENTDEBT_DEBT":18.888182524546,"ISSUED_COMMON_SHARES":1666939850,"HK_COMMON_SHARES":1666939850,"PER_SHARES":500,"TOTAL_MARKET_CAP":10435043461,"HKSK_MARKET_CAP":10435043461,"PE_TTM":-26.35111985101,"PB_TTM":0.290742622412,"REPORT_DATE_SQ":"2019-06-30 00:00:00","REPORT_TYPE_SQ":"2019年中报","OPERATE_INCOME_SQ":2455131060,"DPS_HKD":0.08,"OPERATE_INCOME_QOQ_SQ":0.960493593521,"NET_PROFIT_RATIO_SQ":9.3156574704,"HOLDER_PROFIT_SQ":223433640,"HOLDER_PROFIT_QOQ_SQ":-28.254032671984,"ROE_AVG_SQ":0.655813893443,"PE_TTM_SQ":-17.650195575568,"PB_TTM_SQ":0.257702714484,"ROA_SQ":0.501872141156,"START_DATE":"2020-01-01 00:00:00","FISCAL_YEAR":"12-31","CURRENCY":"HKD","IS_CNY_CODE":0,"DPS_HKD_LY":0.09,"ORG_TYPE":"一般企业","PREMIUM_INCOME":null,"PREMIUM_INCOME_YOY":null,"NET_INTEREST_INCOME":null,"NET_INTEREST_INCOME_YOY":null,"FEE_COMMISSION_INCOME":null,"FEE_COMMISSION_INCOME_YOY":null,"ACCOUNTS_RECE_TDAYS":1.967551622419,"INVENTORY_TDAYS":0.83908045977,"CURRENT_ASSETS_TDAYS":0.913698630137,"TOTAL_ASSETS_TDAYS":0.025309731155,"PREMIUM_EXPENSE":null,"LOAN_DEPOSIT":null,"LOAN_EQUITY":null,"LOAN_ASSETS":null,"DEPOSIT_EQUITY":null,"DEPOSIT_ASSETS":null,"EQUITY_MULTIPLIER":1.370640904806,"EQUITY_RATIO":0.377137833662}],"count":49},"success":true,"message":"ok","code":0}