{"version":"0e3aa5fe62896ea225c96d0887728206","result":{"pages":6,"data":[{"SECUCODE":"00040.HK","SECURITY_CODE":"00040","SECURITY_NAME_ABBR":"金山科技工业","ORG_CODE":"10057128","STD_REPORT_DATE":"2024-06-30 00:00:00","REPORT_DATE":"2024-09-30 00:00:00","DATE_TYPE_CODE":"002","REPORT_TYPE":"2024年中报","PER_NETCASH_OPERATE":0.120453065065,"PER_OI":3.482782056904,"BPS":1.0875725478,"BASIC_EPS":0.025791194,"DILUTED_EPS":null,"OPERATE_INCOME":3188400286.65,"OPERATE_INCOME_YOY":7.6716346095,"GROSS_PROFIT":936739773.24,"GROSS_PROFIT_YOY":13.635367249125,"HOLDER_PROFIT":23570987.02,"HOLDER_PROFIT_YOY":648.2965931864,"GROSS_PROFIT_RATIO":29.379616391398,"EPS_TTM":-0.36374785214,"OPERATE_INCOME_QOQ":0,"NET_PROFIT_RATIO":2.31126799,"ROE_AVG":2.264199649429,"GROSS_PROFIT_QOQ":0,"ROA":0.34321457253,"HOLDER_PROFIT_QOQ":0,"ROE_YEARLY":4.528399298859,"ROIC_YEARLY":0.94053207279,"TOTAL_ASSETS":6879397899.37,"TOTAL_LIABILITIES":4905816055.73,"TAX_EBT":32.630381374796,"OCF_SALES":3.458530080169,"TOTAL_PARENT_EQUITY":995645597.83,"DEBT_ASSET_RATIO":71.3117067437,"OPERATE_PROFIT":181527621.63,"PRETAX_PROFIT":109385323.42,"NETCASH_OPERATE":110271782.99,"NETCASH_INVEST":-89143745.08,"NETCASH_FINANCE":-411762724.74,"END_CASH":751486857.12,"DIVI_RATIO":-0.062109920009,"DIVIDEND_RATE":4.385964912281,"CURRENT_RATIO":0.898020537595,"COMMON_ACS":null,"CURRENTDEBT_DEBT":76.821657447758,"ISSUED_COMMON_SHARES":915475110,"HK_COMMON_SHARES":915475110,"PER_SHARES":1000,"TOTAL_MARKET_CAP":521820812.7,"HKSK_MARKET_CAP":521820812.7,"PE_TTM":-1.513910749266,"PB_TTM":0.472630815333,"REPORT_DATE_SQ":"2023-06-30 00:00:00","REPORT_TYPE_SQ":"2023年中报","OPERATE_INCOME_SQ":3013239983.6,"DPS_HKD":0.025,"OPERATE_INCOME_QOQ_SQ":0,"NET_PROFIT_RATIO_SQ":1.2152375964,"HOLDER_PROFIT_SQ":3205281.59,"HOLDER_PROFIT_QOQ_SQ":0,"ROE_AVG_SQ":0.213515866069,"PE_TTM_SQ":-15.063563896848,"PB_TTM_SQ":0.338067706936,"ROA_SQ":0.043694178279,"START_DATE":"2024-04-01 00:00:00","FISCAL_YEAR":"3-31","CURRENCY":"HKD","IS_CNY_CODE":0,"DPS_HKD_LY":0.025,"ORG_TYPE":"一般企业","PREMIUM_INCOME":null,"PREMIUM_INCOME_YOY":null,"NET_INTEREST_INCOME":null,"NET_INTEREST_INCOME_YOY":null,"FEE_COMMISSION_INCOME":null,"FEE_COMMISSION_INCOME_YOY":null,"ACCOUNTS_RECE_TDAYS":2.389993841886,"INVENTORY_TDAYS":2.129828598919,"CURRENT_ASSETS_TDAYS":0.951483334271,"TOTAL_ASSETS_TDAYS":0.464259490071,"PREMIUM_EXPENSE":null,"LOAN_DEPOSIT":null,"LOAN_EQUITY":null,"LOAN_ASSETS":null,"DEPOSIT_EQUITY":null,"DEPOSIT_ASSETS":null,"EQUITY_MULTIPLIER":3.485742393478,"EQUITY_RATIO":4.927271376906},{"SECUCODE":"00040.HK","SECURITY_CODE":"00040","SECURITY_NAME_ABBR":"金山科技工业","ORG_CODE":"10057128","STD_REPORT_DATE":"2023-12-31 00:00:00","REPORT_DATE":"2024-03-31 00:00:00","DATE_TYPE_CODE":"001","REPORT_TYPE":"2023年年报","PER_NETCASH_OPERATE":0.471828780468,"PER_OI":6.413266505192,"BPS":1.192984898847,"BASIC_EPS":-0.36352655,"DILUTED_EPS":null,"OPERATE_INCOME":5871185859.3,"OPERATE_INCOME_YOY":-1.5897217242,"GROSS_PROFIT":1671373599.2,"GROSS_PROFIT_YOY":9.037127103162,"HOLDER_PROFIT":-333002104.95,"HOLDER_PROFIT_YOY":-1094.6628757108,"GROSS_PROFIT_RATIO":28.467393798351,"EPS_TTM":-0.035944844847,"OPERATE_INCOME_QOQ":0,"NET_PROFIT_RATIO":-5.2785449214,"ROE_AVG":-25.280738224617,"GROSS_PROFIT_QOQ":0,"ROA":-4.629006190634,"HOLDER_PROFIT_QOQ":0,"ROE_YEARLY":-25.280738224617,"ROIC_YEARLY":-6.459037802434,"TOTAL_ASSETS":6892214086.75,"TOTAL_LIABILITIES":4939024915.25,"TAX_EBT":-15.662438634895,"OCF_SALES":7.357074278543,"TOTAL_PARENT_EQUITY":1092147981.5,"DEBT_ASSET_RATIO":71.6609329467,"OPERATE_PROFIT":296492616.8,"PRETAX_PROFIT":-267946263.85,"NETCASH_OPERATE":431947504.7,"NETCASH_INVEST":-156367183.3,"NETCASH_FINANCE":-266017125.45,"END_CASH":1130884863,"DIVI_RATIO":-0.628528238092,"DIVIDEND_RATE":4.807692307692,"CURRENT_RATIO":0.995261845656,"COMMON_ACS":null,"CURRENTDEBT_DEBT":67.846381022566,"ISSUED_COMMON_SHARES":915475110,"HK_COMMON_SHARES":915475110,"PER_SHARES":1000,"TOTAL_MARKET_CAP":476047057.2,"HKSK_MARKET_CAP":476047057.2,"PE_TTM":-1.381111560734,"PB_TTM":0.431171971882,"REPORT_DATE_SQ":"2022-12-31 00:00:00","REPORT_TYPE_SQ":"2022年年报","OPERATE_INCOME_SQ":5761095970.66,"DPS_HKD":0.025,"OPERATE_INCOME_QOQ_SQ":0,"NET_PROFIT_RATIO_SQ":1.3103883802,"HOLDER_PROFIT_SQ":32328891.3,"HOLDER_PROFIT_QOQ_SQ":0,"ROE_AVG_SQ":1.895675237415,"PE_TTM_SQ":-15.323280515759,"PB_TTM_SQ":0.343896460504,"ROA_SQ":0.42653749268,"START_DATE":"2023-04-01 00:00:00","FISCAL_YEAR":"3-31","CURRENCY":"HKD","IS_CNY_CODE":0,"DPS_HKD_LY":null,"ORG_TYPE":"一般企业","PREMIUM_INCOME":null,"PREMIUM_INCOME_YOY":null,"NET_INTEREST_INCOME":null,"NET_INTEREST_INCOME_YOY":null,"FEE_COMMISSION_INCOME":null,"FEE_COMMISSION_INCOME_YOY":null,"ACCOUNTS_RECE_TDAYS":5.021020522794,"INVENTORY_TDAYS":3.963238127909,"CURRENT_ASSETS_TDAYS":1.718261968645,"TOTAL_ASSETS_TDAYS":0.816143660508,"PREMIUM_EXPENSE":null,"LOAN_DEPOSIT":null,"LOAN_EQUITY":null,"LOAN_ASSETS":null,"DEPOSIT_EQUITY":null,"DEPOSIT_ASSETS":null,"EQUITY_MULTIPLIER":3.528697674201,"EQUITY_RATIO":4.522303752708},{"SECUCODE":"00040.HK","SECURITY_CODE":"00040","SECURITY_NAME_ABBR":"金山科技工业","ORG_CODE":"10057128","STD_REPORT_DATE":"2023-06-30 00:00:00","REPORT_DATE":"2023-09-30 00:00:00","DATE_TYPE_CODE":"002","REPORT_TYPE":"2023年中报","PER_NETCASH_OPERATE":0.099755257388,"PER_OI":3.291449380421,"BPS":1.574315999667,"BASIC_EPS":0.003486994,"DILUTED_EPS":null,"OPERATE_INCOME":3013239983.6,"OPERATE_INCOME_YOY":-2.6390506439,"GROSS_PROFIT":824338228.42,"GROSS_PROFIT_YOY":6.139524041635,"HOLDER_PROFIT":3205281.59,"HOLDER_PROFIT_YOY":-95.3840257955,"GROSS_PROFIT_RATIO":27.357204633769,"EPS_TTM":0.035313785101,"OPERATE_INCOME_QOQ":0,"NET_PROFIT_RATIO":1.2152375964,"ROE_AVG":0.213515866069,"GROSS_PROFIT_QOQ":0,"ROA":0.043694178279,"HOLDER_PROFIT_QOQ":0,"ROE_YEARLY":0.427031732138,"ROIC_YEARLY":0.118279428801,"TOTAL_ASSETS":7084411006.05,"TOTAL_LIABILITIES":4760809425.54,"TAX_EBT":45.876113876494,"OCF_SALES":3.030739527122,"TOTAL_PARENT_EQUITY":1441247112.97,"DEBT_ASSET_RATIO":67.2012030566,"OPERATE_PROFIT":115514017.29,"PRETAX_PROFIT":67655942.27,"NETCASH_OPERATE":91323455.23,"NETCASH_INVEST":7055657.07,"NETCASH_FINANCE":-365184622.95,"END_CASH":839407548.28,"DIVI_RATIO":0.639760080526,"DIVIDEND_RATE":4.807692307692,"CURRENT_RATIO":0.782539999279,"COMMON_ACS":null,"CURRENTDEBT_DEBT":86.064129118658,"ISSUED_COMMON_SHARES":915475110,"HK_COMMON_SHARES":915475110,"PER_SHARES":1000,"TOTAL_MARKET_CAP":476047057.2,"HKSK_MARKET_CAP":476047057.2,"PE_TTM":-1.381111560734,"PB_TTM":0.431171971882,"REPORT_DATE_SQ":"2022-06-30 00:00:00","REPORT_TYPE_SQ":"2022年中报","OPERATE_INCOME_SQ":3050430112.32,"DPS_HKD":0.025,"OPERATE_INCOME_QOQ_SQ":0,"NET_PROFIT_RATIO_SQ":2.8312096321,"HOLDER_PROFIT_SQ":68440783.68,"HOLDER_PROFIT_QOQ_SQ":0,"ROE_AVG_SQ":3.119975296823,"PE_TTM_SQ":-15.323280515759,"PB_TTM_SQ":0.343896460504,"ROA_SQ":0.713958989035,"START_DATE":"2023-04-01 00:00:00","FISCAL_YEAR":"3-31","CURRENCY":"HKD","IS_CNY_CODE":0,"DPS_HKD_LY":null,"ORG_TYPE":"一般企业","PREMIUM_INCOME":null,"PREMIUM_INCOME_YOY":null,"NET_INTEREST_INCOME":null,"NET_INTEREST_INCOME_YOY":null,"FEE_COMMISSION_INCOME":null,"FEE_COMMISSION_INCOME_YOY":null,"ACCOUNTS_RECE_TDAYS":2.457550502329,"INVENTORY_TDAYS":1.9965766553,"CURRENT_ASSETS_TDAYS":0.893090240131,"TOTAL_ASSETS_TDAYS":0.410762803032,"PREMIUM_EXPENSE":null,"LOAN_DEPOSIT":null,"LOAN_EQUITY":null,"LOAN_ASSETS":null,"DEPOSIT_EQUITY":null,"DEPOSIT_ASSETS":null,"EQUITY_MULTIPLIER":3.048892316769,"EQUITY_RATIO":3.303256868789},{"SECUCODE":"00040.HK","SECURITY_CODE":"00040","SECURITY_NAME_ABBR":"金山科技工业","ORG_CODE":"10057128","STD_REPORT_DATE":"2022-12-31 00:00:00","REPORT_DATE":"2023-03-31 00:00:00","DATE_TYPE_CODE":"001","REPORT_TYPE":"2022年年报","PER_NETCASH_OPERATE":0.504079659249,"PER_OI":6.293012128598,"BPS":1.626814185358,"BASIC_EPS":0.0350164,"DILUTED_EPS":null,"OPERATE_INCOME":5761095970.66,"OPERATE_INCOME_YOY":-6.8057188011,"GROSS_PROFIT":1532848162.46,"GROSS_PROFIT_YOY":3.15343499276,"HOLDER_PROFIT":32328891.3,"HOLDER_PROFIT_YOY":-76.4631651402,"GROSS_PROFIT_RATIO":26.606884701565,"EPS_TTM":0.143070333458,"OPERATE_INCOME_QOQ":0,"NET_PROFIT_RATIO":1.3103883802,"ROE_AVG":1.895675237415,"GROSS_PROFIT_QOQ":0,"ROA":0.42653749268,"HOLDER_PROFIT_QOQ":0,"ROE_YEARLY":1.895675237415,"ROIC_YEARLY":0.574570383005,"TOTAL_ASSETS":7237946781.65,"TOTAL_LIABILITIES":4854413699.23,"TAX_EBT":14.115127975301,"OCF_SALES":8.010149177347,"TOTAL_PARENT_EQUITY":1489307895.29,"DEBT_ASSET_RATIO":67.0689332994,"OPERATE_PROFIT":146745853.71,"PRETAX_PROFIT":87899918.1,"NETCASH_OPERATE":461472381.5,"NETCASH_INVEST":115917415.15,"NETCASH_FINANCE":-429266047.6,"END_CASH":1118675934.08,"DIVI_RATIO":0.15791079432,"DIVIDEND_RATE":4.807692307692,"CURRENT_RATIO":0.911082652188,"COMMON_ACS":null,"CURRENTDEBT_DEBT":76.391226953694,"ISSUED_COMMON_SHARES":915475110,"HK_COMMON_SHARES":915475110,"PER_SHARES":1000,"TOTAL_MARKET_CAP":476047057.2,"HKSK_MARKET_CAP":476047057.2,"PE_TTM":-1.381111560734,"PB_TTM":0.431171971882,"REPORT_DATE_SQ":"2021-12-31 00:00:00","REPORT_TYPE_SQ":"2021年年报","OPERATE_INCOME_SQ":5727044436.2,"DPS_HKD":0.025,"OPERATE_INCOME_QOQ_SQ":0,"NET_PROFIT_RATIO_SQ":2.8084348917,"HOLDER_PROFIT_SQ":127249902.03,"HOLDER_PROFIT_QOQ_SQ":0,"ROE_AVG_SQ":7.590141464533,"PE_TTM_SQ":-15.323280515759,"PB_TTM_SQ":0.343896460504,"ROA_SQ":1.497843481532,"START_DATE":"2022-04-01 00:00:00","FISCAL_YEAR":"3-31","CURRENCY":"HKD","IS_CNY_CODE":0,"DPS_HKD_LY":null,"ORG_TYPE":"一般企业","PREMIUM_INCOME":null,"PREMIUM_INCOME_YOY":null,"NET_INTEREST_INCOME":null,"NET_INTEREST_INCOME_YOY":null,"FEE_COMMISSION_INCOME":null,"FEE_COMMISSION_INCOME_YOY":null,"ACCOUNTS_RECE_TDAYS":4.540512756472,"INVENTORY_TDAYS":3.570488959066,"CURRENT_ASSETS_TDAYS":1.599639383739,"TOTAL_ASSETS_TDAYS":0.760101361848,"PREMIUM_EXPENSE":null,"LOAN_DEPOSIT":null,"LOAN_EQUITY":null,"LOAN_ASSETS":null,"DEPOSIT_EQUITY":null,"DEPOSIT_ASSETS":null,"EQUITY_MULTIPLIER":3.036646243779,"EQUITY_RATIO":3.259509812969},{"SECUCODE":"00040.HK","SECURITY_CODE":"00040","SECURITY_NAME_ABBR":"金山科技工业","ORG_CODE":"10057128","STD_REPORT_DATE":"2022-06-30 00:00:00","REPORT_DATE":"2022-09-30 00:00:00","DATE_TYPE_CODE":"002","REPORT_TYPE":"2022年中报","PER_NETCASH_OPERATE":-0.00611341003,"PER_OI":3.332073236071,"BPS":1.785965362444,"BASIC_EPS":0.074797188,"DILUTED_EPS":null,"OPERATE_INCOME":3050430112.32,"OPERATE_INCOME_YOY":-5.883416621,"GROSS_PROFIT":776655290.16,"GROSS_PROFIT_YOY":-0.237328652029,"HOLDER_PROFIT":68440783.68,"HOLDER_PROFIT_YOY":54.4179835299,"GROSS_PROFIT_RATIO":25.460517420913,"EPS_TTM":0.118177690271,"OPERATE_INCOME_QOQ":0,"NET_PROFIT_RATIO":2.8312096321,"ROE_AVG":3.119975296823,"GROSS_PROFIT_QOQ":0,"ROA":0.713958989035,"HOLDER_PROFIT_QOQ":0,"ROE_YEARLY":6.239950593646,"ROIC_YEARLY":1.882825743259,"TOTAL_ASSETS":7636771188.24,"TOTAL_LIABILITIES":5189304090.72,"TAX_EBT":14.734860129112,"OCF_SALES":-0.183471658551,"TOTAL_PARENT_EQUITY":1635006836.64,"DEBT_ASSET_RATIO":67.9515460501,"OPERATE_PROFIT":145113780.24,"PRETAX_PROFIT":117685732.8,"NETCASH_OPERATE":-5596674.72,"NETCASH_INVEST":187818723.72,"NETCASH_FINANCE":-86537723.64,"END_CASH":1053666268.92,"DIVI_RATIO":0.191172715834,"DIVIDEND_RATE":4.807692307692,"CURRENT_RATIO":0.933559140703,"COMMON_ACS":null,"CURRENTDEBT_DEBT":76.567453083073,"ISSUED_COMMON_SHARES":915475110,"HK_COMMON_SHARES":915475110,"PER_SHARES":1000,"TOTAL_MARKET_CAP":476047057.2,"HKSK_MARKET_CAP":476047057.2,"PE_TTM":-1.381111560734,"PB_TTM":0.431171971882,"REPORT_DATE_SQ":"2021-06-30 00:00:00","REPORT_TYPE_SQ":"2021年中报","OPERATE_INCOME_SQ":2985323825.84,"DPS_HKD":0.025,"OPERATE_INCOME_QOQ_SQ":0,"NET_PROFIT_RATIO_SQ":1.8007212931,"HOLDER_PROFIT_SQ":33686447.22,"HOLDER_PROFIT_QOQ_SQ":0,"ROE_AVG_SQ":2.457418898856,"PE_TTM_SQ":-15.323280515759,"PB_TTM_SQ":0.343896460504,"ROA_SQ":0.460498636082,"START_DATE":"2022-04-01 00:00:00","FISCAL_YEAR":"3-31","CURRENCY":"HKD","IS_CNY_CODE":0,"DPS_HKD_LY":null,"ORG_TYPE":"一般企业","PREMIUM_INCOME":null,"PREMIUM_INCOME_YOY":null,"NET_INTEREST_INCOME":null,"NET_INTEREST_INCOME_YOY":null,"FEE_COMMISSION_INCOME":null,"FEE_COMMISSION_INCOME_YOY":null,"ACCOUNTS_RECE_TDAYS":2.12737527706,"INVENTORY_TDAYS":1.792424943515,"CURRENT_ASSETS_TDAYS":0.796401476803,"TOTAL_ASSETS_TDAYS":0.385636186088,"PREMIUM_EXPENSE":null,"LOAN_DEPOSIT":null,"LOAN_EQUITY":null,"LOAN_ASSETS":null,"DEPOSIT_EQUITY":null,"DEPOSIT_ASSETS":null,"EQUITY_MULTIPLIER":3.120275322995,"EQUITY_RATIO":3.173873022687},{"SECUCODE":"00040.HK","SECURITY_CODE":"00040","SECURITY_NAME_ABBR":"金山科技工业","ORG_CODE":"10057128","STD_REPORT_DATE":"2021-12-31 00:00:00","REPORT_DATE":"2022-03-31 00:00:00","DATE_TYPE_CODE":"001","REPORT_TYPE":"2021年年报","PER_NETCASH_OPERATE":-0.050819950375,"PER_OI":6.255816650438,"BPS":1.697641124421,"BASIC_EPS":0.16057998,"DILUTED_EPS":null,"OPERATE_INCOME":5727044436.2,"OPERATE_INCOME_YOY":8.3801619559,"GROSS_PROFIT":1485988481.69,"GROSS_PROFIT_YOY":-0.140757525664,"HOLDER_PROFIT":127249902.03,"HOLDER_PROFIT_YOY":9.4680868523,"GROSS_PROFIT_RATIO":25.946864883695,"EPS_TTM":0.118932797016,"OPERATE_INCOME_QOQ":0,"NET_PROFIT_RATIO":2.8084348917,"ROE_AVG":7.590141464533,"GROSS_PROFIT_QOQ":0,"ROA":1.497843481532,"HOLDER_PROFIT_QOQ":0,"ROE_YEARLY":7.590141464533,"ROIC_YEARLY":1.984168742991,"TOTAL_ASSETS":7602167681.04,"TOTAL_LIABILITIES":4992700833.52,"TAX_EBT":13.785664948728,"OCF_SALES":-0.812363168791,"TOTAL_PARENT_EQUITY":1780140997.68,"DEBT_ASSET_RATIO":68.037950446,"OPERATE_PROFIT":86478807.31,"PRETAX_PROFIT":228960288.15,"NETCASH_OPERATE":-46524399.66,"NETCASH_INVEST":-28912506.5,"NETCASH_FINANCE":-83362906.89,"END_CASH":962122249.26,"DIVI_RATIO":0.189958956376,"DIVIDEND_RATE":4.807692307692,"CURRENT_RATIO":0.855434574879,"COMMON_ACS":null,"CURRENTDEBT_DEBT":82.95714595741,"ISSUED_COMMON_SHARES":915475110,"HK_COMMON_SHARES":915475110,"PER_SHARES":1000,"TOTAL_MARKET_CAP":476047057.2,"HKSK_MARKET_CAP":476047057.2,"PE_TTM":-1.381111560734,"PB_TTM":0.431171971882,"REPORT_DATE_SQ":"2020-12-31 00:00:00","REPORT_TYPE_SQ":"2020年年报","OPERATE_INCOME_SQ":5506856498.36,"DPS_HKD":0.025,"OPERATE_INCOME_QOQ_SQ":0,"NET_PROFIT_RATIO_SQ":3.1024531562,"HOLDER_PROFIT_SQ":102995325.16,"HOLDER_PROFIT_QOQ_SQ":0,"ROE_AVG_SQ":8.405226522172,"PE_TTM_SQ":-15.323280515759,"PB_TTM_SQ":0.343896460504,"ROA_SQ":1.522218009869,"START_DATE":"2021-04-01 00:00:00","FISCAL_YEAR":"3-31","CURRENCY":"HKD","IS_CNY_CODE":0,"DPS_HKD_LY":null,"ORG_TYPE":"一般企业","PREMIUM_INCOME":null,"PREMIUM_INCOME_YOY":null,"NET_INTEREST_INCOME":null,"NET_INTEREST_INCOME_YOY":null,"FEE_COMMISSION_INCOME":null,"FEE_COMMISSION_INCOME_YOY":null,"ACCOUNTS_RECE_TDAYS":4.457361796675,"INVENTORY_TDAYS":3.924277558151,"CURRENT_ASSETS_TDAYS":1.654037032561,"TOTAL_ASSETS_TDAYS":0.792893664622,"PREMIUM_EXPENSE":null,"LOAN_DEPOSIT":null,"LOAN_EQUITY":null,"LOAN_ASSETS":null,"DEPOSIT_EQUITY":null,"DEPOSIT_ASSETS":null,"EQUITY_MULTIPLIER":3.128710498713,"EQUITY_RATIO":2.804665945016},{"SECUCODE":"00040.HK","SECURITY_CODE":"00040","SECURITY_NAME_ABBR":"金山科技工业","ORG_CODE":"10057128","STD_REPORT_DATE":"2021-06-30 00:00:00","REPORT_DATE":"2021-09-30 00:00:00","DATE_TYPE_CODE":"002","REPORT_TYPE":"2021年中报","PER_NETCASH_OPERATE":-0.237216682227,"PER_OI":3.804448374655,"BPS":1.539897086224,"BASIC_EPS":0.042735978,"DILUTED_EPS":null,"OPERATE_INCOME":2985323825.84,"OPERATE_INCOME_YOY":14.4794512496,"GROSS_PROFIT":778502900.6,"GROSS_PROFIT_YOY":5.797073714322,"HOLDER_PROFIT":33686447.22,"HOLDER_PROFIT_YOY":-18.0441832185,"GROSS_PROFIT_RATIO":26.077670163,"EPS_TTM":0.131255575697,"OPERATE_INCOME_QOQ":0,"NET_PROFIT_RATIO":1.8007212931,"ROE_AVG":2.457418898856,"GROSS_PROFIT_QOQ":0,"ROA":0.460498636082,"HOLDER_PROFIT_QOQ":0,"ROE_YEARLY":4.914837797712,"ROIC_YEARLY":1.20143050361,"TOTAL_ASSETS":7329351017.42,"TOTAL_LIABILITIES":5150386785.52,"TAX_EBT":22.97765865727,"OCF_SALES":-6.235245135848,"TOTAL_PARENT_EQUITY":1409737454.4,"DEBT_ASSET_RATIO":70.2707070964,"OPERATE_PROFIT":87955307.86,"PRETAX_PROFIT":88894166.48,"NETCASH_OPERATE":-186142258.64,"NETCASH_INVEST":592305.66,"NETCASH_FINANCE":-118451968.34,"END_CASH":809800964.8,"DIVI_RATIO":0.172124878353,"DIVIDEND_RATE":4.807692307692,"CURRENT_RATIO":0.877458159182,"COMMON_ACS":null,"CURRENTDEBT_DEBT":77.169513523026,"ISSUED_COMMON_SHARES":915475110,"HK_COMMON_SHARES":915475110,"PER_SHARES":1000,"TOTAL_MARKET_CAP":476047057.2,"HKSK_MARKET_CAP":476047057.2,"PE_TTM":-1.381111560734,"PB_TTM":0.431171971882,"REPORT_DATE_SQ":"2020-06-30 00:00:00","REPORT_TYPE_SQ":"2020年中报","OPERATE_INCOME_SQ":2750667760.64,"DPS_HKD":0.025,"OPERATE_INCOME_QOQ_SQ":0,"NET_PROFIT_RATIO_SQ":3.1233831404,"HOLDER_PROFIT_SQ":43356044.8,"HOLDER_PROFIT_QOQ_SQ":0,"ROE_AVG_SQ":3.631489889753,"PE_TTM_SQ":-15.323280515759,"PB_TTM_SQ":0.343896460504,"ROA_SQ":0.66353417749,"START_DATE":"2021-04-01 00:00:00","FISCAL_YEAR":"3-31","CURRENCY":"HKD","IS_CNY_CODE":0,"DPS_HKD_LY":null,"ORG_TYPE":"一般企业","PREMIUM_INCOME":null,"PREMIUM_INCOME_YOY":null,"NET_INTEREST_INCOME":null,"NET_INTEREST_INCOME_YOY":null,"FEE_COMMISSION_INCOME":null,"FEE_COMMISSION_INCOME_YOY":null,"ACCOUNTS_RECE_TDAYS":2.182961629355,"INVENTORY_TDAYS":2.041585375487,"CURRENT_ASSETS_TDAYS":0.857689201339,"TOTAL_ASSETS_TDAYS":0.408098111707,"PREMIUM_EXPENSE":null,"LOAN_DEPOSIT":null,"LOAN_EQUITY":null,"LOAN_ASSETS":null,"DEPOSIT_EQUITY":null,"DEPOSIT_ASSETS":null,"EQUITY_MULTIPLIER":3.363685787087,"EQUITY_RATIO":3.653436864747},{"SECUCODE":"00040.HK","SECURITY_CODE":"00040","SECURITY_NAME_ABBR":"金山科技工业","ORG_CODE":"10057128","STD_REPORT_DATE":"2020-12-31 00:00:00","REPORT_DATE":"2021-03-31 00:00:00","DATE_TYPE_CODE":"001","REPORT_TYPE":"2020年年报","PER_NETCASH_OPERATE":0.236779621438,"PER_OI":7.017848808664,"BPS":1.47601152075,"BASIC_EPS":0.1310029,"DILUTED_EPS":null,"OPERATE_INCOME":5506856498.36,"OPERATE_INCOME_YOY":10.8182237461,"GROSS_PROFIT":1488083070.6,"GROSS_PROFIT_YOY":2.295745843471,"HOLDER_PROFIT":102995325.16,"HOLDER_PROFIT_YOY":483.0159793321,"GROSS_PROFIT_RATIO":26.753886752467,"EPS_TTM":-0.121207547968,"OPERATE_INCOME_QOQ":0,"NET_PROFIT_RATIO":3.1024531562,"ROE_AVG":8.405226522172,"GROSS_PROFIT_QOQ":0,"ROA":1.522218009869,"HOLDER_PROFIT_QOQ":0,"ROE_YEARLY":8.405226522172,"ROIC_YEARLY":2.075707753457,"TOTAL_ASSETS":7407292748.8,"TOTAL_LIABILITIES":5307724483.74,"TAX_EBT":27.839534098825,"OCF_SALES":3.278082281455,"TOTAL_PARENT_EQUITY":1351251809.32,"DEBT_ASSET_RATIO":71.655389678,"OPERATE_PROFIT":147395166.1,"PRETAX_PROFIT":235394462.52,"NETCASH_OPERATE":185799300.12,"NETCASH_INVEST":-130993603.02,"NETCASH_FINANCE":-65266489.96,"END_CASH":1114342784.24,"DIVI_RATIO":-0.186393920005,"DIVIDEND_RATE":4.807692307692,"CURRENT_RATIO":0.858589880882,"COMMON_ACS":null,"CURRENTDEBT_DEBT":77.337140343946,"ISSUED_COMMON_SHARES":915475110,"HK_COMMON_SHARES":915475110,"PER_SHARES":1000,"TOTAL_MARKET_CAP":476047057.2,"HKSK_MARKET_CAP":476047057.2,"PE_TTM":-1.381111560734,"PB_TTM":0.431171971882,"REPORT_DATE_SQ":"2019-12-31 00:00:00","REPORT_TYPE_SQ":"2019年年报","OPERATE_INCOME_SQ":5529265600.7,"DPS_HKD":0.025,"OPERATE_INCOME_QOQ_SQ":0,"NET_PROFIT_RATIO_SQ":1.5086645302,"HOLDER_PROFIT_SQ":19098157.4,"HOLDER_PROFIT_QOQ_SQ":0,"ROE_AVG_SQ":1.540656920426,"PE_TTM_SQ":-15.323280515759,"PB_TTM_SQ":0.343896460504,"ROA_SQ":0.287150923487,"START_DATE":"2020-04-01 00:00:00","FISCAL_YEAR":"3-31","CURRENCY":"HKD","IS_CNY_CODE":0,"DPS_HKD_LY":null,"ORG_TYPE":"一般企业","PREMIUM_INCOME":null,"PREMIUM_INCOME_YOY":null,"NET_INTEREST_INCOME":null,"NET_INTEREST_INCOME_YOY":null,"FEE_COMMISSION_INCOME":null,"FEE_COMMISSION_INCOME_YOY":null,"ACCOUNTS_RECE_TDAYS":4.73059482732,"INVENTORY_TDAYS":4.664251302915,"CURRENT_ASSETS_TDAYS":1.756513478253,"TOTAL_ASSETS_TDAYS":0.837690453691,"PREMIUM_EXPENSE":null,"LOAN_DEPOSIT":null,"LOAN_EQUITY":null,"LOAN_ASSETS":null,"DEPOSIT_EQUITY":null,"DEPOSIT_ASSETS":null,"EQUITY_MULTIPLIER":3.528007577595,"EQUITY_RATIO":3.928005459183},{"SECUCODE":"00040.HK","SECURITY_CODE":"00040","SECURITY_NAME_ABBR":"金山科技工业","ORG_CODE":"10057128","STD_REPORT_DATE":"2020-06-30 00:00:00","REPORT_DATE":"2020-09-30 00:00:00","DATE_TYPE_CODE":"002","REPORT_TYPE":"2020年中报","PER_NETCASH_OPERATE":0.089984782124,"PER_OI":3.505406482407,"BPS":1.359575654307,"BASIC_EPS":0.055271488,"DILUTED_EPS":null,"OPERATE_INCOME":2750667760.64,"OPERATE_INCOME_YOY":-0.2968675855,"GROSS_PROFIT":735845400.32,"GROSS_PROFIT_YOY":-3.550416217851,"HOLDER_PROFIT":43356044.8,"HOLDER_PROFIT_YOY":-71.7543879736,"GROSS_PROFIT_RATIO":26.552341056857,"EPS_TTM":0.024338382741,"OPERATE_INCOME_QOQ":0,"NET_PROFIT_RATIO":3.1233831404,"ROE_AVG":3.631489889753,"GROSS_PROFIT_QOQ":0,"ROA":0.66353417749,"HOLDER_PROFIT_QOQ":0,"ROE_YEARLY":7.262979779505,"ROIC_YEARLY":1.798718349379,"TOTAL_ASSETS":6700177610.88,"TOTAL_LIABILITIES":4703938421.12,"TAX_EBT":25.664584289593,"OCF_SALES":2.504566167349,"TOTAL_PARENT_EQUITY":1244657671.68,"DEBT_ASSET_RATIO":70.2061750345,"OPERATE_PROFIT":97258487.04,"PRETAX_PROFIT":112949790.08,"NETCASH_OPERATE":70610424.32,"NETCASH_INVEST":-33755150.08,"NETCASH_FINANCE":-291829941.76,"END_CASH":860081470.08,"DIVI_RATIO":0.928260116555,"DIVIDEND_RATE":4.807692307692,"CURRENT_RATIO":0.777831906893,"COMMON_ACS":null,"CURRENTDEBT_DEBT":85.817434189941,"ISSUED_COMMON_SHARES":915475110,"HK_COMMON_SHARES":915475110,"PER_SHARES":1000,"TOTAL_MARKET_CAP":476047057.2,"HKSK_MARKET_CAP":476047057.2,"PE_TTM":-1.381111560734,"PB_TTM":0.431171971882,"REPORT_DATE_SQ":"2019-06-30 00:00:00","REPORT_TYPE_SQ":"2019年中报","OPERATE_INCOME_SQ":2902607745.33,"DPS_HKD":0.025,"OPERATE_INCOME_QOQ_SQ":0,"NET_PROFIT_RATIO_SQ":7.47961502,"HOLDER_PROFIT_SQ":157564910.82,"HOLDER_PROFIT_QOQ_SQ":0,"ROE_AVG_SQ":12.220404091424,"PE_TTM_SQ":-15.323280515759,"PB_TTM_SQ":0.343896460504,"ROA_SQ":2.388520356748,"START_DATE":"2020-04-01 00:00:00","FISCAL_YEAR":"3-31","CURRENCY":"HKD","IS_CNY_CODE":0,"DPS_HKD_LY":null,"ORG_TYPE":"一般企业","PREMIUM_INCOME":null,"PREMIUM_INCOME_YOY":null,"NET_INTEREST_INCOME":null,"NET_INTEREST_INCOME_YOY":null,"FEE_COMMISSION_INCOME":null,"FEE_COMMISSION_INCOME_YOY":null,"ACCOUNTS_RECE_TDAYS":2.320404851757,"INVENTORY_TDAYS":2.401338198212,"CURRENT_ASSETS_TDAYS":0.911583596564,"TOTAL_ASSETS_TDAYS":0.431469352326,"PREMIUM_EXPENSE":null,"LOAN_DEPOSIT":null,"LOAN_EQUITY":null,"LOAN_ASSETS":null,"DEPOSIT_EQUITY":null,"DEPOSIT_ASSETS":null,"EQUITY_MULTIPLIER":3.356400197551,"EQUITY_RATIO":3.779302958677}],"count":49},"success":true,"message":"ok","code":0}