{"version":"b0a8bc575ce419dfa0b45f6137db7b41","result":{"pages":5,"data":[{"SECUCODE":"00048.HK","SECURITY_CODE":"00048","SECURITY_NAME_ABBR":"中国汽车内饰","ORG_CODE":"10147952","STD_REPORT_DATE":"2024-06-30 00:00:00","REPORT_DATE":"2024-06-30 00:00:00","DATE_TYPE_CODE":"002","REPORT_TYPE":"2024年中报","PER_NETCASH_OPERATE":-0.019661353712,"PER_OI":0.282419956191,"BPS":0.817256745597,"BASIC_EPS":-0.0915,"DILUTED_EPS":-0.0915,"OPERATE_INCOME":49456000,"OPERATE_INCOME_YOY":-17.2173680158,"GROSS_PROFIT":8264000,"GROSS_PROFIT_YOY":-40.478248343417,"HOLDER_PROFIT":-16024000,"HOLDER_PROFIT_YOY":-1324.3555555556,"GROSS_PROFIT_RATIO":16.709802652863,"EPS_TTM":0.086411735221,"OPERATE_INCOME_QOQ":-9.048762678912,"NET_PROFIT_RATIO":-32.4005176318,"ROE_AVG":-10.852471673451,"GROSS_PROFIT_QOQ":-18.249715862965,"ROA":-6.219253526566,"HOLDER_PROFIT_QOQ":-49.612067530219,"ROE_YEARLY":-21.704943346901,"ROIC_YEARLY":-13.887661093922,"TOTAL_ASSETS":249869000,"TOTAL_LIABILITIES":106755000,"TAX_EBT":-0.131225395238,"OCF_SALES":-6.961743772242,"TOTAL_PARENT_EQUITY":143114000,"DEBT_ASSET_RATIO":42.7243875791,"OPERATE_PROFIT":-14876000,"PRETAX_PROFIT":-16003000,"NETCASH_OPERATE":-3443000,"NETCASH_INVEST":57000,"NETCASH_FINANCE":-2076000,"END_CASH":27728000,"DIVI_RATIO":null,"DIVIDEND_RATE":null,"CURRENT_RATIO":1.524812202316,"COMMON_ACS":40000000000,"CURRENTDEBT_DEBT":98.137792140883,"ISSUED_COMMON_SHARES":175115104,"HK_COMMON_SHARES":175115104,"PER_SHARES":10000,"TOTAL_MARKET_CAP":25917035.392,"HKSK_MARKET_CAP":25917035.392,"PE_TTM":1.542509206727,"PB_TTM":0.165280544612,"REPORT_DATE_SQ":"2023-06-30 00:00:00","REPORT_TYPE_SQ":"2023年中报","OPERATE_INCOME_SQ":59742000,"DPS_HKD":null,"OPERATE_INCOME_QOQ_SQ":-5.313090916995,"NET_PROFIT_RATIO_SQ":-1.8830973185,"HOLDER_PROFIT_SQ":-1125000,"HOLDER_PROFIT_QOQ_SQ":47.297538124698,"ROE_AVG_SQ":-0.915877655028,"PE_TTM_SQ":-0.402279291492,"PB_TTM_SQ":0.132807803272,"ROA_SQ":-0.390117711517,"START_DATE":"2024-01-01 00:00:00","FISCAL_YEAR":"12-31","CURRENCY":"HKD","IS_CNY_CODE":0,"DPS_HKD_LY":null,"ORG_TYPE":"一般企业","PREMIUM_INCOME":null,"PREMIUM_INCOME_YOY":null,"NET_INTEREST_INCOME":null,"NET_INTEREST_INCOME_YOY":null,"FEE_COMMISSION_INCOME":null,"FEE_COMMISSION_INCOME_YOY":null,"ACCOUNTS_RECE_TDAYS":0.835659491061,"INVENTORY_TDAYS":1.978102189781,"CURRENT_ASSETS_TDAYS":0.297887334548,"TOTAL_ASSETS_TDAYS":0.191949202702,"PREMIUM_EXPENSE":null,"LOAN_DEPOSIT":null,"LOAN_EQUITY":null,"LOAN_ASSETS":null,"DEPOSIT_EQUITY":null,"DEPOSIT_ASSETS":null,"EQUITY_MULTIPLIER":1.74594379306,"EQUITY_RATIO":0.74594379306},{"SECUCODE":"00048.HK","SECURITY_CODE":"00048","SECURITY_NAME_ABBR":"中国汽车内饰","ORG_CODE":"10147952","STD_REPORT_DATE":"2023-12-31 00:00:00","REPORT_DATE":"2023-12-31 00:00:00","DATE_TYPE_CODE":"001","REPORT_TYPE":"2023年年报","PER_NETCASH_OPERATE":0.368334875329,"PER_OI":0.649133041088,"BPS":0.869096934094,"BASIC_EPS":0.1715,"DILUTED_EPS":0.1715,"OPERATE_INCOME":113673000,"OPERATE_INCOME_YOY":-38.2332804451,"GROSS_PROFIT":30795000,"GROSS_PROFIT_YOY":58.03653905368,"HOLDER_PROFIT":30031000,"HOLDER_PROFIT_YOY":138.2278062069,"GROSS_PROFIT_RATIO":27.090865904832,"EPS_TTM":0.171492917024,"OPERATE_INCOME_QOQ":-34.767413834659,"NET_PROFIT_RATIO":26.4187625909,"ROE_AVG":21.931804073644,"GROSS_PROFIT_QOQ":8.155094299863,"ROA":10.48841266321,"HOLDER_PROFIT_QOQ":172.535143229796,"ROE_YEARLY":21.931804073644,"ROIC_YEARLY":11.521934300688,"TOTAL_ASSETS":265434000,"TOTAL_LIABILITIES":113242000,"TAX_EBT":12.565871837424,"OCF_SALES":56.742586190212,"TOTAL_PARENT_EQUITY":152192000,"DEBT_ASSET_RATIO":42.6629595304,"OPERATE_PROFIT":35927000,"PRETAX_PROFIT":34347000,"NETCASH_OPERATE":64501000,"NETCASH_INVEST":-59273000,"NETCASH_FINANCE":-4127000,"END_CASH":26043000,"DIVI_RATIO":null,"DIVIDEND_RATE":null,"CURRENT_RATIO":1.556554340952,"COMMON_ACS":40000000000,"CURRENTDEBT_DEBT":97.746419173098,"ISSUED_COMMON_SHARES":175115104,"HK_COMMON_SHARES":175115104,"PER_SHARES":10000,"TOTAL_MARKET_CAP":26792610.912,"HKSK_MARKET_CAP":26792610.912,"PE_TTM":1.594621004251,"PB_TTM":0.170864346795,"REPORT_DATE_SQ":"2022-12-31 00:00:00","REPORT_TYPE_SQ":"2022年年报","OPERATE_INCOME_SQ":184036000,"DPS_HKD":null,"OPERATE_INCOME_QOQ_SQ":4.366663642138,"NET_PROFIT_RATIO_SQ":-42.6862135669,"HOLDER_PROFIT_SQ":-78558000,"HOLDER_PROFIT_QOQ_SQ":-158.831669467233,"ROE_AVG_SQ":-50.458933629654,"PE_TTM_SQ":-0.465381925451,"PB_TTM_SQ":0.153640399864,"ROA_SQ":-24.132375099645,"START_DATE":"2023-01-01 00:00:00","FISCAL_YEAR":"12-31","CURRENCY":"HKD","IS_CNY_CODE":0,"DPS_HKD_LY":null,"ORG_TYPE":"一般企业","PREMIUM_INCOME":null,"PREMIUM_INCOME_YOY":null,"NET_INTEREST_INCOME":null,"NET_INTEREST_INCOME_YOY":null,"FEE_COMMISSION_INCOME":null,"FEE_COMMISSION_INCOME_YOY":null,"ACCOUNTS_RECE_TDAYS":1.043450722649,"INVENTORY_TDAYS":3.716085640623,"CURRENT_ASSETS_TDAYS":0.53152748748,"TOTAL_ASSETS_TDAYS":0.397006204477,"PREMIUM_EXPENSE":null,"LOAN_DEPOSIT":null,"LOAN_EQUITY":null,"LOAN_ASSETS":null,"DEPOSIT_EQUITY":null,"DEPOSIT_ASSETS":null,"EQUITY_MULTIPLIER":1.744073275861,"EQUITY_RATIO":0.744073275862},{"SECUCODE":"00048.HK","SECURITY_CODE":"00048","SECURITY_NAME_ABBR":"中国汽车内饰","ORG_CODE":"10147952","STD_REPORT_DATE":"2023-06-30 00:00:00","REPORT_DATE":"2023-06-30 00:00:00","DATE_TYPE_CODE":"002","REPORT_TYPE":"2023年中报","PER_NETCASH_OPERATE":-0.053639005348,"PER_OI":0.341158464549,"BPS":0.708105681164,"BASIC_EPS":-0.0064,"DILUTED_EPS":-0.0064,"OPERATE_INCOME":59742000,"OPERATE_INCOME_YOY":-14.0650172612,"GROSS_PROFIT":13884000,"GROSS_PROFIT_YOY":183.520522769042,"HOLDER_PROFIT":-1125000,"HOLDER_PROFIT_YOY":97.0612052977,"GROSS_PROFIT_RATIO":23.239931706337,"EPS_TTM":-0.236427350093,"OPERATE_INCOME_QOQ":-5.313090916995,"NET_PROFIT_RATIO":-1.8830973185,"ROE_AVG":-0.915877655028,"GROSS_PROFIT_QOQ":46.120291491327,"ROA":-0.390117711517,"HOLDER_PROFIT_QOQ":47.297538124698,"ROE_YEARLY":-1.831755310055,"ROIC_YEARLY":-0.839049748192,"TOTAL_ASSETS":269532000,"TOTAL_LIABILITIES":145532000,"TAX_EBT":-2.179836512262,"OCF_SALES":-15.722607211007,"TOTAL_PARENT_EQUITY":124000000,"DEBT_ASSET_RATIO":53.9943309143,"OPERATE_PROFIT":35000,"PRETAX_PROFIT":-1101000,"NETCASH_OPERATE":-9393000,"NETCASH_INVEST":-1050000,"NETCASH_FINANCE":-2797000,"END_CASH":15104000,"DIVI_RATIO":null,"DIVIDEND_RATE":null,"CURRENT_RATIO":1.596880374411,"COMMON_ACS":40000000000,"CURRENTDEBT_DEBT":97.487837726411,"ISSUED_COMMON_SHARES":175115104,"HK_COMMON_SHARES":175115104,"PER_SHARES":10000,"TOTAL_MARKET_CAP":26792610.912,"HKSK_MARKET_CAP":26792610.912,"PE_TTM":1.594621004251,"PB_TTM":0.170864346795,"REPORT_DATE_SQ":"2022-06-30 00:00:00","REPORT_TYPE_SQ":"2022年中报","OPERATE_INCOME_SQ":69520000,"DPS_HKD":null,"OPERATE_INCOME_QOQ_SQ":-2.952652984849,"NET_PROFIT_RATIO_SQ":-55.0647295742,"HOLDER_PROFIT_SQ":-38281000,"HOLDER_PROFIT_QOQ_SQ":-7302.68292682927,"ROE_AVG_SQ":-22.002724404108,"PE_TTM_SQ":-0.465381925451,"PB_TTM_SQ":0.153640399864,"ROA_SQ":-11.546942161225,"START_DATE":"2023-01-01 00:00:00","FISCAL_YEAR":"12-31","CURRENCY":"HKD","IS_CNY_CODE":0,"DPS_HKD_LY":null,"ORG_TYPE":"一般企业","PREMIUM_INCOME":null,"PREMIUM_INCOME_YOY":null,"NET_INTEREST_INCOME":null,"NET_INTEREST_INCOME_YOY":null,"FEE_COMMISSION_INCOME":null,"FEE_COMMISSION_INCOME_YOY":null,"ACCOUNTS_RECE_TDAYS":0.52495749252,"INVENTORY_TDAYS":1.869808974333,"CURRENT_ASSETS_TDAYS":0.247899316578,"TOTAL_ASSETS_TDAYS":0.207168109524,"PREMIUM_EXPENSE":null,"LOAN_DEPOSIT":null,"LOAN_EQUITY":null,"LOAN_ASSETS":null,"DEPOSIT_EQUITY":null,"DEPOSIT_ASSETS":null,"EQUITY_MULTIPLIER":2.173645161289,"EQUITY_RATIO":1.17364516129},{"SECUCODE":"00048.HK","SECURITY_CODE":"00048","SECURITY_NAME_ABBR":"中国汽车内饰","ORG_CODE":"10147952","STD_REPORT_DATE":"2022-12-31 00:00:00","REPORT_DATE":"2022-12-31 00:00:00","DATE_TYPE_CODE":"001","REPORT_TYPE":"2022年年报","PER_NETCASH_OPERATE":0.035142599693,"PER_OI":1.050943041441,"BPS":0.694777304875,"BASIC_EPS":-0.4556,"DILUTED_EPS":-0.4556,"OPERATE_INCOME":184036000,"OPERATE_INCOME_YOY":1.2850782329,"GROSS_PROFIT":19486000,"GROSS_PROFIT_YOY":-18.940055742751,"HOLDER_PROFIT":-78558000,"HOLDER_PROFIT_YOY":-19060.487804878,"GROSS_PROFIT_RATIO":10.588145797561,"EPS_TTM":-0.448607791136,"OPERATE_INCOME_QOQ":4.366663642138,"NET_PROFIT_RATIO":-42.6862135669,"ROE_AVG":-50.458933629654,"GROSS_PROFIT_QOQ":-14.97883851826,"ROA":-24.132375099645,"HOLDER_PROFIT_QOQ":-158.831669467233,"ROE_YEARLY":-50.458933629654,"ROIC_YEARLY":-26.135819227084,"TOTAL_ASSETS":307217000,"TOTAL_LIABILITIES":185551000,"TAX_EBT":-0.112144768701,"OCF_SALES":3.34391097394,"TOTAL_PARENT_EQUITY":121666000,"DEBT_ASSET_RATIO":60.3973738432,"OPERATE_PROFIT":-76400000,"PRETAX_PROFIT":-78470000,"NETCASH_OPERATE":6154000,"NETCASH_INVEST":-806000,"NETCASH_FINANCE":-6861000,"END_CASH":25324000,"DIVI_RATIO":null,"DIVIDEND_RATE":null,"CURRENT_RATIO":1.411643445726,"COMMON_ACS":40000000000,"CURRENTDEBT_DEBT":97.516585736536,"ISSUED_COMMON_SHARES":175115104,"HK_COMMON_SHARES":175115104,"PER_SHARES":10000,"TOTAL_MARKET_CAP":26792610.912,"HKSK_MARKET_CAP":26792610.912,"PE_TTM":1.594621004251,"PB_TTM":0.170864346795,"REPORT_DATE_SQ":"2021-12-31 00:00:00","REPORT_TYPE_SQ":"2021年年报","OPERATE_INCOME_SQ":181701000,"DPS_HKD":null,"OPERATE_INCOME_QOQ_SQ":9.741381392989,"NET_PROFIT_RATIO_SQ":-0.2256454285,"HOLDER_PROFIT_SQ":-410000,"HOLDER_PROFIT_QOQ_SQ":-116.81706316653,"ROE_AVG_SQ":-0.224183371062,"PE_TTM_SQ":-0.465381925451,"PB_TTM_SQ":0.153640399864,"ROA_SQ":-0.124403394696,"START_DATE":"2022-01-01 00:00:00","FISCAL_YEAR":"12-31","CURRENCY":"HKD","IS_CNY_CODE":0,"DPS_HKD_LY":null,"ORG_TYPE":"一般企业","PREMIUM_INCOME":null,"PREMIUM_INCOME_YOY":null,"NET_INTEREST_INCOME":null,"NET_INTEREST_INCOME_YOY":null,"FEE_COMMISSION_INCOME":null,"FEE_COMMISSION_INCOME_YOY":null,"ACCOUNTS_RECE_TDAYS":1.224592187432,"INVENTORY_TDAYS":6.122676787409,"CURRENT_ASSETS_TDAYS":0.689340535033,"TOTAL_ASSETS_TDAYS":0.565343540294,"PREMIUM_EXPENSE":null,"LOAN_DEPOSIT":null,"LOAN_EQUITY":null,"LOAN_ASSETS":null,"DEPOSIT_EQUITY":null,"DEPOSIT_ASSETS":null,"EQUITY_MULTIPLIER":2.525085068956,"EQUITY_RATIO":1.525085068959},{"SECUCODE":"00048.HK","SECURITY_CODE":"00048","SECURITY_NAME_ABBR":"中国汽车内饰","ORG_CODE":"10147952","STD_REPORT_DATE":"2022-06-30 00:00:00","REPORT_DATE":"2022-06-30 00:00:00","DATE_TYPE_CODE":"002","REPORT_TYPE":"2022年中报","PER_NETCASH_OPERATE":0.155566249728,"PER_OI":0.396996023827,"BPS":0.903737007174,"BASIC_EPS":-0.226,"DILUTED_EPS":-0.226,"OPERATE_INCOME":69520000,"OPERATE_INCOME_YOY":-7.1643186219,"GROSS_PROFIT":4897000,"GROSS_PROFIT_YOY":-18.613927206249,"HOLDER_PROFIT":-38281000,"HOLDER_PROFIT_YOY":-359.0047961631,"GROSS_PROFIT_RATIO":7.044016110472,"EPS_TTM":-0.173320286524,"OPERATE_INCOME_QOQ":-2.952652984849,"NET_PROFIT_RATIO":-55.0647295742,"ROE_AVG":-22.002724404108,"GROSS_PROFIT_QOQ":-4.659095636258,"ROA":-11.546942161225,"HOLDER_PROFIT_QOQ":-7302.68292682927,"ROE_YEARLY":-44.005448808217,"ROIC_YEARLY":-25.136373411166,"TOTAL_ASSETS":319208000,"TOTAL_LIABILITIES":160950000,"TAX_EBT":-0.023515886288,"OCF_SALES":39.18584579977,"TOTAL_PARENT_EQUITY":158258000,"DEBT_ASSET_RATIO":50.4216686299,"OPERATE_PROFIT":-37474000,"PRETAX_PROFIT":-38272000,"NETCASH_OPERATE":27242000,"NETCASH_INVEST":-29000,"NETCASH_FINANCE":-22961000,"END_CASH":29294000,"DIVI_RATIO":null,"DIVIDEND_RATE":null,"CURRENT_RATIO":1.627550254087,"COMMON_ACS":40000000000,"CURRENTDEBT_DEBT":99.278036657347,"ISSUED_COMMON_SHARES":175115104,"HK_COMMON_SHARES":175115104,"PER_SHARES":10000,"TOTAL_MARKET_CAP":26792610.912,"HKSK_MARKET_CAP":26792610.912,"PE_TTM":1.594621004251,"PB_TTM":0.170864346795,"REPORT_DATE_SQ":"2021-06-30 00:00:00","REPORT_TYPE_SQ":"2021年中报","OPERATE_INCOME_SQ":74885000,"DPS_HKD":null,"OPERATE_INCOME_QOQ_SQ":16.907912388968,"NET_PROFIT_RATIO_SQ":-11.1370768512,"HOLDER_PROFIT_SQ":-8340000,"HOLDER_PROFIT_QOQ_SQ":162.6735218509,"ROE_AVG_SQ":-4.560816353316,"PE_TTM_SQ":-0.465381925451,"PB_TTM_SQ":0.153640399864,"ROA_SQ":-2.569961342728,"START_DATE":"2022-01-01 00:00:00","FISCAL_YEAR":"12-31","CURRENCY":"HKD","IS_CNY_CODE":0,"DPS_HKD_LY":null,"ORG_TYPE":"一般企业","PREMIUM_INCOME":null,"PREMIUM_INCOME_YOY":null,"NET_INTEREST_INCOME":null,"NET_INTEREST_INCOME_YOY":null,"FEE_COMMISSION_INCOME":null,"FEE_COMMISSION_INCOME_YOY":null,"ACCOUNTS_RECE_TDAYS":0.452959515766,"INVENTORY_TDAYS":2.290905223603,"CURRENT_ASSETS_TDAYS":0.258158430254,"TOTAL_ASSETS_TDAYS":0.209697609532,"PREMIUM_EXPENSE":null,"LOAN_DEPOSIT":null,"LOAN_EQUITY":null,"LOAN_ASSETS":null,"DEPOSIT_EQUITY":null,"DEPOSIT_ASSETS":null,"EQUITY_MULTIPLIER":2.017010198538,"EQUITY_RATIO":1.017010198537},{"SECUCODE":"00048.HK","SECURITY_CODE":"00048","SECURITY_NAME_ABBR":"中国汽车内饰","ORG_CODE":"10147952","STD_REPORT_DATE":"2021-12-31 00:00:00","REPORT_DATE":"2021-12-31 00:00:00","DATE_TYPE_CODE":"001","REPORT_TYPE":"2021年年报","PER_NETCASH_OPERATE":0.012391225137,"PER_OI":1.086630308229,"BPS":1.083333165824,"BASIC_EPS":-0.0029,"DILUTED_EPS":-0.0029,"OPERATE_INCOME":181701000,"OPERATE_INCOME_YOY":28.2963580134,"GROSS_PROFIT":24039000,"GROSS_PROFIT_YOY":78.264738598443,"HOLDER_PROFIT":-410000,"HOLDER_PROFIT_YOY":89.4601542416,"GROSS_PROFIT_RATIO":13.229976719996,"EPS_TTM":-0.002451931615,"OPERATE_INCOME_QOQ":9.741381392989,"NET_PROFIT_RATIO":-0.2256454285,"ROE_AVG":-0.224183371062,"GROSS_PROFIT_QOQ":59.96140537663,"ROA":-0.124403394696,"HOLDER_PROFIT_QOQ":-116.81706316653,"ROE_YEARLY":-0.224183371062,"ROIC_YEARLY":-0.134925453687,"TOTAL_ASSETS":343842000,"TOTAL_LIABILITIES":154134000,"TAX_EBT":-134.285714285714,"OCF_SALES":1.140334945873,"TOTAL_PARENT_EQUITY":189708000,"DEBT_ASSET_RATIO":44.8269844871,"OPERATE_PROFIT":1684000,"PRETAX_PROFIT":-175000,"NETCASH_OPERATE":2072000,"NETCASH_INVEST":-3083000,"NETCASH_FINANCE":4385000,"END_CASH":24583000,"DIVI_RATIO":null,"DIVIDEND_RATE":null,"CURRENT_RATIO":1.83292970241,"COMMON_ACS":40000000000,"CURRENTDEBT_DEBT":98.585646255855,"ISSUED_COMMON_SHARES":175115104,"HK_COMMON_SHARES":175115104,"PER_SHARES":10000,"TOTAL_MARKET_CAP":26792610.912,"HKSK_MARKET_CAP":26792610.912,"PE_TTM":1.594621004251,"PB_TTM":0.170864346795,"REPORT_DATE_SQ":"2020-12-31 00:00:00","REPORT_TYPE_SQ":"2020年年报","OPERATE_INCOME_SQ":141626000,"DPS_HKD":null,"OPERATE_INCOME_QOQ_SQ":-29.830802388089,"NET_PROFIT_RATIO_SQ":-2.746670809,"HOLDER_PROFIT_SQ":-3890000,"HOLDER_PROFIT_QOQ_SQ":85.303007405169,"ROE_AVG_SQ":-2.209116438609,"PE_TTM_SQ":-0.465381925451,"PB_TTM_SQ":0.153640399864,"ROA_SQ":-1.219691910213,"START_DATE":"2021-01-01 00:00:00","FISCAL_YEAR":"12-31","CURRENCY":"HKD","IS_CNY_CODE":0,"DPS_HKD_LY":null,"ORG_TYPE":"一般企业","PREMIUM_INCOME":null,"PREMIUM_INCOME_YOY":null,"NET_INTEREST_INCOME":null,"NET_INTEREST_INCOME_YOY":null,"FEE_COMMISSION_INCOME":null,"FEE_COMMISSION_INCOME_YOY":null,"ACCOUNTS_RECE_TDAYS":1.247119869043,"INVENTORY_TDAYS":5.104312354312,"CURRENT_ASSETS_TDAYS":0.694529226829,"TOTAL_ASSETS_TDAYS":0.55132246877,"PREMIUM_EXPENSE":null,"LOAN_DEPOSIT":null,"LOAN_EQUITY":null,"LOAN_ASSETS":null,"DEPOSIT_EQUITY":null,"DEPOSIT_ASSETS":null,"EQUITY_MULTIPLIER":1.81248023278,"EQUITY_RATIO":0.812480232779},{"SECUCODE":"00048.HK","SECURITY_CODE":"00048","SECURITY_NAME_ABBR":"中国汽车内饰","ORG_CODE":"10147952","STD_REPORT_DATE":"2021-06-30 00:00:00","REPORT_DATE":"2021-06-30 00:00:00","DATE_TYPE_CODE":"002","REPORT_TYPE":"2021年中报","PER_NETCASH_OPERATE":0.001650568599,"PER_OI":0.447836338995,"BPS":1.0830590604,"BASIC_EPS":-0.07,"DILUTED_EPS":-0.07,"OPERATE_INCOME":74885000,"OPERATE_INCOME_YOY":47.0091678282,"GROSS_PROFIT":6017000,"GROSS_PROFIT_YOY":34.48815377738,"HOLDER_PROFIT":-8340000,"HOLDER_PROFIT_YOY":43.1415325879,"GROSS_PROFIT_RATIO":8.034986980036,"EPS_TTM":0.014580022628,"OPERATE_INCOME_QOQ":16.907912388968,"NET_PROFIT_RATIO":-11.1370768512,"ROE_AVG":-4.560816353316,"GROSS_PROFIT_QOQ":11.442343344457,"ROA":-2.569961342728,"HOLDER_PROFIT_QOQ":162.6735218509,"ROE_YEARLY":-9.121632706631,"ROIC_YEARLY":-5.660271713403,"TOTAL_ASSETS":333733000,"TOTAL_LIABILITIES":144073000,"TAX_EBT":-0.445622064314,"OCF_SALES":0.368565133204,"TOTAL_PARENT_EQUITY":189660000,"DEBT_ASSET_RATIO":43.1701390033,"OPERATE_PROFIT":-7095000,"PRETAX_PROFIT":-8303000,"NETCASH_OPERATE":276000,"NETCASH_INVEST":-2260000,"NETCASH_FINANCE":7251000,"END_CASH":32846000,"DIVI_RATIO":null,"DIVIDEND_RATE":null,"CURRENT_RATIO":1.878755083996,"COMMON_ACS":40000000000,"CURRENTDEBT_DEBT":98.127338224372,"ISSUED_COMMON_SHARES":175115104,"HK_COMMON_SHARES":175115104,"PER_SHARES":10000,"TOTAL_MARKET_CAP":26792610.912,"HKSK_MARKET_CAP":26792610.912,"PE_TTM":1.594621004251,"PB_TTM":0.170864346795,"REPORT_DATE_SQ":"2020-06-30 00:00:00","REPORT_TYPE_SQ":"2020年中报","OPERATE_INCOME_SQ":50939000,"DPS_HKD":null,"OPERATE_INCOME_QOQ_SQ":-22.637756040721,"NET_PROFIT_RATIO_SQ":-28.7952256621,"HOLDER_PROFIT_SQ":-14668000,"HOLDER_PROFIT_QOQ_SQ":12.287910922587,"ROE_AVG_SQ":-8.646876943528,"PE_TTM_SQ":-0.465381925451,"PB_TTM_SQ":0.153640399864,"ROA_SQ":-4.692761380378,"START_DATE":"2021-01-01 00:00:00","FISCAL_YEAR":"12-31","CURRENCY":"HKD","IS_CNY_CODE":0,"DPS_HKD_LY":null,"ORG_TYPE":"一般企业","PREMIUM_INCOME":null,"PREMIUM_INCOME_YOY":null,"NET_INTEREST_INCOME":null,"NET_INTEREST_INCOME_YOY":null,"FEE_COMMISSION_INCOME":null,"FEE_COMMISSION_INCOME_YOY":null,"ACCOUNTS_RECE_TDAYS":0.555790583066,"INVENTORY_TDAYS":2.285240244226,"CURRENT_ASSETS_TDAYS":0.293480795496,"TOTAL_ASSETS_TDAYS":0.230757260372,"PREMIUM_EXPENSE":null,"LOAN_DEPOSIT":null,"LOAN_EQUITY":null,"LOAN_ASSETS":null,"DEPOSIT_EQUITY":null,"DEPOSIT_ASSETS":null,"EQUITY_MULTIPLIER":1.759638300115,"EQUITY_RATIO":0.759638300116},{"SECUCODE":"00048.HK","SECURITY_CODE":"00048","SECURITY_NAME_ABBR":"中国汽车内饰","ORG_CODE":"10147952","STD_REPORT_DATE":"2020-12-31 00:00:00","REPORT_DATE":"2020-12-31 00:00:00","DATE_TYPE_CODE":"001","REPORT_TYPE":"2020年年报","PER_NETCASH_OPERATE":0.050171903131,"PER_OI":1.482195651417,"BPS":1.005418698778,"BASIC_EPS":-0.046,"DILUTED_EPS":-0.046,"OPERATE_INCOME":141626000,"OPERATE_INCOME_YOY":-45.7155341592,"GROSS_PROFIT":13485000,"GROSS_PROFIT_YOY":-43.671679197995,"HOLDER_PROFIT":-3890000,"HOLDER_PROFIT_YOY":87.1089607635,"GROSS_PROFIT_RATIO":9.521556776298,"EPS_TTM":-0.04071103529,"OPERATE_INCOME_QOQ":-29.830802388089,"NET_PROFIT_RATIO":-2.746670809,"ROE_AVG":-2.209116438609,"GROSS_PROFIT_QOQ":-36.168702073275,"ROA":-1.219691910213,"HOLDER_PROFIT_QOQ":85.303007405169,"ROE_YEARLY":-2.209116438609,"ROIC_YEARLY":-1.33003957637,"TOTAL_ASSETS":315304000,"TOTAL_LIABILITIES":139240000,"TAX_EBT":38.116449252307,"OCF_SALES":3.38497168599,"TOTAL_PARENT_EQUITY":176064000,"DEBT_ASSET_RATIO":44.1605561617,"OPERATE_PROFIT":-3813000,"PRETAX_PROFIT":-6286000,"NETCASH_OPERATE":1928000,"NETCASH_INVEST":-255000,"NETCASH_FINANCE":823000,"END_CASH":26820000,"DIVI_RATIO":null,"DIVIDEND_RATE":null,"CURRENT_RATIO":1.805834126615,"COMMON_ACS":40000000000,"CURRENTDEBT_DEBT":97.323326630279,"ISSUED_COMMON_SHARES":175115104,"HK_COMMON_SHARES":175115104,"PER_SHARES":10000,"TOTAL_MARKET_CAP":26792610.912,"HKSK_MARKET_CAP":26792610.912,"PE_TTM":1.594621004251,"PB_TTM":0.170864346795,"REPORT_DATE_SQ":"2019-12-31 00:00:00","REPORT_TYPE_SQ":"2019年年报","OPERATE_INCOME_SQ":260896000,"DPS_HKD":null,"OPERATE_INCOME_QOQ_SQ":26.567442221489,"NET_PROFIT_RATIO_SQ":-11.5662946155,"HOLDER_PROFIT_SQ":-30176000,"HOLDER_PROFIT_QOQ_SQ":43.511793335829,"ROE_AVG_SQ":-16.099791389898,"PE_TTM_SQ":-0.465381925451,"PB_TTM_SQ":0.153640399864,"ROA_SQ":-9.317275524398,"START_DATE":"2020-01-01 00:00:00","FISCAL_YEAR":"12-31","CURRENCY":"HKD","IS_CNY_CODE":0,"DPS_HKD_LY":null,"ORG_TYPE":"一般企业","PREMIUM_INCOME":null,"PREMIUM_INCOME_YOY":null,"NET_INTEREST_INCOME":null,"NET_INTEREST_INCOME_YOY":null,"FEE_COMMISSION_INCOME":null,"FEE_COMMISSION_INCOME_YOY":null,"ACCOUNTS_RECE_TDAYS":1.064773081824,"INVENTORY_TDAYS":4.018092878869,"CURRENT_ASSETS_TDAYS":0.571334058127,"TOTAL_ASSETS_TDAYS":0.444061918961,"PREMIUM_EXPENSE":null,"LOAN_DEPOSIT":null,"LOAN_EQUITY":null,"LOAN_ASSETS":null,"DEPOSIT_EQUITY":null,"DEPOSIT_ASSETS":null,"EQUITY_MULTIPLIER":1.790848782262,"EQUITY_RATIO":0.790848782261},{"SECUCODE":"00048.HK","SECURITY_CODE":"00048","SECURITY_NAME_ABBR":"中国汽车内饰","ORG_CODE":"10147952","STD_REPORT_DATE":"2020-06-30 00:00:00","REPORT_DATE":"2020-06-30 00:00:00","DATE_TYPE_CODE":"002","REPORT_TYPE":"2020年中报","PER_NETCASH_OPERATE":-0.001361360275,"PER_OI":0.127945260256,"BPS":0.931695760521,"BASIC_EPS":-0.184,"DILUTED_EPS":-0.184,"OPERATE_INCOME":50939000,"OPERATE_INCOME_YOY":-53.6918181818,"GROSS_PROFIT":4474000,"GROSS_PROFIT_YOY":-38.611416026345,"HOLDER_PROFIT":-14668000,"HOLDER_PROFIT_YOY":20.1784936874,"GROSS_PROFIT_RATIO":8.783054241347,"EPS_TTM":-0.066480597351,"OPERATE_INCOME_QOQ":-22.637756040721,"NET_PROFIT_RATIO":-28.7952256621,"ROE_AVG":-8.646876943528,"GROSS_PROFIT_QOQ":-11.754385964912,"ROA":-4.692761380378,"HOLDER_PROFIT_QOQ":12.287910922587,"ROE_YEARLY":-17.293753887057,"ROIC_YEARLY":-10.215427259131,"TOTAL_ASSETS":302571000,"TOTAL_LIABILITIES":139417000,"TAX_EBT":-0.383246646592,"OCF_SALES":-1.064017746717,"TOTAL_PARENT_EQUITY":163154000,"DEBT_ASSET_RATIO":46.0774495903,"OPERATE_PROFIT":-13539000,"PRETAX_PROFIT":-14612000,"NETCASH_OPERATE":-542000,"NETCASH_INVEST":-235000,"NETCASH_FINANCE":-874000,"END_CASH":24685000,"DIVI_RATIO":null,"DIVIDEND_RATE":null,"CURRENT_RATIO":1.738458054525,"COMMON_ACS":40000000000,"CURRENTDEBT_DEBT":98.188886577677,"ISSUED_COMMON_SHARES":175115104,"HK_COMMON_SHARES":175115104,"PER_SHARES":10000,"TOTAL_MARKET_CAP":26792610.912,"HKSK_MARKET_CAP":26792610.912,"PE_TTM":1.594621004251,"PB_TTM":0.170864346795,"REPORT_DATE_SQ":"2019-06-30 00:00:00","REPORT_TYPE_SQ":"2019年中报","OPERATE_INCOME_SQ":110000000,"DPS_HKD":null,"OPERATE_INCOME_QOQ_SQ":5.965752826086,"NET_PROFIT_RATIO_SQ":-16.7054545455,"HOLDER_PROFIT_SQ":-18376000,"HOLDER_PROFIT_QOQ_SQ":17.720446669234,"ROE_AVG_SQ":-9.627570814461,"PE_TTM_SQ":-0.465381925451,"PB_TTM_SQ":0.153640399864,"ROA_SQ":-5.635513302154,"START_DATE":"2020-01-01 00:00:00","FISCAL_YEAR":"12-31","CURRENCY":"HKD","IS_CNY_CODE":0,"DPS_HKD_LY":null,"ORG_TYPE":"一般企业","PREMIUM_INCOME":null,"PREMIUM_INCOME_YOY":null,"NET_INTEREST_INCOME":null,"NET_INTEREST_INCOME_YOY":null,"FEE_COMMISSION_INCOME":null,"FEE_COMMISSION_INCOME_YOY":null,"ACCOUNTS_RECE_TDAYS":0.402442830112,"INVENTORY_TDAYS":1.25716991342,"CURRENT_ASSETS_TDAYS":0.208322427613,"TOTAL_ASSETS_TDAYS":0.162970119958,"PREMIUM_EXPENSE":null,"LOAN_DEPOSIT":null,"LOAN_EQUITY":null,"LOAN_ASSETS":null,"DEPOSIT_EQUITY":null,"DEPOSIT_ASSETS":null,"EQUITY_MULTIPLIER":1.854511688342,"EQUITY_RATIO":0.854511688344}],"count":43},"success":true,"message":"ok","code":0}