{"version":"d83eddb517fd64cbb6a936258240bde6","result":{"pages":6,"data":[{"SECUCODE":"00041.HK","SECURITY_CODE":"00041","SECURITY_NAME_ABBR":"鹰君","ORG_CODE":"10007331","STD_REPORT_DATE":"2024-06-30 00:00:00","REPORT_DATE":"2024-06-30 00:00:00","DATE_TYPE_CODE":"002","REPORT_TYPE":"2024年中报","PER_NETCASH_OPERATE":1.785636785274,"PER_OI":6.461294354585,"BPS":67.338746869004,"BASIC_EPS":-1.2047376,"DILUTED_EPS":-1.2047376,"OPERATE_INCOME":4831260627.84,"OPERATE_INCOME_YOY":4.1528010743,"GROSS_PROFIT":1857668872,"GROSS_PROFIT_YOY":-14.596115194417,"HOLDER_PROFIT":-899817600.76,"HOLDER_PROFIT_YOY":-305.9697158353,"GROSS_PROFIT_RATIO":38.451017552132,"EPS_TTM":-0.868274536781,"OPERATE_INCOME_QOQ":1.507020495425,"NET_PROFIT_RATIO":-25.3822432392,"ROE_AVG":-1.761383581903,"GROSS_PROFIT_QOQ":-7.512261472342,"ROA":-0.893366966366,"HOLDER_PROFIT_QOQ":-193.831587506665,"ROE_YEARLY":-3.522767163805,"ROIC_YEARLY":-2.169125627795,"TOTAL_ASSETS":99987716426.92,"TOTAL_LIABILITIES":37805871538.28,"TAX_EBT":-14.962023171983,"OCF_SALES":27.635899051816,"TOTAL_PARENT_EQUITY":50350753057,"DEBT_ASSET_RATIO":37.8105160206,"OPERATE_PROFIT":1460099987.92,"PRETAX_PROFIT":-1066684710.52,"NETCASH_OPERATE":1335162310.04,"NETCASH_INVEST":190792103.28,"NETCASH_FINANCE":-923740768.92,"END_CASH":5804394725.68,"DIVI_RATIO":-0.910773685627,"DIVIDEND_RATE":8.055555555556,"CURRENT_RATIO":1.396334774764,"COMMON_ACS":1200000000,"CURRENTDEBT_DEBT":34.767944056867,"ISSUED_COMMON_SHARES":747723345,"HK_COMMON_SHARES":747723345,"PER_SHARES":1000,"TOTAL_MARKET_CAP":8075412126,"HKSK_MARKET_CAP":8075412126,"PE_TTM":-11.518827330536,"PB_TTM":0.146378488735,"REPORT_DATE_SQ":"2023-06-30 00:00:00","REPORT_TYPE_SQ":"2023年中报","OPERATE_INCOME_SQ":4685894201.5,"DPS_HKD":0.87,"OPERATE_INCOME_QOQ_SQ":14.96019433644,"NET_PROFIT_RATIO_SQ":9.7566811119,"HOLDER_PROFIT_SQ":441320478.68,"HOLDER_PROFIT_QOQ_SQ":206.978234005924,"ROE_AVG_SQ":0.841499944917,"PE_TTM_SQ":50.28001593271,"PB_TTM_SQ":0.153103350225,"ROA_SQ":0.425590265587,"START_DATE":"2024-01-01 00:00:00","FISCAL_YEAR":"12-31","CURRENCY":"HKD","IS_CNY_CODE":0,"DPS_HKD_LY":0.87,"ORG_TYPE":"一般企业","PREMIUM_INCOME":null,"PREMIUM_INCOME_YOY":null,"NET_INTEREST_INCOME":null,"NET_INTEREST_INCOME_YOY":null,"FEE_COMMISSION_INCOME":null,"FEE_COMMISSION_INCOME_YOY":null,"ACCOUNTS_RECE_TDAYS":5.646634146133,"INVENTORY_TDAYS":0.27718387429,"CURRENT_ASSETS_TDAYS":0.270076524662,"TOTAL_ASSETS_TDAYS":0.047966261686,"PREMIUM_EXPENSE":null,"LOAN_DEPOSIT":null,"LOAN_EQUITY":null,"LOAN_ASSETS":null,"DEPOSIT_EQUITY":null,"DEPOSIT_ASSETS":null,"EQUITY_MULTIPLIER":1.607988901035,"EQUITY_RATIO":0.75085017091},{"SECUCODE":"00041.HK","SECURITY_CODE":"00041","SECURITY_NAME_ABBR":"鹰君","ORG_CODE":"10007331","STD_REPORT_DATE":"2023-12-31 00:00:00","REPORT_DATE":"2023-12-31 00:00:00","DATE_TYPE_CODE":"001","REPORT_TYPE":"2023年年报","PER_NETCASH_OPERATE":2.664070300172,"PER_OI":12.900424906166,"BPS":68.814403261062,"BASIC_EPS":0.9243444,"DILUTED_EPS":0.9243444,"OPERATE_INCOME":9645948862.76,"OPERATE_INCOME_YOY":19.801454884,"GROSS_PROFIT":4226270247.5,"GROSS_PROFIT_YOY":29.355163427722,"HOLDER_PROFIT":691908938.42,"HOLDER_PROFIT_YOY":520.8898370488,"GROSS_PROFIT_RATIO":43.813940003521,"EPS_TTM":0.925354200918,"OPERATE_INCOME_QOQ":5.722030823058,"NET_PROFIT_RATIO":7.7792625777,"ROE_AVG":1.344222369452,"GROSS_PROFIT_QOQ":6.671898672519,"ROA":0.681555023894,"HOLDER_PROFIT_QOQ":299.138764774982,"ROE_YEARLY":1.344222369452,"ROIC_YEARLY":0.829130740833,"TOTAL_ASSETS":100738287011.18,"TOTAL_LIABILITIES":36905311079,"TAX_EBT":37.555089334464,"OCF_SALES":20.651027540177,"TOTAL_PARENT_EQUITY":51454135790.54,"DEBT_ASSET_RATIO":36.6348408077,"OPERATE_PROFIT":3424236548.46,"PRETAX_PROFIT":1201673094.16,"NETCASH_OPERATE":1991987556.16,"NETCASH_INVEST":-701532088.6,"NETCASH_FINANCE":-1481830100.94,"END_CASH":5226464355.28,"DIVI_RATIO":0.854593407817,"DIVIDEND_RATE":7.809694793537,"CURRENT_RATIO":0.84014832701,"COMMON_ACS":1200000000,"CURRENTDEBT_DEBT":55.795049411349,"ISSUED_COMMON_SHARES":747723345,"HK_COMMON_SHARES":747723345,"PER_SHARES":1000,"TOTAL_MARKET_CAP":8329638063.3,"HKSK_MARKET_CAP":8329638063.3,"PE_TTM":-11.88145707983,"PB_TTM":0.150986700417,"REPORT_DATE_SQ":"2022-12-31 00:00:00","REPORT_TYPE_SQ":"2022年年报","OPERATE_INCOME_SQ":7936553880.64,"DPS_HKD":0.87,"OPERATE_INCOME_QOQ_SQ":14.511875342494,"NET_PROFIT_RATIO_SQ":-4.6237677876,"HOLDER_PROFIT_SQ":-162042751.08,"HOLDER_PROFIT_QOQ_SQ":-146.265392190401,"ROE_AVG_SQ":-0.306765823009,"PE_TTM_SQ":51.314939073692,"PB_TTM_SQ":0.156254705633,"ROA_SQ":-0.156289949337,"START_DATE":"2023-01-01 00:00:00","FISCAL_YEAR":"12-31","CURRENCY":"HKD","IS_CNY_CODE":0,"DPS_HKD_LY":0.87,"ORG_TYPE":"一般企业","PREMIUM_INCOME":null,"PREMIUM_INCOME_YOY":null,"NET_INTEREST_INCOME":null,"NET_INTEREST_INCOME_YOY":null,"FEE_COMMISSION_INCOME":null,"FEE_COMMISSION_INCOME_YOY":null,"ACCOUNTS_RECE_TDAYS":10.327411136731,"INVENTORY_TDAYS":0.503735077494,"CURRENT_ASSETS_TDAYS":0.541738653965,"TOTAL_ASSETS_TDAYS":0.095016042467,"PREMIUM_EXPENSE":null,"LOAN_DEPOSIT":null,"LOAN_EQUITY":null,"LOAN_ASSETS":null,"DEPOSIT_EQUITY":null,"DEPOSIT_ASSETS":null,"EQUITY_MULTIPLIER":1.578154324469,"EQUITY_RATIO":0.717246738517},{"SECUCODE":"00041.HK","SECURITY_CODE":"00041","SECURITY_NAME_ABBR":"鹰君","ORG_CODE":"10007331","STD_REPORT_DATE":"2023-06-30 00:00:00","REPORT_DATE":"2023-06-30 00:00:00","DATE_TYPE_CODE":"002","REPORT_TYPE":"2023年中报","PER_NETCASH_OPERATE":2.516771451211,"PER_OI":6.266882307252,"BPS":70.215882175111,"BASIC_EPS":0.5900672,"DILUTED_EPS":0.5900672,"OPERATE_INCOME":4685894201.5,"OPERATE_INCOME_YOY":24.2347199428,"GROSS_PROFIT":2175157343.52,"GROSS_PROFIT_YOY":46.929726685645,"HOLDER_PROFIT":441320478.68,"HOLDER_PROFIT_YOY":286.4448104373,"GROSS_PROFIT_RATIO":46.419258523244,"EPS_TTM":0.231837717251,"OPERATE_INCOME_QOQ":14.96019433644,"NET_PROFIT_RATIO":9.7566811119,"ROE_AVG":0.841499944917,"GROSS_PROFIT_QOQ":21.264517682244,"ROA":0.425590265587,"HOLDER_PROFIT_QOQ":206.978234005924,"ROE_YEARLY":1.682999889834,"ROIC_YEARLY":1.043032948215,"TOTAL_ASSETS":103313060811.16,"TOTAL_LIABILITIES":37935782626.14,"TAX_EBT":33.677157034521,"OCF_SALES":40.159864631549,"TOTAL_PARENT_EQUITY":52502054292.1,"DEBT_ASSET_RATIO":36.7192514947,"OPERATE_PROFIT":1764200432.18,"PRETAX_PROFIT":689336786.6,"NETCASH_OPERATE":1881848768.1,"NETCASH_INVEST":105162882.76,"NETCASH_FINANCE":-986108318.9,"END_CASH":6399739774,"DIVI_RATIO":3.411013571809,"DIVIDEND_RATE":7.809694793537,"CURRENT_RATIO":0.77580025009,"COMMON_ACS":1200000000,"CURRENTDEBT_DEBT":64.03565712948,"ISSUED_COMMON_SHARES":747723345,"HK_COMMON_SHARES":747723345,"PER_SHARES":1000,"TOTAL_MARKET_CAP":8329638063.3,"HKSK_MARKET_CAP":8329638063.3,"PE_TTM":-11.88145707983,"PB_TTM":0.150986700417,"REPORT_DATE_SQ":"2022-06-30 00:00:00","REPORT_TYPE_SQ":"2022年中报","OPERATE_INCOME_SQ":3498570317.34,"DPS_HKD":0.87,"OPERATE_INCOME_QOQ_SQ":8.25675451592,"NET_PROFIT_RATIO_SQ":4.0843698805,"HOLDER_PROFIT_SQ":105927254.16,"HOLDER_PROFIT_QOQ_SQ":185.842496842844,"ROE_AVG_SQ":0.206410263161,"PE_TTM_SQ":51.314939073692,"PB_TTM_SQ":0.156254705633,"ROA_SQ":0.105717184375,"START_DATE":"2023-01-01 00:00:00","FISCAL_YEAR":"12-31","CURRENCY":"HKD","IS_CNY_CODE":0,"DPS_HKD_LY":0.87,"ORG_TYPE":"一般企业","PREMIUM_INCOME":null,"PREMIUM_INCOME_YOY":null,"NET_INTEREST_INCOME":null,"NET_INTEREST_INCOME_YOY":null,"FEE_COMMISSION_INCOME":null,"FEE_COMMISSION_INCOME_YOY":null,"ACCOUNTS_RECE_TDAYS":6.3374253401,"INVENTORY_TDAYS":0.229833561891,"CURRENT_ASSETS_TDAYS":0.250075583478,"TOTAL_ASSETS_TDAYS":0.045188724613,"PREMIUM_EXPENSE":null,"LOAN_DEPOSIT":null,"LOAN_EQUITY":null,"LOAN_ASSETS":null,"DEPOSIT_EQUITY":null,"DEPOSIT_ASSETS":null,"EQUITY_MULTIPLIER":1.580259436906,"EQUITY_RATIO":0.722558062492},{"SECUCODE":"00041.HK","SECURITY_CODE":"00041","SECURITY_NAME_ABBR":"鹰君","ORG_CODE":"10007331","STD_REPORT_DATE":"2022-12-31 00:00:00","REPORT_DATE":"2022-12-31 00:00:00","DATE_TYPE_CODE":"001","REPORT_TYPE":"2022年年报","PER_NETCASH_OPERATE":2.996628372075,"PER_OI":10.614291948635,"BPS":67.880255127142,"BASIC_EPS":-0.2233175,"DILUTED_EPS":-0.2233175,"OPERATE_INCOME":7936553880.64,"OPERATE_INCOME_YOY":13.4654563626,"GROSS_PROFIT":3267183261.58,"GROSS_PROFIT_YOY":25.00084092803,"HOLDER_PROFIT":-162042751.08,"HOLDER_PROFIT_YOY":63.6489698097,"GROSS_PROFIT_RATIO":41.166270785987,"EPS_TTM":-0.21671484803,"OPERATE_INCOME_QOQ":14.511875342494,"NET_PROFIT_RATIO":-4.6237677876,"ROE_AVG":-0.306765823009,"GROSS_PROFIT_QOQ":13.479983848177,"ROA":-0.156289949337,"HOLDER_PROFIT_QOQ":-146.265392190401,"ROE_YEARLY":-0.306765823009,"ROIC_YEARLY":-0.190467822756,"TOTAL_ASSETS":100838153332.91,"TOTAL_LIABILITIES":37254451532.27,"TAX_EBT":792.317025902021,"OCF_SALES":28.232013841117,"TOTAL_PARENT_EQUITY":50755651423.12,"DEBT_ASSET_RATIO":36.9447974808,"OPERATE_PROFIT":2476078338.02,"PRETAX_PROFIT":53005748.53,"NETCASH_OPERATE":2240648990.09,"NETCASH_INVEST":-820589086.45,"NETCASH_FINANCE":-1495175871.21,"END_CASH":5307566477.29,"DIVI_RATIO":-3.649042080824,"DIVIDEND_RATE":7.809694793537,"CURRENT_RATIO":1.083399005275,"COMMON_ACS":1200000000,"CURRENTDEBT_DEBT":43.456533676295,"ISSUED_COMMON_SHARES":747723345,"HK_COMMON_SHARES":747723345,"PER_SHARES":1000,"TOTAL_MARKET_CAP":8329638063.3,"HKSK_MARKET_CAP":8329638063.3,"PE_TTM":-11.88145707983,"PB_TTM":0.150986700417,"REPORT_DATE_SQ":"2021-12-31 00:00:00","REPORT_TYPE_SQ":"2021年年报","OPERATE_INCOME_SQ":6402158750.4,"DPS_HKD":0.87,"OPERATE_INCOME_QOQ_SQ":-30.067448460408,"NET_PROFIT_RATIO_SQ":-10.1146182412,"HOLDER_PROFIT_SQ":-408010198.4,"HOLDER_PROFIT_QOQ_SQ":78.424968566219,"ROE_AVG_SQ":-0.829924803292,"PE_TTM_SQ":51.314939073692,"PB_TTM_SQ":0.156254705633,"ROA_SQ":-0.432006419784,"START_DATE":"2022-01-01 00:00:00","FISCAL_YEAR":"12-31","CURRENCY":"HKD","IS_CNY_CODE":0,"DPS_HKD_LY":0.83,"ORG_TYPE":"一般企业","PREMIUM_INCOME":null,"PREMIUM_INCOME_YOY":null,"NET_INTEREST_INCOME":null,"NET_INTEREST_INCOME_YOY":null,"FEE_COMMISSION_INCOME":null,"FEE_COMMISSION_INCOME_YOY":null,"ACCOUNTS_RECE_TDAYS":13.629101942548,"INVENTORY_TDAYS":0.419455455088,"CURRENT_ASSETS_TDAYS":0.435529069615,"TOTAL_ASSETS_TDAYS":0.076547923042,"PREMIUM_EXPENSE":null,"LOAN_DEPOSIT":null,"LOAN_EQUITY":null,"LOAN_ASSETS":null,"DEPOSIT_EQUITY":null,"DEPOSIT_ASSETS":null,"EQUITY_MULTIPLIER":1.585911962927,"EQUITY_RATIO":0.733996126297},{"SECUCODE":"00041.HK","SECURITY_CODE":"00041","SECURITY_NAME_ABBR":"鹰君","ORG_CODE":"10007331","STD_REPORT_DATE":"2022-06-30 00:00:00","REPORT_DATE":"2022-06-30 00:00:00","DATE_TYPE_CODE":"002","REPORT_TYPE":"2022年中报","PER_NETCASH_OPERATE":1.073730320925,"PER_OI":4.678963604299,"BPS":66.986413242615,"BASIC_EPS":0.1453823,"DILUTED_EPS":0.1453823,"OPERATE_INCOME":3498570317.34,"OPERATE_INCOME_YOY":14.6152768595,"GROSS_PROFIT":1480406581.15,"GROSS_PROFIT_YOY":21.838917594382,"HOLDER_PROFIT":105927254.16,"HOLDER_PROFIT_YOY":115.799503555,"GROSS_PROFIT_RATIO":42.314615596338,"EPS_TTM":0.468416753365,"OPERATE_INCOME_QOQ":8.25675451592,"NET_PROFIT_RATIO":4.0843698805,"ROE_AVG":0.206410263161,"GROSS_PROFIT_QOQ":10.152325272857,"ROA":0.105717184375,"HOLDER_PROFIT_QOQ":185.842496842844,"ROE_YEARLY":0.412820526323,"ROIC_YEARLY":0.256456532713,"TOTAL_ASSETS":98414954766.03,"TOTAL_LIABILITIES":35567662533.97,"TAX_EBT":55.875991919405,"OCF_SALES":22.948037465785,"TOTAL_PARENT_EQUITY":50087304979.32,"DEBT_ASSET_RATIO":36.1405059003,"OPERATE_PROFIT":1098820803.15,"PRETAX_PROFIT":323847625.15,"NETCASH_OPERATE":802853227.19,"NETCASH_INVEST":-922146245.86,"NETCASH_FINANCE":-1026794135.78,"END_CASH":4216887157.84,"DIVI_RATIO":1.688243629886,"DIVIDEND_RATE":7.809694793537,"CURRENT_RATIO":1.44958612855,"COMMON_ACS":1200000000,"CURRENTDEBT_DEBT":32.587748753239,"ISSUED_COMMON_SHARES":747723345,"HK_COMMON_SHARES":747723345,"PER_SHARES":1000,"TOTAL_MARKET_CAP":8329638063.3,"HKSK_MARKET_CAP":8329638063.3,"PE_TTM":-11.88145707983,"PB_TTM":0.150986700417,"REPORT_DATE_SQ":"2021-06-30 00:00:00","REPORT_TYPE_SQ":"2021年中报","OPERATE_INCOME_SQ":2969959785.6,"DPS_HKD":0.87,"OPERATE_INCOME_QOQ_SQ":5.550575557135,"NET_PROFIT_RATIO_SQ":-32.5692568893,"HOLDER_PROFIT_SQ":-652329085.92,"HOLDER_PROFIT_QOQ_SQ":73.689898226439,"ROE_AVG_SQ":-1.344866391113,"PE_TTM_SQ":51.314939073692,"PB_TTM_SQ":0.156254705633,"ROA_SQ":-0.681199645219,"START_DATE":"2022-01-01 00:00:00","FISCAL_YEAR":"12-31","CURRENCY":"HKD","IS_CNY_CODE":0,"DPS_HKD_LY":0.83,"ORG_TYPE":"一般企业","PREMIUM_INCOME":null,"PREMIUM_INCOME_YOY":null,"NET_INTEREST_INCOME":null,"NET_INTEREST_INCOME_YOY":null,"FEE_COMMISSION_INCOME":null,"FEE_COMMISSION_INCOME_YOY":null,"ACCOUNTS_RECE_TDAYS":78.416446233468,"INVENTORY_TDAYS":0.186641049372,"CURRENT_ASSETS_TDAYS":0.203325771918,"TOTAL_ASSETS_TDAYS":0.034916321226,"PREMIUM_EXPENSE":null,"LOAN_DEPOSIT":null,"LOAN_EQUITY":null,"LOAN_ASSETS":null,"DEPOSIT_EQUITY":null,"DEPOSIT_ASSETS":null,"EQUITY_MULTIPLIER":1.565937867342,"EQUITY_RATIO":0.710113322101},{"SECUCODE":"00041.HK","SECURITY_CODE":"00041","SECURITY_NAME_ABBR":"鹰君","ORG_CODE":"10007331","STD_REPORT_DATE":"2021-12-31 00:00:00","REPORT_DATE":"2021-12-31 00:00:00","DATE_TYPE_CODE":"001","REPORT_TYPE":"2021年年报","PER_NETCASH_OPERATE":2.359809867255,"PER_OI":8.757598958018,"BPS":67.191194112042,"BASIC_EPS":-0.564144,"DILUTED_EPS":-0.564144,"OPERATE_INCOME":6402158750.4,"OPERATE_INCOME_YOY":-24.0154204342,"GROSS_PROFIT":2613729025.6,"GROSS_PROFIT_YOY":-21.516184874514,"HOLDER_PROFIT":-408010198.4,"HOLDER_PROFIT_YOY":94.1566829644,"GROSS_PROFIT_RATIO":40.825745307186,"EPS_TTM":-0.558122631393,"OPERATE_INCOME_QOQ":-30.067448460408,"NET_PROFIT_RATIO":-10.1146182412,"ROE_AVG":-0.829924803292,"GROSS_PROFIT_QOQ":-28.456585140127,"ROA":-0.432006419784,"HOLDER_PROFIT_QOQ":78.424968566219,"ROE_YEARLY":-0.829924803292,"ROIC_YEARLY":-0.536274395599,"TOTAL_ASSETS":97499809736,"TOTAL_LIABILITIES":34858706310.4,"TAX_EBT":-63.979221489071,"OCF_SALES":26.945854435306,"TOTAL_PARENT_EQUITY":50240424416,"DEBT_ASSET_RATIO":35.7525890612,"OPERATE_PROFIT":1919286566.4,"PRETAX_PROFIT":-394899982.4,"NETCASH_OPERATE":1725116377.6,"NETCASH_INVEST":532563382.4,"NETCASH_FINANCE":-3379851294.4,"END_CASH":5003013769.6,"DIVI_RATIO":-1.416895777952,"DIVIDEND_RATE":7.809694793537,"CURRENT_RATIO":1.360755835678,"COMMON_ACS":1200000000,"CURRENTDEBT_DEBT":35.496764613747,"ISSUED_COMMON_SHARES":747723345,"HK_COMMON_SHARES":747723345,"PER_SHARES":1000,"TOTAL_MARKET_CAP":8329638063.3,"HKSK_MARKET_CAP":8329638063.3,"PE_TTM":-11.88145707983,"PB_TTM":0.150986700417,"REPORT_DATE_SQ":"2020-12-31 00:00:00","REPORT_TYPE_SQ":"2020年年报","OPERATE_INCOME_SQ":8673341750.68,"DPS_HKD":0.87,"OPERATE_INCOME_QOQ_SQ":30.80470735555,"NET_PROFIT_RATIO_SQ":-124.2283208609,"HOLDER_PROFIT_SQ":-7187817693.28,"HOLDER_PROFIT_QOQ_SQ":11.816587542649,"ROE_AVG_SQ":-13.371964854158,"PE_TTM_SQ":51.314939073692,"PB_TTM_SQ":0.156254705633,"ROA_SQ":-7.124593878327,"START_DATE":"2021-01-01 00:00:00","FISCAL_YEAR":"12-31","CURRENCY":"HKD","IS_CNY_CODE":0,"DPS_HKD_LY":0.83,"ORG_TYPE":"一般企业","PREMIUM_INCOME":null,"PREMIUM_INCOME_YOY":null,"NET_INTEREST_INCOME":null,"NET_INTEREST_INCOME_YOY":null,"FEE_COMMISSION_INCOME":null,"FEE_COMMISSION_INCOME_YOY":null,"ACCOUNTS_RECE_TDAYS":5.060768878041,"INVENTORY_TDAYS":0.569813882566,"CURRENT_ASSETS_TDAYS":0.441308843556,"TOTAL_ASSETS_TDAYS":0.067786876198,"PREMIUM_EXPENSE":null,"LOAN_DEPOSIT":null,"LOAN_EQUITY":null,"LOAN_ASSETS":null,"DEPOSIT_EQUITY":null,"DEPOSIT_ASSETS":null,"EQUITY_MULTIPLIER":1.556482954547,"EQUITY_RATIO":0.693837815178},{"SECUCODE":"00041.HK","SECURITY_CODE":"00041","SECURITY_NAME_ABBR":"鹰君","ORG_CODE":"10007331","STD_REPORT_DATE":"2021-06-30 00:00:00","REPORT_DATE":"2021-06-30 00:00:00","DATE_TYPE_CODE":"002","REPORT_TYPE":"2021年中报","PER_NETCASH_OPERATE":0.743375145395,"PER_OI":4.062647887652,"BPS":64.294450065512,"BASIC_EPS":-0.9069672,"DILUTED_EPS":-0.9069672,"OPERATE_INCOME":2969959785.6,"OPERATE_INCOME_YOY":31.0149906767,"GROSS_PROFIT":1215052308.72,"GROSS_PROFIT_YOY":36.219177685084,"HOLDER_PROFIT":-652329085.92,"HOLDER_PROFIT_YOY":87.9625105754,"GROSS_PROFIT_RATIO":40.911406094158,"EPS_TTM":-2.586891393906,"OPERATE_INCOME_QOQ":5.550575557135,"NET_PROFIT_RATIO":-32.5692568893,"ROE_AVG":-1.344866391113,"GROSS_PROFIT_QOQ":9.70096308543,"ROA":-0.681199645219,"HOLDER_PROFIT_QOQ":73.689898226439,"ROE_YEARLY":-2.689732782225,"ROIC_YEARLY":-1.701876267929,"TOTAL_ASSETS":98514050858.16,"TOTAL_LIABILITIES":37561603089.36,"TAX_EBT":-13.556095197534,"OCF_SALES":18.297799020542,"TOTAL_PARENT_EQUITY":48074461267.92,"DEBT_ASSET_RATIO":38.1281682787,"OPERATE_PROFIT":871837614.48,"PRETAX_PROFIT":-851820265.92,"NETCASH_OPERATE":543437272.56,"NETCASH_INVEST":-849101860.56,"NETCASH_FINANCE":-184461318.96,"END_CASH":5661042966.72,"DIVI_RATIO":-0.305695709477,"DIVIDEND_RATE":7.809694793537,"CURRENT_RATIO":1.034572584789,"COMMON_ACS":1200000000,"CURRENTDEBT_DEBT":48.789644422155,"ISSUED_COMMON_SHARES":747723345,"HK_COMMON_SHARES":747723345,"PER_SHARES":1000,"TOTAL_MARKET_CAP":8329638063.3,"HKSK_MARKET_CAP":8329638063.3,"PE_TTM":-11.88145707983,"PB_TTM":0.150986700417,"REPORT_DATE_SQ":"2020-06-30 00:00:00","REPORT_TYPE_SQ":"2020年中报","OPERATE_INCOME_SQ":2488539398.4,"DPS_HKD":0.87,"OPERATE_INCOME_QOQ_SQ":-19.86194954123,"NET_PROFIT_RATIO_SQ":-345.8476853279,"HOLDER_PROFIT_SQ":-5949024628.8,"HOLDER_PROFIT_QOQ_SQ":-2593.77924447465,"ROE_AVG_SQ":-9.969525438346,"PE_TTM_SQ":51.314939073692,"PB_TTM_SQ":0.156254705633,"ROA_SQ":-5.240515149325,"START_DATE":"2021-01-01 00:00:00","FISCAL_YEAR":"12-31","CURRENCY":"HKD","IS_CNY_CODE":0,"DPS_HKD_LY":0.83,"ORG_TYPE":"一般企业","PREMIUM_INCOME":null,"PREMIUM_INCOME_YOY":null,"NET_INTEREST_INCOME":null,"NET_INTEREST_INCOME_YOY":null,"FEE_COMMISSION_INCOME":null,"FEE_COMMISSION_INCOME_YOY":null,"ACCOUNTS_RECE_TDAYS":1.222369863014,"INVENTORY_TDAYS":0.262052497574,"CURRENT_ASSETS_TDAYS":0.189457681024,"TOTAL_ASSETS_TDAYS":0.031014032579,"PREMIUM_EXPENSE":null,"LOAN_DEPOSIT":null,"LOAN_EQUITY":null,"LOAN_ASSETS":null,"DEPOSIT_EQUITY":null,"DEPOSIT_ASSETS":null,"EQUITY_MULTIPLIER":1.616244375154,"EQUITY_RATIO":0.781321352309},{"SECUCODE":"00041.HK","SECURITY_CODE":"00041","SECURITY_NAME_ABBR":"鹰君","ORG_CODE":"10007331","STD_REPORT_DATE":"2020-12-31 00:00:00","REPORT_DATE":"2020-12-31 00:00:00","DATE_TYPE_CODE":"001","REPORT_TYPE":"2020年年报","PER_NETCASH_OPERATE":5.74221637103,"PER_OI":12.047644740171,"BPS":66.198307561041,"BASIC_EPS":-10.0491816,"DILUTED_EPS":-10.0491816,"OPERATE_INCOME":8673341750.68,"OPERATE_INCOME_YOY":11.5673559002,"GROSS_PROFIT":3330277741.24,"GROSS_PROFIT_YOY":-8.019427752921,"HOLDER_PROFIT":-7187817693.28,"HOLDER_PROFIT_YOY":-2428.2725953995,"GROSS_PROFIT_RATIO":38.396708408024,"EPS_TTM":-9.984187930674,"OPERATE_INCOME_QOQ":30.80470735555,"NET_PROFIT_RATIO":-124.2283208609,"ROE_AVG":-13.371964854158,"GROSS_PROFIT_QOQ":22.628278916583,"ROA":-7.124593878327,"HOLDER_PROFIT_QOQ":11.816587542649,"ROE_YEARLY":-13.371964854158,"ROIC_YEARLY":-9.272149742624,"TOTAL_ASSETS":94078174969.24,"TOTAL_LIABILITIES":31060493590.64,"TAX_EBT":-3.256993675087,"OCF_SALES":47.662563885897,"TOTAL_PARENT_EQUITY":49498019962.88,"DEBT_ASSET_RATIO":33.0156208927,"OPERATE_PROFIT":2630144357.72,"PRETAX_PROFIT":-10434883329.36,"NETCASH_OPERATE":4133937052.96,"NETCASH_INVEST":-2573396780.72,"NETCASH_FINANCE":-4488698412.64,"END_CASH":5557147768.04,"DIVI_RATIO":-0.079205400128,"DIVIDEND_RATE":7.809694793537,"CURRENT_RATIO":1.423895296087,"COMMON_ACS":1200000000,"CURRENTDEBT_DEBT":28.342142412872,"ISSUED_COMMON_SHARES":747723345,"HK_COMMON_SHARES":747723345,"PER_SHARES":1000,"TOTAL_MARKET_CAP":8329638063.3,"HKSK_MARKET_CAP":8329638063.3,"PE_TTM":-11.88145707983,"PB_TTM":0.150986700417,"REPORT_DATE_SQ":"2019-12-31 00:00:00","REPORT_TYPE_SQ":"2019年年报","OPERATE_INCOME_SQ":8274167577.4,"DPS_HKD":0.87,"OPERATE_INCOME_QOQ_SQ":-6.427295863015,"NET_PROFIT_RATIO_SQ":-6.2366850965,"HOLDER_PROFIT_SQ":-302585526.2,"HOLDER_PROFIT_QOQ_SQ":-107.470939632048,"ROE_AVG_SQ":-0.488576725693,"PE_TTM_SQ":51.314939073692,"PB_TTM_SQ":0.156254705633,"ROA_SQ":-0.263501226899,"START_DATE":"2020-01-01 00:00:00","FISCAL_YEAR":"12-31","CURRENCY":"HKD","IS_CNY_CODE":0,"DPS_HKD_LY":2,"ORG_TYPE":"一般企业","PREMIUM_INCOME":null,"PREMIUM_INCOME_YOY":null,"NET_INTEREST_INCOME":null,"NET_INTEREST_INCOME_YOY":null,"FEE_COMMISSION_INCOME":null,"FEE_COMMISSION_INCOME_YOY":null,"ACCOUNTS_RECE_TDAYS":5.254635984458,"INVENTORY_TDAYS":1.3009612024,"CURRENT_ASSETS_TDAYS":0.618825009238,"TOTAL_ASSETS_TDAYS":0.085970513135,"PREMIUM_EXPENSE":null,"LOAN_DEPOSIT":null,"LOAN_EQUITY":null,"LOAN_ASSETS":null,"DEPOSIT_EQUITY":null,"DEPOSIT_ASSETS":null,"EQUITY_MULTIPLIER":1.492885376153,"EQUITY_RATIO":0.627509819866},{"SECUCODE":"00041.HK","SECURITY_CODE":"00041","SECURITY_NAME_ABBR":"鹰君","ORG_CODE":"10007331","STD_REPORT_DATE":"2020-06-30 00:00:00","REPORT_DATE":"2020-06-30 00:00:00","DATE_TYPE_CODE":"002","REPORT_TYPE":"2020年中报","PER_NETCASH_OPERATE":4.318044839731,"PER_OI":3.456688258766,"BPS":75.412659194371,"BASIC_EPS":-8.266632,"DILUTED_EPS":-8.266632,"OPERATE_INCOME":2488539398.4,"OPERATE_INCOME_YOY":-42.0005011482,"GROSS_PROFIT":891983294.4,"GROSS_PROFIT_YOY":-50.358907912448,"HOLDER_PROFIT":-5949024628.8,"HOLDER_PROFIT_YOY":-401.6266089173,"GROSS_PROFIT_RATIO":35.843647682392,"EPS_TTM":-11.322070276542,"OPERATE_INCOME_QOQ":-19.86194954123,"NET_PROFIT_RATIO":-345.8476853279,"ROE_AVG":-9.969525438346,"GROSS_PROFIT_QOQ":-24.99236468152,"ROA":-5.240515149325,"HOLDER_PROFIT_QOQ":-2593.77924447465,"ROE_YEARLY":-19.939050876692,"ROIC_YEARLY":-13.95010227973,"TOTAL_ASSETS":110155498453.44,"TOTAL_LIABILITIES":37735112532.48,"TAX_EBT":-0.654017332068,"OCF_SALES":124.918549677722,"TOTAL_PARENT_EQUITY":56387805788.16,"DEBT_ASSET_RATIO":34.2562223968,"OPERATE_PROFIT":517743272.64,"PRETAX_PROFIT":-8550633284.16,"NETCASH_OPERATE":3108647324.64,"NETCASH_INVEST":-1470037356.48,"NETCASH_FINANCE":-611894273.76,"END_CASH":10736545443.36,"DIVI_RATIO":-0.069846024683,"DIVIDEND_RATE":7.809694793537,"CURRENT_RATIO":1.449801070511,"COMMON_ACS":1200000000,"CURRENTDEBT_DEBT":34.274260468013,"ISSUED_COMMON_SHARES":747723345,"HK_COMMON_SHARES":747723345,"PER_SHARES":1000,"TOTAL_MARKET_CAP":8329638063.3,"HKSK_MARKET_CAP":8329638063.3,"PE_TTM":-11.88145707983,"PB_TTM":0.150986700417,"REPORT_DATE_SQ":"2019-06-30 00:00:00","REPORT_TYPE_SQ":"2019年中报","OPERATE_INCOME_SQ":4131950387.58,"DPS_HKD":0.87,"OPERATE_INCOME_QOQ_SQ":-0.633156539437,"NET_PROFIT_RATIO_SQ":68.7634561175,"HOLDER_PROFIT_SQ":1899375946.56,"HOLDER_PROFIT_QOQ_SQ":-20.449988137369,"ROE_AVG_SQ":3.061333464981,"PE_TTM_SQ":51.314939073692,"PB_TTM_SQ":0.156254705633,"ROA_SQ":1.663198799878,"START_DATE":"2020-01-01 00:00:00","FISCAL_YEAR":"12-31","CURRENCY":"HKD","IS_CNY_CODE":0,"DPS_HKD_LY":2,"ORG_TYPE":"一般企业","PREMIUM_INCOME":null,"PREMIUM_INCOME_YOY":null,"NET_INTEREST_INCOME":null,"NET_INTEREST_INCOME_YOY":null,"FEE_COMMISSION_INCOME":null,"FEE_COMMISSION_INCOME_YOY":null,"ACCOUNTS_RECE_TDAYS":2.947175293732,"INVENTORY_TDAYS":0.276125219948,"CURRENT_ASSETS_TDAYS":0.139924577573,"TOTAL_ASSETS_TDAYS":0.02192162452,"PREMIUM_EXPENSE":null,"LOAN_DEPOSIT":null,"LOAN_EQUITY":null,"LOAN_ASSETS":null,"DEPOSIT_EQUITY":null,"DEPOSIT_ASSETS":null,"EQUITY_MULTIPLIER":1.521056496077,"EQUITY_RATIO":0.669206967802}],"count":48},"success":true,"message":"ok","code":0}