{"version":"3ff82ff15104c16665abb2fb9a382aa2","result":{"pages":5,"data":[{"SECUCODE":"00046.HK","SECURITY_CODE":"00046","SECURITY_NAME_ABBR":"科联系统","ORG_CODE":"10007335","STD_REPORT_DATE":"2024-06-30 00:00:00","REPORT_DATE":"2024-06-30 00:00:00","DATE_TYPE_CODE":"002","REPORT_TYPE":"2024年中报","PER_NETCASH_OPERATE":0.013493563382,"PER_OI":0.474850593085,"BPS":1.883647623005,"BASIC_EPS":0.068085928,"DILUTED_EPS":0.067720856,"OPERATE_INCOME":116427849.56,"OPERATE_INCOME_YOY":-0.4176359464,"GROSS_PROFIT":62930198.68,"GROSS_PROFIT_YOY":0.926366174088,"HOLDER_PROFIT":16579744.88,"HOLDER_PROFIT_YOY":-0.3893184186,"GROSS_PROFIT_RATIO":54.050812514208,"EPS_TTM":0.122306090243,"OPERATE_INCOME_QOQ":-0.719774772978,"NET_PROFIT_RATIO":14.1439400472,"ROE_AVG":3.601017704772,"GROSS_PROFIT_QOQ":0.469215815243,"ROA":2.75093207018,"HOLDER_PROFIT_QOQ":-0.775597216068,"ROE_YEARLY":7.202035409545,"ROIC_YEARLY":10.434368048984,"TOTAL_ASSETS":608034717.44,"TOTAL_LIABILITIES":146688667.64,"TAX_EBT":13.10441148141,"OCF_SALES":2.84164399884,"TOTAL_PARENT_EQUITY":460239881.64,"DEBT_ASSET_RATIO":24.125048033,"OPERATE_PROFIT":19350641.36,"PRETAX_PROFIT":18950887.52,"NETCASH_OPERATE":3308465,"NETCASH_INVEST":7903808.8,"NETCASH_FINANCE":-20656686.44,"END_CASH":63699587.92,"DIVI_RATIO":0.817943732821,"DIVIDEND_RATE":6.470588235294,"CURRENT_RATIO":3.044144190227,"COMMON_ACS":1000000000,"CURRENTDEBT_DEBT":85.14462771352,"ISSUED_COMMON_SHARES":244334384,"HK_COMMON_SHARES":244334384,"PER_SHARES":2000,"TOTAL_MARKET_CAP":415368452.8,"HKSK_MARKET_CAP":415368452.8,"PE_TTM":12.481398263169,"PB_TTM":0.82369758603,"REPORT_DATE_SQ":"2023-06-30 00:00:00","REPORT_TYPE_SQ":"2023年中报","OPERATE_INCOME_SQ":118107481.96,"DPS_HKD":0.11,"OPERATE_INCOME_QOQ_SQ":3.393387839696,"NET_PROFIT_RATIO_SQ":14.0559866356,"HOLDER_PROFIT_SQ":16814149.26,"HOLDER_PROFIT_QOQ_SQ":-4.548882716476,"ROE_AVG_SQ":3.537603403176,"PE_TTM_SQ":13.872091276728,"PB_TTM_SQ":1.180626110391,"ROA_SQ":2.726679430144,"START_DATE":"2024-01-01 00:00:00","FISCAL_YEAR":"12-31","CURRENCY":"HKD","IS_CNY_CODE":0,"DPS_HKD_LY":0.11,"ORG_TYPE":"一般企业","PREMIUM_INCOME":null,"PREMIUM_INCOME_YOY":null,"NET_INTEREST_INCOME":null,"NET_INTEREST_INCOME_YOY":null,"FEE_COMMISSION_INCOME":null,"FEE_COMMISSION_INCOME_YOY":null,"ACCOUNTS_RECE_TDAYS":3.391386414994,"INVENTORY_TDAYS":4508.92307692308,"CURRENT_ASSETS_TDAYS":0.309452132885,"TOTAL_ASSETS_TDAYS":0.193178548605,"PREMIUM_EXPENSE":null,"LOAN_DEPOSIT":null,"LOAN_EQUITY":null,"LOAN_ASSETS":null,"DEPOSIT_EQUITY":null,"DEPOSIT_ASSETS":null,"EQUITY_MULTIPLIER":1.317958000731,"EQUITY_RATIO":0.318722200078},{"SECUCODE":"00046.HK","SECURITY_CODE":"00046","SECURITY_NAME_ABBR":"科联系统","ORG_CODE":"10007335","STD_REPORT_DATE":"2023-12-31 00:00:00","REPORT_DATE":"2023-12-31 00:00:00","DATE_TYPE_CODE":"001","REPORT_TYPE":"2023年年报","PER_NETCASH_OPERATE":0.184690811913,"PER_OI":0.942893848626,"BPS":1.871765252982,"BASIC_EPS":0.1223397,"DILUTED_EPS":0.121795968,"OPERATE_INCOME":233355274.88,"OPERATE_INCOME_YOY":-4.1735046647,"GROSS_PROFIT":123101831.02,"GROSS_PROFIT_YOY":-4.958395002013,"HOLDER_PROFIT":30222437,"HOLDER_PROFIT_YOY":-29.0591563677,"GROSS_PROFIT_RATIO":52.752966944203,"EPS_TTM":0.122116587904,"OPERATE_INCOME_QOQ":-5.974915343084,"NET_PROFIT_RATIO":12.9097023736,"ROE_AVG":6.498992022901,"GROSS_PROFIT_QOQ":-6.561675262167,"ROA":5.003758445249,"HOLDER_PROFIT_QOQ":-24.600888788838,"ROE_YEARLY":6.498992022901,"ROIC_YEARLY":9.47035579857,"TOTAL_ASSETS":593128239.76,"TOTAL_LIABILITIES":134581825.98,"TAX_EBT":12.015986025461,"OCF_SALES":19.587656890767,"TOTAL_PARENT_EQUITY":457336610.08,"DEBT_ASSET_RATIO":22.6901733821,"OPERATE_PROFIT":34664727.44,"PRETAX_PROFIT":34239710.26,"NETCASH_OPERATE":45708830.58,"NETCASH_INVEST":-109072639.2,"NETCASH_FINANCE":-54283484.22,"END_CASH":73563314.72,"DIVI_RATIO":0.81921303008,"DIVIDEND_RATE":7.432432432432,"CURRENT_RATIO":2.987424469916,"COMMON_ACS":1000000000,"CURRENTDEBT_DEBT":91.937188991913,"ISSUED_COMMON_SHARES":244334384,"HK_COMMON_SHARES":244334384,"PER_SHARES":2000,"TOTAL_MARKET_CAP":361614888.32,"HKSK_MARKET_CAP":361614888.32,"PE_TTM":10.866158487935,"PB_TTM":0.717101427838,"REPORT_DATE_SQ":"2022-12-31 00:00:00","REPORT_TYPE_SQ":"2022年年报","OPERATE_INCOME_SQ":240038621.13,"DPS_HKD":0.11,"OPERATE_INCOME_QOQ_SQ":7.735594667839,"NET_PROFIT_RATIO_SQ":17.4773648309,"HOLDER_PROFIT_SQ":41993515.97,"HOLDER_PROFIT_QOQ_SQ":-6.575294461324,"ROE_AVG_SQ":9.007750601175,"PE_TTM_SQ":13.472483709086,"PB_TTM_SQ":1.146616304742,"ROA_SQ":6.914465280224,"START_DATE":"2023-01-01 00:00:00","FISCAL_YEAR":"12-31","CURRENCY":"HKD","IS_CNY_CODE":0,"DPS_HKD_LY":0.105,"ORG_TYPE":"一般企业","PREMIUM_INCOME":null,"PREMIUM_INCOME_YOY":null,"NET_INTEREST_INCOME":null,"NET_INTEREST_INCOME_YOY":null,"FEE_COMMISSION_INCOME":null,"FEE_COMMISSION_INCOME_YOY":null,"ACCOUNTS_RECE_TDAYS":5.877677725659,"INVENTORY_TDAYS":8110.86666666667,"CURRENT_ASSETS_TDAYS":0.627642914509,"TOTAL_ASSETS_TDAYS":0.386353167822,"PREMIUM_EXPENSE":null,"LOAN_DEPOSIT":null,"LOAN_EQUITY":null,"LOAN_ASSETS":null,"DEPOSIT_EQUITY":null,"DEPOSIT_ASSETS":null,"EQUITY_MULTIPLIER":1.293496627463,"EQUITY_RATIO":0.294273021258},{"SECUCODE":"00046.HK","SECURITY_CODE":"00046","SECURITY_NAME_ABBR":"科联系统","ORG_CODE":"10007335","STD_REPORT_DATE":"2023-06-30 00:00:00","REPORT_DATE":"2023-06-30 00:00:00","DATE_TYPE_CODE":"002","REPORT_TYPE":"2023年中报","PER_NETCASH_OPERATE":0.064408567495,"PER_OI":0.473398721281,"BPS":1.922142682301,"BASIC_EPS":0.068042124,"DILUTED_EPS":0.06776553,"OPERATE_INCOME":118107481.96,"OPERATE_INCOME_YOY":-0.3733026396,"GROSS_PROFIT":62352585.42,"GROSS_PROFIT_YOY":3.696094680356,"HOLDER_PROFIT":16814149.26,"HOLDER_PROFIT_YOY":-16.707010733,"GROSS_PROFIT_RATIO":52.793086758989,"EPS_TTM":0.160661909534,"OPERATE_INCOME_QOQ":3.393387839696,"NET_PROFIT_RATIO":14.0559866356,"ROE_AVG":3.537603403176,"GROSS_PROFIT_QOQ":1.715870082915,"ROA":2.726679430144,"HOLDER_PROFIT_QOQ":-4.548882716476,"ROE_YEARLY":7.075206806351,"ROIC_YEARLY":10.039194530381,"TOTAL_ASSETS":607751698.38,"TOTAL_LIABILITIES":136989632.36,"TAX_EBT":9.330782013193,"OCF_SALES":13.605564315936,"TOTAL_PARENT_EQUITY":469645548.24,"DEBT_ASSET_RATIO":22.5403948233,"OPERATE_PROFIT":18485699,"PRETAX_PROFIT":18309600.82,"NETCASH_OPERATE":16069189.42,"NETCASH_INVEST":-47538210.78,"NETCASH_FINANCE":-33001352.12,"END_CASH":130203859.56,"DIVI_RATIO":0.622670926109,"DIVIDEND_RATE":7.432432432432,"CURRENT_RATIO":3.000113356408,"COMMON_ACS":1000000000,"CURRENTDEBT_DEBT":89.059240015614,"ISSUED_COMMON_SHARES":244334384,"HK_COMMON_SHARES":244334384,"PER_SHARES":2000,"TOTAL_MARKET_CAP":361614888.32,"HKSK_MARKET_CAP":361614888.32,"PE_TTM":10.866158487935,"PB_TTM":0.717101427838,"REPORT_DATE_SQ":"2022-06-30 00:00:00","REPORT_TYPE_SQ":"2022年中报","OPERATE_INCOME_SQ":109962040.58,"DPS_HKD":0.11,"OPERATE_INCOME_QOQ_SQ":2.638420241092,"NET_PROFIT_RATIO_SQ":16.9743821064,"HOLDER_PROFIT_SQ":18724385.05,"HOLDER_PROFIT_QOQ_SQ":2.103893222335,"ROE_AVG_SQ":4.225019176126,"PE_TTM_SQ":13.472483709086,"PB_TTM_SQ":1.146616304742,"ROA_SQ":3.252466088269,"START_DATE":"2023-01-01 00:00:00","FISCAL_YEAR":"12-31","CURRENCY":"HKD","IS_CNY_CODE":0,"DPS_HKD_LY":0.105,"ORG_TYPE":"一般企业","PREMIUM_INCOME":null,"PREMIUM_INCOME_YOY":null,"NET_INTEREST_INCOME":null,"NET_INTEREST_INCOME_YOY":null,"FEE_COMMISSION_INCOME":null,"FEE_COMMISSION_INCOME_YOY":null,"ACCOUNTS_RECE_TDAYS":3.131733672334,"INVENTORY_TDAYS":3779.5625,"CURRENT_ASSETS_TDAYS":0.316438748691,"TOTAL_ASSETS_TDAYS":0.191529905335,"PREMIUM_EXPENSE":null,"LOAN_DEPOSIT":null,"LOAN_EQUITY":null,"LOAN_ASSETS":null,"DEPOSIT_EQUITY":null,"DEPOSIT_ASSETS":null,"EQUITY_MULTIPLIER":1.290995477861,"EQUITY_RATIO":0.291687279638},{"SECUCODE":"00046.HK","SECURITY_CODE":"00046","SECURITY_NAME_ABBR":"科联系统","ORG_CODE":"10007335","STD_REPORT_DATE":"2022-12-31 00:00:00","REPORT_DATE":"2022-12-31 00:00:00","DATE_TYPE_CODE":"001","REPORT_TYPE":"2022年年报","PER_NETCASH_OPERATE":0.217108730241,"PER_OI":0.962123435494,"BPS":1.907113499957,"BASIC_EPS":0.169899954,"DILUTED_EPS":0.169185338,"OPERATE_INCOME":240038621.13,"OPERATE_INCOME_YOY":1.2109045438,"GROSS_PROFIT":129524150,"GROSS_PROFIT_YOY":3.928957121673,"HOLDER_PROFIT":41993515.97,"HOLDER_PROFIT_YOY":-12.6903647574,"GROSS_PROFIT_RATIO":53.959712562193,"EPS_TTM":0.168318521675,"OPERATE_INCOME_QOQ":7.735594667839,"NET_PROFIT_RATIO":17.4773648309,"ROE_AVG":9.007750601175,"GROSS_PROFIT_QOQ":0.107332830358,"ROA":6.914465280224,"HOLDER_PROFIT_QOQ":-6.575294461324,"ROE_YEARLY":9.007750601175,"ROIC_YEARLY":12.558251979799,"TOTAL_ASSETS":606074762.3,"TOTAL_LIABILITIES":138813264.73,"TAX_EBT":8.685254316379,"OCF_SALES":22.565579657561,"TOTAL_PARENT_EQUITY":465973402.23,"DEBT_ASSET_RATIO":22.9036537016,"OPERATE_PROFIT":46297290.83,"PRETAX_PROFIT":45942662.64,"NETCASH_OPERATE":54166106.26,"NETCASH_INVEST":80136144.97,"NETCASH_FINANCE":-46346420.68,"END_CASH":188452278.63,"DIVI_RATIO":0.594346355971,"DIVIDEND_RATE":7.432432432432,"CURRENT_RATIO":2.963751669851,"COMMON_ACS":1000000000,"CURRENTDEBT_DEBT":89.597745159235,"ISSUED_COMMON_SHARES":244334384,"HK_COMMON_SHARES":244334384,"PER_SHARES":2000,"TOTAL_MARKET_CAP":361614888.32,"HKSK_MARKET_CAP":361614888.32,"PE_TTM":10.866158487935,"PB_TTM":0.717101427838,"REPORT_DATE_SQ":"2021-12-31 00:00:00","REPORT_TYPE_SQ":"2021年年报","OPERATE_INCOME_SQ":217076070.4,"DPS_HKD":0.11,"OPERATE_INCOME_QOQ_SQ":2.070648699926,"NET_PROFIT_RATIO_SQ":19.9593979752,"HOLDER_PROFIT_SQ":44022854.4,"HOLDER_PROFIT_QOQ_SQ":-12.427205657213,"ROE_AVG_SQ":10.401009889304,"PE_TTM_SQ":13.472483709086,"PB_TTM_SQ":1.146616304742,"ROA_SQ":7.985377048937,"START_DATE":"2022-01-01 00:00:00","FISCAL_YEAR":"12-31","CURRENCY":"HKD","IS_CNY_CODE":0,"DPS_HKD_LY":0.175,"ORG_TYPE":"一般企业","PREMIUM_INCOME":null,"PREMIUM_INCOME_YOY":null,"NET_INTEREST_INCOME":null,"NET_INTEREST_INCOME_YOY":null,"FEE_COMMISSION_INCOME":null,"FEE_COMMISSION_INCOME_YOY":null,"ACCOUNTS_RECE_TDAYS":5.56832475108,"INVENTORY_TDAYS":4758.42307692308,"CURRENT_ASSETS_TDAYS":0.66361102845,"TOTAL_ASSETS_TDAYS":0.395236901073,"PREMIUM_EXPENSE":null,"LOAN_DEPOSIT":null,"LOAN_EQUITY":null,"LOAN_ASSETS":null,"DEPOSIT_EQUITY":null,"DEPOSIT_ASSETS":null,"EQUITY_MULTIPLIER":1.297078328627,"EQUITY_RATIO":0.29789954548},{"SECUCODE":"00046.HK","SECURITY_CODE":"00046","SECURITY_NAME_ABBR":"科联系统","ORG_CODE":"10007335","STD_REPORT_DATE":"2022-06-30 00:00:00","REPORT_DATE":"2022-06-30 00:00:00","DATE_TYPE_CODE":"002","REPORT_TYPE":"2022年中报","PER_NETCASH_OPERATE":0.06921362912,"PER_OI":0.440750141618,"BPS":1.800105374281,"BASIC_EPS":0.075769834,"DILUTED_EPS":0.075427758,"OPERATE_INCOME":109962040.58,"OPERATE_INCOME_YOY":2.6438891993,"GROSS_PROFIT":60130119.28,"GROSS_PROFIT_YOY":8.592167099158,"HOLDER_PROFIT":18724385.05,"HOLDER_PROFIT_YOY":2.360916316,"GROSS_PROFIT_RATIO":54.68261498499,"EPS_TTM":0.18016489397,"OPERATE_INCOME_QOQ":2.638420241092,"NET_PROFIT_RATIO":16.9743821064,"ROE_AVG":4.225019176126,"GROSS_PROFIT_QOQ":3.817526831716,"ROA":3.252466088269,"HOLDER_PROFIT_QOQ":2.103893222335,"ROE_YEARLY":8.450038352252,"ROIC_YEARLY":11.532546061711,"TOTAL_ASSETS":568757792.54,"TOTAL_LIABILITIES":127716640.17,"TAX_EBT":12.633095828997,"OCF_SALES":15.703597704189,"TOTAL_PARENT_EQUITY":439827637.76,"DEBT_ASSET_RATIO":22.4553653322,"OPERATE_PROFIT":21531118.63,"PRETAX_PROFIT":21364356.58,"NETCASH_OPERATE":17267996.48,"NETCASH_INVEST":75332831.91,"NETCASH_FINANCE":-27724404.61,"END_CASH":163053946.16,"DIVI_RATIO":0.555266332946,"DIVIDEND_RATE":7.432432432432,"CURRENT_RATIO":3.007336671713,"COMMON_ACS":1000000000,"CURRENTDEBT_DEBT":86.247765211627,"ISSUED_COMMON_SHARES":244334384,"HK_COMMON_SHARES":244334384,"PER_SHARES":2000,"TOTAL_MARKET_CAP":361614888.32,"HKSK_MARKET_CAP":361614888.32,"PE_TTM":10.866158487935,"PB_TTM":0.717101427838,"REPORT_DATE_SQ":"2021-06-30 00:00:00","REPORT_TYPE_SQ":"2021年中报","OPERATE_INCOME_SQ":104234661.6,"DPS_HKD":0.11,"OPERATE_INCOME_QOQ_SQ":-1.395800165212,"NET_PROFIT_RATIO_SQ":16.9737367287,"HOLDER_PROFIT_SQ":17798191.2,"HOLDER_PROFIT_QOQ_SQ":-0.659227341609,"ROE_AVG_SQ":4.198971163727,"PE_TTM_SQ":13.472483709086,"PB_TTM_SQ":1.146616304742,"ROA_SQ":3.241250404399,"START_DATE":"2022-01-01 00:00:00","FISCAL_YEAR":"12-31","CURRENCY":"HKD","IS_CNY_CODE":0,"DPS_HKD_LY":0.175,"ORG_TYPE":"一般企业","PREMIUM_INCOME":null,"PREMIUM_INCOME_YOY":null,"NET_INTEREST_INCOME":null,"NET_INTEREST_INCOME_YOY":null,"FEE_COMMISSION_INCOME":null,"FEE_COMMISSION_INCOME_YOY":null,"ACCOUNTS_RECE_TDAYS":3.090319169391,"INVENTORY_TDAYS":2198.8679245283,"CURRENT_ASSETS_TDAYS":0.327775327757,"TOTAL_ASSETS_TDAYS":0.191006437343,"PREMIUM_EXPENSE":null,"LOAN_DEPOSIT":null,"LOAN_EQUITY":null,"LOAN_ASSETS":null,"DEPOSIT_EQUITY":null,"DEPOSIT_ASSETS":null,"EQUITY_MULTIPLIER":1.289579871366,"EQUITY_RATIO":0.290378842086},{"SECUCODE":"00046.HK","SECURITY_CODE":"00046","SECURITY_NAME_ABBR":"科联系统","ORG_CODE":"10007335","STD_REPORT_DATE":"2021-12-31 00:00:00","REPORT_DATE":"2021-12-31 00:00:00","DATE_TYPE_CODE":"001","REPORT_TYPE":"2021年年报","PER_NETCASH_OPERATE":0.184668227279,"PER_OI":0.870084878982,"BPS":1.747205917608,"BASIC_EPS":0.17790976,"DILUTED_EPS":0.17717392,"OPERATE_INCOME":217076070.4,"OPERATE_INCOME_YOY":3.6052523755,"GROSS_PROFIT":124627585.6,"GROSS_PROFIT_YOY":2.271645772744,"HOLDER_PROFIT":44022854.4,"HOLDER_PROFIT_YOY":-10.4465696466,"GROSS_PROFIT_RATIO":57.411941063035,"EPS_TTM":0.176452521333,"OPERATE_INCOME_QOQ":2.070648699926,"NET_PROFIT_RATIO":19.9593979752,"ROE_AVG":10.401009889304,"GROSS_PROFIT_QOQ":6.417507308966,"ROA":7.985377048937,"HOLDER_PROFIT_QOQ":-12.427205657213,"ROE_YEARLY":10.401009889304,"ROIC_YEARLY":14.344839345206,"TOTAL_ASSETS":557028427.2,"TOTAL_LIABILITIES":128909356.8,"TAX_EBT":8.041369496937,"OCF_SALES":21.224162347837,"TOTAL_PARENT_EQUITY":426902481.6,"DEBT_ASSET_RATIO":23.142329997,"OPERATE_PROFIT":47316147.2,"PRETAX_PROFIT":47115835.2,"NETCASH_OPERATE":46072577.6,"NETCASH_INVEST":-93217028.8,"NETCASH_FINANCE":-44945924.8,"END_CASH":95247947.2,"DIVI_RATIO":0.56694854369,"DIVIDEND_RATE":7.432432432432,"CURRENT_RATIO":2.980051166245,"COMMON_ACS":1000000000,"CURRENTDEBT_DEBT":84.539031382398,"ISSUED_COMMON_SHARES":244334384,"HK_COMMON_SHARES":244334384,"PER_SHARES":2000,"TOTAL_MARKET_CAP":361614888.32,"HKSK_MARKET_CAP":361614888.32,"PE_TTM":10.866158487935,"PB_TTM":0.717101427838,"REPORT_DATE_SQ":"2020-12-31 00:00:00","REPORT_TYPE_SQ":"2020年年报","OPERATE_INCOME_SQ":215682874.6,"DPS_HKD":0.11,"OPERATE_INCOME_QOQ_SQ":-8.857609270155,"NET_PROFIT_RATIO_SQ":23.3797046027,"HOLDER_PROFIT_SQ":50603605,"HOLDER_PROFIT_QOQ_SQ":18.003880621158,"ROE_AVG_SQ":12.090299708727,"PE_TTM_SQ":13.472483709086,"PB_TTM_SQ":1.146616304742,"ROA_SQ":9.241235043993,"START_DATE":"2021-01-01 00:00:00","FISCAL_YEAR":"12-31","CURRENCY":"HKD","IS_CNY_CODE":0,"DPS_HKD_LY":0.18,"ORG_TYPE":"一般企业","PREMIUM_INCOME":null,"PREMIUM_INCOME_YOY":null,"NET_INTEREST_INCOME":null,"NET_INTEREST_INCOME_YOY":null,"FEE_COMMISSION_INCOME":null,"FEE_COMMISSION_INCOME_YOY":null,"ACCOUNTS_RECE_TDAYS":5.893605922374,"INVENTORY_TDAYS":5259.20930232558,"CURRENT_ASSETS_TDAYS":0.67197744417,"TOTAL_ASSETS_TDAYS":0.393757809227,"PREMIUM_EXPENSE":null,"LOAN_DEPOSIT":null,"LOAN_EQUITY":null,"LOAN_ASSETS":null,"DEPOSIT_EQUITY":null,"DEPOSIT_ASSETS":null,"EQUITY_MULTIPLIER":1.30110631764,"EQUITY_RATIO":0.301964411912},{"SECUCODE":"00046.HK","SECURITY_CODE":"00046","SECURITY_NAME_ABBR":"科联系统","ORG_CODE":"10007335","STD_REPORT_DATE":"2021-06-30 00:00:00","REPORT_DATE":"2021-06-30 00:00:00","DATE_TYPE_CODE":"002","REPORT_TYPE":"2021年中报","PER_NETCASH_OPERATE":0.066162611563,"PER_OI":0.417793646056,"BPS":1.721822664468,"BASIC_EPS":0.071891712,"DILUTED_EPS":0.07155888,"OPERATE_INCOME":104234661.6,"OPERATE_INCOME_YOY":6.6963068956,"GROSS_PROFIT":55372427.76,"GROSS_PROFIT_YOY":-7.896643642828,"HOLDER_PROFIT":17798191.2,"HOLDER_PROFIT_YOY":7.758186398,"GROSS_PROFIT_RATIO":53.122854633991,"EPS_TTM":0.201492395734,"OPERATE_INCOME_QOQ":-1.395800165212,"NET_PROFIT_RATIO":16.9737367287,"ROE_AVG":4.198971163727,"GROSS_PROFIT_QOQ":-3.895845374563,"ROA":3.241250404399,"HOLDER_PROFIT_QOQ":-0.659227341609,"ROE_YEARLY":8.397942327455,"ROIC_YEARLY":11.618101752085,"TOTAL_ASSETS":543009583.44,"TOTAL_LIABILITIES":120468542.4,"TAX_EBT":2.431973569495,"OCF_SALES":15.836193821346,"TOTAL_PARENT_EQUITY":420700480.08,"DEBT_ASSET_RATIO":22.1853436981,"OPERATE_PROFIT":18642752.4,"PRETAX_PROFIT":18133519.44,"NETCASH_OPERATE":16506803.04,"NETCASH_INVEST":25315201.92,"NETCASH_FINANCE":-28175892.96,"END_CASH":203684031.12,"DIVI_RATIO":0.496492682195,"DIVIDEND_RATE":7.432432432432,"CURRENT_RATIO":2.964021376809,"COMMON_ACS":1000000000,"CURRENTDEBT_DEBT":89.3072247548,"ISSUED_COMMON_SHARES":244334384,"HK_COMMON_SHARES":244334384,"PER_SHARES":2000,"TOTAL_MARKET_CAP":361614888.32,"HKSK_MARKET_CAP":361614888.32,"PE_TTM":10.866158487935,"PB_TTM":0.717101427838,"REPORT_DATE_SQ":"2020-06-30 00:00:00","REPORT_TYPE_SQ":"2020年中报","OPERATE_INCOME_SQ":107245163.52,"DPS_HKD":0.11,"OPERATE_INCOME_QOQ_SQ":-4.246820547656,"NET_PROFIT_RATIO_SQ":16.9068547288,"HOLDER_PROFIT_SQ":18131784,"HOLDER_PROFIT_QOQ_SQ":-14.350193685261,"ROE_AVG_SQ":4.120856307713,"PE_TTM_SQ":13.472483709086,"PB_TTM_SQ":1.146616304742,"ROA_SQ":3.143038328442,"START_DATE":"2021-01-01 00:00:00","FISCAL_YEAR":"12-31","CURRENCY":"HKD","IS_CNY_CODE":0,"DPS_HKD_LY":0.18,"ORG_TYPE":"一般企业","PREMIUM_INCOME":null,"PREMIUM_INCOME_YOY":null,"NET_INTEREST_INCOME":null,"NET_INTEREST_INCOME_YOY":null,"FEE_COMMISSION_INCOME":null,"FEE_COMMISSION_INCOME_YOY":null,"ACCOUNTS_RECE_TDAYS":2.626976471082,"INVENTORY_TDAYS":3914.86666666667,"CURRENT_ASSETS_TDAYS":0.322757675382,"TOTAL_ASSETS_TDAYS":0.189823019242,"PREMIUM_EXPENSE":null,"LOAN_DEPOSIT":null,"LOAN_EQUITY":null,"LOAN_ASSETS":null,"DEPOSIT_EQUITY":null,"DEPOSIT_ASSETS":null,"EQUITY_MULTIPLIER":1.28510495005,"EQUITY_RATIO":0.28635228174},{"SECUCODE":"00046.HK","SECURITY_CODE":"00046","SECURITY_NAME_ABBR":"科联系统","ORG_CODE":"10007335","STD_REPORT_DATE":"2020-12-31 00:00:00","REPORT_DATE":"2020-12-31 00:00:00","DATE_TYPE_CODE":"001","REPORT_TYPE":"2020年年报","PER_NETCASH_OPERATE":0.264287264452,"PER_OI":0.864500667895,"BPS":1.767849754622,"BASIC_EPS":0.204602684,"DILUTED_EPS":0.203592716,"OPERATE_INCOME":215682874.6,"OPERATE_INCOME_YOY":-7.1143523032,"GROSS_PROFIT":121859372.32,"GROSS_PROFIT_YOY":-12.377674177375,"HOLDER_PROFIT":50603605,"HOLDER_PROFIT_YOY":7.5716100406,"GROSS_PROFIT_RATIO":56.499326868671,"EPS_TTM":0.202829503277,"OPERATE_INCOME_QOQ":-8.857609270155,"NET_PROFIT_RATIO":23.3797046027,"ROE_AVG":12.090299708727,"GROSS_PROFIT_QOQ":-8.537772120121,"ROA":9.241235043993,"HOLDER_PROFIT_QOQ":18.003880621158,"ROE_YEARLY":12.090299708727,"ROIC_YEARLY":14.983826190108,"TOTAL_ASSETS":561599439.52,"TOTAL_LIABILITIES":127684362.76,"TAX_EBT":2.800129785853,"OCF_SALES":30.571088521648,"TOTAL_PARENT_EQUITY":431946480.8,"DEBT_ASSET_RATIO":22.7358422703,"OPERATE_PROFIT":52850783.8,"PRETAX_PROFIT":51878689.6,"NETCASH_OPERATE":65936602.52,"NETCASH_INVEST":31392330.36,"NETCASH_FINANCE":-31619573.16,"END_CASH":191650686.04,"DIVI_RATIO":0.493219666685,"DIVIDEND_RATE":7.432432432432,"CURRENT_RATIO":2.935574710927,"COMMON_ACS":1000000000,"CURRENTDEBT_DEBT":88.245259015615,"ISSUED_COMMON_SHARES":244334384,"HK_COMMON_SHARES":244334384,"PER_SHARES":2000,"TOTAL_MARKET_CAP":361614888.32,"HKSK_MARKET_CAP":361614888.32,"PE_TTM":10.866158487935,"PB_TTM":0.717101427838,"REPORT_DATE_SQ":"2019-12-31 00:00:00","REPORT_TYPE_SQ":"2019年年报","OPERATE_INCOME_SQ":247139431.54,"DPS_HKD":0.11,"OPERATE_INCOME_QOQ_SQ":-2.714192006892,"NET_PROFIT_RATIO_SQ":20.2589409662,"HOLDER_PROFIT_SQ":50067831.54,"HOLDER_PROFIT_QOQ_SQ":-15.809311444134,"ROE_AVG_SQ":11.65113508567,"PE_TTM_SQ":13.472483709086,"PB_TTM_SQ":1.146616304742,"ROA_SQ":8.834672926002,"START_DATE":"2020-01-01 00:00:00","FISCAL_YEAR":"12-31","CURRENCY":"HKD","IS_CNY_CODE":0,"DPS_HKD_LY":0.13,"ORG_TYPE":"一般企业","PREMIUM_INCOME":null,"PREMIUM_INCOME_YOY":null,"NET_INTEREST_INCOME":null,"NET_INTEREST_INCOME_YOY":null,"FEE_COMMISSION_INCOME":null,"FEE_COMMISSION_INCOME_YOY":null,"ACCOUNTS_RECE_TDAYS":5.414602195295,"INVENTORY_TDAYS":369.129139072848,"CURRENT_ASSETS_TDAYS":0.688399568046,"TOTAL_ASSETS_TDAYS":0.393880265871,"PREMIUM_EXPENSE":null,"LOAN_DEPOSIT":null,"LOAN_EQUITY":null,"LOAN_ASSETS":null,"DEPOSIT_EQUITY":null,"DEPOSIT_ASSETS":null,"EQUITY_MULTIPLIER":1.294261180583,"EQUITY_RATIO":0.295602275827},{"SECUCODE":"00046.HK","SECURITY_CODE":"00046","SECURITY_NAME_ABBR":"科联系统","ORG_CODE":"10007335","STD_REPORT_DATE":"2020-06-30 00:00:00","REPORT_DATE":"2020-06-30 00:00:00","DATE_TYPE_CODE":"002","REPORT_TYPE":"2020年中报","PER_NETCASH_OPERATE":0.102258785724,"PER_OI":0.429860347807,"BPS":1.80199752287,"BASIC_EPS":0.073349232,"DILUTED_EPS":0.072983856,"OPERATE_INCOME":107245163.52,"OPERATE_INCOME_YOY":-12.2825892057,"GROSS_PROFIT":60119880.48,"GROSS_PROFIT_YOY":-8.852188777404,"HOLDER_PROFIT":18131784,"HOLDER_PROFIT_YOY":-31.0284920083,"GROSS_PROFIT_RATIO":56.058360588716,"EPS_TTM":0.171883756881,"OPERATE_INCOME_QOQ":-4.246820547656,"NET_PROFIT_RATIO":16.9068547288,"ROE_AVG":4.120856307713,"GROSS_PROFIT_QOQ":-4.198347390245,"ROA":3.143038328442,"HOLDER_PROFIT_QOQ":-14.350193685261,"ROE_YEARLY":8.241712615426,"ROIC_YEARLY":9.765540923643,"TOTAL_ASSETS":574685295.36,"TOTAL_LIABILITIES":134395340.64,"TAX_EBT":-2.57337742869,"OCF_SALES":23.788838920687,"TOTAL_PARENT_EQUITY":440289954.72,"DEBT_ASSET_RATIO":23.3859021146,"OPERATE_PROFIT":18022171.2,"PRETAX_PROFIT":17676890.88,"NETCASH_OPERATE":25512379.2,"NETCASH_INVEST":88542479.52,"NETCASH_FINANCE":-20799028.8,"END_CASH":227735207.04,"DIVI_RATIO":0.582018346675,"DIVIDEND_RATE":7.432432432432,"CURRENT_RATIO":2.611159844779,"COMMON_ACS":1000000000,"CURRENTDEBT_DEBT":91.427367448057,"ISSUED_COMMON_SHARES":244334384,"HK_COMMON_SHARES":244334384,"PER_SHARES":2000,"TOTAL_MARKET_CAP":361614888.32,"HKSK_MARKET_CAP":361614888.32,"PE_TTM":10.866158487935,"PB_TTM":0.717101427838,"REPORT_DATE_SQ":"2019-06-30 00:00:00","REPORT_TYPE_SQ":"2019年中报","OPERATE_INCOME_SQ":117740731.68,"DPS_HKD":0.11,"OPERATE_INCOME_QOQ_SQ":3.020473866692,"NET_PROFIT_RATIO_SQ":21.5020022712,"HOLDER_PROFIT_SQ":25316614.8,"HOLDER_PROFIT_QOQ_SQ":-0.229127762113,"ROE_AVG_SQ":6.019919281207,"PE_TTM_SQ":13.472483709086,"PB_TTM_SQ":1.146616304742,"ROA_SQ":4.506295975023,"START_DATE":"2020-01-01 00:00:00","FISCAL_YEAR":"12-31","CURRENCY":"HKD","IS_CNY_CODE":0,"DPS_HKD_LY":0.13,"ORG_TYPE":"一般企业","PREMIUM_INCOME":null,"PREMIUM_INCOME_YOY":null,"NET_INTEREST_INCOME":null,"NET_INTEREST_INCOME_YOY":null,"FEE_COMMISSION_INCOME":null,"FEE_COMMISSION_INCOME_YOY":null,"ACCOUNTS_RECE_TDAYS":2.318140085888,"INVENTORY_TDAYS":170.548760330579,"CURRENT_ASSETS_TDAYS":0.334129706916,"TOTAL_ASSETS_TDAYS":0.185903196003,"PREMIUM_EXPENSE":null,"LOAN_DEPOSIT":null,"LOAN_EQUITY":null,"LOAN_ASSETS":null,"DEPOSIT_EQUITY":null,"DEPOSIT_ASSETS":null,"EQUITY_MULTIPLIER":1.305242804654,"EQUITY_RATIO":0.305242804655}],"count":45},"success":true,"message":"ok","code":0}