{"version":"e0b970e3d130b668455e069144d27279","result":{"pages":9,"data":[{"SECUCODE":"00042.HK","SECURITY_CODE":"00042","SECURITY_NAME_ABBR":"东北电气","ORG_CODE":"10005526","STD_REPORT_DATE":"2024-06-30 00:00:00","REPORT_DATE":"2024-06-30 00:00:00","DATE_TYPE_CODE":"002","REPORT_TYPE":"2024年中报","PER_NETCASH_OPERATE":0.004291642317,"PER_OI":0.077828127426,"BPS":-0.238604326414,"BASIC_EPS":-0.006,"DILUTED_EPS":-0.006,"OPERATE_INCOME":67972751.65,"OPERATE_INCOME_YOY":71.7529954147,"GROSS_PROFIT":26827953.11,"GROSS_PROFIT_YOY":29.08785695396,"HOLDER_PROFIT":-5512174.67,"HOLDER_PROFIT_YOY":35.5397107757,"GROSS_PROFIT_RATIO":39.46868775909,"EPS_TTM":-0.003339824656,"OPERATE_INCOME_QOQ":25.714820374898,"NET_PROFIT_RATIO":-8.0390484236,"ROE_AVG":2.69143690921,"GROSS_PROFIT_QOQ":11.799282780966,"ROA":-3.020121739795,"HOLDER_PROFIT_QOQ":51.025811618536,"ROE_YEARLY":5.382873818421,"ROIC_YEARLY":-6.476615979667,"TOTAL_ASSETS":183499965.34,"TOTAL_LIABILITIES":389849376.55,"TAX_EBT":14.224200782529,"OCF_SALES":5.514256167383,"TOTAL_PARENT_EQUITY":-208389860.56,"DEBT_ASSET_RATIO":212.4520164501,"OPERATE_PROFIT":-6200682.65,"PRETAX_PROFIT":-6370517.64,"NETCASH_OPERATE":3748191.65,"NETCASH_INVEST":-102410,"NETCASH_FINANCE":null,"END_CASH":10121809.44,"DIVI_RATIO":null,"DIVIDEND_RATE":null,"CURRENT_RATIO":0.350946931532,"COMMON_ACS":null,"CURRENTDEBT_DEBT":83.204087822467,"ISSUED_COMMON_SHARES":873370000,"HK_COMMON_SHARES":257950000,"PER_SHARES":2000,"TOTAL_MARKET_CAP":235809900,"HKSK_MARKET_CAP":69646500,"PE_TTM":-70.665157411047,"PB_TTM":-1.03277087932,"REPORT_DATE_SQ":"2023-06-30 00:00:00","REPORT_TYPE_SQ":"2023年中报","OPERATE_INCOME_SQ":39575875.51,"DPS_HKD":null,"OPERATE_INCOME_QOQ_SQ":-24.537446991671,"NET_PROFIT_RATIO_SQ":-21.6949454418,"HOLDER_PROFIT_SQ":-8551272.01,"HOLDER_PROFIT_QOQ_SQ":36.673397541962,"ROE_AVG_SQ":4.286034167444,"PE_TTM_SQ":-11.861924884118,"PB_TTM_SQ":-0.892214344347,"ROA_SQ":-5.001760740567,"START_DATE":"2024-01-01 00:00:00","FISCAL_YEAR":"12-31","CURRENCY":"HKD","IS_CNY_CODE":0,"DPS_HKD_LY":null,"ORG_TYPE":"一般企业","PREMIUM_INCOME":null,"PREMIUM_INCOME_YOY":null,"NET_INTEREST_INCOME":null,"NET_INTEREST_INCOME_YOY":null,"FEE_COMMISSION_INCOME":null,"FEE_COMMISSION_INCOME_YOY":null,"ACCOUNTS_RECE_TDAYS":1.683341912045,"INVENTORY_TDAYS":1.548064491053,"CURRENT_ASSETS_TDAYS":0.616024784858,"TOTAL_ASSETS_TDAYS":0.372422858965,"PREMIUM_EXPENSE":null,"LOAN_DEPOSIT":null,"LOAN_EQUITY":null,"LOAN_ASSETS":null,"DEPOSIT_EQUITY":null,"DEPOSIT_ASSETS":null,"EQUITY_MULTIPLIER":-0.889268179947,"EQUITY_RATIO":-1.870769410289},{"SECUCODE":"00042.HK","SECURITY_CODE":"00042","SECURITY_NAME_ABBR":"东北电气","ORG_CODE":"10005526","STD_REPORT_DATE":"2023-12-31 00:00:00","REPORT_DATE":"2023-12-31 00:00:00","DATE_TYPE_CODE":"001","REPORT_TYPE":"2023年年报","PER_NETCASH_OPERATE":-0.004315467671,"PER_OI":0.126441256283,"BPS":-0.230392617104,"BASIC_EPS":-0.0068,"DILUTED_EPS":null,"OPERATE_INCOME":110430000,"OPERATE_INCOME_YOY":-31.4112159401,"GROSS_PROFIT":51234000,"GROSS_PROFIT_YOY":-44.443119096932,"HOLDER_PROFIT":-5956000,"HOLDER_PROFIT_YOY":76.3105560417,"GROSS_PROFIT_RATIO":46.395001358327,"EPS_TTM":-0.006819561011,"OPERATE_INCOME_QOQ":-9.108847599744,"NET_PROFIT_RATIO":-5.4305895137,"ROE_AVG":3.005947799667,"GROSS_PROFIT_QOQ":-29.22645326917,"ROA":-3.28144326205,"HOLDER_PROFIT_QOQ":62.591639155102,"ROE_YEARLY":3.005947799667,"ROIC_YEARLY":-3.530391537967,"TOTAL_ASSETS":181529625.74,"TOTAL_LIABILITIES":380755441.85,"TAX_EBT":null,"OCF_SALES":-3.41302182378,"TOTAL_PARENT_EQUITY":-201218453.21,"DEBT_ASSET_RATIO":209.7482509778,"OPERATE_PROFIT":-6646000,"PRETAX_PROFIT":-5997000,"NETCASH_OPERATE":-3769000,"NETCASH_INVEST":-474000,"NETCASH_FINANCE":927000,"END_CASH":6444000,"DIVI_RATIO":null,"DIVIDEND_RATE":null,"CURRENT_RATIO":0.339822654208,"COMMON_ACS":null,"CURRENTDEBT_DEBT":82.576382184411,"ISSUED_COMMON_SHARES":873370000,"HK_COMMON_SHARES":257950000,"PER_SHARES":2000,"TOTAL_MARKET_CAP":257644150,"HKSK_MARKET_CAP":76095250,"PE_TTM":-77.208227541699,"PB_TTM":-1.128397812591,"REPORT_DATE_SQ":"2022-12-31 00:00:00","REPORT_TYPE_SQ":"2022年年报","OPERATE_INCOME_SQ":161003000,"DPS_HKD":null,"OPERATE_INCOME_QOQ_SQ":27.545241086749,"NET_PROFIT_RATIO_SQ":-15.6947386074,"HOLDER_PROFIT_SQ":-25142000,"HOLDER_PROFIT_QOQ_SQ":-3.823482471679,"ROE_AVG_SQ":13.785502796359,"PE_TTM_SQ":-12.071870457288,"PB_TTM_SQ":-0.908005748671,"ROA_SQ":-13.27735530207,"START_DATE":"2023-01-01 00:00:00","FISCAL_YEAR":"12-31","CURRENCY":"HKD","IS_CNY_CODE":0,"DPS_HKD_LY":null,"ORG_TYPE":"一般企业","PREMIUM_INCOME":null,"PREMIUM_INCOME_YOY":null,"NET_INTEREST_INCOME":null,"NET_INTEREST_INCOME_YOY":null,"FEE_COMMISSION_INCOME":null,"FEE_COMMISSION_INCOME_YOY":null,"ACCOUNTS_RECE_TDAYS":2.295331784864,"INVENTORY_TDAYS":2.893750152763,"CURRENT_ASSETS_TDAYS":1.043495516267,"TOTAL_ASSETS_TDAYS":0.60841131536,"PREMIUM_EXPENSE":null,"LOAN_DEPOSIT":null,"LOAN_EQUITY":null,"LOAN_ASSETS":null,"DEPOSIT_EQUITY":null,"DEPOSIT_ASSETS":null,"EQUITY_MULTIPLIER":-0.911176252096,"EQUITY_RATIO":-1.892249124153},{"SECUCODE":"00042.HK","SECURITY_CODE":"00042","SECURITY_NAME_ABBR":"东北电气","ORG_CODE":"10005526","STD_REPORT_DATE":"2023-06-30 00:00:00","REPORT_DATE":"2023-06-30 00:00:00","DATE_TYPE_CODE":"002","REPORT_TYPE":"2023年中报","PER_NETCASH_OPERATE":-0.004449590437,"PER_OI":0.045313985493,"BPS":-0.233539710856,"BASIC_EPS":-0.01,"DILUTED_EPS":-0.01,"OPERATE_INCOME":39575875.51,"OPERATE_INCOME_YOY":-49.9558370949,"GROSS_PROFIT":20782708.57,"GROSS_PROFIT_YOY":-48.823987603781,"HOLDER_PROFIT":-8551272.01,"HOLDER_PROFIT_YOY":51.882638379,"GROSS_PROFIT_RATIO":52.513578795619,"EPS_TTM":-0.018230044987,"OPERATE_INCOME_QOQ":-24.537446991671,"NET_PROFIT_RATIO":-21.6949454418,"ROE_AVG":4.286034167444,"GROSS_PROFIT_QOQ":-21.500499170453,"ROA":-5.001760740567,"HOLDER_PROFIT_QOQ":36.673397541962,"ROE_YEARLY":8.572068334888,"ROIC_YEARLY":-10.872664724862,"TOTAL_ASSETS":160449470.23,"TOTAL_LIABILITIES":362417333.75,"TAX_EBT":null,"OCF_SALES":-9.81946387773,"TOTAL_PARENT_EQUITY":-203966577.27,"DEBT_ASSET_RATIO":225.8763043782,"OPERATE_PROFIT":-8312379.41,"PRETAX_PROFIT":-8585964.6,"NETCASH_OPERATE":-3886138.8,"NETCASH_INVEST":null,"NETCASH_FINANCE":null,"END_CASH":4722476.35,"DIVI_RATIO":null,"DIVIDEND_RATE":null,"CURRENT_RATIO":0.302425319641,"COMMON_ACS":null,"CURRENTDEBT_DEBT":81.374571193506,"ISSUED_COMMON_SHARES":873370000,"HK_COMMON_SHARES":257950000,"PER_SHARES":2000,"TOTAL_MARKET_CAP":248910450,"HKSK_MARKET_CAP":73515750,"PE_TTM":-74.590999489438,"PB_TTM":-1.090147039283,"REPORT_DATE_SQ":"2022-06-30 00:00:00","REPORT_TYPE_SQ":"2022年中报","OPERATE_INCOME_SQ":79081901.29,"DPS_HKD":null,"OPERATE_INCOME_QOQ_SQ":45.185336190676,"NET_PROFIT_RATIO_SQ":-22.599985532,"HOLDER_PROFIT_SQ":-17771697.62,"HOLDER_PROFIT_QOQ_SQ":1273.90269232304,"ROE_AVG_SQ":9.987399495382,"PE_TTM_SQ":-12.071870457288,"PB_TTM_SQ":-0.908005748671,"ROA_SQ":-9.332854614514,"START_DATE":"2023-01-01 00:00:00","FISCAL_YEAR":"12-31","CURRENCY":"HKD","IS_CNY_CODE":0,"DPS_HKD_LY":null,"ORG_TYPE":"一般企业","PREMIUM_INCOME":null,"PREMIUM_INCOME_YOY":null,"NET_INTEREST_INCOME":null,"NET_INTEREST_INCOME_YOY":null,"FEE_COMMISSION_INCOME":null,"FEE_COMMISSION_INCOME_YOY":null,"ACCOUNTS_RECE_TDAYS":0.766823135689,"INVENTORY_TDAYS":0.935934451472,"CURRENT_ASSETS_TDAYS":0.408000967207,"TOTAL_ASSETS_TDAYS":0.231484930158,"PREMIUM_EXPENSE":null,"LOAN_DEPOSIT":null,"LOAN_EQUITY":null,"LOAN_ASSETS":null,"DEPOSIT_EQUITY":null,"DEPOSIT_ASSETS":null,"EQUITY_MULTIPLIER":-0.794430695229,"EQUITY_RATIO":-1.776846670669},{"SECUCODE":"00042.HK","SECURITY_CODE":"00042","SECURITY_NAME_ABBR":"东北电气","ORG_CODE":"10005526","STD_REPORT_DATE":"2022-12-31 00:00:00","REPORT_DATE":"2022-12-31 00:00:00","DATE_TYPE_CODE":"001","REPORT_TYPE":"2022年年报","PER_NETCASH_OPERATE":0.008178664255,"PER_OI":0.1843468404,"BPS":-0.223345203064,"BASIC_EPS":-0.0288,"DILUTED_EPS":null,"OPERATE_INCOME":161003000,"OPERATE_INCOME_YOY":34.7474578399,"GROSS_PROFIT":92219000,"GROSS_PROFIT_YOY":33.994449529954,"HOLDER_PROFIT":-25142000,"HOLDER_PROFIT_YOY":-242.6172783482,"GROSS_PROFIT_RATIO":57.277814699105,"EPS_TTM":-0.02878734099,"OPERATE_INCOME_QOQ":27.545241086749,"NET_PROFIT_RATIO":-15.6947386074,"ROE_AVG":13.785502796359,"GROSS_PROFIT_QOQ":48.356132934557,"ROA":-13.27735530207,"HOLDER_PROFIT_QOQ":-3.823482471679,"ROE_YEARLY":13.785502796359,"ROIC_YEARLY":-15.575034845904,"TOTAL_ASSETS":183208000,"TOTAL_LIABILITIES":376238000,"TAX_EBT":0.964138741917,"OCF_SALES":4.436563293852,"TOTAL_PARENT_EQUITY":-195063000,"DEBT_ASSET_RATIO":206.3637515773,"OPERATE_PROFIT":-22619000,"PRETAX_PROFIT":-25515000,"NETCASH_OPERATE":9314000,"NETCASH_INVEST":-2082000,"NETCASH_FINANCE":-12955000,"END_CASH":9949000,"DIVI_RATIO":null,"DIVIDEND_RATE":null,"CURRENT_RATIO":0.342461590741,"COMMON_ACS":null,"CURRENTDEBT_DEBT":81.855368144632,"ISSUED_COMMON_SHARES":873370000,"HK_COMMON_SHARES":257950000,"PER_SHARES":2000,"TOTAL_MARKET_CAP":257644150,"HKSK_MARKET_CAP":76095250,"PE_TTM":-77.208227541699,"PB_TTM":-1.128397812591,"REPORT_DATE_SQ":"2021-12-31 00:00:00","REPORT_TYPE_SQ":"2021年年报","OPERATE_INCOME_SQ":119485000,"DPS_HKD":null,"OPERATE_INCOME_QOQ_SQ":46.669167036456,"NET_PROFIT_RATIO_SQ":14.7290454869,"HOLDER_PROFIT_SQ":17629000,"HOLDER_PROFIT_QOQ_SQ":123.253681542113,"ROE_AVG_SQ":-9.87298244828,"PE_TTM_SQ":-12.071870457288,"PB_TTM_SQ":-0.908005748671,"ROA_SQ":9.928055528179,"START_DATE":"2022-01-01 00:00:00","FISCAL_YEAR":"12-31","CURRENCY":"HKD","IS_CNY_CODE":0,"DPS_HKD_LY":null,"ORG_TYPE":"一般企业","PREMIUM_INCOME":null,"PREMIUM_INCOME_YOY":null,"NET_INTEREST_INCOME":null,"NET_INTEREST_INCOME_YOY":null,"FEE_COMMISSION_INCOME":null,"FEE_COMMISSION_INCOME_YOY":null,"ACCOUNTS_RECE_TDAYS":2.818235922211,"INVENTORY_TDAYS":3.984821713061,"CURRENT_ASSETS_TDAYS":1.410500586968,"TOTAL_ASSETS_TDAYS":0.850248204478,"PREMIUM_EXPENSE":null,"LOAN_DEPOSIT":null,"LOAN_EQUITY":null,"LOAN_ASSETS":null,"DEPOSIT_EQUITY":null,"DEPOSIT_ASSETS":null,"EQUITY_MULTIPLIER":-0.940169921774,"EQUITY_RATIO":-1.928802489452},{"SECUCODE":"00042.HK","SECURITY_CODE":"00042","SECURITY_NAME_ABBR":"东北电气","ORG_CODE":"10005526","STD_REPORT_DATE":"2022-09-30 00:00:00","REPORT_DATE":"2022-09-30 00:00:00","DATE_TYPE_CODE":"004","REPORT_TYPE":"2022年三季报","PER_NETCASH_OPERATE":-0.011878194259,"PER_OI":0.078371126602,"BPS":-0.214700331646,"BASIC_EPS":-0.0207,"DILUTED_EPS":-0.0207,"OPERATE_INCOME":68446990.84,"OPERATE_INCOME_YOY":10.9353004651,"GROSS_PROFIT":17928458.55,"GROSS_PROFIT_YOY":-27.093119325241,"HOLDER_PROFIT":-17985931.74,"HOLDER_PROFIT_YOY":-175.3837281244,"GROSS_PROFIT_RATIO":26.193201965458,"EPS_TTM":-0.027727196492,"OPERATE_INCOME_QOQ":-25.798611103749,"NET_PROFIT_RATIO":-26.3924100363,"ROE_AVG":10.070233402017,"GROSS_PROFIT_QOQ":-38.035407480462,"ROA":-9.371879804183,"HOLDER_PROFIT_QOQ":-307.377533029165,"ROE_YEARLY":13.426977869356,"ROIC_YEARLY":-11.105300504046,"TOTAL_ASSETS":186588622.97,"TOTAL_LIABILITIES":372019282.66,"TAX_EBT":0.044046870362,"OCF_SALES":-15.156339807911,"TOTAL_PARENT_EQUITY":-187512828.65,"DEBT_ASSET_RATIO":199.3794030624,"OPERATE_PROFIT":-17839166.61,"PRETAX_PROFIT":-18072770.97,"NETCASH_OPERATE":-10374058.52,"NETCASH_INVEST":7432445,"NETCASH_FINANCE":null,"END_CASH":15795852.08,"DIVI_RATIO":null,"DIVIDEND_RATE":null,"CURRENT_RATIO":0.436836345755,"COMMON_ACS":null,"CURRENTDEBT_DEBT":81.467174707443,"ISSUED_COMMON_SHARES":873370000,"HK_COMMON_SHARES":257950000,"PER_SHARES":2000,"TOTAL_MARKET_CAP":257644150,"HKSK_MARKET_CAP":76095250,"PE_TTM":-77.208227541699,"PB_TTM":-1.128397812591,"REPORT_DATE_SQ":"2021-09-30 00:00:00","REPORT_TYPE_SQ":"2021年三季报","OPERATE_INCOME_SQ":61699919.28,"DPS_HKD":null,"OPERATE_INCOME_QOQ_SQ":15.711133532268,"NET_PROFIT_RATIO_SQ":38.6414986247,"HOLDER_PROFIT_SQ":23859169.86,"HOLDER_PROFIT_QOQ_SQ":-218.501448857017,"ROE_AVG_SQ":-13.594488429288,"PE_TTM_SQ":-12.071870457288,"PB_TTM_SQ":-0.908005748671,"ROA_SQ":13.067022879839,"START_DATE":"2022-01-01 00:00:00","FISCAL_YEAR":"12-31","CURRENCY":"HKD","IS_CNY_CODE":0,"DPS_HKD_LY":null,"ORG_TYPE":"一般企业","PREMIUM_INCOME":null,"PREMIUM_INCOME_YOY":null,"NET_INTEREST_INCOME":null,"NET_INTEREST_INCOME_YOY":null,"FEE_COMMISSION_INCOME":null,"FEE_COMMISSION_INCOME_YOY":null,"ACCOUNTS_RECE_TDAYS":1.118096285398,"INVENTORY_TDAYS":3.032556848845,"CURRENT_ASSETS_TDAYS":0.535000079057,"TOTAL_ASSETS_TDAYS":0.356654845789,"PREMIUM_EXPENSE":null,"LOAN_DEPOSIT":null,"LOAN_EQUITY":null,"LOAN_ASSETS":null,"DEPOSIT_EQUITY":null,"DEPOSIT_ASSETS":null,"EQUITY_MULTIPLIER":-1.006244723942,"EQUITY_RATIO":-1.983967098883},{"SECUCODE":"00042.HK","SECURITY_CODE":"00042","SECURITY_NAME_ABBR":"东北电气","ORG_CODE":"10005526","STD_REPORT_DATE":"2022-06-30 00:00:00","REPORT_DATE":"2022-06-30 00:00:00","DATE_TYPE_CODE":"002","REPORT_TYPE":"2022年中报","PER_NETCASH_OPERATE":-0.012261196835,"PER_OI":0.090547993737,"BPS":-0.213180418563,"BASIC_EPS":-0.02,"DILUTED_EPS":-0.02,"OPERATE_INCOME":79081901.29,"OPERATE_INCOME_YOY":178.0071057091,"GROSS_PROFIT":40610253.9,"GROSS_PROFIT_YOY":345.434396182955,"HOLDER_PROFIT":-17771697.62,"HOLDER_PROFIT_YOY":-50.3527717428,"GROSS_PROFIT_RATIO":51.35214661959,"EPS_TTM":0.013370395571,"OPERATE_INCOME_QOQ":45.185336190676,"NET_PROFIT_RATIO":-22.599985532,"ROE_AVG":9.987399495382,"GROSS_PROFIT_QOQ":54.173894973876,"ROA":-9.332854614514,"HOLDER_PROFIT_QOQ":1273.90269232304,"ROE_YEARLY":19.974798990763,"ROIC_YEARLY":-21.972355408296,"TOTAL_ASSETS":183602625.72,"TOTAL_LIABILITIES":367727760.81,"TAX_EBT":0.044520613905,"OCF_SALES":-13.541102711644,"TOTAL_PARENT_EQUITY":-186185382.16,"DEBT_ASSET_RATIO":200.2845870902,"OPERATE_PROFIT":-18848179.12,"PRETAX_PROFIT":-17880458.74,"NETCASH_OPERATE":-10708561.48,"NETCASH_INVEST":5040000,"NETCASH_FINANCE":null,"END_CASH":13023680.03,"DIVI_RATIO":null,"DIVIDEND_RATE":null,"CURRENT_RATIO":0.422182291134,"COMMON_ACS":null,"CURRENTDEBT_DEBT":81.12000465587,"ISSUED_COMMON_SHARES":873370000,"HK_COMMON_SHARES":257950000,"PER_SHARES":2000,"TOTAL_MARKET_CAP":257644150,"HKSK_MARKET_CAP":76095250,"PE_TTM":-77.208227541699,"PB_TTM":-1.128397812591,"REPORT_DATE_SQ":"2021-06-30 00:00:00","REPORT_TYPE_SQ":"2021年中报","OPERATE_INCOME_SQ":28446000,"DPS_HKD":null,"OPERATE_INCOME_QOQ_SQ":-13.214500890059,"NET_PROFIT_RATIO_SQ":-41.6698752696,"HOLDER_PROFIT_SQ":-11820000,"HOLDER_PROFIT_QOQ_SQ":-1.286829678933,"ROE_AVG_SQ":6.122724333257,"PE_TTM_SQ":-12.071870457288,"PB_TTM_SQ":-0.908005748671,"ROA_SQ":-7.83083453471,"START_DATE":"2022-01-01 00:00:00","FISCAL_YEAR":"12-31","CURRENCY":"HKD","IS_CNY_CODE":0,"DPS_HKD_LY":null,"ORG_TYPE":"一般企业","PREMIUM_INCOME":null,"PREMIUM_INCOME_YOY":null,"NET_INTEREST_INCOME":null,"NET_INTEREST_INCOME_YOY":null,"FEE_COMMISSION_INCOME":null,"FEE_COMMISSION_INCOME_YOY":null,"ACCOUNTS_RECE_TDAYS":1.358630581692,"INVENTORY_TDAYS":2.308902098101,"CURRENT_ASSETS_TDAYS":0.634125607208,"TOTAL_ASSETS_TDAYS":0.415300723184,"PREMIUM_EXPENSE":null,"LOAN_DEPOSIT":null,"LOAN_EQUITY":null,"LOAN_ASSETS":null,"DEPOSIT_EQUITY":null,"DEPOSIT_ASSETS":null,"EQUITY_MULTIPLIER":-0.997162205096,"EQUITY_RATIO":-1.975062470232},{"SECUCODE":"00042.HK","SECURITY_CODE":"00042","SECURITY_NAME_ABBR":"东北电气","ORG_CODE":"10005526","STD_REPORT_DATE":"2022-03-31 00:00:00","REPORT_DATE":"2022-03-31 00:00:00","DATE_TYPE_CODE":"003","REPORT_TYPE":"2022年一季报","PER_NETCASH_OPERATE":-0.005770559419,"PER_OI":0.014333252997,"BPS":-0.218303632115,"BASIC_EPS":-0.0226,"DILUTED_EPS":-0.0226,"OPERATE_INCOME":12518233.17,"OPERATE_INCOME_YOY":-15.5784543223,"GROSS_PROFIT":1249855,"GROSS_PROFIT_YOY":-75.032377873258,"HOLDER_PROFIT":-19749124.65,"HOLDER_PROFIT_YOY":-564.9399699762,"GROSS_PROFIT_RATIO":9.984276399287,"EPS_TTM":0.000973169035,"OPERATE_INCOME_QOQ":-1.933306515462,"NET_PROFIT_RATIO":-158.9433441588,"ROE_AVG":10.960871160776,"GROSS_PROFIT_QOQ":-5.457547941822,"ROA":-10.409193799499,"HOLDER_PROFIT_QOQ":-95.178758636338,"ROE_YEARLY":43.843484643105,"ROIC_YEARLY":-48.59349664043,"TOTAL_ASSETS":182216412.79,"TOTAL_LIABILITIES":370862982.05,"TAX_EBT":0.039992697421,"OCF_SALES":-40.259942529893,"TOTAL_PARENT_EQUITY":-190659843.18,"DEBT_ASSET_RATIO":203.5288569079,"OPERATE_PROFIT":null,"PRETAX_PROFIT":-19904858.92,"NETCASH_OPERATE":-5039833.48,"NETCASH_INVEST":null,"NETCASH_FINANCE":null,"END_CASH":13602160.06,"DIVI_RATIO":null,"DIVIDEND_RATE":null,"CURRENT_RATIO":0.385461142212,"COMMON_ACS":null,"CURRENTDEBT_DEBT":81.149834867969,"ISSUED_COMMON_SHARES":873370000,"HK_COMMON_SHARES":257950000,"PER_SHARES":2000,"TOTAL_MARKET_CAP":257644150,"HKSK_MARKET_CAP":76095250,"PE_TTM":-77.208227541699,"PB_TTM":-1.128397812591,"REPORT_DATE_SQ":"2021-03-31 00:00:00","REPORT_TYPE_SQ":"2021年一季报","OPERATE_INCOME_SQ":14828244.46,"DPS_HKD":null,"OPERATE_INCOME_QOQ_SQ":1.663646878955,"NET_PROFIT_RATIO_SQ":-20.080547013,"HOLDER_PROFIT_SQ":-2970061.29,"HOLDER_PROFIT_QOQ_SQ":1.300905044,"ROE_AVG_SQ":1.573658177433,"PE_TTM_SQ":-12.071870457288,"PB_TTM_SQ":-0.908005748671,"ROA_SQ":-1.91727149563,"START_DATE":"2022-01-01 00:00:00","FISCAL_YEAR":"12-31","CURRENCY":"HKD","IS_CNY_CODE":0,"DPS_HKD_LY":null,"ORG_TYPE":"一般企业","PREMIUM_INCOME":null,"PREMIUM_INCOME_YOY":null,"NET_INTEREST_INCOME":null,"NET_INTEREST_INCOME_YOY":null,"FEE_COMMISSION_INCOME":null,"FEE_COMMISSION_INCOME_YOY":null,"ACCOUNTS_RECE_TDAYS":0.232209900931,"INVENTORY_TDAYS":0.686924121249,"CURRENT_ASSETS_TDAYS":0.104541046325,"TOTAL_ASSETS_TDAYS":0.065979995267,"PREMIUM_EXPENSE":null,"LOAN_DEPOSIT":null,"LOAN_EQUITY":null,"LOAN_ASSETS":null,"DEPOSIT_EQUITY":null,"DEPOSIT_ASSETS":null,"EQUITY_MULTIPLIER":-0.965914267642,"EQUITY_RATIO":-1.945155182467},{"SECUCODE":"00042.HK","SECURITY_CODE":"00042","SECURITY_NAME_ABBR":"东北电气","ORG_CODE":"10005526","STD_REPORT_DATE":"2021-12-31 00:00:00","REPORT_DATE":"2021-12-31 00:00:00","DATE_TYPE_CODE":"001","REPORT_TYPE":"2021年年报","PER_NETCASH_OPERATE":0.012975027766,"PER_OI":0.136809141601,"BPS":-0.194301384293,"BASIC_EPS":0.0202,"DILUTED_EPS":0.0202,"OPERATE_INCOME":119485000,"OPERATE_INCOME_YOY":49.7362056218,"GROSS_PROFIT":68823000,"GROSS_PROFIT_YOY":145.402032447852,"HOLDER_PROFIT":17629000,"HOLDER_PROFIT_YOY":-72.4447848446,"GROSS_PROFIT_RATIO":57.599698706951,"EPS_TTM":0.020185030399,"OPERATE_INCOME_QOQ":46.669167036456,"NET_PROFIT_RATIO":14.7290454869,"ROE_AVG":-9.87298244828,"GROSS_PROFIT_QOQ":115.522561907195,"ROA":9.928055528179,"HOLDER_PROFIT_QOQ":123.253681542113,"ROE_YEARLY":-9.87298244828,"ROIC_YEARLY":11.701026137978,"TOTAL_ASSETS":197239000,"TOTAL_LIABILITIES":364776000,"TAX_EBT":-0.76147944578,"OCF_SALES":9.484035653011,"TOTAL_PARENT_EQUITY":-169697000,"DEBT_ASSET_RATIO":184.9411120519,"OPERATE_PROFIT":19265000,"PRETAX_PROFIT":17466000,"NETCASH_OPERATE":11332000,"NETCASH_INVEST":-118000,"NETCASH_FINANCE":-4212000,"END_CASH":15636000,"DIVI_RATIO":null,"DIVIDEND_RATE":null,"CURRENT_RATIO":0.419459485166,"COMMON_ACS":null,"CURRENTDEBT_DEBT":80.703226089436,"ISSUED_COMMON_SHARES":873370000,"HK_COMMON_SHARES":257950000,"PER_SHARES":2000,"TOTAL_MARKET_CAP":257644150,"HKSK_MARKET_CAP":76095250,"PE_TTM":-77.208227541699,"PB_TTM":-1.128397812591,"REPORT_DATE_SQ":"2020-12-31 00:00:00","REPORT_TYPE_SQ":"2020年年报","OPERATE_INCOME_SQ":79797000,"DPS_HKD":null,"OPERATE_INCOME_QOQ_SQ":-11.516870601819,"NET_PROFIT_RATIO_SQ":78.5305211975,"HOLDER_PROFIT_SQ":63977000,"HOLDER_PROFIT_QOQ_SQ":-50.45878858563,"ROE_AVG_SQ":-52.438229737428,"PE_TTM_SQ":-12.071870457288,"PB_TTM_SQ":-0.908005748671,"ROA_SQ":20.141259879455,"START_DATE":"2021-01-01 00:00:00","FISCAL_YEAR":"12-31","CURRENCY":"HKD","IS_CNY_CODE":0,"DPS_HKD_LY":null,"ORG_TYPE":"一般企业","PREMIUM_INCOME":null,"PREMIUM_INCOME_YOY":null,"NET_INTEREST_INCOME":null,"NET_INTEREST_INCOME_YOY":null,"FEE_COMMISSION_INCOME":null,"FEE_COMMISSION_INCOME_YOY":null,"ACCOUNTS_RECE_TDAYS":2.630321842117,"INVENTORY_TDAYS":3.21602234495,"CURRENT_ASSETS_TDAYS":1.149137317509,"TOTAL_ASSETS_TDAYS":0.672899038394,"PREMIUM_EXPENSE":null,"LOAN_DEPOSIT":null,"LOAN_EQUITY":null,"LOAN_ASSETS":null,"DEPOSIT_EQUITY":null,"DEPOSIT_ASSETS":null,"EQUITY_MULTIPLIER":-1.177286211404,"EQUITY_RATIO":-2.149572473291},{"SECUCODE":"00042.HK","SECURITY_CODE":"00042","SECURITY_NAME_ABBR":"东北电气","ORG_CODE":"10005526","STD_REPORT_DATE":"2021-09-30 00:00:00","REPORT_DATE":"2021-09-30 00:00:00","DATE_TYPE_CODE":"004","REPORT_TYPE":"2021年三季报","PER_NETCASH_OPERATE":-0.00005994851,"PER_OI":0.070645796489,"BPS":-0.187312819515,"BASIC_EPS":0.0273,"DILUTED_EPS":0.0273,"OPERATE_INCOME":61699919.28,"OPERATE_INCOME_YOY":2.779646065,"GROSS_PROFIT":24590900.59,"GROSS_PROFIT_YOY":18.780457138496,"HOLDER_PROFIT":23859169.86,"HOLDER_PROFIT_YOY":-85.4204170462,"GROSS_PROFIT_RATIO":39.85564467014,"EPS_TTM":-0.086803590059,"OPERATE_INCOME_QOQ":15.711133532268,"NET_PROFIT_RATIO":38.6414986247,"ROE_AVG":-13.594488429288,"GROSS_PROFIT_QOQ":24.126682702,"ROA":13.067022879839,"HOLDER_PROFIT_QOQ":-218.501448857017,"ROE_YEARLY":-18.125984572383,"ROIC_YEARLY":14.421970742177,"TOTAL_ASSETS":207285420.12,"TOTAL_LIABILITIES":368705167.28,"TAX_EBT":null,"OCF_SALES":-0.08485785818,"TOTAL_PARENT_EQUITY":-163593397.18,"DEBT_ASSET_RATIO":177.8731794386,"OPERATE_PROFIT":24791703.27,"PRETAX_PROFIT":23841773.46,"NETCASH_OPERATE":-52357.23,"NETCASH_INVEST":5500000,"NETCASH_FINANCE":null,"END_CASH":14025380.29,"DIVI_RATIO":null,"DIVIDEND_RATE":null,"CURRENT_RATIO":0.38198544761,"COMMON_ACS":null,"CURRENTDEBT_DEBT":74.62801074362,"ISSUED_COMMON_SHARES":873370000,"HK_COMMON_SHARES":257950000,"PER_SHARES":2000,"TOTAL_MARKET_CAP":257644150,"HKSK_MARKET_CAP":76095250,"PE_TTM":-77.208227541699,"PB_TTM":-1.128397812591,"REPORT_DATE_SQ":"2020-09-30 00:00:00","REPORT_TYPE_SQ":"2020年三季报","OPERATE_INCOME_SQ":60031262.65,"DPS_HKD":null,"OPERATE_INCOME_QOQ_SQ":-4.997215565645,"NET_PROFIT_RATIO_SQ":272.5068240256,"HOLDER_PROFIT_SQ":163647821.31,"HOLDER_PROFIT_QOQ_SQ":368.703598668331,"ROE_AVG_SQ":445.156509390425,"PE_TTM_SQ":-12.071870457288,"PB_TTM_SQ":-0.908005748671,"ROA_SQ":34.241097023996,"START_DATE":"2021-01-01 00:00:00","FISCAL_YEAR":"12-31","CURRENCY":"HKD","IS_CNY_CODE":0,"DPS_HKD_LY":null,"ORG_TYPE":"一般企业","PREMIUM_INCOME":null,"PREMIUM_INCOME_YOY":null,"NET_INTEREST_INCOME":null,"NET_INTEREST_INCOME_YOY":null,"FEE_COMMISSION_INCOME":null,"FEE_COMMISSION_INCOME_YOY":null,"ACCOUNTS_RECE_TDAYS":1.533582331082,"INVENTORY_TDAYS":2.209208039421,"CURRENT_ASSETS_TDAYS":0.650914793839,"TOTAL_ASSETS_TDAYS":0.337913792327,"PREMIUM_EXPENSE":null,"LOAN_DEPOSIT":null,"LOAN_EQUITY":null,"LOAN_ASSETS":null,"DEPOSIT_EQUITY":null,"DEPOSIT_ASSETS":null,"EQUITY_MULTIPLIER":-1.284139169877,"EQUITY_RATIO":-2.253790028422}],"count":75},"success":true,"message":"ok","code":0}