{"version":"c5322c70489203f29cb1218afcafcc6d","result":{"pages":6,"data":[{"SECUCODE":"00052.HK","SECURITY_CODE":"00052","SECURITY_NAME_ABBR":"大快活集团","ORG_CODE":"10007341","STD_REPORT_DATE":"2024-06-30 00:00:00","REPORT_DATE":"2024-09-30 00:00:00","DATE_TYPE_CODE":"002","REPORT_TYPE":"2024年中报","PER_NETCASH_OPERATE":2.134429523164,"PER_OI":10.813249837557,"BPS":4.436112964924,"BASIC_EPS":0.108034442,"DILUTED_EPS":0.108034442,"OPERATE_INCOME":1400886577.29,"OPERATE_INCOME_YOY":-0.2921688854,"GROSS_PROFIT":105063043.95,"GROSS_PROFIT_YOY":-21.851429904281,"HOLDER_PROFIT":13996682.59,"HOLDER_PROFIT_YOY":-57.2624390781,"GROSS_PROFIT_RATIO":7.499753774017,"EPS_TTM":0.354474086546,"OPERATE_INCOME_QOQ":0,"NET_PROFIT_RATIO":0.9991303234,"ROE_AVG":2.392069075791,"GROSS_PROFIT_QOQ":0,"ROA":0.690128792768,"HOLDER_PROFIT_QOQ":0,"ROE_YEARLY":4.784138151583,"ROIC_YEARLY":1.903701246096,"TOTAL_ASSETS":2029198840.1,"TOTAL_LIABILITIES":1454488073.1,"TAX_EBT":12.675818611455,"OCF_SALES":19.739019769533,"TOTAL_PARENT_EQUITY":574710767,"DEBT_ASSET_RATIO":71.6779471956,"OPERATE_PROFIT":31122576.48,"PRETAX_PROFIT":16028415.46,"NETCASH_OPERATE":276521278.44,"NETCASH_INVEST":-233604190.55,"NETCASH_FINANCE":-212886467.09,"END_CASH":315511972.67,"DIVI_RATIO":0.894436327037,"DIVIDEND_RATE":6.034482758621,"CURRENT_RATIO":0.831231519978,"COMMON_ACS":240000000,"CURRENTDEBT_DEBT":57.517313641972,"ISSUED_COMMON_SHARES":129552780,"HK_COMMON_SHARES":129552780,"PER_SHARES":500,"TOTAL_MARKET_CAP":751406124,"HKSK_MARKET_CAP":751406124,"PE_TTM":25.163461504973,"PB_TTM":1.179046169779,"REPORT_DATE_SQ":"2023-06-30 00:00:00","REPORT_TYPE_SQ":"2023年中报","OPERATE_INCOME_SQ":1429670292.89,"DPS_HKD":0.35,"OPERATE_INCOME_QOQ_SQ":0,"NET_PROFIT_RATIO_SQ":2.3309967953,"HOLDER_PROFIT_SQ":33325568.71,"HOLDER_PROFIT_QOQ_SQ":0,"ROE_AVG_SQ":5.424637686571,"PE_TTM_SQ":27.888404336608,"PB_TTM_SQ":1.625470827662,"ROA_SQ":1.56461540218,"START_DATE":"2024-04-01 00:00:00","FISCAL_YEAR":"3-31","CURRENCY":"HKD","IS_CNY_CODE":0,"DPS_HKD_LY":0.35,"ORG_TYPE":"一般企业","PREMIUM_INCOME":null,"PREMIUM_INCOME_YOY":null,"NET_INTEREST_INCOME":null,"NET_INTEREST_INCOME_YOY":null,"FEE_COMMISSION_INCOME":null,"FEE_COMMISSION_INCOME_YOY":null,"ACCOUNTS_RECE_TDAYS":14.119522093409,"INVENTORY_TDAYS":25.981033313746,"CURRENT_ASSETS_TDAYS":1.982044294059,"TOTAL_ASSETS_TDAYS":0.690729504062,"PREMIUM_EXPENSE":null,"LOAN_DEPOSIT":null,"LOAN_EQUITY":null,"LOAN_ASSETS":null,"DEPOSIT_EQUITY":null,"DEPOSIT_ASSETS":null,"EQUITY_MULTIPLIER":3.53081751138,"EQUITY_RATIO":2.530817511376},{"SECUCODE":"00052.HK","SECURITY_CODE":"00052","SECURITY_NAME_ABBR":"大快活集团","ORG_CODE":"10007341","STD_REPORT_DATE":"2023-12-31 00:00:00","REPORT_DATE":"2024-03-31 00:00:00","DATE_TYPE_CODE":"001","REPORT_TYPE":"2023年年报","PER_NETCASH_OPERATE":4.54915291976,"PER_OI":21.950893704095,"BPS":4.621206528721,"BASIC_EPS":0.35446105,"DILUTED_EPS":0.35446105,"OPERATE_INCOME":2843799302.85,"OPERATE_INCOME_YOY":3.7298059092,"GROSS_PROFIT":245306990.7,"GROSS_PROFIT_YOY":9.137609594407,"HOLDER_PROFIT":45923103.35,"HOLDER_PROFIT_YOY":12.8721033868,"GROSS_PROFIT_RATIO":8.626030340965,"EPS_TTM":0.261518294474,"OPERATE_INCOME_QOQ":0,"NET_PROFIT_RATIO":1.6148503625,"ROE_AVG":7.554916579296,"GROSS_PROFIT_QOQ":0,"ROA":2.22650711285,"HOLDER_PROFIT_QOQ":0,"ROE_YEARLY":7.554916579296,"ROIC_YEARLY":3.105300502818,"TOTAL_ASSETS":2037753062.05,"TOTAL_LIABILITIES":1439062909.3,"TAX_EBT":22.215738963532,"OCF_SALES":20.7242264533,"TOTAL_PARENT_EQUITY":598690152.75,"DEBT_ASSET_RATIO":70.6200832721,"OPERATE_PROFIT":89287016.05,"PRETAX_PROFIT":59039068.75,"NETCASH_OPERATE":589355407.4,"NETCASH_INVEST":-145807688.9,"NETCASH_FINANCE":-487062118.5,"END_CASH":488015809.1,"DIVI_RATIO":1.212360690243,"DIVIDEND_RATE":5.747126436782,"CURRENT_RATIO":0.927831880728,"COMMON_ACS":240000000,"CURRENTDEBT_DEBT":54.07205214041,"ISSUED_COMMON_SHARES":129552780,"HK_COMMON_SHARES":129552780,"PER_SHARES":500,"TOTAL_MARKET_CAP":788976430.2,"HKSK_MARKET_CAP":788976430.2,"PE_TTM":26.421634580222,"PB_TTM":1.237998478268,"REPORT_DATE_SQ":"2022-12-31 00:00:00","REPORT_TYPE_SQ":"2022年年报","OPERATE_INCOME_SQ":2647372902.32,"DPS_HKD":0.35,"OPERATE_INCOME_QOQ_SQ":0,"NET_PROFIT_RATIO_SQ":1.4840523889,"HOLDER_PROFIT_SQ":39288400.8,"HOLDER_PROFIT_QOQ_SQ":0,"ROE_AVG_SQ":6.43503134712,"PE_TTM_SQ":30.994618863204,"PB_TTM_SQ":1.806516004593,"ROA_SQ":1.934560724753,"START_DATE":"2023-04-01 00:00:00","FISCAL_YEAR":"3-31","CURRENCY":"HKD","IS_CNY_CODE":0,"DPS_HKD_LY":0.51,"ORG_TYPE":"一般企业","PREMIUM_INCOME":null,"PREMIUM_INCOME_YOY":null,"NET_INTEREST_INCOME":null,"NET_INTEREST_INCOME_YOY":null,"FEE_COMMISSION_INCOME":null,"FEE_COMMISSION_INCOME_YOY":null,"ACCOUNTS_RECE_TDAYS":32.54803432283,"INVENTORY_TDAYS":52.945795428308,"CURRENT_ASSETS_TDAYS":3.948713688245,"TOTAL_ASSETS_TDAYS":1.378769924815,"PREMIUM_EXPENSE":null,"LOAN_DEPOSIT":null,"LOAN_EQUITY":null,"LOAN_ASSETS":null,"DEPOSIT_EQUITY":null,"DEPOSIT_ASSETS":null,"EQUITY_MULTIPLIER":3.403685617156,"EQUITY_RATIO":2.403685617159},{"SECUCODE":"00052.HK","SECURITY_CODE":"00052","SECURITY_NAME_ABBR":"大快活集团","ORG_CODE":"10007341","STD_REPORT_DATE":"2023-06-30 00:00:00","REPORT_DATE":"2023-09-30 00:00:00","DATE_TYPE_CODE":"002","REPORT_TYPE":"2023年中报","PER_NETCASH_OPERATE":2.207945355244,"PER_OI":11.035427359336,"BPS":4.663032809331,"BASIC_EPS":0.257211689,"DILUTED_EPS":0.257211689,"OPERATE_INCOME":1429670292.89,"OPERATE_INCOME_YOY":4.2337695354,"GROSS_PROFIT":134440136.04,"GROSS_PROFIT_YOY":8.32892337401,"HOLDER_PROFIT":33325568.71,"HOLDER_PROFIT_YOY":-15.1987110634,"GROSS_PROFIT_RATIO":9.403576244718,"EPS_TTM":0.303261734715,"OPERATE_INCOME_QOQ":0,"NET_PROFIT_RATIO":2.3309967953,"ROE_AVG":5.424637686571,"GROSS_PROFIT_QOQ":0,"ROA":1.56461540218,"HOLDER_PROFIT_QOQ":0,"ROE_YEARLY":10.849275373143,"ROIC_YEARLY":4.390211027388,"TOTAL_ASSETS":2147021121.98,"TOTAL_LIABILITIES":1542912258.3,"TAX_EBT":16.33762583796,"OCF_SALES":20.007792026074,"TOTAL_PARENT_EQUITY":604108863.68,"DEBT_ASSET_RATIO":71.8629287111,"OPERATE_PROFIT":54563197.43,"PRETAX_PROFIT":39833400.67,"NETCASH_OPERATE":286045458.86,"NETCASH_INVEST":-173065935.63,"NETCASH_FINANCE":-207514683.46,"END_CASH":443352934.5,"DIVI_RATIO":1.045481390185,"DIVIDEND_RATE":5.823627287854,"CURRENT_RATIO":0.931537122881,"COMMON_ACS":240000000,"CURRENTDEBT_DEBT":54.065456967664,"ISSUED_COMMON_SHARES":129552780,"HK_COMMON_SHARES":129552780,"PER_SHARES":500,"TOTAL_MARKET_CAP":778612207.8,"HKSK_MARKET_CAP":778612207.8,"PE_TTM":26.074552352567,"PB_TTM":1.221735772478,"REPORT_DATE_SQ":"2022-06-30 00:00:00","REPORT_TYPE_SQ":"2022年中报","OPERATE_INCOME_SQ":1351884556.8,"DPS_HKD":0.35,"OPERATE_INCOME_QOQ_SQ":0,"NET_PROFIT_RATIO_SQ":2.8651520017,"HOLDER_PROFIT_SQ":38733547.44,"HOLDER_PROFIT_QOQ_SQ":0,"ROE_AVG_SQ":6.056714699689,"PE_TTM_SQ":31.19719807146,"PB_TTM_SQ":1.818323298741,"ROA_SQ":1.825032770985,"START_DATE":"2023-04-01 00:00:00","FISCAL_YEAR":"3-31","CURRENCY":"HKD","IS_CNY_CODE":0,"DPS_HKD_LY":0.51,"ORG_TYPE":"一般企业","PREMIUM_INCOME":null,"PREMIUM_INCOME_YOY":null,"NET_INTEREST_INCOME":null,"NET_INTEREST_INCOME_YOY":null,"FEE_COMMISSION_INCOME":null,"FEE_COMMISSION_INCOME_YOY":null,"ACCOUNTS_RECE_TDAYS":15.787637432234,"INVENTORY_TDAYS":26.037058899485,"CURRENT_ASSETS_TDAYS":1.900847449356,"TOTAL_ASSETS_TDAYS":0.671221601576,"PREMIUM_EXPENSE":null,"LOAN_DEPOSIT":null,"LOAN_EQUITY":null,"LOAN_ASSETS":null,"DEPOSIT_EQUITY":null,"DEPOSIT_ASSETS":null,"EQUITY_MULTIPLIER":3.554030160895,"EQUITY_RATIO":2.55403016089},{"SECUCODE":"00052.HK","SECURITY_CODE":"00052","SECURITY_NAME_ABBR":"大快活集团","ORG_CODE":"10007341","STD_REPORT_DATE":"2022-12-31 00:00:00","REPORT_DATE":"2023-03-31 00:00:00","DATE_TYPE_CODE":"001","REPORT_TYPE":"2022年年报","PER_NETCASH_OPERATE":4.79348823028,"PER_OI":20.434705471546,"BPS":4.599125027576,"BASIC_EPS":0.303242024,"DILUTED_EPS":0.303242024,"OPERATE_INCOME":2647372902.32,"OPERATE_INCOME_YOY":4.9345198481,"GROSS_PROFIT":224768520.78,"GROSS_PROFIT_YOY":24.526050531766,"HOLDER_PROFIT":39288400.8,"HOLDER_PROFIT_YOY":5.2532833021,"GROSS_PROFIT_RATIO":8.490247844685,"EPS_TTM":0.228364032482,"OPERATE_INCOME_QOQ":0,"NET_PROFIT_RATIO":1.4840523889,"ROE_AVG":6.43503134712,"GROSS_PROFIT_QOQ":0,"ROA":1.934560724753,"HOLDER_PROFIT_QOQ":0,"ROE_YEARLY":6.43503134712,"ROIC_YEARLY":2.612375664044,"TOTAL_ASSETS":2015670918.45,"TOTAL_LIABILITIES":1419841485.56,"TAX_EBT":13.131000309693,"OCF_SALES":23.457584142596,"TOTAL_PARENT_EQUITY":595829432.89,"DEBT_ASSET_RATIO":70.4401434065,"OPERATE_PROFIT":72975928.42,"PRETAX_PROFIT":45227182.24,"NETCASH_OPERATE":621009726.13,"NETCASH_INVEST":-137203884.71,"NETCASH_FINANCE":-455832114.87,"END_CASH":513653820.78,"DIVI_RATIO":1.830383688087,"DIVIDEND_RATE":6.990881458967,"CURRENT_RATIO":0.969681507151,"COMMON_ACS":240000000,"CURRENTDEBT_DEBT":50.38633320098,"ISSUED_COMMON_SHARES":129552780,"HK_COMMON_SHARES":129552780,"PER_SHARES":500,"TOTAL_MARKET_CAP":852457292.4,"HKSK_MARKET_CAP":852457292.4,"PE_TTM":28.547513224607,"PB_TTM":1.337607551232,"REPORT_DATE_SQ":"2021-12-31 00:00:00","REPORT_TYPE_SQ":"2021年年报","OPERATE_INCOME_SQ":2337283781.42,"DPS_HKD":0.46,"OPERATE_INCOME_QOQ_SQ":0,"NET_PROFIT_RATIO_SQ":1.4795578815,"HOLDER_PROFIT_SQ":34581466.4,"HOLDER_PROFIT_QOQ_SQ":0,"ROE_AVG_SQ":5.715541877336,"PE_TTM_SQ":27.249960855615,"PB_TTM_SQ":1.8576809459,"ROA_SQ":1.7821218158,"START_DATE":"2022-04-01 00:00:00","FISCAL_YEAR":"3-31","CURRENCY":"HKD","IS_CNY_CODE":0,"DPS_HKD_LY":0.58,"ORG_TYPE":"一般企业","PREMIUM_INCOME":null,"PREMIUM_INCOME_YOY":null,"NET_INTEREST_INCOME":null,"NET_INTEREST_INCOME_YOY":null,"FEE_COMMISSION_INCOME":null,"FEE_COMMISSION_INCOME_YOY":null,"ACCOUNTS_RECE_TDAYS":25.770691572538,"INVENTORY_TDAYS":49.022940249066,"CURRENT_ASSETS_TDAYS":3.872324705765,"TOTAL_ASSETS_TDAYS":1.303566329074,"PREMIUM_EXPENSE":null,"LOAN_DEPOSIT":null,"LOAN_EQUITY":null,"LOAN_ASSETS":null,"DEPOSIT_EQUITY":null,"DEPOSIT_ASSETS":null,"EQUITY_MULTIPLIER":3.382966344363,"EQUITY_RATIO":2.382966344367},{"SECUCODE":"00052.HK","SECURITY_CODE":"00052","SECURITY_NAME_ABBR":"大快活集团","ORG_CODE":"10007341","STD_REPORT_DATE":"2022-06-30 00:00:00","REPORT_DATE":"2022-09-30 00:00:00","DATE_TYPE_CODE":"002","REPORT_TYPE":"2022年中报","PER_NETCASH_OPERATE":2.896317062745,"PER_OI":10.435010015223,"BPS":4.886384446555,"BASIC_EPS":0.299007864,"DILUTED_EPS":0.299007864,"OPERATE_INCOME":1351884556.8,"OPERATE_INCOME_YOY":-0.2591745384,"GROSS_PROFIT":124103639.04,"GROSS_PROFIT_YOY":-5.282721438269,"HOLDER_PROFIT":38733547.44,"HOLDER_PROFIT_YOY":-18.4157887718,"GROSS_PROFIT_RATIO":9.180047099122,"EPS_TTM":0.266929558748,"OPERATE_INCOME_QOQ":0,"NET_PROFIT_RATIO":2.8651520017,"ROE_AVG":6.056714699689,"GROSS_PROFIT_QOQ":0,"ROA":1.825032770985,"HOLDER_PROFIT_QOQ":0,"ROE_YEARLY":12.113429399377,"ROIC_YEARLY":4.982497676779,"TOTAL_ASSETS":2130777431.52,"TOTAL_LIABILITIES":1497732742.32,"TAX_EBT":9.531454645317,"OCF_SALES":27.755766966388,"TOTAL_PARENT_EQUITY":633044689.2,"DEBT_ASSET_RATIO":70.2904357895,"OPERATE_PROFIT":57469926.48,"PRETAX_PROFIT":42814380.72,"NETCASH_OPERATE":375225927.24,"NETCASH_INVEST":-70500193.56,"NETCASH_FINANCE":-204040759.56,"END_CASH":603442368,"DIVI_RATIO":1.56593298232,"DIVIDEND_RATE":6.990881458967,"CURRENT_RATIO":0.965250517451,"COMMON_ACS":240000000,"CURRENTDEBT_DEBT":54.149511648102,"ISSUED_COMMON_SHARES":129552780,"HK_COMMON_SHARES":129552780,"PER_SHARES":500,"TOTAL_MARKET_CAP":852457292.4,"HKSK_MARKET_CAP":852457292.4,"PE_TTM":28.547513224607,"PB_TTM":1.337607551232,"REPORT_DATE_SQ":"2021-06-30 00:00:00","REPORT_TYPE_SQ":"2021年中报","OPERATE_INCOME_SQ":1248427048.24,"DPS_HKD":0.46,"OPERATE_INCOME_QOQ_SQ":0,"NET_PROFIT_RATIO_SQ":3.5027932663,"HOLDER_PROFIT_SQ":43729818.58,"HOLDER_PROFIT_QOQ_SQ":0,"ROE_AVG_SQ":6.85274234365,"PE_TTM_SQ":27.249960855615,"PB_TTM_SQ":1.8576809459,"ROA_SQ":2.153604917931,"START_DATE":"2022-04-01 00:00:00","FISCAL_YEAR":"3-31","CURRENCY":"HKD","IS_CNY_CODE":0,"DPS_HKD_LY":0.58,"ORG_TYPE":"一般企业","PREMIUM_INCOME":null,"PREMIUM_INCOME_YOY":null,"NET_INTEREST_INCOME":null,"NET_INTEREST_INCOME_YOY":null,"FEE_COMMISSION_INCOME":null,"FEE_COMMISSION_INCOME_YOY":null,"ACCOUNTS_RECE_TDAYS":11.502402874985,"INVENTORY_TDAYS":24.765192009486,"CURRENT_ASSETS_TDAYS":1.828372358149,"TOTAL_ASSETS_TDAYS":0.636975898624,"PREMIUM_EXPENSE":null,"LOAN_DEPOSIT":null,"LOAN_EQUITY":null,"LOAN_ASSETS":null,"DEPOSIT_EQUITY":null,"DEPOSIT_ASSETS":null,"EQUITY_MULTIPLIER":3.365919449086,"EQUITY_RATIO":2.365919449088},{"SECUCODE":"00052.HK","SECURITY_CODE":"00052","SECURITY_NAME_ABBR":"大快活集团","ORG_CODE":"10007341","STD_REPORT_DATE":"2021-12-31 00:00:00","REPORT_DATE":"2022-03-31 00:00:00","DATE_TYPE_CODE":"001","REPORT_TYPE":"2021年年报","PER_NETCASH_OPERATE":3.514167705394,"PER_OI":18.041170412708,"BPS":4.471170270217,"BASIC_EPS":0.266903391,"DILUTED_EPS":0.266903391,"OPERATE_INCOME":2337283781.42,"OPERATE_INCOME_YOY":8.8976292562,"GROSS_PROFIT":180499196.61,"GROSS_PROFIT_YOY":-34.809025756402,"HOLDER_PROFIT":34581466.4,"HOLDER_PROFIT_YOY":-72.2426554353,"GROSS_PROFIT_RATIO":7.722605104475,"EPS_TTM":0.89917091644,"OPERATE_INCOME_QOQ":0,"NET_PROFIT_RATIO":1.4795578815,"ROE_AVG":5.715541877336,"GROSS_PROFIT_QOQ":0,"ROA":1.7821218158,"HOLDER_PROFIT_QOQ":0,"ROE_YEARLY":5.715541877336,"ROIC_YEARLY":2.36490664886,"TOTAL_ASSETS":1895547720.68,"TOTAL_LIABILITIES":1316295182.32,"TAX_EBT":10.802443310183,"OCF_SALES":19.47860158185,"TOTAL_PARENT_EQUITY":579252538.36,"DEBT_ASSET_RATIO":69.4414162176,"OPERATE_PROFIT":65049490.08,"PRETAX_PROFIT":38769522.04,"NETCASH_OPERATE":455271006.63,"NETCASH_INVEST":-41185520.83,"NETCASH_FINANCE":-462059971.34,"END_CASH":451815293.02,"DIVI_RATIO":0.464865791762,"DIVIDEND_RATE":6.990881458967,"CURRENT_RATIO":0.983589877314,"COMMON_ACS":240000000,"CURRENTDEBT_DEBT":48.201267750728,"ISSUED_COMMON_SHARES":129552780,"HK_COMMON_SHARES":129552780,"PER_SHARES":500,"TOTAL_MARKET_CAP":852457292.4,"HKSK_MARKET_CAP":852457292.4,"PE_TTM":28.547513224607,"PB_TTM":1.337607551232,"REPORT_DATE_SQ":"2020-12-31 00:00:00","REPORT_TYPE_SQ":"2020年年报","OPERATE_INCOME_SQ":2236742669.42,"DPS_HKD":0.46,"OPERATE_INCOME_QOQ_SQ":0,"NET_PROFIT_RATIO_SQ":5.8046022833,"HOLDER_PROFIT_SQ":129834016.06,"HOLDER_PROFIT_QOQ_SQ":0,"ROE_AVG_SQ":20.500826748483,"PE_TTM_SQ":27.249960855615,"PB_TTM_SQ":1.8576809459,"ROA_SQ":5.957660690209,"START_DATE":"2021-04-01 00:00:00","FISCAL_YEAR":"3-31","CURRENCY":"HKD","IS_CNY_CODE":0,"DPS_HKD_LY":0.85,"ORG_TYPE":"一般企业","PREMIUM_INCOME":null,"PREMIUM_INCOME_YOY":null,"NET_INTEREST_INCOME":null,"NET_INTEREST_INCOME_YOY":null,"FEE_COMMISSION_INCOME":null,"FEE_COMMISSION_INCOME_YOY":null,"ACCOUNTS_RECE_TDAYS":23.58111182025,"INVENTORY_TDAYS":51.495478574057,"CURRENT_ASSETS_TDAYS":3.667113082836,"TOTAL_ASSETS_TDAYS":1.20449617966,"PREMIUM_EXPENSE":null,"LOAN_DEPOSIT":null,"LOAN_EQUITY":null,"LOAN_ASSETS":null,"DEPOSIT_EQUITY":null,"DEPOSIT_ASSETS":null,"EQUITY_MULTIPLIER":3.27240295925,"EQUITY_RATIO":2.272402959246},{"SECUCODE":"00052.HK","SECURITY_CODE":"00052","SECURITY_NAME_ABBR":"大快活集团","ORG_CODE":"10007341","STD_REPORT_DATE":"2021-06-30 00:00:00","REPORT_DATE":"2021-09-30 00:00:00","DATE_TYPE_CODE":"002","REPORT_TYPE":"2021年中报","PER_NETCASH_OPERATE":2.302610737801,"PER_OI":9.63643580817,"BPS":4.849668379019,"BASIC_EPS":0.337555912,"DILUTED_EPS":0.337555912,"OPERATE_INCOME":1248427048.24,"OPERATE_INCOME_YOY":16.4430043862,"GROSS_PROFIT":131025342.92,"GROSS_PROFIT_YOY":-12.944622332852,"HOLDER_PROFIT":43729818.58,"HOLDER_PROFIT_YOY":-19.1806130776,"GROSS_PROFIT_RATIO":10.495234231325,"EPS_TTM":1.00217082227,"OPERATE_INCOME_QOQ":0,"NET_PROFIT_RATIO":3.5027932663,"ROE_AVG":6.85274234365,"GROSS_PROFIT_QOQ":0,"ROA":2.153604917931,"HOLDER_PROFIT_QOQ":0,"ROE_YEARLY":13.7054846873,"ROIC_YEARLY":5.949359664366,"TOTAL_ASSETS":2021717492.42,"TOTAL_LIABILITIES":1393429471.84,"TAX_EBT":20.351713045853,"OCF_SALES":23.894838129352,"TOTAL_PARENT_EQUITY":628288020.58,"DEBT_ASSET_RATIO":68.923055623,"OPERATE_PROFIT":68269267,"PRETAX_PROFIT":54903652.36,"NETCASH_OPERATE":298309622.34,"NETCASH_INVEST":-40907411.3,"NETCASH_FINANCE":-192859221.42,"END_CASH":577563830.24,"DIVI_RATIO":0.417088375266,"DIVIDEND_RATE":6.990881458967,"CURRENT_RATIO":0.997403295129,"COMMON_ACS":240000000,"CURRENTDEBT_DEBT":54.081871792542,"ISSUED_COMMON_SHARES":129552780,"HK_COMMON_SHARES":129552780,"PER_SHARES":500,"TOTAL_MARKET_CAP":852457292.4,"HKSK_MARKET_CAP":852457292.4,"PE_TTM":28.547513224607,"PB_TTM":1.337607551232,"REPORT_DATE_SQ":"2020-06-30 00:00:00","REPORT_TYPE_SQ":"2020年中报","OPERATE_INCOME_SQ":1130899459.2,"DPS_HKD":0.46,"OPERATE_INCOME_QOQ_SQ":0,"NET_PROFIT_RATIO_SQ":5.0467565667,"HOLDER_PROFIT_SQ":57073742.72,"HOLDER_PROFIT_QOQ_SQ":0,"ROE_AVG_SQ":8.990778192127,"PE_TTM_SQ":27.249960855615,"PB_TTM_SQ":1.8576809459,"ROA_SQ":2.461494966614,"START_DATE":"2021-04-01 00:00:00","FISCAL_YEAR":"3-31","CURRENCY":"HKD","IS_CNY_CODE":0,"DPS_HKD_LY":0.85,"ORG_TYPE":"一般企业","PREMIUM_INCOME":null,"PREMIUM_INCOME_YOY":null,"NET_INTEREST_INCOME":null,"NET_INTEREST_INCOME_YOY":null,"FEE_COMMISSION_INCOME":null,"FEE_COMMISSION_INCOME_YOY":null,"ACCOUNTS_RECE_TDAYS":14.340159228355,"INVENTORY_TDAYS":28.062597416183,"CURRENT_ASSETS_TDAYS":1.758355274582,"TOTAL_ASSETS_TDAYS":0.614825013703,"PREMIUM_EXPENSE":null,"LOAN_DEPOSIT":null,"LOAN_EQUITY":null,"LOAN_ASSETS":null,"DEPOSIT_EQUITY":null,"DEPOSIT_ASSETS":null,"EQUITY_MULTIPLIER":3.217819576689,"EQUITY_RATIO":2.217819576687},{"SECUCODE":"00052.HK","SECURITY_CODE":"00052","SECURITY_NAME_ABBR":"大快活集团","ORG_CODE":"10007341","STD_REPORT_DATE":"2020-12-31 00:00:00","REPORT_DATE":"2021-03-31 00:00:00","DATE_TYPE_CODE":"001","REPORT_TYPE":"2020年年报","PER_NETCASH_OPERATE":5.094519294807,"PER_OI":17.26777321864,"BPS":5.074467954142,"BASIC_EPS":1.002298962,"DILUTED_EPS":1.002298962,"OPERATE_INCOME":2236742669.42,"OPERATE_INCOME_YOY":-12.6634959168,"GROSS_PROFIT":276877587.28,"GROSS_PROFIT_YOY":9.251604018344,"HOLDER_PROFIT":129834016.06,"HOLDER_PROFIT_YOY":152.3814217885,"GROSS_PROFIT_RATIO":12.378607117635,"EPS_TTM":0.471209094717,"OPERATE_INCOME_QOQ":0,"NET_PROFIT_RATIO":5.8046022833,"ROE_AVG":20.500826748483,"GROSS_PROFIT_QOQ":0,"ROA":5.957660690209,"HOLDER_PROFIT_QOQ":0,"ROE_YEARLY":20.500826748483,"ROIC_YEARLY":7.635481875566,"TOTAL_ASSETS":2069033602.02,"TOTAL_LIABILITIES":1411622171.54,"TAX_EBT":-10.995744188903,"OCF_SALES":29.503047267888,"TOTAL_PARENT_EQUITY":657411430.48,"DEBT_ASSET_RATIO":68.2261597957,"OPERATE_PROFIT":148094975.14,"PRETAX_PROFIT":116972066.82,"NETCASH_OPERATE":659907247.02,"NETCASH_INVEST":-94110793,"NETCASH_FINANCE":-477885901.5,"END_CASH":520319853.76,"DIVI_RATIO":0.887066494867,"DIVIDEND_RATE":6.990881458967,"CURRENT_RATIO":0.988164827775,"COMMON_ACS":240000000,"CURRENTDEBT_DEBT":48.610977228517,"ISSUED_COMMON_SHARES":129552780,"HK_COMMON_SHARES":129552780,"PER_SHARES":500,"TOTAL_MARKET_CAP":852457292.4,"HKSK_MARKET_CAP":852457292.4,"PE_TTM":28.547513224607,"PB_TTM":1.337607551232,"REPORT_DATE_SQ":"2019-12-31 00:00:00","REPORT_TYPE_SQ":"2019年年报","OPERATE_INCOME_SQ":2768691912.6,"DPS_HKD":0.46,"OPERATE_INCOME_QOQ_SQ":0,"NET_PROFIT_RATIO_SQ":2.0086806209,"HOLDER_PROFIT_SQ":55614177.9,"HOLDER_PROFIT_QOQ_SQ":0,"ROE_AVG_SQ":8.123810464443,"PE_TTM_SQ":27.249960855615,"PB_TTM_SQ":1.8576809459,"ROA_SQ":3.055015576981,"START_DATE":"2020-04-01 00:00:00","FISCAL_YEAR":"3-31","CURRENCY":"HKD","IS_CNY_CODE":0,"DPS_HKD_LY":0.8,"ORG_TYPE":"一般企业","PREMIUM_INCOME":null,"PREMIUM_INCOME_YOY":null,"NET_INTEREST_INCOME":null,"NET_INTEREST_INCOME_YOY":null,"FEE_COMMISSION_INCOME":null,"FEE_COMMISSION_INCOME_YOY":null,"ACCOUNTS_RECE_TDAYS":27.865634789018,"INVENTORY_TDAYS":47.892787806188,"CURRENT_ASSETS_TDAYS":3.598403168644,"TOTAL_ASSETS_TDAYS":1.026368457212,"PREMIUM_EXPENSE":null,"LOAN_DEPOSIT":null,"LOAN_EQUITY":null,"LOAN_ASSETS":null,"DEPOSIT_EQUITY":null,"DEPOSIT_ASSETS":null,"EQUITY_MULTIPLIER":3.147243120662,"EQUITY_RATIO":2.147243120658},{"SECUCODE":"00052.HK","SECURITY_CODE":"00052","SECURITY_NAME_ABBR":"大快活集团","ORG_CODE":"10007341","STD_REPORT_DATE":"2020-06-30 00:00:00","REPORT_DATE":"2020-09-30 00:00:00","DATE_TYPE_CODE":"002","REPORT_TYPE":"2020年中报","PER_NETCASH_OPERATE":2.326472016118,"PER_OI":8.73060440145,"BPS":4.910891465239,"BASIC_EPS":0.440590208,"DILUTED_EPS":0.440590208,"OPERATE_INCOME":1130899459.2,"OPERATE_INCOME_YOY":-16.373722199,"GROSS_PROFIT":150508040.32,"GROSS_PROFIT_YOY":-3.63299513749,"HOLDER_PROFIT":57073742.72,"HOLDER_PROFIT_YOY":13.4277531347,"GROSS_PROFIT_RATIO":13.308702121625,"EPS_TTM":0.429344432351,"OPERATE_INCOME_QOQ":0,"NET_PROFIT_RATIO":5.0467565667,"ROE_AVG":8.990778192127,"GROSS_PROFIT_QOQ":0,"ROA":2.461494966614,"HOLDER_PROFIT_QOQ":0,"ROE_YEARLY":17.981556384254,"ROIC_YEARLY":6.17949172917,"TOTAL_ASSETS":2256943111.68,"TOTAL_LIABILITIES":1620723470.08,"TAX_EBT":-19.443524954945,"OCF_SALES":26.647319121824,"TOTAL_PARENT_EQUITY":636219641.6,"DEBT_ASSET_RATIO":71.8105592335,"OPERATE_PROFIT":64737938.56,"PRETAX_PROFIT":47783036.16,"NETCASH_OPERATE":301354387.84,"NETCASH_INVEST":-64169406.72,"NETCASH_FINANCE":-201421077.12,"END_CASH":485071893.12,"DIVI_RATIO":0.973562875174,"DIVIDEND_RATE":6.990881458967,"CURRENT_RATIO":0.837600894728,"COMMON_ACS":240000000,"CURRENTDEBT_DEBT":49.59249929788,"ISSUED_COMMON_SHARES":129552780,"HK_COMMON_SHARES":129552780,"PER_SHARES":500,"TOTAL_MARKET_CAP":852457292.4,"HKSK_MARKET_CAP":852457292.4,"PE_TTM":28.547513224607,"PB_TTM":1.337607551232,"REPORT_DATE_SQ":"2019-06-30 00:00:00","REPORT_TYPE_SQ":"2019年中报","OPERATE_INCOME_SQ":1388168133.72,"DPS_HKD":0.46,"OPERATE_INCOME_QOQ_SQ":0,"NET_PROFIT_RATIO_SQ":3.7207954401,"HOLDER_PROFIT_SQ":51650896.62,"HOLDER_PROFIT_QOQ_SQ":0,"ROE_AVG_SQ":7.511686587595,"PE_TTM_SQ":27.249960855615,"PB_TTM_SQ":1.8576809459,"ROA_SQ":2.86327609148,"START_DATE":"2020-04-01 00:00:00","FISCAL_YEAR":"3-31","CURRENCY":"HKD","IS_CNY_CODE":0,"DPS_HKD_LY":0.8,"ORG_TYPE":"一般企业","PREMIUM_INCOME":null,"PREMIUM_INCOME_YOY":null,"NET_INTEREST_INCOME":null,"NET_INTEREST_INCOME_YOY":null,"FEE_COMMISSION_INCOME":null,"FEE_COMMISSION_INCOME_YOY":null,"ACCOUNTS_RECE_TDAYS":12.104654279708,"INVENTORY_TDAYS":22.93445706357,"CURRENT_ASSETS_TDAYS":1.793999857817,"TOTAL_ASSETS_TDAYS":0.487738002434,"PREMIUM_EXPENSE":null,"LOAN_DEPOSIT":null,"LOAN_EQUITY":null,"LOAN_ASSETS":null,"DEPOSIT_EQUITY":null,"DEPOSIT_ASSETS":null,"EQUITY_MULTIPLIER":3.547427592776,"EQUITY_RATIO":2.547427592779}],"count":47},"success":true,"message":"ok","code":0}