{"version":"eca8d915f2c5c2b29a51f292091b845e","result":{"pages":6,"data":[{"SECUCODE":"00059.HK","SECURITY_CODE":"00059","SECURITY_NAME_ABBR":"天誉置业","ORG_CODE":"10007348","STD_REPORT_DATE":"2024-06-30 00:00:00","REPORT_DATE":"2024-06-30 00:00:00","DATE_TYPE_CODE":"002","REPORT_TYPE":"2024年中报","PER_NETCASH_OPERATE":-0.001535341137,"PER_OI":0.051951667658,"BPS":-0.442928632365,"BASIC_EPS":-0.101,"DILUTED_EPS":-0.101,"OPERATE_INCOME":438801000,"OPERATE_INCOME_YOY":-56.9510039184,"GROSS_PROFIT":-100312000,"GROSS_PROFIT_YOY":72.408709333157,"HOLDER_PROFIT":-852145000,"HOLDER_PROFIT_YOY":14.0869409166,"GROSS_PROFIT_RATIO":-22.860476616963,"EPS_TTM":-0.396582001729,"OPERATE_INCOME_QOQ":-35.562423614961,"NET_PROFIT_RATIO":-207.3833013143,"ROE_AVG":25.70534768787,"GROSS_PROFIT_QOQ":314.161942836685,"ROA":-4.1223913561,"HOLDER_PROFIT_QOQ":4.004256334995,"ROE_YEARLY":51.41069537574,"ROIC_YEARLY":-8.535764904533,"TOTAL_ASSETS":20551861000,"TOTAL_LIABILITIES":23656655000,"TAX_EBT":-1.036905117464,"OCF_SALES":-2.955325990597,"TOTAL_PARENT_EQUITY":-3741122000,"DEBT_ASSET_RATIO":115.1071185232,"OPERATE_PROFIT":-227812000,"PRETAX_PROFIT":-900661000,"NETCASH_OPERATE":-12968000,"NETCASH_INVEST":-426000,"NETCASH_FINANCE":-13042000,"END_CASH":26143000,"DIVI_RATIO":null,"DIVIDEND_RATE":null,"CURRENT_RATIO":0.664423302373,"COMMON_ACS":90000000000,"CURRENTDEBT_DEBT":78.803359984749,"ISSUED_COMMON_SHARES":8446331365,"HK_COMMON_SHARES":8446331365,"PER_SHARES":2000,"TOTAL_MARKET_CAP":84463313.65,"HKSK_MARKET_CAP":84463313.65,"PE_TTM":-0.022776486357,"PB_TTM":-0.02060557691,"REPORT_DATE_SQ":"2023-06-30 00:00:00","REPORT_TYPE_SQ":"2023年中报","OPERATE_INCOME_SQ":1019306000,"DPS_HKD":null,"OPERATE_INCOME_QOQ_SQ":10.636336714833,"NET_PROFIT_RATIO_SQ":-100.6371001446,"HOLDER_PROFIT_SQ":-991869000,"HOLDER_PROFIT_QOQ_SQ":18.057344142765,"ROE_AVG_SQ":-1493.03659325937,"PE_TTM_SQ":-0.032830874945,"PB_TTM_SQ":-0.19987035039,"ROA_SQ":-4.035339104793,"START_DATE":"2024-01-01 00:00:00","FISCAL_YEAR":"12-31","CURRENCY":"HKD","IS_CNY_CODE":0,"DPS_HKD_LY":null,"ORG_TYPE":"一般企业","PREMIUM_INCOME":null,"PREMIUM_INCOME_YOY":null,"NET_INTEREST_INCOME":null,"NET_INTEREST_INCOME_YOY":null,"FEE_COMMISSION_INCOME":null,"FEE_COMMISSION_INCOME_YOY":null,"ACCOUNTS_RECE_TDAYS":2.863264427218,"INVENTORY_TDAYS":0.061197179118,"CURRENT_ASSETS_TDAYS":0.035170219708,"TOTAL_ASSETS_TDAYS":0.021227718868,"PREMIUM_EXPENSE":null,"LOAN_DEPOSIT":null,"LOAN_EQUITY":null,"LOAN_ASSETS":null,"DEPOSIT_EQUITY":null,"DEPOSIT_ASSETS":null,"EQUITY_MULTIPLIER":-6.619396005031,"EQUITY_RATIO":-6.323411799989},{"SECUCODE":"00059.HK","SECURITY_CODE":"00059","SECURITY_NAME_ABBR":"天誉置业","ORG_CODE":"10007348","STD_REPORT_DATE":"2023-12-31 00:00:00","REPORT_DATE":"2023-12-31 00:00:00","DATE_TYPE_CODE":"001","REPORT_TYPE":"2023年年报","PER_NETCASH_OPERATE":0.011512809029,"PER_OI":0.193262012756,"BPS":-0.342039268311,"BASIC_EPS":-0.413,"DILUTED_EPS":-0.413,"OPERATE_INCOME":1632355000,"OPERATE_INCOME_YOY":-21.1418514784,"GROSS_PROFIT":-83795000,"GROSS_PROFIT_YOY":59.172984350334,"HOLDER_PROFIT":-3489387000,"HOLDER_PROFIT_YOY":0.0539917829,"GROSS_PROFIT_RATIO":-5.133380912853,"EPS_TTM":-0.413124568432,"OPERATE_INCOME_QOQ":-28.723102315995,"NET_PROFIT_RATIO":-236.1021959071,"ROE_AVG":304.940777351067,"GROSS_PROFIT_QOQ":83.900035929271,"ROA":-14.926065779991,"HOLDER_PROFIT_QOQ":-21.97067226036,"ROE_YEARLY":304.940777351067,"ROIC_YEARLY":-15.57122729565,"TOTAL_ASSETS":20790405000,"TOTAL_LIABILITIES":22985199000,"TAX_EBT":-7.852740305842,"OCF_SALES":5.957098792848,"TOTAL_PARENT_EQUITY":-2888977000,"DEBT_ASSET_RATIO":110.5567640457,"OPERATE_PROFIT":-2354045000,"PRETAX_PROFIT":-3573415000,"NETCASH_OPERATE":97241000,"NETCASH_INVEST":-25488000,"NETCASH_FINANCE":-116043000,"END_CASH":52694000,"DIVI_RATIO":null,"DIVIDEND_RATE":null,"CURRENT_RATIO":0.713057378583,"COMMON_ACS":90000000000,"CURRENTDEBT_DEBT":76.673749920547,"ISSUED_COMMON_SHARES":8446331365,"HK_COMMON_SHARES":8446331365,"PER_SHARES":2000,"TOTAL_MARKET_CAP":84463313.65,"HKSK_MARKET_CAP":84463313.65,"PE_TTM":-0.022776486357,"PB_TTM":-0.02060557691,"REPORT_DATE_SQ":"2022-12-31 00:00:00","REPORT_TYPE_SQ":"2022年年报","OPERATE_INCOME_SQ":2069989000,"DPS_HKD":null,"OPERATE_INCOME_QOQ_SQ":-45.221561437256,"NET_PROFIT_RATIO_SQ":-173.657396247,"HOLDER_PROFIT_SQ":-3491272000,"HOLDER_PROFIT_QOQ_SQ":-65.92425584658,"ROE_AVG_SQ":-144.633384385368,"PE_TTM_SQ":-0.032830874945,"PB_TTM_SQ":-0.19987035039,"ROA_SQ":-12.305845991665,"START_DATE":"2023-01-01 00:00:00","FISCAL_YEAR":"12-31","CURRENCY":"HKD","IS_CNY_CODE":0,"DPS_HKD_LY":null,"ORG_TYPE":"一般企业","PREMIUM_INCOME":null,"PREMIUM_INCOME_YOY":null,"NET_INTEREST_INCOME":null,"NET_INTEREST_INCOME_YOY":null,"FEE_COMMISSION_INCOME":null,"FEE_COMMISSION_INCOME_YOY":null,"ACCOUNTS_RECE_TDAYS":9.999387425687,"INVENTORY_TDAYS":0.148142617104,"CURRENT_ASSETS_TDAYS":0.094495691323,"TOTAL_ASSETS_TDAYS":0.069824981025,"PREMIUM_EXPENSE":null,"LOAN_DEPOSIT":null,"LOAN_EQUITY":null,"LOAN_ASSETS":null,"DEPOSIT_EQUITY":null,"DEPOSIT_ASSETS":null,"EQUITY_MULTIPLIER":-9.472599706416,"EQUITY_RATIO":-7.956172375204},{"SECUCODE":"00059.HK","SECURITY_CODE":"00059","SECURITY_NAME_ABBR":"天誉置业","ORG_CODE":"10007348","STD_REPORT_DATE":"2023-06-30 00:00:00","REPORT_DATE":"2023-06-30 00:00:00","DATE_TYPE_CODE":"002","REPORT_TYPE":"2023年中报","PER_NETCASH_OPERATE":-0.057188734271,"PER_OI":0.12068032332,"BPS":-0.055354683566,"BASIC_EPS":-0.117,"DILUTED_EPS":-0.117,"OPERATE_INCOME":1019306000,"OPERATE_INCOME_YOY":27.5511646968,"GROSS_PROFIT":-363564000,"GROSS_PROFIT_YOY":-652.082083531578,"HOLDER_PROFIT":-991869000,"HOLDER_PROFIT_YOY":38.8603217654,"GROSS_PROFIT_RATIO":-35.667797501437,"EPS_TTM":-0.338708117924,"OPERATE_INCOME_QOQ":10.636336714833,"NET_PROFIT_RATIO":-100.6371001446,"ROE_AVG":-1493.03659325937,"GROSS_PROFIT_QOQ":-153.584514041823,"ROA":-4.035339104793,"HOLDER_PROFIT_QOQ":18.057344142765,"ROE_YEARLY":-2986.07318651875,"ROIC_YEARLY":-8.47343362266,"TOTAL_ASSETS":23193929000,"TOTAL_LIABILITIES":22640258000,"TAX_EBT":4.422575577723,"OCF_SALES":-47.388615391256,"TOTAL_PARENT_EQUITY":-467544000,"DEBT_ASSET_RATIO":97.6128624003,"OPERATE_PROFIT":-619183000,"PRETAX_PROFIT":-1073266000,"NETCASH_OPERATE":-312335000,"NETCASH_INVEST":-35962000,"NETCASH_FINANCE":371596000,"END_CASH":125050000,"DIVI_RATIO":null,"DIVIDEND_RATE":null,"CURRENT_RATIO":1.163426713084,"COMMON_ACS":90000000000,"CURRENTDEBT_DEBT":73.862758101078,"ISSUED_COMMON_SHARES":8446331365,"HK_COMMON_SHARES":8446331365,"PER_SHARES":2000,"TOTAL_MARKET_CAP":84463313.65,"HKSK_MARKET_CAP":84463313.65,"PE_TTM":-0.022776486357,"PB_TTM":-0.02060557691,"REPORT_DATE_SQ":"2022-06-30 00:00:00","REPORT_TYPE_SQ":"2022年中报","OPERATE_INCOME_SQ":799135000,"DPS_HKD":null,"OPERATE_INCOME_QOQ_SQ":-50.686413299654,"NET_PROFIT_RATIO_SQ":-204.1035619764,"HOLDER_PROFIT_SQ":-1622300000,"HOLDER_PROFIT_QOQ_SQ":-640.348124091778,"ROE_AVG_SQ":-48.029802576876,"PE_TTM_SQ":-0.032830874945,"PB_TTM_SQ":-0.19987035039,"ROA_SQ":-5.536484418736,"START_DATE":"2023-01-01 00:00:00","FISCAL_YEAR":"12-31","CURRENCY":"HKD","IS_CNY_CODE":0,"DPS_HKD_LY":null,"ORG_TYPE":"一般企业","PREMIUM_INCOME":null,"PREMIUM_INCOME_YOY":null,"NET_INTEREST_INCOME":null,"NET_INTEREST_INCOME_YOY":null,"FEE_COMMISSION_INCOME":null,"FEE_COMMISSION_INCOME_YOY":null,"ACCOUNTS_RECE_TDAYS":5.881539011921,"INVENTORY_TDAYS":0.097088956624,"CURRENT_ASSETS_TDAYS":0.049196939382,"TOTAL_ASSETS_TDAYS":0.041469643285,"PREMIUM_EXPENSE":null,"LOAN_DEPOSIT":null,"LOAN_EQUITY":null,"LOAN_ASSETS":null,"DEPOSIT_EQUITY":null,"DEPOSIT_ASSETS":null,"EQUITY_MULTIPLIER":41.891175444837,"EQUITY_RATIO":-48.423801823999},{"SECUCODE":"00059.HK","SECURITY_CODE":"00059","SECURITY_NAME_ABBR":"天誉置业","ORG_CODE":"10007348","STD_REPORT_DATE":"2022-12-31 00:00:00","REPORT_DATE":"2022-12-31 00:00:00","DATE_TYPE_CODE":"001","REPORT_TYPE":"2022年年报","PER_NETCASH_OPERATE":-0.292353673245,"PER_OI":0.245075513918,"BPS":0.071085300121,"BASIC_EPS":-0.414,"DILUTED_EPS":-0.414,"OPERATE_INCOME":2069989000,"OPERATE_INCOME_YOY":-72.9867872063,"GROSS_PROFIT":-205244000,"GROSS_PROFIT_YOY":-112.09320851481,"HOLDER_PROFIT":-3491272000,"HOLDER_PROFIT_YOY":-1128.4171155734,"GROSS_PROFIT_RATIO":-9.91522177171,"EPS_TTM":-0.413347742248,"OPERATE_INCOME_QOQ":-45.221561437256,"NET_PROFIT_RATIO":-173.657396247,"ROE_AVG":-144.633384385368,"GROSS_PROFIT_QOQ":-139.034242732572,"ROA":-12.305845991665,"HOLDER_PROFIT_QOQ":-65.92425584658,"ROE_YEARLY":-144.633384385368,"ROIC_YEARLY":-13.217523131845,"TOTAL_ASSETS":25965211000,"TOTAL_LIABILITIES":24258100000,"TAX_EBT":6.494937153699,"OCF_SALES":-119.291261934242,"TOTAL_PARENT_EQUITY":600410000,"DEBT_ASSET_RATIO":93.4253913823,"OPERATE_PROFIT":-2750016000,"PRETAX_PROFIT":-3844379000,"NETCASH_OPERATE":-2469316000,"NETCASH_INVEST":281027000,"NETCASH_FINANCE":979930000,"END_CASH":83644000,"DIVI_RATIO":null,"DIVIDEND_RATE":null,"CURRENT_RATIO":1.156400109043,"COMMON_ACS":90000000000,"CURRENTDEBT_DEBT":78.361858513239,"ISSUED_COMMON_SHARES":8446331365,"HK_COMMON_SHARES":8446331365,"PER_SHARES":2000,"TOTAL_MARKET_CAP":84463313.65,"HKSK_MARKET_CAP":84463313.65,"PE_TTM":-0.022776486357,"PB_TTM":-0.02060557691,"REPORT_DATE_SQ":"2021-12-31 00:00:00","REPORT_TYPE_SQ":"2021年年报","OPERATE_INCOME_SQ":7662876000,"DPS_HKD":null,"OPERATE_INCOME_QOQ_SQ":-9.925144856182,"NET_PROFIT_RATIO_SQ":1.428549803,"HOLDER_PROFIT_SQ":-284209000,"HOLDER_PROFIT_QOQ_SQ":-132.301652878473,"ROE_AVG_SQ":-6.628744235601,"PE_TTM_SQ":-0.032830874945,"PB_TTM_SQ":-0.19987035039,"ROA_SQ":-0.949924773822,"START_DATE":"2022-01-01 00:00:00","FISCAL_YEAR":"12-31","CURRENCY":"HKD","IS_CNY_CODE":0,"DPS_HKD_LY":null,"ORG_TYPE":"一般企业","PREMIUM_INCOME":null,"PREMIUM_INCOME_YOY":null,"NET_INTEREST_INCOME":null,"NET_INTEREST_INCOME_YOY":null,"FEE_COMMISSION_INCOME":null,"FEE_COMMISSION_INCOME_YOY":null,"ACCOUNTS_RECE_TDAYS":10.904349383532,"INVENTORY_TDAYS":0.15030226985,"CURRENT_ASSETS_TDAYS":0.08648620757,"TOTAL_ASSETS_TDAYS":0.072961848399,"PREMIUM_EXPENSE":null,"LOAN_DEPOSIT":null,"LOAN_EQUITY":null,"LOAN_ASSETS":null,"DEPOSIT_EQUITY":null,"DEPOSIT_ASSETS":null,"EQUITY_MULTIPLIER":15.210030864922,"EQUITY_RATIO":40.402558251861},{"SECUCODE":"00059.HK","SECURITY_CODE":"00059","SECURITY_NAME_ABBR":"天誉置业","ORG_CODE":"10007348","STD_REPORT_DATE":"2022-06-30 00:00:00","REPORT_DATE":"2022-06-30 00:00:00","DATE_TYPE_CODE":"002","REPORT_TYPE":"2022年中报","PER_NETCASH_OPERATE":-0.169624531419,"PER_OI":0.094613266455,"BPS":0.299306869545,"BASIC_EPS":-0.2,"DILUTED_EPS":-0.2,"OPERATE_INCOME":799135000,"OPERATE_INCOME_YOY":-82.9360313907,"GROSS_PROFIT":-48341000,"GROSS_PROFIT_YOY":-104.304484799268,"HOLDER_PROFIT":-1622300000,"HOLDER_PROFIT_YOY":-920.8898581672,"GROSS_PROFIT_RATIO":-6.04916566037,"EPS_TTM":-0.24911833423,"OPERATE_INCOME_QOQ":-50.686413299654,"NET_PROFIT_RATIO":-204.1035619764,"ROE_AVG":-48.029802576876,"GROSS_PROFIT_QOQ":-69.018974960876,"ROA":-5.536484418736,"HOLDER_PROFIT_QOQ":-640.348124091778,"ROE_YEARLY":-96.059605153752,"ROIC_YEARLY":-11.924051954997,"TOTAL_ASSETS":27827505000,"TOTAL_LIABILITIES":24095050000,"TAX_EBT":11.795145513461,"OCF_SALES":-179.281973633992,"TOTAL_PARENT_EQUITY":2528045000,"DEBT_ASSET_RATIO":86.587173374,"OPERATE_PROFIT":-1406966000,"PRETAX_PROFIT":-1849176000,"NETCASH_OPERATE":-1432705000,"NETCASH_INVEST":115734000,"NETCASH_FINANCE":343812000,"END_CASH":255062000,"DIVI_RATIO":null,"DIVIDEND_RATE":null,"CURRENT_RATIO":1.251569647376,"COMMON_ACS":90000000000,"CURRENTDEBT_DEBT":77.341839921478,"ISSUED_COMMON_SHARES":8446331365,"HK_COMMON_SHARES":8446331365,"PER_SHARES":2000,"TOTAL_MARKET_CAP":84463313.65,"HKSK_MARKET_CAP":84463313.65,"PE_TTM":-0.022776486357,"PB_TTM":-0.02060557691,"REPORT_DATE_SQ":"2021-06-30 00:00:00","REPORT_TYPE_SQ":"2021年中报","OPERATE_INCOME_SQ":4683172000,"DPS_HKD":null,"OPERATE_INCOME_QOQ_SQ":10.452678797479,"NET_PROFIT_RATIO_SQ":9.9278651307,"HOLDER_PROFIT_SQ":197627000,"HOLDER_PROFIT_QOQ_SQ":-7.470922284152,"ROE_AVG_SQ":4.367338450996,"PE_TTM_SQ":-0.032830874945,"PB_TTM_SQ":-0.19987035039,"ROA_SQ":0.665291447558,"START_DATE":"2022-01-01 00:00:00","FISCAL_YEAR":"12-31","CURRENCY":"HKD","IS_CNY_CODE":0,"DPS_HKD_LY":null,"ORG_TYPE":"一般企业","PREMIUM_INCOME":null,"PREMIUM_INCOME_YOY":null,"NET_INTEREST_INCOME":null,"NET_INTEREST_INCOME_YOY":null,"FEE_COMMISSION_INCOME":null,"FEE_COMMISSION_INCOME_YOY":null,"ACCOUNTS_RECE_TDAYS":3.69540487674,"INVENTORY_TDAYS":0.05361598838,"CURRENT_ASSETS_TDAYS":0.032478414749,"TOTAL_ASSETS_TDAYS":0.027272381655,"PREMIUM_EXPENSE":null,"LOAN_DEPOSIT":null,"LOAN_EQUITY":null,"LOAN_ASSETS":null,"DEPOSIT_EQUITY":null,"DEPOSIT_ASSETS":null,"EQUITY_MULTIPLIER":7.45555003344,"EQUITY_RATIO":9.531100118867},{"SECUCODE":"00059.HK","SECURITY_CODE":"00059","SECURITY_NAME_ABBR":"天誉置业","ORG_CODE":"10007348","STD_REPORT_DATE":"2021-12-31 00:00:00","REPORT_DATE":"2021-12-31 00:00:00","DATE_TYPE_CODE":"001","REPORT_TYPE":"2021年年报","PER_NETCASH_OPERATE":-0.173194483709,"PER_OI":0.907243117616,"BPS":0.500494690217,"BASIC_EPS":-0.035,"DILUTED_EPS":-0.035,"OPERATE_INCOME":7662876000,"OPERATE_INCOME_YOY":-0.5099095707,"GROSS_PROFIT":1697184000,"GROSS_PROFIT_YOY":-21.717688408371,"HOLDER_PROFIT":-284209000,"HOLDER_PROFIT_YOY":-129.8884214954,"GROSS_PROFIT_RATIO":22.148133416227,"EPS_TTM":-0.033648810083,"OPERATE_INCOME_QOQ":-9.925144856182,"NET_PROFIT_RATIO":1.428549803,"ROE_AVG":-6.628744235601,"GROSS_PROFIT_QOQ":-19.540029354987,"ROA":-0.949924773822,"HOLDER_PROFIT_QOQ":-132.301652878473,"ROE_YEARLY":-6.628744235601,"ROIC_YEARLY":-1.039173649833,"TOTAL_ASSETS":30776471000,"TOTAL_LIABILITIES":25156763000,"TAX_EBT":83.982956981302,"OCF_SALES":-19.090195378341,"TOTAL_PARENT_EQUITY":4227344000,"DEBT_ASSET_RATIO":81.7402456571,"OPERATE_PROFIT":592090000,"PRETAX_PROFIT":683447000,"NETCASH_OPERATE":-1462858000,"NETCASH_INVEST":400695000,"NETCASH_FINANCE":417320000,"END_CASH":1331042000,"DIVI_RATIO":null,"DIVIDEND_RATE":null,"CURRENT_RATIO":1.303714594351,"COMMON_ACS":90000000000,"CURRENTDEBT_DEBT":78.928982238295,"ISSUED_COMMON_SHARES":8446331365,"HK_COMMON_SHARES":8446331365,"PER_SHARES":2000,"TOTAL_MARKET_CAP":84463313.65,"HKSK_MARKET_CAP":84463313.65,"PE_TTM":-0.022776486357,"PB_TTM":-0.02060557691,"REPORT_DATE_SQ":"2020-12-31 00:00:00","REPORT_TYPE_SQ":"2020年年报","OPERATE_INCOME_SQ":7702150000,"DPS_HKD":null,"OPERATE_INCOME_QOQ_SQ":14.277562359585,"NET_PROFIT_RATIO_SQ":13.0224937193,"HOLDER_PROFIT_SQ":950900000,"HOLDER_PROFIT_QOQ_SQ":29.470680180597,"ROE_AVG_SQ":24.113473558672,"PE_TTM_SQ":-0.032830874945,"PB_TTM_SQ":-0.19987035039,"ROA_SQ":3.663401196598,"START_DATE":"2021-01-01 00:00:00","FISCAL_YEAR":"12-31","CURRENCY":"HKD","IS_CNY_CODE":0,"DPS_HKD_LY":0.03,"ORG_TYPE":"一般企业","PREMIUM_INCOME":null,"PREMIUM_INCOME_YOY":null,"NET_INTEREST_INCOME":null,"NET_INTEREST_INCOME_YOY":null,"FEE_COMMISSION_INCOME":null,"FEE_COMMISSION_INCOME_YOY":null,"ACCOUNTS_RECE_TDAYS":25.585349037153,"INVENTORY_TDAYS":0.371730938646,"CURRENT_ASSETS_TDAYS":0.304575140018,"TOTAL_ASSETS_TDAYS":0.256119818553,"PREMIUM_EXPENSE":null,"LOAN_DEPOSIT":null,"LOAN_EQUITY":null,"LOAN_ASSETS":null,"DEPOSIT_EQUITY":null,"DEPOSIT_ASSETS":null,"EQUITY_MULTIPLIER":5.476524936869,"EQUITY_RATIO":5.950961880557},{"SECUCODE":"00059.HK","SECURITY_CODE":"00059","SECURITY_NAME_ABBR":"天誉置业","ORG_CODE":"10007348","STD_REPORT_DATE":"2021-06-30 00:00:00","REPORT_DATE":"2021-06-30 00:00:00","DATE_TYPE_CODE":"002","REPORT_TYPE":"2021年中报","PER_NETCASH_OPERATE":0.127667207438,"PER_OI":0.554518592103,"BPS":0.556753198138,"BASIC_EPS":0.025,"DILUTED_EPS":0.025,"OPERATE_INCOME":4683172000,"OPERATE_INCOME_YOY":20.7597243077,"GROSS_PROFIT":1123038000,"GROSS_PROFIT_YOY":-4.965490862441,"HOLDER_PROFIT":197627000,"HOLDER_PROFIT_YOY":-26.4419283279,"GROSS_PROFIT_RATIO":23.980285157154,"EPS_TTM":0.104181134908,"OPERATE_INCOME_QOQ":10.452678797479,"NET_PROFIT_RATIO":9.9278651307,"ROE_AVG":4.367338450996,"GROSS_PROFIT_QOQ":-2.706512363759,"ROA":0.665291447558,"HOLDER_PROFIT_QOQ":-7.470922284152,"ROE_YEARLY":8.734676901991,"ROIC_YEARLY":1.470457888512,"TOTAL_ASSETS":30348913000,"TOTAL_LIABILITIES":24921926000,"TAX_EBT":46.458668730294,"OCF_SALES":23.023070687987,"TOTAL_PARENT_EQUITY":4702522000,"DEBT_ASSET_RATIO":82.1180185267,"OPERATE_PROFIT":825291000,"PRETAX_PROFIT":868374000,"NETCASH_OPERATE":1078210000,"NETCASH_INVEST":233857000,"NETCASH_FINANCE":-747986000,"END_CASH":2511113000,"DIVI_RATIO":null,"DIVIDEND_RATE":null,"CURRENT_RATIO":1.588047391833,"COMMON_ACS":90000000000,"CURRENTDEBT_DEBT":64.898379041812,"ISSUED_COMMON_SHARES":8446331365,"HK_COMMON_SHARES":8446331365,"PER_SHARES":2000,"TOTAL_MARKET_CAP":84463313.65,"HKSK_MARKET_CAP":84463313.65,"PE_TTM":-0.022776486357,"PB_TTM":-0.02060557691,"REPORT_DATE_SQ":"2020-06-30 00:00:00","REPORT_TYPE_SQ":"2020年中报","OPERATE_INCOME_SQ":3878091000,"DPS_HKD":null,"OPERATE_INCOME_QOQ_SQ":2.257897574026,"NET_PROFIT_RATIO_SQ":11.144581187,"HOLDER_PROFIT_SQ":268668000,"HOLDER_PROFIT_QOQ_SQ":-7.29636052902,"ROE_AVG_SQ":7.466184535098,"PE_TTM_SQ":-0.032830874945,"PB_TTM_SQ":-0.19987035039,"ROA_SQ":1.162484925541,"START_DATE":"2021-01-01 00:00:00","FISCAL_YEAR":"12-31","CURRENCY":"HKD","IS_CNY_CODE":0,"DPS_HKD_LY":0.03,"ORG_TYPE":"一般企业","PREMIUM_INCOME":null,"PREMIUM_INCOME_YOY":null,"NET_INTEREST_INCOME":null,"NET_INTEREST_INCOME_YOY":null,"FEE_COMMISSION_INCOME":null,"FEE_COMMISSION_INCOME_YOY":null,"ACCOUNTS_RECE_TDAYS":15.20238918375,"INVENTORY_TDAYS":0.246548724782,"CURRENT_ASSETS_TDAYS":0.186889953715,"TOTAL_ASSETS_TDAYS":0.157654282008,"PREMIUM_EXPENSE":null,"LOAN_DEPOSIT":null,"LOAN_EQUITY":null,"LOAN_ASSETS":null,"DEPOSIT_EQUITY":null,"DEPOSIT_ASSETS":null,"EQUITY_MULTIPLIER":5.592221429673,"EQUITY_RATIO":5.299693653746},{"SECUCODE":"00059.HK","SECURITY_CODE":"00059","SECURITY_NAME_ABBR":"天誉置业","ORG_CODE":"10007348","STD_REPORT_DATE":"2020-12-31 00:00:00","REPORT_DATE":"2020-12-31 00:00:00","DATE_TYPE_CODE":"001","REPORT_TYPE":"2020年年报","PER_NETCASH_OPERATE":-0.128280240882,"PER_OI":0.970374777118,"BPS":0.51474466394,"BASIC_EPS":0.122,"DILUTED_EPS":0.121,"OPERATE_INCOME":7702150000,"OPERATE_INCOME_YOY":16.8578326678,"GROSS_PROFIT":2168030000,"GROSS_PROFIT_YOY":14.146492992303,"HOLDER_PROFIT":950900000,"HOLDER_PROFIT_YOY":20.0240325752,"GROSS_PROFIT_RATIO":28.148374155268,"EPS_TTM":0.119801532762,"OPERATE_INCOME_QOQ":14.277562359585,"NET_PROFIT_RATIO":13.0224937193,"ROE_AVG":24.113473558672,"GROSS_PROFIT_QOQ":1.699645885607,"ROA":3.663401196598,"HOLDER_PROFIT_QOQ":29.470680180597,"ROE_YEARLY":24.113473558672,"ROIC_YEARLY":3.985811533695,"TOTAL_ASSETS":29061741000,"TOTAL_LIABILITIES":24266983000,"TAX_EBT":47.756172693213,"OCF_SALES":-13.219659445739,"TOTAL_PARENT_EQUITY":4347704000,"DEBT_ASSET_RATIO":83.5014770794,"OPERATE_PROFIT":1697550000,"PRETAX_PROFIT":1919867000,"NETCASH_OPERATE":-1018198000,"NETCASH_INVEST":-274614000,"NETCASH_FINANCE":1728600000,"END_CASH":1968713000,"DIVI_RATIO":null,"DIVIDEND_RATE":null,"CURRENT_RATIO":1.39420064127,"COMMON_ACS":90000000000,"CURRENTDEBT_DEBT":72.21322897865,"ISSUED_COMMON_SHARES":8446331365,"HK_COMMON_SHARES":8446331365,"PER_SHARES":2000,"TOTAL_MARKET_CAP":84463313.65,"HKSK_MARKET_CAP":84463313.65,"PE_TTM":-0.022776486357,"PB_TTM":-0.02060557691,"REPORT_DATE_SQ":"2019-12-31 00:00:00","REPORT_TYPE_SQ":"2019年年报","OPERATE_INCOME_SQ":6591043000,"DPS_HKD":null,"OPERATE_INCOME_QOQ_SQ":12.69809026629,"NET_PROFIT_RATIO_SQ":12.6229187095,"HOLDER_PROFIT_SQ":792258000,"HOLDER_PROFIT_QOQ_SQ":21.247153456255,"ROE_AVG_SQ":24.556248506416,"PE_TTM_SQ":-0.032830874945,"PB_TTM_SQ":-0.19987035039,"ROA_SQ":3.593923293908,"START_DATE":"2020-01-01 00:00:00","FISCAL_YEAR":"12-31","CURRENCY":"HKD","IS_CNY_CODE":0,"DPS_HKD_LY":0.023,"ORG_TYPE":"一般企业","PREMIUM_INCOME":null,"PREMIUM_INCOME_YOY":null,"NET_INTEREST_INCOME":null,"NET_INTEREST_INCOME_YOY":null,"FEE_COMMISSION_INCOME":null,"FEE_COMMISSION_INCOME_YOY":null,"ACCOUNTS_RECE_TDAYS":18.314839320257,"INVENTORY_TDAYS":0.380016861423,"CURRENT_ASSETS_TDAYS":0.361490664223,"TOTAL_ASSETS_TDAYS":0.296730103338,"PREMIUM_EXPENSE":null,"LOAN_DEPOSIT":null,"LOAN_EQUITY":null,"LOAN_ASSETS":null,"DEPOSIT_EQUITY":null,"DEPOSIT_ASSETS":null,"EQUITY_MULTIPLIER":6.061148654413,"EQUITY_RATIO":5.581562820284},{"SECUCODE":"00059.HK","SECURITY_CODE":"00059","SECURITY_NAME_ABBR":"天誉置业","ORG_CODE":"10007348","STD_REPORT_DATE":"2020-06-30 00:00:00","REPORT_DATE":"2020-06-30 00:00:00","DATE_TYPE_CODE":"002","REPORT_TYPE":"2020年中报","PER_NETCASH_OPERATE":-0.063270907358,"PER_OI":0.488948188712,"BPS":0.433058548372,"BASIC_EPS":0.035,"DILUTED_EPS":0.034,"OPERATE_INCOME":3878091000,"OPERATE_INCOME_YOY":3.9905643782,"GROSS_PROFIT":1181716000,"GROSS_PROFIT_YOY":24.488258736551,"HOLDER_PROFIT":268668000,"HOLDER_PROFIT_YOY":-17.706157305,"GROSS_PROFIT_RATIO":30.4715902747,"EPS_TTM":0.09259941943,"OPERATE_INCOME_QOQ":2.257897574026,"NET_PROFIT_RATIO":11.144581187,"ROE_AVG":7.466184535098,"GROSS_PROFIT_QOQ":12.238830330536,"ROA":1.162484925541,"HOLDER_PROFIT_QOQ":-7.29636052902,"ROE_YEARLY":14.932369070197,"ROIC_YEARLY":2.531133792124,"TOTAL_ASSETS":23371286000,"TOTAL_LIABILITIES":19369128000,"TAX_EBT":50.439761301923,"OCF_SALES":-12.940206921395,"TOTAL_PARENT_EQUITY":3657756000,"DEBT_ASSET_RATIO":82.8757476161,"OPERATE_PROFIT":944449000,"PRETAX_PROFIT":872064000,"NETCASH_OPERATE":-501833000,"NETCASH_INVEST":-259980000,"NETCASH_FINANCE":827724000,"END_CASH":1637031000,"DIVI_RATIO":null,"DIVIDEND_RATE":null,"CURRENT_RATIO":1.457923147178,"COMMON_ACS":90000000000,"CURRENTDEBT_DEBT":67.128086509625,"ISSUED_COMMON_SHARES":8446331365,"HK_COMMON_SHARES":8446331365,"PER_SHARES":2000,"TOTAL_MARKET_CAP":84463313.65,"HKSK_MARKET_CAP":84463313.65,"PE_TTM":-0.022776486357,"PB_TTM":-0.02060557691,"REPORT_DATE_SQ":"2019-06-30 00:00:00","REPORT_TYPE_SQ":"2019年中报","OPERATE_INCOME_SQ":3729272000,"DPS_HKD":null,"OPERATE_INCOME_QOQ_SQ":-5.545367288767,"NET_PROFIT_RATIO_SQ":9.4191305971,"HOLDER_PROFIT_SQ":326474000,"HOLDER_PROFIT_QOQ_SQ":-13.029288647239,"ROE_AVG_SQ":10.943441699912,"PE_TTM_SQ":-0.032830874945,"PB_TTM_SQ":-0.19987035039,"ROA_SQ":1.589317456224,"START_DATE":"2020-01-01 00:00:00","FISCAL_YEAR":"12-31","CURRENCY":"HKD","IS_CNY_CODE":0,"DPS_HKD_LY":0.023,"ORG_TYPE":"一般企业","PREMIUM_INCOME":null,"PREMIUM_INCOME_YOY":null,"NET_INTEREST_INCOME":null,"NET_INTEREST_INCOME_YOY":null,"FEE_COMMISSION_INCOME":null,"FEE_COMMISSION_INCOME_YOY":null,"ACCOUNTS_RECE_TDAYS":7.859901256987,"INVENTORY_TDAYS":0.20715416826,"CURRENT_ASSETS_TDAYS":0.208850755941,"TOTAL_ASSETS_TDAYS":0.167799005739,"PREMIUM_EXPENSE":null,"LOAN_DEPOSIT":null,"LOAN_EQUITY":null,"LOAN_ASSETS":null,"DEPOSIT_EQUITY":null,"DEPOSIT_ASSETS":null,"EQUITY_MULTIPLIER":5.839670997492,"EQUITY_RATIO":5.295358137612}],"count":48},"success":true,"message":"ok","code":0}