{"version":"69b00bc0d185ab87d7148555310b421b","result":{"pages":6,"data":[{"SECUCODE":"00051.HK","SECURITY_CODE":"00051","SECURITY_NAME_ABBR":"海港企业","ORG_CODE":"10007340","STD_REPORT_DATE":"2024-06-30 00:00:00","REPORT_DATE":"2024-06-30 00:00:00","DATE_TYPE_CODE":"002","REPORT_TYPE":"2024年中报","PER_NETCASH_OPERATE":0.03219329806,"PER_OI":0.802256987654,"BPS":17.889171865961,"BASIC_EPS":-0.0091268,"DILUTED_EPS":-0.0091268,"OPERATE_INCOME":568599640,"OPERATE_INCOME_YOY":-7.4294205052,"GROSS_PROFIT":367810040,"GROSS_PROFIT_YOY":2.818284628577,"HOLDER_PROFIT":-7301440,"HOLDER_PROFIT_YOY":33.3333333333,"GROSS_PROFIT_RATIO":64.686998394864,"EPS_TTM":-0.131503661376,"OPERATE_INCOME_QOQ":-3.626537469165,"NET_PROFIT_RATIO":-2.7287319422,"ROE_AVG":-0.056695368697,"GROSS_PROFIT_QOQ":1.313472621865,"ROA":-0.049081260161,"HOLDER_PROFIT_QOQ":3.880058833272,"ROE_YEARLY":-0.113390737394,"ROIC_YEARLY":-0.100815979333,"TOTAL_ASSETS":14331814040,"TOTAL_LIABILITIES":1562508160,"TAX_EBT":666.666666666667,"OCF_SALES":4.012841091493,"TOTAL_PARENT_EQUITY":12678950560,"DEBT_ASSET_RATIO":10.9023753423,"OPERATE_PROFIT":190750120,"PRETAX_PROFIT":2738040,"NETCASH_OPERATE":22817000,"NETCASH_INVEST":-9126800,"NETCASH_FINANCE":-114085000,"END_CASH":245510920,"DIVI_RATIO":null,"DIVIDEND_RATE":null,"CURRENT_RATIO":1.173354735152,"COMMON_ACS":null,"CURRENTDEBT_DEBT":72.780373831776,"ISSUED_COMMON_SHARES":708750000,"HK_COMMON_SHARES":708750000,"PER_SHARES":1000,"TOTAL_MARKET_CAP":3338212500,"HKSK_MARKET_CAP":3338212500,"PE_TTM":-32.409830097087,"PB_TTM":0.240297473366,"REPORT_DATE_SQ":"2023-06-30 00:00:00","REPORT_TYPE_SQ":"2023年中报","OPERATE_INCOME_SQ":620492540,"DPS_HKD":null,"OPERATE_INCOME_QOQ_SQ":15.76517360778,"NET_PROFIT_RATIO_SQ":-4.9034175334,"HOLDER_PROFIT_SQ":-11063760,"HOLDER_PROFIT_QOQ_SQ":59.805406690606,"ROE_AVG_SQ":-0.08041547998,"PE_TTM_SQ":-56.311643835616,"PB_TTM_SQ":0.279319834205,"ROA_SQ":-0.065386187168,"START_DATE":"2024-01-01 00:00:00","FISCAL_YEAR":"12-31","CURRENCY":"HKD","IS_CNY_CODE":0,"DPS_HKD_LY":null,"ORG_TYPE":"一般企业","PREMIUM_INCOME":null,"PREMIUM_INCOME_YOY":null,"NET_INTEREST_INCOME":null,"NET_INTEREST_INCOME_YOY":null,"FEE_COMMISSION_INCOME":null,"FEE_COMMISSION_INCOME_YOY":null,"ACCOUNTS_RECE_TDAYS":4.75572519084,"INVENTORY_TDAYS":0.200181983621,"CURRENT_ASSETS_TDAYS":0.4,"TOTAL_ASSETS_TDAYS":0.038222031351,"PREMIUM_EXPENSE":null,"LOAN_DEPOSIT":null,"LOAN_EQUITY":null,"LOAN_ASSETS":null,"DEPOSIT_EQUITY":null,"DEPOSIT_ASSETS":null,"EQUITY_MULTIPLIER":1.1223643771,"EQUITY_RATIO":0.123236395048},{"SECUCODE":"00051.HK","SECURITY_CODE":"00051","SECURITY_NAME_ABBR":"海港企业","ORG_CODE":"10007340","STD_REPORT_DATE":"2023-12-31 00:00:00","REPORT_DATE":"2023-12-31 00:00:00","DATE_TYPE_CODE":"001","REPORT_TYPE":"2023年年报","PER_NETCASH_OPERATE":0.355455604938,"PER_OI":2.018936691358,"BPS":18.321307061728,"BASIC_EPS":-0.135933,"DILUTED_EPS":-0.135933,"OPERATE_INCOME":1430921380,"OPERATE_INCOME_YOY":38.6303775241,"GROSS_PROFIT":767568340,"GROSS_PROFIT_YOY":75.721719855471,"HOLDER_PROFIT":-96965540,"HOLDER_PROFIT_YOY":45.6852791878,"GROSS_PROFIT_RATIO":53.641545281824,"EPS_TTM":-0.136812049383,"OPERATE_INCOME_QOQ":21.487437733737,"NET_PROFIT_RATIO":-12.7929069031,"ROE_AVG":-0.726482669654,"GROSS_PROFIT_QOQ":23.785670301653,"ROA":-0.598685130788,"HOLDER_PROFIT_QOQ":-37.088431265517,"ROE_YEARLY":-0.726482669654,"ROIC_YEARLY":-0.621821879994,"TOTAL_ASSETS":15311493120,"TOTAL_LIABILITIES":2227488760,"TAX_EBT":-2.53807106599,"OCF_SALES":17.60607979734,"TOTAL_PARENT_EQUITY":12985226380,"DEBT_ASSET_RATIO":14.5478219697,"OPERATE_PROFIT":369737760,"PRETAX_PROFIT":-178525340,"NETCASH_OPERATE":251929160,"NETCASH_INVEST":39873680,"NETCASH_FINANCE":-513826740,"END_CASH":345269820,"DIVI_RATIO":null,"DIVIDEND_RATE":null,"CURRENT_RATIO":0.983343248067,"COMMON_ACS":null,"CURRENTDEBT_DEBT":68.388934092758,"ISSUED_COMMON_SHARES":708750000,"HK_COMMON_SHARES":708750000,"PER_SHARES":1000,"TOTAL_MARKET_CAP":3579187500,"HKSK_MARKET_CAP":3579187500,"PE_TTM":-34.749393203883,"PB_TTM":0.257643787792,"REPORT_DATE_SQ":"2022-12-31 00:00:00","REPORT_TYPE_SQ":"2022年年报","OPERATE_INCOME_SQ":1017434530,"DPS_HKD":null,"OPERATE_INCOME_QOQ_SQ":-61.13175202007,"NET_PROFIT_RATIO_SQ":-19.92976295,"HOLDER_PROFIT_SQ":-175974190,"HOLDER_PROFIT_QOQ_SQ":-256.281331035522,"ROE_AVG_SQ":-1.281509188486,"PE_TTM_SQ":-68.544863013699,"PB_TTM_SQ":0.339999660257,"ROA_SQ":-1.000634920635,"START_DATE":"2023-01-01 00:00:00","FISCAL_YEAR":"12-31","CURRENCY":"HKD","IS_CNY_CODE":0,"DPS_HKD_LY":null,"ORG_TYPE":"一般企业","PREMIUM_INCOME":null,"PREMIUM_INCOME_YOY":null,"NET_INTEREST_INCOME":null,"NET_INTEREST_INCOME_YOY":null,"FEE_COMMISSION_INCOME":null,"FEE_COMMISSION_INCOME_YOY":null,"ACCOUNTS_RECE_TDAYS":11.119718309859,"INVENTORY_TDAYS":0.5,"CURRENT_ASSETS_TDAYS":0.692999780557,"TOTAL_ASSETS_TDAYS":0.088348020702,"PREMIUM_EXPENSE":null,"LOAN_DEPOSIT":null,"LOAN_EQUITY":null,"LOAN_ASSETS":null,"DEPOSIT_EQUITY":null,"DEPOSIT_ASSETS":null,"EQUITY_MULTIPLIER":1.170245186314,"EQUITY_RATIO":0.171540233094},{"SECUCODE":"00051.HK","SECURITY_CODE":"00051","SECURITY_NAME_ABBR":"海港企业","ORG_CODE":"10007340","STD_REPORT_DATE":"2023-06-30 00:00:00","REPORT_DATE":"2023-06-30 00:00:00","DATE_TYPE_CODE":"002","REPORT_TYPE":"2023年中报","PER_NETCASH_OPERATE":0.171712677249,"PER_OI":0.875474483245,"BPS":19.144662659612,"BASIC_EPS":-0.0184396,"DILUTED_EPS":-0.0184396,"OPERATE_INCOME":620492540,"OPERATE_INCOME_YOY":25.092936803,"GROSS_PROFIT":357728240,"GROSS_PROFIT_YOY":105.05031676254,"HOLDER_PROFIT":-11063760,"HOLDER_PROFIT_YOY":91.1764705882,"GROSS_PROFIT_RATIO":57.652303120357,"EPS_TTM":-0.099798391534,"OPERATE_INCOME_QOQ":15.76517360778,"NET_PROFIT_RATIO":-4.9034175334,"ROE_AVG":-0.08041547998,"GROSS_PROFIT_QOQ":41.95643116627,"ROA":-0.065386187168,"HOLDER_PROFIT_QOQ":59.805406690606,"ROE_YEARLY":-0.16083095996,"ROIC_YEARLY":-0.136239782016,"TOTAL_ASSETS":16462874880,"TOTAL_LIABILITIES":2729982780,"TAX_EBT":-200,"OCF_SALES":19.61367013373,"TOTAL_PARENT_EQUITY":13568779660,"DEBT_ASSET_RATIO":16.5826612903,"OPERATE_PROFIT":168722340,"PRETAX_PROFIT":-10141780,"NETCASH_OPERATE":121701360,"NETCASH_INVEST":41489100,"NETCASH_FINANCE":-311629240,"END_CASH":419500900,"DIVI_RATIO":null,"DIVIDEND_RATE":null,"CURRENT_RATIO":1.216514642343,"COMMON_ACS":null,"CURRENTDEBT_DEBT":70.347855454238,"ISSUED_COMMON_SHARES":708750000,"HK_COMMON_SHARES":708750000,"PER_SHARES":1000,"TOTAL_MARKET_CAP":3402000000,"HKSK_MARKET_CAP":3402000000,"PE_TTM":-33.029126213592,"PB_TTM":0.244889144832,"REPORT_DATE_SQ":"2022-06-30 00:00:00","REPORT_TYPE_SQ":"2022年中报","OPERATE_INCOME_SQ":460092220,"DPS_HKD":null,"OPERATE_INCOME_QOQ_SQ":-28.598880494422,"NET_PROFIT_RATIO_SQ":-29.5539033457,"HOLDER_PROFIT_SQ":-116305840,"HOLDER_PROFIT_QOQ_SQ":-151.711921069798,"ROE_AVG_SQ":-0.880543865329,"PE_TTM_SQ":-59.224315068493,"PB_TTM_SQ":0.293767411837,"ROA_SQ":-0.681157968547,"START_DATE":"2023-01-01 00:00:00","FISCAL_YEAR":"12-31","CURRENCY":"HKD","IS_CNY_CODE":0,"DPS_HKD_LY":null,"ORG_TYPE":"一般企业","PREMIUM_INCOME":null,"PREMIUM_INCOME_YOY":null,"NET_INTEREST_INCOME":null,"NET_INTEREST_INCOME_YOY":null,"FEE_COMMISSION_INCOME":null,"FEE_COMMISSION_INCOME_YOY":null,"ACCOUNTS_RECE_TDAYS":5.237354085603,"INVENTORY_TDAYS":0.165409170052,"CURRENT_ASSETS_TDAYS":0.247517469658,"TOTAL_ASSETS_TDAYS":0.036670753303,"PREMIUM_EXPENSE":null,"LOAN_DEPOSIT":null,"LOAN_EQUITY":null,"LOAN_ASSETS":null,"DEPOSIT_EQUITY":null,"DEPOSIT_ASSETS":null,"EQUITY_MULTIPLIER":1.198791540785,"EQUITY_RATIO":0.201195895903},{"SECUCODE":"00051.HK","SECURITY_CODE":"00051","SECURITY_NAME_ABBR":"海港企业","ORG_CODE":"10007340","STD_REPORT_DATE":"2022-12-31 00:00:00","REPORT_DATE":"2022-12-31 00:00:00","DATE_TYPE_CODE":"001","REPORT_TYPE":"2022年年报","PER_NETCASH_OPERATE":-0.185270814815,"PER_OI":1.435533728395,"BPS":19.066509432099,"BASIC_EPS":-0.2501156,"DILUTED_EPS":-0.2501156,"OPERATE_INCOME":1017434530,"OPERATE_INCOME_YOY":-74.5985727029,"GROSS_PROFIT":436809030,"GROSS_PROFIT_YOY":-51.475238886193,"HOLDER_PROFIT":-175974190,"HOLDER_PROFIT_YOY":-720.8333333333,"GROSS_PROFIT_RATIO":42.932396839333,"EPS_TTM":-0.248288098765,"OPERATE_INCOME_QOQ":-61.13175202007,"NET_PROFIT_RATIO":-19.92976295,"ROE_AVG":-1.281509188486,"GROSS_PROFIT_QOQ":-40.783216065377,"ROA":-1.000634920635,"HOLDER_PROFIT_QOQ":-256.281331035522,"ROE_YEARLY":-1.281509188486,"ROIC_YEARLY":-1.061250875397,"TOTAL_ASSETS":16837246230,"TOTAL_LIABILITIES":3139844050,"TAX_EBT":-5.581395348837,"OCF_SALES":-12.906057945566,"TOTAL_PARENT_EQUITY":13513388560,"DEBT_ASSET_RATIO":18.6482041488,"OPERATE_PROFIT":25904830,"PRETAX_PROFIT":-192053050,"NETCASH_OPERATE":-131310690,"NETCASH_INVEST":156322250,"NETCASH_FINANCE":-351948380,"END_CASH":566333180,"DIVI_RATIO":null,"DIVIDEND_RATE":null,"CURRENT_RATIO":1.113496932515,"COMMON_ACS":null,"CURRENTDEBT_DEBT":74.196301564723,"ISSUED_COMMON_SHARES":708750000,"HK_COMMON_SHARES":708750000,"PER_SHARES":1000,"TOTAL_MARKET_CAP":3579187500,"HKSK_MARKET_CAP":3579187500,"PE_TTM":-34.749393203883,"PB_TTM":0.257643787792,"REPORT_DATE_SQ":"2021-12-31 00:00:00","REPORT_TYPE_SQ":"2021年年报","OPERATE_INCOME_SQ":3666118400,"DPS_HKD":null,"OPERATE_INCOME_QOQ_SQ":-0.902986291806,"NET_PROFIT_RATIO_SQ":0.7136485281,"HOLDER_PROFIT_SQ":-19622400,"HOLDER_PROFIT_QOQ_SQ":-113.83953017368,"ROE_AVG_SQ":-0.1543457989,"PE_TTM_SQ":-68.544863013699,"PB_TTM_SQ":0.339999660257,"ROA_SQ":-0.107882138763,"START_DATE":"2022-01-01 00:00:00","FISCAL_YEAR":"12-31","CURRENCY":"HKD","IS_CNY_CODE":0,"DPS_HKD_LY":null,"ORG_TYPE":"一般企业","PREMIUM_INCOME":null,"PREMIUM_INCOME_YOY":null,"NET_INTEREST_INCOME":null,"NET_INTEREST_INCOME_YOY":null,"FEE_COMMISSION_INCOME":null,"FEE_COMMISSION_INCOME_YOY":null,"ACCOUNTS_RECE_TDAYS":8.795366795367,"INVENTORY_TDAYS":0.321941555225,"CURRENT_ASSETS_TDAYS":0.358853182105,"TOTAL_ASSETS_TDAYS":0.057853968254,"PREMIUM_EXPENSE":null,"LOAN_DEPOSIT":null,"LOAN_EQUITY":null,"LOAN_ASSETS":null,"DEPOSIT_EQUITY":null,"DEPOSIT_ASSETS":null,"EQUITY_MULTIPLIER":1.22922916395,"EQUITY_RATIO":0.232350608144},{"SECUCODE":"00051.HK","SECURITY_CODE":"00051","SECURITY_NAME_ABBR":"海港企业","ORG_CODE":"10007340","STD_REPORT_DATE":"2022-06-30 00:00:00","REPORT_DATE":"2022-06-30 00:00:00","DATE_TYPE_CODE":"002","REPORT_TYPE":"2022年中报","PER_NETCASH_OPERATE":-0.24132345679,"PER_OI":0.649160098765,"BPS":18.428665777778,"BASIC_EPS":-0.1624861,"DILUTED_EPS":-0.1624861,"OPERATE_INCOME":460092220,"OPERATE_INCOME_YOY":-70.3254274683,"GROSS_PROFIT":174458760,"GROSS_PROFIT_YOY":-48.230654459863,"HOLDER_PROFIT":-116305840,"HOLDER_PROFIT_YOY":-30.7692307692,"GROSS_PROFIT_RATIO":37.918215613383,"EPS_TTM":-0.069688776014,"OPERATE_INCOME_QOQ":-28.598880494422,"NET_PROFIT_RATIO":-29.5539033457,"ROE_AVG":-0.880543865329,"GROSS_PROFIT_QOQ":-18.05573033588,"ROA":-0.681157968547,"HOLDER_PROFIT_QOQ":-151.711921069798,"ROE_YEARLY":-1.761087730657,"ROIC_YEARLY":-1.447039421184,"TOTAL_ASSETS":16595817140,"TOTAL_LIABILITIES":3341227330,"TAX_EBT":9.142857142857,"OCF_SALES":-37.174721189591,"TOTAL_PARENT_EQUITY":13061316870,"DEBT_ASSET_RATIO":20.1329485726,"OPERATE_PROFIT":-25655700,"PRETAX_PROFIT":-149658250,"NETCASH_OPERATE":-171038000,"NETCASH_INVEST":78677480,"NETCASH_FINANCE":-197548890,"END_CASH":601198570,"DIVI_RATIO":null,"DIVIDEND_RATE":null,"CURRENT_RATIO":1.224882260597,"COMMON_ACS":null,"CURRENTDEBT_DEBT":65.216278474533,"ISSUED_COMMON_SHARES":708750000,"HK_COMMON_SHARES":708750000,"PER_SHARES":1000,"TOTAL_MARKET_CAP":3345300000,"HKSK_MARKET_CAP":3345300000,"PE_TTM":-32.478640776699,"PB_TTM":0.240807659084,"REPORT_DATE_SQ":"2021-06-30 00:00:00","REPORT_TYPE_SQ":"2021年中报","OPERATE_INCOME_SQ":1508561040,"DPS_HKD":null,"OPERATE_INCOME_QOQ_SQ":32.677755486166,"NET_PROFIT_RATIO_SQ":-4.9641478213,"HOLDER_PROFIT_SQ":-86536320,"HOLDER_PROFIT_QOQ_SQ":115.054776879507,"ROE_AVG_SQ":-0.664557973098,"PE_TTM_SQ":-56.602910958904,"PB_TTM_SQ":0.280764591968,"ROA_SQ":-0.445577429789,"START_DATE":"2022-01-01 00:00:00","FISCAL_YEAR":"12-31","CURRENCY":"HKD","IS_CNY_CODE":0,"DPS_HKD_LY":null,"ORG_TYPE":"一般企业","PREMIUM_INCOME":null,"PREMIUM_INCOME_YOY":null,"NET_INTEREST_INCOME":null,"NET_INTEREST_INCOME_YOY":null,"FEE_COMMISSION_INCOME":null,"FEE_COMMISSION_INCOME_YOY":null,"ACCOUNTS_RECE_TDAYS":4.321285140562,"INVENTORY_TDAYS":0.160191846523,"CURRENT_ASSETS_TDAYS":0.16389946687,"TOTAL_ASSETS_TDAYS":0.026945807873,"PREMIUM_EXPENSE":null,"LOAN_DEPOSIT":null,"LOAN_EQUITY":null,"LOAN_ASSETS":null,"DEPOSIT_EQUITY":null,"DEPOSIT_ASSETS":null,"EQUITY_MULTIPLIER":1.252080779405,"EQUITY_RATIO":0.255810908139},{"SECUCODE":"00051.HK","SECURITY_CODE":"00051","SECURITY_NAME_ABBR":"海港企业","ORG_CODE":"10007340","STD_REPORT_DATE":"2021-12-31 00:00:00","REPORT_DATE":"2021-12-31 00:00:00","DATE_TYPE_CODE":"001","REPORT_TYPE":"2021年年报","PER_NETCASH_OPERATE":1.303545679012,"PER_OI":5.17265382716,"BPS":18.015462716049,"BASIC_EPS":-0.024528,"DILUTED_EPS":-0.024528,"OPERATE_INCOME":3666118400,"OPERATE_INCOME_YOY":35.3456082101,"GROSS_PROFIT":900177600,"GROSS_PROFIT_YOY":16.890910096681,"HOLDER_PROFIT":-19622400,"HOLDER_PROFIT_YOY":97.855227882,"GROSS_PROFIT_RATIO":24.553969669938,"EPS_TTM":-0.027685925926,"OPERATE_INCOME_QOQ":-0.902986291806,"NET_PROFIT_RATIO":0.7136485281,"ROE_AVG":-0.1543457989,"GROSS_PROFIT_QOQ":-4.043143924155,"ROA":-0.107882138763,"HOLDER_PROFIT_QOQ":-113.83953017368,"ROE_YEARLY":-0.1543457989,"ROIC_YEARLY":-0.116101879399,"TOTAL_ASSETS":16782057600,"TOTAL_LIABILITIES":3751966400,"TAX_EBT":90.985915492958,"OCF_SALES":25.200713648528,"TOTAL_PARENT_EQUITY":12768459200,"DEBT_ASSET_RATIO":22.3570106207,"OPERATE_PROFIT":480748800,"PRETAX_PROFIT":290248000,"NETCASH_OPERATE":923888000,"NETCASH_INVEST":198676800,"NETCASH_FINANCE":-1320424000,"END_CASH":890366400,"DIVI_RATIO":null,"DIVIDEND_RATE":null,"CURRENT_RATIO":1.236180904523,"COMMON_ACS":null,"CURRENTDEBT_DEBT":60.710394421443,"ISSUED_COMMON_SHARES":708750000,"HK_COMMON_SHARES":708750000,"PER_SHARES":1000,"TOTAL_MARKET_CAP":3579187500,"HKSK_MARKET_CAP":3579187500,"PE_TTM":-34.749393203883,"PB_TTM":0.257643787792,"REPORT_DATE_SQ":"2020-12-31 00:00:00","REPORT_TYPE_SQ":"2020年年报","OPERATE_INCOME_SQ":2788353320,"DPS_HKD":null,"OPERATE_INCOME_QOQ_SQ":143.70426120416,"NET_PROFIT_RATIO_SQ":-32.7497736191,"HOLDER_PROFIT_SQ":-941795160,"HOLDER_PROFIT_QOQ_SQ":27.613200339545,"ROE_AVG_SQ":-6.872197997912,"PE_TTM_SQ":-68.544863013699,"PB_TTM_SQ":0.339999660257,"ROA_SQ":-4.274908312958,"START_DATE":"2021-01-01 00:00:00","FISCAL_YEAR":"12-31","CURRENCY":"HKD","IS_CNY_CODE":0,"DPS_HKD_LY":0.07,"ORG_TYPE":"一般企业","PREMIUM_INCOME":null,"PREMIUM_INCOME_YOY":null,"NET_INTEREST_INCOME":null,"NET_INTEREST_INCOME_YOY":null,"FEE_COMMISSION_INCOME":null,"FEE_COMMISSION_INCOME_YOY":null,"ACCOUNTS_RECE_TDAYS":27.012048192771,"INVENTORY_TDAYS":0.940505977203,"CURRENT_ASSETS_TDAYS":0.894028511614,"TOTAL_ASSETS_TDAYS":0.201559795923,"PREMIUM_EXPENSE":null,"LOAN_DEPOSIT":null,"LOAN_EQUITY":null,"LOAN_ASSETS":null,"DEPOSIT_EQUITY":null,"DEPOSIT_ASSETS":null,"EQUITY_MULTIPLIER":1.287946288511,"EQUITY_RATIO":0.293846449382},{"SECUCODE":"00051.HK","SECURITY_CODE":"00051","SECURITY_NAME_ABBR":"海港企业","ORG_CODE":"10007340","STD_REPORT_DATE":"2021-06-30 00:00:00","REPORT_DATE":"2021-06-30 00:00:00","DATE_TYPE_CODE":"002","REPORT_TYPE":"2021年中报","PER_NETCASH_OPERATE":0.230106074074,"PER_OI":2.128481185185,"BPS":18.569325375661,"BASIC_EPS":-0.124812,"DILUTED_EPS":-0.124812,"OPERATE_INCOME":1508561040,"OPERATE_INCOME_YOY":177.2171253823,"GROSS_PROFIT":336992400,"GROSS_PROFIT_YOY":99.419834968968,"HOLDER_PROFIT":-86536320,"HOLDER_PROFIT_YOY":91.881342701,"GROSS_PROFIT_RATIO":22.338665195808,"EPS_TTM":0.200049608466,"OPERATE_INCOME_QOQ":32.677755486166,"NET_PROFIT_RATIO":-4.9641478213,"ROE_AVG":-0.664557973098,"GROSS_PROFIT_QOQ":21.816110778254,"ROA":-0.445577429789,"HOLDER_PROFIT_QOQ":115.054776879507,"ROE_YEARLY":-1.329115946196,"ROIC_YEARLY":-0.960051695091,"TOTAL_ASSETS":18899865120,"TOTAL_LIABILITIES":5351106480,"TAX_EBT":-291.304347826087,"OCF_SALES":10.810810810811,"TOTAL_PARENT_EQUITY":13161009360,"DEBT_ASSET_RATIO":28.3129347539,"OPERATE_PROFIT":118155360,"PRETAX_PROFIT":-19137840,"NETCASH_OPERATE":163087680,"NETCASH_INVEST":62406000,"NETCASH_FINANCE":-346977360,"END_CASH":951067440,"DIVI_RATIO":null,"DIVIDEND_RATE":null,"CURRENT_RATIO":1.475647091567,"COMMON_ACS":null,"CURRENTDEBT_DEBT":55.870004664904,"ISSUED_COMMON_SHARES":708750000,"HK_COMMON_SHARES":708750000,"PER_SHARES":1000,"TOTAL_MARKET_CAP":3345300000,"HKSK_MARKET_CAP":3345300000,"PE_TTM":-32.478640776699,"PB_TTM":0.240807659084,"REPORT_DATE_SQ":"2020-06-30 00:00:00","REPORT_TYPE_SQ":"2020年中报","OPERATE_INCOME_SQ":597389760,"DPS_HKD":null,"OPERATE_INCOME_QOQ_SQ":-8.439298531682,"NET_PROFIT_RATIO_SQ":-201.0703363914,"HOLDER_PROFIT_SQ":-1170116640,"HOLDER_PROFIT_QOQ_SQ":-1341.39460753585,"ROE_AVG_SQ":-8.037142767513,"PE_TTM_SQ":-56.602910958904,"PB_TTM_SQ":0.280764591968,"ROA_SQ":-4.716321195832,"START_DATE":"2021-01-01 00:00:00","FISCAL_YEAR":"12-31","CURRENCY":"HKD","IS_CNY_CODE":0,"DPS_HKD_LY":0.07,"ORG_TYPE":"一般企业","PREMIUM_INCOME":null,"PREMIUM_INCOME_YOY":null,"NET_INTEREST_INCOME":null,"NET_INTEREST_INCOME_YOY":null,"FEE_COMMISSION_INCOME":null,"FEE_COMMISSION_INCOME_YOY":null,"ACCOUNTS_RECE_TDAYS":8.931034482759,"INVENTORY_TDAYS":0.320072743805,"CURRENT_ASSETS_TDAYS":0.304987803852,"TOTAL_ASSETS_TDAYS":0.077676142328,"PREMIUM_EXPENSE":null,"LOAN_DEPOSIT":null,"LOAN_EQUITY":null,"LOAN_ASSETS":null,"DEPOSIT_EQUITY":null,"DEPOSIT_ASSETS":null,"EQUITY_MULTIPLIER":1.394951790211,"EQUITY_RATIO":0.406587848517},{"SECUCODE":"00051.HK","SECURITY_CODE":"00051","SECURITY_NAME_ABBR":"海港企业","ORG_CODE":"10007340","STD_REPORT_DATE":"2020-12-31 00:00:00","REPORT_DATE":"2020-12-31 00:00:00","DATE_TYPE_CODE":"001","REPORT_TYPE":"2020年年报","PER_NETCASH_OPERATE":0.201874850088,"PER_OI":3.934184578483,"BPS":18.384861347443,"BASIC_EPS":-1.3297912,"DILUTED_EPS":-1.3297912,"OPERATE_INCOME":2788353320,"OPERATE_INCOME_YOY":137.4910394265,"GROSS_PROFIT":770100600,"GROSS_PROFIT_YOY":-10.261131165193,"HOLDER_PROFIT":-941795160,"HOLDER_PROFIT_YOY":-1056.4102564103,"GROSS_PROFIT_RATIO":27.618472683369,"EPS_TTM":-1.328811513228,"OPERATE_INCOME_QOQ":143.70426120416,"NET_PROFIT_RATIO":-32.7497736191,"ROE_AVG":-6.872197997912,"GROSS_PROFIT_QOQ":28.24140685826,"ROA":-4.274908312958,"HOLDER_PROFIT_QOQ":27.613200339545,"ROE_YEARLY":-6.872197997912,"ROIC_YEARLY":-4.631814230721,"TOTAL_ASSETS":20171585880,"TOTAL_LIABILITIES":6765102320,"TAX_EBT":13.888888888889,"OCF_SALES":5.131300935708,"TOTAL_PARENT_EQUITY":13030270480,"DEBT_ASSET_RATIO":33.5377811157,"OPERATE_PROFIT":429236400,"PRETAX_PROFIT":-1060466400,"NETCASH_OPERATE":143078800,"NETCASH_INVEST":127929280,"NETCASH_FINANCE":-844164920,"END_CASH":1089082160,"DIVI_RATIO":null,"DIVIDEND_RATE":null,"CURRENT_RATIO":1.231214953271,"COMMON_ACS":null,"CURRENTDEBT_DEBT":66.558845483951,"ISSUED_COMMON_SHARES":708750000,"HK_COMMON_SHARES":708750000,"PER_SHARES":1000,"TOTAL_MARKET_CAP":3579187500,"HKSK_MARKET_CAP":3579187500,"PE_TTM":-34.749393203883,"PB_TTM":0.257643787792,"REPORT_DATE_SQ":"2019-12-31 00:00:00","REPORT_TYPE_SQ":"2019年年报","OPERATE_INCOME_SQ":1249613100,"DPS_HKD":null,"OPERATE_INCOME_QOQ_SQ":-14.759136990058,"NET_PROFIT_RATIO_SQ":10.5376344086,"HOLDER_PROFIT_SQ":104806260,"HOLDER_PROFIT_QOQ_SQ":-84.169225822293,"ROE_AVG_SQ":0.681024447031,"PE_TTM_SQ":-68.544863013699,"PB_TTM_SQ":0.339999660257,"ROA_SQ":0.427061850966,"START_DATE":"2020-01-01 00:00:00","FISCAL_YEAR":"12-31","CURRENCY":"HKD","IS_CNY_CODE":0,"DPS_HKD_LY":0.22,"ORG_TYPE":"一般企业","PREMIUM_INCOME":null,"PREMIUM_INCOME_YOY":null,"NET_INTEREST_INCOME":null,"NET_INTEREST_INCOME_YOY":null,"FEE_COMMISSION_INCOME":null,"FEE_COMMISSION_INCOME_YOY":null,"ACCOUNTS_RECE_TDAYS":12.645038167939,"INVENTORY_TDAYS":0.492351914588,"CURRENT_ASSETS_TDAYS":0.486740615588,"TOTAL_ASSETS_TDAYS":0.126566320293,"PREMIUM_EXPENSE":null,"LOAN_DEPOSIT":null,"LOAN_EQUITY":null,"LOAN_ASSETS":null,"DEPOSIT_EQUITY":null,"DEPOSIT_ASSETS":null,"EQUITY_MULTIPLIER":1.504614225626,"EQUITY_RATIO":0.519183568014},{"SECUCODE":"00051.HK","SECURITY_CODE":"00051","SECURITY_NAME_ABBR":"海港企业","ORG_CODE":"10007340","STD_REPORT_DATE":"2020-06-30 00:00:00","REPORT_DATE":"2020-06-30 00:00:00","DATE_TYPE_CODE":"002","REPORT_TYPE":"2020年中报","PER_NETCASH_OPERATE":-0.529698539683,"PER_OI":0.842877968254,"BPS":19.065281015873,"BASIC_EPS":-1.6533264,"DILUTED_EPS":-1.6533264,"OPERATE_INCOME":597389760,"OPERATE_INCOME_YOY":-18.1476846058,"GROSS_PROFIT":168986400,"GROSS_PROFIT_YOY":-60.390882044164,"HOLDER_PROFIT":-1170116640,"HOLDER_PROFIT_YOY":-577.9850746269,"GROSS_PROFIT_RATIO":28.2874617737,"EPS_TTM":-1.835709714286,"OPERATE_INCOME_QOQ":-8.439298531682,"NET_PROFIT_RATIO":-201.0703363914,"ROE_AVG":-8.037142767513,"GROSS_PROFIT_QOQ":-30.023483808166,"ROA":-4.716321195832,"HOLDER_PROFIT_QOQ":-1341.39460753585,"ROE_YEARLY":-16.074285535025,"ROIC_YEARLY":-10.050014710209,"TOTAL_ASSETS":23691893280,"TOTAL_LIABILITIES":9866978880,"TAX_EBT":21.021021021021,"OCF_SALES":-62.844036697248,"TOTAL_PARENT_EQUITY":13512517920,"DEBT_ASSET_RATIO":41.6470678953,"OPERATE_PROFIT":10047840,"PRETAX_PROFIT":-1520877600,"NETCASH_OPERATE":-375423840,"NETCASH_INVEST":22836000,"NETCASH_FINANCE":-736232640,"END_CASH":641234880,"DIVI_RATIO":null,"DIVIDEND_RATE":null,"CURRENT_RATIO":0.904439798303,"COMMON_ACS":null,"CURRENTDEBT_DEBT":75.273097574523,"ISSUED_COMMON_SHARES":708750000,"HK_COMMON_SHARES":708750000,"PER_SHARES":1000,"TOTAL_MARKET_CAP":3402000000,"HKSK_MARKET_CAP":3402000000,"PE_TTM":-33.029126213592,"PB_TTM":0.244889144832,"REPORT_DATE_SQ":"2019-06-30 00:00:00","REPORT_TYPE_SQ":"2019年中报","OPERATE_INCOME_SQ":702848340,"DPS_HKD":null,"OPERATE_INCOME_QOQ_SQ":5.692353257469,"NET_PROFIT_RATIO_SQ":34.4180225282,"HOLDER_PROFIT_SQ":235748880,"HOLDER_PROFIT_QOQ_SQ":-9.075526058675,"ROE_AVG_SQ":1.540318409104,"PE_TTM_SQ":-59.224315068493,"PB_TTM_SQ":0.293767411837,"ROA_SQ":0.990464927193,"START_DATE":"2020-01-01 00:00:00","FISCAL_YEAR":"12-31","CURRENCY":"HKD","IS_CNY_CODE":0,"DPS_HKD_LY":0.22,"ORG_TYPE":"一般企业","PREMIUM_INCOME":null,"PREMIUM_INCOME_YOY":null,"NET_INTEREST_INCOME":null,"NET_INTEREST_INCOME_YOY":null,"FEE_COMMISSION_INCOME":null,"FEE_COMMISSION_INCOME_YOY":null,"ACCOUNTS_RECE_TDAYS":2.331550802139,"INVENTORY_TDAYS":0.084787128265,"CURRENT_ASSETS_TDAYS":0.090959666203,"TOTAL_ASSETS_TDAYS":0.024078642171,"PREMIUM_EXPENSE":null,"LOAN_DEPOSIT":null,"LOAN_EQUITY":null,"LOAN_ASSETS":null,"DEPOSIT_EQUITY":null,"DEPOSIT_ASSETS":null,"EQUITY_MULTIPLIER":1.713709943839,"EQUITY_RATIO":0.73021023457}],"count":50},"success":true,"message":"ok","code":0}