{"version":"5230fec2edab49677ed807fc3b53b857","result":{"pages":6,"data":[{"SECUCODE":"00055.HK","SECURITY_CODE":"00055","SECURITY_NAME_ABBR":"中星集团控股","ORG_CODE":"10007344","STD_REPORT_DATE":"2024-06-30 00:00:00","REPORT_DATE":"2024-06-30 00:00:00","DATE_TYPE_CODE":"002","REPORT_TYPE":"2024年中报","PER_NETCASH_OPERATE":-0.0084726396,"PER_OI":0.717569893898,"BPS":2.443099317517,"BASIC_EPS":-0.14420344,"DILUTED_EPS":null,"OPERATE_INCOME":181803117.96,"OPERATE_INCOME_YOY":7.607744417,"GROSS_PROFIT":39672374.24,"GROSS_PROFIT_YOY":562.298581837992,"HOLDER_PROFIT":-36558310.08,"HOLDER_PROFIT_YOY":30.0783772933,"GROSS_PROFIT_RATIO":21.821613779324,"EPS_TTM":-0.228986837457,"OPERATE_INCOME_QOQ":2.238731968276,"NET_PROFIT_RATIO":-20.1353434038,"ROE_AVG":-5.702562992849,"GROSS_PROFIT_QOQ":42.07008160808,"ROA":-3.649350111818,"HOLDER_PROFIT_QOQ":21.890444708443,"ROE_YEARLY":-11.405125985698,"ROIC_YEARLY":-8.249747593606,"TOTAL_ASSETS":1028668850.48,"TOTAL_LIABILITIES":413236861.64,"TAX_EBT":-1.454444275813,"OCF_SALES":-1.180740673805,"TOTAL_PARENT_EQUITY":618982314.04,"DEBT_ASSET_RATIO":40.1720010718,"OPERATE_PROFIT":-36315537.2,"PRETAX_PROFIT":-36081891.12,"NETCASH_OPERATE":-2146623.36,"NETCASH_INVEST":3284735.32,"NETCASH_FINANCE":17572740.72,"END_CASH":109681319,"DIVI_RATIO":null,"DIVIDEND_RATE":null,"CURRENT_RATIO":2.177829501207,"COMMON_ACS":50000000000,"CURRENTDEBT_DEBT":81.225691461284,"ISSUED_COMMON_SHARES":253359456,"HK_COMMON_SHARES":253359456,"PER_SHARES":10000,"TOTAL_MARKET_CAP":45097983.168,"HKSK_MARKET_CAP":45097983.168,"PE_TTM":-0.696703906584,"PB_TTM":0.066496289707,"REPORT_DATE_SQ":"2023-06-30 00:00:00","REPORT_TYPE_SQ":"2023年中报","OPERATE_INCOME_SQ":170671405.72,"DPS_HKD":null,"OPERATE_INCOME_QOQ_SQ":-6.485669861834,"NET_PROFIT_RATIO_SQ":-30.9782080232,"HOLDER_PROFIT_SQ":-52817468.26,"HOLDER_PROFIT_QOQ_SQ":-4929.73394353369,"ROE_AVG_SQ":-7.58453656075,"PE_TTM_SQ":-0.603000228851,"PB_TTM_SQ":0.081791178195,"ROA_SQ":-4.99649030288,"START_DATE":"2024-01-01 00:00:00","FISCAL_YEAR":"12-31","CURRENCY":"HKD","IS_CNY_CODE":0,"DPS_HKD_LY":null,"ORG_TYPE":"一般企业","PREMIUM_INCOME":null,"PREMIUM_INCOME_YOY":null,"NET_INTEREST_INCOME":null,"NET_INTEREST_INCOME_YOY":null,"FEE_COMMISSION_INCOME":null,"FEE_COMMISSION_INCOME_YOY":null,"ACCOUNTS_RECE_TDAYS":1.357491873326,"INVENTORY_TDAYS":0.485685674803,"CURRENT_ASSETS_TDAYS":0.267134905958,"TOTAL_ASSETS_TDAYS":0.1814808254,"PREMIUM_EXPENSE":null,"LOAN_DEPOSIT":null,"LOAN_EQUITY":null,"LOAN_ASSETS":null,"DEPOSIT_EQUITY":null,"DEPOSIT_ASSETS":null,"EQUITY_MULTIPLIER":1.67145821006,"EQUITY_RATIO":0.66760689646},{"SECUCODE":"00055.HK","SECURITY_CODE":"00055","SECURITY_NAME_ABBR":"中星集团控股","ORG_CODE":"10007344","STD_REPORT_DATE":"2023-12-31 00:00:00","REPORT_DATE":"2023-12-31 00:00:00","DATE_TYPE_CODE":"001","REPORT_TYPE":"2023年年报","PER_NETCASH_OPERATE":0.107939217497,"PER_OI":1.962559138407,"BPS":2.599054848901,"BASIC_EPS":-0.29316217,"DILUTED_EPS":null,"OPERATE_INCOME":497232915.67474,"OPERATE_INCOME_YOY":22.0927651668,"GROSS_PROFIT":80062288.66818,"GROSS_PROFIT_YOY":-4.93960675083,"HOLDER_PROFIT":-74275138.74914,"HOLDER_PROFIT_YOY":-4119.9724749103,"GROSS_PROFIT_RATIO":16.101566518286,"EPS_TTM":-0.293161107629,"OPERATE_INCOME_QOQ":32.453261435841,"NET_PROFIT_RATIO":-14.9578276466,"ROE_AVG":-10.794251614006,"GROSS_PROFIT_QOQ":74.951947555032,"ROA":-7.410908171824,"HOLDER_PROFIT_QOQ":14.883158533777,"ROE_YEARLY":-10.794251614006,"ROIC_YEARLY":-8.368111038776,"TOTAL_ASSETS":967982517.88,"TOTAL_LIABILITIES":312964889.44,"TAX_EBT":-9.843968656761,"OCF_SALES":5.499921779911,"TOTAL_PARENT_EQUITY":658494794.58,"DEBT_ASSET_RATIO":32.3316708527,"OPERATE_PROFIT":-67231250.18386,"PRETAX_PROFIT":-67709901.08834,"NETCASH_OPERATE":27347421.42608,"NETCASH_INVEST":-15409429.22162,"NETCASH_FINANCE":-34134171.8788,"END_CASH":90163170.84558,"DIVI_RATIO":null,"DIVIDEND_RATE":null,"CURRENT_RATIO":2.588801396161,"COMMON_ACS":50000000000,"CURRENTDEBT_DEBT":77.224397136834,"ISSUED_COMMON_SHARES":253359456,"HK_COMMON_SHARES":253359456,"PER_SHARES":10000,"TOTAL_MARKET_CAP":42817748.064,"HKSK_MARKET_CAP":42817748.064,"PE_TTM":-0.661477304566,"PB_TTM":0.063134117755,"REPORT_DATE_SQ":"2022-12-31 00:00:00","REPORT_TYPE_SQ":"2022年年报","OPERATE_INCOME_SQ":401438523.30834,"DPS_HKD":null,"OPERATE_INCOME_QOQ_SQ":-13.233165799014,"NET_PROFIT_RATIO_SQ":-0.5343115584,"HOLDER_PROFIT_SQ":-1734934.00556,"HOLDER_PROFIT_QOQ_SQ":-110.100810072748,"ROE_AVG_SQ":-0.238648640529,"PE_TTM_SQ":-0.626392479108,"PB_TTM_SQ":0.084964111832,"ROA_SQ":-0.168884674869,"START_DATE":"2023-01-01 00:00:00","FISCAL_YEAR":"12-31","CURRENCY":"HKD","IS_CNY_CODE":0,"DPS_HKD_LY":null,"ORG_TYPE":"一般企业","PREMIUM_INCOME":null,"PREMIUM_INCOME_YOY":null,"NET_INTEREST_INCOME":null,"NET_INTEREST_INCOME_YOY":null,"FEE_COMMISSION_INCOME":null,"FEE_COMMISSION_INCOME_YOY":null,"ACCOUNTS_RECE_TDAYS":4.303805832723,"INVENTORY_TDAYS":1.42342359062,"CURRENT_ASSETS_TDAYS":0.755668064816,"TOTAL_ASSETS_TDAYS":0.496121251354,"PREMIUM_EXPENSE":null,"LOAN_DEPOSIT":null,"LOAN_EQUITY":null,"LOAN_ASSETS":null,"DEPOSIT_EQUITY":null,"DEPOSIT_ASSETS":null,"EQUITY_MULTIPLIER":1.477796204814,"EQUITY_RATIO":0.475273141133},{"SECUCODE":"00055.HK","SECURITY_CODE":"00055","SECURITY_NAME_ABBR":"中星集团控股","ORG_CODE":"10007344","STD_REPORT_DATE":"2023-06-30 00:00:00","REPORT_DATE":"2023-06-30 00:00:00","DATE_TYPE_CODE":"002","REPORT_TYPE":"2023年中报","PER_NETCASH_OPERATE":0.234018065779,"PER_OI":0.67363345507,"BPS":2.61518863918,"BASIC_EPS":-0.20836748,"DILUTED_EPS":null,"OPERATE_INCOME":170671405.72,"OPERATE_INCOME_YOY":-19.5212506956,"GROSS_PROFIT":5990104.06,"GROSS_PROFIT_YOY":-86.524014228276,"HOLDER_PROFIT":-52817468.26,"HOLDER_PROFIT_YOY":-249.7738502967,"GROSS_PROFIT_RATIO":3.509729139881,"EPS_TTM":-0.344421976402,"OPERATE_INCOME_QOQ":-6.485669861834,"NET_PROFIT_RATIO":-30.9782080232,"ROE_AVG":-7.58453656075,"GROSS_PROFIT_QOQ":-45.664855648853,"ROA":-4.99649030288,"HOLDER_PROFIT_QOQ":-4929.73394353369,"ROE_YEARLY":-15.1690731215,"ROIC_YEARLY":-11.448332640065,"TOTAL_ASSETS":1059658351.42,"TOTAL_LIABILITIES":400504424.08,"TAX_EBT":16.762225480092,"OCF_SALES":34.739673930659,"TOTAL_PARENT_EQUITY":662582770.96,"DEBT_ASSET_RATIO":37.7956181389,"OPERATE_PROFIT":-63141800.3,"PRETAX_PROFIT":-63517968.14,"NETCASH_OPERATE":59290689.84,"NETCASH_INVEST":6111805.42,"NETCASH_FINANCE":-33632908.42,"END_CASH":145824044.72,"DIVI_RATIO":null,"DIVIDEND_RATE":null,"CURRENT_RATIO":2.151933924906,"COMMON_ACS":50000000000,"CURRENTDEBT_DEBT":85.45520676986,"ISSUED_COMMON_SHARES":253359456,"HK_COMMON_SHARES":253359456,"PER_SHARES":10000,"TOTAL_MARKET_CAP":42817748.064,"HKSK_MARKET_CAP":42817748.064,"PE_TTM":-0.661477304566,"PB_TTM":0.063134117755,"REPORT_DATE_SQ":"2022-06-30 00:00:00","REPORT_TYPE_SQ":"2022年中报","OPERATE_INCOME_SQ":196707383.04,"DPS_HKD":null,"OPERATE_INCOME_QOQ_SQ":-9.252531869127,"NET_PROFIT_RATIO_SQ":16.6053665832,"HOLDER_PROFIT_SQ":32710162.31,"HOLDER_PROFIT_QOQ_SQ":296.22402630072,"ROE_AVG_SQ":4.537996039374,"PE_TTM_SQ":-0.626392479108,"PB_TTM_SQ":0.084964111832,"ROA_SQ":3.252523207018,"START_DATE":"2023-01-01 00:00:00","FISCAL_YEAR":"12-31","CURRENCY":"HKD","IS_CNY_CODE":0,"DPS_HKD_LY":null,"ORG_TYPE":"一般企业","PREMIUM_INCOME":null,"PREMIUM_INCOME_YOY":null,"NET_INTEREST_INCOME":null,"NET_INTEREST_INCOME_YOY":null,"FEE_COMMISSION_INCOME":null,"FEE_COMMISSION_INCOME_YOY":null,"ACCOUNTS_RECE_TDAYS":null,"INVENTORY_TDAYS":0.482269662981,"CURRENT_ASSETS_TDAYS":0.237234260366,"TOTAL_ASSETS_TDAYS":0.161453786361,"PREMIUM_EXPENSE":null,"LOAN_DEPOSIT":null,"LOAN_EQUITY":null,"LOAN_ASSETS":null,"DEPOSIT_EQUITY":null,"DEPOSIT_ASSETS":null,"EQUITY_MULTIPLIER":1.607603789445,"EQUITY_RATIO":0.604459460212},{"SECUCODE":"00055.HK","SECURITY_CODE":"00055","SECURITY_NAME_ABBR":"中星集团控股","ORG_CODE":"10007344","STD_REPORT_DATE":"2022-12-31 00:00:00","REPORT_DATE":"2022-12-31 00:00:00","DATE_TYPE_CODE":"001","REPORT_TYPE":"2022年年报","PER_NETCASH_OPERATE":-0.67913290102,"PER_OI":1.582713232551,"BPS":2.792265371843,"BASIC_EPS":-0.006878179,"DILUTED_EPS":null,"OPERATE_INCOME":401438523.30834,"OPERATE_INCOME_YOY":-27.9313473154,"GROSS_PROFIT":84222551.5082,"GROSS_PROFIT_YOY":-5.127466576235,"HOLDER_PROFIT":-1734934.00556,"HOLDER_PROFIT_YOY":81.8587786712,"GROSS_PROFIT_RATIO":20.980186658247,"EPS_TTM":-0.006840158203,"OPERATE_INCOME_QOQ":-13.233165799014,"NET_PROFIT_RATIO":-0.5343115584,"ROE_AVG":-0.238648640529,"GROSS_PROFIT_QOQ":-5.036318818325,"ROA":-0.168884674869,"HOLDER_PROFIT_QOQ":-110.100810072748,"ROE_YEARLY":-0.238648640529,"ROIC_YEARLY":-0.192521403456,"TOTAL_ASSETS":1021687040.0947,"TOTAL_LIABILITIES":317664510.35851,"TAX_EBT":52.464009692439,"OCF_SALES":-42.909409427578,"TOTAL_PARENT_EQUITY":707446835.61769,"DEBT_ASSET_RATIO":31.0921542402,"OPERATE_PROFIT":-1885342.80816,"PRETAX_PROFIT":-4512228.3472,"NETCASH_OPERATE":-172254899.5664,"NETCASH_INVEST":131982794.38743,"NETCASH_FINANCE":27091140.79658,"END_CASH":111924061.01597,"DIVI_RATIO":null,"DIVIDEND_RATE":null,"CURRENT_RATIO":2.985126343364,"COMMON_ACS":50000000000,"CURRENTDEBT_DEBT":71.759078282852,"ISSUED_COMMON_SHARES":253359456,"HK_COMMON_SHARES":253359456,"PER_SHARES":10000,"TOTAL_MARKET_CAP":42817748.064,"HKSK_MARKET_CAP":42817748.064,"PE_TTM":-0.661477304566,"PB_TTM":0.063134117755,"REPORT_DATE_SQ":"2021-12-31 00:00:00","REPORT_TYPE_SQ":"2021年年报","OPERATE_INCOME_SQ":509836327.9072,"DPS_HKD":null,"OPERATE_INCOME_QOQ_SQ":4.053593070847,"NET_PROFIT_RATIO_SQ":-1.7856017724,"HOLDER_PROFIT_SQ":-8753355.5984,"HOLDER_PROFIT_QOQ_SQ":57.086650479711,"ROE_AVG_SQ":-1.28300761606,"PE_TTM_SQ":-0.626392479108,"PB_TTM_SQ":0.084964111832,"ROA_SQ":-0.937891977572,"START_DATE":"2022-01-01 00:00:00","FISCAL_YEAR":"12-31","CURRENCY":"HKD","IS_CNY_CODE":0,"DPS_HKD_LY":null,"ORG_TYPE":"一般企业","PREMIUM_INCOME":null,"PREMIUM_INCOME_YOY":null,"NET_INTEREST_INCOME":null,"NET_INTEREST_INCOME_YOY":null,"FEE_COMMISSION_INCOME":null,"FEE_COMMISSION_INCOME_YOY":null,"ACCOUNTS_RECE_TDAYS":3.869780045456,"INVENTORY_TDAYS":1.220096575782,"CURRENT_ASSETS_TDAYS":0.656102979675,"TOTAL_ASSETS_TDAYS":0.390774601637,"PREMIUM_EXPENSE":null,"LOAN_DEPOSIT":null,"LOAN_EQUITY":null,"LOAN_ASSETS":null,"DEPOSIT_EQUITY":null,"DEPOSIT_ASSETS":null,"EQUITY_MULTIPLIER":1.451213557721,"EQUITY_RATIO":0.449029516234},{"SECUCODE":"00055.HK","SECURITY_CODE":"00055","SECURITY_NAME_ABBR":"中星集团控股","ORG_CODE":"10007344","STD_REPORT_DATE":"2022-06-30 00:00:00","REPORT_DATE":"2022-06-30 00:00:00","DATE_TYPE_CODE":"002","REPORT_TYPE":"2022年中报","PER_NETCASH_OPERATE":-0.342862334124,"PER_OI":0.775539366557,"BPS":2.869118654565,"BASIC_EPS":0.12913369,"DILUTED_EPS":null,"OPERATE_INCOME":196707383.04,"OPERATE_INCOME_YOY":-21.5222264302,"GROSS_PROFIT":44450210.63,"GROSS_PROFIT_YOY":-0.191324599909,"HOLDER_PROFIT":32710162.31,"HOLDER_PROFIT_YOY":369.3704749049,"GROSS_PROFIT_RATIO":22.597123678353,"EPS_TTM":0.067718907233,"OPERATE_INCOME_QOQ":-9.252531869127,"NET_PROFIT_RATIO":16.6053665832,"ROE_AVG":4.537996039374,"GROSS_PROFIT_QOQ":-0.095981702453,"ROA":3.252523207018,"HOLDER_PROFIT_QOQ":296.22402630072,"ROE_YEARLY":9.075992078749,"ROIC_YEARLY":7.750891651565,"TOTAL_ASSETS":1022512199.45,"TOTAL_LIABILITIES":298631492.81,"TAX_EBT":6.852822826485,"OCF_SALES":-44.209533249861,"TOTAL_PARENT_EQUITY":726918341.52,"DEBT_ASSET_RATIO":29.2056655139,"OPERATE_PROFIT":36404583.11,"PRETAX_PROFIT":35067065.95,"NETCASH_OPERATE":-86963415.91,"NETCASH_INVEST":142977505.72,"NETCASH_FINANCE":27773150.44,"END_CASH":202053175.73,"DIVI_RATIO":null,"DIVIDEND_RATE":null,"CURRENT_RATIO":3.173356467942,"COMMON_ACS":50000000000,"CURRENTDEBT_DEBT":72.950094358804,"ISSUED_COMMON_SHARES":253359456,"HK_COMMON_SHARES":253359456,"PER_SHARES":10000,"TOTAL_MARKET_CAP":42817748.064,"HKSK_MARKET_CAP":42817748.064,"PE_TTM":-0.661477304566,"PB_TTM":0.063134117755,"REPORT_DATE_SQ":"2021-06-30 00:00:00","REPORT_TYPE_SQ":"2021年中报","OPERATE_INCOME_SQ":243880151.76,"DPS_HKD":null,"OPERATE_INCOME_QOQ_SQ":9.291258152833,"NET_PROFIT_RATIO_SQ":2.7642725787,"HOLDER_PROFIT_SQ":6780619.92,"HOLDER_PROFIT_QOQ_SQ":72.202643120871,"ROE_AVG_SQ":0.969101007587,"PE_TTM_SQ":-0.626392479108,"PB_TTM_SQ":0.084964111832,"ROA_SQ":0.71587532509,"START_DATE":"2022-01-01 00:00:00","FISCAL_YEAR":"12-31","CURRENCY":"HKD","IS_CNY_CODE":0,"DPS_HKD_LY":null,"ORG_TYPE":"一般企业","PREMIUM_INCOME":null,"PREMIUM_INCOME_YOY":null,"NET_INTEREST_INCOME":null,"NET_INTEREST_INCOME_YOY":null,"FEE_COMMISSION_INCOME":null,"FEE_COMMISSION_INCOME_YOY":null,"ACCOUNTS_RECE_TDAYS":null,"INVENTORY_TDAYS":0.698948538414,"CURRENT_ASSETS_TDAYS":0.324760215326,"TOTAL_ASSETS_TDAYS":0.195595277781,"PREMIUM_EXPENSE":null,"LOAN_DEPOSIT":null,"LOAN_EQUITY":null,"LOAN_ASSETS":null,"DEPOSIT_EQUITY":null,"DEPOSIT_ASSETS":null,"EQUITY_MULTIPLIER":1.412542412128,"EQUITY_RATIO":0.410818486414},{"SECUCODE":"00055.HK","SECURITY_CODE":"00055","SECURITY_NAME_ABBR":"中星集团控股","ORG_CODE":"10007344","STD_REPORT_DATE":"2021-12-31 00:00:00","REPORT_DATE":"2021-12-31 00:00:00","DATE_TYPE_CODE":"001","REPORT_TYPE":"2021年年报","PER_NETCASH_OPERATE":-0.12659364022,"PER_OI":2.010082878853,"BPS":2.696879052869,"BASIC_EPS":-0.03450272,"DILUTED_EPS":null,"OPERATE_INCOME":509836327.9072,"OPERATE_INCOME_YOY":17.0652486374,"GROSS_PROFIT":88774430.7744,"GROSS_PROFIT_YOY":-20.72251307542,"HOLDER_PROFIT":-8753355.5984,"HOLDER_PROFIT_YOY":87.7204796934,"GROSS_PROFIT_RATIO":17.412339198897,"EPS_TTM":-0.034511017081,"OPERATE_INCOME_QOQ":4.053593070847,"NET_PROFIT_RATIO":-1.7856017724,"ROE_AVG":-1.28300761606,"GROSS_PROFIT_QOQ":-15.655779356812,"ROA":-0.937891977572,"HOLDER_PROFIT_QOQ":57.086650479711,"ROE_YEARLY":-1.28300761606,"ROIC_YEARLY":-1.119825846133,"TOTAL_ASSETS":945393841.3472,"TOTAL_LIABILITIES":265102994.8896,"TAX_EBT":5.25569550027,"OCF_SALES":-6.297931371466,"TOTAL_PARENT_EQUITY":683279809.7328,"DEBT_ASSET_RATIO":28.0415402867,"OPERATE_PROFIT":-7361519.9616,"PRETAX_PROFIT":-9608647.776,"NETCASH_OPERATE":-32109142.0384,"NETCASH_INVEST":5351870.608,"NETCASH_FINANCE":-23217705.2464,"END_CASH":119107797.9392,"DIVI_RATIO":null,"DIVIDEND_RATE":null,"CURRENT_RATIO":2.276976544038,"COMMON_ACS":50000000000,"CURRENTDEBT_DEBT":82.370983977053,"ISSUED_COMMON_SHARES":253359456,"HK_COMMON_SHARES":253359456,"PER_SHARES":10000,"TOTAL_MARKET_CAP":42817748.064,"HKSK_MARKET_CAP":42817748.064,"PE_TTM":-0.661477304566,"PB_TTM":0.063134117755,"REPORT_DATE_SQ":"2020-12-31 00:00:00","REPORT_TYPE_SQ":"2020年年报","OPERATE_INCOME_SQ":448320161.9718,"DPS_HKD":null,"OPERATE_INCOME_QOQ_SQ":-6.97508166869,"NET_PROFIT_RATIO_SQ":-16.3921974526,"HOLDER_PROFIT_SQ":-73380160.10204,"HOLDER_PROFIT_QOQ_SQ":-7.24149612158,"ROE_AVG_SQ":-10.122476127893,"PE_TTM_SQ":-0.626392479108,"PB_TTM_SQ":0.084964111832,"ROA_SQ":-7.584047842444,"START_DATE":"2021-01-01 00:00:00","FISCAL_YEAR":"12-31","CURRENCY":"HKD","IS_CNY_CODE":0,"DPS_HKD_LY":null,"ORG_TYPE":"一般企业","PREMIUM_INCOME":null,"PREMIUM_INCOME_YOY":null,"NET_INTEREST_INCOME":null,"NET_INTEREST_INCOME_YOY":null,"FEE_COMMISSION_INCOME":null,"FEE_COMMISSION_INCOME_YOY":null,"ACCOUNTS_RECE_TDAYS":null,"INVENTORY_TDAYS":2.716261911689,"CURRENT_ASSETS_TDAYS":1.004742298854,"TOTAL_ASSETS_TDAYS":0.546272108386,"PREMIUM_EXPENSE":null,"LOAN_DEPOSIT":null,"LOAN_EQUITY":null,"LOAN_ASSETS":null,"DEPOSIT_EQUITY":null,"DEPOSIT_ASSETS":null,"EQUITY_MULTIPLIER":1.389690668733,"EQUITY_RATIO":0.387985992142},{"SECUCODE":"00055.HK","SECURITY_CODE":"00055","SECURITY_NAME_ABBR":"中星集团控股","ORG_CODE":"10007344","STD_REPORT_DATE":"2021-06-30 00:00:00","REPORT_DATE":"2021-06-30 00:00:00","DATE_TYPE_CODE":"002","REPORT_TYPE":"2021年中报","PER_NETCASH_OPERATE":-0.114491619159,"PER_OI":0.961522925518,"BPS":2.786840136884,"BASIC_EPS":0.02662656,"DILUTED_EPS":null,"OPERATE_INCOME":243880151.76,"OPERATE_INCOME_YOY":32.3900464793,"GROSS_PROFIT":44535417.84,"GROSS_PROFIT_YOY":-13.122394340032,"HOLDER_PROFIT":6780619.92,"HOLDER_PROFIT_YOY":116.1111111111,"GROSS_PROFIT_RATIO":18.261189981474,"EPS_TTM":-0.080420236282,"OPERATE_INCOME_QOQ":9.291258152833,"NET_PROFIT_RATIO":2.7642725787,"ROE_AVG":0.969101007587,"GROSS_PROFIT_QOQ":-6.007209124668,"ROA":0.71587532509,"HOLDER_PROFIT_QOQ":72.202643120871,"ROE_YEARLY":1.938202015175,"ROIC_YEARLY":1.746663492943,"TOTAL_ASSETS":956834586.48,"TOTAL_LIABILITIES":253359207.12,"TAX_EBT":25.615130370914,"OCF_SALES":-11.907320784587,"TOTAL_PARENT_EQUITY":706072301.04,"DEBT_ASSET_RATIO":26.4788930814,"OPERATE_PROFIT":10318624.08,"PRETAX_PROFIT":9063015.36,"NETCASH_OPERATE":-29039592,"NETCASH_INVEST":-6143246.64,"NETCASH_FINANCE":-1627548.48,"END_CASH":134942574,"DIVI_RATIO":null,"DIVIDEND_RATE":null,"CURRENT_RATIO":2.485831218149,"COMMON_ACS":50000000000,"CURRENTDEBT_DEBT":83.456216809146,"ISSUED_COMMON_SHARES":253359456,"HK_COMMON_SHARES":253359456,"PER_SHARES":10000,"TOTAL_MARKET_CAP":42817748.064,"HKSK_MARKET_CAP":42817748.064,"PE_TTM":-0.661477304566,"PB_TTM":0.063134117755,"REPORT_DATE_SQ":"2020-06-30 00:00:00","REPORT_TYPE_SQ":"2020年中报","OPERATE_INCOME_SQ":202225568.16,"DPS_HKD":null,"OPERATE_INCOME_QOQ_SQ":-4.027690223482,"NET_PROFIT_RATIO_SQ":-22.8760236507,"HOLDER_PROFIT_SQ":-46201795.2,"HOLDER_PROFIT_QOQ_SQ":-148.148008901847,"ROE_AVG_SQ":-5.900052188575,"PE_TTM_SQ":-0.626392479108,"PB_TTM_SQ":0.084964111832,"ROA_SQ":-4.416753152502,"START_DATE":"2021-01-01 00:00:00","FISCAL_YEAR":"12-31","CURRENCY":"HKD","IS_CNY_CODE":0,"DPS_HKD_LY":null,"ORG_TYPE":"一般企业","PREMIUM_INCOME":null,"PREMIUM_INCOME_YOY":null,"NET_INTEREST_INCOME":null,"NET_INTEREST_INCOME_YOY":null,"FEE_COMMISSION_INCOME":null,"FEE_COMMISSION_INCOME_YOY":null,"ACCOUNTS_RECE_TDAYS":1.891120900026,"INVENTORY_TDAYS":1.345012278695,"CURRENT_ASSETS_TDAYS":0.463464152727,"TOTAL_ASSETS_TDAYS":0.257480562226,"PREMIUM_EXPENSE":null,"LOAN_DEPOSIT":null,"LOAN_EQUITY":null,"LOAN_ASSETS":null,"DEPOSIT_EQUITY":null,"DEPOSIT_ASSETS":null,"EQUITY_MULTIPLIER":1.360153623785,"EQUITY_RATIO":0.358828985002},{"SECUCODE":"00055.HK","SECURITY_CODE":"00055","SECURITY_NAME_ABBR":"中星集团控股","ORG_CODE":"10007344","STD_REPORT_DATE":"2020-12-31 00:00:00","REPORT_DATE":"2020-12-31 00:00:00","DATE_TYPE_CODE":"001","REPORT_TYPE":"2020年年报","PER_NETCASH_OPERATE":0.14023653169,"PER_OI":1.767548980912,"BPS":2.767830365787,"BASIC_EPS":-0.289271668,"DILUTED_EPS":null,"OPERATE_INCOME":448320161.9718,"OPERATE_INCOME_YOY":-4.9788595311,"GROSS_PROFIT":111979370.45968,"GROSS_PROFIT_YOY":-17.642772297178,"HOLDER_PROFIT":-73380160.10204,"HOLDER_PROFIT_YOY":-183.2361308617,"GROSS_PROFIT_RATIO":24.977545057794,"EPS_TTM":-0.289308931896,"OPERATE_INCOME_QOQ":-6.97508166869,"NET_PROFIT_RATIO":-16.3921974526,"ROE_AVG":-10.122476127893,"GROSS_PROFIT_QOQ":-17.214877854911,"ROA":-7.584047842444,"HOLDER_PROFIT_QOQ":-7.24149612158,"ROE_YEARLY":-10.122476127893,"ROIC_YEARLY":-9.452986517704,"TOTAL_ASSETS":948294649.1524,"TOTAL_LIABILITIES":249794431.86188,"TAX_EBT":1.268105382416,"OCF_SALES":7.933954487534,"TOTAL_PARENT_EQUITY":701255995.77596,"DEBT_ASSET_RATIO":26.3414363969,"OPERATE_PROFIT":-71365772.19292,"PRETAX_PROFIT":-74433420.38036,"NETCASH_OPERATE":35569517.60928,"NETCASH_INVEST":-26684837.52968,"NETCASH_FINANCE":-22644428.56336,"END_CASH":171245082.99964,"DIVI_RATIO":null,"DIVIDEND_RATE":null,"CURRENT_RATIO":2.604088917332,"COMMON_ACS":50000000000,"CURRENTDEBT_DEBT":81.917323725144,"ISSUED_COMMON_SHARES":253359456,"HK_COMMON_SHARES":253359456,"PER_SHARES":10000,"TOTAL_MARKET_CAP":42817748.064,"HKSK_MARKET_CAP":42817748.064,"PE_TTM":-0.661477304566,"PB_TTM":0.063134117755,"REPORT_DATE_SQ":"2019-12-31 00:00:00","REPORT_TYPE_SQ":"2019年年报","OPERATE_INCOME_SQ":502161052.55766,"DPS_HKD":null,"OPERATE_INCOME_QOQ_SQ":-1.91774093292,"NET_PROFIT_RATIO_SQ":-5.5251685922,"HOLDER_PROFIT_SQ":-27574331.72596,"HOLDER_PROFIT_QOQ_SQ":-42.676000154174,"ROE_AVG_SQ":-3.383667397096,"PE_TTM_SQ":-0.626392479108,"PB_TTM_SQ":0.084964111832,"ROA_SQ":-2.642715851468,"START_DATE":"2020-01-01 00:00:00","FISCAL_YEAR":"12-31","CURRENCY":"HKD","IS_CNY_CODE":0,"DPS_HKD_LY":null,"ORG_TYPE":"一般企业","PREMIUM_INCOME":null,"PREMIUM_INCOME_YOY":null,"NET_INTEREST_INCOME":null,"NET_INTEREST_INCOME_YOY":null,"FEE_COMMISSION_INCOME":null,"FEE_COMMISSION_INCOME_YOY":null,"ACCOUNTS_RECE_TDAYS":3.391482847894,"INVENTORY_TDAYS":3.517377294918,"CURRENT_ASSETS_TDAYS":0.872447146474,"TOTAL_ASSETS_TDAYS":0.463351613351,"PREMIUM_EXPENSE":null,"LOAN_DEPOSIT":null,"LOAN_EQUITY":null,"LOAN_ASSETS":null,"DEPOSIT_EQUITY":null,"DEPOSIT_ASSETS":null,"EQUITY_MULTIPLIER":1.35761539607,"EQUITY_RATIO":0.356210047923},{"SECUCODE":"00055.HK","SECURITY_CODE":"00055","SECURITY_NAME_ABBR":"中星集团控股","ORG_CODE":"10007344","STD_REPORT_DATE":"2020-06-30 00:00:00","REPORT_DATE":"2020-06-30 00:00:00","DATE_TYPE_CODE":"002","REPORT_TYPE":"2020年中报","PER_NETCASH_OPERATE":0.082124784876,"PER_OI":0.797295386724,"BPS":2.974811800038,"BASIC_EPS":-0.18177456,"DILUTED_EPS":null,"OPERATE_INCOME":202225568.16,"OPERATE_INCOME_YOY":-12.4539806946,"GROSS_PROFIT":51262252.8,"GROSS_PROFIT_YOY":-1.352413295139,"HOLDER_PROFIT":-46201795.2,"HOLDER_PROFIT_YOY":-731.4976163077,"GROSS_PROFIT_RATIO":25.34904624891,"EPS_TTM":-0.269773308243,"OPERATE_INCOME_QOQ":-4.027690223482,"NET_PROFIT_RATIO":-22.8760236507,"ROE_AVG":-5.900052188575,"GROSS_PROFIT_QOQ":-0.516873601415,"ROA":-4.416753152502,"HOLDER_PROFIT_QOQ":-148.148008901847,"ROE_YEARLY":-11.800104377149,"ROIC_YEARLY":-10.921992269532,"TOTAL_ASSETS":1021106259.36,"TOTAL_LIABILITIES":270569148.96,"TAX_EBT":-0.374583795782,"OCF_SALES":10.300421430152,"TOTAL_PARENT_EQUITY":753696699.36,"DEBT_ASSET_RATIO":26.4976486511,"OPERATE_PROFIT":-44136507.36,"PRETAX_PROFIT":-46088528.64,"NETCASH_OPERATE":20830085.76,"NETCASH_INVEST":-24777973.44,"NETCASH_FINANCE":-9460498.08,"END_CASH":172823761.44,"DIVI_RATIO":null,"DIVIDEND_RATE":null,"CURRENT_RATIO":2.460441354741,"COMMON_ACS":50000000000,"CURRENTDEBT_DEBT":81.87664790739,"ISSUED_COMMON_SHARES":253359456,"HK_COMMON_SHARES":253359456,"PER_SHARES":10000,"TOTAL_MARKET_CAP":42817748.064,"HKSK_MARKET_CAP":42817748.064,"PE_TTM":-0.661477304566,"PB_TTM":0.063134117755,"REPORT_DATE_SQ":"2019-06-30 00:00:00","REPORT_TYPE_SQ":"2019年中报","OPERATE_INCOME_SQ":222451059.78,"DPS_HKD":null,"OPERATE_INCOME_QOQ_SQ":-1.401874520707,"NET_PROFIT_RATIO_SQ":-2.4485631695,"HOLDER_PROFIT_SQ":-5350971.78,"HOLDER_PROFIT_QOQ_SQ":41.836159974259,"ROE_AVG_SQ":-0.656559998883,"PE_TTM_SQ":-0.626392479108,"PB_TTM_SQ":0.084964111832,"ROA_SQ":-0.517213872482,"START_DATE":"2020-01-01 00:00:00","FISCAL_YEAR":"12-31","CURRENCY":"HKD","IS_CNY_CODE":0,"DPS_HKD_LY":null,"ORG_TYPE":"一般企业","PREMIUM_INCOME":null,"PREMIUM_INCOME_YOY":null,"NET_INTEREST_INCOME":null,"NET_INTEREST_INCOME_YOY":null,"FEE_COMMISSION_INCOME":null,"FEE_COMMISSION_INCOME_YOY":null,"ACCOUNTS_RECE_TDAYS":1.472553958531,"INVENTORY_TDAYS":1.537989618019,"CURRENT_ASSETS_TDAYS":0.373746139787,"TOTAL_ASSETS_TDAYS":0.19332158238,"PREMIUM_EXPENSE":null,"LOAN_DEPOSIT":null,"LOAN_EQUITY":null,"LOAN_ASSETS":null,"DEPOSIT_EQUITY":null,"DEPOSIT_ASSETS":null,"EQUITY_MULTIPLIER":1.360500693717,"EQUITY_RATIO":0.358989430615}],"count":47},"success":true,"message":"ok","code":0}