{"version":"2040abb82c98e14d501f639a7dfc0cf8","result":{"pages":6,"data":[{"SECUCODE":"00050.HK","SECURITY_CODE":"00050","SECURITY_NAME_ABBR":"香港小轮(集团)","ORG_CODE":"10007339","STD_REPORT_DATE":"2024-06-30 00:00:00","REPORT_DATE":"2024-06-30 00:00:00","DATE_TYPE_CODE":"002","REPORT_TYPE":"2024年中报","PER_NETCASH_OPERATE":-0.021124083575,"PER_OI":0.539868147562,"BPS":17.97571388459,"BASIC_EPS":0.22817,"DILUTED_EPS":0.22817,"OPERATE_INCOME":192340921.24,"OPERATE_INCOME_YOY":23.0479538037,"GROSS_PROFIT":72974242.08,"GROSS_PROFIT_YOY":21.603805449872,"HOLDER_PROFIT":81772477.28,"HOLDER_PROFIT_YOY":-0.4787452653,"GROSS_PROFIT_RATIO":37.940050203328,"EPS_TTM":0.480830441001,"OPERATE_INCOME_QOQ":10.143419976518,"NET_PROFIT_RATIO":41.5102755489,"ROE_AVG":1.281079449131,"GROSS_PROFIT_QOQ":10.182950428819,"ROA":1.226092523211,"HOLDER_PROFIT_QOQ":-0.71324379333,"ROE_YEARLY":2.562158898263,"ROIC_YEARLY":3.275040971824,"TOTAL_ASSETS":6685940472.84,"TOTAL_LIABILITIES":289012899.52,"TAX_EBT":8.509992992878,"OCF_SALES":-3.912822727208,"TOTAL_PARENT_EQUITY":6404277385.36,"DEBT_ASSET_RATIO":4.3226962713,"OPERATE_PROFIT":66110888.48,"PRETAX_PROFIT":87267723.56,"NETCASH_OPERATE":-7525959.28,"NETCASH_INVEST":49392416.24,"NETCASH_FINANCE":-52419775.8,"END_CASH":81678471.24,"DIVI_RATIO":0.472517920303,"DIVIDEND_RATE":6.053268765133,"CURRENT_RATIO":16.919618079225,"COMMON_ACS":null,"CURRENTDEBT_DEBT":71.803867822045,"ISSUED_COMMON_SHARES":356273883,"HK_COMMON_SHARES":356273883,"PER_SHARES":1000,"TOTAL_MARKET_CAP":1471411136.79,"HKSK_MARKET_CAP":1471411136.79,"PE_TTM":7.745818304661,"PB_TTM":0.209692278382,"REPORT_DATE_SQ":"2023-06-30 00:00:00","REPORT_TYPE_SQ":"2023年中报","OPERATE_INCOME_SQ":157906592.62,"DPS_HKD":0.25,"OPERATE_INCOME_QOQ_SQ":15.589789703659,"NET_PROFIT_RATIO_SQ":51.3759057389,"HOLDER_PROFIT_SQ":83003093.46,"HOLDER_PROFIT_QOQ_SQ":2.357070617297,"ROE_AVG_SQ":1.274364739221,"PE_TTM_SQ":1.216199768263,"PB_TTM_SQ":0.233025034662,"ROA_SQ":1.214089326804,"START_DATE":"2024-01-01 00:00:00","FISCAL_YEAR":"12-31","CURRENCY":"HKD","IS_CNY_CODE":0,"DPS_HKD_LY":0.25,"ORG_TYPE":"一般企业","PREMIUM_INCOME":null,"PREMIUM_INCOME_YOY":null,"NET_INTEREST_INCOME":null,"NET_INTEREST_INCOME_YOY":null,"FEE_COMMISSION_INCOME":null,"FEE_COMMISSION_INCOME_YOY":null,"ACCOUNTS_RECE_TDAYS":1.213426149842,"INVENTORY_TDAYS":0.072555287299,"CURRENT_ASSETS_TDAYS":0.05517299698,"TOTAL_ASSETS_TDAYS":0.028839503618,"PREMIUM_EXPENSE":null,"LOAN_DEPOSIT":null,"LOAN_EQUITY":null,"LOAN_ASSETS":null,"DEPOSIT_EQUITY":null,"DEPOSIT_ASSETS":null,"EQUITY_MULTIPLIER":1.045179954941,"EQUITY_RATIO":0.045128104567},{"SECUCODE":"00050.HK","SECURITY_CODE":"00050","SECURITY_NAME_ABBR":"香港小轮(集团)","ORG_CODE":"10007339","STD_REPORT_DATE":"2023-12-31 00:00:00","REPORT_DATE":"2023-12-31 00:00:00","DATE_TYPE_CODE":"001","REPORT_TYPE":"2023年年报","PER_NETCASH_OPERATE":0.06263627104,"PER_OI":0.952847119305,"BPS":17.730393919837,"BASIC_EPS":0.4802966,"DILUTED_EPS":0.4802966,"OPERATE_INCOME":339474543.1,"OPERATE_INCOME_YOY":33.4862025713,"GROSS_PROFIT":127314847.8,"GROSS_PROFIT_YOY":41.314248922522,"HOLDER_PROFIT":172537944.46,"HOLDER_PROFIT_YOY":-85.3446444406,"GROSS_PROFIT_RATIO":37.503503690554,"EPS_TTM":0.484284570643,"OPERATE_INCOME_QOQ":17.156880351803,"NET_PROFIT_RATIO":49.616529411,"ROE_AVG":2.683701846114,"GROSS_PROFIT_QOQ":28.190457127159,"ROA":2.568731612454,"HOLDER_PROFIT_QOQ":-85.474556370314,"ROE_YEARLY":2.683701846114,"ROIC_YEARLY":3.451753311308,"TOTAL_ASSETS":6605683165.62,"TOTAL_LIABILITIES":294187104.82,"TAX_EBT":10.051491511644,"OCF_SALES":6.573590849028,"TOTAL_PARENT_EQUITY":6316876288.94,"DEBT_ASSET_RATIO":4.4535454917,"OPERATE_PROFIT":157976801.5,"PRETAX_PROFIT":187257675.92,"NETCASH_OPERATE":22315667.5,"NETCASH_INVEST":338085307.84,"NETCASH_FINANCE":-405583292.1,"END_CASH":91578968.32,"DIVI_RATIO":0.469147715564,"DIVIDEND_RATE":5.854800936768,"CURRENT_RATIO":15.753267200053,"COMMON_ACS":null,"CURRENTDEBT_DEBT":74.15373146742,"ISSUED_COMMON_SHARES":356273883,"HK_COMMON_SHARES":356273883,"PER_SHARES":1000,"TOTAL_MARKET_CAP":1521289480.41,"HKSK_MARKET_CAP":1521289480.41,"PE_TTM":8.008388416683,"PB_TTM":0.216800491208,"REPORT_DATE_SQ":"2022-12-31 00:00:00","REPORT_TYPE_SQ":"2022年年报","OPERATE_INCOME_SQ":250680146.64,"DPS_HKD":0.25,"OPERATE_INCOME_QOQ_SQ":12.219402640451,"NET_PROFIT_RATIO_SQ":462.9322386613,"HOLDER_PROFIT_SQ":1160479214.72,"HOLDER_PROFIT_QOQ_SQ":1112.39475453114,"ROE_AVG_SQ":19.649975137594,"PE_TTM_SQ":1.232344012975,"PB_TTM_SQ":0.236118287334,"ROA_SQ":18.822805317154,"START_DATE":"2023-01-01 00:00:00","FISCAL_YEAR":"12-31","CURRENCY":"HKD","IS_CNY_CODE":0,"DPS_HKD_LY":1.1,"ORG_TYPE":"一般企业","PREMIUM_INCOME":null,"PREMIUM_INCOME_YOY":null,"NET_INTEREST_INCOME":null,"NET_INTEREST_INCOME_YOY":null,"FEE_COMMISSION_INCOME":null,"FEE_COMMISSION_INCOME_YOY":null,"ACCOUNTS_RECE_TDAYS":1.842871022888,"INVENTORY_TDAYS":0.134033821763,"CURRENT_ASSETS_TDAYS":0.097308391269,"TOTAL_ASSETS_TDAYS":0.050540708203,"PREMIUM_EXPENSE":null,"LOAN_DEPOSIT":null,"LOAN_EQUITY":null,"LOAN_ASSETS":null,"DEPOSIT_EQUITY":null,"DEPOSIT_ASSETS":null,"EQUITY_MULTIPLIER":1.04661131085,"EQUITY_RATIO":0.04657161093},{"SECUCODE":"00050.HK","SECURITY_CODE":"00050","SECURITY_NAME_ABBR":"香港小轮(集团)","ORG_CODE":"10007339","STD_REPORT_DATE":"2023-06-30 00:00:00","REPORT_DATE":"2023-06-30 00:00:00","DATE_TYPE_CODE":"002","REPORT_TYPE":"2023年中报","PER_NETCASH_OPERATE":0.1909179363,"PER_OI":0.443216862517,"BPS":17.883699088603,"BASIC_EPS":0.230495,"DILUTED_EPS":0.230495,"OPERATE_INCOME":157906592.62,"OPERATE_INCOME_YOY":23.2621071344,"GROSS_PROFIT":60009834.24,"GROSS_PROFIT_YOY":18.161430301607,"HOLDER_PROFIT":83003093.46,"HOLDER_PROFIT_YOY":38.3477018118,"GROSS_PROFIT_RATIO":38.003374808051,"EPS_TTM":3.334043234682,"OPERATE_INCOME_QOQ":15.589789703659,"NET_PROFIT_RATIO":51.3759057389,"ROE_AVG":1.274364739221,"GROSS_PROFIT_QOQ":10.23772914886,"ROA":1.214089326804,"HOLDER_PROFIT_QOQ":2.357070617297,"ROE_YEARLY":2.548729478441,"ROIC_YEARLY":3.25659921469,"TOTAL_ASSETS":6726539272.92,"TOTAL_LIABILITIES":358221499.3,"TAX_EBT":12.993048620107,"OCF_SALES":43.075512789822,"TOTAL_PARENT_EQUITY":6371494916.7,"DEBT_ASSET_RATIO":5.3254948015,"OPERATE_PROFIT":77340292.3,"PRETAX_PROFIT":93240759.38,"NETCASH_OPERATE":68019074.5,"NETCASH_INVEST":283389914.58,"NETCASH_FINANCE":-376260038,"END_CASH":114288640.8,"DIVI_RATIO":0.068145786964,"DIVIDEND_RATE":5.854800936768,"CURRENT_RATIO":12.480047696866,"COMMON_ACS":null,"CURRENTDEBT_DEBT":77.487999794098,"ISSUED_COMMON_SHARES":356273883,"HK_COMMON_SHARES":356273883,"PER_SHARES":1000,"TOTAL_MARKET_CAP":1521289480.41,"HKSK_MARKET_CAP":1521289480.41,"PE_TTM":8.008388416683,"PB_TTM":0.216800491208,"REPORT_DATE_SQ":"2022-06-30 00:00:00","REPORT_TYPE_SQ":"2022年中报","OPERATE_INCOME_SQ":118826084.93,"DPS_HKD":0.25,"OPERATE_INCOME_QOQ_SQ":11.884720284785,"NET_PROFIT_RATIO_SQ":46.8329650874,"HOLDER_PROFIT_SQ":55649778.87,"HOLDER_PROFIT_QOQ_SQ":-0.995494707518,"ROE_AVG_SQ":1.082288018042,"PE_TTM_SQ":1.232344012975,"PB_TTM_SQ":0.236118287334,"ROA_SQ":1.032138603781,"START_DATE":"2023-01-01 00:00:00","FISCAL_YEAR":"12-31","CURRENCY":"HKD","IS_CNY_CODE":0,"DPS_HKD_LY":1.1,"ORG_TYPE":"一般企业","PREMIUM_INCOME":null,"PREMIUM_INCOME_YOY":null,"NET_INTEREST_INCOME":null,"NET_INTEREST_INCOME_YOY":null,"FEE_COMMISSION_INCOME":null,"FEE_COMMISSION_INCOME_YOY":null,"ACCOUNTS_RECE_TDAYS":0.86678543051,"INVENTORY_TDAYS":0.060817482828,"CURRENT_ASSETS_TDAYS":0.044691744674,"TOTAL_ASSETS_TDAYS":0.023097055874,"PREMIUM_EXPENSE":null,"LOAN_DEPOSIT":null,"LOAN_EQUITY":null,"LOAN_ASSETS":null,"DEPOSIT_EQUITY":null,"DEPOSIT_ASSETS":null,"EQUITY_MULTIPLIER":1.056250569151,"EQUITY_RATIO":0.05622251983},{"SECUCODE":"00050.HK","SECURITY_CODE":"00050","SECURITY_NAME_ABBR":"香港小轮(集团)","ORG_CODE":"10007339","STD_REPORT_DATE":"2022-12-31 00:00:00","REPORT_DATE":"2022-12-31 00:00:00","DATE_TYPE_CODE":"001","REPORT_TYPE":"2022年年报","PER_NETCASH_OPERATE":-0.707194254062,"PER_OI":0.703616399072,"BPS":18.098021600955,"BASIC_EPS":3.2604355,"DILUTED_EPS":3.2604355,"OPERATE_INCOME":250680146.64,"OPERATE_INCOME_YOY":14.9203307166,"GROSS_PROFIT":90093425.66,"GROSS_PROFIT_YOY":38.476338123335,"HOLDER_PROFIT":1160479214.72,"HOLDER_PROFIT_YOY":998.644385999,"GROSS_PROFIT_RATIO":35.939593488982,"EPS_TTM":3.257267147814,"OPERATE_INCOME_QOQ":12.219402640451,"NET_PROFIT_RATIO":462.9322386613,"ROE_AVG":19.649975137594,"GROSS_PROFIT_QOQ":6.170034214429,"ROA":18.822805317154,"HOLDER_PROFIT_QOQ":1112.39475453114,"ROE_YEARLY":19.649975137594,"ROIC_YEARLY":25.603546833524,"TOTAL_ASSETS":6730450900.67,"TOTAL_LIABILITIES":282598470.28,"TAX_EBT":4.187645703977,"OCF_SALES":-100.508495111035,"TOTAL_PARENT_EQUITY":6447852430.39,"DEBT_ASSET_RATIO":4.1988044256,"OPERATE_PROFIT":157523698.15,"PRETAX_PROFIT":1211199978.59,"NETCASH_OPERATE":-251954842.93,"NETCASH_INVEST":-502286614.27,"NETCASH_FINANCE":-83716371.13,"END_CASH":134806948.78,"DIVI_RATIO":0.069752031286,"DIVIDEND_RATE":5.854800936768,"CURRENT_RATIO":16.918824940567,"COMMON_ACS":null,"CURRENTDEBT_DEBT":72.995979314966,"ISSUED_COMMON_SHARES":356273883,"HK_COMMON_SHARES":356273883,"PER_SHARES":1000,"TOTAL_MARKET_CAP":1521289480.41,"HKSK_MARKET_CAP":1521289480.41,"PE_TTM":8.008388416683,"PB_TTM":0.216800491208,"REPORT_DATE_SQ":"2021-12-31 00:00:00","REPORT_TYPE_SQ":"2021年年报","OPERATE_INCOME_SQ":199655467.2,"DPS_HKD":0.25,"OPERATE_INCOME_QOQ_SQ":14.555795919796,"NET_PROFIT_RATIO_SQ":48.4236088076,"HOLDER_PROFIT_SQ":96680382.4,"HOLDER_PROFIT_QOQ_SQ":54.941408987291,"ROE_AVG_SQ":1.974631819895,"PE_TTM_SQ":1.232344012975,"PB_TTM_SQ":0.236118287334,"ROA_SQ":1.893734568235,"START_DATE":"2022-01-01 00:00:00","FISCAL_YEAR":"12-31","CURRENCY":"HKD","IS_CNY_CODE":0,"DPS_HKD_LY":0.25,"ORG_TYPE":"一般企业","PREMIUM_INCOME":null,"PREMIUM_INCOME_YOY":null,"NET_INTEREST_INCOME":null,"NET_INTEREST_INCOME_YOY":null,"FEE_COMMISSION_INCOME":null,"FEE_COMMISSION_INCOME_YOY":null,"ACCOUNTS_RECE_TDAYS":1.501661485116,"INVENTORY_TDAYS":0.118611034137,"CURRENT_ASSETS_TDAYS":0.078069070731,"TOTAL_ASSETS_TDAYS":0.040659957862,"PREMIUM_EXPENSE":null,"LOAN_DEPOSIT":null,"LOAN_EQUITY":null,"LOAN_ASSETS":null,"DEPOSIT_EQUITY":null,"DEPOSIT_ASSETS":null,"EQUITY_MULTIPLIER":1.043828309244,"EQUITY_RATIO":0.043828309244},{"SECUCODE":"00050.HK","SECURITY_CODE":"00050","SECURITY_NAME_ABBR":"香港小轮(集团)","ORG_CODE":"10007339","STD_REPORT_DATE":"2022-06-30 00:00:00","REPORT_DATE":"2022-06-30 00:00:00","DATE_TYPE_CODE":"002","REPORT_TYPE":"2022年中报","PER_NETCASH_OPERATE":-0.188138789309,"PER_OI":0.333524545581,"BPS":14.451590931744,"BASIC_EPS":0.1539342,"DILUTED_EPS":0.1539342,"OPERATE_INCOME":118826084.93,"OPERATE_INCOME_YOY":21.575129715,"GROSS_PROFIT":50786313.34,"GROSS_PROFIT_YOY":63.884147918553,"HOLDER_PROFIT":55649778.87,"HOLDER_PROFIT_YOY":-4.3564531064,"GROSS_PROFIT_RATIO":42.740037568281,"EPS_TTM":0.268663909642,"OPERATE_INCOME_QOQ":11.884720284785,"NET_PROFIT_RATIO":46.8329650874,"ROE_AVG":1.082288018042,"GROSS_PROFIT_QOQ":30.428834414481,"ROA":1.032138603781,"HOLDER_PROFIT_QOQ":-0.995494707518,"ROE_YEARLY":2.164576036085,"ROIC_YEARLY":2.773624080869,"TOTAL_ASSETS":5422009788.37,"TOTAL_LIABILITIES":273285371.59,"TAX_EBT":15.659386948351,"OCF_SALES":-56.409278357935,"TOTAL_PARENT_EQUITY":5148724416.78,"DEBT_ASSET_RATIO":5.0402965368,"OPERATE_PROFIT":65649515.54,"PRETAX_PROFIT":65982184.45,"NETCASH_OPERATE":-67028937.01,"NETCASH_INVEST":-535421631.15,"NETCASH_FINANCE":-46787444.9,"END_CASH":282057910.61,"DIVI_RATIO":0.845669968486,"DIVIDEND_RATE":5.854800936768,"CURRENT_RATIO":14.269929082451,"COMMON_ACS":null,"CURRENTDEBT_DEBT":70.02763165718,"ISSUED_COMMON_SHARES":356273883,"HK_COMMON_SHARES":356273883,"PER_SHARES":1000,"TOTAL_MARKET_CAP":1521289480.41,"HKSK_MARKET_CAP":1521289480.41,"PE_TTM":8.008388416683,"PB_TTM":0.216800491208,"REPORT_DATE_SQ":"2021-06-30 00:00:00","REPORT_TYPE_SQ":"2021年中报","OPERATE_INCOME_SQ":95097591.12,"DPS_HKD":0.25,"OPERATE_INCOME_QOQ_SQ":-0.570984216889,"NET_PROFIT_RATIO_SQ":59.5306634934,"HOLDER_PROFIT_SQ":56612226.96,"HOLDER_PROFIT_QOQ_SQ":178.842405565979,"ROE_AVG_SQ":1.137744758016,"PE_TTM_SQ":1.232344012975,"PB_TTM_SQ":0.236118287334,"ROA_SQ":1.092106661342,"START_DATE":"2022-01-01 00:00:00","FISCAL_YEAR":"12-31","CURRENCY":"HKD","IS_CNY_CODE":0,"DPS_HKD_LY":0.25,"ORG_TYPE":"一般企业","PREMIUM_INCOME":null,"PREMIUM_INCOME_YOY":null,"NET_INTEREST_INCOME":null,"NET_INTEREST_INCOME_YOY":null,"FEE_COMMISSION_INCOME":null,"FEE_COMMISSION_INCOME_YOY":null,"ACCOUNTS_RECE_TDAYS":0.932777481279,"INVENTORY_TDAYS":0.056825368823,"CURRENT_ASSETS_TDAYS":0.042914347044,"TOTAL_ASSETS_TDAYS":0.022038719988,"PREMIUM_EXPENSE":null,"LOAN_DEPOSIT":null,"LOAN_EQUITY":null,"LOAN_ASSETS":null,"DEPOSIT_EQUITY":null,"DEPOSIT_ASSETS":null,"EQUITY_MULTIPLIER":1.053078267444,"EQUITY_RATIO":0.053078267444},{"SECUCODE":"00050.HK","SECURITY_CODE":"00050","SECURITY_NAME_ABBR":"香港小轮(集团)","ORG_CODE":"10007339","STD_REPORT_DATE":"2021-12-31 00:00:00","REPORT_DATE":"2021-12-31 00:00:00","DATE_TYPE_CODE":"001","REPORT_TYPE":"2021年年报","PER_NETCASH_OPERATE":0.057816795962,"PER_OI":0.56039883002,"BPS":13.779550371364,"BASIC_EPS":0.269808,"DILUTED_EPS":0.269808,"OPERATE_INCOME":199655467.2,"OPERATE_INCOME_YOY":17.2507670369,"GROSS_PROFIT":65060520,"GROSS_PROFIT_YOY":30.538141945837,"HOLDER_PROFIT":96680382.4,"HOLDER_PROFIT_YOY":344.7457499624,"GROSS_PROFIT_RATIO":32.586395410263,"EPS_TTM":0.271365337212,"OPERATE_INCOME_QOQ":14.555795919796,"NET_PROFIT_RATIO":48.4236088076,"ROE_AVG":1.974631819895,"GROSS_PROFIT_QOQ":45.444908959887,"ROA":1.893734568235,"HOLDER_PROFIT_QOQ":54.941408987291,"ROE_YEARLY":1.974631819895,"ROIC_YEARLY":2.347533599793,"TOTAL_ASSETS":5125722448,"TOTAL_LIABILITIES":216428531.2,"TAX_EBT":14.685107825949,"OCF_SALES":10.317080062409,"TOTAL_PARENT_EQUITY":4909293916.8,"DEBT_ASSET_RATIO":4.2224005181,"OPERATE_PROFIT":138947032,"PRETAX_PROFIT":113321812.8,"NETCASH_OPERATE":20598614.4,"NETCASH_INVEST":608435027.2,"NETCASH_FINANCE":-74630528,"END_CASH":890360676.8,"DIVI_RATIO":0.837251368707,"DIVIDEND_RATE":5.854800936768,"CURRENT_RATIO":17.750124383491,"COMMON_ACS":null,"CURRENTDEBT_DEBT":69.854030040195,"ISSUED_COMMON_SHARES":356273883,"HK_COMMON_SHARES":356273883,"PER_SHARES":1000,"TOTAL_MARKET_CAP":1521289480.41,"HKSK_MARKET_CAP":1521289480.41,"PE_TTM":8.008388416683,"PB_TTM":0.216800491208,"REPORT_DATE_SQ":"2020-12-31 00:00:00","REPORT_TYPE_SQ":"2020年年报","OPERATE_INCOME_SQ":175287521.16,"DPS_HKD":0.25,"OPERATE_INCOME_QOQ_SQ":-18.026129643988,"NET_PROFIT_RATIO_SQ":12.7661821971,"HOLDER_PROFIT_SQ":22377524.32,"HOLDER_PROFIT_QOQ_SQ":-64.317597283432,"ROE_AVG_SQ":0.439261136599,"PE_TTM_SQ":1.232344012975,"PB_TTM_SQ":0.236118287334,"ROA_SQ":0.422087153345,"START_DATE":"2021-01-01 00:00:00","FISCAL_YEAR":"12-31","CURRENCY":"HKD","IS_CNY_CODE":0,"DPS_HKD_LY":0.25,"ORG_TYPE":"一般企业","PREMIUM_INCOME":null,"PREMIUM_INCOME_YOY":null,"NET_INTEREST_INCOME":null,"NET_INTEREST_INCOME_YOY":null,"FEE_COMMISSION_INCOME":null,"FEE_COMMISSION_INCOME_YOY":null,"ACCOUNTS_RECE_TDAYS":1.219600753145,"INVENTORY_TDAYS":0.128046582193,"CURRENT_ASSETS_TDAYS":0.088111145529,"TOTAL_ASSETS_TDAYS":0.039107671131,"PREMIUM_EXPENSE":null,"LOAN_DEPOSIT":null,"LOAN_EQUITY":null,"LOAN_ASSETS":null,"DEPOSIT_EQUITY":null,"DEPOSIT_ASSETS":null,"EQUITY_MULTIPLIER":1.044085470308,"EQUITY_RATIO":0.044085470308},{"SECUCODE":"00050.HK","SECURITY_CODE":"00050","SECURITY_NAME_ABBR":"香港小轮(集团)","ORG_CODE":"10007339","STD_REPORT_DATE":"2021-06-30 00:00:00","REPORT_DATE":"2021-06-30 00:00:00","DATE_TYPE_CODE":"002","REPORT_TYPE":"2021年中报","PER_NETCASH_OPERATE":0.027232006787,"PER_OI":0.266922712154,"BPS":13.984263736559,"BASIC_EPS":0.1580952,"DILUTED_EPS":0.1580952,"OPERATE_INCOME":95097591.12,"OPERATE_INCOME_YOY":8.6345706003,"GROSS_PROFIT":30989155.44,"GROSS_PROFIT_YOY":-14.151095450574,"HOLDER_PROFIT":56612226.96,"HOLDER_PROFIT_YOY":274.5705791676,"GROSS_PROFIT_RATIO":32.586688132716,"EPS_TTM":0.175140615401,"OPERATE_INCOME_QOQ":-0.570984216889,"NET_PROFIT_RATIO":59.5306634934,"ROE_AVG":1.137744758016,"GROSS_PROFIT_QOQ":-10.24908133303,"ROA":1.092106661342,"HOLDER_PROFIT_QOQ":178.842405565979,"ROE_YEARLY":2.275489516032,"ROIC_YEARLY":2.538881840793,"TOTAL_ASSETS":5192642668.56,"TOTAL_LIABILITIES":210414726.24,"TAX_EBT":11.387079968742,"OCF_SALES":10.202206686558,"TOTAL_PARENT_EQUITY":4982227942.32,"DEBT_ASSET_RATIO":4.0521703431,"OPERATE_PROFIT":84488571.12,"PRETAX_PROFIT":63887102.4,"NETCASH_OPERATE":9702052.8,"NETCASH_INVEST":267941409.12,"NETCASH_FINANCE":-45394124.4,"END_CASH":574156834.08,"DIVI_RATIO":1.297249067439,"DIVIDEND_RATE":5.854800936768,"CURRENT_RATIO":14.826043240697,"COMMON_ACS":null,"CURRENTDEBT_DEBT":68.827260576246,"ISSUED_COMMON_SHARES":356273883,"HK_COMMON_SHARES":356273883,"PER_SHARES":1000,"TOTAL_MARKET_CAP":1521289480.41,"HKSK_MARKET_CAP":1521289480.41,"PE_TTM":8.008388416683,"PB_TTM":0.216800491208,"REPORT_DATE_SQ":"2020-06-30 00:00:00","REPORT_TYPE_SQ":"2020年中报","OPERATE_INCOME_SQ":96098455.2,"DPS_HKD":0.25,"OPERATE_INCOME_QOQ_SQ":-20.122079549694,"NET_PROFIT_RATIO_SQ":17.2653390999,"HOLDER_PROFIT_SQ":16591724.16,"HOLDER_PROFIT_QOQ_SQ":-48.679453237448,"ROE_AVG_SQ":0.299066996259,"PE_TTM_SQ":1.232344012975,"PB_TTM_SQ":0.236118287334,"ROA_SQ":0.288155064356,"START_DATE":"2021-01-01 00:00:00","FISCAL_YEAR":"12-31","CURRENCY":"HKD","IS_CNY_CODE":0,"DPS_HKD_LY":0.25,"ORG_TYPE":"一般企业","PREMIUM_INCOME":null,"PREMIUM_INCOME_YOY":null,"NET_INTEREST_INCOME":null,"NET_INTEREST_INCOME_YOY":null,"FEE_COMMISSION_INCOME":null,"FEE_COMMISSION_INCOME_YOY":null,"ACCOUNTS_RECE_TDAYS":0.430307400079,"INVENTORY_TDAYS":0.061333054182,"CURRENT_ASSETS_TDAYS":0.04721536783,"TOTAL_ASSETS_TDAYS":0.018345279512,"PREMIUM_EXPENSE":null,"LOAN_DEPOSIT":null,"LOAN_EQUITY":null,"LOAN_ASSETS":null,"DEPOSIT_EQUITY":null,"DEPOSIT_ASSETS":null,"EQUITY_MULTIPLIER":1.04223305892,"EQUITY_RATIO":0.04223305892},{"SECUCODE":"00050.HK","SECURITY_CODE":"00050","SECURITY_NAME_ABBR":"香港小轮(集团)","ORG_CODE":"10007339","STD_REPORT_DATE":"2020-12-31 00:00:00","REPORT_DATE":"2020-12-31 00:00:00","DATE_TYPE_CODE":"001","REPORT_TYPE":"2020年年报","PER_NETCASH_OPERATE":0.049491020368,"PER_OI":0.492002163291,"BPS":14.108595344554,"BASIC_EPS":0.0589148,"DILUTED_EPS":0.0589148,"OPERATE_INCOME":175287521.16,"OPERATE_INCOME_YOY":-30.308921652,"GROSS_PROFIT":49840237.52,"GROSS_PROFIT_YOY":-54.427194783411,"HOLDER_PROFIT":22377524.32,"HOLDER_PROFIT_YOY":-80.5096176402,"GROSS_PROFIT_RATIO":28.43342024017,"EPS_TTM":0.062809892579,"OPERATE_INCOME_QOQ":-18.026129643988,"NET_PROFIT_RATIO":12.7661821971,"ROE_AVG":0.439261136599,"GROSS_PROFIT_QOQ":-36.330748160435,"ROA":0.422087153345,"HOLDER_PROFIT_QOQ":-64.317597283432,"ROE_YEARLY":0.439261136599,"ROIC_YEARLY":0.48818894168,"TOTAL_ASSETS":5234340112.6,"TOTAL_LIABILITIES":207816065.52,"TAX_EBT":32.943253467844,"OCF_SALES":10.059106252011,"TOTAL_PARENT_EQUITY":5026524047.08,"DEBT_ASSET_RATIO":3.970243833,"OPERATE_PROFIT":46020033.56,"PRETAX_PROFIT":33371026,"NETCASH_OPERATE":17632358,"NETCASH_INVEST":-95598521.04,"NETCASH_FINANCE":-115812188.92,"END_CASH":345835767.48,"DIVI_RATIO":3.61728050583,"DIVIDEND_RATE":5.854800936768,"CURRENT_RATIO":13.249873990458,"COMMON_ACS":null,"CURRENTDEBT_DEBT":69.100673097952,"ISSUED_COMMON_SHARES":356273883,"HK_COMMON_SHARES":356273883,"PER_SHARES":1000,"TOTAL_MARKET_CAP":1521289480.41,"HKSK_MARKET_CAP":1521289480.41,"PE_TTM":8.008388416683,"PB_TTM":0.216800491208,"REPORT_DATE_SQ":"2019-12-31 00:00:00","REPORT_TYPE_SQ":"2019年年报","OPERATE_INCOME_SQ":267700269.88,"DPS_HKD":0.25,"OPERATE_INCOME_QOQ_SQ":-17.432858001337,"NET_PROFIT_RATIO_SQ":45.647591067,"HOLDER_PROFIT_SQ":122198724.48,"HOLDER_PROFIT_QOQ_SQ":-17.418389349717,"ROE_AVG_SQ":2.224723927671,"PE_TTM_SQ":1.232344012975,"PB_TTM_SQ":0.236118287334,"ROA_SQ":2.139258992087,"START_DATE":"2020-01-01 00:00:00","FISCAL_YEAR":"12-31","CURRENCY":"HKD","IS_CNY_CODE":0,"DPS_HKD_LY":0.38,"ORG_TYPE":"一般企业","PREMIUM_INCOME":null,"PREMIUM_INCOME_YOY":null,"NET_INTEREST_INCOME":null,"NET_INTEREST_INCOME_YOY":null,"FEE_COMMISSION_INCOME":null,"FEE_COMMISSION_INCOME_YOY":null,"ACCOUNTS_RECE_TDAYS":0.714602115304,"INVENTORY_TDAYS":0.124538987418,"CURRENT_ASSETS_TDAYS":0.087850934045,"TOTAL_ASSETS_TDAYS":0.033062911592,"PREMIUM_EXPENSE":null,"LOAN_DEPOSIT":null,"LOAN_EQUITY":null,"LOAN_ASSETS":null,"DEPOSIT_EQUITY":null,"DEPOSIT_ASSETS":null,"EQUITY_MULTIPLIER":1.041343891638,"EQUITY_RATIO":0.041343891638},{"SECUCODE":"00050.HK","SECURITY_CODE":"00050","SECURITY_NAME_ABBR":"香港小轮(集团)","ORG_CODE":"10007339","STD_REPORT_DATE":"2020-06-30 00:00:00","REPORT_DATE":"2020-06-30 00:00:00","DATE_TYPE_CODE":"002","REPORT_TYPE":"2020年中报","PER_NETCASH_OPERATE":0.011370764441,"PER_OI":0.269731966853,"BPS":15.418154072214,"BASIC_EPS":0.045672,"DILUTED_EPS":0.045672,"OPERATE_INCOME":96098455.2,"OPERATE_INCOME_YOY":-38.2893108323,"GROSS_PROFIT":36097321.92,"GROSS_PROFIT_YOY":-46.268869952431,"HOLDER_PROFIT":16591724.16,"HOLDER_PROFIT_YOY":-78.9975140198,"GROSS_PROFIT_RATIO":37.562853476546,"EPS_TTM":0.17602484081,"OPERATE_INCOME_QOQ":-20.122079549694,"NET_PROFIT_RATIO":17.2653390999,"ROE_AVG":0.299066996259,"GROSS_PROFIT_QOQ":-28.422584057647,"ROA":0.288155064356,"HOLDER_PROFIT_QOQ":-48.679453237448,"ROE_YEARLY":0.598133992519,"ROIC_YEARLY":0.676326649687,"TOTAL_ASSETS":5688876916.8,"TOTAL_LIABILITIES":195791296.8,"TAX_EBT":29.569600620396,"OCF_SALES":4.215579107457,"TOTAL_PARENT_EQUITY":5493085620,"DEBT_ASSET_RATIO":3.4416511319,"OPERATE_PROFIT":26667880.8,"PRETAX_PROFIT":23557617.6,"NETCASH_OPERATE":4051106.4,"NETCASH_INVEST":36852736.8,"NETCASH_FINANCE":-91882929.6,"END_CASH":534669315.84,"DIVI_RATIO":1.290732597478,"DIVIDEND_RATE":5.854800936768,"CURRENT_RATIO":16.719514672607,"COMMON_ACS":null,"CURRENTDEBT_DEBT":66.59777461569,"ISSUED_COMMON_SHARES":356273883,"HK_COMMON_SHARES":356273883,"PER_SHARES":1000,"TOTAL_MARKET_CAP":1521289480.41,"HKSK_MARKET_CAP":1521289480.41,"PE_TTM":8.008388416683,"PB_TTM":0.216800491208,"REPORT_DATE_SQ":"2019-06-30 00:00:00","REPORT_TYPE_SQ":"2019年中报","OPERATE_INCOME_SQ":149965316.46,"DPS_HKD":0.25,"OPERATE_INCOME_QOQ_SQ":-66.007372166602,"NET_PROFIT_RATIO_SQ":50.7299933717,"HOLDER_PROFIT_SQ":76077395.1,"HOLDER_PROFIT_QOQ_SQ":-50.998360279368,"ROE_AVG_SQ":1.411956431059,"PE_TTM_SQ":1.232344012975,"PB_TTM_SQ":0.236118287334,"ROA_SQ":1.358149003951,"START_DATE":"2020-01-01 00:00:00","FISCAL_YEAR":"12-31","CURRENCY":"HKD","IS_CNY_CODE":0,"DPS_HKD_LY":0.38,"ORG_TYPE":"一般企业","PREMIUM_INCOME":null,"PREMIUM_INCOME_YOY":null,"NET_INTEREST_INCOME":null,"NET_INTEREST_INCOME_YOY":null,"FEE_COMMISSION_INCOME":null,"FEE_COMMISSION_INCOME_YOY":null,"ACCOUNTS_RECE_TDAYS":0.349365642585,"INVENTORY_TDAYS":0.056093880629,"CURRENT_ASSETS_TDAYS":0.043228488686,"TOTAL_ASSETS_TDAYS":0.016689800455,"PREMIUM_EXPENSE":null,"LOAN_DEPOSIT":null,"LOAN_EQUITY":null,"LOAN_ASSETS":null,"DEPOSIT_EQUITY":null,"DEPOSIT_ASSETS":null,"EQUITY_MULTIPLIER":1.035643226839,"EQUITY_RATIO":0.035643226839}],"count":47},"success":true,"message":"ok","code":0}