{"version":"9f966def0833552a69515cf8d921549d","result":{"pages":6,"data":[{"SECUCODE":"00057.HK","SECURITY_CODE":"00057","SECURITY_NAME_ABBR":"震雄集团","ORG_CODE":"10007346","STD_REPORT_DATE":"2024-06-30 00:00:00","REPORT_DATE":"2024-09-30 00:00:00","DATE_TYPE_CODE":"002","REPORT_TYPE":"2024年中报","PER_NETCASH_OPERATE":0.085739412125,"PER_OI":1.728860038117,"BPS":4.425165679309,"BASIC_EPS":0.09288437,"DILUTED_EPS":0.09288437,"OPERATE_INCOME":1090100886.01,"OPERATE_INCOME_YOY":20.5924780527,"GROSS_PROFIT":249772383.46,"GROSS_PROFIT_YOY":10.423984684252,"HOLDER_PROFIT":58760636.4,"HOLDER_PROFIT_YOY":29.0271479773,"GROSS_PROFIT_RATIO":22.912776850794,"EPS_TTM":0.145001911324,"OPERATE_INCOME_QOQ":0,"NET_PROFIT_RATIO":5.2809394955,"ROE_AVG":2.11847117647,"GROSS_PROFIT_QOQ":0,"ROA":1.537006872539,"HOLDER_PROFIT_QOQ":0,"ROE_YEARLY":4.23694235294,"ROIC_YEARLY":3.85690960087,"TOTAL_ASSETS":3909320069.93,"TOTAL_LIABILITIES":1105328511.95,"TAX_EBT":19.190602174766,"OCF_SALES":4.959303253837,"TOTAL_PARENT_EQUITY":2790206796.04,"DEBT_ASSET_RATIO":28.2741881498,"OPERATE_PROFIT":71176481.12,"PRETAX_PROFIT":71238704.63,"NETCASH_OPERATE":54061408.71,"NETCASH_INVEST":-74078441.34,"NETCASH_FINANCE":-30025999.84,"END_CASH":687375900.65,"DIVI_RATIO":0.54892738498,"DIVIDEND_RATE":6.518518518519,"CURRENT_RATIO":2.817146300742,"COMMON_ACS":1000000000,"CURRENTDEBT_DEBT":90.841842041927,"ISSUED_COMMON_SHARES":630531600,"HK_COMMON_SHARES":630531600,"PER_SHARES":2000,"TOTAL_MARKET_CAP":851217660,"HKSK_MARKET_CAP":851217660,"PE_TTM":7.369084250987,"PB_TTM":0.275112072231,"REPORT_DATE_SQ":"2023-06-30 00:00:00","REPORT_TYPE_SQ":"2023年中报","OPERATE_INCOME_SQ":919832312,"DPS_HKD":0.088,"OPERATE_INCOME_QOQ_SQ":0,"NET_PROFIT_RATIO_SQ":5.0378092578,"HOLDER_PROFIT_SQ":46341232.63,"HOLDER_PROFIT_QOQ_SQ":0,"ROE_AVG_SQ":1.687717320633,"PE_TTM_SQ":8.054213992393,"PB_TTM_SQ":0.289984223578,"ROA_SQ":1.250894805545,"START_DATE":"2024-04-01 00:00:00","FISCAL_YEAR":"3-31","CURRENCY":"HKD","IS_CNY_CODE":0,"DPS_HKD_LY":0.088,"ORG_TYPE":"一般企业","PREMIUM_INCOME":null,"PREMIUM_INCOME_YOY":null,"NET_INTEREST_INCOME":null,"NET_INTEREST_INCOME_YOY":null,"FEE_COMMISSION_INCOME":null,"FEE_COMMISSION_INCOME_YOY":null,"ACCOUNTS_RECE_TDAYS":0.937508313004,"INVENTORY_TDAYS":1.28770034706,"CURRENT_ASSETS_TDAYS":0.397906677736,"TOTAL_ASSETS_TDAYS":0.285138598934,"PREMIUM_EXPENSE":null,"LOAN_DEPOSIT":null,"LOAN_EQUITY":null,"LOAN_ASSETS":null,"DEPOSIT_EQUITY":null,"DEPOSIT_ASSETS":null,"EQUITY_MULTIPLIER":1.39419823102,"EQUITY_RATIO":0.396145731391},{"SECUCODE":"00057.HK","SECURITY_CODE":"00057","SECURITY_NAME_ABBR":"震雄集团","ORG_CODE":"10007346","STD_REPORT_DATE":"2023-12-31 00:00:00","REPORT_DATE":"2024-03-31 00:00:00","DATE_TYPE_CODE":"001","REPORT_TYPE":"2023年年报","PER_NETCASH_OPERATE":0.464455270917,"PER_OI":2.889233497179,"BPS":4.395979236409,"BASIC_EPS":0.145048,"DILUTED_EPS":0.145048,"OPERATE_INCOME":1821753019.75,"OPERATE_INCOME_YOY":-13.1039131984,"GROSS_PROFIT":432409845.2,"GROSS_PROFIT_YOY":-9.871466795915,"HOLDER_PROFIT":91428287.15,"HOLDER_PROFIT_YOY":-22.5928512768,"GROSS_PROFIT_RATIO":23.735920320272,"EPS_TTM":0.146654766169,"OPERATE_INCOME_QOQ":0,"NET_PROFIT_RATIO":4.9194718207,"ROE_AVG":3.303044048557,"GROSS_PROFIT_QOQ":0,"ROA":2.43222675734,"HOLDER_PROFIT_QOQ":0,"ROE_YEARLY":3.303044048557,"ROIC_YEARLY":2.971928852637,"TOTAL_ASSETS":3756516562.5,"TOTAL_LIABILITIES":969719310.55,"TAX_EBT":21.002541113295,"OCF_SALES":16.075380247768,"TOTAL_PARENT_EQUITY":2771803821.5,"DEBT_ASSET_RATIO":25.8143227753,"OPERATE_PROFIT":114581574.15,"PRETAX_PROFIT":113447480.1,"NETCASH_OPERATE":292853725.1,"NETCASH_INVEST":-58518709.05,"NETCASH_FINANCE":-61749653.25,"END_CASH":740607835.6,"DIVI_RATIO":0.542740765127,"DIVIDEND_RATE":6.330935251799,"CURRENT_RATIO":3.081006172218,"COMMON_ACS":1000000000,"CURRENTDEBT_DEBT":89.180980123981,"ISSUED_COMMON_SHARES":630531600,"HK_COMMON_SHARES":630531600,"PER_SHARES":2000,"TOTAL_MARKET_CAP":876438924,"HKSK_MARKET_CAP":876438924,"PE_TTM":7.587427488053,"PB_TTM":0.283263541038,"REPORT_DATE_SQ":"2022-12-31 00:00:00","REPORT_TYPE_SQ":"2022年年报","OPERATE_INCOME_SQ":2024459159.44,"DPS_HKD":0.088,"OPERATE_INCOME_QOQ_SQ":0,"NET_PROFIT_RATIO_SQ":5.5688787953,"HOLDER_PROFIT_SQ":114056293.49,"HOLDER_PROFIT_QOQ_SQ":0,"ROE_AVG_SQ":4.163792432603,"PE_TTM_SQ":8.531500747497,"PB_TTM_SQ":0.307168473864,"ROA_SQ":3.037522515234,"START_DATE":"2023-04-01 00:00:00","FISCAL_YEAR":"3-31","CURRENCY":"HKD","IS_CNY_CODE":0,"DPS_HKD_LY":0.103,"ORG_TYPE":"一般企业","PREMIUM_INCOME":null,"PREMIUM_INCOME_YOY":null,"NET_INTEREST_INCOME":null,"NET_INTEREST_INCOME_YOY":null,"FEE_COMMISSION_INCOME":null,"FEE_COMMISSION_INCOME_YOY":null,"ACCOUNTS_RECE_TDAYS":1.528554112989,"INVENTORY_TDAYS":2.062111141012,"CURRENT_ASSETS_TDAYS":0.680042625654,"TOTAL_ASSETS_TDAYS":0.484632992482,"PREMIUM_EXPENSE":null,"LOAN_DEPOSIT":null,"LOAN_EQUITY":null,"LOAN_ASSETS":null,"DEPOSIT_EQUITY":null,"DEPOSIT_ASSETS":null,"EQUITY_MULTIPLIER":1.347969092432,"EQUITY_RATIO":0.3498513506},{"SECUCODE":"00057.HK","SECURITY_CODE":"00057","SECURITY_NAME_ABBR":"震雄集团","ORG_CODE":"10007346","STD_REPORT_DATE":"2023-06-30 00:00:00","REPORT_DATE":"2023-09-30 00:00:00","DATE_TYPE_CODE":"002","REPORT_TYPE":"2023年中报","PER_NETCASH_OPERATE":0.241472310809,"PER_OI":1.458820322407,"BPS":4.271958262821,"BASIC_EPS":0.0734104,"DILUTED_EPS":0.0734104,"OPERATE_INCOME":919832312,"OPERATE_INCOME_YOY":-24.1571333454,"GROSS_PROFIT":226193959.74,"GROSS_PROFIT_YOY":-19.030267995956,"HOLDER_PROFIT":46341232.63,"HOLDER_PROFIT_YOY":-32.7585747763,"GROSS_PROFIT_RATIO":24.590782122905,"EPS_TTM":0.180889099753,"OPERATE_INCOME_QOQ":0,"NET_PROFIT_RATIO":5.0378092578,"ROE_AVG":1.687717320633,"GROSS_PROFIT_QOQ":0,"ROA":1.250894805545,"HOLDER_PROFIT_QOQ":0,"ROE_YEARLY":3.375434641266,"ROIC_YEARLY":3.022151633605,"TOTAL_ASSETS":3601762901.73,"TOTAL_LIABILITIES":891331641.83,"TAX_EBT":20.751074981953,"OCF_SALES":16.552573822825,"TOTAL_PARENT_EQUITY":2693604678.59,"DEBT_ASSET_RATIO":24.7470937468,"OPERATE_PROFIT":59010032.41,"PRETAX_PROFIT":58473218.86,"NETCASH_OPERATE":152255922.49,"NETCASH_INVEST":-45272193.68,"NETCASH_FINANCE":-43348841.2,"END_CASH":635376188.3,"DIVI_RATIO":0.440023860523,"DIVIDEND_RATE":6.330935251799,"CURRENT_RATIO":3.201479116871,"COMMON_ACS":1000000000,"CURRENTDEBT_DEBT":90.107593522769,"ISSUED_COMMON_SHARES":630531600,"HK_COMMON_SHARES":630531600,"PER_SHARES":2000,"TOTAL_MARKET_CAP":876438924,"HKSK_MARKET_CAP":876438924,"PE_TTM":7.587427488053,"PB_TTM":0.283263541038,"REPORT_DATE_SQ":"2022-06-30 00:00:00","REPORT_TYPE_SQ":"2022年中报","OPERATE_INCOME_SQ":1195380259.2,"DPS_HKD":0.088,"OPERATE_INCOME_QOQ_SQ":0,"NET_PROFIT_RATIO_SQ":5.6233732825,"HOLDER_PROFIT_SQ":67927061.76,"HOLDER_PROFIT_QOQ_SQ":0,"ROE_AVG_SQ":2.445357633228,"PE_TTM_SQ":8.531500747497,"PB_TTM_SQ":0.307168473864,"ROA_SQ":1.789974910703,"START_DATE":"2023-04-01 00:00:00","FISCAL_YEAR":"3-31","CURRENCY":"HKD","IS_CNY_CODE":0,"DPS_HKD_LY":0.103,"ORG_TYPE":"一般企业","PREMIUM_INCOME":null,"PREMIUM_INCOME_YOY":null,"NET_INTEREST_INCOME":null,"NET_INTEREST_INCOME_YOY":null,"FEE_COMMISSION_INCOME":null,"FEE_COMMISSION_INCOME_YOY":null,"ACCOUNTS_RECE_TDAYS":0.755843479172,"INVENTORY_TDAYS":1.018640437318,"CURRENT_ASSETS_TDAYS":0.34727027858,"TOTAL_ASSETS_TDAYS":0.248291509689,"PREMIUM_EXPENSE":null,"LOAN_DEPOSIT":null,"LOAN_EQUITY":null,"LOAN_ASSETS":null,"DEPOSIT_EQUITY":null,"DEPOSIT_ASSETS":null,"EQUITY_MULTIPLIER":1.328852332474,"EQUITY_RATIO":0.330906628176},{"SECUCODE":"00057.HK","SECURITY_CODE":"00057","SECURITY_NAME_ABBR":"震雄集团","ORG_CODE":"10007346","STD_REPORT_DATE":"2022-12-31 00:00:00","REPORT_DATE":"2023-03-31 00:00:00","DATE_TYPE_CODE":"001","REPORT_TYPE":"2022年年报","PER_NETCASH_OPERATE":0.190943661999,"PER_OI":3.210718002777,"BPS":4.233328904372,"BASIC_EPS":0.18120987,"DILUTED_EPS":0.18120987,"OPERATE_INCOME":2024459159.44,"OPERATE_INCOME_YOY":-15.2515627044,"GROSS_PROFIT":479770201.32,"GROSS_PROFIT_YOY":-8.605885861442,"HOLDER_PROFIT":114056293.49,"HOLDER_PROFIT_YOY":-38.9200643198,"GROSS_PROFIT_RATIO":23.698685107222,"EPS_TTM":0.219372761222,"OPERATE_INCOME_QOQ":0,"NET_PROFIT_RATIO":5.5688787953,"ROE_AVG":4.163792432603,"GROSS_PROFIT_QOQ":0,"ROA":3.037522515234,"HOLDER_PROFIT_QOQ":0,"ROE_YEARLY":4.163792432603,"ROIC_YEARLY":3.607310417826,"TOTAL_ASSETS":3632346591.69,"TOTAL_LIABILITIES":946430262.48,"TAX_EBT":18.973078060412,"OCF_SALES":5.94707046317,"TOTAL_PARENT_EQUITY":2669247647.4,"DEBT_ASSET_RATIO":26.0556155254,"OPERATE_PROFIT":140951514.92,"PRETAX_PROFIT":139138540.81,"NETCASH_OPERATE":120396012.71,"NETCASH_INVEST":-2800436.59,"NETCASH_FINANCE":-108100003.85,"END_CASH":564343561.42,"DIVI_RATIO":0.488321427889,"DIVIDEND_RATE":8.251748251748,"CURRENT_RATIO":3.029947374862,"COMMON_ACS":1000000000,"CURRENTDEBT_DEBT":90.694163873288,"ISSUED_COMMON_SHARES":630531600,"HK_COMMON_SHARES":630531600,"PER_SHARES":2000,"TOTAL_MARKET_CAP":901660188,"HKSK_MARKET_CAP":901660188,"PE_TTM":7.805770725119,"PB_TTM":0.291415009845,"REPORT_DATE_SQ":"2021-12-31 00:00:00","REPORT_TYPE_SQ":"2021年年报","OPERATE_INCOME_SQ":2213054080.63,"DPS_HKD":0.118,"OPERATE_INCOME_QOQ_SQ":0,"NET_PROFIT_RATIO_SQ":7.8421614482,"HOLDER_PROFIT_SQ":172995732.09,"HOLDER_PROFIT_QOQ_SQ":0,"ROE_AVG_SQ":6.874747102648,"PE_TTM_SQ":6.726883497456,"PB_TTM_SQ":0.298576348721,"ROA_SQ":4.843657840553,"START_DATE":"2022-04-01 00:00:00","FISCAL_YEAR":"3-31","CURRENCY":"HKD","IS_CNY_CODE":0,"DPS_HKD_LY":0.161,"ORG_TYPE":"一般企业","PREMIUM_INCOME":null,"PREMIUM_INCOME_YOY":null,"NET_INTEREST_INCOME":null,"NET_INTEREST_INCOME_YOY":null,"FEE_COMMISSION_INCOME":null,"FEE_COMMISSION_INCOME_YOY":null,"ACCOUNTS_RECE_TDAYS":1.750188162044,"INVENTORY_TDAYS":1.903832573666,"CURRENT_ASSETS_TDAYS":0.755728499897,"TOTAL_ASSETS_TDAYS":0.539149580423,"PREMIUM_EXPENSE":null,"LOAN_DEPOSIT":null,"LOAN_EQUITY":null,"LOAN_ASSETS":null,"DEPOSIT_EQUITY":null,"DEPOSIT_ASSETS":null,"EQUITY_MULTIPLIER":1.35236773841,"EQUITY_RATIO":0.354568173321},{"SECUCODE":"00057.HK","SECURITY_CODE":"00057","SECURITY_NAME_ABBR":"震雄集团","ORG_CODE":"10007346","STD_REPORT_DATE":"2022-06-30 00:00:00","REPORT_DATE":"2022-09-30 00:00:00","DATE_TYPE_CODE":"002","REPORT_TYPE":"2022年中报","PER_NETCASH_OPERATE":0.111123640433,"PER_OI":1.895829264069,"BPS":4.207879460379,"BASIC_EPS":0.10762836,"DILUTED_EPS":0.10762836,"OPERATE_INCOME":1195380259.2,"OPERATE_INCOME_YOY":-15.1165150554,"GROSS_PROFIT":279356191.68,"GROSS_PROFIT_YOY":-14.825422856145,"HOLDER_PROFIT":67927061.76,"HOLDER_PROFIT_YOY":-39.0201523197,"GROSS_PROFIT_RATIO":23.369650747533,"EPS_TTM":0.274364888437,"OPERATE_INCOME_QOQ":0,"NET_PROFIT_RATIO":5.6233732825,"ROE_AVG":2.445357633228,"GROSS_PROFIT_QOQ":0,"ROA":1.789974910703,"HOLDER_PROFIT_QOQ":0,"ROE_YEARLY":4.890715266457,"ROIC_YEARLY":4.22621302665,"TOTAL_ASSETS":3583661707.56,"TOTAL_LIABILITIES":915106060.92,"TAX_EBT":19.369256972998,"OCF_SALES":5.861479329338,"TOTAL_PARENT_EQUITY":2653200968.76,"DEBT_ASSET_RATIO":25.5355035044,"OPERATE_PROFIT":84062271.36,"PRETAX_PROFIT":83368565.88,"NETCASH_OPERATE":70066966.8,"NETCASH_INVEST":-25364115.36,"NETCASH_FINANCE":-85467771.12,"END_CASH":519987880.32,"DIVI_RATIO":0.39044507703,"DIVIDEND_RATE":8.251748251748,"CURRENT_RATIO":3.015463884181,"COMMON_ACS":1000000000,"CURRENTDEBT_DEBT":91.670529446241,"ISSUED_COMMON_SHARES":630531600,"HK_COMMON_SHARES":630531600,"PER_SHARES":2000,"TOTAL_MARKET_CAP":901660188,"HKSK_MARKET_CAP":901660188,"PE_TTM":7.805770725119,"PB_TTM":0.291415009845,"REPORT_DATE_SQ":"2021-06-30 00:00:00","REPORT_TYPE_SQ":"2021年中报","OPERATE_INCOME_SQ":1297117739.12,"DPS_HKD":0.118,"OPERATE_INCOME_QOQ_SQ":0,"NET_PROFIT_RATIO_SQ":8.0233030111,"HOLDER_PROFIT_SQ":102601335.72,"HOLDER_PROFIT_QOQ_SQ":0,"ROE_AVG_SQ":4.051854739616,"PE_TTM_SQ":6.726883497456,"PB_TTM_SQ":0.298576348721,"ROA_SQ":2.787226355382,"START_DATE":"2022-04-01 00:00:00","FISCAL_YEAR":"3-31","CURRENCY":"HKD","IS_CNY_CODE":0,"DPS_HKD_LY":0.161,"ORG_TYPE":"一般企业","PREMIUM_INCOME":null,"PREMIUM_INCOME_YOY":null,"NET_INTEREST_INCOME":null,"NET_INTEREST_INCOME_YOY":null,"FEE_COMMISSION_INCOME":null,"FEE_COMMISSION_INCOME_YOY":null,"ACCOUNTS_RECE_TDAYS":1.037225151187,"INVENTORY_TDAYS":1.109959417977,"CURRENT_ASSETS_TDAYS":0.444552675765,"TOTAL_ASSETS_TDAYS":0.314999739026,"PREMIUM_EXPENSE":null,"LOAN_DEPOSIT":null,"LOAN_EQUITY":null,"LOAN_ASSETS":null,"DEPOSIT_EQUITY":null,"DEPOSIT_ASSETS":null,"EQUITY_MULTIPLIER":1.342921858149,"EQUITY_RATIO":0.344906424992},{"SECUCODE":"00057.HK","SECURITY_CODE":"00057","SECURITY_NAME_ABBR":"震雄集团","ORG_CODE":"10007346","STD_REPORT_DATE":"2021-12-31 00:00:00","REPORT_DATE":"2022-03-31 00:00:00","DATE_TYPE_CODE":"001","REPORT_TYPE":"2021年年报","PER_NETCASH_OPERATE":-0.354495863617,"PER_OI":3.509822633203,"BPS":4.127581915783,"BASIC_EPS":0.27412138,"DILUTED_EPS":0.27412138,"OPERATE_INCOME":2213054080.63,"OPERATE_INCOME_YOY":15.5984635804,"GROSS_PROFIT":524946497.75,"GROSS_PROFIT_YOY":-1.880514961887,"HOLDER_PROFIT":172995732.09,"HOLDER_PROFIT_YOY":5.067456076,"GROSS_PROFIT_RATIO":23.720455019362,"EPS_TTM":0.332861578801,"OPERATE_INCOME_QOQ":0,"NET_PROFIT_RATIO":7.8421614482,"ROE_AVG":6.874747102648,"GROSS_PROFIT_QOQ":0,"ROA":4.843657840553,"HOLDER_PROFIT_QOQ":0,"ROE_YEARLY":6.874747102648,"ROIC_YEARLY":6.135087900193,"TOTAL_ASSETS":3592228490.27,"TOTAL_LIABILITIES":973913523.65,"TAX_EBT":10.30062707488,"OCF_SALES":-10.100107631187,"TOTAL_PARENT_EQUITY":2602570829.49,"DEBT_ASSET_RATIO":27.111680849,"OPERATE_PROFIT":193910057.97,"PRETAX_PROFIT":193481033.68,"NETCASH_OPERATE":-223520844.08,"NETCASH_INVEST":-69932581.29,"NETCASH_FINANCE":-123189174.96,"END_CASH":544926540.11,"DIVI_RATIO":0.321828732489,"DIVIDEND_RATE":8.251748251748,"CURRENT_RATIO":2.845516209449,"COMMON_ACS":1000000000,"CURRENTDEBT_DEBT":92.161150504012,"ISSUED_COMMON_SHARES":630531600,"HK_COMMON_SHARES":630531600,"PER_SHARES":2000,"TOTAL_MARKET_CAP":901660188,"HKSK_MARKET_CAP":901660188,"PE_TTM":7.805770725119,"PB_TTM":0.291415009845,"REPORT_DATE_SQ":"2020-12-31 00:00:00","REPORT_TYPE_SQ":"2020年年报","OPERATE_INCOME_SQ":1995092184.54,"DPS_HKD":0.118,"OPERATE_INCOME_QOQ_SQ":0,"NET_PROFIT_RATIO_SQ":8.6769922133,"HOLDER_PROFIT_SQ":171589288.78,"HOLDER_PROFIT_QOQ_SQ":0,"ROE_AVG_SQ":7.172261128794,"PE_TTM_SQ":6.726883497456,"PB_TTM_SQ":0.298576348721,"ROA_SQ":5.191681740379,"START_DATE":"2021-04-01 00:00:00","FISCAL_YEAR":"3-31","CURRENCY":"HKD","IS_CNY_CODE":0,"DPS_HKD_LY":0.167,"ORG_TYPE":"一般企业","PREMIUM_INCOME":null,"PREMIUM_INCOME_YOY":null,"NET_INTEREST_INCOME":null,"NET_INTEREST_INCOME_YOY":null,"FEE_COMMISSION_INCOME":null,"FEE_COMMISSION_INCOME_YOY":null,"ACCOUNTS_RECE_TDAYS":2.185520251457,"INVENTORY_TDAYS":2.325017285539,"CURRENT_ASSETS_TDAYS":0.848859811334,"TOTAL_ASSETS_TDAYS":0.619626658976,"PREMIUM_EXPENSE":null,"LOAN_DEPOSIT":null,"LOAN_EQUITY":null,"LOAN_ASSETS":null,"DEPOSIT_EQUITY":null,"DEPOSIT_ASSETS":null,"EQUITY_MULTIPLIER":1.371961943488,"EQUITY_RATIO":0.374212110815},{"SECUCODE":"00057.HK","SECURITY_CODE":"00057","SECURITY_NAME_ABBR":"震雄集团","ORG_CODE":"10007346","STD_REPORT_DATE":"2021-06-30 00:00:00","REPORT_DATE":"2021-09-30 00:00:00","DATE_TYPE_CODE":"002","REPORT_TYPE":"2021年中报","PER_NETCASH_OPERATE":-0.283087478724,"PER_OI":2.057181177153,"BPS":4.072947937074,"BASIC_EPS":0.1624467,"DILUTED_EPS":0.1624467,"OPERATE_INCOME":1297117739.12,"OPERATE_INCOME_YOY":51.1639331212,"GROSS_PROFIT":327980720.36,"GROSS_PROFIT_YOY":33.547154303907,"HOLDER_PROFIT":102601335.72,"HOLDER_PROFIT_YOY":68.2839848607,"GROSS_PROFIT_RATIO":25.28534692483,"EPS_TTM":0.272134320913,"OPERATE_INCOME_QOQ":0,"NET_PROFIT_RATIO":8.0233030111,"ROE_AVG":4.051854739616,"GROSS_PROFIT_QOQ":0,"ROA":2.787226355382,"HOLDER_PROFIT_QOQ":0,"ROE_YEARLY":8.103709479232,"ROIC_YEARLY":7.203794740221,"TOTAL_ASSETS":3714751994.9,"TOTAL_LIABILITIES":1131198845.04,"TAX_EBT":24.591954994326,"OCF_SALES":-13.760940546623,"TOTAL_PARENT_EQUITY":2568122379.48,"DEBT_ASSET_RATIO":30.4515307238,"OPERATE_PROFIT":137806451.32,"PRETAX_PROFIT":138011384.08,"NETCASH_OPERATE":-178495600.9,"NETCASH_INVEST":-11377100.42,"NETCASH_FINANCE":-98520174.78,"END_CASH":681150675.94,"DIVI_RATIO":0.393645386737,"DIVIDEND_RATE":8.251748251748,"CURRENT_RATIO":2.650734109689,"COMMON_ACS":1000000000,"CURRENTDEBT_DEBT":91.665046498817,"ISSUED_COMMON_SHARES":630531600,"HK_COMMON_SHARES":630531600,"PER_SHARES":2000,"TOTAL_MARKET_CAP":901660188,"HKSK_MARKET_CAP":901660188,"PE_TTM":7.805770725119,"PB_TTM":0.291415009845,"REPORT_DATE_SQ":"2020-06-30 00:00:00","REPORT_TYPE_SQ":"2020年中报","OPERATE_INCOME_SQ":905118506.24,"DPS_HKD":0.118,"OPERATE_INCOME_QOQ_SQ":0,"NET_PROFIT_RATIO_SQ":7.1182534304,"HOLDER_PROFIT_SQ":64310880.64,"HOLDER_PROFIT_QOQ_SQ":0,"ROE_AVG_SQ":2.674541154321,"PE_TTM_SQ":6.726883497456,"PB_TTM_SQ":0.298576348721,"ROA_SQ":2.002591518203,"START_DATE":"2021-04-01 00:00:00","FISCAL_YEAR":"3-31","CURRENCY":"HKD","IS_CNY_CODE":0,"DPS_HKD_LY":0.167,"ORG_TYPE":"一般企业","PREMIUM_INCOME":null,"PREMIUM_INCOME_YOY":null,"NET_INTEREST_INCOME":null,"NET_INTEREST_INCOME_YOY":null,"FEE_COMMISSION_INCOME":null,"FEE_COMMISSION_INCOME_YOY":null,"ACCOUNTS_RECE_TDAYS":1.192764900637,"INVENTORY_TDAYS":1.384027034631,"CURRENT_ASSETS_TDAYS":0.473310956433,"TOTAL_ASSETS_TDAYS":0.352369754559,"PREMIUM_EXPENSE":null,"LOAN_DEPOSIT":null,"LOAN_EQUITY":null,"LOAN_ASSETS":null,"DEPOSIT_EQUITY":null,"DEPOSIT_ASSETS":null,"EQUITY_MULTIPLIER":1.437846167439,"EQUITY_RATIO":0.440477001438},{"SECUCODE":"00057.HK","SECURITY_CODE":"00057","SECURITY_NAME_ABBR":"震雄集团","ORG_CODE":"10007346","STD_REPORT_DATE":"2020-12-31 00:00:00","REPORT_DATE":"2021-03-31 00:00:00","DATE_TYPE_CODE":"001","REPORT_TYPE":"2020年年报","PER_NETCASH_OPERATE":0.297782003154,"PER_OI":3.164143057287,"BPS":4.016624885668,"BASIC_EPS":0.27214796,"DILUTED_EPS":0.27214796,"OPERATE_INCOME":1995092184.54,"OPERATE_INCOME_YOY":55.9806206442,"GROSS_PROFIT":535007391.8,"GROSS_PROFIT_YOY":72.786663712475,"HOLDER_PROFIT":171589288.78,"HOLDER_PROFIT_YOY":116.7846579321,"GROSS_PROFIT_RATIO":26.816174006684,"EPS_TTM":0.18892051775,"OPERATE_INCOME_QOQ":0,"NET_PROFIT_RATIO":8.6769922133,"ROE_AVG":7.172261128794,"GROSS_PROFIT_QOQ":0,"ROA":5.191681740379,"HOLDER_PROFIT_QOQ":0,"ROE_YEARLY":7.172261128794,"ROIC_YEARLY":7.189552783477,"TOTAL_ASSETS":3700568228.84,"TOTAL_LIABILITIES":1154002010.56,"TAX_EBT":24.363557137687,"OCF_SALES":9.411142219641,"TOTAL_PARENT_EQUITY":2532608915.76,"DEBT_ASSET_RATIO":31.1844543648,"OPERATE_PROFIT":228209587.34,"PRETAX_PROFIT":228876434.36,"NETCASH_OPERATE":187760962.9,"NETCASH_INVEST":-42071370.04,"NETCASH_FINANCE":-79963324.98,"END_CASH":968735173.84,"DIVI_RATIO":0.567034334204,"DIVIDEND_RATE":8.251748251748,"CURRENT_RATIO":2.612060631254,"COMMON_ACS":1000000000,"CURRENTDEBT_DEBT":91.967874427271,"ISSUED_COMMON_SHARES":630531600,"HK_COMMON_SHARES":630531600,"PER_SHARES":2000,"TOTAL_MARKET_CAP":901660188,"HKSK_MARKET_CAP":901660188,"PE_TTM":7.805770725119,"PB_TTM":0.291415009845,"REPORT_DATE_SQ":"2019-12-31 00:00:00","REPORT_TYPE_SQ":"2019年年报","OPERATE_INCOME_SQ":1382759773.1,"DPS_HKD":0.118,"OPERATE_INCOME_QOQ_SQ":0,"NET_PROFIT_RATIO_SQ":6.1484257247,"HOLDER_PROFIT_SQ":85568918.7,"HOLDER_PROFIT_QOQ_SQ":0,"ROE_AVG_SQ":3.457872650107,"PE_TTM_SQ":6.726883497456,"PB_TTM_SQ":0.298576348721,"ROA_SQ":2.71675893105,"START_DATE":"2020-04-01 00:00:00","FISCAL_YEAR":"3-31","CURRENCY":"HKD","IS_CNY_CODE":0,"DPS_HKD_LY":0.062,"ORG_TYPE":"一般企业","PREMIUM_INCOME":null,"PREMIUM_INCOME_YOY":null,"NET_INTEREST_INCOME":null,"NET_INTEREST_INCOME_YOY":null,"FEE_COMMISSION_INCOME":null,"FEE_COMMISSION_INCOME_YOY":null,"ACCOUNTS_RECE_TDAYS":2.262898736477,"INVENTORY_TDAYS":2.825363362941,"CURRENT_ASSETS_TDAYS":0.82660056812,"TOTAL_ASSETS_TDAYS":0.603643953448,"PREMIUM_EXPENSE":null,"LOAN_DEPOSIT":null,"LOAN_EQUITY":null,"LOAN_ASSETS":null,"DEPOSIT_EQUITY":null,"DEPOSIT_ASSETS":null,"EQUITY_MULTIPLIER":1.453160024773,"EQUITY_RATIO":0.455657406629},{"SECUCODE":"00057.HK","SECURITY_CODE":"00057","SECURITY_NAME_ABBR":"震雄集团","ORG_CODE":"10007346","STD_REPORT_DATE":"2020-06-30 00:00:00","REPORT_DATE":"2020-09-30 00:00:00","DATE_TYPE_CODE":"002","REPORT_TYPE":"2020年中报","PER_NETCASH_OPERATE":0.19756760727,"PER_OI":1.435484765934,"BPS":3.913435988553,"BASIC_EPS":0.10193152,"DILUTED_EPS":0.10193152,"OPERATE_INCOME":905118506.24,"OPERATE_INCOME_YOY":31.8268147845,"GROSS_PROFIT":245591695.36,"GROSS_PROFIT_YOY":49.641706355763,"HOLDER_PROFIT":64310880.64,"HOLDER_PROFIT_YOY":114.6183396381,"GROSS_PROFIT_RATIO":27.133650860839,"EPS_TTM":0.135709167788,"OPERATE_INCOME_QOQ":0,"NET_PROFIT_RATIO":7.1182534304,"ROE_AVG":2.674541154321,"GROSS_PROFIT_QOQ":0,"ROA":2.002591518203,"HOLDER_PROFIT_QOQ":0,"ROE_YEARLY":5.349082308641,"ROIC_YEARLY":5.686789134361,"TOTAL_ASSETS":3397707960.32,"TOTAL_LIABILITIES":917655204.48,"TAX_EBT":27.597784119523,"OCF_SALES":13.763128105456,"TOTAL_PARENT_EQUITY":2467545055.36,"DEBT_ASSET_RATIO":27.0080658843,"OPERATE_PROFIT":null,"PRETAX_PROFIT":88987095.68,"NETCASH_OPERATE":124572619.52,"NETCASH_INVEST":-3789040.64,"NETCASH_FINANCE":-31169955.84,"END_CASH":998658250.24,"DIVI_RATIO":0.789367599449,"DIVIDEND_RATE":8.251748251748,"CURRENT_RATIO":2.994196144929,"COMMON_ACS":1000000000,"CURRENTDEBT_DEBT":90.578842086011,"ISSUED_COMMON_SHARES":630531600,"HK_COMMON_SHARES":630531600,"PER_SHARES":2000,"TOTAL_MARKET_CAP":901660188,"HKSK_MARKET_CAP":901660188,"PE_TTM":7.805770725119,"PB_TTM":0.291415009845,"REPORT_DATE_SQ":"2019-06-30 00:00:00","REPORT_TYPE_SQ":"2019年中报","OPERATE_INCOME_SQ":704794533.6,"DPS_HKD":0.118,"OPERATE_INCOME_QOQ_SQ":0,"NET_PROFIT_RATIO_SQ":4.3333418655,"HOLDER_PROFIT_SQ":30759443.01,"HOLDER_PROFIT_QOQ_SQ":0,"ROE_AVG_SQ":1.263273943294,"PE_TTM_SQ":6.726883497456,"PB_TTM_SQ":0.298576348721,"ROA_SQ":0.993352453108,"START_DATE":"2020-04-01 00:00:00","FISCAL_YEAR":"3-31","CURRENCY":"HKD","IS_CNY_CODE":0,"DPS_HKD_LY":0.062,"ORG_TYPE":"一般企业","PREMIUM_INCOME":null,"PREMIUM_INCOME_YOY":null,"NET_INTEREST_INCOME":null,"NET_INTEREST_INCOME_YOY":null,"FEE_COMMISSION_INCOME":null,"FEE_COMMISSION_INCOME_YOY":null,"ACCOUNTS_RECE_TDAYS":1.12375655407,"INVENTORY_TDAYS":1.382822726774,"CURRENT_ASSETS_TDAYS":0.391373492062,"TOTAL_ASSETS_TDAYS":0.281846963613,"PREMIUM_EXPENSE":null,"LOAN_DEPOSIT":null,"LOAN_EQUITY":null,"LOAN_ASSETS":null,"DEPOSIT_EQUITY":null,"DEPOSIT_ASSETS":null,"EQUITY_MULTIPLIER":1.370014388734,"EQUITY_RATIO":0.371889948873}],"count":48},"success":true,"message":"ok","code":0}