{"version":"ed8ae2a8e891178117c80e7c5718e79f","result":{"pages":6,"data":[{"SECUCODE":"00058.HK","SECURITY_CODE":"00058","SECURITY_NAME_ABBR":"新威国际","ORG_CODE":"10007347","STD_REPORT_DATE":"2024-06-30 00:00:00","REPORT_DATE":"2024-06-30 00:00:00","DATE_TYPE_CODE":"002","REPORT_TYPE":"2024年中报","PER_NETCASH_OPERATE":-0.150714161693,"PER_OI":0.510770487082,"BPS":0.323190015961,"BASIC_EPS":-0.0707327,"DILUTED_EPS":-0.0707327,"OPERATE_INCOME":91734379.48,"OPERATE_INCOME_YOY":-13.0610409044,"GROSS_PROFIT":15343063.48,"GROSS_PROFIT_YOY":-4.557079223768,"HOLDER_PROFIT":-12709981.68,"HOLDER_PROFIT_YOY":-2.6309971258,"GROSS_PROFIT_RATIO":16.725532528778,"EPS_TTM":-0.228907812806,"OPERATE_INCOME_QOQ":-6.649909285023,"NET_PROFIT_RATIO":-19.0019002895,"ROE_AVG":-16.551084805591,"GROSS_PROFIT_QOQ":-2.152494082864,"ROA":-4.274604838475,"HOLDER_PROFIT_QOQ":-0.487959631547,"ROE_YEARLY":-33.102169611181,"ROIC_YEARLY":-10.416518626839,"TOTAL_ASSETS":292633501.08,"TOTAL_LIABILITIES":188300486.88,"TAX_EBT":21.914223803099,"OCF_SALES":-29.50721811543,"TOTAL_PARENT_EQUITY":69653912.24,"DEBT_ASSET_RATIO":64.3468660236,"OPERATE_PROFIT":-21782933.56,"PRETAX_PROFIT":-22323240.12,"NETCASH_OPERATE":-27068263.44,"NETCASH_INVEST":767563.88,"NETCASH_FINANCE":8876725.68,"END_CASH":6702721.92,"DIVI_RATIO":null,"DIVIDEND_RATE":null,"CURRENT_RATIO":1.101024332661,"COMMON_ACS":10000000000,"CURRENTDEBT_DEBT":89.099730510479,"ISSUED_COMMON_SHARES":215520000,"HK_COMMON_SHARES":215520000,"PER_SHARES":20000,"TOTAL_MARKET_CAP":68966400,"HKSK_MARKET_CAP":68966400,"PE_TTM":-1.5156451223,"PB_TTM":0.903671479861,"REPORT_DATE_SQ":"2023-06-30 00:00:00","REPORT_TYPE_SQ":"2023年中报","OPERATE_INCOME_SQ":106591029.78,"DPS_HKD":null,"OPERATE_INCOME_QOQ_SQ":-23.245605215855,"NET_PROFIT_RATIO_SQ":-16.3660897319,"HOLDER_PROFIT_SQ":-12510346.62,"HOLDER_PROFIT_QOQ_SQ":-13.966140089189,"ROE_AVG_SQ":-10.424060843512,"PE_TTM_SQ":-0.296617918093,"PB_TTM_SQ":0.10279457509,"ROA_SQ":-3.529462257071,"START_DATE":"2024-01-01 00:00:00","FISCAL_YEAR":"12-31","CURRENCY":"HKD","IS_CNY_CODE":0,"DPS_HKD_LY":null,"ORG_TYPE":"一般企业","PREMIUM_INCOME":null,"PREMIUM_INCOME_YOY":null,"NET_INTEREST_INCOME":null,"NET_INTEREST_INCOME_YOY":null,"FEE_COMMISSION_INCOME":null,"FEE_COMMISSION_INCOME_YOY":null,"ACCOUNTS_RECE_TDAYS":0.902921822714,"INVENTORY_TDAYS":7.363744336427,"CURRENT_ASSETS_TDAYS":0.504287226623,"TOTAL_ASSETS_TDAYS":0.308519895821,"PREMIUM_EXPENSE":null,"LOAN_DEPOSIT":null,"LOAN_EQUITY":null,"LOAN_ASSETS":null,"DEPOSIT_EQUITY":null,"DEPOSIT_ASSETS":null,"EQUITY_MULTIPLIER":2.804802519358,"EQUITY_RATIO":2.703372729893},{"SECUCODE":"00058.HK","SECURITY_CODE":"00058","SECURITY_NAME_ABBR":"新威国际","ORG_CODE":"10007347","STD_REPORT_DATE":"2023-12-31 00:00:00","REPORT_DATE":"2023-12-31 00:00:00","DATE_TYPE_CODE":"001","REPORT_TYPE":"2023年年报","PER_NETCASH_OPERATE":0.139717326281,"PER_OI":1.243938323051,"BPS":0.386678254547,"BASIC_EPS":-0.227823708,"DILUTED_EPS":-0.227823708,"OPERATE_INCOME":223411322.82,"OPERATE_INCOME_YOY":-45.3507420503,"GROSS_PROFIT":34033998.32,"GROSS_PROFIT_YOY":-63.918993470003,"HOLDER_PROFIT":-40912208.12,"HOLDER_PROFIT_YOY":-20.7596629664,"GROSS_PROFIT_RATIO":15.233783986598,"EPS_TTM":-0.22779625902,"OPERATE_INCOME_QOQ":-27.767622168163,"NET_PROFIT_RATIO":-26.0664987365,"ROE_AVG":-38.961621775565,"GROSS_PROFIT_QOQ":-49.630921118665,"ROA":-11.992753238197,"HOLDER_PROFIT_QOQ":-7.497149156579,"ROE_YEARLY":-38.961621775565,"ROIC_YEARLY":-14.839698972305,"TOTAL_ASSETS":299902634.36,"TOTAL_LIABILITIES":176952142.08,"TAX_EBT":-0.586973875749,"OCF_SALES":11.231853194933,"TOTAL_PARENT_EQUITY":83336897.42,"DEBT_ASSET_RATIO":59.0031969735,"OPERATE_PROFIT":-56423975.86,"PRETAX_PROFIT":-57895677.14,"NETCASH_OPERATE":25093231.8,"NETCASH_INVEST":-881752.06,"NETCASH_FINANCE":-4542880.86,"END_CASH":25146698.78,"DIVI_RATIO":null,"DIVIDEND_RATE":null,"CURRENT_RATIO":1.029327989845,"COMMON_ACS":10000000000,"CURRENTDEBT_DEBT":97.630387577843,"ISSUED_COMMON_SHARES":215520000,"HK_COMMON_SHARES":215520000,"PER_SHARES":20000,"TOTAL_MARKET_CAP":75432000,"HKSK_MARKET_CAP":75432000,"PE_TTM":-1.657736852515,"PB_TTM":0.988390681098,"REPORT_DATE_SQ":"2022-12-31 00:00:00","REPORT_TYPE_SQ":"2022年年报","OPERATE_INCOME_SQ":402967496.05,"DPS_HKD":null,"OPERATE_INCOME_QOQ_SQ":-6.048605620409,"NET_PROFIT_RATIO_SQ":-10.0604058832,"HOLDER_PROFIT_SQ":-33394898.95,"HOLDER_PROFIT_QOQ_SQ":-26.573596125576,"ROE_AVG_SQ":-23.347895192089,"PE_TTM_SQ":-0.318111970129,"PB_TTM_SQ":0.110243457343,"ROA_SQ":-7.857714106157,"START_DATE":"2023-01-01 00:00:00","FISCAL_YEAR":"12-31","CURRENCY":"HKD","IS_CNY_CODE":0,"DPS_HKD_LY":null,"ORG_TYPE":"一般企业","PREMIUM_INCOME":null,"PREMIUM_INCOME_YOY":null,"NET_INTEREST_INCOME":null,"NET_INTEREST_INCOME_YOY":null,"FEE_COMMISSION_INCOME":null,"FEE_COMMISSION_INCOME_YOY":null,"ACCOUNTS_RECE_TDAYS":1.836815890744,"INVENTORY_TDAYS":13.25142675967,"CURRENT_ASSETS_TDAYS":1.143944930502,"TOTAL_ASSETS_TDAYS":0.654894220654,"PREMIUM_EXPENSE":null,"LOAN_DEPOSIT":null,"LOAN_EQUITY":null,"LOAN_ASSETS":null,"DEPOSIT_EQUITY":null,"DEPOSIT_ASSETS":null,"EQUITY_MULTIPLIER":2.439214587912,"EQUITY_RATIO":2.123334891965},{"SECUCODE":"00058.HK","SECURITY_CODE":"00058","SECURITY_NAME_ABBR":"新威国际","ORG_CODE":"10007347","STD_REPORT_DATE":"2023-06-30 00:00:00","REPORT_DATE":"2023-06-30 00:00:00","DATE_TYPE_CODE":"002","REPORT_TYPE":"2023年中报","PER_NETCASH_OPERATE":0.002566759465,"PER_OI":0.593491257127,"BPS":0.515726145601,"BASIC_EPS":-0.069701688,"DILUTED_EPS":-0.069701688,"OPERATE_INCOME":106591029.78,"OPERATE_INCOME_YOY":-50.6303005457,"GROSS_PROFIT":16075643.28,"GROSS_PROFIT_YOY":-62.469063833577,"HOLDER_PROFIT":-12510346.62,"HOLDER_PROFIT_YOY":-47.8910081744,"GROSS_PROFIT_RATIO":15.081609881413,"EPS_TTM":-0.211909116481,"OPERATE_INCOME_QOQ":-23.245605215855,"NET_PROFIT_RATIO":-16.3660897319,"ROE_AVG":-10.424060843512,"GROSS_PROFIT_QOQ":-28.366753311094,"ROA":-3.529462257071,"HOLDER_PROFIT_QOQ":-13.966140089189,"ROE_YEARLY":-20.848121687025,"ROIC_YEARLY":-8.546257587567,"TOTAL_ASSETS":319880039.02,"TOTAL_LIABILITIES":156884116.8,"TAX_EBT":5.309778800921,"OCF_SALES":0.432484798159,"TOTAL_PARENT_EQUITY":111149298.9,"DEBT_ASSET_RATIO":49.0446722717,"OPERATE_PROFIT":-17450315.46,"PRETAX_PROFIT":-18423004.36,"NETCASH_OPERATE":460990,"NETCASH_INVEST":-2650692.5,"NETCASH_FINANCE":-5712588.08,"END_CASH":4256781.66,"DIVI_RATIO":null,"DIVIDEND_RATE":null,"CURRENT_RATIO":1.176170610465,"COMMON_ACS":10000000000,"CURRENTDEBT_DEBT":86.775975552421,"ISSUED_COMMON_SHARES":215520000,"HK_COMMON_SHARES":215520000,"PER_SHARES":20000,"TOTAL_MARKET_CAP":64656000,"HKSK_MARKET_CAP":64656000,"PE_TTM":-1.420917302156,"PB_TTM":0.847192012369,"REPORT_DATE_SQ":"2022-06-30 00:00:00","REPORT_TYPE_SQ":"2022年中报","OPERATE_INCOME_SQ":200263263.06,"DPS_HKD":null,"OPERATE_INCOME_QOQ_SQ":1.684435806417,"NET_PROFIT_RATIO_SQ":-3.8279228266,"HOLDER_PROFIT_SQ":-7846368.25,"HOLDER_PROFIT_QOQ_SQ":-30.414603316829,"ROE_AVG_SQ":-5.331868885421,"PE_TTM_SQ":-0.318111970129,"PB_TTM_SQ":0.110243457343,"ROA_SQ":-1.821844461146,"START_DATE":"2023-01-01 00:00:00","FISCAL_YEAR":"12-31","CURRENCY":"HKD","IS_CNY_CODE":0,"DPS_HKD_LY":null,"ORG_TYPE":"一般企业","PREMIUM_INCOME":null,"PREMIUM_INCOME_YOY":null,"NET_INTEREST_INCOME":null,"NET_INTEREST_INCOME_YOY":null,"FEE_COMMISSION_INCOME":null,"FEE_COMMISSION_INCOME_YOY":null,"ACCOUNTS_RECE_TDAYS":0.868491627666,"INVENTORY_TDAYS":3.975742604329,"CURRENT_ASSETS_TDAYS":0.566079586351,"TOTAL_ASSETS_TDAYS":0.300718299803,"PREMIUM_EXPENSE":null,"LOAN_DEPOSIT":null,"LOAN_EQUITY":null,"LOAN_ASSETS":null,"DEPOSIT_EQUITY":null,"DEPOSIT_ASSETS":null,"EQUITY_MULTIPLIER":1.96250332317,"EQUITY_RATIO":1.411471942267},{"SECUCODE":"00058.HK","SECURITY_CODE":"00058","SECURITY_NAME_ABBR":"新威国际","ORG_CODE":"10007347","STD_REPORT_DATE":"2022-12-31 00:00:00","REPORT_DATE":"2022-12-31 00:00:00","DATE_TYPE_CODE":"001","REPORT_TYPE":"2022年年报","PER_NETCASH_OPERATE":0.13189161392,"PER_OI":2.243694298719,"BPS":0.579369649916,"BASIC_EPS":-0.185978814,"DILUTED_EPS":-0.185978814,"OPERATE_INCOME":402967496.05,"OPERATE_INCOME_YOY":-12.5588526614,"GROSS_PROFIT":94326632.19,"GROSS_PROFIT_YOY":19.500069401956,"HOLDER_PROFIT":-33394898.95,"HOLDER_PROFIT_YOY":-51.0871322341,"GROSS_PROFIT_RATIO":23.408000177338,"EPS_TTM":-0.185940417316,"OPERATE_INCOME_QOQ":-6.048605620409,"NET_PROFIT_RATIO":-10.0604058832,"ROE_AVG":-23.347895192089,"GROSS_PROFIT_QOQ":12.847867505567,"ROA":-7.857714106157,"HOLDER_PROFIT_QOQ":-26.573596125576,"ROE_YEARLY":-23.347895192089,"ROIC_YEARLY":-9.297900915241,"TOTAL_ASSETS":365827115.99,"TOTAL_LIABILITIES":184104733.54,"TAX_EBT":13.685812095854,"OCF_SALES":5.878323709032,"TOTAL_PARENT_EQUITY":124865746.95,"DEBT_ASSET_RATIO":51.7869415808,"OPERATE_PROFIT":-44173094.77,"PRETAX_PROFIT":-46968136.6,"NETCASH_OPERATE":23687733.86,"NETCASH_INVEST":-4868321.5,"NETCASH_FINANCE":-4941569.64,"END_CASH":8344928.34,"DIVI_RATIO":null,"DIVIDEND_RATE":null,"CURRENT_RATIO":1.206122281241,"COMMON_ACS":10000000000,"CURRENTDEBT_DEBT":94.451291108286,"ISSUED_COMMON_SHARES":215520000,"HK_COMMON_SHARES":215520000,"PER_SHARES":20000,"TOTAL_MARKET_CAP":75432000,"HKSK_MARKET_CAP":75432000,"PE_TTM":-1.657736852515,"PB_TTM":0.988390681098,"REPORT_DATE_SQ":"2021-12-31 00:00:00","REPORT_TYPE_SQ":"2021年年报","OPERATE_INCOME_SQ":421805563.2,"DPS_HKD":null,"OPERATE_INCOME_QOQ_SQ":11.171901501765,"NET_PROFIT_RATIO_SQ":-5.4513701113,"HOLDER_PROFIT_SQ":-20230694.4,"HOLDER_PROFIT_QOQ_SQ":-1190.95307069722,"ROE_AVG_SQ":-13.008266852419,"PE_TTM_SQ":-0.318111970129,"PB_TTM_SQ":0.110243457343,"ROA_SQ":-4.948903926982,"START_DATE":"2022-01-01 00:00:00","FISCAL_YEAR":"12-31","CURRENCY":"HKD","IS_CNY_CODE":0,"DPS_HKD_LY":null,"ORG_TYPE":"一般企业","PREMIUM_INCOME":null,"PREMIUM_INCOME_YOY":null,"NET_INTEREST_INCOME":null,"NET_INTEREST_INCOME_YOY":null,"FEE_COMMISSION_INCOME":null,"FEE_COMMISSION_INCOME_YOY":null,"ACCOUNTS_RECE_TDAYS":2.204507581866,"INVENTORY_TDAYS":13.865922908682,"CURRENT_ASSETS_TDAYS":1.554111316283,"TOTAL_ASSETS_TDAYS":0.948169773706,"PREMIUM_EXPENSE":null,"LOAN_DEPOSIT":null,"LOAN_EQUITY":null,"LOAN_ASSETS":null,"DEPOSIT_EQUITY":null,"DEPOSIT_ASSETS":null,"EQUITY_MULTIPLIER":2.074126870993,"EQUITY_RATIO":1.474421432915},{"SECUCODE":"00058.HK","SECURITY_CODE":"00058","SECURITY_NAME_ABBR":"新威国际","ORG_CODE":"10007347","STD_REPORT_DATE":"2022-06-30 00:00:00","REPORT_DATE":"2022-06-30 00:00:00","DATE_TYPE_CODE":"002","REPORT_TYPE":"2022年中报","PER_NETCASH_OPERATE":0.05203516882,"PER_OI":1.115051576058,"BPS":0.649562675436,"BASIC_EPS":-0.043700209,"DILUTED_EPS":-0.043700209,"OPERATE_INCOME":200263263.06,"OPERATE_INCOME_YOY":0.8766299502,"GROSS_PROFIT":42833046.34,"GROSS_PROFIT_YOY":12.187157310682,"HOLDER_PROFIT":-7846368.25,"HOLDER_PROFIT_YOY":-350.85995086,"GROSS_PROFIT_RATIO":21.388369332206,"EPS_TTM":-0.146903005846,"OPERATE_INCOME_QOQ":1.684435806417,"NET_PROFIT_RATIO":-3.8279228266,"ROE_AVG":-5.331868885421,"GROSS_PROFIT_QOQ":5.894840587981,"ROA":-1.821844461146,"HOLDER_PROFIT_QOQ":-30.414603316829,"ROE_YEARLY":-10.663737770843,"ROIC_YEARLY":-4.304581388257,"TOTAL_ASSETS":408457558.18,"TOTAL_LIABILITIES":209379588.46,"TAX_EBT":-38.869093725794,"OCF_SALES":4.66661542272,"TOTAL_PARENT_EQUITY":139993747.81,"DEBT_ASSET_RATIO":51.2610390644,"OPERATE_PROFIT":-4135698.84,"PRETAX_PROFIT":-5520251.45,"NETCASH_OPERATE":9345516.32,"NETCASH_INVEST":-138540.78,"NETCASH_FINANCE":513114,"END_CASH":9526816.6,"DIVI_RATIO":null,"DIVIDEND_RATE":null,"CURRENT_RATIO":1.397534114303,"COMMON_ACS":10000000000,"CURRENTDEBT_DEBT":89.675453572625,"ISSUED_COMMON_SHARES":215520000,"HK_COMMON_SHARES":215520000,"PER_SHARES":20000,"TOTAL_MARKET_CAP":64656000,"HKSK_MARKET_CAP":64656000,"PE_TTM":-1.420917302156,"PB_TTM":0.847192012369,"REPORT_DATE_SQ":"2021-06-30 00:00:00","REPORT_TYPE_SQ":"2021年中报","OPERATE_INCOME_SQ":193158219.12,"DPS_HKD":null,"OPERATE_INCOME_QOQ_SQ":17.104961608028,"NET_PROFIT_RATIO_SQ":-0.9067842973,"HOLDER_PROFIT_SQ":-1693282.8,"HOLDER_PROFIT_QOQ_SQ":111.70300068506,"ROE_AVG_SQ":-1.010951561262,"PE_TTM_SQ":-0.318111970129,"PB_TTM_SQ":0.110243457343,"ROA_SQ":-0.411815356969,"START_DATE":"2022-01-01 00:00:00","FISCAL_YEAR":"12-31","CURRENCY":"HKD","IS_CNY_CODE":0,"DPS_HKD_LY":null,"ORG_TYPE":"一般企业","PREMIUM_INCOME":null,"PREMIUM_INCOME_YOY":null,"NET_INTEREST_INCOME":null,"NET_INTEREST_INCOME_YOY":null,"FEE_COMMISSION_INCOME":null,"FEE_COMMISSION_INCOME_YOY":null,"ACCOUNTS_RECE_TDAYS":0.979272823835,"INVENTORY_TDAYS":6.206398975085,"CURRENT_ASSETS_TDAYS":0.717675722889,"TOTAL_ASSETS_TDAYS":0.464990305008,"PREMIUM_EXPENSE":null,"LOAN_DEPOSIT":null,"LOAN_EQUITY":null,"LOAN_ASSETS":null,"DEPOSIT_EQUITY":null,"DEPOSIT_ASSETS":null,"EQUITY_MULTIPLIER":2.051746653609,"EQUITY_RATIO":1.495635281828},{"SECUCODE":"00058.HK","SECURITY_CODE":"00058","SECURITY_NAME_ABBR":"新威国际","ORG_CODE":"10007347","STD_REPORT_DATE":"2021-12-31 00:00:00","REPORT_DATE":"2021-12-31 00:00:00","DATE_TYPE_CODE":"001","REPORT_TYPE":"2021年年报","PER_NETCASH_OPERATE":0.044262387528,"PER_OI":2.348583314031,"BPS":0.684588255382,"BASIC_EPS":-0.11266528,"DILUTED_EPS":-0.11266528,"OPERATE_INCOME":421805563.2,"OPERATE_INCOME_YOY":34.0157418953,"GROSS_PROFIT":78934374.4,"GROSS_PROFIT_YOY":21.884396504847,"HOLDER_PROFIT":-20230694.4,"HOLDER_PROFIT_YOY":-31.4282679131,"GROSS_PROFIT_RATIO":18.713450292398,"EPS_TTM":-0.112643064588,"OPERATE_INCOME_QOQ":11.171901501765,"NET_PROFIT_RATIO":-5.4513701113,"ROE_AVG":-13.008266852419,"GROSS_PROFIT_QOQ":-2.199847230081,"ROA":-4.948903926982,"HOLDER_PROFIT_QOQ":-1190.95307069722,"ROE_YEARLY":-13.008266852419,"ROIC_YEARLY":-5.894867243988,"TOTAL_ASSETS":433000142.4,"TOTAL_LIABILITIES":226853748.8,"TAX_EBT":-42.284731356875,"OCF_SALES":1.88464199943,"TOTAL_PARENT_EQUITY":147542460.8,"DEBT_ASSET_RATIO":52.3911487748,"OPERATE_PROFIT":-13898382.4,"PRETAX_PROFIT":-16160681.6,"NETCASH_OPERATE":7949524.8,"NETCASH_INVEST":-7041171.2,"NETCASH_FINANCE":-5101824,"END_CASH":2235318.4,"DIVI_RATIO":null,"DIVIDEND_RATE":null,"CURRENT_RATIO":1.406431904067,"COMMON_ACS":10000000000,"CURRENTDEBT_DEBT":88.60172347304,"ISSUED_COMMON_SHARES":215520000,"HK_COMMON_SHARES":215520000,"PER_SHARES":20000,"TOTAL_MARKET_CAP":75432000,"HKSK_MARKET_CAP":75432000,"PE_TTM":-1.657736852515,"PB_TTM":0.988390681098,"REPORT_DATE_SQ":"2020-12-31 00:00:00","REPORT_TYPE_SQ":"2020年年报","OPERATE_INCOME_SQ":323997734.4,"DPS_HKD":null,"OPERATE_INCOME_QOQ_SQ":-0.336407764405,"NET_PROFIT_RATIO_SQ":-5.3288653367,"HOLDER_PROFIT_SQ":-15845556.28,"HOLDER_PROFIT_QOQ_SQ":73.59554260975,"ROE_AVG_SQ":-9.882654306569,"PE_TTM_SQ":-0.318111970129,"PB_TTM_SQ":0.110243457343,"ROA_SQ":-4.229441649453,"START_DATE":"2021-01-01 00:00:00","FISCAL_YEAR":"12-31","CURRENCY":"HKD","IS_CNY_CODE":0,"DPS_HKD_LY":null,"ORG_TYPE":"一般企业","PREMIUM_INCOME":null,"PREMIUM_INCOME_YOY":null,"NET_INTEREST_INCOME":null,"NET_INTEREST_INCOME_YOY":null,"FEE_COMMISSION_INCOME":null,"FEE_COMMISSION_INCOME_YOY":null,"ACCOUNTS_RECE_TDAYS":2.656774063975,"INVENTORY_TDAYS":18.358088734213,"CURRENT_ASSETS_TDAYS":1.679526913085,"TOTAL_ASSETS_TDAYS":1.031835668549,"PREMIUM_EXPENSE":null,"LOAN_DEPOSIT":null,"LOAN_EQUITY":null,"LOAN_ASSETS":null,"DEPOSIT_EQUITY":null,"DEPOSIT_ASSETS":null,"EQUITY_MULTIPLIER":2.100449757273,"EQUITY_RATIO":1.537548903346},{"SECUCODE":"00058.HK","SECURITY_CODE":"00058","SECURITY_NAME_ABBR":"新威国际","ORG_CODE":"10007347","STD_REPORT_DATE":"2021-06-30 00:00:00","REPORT_DATE":"2021-06-30 00:00:00","DATE_TYPE_CODE":"002","REPORT_TYPE":"2021年中报","PER_NETCASH_OPERATE":-0.005494693096,"PER_OI":1.075491197773,"BPS":0.782252492205,"BASIC_EPS":-0.009402504,"DILUTED_EPS":-0.009402504,"OPERATE_INCOME":193158219.12,"OPERATE_INCOME_YOY":53.9475167616,"GROSS_PROFIT":38179990.8,"GROSS_PROFIT_YOY":64.708311122296,"HOLDER_PROFIT":-1693282.8,"HOLDER_PROFIT_YOY":90.4149592577,"GROSS_PROFIT_RATIO":20.257259659084,"EPS_TTM":0.010325197996,"OPERATE_INCOME_QOQ":17.104961608028,"NET_PROFIT_RATIO":-0.9067842973,"ROE_AVG":-1.010951561262,"GROSS_PROFIT_QOQ":24.625977621516,"ROA":-0.411815356969,"HOLDER_PROFIT_QOQ":111.70300068506,"ROE_YEARLY":-2.021903122524,"ROIC_YEARLY":-0.992001832888,"TOTAL_ASSETS":430956698.16,"TOTAL_LIABILITIES":200547921.6,"TAX_EBT":-66.403162055336,"OCF_SALES":-0.510900796506,"TOTAL_PARENT_EQUITY":168591057.12,"DEBT_ASSET_RATIO":46.5355156229,"OPERATE_PROFIT":133132.8,"PRETAX_PROFIT":-1052581.2,"NETCASH_OPERATE":-986846.88,"NETCASH_INVEST":-469293.12,"NETCASH_FINANCE":-6232279.2,"END_CASH":6152399.52,"DIVI_RATIO":null,"DIVIDEND_RATE":null,"CURRENT_RATIO":1.497572353168,"COMMON_ACS":10000000000,"CURRENTDEBT_DEBT":89.299228279811,"ISSUED_COMMON_SHARES":215520000,"HK_COMMON_SHARES":215520000,"PER_SHARES":20000,"TOTAL_MARKET_CAP":75432000,"HKSK_MARKET_CAP":75432000,"PE_TTM":-1.657736852515,"PB_TTM":0.988390681098,"REPORT_DATE_SQ":"2020-06-30 00:00:00","REPORT_TYPE_SQ":"2020年中报","OPERATE_INCOME_SQ":137738531.04,"DPS_HKD":null,"OPERATE_INCOME_QOQ_SQ":1.670335172384,"NET_PROFIT_RATIO_SQ":-16.1070620926,"HOLDER_PROFIT_SQ":-19393244.64,"HOLDER_PROFIT_QOQ_SQ":76.410529784263,"ROE_AVG_SQ":-12.018578953476,"PE_TTM_SQ":-0.318111970129,"PB_TTM_SQ":0.110243457343,"ROA_SQ":-5.32011927732,"START_DATE":"2021-01-01 00:00:00","FISCAL_YEAR":"12-31","CURRENCY":"HKD","IS_CNY_CODE":0,"DPS_HKD_LY":null,"ORG_TYPE":"一般企业","PREMIUM_INCOME":null,"PREMIUM_INCOME_YOY":null,"NET_INTEREST_INCOME":null,"NET_INTEREST_INCOME_YOY":null,"FEE_COMMISSION_INCOME":null,"FEE_COMMISSION_INCOME_YOY":null,"ACCOUNTS_RECE_TDAYS":1.515920696906,"INVENTORY_TDAYS":6.269737510584,"CURRENT_ASSETS_TDAYS":0.785692044216,"TOTAL_ASSETS_TDAYS":0.469771032685,"PREMIUM_EXPENSE":null,"LOAN_DEPOSIT":null,"LOAN_EQUITY":null,"LOAN_ASSETS":null,"DEPOSIT_EQUITY":null,"DEPOSIT_ASSETS":null,"EQUITY_MULTIPLIER":1.870400531588,"EQUITY_RATIO":1.189552548195},{"SECUCODE":"00058.HK","SECURITY_CODE":"00058","SECURITY_NAME_ABBR":"新威国际","ORG_CODE":"10007347","STD_REPORT_DATE":"2020-12-31 00:00:00","REPORT_DATE":"2020-12-31 00:00:00","DATE_TYPE_CODE":"001","REPORT_TYPE":"2020年年报","PER_NETCASH_OPERATE":-0.06403680735,"PER_OI":1.803996293987,"BPS":0.78094210412,"BASIC_EPS":-0.091907088,"DILUTED_EPS":-0.091907088,"OPERATE_INCOME":323997734.4,"OPERATE_INCOME_YOY":8.0107404695,"GROSS_PROFIT":64761673.08,"GROSS_PROFIT_YOY":1.440163238882,"HOLDER_PROFIT":-15845556.28,"HOLDER_PROFIT_YOY":93.3706579341,"GROSS_PROFIT_RATIO":19.988310473816,"EPS_TTM":-0.088226928062,"OPERATE_INCOME_QOQ":-0.336407764405,"NET_PROFIT_RATIO":-5.3288653367,"ROE_AVG":-9.882654306569,"GROSS_PROFIT_QOQ":11.239762271489,"ROA":-4.229441649453,"HOLDER_PROFIT_QOQ":73.59554260975,"ROE_YEARLY":-9.882654306569,"ROIC_YEARLY":-5.300147937948,"TOTAL_ASSETS":395890623.2,"TOTAL_LIABILITIES":166081662.84,"TAX_EBT":13.144470759701,"OCF_SALES":-3.549719451372,"TOTAL_PARENT_EQUITY":168308642.28,"DEBT_ASSET_RATIO":41.9514009949,"OPERATE_PROFIT":-15483651.08,"PRETAX_PROFIT":-18479047.84,"NETCASH_OPERATE":-11501010.6,"NETCASH_INVEST":-11141630.32,"NETCASH_FINANCE":3224322.84,"END_CASH":10928695.4,"DIVI_RATIO":null,"DIVIDEND_RATE":null,"CURRENT_RATIO":1.510607066128,"COMMON_ACS":10000000000,"CURRENTDEBT_DEBT":90.105457328043,"ISSUED_COMMON_SHARES":215520000,"HK_COMMON_SHARES":215520000,"PER_SHARES":20000,"TOTAL_MARKET_CAP":75432000,"HKSK_MARKET_CAP":75432000,"PE_TTM":-1.657736852515,"PB_TTM":0.988390681098,"REPORT_DATE_SQ":"2019-12-31 00:00:00","REPORT_TYPE_SQ":"2019年年报","OPERATE_INCOME_SQ":319264054.02,"DPS_HKD":null,"OPERATE_INCOME_QOQ_SQ":-2.315085104705,"NET_PROFIT_RATIO_SQ":-82.3690580246,"HOLDER_PROFIT_SQ":-254397041.1,"HOLDER_PROFIT_QOQ_SQ":-0.134372365224,"ROE_AVG_SQ":-89.475002481085,"PE_TTM_SQ":-0.318111970129,"PB_TTM_SQ":0.110243457343,"ROA_SQ":-51.473360254616,"START_DATE":"2020-01-01 00:00:00","FISCAL_YEAR":"12-31","CURRENCY":"HKD","IS_CNY_CODE":0,"DPS_HKD_LY":null,"ORG_TYPE":"一般企业","PREMIUM_INCOME":null,"PREMIUM_INCOME_YOY":null,"NET_INTEREST_INCOME":null,"NET_INTEREST_INCOME_YOY":null,"FEE_COMMISSION_INCOME":null,"FEE_COMMISSION_INCOME_YOY":null,"ACCOUNTS_RECE_TDAYS":3.279576762849,"INVENTORY_TDAYS":12.156888283701,"CURRENT_ASSETS_TDAYS":1.492732352422,"TOTAL_ASSETS_TDAYS":0.864803663554,"PREMIUM_EXPENSE":null,"LOAN_DEPOSIT":null,"LOAN_EQUITY":null,"LOAN_ASSETS":null,"DEPOSIT_EQUITY":null,"DEPOSIT_ASSETS":null,"EQUITY_MULTIPLIER":1.722694461432,"EQUITY_RATIO":0.986768478375},{"SECUCODE":"00058.HK","SECURITY_CODE":"00058","SECURITY_NAME_ABBR":"新威国际","ORG_CODE":"10007347","STD_REPORT_DATE":"2020-06-30 00:00:00","REPORT_DATE":"2020-06-30 00:00:00","DATE_TYPE_CODE":"002","REPORT_TYPE":"2020年中报","PER_NETCASH_OPERATE":-0.009498555367,"PER_OI":0.153383664855,"BPS":0.73012896882,"BASIC_EPS":-0.117559728,"DILUTED_EPS":-0.117559728,"OPERATE_INCOME":137738531.04,"OPERATE_INCOME_YOY":0.1866985582,"GROSS_PROFIT":23180366.88,"GROSS_PROFIT_YOY":-20.861591494473,"HOLDER_PROFIT":-19393244.64,"HOLDER_PROFIT_YOY":91.2638617426,"GROSS_PROFIT_RATIO":16.829253735303,"EPS_TTM":-0.066827298708,"OPERATE_INCOME_QOQ":1.670335172384,"NET_PROFIT_RATIO":-16.1070620926,"ROE_AVG":-12.018578953476,"GROSS_PROFIT_QOQ":-9.498958678118,"ROA":-5.32011927732,"HOLDER_PROFIT_QOQ":76.410529784263,"ROE_YEARLY":-24.037157906952,"ROIC_YEARLY":-13.557211547672,"TOTAL_ASSETS":345496805.28,"TOTAL_LIABILITIES":132676246.56,"TAX_EBT":-2.032247978918,"OCF_SALES":-6.192677281801,"TOTAL_PARENT_EQUITY":157357395.36,"DEBT_ASSET_RATIO":38.4015841919,"OPERATE_PROFIT":-18824171.52,"PRETAX_PROFIT":-20451008.16,"NETCASH_OPERATE":-8529702.72,"NETCASH_INVEST":-4255716.96,"NETCASH_FINANCE":3197040,"END_CASH":15725783.04,"DIVI_RATIO":null,"DIVIDEND_RATE":null,"CURRENT_RATIO":1.697127937337,"COMMON_ACS":10000000000,"CURRENTDEBT_DEBT":86.752404491597,"ISSUED_COMMON_SHARES":215520000,"HK_COMMON_SHARES":215520000,"PER_SHARES":20000,"TOTAL_MARKET_CAP":75432000,"HKSK_MARKET_CAP":75432000,"PE_TTM":-1.657736852515,"PB_TTM":0.988390681098,"REPORT_DATE_SQ":"2019-06-30 00:00:00","REPORT_TYPE_SQ":"2019年中报","OPERATE_INCOME_SQ":132397626.6,"DPS_HKD":null,"OPERATE_INCOME_QOQ_SQ":-9.919955541338,"NET_PROFIT_RATIO_SQ":-162.6811762289,"HOLDER_PROFIT_SQ":-213779371.5,"HOLDER_PROFIT_QOQ_SQ":-474.150369833868,"ROE_AVG_SQ":-71.931852321044,"PE_TTM_SQ":-0.318111970129,"PB_TTM_SQ":0.110243457343,"ROA_SQ":-43.658963358987,"START_DATE":"2020-01-01 00:00:00","FISCAL_YEAR":"12-31","CURRENCY":"HKD","IS_CNY_CODE":0,"DPS_HKD_LY":null,"ORG_TYPE":"一般企业","PREMIUM_INCOME":null,"PREMIUM_INCOME_YOY":null,"NET_INTEREST_INCOME":null,"NET_INTEREST_INCOME_YOY":null,"FEE_COMMISSION_INCOME":null,"FEE_COMMISSION_INCOME_YOY":null,"ACCOUNTS_RECE_TDAYS":1.631513459707,"INVENTORY_TDAYS":3.995412478695,"CURRENT_ASSETS_TDAYS":0.654142644577,"TOTAL_ASSETS_TDAYS":0.377856015235,"PREMIUM_EXPENSE":null,"LOAN_DEPOSIT":null,"LOAN_EQUITY":null,"LOAN_ASSETS":null,"DEPOSIT_EQUITY":null,"DEPOSIT_ASSETS":null,"EQUITY_MULTIPLIER":1.623418373478,"EQUITY_RATIO":0.843152279284}],"count":46},"success":true,"message":"ok","code":0}