{"version":"1f74886687cec25e2af91c4777722bb1","result":{"pages":6,"data":[{"SECUCODE":"00053.HK","SECURITY_CODE":"00053","SECURITY_NAME_ABBR":"国浩集团","ORG_CODE":"10007342","STD_REPORT_DATE":"2023-12-31 00:00:00","REPORT_DATE":"2024-06-30 00:00:00","DATE_TYPE_CODE":"001","REPORT_TYPE":"2023年年报","PER_NETCASH_OPERATE":22.026712424628,"PER_OI":66.381365417977,"BPS":170.176639489056,"BASIC_EPS":10.048788,"DILUTED_EPS":10.048788,"OPERATE_INCOME":21842879432.4,"OPERATE_INCOME_YOY":13.7971095639,"GROSS_PROFIT":null,"GROSS_PROFIT_YOY":null,"HOLDER_PROFIT":3268215070.8,"HOLDER_PROFIT_YOY":4.4665515498,"GROSS_PROFIT_RATIO":null,"EPS_TTM":10.036312693337,"OPERATE_INCOME_QOQ":13.293206803509,"NET_PROFIT_RATIO":15.3215789262,"ROE_AVG":5.935534525054,"GROSS_PROFIT_QOQ":null,"ROA":2.67583435619,"HOLDER_PROFIT_QOQ":5.325196488165,"ROE_YEARLY":5.935534525054,"ROIC_YEARLY":3.504853173164,"TOTAL_ASSETS":123655610172,"TOTAL_LIABILITIES":51506025012,"TAX_EBT":16.954044332205,"OCF_SALES":33.182071935301,"TOTAL_PARENT_EQUITY":55996856876.4,"DEBT_ASSET_RATIO":41.6528008235,"OPERATE_PROFIT":4749021574.8,"PRETAX_PROFIT":4029906074.4,"NETCASH_OPERATE":7247919966,"NETCASH_INVEST":-1886478213.6,"NETCASH_FINANCE":-3216089655.6,"END_CASH":10962279843.6,"DIVI_RATIO":0.290679066022,"DIVIDEND_RATE":4.671532846715,"CURRENT_RATIO":2.147178463657,"COMMON_ACS":800000000,"CURRENTDEBT_DEBT":38.948096675149,"ISSUED_COMMON_SHARES":329051373,"HK_COMMON_SHARES":329051373,"PER_SHARES":1000,"TOTAL_MARKET_CAP":22540019050.5,"HKSK_MARKET_CAP":22540019050.5,"PE_TTM":6.294513718393,"PB_TTM":0.367374630387,"REPORT_DATE_SQ":"2022-12-31 00:00:00","REPORT_TYPE_SQ":"2022年年报","OPERATE_INCOME_SQ":19461218236.8,"DPS_HKD":3.2,"OPERATE_INCOME_QOQ_SQ":14.987367743417,"NET_PROFIT_RATIO_SQ":17.3753274798,"HOLDER_PROFIT_SQ":3171938329.2,"HOLDER_PROFIT_QOQ_SQ":37.690628007671,"ROE_AVG_SQ":5.812970588322,"PE_TTM_SQ":8.514561106589,"PB_TTM_SQ":0.487912209505,"ROA_SQ":2.588519270101,"START_DATE":"2023-07-01 00:00:00","FISCAL_YEAR":"6-30","CURRENCY":"HKD","IS_CNY_CODE":0,"DPS_HKD_LY":3,"ORG_TYPE":"证券","PREMIUM_INCOME":null,"PREMIUM_INCOME_YOY":null,"NET_INTEREST_INCOME":null,"NET_INTEREST_INCOME_YOY":null,"FEE_COMMISSION_INCOME":null,"FEE_COMMISSION_INCOME_YOY":null,"ACCOUNTS_RECE_TDAYS":12.391166184883,"INVENTORY_TDAYS":null,"CURRENT_ASSETS_TDAYS":0.505215147983,"TOTAL_ASSETS_TDAYS":0.178837457013,"PREMIUM_EXPENSE":null,"LOAN_DEPOSIT":null,"LOAN_EQUITY":null,"LOAN_ASSETS":null,"DEPOSIT_EQUITY":null,"DEPOSIT_ASSETS":null,"EQUITY_MULTIPLIER":1.713878325119,"EQUITY_RATIO":0.919802072564},{"SECUCODE":"00053.HK","SECURITY_CODE":"00053","SECURITY_NAME_ABBR":"国浩集团","ORG_CODE":"10007342","STD_REPORT_DATE":"2023-06-30 00:00:00","REPORT_DATE":"2023-12-31 00:00:00","DATE_TYPE_CODE":"002","REPORT_TYPE":"2023年中报","PER_NETCASH_OPERATE":5.229251500798,"PER_OI":33.463589166972,"BPS":165.84396258149,"BASIC_EPS":4.037139,"DILUTED_EPS":4.037139,"OPERATE_INCOME":11011239960.9,"OPERATE_INCOME_YOY":28.5298083545,"GROSS_PROFIT":null,"GROSS_PROFIT_YOY":null,"HOLDER_PROFIT":1313713361.4,"HOLDER_PROFIT_YOY":12.6502402021,"GROSS_PROFIT_RATIO":null,"EPS_TTM":9.528881054084,"OPERATE_INCOME_QOQ":24.304178166508,"NET_PROFIT_RATIO":13.1996755575,"ROE_AVG":2.424650909525,"GROSS_PROFIT_QOQ":null,"ROA":1.075288982972,"HOLDER_PROFIT_QOQ":35.795743954838,"ROE_YEARLY":4.84930181905,"ROIC_YEARLY":2.810388902387,"TOTAL_ASSETS":124471766431.2,"TOTAL_LIABILITIES":53247851923.2,"TAX_EBT":10.585390296508,"OCF_SALES":15.626690474552,"TOTAL_PARENT_EQUITY":54571183591.2,"DEBT_ASSET_RATIO":42.7790602238,"OPERATE_PROFIT":1896407090.4,"PRETAX_PROFIT":1625515063.5,"NETCASH_OPERATE":1720692386.1,"NETCASH_INVEST":-722704542.6,"NETCASH_FINANCE":344282964.3,"END_CASH":10227022168.8,"DIVI_RATIO":0.306158297437,"DIVIDEND_RATE":4.651162790698,"CURRENT_RATIO":2.049495752656,"COMMON_ACS":800000000,"CURRENTDEBT_DEBT":41.637434663613,"ISSUED_COMMON_SHARES":329051373,"HK_COMMON_SHARES":329051373,"PER_SHARES":1000,"TOTAL_MARKET_CAP":22638734462.4,"HKSK_MARKET_CAP":22638734462.4,"PE_TTM":6.322080931758,"PB_TTM":0.368983570374,"REPORT_DATE_SQ":"2022-06-30 00:00:00","REPORT_TYPE_SQ":"2022年中报","OPERATE_INCOME_SQ":8424219974.2,"DPS_HKD":3.2,"OPERATE_INCOME_QOQ_SQ":11.905565959439,"NET_PROFIT_RATIO_SQ":10.9692892639,"HOLDER_PROFIT_SQ":1146742283.8,"HOLDER_PROFIT_QOQ_SQ":-3.260518789747,"ROE_AVG_SQ":2.206998164162,"PE_TTM_SQ":7.222863484169,"PB_TTM_SQ":0.41389370954,"ROA_SQ":0.979048677716,"START_DATE":"2023-07-01 00:00:00","FISCAL_YEAR":"6-30","CURRENCY":"HKD","IS_CNY_CODE":0,"DPS_HKD_LY":3,"ORG_TYPE":"证券","PREMIUM_INCOME":null,"PREMIUM_INCOME_YOY":null,"NET_INTEREST_INCOME":null,"NET_INTEREST_INCOME_YOY":null,"FEE_COMMISSION_INCOME":null,"FEE_COMMISSION_INCOME_YOY":null,"ACCOUNTS_RECE_TDAYS":6.730247578973,"INVENTORY_TDAYS":null,"CURRENT_ASSETS_TDAYS":0.248653862702,"TOTAL_ASSETS_TDAYS":0.090128222539,"PREMIUM_EXPENSE":null,"LOAN_DEPOSIT":null,"LOAN_EQUITY":null,"LOAN_ASSETS":null,"DEPOSIT_EQUITY":null,"DEPOSIT_ASSETS":null,"EQUITY_MULTIPLIER":1.747611982451,"EQUITY_RATIO":0.975750357956},{"SECUCODE":"00053.HK","SECURITY_CODE":"00053","SECURITY_NAME_ABBR":"国浩集团","ORG_CODE":"10007342","STD_REPORT_DATE":"2022-12-31 00:00:00","REPORT_DATE":"2023-06-30 00:00:00","DATE_TYPE_CODE":"001","REPORT_TYPE":"2022年年报","PER_NETCASH_OPERATE":19.596296615969,"PER_OI":59.143403838038,"BPS":166.288603629683,"BASIC_EPS":9.75483,"DILUTED_EPS":9.75483,"OPERATE_INCOME":19461218236.8,"OPERATE_INCOME_YOY":32.7587167246,"GROSS_PROFIT":null,"GROSS_PROFIT_YOY":null,"HOLDER_PROFIT":3171938329.2,"HOLDER_PROFIT_YOY":73.6671696089,"GROSS_PROFIT_RATIO":null,"EPS_TTM":7.017069001259,"OPERATE_INCOME_QOQ":14.987367743417,"NET_PROFIT_RATIO":17.3753274798,"ROE_AVG":5.812970588322,"GROSS_PROFIT_QOQ":null,"ROA":2.588519270101,"HOLDER_PROFIT_QOQ":37.690628007671,"ROE_YEARLY":5.812970588322,"ROIC_YEARLY":3.357762805896,"TOTAL_ASSETS":122457532985.4,"TOTAL_LIABILITIES":50984038091.4,"TAX_EBT":4.220073139025,"OCF_SALES":33.133528583565,"TOTAL_PARENT_EQUITY":54878729839.8,"DEBT_ASSET_RATIO":41.6889468914,"OPERATE_PROFIT":3010853569.8,"PRETAX_PROFIT":3568490233.2,"NETCASH_OPERATE":6448188307.2,"NETCASH_INVEST":-2780928613.8,"NETCASH_FINANCE":-4429827270.6,"END_CASH":8987233266,"DIVI_RATIO":0.415749937684,"DIVIDEND_RATE":4.651162790698,"CURRENT_RATIO":3.05584325707,"COMMON_ACS":800000000,"CURRENTDEBT_DEBT":28.240648552765,"ISSUED_COMMON_SHARES":329051373,"HK_COMMON_SHARES":329051373,"PER_SHARES":1000,"TOTAL_MARKET_CAP":22638734462.4,"HKSK_MARKET_CAP":22638734462.4,"PE_TTM":6.322080931758,"PB_TTM":0.368983570374,"REPORT_DATE_SQ":"2021-12-31 00:00:00","REPORT_TYPE_SQ":"2021年年报","OPERATE_INCOME_SQ":13615517851,"DPS_HKD":3.2,"OPERATE_INCOME_QOQ_SQ":14.184383876358,"NET_PROFIT_RATIO_SQ":20.7379548138,"HOLDER_PROFIT_SQ":1676930538.2,"HOLDER_PROFIT_QOQ_SQ":-16.693802989714,"ROE_AVG_SQ":3.318968929638,"PE_TTM_SQ":7.222863484169,"PB_TTM_SQ":0.41389370954,"ROA_SQ":1.488573757807,"START_DATE":"2022-07-01 00:00:00","FISCAL_YEAR":"6-30","CURRENCY":"HKD","IS_CNY_CODE":0,"DPS_HKD_LY":2,"ORG_TYPE":"证券","PREMIUM_INCOME":null,"PREMIUM_INCOME_YOY":null,"NET_INTEREST_INCOME":null,"NET_INTEREST_INCOME_YOY":null,"FEE_COMMISSION_INCOME":null,"FEE_COMMISSION_INCOME_YOY":null,"ACCOUNTS_RECE_TDAYS":12.022757252256,"INVENTORY_TDAYS":null,"CURRENT_ASSETS_TDAYS":0.443075351876,"TOTAL_ASSETS_TDAYS":0.160662977809,"PREMIUM_EXPENSE":null,"LOAN_DEPOSIT":null,"LOAN_EQUITY":null,"LOAN_ASSETS":null,"DEPOSIT_EQUITY":null,"DEPOSIT_ASSETS":null,"EQUITY_MULTIPLIER":1.714940730255,"EQUITY_RATIO":0.929030942229},{"SECUCODE":"00053.HK","SECURITY_CODE":"00053","SECURITY_NAME_ABBR":"国浩集团","ORG_CODE":"10007342","STD_REPORT_DATE":"2022-06-30 00:00:00","REPORT_DATE":"2022-12-31 00:00:00","DATE_TYPE_CODE":"002","REPORT_TYPE":"2022年中报","PER_NETCASH_OPERATE":15.715505114759,"PER_OI":25.601534184147,"BPS":157.043190465581,"BASIC_EPS":3.551946,"DILUTED_EPS":3.551946,"OPERATE_INCOME":8424219974.2,"OPERATE_INCOME_YOY":20.8077775481,"GROSS_PROFIT":null,"GROSS_PROFIT_YOY":null,"HOLDER_PROFIT":1146742283.8,"HOLDER_PROFIT_YOY":106.4323783722,"GROSS_PROFIT_RATIO":null,"EPS_TTM":5.096257532407,"OPERATE_INCOME_QOQ":11.905565959439,"NET_PROFIT_RATIO":10.9692892639,"ROE_AVG":2.206998164162,"GROSS_PROFIT_QOQ":null,"ROA":0.979048677716,"HOLDER_PROFIT_QOQ":-3.260518789747,"ROE_YEARLY":4.413996328324,"ROIC_YEARLY":2.544925056528,"TOTAL_ASSETS":116365734711.2,"TOTAL_LIABILITIES":49035046335.2,"TAX_EBT":3.705563006046,"OCF_SALES":61.385013107888,"TOTAL_PARENT_EQUITY":51675277443,"DEBT_ASSET_RATIO":42.1387330703,"OPERATE_PROFIT":997435189,"PRETAX_PROFIT":971136859.4,"NETCASH_OPERATE":5171208535.4,"NETCASH_INVEST":-798066549.4,"NETCASH_FINANCE":-3490580909.4,"END_CASH":10376244133,"DIVI_RATIO":0.572448700139,"DIVIDEND_RATE":4.651162790698,"CURRENT_RATIO":1.621517827085,"COMMON_ACS":800000000,"CURRENTDEBT_DEBT":52.654059050549,"ISSUED_COMMON_SHARES":329051373,"HK_COMMON_SHARES":329051373,"PER_SHARES":1000,"TOTAL_MARKET_CAP":22638734462.4,"HKSK_MARKET_CAP":22638734462.4,"PE_TTM":6.322080931758,"PB_TTM":0.368983570374,"REPORT_DATE_SQ":"2021-06-30 00:00:00","REPORT_TYPE_SQ":"2021年中报","OPERATE_INCOME_SQ":6383612243.7,"DPS_HKD":3.2,"OPERATE_INCOME_QOQ_SQ":19.216437100259,"NET_PROFIT_RATIO_SQ":15.0287493221,"HOLDER_PROFIT_SQ":503622918.7,"HOLDER_PROFIT_QOQ_SQ":328.697919786769,"ROE_AVG_SQ":1.040553474175,"PE_TTM_SQ":7.222863484169,"PB_TTM_SQ":0.41389370954,"ROA_SQ":0.4608001639,"START_DATE":"2022-07-01 00:00:00","FISCAL_YEAR":"6-30","CURRENCY":"HKD","IS_CNY_CODE":0,"DPS_HKD_LY":2,"ORG_TYPE":"证券","PREMIUM_INCOME":null,"PREMIUM_INCOME_YOY":null,"NET_INTEREST_INCOME":null,"NET_INTEREST_INCOME_YOY":null,"FEE_COMMISSION_INCOME":null,"FEE_COMMISSION_INCOME_YOY":null,"ACCOUNTS_RECE_TDAYS":5.342937788222,"INVENTORY_TDAYS":null,"CURRENT_ASSETS_TDAYS":0.200270907316,"TOTAL_ASSETS_TDAYS":0.072624369872,"PREMIUM_EXPENSE":null,"LOAN_DEPOSIT":null,"LOAN_EQUITY":null,"LOAN_ASSETS":null,"DEPOSIT_EQUITY":null,"DEPOSIT_ASSETS":null,"EQUITY_MULTIPLIER":1.728271870049,"EQUITY_RATIO":0.948907267877},{"SECUCODE":"00053.HK","SECURITY_CODE":"00053","SECURITY_NAME_ABBR":"国浩集团","ORG_CODE":"10007342","STD_REPORT_DATE":"2021-12-31 00:00:00","REPORT_DATE":"2022-06-30 00:00:00","DATE_TYPE_CODE":"001","REPORT_TYPE":"2021年年报","PER_NETCASH_OPERATE":9.212314136735,"PER_OI":41.378091593619,"BPS":150.058955592323,"BASIC_EPS":5.167778,"DILUTED_EPS":5.167778,"OPERATE_INCOME":13615517851,"OPERATE_INCOME_YOY":22.9941677175,"GROSS_PROFIT":null,"GROSS_PROFIT_YOY":null,"HOLDER_PROFIT":1676930538.2,"HOLDER_PROFIT_YOY":-22.42760856,"GROSS_PROFIT_RATIO":null,"EPS_TTM":5.268022392358,"OPERATE_INCOME_QOQ":14.184383876358,"NET_PROFIT_RATIO":20.7379548138,"ROE_AVG":3.318968929638,"GROSS_PROFIT_QOQ":null,"ROA":1.488573757807,"HOLDER_PROFIT_QOQ":-16.693802989714,"ROE_YEARLY":3.318968929638,"ROIC_YEARLY":1.910552195027,"TOTAL_ASSETS":111424857427.8,"TOTAL_LIABILITIES":46981853688.4,"TAX_EBT":9.076095178405,"OCF_SALES":22.26374823472,"TOTAL_PARENT_EQUITY":49377105368.6,"DEBT_ASSET_RATIO":42.1646074071,"OPERATE_PROFIT":1958406654.2,"PRETAX_PROFIT":3105431894,"NETCASH_OPERATE":3031324615.2,"NETCASH_INVEST":-1972534151.2,"NETCASH_FINANCE":-661777597,"END_CASH":9032309502.4,"DIVI_RATIO":0.553783902709,"DIVIDEND_RATE":4.651162790698,"CURRENT_RATIO":2.559331133978,"COMMON_ACS":800000000,"CURRENTDEBT_DEBT":33.869919400666,"ISSUED_COMMON_SHARES":329051373,"HK_COMMON_SHARES":329051373,"PER_SHARES":1000,"TOTAL_MARKET_CAP":22638734462.4,"HKSK_MARKET_CAP":22638734462.4,"PE_TTM":6.322080931758,"PB_TTM":0.368983570374,"REPORT_DATE_SQ":"2020-12-31 00:00:00","REPORT_TYPE_SQ":"2020年年报","OPERATE_INCOME_SQ":10655547344,"DPS_HKD":3.2,"OPERATE_INCOME_QOQ_SQ":-27.0411915769,"NET_PROFIT_RATIO_SQ":19.3565088757,"HOLDER_PROFIT_SQ":2080817590.3,"HOLDER_PROFIT_QOQ_SQ":-14.131052338601,"ROE_AVG_SQ":4.311727642709,"PE_TTM_SQ":7.222863484169,"PB_TTM_SQ":0.41389370954,"ROA_SQ":1.929221586105,"START_DATE":"2021-07-01 00:00:00","FISCAL_YEAR":"6-30","CURRENCY":"HKD","IS_CNY_CODE":0,"DPS_HKD_LY":2,"ORG_TYPE":"证券","PREMIUM_INCOME":null,"PREMIUM_INCOME_YOY":null,"NET_INTEREST_INCOME":null,"NET_INTEREST_INCOME_YOY":null,"FEE_COMMISSION_INCOME":null,"FEE_COMMISSION_INCOME_YOY":null,"ACCOUNTS_RECE_TDAYS":9.413663097572,"INVENTORY_TDAYS":null,"CURRENT_ASSETS_TDAYS":0.328837108994,"TOTAL_ASSETS_TDAYS":0.120861908769,"PREMIUM_EXPENSE":null,"LOAN_DEPOSIT":null,"LOAN_EQUITY":null,"LOAN_ASSETS":null,"DEPOSIT_EQUITY":null,"DEPOSIT_ASSETS":null,"EQUITY_MULTIPLIER":1.729045062491,"EQUITY_RATIO":0.951490642023},{"SECUCODE":"00053.HK","SECURITY_CODE":"00053","SECURITY_NAME_ABBR":"国浩集团","ORG_CODE":"10007342","STD_REPORT_DATE":"2021-06-30 00:00:00","REPORT_DATE":"2021-12-31 00:00:00","DATE_TYPE_CODE":"002","REPORT_TYPE":"2021年中报","PER_NETCASH_OPERATE":3.770046800868,"PER_OI":19.400047431803,"BPS":144.991241602873,"BASIC_EPS":1.530168,"DILUTED_EPS":1.530168,"OPERATE_INCOME":6383612243.7,"OPERATE_INCOME_YOY":34.0875336645,"GROSS_PROFIT":null,"GROSS_PROFIT_YOY":null,"HOLDER_PROFIT":503622918.7,"HOLDER_PROFIT_YOY":-39.4342978945,"GROSS_PROFIT_RATIO":null,"EPS_TTM":6.323686089892,"OPERATE_INCOME_QOQ":19.216437100259,"NET_PROFIT_RATIO":15.0287493221,"ROE_AVG":1.040553474175,"GROSS_PROFIT_QOQ":null,"ROA":0.4608001639,"HOLDER_PROFIT_QOQ":328.697919786769,"ROE_YEARLY":2.08110694835,"ROIC_YEARLY":1.190426224913,"TOTAL_ASSETS":110400416192.7,"TOTAL_LIABILITIES":48240318644.6,"TAX_EBT":16.13730221982,"OCF_SALES":19.433183419377,"TOTAL_PARENT_EQUITY":47709567122.4,"DEBT_ASSET_RATIO":43.6957760742,"OPERATE_PROFIT":1112132478.1,"PRETAX_PROFIT":1143985475.3,"NETCASH_OPERATE":1240539076.1,"NETCASH_INVEST":-221204911.5,"NETCASH_FINANCE":2079530190.5,"END_CASH":11430208318.9,"DIVI_RATIO":0.461336309002,"DIVIDEND_RATE":4.651162790698,"CURRENT_RATIO":3.963289542056,"COMMON_ACS":800000000,"CURRENTDEBT_DEBT":22.331746203351,"ISSUED_COMMON_SHARES":329051373,"HK_COMMON_SHARES":329051373,"PER_SHARES":1000,"TOTAL_MARKET_CAP":22638734462.4,"HKSK_MARKET_CAP":22638734462.4,"PE_TTM":6.322080931758,"PB_TTM":0.368983570374,"REPORT_DATE_SQ":"2020-06-30 00:00:00","REPORT_TYPE_SQ":"2020年中报","OPERATE_INCOME_SQ":4872188504.3,"DPS_HKD":3.2,"OPERATE_INCOME_QOQ_SQ":-31.022156050266,"NET_PROFIT_RATIO_SQ":12.5042352623,"HOLDER_PROFIT_SQ":850990507.8,"HOLDER_PROFIT_QOQ_SQ":-120.75898153287,"ROE_AVG_SQ":1.754474230798,"PE_TTM_SQ":7.222863484169,"PB_TTM_SQ":0.41389370954,"ROA_SQ":0.774601467509,"START_DATE":"2021-07-01 00:00:00","FISCAL_YEAR":"6-30","CURRENCY":"HKD","IS_CNY_CODE":0,"DPS_HKD_LY":2,"ORG_TYPE":"证券","PREMIUM_INCOME":null,"PREMIUM_INCOME_YOY":null,"NET_INTEREST_INCOME":null,"NET_INTEREST_INCOME_YOY":null,"FEE_COMMISSION_INCOME":null,"FEE_COMMISSION_INCOME_YOY":null,"ACCOUNTS_RECE_TDAYS":4.724127355597,"INVENTORY_TDAYS":null,"CURRENT_ASSETS_TDAYS":0.154426076209,"TOTAL_ASSETS_TDAYS":0.058408175223,"PREMIUM_EXPENSE":null,"LOAN_DEPOSIT":null,"LOAN_EQUITY":null,"LOAN_ASSETS":null,"DEPOSIT_EQUITY":null,"DEPOSIT_ASSETS":null,"EQUITY_MULTIPLIER":1.776065684375,"EQUITY_RATIO":1.011124635041},{"SECUCODE":"00053.HK","SECURITY_CODE":"00053","SECURITY_NAME_ABBR":"国浩集团","ORG_CODE":"10007342","STD_REPORT_DATE":"2020-12-31 00:00:00","REPORT_DATE":"2021-06-30 00:00:00","DATE_TYPE_CODE":"001","REPORT_TYPE":"2020年年报","PER_NETCASH_OPERATE":8.998692297509,"PER_OI":32.382625384152,"BPS":151.15972133172,"BASIC_EPS":6.395499,"DILUTED_EPS":6.395499,"OPERATE_INCOME":10655547344,"OPERATE_INCOME_YOY":-4.6814963267,"GROSS_PROFIT":null,"GROSS_PROFIT_YOY":null,"HOLDER_PROFIT":2080817590.3,"HOLDER_PROFIT_YOY":386.0417203193,"GROSS_PROFIT_RATIO":null,"EPS_TTM":-2.765082470268,"OPERATE_INCOME_QOQ":-27.0411915769,"NET_PROFIT_RATIO":19.3565088757,"ROE_AVG":4.311727642709,"GROSS_PROFIT_QOQ":null,"ROA":1.929221586105,"HOLDER_PROFIT_QOQ":-14.131052338601,"ROE_YEARLY":4.311727642709,"ROIC_YEARLY":2.495853423404,"TOTAL_ASSETS":109617980746.5,"TOTAL_LIABILITIES":45559693747.5,"TAX_EBT":-0.942799691424,"OCF_SALES":27.788643418372,"TOTAL_PARENT_EQUITY":49739313846.5,"DEBT_ASSET_RATIO":41.5622450233,"OPERATE_PROFIT":1689484112.6,"PRETAX_PROFIT":2043277949.2,"NETCASH_OPERATE":2961032055.7,"NETCASH_INVEST":-1363714189.8,"NETCASH_FINANCE":-3668406545.6,"END_CASH":8556977398.9,"DIVI_RATIO":-1.055066541909,"DIVIDEND_RATE":4.651162790698,"CURRENT_RATIO":3.250829354832,"COMMON_ACS":800000000,"CURRENTDEBT_DEBT":27.350809467598,"ISSUED_COMMON_SHARES":329051373,"HK_COMMON_SHARES":329051373,"PER_SHARES":1000,"TOTAL_MARKET_CAP":22638734462.4,"HKSK_MARKET_CAP":22638734462.4,"PE_TTM":6.322080931758,"PB_TTM":0.368983570374,"REPORT_DATE_SQ":"2019-12-31 00:00:00","REPORT_TYPE_SQ":"2019年年报","OPERATE_INCOME_SQ":12250727854.5,"DPS_HKD":3.2,"OPERATE_INCOME_QOQ_SQ":14.297584441488,"NET_PROFIT_RATIO_SQ":-5.6077288522,"HOLDER_PROFIT_SQ":-797201256.5,"HOLDER_PROFIT_QOQ_SQ":29.457249146496,"ROE_AVG_SQ":-1.481712969512,"PE_TTM_SQ":7.222863484169,"PB_TTM_SQ":0.41389370954,"ROA_SQ":-0.694581386832,"START_DATE":"2020-07-01 00:00:00","FISCAL_YEAR":"6-30","CURRENCY":"HKD","IS_CNY_CODE":0,"DPS_HKD_LY":2,"ORG_TYPE":"证券","PREMIUM_INCOME":null,"PREMIUM_INCOME_YOY":null,"NET_INTEREST_INCOME":null,"NET_INTEREST_INCOME_YOY":null,"FEE_COMMISSION_INCOME":null,"FEE_COMMISSION_INCOME_YOY":null,"ACCOUNTS_RECE_TDAYS":6.960102960103,"INVENTORY_TDAYS":null,"CURRENT_ASSETS_TDAYS":0.263244034581,"TOTAL_ASSETS_TDAYS":0.09879247486,"PREMIUM_EXPENSE":null,"LOAN_DEPOSIT":null,"LOAN_EQUITY":null,"LOAN_ASSETS":null,"DEPOSIT_EQUITY":null,"DEPOSIT_ASSETS":null,"EQUITY_MULTIPLIER":1.711222480054,"EQUITY_RATIO":0.915969486192},{"SECUCODE":"00053.HK","SECURITY_CODE":"00053","SECURITY_NAME_ABBR":"国浩集团","ORG_CODE":"10007342","STD_REPORT_DATE":"2020-06-30 00:00:00","REPORT_DATE":"2020-12-31 00:00:00","DATE_TYPE_CODE":"002","REPORT_TYPE":"2020年中报","PER_NETCASH_OPERATE":4.811134422466,"PER_OI":14.806771538072,"BPS":151.219979474451,"BASIC_EPS":2.60996,"DILUTED_EPS":2.60996,"OPERATE_INCOME":4872188504.3,"OPERATE_INCOME_YOY":-36.3564923525,"GROSS_PROFIT":null,"GROSS_PROFIT_YOY":null,"HOLDER_PROFIT":850990507.8,"HOLDER_PROFIT_YOY":-5.5823011156,"GROSS_PROFIT_RATIO":null,"EPS_TTM":-2.422725817041,"OPERATE_INCOME_QOQ":-31.022156050266,"NET_PROFIT_RATIO":12.5042352623,"ROE_AVG":1.754474230798,"GROSS_PROFIT_QOQ":null,"ROA":0.774601467509,"HOLDER_PROFIT_QOQ":-120.75898153287,"ROE_YEARLY":3.508948461596,"ROIC_YEARLY":2.035498156421,"TOTAL_ASSETS":112561408769.5,"TOTAL_LIABILITIES":46770085181.1,"TAX_EBT":11.826088598869,"OCF_SALES":32.492798380088,"TOTAL_PARENT_EQUITY":49759141871.1,"DEBT_ASSET_RATIO":41.5507283468,"OPERATE_PROFIT":659249796.4,"PRETAX_PROFIT":690941235.7,"NETCASH_OPERATE":1583110387.4,"NETCASH_INVEST":1135365224.5,"NETCASH_FINANCE":-2678216978.9,"END_CASH":10777803720.4,"DIVI_RATIO":-1.204158547154,"DIVIDEND_RATE":4.651162790698,"CURRENT_RATIO":4.10325053278,"COMMON_ACS":800000000,"CURRENTDEBT_DEBT":21.9170949976,"ISSUED_COMMON_SHARES":329051373,"HK_COMMON_SHARES":329051373,"PER_SHARES":1000,"TOTAL_MARKET_CAP":22638734462.4,"HKSK_MARKET_CAP":22638734462.4,"PE_TTM":6.322080931758,"PB_TTM":0.368983570374,"REPORT_DATE_SQ":"2019-06-30 00:00:00","REPORT_TYPE_SQ":"2019年中报","OPERATE_INCOME_SQ":8184931293,"DPS_HKD":3.2,"OPERATE_INCOME_QOQ_SQ":10.648137644241,"NET_PROFIT_RATIO_SQ":15.8420305728,"HOLDER_PROFIT_SQ":963643434.6,"HOLDER_PROFIT_QOQ_SQ":162.812564941224,"ROE_AVG_SQ":1.766671085487,"PE_TTM_SQ":7.222863484169,"PB_TTM_SQ":0.41389370954,"ROA_SQ":0.826923835013,"START_DATE":"2020-07-01 00:00:00","FISCAL_YEAR":"6-30","CURRENCY":"HKD","IS_CNY_CODE":0,"DPS_HKD_LY":2,"ORG_TYPE":"证券","PREMIUM_INCOME":null,"PREMIUM_INCOME_YOY":null,"NET_INTEREST_INCOME":null,"NET_INTEREST_INCOME_YOY":null,"FEE_COMMISSION_INCOME":null,"FEE_COMMISSION_INCOME_YOY":null,"ACCOUNTS_RECE_TDAYS":3.355594402452,"INVENTORY_TDAYS":null,"CURRENT_ASSETS_TDAYS":0.117523998586,"TOTAL_ASSETS_TDAYS":0.044348372054,"PREMIUM_EXPENSE":null,"LOAN_DEPOSIT":null,"LOAN_EQUITY":null,"LOAN_ASSETS":null,"DEPOSIT_EQUITY":null,"DEPOSIT_ASSETS":null,"EQUITY_MULTIPLIER":1.710885305694,"EQUITY_RATIO":0.93992949682},{"SECUCODE":"00053.HK","SECURITY_CODE":"00053","SECURITY_NAME_ABBR":"国浩集团","ORG_CODE":"10007342","STD_REPORT_DATE":"2019-12-31 00:00:00","REPORT_DATE":"2020-06-30 00:00:00","DATE_TYPE_CODE":"001","REPORT_TYPE":"2019年年报","PER_NETCASH_OPERATE":-1.621339657805,"PER_OI":37.230441383085,"BPS":155.796134664662,"BASIC_EPS":-2.477825,"DILUTED_EPS":-2.477825,"OPERATE_INCOME":12250727854.5,"OPERATE_INCOME_YOY":-23.4407213986,"GROSS_PROFIT":null,"GROSS_PROFIT_YOY":null,"HOLDER_PROFIT":-797201256.5,"HOLDER_PROFIT_YOY":-126.0965791505,"GROSS_PROFIT_RATIO":null,"EPS_TTM":11.670735451087,"OPERATE_INCOME_QOQ":14.297584441488,"NET_PROFIT_RATIO":-5.6077288522,"ROE_AVG":-1.481712969512,"GROSS_PROFIT_QOQ":null,"ROA":-0.694581386832,"HOLDER_PROFIT_QOQ":29.457249146496,"ROE_YEARLY":-1.481712969512,"ROIC_YEARLY":-0.927110890389,"TOTAL_ASSETS":116270536384,"TOTAL_LIABILITIES":48658514981.5,"TAX_EBT":-75.284044724626,"OCF_SALES":-4.354876272139,"TOTAL_PARENT_EQUITY":51264932019.5,"DEBT_ASSET_RATIO":41.8493940897,"OPERATE_PROFIT":76147102,"PRETAX_PROFIT":-391928199.5,"NETCASH_OPERATE":-533504040.5,"NETCASH_INVEST":294507200,"NETCASH_FINANCE":335490425.5,"END_CASH":11314789636.5,"DIVI_RATIO":0.24997105043,"DIVIDEND_RATE":4.651162790698,"CURRENT_RATIO":3.702124212474,"COMMON_ACS":800000000,"CURRENTDEBT_DEBT":24.606087129975,"ISSUED_COMMON_SHARES":329051373,"HK_COMMON_SHARES":329051373,"PER_SHARES":1000,"TOTAL_MARKET_CAP":22638734462.4,"HKSK_MARKET_CAP":22638734462.4,"PE_TTM":6.322080931758,"PB_TTM":0.368983570374,"REPORT_DATE_SQ":"2018-12-31 00:00:00","REPORT_TYPE_SQ":"2018年年报","OPERATE_INCOME_SQ":15538719417.2,"DPS_HKD":3.2,"OPERATE_INCOME_QOQ_SQ":-46.070459718375,"NET_PROFIT_RATIO_SQ":24.3119424353,"HOLDER_PROFIT_SQ":2966439924.7,"HOLDER_PROFIT_QOQ_SQ":-72.674802839072,"ROE_AVG_SQ":5.293635047341,"PE_TTM_SQ":7.222863484169,"PB_TTM_SQ":0.41389370954,"ROA_SQ":2.630287708005,"START_DATE":"2019-07-01 00:00:00","FISCAL_YEAR":"6-30","CURRENCY":"HKD","IS_CNY_CODE":0,"DPS_HKD_LY":4,"ORG_TYPE":"证券","PREMIUM_INCOME":null,"PREMIUM_INCOME_YOY":null,"NET_INTEREST_INCOME":null,"NET_INTEREST_INCOME_YOY":null,"FEE_COMMISSION_INCOME":null,"FEE_COMMISSION_INCOME_YOY":null,"ACCOUNTS_RECE_TDAYS":6.626310317693,"INVENTORY_TDAYS":null,"CURRENT_ASSETS_TDAYS":0.278126354106,"TOTAL_ASSETS_TDAYS":0.106737507919,"PREMIUM_EXPENSE":null,"LOAN_DEPOSIT":null,"LOAN_EQUITY":null,"LOAN_ASSETS":null,"DEPOSIT_EQUITY":null,"DEPOSIT_ASSETS":null,"EQUITY_MULTIPLIER":1.719672537106,"EQUITY_RATIO":0.949157895362}],"count":46},"success":true,"message":"ok","code":0}