{"version":"d31af8c7d8caab7e2267a8a7f376907a","result":{"pages":6,"data":[{"SECUCODE":"00060.HK","SECURITY_CODE":"00060","SECURITY_NAME_ABBR":"香港食品投资","ORG_CODE":"10007349","STD_REPORT_DATE":"2024-06-30 00:00:00","REPORT_DATE":"2024-09-30 00:00:00","DATE_TYPE_CODE":"002","REPORT_TYPE":"2024年中报","PER_NETCASH_OPERATE":0.026509748176,"PER_OI":0.345592485689,"BPS":1.864891826177,"BASIC_EPS":-0.021462602,"DILUTED_EPS":-0.021462602,"OPERATE_INCOME":89710970.99,"OPERATE_INCOME_YOY":-10.0387043099,"GROSS_PROFIT":13777547.62,"GROSS_PROFIT_YOY":-34.524123183581,"HOLDER_PROFIT":-5573963.99,"HOLDER_PROFIT_YOY":13.6731843575,"GROSS_PROFIT_RATIO":15.357706496718,"EPS_TTM":-0.067582826501,"OPERATE_INCOME_QOQ":0,"NET_PROFIT_RATIO":-6.4987284004,"ROE_AVG":-1.150319450467,"GROSS_PROFIT_QOQ":0,"ROA":-1.026789385247,"HOLDER_PROFIT_QOQ":0,"ROE_YEARLY":-2.300638900934,"ROIC_YEARLY":-2.395666792632,"TOTAL_ASSETS":534316887.53,"TOTAL_LIABILITIES":44404139.6,"TAX_EBT":-9.743676795111,"OCF_SALES":7.670811511746,"TOTAL_PARENT_EQUITY":484099809.59,"DEBT_ASSET_RATIO":8.3104503407,"OPERATE_PROFIT":-9903457.78,"PRETAX_PROFIT":-5312444.89,"NETCASH_OPERATE":6881559.49,"NETCASH_INVEST":12645801.17,"NETCASH_FINANCE":-10913462.58,"END_CASH":75900057.14,"DIVI_RATIO":null,"DIVIDEND_RATE":null,"CURRENT_RATIO":3.146389524536,"COMMON_ACS":null,"CURRENTDEBT_DEBT":95.848903330626,"ISSUED_COMMON_SHARES":259586000,"HK_COMMON_SHARES":259586000,"PER_SHARES":2000,"TOTAL_MARKET_CAP":118111630,"HKSK_MARKET_CAP":118111630,"PE_TTM":-6.42854351494,"PB_TTM":0.22002050963,"REPORT_DATE_SQ":"2023-06-30 00:00:00","REPORT_TYPE_SQ":"2023年中报","OPERATE_INCOME_SQ":101473360.66,"DPS_HKD":null,"OPERATE_INCOME_QOQ_SQ":0,"NET_PROFIT_RATIO_SQ":-6.3518474978,"HOLDER_PROFIT_SQ":-6570230.8,"HOLDER_PROFIT_QOQ_SQ":0,"ROE_AVG_SQ":-1.273615698914,"PE_TTM_SQ":-9.02907826087,"PB_TTM_SQ":0.255921582088,"ROA_SQ":-1.12842358752,"START_DATE":"2024-04-01 00:00:00","FISCAL_YEAR":"3-31","CURRENCY":"HKD","IS_CNY_CODE":0,"DPS_HKD_LY":null,"ORG_TYPE":"一般企业","PREMIUM_INCOME":null,"PREMIUM_INCOME_YOY":null,"NET_INTEREST_INCOME":null,"NET_INTEREST_INCOME_YOY":null,"FEE_COMMISSION_INCOME":null,"FEE_COMMISSION_INCOME_YOY":null,"ACCOUNTS_RECE_TDAYS":5.153254422544,"INVENTORY_TDAYS":2.231962042093,"CURRENT_ASSETS_TDAYS":0.665326841535,"TOTAL_ASSETS_TDAYS":0.165258105216,"PREMIUM_EXPENSE":null,"LOAN_DEPOSIT":null,"LOAN_EQUITY":null,"LOAN_ASSETS":null,"DEPOSIT_EQUITY":null,"DEPOSIT_ASSETS":null,"EQUITY_MULTIPLIER":1.09063683235,"EQUITY_RATIO":0.091725174686},{"SECUCODE":"00060.HK","SECURITY_CODE":"00060","SECURITY_NAME_ABBR":"香港食品投资","ORG_CODE":"10007349","STD_REPORT_DATE":"2023-12-31 00:00:00","REPORT_DATE":"2024-03-31 00:00:00","DATE_TYPE_CODE":"001","REPORT_TYPE":"2023年年报","PER_NETCASH_OPERATE":-0.046426524158,"PER_OI":0.739824508063,"BPS":1.878283622191,"BASIC_EPS":-0.067537975,"DILUTED_EPS":-0.067537975,"OPERATE_INCOME":192048084.75,"OPERATE_INCOME_YOY":-8.5128067819,"GROSS_PROFIT":41081219.8,"GROSS_PROFIT_YOY":-7.344857888202,"HOLDER_PROFIT":-17543555.6,"HOLDER_PROFIT_YOY":-1943.0476190476,"GROSS_PROFIT_RATIO":21.391111425807,"EPS_TTM":-0.054572869492,"OPERATE_INCOME_QOQ":0,"NET_PROFIT_RATIO":-9.0084731761,"ROE_AVG":-3.47288335279,"GROSS_PROFIT_QOQ":0,"ROA":-3.059602324425,"HOLDER_PROFIT_QOQ":0,"ROE_YEARLY":-3.47288335279,"ROIC_YEARLY":-3.53574524802,"TOTAL_ASSETS":554300932,"TOTAL_LIABILITIES":60623718.15,"TAX_EBT":-10.248411322935,"OCF_SALES":-6.275342821402,"TOTAL_PARENT_EQUITY":487576132.35,"DEBT_ASSET_RATIO":10.9369684679,"OPERATE_PROFIT":-23091641.6,"PRETAX_PROFIT":-15692380.5,"NETCASH_OPERATE":-12051675.7,"NETCASH_INVEST":11277482,"NETCASH_FINANCE":-5401224.9,"END_CASH":67605966.25,"DIVI_RATIO":null,"DIVIDEND_RATE":null,"CURRENT_RATIO":2.46249345721,"COMMON_ACS":null,"CURRENTDEBT_DEBT":91.421051844541,"ISSUED_COMMON_SHARES":259586000,"HK_COMMON_SHARES":259586000,"PER_SHARES":2000,"TOTAL_MARKET_CAP":128495070,"HKSK_MARKET_CAP":128495070,"PE_TTM":-6.993690197573,"PB_TTM":0.239362972015,"REPORT_DATE_SQ":"2022-12-31 00:00:00","REPORT_TYPE_SQ":"2022年年报","OPERATE_INCOME_SQ":202707313.37,"DPS_HKD":null,"OPERATE_INCOME_QOQ_SQ":0,"NET_PROFIT_RATIO_SQ":1.0109821772,"HOLDER_PROFIT_SQ":919180.5,"HOLDER_PROFIT_QOQ_SQ":0,"ROE_AVG_SQ":0.178671095441,"PE_TTM_SQ":135.973619047619,"PB_TTM_SQ":0.260660870645,"ROA_SQ":0.156856066632,"START_DATE":"2023-04-01 00:00:00","FISCAL_YEAR":"3-31","CURRENCY":"HKD","IS_CNY_CODE":0,"DPS_HKD_LY":null,"ORG_TYPE":"一般企业","PREMIUM_INCOME":null,"PREMIUM_INCOME_YOY":null,"NET_INTEREST_INCOME":null,"NET_INTEREST_INCOME_YOY":null,"FEE_COMMISSION_INCOME":null,"FEE_COMMISSION_INCOME_YOY":null,"ACCOUNTS_RECE_TDAYS":11.319227378376,"INVENTORY_TDAYS":4.039661843366,"CURRENT_ASSETS_TDAYS":1.407201240837,"TOTAL_ASSETS_TDAYS":0.334932541555,"PREMIUM_EXPENSE":null,"LOAN_DEPOSIT":null,"LOAN_EQUITY":null,"LOAN_ASSETS":null,"DEPOSIT_EQUITY":null,"DEPOSIT_ASSETS":null,"EQUITY_MULTIPLIER":1.122800316582,"EQUITY_RATIO":0.124336927359},{"SECUCODE":"00060.HK","SECURITY_CODE":"00060","SECURITY_NAME_ABBR":"香港食品投资","ORG_CODE":"10007349","STD_REPORT_DATE":"2023-06-30 00:00:00","REPORT_DATE":"2023-09-30 00:00:00","DATE_TYPE_CODE":"002","REPORT_TYPE":"2023年中报","PER_NETCASH_OPERATE":-0.021121475157,"PER_OI":0.390904596781,"BPS":1.936218883761,"BASIC_EPS":-0.025326588,"DILUTED_EPS":-0.025326588,"OPERATE_INCOME":101473360.66,"OPERATE_INCOME_YOY":-2.6018179256,"GROSS_PROFIT":21042173.53,"GROSS_PROFIT_YOY":1.867055278774,"HOLDER_PROFIT":-6570230.8,"HOLDER_PROFIT_YOY":-176.048858205,"GROSS_PROFIT_RATIO":20.736647917383,"EPS_TTM":0.003540947894,"OPERATE_INCOME_QOQ":0,"NET_PROFIT_RATIO":-6.3518474978,"ROE_AVG":-1.273615698914,"GROSS_PROFIT_QOQ":0,"ROA":-1.12842358752,"HOLDER_PROFIT_QOQ":0,"ROE_YEARLY":-2.547231397829,"ROIC_YEARLY":-2.62157028765,"TOTAL_ASSETS":564770065.58,"TOTAL_LIABILITIES":55109187.28,"TAX_EBT":5.311404691291,"OCF_SALES":-5.403230182127,"TOTAL_PARENT_EQUITY":502615315.16,"DEBT_ASSET_RATIO":9.7578095297,"OPERATE_PROFIT":-14003033.8,"PRETAX_PROFIT":-6806979.34,"NETCASH_OPERATE":-5482839.25,"NETCASH_INVEST":7507131.03,"NETCASH_FINANCE":-3376878.4,"END_CASH":73251650.01,"DIVI_RATIO":null,"DIVIDEND_RATE":null,"CURRENT_RATIO":2.81325431671,"COMMON_ACS":null,"CURRENTDEBT_DEBT":84.572732116691,"ISSUED_COMMON_SHARES":259586000,"HK_COMMON_SHARES":259586000,"PER_SHARES":2000,"TOTAL_MARKET_CAP":128495070,"HKSK_MARKET_CAP":128495070,"PE_TTM":-6.993690197573,"PB_TTM":0.239362972015,"REPORT_DATE_SQ":"2022-06-30 00:00:00","REPORT_TYPE_SQ":"2022年中报","OPERATE_INCOME_SQ":102686499.84,"DPS_HKD":null,"OPERATE_INCOME_QOQ_SQ":0,"NET_PROFIT_RATIO_SQ":9.2085329763,"HOLDER_PROFIT_SQ":8515302.6,"HOLDER_PROFIT_QOQ_SQ":0,"ROE_AVG_SQ":1.610299072646,"PE_TTM_SQ":-9.196283413849,"PB_TTM_SQ":0.260660870645,"ROA_SQ":1.411256475441,"START_DATE":"2023-04-01 00:00:00","FISCAL_YEAR":"3-31","CURRENCY":"HKD","IS_CNY_CODE":0,"DPS_HKD_LY":null,"ORG_TYPE":"一般企业","PREMIUM_INCOME":null,"PREMIUM_INCOME_YOY":null,"NET_INTEREST_INCOME":null,"NET_INTEREST_INCOME_YOY":null,"FEE_COMMISSION_INCOME":null,"FEE_COMMISSION_INCOME_YOY":null,"ACCOUNTS_RECE_TDAYS":5.906211611387,"INVENTORY_TDAYS":2.44432360077,"CURRENT_ASSETS_TDAYS":0.753724934226,"TOTAL_ASSETS_TDAYS":0.174278403848,"PREMIUM_EXPENSE":null,"LOAN_DEPOSIT":null,"LOAN_EQUITY":null,"LOAN_ASSETS":null,"DEPOSIT_EQUITY":null,"DEPOSIT_ASSETS":null,"EQUITY_MULTIPLIER":1.108129129832,"EQUITY_RATIO":0.109644862816},{"SECUCODE":"00060.HK","SECURITY_CODE":"00060","SECURITY_NAME_ABBR":"香港食品投资","ORG_CODE":"10007349","STD_REPORT_DATE":"2022-12-31 00:00:00","REPORT_DATE":"2023-03-31 00:00:00","DATE_TYPE_CODE":"001","REPORT_TYPE":"2022年年报","PER_NETCASH_OPERATE":0.063696594115,"PER_OI":0.780886925219,"BPS":1.944573924095,"BASIC_EPS":0.00350164,"DILUTED_EPS":0.00350164,"OPERATE_INCOME":202707313.37,"OPERATE_INCOME_YOY":26.441984787,"GROSS_PROFIT":44337765.68,"GROSS_PROFIT_YOY":114.897066775732,"HOLDER_PROFIT":919180.5,"HOLDER_PROFIT_YOY":106.0564111438,"GROSS_PROFIT_RATIO":21.872800217657,"EPS_TTM":-0.01511012493,"OPERATE_INCOME_QOQ":0,"NET_PROFIT_RATIO":1.0109821772,"ROE_AVG":0.178671095441,"GROSS_PROFIT_QOQ":0,"ROA":0.156856066632,"HOLDER_PROFIT_QOQ":0,"ROE_YEARLY":0.178671095441,"ROIC_YEARLY":0.182441008569,"TOTAL_ASSETS":572133835.01,"TOTAL_LIABILITIES":60747326.13,"TAX_EBT":1.721242653233,"OCF_SALES":8.156954875042,"TOTAL_PARENT_EQUITY":504784166.66,"DEBT_ASSET_RATIO":10.6176776154,"OPERATE_PROFIT":-7373578.43,"PRETAX_PROFIT":2085226.62,"NETCASH_OPERATE":16534744.08,"NETCASH_INVEST":-5405656.75,"NETCASH_FINANCE":-20413685.79,"END_CASH":71350292.05,"DIVI_RATIO":null,"DIVIDEND_RATE":null,"CURRENT_RATIO":2.748083242059,"COMMON_ACS":null,"CURRENTDEBT_DEBT":78.941679996542,"ISSUED_COMMON_SHARES":259586000,"HK_COMMON_SHARES":259586000,"PER_SHARES":2000,"TOTAL_MARKET_CAP":124601280,"HKSK_MARKET_CAP":124601280,"PE_TTM":-6.781760191585,"PB_TTM":0.23210954862,"REPORT_DATE_SQ":"2021-12-31 00:00:00","REPORT_TYPE_SQ":"2021年年报","OPERATE_INCOME_SQ":148522694.33,"DPS_HKD":null,"OPERATE_INCOME_QOQ_SQ":0,"NET_PROFIT_RATIO_SQ":-8.6057673931,"HOLDER_PROFIT_SQ":-14060480.37,"HOLDER_PROFIT_QOQ_SQ":0,"ROE_AVG_SQ":-2.844658696744,"PE_TTM_SQ":135.973619047619,"PB_TTM_SQ":0.260660870645,"ROA_SQ":-2.532276039559,"START_DATE":"2022-04-01 00:00:00","FISCAL_YEAR":"3-31","CURRENCY":"HKD","IS_CNY_CODE":0,"DPS_HKD_LY":null,"ORG_TYPE":"一般企业","PREMIUM_INCOME":null,"PREMIUM_INCOME_YOY":null,"NET_INTEREST_INCOME":null,"NET_INTEREST_INCOME_YOY":null,"FEE_COMMISSION_INCOME":null,"FEE_COMMISSION_INCOME_YOY":null,"ACCOUNTS_RECE_TDAYS":14.089689372965,"INVENTORY_TDAYS":3.926019162534,"CURRENT_ASSETS_TDAYS":1.416909389074,"TOTAL_ASSETS_TDAYS":0.345915430678,"PREMIUM_EXPENSE":null,"LOAN_DEPOSIT":null,"LOAN_EQUITY":null,"LOAN_ASSETS":null,"DEPOSIT_EQUITY":null,"DEPOSIT_ASSETS":null,"EQUITY_MULTIPLIER":1.118789457827,"EQUITY_RATIO":0.120343168709},{"SECUCODE":"00060.HK","SECURITY_CODE":"00060","SECURITY_NAME_ABBR":"香港食品投资","ORG_CODE":"10007349","STD_REPORT_DATE":"2022-06-30 00:00:00","REPORT_DATE":"2022-09-30 00:00:00","DATE_TYPE_CODE":"002","REPORT_TYPE":"2022年中报","PER_NETCASH_OPERATE":0.059011272873,"PER_OI":0.395577958133,"BPS":1.988168072238,"BASIC_EPS":0.032831172,"DILUTED_EPS":0.032831172,"OPERATE_INCOME":102686499.84,"OPERATE_INCOME_YOY":21.4795476188,"GROSS_PROFIT":20656505.16,"GROSS_PROFIT_YOY":44.920743776022,"HOLDER_PROFIT":8515302.6,"HOLDER_PROFIT_YOY":583.3162217659,"GROSS_PROFIT_RATIO":20.116086527621,"EPS_TTM":-0.054165018029,"OPERATE_INCOME_QOQ":0,"NET_PROFIT_RATIO":9.2085329763,"ROE_AVG":1.610299072646,"GROSS_PROFIT_QOQ":0,"ROA":1.411256475441,"HOLDER_PROFIT_QOQ":0,"ROE_YEARLY":3.220598145291,"ROIC_YEARLY":3.293097960483,"TOTAL_ASSETS":587005075.44,"TOTAL_LIABILITIES":64310206.2,"TAX_EBT":0.844081942337,"OCF_SALES":14.917735343856,"TOTAL_PARENT_EQUITY":516100597.2,"DEBT_ASSET_RATIO":10.9556473855,"OPERATE_PROFIT":-5919559.8,"PRETAX_PROFIT":9536415.36,"NETCASH_OPERATE":15318500.28,"NETCASH_INVEST":-8887931.88,"NETCASH_FINANCE":-13053782.52,"END_CASH":76582552.56,"DIVI_RATIO":null,"DIVIDEND_RATE":null,"CURRENT_RATIO":2.724476860293,"COMMON_ACS":null,"CURRENTDEBT_DEBT":80.985865972857,"ISSUED_COMMON_SHARES":259586000,"HK_COMMON_SHARES":259586000,"PER_SHARES":2000,"TOTAL_MARKET_CAP":124601280,"HKSK_MARKET_CAP":124601280,"PE_TTM":-6.781760191585,"PB_TTM":0.23210954862,"REPORT_DATE_SQ":"2021-06-30 00:00:00","REPORT_TYPE_SQ":"2021年中报","OPERATE_INCOME_SQ":77858620.66,"DPS_HKD":null,"OPERATE_INCOME_QOQ_SQ":0,"NET_PROFIT_RATIO_SQ":-1.1898010935,"HOLDER_PROFIT_SQ":-1622800.88,"HOLDER_PROFIT_QOQ_SQ":0,"ROE_AVG_SQ":-0.313532349119,"PE_TTM_SQ":135.973619047619,"PB_TTM_SQ":0.260660870645,"ROA_SQ":-0.28059905305,"START_DATE":"2022-04-01 00:00:00","FISCAL_YEAR":"3-31","CURRENCY":"HKD","IS_CNY_CODE":0,"DPS_HKD_LY":null,"ORG_TYPE":"一般企业","PREMIUM_INCOME":null,"PREMIUM_INCOME_YOY":null,"NET_INTEREST_INCOME":null,"NET_INTEREST_INCOME_YOY":null,"FEE_COMMISSION_INCOME":null,"FEE_COMMISSION_INCOME_YOY":null,"ACCOUNTS_RECE_TDAYS":7.273752322378,"INVENTORY_TDAYS":2.011733652737,"CURRENT_ASSETS_TDAYS":0.681494731345,"TOTAL_ASSETS_TDAYS":0.17018419033,"PREMIUM_EXPENSE":null,"LOAN_DEPOSIT":null,"LOAN_EQUITY":null,"LOAN_ASSETS":null,"DEPOSIT_EQUITY":null,"DEPOSIT_ASSETS":null,"EQUITY_MULTIPLIER":1.123035847461,"EQUITY_RATIO":0.124607889526},{"SECUCODE":"00060.HK","SECURITY_CODE":"00060","SECURITY_NAME_ABBR":"香港食品投资","ORG_CODE":"10007349","STD_REPORT_DATE":"2021-12-31 00:00:00","REPORT_DATE":"2022-03-31 00:00:00","DATE_TYPE_CODE":"001","REPORT_TYPE":"2021年年报","PER_NETCASH_OPERATE":-0.137444865786,"PER_OI":0.572152174347,"BPS":1.87054111231,"BASIC_EPS":-0.054175468,"DILUTED_EPS":-0.054175468,"OPERATE_INCOME":148522694.33,"OPERATE_INCOME_YOY":39.668242831,"GROSS_PROFIT":20632094.4,"GROSS_PROFIT_YOY":52.4764502486,"HOLDER_PROFIT":-14060480.37,"HOLDER_PROFIT_YOY":-316.554541086,"GROSS_PROFIT_RATIO":13.891543304593,"EPS_TTM":-0.038281619656,"OPERATE_INCOME_QOQ":0,"NET_PROFIT_RATIO":-8.6057673931,"ROE_AVG":-2.844658696744,"GROSS_PROFIT_QOQ":0,"ROA":-2.532276039559,"HOLDER_PROFIT_QOQ":0,"ROE_YEARLY":-2.844658696744,"ROIC_YEARLY":-3.093636160051,"TOTAL_ASSETS":555741358.46,"TOTAL_LIABILITIES":65105449.77,"TAX_EBT":-0.632143541281,"OCF_SALES":-24.02243178455,"TOTAL_PARENT_EQUITY":485566285.18,"DEBT_ASSET_RATIO":11.7150629117,"OPERATE_PROFIT":-14359743.06,"PRETAX_PROFIT":-12701227.61,"NETCASH_OPERATE":-35678762.93,"NETCASH_INVEST":-13566575.28,"NETCASH_FINANCE":5980387.74,"END_CASH":74979496.52,"DIVI_RATIO":null,"DIVIDEND_RATE":null,"CURRENT_RATIO":2.874321394219,"COMMON_ACS":null,"CURRENTDEBT_DEBT":76.409183203159,"ISSUED_COMMON_SHARES":259586000,"HK_COMMON_SHARES":259586000,"PER_SHARES":2000,"TOTAL_MARKET_CAP":124601280,"HKSK_MARKET_CAP":124601280,"PE_TTM":-6.781760191585,"PB_TTM":0.23210954862,"REPORT_DATE_SQ":"2020-12-31 00:00:00","REPORT_TYPE_SQ":"2020年年报","OPERATE_INCOME_SQ":110820001.6,"DPS_HKD":null,"OPERATE_INCOME_QOQ_SQ":0,"NET_PROFIT_RATIO_SQ":-2.8515863331,"HOLDER_PROFIT_SQ":-3517639.16,"HOLDER_PROFIT_QOQ_SQ":0,"ROE_AVG_SQ":-0.681246966757,"PE_TTM_SQ":135.973619047619,"PB_TTM_SQ":0.260660870645,"ROA_SQ":-0.620638697166,"START_DATE":"2021-04-01 00:00:00","FISCAL_YEAR":"3-31","CURRENCY":"HKD","IS_CNY_CODE":0,"DPS_HKD_LY":null,"ORG_TYPE":"一般企业","PREMIUM_INCOME":null,"PREMIUM_INCOME_YOY":null,"NET_INTEREST_INCOME":null,"NET_INTEREST_INCOME_YOY":null,"FEE_COMMISSION_INCOME":null,"FEE_COMMISSION_INCOME_YOY":null,"ACCOUNTS_RECE_TDAYS":15.156252586278,"INVENTORY_TDAYS":3.707719075498,"CURRENT_ASSETS_TDAYS":0.984988489921,"TOTAL_ASSETS_TDAYS":0.267487632204,"PREMIUM_EXPENSE":null,"LOAN_DEPOSIT":null,"LOAN_EQUITY":null,"LOAN_ASSETS":null,"DEPOSIT_EQUITY":null,"DEPOSIT_ASSETS":null,"EQUITY_MULTIPLIER":1.1326960555,"EQUITY_RATIO":0.134081487445},{"SECUCODE":"00060.HK","SECURITY_CODE":"00060","SECURITY_NAME_ABBR":"香港食品投资","ORG_CODE":"10007349","STD_REPORT_DATE":"2021-06-30 00:00:00","REPORT_DATE":"2021-09-30 00:00:00","DATE_TYPE_CODE":"002","REPORT_TYPE":"2021年中报","PER_NETCASH_OPERATE":-0.058545197276,"PER_OI":0.299933820237,"BPS":1.99745250522,"BASIC_EPS":-0.00624795,"DILUTED_EPS":-0.00624795,"OPERATE_INCOME":77858620.66,"OPERATE_INCOME_YOY":46.0716127721,"GROSS_PROFIT":14253656.6,"GROSS_PROFIT_YOY":110.552065512642,"HOLDER_PROFIT":-1622800.88,"HOLDER_PROFIT_YOY":-135.6841912438,"GROSS_PROFIT_RATIO":18.307101357786,"EPS_TTM":-0.01355095868,"OPERATE_INCOME_QOQ":0,"NET_PROFIT_RATIO":-1.1898010935,"ROE_AVG":-0.313532349119,"GROSS_PROFIT_QOQ":0,"ROA":-0.28059905305,"HOLDER_PROFIT_QOQ":0,"ROE_YEARLY":-0.627064698237,"ROIC_YEARLY":-0.710787421471,"TOTAL_ASSETS":586825791.32,"TOTAL_LIABILITIES":63724924.7,"TAX_EBT":-44.791666666667,"OCF_SALES":-19.519371716545,"TOTAL_PARENT_EQUITY":518510706.02,"DEBT_ASSET_RATIO":10.8592576609,"OPERATE_PROFIT":-3641305.26,"PRETAX_PROFIT":-639790.08,"NETCASH_OPERATE":-15197513.58,"NETCASH_INVEST":-262413.9,"NETCASH_FINANCE":8677986.02,"END_CASH":114076737.22,"DIVI_RATIO":null,"DIVIDEND_RATE":null,"CURRENT_RATIO":3.143194656893,"COMMON_ACS":null,"CURRENTDEBT_DEBT":86.318060003922,"ISSUED_COMMON_SHARES":259586000,"HK_COMMON_SHARES":259586000,"PER_SHARES":2000,"TOTAL_MARKET_CAP":124601280,"HKSK_MARKET_CAP":124601280,"PE_TTM":-6.781760191585,"PB_TTM":0.23210954862,"REPORT_DATE_SQ":"2020-06-30 00:00:00","REPORT_TYPE_SQ":"2020年中报","OPERATE_INCOME_SQ":56223141.76,"DPS_HKD":null,"OPERATE_INCOME_QOQ_SQ":0,"NET_PROFIT_RATIO_SQ":8.7523248363,"HOLDER_PROFIT_SQ":4796932.48,"HOLDER_PROFIT_QOQ_SQ":0,"ROE_AVG_SQ":0.895572094046,"PE_TTM_SQ":135.973619047619,"PB_TTM_SQ":0.260660870645,"ROA_SQ":0.818947249986,"START_DATE":"2021-04-01 00:00:00","FISCAL_YEAR":"3-31","CURRENCY":"HKD","IS_CNY_CODE":0,"DPS_HKD_LY":null,"ORG_TYPE":"一般企业","PREMIUM_INCOME":null,"PREMIUM_INCOME_YOY":null,"NET_INTEREST_INCOME":null,"NET_INTEREST_INCOME_YOY":null,"FEE_COMMISSION_INCOME":null,"FEE_COMMISSION_INCOME_YOY":null,"ACCOUNTS_RECE_TDAYS":7.952435651989,"INVENTORY_TDAYS":1.883582089552,"CURRENT_ASSETS_TDAYS":0.463731945361,"TOTAL_ASSETS_TDAYS":0.134625606248,"PREMIUM_EXPENSE":null,"LOAN_DEPOSIT":null,"LOAN_EQUITY":null,"LOAN_ASSETS":null,"DEPOSIT_EQUITY":null,"DEPOSIT_ASSETS":null,"EQUITY_MULTIPLIER":1.121821485619,"EQUITY_RATIO":0.122899920793},{"SECUCODE":"00060.HK","SECURITY_CODE":"00060","SECURITY_NAME_ABBR":"香港食品投资","ORG_CODE":"10007349","STD_REPORT_DATE":"2020-12-31 00:00:00","REPORT_DATE":"2021-03-31 00:00:00","DATE_TYPE_CODE":"001","REPORT_TYPE":"2020年年报","PER_NETCASH_OPERATE":-0.016979396809,"PER_OI":0.426910548335,"BPS":2.019288195974,"BASIC_EPS":-0.01352288,"DILUTED_EPS":-0.01352288,"OPERATE_INCOME":110820001.6,"OPERATE_INCOME_YOY":-6.3749571575,"GROSS_PROFIT":13531331.8,"GROSS_PROFIT_YOY":5.894754495672,"HOLDER_PROFIT":-3517639.16,"HOLDER_PROFIT_YOY":82.7381693003,"GROSS_PROFIT_RATIO":12.210189139719,"EPS_TTM":-0.058882014515,"OPERATE_INCOME_QOQ":0,"NET_PROFIT_RATIO":-2.8515863331,"ROE_AVG":-0.681246966757,"GROSS_PROFIT_QOQ":0,"ROA":-0.620638697166,"HOLDER_PROFIT_QOQ":0,"ROE_YEARLY":-0.681246966757,"ROIC_YEARLY":-0.805031349221,"TOTAL_ASSETS":578133546.48,"TOTAL_LIABILITIES":50004229.52,"TAX_EBT":10.721107927412,"OCF_SALES":-3.977272727273,"TOTAL_PARENT_EQUITY":524178945.64,"DEBT_ASSET_RATIO":8.6492523785,"OPERATE_PROFIT":-10411772.42,"PRETAX_PROFIT":-3539613.84,"NETCASH_OPERATE":-4407613.7,"NETCASH_INVEST":-1126624.94,"NETCASH_FINANCE":-2396930.48,"END_CASH":122625475.84,"DIVI_RATIO":null,"DIVIDEND_RATE":null,"CURRENT_RATIO":4.290510148108,"COMMON_ACS":null,"CURRENTDEBT_DEBT":77.031640862687,"ISSUED_COMMON_SHARES":259586000,"HK_COMMON_SHARES":259586000,"PER_SHARES":2000,"TOTAL_MARKET_CAP":124601280,"HKSK_MARKET_CAP":124601280,"PE_TTM":-6.781760191585,"PB_TTM":0.23210954862,"REPORT_DATE_SQ":"2019-12-31 00:00:00","REPORT_TYPE_SQ":"2019年年报","OPERATE_INCOME_SQ":127961857.6,"DPS_HKD":null,"OPERATE_INCOME_QOQ_SQ":0,"NET_PROFIT_RATIO_SQ":-17.1769678967,"HOLDER_PROFIT_SQ":-22030220.7,"HOLDER_PROFIT_QOQ_SQ":0,"ROE_AVG_SQ":-3.857695190721,"PE_TTM_SQ":135.973619047619,"PB_TTM_SQ":0.260660870645,"ROA_SQ":-3.54171960909,"START_DATE":"2020-04-01 00:00:00","FISCAL_YEAR":"3-31","CURRENCY":"HKD","IS_CNY_CODE":0,"DPS_HKD_LY":null,"ORG_TYPE":"一般企业","PREMIUM_INCOME":null,"PREMIUM_INCOME_YOY":null,"NET_INTEREST_INCOME":null,"NET_INTEREST_INCOME_YOY":null,"FEE_COMMISSION_INCOME":null,"FEE_COMMISSION_INCOME_YOY":null,"ACCOUNTS_RECE_TDAYS":13.094322664403,"INVENTORY_TDAYS":3.86158542722,"CURRENT_ASSETS_TDAYS":0.663875204423,"TOTAL_ASSETS_TDAYS":0.195526540059,"PREMIUM_EXPENSE":null,"LOAN_DEPOSIT":null,"LOAN_EQUITY":null,"LOAN_ASSETS":null,"DEPOSIT_EQUITY":null,"DEPOSIT_ASSETS":null,"EQUITY_MULTIPLIER":1.09468179083,"EQUITY_RATIO":0.095395341488},{"SECUCODE":"00060.HK","SECURITY_CODE":"00060","SECURITY_NAME_ABBR":"香港食品投资","ORG_CODE":"10007349","STD_REPORT_DATE":"2020-06-30 00:00:00","REPORT_DATE":"2020-09-30 00:00:00","DATE_TYPE_CODE":"002","REPORT_TYPE":"2020年中报","PER_NETCASH_OPERATE":-0.006807400707,"PER_OI":0.216587727227,"BPS":2.090051426502,"BASIC_EPS":0.01845312,"DILUTED_EPS":0.01845312,"OPERATE_INCOME":56223141.76,"OPERATE_INCOME_YOY":-16.7224167328,"GROSS_PROFIT":6769658.88,"GROSS_PROFIT_YOY":-4.782011538521,"HOLDER_PROFIT":4796932.48,"HOLDER_PROFIT_YOY":352.7314814815,"GROSS_PROFIT_RATIO":12.040698310489,"EPS_TTM":-0.084866752059,"OPERATE_INCOME_QOQ":0,"NET_PROFIT_RATIO":8.7523248363,"ROE_AVG":0.895572094046,"GROSS_PROFIT_QOQ":0,"ROA":0.818947249986,"HOLDER_PROFIT_QOQ":0,"ROE_YEARLY":1.791144188091,"ROIC_YEARLY":2.158870142517,"TOTAL_ASSETS":594025264.64,"TOTAL_LIABILITIES":47617836.8,"TAX_EBT":null,"OCF_SALES":-3.143022365316,"TOTAL_PARENT_EQUITY":542548089.6,"DEBT_ASSET_RATIO":8.0161298912,"OPERATE_PROFIT":-2535985.92,"PRETAX_PROFIT":4920832,"NETCASH_OPERATE":-2301367.68,"NETCASH_INVEST":6007808.64,"NETCASH_FINANCE":1079946.88,"END_CASH":140496783.36,"DIVI_RATIO":null,"DIVIDEND_RATE":null,"CURRENT_RATIO":5.015004307457,"COMMON_ACS":null,"CURRENTDEBT_DEBT":77.113858645507,"ISSUED_COMMON_SHARES":259586000,"HK_COMMON_SHARES":259586000,"PER_SHARES":2000,"TOTAL_MARKET_CAP":124601280,"HKSK_MARKET_CAP":124601280,"PE_TTM":-6.781760191585,"PB_TTM":0.23210954862,"REPORT_DATE_SQ":"2019-06-30 00:00:00","REPORT_TYPE_SQ":"2019年中报","OPERATE_INCOME_SQ":69302330.31,"DPS_HKD":null,"OPERATE_INCOME_QOQ_SQ":0,"NET_PROFIT_RATIO_SQ":-2.7671122333,"HOLDER_PROFIT_SQ":-1948341.6,"HOLDER_PROFIT_QOQ_SQ":0,"ROE_AVG_SQ":-0.339325198431,"PE_TTM_SQ":135.973619047619,"PB_TTM_SQ":0.260660870645,"ROA_SQ":-0.311190093206,"START_DATE":"2020-04-01 00:00:00","FISCAL_YEAR":"3-31","CURRENCY":"HKD","IS_CNY_CODE":0,"DPS_HKD_LY":null,"ORG_TYPE":"一般企业","PREMIUM_INCOME":null,"PREMIUM_INCOME_YOY":null,"NET_INTEREST_INCOME":null,"NET_INTEREST_INCOME_YOY":null,"FEE_COMMISSION_INCOME":null,"FEE_COMMISSION_INCOME_YOY":null,"ACCOUNTS_RECE_TDAYS":6.240417438798,"INVENTORY_TDAYS":1.928584891113,"CURRENT_ASSETS_TDAYS":0.312843944739,"TOTAL_ASSETS_TDAYS":0.095985898325,"PREMIUM_EXPENSE":null,"LOAN_DEPOSIT":null,"LOAN_EQUITY":null,"LOAN_ASSETS":null,"DEPOSIT_EQUITY":null,"DEPOSIT_ASSETS":null,"EQUITY_MULTIPLIER":1.087147125705,"EQUITY_RATIO":0.08776703432}],"count":49},"success":true,"message":"ok","code":0}