{"version":"9d0d90d8f7ae7c5ba30b9e8d1e801e01","result":{"pages":6,"data":[{"SECUCODE":"00069.HK","SECURITY_CODE":"00069","SECURITY_NAME_ABBR":"香格里拉(亚洲)","ORG_CODE":"10007357","STD_REPORT_DATE":"2024-06-30 00:00:00","REPORT_DATE":"2024-06-30 00:00:00","DATE_TYPE_CODE":"002","REPORT_TYPE":"2024年中报","PER_NETCASH_OPERATE":-0.003384982732,"PER_OI":2.085278560775,"BPS":10.261228305861,"BASIC_EPS":0.189644148,"DILUTED_EPS":0.188575128,"OPERATE_INCOME":7476818528.4,"OPERATE_INCOME_YOY":4.288074467,"GROSS_PROFIT":4144219946.4,"GROSS_PROFIT_YOY":1.280453325549,"HOLDER_PROFIT":673354317.6,"HOLDER_PROFIT_YOY":-28.0761852562,"GROSS_PROFIT_RATIO":55.427585017057,"EPS_TTM":0.286804751226,"OPERATE_INCOME_QOQ":1.370084774156,"NET_PROFIT_RATIO":10.2839255638,"ROE_AVG":1.819605214884,"GROSS_PROFIT_QOQ":0.634026242632,"ROA":0.711537703376,"HOLDER_PROFIT_QOQ":-21.151311120002,"ROE_YEARLY":3.639210429769,"ROIC_YEARLY":1.630359030746,"TOTAL_ASSETS":97598283306,"TOTAL_LIABILITIES":59044618642.8,"TAX_EBT":30.956586289868,"OCF_SALES":-0.162327604367,"TOTAL_PARENT_EQUITY":36791891196,"DEBT_ASSET_RATIO":60.4975995917,"OPERATE_PROFIT":969102264,"PRETAX_PROFIT":1113662275.2,"NETCASH_OPERATE":-12136940.4,"NETCASH_INVEST":539790958.8,"NETCASH_FINANCE":6508578607.2,"END_CASH":13157384131.2,"DIVI_RATIO":0.633068312934,"DIVIDEND_RATE":4.301075268817,"CURRENT_RATIO":1.943606832926,"COMMON_ACS":5000000000,"CURRENTDEBT_DEBT":15.252452331485,"ISSUED_COMMON_SHARES":3585525056,"HK_COMMON_SHARES":3585525056,"PER_SHARES":2000,"TOTAL_MARKET_CAP":16672691510.4,"HKSK_MARKET_CAP":16672691510.4,"PE_TTM":14.530730173846,"PB_TTM":0.41359200631,"REPORT_DATE_SQ":"2023-06-30 00:00:00","REPORT_TYPE_SQ":"2023年中报","OPERATE_INCOME_SQ":7268981380.8,"DPS_HKD":0.2,"OPERATE_INCOME_QOQ_SQ":30.028577160062,"NET_PROFIT_RATIO_SQ":14.1617692669,"HOLDER_PROFIT_SQ":949209991.2,"HOLDER_PROFIT_QOQ_SQ":182.159597439712,"ROE_AVG_SQ":2.53020196988,"PE_TTM_SQ":17.212788817814,"PB_TTM_SQ":0.443259615573,"ROA_SQ":1.046461524711,"START_DATE":"2024-01-01 00:00:00","FISCAL_YEAR":"12-31","CURRENCY":"HKD","IS_CNY_CODE":0,"DPS_HKD_LY":0.2,"ORG_TYPE":"一般企业","PREMIUM_INCOME":null,"PREMIUM_INCOME_YOY":null,"NET_INTEREST_INCOME":null,"NET_INTEREST_INCOME_YOY":null,"FEE_COMMISSION_INCOME":null,"FEE_COMMISSION_INCOME_YOY":null,"ACCOUNTS_RECE_TDAYS":4.254595299361,"INVENTORY_TDAYS":5.699112132163,"CURRENT_ASSETS_TDAYS":0.53638403619,"TOTAL_ASSETS_TDAYS":0.079008007303,"PREMIUM_EXPENSE":null,"LOAN_DEPOSIT":null,"LOAN_EQUITY":null,"LOAN_ASSETS":null,"DEPOSIT_EQUITY":null,"DEPOSIT_ASSETS":null,"EQUITY_MULTIPLIER":2.531491731297,"EQUITY_RATIO":1.60482695299},{"SECUCODE":"00069.HK","SECURITY_CODE":"00069","SECURITY_NAME_ABBR":"香格里拉(亚洲)","ORG_CODE":"10007357","STD_REPORT_DATE":"2023-12-31 00:00:00","REPORT_DATE":"2023-12-31 00:00:00","DATE_TYPE_CODE":"001","REPORT_TYPE":"2023年年报","PER_NETCASH_OPERATE":0.471775043984,"PER_OI":4.230804636999,"BPS":10.316155529886,"BASIC_EPS":0.36617559,"DILUTED_EPS":0.36334251,"OPERATE_INCOME":15169656033,"OPERATE_INCOME_YOY":46.4827359804,"GROSS_PROFIT":8263683563.4,"GROSS_PROFIT_YOY":72.832563480778,"HOLDER_PROFIT":1304201295.3,"HOLDER_PROFIT_YOY":216.1621004422,"GROSS_PROFIT_RATIO":54.47508859412,"EPS_TTM":0.363740672546,"OPERATE_INCOME_QOQ":14.564562547117,"NET_PROFIT_RATIO":9.4162359522,"ROE_AVG":3.515290134712,"GROSS_PROFIT_QOQ":20.909628880523,"ROA":1.444448819843,"HOLDER_PROFIT_QOQ":43.783424180532,"ROE_YEARLY":3.515290134712,"ROIC_YEARLY":1.577452332115,"TOTAL_ASSETS":91101837862.2,"TOTAL_LIABILITIES":52373329706.1,"TAX_EBT":28.010394579969,"OCF_SALES":11.150953174681,"TOTAL_PARENT_EQUITY":36988834134,"DEBT_ASSET_RATIO":57.4887740304,"OPERATE_PROFIT":1520698186.2,"PRETAX_PROFIT":1984190074.2,"NETCASH_OPERATE":1691561241,"NETCASH_INVEST":-1115673986.7,"NETCASH_FINANCE":237567923.4,"END_CASH":6167593911.9,"DIVI_RATIO":0.499166064463,"DIVIDEND_RATE":3.669724770642,"CURRENT_RATIO":0.991554094323,"COMMON_ACS":5000000000,"CURRENTDEBT_DEBT":19.854736120948,"ISSUED_COMMON_SHARES":3585525056,"HK_COMMON_SHARES":3585525056,"PER_SHARES":2000,"TOTAL_MARKET_CAP":19541111555.2,"HKSK_MARKET_CAP":19541111555.2,"PE_TTM":17.030640741389,"PB_TTM":0.484747620299,"REPORT_DATE_SQ":"2022-12-31 00:00:00","REPORT_TYPE_SQ":"2022年年报","OPERATE_INCOME_SQ":10183255067,"DPS_HKD":0.2,"OPERATE_INCOME_QOQ_SQ":18.441762923984,"NET_PROFIT_RATIO_SQ":-12.8203427157,"HOLDER_PROFIT_SQ":-1104021427.4,"HOLDER_PROFIT_QOQ_SQ":56.334319869931,"ROE_AVG_SQ":-2.851488361476,"PE_TTM_SQ":18.286423532808,"PB_TTM_SQ":0.470907599643,"ROA_SQ":-1.214343329858,"START_DATE":"2023-01-01 00:00:00","FISCAL_YEAR":"12-31","CURRENCY":"HKD","IS_CNY_CODE":0,"DPS_HKD_LY":null,"ORG_TYPE":"一般企业","PREMIUM_INCOME":null,"PREMIUM_INCOME_YOY":null,"NET_INTEREST_INCOME":null,"NET_INTEREST_INCOME_YOY":null,"FEE_COMMISSION_INCOME":null,"FEE_COMMISSION_INCOME_YOY":null,"ACCOUNTS_RECE_TDAYS":9.622822072659,"INVENTORY_TDAYS":11.837847681717,"CURRENT_ASSETS_TDAYS":1.590386352523,"TOTAL_ASSETS_TDAYS":0.168009277657,"PREMIUM_EXPENSE":null,"LOAN_DEPOSIT":null,"LOAN_EQUITY":null,"LOAN_ASSETS":null,"DEPOSIT_EQUITY":null,"DEPOSIT_ASSETS":null,"EQUITY_MULTIPLIER":2.352319833625,"EQUITY_RATIO":1.415922694843},{"SECUCODE":"00069.HK","SECURITY_CODE":"00069","SECURITY_NAME_ABBR":"香格里拉(亚洲)","ORG_CODE":"10007357","STD_REPORT_DATE":"2023-06-30 00:00:00","REPORT_DATE":"2023-06-30 00:00:00","DATE_TYPE_CODE":"002","REPORT_TYPE":"2023年中报","PER_NETCASH_OPERATE":0.085211648679,"PER_OI":2.02731295062,"BPS":10.337599997182,"BASIC_EPS":0.266487504,"DILUTED_EPS":0.265620408,"OPERATE_INCOME":7268981380.8,"OPERATE_INCOME_YOY":60.326653428,"GROSS_PROFIT":4091826024,"GROSS_PROFIT_YOY":100.721964520273,"HOLDER_PROFIT":949209991.2,"HOLDER_PROFIT_YOY":183.0266908526,"GROSS_PROFIT_RATIO":56.291601390093,"EPS_TTM":0.252978168116,"OPERATE_INCOME_QOQ":30.028577160062,"NET_PROFIT_RATIO":14.1617692669,"ROE_AVG":2.53020196988,"GROSS_PROFIT_QOQ":42.943589423769,"ROA":1.046461524711,"HOLDER_PROFIT_QOQ":182.159597439712,"ROE_YEARLY":5.06040393976,"ROIC_YEARLY":2.262027481867,"TOTAL_ASSETS":90126073852.8,"TOTAL_LIABILITIES":51791658531.6,"TAX_EBT":22.146139931909,"OCF_SALES":4.203181785649,"TOTAL_PARENT_EQUITY":37065723808.8,"DEBT_ASSET_RATIO":57.4657879985,"OPERATE_PROFIT":1023194957.4,"PRETAX_PROFIT":1322241916.2,"NETCASH_OPERATE":305528501.4,"NETCASH_INVEST":-642640974.6,"NETCASH_FINANCE":44243573.4,"END_CASH":5097881383.8,"DIVI_RATIO":0.717718059832,"DIVIDEND_RATE":3.669724770642,"CURRENT_RATIO":0.91742449936,"COMMON_ACS":5000000000,"CURRENTDEBT_DEBT":19.868946406343,"ISSUED_COMMON_SHARES":3585525056,"HK_COMMON_SHARES":3585525056,"PER_SHARES":2000,"TOTAL_MARKET_CAP":19541111555.2,"HKSK_MARKET_CAP":19541111555.2,"PE_TTM":17.030640741389,"PB_TTM":0.484747620299,"REPORT_DATE_SQ":"2022-06-30 00:00:00","REPORT_TYPE_SQ":"2022年中报","OPERATE_INCOME_SQ":4211094775.6,"DPS_HKD":0.2,"OPERATE_INCOME_QOQ_SQ":8.658812974416,"NET_PROFIT_RATIO_SQ":-29.7261631928,"HOLDER_PROFIT_SQ":-1061870996.6,"HOLDER_PROFIT_QOQ_SQ":-36.474387300872,"ROE_AVG_SQ":-2.802654549741,"PE_TTM_SQ":18.286423532808,"PB_TTM_SQ":0.470907599643,"ROA_SQ":-1.209848112711,"START_DATE":"2023-01-01 00:00:00","FISCAL_YEAR":"12-31","CURRENCY":"HKD","IS_CNY_CODE":0,"DPS_HKD_LY":null,"ORG_TYPE":"一般企业","PREMIUM_INCOME":null,"PREMIUM_INCOME_YOY":null,"NET_INTEREST_INCOME":null,"NET_INTEREST_INCOME_YOY":null,"FEE_COMMISSION_INCOME":null,"FEE_COMMISSION_INCOME_YOY":null,"ACCOUNTS_RECE_TDAYS":null,"INVENTORY_TDAYS":5.355484641056,"CURRENT_ASSETS_TDAYS":0.790804749501,"TOTAL_ASSETS_TDAYS":0.080137265825,"PREMIUM_EXPENSE":null,"LOAN_DEPOSIT":null,"LOAN_EQUITY":null,"LOAN_ASSETS":null,"DEPOSIT_EQUITY":null,"DEPOSIT_ASSETS":null,"EQUITY_MULTIPLIER":2.351048609916,"EQUITY_RATIO":1.397292517442},{"SECUCODE":"00069.HK","SECURITY_CODE":"00069","SECURITY_NAME_ABBR":"香格里拉(亚洲)","ORG_CODE":"10007357","STD_REPORT_DATE":"2022-12-31 00:00:00","REPORT_DATE":"2022-12-31 00:00:00","DATE_TYPE_CODE":"001","REPORT_TYPE":"2022年年报","PER_NETCASH_OPERATE":-0.176834144204,"PER_OI":2.840101493632,"BPS":10.205560797119,"BASIC_EPS":-0.30922824,"DILUTED_EPS":-0.30922824,"OPERATE_INCOME":10183255067,"OPERATE_INCOME_YOY":17.8152514526,"GROSS_PROFIT":4781323262.8,"GROSS_PROFIT_YOY":37.722469807038,"HOLDER_PROFIT":-1104021427.4,"HOLDER_PROFIT_YOY":45.4464423987,"GROSS_PROFIT_RATIO":46.952798799025,"EPS_TTM":-0.307910671424,"OPERATE_INCOME_QOQ":18.441762923984,"NET_PROFIT_RATIO":-12.8203427157,"ROE_AVG":-2.851488361476,"GROSS_PROFIT_QOQ":18.825859209907,"ROA":-1.214343329858,"HOLDER_PROFIT_QOQ":56.334319869931,"ROE_YEARLY":-2.851488361476,"ROIC_YEARLY":-1.310027392406,"TOTAL_ASSETS":87987315887.6,"TOTAL_LIABILITIES":50207738718.6,"TAX_EBT":-7.45745028462,"OCF_SALES":-6.226331861751,"TOTAL_PARENT_EQUITY":36592293948.6,"DEBT_ASSET_RATIO":57.0624733942,"OPERATE_PROFIT":-29829381.8,"PRETAX_PROFIT":-1214925717.8,"NETCASH_OPERATE":-634043254.8,"NETCASH_INVEST":614040923.6,"NETCASH_FINANCE":446026913.2,"END_CASH":5244357729.2,"DIVI_RATIO":-0.58967426871,"DIVIDEND_RATE":3.669724770642,"CURRENT_RATIO":0.716704461488,"COMMON_ACS":5000000000,"CURRENTDEBT_DEBT":23.954364764778,"ISSUED_COMMON_SHARES":3585525056,"HK_COMMON_SHARES":3585525056,"PER_SHARES":2000,"TOTAL_MARKET_CAP":19541111555.2,"HKSK_MARKET_CAP":19541111555.2,"PE_TTM":17.030640741389,"PB_TTM":0.484747620299,"REPORT_DATE_SQ":"2021-12-31 00:00:00","REPORT_TYPE_SQ":"2021年年报","OPERATE_INCOME_SQ":7912556109.3,"DPS_HKD":0.2,"OPERATE_INCOME_QOQ_SQ":12.104651369708,"NET_PROFIT_RATIO_SQ":-27.7522482996,"HOLDER_PROFIT_SQ":-1852619027.5,"HOLDER_PROFIT_QOQ_SQ":-33.494554218912,"ROE_AVG_SQ":-4.873014842843,"PE_TTM_SQ":18.286423532808,"PB_TTM_SQ":0.470907599643,"ROA_SQ":-2.114624164352,"START_DATE":"2022-01-01 00:00:00","FISCAL_YEAR":"12-31","CURRENCY":"HKD","IS_CNY_CODE":0,"DPS_HKD_LY":null,"ORG_TYPE":"一般企业","PREMIUM_INCOME":null,"PREMIUM_INCOME_YOY":null,"NET_INTEREST_INCOME":null,"NET_INTEREST_INCOME_YOY":null,"FEE_COMMISSION_INCOME":null,"FEE_COMMISSION_INCOME_YOY":null,"ACCOUNTS_RECE_TDAYS":6.995038894683,"INVENTORY_TDAYS":8.318295645273,"CURRENT_ASSETS_TDAYS":1.132691925567,"TOTAL_ASSETS_TDAYS":0.112008404547,"PREMIUM_EXPENSE":null,"LOAN_DEPOSIT":null,"LOAN_EQUITY":null,"LOAN_ASSETS":null,"DEPOSIT_EQUITY":null,"DEPOSIT_ASSETS":null,"EQUITY_MULTIPLIER":2.328965077986,"EQUITY_RATIO":1.372085029409},{"SECUCODE":"00069.HK","SECURITY_CODE":"00069","SECURITY_NAME_ABBR":"香格里拉(亚洲)","ORG_CODE":"10007357","STD_REPORT_DATE":"2022-06-30 00:00:00","REPORT_DATE":"2022-06-30 00:00:00","DATE_TYPE_CODE":"002","REPORT_TYPE":"2022年中报","PER_NETCASH_OPERATE":-0.253799770797,"PER_OI":1.17447088218,"BPS":10.157082138656,"BASIC_EPS":-0.297247906,"DILUTED_EPS":-0.297247906,"OPERATE_INCOME":4211094775.6,"OPERATE_INCOME_YOY":14.9591613137,"GROSS_PROFIT":2038554193,"GROSS_PROFIT_YOY":37.141904627286,"HOLDER_PROFIT":-1061870996.6,"HOLDER_PROFIT_YOY":-164.6997808375,"GROSS_PROFIT_RATIO":48.409126406079,"EPS_TTM":-0.705154873362,"OPERATE_INCOME_QOQ":8.658812974416,"NET_PROFIT_RATIO":-29.7261631928,"ROE_AVG":-2.802654549741,"GROSS_PROFIT_QOQ":15.90277631719,"ROA":-1.209848112711,"HOLDER_PROFIT_QOQ":-36.474387300872,"ROE_YEARLY":-5.605309099483,"ROIC_YEARLY":-2.589109829548,"TOTAL_ASSETS":85106706353.8,"TOTAL_LIABILITIES":47831550485.4,"TAX_EBT":1.114934180181,"OCF_SALES":-21.609711628263,"TOTAL_PARENT_EQUITY":36418472504,"DEBT_ASSET_RATIO":56.2018582726,"OPERATE_PROFIT":-138556853,"PRETAX_PROFIT":-1265910979.4,"NETCASH_OPERATE":-910005437.4,"NETCASH_INVEST":29577139.8,"NETCASH_FINANCE":268798281.4,"END_CASH":4116323096.2,"DIVI_RATIO":-0.257485279984,"DIVIDEND_RATE":3.669724770642,"CURRENT_RATIO":0.86604357157,"COMMON_ACS":5000000000,"CURRENTDEBT_DEBT":18.672549720349,"ISSUED_COMMON_SHARES":3585525056,"HK_COMMON_SHARES":3585525056,"PER_SHARES":2000,"TOTAL_MARKET_CAP":19541111555.2,"HKSK_MARKET_CAP":19541111555.2,"PE_TTM":17.030640741389,"PB_TTM":0.484747620299,"REPORT_DATE_SQ":"2021-06-30 00:00:00","REPORT_TYPE_SQ":"2021年中报","OPERATE_INCOME_SQ":3525961340.6,"DPS_HKD":0.2,"OPERATE_INCOME_QOQ_SQ":4.673760087563,"NET_PROFIT_RATIO_SQ":-18.0626449691,"HOLDER_PROFIT_SQ":-386139557.3,"HOLDER_PROFIT_QOQ_SQ":53.779046273325,"ROE_AVG_SQ":-0.989057865834,"PE_TTM_SQ":18.286423532808,"PB_TTM_SQ":0.470907599643,"ROA_SQ":-0.432393869705,"START_DATE":"2022-01-01 00:00:00","FISCAL_YEAR":"12-31","CURRENCY":"HKD","IS_CNY_CODE":0,"DPS_HKD_LY":null,"ORG_TYPE":"一般企业","PREMIUM_INCOME":null,"PREMIUM_INCOME_YOY":null,"NET_INTEREST_INCOME":null,"NET_INTEREST_INCOME_YOY":null,"FEE_COMMISSION_INCOME":null,"FEE_COMMISSION_INCOME_YOY":null,"ACCOUNTS_RECE_TDAYS":null,"INVENTORY_TDAYS":3.501051800499,"CURRENT_ASSETS_TDAYS":0.502652235685,"TOTAL_ASSETS_TDAYS":0.047979322187,"PREMIUM_EXPENSE":null,"LOAN_DEPOSIT":null,"LOAN_EQUITY":null,"LOAN_ASSETS":null,"DEPOSIT_EQUITY":null,"DEPOSIT_ASSETS":null,"EQUITY_MULTIPLIER":2.283201890674,"EQUITY_RATIO":1.313387058728},{"SECUCODE":"00069.HK","SECURITY_CODE":"00069","SECURITY_NAME_ABBR":"香格里拉(亚洲)","ORG_CODE":"10007357","STD_REPORT_DATE":"2021-12-31 00:00:00","REPORT_DATE":"2021-12-31 00:00:00","DATE_TYPE_CODE":"001","REPORT_TYPE":"2021年年报","PER_NETCASH_OPERATE":-0.256825733475,"PER_OI":2.206805415028,"BPS":10.427753898284,"BASIC_EPS":-0.51834441,"DILUTED_EPS":-0.51834441,"OPERATE_INCOME":7912556109.3,"OPERATE_INCOME_YOY":20.0901656714,"GROSS_PROFIT":3471708915.4,"GROSS_PROFIT_YOY":46.88472557164,"HOLDER_PROFIT":-1852619027.5,"HOLDER_PROFIT_YOY":36.8536229711,"GROSS_PROFIT_RATIO":43.875946880421,"EPS_TTM":-0.516693928662,"OPERATE_INCOME_QOQ":12.104651369708,"NET_PROFIT_RATIO":-27.7522482996,"ROE_AVG":-4.873014842843,"GROSS_PROFIT_QOQ":27.149184890258,"ROA":-2.114624164352,"HOLDER_PROFIT_QOQ":-33.494554218912,"ROE_YEARLY":-4.873014842843,"ROIC_YEARLY":-2.299946505417,"TOTAL_ASSETS":85907884111.9,"TOTAL_LIABILITIES":47335766207.1,"TAX_EBT":3.509494433332,"OCF_SALES":-11.637896650334,"TOTAL_PARENT_EQUITY":37388972880.1,"DEBT_ASSET_RATIO":55.1006076991,"OPERATE_PROFIT":-2256972297.2,"PRETAX_PROFIT":-2275780612.2,"NETCASH_OPERATE":-920855102.4,"NETCASH_INVEST":508500329.2,"NETCASH_FINANCE":-690156773.6,"END_CASH":4753339378,"DIVI_RATIO":-0.351401458249,"DIVIDEND_RATE":3.669724770642,"CURRENT_RATIO":0.688526530081,"COMMON_ACS":5000000000,"CURRENTDEBT_DEBT":26.292834588855,"ISSUED_COMMON_SHARES":3585525056,"HK_COMMON_SHARES":3585525056,"PER_SHARES":2000,"TOTAL_MARKET_CAP":19541111555.2,"HKSK_MARKET_CAP":19541111555.2,"PE_TTM":17.030640741389,"PB_TTM":0.484747620299,"REPORT_DATE_SQ":"2020-12-31 00:00:00","REPORT_TYPE_SQ":"2020年年报","OPERATE_INCOME_SQ":6743033931.9,"DPS_HKD":0.2,"OPERATE_INCOME_QOQ_SQ":-43.602349156854,"NET_PROFIT_RATIO_SQ":-49.4066851101,"HOLDER_PROFIT_SQ":-3002504508.9,"HOLDER_PROFIT_QOQ_SQ":-73.74580760401,"ROE_AVG_SQ":-7.512116395759,"PE_TTM_SQ":18.286423532808,"PB_TTM_SQ":0.470907599643,"ROA_SQ":-3.318840005336,"START_DATE":"2021-01-01 00:00:00","FISCAL_YEAR":"12-31","CURRENCY":"HKD","IS_CNY_CODE":0,"DPS_HKD_LY":null,"ORG_TYPE":"一般企业","PREMIUM_INCOME":null,"PREMIUM_INCOME_YOY":null,"NET_INTEREST_INCOME":null,"NET_INTEREST_INCOME_YOY":null,"FEE_COMMISSION_INCOME":null,"FEE_COMMISSION_INCOME_YOY":null,"ACCOUNTS_RECE_TDAYS":null,"INVENTORY_TDAYS":6.301957466829,"CURRENT_ASSETS_TDAYS":0.878729496531,"TOTAL_ASSETS_TDAYS":0.090315829116,"PREMIUM_EXPENSE":null,"LOAN_DEPOSIT":null,"LOAN_EQUITY":null,"LOAN_ASSETS":null,"DEPOSIT_EQUITY":null,"DEPOSIT_ASSETS":null,"EQUITY_MULTIPLIER":2.227201636268,"EQUITY_RATIO":1.266035479469},{"SECUCODE":"00069.HK","SECURITY_CODE":"00069","SECURITY_NAME_ABBR":"香格里拉(亚洲)","ORG_CODE":"10007357","STD_REPORT_DATE":"2021-06-30 00:00:00","REPORT_DATE":"2021-06-30 00:00:00","DATE_TYPE_CODE":"002","REPORT_TYPE":"2021年中报","PER_NETCASH_OPERATE":-0.224403802075,"PER_OI":0.983387728584,"BPS":10.8558235513,"BASIC_EPS":-0.108077473,"DILUTED_EPS":-0.108077473,"OPERATE_INCOME":3525961340.6,"OPERATE_INCOME_YOY":20.344581246,"GROSS_PROFIT":1486456089.8,"GROSS_PROFIT_YOY":32.767349941335,"HOLDER_PROFIT":-386139557.3,"HOLDER_PROFIT_YOY":78.8509236556,"GROSS_PROFIT_RATIO":42.157469870247,"EPS_TTM":-0.387052439468,"OPERATE_INCOME_QOQ":4.673760087563,"NET_PROFIT_RATIO":-18.0626449691,"ROE_AVG":-0.989057865834,"GROSS_PROFIT_QOQ":15.521562877824,"ROA":-0.432393869705,"HOLDER_PROFIT_QOQ":53.779046273325,"ROE_YEARLY":-1.978115731668,"ROIC_YEARLY":-0.939289979872,"TOTAL_ASSETS":88111371132,"TOTAL_LIABILITIES":47859767131.8,"TAX_EBT":6.762942366983,"OCF_SALES":-22.819463325797,"TOTAL_PARENT_EQUITY":38923827346.7,"DEBT_ASSET_RATIO":54.3173559972,"OPERATE_PROFIT":-838650182,"PRETAX_PROFIT":-683078053.8,"NETCASH_OPERATE":-804605455,"NETCASH_INVEST":233681197.3,"NETCASH_FINANCE":-924349868.6,"END_CASH":4463179728.4,"DIVI_RATIO":-0.469101810208,"DIVIDEND_RATE":3.669724770642,"CURRENT_RATIO":0.74404806956,"COMMON_ACS":5000000000,"CURRENTDEBT_DEBT":24.254459528883,"ISSUED_COMMON_SHARES":3585525056,"HK_COMMON_SHARES":3585525056,"PER_SHARES":2000,"TOTAL_MARKET_CAP":19541111555.2,"HKSK_MARKET_CAP":19541111555.2,"PE_TTM":17.030640741389,"PB_TTM":0.484747620299,"REPORT_DATE_SQ":"2020-06-30 00:00:00","REPORT_TYPE_SQ":"2020年中报","OPERATE_INCOME_SQ":3210808112,"DPS_HKD":0.2,"OPERATE_INCOME_QOQ_SQ":-29.506047335408,"NET_PROFIT_RATIO_SQ":-68.8415032103,"HOLDER_PROFIT_SQ":-2000857846.5,"HOLDER_PROFIT_QOQ_SQ":-262.451335961613,"ROE_AVG_SQ":-4.769979744712,"PE_TTM_SQ":18.286423532808,"PB_TTM_SQ":0.470907599643,"ROA_SQ":-2.093590945855,"START_DATE":"2021-01-01 00:00:00","FISCAL_YEAR":"12-31","CURRENCY":"HKD","IS_CNY_CODE":0,"DPS_HKD_LY":null,"ORG_TYPE":"一般企业","PREMIUM_INCOME":null,"PREMIUM_INCOME_YOY":null,"NET_INTEREST_INCOME":null,"NET_INTEREST_INCOME_YOY":null,"FEE_COMMISSION_INCOME":null,"FEE_COMMISSION_INCOME_YOY":null,"ACCOUNTS_RECE_TDAYS":2.421445841929,"INVENTORY_TDAYS":2.786589052522,"CURRENT_ASSETS_TDAYS":0.387431953486,"TOTAL_ASSETS_TDAYS":0.039483239665,"PREMIUM_EXPENSE":null,"LOAN_DEPOSIT":null,"LOAN_EQUITY":null,"LOAN_ASSETS":null,"DEPOSIT_EQUITY":null,"DEPOSIT_ASSETS":null,"EQUITY_MULTIPLIER":2.189015154068,"EQUITY_RATIO":1.229575054516},{"SECUCODE":"00069.HK","SECURITY_CODE":"00069","SECURITY_NAME_ABBR":"香格里拉(亚洲)","ORG_CODE":"10007357","STD_REPORT_DATE":"2020-12-31 00:00:00","REPORT_DATE":"2020-12-31 00:00:00","DATE_TYPE_CODE":"001","REPORT_TYPE":"2020年年报","PER_NETCASH_OPERATE":-0.659764597389,"PER_OI":1.880626638103,"BPS":11.030814580396,"BASIC_EPS":-0.84105961,"DILUTED_EPS":-0.84105961,"OPERATE_INCOME":6743033931.9,"OPERATE_INCOME_YOY":-57.493246178,"GROSS_PROFIT":2363560201.3,"GROSS_PROFIT_YOY":-74.382932848822,"HOLDER_PROFIT":-3002504508.9,"HOLDER_PROFIT_YOY":-401.7746007804,"GROSS_PROFIT_RATIO":35.051880580319,"EPS_TTM":-0.837396047163,"OPERATE_INCOME_QOQ":-43.602349156854,"NET_PROFIT_RATIO":-49.4066851101,"ROE_AVG":-7.512116395759,"GROSS_PROFIT_QOQ":-59.281001226287,"ROA":-3.318840005336,"HOLDER_PROFIT_QOQ":-73.74580760401,"ROE_YEARLY":-7.512116395759,"ROIC_YEARLY":-3.658591415948,"TOTAL_ASSETS":91401830134.2,"TOTAL_LIABILITIES":50198737433.9,"TAX_EBT":4.929980020891,"OCF_SALES":-35.082168040247,"TOTAL_PARENT_EQUITY":39551262066.1,"DEBT_ASSET_RATIO":54.9209325023,"OPERATE_PROFIT":-2822763088.6,"PRETAX_PROFIT":-3504269318.9,"NETCASH_OPERATE":-2365602495,"NETCASH_INVEST":-152389039.5,"NETCASH_FINANCE":2389555402.9,"END_CASH":6031989479.3,"DIVI_RATIO":-0.216823330627,"DIVIDEND_RATE":3.669724770642,"CURRENT_RATIO":0.960638366206,"COMMON_ACS":5000000000,"CURRENTDEBT_DEBT":20.033337618385,"ISSUED_COMMON_SHARES":3585525056,"HK_COMMON_SHARES":3585525056,"PER_SHARES":2000,"TOTAL_MARKET_CAP":19541111555.2,"HKSK_MARKET_CAP":19541111555.2,"PE_TTM":17.030640741389,"PB_TTM":0.484747620299,"REPORT_DATE_SQ":"2019-12-31 00:00:00","REPORT_TYPE_SQ":"2019年年报","OPERATE_INCOME_SQ":16960649059.2,"DPS_HKD":0.2,"OPERATE_INCOME_QOQ_SQ":-4.272762502559,"NET_PROFIT_RATIO_SQ":6.9808688327,"HOLDER_PROFIT_SQ":1063765857,"HOLDER_PROFIT_QOQ_SQ":-3.605560695382,"ROE_AVG_SQ":2.443957741817,"PE_TTM_SQ":18.286423532808,"PB_TTM_SQ":0.470907599643,"ROA_SQ":1.134024333202,"START_DATE":"2020-01-01 00:00:00","FISCAL_YEAR":"12-31","CURRENCY":"HKD","IS_CNY_CODE":0,"DPS_HKD_LY":null,"ORG_TYPE":"一般企业","PREMIUM_INCOME":null,"PREMIUM_INCOME_YOY":null,"NET_INTEREST_INCOME":null,"NET_INTEREST_INCOME_YOY":null,"FEE_COMMISSION_INCOME":null,"FEE_COMMISSION_INCOME_YOY":null,"ACCOUNTS_RECE_TDAYS":3.948175542218,"INVENTORY_TDAYS":5.555344956733,"CURRENT_ASSETS_TDAYS":0.678422174168,"TOTAL_ASSETS_TDAYS":0.074534611702,"PREMIUM_EXPENSE":null,"LOAN_DEPOSIT":null,"LOAN_EQUITY":null,"LOAN_ASSETS":null,"DEPOSIT_EQUITY":null,"DEPOSIT_ASSETS":null,"EQUITY_MULTIPLIER":2.218324502944,"EQUITY_RATIO":1.269206968668},{"SECUCODE":"00069.HK","SECURITY_CODE":"00069","SECURITY_NAME_ABBR":"香格里拉(亚洲)","ORG_CODE":"10007357","STD_REPORT_DATE":"2020-06-30 00:00:00","REPORT_DATE":"2020-06-30 00:00:00","DATE_TYPE_CODE":"002","REPORT_TYPE":"2020年中报","PER_NETCASH_OPERATE":-0.660151110655,"PER_OI":0.895491751376,"BPS":11.176784946166,"BASIC_EPS":-0.560342425,"DILUTED_EPS":-0.560342425,"OPERATE_INCOME":3210808112,"OPERATE_INCOME_YOY":-62.0470060938,"GROSS_PROFIT":1119594607,"GROSS_PROFIT_YOY":-75.34767078728,"HOLDER_PROFIT":-2000857846.5,"HOLDER_PROFIT_YOY":-345.6323167711,"GROSS_PROFIT_RATIO":34.869558315106,"EPS_TTM":-0.481966188831,"OPERATE_INCOME_QOQ":-29.506047335408,"NET_PROFIT_RATIO":-68.8415032103,"ROE_AVG":-4.769979744712,"GROSS_PROFIT_QOQ":-37.088170331644,"ROA":-2.093590945855,"HOLDER_PROFIT_QOQ":-262.451335961613,"ROE_YEARLY":-9.539959489425,"ROIC_YEARLY":-4.622075908627,"TOTAL_ASSETS":93995824128,"TOTAL_LIABILITIES":52099541354,"TAX_EBT":4.622824220874,"OCF_SALES":-73.719396034714,"TOTAL_PARENT_EQUITY":40074642470,"DEBT_ASSET_RATIO":55.4275063146,"OPERATE_PROFIT":-1801980532.5,"PRETAX_PROFIT":-2317502643,"NETCASH_OPERATE":-2366988348,"NETCASH_INVEST":23468542.5,"NETCASH_FINANCE":2187622136,"END_CASH":6191525394.5,"DIVI_RATIO":-0.376721446872,"DIVIDEND_RATE":3.669724770642,"CURRENT_RATIO":1.23488388437,"COMMON_ACS":5000000000,"CURRENTDEBT_DEBT":16.6280574605,"ISSUED_COMMON_SHARES":3585525056,"HK_COMMON_SHARES":3585525056,"PER_SHARES":2000,"TOTAL_MARKET_CAP":19541111555.2,"HKSK_MARKET_CAP":19541111555.2,"PE_TTM":17.030640741389,"PB_TTM":0.484747620299,"REPORT_DATE_SQ":"2019-06-30 00:00:00","REPORT_TYPE_SQ":"2019年中报","OPERATE_INCOME_SQ":8215225251.8,"DPS_HKD":0.2,"OPERATE_INCOME_QOQ_SQ":2.529591257897,"NET_PROFIT_RATIO_SQ":10.4538600194,"HOLDER_PROFIT_SQ":791009856.7,"HOLDER_PROFIT_QOQ_SQ":-16.646483568952,"ROE_AVG_SQ":1.840725219596,"PE_TTM_SQ":18.286423532808,"PB_TTM_SQ":0.470907599643,"ROA_SQ":0.854341466312,"START_DATE":"2020-01-01 00:00:00","FISCAL_YEAR":"12-31","CURRENCY":"HKD","IS_CNY_CODE":0,"DPS_HKD_LY":null,"ORG_TYPE":"一般企业","PREMIUM_INCOME":null,"PREMIUM_INCOME_YOY":null,"NET_INTEREST_INCOME":null,"NET_INTEREST_INCOME_YOY":null,"FEE_COMMISSION_INCOME":null,"FEE_COMMISSION_INCOME_YOY":null,"ACCOUNTS_RECE_TDAYS":1.719544953906,"INVENTORY_TDAYS":2.410805737488,"CURRENT_ASSETS_TDAYS":0.294780396287,"TOTAL_ASSETS_TDAYS":0.033596183776,"PREMIUM_EXPENSE":null,"LOAN_DEPOSIT":null,"LOAN_EQUITY":null,"LOAN_ASSETS":null,"DEPOSIT_EQUITY":null,"DEPOSIT_ASSETS":null,"EQUITY_MULTIPLIER":2.243536130283,"EQUITY_RATIO":1.300062536877}],"count":48},"success":true,"message":"ok","code":0}