{"version":"e10026be30c4dec11eaf968cf588847b","result":{"pages":6,"data":[{"SECUCODE":"00063.HK","SECURITY_CODE":"00063","SECURITY_NAME_ABBR":"中亚烯谷集团","ORG_CODE":"10007352","STD_REPORT_DATE":"2024-06-30 00:00:00","REPORT_DATE":"2024-06-30 00:00:00","DATE_TYPE_CODE":"002","REPORT_TYPE":"2024年中报","PER_NETCASH_OPERATE":-0.002134331801,"PER_OI":0.00613534192,"BPS":0.070383383972,"BASIC_EPS":0.00091268,"DILUTED_EPS":0.00091268,"OPERATE_INCOME":38975999.4,"OPERATE_INCOME_YOY":113.4502923977,"GROSS_PROFIT":35923084.8,"GROSS_PROFIT_YOY":143.533822135061,"HOLDER_PROFIT":3352273.64,"HOLDER_PROFIT_YOY":236.8479880775,"GROSS_PROFIT_RATIO":92.167193537057,"EPS_TTM":0.001275138332,"OPERATE_INCOME_QOQ":59.201094810567,"NET_PROFIT_RATIO":7.8421730477,"ROE_AVG":1.17902913868,"GROSS_PROFIT_QOQ":61.053494887308,"ROA":0.374173187277,"HOLDER_PROFIT_QOQ":256.271831593635,"ROE_YEARLY":2.358058277359,"ROIC_YEARLY":0.779192401972,"TOTAL_ASSETS":1245482373.24,"TOTAL_LIABILITIES":798753806.32,"TAX_EBT":1.644640234949,"OCF_SALES":-34.787495609413,"TOTAL_PARENT_EQUITY":447124670.04,"DEBT_ASSET_RATIO":64.132084362,"OPERATE_PROFIT":14186697.92,"PRETAX_PROFIT":3107675.4,"NETCASH_OPERATE":-13558774.08,"NETCASH_INVEST":-273842332.56,"NETCASH_FINANCE":265864596.68,"END_CASH":24761921.08,"DIVI_RATIO":null,"DIVIDEND_RATE":null,"CURRENT_RATIO":0.323332149046,"COMMON_ACS":20000000000,"CURRENTDEBT_DEBT":31.517618210779,"ISSUED_COMMON_SHARES":6352702084,"HK_COMMON_SHARES":6352702084,"PER_SHARES":1000,"TOTAL_MARKET_CAP":381162125.04,"HKSK_MARKET_CAP":381162125.04,"PE_TTM":42.991442030228,"PB_TTM":0.77803590719,"REPORT_DATE_SQ":"2023-06-30 00:00:00","REPORT_TYPE_SQ":"2023年中报","OPERATE_INCOME_SQ":18446053.86,"DPS_HKD":null,"OPERATE_INCOME_QOQ_SQ":1.847607317035,"NET_PROFIT_RATIO_SQ":-13.9801069626,"HOLDER_PROFIT_SQ":-2474594.32,"HOLDER_PROFIT_QOQ_SQ":-10.231376192281,"ROE_AVG_SQ":-2.065552827822,"PE_TTM_SQ":-5.440076578993,"PB_TTM_SQ":2.190563654589,"ROA_SQ":-0.718726108851,"START_DATE":"2024-01-01 00:00:00","FISCAL_YEAR":"12-31","CURRENCY":"HKD","IS_CNY_CODE":0,"DPS_HKD_LY":null,"ORG_TYPE":"一般企业","PREMIUM_INCOME":null,"PREMIUM_INCOME_YOY":null,"NET_INTEREST_INCOME":null,"NET_INTEREST_INCOME_YOY":null,"FEE_COMMISSION_INCOME":null,"FEE_COMMISSION_INCOME_YOY":null,"ACCOUNTS_RECE_TDAYS":0.370980071929,"INVENTORY_TDAYS":3.038147138965,"CURRENT_ASSETS_TDAYS":0.252823955669,"TOTAL_ASSETS_TDAYS":0.043504127315,"PREMIUM_EXPENSE":null,"LOAN_DEPOSIT":null,"LOAN_EQUITY":null,"LOAN_ASSETS":null,"DEPOSIT_EQUITY":null,"DEPOSIT_ASSETS":null,"EQUITY_MULTIPLIER":2.788007003509,"EQUITY_RATIO":1.786423026599},{"SECUCODE":"00063.HK","SECURITY_CODE":"00063","SECURITY_NAME_ABBR":"中亚烯谷集团","ORG_CODE":"10007352","STD_REPORT_DATE":"2023-12-31 00:00:00","REPORT_DATE":"2023-12-31 00:00:00","DATE_TYPE_CODE":"001","REPORT_TYPE":"2023年年报","PER_NETCASH_OPERATE":0.015815039765,"PER_OI":0.01230119368,"BPS":0.018994280519,"BASIC_EPS":0.000815598,"DILUTED_EPS":0.000815598,"OPERATE_INCOME":34678320.74,"OPERATE_INCOME_YOY":-4.0326018809,"GROSS_PROFIT":34678320.74,"GROSS_PROFIT_YOY":-2.641334060798,"HOLDER_PROFIT":2273705.98,"HOLDER_PROFIT_YOY":105.3375029251,"GROSS_PROFIT_RATIO":null,"EPS_TTM":0.000806535525,"OPERATE_INCOME_QOQ":-4.407507938659,"NET_PROFIT_RATIO":5.702040923,"ROE_AVG":1.898305597694,"GROSS_PROFIT_QOQ":-2.212897433988,"ROA":0.516948131085,"HOLDER_PROFIT_QOQ":104.912287657426,"ROE_YEARLY":1.898305597694,"ROIC_YEARLY":0.547433509956,"TOTAL_ASSETS":542480510.18,"TOTAL_LIABILITIES":421913376.5,"TAX_EBT":9.722796855606,"OCF_SALES":128.565082185695,"TOTAL_PARENT_EQUITY":120665005.44,"DEBT_ASSET_RATIO":77.7748451018,"OPERATE_PROFIT":9701991.32,"PRETAX_PROFIT":2190333.74,"NETCASH_OPERATE":44584211.56,"NETCASH_INVEST":-358863.12,"NETCASH_FINANCE":-144995.2,"END_CASH":46335934.82,"DIVI_RATIO":null,"DIVIDEND_RATE":null,"CURRENT_RATIO":0.639499384004,"COMMON_ACS":20000000000,"CURRENTDEBT_DEBT":83.509853407077,"ISSUED_COMMON_SHARES":6352702084,"HK_COMMON_SHARES":6352702084,"PER_SHARES":1000,"TOTAL_MARKET_CAP":476452656.3,"HKSK_MARKET_CAP":476452656.3,"PE_TTM":53.739302537785,"PB_TTM":0.972544883987,"REPORT_DATE_SQ":"2022-12-31 00:00:00","REPORT_TYPE_SQ":"2022年年报","OPERATE_INCOME_SQ":35619141.25,"DPS_HKD":null,"OPERATE_INCOME_QOQ_SQ":3.960086010232,"NET_PROFIT_RATIO_SQ":-117.8858934169,"HOLDER_PROFIT_SQ":-41989942.89,"HOLDER_PROFIT_QOQ_SQ":-3877.5130567276,"ROE_AVG_SQ":-30.286356739483,"PE_TTM_SQ":-5.875282705313,"PB_TTM_SQ":2.365808746956,"ROA_SQ":-11.815093670943,"START_DATE":"2023-01-01 00:00:00","FISCAL_YEAR":"12-31","CURRENCY":"HKD","IS_CNY_CODE":0,"DPS_HKD_LY":null,"ORG_TYPE":"一般企业","PREMIUM_INCOME":null,"PREMIUM_INCOME_YOY":null,"NET_INTEREST_INCOME":null,"NET_INTEREST_INCOME_YOY":null,"FEE_COMMISSION_INCOME":null,"FEE_COMMISSION_INCOME_YOY":null,"ACCOUNTS_RECE_TDAYS":0.408488516698,"INVENTORY_TDAYS":null,"CURRENT_ASSETS_TDAYS":0.279871718453,"TOTAL_ASSETS_TDAYS":0.078844376773,"PREMIUM_EXPENSE":null,"LOAN_DEPOSIT":null,"LOAN_EQUITY":null,"LOAN_ASSETS":null,"DEPOSIT_EQUITY":null,"DEPOSIT_ASSETS":null,"EQUITY_MULTIPLIER":4.499406211477,"EQUITY_RATIO":3.496567832252},{"SECUCODE":"00063.HK","SECURITY_CODE":"00063","SECURITY_NAME_ABBR":"中亚烯谷集团","ORG_CODE":"10007352","STD_REPORT_DATE":"2023-06-30 00:00:00","REPORT_DATE":"2023-06-30 00:00:00","DATE_TYPE_CODE":"002","REPORT_TYPE":"2023年中报","PER_NETCASH_OPERATE":-0.000318871213,"PER_OI":0.006543237283,"BPS":0.018677465206,"BASIC_EPS":-0.00092198,"DILUTED_EPS":-0.00092198,"OPERATE_INCOME":18446053.86,"OPERATE_INCOME_YOY":-3.8125,"GROSS_PROFIT":14750758.02,"GROSS_PROFIT_YOY":-1.046896001686,"HOLDER_PROFIT":-2474594.32,"HOLDER_PROFIT_YOY":-226.0093896714,"GROSS_PROFIT_RATIO":79.967011545959,"EPS_TTM":-0.016418735658,"OPERATE_INCOME_QOQ":1.847607317035,"NET_PROFIT_RATIO":-13.9801069626,"ROE_AVG":-2.065552827822,"GROSS_PROFIT_QOQ":-0.438132039469,"ROA":-0.718726108851,"HOLDER_PROFIT_QOQ":-10.231376192281,"ROE_YEARLY":-4.131105655644,"ROIC_YEARLY":-1.454758317163,"TOTAL_ASSETS":345557182.02,"TOTAL_LIABILITIES":226783108.52,"TAX_EBT":-5.666792595391,"OCF_SALES":-4.873294346979,"TOTAL_PARENT_EQUITY":118652372.14,"DEBT_ASSET_RATIO":65.6282434051,"OPERATE_PROFIT":1107297.98,"PRETAX_PROFIT":-2440481.06,"NETCASH_OPERATE":-898930.5,"NETCASH_INVEST":3353241.26,"NETCASH_FINANCE":-150282.74,"END_CASH":5273725.6,"DIVI_RATIO":null,"DIVIDEND_RATE":null,"CURRENT_RATIO":0.107773894867,"COMMON_ACS":20000000000,"CURRENTDEBT_DEBT":99.582882743705,"ISSUED_COMMON_SHARES":6352702084,"HK_COMMON_SHARES":6352702084,"PER_SHARES":1000,"TOTAL_MARKET_CAP":412925635.46,"HKSK_MARKET_CAP":412925635.46,"PE_TTM":46.574062199413,"PB_TTM":0.842872232789,"REPORT_DATE_SQ":"2022-06-30 00:00:00","REPORT_TYPE_SQ":"2022年中报","OPERATE_INCOME_SQ":17787952,"DPS_HKD":null,"OPERATE_INCOME_QOQ_SQ":10.83304228424,"NET_PROFIT_RATIO_SQ":10.2403846154,"HOLDER_PROFIT_SQ":1821554.7,"HOLDER_PROFIT_QOQ_SQ":511.987924746486,"ROE_AVG_SQ":1.18201341835,"PE_TTM_SQ":-5.276874281623,"PB_TTM_SQ":2.124846744951,"ROA_SQ":0.501902753396,"START_DATE":"2023-01-01 00:00:00","FISCAL_YEAR":"12-31","CURRENCY":"HKD","IS_CNY_CODE":0,"DPS_HKD_LY":null,"ORG_TYPE":"一般企业","PREMIUM_INCOME":null,"PREMIUM_INCOME_YOY":null,"NET_INTEREST_INCOME":null,"NET_INTEREST_INCOME_YOY":null,"FEE_COMMISSION_INCOME":null,"FEE_COMMISSION_INCOME_YOY":null,"ACCOUNTS_RECE_TDAYS":2.713917525773,"INVENTORY_TDAYS":6.049811320755,"CURRENT_ASSETS_TDAYS":0.78118777088,"TOTAL_ASSETS_TDAYS":0.053575086661,"PREMIUM_EXPENSE":null,"LOAN_DEPOSIT":null,"LOAN_EQUITY":null,"LOAN_ASSETS":null,"DEPOSIT_EQUITY":null,"DEPOSIT_ASSETS":null,"EQUITY_MULTIPLIER":2.9093654182,"EQUITY_RATIO":1.911323848228},{"SECUCODE":"00063.HK","SECURITY_CODE":"00063","SECURITY_NAME_ABBR":"中亚烯谷集团","ORG_CODE":"10007352","STD_REPORT_DATE":"2022-12-31 00:00:00","REPORT_DATE":"2022-12-31 00:00:00","DATE_TYPE_CODE":"001","REPORT_TYPE":"2022年年报","PER_NETCASH_OPERATE":0.002670523924,"PER_OI":0.012634924238,"BPS":0.018446827268,"BASIC_EPS":-0.014917609,"DILUTED_EPS":-0.014917609,"OPERATE_INCOME":35619141.25,"OPERATE_INCOME_YOY":5.4615181169,"GROSS_PROFIT":35619141.25,"GROSS_PROFIT_YOY":15.222126086452,"HOLDER_PROFIT":-41989942.89,"HOLDER_PROFIT_YOY":-14144.5454545455,"GROSS_PROFIT_RATIO":null,"EPS_TTM":-0.01489479332,"OPERATE_INCOME_QOQ":3.960086010232,"NET_PROFIT_RATIO":-117.8858934169,"ROE_AVG":-30.286356739483,"GROSS_PROFIT_QOQ":25.405591378862,"ROA":-11.815093670943,"HOLDER_PROFIT_QOQ":-3877.5130567276,"ROE_YEARLY":-30.286356739483,"ROIC_YEARLY":-11.95062331016,"TOTAL_ASSETS":332366115.06,"TOTAL_LIABILITIES":215178917.03,"TAX_EBT":-0.836604672115,"OCF_SALES":21.13605015674,"TOTAL_PARENT_EQUITY":117187198.03,"DEBT_ASSET_RATIO":64.7415326894,"OPERATE_PROFIT":-37305635.01,"PRETAX_PROFIT":-41641567.59,"NETCASH_OPERATE":7528479.56,"NETCASH_INVEST":-1467642.61,"NETCASH_FINANCE":-7790207.67,"END_CASH":2709287.91,"DIVI_RATIO":null,"DIVIDEND_RATE":null,"CURRENT_RATIO":0.103047461694,"COMMON_ACS":20000000000,"CURRENTDEBT_DEBT":100,"ISSUED_COMMON_SHARES":6352702084,"HK_COMMON_SHARES":6352702084,"PER_SHARES":1000,"TOTAL_MARKET_CAP":476452656.3,"HKSK_MARKET_CAP":476452656.3,"PE_TTM":53.739302537785,"PB_TTM":0.972544883987,"REPORT_DATE_SQ":"2021-12-31 00:00:00","REPORT_TYPE_SQ":"2021年年报","OPERATE_INCOME_SQ":30913456,"DPS_HKD":null,"OPERATE_INCOME_QOQ_SQ":36.865478413149,"NET_PROFIT_RATIO_SQ":-0.8727849775,"HOLDER_PROFIT_SQ":-269808,"HOLDER_PROFIT_QOQ_SQ":97.912287132685,"ROE_AVG_SQ":-0.186910065107,"PE_TTM_SQ":-5.875282705313,"PB_TTM_SQ":2.365808746956,"ROA_SQ":-0.07845831783,"START_DATE":"2022-01-01 00:00:00","FISCAL_YEAR":"12-31","CURRENCY":"HKD","IS_CNY_CODE":0,"DPS_HKD_LY":null,"ORG_TYPE":"一般企业","PREMIUM_INCOME":null,"PREMIUM_INCOME_YOY":null,"NET_INTEREST_INCOME":null,"NET_INTEREST_INCOME_YOY":null,"FEE_COMMISSION_INCOME":null,"FEE_COMMISSION_INCOME_YOY":null,"ACCOUNTS_RECE_TDAYS":5.101714431934,"INVENTORY_TDAYS":null,"CURRENT_ASSETS_TDAYS":1.476195764845,"TOTAL_ASSETS_TDAYS":0.100224830372,"PREMIUM_EXPENSE":null,"LOAN_DEPOSIT":null,"LOAN_EQUITY":null,"LOAN_ASSETS":null,"DEPOSIT_EQUITY":null,"DEPOSIT_ASSETS":null,"EQUITY_MULTIPLIER":2.836198156859,"EQUITY_RATIO":1.836198156858},{"SECUCODE":"00063.HK","SECURITY_CODE":"00063","SECURITY_NAME_ABBR":"中亚烯谷集团","ORG_CODE":"10007352","STD_REPORT_DATE":"2022-06-30 00:00:00","REPORT_DATE":"2022-06-30 00:00:00","DATE_TYPE_CODE":"002","REPORT_TYPE":"2022年中报","PER_NETCASH_OPERATE":0.002823935946,"PER_OI":0.006309793498,"BPS":0.024389337169,"BASIC_EPS":0.000684152,"DILUTED_EPS":0.000684152,"OPERATE_INCOME":17787952,"OPERATE_INCOME_YOY":19.864000461,"GROSS_PROFIT":14906816.89,"GROSS_PROFIT_YOY":22.154129383756,"HOLDER_PROFIT":1821554.7,"HOLDER_PROFIT_YOY":302.6465028355,"GROSS_PROFIT_RATIO":83.802884615385,"EPS_TTM":0.000394301571,"OPERATE_INCOME_QOQ":10.83304228424,"NET_PROFIT_RATIO":10.2403846154,"ROE_AVG":1.18201341835,"GROSS_PROFIT_QOQ":10.519733466262,"ROA":0.501902753396,"HOLDER_PROFIT_QOQ":511.987924746486,"ROE_YEARLY":2.364026836699,"ROIC_YEARLY":1.024072925531,"TOTAL_ASSETS":363572911.03,"TOTAL_LIABILITIES":208634717.97,"TAX_EBT":47.054436987323,"OCF_SALES":44.754807692308,"TOTAL_PARENT_EQUITY":154938193.06,"DEBT_ASSET_RATIO":57.3845607416,"OPERATE_PROFIT":4953260.48,"PRETAX_PROFIT":3440429.37,"NETCASH_OPERATE":7960963.71,"NETCASH_INVEST":1635123.28,"NETCASH_FINANCE":-5090946.07,"END_CASH":9242038.33,"DIVI_RATIO":null,"DIVIDEND_RATE":null,"CURRENT_RATIO":0.127711218808,"COMMON_ACS":20000000000,"CURRENTDEBT_DEBT":99.971717022663,"ISSUED_COMMON_SHARES":6352702084,"HK_COMMON_SHARES":6352702084,"PER_SHARES":1000,"TOTAL_MARKET_CAP":412925635.46,"HKSK_MARKET_CAP":412925635.46,"PE_TTM":46.574062199413,"PB_TTM":0.842872232789,"REPORT_DATE_SQ":"2021-06-30 00:00:00","REPORT_TYPE_SQ":"2021年中报","OPERATE_INCOME_SQ":14439084.24,"DPS_HKD":null,"OPERATE_INCOME_QOQ_SQ":55.881658799805,"NET_PROFIT_RATIO_SQ":3.0484642425,"HOLDER_PROFIT_SQ":440170.32,"HOLDER_PROFIT_QOQ_SQ":33.124523654617,"ROE_AVG_SQ":0.303434430343,"PE_TTM_SQ":-5.276874281623,"PB_TTM_SQ":2.124846744951,"ROA_SQ":0.12601553874,"START_DATE":"2022-01-01 00:00:00","FISCAL_YEAR":"12-31","CURRENCY":"HKD","IS_CNY_CODE":0,"DPS_HKD_LY":null,"ORG_TYPE":"一般企业","PREMIUM_INCOME":null,"PREMIUM_INCOME_YOY":null,"NET_INTEREST_INCOME":null,"NET_INTEREST_INCOME_YOY":null,"FEE_COMMISSION_INCOME":null,"FEE_COMMISSION_INCOME_YOY":null,"ACCOUNTS_RECE_TDAYS":2.352142937917,"INVENTORY_TDAYS":5.322274881517,"CURRENT_ASSETS_TDAYS":0.689323766757,"TOTAL_ASSETS_TDAYS":0.049012099862,"PREMIUM_EXPENSE":null,"LOAN_DEPOSIT":null,"LOAN_EQUITY":null,"LOAN_ASSETS":null,"DEPOSIT_EQUITY":null,"DEPOSIT_ASSETS":null,"EQUITY_MULTIPLIER":2.346567388257,"EQUITY_RATIO":1.346567388257},{"SECUCODE":"00063.HK","SECURITY_CODE":"00063","SECURITY_NAME_ABBR":"中亚烯谷集团","ORG_CODE":"10007352","STD_REPORT_DATE":"2021-12-31 00:00:00","REPORT_DATE":"2021-12-31 00:00:00","DATE_TYPE_CODE":"001","REPORT_TYPE":"2021年年报","PER_NETCASH_OPERATE":0.000111078205,"PER_OI":0.010965710031,"BPS":0.023066847912,"BASIC_EPS":-0.00008176,"DILUTED_EPS":-0.00008176,"OPERATE_INCOME":30913456,"OPERATE_INCOME_YOY":119.6212825279,"GROSS_PROFIT":30913456,"GROSS_PROFIT_YOY":126.728532946552,"HOLDER_PROFIT":-269808,"HOLDER_PROFIT_YOY":98.5627803667,"GROSS_PROFIT_RATIO":83.134091510183,"EPS_TTM":-0.00009570707,"OPERATE_INCOME_QOQ":36.865478413149,"NET_PROFIT_RATIO":-0.8727849775,"ROE_AVG":-0.186910065107,"GROSS_PROFIT_QOQ":21.810415922901,"ROA":-0.07845831783,"HOLDER_PROFIT_QOQ":97.912287132685,"ROE_YEARLY":-0.186910065107,"ROIC_YEARLY":-0.07928166011,"TOTAL_ASSETS":346362340.8,"TOTAL_LIABILITIES":199825528,"TAX_EBT":220.879120879121,"OCF_SALES":1.012959534515,"TOTAL_PARENT_EQUITY":146536812.8,"DEBT_ASSET_RATIO":57.6926254565,"OPERATE_PROFIT":3025937.6,"PRETAX_PROFIT":223204.8,"NETCASH_OPERATE":313140.8,"NETCASH_INVEST":-2281104,"NETCASH_FINANCE":4510699.2,"END_CASH":4898241.6,"DIVI_RATIO":null,"DIVIDEND_RATE":null,"CURRENT_RATIO":0.119567932324,"COMMON_ACS":20000000000,"CURRENTDEBT_DEBT":99.924715124486,"ISSUED_COMMON_SHARES":6352702084,"HK_COMMON_SHARES":6352702084,"PER_SHARES":1000,"TOTAL_MARKET_CAP":476452656.3,"HKSK_MARKET_CAP":476452656.3,"PE_TTM":53.739302537785,"PB_TTM":0.972544883987,"REPORT_DATE_SQ":"2020-12-31 00:00:00","REPORT_TYPE_SQ":"2020年年报","OPERATE_INCOME_SQ":14489674.24,"DPS_HKD":null,"OPERATE_INCOME_QOQ_SQ":15.45261733438,"NET_PROFIT_RATIO_SQ":-133.2946096654,"HOLDER_PROFIT_SQ":-19324896.04,"HOLDER_PROFIT_QOQ_SQ":-3834.81882967987,"ROE_AVG_SQ":-12.387079371502,"PE_TTM_SQ":-5.875282705313,"PB_TTM_SQ":2.365808746956,"ROA_SQ":-5.436306124575,"START_DATE":"2021-01-01 00:00:00","FISCAL_YEAR":"12-31","CURRENCY":"HKD","IS_CNY_CODE":0,"DPS_HKD_LY":null,"ORG_TYPE":"一般企业","PREMIUM_INCOME":null,"PREMIUM_INCOME_YOY":null,"NET_INTEREST_INCOME":null,"NET_INTEREST_INCOME_YOY":null,"FEE_COMMISSION_INCOME":null,"FEE_COMMISSION_INCOME_YOY":null,"ACCOUNTS_RECE_TDAYS":4.73186909455,"INVENTORY_TDAYS":11.842154131848,"CURRENT_ASSETS_TDAYS":1.93753362884,"TOTAL_ASSETS_TDAYS":0.089894212035,"PREMIUM_EXPENSE":null,"LOAN_DEPOSIT":null,"LOAN_EQUITY":null,"LOAN_ASSETS":null,"DEPOSIT_EQUITY":null,"DEPOSIT_ASSETS":null,"EQUITY_MULTIPLIER":2.363654116546,"EQUITY_RATIO":1.363654116544},{"SECUCODE":"00063.HK","SECURITY_CODE":"00063","SECURITY_NAME_ABBR":"中亚烯谷集团","ORG_CODE":"10007352","STD_REPORT_DATE":"2021-06-30 00:00:00","REPORT_DATE":"2021-06-30 00:00:00","DATE_TYPE_CODE":"002","REPORT_TYPE":"2021年中报","PER_NETCASH_OPERATE":0.000416172513,"PER_OI":0.005121873494,"BPS":0.022894340933,"BASIC_EPS":0.000166416,"DILUTED_EPS":0.000166416,"OPERATE_INCOME":14439084.24,"OPERATE_INCOME_YOY":149.9351865188,"GROSS_PROFIT":12203285.28,"GROSS_PROFIT_YOY":103.685028181484,"HOLDER_PROFIT":440170.32,"HOLDER_PROFIT_YOY":108.1060373889,"GROSS_PROFIT_RATIO":93.18273497378,"EPS_TTM":-0.00458430234,"OPERATE_INCOME_QOQ":55.881658799805,"NET_PROFIT_RATIO":3.0484642425,"ROE_AVG":0.303434430343,"GROSS_PROFIT_QOQ":54.739399444119,"ROA":0.12601553874,"HOLDER_PROFIT_QOQ":33.124523654617,"ROE_YEARLY":0.606868860687,"ROIC_YEARLY":0.254531282328,"TOTAL_ASSETS":351138592.08,"TOTAL_LIABILITIES":205697664.72,"TAX_EBT":34.203980099503,"OCF_SALES":8.125396185098,"TOTAL_PARENT_EQUITY":145440927.36,"DEBT_ASSET_RATIO":58.5801929379,"OPERATE_PROFIT":2116811.52,"PRETAX_PROFIT":668992.32,"NETCASH_OPERATE":1173232.8,"NETCASH_INVEST":-1449483.36,"NETCASH_FINANCE":2277402.96,"END_CASH":4578104.16,"DIVI_RATIO":null,"DIVIDEND_RATE":null,"CURRENT_RATIO":0.054382356163,"COMMON_ACS":20000000000,"CURRENTDEBT_DEBT":99.703894275694,"ISSUED_COMMON_SHARES":6352702084,"HK_COMMON_SHARES":6352702084,"PER_SHARES":1000,"TOTAL_MARKET_CAP":412925635.46,"HKSK_MARKET_CAP":412925635.46,"PE_TTM":46.574062199413,"PB_TTM":0.842872232789,"REPORT_DATE_SQ":"2020-06-30 00:00:00","REPORT_TYPE_SQ":"2020年中报","OPERATE_INCOME_SQ":6342013.92,"DPS_HKD":null,"OPERATE_INCOME_QOQ_SQ":4.105327096358,"NET_PROFIT_RATIO_SQ":-93.9939507418,"HOLDER_PROFIT_SQ":-5961109.44,"HOLDER_PROFIT_QOQ_SQ":5876.25376766617,"ROE_AVG_SQ":-3.371276988684,"PE_TTM_SQ":-5.276874281623,"PB_TTM_SQ":2.124846744951,"ROA_SQ":-1.530947376323,"START_DATE":"2021-01-01 00:00:00","FISCAL_YEAR":"12-31","CURRENCY":"HKD","IS_CNY_CODE":0,"DPS_HKD_LY":null,"ORG_TYPE":"一般企业","PREMIUM_INCOME":null,"PREMIUM_INCOME_YOY":null,"NET_INTEREST_INCOME":null,"NET_INTEREST_INCOME_YOY":null,"FEE_COMMISSION_INCOME":null,"FEE_COMMISSION_INCOME_YOY":null,"ACCOUNTS_RECE_TDAYS":2.465264952408,"INVENTORY_TDAYS":2.571739130435,"CURRENT_ASSETS_TDAYS":1.493887741047,"TOTAL_ASSETS_TDAYS":0.04133738457,"PREMIUM_EXPENSE":null,"LOAN_DEPOSIT":null,"LOAN_EQUITY":null,"LOAN_ASSETS":null,"DEPOSIT_EQUITY":null,"DEPOSIT_ASSETS":null,"EQUITY_MULTIPLIER":2.414303858298,"EQUITY_RATIO":1.4143038583},{"SECUCODE":"00063.HK","SECURITY_CODE":"00063","SECURITY_NAME_ABBR":"中亚烯谷集团","ORG_CODE":"10007352","STD_REPORT_DATE":"2020-12-31 00:00:00","REPORT_DATE":"2020-12-31 00:00:00","DATE_TYPE_CODE":"001","REPORT_TYPE":"2020年年报","PER_NETCASH_OPERATE":0.000687856808,"PER_OI":0.005139818924,"BPS":0.023036951235,"BASIC_EPS":-0.006817284,"DILUTED_EPS":-0.006817284,"OPERATE_INCOME":14489674.24,"OPERATE_INCOME_YOY":27.9239114281,"GROSS_PROFIT":13634568,"GROSS_PROFIT_YOY":21.91340855091,"HOLDER_PROFIT":-19324896.04,"HOLDER_PROFIT_YOY":-229510,"GROSS_PROFIT_RATIO":94.098513011152,"EPS_TTM":-0.006854982709,"OPERATE_INCOME_QOQ":15.45261733438,"NET_PROFIT_RATIO":-133.2946096654,"ROE_AVG":-12.387079371502,"GROSS_PROFIT_QOQ":16.788787038607,"ROA":-5.436306124575,"HOLDER_PROFIT_QOQ":-3834.81882967987,"ROE_YEARLY":-12.387079371502,"ROIC_YEARLY":-5.465128595111,"TOTAL_ASSETS":351450347.92,"TOTAL_LIABILITIES":205092518.48,"TAX_EBT":-0.305970801644,"OCF_SALES":13.382899628253,"TOTAL_PARENT_EQUITY":146346888.12,"DEBT_ASSET_RATIO":58.3560436613,"OPERATE_PROFIT":-15203384.96,"PRETAX_PROFIT":-19255039.92,"NETCASH_OPERATE":1939138.56,"NETCASH_INVEST":-957786.32,"NETCASH_FINANCE":-112779.76,"END_CASH":2299360.48,"DIVI_RATIO":null,"DIVIDEND_RATE":null,"CURRENT_RATIO":0.040506621275,"COMMON_ACS":20000000000,"CURRENTDEBT_DEBT":99.56705870766,"ISSUED_COMMON_SHARES":6352702084,"HK_COMMON_SHARES":6352702084,"PER_SHARES":1000,"TOTAL_MARKET_CAP":476452656.3,"HKSK_MARKET_CAP":476452656.3,"PE_TTM":53.739302537785,"PB_TTM":0.972544883987,"REPORT_DATE_SQ":"2019-12-31 00:00:00","REPORT_TYPE_SQ":"2019年年报","OPERATE_INCOME_SQ":12055407.24,"DPS_HKD":null,"OPERATE_INCOME_QOQ_SQ":-11.116066226098,"NET_PROFIT_RATIO_SQ":-0.074305246,"HOLDER_PROFIT_SQ":-8957.8,"HOLDER_PROFIT_QOQ_SQ":99.985898221242,"ROE_AVG_SQ":-0.005080035967,"PE_TTM_SQ":-5.875282705313,"PB_TTM_SQ":2.365808746956,"ROA_SQ":-0.002399499944,"START_DATE":"2020-01-01 00:00:00","FISCAL_YEAR":"12-31","CURRENCY":"HKD","IS_CNY_CODE":0,"DPS_HKD_LY":null,"ORG_TYPE":"一般企业","PREMIUM_INCOME":null,"PREMIUM_INCOME_YOY":null,"NET_INTEREST_INCOME":null,"NET_INTEREST_INCOME_YOY":null,"FEE_COMMISSION_INCOME":null,"FEE_COMMISSION_INCOME_YOY":null,"ACCOUNTS_RECE_TDAYS":2.603750756201,"INVENTORY_TDAYS":2.019880715706,"CURRENT_ASSETS_TDAYS":1.844044558698,"TOTAL_ASSETS_TDAYS":0.040761049711,"PREMIUM_EXPENSE":null,"LOAN_DEPOSIT":null,"LOAN_EQUITY":null,"LOAN_ASSETS":null,"DEPOSIT_EQUITY":null,"DEPOSIT_ASSETS":null,"EQUITY_MULTIPLIER":2.401308828265,"EQUITY_RATIO":1.401413594198},{"SECUCODE":"00063.HK","SECURITY_CODE":"00063","SECURITY_NAME_ABBR":"中亚烯谷集团","ORG_CODE":"10007352","STD_REPORT_DATE":"2020-06-30 00:00:00","REPORT_DATE":"2020-06-30 00:00:00","DATE_TYPE_CODE":"002","REPORT_TYPE":"2020年中报","PER_NETCASH_OPERATE":0.000204455399,"PER_OI":0.00224965742,"BPS":0.027364368349,"BASIC_EPS":-0.002100912,"DILUTED_EPS":-0.002100912,"OPERATE_INCOME":6342013.92,"OPERATE_INCOME_YOY":4.4531367534,"GROSS_PROFIT":5991252.96,"GROSS_PROFIT_YOY":8.921693168754,"HOLDER_PROFIT":-5961109.44,"HOLDER_PROFIT_YOY":11.5118644068,"GROSS_PROFIT_RATIO":94.469249603918,"EPS_TTM":0.000183542577,"OPERATE_INCOME_QOQ":4.105327096358,"NET_PROFIT_RATIO":-93.9939507418,"ROE_AVG":-3.371276988684,"GROSS_PROFIT_QOQ":4.387939666339,"ROA":-1.530947376323,"HOLDER_PROFIT_QOQ":5876.25376766617,"ROE_YEARLY":-6.742553977368,"ROIC_YEARLY":-3.073557444935,"TOTAL_ASSETS":388571895.36,"TOTAL_LIABILITIES":214734215.52,"TAX_EBT":null,"OCF_SALES":9.088290364396,"TOTAL_PARENT_EQUITY":173837679.84,"DEBT_ASSET_RATIO":55.2624155489,"OPERATE_PROFIT":-3309393.12,"PRETAX_PROFIT":-5961109.44,"NETCASH_OPERATE":576380.64,"NETCASH_INVEST":-100478.4,"NETCASH_FINANCE":-644888.64,"END_CASH":1392996,"DIVI_RATIO":null,"DIVIDEND_RATE":null,"CURRENT_RATIO":0.031465482404,"COMMON_ACS":20000000000,"CURRENTDEBT_DEBT":100,"ISSUED_COMMON_SHARES":6352702084,"HK_COMMON_SHARES":6352702084,"PER_SHARES":1000,"TOTAL_MARKET_CAP":476452656.3,"HKSK_MARKET_CAP":476452656.3,"PE_TTM":53.739302537785,"PB_TTM":0.972544883987,"REPORT_DATE_SQ":"2019-06-30 00:00:00","REPORT_TYPE_SQ":"2019年中报","OPERATE_INCOME_SQ":5847100.02,"DPS_HKD":null,"OPERATE_INCOME_QOQ_SQ":-6.349782552434,"NET_PROFIT_RATIO_SQ":-110.9523093125,"HOLDER_PROFIT_SQ":-6487492.5,"HOLDER_PROFIT_QOQ_SQ":18.378669811507,"ROE_AVG_SQ":-3.818078277076,"PE_TTM_SQ":-5.875282705313,"PB_TTM_SQ":2.365808746956,"ROA_SQ":-1.797607658418,"START_DATE":"2020-01-01 00:00:00","FISCAL_YEAR":"12-31","CURRENCY":"HKD","IS_CNY_CODE":0,"DPS_HKD_LY":null,"ORG_TYPE":"一般企业","PREMIUM_INCOME":null,"PREMIUM_INCOME_YOY":null,"NET_INTEREST_INCOME":null,"NET_INTEREST_INCOME_YOY":null,"FEE_COMMISSION_INCOME":null,"FEE_COMMISSION_INCOME_YOY":null,"ACCOUNTS_RECE_TDAYS":1.16307898484,"INVENTORY_TDAYS":0.719775070291,"CURRENT_ASSETS_TDAYS":0.854996613509,"TOTAL_ASSETS_TDAYS":0.016287722393,"PREMIUM_EXPENSE":null,"LOAN_DEPOSIT":null,"LOAN_EQUITY":null,"LOAN_ASSETS":null,"DEPOSIT_EQUITY":null,"DEPOSIT_ASSETS":null,"EQUITY_MULTIPLIER":2.235257026657,"EQUITY_RATIO":1.235257026656}],"count":48},"success":true,"message":"ok","code":0}