{"version":"096a159d967725fadde2ec2fefb78315","result":{"pages":6,"data":[{"SECUCODE":"00064.HK","SECURITY_CODE":"00064","SECURITY_NAME_ABBR":"结好控股","ORG_CODE":"10007353","STD_REPORT_DATE":"2024-06-30 00:00:00","REPORT_DATE":"2024-09-30 00:00:00","DATE_TYPE_CODE":"002","REPORT_TYPE":"2024年中报","PER_NETCASH_OPERATE":0.019634758001,"PER_OI":0.015829821937,"BPS":0.539834660108,"BASIC_EPS":0.002975907,"DILUTED_EPS":null,"OPERATE_INCOME":152958914.43,"OPERATE_INCOME_YOY":-20.3563882237,"GROSS_PROFIT":null,"GROSS_PROFIT_YOY":null,"HOLDER_PROFIT":28332438.22,"HOLDER_PROFIT_YOY":-59.2196464266,"GROSS_PROFIT_RATIO":null,"EPS_TTM":0.003360144504,"OPERATE_INCOME_QOQ":0,"NET_PROFIT_RATIO":29.9681046122,"ROE_AVG":0.543888653262,"GROSS_PROFIT_QOQ":null,"ROA":0.431060089787,"HOLDER_PROFIT_QOQ":0,"ROE_YEARLY":1.087777306524,"ROIC_YEARLY":2.015668942191,"TOTAL_ASSETS":6623959569.34,"TOTAL_LIABILITIES":349972975.73,"TAX_EBT":19.961264722555,"OCF_SALES":124.036505774775,"TOTAL_PARENT_EQUITY":5216263575.76,"DEBT_ASSET_RATIO":5.2834406984,"OPERATE_PROFIT":57293424.07,"PRETAX_PROFIT":57270879.32,"NETCASH_OPERATE":189724892.73,"NETCASH_INVEST":-180437357.52,"NETCASH_FINANCE":-61839347.46,"END_CASH":2446608573.82,"DIVI_RATIO":1.348974722602,"DIVIDEND_RATE":4.098360655738,"CURRENT_RATIO":14.303522040096,"COMMON_ACS":30000000000,"CURRENTDEBT_DEBT":98.942247485744,"ISSUED_COMMON_SHARES":9662705938,"HK_COMMON_SHARES":9662705938,"PER_SHARES":2000,"TOTAL_MARKET_CAP":1178850124.436,"HKSK_MARKET_CAP":1178850124.436,"PE_TTM":-120.180459214599,"PB_TTM":0.203800141284,"REPORT_DATE_SQ":"2023-06-30 00:00:00","REPORT_TYPE_SQ":"2023年中报","OPERATE_INCOME_SQ":195427661.1,"DPS_HKD":0.005,"OPERATE_INCOME_QOQ_SQ":0,"NET_PROFIT_RATIO_SQ":47.0906700474,"HOLDER_PROFIT_SQ":70696050.46,"HOLDER_PROFIT_QOQ_SQ":0,"ROE_AVG_SQ":1.319761023933,"PE_TTM_SQ":5.894124609861,"PB_TTM_SQ":0.239927619073,"ROA_SQ":1.036161278136,"START_DATE":"2024-04-01 00:00:00","FISCAL_YEAR":"3-31","CURRENCY":"HKD","IS_CNY_CODE":0,"DPS_HKD_LY":0.005,"ORG_TYPE":"证券","PREMIUM_INCOME":null,"PREMIUM_INCOME_YOY":null,"NET_INTEREST_INCOME":161406883.15,"NET_INTEREST_INCOME_YOY":null,"FEE_COMMISSION_INCOME":null,"FEE_COMMISSION_INCOME_YOY":null,"ACCOUNTS_RECE_TDAYS":0.094749366678,"INVENTORY_TDAYS":null,"CURRENT_ASSETS_TDAYS":0.031004304432,"TOTAL_ASSETS_TDAYS":0.023271729343,"PREMIUM_EXPENSE":null,"LOAN_DEPOSIT":null,"LOAN_EQUITY":null,"LOAN_ASSETS":null,"DEPOSIT_EQUITY":null,"DEPOSIT_ASSETS":null,"EQUITY_MULTIPLIER":1.055781594447,"EQUITY_RATIO":0.067092655624},{"SECUCODE":"00064.HK","SECURITY_CODE":"00064","SECURITY_NAME_ABBR":"结好控股","ORG_CODE":"10007353","STD_REPORT_DATE":"2023-12-31 00:00:00","REPORT_DATE":"2024-03-31 00:00:00","DATE_TYPE_CODE":"001","REPORT_TYPE":"2023年年报","PER_NETCASH_OPERATE":0.038358373889,"PER_OI":0.029982171144,"BPS":0.541221660408,"BASIC_EPS":0.003354235,"DILUTED_EPS":null,"OPERATE_INCOME":289708903.15,"OPERATE_INCOME_YOY":-18.8658024484,"GROSS_PROFIT":null,"GROSS_PROFIT_YOY":null,"HOLDER_PROFIT":32468088.25,"HOLDER_PROFIT_YOY":-80.5035383778,"GROSS_PROFIT_RATIO":null,"EPS_TTM":0.021803189162,"OPERATE_INCOME_QOQ":0,"NET_PROFIT_RATIO":24.1296980659,"ROE_AVG":0.61727363086,"GROSS_PROFIT_QOQ":null,"ROA":0.486567695234,"HOLDER_PROFIT_QOQ":0,"ROE_YEARLY":0.61727363086,"ROIC_YEARLY":1.109680181899,"TOTAL_ASSETS":6555933897,"TOTAL_LIABILITIES":262710937.6,"TAX_EBT":10.763426799209,"OCF_SALES":127.937278806407,"TOTAL_PARENT_EQUITY":5229665751.8,"DEBT_ASSET_RATIO":4.007223711,"OPERATE_PROFIT":79864335.35,"PRETAX_PROFIT":78337705.15,"NETCASH_OPERATE":370645687.15,"NETCASH_INVEST":-7659440.95,"NETCASH_FINANCE":-206727848.9,"END_CASH":2511975712.9,"DIVI_RATIO":0.20789389875,"DIVIDEND_RATE":4.032258064516,"CURRENT_RATIO":19.073750752559,"COMMON_ACS":30000000000,"CURRENTDEBT_DEBT":98.585192137809,"ISSUED_COMMON_SHARES":9662705938,"HK_COMMON_SHARES":9662705938,"PER_SHARES":2000,"TOTAL_MARKET_CAP":1198175536.312,"HKSK_MARKET_CAP":1198175536.312,"PE_TTM":-122.150630677133,"PB_TTM":0.207141127207,"REPORT_DATE_SQ":"2022-12-31 00:00:00","REPORT_TYPE_SQ":"2022年年报","OPERATE_INCOME_SQ":344808241.62,"DPS_HKD":0.005,"OPERATE_INCOME_QOQ_SQ":0,"NET_PROFIT_RATIO_SQ":67.0794806566,"HOLDER_PROFIT_SQ":160812817,"HOLDER_PROFIT_QOQ_SQ":0,"ROE_AVG_SQ":3.170784731248,"PE_TTM_SQ":5.934773745101,"PB_TTM_SQ":0.241582292308,"ROA_SQ":2.391801264621,"START_DATE":"2023-04-01 00:00:00","FISCAL_YEAR":"3-31","CURRENCY":"HKD","IS_CNY_CODE":0,"DPS_HKD_LY":0.01,"ORG_TYPE":"证券","PREMIUM_INCOME":null,"PREMIUM_INCOME_YOY":null,"NET_INTEREST_INCOME":306584331.4,"NET_INTEREST_INCOME_YOY":null,"FEE_COMMISSION_INCOME":null,"FEE_COMMISSION_INCOME_YOY":null,"ACCOUNTS_RECE_TDAYS":0.162067930254,"INVENTORY_TDAYS":null,"CURRENT_ASSETS_TDAYS":0.057579372015,"TOTAL_ASSETS_TDAYS":0.043415858738,"PREMIUM_EXPENSE":null,"LOAN_DEPOSIT":null,"LOAN_EQUITY":null,"LOAN_ASSETS":null,"DEPOSIT_EQUITY":null,"DEPOSIT_ASSETS":null,"EQUITY_MULTIPLIER":1.041745054846,"EQUITY_RATIO":0.050234747318},{"SECUCODE":"00064.HK","SECURITY_CODE":"00064","SECURITY_NAME_ABBR":"结好控股","ORG_CODE":"10007353","STD_REPORT_DATE":"2023-06-30 00:00:00","REPORT_DATE":"2023-09-30 00:00:00","DATE_TYPE_CODE":"002","REPORT_TYPE":"2023年中报","PER_NETCASH_OPERATE":0.033323242842,"PER_OI":0.020224941373,"BPS":0.554568709155,"BASIC_EPS":0.00734104,"DILUTED_EPS":null,"OPERATE_INCOME":195427661.1,"OPERATE_INCOME_YOY":30.9851098769,"GROSS_PROFIT":null,"GROSS_PROFIT_YOY":null,"HOLDER_PROFIT":70696050.46,"HOLDER_PROFIT_YOY":234.4998263286,"GROSS_PROFIT_RATIO":null,"EPS_TTM":0.016642627648,"OPERATE_INCOME_QOQ":0,"NET_PROFIT_RATIO":47.0906700474,"ROE_AVG":1.319761023933,"GROSS_PROFIT_QOQ":null,"ROA":1.036161278136,"HOLDER_PROFIT_QOQ":0,"ROE_YEARLY":2.639522047865,"ROIC_YEARLY":4.690030884062,"TOTAL_ASSETS":6772945360.93,"TOTAL_LIABILITIES":335734205.73,"TAX_EBT":17.067180471024,"OCF_SALES":164.763112175424,"TOTAL_PARENT_EQUITY":5358634358.98,"DEBT_ASSET_RATIO":4.9569897266,"OPERATE_PROFIT":112489508.81,"PRETAX_PROFIT":110967160.64,"NETCASH_OPERATE":321992696.48,"NETCASH_INVEST":-43907677.87,"NETCASH_FINANCE":-146330785.58,"END_CASH":2516229552.48,"DIVI_RATIO":0.272357832899,"DIVIDEND_RATE":4.032258064516,"CURRENT_RATIO":15.23418269058,"COMMON_ACS":30000000000,"CURRENTDEBT_DEBT":98.88813270251,"ISSUED_COMMON_SHARES":9662705938,"HK_COMMON_SHARES":9662705938,"PER_SHARES":2000,"TOTAL_MARKET_CAP":1198175536.312,"HKSK_MARKET_CAP":1198175536.312,"PE_TTM":-122.150630677133,"PB_TTM":0.207141127207,"REPORT_DATE_SQ":"2022-06-30 00:00:00","REPORT_TYPE_SQ":"2022年中报","OPERATE_INCOME_SQ":147053804.04,"DPS_HKD":0.005,"OPERATE_INCOME_QOQ_SQ":0,"NET_PROFIT_RATIO_SQ":26.313879612,"HOLDER_PROFIT_SQ":20831062.08,"HOLDER_PROFIT_QOQ_SQ":0,"ROE_AVG_SQ":0.403199723824,"PE_TTM_SQ":5.934773745101,"PB_TTM_SQ":0.241582292308,"ROA_SQ":0.29780048893,"START_DATE":"2023-04-01 00:00:00","FISCAL_YEAR":"3-31","CURRENCY":"HKD","IS_CNY_CODE":0,"DPS_HKD_LY":0.01,"ORG_TYPE":"证券","PREMIUM_INCOME":null,"PREMIUM_INCOME_YOY":null,"NET_INTEREST_INCOME":146124318.83,"NET_INTEREST_INCOME_YOY":null,"FEE_COMMISSION_INCOME":null,"FEE_COMMISSION_INCOME_YOY":null,"ACCOUNTS_RECE_TDAYS":0.106143906556,"INVENTORY_TDAYS":null,"CURRENT_ASSETS_TDAYS":0.038157041929,"TOTAL_ASSETS_TDAYS":0.028642982711,"PREMIUM_EXPENSE":null,"LOAN_DEPOSIT":null,"LOAN_EQUITY":null,"LOAN_ASSETS":null,"DEPOSIT_EQUITY":null,"DEPOSIT_ASSETS":null,"EQUITY_MULTIPLIER":1.052155226485,"EQUITY_RATIO":0.062652941634},{"SECUCODE":"00064.HK","SECURITY_CODE":"00064","SECURITY_NAME_ABBR":"结好控股","ORG_CODE":"10007353","STD_REPORT_DATE":"2022-12-31 00:00:00","REPORT_DATE":"2023-03-31 00:00:00","DATE_TYPE_CODE":"001","REPORT_TYPE":"2022年年报","PER_NETCASH_OPERATE":0.090474832179,"PER_OI":0.035684439104,"BPS":0.528677301882,"BASIC_EPS":0.01663279,"DILUTED_EPS":null,"OPERATE_INCOME":344808241.62,"OPERATE_INCOME_YOY":-9.6892977271,"GROSS_PROFIT":null,"GROSS_PROFIT_YOY":null,"HOLDER_PROFIT":160812817,"HOLDER_PROFIT_YOY":205.2255545402,"GROSS_PROFIT_RATIO":null,"EPS_TTM":-0.001680528889,"OPERATE_INCOME_QOQ":0,"NET_PROFIT_RATIO":67.0794806566,"ROE_AVG":3.170784731248,"GROSS_PROFIT_QOQ":null,"ROA":2.391801264621,"HOLDER_PROFIT_QOQ":0,"ROE_YEARLY":3.170784731248,"ROIC_YEARLY":4.733223466894,"TOTAL_ASSETS":6556599421.27,"TOTAL_LIABILITIES":422078056.09,"TAX_EBT":-50.06957815757,"OCF_SALES":253.541415957063,"TOTAL_PARENT_EQUITY":5108453304.18,"DEBT_ASSET_RATIO":6.4374537618,"OPERATE_PROFIT":157049429.41,"PRETAX_PROFIT":154125560.01,"NETCASH_OPERATE":874231698.14,"NETCASH_INVEST":-78156604.8,"NETCASH_FINANCE":-127866761.65,"END_CASH":2274620698.09,"DIVI_RATIO":-2.69721635313,"DIVIDEND_RATE":4.032258064516,"CURRENT_RATIO":11.820136962806,"COMMON_ACS":30000000000,"CURRENTDEBT_DEBT":99.157314440142,"ISSUED_COMMON_SHARES":9662705938,"HK_COMMON_SHARES":9662705938,"PER_SHARES":2000,"TOTAL_MARKET_CAP":1198175536.312,"HKSK_MARKET_CAP":1198175536.312,"PE_TTM":-122.150630677133,"PB_TTM":0.207141127207,"REPORT_DATE_SQ":"2021-12-31 00:00:00","REPORT_TYPE_SQ":"2021年年报","OPERATE_INCOME_SQ":353714712.41,"DPS_HKD":0.005,"OPERATE_INCOME_QOQ_SQ":0,"NET_PROFIT_RATIO_SQ":21.9130969113,"HOLDER_PROFIT_SQ":48810636.85,"HOLDER_PROFIT_QOQ_SQ":0,"ROE_AVG_SQ":1.059538735793,"PE_TTM_SQ":5.934773745101,"PB_TTM_SQ":0.241582292308,"ROA_SQ":0.777478005259,"START_DATE":"2022-04-01 00:00:00","FISCAL_YEAR":"3-31","CURRENCY":"HKD","IS_CNY_CODE":0,"DPS_HKD_LY":0.01,"ORG_TYPE":"证券","PREMIUM_INCOME":null,"PREMIUM_INCOME_YOY":null,"NET_INTEREST_INCOME":301831738.49,"NET_INTEREST_INCOME_YOY":null,"FEE_COMMISSION_INCOME":null,"FEE_COMMISSION_INCOME_YOY":null,"ACCOUNTS_RECE_TDAYS":0.16058447429,"INVENTORY_TDAYS":null,"CURRENT_ASSETS_TDAYS":0.066114917308,"TOTAL_ASSETS_TDAYS":0.051284020997,"PREMIUM_EXPENSE":null,"LOAN_DEPOSIT":null,"LOAN_EQUITY":null,"LOAN_ASSETS":null,"DEPOSIT_EQUITY":null,"DEPOSIT_ASSETS":null,"EQUITY_MULTIPLIER":1.068803747019,"EQUITY_RATIO":0.082623453902},{"SECUCODE":"00064.HK","SECURITY_CODE":"00064","SECURITY_NAME_ABBR":"结好控股","ORG_CODE":"10007353","STD_REPORT_DATE":"2022-06-30 00:00:00","REPORT_DATE":"2022-09-30 00:00:00","DATE_TYPE_CODE":"002","REPORT_TYPE":"2022年中报","PER_NETCASH_OPERATE":0.014527266654,"PER_OI":0.015218698052,"BPS":0.531005835488,"BASIC_EPS":0.002170656,"DILUTED_EPS":null,"OPERATE_INCOME":147053804.04,"OPERATE_INCOME_YOY":-36.5847475145,"GROSS_PROFIT":null,"GROSS_PROFIT_YOY":null,"HOLDER_PROFIT":20831062.08,"HOLDER_PROFIT_YOY":-77.6583567756,"GROSS_PROFIT_RATIO":null,"EPS_TTM":0.005051445958,"OPERATE_INCOME_QOQ":0,"NET_PROFIT_RATIO":26.313879612,"ROE_AVG":0.403199723824,"GROSS_PROFIT_QOQ":null,"ROA":0.29780048893,"HOLDER_PROFIT_QOQ":0,"ROE_YEARLY":0.806399447649,"ROIC_YEARLY":1.11751305795,"TOTAL_ASSETS":6871042437.72,"TOTAL_LIABILITIES":661331050.2,"TAX_EBT":25.902320748182,"OCF_SALES":95.456698095221,"TOTAL_PARENT_EQUITY":5130953239.68,"DEBT_ASSET_RATIO":9.6249012605,"OPERATE_PROFIT":53229911.76,"PRETAX_PROFIT":52222365.6,"NETCASH_OPERATE":140372705.76,"NETCASH_INVEST":186806655.36,"NETCASH_FINANCE":-65909256.12,"END_CASH":1920949160.4,"DIVI_RATIO":0.897317330136,"DIVIDEND_RATE":4.032258064516,"CURRENT_RATIO":8.267032741865,"COMMON_ACS":30000000000,"CURRENTDEBT_DEBT":99.448581451166,"ISSUED_COMMON_SHARES":9662705938,"HK_COMMON_SHARES":9662705938,"PER_SHARES":2000,"TOTAL_MARKET_CAP":1198175536.312,"HKSK_MARKET_CAP":1198175536.312,"PE_TTM":-122.150630677133,"PB_TTM":0.207141127207,"REPORT_DATE_SQ":"2021-06-30 00:00:00","REPORT_TYPE_SQ":"2021年中报","OPERATE_INCOME_SQ":213589086.46,"DPS_HKD":0.005,"OPERATE_INCOME_QOQ_SQ":0,"NET_PROFIT_RATIO_SQ":50.2287521793,"HOLDER_PROFIT_SQ":85880155.4,"HOLDER_PROFIT_QOQ_SQ":0,"ROE_AVG_SQ":1.803077965501,"PE_TTM_SQ":5.934773745101,"PB_TTM_SQ":0.241582292308,"ROA_SQ":1.293480970089,"START_DATE":"2022-04-01 00:00:00","FISCAL_YEAR":"3-31","CURRENCY":"HKD","IS_CNY_CODE":0,"DPS_HKD_LY":0.01,"ORG_TYPE":"证券","PREMIUM_INCOME":null,"PREMIUM_INCOME_YOY":null,"NET_INTEREST_INCOME":157541690.28,"NET_INTEREST_INCOME_YOY":null,"FEE_COMMISSION_INCOME":null,"FEE_COMMISSION_INCOME_YOY":null,"ACCOUNTS_RECE_TDAYS":0.058340864063,"INVENTORY_TDAYS":null,"CURRENT_ASSETS_TDAYS":0.026490125569,"TOTAL_ASSETS_TDAYS":0.021022785384,"PREMIUM_EXPENSE":null,"LOAN_DEPOSIT":null,"LOAN_EQUITY":null,"LOAN_ASSETS":null,"DEPOSIT_EQUITY":null,"DEPOSIT_ASSETS":null,"EQUITY_MULTIPLIER":1.106499482653,"EQUITY_RATIO":0.128890484732},{"SECUCODE":"00064.HK","SECURITY_CODE":"00064","SECURITY_NAME_ABBR":"结好控股","ORG_CODE":"10007353","STD_REPORT_DATE":"2021-12-31 00:00:00","REPORT_DATE":"2022-03-31 00:00:00","DATE_TYPE_CODE":"001","REPORT_TYPE":"2021年年报","PER_NETCASH_OPERATE":0.088212002871,"PER_OI":0.036606175814,"BPS":0.482738031595,"BASIC_EPS":0.005028262,"DILUTED_EPS":null,"OPERATE_INCOME":353714712.41,"OPERATE_INCOME_YOY":-10.2145302506,"GROSS_PROFIT":null,"GROSS_PROFIT_YOY":null,"HOLDER_PROFIT":48810636.85,"HOLDER_PROFIT_YOY":-68.2635519933,"GROSS_PROFIT_RATIO":null,"EPS_TTM":0.018314348388,"OPERATE_INCOME_QOQ":0,"NET_PROFIT_RATIO":21.9130969113,"ROE_AVG":1.059538735793,"GROSS_PROFIT_QOQ":null,"ROA":0.777478005259,"HOLDER_PROFIT_QOQ":0,"ROE_YEARLY":1.059538735793,"ROIC_YEARLY":1.260298492961,"TOTAL_ASSETS":6383509181.61,"TOTAL_LIABILITIES":751245051.08,"TAX_EBT":38.947233933819,"OCF_SALES":240.975739497089,"TOTAL_PARENT_EQUITY":4664555644.39,"DEBT_ASSET_RATIO":11.7685277754,"OPERATE_PROFIT":128377205.93,"PRETAX_PROFIT":126955505.4,"NETCASH_OPERATE":852366643.94,"NETCASH_INVEST":139608883.42,"NETCASH_FINANCE":-36809310.87,"END_CASH":1488398803.41,"DIVI_RATIO":0.247497202956,"DIVIDEND_RATE":4.032258064516,"CURRENT_RATIO":6.791763616532,"COMMON_ACS":30000000000,"CURRENTDEBT_DEBT":99.56709863242,"ISSUED_COMMON_SHARES":9662705938,"HK_COMMON_SHARES":9662705938,"PER_SHARES":2000,"TOTAL_MARKET_CAP":1198175536.312,"HKSK_MARKET_CAP":1198175536.312,"PE_TTM":-122.150630677133,"PB_TTM":0.207141127207,"REPORT_DATE_SQ":"2020-12-31 00:00:00","REPORT_TYPE_SQ":"2020年年报","OPERATE_INCOME_SQ":410553791.62,"DPS_HKD":0.005,"OPERATE_INCOME_QOQ_SQ":0,"NET_PROFIT_RATIO_SQ":51.0512414592,"HOLDER_PROFIT_SQ":160279935.2,"HOLDER_PROFIT_QOQ_SQ":0,"ROE_AVG_SQ":3.424284031396,"PE_TTM_SQ":5.934773745101,"PB_TTM_SQ":0.241582292308,"ROA_SQ":2.558657430728,"START_DATE":"2021-04-01 00:00:00","FISCAL_YEAR":"3-31","CURRENCY":"HKD","IS_CNY_CODE":0,"DPS_HKD_LY":0.01,"ORG_TYPE":"证券","PREMIUM_INCOME":null,"PREMIUM_INCOME_YOY":null,"NET_INTEREST_INCOME":282689700.65,"NET_INTEREST_INCOME_YOY":null,"FEE_COMMISSION_INCOME":null,"FEE_COMMISSION_INCOME_YOY":null,"ACCOUNTS_RECE_TDAYS":0.134580723718,"INVENTORY_TDAYS":null,"CURRENT_ASSETS_TDAYS":0.072221891956,"TOTAL_ASSETS_TDAYS":0.056341286814,"PREMIUM_EXPENSE":null,"LOAN_DEPOSIT":null,"LOAN_EQUITY":null,"LOAN_ASSETS":null,"DEPOSIT_EQUITY":null,"DEPOSIT_ASSETS":null,"EQUITY_MULTIPLIER":1.133382425553,"EQUITY_RATIO":0.161053937042},{"SECUCODE":"00064.HK","SECURITY_CODE":"00064","SECURITY_NAME_ABBR":"结好控股","ORG_CODE":"10007353","STD_REPORT_DATE":"2021-06-30 00:00:00","REPORT_DATE":"2021-09-30 00:00:00","DATE_TYPE_CODE":"002","REPORT_TYPE":"2021年中报","PER_NETCASH_OPERATE":0.076653508368,"PER_OI":0.022104479618,"BPS":0.502267443375,"BASIC_EPS":0.008913742,"DILUTED_EPS":null,"OPERATE_INCOME":213589086.46,"OPERATE_INCOME_YOY":9.44345792,"GROSS_PROFIT":null,"GROSS_PROFIT_YOY":null,"HOLDER_PROFIT":85880155.4,"HOLDER_PROFIT_YOY":30.9179112059,"GROSS_PROFIT_RATIO":null,"EPS_TTM":0.016587479349,"OPERATE_INCOME_QOQ":0,"NET_PROFIT_RATIO":50.2287521793,"ROE_AVG":1.803077965501,"GROSS_PROFIT_QOQ":null,"ROA":1.293480970089,"HOLDER_PROFIT_QOQ":0,"ROE_YEARLY":3.606155931001,"ROIC_YEARLY":4.057138393127,"TOTAL_ASSETS":6938460105.04,"TOTAL_LIABILITIES":1082424848.16,"TAX_EBT":22.31752925564,"OCF_SALES":346.778163040044,"TOTAL_PARENT_EQUITY":4853262607.56,"DEBT_ASSET_RATIO":15.6003613449,"OPERATE_PROFIT":138290459.18,"PRETAX_PROFIT":138104686.8,"NETCASH_OPERATE":740680310.48,"NETCASH_INVEST":-75429417.7,"NETCASH_FINANCE":23553938.44,"END_CASH":1237543119.34,"DIVI_RATIO":0.273263339456,"DIVIDEND_RATE":4.032258064516,"CURRENT_RATIO":5.046946806217,"COMMON_ACS":30000000000,"CURRENTDEBT_DEBT":95.307064531422,"ISSUED_COMMON_SHARES":9662705938,"HK_COMMON_SHARES":9662705938,"PER_SHARES":2000,"TOTAL_MARKET_CAP":1198175536.312,"HKSK_MARKET_CAP":1198175536.312,"PE_TTM":-122.150630677133,"PB_TTM":0.207141127207,"REPORT_DATE_SQ":"2020-06-30 00:00:00","REPORT_TYPE_SQ":"2020年中报","OPERATE_INCOME_SQ":205855976.96,"DPS_HKD":0.005,"OPERATE_INCOME_QOQ_SQ":0,"NET_PROFIT_RATIO_SQ":41.8866426486,"HOLDER_PROFIT_SQ":69193927.68,"HOLDER_PROFIT_QOQ_SQ":0,"ROE_AVG_SQ":1.429841847442,"PE_TTM_SQ":5.934773745101,"PB_TTM_SQ":0.241582292308,"ROA_SQ":1.042373700847,"START_DATE":"2021-04-01 00:00:00","FISCAL_YEAR":"3-31","CURRENCY":"HKD","IS_CNY_CODE":0,"DPS_HKD_LY":0.01,"ORG_TYPE":"证券","PREMIUM_INCOME":null,"PREMIUM_INCOME_YOY":null,"NET_INTEREST_INCOME":153446319.76,"NET_INTEREST_INCOME_YOY":null,"FEE_COMMISSION_INCOME":null,"FEE_COMMISSION_INCOME_YOY":null,"ACCOUNTS_RECE_TDAYS":0.075509945633,"INVENTORY_TDAYS":null,"CURRENT_ASSETS_TDAYS":0.042506168087,"TOTAL_ASSETS_TDAYS":0.032169645882,"PREMIUM_EXPENSE":null,"LOAN_DEPOSIT":null,"LOAN_EQUITY":null,"LOAN_ASSETS":null,"DEPOSIT_EQUITY":null,"DEPOSIT_ASSETS":null,"EQUITY_MULTIPLIER":1.184839195919,"EQUITY_RATIO":0.223030347971},{"SECUCODE":"00064.HK","SECURITY_CODE":"00064","SECURITY_NAME_ABBR":"结好控股","ORG_CODE":"10007353","STD_REPORT_DATE":"2020-12-31 00:00:00","REPORT_DATE":"2021-03-31 00:00:00","DATE_TYPE_CODE":"001","REPORT_TYPE":"2020年年报","PER_NETCASH_OPERATE":0.04104640165,"PER_OI":0.042488490724,"BPS":0.490615112073,"BASIC_EPS":0.016565528,"DILUTED_EPS":0.016565528,"OPERATE_INCOME":410553791.62,"OPERATE_INCOME_YOY":16.4121981906,"GROSS_PROFIT":null,"GROSS_PROFIT_YOY":null,"HOLDER_PROFIT":160279935.2,"HOLDER_PROFIT_YOY":60.3110866901,"GROSS_PROFIT_RATIO":null,"EPS_TTM":0.009686323068,"OPERATE_INCOME_QOQ":0,"NET_PROFIT_RATIO":51.0512414592,"ROE_AVG":3.424284031396,"GROSS_PROFIT_QOQ":null,"ROA":2.558657430728,"HOLDER_PROFIT_QOQ":0,"ROE_YEARLY":3.424284031396,"ROIC_YEARLY":3.80444349933,"TOTAL_ASSETS":6432706393.82,"TOTAL_LIABILITIES":756681202.2,"TAX_EBT":19.102113250387,"OCF_SALES":96.605930101141,"TOTAL_PARENT_EQUITY":4740669556.7,"DEBT_ASSET_RATIO":11.7630302998,"OPERATE_PROFIT":263269344.1,"PRETAX_PROFIT":259083167.56,"NETCASH_OPERATE":396619308.96,"NETCASH_INVEST":-498976523.22,"NETCASH_FINANCE":-105291679.22,"END_CASH":556900934.52,"DIVI_RATIO":0.467953625748,"DIVIDEND_RATE":4.032258064516,"CURRENT_RATIO":6.556436697612,"COMMON_ACS":30000000000,"CURRENTDEBT_DEBT":99.043661830245,"ISSUED_COMMON_SHARES":9662705938,"HK_COMMON_SHARES":9662705938,"PER_SHARES":2000,"TOTAL_MARKET_CAP":1198175536.312,"HKSK_MARKET_CAP":1198175536.312,"PE_TTM":-122.150630677133,"PB_TTM":0.207141127207,"REPORT_DATE_SQ":"2019-12-31 00:00:00","REPORT_TYPE_SQ":"2019年年报","OPERATE_INCOME_SQ":381264167.5,"DPS_HKD":0.005,"OPERATE_INCOME_QOQ_SQ":0,"NET_PROFIT_RATIO_SQ":37.5598825714,"HOLDER_PROFIT_SQ":108086141.5,"HOLDER_PROFIT_QOQ_SQ":0,"ROE_AVG_SQ":2.164161615371,"PE_TTM_SQ":5.934773745101,"PB_TTM_SQ":0.241582292308,"ROA_SQ":1.5233879881,"START_DATE":"2020-04-01 00:00:00","FISCAL_YEAR":"3-31","CURRENCY":"HKD","IS_CNY_CODE":0,"DPS_HKD_LY":0.009,"ORG_TYPE":"证券","PREMIUM_INCOME":null,"PREMIUM_INCOME_YOY":null,"NET_INTEREST_INCOME":342397631.24,"NET_INTEREST_INCOME_YOY":null,"FEE_COMMISSION_INCOME":null,"FEE_COMMISSION_INCOME_YOY":null,"ACCOUNTS_RECE_TDAYS":0.134560230273,"INVENTORY_TDAYS":null,"CURRENT_ASSETS_TDAYS":0.082938638667,"TOTAL_ASSETS_TDAYS":0.06553948929,"PREMIUM_EXPENSE":null,"LOAN_DEPOSIT":null,"LOAN_EQUITY":null,"LOAN_ASSETS":null,"DEPOSIT_EQUITY":null,"DEPOSIT_ASSETS":null,"EQUITY_MULTIPLIER":1.133311811815,"EQUITY_RATIO":0.159614837767},{"SECUCODE":"00064.HK","SECURITY_CODE":"00064","SECURITY_NAME_ABBR":"结好控股","ORG_CODE":"10007353","STD_REPORT_DATE":"2020-06-30 00:00:00","REPORT_DATE":"2020-09-30 00:00:00","DATE_TYPE_CODE":"002","REPORT_TYPE":"2020年中报","PER_NETCASH_OPERATE":-0.02156917207,"PER_OI":0.021304174864,"BPS":0.504462832295,"BASIC_EPS":0.007117632,"DILUTED_EPS":0.007117632,"OPERATE_INCOME":205855976.96,"OPERATE_INCOME_YOY":-14.9165210885,"GROSS_PROFIT":null,"GROSS_PROFIT_YOY":null,"HOLDER_PROFIT":69193927.68,"HOLDER_PROFIT_YOY":-15.1236863379,"GROSS_PROFIT_RATIO":null,"EPS_TTM":0.011185908191,"OPERATE_INCOME_QOQ":0,"NET_PROFIT_RATIO":41.8866426486,"ROE_AVG":1.429841847442,"GROSS_PROFIT_QOQ":null,"ROA":1.042373700847,"HOLDER_PROFIT_QOQ":0,"ROE_YEARLY":2.859683694884,"ROIC_YEARLY":2.969775004017,"TOTAL_ASSETS":6938586648.96,"TOTAL_LIABILITIES":1104757539.2,"TAX_EBT":17.085350705975,"OCF_SALES":-101.243874536855,"TOTAL_PARENT_EQUITY":4874476005.12,"DEBT_ASSET_RATIO":15.9219390791,"OPERATE_PROFIT":104562407.68,"PRETAX_PROFIT":103993875.84,"NETCASH_OPERATE":-208416567.04,"NETCASH_INVEST":-527191578.88,"NETCASH_FINANCE":361497499.52,"END_CASH":421302304,"DIVI_RATIO":0.405219667689,"DIVIDEND_RATE":4.032258064516,"CURRENT_RATIO":4.897619404416,"COMMON_ACS":30000000000,"CURRENTDEBT_DEBT":98.724741197946,"ISSUED_COMMON_SHARES":9662705938,"HK_COMMON_SHARES":9662705938,"PER_SHARES":2000,"TOTAL_MARKET_CAP":1198175536.312,"HKSK_MARKET_CAP":1198175536.312,"PE_TTM":-122.150630677133,"PB_TTM":0.207141127207,"REPORT_DATE_SQ":"2019-06-30 00:00:00","REPORT_TYPE_SQ":"2019年中报","OPERATE_INCOME_SQ":248358531.39,"DPS_HKD":0.005,"OPERATE_INCOME_QOQ_SQ":0,"NET_PROFIT_RATIO_SQ":39.6118966075,"HOLDER_PROFIT_SQ":83683977.75,"HOLDER_PROFIT_QOQ_SQ":0,"ROE_AVG_SQ":1.687923771889,"PE_TTM_SQ":5.934773745101,"PB_TTM_SQ":0.241582292308,"ROA_SQ":1.137900056499,"START_DATE":"2020-04-01 00:00:00","FISCAL_YEAR":"3-31","CURRENCY":"HKD","IS_CNY_CODE":0,"DPS_HKD_LY":0.009,"ORG_TYPE":"证券","PREMIUM_INCOME":null,"PREMIUM_INCOME_YOY":null,"NET_INTEREST_INCOME":179334449.92,"NET_INTEREST_INCOME_YOY":null,"FEE_COMMISSION_INCOME":null,"FEE_COMMISSION_INCOME_YOY":null,"ACCOUNTS_RECE_TDAYS":0.060863130052,"INVENTORY_TDAYS":null,"CURRENT_ASSETS_TDAYS":0.039113588068,"TOTAL_ASSETS_TDAYS":0.031011226525,"PREMIUM_EXPENSE":null,"LOAN_DEPOSIT":null,"LOAN_EQUITY":null,"LOAN_ASSETS":null,"DEPOSIT_EQUITY":null,"DEPOSIT_ASSETS":null,"EQUITY_MULTIPLIER":1.189370912039,"EQUITY_RATIO":0.226641291913}],"count":47},"success":true,"message":"ok","code":0}