{"version":"e0cffb1b9d8a814c9bec3ce8976b8dfe","result":{"pages":6,"data":[{"SECUCODE":"00062.HK","SECURITY_CODE":"00062","SECURITY_NAME_ABBR":"载通","ORG_CODE":"10007351","STD_REPORT_DATE":"2024-06-30 00:00:00","REPORT_DATE":"2024-06-30 00:00:00","DATE_TYPE_CODE":"002","REPORT_TYPE":"2024年中报","PER_NETCASH_OPERATE":1.263652048135,"PER_OI":7.28922421862,"BPS":29.273111255289,"BASIC_EPS":0.2190432,"DILUTED_EPS":0.2190432,"OPERATE_INCOME":3709496592,"OPERATE_INCOME_YOY":6.8061176223,"GROSS_PROFIT":3709496592,"GROSS_PROFIT_YOY":5.728765734121,"HOLDER_PROFIT":109795404,"HOLDER_PROFIT_YOY":-10.0224382947,"GROSS_PROFIT_RATIO":null,"EPS_TTM":0.688781175765,"OPERATE_INCOME_QOQ":2.812944356666,"NET_PROFIT_RATIO":2.9598464718,"ROE_AVG":0.735152576242,"GROSS_PROFIT_QOQ":2.812944356666,"ROA":0.500710807481,"HOLDER_PROFIT_QOQ":-3.701512486852,"ROE_YEARLY":1.470305152485,"ROIC_YEARLY":1.053284876392,"TOTAL_ASSETS":21780743128,"TOTAL_LIABILITIES":6883615096,"TAX_EBT":11.997073884418,"OCF_SALES":17.335892136601,"TOTAL_PARENT_EQUITY":14897128032,"DEBT_ASSET_RATIO":31.6041333188,"OPERATE_PROFIT":170032284,"PRETAX_PROFIT":124763356,"NETCASH_OPERATE":643074328,"NETCASH_INVEST":-583750128,"NETCASH_FINANCE":-175325828,"END_CASH":336961456,"DIVI_RATIO":0.657843181467,"DIVIDEND_RATE":6.142506142506,"CURRENT_RATIO":1.057893642099,"COMMON_ACS":600000000,"CURRENTDEBT_DEBT":38.24613507995,"ISSUED_COMMON_SHARES":508901425,"HK_COMMON_SHARES":508901425,"PER_SHARES":400,"TOTAL_MARKET_CAP":4142457599.5,"HKSK_MARKET_CAP":4142457599.5,"PE_TTM":10.66920515089,"PB_TTM":0.253789736773,"REPORT_DATE_SQ":"2023-06-30 00:00:00","REPORT_TYPE_SQ":"2023年中报","OPERATE_INCOME_SQ":3508502692,"DPS_HKD":0.5,"OPERATE_INCOME_QOQ_SQ":16.748837500768,"NET_PROFIT_RATIO_SQ":3.5134282861,"HOLDER_PROFIT_SQ":123268726,"HOLDER_PROFIT_QOQ_SQ":25.155237613839,"ROE_AVG_SQ":0.832209119649,"PE_TTM_SQ":26.027191189891,"PB_TTM_SQ":0.277300228866,"ROA_SQ":0.588821084181,"START_DATE":"2024-01-01 00:00:00","FISCAL_YEAR":"12-31","CURRENCY":"HKD","IS_CNY_CODE":0,"DPS_HKD_LY":0.5,"ORG_TYPE":"一般企业","PREMIUM_INCOME":null,"PREMIUM_INCOME_YOY":null,"NET_INTEREST_INCOME":null,"NET_INTEREST_INCOME_YOY":null,"FEE_COMMISSION_INCOME":null,"FEE_COMMISSION_INCOME_YOY":null,"ACCOUNTS_RECE_TDAYS":4.153280196199,"INVENTORY_TDAYS":null,"CURRENT_ASSETS_TDAYS":1.279960899531,"TOTAL_ASSETS_TDAYS":0.169167830916,"PREMIUM_EXPENSE":null,"LOAN_DEPOSIT":null,"LOAN_EQUITY":null,"LOAN_ASSETS":null,"DEPOSIT_EQUITY":null,"DEPOSIT_ASSETS":null,"EQUITY_MULTIPLIER":1.462076655394,"EQUITY_RATIO":0.462076655394},{"SECUCODE":"00062.HK","SECURITY_CODE":"00062","SECURITY_NAME_ABBR":"载通","ORG_CODE":"10007351","STD_REPORT_DATE":"2023-12-31 00:00:00","REPORT_DATE":"2023-12-31 00:00:00","DATE_TYPE_CODE":"001","REPORT_TYPE":"2023年年报","PER_NETCASH_OPERATE":2.505656647818,"PER_OI":14.454172827506,"BPS":29.214048774063,"BASIC_EPS":0.7521626,"DILUTED_EPS":0.7521626,"OPERATE_INCOME":7145320863.66,"OPERATE_INCOME_YOY":19.3362938541,"GROSS_PROFIT":7145320863.66,"GROSS_PROFIT_YOY":21.066347483318,"HOLDER_PROFIT":363995043.86,"HOLDER_PROFIT_YOY":-26.8436035531,"GROSS_PROFIT_RATIO":null,"EPS_TTM":0.736320645734,"OPERATE_INCOME_QOQ":3.698118178283,"NET_PROFIT_RATIO":5.0941735271,"ROE_AVG":2.472332652379,"GROSS_PROFIT_QOQ":18.049040630442,"ROA":1.771869433793,"HOLDER_PROFIT_QOQ":126.666999726392,"ROE_YEARLY":2.472332652379,"ROIC_YEARLY":1.897750625259,"TOTAL_ASSETS":21918833762,"TOTAL_LIABILITIES":7051841552,"TAX_EBT":6.831803969233,"OCF_SALES":17.335178413325,"TOTAL_PARENT_EQUITY":14866992210,"DEBT_ASSET_RATIO":32.172131173,"OPERATE_PROFIT":194431313.44,"PRETAX_PROFIT":390685941.52,"NETCASH_OPERATE":1238654119.92,"NETCASH_INVEST":-1553882746.92,"NETCASH_FINANCE":-464577307.88,"END_CASH":450412183.06,"DIVI_RATIO":0.615370494668,"DIVIDEND_RATE":6.067961165049,"CURRENT_RATIO":1.041101695851,"COMMON_ACS":600000000,"CURRENTDEBT_DEBT":40.724272643158,"ISSUED_COMMON_SHARES":508901425,"HK_COMMON_SHARES":508901425,"PER_SHARES":400,"TOTAL_MARKET_CAP":4193347742,"HKSK_MARKET_CAP":4193347742,"PE_TTM":10.80027646724,"PB_TTM":0.256907546807,"REPORT_DATE_SQ":"2022-12-31 00:00:00","REPORT_TYPE_SQ":"2022年年报","OPERATE_INCOME_SQ":5901987639.17,"DPS_HKD":0.5,"OPERATE_INCOME_QOQ_SQ":5.923087702697,"NET_PROFIT_RATIO_SQ":2.1740015507,"HOLDER_PROFIT_SQ":490447213.69,"HOLDER_PROFIT_QOQ_SQ":24.90622836148,"ROE_AVG_SQ":1.061772283774,"PE_TTM_SQ":26.605573216333,"PB_TTM_SQ":0.283462456174,"ROA_SQ":0.69903376977,"START_DATE":"2023-01-01 00:00:00","FISCAL_YEAR":"12-31","CURRENCY":"HKD","IS_CNY_CODE":0,"DPS_HKD_LY":0.8,"ORG_TYPE":"一般企业","PREMIUM_INCOME":null,"PREMIUM_INCOME_YOY":null,"NET_INTEREST_INCOME":null,"NET_INTEREST_INCOME_YOY":null,"FEE_COMMISSION_INCOME":null,"FEE_COMMISSION_INCOME_YOY":null,"ACCOUNTS_RECE_TDAYS":7.955280539624,"INVENTORY_TDAYS":null,"CURRENT_ASSETS_TDAYS":2.303813068858,"TOTAL_ASSETS_TDAYS":0.347822747769,"PREMIUM_EXPENSE":null,"LOAN_DEPOSIT":null,"LOAN_EQUITY":null,"LOAN_ASSETS":null,"DEPOSIT_EQUITY":null,"DEPOSIT_ASSETS":null,"EQUITY_MULTIPLIER":1.474320242245,"EQUITY_RATIO":0.474328731218},{"SECUCODE":"00062.HK","SECURITY_CODE":"00062","SECURITY_NAME_ABBR":"载通","ORG_CODE":"10007351","STD_REPORT_DATE":"2023-06-30 00:00:00","REPORT_DATE":"2023-06-30 00:00:00","DATE_TYPE_CODE":"002","REPORT_TYPE":"2023年中报","PER_NETCASH_OPERATE":0.986900062209,"PER_OI":7.205582303782,"BPS":29.067561982166,"BASIC_EPS":0.2581544,"DILUTED_EPS":0.2581544,"OPERATE_INCOME":3508502692,"OPERATE_INCOME_YOY":29.1410730648,"GROSS_PROFIT":3508502692,"GROSS_PROFIT_YOY":39.226939679217,"HOLDER_PROFIT":123268726,"HOLDER_PROFIT_YOY":25.6578947368,"GROSS_PROFIT_RATIO":null,"EPS_TTM":0.329802879613,"OPERATE_INCOME_QOQ":16.748837500768,"NET_PROFIT_RATIO":3.5134282861,"ROE_AVG":0.832209119649,"GROSS_PROFIT_QOQ":18.93311252923,"ROA":0.588821084181,"HOLDER_PROFIT_QOQ":25.155237613839,"ROE_YEARLY":1.664418239298,"ROIC_YEARLY":1.275331839055,"TOTAL_ASSETS":22369170958,"TOTAL_LIABILITIES":7576647244,"TAX_EBT":-3.563129357088,"OCF_SALES":13.696326273191,"TOTAL_PARENT_EQUITY":14792523714,"DEBT_ASSET_RATIO":33.8709345028,"OPERATE_PROFIT":31439518,"PRETAX_PROFIT":119027618,"NETCASH_OPERATE":480535976,"NETCASH_INVEST":-794377968,"NETCASH_FINANCE":-68318718,"END_CASH":870902308,"DIVI_RATIO":1.373881272754,"DIVIDEND_RATE":5.99520383693,"CURRENT_RATIO":1.117214199945,"COMMON_ACS":600000000,"CURRENTDEBT_DEBT":39.522743313296,"ISSUED_COMMON_SHARES":508901425,"HK_COMMON_SHARES":508901425,"PER_SHARES":400,"TOTAL_MARKET_CAP":4244237884.5,"HKSK_MARKET_CAP":4244237884.5,"PE_TTM":10.93134778359,"PB_TTM":0.260025356841,"REPORT_DATE_SQ":"2022-06-30 00:00:00","REPORT_TYPE_SQ":"2022年中报","OPERATE_INCOME_SQ":2519988373,"DPS_HKD":0.5,"OPERATE_INCOME_QOQ_SQ":-5.373411908573,"NET_PROFIT_RATIO_SQ":-3.2069772966,"HOLDER_PROFIT_SQ":90992216,"HOLDER_PROFIT_QOQ_SQ":-48.726956832163,"ROE_AVG_SQ":-0.70473141008,"PE_TTM_SQ":27.155036141453,"PB_TTM_SQ":0.289316572117,"ROA_SQ":-0.472079247569,"START_DATE":"2023-01-01 00:00:00","FISCAL_YEAR":"12-31","CURRENCY":"HKD","IS_CNY_CODE":0,"DPS_HKD_LY":0.8,"ORG_TYPE":"一般企业","PREMIUM_INCOME":null,"PREMIUM_INCOME_YOY":null,"NET_INTEREST_INCOME":null,"NET_INTEREST_INCOME_YOY":null,"FEE_COMMISSION_INCOME":null,"FEE_COMMISSION_INCOME_YOY":null,"ACCOUNTS_RECE_TDAYS":3.947573845845,"INVENTORY_TDAYS":null,"CURRENT_ASSETS_TDAYS":1.060836258109,"TOTAL_ASSETS_TDAYS":0.167591604618,"PREMIUM_EXPENSE":null,"LOAN_DEPOSIT":null,"LOAN_EQUITY":null,"LOAN_ASSETS":null,"DEPOSIT_EQUITY":null,"DEPOSIT_ASSETS":null,"EQUITY_MULTIPLIER":1.512194361861,"EQUITY_RATIO":0.512194361861},{"SECUCODE":"00062.HK","SECURITY_CODE":"00062","SECURITY_NAME_ABBR":"载通","ORG_CODE":"10007351","STD_REPORT_DATE":"2022-12-31 00:00:00","REPORT_DATE":"2022-12-31 00:00:00","DATE_TYPE_CODE":"001","REPORT_TYPE":"2022年年报","PER_NETCASH_OPERATE":1.597970138443,"PER_OI":12.426804874636,"BPS":23.482141932831,"BASIC_EPS":1.0451259,"DILUTED_EPS":1.0451259,"OPERATE_INCOME":5901987639.17,"OPERATE_INCOME_YOY":-8.259321567,"GROSS_PROFIT":5901987639.17,"GROSS_PROFIT_YOY":0.231403894153,"HOLDER_PROFIT":490447213.69,"HOLDER_PROFIT_YOY":-41.3819558936,"GROSS_PROFIT_RATIO":null,"EPS_TTM":0.270158930682,"OPERATE_INCOME_QOQ":5.923087702697,"NET_PROFIT_RATIO":2.1740015507,"ROE_AVG":1.061772283774,"GROSS_PROFIT_QOQ":39.313807566455,"ROA":0.69903376977,"HOLDER_PROFIT_QOQ":24.90622836148,"ROE_YEARLY":1.061772283774,"ROIC_YEARLY":0.746737546082,"TOTAL_ASSETS":21353108399.56,"TOTAL_LIABILITIES":6983031925.87,"TAX_EBT":-21.740721113444,"OCF_SALES":12.859058740874,"TOTAL_PARENT_EQUITY":14370076473.69,"DEBT_ASSET_RATIO":36.7494400652,"OPERATE_PROFIT":34466822.95,"PRETAX_PROFIT":402862090.19,"NETCASH_OPERATE":758940057.4,"NETCASH_INVEST":-1823580333.82,"NETCASH_FINANCE":1538425324.8,"END_CASH":1211985162.92,"DIVI_RATIO":1.677197932551,"DIVIDEND_RATE":5.99520383693,"CURRENT_RATIO":1.070630888185,"COMMON_ACS":600000000,"CURRENTDEBT_DEBT":42.364866187282,"ISSUED_COMMON_SHARES":508901425,"HK_COMMON_SHARES":508901425,"PER_SHARES":400,"TOTAL_MARKET_CAP":4244237884.5,"HKSK_MARKET_CAP":4244237884.5,"PE_TTM":10.93134778359,"PB_TTM":0.260025356841,"REPORT_DATE_SQ":"2021-12-31 00:00:00","REPORT_TYPE_SQ":"2021年年报","OPERATE_INCOME_SQ":5888361740.8,"DPS_HKD":0.5,"OPERATE_INCOME_QOQ_SQ":12.381650024548,"NET_PROFIT_RATIO_SQ":3.4024399862,"HOLDER_PROFIT_SQ":200347974.4,"HOLDER_PROFIT_QOQ_SQ":-87.979381529668,"ROE_AVG_SQ":1.824259334808,"PE_TTM_SQ":27.155036141453,"PB_TTM_SQ":0.289316572117,"ROA_SQ":1.248706355931,"START_DATE":"2022-01-01 00:00:00","FISCAL_YEAR":"12-31","CURRENCY":"HKD","IS_CNY_CODE":0,"DPS_HKD_LY":0.5,"ORG_TYPE":"一般企业","PREMIUM_INCOME":null,"PREMIUM_INCOME_YOY":null,"NET_INTEREST_INCOME":null,"NET_INTEREST_INCOME_YOY":null,"FEE_COMMISSION_INCOME":null,"FEE_COMMISSION_INCOME_YOY":null,"ACCOUNTS_RECE_TDAYS":8.458229053719,"INVENTORY_TDAYS":null,"CURRENT_ASSETS_TDAYS":2.108993553803,"TOTAL_ASSETS_TDAYS":0.321542443027,"PREMIUM_EXPENSE":null,"LOAN_DEPOSIT":null,"LOAN_EQUITY":null,"LOAN_ASSETS":null,"DEPOSIT_EQUITY":null,"DEPOSIT_ASSETS":null,"EQUITY_MULTIPLIER":1.581013671706,"EQUITY_RATIO":0.485942572307},{"SECUCODE":"00062.HK","SECURITY_CODE":"00062","SECURITY_NAME_ABBR":"载通","ORG_CODE":"10007351","STD_REPORT_DATE":"2022-06-30 00:00:00","REPORT_DATE":"2022-06-30 00:00:00","DATE_TYPE_CODE":"002","REPORT_TYPE":"2022年中报","PER_NETCASH_OPERATE":-0.328794520024,"PER_OI":5.305908062191,"BPS":22.081283423406,"BASIC_EPS":0.1966937,"DILUTED_EPS":0.1966937,"OPERATE_INCOME":2519988373,"OPERATE_INCOME_YOY":-13.5560901197,"GROSS_PROFIT":2519988373,"GROSS_PROFIT_YOY":-11.155216697262,"HOLDER_PROFIT":90992216,"HOLDER_PROFIT_YOY":-567.8217821782,"GROSS_PROFIT_RATIO":null,"EPS_TTM":0.216289399036,"OPERATE_INCOME_QOQ":-5.373411908573,"NET_PROFIT_RATIO":-3.2069772966,"ROE_AVG":-0.70473141008,"GROSS_PROFIT_QOQ":-6.94958388949,"ROA":-0.472079247569,"HOLDER_PROFIT_QOQ":-48.726956832163,"ROE_YEARLY":-1.409462820161,"ROIC_YEARLY":-0.988243975163,"TOTAL_ASSETS":17180425024,"TOTAL_LIABILITIES":5943228424,"TAX_EBT":-332.520325203252,"OCF_SALES":-6.196762480062,"TOTAL_PARENT_EQUITY":11237196600,"DEBT_ASSET_RATIO":34.5930232558,"OPERATE_PROFIT":-145467819,"PRETAX_PROFIT":21037674,"NETCASH_OPERATE":-156157694,"NETCASH_INVEST":-1041535901,"NETCASH_FINANCE":749830592,"END_CASH":259208089,"DIVI_RATIO":2.094924679706,"DIVIDEND_RATE":5.99520383693,"CURRENT_RATIO":1.117189822877,"COMMON_ACS":600000000,"CURRENTDEBT_DEBT":33.876769886037,"ISSUED_COMMON_SHARES":508901425,"HK_COMMON_SHARES":508901425,"PER_SHARES":400,"TOTAL_MARKET_CAP":4244237884.5,"HKSK_MARKET_CAP":4244237884.5,"PE_TTM":10.93134778359,"PB_TTM":0.260025356841,"REPORT_DATE_SQ":"2021-06-30 00:00:00","REPORT_TYPE_SQ":"2021年中报","OPERATE_INCOME_SQ":2836394304,"DPS_HKD":0.5,"OPERATE_INCOME_QOQ_SQ":0.558856066584,"NET_PROFIT_RATIO_SQ":0.5925839005,"HOLDER_PROFIT_SQ":16808016,"HOLDER_PROFIT_QOQ_SQ":4.001314614012,"ROE_AVG_SQ":0.153358443627,"PE_TTM_SQ":27.155036141453,"PB_TTM_SQ":0.289316572117,"ROA_SQ":0.104942405452,"START_DATE":"2022-01-01 00:00:00","FISCAL_YEAR":"12-31","CURRENCY":"HKD","IS_CNY_CODE":0,"DPS_HKD_LY":0.5,"ORG_TYPE":"一般企业","PREMIUM_INCOME":null,"PREMIUM_INCOME_YOY":null,"NET_INTEREST_INCOME":null,"NET_INTEREST_INCOME_YOY":null,"FEE_COMMISSION_INCOME":null,"FEE_COMMISSION_INCOME_YOY":null,"ACCOUNTS_RECE_TDAYS":4.551460917475,"INVENTORY_TDAYS":null,"CURRENT_ASSETS_TDAYS":1.101535091408,"TOTAL_ASSETS_TDAYS":0.147203800932,"PREMIUM_EXPENSE":null,"LOAN_DEPOSIT":null,"LOAN_EQUITY":null,"LOAN_ASSETS":null,"DEPOSIT_EQUITY":null,"DEPOSIT_ASSETS":null,"EQUITY_MULTIPLIER":1.528888888889,"EQUITY_RATIO":0.528888888889},{"SECUCODE":"00062.HK","SECURITY_CODE":"00062","SECURITY_NAME_ABBR":"载通","ORG_CODE":"10007351","STD_REPORT_DATE":"2021-12-31 00:00:00","REPORT_DATE":"2021-12-31 00:00:00","DATE_TYPE_CODE":"001","REPORT_TYPE":"2021年年报","PER_NETCASH_OPERATE":2.318324958727,"PER_OI":12.650373072204,"BPS":21.976216735491,"BASIC_EPS":0.433328,"DILUTED_EPS":0.433328,"OPERATE_INCOME":5888361740.8,"OPERATE_INCOME_YOY":16.3325407696,"GROSS_PROFIT":5888361740.8,"GROSS_PROFIT_YOY":13.009701693437,"HOLDER_PROFIT":200347974.4,"HOLDER_PROFIT_YOY":-87.1308125459,"GROSS_PROFIT_RATIO":null,"EPS_TTM":0.43042135181,"OPERATE_INCOME_QOQ":12.381650024548,"NET_PROFIT_RATIO":3.4024399862,"ROE_AVG":1.824259334808,"GROSS_PROFIT_QOQ":25.279504667367,"ROA":1.248706355931,"HOLDER_PROFIT_QOQ":-87.979381529668,"ROE_YEARLY":1.824259334808,"ROIC_YEARLY":1.343499293049,"TOTAL_ASSETS":16307891297.6,"TOTAL_LIABILITIES":5124163284.8,"TAX_EBT":9.941086319751,"OCF_SALES":18.326139043445,"TOTAL_PARENT_EQUITY":11183728012.8,"DEBT_ASSET_RATIO":31.4213725815,"OPERATE_PROFIT":211395385.6,"PRETAX_PROFIT":222463236.8,"NETCASH_OPERATE":1079109360,"NETCASH_INVEST":-1292944464,"NETCASH_FINANCE":-39978187.2,"END_CASH":675163451.2,"DIVI_RATIO":1.052712645632,"DIVIDEND_RATE":5.99520383693,"CURRENT_RATIO":0.98568601423,"COMMON_ACS":600000000,"CURRENTDEBT_DEBT":44.029468403017,"ISSUED_COMMON_SHARES":508901425,"HK_COMMON_SHARES":508901425,"PER_SHARES":400,"TOTAL_MARKET_CAP":4244237884.5,"HKSK_MARKET_CAP":4244237884.5,"PE_TTM":10.93134778359,"PB_TTM":0.260025356841,"REPORT_DATE_SQ":"2020-12-31 00:00:00","REPORT_TYPE_SQ":"2020年年报","OPERATE_INCOME_SQ":5210492243.2,"DPS_HKD":0.5,"OPERATE_INCOME_QOQ_SQ":-19.724064828979,"NET_PROFIT_RATIO_SQ":30.7567583284,"HOLDER_PROFIT_SQ":1602578506.96,"HOLDER_PROFIT_QOQ_SQ":599.046759752246,"ROE_AVG_SQ":15.763823710402,"PE_TTM_SQ":27.155036141453,"PB_TTM_SQ":0.289316572117,"ROA_SQ":10.574264530767,"START_DATE":"2021-01-01 00:00:00","FISCAL_YEAR":"12-31","CURRENCY":"HKD","IS_CNY_CODE":0,"DPS_HKD_LY":0.5,"ORG_TYPE":"一般企业","PREMIUM_INCOME":null,"PREMIUM_INCOME_YOY":null,"NET_INTEREST_INCOME":null,"NET_INTEREST_INCOME_YOY":null,"FEE_COMMISSION_INCOME":null,"FEE_COMMISSION_INCOME_YOY":null,"ACCOUNTS_RECE_TDAYS":11.380672157363,"INVENTORY_TDAYS":null,"CURRENT_ASSETS_TDAYS":2.386248833922,"TOTAL_ASSETS_TDAYS":0.367003198,"PREMIUM_EXPENSE":null,"LOAN_DEPOSIT":null,"LOAN_EQUITY":null,"LOAN_ASSETS":null,"DEPOSIT_EQUITY":null,"DEPOSIT_ASSETS":null,"EQUITY_MULTIPLIER":1.458180248924,"EQUITY_RATIO":0.458180248924},{"SECUCODE":"00062.HK","SECURITY_CODE":"00062","SECURITY_NAME_ABBR":"载通","ORG_CODE":"10007351","STD_REPORT_DATE":"2021-06-30 00:00:00","REPORT_DATE":"2021-06-30 00:00:00","DATE_TYPE_CODE":"002","REPORT_TYPE":"2021年中报","PER_NETCASH_OPERATE":0.384515937281,"PER_OI":6.093621232006,"BPS":21.512698605629,"BASIC_EPS":0.0332832,"DILUTED_EPS":0.0332832,"OPERATE_INCOME":2836394304,"OPERATE_INCOME_YOY":10.9166043016,"GROSS_PROFIT":2836394304,"GROSS_PROFIT_YOY":1.037274596302,"HOLDER_PROFIT":16808016,"HOLDER_PROFIT_YOY":138.9961389961,"GROSS_PROFIT_RATIO":null,"EPS_TTM":3.580692232036,"OPERATE_INCOME_QOQ":0.558856066584,"NET_PROFIT_RATIO":0.5925839005,"ROE_AVG":0.153358443627,"GROSS_PROFIT_QOQ":0.621009588031,"ROA":0.104942405452,"HOLDER_PROFIT_QOQ":4.001314614012,"ROE_YEARLY":0.306716887255,"ROIC_YEARLY":0.226612324956,"TOTAL_ASSETS":15972358056,"TOTAL_LIABILITIES":5024515080,"TAX_EBT":-6.878306878307,"OCF_SALES":6.310138465149,"TOTAL_PARENT_EQUITY":10947842976,"DEBT_ASSET_RATIO":31.4575660174,"OPERATE_PROFIT":14145360,"PRETAX_PROFIT":15726312,"NETCASH_OPERATE":178980408,"NETCASH_INVEST":-400729728,"NETCASH_FINANCE":-58828056,"END_CASH":662585304,"DIVI_RATIO":0.12654257072,"DIVIDEND_RATE":5.99520383693,"CURRENT_RATIO":0.945876111073,"COMMON_ACS":600000000,"CURRENTDEBT_DEBT":48.068228864784,"ISSUED_COMMON_SHARES":508901425,"HK_COMMON_SHARES":508901425,"PER_SHARES":400,"TOTAL_MARKET_CAP":4244237884.5,"HKSK_MARKET_CAP":4244237884.5,"PE_TTM":10.93134778359,"PB_TTM":0.260025356841,"REPORT_DATE_SQ":"2020-06-30 00:00:00","REPORT_TYPE_SQ":"2020年中报","OPERATE_INCOME_SQ":2807275152,"DPS_HKD":0.5,"OPERATE_INCOME_QOQ_SQ":-10.67905369522,"NET_PROFIT_RATIO_SQ":-1.6854846582,"HOLDER_PROFIT_SQ":-47316192,"HOLDER_PROFIT_QOQ_SQ":-57.72017715302,"ROE_AVG_SQ":-0.476017406799,"PE_TTM_SQ":27.155036141453,"PB_TTM_SQ":0.289316572117,"ROA_SQ":-0.307066592251,"START_DATE":"2021-01-01 00:00:00","FISCAL_YEAR":"12-31","CURRENCY":"HKD","IS_CNY_CODE":0,"DPS_HKD_LY":0.5,"ORG_TYPE":"一般企业","PREMIUM_INCOME":null,"PREMIUM_INCOME_YOY":null,"NET_INTEREST_INCOME":null,"NET_INTEREST_INCOME_YOY":null,"FEE_COMMISSION_INCOME":null,"FEE_COMMISSION_INCOME_YOY":null,"ACCOUNTS_RECE_TDAYS":5.030254869887,"INVENTORY_TDAYS":null,"CURRENT_ASSETS_TDAYS":1.12468447846,"TOTAL_ASSETS_TDAYS":0.177092906784,"PREMIUM_EXPENSE":null,"LOAN_DEPOSIT":null,"LOAN_EQUITY":null,"LOAN_ASSETS":null,"DEPOSIT_EQUITY":null,"DEPOSIT_ASSETS":null,"EQUITY_MULTIPLIER":1.458950232573,"EQUITY_RATIO":0.458950232572},{"SECUCODE":"00062.HK","SECURITY_CODE":"00062","SECURITY_NAME_ABBR":"载通","ORG_CODE":"10007351","STD_REPORT_DATE":"2020-12-31 00:00:00","REPORT_DATE":"2020-12-31 00:00:00","DATE_TYPE_CODE":"001","REPORT_TYPE":"2020年年报","PER_NETCASH_OPERATE":2.203116473616,"PER_OI":11.381076235138,"BPS":21.808010523217,"BASIC_EPS":3.5433044,"DILUTED_EPS":3.5433044,"OPERATE_INCOME":5210492243.2,"OPERATE_INCOME_YOY":-23.684336717,"GROSS_PROFIT":5210492243.2,"GROSS_PROFIT_YOY":-28.296775050233,"HOLDER_PROFIT":1602578506.96,"HOLDER_PROFIT_YOY":214.5678832864,"GROSS_PROFIT_RATIO":null,"EPS_TTM":3.50045011281,"OPERATE_INCOME_QOQ":-19.724064828979,"NET_PROFIT_RATIO":30.7567583284,"ROE_AVG":15.763823710402,"GROSS_PROFIT_QOQ":-6.956484570479,"ROA":10.574264530767,"HOLDER_PROFIT_QOQ":599.046759752246,"ROE_YEARLY":15.763823710402,"ROIC_YEARLY":11.624003460864,"TOTAL_ASSETS":16245004515.48,"TOTAL_LIABILITIES":5146876883.8,"TAX_EBT":-10.565709494378,"OCF_SALES":19.357716512031,"TOTAL_PARENT_EQUITY":11098127631.68,"DEBT_ASSET_RATIO":31.6828282744,"OPERATE_PROFIT":207869088.84,"PRETAX_PROFIT":1449435375.84,"NETCASH_OPERATE":1008632317.32,"NETCASH_INVEST":-695996722.92,"NETCASH_FINANCE":183379889.76,"END_CASH":953656392.52,"DIVI_RATIO":0.129443353111,"DIVIDEND_RATE":5.99520383693,"CURRENT_RATIO":1.074284024236,"COMMON_ACS":600000000,"CURRENTDEBT_DEBT":50.479592562583,"ISSUED_COMMON_SHARES":508901425,"HK_COMMON_SHARES":508901425,"PER_SHARES":400,"TOTAL_MARKET_CAP":4244237884.5,"HKSK_MARKET_CAP":4244237884.5,"PE_TTM":10.93134778359,"PB_TTM":0.260025356841,"REPORT_DATE_SQ":"2019-12-31 00:00:00","REPORT_TYPE_SQ":"2019年年报","OPERATE_INCOME_SQ":7266747411.78,"DPS_HKD":0.5,"OPERATE_INCOME_QOQ_SQ":-0.256666392291,"NET_PROFIT_RATIO_SQ":7.4617357238,"HOLDER_PROFIT_SQ":542225487.58,"HOLDER_PROFIT_QOQ_SQ":-14.854907516202,"ROE_AVG_SQ":5.719309912084,"PE_TTM_SQ":27.155036141453,"PB_TTM_SQ":0.289316572117,"ROA_SQ":3.768769608741,"START_DATE":"2020-01-01 00:00:00","FISCAL_YEAR":"12-31","CURRENCY":"HKD","IS_CNY_CODE":0,"DPS_HKD_LY":0.7,"ORG_TYPE":"一般企业","PREMIUM_INCOME":null,"PREMIUM_INCOME_YOY":null,"NET_INTEREST_INCOME":null,"NET_INTEREST_INCOME_YOY":null,"FEE_COMMISSION_INCOME":null,"FEE_COMMISSION_INCOME_YOY":null,"ACCOUNTS_RECE_TDAYS":9.329424272495,"INVENTORY_TDAYS":null,"CURRENT_ASSETS_TDAYS":1.981834697185,"TOTAL_ASSETS_TDAYS":0.343802959267,"PREMIUM_EXPENSE":null,"LOAN_DEPOSIT":null,"LOAN_EQUITY":null,"LOAN_ASSETS":null,"DEPOSIT_EQUITY":null,"DEPOSIT_ASSETS":null,"EQUITY_MULTIPLIER":1.463760830171,"EQUITY_RATIO":0.46376083017},{"SECUCODE":"00062.HK","SECURITY_CODE":"00062","SECURITY_NAME_ABBR":"载通","ORG_CODE":"10007351","STD_REPORT_DATE":"2020-06-30 00:00:00","REPORT_DATE":"2020-06-30 00:00:00","DATE_TYPE_CODE":"002","REPORT_TYPE":"2020年中报","PER_NETCASH_OPERATE":0.912002073406,"PER_OI":6.131822297522,"BPS":19.371191912068,"BASIC_EPS":-0.1096128,"DILUTED_EPS":-0.1096128,"OPERATE_INCOME":2807275152,"OPERATE_INCOME_YOY":-24.5538234933,"GROSS_PROFIT":2807275152,"GROSS_PROFIT_YOY":-21.656599745049,"HOLDER_PROFIT":-47316192,"HOLDER_PROFIT_YOY":-117.1523178808,"GROSS_PROFIT_RATIO":null,"EPS_TTM":0.500746203881,"OPERATE_INCOME_QOQ":-10.67905369522,"NET_PROFIT_RATIO":-1.6854846582,"ROE_AVG":-0.476017406799,"GROSS_PROFIT_QOQ":-12.415660338412,"ROA":-0.307066592251,"HOLDER_PROFIT_QOQ":-57.72017715302,"ROE_YEARLY":-0.952034813597,"ROIC_YEARLY":-0.674216854172,"TOTAL_ASSETS":15552320784,"TOTAL_LIABILITIES":5694293616,"TAX_EBT":67.194426852438,"OCF_SALES":14.873263267498,"TOTAL_PARENT_EQUITY":9858027168,"DEBT_ASSET_RATIO":36.6137870681,"OPERATE_PROFIT":-40830768,"PRETAX_PROFIT":-144232176,"NETCASH_OPERATE":417533424,"NETCASH_INVEST":-729381840,"NETCASH_FINANCE":423927504,"END_CASH":592822560,"DIVI_RATIO":0.904869565637,"DIVIDEND_RATE":5.99520383693,"CURRENT_RATIO":1.495687318251,"COMMON_ACS":600000000,"CURRENTDEBT_DEBT":32.546239111952,"ISSUED_COMMON_SHARES":508901425,"HK_COMMON_SHARES":508901425,"PER_SHARES":400,"TOTAL_MARKET_CAP":4244237884.5,"HKSK_MARKET_CAP":4244237884.5,"PE_TTM":10.93134778359,"PB_TTM":0.260025356841,"REPORT_DATE_SQ":"2019-06-30 00:00:00","REPORT_TYPE_SQ":"2019年中报","OPERATE_INCOME_SQ":3583295010,"DPS_HKD":0.5,"OPERATE_INCOME_QOQ_SQ":3.814909861078,"NET_PROFIT_RATIO_SQ":7.4137719406,"HOLDER_PROFIT_SQ":265657320,"HOLDER_PROFIT_QOQ_SQ":0.934848119084,"ROE_AVG_SQ":2.936434363594,"PE_TTM_SQ":27.155036141453,"PB_TTM_SQ":0.289316572117,"ROA_SQ":1.938602594268,"START_DATE":"2020-01-01 00:00:00","FISCAL_YEAR":"12-31","CURRENCY":"HKD","IS_CNY_CODE":0,"DPS_HKD_LY":0.7,"ORG_TYPE":"一般企业","PREMIUM_INCOME":null,"PREMIUM_INCOME_YOY":null,"NET_INTEREST_INCOME":null,"NET_INTEREST_INCOME_YOY":null,"FEE_COMMISSION_INCOME":null,"FEE_COMMISSION_INCOME_YOY":null,"ACCOUNTS_RECE_TDAYS":4.703716231211,"INVENTORY_TDAYS":null,"CURRENT_ASSETS_TDAYS":1.03028259103,"TOTAL_ASSETS_TDAYS":0.182182964858,"PREMIUM_EXPENSE":null,"LOAN_DEPOSIT":null,"LOAN_EQUITY":null,"LOAN_ASSETS":null,"DEPOSIT_EQUITY":null,"DEPOSIT_ASSETS":null,"EQUITY_MULTIPLIER":1.577630140287,"EQUITY_RATIO":0.577630140287}],"count":48},"success":true,"message":"ok","code":0}