{"version":"d53cb89e4f889fb3281b99c25c9d7e1a","result":{"pages":7,"data":[{"SECUCODE":"00065.HK","SECURITY_CODE":"00065","SECURITY_NAME_ABBR":"弘海高新资源","ORG_CODE":"10010721","STD_REPORT_DATE":"2024-06-30 00:00:00","REPORT_DATE":"2024-06-30 00:00:00","DATE_TYPE_CODE":"002","REPORT_TYPE":"2024年中报","PER_NETCASH_OPERATE":0.006730793049,"PER_OI":0.039520326424,"BPS":0.831719059239,"BASIC_EPS":-0.0045634,"DILUTED_EPS":-0.0045634,"OPERATE_INCOME":80865273.36,"OPERATE_INCOME_YOY":8.3909325569,"GROSS_PROFIT":34779496.76,"GROSS_PROFIT_YOY":20.074532714944,"HOLDER_PROFIT":-8463281.64,"HOLDER_PROFIT_YOY":49.136086885,"GROSS_PROFIT_RATIO":43.009187151532,"EPS_TTM":-0.006432943062,"OPERATE_INCOME_QOQ":3.228886140371,"NET_PROFIT_RATIO":-8.1126836866,"ROE_AVG":-5.705338025743,"GROSS_PROFIT_QOQ":9.839280246316,"ROA":-2.798251583126,"HOLDER_PROFIT_QOQ":38.800670691128,"ROE_YEARLY":-11.410676051485,"ROIC_YEARLY":-11.047933352594,"TOTAL_ASSETS":324499723.28,"TOTAL_LIABILITIES":100003260.28,"TAX_EBT":-13.464877663773,"OCF_SALES":17.031218256924,"TOTAL_PARENT_EQUITY":170183788.88,"DEBT_ASSET_RATIO":30.8176719749,"OPERATE_PROFIT":-5781827.8,"PRETAX_PROFIT":-5781827.8,"NETCASH_OPERATE":13772341.2,"NETCASH_INVEST":-49893477.56,"NETCASH_FINANCE":53861810.2,"END_CASH":103384739.68,"DIVI_RATIO":null,"DIVIDEND_RATE":null,"CURRENT_RATIO":1.636867026907,"COMMON_ACS":10000000000,"CURRENTDEBT_DEBT":81.914922744157,"ISSUED_COMMON_SHARES":204616916,"HK_COMMON_SHARES":204616916,"PER_SHARES":4000,"TOTAL_MARKET_CAP":94123781.36,"HKSK_MARKET_CAP":94123781.36,"PE_TTM":-6.370044759069,"PB_TTM":0.504777178467,"REPORT_DATE_SQ":"2023-06-30 00:00:00","REPORT_TYPE_SQ":"2023年中报","OPERATE_INCOME_SQ":75365411.14,"DPS_HKD":null,"OPERATE_INCOME_QOQ_SQ":-8.55959593927,"NET_PROFIT_RATIO_SQ":-33.9649878277,"HOLDER_PROFIT_SQ":-16808617.38,"HOLDER_PROFIT_QOQ_SQ":-254.598855972148,"ROE_AVG_SQ":-14.874920448426,"PE_TTM_SQ":-29.900329937673,"PB_TTM_SQ":3.814284009049,"ROA_SQ":-6.177047580648,"START_DATE":"2024-01-01 00:00:00","FISCAL_YEAR":"12-31","CURRENCY":"HKD","IS_CNY_CODE":0,"DPS_HKD_LY":null,"ORG_TYPE":"一般企业","PREMIUM_INCOME":null,"PREMIUM_INCOME_YOY":null,"NET_INTEREST_INCOME":null,"NET_INTEREST_INCOME_YOY":null,"FEE_COMMISSION_INCOME":null,"FEE_COMMISSION_INCOME_YOY":null,"ACCOUNTS_RECE_TDAYS":null,"INVENTORY_TDAYS":10.441480562448,"CURRENT_ASSETS_TDAYS":0.61791350801,"TOTAL_ASSETS_TDAYS":0.267368367053,"PREMIUM_EXPENSE":null,"LOAN_DEPOSIT":null,"LOAN_EQUITY":null,"LOAN_ASSETS":null,"DEPOSIT_EQUITY":null,"DEPOSIT_ASSETS":null,"EQUITY_MULTIPLIER":1.445455839007,"EQUITY_RATIO":0.58761919063},{"SECUCODE":"00065.HK","SECURITY_CODE":"00065","SECURITY_NAME_ABBR":"弘海高新资源","ORG_CODE":"10010721","STD_REPORT_DATE":"2023-12-31 00:00:00","REPORT_DATE":"2023-12-31 00:00:00","DATE_TYPE_CODE":"001","REPORT_TYPE":"2023年年报","PER_NETCASH_OPERATE":0.00332574264,"PER_OI":0.098831080887,"BPS":0.613831358694,"BASIC_EPS":-0.013230812,"DILUTED_EPS":-0.013230812,"OPERATE_INCOME":170333111.2,"OPERATE_INCOME_YOY":-1.684276598,"GROSS_PROFIT":59095512.42,"GROSS_PROFIT_YOY":-18.49249291722,"HOLDER_PROFIT":-21508225.48,"HOLDER_PROFIT_YOY":-331.8452671681,"GROSS_PROFIT_RATIO":34.694083847627,"EPS_TTM":-0.012479553489,"OPERATE_INCOME_QOQ":9.077640912057,"NET_PROFIT_RATIO":-17.8814641413,"ROE_AVG":-18.136732346794,"GROSS_PROFIT_QOQ":1.631727128093,"ROA":-7.748928702608,"HOLDER_PROFIT_QOQ":-52.139804177583,"ROE_YEARLY":-18.136732346794,"ROIC_YEARLY":-17.545195474354,"TOTAL_ASSETS":278413439.5,"TOTAL_LIABILITIES":99445864.14,"TAX_EBT":-2.357168960897,"OCF_SALES":3.365077676101,"TOTAL_PARENT_EQUITY":125600279.56,"DEBT_ASSET_RATIO":35.7187728863,"OPERATE_PROFIT":-29007195.98,"PRETAX_PROFIT":-29756639.92,"NETCASH_OPERATE":5731841.5,"NETCASH_INVEST":-24039297.94,"NETCASH_FINANCE":-856377.9,"END_CASH":86416232.98,"DIVI_RATIO":null,"DIVIDEND_RATE":null,"CURRENT_RATIO":1.563653641903,"COMMON_ACS":10000000000,"CURRENTDEBT_DEBT":81.508515815085,"ISSUED_COMMON_SHARES":204616916,"HK_COMMON_SHARES":204616916,"PER_SHARES":4000,"TOTAL_MARKET_CAP":73662089.76,"HKSK_MARKET_CAP":73662089.76,"PE_TTM":-4.985252420141,"PB_TTM":0.395043009235,"REPORT_DATE_SQ":"2022-12-31 00:00:00","REPORT_TYPE_SQ":"2022年年报","OPERATE_INCOME_SQ":170775358.6,"DPS_HKD":null,"OPERATE_INCOME_QOQ_SQ":-5.113013389151,"NET_PROFIT_RATIO_SQ":13.6520556544,"HOLDER_PROFIT_SQ":9144404.99,"HOLDER_PROFIT_QOQ_SQ":-57.575024688059,"ROE_AVG_SQ":8.451494924727,"PE_TTM_SQ":-20.598005068175,"PB_TTM_SQ":2.627617872901,"ROA_SQ":3.621479829274,"START_DATE":"2023-01-01 00:00:00","FISCAL_YEAR":"12-31","CURRENCY":"HKD","IS_CNY_CODE":0,"DPS_HKD_LY":null,"ORG_TYPE":"一般企业","PREMIUM_INCOME":null,"PREMIUM_INCOME_YOY":null,"NET_INTEREST_INCOME":null,"NET_INTEREST_INCOME_YOY":null,"FEE_COMMISSION_INCOME":null,"FEE_COMMISSION_INCOME_YOY":null,"ACCOUNTS_RECE_TDAYS":null,"INVENTORY_TDAYS":13.539488197662,"CURRENT_ASSETS_TDAYS":1.351044407067,"TOTAL_ASSETS_TDAYS":0.61367179529,"PREMIUM_EXPENSE":null,"LOAN_DEPOSIT":null,"LOAN_EQUITY":null,"LOAN_ASSETS":null,"DEPOSIT_EQUITY":null,"DEPOSIT_ASSETS":null,"EQUITY_MULTIPLIER":1.555664141618,"EQUITY_RATIO":0.791764671929},{"SECUCODE":"00065.HK","SECURITY_CODE":"00065","SECURITY_NAME_ABBR":"弘海高新资源","ORG_CODE":"10010721","STD_REPORT_DATE":"2023-06-30 00:00:00","REPORT_DATE":"2023-06-30 00:00:00","DATE_TYPE_CODE":"002","REPORT_TYPE":"2023年中报","PER_NETCASH_OPERATE":-0.032894037684,"PER_OI":0.046709933508,"BPS":0.549713289687,"BASIC_EPS":-0.01106376,"DILUTED_EPS":-0.01106376,"OPERATE_INCOME":75365411.14,"OPERATE_INCOME_YOY":-22.3122980422,"GROSS_PROFIT":28964923.68,"GROSS_PROFIT_YOY":-33.139394068739,"HOLDER_PROFIT":-16808617.38,"HOLDER_PROFIT_YOY":-340.8640507333,"GROSS_PROFIT_RATIO":38.432648667164,"EPS_TTM":-0.008761912346,"OPERATE_INCOME_QOQ":-8.55959593927,"NET_PROFIT_RATIO":-33.9649878277,"ROE_AVG":-14.874920448426,"GROSS_PROFIT_QOQ":-19.801119801841,"ROA":-6.177047580648,"HOLDER_PROFIT_QOQ":-254.598855972148,"ROE_YEARLY":-29.749840896852,"ROIC_YEARLY":-25.032009144489,"TOTAL_ASSETS":262701605.36,"TOTAL_LIABILITIES":96452937.7,"TAX_EBT":-2.620587691739,"OCF_SALES":-70.421932153212,"TOTAL_PARENT_EQUITY":112480638.02,"DEBT_ASSET_RATIO":36.7157777996,"OPERATE_PROFIT":-24250839.94,"PRETAX_PROFIT":-24944168.9,"NETCASH_OPERATE":-53073778.7,"NETCASH_INVEST":-4924295.18,"NETCASH_FINANCE":-396451.4,"END_CASH":48737706.76,"DIVI_RATIO":null,"DIVIDEND_RATE":null,"CURRENT_RATIO":1.570551277812,"COMMON_ACS":10000000000,"CURRENTDEBT_DEBT":80.940591693352,"ISSUED_COMMON_SHARES":204616916,"HK_COMMON_SHARES":204616916,"PER_SHARES":4000,"TOTAL_MARKET_CAP":73662089.76,"HKSK_MARKET_CAP":73662089.76,"PE_TTM":-4.985252420141,"PB_TTM":0.395043009235,"REPORT_DATE_SQ":"2022-06-30 00:00:00","REPORT_TYPE_SQ":"2022年中报","OPERATE_INCOME_SQ":89983091.8,"DPS_HKD":null,"OPERATE_INCOME_QOQ_SQ":20.278667822783,"NET_PROFIT_RATIO_SQ":15.8572514731,"HOLDER_PROFIT_SQ":6472933.11,"HOLDER_PROFIT_QOQ_SQ":83.432279221856,"ROE_AVG_SQ":6.254467329105,"PE_TTM_SQ":-20.598005068175,"PB_TTM_SQ":2.627617872901,"ROA_SQ":2.895379595397,"START_DATE":"2023-01-01 00:00:00","FISCAL_YEAR":"12-31","CURRENCY":"HKD","IS_CNY_CODE":0,"DPS_HKD_LY":null,"ORG_TYPE":"一般企业","PREMIUM_INCOME":null,"PREMIUM_INCOME_YOY":null,"NET_INTEREST_INCOME":null,"NET_INTEREST_INCOME_YOY":null,"FEE_COMMISSION_INCOME":null,"FEE_COMMISSION_INCOME_YOY":null,"ACCOUNTS_RECE_TDAYS":null,"INVENTORY_TDAYS":3.200546917231,"CURRENT_ASSETS_TDAYS":0.602444623781,"TOTAL_ASSETS_TDAYS":0.27696253655,"PREMIUM_EXPENSE":null,"LOAN_DEPOSIT":null,"LOAN_EQUITY":null,"LOAN_ASSETS":null,"DEPOSIT_EQUITY":null,"DEPOSIT_ASSETS":null,"EQUITY_MULTIPLIER":1.580172695863,"EQUITY_RATIO":0.857507028746},{"SECUCODE":"00065.HK","SECURITY_CODE":"00065","SECURITY_NAME_ABBR":"弘海高新资源","ORG_CODE":"10010721","STD_REPORT_DATE":"2022-12-31 00:00:00","REPORT_DATE":"2022-12-31 00:00:00","DATE_TYPE_CODE":"001","REPORT_TYPE":"2022年年报","PER_NETCASH_OPERATE":0.009670158516,"PER_OI":0.113586931988,"BPS":0.53751112518,"BASIC_EPS":0.006074236,"DILUTED_EPS":0.006074236,"OPERATE_INCOME":170775358.6,"OPERATE_INCOME_YOY":4.4608121694,"GROSS_PROFIT":72503152.82,"GROSS_PROFIT_YOY":20.054185996482,"HOLDER_PROFIT":9144404.99,"HOLDER_PROFIT_YOY":-28.7712218202,"GROSS_PROFIT_RATIO":42.455277748719,"EPS_TTM":0.006082170848,"OPERATE_INCOME_QOQ":-5.113013389151,"NET_PROFIT_RATIO":13.6520556544,"ROE_AVG":8.451494924727,"GROSS_PROFIT_QOQ":-14.166001071399,"ROA":3.621479829274,"HOLDER_PROFIT_QOQ":-57.575024688059,"ROE_YEARLY":8.451494924727,"ROIC_YEARLY":8.843640258994,"TOTAL_ASSETS":272759994.5,"TOTAL_LIABILITIES":99992643.8,"TAX_EBT":20.673515287824,"OCF_SALES":8.513442828748,"TOTAL_PARENT_EQUITY":109983868.75,"DEBT_ASSET_RATIO":36.6595709841,"OPERATE_PROFIT":30435495.44,"PRETAX_PROFIT":29390369.54,"NETCASH_OPERATE":14538862.52,"NETCASH_INVEST":-18351338.88,"NETCASH_FINANCE":34809838.63,"END_CASH":104953865.38,"DIVI_RATIO":null,"DIVIDEND_RATE":null,"CURRENT_RATIO":1.517041405847,"COMMON_ACS":10000000000,"CURRENTDEBT_DEBT":81.489190637842,"ISSUED_COMMON_SHARES":204616916,"HK_COMMON_SHARES":204616916,"PER_SHARES":4000,"TOTAL_MARKET_CAP":73662089.76,"HKSK_MARKET_CAP":73662089.76,"PE_TTM":-4.985252420141,"PB_TTM":0.395043009235,"REPORT_DATE_SQ":"2021-12-31 00:00:00","REPORT_TYPE_SQ":"2021年年报","OPERATE_INCOME_SQ":149633881.6,"DPS_HKD":null,"OPERATE_INCOME_QOQ_SQ":18.880677018569,"NET_PROFIT_RATIO_SQ":17.4711500634,"HOLDER_PROFIT_SQ":11750547.2,"HOLDER_PROFIT_QOQ_SQ":160.859259622529,"ROE_AVG_SQ":12.796438508626,"PE_TTM_SQ":-20.598005068175,"PB_TTM_SQ":2.627617872901,"ROA_SQ":5.492854931607,"START_DATE":"2022-01-01 00:00:00","FISCAL_YEAR":"12-31","CURRENCY":"HKD","IS_CNY_CODE":0,"DPS_HKD_LY":null,"ORG_TYPE":"一般企业","PREMIUM_INCOME":null,"PREMIUM_INCOME_YOY":null,"NET_INTEREST_INCOME":null,"NET_INTEREST_INCOME_YOY":null,"FEE_COMMISSION_INCOME":null,"FEE_COMMISSION_INCOME_YOY":null,"ACCOUNTS_RECE_TDAYS":null,"INVENTORY_TDAYS":10.569122874436,"CURRENT_ASSETS_TDAYS":1.570060608052,"TOTAL_ASSETS_TDAYS":0.676325597109,"PREMIUM_EXPENSE":null,"LOAN_DEPOSIT":null,"LOAN_EQUITY":null,"LOAN_ASSETS":null,"DEPOSIT_EQUITY":null,"DEPOSIT_ASSETS":null,"EQUITY_MULTIPLIER":1.578770487565,"EQUITY_RATIO":0.909157360406},{"SECUCODE":"00065.HK","SECURITY_CODE":"00065","SECURITY_NAME_ABBR":"弘海高新资源","ORG_CODE":"10010721","STD_REPORT_DATE":"2022-06-30 00:00:00","REPORT_DATE":"2022-06-30 00:00:00","DATE_TYPE_CODE":"002","REPORT_TYPE":"2022年中报","PER_NETCASH_OPERATE":0.012884072421,"PER_OI":0.059849988969,"BPS":0.513685961966,"BASIC_EPS":0.00427595,"DILUTED_EPS":0.00427595,"OPERATE_INCOME":89983091.8,"OPERATE_INCOME_YOY":46.8015347053,"GROSS_PROFIT":43321359.83,"GROSS_PROFIT_YOY":125.112140935997,"HOLDER_PROFIT":6472933.11,"HOLDER_PROFIT_YOY":289.0831876093,"GROSS_PROFIT_RATIO":48.143888994488,"EPS_TTM":0.014336297908,"OPERATE_INCOME_QOQ":20.278667822783,"NET_PROFIT_RATIO":15.8572514731,"ROE_AVG":6.254467329105,"GROSS_PROFIT_QOQ":39.867869952496,"ROA":2.895379595397,"HOLDER_PROFIT_QOQ":83.432279221856,"ROE_YEARLY":12.508934658211,"ROIC_YEARLY":14.676568680679,"TOTAL_ASSETS":224773008.46,"TOTAL_LIABILITIES":63283204.81,"TAX_EBT":21.747490854517,"OCF_SALES":21.527276183235,"TOTAL_PARENT_EQUITY":105108837.33,"DEBT_ASSET_RATIO":28.1542722783,"OPERATE_PROFIT":18238637.13,"PRETAX_PROFIT":18234361.18,"NETCASH_OPERATE":19370908.69,"NETCASH_INVEST":-1444415.91,"NETCASH_FINANCE":-219783.83,"END_CASH":89416956.02,"DIVI_RATIO":null,"DIVIDEND_RATE":null,"CURRENT_RATIO":2.373904761905,"COMMON_ACS":10000000000,"CURRENTDEBT_DEBT":70.946904687901,"ISSUED_COMMON_SHARES":204616916,"HK_COMMON_SHARES":204616916,"PER_SHARES":4000,"TOTAL_MARKET_CAP":73662089.76,"HKSK_MARKET_CAP":73662089.76,"PE_TTM":-4.985252420141,"PB_TTM":0.395043009235,"REPORT_DATE_SQ":"2021-06-30 00:00:00","REPORT_TYPE_SQ":"2021年中报","OPERATE_INCOME_SQ":59639334,"DPS_HKD":null,"OPERATE_INCOME_QOQ_SQ":12.434988783021,"NET_PROFIT_RATIO_SQ":-7.1238228113,"HOLDER_PROFIT_SQ":-3330816.24,"HOLDER_PROFIT_QOQ_SQ":46.028431637782,"ROE_AVG_SQ":-3.908473566787,"PE_TTM_SQ":-20.598005068175,"PB_TTM_SQ":2.627617872901,"ROA_SQ":-1.650691018105,"START_DATE":"2022-01-01 00:00:00","FISCAL_YEAR":"12-31","CURRENCY":"HKD","IS_CNY_CODE":0,"DPS_HKD_LY":null,"ORG_TYPE":"一般企业","PREMIUM_INCOME":null,"PREMIUM_INCOME_YOY":null,"NET_INTEREST_INCOME":null,"NET_INTEREST_INCOME_YOY":null,"FEE_COMMISSION_INCOME":null,"FEE_COMMISSION_INCOME_YOY":null,"ACCOUNTS_RECE_TDAYS":899.316239316239,"INVENTORY_TDAYS":7.199709705087,"CURRENT_ASSETS_TDAYS":0.915836521179,"TOTAL_ASSETS_TDAYS":0.402499459675,"PREMIUM_EXPENSE":null,"LOAN_DEPOSIT":null,"LOAN_EQUITY":null,"LOAN_ASSETS":null,"DEPOSIT_EQUITY":null,"DEPOSIT_ASSETS":null,"EQUITY_MULTIPLIER":1.391871210315,"EQUITY_RATIO":0.602073112191},{"SECUCODE":"00065.HK","SECURITY_CODE":"00065","SECURITY_NAME_ABBR":"弘海高新资源","ORG_CODE":"10010721","STD_REPORT_DATE":"2021-12-31 00:00:00","REPORT_DATE":"2021-12-31 00:00:00","DATE_TYPE_CODE":"001","REPORT_TYPE":"2021年年报","PER_NETCASH_OPERATE":0.009759143625,"PER_OI":0.099525210614,"BPS":0.476006845886,"BASIC_EPS":0.00784896,"DILUTED_EPS":0.00784896,"OPERATE_INCOME":149633881.6,"OPERATE_INCOME_YOY":37.5936005774,"GROSS_PROFIT":60392024,"GROSS_PROFIT_YOY":48.441575608125,"HOLDER_PROFIT":11750547.2,"HOLDER_PROFIT_YOY":133.8124926479,"GROSS_PROFIT_RATIO":40.359859247279,"EPS_TTM":0.007815580752,"OPERATE_INCOME_QOQ":18.880677018569,"NET_PROFIT_RATIO":17.4711500634,"ROE_AVG":12.796438508626,"GROSS_PROFIT_QOQ":50.184906762073,"ROA":5.492854931607,"HOLDER_PROFIT_QOQ":160.859259622529,"ROE_YEARLY":12.796438508626,"ROIC_YEARLY":14.051760380919,"TOTAL_ASSETS":212575182.4,"TOTAL_LIABILITIES":66408742.4,"TAX_EBT":-1.218740107629,"OCF_SALES":9.805700048083,"TOTAL_PARENT_EQUITY":97399052.8,"DEBT_ASSET_RATIO":31.2401201543,"OPERATE_PROFIT":25859052.8,"PRETAX_PROFIT":25827984,"NETCASH_OPERATE":14672649.6,"NETCASH_INVEST":-20149752,"NETCASH_FINANCE":-842945.6,"END_CASH":70650451.2,"DIVI_RATIO":null,"DIVIDEND_RATE":null,"CURRENT_RATIO":1.78824829932,"COMMON_ACS":10000000000,"CURRENTDEBT_DEBT":72.392396336058,"ISSUED_COMMON_SHARES":204616916,"HK_COMMON_SHARES":204616916,"PER_SHARES":4000,"TOTAL_MARKET_CAP":73662089.76,"HKSK_MARKET_CAP":73662089.76,"PE_TTM":-4.985252420141,"PB_TTM":0.395043009235,"REPORT_DATE_SQ":"2020-12-31 00:00:00","REPORT_TYPE_SQ":"2020年年报","OPERATE_INCOME_SQ":111948219.68,"DPS_HKD":null,"OPERATE_INCOME_QOQ_SQ":-0.310494265838,"NET_PROFIT_RATIO_SQ":-47.2709229242,"HOLDER_PROFIT_SQ":-35773908.2,"HOLDER_PROFIT_QOQ_SQ":17.900794911402,"ROE_AVG_SQ":-34.372472909591,"PE_TTM_SQ":-20.598005068175,"PB_TTM_SQ":2.627617872901,"ROA_SQ":-14.572101992715,"START_DATE":"2021-01-01 00:00:00","FISCAL_YEAR":"12-31","CURRENCY":"HKD","IS_CNY_CODE":0,"DPS_HKD_LY":null,"ORG_TYPE":"一般企业","PREMIUM_INCOME":null,"PREMIUM_INCOME_YOY":null,"NET_INTEREST_INCOME":null,"NET_INTEREST_INCOME_YOY":null,"FEE_COMMISSION_INCOME":null,"FEE_COMMISSION_INCOME_YOY":null,"ACCOUNTS_RECE_TDAYS":null,"INVENTORY_TDAYS":16.809270809271,"CURRENT_ASSETS_TDAYS":1.638020227334,"TOTAL_ASSETS_TDAYS":0.699471429281,"PREMIUM_EXPENSE":null,"LOAN_DEPOSIT":null,"LOAN_EQUITY":null,"LOAN_ASSETS":null,"DEPOSIT_EQUITY":null,"DEPOSIT_ASSETS":null,"EQUITY_MULTIPLIER":1.454336456439,"EQUITY_RATIO":0.681821234303},{"SECUCODE":"00065.HK","SECURITY_CODE":"00065","SECURITY_NAME_ABBR":"弘海高新资源","ORG_CODE":"10010721","STD_REPORT_DATE":"2021-06-30 00:00:00","REPORT_DATE":"2021-06-30 00:00:00","DATE_TYPE_CODE":"002","REPORT_TYPE":"2021年中报","PER_NETCASH_OPERATE":-0.006144258369,"PER_OI":0.039667602108,"BPS":0.403968688493,"BASIC_EPS":-0.00249624,"DILUTED_EPS":-0.00249624,"OPERATE_INCOME":59639334,"OPERATE_INCOME_YOY":43.2039319894,"GROSS_PROFIT":19244346.24,"GROSS_PROFIT_YOY":-2.395220791185,"HOLDER_PROFIT":-3330816.24,"HOLDER_PROFIT_YOY":81.5300143035,"GROSS_PROFIT_RATIO":32.267875828392,"EPS_TTM":-0.012842056904,"OPERATE_INCOME_QOQ":12.434988783021,"NET_PROFIT_RATIO":-7.1238228113,"ROE_AVG":-3.908473566787,"GROSS_PROFIT_QOQ":-1.160789850015,"ROA":-1.650691018105,"HOLDER_PROFIT_QOQ":46.028431637782,"ROE_YEARLY":-7.816947133575,"ROIC_YEARLY":-7.28812016386,"TOTAL_ASSETS":184480456.8,"TOTAL_LIABILITIES":68629958.4,"TAX_EBT":0.039154267815,"OCF_SALES":-15.489361702128,"TOTAL_PARENT_EQUITY":82658827.2,"DEBT_ASSET_RATIO":37.2017500338,"OPERATE_PROFIT":-4231126.8,"PRETAX_PROFIT":-4250264.64,"NETCASH_OPERATE":-9237752.16,"NETCASH_INVEST":-24146129.52,"NETCASH_FINANCE":-429353.28,"END_CASH":43882235.04,"DIVI_RATIO":null,"DIVIDEND_RATE":null,"CURRENT_RATIO":1.601447475199,"COMMON_ACS":10000000000,"CURRENTDEBT_DEBT":73.206838021339,"ISSUED_COMMON_SHARES":204616916,"HK_COMMON_SHARES":204616916,"PER_SHARES":4000,"TOTAL_MARKET_CAP":73662089.76,"HKSK_MARKET_CAP":73662089.76,"PE_TTM":-4.985252420141,"PB_TTM":0.395043009235,"REPORT_DATE_SQ":"2020-06-30 00:00:00","REPORT_TYPE_SQ":"2020年中报","OPERATE_INCOME_SQ":45718585.44,"DPS_HKD":null,"OPERATE_INCOME_QOQ_SQ":-29.690726905485,"NET_PROFIT_RATIO_SQ":-64.3783340992,"HOLDER_PROFIT_SQ":-19796985.12,"HOLDER_PROFIT_QOQ_SQ":-357.650211317624,"ROE_AVG_SQ":-16.688869210334,"PE_TTM_SQ":-20.598005068175,"PB_TTM_SQ":2.627617872901,"ROA_SQ":-6.874457803428,"START_DATE":"2021-01-01 00:00:00","FISCAL_YEAR":"12-31","CURRENCY":"HKD","IS_CNY_CODE":0,"DPS_HKD_LY":null,"ORG_TYPE":"一般企业","PREMIUM_INCOME":null,"PREMIUM_INCOME_YOY":null,"NET_INTEREST_INCOME":null,"NET_INTEREST_INCOME_YOY":null,"FEE_COMMISSION_INCOME":null,"FEE_COMMISSION_INCOME_YOY":null,"ACCOUNTS_RECE_TDAYS":6.712399325716,"INVENTORY_TDAYS":7.734108650629,"CURRENT_ASSETS_TDAYS":0.666719377884,"TOTAL_ASSETS_TDAYS":0.295561525662,"PREMIUM_EXPENSE":null,"LOAN_DEPOSIT":null,"LOAN_EQUITY":null,"LOAN_ASSETS":null,"DEPOSIT_EQUITY":null,"DEPOSIT_ASSETS":null,"EQUITY_MULTIPLIER":1.592401062989,"EQUITY_RATIO":0.83027984699},{"SECUCODE":"00065.HK","SECURITY_CODE":"00065","SECURITY_NAME_ABBR":"弘海高新资源","ORG_CODE":"10010721","STD_REPORT_DATE":"2020-12-31 00:00:00","REPORT_DATE":"2020-12-31 00:00:00","DATE_TYPE_CODE":"001","REPORT_TYPE":"2020年年报","PER_NETCASH_OPERATE":-0.00879662908,"PER_OI":0.074459540997,"BPS":0.433935262127,"BASIC_EPS":-0.023818412,"DILUTED_EPS":-0.023818412,"OPERATE_INCOME":111948219.68,"OPERATE_INCOME_YOY":-25.4003062237,"GROSS_PROFIT":40684035.96,"GROSS_PROFIT_YOY":-42.258868583945,"HOLDER_PROFIT":-35773908.2,"HOLDER_PROFIT_YOY":-299.8965095493,"GROSS_PROFIT_RATIO":36.341833819505,"EPS_TTM":-0.023794114742,"OPERATE_INCOME_QOQ":-0.310494265838,"NET_PROFIT_RATIO":-47.2709229242,"ROE_AVG":-34.372472909591,"GROSS_PROFIT_QOQ":15.646582475699,"ROA":-14.572101992715,"HOLDER_PROFIT_QOQ":17.900794911402,"ROE_YEARLY":-34.372472909591,"ROIC_YEARLY":-43.681113994296,"TOTAL_ASSETS":221602970.36,"TOTAL_LIABILITIES":66172261.72,"TAX_EBT":6.602694552963,"OCF_SALES":-11.813971671729,"TOTAL_PARENT_EQUITY":88790495.08,"DEBT_ASSET_RATIO":29.8607286773,"OPERATE_PROFIT":-56552316.52,"PRETAX_PROFIT":-56660046.44,"NETCASH_OPERATE":-13225530.96,"NETCASH_INVEST":-15215167.92,"NETCASH_FINANCE":-2423923.2,"END_CASH":78695023.28,"DIVI_RATIO":null,"DIVIDEND_RATE":null,"CURRENT_RATIO":2.082133680617,"COMMON_ACS":10000000000,"CURRENTDEBT_DEBT":72.271472724266,"ISSUED_COMMON_SHARES":204616916,"HK_COMMON_SHARES":204616916,"PER_SHARES":4000,"TOTAL_MARKET_CAP":73662089.76,"HKSK_MARKET_CAP":73662089.76,"PE_TTM":-4.985252420141,"PB_TTM":0.395043009235,"REPORT_DATE_SQ":"2019-12-31 00:00:00","REPORT_TYPE_SQ":"2019年年报","OPERATE_INCOME_SQ":159718469.78,"DPS_HKD":null,"OPERATE_INCOME_QOQ_SQ":-22.223491603617,"NET_PROFIT_RATIO_SQ":-1.788548578,"HOLDER_PROFIT_SQ":-9521245.62,"HOLDER_PROFIT_QOQ_SQ":-158.661250991355,"ROE_AVG_SQ":-7.196563199285,"PE_TTM_SQ":-20.598005068175,"PB_TTM_SQ":2.627617872901,"ROA_SQ":-3.087249881639,"START_DATE":"2020-01-01 00:00:00","FISCAL_YEAR":"12-31","CURRENCY":"HKD","IS_CNY_CODE":0,"DPS_HKD_LY":null,"ORG_TYPE":"一般企业","PREMIUM_INCOME":null,"PREMIUM_INCOME_YOY":null,"NET_INTEREST_INCOME":null,"NET_INTEREST_INCOME_YOY":null,"FEE_COMMISSION_INCOME":null,"FEE_COMMISSION_INCOME_YOY":null,"ACCOUNTS_RECE_TDAYS":12.710176779742,"INVENTORY_TDAYS":15.697626992955,"CURRENT_ASSETS_TDAYS":0.964592496437,"TOTAL_ASSETS_TDAYS":0.456008570816,"PREMIUM_EXPENSE":null,"LOAN_DEPOSIT":null,"LOAN_EQUITY":null,"LOAN_ASSETS":null,"DEPOSIT_EQUITY":null,"DEPOSIT_ASSETS":null,"EQUITY_MULTIPLIER":1.425734800408,"EQUITY_RATIO":0.745262898471},{"SECUCODE":"00065.HK","SECURITY_CODE":"00065","SECURITY_NAME_ABBR":"弘海高新资源","ORG_CODE":"10010721","STD_REPORT_DATE":"2020-06-30 00:00:00","REPORT_DATE":"2020-06-30 00:00:00","DATE_TYPE_CODE":"002","REPORT_TYPE":"2020年中报","PER_NETCASH_OPERATE":0.013830305262,"PER_OI":0.030408566538,"BPS":0.526354185106,"BASIC_EPS":-0.01278816,"DILUTED_EPS":-0.01278816,"OPERATE_INCOME":45718585.44,"OPERATE_INCOME_YOY":-52.7294535426,"GROSS_PROFIT":19716602.4,"GROSS_PROFIT_YOY":-64.1492483813,"HOLDER_PROFIT":-19796985.12,"HOLDER_PROFIT_YOY":-233.7344193509,"GROSS_PROFIT_RATIO":43.126011468302,"EPS_TTM":-0.028982149969,"OPERATE_INCOME_QOQ":-29.690726905485,"NET_PROFIT_RATIO":-64.3783340992,"ROE_AVG":-16.688869210334,"GROSS_PROFIT_QOQ":-50.071043882176,"ROA":-6.874457803428,"HOLDER_PROFIT_QOQ":-357.650211317624,"ROE_YEARLY":-33.377738420668,"ROIC_YEARLY":-44.901849070285,"TOTAL_ASSETS":283587495.84,"TOTAL_LIABILITIES":100502149.44,"TAX_EBT":-2.243376170078,"OCF_SALES":45.481608759066,"TOTAL_PARENT_EQUITY":107700970.08,"DEBT_ASSET_RATIO":35.4395560151,"OPERATE_PROFIT":-28742303.04,"PRETAX_PROFIT":-28787061.6,"NETCASH_OPERATE":24599852.64,"NETCASH_INVEST":-3745104,"NETCASH_FINANCE":-1322661.12,"END_CASH":126840278.4,"DIVI_RATIO":null,"DIVIDEND_RATE":null,"CURRENT_RATIO":2.053833865815,"COMMON_ACS":10000000000,"CURRENTDEBT_DEBT":79.653899987276,"ISSUED_COMMON_SHARES":204616916,"HK_COMMON_SHARES":204616916,"PER_SHARES":4000,"TOTAL_MARKET_CAP":73662089.76,"HKSK_MARKET_CAP":73662089.76,"PE_TTM":-4.985252420141,"PB_TTM":0.395043009235,"REPORT_DATE_SQ":"2019-06-30 00:00:00","REPORT_TYPE_SQ":"2019年中报","OPERATE_INCOME_SQ":93140160.12,"DPS_HKD":null,"OPERATE_INCOME_QOQ_SQ":20.741836446492,"NET_PROFIT_RATIO_SQ":33.4457225969,"HOLDER_PROFIT_SQ":14255769.96,"HOLDER_PROFIT_QOQ_SQ":197.840748102069,"ROE_AVG_SQ":10.039617025099,"PE_TTM_SQ":-20.598005068175,"PB_TTM_SQ":2.627617872901,"ROA_SQ":4.661705610098,"START_DATE":"2020-01-01 00:00:00","FISCAL_YEAR":"12-31","CURRENCY":"HKD","IS_CNY_CODE":0,"DPS_HKD_LY":null,"ORG_TYPE":"一般企业","PREMIUM_INCOME":null,"PREMIUM_INCOME_YOY":null,"NET_INTEREST_INCOME":null,"NET_INTEREST_INCOME_YOY":null,"FEE_COMMISSION_INCOME":null,"FEE_COMMISSION_INCOME_YOY":null,"ACCOUNTS_RECE_TDAYS":4.222109747353,"INVENTORY_TDAYS":5.769940204723,"CURRENT_ASSETS_TDAYS":0.296619611469,"TOTAL_ASSETS_TDAYS":0.158756742269,"PREMIUM_EXPENSE":null,"LOAN_DEPOSIT":null,"LOAN_EQUITY":null,"LOAN_ASSETS":null,"DEPOSIT_EQUITY":null,"DEPOSIT_ASSETS":null,"EQUITY_MULTIPLIER":1.548936064061,"EQUITY_RATIO":0.933159184781}],"count":56},"success":true,"message":"ok","code":0}