{"version":"217b1a990f6bb7b0f6f480b57dd232f6","result":{"pages":6,"data":[{"SECUCODE":"00066.HK","SECURITY_CODE":"00066","SECURITY_NAME_ABBR":"港铁公司","ORG_CODE":"10007355","STD_REPORT_DATE":"2024-06-30 00:00:00","REPORT_DATE":"2024-06-30 00:00:00","DATE_TYPE_CODE":"002","REPORT_TYPE":"2024年中报","PER_NETCASH_OPERATE":1.200671199804,"PER_OI":4.296961326504,"BPS":26.149574618977,"BASIC_EPS":0.8852996,"DILUTED_EPS":0.8852996,"OPERATE_INCOME":26715056280,"OPERATE_INCOME_YOY":6.1543482991,"GROSS_PROFIT":26432125480,"GROSS_PROFIT_YOY":4.941142714257,"HOLDER_PROFIT":5516237920,"HOLDER_PROFIT_YOY":44.6625179512,"GROSS_PROFIT_RATIO":98.940931297188,"EPS_TTM":1.402275264007,"OPERATE_INCOME_QOQ":2.502757761167,"NET_PROFIT_RATIO":20.9900584196,"ROE_AVG":3.388899168475,"GROSS_PROFIT_QOQ":2.434061666605,"ROA":1.708688897904,"HOLDER_PROFIT_QOQ":23.592310632084,"ROE_YEARLY":6.77779833695,"ROIC_YEARLY":3.704072549323,"TOTAL_ASSETS":329492995560,"TOTAL_LIABILITIES":166166171520,"TAX_EBT":15.313576843556,"OCF_SALES":27.942332000957,"TOTAL_PARENT_EQUITY":162776478000,"DEBT_ASSET_RATIO":50.4308661365,"OPERATE_PROFIT":6458123680,"PRETAX_PROFIT":6621493400,"NETCASH_OPERATE":7464809720,"NETCASH_INVEST":-8602009000,"NETCASH_FINANCE":9545720120,"END_CASH":22511252200,"DIVI_RATIO":0.848521991752,"DIVIDEND_RATE":5.250501002004,"CURRENT_RATIO":0.658700959323,"COMMON_ACS":null,"CURRENTDEBT_DEBT":47.922159240707,"ISSUED_COMMON_SHARES":6224823171,"HK_COMMON_SHARES":6224823171,"PER_SHARES":500,"TOTAL_MARKET_CAP":155309338116.45,"HKSK_MARKET_CAP":155309338116.45,"PE_TTM":16.094231929166,"PB_TTM":0.870812100457,"REPORT_DATE_SQ":"2023-06-30 00:00:00","REPORT_TYPE_SQ":"2023年中报","OPERATE_INCOME_SQ":25422676520,"DPS_HKD":1.31,"OPERATE_INCOME_QOQ_SQ":13.404860489857,"NET_PROFIT_RATIO_SQ":15.7866105752,"HOLDER_PROFIT_SQ":3852032440,"HOLDER_PROFIT_QOQ_SQ":-2.218307080694,"ROE_AVG_SQ":2.344326455034,"PE_TTM_SQ":17.364974614882,"PB_TTM_SQ":0.908982887873,"ROA_SQ":1.249388837138,"START_DATE":"2024-01-01 00:00:00","FISCAL_YEAR":"12-31","CURRENCY":"HKD","IS_CNY_CODE":0,"DPS_HKD_LY":1.31,"ORG_TYPE":"一般企业","PREMIUM_INCOME":null,"PREMIUM_INCOME_YOY":null,"NET_INTEREST_INCOME":null,"NET_INTEREST_INCOME_YOY":null,"FEE_COMMISSION_INCOME":null,"FEE_COMMISSION_INCOME_YOY":null,"ACCOUNTS_RECE_TDAYS":2.111980951694,"INVENTORY_TDAYS":0.06263258915,"CURRENT_ASSETS_TDAYS":0.559466355756,"TOTAL_ASSETS_TDAYS":0.082751543234,"PREMIUM_EXPENSE":null,"LOAN_DEPOSIT":null,"LOAN_EQUITY":null,"LOAN_ASSETS":null,"DEPOSIT_EQUITY":null,"DEPOSIT_ASSETS":null,"EQUITY_MULTIPLIER":2.017384452901,"EQUITY_RATIO":1.020824222035},{"SECUCODE":"00066.HK","SECURITY_CODE":"00066","SECURITY_NAME_ABBR":"港铁公司","ORG_CODE":"10007355","STD_REPORT_DATE":"2023-12-31 00:00:00","REPORT_DATE":"2023-12-31 00:00:00","DATE_TYPE_CODE":"001","REPORT_TYPE":"2023年年报","PER_NETCASH_OPERATE":1.632077104804,"PER_OI":8.305708456366,"BPS":25.963612979875,"BASIC_EPS":1.1418372,"DILUTED_EPS":1.132775,"OPERATE_INCOME":51638228040,"OPERATE_INCOME_YOY":19.179285535,"GROSS_PROFIT":51130744840,"GROSS_PROFIT_YOY":21.04031816517,"HOLDER_PROFIT":7054016480,"HOLDER_PROFIT_YOY":-20.7896611377,"GROSS_PROFIT_RATIO":99.017233512337,"EPS_TTM":1.134597497883,"OPERATE_INCOME_QOQ":6.615415288078,"NET_PROFIT_RATIO":14.1939559861,"ROE_AVG":4.35310236837,"GROSS_PROFIT_QOQ":6.652623467876,"ROA":2.311483028387,"HOLDER_PROFIT_QOQ":-17.818282515281,"ROE_YEARLY":4.35310236837,"ROIC_YEARLY":2.456062852996,"TOTAL_ASSETS":313938169720,"TOTAL_LIABILITIES":151855285400,"TAX_EBT":16.299285936045,"OCF_SALES":19.650064932786,"TOTAL_PARENT_EQUITY":161618899680,"DEBT_ASSET_RATIO":48.3710806926,"OPERATE_PROFIT":8648057460,"PRETAX_PROFIT":8756803860,"NETCASH_OPERATE":10146945340,"NETCASH_INVEST":-6999643280,"NETCASH_FINANCE":1697350060,"END_CASH":14114376500,"DIVI_RATIO":1.048707935828,"DIVIDEND_RATE":5.229540918164,"CURRENT_RATIO":0.560809445112,"COMMON_ACS":null,"CURRENTDEBT_DEBT":50.192158500925,"ISSUED_COMMON_SHARES":6224823171,"HK_COMMON_SHARES":6224823171,"PER_SHARES":500,"TOTAL_MARKET_CAP":155931820433.55,"HKSK_MARKET_CAP":155931820433.55,"PE_TTM":16.158737868762,"PB_TTM":0.874302329316,"REPORT_DATE_SQ":"2022-12-31 00:00:00","REPORT_TYPE_SQ":"2022年年报","OPERATE_INCOME_SQ":42709025240,"DPS_HKD":1.31,"OPERATE_INCOME_QOQ_SQ":7.524110639935,"NET_PROFIT_RATIO_SQ":21.2101564461,"HOLDER_PROFIT_SQ":8778164290,"HOLDER_PROFIT_QOQ_SQ":-8.867643062903,"ROE_AVG_SQ":5.474651810585,"PE_TTM_SQ":17.02974344471,"PB_TTM_SQ":0.891434955675,"ROA_SQ":3.174285285135,"START_DATE":"2023-01-01 00:00:00","FISCAL_YEAR":"12-31","CURRENCY":"HKD","IS_CNY_CODE":0,"DPS_HKD_LY":1.31,"ORG_TYPE":"一般企业","PREMIUM_INCOME":null,"PREMIUM_INCOME_YOY":null,"NET_INTEREST_INCOME":null,"NET_INTEREST_INCOME_YOY":null,"FEE_COMMISSION_INCOME":null,"FEE_COMMISSION_INCOME_YOY":null,"ACCOUNTS_RECE_TDAYS":4.122409115572,"INVENTORY_TDAYS":0.12955465587,"CURRENT_ASSETS_TDAYS":1.310156923608,"TOTAL_ASSETS_TDAYS":0.169209822615,"PREMIUM_EXPENSE":null,"LOAN_DEPOSIT":null,"LOAN_EQUITY":null,"LOAN_ASSETS":null,"DEPOSIT_EQUITY":null,"DEPOSIT_ASSETS":null,"EQUITY_MULTIPLIER":1.936898957822,"EQUITY_RATIO":0.939588660118},{"SECUCODE":"00066.HK","SECURITY_CODE":"00066","SECURITY_NAME_ABBR":"港铁公司","ORG_CODE":"10007355","STD_REPORT_DATE":"2023-06-30 00:00:00","REPORT_DATE":"2023-06-30 00:00:00","DATE_TYPE_CODE":"002","REPORT_TYPE":"2023年中报","PER_NETCASH_OPERATE":0.575302746017,"PER_OI":4.099069229632,"BPS":26.238148543867,"BASIC_EPS":0.6177266,"DILUTED_EPS":0.6177266,"OPERATE_INCOME":25422676520,"OPERATE_INCOME_YOY":19.7151912473,"GROSS_PROFIT":25187571620,"GROSS_PROFIT_YOY":29.240436485421,"HOLDER_PROFIT":3852032440,"HOLDER_PROFIT_YOY":-11.707523246,"GROSS_PROFIT_RATIO":99.075215782984,"EPS_TTM":1.383965418743,"OPERATE_INCOME_QOQ":13.404860489857,"NET_PROFIT_RATIO":15.7866105752,"ROE_AVG":2.344326455034,"GROSS_PROFIT_QOQ":13.490239836086,"ROA":1.249388837138,"HOLDER_PROFIT_QOQ":-2.218307080694,"ROE_YEARLY":4.688652910068,"ROIC_YEARLY":2.662931678721,"TOTAL_ASSETS":315064537480,"TOTAL_LIABILITIES":151264648700,"TAX_EBT":12.590361445783,"OCF_SALES":14.034960470008,"TOTAL_PARENT_EQUITY":163327835020,"DEBT_ASSET_RATIO":48.0106869246,"OPERATE_PROFIT":4551815260,"PRETAX_PROFIT":4591460400,"NETCASH_OPERATE":3568062600,"NETCASH_INVEST":-1042759380,"NETCASH_FINANCE":4468837060,"END_CASH":16334719660,"DIVI_RATIO":0.859747927141,"DIVIDEND_RATE":5.229540918164,"CURRENT_RATIO":0.541063737666,"COMMON_ACS":null,"CURRENTDEBT_DEBT":53.494651510072,"ISSUED_COMMON_SHARES":6224823171,"HK_COMMON_SHARES":6224823171,"PER_SHARES":500,"TOTAL_MARKET_CAP":155931820433.55,"HKSK_MARKET_CAP":155931820433.55,"PE_TTM":16.158737868762,"PB_TTM":0.874302329316,"REPORT_DATE_SQ":"2022-06-30 00:00:00","REPORT_TYPE_SQ":"2022年中报","OPERATE_INCOME_SQ":19697591270,"DPS_HKD":1.31,"OPERATE_INCOME_QOQ_SQ":2.923019090579,"NET_PROFIT_RATIO_SQ":21.3953892242,"HOLDER_PROFIT_SQ":4046759080,"HOLDER_PROFIT_QOQ_SQ":23.337717103948,"ROE_AVG_SQ":2.650000560017,"PE_TTM_SQ":17.02974344471,"PB_TTM_SQ":0.891434955675,"ROA_SQ":1.619505250044,"START_DATE":"2023-01-01 00:00:00","FISCAL_YEAR":"12-31","CURRENCY":"HKD","IS_CNY_CODE":0,"DPS_HKD_LY":1.31,"ORG_TYPE":"一般企业","PREMIUM_INCOME":null,"PREMIUM_INCOME_YOY":null,"NET_INTEREST_INCOME":null,"NET_INTEREST_INCOME_YOY":null,"FEE_COMMISSION_INCOME":null,"FEE_COMMISSION_INCOME_YOY":null,"ACCOUNTS_RECE_TDAYS":2.047523576149,"INVENTORY_TDAYS":0.058796403044,"CURRENT_ASSETS_TDAYS":0.631677815449,"TOTAL_ASSETS_TDAYS":0.082457270932,"PREMIUM_EXPENSE":null,"LOAN_DEPOSIT":null,"LOAN_EQUITY":null,"LOAN_ASSETS":null,"DEPOSIT_EQUITY":null,"DEPOSIT_ASSETS":null,"EQUITY_MULTIPLIER":1.923472230821,"EQUITY_RATIO":0.926141270908},{"SECUCODE":"00066.HK","SECURITY_CODE":"00066","SECURITY_NAME_ABBR":"港铁公司","ORG_CODE":"10007355","STD_REPORT_DATE":"2022-12-31 00:00:00","REPORT_DATE":"2022-12-31 00:00:00","DATE_TYPE_CODE":"001","REPORT_TYPE":"2022年年报","PER_NETCASH_OPERATE":0.973196748663,"PER_OI":6.88626357068,"BPS":25.727767812924,"BASIC_EPS":1.4202993,"DILUTED_EPS":1.4202993,"OPERATE_INCOME":42709025240,"OPERATE_INCOME_YOY":1.2923181221,"GROSS_PROFIT":42242738300,"GROSS_PROFIT_YOY":10.583353197256,"HOLDER_PROFIT":8778164290,"HOLDER_PROFIT_YOY":2.8789782245,"GROSS_PROFIT_RATIO":98.908223876851,"EPS_TTM":1.415362505418,"OPERATE_INCOME_QOQ":7.524110639935,"NET_PROFIT_RATIO":21.2101564461,"ROE_AVG":5.474651810585,"GROSS_PROFIT_QOQ":7.481428402302,"ROA":3.174285285135,"HOLDER_PROFIT_QOQ":-8.867643062903,"ROE_YEARLY":5.474651810585,"ROIC_YEARLY":3.382147958218,"TOTAL_ASSETS":292171644870,"TOTAL_LIABILITIES":131461652630,"TAX_EBT":13.686271172015,"OCF_SALES":14.132435371873,"TOTAL_PARENT_EQUITY":160150805220,"DEBT_ASSET_RATIO":44.9946649301,"OPERATE_PROFIT":10394089720,"PRETAX_PROFIT":10495029230,"NETCASH_OPERATE":6035825390,"NETCASH_INVEST":-1774927490,"NETCASH_FINANCE":-4083137170,"END_CASH":9147978070,"DIVI_RATIO":0.840676077998,"DIVIDEND_RATE":5.229540918164,"CURRENT_RATIO":0.524370168438,"COMMON_ACS":null,"CURRENTDEBT_DEBT":51.595784438299,"ISSUED_COMMON_SHARES":6224823171,"HK_COMMON_SHARES":6224823171,"PER_SHARES":500,"TOTAL_MARKET_CAP":155931820433.55,"HKSK_MARKET_CAP":155931820433.55,"PE_TTM":16.158737868762,"PB_TTM":0.874302329316,"REPORT_DATE_SQ":"2021-12-31 00:00:00","REPORT_TYPE_SQ":"2021年年报","OPERATE_INCOME_SQ":38592355200,"DPS_HKD":1.31,"OPERATE_INCOME_QOQ_SQ":11.375269521949,"NET_PROFIT_RATIO_SQ":20.5054870556,"HOLDER_PROFIT_SQ":7809715200,"HOLDER_PROFIT_QOQ_SQ":614.403520845721,"ROE_AVG_SQ":5.358735715368,"PE_TTM_SQ":17.02974344471,"PB_TTM_SQ":0.891434955675,"ROA_SQ":3.278778558875,"START_DATE":"2022-01-01 00:00:00","FISCAL_YEAR":"12-31","CURRENCY":"HKD","IS_CNY_CODE":0,"DPS_HKD_LY":1.44,"ORG_TYPE":"一般企业","PREMIUM_INCOME":null,"PREMIUM_INCOME_YOY":null,"NET_INTEREST_INCOME":null,"NET_INTEREST_INCOME_YOY":null,"FEE_COMMISSION_INCOME":null,"FEE_COMMISSION_INCOME_YOY":null,"ACCOUNTS_RECE_TDAYS":3.333472774176,"INVENTORY_TDAYS":0.150932485181,"CURRENT_ASSETS_TDAYS":1.150723835425,"TOTAL_ASSETS_TDAYS":0.154440753081,"PREMIUM_EXPENSE":null,"LOAN_DEPOSIT":null,"LOAN_EQUITY":null,"LOAN_ASSETS":null,"DEPOSIT_EQUITY":null,"DEPOSIT_ASSETS":null,"EQUITY_MULTIPLIER":1.818005469341,"EQUITY_RATIO":0.820861640061},{"SECUCODE":"00066.HK","SECURITY_CODE":"00066","SECURITY_NAME_ABBR":"港铁公司","ORG_CODE":"10007355","STD_REPORT_DATE":"2022-06-30 00:00:00","REPORT_DATE":"2022-06-30 00:00:00","DATE_TYPE_CODE":"002","REPORT_TYPE":"2022年中报","PER_NETCASH_OPERATE":0.521249986208,"PER_OI":3.180384352933,"BPS":24.374362974174,"BASIC_EPS":0.6499444,"DILUTED_EPS":0.6499444,"OPERATE_INCOME":19697591270,"OPERATE_INCOME_YOY":3.20831653,"GROSS_PROFIT":19488924910,"GROSS_PROFIT_YOY":5.996001649421,"HOLDER_PROFIT":4046759080,"HOLDER_PROFIT_YOY":77.0295548073,"GROSS_PROFIT_RATIO":98.940650371207,"EPS_TTM":1.555240613506,"OPERATE_INCOME_QOQ":2.923019090579,"NET_PROFIT_RATIO":21.3953892242,"ROE_AVG":2.650000560017,"GROSS_PROFIT_QOQ":2.886010021511,"ROA":1.619505250044,"HOLDER_PROFIT_QOQ":23.337717103948,"ROE_YEARLY":5.300001120034,"ROIC_YEARLY":3.530460668415,"TOTAL_ASSETS":249966905860,"TOTAL_LIABILITIES":97804659540,"TAX_EBT":26.105862947968,"OCF_SALES":16.389528068424,"TOTAL_PARENT_EQUITY":151726099420,"DEBT_ASSET_RATIO":39.1270433194,"OPERATE_PROFIT":5675896030,"PRETAX_PROFIT":5703262110,"NETCASH_OPERATE":3228342250,"NETCASH_INVEST":1664199740,"NETCASH_FINANCE":-3823554490,"END_CASH":9857775130,"DIVI_RATIO":0.765065797322,"DIVIDEND_RATE":5.229540918164,"CURRENT_RATIO":0.896444835636,"COMMON_ACS":null,"CURRENTDEBT_DEBT":45.697147753703,"ISSUED_COMMON_SHARES":6224823171,"HK_COMMON_SHARES":6224823171,"PER_SHARES":500,"TOTAL_MARKET_CAP":155931820433.55,"HKSK_MARKET_CAP":155931820433.55,"PE_TTM":16.158737868762,"PB_TTM":0.874302329316,"REPORT_DATE_SQ":"2021-06-30 00:00:00","REPORT_TYPE_SQ":"2021年中报","OPERATE_INCOME_SQ":18569529360,"DPS_HKD":1.31,"OPERATE_INCOME_QOQ_SQ":-3.22159659134,"NET_PROFIT_RATIO_SQ":12.4658332213,"HOLDER_PROFIT_SQ":2224149840,"HOLDER_PROFIT_QOQ_SQ":62.48973612194,"ROE_AVG_SQ":1.526839647565,"PE_TTM_SQ":17.02974344471,"PB_TTM_SQ":0.891434955675,"ROA_SQ":0.912073457229,"START_DATE":"2022-01-01 00:00:00","FISCAL_YEAR":"12-31","CURRENCY":"HKD","IS_CNY_CODE":0,"DPS_HKD_LY":1.44,"ORG_TYPE":"一般企业","PREMIUM_INCOME":null,"PREMIUM_INCOME_YOY":null,"NET_INTEREST_INCOME":null,"NET_INTEREST_INCOME_YOY":null,"FEE_COMMISSION_INCOME":null,"FEE_COMMISSION_INCOME_YOY":null,"ACCOUNTS_RECE_TDAYS":1.801493879786,"INVENTORY_TDAYS":0.078709677419,"CURRENT_ASSETS_TDAYS":0.511094838681,"TOTAL_ASSETS_TDAYS":0.078829383821,"PREMIUM_EXPENSE":null,"LOAN_DEPOSIT":null,"LOAN_EQUITY":null,"LOAN_ASSETS":null,"DEPOSIT_EQUITY":null,"DEPOSIT_ASSETS":null,"EQUITY_MULTIPLIER":1.642765613057,"EQUITY_RATIO":0.644613286138},{"SECUCODE":"00066.HK","SECURITY_CODE":"00066","SECURITY_NAME_ABBR":"港铁公司","ORG_CODE":"10007355","STD_REPORT_DATE":"2021-12-31 00:00:00","REPORT_DATE":"2021-12-31 00:00:00","DATE_TYPE_CODE":"001","REPORT_TYPE":"2021年年报","PER_NETCASH_OPERATE":0.986379942753,"PER_OI":6.231143744354,"BPS":23.60455266979,"BASIC_EPS":1.26728,"DILUTED_EPS":1.259104,"OPERATE_INCOME":38592355200,"OPERATE_INCOME_YOY":10.9564890341,"GROSS_PROFIT":38199907200,"GROSS_PROFIT_YOY":7.983123275534,"HOLDER_PROFIT":7809715200,"HOLDER_PROFIT_YOY":298.6275733001,"GROSS_PROFIT_RATIO":98.983093936698,"EPS_TTM":1.260961083133,"OPERATE_INCOME_QOQ":11.375269521949,"NET_PROFIT_RATIO":20.5054870556,"ROE_AVG":5.358735715368,"GROSS_PROFIT_QOQ":11.44542980052,"ROA":3.278778558875,"HOLDER_PROFIT_QOQ":614.403520845721,"ROE_YEARLY":5.358735715368,"ROIC_YEARLY":3.53604904269,"TOTAL_ASSETS":238806243200,"TOTAL_LIABILITIES":91607992000,"TAX_EBT":18.93634840871,"OCF_SALES":15.829837718741,"TOTAL_PARENT_EQUITY":146934166400,"DEBT_ASSET_RATIO":38.3608027883,"OPERATE_PROFIT":9761326400,"PRETAX_PROFIT":9762144000,"NETCASH_OPERATE":6109107200,"NETCASH_INVEST":4884342400,"NETCASH_FINANCE":-11880545600,"END_CASH":8790835200,"DIVI_RATIO":0.94361468876,"DIVIDEND_RATE":5.229540918164,"CURRENT_RATIO":0.958669265527,"COMMON_ACS":null,"CURRENTDEBT_DEBT":40.294524521398,"ISSUED_COMMON_SHARES":6224823171,"HK_COMMON_SHARES":6224823171,"PER_SHARES":500,"TOTAL_MARKET_CAP":155931820433.55,"HKSK_MARKET_CAP":155931820433.55,"PE_TTM":16.158737868762,"PB_TTM":0.874302329316,"REPORT_DATE_SQ":"2020-12-31 00:00:00","REPORT_TYPE_SQ":"2020年年报","OPERATE_INCOME_SQ":35804207240,"DPS_HKD":1.31,"OPERATE_INCOME_QOQ_SQ":-18.024734539141,"NET_PROFIT_RATIO_SQ":-11.332596789,"HOLDER_PROFIT_SQ":-4047446760,"HOLDER_PROFIT_QOQ_SQ":-173.059264628314,"ROE_AVG_SQ":-2.646714034904,"PE_TTM_SQ":17.02974344471,"PB_TTM_SQ":0.891434955675,"ROA_SQ":-1.658882212119,"START_DATE":"2021-01-01 00:00:00","FISCAL_YEAR":"12-31","CURRENCY":"HKD","IS_CNY_CODE":0,"DPS_HKD_LY":1.23,"ORG_TYPE":"一般企业","PREMIUM_INCOME":null,"PREMIUM_INCOME_YOY":null,"NET_INTEREST_INCOME":null,"NET_INTEREST_INCOME_YOY":null,"FEE_COMMISSION_INCOME":null,"FEE_COMMISSION_INCOME_YOY":null,"ACCOUNTS_RECE_TDAYS":3.358377801494,"INVENTORY_TDAYS":0.145852324521,"CURRENT_ASSETS_TDAYS":1.081907468742,"TOTAL_ASSETS_TDAYS":0.162023561072,"PREMIUM_EXPENSE":null,"LOAN_DEPOSIT":null,"LOAN_EQUITY":null,"LOAN_ASSETS":null,"DEPOSIT_EQUITY":null,"DEPOSIT_ASSETS":null,"EQUITY_MULTIPLIER":1.622344295896,"EQUITY_RATIO":0.623462835394},{"SECUCODE":"00066.HK","SECURITY_CODE":"00066","SECURITY_NAME_ABBR":"港铁公司","ORG_CODE":"10007355","STD_REPORT_DATE":"2021-06-30 00:00:00","REPORT_DATE":"2021-06-30 00:00:00","DATE_TYPE_CODE":"002","REPORT_TYPE":"2021年中报","PER_NETCASH_OPERATE":0.567210254829,"PER_OI":3.003186537848,"BPS":23.171513117348,"BASIC_EPS":0.3577944,"DILUTED_EPS":0.3577944,"OPERATE_INCOME":18569529360,"OPERATE_INCOME_YOY":3.3577250834,"GROSS_PROFIT":18386471760,"GROSS_PROFIT_YOY":-5.640246350788,"HOLDER_PROFIT":2224149840,"HOLDER_PROFIT_YOY":900.2994011976,"GROSS_PROFIT_RATIO":99.014204418157,"EPS_TTM":-0.245534586189,"OPERATE_INCOME_QOQ":-3.22159659134,"NET_PROFIT_RATIO":12.4658332213,"ROE_AVG":1.526839647565,"GROSS_PROFIT_QOQ":-3.106728136976,"ROA":0.912073457229,"HOLDER_PROFIT_QOQ":62.48973612194,"ROE_YEARLY":3.053679295129,"ROIC_YEARLY":1.998803559411,"TOTAL_ASSETS":245932061040,"TOTAL_LIABILITIES":101423063280,"TAX_EBT":20.898493033836,"OCF_SALES":18.886947170319,"TOTAL_PARENT_EQUITY":144238571760,"DEBT_ASSET_RATIO":41.2402770306,"OPERATE_PROFIT":2855698560,"PRETAX_PROFIT":2926425360,"NETCASH_OPERATE":3507217200,"NETCASH_INVEST":5053221840,"NETCASH_FINANCE":-3396550560,"END_CASH":15079785840,"DIVI_RATIO":-4.846003239176,"DIVIDEND_RATE":5.229540918164,"CURRENT_RATIO":0.928126979396,"COMMON_ACS":null,"CURRENTDEBT_DEBT":44.037705819134,"ISSUED_COMMON_SHARES":6224823171,"HK_COMMON_SHARES":6224823171,"PER_SHARES":500,"TOTAL_MARKET_CAP":155931820433.55,"HKSK_MARKET_CAP":155931820433.55,"PE_TTM":16.158737868762,"PB_TTM":0.874302329316,"REPORT_DATE_SQ":"2020-06-30 00:00:00","REPORT_TYPE_SQ":"2020年中报","OPERATE_INCOME_SQ":19722996480,"DPS_HKD":1.31,"OPERATE_INCOME_QOQ_SQ":-10.541524519406,"NET_PROFIT_RATIO_SQ":-1.4403482771,"HOLDER_PROFIT_SQ":-305088960,"HOLDER_PROFIT_QOQ_SQ":-48.168802626495,"ROE_AVG_SQ":-0.182298489215,"PE_TTM_SQ":17.02974344471,"PB_TTM_SQ":0.891434955675,"ROA_SQ":-0.115805550692,"START_DATE":"2021-01-01 00:00:00","FISCAL_YEAR":"12-31","CURRENCY":"HKD","IS_CNY_CODE":0,"DPS_HKD_LY":1.23,"ORG_TYPE":"一般企业","PREMIUM_INCOME":null,"PREMIUM_INCOME_YOY":null,"NET_INTEREST_INCOME":null,"NET_INTEREST_INCOME_YOY":null,"FEE_COMMISSION_INCOME":null,"FEE_COMMISSION_INCOME_YOY":null,"ACCOUNTS_RECE_TDAYS":1.725652426058,"INVENTORY_TDAYS":0.063318463088,"CURRENT_ASSETS_TDAYS":0.47586758356,"TOTAL_ASSETS_TDAYS":0.076149432641,"PREMIUM_EXPENSE":null,"LOAN_DEPOSIT":null,"LOAN_EQUITY":null,"LOAN_ASSETS":null,"DEPOSIT_EQUITY":null,"DEPOSIT_ASSETS":null,"EQUITY_MULTIPLIER":1.701846008567,"EQUITY_RATIO":0.703161866084},{"SECUCODE":"00066.HK","SECURITY_CODE":"00066","SECURITY_NAME_ABBR":"港铁公司","ORG_CODE":"10007355","STD_REPORT_DATE":"2020-12-31 00:00:00","REPORT_DATE":"2020-12-31 00:00:00","DATE_TYPE_CODE":"001","REPORT_TYPE":"2020年年报","PER_NETCASH_OPERATE":0.105121123131,"PER_OI":5.792691320085,"BPS":23.90298458809,"BASIC_EPS":-0.6564792,"DILUTED_EPS":-0.6564792,"OPERATE_INCOME":35804207240,"OPERATE_INCOME_YOY":-21.948847791,"GROSS_PROFIT":35375812480,"GROSS_PROFIT_YOY":-26.628213850601,"HOLDER_PROFIT":-4047446760,"HOLDER_PROFIT_YOY":-140.3033858532,"GROSS_PROFIT_RATIO":98.803507204814,"EPS_TTM":-0.65482834344,"OPERATE_INCOME_QOQ":-18.024734539141,"NET_PROFIT_RATIO":-11.332596789,"ROE_AVG":-2.646714034904,"GROSS_PROFIT_QOQ":-17.957232158601,"ROA":-1.658882212119,"HOLDER_PROFIT_QOQ":-173.059264628314,"ROE_YEARLY":-2.646714034904,"ROIC_YEARLY":-1.790024771501,"TOTAL_ASSETS":244558701360,"TOTAL_LIABILITIES":95604412520,"TAX_EBT":-36.960227272727,"OCF_SALES":1.814719917256,"TOTAL_PARENT_EQUITY":148791852320,"DEBT_ASSET_RATIO":39.0926235658,"OPERATE_PROFIT":-2626758440,"PRETAX_PROFIT":-2962572800,"NETCASH_OPERATE":649746080,"NETCASH_INVEST":-568107000,"NETCASH_FINANCE":2393624160,"END_CASH":9997841560,"DIVI_RATIO":-1.817058488563,"DIVIDEND_RATE":5.229540918164,"CURRENT_RATIO":1.046226684431,"COMMON_ACS":null,"CURRENTDEBT_DEBT":37.002280070075,"ISSUED_COMMON_SHARES":6224823171,"HK_COMMON_SHARES":6224823171,"PER_SHARES":500,"TOTAL_MARKET_CAP":155931820433.55,"HKSK_MARKET_CAP":155931820433.55,"PE_TTM":16.158737868762,"PB_TTM":0.874302329316,"REPORT_DATE_SQ":"2019-12-31 00:00:00","REPORT_TYPE_SQ":"2019年年报","OPERATE_INCOME_SQ":48823593120,"DPS_HKD":1.31,"OPERATE_INCOME_QOQ_SQ":-2.133862195146,"NET_PROFIT_RATIO_SQ":22.1855276677,"HOLDER_PROFIT_SQ":10688446960,"HOLDER_PROFIT_QOQ_SQ":-17.130590276125,"ROE_AVG_SQ":6.501513405421,"PE_TTM_SQ":17.02974344471,"PB_TTM_SQ":0.891434955675,"ROA_SQ":4.231948515786,"START_DATE":"2020-01-01 00:00:00","FISCAL_YEAR":"12-31","CURRENCY":"HKD","IS_CNY_CODE":0,"DPS_HKD_LY":1.23,"ORG_TYPE":"一般企业","PREMIUM_INCOME":null,"PREMIUM_INCOME_YOY":null,"NET_INTEREST_INCOME":null,"NET_INTEREST_INCOME_YOY":null,"FEE_COMMISSION_INCOME":null,"FEE_COMMISSION_INCOME_YOY":null,"ACCOUNTS_RECE_TDAYS":3.475287966669,"INVENTORY_TDAYS":0.147472113574,"CURRENT_ASSETS_TDAYS":1.029325655109,"TOTAL_ASSETS_TDAYS":0.146746741913,"PREMIUM_EXPENSE":null,"LOAN_DEPOSIT":null,"LOAN_EQUITY":null,"LOAN_ASSETS":null,"DEPOSIT_EQUITY":null,"DEPOSIT_ASSETS":null,"EQUITY_MULTIPLIER":1.641837259368,"EQUITY_RATIO":0.642537955065},{"SECUCODE":"00066.HK","SECURITY_CODE":"00066","SECURITY_NAME_ABBR":"港铁公司","ORG_CODE":"10007355","STD_REPORT_DATE":"2020-06-30 00:00:00","REPORT_DATE":"2020-06-30 00:00:00","DATE_TYPE_CODE":"002","REPORT_TYPE":"2020年中报","PER_NETCASH_OPERATE":0.104102335741,"PER_OI":3.201962440612,"BPS":26.387940175594,"BASIC_EPS":-0.045672,"DILUTED_EPS":-0.045672,"OPERATE_INCOME":19722996480,"OPERATE_INCOME_YOY":-23.6276174307,"GROSS_PROFIT":19485502080,"GROSS_PROFIT_YOY":-20.730123073668,"HOLDER_PROFIT":-305088960,"HOLDER_PROFIT_YOY":-106.0661096985,"GROSS_PROFIT_RATIO":98.795850314932,"EPS_TTM":0.899392339746,"OPERATE_INCOME_QOQ":-10.541524519406,"NET_PROFIT_RATIO":-1.4403482771,"ROE_AVG":-0.182298489215,"GROSS_PROFIT_QOQ":-10.56885563486,"ROA":-0.115805550692,"HOLDER_PROFIT_QOQ":-48.168802626495,"ROE_YEARLY":-0.36459697843,"ROIC_YEARLY":-0.24871639257,"TOTAL_ASSETS":262719045600,"TOTAL_LIABILITIES":98280663360,"TAX_EBT":136.761229314421,"OCF_SALES":3.251204149685,"TOTAL_PARENT_EQUITY":164260261440,"DEBT_ASSET_RATIO":37.4090363854,"OPERATE_PROFIT":1030360320,"PRETAX_PROFIT":772770240,"NETCASH_OPERATE":641234880,"NETCASH_INVEST":-1646018880,"NETCASH_FINANCE":1629576960,"END_CASH":8061108000,"DIVI_RATIO":1.322961456772,"DIVIDEND_RATE":5.229540918164,"CURRENT_RATIO":0.948040387003,"COMMON_ACS":null,"CURRENTDEBT_DEBT":39.674145398442,"ISSUED_COMMON_SHARES":6224823171,"HK_COMMON_SHARES":6224823171,"PER_SHARES":500,"TOTAL_MARKET_CAP":155931820433.55,"HKSK_MARKET_CAP":155931820433.55,"PE_TTM":16.158737868762,"PB_TTM":0.874302329316,"REPORT_DATE_SQ":"2019-06-30 00:00:00","REPORT_TYPE_SQ":"2019年中报","OPERATE_INCOME_SQ":24869747520,"DPS_HKD":1.31,"OPERATE_INCOME_QOQ_SQ":5.575614749614,"NET_PROFIT_RATIO_SQ":19.8217317487,"HOLDER_PROFIT_SQ":4843407960,"HOLDER_PROFIT_QOQ_SQ":-8.044007413093,"ROE_AVG_SQ":3.05260560901,"PE_TTM_SQ":17.02974344471,"PB_TTM_SQ":0.891434955675,"ROA_SQ":1.975590371778,"START_DATE":"2020-01-01 00:00:00","FISCAL_YEAR":"12-31","CURRENCY":"HKD","IS_CNY_CODE":0,"DPS_HKD_LY":1.23,"ORG_TYPE":"一般企业","PREMIUM_INCOME":null,"PREMIUM_INCOME_YOY":null,"NET_INTEREST_INCOME":null,"NET_INTEREST_INCOME_YOY":null,"FEE_COMMISSION_INCOME":null,"FEE_COMMISSION_INCOME_YOY":null,"ACCOUNTS_RECE_TDAYS":1.715897802678,"INVENTORY_TDAYS":0.07393715342,"CURRENT_ASSETS_TDAYS":0.545583181726,"TOTAL_ASSETS_TDAYS":0.074864474567,"PREMIUM_EXPENSE":null,"LOAN_DEPOSIT":null,"LOAN_EQUITY":null,"LOAN_ASSETS":null,"DEPOSIT_EQUITY":null,"DEPOSIT_ASSETS":null,"EQUITY_MULTIPLIER":1.597674715726,"EQUITY_RATIO":0.598322823174}],"count":49},"success":true,"message":"ok","code":0}