{"version":"a320d6ab29d7b8a8c216f67dc38f49da","result":{"pages":5,"data":[{"SECUCODE":"00061.HK","SECURITY_CODE":"00061","SECURITY_NAME_ABBR":"绿领控股","ORG_CODE":"10007350","STD_REPORT_DATE":"2024-06-30 00:00:00","REPORT_DATE":"2024-06-30 00:00:00","DATE_TYPE_CODE":"002","REPORT_TYPE":"2024年中报","PER_NETCASH_OPERATE":-0.038925791194,"PER_OI":0.280747824911,"BPS":-4.056509682458,"BASIC_EPS":2.9935904,"DILUTED_EPS":1.5378658,"OPERATE_INCOME":147746463.76,"OPERATE_INCOME_YOY":43.4361155414,"GROSS_PROFIT":10993230.6,"GROSS_PROFIT_YOY":733.228668425437,"HOLDER_PROFIT":1575591427.8,"HOLDER_PROFIT_YOY":272.5563673038,"GROSS_PROFIT_RATIO":7.44060488504,"EPS_TTM":1.641440460111,"OPERATE_INCOME_QOQ":3.294874423423,"NET_PROFIT_RATIO":1056.3626592209,"ROE_AVG":-51.355044527577,"GROSS_PROFIT_QOQ":48.593301701763,"ROA":63.97293795403,"HOLDER_PROFIT_QOQ":152.860549022718,"ROE_YEARLY":-102.710089055154,"ROIC_YEARLY":149.346820961768,"TOTAL_ASSETS":159270874.12,"TOTAL_LIABILITIES":2294051298.44,"TAX_EBT":-2.413312719797,"OCF_SALES":-13.865037496448,"TOTAL_PARENT_EQUITY":-2134780424.32,"DEBT_ASSET_RATIO":1440.3457701322,"OPERATE_PROFIT":543957.28,"PRETAX_PROFIT":-107442514.96,"NETCASH_OPERATE":-20485102.6,"NETCASH_INVEST":-102472059.68,"NETCASH_FINANCE":3942777.6,"END_CASH":1327949.4,"DIVI_RATIO":null,"DIVIDEND_RATE":null,"CURRENT_RATIO":0.08038420702,"COMMON_ACS":2000000000000,"CURRENTDEBT_DEBT":83.672543785978,"ISSUED_COMMON_SHARES":526260404,"HK_COMMON_SHARES":526260404,"PER_SHARES":20000,"TOTAL_MARKET_CAP":31575624.24,"HKSK_MARKET_CAP":31575624.24,"PE_TTM":0.034190773969,"PB_TTM":-0.013499487068,"REPORT_DATE_SQ":"2023-06-30 00:00:00","REPORT_TYPE_SQ":"2023年中报","OPERATE_INCOME_SQ":104054662.8,"DPS_HKD":null,"OPERATE_INCOME_QOQ_SQ":-23.211416543874,"NET_PROFIT_RATIO_SQ":-339.5979402957,"HOLDER_PROFIT_SQ":-922392125.06,"HOLDER_PROFIT_QOQ_SQ":-576.787626048263,"ROE_AVG_SQ":32.561917300391,"PE_TTM_SQ":-0.022981282975,"PB_TTM_SQ":-0.009911190592,"ROA_SQ":-12.834482340138,"START_DATE":"2024-01-01 00:00:00","FISCAL_YEAR":"12-31","CURRENCY":"HKD","IS_CNY_CODE":0,"DPS_HKD_LY":null,"ORG_TYPE":"一般企业","PREMIUM_INCOME":null,"PREMIUM_INCOME_YOY":null,"NET_INTEREST_INCOME":null,"NET_INTEREST_INCOME_YOY":null,"FEE_COMMISSION_INCOME":null,"FEE_COMMISSION_INCOME_YOY":null,"ACCOUNTS_RECE_TDAYS":0.736183652541,"INVENTORY_TDAYS":null,"CURRENT_ASSETS_TDAYS":0.37123364636,"TOTAL_ASSETS_TDAYS":0.059988745764,"PREMIUM_EXPENSE":null,"LOAN_DEPOSIT":null,"LOAN_EQUITY":null,"LOAN_ASSETS":null,"DEPOSIT_EQUITY":null,"DEPOSIT_ASSETS":null,"EQUITY_MULTIPLIER":-0.074607614116,"EQUITY_RATIO":-1.074607614116},{"SECUCODE":"00061.HK","SECURITY_CODE":"00061","SECURITY_NAME_ABBR":"绿领控股","ORG_CODE":"10007350","STD_REPORT_DATE":"2023-12-31 00:00:00","REPORT_DATE":"2023-12-31 00:00:00","DATE_TYPE_CODE":"001","REPORT_TYPE":"2023年年报","PER_NETCASH_OPERATE":0.171734981224,"PER_OI":2.519767004169,"BPS":-7.549439123032,"BASIC_EPS":-3.1083346,"DILUTED_EPS":-3.1083346,"OPERATE_INCOME":1326053601.6,"OPERATE_INCOME_YOY":-36.5391345907,"GROSS_PROFIT":19907840.96,"GROSS_PROFIT_YOY":-97.098013001965,"HOLDER_PROFIT":-1634158433.18,"HOLDER_PROFIT_YOY":-685.6251606523,"GROSS_PROFIT_RATIO":1.501284784867,"EPS_TTM":-3.105227793615,"OPERATE_INCOME_QOQ":-16.158270552094,"NET_PROFIT_RATIO":-228.2075200918,"ROE_AVG":51.732864144461,"GROSS_PROFIT_QOQ":-93.1389372724,"ROA":-25.412462862013,"HOLDER_PROFIT_QOQ":-17.764357802856,"ROE_YEARLY":51.732864144461,"ROIC_YEARLY":-32.384147639628,"TOTAL_ASSETS":4732797385.4,"TOTAL_LIABILITIES":8098147758.26,"TAX_EBT":16.01512641436,"OCF_SALES":6.815510360286,"TOTAL_PARENT_EQUITY":-3972970882.86,"DEBT_ASSET_RATIO":171.1070028741,"OPERATE_PROFIT":-3251664167.64,"PRETAX_PROFIT":-3603213186.02,"NETCASH_OPERATE":90377320.6,"NETCASH_INVEST":-81615985.64,"NETCASH_FINANCE":-43859235.56,"END_CASH":107023675.78,"DIVI_RATIO":null,"DIVIDEND_RATE":null,"CURRENT_RATIO":0.089282167669,"COMMON_ACS":2000000000000,"CURRENTDEBT_DEBT":88.12160628313,"ISSUED_COMMON_SHARES":526260404,"HK_COMMON_SHARES":526260404,"PER_SHARES":20000,"TOTAL_MARKET_CAP":34733186.664,"HKSK_MARKET_CAP":34733186.664,"PE_TTM":0.037609851365,"PB_TTM":-0.014849435775,"REPORT_DATE_SQ":"2022-12-31 00:00:00","REPORT_TYPE_SQ":"2022年年报","OPERATE_INCOME_SQ":2059701072.73,"DPS_HKD":null,"OPERATE_INCOME_QOQ_SQ":0.3099195537,"NET_PROFIT_RATIO_SQ":15.0791114056,"HOLDER_PROFIT_SQ":-205034942.91,"HOLDER_PROFIT_QOQ_SQ":-145.65393639767,"ROE_AVG_SQ":9.295822219774,"PE_TTM_SQ":-0.022981282975,"PB_TTM_SQ":-0.009911190592,"ROA_SQ":-2.608925892549,"START_DATE":"2023-01-01 00:00:00","FISCAL_YEAR":"12-31","CURRENCY":"HKD","IS_CNY_CODE":0,"DPS_HKD_LY":null,"ORG_TYPE":"一般企业","PREMIUM_INCOME":null,"PREMIUM_INCOME_YOY":null,"NET_INTEREST_INCOME":null,"NET_INTEREST_INCOME_YOY":null,"FEE_COMMISSION_INCOME":null,"FEE_COMMISSION_INCOME_YOY":null,"ACCOUNTS_RECE_TDAYS":4.750207355732,"INVENTORY_TDAYS":18.161350276897,"CURRENT_ASSETS_TDAYS":2.073834506226,"TOTAL_ASSETS_TDAYS":0.206211877744,"PREMIUM_EXPENSE":null,"LOAN_DEPOSIT":null,"LOAN_EQUITY":null,"LOAN_ASSETS":null,"DEPOSIT_EQUITY":null,"DEPOSIT_ASSETS":null,"EQUITY_MULTIPLIER":-1.406331246685,"EQUITY_RATIO":-2.038310372018},{"SECUCODE":"00061.HK","SECURITY_CODE":"00061","SECURITY_NAME_ABBR":"绿领控股","ORG_CODE":"10007350","STD_REPORT_DATE":"2023-06-30 00:00:00","REPORT_DATE":"2023-06-30 00:00:00","DATE_TYPE_CODE":"002","REPORT_TYPE":"2023年中报","PER_NETCASH_OPERATE":0.041209282316,"PER_OI":0.197724666361,"BPS":-6.232617507017,"BASIC_EPS":-1.75268398,"DILUTED_EPS":-1.75268398,"OPERATE_INCOME":104054662.8,"OPERATE_INCOME_YOY":-51.8120037027,"GROSS_PROFIT":1319353.38,"GROSS_PROFIT_YOY":-99.682226094719,"HOLDER_PROFIT":-922392125.06,"HOLDER_PROFIT_YOY":-428.7829293301,"GROSS_PROFIT_RATIO":3.74057143061,"EPS_TTM":-2.636814611441,"OPERATE_INCOME_QOQ":-23.211416543874,"NET_PROFIT_RATIO":-339.5979402957,"ROE_AVG":32.561917300391,"GROSS_PROFIT_QOQ":-57.703534958796,"ROA":-12.834482340138,"HOLDER_PROFIT_QOQ":-576.787626048263,"ROE_YEARLY":65.123834600782,"ROIC_YEARLY":-33.282766132351,"TOTAL_ASSETS":6104015610.98,"TOTAL_LIABILITIES":8303777834.76,"TAX_EBT":-0.032180088757,"OCF_SALES":4.195390100649,"TOTAL_PARENT_EQUITY":-3279979807.22,"DEBT_ASSET_RATIO":136.0379521282,"OPERATE_PROFIT":-12434744.26,"PRETAX_PROFIT":-123197733.54,"NETCASH_OPERATE":14454802.44,"NETCASH_INVEST":-29225844.02,"NETCASH_FINANCE":5407412.7,"END_CASH":102725167.64,"DIVI_RATIO":null,"DIVIDEND_RATE":null,"CURRENT_RATIO":0.096452750433,"COMMON_ACS":2000000000000,"CURRENTDEBT_DEBT":86.722655355677,"ISSUED_COMMON_SHARES":526260404,"HK_COMMON_SHARES":526260404,"PER_SHARES":20000,"TOTAL_MARKET_CAP":33680665.856,"HKSK_MARKET_CAP":33680665.856,"PE_TTM":0.0364701589,"PB_TTM":-0.014399452873,"REPORT_DATE_SQ":"2022-06-30 00:00:00","REPORT_TYPE_SQ":"2022年中报","OPERATE_INCOME_SQ":995005868.29,"DPS_HKD":null,"OPERATE_INCOME_QOQ_SQ":55.712435500052,"NET_PROFIT_RATIO_SQ":74.2863503027,"HOLDER_PROFIT_SQ":260224054.72,"HOLDER_PROFIT_QOQ_SQ":106.758315021881,"ROE_AVG_SQ":-13.867270901873,"PE_TTM_SQ":-0.021266261858,"PB_TTM_SQ":-0.009171549503,"ROA_SQ":3.410374447656,"START_DATE":"2023-01-01 00:00:00","FISCAL_YEAR":"12-31","CURRENCY":"HKD","IS_CNY_CODE":0,"DPS_HKD_LY":null,"ORG_TYPE":"一般企业","PREMIUM_INCOME":null,"PREMIUM_INCOME_YOY":null,"NET_INTEREST_INCOME":null,"NET_INTEREST_INCOME_YOY":null,"FEE_COMMISSION_INCOME":null,"FEE_COMMISSION_INCOME_YOY":null,"ACCOUNTS_RECE_TDAYS":0.388477842203,"INVENTORY_TDAYS":3.519811908341,"CURRENT_ASSETS_TDAYS":0.767258992658,"TOTAL_ASSETS_TDAYS":0.071926042782,"PREMIUM_EXPENSE":null,"LOAN_DEPOSIT":null,"LOAN_EQUITY":null,"LOAN_ASSETS":null,"DEPOSIT_EQUITY":null,"DEPOSIT_ASSETS":null,"EQUITY_MULTIPLIER":-2.774852456773,"EQUITY_RATIO":-2.531655169487},{"SECUCODE":"00061.HK","SECURITY_CODE":"00061","SECURITY_NAME_ABBR":"绿领控股","ORG_CODE":"10007350","STD_REPORT_DATE":"2022-12-31 00:00:00","REPORT_DATE":"2022-12-31 00:00:00","DATE_TYPE_CODE":"001","REPORT_TYPE":"2022年年报","PER_NETCASH_OPERATE":0.624758933792,"PER_OI":3.913843901374,"BPS":-4.391747906935,"BASIC_EPS":-0.3930388,"DILUTED_EPS":-0.3930388,"OPERATE_INCOME":2059701072.73,"OPERATE_INCOME_YOY":42.9635466978,"GROSS_PROFIT":686007241.71,"GROSS_PROFIT_YOY":141.263684405577,"HOLDER_PROFIT":-205034942.91,"HOLDER_PROFIT_YOY":-186.3971363185,"GROSS_PROFIT_RATIO":33.306155480161,"EPS_TTM":-0.38960739085,"OPERATE_INCOME_QOQ":0.3099195537,"NET_PROFIT_RATIO":15.0791114056,"ROE_AVG":9.295822219774,"GROSS_PROFIT_QOQ":0.894187216471,"ROA":-2.608925892549,"HOLDER_PROFIT_QOQ":-145.65393639767,"ROE_YEARLY":9.295822219774,"ROIC_YEARLY":-3.405312324613,"TOTAL_ASSETS":8012127202.45,"TOTAL_LIABILITIES":8428114108.75,"TAX_EBT":39.60647126872,"OCF_SALES":15.962796410268,"TOTAL_PARENT_EQUITY":-2311203027.77,"DEBT_ASSET_RATIO":105.1919658262,"OPERATE_PROFIT":1315105144.99,"PRETAX_PROFIT":514268044.78,"NETCASH_OPERATE":328785888.9,"NETCASH_INVEST":-237846536.55,"NETCASH_FINANCE":-107262075.06,"END_CASH":146736569.63,"DIVI_RATIO":null,"DIVIDEND_RATE":null,"CURRENT_RATIO":0.090705687513,"COMMON_ACS":2000000000000,"CURRENTDEBT_DEBT":82.740811594971,"ISSUED_COMMON_SHARES":526260404,"HK_COMMON_SHARES":526260404,"PER_SHARES":20000,"TOTAL_MARKET_CAP":34733186.664,"HKSK_MARKET_CAP":34733186.664,"PE_TTM":0.037609851365,"PB_TTM":-0.014849435775,"REPORT_DATE_SQ":"2021-12-31 00:00:00","REPORT_TYPE_SQ":"2021年年报","OPERATE_INCOME_SQ":1318672700.8,"DPS_HKD":null,"OPERATE_INCOME_QOQ_SQ":20.35522843222,"NET_PROFIT_RATIO_SQ":46.5947405165,"HOLDER_PROFIT_SQ":217213427.2,"HOLDER_PROFIT_QOQ_SQ":52.820786250994,"ROE_AVG_SQ":-10.686800892605,"PE_TTM_SQ":-0.022981282975,"PB_TTM_SQ":-0.009911190592,"ROA_SQ":3.383328113052,"START_DATE":"2022-01-01 00:00:00","FISCAL_YEAR":"12-31","CURRENCY":"HKD","IS_CNY_CODE":0,"DPS_HKD_LY":null,"ORG_TYPE":"一般企业","PREMIUM_INCOME":null,"PREMIUM_INCOME_YOY":null,"NET_INTEREST_INCOME":null,"NET_INTEREST_INCOME_YOY":null,"FEE_COMMISSION_INCOME":null,"FEE_COMMISSION_INCOME_YOY":null,"ACCOUNTS_RECE_TDAYS":13.665370733644,"INVENTORY_TDAYS":11.164053198595,"CURRENT_ASSETS_TDAYS":3.664226814117,"TOTAL_ASSETS_TDAYS":0.26208252034,"PREMIUM_EXPENSE":null,"LOAN_DEPOSIT":null,"LOAN_EQUITY":null,"LOAN_ASSETS":null,"DEPOSIT_EQUITY":null,"DEPOSIT_ASSETS":null,"EQUITY_MULTIPLIER":-19.260527389332,"EQUITY_RATIO":-3.646635110582},{"SECUCODE":"00061.HK","SECURITY_CODE":"00061","SECURITY_NAME_ABBR":"绿领控股","ORG_CODE":"10007350","STD_REPORT_DATE":"2022-06-30 00:00:00","REPORT_DATE":"2022-06-30 00:00:00","DATE_TYPE_CODE":"002","REPORT_TYPE":"2022年中报","PER_NETCASH_OPERATE":-0.079631443391,"PER_OI":1.890710113714,"BPS":-3.311030337806,"BASIC_EPS":0.49429982,"DILUTED_EPS":0.12143698,"OPERATE_INCOME":995005868.29,"OPERATE_INCOME_YOY":271.8649322424,"GROSS_PROFIT":415186193.1,"GROSS_PROFIT_YOY":2018.51521440252,"HOLDER_PROFIT":260224054.72,"HOLDER_PROFIT_YOY":793.7030075188,"GROSS_PROFIT_RATIO":41.727009491264,"EPS_TTM":0.853392766521,"OPERATE_INCOME_QOQ":55.712435500052,"NET_PROFIT_RATIO":74.2863503027,"ROE_AVG":-13.867270901873,"GROSS_PROFIT_QOQ":139.125455154259,"ROA":3.410374447656,"HOLDER_PROFIT_QOQ":106.758315021881,"ROE_YEARLY":-27.734541803746,"ROIC_YEARLY":8.845481112278,"TOTAL_ASSETS":7883399687.38,"TOTAL_LIABILITIES":7731736872.02,"TAX_EBT":20.596284635744,"OCF_SALES":-4.21172144864,"TOTAL_PARENT_EQUITY":-1742464163.23,"DEBT_ASSET_RATIO":98.0761749832,"OPERATE_PROFIT":1125103357.42,"PRETAX_PROFIT":930880301.33,"NETCASH_OPERATE":-41906875.57,"NETCASH_INVEST":-70349639.78,"NETCASH_FINANCE":-12395123.86,"END_CASH":32551952.16,"DIVI_RATIO":null,"DIVIDEND_RATE":null,"CURRENT_RATIO":0.086999188994,"COMMON_ACS":2000000000000,"CURRENTDEBT_DEBT":82.075527836762,"ISSUED_COMMON_SHARES":526260404,"HK_COMMON_SHARES":526260404,"PER_SHARES":20000,"TOTAL_MARKET_CAP":33680665.856,"HKSK_MARKET_CAP":33680665.856,"PE_TTM":0.0364701589,"PB_TTM":-0.014399452873,"REPORT_DATE_SQ":"2021-06-30 00:00:00","REPORT_TYPE_SQ":"2021年中报","OPERATE_INCOME_SQ":260341190.4,"DPS_HKD":null,"OPERATE_INCOME_QOQ_SQ":-0.152765172602,"NET_PROFIT_RATIO_SQ":52.4811429302,"HOLDER_PROFIT_SQ":28330659.84,"HOLDER_PROFIT_QOQ_SQ":154.06543176822,"ROE_AVG_SQ":-1.306056815466,"PE_TTM_SQ":-0.021266261858,"PB_TTM_SQ":-0.009171549503,"ROA_SQ":0.468154063221,"START_DATE":"2022-01-01 00:00:00","FISCAL_YEAR":"12-31","CURRENCY":"HKD","IS_CNY_CODE":0,"DPS_HKD_LY":null,"ORG_TYPE":"一般企业","PREMIUM_INCOME":null,"PREMIUM_INCOME_YOY":null,"NET_INTEREST_INCOME":null,"NET_INTEREST_INCOME_YOY":null,"FEE_COMMISSION_INCOME":null,"FEE_COMMISSION_INCOME_YOY":null,"ACCOUNTS_RECE_TDAYS":5.580131986609,"INVENTORY_TDAYS":4.766397649143,"CURRENT_ASSETS_TDAYS":1.94563061662,"TOTAL_ASSETS_TDAYS":0.130400803728,"PREMIUM_EXPENSE":null,"LOAN_DEPOSIT":null,"LOAN_EQUITY":null,"LOAN_ASSETS":null,"DEPOSIT_EQUITY":null,"DEPOSIT_ASSETS":null,"EQUITY_MULTIPLIER":51.979779411714,"EQUITY_RATIO":-4.437242977605},{"SECUCODE":"00061.HK","SECURITY_CODE":"00061","SECURITY_NAME_ABBR":"绿领控股","ORG_CODE":"10007350","STD_REPORT_DATE":"2021-12-31 00:00:00","REPORT_DATE":"2021-12-31 00:00:00","DATE_TYPE_CODE":"001","REPORT_TYPE":"2021年年报","PER_NETCASH_OPERATE":0.481885855125,"PER_OI":2.505741816745,"BPS":-3.652616573448,"BASIC_EPS":0.4088,"DILUTED_EPS":0.106288,"OPERATE_INCOME":1318672700.8,"OPERATE_INCOME_YOY":23.7047820365,"GROSS_PROFIT":284339204.8,"GROSS_PROFIT_YOY":164.211612067818,"HOLDER_PROFIT":217213427.2,"HOLDER_PROFIT_YOY":185.0525992278,"GROSS_PROFIT_RATIO":21.562530613358,"EPS_TTM":0.412748946242,"OPERATE_INCOME_QOQ":20.35522843222,"NET_PROFIT_RATIO":46.5947405165,"ROE_AVG":-10.686800892605,"GROSS_PROFIT_QOQ":199.757417368759,"ROA":3.383328113052,"HOLDER_PROFIT_QOQ":52.820786250994,"ROE_YEARLY":-10.686800892605,"ROIC_YEARLY":4.207666504831,"TOTAL_ASSETS":7053060739.2,"TOTAL_LIABILITIES":7597123665.6,"TAX_EBT":24.77158905149,"OCF_SALES":19.231265244678,"TOTAL_PARENT_EQUITY":-1922227473.6,"DEBT_ASSET_RATIO":107.7138556794,"OPERATE_PROFIT":1004243363.2,"PRETAX_PROFIT":816755419.2,"NETCASH_OPERATE":236830104,"NETCASH_INVEST":-152785729.6,"NETCASH_FINANCE":-5941499.2,"END_CASH":119484881.6,"DIVI_RATIO":null,"DIVIDEND_RATE":null,"CURRENT_RATIO":0.073147443459,"COMMON_ACS":2000000000000,"CURRENTDEBT_DEBT":80.983732101906,"ISSUED_COMMON_SHARES":526260404,"HK_COMMON_SHARES":526260404,"PER_SHARES":20000,"TOTAL_MARKET_CAP":34733186.664,"HKSK_MARKET_CAP":34733186.664,"PE_TTM":0.037609851365,"PB_TTM":-0.014849435775,"REPORT_DATE_SQ":"2020-12-31 00:00:00","REPORT_TYPE_SQ":"2020年年报","OPERATE_INCOME_SQ":1097326865.44,"DPS_HKD":null,"OPERATE_INCOME_QOQ_SQ":31.957206464199,"NET_PROFIT_RATIO_SQ":-50.6565444287,"HOLDER_PROFIT_SQ":-262896353.68,"HOLDER_PROFIT_QOQ_SQ":69.082444979719,"ROE_AVG_SQ":12.309010294682,"PE_TTM_SQ":-0.022981282975,"PB_TTM_SQ":-0.009911190592,"ROA_SQ":-4.361225136753,"START_DATE":"2021-01-01 00:00:00","FISCAL_YEAR":"12-31","CURRENCY":"HKD","IS_CNY_CODE":0,"DPS_HKD_LY":null,"ORG_TYPE":"一般企业","PREMIUM_INCOME":null,"PREMIUM_INCOME_YOY":null,"NET_INTEREST_INCOME":null,"NET_INTEREST_INCOME_YOY":null,"FEE_COMMISSION_INCOME":null,"FEE_COMMISSION_INCOME_YOY":null,"ACCOUNTS_RECE_TDAYS":16.55299889158,"INVENTORY_TDAYS":15.962613402647,"CURRENT_ASSETS_TDAYS":3.907476947975,"TOTAL_ASSETS_TDAYS":0.205397174477,"PREMIUM_EXPENSE":null,"LOAN_DEPOSIT":null,"LOAN_EQUITY":null,"LOAN_ASSETS":null,"DEPOSIT_EQUITY":null,"DEPOSIT_ASSETS":null,"EQUITY_MULTIPLIER":-12.963685627027,"EQUITY_RATIO":-3.952250069224},{"SECUCODE":"00061.HK","SECURITY_CODE":"00061","SECURITY_NAME_ABBR":"绿领控股","ORG_CODE":"10007350","STD_REPORT_DATE":"2021-06-30 00:00:00","REPORT_DATE":"2021-06-30 00:00:00","DATE_TYPE_CODE":"002","REPORT_TYPE":"2021年中报","PER_NETCASH_OPERATE":0.003242873807,"PER_OI":0.494700320262,"BPS":-4.099773565028,"BASIC_EPS":0.053835576,"DILUTED_EPS":0.023547864,"OPERATE_INCOME":260341190.4,"OPERATE_INCOME_YOY":9.0755699031,"GROSS_PROFIT":19597980.24,"GROSS_PROFIT_YOY":-39.43675015773,"HOLDER_PROFIT":28330659.84,"HOLDER_PROFIT_YOY":108.2560820953,"GROSS_PROFIT_RATIO":7.527806187676,"EPS_TTM":0.270086914462,"OPERATE_INCOME_QOQ":-0.152765172602,"NET_PROFIT_RATIO":52.4811429302,"ROE_AVG":-1.306056815466,"GROSS_PROFIT_QOQ":-11.858190403747,"ROA":0.468154063221,"HOLDER_PROFIT_QOQ":154.06543176822,"ROE_YEARLY":-2.612113630932,"ROIC_YEARLY":1.1389295524,"TOTAL_ASSETS":6213480848.64,"TOTAL_LIABILITIES":7268164714.8,"TAX_EBT":31.593199438425,"OCF_SALES":0.655522884173,"TOTAL_PARENT_EQUITY":-2157548492.64,"DEBT_ASSET_RATIO":116.9741227478,"OPERATE_PROFIT":323688272.88,"PRETAX_PROFIT":199731651.12,"NETCASH_OPERATE":1711588.56,"NETCASH_INVEST":-33792432.96,"NETCASH_FINANCE":-5351938.56,"END_CASH":14394984,"DIVI_RATIO":null,"DIVIDEND_RATE":null,"CURRENT_RATIO":0.032980359168,"COMMON_ACS":2000000000000,"CURRENTDEBT_DEBT":76.278816041562,"ISSUED_COMMON_SHARES":526260404,"HK_COMMON_SHARES":526260404,"PER_SHARES":20000,"TOTAL_MARKET_CAP":33680665.856,"HKSK_MARKET_CAP":33680665.856,"PE_TTM":0.0364701589,"PB_TTM":-0.014399452873,"REPORT_DATE_SQ":"2020-06-30 00:00:00","REPORT_TYPE_SQ":"2020年中报","OPERATE_INCOME_SQ":262017523.68,"DPS_HKD":null,"OPERATE_INCOME_QOQ_SQ":-1.687019104507,"NET_PROFIT_RATIO_SQ":-280.077184004,"HOLDER_PROFIT_SQ":-376701742.56,"HOLDER_PROFIT_QOQ_SQ":-36.454313555522,"ROE_AVG_SQ":15.604936832773,"PE_TTM_SQ":-0.021266261858,"PB_TTM_SQ":-0.009171549503,"ROA_SQ":-6.121799917451,"START_DATE":"2021-01-01 00:00:00","FISCAL_YEAR":"12-31","CURRENCY":"HKD","IS_CNY_CODE":0,"DPS_HKD_LY":null,"ORG_TYPE":"一般企业","PREMIUM_INCOME":null,"PREMIUM_INCOME_YOY":null,"NET_INTEREST_INCOME":null,"NET_INTEREST_INCOME_YOY":null,"FEE_COMMISSION_INCOME":null,"FEE_COMMISSION_INCOME_YOY":null,"ACCOUNTS_RECE_TDAYS":4.31026525875,"INVENTORY_TDAYS":17.110322599722,"CURRENT_ASSETS_TDAYS":1.264583143876,"TOTAL_ASSETS_TDAYS":0.043020454447,"PREMIUM_EXPENSE":null,"LOAN_DEPOSIT":null,"LOAN_EQUITY":null,"LOAN_ASSETS":null,"DEPOSIT_EQUITY":null,"DEPOSIT_ASSETS":null,"EQUITY_MULTIPLIER":-5.891320658263,"EQUITY_RATIO":-3.368714418051},{"SECUCODE":"00061.HK","SECURITY_CODE":"00061","SECURITY_NAME_ABBR":"绿领控股","ORG_CODE":"10007350","STD_REPORT_DATE":"2020-12-31 00:00:00","REPORT_DATE":"2020-12-31 00:00:00","DATE_TYPE_CODE":"001","REPORT_TYPE":"2020年年报","PER_NETCASH_OPERATE":0.400902190316,"PER_OI":2.085140468672,"BPS":-4.191570609899,"BASIC_EPS":-0.5302332,"DILUTED_EPS":-0.5302332,"OPERATE_INCOME":1097326865.44,"OPERATE_INCOME_YOY":38.0762461107,"GROSS_PROFIT":107617981.88,"GROSS_PROFIT_YOY":19.961310416492,"HOLDER_PROFIT":-262896353.68,"HOLDER_PROFIT_YOY":55.0978221807,"GROSS_PROFIT_RATIO":9.80728580238,"EPS_TTM":-0.499555641431,"OPERATE_INCOME_QOQ":31.957206464199,"NET_PROFIT_RATIO":-50.6565444287,"ROE_AVG":12.309010294682,"GROSS_PROFIT_QOQ":58.766889238602,"ROA":-4.361225136753,"HOLDER_PROFIT_QOQ":69.082444979719,"ROE_YEARLY":12.309010294682,"ROIC_YEARLY":-5.441227679151,"TOTAL_ASSETS":5957322338.84,"TOTAL_LIABILITIES":7155807599.16,"TAX_EBT":22.564435059613,"OCF_SALES":19.226627478532,"TOTAL_PARENT_EQUITY":-2205857642.56,"DEBT_ASSET_RATIO":120.1178514801,"OPERATE_PROFIT":-413453966.72,"PRETAX_PROFIT":-717845697.32,"NETCASH_OPERATE":215125708.92,"NETCASH_INVEST":-212517466.56,"NETCASH_FINANCE":-16721703.52,"END_CASH":40480359.08,"DIVI_RATIO":null,"DIVIDEND_RATE":null,"CURRENT_RATIO":0.042089444315,"COMMON_ACS":2000000000000,"CURRENTDEBT_DEBT":76.872202421509,"ISSUED_COMMON_SHARES":526260404,"HK_COMMON_SHARES":526260404,"PER_SHARES":20000,"TOTAL_MARKET_CAP":34733186.664,"HKSK_MARKET_CAP":34733186.664,"PE_TTM":0.037609851365,"PB_TTM":-0.014849435775,"REPORT_DATE_SQ":"2019-12-31 00:00:00","REPORT_TYPE_SQ":"2019年年报","OPERATE_INCOME_SQ":845847431.24,"DPS_HKD":null,"OPERATE_INCOME_QOQ_SQ":5.502594553391,"NET_PROFIT_RATIO_SQ":-127.5984953265,"HOLDER_PROFIT_SQ":-623149357,"HOLDER_PROFIT_QOQ_SQ":50.988159579218,"ROE_AVG_SQ":32.484346201459,"PE_TTM_SQ":-0.022981282975,"PB_TTM_SQ":-0.009911190592,"ROA_SQ":-8.972556796904,"START_DATE":"2020-01-01 00:00:00","FISCAL_YEAR":"12-31","CURRENCY":"HKD","IS_CNY_CODE":0,"DPS_HKD_LY":null,"ORG_TYPE":"一般企业","PREMIUM_INCOME":null,"PREMIUM_INCOME_YOY":null,"NET_INTEREST_INCOME":null,"NET_INTEREST_INCOME_YOY":null,"FEE_COMMISSION_INCOME":null,"FEE_COMMISSION_INCOME_YOY":null,"ACCOUNTS_RECE_TDAYS":15.006946402776,"INVENTORY_TDAYS":103.428382954396,"CURRENT_ASSETS_TDAYS":5.527651059067,"TOTAL_ASSETS_TDAYS":0.182037120021,"PREMIUM_EXPENSE":null,"LOAN_DEPOSIT":null,"LOAN_EQUITY":null,"LOAN_ASSETS":null,"DEPOSIT_EQUITY":null,"DEPOSIT_ASSETS":null,"EQUITY_MULTIPLIER":-4.970709725088,"EQUITY_RATIO":-3.244002451063},{"SECUCODE":"00061.HK","SECURITY_CODE":"00061","SECURITY_NAME_ABBR":"绿领控股","ORG_CODE":"10007350","STD_REPORT_DATE":"2020-06-30 00:00:00","REPORT_DATE":"2020-06-30 00:00:00","DATE_TYPE_CODE":"002","REPORT_TYPE":"2020年中报","PER_NETCASH_OPERATE":0.000086438789,"PER_OI":0.024894284425,"BPS":-4.913921916421,"BASIC_EPS":-0.814971168,"DILUTED_EPS":-0.814971168,"OPERATE_INCOME":262017523.68,"OPERATE_INCOME_YOY":-8.6718839546,"GROSS_PROFIT":32359525.44,"GROSS_PROFIT_YOY":-40.391164053553,"HOLDER_PROFIT":-376701742.56,"HOLDER_PROFIT_YOY":-142.596209278,"GROSS_PROFIT_RATIO":12.350137878381,"EPS_TTM":-0.080788348385,"OPERATE_INCOME_QOQ":-1.687019104507,"NET_PROFIT_RATIO":-280.077184004,"ROE_AVG":15.604936832773,"GROSS_PROFIT_QOQ":-24.441858757962,"ROA":-6.121799917451,"HOLDER_PROFIT_QOQ":-36.454313555522,"ROE_YEARLY":31.209873665546,"ROIC_YEARLY":-15.426378235587,"TOTAL_ASSETS":5687856604.32,"TOTAL_LIABILITIES":7215792355.2,"TAX_EBT":17.834321293717,"OCF_SALES":0.347223432701,"TOTAL_PARENT_EQUITY":-2586002532.96,"DEBT_ASSET_RATIO":126.8631201026,"OPERATE_PROFIT":-733046561.28,"PRETAX_PROFIT":-893136055.68,"NETCASH_OPERATE":909786.24,"NETCASH_INVEST":-12701383.2,"NETCASH_FINANCE":-7876593.12,"END_CASH":21249354.72,"DIVI_RATIO":null,"DIVIDEND_RATE":null,"CURRENT_RATIO":0.193888587831,"COMMON_ACS":2000000000000,"CURRENTDEBT_DEBT":17.263082341087,"ISSUED_COMMON_SHARES":526260404,"HK_COMMON_SHARES":526260404,"PER_SHARES":20000,"TOTAL_MARKET_CAP":33680665.856,"HKSK_MARKET_CAP":33680665.856,"PE_TTM":0.0364701589,"PB_TTM":-0.014399452873,"REPORT_DATE_SQ":"2019-06-30 00:00:00","REPORT_TYPE_SQ":"2019年中报","OPERATE_INCOME_SQ":276287131.44,"DPS_HKD":null,"OPERATE_INCOME_QOQ_SQ":-8.921281938985,"NET_PROFIT_RATIO_SQ":-89.9389972109,"HOLDER_PROFIT_SQ":-149536922.04,"HOLDER_PROFIT_QOQ_SQ":-22.75738696151,"ROE_AVG_SQ":9.048686044491,"PE_TTM_SQ":-0.021266261858,"PB_TTM_SQ":-0.009171549503,"ROA_SQ":-2.077670336023,"START_DATE":"2020-01-01 00:00:00","FISCAL_YEAR":"12-31","CURRENCY":"HKD","IS_CNY_CODE":0,"DPS_HKD_LY":null,"ORG_TYPE":"一般企业","PREMIUM_INCOME":null,"PREMIUM_INCOME_YOY":null,"NET_INTEREST_INCOME":null,"NET_INTEREST_INCOME_YOY":null,"FEE_COMMISSION_INCOME":null,"FEE_COMMISSION_INCOME_YOY":null,"ACCOUNTS_RECE_TDAYS":6.717571017072,"INVENTORY_TDAYS":3.620798410092,"CURRENT_ASSETS_TDAYS":1.244309777163,"TOTAL_ASSETS_TDAYS":0.042580606183,"PREMIUM_EXPENSE":null,"LOAN_DEPOSIT":null,"LOAN_EQUITY":null,"LOAN_ASSETS":null,"DEPOSIT_EQUITY":null,"DEPOSIT_ASSETS":null,"EQUITY_MULTIPLIER":-3.72257576998,"EQUITY_RATIO":-2.790326870616}],"count":45},"success":true,"message":"ok","code":0}