{"version":"4b2b904d325e985a93c9bbb8af27557c","result":{"pages":6,"data":[{"SECUCODE":"00071.HK","SECURITY_CODE":"00071","SECURITY_NAME_ABBR":"美丽华酒店","ORG_CODE":"10007359","STD_REPORT_DATE":"2024-06-30 00:00:00","REPORT_DATE":"2024-06-30 00:00:00","DATE_TYPE_CODE":"002","REPORT_TYPE":"2024年中报","PER_NETCASH_OPERATE":0.614840092807,"PER_OI":1.850348033918,"BPS":27.301471888545,"BASIC_EPS":0.4928472,"DILUTED_EPS":0.4928472,"OPERATE_INCOME":1278515913.16,"OPERATE_INCOME_YOY":22.6550330752,"GROSS_PROFIT":447347363.96,"GROSS_PROFIT_YOY":5.239812540796,"HOLDER_PROFIT":340530947.48,"HOLDER_PROFIT_YOY":-1.8469899929,"GROSS_PROFIT_RATIO":34.989581228937,"EPS_TTM":1.267160788648,"OPERATE_INCOME_QOQ":9.749525375428,"NET_PROFIT_RATIO":28.5884796018,"ROE_AVG":1.813228181187,"GROSS_PROFIT_QOQ":2.543042412489,"ROA":1.680877153239,"HOLDER_PROFIT_QOQ":-1.122885577903,"ROE_YEARLY":3.626456362373,"ROIC_YEARLY":4.570297518699,"TOTAL_ASSETS":20465657039.92,"TOTAL_LIABILITIES":1428212774.08,"TAX_EBT":13.879958625702,"OCF_SALES":33.22834848023,"TOTAL_PARENT_EQUITY":18864216689.16,"DEBT_ASSET_RATIO":6.9785825654,"OPERATE_PROFIT":425305229.28,"PRETAX_PROFIT":424417191.64,"NETCASH_OPERATE":424829723,"NETCASH_INVEST":-2648166575.04,"NETCASH_FINANCE":-23792654.92,"END_CASH":465505132.56,"DIVI_RATIO":0.38020620928,"DIVIDEND_RATE":6.134259259259,"CURRENT_RATIO":6.690409235401,"COMMON_ACS":null,"CURRENTDEBT_DEBT":63.082992939926,"ISSUED_COMMON_SHARES":690959695,"HK_COMMON_SHARES":690959695,"PER_SHARES":1000,"TOTAL_MARKET_CAP":5969891764.8,"HKSK_MARKET_CAP":5969891764.8,"PE_TTM":6.153798018585,"PB_TTM":0.288832603319,"REPORT_DATE_SQ":"2023-06-30 00:00:00","REPORT_TYPE_SQ":"2023年中报","OPERATE_INCOME_SQ":1052988748.1,"DPS_HKD":0.53,"OPERATE_INCOME_QOQ_SQ":44.36330652373,"NET_PROFIT_RATIO_SQ":34.4296227547,"HOLDER_PROFIT_SQ":350474101.36,"HOLDER_PROFIT_QOQ_SQ":41.081854661374,"ROE_AVG_SQ":1.89975718789,"PE_TTM_SQ":10.694373693623,"PB_TTM_SQ":0.350082519523,"ROA_SQ":1.773586847653,"START_DATE":"2024-01-01 00:00:00","FISCAL_YEAR":"12-31","CURRENCY":"HKD","IS_CNY_CODE":0,"DPS_HKD_LY":0.53,"ORG_TYPE":"一般企业","PREMIUM_INCOME":null,"PREMIUM_INCOME_YOY":null,"NET_INTEREST_INCOME":null,"NET_INTEREST_INCOME_YOY":null,"FEE_COMMISSION_INCOME":null,"FEE_COMMISSION_INCOME_YOY":null,"ACCOUNTS_RECE_TDAYS":4.892787973727,"INVENTORY_TDAYS":7.749827675707,"CURRENT_ASSETS_TDAYS":0.2211885555,"TOTAL_ASSETS_TDAYS":0.063108161076,"PREMIUM_EXPENSE":null,"LOAN_DEPOSIT":null,"LOAN_EQUITY":null,"LOAN_ASSETS":null,"DEPOSIT_EQUITY":null,"DEPOSIT_ASSETS":null,"EQUITY_MULTIPLIER":1.075021245191,"EQUITY_RATIO":0.075710155243},{"SECUCODE":"00071.HK","SECURITY_CODE":"00071","SECURITY_NAME_ABBR":"美丽华酒店","ORG_CODE":"10007359","STD_REPORT_DATE":"2023-12-31 00:00:00","REPORT_DATE":"2023-12-31 00:00:00","DATE_TYPE_CODE":"001","REPORT_TYPE":"2023年年报","PER_NETCASH_OPERATE":0.854741216099,"PER_OI":3.347824412074,"BPS":26.86724983801,"BASIC_EPS":1.2777702,"DILUTED_EPS":1.2777702,"OPERATE_INCOME":2313211734.68,"OPERATE_INCOME_YOY":84.6720266005,"GROSS_PROFIT":875844411.82,"GROSS_PROFIT_YOY":44.360313424128,"HOLDER_PROFIT":885500185.92,"HOLDER_PROFIT_YOY":103.5259027211,"GROSS_PROFIT_RATIO":37.862699669434,"EPS_TTM":1.28155114159,"OPERATE_INCOME_QOQ":29.77624039482,"NET_PROFIT_RATIO":39.8538506319,"ROE_AVG":4.831152950665,"GROSS_PROFIT_QOQ":13.57987695303,"ROA":4.522091100604,"HOLDER_PROFIT_QOQ":46.352256683675,"ROE_YEARLY":4.831152950665,"ROIC_YEARLY":6.122400260902,"TOTAL_ASSETS":19910652960.66,"TOTAL_LIABILITIES":1177429896.72,"TAX_EBT":9.824800889957,"OCF_SALES":25.531243903261,"TOTAL_PARENT_EQUITY":18564186753.56,"DEBT_ASSET_RATIO":5.9135674709,"OPERATE_PROFIT":1024243374.14,"PRETAX_PROFIT":1022347561.9,"NETCASH_OPERATE":590591729.98,"NETCASH_INVEST":-1493220380.12,"NETCASH_FINANCE":-44877826.84,"END_CASH":2700842808.58,"DIVI_RATIO":0.37593692859,"DIVIDEND_RATE":6.015891032917,"CURRENT_RATIO":8.1703630323,"COMMON_ACS":null,"CURRENTDEBT_DEBT":57.10449511882,"ISSUED_COMMON_SHARES":690959695,"HK_COMMON_SHARES":690959695,"PER_SHARES":1000,"TOTAL_MARKET_CAP":6087354912.95,"HKSK_MARKET_CAP":6087354912.95,"PE_TTM":6.274879692562,"PB_TTM":0.294515652227,"REPORT_DATE_SQ":"2022-12-31 00:00:00","REPORT_TYPE_SQ":"2022年年报","OPERATE_INCOME_SQ":1234705485.37,"DPS_HKD":0.53,"OPERATE_INCOME_QOQ_SQ":18.818785901796,"NET_PROFIT_RATIO_SQ":35.3443093086,"HOLDER_PROFIT_SQ":428862500.08,"HOLDER_PROFIT_QOQ_SQ":37.094908079283,"ROE_AVG_SQ":2.409685600635,"PE_TTM_SQ":10.652269860184,"PB_TTM_SQ":0.348704241887,"ROA_SQ":2.268544743979,"START_DATE":"2023-01-01 00:00:00","FISCAL_YEAR":"12-31","CURRENCY":"HKD","IS_CNY_CODE":0,"DPS_HKD_LY":0.52,"ORG_TYPE":"一般企业","PREMIUM_INCOME":null,"PREMIUM_INCOME_YOY":null,"NET_INTEREST_INCOME":null,"NET_INTEREST_INCOME_YOY":null,"FEE_COMMISSION_INCOME":null,"FEE_COMMISSION_INCOME_YOY":null,"ACCOUNTS_RECE_TDAYS":10.269301250576,"INVENTORY_TDAYS":13.207317631679,"CURRENT_ASSETS_TDAYS":0.431101716076,"TOTAL_ASSETS_TDAYS":0.118131586707,"PREMIUM_EXPENSE":null,"LOAN_DEPOSIT":null,"LOAN_EQUITY":null,"LOAN_ASSETS":null,"DEPOSIT_EQUITY":null,"DEPOSIT_ASSETS":null,"EQUITY_MULTIPLIER":1.062852499685,"EQUITY_RATIO":0.063424803486},{"SECUCODE":"00071.HK","SECURITY_CODE":"00071","SECURITY_NAME_ABBR":"美丽华酒店","ORG_CODE":"10007359","STD_REPORT_DATE":"2023-06-30 00:00:00","REPORT_DATE":"2023-06-30 00:00:00","DATE_TYPE_CODE":"002","REPORT_TYPE":"2023年中报","PER_NETCASH_OPERATE":0.710904057204,"PER_OI":1.523951043338,"BPS":26.757453679118,"BASIC_EPS":0.507089,"DILUTED_EPS":0.507089,"OPERATE_INCOME":1052988748.1,"OPERATE_INCOME_YOY":93.3185394323,"GROSS_PROFIT":425074269.1,"GROSS_PROFIT_YOY":63.079225091313,"HOLDER_PROFIT":350474101.36,"HOLDER_PROFIT_YOY":86.5202500466,"GROSS_PROFIT_RATIO":40.368358148841,"EPS_TTM":0.875662029838,"OPERATE_INCOME_QOQ":44.36330652373,"NET_PROFIT_RATIO":34.4296227547,"ROE_AVG":1.89975718789,"GROSS_PROFIT_QOQ":27.100255165646,"ROA":1.773586847653,"HOLDER_PROFIT_QOQ":41.081854661374,"ROE_YEARLY":3.799514375781,"ROIC_YEARLY":4.799570259348,"TOTAL_ASSETS":19934030006.16,"TOTAL_LIABILITIES":1300695270.74,"TAX_EBT":13.330232886193,"OCF_SALES":46.648746382744,"TOTAL_PARENT_EQUITY":18488322033.1,"DEBT_ASSET_RATIO":6.5249990611,"OPERATE_PROFIT":419277780.84,"PRETAX_PROFIT":418300482.04,"NETCASH_OPERATE":491206050.54,"NETCASH_INVEST":-3379455917.34,"NETCASH_FINANCE":-22371844.7,"END_CASH":797910995.36,"DIVI_RATIO":0.550192178698,"DIVIDEND_RATE":6.015891032917,"CURRENT_RATIO":6.621655001146,"COMMON_ACS":null,"CURRENTDEBT_DEBT":63.99395220884,"ISSUED_COMMON_SHARES":690959695,"HK_COMMON_SHARES":690959695,"PER_SHARES":1000,"TOTAL_MARKET_CAP":6087354912.95,"HKSK_MARKET_CAP":6087354912.95,"PE_TTM":6.274879692562,"PB_TTM":0.294515652227,"REPORT_DATE_SQ":"2022-06-30 00:00:00","REPORT_TYPE_SQ":"2022年中报","OPERATE_INCOME_SQ":505232568.96,"DPS_HKD":0.53,"OPERATE_INCOME_QOQ_SQ":1.920659262979,"NET_PROFIT_RATIO_SQ":35.2399523345,"HOLDER_PROFIT_SQ":174289432.38,"HOLDER_PROFIT_QOQ_SQ":15.957061965332,"ROE_AVG_SQ":1.025418609958,"PE_TTM_SQ":10.652269860184,"PB_TTM_SQ":0.348704241887,"ROA_SQ":0.963182156257,"START_DATE":"2023-01-01 00:00:00","FISCAL_YEAR":"12-31","CURRENCY":"HKD","IS_CNY_CODE":0,"DPS_HKD_LY":0.52,"ORG_TYPE":"一般企业","PREMIUM_INCOME":null,"PREMIUM_INCOME_YOY":null,"NET_INTEREST_INCOME":null,"NET_INTEREST_INCOME_YOY":null,"FEE_COMMISSION_INCOME":null,"FEE_COMMISSION_INCOME_YOY":null,"ACCOUNTS_RECE_TDAYS":5.092988358896,"INVENTORY_TDAYS":5.795849591299,"CURRENT_ASSETS_TDAYS":0.194262272566,"TOTAL_ASSETS_TDAYS":0.053286875895,"PREMIUM_EXPENSE":null,"LOAN_DEPOSIT":null,"LOAN_EQUITY":null,"LOAN_ASSETS":null,"DEPOSIT_EQUITY":null,"DEPOSIT_ASSETS":null,"EQUITY_MULTIPLIER":1.069804749886,"EQUITY_RATIO":0.070352261736},{"SECUCODE":"00071.HK","SECURITY_CODE":"00071","SECURITY_NAME_ABBR":"美丽华酒店","ORG_CODE":"10007359","STD_REPORT_DATE":"2022-12-31 00:00:00","REPORT_DATE":"2022-12-31 00:00:00","DATE_TYPE_CODE":"001","REPORT_TYPE":"2022年年报","PER_NETCASH_OPERATE":0.347029135918,"PER_OI":1.786942848193,"BPS":25.812178981409,"BASIC_EPS":0.6163563,"DILUTED_EPS":0.6163563,"OPERATE_INCOME":1234705485.37,"OPERATE_INCOME_YOY":10.8422846374,"GROSS_PROFIT":606707197.46,"GROSS_PROFIT_YOY":7.660513959681,"HOLDER_PROFIT":428862500.08,"HOLDER_PROFIT_YOY":45.5045793707,"GROSS_PROFIT_RATIO":49.137806922287,"EPS_TTM":0.620676579522,"OPERATE_INCOME_QOQ":18.818785901796,"NET_PROFIT_RATIO":35.3443093086,"ROE_AVG":2.409685600635,"GROSS_PROFIT_QOQ":10.166814505836,"ROA":2.268544743979,"HOLDER_PROFIT_QOQ":37.094908079283,"ROE_YEARLY":2.409685600635,"ROIC_YEARLY":3.060146126019,"TOTAL_ASSETS":18977530082.7,"TOTAL_LIABILITIES":1003962231.86,"TAX_EBT":15.796694536799,"OCF_SALES":19.420270562591,"TOTAL_PARENT_EQUITY":17835175316.28,"DEBT_ASSET_RATIO":5.2902681618,"OPERATE_PROFIT":520019810.31,"PRETAX_PROFIT":518267214.57,"NETCASH_OPERATE":239783145.91,"NETCASH_INVEST":764430094.82,"NETCASH_FINANCE":-33984457.15,"END_CASH":3598048683.04,"DIVI_RATIO":0.776221329909,"DIVIDEND_RATE":6.015891032917,"CURRENT_RATIO":9.24227389305,"COMMON_ACS":null,"CURRENTDEBT_DEBT":55.64569657217,"ISSUED_COMMON_SHARES":690959695,"HK_COMMON_SHARES":690959695,"PER_SHARES":1000,"TOTAL_MARKET_CAP":6087354912.95,"HKSK_MARKET_CAP":6087354912.95,"PE_TTM":6.274879692562,"PB_TTM":0.294515652227,"REPORT_DATE_SQ":"2021-12-31 00:00:00","REPORT_TYPE_SQ":"2021年年报","OPERATE_INCOME_SQ":1019567640,"DPS_HKD":0.53,"OPERATE_INCOME_QOQ_SQ":14.166250042292,"NET_PROFIT_RATIO_SQ":26.9163007959,"HOLDER_PROFIT_SQ":269773660.8,"HOLDER_PROFIT_QOQ_SQ":11.393781586686,"ROE_AVG_SQ":1.660904231322,"PE_TTM_SQ":10.652269860184,"PB_TTM_SQ":0.348704241887,"ROA_SQ":1.566466699147,"START_DATE":"2022-01-01 00:00:00","FISCAL_YEAR":"12-31","CURRENCY":"HKD","IS_CNY_CODE":0,"DPS_HKD_LY":0.47,"ORG_TYPE":"一般企业","PREMIUM_INCOME":null,"PREMIUM_INCOME_YOY":null,"NET_INTEREST_INCOME":null,"NET_INTEREST_INCOME_YOY":null,"FEE_COMMISSION_INCOME":null,"FEE_COMMISSION_INCOME_YOY":null,"ACCOUNTS_RECE_TDAYS":7.274746847435,"INVENTORY_TDAYS":5.685462316373,"CURRENT_ASSETS_TDAYS":0.242831283916,"TOTAL_ASSETS_TDAYS":0.065311950536,"PREMIUM_EXPENSE":null,"LOAN_DEPOSIT":null,"LOAN_EQUITY":null,"LOAN_ASSETS":null,"DEPOSIT_EQUITY":null,"DEPOSIT_ASSETS":null,"EQUITY_MULTIPLIER":1.055857703946,"EQUITY_RATIO":0.056291133339},{"SECUCODE":"00071.HK","SECURITY_CODE":"00071","SECURITY_NAME_ABBR":"美丽华酒店","ORG_CODE":"10007359","STD_REPORT_DATE":"2022-06-30 00:00:00","REPORT_DATE":"2022-06-30 00:00:00","DATE_TYPE_CODE":"002","REPORT_TYPE":"2022年中报","PER_NETCASH_OPERATE":0.299192863688,"PER_OI":0.731204110191,"BPS":24.590708696547,"BASIC_EPS":0.2480051,"DILUTED_EPS":0.2480051,"OPERATE_INCOME":505232568.96,"OPERATE_INCOME_YOY":1.2209204705,"GROSS_PROFIT":260655070.48,"GROSS_PROFIT_YOY":-4.687988243332,"HOLDER_PROFIT":174289432.38,"HOLDER_PROFIT_YOY":29.2118660724,"GROSS_PROFIT_RATIO":51.591106055682,"EPS_TTM":0.452734961654,"OPERATE_INCOME_QOQ":1.920659262979,"NET_PROFIT_RATIO":35.2399523345,"ROE_AVG":1.025418609958,"GROSS_PROFIT_QOQ":-2.275005007086,"ROA":0.963182156257,"HOLDER_PROFIT_QOQ":15.957061965332,"ROE_YEARLY":2.050837219915,"ROIC_YEARLY":2.602712592472,"TOTAL_ASSETS":18161189413.22,"TOTAL_LIABILITIES":1033361139.79,"TAX_EBT":17.347392491901,"OCF_SALES":40.917831220886,"TOTAL_PARENT_EQUITY":16991188580.8,"DEBT_ASSET_RATIO":5.6899419761,"OPERATE_PROFIT":216121906.42,"PRETAX_PROFIT":215412098.72,"NETCASH_OPERATE":206730209.84,"NETCASH_INVEST":-1358711333.77,"NETCASH_FINANCE":-16188746.7,"END_CASH":1356621249.41,"DIVI_RATIO":1.064159918731,"DIVIDEND_RATE":6.015891032917,"CURRENT_RATIO":7.972770548247,"COMMON_ACS":null,"CURRENTDEBT_DEBT":60.186983641207,"ISSUED_COMMON_SHARES":690959695,"HK_COMMON_SHARES":690959695,"PER_SHARES":1000,"TOTAL_MARKET_CAP":6087354912.95,"HKSK_MARKET_CAP":6087354912.95,"PE_TTM":6.274879692562,"PB_TTM":0.294515652227,"REPORT_DATE_SQ":"2021-06-30 00:00:00","REPORT_TYPE_SQ":"2021年中报","OPERATE_INCOME_SQ":485650148.64,"DPS_HKD":0.53,"OPERATE_INCOME_QOQ_SQ":-19.284552432784,"NET_PROFIT_RATIO_SQ":27.558433192,"HOLDER_PROFIT_SQ":131241482.16,"HOLDER_PROFIT_QOQ_SQ":-4.687347577549,"ROE_AVG_SQ":0.795013913386,"PE_TTM_SQ":10.652269860184,"PB_TTM_SQ":0.348704241887,"ROA_SQ":0.74608800709,"START_DATE":"2022-01-01 00:00:00","FISCAL_YEAR":"12-31","CURRENCY":"HKD","IS_CNY_CODE":0,"DPS_HKD_LY":0.47,"ORG_TYPE":"一般企业","PREMIUM_INCOME":null,"PREMIUM_INCOME_YOY":null,"NET_INTEREST_INCOME":null,"NET_INTEREST_INCOME_YOY":null,"FEE_COMMISSION_INCOME":null,"FEE_COMMISSION_INCOME_YOY":null,"ACCOUNTS_RECE_TDAYS":3.368949284763,"INVENTORY_TDAYS":2.282858921758,"CURRENT_ASSETS_TDAYS":0.103624763657,"TOTAL_ASSETS_TDAYS":0.027920854898,"PREMIUM_EXPENSE":null,"LOAN_DEPOSIT":null,"LOAN_EQUITY":null,"LOAN_ASSETS":null,"DEPOSIT_EQUITY":null,"DEPOSIT_ASSETS":null,"EQUITY_MULTIPLIER":1.060332292179,"EQUITY_RATIO":0.060817472237},{"SECUCODE":"00071.HK","SECURITY_CODE":"00071","SECURITY_NAME_ABBR":"美丽华酒店","ORG_CODE":"10007359","STD_REPORT_DATE":"2021-12-31 00:00:00","REPORT_DATE":"2021-12-31 00:00:00","DATE_TYPE_CODE":"001","REPORT_TYPE":"2021年年报","PER_NETCASH_OPERATE":0.239059596088,"PER_OI":1.475581929565,"BPS":23.525641020205,"BASIC_EPS":0.392448,"DILUTED_EPS":0.392448,"OPERATE_INCOME":1019567640,"OPERATE_INCOME_YOY":-5.140707665,"GROSS_PROFIT":563537340.8,"GROSS_PROFIT_YOY":6.995870812744,"HOLDER_PROFIT":269773660.8,"HOLDER_PROFIT_YOY":9.2941679171,"GROSS_PROFIT_RATIO":55.272187806981,"EPS_TTM":0.390433281061,"OPERATE_INCOME_QOQ":14.166250042292,"NET_PROFIT_RATIO":26.9163007959,"ROE_AVG":1.660904231322,"GROSS_PROFIT_QOQ":15.451082060025,"ROA":1.566466699147,"HOLDER_PROFIT_QOQ":11.393781586686,"ROE_YEARLY":1.660904231322,"ROIC_YEARLY":2.093541639324,"TOTAL_ASSETS":17236673451.2,"TOTAL_LIABILITIES":850182177.6,"TAX_EBT":20.604174009306,"OCF_SALES":16.201038471562,"TOTAL_PARENT_EQUITY":16255269744,"DEBT_ASSET_RATIO":4.9324028793,"OPERATE_PROFIT":347327926.4,"PRETAX_PROFIT":345647758.4,"NETCASH_OPERATE":165180545.6,"NETCASH_INVEST":-1207481553.6,"NETCASH_FINANCE":-43722795.2,"END_CASH":2415484736,"DIVI_RATIO":1.233968576373,"DIVIDEND_RATE":6.015891032917,"CURRENT_RATIO":10.636113799844,"COMMON_ACS":null,"CURRENTDEBT_DEBT":50.669759417455,"ISSUED_COMMON_SHARES":690959695,"HK_COMMON_SHARES":690959695,"PER_SHARES":1000,"TOTAL_MARKET_CAP":6087354912.95,"HKSK_MARKET_CAP":6087354912.95,"PE_TTM":6.274879692562,"PB_TTM":0.294515652227,"REPORT_DATE_SQ":"2020-12-31 00:00:00","REPORT_TYPE_SQ":"2020年年报","OPERATE_INCOME_SQ":1106424152.2,"DPS_HKD":0.53,"OPERATE_INCOME_QOQ_SQ":-45.931797003851,"NET_PROFIT_RATIO_SQ":23.5005191674,"HOLDER_PROFIT_SQ":254090274.36,"HOLDER_PROFIT_QOQ_SQ":-59.020921493436,"ROE_AVG_SQ":1.519670217886,"PE_TTM_SQ":10.652269860184,"PB_TTM_SQ":0.348704241887,"ROA_SQ":1.419447286836,"START_DATE":"2021-01-01 00:00:00","FISCAL_YEAR":"12-31","CURRENCY":"HKD","IS_CNY_CODE":0,"DPS_HKD_LY":0.48,"ORG_TYPE":"一般企业","PREMIUM_INCOME":null,"PREMIUM_INCOME_YOY":null,"NET_INTEREST_INCOME":null,"NET_INTEREST_INCOME_YOY":null,"FEE_COMMISSION_INCOME":null,"FEE_COMMISSION_INCOME_YOY":null,"ACCOUNTS_RECE_TDAYS":7.317255644061,"INVENTORY_TDAYS":4.457286472318,"CURRENT_ASSETS_TDAYS":0.226366298346,"TOTAL_ASSETS_TDAYS":0.059202175292,"PREMIUM_EXPENSE":null,"LOAN_DEPOSIT":null,"LOAN_EQUITY":null,"LOAN_ASSETS":null,"DEPOSIT_EQUITY":null,"DEPOSIT_ASSETS":null,"EQUITY_MULTIPLIER":1.05188311295,"EQUITY_RATIO":0.052301942139},{"SECUCODE":"00071.HK","SECURITY_CODE":"00071","SECURITY_NAME_ABBR":"美丽华酒店","ORG_CODE":"10007359","STD_REPORT_DATE":"2021-06-30 00:00:00","REPORT_DATE":"2021-06-30 00:00:00","DATE_TYPE_CODE":"002","REPORT_TYPE":"2021年中报","PER_NETCASH_OPERATE":0.326762786822,"PER_OI":0.702863209177,"BPS":23.878128267496,"BASIC_EPS":0.1913784,"DILUTED_EPS":0.1913784,"OPERATE_INCOME":485650148.64,"OPERATE_INCOME_YOY":-23.7307581737,"GROSS_PROFIT":273475573.2,"GROSS_PROFIT_YOY":-12.361184618284,"HOLDER_PROFIT":131241482.16,"HOLDER_PROFIT_YOY":0.6444737967,"GROSS_PROFIT_RATIO":56.311230206731,"EPS_TTM":0.350498273333,"OPERATE_INCOME_QOQ":-19.284552432784,"NET_PROFIT_RATIO":27.558433192,"ROE_AVG":0.795013913386,"GROSS_PROFIT_QOQ":-7.323631010132,"ROA":0.74608800709,"HOLDER_PROFIT_QOQ":-4.687347577549,"ROE_YEARLY":1.590027826772,"ROIC_YEARLY":1.99686967981,"TOTAL_ASSETS":17669579090.64,"TOTAL_LIABILITIES":1042089503.28,"TAX_EBT":22.920959564497,"OCF_SALES":46.490239146898,"TOTAL_PARENT_EQUITY":16498824224.88,"DEBT_ASSET_RATIO":5.897647578,"OPERATE_PROFIT":174393150.96,"PRETAX_PROFIT":173636790.24,"NETCASH_OPERATE":225779915.52,"NETCASH_INVEST":-2321096312.88,"NETCASH_FINANCE":-25564825.92,"END_CASH":1438523202.24,"DIVI_RATIO":1.374564260814,"DIVIDEND_RATE":6.015891032917,"CURRENT_RATIO":7.796520715288,"COMMON_ACS":null,"CURRENTDEBT_DEBT":58.185742312105,"ISSUED_COMMON_SHARES":690959695,"HK_COMMON_SHARES":690959695,"PER_SHARES":1000,"TOTAL_MARKET_CAP":6087354912.95,"HKSK_MARKET_CAP":6087354912.95,"PE_TTM":6.274879692562,"PB_TTM":0.294515652227,"REPORT_DATE_SQ":"2020-06-30 00:00:00","REPORT_TYPE_SQ":"2020年中报","OPERATE_INCOME_SQ":699019094.4,"DPS_HKD":0.53,"OPERATE_INCOME_QOQ_SQ":-25.386888978902,"NET_PROFIT_RATIO_SQ":20.9688210543,"HOLDER_PROFIT_SQ":143151576.48,"HOLDER_PROFIT_QOQ_SQ":-46.268112736272,"ROE_AVG_SQ":0.789923125934,"PE_TTM_SQ":10.652269860184,"PB_TTM_SQ":0.348704241887,"ROA_SQ":0.732356498173,"START_DATE":"2021-01-01 00:00:00","FISCAL_YEAR":"12-31","CURRENCY":"HKD","IS_CNY_CODE":0,"DPS_HKD_LY":0.48,"ORG_TYPE":"一般企业","PREMIUM_INCOME":null,"PREMIUM_INCOME_YOY":null,"NET_INTEREST_INCOME":null,"NET_INTEREST_INCOME_YOY":null,"FEE_COMMISSION_INCOME":null,"FEE_COMMISSION_INCOME_YOY":null,"ACCOUNTS_RECE_TDAYS":3.498204920735,"INVENTORY_TDAYS":2.068321369185,"CURRENT_ASSETS_TDAYS":0.105209801132,"TOTAL_ASSETS_TDAYS":0.027608477562,"PREMIUM_EXPENSE":null,"LOAN_DEPOSIT":null,"LOAN_EQUITY":null,"LOAN_ASSETS":null,"DEPOSIT_EQUITY":null,"DEPOSIT_ASSETS":null,"EQUITY_MULTIPLIER":1.062672690174,"EQUITY_RATIO":0.06316144042},{"SECUCODE":"00071.HK","SECURITY_CODE":"00071","SECURITY_NAME_ABBR":"美丽华酒店","ORG_CODE":"10007359","STD_REPORT_DATE":"2020-12-31 00:00:00","REPORT_DATE":"2020-12-31 00:00:00","DATE_TYPE_CODE":"001","REPORT_TYPE":"2020年年报","PER_NETCASH_OPERATE":-0.134988172414,"PER_OI":1.601286095566,"BPS":24.179550985995,"BASIC_EPS":0.3703216,"DILUTED_EPS":0.3703216,"OPERATE_INCOME":1106424152.2,"OPERATE_INCOME_YOY":-57.0629623242,"GROSS_PROFIT":526690737.24,"GROSS_PROFIT_YOY":-49.483913822675,"HOLDER_PROFIT":254090274.36,"HOLDER_PROFIT_YOY":-76.5647669238,"GROSS_PROFIT_RATIO":47.602968191966,"EPS_TTM":0.367735305255,"OPERATE_INCOME_QOQ":-45.931797003851,"NET_PROFIT_RATIO":23.5005191674,"ROE_AVG":1.519670217886,"GROSS_PROFIT_QOQ":-34.978957459783,"ROA":1.419447286836,"HOLDER_PROFIT_QOQ":-59.020921493436,"ROE_YEARLY":1.519670217886,"ROIC_YEARLY":1.891413284162,"TOTAL_ASSETS":17712850766.32,"TOTAL_LIABILITIES":881601908.84,"TAX_EBT":24.336219247866,"OCF_SALES":-8.429984672202,"TOTAL_PARENT_EQUITY":16707095174.52,"DEBT_ASSET_RATIO":4.977188147,"OPERATE_PROFIT":346270053.72,"PRETAX_PROFIT":343645820.2,"NETCASH_OPERATE":-93271386.44,"NETCASH_INVEST":-393450708.84,"NETCASH_FINANCE":-58743947.08,"END_CASH":3598942695.48,"DIVI_RATIO":1.310133656232,"DIVIDEND_RATE":6.015891032917,"CURRENT_RATIO":10.509345177547,"COMMON_ACS":null,"CURRENTDEBT_DEBT":49.178171250839,"ISSUED_COMMON_SHARES":690959695,"HK_COMMON_SHARES":690959695,"PER_SHARES":1000,"TOTAL_MARKET_CAP":6087354912.95,"HKSK_MARKET_CAP":6087354912.95,"PE_TTM":6.274879692562,"PB_TTM":0.294515652227,"REPORT_DATE_SQ":"2019-12-31 00:00:00","REPORT_TYPE_SQ":"2019年年报","OPERATE_INCOME_SQ":2742613209.12,"DPS_HKD":0.53,"OPERATE_INCOME_QOQ_SQ":-3.740348719985,"NET_PROFIT_RATIO_SQ":43.6630059601,"HOLDER_PROFIT_SQ":1153967982.06,"HOLDER_PROFIT_QOQ_SQ":-16.289805906618,"ROE_AVG_SQ":6.621859109921,"PE_TTM_SQ":10.652269860184,"PB_TTM_SQ":0.348704241887,"ROA_SQ":6.146019580354,"START_DATE":"2020-01-01 00:00:00","FISCAL_YEAR":"12-31","CURRENCY":"HKD","IS_CNY_CODE":0,"DPS_HKD_LY":0.56,"ORG_TYPE":"一般企业","PREMIUM_INCOME":null,"PREMIUM_INCOME_YOY":null,"NET_INTEREST_INCOME":null,"NET_INTEREST_INCOME_YOY":null,"FEE_COMMISSION_INCOME":null,"FEE_COMMISSION_INCOME_YOY":null,"ACCOUNTS_RECE_TDAYS":6.528111592245,"INVENTORY_TDAYS":5.757100111997,"CURRENT_ASSETS_TDAYS":0.237535787885,"TOTAL_ASSETS_TDAYS":0.061809164671,"PREMIUM_EXPENSE":null,"LOAN_DEPOSIT":null,"LOAN_EQUITY":null,"LOAN_ASSETS":null,"DEPOSIT_EQUITY":null,"DEPOSIT_ASSETS":null,"EQUITY_MULTIPLIER":1.052378876713,"EQUITY_RATIO":0.052768114363},{"SECUCODE":"00071.HK","SECURITY_CODE":"00071","SECURITY_NAME_ABBR":"美丽华酒店","ORG_CODE":"10007359","STD_REPORT_DATE":"2020-06-30 00:00:00","REPORT_DATE":"2020-06-30 00:00:00","DATE_TYPE_CODE":"002","REPORT_TYPE":"2020年中报","PER_NETCASH_OPERATE":-0.005293237488,"PER_OI":1.011664065876,"BPS":26.172073006719,"BASIC_EPS":0.2100912,"DILUTED_EPS":0.2100912,"OPERATE_INCOME":699019094.4,"OPERATE_INCOME_YOY":-51.753982254,"GROSS_PROFIT":312048459.36,"GROSS_PROFIT_YOY":-42.705250030082,"HOLDER_PROFIT":143151576.48,"HOLDER_PROFIT_YOY":-79.6391042697,"GROSS_PROFIT_RATIO":44.640906358623,"EPS_TTM":0.897373290609,"OPERATE_INCOME_QOQ":-25.386888978902,"NET_PROFIT_RATIO":20.9688210543,"ROE_AVG":0.789923125934,"GROSS_PROFIT_QOQ":-22.308095650605,"ROA":0.732356498173,"HOLDER_PROFIT_QOQ":-46.268112736272,"ROE_YEARLY":1.579846251867,"ROIC_YEARLY":1.955499432723,"TOTAL_ASSETS":19461847637.76,"TOTAL_LIABILITIES":1259953464,"TAX_EBT":22.236760486935,"OCF_SALES":-0.523220866111,"TOTAL_PARENT_EQUITY":18083847582.24,"DEBT_ASSET_RATIO":6.4739663338,"OPERATE_PROFIT":190164506.4,"PRETAX_PROFIT":188490170.88,"NETCASH_OPERATE":-3657413.76,"NETCASH_INVEST":-938441766.24,"NETCASH_FINANCE":-30266834.4,"END_CASH":3517176970.56,"DIVI_RATIO":0.536880699528,"DIVIDEND_RATE":6.015891032917,"CURRENT_RATIO":6.532576631217,"COMMON_ACS":null,"CURRENTDEBT_DEBT":62.30057635843,"ISSUED_COMMON_SHARES":690959695,"HK_COMMON_SHARES":690959695,"PER_SHARES":1000,"TOTAL_MARKET_CAP":6087354912.95,"HKSK_MARKET_CAP":6087354912.95,"PE_TTM":6.274879692562,"PB_TTM":0.294515652227,"REPORT_DATE_SQ":"2019-06-30 00:00:00","REPORT_TYPE_SQ":"2019年中报","OPERATE_INCOME_SQ":1395283264.92,"DPS_HKD":0.53,"OPERATE_INCOME_QOQ_SQ":1.646446671165,"NET_PROFIT_RATIO_SQ":50.2568464003,"HOLDER_PROFIT_SQ":677070783.36,"HOLDER_PROFIT_QOQ_SQ":-3.130790103662,"ROE_AVG_SQ":3.991113930769,"PE_TTM_SQ":10.652269860184,"PB_TTM_SQ":0.348704241887,"ROA_SQ":3.681354688171,"START_DATE":"2020-01-01 00:00:00","FISCAL_YEAR":"12-31","CURRENCY":"HKD","IS_CNY_CODE":0,"DPS_HKD_LY":0.56,"ORG_TYPE":"一般企业","PREMIUM_INCOME":null,"PREMIUM_INCOME_YOY":null,"NET_INTEREST_INCOME":null,"NET_INTEREST_INCOME_YOY":null,"FEE_COMMISSION_INCOME":null,"FEE_COMMISSION_INCOME_YOY":null,"ACCOUNTS_RECE_TDAYS":3.23667492831,"INVENTORY_TDAYS":3.681449843362,"CURRENT_ASSETS_TDAYS":0.135820289698,"TOTAL_ASSETS_TDAYS":0.035761476661,"PREMIUM_EXPENSE":null,"LOAN_DEPOSIT":null,"LOAN_EQUITY":null,"LOAN_ASSETS":null,"DEPOSIT_EQUITY":null,"DEPOSIT_ASSETS":null,"EQUITY_MULTIPLIER":1.069221008098,"EQUITY_RATIO":0.069672864598}],"count":47},"success":true,"message":"ok","code":0}