{"version":"3d4ec4c2b79fda7b2920639abeec1bce","result":{"pages":6,"data":[{"SECUCODE":"00075.HK","SECURITY_CODE":"00075","SECURITY_NAME_ABBR":"渝太地产","ORG_CODE":"10007360","STD_REPORT_DATE":"2024-06-30 00:00:00","REPORT_DATE":"2024-06-30 00:00:00","DATE_TYPE_CODE":"002","REPORT_TYPE":"2024年中报","PER_NETCASH_OPERATE":-1.256025747644,"PER_OI":3.108799761478,"BPS":1.174925769802,"BASIC_EPS":0.01551556,"DILUTED_EPS":0.01551556,"OPERATE_INCOME":2485663901.04,"OPERATE_INCOME_YOY":137.191924523,"GROSS_PROFIT":533510744.72,"GROSS_PROFIT_YOY":130.703568482591,"HOLDER_PROFIT":12067454.96,"HOLDER_PROFIT_YOY":111.2885048835,"GROSS_PROFIT_RATIO":21.463510995866,"EPS_TTM":0.116045879857,"OPERATE_INCOME_QOQ":21.647334786682,"NET_PROFIT_RATIO":0.5747797485,"ROE_AVG":1.284689632121,"GROSS_PROFIT_QOQ":31.053667918083,"ROA":0.081203337407,"HOLDER_PROFIT_QOQ":440.224685728195,"ROE_YEARLY":2.569379264243,"ROIC_YEARLY":0.169600175475,"TOTAL_ASSETS":15150398557.36,"TOTAL_LIABILITIES":14408094921.72,"TAX_EBT":90.100550180232,"OCF_SALES":-40.402272388468,"TOTAL_PARENT_EQUITY":939420611.32,"DEBT_ASSET_RATIO":95.1004349303,"OPERATE_PROFIT":240582448,"PRETAX_PROFIT":144322088.4,"NETCASH_OPERATE":-1004264699.96,"NETCASH_INVEST":1927580.16,"NETCASH_FINANCE":970333082.92,"END_CASH":86576824.8,"DIVI_RATIO":null,"DIVIDEND_RATE":null,"CURRENT_RATIO":1.198009721681,"COMMON_ACS":1500000000,"CURRENTDEBT_DEBT":82.507508434855,"ISSUED_COMMON_SHARES":799557415,"HK_COMMON_SHARES":799557415,"PER_SHARES":2000,"TOTAL_MARKET_CAP":175902631.3,"HKSK_MARKET_CAP":175902631.3,"PE_TTM":1.754534704157,"PB_TTM":0.170895562222,"REPORT_DATE_SQ":"2023-06-30 00:00:00","REPORT_TYPE_SQ":"2023年中报","OPERATE_INCOME_SQ":1058633109.66,"DPS_HKD":null,"OPERATE_INCOME_QOQ_SQ":25.755209880499,"NET_PROFIT_RATIO_SQ":-11.6166195066,"HOLDER_PROFIT_SQ":-107989673.44,"HOLDER_PROFIT_QOQ_SQ":-10.534726051736,"ROE_AVG_SQ":-11.796020927645,"PE_TTM_SQ":-0.538998055162,"PB_TTM_SQ":0.299989703853,"ROA_SQ":-0.628883727357,"START_DATE":"2024-01-01 00:00:00","FISCAL_YEAR":"12-31","CURRENCY":"HKD","IS_CNY_CODE":0,"DPS_HKD_LY":null,"ORG_TYPE":"一般企业","PREMIUM_INCOME":null,"PREMIUM_INCOME_YOY":null,"NET_INTEREST_INCOME":null,"NET_INTEREST_INCOME_YOY":null,"FEE_COMMISSION_INCOME":null,"FEE_COMMISSION_INCOME_YOY":null,"ACCOUNTS_RECE_TDAYS":null,"INVENTORY_TDAYS":0.176066378478,"CURRENT_ASSETS_TDAYS":0.180728055598,"TOTAL_ASSETS_TDAYS":0.167263275566,"PREMIUM_EXPENSE":null,"LOAN_DEPOSIT":null,"LOAN_EQUITY":null,"LOAN_ASSETS":null,"DEPOSIT_EQUITY":null,"DEPOSIT_ASSETS":null,"EQUITY_MULTIPLIER":20.409974880918,"EQUITY_RATIO":15.337213967953},{"SECUCODE":"00075.HK","SECURITY_CODE":"00075","SECURITY_NAME_ABBR":"渝太地产","ORG_CODE":"10007360","STD_REPORT_DATE":"2023-12-31 00:00:00","REPORT_DATE":"2023-12-31 00:00:00","DATE_TYPE_CODE":"001","REPORT_TYPE":"2023年年报","PER_NETCASH_OPERATE":0.71408975054,"PER_OI":8.244783483072,"BPS":1.16638063239,"BASIC_EPS":-0.03443636,"DILUTED_EPS":-0.03443636,"OPERATE_INCOME":6592177768.96,"OPERATE_INCOME_YOY":168.728017339,"GROSS_PROFIT":973337371.86,"GROSS_PROFIT_YOY":765.221507354556,"HOLDER_PROFIT":-27271784.68,"HOLDER_PROFIT_YOY":93.6773060374,"GROSS_PROFIT_RATIO":14.765035258046,"EPS_TTM":-0.034108600794,"OPERATE_INCOME_QOQ":116.789306248123,"NET_PROFIT_RATIO":-1.0144386426,"ROE_AVG":-2.890682558024,"GROSS_PROFIT_QOQ":467.773882219493,"ROA":-0.175493499658,"HOLDER_PROFIT_QOQ":94.196976678301,"ROE_YEARLY":-2.890682558024,"ROIC_YEARLY":-0.18484599443,"TOTAL_ASSETS":14468039729.64,"TOTAL_LIABILITIES":13728965665.1,"TAX_EBT":-205.337636544191,"OCF_SALES":8.661109803628,"TOTAL_PARENT_EQUITY":932588283.34,"DEBT_ASSET_RATIO":94.8916779443,"OPERATE_PROFIT":214773233.78,"PRETAX_PROFIT":-21901524.96,"NETCASH_OPERATE":570955755.02,"NETCASH_INVEST":-99734948.32,"NETCASH_FINANCE":-1027762226.4,"END_CASH":85783691.42,"DIVI_RATIO":null,"DIVIDEND_RATE":null,"CURRENT_RATIO":1.092561673104,"COMMON_ACS":1500000000,"CURRENTDEBT_DEBT":87.812719785633,"ISSUED_COMMON_SHARES":799557415,"HK_COMMON_SHARES":799557415,"PER_SHARES":2000,"TOTAL_MARKET_CAP":176702188.715,"HKSK_MARKET_CAP":176702188.715,"PE_TTM":1.762509861904,"PB_TTM":0.171672360233,"REPORT_DATE_SQ":"2022-12-31 00:00:00","REPORT_TYPE_SQ":"2022年年报","OPERATE_INCOME_SQ":2418048839.01,"DPS_HKD":null,"OPERATE_INCOME_QOQ_SQ":145.750000091123,"NET_PROFIT_RATIO_SQ":-25.2911103698,"HOLDER_PROFIT_SQ":-425167935.36,"HOLDER_PROFIT_QOQ_SQ":-352.33698482578,"ROE_AVG_SQ":-34.89451580421,"PE_TTM_SQ":-0.538998055162,"PB_TTM_SQ":0.299989703853,"ROA_SQ":-2.776798151648,"START_DATE":"2023-01-01 00:00:00","FISCAL_YEAR":"12-31","CURRENCY":"HKD","IS_CNY_CODE":0,"DPS_HKD_LY":null,"ORG_TYPE":"一般企业","PREMIUM_INCOME":null,"PREMIUM_INCOME_YOY":null,"NET_INTEREST_INCOME":null,"NET_INTEREST_INCOME_YOY":null,"FEE_COMMISSION_INCOME":null,"FEE_COMMISSION_INCOME_YOY":null,"ACCOUNTS_RECE_TDAYS":null,"INVENTORY_TDAYS":0.485002239114,"CURRENT_ASSETS_TDAYS":0.463130023766,"TOTAL_ASSETS_TDAYS":0.42420558853,"PREMIUM_EXPENSE":null,"LOAN_DEPOSIT":null,"LOAN_EQUITY":null,"LOAN_ASSETS":null,"DEPOSIT_EQUITY":null,"DEPOSIT_ASSETS":null,"EQUITY_MULTIPLIER":19.575899661302,"EQUITY_RATIO":14.721357656275},{"SECUCODE":"00075.HK","SECURITY_CODE":"00075","SECURITY_NAME_ABBR":"渝太地产","ORG_CODE":"10007360","STD_REPORT_DATE":"2023-06-30 00:00:00","REPORT_DATE":"2023-06-30 00:00:00","DATE_TYPE_CODE":"002","REPORT_TYPE":"2023年中报","PER_NETCASH_OPERATE":0.807030305109,"PER_OI":1.32402387846,"BPS":1.075680251205,"BASIC_EPS":-0.13460908,"DILUTED_EPS":-0.13460908,"OPERATE_INCOME":1058633109.66,"OPERATE_INCOME_YOY":125.2890139386,"GROSS_PROFIT":231253789.54,"GROSS_PROFIT_YOY":34.200923519328,"HOLDER_PROFIT":-107989673.44,"HOLDER_PROFIT_YOY":-58.4931191729,"GROSS_PROFIT_RATIO":21.844564224358,"EPS_TTM":-0.587772940121,"OPERATE_INCOME_QOQ":25.755209880499,"NET_PROFIT_RATIO":-11.6166195066,"ROE_AVG":-11.796020927645,"GROSS_PROFIT_QOQ":52.388395178078,"ROA":-0.628883727357,"HOLDER_PROFIT_QOQ":-10.534726051736,"ROE_YEARLY":-23.592041855289,"ROIC_YEARLY":-1.329684292503,"TOTAL_ASSETS":17442320049.44,"TOTAL_LIABILITIES":16750723489.86,"TAX_EBT":11.055986770158,"OCF_SALES":60.952851246759,"TOTAL_PARENT_EQUITY":860068121.02,"DEBT_ASSET_RATIO":96.0349508688,"OPERATE_PROFIT":-29863854.18,"PRETAX_PROFIT":-138263808.72,"NETCASH_OPERATE":645267064.58,"NETCASH_INVEST":-35566300.48,"NETCASH_FINANCE":-1002013395.88,"END_CASH":204301548.2,"DIVI_RATIO":null,"DIVIDEND_RATE":null,"CURRENT_RATIO":1.046169993397,"COMMON_ACS":1500000000,"CURRENTDEBT_DEBT":92.050795105978,"ISSUED_COMMON_SHARES":799557415,"HK_COMMON_SHARES":799557415,"PER_SHARES":2000,"TOTAL_MARKET_CAP":176702188.715,"HKSK_MARKET_CAP":176702188.715,"PE_TTM":1.762509861904,"PB_TTM":0.171672360233,"REPORT_DATE_SQ":"2022-06-30 00:00:00","REPORT_TYPE_SQ":"2022年中报","OPERATE_INCOME_SQ":435859556.16,"DPS_HKD":null,"OPERATE_INCOME_QOQ_SQ":-1.69945298277,"NET_PROFIT_RATIO_SQ":-20.7134504301,"HOLDER_PROFIT_SQ":-63199396.19,"HOLDER_PROFIT_QOQ_SQ":4.971316669791,"ROE_AVG_SQ":-4.666638250445,"PE_TTM_SQ":-0.538998055162,"PB_TTM_SQ":0.299989703853,"ROA_SQ":-0.429224009502,"START_DATE":"2023-01-01 00:00:00","FISCAL_YEAR":"12-31","CURRENCY":"HKD","IS_CNY_CODE":0,"DPS_HKD_LY":null,"ORG_TYPE":"一般企业","PREMIUM_INCOME":null,"PREMIUM_INCOME_YOY":null,"NET_INTEREST_INCOME":null,"NET_INTEREST_INCOME_YOY":null,"FEE_COMMISSION_INCOME":null,"FEE_COMMISSION_INCOME_YOY":null,"ACCOUNTS_RECE_TDAYS":null,"INVENTORY_TDAYS":0.064493117646,"CURRENT_ASSETS_TDAYS":0.066804752213,"TOTAL_ASSETS_TDAYS":0.061650074002,"PREMIUM_EXPENSE":null,"LOAN_DEPOSIT":null,"LOAN_EQUITY":null,"LOAN_ASSETS":null,"DEPOSIT_EQUITY":null,"DEPOSIT_ASSETS":null,"EQUITY_MULTIPLIER":25.220368447171,"EQUITY_RATIO":19.476042746468},{"SECUCODE":"00075.HK","SECURITY_CODE":"00075","SECURITY_NAME_ABBR":"渝太地产","ORG_CODE":"10007360","STD_REPORT_DATE":"2022-12-31 00:00:00","REPORT_DATE":"2022-12-31 00:00:00","DATE_TYPE_CODE":"001","REPORT_TYPE":"2022年年报","PER_NETCASH_OPERATE":1.829838609114,"PER_OI":3.024234149601,"BPS":1.176463273835,"BASIC_EPS":-0.53149565,"DILUTED_EPS":-0.53149565,"OPERATE_INCOME":2418048839.01,"OPERATE_INCOME_YOY":121.1095981827,"GROSS_PROFIT":112495743.99,"GROSS_PROFIT_YOY":-68.124985957463,"HOLDER_PROFIT":-425167935.36,"HOLDER_PROFIT_YOY":-293.4367689726,"GROSS_PROFIT_RATIO":4.652335477064,"EPS_TTM":-0.531754102187,"OPERATE_INCOME_QOQ":145.750000091123,"NET_PROFIT_RATIO":-25.2911103698,"ROE_AVG":-34.89451580421,"GROSS_PROFIT_QOQ":-69.269112340708,"ROA":-2.776798151648,"HOLDER_PROFIT_QOQ":-352.33698482578,"ROE_YEARLY":-34.89451580421,"ROIC_YEARLY":-3.003493120655,"TOTAL_ASSETS":16374679759.55,"TOTAL_LIABILITIES":15589807180.78,"TAX_EBT":13.291479116375,"OCF_SALES":60.505851021976,"TOTAL_PARENT_EQUITY":940649934.07,"DEBT_ASSET_RATIO":95.206791276,"OPERATE_PROFIT":-341786540.48,"PRETAX_PROFIT":-705295620.82,"NETCASH_OPERATE":1463061028.17,"NETCASH_INVEST":-175063054.6,"NETCASH_FINANCE":-1614582845.19,"END_CASH":592961558.7,"DIVI_RATIO":null,"DIVIDEND_RATE":null,"CURRENT_RATIO":1.113966676003,"COMMON_ACS":1500000000,"CURRENTDEBT_DEBT":86.820294199449,"ISSUED_COMMON_SHARES":799557415,"HK_COMMON_SHARES":799557415,"PER_SHARES":2000,"TOTAL_MARKET_CAP":176702188.715,"HKSK_MARKET_CAP":176702188.715,"PE_TTM":1.762509861904,"PB_TTM":0.171672360233,"REPORT_DATE_SQ":"2021-12-31 00:00:00","REPORT_TYPE_SQ":"2021年年报","OPERATE_INCOME_SQ":1000957428.8,"DPS_HKD":null,"OPERATE_INCOME_QOQ_SQ":49.196421893631,"NET_PROFIT_RATIO_SQ":-13.9636663037,"HOLDER_PROFIT_SQ":-98910795.2,"HOLDER_PROFIT_QOQ_SQ":30.196974531614,"ROE_AVG_SQ":-7.030282743738,"PE_TTM_SQ":-0.538998055162,"PB_TTM_SQ":0.299989703853,"ROA_SQ":-0.882101267197,"START_DATE":"2022-01-01 00:00:00","FISCAL_YEAR":"12-31","CURRENCY":"HKD","IS_CNY_CODE":0,"DPS_HKD_LY":null,"ORG_TYPE":"一般企业","PREMIUM_INCOME":null,"PREMIUM_INCOME_YOY":null,"NET_INTEREST_INCOME":null,"NET_INTEREST_INCOME_YOY":null,"FEE_COMMISSION_INCOME":null,"FEE_COMMISSION_INCOME_YOY":null,"ACCOUNTS_RECE_TDAYS":null,"INVENTORY_TDAYS":0.203997657805,"CURRENT_ASSETS_TDAYS":0.172318607519,"TOTAL_ASSETS_TDAYS":0.157924269173,"PREMIUM_EXPENSE":null,"LOAN_DEPOSIT":null,"LOAN_EQUITY":null,"LOAN_ASSETS":null,"DEPOSIT_EQUITY":null,"DEPOSIT_ASSETS":null,"EQUITY_MULTIPLIER":20.862851120856,"EQUITY_RATIO":16.573442059711},{"SECUCODE":"00075.HK","SECURITY_CODE":"00075","SECURITY_NAME_ABBR":"渝太地产","ORG_CODE":"10007360","STD_REPORT_DATE":"2022-06-30 00:00:00","REPORT_DATE":"2022-06-30 00:00:00","DATE_TYPE_CODE":"002","REPORT_TYPE":"2022年中报","PER_NETCASH_OPERATE":0.939071306818,"PER_OI":0.545126025953,"BPS":1.596033606079,"BASIC_EPS":-0.07867748,"DILUTED_EPS":-0.07867748,"OPERATE_INCOME":435859556.16,"OPERATE_INCOME_YOY":-6.3570369472,"GROSS_PROFIT":172319074.62,"GROSS_PROFIT_YOY":8.254632421148,"HOLDER_PROFIT":-63199396.19,"HOLDER_PROFIT_YOY":9.7260056436,"GROSS_PROFIT_RATIO":39.535458655114,"EPS_TTM":-0.117557069182,"OPERATE_INCOME_QOQ":-1.69945298277,"NET_PROFIT_RATIO":-20.7134504301,"ROE_AVG":-4.666638250445,"GROSS_PROFIT_QOQ":3.723050228586,"ROA":-0.429224009502,"HOLDER_PROFIT_QOQ":4.971316669791,"ROE_YEARLY":-9.33327650089,"ROIC_YEARLY":-0.922686877772,"TOTAL_ASSETS":15807399520.01,"TOTAL_LIABILITIES":14534512489.07,"TAX_EBT":1.154472762682,"OCF_SALES":172.266826772148,"TOTAL_PARENT_EQUITY":1276120504.33,"DEBT_ASSET_RATIO":91.9475241369,"OPERATE_PROFIT":23222684.45,"PRETAX_PROFIT":-91336002.38,"NETCASH_OPERATE":750841426.58,"NETCASH_INVEST":-140482061.3,"NETCASH_FINANCE":-1197519136.24,"END_CASH":376370829.38,"DIVI_RATIO":null,"DIVIDEND_RATE":null,"CURRENT_RATIO":1.253510205405,"COMMON_ACS":1500000000,"CURRENTDEBT_DEBT":80.212734397437,"ISSUED_COMMON_SHARES":799557415,"HK_COMMON_SHARES":799557415,"PER_SHARES":2000,"TOTAL_MARKET_CAP":176702188.715,"HKSK_MARKET_CAP":176702188.715,"PE_TTM":1.762509861904,"PB_TTM":0.171672360233,"REPORT_DATE_SQ":"2021-06-30 00:00:00","REPORT_TYPE_SQ":"2021年中报","OPERATE_INCOME_SQ":452870357.04,"DPS_HKD":null,"OPERATE_INCOME_QOQ_SQ":178.661348060941,"NET_PROFIT_RATIO_SQ":-20.4419554517,"HOLDER_PROFIT_SQ":-68116565.04,"HOLDER_PROFIT_QOQ_SQ":-25.3595328987,"ROE_AVG_SQ":-4.711334845594,"PE_TTM_SQ":-0.538998055162,"PB_TTM_SQ":0.299989703853,"ROA_SQ":-0.660208617794,"START_DATE":"2022-01-01 00:00:00","FISCAL_YEAR":"12-31","CURRENCY":"HKD","IS_CNY_CODE":0,"DPS_HKD_LY":null,"ORG_TYPE":"一般企业","PREMIUM_INCOME":null,"PREMIUM_INCOME_YOY":null,"NET_INTEREST_INCOME":null,"NET_INTEREST_INCOME_YOY":null,"FEE_COMMISSION_INCOME":null,"FEE_COMMISSION_INCOME_YOY":null,"ACCOUNTS_RECE_TDAYS":null,"INVENTORY_TDAYS":0.023553326464,"CURRENT_ASSETS_TDAYS":0.032229032125,"TOTAL_ASSETS_TDAYS":0.029601767984,"PREMIUM_EXPENSE":null,"LOAN_DEPOSIT":null,"LOAN_EQUITY":null,"LOAN_ASSETS":null,"DEPOSIT_EQUITY":null,"DEPOSIT_ASSETS":null,"EQUITY_MULTIPLIER":12.418540794173,"EQUITY_RATIO":11.389608144178},{"SECUCODE":"00075.HK","SECURITY_CODE":"00075","SECURITY_NAME_ABBR":"渝太地产","ORG_CODE":"10007360","STD_REPORT_DATE":"2021-12-31 00:00:00","REPORT_DATE":"2021-12-31 00:00:00","DATE_TYPE_CODE":"001","REPORT_TYPE":"2021年年报","PER_NETCASH_OPERATE":1.439503592372,"PER_OI":1.251889370321,"BPS":1.712795528011,"BASIC_EPS":-0.1234576,"DILUTED_EPS":-0.1234576,"OPERATE_INCOME":1000957428.8,"OPERATE_INCOME_YOY":327.9771934363,"GROSS_PROFIT":352927668.8,"GROSS_PROFIT_YOY":250.80083685401,"HOLDER_PROFIT":-98910795.2,"HOLDER_PROFIT_YOY":9.9223397839,"GROSS_PROFIT_RATIO":35.25900888943,"EPS_TTM":-0.123706932541,"OPERATE_INCOME_QOQ":49.196421893631,"NET_PROFIT_RATIO":-13.9636663037,"ROE_AVG":-7.030282743738,"GROSS_PROFIT_QOQ":48.837237293658,"ROA":-0.882101267197,"HOLDER_PROFIT_QOQ":30.196974531614,"ROE_YEARLY":-7.030282743738,"ROIC_YEARLY":-0.964482862964,"TOTAL_ASSETS":13041227729.6,"TOTAL_LIABILITIES":11703806643.2,"TAX_EBT":14.786457710252,"OCF_SALES":114.986485746935,"TOTAL_PARENT_EQUITY":1369478364.8,"DEBT_ASSET_RATIO":89.7446688753,"OPERATE_PROFIT":-18571784,"PRETAX_PROFIT":-164023641.6,"NETCASH_OPERATE":1150965771.2,"NETCASH_INVEST":16418225.6,"NETCASH_FINANCE":-810650400,"END_CASH":939816483.2,"DIVI_RATIO":null,"DIVIDEND_RATE":null,"CURRENT_RATIO":1.303876591481,"COMMON_ACS":1500000000,"CURRENTDEBT_DEBT":77.895032229509,"ISSUED_COMMON_SHARES":799557415,"HK_COMMON_SHARES":799557415,"PER_SHARES":2000,"TOTAL_MARKET_CAP":176702188.715,"HKSK_MARKET_CAP":176702188.715,"PE_TTM":1.762509861904,"PB_TTM":0.171672360233,"REPORT_DATE_SQ":"2020-12-31 00:00:00","REPORT_TYPE_SQ":"2020年年报","OPERATE_INCOME_SQ":240757855.12,"DPS_HKD":null,"OPERATE_INCOME_QOQ_SQ":410.078006244784,"NET_PROFIT_RATIO_SQ":-56.7944263052,"HOLDER_PROFIT_SQ":-113034776.92,"HOLDER_PROFIT_QOQ_SQ":-2219.79167171056,"ROE_AVG_SQ":-7.661544157433,"PE_TTM_SQ":-0.538998055162,"PB_TTM_SQ":0.299989703853,"ROA_SQ":-2.02585952675,"START_DATE":"2021-01-01 00:00:00","FISCAL_YEAR":"12-31","CURRENCY":"HKD","IS_CNY_CODE":0,"DPS_HKD_LY":null,"ORG_TYPE":"一般企业","PREMIUM_INCOME":null,"PREMIUM_INCOME_YOY":null,"NET_INTEREST_INCOME":null,"NET_INTEREST_INCOME_YOY":null,"FEE_COMMISSION_INCOME":null,"FEE_COMMISSION_INCOME_YOY":null,"ACCOUNTS_RECE_TDAYS":null,"INVENTORY_TDAYS":0.081062410539,"CURRENT_ASSETS_TDAYS":0.101595878583,"TOTAL_ASSETS_TDAYS":0.089266880786,"PREMIUM_EXPENSE":null,"LOAN_DEPOSIT":null,"LOAN_EQUITY":null,"LOAN_ASSETS":null,"DEPOSIT_EQUITY":null,"DEPOSIT_ASSETS":null,"EQUITY_MULTIPLIER":9.751025957529,"EQUITY_RATIO":8.546178562601},{"SECUCODE":"00075.HK","SECURITY_CODE":"00075","SECURITY_NAME_ABBR":"渝太地产","ORG_CODE":"10007360","STD_REPORT_DATE":"2021-06-30 00:00:00","REPORT_DATE":"2021-06-30 00:00:00","DATE_TYPE_CODE":"002","REPORT_TYPE":"2021年中报","PER_NETCASH_OPERATE":1.420432879257,"PER_OI":0.566401297198,"BPS":1.778048607254,"BASIC_EPS":-0.08487216,"DILUTED_EPS":-0.08487216,"OPERATE_INCOME":452870357.04,"OPERATE_INCOME_YOY":2087.2885102279,"GROSS_PROFIT":159179400.24,"GROSS_PROFIT_YOY":602.392837165188,"HOLDER_PROFIT":-68116565.04,"HOLDER_PROFIT_YOY":-89.5415605464,"GROSS_PROFIT_RATIO":35.148999656416,"EPS_TTM":-0.177222880686,"OPERATE_INCOME_QOQ":178.661348060941,"NET_PROFIT_RATIO":-20.4419554517,"ROE_AVG":-4.711334845594,"GROSS_PROFIT_QOQ":135.694267935029,"ROA":-0.660208617794,"HOLDER_PROFIT_QOQ":-25.3595328987,"ROE_YEARLY":-9.422669691188,"ROIC_YEARLY":-1.385457000217,"TOTAL_ASSETS":11083700838,"TOTAL_LIABILITIES":9677112034.08,"TAX_EBT":15.199695121951,"OCF_SALES":250.782066758167,"TOTAL_PARENT_EQUITY":1421651948.16,"DEBT_ASSET_RATIO":87.3093939968,"OPERATE_PROFIT":-52081551.36,"PRETAX_PROFIT":-109168896,"NETCASH_OPERATE":1135717641.12,"NETCASH_INVEST":-51554844.72,"NETCASH_FINANCE":-1273322039.04,"END_CASH":395769699.12,"DIVI_RATIO":null,"DIVIDEND_RATE":null,"CURRENT_RATIO":1.270983732794,"COMMON_ACS":1500000000,"CURRENTDEBT_DEBT":76.82304407574,"ISSUED_COMMON_SHARES":799557415,"HK_COMMON_SHARES":799557415,"PER_SHARES":2000,"TOTAL_MARKET_CAP":176702188.715,"HKSK_MARKET_CAP":176702188.715,"PE_TTM":1.762509861904,"PB_TTM":0.171672360233,"REPORT_DATE_SQ":"2020-06-30 00:00:00","REPORT_TYPE_SQ":"2020年中报","OPERATE_INCOME_SQ":22729127.52,"DPS_HKD":null,"OPERATE_INCOME_QOQ_SQ":-0.637873184385,"NET_PROFIT_RATIO_SQ":-175.5093839167,"HOLDER_PROFIT_SQ":-39451473.6,"HOLDER_PROFIT_QOQ_SQ":-92.895209698237,"ROE_AVG_SQ":-2.579718004986,"PE_TTM_SQ":-0.538998055162,"PB_TTM_SQ":0.299989703853,"ROA_SQ":-1.138327478287,"START_DATE":"2021-01-01 00:00:00","FISCAL_YEAR":"12-31","CURRENCY":"HKD","IS_CNY_CODE":0,"DPS_HKD_LY":null,"ORG_TYPE":"一般企业","PREMIUM_INCOME":null,"PREMIUM_INCOME_YOY":null,"NET_INTEREST_INCOME":null,"NET_INTEREST_INCOME_YOY":null,"FEE_COMMISSION_INCOME":null,"FEE_COMMISSION_INCOME_YOY":null,"ACCOUNTS_RECE_TDAYS":144.080211780278,"INVENTORY_TDAYS":0.039446863245,"CURRENT_ASSETS_TDAYS":0.052039343768,"TOTAL_ASSETS_TDAYS":0.043893715469,"PREMIUM_EXPENSE":null,"LOAN_DEPOSIT":null,"LOAN_EQUITY":null,"LOAN_ASSETS":null,"DEPOSIT_EQUITY":null,"DEPOSIT_ASSETS":null,"EQUITY_MULTIPLIER":7.879844349024,"EQUITY_RATIO":6.806948808114},{"SECUCODE":"00075.HK","SECURITY_CODE":"00075","SECURITY_NAME_ABBR":"渝太地产","ORG_CODE":"10007360","STD_REPORT_DATE":"2020-12-31 00:00:00","REPORT_DATE":"2020-12-31 00:00:00","DATE_TYPE_CODE":"001","REPORT_TYPE":"2020年年报","PER_NETCASH_OPERATE":-1.818964488748,"PER_OI":0.301113904522,"BPS":1.859579255306,"BASIC_EPS":-0.14139552,"DILUTED_EPS":-0.14139552,"OPERATE_INCOME":240757855.12,"OPERATE_INCOME_YOY":439.4267395814,"GROSS_PROFIT":100606279.04,"GROSS_PROFIT_YOY":113.450728897295,"HOLDER_PROFIT":-113034776.92,"HOLDER_PROFIT_YOY":-260.2948021722,"GROSS_PROFIT_RATIO":41.7873298422,"EPS_TTM":-0.141371682383,"OPERATE_INCOME_QOQ":410.078006244784,"NET_PROFIT_RATIO":-56.7944263052,"ROE_AVG":-7.661544157433,"GROSS_PROFIT_QOQ":113.750987607623,"ROA":-2.02585952675,"HOLDER_PROFIT_QOQ":-2219.79167171056,"ROE_YEARLY":-7.661544157433,"ROIC_YEARLY":-2.219765971153,"TOTAL_ASSETS":9660896035.84,"TOTAL_LIABILITIES":8166625655.56,"TAX_EBT":8.694699217696,"OCF_SALES":-604.078543512155,"TOTAL_PARENT_EQUITY":1486840382.36,"DEBT_ASSET_RATIO":84.5327972195,"OPERATE_PROFIT":-79050195.36,"PRETAX_PROFIT":-149758055.04,"NETCASH_OPERATE":-1260460263.36,"NETCASH_INVEST":-57861908.36,"NETCASH_FINANCE":1480257915.92,"END_CASH":587314908.08,"DIVI_RATIO":null,"DIVIDEND_RATE":null,"CURRENT_RATIO":1.752161039498,"COMMON_ACS":1500000000,"CURRENTDEBT_DEBT":56.240000107181,"ISSUED_COMMON_SHARES":799557415,"HK_COMMON_SHARES":799557415,"PER_SHARES":2000,"TOTAL_MARKET_CAP":176702188.715,"HKSK_MARKET_CAP":176702188.715,"PE_TTM":1.762509861904,"PB_TTM":0.171672360233,"REPORT_DATE_SQ":"2019-12-31 00:00:00","REPORT_TYPE_SQ":"2019年年报","OPERATE_INCOME_SQ":47503213.4,"DPS_HKD":null,"OPERATE_INCOME_QOQ_SQ":2.652509923909,"NET_PROFIT_RATIO_SQ":157.9954742599,"HOLDER_PROFIT_SQ":75052927.3,"HOLDER_PROFIT_QOQ_SQ":1.593871631031,"ROE_AVG_SQ":4.972019962852,"PE_TTM_SQ":-0.538998055162,"PB_TTM_SQ":0.299989703853,"ROA_SQ":4.86958452334,"START_DATE":"2020-01-01 00:00:00","FISCAL_YEAR":"12-31","CURRENCY":"HKD","IS_CNY_CODE":0,"DPS_HKD_LY":0.01,"ORG_TYPE":"一般企业","PREMIUM_INCOME":null,"PREMIUM_INCOME_YOY":null,"NET_INTEREST_INCOME":null,"NET_INTEREST_INCOME_YOY":null,"FEE_COMMISSION_INCOME":null,"FEE_COMMISSION_INCOME_YOY":null,"ACCOUNTS_RECE_TDAYS":66.757992998833,"INVENTORY_TDAYS":0.020547310503,"CURRENT_ASSETS_TDAYS":0.057127263022,"TOTAL_ASSETS_TDAYS":0.043149693194,"PREMIUM_EXPENSE":null,"LOAN_DEPOSIT":null,"LOAN_EQUITY":null,"LOAN_ASSETS":null,"DEPOSIT_EQUITY":null,"DEPOSIT_ASSETS":null,"EQUITY_MULTIPLIER":6.465293137947,"EQUITY_RATIO":5.492604150687},{"SECUCODE":"00075.HK","SECURITY_CODE":"00075","SECURITY_NAME_ABBR":"渝太地产","ORG_CODE":"10007360","STD_REPORT_DATE":"2020-06-30 00:00:00","REPORT_DATE":"2020-06-30 00:00:00","DATE_TYPE_CODE":"002","REPORT_TYPE":"2020年中报","PER_NETCASH_OPERATE":0.007909056937,"PER_OI":0.02842713618,"BPS":1.838319366121,"BASIC_EPS":-0.04932576,"DILUTED_EPS":-0.04932576,"OPERATE_INCOME":22729127.52,"OPERATE_INCOME_YOY":-4.9650536608,"GROSS_PROFIT":22662446.4,"GROSS_PROFIT_YOY":-0.29130047408,"HOLDER_PROFIT":-39451473.6,"HOLDER_PROFIT_YOY":-225.5158384191,"GROSS_PROFIT_RATIO":99.706627014428,"EPS_TTM":0.006669130947,"OPERATE_INCOME_QOQ":-0.637873184385,"NET_PROFIT_RATIO":-175.5093839167,"ROE_AVG":-2.579718004986,"GROSS_PROFIT_QOQ":-0.140471262233,"ROA":-1.138327478287,"HOLDER_PROFIT_QOQ":-92.895209698237,"ROE_YEARLY":-5.159436009972,"ROIC_YEARLY":-3.430023626581,"TOTAL_ASSETS":5305365479.04,"TOTAL_LIABILITIES":3796497788.16,"TAX_EBT":5.34688658185,"OCF_SALES":27.822207933127,"TOTAL_PARENT_EQUITY":1469841880.32,"DEBT_ASSET_RATIO":71.5595900633,"OPERATE_PROFIT":-36902062.56,"PRETAX_PROFIT":-42145208.16,"NETCASH_OPERATE":37123115.04,"NETCASH_INVEST":83744179.2,"NETCASH_FINANCE":1340667762.72,"END_CASH":1879248428.64,"DIVI_RATIO":null,"DIVIDEND_RATE":null,"CURRENT_RATIO":2.8010604056,"COMMON_ACS":1500000000,"CURRENTDEBT_DEBT":36.552779130488,"ISSUED_COMMON_SHARES":799557415,"HK_COMMON_SHARES":799557415,"PER_SHARES":2000,"TOTAL_MARKET_CAP":176702188.715,"HKSK_MARKET_CAP":176702188.715,"PE_TTM":1.762509861904,"PB_TTM":0.171672360233,"REPORT_DATE_SQ":"2019-06-30 00:00:00","REPORT_TYPE_SQ":"2019年中报","OPERATE_INCOME_SQ":23032137.78,"DPS_HKD":null,"OPERATE_INCOME_QOQ_SQ":4.340704774076,"NET_PROFIT_RATIO_SQ":131.4211511286,"HOLDER_PROFIT_SQ":30269100.6,"HOLDER_PROFIT_QOQ_SQ":2.435278011848,"ROE_AVG_SQ":2.096618722482,"PE_TTM_SQ":-0.538998055162,"PB_TTM_SQ":0.299989703853,"ROA_SQ":2.059057429212,"START_DATE":"2020-01-01 00:00:00","FISCAL_YEAR":"12-31","CURRENCY":"HKD","IS_CNY_CODE":0,"DPS_HKD_LY":0.01,"ORG_TYPE":"一般企业","PREMIUM_INCOME":null,"PREMIUM_INCOME_YOY":null,"NET_INTEREST_INCOME":null,"NET_INTEREST_INCOME_YOY":null,"FEE_COMMISSION_INCOME":null,"FEE_COMMISSION_INCOME_YOY":null,"ACCOUNTS_RECE_TDAYS":36.538913362702,"INVENTORY_TDAYS":0.000039789714,"CURRENT_ASSETS_TDAYS":0.01056938006,"TOTAL_ASSETS_TDAYS":0.006558231684,"PREMIUM_EXPENSE":null,"LOAN_DEPOSIT":null,"LOAN_EQUITY":null,"LOAN_ASSETS":null,"DEPOSIT_EQUITY":null,"DEPOSIT_ASSETS":null,"EQUITY_MULTIPLIER":3.516123720529,"EQUITY_RATIO":2.582929387842}],"count":50},"success":true,"message":"ok","code":0}