{"version":"3458fb6e2cb8458cb5d427c2163c459e","result":{"pages":6,"data":[{"SECUCODE":"00077.HK","SECURITY_CODE":"00077","SECURITY_NAME_ABBR":"进智公共交通","ORG_CODE":"10007362","STD_REPORT_DATE":"2024-06-30 00:00:00","REPORT_DATE":"2024-09-30 00:00:00","DATE_TYPE_CODE":"002","REPORT_TYPE":"2024年中报","PER_NETCASH_OPERATE":0.178890132506,"PER_OI":0.667803431245,"BPS":0.116689827813,"BASIC_EPS":0.022905466,"DILUTED_EPS":0.022905466,"OPERATE_INCOME":181584434.4,"OPERATE_INCOME_YOY":3.4753875959,"GROSS_PROFIT":31471569.21,"GROSS_PROFIT_YOY":5.191321219382,"HOLDER_PROFIT":6230467.11,"HOLDER_PROFIT_YOY":154.4230011816,"GROSS_PROFIT_RATIO":17.331644815256,"EPS_TTM":-0.039847618908,"OPERATE_INCOME_QOQ":0,"NET_PROFIT_RATIO":3.4311680572,"ROE_AVG":18.626406955584,"GROSS_PROFIT_QOQ":0,"ROA":2.061584964663,"HOLDER_PROFIT_QOQ":0,"ROE_YEARLY":37.252813911168,"ROIC_YEARLY":4.982404015346,"TOTAL_ASSETS":285687072,"TOTAL_LIABILITIES":253957590.85,"TAX_EBT":20.85910652921,"OCF_SALES":26.787842669845,"TOTAL_PARENT_EQUITY":31729481.15,"DEBT_ASSET_RATIO":88.8936237374,"OPERATE_PROFIT":16319693.63,"PRETAX_PROFIT":7872626.7,"NETCASH_OPERATE":48642552.6,"NETCASH_INVEST":-1124532.13,"NETCASH_FINANCE":-46175255.16,"END_CASH":52789884.81,"DIVI_RATIO":-0.910016733601,"DIVIDEND_RATE":8,"CURRENT_RATIO":0.618069413103,"COMMON_ACS":1000000000,"CURRENTDEBT_DEBT":38.081068124922,"ISSUED_COMMON_SHARES":271913000,"HK_COMMON_SHARES":271913000,"PER_SHARES":2000,"TOTAL_MARKET_CAP":135956500,"HKSK_MARKET_CAP":135956500,"PE_TTM":17.767446419237,"PB_TTM":3.864047179196,"REPORT_DATE_SQ":"2023-06-30 00:00:00","REPORT_TYPE_SQ":"2023年中报","OPERATE_INCOME_SQ":178568045.11,"DPS_HKD":0.04,"OPERATE_INCOME_QOQ_SQ":0,"NET_PROFIT_RATIO_SQ":-6.5237388038,"HOLDER_PROFIT_SQ":-11649312.85,"HOLDER_PROFIT_QOQ_SQ":0,"ROE_AVG_SQ":-21.744157167693,"PE_TTM_SQ":-365.826726907631,"PB_TTM_SQ":4.577429899497,"ROA_SQ":-5.122659344162,"START_DATE":"2024-04-01 00:00:00","FISCAL_YEAR":"3-31","CURRENCY":"HKD","IS_CNY_CODE":0,"DPS_HKD_LY":0.04,"ORG_TYPE":"一般企业","PREMIUM_INCOME":null,"PREMIUM_INCOME_YOY":null,"NET_INTEREST_INCOME":null,"NET_INTEREST_INCOME_YOY":null,"FEE_COMMISSION_INCOME":null,"FEE_COMMISSION_INCOME_YOY":null,"ACCOUNTS_RECE_TDAYS":24.685546156675,"INVENTORY_TDAYS":null,"CURRENT_ASSETS_TDAYS":3.05266668688,"TOTAL_ASSETS_TDAYS":0.600840568077,"PREMIUM_EXPENSE":null,"LOAN_DEPOSIT":null,"LOAN_EQUITY":null,"LOAN_ASSETS":null,"DEPOSIT_EQUITY":null,"DEPOSIT_ASSETS":null,"EQUITY_MULTIPLIER":9.003836862321,"EQUITY_RATIO":8.003836862299},{"SECUCODE":"00077.HK","SECURITY_CODE":"00077","SECURITY_NAME_ABBR":"进智公共交通","ORG_CODE":"10007362","STD_REPORT_DATE":"2023-12-31 00:00:00","REPORT_DATE":"2024-03-31 00:00:00","DATE_TYPE_CODE":"001","REPORT_TYPE":"2023年年报","PER_NETCASH_OPERATE":0.351337176045,"PER_OI":1.31253762527,"BPS":0.130024860893,"BASIC_EPS":-0.0398882,"DILUTED_EPS":-0.0398882,"OPERATE_INCOME":356896043.3,"OPERATE_INCOME_YOY":5.0120566771,"GROSS_PROFIT":64047757.5,"GROSS_PROFIT_YOY":37.240958504614,"HOLDER_PROFIT":-10835085.6,"HOLDER_PROFIT_YOY":-130.4238258877,"GROSS_PROFIT_RATIO":17.945774043273,"EPS_TTM":-0.00646641286,"OPERATE_INCOME_QOQ":0,"NET_PROFIT_RATIO":-3.0359220292,"ROE_AVG":-20.612760526702,"GROSS_PROFIT_QOQ":0,"ROA":-3.757314928191,"HOLDER_PROFIT_QOQ":0,"ROE_YEARLY":-20.612760526702,"ROIC_YEARLY":-4.682486513169,"TOTAL_ASSETS":320430069.55,"TOTAL_LIABILITIES":285074619.55,"TAX_EBT":-53.46687211094,"OCF_SALES":26.767779397794,"TOTAL_PARENT_EQUITY":35355450,"DEBT_ASSET_RATIO":88.9662508735,"OPERATE_PROFIT":33824287.05,"PRETAX_PROFIT":-7060211.4,"NETCASH_OPERATE":95533145.55,"NETCASH_INVEST":4784770.9,"NETCASH_FINANCE":-101769303,"END_CASH":51718677.5,"DIVI_RATIO":-5.607745868553,"DIVIDEND_RATE":8.333333333333,"CURRENT_RATIO":0.625045230341,"COMMON_ACS":1000000000,"CURRENTDEBT_DEBT":33.396192214615,"ISSUED_COMMON_SHARES":271913000,"HK_COMMON_SHARES":271913000,"PER_SHARES":2000,"TOTAL_MARKET_CAP":130518240,"HKSK_MARKET_CAP":130518240,"PE_TTM":17.056748562467,"PB_TTM":3.709485292028,"REPORT_DATE_SQ":"2022-12-31 00:00:00","REPORT_TYPE_SQ":"2022年年报","OPERATE_INCOME_SQ":328187707.36,"DPS_HKD":0.04,"OPERATE_INCOME_QOQ_SQ":0,"NET_PROFIT_RATIO_SQ":10.47890615,"HOLDER_PROFIT_SQ":34390481.85,"HOLDER_PROFIT_QOQ_SQ":0,"ROE_AVG_SQ":63.978958682801,"PE_TTM_SQ":4.983514318442,"PB_TTM_SQ":4.919029145729,"ROA_SQ":12.82321202121,"START_DATE":"2023-04-01 00:00:00","FISCAL_YEAR":"3-31","CURRENCY":"HKD","IS_CNY_CODE":0,"DPS_HKD_LY":0.09,"ORG_TYPE":"一般企业","PREMIUM_INCOME":null,"PREMIUM_INCOME_YOY":null,"NET_INTEREST_INCOME":null,"NET_INTEREST_INCOME_YOY":null,"FEE_COMMISSION_INCOME":null,"FEE_COMMISSION_INCOME_YOY":null,"ACCOUNTS_RECE_TDAYS":52.01638369558,"INVENTORY_TDAYS":null,"CURRENT_ASSETS_TDAYS":5.586655124949,"TOTAL_ASSETS_TDAYS":1.237619046871,"PREMIUM_EXPENSE":null,"LOAN_DEPOSIT":null,"LOAN_EQUITY":null,"LOAN_ASSETS":null,"DEPOSIT_EQUITY":null,"DEPOSIT_ASSETS":null,"EQUITY_MULTIPLIER":9.063102564098,"EQUITY_RATIO":8.063102564103},{"SECUCODE":"00077.HK","SECURITY_CODE":"00077","SECURITY_NAME_ABBR":"进智公共交通","ORG_CODE":"10007362","STD_REPORT_DATE":"2023-06-30 00:00:00","REPORT_DATE":"2023-09-30 00:00:00","DATE_TYPE_CODE":"002","REPORT_TYPE":"2023年中报","PER_NETCASH_OPERATE":0.182757913928,"PER_OI":0.65671021654,"BPS":0.134313820965,"BASIC_EPS":-0.042853321,"DILUTED_EPS":-0.042853321,"OPERATE_INCOME":178568045.11,"OPERATE_INCOME_YOY":7.2390210569,"GROSS_PROFIT":29918408.52,"GROSS_PROFIT_YOY":86.059305991374,"HOLDER_PROFIT":-11649312.85,"HOLDER_PROFIT_YOY":-146.865770821,"GROSS_PROFIT_RATIO":16.754626227537,"EPS_TTM":0.126476048773,"OPERATE_INCOME_QOQ":0,"NET_PROFIT_RATIO":-6.5237388038,"ROE_AVG":-21.744157167693,"GROSS_PROFIT_QOQ":0,"ROA":-5.122659344162,"HOLDER_PROFIT_QOQ":0,"ROE_YEARLY":-43.488314335386,"ROIC_YEARLY":-13.733752359728,"TOTAL_ASSETS":195366179.89,"TOTAL_LIABILITIES":158844505.89,"TAX_EBT":-17.786231211728,"OCF_SALES":27.8293087766,"TOTAL_PARENT_EQUITY":36521674,"DEBT_ASSET_RATIO":81.3060407791,"OPERATE_PROFIT":15306986.03,"PRETAX_PROFIT":-9890216.14,"NETCASH_OPERATE":49694252.65,"NETCASH_INVEST":9146935.84,"NETCASH_FINANCE":-60132293.9,"END_CASH":52528811.72,"DIVI_RATIO":0.28671041159,"DIVIDEND_RATE":8.333333333333,"CURRENT_RATIO":1.163649658469,"COMMON_ACS":1000000000,"CURRENTDEBT_DEBT":32.391697428699,"ISSUED_COMMON_SHARES":271913000,"HK_COMMON_SHARES":271913000,"PER_SHARES":2000,"TOTAL_MARKET_CAP":130518240,"HKSK_MARKET_CAP":130518240,"PE_TTM":17.056748562467,"PB_TTM":3.709485292028,"REPORT_DATE_SQ":"2022-06-30 00:00:00","REPORT_TYPE_SQ":"2022年中报","OPERATE_INCOME_SQ":164120586.84,"DPS_HKD":0.04,"OPERATE_INCOME_QOQ_SQ":0,"NET_PROFIT_RATIO_SQ":14.9277255168,"HOLDER_PROFIT_SQ":24499470.72,"HOLDER_PROFIT_QOQ_SQ":0,"ROE_AVG_SQ":48.979739442541,"PE_TTM_SQ":4.983514318442,"PB_TTM_SQ":4.919029145729,"ROA_SQ":8.433177930154,"START_DATE":"2023-04-01 00:00:00","FISCAL_YEAR":"3-31","CURRENCY":"HKD","IS_CNY_CODE":0,"DPS_HKD_LY":0.09,"ORG_TYPE":"一般企业","PREMIUM_INCOME":null,"PREMIUM_INCOME_YOY":null,"NET_INTEREST_INCOME":null,"NET_INTEREST_INCOME_YOY":null,"FEE_COMMISSION_INCOME":null,"FEE_COMMISSION_INCOME_YOY":null,"ACCOUNTS_RECE_TDAYS":26.78554714384,"INVENTORY_TDAYS":null,"CURRENT_ASSETS_TDAYS":2.769196835155,"TOTAL_ASSETS_TDAYS":0.78523366711,"PREMIUM_EXPENSE":null,"LOAN_DEPOSIT":null,"LOAN_EQUITY":null,"LOAN_ASSETS":null,"DEPOSIT_EQUITY":null,"DEPOSIT_ASSETS":null,"EQUITY_MULTIPLIER":5.34932160803,"EQUITY_RATIO":4.34932160804},{"SECUCODE":"00077.HK","SECURITY_CODE":"00077","SECURITY_NAME_ABBR":"进智公共交通","ORG_CODE":"10007362","STD_REPORT_DATE":"2022-12-31 00:00:00","REPORT_DATE":"2023-03-31 00:00:00","DATE_TYPE_CODE":"001","REPORT_TYPE":"2022年年报","PER_NETCASH_OPERATE":0.448939266824,"PER_OI":1.206958502756,"BPS":0.247791321011,"BASIC_EPS":0.126496745,"DILUTED_EPS":0.126496745,"OPERATE_INCOME":328187707.36,"OPERATE_INCOME_YOY":10.5242365816,"GROSS_PROFIT":46668107.1,"GROSS_PROFIT_YOY":65.658670097123,"HOLDER_PROFIT":34390481.85,"HOLDER_PROFIT_YOY":313.6796301333,"GROSS_PROFIT_RATIO":14.219943664376,"EPS_TTM":0.023944773402,"OPERATE_INCOME_QOQ":0,"NET_PROFIT_RATIO":10.47890615,"ROE_AVG":63.978958682801,"GROSS_PROFIT_QOQ":0,"ROA":12.82321202121,"HOLDER_PROFIT_QOQ":0,"ROE_YEARLY":63.978958682801,"ROIC_YEARLY":15.476009919459,"TOTAL_ASSETS":247511672.58,"TOTAL_LIABILITIES":180133991.11,"TAX_EBT":5.897429755432,"OCF_SALES":37.195915667278,"TOTAL_PARENT_EQUITY":67377681.47,"DEBT_ASSET_RATIO":72.7779781989,"OPERATE_PROFIT":59038525.81,"PRETAX_PROFIT":36545741.27,"NETCASH_OPERATE":122072422.86,"NETCASH_INVEST":-14419753.52,"NETCASH_FINANCE":-88153787,"END_CASH":51343671.91,"DIVI_RATIO":1.514401468393,"DIVIDEND_RATE":8.333333333333,"CURRENT_RATIO":0.890235395656,"COMMON_ACS":1000000000,"CURRENTDEBT_DEBT":41.104431625448,"ISSUED_COMMON_SHARES":271913000,"HK_COMMON_SHARES":271913000,"PER_SHARES":2000,"TOTAL_MARKET_CAP":130518240,"HKSK_MARKET_CAP":130518240,"PE_TTM":17.056748562467,"PB_TTM":3.709485292028,"REPORT_DATE_SQ":"2021-12-31 00:00:00","REPORT_TYPE_SQ":"2021年年报","OPERATE_INCOME_SQ":275092969.98,"DPS_HKD":0.04,"OPERATE_INCOME_QOQ_SQ":0,"NET_PROFIT_RATIO_SQ":-5.4201380904,"HOLDER_PROFIT_SQ":-14910418.85,"HOLDER_PROFIT_QOQ_SQ":0,"ROE_AVG_SQ":-28.482458926234,"PE_TTM_SQ":4.983514318442,"PB_TTM_SQ":4.919029145729,"ROA_SQ":-4.909382702203,"START_DATE":"2022-04-01 00:00:00","FISCAL_YEAR":"3-31","CURRENCY":"HKD","IS_CNY_CODE":0,"DPS_HKD_LY":0.03,"ORG_TYPE":"一般企业","PREMIUM_INCOME":null,"PREMIUM_INCOME_YOY":null,"NET_INTEREST_INCOME":null,"NET_INTEREST_INCOME_YOY":null,"FEE_COMMISSION_INCOME":null,"FEE_COMMISSION_INCOME_YOY":null,"ACCOUNTS_RECE_TDAYS":50.743909041689,"INVENTORY_TDAYS":null,"CURRENT_ASSETS_TDAYS":6.240777733387,"TOTAL_ASSETS_TDAYS":1.223716658751,"PREMIUM_EXPENSE":null,"LOAN_DEPOSIT":null,"LOAN_EQUITY":null,"LOAN_ASSETS":null,"DEPOSIT_EQUITY":null,"DEPOSIT_ASSETS":null,"EQUITY_MULTIPLIER":3.673496433537,"EQUITY_RATIO":2.673496433536},{"SECUCODE":"00077.HK","SECURITY_CODE":"00077","SECURITY_NAME_ABBR":"进智公共交通","ORG_CODE":"10007362","STD_REPORT_DATE":"2022-06-30 00:00:00","REPORT_DATE":"2022-09-30 00:00:00","DATE_TYPE_CODE":"002","REPORT_TYPE":"2022年中报","PER_NETCASH_OPERATE":0.247606469864,"PER_OI":0.603577566501,"BPS":0.215438683697,"BASIC_EPS":0.090082224,"DILUTED_EPS":0.090082224,"OPERATE_INCOME":164120586.84,"OPERATE_INCOME_YOY":1.4723645067,"GROSS_PROFIT":16080038.76,"GROSS_PROFIT_YOY":-23.226562358273,"HOLDER_PROFIT":24499470.72,"HOLDER_PROFIT_YOY":633.098782138,"GROSS_PROFIT_RATIO":9.79769757689,"EPS_TTM":-0.054835255578,"OPERATE_INCOME_QOQ":0,"NET_PROFIT_RATIO":14.9277255168,"ROE_AVG":48.979739442541,"GROSS_PROFIT_QOQ":0,"ROA":8.433177930154,"HOLDER_PROFIT_QOQ":0,"ROE_YEARLY":97.959478885082,"ROIC_YEARLY":19.558617004762,"TOTAL_ASSETS":282579615.84,"TOTAL_LIABILITIES":223999037.04,"TAX_EBT":-1.320366560688,"OCF_SALES":41.023139958448,"TOTAL_PARENT_EQUITY":58580578.8,"DEBT_ASSET_RATIO":79.2693543638,"OPERATE_PROFIT":35178193.8,"PRETAX_PROFIT":24180203.4,"NETCASH_OPERATE":67327418.04,"NETCASH_INVEST":-4940955.72,"NETCASH_FINANCE":-48209365.32,"END_CASH":47077910.88,"DIVI_RATIO":-0.661289887641,"DIVIDEND_RATE":8.333333333333,"CURRENT_RATIO":0.520943031996,"COMMON_ACS":1000000000,"CURRENTDEBT_DEBT":49.152891394055,"ISSUED_COMMON_SHARES":271913000,"HK_COMMON_SHARES":271913000,"PER_SHARES":2000,"TOTAL_MARKET_CAP":130518240,"HKSK_MARKET_CAP":130518240,"PE_TTM":17.056748562467,"PB_TTM":3.709485292028,"REPORT_DATE_SQ":"2021-06-30 00:00:00","REPORT_TYPE_SQ":"2021年中报","OPERATE_INCOME_SQ":148974453.68,"DPS_HKD":0.04,"OPERATE_INCOME_QOQ_SQ":0,"NET_PROFIT_RATIO_SQ":2.066231239,"HOLDER_PROFIT_SQ":3078156.7,"HOLDER_PROFIT_QOQ_SQ":0,"ROE_AVG_SQ":4.888309729655,"PE_TTM_SQ":4.983514318442,"PB_TTM_SQ":4.919029145729,"ROA_SQ":0.932505056853,"START_DATE":"2022-04-01 00:00:00","FISCAL_YEAR":"3-31","CURRENCY":"HKD","IS_CNY_CODE":0,"DPS_HKD_LY":0.03,"ORG_TYPE":"一般企业","PREMIUM_INCOME":null,"PREMIUM_INCOME_YOY":null,"NET_INTEREST_INCOME":null,"NET_INTEREST_INCOME_YOY":null,"FEE_COMMISSION_INCOME":null,"FEE_COMMISSION_INCOME_YOY":null,"ACCOUNTS_RECE_TDAYS":18.772151243987,"INVENTORY_TDAYS":null,"CURRENT_ASSETS_TDAYS":3.352194635336,"TOTAL_ASSETS_TDAYS":0.564933882303,"PREMIUM_EXPENSE":null,"LOAN_DEPOSIT":null,"LOAN_EQUITY":null,"LOAN_ASSETS":null,"DEPOSIT_EQUITY":null,"DEPOSIT_ASSETS":null,"EQUITY_MULTIPLIER":4.823776439716,"EQUITY_RATIO":3.82377643971},{"SECUCODE":"00077.HK","SECURITY_CODE":"00077","SECURITY_NAME_ABBR":"进智公共交通","ORG_CODE":"10007362","STD_REPORT_DATE":"2021-12-31 00:00:00","REPORT_DATE":"2022-03-31 00:00:00","DATE_TYPE_CODE":"001","REPORT_TYPE":"2021年年报","PER_NETCASH_OPERATE":0.242769411356,"PER_OI":1.011694806721,"BPS":0.136719786807,"BASIC_EPS":-0.054824276,"DILUTED_EPS":-0.054824276,"OPERATE_INCOME":275092969.98,"OPERATE_INCOME_YOY":11.8114752477,"GROSS_PROFIT":28171243.36,"GROSS_PROFIT_YOY":33.567017854031,"HOLDER_PROFIT":-14910418.85,"HOLDER_PROFIT_YOY":-184.2537005637,"GROSS_PROFIT_RATIO":10.240626418788,"EPS_TTM":0.070433559116,"OPERATE_INCOME_QOQ":0,"NET_PROFIT_RATIO":-5.4201380904,"ROE_AVG":-28.482458926234,"GROSS_PROFIT_QOQ":0,"ROA":-4.909382702203,"HOLDER_PROFIT_QOQ":0,"ROE_YEARLY":-28.482458926234,"ROIC_YEARLY":-5.529364882443,"TOTAL_ASSETS":267616268.79,"TOTAL_LIABILITIES":230440381.4,"TAX_EBT":3.037814461263,"OCF_SALES":23.996308940501,"TOTAL_PARENT_EQUITY":37175887.39,"DEBT_ASSET_RATIO":86.1085099355,"OPERATE_PROFIT":4995821.6,"PRETAX_PROFIT":-15377560.61,"NETCASH_OPERATE":66012158.95,"NETCASH_INVEST":-9813221,"NETCASH_FINANCE":-65302525.2,"END_CASH":29502110.77,"DIVI_RATIO":0.514839807259,"DIVIDEND_RATE":8.333333333333,"CURRENT_RATIO":0.366537804549,"COMMON_ACS":1000000000,"CURRENTDEBT_DEBT":43.060815091152,"ISSUED_COMMON_SHARES":271913000,"HK_COMMON_SHARES":271913000,"PER_SHARES":2000,"TOTAL_MARKET_CAP":130518240,"HKSK_MARKET_CAP":130518240,"PE_TTM":17.056748562467,"PB_TTM":3.709485292028,"REPORT_DATE_SQ":"2020-12-31 00:00:00","REPORT_TYPE_SQ":"2020年年报","OPERATE_INCOME_SQ":256398875.88,"DPS_HKD":0.04,"OPERATE_INCOME_QOQ_SQ":0,"NET_PROFIT_RATIO_SQ":7.1929616371,"HOLDER_PROFIT_SQ":18442672.78,"HOLDER_PROFIT_QOQ_SQ":0,"ROE_AVG_SQ":28.551801742862,"PE_TTM_SQ":4.983514318442,"PB_TTM_SQ":4.919029145729,"ROA_SQ":6.065946773895,"START_DATE":"2021-04-01 00:00:00","FISCAL_YEAR":"3-31","CURRENCY":"HKD","IS_CNY_CODE":0,"DPS_HKD_LY":0.07,"ORG_TYPE":"一般企业","PREMIUM_INCOME":null,"PREMIUM_INCOME_YOY":null,"NET_INTEREST_INCOME":null,"NET_INTEREST_INCOME_YOY":null,"FEE_COMMISSION_INCOME":null,"FEE_COMMISSION_INCOME_YOY":null,"ACCOUNTS_RECE_TDAYS":32.206418533992,"INVENTORY_TDAYS":null,"CURRENT_ASSETS_TDAYS":6.350119814288,"TOTAL_ASSETS_TDAYS":0.905767089378,"PREMIUM_EXPENSE":null,"LOAN_DEPOSIT":null,"LOAN_EQUITY":null,"LOAN_ASSETS":null,"DEPOSIT_EQUITY":null,"DEPOSIT_ASSETS":null,"EQUITY_MULTIPLIER":7.19865180306,"EQUITY_RATIO":6.19865180305},{"SECUCODE":"00077.HK","SECURITY_CODE":"00077","SECURITY_NAME_ABBR":"进智公共交通","ORG_CODE":"10007362","STD_REPORT_DATE":"2021-06-30 00:00:00","REPORT_DATE":"2021-09-30 00:00:00","DATE_TYPE_CODE":"002","REPORT_TYPE":"2021年中报","PER_NETCASH_OPERATE":0.162112649414,"PER_OI":0.547875436923,"BPS":0.208083475744,"BASIC_EPS":0.011329616,"DILUTED_EPS":0.011329616,"OPERATE_INCOME":148974453.68,"OPERATE_INCOME_YOY":23.3892223832,"GROSS_PROFIT":20944794.52,"GROSS_PROFIT_YOY":248.218740506811,"HOLDER_PROFIT":3078156.7,"HOLDER_PROFIT_YOY":37.0548961424,"GROSS_PROFIT_RATIO":14.059319569642,"EPS_TTM":0.067825638274,"OPERATE_INCOME_QOQ":0,"NET_PROFIT_RATIO":2.066231239,"ROE_AVG":4.888309729655,"GROSS_PROFIT_QOQ":0,"ROA":0.932505056853,"HOLDER_PROFIT_QOQ":0,"ROE_YEARLY":9.776619459309,"ROIC_YEARLY":2.091973220478,"TOTAL_ASSETS":311142911.64,"TOTAL_LIABILITIES":254562309.5,"TAX_EBT":18.252212389381,"OCF_SALES":29.589326056322,"TOTAL_PARENT_EQUITY":56580602.14,"DEBT_ASSET_RATIO":81.8152366571,"OPERATE_PROFIT":10115014.52,"PRETAX_PROFIT":3765431.2,"NETCASH_OPERATE":44080536.84,"NETCASH_INVEST":-4027012.04,"NETCASH_FINANCE":-47738503.3,"END_CASH":31970343.62,"DIVI_RATIO":0.534635587999,"DIVIDEND_RATE":8.333333333333,"CURRENT_RATIO":0.451719364509,"COMMON_ACS":1000000000,"CURRENTDEBT_DEBT":35.696964738608,"ISSUED_COMMON_SHARES":271913000,"HK_COMMON_SHARES":271913000,"PER_SHARES":2000,"TOTAL_MARKET_CAP":130518240,"HKSK_MARKET_CAP":130518240,"PE_TTM":17.056748562467,"PB_TTM":3.709485292028,"REPORT_DATE_SQ":"2020-06-30 00:00:00","REPORT_TYPE_SQ":"2020年中报","OPERATE_INCOME_SQ":127352889.6,"DPS_HKD":0.04,"OPERATE_INCOME_QOQ_SQ":0,"NET_PROFIT_RATIO_SQ":1.8602083765,"HOLDER_PROFIT_SQ":2369029.12,"HOLDER_PROFIT_QOQ_SQ":0,"ROE_AVG_SQ":4.032095238807,"PE_TTM_SQ":4.983514318442,"PB_TTM_SQ":4.919029145729,"ROA_SQ":0.965977595483,"START_DATE":"2021-04-01 00:00:00","FISCAL_YEAR":"3-31","CURRENCY":"HKD","IS_CNY_CODE":0,"DPS_HKD_LY":0.07,"ORG_TYPE":"一般企业","PREMIUM_INCOME":null,"PREMIUM_INCOME_YOY":null,"NET_INTEREST_INCOME":null,"NET_INTEREST_INCOME_YOY":null,"FEE_COMMISSION_INCOME":null,"FEE_COMMISSION_INCOME_YOY":null,"ACCOUNTS_RECE_TDAYS":15.326362701406,"INVENTORY_TDAYS":null,"CURRENT_ASSETS_TDAYS":3.214625333681,"TOTAL_ASSETS_TDAYS":0.451307210573,"PREMIUM_EXPENSE":null,"LOAN_DEPOSIT":null,"LOAN_EQUITY":null,"LOAN_ASSETS":null,"DEPOSIT_EQUITY":null,"DEPOSIT_ASSETS":null,"EQUITY_MULTIPLIER":5.499109233063,"EQUITY_RATIO":4.499109233057},{"SECUCODE":"00077.HK","SECURITY_CODE":"00077","SECURITY_NAME_ABBR":"进智公共交通","ORG_CODE":"10007362","STD_REPORT_DATE":"2020-12-31 00:00:00","REPORT_DATE":"2021-03-31 00:00:00","DATE_TYPE_CODE":"001","REPORT_TYPE":"2020年年报","PER_NETCASH_OPERATE":0.358722748158,"PER_OI":0.942944529611,"BPS":0.258788643573,"BASIC_EPS":0.067867954,"DILUTED_EPS":0.067867954,"OPERATE_INCOME":256398875.88,"OPERATE_INCOME_YOY":-16.9035573317,"GROSS_PROFIT":21091466.9,"GROSS_PROFIT_YOY":-51.863077448784,"HOLDER_PROFIT":18442672.78,"HOLDER_PROFIT_YOY":159.9923019822,"GROSS_PROFIT_RATIO":8.226037195994,"EPS_TTM":-0.082255143226,"OPERATE_INCOME_QOQ":0,"NET_PROFIT_RATIO":7.1929616371,"ROE_AVG":28.551801742862,"GROSS_PROFIT_QOQ":0,"ROA":6.065946773895,"HOLDER_PROFIT_QOQ":0,"ROE_YEARLY":28.551801742862,"ROIC_YEARLY":6.708023744455,"TOTAL_ASSETS":354126194.1,"TOTAL_LIABILITIES":283758197.66,"TAX_EBT":-12.956827828968,"OCF_SALES":38.042826157183,"TOTAL_PARENT_EQUITY":70367996.44,"DEBT_ASSET_RATIO":80.1291184859,"OPERATE_PROFIT":42479591.98,"PRETAX_PROFIT":16327187.24,"NETCASH_OPERATE":97541378.62,"NETCASH_INVEST":1768116.56,"NETCASH_FINANCE":-77048299.16,"END_CASH":40232258.36,"DIVI_RATIO":-0.44084781301,"DIVIDEND_RATE":8.333333333333,"CURRENT_RATIO":0.593635075084,"COMMON_ACS":1000000000,"CURRENTDEBT_DEBT":31.100534048973,"ISSUED_COMMON_SHARES":271913000,"HK_COMMON_SHARES":271913000,"PER_SHARES":2000,"TOTAL_MARKET_CAP":130518240,"HKSK_MARKET_CAP":130518240,"PE_TTM":17.056748562467,"PB_TTM":3.709485292028,"REPORT_DATE_SQ":"2019-12-31 00:00:00","REPORT_TYPE_SQ":"2019年年报","OPERATE_INCOME_SQ":333570854.9,"DPS_HKD":0.04,"OPERATE_INCOME_QOQ_SQ":0,"NET_PROFIT_RATIO_SQ":-9.963103674,"HOLDER_PROFIT_SQ":-33234010.1,"HOLDER_PROFIT_QOQ_SQ":0,"ROE_AVG_SQ":-36.793550279697,"PE_TTM_SQ":4.983514318442,"PB_TTM_SQ":4.919029145729,"ROA_SQ":-11.825310644828,"START_DATE":"2020-04-01 00:00:00","FISCAL_YEAR":"3-31","CURRENCY":"HKD","IS_CNY_CODE":0,"DPS_HKD_LY":0.03,"ORG_TYPE":"一般企业","PREMIUM_INCOME":null,"PREMIUM_INCOME_YOY":null,"NET_INTEREST_INCOME":null,"NET_INTEREST_INCOME_YOY":null,"FEE_COMMISSION_INCOME":null,"FEE_COMMISSION_INCOME_YOY":null,"ACCOUNTS_RECE_TDAYS":27.775682109504,"INVENTORY_TDAYS":null,"CURRENT_ASSETS_TDAYS":6.379534414233,"TOTAL_ASSETS_TDAYS":0.843316992351,"PREMIUM_EXPENSE":null,"LOAN_DEPOSIT":null,"LOAN_EQUITY":null,"LOAN_ASSETS":null,"DEPOSIT_EQUITY":null,"DEPOSIT_ASSETS":null,"EQUITY_MULTIPLIER":5.032489370391,"EQUITY_RATIO":4.032489370391},{"SECUCODE":"00077.HK","SECURITY_CODE":"00077","SECURITY_NAME_ABBR":"进智公共交通","ORG_CODE":"10007362","STD_REPORT_DATE":"2020-06-30 00:00:00","REPORT_DATE":"2020-09-30 00:00:00","DATE_TYPE_CODE":"002","REPORT_TYPE":"2020年中报","PER_NETCASH_OPERATE":0.180427912752,"PER_OI":0.468358958932,"BPS":0.20725360597,"BASIC_EPS":0.008699328,"DILUTED_EPS":0.008699328,"OPERATE_INCOME":127352889.6,"OPERATE_INCOME_YOY":-25.7047361757,"GROSS_PROFIT":6014838.4,"GROSS_PROFIT_YOY":-80.266161618538,"HOLDER_PROFIT":2369029.12,"HOLDER_PROFIT_YOY":128.6138824029,"GROSS_PROFIT_RATIO":4.722969709515,"EPS_TTM":-0.122222954033,"OPERATE_INCOME_QOQ":0,"NET_PROFIT_RATIO":1.8602083765,"ROE_AVG":4.032095238807,"GROSS_PROFIT_QOQ":0,"ROA":0.965977595483,"HOLDER_PROFIT_QOQ":0,"ROE_YEARLY":8.064190477615,"ROIC_YEARLY":2.132949360254,"TOTAL_ASSETS":226469869.44,"TOTAL_LIABILITIES":170114919.68,"TAX_EBT":-483.549783549784,"OCF_SALES":38.523425101773,"TOTAL_PARENT_EQUITY":56354949.76,"DEBT_ASSET_RATIO":75.1159172302,"OPERATE_PROFIT":20341489.28,"PRETAX_PROFIT":405968.64,"NETCASH_OPERATE":49060695.04,"NETCASH_INVEST":2248644.48,"NETCASH_FINANCE":-42457114.24,"END_CASH":27536448.64,"DIVI_RATIO":-0.296687314481,"DIVIDEND_RATE":8.333333333333,"CURRENT_RATIO":0.948517971835,"COMMON_ACS":1000000000,"CURRENTDEBT_DEBT":25.89646373338,"ISSUED_COMMON_SHARES":271913000,"HK_COMMON_SHARES":271913000,"PER_SHARES":2000,"TOTAL_MARKET_CAP":130518240,"HKSK_MARKET_CAP":130518240,"PE_TTM":17.056748562467,"PB_TTM":3.709485292028,"REPORT_DATE_SQ":"2019-06-30 00:00:00","REPORT_TYPE_SQ":"2019年中报","OPERATE_INCOME_SQ":175957796.73,"DPS_HKD":0.04,"OPERATE_INCOME_QOQ_SQ":0,"NET_PROFIT_RATIO_SQ":-4.8299867229,"HOLDER_PROFIT_SQ":-8498738.22,"HOLDER_PROFIT_QOQ_SQ":0,"ROE_AVG_SQ":-8.386106228166,"PE_TTM_SQ":4.983514318442,"PB_TTM_SQ":4.919029145729,"ROA_SQ":-2.796368460573,"START_DATE":"2020-04-01 00:00:00","FISCAL_YEAR":"3-31","CURRENCY":"HKD","IS_CNY_CODE":0,"DPS_HKD_LY":0.03,"ORG_TYPE":"一般企业","PREMIUM_INCOME":null,"PREMIUM_INCOME_YOY":null,"NET_INTEREST_INCOME":null,"NET_INTEREST_INCOME_YOY":null,"FEE_COMMISSION_INCOME":null,"FEE_COMMISSION_INCOME_YOY":null,"ACCOUNTS_RECE_TDAYS":12.351813184472,"INVENTORY_TDAYS":null,"CURRENT_ASSETS_TDAYS":3.592979150656,"TOTAL_ASSETS_TDAYS":0.519284617631,"PREMIUM_EXPENSE":null,"LOAN_DEPOSIT":null,"LOAN_EQUITY":null,"LOAN_ASSETS":null,"DEPOSIT_EQUITY":null,"DEPOSIT_ASSETS":null,"EQUITY_MULTIPLIER":4.018633152971,"EQUITY_RATIO":3.018633152979}],"count":47},"success":true,"message":"ok","code":0}