{"version":"aeb86c72588cb123fe3b32880c282590","result":{"pages":4,"data":[{"SECUCODE":"00073.HK","SECURITY_CODE":"00073","SECURITY_NAME_ABBR":"亚洲果业","ORG_CODE":"10135185","STD_REPORT_DATE":"2023-12-31 00:00:00","REPORT_DATE":"2024-06-30 00:00:00","DATE_TYPE_CODE":"001","REPORT_TYPE":"2023年年报","PER_NETCASH_OPERATE":-1.624036300993,"PER_OI":11.31738342981,"BPS":9.193029321308,"BASIC_EPS":-1.858,"DILUTED_EPS":-1.858,"OPERATE_INCOME":168635000,"OPERATE_INCOME_YOY":53.2641394541,"GROSS_PROFIT":7400000,"GROSS_PROFIT_YOY":15.444617784711,"HOLDER_PROFIT":-25608000,"HOLDER_PROFIT_YOY":56.3970713434,"GROSS_PROFIT_RATIO":4.388175645625,"EPS_TTM":-0.017418844315,"OPERATE_INCOME_QOQ":36.53854892801,"NET_PROFIT_RATIO":-15.1854597207,"ROE_AVG":-17.974121140018,"GROSS_PROFIT_QOQ":-2.059282371295,"ROA":-14.709632948475,"HOLDER_PROFIT_QOQ":11.61246381747,"ROE_YEARLY":-17.974121140018,"ROIC_YEARLY":-16.776894427029,"TOTAL_ASSETS":160068000,"TOTAL_LIABILITIES":23087000,"TAX_EBT":-0.632687546666,"OCF_SALES":-14.349927357903,"TOTAL_PARENT_EQUITY":136981000,"DEBT_ASSET_RATIO":14.4232451208,"OPERATE_PROFIT":-24725000,"PRETAX_PROFIT":-25447000,"NETCASH_OPERATE":-24199000,"NETCASH_INVEST":4631000,"NETCASH_FINANCE":10389000,"END_CASH":16804000,"DIVI_RATIO":null,"DIVIDEND_RATE":null,"CURRENT_RATIO":5.054239615517,"COMMON_ACS":5000000000,"CURRENTDEBT_DEBT":75.70494217525,"ISSUED_COMMON_SHARES":14900529,"HK_COMMON_SHARES":14900529,"PER_SHARES":1000,"TOTAL_MARKET_CAP":36506296.05,"HKSK_MARKET_CAP":36506296.05,"PE_TTM":-1.301099901551,"PB_TTM":0.243234947029,"REPORT_DATE_SQ":"2022-12-31 00:00:00","REPORT_TYPE_SQ":"2022年年报","OPERATE_INCOME_SQ":110029000,"DPS_HKD":null,"OPERATE_INCOME_QOQ_SQ":-48.363887108907,"NET_PROFIT_RATIO_SQ":-53.3768370157,"HOLDER_PROFIT_SQ":-58730000,"HOLDER_PROFIT_QOQ_SQ":-96.912446849633,"ROE_AVG_SQ":-33.60974241878,"PE_TTM_SQ":-0.935671036908,"PB_TTM_SQ":0.371392384515,"ROA_SQ":-28.053297922394,"START_DATE":"2023-07-01 00:00:00","FISCAL_YEAR":"6-30","CURRENCY":"HKD","IS_CNY_CODE":0,"DPS_HKD_LY":null,"ORG_TYPE":"一般企业","PREMIUM_INCOME":null,"PREMIUM_INCOME_YOY":null,"NET_INTEREST_INCOME":null,"NET_INTEREST_INCOME_YOY":null,"FEE_COMMISSION_INCOME":null,"FEE_COMMISSION_INCOME_YOY":null,"ACCOUNTS_RECE_TDAYS":17.75385587198,"INVENTORY_TDAYS":15.537727666956,"CURRENT_ASSETS_TDAYS":1.848956477405,"TOTAL_ASSETS_TDAYS":0.968665632719,"PREMIUM_EXPENSE":null,"LOAN_DEPOSIT":null,"LOAN_EQUITY":null,"LOAN_ASSETS":null,"DEPOSIT_EQUITY":null,"DEPOSIT_ASSETS":null,"EQUITY_MULTIPLIER":1.16854162256,"EQUITY_RATIO":0.168541622561},{"SECUCODE":"00073.HK","SECURITY_CODE":"00073","SECURITY_NAME_ABBR":"亚洲果业","ORG_CODE":"10135185","STD_REPORT_DATE":"2023-06-30 00:00:00","REPORT_DATE":"2023-12-31 00:00:00","DATE_TYPE_CODE":"002","REPORT_TYPE":"2023年中报","PER_NETCASH_OPERATE":-0.008203399865,"PER_OI":0.020585845907,"BPS":10.140915131268,"BASIC_EPS":-0.9482,"DILUTED_EPS":-0.9482,"OPERATE_INCOME":61348000,"OPERATE_INCOME_YOY":190.1300543864,"GROSS_PROFIT":1531000,"GROSS_PROFIT_YOY":-7.937462417318,"HOLDER_PROFIT":-11814000,"HOLDER_PROFIT_YOY":36.5997638725,"GROSS_PROFIT_RATIO":2.495598878529,"EPS_TTM":-0.023495403225,"OPERATE_INCOME_QOQ":48.417076954205,"NET_PROFIT_RATIO":-19.2573515029,"ROE_AVG":-7.900570775111,"GROSS_PROFIT_QOQ":7.370184254606,"ROA":-6.422798924641,"HOLDER_PROFIT_QOQ":-44.112089907491,"ROE_YEARLY":-15.801141550221,"ROIC_YEARLY":-14.870899221147,"TOTAL_ASSETS":179765000,"TOTAL_LIABILITIES":28660000,"TAX_EBT":-0.596049046322,"OCF_SALES":-39.849709851992,"TOTAL_PARENT_EQUITY":151105000,"DEBT_ASSET_RATIO":15.9430367424,"OPERATE_PROFIT":-11449000,"PRETAX_PROFIT":-11744000,"NETCASH_OPERATE":-24447000,"NETCASH_INVEST":8250000,"NETCASH_FINANCE":14198000,"END_CASH":24003000,"DIVI_RATIO":null,"DIVIDEND_RATE":null,"CURRENT_RATIO":3.835885936707,"COMMON_ACS":5000000000,"CURRENTDEBT_DEBT":82.470341939986,"ISSUED_COMMON_SHARES":14900529,"HK_COMMON_SHARES":14900529,"PER_SHARES":1000,"TOTAL_MARKET_CAP":38294359.53,"HKSK_MARKET_CAP":38294359.53,"PE_TTM":-1.364827243668,"PB_TTM":0.255148495454,"REPORT_DATE_SQ":"2022-06-30 00:00:00","REPORT_TYPE_SQ":"2022年中报","OPERATE_INCOME_SQ":21145000,"DPS_HKD":null,"OPERATE_INCOME_QOQ_SQ":-13.522304272928,"NET_PROFIT_RATIO_SQ":-88.1248522109,"HOLDER_PROFIT_SQ":-18634000,"HOLDER_PROFIT_QOQ_SQ":-2220.17937219731,"ROE_AVG_SQ":-9.624055490422,"PE_TTM_SQ":-1.450290107208,"PB_TTM_SQ":0.575658195998,"ROA_SQ":-8.548510295693,"START_DATE":"2023-07-01 00:00:00","FISCAL_YEAR":"6-30","CURRENCY":"HKD","IS_CNY_CODE":0,"DPS_HKD_LY":null,"ORG_TYPE":"一般企业","PREMIUM_INCOME":null,"PREMIUM_INCOME_YOY":null,"NET_INTEREST_INCOME":null,"NET_INTEREST_INCOME_YOY":null,"FEE_COMMISSION_INCOME":null,"FEE_COMMISSION_INCOME_YOY":null,"ACCOUNTS_RECE_TDAYS":6.689711575159,"INVENTORY_TDAYS":6.987559137901,"CURRENT_ASSETS_TDAYS":0.664162218926,"TOTAL_ASSETS_TDAYS":0.333524520424,"PREMIUM_EXPENSE":null,"LOAN_DEPOSIT":null,"LOAN_EQUITY":null,"LOAN_ASSETS":null,"DEPOSIT_EQUITY":null,"DEPOSIT_ASSETS":null,"EQUITY_MULTIPLIER":1.189669435161,"EQUITY_RATIO":0.189669435161},{"SECUCODE":"00073.HK","SECURITY_CODE":"00073","SECURITY_NAME_ABBR":"亚洲果业","ORG_CODE":"10135185","STD_REPORT_DATE":"2022-12-31 00:00:00","REPORT_DATE":"2023-06-30 00:00:00","DATE_TYPE_CODE":"001","REPORT_TYPE":"2022年年报","PER_NETCASH_OPERATE":-0.009118520785,"PER_OI":0.044017975845,"BPS":9.92998302275,"BASIC_EPS":-5.002,"DILUTED_EPS":-5.002,"OPERATE_INCOME":110029000,"OPERATE_INCOME_YOY":-23.3631905943,"GROSS_PROFIT":6410000,"GROSS_PROFIT_YOY":-62.240810556079,"HOLDER_PROFIT":-58730000,"HOLDER_PROFIT_YOY":-183.774642443,"GROSS_PROFIT_RATIO":5.825736851194,"EPS_TTM":-0.016303561512,"OPERATE_INCOME_QOQ":-48.363887108907,"NET_PROFIT_RATIO":-53.3768370157,"ROE_AVG":-33.60974241878,"GROSS_PROFIT_QOQ":-64.832704995287,"ROA":-28.053297922394,"HOLDER_PROFIT_QOQ":-96.912446849633,"ROE_YEARLY":-33.60974241878,"ROIC_YEARLY":-34.09539511878,"TOTAL_ASSETS":188112000,"TOTAL_LIABILITIES":40150000,"TAX_EBT":0.329237662073,"OCF_SALES":-20.715447745594,"TOTAL_PARENT_EQUITY":147962000,"DEBT_ASSET_RATIO":21.3436676023,"OPERATE_PROFIT":-58728000,"PRETAX_PROFIT":-58924000,"NETCASH_OPERATE":-43693000,"NETCASH_INVEST":2108000,"NETCASH_FINANCE":16894000,"END_CASH":26099000,"DIVI_RATIO":null,"DIVIDEND_RATE":null,"CURRENT_RATIO":2.724936998523,"COMMON_ACS":5000000000,"CURRENTDEBT_DEBT":85.985056039851,"ISSUED_COMMON_SHARES":14900529,"HK_COMMON_SHARES":14900529,"PER_SHARES":1000,"TOTAL_MARKET_CAP":38294359.53,"HKSK_MARKET_CAP":38294359.53,"PE_TTM":-1.364827243668,"PB_TTM":0.255148495454,"REPORT_DATE_SQ":"2021-12-31 00:00:00","REPORT_TYPE_SQ":"2021年年报","OPERATE_INCOME_SQ":143572000,"DPS_HKD":null,"OPERATE_INCOME_QOQ_SQ":-15.129487061518,"NET_PROFIT_RATIO_SQ":-14.4150670047,"HOLDER_PROFIT_SQ":-20696000,"HOLDER_PROFIT_QOQ_SQ":-122.344689378758,"ROE_AVG_SQ":-9.948852055532,"PE_TTM_SQ":-1.450290107208,"PB_TTM_SQ":0.575658195998,"ROA_SQ":-8.329778071143,"START_DATE":"2022-07-01 00:00:00","FISCAL_YEAR":"6-30","CURRENCY":"HKD","IS_CNY_CODE":0,"DPS_HKD_LY":null,"ORG_TYPE":"一般企业","PREMIUM_INCOME":null,"PREMIUM_INCOME_YOY":null,"NET_INTEREST_INCOME":null,"NET_INTEREST_INCOME_YOY":null,"FEE_COMMISSION_INCOME":null,"FEE_COMMISSION_INCOME_YOY":null,"ACCOUNTS_RECE_TDAYS":5.450892967724,"INVENTORY_TDAYS":6.468909976277,"CURRENT_ASSETS_TDAYS":1.066689287445,"TOTAL_ASSETS_TDAYS":0.525570631211,"PREMIUM_EXPENSE":null,"LOAN_DEPOSIT":null,"LOAN_EQUITY":null,"LOAN_ASSETS":null,"DEPOSIT_EQUITY":null,"DEPOSIT_ASSETS":null,"EQUITY_MULTIPLIER":1.271353455617,"EQUITY_RATIO":0.271353455617},{"SECUCODE":"00073.HK","SECURITY_CODE":"00073","SECURITY_NAME_ABBR":"亚洲果业","ORG_CODE":"10135185","STD_REPORT_DATE":"2022-06-30 00:00:00","REPORT_DATE":"2022-12-31 00:00:00","DATE_TYPE_CODE":"002","REPORT_TYPE":"2022年中报","PER_NETCASH_OPERATE":-0.009005304386,"PER_OI":0.008459225288,"BPS":12.463852793414,"BASIC_EPS":-1.5871,"DILUTED_EPS":-1.5871,"OPERATE_INCOME":21145000,"OPERATE_INCOME_YOY":-76.6565101234,"GROSS_PROFIT":1663000,"GROSS_PROFIT_YOY":-86.873470676454,"HOLDER_PROFIT":-18634000,"HOLDER_PROFIT_YOY":-1409.4869992973,"GROSS_PROFIT_RATIO":7.864743438165,"EPS_TTM":-0.00827959927,"OPERATE_INCOME_QOQ":-13.522304272928,"NET_PROFIT_RATIO":-88.1248522109,"ROE_AVG":-9.624055490422,"GROSS_PROFIT_QOQ":-2.849948494907,"ROA":-8.548510295693,"HOLDER_PROFIT_QOQ":-2220.17937219731,"ROE_YEARLY":-19.248110980844,"ROIC_YEARLY":-20.570791441164,"TOTAL_ASSETS":205368000,"TOTAL_LIABILITIES":19650000,"TAX_EBT":1.620822554247,"OCF_SALES":-106.45542681485,"TOTAL_PARENT_EQUITY":185718000,"DEBT_ASSET_RATIO":9.5681897861,"OPERATE_PROFIT":-18938000,"PRETAX_PROFIT":-18941000,"NETCASH_OPERATE":-22510000,"NETCASH_INVEST":-6863000,"NETCASH_FINANCE":4975000,"END_CASH":25520000,"DIVI_RATIO":null,"DIVIDEND_RATE":null,"CURRENT_RATIO":5.505484024797,"COMMON_ACS":5000000000,"CURRENTDEBT_DEBT":85.374045801527,"ISSUED_COMMON_SHARES":14900529,"HK_COMMON_SHARES":14900529,"PER_SHARES":1000,"TOTAL_MARKET_CAP":38294359.53,"HKSK_MARKET_CAP":38294359.53,"PE_TTM":-1.364827243668,"PB_TTM":0.255148495454,"REPORT_DATE_SQ":"2021-06-30 00:00:00","REPORT_TYPE_SQ":"2021年中报","OPERATE_INCOME_SQ":90582000,"DPS_HKD":null,"OPERATE_INCOME_QOQ_SQ":-57.008639237655,"NET_PROFIT_RATIO_SQ":1.5709522863,"HOLDER_PROFIT_SQ":1423000,"HOLDER_PROFIT_QOQ_SQ":-88.228355744279,"ROE_AVG_SQ":0.661751199221,"PE_TTM_SQ":-1.450290107208,"PB_TTM_SQ":0.575658195998,"ROA_SQ":0.57202005889,"START_DATE":"2022-07-01 00:00:00","FISCAL_YEAR":"6-30","CURRENCY":"HKD","IS_CNY_CODE":0,"DPS_HKD_LY":null,"ORG_TYPE":"一般企业","PREMIUM_INCOME":null,"PREMIUM_INCOME_YOY":null,"NET_INTEREST_INCOME":null,"NET_INTEREST_INCOME_YOY":null,"FEE_COMMISSION_INCOME":null,"FEE_COMMISSION_INCOME_YOY":null,"ACCOUNTS_RECE_TDAYS":0.993562635091,"INVENTORY_TDAYS":1.409237223769,"CURRENT_ASSETS_TDAYS":0.206709126191,"TOTAL_ASSETS_TDAYS":0.09700453483,"PREMIUM_EXPENSE":null,"LOAN_DEPOSIT":null,"LOAN_EQUITY":null,"LOAN_ASSETS":null,"DEPOSIT_EQUITY":null,"DEPOSIT_ASSETS":null,"EQUITY_MULTIPLIER":1.105805576196,"EQUITY_RATIO":0.105805576196},{"SECUCODE":"00073.HK","SECURITY_CODE":"00073","SECURITY_NAME_ABBR":"亚洲果业","ORG_CODE":"10135185","STD_REPORT_DATE":"2021-12-31 00:00:00","REPORT_DATE":"2022-06-30 00:00:00","DATE_TYPE_CODE":"001","REPORT_TYPE":"2021年年报","PER_NETCASH_OPERATE":-0.017642155403,"PER_OI":0.05743711956,"BPS":13.524352054883,"BASIC_EPS":-0.008,"DILUTED_EPS":-0.008,"OPERATE_INCOME":143572000,"OPERATE_INCOME_YOY":-26.6059360591,"GROSS_PROFIT":16976000,"GROSS_PROFIT_YOY":7.592850804918,"HOLDER_PROFIT":-20696000,"HOLDER_PROFIT_YOY":-618.4368737475,"GROSS_PROFIT_RATIO":11.824032541164,"EPS_TTM":-0.000356851689,"OPERATE_INCOME_QOQ":-15.129487061518,"NET_PROFIT_RATIO":-14.4150670047,"ROE_AVG":-9.948852055532,"GROSS_PROFIT_QOQ":10.749144378248,"ROA":-8.329778071143,"HOLDER_PROFIT_QOQ":-122.344689378758,"ROE_YEARLY":-9.948852055532,"ROIC_YEARLY":-14.733395030968,"TOTAL_ASSETS":230591000,"TOTAL_LIABILITIES":29071000,"TAX_EBT":-8.777462419847,"OCF_SALES":-30.715599141894,"TOTAL_PARENT_EQUITY":201520000,"DEBT_ASSET_RATIO":12.6071702712,"OPERATE_PROFIT":-19024000,"PRETAX_PROFIT":-19026000,"NETCASH_OPERATE":-44099000,"NETCASH_INVEST":-76217000,"NETCASH_FINANCE":-17000,"END_CASH":48100000,"DIVI_RATIO":null,"DIVIDEND_RATE":null,"CURRENT_RATIO":3.866030521203,"COMMON_ACS":5000000000,"CURRENTDEBT_DEBT":99.855526125692,"ISSUED_COMMON_SHARES":14900529,"HK_COMMON_SHARES":14900529,"PER_SHARES":1000,"TOTAL_MARKET_CAP":38294359.53,"HKSK_MARKET_CAP":38294359.53,"PE_TTM":-1.364827243668,"PB_TTM":0.255148495454,"REPORT_DATE_SQ":"2020-12-31 00:00:00","REPORT_TYPE_SQ":"2020年年报","OPERATE_INCOME_SQ":195618000,"DPS_HKD":null,"OPERATE_INCOME_QOQ_SQ":0.721849848148,"NET_PROFIT_RATIO_SQ":2.0407119999,"HOLDER_PROFIT_SQ":3992000,"HOLDER_PROFIT_QOQ_SQ":36.896496043921,"ROE_AVG_SQ":2.319177365944,"PE_TTM_SQ":-1.450290107208,"PB_TTM_SQ":0.575658195998,"ROA_SQ":1.876755638612,"START_DATE":"2021-07-01 00:00:00","FISCAL_YEAR":"6-30","CURRENCY":"HKD","IS_CNY_CODE":0,"DPS_HKD_LY":null,"ORG_TYPE":"一般企业","PREMIUM_INCOME":null,"PREMIUM_INCOME_YOY":null,"NET_INTEREST_INCOME":null,"NET_INTEREST_INCOME_YOY":null,"FEE_COMMISSION_INCOME":null,"FEE_COMMISSION_INCOME_YOY":null,"ACCOUNTS_RECE_TDAYS":5.708855222872,"INVENTORY_TDAYS":12.359269745192,"CURRENT_ASSETS_TDAYS":0.939404447992,"TOTAL_ASSETS_TDAYS":0.577852192322,"PREMIUM_EXPENSE":null,"LOAN_DEPOSIT":null,"LOAN_EQUITY":null,"LOAN_ASSETS":null,"DEPOSIT_EQUITY":null,"DEPOSIT_ASSETS":null,"EQUITY_MULTIPLIER":1.144258634379,"EQUITY_RATIO":0.144258634379},{"SECUCODE":"00073.HK","SECURITY_CODE":"00073","SECURITY_NAME_ABBR":"亚洲果业","ORG_CODE":"10135185","STD_REPORT_DATE":"2021-06-30 00:00:00","REPORT_DATE":"2021-12-31 00:00:00","DATE_TYPE_CODE":"002","REPORT_TYPE":"2021年中报","PER_NETCASH_OPERATE":-0.015876299625,"PER_OI":0.036238048951,"BPS":14.465459582005,"BASIC_EPS":0.00057,"DILUTED_EPS":0.00057,"OPERATE_INCOME":90582000,"OPERATE_INCOME_YOY":-24.6268035747,"GROSS_PROFIT":12669000,"GROSS_PROFIT_YOY":15.456119566208,"HOLDER_PROFIT":1423000,"HOLDER_PROFIT_YOY":-77.4377675599,"GROSS_PROFIT_RATIO":13.986222428297,"EPS_TTM":0.001597031324,"OPERATE_INCOME_QOQ":-57.008639237655,"NET_PROFIT_RATIO":1.5709522863,"ROE_AVG":0.661751199221,"GROSS_PROFIT_QOQ":-63.154453318388,"ROA":0.57202005889,"HOLDER_PROFIT_QOQ":-88.228355744279,"ROE_YEARLY":1.323502398441,"ROIC_YEARLY":2.135506357371,"TOTAL_ASSETS":231210000,"TOTAL_LIABILITIES":15667000,"TAX_EBT":48.027757487217,"OCF_SALES":-43.811132454572,"TOTAL_PARENT_EQUITY":215543000,"DEBT_ASSET_RATIO":6.7760909995,"OPERATE_PROFIT":2738000,"PRETAX_PROFIT":2738000,"NETCASH_OPERATE":-39685000,"NETCASH_INVEST":-63753000,"NETCASH_FINANCE":null,"END_CASH":63118000,"DIVI_RATIO":null,"DIVIDEND_RATE":null,"CURRENT_RATIO":6.194102253144,"COMMON_ACS":5000000000,"CURRENTDEBT_DEBT":100,"ISSUED_COMMON_SHARES":14900529,"HK_COMMON_SHARES":14900529,"PER_SHARES":1000,"TOTAL_MARKET_CAP":38294359.53,"HKSK_MARKET_CAP":38294359.53,"PE_TTM":-1.364827243668,"PB_TTM":0.255148495454,"REPORT_DATE_SQ":"2020-06-30 00:00:00","REPORT_TYPE_SQ":"2020年中报","OPERATE_INCOME_SQ":120178000,"DPS_HKD":null,"OPERATE_INCOME_QOQ_SQ":181.669732206877,"NET_PROFIT_RATIO_SQ":5.2480487277,"HOLDER_PROFIT_SQ":6307000,"HOLDER_PROFIT_QOQ_SQ":-95.496098266947,"ROE_AVG_SQ":4.741142775527,"PE_TTM_SQ":-1.450290107208,"PB_TTM_SQ":0.575658195998,"ROA_SQ":3.946129420782,"START_DATE":"2021-07-01 00:00:00","FISCAL_YEAR":"6-30","CURRENCY":"HKD","IS_CNY_CODE":0,"DPS_HKD_LY":null,"ORG_TYPE":"一般企业","PREMIUM_INCOME":null,"PREMIUM_INCOME_YOY":null,"NET_INTEREST_INCOME":null,"NET_INTEREST_INCOME_YOY":null,"FEE_COMMISSION_INCOME":null,"FEE_COMMISSION_INCOME_YOY":null,"ACCOUNTS_RECE_TDAYS":3.90145364488,"INVENTORY_TDAYS":61.591304347826,"CURRENT_ASSETS_TDAYS":0.623666870925,"TOTAL_ASSETS_TDAYS":0.364123127016,"PREMIUM_EXPENSE":null,"LOAN_DEPOSIT":null,"LOAN_EQUITY":null,"LOAN_ASSETS":null,"DEPOSIT_EQUITY":null,"DEPOSIT_ASSETS":null,"EQUITY_MULTIPLIER":1.072686192546,"EQUITY_RATIO":0.072686192546},{"SECUCODE":"00073.HK","SECURITY_CODE":"00073","SECURITY_NAME_ABBR":"亚洲果业","ORG_CODE":"10135185","STD_REPORT_DATE":"2020-12-31 00:00:00","REPORT_DATE":"2021-06-30 00:00:00","DATE_TYPE_CODE":"001","REPORT_TYPE":"2020年年报","PER_NETCASH_OPERATE":0.024917209168,"PER_OI":0.078258535467,"BPS":14.397341195068,"BASIC_EPS":0.003,"DILUTED_EPS":0.003,"OPERATE_INCOME":195618000,"OPERATE_INCOME_YOY":-56.6983061653,"GROSS_PROFIT":15778000,"GROSS_PROFIT_YOY":-62.808787478786,"HOLDER_PROFIT":3992000,"HOLDER_PROFIT_YOY":-83.8850314872,"GROSS_PROFIT_RATIO":8.065719923524,"EPS_TTM":0.027137461527,"OPERATE_INCOME_QOQ":0.721849848148,"NET_PROFIT_RATIO":2.0407119999,"ROE_AVG":2.319177365944,"GROSS_PROFIT_QOQ":0.93814821799,"ROA":1.876755638612,"HOLDER_PROFIT_QOQ":36.896496043921,"ROE_YEARLY":2.319177365944,"ROIC_YEARLY":3.532071331561,"TOTAL_ASSETS":266325000,"TOTAL_LIABILITIES":51797000,"TAX_EBT":45.457029648859,"OCF_SALES":31.839605762251,"TOTAL_PARENT_EQUITY":214528000,"DEBT_ASSET_RATIO":19.448793767,"OPERATE_PROFIT":7342000,"PRETAX_PROFIT":7319000,"NETCASH_OPERATE":62284000,"NETCASH_INVEST":-4725000,"NETCASH_FINANCE":80293000,"END_CASH":167876000,"DIVI_RATIO":null,"DIVIDEND_RATE":null,"CURRENT_RATIO":3.734559916597,"COMMON_ACS":5000000000,"CURRENTDEBT_DEBT":100,"ISSUED_COMMON_SHARES":14900529,"HK_COMMON_SHARES":14900529,"PER_SHARES":1000,"TOTAL_MARKET_CAP":38294359.53,"HKSK_MARKET_CAP":38294359.53,"PE_TTM":-1.364827243668,"PB_TTM":0.255148495454,"REPORT_DATE_SQ":"2019-12-31 00:00:00","REPORT_TYPE_SQ":"2019年年报","OPERATE_INCOME_SQ":451756000,"DPS_HKD":null,"OPERATE_INCOME_QOQ_SQ":203.632955965317,"NET_PROFIT_RATIO_SQ":5.4834910881,"HOLDER_PROFIT_SQ":24772000,"HOLDER_PROFIT_QOQ_SQ":1.550175770287,"ROE_AVG_SQ":21.071076179783,"PE_TTM_SQ":-1.450290107208,"PB_TTM_SQ":0.575658195998,"ROA_SQ":17.768851430109,"START_DATE":"2020-07-01 00:00:00","FISCAL_YEAR":"6-30","CURRENCY":"HKD","IS_CNY_CODE":0,"DPS_HKD_LY":null,"ORG_TYPE":"一般企业","PREMIUM_INCOME":null,"PREMIUM_INCOME_YOY":null,"NET_INTEREST_INCOME":null,"NET_INTEREST_INCOME_YOY":null,"FEE_COMMISSION_INCOME":null,"FEE_COMMISSION_INCOME_YOY":null,"ACCOUNTS_RECE_TDAYS":5.765000589414,"INVENTORY_TDAYS":145.501618122977,"CURRENT_ASSETS_TDAYS":1.419919138836,"TOTAL_ASSETS_TDAYS":0.919657275837,"PREMIUM_EXPENSE":null,"LOAN_DEPOSIT":null,"LOAN_EQUITY":null,"LOAN_ASSETS":null,"DEPOSIT_EQUITY":null,"DEPOSIT_ASSETS":null,"EQUITY_MULTIPLIER":1.241446338007,"EQUITY_RATIO":0.241446338007},{"SECUCODE":"00073.HK","SECURITY_CODE":"00073","SECURITY_NAME_ABBR":"亚洲果业","ORG_CODE":"10135185","STD_REPORT_DATE":"2020-06-30 00:00:00","REPORT_DATE":"2020-12-31 00:00:00","DATE_TYPE_CODE":"002","REPORT_TYPE":"2020年中报","PER_NETCASH_OPERATE":-0.009436333638,"PER_OI":0.096170259832,"BPS":9.148802703582,"BASIC_EPS":0.005,"DILUTED_EPS":0.005,"OPERATE_INCOME":120178000,"OPERATE_INCOME_YOY":2.7891581207,"GROSS_PROFIT":10973000,"GROSS_PROFIT_YOY":3.763593380615,"HOLDER_PROFIT":6307000,"HOLDER_PROFIT_YOY":322.6261913166,"GROSS_PROFIT_RATIO":9.130622909351,"EPS_TTM":0.01982334268,"OPERATE_INCOME_QOQ":181.669732206877,"NET_PROFIT_RATIO":5.2480487277,"ROE_AVG":4.741142775527,"GROSS_PROFIT_QOQ":312.564426723719,"ROA":3.946129420782,"HOLDER_PROFIT_QOQ":-95.496098266947,"ROE_YEARLY":9.482285551054,"ROIC_YEARLY":9.191398821018,"TOTAL_ASSETS":160565000,"TOTAL_LIABILITIES":24243000,"TAX_EBT":26.960046323104,"OCF_SALES":-9.812112033817,"TOTAL_PARENT_EQUITY":136322000,"DEBT_ASSET_RATIO":15.0985582163,"OPERATE_PROFIT":8652000,"PRETAX_PROFIT":8635000,"NETCASH_OPERATE":-11792000,"NETCASH_INVEST":-4946000,"NETCASH_FINANCE":-562000,"END_CASH":13685000,"DIVI_RATIO":null,"DIVIDEND_RATE":null,"CURRENT_RATIO":3.431959740956,"COMMON_ACS":5000000000,"CURRENTDEBT_DEBT":100,"ISSUED_COMMON_SHARES":14900529,"HK_COMMON_SHARES":14900529,"PER_SHARES":1000,"TOTAL_MARKET_CAP":38294359.53,"HKSK_MARKET_CAP":38294359.53,"PE_TTM":-1.364827243668,"PB_TTM":0.255148495454,"REPORT_DATE_SQ":"2019-06-30 00:00:00","REPORT_TYPE_SQ":"2019年中报","OPERATE_INCOME_SQ":116917000,"DPS_HKD":null,"OPERATE_INCOME_QOQ_SQ":-16.950458311715,"NET_PROFIT_RATIO_SQ":-2.423086463,"HOLDER_PROFIT_SQ":-2833000,"HOLDER_PROFIT_QOQ_SQ":1263.18965702382,"ROE_AVG_SQ":-2.709397295385,"PE_TTM_SQ":-1.450290107208,"PB_TTM_SQ":0.575658195998,"ROA_SQ":-2.227393878401,"START_DATE":"2020-07-01 00:00:00","FISCAL_YEAR":"6-30","CURRENCY":"HKD","IS_CNY_CODE":0,"DPS_HKD_LY":null,"ORG_TYPE":"一般企业","PREMIUM_INCOME":null,"PREMIUM_INCOME_YOY":null,"NET_INTEREST_INCOME":null,"NET_INTEREST_INCOME_YOY":null,"FEE_COMMISSION_INCOME":null,"FEE_COMMISSION_INCOME_YOY":null,"ACCOUNTS_RECE_TDAYS":2.128343855983,"INVENTORY_TDAYS":70.115569823435,"CURRENT_ASSETS_TDAYS":1.454094472946,"TOTAL_ASSETS_TDAYS":0.751923167165,"PREMIUM_EXPENSE":null,"LOAN_DEPOSIT":null,"LOAN_EQUITY":null,"LOAN_ASSETS":null,"DEPOSIT_EQUITY":null,"DEPOSIT_ASSETS":null,"EQUITY_MULTIPLIER":1.17783629935,"EQUITY_RATIO":0.17783629935},{"SECUCODE":"00073.HK","SECURITY_CODE":"00073","SECURITY_NAME_ABBR":"亚洲果业","ORG_CODE":"10135185","STD_REPORT_DATE":"2019-12-31 00:00:00","REPORT_DATE":"2020-06-30 00:00:00","DATE_TYPE_CODE":"001","REPORT_TYPE":"2019年年报","PER_NETCASH_OPERATE":0.013330261681,"PER_OI":0.361509526707,"BPS":8.706536526321,"BASIC_EPS":0.02,"DILUTED_EPS":0.02,"OPERATE_INCOME":451756000,"OPERATE_INCOME_YOY":755.2421339593,"GROSS_PROFIT":42424000,"GROSS_PROFIT_YOY":6327.87878787879,"HOLDER_PROFIT":24772000,"HOLDER_PROFIT_YOY":-95.4262798736,"GROSS_PROFIT_RATIO":9.390910137331,"EPS_TTM":0.44013710455,"OPERATE_INCOME_QOQ":203.632955965317,"NET_PROFIT_RATIO":5.4834910881,"ROE_AVG":21.071076179783,"GROSS_PROFIT_QOQ":1458.0303030303,"ROA":17.768851430109,"HOLDER_PROFIT_QOQ":1.550175770287,"ROE_YEARLY":21.071076179783,"ROIC_YEARLY":21.628606477581,"TOTAL_ASSETS":159090000,"TOTAL_LIABILITIES":29358000,"TAX_EBT":25.110345244573,"OCF_SALES":3.687388767388,"TOTAL_PARENT_EQUITY":129732000,"DEBT_ASSET_RATIO":18.4537054497,"OPERATE_PROFIT":33149000,"PRETAX_PROFIT":33078000,"NETCASH_OPERATE":16658000,"NETCASH_INVEST":-1928000,"NETCASH_FINANCE":-1222000,"END_CASH":31496000,"DIVI_RATIO":null,"DIVIDEND_RATE":null,"CURRENT_RATIO":2.796341712651,"COMMON_ACS":5000000000,"CURRENTDEBT_DEBT":100,"ISSUED_COMMON_SHARES":14900529,"HK_COMMON_SHARES":14900529,"PER_SHARES":1000,"TOTAL_MARKET_CAP":38294359.53,"HKSK_MARKET_CAP":38294359.53,"PE_TTM":-1.364827243668,"PB_TTM":0.255148495454,"REPORT_DATE_SQ":"2018-12-31 00:00:00","REPORT_TYPE_SQ":"2018年年报","OPERATE_INCOME_SQ":52822000,"DPS_HKD":null,"OPERATE_INCOME_QOQ_SQ":17.242714151413,"NET_PROFIT_RATIO_SQ":1025.3606451857,"HOLDER_PROFIT_SQ":541616000,"HOLDER_PROFIT_QOQ_SQ":79.006005626894,"ROE_AVG_SQ":-330.394680656378,"PE_TTM_SQ":-1.450290107208,"PB_TTM_SQ":0.575658195998,"ROA_SQ":377.817151945533,"START_DATE":"2019-07-01 00:00:00","FISCAL_YEAR":"6-30","CURRENCY":"HKD","IS_CNY_CODE":0,"DPS_HKD_LY":null,"ORG_TYPE":"一般企业","PREMIUM_INCOME":null,"PREMIUM_INCOME_YOY":null,"NET_INTEREST_INCOME":null,"NET_INTEREST_INCOME_YOY":null,"FEE_COMMISSION_INCOME":null,"FEE_COMMISSION_INCOME_YOY":null,"ACCOUNTS_RECE_TDAYS":14.839648517697,"INVENTORY_TDAYS":302.64842883549,"CURRENT_ASSETS_TDAYS":7.571160420996,"TOTAL_ASSETS_TDAYS":3.240426790998,"PREMIUM_EXPENSE":null,"LOAN_DEPOSIT":null,"LOAN_EQUITY":null,"LOAN_ASSETS":null,"DEPOSIT_EQUITY":null,"DEPOSIT_ASSETS":null,"EQUITY_MULTIPLIER":1.226297289797,"EQUITY_RATIO":0.226297289797}],"count":34},"success":true,"message":"ok","code":0}