{"version":"ed101e91babc9c7dfce36268a302bba0","result":{"pages":6,"data":[{"SECUCODE":"00070.HK","SECURITY_CODE":"00070","SECURITY_NAME_ABBR":"金粤控股","ORG_CODE":"10007358","STD_REPORT_DATE":"2023-12-31 00:00:00","REPORT_DATE":"2024-06-30 00:00:00","DATE_TYPE_CODE":"001","REPORT_TYPE":"2023年年报","PER_NETCASH_OPERATE":-0.034955686825,"PER_OI":0.059666674666,"BPS":0.499813080979,"BASIC_EPS":-0.02372968,"DILUTED_EPS":-0.02372968,"OPERATE_INCOME":115683102.68,"OPERATE_INCOME_YOY":28.8447268107,"GROSS_PROFIT":95062010.76,"GROSS_PROFIT_YOY":30.53422004105,"HOLDER_PROFIT":-46076649.8,"HOLDER_PROFIT_YOY":-365.3424278735,"GROSS_PROFIT_RATIO":82.174499609471,"EPS_TTM":-0.013201164419,"OPERATE_INCOME_QOQ":18.709954117034,"NET_PROFIT_RATIO":-38.680562678,"ROE_AVG":-4.638779776262,"GROSS_PROFIT_QOQ":16.916584492083,"ROA":-3.408464482868,"HOLDER_PROFIT_QOQ":-155.881639300412,"ROE_YEARLY":-4.638779776262,"ROIC_YEARLY":-3.864486907745,"TOTAL_ASSETS":1375335745.6,"TOTAL_LIABILITIES":310603257.6,"TAX_EBT":-7.784641765779,"OCF_SALES":-58.584942130634,"TOTAL_PARENT_EQUITY":969048942.16,"DEBT_ASSET_RATIO":22.5838133411,"OPERATE_PROFIT":-29090762.32,"PRETAX_PROFIT":-41515075.16,"NETCASH_OPERATE":-67772878.76,"NETCASH_INVEST":685422.68,"NETCASH_FINANCE":80434488.4,"END_CASH":70496315.88,"DIVI_RATIO":null,"DIVIDEND_RATE":null,"CURRENT_RATIO":1.109937798351,"COMMON_ACS":null,"CURRENTDEBT_DEBT":56.877056887635,"ISSUED_COMMON_SHARES":1938822690,"HK_COMMON_SHARES":1938822690,"PER_SHARES":10000,"TOTAL_MARKET_CAP":110512893.33,"HKSK_MARKET_CAP":110512893.33,"PE_TTM":-2.189024330593,"PB_TTM":0.10408443072,"REPORT_DATE_SQ":"2022-12-31 00:00:00","REPORT_TYPE_SQ":"2022年年报","OPERATE_INCOME_SQ":90699782.5,"DPS_HKD":null,"OPERATE_INCOME_QOQ_SQ":35.051724136247,"NET_PROFIT_RATIO_SQ":-6.6602287166,"HOLDER_PROFIT_SQ":-10002561.02,"HOLDER_PROFIT_QOQ_SQ":-108.783810667678,"ROE_AVG_SQ":-0.959834521662,"PE_TTM_SQ":-7.505811870218,"PB_TTM_SQ":0.073039222756,"ROA_SQ":-0.746648460988,"START_DATE":"2023-07-01 00:00:00","FISCAL_YEAR":"6-30","CURRENCY":"HKD","IS_CNY_CODE":0,"DPS_HKD_LY":null,"ORG_TYPE":"一般企业","PREMIUM_INCOME":null,"PREMIUM_INCOME_YOY":null,"NET_INTEREST_INCOME":null,"NET_INTEREST_INCOME_YOY":null,"FEE_COMMISSION_INCOME":null,"FEE_COMMISSION_INCOME_YOY":null,"ACCOUNTS_RECE_TDAYS":9.515483653016,"INVENTORY_TDAYS":null,"CURRENT_ASSETS_TDAYS":0.627881171639,"TOTAL_ASSETS_TDAYS":0.085575177116,"PREMIUM_EXPENSE":null,"LOAN_DEPOSIT":null,"LOAN_EQUITY":null,"LOAN_ASSETS":null,"DEPOSIT_EQUITY":null,"DEPOSIT_ASSETS":null,"EQUITY_MULTIPLIER":1.29171952683,"EQUITY_RATIO":0.320523808537},{"SECUCODE":"00070.HK","SECURITY_CODE":"00070","SECURITY_NAME_ABBR":"金粤控股","ORG_CODE":"10007358","STD_REPORT_DATE":"2023-06-30 00:00:00","REPORT_DATE":"2023-12-31 00:00:00","DATE_TYPE_CODE":"002","REPORT_TYPE":"2023年中报","PER_NETCASH_OPERATE":-0.015079496331,"PER_OI":0.029516307538,"BPS":0.514890341705,"BASIC_EPS":-0.008790334,"DILUTED_EPS":-0.008790334,"OPERATE_INCOME":57226886.78,"OPERATE_INCOME_YOY":40.1224843012,"GROSS_PROFIT":45665332.02,"GROSS_PROFIT_YOY":36.944905613228,"HOLDER_PROFIT":-17074091.02,"HOLDER_PROFIT_YOY":-1035.6841470766,"GROSS_PROFIT_RATIO":79.796988075821,"EPS_TTM":-0.005159090138,"OPERATE_INCOME_QOQ":30.122330231337,"NET_PROFIT_RATIO":-27.8104166337,"ROE_AVG":-1.700086082592,"GROSS_PROFIT_QOQ":22.38300596867,"ROA":-1.26564379325,"HOLDER_PROFIT_QOQ":-54.285647219491,"ROE_YEARLY":-3.400172165185,"ROIC_YEARLY":-2.894698634694,"TOTAL_ASSETS":1379165343.36,"TOTAL_LIABILITIES":283279840.9,"TAX_EBT":-21.142305304546,"OCF_SALES":-51.088694991211,"TOTAL_PARENT_EQUITY":998281077.36,"DEBT_ASSET_RATIO":20.5399477491,"OPERATE_PROFIT":-7834271.9,"PRETAX_PROFIT":-13137471.34,"NETCASH_OPERATE":-29236469.64,"NETCASH_INVEST":652478.4,"NETCASH_FINANCE":60172101.78,"END_CASH":89344229.8,"DIVI_RATIO":null,"DIVIDEND_RATE":null,"CURRENT_RATIO":1.261753655718,"COMMON_ACS":null,"CURRENTDEBT_DEBT":52.876405572706,"ISSUED_COMMON_SHARES":1938822690,"HK_COMMON_SHARES":1938822690,"PER_SHARES":10000,"TOTAL_MARKET_CAP":95002311.81,"HKSK_MARKET_CAP":95002311.81,"PE_TTM":-1.881792845598,"PB_TTM":0.089476089566,"REPORT_DATE_SQ":"2022-06-30 00:00:00","REPORT_TYPE_SQ":"2022年中报","OPERATE_INCOME_SQ":40256999.09,"DPS_HKD":null,"OPERATE_INCOME_QOQ_SQ":6.374923563803,"NET_PROFIT_RATIO_SQ":0.1752945614,"HOLDER_PROFIT_SQ":-1481934.93,"HOLDER_PROFIT_QOQ_SQ":58.161976307319,"ROE_AVG_SQ":-0.145985465691,"PE_TTM_SQ":-8.935490321689,"PB_TTM_SQ":0.086951455662,"ROA_SQ":-0.115211573659,"START_DATE":"2023-07-01 00:00:00","FISCAL_YEAR":"6-30","CURRENCY":"HKD","IS_CNY_CODE":0,"DPS_HKD_LY":null,"ORG_TYPE":"一般企业","PREMIUM_INCOME":null,"PREMIUM_INCOME_YOY":null,"NET_INTEREST_INCOME":null,"NET_INTEREST_INCOME_YOY":null,"FEE_COMMISSION_INCOME":null,"FEE_COMMISSION_INCOME_YOY":null,"ACCOUNTS_RECE_TDAYS":5.255409454061,"INVENTORY_TDAYS":null,"CURRENT_ASSETS_TDAYS":0.317769189739,"TOTAL_ASSETS_TDAYS":0.042420327955,"PREMIUM_EXPENSE":null,"LOAN_DEPOSIT":null,"LOAN_EQUITY":null,"LOAN_ASSETS":null,"DEPOSIT_EQUITY":null,"DEPOSIT_ASSETS":null,"EQUITY_MULTIPLIER":1.258494012617,"EQUITY_RATIO":0.283767615479},{"SECUCODE":"00070.HK","SECURITY_CODE":"00070","SECURITY_NAME_ABBR":"金粤控股","ORG_CODE":"10007358","STD_REPORT_DATE":"2022-12-31 00:00:00","REPORT_DATE":"2023-06-30 00:00:00","DATE_TYPE_CODE":"001","REPORT_TYPE":"2022年年报","PER_NETCASH_OPERATE":-0.047777578145,"PER_OI":0.046780854674,"BPS":0.530169387609,"BASIC_EPS":-0.005163088,"DILUTED_EPS":-0.005163088,"OPERATE_INCOME":90699782.5,"OPERATE_INCOME_YOY":63.0020546129,"GROSS_PROFIT":72825356.24,"GROSS_PROFIT_YOY":78.003619333004,"HOLDER_PROFIT":-10002561.02,"HOLDER_PROFIT_YOY":-198.7882126136,"GROSS_PROFIT_RATIO":80.292757306226,"EPS_TTM":-0.003343856173,"OPERATE_INCOME_QOQ":35.051724136247,"NET_PROFIT_RATIO":-6.6602287166,"ROE_AVG":-0.959834521662,"GROSS_PROFIT_QOQ":45.447987589529,"ROA":-0.746648460988,"HOLDER_PROFIT_QOQ":-108.783810667678,"ROE_YEARLY":-0.959834521662,"ROIC_YEARLY":-0.86278058859,"TOTAL_ASSETS":1341859833.78,"TOTAL_LIABILITIES":217726498.98,"TAX_EBT":1313.33333333333,"OCF_SALES":-102.130622617535,"TOTAL_PARENT_EQUITY":1027904438.24,"DEBT_ASSET_RATIO":16.225725929,"OPERATE_PROFIT":6864141.1,"PRETAX_PROFIT":497869.2,"NETCASH_OPERATE":-92632252.58,"NETCASH_INVEST":1264034.58,"NETCASH_FINANCE":40828040.34,"END_CASH":58189845.72,"DIVI_RATIO":null,"DIVIDEND_RATE":null,"CURRENT_RATIO":1.998265119379,"COMMON_ACS":null,"CURRENTDEBT_DEBT":40.029896125784,"ISSUED_COMMON_SHARES":1938822690,"HK_COMMON_SHARES":1938822690,"PER_SHARES":10000,"TOTAL_MARKET_CAP":95002311.81,"HKSK_MARKET_CAP":95002311.81,"PE_TTM":-1.881792845598,"PB_TTM":0.089476089566,"REPORT_DATE_SQ":"2021-12-31 00:00:00","REPORT_TYPE_SQ":"2021年年报","OPERATE_INCOME_SQ":51612426.88,"DPS_HKD":null,"OPERATE_INCOME_QOQ_SQ":14.189612705954,"NET_PROFIT_RATIO_SQ":-6.591330859,"HOLDER_PROFIT_SQ":-3105194.89,"HOLDER_PROFIT_QOQ_SQ":70.616192258493,"ROE_AVG_SQ":-0.314660256182,"PE_TTM_SQ":-8.935490321689,"PB_TTM_SQ":0.086951455662,"ROA_SQ":-0.275938902826,"START_DATE":"2022-07-01 00:00:00","FISCAL_YEAR":"6-30","CURRENCY":"HKD","IS_CNY_CODE":0,"DPS_HKD_LY":null,"ORG_TYPE":"一般企业","PREMIUM_INCOME":null,"PREMIUM_INCOME_YOY":null,"NET_INTEREST_INCOME":null,"NET_INTEREST_INCOME_YOY":null,"FEE_COMMISSION_INCOME":null,"FEE_COMMISSION_INCOME_YOY":null,"ACCOUNTS_RECE_TDAYS":8.09770753591,"INVENTORY_TDAYS":null,"CURRENT_ASSETS_TDAYS":0.462096355604,"TOTAL_ASSETS_TDAYS":0.06770351401,"PREMIUM_EXPENSE":null,"LOAN_DEPOSIT":null,"LOAN_EQUITY":null,"LOAN_ASSETS":null,"DEPOSIT_EQUITY":null,"DEPOSIT_ASSETS":null,"EQUITY_MULTIPLIER":1.193683873826,"EQUITY_RATIO":0.211815895408},{"SECUCODE":"00070.HK","SECURITY_CODE":"00070","SECURITY_NAME_ABBR":"金粤控股","ORG_CODE":"10007358","STD_REPORT_DATE":"2022-06-30 00:00:00","REPORT_DATE":"2022-12-31 00:00:00","DATE_TYPE_CODE":"002","REPORT_TYPE":"2022年中报","PER_NETCASH_OPERATE":-0.031567703899,"PER_OI":0.020763631093,"BPS":0.519295340581,"BASIC_EPS":-0.000714616,"DILUTED_EPS":-0.000714616,"OPERATE_INCOME":40256999.09,"OPERATE_INCOME_YOY":66.2314189812,"GROSS_PROFIT":33345769.1,"GROSS_PROFIT_YOY":126.043022983907,"HOLDER_PROFIT":-1481934.93,"HOLDER_PROFIT_YOY":-171.5394566624,"GROSS_PROFIT_RATIO":82.832227572281,"EPS_TTM":-0.001601587864,"OPERATE_INCOME_QOQ":6.374923563803,"NET_PROFIT_RATIO":0.1752945614,"ROE_AVG":-0.145985465691,"GROSS_PROFIT_QOQ":5.714545341796,"ROA":-0.115211573659,"HOLDER_PROFIT_QOQ":58.161976307319,"ROE_YEARLY":-0.291970931381,"ROIC_YEARLY":-0.265951477882,"TOTAL_ASSETS":1276730265.79,"TOTAL_LIABILITIES":182419133.05,"TAX_EBT":97.740274599542,"OCF_SALES":-152.033638804447,"TOTAL_PARENT_EQUITY":1006821589.13,"DEBT_ASSET_RATIO":14.2879931602,"OPERATE_PROFIT":5760698.23,"PRETAX_PROFIT":3122871.92,"NETCASH_OPERATE":-61204180.59,"NETCASH_INVEST":849499.77,"NETCASH_FINANCE":178654,"END_CASH":56373376.43,"DIVI_RATIO":null,"DIVIDEND_RATE":null,"CURRENT_RATIO":3.451974742127,"COMMON_ACS":null,"CURRENTDEBT_DEBT":24.970741620351,"ISSUED_COMMON_SHARES":1938822690,"HK_COMMON_SHARES":1938822690,"PER_SHARES":10000,"TOTAL_MARKET_CAP":95002311.81,"HKSK_MARKET_CAP":95002311.81,"PE_TTM":-1.881792845598,"PB_TTM":0.089476089566,"REPORT_DATE_SQ":"2021-06-30 00:00:00","REPORT_TYPE_SQ":"2021年中报","OPERATE_INCOME_SQ":22165953.6,"DPS_HKD":null,"OPERATE_INCOME_QOQ_SQ":25.408635543678,"NET_PROFIT_RATIO_SQ":14.8721920991,"HOLDER_PROFIT_SQ":1896014.4,"HOLDER_PROFIT_QOQ_SQ":72.323232919268,"ROE_AVG_SQ":0.199145965233,"PE_TTM_SQ":-8.935490321689,"PB_TTM_SQ":0.086951455662,"ROA_SQ":0.174294264185,"START_DATE":"2022-07-01 00:00:00","FISCAL_YEAR":"6-30","CURRENCY":"HKD","IS_CNY_CODE":0,"DPS_HKD_LY":null,"ORG_TYPE":"一般企业","PREMIUM_INCOME":null,"PREMIUM_INCOME_YOY":null,"NET_INTEREST_INCOME":null,"NET_INTEREST_INCOME_YOY":null,"FEE_COMMISSION_INCOME":null,"FEE_COMMISSION_INCOME_YOY":null,"ACCOUNTS_RECE_TDAYS":3.301611721612,"INVENTORY_TDAYS":null,"CURRENT_ASSETS_TDAYS":0.218290228598,"TOTAL_ASSETS_TDAYS":0.031297408017,"PREMIUM_EXPENSE":null,"LOAN_DEPOSIT":null,"LOAN_EQUITY":null,"LOAN_ASSETS":null,"DEPOSIT_EQUITY":null,"DEPOSIT_ASSETS":null,"EQUITY_MULTIPLIER":1.166697685505,"EQUITY_RATIO":0.181183175867},{"SECUCODE":"00070.HK","SECURITY_CODE":"00070","SECURITY_NAME_ABBR":"金粤控股","ORG_CODE":"10007358","STD_REPORT_DATE":"2021-12-31 00:00:00","REPORT_DATE":"2022-06-30 00:00:00","DATE_TYPE_CODE":"001","REPORT_TYPE":"2021年年报","PER_NETCASH_OPERATE":-0.036817995198,"PER_OI":0.02662049869,"BPS":0.505358091771,"BASIC_EPS":-0.001624861,"DILUTED_EPS":-0.001624861,"OPERATE_INCOME":51612426.88,"OPERATE_INCOME_YOY":18.1866248898,"GROSS_PROFIT":40912289.6,"GROSS_PROFIT_YOY":9.697686940899,"HOLDER_PROFIT":-3105194.89,"HOLDER_PROFIT_YOY":88.0386085123,"GROSS_PROFIT_RATIO":79.268292682927,"EPS_TTM":-0.003828067682,"OPERATE_INCOME_QOQ":14.189612705954,"NET_PROFIT_RATIO":-6.591330859,"ROE_AVG":-0.314660256182,"GROSS_PROFIT_QOQ":3.767827394258,"ROA":-0.275938902826,"HOLDER_PROFIT_QOQ":70.616192258493,"ROE_YEARLY":-0.314660256182,"ROIC_YEARLY":-0.375123263273,"TOTAL_ASSETS":1240574531.98,"TOTAL_LIABILITIES":173398324.4,"TAX_EBT":-33.624454148472,"OCF_SALES":-138.306932661718,"TOTAL_PARENT_EQUITY":979799734.9,"DEBT_ASSET_RATIO":13.9772597236,"OPERATE_PROFIT":-23070460.63,"PRETAX_PROFIT":-2545900.63,"NETCASH_OPERATE":-71383564.49,"NETCASH_INVEST":-27858669.44,"NETCASH_FINANCE":-192503269,"END_CASH":103908150.57,"DIVI_RATIO":null,"DIVIDEND_RATE":null,"CURRENT_RATIO":5.158627147804,"COMMON_ACS":null,"CURRENTDEBT_DEBT":22.646971789308,"ISSUED_COMMON_SHARES":1938822690,"HK_COMMON_SHARES":1938822690,"PER_SHARES":10000,"TOTAL_MARKET_CAP":95002311.81,"HKSK_MARKET_CAP":95002311.81,"PE_TTM":-1.881792845598,"PB_TTM":0.089476089566,"REPORT_DATE_SQ":"2020-12-31 00:00:00","REPORT_TYPE_SQ":"2020年年报","OPERATE_INCOME_SQ":42490165.2,"DPS_HKD":null,"OPERATE_INCOME_QOQ_SQ":-31.215466303317,"NET_PROFIT_RATIO_SQ":-43.0275139528,"HOLDER_PROFIT_SQ":-25258620.48,"HOLDER_PROFIT_QOQ_SQ":-16.575713905323,"ROE_AVG_SQ":-2.578323936556,"PE_TTM_SQ":-8.935490321689,"PB_TTM_SQ":0.086951455662,"ROA_SQ":-2.522933587655,"START_DATE":"2021-07-01 00:00:00","FISCAL_YEAR":"6-30","CURRENCY":"HKD","IS_CNY_CODE":0,"DPS_HKD_LY":null,"ORG_TYPE":"一般企业","PREMIUM_INCOME":null,"PREMIUM_INCOME_YOY":null,"NET_INTEREST_INCOME":null,"NET_INTEREST_INCOME_YOY":null,"FEE_COMMISSION_INCOME":null,"FEE_COMMISSION_INCOME_YOY":null,"ACCOUNTS_RECE_TDAYS":6.180756823186,"INVENTORY_TDAYS":null,"CURRENT_ASSETS_TDAYS":0.149638375579,"TOTAL_ASSETS_TDAYS":0.045864678225,"PREMIUM_EXPENSE":null,"LOAN_DEPOSIT":null,"LOAN_EQUITY":null,"LOAN_ASSETS":null,"DEPOSIT_EQUITY":null,"DEPOSIT_ASSETS":null,"EQUITY_MULTIPLIER":1.162483311723,"EQUITY_RATIO":0.176973230573},{"SECUCODE":"00070.HK","SECURITY_CODE":"00070","SECURITY_NAME_ABBR":"金粤控股","ORG_CODE":"10007358","STD_REPORT_DATE":"2021-06-30 00:00:00","REPORT_DATE":"2021-12-31 00:00:00","DATE_TYPE_CODE":"002","REPORT_TYPE":"2021年中报","PER_NETCASH_OPERATE":-0.005539019146,"PER_OI":0.011432687328,"BPS":0.492025567537,"BASIC_EPS":0.00098112,"DILUTED_EPS":0.00098112,"OPERATE_INCOME":22165953.6,"OPERATE_INCOME_YOY":41.4019715225,"GROSS_PROFIT":14751956.8,"GROSS_PROFIT_YOY":10.528646216901,"HOLDER_PROFIT":1896014.4,"HOLDER_PROFIT_YOY":112.2439281943,"GROSS_PROFIT_RATIO":66.552321935746,"EPS_TTM":-0.013027813534,"OPERATE_INCOME_QOQ":25.408635543678,"NET_PROFIT_RATIO":14.8721920991,"ROE_AVG":0.199145965233,"GROSS_PROFIT_QOQ":31.325468096873,"ROA":0.174294264185,"HOLDER_PROFIT_QOQ":72.323232919268,"ROE_YEARLY":0.398291930466,"ROIC_YEARLY":0.487445493441,"TOTAL_ASSETS":1209980139.2,"TOTAL_LIABILITIES":170310985.6,"TAX_EBT":15.205047318612,"OCF_SALES":-48.448969053152,"TOTAL_PARENT_EQUITY":953950334.4,"DEBT_ASSET_RATIO":14.0755191001,"OPERATE_PROFIT":-14469884.8,"PRETAX_PROFIT":3887688,"NETCASH_OPERATE":-10739176,"NETCASH_INVEST":-28857192,"NETCASH_FINANCE":-190706017.6,"END_CASH":148004404.8,"DIVI_RATIO":null,"DIVIDEND_RATE":null,"CURRENT_RATIO":6.894675099459,"COMMON_ACS":null,"CURRENTDEBT_DEBT":18.824229738942,"ISSUED_COMMON_SHARES":1938822690,"HK_COMMON_SHARES":1938822690,"PER_SHARES":10000,"TOTAL_MARKET_CAP":89185843.74,"HKSK_MARKET_CAP":89185843.74,"PE_TTM":-1.766581038724,"PB_TTM":0.083997961634,"REPORT_DATE_SQ":"2020-06-30 00:00:00","REPORT_TYPE_SQ":"2020年中报","OPERATE_INCOME_SQ":16136763.72,"DPS_HKD":null,"OPERATE_INCOME_QOQ_SQ":-34.339262049736,"NET_PROFIT_RATIO_SQ":-98.7430240442,"HOLDER_PROFIT_SQ":-15940661.6,"HOLDER_PROFIT_QOQ_SQ":-458.276176064858,"ROE_AVG_SQ":-1.600930466873,"PE_TTM_SQ":-8.935490321689,"PB_TTM_SQ":0.086951455662,"ROA_SQ":-1.57680317725,"START_DATE":"2021-07-01 00:00:00","FISCAL_YEAR":"6-30","CURRENCY":"HKD","IS_CNY_CODE":0,"DPS_HKD_LY":null,"ORG_TYPE":"一般企业","PREMIUM_INCOME":null,"PREMIUM_INCOME_YOY":null,"NET_INTEREST_INCOME":null,"NET_INTEREST_INCOME_YOY":null,"FEE_COMMISSION_INCOME":null,"FEE_COMMISSION_INCOME_YOY":null,"ACCOUNTS_RECE_TDAYS":2.896319641045,"INVENTORY_TDAYS":null,"CURRENT_ASSETS_TDAYS":0.064541317656,"TOTAL_ASSETS_TDAYS":0.020376419993,"PREMIUM_EXPENSE":null,"LOAN_DEPOSIT":null,"LOAN_EQUITY":null,"LOAN_ASSETS":null,"DEPOSIT_EQUITY":null,"DEPOSIT_ASSETS":null,"EQUITY_MULTIPLIER":1.163812675418,"EQUITY_RATIO":0.178532340163},{"SECUCODE":"00070.HK","SECURITY_CODE":"00070","SECURITY_NAME_ABBR":"金粤控股","ORG_CODE":"10007358","STD_REPORT_DATE":"2020-12-31 00:00:00","REPORT_DATE":"2021-06-30 00:00:00","DATE_TYPE_CODE":"001","REPORT_TYPE":"2020年年报","PER_NETCASH_OPERATE":0.139052897344,"PER_OI":0.021915446636,"BPS":0.498768356213,"BASIC_EPS":-0.013063656,"DILUTED_EPS":-0.013063656,"OPERATE_INCOME":42490165.2,"OPERATE_INCOME_YOY":-5.3036624942,"GROSS_PROFIT":37295489.76,"GROSS_PROFIT_YOY":-12.58706158085,"HOLDER_PROFIT":-25258620.48,"HOLDER_PROFIT_YOY":64.5808295899,"GROSS_PROFIT_RATIO":87.774405169882,"EPS_TTM":-0.047071298088,"OPERATE_INCOME_QOQ":-31.215466303317,"NET_PROFIT_RATIO":-43.0275139528,"ROE_AVG":-2.578323936556,"GROSS_PROFIT_QOQ":-33.437938820314,"ROA":-2.522933587655,"HOLDER_PROFIT_QOQ":-16.575713905323,"ROE_YEARLY":-2.578323936556,"ROIC_YEARLY":-3.467877918268,"TOTAL_ASSETS":982769688,"TOTAL_LIABILITIES":8618684.64,"TAX_EBT":-62.635085122132,"OCF_SALES":634.49720943895,"TOTAL_PARENT_EQUITY":967023406.08,"DEBT_ASSET_RATIO":0.8769790873,"OPERATE_PROFIT":-11241400.8,"PRETAX_PROFIT":-11241400.8,"NETCASH_OPERATE":269598912.48,"NETCASH_INVEST":2621884.08,"NETCASH_FINANCE":-19595484,"END_CASH":385755616.32,"DIVI_RATIO":null,"DIVIDEND_RATE":null,"CURRENT_RATIO":81.627363896848,"COMMON_ACS":null,"CURRENTDEBT_DEBT":67.387526549527,"ISSUED_COMMON_SHARES":1938822690,"HK_COMMON_SHARES":1938822690,"PER_SHARES":10000,"TOTAL_MARKET_CAP":89185843.74,"HKSK_MARKET_CAP":89185843.74,"PE_TTM":-1.766581038724,"PB_TTM":0.083997961634,"REPORT_DATE_SQ":"2019-12-31 00:00:00","REPORT_TYPE_SQ":"2019年年报","OPERATE_INCOME_SQ":49257252,"DPS_HKD":null,"OPERATE_INCOME_QOQ_SQ":-28.818459538351,"NET_PROFIT_RATIO_SQ":-150.535002318,"HOLDER_PROFIT_SQ":-78286375.2,"HOLDER_PROFIT_QOQ_SQ":-41.661138025324,"ROE_AVG_SQ":-7.37261898515,"PE_TTM_SQ":-8.935490321689,"PB_TTM_SQ":0.086951455662,"ROA_SQ":-7.056836745448,"START_DATE":"2020-07-01 00:00:00","FISCAL_YEAR":"6-30","CURRENCY":"HKD","IS_CNY_CODE":0,"DPS_HKD_LY":null,"ORG_TYPE":"一般企业","PREMIUM_INCOME":null,"PREMIUM_INCOME_YOY":null,"NET_INTEREST_INCOME":null,"NET_INTEREST_INCOME_YOY":null,"FEE_COMMISSION_INCOME":null,"FEE_COMMISSION_INCOME_YOY":null,"ACCOUNTS_RECE_TDAYS":14.883415913728,"INVENTORY_TDAYS":null,"CURRENT_ASSETS_TDAYS":0.088829705809,"TOTAL_ASSETS_TDAYS":0.042440902508,"PREMIUM_EXPENSE":null,"LOAN_DEPOSIT":null,"LOAN_EQUITY":null,"LOAN_ASSETS":null,"DEPOSIT_EQUITY":null,"DEPOSIT_ASSETS":null,"EQUITY_MULTIPLIER":1.00884738055,"EQUITY_RATIO":0.008912591552},{"SECUCODE":"00070.HK","SECURITY_CODE":"00070","SECURITY_NAME_ABBR":"金粤控股","ORG_CODE":"10007358","STD_REPORT_DATE":"2020-06-30 00:00:00","REPORT_DATE":"2020-12-31 00:00:00","DATE_TYPE_CODE":"002","REPORT_TYPE":"2020年中报","PER_NETCASH_OPERATE":0.047207776571,"PER_OI":0.008322970328,"BPS":0.509454513801,"BASIC_EPS":-0.008248072,"DILUTED_EPS":null,"OPERATE_INCOME":16136763.72,"OPERATE_INCOME_YOY":-45.4987350408,"GROSS_PROFIT":13346727.12,"GROSS_PROFIT_YOY":-51.665609623446,"HOLDER_PROFIT":-15940661.6,"HOLDER_PROFIT_YOY":-472.3783620429,"GROSS_PROFIT_RATIO":82.710061023314,"EPS_TTM":-0.040378305661,"OPERATE_INCOME_QOQ":-34.339262049736,"NET_PROFIT_RATIO":-98.7430240442,"ROE_AVG":-1.600930466873,"GROSS_PROFIT_QOQ":-33.833598766779,"ROA":-1.57680317725,"HOLDER_PROFIT_QOQ":-458.276176064858,"ROE_YEARLY":-3.201860933747,"ROIC_YEARLY":-3.841592131024,"TOTAL_ASSETS":990630479.36,"TOTAL_LIABILITIES":2888508.48,"TAX_EBT":5.249987488114,"OCF_SALES":567.198664789026,"TOTAL_PARENT_EQUITY":987741970.88,"DEBT_ASSET_RATIO":0.2915828394,"OPERATE_PROFIT":-16816808.84,"PRETAX_PROFIT":-16816808.84,"NETCASH_OPERATE":91527508.36,"NETCASH_INVEST":1258251.8,"NETCASH_FINANCE":-19820622,"END_CASH":207625013.24,"DIVI_RATIO":null,"DIVIDEND_RATE":null,"CURRENT_RATIO":161.885780885781,"COMMON_ACS":null,"CURRENTDEBT_DEBT":100,"ISSUED_COMMON_SHARES":1938822690,"HK_COMMON_SHARES":1938822690,"PER_SHARES":10000,"TOTAL_MARKET_CAP":89185843.74,"HKSK_MARKET_CAP":89185843.74,"PE_TTM":-1.766581038724,"PB_TTM":0.083997961634,"REPORT_DATE_SQ":"2019-06-30 00:00:00","REPORT_TYPE_SQ":"2019年中报","OPERATE_INCOME_SQ":31512644.62,"DPS_HKD":null,"OPERATE_INCOME_QOQ_SQ":-10.836636822922,"NET_PROFIT_RATIO_SQ":-3.4935614998,"HOLDER_PROFIT_SQ":-2964136.02,"HOLDER_PROFIT_QOQ_SQ":-5.088648931883,"ROE_AVG_SQ":-0.292633100969,"PE_TTM_SQ":-8.935490321689,"PB_TTM_SQ":0.086951455662,"ROA_SQ":-0.279977544261,"START_DATE":"2020-07-01 00:00:00","FISCAL_YEAR":"6-30","CURRENCY":"HKD","IS_CNY_CODE":0,"DPS_HKD_LY":null,"ORG_TYPE":"一般企业","PREMIUM_INCOME":null,"PREMIUM_INCOME_YOY":null,"NET_INTEREST_INCOME":null,"NET_INTEREST_INCOME_YOY":null,"FEE_COMMISSION_INCOME":null,"FEE_COMMISSION_INCOME_YOY":null,"ACCOUNTS_RECE_TDAYS":12.642927794263,"INVENTORY_TDAYS":null,"CURRENT_ASSETS_TDAYS":0.033768331248,"TOTAL_ASSETS_TDAYS":0.015962010199,"PREMIUM_EXPENSE":null,"LOAN_DEPOSIT":null,"LOAN_EQUITY":null,"LOAN_ASSETS":null,"DEPOSIT_EQUITY":null,"DEPOSIT_ASSETS":null,"EQUITY_MULTIPLIER":1.002924355312,"EQUITY_RATIO":0.002924355313},{"SECUCODE":"00070.HK","SECURITY_CODE":"00070","SECURITY_NAME_ABBR":"金粤控股","ORG_CODE":"10007358","STD_REPORT_DATE":"2019-12-31 00:00:00","REPORT_DATE":"2020-06-30 00:00:00","DATE_TYPE_CODE":"001","REPORT_TYPE":"2019年年报","PER_NETCASH_OPERATE":-0.025729421023,"PER_OI":0.025405753839,"BPS":0.561839117986,"BASIC_EPS":-0.0639408,"DILUTED_EPS":null,"OPERATE_INCOME":49257252,"OPERATE_INCOME_YOY":-54.9901090921,"GROSS_PROFIT":42665868.96,"GROSS_PROFIT_YOY":-53.815766832542,"HOLDER_PROFIT":-78286375.2,"HOLDER_PROFIT_YOY":-301.2846708471,"GROSS_PROFIT_RATIO":86.618451553083,"EPS_TTM":0.011270162059,"OPERATE_INCOME_QOQ":-28.818459538351,"NET_PROFIT_RATIO":-150.535002318,"ROE_AVG":-7.37261898515,"GROSS_PROFIT_QOQ":-30.199871374794,"ROA":-7.056836745448,"HOLDER_PROFIT_QOQ":-41.661138025324,"ROE_YEARLY":-7.37261898515,"ROIC_YEARLY":-8.15502977554,"TOTAL_ASSETS":1119242599.2,"TOTAL_LIABILITIES":8431964.64,"TAX_EBT":-2.962962962963,"OCF_SALES":-101.273991655076,"TOTAL_PARENT_EQUITY":1089306430.08,"DEBT_ASSET_RATIO":0.7533634483,"OPERATE_PROFIT":-72015609.6,"PRETAX_PROFIT":-72015609.6,"NETCASH_OPERATE":-49884785.28,"NETCASH_INVEST":22853355.36,"NETCASH_FINANCE":96303065.76,"END_CASH":146147659.68,"DIVI_RATIO":null,"DIVIDEND_RATE":null,"CURRENT_RATIO":62.828404289893,"COMMON_ACS":null,"CURRENTDEBT_DEBT":100,"ISSUED_COMMON_SHARES":1938822690,"HK_COMMON_SHARES":1938822690,"PER_SHARES":10000,"TOTAL_MARKET_CAP":89185843.74,"HKSK_MARKET_CAP":89185843.74,"PE_TTM":-1.766581038724,"PB_TTM":0.083997961634,"REPORT_DATE_SQ":"2018-12-31 00:00:00","REPORT_TYPE_SQ":"2018年年报","OPERATE_INCOME_SQ":105389425.62,"DPS_HKD":null,"OPERATE_INCOME_QOQ_SQ":7.442039909653,"NET_PROFIT_RATIO_SQ":76.4921916082,"HOLDER_PROFIT_SQ":37455043.14,"HOLDER_PROFIT_QOQ_SQ":19.990880273945,"ROE_AVG_SQ":3.830086948074,"PE_TTM_SQ":-8.935490321689,"PB_TTM_SQ":0.086951455662,"ROA_SQ":3.493048195025,"START_DATE":"2019-07-01 00:00:00","FISCAL_YEAR":"6-30","CURRENCY":"HKD","IS_CNY_CODE":0,"DPS_HKD_LY":null,"ORG_TYPE":"一般企业","PREMIUM_INCOME":null,"PREMIUM_INCOME_YOY":null,"NET_INTEREST_INCOME":null,"NET_INTEREST_INCOME_YOY":null,"FEE_COMMISSION_INCOME":null,"FEE_COMMISSION_INCOME_YOY":null,"ACCOUNTS_RECE_TDAYS":6.766421983813,"INVENTORY_TDAYS":null,"CURRENT_ASSETS_TDAYS":0.126585398489,"TOTAL_ASSETS_TDAYS":0.044401134298,"PREMIUM_EXPENSE":null,"LOAN_DEPOSIT":null,"LOAN_EQUITY":null,"LOAN_ASSETS":null,"DEPOSIT_EQUITY":null,"DEPOSIT_ASSETS":null,"EQUITY_MULTIPLIER":1.007590820953,"EQUITY_RATIO":0.007740672787}],"count":46},"success":true,"message":"ok","code":0}