{"version":"a5765c7252f59dd0b8847e916c22c136","result":{"pages":6,"data":[{"SECUCODE":"00076.HK","SECURITY_CODE":"00076","SECURITY_NAME_ABBR":"谊砾控股","ORG_CODE":"10007361","STD_REPORT_DATE":"2024-06-30 00:00:00","REPORT_DATE":"2024-06-30 00:00:00","DATE_TYPE_CODE":"002","REPORT_TYPE":"2024年中报","PER_NETCASH_OPERATE":-0.023176963952,"PER_OI":1.292822834121,"BPS":7.823250027109,"BASIC_EPS":0.54448752,"DILUTED_EPS":0.54448752,"OPERATE_INCOME":469093102.8,"OPERATE_INCOME_YOY":28.9672198601,"GROSS_PROFIT":43473480,"GROSS_PROFIT_YOY":28.446295451546,"HOLDER_PROFIT":197533515.6,"HOLDER_PROFIT_YOY":9139,"GROSS_PROFIT_RATIO":9.267558985734,"EPS_TTM":0.573857730067,"OPERATE_INCOME_QOQ":13.401213793409,"NET_PROFIT_RATIO":42.1096610504,"ROE_AVG":6.870498648433,"GROSS_PROFIT_QOQ":14.582117523627,"ROA":6.539773772952,"HOLDER_PROFIT_QOQ":1519.75300076417,"ROE_YEARLY":13.740997296865,"ROIC_YEARLY":13.243536387831,"TOTAL_ASSETS":3123726327.6,"TOTAL_LIABILITIES":150546523.2,"TAX_EBT":3.114513422819,"OCF_SALES":-1.792740918552,"TOTAL_PARENT_EQUITY":2973179804.4,"DEBT_ASSET_RATIO":4.8194530318,"OPERATE_PROFIT":203954762.4,"PRETAX_PROFIT":203883494.4,"NETCASH_OPERATE":-8409624,"NETCASH_INVEST":-3313962,"NETCASH_FINANCE":812455.2,"END_CASH":31642992,"DIVI_RATIO":null,"DIVIDEND_RATE":null,"CURRENT_RATIO":18.448780967361,"COMMON_ACS":null,"CURRENTDEBT_DEBT":96.307517515622,"ISSUED_COMMON_SHARES":380044073,"HK_COMMON_SHARES":380044073,"PER_SHARES":4000,"TOTAL_MARKET_CAP":140616307.01,"HKSK_MARKET_CAP":140616307.01,"PE_TTM":0.616017823207,"PB_TTM":0.043165129455,"REPORT_DATE_SQ":"2023-06-30 00:00:00","REPORT_TYPE_SQ":"2023年中报","OPERATE_INCOME_SQ":368783154.6,"DPS_HKD":null,"OPERATE_INCOME_QOQ_SQ":1.953246221804,"NET_PROFIT_RATIO_SQ":0.5878088446,"HOLDER_PROFIT_SQ":2167740,"HOLDER_PROFIT_QOQ_SQ":-542.977794396397,"ROE_AVG_SQ":0.077655427338,"PE_TTM_SQ":-2.96938472295,"PB_TTM_SQ":0.020551509181,"ROA_SQ":0.073037927378,"START_DATE":"2024-01-01 00:00:00","FISCAL_YEAR":"12-31","CURRENCY":"HKD","IS_CNY_CODE":0,"DPS_HKD_LY":null,"ORG_TYPE":"一般企业","PREMIUM_INCOME":null,"PREMIUM_INCOME_YOY":null,"NET_INTEREST_INCOME":null,"NET_INTEREST_INCOME_YOY":null,"FEE_COMMISSION_INCOME":null,"FEE_COMMISSION_INCOME_YOY":null,"ACCOUNTS_RECE_TDAYS":1.756350731135,"INVENTORY_TDAYS":0.183411545029,"CURRENT_ASSETS_TDAYS":0.176275480485,"TOTAL_ASSETS_TDAYS":0.155303405675,"PREMIUM_EXPENSE":null,"LOAN_DEPOSIT":null,"LOAN_EQUITY":null,"LOAN_ASSETS":null,"DEPOSIT_EQUITY":null,"DEPOSIT_ASSETS":null,"EQUITY_MULTIPLIER":1.05063485329,"EQUITY_RATIO":0.05063485329},{"SECUCODE":"00076.HK","SECURITY_CODE":"00076","SECURITY_NAME_ABBR":"谊砾控股","ORG_CODE":"10007361","STD_REPORT_DATE":"2023-12-31 00:00:00","REPORT_DATE":"2023-12-31 00:00:00","DATE_TYPE_CODE":"001","REPORT_TYPE":"2023年年报","PER_NETCASH_OPERATE":-0.11696357074,"PER_OI":2.062907891016,"BPS":7.261870168937,"BASIC_EPS":0.0354135,"DILUTED_EPS":0.0354135,"OPERATE_INCOME":748513901.4,"OPERATE_INCOME_YOY":5.4826378145,"GROSS_PROFIT":66024929.4,"GROSS_PROFIT_YOY":-26.766513215034,"HOLDER_PROFIT":12855100.5,"HOLDER_PROFIT_YOY":217.3076923077,"GROSS_PROFIT_RATIO":8.820802028728,"EPS_TTM":0.03542871844,"OPERATE_INCOME_QOQ":5.216194905212,"NET_PROFIT_RATIO":1.7174164001,"ROE_AVG":0.468489862292,"GROSS_PROFIT_QOQ":27.806148676087,"ROA":0.443505575586,"HOLDER_PROFIT_QOQ":172.8452624815,"ROE_YEARLY":0.468489862292,"ROIC_YEARLY":0.45355213788,"TOTAL_ASSETS":2899211169.9,"TOTAL_LIABILITIES":139380453.3,"TAX_EBT":7.821229050279,"OCF_SALES":-5.669839707803,"TOTAL_PARENT_EQUITY":2759830716.6,"DEBT_ASSET_RATIO":4.8075302257,"OPERATE_PROFIT":14172482.7,"PRETAX_PROFIT":13945836.3,"NETCASH_OPERATE":-42439538.4,"NETCASH_INVEST":-8782548,"NETCASH_FINANCE":-3137636.1,"END_CASH":42892831.2,"DIVI_RATIO":null,"DIVIDEND_RATE":null,"CURRENT_RATIO":19.595663870866,"COMMON_ACS":null,"CURRENTDEBT_DEBT":96.331114385894,"ISSUED_COMMON_SHARES":380044073,"HK_COMMON_SHARES":380044073,"PER_SHARES":4000,"TOTAL_MARKET_CAP":144416747.74,"HKSK_MARKET_CAP":144416747.74,"PE_TTM":0.632666953564,"PB_TTM":0.044331754575,"REPORT_DATE_SQ":"2022-12-31 00:00:00","REPORT_TYPE_SQ":"2022年年报","OPERATE_INCOME_SQ":697776309.4,"DPS_HKD":null,"OPERATE_INCOME_QOQ_SQ":7.381193459286,"NET_PROFIT_RATIO_SQ":0.5709209594,"HOLDER_PROFIT_SQ":3983751.2,"HOLDER_PROFIT_QOQ_SQ":-86.62085590897,"ROE_AVG_SQ":0.147986784677,"PE_TTM_SQ":-2.883065399609,"PB_TTM_SQ":0.019954081589,"ROA_SQ":0.140025165362,"START_DATE":"2023-01-01 00:00:00","FISCAL_YEAR":"12-31","CURRENCY":"HKD","IS_CNY_CODE":0,"DPS_HKD_LY":null,"ORG_TYPE":"一般企业","PREMIUM_INCOME":null,"PREMIUM_INCOME_YOY":null,"NET_INTEREST_INCOME":null,"NET_INTEREST_INCOME_YOY":null,"FEE_COMMISSION_INCOME":null,"FEE_COMMISSION_INCOME_YOY":null,"ACCOUNTS_RECE_TDAYS":4.036051862743,"INVENTORY_TDAYS":0.292401387359,"CURRENT_ASSETS_TDAYS":0.284597093222,"TOTAL_ASSETS_TDAYS":0.258239979279,"PREMIUM_EXPENSE":null,"LOAN_DEPOSIT":null,"LOAN_EQUITY":null,"LOAN_ASSETS":null,"DEPOSIT_EQUITY":null,"DEPOSIT_ASSETS":null,"EQUITY_MULTIPLIER":1.050503261835,"EQUITY_RATIO":0.050503261835},{"SECUCODE":"00076.HK","SECURITY_CODE":"00076","SECURITY_NAME_ABBR":"谊砾控股","ORG_CODE":"10007361","STD_REPORT_DATE":"2023-06-30 00:00:00","REPORT_DATE":"2023-06-30 00:00:00","DATE_TYPE_CODE":"002","REPORT_TYPE":"2023年中报","PER_NETCASH_OPERATE":-0.126296740143,"PER_OI":1.016368137285,"BPS":7.367027606822,"BASIC_EPS":0.00578064,"DILUTED_EPS":0.00578064,"OPERATE_INCOME":368783154.6,"OPERATE_INCOME_YOY":-3.5545561057,"GROSS_PROFIT":33845647.2,"GROSS_PROFIT_YOY":-53.214505120958,"HOLDER_PROFIT":2167740,"HOLDER_PROFIT_YOY":-91.5397631134,"GROSS_PROFIT_RATIO":9.177655426455,"EPS_TTM":-0.048635583473,"OPERATE_INCOME_QOQ":1.953246221804,"NET_PROFIT_RATIO":0.5878088446,"ROE_AVG":0.077655427338,"GROSS_PROFIT_QOQ":-42.699559024684,"ROA":0.073037927378,"HOLDER_PROFIT_QOQ":-542.977794396397,"ROE_YEARLY":0.155310854676,"ROIC_YEARLY":0.149393648529,"TOTAL_ASSETS":2979551404.2,"TOTAL_LIABILITIES":179756226.6,"TAX_EBT":56.268221574344,"OCF_SALES":-12.426278974078,"TOTAL_PARENT_EQUITY":2799795177.6,"DEBT_ASSET_RATIO":6.0329963211,"OPERATE_PROFIT":5086963.2,"PRETAX_PROFIT":4956898.8,"NETCASH_OPERATE":-45826023.6,"NETCASH_INVEST":-5650575.6,"NETCASH_FINANCE":-1726966.2,"END_CASH":44583186,"DIVI_RATIO":null,"DIVIDEND_RATE":null,"CURRENT_RATIO":15.845194827149,"COMMON_ACS":null,"CURRENTDEBT_DEBT":95.11597057523,"ISSUED_COMMON_SHARES":380044073,"HK_COMMON_SHARES":380044073,"PER_SHARES":4000,"TOTAL_MARKET_CAP":144416747.74,"HKSK_MARKET_CAP":144416747.74,"PE_TTM":0.632666953564,"PB_TTM":0.044331754575,"REPORT_DATE_SQ":"2022-06-30 00:00:00","REPORT_TYPE_SQ":"2022年中报","OPERATE_INCOME_SQ":355153865.2,"DPS_HKD":null,"OPERATE_INCOME_QOQ_SQ":0.652944911278,"NET_PROFIT_RATIO_SQ":6.7009335198,"HOLDER_PROFIT_SQ":23798624.4,"HOLDER_PROFIT_QOQ_SQ":-2.764821476568,"ROE_AVG_SQ":0.916190291638,"PE_TTM_SQ":-2.883065399609,"PB_TTM_SQ":0.019954081589,"ROA_SQ":0.861955808357,"START_DATE":"2023-01-01 00:00:00","FISCAL_YEAR":"12-31","CURRENCY":"HKD","IS_CNY_CODE":0,"DPS_HKD_LY":null,"ORG_TYPE":"一般企业","PREMIUM_INCOME":null,"PREMIUM_INCOME_YOY":null,"NET_INTEREST_INCOME":null,"NET_INTEREST_INCOME_YOY":null,"FEE_COMMISSION_INCOME":null,"FEE_COMMISSION_INCOME_YOY":null,"ACCOUNTS_RECE_TDAYS":2.332373640435,"INVENTORY_TDAYS":0.137921492491,"CURRENT_ASSETS_TDAYS":0.136804211587,"TOTAL_ASSETS_TDAYS":0.124254556654,"PREMIUM_EXPENSE":null,"LOAN_DEPOSIT":null,"LOAN_EQUITY":null,"LOAN_ASSETS":null,"DEPOSIT_EQUITY":null,"DEPOSIT_ASSETS":null,"EQUITY_MULTIPLIER":1.064203348887,"EQUITY_RATIO":0.064203348887},{"SECUCODE":"00076.HK","SECURITY_CODE":"00076","SECURITY_NAME_ABBR":"谊砾控股","ORG_CODE":"10007361","STD_REPORT_DATE":"2022-12-31 00:00:00","REPORT_DATE":"2022-12-31 00:00:00","DATE_TYPE_CODE":"001","REPORT_TYPE":"2022年年报","PER_NETCASH_OPERATE":0.064339866453,"PER_OI":1.92307484488,"BPS":7.058573207113,"BASIC_EPS":0.01114336,"DILUTED_EPS":0.01114336,"OPERATE_INCOME":697776309.4,"OPERATE_INCOME_YOY":-1.0566961949,"GROSS_PROFIT":90156747,"GROSS_PROFIT_YOY":-20.886862922799,"HOLDER_PROFIT":3983751.2,"HOLDER_PROFIT_YOY":-88.090776598,"GROSS_PROFIT_RATIO":12.920580103604,"EPS_TTM":0.010979237354,"OPERATE_INCOME_QOQ":7.381193459286,"NET_PROFIT_RATIO":0.5709209594,"ROE_AVG":0.147986784677,"GROSS_PROFIT_QOQ":-12.434910219715,"ROA":0.140025165362,"HOLDER_PROFIT_QOQ":-86.62085590897,"ROE_YEARLY":0.147986784677,"ROIC_YEARLY":0.14544677843,"TOTAL_ASSETS":2849510373.2,"TOTAL_LIABILITIES":166941462,"TAX_EBT":35,"OCF_SALES":3.345676671092,"TOTAL_PARENT_EQUITY":2682568911.2,"DEBT_ASSET_RATIO":5.8586016591,"OPERATE_PROFIT":6414396.6,"PRETAX_PROFIT":6128848,"NETCASH_OPERATE":23345339.2,"NETCASH_INVEST":-38618707,"NETCASH_FINANCE":-3127105.4,"END_CASH":84090580.4,"DIVI_RATIO":null,"DIVIDEND_RATE":null,"CURRENT_RATIO":16.022920533518,"COMMON_ACS":null,"CURRENTDEBT_DEBT":96.649979140592,"ISSUED_COMMON_SHARES":380044073,"HK_COMMON_SHARES":380044073,"PER_SHARES":4000,"TOTAL_MARKET_CAP":144416747.74,"HKSK_MARKET_CAP":144416747.74,"PE_TTM":0.632666953564,"PB_TTM":0.044331754575,"REPORT_DATE_SQ":"2021-12-31 00:00:00","REPORT_TYPE_SQ":"2021年年报","OPERATE_INCOME_SQ":645597006.3,"DPS_HKD":null,"OPERATE_INCOME_QOQ_SQ":-0.561475746356,"NET_PROFIT_RATIO_SQ":4.7432820786,"HOLDER_PROFIT_SQ":30622487.1,"HOLDER_PROFIT_QOQ_SQ":-6.621475558414,"ROE_AVG_SQ":1.247054699823,"PE_TTM_SQ":-2.883065399609,"PB_TTM_SQ":0.019954081589,"ROA_SQ":1.190451109836,"START_DATE":"2022-01-01 00:00:00","FISCAL_YEAR":"12-31","CURRENCY":"HKD","IS_CNY_CODE":0,"DPS_HKD_LY":null,"ORG_TYPE":"一般企业","PREMIUM_INCOME":null,"PREMIUM_INCOME_YOY":null,"NET_INTEREST_INCOME":null,"NET_INTEREST_INCOME_YOY":null,"FEE_COMMISSION_INCOME":null,"FEE_COMMISSION_INCOME_YOY":null,"ACCOUNTS_RECE_TDAYS":4.569936369649,"INVENTORY_TDAYS":0.268679928614,"CURRENT_ASSETS_TDAYS":0.270205980514,"TOTAL_ASSETS_TDAYS":0.245261910707,"PREMIUM_EXPENSE":null,"LOAN_DEPOSIT":null,"LOAN_EQUITY":null,"LOAN_ASSETS":null,"DEPOSIT_EQUITY":null,"DEPOSIT_ASSETS":null,"EQUITY_MULTIPLIER":1.06223193794,"EQUITY_RATIO":0.062231937939},{"SECUCODE":"00076.HK","SECURITY_CODE":"00076","SECURITY_NAME_ABBR":"谊砾控股","ORG_CODE":"10007361","STD_REPORT_DATE":"2022-06-30 00:00:00","REPORT_DATE":"2022-06-30 00:00:00","DATE_TYPE_CODE":"002","REPORT_TYPE":"2022年中报","PER_NETCASH_OPERATE":0.00718110635,"PER_OI":0.050688246744,"BPS":6.82019907991,"BASIC_EPS":0.06778514,"DILUTED_EPS":0.06778514,"OPERATE_INCOME":355153865.2,"OPERATE_INCOME_YOY":-2.5881746558,"GROSS_PROFIT":72342180.6,"GROSS_PROFIT_YOY":-13.198150370975,"HOLDER_PROFIT":23798624.4,"HOLDER_PROFIT_YOY":-7.0511140236,"GROSS_PROFIT_RATIO":20.369250538569,"EPS_TTM":0.004249664064,"OPERATE_INCOME_QOQ":0.652944911278,"NET_PROFIT_RATIO":6.7009335198,"ROE_AVG":0.916190291638,"GROSS_PROFIT_QOQ":-9.652194412512,"ROA":0.861955808357,"HOLDER_PROFIT_QOQ":-2.764821476568,"ROE_YEARLY":1.832380583277,"ROIC_YEARLY":1.804807475751,"TOTAL_ASSETS":2784734356.4,"TOTAL_LIABILITIES":192758119.4,"TAX_EBT":27.926829268293,"OCF_SALES":14.167202086247,"TOTAL_PARENT_EQUITY":2591976237,"DEBT_ASSET_RATIO":6.9219571683,"OPERATE_PROFIT":33161027.4,"PRETAX_PROFIT":33020088,"NETCASH_OPERATE":50315365.8,"NETCASH_INVEST":-23174464.2,"NETCASH_FINANCE":-1510065,"END_CASH":124154188.6,"DIVI_RATIO":null,"DIVIDEND_RATE":null,"CURRENT_RATIO":13.319320309464,"COMMON_ACS":null,"CURRENTDEBT_DEBT":98.558546011629,"ISSUED_COMMON_SHARES":380044073,"HK_COMMON_SHARES":380044073,"PER_SHARES":4000,"TOTAL_MARKET_CAP":144416747.74,"HKSK_MARKET_CAP":144416747.74,"PE_TTM":0.632666953564,"PB_TTM":0.044331754575,"REPORT_DATE_SQ":"2021-06-30 00:00:00","REPORT_TYPE_SQ":"2021年中报","OPERATE_INCOME_SQ":350938472.4,"DPS_HKD":null,"OPERATE_INCOME_QOQ_SQ":5.056610398147,"NET_PROFIT_RATIO_SQ":7.0226787424,"HOLDER_PROFIT_SQ":24645281.5,"HOLDER_PROFIT_QOQ_SQ":68.996857550389,"ROE_AVG_SQ":0.991973207623,"PE_TTM_SQ":-2.883065399609,"PB_TTM_SQ":0.019954081589,"ROA_SQ":0.944591009425,"START_DATE":"2022-01-01 00:00:00","FISCAL_YEAR":"12-31","CURRENCY":"HKD","IS_CNY_CODE":0,"DPS_HKD_LY":null,"ORG_TYPE":"一般企业","PREMIUM_INCOME":null,"PREMIUM_INCOME_YOY":null,"NET_INTEREST_INCOME":null,"NET_INTEREST_INCOME_YOY":null,"FEE_COMMISSION_INCOME":null,"FEE_COMMISSION_INCOME_YOY":null,"ACCOUNTS_RECE_TDAYS":2.028558833113,"INVENTORY_TDAYS":0.130841875983,"CURRENT_ASSETS_TDAYS":0.141605187035,"TOTAL_ASSETS_TDAYS":0.128632198157,"PREMIUM_EXPENSE":null,"LOAN_DEPOSIT":null,"LOAN_EQUITY":null,"LOAN_ASSETS":null,"DEPOSIT_EQUITY":null,"DEPOSIT_ASSETS":null,"EQUITY_MULTIPLIER":1.074367240197,"EQUITY_RATIO":0.074367240196},{"SECUCODE":"00076.HK","SECURITY_CODE":"00076","SECURITY_NAME_ABBR":"谊砾控股","ORG_CODE":"10007361","STD_REPORT_DATE":"2021-12-31 00:00:00","REPORT_DATE":"2021-12-31 00:00:00","DATE_TYPE_CODE":"001","REPORT_TYPE":"2021年年报","PER_NETCASH_OPERATE":-0.000870824293,"PER_OI":0.092140853751,"BPS":6.506989411725,"BASIC_EPS":0.08734709,"DILUTED_EPS":0.08734709,"OPERATE_INCOME":645597006.3,"OPERATE_INCOME_YOY":6.9114060372,"GROSS_PROFIT":113959261.8,"GROSS_PROFIT_YOY":19.216987254444,"HOLDER_PROFIT":30622487.1,"HOLDER_PROFIT_YOY":61.4996637525,"GROSS_PROFIT_RATIO":17.651764287619,"EPS_TTM":0.004370500603,"OPERATE_INCOME_QOQ":-0.561475746356,"NET_PROFIT_RATIO":4.7432820786,"ROE_AVG":1.247054699823,"GROSS_PROFIT_QOQ":16.682688728873,"ROA":1.190451109836,"HOLDER_PROFIT_QOQ":-6.621475558414,"ROE_YEARLY":1.247054699823,"ROIC_YEARLY":1.252137732544,"TOTAL_ASSETS":2600354747.8,"TOTAL_LIABILITIES":127411988.8,"TAX_EBT":20.268924302789,"OCF_SALES":-0.945101176192,"TOTAL_PARENT_EQUITY":2472942759,"DEBT_ASSET_RATIO":4.8997925728,"OPERATE_PROFIT":38623990.6,"PRETAX_PROFIT":38407216.8,"NETCASH_OPERATE":-6101544.9,"NETCASH_INVEST":-8562565.1,"NETCASH_FINANCE":-2945573.4,"END_CASH":117185366,"DIVI_RATIO":null,"DIVIDEND_RATE":null,"CURRENT_RATIO":19.124857998554,"COMMON_ACS":null,"CURRENTDEBT_DEBT":96.907526020817,"ISSUED_COMMON_SHARES":380044073,"HK_COMMON_SHARES":380044073,"PER_SHARES":4000,"TOTAL_MARKET_CAP":144416747.74,"HKSK_MARKET_CAP":144416747.74,"PE_TTM":0.632666953564,"PB_TTM":0.044331754575,"REPORT_DATE_SQ":"2020-12-31 00:00:00","REPORT_TYPE_SQ":"2020年年报","OPERATE_INCOME_SQ":617992853.7,"DPS_HKD":null,"OPERATE_INCOME_QOQ_SQ":-9.304507135271,"NET_PROFIT_RATIO_SQ":3.1400124587,"HOLDER_PROFIT_SQ":19405052.6,"HOLDER_PROFIT_QOQ_SQ":135.154072963857,"ROE_AVG_SQ":0.791172073275,"PE_TTM_SQ":-2.883065399609,"PB_TTM_SQ":0.019954081589,"ROA_SQ":0.733047656725,"START_DATE":"2021-01-01 00:00:00","FISCAL_YEAR":"12-31","CURRENCY":"HKD","IS_CNY_CODE":0,"DPS_HKD_LY":null,"ORG_TYPE":"一般企业","PREMIUM_INCOME":null,"PREMIUM_INCOME_YOY":null,"NET_INTEREST_INCOME":null,"NET_INTEREST_INCOME_YOY":null,"FEE_COMMISSION_INCOME":null,"FEE_COMMISSION_INCOME_YOY":null,"ACCOUNTS_RECE_TDAYS":4.301571792693,"INVENTORY_TDAYS":0.263720936852,"CURRENT_ASSETS_TDAYS":0.277309094793,"TOTAL_ASSETS_TDAYS":0.250976241788,"PREMIUM_EXPENSE":null,"LOAN_DEPOSIT":null,"LOAN_EQUITY":null,"LOAN_ASSETS":null,"DEPOSIT_EQUITY":null,"DEPOSIT_ASSETS":null,"EQUITY_MULTIPLIER":1.051522417304,"EQUITY_RATIO":0.051522417305},{"SECUCODE":"00076.HK","SECURITY_CODE":"00076","SECURITY_NAME_ABBR":"谊砾控股","ORG_CODE":"10007361","STD_REPORT_DATE":"2021-06-30 00:00:00","REPORT_DATE":"2021-06-30 00:00:00","DATE_TYPE_CODE":"002","REPORT_TYPE":"2021年中报","PER_NETCASH_OPERATE":0.006501007687,"PER_OI":0.050086617728,"BPS":6.574072304767,"BASIC_EPS":0.003488454,"DILUTED_EPS":0.003488454,"OPERATE_INCOME":350938472.4,"OPERATE_INCOME_YOY":20.30028567,"GROSS_PROFIT":83341750.1,"GROSS_PROFIT_YOY":2.554795753905,"HOLDER_PROFIT":24645281.5,"HOLDER_PROFIT_YOY":139.9371069182,"GROSS_PROFIT_RATIO":23.748251233341,"EPS_TTM":0.004680413006,"OPERATE_INCOME_QOQ":5.056610398147,"NET_PROFIT_RATIO":7.0226787424,"ROE_AVG":0.991973207623,"GROSS_PROFIT_QOQ":2.171957599863,"ROA":0.944591009425,"HOLDER_PROFIT_QOQ":68.996857550389,"ROE_YEARLY":1.983946415245,"ROIC_YEARLY":2.01240411079,"TOTAL_ASSETS":2640178269,"TOTAL_LIABILITIES":141741054.1,"TAX_EBT":27.95089707271,"OCF_SALES":12.979530226051,"TOTAL_PARENT_EQUITY":2498437214.9,"DEBT_ASSET_RATIO":5.3686168,"OPERATE_PROFIT":34257910.3,"PRETAX_PROFIT":34206229.5,"NETCASH_OPERATE":45550165.1,"NETCASH_INVEST":-4037562.5,"NETCASH_FINANCE":-1427682.1,"END_CASH":181444828.7,"DIVI_RATIO":null,"DIVIDEND_RATE":null,"CURRENT_RATIO":17.296458936747,"COMMON_ACS":null,"CURRENTDEBT_DEBT":97.561642586938,"ISSUED_COMMON_SHARES":380044073,"HK_COMMON_SHARES":380044073,"PER_SHARES":4000,"TOTAL_MARKET_CAP":144416747.74,"HKSK_MARKET_CAP":144416747.74,"PE_TTM":0.632666953564,"PB_TTM":0.044331754575,"REPORT_DATE_SQ":"2020-06-30 00:00:00","REPORT_TYPE_SQ":"2020年中报","OPERATE_INCOME_SQ":319688981.5,"DPS_HKD":null,"OPERATE_INCOME_QOQ_SQ":4.286792071658,"NET_PROFIT_RATIO_SQ":3.5210487853,"HOLDER_PROFIT_SQ":11256405,"HOLDER_PROFIT_QOQ_SQ":15.227994993809,"ROE_AVG_SQ":0.427034793936,"PE_TTM_SQ":-2.883065399609,"PB_TTM_SQ":0.019954081589,"ROA_SQ":0.392672581452,"START_DATE":"2021-01-01 00:00:00","FISCAL_YEAR":"12-31","CURRENCY":"HKD","IS_CNY_CODE":0,"DPS_HKD_LY":null,"ORG_TYPE":"一般企业","PREMIUM_INCOME":null,"PREMIUM_INCOME_YOY":null,"NET_INTEREST_INCOME":null,"NET_INTEREST_INCOME_YOY":null,"FEE_COMMISSION_INCOME":null,"FEE_COMMISSION_INCOME_YOY":null,"ACCOUNTS_RECE_TDAYS":2.364174427713,"INVENTORY_TDAYS":0.131307543931,"CURRENT_ASSETS_TDAYS":0.148797613716,"TOTAL_ASSETS_TDAYS":0.134505798155,"PREMIUM_EXPENSE":null,"LOAN_DEPOSIT":null,"LOAN_EQUITY":null,"LOAN_ASSETS":null,"DEPOSIT_EQUITY":null,"DEPOSIT_ASSETS":null,"EQUITY_MULTIPLIER":1.056731885538,"EQUITY_RATIO":0.056731885538},{"SECUCODE":"00076.HK","SECURITY_CODE":"00076","SECURITY_NAME_ABBR":"谊砾控股","ORG_CODE":"10007361","STD_REPORT_DATE":"2020-12-31 00:00:00","REPORT_DATE":"2020-12-31 00:00:00","DATE_TYPE_CODE":"001","REPORT_TYPE":"2020年年报","PER_NETCASH_OPERATE":0.010208322505,"PER_OI":0.088201135687,"BPS":6.565777655214,"BASIC_EPS":0.00326245,"DILUTED_EPS":0.00326245,"OPERATE_INCOME":617992853.7,"OPERATE_INCOME_YOY":1.1253590152,"GROSS_PROFIT":95589785,"GROSS_PROFIT_YOY":91.747429244719,"HOLDER_PROFIT":19405052.6,"HOLDER_PROFIT_YOY":131.8620098564,"GROSS_PROFIT_RATIO":15.467781613928,"EPS_TTM":0.002769526649,"OPERATE_INCOME_QOQ":-9.304507135271,"NET_PROFIT_RATIO":3.1400124587,"ROE_AVG":0.791172073275,"GROSS_PROFIT_QOQ":18.060807002799,"ROA":0.733047656725,"HOLDER_PROFIT_QOQ":135.154072963857,"ROE_YEARLY":0.791172073275,"ROIC_YEARLY":0.764023583512,"TOTAL_ASSETS":2603872268.3,"TOTAL_LIABILITIES":108587385.8,"TAX_EBT":17.935982339956,"OCF_SALES":11.573912768047,"TOTAL_PARENT_EQUITY":2495284882.5,"DEBT_ASSET_RATIO":4.1702270546,"OPERATE_PROFIT":27698200.5,"PRETAX_PROFIT":23646237.6,"NETCASH_OPERATE":71525953.8,"NETCASH_INVEST":-30464758.1,"NETCASH_FINANCE":5076372.2,"END_CASH":139456687.7,"DIVI_RATIO":null,"DIVIDEND_RATE":null,"CURRENT_RATIO":22.772856690921,"COMMON_ACS":null,"CURRENTDEBT_DEBT":94.970556423507,"ISSUED_COMMON_SHARES":380044073,"HK_COMMON_SHARES":380044073,"PER_SHARES":4000,"TOTAL_MARKET_CAP":144416747.74,"HKSK_MARKET_CAP":144416747.74,"PE_TTM":0.632666953564,"PB_TTM":0.044331754575,"REPORT_DATE_SQ":"2019-12-31 00:00:00","REPORT_TYPE_SQ":"2019年年报","OPERATE_INCOME_SQ":653383915.8,"DPS_HKD":null,"OPERATE_INCOME_QOQ_SQ":-2.842605182715,"NET_PROFIT_RATIO_SQ":-9.9659402727,"HOLDER_PROFIT_SQ":-65115850.8,"HOLDER_PROFIT_QOQ_SQ":-19.987939338097,"ROE_AVG_SQ":-2.535744654262,"PE_TTM_SQ":-2.883065399609,"PB_TTM_SQ":0.019954081589,"ROA_SQ":-2.225570937391,"START_DATE":"2020-01-01 00:00:00","FISCAL_YEAR":"12-31","CURRENCY":"HKD","IS_CNY_CODE":0,"DPS_HKD_LY":null,"ORG_TYPE":"一般企业","PREMIUM_INCOME":null,"PREMIUM_INCOME_YOY":null,"NET_INTEREST_INCOME":null,"NET_INTEREST_INCOME_YOY":null,"FEE_COMMISSION_INCOME":null,"FEE_COMMISSION_INCOME_YOY":null,"ACCOUNTS_RECE_TDAYS":5.700794510654,"INVENTORY_TDAYS":0.253577378426,"CURRENT_ASSETS_TDAYS":0.258988497512,"TOTAL_ASSETS_TDAYS":0.233453741464,"PREMIUM_EXPENSE":null,"LOAN_DEPOSIT":null,"LOAN_EQUITY":null,"LOAN_ASSETS":null,"DEPOSIT_EQUITY":null,"DEPOSIT_ASSETS":null,"EQUITY_MULTIPLIER":1.043517029483,"EQUITY_RATIO":0.043517029483},{"SECUCODE":"00076.HK","SECURITY_CODE":"00076","SECURITY_NAME_ABBR":"谊砾控股","ORG_CODE":"10007361","STD_REPORT_DATE":"2020-06-30 00:00:00","REPORT_DATE":"2020-06-30 00:00:00","DATE_TYPE_CODE":"002","REPORT_TYPE":"2020年中报","PER_NETCASH_OPERATE":0.013793979932,"PER_OI":0.04562662993,"BPS":6.991108293116,"BASIC_EPS":0.001628285,"DILUTED_EPS":0.001628285,"OPERATE_INCOME":319688981.5,"OPERATE_INCOME_YOY":6.4320731592,"GROSS_PROFIT":81265580.5,"GROSS_PROFIT_YOY":62.04199995348,"HOLDER_PROFIT":11256405,"HOLDER_PROFIT_YOY":715.3846153846,"GROSS_PROFIT_RATIO":25.420200633346,"EPS_TTM":-0.007878252549,"OPERATE_INCOME_QOQ":4.286792071658,"NET_PROFIT_RATIO":3.5210487853,"ROE_AVG":0.427034793936,"GROSS_PROFIT_QOQ":62.414127188011,"ROA":0.392672581452,"HOLDER_PROFIT_QOQ":15.227994993809,"ROE_YEARLY":0.854069587871,"ROIC_YEARLY":0.816518319667,"TOTAL_ASSETS":2814065852.5,"TOTAL_LIABILITIES":157094105,"TAX_EBT":38.704703161141,"OCF_SALES":30.232300639989,"TOTAL_PARENT_EQUITY":2656929270.5,"DEBT_ASSET_RATIO":5.5824601567,"OPERATE_PROFIT":18477495,"PRETAX_PROFIT":18364223,"NETCASH_OPERATE":96649334,"NETCASH_INVEST":-17238582.5,"NETCASH_FINANCE":-1762795.5,"END_CASH":137257346,"DIVI_RATIO":null,"DIVIDEND_RATE":null,"CURRENT_RATIO":16.781370142202,"COMMON_ACS":null,"CURRENTDEBT_DEBT":97.291572780532,"ISSUED_COMMON_SHARES":380044073,"HK_COMMON_SHARES":380044073,"PER_SHARES":4000,"TOTAL_MARKET_CAP":144416747.74,"HKSK_MARKET_CAP":144416747.74,"PE_TTM":0.632666953564,"PB_TTM":0.044331754575,"REPORT_DATE_SQ":"2019-06-30 00:00:00","REPORT_TYPE_SQ":"2019年中报","OPERATE_INCOME_SQ":291679771.6,"DPS_HKD":null,"OPERATE_INCOME_QOQ_SQ":-14.700952886803,"NET_PROFIT_RATIO_SQ":0.4596021495,"HOLDER_PROFIT_SQ":1340566.5,"HOLDER_PROFIT_QOQ_SQ":-214.447754745044,"ROE_AVG_SQ":0.052777161292,"PE_TTM_SQ":-2.883065399609,"PB_TTM_SQ":0.019954081589,"ROA_SQ":0.046008904493,"START_DATE":"2020-01-01 00:00:00","FISCAL_YEAR":"12-31","CURRENCY":"HKD","IS_CNY_CODE":0,"DPS_HKD_LY":null,"ORG_TYPE":"一般企业","PREMIUM_INCOME":null,"PREMIUM_INCOME_YOY":null,"NET_INTEREST_INCOME":null,"NET_INTEREST_INCOME_YOY":null,"FEE_COMMISSION_INCOME":null,"FEE_COMMISSION_INCOME_YOY":null,"ACCOUNTS_RECE_TDAYS":3.629254571027,"INVENTORY_TDAYS":0.105781749366,"CURRENT_ASSETS_TDAYS":0.12308132602,"TOTAL_ASSETS_TDAYS":0.111521482771,"PREMIUM_EXPENSE":null,"LOAN_DEPOSIT":null,"LOAN_EQUITY":null,"LOAN_ASSETS":null,"DEPOSIT_EQUITY":null,"DEPOSIT_ASSETS":null,"EQUITY_MULTIPLIER":1.059125244801,"EQUITY_RATIO":0.059126190051}],"count":48},"success":true,"message":"ok","code":0}