{"version":"4a13fcb721931355a3347fb46436c68d","result":{"pages":5,"data":[{"SECUCODE":"00072.HK","SECURITY_CODE":"00072","SECURITY_NAME_ABBR":"超媒体控股","ORG_CODE":"10143356","STD_REPORT_DATE":"2024-06-30 00:00:00","REPORT_DATE":"2024-06-30 00:00:00","DATE_TYPE_CODE":"002","REPORT_TYPE":"2024年中报","PER_NETCASH_OPERATE":0.013377356974,"PER_OI":0.36640818004,"BPS":0.473520567831,"BASIC_EPS":-0.0346,"DILUTED_EPS":-0.0346,"OPERATE_INCOME":160616000,"OPERATE_INCOME_YOY":1.4495865994,"GROSS_PROFIT":59608000,"GROSS_PROFIT_YOY":-2.192176424258,"HOLDER_PROFIT":-14933000,"HOLDER_PROFIT_YOY":25.6990745348,"GROSS_PROFIT_RATIO":37.112118344374,"EPS_TTM":-0.067701197633,"OPERATE_INCOME_QOQ":0.601706802302,"NET_PROFIT_RATIO":-8.7071026548,"ROE_AVG":-6.982654418693,"GROSS_PROFIT_QOQ":-0.931705173893,"ROA":-2.332299133412,"HOLDER_PROFIT_QOQ":14.824062912577,"ROE_YEARLY":-13.965308837386,"ROIC_YEARLY":-5.519150524639,"TOTAL_ASSETS":603071000,"TOTAL_LIABILITIES":330254000,"TAX_EBT":-4.498244040947,"OCF_SALES":3.650943866115,"TOTAL_PARENT_EQUITY":207569000,"DEBT_ASSET_RATIO":54.7620429435,"OPERATE_PROFIT":-7276000,"PRETAX_PROFIT":-13383000,"NETCASH_OPERATE":5864000,"NETCASH_INVEST":-2327000,"NETCASH_FINANCE":-6557000,"END_CASH":32906000,"DIVI_RATIO":null,"DIVIDEND_RATE":null,"CURRENT_RATIO":1.057425997511,"COMMON_ACS":8000000000,"CURRENTDEBT_DEBT":91.726065392092,"ISSUED_COMMON_SHARES":438352659,"HK_COMMON_SHARES":438352659,"PER_SHARES":2000,"TOTAL_MARKET_CAP":105204638.16,"HKSK_MARKET_CAP":105204638.16,"PE_TTM":-3.186997174585,"PB_TTM":0.46258434138,"REPORT_DATE_SQ":"2023-06-30 00:00:00","REPORT_TYPE_SQ":"2023年中报","OPERATE_INCOME_SQ":158321000,"DPS_HKD":null,"OPERATE_INCOME_QOQ_SQ":-3.325235716154,"NET_PROFIT_RATIO_SQ":-13.6141130993,"HOLDER_PROFIT_SQ":-20098000,"HOLDER_PROFIT_QOQ_SQ":-0.43882145096,"ROE_AVG_SQ":-8.388619559115,"PE_TTM_SQ":-1.135159464685,"PB_TTM_SQ":0.334298947889,"ROA_SQ":-2.824256170068,"START_DATE":"2024-01-01 00:00:00","FISCAL_YEAR":"12-31","CURRENCY":"HKD","IS_CNY_CODE":0,"DPS_HKD_LY":null,"ORG_TYPE":"一般企业","PREMIUM_INCOME":null,"PREMIUM_INCOME_YOY":null,"NET_INTEREST_INCOME":null,"NET_INTEREST_INCOME_YOY":null,"FEE_COMMISSION_INCOME":null,"FEE_COMMISSION_INCOME_YOY":null,"ACCOUNTS_RECE_TDAYS":0.888908566653,"INVENTORY_TDAYS":1.138618660595,"CURRENT_ASSETS_TDAYS":0.481151292928,"TOTAL_ASSETS_TDAYS":0.250856865742,"PREMIUM_EXPENSE":null,"LOAN_DEPOSIT":null,"LOAN_EQUITY":null,"LOAN_ASSETS":null,"DEPOSIT_EQUITY":null,"DEPOSIT_ASSETS":null,"EQUITY_MULTIPLIER":2.210533067952,"EQUITY_RATIO":1.59105646797},{"SECUCODE":"00072.HK","SECURITY_CODE":"00072","SECURITY_NAME_ABBR":"超媒体控股","ORG_CODE":"10143356","STD_REPORT_DATE":"2023-12-31 00:00:00","REPORT_DATE":"2023-12-31 00:00:00","DATE_TYPE_CODE":"001","REPORT_TYPE":"2023年年报","PER_NETCASH_OPERATE":0.057668179903,"PER_OI":0.87010992672,"BPS":0.502216641054,"BASIC_EPS":-0.0807,"DILUTED_EPS":-0.0807,"OPERATE_INCOME":381415000,"OPERATE_INCOME_YOY":2.8374913384,"GROSS_PROFIT":143393000,"GROSS_PROFIT_YOY":24.675471468443,"HOLDER_PROFIT":-34842000,"HOLDER_PROFIT_YOY":50.3590357326,"GROSS_PROFIT_RATIO":37.595008062085,"EPS_TTM":-0.079483948106,"OPERATE_INCOME_QOQ":6.374700885212,"NET_PROFIT_RATIO":-9.054442012,"ROE_AVG":-15.230476690053,"GROSS_PROFIT_QOQ":39.649010040806,"ROA":-4.998321555531,"HOLDER_PROFIT_QOQ":50.575919201089,"ROE_YEARLY":-15.230476690053,"ROIC_YEARLY":-5.935690721246,"TOTAL_ASSETS":677468000,"TOTAL_LIABILITIES":393129000,"TAX_EBT":-9.998088928526,"OCF_SALES":6.62768900017,"TOTAL_PARENT_EQUITY":220148000,"DEBT_ASSET_RATIO":58.029161525,"OPERATE_PROFIT":-20139000,"PRETAX_PROFIT":-31396000,"NETCASH_OPERATE":25279000,"NETCASH_INVEST":19566000,"NETCASH_FINANCE":-53252000,"END_CASH":35926000,"DIVI_RATIO":null,"DIVIDEND_RATE":null,"CURRENT_RATIO":1.077786501407,"COMMON_ACS":8000000000,"CURRENTDEBT_DEBT":81.968259782412,"ISSUED_COMMON_SHARES":438352659,"HK_COMMON_SHARES":438352659,"PER_SHARES":2000,"TOTAL_MARKET_CAP":99067700.934,"HKSK_MARKET_CAP":99067700.934,"PE_TTM":-3.001089006068,"PB_TTM":0.435600254799,"REPORT_DATE_SQ":"2022-12-31 00:00:00","REPORT_TYPE_SQ":"2022年年报","OPERATE_INCOME_SQ":370891000,"DPS_HKD":null,"OPERATE_INCOME_QOQ_SQ":-9.819001444293,"NET_PROFIT_RATIO_SQ":-19.4755332429,"HOLDER_PROFIT_SQ":-70188000,"HOLDER_PROFIT_QOQ_SQ":-469.430472172643,"ROE_AVG_SQ":-26.141901794677,"PE_TTM_SQ":-1.225972221859,"PB_TTM_SQ":0.36104286372,"ROA_SQ":-9.873208856179,"START_DATE":"2023-01-01 00:00:00","FISCAL_YEAR":"12-31","CURRENCY":"HKD","IS_CNY_CODE":0,"DPS_HKD_LY":null,"ORG_TYPE":"一般企业","PREMIUM_INCOME":null,"PREMIUM_INCOME_YOY":null,"NET_INTEREST_INCOME":null,"NET_INTEREST_INCOME_YOY":null,"FEE_COMMISSION_INCOME":null,"FEE_COMMISSION_INCOME_YOY":null,"ACCOUNTS_RECE_TDAYS":1.874178482191,"INVENTORY_TDAYS":2.74530429116,"CURRENT_ASSETS_TDAYS":1.034793354685,"TOTAL_ASSETS_TDAYS":0.547165724156,"PREMIUM_EXPENSE":null,"LOAN_DEPOSIT":null,"LOAN_EQUITY":null,"LOAN_ASSETS":null,"DEPOSIT_EQUITY":null,"DEPOSIT_ASSETS":null,"EQUITY_MULTIPLIER":2.382606677242,"EQUITY_RATIO":1.785748678162},{"SECUCODE":"00072.HK","SECURITY_CODE":"00072","SECURITY_NAME_ABBR":"超媒体控股","ORG_CODE":"10143356","STD_REPORT_DATE":"2023-06-30 00:00:00","REPORT_DATE":"2023-06-30 00:00:00","DATE_TYPE_CODE":"002","REPORT_TYPE":"2023年中报","PER_NETCASH_OPERATE":0.031203187021,"PER_OI":0.361172669424,"BPS":0.551590129627,"BASIC_EPS":-0.0465,"DILUTED_EPS":-0.0465,"OPERATE_INCOME":158321000,"OPERATE_INCOME_YOY":-7.2269035592,"GROSS_PROFIT":60944000,"GROSS_PROFIT_YOY":-16.829521262078,"HOLDER_PROFIT":-20098000,"HOLDER_PROFIT_YOY":-1.5563415867,"GROSS_PROFIT_RATIO":38.493945844203,"EPS_TTM":-0.160820286025,"OPERATE_INCOME_QOQ":-3.325235716154,"NET_PROFIT_RATIO":-13.6141130993,"ROE_AVG":-8.388619559115,"GROSS_PROFIT_QOQ":-10.722266178606,"ROA":-2.824256170068,"HOLDER_PROFIT_QOQ":-0.43882145096,"ROE_YEARLY":-16.777239118231,"ROIC_YEARLY":-6.86406517754,"TOTAL_ASSETS":706562000,"TOTAL_LIABILITIES":384286000,"TAX_EBT":-5.126079110374,"OCF_SALES":8.639409806659,"TOTAL_PARENT_EQUITY":241791000,"DEBT_ASSET_RATIO":54.388149943,"OPERATE_PROFIT":-14442000,"PRETAX_PROFIT":-20503000,"NETCASH_OPERATE":13678000,"NETCASH_INVEST":167000,"NETCASH_FINANCE":-3168000,"END_CASH":51508000,"DIVI_RATIO":null,"DIVIDEND_RATE":null,"CURRENT_RATIO":1.164482997694,"COMMON_ACS":8000000000,"CURRENTDEBT_DEBT":80.696408404157,"ISSUED_COMMON_SHARES":438352659,"HK_COMMON_SHARES":438352659,"PER_SHARES":2000,"TOTAL_MARKET_CAP":99067700.934,"HKSK_MARKET_CAP":99067700.934,"PE_TTM":-3.001089006068,"PB_TTM":0.435600254799,"REPORT_DATE_SQ":"2022-06-30 00:00:00","REPORT_TYPE_SQ":"2022年中报","OPERATE_INCOME_SQ":170654000,"DPS_HKD":null,"OPERATE_INCOME_QOQ_SQ":-2.747963442462,"NET_PROFIT_RATIO_SQ":-7.5814220587,"HOLDER_PROFIT_SQ":-19790000,"HOLDER_PROFIT_QOQ_SQ":-22.9403550768,"ROE_AVG_SQ":-6.815477574186,"PE_TTM_SQ":-1.225972221859,"PB_TTM_SQ":0.36104286372,"ROA_SQ":-2.846232948131,"START_DATE":"2023-01-01 00:00:00","FISCAL_YEAR":"12-31","CURRENCY":"HKD","IS_CNY_CODE":0,"DPS_HKD_LY":null,"ORG_TYPE":"一般企业","PREMIUM_INCOME":null,"PREMIUM_INCOME_YOY":null,"NET_INTEREST_INCOME":null,"NET_INTEREST_INCOME_YOY":null,"FEE_COMMISSION_INCOME":null,"FEE_COMMISSION_INCOME_YOY":null,"ACCOUNTS_RECE_TDAYS":0.823282866496,"INVENTORY_TDAYS":1.119031475885,"CURRENT_ASSETS_TDAYS":0.421635023822,"TOTAL_ASSETS_TDAYS":0.222479381581,"PREMIUM_EXPENSE":null,"LOAN_DEPOSIT":null,"LOAN_EQUITY":null,"LOAN_ASSETS":null,"DEPOSIT_EQUITY":null,"DEPOSIT_ASSETS":null,"EQUITY_MULTIPLIER":2.192412714569,"EQUITY_RATIO":1.589331281975},{"SECUCODE":"00072.HK","SECURITY_CODE":"00072","SECURITY_NAME_ABBR":"超媒体控股","ORG_CODE":"10143356","STD_REPORT_DATE":"2022-12-31 00:00:00","REPORT_DATE":"2022-12-31 00:00:00","DATE_TYPE_CODE":"001","REPORT_TYPE":"2022年年报","PER_NETCASH_OPERATE":0.051417504918,"PER_OI":0.846101859736,"BPS":0.541532017945,"BASIC_EPS":-0.1625,"DILUTED_EPS":-0.1625,"OPERATE_INCOME":370891000,"OPERATE_INCOME_YOY":-12.2971423167,"GROSS_PROFIT":115013000,"GROSS_PROFIT_YOY":-38.624053449739,"HOLDER_PROFIT":-70188000,"HOLDER_PROFIT_YOY":-600.0598444045,"GROSS_PROFIT_RATIO":31.009919356361,"EPS_TTM":-0.160117655406,"OPERATE_INCOME_QOQ":-9.819001444293,"NET_PROFIT_RATIO":-19.4755332429,"ROE_AVG":-26.141901794677,"GROSS_PROFIT_QOQ":-39.309365880944,"ROA":-9.873208856179,"HOLDER_PROFIT_QOQ":-469.430472172643,"ROE_YEARLY":-26.141901794677,"ROIC_YEARLY":-11.946751272751,"TOTAL_ASSETS":716680000,"TOTAL_LIABILITIES":400081000,"TAX_EBT":-2.862310069351,"OCF_SALES":6.076987578561,"TOTAL_PARENT_EQUITY":237382000,"DEBT_ASSET_RATIO":55.8242172239,"OPERATE_PROFIT":-60681000,"PRETAX_PROFIT":-70223000,"NETCASH_OPERATE":22539000,"NETCASH_INVEST":-36504000,"NETCASH_FINANCE":3663000,"END_CASH":40831000,"DIVI_RATIO":null,"DIVIDEND_RATE":null,"CURRENT_RATIO":1.189764716653,"COMMON_ACS":8000000000,"CURRENTDEBT_DEBT":81.905914052404,"ISSUED_COMMON_SHARES":438352659,"HK_COMMON_SHARES":438352659,"PER_SHARES":2000,"TOTAL_MARKET_CAP":99067700.934,"HKSK_MARKET_CAP":99067700.934,"PE_TTM":-3.001089006068,"PB_TTM":0.435600254799,"REPORT_DATE_SQ":"2021-12-31 00:00:00","REPORT_TYPE_SQ":"2021年年报","OPERATE_INCOME_SQ":422895000,"DPS_HKD":null,"OPERATE_INCOME_QOQ_SQ":9.928801478559,"NET_PROFIT_RATIO_SQ":1.0342992942,"HOLDER_PROFIT_SQ":-10026000,"HOLDER_PROFIT_QOQ_SQ":63.565666109456,"ROE_AVG_SQ":-3.281822318094,"PE_TTM_SQ":-1.225972221859,"PB_TTM_SQ":0.36104286372,"ROA_SQ":-1.493451069592,"START_DATE":"2022-01-01 00:00:00","FISCAL_YEAR":"12-31","CURRENCY":"HKD","IS_CNY_CODE":0,"DPS_HKD_LY":null,"ORG_TYPE":"一般企业","PREMIUM_INCOME":null,"PREMIUM_INCOME_YOY":null,"NET_INTEREST_INCOME":null,"NET_INTEREST_INCOME_YOY":null,"FEE_COMMISSION_INCOME":null,"FEE_COMMISSION_INCOME_YOY":null,"ACCOUNTS_RECE_TDAYS":1.641502836961,"INVENTORY_TDAYS":3.486860125233,"CURRENT_ASSETS_TDAYS":0.973211755445,"TOTAL_ASSETS_TDAYS":0.52172512479,"PREMIUM_EXPENSE":null,"LOAN_DEPOSIT":null,"LOAN_EQUITY":null,"LOAN_ASSETS":null,"DEPOSIT_EQUITY":null,"DEPOSIT_ASSETS":null,"EQUITY_MULTIPLIER":2.263683713469,"EQUITY_RATIO":1.685388951142},{"SECUCODE":"00072.HK","SECURITY_CODE":"00072","SECURITY_NAME_ABBR":"超媒体控股","ORG_CODE":"10143356","STD_REPORT_DATE":"2022-06-30 00:00:00","REPORT_DATE":"2022-06-30 00:00:00","DATE_TYPE_CODE":"002","REPORT_TYPE":"2022年中报","PER_NETCASH_OPERATE":0.027142529549,"PER_OI":0.389307550659,"BPS":0.641360316238,"BASIC_EPS":-0.0458,"DILUTED_EPS":-0.0458,"OPERATE_INCOME":170654000,"OPERATE_INCOME_YOY":-6.3755314772,"GROSS_PROFIT":73276000,"GROSS_PROFIT_YOY":2.973580663294,"HOLDER_PROFIT":-19790000,"HOLDER_PROFIT_YOY":-13.1503716409,"GROSS_PROFIT_RATIO":42.938343080151,"EPS_TTM":-0.028118912357,"OPERATE_INCOME_QOQ":-2.747963442462,"NET_PROFIT_RATIO":-7.5814220587,"ROE_AVG":-6.815477574186,"GROSS_PROFIT_QOQ":1.129189768986,"ROA":-2.846232948131,"HOLDER_PROFIT_QOQ":-22.9403550768,"ROE_YEARLY":-13.630955148372,"ROIC_YEARLY":-6.996962915036,"TOTAL_ASSETS":685503000,"TOTAL_LIABILITIES":316835000,"TAX_EBT":null,"OCF_SALES":6.972001828261,"TOTAL_PARENT_EQUITY":281142000,"DEBT_ASSET_RATIO":46.2193455025,"OPERATE_PROFIT":-9111000,"PRETAX_PROFIT":-12938000,"NETCASH_OPERATE":11898000,"NETCASH_INVEST":-1848000,"NETCASH_FINANCE":-12518000,"END_CASH":45011000,"DIVI_RATIO":null,"DIVIDEND_RATE":null,"CURRENT_RATIO":1.426422808463,"COMMON_ACS":8000000000,"CURRENTDEBT_DEBT":81.211987312008,"ISSUED_COMMON_SHARES":438352659,"HK_COMMON_SHARES":438352659,"PER_SHARES":2000,"TOTAL_MARKET_CAP":99067700.934,"HKSK_MARKET_CAP":99067700.934,"PE_TTM":-3.001089006068,"PB_TTM":0.435600254799,"REPORT_DATE_SQ":"2021-06-30 00:00:00","REPORT_TYPE_SQ":"2021年中报","OPERATE_INCOME_SQ":182275000,"DPS_HKD":null,"OPERATE_INCOME_QOQ_SQ":22.856787000843,"NET_PROFIT_RATIO_SQ":-5.8071595117,"HOLDER_PROFIT_SQ":-17490000,"HOLDER_PROFIT_QOQ_SQ":64.840865243334,"ROE_AVG_SQ":-5.760404710424,"PE_TTM_SQ":-1.225972221859,"PB_TTM_SQ":0.36104286372,"ROA_SQ":-2.769008634747,"START_DATE":"2022-01-01 00:00:00","FISCAL_YEAR":"12-31","CURRENCY":"HKD","IS_CNY_CODE":0,"DPS_HKD_LY":null,"ORG_TYPE":"一般企业","PREMIUM_INCOME":null,"PREMIUM_INCOME_YOY":null,"NET_INTEREST_INCOME":null,"NET_INTEREST_INCOME_YOY":null,"FEE_COMMISSION_INCOME":null,"FEE_COMMISSION_INCOME_YOY":null,"ACCOUNTS_RECE_TDAYS":0.726120801714,"INVENTORY_TDAYS":1.538454246714,"CURRENT_ASSETS_TDAYS":0.46162876882,"TOTAL_ASSETS_TDAYS":0.245437613709,"PREMIUM_EXPENSE":null,"LOAN_DEPOSIT":null,"LOAN_EQUITY":null,"LOAN_ASSETS":null,"DEPOSIT_EQUITY":null,"DEPOSIT_ASSETS":null,"EQUITY_MULTIPLIER":1.859404667614,"EQUITY_RATIO":1.126957196008},{"SECUCODE":"00072.HK","SECURITY_CODE":"00072","SECURITY_NAME_ABBR":"超媒体控股","ORG_CODE":"10143356","STD_REPORT_DATE":"2021-12-31 00:00:00","REPORT_DATE":"2021-12-31 00:00:00","DATE_TYPE_CODE":"001","REPORT_TYPE":"2021年年报","PER_NETCASH_OPERATE":-0.011951564323,"PER_OI":0.96473693342,"BPS":0.683456559117,"BASIC_EPS":-0.0232,"DILUTED_EPS":-0.0232,"OPERATE_INCOME":422895000,"OPERATE_INCOME_YOY":35.0549934851,"GROSS_PROFIT":187391000,"GROSS_PROFIT_YOY":68.694579728671,"HOLDER_PROFIT":-10026000,"HOLDER_PROFIT_YOY":87.1900034497,"GROSS_PROFIT_RATIO":44.311472114828,"EPS_TTM":-0.022871995399,"OPERATE_INCOME_QOQ":9.928801478559,"NET_PROFIT_RATIO":1.0342992942,"ROE_AVG":-3.281822318094,"GROSS_PROFIT_QOQ":12.104787714544,"ROA":-1.493451069592,"HOLDER_PROFIT_QOQ":63.565666109456,"ROE_YEARLY":-3.281822318094,"ROIC_YEARLY":-1.798780898045,"TOTAL_ASSETS":705107000,"TOTAL_LIABILITIES":326266000,"TAX_EBT":-51.140290255702,"OCF_SALES":-1.23884179288,"TOTAL_PARENT_EQUITY":299595000,"DEBT_ASSET_RATIO":46.2718424296,"OPERATE_PROFIT":9335000,"PRETAX_PROFIT":2894000,"NETCASH_OPERATE":-5239000,"NETCASH_INVEST":-5843000,"NETCASH_FINANCE":26098000,"END_CASH":47479000,"DIVI_RATIO":null,"DIVIDEND_RATE":null,"CURRENT_RATIO":1.41161974234,"COMMON_ACS":8000000000,"CURRENTDEBT_DEBT":80.841399348997,"ISSUED_COMMON_SHARES":438352659,"HK_COMMON_SHARES":438352659,"PER_SHARES":2000,"TOTAL_MARKET_CAP":99067700.934,"HKSK_MARKET_CAP":99067700.934,"PE_TTM":-3.001089006068,"PB_TTM":0.435600254799,"REPORT_DATE_SQ":"2020-12-31 00:00:00","REPORT_TYPE_SQ":"2020年年报","OPERATE_INCOME_SQ":313128000,"DPS_HKD":null,"OPERATE_INCOME_QOQ_SQ":-16.723712870102,"NET_PROFIT_RATIO_SQ":-22.3470912854,"HOLDER_PROFIT_SQ":-78267000,"HOLDER_PROFIT_QOQ_SQ":-145.466520307355,"ROE_AVG_SQ":-22.246097830304,"PE_TTM_SQ":-1.225972221859,"PB_TTM_SQ":0.36104286372,"ROA_SQ":-11.331966070848,"START_DATE":"2021-01-01 00:00:00","FISCAL_YEAR":"12-31","CURRENCY":"HKD","IS_CNY_CODE":0,"DPS_HKD_LY":null,"ORG_TYPE":"一般企业","PREMIUM_INCOME":null,"PREMIUM_INCOME_YOY":null,"NET_INTEREST_INCOME":null,"NET_INTEREST_INCOME_YOY":null,"FEE_COMMISSION_INCOME":null,"FEE_COMMISSION_INCOME_YOY":null,"ACCOUNTS_RECE_TDAYS":1.907299373772,"INVENTORY_TDAYS":4.048860578865,"CURRENT_ASSETS_TDAYS":1.218921318261,"TOTAL_ASSETS_TDAYS":0.629935158662,"PREMIUM_EXPENSE":null,"LOAN_DEPOSIT":null,"LOAN_EQUITY":null,"LOAN_ASSETS":null,"DEPOSIT_EQUITY":null,"DEPOSIT_ASSETS":null,"EQUITY_MULTIPLIER":1.861221462303,"EQUITY_RATIO":1.089023515079},{"SECUCODE":"00072.HK","SECURITY_CODE":"00072","SECURITY_NAME_ABBR":"超媒体控股","ORG_CODE":"10143356","STD_REPORT_DATE":"2021-06-30 00:00:00","REPORT_DATE":"2021-06-30 00:00:00","DATE_TYPE_CODE":"002","REPORT_TYPE":"2021年中报","PER_NETCASH_OPERATE":-0.027176748573,"PER_OI":0.415818168905,"BPS":0.674894959403,"BASIC_EPS":-0.0405,"DILUTED_EPS":-0.0405,"OPERATE_INCOME":182275000,"OPERATE_INCOME_YOY":64.6507804596,"GROSS_PROFIT":71160000,"GROSS_PROFIT_YOY":371.695611825534,"HOLDER_PROFIT":-17490000,"HOLDER_PROFIT_YOY":74.3694954498,"GROSS_PROFIT_RATIO":39.039912220546,"EPS_TTM":-0.062775939498,"OPERATE_INCOME_QOQ":22.856787000843,"NET_PROFIT_RATIO":-5.8071595117,"ROE_AVG":-5.760404710424,"GROSS_PROFIT_QOQ":50.479371280934,"ROA":-2.769008634747,"HOLDER_PROFIT_QOQ":64.840865243334,"ROE_YEARLY":-11.520809420847,"ROIC_YEARLY":-6.555287988531,"TOTAL_ASSETS":625713000,"TOTAL_LIABILITIES":258125000,"TAX_EBT":null,"OCF_SALES":-6.535728980935,"TOTAL_PARENT_EQUITY":295842000,"DEBT_ASSET_RATIO":41.2529386476,"OPERATE_PROFIT":-8012000,"PRETAX_PROFIT":-10585000,"NETCASH_OPERATE":-11913000,"NETCASH_INVEST":-15835000,"NETCASH_FINANCE":14771000,"END_CASH":23110000,"DIVI_RATIO":null,"DIVIDEND_RATE":null,"CURRENT_RATIO":1.366068443226,"COMMON_ACS":8000000000,"CURRENTDEBT_DEBT":92.693075060533,"ISSUED_COMMON_SHARES":438352659,"HK_COMMON_SHARES":438352659,"PER_SHARES":2000,"TOTAL_MARKET_CAP":99067700.934,"HKSK_MARKET_CAP":99067700.934,"PE_TTM":-3.001089006068,"PB_TTM":0.435600254799,"REPORT_DATE_SQ":"2020-06-30 00:00:00","REPORT_TYPE_SQ":"2020年中报","OPERATE_INCOME_SQ":110704000,"DPS_HKD":null,"OPERATE_INCOME_QOQ_SQ":-15.704886059207,"NET_PROFIT_RATIO_SQ":-66.40447458,"HOLDER_PROFIT_SQ":-68239000,"HOLDER_PROFIT_QOQ_SQ":-8932.40997229917,"ROE_AVG_SQ":-18.175545794885,"PE_TTM_SQ":-1.225972221859,"PB_TTM_SQ":0.36104286372,"ROA_SQ":-9.376603979899,"START_DATE":"2021-01-01 00:00:00","FISCAL_YEAR":"12-31","CURRENCY":"HKD","IS_CNY_CODE":0,"DPS_HKD_LY":null,"ORG_TYPE":"一般企业","PREMIUM_INCOME":null,"PREMIUM_INCOME_YOY":null,"NET_INTEREST_INCOME":null,"NET_INTEREST_INCOME_YOY":null,"FEE_COMMISSION_INCOME":null,"FEE_COMMISSION_INCOME_YOY":null,"ACCOUNTS_RECE_TDAYS":0.891398753925,"INVENTORY_TDAYS":1.962971796027,"CURRENT_ASSETS_TDAYS":0.562222301048,"TOTAL_ASSETS_TDAYS":0.288576929044,"PREMIUM_EXPENSE":null,"LOAN_DEPOSIT":null,"LOAN_EQUITY":null,"LOAN_ASSETS":null,"DEPOSIT_EQUITY":null,"DEPOSIT_ASSETS":null,"EQUITY_MULTIPLIER":1.702212803465,"EQUITY_RATIO":0.872509650422},{"SECUCODE":"00072.HK","SECURITY_CODE":"00072","SECURITY_NAME_ABBR":"超媒体控股","ORG_CODE":"10143356","STD_REPORT_DATE":"2020-12-31 00:00:00","REPORT_DATE":"2020-12-31 00:00:00","DATE_TYPE_CODE":"001","REPORT_TYPE":"2020年年报","PER_NETCASH_OPERATE":0.138605295879,"PER_OI":0.714328962243,"BPS":0.710402899598,"BASIC_EPS":-0.1812,"DILUTED_EPS":-0.1812,"OPERATE_INCOME":313128000,"OPERATE_INCOME_YOY":-30.1988408382,"GROSS_PROFIT":111083000,"GROSS_PROFIT_YOY":-46.409204940178,"HOLDER_PROFIT":-78267000,"HOLDER_PROFIT_YOY":-2870.284629981,"GROSS_PROFIT_RATIO":35.475268899619,"EPS_TTM":-0.178548021537,"OPERATE_INCOME_QOQ":-16.723712870102,"NET_PROFIT_RATIO":-22.3470912854,"ROE_AVG":-22.246097830304,"GROSS_PROFIT_QOQ":-24.399390202404,"ROA":-11.331966070848,"HOLDER_PROFIT_QOQ":-145.466520307355,"ROE_YEARLY":-22.246097830304,"ROIC_YEARLY":-13.269000429771,"TOTAL_ASSETS":637555000,"TOTAL_LIABILITIES":261053000,"TAX_EBT":2.506478669156,"OCF_SALES":19.403566592576,"TOTAL_PARENT_EQUITY":311407000,"DEBT_ASSET_RATIO":40.9459576037,"OPERATE_PROFIT":-62453000,"PRETAX_PROFIT":-71774000,"NETCASH_OPERATE":60758000,"NETCASH_INVEST":-25603000,"NETCASH_FINANCE":-45536000,"END_CASH":36087000,"DIVI_RATIO":null,"DIVIDEND_RATE":null,"CURRENT_RATIO":1.362735998983,"COMMON_ACS":8000000000,"CURRENTDEBT_DEBT":90.389690982291,"ISSUED_COMMON_SHARES":438352659,"HK_COMMON_SHARES":438352659,"PER_SHARES":2000,"TOTAL_MARKET_CAP":99067700.934,"HKSK_MARKET_CAP":99067700.934,"PE_TTM":-3.001089006068,"PB_TTM":0.435600254799,"REPORT_DATE_SQ":"2019-12-31 00:00:00","REPORT_TYPE_SQ":"2019年年报","OPERATE_INCOME_SQ":448600000,"DPS_HKD":null,"OPERATE_INCOME_QOQ_SQ":3.137370056602,"NET_PROFIT_RATIO_SQ":0.4947709415,"HOLDER_PROFIT_SQ":-2635000,"HOLDER_PROFIT_QOQ_SQ":100.968321665191,"ROE_AVG_SQ":0.091004885525,"PE_TTM_SQ":-1.225972221859,"PB_TTM_SQ":0.36104286372,"ROA_SQ":0.052128947667,"START_DATE":"2020-01-01 00:00:00","FISCAL_YEAR":"12-31","CURRENCY":"HKD","IS_CNY_CODE":0,"DPS_HKD_LY":null,"ORG_TYPE":"一般企业","PREMIUM_INCOME":null,"PREMIUM_INCOME_YOY":null,"NET_INTEREST_INCOME":null,"NET_INTEREST_INCOME_YOY":null,"FEE_COMMISSION_INCOME":null,"FEE_COMMISSION_INCOME_YOY":null,"ACCOUNTS_RECE_TDAYS":1.257448743768,"INVENTORY_TDAYS":3.831326443538,"CURRENT_ASSETS_TDAYS":0.888521896801,"TOTAL_ASSETS_TDAYS":0.453365514436,"PREMIUM_EXPENSE":null,"LOAN_DEPOSIT":null,"LOAN_EQUITY":null,"LOAN_ASSETS":null,"DEPOSIT_EQUITY":null,"DEPOSIT_ASSETS":null,"EQUITY_MULTIPLIER":1.693364178678,"EQUITY_RATIO":0.838301643829},{"SECUCODE":"00072.HK","SECURITY_CODE":"00072","SECURITY_NAME_ABBR":"超媒体控股","ORG_CODE":"10143356","STD_REPORT_DATE":"2020-06-30 00:00:00","REPORT_DATE":"2020-06-30 00:00:00","DATE_TYPE_CODE":"002","REPORT_TYPE":"2020年中报","PER_NETCASH_OPERATE":0.058922877436,"PER_OI":0.25254551952,"BPS":0.758377970738,"BASIC_EPS":-0.158,"DILUTED_EPS":-0.158,"OPERATE_INCOME":110704000,"OPERATE_INCOME_YOY":-39.3864940994,"GROSS_PROFIT":15086000,"GROSS_PROFIT_YOY":-79.438742827548,"HOLDER_PROFIT":-68239000,"HOLDER_PROFIT_YOY":-95.9388295498,"GROSS_PROFIT_RATIO":12.987783951247,"EPS_TTM":-0.072738237913,"OPERATE_INCOME_QOQ":-15.704886059207,"NET_PROFIT_RATIO":-66.40447458,"ROE_AVG":-18.175545794885,"GROSS_PROFIT_QOQ":-28.777574732311,"ROA":-9.376603979899,"HOLDER_PROFIT_QOQ":-8932.40997229917,"ROE_YEARLY":-36.35109158977,"ROIC_YEARLY":-21.795604772019,"TOTAL_ASSETS":660915000,"TOTAL_LIABILITIES":275221000,"TAX_EBT":null,"OCF_SALES":23.958111103897,"TOTAL_PARENT_EQUITY":332437000,"DEBT_ASSET_RATIO":41.6424199784,"OPERATE_PROFIT":-68878000,"PRETAX_PROFIT":-74392000,"NETCASH_OPERATE":15945000,"NETCASH_INVEST":-3266000,"NETCASH_FINANCE":-12907000,"END_CASH":42353000,"DIVI_RATIO":null,"DIVIDEND_RATE":null,"CURRENT_RATIO":1.28313104391,"COMMON_ACS":8000000000,"CURRENTDEBT_DEBT":89.837984746804,"ISSUED_COMMON_SHARES":438352659,"HK_COMMON_SHARES":438352659,"PER_SHARES":2000,"TOTAL_MARKET_CAP":99067700.934,"HKSK_MARKET_CAP":99067700.934,"PE_TTM":-3.001089006068,"PB_TTM":0.435600254799,"REPORT_DATE_SQ":"2019-06-30 00:00:00","REPORT_TYPE_SQ":"2019年中报","OPERATE_INCOME_SQ":177863000,"DPS_HKD":null,"OPERATE_INCOME_QOQ_SQ":-3.668000106913,"NET_PROFIT_RATIO_SQ":-19.450363482,"HOLDER_PROFIT_SQ":-33611000,"HOLDER_PROFIT_QOQ_SQ":-6.289379900214,"ROE_AVG_SQ":-8.828771324289,"PE_TTM_SQ":-1.225972221859,"PB_TTM_SQ":0.36104286372,"ROA_SQ":-5.171380545202,"START_DATE":"2020-01-01 00:00:00","FISCAL_YEAR":"12-31","CURRENCY":"HKD","IS_CNY_CODE":0,"DPS_HKD_LY":null,"ORG_TYPE":"一般企业","PREMIUM_INCOME":null,"PREMIUM_INCOME_YOY":null,"NET_INTEREST_INCOME":null,"NET_INTEREST_INCOME_YOY":null,"FEE_COMMISSION_INCOME":null,"FEE_COMMISSION_INCOME_YOY":null,"ACCOUNTS_RECE_TDAYS":0.430788388201,"INVENTORY_TDAYS":1.798998926051,"CURRENT_ASSETS_TDAYS":0.307793110635,"TOTAL_ASSETS_TDAYS":0.153496560498,"PREMIUM_EXPENSE":null,"LOAN_DEPOSIT":null,"LOAN_EQUITY":null,"LOAN_ASSETS":null,"DEPOSIT_EQUITY":null,"DEPOSIT_ASSETS":null,"EQUITY_MULTIPLIER":1.713573454605,"EQUITY_RATIO":0.827889194043}],"count":37},"success":true,"message":"ok","code":0}