{"version":"abdb79b24be3105b6171eb5d68c340e5","result":{"pages":6,"data":[{"SECUCODE":"00078.HK","SECURITY_CODE":"00078","SECURITY_NAME_ABBR":"REGAL INT\u0027L","ORG_CODE":"10007363","STD_REPORT_DATE":"2024-06-30 00:00:00","REPORT_DATE":"2024-06-30 00:00:00","DATE_TYPE_CODE":"002","REPORT_TYPE":"2024年中报","PER_NETCASH_OPERATE":0.126222022657,"PER_OI":0.876750558024,"BPS":7.620743470933,"BASIC_EPS":-1.6793312,"DILUTED_EPS":-1.6793312,"OPERATE_INCOME":788007912,"OPERATE_INCOME_YOY":11.2055641422,"GROSS_PROFIT":283843480,"GROSS_PROFIT_YOY":31.061280176889,"HOLDER_PROFIT":-1459557856,"HOLDER_PROFIT_YOY":-109.7036454236,"GROSS_PROFIT_RATIO":36.020384526291,"EPS_TTM":-2.648373737004,"OPERATE_INCOME_QOQ":4.44439495736,"NET_PROFIT_RATIO":-192.8422515636,"ROE_AVG":-19.154045621411,"GROSS_PROFIT_QOQ":11.380015322791,"ROA":-5.850578308008,"HOLDER_PROFIT_QOQ":-46.583938843755,"ROE_YEARLY":-38.308091242821,"ROIC_YEARLY":-12.919957181233,"TOTAL_ASSETS":23866034392,"TOTAL_LIABILITIES":15325722560,"TAX_EBT":0.107991360691,"OCF_SALES":14.396571693306,"TOTAL_PARENT_EQUITY":6849389596,"DEBT_ASSET_RATIO":64.2156225382,"OPERATE_PROFIT":-946449160,"PRETAX_PROFIT":-1521255024,"NETCASH_OPERATE":113446124,"NETCASH_INVEST":400849056,"NETCASH_FINANCE":-1047391568,"END_CASH":365437072,"DIVI_RATIO":null,"DIVIDEND_RATE":null,"CURRENT_RATIO":2.966624419096,"COMMON_ACS":2000000000,"CURRENTDEBT_DEBT":7.047999047165,"ISSUED_COMMON_SHARES":898782333,"HK_COMMON_SHARES":898782333,"PER_SHARES":2000,"TOTAL_MARKET_CAP":1923394192.62,"HKSK_MARKET_CAP":1923394192.62,"PE_TTM":-0.731745935941,"PB_TTM":0.256291949394,"REPORT_DATE_SQ":"2023-06-30 00:00:00","REPORT_TYPE_SQ":"2023年中报","OPERATE_INCOME_SQ":715825272,"DPS_HKD":null,"OPERATE_INCOME_QOQ_SQ":-10.606489043165,"NET_PROFIT_RATIO_SQ":-106.027820711,"HOLDER_PROFIT_SQ":-703101948,"HOLDER_PROFIT_QOQ_SQ":-256.63257284155,"ROE_AVG_SQ":-7.007419999541,"PE_TTM_SQ":-2.062802527295,"PB_TTM_SQ":0.248827073961,"ROA_SQ":-2.552917979224,"START_DATE":"2024-01-01 00:00:00","FISCAL_YEAR":"12-31","CURRENCY":"HKD","IS_CNY_CODE":0,"DPS_HKD_LY":null,"ORG_TYPE":"一般企业","PREMIUM_INCOME":null,"PREMIUM_INCOME_YOY":null,"NET_INTEREST_INCOME":null,"NET_INTEREST_INCOME_YOY":null,"FEE_COMMISSION_INCOME":null,"FEE_COMMISSION_INCOME_YOY":null,"ACCOUNTS_RECE_TDAYS":3.98339100346,"INVENTORY_TDAYS":0.536050460941,"CURRENT_ASSETS_TDAYS":0.204980888393,"TOTAL_ASSETS_TDAYS":0.031586976683,"PREMIUM_EXPENSE":null,"LOAN_DEPOSIT":null,"LOAN_EQUITY":null,"LOAN_ASSETS":null,"DEPOSIT_EQUITY":null,"DEPOSIT_ASSETS":null,"EQUITY_MULTIPLIER":2.794515570566,"EQUITY_RATIO":2.237531147148},{"SECUCODE":"00078.HK","SECURITY_CODE":"00078","SECURITY_NAME_ABBR":"REGAL INT\u0027L","ORG_CODE":"10007363","STD_REPORT_DATE":"2023-12-31 00:00:00","REPORT_DATE":"2023-12-31 00:00:00","DATE_TYPE_CODE":"001","REPORT_TYPE":"2023年年报","PER_NETCASH_OPERATE":0.560701877971,"PER_OI":1.807030939937,"BPS":9.269679527624,"BASIC_EPS":-1.9211864,"DILUTED_EPS":-1.9211864,"OPERATE_INCOME":1624127484,"OPERATE_INCOME_YOY":-2.1244060947,"GROSS_PROFIT":591127306,"GROSS_PROFIT_YOY":-22.854210016972,"HOLDER_PROFIT":-1623855618,"HOLDER_PROFIT_YOY":-400.1116382919,"GROSS_PROFIT_RATIO":36.396607521482,"EPS_TTM":-1.806728457356,"OPERATE_INCOME_QOQ":11.075764160695,"NET_PROFIT_RATIO":-107.7781497601,"ROE_AVG":-17.464742059044,"GROSS_PROFIT_QOQ":30.903148368709,"ROA":-6.098372372015,"HOLDER_PROFIT_QOQ":-42.264600490047,"ROE_YEARLY":-17.464742059044,"ROIC_YEARLY":-6.843426869206,"TOTAL_ASSETS":25844216314,"TOTAL_LIABILITIES":15775659004,"TAX_EBT":0.999436215468,"OCF_SALES":31.028903024216,"TOTAL_PARENT_EQUITY":8331424192,"DEBT_ASSET_RATIO":61.0413518148,"OPERATE_PROFIT":-725247866,"PRETAX_PROFIT":-1768125842,"NETCASH_OPERATE":503948942,"NETCASH_INVEST":-102040372,"NETCASH_FINANCE":-802910920,"END_CASH":894529762,"DIVI_RATIO":null,"DIVIDEND_RATE":null,"CURRENT_RATIO":1.431418249621,"COMMON_ACS":2000000000,"CURRENTDEBT_DEBT":14.824048436944,"ISSUED_COMMON_SHARES":898782333,"HK_COMMON_SHARES":898782333,"PER_SHARES":2000,"TOTAL_MARKET_CAP":2112138482.55,"HKSK_MARKET_CAP":2112138482.55,"PE_TTM":-0.803552780122,"PB_TTM":0.281442093961,"REPORT_DATE_SQ":"2022-12-31 00:00:00","REPORT_TYPE_SQ":"2022年年报","OPERATE_INCOME_SQ":1635666697,"DPS_HKD":null,"OPERATE_INCOME_QOQ_SQ":20.309746024044,"NET_PROFIT_RATIO_SQ":-22.4619081426,"HOLDER_PROFIT_SQ":-320058641,"HOLDER_PROFIT_QOQ_SQ":-471.923921751484,"ROE_AVG_SQ":-3.080176575012,"PE_TTM_SQ":-2.048527077279,"PB_TTM_SQ":0.24710508729,"ROA_SQ":-1.173913114703,"START_DATE":"2023-01-01 00:00:00","FISCAL_YEAR":"12-31","CURRENCY":"HKD","IS_CNY_CODE":0,"DPS_HKD_LY":null,"ORG_TYPE":"一般企业","PREMIUM_INCOME":null,"PREMIUM_INCOME_YOY":null,"NET_INTEREST_INCOME":null,"NET_INTEREST_INCOME_YOY":null,"FEE_COMMISSION_INCOME":null,"FEE_COMMISSION_INCOME_YOY":null,"ACCOUNTS_RECE_TDAYS":7.184606133494,"INVENTORY_TDAYS":0.907130351743,"CURRENT_ASSETS_TDAYS":0.331345849857,"TOTAL_ASSETS_TDAYS":0.060993933619,"PREMIUM_EXPENSE":null,"LOAN_DEPOSIT":null,"LOAN_EQUITY":null,"LOAN_ASSETS":null,"DEPOSIT_EQUITY":null,"DEPOSIT_ASSETS":null,"EQUITY_MULTIPLIER":2.566824175331,"EQUITY_RATIO":1.893512878524},{"SECUCODE":"00078.HK","SECURITY_CODE":"00078","SECURITY_NAME_ABBR":"REGAL INT\u0027L","ORG_CODE":"10007363","STD_REPORT_DATE":"2023-06-30 00:00:00","REPORT_DATE":"2023-06-30 00:00:00","DATE_TYPE_CODE":"002","REPORT_TYPE":"2023年中报","PER_NETCASH_OPERATE":0.206290412253,"PER_OI":0.796438966052,"BPS":10.708329112206,"BASIC_EPS":-0.8390018,"DILUTED_EPS":-0.8390018,"OPERATE_INCOME":715825272,"OPERATE_INCOME_YOY":-25.3389749014,"GROSS_PROFIT":216573102,"GROSS_PROFIT_YOY":-59.232840166629,"HOLDER_PROFIT":-703101948,"HOLDER_PROFIT_YOY":-651.409978308,"GROSS_PROFIT_RATIO":30.255023183926,"EPS_TTM":-1.269977528586,"OPERATE_INCOME_QOQ":-10.606489043165,"NET_PROFIT_RATIO":-106.027820711,"ROE_AVG":-7.007419999541,"GROSS_PROFIT_QOQ":-41.066512956789,"ROA":-2.552917979224,"HOLDER_PROFIT_QOQ":-256.63257284155,"ROE_YEARLY":-14.014839999081,"ROIC_YEARLY":-5.74152953112,"TOTAL_ASSETS":27194353288,"TOTAL_LIABILITIES":15729624186,"TAX_EBT":1.200192030725,"OCF_SALES":25.901597114889,"TOTAL_PARENT_EQUITY":9624457022,"DEBT_ASSET_RATIO":57.841508564,"OPERATE_PROFIT":-379947958,"PRETAX_PROFIT":-768193736,"NETCASH_OPERATE":185410178,"NETCASH_INVEST":-3042534,"NETCASH_FINANCE":-441167430,"END_CASH":1036950906,"DIVI_RATIO":null,"DIVIDEND_RATE":null,"CURRENT_RATIO":1.176231427477,"COMMON_ACS":2000000000,"CURRENTDEBT_DEBT":27.535798648356,"ISSUED_COMMON_SHARES":898782333,"HK_COMMON_SHARES":898782333,"PER_SHARES":2000,"TOTAL_MARKET_CAP":2291894949.15,"HKSK_MARKET_CAP":2291894949.15,"PE_TTM":-0.87194025077,"PB_TTM":0.305394612596,"REPORT_DATE_SQ":"2022-06-30 00:00:00","REPORT_TYPE_SQ":"2022年中报","OPERATE_INCOME_SQ":889312081,"DPS_HKD":null,"OPERATE_INCOME_QOQ_SQ":68.543499651693,"NET_PROFIT_RATIO_SQ":13.0397153572,"HOLDER_PROFIT_SQ":118272777,"HOLDER_PROFIT_QOQ_SQ":86.155669773479,"ROE_AVG_SQ":1.164773803959,"PE_TTM_SQ":-2.084215702319,"PB_TTM_SQ":0.251410053967,"ROA_SQ":0.45274124512,"START_DATE":"2023-01-01 00:00:00","FISCAL_YEAR":"12-31","CURRENCY":"HKD","IS_CNY_CODE":0,"DPS_HKD_LY":null,"ORG_TYPE":"一般企业","PREMIUM_INCOME":null,"PREMIUM_INCOME_YOY":null,"NET_INTEREST_INCOME":null,"NET_INTEREST_INCOME_YOY":null,"FEE_COMMISSION_INCOME":null,"FEE_COMMISSION_INCOME_YOY":null,"ACCOUNTS_RECE_TDAYS":null,"INVENTORY_TDAYS":0.365470927682,"CURRENT_ASSETS_TDAYS":0.135850641284,"TOTAL_ASSETS_TDAYS":0.025991155508,"PREMIUM_EXPENSE":null,"LOAN_DEPOSIT":null,"LOAN_EQUITY":null,"LOAN_ASSETS":null,"DEPOSIT_EQUITY":null,"DEPOSIT_ASSETS":null,"EQUITY_MULTIPLIER":2.372001383204,"EQUITY_RATIO":1.634338867122},{"SECUCODE":"00078.HK","SECURITY_CODE":"00078","SECURITY_NAME_ABBR":"REGAL INT\u0027L","ORG_CODE":"10007363","STD_REPORT_DATE":"2022-12-31 00:00:00","REPORT_DATE":"2022-12-31 00:00:00","DATE_TYPE_CODE":"001","REPORT_TYPE":"2022年年报","PER_NETCASH_OPERATE":0.208215112969,"PER_OI":1.81986965803,"BPS":11.25713268999,"BASIC_EPS":-0.4734331,"DILUTED_EPS":-0.4734331,"OPERATE_INCOME":1635666697,"OPERATE_INCOME_YOY":85.5969997973,"GROSS_PROFIT":766247006,"GROSS_PROFIT_YOY":297.957777099148,"HOLDER_PROFIT":-320058641,"HOLDER_PROFIT_YOY":27.5283171521,"GROSS_PROFIT_RATIO":46.846158047076,"EPS_TTM":-0.356102505856,"OPERATE_INCOME_QOQ":20.309746024044,"NET_PROFIT_RATIO":-22.4619081426,"ROE_AVG":-3.080176575012,"GROSS_PROFIT_QOQ":16.899490577109,"ROA":-1.173913114703,"HOLDER_PROFIT_QOQ":-471.923921751484,"ROE_YEARLY":-3.080176575012,"ROIC_YEARLY":-1.298002640926,"TOTAL_ASSETS":27019452306,"TOTAL_LIABILITIES":15057316428,"TAX_EBT":7.635302043566,"OCF_SALES":11.441210201518,"TOTAL_PARENT_EQUITY":10117711982,"DEBT_ASSET_RATIO":55.7276892865,"OPERATE_PROFIT":10897894,"PRETAX_PROFIT":-397773131,"NETCASH_OPERATE":187140065,"NETCASH_INVEST":-258065703,"NETCASH_FINANCE":-320058641,"END_CASH":1276661484,"DIVI_RATIO":null,"DIVIDEND_RATE":null,"CURRENT_RATIO":0.754057954357,"COMMON_ACS":2000000000,"CURRENTDEBT_DEBT":46.452979283833,"ISSUED_COMMON_SHARES":898782333,"HK_COMMON_SHARES":898782333,"PER_SHARES":2000,"TOTAL_MARKET_CAP":2112138482.55,"HKSK_MARKET_CAP":2112138482.55,"PE_TTM":-0.803552780122,"PB_TTM":0.281442093961,"REPORT_DATE_SQ":"2021-12-31 00:00:00","REPORT_TYPE_SQ":"2021年年报","OPERATE_INCOME_SQ":806644160,"DPS_HKD":null,"OPERATE_INCOME_QOQ_SQ":45.043545744744,"NET_PROFIT_RATIO_SQ":-53.4765862558,"HOLDER_PROFIT_SQ":-404221440,"HOLDER_PROFIT_QOQ_SQ":-106.06990397244,"ROE_AVG_SQ":-3.50510274616,"PE_TTM_SQ":-2.048527077279,"PB_TTM_SQ":0.24710508729,"ROA_SQ":-1.563191642742,"START_DATE":"2022-01-01 00:00:00","FISCAL_YEAR":"12-31","CURRENCY":"HKD","IS_CNY_CODE":0,"DPS_HKD_LY":null,"ORG_TYPE":"一般企业","PREMIUM_INCOME":null,"PREMIUM_INCOME_YOY":null,"NET_INTEREST_INCOME":null,"NET_INTEREST_INCOME_YOY":null,"FEE_COMMISSION_INCOME":null,"FEE_COMMISSION_INCOME_YOY":null,"ACCOUNTS_RECE_TDAYS":6.362404447533,"INVENTORY_TDAYS":0.685398401465,"CURRENT_ASSETS_TDAYS":0.308471121369,"TOTAL_ASSETS_TDAYS":0.05999308692,"PREMIUM_EXPENSE":null,"LOAN_DEPOSIT":null,"LOAN_EQUITY":null,"LOAN_ASSETS":null,"DEPOSIT_EQUITY":null,"DEPOSIT_ASSETS":null,"EQUITY_MULTIPLIER":2.258748151799,"EQUITY_RATIO":1.488213585719},{"SECUCODE":"00078.HK","SECURITY_CODE":"00078","SECURITY_NAME_ABBR":"REGAL INT\u0027L","ORG_CODE":"10007363","STD_REPORT_DATE":"2022-06-30 00:00:00","REPORT_DATE":"2022-06-30 00:00:00","DATE_TYPE_CODE":"002","REPORT_TYPE":"2022年中报","PER_NETCASH_OPERATE":0.016460923248,"PER_OI":0.98946324193,"BPS":11.236054939233,"BASIC_EPS":0.0769671,"DILUTED_EPS":0.0769671,"OPERATE_INCOME":889312081,"OPERATE_INCOME_YOY":157.2099925798,"GROSS_PROFIT":531244028,"GROSS_PROFIT_YOY":677.652943986343,"HOLDER_PROFIT":118272777,"HOLDER_PROFIT_YOY":150.0361794501,"GROSS_PROFIT_RATIO":59.736513126262,"EPS_TTM":-0.062263964194,"OPERATE_INCOME_QOQ":68.543499651693,"NET_PROFIT_RATIO":13.0397153572,"ROE_AVG":1.164773803959,"GROSS_PROFIT_QOQ":240.427297958709,"ROA":0.45274124512,"HOLDER_PROFIT_QOQ":86.155669773479,"ROE_YEARLY":2.329547607918,"ROIC_YEARLY":0.996325913119,"TOTAL_ASSETS":25911059734,"TOTAL_LIABILITIES":13967818270,"TAX_EBT":0.732064421669,"OCF_SALES":1.663621502068,"TOTAL_PARENT_EQUITY":10098767672,"DEBT_ASSET_RATIO":53.9067811714,"OPERATE_PROFIT":144013996,"PRETAX_PROFIT":116818954,"NETCASH_OPERATE":14794787,"NETCASH_INVEST":-155131466,"NETCASH_FINANCE":-550827879,"END_CASH":908126261,"DIVI_RATIO":null,"DIVIDEND_RATE":null,"CURRENT_RATIO":2.191418264667,"COMMON_ACS":2000000000,"CURRENTDEBT_DEBT":16.123798444866,"ISSUED_COMMON_SHARES":898782333,"HK_COMMON_SHARES":898782333,"PER_SHARES":2000,"TOTAL_MARKET_CAP":2112138482.55,"HKSK_MARKET_CAP":2112138482.55,"PE_TTM":-0.803552780122,"PB_TTM":0.281442093961,"REPORT_DATE_SQ":"2021-06-30 00:00:00","REPORT_TYPE_SQ":"2021年中报","OPERATE_INCOME_SQ":336409944,"DPS_HKD":null,"OPERATE_INCOME_QOQ_SQ":-2.640268163218,"NET_PROFIT_RATIO_SQ":-72.6935443977,"HOLDER_PROFIT_SQ":-229986912,"HOLDER_PROFIT_QOQ_SQ":73.691644196575,"ROE_AVG_SQ":-1.924804490282,"PE_TTM_SQ":-2.048527077279,"PB_TTM_SQ":0.24710508729,"ROA_SQ":-0.857095457301,"START_DATE":"2022-01-01 00:00:00","FISCAL_YEAR":"12-31","CURRENCY":"HKD","IS_CNY_CODE":0,"DPS_HKD_LY":null,"ORG_TYPE":"一般企业","PREMIUM_INCOME":null,"PREMIUM_INCOME_YOY":null,"NET_INTEREST_INCOME":null,"NET_INTEREST_INCOME_YOY":null,"FEE_COMMISSION_INCOME":null,"FEE_COMMISSION_INCOME_YOY":null,"ACCOUNTS_RECE_TDAYS":null,"INVENTORY_TDAYS":0.296781967678,"CURRENT_ASSETS_TDAYS":0.177174644552,"TOTAL_ASSETS_TDAYS":0.034042344237,"PREMIUM_EXPENSE":null,"LOAN_DEPOSIT":null,"LOAN_EQUITY":null,"LOAN_ASSETS":null,"DEPOSIT_EQUITY":null,"DEPOSIT_ASSETS":null,"EQUITY_MULTIPLIER":2.169516526321,"EQUITY_RATIO":1.383121062259},{"SECUCODE":"00078.HK","SECURITY_CODE":"00078","SECURITY_NAME_ABBR":"REGAL INT\u0027L","ORG_CODE":"10007363","STD_REPORT_DATE":"2021-12-31 00:00:00","REPORT_DATE":"2021-12-31 00:00:00","DATE_TYPE_CODE":"001","REPORT_TYPE":"2021年年报","PER_NETCASH_OPERATE":0.158556387645,"PER_OI":0.897485553936,"BPS":10.859975459709,"BASIC_EPS":-0.555968,"DILUTED_EPS":-0.555968,"OPERATE_INCOME":806644160,"OPERATE_INCOME_YOY":45.3661411522,"GROSS_PROFIT":192544800,"GROSS_PROFIT_YOY":166.63560288388,"HOLDER_PROFIT":-404221440,"HOLDER_PROFIT_YOY":44.192346766,"GROSS_PROFIT_RATIO":23.869856071356,"EPS_TTM":-0.44974341969,"OPERATE_INCOME_QOQ":45.043545744744,"NET_PROFIT_RATIO":-53.4765862558,"ROE_AVG":-3.50510274616,"GROSS_PROFIT_QOQ":84.349364645327,"ROA":-1.563191642742,"HOLDER_PROFIT_QOQ":-106.06990397244,"ROE_YEARLY":-3.50510274616,"ROIC_YEARLY":-1.706375091894,"TOTAL_ASSETS":25178727840,"TOTAL_LIABILITIES":13624976960,"TAX_EBT":3.334554781971,"OCF_SALES":17.6667342388,"TOTAL_PARENT_EQUITY":9760754080,"DEBT_ASSET_RATIO":54.1130475161,"OPERATE_PROFIT":-252720160,"PRETAX_PROFIT":-446246080,"NETCASH_OPERATE":142507680,"NETCASH_INVEST":569458400,"NETCASH_FINANCE":-1104168800,"END_CASH":1530301920,"DIVI_RATIO":null,"DIVIDEND_RATE":null,"CURRENT_RATIO":2.306051472293,"COMMON_ACS":2000000000,"CURRENTDEBT_DEBT":15.52872556197,"ISSUED_COMMON_SHARES":898782333,"HK_COMMON_SHARES":898782333,"PER_SHARES":2000,"TOTAL_MARKET_CAP":2112138482.55,"HKSK_MARKET_CAP":2112138482.55,"PE_TTM":-0.803552780122,"PB_TTM":0.281442093961,"REPORT_DATE_SQ":"2020-12-31 00:00:00","REPORT_TYPE_SQ":"2020年年报","OPERATE_INCOME_SQ":571221068,"DPS_HKD":null,"OPERATE_INCOME_QOQ_SQ":-53.120225058216,"NET_PROFIT_RATIO_SQ":-132.1349639016,"HOLDER_PROFIT_SQ":-745608876,"HOLDER_PROFIT_QOQ_SQ":-5.655836699172,"ROE_AVG_SQ":-6.053152128237,"PE_TTM_SQ":-2.048527077279,"PB_TTM_SQ":0.24710508729,"ROA_SQ":-2.719098606074,"START_DATE":"2021-01-01 00:00:00","FISCAL_YEAR":"12-31","CURRENCY":"HKD","IS_CNY_CODE":0,"DPS_HKD_LY":null,"ORG_TYPE":"一般企业","PREMIUM_INCOME":null,"PREMIUM_INCOME_YOY":null,"NET_INTEREST_INCOME":null,"NET_INTEREST_INCOME_YOY":null,"FEE_COMMISSION_INCOME":null,"FEE_COMMISSION_INCOME_YOY":null,"ACCOUNTS_RECE_TDAYS":null,"INVENTORY_TDAYS":0.588613298852,"CURRENT_ASSETS_TDAYS":0.155666703482,"TOTAL_ASSETS_TDAYS":0.031194273356,"PREMIUM_EXPENSE":null,"LOAN_DEPOSIT":null,"LOAN_EQUITY":null,"LOAN_ASSETS":null,"DEPOSIT_EQUITY":null,"DEPOSIT_ASSETS":null,"EQUITY_MULTIPLIER":2.179268715548,"EQUITY_RATIO":1.395893887739},{"SECUCODE":"00078.HK","SECURITY_CODE":"00078","SECURITY_NAME_ABBR":"REGAL INT\u0027L","ORG_CODE":"10007363","STD_REPORT_DATE":"2021-06-30 00:00:00","REPORT_DATE":"2021-06-30 00:00:00","DATE_TYPE_CODE":"002","REPORT_TYPE":"2021年中报","PER_NETCASH_OPERATE":-0.10683569144,"PER_OI":0.374295234395,"BPS":11.523997572836,"BASIC_EPS":-0.308452056,"DILUTED_EPS":-0.308452056,"OPERATE_INCOME":336409944,"OPERATE_INCOME_YOY":5.0675675676,"GROSS_PROFIT":68313768,"GROSS_PROFIT_YOY":89.335093822545,"HOLDER_PROFIT":-229986912,"HOLDER_PROFIT_YOY":67.6081096918,"GROSS_PROFIT_RATIO":20.306702943359,"EPS_TTM":-0.218247988192,"OPERATE_INCOME_QOQ":-2.640268163218,"NET_PROFIT_RATIO":-72.6935443977,"ROE_AVG":-1.924804490282,"GROSS_PROFIT_QOQ":44.636030287853,"ROA":-0.857095457301,"HOLDER_PROFIT_QOQ":73.691644196575,"ROE_YEARLY":-3.849608980564,"ROIC_YEARLY":-1.898123508507,"TOTAL_ASSETS":26657846208,"TOTAL_LIABILITIES":14426519832,"TAX_EBT":2.456023896449,"OCF_SALES":-28.543161019045,"TOTAL_PARENT_EQUITY":11799476856,"DEBT_ASSET_RATIO":54.1173496142,"OPERATE_PROFIT":-198700704,"PRETAX_PROFIT":-250705704,"NETCASH_OPERATE":-96022032,"NETCASH_INVEST":657343200,"NETCASH_FINANCE":-222498192,"END_CASH":2291215488,"DIVI_RATIO":null,"DIVIDEND_RATE":null,"CURRENT_RATIO":0.672722355827,"COMMON_ACS":2000000000,"CURRENTDEBT_DEBT":59.718304985033,"ISSUED_COMMON_SHARES":898782333,"HK_COMMON_SHARES":898782333,"PER_SHARES":2000,"TOTAL_MARKET_CAP":2112138482.55,"HKSK_MARKET_CAP":2112138482.55,"PE_TTM":-0.803552780122,"PB_TTM":0.281442093961,"REPORT_DATE_SQ":"2020-06-30 00:00:00","REPORT_TYPE_SQ":"2020年中报","OPERATE_INCOME_SQ":351491712,"DPS_HKD":null,"OPERATE_INCOME_QOQ_SQ":-38.898318982608,"NET_PROFIT_RATIO_SQ":-223.3627858628,"HOLDER_PROFIT_SQ":-779438352,"HOLDER_PROFIT_QOQ_SQ":-273.295299364139,"ROE_AVG_SQ":-5.75707996694,"PE_TTM_SQ":-2.048527077279,"PB_TTM_SQ":0.24710508729,"ROA_SQ":-2.611952291236,"START_DATE":"2021-01-01 00:00:00","FISCAL_YEAR":"12-31","CURRENCY":"HKD","IS_CNY_CODE":0,"DPS_HKD_LY":null,"ORG_TYPE":"一般企业","PREMIUM_INCOME":null,"PREMIUM_INCOME_YOY":null,"NET_INTEREST_INCOME":null,"NET_INTEREST_INCOME_YOY":null,"FEE_COMMISSION_INCOME":null,"FEE_COMMISSION_INCOME_YOY":null,"ACCOUNTS_RECE_TDAYS":1.45457816154,"INVENTORY_TDAYS":0.265611475207,"CURRENT_ASSETS_TDAYS":0.059136285516,"TOTAL_ASSETS_TDAYS":0.012537036664,"PREMIUM_EXPENSE":null,"LOAN_DEPOSIT":null,"LOAN_EQUITY":null,"LOAN_ASSETS":null,"DEPOSIT_EQUITY":null,"DEPOSIT_ASSETS":null,"EQUITY_MULTIPLIER":2.17947305047,"EQUITY_RATIO":1.222640631281},{"SECUCODE":"00078.HK","SECURITY_CODE":"00078","SECURITY_NAME_ABBR":"REGAL INT\u0027L","ORG_CODE":"10007363","STD_REPORT_DATE":"2020-12-31 00:00:00","REPORT_DATE":"2020-12-31 00:00:00","DATE_TYPE_CODE":"001","REPORT_TYPE":"2020年年报","PER_NETCASH_OPERATE":1.020419599191,"PER_OI":0.635549951336,"BPS":11.992013830561,"BASIC_EPS":-0.9342204,"DILUTED_EPS":-0.9342204,"OPERATE_INCOME":571221068,"OPERATE_INCOME_YOY":-69.5130716018,"GROSS_PROFIT":72212712,"GROSS_PROFIT_YOY":-92.063174328837,"HOLDER_PROFIT":-745608876,"HOLDER_PROFIT_YOY":-294.8746150462,"GROSS_PROFIT_RATIO":12.641815235008,"EPS_TTM":-0.829576693515,"OPERATE_INCOME_QOQ":-53.120225058216,"NET_PROFIT_RATIO":-132.1349639016,"ROE_AVG":-6.053152128237,"GROSS_PROFIT_QOQ":-80.963371697074,"ROA":-2.719098606074,"HOLDER_PROFIT_QOQ":-5.655836699172,"ROE_YEARLY":-6.053152128237,"ROIC_YEARLY":-2.951130950398,"TOTAL_ASSETS":27319045252,"TOTAL_LIABILITIES":14563065248,"TAX_EBT":-1.459441113248,"OCF_SALES":160.556947104759,"TOTAL_PARENT_EQUITY":12236688124,"DEBT_ASSET_RATIO":53.3073726174,"OPERATE_PROFIT":-300465480,"PRETAX_PROFIT":-743925596,"NETCASH_OPERATE":917135108,"NETCASH_INVEST":220004696,"NETCASH_FINANCE":-394055848,"END_CASH":1967585992,"DIVI_RATIO":null,"DIVIDEND_RATE":null,"CURRENT_RATIO":0.638821434353,"COMMON_ACS":2000000000,"CURRENTDEBT_DEBT":60.687618475195,"ISSUED_COMMON_SHARES":898782333,"HK_COMMON_SHARES":898782333,"PER_SHARES":2000,"TOTAL_MARKET_CAP":2112138482.55,"HKSK_MARKET_CAP":2112138482.55,"PE_TTM":-0.803552780122,"PB_TTM":0.281442093961,"REPORT_DATE_SQ":"2019-12-31 00:00:00","REPORT_TYPE_SQ":"2019年年报","OPERATE_INCOME_SQ":1994185436,"DPS_HKD":null,"OPERATE_INCOME_QOQ_SQ":-16.97188772242,"NET_PROFIT_RATIO_SQ":20.6450453688,"HOLDER_PROFIT_SQ":407221588,"HOLDER_PROFIT_QOQ_SQ":-27.989420579801,"ROE_AVG_SQ":3.100045689191,"PE_TTM_SQ":-2.048527077279,"PB_TTM_SQ":0.24710508729,"ROA_SQ":1.410927080892,"START_DATE":"2020-01-01 00:00:00","FISCAL_YEAR":"12-31","CURRENCY":"HKD","IS_CNY_CODE":0,"DPS_HKD_LY":0.06,"ORG_TYPE":"一般企业","PREMIUM_INCOME":null,"PREMIUM_INCOME_YOY":null,"NET_INTEREST_INCOME":null,"NET_INTEREST_INCOME_YOY":null,"FEE_COMMISSION_INCOME":null,"FEE_COMMISSION_INCOME_YOY":null,"ACCOUNTS_RECE_TDAYS":2.668370355809,"INVENTORY_TDAYS":0.509233015546,"CURRENT_ASSETS_TDAYS":0.106121491674,"TOTAL_ASSETS_TDAYS":0.020831383045,"PREMIUM_EXPENSE":null,"LOAN_DEPOSIT":null,"LOAN_EQUITY":null,"LOAN_ASSETS":null,"DEPOSIT_EQUITY":null,"DEPOSIT_ASSETS":null,"EQUITY_MULTIPLIER":2.141665731949,"EQUITY_RATIO":1.190114931461},{"SECUCODE":"00078.HK","SECURITY_CODE":"00078","SECURITY_NAME_ABBR":"REGAL INT\u0027L","ORG_CODE":"10007363","STD_REPORT_DATE":"2020-06-30 00:00:00","REPORT_DATE":"2020-06-30 00:00:00","DATE_TYPE_CODE":"002","REPORT_TYPE":"2020年中报","PER_NETCASH_OPERATE":0.489555737629,"PER_OI":0.391075457421,"BPS":13.393927893329,"BASIC_EPS":-0.924858,"DILUTED_EPS":-0.924858,"OPERATE_INCOME":351491712,"OPERATE_INCOME_YOY":-69.9703449352,"GROSS_PROFIT":36080880,"GROSS_PROFIT_YOY":-93.631913147288,"HOLDER_PROFIT":-779438352,"HOLDER_PROFIT_YOY":-325.085729359,"GROSS_PROFIT_RATIO":10.265072765073,"EPS_TTM":-0.785168826855,"OPERATE_INCOME_QOQ":-38.898318982608,"NET_PROFIT_RATIO":-223.3627858628,"ROE_AVG":-5.75707996694,"GROSS_PROFIT_QOQ":-58.307608128572,"ROA":-2.611952291236,"HOLDER_PROFIT_QOQ":-273.295299364139,"ROE_YEARLY":-11.514159933881,"ROIC_YEARLY":-5.555067298146,"TOTAL_ASSETS":29811119184,"TOTAL_LIABILITIES":15576526944,"TAX_EBT":-0.702987697715,"OCF_SALES":125.181912681913,"TOTAL_PARENT_EQUITY":13621125936,"DEBT_ASSET_RATIO":52.2507284878,"OPERATE_PROFIT":-546693840,"PRETAX_PROFIT":-779621040,"NETCASH_OPERATE":440004048,"NETCASH_INVEST":-383827488,"NETCASH_FINANCE":-381635232,"END_CASH":963679200,"DIVI_RATIO":null,"DIVIDEND_RATE":null,"CURRENT_RATIO":3.158125915081,"COMMON_ACS":2000000000,"CURRENTDEBT_DEBT":10.013135826795,"ISSUED_COMMON_SHARES":898782333,"HK_COMMON_SHARES":898782333,"PER_SHARES":2000,"TOTAL_MARKET_CAP":2112138482.55,"HKSK_MARKET_CAP":2112138482.55,"PE_TTM":-0.803552780122,"PB_TTM":0.281442093961,"REPORT_DATE_SQ":"2019-06-30 00:00:00","REPORT_TYPE_SQ":"2019年中报","OPERATE_INCOME_SQ":1127196324,"DPS_HKD":null,"OPERATE_INCOME_QOQ_SQ":4.861225824124,"NET_PROFIT_RATIO_SQ":30.0374590292,"HOLDER_PROFIT_SQ":333479106,"HOLDER_PROFIT_QOQ_SQ":17.838850661293,"ROE_AVG_SQ":2.56418060868,"PE_TTM_SQ":-2.048527077279,"PB_TTM_SQ":0.24710508729,"ROA_SQ":1.186476484074,"START_DATE":"2020-01-01 00:00:00","FISCAL_YEAR":"12-31","CURRENCY":"HKD","IS_CNY_CODE":0,"DPS_HKD_LY":0.06,"ORG_TYPE":"一般企业","PREMIUM_INCOME":null,"PREMIUM_INCOME_YOY":null,"NET_INTEREST_INCOME":null,"NET_INTEREST_INCOME_YOY":null,"FEE_COMMISSION_INCOME":null,"FEE_COMMISSION_INCOME_YOY":null,"ACCOUNTS_RECE_TDAYS":1.632237539767,"INVENTORY_TDAYS":0.300993723849,"CURRENT_ASSETS_TDAYS":0.067065784773,"TOTAL_ASSETS_TDAYS":0.01177873247,"PREMIUM_EXPENSE":null,"LOAN_DEPOSIT":null,"LOAN_EQUITY":null,"LOAN_ASSETS":null,"DEPOSIT_EQUITY":null,"DEPOSIT_ASSETS":null,"EQUITY_MULTIPLIER":2.094272788527,"EQUITY_RATIO":1.143556488442}],"count":48},"success":true,"message":"ok","code":0}