{"version":"7efb29b709deee0f3cdd15064b4793f3","result":{"pages":6,"data":[{"SECUCODE":"00079.HK","SECURITY_CODE":"00079","SECURITY_NAME_ABBR":"世纪建业","ORG_CODE":"10007364","STD_REPORT_DATE":"2024-06-30 00:00:00","REPORT_DATE":"2024-06-30 00:00:00","DATE_TYPE_CODE":"002","REPORT_TYPE":"2024年中报","PER_NETCASH_OPERATE":0.010725642174,"PER_OI":0.066523052594,"BPS":0.639023796382,"BASIC_EPS":-0.067355784,"DILUTED_EPS":-0.067355784,"OPERATE_INCOME":21691665.56,"OPERATE_INCOME_YOY":-6.5211406096,"GROSS_PROFIT":7494015.48,"GROSS_PROFIT_YOY":-25.058309494878,"HOLDER_PROFIT":-21976421.72,"HOLDER_PROFIT_YOY":-7.8614943559,"GROSS_PROFIT_RATIO":34.547902553961,"EPS_TTM":-0.084137312751,"OPERATE_INCOME_QOQ":-3.640365807812,"NET_PROFIT_RATIO":-103.4249169016,"ROE_AVG":-10.019036127032,"GROSS_PROFIT_QOQ":-12.735892926695,"ROA":-6.008199236967,"HOLDER_PROFIT_QOQ":-5.353607066953,"ROE_YEARLY":-20.038072254065,"ROIC_YEARLY":-12.255472056312,"TOTAL_ASSETS":350278369.88,"TOTAL_LIABILITIES":142259431.6,"TAX_EBT":1.538153414781,"OCF_SALES":16.123196028106,"TOTAL_PARENT_EQUITY":208371232.76,"DEBT_ASSET_RATIO":40.613250441,"OPERATE_PROFIT":-19356117.44,"PRETAX_PROFIT":-22785056.2,"NETCASH_OPERATE":3497389.76,"NETCASH_INVEST":774865.32,"NETCASH_FINANCE":-11093625.4,"END_CASH":3847858.88,"DIVI_RATIO":null,"DIVIDEND_RATE":null,"CURRENT_RATIO":0.337169656306,"COMMON_ACS":2000000000,"CURRENTDEBT_DEBT":93.706293706294,"ISSUED_COMMON_SHARES":326077423,"HK_COMMON_SHARES":326077423,"PER_SHARES":4000,"TOTAL_MARKET_CAP":41737910.144,"HKSK_MARKET_CAP":41737910.144,"PE_TTM":-1.368859996196,"PB_TTM":0.182814850811,"REPORT_DATE_SQ":"2023-06-30 00:00:00","REPORT_TYPE_SQ":"2023年中报","OPERATE_INCOME_SQ":23441341.5,"DPS_HKD":null,"OPERATE_INCOME_QOQ_SQ":28.087915494128,"NET_PROFIT_RATIO_SQ":-87.4729596853,"HOLDER_PROFIT_SQ":-20582281.52,"HOLDER_PROFIT_QOQ_SQ":-32.371706478796,"ROE_AVG_SQ":-8.274537930216,"PE_TTM_SQ":-0.591298072909,"PB_TTM_SQ":0.079336040508,"ROA_SQ":-4.30411449361,"START_DATE":"2024-01-01 00:00:00","FISCAL_YEAR":"12-31","CURRENCY":"HKD","IS_CNY_CODE":0,"DPS_HKD_LY":null,"ORG_TYPE":"一般企业","PREMIUM_INCOME":null,"PREMIUM_INCOME_YOY":null,"NET_INTEREST_INCOME":null,"NET_INTEREST_INCOME_YOY":null,"FEE_COMMISSION_INCOME":null,"FEE_COMMISSION_INCOME_YOY":null,"ACCOUNTS_RECE_TDAYS":null,"INVENTORY_TDAYS":214.565517241379,"CURRENT_ASSETS_TDAYS":0.390083377101,"TOTAL_ASSETS_TDAYS":0.059303489042,"PREMIUM_EXPENSE":null,"LOAN_DEPOSIT":null,"LOAN_EQUITY":null,"LOAN_ASSETS":null,"DEPOSIT_EQUITY":null,"DEPOSIT_ASSETS":null,"EQUITY_MULTIPLIER":1.683877308366,"EQUITY_RATIO":0.682721072941},{"SECUCODE":"00079.HK","SECURITY_CODE":"00079","SECURITY_NAME_ABBR":"世纪建业","ORG_CODE":"10007364","STD_REPORT_DATE":"2023-12-31 00:00:00","REPORT_DATE":"2023-12-31 00:00:00","DATE_TYPE_CODE":"001","REPORT_TYPE":"2023年年报","PER_NETCASH_OPERATE":-0.013445556333,"PER_OI":0.147398092446,"BPS":0.701342229266,"BASIC_EPS":-0.079837982,"DILUTED_EPS":-0.079837982,"OPERATE_INCOME":48063190.14,"OPERATE_INCOME_YOY":45.7821390286,"GROSS_PROFIT":19674942.42,"GROSS_PROFIT_YOY":26.142550846049,"HOLDER_PROFIT":-26041137.92,"HOLDER_PROFIT_YOY":-5.3913298614,"GROSS_PROFIT_RATIO":40.935573279032,"EPS_TTM":-0.079861824472,"OPERATE_INCOME_QOQ":15.464121142658,"NET_PROFIT_RATIO":-54.4902615155,"ROE_AVG":-10.782617831694,"GROSS_PROFIT_QOQ":3.434594697733,"ROA":-6.059430325829,"HOLDER_PROFIT_QOQ":19.228041960186,"ROE_YEARLY":-10.782617831694,"ROIC_YEARLY":-6.238155298286,"TOTAL_ASSETS":378570686.34,"TOTAL_LIABILITIES":149773698.06,"TAX_EBT":12.76525098856,"OCF_SALES":-9.121933744367,"TOTAL_PARENT_EQUITY":228691866.76,"DEBT_ASSET_RATIO":39.562941206,"OPERATE_PROFIT":-20222299.3,"PRETAX_PROFIT":-30022162.38,"NETCASH_OPERATE":-4384292.36,"NETCASH_INVEST":93595307.82,"NETCASH_FINANCE":-92290351.02,"END_CASH":10593711.8,"DIVI_RATIO":null,"DIVIDEND_RATE":null,"CURRENT_RATIO":0.473173847026,"COMMON_ACS":2000000000,"CURRENTDEBT_DEBT":92.846986501122,"ISSUED_COMMON_SHARES":326077423,"HK_COMMON_SHARES":326077423,"PER_SHARES":4000,"TOTAL_MARKET_CAP":53802774.795,"HKSK_MARKET_CAP":53802774.795,"PE_TTM":-1.764546088846,"PB_TTM":0.235659768623,"REPORT_DATE_SQ":"2022-12-31 00:00:00","REPORT_TYPE_SQ":"2022年年报","OPERATE_INCOME_SQ":32498055.87,"DPS_HKD":null,"OPERATE_INCOME_QOQ_SQ":12.341430889958,"NET_PROFIT_RATIO_SQ":-75.1298754845,"HOLDER_PROFIT_SQ":-24355899.82,"HOLDER_PROFIT_QOQ_SQ":-7.626164658556,"ROE_AVG_SQ":-9.264994962461,"PE_TTM_SQ":-0.619455124,"PB_TTM_SQ":0.083113947199,"ROA_SQ":-5.058988443516,"START_DATE":"2023-01-01 00:00:00","FISCAL_YEAR":"12-31","CURRENCY":"HKD","IS_CNY_CODE":0,"DPS_HKD_LY":null,"ORG_TYPE":"一般企业","PREMIUM_INCOME":null,"PREMIUM_INCOME_YOY":null,"NET_INTEREST_INCOME":null,"NET_INTEREST_INCOME_YOY":null,"FEE_COMMISSION_INCOME":null,"FEE_COMMISSION_INCOME_YOY":null,"ACCOUNTS_RECE_TDAYS":null,"INVENTORY_TDAYS":268.892703862661,"CURRENT_ASSETS_TDAYS":0.440060735799,"TOTAL_ASSETS_TDAYS":0.111836722644,"PREMIUM_EXPENSE":null,"LOAN_DEPOSIT":null,"LOAN_EQUITY":null,"LOAN_ASSETS":null,"DEPOSIT_EQUITY":null,"DEPOSIT_ASSETS":null,"EQUITY_MULTIPLIER":1.654613940444,"EQUITY_RATIO":0.654914843199},{"SECUCODE":"00079.HK","SECURITY_CODE":"00079","SECURITY_NAME_ABBR":"世纪建业","ORG_CODE":"10007364","STD_REPORT_DATE":"2023-06-30 00:00:00","REPORT_DATE":"2023-06-30 00:00:00","DATE_TYPE_CODE":"002","REPORT_TYPE":"2023年中报","PER_NETCASH_OPERATE":-0.019846138259,"PER_OI":0.071888882353,"BPS":0.732135604801,"BASIC_EPS":-0.06315563,"DILUTED_EPS":-0.06315563,"OPERATE_INCOME":23441341.5,"OPERATE_INCOME_YOY":51.9089442552,"GROSS_PROFIT":9999795.08,"GROSS_PROFIT_YOY":52.07528027847,"HOLDER_PROFIT":-20582281.52,"HOLDER_PROFIT_YOY":-50.3502155172,"GROSS_PROFIT_RATIO":42.658800393314,"EPS_TTM":-0.098873206012,"OPERATE_INCOME_QOQ":28.087915494128,"NET_PROFIT_RATIO":-87.4729596853,"ROE_AVG":-8.274537930216,"GROSS_PROFIT_QOQ":21.953927711203,"ROA":-4.30411449361,"HOLDER_PROFIT_QOQ":-32.371706478796,"ROE_YEARLY":-16.549075860433,"ROIC_YEARLY":-8.821126606124,"TOTAL_ASSETS":467082443.84,"TOTAL_LIABILITIES":228013951.82,"TAX_EBT":null,"OCF_SALES":-27.60668633235,"TOTAL_PARENT_EQUITY":238732891.3,"DEBT_ASSET_RATIO":48.8166392951,"OPERATE_PROFIT":-15681035.84,"PRETAX_PROFIT":-20504835.2,"NETCASH_OPERATE":-6471377.62,"NETCASH_INVEST":12438432.18,"NETCASH_FINANCE":-11299786.88,"END_CASH":8578101.92,"DIVI_RATIO":null,"DIVIDEND_RATE":null,"CURRENT_RATIO":0.65023863417,"COMMON_ACS":2000000000,"CURRENTDEBT_DEBT":92.177801859213,"ISSUED_COMMON_SHARES":326077423,"HK_COMMON_SHARES":326077423,"PER_SHARES":4000,"TOTAL_MARKET_CAP":53802774.795,"HKSK_MARKET_CAP":53802774.795,"PE_TTM":-1.764546088846,"PB_TTM":0.235659768623,"REPORT_DATE_SQ":"2022-06-30 00:00:00","REPORT_TYPE_SQ":"2022年中报","OPERATE_INCOME_SQ":14313315.03,"DPS_HKD":null,"OPERATE_INCOME_QOQ_SQ":-3.04306440084,"NET_PROFIT_RATIO_SQ":-88.8450737886,"HOLDER_PROFIT_SQ":-12697861.12,"HOLDER_PROFIT_QOQ_SQ":-121.589013365553,"ROE_AVG_SQ":-4.935874847915,"PE_TTM_SQ":-0.619455124,"PB_TTM_SQ":0.083113947199,"ROA_SQ":-2.760928987151,"START_DATE":"2023-01-01 00:00:00","FISCAL_YEAR":"12-31","CURRENCY":"HKD","IS_CNY_CODE":0,"DPS_HKD_LY":null,"ORG_TYPE":"一般企业","PREMIUM_INCOME":null,"PREMIUM_INCOME_YOY":null,"NET_INTEREST_INCOME":null,"NET_INTEREST_INCOME_YOY":null,"FEE_COMMISSION_INCOME":null,"FEE_COMMISSION_INCOME_YOY":null,"ACCOUNTS_RECE_TDAYS":null,"INVENTORY_TDAYS":128.449339207048,"CURRENT_ASSETS_TDAYS":0.16057928543,"TOTAL_ASSETS_TDAYS":0.049019938631,"PREMIUM_EXPENSE":null,"LOAN_DEPOSIT":null,"LOAN_EQUITY":null,"LOAN_ASSETS":null,"DEPOSIT_EQUITY":null,"DEPOSIT_ASSETS":null,"EQUITY_MULTIPLIER":1.953759945084,"EQUITY_RATIO":0.955100700948},{"SECUCODE":"00079.HK","SECURITY_CODE":"00079","SECURITY_NAME_ABBR":"世纪建业","ORG_CODE":"10007364","STD_REPORT_DATE":"2022-12-31 00:00:00","REPORT_DATE":"2022-12-31 00:00:00","DATE_TYPE_CODE":"001","REPORT_TYPE":"2022年年报","PER_NETCASH_OPERATE":-0.031955584211,"PER_OI":0.099663618447,"BPS":0.768818756765,"BASIC_EPS":-0.074677372,"DILUTED_EPS":-0.074677372,"OPERATE_INCOME":32498055.87,"OPERATE_INCOME_YOY":-0.3041762578,"GROSS_PROFIT":15597387.47,"GROSS_PROFIT_YOY":49.13257871465,"HOLDER_PROFIT":-24355899.82,"HOLDER_PROFIT_YOY":-118.285165319,"GROSS_PROFIT_RATIO":47.994832467497,"EPS_TTM":-0.074693609867,"OPERATE_INCOME_QOQ":12.341430889958,"NET_PROFIT_RATIO":-75.1298754845,"ROE_AVG":-9.264994962461,"GROSS_PROFIT_QOQ":32.671327849138,"ROA":-5.058988443516,"HOLDER_PROFIT_QOQ":-7.626164658556,"ROE_YEARLY":-9.264994962461,"ROIC_YEARLY":-5.27076817203,"TOTAL_ASSETS":474080720.75,"TOTAL_LIABILITIES":223136166.19,"TAX_EBT":-0.330360092501,"OCF_SALES":-32.06343970754,"TOTAL_PARENT_EQUITY":250694438.96,"DEBT_ASSET_RATIO":47.067125159,"OPERATE_PROFIT":-19359840.71,"PRETAX_PROFIT":-24335354.61,"NETCASH_OPERATE":-10419994.55,"NETCASH_INVEST":4880827.28,"NETCASH_FINANCE":-5633853.89,"END_CASH":13477657.76,"DIVI_RATIO":null,"DIVIDEND_RATE":null,"CURRENT_RATIO":0.732536293023,"COMMON_ACS":2000000000,"CURRENTDEBT_DEBT":92.048343254723,"ISSUED_COMMON_SHARES":326077423,"HK_COMMON_SHARES":326077423,"PER_SHARES":4000,"TOTAL_MARKET_CAP":53802774.795,"HKSK_MARKET_CAP":53802774.795,"PE_TTM":-1.764546088846,"PB_TTM":0.235659768623,"REPORT_DATE_SQ":"2021-12-31 00:00:00","REPORT_TYPE_SQ":"2021年年报","OPERATE_INCOME_SQ":29835859.2,"DPS_HKD":null,"OPERATE_INCOME_QOQ_SQ":-1.954026434839,"NET_PROFIT_RATIO_SQ":-39.219554971,"HOLDER_PROFIT_SQ":-10212641.6,"HOLDER_PROFIT_QOQ_SQ":-322.033550492506,"ROE_AVG_SQ":-3.979438558596,"PE_TTM_SQ":-0.619455124,"PB_TTM_SQ":0.083113947199,"ROA_SQ":-2.231539907244,"START_DATE":"2022-01-01 00:00:00","FISCAL_YEAR":"12-31","CURRENCY":"HKD","IS_CNY_CODE":0,"DPS_HKD_LY":null,"ORG_TYPE":"一般企业","PREMIUM_INCOME":null,"PREMIUM_INCOME_YOY":null,"NET_INTEREST_INCOME":null,"NET_INTEREST_INCOME_YOY":null,"FEE_COMMISSION_INCOME":null,"FEE_COMMISSION_INCOME_YOY":null,"ACCOUNTS_RECE_TDAYS":null,"INVENTORY_TDAYS":130.934256055363,"CURRENT_ASSETS_TDAYS":0.206356724135,"TOTAL_ASSETS_TDAYS":0.067502038643,"PREMIUM_EXPENSE":null,"LOAN_DEPOSIT":null,"LOAN_EQUITY":null,"LOAN_ASSETS":null,"DEPOSIT_EQUITY":null,"DEPOSIT_ASSETS":null,"EQUITY_MULTIPLIER":1.889185129286,"EQUITY_RATIO":0.890072261338},{"SECUCODE":"00079.HK","SECURITY_CODE":"00079","SECURITY_NAME_ABBR":"世纪建业","ORG_CODE":"10007364","STD_REPORT_DATE":"2022-06-30 00:00:00","REPORT_DATE":"2022-06-30 00:00:00","DATE_TYPE_CODE":"002","REPORT_TYPE":"2022年中报","PER_NETCASH_OPERATE":-0.014170228431,"PER_OI":0.043895449425,"BPS":0.770282917042,"BASIC_EPS":-0.038911145,"DILUTED_EPS":-0.038911145,"OPERATE_INCOME":14313315.03,"OPERATE_INCOME_YOY":-8.5059858962,"GROSS_PROFIT":6575555.91,"GROSS_PROFIT_YOY":24.586986142309,"HOLDER_PROFIT":-12697861.12,"HOLDER_PROFIT_YOY":-4305.9347181009,"GROSS_PROFIT_RATIO":45.940132640258,"EPS_TTM":-0.06940097708,"OPERATE_INCOME_QOQ":-3.04306440084,"NET_PROFIT_RATIO":-88.8450737886,"ROE_AVG":-4.935874847915,"GROSS_PROFIT_QOQ":12.407542106031,"ROA":-2.760928987151,"HOLDER_PROFIT_QOQ":-121.589013365553,"ROE_YEARLY":-9.871749695829,"ROIC_YEARLY":-5.756399768938,"TOTAL_ASSETS":451867002.58,"TOTAL_LIABILITIES":200417197.26,"TAX_EBT":null,"OCF_SALES":-32.281770926689,"TOTAL_PARENT_EQUITY":251171868.57,"DEBT_ASSET_RATIO":44.3531384491,"OPERATE_PROFIT":-11320150.03,"PRETAX_PROFIT":-12716675.3,"NETCASH_OPERATE":-4620591.57,"NETCASH_INVEST":-33352.41,"NETCASH_FINANCE":-5642543.62,"END_CASH":13303335.64,"DIVI_RATIO":null,"DIVIDEND_RATE":null,"CURRENT_RATIO":0.765893152144,"COMMON_ACS":2000000000,"CURRENTDEBT_DEBT":93.761147665498,"ISSUED_COMMON_SHARES":326077423,"HK_COMMON_SHARES":326077423,"PER_SHARES":4000,"TOTAL_MARKET_CAP":53802774.795,"HKSK_MARKET_CAP":53802774.795,"PE_TTM":-1.764546088846,"PB_TTM":0.235659768623,"REPORT_DATE_SQ":"2021-06-30 00:00:00","REPORT_TYPE_SQ":"2021年中报","OPERATE_INCOME_SQ":15221239.44,"DPS_HKD":null,"OPERATE_INCOME_QOQ_SQ":2.286324145205,"NET_PROFIT_RATIO_SQ":-7.0518777675,"HOLDER_PROFIT_SQ":-280410.96,"HOLDER_PROFIT_QOQ_SQ":122.711370841266,"ROE_AVG_SQ":-0.105296705494,"PE_TTM_SQ":-0.619455124,"PB_TTM_SQ":0.083113947199,"ROA_SQ":-0.059205903022,"START_DATE":"2022-01-01 00:00:00","FISCAL_YEAR":"12-31","CURRENCY":"HKD","IS_CNY_CODE":0,"DPS_HKD_LY":null,"ORG_TYPE":"一般企业","PREMIUM_INCOME":null,"PREMIUM_INCOME_YOY":null,"NET_INTEREST_INCOME":null,"NET_INTEREST_INCOME_YOY":null,"FEE_COMMISSION_INCOME":null,"FEE_COMMISSION_INCOME_YOY":null,"ACCOUNTS_RECE_TDAYS":null,"INVENTORY_TDAYS":77.004255319149,"CURRENT_ASSETS_TDAYS":0.094972479147,"TOTAL_ASSETS_TDAYS":0.031121813347,"PREMIUM_EXPENSE":null,"LOAN_DEPOSIT":null,"LOAN_EQUITY":null,"LOAN_ASSETS":null,"DEPOSIT_EQUITY":null,"DEPOSIT_ASSETS":null,"EQUITY_MULTIPLIER":1.797046539786,"EQUITY_RATIO":0.797928519627},{"SECUCODE":"00079.HK","SECURITY_CODE":"00079","SECURITY_NAME_ABBR":"世纪建业","ORG_CODE":"10007364","STD_REPORT_DATE":"2021-12-31 00:00:00","REPORT_DATE":"2021-12-31 00:00:00","DATE_TYPE_CODE":"001","REPORT_TYPE":"2021年年报","PER_NETCASH_OPERATE":-0.00739175616,"PER_OI":0.091499309966,"BPS":0.772105037152,"BASIC_EPS":-0.03131408,"DILUTED_EPS":-0.03131408,"OPERATE_INCOME":29835859.2,"OPERATE_INCOME_YOY":3.2363924409,"GROSS_PROFIT":10458739.2,"GROSS_PROFIT_YOY":1.392122280719,"HOLDER_PROFIT":-10212641.6,"HOLDER_PROFIT_YOY":48.0904292898,"GROSS_PROFIT_RATIO":35.054258467609,"EPS_TTM":-0.03131968324,"OPERATE_INCOME_QOQ":-1.954026434839,"NET_PROFIT_RATIO":-39.219554971,"ROE_AVG":-3.979438558596,"GROSS_PROFIT_QOQ":1.933447063969,"ROA":-2.231539907244,"HOLDER_PROFIT_QOQ":-322.033550492506,"ROE_YEARLY":-3.979438558596,"ROIC_YEARLY":-2.350008466126,"TOTAL_ASSETS":447389084.8,"TOTAL_LIABILITIES":195339356.8,"TAX_EBT":3.362592842674,"OCF_SALES":-8.078482955168,"TOTAL_PARENT_EQUITY":251766020.8,"DEBT_ASSET_RATIO":43.6620747883,"OPERATE_PROFIT":-9396676.8,"PRETAX_PROFIT":-12108656,"NETCASH_OPERATE":-2410284.8,"NETCASH_INVEST":15006230.4,"NETCASH_FINANCE":-11556776,"END_CASH":22562489.6,"DIVI_RATIO":null,"DIVIDEND_RATE":null,"CURRENT_RATIO":0.828521942551,"COMMON_ACS":2000000000,"CURRENTDEBT_DEBT":93.038197205736,"ISSUED_COMMON_SHARES":326077423,"HK_COMMON_SHARES":326077423,"PER_SHARES":4000,"TOTAL_MARKET_CAP":53802774.795,"HKSK_MARKET_CAP":53802774.795,"PE_TTM":-1.764546088846,"PB_TTM":0.235659768623,"REPORT_DATE_SQ":"2020-12-31 00:00:00","REPORT_TYPE_SQ":"2020年年报","OPERATE_INCOME_SQ":29750290.72,"DPS_HKD":null,"OPERATE_INCOME_QOQ_SQ":-1.967017999074,"NET_PROFIT_RATIO_SQ":-72.8131718909,"HOLDER_PROFIT_SQ":-20252383.32,"HOLDER_PROFIT_QOQ_SQ":54.925589757827,"ROE_AVG_SQ":-7.23295725242,"PE_TTM_SQ":-0.619455124,"PB_TTM_SQ":0.083113947199,"ROA_SQ":-4.203243220582,"START_DATE":"2021-01-01 00:00:00","FISCAL_YEAR":"12-31","CURRENCY":"HKD","IS_CNY_CODE":0,"DPS_HKD_LY":null,"ORG_TYPE":"一般企业","PREMIUM_INCOME":null,"PREMIUM_INCOME_YOY":null,"NET_INTEREST_INCOME":null,"NET_INTEREST_INCOME_YOY":null,"FEE_COMMISSION_INCOME":null,"FEE_COMMISSION_INCOME_YOY":null,"ACCOUNTS_RECE_TDAYS":null,"INVENTORY_TDAYS":213.513513513514,"CURRENT_ASSETS_TDAYS":0.191469602128,"TOTAL_ASSETS_TDAYS":0.065193622845,"PREMIUM_EXPENSE":null,"LOAN_DEPOSIT":null,"LOAN_EQUITY":null,"LOAN_ASSETS":null,"DEPOSIT_EQUITY":null,"DEPOSIT_ASSETS":null,"EQUITY_MULTIPLIER":1.775003243805,"EQUITY_RATIO":0.775876570553},{"SECUCODE":"00079.HK","SECURITY_CODE":"00079","SECURITY_NAME_ABBR":"世纪建业","ORG_CODE":"10007364","STD_REPORT_DATE":"2021-06-30 00:00:00","REPORT_DATE":"2021-06-30 00:00:00","DATE_TYPE_CODE":"002","REPORT_TYPE":"2021年中报","PER_NETCASH_OPERATE":-0.000130141117,"PER_OI":0.046679832354,"BPS":0.817214763624,"BASIC_EPS":-0.00083208,"DILUTED_EPS":-0.00083208,"OPERATE_INCOME":15221239.44,"OPERATE_INCOME_YOY":14.9129970476,"GROSS_PROFIT":5277883.44,"GROSS_PROFIT_YOY":-1.027240665241,"HOLDER_PROFIT":-280410.96,"HOLDER_PROFIT_YOY":98.7751690049,"GROSS_PROFIT_RATIO":34.674465642596,"EPS_TTM":0.014105833632,"OPERATE_INCOME_QOQ":2.286324145205,"NET_PROFIT_RATIO":-7.0518777675,"ROE_AVG":-0.105296705494,"GROSS_PROFIT_QOQ":-0.53105707581,"ROA":-0.059205903022,"HOLDER_PROFIT_QOQ":122.711370841266,"ROE_YEARLY":-0.210593410988,"ROIC_YEARLY":-0.123439267056,"TOTAL_ASSETS":471042152.16,"TOTAL_LIABILITIES":203555890.8,"TAX_EBT":null,"OCF_SALES":-0.27879516755,"TOTAL_PARENT_EQUITY":266475284.16,"DEBT_ASSET_RATIO":43.2139437769,"OPERATE_PROFIT":382756.8,"PRETAX_PROFIT":-1073383.2,"NETCASH_OPERATE":-42436.08,"NETCASH_INVEST":-2219989.44,"NETCASH_FINANCE":-5782123.92,"END_CASH":13859956.56,"DIVI_RATIO":null,"DIVIDEND_RATE":null,"CURRENT_RATIO":0.873433628794,"COMMON_ACS":2000000000,"CURRENTDEBT_DEBT":91.403928301347,"ISSUED_COMMON_SHARES":326077423,"HK_COMMON_SHARES":326077423,"PER_SHARES":4000,"TOTAL_MARKET_CAP":53802774.795,"HKSK_MARKET_CAP":53802774.795,"PE_TTM":-1.764546088846,"PB_TTM":0.235659768623,"REPORT_DATE_SQ":"2020-06-30 00:00:00","REPORT_TYPE_SQ":"2020年中报","OPERATE_INCOME_SQ":14541051.36,"DPS_HKD":null,"OPERATE_INCOME_QOQ_SQ":9.20281812032,"NET_PROFIT_RATIO_SQ":-175.3439286387,"HOLDER_PROFIT_SQ":-25132388.16,"HOLDER_PROFIT_QOQ_SQ":-136.217957989082,"ROE_AVG_SQ":-8.312662958588,"PE_TTM_SQ":-0.619455124,"PB_TTM_SQ":0.083113947199,"ROA_SQ":-4.889782622025,"START_DATE":"2021-01-01 00:00:00","FISCAL_YEAR":"12-31","CURRENCY":"HKD","IS_CNY_CODE":0,"DPS_HKD_LY":null,"ORG_TYPE":"一般企业","PREMIUM_INCOME":null,"PREMIUM_INCOME_YOY":null,"NET_INTEREST_INCOME":null,"NET_INTEREST_INCOME_YOY":null,"FEE_COMMISSION_INCOME":null,"FEE_COMMISSION_INCOME_YOY":null,"ACCOUNTS_RECE_TDAYS":null,"INVENTORY_TDAYS":148.447204968944,"CURRENT_ASSETS_TDAYS":0.093256694238,"TOTAL_ASSETS_TDAYS":0.032138088545,"PREMIUM_EXPENSE":null,"LOAN_DEPOSIT":null,"LOAN_EQUITY":null,"LOAN_ASSETS":null,"DEPOSIT_EQUITY":null,"DEPOSIT_ASSETS":null,"EQUITY_MULTIPLIER":1.760995685404,"EQUITY_RATIO":0.763882817281},{"SECUCODE":"00079.HK","SECURITY_CODE":"00079","SECURITY_NAME_ABBR":"世纪建业","ORG_CODE":"10007364","STD_REPORT_DATE":"2020-12-31 00:00:00","REPORT_DATE":"2020-12-31 00:00:00","DATE_TYPE_CODE":"001","REPORT_TYPE":"2020年年报","PER_NETCASH_OPERATE":0.00384326504,"PER_OI":0.091236892289,"BPS":0.825550882006,"BASIC_EPS":-0.062113032,"DILUTED_EPS":-0.062113032,"OPERATE_INCOME":29750290.72,"OPERATE_INCOME_YOY":13.9412693808,"GROSS_PROFIT":10315139.84,"GROSS_PROFIT_YOY":-37.054442632573,"HOLDER_PROFIT":-20252383.32,"HOLDER_PROFIT_YOY":-13.3229725911,"GROSS_PROFIT_RATIO":34.672400135793,"EPS_TTM":-0.062109124679,"OPERATE_INCOME_QOQ":-1.967017999074,"NET_PROFIT_RATIO":-72.8131718909,"ROE_AVG":-7.23295725242,"GROSS_PROFIT_QOQ":-47.665335169415,"ROA":-4.203243220582,"HOLDER_PROFIT_QOQ":54.925589757827,"ROE_YEARLY":-7.23295725242,"ROIC_YEARLY":-4.412108499401,"TOTAL_ASSETS":481668888.72,"TOTAL_LIABILITIES":210650709.04,"TAX_EBT":-10.241144472523,"OCF_SALES":4.212402399004,"TOTAL_PARENT_EQUITY":269193504.16,"DEBT_ASSET_RATIO":43.7335094653,"OPERATE_PROFIT":-15173927.56,"PRETAX_PROFIT":-19649769.08,"NETCASH_OPERATE":1253201.96,"NETCASH_INVEST":535283.04,"NETCASH_FINANCE":1964387.76,"END_CASH":22156173,"DIVI_RATIO":null,"DIVIDEND_RATE":null,"CURRENT_RATIO":0.874566068559,"COMMON_ACS":2000000000,"CURRENTDEBT_DEBT":90.003436069137,"ISSUED_COMMON_SHARES":326077423,"HK_COMMON_SHARES":326077423,"PER_SHARES":4000,"TOTAL_MARKET_CAP":53802774.795,"HKSK_MARKET_CAP":53802774.795,"PE_TTM":-1.764546088846,"PB_TTM":0.235659768623,"REPORT_DATE_SQ":"2019-12-31 00:00:00","REPORT_TYPE_SQ":"2019年年报","OPERATE_INCOME_SQ":27789782.94,"DPS_HKD":null,"OPERATE_INCOME_QOQ_SQ":19.779659066136,"NET_PROFIT_RATIO_SQ":-70.2059762112,"HOLDER_PROFIT_SQ":-19020992.52,"HOLDER_PROFIT_QOQ_SQ":-48.289020171132,"ROE_AVG_SQ":-6.012887185448,"PE_TTM_SQ":-0.619455124,"PB_TTM_SQ":0.083113947199,"ROA_SQ":-3.661457444222,"START_DATE":"2020-01-01 00:00:00","FISCAL_YEAR":"12-31","CURRENCY":"HKD","IS_CNY_CODE":0,"DPS_HKD_LY":null,"ORG_TYPE":"一般企业","PREMIUM_INCOME":null,"PREMIUM_INCOME_YOY":null,"NET_INTEREST_INCOME":null,"NET_INTEREST_INCOME_YOY":null,"FEE_COMMISSION_INCOME":null,"FEE_COMMISSION_INCOME_YOY":null,"ACCOUNTS_RECE_TDAYS":null,"INVENTORY_TDAYS":274.904761904762,"CURRENT_ASSETS_TDAYS":0.177633496487,"TOTAL_ASSETS_TDAYS":0.061744687429,"PREMIUM_EXPENSE":null,"LOAN_DEPOSIT":null,"LOAN_EQUITY":null,"LOAN_ASSETS":null,"DEPOSIT_EQUITY":null,"DEPOSIT_ASSETS":null,"EQUITY_MULTIPLIER":1.777256748194,"EQUITY_RATIO":0.78252523105},{"SECUCODE":"00079.HK","SECURITY_CODE":"00079","SECURITY_NAME_ABBR":"世纪建业","ORG_CODE":"10007364","STD_REPORT_DATE":"2020-06-30 00:00:00","REPORT_DATE":"2020-06-30 00:00:00","DATE_TYPE_CODE":"002","REPORT_TYPE":"2020年中报","PER_NETCASH_OPERATE":-0.020782829114,"PER_OI":0.044593861256,"BPS":0.886473521474,"BASIC_EPS":-0.077094336,"DILUTED_EPS":-0.077094336,"OPERATE_INCOME":14541051.36,"OPERATE_INCOME_YOY":16.8538501064,"GROSS_PROFIT":5332662.72,"GROSS_PROFIT_YOY":-33.287265232665,"HOLDER_PROFIT":-25132388.16,"HOLDER_PROFIT_YOY":-3212.443438914,"GROSS_PROFIT_RATIO":58.182046610968,"EPS_TTM":-0.137792428886,"OPERATE_INCOME_QOQ":9.20281812032,"NET_PROFIT_RATIO":-175.3439286387,"ROE_AVG":-8.312662958588,"GROSS_PROFIT_QOQ":2.425855216036,"ROA":-4.889782622025,"HOLDER_PROFIT_QOQ":-136.217957989082,"ROE_YEARLY":-16.625325917176,"ROIC_YEARLY":-10.194863662133,"TOTAL_ASSETS":504850980.48,"TOTAL_LIABILITIES":212646091.68,"TAX_EBT":0.04297224709,"OCF_SALES":-46.604686224009,"TOTAL_PARENT_EQUITY":289059001.44,"DEBT_ASSET_RATIO":42.1205662467,"OPERATE_PROFIT":-22507161.6,"PRETAX_PROFIT":-25507812,"NETCASH_OPERATE":-6776811.36,"NETCASH_INVEST":9000124.32,"NETCASH_FINANCE":-6951278.4,"END_CASH":15245313.6,"DIVI_RATIO":null,"DIVIDEND_RATE":null,"CURRENT_RATIO":0.838301776788,"COMMON_ACS":2000000000,"CURRENTDEBT_DEBT":89.886897167919,"ISSUED_COMMON_SHARES":326077423,"HK_COMMON_SHARES":326077423,"PER_SHARES":4000,"TOTAL_MARKET_CAP":53802774.795,"HKSK_MARKET_CAP":53802774.795,"PE_TTM":-1.764546088846,"PB_TTM":0.235659768623,"REPORT_DATE_SQ":"2019-06-30 00:00:00","REPORT_TYPE_SQ":"2019年中报","OPERATE_INCOME_SQ":11983608.18,"DPS_HKD":null,"OPERATE_INCOME_QOQ_SQ":1.455352885728,"NET_PROFIT_RATIO_SQ":0.6239447992,"HOLDER_PROFIT_SQ":777619.44,"HOLDER_PROFIT_QOQ_SQ":-13.721128607493,"ROE_AVG_SQ":0.242579575842,"PE_TTM_SQ":-0.619455124,"PB_TTM_SQ":0.083113947199,"ROA_SQ":0.149081060297,"START_DATE":"2020-01-01 00:00:00","FISCAL_YEAR":"12-31","CURRENCY":"HKD","IS_CNY_CODE":0,"DPS_HKD_LY":null,"ORG_TYPE":"一般企业","PREMIUM_INCOME":null,"PREMIUM_INCOME_YOY":null,"NET_INTEREST_INCOME":null,"NET_INTEREST_INCOME_YOY":null,"FEE_COMMISSION_INCOME":null,"FEE_COMMISSION_INCOME_YOY":null,"ACCOUNTS_RECE_TDAYS":2.152961860968,"INVENTORY_TDAYS":76.959537572254,"CURRENT_ASSETS_TDAYS":0.08458644619,"TOTAL_ASSETS_TDAYS":0.028291215221,"PREMIUM_EXPENSE":null,"LOAN_DEPOSIT":null,"LOAN_EQUITY":null,"LOAN_ASSETS":null,"DEPOSIT_EQUITY":null,"DEPOSIT_ASSETS":null,"EQUITY_MULTIPLIER":1.727729411214,"EQUITY_RATIO":0.735649437038}],"count":48},"success":true,"message":"ok","code":0}