{"version":"ef98fce113dc6b8906ce6b39f0a68049","result":{"pages":6,"data":[{"SECUCODE":"00082.HK","SECURITY_CODE":"00082","SECURITY_NAME_ABBR":"疯狂体育","ORG_CODE":"10007367","STD_REPORT_DATE":"2024-06-30 00:00:00","REPORT_DATE":"2024-06-30 00:00:00","DATE_TYPE_CODE":"002","REPORT_TYPE":"2024年中报","PER_NETCASH_OPERATE":-0.003008769502,"PER_OI":0.042005213038,"BPS":0.146511205159,"BASIC_EPS":-0.001186484,"DILUTED_EPS":-0.001186484,"OPERATE_INCOME":190121283.48,"OPERATE_INCOME_YOY":-23.6648466415,"GROSS_PROFIT":73516374,"GROSS_PROFIT_YOY":-15.435569060884,"HOLDER_PROFIT":-5167594.16,"HOLDER_PROFIT_YOY":40.1606425703,"GROSS_PROFIT_RATIO":38.668145225168,"EPS_TTM":-0.003863795166,"OPERATE_INCOME_QOQ":-13.839672627551,"NET_PROFIT_RATIO":-2.719011478,"ROE_AVG":-0.753024666811,"GROSS_PROFIT_QOQ":-8.25507484256,"ROA":-0.542027990739,"HOLDER_PROFIT_QOQ":16.898592954898,"ROE_YEARLY":-1.506049333622,"ROIC_YEARLY":-1.138425687162,"TOTAL_ASSETS":923807394.56,"TOTAL_LIABILITIES":259181953.72,"TAX_EBT":8.066872260997,"OCF_SALES":-7.16284785729,"TOTAL_PARENT_EQUITY":663129558.32,"DEBT_ASSET_RATIO":28.0558431602,"OPERATE_PROFIT":-2478838.88,"PRETAX_PROFIT":-5623021.48,"NETCASH_OPERATE":-13618098.28,"NETCASH_INVEST":-439911.76,"NETCASH_FINANCE":-9593179.48,"END_CASH":32732355.52,"DIVI_RATIO":null,"DIVIDEND_RATE":null,"CURRENT_RATIO":0.931648176988,"COMMON_ACS":50000000000,"CURRENTDEBT_DEBT":98.812588254765,"ISSUED_COMMON_SHARES":4526135442,"HK_COMMON_SHARES":4526135442,"PER_SHARES":2000,"TOTAL_MARKET_CAP":484296492.294,"HKSK_MARKET_CAP":484296492.294,"PE_TTM":-24.935459391103,"PB_TTM":0.666548062956,"REPORT_DATE_SQ":"2023-06-30 00:00:00","REPORT_TYPE_SQ":"2023年中报","OPERATE_INCOME_SQ":251599122.2,"DPS_HKD":null,"OPERATE_INCOME_QOQ_SQ":1.050602399217,"NET_PROFIT_RATIO_SQ":-3.4808897358,"HOLDER_PROFIT_SQ":-8723774.76,"HOLDER_PROFIT_QOQ_SQ":-320.253610398983,"ROE_AVG_SQ":-1.190908467319,"PE_TTM_SQ":-10.954075410893,"PB_TTM_SQ":0.57746645904,"ROA_SQ":-0.815410587928,"START_DATE":"2024-01-01 00:00:00","FISCAL_YEAR":"12-31","CURRENCY":"HKD","IS_CNY_CODE":0,"DPS_HKD_LY":null,"ORG_TYPE":"一般企业","PREMIUM_INCOME":null,"PREMIUM_INCOME_YOY":null,"NET_INTEREST_INCOME":null,"NET_INTEREST_INCOME_YOY":null,"FEE_COMMISSION_INCOME":null,"FEE_COMMISSION_INCOME_YOY":null,"ACCOUNTS_RECE_TDAYS":1.94377985966,"INVENTORY_TDAYS":null,"CURRENT_ASSETS_TDAYS":0.779697494844,"TOTAL_ASSETS_TDAYS":0.199417860789,"PREMIUM_EXPENSE":null,"LOAN_DEPOSIT":null,"LOAN_EQUITY":null,"LOAN_ASSETS":null,"DEPOSIT_EQUITY":null,"DEPOSIT_ASSETS":null,"EQUITY_MULTIPLIER":1.389966946484,"EQUITY_RATIO":0.390846630901},{"SECUCODE":"00082.HK","SECURITY_CODE":"00082","SECURITY_NAME_ABBR":"疯狂体育","ORG_CODE":"10007367","STD_REPORT_DATE":"2023-12-31 00:00:00","REPORT_DATE":"2023-12-31 00:00:00","DATE_TYPE_CODE":"001","REPORT_TYPE":"2023年年报","PER_NETCASH_OPERATE":-0.000197616521,"PER_OI":0.098144333101,"BPS":0.155616102785,"BASIC_EPS":-0.004621722,"DILUTED_EPS":-0.004621722,"OPERATE_INCOME":444214544.48,"OPERATE_INCOME_YOY":-30.3176464735,"GROSS_PROFIT":162554118.72,"GROSS_PROFIT_YOY":-27.919264266291,"HOLDER_PROFIT":-21044240.84,"HOLDER_PROFIT_YOY":-230.7692307692,"GROSS_PROFIT_RATIO":36.593605666444,"EPS_TTM":-0.004649494278,"OPERATE_INCOME_QOQ":-30.042416784755,"NET_PROFIT_RATIO":-4.7471969709,"ROE_AVG":-2.920431386777,"GROSS_PROFIT_QOQ":-19.277849147626,"ROA":-2.040037335969,"HOLDER_PROFIT_QOQ":39.767148046324,"ROE_YEARLY":-2.920431386777,"ROIC_YEARLY":-2.175701326857,"TOTAL_ASSETS":975998033.78,"TOTAL_LIABILITIES":270131494.92,"TAX_EBT":-3.238686779059,"OCF_SALES":-0.201352961337,"TOTAL_PARENT_EQUITY":704339558.16,"DEBT_ASSET_RATIO":27.6774630246,"OPERATE_PROFIT":-10589180.7,"PRETAX_PROFIT":-20426198.8,"NETCASH_OPERATE":-894439.14,"NETCASH_INVEST":-769380.78,"NETCASH_FINANCE":-15641357.2,"END_CASH":54906963.58,"DIVI_RATIO":null,"DIVIDEND_RATE":null,"CURRENT_RATIO":0.926217796648,"COMMON_ACS":50000000000,"CURRENTDEBT_DEBT":98.847647994203,"ISSUED_COMMON_SHARES":4526135442,"HK_COMMON_SHARES":4526135442,"PER_SHARES":2000,"TOTAL_MARKET_CAP":488822627.736,"HKSK_MARKET_CAP":488822627.736,"PE_TTM":-25.168501067655,"PB_TTM":0.672777484105,"REPORT_DATE_SQ":"2022-12-31 00:00:00","REPORT_TYPE_SQ":"2022年年报","OPERATE_INCOME_SQ":628375247.85,"DPS_HKD":null,"OPERATE_INCOME_QOQ_SQ":33.016793459179,"NET_PROFIT_RATIO_SQ":2.5195641512,"HOLDER_PROFIT_SQ":15862688.66,"HOLDER_PROFIT_QOQ_SQ":-86.657515606844,"ROE_AVG_SQ":1.903629685174,"PE_TTM_SQ":-11.064722637266,"PB_TTM_SQ":0.583299453576,"ROA_SQ":1.388841094305,"START_DATE":"2023-01-01 00:00:00","FISCAL_YEAR":"12-31","CURRENCY":"HKD","IS_CNY_CODE":0,"DPS_HKD_LY":null,"ORG_TYPE":"一般企业","PREMIUM_INCOME":null,"PREMIUM_INCOME_YOY":null,"NET_INTEREST_INCOME":null,"NET_INTEREST_INCOME_YOY":null,"FEE_COMMISSION_INCOME":null,"FEE_COMMISSION_INCOME_YOY":null,"ACCOUNTS_RECE_TDAYS":3.461824756174,"INVENTORY_TDAYS":null,"CURRENT_ASSETS_TDAYS":1.594947541042,"TOTAL_ASSETS_TDAYS":0.430623400868,"PREMIUM_EXPENSE":null,"LOAN_DEPOSIT":null,"LOAN_EQUITY":null,"LOAN_ASSETS":null,"DEPOSIT_EQUITY":null,"DEPOSIT_ASSETS":null,"EQUITY_MULTIPLIER":1.382694858091,"EQUITY_RATIO":0.383524525622},{"SECUCODE":"00082.HK","SECURITY_CODE":"00082","SECURITY_NAME_ABBR":"疯狂体育","ORG_CODE":"10007367","STD_REPORT_DATE":"2023-06-30 00:00:00","REPORT_DATE":"2023-06-30 00:00:00","DATE_TYPE_CODE":"002","REPORT_TYPE":"2023年中报","PER_NETCASH_OPERATE":-0.004691853704,"PER_OI":0.055588067442,"BPS":0.158062894513,"BASIC_EPS":-0.001936158,"DILUTED_EPS":-0.001936158,"OPERATE_INCOME":251599122.2,"OPERATE_INCOME_YOY":-4.7447841582,"GROSS_PROFIT":86935338.16,"GROSS_PROFIT_YOY":-21.734314843513,"HOLDER_PROFIT":-8723774.76,"HOLDER_PROFIT_YOY":-119.2309255721,"GROSS_PROFIT_RATIO":34.553116640405,"EPS_TTM":-0.007719199951,"OPERATE_INCOME_QOQ":1.050602399217,"NET_PROFIT_RATIO":-3.4808897358,"ROE_AVG":-1.190908467319,"GROSS_PROFIT_QOQ":-10.705134869942,"ROA":-0.815410587928,"HOLDER_PROFIT_QOQ":-320.253610398983,"ROE_YEARLY":-2.381816934638,"ROIC_YEARLY":-1.744859078472,"TOTAL_ASSETS":1033694472.64,"TOTAL_LIABILITIES":316748994.94,"TAX_EBT":2.534373076134,"OCF_SALES":-8.440397229653,"TOTAL_PARENT_EQUITY":715414068.92,"DEBT_ASSET_RATIO":30.6424193341,"OPERATE_PROFIT":-2949414.02,"PRETAX_PROFIT":-8985617.08,"NETCASH_OPERATE":-21235965.34,"NETCASH_INVEST":-191771.84,"NETCASH_FINANCE":11420566.26,"END_CASH":64847463.3,"DIVI_RATIO":null,"DIVIDEND_RATE":null,"CURRENT_RATIO":0.896599264706,"COMMON_ACS":50000000000,"CURRENTDEBT_DEBT":98.807462021871,"ISSUED_COMMON_SHARES":4526135442,"HK_COMMON_SHARES":4526135442,"PER_SHARES":2000,"TOTAL_MARKET_CAP":488822627.736,"HKSK_MARKET_CAP":488822627.736,"PE_TTM":-25.168501067655,"PB_TTM":0.672777484105,"REPORT_DATE_SQ":"2022-06-30 00:00:00","REPORT_TYPE_SQ":"2022年中报","OPERATE_INCOME_SQ":244997396.77,"DPS_HKD":null,"OPERATE_INCOME_QOQ_SQ":13.022673313763,"NET_PROFIT_RATIO_SQ":17.1744920292,"HOLDER_PROFIT_SQ":42077058.38,"HOLDER_PROFIT_QOQ_SQ":-7.388190781958,"ROE_AVG_SQ":4.920551819455,"PE_TTM_SQ":-11.064722637266,"PB_TTM_SQ":0.583299453576,"ROA_SQ":3.782696022372,"START_DATE":"2023-01-01 00:00:00","FISCAL_YEAR":"12-31","CURRENCY":"HKD","IS_CNY_CODE":0,"DPS_HKD_LY":null,"ORG_TYPE":"一般企业","PREMIUM_INCOME":null,"PREMIUM_INCOME_YOY":null,"NET_INTEREST_INCOME":null,"NET_INTEREST_INCOME_YOY":null,"FEE_COMMISSION_INCOME":null,"FEE_COMMISSION_INCOME_YOY":null,"ACCOUNTS_RECE_TDAYS":1.642411767538,"INVENTORY_TDAYS":null,"CURRENT_ASSETS_TDAYS":0.844708999622,"TOTAL_ASSETS_TDAYS":0.235169515261,"PREMIUM_EXPENSE":null,"LOAN_DEPOSIT":null,"LOAN_EQUITY":null,"LOAN_ASSETS":null,"DEPOSIT_EQUITY":null,"DEPOSIT_ASSETS":null,"EQUITY_MULTIPLIER":1.441803463153,"EQUITY_RATIO":0.442749183586},{"SECUCODE":"00082.HK","SECURITY_CODE":"00082","SECURITY_NAME_ABBR":"疯狂体育","ORG_CODE":"10007367","STD_REPORT_DATE":"2022-12-31 00:00:00","REPORT_DATE":"2022-12-31 00:00:00","DATE_TYPE_CODE":"001","REPORT_TYPE":"2022年年报","PER_NETCASH_OPERATE":-0.000875875747,"PER_OI":0.138832621317,"BPS":0.160469002145,"BASIC_EPS":0.003483753,"DILUTED_EPS":0.003483753,"OPERATE_INCOME":628375247.85,"OPERATE_INCOME_YOY":37.6037228736,"GROSS_PROFIT":225516730.74,"GROSS_PROFIT_YOY":20.360479621219,"HOLDER_PROFIT":15862688.66,"HOLDER_PROFIT_YOY":-88.6900364303,"GROSS_PROFIT_RATIO":35.888862827047,"EPS_TTM":0.003504687136,"OPERATE_INCOME_QOQ":33.016793459179,"NET_PROFIT_RATIO":2.5195641512,"ROE_AVG":1.903629685174,"GROSS_PROFIT_QOQ":6.27687016427,"ROA":1.388841094305,"HOLDER_PROFIT_QOQ":-86.657515606844,"ROE_YEARLY":1.903629685174,"ROIC_YEARLY":1.481920989527,"TOTAL_ASSETS":1071589917.02,"TOTAL_LIABILITIES":343697245.01,"TAX_EBT":-10.464319102524,"OCF_SALES":-0.630886126334,"TOTAL_PARENT_EQUITY":726304437.95,"DEBT_ASSET_RATIO":32.073579599,"OPERATE_PROFIT":28805277.69,"PRETAX_PROFIT":14332517.15,"NETCASH_OPERATE":-3964332.26,"NETCASH_INVEST":-21012390.21,"NETCASH_FINANCE":17233858.11,"END_CASH":69590199.35,"DIVI_RATIO":null,"DIVIDEND_RATE":null,"CURRENT_RATIO":0.904469151028,"COMMON_ACS":50000000000,"CURRENTDEBT_DEBT":98.205128871539,"ISSUED_COMMON_SHARES":4526135442,"HK_COMMON_SHARES":4526135442,"PER_SHARES":2000,"TOTAL_MARKET_CAP":488822627.736,"HKSK_MARKET_CAP":488822627.736,"PE_TTM":-25.168501067655,"PB_TTM":0.672777484105,"REPORT_DATE_SQ":"2021-12-31 00:00:00","REPORT_TYPE_SQ":"2021年年报","OPERATE_INCOME_SQ":417971836.8,"DPS_HKD":null,"OPERATE_INCOME_QOQ_SQ":34.241448707404,"NET_PROFIT_RATIO_SQ":28.0130981303,"HOLDER_PROFIT_SQ":128373011.2,"HOLDER_PROFIT_QOQ_SQ":386.348935220322,"ROE_AVG_SQ":16.381464902264,"PE_TTM_SQ":-11.064722637266,"PB_TTM_SQ":0.583299453576,"ROA_SQ":12.339820543995,"START_DATE":"2022-01-01 00:00:00","FISCAL_YEAR":"12-31","CURRENCY":"HKD","IS_CNY_CODE":0,"DPS_HKD_LY":null,"ORG_TYPE":"一般企业","PREMIUM_INCOME":null,"PREMIUM_INCOME_YOY":null,"NET_INTEREST_INCOME":null,"NET_INTEREST_INCOME_YOY":null,"FEE_COMMISSION_INCOME":null,"FEE_COMMISSION_INCOME_YOY":null,"ACCOUNTS_RECE_TDAYS":5.958150525977,"INVENTORY_TDAYS":null,"CURRENT_ASSETS_TDAYS":2.233576920451,"TOTAL_ASSETS_TDAYS":0.550167367944,"PREMIUM_EXPENSE":null,"LOAN_DEPOSIT":null,"LOAN_EQUITY":null,"LOAN_ASSETS":null,"DEPOSIT_EQUITY":null,"DEPOSIT_ASSETS":null,"EQUITY_MULTIPLIER":1.472181213284,"EQUITY_RATIO":0.47321374764},{"SECUCODE":"00082.HK","SECURITY_CODE":"00082","SECURITY_NAME_ABBR":"疯狂体育","ORG_CODE":"10007367","STD_REPORT_DATE":"2022-06-30 00:00:00","REPORT_DATE":"2022-06-30 00:00:00","DATE_TYPE_CODE":"002","REPORT_TYPE":"2022年中报","PER_NETCASH_OPERATE":-0.005623754633,"PER_OI":0.054129488591,"BPS":0.17897669028,"BASIC_EPS":0.009321571,"DILUTED_EPS":0.009321571,"OPERATE_INCOME":244997396.77,"OPERATE_INCOME_YOY":25.0886369987,"GROSS_PROFIT":111077208.34,"GROSS_PROFIT_YOY":28.788770337446,"HOLDER_PROFIT":42077058.38,"HOLDER_PROFIT_YOY":-20.59967402,"GROSS_PROFIT_RATIO":45.338117794075,"EPS_TTM":0.026267125618,"OPERATE_INCOME_QOQ":13.022673313763,"NET_PROFIT_RATIO":17.1744920292,"ROE_AVG":4.920551819455,"GROSS_PROFIT_QOQ":13.251810516419,"ROA":3.782696022372,"HOLDER_PROFIT_QOQ":-7.388190781958,"ROE_YEARLY":9.84110363891,"ROIC_YEARLY":8.065471921578,"TOTAL_ASSETS":1063694729.09,"TOTAL_LIABILITIES":253621987.92,"TAX_EBT":-2.814752899384,"OCF_SALES":-10.389447192329,"TOTAL_PARENT_EQUITY":810072741.17,"DEBT_ASSET_RATIO":23.843493907,"OPERATE_PROFIT":45719312.59,"PRETAX_PROFIT":40925117.45,"NETCASH_OPERATE":-25453875.16,"NETCASH_INVEST":14582699.88,"NETCASH_FINANCE":8618604.82,"END_CASH":68720502.83,"DIVI_RATIO":null,"DIVIDEND_RATE":null,"CURRENT_RATIO":0.943915524676,"COMMON_ACS":50000000000,"CURRENTDEBT_DEBT":96.724191416471,"ISSUED_COMMON_SHARES":4526135442,"HK_COMMON_SHARES":4526135442,"PER_SHARES":2000,"TOTAL_MARKET_CAP":488822627.736,"HKSK_MARKET_CAP":488822627.736,"PE_TTM":-25.168501067655,"PB_TTM":0.672777484105,"REPORT_DATE_SQ":"2021-06-30 00:00:00","REPORT_TYPE_SQ":"2021年中报","OPERATE_INCOME_SQ":190566289.92,"DPS_HKD":null,"OPERATE_INCOME_QOQ_SQ":22.984101006326,"NET_PROFIT_RATIO_SQ":27.0569896605,"HOLDER_PROFIT_SQ":51561501.36,"HOLDER_PROFIT_QOQ_SQ":59.621115766525,"ROE_AVG_SQ":6.535265989871,"PE_TTM_SQ":-11.064722637266,"PB_TTM_SQ":0.583299453576,"ROA_SQ":4.927460171678,"START_DATE":"2022-01-01 00:00:00","FISCAL_YEAR":"12-31","CURRENCY":"HKD","IS_CNY_CODE":0,"DPS_HKD_LY":null,"ORG_TYPE":"一般企业","PREMIUM_INCOME":null,"PREMIUM_INCOME_YOY":null,"NET_INTEREST_INCOME":null,"NET_INTEREST_INCOME_YOY":null,"FEE_COMMISSION_INCOME":null,"FEE_COMMISSION_INCOME_YOY":null,"ACCOUNTS_RECE_TDAYS":3.481573302708,"INVENTORY_TDAYS":null,"CURRENT_ASSETS_TDAYS":1.025174629985,"TOTAL_ASSETS_TDAYS":0.220250824068,"PREMIUM_EXPENSE":null,"LOAN_DEPOSIT":null,"LOAN_EQUITY":null,"LOAN_ASSETS":null,"DEPOSIT_EQUITY":null,"DEPOSIT_ASSETS":null,"EQUITY_MULTIPLIER":1.313085449034,"EQUITY_RATIO":0.313085449035},{"SECUCODE":"00082.HK","SECURITY_CODE":"00082","SECURITY_NAME_ABBR":"疯狂体育","ORG_CODE":"10007367","STD_REPORT_DATE":"2021-12-31 00:00:00","REPORT_DATE":"2021-12-31 00:00:00","DATE_TYPE_CODE":"001","REPORT_TYPE":"2021年年报","PER_NETCASH_OPERATE":0.015896298492,"PER_OI":0.092346294572,"BPS":0.190143935688,"BASIC_EPS":0.02837072,"DILUTED_EPS":0.0282072,"OPERATE_INCOME":417971836.8,"OPERATE_INCOME_YOY":69.949967587,"GROSS_PROFIT":187367756.8,"GROSS_PROFIT_YOY":70.329385368902,"HOLDER_PROFIT":128373011.2,"HOLDER_PROFIT_YOY":219.0242275387,"GROSS_PROFIT_RATIO":44.827842525107,"EPS_TTM":0.028362609304,"OPERATE_INCOME_QOQ":34.241448707404,"NET_PROFIT_RATIO":28.0130981303,"ROE_AVG":16.381464902264,"GROSS_PROFIT_QOQ":33.96762708444,"ROA":12.339820543995,"HOLDER_PROFIT_QOQ":386.348935220322,"ROE_YEARLY":16.381464902264,"ROIC_YEARLY":13.433980667669,"TOTAL_ASSETS":1109985206.4,"TOTAL_LIABILITIES":249368000,"TAX_EBT":-1.93248062181,"OCF_SALES":17.213791376673,"TOTAL_PARENT_EQUITY":860617206.4,"DEBT_ASSET_RATIO":22.4658850012,"OPERATE_PROFIT":100349771.2,"PRETAX_PROFIT":114867076.8,"NETCASH_OPERATE":71948800,"NETCASH_INVEST":-97698294.4,"NETCASH_FINANCE":4155043.2,"END_CASH":66174908.8,"DIVI_RATIO":null,"DIVIDEND_RATE":null,"CURRENT_RATIO":0.967915426529,"COMMON_ACS":50000000000,"CURRENTDEBT_DEBT":97.600655737705,"ISSUED_COMMON_SHARES":4526135442,"HK_COMMON_SHARES":4526135442,"PER_SHARES":2000,"TOTAL_MARKET_CAP":488822627.736,"HKSK_MARKET_CAP":488822627.736,"PE_TTM":-25.168501067655,"PB_TTM":0.672777484105,"REPORT_DATE_SQ":"2020-12-31 00:00:00","REPORT_TYPE_SQ":"2020年年报","OPERATE_INCOME_SQ":253169520.2,"DPS_HKD":null,"OPERATE_INCOME_QOQ_SQ":-88.343816831448,"NET_PROFIT_RATIO_SQ":-43.6615082861,"HOLDER_PROFIT_SQ":-111025782.24,"HOLDER_PROFIT_QOQ_SQ":23.045071672363,"ROE_AVG_SQ":-14.979067050163,"PE_TTM_SQ":-11.064722637266,"PB_TTM_SQ":0.583299453576,"ROA_SQ":-10.727254615352,"START_DATE":"2021-01-01 00:00:00","FISCAL_YEAR":"12-31","CURRENCY":"HKD","IS_CNY_CODE":0,"DPS_HKD_LY":null,"ORG_TYPE":"一般企业","PREMIUM_INCOME":null,"PREMIUM_INCOME_YOY":null,"NET_INTEREST_INCOME":null,"NET_INTEREST_INCOME_YOY":null,"FEE_COMMISSION_INCOME":null,"FEE_COMMISSION_INCOME_YOY":null,"ACCOUNTS_RECE_TDAYS":10.610475192246,"INVENTORY_TDAYS":null,"CURRENT_ASSETS_TDAYS":1.727759095595,"TOTAL_ASSETS_TDAYS":0.401774283422,"PREMIUM_EXPENSE":null,"LOAN_DEPOSIT":null,"LOAN_EQUITY":null,"LOAN_ASSETS":null,"DEPOSIT_EQUITY":null,"DEPOSIT_ASSETS":null,"EQUITY_MULTIPLIER":1.289754838906,"EQUITY_RATIO":0.289754838906},{"SECUCODE":"00082.HK","SECURITY_CODE":"00082","SECURITY_NAME_ABBR":"疯狂体育","ORG_CODE":"10007367","STD_REPORT_DATE":"2021-06-30 00:00:00","REPORT_DATE":"2021-06-30 00:00:00","DATE_TYPE_CODE":"002","REPORT_TYPE":"2021年中报","PER_NETCASH_OPERATE":0.000634392733,"PER_OI":0.042125590366,"BPS":0.189731910457,"BASIC_EPS":0.011399496,"DILUTED_EPS":0.011149872,"OPERATE_INCOME":190566289.92,"OPERATE_INCOME_YOY":58.0325968452,"GROSS_PROFIT":86247588.24,"GROSS_PROFIT_YOY":52.947547102608,"HOLDER_PROFIT":51561501.36,"HOLDER_PROFIT_YOY":486.8102372035,"GROSS_PROFIT_RATIO":45.25857552047,"EPS_TTM":-0.009910100923,"OPERATE_INCOME_QOQ":22.984101006326,"NET_PROFIT_RATIO":27.0569896605,"ROE_AVG":6.535265989871,"GROSS_PROFIT_QOQ":27.142197765094,"ROA":4.927460171678,"HOLDER_PROFIT_QOQ":59.621115766525,"ROE_YEARLY":13.070531979743,"ROIC_YEARLY":10.849248201918,"TOTAL_ASSETS":1104987262.56,"TOTAL_LIABILITIES":232451532.96,"TAX_EBT":-12.858105523886,"OCF_SALES":1.505955707699,"TOTAL_PARENT_EQUITY":858752324.4,"DEBT_ASSET_RATIO":21.0365803151,"OPERATE_PROFIT":50040459.12,"PRETAX_PROFIT":45687016.56,"NETCASH_OPERATE":2869843.92,"NETCASH_INVEST":-26100685.44,"NETCASH_FINANCE":5241271.92,"END_CASH":72906849.6,"DIVI_RATIO":null,"DIVIDEND_RATE":null,"CURRENT_RATIO":1.191919717138,"COMMON_ACS":50000000000,"CURRENTDEBT_DEBT":96.379607820677,"ISSUED_COMMON_SHARES":4526135442,"HK_COMMON_SHARES":4526135442,"PER_SHARES":2000,"TOTAL_MARKET_CAP":488822627.736,"HKSK_MARKET_CAP":488822627.736,"PE_TTM":-25.168501067655,"PB_TTM":0.672777484105,"REPORT_DATE_SQ":"2020-06-30 00:00:00","REPORT_TYPE_SQ":"2020年中报","OPERATE_INCOME_SQ":132377551.68,"DPS_HKD":null,"OPERATE_INCOME_QOQ_SQ":-0.824153626111,"NET_PROFIT_RATIO_SQ":-1.5342422083,"HOLDER_PROFIT_SQ":-14633308.8,"HOLDER_PROFIT_QOQ_SQ":13.030192215025,"ROE_AVG_SQ":-1.703175433449,"PE_TTM_SQ":-11.064722637266,"PB_TTM_SQ":0.583299453576,"ROA_SQ":-1.219436539632,"START_DATE":"2021-01-01 00:00:00","FISCAL_YEAR":"12-31","CURRENCY":"HKD","IS_CNY_CODE":0,"DPS_HKD_LY":null,"ORG_TYPE":"一般企业","PREMIUM_INCOME":null,"PREMIUM_INCOME_YOY":null,"NET_INTEREST_INCOME":null,"NET_INTEREST_INCOME_YOY":null,"FEE_COMMISSION_INCOME":null,"FEE_COMMISSION_INCOME_YOY":null,"ACCOUNTS_RECE_TDAYS":3.941621919317,"INVENTORY_TDAYS":null,"CURRENT_ASSETS_TDAYS":0.733391934495,"TOTAL_ASSETS_TDAYS":0.18211413145,"PREMIUM_EXPENSE":null,"LOAN_DEPOSIT":null,"LOAN_EQUITY":null,"LOAN_ASSETS":null,"DEPOSIT_EQUITY":null,"DEPOSIT_ASSETS":null,"EQUITY_MULTIPLIER":1.266409185406,"EQUITY_RATIO":0.270685186352},{"SECUCODE":"00082.HK","SECURITY_CODE":"00082","SECURITY_NAME_ABBR":"疯狂体育","ORG_CODE":"10007367","STD_REPORT_DATE":"2020-12-31 00:00:00","REPORT_DATE":"2020-12-31 00:00:00","DATE_TYPE_CODE":"001","REPORT_TYPE":"2020年年报","PER_NETCASH_OPERATE":-0.00545360876,"PER_OI":0.056215227981,"BPS":0.160723698051,"BASIC_EPS":-0.025838348,"DILUTED_EPS":-0.025838348,"OPERATE_INCOME":253169520.2,"OPERATE_INCOME_YOY":61.7448581799,"GROSS_PROFIT":110003189.64,"GROSS_PROFIT_YOY":-1.043088270426,"HOLDER_PROFIT":-111025782.24,"HOLDER_PROFIT_YOY":28.7672120525,"GROSS_PROFIT_RATIO":43.450408071674,"EPS_TTM":-0.024652808345,"OPERATE_INCOME_QOQ":-88.343816831448,"NET_PROFIT_RATIO":-43.6615082861,"ROE_AVG":-14.979067050163,"GROSS_PROFIT_QOQ":12.061393964796,"ROA":-10.727254615352,"HOLDER_PROFIT_QOQ":23.045071672363,"ROE_YEARLY":-14.979067050163,"ROIC_YEARLY":-11.685476466454,"TOTAL_ASSETS":999184908.32,"TOTAL_LIABILITIES":257785915.6,"TAX_EBT":-3.21740047297,"OCF_SALES":-9.701301507621,"TOTAL_PARENT_EQUITY":727457226.12,"DEBT_ASSET_RATIO":25.7996206161,"OPERATE_PROFIT":84036912.36,"PRETAX_PROFIT":55875637.96,"NETCASH_OPERATE":-24560738.48,"NETCASH_INVEST":22895974.56,"NETCASH_FINANCE":44335911.92,"END_CASH":92381772.96,"DIVI_RATIO":null,"DIVIDEND_RATE":null,"CURRENT_RATIO":1.048053790423,"COMMON_ACS":50000000000,"CURRENTDEBT_DEBT":94.589114891116,"ISSUED_COMMON_SHARES":4526135442,"HK_COMMON_SHARES":4526135442,"PER_SHARES":2000,"TOTAL_MARKET_CAP":488822627.736,"HKSK_MARKET_CAP":488822627.736,"PE_TTM":-25.168501067655,"PB_TTM":0.672777484105,"REPORT_DATE_SQ":"2019-12-31 00:00:00","REPORT_TYPE_SQ":"2019年年报","OPERATE_INCOME_SQ":166592685.5,"DPS_HKD":null,"OPERATE_INCOME_QOQ_SQ":-19.347994564526,"NET_PROFIT_RATIO_SQ":-7.7934412484,"HOLDER_PROFIT_SQ":-165889498.2,"HOLDER_PROFIT_QOQ_SQ":66.416843788498,"ROE_AVG_SQ":-18.355525688221,"PE_TTM_SQ":-11.064722637266,"PB_TTM_SQ":0.583299453576,"ROA_SQ":-12.741154154962,"START_DATE":"2020-01-01 00:00:00","FISCAL_YEAR":"12-31","CURRENCY":"HKD","IS_CNY_CODE":0,"DPS_HKD_LY":null,"ORG_TYPE":"一般企业","PREMIUM_INCOME":null,"PREMIUM_INCOME_YOY":null,"NET_INTEREST_INCOME":null,"NET_INTEREST_INCOME_YOY":null,"FEE_COMMISSION_INCOME":null,"FEE_COMMISSION_INCOME_YOY":null,"ACCOUNTS_RECE_TDAYS":10.796439531253,"INVENTORY_TDAYS":9.274268734836,"CURRENT_ASSETS_TDAYS":1.081231174022,"TOTAL_ASSETS_TDAYS":0.244611102866,"PREMIUM_EXPENSE":null,"LOAN_DEPOSIT":null,"LOAN_EQUITY":null,"LOAN_ASSETS":null,"DEPOSIT_EQUITY":null,"DEPOSIT_ASSETS":null,"EQUITY_MULTIPLIER":1.347702004091,"EQUITY_RATIO":0.354365736354},{"SECUCODE":"00082.HK","SECURITY_CODE":"00082","SECURITY_NAME_ABBR":"疯狂体育","ORG_CODE":"10007367","STD_REPORT_DATE":"2020-06-30 00:00:00","REPORT_DATE":"2020-06-30 00:00:00","DATE_TYPE_CODE":"002","REPORT_TYPE":"2020年中报","PER_NETCASH_OPERATE":0.003973992377,"PER_OI":0.03086878508,"BPS":0.198623259246,"BASIC_EPS":-0.003379728,"DILUTED_EPS":-0.003379728,"OPERATE_INCOME":132377551.68,"OPERATE_INCOME_YOY":-5.4498516836,"GROSS_PROFIT":56390304.96,"GROSS_PROFIT_YOY":-13.628860537007,"HOLDER_PROFIT":-14633308.8,"HOLDER_PROFIT_YOY":61.1240535818,"GROSS_PROFIT_RATIO":5.072572478716,"EPS_TTM":-0.033642835817,"OPERATE_INCOME_QOQ":-0.824153626111,"NET_PROFIT_RATIO":-1.5342422083,"ROE_AVG":-1.703175433449,"GROSS_PROFIT_QOQ":-13.917936494494,"ROA":-1.219436539632,"HOLDER_PROFIT_QOQ":13.030192215025,"ROE_YEARLY":-3.406350866897,"ROIC_YEARLY":-2.596688978417,"TOTAL_ASSETS":1237871965.44,"TOTAL_LIABILITIES":324331487.04,"TAX_EBT":-4.810687080191,"OCF_SALES":1.749334283464,"TOTAL_PARENT_EQUITY":898995773.28,"DEBT_ASSET_RATIO":26.2007296469,"OPERATE_PROFIT":40408758.72,"PRETAX_PROFIT":24342262.56,"NETCASH_OPERATE":17042050.08,"NETCASH_INVEST":-19811600.16,"NETCASH_FINANCE":11566890.72,"END_CASH":62491170.72,"DIVI_RATIO":null,"DIVIDEND_RATE":null,"CURRENT_RATIO":0.830220009522,"COMMON_ACS":50000000000,"CURRENTDEBT_DEBT":95.829507753488,"ISSUED_COMMON_SHARES":4526135442,"HK_COMMON_SHARES":4526135442,"PER_SHARES":2000,"TOTAL_MARKET_CAP":488822627.736,"HKSK_MARKET_CAP":488822627.736,"PE_TTM":-25.168501067655,"PB_TTM":0.672777484105,"REPORT_DATE_SQ":"2019-06-30 00:00:00","REPORT_TYPE_SQ":"2019年中报","OPERATE_INCOME_SQ":992251202.04,"DPS_HKD":null,"OPERATE_INCOME_QOQ_SQ":-8.360725029649,"NET_PROFIT_RATIO_SQ":-3.5126637598,"HOLDER_PROFIT_SQ":-36249029.28,"HOLDER_PROFIT_QOQ_SQ":12.940641650665,"ROE_AVG_SQ":-3.808882956894,"PE_TTM_SQ":-11.064722637266,"PB_TTM_SQ":0.583299453576,"ROA_SQ":-2.51446681838,"START_DATE":"2020-01-01 00:00:00","FISCAL_YEAR":"12-31","CURRENCY":"HKD","IS_CNY_CODE":0,"DPS_HKD_LY":null,"ORG_TYPE":"一般企业","PREMIUM_INCOME":null,"PREMIUM_INCOME_YOY":null,"NET_INTEREST_INCOME":null,"NET_INTEREST_INCOME_YOY":null,"FEE_COMMISSION_INCOME":null,"FEE_COMMISSION_INCOME_YOY":null,"ACCOUNTS_RECE_TDAYS":7.931804498933,"INVENTORY_TDAYS":28.368639318538,"CURRENT_ASSETS_TDAYS":3.985039102346,"TOTAL_ASSETS_TDAYS":0.811831122502,"PREMIUM_EXPENSE":null,"LOAN_DEPOSIT":null,"LOAN_EQUITY":null,"LOAN_ASSETS":null,"DEPOSIT_EQUITY":null,"DEPOSIT_ASSETS":null,"EQUITY_MULTIPLIER":1.355026947035,"EQUITY_RATIO":0.360770869764}],"count":48},"success":true,"message":"ok","code":0}