{"version":"c8315645f185706260c6aed30724701e","result":{"pages":4,"data":[{"SECUCODE":"00080.HK","SECURITY_CODE":"00080","SECURITY_NAME_ABBR":"中国新经济投资","ORG_CODE":"10169533","STD_REPORT_DATE":"2024-06-30 00:00:00","REPORT_DATE":"2024-06-30 00:00:00","DATE_TYPE_CODE":"002","REPORT_TYPE":"2024年中报","PER_NETCASH_OPERATE":-0.000463531659,"PER_OI":0.000508230632,"BPS":0.053327505799,"BASIC_EPS":-0.0091268,"DILUTED_EPS":-0.0091268,"OPERATE_INCOME":670712.10376,"OPERATE_INCOME_YOY":47619.6103896104,"GROSS_PROFIT":null,"GROSS_PROFIT_YOY":null,"HOLDER_PROFIT":-11616978.929,"HOLDER_PROFIT_YOY":-242.7123706236,"GROSS_PROFIT_RATIO":null,"EPS_TTM":-0.051041419581,"OPERATE_INCOME_QOQ":584.581034376305,"NET_PROFIT_RATIO":-1732.0365718578,"ROE_AVG":-15.248418153731,"GROSS_PROFIT_QOQ":null,"ROA":-14.363722934165,"HOLDER_PROFIT_QOQ":-41.751568139759,"ROE_YEARLY":-30.496836307461,"ROIC_YEARLY":-35.347000221738,"TOTAL_ASSETS":74827855.91476,"TOTAL_LIABILITIES":4451531.89972,"TAX_EBT":null,"OCF_SALES":-91.20498256863,"TOTAL_PARENT_EQUITY":70376324.01504,"DEBT_ASSET_RATIO":5.9490304049,"OPERATE_PROFIT":-11548720.50448,"PRETAX_PROFIT":-11616978.929,"NETCASH_OPERATE":-611722.85732,"NETCASH_INVEST":null,"NETCASH_FINANCE":-691906.35872,"END_CASH":14494339.531,"DIVI_RATIO":null,"DIVIDEND_RATE":null,"CURRENT_RATIO":16.660328423028,"COMMON_ACS":25000000000,"CURRENTDEBT_DEBT":100,"ISSUED_COMMON_SHARES":1319700274,"HK_COMMON_SHARES":1319700274,"PER_SHARES":10000,"TOTAL_MARKET_CAP":105576021.92,"HKSK_MARKET_CAP":105576021.92,"PE_TTM":-1.425081410337,"PB_TTM":1.369169604047,"REPORT_DATE_SQ":"2023-06-30 00:00:00","REPORT_TYPE_SQ":"2023年中报","OPERATE_INCOME_SQ":1419.8492,"DPS_HKD":null,"OPERATE_INCOME_QOQ_SQ":-47.335802047937,"NET_PROFIT_RATIO_SQ":579151.688311688,"HOLDER_PROFIT_SQ":8223080.61328,"HOLDER_PROFIT_QOQ_SQ":36.938251108709,"ROE_AVG_SQ":6.078291298071,"PE_TTM_SQ":-5.025000902784,"PB_TTM_SQ":1.099795820398,"ROA_SQ":5.860190534303,"START_DATE":"2024-01-01 00:00:00","FISCAL_YEAR":"12-31","CURRENCY":"HKD","IS_CNY_CODE":0,"DPS_HKD_LY":null,"ORG_TYPE":"证券","PREMIUM_INCOME":null,"PREMIUM_INCOME_YOY":null,"NET_INTEREST_INCOME":null,"NET_INTEREST_INCOME_YOY":null,"FEE_COMMISSION_INCOME":null,"FEE_COMMISSION_INCOME_YOY":null,"ACCOUNTS_RECE_TDAYS":null,"INVENTORY_TDAYS":null,"CURRENT_ASSETS_TDAYS":0.008404259183,"TOTAL_ASSETS_TDAYS":0.008292967462,"PREMIUM_EXPENSE":null,"LOAN_DEPOSIT":null,"LOAN_EQUITY":null,"LOAN_ASSETS":null,"DEPOSIT_EQUITY":null,"DEPOSIT_ASSETS":null,"EQUITY_MULTIPLIER":1.063253259701,"EQUITY_RATIO":0.063253259701},{"SECUCODE":"00080.HK","SECURITY_CODE":"00080","SECURITY_NAME_ABBR":"中国新经济投资","ORG_CODE":"10169533","STD_REPORT_DATE":"2023-12-31 00:00:00","REPORT_DATE":"2023-12-31 00:00:00","DATE_TYPE_CODE":"001","REPORT_TYPE":"2023年年报","PER_NETCASH_OPERATE":-0.006799181774,"PER_OI":0.000086755251,"BPS":0.061690484856,"BASIC_EPS":-0.0362488,"DILUTED_EPS":-0.0362488,"OPERATE_INCOME":114490.92858,"OPERATE_INCOME_YOY":-95.9456167933,"GROSS_PROFIT":null,"GROSS_PROFIT_YOY":null,"HOLDER_PROFIT":-47519315.86346,"HOLDER_PROFIT_YOY":0.584380627,"GROSS_PROFIT_RATIO":null,"EPS_TTM":-0.036007657799,"OPERATE_INCOME_QOQ":-92.189834912584,"NET_PROFIT_RATIO":-41504.8741877013,"ROE_AVG":-45.182217026778,"GROSS_PROFIT_QOQ":null,"ROA":-42.866730001359,"HOLDER_PROFIT_QOQ":-59.933523652631,"ROE_YEARLY":-45.182217026778,"ROIC_YEARLY":-52.565423545361,"TOTAL_ASSETS":86311300.85998,"TOTAL_LIABILITIES":4898351.09232,"TAX_EBT":null,"OCF_SALES":-7837.19912299448,"TOTAL_PARENT_EQUITY":81412949.76766,"DEBT_ASSET_RATIO":5.6752140722,"OPERATE_PROFIT":-47354166.33066,"PRETAX_PROFIT":-47519315.86346,"NETCASH_OPERATE":-8972882.05058,"NETCASH_INVEST":null,"NETCASH_FINANCE":-561371.5723,"END_CASH":15686149.84216,"DIVI_RATIO":null,"DIVIDEND_RATE":null,"CURRENT_RATIO":17.979109944045,"COMMON_ACS":25000000000,"CURRENTDEBT_DEBT":96.33878580404,"ISSUED_COMMON_SHARES":1319700274,"HK_COMMON_SHARES":1319700274,"PER_SHARES":10000,"TOTAL_MARKET_CAP":112174523.29,"HKSK_MARKET_CAP":112174523.29,"PE_TTM":-1.514148998483,"PB_TTM":1.4547427043,"REPORT_DATE_SQ":"2022-12-31 00:00:00","REPORT_TYPE_SQ":"2022年年报","OPERATE_INCOME_SQ":2783526.68643,"DPS_HKD":null,"OPERATE_INCOME_QOQ_SQ":17.48438270243,"NET_PROFIT_RATIO_SQ":-1692.6582157428,"HOLDER_PROFIT_SQ":-47115593.14525,"HOLDER_PROFIT_QOQ_SQ":-98.005493968102,"ROE_AVG_SQ":-41.205353263452,"PE_TTM_SQ":-4.8654770646,"PB_TTM_SQ":1.06488166737,"ROA_SQ":-39.772134533757,"START_DATE":"2023-01-01 00:00:00","FISCAL_YEAR":"12-31","CURRENCY":"HKD","IS_CNY_CODE":0,"DPS_HKD_LY":null,"ORG_TYPE":"证券","PREMIUM_INCOME":null,"PREMIUM_INCOME_YOY":null,"NET_INTEREST_INCOME":null,"NET_INTEREST_INCOME_YOY":null,"FEE_COMMISSION_INCOME":null,"FEE_COMMISSION_INCOME_YOY":null,"ACCOUNTS_RECE_TDAYS":null,"INVENTORY_TDAYS":null,"CURRENT_ASSETS_TDAYS":0.001042461521,"TOTAL_ASSETS_TDAYS":0.001032811949,"PREMIUM_EXPENSE":null,"LOAN_DEPOSIT":null,"LOAN_EQUITY":null,"LOAN_ASSETS":null,"DEPOSIT_EQUITY":null,"DEPOSIT_ASSETS":null,"EQUITY_MULTIPLIER":1.060166731537,"EQUITY_RATIO":0.060166731537},{"SECUCODE":"00080.HK","SECURITY_CODE":"00080","SECURITY_NAME_ABBR":"中国新经济投资","ORG_CODE":"10169533","STD_REPORT_DATE":"2023-06-30 00:00:00","REPORT_DATE":"2023-06-30 00:00:00","DATE_TYPE_CODE":"002","REPORT_TYPE":"2023年中报","PER_NETCASH_OPERATE":0.000114880347,"PER_OI":0.000001075888,"BPS":0.105628224663,"BASIC_EPS":0.0092198,"DILUTED_EPS":0.0092198,"OPERATE_INCOME":1419.8492,"OPERATE_INCOME_YOY":-99.900154048,"GROSS_PROFIT":null,"GROSS_PROFIT_YOY":null,"HOLDER_PROFIT":8223080.61328,"HOLDER_PROFIT_YOY":183.0815918506,"GROSS_PROFIT_RATIO":null,"EPS_TTM":-0.022514140236,"OPERATE_INCOME_QOQ":-47.335802047937,"NET_PROFIT_RATIO":579151.688311688,"ROE_AVG":6.078291298071,"GROSS_PROFIT_QOQ":null,"ROA":5.860190534303,"HOLDER_PROFIT_QOQ":36.938251108709,"ROE_YEARLY":12.156582596141,"ROIC_YEARLY":14.323165664908,"TOTAL_ASSETS":142891520.45162,"TOTAL_LIABILITIES":3493923.42226,"TAX_EBT":null,"OCF_SALES":10677.7272727273,"TOTAL_PARENT_EQUITY":139397597.02936,"DEBT_ASSET_RATIO":2.445157985,"OPERATE_PROFIT":8282264.35344,"PRETAX_PROFIT":8223080.61328,"NETCASH_OPERATE":151607.62526,"NETCASH_INVEST":null,"NETCASH_FINANCE":-471758.7264,"END_CASH":25338858.39622,"DIVI_RATIO":null,"DIVIDEND_RATE":null,"CURRENT_RATIO":50.810805070428,"COMMON_ACS":25000000000,"CURRENTDEBT_DEBT":79.265867230387,"ISSUED_COMMON_SHARES":1319700274,"HK_COMMON_SHARES":1319700274,"PER_SHARES":10000,"TOTAL_MARKET_CAP":112174523.29,"HKSK_MARKET_CAP":112174523.29,"PE_TTM":-1.514148998483,"PB_TTM":1.4547427043,"REPORT_DATE_SQ":"2022-06-30 00:00:00","REPORT_TYPE_SQ":"2022年中报","OPERATE_INCOME_SQ":1319024.53144,"DPS_HKD":null,"OPERATE_INCOME_QOQ_SQ":13.730465964595,"NET_PROFIT_RATIO_SQ":-696.0140069607,"HOLDER_PROFIT_SQ":-9180595.49407,"HOLDER_PROFIT_QOQ_SQ":-484.381359716083,"ROE_AVG_SQ":-7.302774448077,"PE_TTM_SQ":-4.8654770646,"PB_TTM_SQ":1.06488166737,"ROA_SQ":-7.198501281994,"START_DATE":"2023-01-01 00:00:00","FISCAL_YEAR":"12-31","CURRENCY":"HKD","IS_CNY_CODE":0,"DPS_HKD_LY":null,"ORG_TYPE":"证券","PREMIUM_INCOME":null,"PREMIUM_INCOME_YOY":null,"NET_INTEREST_INCOME":null,"NET_INTEREST_INCOME_YOY":null,"FEE_COMMISSION_INCOME":null,"FEE_COMMISSION_INCOME_YOY":null,"ACCOUNTS_RECE_TDAYS":null,"INVENTORY_TDAYS":null,"CURRENT_ASSETS_TDAYS":0.000010219309,"TOTAL_ASSETS_TDAYS":0.000010118576,"PREMIUM_EXPENSE":null,"LOAN_DEPOSIT":null,"LOAN_EQUITY":null,"LOAN_ASSETS":null,"DEPOSIT_EQUITY":null,"DEPOSIT_ASSETS":null,"EQUITY_MULTIPLIER":1.025064445132,"EQUITY_RATIO":0.025064445132},{"SECUCODE":"00080.HK","SECURITY_CODE":"00080","SECURITY_NAME_ABBR":"中国新经济投资","ORG_CODE":"10169533","STD_REPORT_DATE":"2022-12-31 00:00:00","REPORT_DATE":"2022-12-31 00:00:00","DATE_TYPE_CODE":"001","REPORT_TYPE":"2022年年报","PER_NETCASH_OPERATE":-0.037396332292,"PER_OI":0.002109211267,"BPS":0.096302023669,"BASIC_EPS":-0.0357308,"DILUTED_EPS":-0.0357308,"OPERATE_INCOME":2783526.68643,"OPERATE_INCOME_YOY":22.2967995545,"GROSS_PROFIT":null,"GROSS_PROFIT_YOY":null,"HOLDER_PROFIT":-47115593.14525,"HOLDER_PROFIT_YOY":-959.0872245288,"GROSS_PROFIT_RATIO":null,"EPS_TTM":-0.035701737791,"OPERATE_INCOME_QOQ":17.48438270243,"NET_PROFIT_RATIO":-1692.6582157428,"ROE_AVG":-41.205353263452,"GROSS_PROFIT_QOQ":null,"ROA":-39.772134533757,"HOLDER_PROFIT_QOQ":-98.005493968102,"ROE_YEARLY":-41.205353263452,"ROIC_YEARLY":-44.864833684716,"TOTAL_ASSETS":133461085.6691,"TOTAL_LIABILITIES":6371278.64618,"TAX_EBT":null,"OCF_SALES":-1773.00078399055,"TOTAL_PARENT_EQUITY":127089807.02292,"DEBT_ASSET_RATIO":4.7738849225,"OPERATE_PROFIT":-47031163.94466,"PRETAX_PROFIT":-47115593.14525,"NETCASH_OPERATE":-49351950.86626,"NETCASH_INVEST":null,"NETCASH_FINANCE":72177809.59368,"END_CASH":24860000.66564,"DIVI_RATIO":null,"DIVIDEND_RATE":null,"CURRENT_RATIO":21.24545106337,"COMMON_ACS":25000000000,"CURRENTDEBT_DEBT":98.170944575939,"ISSUED_COMMON_SHARES":1319700274,"HK_COMMON_SHARES":1319700274,"PER_SHARES":10000,"TOTAL_MARKET_CAP":112174523.29,"HKSK_MARKET_CAP":112174523.29,"PE_TTM":-1.514148998483,"PB_TTM":1.4547427043,"REPORT_DATE_SQ":"2021-12-31 00:00:00","REPORT_TYPE_SQ":"2021年年报","OPERATE_INCOME_SQ":2083235.8064,"DPS_HKD":null,"OPERATE_INCOME_QOQ_SQ":-12.042271007582,"NET_PROFIT_RATIO_SQ":-195.4576334513,"HOLDER_PROFIT_SQ":-4071843.4064,"HOLDER_PROFIT_QOQ_SQ":-259.624933110904,"ROE_AVG_SQ":-5.388448864771,"PE_TTM_SQ":-4.8654770646,"PB_TTM_SQ":1.06488166737,"ROA_SQ":-5.149139370412,"START_DATE":"2022-01-01 00:00:00","FISCAL_YEAR":"12-31","CURRENCY":"HKD","IS_CNY_CODE":0,"DPS_HKD_LY":null,"ORG_TYPE":"证券","PREMIUM_INCOME":null,"PREMIUM_INCOME_YOY":null,"NET_INTEREST_INCOME":null,"NET_INTEREST_INCOME_YOY":null,"FEE_COMMISSION_INCOME":null,"FEE_COMMISSION_INCOME_YOY":null,"ACCOUNTS_RECE_TDAYS":null,"INVENTORY_TDAYS":null,"CURRENT_ASSETS_TDAYS":0.023644997173,"TOTAL_ASSETS_TDAYS":0.023496849018,"PREMIUM_EXPENSE":null,"LOAN_DEPOSIT":null,"LOAN_EQUITY":null,"LOAN_ASSETS":null,"DEPOSIT_EQUITY":null,"DEPOSIT_ASSETS":null,"EQUITY_MULTIPLIER":1.050132097887,"EQUITY_RATIO":0.050132097888},{"SECUCODE":"00080.HK","SECURITY_CODE":"00080","SECURITY_NAME_ABBR":"中国新经济投资","ORG_CODE":"10169533","STD_REPORT_DATE":"2022-06-30 00:00:00","REPORT_DATE":"2022-06-30 00:00:00","DATE_TYPE_CODE":"002","REPORT_TYPE":"2022年中报","PER_NETCASH_OPERATE":-0.024468149051,"PER_OI":0.001017512775,"BPS":0.116815708446,"BASIC_EPS":-0.0085519,"DILUTED_EPS":-0.0085519,"OPERATE_INCOME":1319024.53144,"OPERATE_INCOME_YOY":24.2397807082,"GROSS_PROFIT":null,"GROSS_PROFIT_YOY":null,"HOLDER_PROFIT":-9180595.49407,"HOLDER_PROFIT_YOY":-184.7272925016,"GROSS_PROFIT_RATIO":null,"EPS_TTM":-0.018355846623,"OPERATE_INCOME_QOQ":13.730465964595,"NET_PROFIT_RATIO":-696.0140069607,"ROE_AVG":-7.302774448077,"GROSS_PROFIT_QOQ":null,"ROA":-7.198501281994,"HOLDER_PROFIT_QOQ":-484.381359716083,"ROE_YEARLY":-14.605548896154,"ROIC_YEARLY":-16.92278960778,"TOTAL_ASSETS":156013833.08301,"TOTAL_LIABILITIES":1852110.6387,"TAX_EBT":null,"OCF_SALES":-2404.70190148187,"TOTAL_PARENT_EQUITY":154161722.44431,"DEBT_ASSET_RATIO":1.187145141,"OPERATE_PROFIT":-9161763.35508,"PRETAX_PROFIT":-9180595.49407,"NETCASH_OPERATE":-31718607.98855,"NETCASH_INVEST":null,"NETCASH_FINANCE":65893810.82578,"END_CASH":36122630.38776,"DIVI_RATIO":null,"DIVIDEND_RATE":null,"CURRENT_RATIO":99.256703075194,"COMMON_ACS":25000000000,"CURRENTDEBT_DEBT":84.47996749364,"ISSUED_COMMON_SHARES":1319700274,"HK_COMMON_SHARES":1319700274,"PER_SHARES":10000,"TOTAL_MARKET_CAP":112174523.29,"HKSK_MARKET_CAP":112174523.29,"PE_TTM":-1.514148998483,"PB_TTM":1.4547427043,"REPORT_DATE_SQ":"2021-06-30 00:00:00","REPORT_TYPE_SQ":"2021年中报","OPERATE_INCOME_SQ":1032986.54808,"DPS_HKD":null,"OPERATE_INCOME_QOQ_SQ":-17.646724731395,"NET_PROFIT_RATIO_SQ":1020.5994437155,"HOLDER_PROFIT_SQ":10542654.96336,"HOLDER_PROFIT_QOQ_SQ":95.67524916944,"ROE_AVG_SQ":14.389246089454,"PE_TTM_SQ":-4.8654770646,"PB_TTM_SQ":1.06488166737,"ROA_SQ":13.669938180747,"START_DATE":"2022-01-01 00:00:00","FISCAL_YEAR":"12-31","CURRENCY":"HKD","IS_CNY_CODE":0,"DPS_HKD_LY":null,"ORG_TYPE":"证券","PREMIUM_INCOME":null,"PREMIUM_INCOME_YOY":null,"NET_INTEREST_INCOME":null,"NET_INTEREST_INCOME_YOY":null,"FEE_COMMISSION_INCOME":null,"FEE_COMMISSION_INCOME_YOY":null,"ACCOUNTS_RECE_TDAYS":null,"INVENTORY_TDAYS":null,"CURRENT_ASSETS_TDAYS":0.010406936088,"TOTAL_ASSETS_TDAYS":0.010342466114,"PREMIUM_EXPENSE":null,"LOAN_DEPOSIT":null,"LOAN_EQUITY":null,"LOAN_ASSETS":null,"DEPOSIT_EQUITY":null,"DEPOSIT_ASSETS":null,"EQUITY_MULTIPLIER":1.012014075929,"EQUITY_RATIO":0.012014075928},{"SECUCODE":"00080.HK","SECURITY_CODE":"00080","SECURITY_NAME_ABBR":"中国新经济投资","ORG_CODE":"10169533","STD_REPORT_DATE":"2021-12-31 00:00:00","REPORT_DATE":"2021-12-31 00:00:00","DATE_TYPE_CODE":"001","REPORT_TYPE":"2021年年报","PER_NETCASH_OPERATE":-0.041673415618,"PER_OI":0.002410553021,"BPS":0.070463384534,"BASIC_EPS":-0.0057232,"DILUTED_EPS":-0.0057232,"OPERATE_INCOME":2083235.8064,"OPERATE_INCOME_YOY":-25.4340820393,"GROSS_PROFIT":null,"GROSS_PROFIT_YOY":null,"HOLDER_PROFIT":-4071843.4064,"HOLDER_PROFIT_YOY":83.9898142814,"GROSS_PROFIT_RATIO":null,"EPS_TTM":-0.004711609887,"OPERATE_INCOME_QOQ":-12.042271007582,"NET_PROFIT_RATIO":-195.4576334513,"ROE_AVG":-5.388448864771,"GROSS_PROFIT_QOQ":null,"ROA":-5.149139370412,"HOLDER_PROFIT_QOQ":-259.624933110904,"ROE_YEARLY":-5.388448864771,"ROIC_YEARLY":-5.265580630047,"TOTAL_ASSETS":94701790.4,"TOTAL_LIABILITIES":1711242.5232,"TAX_EBT":null,"OCF_SALES":-1728.79066589377,"TOTAL_PARENT_EQUITY":92990547.8768,"DEBT_ASSET_RATIO":1.8069801172,"OPERATE_PROFIT":-3976400.8704,"PRETAX_PROFIT":-4071843.4064,"NETCASH_OPERATE":-36014786.1696,"NETCASH_INVEST":null,"NETCASH_FINANCE":36241028.3536,"END_CASH":1861828.0912,"DIVI_RATIO":null,"DIVIDEND_RATE":null,"CURRENT_RATIO":73.785590848476,"COMMON_ACS":25000000000,"CURRENTDEBT_DEBT":74.343994071687,"ISSUED_COMMON_SHARES":1319700274,"HK_COMMON_SHARES":1319700274,"PER_SHARES":10000,"TOTAL_MARKET_CAP":112174523.29,"HKSK_MARKET_CAP":112174523.29,"PE_TTM":-1.514148998483,"PB_TTM":1.4547427043,"REPORT_DATE_SQ":"2020-12-31 00:00:00","REPORT_TYPE_SQ":"2020年年报","OPERATE_INCOME_SQ":2875964.67744,"DPS_HKD":null,"OPERATE_INCOME_QOQ_SQ":-28.866218687723,"NET_PROFIT_RATIO_SQ":-910.3253464345,"HOLDER_PROFIT_SQ":-26180635.41324,"HOLDER_PROFIT_QOQ_SQ":22.485943339774,"ROE_AVG_SQ":-46.934327869555,"PE_TTM_SQ":-4.8654770646,"PB_TTM_SQ":1.06488166737,"ROA_SQ":-41.563377612014,"START_DATE":"2021-01-01 00:00:00","FISCAL_YEAR":"12-31","CURRENCY":"HKD","IS_CNY_CODE":0,"DPS_HKD_LY":null,"ORG_TYPE":"证券","PREMIUM_INCOME":null,"PREMIUM_INCOME_YOY":null,"NET_INTEREST_INCOME":null,"NET_INTEREST_INCOME_YOY":null,"FEE_COMMISSION_INCOME":null,"FEE_COMMISSION_INCOME_YOY":null,"ACCOUNTS_RECE_TDAYS":null,"INVENTORY_TDAYS":null,"CURRENT_ASSETS_TDAYS":0.026503002086,"TOTAL_ASSETS_TDAYS":0.026344017778,"PREMIUM_EXPENSE":null,"LOAN_DEPOSIT":null,"LOAN_EQUITY":null,"LOAN_ASSETS":null,"DEPOSIT_EQUITY":null,"DEPOSIT_ASSETS":null,"EQUITY_MULTIPLIER":1.018402327572,"EQUITY_RATIO":0.018402327573},{"SECUCODE":"00080.HK","SECURITY_CODE":"00080","SECURITY_NAME_ABBR":"中国新经济投资","ORG_CODE":"10169533","STD_REPORT_DATE":"2021-06-30 00:00:00","REPORT_DATE":"2021-06-30 00:00:00","DATE_TYPE_CODE":"002","REPORT_TYPE":"2021年中报","PER_NETCASH_OPERATE":-0.018432085007,"PER_OI":0.001434346799,"BPS":0.066199675226,"BASIC_EPS":0.0166416,"DILUTED_EPS":0.0166416,"OPERATE_INCOME":1032986.54808,"OPERATE_INCOME_YOY":-26.3881262889,"GROSS_PROFIT":null,"GROSS_PROFIT_YOY":null,"HOLDER_PROFIT":10542654.96336,"HOLDER_PROFIT_YOY":179.7857349987,"GROSS_PROFIT_RATIO":null,"EPS_TTM":-0.001572174602,"OPERATE_INCOME_QOQ":-17.646724731395,"NET_PROFIT_RATIO":1020.5994437155,"ROE_AVG":14.389246089454,"GROSS_PROFIT_QOQ":null,"ROA":13.669938180747,"HOLDER_PROFIT_QOQ":95.67524916944,"ROE_YEARLY":28.778492178907,"ROIC_YEARLY":28.801615296489,"TOTAL_ASSETS":89667549.3708,"TOTAL_LIABILITIES":2303819.83584,"TAX_EBT":null,"OCF_SALES":-1285.05079942744,"TOTAL_PARENT_EQUITY":87363729.53496,"DEBT_ASSET_RATIO":2.5692905092,"OPERATE_PROFIT":10587672.9876,"PRETAX_PROFIT":10542654.96336,"NETCASH_OPERATE":-13274401.89408,"NETCASH_INVEST":null,"NETCASH_FINANCE":17773577.44152,"END_CASH":6163728.2892,"DIVI_RATIO":null,"DIVIDEND_RATE":null,"CURRENT_RATIO":51.880762868968,"COMMON_ACS":25000000000,"CURRENTDEBT_DEBT":74.131520817351,"ISSUED_COMMON_SHARES":1319700274,"HK_COMMON_SHARES":1319700274,"PER_SHARES":10000,"TOTAL_MARKET_CAP":112174523.29,"HKSK_MARKET_CAP":112174523.29,"PE_TTM":-1.514148998483,"PB_TTM":1.4547427043,"REPORT_DATE_SQ":"2020-06-30 00:00:00","REPORT_TYPE_SQ":"2020年中报","OPERATE_INCOME_SQ":1540500.11808,"DPS_HKD":null,"OPERATE_INCOME_QOQ_SQ":-17.149780140589,"NET_PROFIT_RATIO_SQ":-941.6249328484,"HOLDER_PROFIT_SQ":-14505733.2024,"HOLDER_PROFIT_QOQ_SQ":-10.666006763887,"ROE_AVG_SQ":-21.533172963394,"PE_TTM_SQ":-4.8654770646,"PB_TTM_SQ":1.06488166737,"ROA_SQ":-19.161134769894,"START_DATE":"2021-01-01 00:00:00","FISCAL_YEAR":"12-31","CURRENCY":"HKD","IS_CNY_CODE":0,"DPS_HKD_LY":null,"ORG_TYPE":"证券","PREMIUM_INCOME":null,"PREMIUM_INCOME_YOY":null,"NET_INTEREST_INCOME":null,"NET_INTEREST_INCOME_YOY":null,"FEE_COMMISSION_INCOME":null,"FEE_COMMISSION_INCOME_YOY":null,"ACCOUNTS_RECE_TDAYS":null,"INVENTORY_TDAYS":null,"CURRENT_ASSETS_TDAYS":0.013497473437,"TOTAL_ASSETS_TDAYS":0.013394028642,"PREMIUM_EXPENSE":null,"LOAN_DEPOSIT":null,"LOAN_EQUITY":null,"LOAN_ASSETS":null,"DEPOSIT_EQUITY":null,"DEPOSIT_ASSETS":null,"EQUITY_MULTIPLIER":1.026370438259,"EQUITY_RATIO":0.02637043826},{"SECUCODE":"00080.HK","SECURITY_CODE":"00080","SECURITY_NAME_ABBR":"中国新经济投资","ORG_CODE":"10169533","STD_REPORT_DATE":"2020-12-31 00:00:00","REPORT_DATE":"2020-12-31 00:00:00","DATE_TYPE_CODE":"001","REPORT_TYPE":"2020年年报","PER_NETCASH_OPERATE":-0.053826416033,"PER_OI":0.004792082608,"BPS":0.045352194698,"BASIC_EPS":-0.042082,"DILUTED_EPS":-0.042082,"OPERATE_INCOME":2875964.67744,"OPERATE_INCOME_YOY":-37.274438923,"GROSS_PROFIT":null,"GROSS_PROFIT_YOY":null,"HOLDER_PROFIT":-26180635.41324,"HOLDER_PROFIT_YOY":8.7002266448,"GROSS_PROFIT_RATIO":null,"EPS_TTM":-0.043623542599,"OPERATE_INCOME_QOQ":-28.866218687723,"NET_PROFIT_RATIO":-910.3253464345,"ROE_AVG":-46.934327869555,"GROSS_PROFIT_QOQ":null,"ROA":-41.563377612014,"HOLDER_PROFIT_QOQ":22.485943339774,"ROE_YEARLY":-46.934327869555,"ROIC_YEARLY":-42.241751427468,"TOTAL_ASSETS":65320240.93224,"TOTAL_LIABILITIES":5468937.16292,"TAX_EBT":null,"OCF_SALES":-1123.2363972215,"TOTAL_PARENT_EQUITY":59851303.76932,"DEBT_ASSET_RATIO":8.372499986,"OPERATE_PROFIT":-25898328.31624,"PRETAX_PROFIT":-26180635.41324,"NETCASH_OPERATE":-32303882.02824,"NETCASH_INVEST":null,"NETCASH_FINANCE":33648093.888,"END_CASH":1683677.25408,"DIVI_RATIO":null,"DIVIDEND_RATE":null,"CURRENT_RATIO":11.92176213032,"COMMON_ACS":25000000000,"CURRENTDEBT_DEBT":100,"ISSUED_COMMON_SHARES":1319700274,"HK_COMMON_SHARES":1319700274,"PER_SHARES":10000,"TOTAL_MARKET_CAP":112174523.29,"HKSK_MARKET_CAP":112174523.29,"PE_TTM":-1.514148998483,"PB_TTM":1.4547427043,"REPORT_DATE_SQ":"2019-12-31 00:00:00","REPORT_TYPE_SQ":"2019年年报","OPERATE_INCOME_SQ":4879934.43554,"DPS_HKD":null,"OPERATE_INCOME_QOQ_SQ":-42.074123843037,"NET_PROFIT_RATIO_SQ":-625.4196042251,"HOLDER_PROFIT_SQ":-30520066.6332,"HOLDER_PROFIT_QOQ_SQ":55.580989071565,"ROE_AVG_SQ":-50.622296073959,"PE_TTM_SQ":-4.8654770646,"PB_TTM_SQ":1.06488166737,"ROA_SQ":-41.608583260966,"START_DATE":"2020-01-01 00:00:00","FISCAL_YEAR":"12-31","CURRENCY":"HKD","IS_CNY_CODE":0,"DPS_HKD_LY":null,"ORG_TYPE":"证券","PREMIUM_INCOME":null,"PREMIUM_INCOME_YOY":null,"NET_INTEREST_INCOME":null,"NET_INTEREST_INCOME_YOY":null,"FEE_COMMISSION_INCOME":null,"FEE_COMMISSION_INCOME_YOY":null,"ACCOUNTS_RECE_TDAYS":null,"INVENTORY_TDAYS":null,"CURRENT_ASSETS_TDAYS":0.045798039069,"TOTAL_ASSETS_TDAYS":0.045657717622,"PREMIUM_EXPENSE":null,"LOAN_DEPOSIT":null,"LOAN_EQUITY":null,"LOAN_ASSETS":null,"DEPOSIT_EQUITY":null,"DEPOSIT_ASSETS":null,"EQUITY_MULTIPLIER":1.091375405688,"EQUITY_RATIO":0.091375405689},{"SECUCODE":"00080.HK","SECURITY_CODE":"00080","SECURITY_NAME_ABBR":"中国新经济投资","ORG_CODE":"10169533","STD_REPORT_DATE":"2020-06-30 00:00:00","REPORT_DATE":"2020-06-30 00:00:00","DATE_TYPE_CODE":"002","REPORT_TYPE":"2020年中报","PER_NETCASH_OPERATE":-0.054965366496,"PER_OI":0.002566861784,"BPS":0.059563633265,"BASIC_EPS":-0.0365376,"DILUTED_EPS":-0.0365376,"OPERATE_INCOME":1540500.11808,"OPERATE_INCOME_YOY":-37.5985566668,"GROSS_PROFIT":null,"GROSS_PROFIT_YOY":null,"HOLDER_PROFIT":-14505733.2024,"HOLDER_PROFIT_YOY":-24.1664292334,"GROSS_PROFIT_RATIO":null,"EPS_TTM":-0.056278234527,"OPERATE_INCOME_QOQ":-17.149780140589,"NET_PROFIT_RATIO":-941.6249328484,"ROE_AVG":-21.533172963394,"GROSS_PROFIT_QOQ":null,"ROA":-19.161134769894,"HOLDER_PROFIT_QOQ":-10.666006763887,"ROE_YEARLY":-43.066345926787,"ROIC_YEARLY":-39.471484001666,"TOTAL_ASSETS":85573962.11232,"TOTAL_LIABILITIES":6967818.97152,"TAX_EBT":null,"OCF_SALES":-2141.34500101394,"TOTAL_PARENT_EQUITY":78606143.1408,"DEBT_ASSET_RATIO":8.1424522127,"OPERATE_PROFIT":-14257119.49728,"PRETAX_PROFIT":-14505733.2024,"NETCASH_OPERATE":-32987422.26912,"NETCASH_INVEST":null,"NETCASH_FINANCE":36658820.79552,"END_CASH":4039823.58912,"DIVI_RATIO":null,"DIVIDEND_RATE":null,"CURRENT_RATIO":12.251251555432,"COMMON_ACS":25000000000,"CURRENTDEBT_DEBT":100,"ISSUED_COMMON_SHARES":1319700274,"HK_COMMON_SHARES":1319700274,"PER_SHARES":10000,"TOTAL_MARKET_CAP":112174523.29,"HKSK_MARKET_CAP":112174523.29,"PE_TTM":-1.514148998483,"PB_TTM":1.4547427043,"REPORT_DATE_SQ":"2019-06-30 00:00:00","REPORT_TYPE_SQ":"2019年中报","OPERATE_INCOME_SQ":2377398.14478,"DPS_HKD":null,"OPERATE_INCOME_QOQ_SQ":2.245904036549,"NET_PROFIT_RATIO_SQ":-473.2257764928,"HOLDER_PROFIT_SQ":-11250460.83096,"HOLDER_PROFIT_QOQ_SQ":15.643246020366,"ROE_AVG_SQ":-16.526876185714,"PE_TTM_SQ":-4.8654770646,"PB_TTM_SQ":1.06488166737,"ROA_SQ":-13.548576593432,"START_DATE":"2020-01-01 00:00:00","FISCAL_YEAR":"12-31","CURRENCY":"HKD","IS_CNY_CODE":0,"DPS_HKD_LY":null,"ORG_TYPE":"证券","PREMIUM_INCOME":null,"PREMIUM_INCOME_YOY":null,"NET_INTEREST_INCOME":null,"NET_INTEREST_INCOME_YOY":null,"FEE_COMMISSION_INCOME":null,"FEE_COMMISSION_INCOME_YOY":null,"ACCOUNTS_RECE_TDAYS":null,"INVENTORY_TDAYS":null,"CURRENT_ASSETS_TDAYS":0.020416051861,"TOTAL_ASSETS_TDAYS":0.02034900957,"PREMIUM_EXPENSE":null,"LOAN_DEPOSIT":null,"LOAN_EQUITY":null,"LOAN_ASSETS":null,"DEPOSIT_EQUITY":null,"DEPOSIT_ASSETS":null,"EQUITY_MULTIPLIER":1.088642168323,"EQUITY_RATIO":0.088642168323}],"count":28},"success":true,"message":"ok","code":0}