{"version":"7a35341ca943be5fe13a05ff38a6ffb6","result":{"pages":6,"data":[{"SECUCODE":"00086.HK","SECURITY_CODE":"00086","SECURITY_NAME_ABBR":"新鸿基公司","ORG_CODE":"10007371","STD_REPORT_DATE":"2024-06-30 00:00:00","REPORT_DATE":"2024-06-30 00:00:00","DATE_TYPE_CODE":"002","REPORT_TYPE":"2024年中报","PER_NETCASH_OPERATE":0.694138174025,"PER_OI":0.90062407806,"BPS":9.773406829922,"BASIC_EPS":0.03559452,"DILUTED_EPS":0.03559452,"OPERATE_INCOME":1769869056,"OPERATE_INCOME_YOY":-3.7522334723,"GROSS_PROFIT":null,"GROSS_PROFIT_YOY":null,"HOLDER_PROFIT":68816072,"HOLDER_PROFIT_YOY":126.2260869565,"GROSS_PROFIT_RATIO":null,"EPS_TTM":-0.04748053978,"OPERATE_INCOME_QOQ":-2.421358956507,"NET_PROFIT_RATIO":9.5142326733,"ROE_AVG":0.356419449913,"GROSS_PROFIT_QOQ":null,"ROA":0.18762006191,"HOLDER_PROFIT_QOQ":78.158120374265,"ROE_YEARLY":0.712838899827,"ROIC_YEARLY":0.497279472383,"TOTAL_ASSETS":36056062276,"TOTAL_LIABILITIES":13910155880,"TAX_EBT":39.980481457385,"OCF_SALES":77.07301980198,"TOTAL_PARENT_EQUITY":19204338756,"DEBT_ASSET_RATIO":38.5792429953,"OPERATE_PROFIT":720652128,"PRETAX_PROFIT":280557832,"NETCASH_OPERATE":1364091528,"NETCASH_INVEST":-875168852,"NETCASH_FINANCE":-1417665844,"END_CASH":4954027040,"DIVI_RATIO":-4.978721832093,"DIVIDEND_RATE":9.318996415771,"CURRENT_RATIO":2.040989671495,"COMMON_ACS":null,"CURRENTDEBT_DEBT":64.732629092579,"ISSUED_COMMON_SHARES":1964958493,"HK_COMMON_SHARES":1964958493,"PER_SHARES":1000,"TOTAL_MARKET_CAP":5482234195.47,"HKSK_MARKET_CAP":5482234195.47,"PE_TTM":-50.527504105714,"PB_TTM":0.260541410412,"REPORT_DATE_SQ":"2023-06-30 00:00:00","REPORT_TYPE_SQ":"2023年中报","OPERATE_INCOME_SQ":1857605304,"DPS_HKD":0.26,"OPERATE_INCOME_QOQ_SQ":2.248563153458,"NET_PROFIT_RATIO_SQ":-6.4919594997,"HOLDER_PROFIT_SQ":-265069250,"HOLDER_PROFIT_QOQ_SQ":5.69172150737,"ROE_AVG_SQ":-1.305859562185,"PE_TTM_SQ":-3.028442051699,"PB_TTM_SQ":0.198564145374,"ROA_SQ":-0.682239120659,"START_DATE":"2024-01-01 00:00:00","FISCAL_YEAR":"12-31","CURRENCY":"HKD","IS_CNY_CODE":0,"DPS_HKD_LY":0.26,"ORG_TYPE":"证券","PREMIUM_INCOME":null,"PREMIUM_INCOME_YOY":null,"NET_INTEREST_INCOME":1658978436,"NET_INTEREST_INCOME_YOY":null,"FEE_COMMISSION_INCOME":null,"FEE_COMMISSION_INCOME_YOY":null,"ACCOUNTS_RECE_TDAYS":null,"INVENTORY_TDAYS":null,"CURRENT_ASSETS_TDAYS":0.094561679406,"TOTAL_ASSETS_TDAYS":0.048253690193,"PREMIUM_EXPENSE":null,"LOAN_DEPOSIT":null,"LOAN_EQUITY":null,"LOAN_ASSETS":null,"DEPOSIT_EQUITY":null,"DEPOSIT_ASSETS":null,"EQUITY_MULTIPLIER":1.628114091664,"EQUITY_RATIO":0.724323605032},{"SECUCODE":"00086.HK","SECURITY_CODE":"00086","SECURITY_NAME_ABBR":"新鸿基公司","ORG_CODE":"10007371","STD_REPORT_DATE":"2023-12-31 00:00:00","REPORT_DATE":"2023-12-31 00:00:00","DATE_TYPE_CODE":"001","REPORT_TYPE":"2023年年报","PER_NETCASH_OPERATE":0.759909424814,"PER_OI":1.843814457294,"BPS":9.80859749896,"BASIC_EPS":-0.21839902,"DILUTED_EPS":-0.2174928,"OPERATE_INCOME":3623430048,"OPERATE_INCOME_YOY":-3.7365177196,"GROSS_PROFIT":null,"GROSS_PROFIT_YOY":null,"HOLDER_PROFIT":-427192108,"HOLDER_PROFIT_YOY":69.2859004431,"GROSS_PROFIT_RATIO":null,"EPS_TTM":-0.217380485986,"OPERATE_INCOME_QOQ":-4.488591811503,"NET_PROFIT_RATIO":-5.0345138055,"ROE_AVG":-2.161091640096,"GROSS_PROFIT_QOQ":null,"ROA":-1.125271829295,"HOLDER_PROFIT_QOQ":66.960089335258,"ROE_YEARLY":-2.161091640096,"ROIC_YEARLY":-1.453099472889,"TOTAL_ASSETS":37036758290,"TOTAL_LIABILITIES":14928977658,"TAX_EBT":362.793733681462,"OCF_SALES":41.213985594238,"TOTAL_PARENT_EQUITY":19273486960,"DEBT_ASSET_RATIO":40.3085430455,"OPERATE_PROFIT":1079942374,"PRETAX_PROFIT":69416452,"NETCASH_OPERATE":1493359938,"NETCASH_INVEST":789408242,"NETCASH_FINANCE":-1583710072,"END_CASH":5856084262,"DIVI_RATIO":-1.08745915682,"DIVIDEND_RATE":9.454545454545,"CURRENT_RATIO":2.210185890921,"COMMON_ACS":null,"CURRENTDEBT_DEBT":57.341613097081,"ISSUED_COMMON_SHARES":1964958493,"HK_COMMON_SHARES":1964958493,"PER_SHARES":1000,"TOTAL_MARKET_CAP":5403635855.75,"HKSK_MARKET_CAP":5403635855.75,"PE_TTM":-49.8030954447,"PB_TTM":0.256806049689,"REPORT_DATE_SQ":"2022-12-31 00:00:00","REPORT_TYPE_SQ":"2022年年报","OPERATE_INCOME_SQ":3710286272,"DPS_HKD":0.26,"OPERATE_INCOME_QOQ_SQ":3.203771859225,"NET_PROFIT_RATIO_SQ":-28.3344568567,"HOLDER_PROFIT_SQ":-1370990796,"HOLDER_PROFIT_QOQ_SQ":-383.743858793436,"ROE_AVG_SQ":-6.471403001689,"PE_TTM_SQ":-3.360348341419,"PB_TTM_SQ":0.220326057155,"ROA_SQ":-3.347262084427,"START_DATE":"2023-01-01 00:00:00","FISCAL_YEAR":"12-31","CURRENCY":"HKD","IS_CNY_CODE":0,"DPS_HKD_LY":0.26,"ORG_TYPE":"证券","PREMIUM_INCOME":null,"PREMIUM_INCOME_YOY":null,"NET_INTEREST_INCOME":3411374568,"NET_INTEREST_INCOME_YOY":null,"FEE_COMMISSION_INCOME":null,"FEE_COMMISSION_INCOME_YOY":null,"ACCOUNTS_RECE_TDAYS":null,"INVENTORY_TDAYS":null,"CURRENT_ASSETS_TDAYS":0.192535308252,"TOTAL_ASSETS_TDAYS":0.095445203272,"PREMIUM_EXPENSE":null,"LOAN_DEPOSIT":null,"LOAN_EQUITY":null,"LOAN_ASSETS":null,"DEPOSIT_EQUITY":null,"DEPOSIT_ASSETS":null,"EQUITY_MULTIPLIER":1.675281608158,"EQUITY_RATIO":0.774586232838},{"SECUCODE":"00086.HK","SECURITY_CODE":"00086","SECURITY_NAME_ABBR":"新鸿基公司","ORG_CODE":"10007371","STD_REPORT_DATE":"2023-06-30 00:00:00","REPORT_DATE":"2023-06-30 00:00:00","DATE_TYPE_CODE":"002","REPORT_TYPE":"2023年中报","PER_NETCASH_OPERATE":0.639047078157,"PER_OI":0.944576372291,"BPS":10.169771517917,"BASIC_EPS":-0.13553106,"DILUTED_EPS":-0.13553106,"OPERATE_INCOME":1857605304,"OPERATE_INCOME_YOY":-2.8824833703,"GROSS_PROFIT":null,"GROSS_PROFIT_YOY":null,"HOLDER_PROFIT":-265069250,"HOLDER_PROFIT_YOY":28.3399800598,"GROSS_PROFIT_RATIO":null,"EPS_TTM":-0.657457966244,"OPERATE_INCOME_QOQ":2.248563153458,"NET_PROFIT_RATIO":-6.4919594997,"ROE_AVG":-1.305859562185,"GROSS_PROFIT_QOQ":null,"ROA":-0.682239120659,"HOLDER_PROFIT_QOQ":5.69172150737,"ROE_YEARLY":-2.61171912437,"ROIC_YEARLY":-1.763119525706,"TOTAL_ASSETS":38139177868,"TOTAL_LIABILITIES":15115769902,"TAX_EBT":458.356164383562,"OCF_SALES":67.654357752631,"TOTAL_PARENT_EQUITY":19983178916,"DEBT_ASSET_RATIO":39.6331823258,"OPERATE_PROFIT":531982460,"PRETAX_PROFIT":33652270,"NETCASH_OPERATE":1256750938,"NETCASH_INVEST":872285278,"NETCASH_FINANCE":-1206042038,"END_CASH":6115677736,"DIVI_RATIO":-0.359555153542,"DIVIDEND_RATE":9.454545454545,"CURRENT_RATIO":2.565083053194,"COMMON_ACS":null,"CURRENTDEBT_DEBT":49.351932613191,"ISSUED_COMMON_SHARES":1964958493,"HK_COMMON_SHARES":1964958493,"PER_SHARES":1000,"TOTAL_MARKET_CAP":5403635855.75,"HKSK_MARKET_CAP":5403635855.75,"PE_TTM":-49.8030954447,"PB_TTM":0.256806049689,"REPORT_DATE_SQ":"2022-06-30 00:00:00","REPORT_TYPE_SQ":"2022年中报","OPERATE_INCOME_SQ":1774177174,"DPS_HKD":0.26,"OPERATE_INCOME_QOQ_SQ":-0.871391462314,"NET_PROFIT_RATIO_SQ":-9.6741540538,"HOLDER_PROFIT_SQ":-343102228,"HOLDER_PROFIT_QOQ_SQ":-112.319707627072,"ROE_AVG_SQ":-1.637390622959,"PE_TTM_SQ":-3.360348341419,"PB_TTM_SQ":0.220326057155,"ROA_SQ":-0.820878802728,"START_DATE":"2023-01-01 00:00:00","FISCAL_YEAR":"12-31","CURRENCY":"HKD","IS_CNY_CODE":0,"DPS_HKD_LY":0.26,"ORG_TYPE":"证券","PREMIUM_INCOME":null,"PREMIUM_INCOME_YOY":null,"NET_INTEREST_INCOME":1742542200,"NET_INTEREST_INCOME_YOY":null,"FEE_COMMISSION_INCOME":null,"FEE_COMMISSION_INCOME_YOY":null,"ACCOUNTS_RECE_TDAYS":null,"INVENTORY_TDAYS":null,"CURRENT_ASSETS_TDAYS":0.097308653602,"TOTAL_ASSETS_TDAYS":0.047811317576,"PREMIUM_EXPENSE":null,"LOAN_DEPOSIT":null,"LOAN_EQUITY":null,"LOAN_ASSETS":null,"DEPOSIT_EQUITY":null,"DEPOSIT_ASSETS":null,"EQUITY_MULTIPLIER":1.656539202376,"EQUITY_RATIO":0.756424689262},{"SECUCODE":"00086.HK","SECURITY_CODE":"00086","SECURITY_NAME_ABBR":"新鸿基公司","ORG_CODE":"10007371","STD_REPORT_DATE":"2022-12-31 00:00:00","REPORT_DATE":"2022-12-31 00:00:00","DATE_TYPE_CODE":"001","REPORT_TYPE":"2022年年报","PER_NETCASH_OPERATE":1.809585834535,"PER_OI":1.88591035562,"BPS":10.163990770364,"BASIC_EPS":-0.69853714,"DILUTED_EPS":-0.69764387,"OPERATE_INCOME":3710286272,"OPERATE_INCOME_YOY":-6.3618738446,"GROSS_PROFIT":null,"GROSS_PROFIT_YOY":null,"HOLDER_PROFIT":-1370990796,"HOLDER_PROFIT_YOY":-154.5473931123,"GROSS_PROFIT_RATIO":null,"EPS_TTM":-0.696864217499,"OPERATE_INCOME_QOQ":3.203771859225,"NET_PROFIT_RATIO":-28.3344568567,"ROE_AVG":-6.471403001689,"GROSS_PROFIT_QOQ":null,"ROA":-3.347262084427,"HOLDER_PROFIT_QOQ":-383.743858793436,"ROE_YEARLY":-6.471403001689,"ROIC_YEARLY":-4.192972918334,"TOTAL_ASSETS":38334414069,"TOTAL_LIABILITIES":15505916622,"TAX_EBT":-31.895102543987,"OCF_SALES":95.952908320493,"TOTAL_PARENT_EQUITY":19971819987,"DEBT_ASSET_RATIO":40.4490768897,"OPERATE_PROFIT":134883770,"PRETAX_PROFIT":-797064821,"NETCASH_OPERATE":3560127585,"NETCASH_INVEST":-108264324,"NETCASH_FINANCE":-3377275216,"END_CASH":5116114598,"DIVI_RATIO":-0.3392230424,"DIVIDEND_RATE":9.454545454545,"CURRENT_RATIO":3.015503875969,"COMMON_ACS":null,"CURRENTDEBT_DEBT":39.461131658083,"ISSUED_COMMON_SHARES":1964958493,"HK_COMMON_SHARES":1964958493,"PER_SHARES":1000,"TOTAL_MARKET_CAP":5403635855.75,"HKSK_MARKET_CAP":5403635855.75,"PE_TTM":-49.8030954447,"PB_TTM":0.256806049689,"REPORT_DATE_SQ":"2021-12-31 00:00:00","REPORT_TYPE_SQ":"2021年年报","OPERATE_INCOME_SQ":3626710080,"DPS_HKD":0.26,"OPERATE_INCOME_QOQ_SQ":6.295185571798,"NET_PROFIT_RATIO_SQ":74.374408224,"HOLDER_PROFIT_SQ":2300481120,"HOLDER_PROFIT_QOQ_SQ":-38.654068769415,"ROE_AVG_SQ":11.797385346873,"PE_TTM_SQ":-3.360348341419,"PB_TTM_SQ":0.220326057155,"ROA_SQ":6.059222618341,"START_DATE":"2022-01-01 00:00:00","FISCAL_YEAR":"12-31","CURRENCY":"HKD","IS_CNY_CODE":0,"DPS_HKD_LY":0.16,"ORG_TYPE":"证券","PREMIUM_INCOME":null,"PREMIUM_INCOME_YOY":null,"NET_INTEREST_INCOME":3512337640,"NET_INTEREST_INCOME_YOY":null,"FEE_COMMISSION_INCOME":null,"FEE_COMMISSION_INCOME_YOY":null,"ACCOUNTS_RECE_TDAYS":null,"INVENTORY_TDAYS":null,"CURRENT_ASSETS_TDAYS":0.186667745255,"TOTAL_ASSETS_TDAYS":0.090586316093,"PREMIUM_EXPENSE":null,"LOAN_DEPOSIT":null,"LOAN_EQUITY":null,"LOAN_ASSETS":null,"DEPOSIT_EQUITY":null,"DEPOSIT_ASSETS":null,"EQUITY_MULTIPLIER":1.679235094556,"EQUITY_RATIO":0.776389764783},{"SECUCODE":"00086.HK","SECURITY_CODE":"00086","SECURITY_NAME_ABBR":"新鸿基公司","ORG_CODE":"10007371","STD_REPORT_DATE":"2022-06-30 00:00:00","REPORT_DATE":"2022-06-30 00:00:00","DATE_TYPE_CODE":"002","REPORT_TYPE":"2022年中报","PER_NETCASH_OPERATE":0.929167679399,"PER_OI":0.899468651804,"BPS":10.414649824362,"BASIC_EPS":-0.17531395,"DILUTED_EPS":-0.17445876,"OPERATE_INCOME":1774177174,"OPERATE_INCOME_YOY":-4.4051239517,"GROSS_PROFIT":null,"GROSS_PROFIT_YOY":null,"HOLDER_PROFIT":-343102228,"HOLDER_PROFIT_YOY":-114.8978834014,"GROSS_PROFIT_RATIO":null,"EPS_TTM":-0.143683903834,"OPERATE_INCOME_QOQ":-0.871391462314,"NET_PROFIT_RATIO":-9.6741540538,"ROE_AVG":-1.637390622959,"GROSS_PROFIT_QOQ":null,"ROA":-0.820878802728,"HOLDER_PROFIT_QOQ":-112.319707627072,"ROE_YEARLY":-3.274781245919,"ROIC_YEARLY":-2.085255342427,"TOTAL_ASSETS":41869076172,"TOTAL_LIABILITIES":18724727126,"TAX_EBT":-264.246823956443,"OCF_SALES":103.301841318808,"TOTAL_PARENT_EQUITY":20464354624,"DEBT_ASSET_RATIO":44.7220928618,"OPERATE_PROFIT":411260871,"PRETAX_PROFIT":-47120969,"NETCASH_OPERATE":1832757689,"NETCASH_INVEST":-363797826,"NETCASH_FINANCE":591021809,"END_CASH":6977580729,"DIVI_RATIO":-1.645225343213,"DIVIDEND_RATE":9.454545454545,"CURRENT_RATIO":1.95324348114,"COMMON_ACS":null,"CURRENTDEBT_DEBT":56.556628332892,"ISSUED_COMMON_SHARES":1964958493,"HK_COMMON_SHARES":1964958493,"PER_SHARES":1000,"TOTAL_MARKET_CAP":5403635855.75,"HKSK_MARKET_CAP":5403635855.75,"PE_TTM":-49.8030954447,"PB_TTM":0.256806049689,"REPORT_DATE_SQ":"2021-06-30 00:00:00","REPORT_TYPE_SQ":"2021年中报","OPERATE_INCOME_SQ":1805780016,"DPS_HKD":0.26,"OPERATE_INCOME_QOQ_SQ":-1.909152149768,"NET_PROFIT_RATIO_SQ":136.0197216846,"HOLDER_PROFIT_SQ":2240791440,"HOLDER_PROFIT_QOQ_SQ":74.887292841259,"ROE_AVG_SQ":11.241278408439,"PE_TTM_SQ":-3.360348341419,"PB_TTM_SQ":0.220326057155,"ROA_SQ":5.871118804585,"START_DATE":"2022-01-01 00:00:00","FISCAL_YEAR":"12-31","CURRENCY":"HKD","IS_CNY_CODE":0,"DPS_HKD_LY":0.16,"ORG_TYPE":"证券","PREMIUM_INCOME":null,"PREMIUM_INCOME_YOY":null,"NET_INTEREST_INCOME":1702683290,"NET_INTEREST_INCOME_YOY":null,"FEE_COMMISSION_INCOME":null,"FEE_COMMISSION_INCOME_YOY":null,"ACCOUNTS_RECE_TDAYS":4.188572582273,"INVENTORY_TDAYS":null,"CURRENT_ASSETS_TDAYS":0.086379941,"TOTAL_ASSETS_TDAYS":0.042447536494,"PREMIUM_EXPENSE":null,"LOAN_DEPOSIT":null,"LOAN_EQUITY":null,"LOAN_ASSETS":null,"DEPOSIT_EQUITY":null,"DEPOSIT_ASSETS":null,"EQUITY_MULTIPLIER":1.809040992634,"EQUITY_RATIO":0.914992310778},{"SECUCODE":"00086.HK","SECURITY_CODE":"00086","SECURITY_NAME_ABBR":"新鸿基公司","ORG_CODE":"10007371","STD_REPORT_DATE":"2021-12-31 00:00:00","REPORT_DATE":"2021-12-31 00:00:00","DATE_TYPE_CODE":"001","REPORT_TYPE":"2021年年报","PER_NETCASH_OPERATE":-0.607036362284,"PER_OI":1.837889492744,"BPS":10.433545335963,"BASIC_EPS":1.1667152,"DILUTED_EPS":1.16508,"OPERATE_INCOME":3626710080,"OPERATE_INCOME_YOY":7.3315911731,"GROSS_PROFIT":null,"GROSS_PROFIT_YOY":null,"HOLDER_PROFIT":2300481120,"HOLDER_PROFIT_YOY":10.4407897319,"GROSS_PROFIT_RATIO":null,"EPS_TTM":1.16580316194,"OPERATE_INCOME_QOQ":6.295185571798,"NET_PROFIT_RATIO":74.374408224,"ROE_AVG":11.797385346873,"GROSS_PROFIT_QOQ":null,"ROA":6.059222618341,"HOLDER_PROFIT_QOQ":-38.654068769415,"ROE_YEARLY":11.797385346873,"ROIC_YEARLY":7.722138058227,"TOTAL_ASSETS":39890785760,"TOTAL_LIABILITIES":16557135840,"TAX_EBT":12.564931623026,"OCF_SALES":-33.02899138825,"TOTAL_PARENT_EQUITY":20501483520,"DEBT_ASSET_RATIO":41.5061662099,"OPERATE_PROFIT":3774940960,"PRETAX_PROFIT":3084968320,"NETCASH_OPERATE":-1163444800,"NETCASH_INVEST":-487780160,"NETCASH_FINANCE":453440960,"END_CASH":4794978720,"DIVI_RATIO":0.202772138314,"DIVIDEND_RATE":9.454545454545,"CURRENT_RATIO":1.954679584911,"COMMON_ACS":null,"CURRENTDEBT_DEBT":60.243248448217,"ISSUED_COMMON_SHARES":1964958493,"HK_COMMON_SHARES":1964958493,"PER_SHARES":1000,"TOTAL_MARKET_CAP":5403635855.75,"HKSK_MARKET_CAP":5403635855.75,"PE_TTM":-49.8030954447,"PB_TTM":0.256806049689,"REPORT_DATE_SQ":"2020-12-31 00:00:00","REPORT_TYPE_SQ":"2020年年报","OPERATE_INCOME_SQ":3478329792,"DPS_HKD":0.26,"OPERATE_INCOME_QOQ_SQ":-8.981132512714,"NET_PROFIT_RATIO_SQ":70.8696283391,"HOLDER_PROFIT_SQ":2144246228,"HOLDER_PROFIT_QOQ_SQ":34.198085685114,"ROE_AVG_SQ":11.847866272621,"PE_TTM_SQ":-3.360348341419,"PB_TTM_SQ":0.220326057155,"ROA_SQ":5.88079146123,"START_DATE":"2021-01-01 00:00:00","FISCAL_YEAR":"12-31","CURRENCY":"HKD","IS_CNY_CODE":0,"DPS_HKD_LY":0.26,"ORG_TYPE":"证券","PREMIUM_INCOME":null,"PREMIUM_INCOME_YOY":null,"NET_INTEREST_INCOME":3379467840,"NET_INTEREST_INCOME_YOY":null,"FEE_COMMISSION_INCOME":null,"FEE_COMMISSION_INCOME_YOY":null,"ACCOUNTS_RECE_TDAYS":null,"INVENTORY_TDAYS":null,"CURRENT_ASSETS_TDAYS":0.189694213339,"TOTAL_ASSETS_TDAYS":0.095523686571,"PREMIUM_EXPENSE":null,"LOAN_DEPOSIT":null,"LOAN_EQUITY":null,"LOAN_ASSETS":null,"DEPOSIT_EQUITY":null,"DEPOSIT_ASSETS":null,"EQUITY_MULTIPLIER":1.709581908391,"EQUITY_RATIO":0.807606718989},{"SECUCODE":"00086.HK","SECURITY_CODE":"00086","SECURITY_NAME_ABBR":"新鸿基公司","ORG_CODE":"10007371","STD_REPORT_DATE":"2021-06-30 00:00:00","REPORT_DATE":"2021-06-30 00:00:00","DATE_TYPE_CODE":"002","REPORT_TYPE":"2021年中报","PER_NETCASH_OPERATE":0.227919112675,"PER_OI":0.910920917729,"BPS":10.708227718274,"BASIC_EPS":1.13329296,"DILUTED_EPS":1.13246088,"OPERATE_INCOME":1805780016,"OPERATE_INCOME_YOY":5.8840749415,"GROSS_PROFIT":null,"GROSS_PROFIT_YOY":null,"HOLDER_PROFIT":2240791440,"HOLDER_PROFIT_YOY":287.3705408516,"GROSS_PROFIT_RATIO":null,"EPS_TTM":1.891684661518,"OPERATE_INCOME_QOQ":-1.909152149768,"NET_PROFIT_RATIO":136.0197216846,"ROE_AVG":11.241278408439,"GROSS_PROFIT_QOQ":null,"ROA":5.871118804585,"HOLDER_PROFIT_QOQ":74.887292841259,"ROE_YEARLY":22.482556816877,"ROIC_YEARLY":14.924194457876,"TOTAL_ASSETS":39651940320,"TOTAL_LIABILITIES":15958711944,"TAX_EBT":8.20350157042,"OCF_SALES":25.020735416091,"TOTAL_PARENT_EQUITY":21041223000,"DEBT_ASSET_RATIO":40.2469887103,"OPERATE_PROFIT":3031017816,"PRETAX_PROFIT":2675719656,"NETCASH_OPERATE":451819440,"NETCASH_INVEST":-245130768,"NETCASH_FINANCE":-1450648272,"END_CASH":4815163752,"DIVI_RATIO":0.12496395663,"DIVIDEND_RATE":9.454545454545,"CURRENT_RATIO":2.305081395234,"COMMON_ACS":null,"CURRENTDEBT_DEBT":52.751143159552,"ISSUED_COMMON_SHARES":1964958493,"HK_COMMON_SHARES":1964958493,"PER_SHARES":1000,"TOTAL_MARKET_CAP":5403635855.75,"HKSK_MARKET_CAP":5403635855.75,"PE_TTM":-49.8030954447,"PB_TTM":0.256806049689,"REPORT_DATE_SQ":"2020-06-30 00:00:00","REPORT_TYPE_SQ":"2020年中报","OPERATE_INCOME_SQ":1872186624,"DPS_HKD":0.26,"OPERATE_INCOME_QOQ_SQ":0.824052485063,"NET_PROFIT_RATIO_SQ":42.0911397346,"HOLDER_PROFIT_SQ":635023488,"HOLDER_PROFIT_QOQ_SQ":-14.458028356821,"ROE_AVG_SQ":3.38896295881,"PE_TTM_SQ":-3.360348341419,"PB_TTM_SQ":0.220326057155,"ROA_SQ":1.627253214363,"START_DATE":"2021-01-01 00:00:00","FISCAL_YEAR":"12-31","CURRENCY":"HKD","IS_CNY_CODE":0,"DPS_HKD_LY":0.26,"ORG_TYPE":"证券","PREMIUM_INCOME":null,"PREMIUM_INCOME_YOY":null,"NET_INTEREST_INCOME":1690620144,"NET_INTEREST_INCOME_YOY":null,"FEE_COMMISSION_INCOME":null,"FEE_COMMISSION_INCOME_YOY":null,"ACCOUNTS_RECE_TDAYS":7.359104781282,"INVENTORY_TDAYS":null,"CURRENT_ASSETS_TDAYS":0.093861910281,"TOTAL_ASSETS_TDAYS":0.047313412661,"PREMIUM_EXPENSE":null,"LOAN_DEPOSIT":null,"LOAN_EQUITY":null,"LOAN_ASSETS":null,"DEPOSIT_EQUITY":null,"DEPOSIT_ASSETS":null,"EQUITY_MULTIPLIER":1.67355582324,"EQUITY_RATIO":0.75844982699},{"SECUCODE":"00086.HK","SECURITY_CODE":"00086","SECURITY_NAME_ABBR":"新鸿基公司","ORG_CODE":"10007371","STD_REPORT_DATE":"2020-12-31 00:00:00","REPORT_DATE":"2020-12-31 00:00:00","DATE_TYPE_CODE":"001","REPORT_TYPE":"2020年年报","PER_NETCASH_OPERATE":0.735545475509,"PER_OI":1.754610297941,"BPS":9.690929042947,"BASIC_EPS":1.07982412,"DILUTED_EPS":1.0772992,"OPERATE_INCOME":3478329792,"OPERATE_INCOME_YOY":-2.3278897738,"GROSS_PROFIT":null,"GROSS_PROFIT_YOY":null,"HOLDER_PROFIT":2144246228,"HOLDER_PROFIT_YOY":22.1801266066,"GROSS_PROFIT_RATIO":null,"EPS_TTM":1.081644564476,"OPERATE_INCOME_QOQ":-8.981132512714,"NET_PROFIT_RATIO":70.8696283391,"ROE_AVG":11.847866272621,"GROSS_PROFIT_QOQ":null,"ROA":5.88079146123,"HOLDER_PROFIT_QOQ":34.198085685114,"ROE_YEARLY":11.847866272621,"ROIC_YEARLY":7.585612436153,"TOTAL_ASSETS":37102184448,"TOTAL_LIABILITIES":15259690676,"TAX_EBT":8.489033306255,"OCF_SALES":41.920731707317,"TOTAL_PARENT_EQUITY":19042273328,"DEBT_ASSET_RATIO":41.1288200494,"OPERATE_PROFIT":3297713848,"PRETAX_PROFIT":2693752984,"NETCASH_OPERATE":1458141300,"NETCASH_INVEST":824554708,"NETCASH_FINANCE":-1032018968,"END_CASH":6098186784,"DIVI_RATIO":0.218549057393,"DIVIDEND_RATE":9.454545454545,"CURRENT_RATIO":2.478637469586,"COMMON_ACS":null,"CURRENTDEBT_DEBT":51.004086945491,"ISSUED_COMMON_SHARES":1964958493,"HK_COMMON_SHARES":1964958493,"PER_SHARES":1000,"TOTAL_MARKET_CAP":5403635855.75,"HKSK_MARKET_CAP":5403635855.75,"PE_TTM":-49.8030954447,"PB_TTM":0.256806049689,"REPORT_DATE_SQ":"2019-12-31 00:00:00","REPORT_TYPE_SQ":"2019年年报","OPERATE_INCOME_SQ":3790313914,"DPS_HKD":0.26,"OPERATE_INCOME_QOQ_SQ":-3.984314942564,"NET_PROFIT_RATIO_SQ":59.428544419,"HOLDER_PROFIT_SQ":1867880456,"HOLDER_PROFIT_QOQ_SQ":77.837834788082,"ROE_AVG_SQ":10.579159785799,"PE_TTM_SQ":-3.360348341419,"PB_TTM_SQ":0.220326057155,"ROA_SQ":5.009748251261,"START_DATE":"2020-01-01 00:00:00","FISCAL_YEAR":"12-31","CURRENCY":"HKD","IS_CNY_CODE":0,"DPS_HKD_LY":0.26,"ORG_TYPE":"证券","PREMIUM_INCOME":null,"PREMIUM_INCOME_YOY":null,"NET_INTEREST_INCOME":3335419320,"NET_INTEREST_INCOME_YOY":null,"FEE_COMMISSION_INCOME":null,"FEE_COMMISSION_INCOME_YOY":null,"ACCOUNTS_RECE_TDAYS":9.780617678381,"INVENTORY_TDAYS":null,"CURRENT_ASSETS_TDAYS":0.180552036278,"TOTAL_ASSETS_TDAYS":0.095396376932,"PREMIUM_EXPENSE":null,"LOAN_DEPOSIT":null,"LOAN_EQUITY":null,"LOAN_ASSETS":null,"DEPOSIT_EQUITY":null,"DEPOSIT_ASSETS":null,"EQUITY_MULTIPLIER":1.698624014058,"EQUITY_RATIO":0.801358662023},{"SECUCODE":"00086.HK","SECURITY_CODE":"00086","SECURITY_NAME_ABBR":"新鸿基公司","ORG_CODE":"10007371","STD_REPORT_DATE":"2020-06-30 00:00:00","REPORT_DATE":"2020-06-30 00:00:00","DATE_TYPE_CODE":"002","REPORT_TYPE":"2020年中报","PER_NETCASH_OPERATE":0.912893037955,"PER_OI":0.940092232625,"BPS":9.59741232763,"BASIC_EPS":0.31879056,"DILUTED_EPS":0.31879056,"OPERATE_INCOME":1872186624,"OPERATE_INCOME_YOY":-2.0642201835,"GROSS_PROFIT":null,"GROSS_PROFIT_YOY":null,"HOLDER_PROFIT":635023488,"HOLDER_PROFIT_YOY":-32.4326951113,"GROSS_PROFIT_RATIO":null,"EPS_TTM":0.802323772556,"OPERATE_INCOME_QOQ":0.824052485063,"NET_PROFIT_RATIO":42.0911397346,"ROE_AVG":3.38896295881,"GROSS_PROFIT_QOQ":null,"ROA":1.627253214363,"HOLDER_PROFIT_QOQ":-14.458028356821,"ROE_YEARLY":6.777925917621,"ROIC_YEARLY":4.204166975337,"TOTAL_ASSETS":39171047520,"TOTAL_LIABILITIES":17625464208,"TAX_EBT":9.237243556023,"OCF_SALES":97.10675253708,"TOTAL_PARENT_EQUITY":18858516864,"DEBT_ASSET_RATIO":44.9961523214,"OPERATE_PROFIT":1200260160,"PRETAX_PROFIT":868224720,"NETCASH_OPERATE":1818019632,"NETCASH_INVEST":540939168,"NETCASH_FINANCE":-663157440,"END_CASH":6783296784,"DIVI_RATIO":0.29463467005,"DIVIDEND_RATE":9.454545454545,"CURRENT_RATIO":2.248815661802,"COMMON_ACS":null,"CURRENTDEBT_DEBT":54.479495431625,"ISSUED_COMMON_SHARES":1964958493,"HK_COMMON_SHARES":1964958493,"PER_SHARES":1000,"TOTAL_MARKET_CAP":5403635855.75,"HKSK_MARKET_CAP":5403635855.75,"PE_TTM":-49.8030954447,"PB_TTM":0.256806049689,"REPORT_DATE_SQ":"2019-06-30 00:00:00","REPORT_TYPE_SQ":"2019年中报","OPERATE_INCOME_SQ":1840952448,"DPS_HKD":0.26,"OPERATE_INCOME_QOQ_SQ":-1.728339149725,"NET_PROFIT_RATIO_SQ":60.2255351682,"HOLDER_PROFIT_SQ":905082174,"HOLDER_PROFIT_QOQ_SQ":1.261261026752,"ROE_AVG_SQ":5.311973236204,"PE_TTM_SQ":-3.360348341419,"PB_TTM_SQ":0.220326057155,"ROA_SQ":2.53265822037,"START_DATE":"2020-01-01 00:00:00","FISCAL_YEAR":"12-31","CURRENCY":"HKD","IS_CNY_CODE":0,"DPS_HKD_LY":0.26,"ORG_TYPE":"证券","PREMIUM_INCOME":null,"PREMIUM_INCOME_YOY":null,"NET_INTEREST_INCOME":1815918720,"NET_INTEREST_INCOME_YOY":null,"FEE_COMMISSION_INCOME":null,"FEE_COMMISSION_INCOME_YOY":null,"ACCOUNTS_RECE_TDAYS":4.773171867722,"INVENTORY_TDAYS":null,"CURRENT_ASSETS_TDAYS":0.088157872099,"TOTAL_ASSETS_TDAYS":0.047974945169,"PREMIUM_EXPENSE":null,"LOAN_DEPOSIT":null,"LOAN_EQUITY":null,"LOAN_ASSETS":null,"DEPOSIT_EQUITY":null,"DEPOSIT_ASSETS":null,"EQUITY_MULTIPLIER":1.818054631093,"EQUITY_RATIO":0.934615608168}],"count":47},"success":true,"message":"ok","code":0}