{"version":"7a2222f00826b16156d1b9d9a556a8bd","result":{"pages":6,"data":[{"SECUCODE":"00081.HK","SECURITY_CODE":"00081","SECURITY_NAME_ABBR":"中国海外宏洋集团","ORG_CODE":"10007366","STD_REPORT_DATE":"2024-06-30 00:00:00","REPORT_DATE":"2024-06-30 00:00:00","DATE_TYPE_CODE":"002","REPORT_TYPE":"2024年中报","PER_NETCASH_OPERATE":0.787849611559,"PER_OI":6.139301322657,"BPS":8.911339880805,"BASIC_EPS":0.249,"DILUTED_EPS":0.249,"OPERATE_INCOME":21852074000,"OPERATE_INCOME_YOY":-19.5790996607,"GROSS_PROFIT":2108374000,"GROSS_PROFIT_YOY":-52.46048866368,"HOLDER_PROFIT":884588000,"HOLDER_PROFIT_YOY":-48.5423429083,"GROSS_PROFIT_RATIO":9.648393099895,"EPS_TTM":0.41221116361,"OPERATE_INCOME_QOQ":-9.431366860785,"NET_PROFIT_RATIO":3.9514693205,"ROE_AVG":2.807220869174,"GROSS_PROFIT_QOQ":-36.863444915141,"ROA":0.605856173163,"HOLDER_PROFIT_QOQ":-36.254814948694,"ROE_YEARLY":5.614441738349,"ROIC_YEARLY":1.553952573975,"TOTAL_ASSETS":139982086000,"TOTAL_LIABILITIES":102005984000,"TAX_EBT":36.450140240119,"OCF_SALES":12.832887166683,"TOTAL_PARENT_EQUITY":31718798000,"DEBT_ASSET_RATIO":72.8707414747,"OPERATE_PROFIT":1319439000,"PRETAX_PROFIT":1358741000,"NETCASH_OPERATE":2804252000,"NETCASH_INVEST":-113811000,"NETCASH_FINANCE":-3348355000,"END_CASH":19412268000,"DIVI_RATIO":0.308251234361,"DIVIDEND_RATE":7.734806629834,"CURRENT_RATIO":1.882661516532,"COMMON_ACS":null,"CURRENTDEBT_DEBT":68.51528239755,"ISSUED_COMMON_SHARES":3559374732,"HK_COMMON_SHARES":3559374732,"PER_SHARES":1000,"TOTAL_MARKET_CAP":6442468264.92,"HKSK_MARKET_CAP":6442468264.92,"PE_TTM":3.917429614327,"PB_TTM":0.185376253414,"REPORT_DATE_SQ":"2023-06-30 00:00:00","REPORT_TYPE_SQ":"2023年中报","OPERATE_INCOME_SQ":27172133000,"DPS_HKD":0.14,"OPERATE_INCOME_QOQ_SQ":-4.564127493316,"NET_PROFIT_RATIO_SQ":7.328015066,"HOLDER_PROFIT_SQ":1719060000,"HOLDER_PROFIT_QOQ_SQ":-23.199172179124,"ROE_AVG_SQ":5.676320085928,"PE_TTM_SQ":2.535762137127,"PB_TTM_SQ":0.192867309894,"ROA_SQ":0.9752296541,"START_DATE":"2024-01-01 00:00:00","FISCAL_YEAR":"12-31","CURRENCY":"HKD","IS_CNY_CODE":0,"DPS_HKD_LY":0.14,"ORG_TYPE":"一般企业","PREMIUM_INCOME":null,"PREMIUM_INCOME_YOY":null,"NET_INTEREST_INCOME":null,"NET_INTEREST_INCOME_YOY":null,"FEE_COMMISSION_INCOME":null,"FEE_COMMISSION_INCOME_YOY":null,"ACCOUNTS_RECE_TDAYS":29.445472430335,"INVENTORY_TDAYS":0.194022662907,"CURRENT_ASSETS_TDAYS":0.158801195435,"TOTAL_ASSETS_TDAYS":0.149665312318,"PREMIUM_EXPENSE":null,"LOAN_DEPOSIT":null,"LOAN_EQUITY":null,"LOAN_ASSETS":null,"DEPOSIT_EQUITY":null,"DEPOSIT_ASSETS":null,"EQUITY_MULTIPLIER":3.686057247261,"EQUITY_RATIO":3.215947338231},{"SECUCODE":"00081.HK","SECURITY_CODE":"00081","SECURITY_NAME_ABBR":"中国海外宏洋集团","ORG_CODE":"10007366","STD_REPORT_DATE":"2023-12-31 00:00:00","REPORT_DATE":"2023-12-31 00:00:00","DATE_TYPE_CODE":"001","REPORT_TYPE":"2023年年报","PER_NETCASH_OPERATE":2.555964090605,"PER_OI":15.847767725289,"BPS":8.794671636726,"BASIC_EPS":0.647,"DILUTED_EPS":0.647,"OPERATE_INCOME":56408144000,"OPERATE_INCOME_YOY":-1.8852599677,"GROSS_PROFIT":6311453000,"GROSS_PROFIT_YOY":-23.739576113823,"HOLDER_PROFIT":2301686000,"HOLDER_PROFIT_YOY":-26.9408082681,"GROSS_PROFIT_RATIO":11.188903857571,"EPS_TTM":0.646654587759,"OPERATE_INCOME_QOQ":2.806981751425,"NET_PROFIT_RATIO":3.5898362478,"ROE_AVG":7.516233622041,"GROSS_PROFIT_QOQ":-12.754727612052,"ROA":1.383173701055,"HOLDER_PROFIT_QOQ":-4.871869477311,"ROE_YEARLY":7.516233622041,"ROIC_YEARLY":1.685762613979,"TOTAL_ASSETS":152030454000,"TOTAL_LIABILITIES":113900938000,"TAX_EBT":50.882828855659,"OCF_SALES":16.128227867239,"TOTAL_PARENT_EQUITY":31303532000,"DEBT_ASSET_RATIO":74.9198170519,"OPERATE_PROFIT":4206631000,"PRETAX_PROFIT":4122713000,"NETCASH_OPERATE":9097634000,"NETCASH_INVEST":-1527242000,"NETCASH_FINANCE":-6963334000,"END_CASH":20063626000,"DIVI_RATIO":0.196495319766,"DIVIDEND_RATE":7.52688172043,"CURRENT_RATIO":1.766599364171,"COMMON_ACS":null,"CURRENTDEBT_DEBT":71.38269045686,"ISSUED_COMMON_SHARES":3559374732,"HK_COMMON_SHARES":3559374732,"PER_SHARES":1000,"TOTAL_MARKET_CAP":6620437001.52,"HKSK_MARKET_CAP":6620437001.52,"PE_TTM":4.025645902015,"PB_TTM":0.190497144392,"REPORT_DATE_SQ":"2022-12-31 00:00:00","REPORT_TYPE_SQ":"2022年年报","OPERATE_INCOME_SQ":57492018000,"DPS_HKD":0.14,"OPERATE_INCOME_QOQ_SQ":-0.685589143535,"NET_PROFIT_RATIO_SQ":5.3157361775,"HOLDER_PROFIT_SQ":3150440000,"HOLDER_PROFIT_QOQ_SQ":-34.370864900358,"ROE_AVG_SQ":10.739510604084,"PE_TTM_SQ":3.409191317693,"PB_TTM_SQ":0.259299383302,"ROA_SQ":1.660012386916,"START_DATE":"2023-01-01 00:00:00","FISCAL_YEAR":"12-31","CURRENCY":"HKD","IS_CNY_CODE":0,"DPS_HKD_LY":0.2,"ORG_TYPE":"一般企业","PREMIUM_INCOME":null,"PREMIUM_INCOME_YOY":null,"NET_INTEREST_INCOME":null,"NET_INTEREST_INCOME_YOY":null,"FEE_COMMISSION_INCOME":null,"FEE_COMMISSION_INCOME_YOY":null,"ACCOUNTS_RECE_TDAYS":76.172819817198,"INVENTORY_TDAYS":0.419187909601,"CURRENT_ASSETS_TDAYS":0.35660730813,"TOTAL_ASSETS_TDAYS":0.338978736918,"PREMIUM_EXPENSE":null,"LOAN_DEPOSIT":null,"LOAN_EQUITY":null,"LOAN_ASSETS":null,"DEPOSIT_EQUITY":null,"DEPOSIT_ASSETS":null,"EQUITY_MULTIPLIER":3.987211744306,"EQUITY_RATIO":3.638597011992},{"SECUCODE":"00081.HK","SECURITY_CODE":"00081","SECURITY_NAME_ABBR":"中国海外宏洋集团","ORG_CODE":"10007366","STD_REPORT_DATE":"2023-06-30 00:00:00","REPORT_DATE":"2023-06-30 00:00:00","DATE_TYPE_CODE":"002","REPORT_TYPE":"2023年中报","PER_NETCASH_OPERATE":2.088001000059,"PER_OI":7.633962436074,"BPS":8.604693044722,"BASIC_EPS":0.483,"DILUTED_EPS":0.483,"OPERATE_INCOME":27172133000,"OPERATE_INCOME_YOY":-8.8065394506,"GROSS_PROFIT":4434993000,"GROSS_PROFIT_YOY":-19.025555465482,"HOLDER_PROFIT":1719060000,"HOLDER_PROFIT_YOY":-29.8324527661,"GROSS_PROFIT_RATIO":16.321843412146,"EPS_TTM":0.679772202193,"OPERATE_INCOME_QOQ":-4.564127493316,"NET_PROFIT_RATIO":7.328015066,"ROE_AVG":5.676320085928,"GROSS_PROFIT_QOQ":-12.590766469184,"ROA":0.9752296541,"HOLDER_PROFIT_QOQ":-23.199172179124,"ROE_YEARLY":11.352640171857,"ROIC_YEARLY":2.411118233293,"TOTAL_ASSETS":171762822000,"TOTAL_LIABILITIES":133478545000,"TAX_EBT":38.443936280485,"OCF_SALES":27.3514707145,"TOTAL_PARENT_EQUITY":30627327000,"DEBT_ASSET_RATIO":77.710964134,"OPERATE_PROFIT":3273263000,"PRETAX_PROFIT":3234739000,"NETCASH_OPERATE":7431978000,"NETCASH_INVEST":-1172943000,"NETCASH_FINANCE":-1670164000,"END_CASH":24030572000,"DIVI_RATIO":0.186922324258,"DIVIDEND_RATE":7.52688172043,"CURRENT_RATIO":1.705461257903,"COMMON_ACS":null,"CURRENTDEBT_DEBT":71.870274732168,"ISSUED_COMMON_SHARES":3559374732,"HK_COMMON_SHARES":3559374732,"PER_SHARES":1000,"TOTAL_MARKET_CAP":6620437001.52,"HKSK_MARKET_CAP":6620437001.52,"PE_TTM":4.025645902015,"PB_TTM":0.190497144392,"REPORT_DATE_SQ":"2022-06-30 00:00:00","REPORT_TYPE_SQ":"2022年中报","OPERATE_INCOME_SQ":29796142000,"DPS_HKD":0.14,"OPERATE_INCOME_QOQ_SQ":7.539274549539,"NET_PROFIT_RATIO_SQ":8.9839919544,"HOLDER_PROFIT_SQ":2449936000,"HOLDER_PROFIT_QOQ_SQ":-4.954029986685,"ROE_AVG_SQ":8.371369101426,"PE_TTM_SQ":3.409191317693,"PB_TTM_SQ":0.259299383302,"ROA_SQ":1.260537059515,"START_DATE":"2023-01-01 00:00:00","FISCAL_YEAR":"12-31","CURRENCY":"HKD","IS_CNY_CODE":0,"DPS_HKD_LY":0.2,"ORG_TYPE":"一般企业","PREMIUM_INCOME":null,"PREMIUM_INCOME_YOY":null,"NET_INTEREST_INCOME":null,"NET_INTEREST_INCOME_YOY":null,"FEE_COMMISSION_INCOME":null,"FEE_COMMISSION_INCOME_YOY":null,"ACCOUNTS_RECE_TDAYS":37.084000199258,"INVENTORY_TDAYS":0.182030177507,"CURRENT_ASSETS_TDAYS":0.161578779166,"TOTAL_ASSETS_TDAYS":0.154148603695,"PREMIUM_EXPENSE":null,"LOAN_DEPOSIT":null,"LOAN_EQUITY":null,"LOAN_ASSETS":null,"DEPOSIT_EQUITY":null,"DEPOSIT_ASSETS":null,"EQUITY_MULTIPLIER":4.48651079397,"EQUITY_RATIO":4.358151953646},{"SECUCODE":"00081.HK","SECURITY_CODE":"00081","SECURITY_NAME_ABBR":"中国海外宏洋集团","ORG_CODE":"10007366","STD_REPORT_DATE":"2022-12-31 00:00:00","REPORT_DATE":"2022-12-31 00:00:00","DATE_TYPE_CODE":"001","REPORT_TYPE":"2022年年报","PER_NETCASH_OPERATE":0.136659114767,"PER_OI":16.152280197735,"BPS":8.412206708895,"BASIC_EPS":0.907,"DILUTED_EPS":0.907,"OPERATE_INCOME":57492018000,"OPERATE_INCOME_YOY":6.8019969582,"GROSS_PROFIT":8276184000,"GROSS_PROFIT_YOY":-33.251929811884,"HOLDER_PROFIT":3150440000,"HOLDER_PROFIT_YOY":-37.6221519332,"GROSS_PROFIT_RATIO":14.395361804834,"EPS_TTM":0.885110514405,"OPERATE_INCOME_QOQ":-0.685589143535,"NET_PROFIT_RATIO":5.3157361775,"ROE_AVG":10.739510604084,"GROSS_PROFIT_QOQ":-29.941882513558,"ROA":1.660012386916,"HOLDER_PROFIT_QOQ":-34.370864900358,"ROE_YEARLY":10.739510604084,"ROIC_YEARLY":1.934139636589,"TOTAL_ASSETS":180781831000,"TOTAL_LIABILITIES":143380679000,"TAX_EBT":48.883229177661,"OCF_SALES":0.846067014033,"TOTAL_PARENT_EQUITY":29942196000,"DEBT_ASSET_RATIO":79.3114430841,"OPERATE_PROFIT":6265572000,"PRETAX_PROFIT":5978711000,"NETCASH_OPERATE":486421000,"NETCASH_INVEST":-1453927000,"NETCASH_FINANCE":486873000,"END_CASH":19433181000,"DIVI_RATIO":0.143557892412,"DIVIDEND_RATE":7.52688172043,"CURRENT_RATIO":1.640516551265,"COMMON_ACS":null,"CURRENTDEBT_DEBT":73.432043099754,"ISSUED_COMMON_SHARES":3559374732,"HK_COMMON_SHARES":3559374732,"PER_SHARES":1000,"TOTAL_MARKET_CAP":6620437001.52,"HKSK_MARKET_CAP":6620437001.52,"PE_TTM":4.025645902015,"PB_TTM":0.190497144392,"REPORT_DATE_SQ":"2021-12-31 00:00:00","REPORT_TYPE_SQ":"2021年年报","OPERATE_INCOME_SQ":53830471000,"DPS_HKD":0.14,"OPERATE_INCOME_QOQ_SQ":2.461168832069,"NET_PROFIT_RATIO_SQ":10.4864436352,"HOLDER_PROFIT_SQ":5050575000,"HOLDER_PROFIT_QOQ_SQ":0.207515065129,"ROE_AVG_SQ":19.108848141188,"PE_TTM_SQ":3.409191317693,"PB_TTM_SQ":0.259299383302,"ROA_SQ":2.758370360968,"START_DATE":"2022-01-01 00:00:00","FISCAL_YEAR":"12-31","CURRENCY":"HKD","IS_CNY_CODE":0,"DPS_HKD_LY":0.36,"ORG_TYPE":"一般企业","PREMIUM_INCOME":null,"PREMIUM_INCOME_YOY":null,"NET_INTEREST_INCOME":null,"NET_INTEREST_INCOME_YOY":null,"FEE_COMMISSION_INCOME":null,"FEE_COMMISSION_INCOME_YOY":null,"ACCOUNTS_RECE_TDAYS":81.717612945867,"INVENTORY_TDAYS":0.366901327208,"CURRENT_ASSETS_TDAYS":0.316439420702,"TOTAL_ASSETS_TDAYS":0.302933755376,"PREMIUM_EXPENSE":null,"LOAN_DEPOSIT":null,"LOAN_EQUITY":null,"LOAN_ASSETS":null,"DEPOSIT_EQUITY":null,"DEPOSIT_ASSETS":null,"EQUITY_MULTIPLIER":4.833589911878,"EQUITY_RATIO":4.788582607635},{"SECUCODE":"00081.HK","SECURITY_CODE":"00081","SECURITY_NAME_ABBR":"中国海外宏洋集团","ORG_CODE":"10007366","STD_REPORT_DATE":"2022-06-30 00:00:00","REPORT_DATE":"2022-06-30 00:00:00","DATE_TYPE_CODE":"002","REPORT_TYPE":"2022年中报","PER_NETCASH_OPERATE":0.024959105665,"PER_OI":8.703771553065,"BPS":8.37321811948,"BASIC_EPS":0.716,"DILUTED_EPS":0.716,"OPERATE_INCOME":29796142000,"OPERATE_INCOME_YOY":15.7684044601,"GROSS_PROFIT":5477028000,"GROSS_PROFIT_YOY":-9.662515265093,"HOLDER_PROFIT":2449936000,"HOLDER_PROFIT_YOY":-9.2664351481,"GROSS_PROFIT_RATIO":18.381668338136,"EPS_TTM":1.40223880134,"OPERATE_INCOME_QOQ":7.539274549539,"NET_PROFIT_RATIO":8.9839919544,"ROE_AVG":8.371369101426,"GROSS_PROFIT_QOQ":-4.724716302813,"ROA":1.260537059515,"HOLDER_PROFIT_QOQ":-4.954029986685,"ROE_YEARLY":16.742738202853,"ROIC_YEARLY":2.930260087171,"TOTAL_ASSETS":189926625000,"TOTAL_LIABILITIES":152525475000,"TAX_EBT":40.668658206391,"OCF_SALES":0.286761957303,"TOTAL_PARENT_EQUITY":29803421000,"DEBT_ASSET_RATIO":80.3075793086,"OPERATE_PROFIT":4538618000,"PRETAX_PROFIT":4511752000,"NETCASH_OPERATE":85444000,"NETCASH_INVEST":-1536800000,"NETCASH_FINANCE":1341853000,"END_CASH":19778358000,"DIVI_RATIO":0.090615521321,"DIVIDEND_RATE":7.52688172043,"CURRENT_RATIO":1.569122532857,"COMMON_ACS":null,"CURRENTDEBT_DEBT":76.06179164497,"ISSUED_COMMON_SHARES":3559374732,"HK_COMMON_SHARES":3559374732,"PER_SHARES":1000,"TOTAL_MARKET_CAP":6620437001.52,"HKSK_MARKET_CAP":6620437001.52,"PE_TTM":4.025645902015,"PB_TTM":0.190497144392,"REPORT_DATE_SQ":"2021-06-30 00:00:00","REPORT_TYPE_SQ":"2021年中报","OPERATE_INCOME_SQ":25737715000,"DPS_HKD":0.14,"OPERATE_INCOME_QOQ_SQ":22.439028028113,"NET_PROFIT_RATIO_SQ":11.6224614345,"HOLDER_PROFIT_SQ":2700143000,"HOLDER_PROFIT_QOQ_SQ":15.208839789109,"ROE_AVG_SQ":10.717574034916,"PE_TTM_SQ":3.409191317693,"PB_TTM_SQ":0.259299383302,"ROA_SQ":1.542266023761,"START_DATE":"2022-01-01 00:00:00","FISCAL_YEAR":"12-31","CURRENCY":"HKD","IS_CNY_CODE":0,"DPS_HKD_LY":0.36,"ORG_TYPE":"一般企业","PREMIUM_INCOME":null,"PREMIUM_INCOME_YOY":null,"NET_INTEREST_INCOME":null,"NET_INTEREST_INCOME_YOY":null,"FEE_COMMISSION_INCOME":null,"FEE_COMMISSION_INCOME_YOY":null,"ACCOUNTS_RECE_TDAYS":null,"INVENTORY_TDAYS":0.178661646728,"CURRENT_ASSETS_TDAYS":0.159901095344,"TOTAL_ASSETS_TDAYS":0.153306621975,"PREMIUM_EXPENSE":null,"LOAN_DEPOSIT":null,"LOAN_EQUITY":null,"LOAN_ASSETS":null,"DEPOSIT_EQUITY":null,"DEPOSIT_ASSETS":null,"EQUITY_MULTIPLIER":5.078095860692,"EQUITY_RATIO":5.117717023157},{"SECUCODE":"00081.HK","SECURITY_CODE":"00081","SECURITY_NAME_ABBR":"中国海外宏洋集团","ORG_CODE":"10007366","STD_REPORT_DATE":"2021-12-31 00:00:00","REPORT_DATE":"2021-12-31 00:00:00","DATE_TYPE_CODE":"001","REPORT_TYPE":"2021年年报","PER_NETCASH_OPERATE":-2.004597038795,"PER_OI":15.724455943923,"BPS":8.071049317097,"BASIC_EPS":1.475,"DILUTED_EPS":1.475,"OPERATE_INCOME":53830471000,"OPERATE_INCOME_YOY":25.4524592242,"GROSS_PROFIT":12399136000,"GROSS_PROFIT_YOY":6.508830197289,"HOLDER_PROFIT":5050575000,"HOLDER_PROFIT_YOY":15.447915488,"GROSS_PROFIT_RATIO":23.033675480937,"EPS_TTM":1.475326940368,"OPERATE_INCOME_QOQ":2.461168832069,"NET_PROFIT_RATIO":10.4864436352,"ROE_AVG":19.108848141188,"GROSS_PROFIT_QOQ":-0.324105891151,"ROA":2.758370360968,"HOLDER_PROFIT_QOQ":0.207515065129,"ROE_YEARLY":19.108848141188,"ROIC_YEARLY":3.200119976264,"TOTAL_ASSETS":198786421000,"TOTAL_LIABILITIES":163030162000,"TAX_EBT":44.381837482583,"OCF_SALES":-12.7482759718,"TOTAL_PARENT_EQUITY":28727889000,"DEBT_ASSET_RATIO":82.0127256077,"OPERATE_PROFIT":10210654000,"PRETAX_PROFIT":10149386000,"NETCASH_OPERATE":-6862457000,"NETCASH_INVEST":-1117039000,"NETCASH_FINANCE":7319416000,"END_CASH":19876023000,"DIVI_RATIO":0.086126401222,"DIVIDEND_RATE":7.52688172043,"CURRENT_RATIO":1.494224142421,"COMMON_ACS":null,"CURRENTDEBT_DEBT":78.259343813938,"ISSUED_COMMON_SHARES":3559374732,"HK_COMMON_SHARES":3559374732,"PER_SHARES":1000,"TOTAL_MARKET_CAP":6620437001.52,"HKSK_MARKET_CAP":6620437001.52,"PE_TTM":4.025645902015,"PB_TTM":0.190497144392,"REPORT_DATE_SQ":"2020-12-31 00:00:00","REPORT_TYPE_SQ":"2020年年报","OPERATE_INCOME_SQ":42909060000,"DPS_HKD":0.14,"OPERATE_INCOME_QOQ_SQ":27.543312767428,"NET_PROFIT_RATIO_SQ":10.7299973479,"HOLDER_PROFIT_SQ":4374765000,"HOLDER_PROFIT_QOQ_SQ":15.685954071664,"ROE_AVG_SQ":20.031639327238,"PE_TTM_SQ":3.409191317693,"PB_TTM_SQ":0.259299383302,"ROA_SQ":2.901896330596,"START_DATE":"2021-01-01 00:00:00","FISCAL_YEAR":"12-31","CURRENCY":"HKD","IS_CNY_CODE":0,"DPS_HKD_LY":0.355,"ORG_TYPE":"一般企业","PREMIUM_INCOME":null,"PREMIUM_INCOME_YOY":null,"NET_INTEREST_INCOME":null,"NET_INTEREST_INCOME_YOY":null,"FEE_COMMISSION_INCOME":null,"FEE_COMMISSION_INCOME_YOY":null,"ACCOUNTS_RECE_TDAYS":null,"INVENTORY_TDAYS":0.33943363501,"CURRENT_ASSETS_TDAYS":0.306178250481,"TOTAL_ASSETS_TDAYS":0.293994992102,"PREMIUM_EXPENSE":null,"LOAN_DEPOSIT":null,"LOAN_EQUITY":null,"LOAN_ASSETS":null,"DEPOSIT_EQUITY":null,"DEPOSIT_ASSETS":null,"EQUITY_MULTIPLIER":5.559485990985,"EQUITY_RATIO":5.674978833286},{"SECUCODE":"00081.HK","SECURITY_CODE":"00081","SECURITY_NAME_ABBR":"中国海外宏洋集团","ORG_CODE":"10007366","STD_REPORT_DATE":"2021-06-30 00:00:00","REPORT_DATE":"2021-06-30 00:00:00","DATE_TYPE_CODE":"002","REPORT_TYPE":"2021年中报","PER_NETCASH_OPERATE":-1.152096239713,"PER_OI":7.518261648031,"BPS":7.376008983816,"BASIC_EPS":0.789,"DILUTED_EPS":0.789,"OPERATE_INCOME":25737715000,"OPERATE_INCOME_YOY":59.7689079608,"GROSS_PROFIT":6062852000,"GROSS_PROFIT_YOY":15.157930525574,"HOLDER_PROFIT":2700143000,"HOLDER_PROFIT_YOY":32.6987230144,"GROSS_PROFIT_RATIO":23.556294721579,"EPS_TTM":1.472271754677,"OPERATE_INCOME_QOQ":22.439028028113,"NET_PROFIT_RATIO":11.6224614345,"ROE_AVG":10.717574034916,"GROSS_PROFIT_QOQ":6.855154046552,"ROA":1.542266023761,"HOLDER_PROFIT_QOQ":15.208839789109,"ROE_YEARLY":21.435148069832,"ROIC_YEARLY":3.527011837099,"TOTAL_ASSETS":182739195000,"TOTAL_LIABILITIES":152926009000,"TAX_EBT":41.286648787167,"OCF_SALES":-15.323971067362,"TOTAL_PARENT_EQUITY":26253980000,"DEBT_ASSET_RATIO":83.685390537,"OPERATE_PROFIT":5111131000,"PRETAX_PROFIT":5094848000,"NETCASH_OPERATE":-3944040000,"NETCASH_INVEST":-236742000,"NETCASH_FINANCE":366647000,"END_CASH":16722631000,"DIVI_RATIO":0.08630512648,"DIVIDEND_RATE":7.52688172043,"CURRENT_RATIO":1.445730903648,"COMMON_ACS":null,"CURRENTDEBT_DEBT":79.388166077099,"ISSUED_COMMON_SHARES":3559374732,"HK_COMMON_SHARES":3559374732,"PER_SHARES":1000,"TOTAL_MARKET_CAP":6620437001.52,"HKSK_MARKET_CAP":6620437001.52,"PE_TTM":4.025645902015,"PB_TTM":0.190497144392,"REPORT_DATE_SQ":"2020-06-30 00:00:00","REPORT_TYPE_SQ":"2020年中报","OPERATE_INCOME_SQ":16109339000,"DPS_HKD":0.14,"OPERATE_INCOME_QOQ_SQ":17.669454280233,"NET_PROFIT_RATIO_SQ":12.920393568,"HOLDER_PROFIT_SQ":2034792000,"HOLDER_PROFIT_QOQ_SQ":13.572050896167,"ROE_AVG_SQ":10.112010034525,"PE_TTM_SQ":3.409191317693,"PB_TTM_SQ":0.259299383302,"ROA_SQ":1.434838227735,"START_DATE":"2021-01-01 00:00:00","FISCAL_YEAR":"12-31","CURRENCY":"HKD","IS_CNY_CODE":0,"DPS_HKD_LY":0.355,"ORG_TYPE":"一般企业","PREMIUM_INCOME":null,"PREMIUM_INCOME_YOY":null,"NET_INTEREST_INCOME":null,"NET_INTEREST_INCOME_YOY":null,"FEE_COMMISSION_INCOME":null,"FEE_COMMISSION_INCOME_YOY":null,"ACCOUNTS_RECE_TDAYS":1.289627336514,"INVENTORY_TDAYS":0.171979506071,"CURRENT_ASSETS_TDAYS":0.152970811734,"TOTAL_ASSETS_TDAYS":0.147008522785,"PREMIUM_EXPENSE":null,"LOAN_DEPOSIT":null,"LOAN_EQUITY":null,"LOAN_ASSETS":null,"DEPOSIT_EQUITY":null,"DEPOSIT_ASSETS":null,"EQUITY_MULTIPLIER":6.129475561569,"EQUITY_RATIO":5.824869562634},{"SECUCODE":"00081.HK","SECURITY_CODE":"00081","SECURITY_NAME_ABBR":"中国海外宏洋集团","ORG_CODE":"10007366","STD_REPORT_DATE":"2020-12-31 00:00:00","REPORT_DATE":"2020-12-31 00:00:00","DATE_TYPE_CODE":"001","REPORT_TYPE":"2020年年报","PER_NETCASH_OPERATE":-0.284953392371,"PER_OI":12.534195057761,"BPS":6.780186638691,"BASIC_EPS":1.278,"DILUTED_EPS":1.278,"OPERATE_INCOME":42909060000,"OPERATE_INCOME_YOY":50.0795201044,"GROSS_PROFIT":11641416000,"GROSS_PROFIT_YOY":22.183070320084,"HOLDER_PROFIT":4374765000,"HOLDER_PROFIT_YOY":31.386910638,"GROSS_PROFIT_RATIO":27.13043818718,"EPS_TTM":1.277915616,"OPERATE_INCOME_QOQ":27.543312767428,"NET_PROFIT_RATIO":10.7299973479,"ROE_AVG":20.031639327238,"GROSS_PROFIT_QOQ":6.636108695144,"ROA":2.901896330596,"HOLDER_PROFIT_QOQ":15.685954071664,"ROE_YEARLY":20.031639327238,"ROIC_YEARLY":3.376359689189,"TOTAL_ASSETS":167413497000,"TOTAL_LIABILITIES":140177115000,"TAX_EBT":51.737729216491,"OCF_SALES":-2.273407993557,"TOTAL_PARENT_EQUITY":24133225000,"DEBT_ASSET_RATIO":83.7310715754,"OPERATE_PROFIT":9564343000,"PRETAX_PROFIT":9539835000,"NETCASH_OPERATE":-975498000,"NETCASH_INVEST":-2578798000,"NETCASH_FINANCE":7384787000,"END_CASH":20543265000,"DIVI_RATIO":0.099431134896,"DIVIDEND_RATE":7.52688172043,"CURRENT_RATIO":1.460995800445,"COMMON_ACS":null,"CURRENTDEBT_DEBT":78.607014418866,"ISSUED_COMMON_SHARES":3559374732,"HK_COMMON_SHARES":3559374732,"PER_SHARES":1000,"TOTAL_MARKET_CAP":6620437001.52,"HKSK_MARKET_CAP":6620437001.52,"PE_TTM":4.025645902015,"PB_TTM":0.190497144392,"REPORT_DATE_SQ":"2019-12-31 00:00:00","REPORT_TYPE_SQ":"2019年年报","OPERATE_INCOME_SQ":28590883000,"DPS_HKD":0.14,"OPERATE_INCOME_QOQ_SQ":18.010339749757,"NET_PROFIT_RATIO_SQ":12.2310353269,"HOLDER_PROFIT_SQ":3329681000,"HOLDER_PROFIT_QOQ_SQ":15.498091272373,"ROE_AVG_SQ":18.202088395021,"PE_TTM_SQ":3.409191317693,"PB_TTM_SQ":0.259299383302,"ROA_SQ":2.638765736892,"START_DATE":"2020-01-01 00:00:00","FISCAL_YEAR":"12-31","CURRENCY":"HKD","IS_CNY_CODE":0,"DPS_HKD_LY":0.265,"ORG_TYPE":"一般企业","PREMIUM_INCOME":null,"PREMIUM_INCOME_YOY":null,"NET_INTEREST_INCOME":null,"NET_INTEREST_INCOME_YOY":null,"FEE_COMMISSION_INCOME":null,"FEE_COMMISSION_INCOME_YOY":null,"ACCOUNTS_RECE_TDAYS":2.740127621478,"INVENTORY_TDAYS":0.322115743918,"CURRENT_ASSETS_TDAYS":0.296598349536,"TOTAL_ASSETS_TDAYS":0.284627045712,"PREMIUM_EXPENSE":null,"LOAN_DEPOSIT":null,"LOAN_EQUITY":null,"LOAN_ASSETS":null,"DEPOSIT_EQUITY":null,"DEPOSIT_ASSETS":null,"EQUITY_MULTIPLIER":6.146686332997,"EQUITY_RATIO":5.808470065646},{"SECUCODE":"00081.HK","SECURITY_CODE":"00081","SECURITY_NAME_ABBR":"中国海外宏洋集团","ORG_CODE":"10007366","STD_REPORT_DATE":"2020-06-30 00:00:00","REPORT_DATE":"2020-06-30 00:00:00","DATE_TYPE_CODE":"002","REPORT_TYPE":"2020年中报","PER_NETCASH_OPERATE":-0.80816482301,"PER_OI":4.705710105922,"BPS":5.815551763601,"BASIC_EPS":0.594,"DILUTED_EPS":0.594,"OPERATE_INCOME":16109339000,"OPERATE_INCOME_YOY":45.6871751861,"GROSS_PROFIT":5264815000,"GROSS_PROFIT_YOY":35.841409064204,"HOLDER_PROFIT":2034792000,"HOLDER_PROFIT_YOY":28.5494975633,"GROSS_PROFIT_RATIO":32.681756836826,"EPS_TTM":1.10464198204,"OPERATE_INCOME_QOQ":17.669454280233,"NET_PROFIT_RATIO":12.920393568,"ROE_AVG":10.112010034525,"GROSS_PROFIT_QOQ":14.579453259482,"ROA":1.434838227735,"HOLDER_PROFIT_QOQ":13.572050896167,"ROE_YEARLY":20.22402006905,"ROIC_YEARLY":3.315692318643,"TOTAL_ASSETS":149529404000,"TOTAL_LIABILITIES":126490597000,"TAX_EBT":52.398213929593,"OCF_SALES":-17.174131104945,"TOTAL_PARENT_EQUITY":20699728000,"DEBT_ASSET_RATIO":84.5924571464,"OPERATE_PROFIT":4401312000,"PRETAX_PROFIT":4372504000,"NETCASH_OPERATE":-2766639000,"NETCASH_INVEST":-257875000,"NETCASH_FINANCE":3319439000,"END_CASH":17090019000,"DIVI_RATIO":0.115027857049,"DIVIDEND_RATE":8.235294117647,"CURRENT_RATIO":1.403688193397,"COMMON_ACS":null,"CURRENTDEBT_DEBT":80.973710638744,"ISSUED_COMMON_SHARES":3559374732,"HK_COMMON_SHARES":3559374732,"PER_SHARES":1000,"TOTAL_MARKET_CAP":6050937044.4,"HKSK_MARKET_CAP":6050937044.4,"PE_TTM":3.679353781412,"PB_TTM":0.174110293262,"REPORT_DATE_SQ":"2019-06-30 00:00:00","REPORT_TYPE_SQ":"2019年中报","OPERATE_INCOME_SQ":11057486000,"DPS_HKD":0.14,"OPERATE_INCOME_QOQ_SQ":8.13128138059,"NET_PROFIT_RATIO_SQ":14.7593085436,"HOLDER_PROFIT_SQ":1582886000,"HOLDER_PROFIT_QOQ_SQ":35.54904563162,"ROE_AVG_SQ":9.701446031937,"PE_TTM_SQ":3.099264834267,"PB_TTM_SQ":0.235726712093,"ROA_SQ":1.484890047922,"START_DATE":"2020-01-01 00:00:00","FISCAL_YEAR":"12-31","CURRENCY":"HKD","IS_CNY_CODE":0,"DPS_HKD_LY":0.265,"ORG_TYPE":"一般企业","PREMIUM_INCOME":null,"PREMIUM_INCOME_YOY":null,"NET_INTEREST_INCOME":null,"NET_INTEREST_INCOME_YOY":null,"FEE_COMMISSION_INCOME":null,"FEE_COMMISSION_INCOME_YOY":null,"ACCOUNTS_RECE_TDAYS":1.059503005616,"INVENTORY_TDAYS":0.119329074219,"CURRENT_ASSETS_TDAYS":0.118395740824,"TOTAL_ASSETS_TDAYS":0.113595372012,"PREMIUM_EXPENSE":null,"LOAN_DEPOSIT":null,"LOAN_EQUITY":null,"LOAN_ASSETS":null,"DEPOSIT_EQUITY":null,"DEPOSIT_ASSETS":null,"EQUITY_MULTIPLIER":6.490327559052,"EQUITY_RATIO":6.11073715558}],"count":51},"success":true,"message":"ok","code":0}