{"version":"c0fe307866e58f99d731f11958a6785f","result":{"pages":6,"data":[{"SECUCODE":"00088.HK","SECURITY_CODE":"00088","SECURITY_NAME_ABBR":"TAI CHEUNG HOLD","ORG_CODE":"10007373","STD_REPORT_DATE":"2024-06-30 00:00:00","REPORT_DATE":"2024-09-30 00:00:00","DATE_TYPE_CODE":"002","REPORT_TYPE":"2024年中报","PER_NETCASH_OPERATE":-0.179180570446,"PER_OI":0.017231709301,"BPS":9.347472138766,"BASIC_EPS":0.05320561,"DILUTED_EPS":0.05320561,"OPERATE_INCOME":10641122,"OPERATE_INCOME_YOY":-87.4734607219,"GROSS_PROFIT":2164296,"GROSS_PROFIT_YOY":-87.181676426371,"HOLDER_PROFIT":33005514,"HOLDER_PROFIT_YOY":2.5210084034,"GROSS_PROFIT_RATIO":20.338983050848,"EPS_TTM":0.109954882053,"OPERATE_INCOME_QOQ":0,"NET_PROFIT_RATIO":310.1694915254,"ROE_AVG":0.570009110801,"GROSS_PROFIT_QOQ":0,"ROA":0.547658237319,"HOLDER_PROFIT_QOQ":0,"ROE_YEARLY":1.140018221603,"ROIC_YEARLY":1.328361052889,"TOTAL_ASSETS":6043435864,"TOTAL_LIABILITIES":271078074,"TAX_EBT":1.081081081081,"OCF_SALES":-1039.83050847458,"TOTAL_PARENT_EQUITY":5772357790,"DEBT_ASSET_RATIO":4.485496001,"OPERATE_PROFIT":8025931,"PRETAX_PROFIT":33366230,"NETCASH_OPERATE":-110649633,"NETCASH_INVEST":44277889,"NETCASH_FINANCE":-39227865,"END_CASH":905487339,"DIVI_RATIO":1.973544020493,"DIVIDEND_RATE":8.219178082192,"CURRENT_RATIO":26.943013929928,"COMMON_ACS":1000000000,"CURRENTDEBT_DEBT":78.809048569528,"ISSUED_COMMON_SHARES":617531425,"HK_COMMON_SHARES":617531425,"PER_SHARES":1000,"TOTAL_MARKET_CAP":1803191761,"HKSK_MARKET_CAP":1803191761,"PE_TTM":23.788809511873,"PB_TTM":0.281704696297,"REPORT_DATE_SQ":"2023-06-30 00:00:00","REPORT_TYPE_SQ":"2023年中报","OPERATE_INCOME_SQ":86440746,"DPS_HKD":0.24,"OPERATE_INCOME_QOQ_SQ":0,"NET_PROFIT_RATIO_SQ":37.898089172,"HOLDER_PROFIT_SQ":32759391,"HOLDER_PROFIT_QOQ_SQ":0,"ROE_AVG_SQ":0.549801717168,"PE_TTM_SQ":41.759297182377,"PB_TTM_SQ":0.314668123668,"ROA_SQ":0.53154266486,"START_DATE":"2024-04-01 00:00:00","FISCAL_YEAR":"3-31","CURRENCY":"HKD","IS_CNY_CODE":0,"DPS_HKD_LY":0.24,"ORG_TYPE":"一般企业","PREMIUM_INCOME":null,"PREMIUM_INCOME_YOY":null,"NET_INTEREST_INCOME":null,"NET_INTEREST_INCOME_YOY":null,"FEE_COMMISSION_INCOME":null,"FEE_COMMISSION_INCOME_YOY":null,"ACCOUNTS_RECE_TDAYS":0.398648648649,"INVENTORY_TDAYS":0.001833091196,"CURRENT_ASSETS_TDAYS":0.001850719114,"TOTAL_ASSETS_TDAYS":0.001765674098,"PREMIUM_EXPENSE":null,"LOAN_DEPOSIT":null,"LOAN_EQUITY":null,"LOAN_ASSETS":null,"DEPOSIT_EQUITY":null,"DEPOSIT_ASSETS":null,"EQUITY_MULTIPLIER":1.04696141228,"EQUITY_RATIO":0.046961412279},{"SECUCODE":"00088.HK","SECURITY_CODE":"00088","SECURITY_NAME_ABBR":"TAI CHEUNG HOLD","ORG_CODE":"10007373","STD_REPORT_DATE":"2023-12-31 00:00:00","REPORT_DATE":"2024-03-31 00:00:00","DATE_TYPE_CODE":"001","REPORT_TYPE":"2023年年报","PER_NETCASH_OPERATE":-0.148857477172,"PER_OI":0.178658333056,"BPS":9.455385845344,"BASIC_EPS":0.10969255,"DILUTED_EPS":0.10969255,"OPERATE_INCOME":110327135,"OPERATE_INCOME_YOY":83.5595776772,"GROSS_PROFIT":20850650,"GROSS_PROFIT_YOY":176.955276504325,"HOLDER_PROFIT":67900595,"HOLDER_PROFIT_YOY":474.5,"GROSS_PROFIT_RATIO":18.898931799507,"EPS_TTM":0.07317547443,"OPERATE_INCOME_QOQ":0,"NET_PROFIT_RATIO":61.5447822514,"ROE_AVG":1.156649576873,"GROSS_PROFIT_QOQ":0,"ROA":1.114757514195,"HOLDER_PROFIT_QOQ":0,"ROE_YEARLY":1.156649576873,"ROIC_YEARLY":1.383667550317,"TOTAL_ASSETS":6041611820,"TOTAL_LIABILITIES":202613925,"TAX_EBT":1.05680317041,"OCF_SALES":-83.319638455218,"TOTAL_PARENT_EQUITY":5838997895,"DEBT_ASSET_RATIO":3.3536402377,"OPERATE_PROFIT":18674930,"PRETAX_PROFIT":68625835,"NETCASH_OPERATE":-91924170,"NETCASH_INVEST":130361890,"NETCASH_FINANCE":-202523270,"END_CASH":1016423860,"DIVI_RATIO":4.470301047539,"DIVIDEND_RATE":12.328767123288,"CURRENT_RATIO":33.34554973822,"COMMON_ACS":1000000000,"CURRENTDEBT_DEBT":85.458612975392,"ISSUED_COMMON_SHARES":617531425,"HK_COMMON_SHARES":617531425,"PER_SHARES":1000,"TOTAL_MARKET_CAP":1803191761,"HKSK_MARKET_CAP":1803191761,"PE_TTM":23.788809511873,"PB_TTM":0.281704696297,"REPORT_DATE_SQ":"2022-12-31 00:00:00","REPORT_TYPE_SQ":"2022年年报","OPERATE_INCOME_SQ":58039683,"DPS_HKD":0.36,"OPERATE_INCOME_QOQ_SQ":0,"NET_PROFIT_RATIO_SQ":-30.1659125189,"HOLDER_PROFIT_SQ":-17508200,"HOLDER_PROFIT_QOQ_SQ":0,"ROE_AVG_SQ":-0.303338237302,"PE_TTM_SQ":40.493863934426,"PB_TTM_SQ":0.305132725981,"ROA_SQ":-0.290942946088,"START_DATE":"2023-04-01 00:00:00","FISCAL_YEAR":"3-31","CURRENCY":"HKD","IS_CNY_CODE":0,"DPS_HKD_LY":0.24,"ORG_TYPE":"一般企业","PREMIUM_INCOME":null,"PREMIUM_INCOME_YOY":null,"NET_INTEREST_INCOME":null,"NET_INTEREST_INCOME_YOY":null,"FEE_COMMISSION_INCOME":null,"FEE_COMMISSION_INCOME_YOY":null,"ACCOUNTS_RECE_TDAYS":5.200854700855,"INVENTORY_TDAYS":0.019670170893,"CURRENT_ASSETS_TDAYS":0.019039722148,"TOTAL_ASSETS_TDAYS":0.018112949196,"PREMIUM_EXPENSE":null,"LOAN_DEPOSIT":null,"LOAN_EQUITY":null,"LOAN_ASSETS":null,"DEPOSIT_EQUITY":null,"DEPOSIT_ASSETS":null,"EQUITY_MULTIPLIER":1.034700119549,"EQUITY_RATIO":0.034700119549},{"SECUCODE":"00088.HK","SECURITY_CODE":"00088","SECURITY_NAME_ABBR":"TAI CHEUNG HOLD","ORG_CODE":"10007373","STD_REPORT_DATE":"2023-06-30 00:00:00","REPORT_DATE":"2023-09-30 00:00:00","DATE_TYPE_CODE":"002","REPORT_TYPE":"2023年中报","PER_NETCASH_OPERATE":0.011739122426,"PER_OI":0.139977890194,"BPS":9.623405652595,"BASIC_EPS":0.05322254,"DILUTED_EPS":0.05322254,"OPERATE_INCOME":86440746,"OPERATE_INCOME_YOY":429.2134831461,"GROSS_PROFIT":16884392,"GROSS_PROFIT_YOY":1455.69486827945,"HOLDER_PROFIT":32759391,"HOLDER_PROFIT_YOY":207.8549848943,"GROSS_PROFIT_RATIO":19.532908704883,"EPS_TTM":-0.028351917475,"OPERATE_INCOME_QOQ":0,"NET_PROFIT_RATIO":37.898089172,"ROE_AVG":0.549801717168,"GROSS_PROFIT_QOQ":0,"ROA":0.53154266486,"HOLDER_PROFIT_QOQ":0,"ROE_YEARLY":1.099603434336,"ROIC_YEARLY":1.323410841219,"TOTAL_ASSETS":6110589933,"TOTAL_LIABILITIES":167834527,"TAX_EBT":1.652892561983,"OCF_SALES":8.386411889597,"TOTAL_PARENT_EQUITY":5942755406,"DEBT_ASSET_RATIO":2.7466174108,"OPERATE_PROFIT":8533959,"PRETAX_PROFIT":33309969,"NETCASH_OPERATE":7249277,"NETCASH_INVEST":25234825,"NETCASH_FINANCE":-153427736,"END_CASH":1073994152,"DIVI_RATIO":-11.537716991631,"DIVIDEND_RATE":12.328767123288,"CURRENT_RATIO":38.014285714286,"COMMON_ACS":1000000000,"CURRENTDEBT_DEBT":91.853471842537,"ISSUED_COMMON_SHARES":617531425,"HK_COMMON_SHARES":617531425,"PER_SHARES":1000,"TOTAL_MARKET_CAP":1803191761,"HKSK_MARKET_CAP":1803191761,"PE_TTM":23.788809511873,"PB_TTM":0.281704696297,"REPORT_DATE_SQ":"2022-06-30 00:00:00","REPORT_TYPE_SQ":"2022年中报","OPERATE_INCOME_SQ":16099032,"DPS_HKD":0.36,"OPERATE_INCOME_QOQ_SQ":0,"NET_PROFIT_RATIO_SQ":-185.9550561798,"HOLDER_PROFIT_SQ":-29936964,"HOLDER_PROFIT_QOQ_SQ":0,"ROE_AVG_SQ":-0.499769743547,"PE_TTM_SQ":40.493863934426,"PB_TTM_SQ":0.305132725981,"ROA_SQ":-0.478109517413,"START_DATE":"2023-04-01 00:00:00","FISCAL_YEAR":"3-31","CURRENCY":"HKD","IS_CNY_CODE":0,"DPS_HKD_LY":0.24,"ORG_TYPE":"一般企业","PREMIUM_INCOME":null,"PREMIUM_INCOME_YOY":null,"NET_INTEREST_INCOME":null,"NET_INTEREST_INCOME_YOY":null,"FEE_COMMISSION_INCOME":null,"FEE_COMMISSION_INCOME_YOY":null,"ACCOUNTS_RECE_TDAYS":4.113537117904,"INVENTORY_TDAYS":0.015252122822,"CURRENT_ASSETS_TDAYS":0.014717370247,"TOTAL_ASSETS_TDAYS":0.01402557956,"PREMIUM_EXPENSE":null,"LOAN_DEPOSIT":null,"LOAN_EQUITY":null,"LOAN_ASSETS":null,"DEPOSIT_EQUITY":null,"DEPOSIT_ASSETS":null,"EQUITY_MULTIPLIER":1.028241870233,"EQUITY_RATIO":0.028241870233},{"SECUCODE":"00088.HK","SECURITY_CODE":"00088","SECURITY_NAME_ABBR":"TAI CHEUNG HOLD","ORG_CODE":"10007373","STD_REPORT_DATE":"2022-12-31 00:00:00","REPORT_DATE":"2023-03-31 00:00:00","DATE_TYPE_CODE":"001","REPORT_TYPE":"2022年年报","PER_NETCASH_OPERATE":-0.215191053637,"PER_OI":0.093986606431,"BPS":9.22897441697,"BASIC_EPS":-0.02801312,"DILUTED_EPS":-0.02801312,"OPERATE_INCOME":58039683,"OPERATE_INCOME_YOY":-49.7346474602,"GROSS_PROFIT":7528526,"GROSS_PROFIT_YOY":209.430052239389,"HOLDER_PROFIT":-17508200,"HOLDER_PROFIT_YOY":-789.6551724138,"GROSS_PROFIT_RATIO":12.971342383107,"EPS_TTM":-0.097686191436,"OPERATE_INCOME_QOQ":0,"NET_PROFIT_RATIO":-30.1659125189,"ROE_AVG":-0.303338237302,"GROSS_PROFIT_QOQ":0,"ROA":-0.290942946088,"HOLDER_PROFIT_QOQ":0,"ROE_YEARLY":-0.303338237302,"ROIC_YEARLY":-0.376141353921,"TOTAL_ASSETS":5929589635,"TOTAL_LIABILITIES":230407912,"TAX_EBT":-2.040816326531,"OCF_SALES":-228.9592760181,"TOTAL_PARENT_EQUITY":5699181723,"DEBT_ASSET_RATIO":3.8857311582,"OPERATE_PROFIT":-24511480,"PRETAX_PROFIT":-17158036,"NETCASH_OPERATE":-132887238,"NETCASH_INVEST":-30814432,"NETCASH_FINANCE":-142779371,"END_CASH":1139958902,"DIVI_RATIO":-3.348645240366,"DIVIDEND_RATE":12.328767123288,"CURRENT_RATIO":26.420098846788,"COMMON_ACS":1000000000,"CURRENTDEBT_DEBT":92.249240121581,"ISSUED_COMMON_SHARES":617531425,"HK_COMMON_SHARES":617531425,"PER_SHARES":1000,"TOTAL_MARKET_CAP":1803191761,"HKSK_MARKET_CAP":1803191761,"PE_TTM":23.788809511873,"PB_TTM":0.281704696297,"REPORT_DATE_SQ":"2021-12-31 00:00:00","REPORT_TYPE_SQ":"2021年年报","OPERATE_INCOME_SQ":106972219,"DPS_HKD":0.36,"OPERATE_INCOME_QOQ_SQ":0,"NET_PROFIT_RATIO_SQ":2.1986353298,"HOLDER_PROFIT_SQ":2351929,"HOLDER_PROFIT_QOQ_SQ":0,"ROE_AVG_SQ":0.042965509067,"PE_TTM_SQ":40.493863934426,"PB_TTM_SQ":0.305132725981,"ROA_SQ":0.041008816896,"START_DATE":"2022-04-01 00:00:00","FISCAL_YEAR":"3-31","CURRENCY":"HKD","IS_CNY_CODE":0,"DPS_HKD_LY":0.24,"ORG_TYPE":"一般企业","PREMIUM_INCOME":null,"PREMIUM_INCOME_YOY":null,"NET_INTEREST_INCOME":null,"NET_INTEREST_INCOME_YOY":null,"FEE_COMMISSION_INCOME":null,"FEE_COMMISSION_INCOME_YOY":null,"ACCOUNTS_RECE_TDAYS":4.361842105263,"INVENTORY_TDAYS":0.011713357694,"CURRENT_ASSETS_TDAYS":0.010110174984,"TOTAL_ASSETS_TDAYS":0.009644758663,"PREMIUM_EXPENSE":null,"LOAN_DEPOSIT":null,"LOAN_EQUITY":null,"LOAN_ASSETS":null,"DEPOSIT_EQUITY":null,"DEPOSIT_ASSETS":null,"EQUITY_MULTIPLIER":1.040428244474,"EQUITY_RATIO":0.040428244474},{"SECUCODE":"00088.HK","SECURITY_CODE":"00088","SECURITY_NAME_ABBR":"TAI CHEUNG HOLD","ORG_CODE":"10007373","STD_REPORT_DATE":"2022-06-30 00:00:00","REPORT_DATE":"2022-09-30 00:00:00","DATE_TYPE_CODE":"002","REPORT_TYPE":"2022年中报","PER_NETCASH_OPERATE":-0.155248196478,"PER_OI":0.026069980163,"BPS":9.622166049282,"BASIC_EPS":-0.04883976,"DILUTED_EPS":-0.04883976,"OPERATE_INCOME":16099032,"OPERATE_INCOME_YOY":-80.244173141,"GROSS_PROFIT":1085328,"GROSS_PROFIT_YOY":-84.6726949969,"HOLDER_PROFIT":-29936964,"HOLDER_PROFIT_YOY":-184.2239185751,"GROSS_PROFIT_RATIO":6.741573033708,"EPS_TTM":0.003808598081,"OPERATE_INCOME_QOQ":0,"NET_PROFIT_RATIO":-185.9550561798,"ROE_AVG":-0.499769743547,"GROSS_PROFIT_QOQ":0,"ROA":-0.478109517413,"HOLDER_PROFIT_QOQ":0,"ROE_YEARLY":-0.999539487094,"ROIC_YEARLY":-1.247714721903,"TOTAL_ASSETS":6214678572,"TOTAL_LIABILITIES":272688660,"TAX_EBT":-0.914634146341,"OCF_SALES":-595.505617977528,"TOTAL_PARENT_EQUITY":5941989912,"DEBT_ASSET_RATIO":4.3878159882,"OPERATE_PROFIT":-30931848,"PRETAX_PROFIT":-29665632,"NETCASH_OPERATE":-95870640,"NETCASH_INVEST":-56165724,"NETCASH_FINANCE":-53542848,"END_CASH":1288827000,"DIVI_RATIO":85.888926337857,"DIVIDEND_RATE":12.328767123288,"CURRENT_RATIO":23.636198766776,"COMMON_ACS":1000000000,"CURRENTDEBT_DEBT":91.442786069652,"ISSUED_COMMON_SHARES":617531425,"HK_COMMON_SHARES":617531425,"PER_SHARES":1000,"TOTAL_MARKET_CAP":1803191761,"HKSK_MARKET_CAP":1803191761,"PE_TTM":23.788809511873,"PB_TTM":0.281704696297,"REPORT_DATE_SQ":"2021-06-30 00:00:00","REPORT_TYPE_SQ":"2021年中报","OPERATE_INCOME_SQ":75058706,"DPS_HKD":0.36,"OPERATE_INCOME_QOQ_SQ":0,"NET_PROFIT_RATIO_SQ":43.6182019978,"HOLDER_PROFIT_SQ":32739258,"HOLDER_PROFIT_QOQ_SQ":0,"ROE_AVG_SQ":0.577457131522,"PE_TTM_SQ":40.493863934426,"PB_TTM_SQ":0.305132725981,"ROA_SQ":0.551196011192,"START_DATE":"2022-04-01 00:00:00","FISCAL_YEAR":"3-31","CURRENCY":"HKD","IS_CNY_CODE":0,"DPS_HKD_LY":0.24,"ORG_TYPE":"一般企业","PREMIUM_INCOME":null,"PREMIUM_INCOME_YOY":null,"NET_INTEREST_INCOME":null,"NET_INTEREST_INCOME_YOY":null,"FEE_COMMISSION_INCOME":null,"FEE_COMMISSION_INCOME_YOY":null,"ACCOUNTS_RECE_TDAYS":1.358778625954,"INVENTORY_TDAYS":0.003375355836,"CURRENT_ASSETS_TDAYS":0.002693460037,"TOTAL_ASSETS_TDAYS":0.002571102541,"PREMIUM_EXPENSE":null,"LOAN_DEPOSIT":null,"LOAN_EQUITY":null,"LOAN_ASSETS":null,"DEPOSIT_EQUITY":null,"DEPOSIT_ASSETS":null,"EQUITY_MULTIPLIER":1.045891807969,"EQUITY_RATIO":0.04589180797},{"SECUCODE":"00088.HK","SECURITY_CODE":"00088","SECURITY_NAME_ABBR":"TAI CHEUNG HOLD","ORG_CODE":"10007373","STD_REPORT_DATE":"2021-12-31 00:00:00","REPORT_DATE":"2022-03-31 00:00:00","DATE_TYPE_CODE":"001","REPORT_TYPE":"2021年年报","PER_NETCASH_OPERATE":-0.144858058033,"PER_OI":0.173225547186,"BPS":8.768049436512,"BASIC_EPS":0.00405505,"DILUTED_EPS":0.00405505,"OPERATE_INCOME":106972219,"OPERATE_INCOME_YOY":78.7262872629,"GROSS_PROFIT":2433030,"GROSS_PROFIT_YOY":-12.766296152084,"HOLDER_PROFIT":2351929,"HOLDER_PROFIT_YOY":110.2836879433,"GROSS_PROFIT_RATIO":2.274450341168,"EPS_TTM":0.029503946297,"OPERATE_INCOME_QOQ":0,"NET_PROFIT_RATIO":2.1986353298,"ROE_AVG":0.042965509067,"GROSS_PROFIT_QOQ":0,"ROA":0.041008816896,"HOLDER_PROFIT_QOQ":0,"ROE_YEARLY":0.042965509067,"ROIC_YEARLY":0.055951071752,"TOTAL_ASSETS":5656713649,"TOTAL_LIABILITIES":242167586,"TAX_EBT":12.121212121212,"OCF_SALES":-83.623957543594,"TOTAL_PARENT_EQUITY":5414546063,"DEBT_ASSET_RATIO":4.2810649615,"OPERATE_PROFIT":-10543130,"PRETAX_PROFIT":2676333,"NETCASH_OPERATE":-89454403,"NETCASH_INVEST":-3973949,"NETCASH_FINANCE":-172745130,"END_CASH":1340031823,"DIVI_RATIO":11.087208358688,"DIVIDEND_RATE":12.328767123288,"CURRENT_RATIO":39.790380047506,"COMMON_ACS":1000000000,"CURRENTDEBT_DEBT":56.396517079705,"ISSUED_COMMON_SHARES":617531425,"HK_COMMON_SHARES":617531425,"PER_SHARES":1000,"TOTAL_MARKET_CAP":1803191761,"HKSK_MARKET_CAP":1803191761,"PE_TTM":23.788809511873,"PB_TTM":0.281704696297,"REPORT_DATE_SQ":"2020-12-31 00:00:00","REPORT_TYPE_SQ":"2020年年报","OPERATE_INCOME_SQ":62374284,"DPS_HKD":0.36,"OPERATE_INCOME_QOQ_SQ":0,"NET_PROFIT_RATIO_SQ":-38.2113821138,"HOLDER_PROFIT_SQ":-23834076,"HOLDER_PROFIT_QOQ_SQ":0,"ROE_AVG_SQ":-0.40812782216,"PE_TTM_SQ":40.493863934426,"PB_TTM_SQ":0.305132725981,"ROA_SQ":-0.38532222913,"START_DATE":"2021-04-01 00:00:00","FISCAL_YEAR":"3-31","CURRENCY":"HKD","IS_CNY_CODE":0,"DPS_HKD_LY":0.24,"ORG_TYPE":"一般企业","PREMIUM_INCOME":null,"PREMIUM_INCOME_YOY":null,"NET_INTEREST_INCOME":null,"NET_INTEREST_INCOME_YOY":null,"FEE_COMMISSION_INCOME":null,"FEE_COMMISSION_INCOME_YOY":null,"ACCOUNTS_RECE_TDAYS":13.528205128205,"INVENTORY_TDAYS":0.026622605463,"CURRENT_ASSETS_TDAYS":0.019416475299,"TOTAL_ASSETS_TDAYS":0.018651941202,"PREMIUM_EXPENSE":null,"LOAN_DEPOSIT":null,"LOAN_EQUITY":null,"LOAN_ASSETS":null,"DEPOSIT_EQUITY":null,"DEPOSIT_ASSETS":null,"EQUITY_MULTIPLIER":1.044725371838,"EQUITY_RATIO":0.044725371838},{"SECUCODE":"00088.HK","SECURITY_CODE":"00088","SECURITY_NAME_ABBR":"TAI CHEUNG HOLD","ORG_CODE":"10007373","STD_REPORT_DATE":"2021-06-30 00:00:00","REPORT_DATE":"2021-09-30 00:00:00","DATE_TYPE_CODE":"002","REPORT_TYPE":"2021年中报","PER_NETCASH_OPERATE":-0.008768606391,"PER_OI":0.121546374745,"BPS":9.157797613296,"BASIC_EPS":0.05331584,"DILUTED_EPS":0.05331584,"OPERATE_INCOME":75058706,"OPERATE_INCOME_YOY":436.3095238095,"GROSS_PROFIT":7081010,"GROSS_PROFIT_YOY":3929.16173525127,"HOLDER_PROFIT":32739258,"HOLDER_PROFIT_YOY":470.7547169811,"GROSS_PROFIT_RATIO":9.433962264151,"EPS_TTM":-0.038595729764,"OPERATE_INCOME_QOQ":0,"NET_PROFIT_RATIO":43.6182019978,"ROE_AVG":0.577457131522,"GROSS_PROFIT_QOQ":0,"ROA":0.551196011192,"HOLDER_PROFIT_QOQ":0,"ROE_YEARLY":1.154914263044,"ROIC_YEARLY":1.52652482545,"TOTAL_ASSETS":5907644990,"TOTAL_LIABILITIES":252417180,"TAX_EBT":0.253807106599,"OCF_SALES":-7.214206437292,"TOTAL_PARENT_EQUITY":5655227810,"DEBT_ASSET_RATIO":4.272720863,"OPERATE_PROFIT":31239750,"PRETAX_PROFIT":32822564,"NETCASH_OPERATE":-5414890,"NETCASH_INVEST":3915382,"NETCASH_FINANCE":-116128564,"END_CASH":1532163952,"DIVI_RATIO":-8.475455756408,"DIVIDEND_RATE":12.328767123288,"CURRENT_RATIO":28.955527318933,"COMMON_ACS":1000000000,"CURRENTDEBT_DEBT":77.920792079208,"ISSUED_COMMON_SHARES":617531425,"HK_COMMON_SHARES":617531425,"PER_SHARES":1000,"TOTAL_MARKET_CAP":1803191761,"HKSK_MARKET_CAP":1803191761,"PE_TTM":23.788809511873,"PB_TTM":0.281704696297,"REPORT_DATE_SQ":"2020-06-30 00:00:00","REPORT_TYPE_SQ":"2020年中报","OPERATE_INCOME_SQ":14762496,"DPS_HKD":0.36,"OPERATE_INCOME_QOQ_SQ":0,"NET_PROFIT_RATIO_SQ":-63.0952380952,"HOLDER_PROFIT_SQ":-9314432,"HOLDER_PROFIT_QOQ_SQ":0,"ROE_AVG_SQ":-0.152431351965,"PE_TTM_SQ":40.493863934426,"PB_TTM_SQ":0.305132725981,"ROA_SQ":-0.143221953493,"START_DATE":"2021-04-01 00:00:00","FISCAL_YEAR":"3-31","CURRENCY":"HKD","IS_CNY_CODE":0,"DPS_HKD_LY":0.24,"ORG_TYPE":"一般企业","PREMIUM_INCOME":null,"PREMIUM_INCOME_YOY":null,"NET_INTEREST_INCOME":null,"NET_INTEREST_INCOME_YOY":null,"FEE_COMMISSION_INCOME":null,"FEE_COMMISSION_INCOME_YOY":null,"ACCOUNTS_RECE_TDAYS":7.355102040816,"INVENTORY_TDAYS":0.016984784464,"CURRENT_ASSETS_TDAYS":0.013132100772,"TOTAL_ASSETS_TDAYS":0.01263683476,"PREMIUM_EXPENSE":null,"LOAN_DEPOSIT":null,"LOAN_EQUITY":null,"LOAN_ASSETS":null,"DEPOSIT_EQUITY":null,"DEPOSIT_ASSETS":null,"EQUITY_MULTIPLIER":1.044634308021,"EQUITY_RATIO":0.044634308021},{"SECUCODE":"00088.HK","SECURITY_CODE":"00088","SECURITY_NAME_ABBR":"TAI CHEUNG HOLD","ORG_CODE":"10007373","STD_REPORT_DATE":"2020-12-31 00:00:00","REPORT_DATE":"2021-03-31 00:00:00","DATE_TYPE_CODE":"001","REPORT_TYPE":"2020年年报","PER_NETCASH_OPERATE":-1.883526358193,"PER_OI":0.101005845978,"BPS":9.338113638508,"BASIC_EPS":-0.03887828,"DILUTED_EPS":-0.03887828,"OPERATE_INCOME":62374284,"OPERATE_INCOME_YOY":71.6279069767,"GROSS_PROFIT":2789094,"GROSS_PROFIT_YOY":608.754514610923,"HOLDER_PROFIT":-23834076,"HOLDER_PROFIT_YOY":-122.6142742582,"GROSS_PROFIT_RATIO":4.471544715447,"EPS_TTM":0.06659167831,"OPERATE_INCOME_QOQ":0,"NET_PROFIT_RATIO":-38.2113821138,"ROE_AVG":-0.40812782216,"GROSS_PROFIT_QOQ":0,"ROA":-0.38532222913,"HOLDER_PROFIT_QOQ":0,"ROE_YEARLY":-0.40812782216,"ROIC_YEARLY":-0.62819527517,"TOTAL_ASSETS":6058588312,"TOTAL_LIABILITIES":292009690,"TAX_EBT":2.758620689655,"OCF_SALES":-1864.76964769648,"TOTAL_PARENT_EQUITY":5766578622,"DEBT_ASSET_RATIO":4.8197645221,"OPERATE_PROFIT":-24172148,"PRETAX_PROFIT":-24510220,"NETCASH_OPERATE":-1163136716,"NETCASH_INVEST":43273216,"NETCASH_FINANCE":-200476696,"END_CASH":1673794472,"DIVI_RATIO":4.91227144744,"DIVIDEND_RATE":12.328767123288,"CURRENT_RATIO":23.500682593857,"COMMON_ACS":1000000000,"CURRENTDEBT_DEBT":84.804630969609,"ISSUED_COMMON_SHARES":617531425,"HK_COMMON_SHARES":617531425,"PER_SHARES":1000,"TOTAL_MARKET_CAP":1803191761,"HKSK_MARKET_CAP":1803191761,"PE_TTM":23.788809511873,"PB_TTM":0.281704696297,"REPORT_DATE_SQ":"2019-12-31 00:00:00","REPORT_TYPE_SQ":"2019年年报","OPERATE_INCOME_SQ":39289100,"DPS_HKD":0.36,"OPERATE_INCOME_QOQ_SQ":0,"NET_PROFIT_RATIO_SQ":290,"HOLDER_PROFIT_SQ":113938390,"HOLDER_PROFIT_QOQ_SQ":0,"ROE_AVG_SQ":1.77094206449,"PE_TTM_SQ":40.493863934426,"PB_TTM_SQ":0.305132725981,"ROA_SQ":1.652137046557,"START_DATE":"2020-04-01 00:00:00","FISCAL_YEAR":"3-31","CURRENCY":"HKD","IS_CNY_CODE":0,"DPS_HKD_LY":0.24,"ORG_TYPE":"一般企业","PREMIUM_INCOME":null,"PREMIUM_INCOME_YOY":null,"NET_INTEREST_INCOME":null,"NET_INTEREST_INCOME_YOY":null,"FEE_COMMISSION_INCOME":null,"FEE_COMMISSION_INCOME_YOY":null,"ACCOUNTS_RECE_TDAYS":4.953020134228,"INVENTORY_TDAYS":0.0169607737,"CURRENT_ASSETS_TDAYS":0.01047960524,"TOTAL_ASSETS_TDAYS":0.01008396472,"PREMIUM_EXPENSE":null,"LOAN_DEPOSIT":null,"LOAN_EQUITY":null,"LOAN_ASSETS":null,"DEPOSIT_EQUITY":null,"DEPOSIT_ASSETS":null,"EQUITY_MULTIPLIER":1.050638291636,"EQUITY_RATIO":0.050638291636},{"SECUCODE":"00088.HK","SECURITY_CODE":"00088","SECURITY_NAME_ABBR":"TAI CHEUNG HOLD","ORG_CODE":"10007373","STD_REPORT_DATE":"2020-06-30 00:00:00","REPORT_DATE":"2020-09-30 00:00:00","DATE_TYPE_CODE":"002","REPORT_TYPE":"2020年中报","PER_NETCASH_OPERATE":-1.959125717367,"PER_OI":0.023905659538,"BPS":9.834902170363,"BASIC_EPS":-0.01493824,"DILUTED_EPS":-0.01493824,"OPERATE_INCOME":14762496,"OPERATE_INCOME_YOY":-29.7071129707,"GROSS_PROFIT":175744,"GROSS_PROFIT_YOY":-91.528870546601,"HOLDER_PROFIT":-9314432,"HOLDER_PROFIT_YOY":-115.0568181818,"GROSS_PROFIT_RATIO":1.190476190476,"EPS_TTM":0.184506221687,"OPERATE_INCOME_QOQ":0,"NET_PROFIT_RATIO":-63.0952380952,"ROE_AVG":-0.152431351965,"GROSS_PROFIT_QOQ":0,"ROA":-0.143221953493,"HOLDER_PROFIT_QOQ":0,"ROE_YEARLY":-0.304862703931,"ROIC_YEARLY":-0.469369229747,"TOTAL_ASSETS":6444093120,"TOTAL_LIABILITIES":370731968,"TAX_EBT":-4.950495049505,"OCF_SALES":-8195.23809523809,"TOTAL_PARENT_EQUITY":6073361152,"DEBT_ASSET_RATIO":5.753051067,"OPERATE_PROFIT":-5887424,"PRETAX_PROFIT":-8875072,"NETCASH_OPERATE":-1209821696,"NETCASH_INVEST":25043520,"NETCASH_FINANCE":-88574976,"END_CASH":1839600320,"DIVI_RATIO":1.772928831387,"DIVIDEND_RATE":12.328767123288,"CURRENT_RATIO":19.404630650496,"COMMON_ACS":1000000000,"CURRENTDEBT_DEBT":85.991941218298,"ISSUED_COMMON_SHARES":617531425,"HK_COMMON_SHARES":617531425,"PER_SHARES":1000,"TOTAL_MARKET_CAP":1803191761,"HKSK_MARKET_CAP":1803191761,"PE_TTM":23.788809511873,"PB_TTM":0.281704696297,"REPORT_DATE_SQ":"2019-06-30 00:00:00","REPORT_TYPE_SQ":"2019年中报","OPERATE_INCOME_SQ":21558039,"DPS_HKD":0.36,"OPERATE_INCOME_QOQ_SQ":0,"NET_PROFIT_RATIO_SQ":294.5606694561,"HOLDER_PROFIT_SQ":63501504,"HOLDER_PROFIT_QOQ_SQ":0,"ROE_AVG_SQ":0.998489500968,"PE_TTM_SQ":40.493863934426,"PB_TTM_SQ":0.305132725981,"ROA_SQ":0.928129305287,"START_DATE":"2020-04-01 00:00:00","FISCAL_YEAR":"3-31","CURRENCY":"HKD","IS_CNY_CODE":0,"DPS_HKD_LY":0.24,"ORG_TYPE":"一般企业","PREMIUM_INCOME":null,"PREMIUM_INCOME_YOY":null,"NET_INTEREST_INCOME":null,"NET_INTEREST_INCOME_YOY":null,"FEE_COMMISSION_INCOME":null,"FEE_COMMISSION_INCOME_YOY":null,"ACCOUNTS_RECE_TDAYS":1.005988023952,"INVENTORY_TDAYS":0.003978430198,"CURRENT_ASSETS_TDAYS":0.002359749417,"TOTAL_ASSETS_TDAYS":0.002269932848,"PREMIUM_EXPENSE":null,"LOAN_DEPOSIT":null,"LOAN_EQUITY":null,"LOAN_ASSETS":null,"DEPOSIT_EQUITY":null,"DEPOSIT_ASSETS":null,"EQUITY_MULTIPLIER":1.061042305689,"EQUITY_RATIO":0.061042305689}],"count":48},"success":true,"message":"ok","code":0}