{"version":"d20a27327f06360fc52f29ac0707c8f8","result":{"pages":6,"data":[{"SECUCODE":"00083.HK","SECURITY_CODE":"00083","SECURITY_NAME_ABBR":"信和置业","ORG_CODE":"10007368","STD_REPORT_DATE":"2023-12-31 00:00:00","REPORT_DATE":"2024-06-30 00:00:00","DATE_TYPE_CODE":"001","REPORT_TYPE":"2023年年报","PER_NETCASH_OPERATE":0.121237223665,"PER_OI":0.924842702719,"BPS":16.78509095059,"BASIC_EPS":0.4745936,"DILUTED_EPS":null,"OPERATE_INCOME":7999640200,"OPERATE_INCOME_YOY":-26.2267485902,"GROSS_PROFIT":3122278280,"GROSS_PROFIT_YOY":-37.159168333816,"HOLDER_PROFIT":4017617360,"HOLDER_PROFIT_YOY":-24.7392716704,"GROSS_PROFIT_RATIO":39.030233884769,"EPS_TTM":0.652451055809,"OPERATE_INCOME_QOQ":-11.321664665171,"NET_PROFIT_RATIO":48.4997147747,"ROE_AVG":2.683009334459,"GROSS_PROFIT_QOQ":-14.953389806799,"ROA":2.448171881599,"HOLDER_PROFIT_QOQ":3.214252999329,"ROE_YEARLY":2.683009334459,"ROIC_YEARLY":3.285271157548,"TOTAL_ASSETS":164596361920,"TOTAL_LIABILITIES":12803075040,"TAX_EBT":10.880503144654,"OCF_SALES":13.1089560753,"TOTAL_PARENT_EQUITY":151313217200,"DEBT_ASSET_RATIO":7.7784678171,"OPERATE_PROFIT":1673855120,"PRETAX_PROFIT":4353483600,"NETCASH_OPERATE":1048669320,"NETCASH_INVEST":-6257334080,"NETCASH_FINANCE":-1280490040,"END_CASH":6075710760,"DIVI_RATIO":0.809846800454,"DIVIDEND_RATE":7.552083333333,"CURRENT_RATIO":9.009337426452,"COMMON_ACS":null,"CURRENTDEBT_DEBT":55.731394354149,"ISSUED_COMMON_SHARES":9014739190,"HK_COMMON_SHARES":9014739190,"PER_SHARES":2000,"TOTAL_MARKET_CAP":69233196979.2,"HKSK_MARKET_CAP":69233196979.2,"PE_TTM":15.72766855502,"PB_TTM":0.417595735444,"REPORT_DATE_SQ":"2022-12-31 00:00:00","REPORT_TYPE_SQ":"2022年年报","OPERATE_INCOME_SQ":10954044380,"DPS_HKD":0.58,"OPERATE_INCOME_QOQ_SQ":-24.087367003125,"NET_PROFIT_RATIO_SQ":49.493453981,"HOLDER_PROFIT_SQ":5392661020,"HOLDER_PROFIT_QOQ_SQ":-25.637829517252,"ROE_AVG_SQ":3.658764926047,"PE_TTM_SQ":11.682767984291,"PB_TTM_SQ":0.420926647822,"ROA_SQ":3.265482335007,"START_DATE":"2023-07-01 00:00:00","FISCAL_YEAR":"6-30","CURRENCY":"HKD","IS_CNY_CODE":0,"DPS_HKD_LY":0.58,"ORG_TYPE":"一般企业","PREMIUM_INCOME":null,"PREMIUM_INCOME_YOY":null,"NET_INTEREST_INCOME":null,"NET_INTEREST_INCOME_YOY":null,"FEE_COMMISSION_INCOME":null,"FEE_COMMISSION_INCOME_YOY":null,"ACCOUNTS_RECE_TDAYS":4.653570480488,"INVENTORY_TDAYS":0.331927817939,"CURRENT_ASSETS_TDAYS":0.126957559293,"TOTAL_ASSETS_TDAYS":0.048746539169,"PREMIUM_EXPENSE":null,"LOAN_DEPOSIT":null,"LOAN_EQUITY":null,"LOAN_ASSETS":null,"DEPOSIT_EQUITY":null,"DEPOSIT_ASSETS":null,"EQUITY_MULTIPLIER":1.084345462854,"EQUITY_RATIO":0.08461306472},{"SECUCODE":"00083.HK","SECURITY_CODE":"00083","SECURITY_NAME_ABBR":"信和置业","ORG_CODE":"10007368","STD_REPORT_DATE":"2023-06-30 00:00:00","REPORT_DATE":"2023-12-31 00:00:00","DATE_TYPE_CODE":"002","REPORT_TYPE":"2023年中报","PER_NETCASH_OPERATE":0.163643536129,"PER_OI":0.522905218268,"BPS":16.538305360118,"BASIC_EPS":0.2809282,"DILUTED_EPS":null,"OPERATE_INCOME":4461141469.8515,"OPERATE_INCOME_YOY":-22.8710727795,"GROSS_PROFIT":1740983296.97908,"GROSS_PROFIT_YOY":-29.909746554099,"HOLDER_PROFIT":2370629755.94508,"HOLDER_PROFIT_YOY":6.3473068805,"GROSS_PROFIT_RATIO":39.025511940042,"EPS_TTM":0.659947145458,"OPERATE_INCOME_QOQ":8.482899815108,"NET_PROFIT_RATIO":53.3952527939,"ROE_AVG":1.600628193764,"GROSS_PROFIT_QOQ":-0.923154298264,"ROA":1.459967145453,"HOLDER_PROFIT_QOQ":47.860837662756,"ROE_YEARLY":3.201256387529,"ROIC_YEARLY":3.892635857552,"TOTAL_ASSETS":162291896911.702,"TOTAL_LIABILITIES":12543097383.0414,"TAX_EBT":11.155582862207,"OCF_SALES":31.295066565065,"TOTAL_PARENT_EQUITY":149088509466.044,"DEBT_ASSET_RATIO":7.7287268322,"OPERATE_PROFIT":1307932522.8963,"PRETAX_PROFIT":2681133876.56646,"NETCASH_OPERATE":1396117192.55176,"NETCASH_INVEST":-2110627645.63392,"NETCASH_FINANCE":-1605096985.43348,"END_CASH":10172111717.3473,"DIVI_RATIO":0.800648057403,"DIVIDEND_RATE":7.464607464607,"CURRENT_RATIO":7.863225705472,"COMMON_ACS":null,"CURRENTDEBT_DEBT":61.265689346582,"ISSUED_COMMON_SHARES":9014739190,"HK_COMMON_SHARES":9014739190,"PER_SHARES":2000,"TOTAL_MARKET_CAP":70044523506.3,"HKSK_MARKET_CAP":70044523506.3,"PE_TTM":15.9119771709,"PB_TTM":0.422489435468,"REPORT_DATE_SQ":"2022-06-30 00:00:00","REPORT_TYPE_SQ":"2022年中报","OPERATE_INCOME_SQ":5701351418.57484,"DPS_HKD":0.58,"OPERATE_INCOME_QOQ_SQ":-48.603011450041,"NET_PROFIT_RATIO_SQ":38.5467721809,"HOLDER_PROFIT_SQ":2197284746.83865,"HOLDER_PROFIT_QOQ_SQ":-52.829646419779,"ROE_AVG_SQ":1.553306769652,"PE_TTM_SQ":11.814035040294,"PB_TTM_SQ":0.425656160718,"ROA_SQ":1.372764861038,"START_DATE":"2023-07-01 00:00:00","FISCAL_YEAR":"6-30","CURRENCY":"HKD","IS_CNY_CODE":0,"DPS_HKD_LY":0.58,"ORG_TYPE":"一般企业","PREMIUM_INCOME":null,"PREMIUM_INCOME_YOY":null,"NET_INTEREST_INCOME":null,"NET_INTEREST_INCOME_YOY":null,"FEE_COMMISSION_INCOME":null,"FEE_COMMISSION_INCOME_YOY":null,"ACCOUNTS_RECE_TDAYS":2.67738931338,"INVENTORY_TDAYS":0.191406489345,"CURRENT_ASSETS_TDAYS":0.073298704326,"TOTAL_ASSETS_TDAYS":0.027474218447,"PREMIUM_EXPENSE":null,"LOAN_DEPOSIT":null,"LOAN_EQUITY":null,"LOAN_ASSETS":null,"DEPOSIT_EQUITY":null,"DEPOSIT_ASSETS":null,"EQUITY_MULTIPLIER":1.083760921106,"EQUITY_RATIO":0.084131885334},{"SECUCODE":"00083.HK","SECURITY_CODE":"00083","SECURITY_NAME_ABBR":"信和置业","ORG_CODE":"10007368","STD_REPORT_DATE":"2022-12-31 00:00:00","REPORT_DATE":"2023-06-30 00:00:00","DATE_TYPE_CODE":"001","REPORT_TYPE":"2022年年报","PER_NETCASH_OPERATE":-0.064964774194,"PER_OI":1.340455393704,"BPS":16.6041806187,"BASIC_EPS":0.6730454,"DILUTED_EPS":null,"OPERATE_INCOME":10954044380,"OPERATE_INCOME_YOY":-23.6135276126,"GROSS_PROFIT":4968550220,"GROSS_PROFIT_YOY":-29.596943537086,"HOLDER_PROFIT":5392661020,"HOLDER_PROFIT_YOY":1.9873560969,"GROSS_PROFIT_RATIO":45.354995581003,"EPS_TTM":0.452454672093,"OPERATE_INCOME_QOQ":-24.087367003125,"NET_PROFIT_RATIO":49.493453981,"ROE_AVG":3.658764926047,"GROSS_PROFIT_QOQ":-28.944170961623,"ROA":3.265482335007,"HOLDER_PROFIT_QOQ":-25.637829517252,"ROE_YEARLY":3.658764926047,"ROIC_YEARLY":4.366004186161,"TOTAL_ASSETS":165283354600,"TOTAL_LIABILITIES":14903806700,"TAX_EBT":12.772585669782,"OCF_SALES":-4.846354062327,"TOTAL_PARENT_EQUITY":149682531020,"DEBT_ASSET_RATIO":9.017858465,"OPERATE_PROFIT":4115718720,"PRETAX_PROFIT":6215067180,"NETCASH_OPERATE":-530138500,"NETCASH_INVEST":-1632826580,"NETCASH_FINANCE":-1300913780,"END_CASH":12689210740,"DIVI_RATIO":1.167819524453,"DIVIDEND_RATE":7.464607464607,"CURRENT_RATIO":6.204455201047,"COMMON_ACS":null,"CURRENTDEBT_DEBT":67.442004330343,"ISSUED_COMMON_SHARES":9014739190,"HK_COMMON_SHARES":9014739190,"PER_SHARES":2000,"TOTAL_MARKET_CAP":70044523506.3,"HKSK_MARKET_CAP":70044523506.3,"PE_TTM":15.9119771709,"PB_TTM":0.422489435468,"REPORT_DATE_SQ":"2021-12-31 00:00:00","REPORT_TYPE_SQ":"2021年年报","OPERATE_INCOME_SQ":13301774550.5183,"DPS_HKD":0.58,"OPERATE_INCOME_QOQ_SQ":26.717814002883,"NET_PROFIT_RATIO_SQ":38.3479643626,"HOLDER_PROFIT_SQ":4904853774.73931,"HOLDER_PROFIT_QOQ_SQ":29.551643414339,"ROE_AVG_SQ":3.669984419942,"PE_TTM_SQ":11.814035040294,"PB_TTM_SQ":0.425656160718,"ROA_SQ":3.180155967799,"START_DATE":"2022-07-01 00:00:00","FISCAL_YEAR":"6-30","CURRENCY":"HKD","IS_CNY_CODE":0,"DPS_HKD_LY":0.57,"ORG_TYPE":"一般企业","PREMIUM_INCOME":null,"PREMIUM_INCOME_YOY":null,"NET_INTEREST_INCOME":null,"NET_INTEREST_INCOME_YOY":null,"FEE_COMMISSION_INCOME":null,"FEE_COMMISSION_INCOME_YOY":null,"ACCOUNTS_RECE_TDAYS":7.613357369123,"INVENTORY_TDAYS":0.353046914163,"CURRENT_ASSETS_TDAYS":0.170870615783,"TOTAL_ASSETS_TDAYS":0.066328622475,"PREMIUM_EXPENSE":null,"LOAN_DEPOSIT":null,"LOAN_EQUITY":null,"LOAN_ASSETS":null,"DEPOSIT_EQUITY":null,"DEPOSIT_ASSETS":null,"EQUITY_MULTIPLIER":1.09911679713,"EQUITY_RATIO":0.09956944607},{"SECUCODE":"00083.HK","SECURITY_CODE":"00083","SECURITY_NAME_ABBR":"信和置业","ORG_CODE":"10007368","STD_REPORT_DATE":"2022-06-30 00:00:00","REPORT_DATE":"2022-12-31 00:00:00","DATE_TYPE_CODE":"002","REPORT_TYPE":"2022年中报","PER_NETCASH_OPERATE":0.202796561239,"PER_OI":0.707252947186,"BPS":15.787339832272,"BASIC_EPS":0.2769137,"DILUTED_EPS":null,"OPERATE_INCOME":5701351418.57484,"OPERATE_INCOME_YOY":-41.402029018,"GROSS_PROFIT":2483916395.48409,"GROSS_PROFIT_YOY":-45.126119189791,"HOLDER_PROFIT":2197284746.83865,"HOLDER_PROFIT_YOY":-41.7864979289,"GROSS_PROFIT_RATIO":43.567151244029,"EPS_TTM":0.635495505662,"OPERATE_INCOME_QOQ":-48.603011450041,"NET_PROFIT_RATIO":38.5467721809,"ROE_AVG":1.553306769652,"GROSS_PROFIT_QOQ":-49.344707638225,"ROA":1.372764861038,"HOLDER_PROFIT_QOQ":-52.829646419779,"ROE_YEARLY":3.106613539305,"ROIC_YEARLY":3.677842459315,"TOTAL_ASSETS":160244509055.413,"TOTAL_LIABILITIES":17240025296.1031,"TAX_EBT":15.584987547697,"OCF_SALES":28.673837563543,"TOTAL_PARENT_EQUITY":142318751091.826,"DEBT_ASSET_RATIO":10.7585747541,"OPERATE_PROFIT":1963208161.63703,"PRETAX_PROFIT":2603431402.43116,"NETCASH_OPERATE":1634796244.68888,"NETCASH_INVEST":-9129200779.78685,"NETCASH_FINANCE":-657566099.28261,"END_CASH":7511816879.27321,"DIVI_RATIO":0.831454188569,"DIVIDEND_RATE":7.464607464607,"CURRENT_RATIO":4.88177096529,"COMMON_ACS":null,"CURRENTDEBT_DEBT":71.681928722848,"ISSUED_COMMON_SHARES":9014739190,"HK_COMMON_SHARES":9014739190,"PER_SHARES":2000,"TOTAL_MARKET_CAP":70044523506.3,"HKSK_MARKET_CAP":70044523506.3,"PE_TTM":15.9119771709,"PB_TTM":0.422489435468,"REPORT_DATE_SQ":"2021-06-30 00:00:00","REPORT_TYPE_SQ":"2021年中报","OPERATE_INCOME_SQ":8905398672.4864,"DPS_HKD":0.58,"OPERATE_INCOME_QOQ_SQ":241.09808404012,"NET_PROFIT_RATIO_SQ":40.3245249961,"HOLDER_PROFIT_SQ":3454782795.6768,"HOLDER_PROFIT_QOQ_SQ":5896.78186793331,"ROE_AVG_SQ":2.710811516257,"PE_TTM_SQ":11.814035040294,"PB_TTM_SQ":0.425656160718,"ROA_SQ":2.344945959554,"START_DATE":"2022-07-01 00:00:00","FISCAL_YEAR":"6-30","CURRENCY":"HKD","IS_CNY_CODE":0,"DPS_HKD_LY":0.57,"ORG_TYPE":"一般企业","PREMIUM_INCOME":null,"PREMIUM_INCOME_YOY":null,"NET_INTEREST_INCOME":null,"NET_INTEREST_INCOME_YOY":null,"FEE_COMMISSION_INCOME":null,"FEE_COMMISSION_INCOME_YOY":null,"ACCOUNTS_RECE_TDAYS":4.261795149314,"INVENTORY_TDAYS":0.197147107649,"CURRENT_ASSETS_TDAYS":0.091860503399,"TOTAL_ASSETS_TDAYS":0.035619483998,"PREMIUM_EXPENSE":null,"LOAN_DEPOSIT":null,"LOAN_EQUITY":null,"LOAN_ASSETS":null,"DEPOSIT_EQUITY":null,"DEPOSIT_ASSETS":null,"EQUITY_MULTIPLIER":1.120555837431,"EQUITY_RATIO":0.121136710123},{"SECUCODE":"00083.HK","SECURITY_CODE":"00083","SECURITY_NAME_ABBR":"信和置业","ORG_CODE":"10007368","STD_REPORT_DATE":"2021-12-31 00:00:00","REPORT_DATE":"2022-06-30 00:00:00","DATE_TYPE_CODE":"001","REPORT_TYPE":"2021年年报","PER_NETCASH_OPERATE":0.716417839817,"PER_OI":1.723439338339,"BPS":14.931613021149,"BASIC_EPS":0.6499444,"DILUTED_EPS":null,"OPERATE_INCOME":13301774550.5183,"OPERATE_INCOME_YOY":-36.6308596854,"GROSS_PROFIT":7057293347.22461,"GROSS_PROFIT_YOY":-37.334604660835,"HOLDER_PROFIT":4904853774.73931,"HOLDER_PROFIT_YOY":-40.5414207415,"GROSS_PROFIT_RATIO":53.055277101728,"EPS_TTM":1.365462932338,"OPERATE_INCOME_QOQ":26.717814002883,"NET_PROFIT_RATIO":38.3479643626,"ROE_AVG":3.669984419942,"GROSS_PROFIT_QOQ":23.709473220716,"ROA":3.180155967799,"HOLDER_PROFIT_QOQ":29.551643414339,"ROE_YEARLY":3.669984419942,"ROIC_YEARLY":4.259478040802,"TOTAL_ASSETS":153065220737.705,"TOTAL_LIABILITIES":17749776595.4816,"TAX_EBT":18.446011555125,"OCF_SALES":41.569077824745,"TOTAL_PARENT_EQUITY":134604597071.664,"DEBT_ASSET_RATIO":11.5962179455,"OPERATE_PROFIT":5712947058.92771,"PRETAX_PROFIT":6254703002.87504,"NETCASH_OPERATE":5529425014.97708,"NETCASH_INVEST":-9575487997.68316,"NETCASH_FINANCE":-5276366088.42903,"END_CASH":15066546376.5403,"DIVI_RATIO":0.386964294296,"DIVIDEND_RATE":7.464607464607,"CURRENT_RATIO":4.728685099224,"COMMON_ACS":null,"CURRENTDEBT_DEBT":72.77454317444,"ISSUED_COMMON_SHARES":9014739190,"HK_COMMON_SHARES":9014739190,"PER_SHARES":2000,"TOTAL_MARKET_CAP":70044523506.3,"HKSK_MARKET_CAP":70044523506.3,"PE_TTM":15.9119771709,"PB_TTM":0.422489435468,"REPORT_DATE_SQ":"2020-12-31 00:00:00","REPORT_TYPE_SQ":"2020年年报","OPERATE_INCOME_SQ":20423691266.6976,"DPS_HKD":0.58,"OPERATE_INCOME_QOQ_SQ":11.349727306668,"NET_PROFIT_RATIO_SQ":42.6746150431,"HOLDER_PROFIT_SQ":8026274458.6392,"HOLDER_PROFIT_QOQ_SQ":-91.319788392808,"ROE_AVG_SQ":6.429071665065,"PE_TTM_SQ":11.814035040294,"PB_TTM_SQ":0.425656160718,"ROA_SQ":5.236165016583,"START_DATE":"2021-07-01 00:00:00","FISCAL_YEAR":"6-30","CURRENCY":"HKD","IS_CNY_CODE":0,"DPS_HKD_LY":0.43,"ORG_TYPE":"一般企业","PREMIUM_INCOME":null,"PREMIUM_INCOME_YOY":null,"NET_INTEREST_INCOME":null,"NET_INTEREST_INCOME_YOY":null,"FEE_COMMISSION_INCOME":null,"FEE_COMMISSION_INCOME_YOY":null,"ACCOUNTS_RECE_TDAYS":10.251715925298,"INVENTORY_TDAYS":0.335319133208,"CURRENT_ASSETS_TDAYS":0.212730869465,"TOTAL_ASSETS_TDAYS":0.086244605164,"PREMIUM_EXPENSE":null,"LOAN_DEPOSIT":null,"LOAN_EQUITY":null,"LOAN_ASSETS":null,"DEPOSIT_EQUITY":null,"DEPOSIT_ASSETS":null,"EQUITY_MULTIPLIER":1.131173323991,"EQUITY_RATIO":0.131866050504},{"SECUCODE":"00083.HK","SECURITY_CODE":"00083","SECURITY_NAME_ABBR":"信和置业","ORG_CODE":"10007368","STD_REPORT_DATE":"2021-06-30 00:00:00","REPORT_DATE":"2021-12-31 00:00:00","DATE_TYPE_CODE":"002","REPORT_TYPE":"2021年中报","PER_NETCASH_OPERATE":0.451522769781,"PER_OI":1.169435702617,"BPS":14.202365901361,"BASIC_EPS":0.457856,"DILUTED_EPS":null,"OPERATE_INCOME":8905398672.4864,"OPERATE_INCOME_YOY":165.8224409453,"GROSS_PROFIT":4526591447.168,"GROSS_PROFIT_YOY":143.828910388039,"HOLDER_PROFIT":3454782795.6768,"HOLDER_PROFIT_YOY":228.4151460647,"GROSS_PROFIT_RATIO":50.829745120262,"EPS_TTM":1.085207805759,"OPERATE_INCOME_QOQ":241.09808404012,"NET_PROFIT_RATIO":40.3245249961,"ROE_AVG":2.710811516257,"GROSS_PROFIT_QOQ":238.650486658676,"ROA":2.344945959554,"HOLDER_PROFIT_QOQ":5896.78186793331,"ROE_YEARLY":5.421623032515,"ROIC_YEARLY":6.24312023565,"TOTAL_ASSETS":146087429789.93,"TOTAL_LIABILITIES":16572385627.7168,"TAX_EBT":17.546641253575,"OCF_SALES":38.610311688858,"TOTAL_PARENT_EQUITY":128030624481.715,"DEBT_ASSET_RATIO":11.3441557919,"OPERATE_PROFIT":4039820254.624,"PRETAX_PROFIT":4355261893.8528,"NETCASH_OPERATE":3438402184.5824,"NETCASH_INVEST":-4624310411.3136,"NETCASH_FINANCE":-3980208037.8816,"END_CASH":18229804690.9776,"DIVI_RATIO":0.486897898445,"DIVIDEND_RATE":7.464607464607,"CURRENT_RATIO":5.259752455489,"COMMON_ACS":null,"CURRENTDEBT_DEBT":65.27903994054,"ISSUED_COMMON_SHARES":9014739190,"HK_COMMON_SHARES":9014739190,"PER_SHARES":2000,"TOTAL_MARKET_CAP":70044523506.3,"HKSK_MARKET_CAP":70044523506.3,"PE_TTM":15.9119771709,"PB_TTM":0.422489435468,"REPORT_DATE_SQ":"2020-06-30 00:00:00","REPORT_TYPE_SQ":"2020年中报","OPERATE_INCOME_SQ":3448634827.32704,"DPS_HKD":0.58,"OPERATE_INCOME_QOQ_SQ":-8.170351205089,"NET_PROFIT_RATIO_SQ":31.3097421575,"HOLDER_PROFIT_SQ":1082886788.20356,"HOLDER_PROFIT_QOQ_SQ":-73.55466789867,"ROE_AVG_SQ":0.881467413623,"PE_TTM_SQ":11.814035040294,"PB_TTM_SQ":0.425656160718,"ROA_SQ":0.686048776513,"START_DATE":"2021-07-01 00:00:00","FISCAL_YEAR":"6-30","CURRENCY":"HKD","IS_CNY_CODE":0,"DPS_HKD_LY":0.43,"ORG_TYPE":"一般企业","PREMIUM_INCOME":null,"PREMIUM_INCOME_YOY":null,"NET_INTEREST_INCOME":null,"NET_INTEREST_INCOME_YOY":null,"FEE_COMMISSION_INCOME":null,"FEE_COMMISSION_INCOME_YOY":null,"ACCOUNTS_RECE_TDAYS":7.807896743219,"INVENTORY_TDAYS":0.245778652983,"CURRENT_ASSETS_TDAYS":0.150856022595,"TOTAL_ASSETS_TDAYS":0.060445706345,"PREMIUM_EXPENSE":null,"LOAN_DEPOSIT":null,"LOAN_EQUITY":null,"LOAN_ASSETS":null,"DEPOSIT_EQUITY":null,"DEPOSIT_ASSETS":null,"EQUITY_MULTIPLIER":1.127957224853,"EQUITY_RATIO":0.12944079352},{"SECUCODE":"00083.HK","SECURITY_CODE":"00083","SECURITY_NAME_ABBR":"信和置业","ORG_CODE":"10007368","STD_REPORT_DATE":"2020-12-31 00:00:00","REPORT_DATE":"2021-06-30 00:00:00","DATE_TYPE_CODE":"001","REPORT_TYPE":"2020年年报","PER_NETCASH_OPERATE":0.249566527408,"PER_OI":2.761424282118,"BPS":14.321576917752,"BASIC_EPS":1.1066664,"DILUTED_EPS":null,"OPERATE_INCOME":20423691266.6976,"OPERATE_INCOME_YOY":316.9494257689,"GROSS_PROFIT":11261866791.1186,"GROSS_PROFIT_YOY":257.400103580557,"HOLDER_PROFIT":8026274458.6392,"HOLDER_PROFIT_YOY":471.4306178299,"GROSS_PROFIT_RATIO":55.14119188377,"EPS_TTM":0.018267757622,"OPERATE_INCOME_QOQ":11.349727306668,"NET_PROFIT_RATIO":42.6746150431,"ROE_AVG":6.429071665065,"GROSS_PROFIT_QOQ":5.536568722188,"ROA":5.236165016583,"HOLDER_PROFIT_QOQ":-91.319788392808,"ROE_YEARLY":6.429071665065,"ROIC_YEARLY":6.932849681561,"TOTAL_ASSETS":151201581351.078,"TOTAL_LIABILITIES":20724281775.9403,"TAX_EBT":19.459372818826,"OCF_SALES":9.037601683453,"TOTAL_PARENT_EQUITY":129105280703.058,"DEBT_ASSET_RATIO":13.7063922154,"OPERATE_PROFIT":10058710289.1562,"PRETAX_PROFIT":10821534337.0022,"NETCASH_OPERATE":1845811865.74224,"NETCASH_INVEST":3532283715.67416,"NETCASH_FINANCE":-961870231.46208,"END_CASH":23779836498.6794,"DIVI_RATIO":28.924480548692,"DIVIDEND_RATE":7.464607464607,"CURRENT_RATIO":4.163948772308,"COMMON_ACS":null,"CURRENTDEBT_DEBT":72.132405993697,"ISSUED_COMMON_SHARES":9014739190,"HK_COMMON_SHARES":9014739190,"PER_SHARES":2000,"TOTAL_MARKET_CAP":70044523506.3,"HKSK_MARKET_CAP":70044523506.3,"PE_TTM":15.9119771709,"PB_TTM":0.422489435468,"REPORT_DATE_SQ":"2019-12-31 00:00:00","REPORT_TYPE_SQ":"2019年年报","OPERATE_INCOME_SQ":5377318976.54688,"DPS_HKD":0.58,"OPERATE_INCOME_QOQ_SQ":-16.89249287484,"NET_PROFIT_RATIO_SQ":28.4479290999,"HOLDER_PROFIT_SQ":1541932782.95232,"HOLDER_PROFIT_QOQ_SQ":-4.144856511122,"ROE_AVG_SQ":1.163330722072,"PE_TTM_SQ":11.814035040294,"PB_TTM_SQ":0.425656160718,"ROA_SQ":0.918736442971,"START_DATE":"2020-07-01 00:00:00","FISCAL_YEAR":"6-30","CURRENCY":"HKD","IS_CNY_CODE":0,"DPS_HKD_LY":0.55,"ORG_TYPE":"一般企业","PREMIUM_INCOME":null,"PREMIUM_INCOME_YOY":null,"NET_INTEREST_INCOME":null,"NET_INTEREST_INCOME_YOY":null,"FEE_COMMISSION_INCOME":null,"FEE_COMMISSION_INCOME_YOY":null,"ACCOUNTS_RECE_TDAYS":15.171490460083,"INVENTORY_TDAYS":0.407254153042,"CURRENT_ASSETS_TDAYS":0.316306367294,"TOTAL_ASSETS_TDAYS":0.133239672118,"PREMIUM_EXPENSE":null,"LOAN_DEPOSIT":null,"LOAN_EQUITY":null,"LOAN_ASSETS":null,"DEPOSIT_EQUITY":null,"DEPOSIT_ASSETS":null,"EQUITY_MULTIPLIER":1.158834386084,"EQUITY_RATIO":0.160522340086},{"SECUCODE":"00083.HK","SECURITY_CODE":"00083","SECURITY_NAME_ABBR":"信和置业","ORG_CODE":"10007368","STD_REPORT_DATE":"2020-06-30 00:00:00","REPORT_DATE":"2020-12-31 00:00:00","DATE_TYPE_CODE":"002","REPORT_TYPE":"2020年中报","PER_NETCASH_OPERATE":0.023647347308,"PER_OI":0.470691868709,"BPS":13.725735004037,"BASIC_EPS":0.1514952,"DILUTED_EPS":null,"OPERATE_INCOME":3448634827.32704,"OPERATE_INCOME_YOY":29.3183834157,"GROSS_PROFIT":1856462156.17508,"GROSS_PROFIT_YOY":10.372176887986,"HOLDER_PROFIT":1082886788.20356,"HOLDER_PROFIT_YOY":-53.7311813244,"GROSS_PROFIT_RATIO":53.831798642885,"EPS_TTM":0.218864158569,"OPERATE_INCOME_QOQ":-8.170351205089,"NET_PROFIT_RATIO":31.3097421575,"ROE_AVG":0.881467413623,"GROSS_PROFIT_QOQ":-14.459604265509,"ROA":0.686048776513,"HOLDER_PROFIT_QOQ":-73.55466789867,"ROE_YEARLY":1.762934827246,"ROIC_YEARLY":1.788323779394,"TOTAL_ASSETS":158533766989.773,"TOTAL_LIABILITIES":34093212285.6087,"TAX_EBT":30.960966154874,"OCF_SALES":5.023954922547,"TOTAL_PARENT_EQUITY":123733921252.444,"DEBT_ASSET_RATIO":21.5053315978,"OPERATE_PROFIT":1315907662.2634,"PRETAX_PROFIT":1563982883.67204,"NETCASH_OPERATE":173257859.16816,"NETCASH_INVEST":-8563351585.419,"NETCASH_FINANCE":-211901146.2126,"END_CASH":10968991013.2085,"DIVI_RATIO":2.414216212714,"DIVIDEND_RATE":7.464607464607,"CURRENT_RATIO":2.413787604941,"COMMON_ACS":null,"CURRENTDEBT_DEBT":82.898399743465,"ISSUED_COMMON_SHARES":9014739190,"HK_COMMON_SHARES":9014739190,"PER_SHARES":2000,"TOTAL_MARKET_CAP":70044523506.3,"HKSK_MARKET_CAP":70044523506.3,"PE_TTM":15.9119771709,"PB_TTM":0.422489435468,"REPORT_DATE_SQ":"2019-06-30 00:00:00","REPORT_TYPE_SQ":"2019年中报","OPERATE_INCOME_SQ":2838323787.07928,"DPS_HKD":0.58,"OPERATE_INCOME_QOQ_SQ":-28.042074524682,"NET_PROFIT_RATIO_SQ":88.1262141366,"HOLDER_PROFIT_SQ":2490976542.75496,"HOLDER_PROFIT_QOQ_SQ":3.491743065552,"ROE_AVG_SQ":1.904253003473,"PE_TTM_SQ":11.814035040294,"PB_TTM_SQ":0.425656160718,"ROA_SQ":1.507959990965,"START_DATE":"2020-07-01 00:00:00","FISCAL_YEAR":"6-30","CURRENCY":"HKD","IS_CNY_CODE":0,"DPS_HKD_LY":0.55,"ORG_TYPE":"一般企业","PREMIUM_INCOME":null,"PREMIUM_INCOME_YOY":null,"NET_INTEREST_INCOME":null,"NET_INTEREST_INCOME_YOY":null,"FEE_COMMISSION_INCOME":null,"FEE_COMMISSION_INCOME_YOY":null,"ACCOUNTS_RECE_TDAYS":2.706499331952,"INVENTORY_TDAYS":0.060432188071,"CURRENT_ASSETS_TDAYS":0.050759677496,"TOTAL_ASSETS_TDAYS":0.021848375377,"PREMIUM_EXPENSE":null,"LOAN_DEPOSIT":null,"LOAN_EQUITY":null,"LOAN_ASSETS":null,"DEPOSIT_EQUITY":null,"DEPOSIT_ASSETS":null,"EQUITY_MULTIPLIER":1.273971876505,"EQUITY_RATIO":0.275536505596},{"SECUCODE":"00083.HK","SECURITY_CODE":"00083","SECURITY_NAME_ABBR":"信和置业","ORG_CODE":"10007368","STD_REPORT_DATE":"2019-12-31 00:00:00","REPORT_DATE":"2020-06-30 00:00:00","DATE_TYPE_CODE":"001","REPORT_TYPE":"2019年年报","PER_NETCASH_OPERATE":0.764066934128,"PER_OI":0.763264395292,"BPS":14.683948123602,"BASIC_EPS":0.2192256,"DILUTED_EPS":null,"OPERATE_INCOME":5377318976.54688,"OPERATE_INCOME_YOY":-26.5049656326,"GROSS_PROFIT":3151053029.44608,"GROSS_PROFIT_YOY":-20.230352599817,"HOLDER_PROFIT":1541932782.95232,"HOLDER_PROFIT_YOY":-75.5882302327,"GROSS_PROFIT_RATIO":58.598960619397,"EPS_TTM":0.837863376705,"OPERATE_INCOME_QOQ":-16.89249287484,"NET_PROFIT_RATIO":28.4479290999,"ROE_AVG":1.163330722072,"GROSS_PROFIT_QOQ":-6.746225902695,"ROA":0.918736442971,"HOLDER_PROFIT_QOQ":-4.144856511122,"ROE_YEARLY":1.163330722072,"ROIC_YEARLY":1.190745681016,"TOTAL_ASSETS":170560989565.518,"TOTAL_LIABILITIES":37418715884.975,"TAX_EBT":23.874578077276,"OCF_SALES":100.105145587922,"TOTAL_PARENT_EQUITY":132371962613.759,"DEBT_ASSET_RATIO":21.9386132669,"OPERATE_PROFIT":700006151.26992,"PRETAX_PROFIT":2009494136.50128,"NETCASH_OPERATE":5382972990.1992,"NETCASH_INVEST":2883819387.94224,"NETCASH_FINANCE":-2127875314.6992,"END_CASH":21083090014.9584,"DIVI_RATIO":0.63063431902,"DIVIDEND_RATE":7.464607464607,"CURRENT_RATIO":2.487407178,"COMMON_ACS":null,"CURRENTDEBT_DEBT":78.895842642566,"ISSUED_COMMON_SHARES":9014739190,"HK_COMMON_SHARES":9014739190,"PER_SHARES":2000,"TOTAL_MARKET_CAP":70044523506.3,"HKSK_MARKET_CAP":70044523506.3,"PE_TTM":15.9119771709,"PB_TTM":0.422489435468,"REPORT_DATE_SQ":"2018-12-31 00:00:00","REPORT_TYPE_SQ":"2018年年报","OPERATE_INCOME_SQ":7045999698.36348,"DPS_HKD":0.58,"OPERATE_INCOME_QOQ_SQ":8.236985488207,"NET_PROFIT_RATIO_SQ":87.4518883045,"HOLDER_PROFIT_SQ":6082764394.58244,"HOLDER_PROFIT_QOQ_SQ":-50.190309021058,"ROE_AVG_SQ":4.854677166859,"PE_TTM_SQ":11.814035040294,"PB_TTM_SQ":0.425656160718,"ROA_SQ":4.069316694764,"START_DATE":"2019-07-01 00:00:00","FISCAL_YEAR":"6-30","CURRENCY":"HKD","IS_CNY_CODE":0,"DPS_HKD_LY":0.55,"ORG_TYPE":"一般企业","PREMIUM_INCOME":null,"PREMIUM_INCOME_YOY":null,"NET_INTEREST_INCOME":null,"NET_INTEREST_INCOME_YOY":null,"FEE_COMMISSION_INCOME":null,"FEE_COMMISSION_INCOME_YOY":null,"ACCOUNTS_RECE_TDAYS":4.195882693495,"INVENTORY_TDAYS":0.083278873911,"CURRENT_ASSETS_TDAYS":0.07599142166,"TOTAL_ASSETS_TDAYS":0.032039910973,"PREMIUM_EXPENSE":null,"LOAN_DEPOSIT":null,"LOAN_EQUITY":null,"LOAN_ASSETS":null,"DEPOSIT_EQUITY":null,"DEPOSIT_ASSETS":null,"EQUITY_MULTIPLIER":1.2810430891,"EQUITY_RATIO":0.282678560823}],"count":49},"success":true,"message":"ok","code":0}