{"version":"e69ae29f76b29429034004288483bcb3","result":{"pages":6,"data":[{"SECUCODE":"00084.HK","SECURITY_CODE":"00084","SECURITY_NAME_ABBR":"宝光实业","ORG_CODE":"10007369","STD_REPORT_DATE":"2024-06-30 00:00:00","REPORT_DATE":"2024-09-30 00:00:00","DATE_TYPE_CODE":"002","REPORT_TYPE":"2024年中报","PER_NETCASH_OPERATE":0.00518591485,"PER_OI":0.262854481988,"BPS":0.77551908292,"BASIC_EPS":-0.04779487,"DILUTED_EPS":-0.04779487,"OPERATE_INCOME":272558813.18,"OPERATE_INCOME_YOY":-17.9345848697,"GROSS_PROFIT":127981135.01,"GROSS_PROFIT_YOY":-21.927657042792,"HOLDER_PROFIT":-49918585.45,"HOLDER_PROFIT_YOY":-84.8740899072,"GROSS_PROFIT_RATIO":46.955419829144,"EPS_TTM":0.409885987423,"OPERATE_INCOME_QOQ":0,"NET_PROFIT_RATIO":-18.2860092244,"ROE_AVG":-6.156345940932,"GROSS_PROFIT_QOQ":0,"ROA":-3.836776705557,"HOLDER_PROFIT_QOQ":0,"ROE_YEARLY":-12.312691881864,"ROIC_YEARLY":-8.098954875632,"TOTAL_ASSETS":1313790797.3,"TOTAL_LIABILITIES":503855323.12,"TAX_EBT":-6.184556859882,"OCF_SALES":1.972922360228,"TOTAL_PARENT_EQUITY":804150491.33,"DEBT_ASSET_RATIO":38.3512598928,"OPERATE_PROFIT":-36537825.43,"PRETAX_PROFIT":-46937267.71,"NETCASH_OPERATE":5377373.77,"NETCASH_INVEST":-5625366.02,"NETCASH_FINANCE":4643316.71,"END_CASH":64686298.49,"DIVI_RATIO":null,"DIVIDEND_RATE":null,"CURRENT_RATIO":0.9816043481,"COMMON_ACS":1600000000,"CURRENTDEBT_DEBT":88.021541787775,"ISSUED_COMMON_SHARES":1036919025,"HK_COMMON_SHARES":1036919025,"PER_SHARES":1000,"TOTAL_MARKET_CAP":79842764.925,"HKSK_MARKET_CAP":79842764.925,"PE_TTM":0.178324745554,"PB_TTM":0.089537229359,"REPORT_DATE_SQ":"2023-06-30 00:00:00","REPORT_TYPE_SQ":"2023年中报","OPERATE_INCOME_SQ":337957623.22,"DPS_HKD":null,"OPERATE_INCOME_QOQ_SQ":0,"NET_PROFIT_RATIO_SQ":-8.1196001021,"HOLDER_PROFIT_SQ":-27475677.46,"HOLDER_PROFIT_QOQ_SQ":0,"ROE_AVG_SQ":-7.416416084176,"PE_TTM_SQ":-2.587400234887,"PB_TTM_SQ":0.218356604069,"ROA_SQ":-2.768745229111,"START_DATE":"2024-04-01 00:00:00","FISCAL_YEAR":"3-31","CURRENCY":"HKD","IS_CNY_CODE":0,"DPS_HKD_LY":null,"ORG_TYPE":"一般企业","PREMIUM_INCOME":null,"PREMIUM_INCOME_YOY":null,"NET_INTEREST_INCOME":null,"NET_INTEREST_INCOME_YOY":null,"FEE_COMMISSION_INCOME":null,"FEE_COMMISSION_INCOME_YOY":null,"ACCOUNTS_RECE_TDAYS":1.797914423552,"INVENTORY_TDAYS":0.682404118525,"CURRENT_ASSETS_TDAYS":0.6393050269,"TOTAL_ASSETS_TDAYS":0.209490572675,"PREMIUM_EXPENSE":null,"LOAN_DEPOSIT":null,"LOAN_EQUITY":null,"LOAN_ASSETS":null,"DEPOSIT_EQUITY":null,"DEPOSIT_ASSETS":null,"EQUITY_MULTIPLIER":1.622093165669,"EQUITY_RATIO":0.626568445275},{"SECUCODE":"00084.HK","SECURITY_CODE":"00084","SECURITY_NAME_ABBR":"宝光实业","ORG_CODE":"10007369","STD_REPORT_DATE":"2023-12-31 00:00:00","REPORT_DATE":"2024-03-31 00:00:00","DATE_TYPE_CODE":"001","REPORT_TYPE":"2023年年报","PER_NETCASH_OPERATE":-0.00051370998,"PER_OI":0.664930431073,"BPS":0.792598148153,"BASIC_EPS":0.409851255,"DILUTED_EPS":0.409851255,"OPERATE_INCOME":695832424.55,"OPERATE_INCOME_YOY":-4.7045517187,"GROSS_PROFIT":349631858.15,"GROSS_PROFIT_YOY":9.379047424897,"HOLDER_PROFIT":428935039.05,"HOLDER_PROFIT_YOY":831.4912885126,"GROSS_PROFIT_RATIO":50.246560208244,"EPS_TTM":-0.02975092905,"OPERATE_INCOME_QOQ":0,"NET_PROFIT_RATIO":61.666108622,"ROE_AVG":71.116732500045,"GROSS_PROFIT_QOQ":0,"ROA":37.977435920486,"HOLDER_PROFIT_QOQ":0,"ROE_YEARLY":71.116732500045,"ROIC_YEARLY":40.668014671913,"TOTAL_ASSETS":1295119993.75,"TOTAL_LIABILITIES":468088027,"TAX_EBT":1.739857921637,"OCF_SALES":-0.077257703297,"TOTAL_PARENT_EQUITY":821860099,"DEBT_ASSET_RATIO":36.1424446583,"OPERATE_PROFIT":463880728.45,"PRETAX_PROFIT":436690574.3,"NETCASH_OPERATE":-537584.15,"NETCASH_INVEST":133488580.95,"NETCASH_FINANCE":-157833981.2,"END_CASH":61383407.05,"DIVI_RATIO":null,"DIVIDEND_RATE":null,"CURRENT_RATIO":1.05729965113,"COMMON_ACS":1600000000,"CURRENTDEBT_DEBT":84.769531703916,"ISSUED_COMMON_SHARES":1036919025,"HK_COMMON_SHARES":1036919025,"PER_SHARES":1000,"TOTAL_MARKET_CAP":79842764.925,"HKSK_MARKET_CAP":79842764.925,"PE_TTM":0.178324745554,"PB_TTM":0.089537229359,"REPORT_DATE_SQ":"2022-12-31 00:00:00","REPORT_TYPE_SQ":"2022年年报","OPERATE_INCOME_SQ":705102486.14,"DPS_HKD":null,"OPERATE_INCOME_QOQ_SQ":0,"NET_PROFIT_RATIO_SQ":6.3448688566,"HOLDER_PROFIT_SQ":44466450.95,"HOLDER_PROFIT_QOQ_SQ":0,"ROE_AVG_SQ":12.66395578149,"PE_TTM_SQ":-2.587400234887,"PB_TTM_SQ":0.218356604069,"ROA_SQ":4.524858662194,"START_DATE":"2023-04-01 00:00:00","FISCAL_YEAR":"3-31","CURRENCY":"HKD","IS_CNY_CODE":0,"DPS_HKD_LY":null,"ORG_TYPE":"一般企业","PREMIUM_INCOME":null,"PREMIUM_INCOME_YOY":null,"NET_INTEREST_INCOME":null,"NET_INTEREST_INCOME_YOY":null,"FEE_COMMISSION_INCOME":null,"FEE_COMMISSION_INCOME_YOY":null,"ACCOUNTS_RECE_TDAYS":5.458347407758,"INVENTORY_TDAYS":1.703419882331,"CURRENT_ASSETS_TDAYS":1.739006613364,"TOTAL_ASSETS_TDAYS":0.616082364669,"PREMIUM_EXPENSE":null,"LOAN_DEPOSIT":null,"LOAN_EQUITY":null,"LOAN_ASSETS":null,"DEPOSIT_EQUITY":null,"DEPOSIT_ASSETS":null,"EQUITY_MULTIPLIER":1.56598541026,"EQUITY_RATIO":0.56954708906},{"SECUCODE":"00084.HK","SECURITY_CODE":"00084","SECURITY_NAME_ABBR":"宝光实业","ORG_CODE":"10007369","STD_REPORT_DATE":"2023-06-30 00:00:00","REPORT_DATE":"2023-09-30 00:00:00","DATE_TYPE_CODE":"002","REPORT_TYPE":"2023年中报","PER_NETCASH_OPERATE":0.019759567773,"PER_OI":0.322948888502,"BPS":0.339292976132,"BASIC_EPS":-0.026244218,"DILUTED_EPS":-0.026244218,"OPERATE_INCOME":337957623.22,"OPERATE_INCOME_YOY":-9.8090114094,"GROSS_PROFIT":163926340.83,"GROSS_PROFIT_YOY":-0.111750062609,"HOLDER_PROFIT":-27475677.46,"HOLDER_PROFIT_YOY":-156.2724351144,"GROSS_PROFIT_RATIO":48.504998723846,"EPS_TTM":0.042491691038,"OPERATE_INCOME_QOQ":0,"NET_PROFIT_RATIO":-8.1196001021,"ROE_AVG":-7.416416084176,"GROSS_PROFIT_QOQ":0,"ROA":-2.768745229111,"HOLDER_PROFIT_QOQ":0,"ROE_YEARLY":-14.832832168352,"ROIC_YEARLY":-5.979227864456,"TOTAL_ASSETS":1009148910.42,"TOTAL_LIABILITIES":652205522.5,"TAX_EBT":-13.863610402467,"OCF_SALES":6.118481430596,"TOTAL_PARENT_EQUITY":351819342,"DEBT_ASSET_RATIO":64.629264895,"OPERATE_PROFIT":-10785823.02,"PRETAX_PROFIT":-24099716.69,"NETCASH_OPERATE":20677874.42,"NETCASH_INVEST":-11804392.32,"NETCASH_FINANCE":-29733964.89,"END_CASH":57597799.84,"DIVI_RATIO":null,"DIVIDEND_RATE":null,"CURRENT_RATIO":0.677688430149,"COMMON_ACS":1600000000,"CURRENTDEBT_DEBT":89.093492789307,"ISSUED_COMMON_SHARES":1036919025,"HK_COMMON_SHARES":1036919025,"PER_SHARES":1000,"TOTAL_MARKET_CAP":79842764.925,"HKSK_MARKET_CAP":79842764.925,"PE_TTM":0.178324745554,"PB_TTM":0.089537229359,"REPORT_DATE_SQ":"2022-06-30 00:00:00","REPORT_TYPE_SQ":"2022年中报","OPERATE_INCOME_SQ":369327169.56,"DPS_HKD":null,"OPERATE_INCOME_QOQ_SQ":0,"NET_PROFIT_RATIO_SQ":13.0736208488,"HOLDER_PROFIT_SQ":48124347.96,"HOLDER_PROFIT_QOQ_SQ":0,"ROE_AVG_SQ":13.471656075145,"PE_TTM_SQ":-2.587400234887,"PB_TTM_SQ":0.218356604069,"ROA_SQ":4.664164631188,"START_DATE":"2023-04-01 00:00:00","FISCAL_YEAR":"3-31","CURRENCY":"HKD","IS_CNY_CODE":0,"DPS_HKD_LY":null,"ORG_TYPE":"一般企业","PREMIUM_INCOME":null,"PREMIUM_INCOME_YOY":null,"NET_INTEREST_INCOME":null,"NET_INTEREST_INCOME_YOY":null,"FEE_COMMISSION_INCOME":null,"FEE_COMMISSION_INCOME_YOY":null,"ACCOUNTS_RECE_TDAYS":3.253940486288,"INVENTORY_TDAYS":0.799294491003,"CURRENT_ASSETS_TDAYS":0.867479357871,"TOTAL_ASSETS_TDAYS":0.340562505982,"PREMIUM_EXPENSE":null,"LOAN_DEPOSIT":null,"LOAN_EQUITY":null,"LOAN_ASSETS":null,"DEPOSIT_EQUITY":null,"DEPOSIT_ASSETS":null,"EQUITY_MULTIPLIER":2.827195977215,"EQUITY_RATIO":1.853808033385},{"SECUCODE":"00084.HK","SECURITY_CODE":"00084","SECURITY_NAME_ABBR":"宝光实业","ORG_CODE":"10007369","STD_REPORT_DATE":"2022-12-31 00:00:00","REPORT_DATE":"2023-03-31 00:00:00","DATE_TYPE_CODE":"001","REPORT_TYPE":"2022年年报","PER_NETCASH_OPERATE":0.050891318358,"PER_OI":0.673788808222,"BPS":0.358002266686,"BASIC_EPS":0.042457385,"DILUTED_EPS":0.042457385,"OPERATE_INCOME":705102486.14,"OPERATE_INCOME_YOY":16.309871236,"GROSS_PROFIT":319651584.45,"GROSS_PROFIT_YOY":21.747012872728,"HOLDER_PROFIT":44466450.95,"HOLDER_PROFIT_YOY":147.598298287,"GROSS_PROFIT_RATIO":45.334060045639,"EPS_TTM":0.002558387457,"OPERATE_INCOME_QOQ":0,"NET_PROFIT_RATIO":6.3448688566,"ROE_AVG":12.66395578149,"GROSS_PROFIT_QOQ":0,"ROA":4.524858662194,"HOLDER_PROFIT_QOQ":0,"ROE_YEARLY":12.66395578149,"ROIC_YEARLY":4.992154764169,"TOTAL_ASSETS":930668505.43,"TOTAL_LIABILITIES":554187054.6,"TAX_EBT":14.211613033187,"OCF_SALES":7.55300737224,"TOTAL_PARENT_EQUITY":371219361.32,"DEBT_ASSET_RATIO":59.54720197,"OPERATE_PROFIT":70771646.04,"PRETAX_PROFIT":52149049.11,"NETCASH_OPERATE":53256442.76,"NETCASH_INVEST":99443949.77,"NETCASH_FINANCE":-173733868.6,"END_CASH":74782774.66,"DIVI_RATIO":null,"DIVIDEND_RATE":null,"CURRENT_RATIO":0.742412430727,"COMMON_ACS":1600000000,"CURRENTDEBT_DEBT":89.177171200202,"ISSUED_COMMON_SHARES":1036919025,"HK_COMMON_SHARES":1036919025,"PER_SHARES":1000,"TOTAL_MARKET_CAP":79842764.925,"HKSK_MARKET_CAP":79842764.925,"PE_TTM":0.178324745554,"PB_TTM":0.089537229359,"REPORT_DATE_SQ":"2021-12-31 00:00:00","REPORT_TYPE_SQ":"2021年年报","OPERATE_INCOME_SQ":561630102.07,"DPS_HKD":null,"OPERATE_INCOME_QOQ_SQ":0,"NET_PROFIT_RATIO_SQ":-15.3731298023,"HOLDER_PROFIT_SQ":-86547743.16,"HOLDER_PROFIT_QOQ_SQ":0,"ROE_AVG_SQ":-24.655236546197,"PE_TTM_SQ":-2.587400234887,"PB_TTM_SQ":0.218356604069,"ROA_SQ":-8.40327135111,"START_DATE":"2022-04-01 00:00:00","FISCAL_YEAR":"3-31","CURRENCY":"HKD","IS_CNY_CODE":0,"DPS_HKD_LY":null,"ORG_TYPE":"一般企业","PREMIUM_INCOME":null,"PREMIUM_INCOME_YOY":null,"NET_INTEREST_INCOME":null,"NET_INTEREST_INCOME_YOY":null,"FEE_COMMISSION_INCOME":null,"FEE_COMMISSION_INCOME_YOY":null,"ACCOUNTS_RECE_TDAYS":6.491251823376,"INVENTORY_TDAYS":1.823958277238,"CURRENT_ASSETS_TDAYS":1.661021003681,"TOTAL_ASSETS_TDAYS":0.717504775844,"PREMIUM_EXPENSE":null,"LOAN_DEPOSIT":null,"LOAN_EQUITY":null,"LOAN_ASSETS":null,"DEPOSIT_EQUITY":null,"DEPOSIT_ASSETS":null,"EQUITY_MULTIPLIER":2.472016890546,"EQUITY_RATIO":1.492882948318},{"SECUCODE":"00084.HK","SECURITY_CODE":"00084","SECURITY_NAME_ABBR":"宝光实业","ORG_CODE":"10007369","STD_REPORT_DATE":"2022-06-30 00:00:00","REPORT_DATE":"2022-09-30 00:00:00","DATE_TYPE_CODE":"002","REPORT_TYPE":"2022年中报","PER_NETCASH_OPERATE":0.03759504261,"PER_OI":0.352925309885,"BPS":0.359182304867,"BASIC_EPS":0.045945552,"DILUTED_EPS":0.045945552,"OPERATE_INCOME":369327169.56,"OPERATE_INCOME_YOY":33.3475928145,"GROSS_PROFIT":164109733.56,"GROSS_PROFIT_YOY":39.245582267257,"HOLDER_PROFIT":48124347.96,"HOLDER_PROFIT_YOY":207.8480653465,"GROSS_PROFIT_RATIO":44.434784951108,"EPS_TTM":-0.082704148495,"OPERATE_INCOME_QOQ":0,"NET_PROFIT_RATIO":13.0736208488,"ROE_AVG":13.471656075145,"GROSS_PROFIT_QOQ":0,"ROA":4.664164631188,"HOLDER_PROFIT_QOQ":0,"ROE_YEARLY":26.94331215029,"ROIC_YEARLY":10.453952919981,"TOTAL_ASSETS":994503230.76,"TOTAL_LIABILITIES":616867875.36,"TAX_EBT":10.349460108482,"OCF_SALES":10.652407621912,"TOTAL_PARENT_EQUITY":372442965.36,"DEBT_ASSET_RATIO":62.0277397077,"OPERATE_PROFIT":61699992.36,"PRETAX_PROFIT":53858497.56,"NETCASH_OPERATE":39342235.56,"NETCASH_INVEST":106035641.16,"NETCASH_FINANCE":-134762464.44,"END_CASH":109624459.08,"DIVI_RATIO":null,"DIVIDEND_RATE":null,"CURRENT_RATIO":0.78088238356,"COMMON_ACS":1600000000,"CURRENTDEBT_DEBT":91.544973638064,"ISSUED_COMMON_SHARES":1036919025,"HK_COMMON_SHARES":1036919025,"PER_SHARES":1000,"TOTAL_MARKET_CAP":79842764.925,"HKSK_MARKET_CAP":79842764.925,"PE_TTM":0.178324745554,"PB_TTM":0.089537229359,"REPORT_DATE_SQ":"2021-06-30 00:00:00","REPORT_TYPE_SQ":"2021年中报","OPERATE_INCOME_SQ":255107130.74,"DPS_HKD":null,"OPERATE_INCOME_QOQ_SQ":0,"NET_PROFIT_RATIO_SQ":-16.0954710364,"HOLDER_PROFIT_SQ":-41100681.22,"HOLDER_PROFIT_QOQ_SQ":0,"ROE_AVG_SQ":-10.695614943121,"PE_TTM_SQ":-2.587400234887,"PB_TTM_SQ":0.218356604069,"ROA_SQ":-3.743644181937,"START_DATE":"2022-04-01 00:00:00","FISCAL_YEAR":"3-31","CURRENCY":"HKD","IS_CNY_CODE":0,"DPS_HKD_LY":null,"ORG_TYPE":"一般企业","PREMIUM_INCOME":null,"PREMIUM_INCOME_YOY":null,"NET_INTEREST_INCOME":null,"NET_INTEREST_INCOME_YOY":null,"FEE_COMMISSION_INCOME":null,"FEE_COMMISSION_INCOME_YOY":null,"ACCOUNTS_RECE_TDAYS":3.078382667235,"INVENTORY_TDAYS":0.91220480988,"CURRENT_ASSETS_TDAYS":0.787242533371,"TOTAL_ASSETS_TDAYS":0.357948272469,"PREMIUM_EXPENSE":null,"LOAN_DEPOSIT":null,"LOAN_EQUITY":null,"LOAN_ASSETS":null,"DEPOSIT_EQUITY":null,"DEPOSIT_ASSETS":null,"EQUITY_MULTIPLIER":2.633501383121,"EQUITY_RATIO":1.656274739311},{"SECUCODE":"00084.HK","SECURITY_CODE":"00084","SECURITY_NAME_ABBR":"宝光实业","ORG_CODE":"10007369","STD_REPORT_DATE":"2021-12-31 00:00:00","REPORT_DATE":"2022-03-31 00:00:00","DATE_TYPE_CODE":"001","REPORT_TYPE":"2021年年报","PER_NETCASH_OPERATE":0.0714783755,"PER_OI":0.536688048296,"BPS":0.295760980429,"BASIC_EPS":-0.08272302,"DILUTED_EPS":-0.08272302,"OPERATE_INCOME":561630102.07,"OPERATE_INCOME_YOY":-1.9482716876,"GROSS_PROFIT":262553944.37,"GROSS_PROFIT_YOY":-4.334882313114,"HOLDER_PROFIT":-86547743.16,"HOLDER_PROFIT_YOY":-30.3162779338,"GROSS_PROFIT_RATIO":46.748552722211,"EPS_TTM":-0.063013875323,"OPERATE_INCOME_QOQ":0,"NET_PROFIT_RATIO":-15.3731298023,"ROE_AVG":-24.655236546197,"GROSS_PROFIT_QOQ":0,"ROA":-8.40327135111,"HOLDER_PROFIT_QOQ":0,"ROE_YEARLY":-24.655236546197,"ROIC_YEARLY":-9.512399920846,"TOTAL_ASSETS":958638150.3,"TOTAL_LIABILITIES":646603674.82,"TAX_EBT":-17.198938758435,"OCF_SALES":13.318421330037,"TOTAL_PARENT_EQUITY":306680187.46,"DEBT_ASSET_RATIO":67.4502339196,"OPERATE_PROFIT":-58037497.62,"PRETAX_PROFIT":-73669715.37,"NETCASH_OPERATE":74800263.31,"NETCASH_INVEST":-7209878.9,"NETCASH_FINANCE":-112173226.13,"END_CASH":90931252.21,"DIVI_RATIO":null,"DIVIDEND_RATE":null,"CURRENT_RATIO":0.748196358154,"COMMON_ACS":1600000000,"CURRENTDEBT_DEBT":92.175917680319,"ISSUED_COMMON_SHARES":1036919025,"HK_COMMON_SHARES":1036919025,"PER_SHARES":1000,"TOTAL_MARKET_CAP":79842764.925,"HKSK_MARKET_CAP":79842764.925,"PE_TTM":0.178324745554,"PB_TTM":0.089537229359,"REPORT_DATE_SQ":"2020-12-31 00:00:00","REPORT_TYPE_SQ":"2020年年报","OPERATE_INCOME_SQ":596922743.06,"DPS_HKD":null,"OPERATE_INCOME_QOQ_SQ":0,"NET_PROFIT_RATIO_SQ":-11.5566775738,"HOLDER_PROFIT_SQ":-69211790.2,"HOLDER_PROFIT_QOQ_SQ":0,"ROE_AVG_SQ":-16.088945996232,"PE_TTM_SQ":-2.587400234887,"PB_TTM_SQ":0.218356604069,"ROA_SQ":-5.34573119961,"START_DATE":"2021-04-01 00:00:00","FISCAL_YEAR":"3-31","CURRENCY":"HKD","IS_CNY_CODE":0,"DPS_HKD_LY":null,"ORG_TYPE":"一般企业","PREMIUM_INCOME":null,"PREMIUM_INCOME_YOY":null,"NET_INTEREST_INCOME":null,"NET_INTEREST_INCOME_YOY":null,"FEE_COMMISSION_INCOME":null,"FEE_COMMISSION_INCOME_YOY":null,"ACCOUNTS_RECE_TDAYS":4.987123629005,"INVENTORY_TDAYS":1.396903682323,"CURRENT_ASSETS_TDAYS":1.226244736497,"TOTAL_ASSETS_TDAYS":0.545309441278,"PREMIUM_EXPENSE":null,"LOAN_DEPOSIT":null,"LOAN_EQUITY":null,"LOAN_ASSETS":null,"DEPOSIT_EQUITY":null,"DEPOSIT_ASSETS":null,"EQUITY_MULTIPLIER":3.072218698991,"EQUITY_RATIO":2.108397285704},{"SECUCODE":"00084.HK","SECURITY_CODE":"00084","SECURITY_NAME_ABBR":"宝光实业","ORG_CODE":"10007369","STD_REPORT_DATE":"2021-06-30 00:00:00","REPORT_DATE":"2021-09-30 00:00:00","DATE_TYPE_CODE":"002","REPORT_TYPE":"2021年中报","PER_NETCASH_OPERATE":0.025946104663,"PER_OI":0.243777795383,"BPS":0.349514840563,"BASIC_EPS":-0.039237126,"DILUTED_EPS":-0.039237126,"OPERATE_INCOME":255107130.74,"OPERATE_INCOME_YOY":-2.8217732236,"GROSS_PROFIT":117856330.44,"GROSS_PROFIT_YOY":-8.832605448015,"HOLDER_PROFIT":-41100681.22,"HOLDER_PROFIT_YOY":2.2913613499,"GROSS_PROFIT_RATIO":46.198759751689,"EPS_TTM":-0.066138087087,"OPERATE_INCOME_QOQ":0,"NET_PROFIT_RATIO":-16.0954710364,"ROE_AVG":-10.695614943121,"GROSS_PROFIT_QOQ":0,"ROA":-3.743644181937,"HOLDER_PROFIT_QOQ":0,"ROE_YEARLY":-21.391229886241,"ROIC_YEARLY":-8.467945059707,"TOTAL_ASSETS":1064597364.16,"TOTAL_LIABILITIES":696666418.44,"TAX_EBT":-1.756885090218,"OCF_SALES":10.643342074069,"TOTAL_PARENT_EQUITY":362418587.7,"DEBT_ASSET_RATIO":65.4394273266,"OPERATE_PROFIT":-32240255.06,"PRETAX_PROFIT":-40351760.28,"NETCASH_OPERATE":27151924.58,"NETCASH_INVEST":-4191957.92,"NETCASH_FINANCE":-62094626.28,"END_CASH":100971870.36,"DIVI_RATIO":null,"DIVIDEND_RATE":null,"CURRENT_RATIO":0.710108880927,"COMMON_ACS":1600000000,"CURRENTDEBT_DEBT":89.375252608595,"ISSUED_COMMON_SHARES":1036919025,"HK_COMMON_SHARES":1036919025,"PER_SHARES":1000,"TOTAL_MARKET_CAP":79842764.925,"HKSK_MARKET_CAP":79842764.925,"PE_TTM":0.178324745554,"PB_TTM":0.089537229359,"REPORT_DATE_SQ":"2020-06-30 00:00:00","REPORT_TYPE_SQ":"2020年中报","OPERATE_INCOME_SQ":276903125.12,"DPS_HKD":null,"OPERATE_INCOME_QOQ_SQ":0,"NET_PROFIT_RATIO_SQ":-15.9865575446,"HOLDER_PROFIT_SQ":-44370087.68,"HOLDER_PROFIT_QOQ_SQ":0,"ROE_AVG_SQ":-9.8354365164,"PE_TTM_SQ":-2.587400234887,"PB_TTM_SQ":0.218356604069,"ROA_SQ":-3.056867827426,"START_DATE":"2021-04-01 00:00:00","FISCAL_YEAR":"3-31","CURRENCY":"HKD","IS_CNY_CODE":0,"DPS_HKD_LY":null,"ORG_TYPE":"一般企业","PREMIUM_INCOME":null,"PREMIUM_INCOME_YOY":null,"NET_INTEREST_INCOME":null,"NET_INTEREST_INCOME_YOY":null,"FEE_COMMISSION_INCOME":null,"FEE_COMMISSION_INCOME_YOY":null,"ACCOUNTS_RECE_TDAYS":2.264530036198,"INVENTORY_TDAYS":0.600891005874,"CURRENT_ASSETS_TDAYS":0.551577123425,"TOTAL_ASSETS_TDAYS":0.232363624499,"PREMIUM_EXPENSE":null,"LOAN_DEPOSIT":null,"LOAN_EQUITY":null,"LOAN_ASSETS":null,"DEPOSIT_EQUITY":null,"DEPOSIT_ASSETS":null,"EQUITY_MULTIPLIER":2.893470572522,"EQUITY_RATIO":1.922270109989},{"SECUCODE":"00084.HK","SECURITY_CODE":"00084","SECURITY_NAME_ABBR":"宝光实业","ORG_CODE":"10007369","STD_REPORT_DATE":"2020-12-31 00:00:00","REPORT_DATE":"2021-03-31 00:00:00","DATE_TYPE_CODE":"001","REPORT_TYPE":"2020年年报","PER_NETCASH_OPERATE":0.149691433325,"PER_OI":0.57041333927,"BPS":0.397371582222,"BASIC_EPS":-0.066177594,"DILUTED_EPS":-0.066177594,"OPERATE_INCOME":596922743.06,"OPERATE_INCOME_YOY":-31.7480580676,"GROSS_PROFIT":274451075.5,"GROSS_PROFIT_YOY":-40.566157595341,"HOLDER_PROFIT":-69211790.2,"HOLDER_PROFIT_YOY":79.67475639,"GROSS_PROFIT_RATIO":45.977654343188,"EPS_TTM":-0.335887706348,"OPERATE_INCOME_QOQ":0,"NET_PROFIT_RATIO":-11.5566775738,"ROE_AVG":-16.088945996232,"GROSS_PROFIT_QOQ":0,"ROA":-5.34573119961,"HOLDER_PROFIT_QOQ":0,"ROE_YEARLY":-16.088945996232,"ROIC_YEARLY":-5.949879044314,"TOTAL_ASSETS":1147617520.84,"TOTAL_LIABILITIES":729594028.38,"TAX_EBT":-46.038647342995,"OCF_SALES":26.242624956284,"TOTAL_PARENT_EQUITY":412042153.6,"DEBT_ASSET_RATIO":63.5746679648,"OPERATE_PROFIT":-22971992.4,"PRETAX_PROFIT":-47237110.2,"NETCASH_OPERATE":156648196.74,"NETCASH_INVEST":88193687.82,"NETCASH_FINANCE":-230973325.94,"END_CASH":143971341.92,"DIVI_RATIO":null,"DIVIDEND_RATE":null,"CURRENT_RATIO":0.757350068532,"COMMON_ACS":1600000000,"CURRENTDEBT_DEBT":88.658092004435,"ISSUED_COMMON_SHARES":1036919025,"HK_COMMON_SHARES":1036919025,"PER_SHARES":1000,"TOTAL_MARKET_CAP":79842764.925,"HKSK_MARKET_CAP":79842764.925,"PE_TTM":0.178324745554,"PB_TTM":0.089537229359,"REPORT_DATE_SQ":"2019-12-31 00:00:00","REPORT_TYPE_SQ":"2019年年报","OPERATE_INCOME_SQ":945491277.8,"DPS_HKD":null,"OPERATE_INCOME_QOQ_SQ":0,"NET_PROFIT_RATIO_SQ":-38.9144119506,"HOLDER_PROFIT_SQ":-368127902.6,"HOLDER_PROFIT_QOQ_SQ":0,"ROE_AVG_SQ":-53.173218988569,"PE_TTM_SQ":-2.587400234887,"PB_TTM_SQ":0.218356604069,"ROA_SQ":-21.851312712331,"START_DATE":"2020-04-01 00:00:00","FISCAL_YEAR":"3-31","CURRENCY":"HKD","IS_CNY_CODE":0,"DPS_HKD_LY":null,"ORG_TYPE":"一般企业","PREMIUM_INCOME":null,"PREMIUM_INCOME_YOY":null,"NET_INTEREST_INCOME":null,"NET_INTEREST_INCOME_YOY":null,"FEE_COMMISSION_INCOME":null,"FEE_COMMISSION_INCOME_YOY":null,"ACCOUNTS_RECE_TDAYS":4.624708609445,"INVENTORY_TDAYS":1.191680083955,"CURRENT_ASSETS_TDAYS":1.088478663249,"TOTAL_ASSETS_TDAYS":0.461046957767,"PREMIUM_EXPENSE":null,"LOAN_DEPOSIT":null,"LOAN_EQUITY":null,"LOAN_ASSETS":null,"DEPOSIT_EQUITY":null,"DEPOSIT_ASSETS":null,"EQUITY_MULTIPLIER":2.745342167461,"EQUITY_RATIO":1.770678126026},{"SECUCODE":"00084.HK","SECURITY_CODE":"00084","SECURITY_NAME_ABBR":"宝光实业","ORG_CODE":"10007369","STD_REPORT_DATE":"2020-06-30 00:00:00","REPORT_DATE":"2020-09-30 00:00:00","DATE_TYPE_CODE":"002","REPORT_TYPE":"2020年中报","PER_NETCASH_OPERATE":0.08717975256,"PER_OI":0.264605827287,"BPS":0.420607555465,"BASIC_EPS":-0.042442176,"DILUTED_EPS":-0.042442176,"OPERATE_INCOME":276903125.12,"OPERATE_INCOME_YOY":-46.9212681451,"GROSS_PROFIT":129274650.24,"GROSS_PROFIT_YOY":-51.738951574592,"HOLDER_PROFIT":-44370087.68,"HOLDER_PROFIT_YOY":25.3345557248,"GROSS_PROFIT_RATIO":46.685876218976,"EPS_TTM":-0.351779302501,"OPERATE_INCOME_QOQ":0,"NET_PROFIT_RATIO":-15.9865575446,"ROE_AVG":-9.8354365164,"GROSS_PROFIT_QOQ":0,"ROA":-3.056867827426,"HOLDER_PROFIT_QOQ":0,"ROE_YEARLY":-19.670873032801,"ROIC_YEARLY":-6.742464984255,"TOTAL_ASSETS":1403955548.16,"TOTAL_LIABILITIES":961716861.44,"TAX_EBT":-11.59426710675,"OCF_SALES":32.947026697681,"TOTAL_PARENT_EQUITY":436135976.32,"DEBT_ASSET_RATIO":68.5005207395,"OPERATE_PROFIT":-24341422.72,"PRETAX_PROFIT":-39668056.96,"NETCASH_OPERATE":91231346.56,"NETCASH_INVEST":-986802.56,"NETCASH_FINANCE":-57376901.12,"END_CASH":147138149.12,"DIVI_RATIO":null,"DIVIDEND_RATE":null,"CURRENT_RATIO":0.69373089167,"COMMON_ACS":1600000000,"CURRENTDEBT_DEBT":89.865704480416,"ISSUED_COMMON_SHARES":1036919025,"HK_COMMON_SHARES":1036919025,"PER_SHARES":1000,"TOTAL_MARKET_CAP":79842764.925,"HKSK_MARKET_CAP":79842764.925,"PE_TTM":0.178324745554,"PB_TTM":0.089537229359,"REPORT_DATE_SQ":"2019-06-30 00:00:00","REPORT_TYPE_SQ":"2019年中报","OPERATE_INCOME_SQ":535510708.86,"DPS_HKD":null,"OPERATE_INCOME_QOQ_SQ":0,"NET_PROFIT_RATIO_SQ":-11.3726784866,"HOLDER_PROFIT_SQ":-61000230.27,"HOLDER_PROFIT_QOQ_SQ":0,"ROE_AVG_SQ":-7.120486653102,"PE_TTM_SQ":-2.587400234887,"PB_TTM_SQ":0.218356604069,"ROA_SQ":-3.223870379693,"START_DATE":"2020-04-01 00:00:00","FISCAL_YEAR":"3-31","CURRENCY":"HKD","IS_CNY_CODE":0,"DPS_HKD_LY":null,"ORG_TYPE":"一般企业","PREMIUM_INCOME":null,"PREMIUM_INCOME_YOY":null,"NET_INTEREST_INCOME":null,"NET_INTEREST_INCOME_YOY":null,"FEE_COMMISSION_INCOME":null,"FEE_COMMISSION_INCOME_YOY":null,"ACCOUNTS_RECE_TDAYS":1.897673382252,"INVENTORY_TDAYS":0.467167654972,"CURRENT_ASSETS_TDAYS":0.450044594433,"TOTAL_ASSETS_TDAYS":0.190771823711,"PREMIUM_EXPENSE":null,"LOAN_DEPOSIT":null,"LOAN_EQUITY":null,"LOAN_ASSETS":null,"DEPOSIT_EQUITY":null,"DEPOSIT_ASSETS":null,"EQUITY_MULTIPLIER":3.174655656146,"EQUITY_RATIO":2.205084913092}],"count":48},"success":true,"message":"ok","code":0}