{"version":"44627dd184f1b242d15b52188e577add","result":{"pages":6,"data":[{"SECUCODE":"00087.HK","SECURITY_CODE":"00087","SECURITY_NAME_ABBR":"太古股份公司B","ORG_CODE":"10007372","STD_REPORT_DATE":"2024-06-30 00:00:00","REPORT_DATE":"2024-06-30 00:00:00","DATE_TYPE_CODE":"002","REPORT_TYPE":"2024年中报","PER_NETCASH_OPERATE":1.49072878919,"PER_OI":12.487339209555,"BPS":84.570268505717,"BASIC_EPS":0.501974,"DILUTED_EPS":0.501974,"OPERATE_INCOME":36108358840,"OPERATE_INCOME_YOY":-23.2442185317,"GROSS_PROFIT":13730357920,"GROSS_PROFIT_YOY":-22.468495564103,"HOLDER_PROFIT":3572229520,"HOLDER_PROFIT_YOY":-7.2731580194,"GROSS_PROFIT_RATIO":38.025427798701,"EPS_TTM":8.931989185908,"OPERATE_INCOME_QOQ":-13.283035016508,"NET_PROFIT_RATIO":11.573945353,"ROE_AVG":1.467635340989,"GROSS_PROFIT_QOQ":-12.491972657419,"ROA":0.866423755152,"HOLDER_PROFIT_QOQ":-1.221731120512,"ROE_YEARLY":2.935270681978,"ROIC_YEARLY":2.05948241955,"TOTAL_ASSETS":415937481760,"TOTAL_LIABILITIES":122906964880,"TAX_EBT":26.771149848073,"OCF_SALES":11.937921795617,"TOTAL_PARENT_EQUITY":242084719280,"DEBT_ASSET_RATIO":29.5493842873,"OPERATE_PROFIT":4513202600,"PRETAX_PROFIT":5706988040,"NETCASH_OPERATE":4310587640,"NETCASH_INVEST":-6104003840,"NETCASH_FINANCE":5207752080,"END_CASH":13995947800,"DIVI_RATIO":0.066128382794,"DIVIDEND_RATE":6.09756097561,"CURRENT_RATIO":0.937262035705,"COMMON_ACS":null,"CURRENTDEBT_DEBT":35.106114386705,"ISSUED_COMMON_SHARES":2862527500,"HK_COMMON_SHARES":2862527500,"PER_SHARES":2500,"TOTAL_MARKET_CAP":30514543150,"HKSK_MARKET_CAP":30514543150,"PE_TTM":1.068960384993,"PB_TTM":0.115042425333,"REPORT_DATE_SQ":"2023-06-30 00:00:00","REPORT_TYPE_SQ":"2023年中报","OPERATE_INCOME_SQ":47522537120,"DPS_HKD":0.65,"OPERATE_INCOME_QOQ_SQ":11.851027822233,"NET_PROFIT_RATIO_SQ":9.4424181282,"HOLDER_PROFIT_SQ":3891677580,"HOLDER_PROFIT_QOQ_SQ":60.173014863243,"ROE_AVG_SQ":1.639726362651,"PE_TTM_SQ":4.296761996309,"PB_TTM_SQ":0.108966739604,"ROA_SQ":0.95218115128,"START_DATE":"2024-01-01 00:00:00","FISCAL_YEAR":"12-31","CURRENCY":"HKD","IS_CNY_CODE":0,"DPS_HKD_LY":0.65,"ORG_TYPE":"一般企业","PREMIUM_INCOME":null,"PREMIUM_INCOME_YOY":null,"NET_INTEREST_INCOME":null,"NET_INTEREST_INCOME_YOY":null,"FEE_COMMISSION_INCOME":null,"FEE_COMMISSION_INCOME_YOY":null,"ACCOUNTS_RECE_TDAYS":4.151852240529,"INVENTORY_TDAYS":1.554491853167,"CURRENT_ASSETS_TDAYS":0.930959832459,"TOTAL_ASSETS_TDAYS":0.087578750703,"PREMIUM_EXPENSE":null,"LOAN_DEPOSIT":null,"LOAN_EQUITY":null,"LOAN_ASSETS":null,"DEPOSIT_EQUITY":null,"DEPOSIT_ASSETS":null,"EQUITY_MULTIPLIER":1.419434010454,"EQUITY_RATIO":0.507702283918},{"SECUCODE":"00087.HK","SECURITY_CODE":"00087","SECURITY_NAME_ABBR":"太古股份公司B","ORG_CODE":"10007372","STD_REPORT_DATE":"2023-12-31 00:00:00","REPORT_DATE":"2023-12-31 00:00:00","DATE_TYPE_CODE":"001","REPORT_TYPE":"2023年年报","PER_NETCASH_OPERATE":3.075272359883,"PER_OI":29.404714226197,"BPS":84.884376614723,"BASIC_EPS":3.6158178,"DILUTED_EPS":3.6158178,"OPERATE_INCOME":85930499060,"OPERATE_INCOME_YOY":4.0079412958,"GROSS_PROFIT":31852726780,"GROSS_PROFIT_YOY":4.301408309715,"HOLDER_PROFIT":26147165660,"HOLDER_PROFIT_YOY":587.7949940405,"GROSS_PROFIT_RATIO":37.068010925619,"EPS_TTM":8.94734631438,"OPERATE_INCOME_QOQ":-5.664009255538,"NET_PROFIT_RATIO":31.4670491336,"ROE_AVG":10.958534709496,"GROSS_PROFIT_QOQ":-5.663502099444,"ROA":6.538790143657,"HOLDER_PROFIT_QOQ":335.632782814132,"ROE_YEARLY":10.958534709496,"ROIC_YEARLY":7.769790372117,"TOTAL_ASSETS":405761817440,"TOTAL_LIABILITIES":111445123160,"TAX_EBT":8.947207812023,"OCF_SALES":10.458433080582,"TOTAL_PARENT_EQUITY":242983862380,"DEBT_ASSET_RATIO":27.465650628,"OPERATE_PROFIT":27749362620,"PRETAX_PROFIT":29696829400,"NETCASH_OPERATE":8986983740,"NETCASH_INVEST":11808046600,"NETCASH_FINANCE":-19688535720,"END_CASH":10721488820,"DIVI_RATIO":0.066014880753,"DIVIDEND_RATE":6.132075471698,"CURRENT_RATIO":0.972975558425,"COMMON_ACS":null,"CURRENTDEBT_DEBT":34.001203467287,"ISSUED_COMMON_SHARES":2862527500,"HK_COMMON_SHARES":2862527500,"PER_SHARES":2500,"TOTAL_MARKET_CAP":30342791500,"HKSK_MARKET_CAP":30342791500,"PE_TTM":1.062943722413,"PB_TTM":0.114394906992,"REPORT_DATE_SQ":"2022-12-31 00:00:00","REPORT_TYPE_SQ":"2022年年报","OPERATE_INCOME_SQ":81438532630,"DPS_HKD":0.65,"OPERATE_INCOME_QOQ_SQ":10.53663540998,"NET_PROFIT_RATIO_SQ":6.8762408275,"HOLDER_PROFIT_SQ":3747267650,"HOLDER_PROFIT_QOQ_SQ":-25.450920830723,"ROE_AVG_SQ":1.598183518709,"PE_TTM_SQ":4.310245559059,"PB_TTM_SQ":0.109308685439,"ROA_SQ":0.963169942669,"START_DATE":"2023-01-01 00:00:00","FISCAL_YEAR":"12-31","CURRENCY":"HKD","IS_CNY_CODE":0,"DPS_HKD_LY":0.61,"ORG_TYPE":"一般企业","PREMIUM_INCOME":null,"PREMIUM_INCOME_YOY":null,"NET_INTEREST_INCOME":null,"NET_INTEREST_INCOME_YOY":null,"FEE_COMMISSION_INCOME":null,"FEE_COMMISSION_INCOME_YOY":null,"ACCOUNTS_RECE_TDAYS":10.227915003775,"INVENTORY_TDAYS":3.760176433522,"CURRENT_ASSETS_TDAYS":2.329145327487,"TOTAL_ASSETS_TDAYS":0.214891934216,"PREMIUM_EXPENSE":null,"LOAN_DEPOSIT":null,"LOAN_EQUITY":null,"LOAN_ASSETS":null,"DEPOSIT_EQUITY":null,"DEPOSIT_ASSETS":null,"EQUITY_MULTIPLIER":1.378657158516,"EQUITY_RATIO":0.458652365093},{"SECUCODE":"00087.HK","SECURITY_CODE":"00087","SECURITY_NAME_ABBR":"太古股份公司B","ORG_CODE":"10007372","STD_REPORT_DATE":"2023-06-30 00:00:00","REPORT_DATE":"2023-06-30 00:00:00","DATE_TYPE_CODE":"002","REPORT_TYPE":"2023年中报","PER_NETCASH_OPERATE":1.625740675059,"PER_OI":16.261823666842,"BPS":82.578338297187,"BASIC_EPS":0.5347484,"DILUTED_EPS":0.5347484,"OPERATE_INCOME":47522537120,"OPERATE_INCOME_YOY":16.3941830006,"GROSS_PROFIT":17709391840,"GROSS_PROFIT_YOY":22.272893161836,"HOLDER_PROFIT":3891677580,"HOLDER_PROFIT_YOY":120.5329153605,"GROSS_PROFIT_RATIO":37.265249107559,"EPS_TTM":2.053873507081,"OPERATE_INCOME_QOQ":11.851027822233,"NET_PROFIT_RATIO":9.4424181282,"ROE_AVG":1.639726362651,"GROSS_PROFIT_QOQ":10.563154909209,"ROA":0.95218115128,"HOLDER_PROFIT_QOQ":60.173014863243,"ROE_YEARLY":3.279452725302,"ROIC_YEARLY":2.258683772232,"TOTAL_ASSETS":416578223400,"TOTAL_LIABILITIES":128060256060,"TAX_EBT":25.306936771025,"OCF_SALES":9.997283873972,"TOTAL_PARENT_EQUITY":236382764280,"DEBT_ASSET_RATIO":30.7409866543,"OPERATE_PROFIT":4682736420,"PRETAX_PROFIT":6007621680,"NETCASH_OPERATE":4750962940,"NETCASH_INVEST":-7971439080,"NETCASH_FINANCE":3804089480,"END_CASH":10249651660,"DIVI_RATIO":0.287582462096,"DIVIDEND_RATE":6.132075471698,"CURRENT_RATIO":1.174767768417,"COMMON_ACS":null,"CURRENTDEBT_DEBT":33.326853711743,"ISSUED_COMMON_SHARES":2862527500,"HK_COMMON_SHARES":2862527500,"PER_SHARES":2500,"TOTAL_MARKET_CAP":30342791500,"HKSK_MARKET_CAP":30342791500,"PE_TTM":1.062943722413,"PB_TTM":0.114394906992,"REPORT_DATE_SQ":"2022-06-30 00:00:00","REPORT_TYPE_SQ":"2022年中报","OPERATE_INCOME_SQ":37871233960,"DPS_HKD":0.65,"OPERATE_INCOME_QOQ_SQ":-0.759852376158,"NET_PROFIT_RATIO_SQ":6.8002359775,"HOLDER_PROFIT_SQ":1636833660,"HOLDER_PROFIT_QOQ_SQ":82.757648106113,"ROE_AVG_SQ":0.712353743342,"PE_TTM_SQ":4.310245559059,"PB_TTM_SQ":0.109308685439,"ROA_SQ":0.437398876086,"START_DATE":"2023-01-01 00:00:00","FISCAL_YEAR":"12-31","CURRENCY":"HKD","IS_CNY_CODE":0,"DPS_HKD_LY":0.61,"ORG_TYPE":"一般企业","PREMIUM_INCOME":null,"PREMIUM_INCOME_YOY":null,"NET_INTEREST_INCOME":null,"NET_INTEREST_INCOME_YOY":null,"FEE_COMMISSION_INCOME":null,"FEE_COMMISSION_INCOME_YOY":null,"ACCOUNTS_RECE_TDAYS":5.248078195795,"INVENTORY_TDAYS":2.13108379741,"CURRENT_ASSETS_TDAYS":1.083779265972,"TOTAL_ASSETS_TDAYS":0.116273928599,"PREMIUM_EXPENSE":null,"LOAN_DEPOSIT":null,"LOAN_EQUITY":null,"LOAN_ASSETS":null,"DEPOSIT_EQUITY":null,"DEPOSIT_ASSETS":null,"EQUITY_MULTIPLIER":1.443855393967,"EQUITY_RATIO":0.541749549507},{"SECUCODE":"00087.HK","SECURITY_CODE":"00087","SECURITY_NAME_ABBR":"太古股份公司B","ORG_CODE":"10007372","STD_REPORT_DATE":"2022-12-31 00:00:00","REPORT_DATE":"2022-12-31 00:00:00","DATE_TYPE_CODE":"001","REPORT_TYPE":"2022年年报","PER_NETCASH_OPERATE":2.477102051329,"PER_OI":27.689420907012,"BPS":80.652846521125,"BASIC_EPS":0.5002312,"DILUTED_EPS":0.5002312,"OPERATE_INCOME":81438532630,"OPERATE_INCOME_YOY":-0.0657685604,"GROSS_PROFIT":30539114760,"GROSS_PROFIT_YOY":5.894441167116,"HOLDER_PROFIT":3747267650,"HOLDER_PROFIT_YOY":24.962764373,"GROSS_PROFIT_RATIO":37.499588675975,"EPS_TTM":1.27408571669,"OPERATE_INCOME_QOQ":10.53663540998,"NET_PROFIT_RATIO":6.8762408275,"ROE_AVG":1.598183518709,"GROSS_PROFIT_QOQ":7.298878676859,"ROA":0.963169942669,"HOLDER_PROFIT_QOQ":-25.450920830723,"ROE_YEARLY":1.598183518709,"ROIC_YEARLY":1.162249472209,"TOTAL_ASSETS":388363424820,"TOTAL_LIABILITIES":106147274100,"TAX_EBT":33.785602152949,"OCF_SALES":8.94602331933,"TOTAL_PARENT_EQUITY":230870991120,"DEBT_ASSET_RATIO":27.3319440803,"OPERATE_PROFIT":10564704290,"PRETAX_PROFIT":7966181860,"NETCASH_OPERATE":7285510120,"NETCASH_INVEST":-15669742340,"NETCASH_FINANCE":-1252364540,"END_CASH":9609798660,"DIVI_RATIO":0.463593612473,"DIVIDEND_RATE":6.132075471698,"CURRENT_RATIO":0.980906289126,"COMMON_ACS":null,"CURRENTDEBT_DEBT":34.950770007574,"ISSUED_COMMON_SHARES":2862527500,"HK_COMMON_SHARES":2862527500,"PER_SHARES":2500,"TOTAL_MARKET_CAP":30342791500,"HKSK_MARKET_CAP":30342791500,"PE_TTM":1.062943722413,"PB_TTM":0.114394906992,"REPORT_DATE_SQ":"2021-12-31 00:00:00","REPORT_TYPE_SQ":"2021年年报","OPERATE_INCOME_SQ":74588830400,"DPS_HKD":0.65,"OPERATE_INCOME_QOQ_SQ":5.196268275935,"NET_PROFIT_RATIO_SQ":5.6496552939,"HOLDER_PROFIT_SQ":2744683200,"HOLDER_PROFIT_QOQ_SQ":196.542057173067,"ROE_AVG_SQ":1.270292008564,"PE_TTM_SQ":4.310245559059,"PB_TTM_SQ":0.109308685439,"ROA_SQ":0.773843892407,"START_DATE":"2022-01-01 00:00:00","FISCAL_YEAR":"12-31","CURRENCY":"HKD","IS_CNY_CODE":0,"DPS_HKD_LY":0.55,"ORG_TYPE":"一般企业","PREMIUM_INCOME":null,"PREMIUM_INCOME_YOY":null,"NET_INTEREST_INCOME":null,"NET_INTEREST_INCOME_YOY":null,"FEE_COMMISSION_INCOME":null,"FEE_COMMISSION_INCOME_YOY":null,"ACCOUNTS_RECE_TDAYS":9.795745138068,"INVENTORY_TDAYS":4.07472826087,"CURRENT_ASSETS_TDAYS":2.034568176746,"TOTAL_ASSETS_TDAYS":0.209323576885,"PREMIUM_EXPENSE":null,"LOAN_DEPOSIT":null,"LOAN_EQUITY":null,"LOAN_ASSETS":null,"DEPOSIT_EQUITY":null,"DEPOSIT_ASSETS":null,"EQUITY_MULTIPLIER":1.376120480098,"EQUITY_RATIO":0.45976878076},{"SECUCODE":"00087.HK","SECURITY_CODE":"00087","SECURITY_NAME_ABBR":"太古股份公司B","ORG_CODE":"10007372","STD_REPORT_DATE":"2022-06-30 00:00:00","REPORT_DATE":"2022-06-30 00:00:00","DATE_TYPE_CODE":"002","REPORT_TYPE":"2022年中报","PER_NETCASH_OPERATE":1.222040058755,"PER_OI":12.700497996224,"BPS":78.990714042049,"BASIC_EPS":0.2223494,"DILUTED_EPS":0.2223494,"OPERATE_INCOME":37871233960,"OPERATE_INCOME_YOY":-4.1371209814,"GROSS_PROFIT":14483497840,"GROSS_PROFIT_YOY":-2.375902420617,"HOLDER_PROFIT":1636833660,"HOLDER_PROFIT_YOY":338.7626262626,"GROSS_PROFIT_RATIO":38.350880377564,"EPS_TTM":1.685713344311,"OPERATE_INCOME_QOQ":-0.759852376158,"NET_PROFIT_RATIO":6.8002359775,"ROE_AVG":0.712353743342,"GROSS_PROFIT_QOQ":-1.322889944105,"ROA":0.437398876086,"HOLDER_PROFIT_QOQ":82.757648106113,"ROE_YEARLY":1.424707486683,"ROIC_YEARLY":1.060262850991,"TOTAL_ASSETS":366312939790,"TOTAL_LIABILITIES":90992216000,"TAX_EBT":33.997955010225,"OCF_SALES":9.668270103467,"TOTAL_PARENT_EQUITY":226113091190,"DEBT_ASSET_RATIO":24.8400223187,"OPERATE_PROFIT":5385131430,"PRETAX_PROFIT":3345503280,"NETCASH_OPERATE":3643964590,"NETCASH_INVEST":-5562155760,"NETCASH_FINANCE":-5919625180,"END_CASH":10999453780,"DIVI_RATIO":0.350390534662,"DIVIDEND_RATE":6.132075471698,"CURRENT_RATIO":1.047184249436,"COMMON_ACS":null,"CURRENTDEBT_DEBT":36.232142857143,"ISSUED_COMMON_SHARES":2862527500,"HK_COMMON_SHARES":2862527500,"PER_SHARES":2500,"TOTAL_MARKET_CAP":30342791500,"HKSK_MARKET_CAP":30342791500,"PE_TTM":1.062943722413,"PB_TTM":0.114394906992,"REPORT_DATE_SQ":"2021-06-30 00:00:00","REPORT_TYPE_SQ":"2021年中报","OPERATE_INCOME_SQ":38254045920,"DPS_HKD":0.65,"OPERATE_INCOME_QOQ_SQ":4.772166747578,"NET_PROFIT_RATIO_SQ":-0.3701484873,"HOLDER_PROFIT_SQ":-659007360,"HOLDER_PROFIT_QOQ_SQ":69.224809394708,"ROE_AVG_SQ":-0.301415167044,"PE_TTM_SQ":4.310245559059,"PB_TTM_SQ":0.109308685439,"ROA_SQ":-0.183587891544,"START_DATE":"2022-01-01 00:00:00","FISCAL_YEAR":"12-31","CURRENCY":"HKD","IS_CNY_CODE":0,"DPS_HKD_LY":0.55,"ORG_TYPE":"一般企业","PREMIUM_INCOME":null,"PREMIUM_INCOME_YOY":null,"NET_INTEREST_INCOME":null,"NET_INTEREST_INCOME_YOY":null,"FEE_COMMISSION_INCOME":null,"FEE_COMMISSION_INCOME_YOY":null,"ACCOUNTS_RECE_TDAYS":4.454234560451,"INVENTORY_TDAYS":2.224041255679,"CURRENT_ASSETS_TDAYS":0.987596777627,"TOTAL_ASSETS_TDAYS":0.101941000882,"PREMIUM_EXPENSE":null,"LOAN_DEPOSIT":null,"LOAN_EQUITY":null,"LOAN_ASSETS":null,"DEPOSIT_EQUITY":null,"DEPOSIT_ASSETS":null,"EQUITY_MULTIPLIER":1.330495339209,"EQUITY_RATIO":0.402419052878},{"SECUCODE":"00087.HK","SECURITY_CODE":"00087","SECURITY_NAME_ABBR":"太古股份公司B","ORG_CODE":"10007372","STD_REPORT_DATE":"2021-12-31 00:00:00","REPORT_DATE":"2021-12-31 00:00:00","DATE_TYPE_CODE":"001","REPORT_TYPE":"2021年年报","PER_NETCASH_OPERATE":3.198430515079,"PER_OI":25.014112084028,"BPS":76.246715533737,"BASIC_EPS":0.36792,"DILUTED_EPS":0.36792,"OPERATE_INCOME":74588830400,"OPERATE_INCOME_YOY":15.8839144418,"GROSS_PROFIT":28839204800,"GROSS_PROFIT_YOY":12.356911767644,"HOLDER_PROFIT":2744683200,"HOLDER_PROFIT_YOY":130.5845985999,"GROSS_PROFIT_RATIO":38.851567146098,"EPS_TTM":0.922376361143,"OPERATE_INCOME_QOQ":5.196268275935,"NET_PROFIT_RATIO":5.6496552939,"ROE_AVG":1.270292008564,"GROSS_PROFIT_QOQ":8.253624587531,"ROA":0.773843892407,"HOLDER_PROFIT_QOQ":196.542057173067,"ROE_YEARLY":1.270292008564,"ROIC_YEARLY":0.956230564131,"TOTAL_ASSETS":356201339200,"TOTAL_LIABILITIES":91609627200,"TAX_EBT":31.345721870533,"OCF_SALES":12.846633334068,"TOTAL_PARENT_EQUITY":217902664000,"DEBT_ASSET_RATIO":25.7033892867,"OPERATE_PROFIT":9891324800,"PRETAX_PROFIT":8007574400,"NETCASH_OPERATE":9537304000,"NETCASH_INVEST":-5186854400,"NETCASH_FINANCE":-10090819200,"END_CASH":18411534400,"DIVI_RATIO":0.640365500335,"DIVIDEND_RATE":6.132075471698,"CURRENT_RATIO":1.012532107051,"COMMON_ACS":null,"CURRENTDEBT_DEBT":43.085490910065,"ISSUED_COMMON_SHARES":2862527500,"HK_COMMON_SHARES":2862527500,"PER_SHARES":2500,"TOTAL_MARKET_CAP":30342791500,"HKSK_MARKET_CAP":30342791500,"PE_TTM":1.062943722413,"PB_TTM":0.114394906992,"REPORT_DATE_SQ":"2020-12-31 00:00:00","REPORT_TYPE_SQ":"2020年年报","OPERATE_INCOME_SQ":65947543840,"DPS_HKD":0.65,"OPERATE_INCOME_QOQ_SQ":-9.815959501852,"NET_PROFIT_RATIO_SQ":-12.6137045182,"HOLDER_PROFIT_SQ":-9257198360,"HOLDER_PROFIT_QOQ_SQ":-54.734969465429,"ROE_AVG_SQ":-4.103767601167,"PE_TTM_SQ":4.310245559059,"PB_TTM_SQ":0.109308685439,"ROA_SQ":-2.515474433023,"START_DATE":"2021-01-01 00:00:00","FISCAL_YEAR":"12-31","CURRENCY":"HKD","IS_CNY_CODE":0,"DPS_HKD_LY":0.4,"ORG_TYPE":"一般企业","PREMIUM_INCOME":null,"PREMIUM_INCOME_YOY":null,"NET_INTEREST_INCOME":null,"NET_INTEREST_INCOME_YOY":null,"FEE_COMMISSION_INCOME":null,"FEE_COMMISSION_INCOME_YOY":null,"ACCOUNTS_RECE_TDAYS":9.826475657044,"INVENTORY_TDAYS":5.352742697387,"CURRENT_ASSETS_TDAYS":1.854047983665,"TOTAL_ASSETS_TDAYS":0.208878041374,"PREMIUM_EXPENSE":null,"LOAN_DEPOSIT":null,"LOAN_EQUITY":null,"LOAN_ASSETS":null,"DEPOSIT_EQUITY":null,"DEPOSIT_ASSETS":null,"EQUITY_MULTIPLIER":1.345956417661,"EQUITY_RATIO":0.420415361237},{"SECUCODE":"00087.HK","SECURITY_CODE":"00087","SECURITY_NAME_ABBR":"太古股份公司B","ORG_CODE":"10007372","STD_REPORT_DATE":"2021-06-30 00:00:00","REPORT_DATE":"2021-06-30 00:00:00","DATE_TYPE_CODE":"002","REPORT_TYPE":"2021年中报","PER_NETCASH_OPERATE":2.458119475363,"PER_OI":12.828877824989,"BPS":76.399180207002,"BASIC_EPS":-0.0915288,"DILUTED_EPS":-0.0915288,"OPERATE_INCOME":38254045920,"OPERATE_INCOME_YOY":19.6691929537,"GROSS_PROFIT":14835986400,"GROSS_PROFIT_YOY":8.55422983276,"HOLDER_PROFIT":-659007360,"HOLDER_PROFIT_YOY":89.7634742148,"GROSS_PROFIT_RATIO":38.264367324233,"EPS_TTM":-0.955414032134,"OPERATE_INCOME_QOQ":4.772166747578,"NET_PROFIT_RATIO":-0.3701484873,"ROE_AVG":-0.301415167044,"GROSS_PROFIT_QOQ":4.773976228519,"ROA":-0.183587891544,"HOLDER_PROFIT_QOQ":69.224809394708,"ROE_YEARLY":-0.602830334088,"ROIC_YEARLY":-0.454686369743,"TOTAL_ASSETS":357538119360,"TOTAL_LIABILITIES":91991436480,"TAX_EBT":123.411102172164,"OCF_SALES":18.847618640079,"TOTAL_PARENT_EQUITY":218694754320,"DEBT_ASSET_RATIO":25.7291269095,"OPERATE_PROFIT":3848370000,"PRETAX_PROFIT":1034275440,"NETCASH_OPERATE":7329792720,"NETCASH_INVEST":-5157231840,"NETCASH_FINANCE":-6610875600,"END_CASH":19996546560,"DIVI_RATIO":-0.61822202745,"DIVIDEND_RATE":6.132075471698,"CURRENT_RATIO":0.94772255598,"COMMON_ACS":null,"CURRENTDEBT_DEBT":41.404356163392,"ISSUED_COMMON_SHARES":2862527500,"HK_COMMON_SHARES":2862527500,"PER_SHARES":2500,"TOTAL_MARKET_CAP":30342791500,"HKSK_MARKET_CAP":30342791500,"PE_TTM":1.062943722413,"PB_TTM":0.114394906992,"REPORT_DATE_SQ":"2020-06-30 00:00:00","REPORT_TYPE_SQ":"2020年中报","OPERATE_INCOME_SQ":35675312640,"DPS_HKD":0.65,"OPERATE_INCOME_QOQ_SQ":-2.653245111566,"NET_PROFIT_RATIO_SQ":-19.0367677181,"HOLDER_PROFIT_SQ":-7067285280,"HOLDER_PROFIT_QOQ_SQ":-174.149729607033,"ROE_AVG_SQ":-2.896619113493,"PE_TTM_SQ":4.310245559059,"PB_TTM_SQ":0.109308685439,"ROA_SQ":-1.772778670748,"START_DATE":"2021-01-01 00:00:00","FISCAL_YEAR":"12-31","CURRENCY":"HKD","IS_CNY_CODE":0,"DPS_HKD_LY":0.4,"ORG_TYPE":"一般企业","PREMIUM_INCOME":null,"PREMIUM_INCOME_YOY":null,"NET_INTEREST_INCOME":null,"NET_INTEREST_INCOME_YOY":null,"FEE_COMMISSION_INCOME":null,"FEE_COMMISSION_INCOME_YOY":null,"ACCOUNTS_RECE_TDAYS":4.440430772203,"INVENTORY_TDAYS":3.63950554995,"CURRENT_ASSETS_TDAYS":1.01108695417,"TOTAL_ASSETS_TDAYS":0.1083400363,"PREMIUM_EXPENSE":null,"LOAN_DEPOSIT":null,"LOAN_EQUITY":null,"LOAN_ASSETS":null,"DEPOSIT_EQUITY":null,"DEPOSIT_ASSETS":null,"EQUITY_MULTIPLIER":1.346422841672,"EQUITY_RATIO":0.420638514015},{"SECUCODE":"00087.HK","SECURITY_CODE":"00087","SECURITY_NAME_ABBR":"太古股份公司B","ORG_CODE":"10007372","STD_REPORT_DATE":"2020-12-31 00:00:00","REPORT_DATE":"2020-12-31 00:00:00","DATE_TYPE_CODE":"001","REPORT_TYPE":"2020年年报","PER_NETCASH_OPERATE":3.23433038999,"PER_OI":22.116170000704,"BPS":77.236671046828,"BASIC_EPS":-1.2287944,"DILUTED_EPS":-1.2287944,"OPERATE_INCOME":65947543840,"OPERATE_INCOME_YOY":-6.5614346425,"GROSS_PROFIT":25667495080,"GROSS_PROFIT_YOY":-9.953196218149,"HOLDER_PROFIT":-9257198360,"HOLDER_PROFIT_YOY":-222.1161318974,"GROSS_PROFIT_RATIO":37.753648540584,"EPS_TTM":-3.104494280435,"OPERATE_INCOME_QOQ":-9.815959501852,"NET_PROFIT_RATIO":-12.6137045182,"ROE_AVG":-4.103767601167,"GROSS_PROFIT_QOQ":-8.584125044341,"ROA":-2.515474433023,"HOLDER_PROFIT_QOQ":-54.734969465429,"ROE_YEARLY":-4.103767601167,"ROIC_YEARLY":-3.092638569834,"TOTAL_ASSETS":364522700400,"TOTAL_LIABILITIES":95916660960,"TAX_EBT":-91.717095310136,"OCF_SALES":14.318022790884,"TOTAL_PARENT_EQUITY":221092094880,"DEBT_ASSET_RATIO":26.3129459029,"OPERATE_PROFIT":6405722040,"PRETAX_PROFIT":-2225296160,"NETCASH_OPERATE":9644352760,"NETCASH_INVEST":1451829000,"NETCASH_FINANCE":-4787248320,"END_CASH":24603662120,"DIVI_RATIO":-0.190259007312,"DIVIDEND_RATE":6.132075471698,"CURRENT_RATIO":1.425347121362,"COMMON_ACS":null,"CURRENTDEBT_DEBT":30.207784914534,"ISSUED_COMMON_SHARES":2862527500,"HK_COMMON_SHARES":2862527500,"PER_SHARES":2500,"TOTAL_MARKET_CAP":30342791500,"HKSK_MARKET_CAP":30342791500,"PE_TTM":1.062943722413,"PB_TTM":0.114394906992,"REPORT_DATE_SQ":"2019-12-31 00:00:00","REPORT_TYPE_SQ":"2019年年报","OPERATE_INCOME_SQ":76725348560,"DPS_HKD":0.65,"OPERATE_INCOME_QOQ_SQ":0.677305097204,"NET_PROFIT_RATIO_SQ":13.8210432915,"HOLDER_PROFIT_SQ":8068290460,"HOLDER_PROFIT_QOQ_SQ":-50.515424873594,"ROE_AVG_SQ":3.312761136939,"PE_TTM_SQ":4.310245559059,"PB_TTM_SQ":0.109308685439,"ROA_SQ":2.052171218566,"START_DATE":"2020-01-01 00:00:00","FISCAL_YEAR":"12-31","CURRENCY":"HKD","IS_CNY_CODE":0,"DPS_HKD_LY":0.47,"ORG_TYPE":"一般企业","PREMIUM_INCOME":null,"PREMIUM_INCOME_YOY":null,"NET_INTEREST_INCOME":null,"NET_INTEREST_INCOME_YOY":null,"FEE_COMMISSION_INCOME":null,"FEE_COMMISSION_INCOME_YOY":null,"ACCOUNTS_RECE_TDAYS":8.514180158644,"INVENTORY_TDAYS":5.599617827235,"CURRENT_ASSETS_TDAYS":1.787985076294,"TOTAL_ASSETS_TDAYS":0.183033411968,"PREMIUM_EXPENSE":null,"LOAN_DEPOSIT":null,"LOAN_EQUITY":null,"LOAN_ASSETS":null,"DEPOSIT_EQUITY":null,"DEPOSIT_ASSETS":null,"EQUITY_MULTIPLIER":1.357090485233,"EQUITY_RATIO":0.433831254854},{"SECUCODE":"00087.HK","SECURITY_CODE":"00087","SECURITY_NAME_ABBR":"太古股份公司B","ORG_CODE":"10007372","STD_REPORT_DATE":"2020-06-30 00:00:00","REPORT_DATE":"2020-06-30 00:00:00","DATE_TYPE_CODE":"002","REPORT_TYPE":"2020年中报","PER_NETCASH_OPERATE":0.967394125163,"PER_OI":11.964073765791,"BPS":83.240149860569,"BASIC_EPS":-0.9408432,"DILUTED_EPS":-0.9408432,"OPERATE_INCOME":35675312640,"OPERATE_INCOME_YOY":-8.896664334,"GROSS_PROFIT":13666889280,"GROSS_PROFIT_YOY":-4.782994659928,"HOLDER_PROFIT":-7067285280,"HOLDER_PROFIT_YOY":-197.4555989419,"GROSS_PROFIT_RATIO":38.309094633347,"EPS_TTM":-2.006330108288,"OPERATE_INCOME_QOQ":-2.653245111566,"NET_PROFIT_RATIO":-19.0367677181,"ROE_AVG":-2.896619113493,"GROSS_PROFIT_QOQ":-2.408462387048,"ROA":-1.772778670748,"HOLDER_PROFIT_QOQ":-174.149729607033,"ROE_YEARLY":-5.793238226986,"ROIC_YEARLY":-4.31269701032,"TOTAL_ASSETS":394121956800,"TOTAL_LIABILITIES":105289488480,"TAX_EBT":-16.444792482381,"OCF_SALES":8.08582548136,"TOTAL_PARENT_EQUITY":238277218080,"DEBT_ASSET_RATIO":26.7149512133,"OPERATE_PROFIT":-1525444800,"PRETAX_PROFIT":-5832314400,"NETCASH_OPERATE":2884643520,"NETCASH_INVEST":-1758372000,"NETCASH_FINANCE":7307520,"END_CASH":20489372640,"DIVI_RATIO":-0.294397216869,"DIVIDEND_RATE":6.132075471698,"CURRENT_RATIO":1.398529547482,"COMMON_ACS":null,"CURRENTDEBT_DEBT":28.20148004199,"ISSUED_COMMON_SHARES":2862527500,"HK_COMMON_SHARES":2862527500,"PER_SHARES":2500,"TOTAL_MARKET_CAP":30342791500,"HKSK_MARKET_CAP":30342791500,"PE_TTM":1.062943722413,"PB_TTM":0.114394906992,"REPORT_DATE_SQ":"2019-06-30 00:00:00","REPORT_TYPE_SQ":"2019年中报","OPERATE_INCOME_SQ":37711024200,"DPS_HKD":0.65,"OPERATE_INCOME_QOQ_SQ":2.802310666849,"NET_PROFIT_RATIO_SQ":22.859808724,"HOLDER_PROFIT_SQ":6983620740,"HOLDER_PROFIT_QOQ_SQ":-21.247728802952,"ROE_AVG_SQ":2.914046814149,"PE_TTM_SQ":4.310245559059,"PB_TTM_SQ":0.109308685439,"ROA_SQ":1.807468928792,"START_DATE":"2020-01-01 00:00:00","FISCAL_YEAR":"12-31","CURRENCY":"HKD","IS_CNY_CODE":0,"DPS_HKD_LY":0.47,"ORG_TYPE":"一般企业","PREMIUM_INCOME":null,"PREMIUM_INCOME_YOY":null,"NET_INTEREST_INCOME":null,"NET_INTEREST_INCOME_YOY":null,"FEE_COMMISSION_INCOME":null,"FEE_COMMISSION_INCOME_YOY":null,"ACCOUNTS_RECE_TDAYS":3.800145949891,"INVENTORY_TDAYS":2.672063879339,"CURRENT_ASSETS_TDAYS":0.90917767561,"TOTAL_ASSETS_TDAYS":0.089489005771,"PREMIUM_EXPENSE":null,"LOAN_DEPOSIT":null,"LOAN_EQUITY":null,"LOAN_ASSETS":null,"DEPOSIT_EQUITY":null,"DEPOSIT_ASSETS":null,"EQUITY_MULTIPLIER":1.364534808335,"EQUITY_RATIO":0.441878117129}],"count":49},"success":true,"message":"ok","code":0}