{"version":"f6d58c2815cd1315250fcbd974a43e52","result":{"pages":6,"data":[{"SECUCODE":"00085.HK","SECURITY_CODE":"00085","SECURITY_NAME_ABBR":"中电华大科技","ORG_CODE":"10007370","STD_REPORT_DATE":"2024-06-30 00:00:00","REPORT_DATE":"2024-06-30 00:00:00","DATE_TYPE_CODE":"002","REPORT_TYPE":"2024年中报","PER_NETCASH_OPERATE":0.065647861579,"PER_OI":0.611774708849,"BPS":0.988943044271,"BASIC_EPS":0.1391837,"DILUTED_EPS":null,"OPERATE_INCOME":1241824351.8,"OPERATE_INCOME_YOY":-24.7022839425,"GROSS_PROFIT":517825426.24,"GROSS_PROFIT_YOY":-33.190553866328,"HOLDER_PROFIT":282515530.6,"HOLDER_PROFIT_YOY":-44.0127693824,"GROSS_PROFIT_RATIO":41.698765649862,"EPS_TTM":0.194506904435,"OPERATE_INCOME_QOQ":-15.504458664141,"NET_PROFIT_RATIO":22.6932277944,"ROE_AVG":14.337275317881,"GROSS_PROFIT_QOQ":-21.869083663954,"ROA":7.047142628343,"HOLDER_PROFIT_QOQ":-36.52932106766,"ROE_YEARLY":28.674550635762,"ROIC_YEARLY":24.140048074214,"TOTAL_ASSETS":4068903587.24,"TOTAL_LIABILITIES":2037084419.08,"TAX_EBT":9.982945352244,"OCF_SALES":10.730724992375,"TOTAL_PARENT_EQUITY":2007427795.16,"DEBT_ASSET_RATIO":50.064701102,"OPERATE_PROFIT":323608034.92,"PRETAX_PROFIT":313062930.2,"NETCASH_OPERATE":133256756.08,"NETCASH_INVEST":122352968.12,"NETCASH_FINANCE":-20130982.76,"END_CASH":1255233446.36,"DIVI_RATIO":0.489201657269,"DIVIDEND_RATE":6.953642384106,"CURRENT_RATIO":1.581882014841,"COMMON_ACS":30000000000,"CURRENTDEBT_DEBT":92.354908039092,"ISSUED_COMMON_SHARES":2029872000,"HK_COMMON_SHARES":2029872000,"PER_SHARES":2000,"TOTAL_MARKET_CAP":3065106720,"HKSK_MARKET_CAP":3065106720,"PE_TTM":6.917555806821,"PB_TTM":1.393555279026,"REPORT_DATE_SQ":"2023-06-30 00:00:00","REPORT_TYPE_SQ":"2023年中报","OPERATE_INCOME_SQ":1666024313.86,"DPS_HKD":0.105,"OPERATE_INCOME_QOQ_SQ":30.419165182057,"NET_PROFIT_RATIO_SQ":30.5126654186,"HOLDER_PROFIT_SQ":509748912.3,"HOLDER_PROFIT_QOQ_SQ":70.77605945185,"ROE_AVG_SQ":30.99738429698,"PE_TTM_SQ":3.179144116896,"PB_TTM_SQ":1.442683207703,"ROA_SQ":12.776899552334,"START_DATE":"2024-01-01 00:00:00","FISCAL_YEAR":"12-31","CURRENCY":"HKD","IS_CNY_CODE":0,"DPS_HKD_LY":0.105,"ORG_TYPE":"一般企业","PREMIUM_INCOME":null,"PREMIUM_INCOME_YOY":null,"NET_INTEREST_INCOME":null,"NET_INTEREST_INCOME_YOY":null,"FEE_COMMISSION_INCOME":null,"FEE_COMMISSION_INCOME_YOY":null,"ACCOUNTS_RECE_TDAYS":2.072328591033,"INVENTORY_TDAYS":1.016488349877,"CURRENT_ASSETS_TDAYS":0.420248306433,"TOTAL_ASSETS_TDAYS":0.309763973255,"PREMIUM_EXPENSE":null,"LOAN_DEPOSIT":null,"LOAN_EQUITY":null,"LOAN_ASSETS":null,"DEPOSIT_EQUITY":null,"DEPOSIT_ASSETS":null,"EQUITY_MULTIPLIER":2.002591397405,"EQUITY_RATIO":1.014773444899},{"SECUCODE":"00085.HK","SECURITY_CODE":"00085","SECURITY_NAME_ABBR":"中电华大科技","ORG_CODE":"10007370","STD_REPORT_DATE":"2023-12-31 00:00:00","REPORT_DATE":"2023-12-31 00:00:00","DATE_TYPE_CODE":"001","REPORT_TYPE":"2023年年报","PER_NETCASH_OPERATE":0.397042695687,"PER_OI":1.347861799365,"BPS":0.945813150169,"BASIC_EPS":0.306483604,"DILUTED_EPS":null,"OPERATE_INCOME":2735986926.4,"OPERATE_INCOME_YOY":21.5860407537,"GROSS_PROFIT":1176330651.86,"GROSS_PROFIT_YOY":18.398500701009,"HOLDER_PROFIT":622057500.82,"HOLDER_PROFIT_YOY":29.1665333787,"GROSS_PROFIT_RATIO":42.994746813641,"EPS_TTM":0.30645158947,"OPERATE_INCOME_QOQ":-5.421331704983,"NET_PROFIT_RATIO":22.7670645751,"ROE_AVG":36.666530455376,"GROSS_PROFIT_QOQ":-14.084198834049,"ROA":16.375691593619,"HOLDER_PROFIT_QOQ":-23.26846085735,"ROE_YEARLY":36.666530455376,"ROIC_YEARLY":29.637044632738,"TOTAL_ASSETS":3921020008.92,"TOTAL_LIABILITIES":1976071614.3,"TAX_EBT":6.69232283331,"OCF_SALES":29.457225946634,"TOTAL_PARENT_EQUITY":1919879630.76,"DEBT_ASSET_RATIO":50.396876573,"OPERATE_PROFIT":686241438.54,"PRETAX_PROFIT":667580556.3,"NETCASH_OPERATE":805945850.78,"NETCASH_INVEST":-577246734.26,"NETCASH_FINANCE":-268983314.18,"END_CASH":1003652243.3,"DIVI_RATIO":0.310499613217,"DIVIDEND_RATE":8.333333333333,"CURRENT_RATIO":1.83203554439,"COMMON_ACS":30000000000,"CURRENTDEBT_DEBT":80.467722814959,"ISSUED_COMMON_SHARES":2029872000,"HK_COMMON_SHARES":2029872000,"PER_SHARES":2000,"TOTAL_MARKET_CAP":2557638720,"HKSK_MARKET_CAP":2557638720,"PE_TTM":5.772265110327,"PB_TTM":1.16283420634,"REPORT_DATE_SQ":"2022-12-31 00:00:00","REPORT_TYPE_SQ":"2022年年报","OPERATE_INCOME_SQ":2218091242.78,"DPS_HKD":0.105,"OPERATE_INCOME_QOQ_SQ":32.822404465722,"NET_PROFIT_RATIO_SQ":21.4604323442,"HOLDER_PROFIT_SQ":474711369.37,"HOLDER_PROFIT_QOQ_SQ":109.101665623314,"ROE_AVG_SQ":36.988218262302,"PE_TTM_SQ":3.063957735849,"PB_TTM_SQ":1.390412076989,"ROA_SQ":15.408844056169,"START_DATE":"2023-01-01 00:00:00","FISCAL_YEAR":"12-31","CURRENCY":"HKD","IS_CNY_CODE":0,"DPS_HKD_LY":0.08,"ORG_TYPE":"一般企业","PREMIUM_INCOME":null,"PREMIUM_INCOME_YOY":null,"NET_INTEREST_INCOME":null,"NET_INTEREST_INCOME_YOY":null,"FEE_COMMISSION_INCOME":null,"FEE_COMMISSION_INCOME_YOY":null,"ACCOUNTS_RECE_TDAYS":4.624066397668,"INVENTORY_TDAYS":1.985857149945,"CURRENT_ASSETS_TDAYS":0.891968291034,"TOTAL_ASSETS_TDAYS":0.720249784816,"PREMIUM_EXPENSE":null,"LOAN_DEPOSIT":null,"LOAN_EQUITY":null,"LOAN_ASSETS":null,"DEPOSIT_EQUITY":null,"DEPOSIT_ASSETS":null,"EQUITY_MULTIPLIER":2.016002079933,"EQUITY_RATIO":1.029268493003},{"SECUCODE":"00085.HK","SECURITY_CODE":"00085","SECURITY_NAME_ABBR":"中电华大科技","ORG_CODE":"10007370","STD_REPORT_DATE":"2023-06-30 00:00:00","REPORT_DATE":"2023-06-30 00:00:00","DATE_TYPE_CODE":"002","REPORT_TYPE":"2023年中报","PER_NETCASH_OPERATE":0.176003454435,"PER_OI":0.820753384381,"BPS":0.881920849433,"BASIC_EPS":0.251147352,"DILUTED_EPS":null,"OPERATE_INCOME":1666024313.86,"OPERATE_INCOME_YOY":55.8897543646,"GROSS_PROFIT":775078160.66,"GROSS_PROFIT_YOY":94.038078606027,"HOLDER_PROFIT":509748912.3,"HOLDER_PROFIT_YOY":172.1011265263,"GROSS_PROFIT_RATIO":46.522620000919,"EPS_TTM":0.399381522766,"OPERATE_INCOME_QOQ":30.419165182057,"NET_PROFIT_RATIO":30.5126654186,"ROE_AVG":30.99738429698,"GROSS_PROFIT_QOQ":37.807596616966,"ROA":12.776899552334,"HOLDER_PROFIT_QOQ":70.77605945185,"ROE_YEARLY":61.994768593959,"ROIC_YEARLY":48.736090962401,"TOTAL_ASSETS":4238984680.06,"TOTAL_LIABILITIES":2425028675.2,"TAX_EBT":11.736531547251,"OCF_SALES":21.444133863344,"TOTAL_PARENT_EQUITY":1790186438.48,"DEBT_ASSET_RATIO":57.20777163,"OPERATE_PROFIT":586946297.7,"PRETAX_PROFIT":575944310.36,"NETCASH_OPERATE":357264484.06,"NETCASH_INVEST":-267414767.12,"NETCASH_FINANCE":-13211973.4,"END_CASH":1121291792.44,"DIVI_RATIO":0.238251132253,"DIVIDEND_RATE":8.333333333333,"CURRENT_RATIO":1.850226086862,"COMMON_ACS":30000000000,"CURRENTDEBT_DEBT":84.224215280735,"ISSUED_COMMON_SHARES":2029872000,"HK_COMMON_SHARES":2029872000,"PER_SHARES":2000,"TOTAL_MARKET_CAP":2557638720,"HKSK_MARKET_CAP":2557638720,"PE_TTM":5.772265110327,"PB_TTM":1.16283420634,"REPORT_DATE_SQ":"2022-06-30 00:00:00","REPORT_TYPE_SQ":"2022年中报","OPERATE_INCOME_SQ":991299474.83,"DPS_HKD":0.105,"OPERATE_INCOME_QOQ_SQ":21.459235107536,"NET_PROFIT_RATIO_SQ":17.4310296189,"HOLDER_PROFIT_SQ":173766911.29,"HOLDER_PROFIT_QOQ_SQ":121.350936824649,"ROE_AVG_SQ":15.559288146353,"PE_TTM_SQ":3.063957735849,"PB_TTM_SQ":1.390412076989,"ROA_SQ":6.453009245806,"START_DATE":"2023-01-01 00:00:00","FISCAL_YEAR":"12-31","CURRENCY":"HKD","IS_CNY_CODE":0,"DPS_HKD_LY":0.08,"ORG_TYPE":"一般企业","PREMIUM_INCOME":null,"PREMIUM_INCOME_YOY":null,"NET_INTEREST_INCOME":null,"NET_INTEREST_INCOME_YOY":null,"FEE_COMMISSION_INCOME":null,"FEE_COMMISSION_INCOME_YOY":null,"ACCOUNTS_RECE_TDAYS":2.230162491453,"INVENTORY_TDAYS":0.998496582437,"CURRENT_ASSETS_TDAYS":0.472186259642,"TOTAL_ASSETS_TDAYS":0.41759040179,"PREMIUM_EXPENSE":null,"LOAN_DEPOSIT":null,"LOAN_EQUITY":null,"LOAN_ASSETS":null,"DEPOSIT_EQUITY":null,"DEPOSIT_ASSETS":null,"EQUITY_MULTIPLIER":2.336872927845,"EQUITY_RATIO":1.354623531423},{"SECUCODE":"00085.HK","SECURITY_CODE":"00085","SECURITY_NAME_ABBR":"中电华大科技","ORG_CODE":"10007370","STD_REPORT_DATE":"2022-12-31 00:00:00","REPORT_DATE":"2022-12-31 00:00:00","DATE_TYPE_CODE":"001","REPORT_TYPE":"2022年年报","PER_NETCASH_OPERATE":0.421965111357,"PER_OI":1.092724685488,"BPS":0.715376163497,"BASIC_EPS":0.233858086,"DILUTED_EPS":null,"OPERATE_INCOME":2218091242.78,"OPERATE_INCOME_YOY":47.6590309303,"GROSS_PROFIT":993535091.15,"GROSS_PROFIT_YOY":112.991523415564,"HOLDER_PROFIT":474711369.37,"HOLDER_PROFIT_YOY":323.6400306113,"GROSS_PROFIT_RATIO":44.792345417891,"EPS_TTM":0.23386271123,"OPERATE_INCOME_QOQ":32.822404465722,"NET_PROFIT_RATIO":21.4604323442,"ROE_AVG":36.988218262302,"GROSS_PROFIT_QOQ":51.950106795251,"ROA":15.408844056169,"HOLDER_PROFIT_QOQ":109.101665623314,"ROE_YEARLY":36.988218262302,"ROIC_YEARLY":26.943723654844,"TOTAL_ASSETS":3623773072.5,"TOTAL_LIABILITIES":2147480929.09,"TAX_EBT":12.331329523133,"OCF_SALES":38.615867012147,"TOTAL_PARENT_EQUITY":1452122043.75,"DEBT_ASSET_RATIO":59.2609108276,"OPERATE_PROFIT":564497510.15,"PRETAX_PROFIT":542967023.34,"NETCASH_OPERATE":856535164.52,"NETCASH_INVEST":-154568760.99,"NETCASH_FINANCE":-56873607.63,"END_CASH":1047580605.96,"DIVI_RATIO":0.406875895261,"DIVIDEND_RATE":8.333333333333,"CURRENT_RATIO":1.763178138284,"COMMON_ACS":30000000000,"CURRENTDEBT_DEBT":83.867754101695,"ISSUED_COMMON_SHARES":2029872000,"HK_COMMON_SHARES":2029872000,"PER_SHARES":2000,"TOTAL_MARKET_CAP":2557638720,"HKSK_MARKET_CAP":2557638720,"PE_TTM":5.772265110327,"PB_TTM":1.16283420634,"REPORT_DATE_SQ":"2021-12-31 00:00:00","REPORT_TYPE_SQ":"2021年年报","OPERATE_INCOME_SQ":1374920310.4,"DPS_HKD":0.105,"OPERATE_INCOME_QOQ_SQ":18.873605785672,"NET_PROFIT_RATIO_SQ":7.5710580179,"HOLDER_PROFIT_SQ":102563014.4,"HOLDER_PROFIT_QOQ_SQ":111.85429515363,"ROE_AVG_SQ":10.738004553063,"PE_TTM_SQ":3.063957735849,"PB_TTM_SQ":1.390412076989,"ROA_SQ":4.643297554111,"START_DATE":"2022-01-01 00:00:00","FISCAL_YEAR":"12-31","CURRENCY":"HKD","IS_CNY_CODE":0,"DPS_HKD_LY":0.019,"ORG_TYPE":"一般企业","PREMIUM_INCOME":null,"PREMIUM_INCOME_YOY":null,"NET_INTEREST_INCOME":null,"NET_INTEREST_INCOME_YOY":null,"FEE_COMMISSION_INCOME":null,"FEE_COMMISSION_INCOME_YOY":null,"ACCOUNTS_RECE_TDAYS":3.357385605008,"INVENTORY_TDAYS":1.935785374175,"CURRENT_ASSETS_TDAYS":0.850160959956,"TOTAL_ASSETS_TDAYS":0.719979007617,"PREMIUM_EXPENSE":null,"LOAN_DEPOSIT":null,"LOAN_EQUITY":null,"LOAN_ASSETS":null,"DEPOSIT_EQUITY":null,"DEPOSIT_ASSETS":null,"EQUITY_MULTIPLIER":2.45464496216,"EQUITY_RATIO":1.478857054979},{"SECUCODE":"00085.HK","SECURITY_CODE":"00085","SECURITY_NAME_ABBR":"中电华大科技","ORG_CODE":"10007370","STD_REPORT_DATE":"2022-06-30 00:00:00","REPORT_DATE":"2022-06-30 00:00:00","DATE_TYPE_CODE":"002","REPORT_TYPE":"2022年中报","PER_NETCASH_OPERATE":0.051914148956,"PER_OI":0.488355657317,"BPS":0.574630810913,"BASIC_EPS":0.085604519,"DILUTED_EPS":null,"OPERATE_INCOME":991299474.83,"OPERATE_INCOME_YOY":38.529042343,"GROSS_PROFIT":399446421.15,"GROSS_PROFIT_YOY":88.367253221131,"HOLDER_PROFIT":173766911.29,"HOLDER_PROFIT_YOY":242.903672202,"GROSS_PROFIT_RATIO":40.29523179345,"EPS_TTM":0.111841630019,"OPERATE_INCOME_QOQ":21.459235107536,"NET_PROFIT_RATIO":17.4310296189,"ROE_AVG":15.559288146353,"GROSS_PROFIT_QOQ":40.172012976974,"ROA":6.453009245806,"HOLDER_PROFIT_QOQ":121.350936824649,"ROE_YEARLY":31.118576292705,"ROIC_YEARLY":19.249446743365,"TOTAL_ASSETS":2956022387.92,"TOTAL_LIABILITIES":1769723344.48,"TAX_EBT":10.714932766537,"OCF_SALES":10.630397780456,"TOTAL_PARENT_EQUITY":1166426993.41,"DEBT_ASSET_RATIO":59.8684012581,"OPERATE_PROFIT":205007857.18,"PRETAX_PROFIT":193530352.19,"NETCASH_OPERATE":105379077.37,"NETCASH_INVEST":9407090,"NETCASH_FINANCE":-15954424.64,"END_CASH":521704383.55,"DIVI_RATIO":0.850784274011,"DIVIDEND_RATE":8.333333333333,"CURRENT_RATIO":1.63069837413,"COMMON_ACS":30000000000,"CURRENTDEBT_DEBT":81.460834873238,"ISSUED_COMMON_SHARES":2029872000,"HK_COMMON_SHARES":2029872000,"PER_SHARES":2000,"TOTAL_MARKET_CAP":2557638720,"HKSK_MARKET_CAP":2557638720,"PE_TTM":5.772265110327,"PB_TTM":1.16283420634,"REPORT_DATE_SQ":"2021-06-30 00:00:00","REPORT_TYPE_SQ":"2021年中报","OPERATE_INCOME_SQ":696252092.88,"DPS_HKD":0.105,"OPERATE_INCOME_QOQ_SQ":3.751742445101,"NET_PROFIT_RATIO_SQ":7.0563757154,"HOLDER_PROFIT_SQ":49305732.48,"HOLDER_PROFIT_QOQ_SQ":-1.453372464326,"ROE_AVG_SQ":5.270364561121,"PE_TTM_SQ":3.063957735849,"PB_TTM_SQ":1.390412076989,"ROA_SQ":2.282304188981,"START_DATE":"2022-01-01 00:00:00","FISCAL_YEAR":"12-31","CURRENCY":"HKD","IS_CNY_CODE":0,"DPS_HKD_LY":0.019,"ORG_TYPE":"一般企业","PREMIUM_INCOME":null,"PREMIUM_INCOME_YOY":null,"NET_INTEREST_INCOME":null,"NET_INTEREST_INCOME_YOY":null,"FEE_COMMISSION_INCOME":null,"FEE_COMMISSION_INCOME_YOY":null,"ACCOUNTS_RECE_TDAYS":1.252096356234,"INVENTORY_TDAYS":1.226883322593,"CURRENT_ASSETS_TDAYS":0.460396745488,"TOTAL_ASSETS_TDAYS":0.368129043035,"PREMIUM_EXPENSE":null,"LOAN_DEPOSIT":null,"LOAN_EQUITY":null,"LOAN_ASSETS":null,"DEPOSIT_EQUITY":null,"DEPOSIT_ASSETS":null,"EQUITY_MULTIPLIER":2.49180204963,"EQUITY_RATIO":1.517217412216},{"SECUCODE":"00085.HK","SECURITY_CODE":"00085","SECURITY_NAME_ABBR":"中电华大科技","ORG_CODE":"10007370","STD_REPORT_DATE":"2021-12-31 00:00:00","REPORT_DATE":"2021-12-31 00:00:00","DATE_TYPE_CODE":"001","REPORT_TYPE":"2021年年报","PER_NETCASH_OPERATE":0.049590768285,"PER_OI":0.677343354852,"BPS":0.502630148108,"BASIC_EPS":0.05052768,"DILUTED_EPS":null,"OPERATE_INCOME":1374920310.4,"OPERATE_INCOME_YOY":26.9598265381,"GROSS_PROFIT":466466963.2,"GROSS_PROFIT_YOY":23.041821763602,"HOLDER_PROFIT":102563014.4,"HOLDER_PROFIT_YOY":112.380201389,"GROSS_PROFIT_RATIO":33.926836317102,"EPS_TTM":0.050526838343,"OPERATE_INCOME_QOQ":18.873605785672,"NET_PROFIT_RATIO":7.5710580179,"ROE_AVG":10.738004553063,"GROSS_PROFIT_QOQ":29.804032390813,"ROA":4.643297554111,"HOLDER_PROFIT_QOQ":111.85429515363,"ROE_YEARLY":10.738004553063,"ROIC_YEARLY":7.895533538898,"TOTAL_ASSETS":2322793424,"TOTAL_LIABILITIES":1281173476.8,"TAX_EBT":-13.059887045786,"OCF_SALES":7.321363372014,"TOTAL_PARENT_EQUITY":1020274864,"DEBT_ASSET_RATIO":55.1565827405,"OPERATE_PROFIT":113917843.2,"PRETAX_PROFIT":92071571.2,"NETCASH_OPERATE":100662912,"NETCASH_INVEST":-26963630.4,"NETCASH_FINANCE":-70772273.6,"END_CASH":423461203.2,"DIVI_RATIO":1.883218960881,"DIVIDEND_RATE":8.333333333333,"CURRENT_RATIO":1.507211316626,"COMMON_ACS":30000000000,"CURRENTDEBT_DEBT":96.813450985422,"ISSUED_COMMON_SHARES":2029872000,"HK_COMMON_SHARES":2029872000,"PER_SHARES":2000,"TOTAL_MARKET_CAP":2557638720,"HKSK_MARKET_CAP":2557638720,"PE_TTM":5.772265110327,"PB_TTM":1.16283420634,"REPORT_DATE_SQ":"2020-12-31 00:00:00","REPORT_TYPE_SQ":"2020年年报","OPERATE_INCOME_SQ":1114799311.84,"DPS_HKD":0.105,"OPERATE_INCOME_QOQ_SQ":-18.863243805211,"NET_PROFIT_RATIO_SQ":-76.3368253211,"HOLDER_PROFIT_SQ":-852802671.32,"HOLDER_PROFIT_QOQ_SQ":-721.804077824509,"ROE_AVG_SQ":-64.843271041076,"PE_TTM_SQ":3.063957735849,"PB_TTM_SQ":1.390412076989,"ROA_SQ":-27.135713247013,"START_DATE":"2021-01-01 00:00:00","FISCAL_YEAR":"12-31","CURRENCY":"HKD","IS_CNY_CODE":0,"DPS_HKD_LY":null,"ORG_TYPE":"一般企业","PREMIUM_INCOME":null,"PREMIUM_INCOME_YOY":null,"NET_INTEREST_INCOME":null,"NET_INTEREST_INCOME_YOY":null,"FEE_COMMISSION_INCOME":null,"FEE_COMMISSION_INCOME_YOY":null,"ACCOUNTS_RECE_TDAYS":2.607203377349,"INVENTORY_TDAYS":2.153836014348,"CURRENT_ASSETS_TDAYS":0.733321196013,"TOTAL_ASSETS_TDAYS":0.622462605231,"PREMIUM_EXPENSE":null,"LOAN_DEPOSIT":null,"LOAN_EQUITY":null,"LOAN_ASSETS":null,"DEPOSIT_EQUITY":null,"DEPOSIT_ASSETS":null,"EQUITY_MULTIPLIER":2.229981703252,"EQUITY_RATIO":1.255714045308},{"SECUCODE":"00085.HK","SECURITY_CODE":"00085","SECURITY_NAME_ABBR":"中电华大科技","ORG_CODE":"10007370","STD_REPORT_DATE":"2021-06-30 00:00:00","REPORT_DATE":"2021-06-30 00:00:00","DATE_TYPE_CODE":"002","REPORT_TYPE":"2021年中报","PER_NETCASH_OPERATE":-0.05683177824,"PER_OI":0.343002954314,"BPS":0.475541160822,"BASIC_EPS":0.024296736,"DILUTED_EPS":null,"OPERATE_INCOME":696252092.88,"OPERATE_INCOME_YOY":16.7937993672,"GROSS_PROFIT":212057252.16,"GROSS_PROFIT_YOY":-8.52003732319,"HOLDER_PROFIT":49305732.48,"HOLDER_PROFIT_YOY":-12.2744163323,"GROSS_PROFIT_RATIO":30.456964413972,"EPS_TTM":-0.426232329191,"OPERATE_INCOME_QOQ":3.751742445101,"NET_PROFIT_RATIO":7.0563757154,"ROE_AVG":5.270364561121,"GROSS_PROFIT_QOQ":-5.209553588329,"ROA":2.282304188981,"HOLDER_PROFIT_QOQ":-1.453372464326,"ROE_YEARLY":10.540729122242,"ROIC_YEARLY":8.143411221584,"TOTAL_ASSETS":2188709888.64,"TOTAL_LIABILITIES":1203743509.44,"TAX_EBT":7.078671136081,"OCF_SALES":-16.568888846397,"TOTAL_PARENT_EQUITY":965287687.2,"DEBT_ASSET_RATIO":54.9978558459,"OPERATE_PROFIT":63615844.32,"PRETAX_PROFIT":52872859.44,"NETCASH_OPERATE":-115361235.36,"NETCASH_INVEST":325937385.12,"NETCASH_FINANCE":1953723.84,"END_CASH":606832615.68,"DIVI_RATIO":-0.223242334012,"DIVIDEND_RATE":8.333333333333,"CURRENT_RATIO":1.695679995195,"COMMON_ACS":30000000000,"CURRENTDEBT_DEBT":96.682791075769,"ISSUED_COMMON_SHARES":2029872000,"HK_COMMON_SHARES":2029872000,"PER_SHARES":2000,"TOTAL_MARKET_CAP":2557638720,"HKSK_MARKET_CAP":2557638720,"PE_TTM":5.772265110327,"PB_TTM":1.16283420634,"REPORT_DATE_SQ":"2020-06-30 00:00:00","REPORT_TYPE_SQ":"2020年中报","OPERATE_INCOME_SQ":654427693.92,"DPS_HKD":0.105,"OPERATE_INCOME_QOQ_SQ":-9.534397219807,"NET_PROFIT_RATIO_SQ":9.597553469,"HOLDER_PROFIT_SQ":61700131.68,"HOLDER_PROFIT_QOQ_SQ":-1.32283753101,"ROE_AVG_SQ":3.332918858695,"PE_TTM_SQ":3.063957735849,"PB_TTM_SQ":1.390412076989,"ROA_SQ":1.343096050446,"START_DATE":"2021-01-01 00:00:00","FISCAL_YEAR":"12-31","CURRENCY":"HKD","IS_CNY_CODE":0,"DPS_HKD_LY":null,"ORG_TYPE":"一般企业","PREMIUM_INCOME":null,"PREMIUM_INCOME_YOY":null,"NET_INTEREST_INCOME":null,"NET_INTEREST_INCOME_YOY":null,"FEE_COMMISSION_INCOME":null,"FEE_COMMISSION_INCOME_YOY":null,"ACCOUNTS_RECE_TDAYS":1.243946294338,"INVENTORY_TDAYS":1.158625042559,"CURRENT_ASSETS_TDAYS":0.358234150408,"TOTAL_ASSETS_TDAYS":0.32228687989,"PREMIUM_EXPENSE":null,"LOAN_DEPOSIT":null,"LOAN_EQUITY":null,"LOAN_ASSETS":null,"DEPOSIT_EQUITY":null,"DEPOSIT_ASSETS":null,"EQUITY_MULTIPLIER":2.222116343114,"EQUITY_RATIO":1.247030833815},{"SECUCODE":"00085.HK","SECURITY_CODE":"00085","SECURITY_NAME_ABBR":"中电华大科技","ORG_CODE":"10007370","STD_REPORT_DATE":"2020-12-31 00:00:00","REPORT_DATE":"2020-12-31 00:00:00","DATE_TYPE_CODE":"001","REPORT_TYPE":"2020年年报","PER_NETCASH_OPERATE":0.072322580892,"PER_OI":0.549196851742,"BPS":0.451346093133,"BASIC_EPS":-0.420146688,"DILUTED_EPS":null,"OPERATE_INCOME":1114799311.84,"OPERATE_INCOME_YOY":-21.8775029697,"GROSS_PROFIT":379112529.8,"GROSS_PROFIT_YOY":-21.114377009043,"HOLDER_PROFIT":-852802671.32,"HOLDER_PROFIT_YOY":-753.0481634968,"GROSS_PROFIT_RATIO":34.007244691806,"EPS_TTM":-0.420126328813,"OPERATE_INCOME_QOQ":-18.863243805211,"NET_PROFIT_RATIO":-76.3368253211,"ROE_AVG":-64.843271041076,"GROSS_PROFIT_QOQ":-15.461661278345,"ROA":-27.135713247013,"HOLDER_PROFIT_QOQ":-721.804077824509,"ROE_YEARLY":-64.843271041076,"ROIC_YEARLY":-37.236887510212,"TOTAL_ASSETS":2156482831.96,"TOTAL_LIABILITIES":1220267745.16,"TAX_EBT":-0.879771247503,"OCF_SALES":13.168790145528,"TOTAL_PARENT_EQUITY":916174796.76,"DEBT_ASSET_RATIO":56.5860171514,"OPERATE_PROFIT":68333593.24,"PRETAX_PROFIT":-843580821.84,"NETCASH_OPERATE":146805581.92,"NETCASH_INVEST":1331403782.24,"NETCASH_FINANCE":-1397156907.24,"END_CASH":391708514.04,"DIVI_RATIO":-0.226486876623,"DIVIDEND_RATE":8.333333333333,"CURRENT_RATIO":1.662331119663,"COMMON_ACS":30000000000,"CURRENTDEBT_DEBT":95.424069346955,"ISSUED_COMMON_SHARES":2029872000,"HK_COMMON_SHARES":2029872000,"PER_SHARES":2000,"TOTAL_MARKET_CAP":2557638720,"HKSK_MARKET_CAP":2557638720,"PE_TTM":5.772265110327,"PB_TTM":1.16283420634,"REPORT_DATE_SQ":"2019-12-31 00:00:00","REPORT_TYPE_SQ":"2019年年报","OPERATE_INCOME_SQ":1518782449.08,"DPS_HKD":0.105,"OPERATE_INCOME_QOQ_SQ":4.724075281255,"NET_PROFIT_RATIO_SQ":9.2944441889,"HOLDER_PROFIT_SQ":138988329.02,"HOLDER_PROFIT_QOQ_SQ":43.284967098668,"ROE_AVG_SQ":7.838090556899,"PE_TTM_SQ":3.063957735849,"PB_TTM_SQ":1.390412076989,"ROA_SQ":3.142471579143,"START_DATE":"2020-01-01 00:00:00","FISCAL_YEAR":"12-31","CURRENCY":"HKD","IS_CNY_CODE":0,"DPS_HKD_LY":0.023,"ORG_TYPE":"一般企业","PREMIUM_INCOME":null,"PREMIUM_INCOME_YOY":null,"NET_INTEREST_INCOME":null,"NET_INTEREST_INCOME_YOY":null,"FEE_COMMISSION_INCOME":null,"FEE_COMMISSION_INCOME_YOY":null,"ACCOUNTS_RECE_TDAYS":2.109266366228,"INVENTORY_TDAYS":1.819694126195,"CURRENT_ASSETS_TDAYS":0.617590970171,"TOTAL_ASSETS_TDAYS":0.354723026456,"PREMIUM_EXPENSE":null,"LOAN_DEPOSIT":null,"LOAN_EQUITY":null,"LOAN_ASSETS":null,"DEPOSIT_EQUITY":null,"DEPOSIT_ASSETS":null,"EQUITY_MULTIPLIER":2.303405341748,"EQUITY_RATIO":1.331915863081},{"SECUCODE":"00085.HK","SECURITY_CODE":"00085","SECURITY_NAME_ABBR":"中电华大科技","ORG_CODE":"10007370","STD_REPORT_DATE":"2020-06-30 00:00:00","REPORT_DATE":"2020-06-30 00:00:00","DATE_TYPE_CODE":"002","REPORT_TYPE":"2020年中报","PER_NETCASH_OPERATE":-0.090984810944,"PER_OI":0.32239850292,"BPS":0.907474365674,"BASIC_EPS":0.030417552,"DILUTED_EPS":null,"OPERATE_INCOME":654427693.92,"OPERATE_INCOME_YOY":-21.1462602854,"GROSS_PROFIT":231807322.56,"GROSS_PROFIT_YOY":-12.174895435259,"HOLDER_PROFIT":61700131.68,"HOLDER_PROFIT_YOY":-6.484750315,"GROSS_PROFIT_RATIO":35.421380347076,"EPS_TTM":0.067565708202,"OPERATE_INCOME_QOQ":-9.534397219807,"NET_PROFIT_RATIO":9.597553469,"ROE_AVG":3.332918858695,"GROSS_PROFIT_QOQ":-6.68657063313,"ROA":1.343096050446,"HOLDER_PROFIT_QOQ":-1.32283753101,"ROE_YEARLY":6.665837717389,"ROIC_YEARLY":3.16708448954,"TOTAL_ASSETS":4706524262.88,"TOTAL_LIABILITIES":2844759989.28,"TAX_EBT":10.261797870119,"OCF_SALES":-28.221226252472,"TOTAL_PARENT_EQUITY":1842056805.6,"DEBT_ASSET_RATIO":60.4429050056,"OPERATE_PROFIT":78289115.52,"PRETAX_PROFIT":69991426.56,"NETCASH_OPERATE":-184687520.16,"NETCASH_INVEST":165082357.44,"NETCASH_FINANCE":95923988.16,"END_CASH":395186114.4,"DIVI_RATIO":1.408304634581,"DIVIDEND_RATE":8.333333333333,"CURRENT_RATIO":0.748597567168,"COMMON_ACS":30000000000,"CURRENTDEBT_DEBT":98.330944917008,"ISSUED_COMMON_SHARES":2029872000,"HK_COMMON_SHARES":2029872000,"PER_SHARES":2000,"TOTAL_MARKET_CAP":2557638720,"HKSK_MARKET_CAP":2557638720,"PE_TTM":5.772265110327,"PB_TTM":1.16283420634,"REPORT_DATE_SQ":"2019-06-30 00:00:00","REPORT_TYPE_SQ":"2019年中报","OPERATE_INCOME_SQ":799234445.52,"DPS_HKD":0.105,"OPERATE_INCOME_QOQ_SQ":-1.885830077431,"NET_PROFIT_RATIO_SQ":8.0483439948,"HOLDER_PROFIT_SQ":63538721.46,"HOLDER_PROFIT_QOQ_SQ":-2.306862350435,"ROE_AVG_SQ":3.698602149492,"PE_TTM_SQ":3.063957735849,"PB_TTM_SQ":1.390412076989,"ROA_SQ":1.443122471811,"START_DATE":"2020-01-01 00:00:00","FISCAL_YEAR":"12-31","CURRENCY":"HKD","IS_CNY_CODE":0,"DPS_HKD_LY":0.023,"ORG_TYPE":"一般企业","PREMIUM_INCOME":null,"PREMIUM_INCOME_YOY":null,"NET_INTEREST_INCOME":null,"NET_INTEREST_INCOME_YOY":null,"FEE_COMMISSION_INCOME":null,"FEE_COMMISSION_INCOME_YOY":null,"ACCOUNTS_RECE_TDAYS":0.801014512765,"INVENTORY_TDAYS":1.000839316347,"CURRENT_ASSETS_TDAYS":0.334628047564,"TOTAL_ASSETS_TDAYS":0.14245662482,"PREMIUM_EXPENSE":null,"LOAN_DEPOSIT":null,"LOAN_EQUITY":null,"LOAN_ASSETS":null,"DEPOSIT_EQUITY":null,"DEPOSIT_ASSETS":null,"EQUITY_MULTIPLIER":2.527991502262,"EQUITY_RATIO":1.54433890455}],"count":49},"success":true,"message":"ok","code":0}