{"version":"6eccde6c46a94fd619f3bc1d874f7187","result":{"pages":6,"data":[{"SECUCODE":"00089.HK","SECURITY_CODE":"00089","SECURITY_NAME_ABBR":"大生地产","ORG_CODE":"10007374","STD_REPORT_DATE":"2024-06-30 00:00:00","REPORT_DATE":"2024-06-30 00:00:00","DATE_TYPE_CODE":"002","REPORT_TYPE":"2024年中报","PER_NETCASH_OPERATE":0.230100824669,"PER_OI":0.763308707311,"BPS":26.798785853258,"BASIC_EPS":-0.501974,"DILUTED_EPS":-0.501974,"OPERATE_INCOME":219580768.52,"OPERATE_INCOME_YOY":4.4767239882,"GROSS_PROFIT":126944661.2,"GROSS_PROFIT_YOY":4.713703062267,"HOLDER_PROFIT":-144368635.08,"HOLDER_PROFIT_YOY":-227.9843681732,"GROSS_PROFIT_RATIO":57.812285682222,"EPS_TTM":-1.482829255594,"OPERATE_INCOME_QOQ":1.646452380124,"NET_PROFIT_RATIO":-67.5704209253,"ROE_AVG":-1.853354623304,"GROSS_PROFIT_QOQ":2.076903302769,"ROA":-1.339268932104,"HOLDER_PROFIT_QOQ":-153.537730298532,"ROE_YEARLY":-3.706709246609,"ROIC_YEARLY":-2.769540794112,"TOTAL_ASSETS":10706656381.44,"TOTAL_LIABILITIES":2740062498.88,"TAX_EBT":-12.141467654485,"OCF_SALES":30.145185357602,"TOTAL_PARENT_EQUITY":7709198043.6,"DEBT_ASSET_RATIO":25.5921400787,"OPERATE_PROFIT":-63200351.96,"PRETAX_PROFIT":-132307568.88,"NETCASH_OPERATE":66193029.68,"NETCASH_INVEST":-5691472.48,"NETCASH_FINANCE":-71756726.96,"END_CASH":87638271.64,"DIVI_RATIO":-0.061288512927,"DIVIDEND_RATE":5.882352941176,"CURRENT_RATIO":0.293326706041,"COMMON_ACS":null,"CURRENTDEBT_DEBT":28.480628975397,"ISSUED_COMMON_SHARES":287669676,"HK_COMMON_SHARES":287669676,"PER_SHARES":1000,"TOTAL_MARKET_CAP":489038449.2,"HKSK_MARKET_CAP":489038449.2,"PE_TTM":-1.04622596533,"PB_TTM":0.057896503539,"REPORT_DATE_SQ":"2023-06-30 00:00:00","REPORT_TYPE_SQ":"2023年中报","OPERATE_INCOME_SQ":212313554.4,"DPS_HKD":0.1,"OPERATE_INCOME_QOQ_SQ":7.582158664518,"NET_PROFIT_RATIO_SQ":63.6281917665,"HOLDER_PROFIT_SQ":113951196.12,"HOLDER_PROFIT_QOQ_SQ":-27.433813907394,"ROE_AVG_SQ":1.389181515998,"PE_TTM_SQ":2.617611400493,"PB_TTM_SQ":0.07231992761,"ROA_SQ":1.014249210913,"START_DATE":"2024-01-01 00:00:00","FISCAL_YEAR":"12-31","CURRENCY":"HKD","IS_CNY_CODE":0,"DPS_HKD_LY":0.1,"ORG_TYPE":"一般企业","PREMIUM_INCOME":null,"PREMIUM_INCOME_YOY":null,"NET_INTEREST_INCOME":null,"NET_INTEREST_INCOME_YOY":null,"FEE_COMMISSION_INCOME":null,"FEE_COMMISSION_INCOME_YOY":null,"ACCOUNTS_RECE_TDAYS":5.688960877738,"INVENTORY_TDAYS":0.917090580529,"CURRENT_ASSETS_TDAYS":0.935385105858,"TOTAL_ASSETS_TDAYS":0.020369916305,"PREMIUM_EXPENSE":null,"LOAN_DEPOSIT":null,"LOAN_EQUITY":null,"LOAN_ASSETS":null,"DEPOSIT_EQUITY":null,"DEPOSIT_ASSETS":null,"EQUITY_MULTIPLIER":1.343944041742,"EQUITY_RATIO":0.355427696031},{"SECUCODE":"00089.HK","SECURITY_CODE":"00089","SECURITY_NAME_ABBR":"大生地产","ORG_CODE":"10007374","STD_REPORT_DATE":"2023-12-31 00:00:00","REPORT_DATE":"2023-12-31 00:00:00","DATE_TYPE_CODE":"001","REPORT_TYPE":"2023年年报","PER_NETCASH_OPERATE":0.512176955002,"PER_OI":1.534350919421,"BPS":27.164031010763,"BASIC_EPS":-0.589043,"DILUTED_EPS":-0.589043,"OPERATE_INCOME":441386231.86,"OPERATE_INCOME_YOY":10.7318725589,"GROSS_PROFIT":275141985.3,"GROSS_PROFIT_YOY":5.592174485679,"HOLDER_PROFIT":-168245180.32,"HOLDER_PROFIT_YOY":-151.5546422671,"GROSS_PROFIT_RATIO":62.335878520848,"EPS_TTM":-0.584855458731,"OPERATE_INCOME_QOQ":4.419902645888,"NET_PROFIT_RATIO":-33.7463531412,"ROE_AVG":-2.125815346643,"GROSS_PROFIT_QOQ":2.63393253626,"ROA":-1.545534156262,"HOLDER_PROFIT_QOQ":-172.074953936029,"ROE_YEARLY":-2.125815346643,"ROIC_YEARLY":-1.599013458237,"TOTAL_ASSETS":10775847520.48,"TOTAL_LIABILITIES":2698980526.48,"TAX_EBT":21.950872061275,"OCF_SALES":33.380692025467,"TOTAL_PARENT_EQUITY":7814267999.72,"DEBT_ASSET_RATIO":25.0465731011,"OPERATE_PROFIT":-60694084.5,"PRETAX_PROFIT":-190843588.46,"NETCASH_OPERATE":147337778.7,"NETCASH_INVEST":-17619635.46,"NETCASH_FINANCE":-153090463.26,"END_CASH":98201624.08,"DIVI_RATIO":-0.155389504609,"DIVIDEND_RATE":5.555555555556,"CURRENT_RATIO":0.158774844708,"COMMON_ACS":null,"CURRENTDEBT_DEBT":55.74562399019,"ISSUED_COMMON_SHARES":287669676,"HK_COMMON_SHARES":287669676,"PER_SHARES":1000,"TOTAL_MARKET_CAP":517805416.8,"HKSK_MARKET_CAP":517805416.8,"PE_TTM":-1.107768669173,"PB_TTM":0.061302180218,"REPORT_DATE_SQ":"2022-12-31 00:00:00","REPORT_TYPE_SQ":"2022年年报","OPERATE_INCOME_SQ":392911955.66,"DPS_HKD":0.1,"OPERATE_INCOME_QOQ_SQ":10.462208892744,"NET_PROFIT_RATIO_SQ":87.6441942627,"HOLDER_PROFIT_SQ":321679926.05,"HOLDER_PROFIT_QOQ_SQ":-44.28288678778,"ROE_AVG_SQ":4.138413774494,"PE_TTM_SQ":3.199302822825,"PB_TTM_SQ":0.088391022635,"ROA_SQ":3.005118795092,"START_DATE":"2023-01-01 00:00:00","FISCAL_YEAR":"12-31","CURRENCY":"HKD","IS_CNY_CODE":0,"DPS_HKD_LY":0.12,"ORG_TYPE":"一般企业","PREMIUM_INCOME":null,"PREMIUM_INCOME_YOY":null,"NET_INTEREST_INCOME":null,"NET_INTEREST_INCOME_YOY":null,"FEE_COMMISSION_INCOME":null,"FEE_COMMISSION_INCOME_YOY":null,"ACCOUNTS_RECE_TDAYS":11.864826679009,"INVENTORY_TDAYS":1.666958959377,"CURRENT_ASSETS_TDAYS":1.746565591729,"TOTAL_ASSETS_TDAYS":0.040546629398,"PREMIUM_EXPENSE":null,"LOAN_DEPOSIT":null,"LOAN_EQUITY":null,"LOAN_ASSETS":null,"DEPOSIT_EQUITY":null,"DEPOSIT_ASSETS":null,"EQUITY_MULTIPLIER":1.334161814041,"EQUITY_RATIO":0.345391343959},{"SECUCODE":"00089.HK","SECURITY_CODE":"00089","SECURITY_NAME_ABBR":"大生地产","ORG_CODE":"10007374","STD_REPORT_DATE":"2023-06-30 00:00:00","REPORT_DATE":"2023-06-30 00:00:00","DATE_TYPE_CODE":"002","REPORT_TYPE":"2023年中报","PER_NETCASH_OPERATE":0.238666395481,"PER_OI":0.738046350078,"BPS":28.684417539442,"BASIC_EPS":0.3964514,"DILUTED_EPS":0.3964514,"OPERATE_INCOME":212313554.4,"OPERATE_INCOME_YOY":7.895365672,"GROSS_PROFIT":121230228.22,"GROSS_PROFIT_YOY":6.604378818244,"HOLDER_PROFIT":113951196.12,"HOLDER_PROFIT_YOY":-47.7268978468,"GROSS_PROFIT_RATIO":57.099617856523,"EPS_TTM":0.811454502281,"OPERATE_INCOME_QOQ":7.582158664518,"NET_PROFIT_RATIO":63.6281917665,"ROE_AVG":1.389181515998,"GROSS_PROFIT_QOQ":2.882323493133,"ROA":1.014249210913,"HOLDER_PROFIT_QOQ":-27.433813907394,"ROE_YEARLY":2.778363031995,"ROIC_YEARLY":2.098946527336,"TOTAL_ASSETS":11282892518.48,"TOTAL_LIABILITIES":2761339319.8,"TAX_EBT":-12.958508719182,"OCF_SALES":32.33758902206,"TOTAL_PARENT_EQUITY":8251637099.82,"DEBT_ASSET_RATIO":24.4736827483,"OPERATE_PROFIT":177018316.04,"PRETAX_PROFIT":119593713.72,"NETCASH_OPERATE":68657084.66,"NETCASH_INVEST":-9386678.38,"NETCASH_FINANCE":-72457486.22,"END_CASH":110509444.78,"DIVI_RATIO":0.111996913868,"DIVIDEND_RATE":5.555555555556,"CURRENT_RATIO":0.219922212182,"COMMON_ACS":null,"CURRENTDEBT_DEBT":42.897252429875,"ISSUED_COMMON_SHARES":287669676,"HK_COMMON_SHARES":287669676,"PER_SHARES":1000,"TOTAL_MARKET_CAP":517805416.8,"HKSK_MARKET_CAP":517805416.8,"PE_TTM":-1.107768669173,"PB_TTM":0.061302180218,"REPORT_DATE_SQ":"2022-06-30 00:00:00","REPORT_TYPE_SQ":"2022年中报","OPERATE_INCOME_SQ":182522346.51,"DPS_HKD":0.1,"OPERATE_INCOME_QOQ_SQ":6.885949516486,"NET_PROFIT_RATIO_SQ":122.4847607401,"HOLDER_PROFIT_SQ":202200268.41,"HOLDER_PROFIT_QOQ_SQ":11.446636093896,"ROE_AVG_SQ":2.730016936822,"PE_TTM_SQ":3.199302822825,"PB_TTM_SQ":0.088391022635,"ROA_SQ":1.976513298428,"START_DATE":"2023-01-01 00:00:00","FISCAL_YEAR":"12-31","CURRENCY":"HKD","IS_CNY_CODE":0,"DPS_HKD_LY":0.12,"ORG_TYPE":"一般企业","PREMIUM_INCOME":null,"PREMIUM_INCOME_YOY":null,"NET_INTEREST_INCOME":null,"NET_INTEREST_INCOME_YOY":null,"FEE_COMMISSION_INCOME":null,"FEE_COMMISSION_INCOME_YOY":null,"ACCOUNTS_RECE_TDAYS":5.157908883215,"INVENTORY_TDAYS":0.903145298051,"CURRENT_ASSETS_TDAYS":0.79863910897,"TOTAL_ASSETS_TDAYS":0.018897463331,"PREMIUM_EXPENSE":null,"LOAN_DEPOSIT":null,"LOAN_EQUITY":null,"LOAN_ASSETS":null,"DEPOSIT_EQUITY":null,"DEPOSIT_ASSETS":null,"EQUITY_MULTIPLIER":1.324041786213,"EQUITY_RATIO":0.334641391326},{"SECUCODE":"00089.HK","SECURITY_CODE":"00089","SECURITY_NAME_ABBR":"大生地产","ORG_CODE":"10007374","STD_REPORT_DATE":"2022-12-31 00:00:00","REPORT_DATE":"2022-12-31 00:00:00","DATE_TYPE_CODE":"001","REPORT_TYPE":"2022年年报","PER_NETCASH_OPERATE":0.518197791796,"PER_OI":1.365844190195,"BPS":27.461952232532,"BASIC_EPS":1.1165875,"DILUTED_EPS":1.1165875,"OPERATE_INCOME":392911955.66,"OPERATE_INCOME_YOY":8.0668461811,"GROSS_PROFIT":260570432.08,"GROSS_PROFIT_YOY":17.782000840591,"HOLDER_PROFIT":321679926.05,"HOLDER_PROFIT_YOY":-43.1652825519,"GROSS_PROFIT_RATIO":66.317766188179,"EPS_TTM":1.11822674716,"OPERATE_INCOME_QOQ":10.462208892744,"NET_PROFIT_RATIO":87.6441942627,"ROE_AVG":4.138413774494,"GROSS_PROFIT_QOQ":15.567280725428,"ROA":3.005118795092,"HOLDER_PROFIT_QOQ":-44.28288678778,"ROE_YEARLY":4.138413774494,"ROIC_YEARLY":3.104534664638,"TOTAL_ASSETS":10838803296.23,"TOTAL_LIABILITIES":2696540053.83,"TAX_EBT":-16.029399371561,"OCF_SALES":37.939744190171,"TOTAL_PARENT_EQUITY":7899970901.06,"DEBT_ASSET_RATIO":24.8785772759,"OPERATE_PROFIT":359486685.53,"PRETAX_PROFIT":296790744.04,"NETCASH_OPERATE":149069790.87,"NETCASH_INVEST":-57062087.6,"NETCASH_FINANCE":-72329858.44,"END_CASH":119818771.45,"DIVI_RATIO":0.081271888936,"DIVIDEND_RATE":5.555555555556,"CURRENT_RATIO":0.263904254069,"COMMON_ACS":null,"CURRENTDEBT_DEBT":36.920604665076,"ISSUED_COMMON_SHARES":287669676,"HK_COMMON_SHARES":287669676,"PER_SHARES":1000,"TOTAL_MARKET_CAP":517805416.8,"HKSK_MARKET_CAP":517805416.8,"PE_TTM":-1.107768669173,"PB_TTM":0.061302180218,"REPORT_DATE_SQ":"2021-12-31 00:00:00","REPORT_TYPE_SQ":"2021年年报","OPERATE_INCOME_SQ":332782822.4,"DPS_HKD":0.1,"OPERATE_INCOME_QOQ_SQ":12.38094208398,"NET_PROFIT_RATIO_SQ":160.7831479225,"HOLDER_PROFIT_SQ":518046076.8,"HOLDER_PROFIT_QOQ_SQ":281.893095148375,"ROE_AVG_SQ":7.697524549589,"PE_TTM_SQ":3.199302822825,"PB_TTM_SQ":0.088391022635,"ROA_SQ":5.524091341778,"START_DATE":"2022-01-01 00:00:00","FISCAL_YEAR":"12-31","CURRENCY":"HKD","IS_CNY_CODE":0,"DPS_HKD_LY":0.26,"ORG_TYPE":"一般企业","PREMIUM_INCOME":null,"PREMIUM_INCOME_YOY":null,"NET_INTEREST_INCOME":null,"NET_INTEREST_INCOME_YOY":null,"FEE_COMMISSION_INCOME":null,"FEE_COMMISSION_INCOME_YOY":null,"ACCOUNTS_RECE_TDAYS":11.327641930956,"INVENTORY_TDAYS":1.354129916186,"CURRENT_ASSETS_TDAYS":1.587765923846,"TOTAL_ASSETS_TDAYS":0.036705650777,"PREMIUM_EXPENSE":null,"LOAN_DEPOSIT":null,"LOAN_EQUITY":null,"LOAN_ASSETS":null,"DEPOSIT_EQUITY":null,"DEPOSIT_ASSETS":null,"EQUITY_MULTIPLIER":1.331178196229,"EQUITY_RATIO":0.341335441308},{"SECUCODE":"00089.HK","SECURITY_CODE":"00089","SECURITY_NAME_ABBR":"大生地产","ORG_CODE":"10007374","STD_REPORT_DATE":"2022-06-30 00:00:00","REPORT_DATE":"2022-06-30 00:00:00","DATE_TYPE_CODE":"002","REPORT_TYPE":"2022年中报","PER_NETCASH_OPERATE":0.284891230871,"PER_OI":0.634485876468,"BPS":26.047192730144,"BASIC_EPS":0.7012558,"DILUTED_EPS":0.7012558,"OPERATE_INCOME":182522346.51,"OPERATE_INCOME_YOY":11.2669888487,"GROSS_PROFIT":113719745.44,"GROSS_PROFIT_YOY":3.872531862366,"HOLDER_PROFIT":202200268.41,"HOLDER_PROFIT_YOY":37.6726446955,"GROSS_PROFIT_RATIO":62.304560298741,"EPS_TTM":2.006971795004,"OPERATE_INCOME_QOQ":6.885949516486,"NET_PROFIT_RATIO":122.4847607401,"ROE_AVG":2.730016936822,"GROSS_PROFIT_QOQ":1.91639026311,"ROA":1.976513298428,"HOLDER_PROFIT_QOQ":11.446636093896,"ROE_YEARLY":5.460033873645,"ROIC_YEARLY":4.095533344185,"TOTAL_ASSETS":10340901037.46,"TOTAL_LIABILITIES":2614279912.02,"TAX_EBT":-11.044185236473,"OCF_SALES":44.901114656396,"TOTAL_PARENT_EQUITY":7492987493.39,"DEBT_ASSET_RATIO":25.2809682884,"OPERATE_PROFIT":219822313.55,"PRETAX_PROFIT":201327119.42,"NETCASH_OPERATE":81954568.08,"NETCASH_INVEST":-30502916.92,"NETCASH_FINANCE":21287389.48,"END_CASH":168626364.2,"DIVI_RATIO":0.045282350368,"DIVIDEND_RATE":5.555555555556,"CURRENT_RATIO":0.768318301963,"COMMON_ACS":null,"CURRENTDEBT_DEBT":14.715184179828,"ISSUED_COMMON_SHARES":287669676,"HK_COMMON_SHARES":287669676,"PER_SHARES":1000,"TOTAL_MARKET_CAP":517805416.8,"HKSK_MARKET_CAP":517805416.8,"PE_TTM":-1.107768669173,"PB_TTM":0.061302180218,"REPORT_DATE_SQ":"2021-06-30 00:00:00","REPORT_TYPE_SQ":"2021年中报","OPERATE_INCOME_SQ":159607089.36,"DPS_HKD":0.1,"OPERATE_INCOME_QOQ_SQ":0.052121730935,"NET_PROFIT_RATIO_SQ":90.8522185208,"HOLDER_PROFIT_SQ":142901419.2,"HOLDER_PROFIT_QOQ_SQ":203.355675666796,"ROE_AVG_SQ":2.147139303195,"PE_TTM_SQ":3.199302822825,"PB_TTM_SQ":0.088391022635,"ROA_SQ":1.527354963866,"START_DATE":"2022-01-01 00:00:00","FISCAL_YEAR":"12-31","CURRENCY":"HKD","IS_CNY_CODE":0,"DPS_HKD_LY":0.26,"ORG_TYPE":"一般企业","PREMIUM_INCOME":null,"PREMIUM_INCOME_YOY":null,"NET_INTEREST_INCOME":null,"NET_INTEREST_INCOME_YOY":null,"FEE_COMMISSION_INCOME":null,"FEE_COMMISSION_INCOME_YOY":null,"ACCOUNTS_RECE_TDAYS":5.550819245774,"INVENTORY_TDAYS":0.73544925178,"CURRENT_ASSETS_TDAYS":0.704913078588,"TOTAL_ASSETS_TDAYS":0.017841610596,"PREMIUM_EXPENSE":null,"LOAN_DEPOSIT":null,"LOAN_EQUITY":null,"LOAN_ASSETS":null,"DEPOSIT_EQUITY":null,"DEPOSIT_ASSETS":null,"EQUITY_MULTIPLIER":1.338347107949,"EQUITY_RATIO":0.348896873821},{"SECUCODE":"00089.HK","SECURITY_CODE":"00089","SECURITY_NAME_ABBR":"大生地产","ORG_CODE":"10007374","STD_REPORT_DATE":"2021-12-31 00:00:00","REPORT_DATE":"2021-12-31 00:00:00","DATE_TYPE_CODE":"001","REPORT_TYPE":"2021年年报","PER_NETCASH_OPERATE":0.404457657192,"PER_OI":1.156822738591,"BPS":24.327798248711,"BASIC_EPS":1.79872,"DILUTED_EPS":1.79872,"OPERATE_INCOME":332782822.4,"OPERATE_INCOME_YOY":15.7455908364,"GROSS_PROFIT":221231113.6,"GROSS_PROFIT_YOY":-0.753933869326,"HOLDER_PROFIT":518046076.8,"HOLDER_PROFIT_YOY":506.3138454435,"GROSS_PROFIT_RATIO":66.479126537993,"EPS_TTM":1.800836584528,"OPERATE_INCOME_QOQ":12.38094208398,"NET_PROFIT_RATIO":160.7831479225,"ROE_AVG":7.697524549589,"GROSS_PROFIT_QOQ":8.55231114184,"ROA":5.524091341778,"HOLDER_PROFIT_QOQ":281.893095148375,"ROE_YEARLY":7.697524549589,"ROIC_YEARLY":5.706586056223,"TOTAL_ASSETS":9674598662.4,"TOTAL_LIABILITIES":2471892595.2,"TAX_EBT":4.245428647096,"OCF_SALES":34.962803176226,"TOTAL_PARENT_EQUITY":6998369840,"DEBT_ASSET_RATIO":25.5503373469,"OPERATE_PROFIT":588381752,"PRETAX_PROFIT":558781361.6,"NETCASH_OPERATE":116350203.2,"NETCASH_INVEST":-115366630.4,"NETCASH_FINANCE":-24846864,"END_CASH":91721638.4,"DIVI_RATIO":0.050465656229,"DIVIDEND_RATE":5.555555555556,"CURRENT_RATIO":0.362010542955,"COMMON_ACS":null,"CURRENTDEBT_DEBT":23.74897134042,"ISSUED_COMMON_SHARES":287669676,"HK_COMMON_SHARES":287669676,"PER_SHARES":1000,"TOTAL_MARKET_CAP":517805416.8,"HKSK_MARKET_CAP":517805416.8,"PE_TTM":-1.107768669173,"PB_TTM":0.061302180218,"REPORT_DATE_SQ":"2020-12-31 00:00:00","REPORT_TYPE_SQ":"2020年年报","OPERATE_INCOME_SQ":295966072.56,"DPS_HKD":0.1,"OPERATE_INCOME_QOQ_SQ":-9.985753052283,"NET_PROFIT_RATIO_SQ":-43.5032731037,"HOLDER_PROFIT_SQ":-131247866.52,"HOLDER_PROFIT_QOQ_SQ":-229.427257552136,"ROE_AVG_SQ":-1.964736592213,"PE_TTM_SQ":3.199302822825,"PB_TTM_SQ":0.088391022635,"ROA_SQ":-1.421124850534,"START_DATE":"2021-01-01 00:00:00","FISCAL_YEAR":"12-31","CURRENCY":"HKD","IS_CNY_CODE":0,"DPS_HKD_LY":0.22,"ORG_TYPE":"一般企业","PREMIUM_INCOME":null,"PREMIUM_INCOME_YOY":null,"NET_INTEREST_INCOME":null,"NET_INTEREST_INCOME_YOY":null,"FEE_COMMISSION_INCOME":null,"FEE_COMMISSION_INCOME_YOY":null,"ACCOUNTS_RECE_TDAYS":10.544390041709,"INVENTORY_TDAYS":1.248997601567,"CURRENT_ASSETS_TDAYS":1.480913891936,"TOTAL_ASSETS_TDAYS":0.035485698864,"PREMIUM_EXPENSE":null,"LOAN_DEPOSIT":null,"LOAN_EQUITY":null,"LOAN_ASSETS":null,"DEPOSIT_EQUITY":null,"DEPOSIT_ASSETS":null,"EQUITY_MULTIPLIER":1.34318943077,"EQUITY_RATIO":0.353209769091},{"SECUCODE":"00089.HK","SECURITY_CODE":"00089","SECURITY_NAME_ABBR":"大生地产","ORG_CODE":"10007374","STD_REPORT_DATE":"2021-06-30 00:00:00","REPORT_DATE":"2021-06-30 00:00:00","DATE_TYPE_CODE":"002","REPORT_TYPE":"2021年中报","PER_NETCASH_OPERATE":0.20997699987,"PER_OI":0.554827646693,"BPS":23.411321879057,"BASIC_EPS":0.499248,"DILUTED_EPS":0.499248,"OPERATE_INCOME":159607089.36,"OPERATE_INCOME_YOY":9.8841106076,"GROSS_PROFIT":109480093.92,"GROSS_PROFIT_YOY":-14.861398008564,"HOLDER_PROFIT":142901419.2,"HOLDER_PROFIT_YOY":226.5129024892,"GROSS_PROFIT_RATIO":68.593503182721,"EPS_TTM":0.471555157034,"OPERATE_INCOME_QOQ":0.052121730935,"NET_PROFIT_RATIO":90.8522185208,"ROE_AVG":2.147139303195,"GROSS_PROFIT_QOQ":-8.573051014092,"ROA":1.527354963866,"HOLDER_PROFIT_QOQ":203.355675666796,"ROE_YEARLY":4.29427860639,"ROIC_YEARLY":3.161122500353,"TOTAL_ASSETS":9470155432.32,"TOTAL_LIABILITIES":2541800540.4,"TAX_EBT":5.29679323106,"OCF_SALES":37.845446441139,"TOTAL_PARENT_EQUITY":6734727379.68,"DEBT_ASSET_RATIO":26.8401142786,"OPERATE_PROFIT":165868491.36,"PRETAX_PROFIT":153116865.36,"NETCASH_OPERATE":60404015.52,"NETCASH_INVEST":-95246533.44,"NETCASH_FINANCE":44364009.36,"END_CASH":127153473.12,"DIVI_RATIO":0.192724856561,"DIVIDEND_RATE":5.555555555556,"CURRENT_RATIO":0.377557380092,"COMMON_ACS":null,"CURRENTDEBT_DEBT":26.629926131556,"ISSUED_COMMON_SHARES":287669676,"HK_COMMON_SHARES":287669676,"PER_SHARES":1000,"TOTAL_MARKET_CAP":517805416.8,"HKSK_MARKET_CAP":517805416.8,"PE_TTM":-1.107768669173,"PB_TTM":0.061302180218,"REPORT_DATE_SQ":"2020-06-30 00:00:00","REPORT_TYPE_SQ":"2020年中报","OPERATE_INCOME_SQ":159452826.72,"DPS_HKD":0.1,"OPERATE_INCOME_QOQ_SQ":-0.88449621947,"NET_PROFIT_RATIO_SQ":-76.5007475811,"HOLDER_PROFIT_SQ":-123998566.56,"HOLDER_PROFIT_QOQ_SQ":-74.053431536396,"ROE_AVG_SQ":-1.704814821838,"PE_TTM_SQ":3.199302822825,"PB_TTM_SQ":0.088391022635,"ROA_SQ":-1.236155581548,"START_DATE":"2021-01-01 00:00:00","FISCAL_YEAR":"12-31","CURRENCY":"HKD","IS_CNY_CODE":0,"DPS_HKD_LY":0.22,"ORG_TYPE":"一般企业","PREMIUM_INCOME":null,"PREMIUM_INCOME_YOY":null,"NET_INTEREST_INCOME":null,"NET_INTEREST_INCOME_YOY":null,"FEE_COMMISSION_INCOME":null,"FEE_COMMISSION_INCOME_YOY":null,"ACCOUNTS_RECE_TDAYS":4.551574401443,"INVENTORY_TDAYS":0.552044865157,"CURRENT_ASSETS_TDAYS":0.642711748554,"TOTAL_ASSETS_TDAYS":0.017059080418,"PREMIUM_EXPENSE":null,"LOAN_DEPOSIT":null,"LOAN_EQUITY":null,"LOAN_ASSETS":null,"DEPOSIT_EQUITY":null,"DEPOSIT_ASSETS":null,"EQUITY_MULTIPLIER":1.366869275614,"EQUITY_RATIO":0.377416990637},{"SECUCODE":"00089.HK","SECURITY_CODE":"00089","SECURITY_NAME_ABBR":"大生地产","ORG_CODE":"10007374","STD_REPORT_DATE":"2020-12-31 00:00:00","REPORT_DATE":"2020-12-31 00:00:00","DATE_TYPE_CODE":"001","REPORT_TYPE":"2020年年报","PER_NETCASH_OPERATE":0.441332674355,"PER_OI":1.028840010791,"BPS":23.122679968952,"BASIC_EPS":-0.4544856,"DILUTED_EPS":-0.4544856,"OPERATE_INCOME":295966072.56,"OPERATE_INCOME_YOY":-5.0428132822,"GROSS_PROFIT":222911720.56,"GROSS_PROFIT_YOY":-10.927745005081,"HOLDER_PROFIT":-131247866.52,"HOLDER_PROFIT_YOY":-135.7421498969,"GROSS_PROFIT_RATIO":75.316646476366,"EPS_TTM":-0.456245052815,"OPERATE_INCOME_QOQ":-9.985753052283,"NET_PROFIT_RATIO":-43.5032731037,"ROE_AVG":-1.964736592213,"GROSS_PROFIT_QOQ":-12.538949026292,"ROA":-1.421124850534,"HOLDER_PROFIT_QOQ":-229.427257552136,"ROE_YEARLY":-1.964736592213,"ROIC_YEARLY":-1.469026201039,"TOTAL_ASSETS":9348303365.08,"TOTAL_LIABILITIES":2502912797.28,"TAX_EBT":-3.947082325442,"OCF_SALES":42.896142230715,"TOTAL_PARENT_EQUITY":6651693854.92,"DEBT_ASSET_RATIO":26.7739791867,"OPERATE_PROFIT":-92471828.44,"PRETAX_PROFIT":-123865842.08,"NETCASH_OPERATE":126958027.44,"NETCASH_INVEST":-251168941.92,"NETCASH_FINANCE":149230346.76,"END_CASH":118983488.44,"DIVI_RATIO":-0.199192077677,"DIVIDEND_RATE":5.555555555556,"CURRENT_RATIO":0.450273414252,"COMMON_ACS":null,"CURRENTDEBT_DEBT":21.639577221731,"ISSUED_COMMON_SHARES":287669676,"HK_COMMON_SHARES":287669676,"PER_SHARES":1000,"TOTAL_MARKET_CAP":517805416.8,"HKSK_MARKET_CAP":517805416.8,"PE_TTM":-1.107768669173,"PB_TTM":0.061302180218,"REPORT_DATE_SQ":"2019-12-31 00:00:00","REPORT_TYPE_SQ":"2019年年报","OPERATE_INCOME_SQ":331733311.62,"DPS_HKD":0.1,"OPERATE_INCOME_QOQ_SQ":0.212677621197,"NET_PROFIT_RATIO_SQ":120.5360638783,"HOLDER_PROFIT_SQ":390828814,"HOLDER_PROFIT_QOQ_SQ":74.330981029155,"ROE_AVG_SQ":5.603090573837,"PE_TTM_SQ":3.199302822825,"PB_TTM_SQ":0.088391022635,"ROA_SQ":4.167579476302,"START_DATE":"2020-01-01 00:00:00","FISCAL_YEAR":"12-31","CURRENCY":"HKD","IS_CNY_CODE":0,"DPS_HKD_LY":0.22,"ORG_TYPE":"一般企业","PREMIUM_INCOME":null,"PREMIUM_INCOME_YOY":null,"NET_INTEREST_INCOME":null,"NET_INTEREST_INCOME_YOY":null,"FEE_COMMISSION_INCOME":null,"FEE_COMMISSION_INCOME_YOY":null,"ACCOUNTS_RECE_TDAYS":9.11351267299,"INVENTORY_TDAYS":0.793897598185,"CURRENT_ASSETS_TDAYS":1.280956708782,"TOTAL_ASSETS_TDAYS":0.032046596397,"PREMIUM_EXPENSE":null,"LOAN_DEPOSIT":null,"LOAN_EQUITY":null,"LOAN_ASSETS":null,"DEPOSIT_EQUITY":null,"DEPOSIT_ASSETS":null,"EQUITY_MULTIPLIER":1.365634768752,"EQUITY_RATIO":0.376282019568},{"SECUCODE":"00089.HK","SECURITY_CODE":"00089","SECURITY_NAME_ABBR":"大生地产","ORG_CODE":"10007374","STD_REPORT_DATE":"2020-06-30 00:00:00","REPORT_DATE":"2020-06-30 00:00:00","DATE_TYPE_CODE":"002","REPORT_TYPE":"2020年中报","PER_NETCASH_OPERATE":0.23389005715,"PER_OI":0.554291397471,"BPS":25.257770093223,"BASIC_EPS":-0.4293168,"DILUTED_EPS":-0.4293168,"OPERATE_INCOME":159452826.72,"OPERATE_INCOME_YOY":-5.4381859351,"GROSS_PROFIT":128590429.44,"GROSS_PROFIT_YOY":3.718554144283,"HOLDER_PROFIT":-123998566.56,"HOLDER_PROFIT_YOY":-172.1861805652,"GROSS_PROFIT_RATIO":80.644810183143,"EPS_TTM":0.352510793665,"OPERATE_INCOME_QOQ":-0.88449621947,"NET_PROFIT_RATIO":-76.5007475811,"ROE_AVG":-1.704814821838,"GROSS_PROFIT_QOQ":1.842196044151,"ROA":-1.236155581548,"HOLDER_PROFIT_QOQ":-74.053431536396,"ROE_YEARLY":-3.409629643677,"ROIC_YEARLY":-2.568345331568,"TOTAL_ASSETS":10161035311.68,"TOTAL_LIABILITIES":2684506989.12,"TAX_EBT":6.306040833509,"OCF_SALES":42.196227150083,"TOTAL_PARENT_EQUITY":7265894539.2,"DEBT_ASSET_RATIO":26.4196207057,"OPERATE_PROFIT":-110162690.88,"PRETAX_PROFIT":-130192603.2,"NETCASH_OPERATE":67283076.96,"NETCASH_INVEST":-136383899.52,"NETCASH_FINANCE":192312917.28,"END_CASH":225192190.08,"DIVI_RATIO":0.257808843398,"DIVIDEND_RATE":5.555555555556,"CURRENT_RATIO":0.331017338791,"COMMON_ACS":null,"CURRENTDEBT_DEBT":40.392929594698,"ISSUED_COMMON_SHARES":287669676,"HK_COMMON_SHARES":287669676,"PER_SHARES":1000,"TOTAL_MARKET_CAP":517805416.8,"HKSK_MARKET_CAP":517805416.8,"PE_TTM":-1.107768669173,"PB_TTM":0.061302180218,"REPORT_DATE_SQ":"2019-06-30 00:00:00","REPORT_TYPE_SQ":"2019年中报","OPERATE_INCOME_SQ":162386995.32,"DPS_HKD":0.1,"OPERATE_INCOME_QOQ_SQ":7.219652958374,"NET_PROFIT_RATIO_SQ":106.6494404178,"HOLDER_PROFIT_SQ":165423581.64,"HOLDER_PROFIT_QOQ_SQ":-48.079893832979,"ROE_AVG_SQ":2.449239117496,"PE_TTM_SQ":3.199302822825,"PB_TTM_SQ":0.088391022635,"ROA_SQ":1.832748064413,"START_DATE":"2020-01-01 00:00:00","FISCAL_YEAR":"12-31","CURRENCY":"HKD","IS_CNY_CODE":0,"DPS_HKD_LY":0.22,"ORG_TYPE":"一般企业","PREMIUM_INCOME":null,"PREMIUM_INCOME_YOY":null,"NET_INTEREST_INCOME":null,"NET_INTEREST_INCOME_YOY":null,"FEE_COMMISSION_INCOME":null,"FEE_COMMISSION_INCOME_YOY":null,"ACCOUNTS_RECE_TDAYS":4.676149529205,"INVENTORY_TDAYS":0.308286798788,"CURRENT_ASSETS_TDAYS":0.535273933748,"TOTAL_ASSETS_TDAYS":0.015896030673,"PREMIUM_EXPENSE":null,"LOAN_DEPOSIT":null,"LOAN_EQUITY":null,"LOAN_ASSETS":null,"DEPOSIT_EQUITY":null,"DEPOSIT_ASSETS":null,"EQUITY_MULTIPLIER":1.359057957557,"EQUITY_RATIO":0.369466825404}],"count":46},"success":true,"message":"ok","code":0}