{"version":"4fe5561b4e7a3397df0be49440403cc2","result":{"pages":6,"data":[{"SECUCODE":"00097.HK","SECURITY_CODE":"00097","SECURITY_NAME_ABBR":"恒基发展","ORG_CODE":"10013272","STD_REPORT_DATE":"2024-06-30 00:00:00","REPORT_DATE":"2024-06-30 00:00:00","DATE_TYPE_CODE":"002","REPORT_TYPE":"2024年中报","PER_NETCASH_OPERATE":0.013477580409,"PER_OI":0.231215379469,"BPS":0.331248976285,"BASIC_EPS":-0.02099164,"DILUTED_EPS":-0.02099164,"OPERATE_INCOME":704588960,"OPERATE_INCOME_YOY":-3.0150753769,"GROSS_PROFIT":-1825360,"GROSS_PROFIT_YOY":-103.95965205319,"HOLDER_PROFIT":-62974920,"HOLDER_PROFIT_YOY":-283.3333333333,"GROSS_PROFIT_RATIO":-0.259067357513,"EPS_TTM":-0.036631154297,"OPERATE_INCOME_QOQ":-2.085103907075,"NET_PROFIT_RATIO":-8.9378238342,"ROE_AVG":-6.055287406757,"GROSS_PROFIT_QOQ":-76.643192826133,"ROA":-2.808874414818,"HOLDER_PROFIT_QOQ":-71.081709371529,"ROE_YEARLY":-12.110574813515,"ROIC_YEARLY":-5.804416403785,"TOTAL_ASSETS":2170353040,"TOTAL_LIABILITIES":1160928960,"TAX_EBT":15.853658536585,"OCF_SALES":5.829015544041,"TOTAL_PARENT_EQUITY":1009424080,"DEBT_ASSET_RATIO":53.4903280067,"OPERATE_PROFIT":-55673480,"PRETAX_PROFIT":-74839760,"NETCASH_OPERATE":41070600,"NETCASH_INVEST":-20078960,"NETCASH_FINANCE":-31943800,"END_CASH":66625640,"DIVI_RATIO":null,"DIVIDEND_RATE":null,"CURRENT_RATIO":0.402337228715,"COMMON_ACS":null,"CURRENTDEBT_DEBT":47.091194968554,"ISSUED_COMMON_SHARES":3047327395,"HK_COMMON_SHARES":3047327395,"PER_SHARES":1000,"TOTAL_MARKET_CAP":304732739.5,"HKSK_MARKET_CAP":304732739.5,"PE_TTM":-2.477501947154,"PB_TTM":0.275526889241,"REPORT_DATE_SQ":"2023-06-30 00:00:00","REPORT_TYPE_SQ":"2023年中报","OPERATE_INCOME_SQ":733896080,"DPS_HKD":null,"OPERATE_INCOME_QOQ_SQ":-3.743323331412,"NET_PROFIT_RATIO_SQ":-2.2613065327,"HOLDER_PROFIT_SQ":-16595640,"HOLDER_PROFIT_QOQ_SQ":-831.108175579612,"ROE_AVG_SQ":-1.442307692308,"PE_TTM_SQ":-10.542105582703,"PB_TTM_SQ":0.318154899315,"ROA_SQ":-0.76840981857,"START_DATE":"2024-01-01 00:00:00","FISCAL_YEAR":"12-31","CURRENCY":"HKD","IS_CNY_CODE":0,"DPS_HKD_LY":null,"ORG_TYPE":"一般企业","PREMIUM_INCOME":null,"PREMIUM_INCOME_YOY":null,"NET_INTEREST_INCOME":null,"NET_INTEREST_INCOME_YOY":null,"FEE_COMMISSION_INCOME":null,"FEE_COMMISSION_INCOME_YOY":null,"ACCOUNTS_RECE_TDAYS":15.755102040816,"INVENTORY_TDAYS":6.476987447699,"CURRENT_ASSETS_TDAYS":3.112903225806,"TOTAL_ASSETS_TDAYS":0.314268267861,"PREMIUM_EXPENSE":null,"LOAN_DEPOSIT":null,"LOAN_EQUITY":null,"LOAN_ASSETS":null,"DEPOSIT_EQUITY":null,"DEPOSIT_ASSETS":null,"EQUITY_MULTIPLIER":2.150090415912,"EQUITY_RATIO":1.150090415913},{"SECUCODE":"00097.HK","SECURITY_CODE":"00097","SECURITY_NAME_ABBR":"恒基发展","ORG_CODE":"10013272","STD_REPORT_DATE":"2023-12-31 00:00:00","REPORT_DATE":"2023-12-31 00:00:00","DATE_TYPE_CODE":"001","REPORT_TYPE":"2023年年报","PER_NETCASH_OPERATE":0.06215281637,"PER_OI":0.461239321481,"BPS":0.348828964602,"BASIC_EPS":-0.02174928,"DILUTED_EPS":-0.02174928,"OPERATE_INCOME":1405547220,"OPERATE_INCOME_YOY":-13.1578947368,"GROSS_PROFIT":62529180,"GROSS_PROFIT_YOY":-57.05502242021,"HOLDER_PROFIT":-65247840,"HOLDER_PROFIT_YOY":-1540,"GROSS_PROFIT_RATIO":4.448742746615,"EPS_TTM":-0.021411496548,"OPERATE_INCOME_QOQ":-8.472758403198,"NET_PROFIT_RATIO":-4.6421663443,"ROE_AVG":-5.89439214081,"GROSS_PROFIT_QOQ":-42.501152658729,"ROA":-2.875399361022,"HOLDER_PROFIT_QOQ":-99.816683178247,"ROE_YEARLY":-5.89439214081,"ROIC_YEARLY":-3.088140681964,"TOTAL_ASSETS":2297267700,"TOTAL_LIABILITIES":1234271640,"TAX_EBT":16.279069767442,"OCF_SALES":13.475177304965,"TOTAL_PARENT_EQUITY":1062996060,"DEBT_ASSET_RATIO":53.7278106509,"OPERATE_PROFIT":-46217220,"PRETAX_PROFIT":-77934920,"NETCASH_OPERATE":189399980,"NETCASH_INVEST":-51654540,"NETCASH_FINANCE":-296333940,"END_CASH":77028700,"DIVI_RATIO":null,"DIVIDEND_RATE":null,"CURRENT_RATIO":0.381165919283,"COMMON_ACS":null,"CURRENTDEBT_DEBT":49.118942731278,"ISSUED_COMMON_SHARES":3047327395,"HK_COMMON_SHARES":3047327395,"PER_SHARES":1000,"TOTAL_MARKET_CAP":307780066.895,"HKSK_MARKET_CAP":307780066.895,"PE_TTM":-2.502276966626,"PB_TTM":0.278282158133,"REPORT_DATE_SQ":"2022-12-31 00:00:00","REPORT_TYPE_SQ":"2022年年报","OPERATE_INCOME_SQ":1595380220,"DPS_HKD":null,"OPERATE_INCOME_QOQ_SQ":6.639019675671,"NET_PROFIT_RATIO_SQ":0.2799552072,"HOLDER_PROFIT_SQ":4466350,"HOLDER_PROFIT_QOQ_SQ":-80.880809364159,"ROE_AVG_SQ":0.385505011565,"PE_TTM_SQ":-10.212664783243,"PB_TTM_SQ":0.308212558711,"ROA_SQ":0.209687565527,"START_DATE":"2023-01-01 00:00:00","FISCAL_YEAR":"12-31","CURRENCY":"HKD","IS_CNY_CODE":0,"DPS_HKD_LY":0.01,"ORG_TYPE":"一般企业","PREMIUM_INCOME":null,"PREMIUM_INCOME_YOY":null,"NET_INTEREST_INCOME":null,"NET_INTEREST_INCOME_YOY":null,"FEE_COMMISSION_INCOME":null,"FEE_COMMISSION_INCOME_YOY":null,"ACCOUNTS_RECE_TDAYS":33.354838709677,"INVENTORY_TDAYS":11.715415019763,"CURRENT_ASSETS_TDAYS":4.489146164978,"TOTAL_ASSETS_TDAYS":0.619408945687,"PREMIUM_EXPENSE":null,"LOAN_DEPOSIT":null,"LOAN_EQUITY":null,"LOAN_ASSETS":null,"DEPOSIT_EQUITY":null,"DEPOSIT_ASSETS":null,"EQUITY_MULTIPLIER":2.161125319694,"EQUITY_RATIO":1.161125319693},{"SECUCODE":"00097.HK","SECURITY_CODE":"00097","SECURITY_NAME_ABBR":"恒基发展","ORG_CODE":"10013272","STD_REPORT_DATE":"2023-06-30 00:00:00","REPORT_DATE":"2023-06-30 00:00:00","DATE_TYPE_CODE":"002","REPORT_TYPE":"2023年中报","PER_NETCASH_OPERATE":0.022388969466,"PER_OI":0.240832698582,"BPS":0.370930764399,"BASIC_EPS":-0.00553188,"DILUTED_EPS":-0.00553188,"OPERATE_INCOME":733896080,"OPERATE_INCOME_YOY":-14.224137931,"GROSS_PROFIT":46099000,"GROSS_PROFIT_YOY":-44.427855484698,"HOLDER_PROFIT":-16595640,"HOLDER_PROFIT_YOY":-175,"GROSS_PROFIT_RATIO":6.281407035176,"EPS_TTM":-0.010715569995,"OPERATE_INCOME_QOQ":-3.743323331412,"NET_PROFIT_RATIO":-2.2613065327,"ROE_AVG":-1.442307692308,"GROSS_PROFIT_QOQ":-25.311585248135,"ROA":-0.76840981857,"HOLDER_PROFIT_QOQ":-831.108175579612,"ROE_YEARLY":-2.884615384615,"ROIC_YEARLY":-1.677539608574,"TOTAL_ASSETS":2039419760,"TOTAL_LIABILITIES":909072280,"TAX_EBT":14.285714285714,"OCF_SALES":9.29648241206,"TOTAL_PARENT_EQUITY":1130347480,"DEBT_ASSET_RATIO":44.575045208,"OPERATE_PROFIT":-4609900,"PRETAX_PROFIT":-19361580,"NETCASH_OPERATE":68226520,"NETCASH_INVEST":-21205540,"NETCASH_FINANCE":-164112440,"END_CASH":122623340,"DIVI_RATIO":null,"DIVIDEND_RATE":null,"CURRENT_RATIO":0.597194388778,"COMMON_ACS":null,"CURRENTDEBT_DEBT":50.608519269777,"ISSUED_COMMON_SHARES":3047327395,"HK_COMMON_SHARES":3047327395,"PER_SHARES":1000,"TOTAL_MARKET_CAP":307780066.895,"HKSK_MARKET_CAP":307780066.895,"PE_TTM":-2.502276966626,"PB_TTM":0.278282158133,"REPORT_DATE_SQ":"2022-06-30 00:00:00","REPORT_TYPE_SQ":"2022年中报","OPERATE_INCOME_SQ":793616320,"DPS_HKD":null,"OPERATE_INCOME_QOQ_SQ":3.379376872644,"NET_PROFIT_RATIO_SQ":2.5862068966,"HOLDER_PROFIT_SQ":20524560,"HOLDER_PROFIT_QOQ_SQ":-15.96437205019,"ROE_AVG_SQ":1.816805450416,"PE_TTM_SQ":-10.212664783243,"PB_TTM_SQ":0.308212558711,"ROA_SQ":0.989894823675,"START_DATE":"2023-01-01 00:00:00","FISCAL_YEAR":"12-31","CURRENCY":"HKD","IS_CNY_CODE":0,"DPS_HKD_LY":0.01,"ORG_TYPE":"一般企业","PREMIUM_INCOME":null,"PREMIUM_INCOME_YOY":null,"NET_INTEREST_INCOME":null,"NET_INTEREST_INCOME_YOY":null,"FEE_COMMISSION_INCOME":null,"FEE_COMMISSION_INCOME_YOY":null,"ACCOUNTS_RECE_TDAYS":19.180722891566,"INVENTORY_TDAYS":5.782945736434,"CURRENT_ASSETS_TDAYS":2.1689373297,"TOTAL_ASSETS_TDAYS":0.339807897545,"PREMIUM_EXPENSE":null,"LOAN_DEPOSIT":null,"LOAN_EQUITY":null,"LOAN_ASSETS":null,"DEPOSIT_EQUITY":null,"DEPOSIT_ASSETS":null,"EQUITY_MULTIPLIER":1.804241435564,"EQUITY_RATIO":0.804241435563},{"SECUCODE":"00097.HK","SECURITY_CODE":"00097","SECURITY_NAME_ABBR":"恒基发展","ORG_CODE":"10013272","STD_REPORT_DATE":"2022-12-31 00:00:00","REPORT_DATE":"2022-12-31 00:00:00","DATE_TYPE_CODE":"001","REPORT_TYPE":"2022年年报","PER_NETCASH_OPERATE":0.092336665388,"PER_OI":0.523534236137,"BPS":0.372277984263,"BASIC_EPS":0.00178654,"DILUTED_EPS":0.00178654,"OPERATE_INCOME":1595380220,"OPERATE_INCOME_YOY":0.9039548023,"GROSS_PROFIT":145603010,"GROSS_PROFIT_YOY":-5.273471655494,"HOLDER_PROFIT":4466350,"HOLDER_PROFIT_YOY":-85.2941176471,"GROSS_PROFIT_RATIO":9.126539753639,"EPS_TTM":0.001465661355,"OPERATE_INCOME_QOQ":6.639019675671,"NET_PROFIT_RATIO":0.2799552072,"ROE_AVG":0.385505011565,"GROSS_PROFIT_QOQ":-5.116326868279,"ROA":0.209687565527,"HOLDER_PROFIT_QOQ":-80.880809364159,"ROE_YEARLY":0.385505011565,"ROIC_YEARLY":0.241021932996,"TOTAL_ASSETS":2209056710,"TOTAL_LIABILITIES":1074603810,"TAX_EBT":null,"OCF_SALES":17.637178051512,"TOTAL_PARENT_EQUITY":1134452900,"DEBT_ASSET_RATIO":48.645369996,"OPERATE_PROFIT":41090420,"PRETAX_PROFIT":4466350,"NETCASH_OPERATE":281380050,"NETCASH_INVEST":-70568330,"NETCASH_FINANCE":-300138720,"END_CASH":232250200,"DIVI_RATIO":null,"DIVIDEND_RATE":null,"CURRENT_RATIO":0.660606060606,"COMMON_ACS":null,"CURRENTDEBT_DEBT":54.862842892768,"ISSUED_COMMON_SHARES":3047327395,"HK_COMMON_SHARES":3047327395,"PER_SHARES":1000,"TOTAL_MARKET_CAP":307780066.895,"HKSK_MARKET_CAP":307780066.895,"PE_TTM":-2.502276966626,"PB_TTM":0.278282158133,"REPORT_DATE_SQ":"2021-12-31 00:00:00","REPORT_TYPE_SQ":"2021年年报","OPERATE_INCOME_SQ":1447152000,"DPS_HKD":null,"OPERATE_INCOME_QOQ_SQ":-2.235574735937,"NET_PROFIT_RATIO_SQ":1.9209039548,"HOLDER_PROFIT_SQ":27798400,"HOLDER_PROFIT_QOQ_SQ":-68.412904821014,"ROE_AVG_SQ":2.545862972669,"PE_TTM_SQ":-10.212664783243,"PB_TTM_SQ":0.308212558711,"ROA_SQ":1.438848920863,"START_DATE":"2022-01-01 00:00:00","FISCAL_YEAR":"12-31","CURRENCY":"HKD","IS_CNY_CODE":0,"DPS_HKD_LY":0.02,"ORG_TYPE":"一般企业","PREMIUM_INCOME":null,"PREMIUM_INCOME_YOY":null,"NET_INTEREST_INCOME":null,"NET_INTEREST_INCOME_YOY":null,"FEE_COMMISSION_INCOME":null,"FEE_COMMISSION_INCOME_YOY":null,"ACCOUNTS_RECE_TDAYS":35.366336633663,"INVENTORY_TDAYS":12.249056603774,"CURRENT_ASSETS_TDAYS":3.622718052738,"TOTAL_ASSETS_TDAYS":0.749003984064,"PREMIUM_EXPENSE":null,"LOAN_DEPOSIT":null,"LOAN_EQUITY":null,"LOAN_ASSETS":null,"DEPOSIT_EQUITY":null,"DEPOSIT_ASSETS":null,"EQUITY_MULTIPLIER":1.94724409449,"EQUITY_RATIO":0.947244094488},{"SECUCODE":"00097.HK","SECURITY_CODE":"00097","SECURITY_NAME_ABBR":"恒基发展","ORG_CODE":"10013272","STD_REPORT_DATE":"2022-06-30 00:00:00","REPORT_DATE":"2022-06-30 00:00:00","DATE_TYPE_CODE":"002","REPORT_TYPE":"2022年中报","PER_NETCASH_OPERATE":0.02694106322,"PER_OI":0.260430277791,"BPS":0.369878347121,"BASIC_EPS":0.00684152,"DILUTED_EPS":0.00684152,"OPERATE_INCOME":793616320,"OPERATE_INCOME_YOY":3.687150838,"GROSS_PROFIT":82953430,"GROSS_PROFIT_YOY":-0.305944139987,"HOLDER_PROFIT":20524560,"HOLDER_PROFIT_YOY":-20,"GROSS_PROFIT_RATIO":10.452586206897,"EPS_TTM":0.007665917367,"OPERATE_INCOME_QOQ":3.379376872644,"NET_PROFIT_RATIO":2.5862068966,"ROE_AVG":1.816805450416,"GROSS_PROFIT_QOQ":-0.165618364075,"ROA":0.989894823675,"HOLDER_PROFIT_QOQ":-15.96437205019,"ROE_YEARLY":3.633610900833,"ROIC_YEARLY":2.278661286494,"TOTAL_ASSETS":2183300070,"TOTAL_LIABILITIES":1056159650,"TAX_EBT":11.111111111111,"OCF_SALES":10.344827586207,"TOTAL_PARENT_EQUITY":1127140420,"DEBT_ASSET_RATIO":48.3744614179,"OPERATE_PROFIT":41904310,"PRETAX_PROFIT":23090130,"NETCASH_OPERATE":82098240,"NETCASH_INVEST":-17958990,"NETCASH_FINANCE":-135975210,"END_CASH":236032440,"DIVI_RATIO":null,"DIVIDEND_RATE":null,"CURRENT_RATIO":0.747068676717,"COMMON_ACS":null,"CURRENTDEBT_DEBT":48.34008097166,"ISSUED_COMMON_SHARES":3047327395,"HK_COMMON_SHARES":3047327395,"PER_SHARES":1000,"TOTAL_MARKET_CAP":307780066.895,"HKSK_MARKET_CAP":307780066.895,"PE_TTM":-2.502276966626,"PB_TTM":0.278282158133,"REPORT_DATE_SQ":"2021-06-30 00:00:00","REPORT_TYPE_SQ":"2021年中报","OPERATE_INCOME_SQ":744711600,"DPS_HKD":null,"OPERATE_INCOME_QOQ_SQ":-3.840272379248,"NET_PROFIT_RATIO_SQ":3.3519553073,"HOLDER_PROFIT_SQ":24962400,"HOLDER_PROFIT_QOQ_SQ":-17.665846994638,"ROE_AVG_SQ":2.224694104561,"PE_TTM_SQ":-10.212664783243,"PB_TTM_SQ":0.308212558711,"ROA_SQ":1.288383079236,"START_DATE":"2022-01-01 00:00:00","FISCAL_YEAR":"12-31","CURRENCY":"HKD","IS_CNY_CODE":0,"DPS_HKD_LY":0.02,"ORG_TYPE":"一般企业","PREMIUM_INCOME":null,"PREMIUM_INCOME_YOY":null,"NET_INTEREST_INCOME":null,"NET_INTEREST_INCOME_YOY":null,"FEE_COMMISSION_INCOME":null,"FEE_COMMISSION_INCOME_YOY":null,"ACCOUNTS_RECE_TDAYS":19.333333333333,"INVENTORY_TDAYS":6.295454545455,"CURRENT_ASSETS_TDAYS":1.863453815261,"TOTAL_ASSETS_TDAYS":0.382759331821,"PREMIUM_EXPENSE":null,"LOAN_DEPOSIT":null,"LOAN_EQUITY":null,"LOAN_ASSETS":null,"DEPOSIT_EQUITY":null,"DEPOSIT_ASSETS":null,"EQUITY_MULTIPLIER":1.93702579666,"EQUITY_RATIO":0.937025796662},{"SECUCODE":"00097.HK","SECURITY_CODE":"00097","SECURITY_NAME_ABBR":"恒基发展","ORG_CODE":"10013272","STD_REPORT_DATE":"2021-12-31 00:00:00","REPORT_DATE":"2021-12-31 00:00:00","DATE_TYPE_CODE":"001","REPORT_TYPE":"2021年年报","PER_NETCASH_OPERATE":0.087466020368,"PER_OI":0.474892196478,"BPS":0.355230094993,"BASIC_EPS":0.0089936,"DILUTED_EPS":0.0089936,"OPERATE_INCOME":1447152000,"OPERATE_INCOME_YOY":-3.2258064516,"GROSS_PROFIT":153708800,"GROSS_PROFIT_YOY":-26.358829382266,"HOLDER_PROFIT":27798400,"HOLDER_PROFIT_YOY":-73.2283464567,"GROSS_PROFIT_RATIO":10.621468926554,"EPS_TTM":0.009122222983,"OPERATE_INCOME_QOQ":-2.235574735937,"NET_PROFIT_RATIO":1.9209039548,"ROE_AVG":2.545862972669,"GROSS_PROFIT_QOQ":-17.350053512373,"ROA":1.438848920863,"HOLDER_PROFIT_QOQ":-68.412904821014,"ROE_YEARLY":2.545862972669,"ROIC_YEARLY":1.721083270058,"TOTAL_ASSETS":1877209600,"TOTAL_LIABILITIES":794707200,"TAX_EBT":17.073170731707,"OCF_SALES":18.418079096045,"TOTAL_PARENT_EQUITY":1082502400,"DEBT_ASSET_RATIO":42.3344947735,"OPERATE_PROFIT":54779200,"PRETAX_PROFIT":33521600,"NETCASH_OPERATE":266537600,"NETCASH_INVEST":-35156800,"NETCASH_FINANCE":-276348800,"END_CASH":294336000,"DIVI_RATIO":null,"DIVIDEND_RATE":null,"CURRENT_RATIO":0.819672131148,"COMMON_ACS":null,"CURRENTDEBT_DEBT":69.0329218107,"ISSUED_COMMON_SHARES":3047327395,"HK_COMMON_SHARES":3047327395,"PER_SHARES":1000,"TOTAL_MARKET_CAP":307780066.895,"HKSK_MARKET_CAP":307780066.895,"PE_TTM":-2.502276966626,"PB_TTM":0.278282158133,"REPORT_DATE_SQ":"2020-12-31 00:00:00","REPORT_TYPE_SQ":"2020年年报","OPERATE_INCOME_SQ":1539359560,"DPS_HKD":null,"OPERATE_INCOME_QOQ_SQ":1.383142386992,"NET_PROFIT_RATIO_SQ":6.9436850738,"HOLDER_PROFIT_SQ":106888280,"HOLDER_PROFIT_QOQ_SQ":32.1066134458,"ROE_AVG_SQ":9.639468690702,"PE_TTM_SQ":-10.212664783243,"PB_TTM_SQ":0.308212558711,"ROA_SQ":5.104501607717,"START_DATE":"2021-01-01 00:00:00","FISCAL_YEAR":"12-31","CURRENCY":"HKD","IS_CNY_CODE":0,"DPS_HKD_LY":0.02,"ORG_TYPE":"一般企业","PREMIUM_INCOME":null,"PREMIUM_INCOME_YOY":null,"NET_INTEREST_INCOME":null,"NET_INTEREST_INCOME_YOY":null,"FEE_COMMISSION_INCOME":null,"FEE_COMMISSION_INCOME_YOY":null,"ACCOUNTS_RECE_TDAYS":34.038461538462,"INVENTORY_TDAYS":12.407843137255,"CURRENT_ASSETS_TDAYS":3.121693121693,"TOTAL_ASSETS_TDAYS":0.749047820567,"PREMIUM_EXPENSE":null,"LOAN_DEPOSIT":null,"LOAN_EQUITY":null,"LOAN_ASSETS":null,"DEPOSIT_EQUITY":null,"DEPOSIT_ASSETS":null,"EQUITY_MULTIPLIER":1.734138972809,"EQUITY_RATIO":0.73413897281},{"SECUCODE":"00097.HK","SECURITY_CODE":"00097","SECURITY_NAME_ABBR":"恒基发展","ORG_CODE":"10013272","STD_REPORT_DATE":"2021-06-30 00:00:00","REPORT_DATE":"2021-06-30 00:00:00","DATE_TYPE_CODE":"002","REPORT_TYPE":"2021年中报","PER_NETCASH_OPERATE":0.037135123776,"PER_OI":0.244381880733,"BPS":0.368620713955,"BASIC_EPS":0.0083208,"DILUTED_EPS":0.0083208,"OPERATE_INCOME":744711600,"OPERATE_INCOME_YOY":1.7045454545,"GROSS_PROFIT":83208000,"GROSS_PROFIT_YOY":-21.471542211028,"HOLDER_PROFIT":24962400,"HOLDER_PROFIT_YOY":-37.5,"GROSS_PROFIT_RATIO":11.173184357542,"EPS_TTM":0.028879588109,"OPERATE_INCOME_QOQ":-3.840272379248,"NET_PROFIT_RATIO":3.3519553073,"ROE_AVG":2.224694104561,"GROSS_PROFIT_QOQ":-10.899917365635,"ROA":1.288383079236,"HOLDER_PROFIT_QOQ":-17.665846994638,"ROE_YEARLY":4.449388209121,"ROIC_YEARLY":3.095975232198,"TOTAL_ASSETS":1853042160,"TOTAL_LIABILITIES":729734160,"TAX_EBT":14.285714285714,"OCF_SALES":15.195530726257,"TOTAL_PARENT_EQUITY":1123308000,"DEBT_ASSET_RATIO":39.3803322856,"OPERATE_PROFIT":40771920,"PRETAX_PROFIT":29122800,"NETCASH_OPERATE":113162880,"NETCASH_INVEST":-9152880,"NETCASH_FINANCE":-144781920,"END_CASH":304541280,"DIVI_RATIO":null,"DIVIDEND_RATE":null,"CURRENT_RATIO":0.93275862069,"COMMON_ACS":null,"CURRENTDEBT_DEBT":66.134549600912,"ISSUED_COMMON_SHARES":3047327395,"HK_COMMON_SHARES":3047327395,"PER_SHARES":1000,"TOTAL_MARKET_CAP":307780066.895,"HKSK_MARKET_CAP":307780066.895,"PE_TTM":-2.502276966626,"PB_TTM":0.278282158133,"REPORT_DATE_SQ":"2020-06-30 00:00:00","REPORT_TYPE_SQ":"2020年中报","OPERATE_INCOME_SQ":803827200,"DPS_HKD":null,"OPERATE_INCOME_QOQ_SQ":-0.702242159399,"NET_PROFIT_RATIO_SQ":5.4545454545,"HOLDER_PROFIT_SQ":43845120,"HOLDER_PROFIT_QOQ_SQ":45.684208176115,"ROE_AVG_SQ":3.712296983759,"PE_TTM_SQ":-10.212664783243,"PB_TTM_SQ":0.308212558711,"ROA_SQ":1.910828025478,"START_DATE":"2021-01-01 00:00:00","FISCAL_YEAR":"12-31","CURRENCY":"HKD","IS_CNY_CODE":0,"DPS_HKD_LY":0.02,"ORG_TYPE":"一般企业","PREMIUM_INCOME":null,"PREMIUM_INCOME_YOY":null,"NET_INTEREST_INCOME":null,"NET_INTEREST_INCOME_YOY":null,"FEE_COMMISSION_INCOME":null,"FEE_COMMISSION_INCOME_YOY":null,"ACCOUNTS_RECE_TDAYS":18.080808080808,"INVENTORY_TDAYS":6.489795918367,"CURRENT_ASSETS_TDAYS":1.591111111111,"TOTAL_ASSETS_TDAYS":0.384367618639,"PREMIUM_EXPENSE":null,"LOAN_DEPOSIT":null,"LOAN_EQUITY":null,"LOAN_ASSETS":null,"DEPOSIT_EQUITY":null,"DEPOSIT_ASSETS":null,"EQUITY_MULTIPLIER":1.64962962963,"EQUITY_RATIO":0.64962962963},{"SECUCODE":"00097.HK","SECURITY_CODE":"00097","SECURITY_NAME_ABBR":"恒基发展","ORG_CODE":"10013272","STD_REPORT_DATE":"2020-12-31 00:00:00","REPORT_DATE":"2020-12-31 00:00:00","DATE_TYPE_CODE":"001","REPORT_TYPE":"2020年年报","PER_NETCASH_OPERATE":0.109371064148,"PER_OI":0.505150697797,"BPS":0.372027331838,"BASIC_EPS":0.03534888,"DILUTED_EPS":0.03534888,"OPERATE_INCOME":1539359560,"OPERATE_INCOME_YOY":7.1470415934,"GROSS_PROFIT":208726720,"GROSS_PROFIT_YOY":-4.110641510946,"HOLDER_PROFIT":106888280,"HOLDER_PROFIT_YOY":104.8387096774,"GROSS_PROFIT_RATIO":13.559322033898,"EPS_TTM":0.035076073603,"OPERATE_INCOME_QOQ":1.383142386992,"NET_PROFIT_RATIO":6.9436850738,"ROE_AVG":9.639468690702,"GROSS_PROFIT_QOQ":-3.114010046631,"ROA":5.104501607717,"HOLDER_PROFIT_QOQ":32.1066134458,"ROE_YEARLY":9.639468690702,"ROIC_YEARLY":6.050500238209,"TOTAL_ASSETS":2045185200,"TOTAL_LIABILITIES":911496120,"TAX_EBT":10.56338028169,"OCF_SALES":21.651175505741,"TOTAL_PARENT_EQUITY":1133689080,"DEBT_ASSET_RATIO":44.5679012346,"OPERATE_PROFIT":149811920,"PRETAX_PROFIT":119512880,"NETCASH_OPERATE":333289440,"NETCASH_INVEST":-15991160,"NETCASH_FINANCE":-256700200,"END_CASH":349280600,"DIVI_RATIO":null,"DIVIDEND_RATE":null,"CURRENT_RATIO":0.904024767802,"COMMON_ACS":null,"CURRENTDEBT_DEBT":59.649122807018,"ISSUED_COMMON_SHARES":3047327395,"HK_COMMON_SHARES":3047327395,"PER_SHARES":1000,"TOTAL_MARKET_CAP":307780066.895,"HKSK_MARKET_CAP":307780066.895,"PE_TTM":-2.502276966626,"PB_TTM":0.278282158133,"REPORT_DATE_SQ":"2019-12-31 00:00:00","REPORT_TYPE_SQ":"2019年年报","OPERATE_INCOME_SQ":1529096460,"DPS_HKD":null,"OPERATE_INCOME_QOQ_SQ":-9.175677466908,"NET_PROFIT_RATIO_SQ":3.6321031049,"HOLDER_PROFIT_SQ":55538360,"HOLDER_PROFIT_QOQ_SQ":-11.837519719675,"ROE_AVG_SQ":4.611379695054,"PE_TTM_SQ":-10.212664783243,"PB_TTM_SQ":0.308212558711,"ROA_SQ":2.76847510605,"START_DATE":"2020-01-01 00:00:00","FISCAL_YEAR":"12-31","CURRENCY":"HKD","IS_CNY_CODE":0,"DPS_HKD_LY":0.02,"ORG_TYPE":"一般企业","PREMIUM_INCOME":null,"PREMIUM_INCOME_YOY":null,"NET_INTEREST_INCOME":null,"NET_INTEREST_INCOME_YOY":null,"FEE_COMMISSION_INCOME":null,"FEE_COMMISSION_INCOME_YOY":null,"ACCOUNTS_RECE_TDAYS":32.954954954955,"INVENTORY_TDAYS":13.688311688312,"CURRENT_ASSETS_TDAYS":3.266071428571,"TOTAL_ASSETS_TDAYS":0.735128617363,"PREMIUM_EXPENSE":null,"LOAN_DEPOSIT":null,"LOAN_EQUITY":null,"LOAN_ASSETS":null,"DEPOSIT_EQUITY":null,"DEPOSIT_ASSETS":null,"EQUITY_MULTIPLIER":1.804008908687,"EQUITY_RATIO":0.804008908686},{"SECUCODE":"00097.HK","SECURITY_CODE":"00097","SECURITY_NAME_ABBR":"恒基发展","ORG_CODE":"10013272","STD_REPORT_DATE":"2020-06-30 00:00:00","REPORT_DATE":"2020-06-30 00:00:00","DATE_TYPE_CODE":"002","REPORT_TYPE":"2020年中报","PER_NETCASH_OPERATE":0.045861931419,"PER_OI":0.263781043454,"BPS":0.389077039095,"BASIC_EPS":0.01461504,"DILUTED_EPS":0.01461504,"OPERATE_INCOME":803827200,"OPERATE_INCOME_YOY":-4.9676025918,"GROSS_PROFIT":105959040,"GROSS_PROFIT_YOY":-2.069480281461,"HOLDER_PROFIT":43845120,"HOLDER_PROFIT_YOY":128.5714285714,"GROSS_PROFIT_RATIO":13.181818181818,"EPS_TTM":0.026551338111,"OPERATE_INCOME_QOQ":-0.702242159399,"NET_PROFIT_RATIO":5.4545454545,"ROE_AVG":3.712296983759,"GROSS_PROFIT_QOQ":-1.028664169912,"ROA":1.910828025478,"HOLDER_PROFIT_QOQ":45.684208176115,"ROE_YEARLY":7.424593967517,"ROIC_YEARLY":4.452690166976,"TOTAL_ASSETS":2263504320,"TOTAL_LIABILITIES":1077859200,"TAX_EBT":12.727272727273,"OCF_SALES":17.386363636364,"TOTAL_PARENT_EQUITY":1185645120,"DEBT_ASSET_RATIO":47.619047619,"OPERATE_PROFIT":67594560,"PRETAX_PROFIT":50239200,"NETCASH_OPERATE":139756320,"NETCASH_INVEST":5480640,"NETCASH_FINANCE":-139756320,"END_CASH":318790560,"DIVI_RATIO":null,"DIVIDEND_RATE":null,"CURRENT_RATIO":0.832012678288,"COMMON_ACS":null,"CURRENTDEBT_DEBT":53.474576271186,"ISSUED_COMMON_SHARES":3047327395,"HK_COMMON_SHARES":3047327395,"PER_SHARES":1000,"TOTAL_MARKET_CAP":307780066.895,"HKSK_MARKET_CAP":307780066.895,"PE_TTM":-2.502276966626,"PB_TTM":0.278282158133,"REPORT_DATE_SQ":"2019-06-30 00:00:00","REPORT_TYPE_SQ":"2019年中报","OPERATE_INCOME_SQ":814565160,"DPS_HKD":null,"OPERATE_INCOME_QOQ_SQ":28.43928326866,"NET_PROFIT_RATIO_SQ":2.2678185745,"HOLDER_PROFIT_SQ":18472860,"HOLDER_PROFIT_QOQ_SQ":-25.88019493737,"ROE_AVG_SQ":1.548672566372,"PE_TTM_SQ":-10.212664783243,"PB_TTM_SQ":0.308212558711,"ROA_SQ":0.930438635357,"START_DATE":"2020-01-01 00:00:00","FISCAL_YEAR":"12-31","CURRENCY":"HKD","IS_CNY_CODE":0,"DPS_HKD_LY":0.02,"ORG_TYPE":"一般企业","PREMIUM_INCOME":null,"PREMIUM_INCOME_YOY":null,"NET_INTEREST_INCOME":null,"NET_INTEREST_INCOME_YOY":null,"FEE_COMMISSION_INCOME":null,"FEE_COMMISSION_INCOME_YOY":null,"ACCOUNTS_RECE_TDAYS":14.666666666667,"INVENTORY_TDAYS":6.672489082969,"CURRENT_ASSETS_TDAYS":1.658812441093,"TOTAL_ASSETS_TDAYS":0.350318471338,"PREMIUM_EXPENSE":null,"LOAN_DEPOSIT":null,"LOAN_EQUITY":null,"LOAN_ASSETS":null,"DEPOSIT_EQUITY":null,"DEPOSIT_ASSETS":null,"EQUITY_MULTIPLIER":1.909090909089,"EQUITY_RATIO":0.909090909091}],"count":47},"success":true,"message":"ok","code":0}