{"version":"e17840723c222c6c8d711a57a3acc18f","result":{"pages":6,"data":[{"SECUCODE":"00096.HK","SECURITY_CODE":"00096","SECURITY_NAME_ABBR":"YUSEI","ORG_CODE":"10010828","STD_REPORT_DATE":"2024-06-30 00:00:00","REPORT_DATE":"2024-06-30 00:00:00","DATE_TYPE_CODE":"002","REPORT_TYPE":"2024年中报","PER_NETCASH_OPERATE":-0.19322610524,"PER_OI":1.495462411727,"BPS":1.437366389045,"BASIC_EPS":0.0435,"DILUTED_EPS":0.0435,"OPERATE_INCOME":951936000,"OPERATE_INCOME_YOY":4.9482224302,"GROSS_PROFIT":126924000,"GROSS_PROFIT_YOY":18.206286379511,"HOLDER_PROFIT":27731000,"HOLDER_PROFIT_YOY":43.6169661816,"GROSS_PROFIT_RATIO":13.33324929407,"EPS_TTM":0.137488107761,"OPERATE_INCOME_QOQ":2.310608888145,"NET_PROFIT_RATIO":2.9681617252,"ROE_AVG":3.077766574307,"GROSS_PROFIT_QOQ":8.150748614719,"ROA":1.061869776879,"HOLDER_PROFIT_QOQ":10.647820370183,"ROE_YEARLY":6.155533148615,"ROIC_YEARLY":2.180753831025,"TOTAL_ASSETS":2639272000,"TOTAL_LIABILITIES":1714337000,"TAX_EBT":15.312912120849,"OCF_SALES":-12.920826610192,"TOTAL_PARENT_EQUITY":914955000,"DEBT_ASSET_RATIO":64.9549193869,"OPERATE_PROFIT":51002000,"PRETAX_PROFIT":33364000,"NETCASH_OPERATE":-122998000,"NETCASH_INVEST":-149333000,"NETCASH_FINANCE":272972000,"END_CASH":58879000,"DIVI_RATIO":0.093991381585,"DIVIDEND_RATE":2.376666666667,"CURRENT_RATIO":0.928014329911,"COMMON_ACS":1500000000,"CURRENTDEBT_DEBT":84.864236144935,"ISSUED_COMMON_SHARES":636549600,"HK_COMMON_SHARES":636549600,"PER_SHARES":2000,"TOTAL_MARKET_CAP":381929760,"HKSK_MARKET_CAP":381929760,"PE_TTM":3.948720590619,"PB_TTM":0.380980106515,"REPORT_DATE_SQ":"2023-06-30 00:00:00","REPORT_TYPE_SQ":"2023年中报","OPERATE_INCOME_SQ":907053000,"DPS_HKD":0.01426,"OPERATE_INCOME_QOQ_SQ":10.242754296225,"NET_PROFIT_RATIO_SQ":2.1287620459,"HOLDER_PROFIT_SQ":19309000,"HOLDER_PROFIT_QOQ_SQ":14.040285430404,"ROE_AVG_SQ":2.336477435671,"PE_TTM_SQ":5.134843856479,"PB_TTM_SQ":0.393041460961,"ROA_SQ":0.836203465639,"START_DATE":"2024-01-01 00:00:00","FISCAL_YEAR":"12-31","CURRENCY":"HKD","IS_CNY_CODE":0,"DPS_HKD_LY":0.01426,"ORG_TYPE":"一般企业","PREMIUM_INCOME":null,"PREMIUM_INCOME_YOY":null,"NET_INTEREST_INCOME":null,"NET_INTEREST_INCOME_YOY":null,"FEE_COMMISSION_INCOME":null,"FEE_COMMISSION_INCOME_YOY":null,"ACCOUNTS_RECE_TDAYS":1.179945770905,"INVENTORY_TDAYS":1.822995259176,"CURRENT_ASSETS_TDAYS":0.697673191424,"TOTAL_ASSETS_TDAYS":0.364513384993,"PREMIUM_EXPENSE":null,"LOAN_DEPOSIT":null,"LOAN_EQUITY":null,"LOAN_ASSETS":null,"DEPOSIT_EQUITY":null,"DEPOSIT_ASSETS":null,"EQUITY_MULTIPLIER":2.853467540965,"EQUITY_RATIO":1.873684498145},{"SECUCODE":"00096.HK","SECURITY_CODE":"00096","SECURITY_NAME_ABBR":"YUSEI","ORG_CODE":"10010828","STD_REPORT_DATE":"2023-12-31 00:00:00","REPORT_DATE":"2023-12-31 00:00:00","DATE_TYPE_CODE":"001","REPORT_TYPE":"2023年年报","PER_NETCASH_OPERATE":0.534866411039,"PER_OI":3.051568958648,"BPS":1.393553620959,"BASIC_EPS":0.124,"DILUTED_EPS":0.124,"OPERATE_INCOME":1942475000,"OPERATE_INCOME_YOY":10.0093671987,"GROSS_PROFIT":239843000,"GROSS_PROFIT_YOY":18.12540324368,"HOLDER_PROFIT":79096000,"HOLDER_PROFIT_YOY":42.8886279469,"GROSS_PROFIT_RATIO":12.347288896897,"EPS_TTM":0.124257402722,"OPERATE_INCOME_QOQ":-0.211702890584,"NET_PROFIT_RATIO":4.1741592556,"ROE_AVG":9.285153743979,"GROSS_PROFIT_QOQ":3.505077226492,"ROA":3.224607075415,"HOLDER_PROFIT_QOQ":25.29662426537,"ROE_YEARLY":9.285153743979,"ROIC_YEARLY":3.315069492148,"TOTAL_ASSETS":2583779000,"TOTAL_LIABILITIES":1687257000,"TAX_EBT":4.556637199393,"OCF_SALES":17.527587227635,"TOTAL_PARENT_EQUITY":887066000,"DEBT_ASSET_RATIO":65.3019085611,"OPERATE_PROFIT":114430000,"PRETAX_PROFIT":84953000,"NETCASH_OPERATE":340469000,"NETCASH_INVEST":-377249000,"NETCASH_FINANCE":35967000,"END_CASH":58238000,"DIVI_RATIO":0.10399941506,"DIVIDEND_RATE":2.690566037736,"CURRENT_RATIO":0.935019965061,"COMMON_ACS":1500000000,"CURRENTDEBT_DEBT":87.394866342235,"ISSUED_COMMON_SHARES":636549600,"HK_COMMON_SHARES":636549600,"PER_SHARES":2000,"TOTAL_MARKET_CAP":337371288,"HKSK_MARKET_CAP":337371288,"PE_TTM":3.488036521714,"PB_TTM":0.336532427422,"REPORT_DATE_SQ":"2022-12-31 00:00:00","REPORT_TYPE_SQ":"2022年年报","OPERATE_INCOME_SQ":1765736000,"DPS_HKD":0.01426,"OPERATE_INCOME_QOQ_SQ":20.200027501739,"NET_PROFIT_RATIO_SQ":3.1864899396,"HOLDER_PROFIT_SQ":55355000,"HOLDER_PROFIT_QOQ_SQ":21.838751568243,"ROE_AVG_SQ":6.959527121788,"PE_TTM_SQ":5.043150216184,"PB_TTM_SQ":0.386022863444,"ROA_SQ":2.674665618479,"START_DATE":"2023-01-01 00:00:00","FISCAL_YEAR":"12-31","CURRENCY":"HKD","IS_CNY_CODE":0,"DPS_HKD_LY":0.01427,"ORG_TYPE":"一般企业","PREMIUM_INCOME":null,"PREMIUM_INCOME_YOY":null,"NET_INTEREST_INCOME":null,"NET_INTEREST_INCOME_YOY":null,"FEE_COMMISSION_INCOME":null,"FEE_COMMISSION_INCOME_YOY":null,"ACCOUNTS_RECE_TDAYS":2.437552979029,"INVENTORY_TDAYS":3.430215386723,"CURRENT_ASSETS_TDAYS":1.418554049431,"TOTAL_ASSETS_TDAYS":0.791913450594,"PREMIUM_EXPENSE":null,"LOAN_DEPOSIT":null,"LOAN_EQUITY":null,"LOAN_ASSETS":null,"DEPOSIT_EQUITY":null,"DEPOSIT_ASSETS":null,"EQUITY_MULTIPLIER":2.882002895637,"EQUITY_RATIO":1.902064784357},{"SECUCODE":"00096.HK","SECURITY_CODE":"00096","SECURITY_NAME_ABBR":"YUSEI","ORG_CODE":"10010828","STD_REPORT_DATE":"2023-06-30 00:00:00","REPORT_DATE":"2023-06-30 00:00:00","DATE_TYPE_CODE":"002","REPORT_TYPE":"2023年中报","PER_NETCASH_OPERATE":0.019234950426,"PER_OI":1.424952588141,"BPS":1.313624264315,"BASIC_EPS":0.0303,"DILUTED_EPS":0.0303,"OPERATE_INCOME":907053000,"OPERATE_INCOME_YOY":24.9052249195,"GROSS_PROFIT":107375000,"GROSS_PROFIT_YOY":36.444500921278,"HOLDER_PROFIT":19309000,"HOLDER_PROFIT_YOY":67.3658663431,"GROSS_PROFIT_RATIO":11.837786766595,"EPS_TTM":0.099170590948,"OPERATE_INCOME_QOQ":10.242754296225,"NET_PROFIT_RATIO":2.1287620459,"ROE_AVG":2.336477435671,"GROSS_PROFIT_QOQ":14.125225939589,"ROA":0.836203465639,"HOLDER_PROFIT_QOQ":14.040285430404,"ROE_YEARLY":4.672954871342,"ROIC_YEARLY":1.72959231774,"TOTAL_ASSETS":2296257000,"TOTAL_LIABILITIES":1452600000,"TAX_EBT":20.141445055627,"OCF_SALES":1.3498659946,"TOTAL_PARENT_EQUITY":836187000,"DEBT_ASSET_RATIO":63.25946965,"OPERATE_PROFIT":40389000,"PRETAX_PROFIT":24179000,"NETCASH_OPERATE":12244000,"NETCASH_INVEST":-138675000,"NETCASH_FINANCE":146772000,"END_CASH":79047000,"DIVI_RATIO":0.130307756326,"DIVIDEND_RATE":2.690566037736,"CURRENT_RATIO":1.01303196677,"COMMON_ACS":1500000000,"CURRENTDEBT_DEBT":86.116205424756,"ISSUED_COMMON_SHARES":636549600,"HK_COMMON_SHARES":636549600,"PER_SHARES":2000,"TOTAL_MARKET_CAP":337371288,"HKSK_MARKET_CAP":337371288,"PE_TTM":3.488036521714,"PB_TTM":0.336532427422,"REPORT_DATE_SQ":"2022-06-30 00:00:00","REPORT_TYPE_SQ":"2022年中报","OPERATE_INCOME_SQ":726193000,"DPS_HKD":0.01426,"OPERATE_INCOME_QOQ_SQ":0.462511155868,"NET_PROFIT_RATIO_SQ":1.588696118,"HOLDER_PROFIT_SQ":11537000,"HOLDER_PROFIT_QOQ_SQ":-11.811405722272,"ROE_AVG_SQ":1.479484764333,"PE_TTM_SQ":5.043150216184,"PB_TTM_SQ":0.386022863444,"ROA_SQ":0.639272214876,"START_DATE":"2023-01-01 00:00:00","FISCAL_YEAR":"12-31","CURRENCY":"HKD","IS_CNY_CODE":0,"DPS_HKD_LY":0.01427,"ORG_TYPE":"一般企业","PREMIUM_INCOME":null,"PREMIUM_INCOME_YOY":null,"NET_INTEREST_INCOME":null,"NET_INTEREST_INCOME_YOY":null,"FEE_COMMISSION_INCOME":null,"FEE_COMMISSION_INCOME_YOY":null,"ACCOUNTS_RECE_TDAYS":null,"INVENTORY_TDAYS":1.586990172575,"CURRENT_ASSETS_TDAYS":0.690525846197,"TOTAL_ASSETS_TDAYS":0.392812088724,"PREMIUM_EXPENSE":null,"LOAN_DEPOSIT":null,"LOAN_EQUITY":null,"LOAN_ASSETS":null,"DEPOSIT_EQUITY":null,"DEPOSIT_ASSETS":null,"EQUITY_MULTIPLIER":2.721789779499,"EQUITY_RATIO":1.737171230837},{"SECUCODE":"00096.HK","SECURITY_CODE":"00096","SECURITY_NAME_ABBR":"YUSEI","ORG_CODE":"10010828","STD_REPORT_DATE":"2022-12-31 00:00:00","REPORT_DATE":"2022-12-31 00:00:00","DATE_TYPE_CODE":"001","REPORT_TYPE":"2022年年报","PER_NETCASH_OPERATE":0.155166227424,"PER_OI":2.773917382086,"BPS":1.282921236617,"BASIC_EPS":0.087,"DILUTED_EPS":0.087,"OPERATE_INCOME":1765736000,"OPERATE_INCOME_YOY":20.7559660383,"GROSS_PROFIT":203041000,"GROSS_PROFIT_YOY":22.18136959923,"HOLDER_PROFIT":55355000,"HOLDER_PROFIT_YOY":7.4478822936,"GROSS_PROFIT_RATIO":11.498944349552,"EPS_TTM":0.086961016078,"OPERATE_INCOME_QOQ":20.200027501739,"NET_PROFIT_RATIO":3.1864899396,"ROE_AVG":6.959527121788,"GROSS_PROFIT_QOQ":32.352730283099,"ROA":2.674665618479,"HOLDER_PROFIT_QOQ":21.838751568243,"ROE_YEARLY":6.959527121788,"ROIC_YEARLY":2.751803299877,"TOTAL_ASSETS":2321997000,"TOTAL_LIABILITIES":1497884000,"TAX_EBT":-1.267075826569,"OCF_SALES":5.593758070289,"TOTAL_PARENT_EQUITY":816643000,"DEBT_ASSET_RATIO":64.5084382107,"OPERATE_PROFIT":72524000,"PRETAX_PROFIT":55561000,"NETCASH_OPERATE":98771000,"NETCASH_INVEST":-313611000,"NETCASH_FINANCE":229437000,"END_CASH":58706000,"DIVI_RATIO":0.148603337252,"DIVIDEND_RATE":2.690566037736,"CURRENT_RATIO":1.010757842991,"COMMON_ACS":1500000000,"CURRENTDEBT_DEBT":89.822509620238,"ISSUED_COMMON_SHARES":636549600,"HK_COMMON_SHARES":636549600,"PER_SHARES":2000,"TOTAL_MARKET_CAP":337371288,"HKSK_MARKET_CAP":337371288,"PE_TTM":3.488036521714,"PB_TTM":0.336532427422,"REPORT_DATE_SQ":"2021-12-31 00:00:00","REPORT_TYPE_SQ":"2021年年报","OPERATE_INCOME_SQ":1462235000,"DPS_HKD":0.01426,"OPERATE_INCOME_QOQ_SQ":-2.290655289122,"NET_PROFIT_RATIO_SQ":3.548198477,"HOLDER_PROFIT_SQ":51518000,"HOLDER_PROFIT_QOQ_SQ":-25.838167763111,"ROE_AVG_SQ":6.855570333869,"PE_TTM_SQ":5.043150216184,"PB_TTM_SQ":0.386022863444,"ROA_SQ":3.012427036296,"START_DATE":"2022-01-01 00:00:00","FISCAL_YEAR":"12-31","CURRENCY":"HKD","IS_CNY_CODE":0,"DPS_HKD_LY":0.0152,"ORG_TYPE":"一般企业","PREMIUM_INCOME":null,"PREMIUM_INCOME_YOY":null,"NET_INTEREST_INCOME":null,"NET_INTEREST_INCOME_YOY":null,"FEE_COMMISSION_INCOME":null,"FEE_COMMISSION_INCOME_YOY":null,"ACCOUNTS_RECE_TDAYS":2.648475548936,"INVENTORY_TDAYS":3.182156489618,"CURRENT_ASSETS_TDAYS":1.45837958558,"TOTAL_ASSETS_TDAYS":0.853175570502,"PREMIUM_EXPENSE":null,"LOAN_DEPOSIT":null,"LOAN_EQUITY":null,"LOAN_ASSETS":null,"DEPOSIT_EQUITY":null,"DEPOSIT_ASSETS":null,"EQUITY_MULTIPLIER":2.817571134053,"EQUITY_RATIO":1.834196827745},{"SECUCODE":"00096.HK","SECURITY_CODE":"00096","SECURITY_NAME_ABBR":"YUSEI","ORG_CODE":"10010828","STD_REPORT_DATE":"2022-06-30 00:00:00","REPORT_DATE":"2022-06-30 00:00:00","DATE_TYPE_CODE":"002","REPORT_TYPE":"2022年中报","PER_NETCASH_OPERATE":-0.127744954989,"PER_OI":1.140827046313,"BPS":1.233950975698,"BASIC_EPS":0.0181,"DILUTED_EPS":0.0181,"OPERATE_INCOME":726193000,"OPERATE_INCOME_YOY":0.9400497616,"GROSS_PROFIT":78695000,"GROSS_PROFIT_YOY":-13.96256532482,"HOLDER_PROFIT":11537000,"HOLDER_PROFIT_YOY":-34.530700261,"GROSS_PROFIT_RATIO":10.836650862787,"EPS_TTM":0.071373856806,"OPERATE_INCOME_QOQ":0.462511155868,"NET_PROFIT_RATIO":1.588696118,"ROE_AVG":1.479484764333,"GROSS_PROFIT_QOQ":-7.685040317728,"ROA":0.639272214876,"HOLDER_PROFIT_QOQ":-11.811405722272,"ROE_YEARLY":2.958969528667,"ROIC_YEARLY":1.320881683085,"TOTAL_ASSETS":1792205000,"TOTAL_LIABILITIES":1000174000,"TAX_EBT":30.154982443395,"OCF_SALES":-11.197574198595,"TOTAL_PARENT_EQUITY":785471000,"DEBT_ASSET_RATIO":55.8068970905,"OPERATE_PROFIT":26190000,"PRETAX_PROFIT":16518000,"NETCASH_OPERATE":-81316000,"NETCASH_INVEST":-89254000,"NETCASH_FINANCE":186554000,"END_CASH":59277000,"DIVI_RATIO":0.181056450897,"DIVIDEND_RATE":2.690566037736,"CURRENT_RATIO":1.208513451783,"COMMON_ACS":1500000000,"CURRENTDEBT_DEBT":83.171528154101,"ISSUED_COMMON_SHARES":636549600,"HK_COMMON_SHARES":636549600,"PER_SHARES":2000,"TOTAL_MARKET_CAP":337371288,"HKSK_MARKET_CAP":337371288,"PE_TTM":3.488036521714,"PB_TTM":0.336532427422,"REPORT_DATE_SQ":"2021-06-30 00:00:00","REPORT_TYPE_SQ":"2021年中报","OPERATE_INCOME_SQ":719430000,"DPS_HKD":0.01426,"OPERATE_INCOME_QOQ_SQ":13.573683651321,"NET_PROFIT_RATIO_SQ":2.4494391393,"HOLDER_PROFIT_SQ":17622000,"HOLDER_PROFIT_QOQ_SQ":32.446757802818,"ROE_AVG_SQ":2.388746782268,"PE_TTM_SQ":5.043150216184,"PB_TTM_SQ":0.386022863444,"ROA_SQ":1.110760929857,"START_DATE":"2022-01-01 00:00:00","FISCAL_YEAR":"12-31","CURRENCY":"HKD","IS_CNY_CODE":0,"DPS_HKD_LY":0.0152,"ORG_TYPE":"一般企业","PREMIUM_INCOME":null,"PREMIUM_INCOME_YOY":null,"NET_INTEREST_INCOME":null,"NET_INTEREST_INCOME_YOY":null,"FEE_COMMISSION_INCOME":null,"FEE_COMMISSION_INCOME_YOY":null,"ACCOUNTS_RECE_TDAYS":null,"INVENTORY_TDAYS":1.510486541465,"CURRENT_ASSETS_TDAYS":0.702685703808,"TOTAL_ASSETS_TDAYS":0.402387975676,"PREMIUM_EXPENSE":null,"LOAN_DEPOSIT":null,"LOAN_EQUITY":null,"LOAN_ASSETS":null,"DEPOSIT_EQUITY":null,"DEPOSIT_ASSETS":null,"EQUITY_MULTIPLIER":2.262796531956,"EQUITY_RATIO":1.273343000569},{"SECUCODE":"00096.HK","SECURITY_CODE":"00096","SECURITY_NAME_ABBR":"YUSEI","ORG_CODE":"10010828","STD_REPORT_DATE":"2021-12-31 00:00:00","REPORT_DATE":"2021-12-31 00:00:00","DATE_TYPE_CODE":"001","REPORT_TYPE":"2021年年报","PER_NETCASH_OPERATE":0.133358028974,"PER_OI":2.297126571127,"BPS":1.216128326842,"BASIC_EPS":0.081,"DILUTED_EPS":0.081,"OPERATE_INCOME":1462235000,"OPERATE_INCOME_YOY":10.9721020597,"GROSS_PROFIT":166180000,"GROSS_PROFIT_YOY":2.717203184493,"HOLDER_PROFIT":51518000,"HOLDER_PROFIT_YOY":-1.7750576751,"GROSS_PROFIT_RATIO":11.364794304609,"EPS_TTM":0.080933206148,"OPERATE_INCOME_QOQ":-2.290655289122,"NET_PROFIT_RATIO":3.548198477,"ROE_AVG":6.855570333869,"GROSS_PROFIT_QOQ":-15.804513259092,"ROA":3.012427036296,"HOLDER_PROFIT_QOQ":-25.838167763111,"ROE_YEARLY":6.855570333869,"ROIC_YEARLY":3.111554025488,"TOTAL_ASSETS":1817212000,"TOTAL_LIABILITIES":1036526000,"TAX_EBT":3.559611881483,"OCF_SALES":5.805427992081,"TOTAL_PARENT_EQUITY":774126000,"DEBT_ASSET_RATIO":57.0393547918,"OPERATE_PROFIT":69757000,"PRETAX_PROFIT":53798000,"NETCASH_OPERATE":84889000,"NETCASH_INVEST":-191792000,"NETCASH_FINANCE":97452000,"END_CASH":43293000,"DIVI_RATIO":0.159671138895,"DIVIDEND_RATE":2.690566037736,"CURRENT_RATIO":1.063513705753,"COMMON_ACS":1500000000,"CURRENTDEBT_DEBT":96.301877618121,"ISSUED_COMMON_SHARES":636549600,"HK_COMMON_SHARES":636549600,"PER_SHARES":2000,"TOTAL_MARKET_CAP":337371288,"HKSK_MARKET_CAP":337371288,"PE_TTM":3.488036521714,"PB_TTM":0.336532427422,"REPORT_DATE_SQ":"2020-12-31 00:00:00","REPORT_TYPE_SQ":"2020年年报","OPERATE_INCOME_SQ":1317660000,"DPS_HKD":0.01426,"OPERATE_INCOME_QOQ_SQ":5.545364978413,"NET_PROFIT_RATIO_SQ":4.0052061989,"HOLDER_PROFIT_SQ":52449000,"HOLDER_PROFIT_QOQ_SQ":154.174945480979,"ROE_AVG_SQ":7.395985362861,"PE_TTM_SQ":5.043150216184,"PB_TTM_SQ":0.386022863444,"ROA_SQ":3.383081817314,"START_DATE":"2021-01-01 00:00:00","FISCAL_YEAR":"12-31","CURRENCY":"HKD","IS_CNY_CODE":0,"DPS_HKD_LY":0.0158,"ORG_TYPE":"一般企业","PREMIUM_INCOME":null,"PREMIUM_INCOME_YOY":null,"NET_INTEREST_INCOME":null,"NET_INTEREST_INCOME_YOY":null,"FEE_COMMISSION_INCOME":null,"FEE_COMMISSION_INCOME_YOY":null,"ACCOUNTS_RECE_TDAYS":2.666951801043,"INVENTORY_TDAYS":3.280001822146,"CURRENT_ASSETS_TDAYS":1.471874304822,"TOTAL_ASSETS_TDAYS":0.855016935327,"PREMIUM_EXPENSE":null,"LOAN_DEPOSIT":null,"LOAN_EQUITY":null,"LOAN_ASSETS":null,"DEPOSIT_EQUITY":null,"DEPOSIT_ASSETS":null,"EQUITY_MULTIPLIER":2.327711781687,"EQUITY_RATIO":1.338962907847},{"SECUCODE":"00096.HK","SECURITY_CODE":"00096","SECURITY_NAME_ABBR":"YUSEI","ORG_CODE":"10010828","STD_REPORT_DATE":"2021-06-30 00:00:00","REPORT_DATE":"2021-06-30 00:00:00","DATE_TYPE_CODE":"002","REPORT_TYPE":"2021年中报","PER_NETCASH_OPERATE":0.082397349712,"PER_OI":1.130202579658,"BPS":1.172871681955,"BASIC_EPS":0.0277,"DILUTED_EPS":0.0277,"OPERATE_INCOME":719430000,"OPERATE_INCOME_YOY":33.0860657633,"GROSS_PROFIT":91466000,"GROSS_PROFIT_YOY":63.694609492448,"HOLDER_PROFIT":17622000,"HOLDER_PROFIT_YOY":2817.5496688742,"GROSS_PROFIT_RATIO":12.713676104694,"EPS_TTM":0.10913053751,"OPERATE_INCOME_QOQ":13.573683651321,"NET_PROFIT_RATIO":2.4494391393,"ROE_AVG":2.388746782268,"GROSS_PROFIT_QOQ":21.998467091925,"ROA":1.110760929857,"HOLDER_PROFIT_QOQ":32.446757802818,"ROE_YEARLY":4.777493564536,"ROIC_YEARLY":2.308021001655,"TOTAL_ASSETS":1569807000,"TOTAL_LIABILITIES":817021000,"TAX_EBT":31.045547033965,"OCF_SALES":7.290493863197,"TOTAL_PARENT_EQUITY":746591000,"DEBT_ASSET_RATIO":52.0459521457,"OPERATE_PROFIT":35038000,"PRETAX_PROFIT":25556000,"NETCASH_OPERATE":52450000,"NETCASH_INVEST":-58399000,"NETCASH_FINANCE":6640000,"END_CASH":53608000,"DIVI_RATIO":0.118415042158,"DIVIDEND_RATE":2.690566037736,"CURRENT_RATIO":1.089054260813,"COMMON_ACS":1500000000,"CURRENTDEBT_DEBT":99.275416421365,"ISSUED_COMMON_SHARES":636549600,"HK_COMMON_SHARES":636549600,"PER_SHARES":2000,"TOTAL_MARKET_CAP":337371288,"HKSK_MARKET_CAP":337371288,"PE_TTM":3.488036521714,"PB_TTM":0.336532427422,"REPORT_DATE_SQ":"2020-06-30 00:00:00","REPORT_TYPE_SQ":"2020年中报","OPERATE_INCOME_SQ":540575000,"DPS_HKD":0.01426,"OPERATE_INCOME_QOQ_SQ":-4.0862987451,"NET_PROFIT_RATIO_SQ":0.0701105305,"HOLDER_PROFIT_SQ":604000,"HOLDER_PROFIT_QOQ_SQ":-41.224222399453,"ROE_AVG_SQ":0.087525830264,"PE_TTM_SQ":5.043150216184,"PB_TTM_SQ":0.386022863444,"ROA_SQ":0.042112250063,"START_DATE":"2021-01-01 00:00:00","FISCAL_YEAR":"12-31","CURRENCY":"HKD","IS_CNY_CODE":0,"DPS_HKD_LY":0.0158,"ORG_TYPE":"一般企业","PREMIUM_INCOME":null,"PREMIUM_INCOME_YOY":null,"NET_INTEREST_INCOME":null,"NET_INTEREST_INCOME_YOY":null,"FEE_COMMISSION_INCOME":null,"FEE_COMMISSION_INCOME_YOY":null,"ACCOUNTS_RECE_TDAYS":1.40969068044,"INVENTORY_TDAYS":1.852108885471,"CURRENT_ASSETS_TDAYS":0.795547156375,"TOTAL_ASSETS_TDAYS":0.45347561898,"PREMIUM_EXPENSE":null,"LOAN_DEPOSIT":null,"LOAN_EQUITY":null,"LOAN_ASSETS":null,"DEPOSIT_EQUITY":null,"DEPOSIT_ASSETS":null,"EQUITY_MULTIPLIER":2.085329695291,"EQUITY_RATIO":1.094335452745},{"SECUCODE":"00096.HK","SECURITY_CODE":"00096","SECURITY_NAME_ABBR":"YUSEI","ORG_CODE":"10010828","STD_REPORT_DATE":"2020-12-31 00:00:00","REPORT_DATE":"2020-12-31 00:00:00","DATE_TYPE_CODE":"001","REPORT_TYPE":"2020年年报","PER_NETCASH_OPERATE":0.30644901827,"PER_OI":2.070003657217,"BPS":1.144964979948,"BASIC_EPS":0.082,"DILUTED_EPS":0.082,"OPERATE_INCOME":1317660000,"OPERATE_INCOME_YOY":1.2324660538,"GROSS_PROFIT":161784000,"GROSS_PROFIT_YOY":19.019208274787,"HOLDER_PROFIT":52449000,"HOLDER_PROFIT_YOY":49.3933006722,"GROSS_PROFIT_RATIO":12.278129411229,"EPS_TTM":0.082395778742,"OPERATE_INCOME_QOQ":5.545364978413,"NET_PROFIT_RATIO":4.0052061989,"ROE_AVG":7.395985362861,"GROSS_PROFIT_QOQ":31.421655036839,"ROA":3.383081817314,"HOLDER_PROFIT_QOQ":154.174945480979,"ROE_YEARLY":7.395985362861,"ROIC_YEARLY":3.552627300954,"TOTAL_ASSETS":1603153000,"TOTAL_LIABILITIES":868131000,"TAX_EBT":6.999488959769,"OCF_SALES":14.804274243735,"TOTAL_PARENT_EQUITY":728827000,"DEBT_ASSET_RATIO":54.1514752491,"OPERATE_PROFIT":69151000,"PRETAX_PROFIT":56747000,"NETCASH_OPERATE":195070000,"NETCASH_INVEST":-215638000,"NETCASH_FINANCE":-6888000,"END_CASH":52917000,"DIVI_RATIO":0.156836884089,"DIVIDEND_RATE":2.690566037736,"CURRENT_RATIO":1.073849189079,"COMMON_ACS":1500000000,"CURRENTDEBT_DEBT":99.256333433549,"ISSUED_COMMON_SHARES":636549600,"HK_COMMON_SHARES":636549600,"PER_SHARES":2000,"TOTAL_MARKET_CAP":337371288,"HKSK_MARKET_CAP":337371288,"PE_TTM":3.488036521714,"PB_TTM":0.336532427422,"REPORT_DATE_SQ":"2019-12-31 00:00:00","REPORT_TYPE_SQ":"2019年年报","OPERATE_INCOME_SQ":1301618000,"DPS_HKD":0.01426,"OPERATE_INCOME_QOQ_SQ":5.959573757947,"NET_PROFIT_RATIO_SQ":2.7332904124,"HOLDER_PROFIT_SQ":35108000,"HOLDER_PROFIT_QOQ_SQ":-47.428160704392,"ROE_AVG_SQ":5.192081735209,"PE_TTM_SQ":5.043150216184,"PB_TTM_SQ":0.386022863444,"ROA_SQ":2.353560289536,"START_DATE":"2020-01-01 00:00:00","FISCAL_YEAR":"12-31","CURRENCY":"HKD","IS_CNY_CODE":0,"DPS_HKD_LY":0.014228,"ORG_TYPE":"一般企业","PREMIUM_INCOME":null,"PREMIUM_INCOME_YOY":null,"NET_INTEREST_INCOME":null,"NET_INTEREST_INCOME_YOY":null,"FEE_COMMISSION_INCOME":null,"FEE_COMMISSION_INCOME_YOY":null,"ACCOUNTS_RECE_TDAYS":2.464514367263,"INVENTORY_TDAYS":3.536151544632,"CURRENT_ASSETS_TDAYS":1.416565297343,"TOTAL_ASSETS_TDAYS":0.849921178173,"PREMIUM_EXPENSE":null,"LOAN_DEPOSIT":null,"LOAN_EQUITY":null,"LOAN_ASSETS":null,"DEPOSIT_EQUITY":null,"DEPOSIT_ASSETS":null,"EQUITY_MULTIPLIER":2.181095259734,"EQUITY_RATIO":1.191134521635},{"SECUCODE":"00096.HK","SECURITY_CODE":"00096","SECURITY_NAME_ABBR":"YUSEI","ORG_CODE":"10010828","STD_REPORT_DATE":"2020-06-30 00:00:00","REPORT_DATE":"2020-06-30 00:00:00","DATE_TYPE_CODE":"002","REPORT_TYPE":"2020年中报","PER_NETCASH_OPERATE":0.05730268309,"PER_OI":0.849226831656,"BPS":1.085038777811,"BASIC_EPS":0.0009,"DILUTED_EPS":0.0009,"OPERATE_INCOME":540575000,"OPERATE_INCOME_YOY":-8.9577828191,"GROSS_PROFIT":55876000,"GROSS_PROFIT_YOY":-18.671401956218,"HOLDER_PROFIT":604000,"HOLDER_PROFIT_YOY":-95.9938979903,"GROSS_PROFIT_RATIO":10.336401054433,"EPS_TTM":0.032416955411,"OPERATE_INCOME_QOQ":-4.0862987451,"NET_PROFIT_RATIO":0.0701105305,"ROE_AVG":0.087525830264,"GROSS_PROFIT_QOQ":-9.43714090237,"ROA":0.042112250063,"HOLDER_PROFIT_QOQ":-41.224222399453,"ROE_YEARLY":0.175051660527,"ROIC_YEARLY":0.088927463385,"TOTAL_ASSETS":1371013000,"TOTAL_LIABILITIES":672274000,"TAX_EBT":64.513108614232,"OCF_SALES":6.747629838598,"TOTAL_PARENT_EQUITY":690681000,"DEBT_ASSET_RATIO":49.0348377441,"OPERATE_PROFIT":10068000,"PRETAX_PROFIT":1068000,"NETCASH_OPERATE":36476000,"NETCASH_INVEST":-25380000,"NETCASH_FINANCE":-36896000,"END_CASH":54781000,"DIVI_RATIO":0.398640064627,"DIVIDEND_RATE":2.690566037736,"CURRENT_RATIO":1.232168758087,"COMMON_ACS":1500000000,"CURRENTDEBT_DEBT":98.861476124318,"ISSUED_COMMON_SHARES":636549600,"HK_COMMON_SHARES":636549600,"PER_SHARES":2000,"TOTAL_MARKET_CAP":337371288,"HKSK_MARKET_CAP":337371288,"PE_TTM":3.488036521714,"PB_TTM":0.336532427422,"REPORT_DATE_SQ":"2019-06-30 00:00:00","REPORT_TYPE_SQ":"2019年中报","OPERATE_INCOME_SQ":593763000,"DPS_HKD":0.01426,"OPERATE_INCOME_QOQ_SQ":-3.653588686369,"NET_PROFIT_RATIO_SQ":2.5629754633,"HOLDER_PROFIT_SQ":15077000,"HOLDER_PROFIT_QOQ_SQ":-26.857825044084,"ROE_AVG_SQ":2.248930687679,"PE_TTM_SQ":5.043150216184,"PB_TTM_SQ":0.386022863444,"ROA_SQ":1.079219986722,"START_DATE":"2020-01-01 00:00:00","FISCAL_YEAR":"12-31","CURRENCY":"HKD","IS_CNY_CODE":0,"DPS_HKD_LY":0.014228,"ORG_TYPE":"一般企业","PREMIUM_INCOME":null,"PREMIUM_INCOME_YOY":null,"NET_INTEREST_INCOME":null,"NET_INTEREST_INCOME_YOY":null,"FEE_COMMISSION_INCOME":null,"FEE_COMMISSION_INCOME_YOY":null,"ACCOUNTS_RECE_TDAYS":1.04454294785,"INVENTORY_TDAYS":1.670270028119,"CURRENT_ASSETS_TDAYS":0.616400243105,"TOTAL_ASSETS_TDAYS":0.376901151951,"PREMIUM_EXPENSE":null,"LOAN_DEPOSIT":null,"LOAN_EQUITY":null,"LOAN_ASSETS":null,"DEPOSIT_EQUITY":null,"DEPOSIT_ASSETS":null,"EQUITY_MULTIPLIER":1.962124627366,"EQUITY_RATIO":0.973349491299}],"count":50},"success":true,"message":"ok","code":0}