{"version":"3e721c6863e6fe4fb9626cabc722ebd9","result":{"pages":6,"data":[{"SECUCODE":"00093.HK","SECURITY_CODE":"00093","SECURITY_NAME_ABBR":"零在科技金融","ORG_CODE":"10007377","STD_REPORT_DATE":"2024-06-30 00:00:00","REPORT_DATE":"2024-06-30 00:00:00","DATE_TYPE_CODE":"002","REPORT_TYPE":"2024年中报","PER_NETCASH_OPERATE":-0.030283613169,"PER_OI":0.040022678102,"BPS":0.371202547387,"BASIC_EPS":0.00501974,"DILUTED_EPS":0.00501974,"OPERATE_INCOME":106766219.08,"OPERATE_INCOME_YOY":23.3313301916,"GROSS_PROFIT":106766219.08,"GROSS_PROFIT_YOY":22.087288703916,"HOLDER_PROFIT":13424610.12,"HOLDER_PROFIT_YOY":8.0908289242,"GROSS_PROFIT_RATIO":null,"EPS_TTM":0.004451942024,"OPERATE_INCOME_QOQ":10.840986038631,"NET_PROFIT_RATIO":12.5738367769,"ROE_AVG":1.35832789642,"GROSS_PROFIT_QOQ":10.840986038631,"ROA":1.179700868154,"HOLDER_PROFIT_QOQ":7.98613739394,"ROE_YEARLY":2.71665579284,"ROIC_YEARLY":2.599552072559,"TOTAL_ASSETS":1121415392.08,"TOTAL_LIABILITIES":131179496.4,"TAX_EBT":27.833382396232,"OCF_SALES":-75.666133816603,"TOTAL_PARENT_EQUITY":990235895.68,"DEBT_ASSET_RATIO":11.6976721852,"OPERATE_PROFIT":19627183.4,"PRETAX_PROFIT":18602243.76,"NETCASH_OPERATE":-80785870.2,"NETCASH_INVEST":2010634.04,"NETCASH_FINANCE":104182422,"END_CASH":118021388.84,"DIVI_RATIO":null,"DIVIDEND_RATE":null,"CURRENT_RATIO":17.024018441404,"COMMON_ACS":2800000000,"CURRENTDEBT_DEBT":18.712864398525,"ISSUED_COMMON_SHARES":2667643050,"HK_COMMON_SHARES":2667643050,"PER_SHARES":2000,"TOTAL_MARKET_CAP":1600585830,"HKSK_MARKET_CAP":1600585830,"PE_TTM":120.917566669185,"PB_TTM":1.475226945112,"REPORT_DATE_SQ":"2023-06-30 00:00:00","REPORT_TYPE_SQ":"2023年中报","OPERATE_INCOME_SQ":87450724.98,"DPS_HKD":null,"OPERATE_INCOME_QOQ_SQ":17.428536109924,"NET_PROFIT_RATIO_SQ":14.3467122118,"HOLDER_PROFIT_SQ":12546303.84,"HOLDER_PROFIT_QOQ_SQ":20.212487715,"ROE_AVG_SQ":1.243013870182,"PE_TTM_SQ":98.499483759303,"PB_TTM_SQ":1.555746304481,"ROA_SQ":1.065232579302,"START_DATE":"2024-01-01 00:00:00","FISCAL_YEAR":"12-31","CURRENCY":"HKD","IS_CNY_CODE":0,"DPS_HKD_LY":null,"ORG_TYPE":"一般企业","PREMIUM_INCOME":null,"PREMIUM_INCOME_YOY":null,"NET_INTEREST_INCOME":null,"NET_INTEREST_INCOME_YOY":null,"FEE_COMMISSION_INCOME":null,"FEE_COMMISSION_INCOME_YOY":null,"ACCOUNTS_RECE_TDAYS":null,"INVENTORY_TDAYS":null,"CURRENT_ASSETS_TDAYS":0.245400098596,"TOTAL_ASSETS_TDAYS":0.093821869099,"PREMIUM_EXPENSE":null,"LOAN_DEPOSIT":null,"LOAN_EQUITY":null,"LOAN_ASSETS":null,"DEPOSIT_EQUITY":null,"DEPOSIT_ASSETS":null,"EQUITY_MULTIPLIER":1.132472976361,"EQUITY_RATIO":0.132472976361},{"SECUCODE":"00093.HK","SECURITY_CODE":"00093","SECURITY_NAME_ABBR":"零在科技金融","ORG_CODE":"10007377","STD_REPORT_DATE":"2023-12-31 00:00:00","REPORT_DATE":"2023-12-31 00:00:00","DATE_TYPE_CODE":"001","REPORT_TYPE":"2023年年报","PER_NETCASH_OPERATE":-0.022106505779,"PER_OI":0.066789673371,"BPS":0.367148041227,"BASIC_EPS":0.00407799,"DILUTED_EPS":0.00407799,"OPERATE_INCOME":178171007.98,"OPERATE_INCOME_YOY":20.7152944066,"GROSS_PROFIT":178171007.98,"GROSS_PROFIT_YOY":22.465339815658,"HOLDER_PROFIT":10997885.92,"HOLDER_PROFIT_YOY":-20.1000724208,"GROSS_PROFIT_RATIO":null,"EPS_TTM":0.00412269772,"OPERATE_INCOME_QOQ":4.289250187892,"NET_PROFIT_RATIO":6.1726574063,"ROE_AVG":1.11704179058,"GROSS_PROFIT_QOQ":4.289250187892,"ROA":0.957217443979,"HOLDER_PROFIT_QOQ":-32.570848456443,"ROE_YEARLY":1.11704179058,"ROIC_YEARLY":1.070265260165,"TOTAL_ASSETS":1146347456.94,"TOTAL_LIABILITIES":166927536.44,"TAX_EBT":39.549711097828,"OCF_SALES":-33.098688259439,"TOTAL_PARENT_EQUITY":979419920.5,"DEBT_ASSET_RATIO":14.5616876829,"OPERATE_PROFIT":24612935.2,"PRETAX_PROFIT":18193272.72,"NETCASH_OPERATE":-58972266.5,"NETCASH_INVEST":1166305.14,"NETCASH_FINANCE":-906220,"END_CASH":91579874.54,"DIVI_RATIO":null,"DIVIDEND_RATE":null,"CURRENT_RATIO":2.698529051372,"COMMON_ACS":2800000000,"CURRENTDEBT_DEBT":99.685671165351,"ISSUED_COMMON_SHARES":2667643050,"HK_COMMON_SHARES":2667643050,"PER_SHARES":2000,"TOTAL_MARKET_CAP":1627262260.5,"HKSK_MARKET_CAP":1627262260.5,"PE_TTM":122.932859447005,"PB_TTM":1.499814060864,"REPORT_DATE_SQ":"2022-12-31 00:00:00","REPORT_TYPE_SQ":"2022年年报","OPERATE_INCOME_SQ":145486884.9,"DPS_HKD":null,"OPERATE_INCOME_QOQ_SQ":29.912931238418,"NET_PROFIT_RATIO_SQ":9.3258426966,"HOLDER_PROFIT_SQ":13567878.03,"HOLDER_PROFIT_QOQ_SQ":-24.649968243852,"ROE_AVG_SQ":1.371461696092,"PE_TTM_SQ":100.038538193042,"PB_TTM_SQ":1.580054840488,"ROA_SQ":1.166002830372,"START_DATE":"2023-01-01 00:00:00","FISCAL_YEAR":"12-31","CURRENCY":"HKD","IS_CNY_CODE":0,"DPS_HKD_LY":null,"ORG_TYPE":"一般企业","PREMIUM_INCOME":null,"PREMIUM_INCOME_YOY":null,"NET_INTEREST_INCOME":null,"NET_INTEREST_INCOME_YOY":null,"FEE_COMMISSION_INCOME":null,"FEE_COMMISSION_INCOME_YOY":null,"ACCOUNTS_RECE_TDAYS":null,"INVENTORY_TDAYS":null,"CURRENT_ASSETS_TDAYS":0.480235759072,"TOTAL_ASSETS_TDAYS":0.155073800629,"PREMIUM_EXPENSE":null,"LOAN_DEPOSIT":null,"LOAN_EQUITY":null,"LOAN_ASSETS":null,"DEPOSIT_EQUITY":null,"DEPOSIT_ASSETS":null,"EQUITY_MULTIPLIER":1.17043510444,"EQUITY_RATIO":0.170435104439},{"SECUCODE":"00093.HK","SECURITY_CODE":"00093","SECURITY_NAME_ABBR":"零在科技金融","ORG_CODE":"10007377","STD_REPORT_DATE":"2023-06-30 00:00:00","REPORT_DATE":"2023-06-30 00:00:00","DATE_TYPE_CODE":"002","REPORT_TYPE":"2023年中报","PER_NETCASH_OPERATE":-0.010567553436,"PER_OI":0.032782018936,"BPS":0.379282405043,"BASIC_EPS":0.004702098,"DILUTED_EPS":0.004702098,"OPERATE_INCOME":87450724.98,"OPERATE_INCOME_YOY":30.6325662108,"GROSS_PROFIT":87450724.98,"GROSS_PROFIT_YOY":40.834917848705,"HOLDER_PROFIT":12546303.84,"HOLDER_PROFIT_YOY":18.7020237264,"GROSS_PROFIT_RATIO":null,"EPS_TTM":0.006114117745,"OPERATE_INCOME_QOQ":17.428536109924,"NET_PROFIT_RATIO":14.3467122118,"ROE_AVG":1.243013870182,"GROSS_PROFIT_QOQ":17.428536109924,"ROA":1.065232579302,"HOLDER_PROFIT_QOQ":20.212487715,"ROE_YEARLY":2.486027740365,"ROIC_YEARLY":2.414674363648,"TOTAL_ASSETS":1184033453.42,"TOTAL_LIABILITIES":172243381.62,"TAX_EBT":18.019157780589,"OCF_SALES":-32.235822500554,"TOTAL_PARENT_EQUITY":1011790071.8,"DEBT_ASSET_RATIO":14.5471718829,"OPERATE_PROFIT":18496762.76,"PRETAX_PROFIT":15303946.02,"NETCASH_OPERATE":-28190460.48,"NETCASH_INVEST":317161.12,"NETCASH_FINANCE":-453614.16,"END_CASH":123490923.18,"DIVI_RATIO":null,"DIVIDEND_RATE":null,"CURRENT_RATIO":1.474075580991,"COMMON_ACS":2800000000,"CURRENTDEBT_DEBT":99.986082786012,"ISSUED_COMMON_SHARES":2667643050,"HK_COMMON_SHARES":2667643050,"PER_SHARES":2000,"TOTAL_MARKET_CAP":1627262260.5,"HKSK_MARKET_CAP":1627262260.5,"PE_TTM":122.932859447005,"PB_TTM":1.499814060864,"REPORT_DATE_SQ":"2022-06-30 00:00:00","REPORT_TYPE_SQ":"2022年中报","OPERATE_INCOME_SQ":62094490.71,"DPS_HKD":null,"OPERATE_INCOME_QOQ_SQ":21.822934344671,"NET_PROFIT_RATIO_SQ":15.7886763349,"HOLDER_PROFIT_SQ":9803898.16,"HOLDER_PROFIT_QOQ_SQ":3.557457015854,"ROE_AVG_SQ":1.024034072536,"PE_TTM_SQ":100.038538193042,"PB_TTM_SQ":1.580054840488,"ROA_SQ":0.857963101001,"START_DATE":"2023-01-01 00:00:00","FISCAL_YEAR":"12-31","CURRENCY":"HKD","IS_CNY_CODE":0,"DPS_HKD_LY":null,"ORG_TYPE":"一般企业","PREMIUM_INCOME":null,"PREMIUM_INCOME_YOY":null,"NET_INTEREST_INCOME":null,"NET_INTEREST_INCOME_YOY":null,"FEE_COMMISSION_INCOME":null,"FEE_COMMISSION_INCOME_YOY":null,"ACCOUNTS_RECE_TDAYS":null,"INVENTORY_TDAYS":null,"CURRENT_ASSETS_TDAYS":0.31688986815,"TOTAL_ASSETS_TDAYS":0.074249247045,"PREMIUM_EXPENSE":null,"LOAN_DEPOSIT":null,"LOAN_EQUITY":null,"LOAN_ASSETS":null,"DEPOSIT_EQUITY":null,"DEPOSIT_ASSETS":null,"EQUITY_MULTIPLIER":1.170236283613,"EQUITY_RATIO":0.170236283613},{"SECUCODE":"00093.HK","SECURITY_CODE":"00093","SECURITY_NAME_ABBR":"零在科技金融","ORG_CODE":"10007377","STD_REPORT_DATE":"2022-12-31 00:00:00","REPORT_DATE":"2022-12-31 00:00:00","DATE_TYPE_CODE":"001","REPORT_TYPE":"2022年年报","PER_NETCASH_OPERATE":-0.001613324864,"PER_OI":0.054537613231,"BPS":0.36569601015,"BASIC_EPS":0.005091639,"DILUTED_EPS":0.005091639,"OPERATE_INCOME":145486884.9,"OPERATE_INCOME_YOY":44.8570285054,"GROSS_PROFIT":145486884.9,"GROSS_PROFIT_YOY":60.545523254499,"HOLDER_PROFIT":13567878.03,"HOLDER_PROFIT_YOY":-28.5794893497,"GROSS_PROFIT_RATIO":null,"EPS_TTM":0.00508609202,"OPERATE_INCOME_QOQ":29.912931238418,"NET_PROFIT_RATIO":9.3258426966,"ROE_AVG":1.371461696092,"GROSS_PROFIT_QOQ":29.912931238418,"ROA":1.166002830372,"HOLDER_PROFIT_QOQ":-24.649968243852,"ROE_YEARLY":1.371461696092,"ROIC_YEARLY":1.345595983676,"TOTAL_ASSETS":1135083548.62,"TOTAL_LIABILITIES":159537128.73,"TAX_EBT":38.73674020893,"OCF_SALES":-2.958187511512,"TOTAL_PARENT_EQUITY":975546419.89,"DEBT_ASSET_RATIO":14.0551000782,"OPERATE_PROFIT":29374290.68,"PRETAX_PROFIT":22146843.11,"NETCASH_OPERATE":-4303774.86,"NETCASH_INVEST":948652.74,"NETCASH_FINANCE":-764639.12,"END_CASH":148976890.79,"DIVI_RATIO":null,"DIVIDEND_RATE":null,"CURRENT_RATIO":1.811118020425,"COMMON_ACS":2800000000,"CURRENTDEBT_DEBT":99.946248299263,"ISSUED_COMMON_SHARES":2667643050,"HK_COMMON_SHARES":2667643050,"PER_SHARES":2000,"TOTAL_MARKET_CAP":1627262260.5,"HKSK_MARKET_CAP":1627262260.5,"PE_TTM":122.932859447005,"PB_TTM":1.499814060864,"REPORT_DATE_SQ":"2021-12-31 00:00:00","REPORT_TYPE_SQ":"2021年年报","OPERATE_INCOME_SQ":91926856,"DPS_HKD":null,"OPERATE_INCOME_QOQ_SQ":576.033318199882,"NET_PROFIT_RATIO_SQ":18.9149286254,"HOLDER_PROFIT_SQ":17387899.2,"HOLDER_PROFIT_QOQ_SQ":270.39189845444,"ROE_AVG_SQ":1.862811349949,"PE_TTM_SQ":100.038538193042,"PB_TTM_SQ":1.580054840488,"ROA_SQ":1.573274092355,"START_DATE":"2022-01-01 00:00:00","FISCAL_YEAR":"12-31","CURRENCY":"HKD","IS_CNY_CODE":0,"DPS_HKD_LY":null,"ORG_TYPE":"一般企业","PREMIUM_INCOME":null,"PREMIUM_INCOME_YOY":null,"NET_INTEREST_INCOME":null,"NET_INTEREST_INCOME_YOY":null,"FEE_COMMISSION_INCOME":null,"FEE_COMMISSION_INCOME_YOY":null,"ACCOUNTS_RECE_TDAYS":null,"INVENTORY_TDAYS":null,"CURRENT_ASSETS_TDAYS":0.499235223257,"TOTAL_ASSETS_TDAYS":0.12502921916,"PREMIUM_EXPENSE":null,"LOAN_DEPOSIT":null,"LOAN_EQUITY":null,"LOAN_ASSETS":null,"DEPOSIT_EQUITY":null,"DEPOSIT_ASSETS":null,"EQUITY_MULTIPLIER":1.163536173653,"EQUITY_RATIO":0.163536173653},{"SECUCODE":"00093.HK","SECURITY_CODE":"00093","SECURITY_NAME_ABBR":"零在科技金融","ORG_CODE":"10007377","STD_REPORT_DATE":"2022-06-30 00:00:00","REPORT_DATE":"2022-06-30 00:00:00","DATE_TYPE_CODE":"002","REPORT_TYPE":"2022年中报","PER_NETCASH_OPERATE":0.008488287374,"PER_OI":0.023276911321,"BPS":0.35779359099,"BASIC_EPS":0.003677317,"DILUTED_EPS":0.003677317,"OPERATE_INCOME":62094490.71,"OPERATE_INCOME_YOY":43.7346583261,"GROSS_PROFIT":62094490.71,"GROSS_PROFIT_YOY":47.726711919378,"HOLDER_PROFIT":9803898.16,"HOLDER_PROFIT_YOY":3.8499864118,"GROSS_PROFIT_RATIO":null,"EPS_TTM":0.006749953387,"OPERATE_INCOME_QOQ":21.822934344671,"NET_PROFIT_RATIO":15.7886763349,"ROE_AVG":1.024034072536,"GROSS_PROFIT_QOQ":21.822934344671,"ROA":0.857963101001,"HOLDER_PROFIT_QOQ":3.557457015854,"ROE_YEARLY":2.048068145073,"ROIC_YEARLY":2.003730777516,"TOTAL_ASSETS":1144048381.49,"TOTAL_LIABILITIES":189582795.15,"TAX_EBT":28.390280467237,"OCF_SALES":36.466553733008,"TOTAL_PARENT_EQUITY":954465586.34,"DEBT_ASSET_RATIO":16.5712218309,"OPERATE_PROFIT":16893423.26,"PRETAX_PROFIT":13690736.71,"NETCASH_OPERATE":22643720.82,"NETCASH_INVEST":653365.16,"NETCASH_FINANCE":-312144.35,"END_CASH":173516340.62,"DIVI_RATIO":null,"DIVIDEND_RATE":null,"CURRENT_RATIO":5.308519564792,"COMMON_ACS":2800000000,"CURRENTDEBT_DEBT":32.255678101811,"ISSUED_COMMON_SHARES":2667643050,"HK_COMMON_SHARES":2667643050,"PER_SHARES":2000,"TOTAL_MARKET_CAP":1627262260.5,"HKSK_MARKET_CAP":1627262260.5,"PE_TTM":122.932859447005,"PB_TTM":1.499814060864,"REPORT_DATE_SQ":"2021-06-30 00:00:00","REPORT_TYPE_SQ":"2021年中报","OPERATE_INCOME_SQ":42033353.28,"DPS_HKD":null,"OPERATE_INCOME_QOQ_SQ":0,"NET_PROFIT_RATIO_SQ":21.8524823818,"HOLDER_PROFIT_SQ":9185331.12,"HOLDER_PROFIT_QOQ_SQ":0,"ROE_AVG_SQ":0.967664032378,"PE_TTM_SQ":100.038538193042,"PB_TTM_SQ":1.580054840488,"ROA_SQ":0.817993030868,"START_DATE":"2022-01-01 00:00:00","FISCAL_YEAR":"12-31","CURRENCY":"HKD","IS_CNY_CODE":0,"DPS_HKD_LY":null,"ORG_TYPE":"一般企业","PREMIUM_INCOME":null,"PREMIUM_INCOME_YOY":null,"NET_INTEREST_INCOME":null,"NET_INTEREST_INCOME_YOY":null,"FEE_COMMISSION_INCOME":null,"FEE_COMMISSION_INCOME_YOY":null,"ACCOUNTS_RECE_TDAYS":null,"INVENTORY_TDAYS":null,"CURRENT_ASSETS_TDAYS":0.204884738402,"TOTAL_ASSETS_TDAYS":0.054340407188,"PREMIUM_EXPENSE":null,"LOAN_DEPOSIT":null,"LOAN_EQUITY":null,"LOAN_ASSETS":null,"DEPOSIT_EQUITY":null,"DEPOSIT_ASSETS":null,"EQUITY_MULTIPLIER":1.198627166723,"EQUITY_RATIO":0.198627166724},{"SECUCODE":"00093.HK","SECURITY_CODE":"00093","SECURITY_NAME_ABBR":"零在科技金融","ORG_CODE":"10007377","STD_REPORT_DATE":"2021-12-31 00:00:00","REPORT_DATE":"2021-12-31 00:00:00","DATE_TYPE_CODE":"001","REPORT_TYPE":"2021年年报","PER_NETCASH_OPERATE":-0.024766051665,"PER_OI":0.034459953703,"BPS":0.344155742726,"BASIC_EPS":0.0065408,"DILUTED_EPS":0.0065408,"OPERATE_INCOME":91926856,"OPERATE_INCOME_YOY":null,"GROSS_PROFIT":90620331.2,"GROSS_PROFIT_YOY":null,"HOLDER_PROFIT":17387899.2,"HOLDER_PROFIT_YOY":null,"GROSS_PROFIT_RATIO":null,"EPS_TTM":0.006518075647,"OPERATE_INCOME_QOQ":576.033318199882,"NET_PROFIT_RATIO":18.9149286254,"ROE_AVG":1.862811349949,"GROSS_PROFIT_QOQ":743.528470944143,"ROA":1.573274092355,"HOLDER_PROFIT_QOQ":270.39189845444,"ROE_YEARLY":1.862811349949,"ROIC_YEARLY":1.87695847471,"TOTAL_ASSETS":1091173048,"TOTAL_LIABILITIES":173088372.8,"TAX_EBT":32.98988562246,"OCF_SALES":-71.869079912839,"TOTAL_PARENT_EQUITY":918084675.2,"DEBT_ASSET_RATIO":15.862596049,"OPERATE_PROFIT":31830803.2,"PRETAX_PROFIT":25948171.2,"NETCASH_OPERATE":-66046545.6,"NETCASH_INVEST":1268915.2,"NETCASH_FINANCE":855209.6,"END_CASH":147942267.2,"DIVI_RATIO":null,"DIVIDEND_RATE":null,"CURRENT_RATIO":5.132655606835,"COMMON_ACS":2800000000,"CURRENTDEBT_DEBT":30.295272150135,"ISSUED_COMMON_SHARES":2667643050,"HK_COMMON_SHARES":2667643050,"PER_SHARES":2000,"TOTAL_MARKET_CAP":1627262260.5,"HKSK_MARKET_CAP":1627262260.5,"PE_TTM":122.932859447005,"PB_TTM":1.499814060864,"REPORT_DATE_SQ":"2020-12-31 00:00:00","REPORT_TYPE_SQ":"2020年年报","OPERATE_INCOME_SQ":null,"DPS_HKD":null,"OPERATE_INCOME_QOQ_SQ":0,"NET_PROFIT_RATIO_SQ":null,"HOLDER_PROFIT_SQ":null,"HOLDER_PROFIT_QOQ_SQ":0,"ROE_AVG_SQ":null,"PE_TTM_SQ":100.038538193042,"PB_TTM_SQ":1.580054840488,"ROA_SQ":null,"START_DATE":"2021-01-01 00:00:00","FISCAL_YEAR":"12-31","CURRENCY":"HKD","IS_CNY_CODE":0,"DPS_HKD_LY":null,"ORG_TYPE":"一般企业","PREMIUM_INCOME":null,"PREMIUM_INCOME_YOY":null,"NET_INTEREST_INCOME":null,"NET_INTEREST_INCOME_YOY":null,"FEE_COMMISSION_INCOME":null,"FEE_COMMISSION_INCOME_YOY":null,"ACCOUNTS_RECE_TDAYS":null,"INVENTORY_TDAYS":null,"CURRENT_ASSETS_TDAYS":0.300192501262,"TOTAL_ASSETS_TDAYS":0.083176316629,"PREMIUM_EXPENSE":null,"LOAN_DEPOSIT":null,"LOAN_EQUITY":null,"LOAN_ASSETS":null,"DEPOSIT_EQUITY":null,"DEPOSIT_ASSETS":null,"EQUITY_MULTIPLIER":1.188532035743,"EQUITY_RATIO":0.188532035743},{"SECUCODE":"00093.HK","SECURITY_CODE":"00093","SECURITY_NAME_ABBR":"零在科技金融","ORG_CODE":"10007377","STD_REPORT_DATE":"2021-06-30 00:00:00","REPORT_DATE":"2021-06-30 00:00:00","DATE_TYPE_CODE":"002","REPORT_TYPE":"2021年中报","PER_NETCASH_OPERATE":-0.011979126068,"PER_OI":0.015756738249,"BPS":0.349706263917,"BASIC_EPS":0.003411528,"DILUTED_EPS":0.003411528,"OPERATE_INCOME":42033353.28,"OPERATE_INCOME_YOY":480.977573318,"GROSS_PROFIT":42033353.28,"GROSS_PROFIT_YOY":624.988663275437,"HOLDER_PROFIT":9185331.12,"HOLDER_PROFIT_YOY":283.3416376017,"GROSS_PROFIT_RATIO":96.078470187663,"EPS_TTM":-0.003825343638,"OPERATE_INCOME_QOQ":0,"NET_PROFIT_RATIO":21.8524823818,"ROE_AVG":0.967664032378,"GROSS_PROFIT_QOQ":0,"ROA":0.817993030868,"HOLDER_PROFIT_QOQ":0,"ROE_YEARLY":1.935328064755,"ROIC_YEARLY":1.985981728752,"TOTAL_ASSETS":1106762921.28,"TOTAL_LIABILITIES":173871436.8,"TAX_EBT":34.861627426683,"OCF_SALES":-76.025417689445,"TOTAL_PARENT_EQUITY":932891484.48,"DEBT_ASSET_RATIO":15.709908008,"OPERATE_PROFIT":17379654.96,"PRETAX_PROFIT":14101259.76,"NETCASH_OPERATE":-31956032.4,"NETCASH_INVEST":692290.56,"NETCASH_FINANCE":-425192.88,"END_CASH":182381118.96,"DIVI_RATIO":null,"DIVIDEND_RATE":null,"CURRENT_RATIO":10.384939292173,"COMMON_ACS":2800000000,"CURRENTDEBT_DEBT":18.525076569678,"ISSUED_COMMON_SHARES":2667643050,"HK_COMMON_SHARES":2667643050,"PER_SHARES":2000,"TOTAL_MARKET_CAP":1627262260.5,"HKSK_MARKET_CAP":1627262260.5,"PE_TTM":122.932859447005,"PB_TTM":1.499814060864,"REPORT_DATE_SQ":"2020-06-30 00:00:00","REPORT_TYPE_SQ":"2020年中报","OPERATE_INCOME_SQ":7640470.4,"DPS_HKD":null,"OPERATE_INCOME_QOQ_SQ":0,"NET_PROFIT_RATIO_SQ":-69.246693502,"HOLDER_PROFIT_SQ":-5290773.12,"HOLDER_PROFIT_QOQ_SQ":0,"ROE_AVG_SQ":-0.66263866878,"PE_TTM_SQ":100.038538193042,"PB_TTM_SQ":1.580054840488,"ROA_SQ":-0.641636006639,"START_DATE":"2021-01-01 00:00:00","FISCAL_YEAR":"12-31","CURRENCY":"HKD","IS_CNY_CODE":0,"DPS_HKD_LY":null,"ORG_TYPE":"一般企业","PREMIUM_INCOME":null,"PREMIUM_INCOME_YOY":null,"NET_INTEREST_INCOME":null,"NET_INTEREST_INCOME_YOY":null,"FEE_COMMISSION_INCOME":null,"FEE_COMMISSION_INCOME_YOY":null,"ACCOUNTS_RECE_TDAYS":null,"INVENTORY_TDAYS":0.033453796271,"CURRENT_ASSETS_TDAYS":0.122925079602,"TOTAL_ASSETS_TDAYS":0.037432499273,"PREMIUM_EXPENSE":null,"LOAN_DEPOSIT":null,"LOAN_EQUITY":null,"LOAN_ASSETS":null,"DEPOSIT_EQUITY":null,"DEPOSIT_ASSETS":null,"EQUITY_MULTIPLIER":1.186379058757,"EQUITY_RATIO":0.186379058757},{"SECUCODE":"00093.HK","SECURITY_CODE":"00093","SECURITY_NAME_ABBR":"零在科技金融","ORG_CODE":"10007377","STD_REPORT_DATE":"2020-06-30 00:00:00","REPORT_DATE":"2020-09-30 00:00:00","DATE_TYPE_CODE":"002","REPORT_TYPE":"2020年中报","PER_NETCASH_OPERATE":-0.000443031042,"PER_OI":0.003902892511,"BPS":0.299397695805,"BASIC_EPS":-0.002724032,"DILUTED_EPS":-0.002724032,"OPERATE_INCOME":7640470.4,"OPERATE_INCOME_YOY":2.814236727,"GROSS_PROFIT":5797794.56,"GROSS_PROFIT_YOY":4.344787262272,"HOLDER_PROFIT":-5290773.12,"HOLDER_PROFIT_YOY":72.4880054832,"GROSS_PROFIT_RATIO":75.88269120184,"EPS_TTM":-0.012593903214,"OPERATE_INCOME_QOQ":0,"NET_PROFIT_RATIO":-69.246693502,"ROE_AVG":-0.66263866878,"GROSS_PROFIT_QOQ":0,"ROA":-0.641636006639,"HOLDER_PROFIT_QOQ":0,"ROE_YEARLY":-1.325277337559,"ROIC_YEARLY":-1.609087428821,"TOTAL_ASSETS":828701500.16,"TOTAL_LIABILITIES":30015317.76,"TAX_EBT":-19.535437760572,"OCF_SALES":-11.351351351351,"TOTAL_PARENT_EQUITY":798686182.4,"DEBT_ASSET_RATIO":3.6219697628,"OPERATE_PROFIT":-4419082.88,"PRETAX_PROFIT":-4426112.64,"NETCASH_OPERATE":-867296.64,"NETCASH_INVEST":737246.08,"NETCASH_FINANCE":-192439.68,"END_CASH":168880318.08,"DIVI_RATIO":null,"DIVIDEND_RATE":null,"CURRENT_RATIO":7.96391509434,"COMMON_ACS":2800000000,"CURRENTDEBT_DEBT":99.30323789449,"ISSUED_COMMON_SHARES":2667643050,"HK_COMMON_SHARES":2667643050,"PER_SHARES":2000,"TOTAL_MARKET_CAP":1627262260.5,"HKSK_MARKET_CAP":1627262260.5,"PE_TTM":122.932859447005,"PB_TTM":1.499814060864,"REPORT_DATE_SQ":"2019-06-30 00:00:00","REPORT_TYPE_SQ":"2019年中报","OPERATE_INCOME_SQ":7628298.57,"DPS_HKD":null,"OPERATE_INCOME_QOQ_SQ":0,"NET_PROFIT_RATIO_SQ":-258.7797091167,"HOLDER_PROFIT_SQ":-19740488.85,"HOLDER_PROFIT_QOQ_SQ":0,"ROE_AVG_SQ":-2.354178869187,"PE_TTM_SQ":100.038538193042,"PB_TTM_SQ":1.580054840488,"ROA_SQ":-2.290048777987,"START_DATE":"2020-04-01 00:00:00","FISCAL_YEAR":"3-31","CURRENCY":"HKD","IS_CNY_CODE":0,"DPS_HKD_LY":null,"ORG_TYPE":"一般企业","PREMIUM_INCOME":null,"PREMIUM_INCOME_YOY":null,"NET_INTEREST_INCOME":null,"NET_INTEREST_INCOME_YOY":null,"FEE_COMMISSION_INCOME":null,"FEE_COMMISSION_INCOME_YOY":null,"ACCOUNTS_RECE_TDAYS":null,"INVENTORY_TDAYS":0.037488268156,"CURRENT_ASSETS_TDAYS":0.032545430726,"TOTAL_ASSETS_TDAYS":0.009265944324,"PREMIUM_EXPENSE":null,"LOAN_DEPOSIT":null,"LOAN_EQUITY":null,"LOAN_ASSETS":null,"DEPOSIT_EQUITY":null,"DEPOSIT_ASSETS":null,"EQUITY_MULTIPLIER":1.037580865202,"EQUITY_RATIO":0.037580865203},{"SECUCODE":"00093.HK","SECURITY_CODE":"00093","SECURITY_NAME_ABBR":"零在科技金融","ORG_CODE":"10007377","STD_REPORT_DATE":"2019-12-31 00:00:00","REPORT_DATE":"2020-03-31 00:00:00","DATE_TYPE_CODE":"001","REPORT_TYPE":"2019年年报","PER_NETCASH_OPERATE":-0.032000266545,"PER_OI":0.006939878697,"BPS":0.311124283288,"BASIC_EPS":-0.01260906,"DILUTED_EPS":-0.01260906,"OPERATE_INCOME":13585805.3,"OPERATE_INCOME_YOY":-51.3989671177,"GROSS_PROFIT":10656483.1,"GROSS_PROFIT_YOY":-40.091700281325,"HOLDER_PROFIT":-24654367.1,"HOLDER_PROFIT_YOY":-35.7293762575,"GROSS_PROFIT_RATIO":78.438361692111,"EPS_TTM":-0.009941474698,"OPERATE_INCOME_QOQ":0,"NET_PROFIT_RATIO":-181.4715179232,"ROE_AVG":-2.913507703255,"GROSS_PROFIT_QOQ":0,"ROA":-2.834094206875,"HOLDER_PROFIT_QOQ":0,"ROE_YEARLY":-2.913507703255,"ROIC_YEARLY":-3.711778979746,"TOTAL_ASSETS":853109811.9,"TOTAL_LIABILITIES":23141279.9,"TAX_EBT":-9.588985460158,"OCF_SALES":-461.107001143318,"TOTAL_PARENT_EQUITY":829968532,"DEBT_ASSET_RATIO":2.7125792691,"OPERATE_PROFIT":-22466055.6,"PRETAX_PROFIT":-22497121.4,"NETCASH_OPERATE":-62645099.4,"NETCASH_INVEST":1019689.2,"NETCASH_FINANCE":-418474.6,"END_CASH":171617529.9,"DIVI_RATIO":null,"DIVIDEND_RATE":null,"CURRENT_RATIO":10.616169733987,"COMMON_ACS":2800000000,"CURRENTDEBT_DEBT":98.258775220121,"ISSUED_COMMON_SHARES":2667643050,"HK_COMMON_SHARES":2667643050,"PER_SHARES":2000,"TOTAL_MARKET_CAP":1627262260.5,"HKSK_MARKET_CAP":1627262260.5,"PE_TTM":122.932859447005,"PB_TTM":1.499814060864,"REPORT_DATE_SQ":"2018-12-31 00:00:00","REPORT_TYPE_SQ":"2018年年报","OPERATE_INCOME_SQ":26243227.26,"DPS_HKD":null,"OPERATE_INCOME_QOQ_SQ":0,"NET_PROFIT_RATIO_SQ":-64.98006145,"HOLDER_PROFIT_SQ":-17052865.2,"HOLDER_PROFIT_QOQ_SQ":0,"ROE_AVG_SQ":-2.091641902068,"PE_TTM_SQ":100.038538193042,"PB_TTM_SQ":1.580054840488,"ROA_SQ":-2.039305876904,"START_DATE":"2019-04-01 00:00:00","FISCAL_YEAR":"3-31","CURRENCY":"HKD","IS_CNY_CODE":0,"DPS_HKD_LY":null,"ORG_TYPE":"一般企业","PREMIUM_INCOME":null,"PREMIUM_INCOME_YOY":null,"NET_INTEREST_INCOME":null,"NET_INTEREST_INCOME_YOY":null,"FEE_COMMISSION_INCOME":null,"FEE_COMMISSION_INCOME_YOY":null,"ACCOUNTS_RECE_TDAYS":null,"INVENTORY_TDAYS":0.055456094376,"CURRENT_ASSETS_TDAYS":0.048678360735,"TOTAL_ASSETS_TDAYS":0.015617294875,"PREMIUM_EXPENSE":null,"LOAN_DEPOSIT":null,"LOAN_EQUITY":null,"LOAN_ASSETS":null,"DEPOSIT_EQUITY":null,"DEPOSIT_ASSETS":null,"EQUITY_MULTIPLIER":1.027882117223,"EQUITY_RATIO":0.027882117222}],"count":47},"success":true,"message":"ok","code":0}