{"version":"c83a7b760c32b1bc34b86a2af76f4e5d","result":{"pages":5,"data":[{"SECUCODE":"00098.HK","SECURITY_CODE":"00098","SECURITY_NAME_ABBR":"兴发铝业","ORG_CODE":"10118736","STD_REPORT_DATE":"2024-06-30 00:00:00","REPORT_DATE":"2024-06-30 00:00:00","DATE_TYPE_CODE":"002","REPORT_TYPE":"2024年中报","PER_NETCASH_OPERATE":1.617963630468,"PER_OI":19.849892285764,"BPS":12.963478488939,"BASIC_EPS":0.9,"DILUTED_EPS":null,"OPERATE_INCOME":8349840000,"OPERATE_INCOME_YOY":6.6840294525,"GROSS_PROFIT":749735000,"GROSS_PROFIT_YOY":-13.510810355608,"HOLDER_PROFIT":378355000,"HOLDER_PROFIT_YOY":45.1939091125,"GROSS_PROFIT_RATIO":8.979034328802,"EPS_TTM":2.191707828406,"OPERATE_INCOME_QOQ":3.014767108306,"NET_PROFIT_RATIO":4.5356318205,"ROE_AVG":7.025188220938,"GROSS_PROFIT_QOQ":-5.884779534942,"ROA":2.792526784857,"HOLDER_PROFIT_QOQ":14.644770826105,"ROE_YEARLY":14.050376441876,"ROIC_YEARLY":7.083300649049,"TOTAL_ASSETS":14231455000,"TOTAL_LIABILITIES":8770493000,"TAX_EBT":7.568435645111,"OCF_SALES":8.150994510074,"TOTAL_PARENT_EQUITY":5453076000,"DEBT_ASSET_RATIO":61.6275215711,"OPERATE_PROFIT":461205000,"PRETAX_PROFIT":409728000,"NETCASH_OPERATE":680595000,"NETCASH_INVEST":-505189000,"NETCASH_FINANCE":-140915000,"END_CASH":2875829000,"DIVI_RATIO":0.264625052885,"DIVIDEND_RATE":9.169054441261,"CURRENT_RATIO":1.590496777788,"COMMON_ACS":1000000000,"CURRENTDEBT_DEBT":70.52627486277,"ISSUED_COMMON_SHARES":420649134,"HK_COMMON_SHARES":420649134,"PER_SHARES":1000,"TOTAL_MARKET_CAP":2936130955.32,"HKSK_MARKET_CAP":2936130955.32,"PE_TTM":2.880516949493,"PB_TTM":0.491419521808,"REPORT_DATE_SQ":"2023-06-30 00:00:00","REPORT_TYPE_SQ":"2023年中报","OPERATE_INCOME_SQ":7826701000,"DPS_HKD":0.64,"OPERATE_INCOME_QOQ_SQ":-0.1669042295,"NET_PROFIT_RATIO_SQ":3.3336012197,"HOLDER_PROFIT_SQ":260586000,"HOLDER_PROFIT_QOQ_SQ":-10.272754678073,"ROE_AVG_SQ":5.530594735359,"PE_TTM_SQ":5.912564846763,"PB_TTM_SQ":0.497430222464,"ROA_SQ":2.046346988002,"START_DATE":"2024-01-01 00:00:00","FISCAL_YEAR":"12-31","CURRENCY":"HKD","IS_CNY_CODE":0,"DPS_HKD_LY":0.64,"ORG_TYPE":"一般企业","PREMIUM_INCOME":null,"PREMIUM_INCOME_YOY":null,"NET_INTEREST_INCOME":null,"NET_INTEREST_INCOME_YOY":null,"FEE_COMMISSION_INCOME":null,"FEE_COMMISSION_INCOME_YOY":null,"ACCOUNTS_RECE_TDAYS":1.869641401506,"INVENTORY_TDAYS":4.606115867668,"CURRENT_ASSETS_TDAYS":0.904394662431,"TOTAL_ASSETS_TDAYS":0.616277090279,"PREMIUM_EXPENSE":null,"LOAN_DEPOSIT":null,"LOAN_EQUITY":null,"LOAN_ASSETS":null,"DEPOSIT_EQUITY":null,"DEPOSIT_ASSETS":null,"EQUITY_MULTIPLIER":2.606034431299,"EQUITY_RATIO":1.608357008045},{"SECUCODE":"00098.HK","SECURITY_CODE":"00098","SECURITY_NAME_ABBR":"兴发铝业","ORG_CODE":"10118736","STD_REPORT_DATE":"2023-12-31 00:00:00","REPORT_DATE":"2023-12-31 00:00:00","DATE_TYPE_CODE":"001","REPORT_TYPE":"2023年年报","PER_NETCASH_OPERATE":3.48653279291,"PER_OI":41.251840542242,"BPS":12.643097465642,"BASIC_EPS":1.91,"DILUTED_EPS":1.91,"OPERATE_INCOME":17352551000,"OPERATE_INCOME_YOY":2.4773248362,"GROSS_PROFIT":1990202000,"GROSS_PROFIT_YOY":12.142820517011,"HOLDER_PROFIT":804171000,"HOLDER_PROFIT_YOY":75.6698720329,"GROSS_PROFIT_RATIO":11.46921856043,"EPS_TTM":1.91173815658,"OPERATE_INCOME_QOQ":2.648649774188,"NET_PROFIT_RATIO":4.6569579309,"ROE_AVG":16.131525823157,"GROSS_PROFIT_QOQ":6.984519997355,"ROA":6.443110756637,"HOLDER_PROFIT_QOQ":95.78208536621,"ROE_YEARLY":16.131525823157,"ROIC_YEARLY":7.938159487837,"TOTAL_ASSETS":12866226000,"TOTAL_LIABILITIES":7540395000,"TAX_EBT":11.810464214038,"OCF_SALES":8.451823596427,"TOTAL_PARENT_EQUITY":5318308000,"DEBT_ASSET_RATIO":58.6061134011,"OPERATE_PROFIT":1056298000,"PRETAX_PROFIT":916323000,"NETCASH_OPERATE":1466607000,"NETCASH_INVEST":-836701000,"NETCASH_FINANCE":358690000,"END_CASH":2840415000,"DIVI_RATIO":0.303378785428,"DIVIDEND_RATE":9.116809116809,"CURRENT_RATIO":1.799193315446,"COMMON_ACS":1000000000,"CURRENTDEBT_DEBT":63.589971082417,"ISSUED_COMMON_SHARES":420649134,"HK_COMMON_SHARES":420649134,"PER_SHARES":1000,"TOTAL_MARKET_CAP":2952956920.68,"HKSK_MARKET_CAP":2952956920.68,"PE_TTM":2.897024209949,"PB_TTM":0.494235679526,"REPORT_DATE_SQ":"2022-12-31 00:00:00","REPORT_TYPE_SQ":"2022年年报","OPERATE_INCOME_SQ":16933064000,"DPS_HKD":0.64,"OPERATE_INCOME_QOQ_SQ":1.747468460687,"NET_PROFIT_RATIO_SQ":2.7243090796,"HOLDER_PROFIT_SQ":457774000,"HOLDER_PROFIT_QOQ_SQ":-43.267004754044,"ROE_AVG_SQ":10.026575877707,"PE_TTM_SQ":5.931886954105,"PB_TTM_SQ":0.499055811426,"ROA_SQ":3.90622830061,"START_DATE":"2023-01-01 00:00:00","FISCAL_YEAR":"12-31","CURRENCY":"HKD","IS_CNY_CODE":0,"DPS_HKD_LY":0.37,"ORG_TYPE":"一般企业","PREMIUM_INCOME":null,"PREMIUM_INCOME_YOY":null,"NET_INTEREST_INCOME":null,"NET_INTEREST_INCOME_YOY":null,"FEE_COMMISSION_INCOME":null,"FEE_COMMISSION_INCOME_YOY":null,"ACCOUNTS_RECE_TDAYS":3.880931080771,"INVENTORY_TDAYS":10.912123248361,"CURRENT_ASSETS_TDAYS":2.031651164676,"TOTAL_ASSETS_TDAYS":1.390306390099,"PREMIUM_EXPENSE":null,"LOAN_DEPOSIT":null,"LOAN_EQUITY":null,"LOAN_ASSETS":null,"DEPOSIT_EQUITY":null,"DEPOSIT_ASSETS":null,"EQUITY_MULTIPLIER":2.41581567271,"EQUITY_RATIO":1.41781841142},{"SECUCODE":"00098.HK","SECURITY_CODE":"00098","SECURITY_NAME_ABBR":"兴发铝业","ORG_CODE":"10118736","STD_REPORT_DATE":"2023-06-30 00:00:00","REPORT_DATE":"2023-06-30 00:00:00","DATE_TYPE_CODE":"002","REPORT_TYPE":"2023年中报","PER_NETCASH_OPERATE":0.467591596183,"PER_OI":18.606245365526,"BPS":11.343334894397,"BASIC_EPS":0.62,"DILUTED_EPS":null,"OPERATE_INCOME":7826701000,"OPERATE_INCOME_YOY":-0.3597980029,"GROSS_PROFIT":866854000,"GROSS_PROFIT_YOY":10.952199322655,"HOLDER_PROFIT":260586000,"HOLDER_PROFIT_YOY":-15.2874400218,"GROSS_PROFIT_RATIO":11.075598773992,"EPS_TTM":0.976462250366,"OPERATE_INCOME_QOQ":-0.1669042295,"NET_PROFIT_RATIO":3.3336012197,"ROE_AVG":5.530594735359,"GROSS_PROFIT_QOQ":4.821539153312,"ROA":2.046346988002,"HOLDER_PROFIT_QOQ":-10.272754678073,"ROE_YEARLY":11.061189470719,"ROIC_YEARLY":5.00696588802,"TOTAL_ASSETS":13372437000,"TOTAL_LIABILITIES":8596955000,"TAX_EBT":2.895880785435,"OCF_SALES":2.513089486873,"TOTAL_PARENT_EQUITY":4771564000,"DEBT_ASSET_RATIO":64.288618447,"OPERATE_PROFIT":335938000,"PRETAX_PROFIT":268692000,"NETCASH_OPERATE":196692000,"NETCASH_INVEST":-478998000,"NETCASH_FINANCE":1222242000,"END_CASH":2793247000,"DIVI_RATIO":0.59396131267,"DIVIDEND_RATE":9.116809116809,"CURRENT_RATIO":1.577386158278,"COMMON_ACS":1000000000,"CURRENTDEBT_DEBT":69.226313270222,"ISSUED_COMMON_SHARES":420649134,"HK_COMMON_SHARES":420649134,"PER_SHARES":1000,"TOTAL_MARKET_CAP":2952956920.68,"HKSK_MARKET_CAP":2952956920.68,"PE_TTM":2.897024209949,"PB_TTM":0.494235679526,"REPORT_DATE_SQ":"2022-06-30 00:00:00","REPORT_TYPE_SQ":"2022年中报","OPERATE_INCOME_SQ":7854963000,"DPS_HKD":0.64,"OPERATE_INCOME_QOQ_SQ":7.836155226821,"NET_PROFIT_RATIO_SQ":3.9273259467,"HOLDER_PROFIT_SQ":307612000,"HOLDER_PROFIT_QOQ_SQ":-9.113313809417,"ROE_AVG_SQ":6.868922797972,"PE_TTM_SQ":5.931886954105,"PB_TTM_SQ":0.499055811426,"ROA_SQ":2.588332008786,"START_DATE":"2023-01-01 00:00:00","FISCAL_YEAR":"12-31","CURRENCY":"HKD","IS_CNY_CODE":0,"DPS_HKD_LY":0.37,"ORG_TYPE":"一般企业","PREMIUM_INCOME":null,"PREMIUM_INCOME_YOY":null,"NET_INTEREST_INCOME":null,"NET_INTEREST_INCOME_YOY":null,"FEE_COMMISSION_INCOME":null,"FEE_COMMISSION_INCOME_YOY":null,"ACCOUNTS_RECE_TDAYS":1.770106270367,"INVENTORY_TDAYS":4.288931847621,"CURRENT_ASSETS_TDAYS":0.87729589299,"TOTAL_ASSETS_TDAYS":0.614620356325,"PREMIUM_EXPENSE":null,"LOAN_DEPOSIT":null,"LOAN_EQUITY":null,"LOAN_ASSETS":null,"DEPOSIT_EQUITY":null,"DEPOSIT_ASSETS":null,"EQUITY_MULTIPLIER":2.800227704761,"EQUITY_RATIO":1.801705897689},{"SECUCODE":"00098.HK","SECURITY_CODE":"00098","SECURITY_NAME_ABBR":"兴发铝业","ORG_CODE":"10118736","STD_REPORT_DATE":"2022-12-31 00:00:00","REPORT_DATE":"2022-12-31 00:00:00","DATE_TYPE_CODE":"001","REPORT_TYPE":"2022年年报","PER_NETCASH_OPERATE":1.8798731201,"PER_OI":40.254603258021,"BPS":11.058791339387,"BASIC_EPS":1.09,"DILUTED_EPS":1.09,"OPERATE_INCOME":16933064000,"OPERATE_INCOME_YOY":9.7205580286,"GROSS_PROFIT":1774703000,"GROSS_PROFIT_YOY":-2.049900543314,"HOLDER_PROFIT":457774000,"HOLDER_PROFIT_YOY":-48.4372606443,"GROSS_PROFIT_RATIO":10.480696228397,"EPS_TTM":1.088256133198,"OPERATE_INCOME_QOQ":1.747468460687,"NET_PROFIT_RATIO":2.7243090796,"ROE_AVG":10.026575877707,"GROSS_PROFIT_QOQ":-3.363407317622,"ROA":3.90622830061,"HOLDER_PROFIT_QOQ":-43.267004754044,"ROE_YEARLY":10.026575877707,"ROIC_YEARLY":4.591145686289,"TOTAL_ASSETS":12095971000,"TOTAL_LIABILITIES":7440507000,"TAX_EBT":9.880168163099,"OCF_SALES":4.669958136342,"TOTAL_PARENT_EQUITY":4651871000,"DEBT_ASSET_RATIO":61.5122754511,"OPERATE_PROFIT":655774000,"PRETAX_PROFIT":511884000,"NETCASH_OPERATE":790767000,"NETCASH_INVEST":-890389000,"NETCASH_FINANCE":326514000,"END_CASH":1849773000,"DIVI_RATIO":0.532945124137,"DIVIDEND_RATE":9.116809116809,"CURRENT_RATIO":1.559122633942,"COMMON_ACS":1000000000,"CURRENTDEBT_DEBT":72.885490195762,"ISSUED_COMMON_SHARES":420649134,"HK_COMMON_SHARES":420649134,"PER_SHARES":1000,"TOTAL_MARKET_CAP":2952956920.68,"HKSK_MARKET_CAP":2952956920.68,"PE_TTM":2.897024209949,"PB_TTM":0.494235679526,"REPORT_DATE_SQ":"2021-12-31 00:00:00","REPORT_TYPE_SQ":"2021年年报","OPERATE_INCOME_SQ":15432900000,"DPS_HKD":0.64,"OPERATE_INCOME_QOQ_SQ":10.18834310729,"NET_PROFIT_RATIO_SQ":5.7482197124,"HOLDER_PROFIT_SQ":887800000,"HOLDER_PROFIT_QOQ_SQ":-1.480784425131,"ROE_AVG_SQ":21.715802808378,"PE_TTM_SQ":5.931886954105,"PB_TTM_SQ":0.499055811426,"ROA_SQ":8.977538911559,"START_DATE":"2022-01-01 00:00:00","FISCAL_YEAR":"12-31","CURRENCY":"HKD","IS_CNY_CODE":0,"DPS_HKD_LY":0.8,"ORG_TYPE":"一般企业","PREMIUM_INCOME":null,"PREMIUM_INCOME_YOY":null,"NET_INTEREST_INCOME":null,"NET_INTEREST_INCOME_YOY":null,"FEE_COMMISSION_INCOME":null,"FEE_COMMISSION_INCOME_YOY":null,"ACCOUNTS_RECE_TDAYS":3.59553037323,"INVENTORY_TDAYS":10.328222944761,"CURRENT_ASSETS_TDAYS":2.031398807078,"TOTAL_ASSETS_TDAYS":1.444914167533,"PREMIUM_EXPENSE":null,"LOAN_DEPOSIT":null,"LOAN_EQUITY":null,"LOAN_ASSETS":null,"DEPOSIT_EQUITY":null,"DEPOSIT_ASSETS":null,"EQUITY_MULTIPLIER":2.59823102488,"EQUITY_RATIO":1.599465462391},{"SECUCODE":"00098.HK","SECURITY_CODE":"00098","SECURITY_NAME_ABBR":"兴发铝业","ORG_CODE":"10118736","STD_REPORT_DATE":"2022-06-30 00:00:00","REPORT_DATE":"2022-06-30 00:00:00","DATE_TYPE_CODE":"002","REPORT_TYPE":"2022年中报","PER_NETCASH_OPERATE":0.569307927643,"PER_OI":18.700363424884,"BPS":10.643758986082,"BASIC_EPS":0.73,"DILUTED_EPS":0.73,"OPERATE_INCOME":7854963000,"OPERATE_INCOME_YOY":18.1976481642,"GROSS_PROFIT":781286000,"GROSS_PROFIT_YOY":3.254702580687,"HOLDER_PROFIT":307612000,"HOLDER_PROFIT_YOY":-20.8246679708,"GROSS_PROFIT_RATIO":9.946399492907,"EPS_TTM":1.920973229872,"OPERATE_INCOME_QOQ":7.836155226821,"NET_PROFIT_RATIO":3.9273259467,"ROE_AVG":6.868922797972,"GROSS_PROFIT_QOQ":1.359222979462,"ROA":2.588332008786,"HOLDER_PROFIT_QOQ":-9.113313809417,"ROE_YEARLY":13.737845595944,"ROIC_YEARLY":6.093805584182,"TOTAL_ASSETS":12426942000,"TOTAL_LIABILITIES":7948718000,"TAX_EBT":9.330315811131,"OCF_SALES":3.044368254822,"TOTAL_PARENT_EQUITY":4477288000,"DEBT_ASSET_RATIO":63.9635881458,"OPERATE_PROFIT":409410000,"PRETAX_PROFIT":340235000,"NETCASH_OPERATE":239134000,"NETCASH_INVEST":-592802000,"NETCASH_FINANCE":640358000,"END_CASH":1933220000,"DIVI_RATIO":0.301920292788,"DIVIDEND_RATE":9.116809116809,"CURRENT_RATIO":1.313377307326,"COMMON_ACS":1000000000,"CURRENTDEBT_DEBT":86.306584281893,"ISSUED_COMMON_SHARES":420649134,"HK_COMMON_SHARES":420649134,"PER_SHARES":1000,"TOTAL_MARKET_CAP":2952956920.68,"HKSK_MARKET_CAP":2952956920.68,"PE_TTM":2.897024209949,"PB_TTM":0.494235679526,"REPORT_DATE_SQ":"2021-06-30 00:00:00","REPORT_TYPE_SQ":"2021年中报","OPERATE_INCOME_SQ":6645617000,"DPS_HKD":0.64,"OPERATE_INCOME_QOQ_SQ":17.826958872745,"NET_PROFIT_RATIO_SQ":5.8293609156,"HOLDER_PROFIT_SQ":388520000,"HOLDER_PROFIT_QOQ_SQ":17.737347870679,"ROE_AVG_SQ":10.116283096574,"PE_TTM_SQ":5.931886954105,"PB_TTM_SQ":0.499055811426,"ROA_SQ":4.262298085394,"START_DATE":"2022-01-01 00:00:00","FISCAL_YEAR":"12-31","CURRENCY":"HKD","IS_CNY_CODE":0,"DPS_HKD_LY":0.8,"ORG_TYPE":"一般企业","PREMIUM_INCOME":null,"PREMIUM_INCOME_YOY":null,"NET_INTEREST_INCOME":null,"NET_INTEREST_INCOME_YOY":null,"FEE_COMMISSION_INCOME":null,"FEE_COMMISSION_INCOME_YOY":null,"ACCOUNTS_RECE_TDAYS":1.669599656599,"INVENTORY_TDAYS":4.37931055831,"CURRENT_ASSETS_TDAYS":0.911975808088,"TOTAL_ASSETS_TDAYS":0.660938200094,"PREMIUM_EXPENSE":null,"LOAN_DEPOSIT":null,"LOAN_EQUITY":null,"LOAN_ASSETS":null,"DEPOSIT_EQUITY":null,"DEPOSIT_ASSETS":null,"EQUITY_MULTIPLIER":2.774971059954,"EQUITY_RATIO":1.775342126752},{"SECUCODE":"00098.HK","SECURITY_CODE":"00098","SECURITY_NAME_ABBR":"兴发铝业","ORG_CODE":"10118736","STD_REPORT_DATE":"2021-12-31 00:00:00","REPORT_DATE":"2021-12-31 00:00:00","DATE_TYPE_CODE":"001","REPORT_TYPE":"2021年年报","PER_NETCASH_OPERATE":3.178323365276,"PER_OI":36.789117685114,"BPS":10.648641915426,"BASIC_EPS":2.12,"DILUTED_EPS":2.11,"OPERATE_INCOME":15432900000,"OPERATE_INCOME_YOY":29.8315737156,"GROSS_PROFIT":1811844000,"GROSS_PROFIT_YOY":11.195708408948,"HOLDER_PROFIT":887800000,"HOLDER_PROFIT_YOY":15.9939115608,"GROSS_PROFIT_RATIO":11.740139571953,"EPS_TTM":2.116347457759,"OPERATE_INCOME_QOQ":10.18834310729,"NET_PROFIT_RATIO":5.7482197124,"ROE_AVG":21.715802808378,"GROSS_PROFIT_QOQ":0.111779010189,"ROA":8.977538911559,"HOLDER_PROFIT_QOQ":-1.480784425131,"ROE_YEARLY":21.715802808378,"ROIC_YEARLY":10.074510297436,"TOTAL_ASSETS":11342188000,"TOTAL_LIABILITIES":6862788000,"TAX_EBT":15.929097868558,"OCF_SALES":8.639303047386,"TOTAL_PARENT_EQUITY":4479342000,"DEBT_ASSET_RATIO":60.5067382061,"OPERATE_PROFIT":1149721000,"PRETAX_PROFIT":1055201000,"NETCASH_OPERATE":1333295000,"NETCASH_INVEST":-604818000,"NETCASH_FINANCE":408778000,"END_CASH":1643133000,"DIVI_RATIO":0.274048005621,"DIVIDEND_RATE":9.116809116809,"CURRENT_RATIO":1.482231284564,"COMMON_ACS":1000000000,"CURRENTDEBT_DEBT":80.770162213957,"ISSUED_COMMON_SHARES":420649134,"HK_COMMON_SHARES":420649134,"PER_SHARES":1000,"TOTAL_MARKET_CAP":2952956920.68,"HKSK_MARKET_CAP":2952956920.68,"PE_TTM":2.897024209949,"PB_TTM":0.494235679526,"REPORT_DATE_SQ":"2020-12-31 00:00:00","REPORT_TYPE_SQ":"2020年年报","OPERATE_INCOME_SQ":11886862000,"DPS_HKD":0.64,"OPERATE_INCOME_QOQ_SQ":9.530862086171,"NET_PROFIT_RATIO_SQ":6.4058874411,"HOLDER_PROFIT_SQ":765385000,"HOLDER_PROFIT_QOQ_SQ":23.015860259987,"ROE_AVG_SQ":22.726803708158,"PE_TTM_SQ":5.931886954105,"PB_TTM_SQ":0.499055811426,"ROA_SQ":9.450684555243,"START_DATE":"2021-01-01 00:00:00","FISCAL_YEAR":"12-31","CURRENCY":"HKD","IS_CNY_CODE":0,"DPS_HKD_LY":0.36,"ORG_TYPE":"一般企业","PREMIUM_INCOME":null,"PREMIUM_INCOME_YOY":null,"NET_INTEREST_INCOME":null,"NET_INTEREST_INCOME_YOY":null,"FEE_COMMISSION_INCOME":null,"FEE_COMMISSION_INCOME_YOY":null,"ACCOUNTS_RECE_TDAYS":3.757902164856,"INVENTORY_TDAYS":9.963066367749,"CURRENT_ASSETS_TDAYS":2.219206636755,"TOTAL_ASSETS_TDAYS":1.560593154632,"PREMIUM_EXPENSE":null,"LOAN_DEPOSIT":null,"LOAN_EQUITY":null,"LOAN_ASSETS":null,"DEPOSIT_EQUITY":null,"DEPOSIT_ASSETS":null,"EQUITY_MULTIPLIER":2.532077510383,"EQUITY_RATIO":1.532097348227},{"SECUCODE":"00098.HK","SECURITY_CODE":"00098","SECURITY_NAME_ABBR":"兴发铝业","ORG_CODE":"10118736","STD_REPORT_DATE":"2021-06-30 00:00:00","REPORT_DATE":"2021-06-30 00:00:00","DATE_TYPE_CODE":"002","REPORT_TYPE":"2021年中报","PER_NETCASH_OPERATE":1.201490548003,"PER_OI":15.84899812652,"BPS":9.470814695651,"BASIC_EPS":0.93,"DILUTED_EPS":0.93,"OPERATE_INCOME":6645617000,"OPERATE_INCOME_YOY":46.8141417163,"GROSS_PROFIT":756659000,"GROSS_PROFIT_YOY":31.305823616893,"HOLDER_PROFIT":388520000,"HOLDER_PROFIT_YOY":53.7104220983,"GROSS_PROFIT_RATIO":11.385835205369,"EPS_TTM":2.149120174654,"OPERATE_INCOME_QOQ":17.826958872745,"NET_PROFIT_RATIO":5.8293609156,"ROE_AVG":10.116283096574,"GROSS_PROFIT_QOQ":11.071553725592,"ROA":4.262298085394,"HOLDER_PROFIT_QOQ":17.737347870679,"ROE_YEARLY":20.232566193148,"ROIC_YEARLY":9.405473921912,"TOTAL_ASSETS":9794480000,"TOTAL_LIABILITIES":5810972000,"TAX_EBT":12.590535155845,"OCF_SALES":7.580861190165,"TOTAL_PARENT_EQUITY":3983890000,"DEBT_ASSET_RATIO":59.3290506489,"OPERATE_PROFIT":476818000,"PRETAX_PROFIT":443198000,"NETCASH_OPERATE":503795000,"NETCASH_INVEST":-297945000,"NETCASH_FINANCE":489310000,"END_CASH":1197399000,"DIVI_RATIO":0.269868947693,"DIVIDEND_RATE":9.116809116809,"CURRENT_RATIO":1.396135687811,"COMMON_ACS":1000000000,"CURRENTDEBT_DEBT":85.672896031852,"ISSUED_COMMON_SHARES":420649134,"HK_COMMON_SHARES":420649134,"PER_SHARES":1000,"TOTAL_MARKET_CAP":2952956920.68,"HKSK_MARKET_CAP":2952956920.68,"PE_TTM":2.897024209949,"PB_TTM":0.494235679526,"REPORT_DATE_SQ":"2020-06-30 00:00:00","REPORT_TYPE_SQ":"2020年中报","OPERATE_INCOME_SQ":4526551000,"DPS_HKD":0.64,"OPERATE_INCOME_QOQ_SQ":-3.796922004445,"NET_PROFIT_RATIO_SQ":5.5360472024,"HOLDER_PROFIT_SQ":252761000,"HOLDER_PROFIT_QOQ_SQ":2.652163224767,"ROE_AVG_SQ":8.062396244028,"PE_TTM_SQ":5.931886954105,"PB_TTM_SQ":0.499055811426,"ROA_SQ":3.260792721944,"START_DATE":"2021-01-01 00:00:00","FISCAL_YEAR":"12-31","CURRENCY":"HKD","IS_CNY_CODE":0,"DPS_HKD_LY":0.36,"ORG_TYPE":"一般企业","PREMIUM_INCOME":null,"PREMIUM_INCOME_YOY":null,"NET_INTEREST_INCOME":null,"NET_INTEREST_INCOME_YOY":null,"FEE_COMMISSION_INCOME":null,"FEE_COMMISSION_INCOME_YOY":null,"ACCOUNTS_RECE_TDAYS":1.678548736981,"INVENTORY_TDAYS":4.904168989758,"CURRENT_ASSETS_TDAYS":1.051279566866,"TOTAL_ASSETS_TDAYS":0.729064156681,"PREMIUM_EXPENSE":null,"LOAN_DEPOSIT":null,"LOAN_EQUITY":null,"LOAN_ASSETS":null,"DEPOSIT_EQUITY":null,"DEPOSIT_ASSETS":null,"EQUITY_MULTIPLIER":2.458757456993,"EQUITY_RATIO":1.458617582313},{"SECUCODE":"00098.HK","SECURITY_CODE":"00098","SECURITY_NAME_ABBR":"兴发铝业","ORG_CODE":"10118736","STD_REPORT_DATE":"2020-12-31 00:00:00","REPORT_DATE":"2020-12-31 00:00:00","DATE_TYPE_CODE":"001","REPORT_TYPE":"2020年年报","PER_NETCASH_OPERATE":2.328323464927,"PER_OI":28.43282985886,"BPS":8.789253801245,"BASIC_EPS":1.83,"DILUTED_EPS":1.83,"OPERATE_INCOME":11886862000,"OPERATE_INCOME_YOY":5.372060682,"GROSS_PROFIT":1629419000,"GROSS_PROFIT_YOY":9.370779668844,"HOLDER_PROFIT":765385000,"HOLDER_PROFIT_YOY":26.2784416664,"GROSS_PROFIT_RATIO":13.707730433818,"EPS_TTM":1.830765889393,"OPERATE_INCOME_QOQ":9.530862086171,"NET_PROFIT_RATIO":6.4058874411,"ROE_AVG":22.726803708158,"GROSS_PROFIT_QOQ":13.355224025963,"ROA":9.450684555243,"HOLDER_PROFIT_QOQ":23.015860259987,"ROE_YEARLY":22.726803708158,"ROIC_YEARLY":10.098411303001,"TOTAL_ASSETS":8436061000,"TOTAL_LIABILITIES":4738128000,"TAX_EBT":12.817891212853,"OCF_SALES":8.188855898218,"TOTAL_PARENT_EQUITY":3697192000,"DEBT_ASSET_RATIO":56.1651699768,"OPERATE_PROFIT":966665000,"PRETAX_PROFIT":873412000,"NETCASH_OPERATE":973398000,"NETCASH_INVEST":-209973000,"NETCASH_FINANCE":-781450000,"END_CASH":509639000,"DIVI_RATIO":0.316796813487,"DIVIDEND_RATE":9.116809116809,"CURRENT_RATIO":1.297520889098,"COMMON_ACS":1000000000,"CURRENTDEBT_DEBT":92.591356755242,"ISSUED_COMMON_SHARES":420649134,"HK_COMMON_SHARES":420649134,"PER_SHARES":1000,"TOTAL_MARKET_CAP":2952956920.68,"HKSK_MARKET_CAP":2952956920.68,"PE_TTM":2.897024209949,"PB_TTM":0.494235679526,"REPORT_DATE_SQ":"2019-12-31 00:00:00","REPORT_TYPE_SQ":"2019年年报","OPERATE_INCOME_SQ":11280848000,"DPS_HKD":0.64,"OPERATE_INCOME_QOQ_SQ":4.108804718654,"NET_PROFIT_RATIO_SQ":5.3418501871,"HOLDER_PROFIT_SQ":606109000,"HOLDER_PROFIT_QOQ_SQ":9.444677178207,"ROE_AVG_SQ":21.871538644046,"PE_TTM_SQ":5.931886954105,"PB_TTM_SQ":0.499055811426,"ROA_SQ":8.152174534376,"START_DATE":"2020-01-01 00:00:00","FISCAL_YEAR":"12-31","CURRENCY":"HKD","IS_CNY_CODE":0,"DPS_HKD_LY":0.28,"ORG_TYPE":"一般企业","PREMIUM_INCOME":null,"PREMIUM_INCOME_YOY":null,"NET_INTEREST_INCOME":null,"NET_INTEREST_INCOME_YOY":null,"FEE_COMMISSION_INCOME":null,"FEE_COMMISSION_INCOME_YOY":null,"ACCOUNTS_RECE_TDAYS":3.575233184637,"INVENTORY_TDAYS":8.594847168817,"CURRENT_ASSETS_TDAYS":2.204266706573,"TOTAL_ASSETS_TDAYS":1.467744770458,"PREMIUM_EXPENSE":null,"LOAN_DEPOSIT":null,"LOAN_EQUITY":null,"LOAN_ASSETS":null,"DEPOSIT_EQUITY":null,"DEPOSIT_ASSETS":null,"EQUITY_MULTIPLIER":2.281290926578,"EQUITY_RATIO":1.28154772595},{"SECUCODE":"00098.HK","SECURITY_CODE":"00098","SECURITY_NAME_ABBR":"兴发铝业","ORG_CODE":"10118736","STD_REPORT_DATE":"2020-06-30 00:00:00","REPORT_DATE":"2020-06-30 00:00:00","DATE_TYPE_CODE":"002","REPORT_TYPE":"2020年中报","PER_NETCASH_OPERATE":0.497803827751,"PER_OI":10.82906937799,"BPS":7.682854281117,"BASIC_EPS":0.6,"DILUTED_EPS":0.6,"OPERATE_INCOME":4526551000,"OPERATE_INCOME_YOY":-8.6445150191,"GROSS_PROFIT":576257000,"GROSS_PROFIT_YOY":-8.330416910586,"HOLDER_PROFIT":252761000,"HOLDER_PROFIT_YOY":6.7916987063,"GROSS_PROFIT_RATIO":12.730597755333,"EPS_TTM":1.4884784689,"OPERATE_INCOME_QOQ":-3.796922004445,"NET_PROFIT_RATIO":5.5360472024,"ROE_AVG":8.062396244028,"GROSS_PROFIT_QOQ":-3.515007262661,"ROA":3.260792721944,"HOLDER_PROFIT_QOQ":2.652163224767,"ROE_YEARLY":16.124792488056,"ROIC_YEARLY":7.007643335765,"TOTAL_ASSETS":7741650000,"TOTAL_LIABILITIES":4507366000,"TAX_EBT":6.165701832561,"OCF_SALES":4.596921585552,"TOTAL_PARENT_EQUITY":3231786000,"DEBT_ASSET_RATIO":58.2222911137,"OPERATE_PROFIT":315296000,"PRETAX_PROFIT":267058000,"NETCASH_OPERATE":208082000,"NETCASH_INVEST":-130122000,"NETCASH_FINANCE":-62235000,"END_CASH":544262000,"DIVI_RATIO":0.389646751443,"DIVIDEND_RATE":9.116809116809,"CURRENT_RATIO":1.227114360779,"COMMON_ACS":1000000000,"CURRENTDEBT_DEBT":92.390788766654,"ISSUED_COMMON_SHARES":420649134,"HK_COMMON_SHARES":420649134,"PER_SHARES":1000,"TOTAL_MARKET_CAP":2952956920.68,"HKSK_MARKET_CAP":2952956920.68,"PE_TTM":2.897024209949,"PB_TTM":0.494235679526,"REPORT_DATE_SQ":"2019-06-30 00:00:00","REPORT_TYPE_SQ":"2019年中报","OPERATE_INCOME_SQ":4954876000,"DPS_HKD":0.64,"OPERATE_INCOME_QOQ_SQ":9.180456842383,"NET_PROFIT_RATIO_SQ":4.7320659488,"HOLDER_PROFIT_SQ":236686000,"HOLDER_PROFIT_QOQ_SQ":11.827635644044,"ROE_AVG_SQ":9.151902534786,"PE_TTM_SQ":5.931886954105,"PB_TTM_SQ":0.499055811426,"ROA_SQ":3.236335297332,"START_DATE":"2020-01-01 00:00:00","FISCAL_YEAR":"12-31","CURRENCY":"HKD","IS_CNY_CODE":0,"DPS_HKD_LY":0.28,"ORG_TYPE":"一般企业","PREMIUM_INCOME":null,"PREMIUM_INCOME_YOY":null,"NET_INTEREST_INCOME":null,"NET_INTEREST_INCOME_YOY":null,"FEE_COMMISSION_INCOME":null,"FEE_COMMISSION_INCOME_YOY":null,"ACCOUNTS_RECE_TDAYS":1.45412412937,"INVENTORY_TDAYS":3.274570089236,"CURRENT_ASSETS_TDAYS":0.887284570312,"TOTAL_ASSETS_TDAYS":0.583956565938,"PREMIUM_EXPENSE":null,"LOAN_DEPOSIT":null,"LOAN_EQUITY":null,"LOAN_ASSETS":null,"DEPOSIT_EQUITY":null,"DEPOSIT_ASSETS":null,"EQUITY_MULTIPLIER":2.393620968353,"EQUITY_RATIO":1.394698163802}],"count":37},"success":true,"message":"ok","code":0}