{"version":"167b81cc2aa16876d3e793f3ba298534","result":{"pages":4,"data":[{"SECUCODE":"00090.HK","SECURITY_CODE":"00090","SECURITY_NAME_ABBR":"普星能量","ORG_CODE":"10134777","STD_REPORT_DATE":"2024-06-30 00:00:00","REPORT_DATE":"2024-06-30 00:00:00","DATE_TYPE_CODE":"002","REPORT_TYPE":"2024年中报","PER_NETCASH_OPERATE":0.196982119494,"PER_OI":0.453996947231,"BPS":1.86021805495,"BASIC_EPS":0.08,"DILUTED_EPS":0.08,"OPERATE_INCOME":208203000,"OPERATE_INCOME_YOY":-10.2619692085,"GROSS_PROFIT":153369000,"GROSS_PROFIT_YOY":1.451969253972,"HOLDER_PROFIT":36837000,"HOLDER_PROFIT_YOY":15.3246509298,"GROSS_PROFIT_RATIO":73.663203700235,"EPS_TTM":0.165148277366,"OPERATE_INCOME_QOQ":-4.63652119725,"NET_PROFIT_RATIO":17.6918680326,"ROE_AVG":4.413662380049,"GROSS_PROFIT_QOQ":0.727194420978,"ROA":1.978823148959,"HOLDER_PROFIT_QOQ":6.909742807939,"ROE_YEARLY":8.827324760098,"ROIC_YEARLY":4.314120232518,"TOTAL_ASSETS":1993493000,"TOTAL_LIABILITIES":1140416000,"TAX_EBT":32.476031603454,"OCF_SALES":43.388423797928,"TOTAL_PARENT_EQUITY":853096000,"DEBT_ASSET_RATIO":57.2069227231,"OPERATE_PROFIT":69574000,"PRETAX_PROFIT":54551000,"NETCASH_OPERATE":90336000,"NETCASH_INVEST":-71000000,"NETCASH_FINANCE":26902000,"END_CASH":176957000,"DIVI_RATIO":null,"DIVIDEND_RATE":null,"CURRENT_RATIO":0.47625174242,"COMMON_ACS":1000000000,"CURRENTDEBT_DEBT":56.363993490095,"ISSUED_COMMON_SHARES":458600000,"HK_COMMON_SHARES":458600000,"PER_SHARES":2000,"TOTAL_MARKET_CAP":265988000,"HKSK_MARKET_CAP":265988000,"PE_TTM":3.170697776914,"PB_TTM":0.284565779045,"REPORT_DATE_SQ":"2023-06-30 00:00:00","REPORT_TYPE_SQ":"2023年中报","OPERATE_INCOME_SQ":232012000,"DPS_HKD":null,"OPERATE_INCOME_QOQ_SQ":-14.760383216935,"NET_PROFIT_RATIO_SQ":13.7665293174,"HOLDER_PROFIT_SQ":31942000,"HOLDER_PROFIT_QOQ_SQ":0.373565431718,"ROE_AVG_SQ":4.196566755918,"PE_TTM_SQ":2.966255734609,"PB_TTM_SQ":0.195798610097,"ROA_SQ":1.788940124944,"START_DATE":"2024-01-01 00:00:00","FISCAL_YEAR":"12-31","CURRENCY":"HKD","IS_CNY_CODE":0,"DPS_HKD_LY":null,"ORG_TYPE":"一般企业","PREMIUM_INCOME":null,"PREMIUM_INCOME_YOY":null,"NET_INTEREST_INCOME":null,"NET_INTEREST_INCOME_YOY":null,"FEE_COMMISSION_INCOME":null,"FEE_COMMISSION_INCOME_YOY":null,"ACCOUNTS_RECE_TDAYS":3.139677441245,"INVENTORY_TDAYS":0.93656486985,"CURRENT_ASSETS_TDAYS":0.747051932278,"TOTAL_ASSETS_TDAYS":0.111843232642,"PREMIUM_EXPENSE":null,"LOAN_DEPOSIT":null,"LOAN_EQUITY":null,"LOAN_ASSETS":null,"DEPOSIT_EQUITY":null,"DEPOSIT_ASSETS":null,"EQUITY_MULTIPLIER":2.33682657017,"EQUITY_RATIO":1.336796796609},{"SECUCODE":"00090.HK","SECURITY_CODE":"00090","SECURITY_NAME_ABBR":"普星能量","ORG_CODE":"10134777","STD_REPORT_DATE":"2023-12-31 00:00:00","REPORT_DATE":"2023-12-31 00:00:00","DATE_TYPE_CODE":"001","REPORT_TYPE":"2023年年报","PER_NETCASH_OPERATE":0.376301788051,"PER_OI":1.119733972961,"BPS":1.779611862189,"BASIC_EPS":0.154,"DILUTED_EPS":0.154,"OPERATE_INCOME":513510000,"OPERATE_INCOME_YOY":-31.8325729085,"GROSS_PROFIT":301845000,"GROSS_PROFIT_YOY":6.287567476205,"HOLDER_PROFIT":70842000,"HOLDER_PROFIT_YOY":36.4130016175,"GROSS_PROFIT_RATIO":58.780744289303,"EPS_TTM":0.154474487571,"OPERATE_INCOME_QOQ":-20.02846837643,"NET_PROFIT_RATIO":13.7952522833,"ROE_AVG":9.076402212663,"GROSS_PROFIT_QOQ":3.497757540015,"ROA":4.037341505053,"HOLDER_PROFIT_QOQ":35.905306373019,"ROE_YEARLY":9.076402212663,"ROIC_YEARLY":4.307524486801,"TOTAL_ASSETS":1729629000,"TOTAL_LIABILITIES":913516000,"TAX_EBT":34.186199912669,"OCF_SALES":33.606356254017,"TOTAL_PARENT_EQUITY":816130000,"DEBT_ASSET_RATIO":52.8157194404,"OPERATE_PROFIT":140772000,"PRETAX_PROFIT":107637000,"NETCASH_OPERATE":172572000,"NETCASH_INVEST":-4948000,"NETCASH_FINANCE":-126336000,"END_CASH":130719000,"DIVI_RATIO":null,"DIVIDEND_RATE":null,"CURRENT_RATIO":0.468554145199,"COMMON_ACS":1000000000,"CURRENTDEBT_DEBT":58.704062107287,"ISSUED_COMMON_SHARES":458600000,"HK_COMMON_SHARES":458600000,"PER_SHARES":2000,"TOTAL_MARKET_CAP":293504000,"HKSK_MARKET_CAP":293504000,"PE_TTM":3.498700995215,"PB_TTM":0.314003618256,"REPORT_DATE_SQ":"2022-12-31 00:00:00","REPORT_TYPE_SQ":"2022年年报","OPERATE_INCOME_SQ":753307000,"DPS_HKD":null,"OPERATE_INCOME_QOQ_SQ":13.046185983484,"NET_PROFIT_RATIO_SQ":6.893603803,"HOLDER_PROFIT_SQ":51932000,"HOLDER_PROFIT_QOQ_SQ":-32.577734501785,"ROE_AVG_SQ":7.095742376948,"PE_TTM_SQ":3.254641708807,"PB_TTM_SQ":0.214834586079,"ROA_SQ":2.854930530225,"START_DATE":"2023-01-01 00:00:00","FISCAL_YEAR":"12-31","CURRENCY":"HKD","IS_CNY_CODE":0,"DPS_HKD_LY":0.026,"ORG_TYPE":"一般企业","PREMIUM_INCOME":null,"PREMIUM_INCOME_YOY":null,"NET_INTEREST_INCOME":null,"NET_INTEREST_INCOME_YOY":null,"FEE_COMMISSION_INCOME":null,"FEE_COMMISSION_INCOME_YOY":null,"ACCOUNTS_RECE_TDAYS":7.551451070932,"INVENTORY_TDAYS":3.616196130355,"CURRENT_ASSETS_TDAYS":2.17028938037,"TOTAL_ASSETS_TDAYS":0.29265340282,"PREMIUM_EXPENSE":null,"LOAN_DEPOSIT":null,"LOAN_EQUITY":null,"LOAN_ASSETS":null,"DEPOSIT_EQUITY":null,"DEPOSIT_ASSETS":null,"EQUITY_MULTIPLIER":2.119349893948,"EQUITY_RATIO":1.119326577874},{"SECUCODE":"00090.HK","SECURITY_CODE":"00090","SECURITY_NAME_ABBR":"普星能量","ORG_CODE":"10134777","STD_REPORT_DATE":"2023-06-30 00:00:00","REPORT_DATE":"2023-06-30 00:00:00","DATE_TYPE_CODE":"002","REPORT_TYPE":"2023年中报","PER_NETCASH_OPERATE":0.178009158308,"PER_OI":0.50591365024,"BPS":1.69517444396,"BASIC_EPS":0.07,"DILUTED_EPS":0.07,"OPERATE_INCOME":232012000,"OPERATE_INCOME_YOY":-32.3980268238,"GROSS_PROFIT":151174000,"GROSS_PROFIT_YOY":5.333788557613,"HOLDER_PROFIT":31942000,"HOLDER_PROFIT_YOY":0.6110621141,"GROSS_PROFIT_RATIO":65.157836663621,"EPS_TTM":0.113663323157,"OPERATE_INCOME_QOQ":-14.760383216935,"NET_PROFIT_RATIO":13.7665293174,"ROE_AVG":4.196566755918,"GROSS_PROFIT_QOQ":2.695526939424,"ROA":1.788940124944,"HOLDER_PROFIT_QOQ":0.373565431718,"ROE_YEARLY":8.393133511836,"ROIC_YEARLY":3.824956337277,"TOTAL_ASSETS":1791343000,"TOTAL_LIABILITIES":1013953000,"TAX_EBT":34.941133336049,"OCF_SALES":35.185680051032,"TOTAL_PARENT_EQUITY":777407000,"DEBT_ASSET_RATIO":56.6029509703,"OPERATE_PROFIT":70079000,"PRETAX_PROFIT":49094000,"NETCASH_OPERATE":81635000,"NETCASH_INVEST":-3132000,"NETCASH_FINANCE":-26658000,"END_CASH":141276000,"DIVI_RATIO":null,"DIVIDEND_RATE":null,"CURRENT_RATIO":0.357269689007,"COMMON_ACS":1000000000,"CURRENTDEBT_DEBT":77.315220725221,"ISSUED_COMMON_SHARES":458600000,"HK_COMMON_SHARES":458600000,"PER_SHARES":2000,"TOTAL_MARKET_CAP":293504000,"HKSK_MARKET_CAP":293504000,"PE_TTM":3.498700995215,"PB_TTM":0.314003618256,"REPORT_DATE_SQ":"2022-06-30 00:00:00","REPORT_TYPE_SQ":"2022年中报","OPERATE_INCOME_SQ":343203000,"DPS_HKD":null,"OPERATE_INCOME_QOQ_SQ":10.771427574043,"NET_PROFIT_RATIO_SQ":9.2499191441,"HOLDER_PROFIT_SQ":31748000,"HOLDER_PROFIT_QOQ_SQ":-25.812665542981,"ROE_AVG_SQ":4.398929780344,"PE_TTM_SQ":3.254641708807,"PB_TTM_SQ":0.214834586079,"ROA_SQ":1.714370107494,"START_DATE":"2023-01-01 00:00:00","FISCAL_YEAR":"12-31","CURRENCY":"HKD","IS_CNY_CODE":0,"DPS_HKD_LY":0.026,"ORG_TYPE":"一般企业","PREMIUM_INCOME":null,"PREMIUM_INCOME_YOY":null,"NET_INTEREST_INCOME":null,"NET_INTEREST_INCOME_YOY":null,"FEE_COMMISSION_INCOME":null,"FEE_COMMISSION_INCOME_YOY":null,"ACCOUNTS_RECE_TDAYS":3.010562375107,"INVENTORY_TDAYS":1.379664632846,"CURRENT_ASSETS_TDAYS":0.924306407662,"TOTAL_ASSETS_TDAYS":0.129940384531,"PREMIUM_EXPENSE":null,"LOAN_DEPOSIT":null,"LOAN_EQUITY":null,"LOAN_ASSETS":null,"DEPOSIT_EQUITY":null,"DEPOSIT_ASSETS":null,"EQUITY_MULTIPLIER":2.304304145924,"EQUITY_RATIO":1.304275623965},{"SECUCODE":"00090.HK","SECURITY_CODE":"00090","SECURITY_NAME_ABBR":"普星能量","ORG_CODE":"10134777","STD_REPORT_DATE":"2022-12-31 00:00:00","REPORT_DATE":"2022-12-31 00:00:00","DATE_TYPE_CODE":"001","REPORT_TYPE":"2022年年报","PER_NETCASH_OPERATE":0.258763628434,"PER_OI":1.642623201047,"BPS":1.624258613171,"BASIC_EPS":0.113,"DILUTED_EPS":0.113,"OPERATE_INCOME":753307000,"OPERATE_INCOME_YOY":25.2228740319,"GROSS_PROFIT":283989000,"GROSS_PROFIT_YOY":-23.906787563101,"HOLDER_PROFIT":51932000,"HOLDER_PROFIT_YOY":-49.9812183963,"GROSS_PROFIT_RATIO":37.698972663204,"EPS_TTM":0.113240296555,"OPERATE_INCOME_QOQ":13.046185983484,"NET_PROFIT_RATIO":6.893603803,"ROE_AVG":7.095742376948,"GROSS_PROFIT_QOQ":-13.321531582401,"ROA":2.854930530225,"HOLDER_PROFIT_QOQ":-32.577734501785,"ROE_YEARLY":7.095742376948,"ROIC_YEARLY":2.990986207034,"TOTAL_ASSETS":1779710000,"TOTAL_LIABILITIES":1034840000,"TAX_EBT":32.186789939669,"OCF_SALES":15.753072784403,"TOTAL_PARENT_EQUITY":744885000,"DEBT_ASSET_RATIO":58.1465519663,"OPERATE_PROFIT":119561000,"PRETAX_PROFIT":76578000,"NETCASH_OPERATE":118669000,"NETCASH_INVEST":-11344000,"NETCASH_FINANCE":-93981000,"END_CASH":89431000,"DIVI_RATIO":null,"DIVIDEND_RATE":null,"CURRENT_RATIO":0.439674640845,"COMMON_ACS":1000000000,"CURRENTDEBT_DEBT":48.780101271694,"ISSUED_COMMON_SHARES":458600000,"HK_COMMON_SHARES":458600000,"PER_SHARES":2000,"TOTAL_MARKET_CAP":293504000,"HKSK_MARKET_CAP":293504000,"PE_TTM":3.498700995215,"PB_TTM":0.314003618256,"REPORT_DATE_SQ":"2021-12-31 00:00:00","REPORT_TYPE_SQ":"2021年年报","OPERATE_INCOME_SQ":601573000,"DPS_HKD":null,"OPERATE_INCOME_QOQ_SQ":1.256164683308,"NET_PROFIT_RATIO_SQ":17.2534339141,"HOLDER_PROFIT_SQ":103825000,"HOLDER_PROFIT_QOQ_SQ":-16.423833596291,"ROE_AVG_SQ":15.156204153669,"PE_TTM_SQ":3.254641708807,"PB_TTM_SQ":0.214834586079,"ROA_SQ":5.471139836169,"START_DATE":"2022-01-01 00:00:00","FISCAL_YEAR":"12-31","CURRENCY":"HKD","IS_CNY_CODE":0,"DPS_HKD_LY":0.056,"ORG_TYPE":"一般企业","PREMIUM_INCOME":null,"PREMIUM_INCOME_YOY":null,"NET_INTEREST_INCOME":null,"NET_INTEREST_INCOME_YOY":null,"FEE_COMMISSION_INCOME":null,"FEE_COMMISSION_INCOME_YOY":null,"ACCOUNTS_RECE_TDAYS":8.985590743723,"INVENTORY_TDAYS":7.991724208393,"CURRENT_ASSETS_TDAYS":3.34328364833,"TOTAL_ASSETS_TDAYS":0.414126001874,"PREMIUM_EXPENSE":null,"LOAN_DEPOSIT":null,"LOAN_EQUITY":null,"LOAN_ASSETS":null,"DEPOSIT_EQUITY":null,"DEPOSIT_ASSETS":null,"EQUITY_MULTIPLIER":2.389289406203,"EQUITY_RATIO":1.389261429617},{"SECUCODE":"00090.HK","SECURITY_CODE":"00090","SECURITY_NAME_ABBR":"普星能量","ORG_CODE":"10134777","STD_REPORT_DATE":"2022-06-30 00:00:00","REPORT_DATE":"2022-06-30 00:00:00","DATE_TYPE_CODE":"002","REPORT_TYPE":"2022年中报","PER_NETCASH_OPERATE":0.156969036197,"PER_OI":0.748371129525,"BPS":1.579973833406,"BASIC_EPS":0.069,"DILUTED_EPS":0.069,"OPERATE_INCOME":343203000,"OPERATE_INCOME_YOY":23.2747256694,"GROSS_PROFIT":143519000,"GROSS_PROFIT_YOY":-21.935631258601,"HOLDER_PROFIT":31748000,"HOLDER_PROFIT_YOY":-45.7744073239,"GROSS_PROFIT_RATIO":40.288109369673,"EPS_TTM":0.16795682512,"OPERATE_INCOME_QOQ":10.771427574043,"NET_PROFIT_RATIO":9.2499191441,"ROE_AVG":4.398929780344,"GROSS_PROFIT_QOQ":-12.212093930527,"ROA":1.714370107494,"HOLDER_PROFIT_QOQ":-25.812665542981,"ROE_YEARLY":8.797859560689,"ROIC_YEARLY":3.643364971401,"TOTAL_ASSETS":1845404000,"TOTAL_LIABILITIES":1120843000,"TAX_EBT":39.307154054984,"OCF_SALES":20.974758379152,"TOTAL_PARENT_EQUITY":724576000,"DEBT_ASSET_RATIO":60.7369985109,"OPERATE_PROFIT":70657000,"PRETAX_PROFIT":52306000,"NETCASH_OPERATE":71986000,"NETCASH_INVEST":-4233000,"NETCASH_FINANCE":-1717000,"END_CASH":142123000,"DIVI_RATIO":null,"DIVIDEND_RATE":null,"CURRENT_RATIO":0.545551175414,"COMMON_ACS":1000000000,"CURRENTDEBT_DEBT":43.227285177317,"ISSUED_COMMON_SHARES":458600000,"HK_COMMON_SHARES":458600000,"PER_SHARES":2000,"TOTAL_MARKET_CAP":293504000,"HKSK_MARKET_CAP":293504000,"PE_TTM":3.498700995215,"PB_TTM":0.314003618256,"REPORT_DATE_SQ":"2021-06-30 00:00:00","REPORT_TYPE_SQ":"2021年中报","OPERATE_INCOME_SQ":278405000,"DPS_HKD":null,"OPERATE_INCOME_QOQ_SQ":2.390390183372,"NET_PROFIT_RATIO_SQ":21.0179414881,"HOLDER_PROFIT_SQ":58548000,"HOLDER_PROFIT_QOQ_SQ":0.030598276834,"ROE_AVG_SQ":8.848887427878,"PE_TTM_SQ":3.254641708807,"PB_TTM_SQ":0.214834586079,"ROA_SQ":3.072011081655,"START_DATE":"2022-01-01 00:00:00","FISCAL_YEAR":"12-31","CURRENCY":"HKD","IS_CNY_CODE":0,"DPS_HKD_LY":0.056,"ORG_TYPE":"一般企业","PREMIUM_INCOME":null,"PREMIUM_INCOME_YOY":null,"NET_INTEREST_INCOME":null,"NET_INTEREST_INCOME_YOY":null,"FEE_COMMISSION_INCOME":null,"FEE_COMMISSION_INCOME_YOY":null,"ACCOUNTS_RECE_TDAYS":4.368117602138,"INVENTORY_TDAYS":3.483240983105,"CURRENT_ASSETS_TDAYS":1.392253426853,"TOTAL_ASSETS_TDAYS":0.185327253371,"PREMIUM_EXPENSE":null,"LOAN_DEPOSIT":null,"LOAN_EQUITY":null,"LOAN_ASSETS":null,"DEPOSIT_EQUITY":null,"DEPOSIT_ASSETS":null,"EQUITY_MULTIPLIER":2.546927035819,"EQUITY_RATIO":1.546895011703},{"SECUCODE":"00090.HK","SECURITY_CODE":"00090","SECURITY_NAME_ABBR":"普星能量","ORG_CODE":"10134777","STD_REPORT_DATE":"2021-12-31 00:00:00","REPORT_DATE":"2021-12-31 00:00:00","DATE_TYPE_CODE":"001","REPORT_TYPE":"2021年年报","PER_NETCASH_OPERATE":0.368676406454,"PER_OI":1.311759703445,"BPS":1.56752289577,"BASIC_EPS":0.226,"DILUTED_EPS":0.226,"OPERATE_INCOME":601573000,"OPERATE_INCOME_YOY":3.676582104,"GROSS_PROFIT":373212000,"GROSS_PROFIT_YOY":2.268635612565,"HOLDER_PROFIT":103825000,"HOLDER_PROFIT_YOY":-16.3982607295,"GROSS_PROFIT_RATIO":62.039353494921,"EPS_TTM":0.226395551679,"OPERATE_INCOME_QOQ":1.256164683308,"NET_PROFIT_RATIO":17.2534339141,"ROE_AVG":15.156204153669,"GROSS_PROFIT_QOQ":0.204322179293,"ROA":5.471139836169,"HOLDER_PROFIT_QOQ":-16.423833596291,"ROE_YEARLY":15.156204153669,"ROIC_YEARLY":5.788448581489,"TOTAL_ASSETS":1858347000,"TOTAL_LIABILITIES":1139494000,"TAX_EBT":32.686084142395,"OCF_SALES":28.105483457536,"TOTAL_PARENT_EQUITY":718866000,"DEBT_ASSET_RATIO":61.3176118346,"OPERATE_PROFIT":202538000,"PRETAX_PROFIT":154191000,"NETCASH_OPERATE":169075000,"NETCASH_INVEST":-17568000,"NETCASH_FINANCE":-207384000,"END_CASH":76087000,"DIVI_RATIO":null,"DIVIDEND_RATE":null,"CURRENT_RATIO":0.40454941863,"COMMON_ACS":1000000000,"CURRENTDEBT_DEBT":49.61000233437,"ISSUED_COMMON_SHARES":458600000,"HK_COMMON_SHARES":458600000,"PER_SHARES":2000,"TOTAL_MARKET_CAP":293504000,"HKSK_MARKET_CAP":293504000,"PE_TTM":3.498700995215,"PB_TTM":0.314003618256,"REPORT_DATE_SQ":"2020-12-31 00:00:00","REPORT_TYPE_SQ":"2020年年报","OPERATE_INCOME_SQ":580240000,"DPS_HKD":null,"OPERATE_INCOME_QOQ_SQ":70.314687675197,"NET_PROFIT_RATIO_SQ":21.3142837447,"HOLDER_PROFIT_SQ":124190000,"HOLDER_PROFIT_QOQ_SQ":118.536636869149,"ROE_AVG_SQ":15.16845732795,"PE_TTM_SQ":3.254641708807,"PB_TTM_SQ":0.214834586079,"ROA_SQ":7.992549983203,"START_DATE":"2021-01-01 00:00:00","FISCAL_YEAR":"12-31","CURRENCY":"HKD","IS_CNY_CODE":0,"DPS_HKD_LY":0.1,"ORG_TYPE":"一般企业","PREMIUM_INCOME":null,"PREMIUM_INCOME_YOY":null,"NET_INTEREST_INCOME":null,"NET_INTEREST_INCOME_YOY":null,"FEE_COMMISSION_INCOME":null,"FEE_COMMISSION_INCOME_YOY":null,"ACCOUNTS_RECE_TDAYS":8.450601935747,"INVENTORY_TDAYS":3.876734770098,"CURRENT_ASSETS_TDAYS":2.569529040911,"TOTAL_ASSETS_TDAYS":0.317003612296,"PREMIUM_EXPENSE":null,"LOAN_DEPOSIT":null,"LOAN_EQUITY":null,"LOAN_ASSETS":null,"DEPOSIT_EQUITY":null,"DEPOSIT_ASSETS":null,"EQUITY_MULTIPLIER":2.585155796804,"EQUITY_RATIO":1.585127130787},{"SECUCODE":"00090.HK","SECURITY_CODE":"00090","SECURITY_NAME_ABBR":"普星能量","ORG_CODE":"10134777","STD_REPORT_DATE":"2021-06-30 00:00:00","REPORT_DATE":"2021-06-30 00:00:00","DATE_TYPE_CODE":"002","REPORT_TYPE":"2021年中报","PER_NETCASH_OPERATE":0.215213693851,"PER_OI":0.607075883123,"BPS":1.465514609682,"BASIC_EPS":0.128,"DILUTED_EPS":0.128,"OPERATE_INCOME":278405000,"OPERATE_INCOME_YOY":5.2431625305,"GROSS_PROFIT":183847000,"GROSS_PROFIT_YOY":1.316558101599,"HOLDER_PROFIT":58548000,"HOLDER_PROFIT_YOY":0.064946163,"GROSS_PROFIT_RATIO":67.878091269913,"EPS_TTM":0.270885303096,"OPERATE_INCOME_QOQ":2.390390183372,"NET_PROFIT_RATIO":21.0179414881,"ROE_AVG":8.848887427878,"GROSS_PROFIT_QOQ":2.060104183508,"ROA":3.072011081655,"HOLDER_PROFIT_QOQ":0.030598276834,"ROE_YEARLY":17.697774855757,"ROIC_YEARLY":6.556538074434,"TOTAL_ASSETS":1874682000,"TOTAL_LIABILITIES":1202615000,"TAX_EBT":32.20211336145,"OCF_SALES":35.450871931179,"TOTAL_PARENT_EQUITY":672085000,"DEBT_ASSET_RATIO":64.1503465654,"OPERATE_PROFIT":110849000,"PRETAX_PROFIT":86308000,"NETCASH_OPERATE":98697000,"NETCASH_INVEST":-11905000,"NETCASH_FINANCE":-110897000,"END_CASH":107859000,"DIVI_RATIO":null,"DIVIDEND_RATE":null,"CURRENT_RATIO":0.43616684561,"COMMON_ACS":1000000000,"CURRENTDEBT_DEBT":40.195158051413,"ISSUED_COMMON_SHARES":458600000,"HK_COMMON_SHARES":458600000,"PER_SHARES":2000,"TOTAL_MARKET_CAP":293504000,"HKSK_MARKET_CAP":293504000,"PE_TTM":3.498700995215,"PB_TTM":0.314003618256,"REPORT_DATE_SQ":"2020-06-30 00:00:00","REPORT_TYPE_SQ":"2020年中报","OPERATE_INCOME_SQ":264535000,"DPS_HKD":null,"OPERATE_INCOME_QOQ_SQ":16.590180316144,"NET_PROFIT_RATIO_SQ":16.3546782149,"HOLDER_PROFIT_SQ":58510000,"HOLDER_PROFIT_QOQ_SQ":3.598643672294,"ROE_AVG_SQ":3.875696078912,"PE_TTM_SQ":3.254641708807,"PB_TTM_SQ":0.214834586079,"ROA_SQ":2.530866738089,"START_DATE":"2021-01-01 00:00:00","FISCAL_YEAR":"12-31","CURRENCY":"HKD","IS_CNY_CODE":0,"DPS_HKD_LY":0.1,"ORG_TYPE":"一般企业","PREMIUM_INCOME":null,"PREMIUM_INCOME_YOY":null,"NET_INTEREST_INCOME":null,"NET_INTEREST_INCOME_YOY":null,"FEE_COMMISSION_INCOME":null,"FEE_COMMISSION_INCOME_YOY":null,"ACCOUNTS_RECE_TDAYS":6.013781334716,"INVENTORY_TDAYS":1.516118368074,"CURRENT_ASSETS_TDAYS":1.23630332406,"TOTAL_ASSETS_TDAYS":0.146078985651,"PREMIUM_EXPENSE":null,"LOAN_DEPOSIT":null,"LOAN_EQUITY":null,"LOAN_ASSETS":null,"DEPOSIT_EQUITY":null,"DEPOSIT_ASSETS":null,"EQUITY_MULTIPLIER":2.789427244602,"EQUITY_RATIO":1.78937931958},{"SECUCODE":"00090.HK","SECURITY_CODE":"00090","SECURITY_NAME_ABBR":"普星能量","ORG_CODE":"10134777","STD_REPORT_DATE":"2020-12-31 00:00:00","REPORT_DATE":"2020-12-31 00:00:00","DATE_TYPE_CODE":"001","REPORT_TYPE":"2020年年报","PER_NETCASH_OPERATE":0.395822067161,"PER_OI":1.265242040994,"BPS":1.419973833406,"BASIC_EPS":0.271,"DILUTED_EPS":0.271,"OPERATE_INCOME":580240000,"OPERATE_INCOME_YOY":25.289612389,"GROSS_PROFIT":364933000,"GROSS_PROFIT_YOY":2.669329994795,"HOLDER_PROFIT":124190000,"HOLDER_PROFIT_YOY":18.0300135907,"GROSS_PROFIT_RATIO":62.893457879498,"EPS_TTM":0.270802442215,"OPERATE_INCOME_QOQ":70.314687675197,"NET_PROFIT_RATIO":21.3142837447,"ROE_AVG":15.16845732795,"GROSS_PROFIT_QOQ":63.902125729274,"ROA":7.992549983203,"HOLDER_PROFIT_QOQ":118.536636869149,"ROE_YEARLY":15.16845732795,"ROIC_YEARLY":8.488022688494,"TOTAL_ASSETS":1937023000,"TOTAL_LIABILITIES":1285808000,"TAX_EBT":27.82459498576,"OCF_SALES":31.284296153316,"TOTAL_PARENT_EQUITY":651200000,"DEBT_ASSET_RATIO":66.3806263529,"OPERATE_PROFIT":191533000,"PRETAX_PROFIT":171352000,"NETCASH_OPERATE":181524000,"NETCASH_INVEST":-15101000,"NETCASH_FINANCE":-95830000,"END_CASH":131964000,"DIVI_RATIO":null,"DIVIDEND_RATE":null,"CURRENT_RATIO":0.527882392608,"COMMON_ACS":1000000000,"CURRENTDEBT_DEBT":35.291505419161,"ISSUED_COMMON_SHARES":458600000,"HK_COMMON_SHARES":458600000,"PER_SHARES":2000,"TOTAL_MARKET_CAP":293504000,"HKSK_MARKET_CAP":293504000,"PE_TTM":3.498700995215,"PB_TTM":0.314003618256,"REPORT_DATE_SQ":"2019-12-31 00:00:00","REPORT_TYPE_SQ":"2019年年报","OPERATE_INCOME_SQ":463119000,"DPS_HKD":null,"OPERATE_INCOME_QOQ_SQ":5.31306425629,"NET_PROFIT_RATIO_SQ":18.7711535237,"HOLDER_PROFIT_SQ":105219000,"HOLDER_PROFIT_QOQ_SQ":9.782652203498,"ROE_AVG_SQ":9.807450079071,"PE_TTM_SQ":3.254641708807,"PB_TTM_SQ":0.214834586079,"ROA_SQ":4.562086214231,"START_DATE":"2020-01-01 00:00:00","FISCAL_YEAR":"12-31","CURRENCY":"HKD","IS_CNY_CODE":0,"DPS_HKD_LY":0.04,"ORG_TYPE":"一般企业","PREMIUM_INCOME":null,"PREMIUM_INCOME_YOY":null,"NET_INTEREST_INCOME":null,"NET_INTEREST_INCOME_YOY":null,"FEE_COMMISSION_INCOME":null,"FEE_COMMISSION_INCOME_YOY":null,"ACCOUNTS_RECE_TDAYS":10.391582717708,"INVENTORY_TDAYS":5.846206063239,"CURRENT_ASSETS_TDAYS":3.341828433532,"TOTAL_ASSETS_TDAYS":0.373427586944,"PREMIUM_EXPENSE":null,"LOAN_DEPOSIT":null,"LOAN_EQUITY":null,"LOAN_ASSETS":null,"DEPOSIT_EQUITY":null,"DEPOSIT_ASSETS":null,"EQUITY_MULTIPLIER":2.974475403667,"EQUITY_RATIO":1.974520884521},{"SECUCODE":"00090.HK","SECURITY_CODE":"00090","SECURITY_NAME_ABBR":"普星能量","ORG_CODE":"10134777","STD_REPORT_DATE":"2020-06-30 00:00:00","REPORT_DATE":"2020-06-30 00:00:00","DATE_TYPE_CODE":"002","REPORT_TYPE":"2020年中报","PER_NETCASH_OPERATE":0.081094635848,"PER_OI":0.576831661579,"BPS":1.274500654165,"BASIC_EPS":0.128,"DILUTED_EPS":0.128,"OPERATE_INCOME":264535000,"OPERATE_INCOME_YOY":35.2208660273,"GROSS_PROFIT":181458000,"GROSS_PROFIT_YOY":66.956185709291,"HOLDER_PROFIT":58510000,"HOLDER_PROFIT_YOY":6.9348322501,"GROSS_PROFIT_RATIO":60.197294189708,"EPS_TTM":0.123916266899,"OPERATE_INCOME_QOQ":16.590180316144,"NET_PROFIT_RATIO":16.3546782149,"ROE_AVG":3.875696078912,"GROSS_PROFIT_QOQ":1.52849280213,"ROA":2.530866738089,"HOLDER_PROFIT_QOQ":3.598643672294,"ROE_YEARLY":7.751392157824,"ROIC_YEARLY":5.374973678274,"TOTAL_ASSETS":1234800000,"TOTAL_LIABILITIES":649783000,"TAX_EBT":30.19149316948,"OCF_SALES":19.98194693689,"TOTAL_PARENT_EQUITY":584486000,"DEBT_ASSET_RATIO":52.6225299644,"OPERATE_PROFIT":102529000,"PRETAX_PROFIT":83815000,"NETCASH_OPERATE":70372000,"NETCASH_INVEST":-5657000,"NETCASH_FINANCE":-22653000,"END_CASH":103433000,"DIVI_RATIO":null,"DIVIDEND_RATE":null,"CURRENT_RATIO":0.999408010552,"COMMON_ACS":1000000000,"CURRENTDEBT_DEBT":29.636201624235,"ISSUED_COMMON_SHARES":458600000,"HK_COMMON_SHARES":458600000,"PER_SHARES":2000,"TOTAL_MARKET_CAP":293504000,"HKSK_MARKET_CAP":293504000,"PE_TTM":3.498700995215,"PB_TTM":0.314003618256,"REPORT_DATE_SQ":"2019-06-30 00:00:00","REPORT_TYPE_SQ":"2019年中报","OPERATE_INCOME_SQ":137640000,"DPS_HKD":null,"OPERATE_INCOME_QOQ_SQ":-1.476431424767,"NET_PROFIT_RATIO_SQ":20.6807614066,"HOLDER_PROFIT_SQ":28465000,"HOLDER_PROFIT_QOQ_SQ":9.622641509434,"ROE_AVG_SQ":5.1899108061,"PE_TTM_SQ":3.254641708807,"PB_TTM_SQ":0.214834586079,"ROA_SQ":2.358175013618,"START_DATE":"2020-01-01 00:00:00","FISCAL_YEAR":"12-31","CURRENCY":"HKD","IS_CNY_CODE":0,"DPS_HKD_LY":0.04,"ORG_TYPE":"一般企业","PREMIUM_INCOME":null,"PREMIUM_INCOME_YOY":null,"NET_INTEREST_INCOME":null,"NET_INTEREST_INCOME_YOY":null,"FEE_COMMISSION_INCOME":null,"FEE_COMMISSION_INCOME_YOY":null,"ACCOUNTS_RECE_TDAYS":3.512194798125,"INVENTORY_TDAYS":5.048901005282,"CURRENT_ASSETS_TDAYS":1.240071558734,"TOTAL_ASSETS_TDAYS":0.154748794494,"PREMIUM_EXPENSE":null,"LOAN_DEPOSIT":null,"LOAN_EQUITY":null,"LOAN_ASSETS":null,"DEPOSIT_EQUITY":null,"DEPOSIT_ASSETS":null,"EQUITY_MULTIPLIER":2.11070789396,"EQUITY_RATIO":1.11171696157}],"count":35},"success":true,"message":"ok","code":0}