{"version":"b934fb14bf78a610e4d481d8698df398","result":{"pages":6,"data":[{"SECUCODE":"00099.HK","SECURITY_CODE":"00099","SECURITY_NAME_ABBR":"王氏国际","ORG_CODE":"10007381","STD_REPORT_DATE":"2024-06-30 00:00:00","REPORT_DATE":"2024-06-30 00:00:00","DATE_TYPE_CODE":"002","REPORT_TYPE":"2024年中报","PER_NETCASH_OPERATE":0.292559611831,"PER_OI":2.335477489631,"BPS":7.651901244371,"BASIC_EPS":-0.7392708,"DILUTED_EPS":-0.7392708,"OPERATE_INCOME":1117488130.04,"OPERATE_INCOME_YOY":-27.1510873465,"GROSS_PROFIT":316404251.68,"GROSS_PROFIT_YOY":-17.110105406549,"HOLDER_PROFIT":-354955854.88,"HOLDER_PROFIT_YOY":-534.975562291,"GROSS_PROFIT_RATIO":28.31388031555,"EPS_TTM":-0.624864742943,"OPERATE_INCOME_QOQ":-14.968336206298,"NET_PROFIT_RATIO":-31.763724852,"ROE_AVG":-9.166201088845,"GROSS_PROFIT_QOQ":-8.34266563458,"ROA":-5.637541437269,"HOLDER_PROFIT_QOQ":-316.026303252989,"ROE_YEARLY":-18.33240217769,"ROIC_YEARLY":-13.584763963958,"TOTAL_ASSETS":5920651904.08,"TOTAL_LIABILITIES":2259341165.36,"TAX_EBT":-4.620152202743,"OCF_SALES":12.526757938359,"TOTAL_PARENT_EQUITY":3661310738.72,"DEBT_ASSET_RATIO":38.1603445358,"OPERATE_PROFIT":-131613019.4,"PRETAX_PROFIT":-339280575.88,"NETCASH_OPERATE":139985033.04,"NETCASH_INVEST":-361157515.48,"NETCASH_FINANCE":-247307074.24,"END_CASH":386169510.88,"DIVI_RATIO":-0.083674588126,"DIVIDEND_RATE":4.637096774194,"CURRENT_RATIO":1.641674896437,"COMMON_ACS":700000000,"CURRENTDEBT_DEBT":60.947234136753,"ISSUED_COMMON_SHARES":478483794,"HK_COMMON_SHARES":478483794,"PER_SHARES":1000,"TOTAL_MARKET_CAP":593319904.56,"HKSK_MARKET_CAP":593319904.56,"PE_TTM":-1.822229982586,"PB_TTM":0.147900915584,"REPORT_DATE_SQ":"2023-06-30 00:00:00","REPORT_TYPE_SQ":"2023年中报","OPERATE_INCOME_SQ":1549611431.14,"DPS_HKD":0.0575,"OPERATE_INCOME_QOQ_SQ":6.981874524825,"NET_PROFIT_RATIO_SQ":5.3197306191,"HOLDER_PROFIT_SQ":82435153.78,"HOLDER_PROFIT_QOQ_SQ":0.731390420104,"ROE_AVG_SQ":2.031962196517,"PE_TTM_SQ":6.526088318346,"PB_TTM_SQ":0.158136225995,"ROA_SQ":1.181313783014,"START_DATE":"2024-01-01 00:00:00","FISCAL_YEAR":"12-31","CURRENCY":"HKD","IS_CNY_CODE":0,"DPS_HKD_LY":0.0575,"ORG_TYPE":"一般企业","PREMIUM_INCOME":null,"PREMIUM_INCOME_YOY":null,"NET_INTEREST_INCOME":null,"NET_INTEREST_INCOME_YOY":null,"FEE_COMMISSION_INCOME":null,"FEE_COMMISSION_INCOME_YOY":null,"ACCOUNTS_RECE_TDAYS":1.631599707368,"INVENTORY_TDAYS":1.685520086107,"CURRENT_ASSETS_TDAYS":0.461727767951,"TOTAL_ASSETS_TDAYS":0.177483637814,"PREMIUM_EXPENSE":null,"LOAN_DEPOSIT":null,"LOAN_EQUITY":null,"LOAN_ASSETS":null,"DEPOSIT_EQUITY":null,"DEPOSIT_ASSETS":null,"EQUITY_MULTIPLIER":1.617085335443,"EQUITY_RATIO":0.617085335442},{"SECUCODE":"00099.HK","SECURITY_CODE":"00099","SECURITY_NAME_ABBR":"王氏国际","ORG_CODE":"10007381","STD_REPORT_DATE":"2023-12-31 00:00:00","REPORT_DATE":"2023-12-31 00:00:00","DATE_TYPE_CODE":"001","REPORT_TYPE":"2023年年报","PER_NETCASH_OPERATE":0.649362239132,"PER_OI":6.033466736305,"BPS":8.473997012196,"BASIC_EPS":0.2899904,"DILUTED_EPS":0.2899904,"OPERATE_INCOME":2886916054.96,"OPERATE_INCOME_YOY":-8.1059251605,"GROSS_PROFIT":782868052.26,"GROSS_PROFIT_YOY":-0.600095730146,"HOLDER_PROFIT":138403355.72,"HOLDER_PROFIT_YOY":35.8337187378,"GROSS_PROFIT_RATIO":27.117797585938,"EPS_TTM":0.289254009134,"OPERATE_INCOME_QOQ":-12.857864102221,"NET_PROFIT_RATIO":4.7941593411,"ROE_AVG":3.436926151298,"GROSS_PROFIT_QOQ":-4.624745004386,"ROA":2.03791055923,"HOLDER_PROFIT_QOQ":36.802380917728,"ROE_YEARLY":3.436926151298,"ROIC_YEARLY":2.410765558472,"TOTAL_ASSETS":6624700192.32,"TOTAL_LIABILITIES":2570029951.58,"TAX_EBT":23.680883491992,"OCF_SALES":10.762672067522,"TOTAL_PARENT_EQUITY":4054670240.74,"DEBT_ASSET_RATIO":38.7946605427,"OPERATE_PROFIT":194922484.68,"PRETAX_PROFIT":181348215.3,"NETCASH_OPERATE":310709307.86,"NETCASH_INVEST":308252545.44,"NETCASH_FINANCE":-257650126.86,"END_CASH":853695488.8,"DIVI_RATIO":0.18075911949,"DIVIDEND_RATE":5.693069306931,"CURRENT_RATIO":1.56539802352,"COMMON_ACS":700000000,"CURRENTDEBT_DEBT":63.672144003379,"ISSUED_COMMON_SHARES":478483794,"HK_COMMON_SHARES":478483794,"PER_SHARES":1000,"TOTAL_MARKET_CAP":483268631.94,"HKSK_MARKET_CAP":483268631.94,"PE_TTM":-1.484235711623,"PB_TTM":0.120467681242,"REPORT_DATE_SQ":"2022-12-31 00:00:00","REPORT_TYPE_SQ":"2022年年报","OPERATE_INCOME_SQ":3096675883.98,"DPS_HKD":0.0575,"OPERATE_INCOME_QOQ_SQ":14.758841175284,"NET_PROFIT_RATIO_SQ":3.2433392929,"HOLDER_PROFIT_SQ":100435705.72,"HOLDER_PROFIT_QOQ_SQ":-23.746382827161,"ROE_AVG_SQ":2.52903011034,"PE_TTM_SQ":7.741290970728,"PB_TTM_SQ":0.18758228187,"ROA_SQ":1.457793062128,"START_DATE":"2023-01-01 00:00:00","FISCAL_YEAR":"12-31","CURRENCY":"HKD","IS_CNY_CODE":0,"DPS_HKD_LY":0.075,"ORG_TYPE":"一般企业","PREMIUM_INCOME":null,"PREMIUM_INCOME_YOY":null,"NET_INTEREST_INCOME":null,"NET_INTEREST_INCOME_YOY":null,"FEE_COMMISSION_INCOME":null,"FEE_COMMISSION_INCOME_YOY":null,"ACCOUNTS_RECE_TDAYS":3.38896164202,"INVENTORY_TDAYS":3.672266521787,"CURRENT_ASSETS_TDAYS":1.080526983089,"TOTAL_ASSETS_TDAYS":0.425081941215,"PREMIUM_EXPENSE":null,"LOAN_DEPOSIT":null,"LOAN_EQUITY":null,"LOAN_ASSETS":null,"DEPOSIT_EQUITY":null,"DEPOSIT_ASSETS":null,"EQUITY_MULTIPLIER":1.633844381662,"EQUITY_RATIO":0.633844381661},{"SECUCODE":"00099.HK","SECURITY_CODE":"00099","SECURITY_NAME_ABBR":"王氏国际","ORG_CODE":"10007381","STD_REPORT_DATE":"2023-06-30 00:00:00","REPORT_DATE":"2023-06-30 00:00:00","DATE_TYPE_CODE":"002","REPORT_TYPE":"2023年中报","PER_NETCASH_OPERATE":0.360744359212,"PER_OI":3.238587075616,"BPS":8.453919976817,"BASIC_EPS":0.1751762,"DILUTED_EPS":0.1751762,"OPERATE_INCOME":1549611431.14,"OPERATE_INCOME_YOY":7.7957685776,"GROSS_PROFIT":381716315.64,"GROSS_PROFIT_YOY":9.537078623271,"HOLDER_PROFIT":82435153.78,"HOLDER_PROFIT_YOY":-6.4102161511,"GROSS_PROFIT_RATIO":24.633034318751,"EPS_TTM":0.211439309165,"OPERATE_INCOME_QOQ":6.981874524825,"NET_PROFIT_RATIO":5.3197306191,"ROE_AVG":2.031962196517,"GROSS_PROFIT_QOQ":4.219804470694,"ROA":1.181313783014,"HOLDER_PROFIT_QOQ":0.731390420104,"ROE_YEARLY":4.063924393035,"ROIC_YEARLY":2.767734324003,"TOTAL_ASSETS":6877343853.6,"TOTAL_LIABILITIES":2832280148.92,"TAX_EBT":11.676265175687,"OCF_SALES":11.138942717596,"TOTAL_PARENT_EQUITY":4045063704.68,"DEBT_ASSET_RATIO":41.1827619676,"OPERATE_PROFIT":96004855.42,"PRETAX_PROFIT":93332957.38,"NETCASH_OPERATE":172610329.66,"NETCASH_INVEST":214716234.28,"NETCASH_FINANCE":-128170893.66,"END_CASH":713027062.7,"DIVI_RATIO":0.247282779188,"DIVIDEND_RATE":4.831932773109,"CURRENT_RATIO":1.482624037096,"COMMON_ACS":700000000,"CURRENTDEBT_DEBT":64.080516830656,"ISSUED_COMMON_SHARES":478483794,"HK_COMMON_SHARES":478483794,"PER_SHARES":1000,"TOTAL_MARKET_CAP":569395714.86,"HKSK_MARKET_CAP":569395714.86,"PE_TTM":-1.748752967159,"PB_TTM":0.141937168988,"REPORT_DATE_SQ":"2022-06-30 00:00:00","REPORT_TYPE_SQ":"2022年中报","OPERATE_INCOME_SQ":1333405406.48,"DPS_HKD":0.0575,"OPERATE_INCOME_QOQ_SQ":1.427370624109,"NET_PROFIT_RATIO_SQ":6.1272120432,"HOLDER_PROFIT_SQ":81700576.65,"HOLDER_PROFIT_QOQ_SQ":80.04868332291,"ROE_AVG_SQ":2.133035695945,"PE_TTM_SQ":7.966328498946,"PB_TTM_SQ":0.19303525518,"ROA_SQ":1.218855769563,"START_DATE":"2023-01-01 00:00:00","FISCAL_YEAR":"12-31","CURRENCY":"HKD","IS_CNY_CODE":0,"DPS_HKD_LY":0.075,"ORG_TYPE":"一般企业","PREMIUM_INCOME":null,"PREMIUM_INCOME_YOY":null,"NET_INTEREST_INCOME":null,"NET_INTEREST_INCOME_YOY":null,"FEE_COMMISSION_INCOME":null,"FEE_COMMISSION_INCOME_YOY":null,"ACCOUNTS_RECE_TDAYS":1.632154574397,"INVENTORY_TDAYS":1.95637132483,"CURRENT_ASSETS_TDAYS":0.561333378977,"TOTAL_ASSETS_TDAYS":0.222062707229,"PREMIUM_EXPENSE":null,"LOAN_DEPOSIT":null,"LOAN_EQUITY":null,"LOAN_ASSETS":null,"DEPOSIT_EQUITY":null,"DEPOSIT_ASSETS":null,"EQUITY_MULTIPLIER":1.700181840312,"EQUITY_RATIO":0.700181840311},{"SECUCODE":"00099.HK","SECURITY_CODE":"00099","SECURITY_NAME_ABBR":"王氏国际","ORG_CODE":"10007381","STD_REPORT_DATE":"2022-12-31 00:00:00","REPORT_DATE":"2022-12-31 00:00:00","DATE_TYPE_CODE":"001","REPORT_TYPE":"2022年年报","PER_NETCASH_OPERATE":0.059232247603,"PER_OI":6.471851132287,"BPS":8.238698224563,"BASIC_EPS":0.2054521,"DILUTED_EPS":0.2054521,"OPERATE_INCOME":3096675883.98,"OPERATE_INCOME_YOY":6.4464989258,"GROSS_PROFIT":787594372.46,"GROSS_PROFIT_YOY":13.677843001844,"HOLDER_PROFIT":100435705.72,"HOLDER_PROFIT_YOY":25.6633211883,"GROSS_PROFIT_RATIO":25.433542352122,"EPS_TTM":0.209904090754,"OPERATE_INCOME_QOQ":14.758841175284,"NET_PROFIT_RATIO":3.2433392929,"ROE_AVG":2.52903011034,"GROSS_PROFIT_QOQ":12.437420202325,"ROA":1.457793062128,"HOLDER_PROFIT_QOQ":-23.746382827161,"ROE_YEARLY":2.52903011034,"ROIC_YEARLY":1.722409918579,"TOTAL_ASSETS":6858735191.91,"TOTAL_LIABILITIES":2916651607.8,"TAX_EBT":27.296475913353,"OCF_SALES":0.91522883317,"TOTAL_PARENT_EQUITY":3942083584.11,"DEBT_ASSET_RATIO":42.5246277366,"OPERATE_PROFIT":215484415.37,"PRETAX_PROFIT":138144205.5,"NETCASH_OPERATE":28341670.56,"NETCASH_INVEST":228633349.77,"NETCASH_FINANCE":-85401078.35,"END_CASH":486418565.99,"DIVI_RATIO":0.249091381746,"DIVIDEND_RATE":5.693069306931,"CURRENT_RATIO":1.471807661918,"COMMON_ACS":700000000,"CURRENTDEBT_DEBT":63.879159852258,"ISSUED_COMMON_SHARES":478483794,"HK_COMMON_SHARES":478483794,"PER_SHARES":1000,"TOTAL_MARKET_CAP":483268631.94,"HKSK_MARKET_CAP":483268631.94,"PE_TTM":-1.484235711623,"PB_TTM":0.120467681242,"REPORT_DATE_SQ":"2021-12-31 00:00:00","REPORT_TYPE_SQ":"2021年年报","OPERATE_INCOME_SQ":2662701630.4,"DPS_HKD":0.0575,"OPERATE_INCOME_QOQ_SQ":-1.85317195042,"NET_PROFIT_RATIO_SQ":2.7473578551,"HOLDER_PROFIT_SQ":73153942.4,"HOLDER_PROFIT_QOQ_SQ":226.513253377263,"ROE_AVG_SQ":2.030659153995,"PE_TTM_SQ":7.741290970728,"PB_TTM_SQ":0.18758228187,"ROA_SQ":1.167061789487,"START_DATE":"2022-01-01 00:00:00","FISCAL_YEAR":"12-31","CURRENCY":"HKD","IS_CNY_CODE":0,"DPS_HKD_LY":0.045,"ORG_TYPE":"一般企业","PREMIUM_INCOME":null,"PREMIUM_INCOME_YOY":null,"NET_INTEREST_INCOME":null,"NET_INTEREST_INCOME_YOY":null,"FEE_COMMISSION_INCOME":null,"FEE_COMMISSION_INCOME_YOY":null,"ACCOUNTS_RECE_TDAYS":3.342158541382,"INVENTORY_TDAYS":3.999356383868,"CURRENT_ASSETS_TDAYS":1.118516643573,"TOTAL_ASSETS_TDAYS":0.449472882872,"PREMIUM_EXPENSE":null,"LOAN_DEPOSIT":null,"LOAN_EQUITY":null,"LOAN_ASSETS":null,"DEPOSIT_EQUITY":null,"DEPOSIT_ASSETS":null,"EQUITY_MULTIPLIER":1.739875638242,"EQUITY_RATIO":0.739875638243},{"SECUCODE":"00099.HK","SECURITY_CODE":"00099","SECURITY_NAME_ABBR":"王氏国际","ORG_CODE":"10007381","STD_REPORT_DATE":"2022-06-30 00:00:00","REPORT_DATE":"2022-06-30 00:00:00","DATE_TYPE_CODE":"002","REPORT_TYPE":"2022年中报","PER_NETCASH_OPERATE":0.046591113847,"PER_OI":2.786730550126,"BPS":8.005491148588,"BASIC_EPS":0.171038,"DILUTED_EPS":0.171038,"OPERATE_INCOME":1333405406.48,"OPERATE_INCOME_YOY":0.1523618659,"GROSS_PROFIT":348481373.1,"GROSS_PROFIT_YOY":2.933486268781,"HOLDER_PROFIT":81700576.65,"HOLDER_PROFIT_YOY":243.5028045448,"GROSS_PROFIT_RATIO":26.134690275476,"EPS_TTM":0.275270995051,"OPERATE_INCOME_QOQ":1.427370624109,"NET_PROFIT_RATIO":6.1272120432,"ROE_AVG":2.133035695945,"GROSS_PROFIT_QOQ":1.433442137489,"ROA":1.218855769563,"HOLDER_PROFIT_QOQ":80.04868332291,"ROE_YEARLY":4.266071391891,"ROIC_YEARLY":2.904565923819,"TOTAL_ASSETS":6780717701.38,"TOTAL_LIABILITIES":2950219923.77,"TAX_EBT":12.133140802193,"OCF_SALES":1.671891595134,"TOTAL_PARENT_EQUITY":3830497777.61,"DEBT_ASSET_RATIO":43.5089625272,"OPERATE_PROFIT":88539531.08,"PRETAX_PROFIT":92982243.13,"NETCASH_OPERATE":22293092.92,"NETCASH_INVEST":-20433054.67,"NETCASH_FINANCE":23978672.41,"END_CASH":347384164.33,"DIVI_RATIO":0.189941188647,"DIVIDEND_RATE":4.831932773109,"CURRENT_RATIO":1.588255642578,"COMMON_ACS":700000000,"CURRENTDEBT_DEBT":59.495771183289,"ISSUED_COMMON_SHARES":478483794,"HK_COMMON_SHARES":478483794,"PER_SHARES":1000,"TOTAL_MARKET_CAP":569395714.86,"HKSK_MARKET_CAP":569395714.86,"PE_TTM":-1.748752967159,"PB_TTM":0.141937168988,"REPORT_DATE_SQ":"2021-06-30 00:00:00","REPORT_TYPE_SQ":"2021年中报","OPERATE_INCOME_SQ":1295398785.6,"DPS_HKD":0.0575,"OPERATE_INCOME_QOQ_SQ":-0.698371605604,"NET_PROFIT_RATIO_SQ":1.7864621472,"HOLDER_PROFIT_SQ":23141808.96,"HOLDER_PROFIT_QOQ_SQ":90.98000673631,"ROE_AVG_SQ":0.638633638142,"PE_TTM_SQ":7.966328498946,"PB_TTM_SQ":0.19303525518,"ROA_SQ":0.363813411283,"START_DATE":"2022-01-01 00:00:00","FISCAL_YEAR":"12-31","CURRENCY":"HKD","IS_CNY_CODE":0,"DPS_HKD_LY":0.045,"ORG_TYPE":"一般企业","PREMIUM_INCOME":null,"PREMIUM_INCOME_YOY":null,"NET_INTEREST_INCOME":null,"NET_INTEREST_INCOME_YOY":null,"FEE_COMMISSION_INCOME":null,"FEE_COMMISSION_INCOME_YOY":null,"ACCOUNTS_RECE_TDAYS":1.531974933334,"INVENTORY_TDAYS":1.688137108684,"CURRENT_ASSETS_TDAYS":0.488106261955,"TOTAL_ASSETS_TDAYS":0.198925018586,"PREMIUM_EXPENSE":null,"LOAN_DEPOSIT":null,"LOAN_EQUITY":null,"LOAN_ASSETS":null,"DEPOSIT_EQUITY":null,"DEPOSIT_ASSETS":null,"EQUITY_MULTIPLIER":1.770192307906,"EQUITY_RATIO":0.770192307907},{"SECUCODE":"00099.HK","SECURITY_CODE":"00099","SECURITY_NAME_ABBR":"王氏国际","ORG_CODE":"10007381","STD_REPORT_DATE":"2021-12-31 00:00:00","REPORT_DATE":"2021-12-31 00:00:00","DATE_TYPE_CODE":"001","REPORT_TYPE":"2021年年报","PER_NETCASH_OPERATE":-0.130095928808,"PER_OI":5.564873176039,"BPS":7.652614147262,"BASIC_EPS":0.155344,"DILUTED_EPS":0.155344,"OPERATE_INCOME":2662701630.4,"OPERATE_INCOME_YOY":0.9952441144,"GROSS_PROFIT":692830152,"GROSS_PROFIT_YOY":-2.402313072973,"HOLDER_PROFIT":73153942.4,"HOLDER_PROFIT_YOY":111.7470203788,"GROSS_PROFIT_RATIO":26.019819272651,"EPS_TTM":0.152886980327,"OPERATE_INCOME_QOQ":-1.85317195042,"NET_PROFIT_RATIO":2.7473578551,"ROE_AVG":2.030659153995,"GROSS_PROFIT_QOQ":-2.939927617052,"ROA":1.167061789487,"HOLDER_PROFIT_QOQ":226.513253377263,"ROE_YEARLY":2.030659153995,"ROIC_YEARLY":1.416230475468,"TOTAL_ASSETS":6334172857.6,"TOTAL_LIABILITIES":2672521006.4,"TAX_EBT":29.360029053702,"OCF_SALES":-2.337805816818,"TOTAL_PARENT_EQUITY":3661651851.2,"DEBT_ASSET_RATIO":42.1921072645,"OPERATE_PROFIT":98357280,"PRETAX_PROFIT":103558851.2,"NETCASH_OPERATE":-62248793.6,"NETCASH_INVEST":-181792542.4,"NETCASH_FINANCE":-393265.6,"END_CASH":327708796.8,"DIVI_RATIO":0.341986609247,"DIVIDEND_RATE":5.693069306931,"CURRENT_RATIO":1.679238609846,"COMMON_ACS":700000000,"CURRENTDEBT_DEBT":57.002899283179,"ISSUED_COMMON_SHARES":478483794,"HK_COMMON_SHARES":478483794,"PER_SHARES":1000,"TOTAL_MARKET_CAP":483268631.94,"HKSK_MARKET_CAP":483268631.94,"PE_TTM":-1.484235711623,"PB_TTM":0.120467681242,"REPORT_DATE_SQ":"2020-12-31 00:00:00","REPORT_TYPE_SQ":"2020年年报","OPERATE_INCOME_SQ":2713982643.04,"DPS_HKD":0.0575,"OPERATE_INCOME_QOQ_SQ":-7.392815491101,"NET_PROFIT_RATIO_SQ":-23.4654010121,"HOLDER_PROFIT_SQ":-641055305.36,"HOLDER_PROFIT_QOQ_SQ":-19.110689729132,"ROE_AVG_SQ":-16.309946237653,"PE_TTM_SQ":7.741290970728,"PB_TTM_SQ":0.18758228187,"ROA_SQ":-9.660294675045,"START_DATE":"2021-01-01 00:00:00","FISCAL_YEAR":"12-31","CURRENCY":"HKD","IS_CNY_CODE":0,"DPS_HKD_LY":0.035,"ORG_TYPE":"一般企业","PREMIUM_INCOME":null,"PREMIUM_INCOME_YOY":null,"NET_INTEREST_INCOME":null,"NET_INTEREST_INCOME_YOY":null,"FEE_COMMISSION_INCOME":null,"FEE_COMMISSION_INCOME_YOY":null,"ACCOUNTS_RECE_TDAYS":3.400899950711,"INVENTORY_TDAYS":4.268565197325,"CURRENT_ASSETS_TDAYS":1.071665049328,"TOTAL_ASSETS_TDAYS":0.424794239066,"PREMIUM_EXPENSE":null,"LOAN_DEPOSIT":null,"LOAN_EQUITY":null,"LOAN_ASSETS":null,"DEPOSIT_EQUITY":null,"DEPOSIT_ASSETS":null,"EQUITY_MULTIPLIER":1.729867588455,"EQUITY_RATIO":0.729867588456},{"SECUCODE":"00099.HK","SECURITY_CODE":"00099","SECURITY_NAME_ABBR":"王氏国际","ORG_CODE":"10007381","STD_REPORT_DATE":"2021-06-30 00:00:00","REPORT_DATE":"2021-06-30 00:00:00","DATE_TYPE_CODE":"002","REPORT_TYPE":"2021年中报","PER_NETCASH_OPERATE":-0.000702553199,"PER_OI":2.707299185142,"BPS":7.609957125695,"BASIC_EPS":0.0499248,"DILUTED_EPS":0.0499248,"OPERATE_INCOME":1295398785.6,"OPERATE_INCOME_YOY":8.1948483012,"GROSS_PROFIT":338550053.76,"GROSS_PROFIT_YOY":-3.975636926768,"HOLDER_PROFIT":23141808.96,"HOLDER_PROFIT_YOY":104.5358027027,"GROSS_PROFIT_RATIO":26.134813273211,"EPS_TTM":-0.120846611913,"OPERATE_INCOME_QOQ":-0.698371605604,"NET_PROFIT_RATIO":1.7864621472,"ROE_AVG":0.638633638142,"GROSS_PROFIT_QOQ":-1.974517161435,"ROA":0.363813411283,"HOLDER_PROFIT_QOQ":90.98000673631,"ROE_YEARLY":1.277267276283,"ROIC_YEARLY":0.889807106347,"TOTAL_ASSETS":6409699458,"TOTAL_LIABILITIES":2768458300.32,"TAX_EBT":39.642787386879,"OCF_SALES":-0.025950334657,"TOTAL_PARENT_EQUITY":3641241157.68,"DEBT_ASSET_RATIO":43.1917021767,"OPERATE_PROFIT":46452530.16,"PRETAX_PROFIT":38341414.32,"NETCASH_OPERATE":-336160.32,"NETCASH_INVEST":-180964918.8,"NETCASH_FINANCE":51043115.52,"END_CASH":443318078.64,"DIVI_RATIO":-0.432658385473,"DIVIDEND_RATE":4.831932773109,"CURRENT_RATIO":1.656469134259,"COMMON_ACS":700000000,"CURRENTDEBT_DEBT":55.78846064835,"ISSUED_COMMON_SHARES":478483794,"HK_COMMON_SHARES":478483794,"PER_SHARES":1000,"TOTAL_MARKET_CAP":569395714.86,"HKSK_MARKET_CAP":569395714.86,"PE_TTM":-1.748752967159,"PB_TTM":0.141937168988,"REPORT_DATE_SQ":"2020-06-30 00:00:00","REPORT_TYPE_SQ":"2020年中报","OPERATE_INCOME_SQ":1314352469.76,"DPS_HKD":0.0575,"OPERATE_INCOME_QOQ_SQ":-13.163676889909,"NET_PROFIT_RATIO_SQ":-42.6134057588,"HOLDER_PROFIT_SQ":-560090351.04,"HOLDER_PROFIT_QOQ_SQ":-325.594340573954,"ROE_AVG_SQ":-13.136728533263,"PE_TTM_SQ":7.966328498946,"PB_TTM_SQ":0.19303525518,"ROA_SQ":-7.777697231274,"START_DATE":"2021-01-01 00:00:00","FISCAL_YEAR":"12-31","CURRENCY":"HKD","IS_CNY_CODE":0,"DPS_HKD_LY":0.035,"ORG_TYPE":"一般企业","PREMIUM_INCOME":null,"PREMIUM_INCOME_YOY":null,"NET_INTEREST_INCOME":null,"NET_INTEREST_INCOME_YOY":null,"FEE_COMMISSION_INCOME":null,"FEE_COMMISSION_INCOME_YOY":null,"ACCOUNTS_RECE_TDAYS":1.713858261735,"INVENTORY_TDAYS":2.044608257568,"CURRENT_ASSETS_TDAYS":0.516899453258,"TOTAL_ASSETS_TDAYS":0.203650221111,"PREMIUM_EXPENSE":null,"LOAN_DEPOSIT":null,"LOAN_EQUITY":null,"LOAN_ASSETS":null,"DEPOSIT_EQUITY":null,"DEPOSIT_ASSETS":null,"EQUITY_MULTIPLIER":1.760306219895,"EQUITY_RATIO":0.760306219895},{"SECUCODE":"00099.HK","SECURITY_CODE":"00099","SECURITY_NAME_ABBR":"王氏国际","ORG_CODE":"10007381","STD_REPORT_DATE":"2020-12-31 00:00:00","REPORT_DATE":"2020-12-31 00:00:00","DATE_TYPE_CODE":"001","REPORT_TYPE":"2020年年报","PER_NETCASH_OPERATE":0.156954905854,"PER_OI":5.672047156189,"BPS":7.622990778576,"BASIC_EPS":-1.3382076,"DILUTED_EPS":-1.3382076,"OPERATE_INCOME":2713982643.04,"OPERATE_INCOME_YOY":-14.7182501859,"GROSS_PROFIT":709883782.92,"GROSS_PROFIT_YOY":-12.618826753581,"HOLDER_PROFIT":-641055305.36,"HOLDER_PROFIT_YOY":-385.9920323512,"GROSS_PROFIT_RATIO":26.156533636665,"EPS_TTM":-1.339763882076,"OPERATE_INCOME_QOQ":-8.001245539523,"NET_PROFIT_RATIO":-23.6205884943,"ROE_AVG":-16.309946237653,"GROSS_PROFIT_QOQ":-8.408053758136,"ROA":-9.660294675045,"HOLDER_PROFIT_QOQ":-19.110689729132,"ROE_YEARLY":-16.309946237653,"ROIC_YEARLY":-11.571332590699,"TOTAL_ASSETS":6384622966.84,"TOTAL_LIABILITIES":2737145417.48,"TAX_EBT":-3.540910512078,"OCF_SALES":2.767165038162,"TOTAL_PARENT_EQUITY":3647477549.36,"DEBT_ASSET_RATIO":42.8709014095,"OPERATE_PROFIT":-315662131.84,"PRETAX_PROFIT":-619135633.2,"NETCASH_OPERATE":75100378.84,"NETCASH_INVEST":-75466492.24,"NETCASH_FINANCE":50856097,"END_CASH":572485211.28,"DIVI_RATIO":-0.039025757224,"DIVIDEND_RATE":4.831932773109,"CURRENT_RATIO":1.526768661751,"COMMON_ACS":700000000,"CURRENTDEBT_DEBT":59.392304861051,"ISSUED_COMMON_SHARES":478483794,"HK_COMMON_SHARES":478483794,"PER_SHARES":1000,"TOTAL_MARKET_CAP":569395714.86,"HKSK_MARKET_CAP":569395714.86,"PE_TTM":-1.748752967159,"PB_TTM":0.141937168988,"REPORT_DATE_SQ":"2019-12-31 00:00:00","REPORT_TYPE_SQ":"2019年年报","OPERATE_INCOME_SQ":3387083921.68,"DPS_HKD":0.0575,"OPERATE_INCOME_QOQ_SQ":-6.462156600334,"NET_PROFIT_RATIO_SQ":7.0252773556,"HOLDER_PROFIT_SQ":238570400.06,"HOLDER_PROFIT_QOQ_SQ":-72.480886949814,"ROE_AVG_SQ":5.420639593015,"PE_TTM_SQ":7.966328498946,"PB_TTM_SQ":0.19303525518,"ROA_SQ":3.237837548032,"START_DATE":"2020-01-01 00:00:00","FISCAL_YEAR":"12-31","CURRENCY":"HKD","IS_CNY_CODE":0,"DPS_HKD_LY":0.05,"ORG_TYPE":"一般企业","PREMIUM_INCOME":null,"PREMIUM_INCOME_YOY":null,"NET_INTEREST_INCOME":null,"NET_INTEREST_INCOME_YOY":null,"FEE_COMMISSION_INCOME":null,"FEE_COMMISSION_INCOME_YOY":null,"ACCOUNTS_RECE_TDAYS":3.606426762819,"INVENTORY_TDAYS":4.399170484777,"CURRENT_ASSETS_TDAYS":1.14061194283,"TOTAL_ASSETS_TDAYS":0.408979878265,"PREMIUM_EXPENSE":null,"LOAN_DEPOSIT":null,"LOAN_EQUITY":null,"LOAN_ASSETS":null,"DEPOSIT_EQUITY":null,"DEPOSIT_ASSETS":null,"EQUITY_MULTIPLIER":1.750421457142,"EQUITY_RATIO":0.750421457141},{"SECUCODE":"00099.HK","SECURITY_CODE":"00099","SECURITY_NAME_ABBR":"王氏国际","ORG_CODE":"10007381","STD_REPORT_DATE":"2020-06-30 00:00:00","REPORT_DATE":"2020-06-30 00:00:00","DATE_TYPE_CODE":"002","REPORT_TYPE":"2020年中报","PER_NETCASH_OPERATE":0.078839128081,"PER_OI":2.746911151938,"BPS":8.264038896164,"BASIC_EPS":-1.1692032,"DILUTED_EPS":-1.1692032,"OPERATE_INCOME":1314352469.76,"OPERATE_INCOME_YOY":-28.0914733486,"GROSS_PROFIT":352566830.88,"GROSS_PROFIT_YOY":-11.574741341909,"HOLDER_PROFIT":-560090351.04,"HOLDER_PROFIT_YOY":-348.926616976,"GROSS_PROFIT_RATIO":26.824374662938,"EPS_TTM":-1.124805745918,"OPERATE_INCOME_QOQ":-13.163676889909,"NET_PROFIT_RATIO":-42.6134057588,"ROE_AVG":-13.136728533263,"GROSS_PROFIT_QOQ":-5.680767622422,"ROA":-7.777697231274,"HOLDER_PROFIT_QOQ":-325.594340573954,"ROE_YEARLY":-26.273457066525,"ROIC_YEARLY":-18.28346139846,"TOTAL_ASSETS":6927577372.32,"TOTAL_LIABILITIES":2973365033.76,"TAX_EBT":-3.088453856448,"OCF_SALES":2.870101132529,"TOTAL_PARENT_EQUITY":3954208684.8,"DEBT_ASSET_RATIO":42.9207047999,"OPERATE_PROFIT":-246392219.04,"PRETAX_PROFIT":-543310458.24,"NETCASH_OPERATE":37723245.12,"NETCASH_INVEST":-169549992.48,"NETCASH_FINANCE":-3062764.32,"END_CASH":347342867.52,"DIVI_RATIO":-0.046483848602,"DIVIDEND_RATE":4.831932773109,"CURRENT_RATIO":1.428462751647,"COMMON_ACS":700000000,"CURRENTDEBT_DEBT":59.605011045645,"ISSUED_COMMON_SHARES":478483794,"HK_COMMON_SHARES":478483794,"PER_SHARES":1000,"TOTAL_MARKET_CAP":569395714.86,"HKSK_MARKET_CAP":569395714.86,"PE_TTM":-1.748752967159,"PB_TTM":0.141937168988,"REPORT_DATE_SQ":"2019-06-30 00:00:00","REPORT_TYPE_SQ":"2019年中报","OPERATE_INCOME_SQ":1760217253.2,"DPS_HKD":0.0575,"OPERATE_INCOME_QOQ_SQ":3.236729491223,"NET_PROFIT_RATIO_SQ":12.3099219398,"HOLDER_PROFIT_SQ":216681369.84,"HOLDER_PROFIT_QOQ_SQ":-30.408540275334,"ROE_AVG_SQ":5.000080687715,"PE_TTM_SQ":7.966328498946,"PB_TTM_SQ":0.19303525518,"ROA_SQ":2.982873580019,"START_DATE":"2020-01-01 00:00:00","FISCAL_YEAR":"12-31","CURRENCY":"HKD","IS_CNY_CODE":0,"DPS_HKD_LY":0.05,"ORG_TYPE":"一般企业","PREMIUM_INCOME":null,"PREMIUM_INCOME_YOY":null,"NET_INTEREST_INCOME":null,"NET_INTEREST_INCOME_YOY":null,"FEE_COMMISSION_INCOME":null,"FEE_COMMISSION_INCOME_YOY":null,"ACCOUNTS_RECE_TDAYS":1.642442917306,"INVENTORY_TDAYS":1.789287829365,"CURRENT_ASSETS_TDAYS":0.52545888512,"TOTAL_ASSETS_TDAYS":0.182517616059,"PREMIUM_EXPENSE":null,"LOAN_DEPOSIT":null,"LOAN_EQUITY":null,"LOAN_ASSETS":null,"DEPOSIT_EQUITY":null,"DEPOSIT_ASSETS":null,"EQUITY_MULTIPLIER":1.75194875216,"EQUITY_RATIO":0.751949446975}],"count":47},"success":true,"message":"ok","code":0}