{"version":"fb9057efdbd0b71e289b7010c4c13f03","result":{"pages":6,"data":[{"SECUCODE":"00092.HK","SECURITY_CODE":"00092","SECURITY_NAME_ABBR":"冠军科技集团","ORG_CODE":"10007376","STD_REPORT_DATE":"2023-12-31 00:00:00","REPORT_DATE":"2024-06-30 00:00:00","DATE_TYPE_CODE":"001","REPORT_TYPE":"2023年年报","PER_NETCASH_OPERATE":-0.082272294975,"PER_OI":0.278425579537,"BPS":0.089435900744,"BASIC_EPS":-0.016610776,"DILUTED_EPS":-0.016610776,"OPERATE_INCOME":190396000.16,"OPERATE_INCOME_YOY":724.8141704887,"GROSS_PROFIT":10404552,"GROSS_PROFIT_YOY":178.642181520769,"HOLDER_PROFIT":-11335485.6,"HOLDER_PROFIT_YOY":-1.9453336617,"GROSS_PROFIT_RATIO":5.464690430081,"EPS_TTM":0.014601475126,"OPERATE_INCOME_QOQ":333.627603911141,"NET_PROFIT_RATIO":-5.8587233716,"ROE_AVG":-11.956908917621,"GROSS_PROFIT_QOQ":140.838942169282,"ROA":-5.691777855685,"HOLDER_PROFIT_QOQ":455.573730374545,"ROE_YEARLY":-11.956908917621,"ROIC_YEARLY":-6.283008559461,"TOTAL_ASSETS":239477192.52,"TOTAL_LIABILITIES":151431865.6,"TAX_EBT":4.336255479023,"OCF_SALES":-29.549115103637,"TOTAL_PARENT_EQUITY":88068143.92,"DEBT_ASSET_RATIO":63.2343581476,"OPERATE_PROFIT":-11623892.48,"PRETAX_PROFIT":-11660399.68,"NETCASH_OPERATE":-56260333.24,"NETCASH_INVEST":38891120.16,"NETCASH_FINANCE":22853507.2,"END_CASH":13415483.32,"DIVI_RATIO":null,"DIVIDEND_RATE":null,"CURRENT_RATIO":1.394031174756,"COMMON_ACS":160000000000,"CURRENTDEBT_DEBT":95.118129218901,"ISSUED_COMMON_SHARES":984706848,"HK_COMMON_SHARES":984706848,"PER_SHARES":12000,"TOTAL_MARKET_CAP":230421402.432,"HKSK_MARKET_CAP":230421402.432,"PE_TTM":-18.55244786087,"PB_TTM":2.387935026344,"REPORT_DATE_SQ":"2022-12-31 00:00:00","REPORT_TYPE_SQ":"2022年年报","OPERATE_INCOME_SQ":23318718.16,"DPS_HKD":null,"OPERATE_INCOME_QOQ_SQ":-52.806080869025,"NET_PROFIT_RATIO_SQ":-46.3545785229,"HOLDER_PROFIT_SQ":-11232482.34,"HOLDER_PROFIT_QOQ_SQ":51.983242709339,"ROE_AVG_SQ":-10.064145192002,"PE_TTM_SQ":-13.471181442994,"PB_TTM_SQ":1.475204072916,"ROA_SQ":-6.901083339234,"START_DATE":"2023-07-01 00:00:00","FISCAL_YEAR":"6-30","CURRENCY":"HKD","IS_CNY_CODE":0,"DPS_HKD_LY":null,"ORG_TYPE":"一般企业","PREMIUM_INCOME":null,"PREMIUM_INCOME_YOY":null,"NET_INTEREST_INCOME":null,"NET_INTEREST_INCOME_YOY":null,"FEE_COMMISSION_INCOME":null,"FEE_COMMISSION_INCOME_YOY":null,"ACCOUNTS_RECE_TDAYS":1.884174208349,"INVENTORY_TDAYS":26.755121421788,"CURRENT_ASSETS_TDAYS":1.186778928206,"TOTAL_ASSETS_TDAYS":0.956017038672,"PREMIUM_EXPENSE":null,"LOAN_DEPOSIT":null,"LOAN_EQUITY":null,"LOAN_ASSETS":null,"DEPOSIT_EQUITY":null,"DEPOSIT_ASSETS":null,"EQUITY_MULTIPLIER":2.719930754955,"EQUITY_RATIO":1.719485149336},{"SECUCODE":"00092.HK","SECURITY_CODE":"00092","SECURITY_NAME_ABBR":"冠军科技集团","ORG_CODE":"10007376","STD_REPORT_DATE":"2023-06-30 00:00:00","REPORT_DATE":"2023-12-31 00:00:00","DATE_TYPE_CODE":"002","REPORT_TYPE":"2023年中报","PER_NETCASH_OPERATE":-0.036068592646,"PER_OI":0.029597257186,"BPS":0.107007207997,"BASIC_EPS":0.016674448,"DILUTED_EPS":0.016674448,"OPERATE_INCOME":80958069.92,"OPERATE_INCOME_YOY":2425.0423968344,"GROSS_PROFIT":5894961.1,"GROSS_PROFIT_YOY":826.868667613489,"HOLDER_PROFIT":45845669.8,"HOLDER_PROFIT_YOY":948.3984571524,"GROSS_PROFIT_RATIO":7.28149905973,"EPS_TTM":-0.004106454971,"OPERATE_INCOME_QOQ":-5.235223297067,"NET_PROFIT_RATIO":56.8617354706,"ROE_AVG":44.469447582045,"GROSS_PROFIT_QOQ":194.149382018847,"ROA":25.389130200217,"HOLDER_PROFIT_QOQ":46.226648814323,"ROE_YEARLY":88.93889516409,"ROIC_YEARLY":55.65043299865,"TOTAL_ASSETS":203434609.14,"TOTAL_LIABILITIES":98091065.24,"TAX_EBT":0.575432553042,"OCF_SALES":-121.864645831468,"TOTAL_PARENT_EQUITY":105370730.5,"DEBT_ASSET_RATIO":48.217491436,"OPERATE_PROFIT":46324153.96,"PRETAX_PROFIT":46300592.24,"NETCASH_OPERATE":-98659265.18,"NETCASH_INVEST":48621421.66,"NETCASH_FINANCE":52863437.48,"END_CASH":7727337.94,"DIVI_RATIO":null,"DIVIDEND_RATE":null,"CURRENT_RATIO":1.814567883984,"COMMON_ACS":160000000000,"CURRENTDEBT_DEBT":92.563884628887,"ISSUED_COMMON_SHARES":984706848,"HK_COMMON_SHARES":984706848,"PER_SHARES":12000,"TOTAL_MARKET_CAP":214666092.864,"HKSK_MARKET_CAP":214666092.864,"PE_TTM":-17.283904417391,"PB_TTM":2.224657417705,"REPORT_DATE_SQ":"2022-06-30 00:00:00","REPORT_TYPE_SQ":"2022年中报","OPERATE_INCOME_SQ":3160389.26,"DPS_HKD":null,"OPERATE_INCOME_QOQ_SQ":-68.813315760448,"NET_PROFIT_RATIO_SQ":-163.0299604296,"HOLDER_PROFIT_SQ":-5326569.01,"HOLDER_PROFIT_QOQ_SQ":16.143202131374,"ROE_AVG_SQ":-4.637886312285,"PE_TTM_SQ":-13.471181442994,"PB_TTM_SQ":1.475204072916,"ROA_SQ":-3.38445297069,"START_DATE":"2023-07-01 00:00:00","FISCAL_YEAR":"6-30","CURRENCY":"HKD","IS_CNY_CODE":0,"DPS_HKD_LY":null,"ORG_TYPE":"一般企业","PREMIUM_INCOME":null,"PREMIUM_INCOME_YOY":null,"NET_INTEREST_INCOME":null,"NET_INTEREST_INCOME_YOY":null,"FEE_COMMISSION_INCOME":null,"FEE_COMMISSION_INCOME_YOY":null,"ACCOUNTS_RECE_TDAYS":0.937556409126,"INVENTORY_TDAYS":10.724541982262,"CURRENT_ASSETS_TDAYS":0.570179441602,"TOTAL_ASSETS_TDAYS":0.448342228813,"PREMIUM_EXPENSE":null,"LOAN_DEPOSIT":null,"LOAN_EQUITY":null,"LOAN_ASSETS":null,"DEPOSIT_EQUITY":null,"DEPOSIT_ASSETS":null,"EQUITY_MULTIPLIER":1.931154028129,"EQUITY_RATIO":0.930913781982},{"SECUCODE":"00092.HK","SECURITY_CODE":"00092","SECURITY_NAME_ABBR":"冠军科技集团","ORG_CODE":"10007376","STD_REPORT_DATE":"2022-12-31 00:00:00","REPORT_DATE":"2023-06-30 00:00:00","DATE_TYPE_CODE":"001","REPORT_TYPE":"2022年年报","PER_NETCASH_OPERATE":0.000704127426,"PER_OI":0.008525031529,"BPS":0.104165132159,"BASIC_EPS":-0.016411244,"DILUTED_EPS":-0.016411244,"OPERATE_INCOME":23318718.16,"OPERATE_INCOME_YOY":-58.516623202,"GROSS_PROFIT":3734019,"GROSS_PROFIT_YOY":34.9707386265,"HOLDER_PROFIT":-11232482.34,"HOLDER_PROFIT_YOY":76.0502467121,"GROSS_PROFIT_RATIO":16.012968527598,"EPS_TTM":-0.007636598576,"OPERATE_INCOME_QOQ":-52.806080869025,"NET_PROFIT_RATIO":-46.3545785229,"ROE_AVG":-10.064145192002,"GROSS_PROFIT_QOQ":-54.114899817178,"ROA":-6.901083339234,"HOLDER_PROFIT_QOQ":51.983242709339,"ROE_YEARLY":-10.064145192002,"ROIC_YEARLY":-8.596983328923,"TOTAL_ASSETS":160452179.4,"TOTAL_LIABILITIES":41979593.36,"TAX_EBT":-5.113490364026,"OCF_SALES":8.259528704729,"TOTAL_PARENT_EQUITY":102572118.96,"DEBT_ASSET_RATIO":26.1633051773,"OPERATE_PROFIT":-10605535.94,"PRETAX_PROFIT":-10764116.5,"NETCASH_OPERATE":1926016.22,"NETCASH_INVEST":-15765858,"NETCASH_FINANCE":2639628.74,"END_CASH":8436117,"DIVI_RATIO":null,"DIVIDEND_RATE":null,"CURRENT_RATIO":3.509697729637,"COMMON_ACS":160000000000,"CURRENTDEBT_DEBT":82.322322762014,"ISSUED_COMMON_SHARES":984706848,"HK_COMMON_SHARES":984706848,"PER_SHARES":12000,"TOTAL_MARKET_CAP":214666092.864,"HKSK_MARKET_CAP":214666092.864,"PE_TTM":-17.283904417391,"PB_TTM":2.224657417705,"REPORT_DATE_SQ":"2021-12-31 00:00:00","REPORT_TYPE_SQ":"2021年年报","OPERATE_INCOME_SQ":52140079.11,"DPS_HKD":null,"OPERATE_INCOME_QOQ_SQ":-15.389714489943,"NET_PROFIT_RATIO_SQ":-82.2713182109,"HOLDER_PROFIT_SQ":-43502660.11,"HOLDER_PROFIT_QOQ_SQ":-4.220110116057,"ROE_AVG_SQ":-82.12094795299,"PE_TTM_SQ":-13.471181442994,"PB_TTM_SQ":1.475204072916,"ROA_SQ":-17.129426184932,"START_DATE":"2022-07-01 00:00:00","FISCAL_YEAR":"6-30","CURRENCY":"HKD","IS_CNY_CODE":0,"DPS_HKD_LY":null,"ORG_TYPE":"一般企业","PREMIUM_INCOME":null,"PREMIUM_INCOME_YOY":null,"NET_INTEREST_INCOME":null,"NET_INTEREST_INCOME_YOY":null,"FEE_COMMISSION_INCOME":null,"FEE_COMMISSION_INCOME_YOY":null,"ACCOUNTS_RECE_TDAYS":0.676853908529,"INVENTORY_TDAYS":2.101399812039,"CURRENT_ASSETS_TDAYS":0.22083875418,"TOTAL_ASSETS_TDAYS":0.143267011258,"PREMIUM_EXPENSE":null,"LOAN_DEPOSIT":null,"LOAN_EQUITY":null,"LOAN_ASSETS":null,"DEPOSIT_EQUITY":null,"DEPOSIT_ASSETS":null,"EQUITY_MULTIPLIER":1.354340145372,"EQUITY_RATIO":0.409269046849},{"SECUCODE":"00092.HK","SECURITY_CODE":"00092","SECURITY_NAME_ABBR":"冠军科技集团","ORG_CODE":"10007376","STD_REPORT_DATE":"2022-06-30 00:00:00","REPORT_DATE":"2022-12-31 00:00:00","DATE_TYPE_CODE":"002","REPORT_TYPE":"2022年中报","PER_NETCASH_OPERATE":-0.000925821224,"PER_OI":0.001155398762,"BPS":0.114561284903,"BASIC_EPS":-0.001965194,"DILUTED_EPS":-0.001965194,"OPERATE_INCOME":3160389.26,"OPERATE_INCOME_YOY":-90.5756373032,"GROSS_PROFIT":636008.24,"GROSS_PROFIT_YOY":-70.184109799062,"HOLDER_PROFIT":-5326569.01,"HOLDER_PROFIT_YOY":82.551062211,"GROSS_PROFIT_RATIO":20.124364047485,"EPS_TTM":-0.015904028108,"OPERATE_INCOME_QOQ":-68.813315760448,"NET_PROFIT_RATIO":-163.0299604296,"ROE_AVG":-4.637886312285,"GROSS_PROFIT_QOQ":-96.181458979875,"ROA":-3.38445297069,"HOLDER_PROFIT_QOQ":16.143202131374,"ROE_YEARLY":-9.275772624571,"ROIC_YEARLY":-8.579300620823,"TOTAL_ASSETS":154831382.37,"TOTAL_LIABILITIES":26022741.64,"TAX_EBT":-4.284939432291,"OCF_SALES":-80.130016958734,"TOTAL_PARENT_EQUITY":112809281.76,"DEBT_ASSET_RATIO":16.807149327,"OPERATE_PROFIT":-4879934.01,"PRETAX_PROFIT":-4940676.37,"NETCASH_OPERATE":-2532420.45,"NETCASH_INVEST":-6042971.55,"NETCASH_FINANCE":-3056769.94,"END_CASH":11782231.3,"DIVI_RATIO":null,"DIVIDEND_RATE":null,"CURRENT_RATIO":4.804290495994,"COMMON_ACS":160000000000,"CURRENTDEBT_DEBT":67.685019909378,"ISSUED_COMMON_SHARES":984706848,"HK_COMMON_SHARES":984706848,"PER_SHARES":12000,"TOTAL_MARKET_CAP":214666092.864,"HKSK_MARKET_CAP":214666092.864,"PE_TTM":-17.283904417391,"PB_TTM":2.224657417705,"REPORT_DATE_SQ":"2021-06-30 00:00:00","REPORT_TYPE_SQ":"2021年中报","OPERATE_INCOME_SQ":30693521.6,"DPS_HKD":null,"OPERATE_INCOME_QOQ_SQ":-23.329188960405,"NET_PROFIT_RATIO_SQ":-87.6082150182,"HOLDER_PROFIT_SQ":-27940662.4,"HOLDER_PROFIT_QOQ_SQ":25.523611690686,"ROE_AVG_SQ":-48.338342939991,"PE_TTM_SQ":-13.471181442994,"PB_TTM_SQ":1.475204072916,"ROA_SQ":-10.582413635069,"START_DATE":"2022-07-01 00:00:00","FISCAL_YEAR":"6-30","CURRENCY":"HKD","IS_CNY_CODE":0,"DPS_HKD_LY":null,"ORG_TYPE":"一般企业","PREMIUM_INCOME":null,"PREMIUM_INCOME_YOY":null,"NET_INTEREST_INCOME":null,"NET_INTEREST_INCOME_YOY":null,"FEE_COMMISSION_INCOME":null,"FEE_COMMISSION_INCOME_YOY":null,"ACCOUNTS_RECE_TDAYS":0.105325831324,"INVENTORY_TDAYS":0.230580939948,"CURRENT_ASSETS_TDAYS":0.03680987978,"TOTAL_ASSETS_TDAYS":0.020080822758,"PREMIUM_EXPENSE":null,"LOAN_DEPOSIT":null,"LOAN_EQUITY":null,"LOAN_ASSETS":null,"DEPOSIT_EQUITY":null,"DEPOSIT_ASSETS":null,"EQUITY_MULTIPLIER":1.202026366341,"EQUITY_RATIO":0.230679082732},{"SECUCODE":"00092.HK","SECURITY_CODE":"00092","SECURITY_NAME_ABBR":"冠军科技集团","ORG_CODE":"10007376","STD_REPORT_DATE":"2021-12-31 00:00:00","REPORT_DATE":"2022-06-30 00:00:00","DATE_TYPE_CODE":"001","REPORT_TYPE":"2021年年报","PER_NETCASH_OPERATE":-0.000702517273,"PER_OI":0.019061760398,"BPS":0.113643860279,"BASIC_EPS":-0.023517725,"DILUTED_EPS":-0.023517725,"OPERATE_INCOME":52140079.11,"OPERATE_INCOME_YOY":-38.042152758,"GROSS_PROFIT":2766539.65,"GROSS_PROFIT_YOY":-50.581924024673,"HOLDER_PROFIT":-43502660.11,"HOLDER_PROFIT_YOY":14.9660659958,"GROSS_PROFIT_RATIO":5.305975167708,"EPS_TTM":-0.018965699278,"OPERATE_INCOME_QOQ":-15.389714489943,"NET_PROFIT_RATIO":-82.2713182109,"ROE_AVG":-82.12094795299,"GROSS_PROFIT_QOQ":-3.25856074826,"ROA":-17.129426184932,"HOLDER_PROFIT_QOQ":-4.220110116057,"ROE_YEARLY":-82.12094795299,"ROIC_YEARLY":-29.570615984258,"TOTAL_ASSETS":153117493.55,"TOTAL_LIABILITIES":25164820.94,"TAX_EBT":-0.813533548755,"OCF_SALES":-3.685479505978,"TOTAL_PARENT_EQUITY":111905887.45,"DEBT_ASSET_RATIO":16.4349744478,"OPERATE_PROFIT":-34774590.97,"PRETAX_PROFIT":-44991545.9,"NETCASH_OPERATE":-1921611.93,"NETCASH_INVEST":-49601020,"NETCASH_FINANCE":-41160294.7,"END_CASH":20946168.67,"DIVI_RATIO":null,"DIVIDEND_RATE":null,"CURRENT_RATIO":4.984407750115,"COMMON_ACS":160000000000,"CURRENTDEBT_DEBT":66.475225990621,"ISSUED_COMMON_SHARES":984706848,"HK_COMMON_SHARES":984706848,"PER_SHARES":12000,"TOTAL_MARKET_CAP":214666092.864,"HKSK_MARKET_CAP":214666092.864,"PE_TTM":-17.283904417391,"PB_TTM":2.224657417705,"REPORT_DATE_SQ":"2020-12-31 00:00:00","REPORT_TYPE_SQ":"2020年年报","OPERATE_INCOME_SQ":81880000.32,"DPS_HKD":null,"OPERATE_INCOME_QOQ_SQ":-31.296576911608,"NET_PROFIT_RATIO_SQ":-23.978304902,"HOLDER_PROFIT_SQ":-49776689.76,"HOLDER_PROFIT_QOQ_SQ":-85.13965647944,"ROE_AVG_SQ":-1157.32249951635,"PE_TTM_SQ":-13.471181442994,"PB_TTM_SQ":1.475204072916,"ROA_SQ":-13.694603609193,"START_DATE":"2021-07-01 00:00:00","FISCAL_YEAR":"6-30","CURRENCY":"HKD","IS_CNY_CODE":0,"DPS_HKD_LY":null,"ORG_TYPE":"一般企业","PREMIUM_INCOME":null,"PREMIUM_INCOME_YOY":null,"NET_INTEREST_INCOME":null,"NET_INTEREST_INCOME_YOY":null,"FEE_COMMISSION_INCOME":null,"FEE_COMMISSION_INCOME_YOY":null,"ACCOUNTS_RECE_TDAYS":1.38356801652,"INVENTORY_TDAYS":2.244450491778,"CURRENT_ASSETS_TDAYS":0.319590925293,"TOTAL_ASSETS_TDAYS":0.205304603013,"PREMIUM_EXPENSE":null,"LOAN_DEPOSIT":null,"LOAN_EQUITY":null,"LOAN_ASSETS":null,"DEPOSIT_EQUITY":null,"DEPOSIT_ASSETS":null,"EQUITY_MULTIPLIER":1.196672882455,"EQUITY_RATIO":0.224874861488},{"SECUCODE":"00092.HK","SECURITY_CODE":"00092","SECURITY_NAME_ABBR":"冠军科技集团","ORG_CODE":"10007376","STD_REPORT_DATE":"2021-06-30 00:00:00","REPORT_DATE":"2021-12-31 00:00:00","DATE_TYPE_CODE":"002","REPORT_TYPE":"2021年中报","PER_NETCASH_OPERATE":0.000162902859,"PER_OI":0.011221167373,"BPS":0.12318465282,"BASIC_EPS":-0.03196816,"DILUTED_EPS":-0.03196816,"OPERATE_INCOME":30693521.6,"OPERATE_INCOME_YOY":-48.2906336088,"GROSS_PROFIT":2133118.4,"GROSS_PROFIT_YOY":-53.358881131476,"HOLDER_PROFIT":-27940662.4,"HOLDER_PROFIT_YOY":-11.3087095303,"GROSS_PROFIT_RATIO":6.949734956448,"EPS_TTM":-0.072790939317,"OPERATE_INCOME_QOQ":-23.329188960405,"NET_PROFIT_RATIO":-87.6082150182,"ROE_AVG":-48.338342939991,"GROSS_PROFIT_QOQ":-4.642677431415,"ROA":-10.582413635069,"HOLDER_PROFIT_QOQ":25.523611690686,"ROE_YEARLY":-96.676685879982,"ROIC_YEARLY":-35.842748776145,"TOTAL_ASSETS":188842707.2,"TOTAL_LIABILITIES":45028502.4,"TAX_EBT":-1.398469497737,"OCF_SALES":1.451746090941,"TOTAL_PARENT_EQUITY":121300771.2,"DEBT_ASSET_RATIO":23.8444486778,"OPERATE_PROFIT":-20593708.8,"PRETAX_PROFIT":-30342771.2,"NETCASH_OPERATE":445592,"NETCASH_INVEST":-48912102.4,"NETCASH_FINANCE":-32426016,"END_CASH":24791267.2,"DIVI_RATIO":null,"DIVIDEND_RATE":null,"CURRENT_RATIO":3.099986721551,"COMMON_ACS":160000000000,"CURRENTDEBT_DEBT":82.045974507027,"ISSUED_COMMON_SHARES":984706848,"HK_COMMON_SHARES":984706848,"PER_SHARES":12000,"TOTAL_MARKET_CAP":214666092.864,"HKSK_MARKET_CAP":214666092.864,"PE_TTM":-17.283904417391,"PB_TTM":2.224657417705,"REPORT_DATE_SQ":"2020-06-30 00:00:00","REPORT_TYPE_SQ":"2020年中报","OPERATE_INCOME_SQ":61103064,"DPS_HKD":null,"OPERATE_INCOME_QOQ_SQ":-22.311009745804,"NET_PROFIT_RATIO_SQ":-19.1721647934,"HOLDER_PROFIT_SQ":-25840031.28,"HOLDER_PROFIT_QOQ_SQ":-385.281870583015,"ROE_AVG_SQ":-655.045871559633,"PE_TTM_SQ":-13.471181442994,"PB_TTM_SQ":1.475204072916,"ROA_SQ":-6.745001719094,"START_DATE":"2021-07-01 00:00:00","FISCAL_YEAR":"6-30","CURRENCY":"HKD","IS_CNY_CODE":0,"DPS_HKD_LY":null,"ORG_TYPE":"一般企业","PREMIUM_INCOME":null,"PREMIUM_INCOME_YOY":null,"NET_INTEREST_INCOME":null,"NET_INTEREST_INCOME_YOY":null,"FEE_COMMISSION_INCOME":null,"FEE_COMMISSION_INCOME_YOY":null,"ACCOUNTS_RECE_TDAYS":0.608552578255,"INVENTORY_TDAYS":1.355450788662,"CURRENT_ASSETS_TDAYS":0.177030085825,"TOTAL_ASSETS_TDAYS":0.116250479977,"PREMIUM_EXPENSE":null,"LOAN_DEPOSIT":null,"LOAN_EQUITY":null,"LOAN_ASSETS":null,"DEPOSIT_EQUITY":null,"DEPOSIT_ASSETS":null,"EQUITY_MULTIPLIER":1.313101911336,"EQUITY_RATIO":0.371213653092},{"SECUCODE":"00092.HK","SECURITY_CODE":"00092","SECURITY_NAME_ABBR":"冠军科技集团","ORG_CODE":"10007376","STD_REPORT_DATE":"2020-12-31 00:00:00","REPORT_DATE":"2021-06-30 00:00:00","DATE_TYPE_CODE":"001","REPORT_TYPE":"2020年年报","PER_NETCASH_OPERATE":0.049535607964,"PER_OI":0.11973721361,"BPS":-0.005887134198,"BASIC_EPS":-0.062905248,"DILUTED_EPS":-0.062905248,"OPERATE_INCOME":81880000.32,"OPERATE_INCOME_YOY":-42.1739702144,"GROSS_PROFIT":5598234.24,"GROSS_PROFIT_YOY":-93.382493162536,"HOLDER_PROFIT":-49776689.76,"HOLDER_PROFIT_YOY":-51.3676273374,"GROSS_PROFIT_RATIO":37.900729767174,"EPS_TTM":-0.097736935114,"OPERATE_INCOME_QOQ":-31.296576911608,"NET_PROFIT_RATIO":-23.978304902,"ROE_AVG":-1157.32249951635,"GROSS_PROFIT_QOQ":-7.164051613989,"ROA":-13.694603609193,"HOLDER_PROFIT_QOQ":-85.13965647944,"ROE_YEARLY":-1157.32249951635,"ROIC_YEARLY":-23.251755386652,"TOTAL_ASSETS":345223335.36,"TOTAL_LIABILITIES":291891167.76,"TAX_EBT":-3.856496760787,"OCF_SALES":17.143001520173,"TOTAL_PARENT_EQUITY":-5797101.36,"DEBT_ASSET_RATIO":84.5514013285,"OPERATE_PROFIT":-27536855.52,"PRETAX_PROFIT":-54457971.84,"NETCASH_OPERATE":33873976.8,"NETCASH_INVEST":24411563.04,"NETCASH_FINANCE":-46692169.2,"END_CASH":112802589.36,"DIVI_RATIO":null,"DIVIDEND_RATE":null,"CURRENT_RATIO":2.843169442665,"COMMON_ACS":160000000000,"CURRENTDEBT_DEBT":28.479148909483,"ISSUED_COMMON_SHARES":984706848,"HK_COMMON_SHARES":984706848,"PER_SHARES":12000,"TOTAL_MARKET_CAP":214666092.864,"HKSK_MARKET_CAP":214666092.864,"PE_TTM":-17.283904417391,"PB_TTM":2.224657417705,"REPORT_DATE_SQ":"2019-12-31 00:00:00","REPORT_TYPE_SQ":"2019年年报","OPERATE_INCOME_SQ":375120577.92,"DPS_HKD":null,"OPERATE_INCOME_QOQ_SQ":42.327056115621,"NET_PROFIT_RATIO_SQ":-9.1860091363,"HOLDER_PROFIT_SQ":-36100062.24,"HOLDER_PROFIT_QOQ_SQ":119.930587750361,"ROE_AVG_SQ":-88.302257772614,"PE_TTM_SQ":-13.471181442994,"PB_TTM_SQ":1.475204072916,"ROA_SQ":-7.167158126866,"START_DATE":"2020-07-01 00:00:00","FISCAL_YEAR":"6-30","CURRENCY":"HKD","IS_CNY_CODE":0,"DPS_HKD_LY":null,"ORG_TYPE":"一般企业","PREMIUM_INCOME":null,"PREMIUM_INCOME_YOY":null,"NET_INTEREST_INCOME":null,"NET_INTEREST_INCOME_YOY":null,"FEE_COMMISSION_INCOME":null,"FEE_COMMISSION_INCOME_YOY":null,"ACCOUNTS_RECE_TDAYS":1.573998096563,"INVENTORY_TDAYS":4.280667634253,"CURRENT_ASSETS_TDAYS":0.798910666586,"TOTAL_ASSETS_TDAYS":0.543629200442,"PREMIUM_EXPENSE":null,"LOAN_DEPOSIT":null,"LOAN_EQUITY":null,"LOAN_ASSETS":null,"DEPOSIT_EQUITY":null,"DEPOSIT_ASSETS":null,"EQUITY_MULTIPLIER":6.473079023309,"EQUITY_RATIO":-50.351227214009},{"SECUCODE":"00092.HK","SECURITY_CODE":"00092","SECURITY_NAME_ABBR":"冠军科技集团","ORG_CODE":"10007376","STD_REPORT_DATE":"2020-06-30 00:00:00","REPORT_DATE":"2020-12-31 00:00:00","DATE_TYPE_CODE":"002","REPORT_TYPE":"2020年中报","PER_NETCASH_OPERATE":0.040369328293,"PER_OI":0.089354062015,"BPS":-0.006778714755,"BASIC_EPS":-0.037789636,"DILUTED_EPS":-0.037789636,"OPERATE_INCOME":61103064,"OPERATE_INCOME_YOY":-46.7639151078,"GROSS_PROFIT":4573471.76,"GROSS_PROFIT_YOY":-89.520362155093,"HOLDER_PROFIT":-25840031.28,"HOLDER_PROFIT_YOY":-661.7932296432,"GROSS_PROFIT_RATIO":31.987277299005,"EPS_TTM":-0.052790923875,"OPERATE_INCOME_QOQ":-22.311009745804,"NET_PROFIT_RATIO":-19.1721647934,"ROE_AVG":-655.045871559633,"GROSS_PROFIT_QOQ":3.701746530978,"ROA":-6.745001719094,"HOLDER_PROFIT_QOQ":-385.281870583015,"ROE_YEARLY":-1310.09174311927,"ROIC_YEARLY":-21.510695093499,"TOTAL_ASSETS":380082099.08,"TOTAL_LIABILITIES":341521520.84,"TAX_EBT":-0.596404771238,"OCF_SALES":23.496880216057,"TOTAL_PARENT_EQUITY":-6675046.84,"DEBT_ASSET_RATIO":89.8546713109,"OPERATE_PROFIT":-16087106.96,"PRETAX_PROFIT":-30058330.96,"NETCASH_OPERATE":27605792,"NETCASH_INVEST":6864415.84,"NETCASH_FINANCE":-21309483.16,"END_CASH":112131697.2,"DIVI_RATIO":null,"DIVIDEND_RATE":null,"CURRENT_RATIO":3.078570852813,"COMMON_ACS":160000000000,"CURRENTDEBT_DEBT":24.458513336011,"ISSUED_COMMON_SHARES":984706848,"HK_COMMON_SHARES":984706848,"PER_SHARES":12000,"TOTAL_MARKET_CAP":214666092.864,"HKSK_MARKET_CAP":214666092.864,"PE_TTM":-17.283904417391,"PB_TTM":2.224657417705,"REPORT_DATE_SQ":"2019-06-30 00:00:00","REPORT_TYPE_SQ":"2019年中报","OPERATE_INCOME_SQ":234886952.7,"DPS_HKD":null,"OPERATE_INCOME_QOQ_SQ":120.546249605346,"NET_PROFIT_RATIO_SQ":3.2672716459,"HOLDER_PROFIT_SQ":4895437.7,"HOLDER_PROFIT_QOQ_SQ":50.374993291745,"ROE_AVG_SQ":7.272509514811,"PE_TTM_SQ":-13.471181442994,"PB_TTM_SQ":1.475204072916,"ROA_SQ":0.949755913599,"START_DATE":"2020-07-01 00:00:00","FISCAL_YEAR":"6-30","CURRENCY":"HKD","IS_CNY_CODE":0,"DPS_HKD_LY":null,"ORG_TYPE":"一般企业","PREMIUM_INCOME":null,"PREMIUM_INCOME_YOY":null,"NET_INTEREST_INCOME":null,"NET_INTEREST_INCOME_YOY":null,"FEE_COMMISSION_INCOME":null,"FEE_COMMISSION_INCOME_YOY":null,"ACCOUNTS_RECE_TDAYS":1.008389354964,"INVENTORY_TDAYS":2.93598664069,"CURRENT_ASSETS_TDAYS":0.453231383626,"TOTAL_ASSETS_TDAYS":0.306675469016,"PREMIUM_EXPENSE":null,"LOAN_DEPOSIT":null,"LOAN_EQUITY":null,"LOAN_ASSETS":null,"DEPOSIT_EQUITY":null,"DEPOSIT_ASSETS":null,"EQUITY_MULTIPLIER":9.856753099329,"EQUITY_RATIO":-51.163913756147},{"SECUCODE":"00092.HK","SECURITY_CODE":"00092","SECURITY_NAME_ABBR":"冠军科技集团","ORG_CODE":"10007376","STD_REPORT_DATE":"2019-12-31 00:00:00","REPORT_DATE":"2020-06-30 00:00:00","DATE_TYPE_CODE":"001","REPORT_TYPE":"2019年年报","PER_NETCASH_OPERATE":-0.056084930056,"PER_OI":0.548557554865,"BPS":0.016052573649,"BASIC_EPS":-0.052796832,"DILUTED_EPS":-0.052796832,"OPERATE_INCOME":375120577.92,"OPERATE_INCOME_YOY":6.4833637571,"GROSS_PROFIT":84597332.16,"GROSS_PROFIT_YOY":11.419339597001,"HOLDER_PROFIT":-36100062.24,"HOLDER_PROFIT_YOY":45.2443299112,"GROSS_PROFIT_RATIO":22.552037168711,"EPS_TTM":0.018504829545,"OPERATE_INCOME_QOQ":42.327056115621,"NET_PROFIT_RATIO":-9.1860091363,"ROE_AVG":-88.302257772614,"GROSS_PROFIT_QOQ":7.442105195131,"ROA":-7.167158126866,"HOLDER_PROFIT_QOQ":119.930587750361,"ROE_YEARLY":-88.302257772614,"ROIC_YEARLY":-10.192418291214,"TOTAL_ASSETS":419055215.04,"TOTAL_LIABILITIES":361760604.48,"TAX_EBT":8.106791386534,"OCF_SALES":-10.224073947812,"TOTAL_PARENT_EQUITY":15807079.2,"DEBT_ASSET_RATIO":86.3276703156,"OPERATE_PROFIT":-4348887.84,"PRETAX_PROFIT":-37498538.88,"NETCASH_OPERATE":-38352605.28,"NETCASH_INVEST":123433147.2,"NETCASH_FINANCE":-98645125.92,"END_CASH":97784665.44,"DIVI_RATIO":null,"DIVIDEND_RATE":null,"CURRENT_RATIO":2.331635948508,"COMMON_ACS":160000000000,"CURRENTDEBT_DEBT":33.619161604072,"ISSUED_COMMON_SHARES":984706848,"HK_COMMON_SHARES":984706848,"PER_SHARES":12000,"TOTAL_MARKET_CAP":214666092.864,"HKSK_MARKET_CAP":214666092.864,"PE_TTM":-17.283904417391,"PB_TTM":2.224657417705,"REPORT_DATE_SQ":"2018-12-31 00:00:00","REPORT_TYPE_SQ":"2018年年报","OPERATE_INCOME_SQ":339253194.24,"DPS_HKD":null,"OPERATE_INCOME_QOQ_SQ":27.807662800909,"NET_PROFIT_RATIO_SQ":-18.3514665616,"HOLDER_PROFIT_SQ":-63491219.82,"HOLDER_PROFIT_QOQ_SQ":96.019002227568,"ROE_AVG_SQ":-119.853539462978,"PE_TTM_SQ":-13.471181442994,"PB_TTM_SQ":1.475204072916,"ROA_SQ":-12.06126132148,"START_DATE":"2019-07-01 00:00:00","FISCAL_YEAR":"6-30","CURRENCY":"HKD","IS_CNY_CODE":0,"DPS_HKD_LY":null,"ORG_TYPE":"一般企业","PREMIUM_INCOME":null,"PREMIUM_INCOME_YOY":null,"NET_INTEREST_INCOME":null,"NET_INTEREST_INCOME_YOY":null,"FEE_COMMISSION_INCOME":null,"FEE_COMMISSION_INCOME_YOY":null,"ACCOUNTS_RECE_TDAYS":5.414426411064,"INVENTORY_TDAYS":7.213499200526,"CURRENT_ASSETS_TDAYS":1.047396670871,"TOTAL_ASSETS_TDAYS":0.744748992597,"PREMIUM_EXPENSE":null,"LOAN_DEPOSIT":null,"LOAN_EQUITY":null,"LOAN_ASSETS":null,"DEPOSIT_EQUITY":null,"DEPOSIT_ASSETS":null,"EQUITY_MULTIPLIER":7.314042471789,"EQUITY_RATIO":22.885986709044}],"count":46},"success":true,"message":"ok","code":0}