{"version":"34b43c8519409bbc3ac34b84aafea9b8","result":{"pages":6,"data":[{"SECUCODE":"00094.HK","SECURITY_CODE":"00094","SECURITY_NAME_ABBR":"绿心集团","ORG_CODE":"10007378","STD_REPORT_DATE":"2024-06-30 00:00:00","REPORT_DATE":"2024-06-30 00:00:00","DATE_TYPE_CODE":"002","REPORT_TYPE":"2024年中报","PER_NETCASH_OPERATE":-0.00585938465,"PER_OI":0.013614495983,"BPS":0.326797596915,"BASIC_EPS":-0.04654668,"DILUTED_EPS":null,"OPERATE_INCOME":25254768.28,"OPERATE_INCOME_YOY":-45.4575917056,"GROSS_PROFIT":-6377807.84,"GROSS_PROFIT_YOY":-3.804203735335,"HOLDER_PROFIT":-85705215.4,"HOLDER_PROFIT_YOY":-127.6264119843,"GROSS_PROFIT_RATIO":-25.253875898956,"EPS_TTM":-0.071168148522,"OPERATE_INCOME_QOQ":-26.100811720958,"NET_PROFIT_RATIO":-409.3563658704,"ROE_AVG":-13.149649466375,"GROSS_PROFIT_QOQ":-0.285175133895,"ROA":-12.760782048887,"HOLDER_PROFIT_QOQ":-56.516742271233,"ROE_YEARLY":-26.299298932751,"ROIC_YEARLY":-15.843176092419,"TOTAL_ASSETS":613753570.32,"TOTAL_LIABILITIES":460563883.04,"TAX_EBT":12.76626877166,"OCF_SALES":-43.037837447147,"TOTAL_PARENT_EQUITY":606206619.4,"DEBT_ASSET_RATIO":75.0405220127,"OPERATE_PROFIT":-107417872.6,"PRETAX_PROFIT":-118511498,"NETCASH_OPERATE":-10869106.12,"NETCASH_INVEST":-5069024.72,"NETCASH_FINANCE":-2754468.24,"END_CASH":24230741.32,"DIVI_RATIO":null,"DIVIDEND_RATE":null,"CURRENT_RATIO":0.756220946131,"COMMON_ACS":15000000000,"CURRENTDEBT_DEBT":15.943229468044,"ISSUED_COMMON_SHARES":1854991056,"HK_COMMON_SHARES":1854991056,"PER_SHARES":2000,"TOTAL_MARKET_CAP":109444472.304,"HKSK_MARKET_CAP":109444472.304,"PE_TTM":-0.751029138959,"PB_TTM":0.164775140663,"REPORT_DATE_SQ":"2023-06-30 00:00:00","REPORT_TYPE_SQ":"2023年中报","OPERATE_INCOME_SQ":46774811.34,"DPS_HKD":null,"OPERATE_INCOME_QOQ_SQ":-23.547076147622,"NET_PROFIT_RATIO_SQ":-99.3791023594,"HOLDER_PROFIT_SQ":-38035362.92,"HOLDER_PROFIT_QOQ_SQ":9.742101940641,"ROE_AVG_SQ":-4.98578735171,"PE_TTM_SQ":-1.503312003311,"PB_TTM_SQ":0.10848454336,"ROA_SQ":-4.385473954671,"START_DATE":"2024-01-01 00:00:00","FISCAL_YEAR":"12-31","CURRENCY":"HKD","IS_CNY_CODE":0,"DPS_HKD_LY":null,"ORG_TYPE":"一般企业","PREMIUM_INCOME":null,"PREMIUM_INCOME_YOY":null,"NET_INTEREST_INCOME":null,"NET_INTEREST_INCOME_YOY":null,"FEE_COMMISSION_INCOME":null,"FEE_COMMISSION_INCOME_YOY":null,"ACCOUNTS_RECE_TDAYS":2.003330316742,"INVENTORY_TDAYS":4.839966485128,"CURRENT_ASSETS_TDAYS":0.359396308755,"TOTAL_ASSETS_TDAYS":0.037602215012,"PREMIUM_EXPENSE":null,"LOAN_DEPOSIT":null,"LOAN_EQUITY":null,"LOAN_ASSETS":null,"DEPOSIT_EQUITY":null,"DEPOSIT_ASSETS":null,"EQUITY_MULTIPLIER":4.006494048108,"EQUITY_RATIO":0.759747367153},{"SECUCODE":"00094.HK","SECURITY_CODE":"00094","SECURITY_NAME_ABBR":"绿心集团","ORG_CODE":"10007378","STD_REPORT_DATE":"2023-12-31 00:00:00","REPORT_DATE":"2023-12-31 00:00:00","DATE_TYPE_CODE":"001","REPORT_TYPE":"2023年年报","PER_NETCASH_OPERATE":0.001213998684,"PER_OI":0.044447496269,"BPS":0.37325989464,"BASIC_EPS":-0.045311,"DILUTED_EPS":null,"OPERATE_INCOME":82449708.04,"OPERATE_INCOME_YOY":-44.6261525821,"GROSS_PROFIT":-81961255.46,"GROSS_PROFIT_YOY":-87.582653193029,"HOLDER_PROFIT":-84346426.5,"HOLDER_PROFIT_YOY":-36.5697264937,"GROSS_PROFIT_RATIO":-99.40757512475,"EPS_TTM":-0.045469990935,"OPERATE_INCOME_QOQ":-26.521294845461,"NET_PROFIT_RATIO":-153.5182783408,"ROE_AVG":-11.524524671398,"GROSS_PROFIT_QOQ":-80.392468167431,"ROA":-10.53290918782,"HOLDER_PROFIT_QOQ":-53.504148981725,"ROE_YEARLY":-11.524524671398,"ROIC_YEARLY":-7.28483611369,"TOTAL_ASSETS":724342552.22,"TOTAL_LIABILITIES":464208476.34,"TAX_EBT":24.114137934781,"OCF_SALES":2.731309489789,"TOTAL_PARENT_EQUITY":692393766.12,"DEBT_ASSET_RATIO":64.0868709035,"OPERATE_PROFIT":-145147444.96,"PRETAX_PROFIT":-166797040.76,"NETCASH_OPERATE":2251956.7,"NETCASH_INVEST":-10446904.16,"NETCASH_FINANCE":-13310559.36,"END_CASH":43239381.08,"DIVI_RATIO":null,"DIVIDEND_RATE":null,"CURRENT_RATIO":1.795185599198,"COMMON_ACS":15000000000,"CURRENTDEBT_DEBT":10.12909787661,"ISSUED_COMMON_SHARES":1854991056,"HK_COMMON_SHARES":1854991056,"PER_SHARES":2000,"TOTAL_MARKET_CAP":109444472.304,"HKSK_MARKET_CAP":109444472.304,"PE_TTM":-0.751029138959,"PB_TTM":0.164775140663,"REPORT_DATE_SQ":"2022-12-31 00:00:00","REPORT_TYPE_SQ":"2022年年报","OPERATE_INCOME_SQ":146768727.35,"DPS_HKD":null,"OPERATE_INCOME_QOQ_SQ":-33.174739430215,"NET_PROFIT_RATIO_SQ":-59.4905815404,"HOLDER_PROFIT_SQ":-60878137.04,"HOLDER_PROFIT_QOQ_SQ":25.386513800931,"ROE_AVG_SQ":-7.706520780422,"PE_TTM_SQ":-1.183458385585,"PB_TTM_SQ":0.085402725624,"ROA_SQ":-6.558976848887,"START_DATE":"2023-01-01 00:00:00","FISCAL_YEAR":"12-31","CURRENCY":"HKD","IS_CNY_CODE":0,"DPS_HKD_LY":null,"ORG_TYPE":"一般企业","PREMIUM_INCOME":null,"PREMIUM_INCOME_YOY":null,"NET_INTEREST_INCOME":null,"NET_INTEREST_INCOME_YOY":null,"FEE_COMMISSION_INCOME":null,"FEE_COMMISSION_INCOME_YOY":null,"ACCOUNTS_RECE_TDAYS":3.458734080973,"INVENTORY_TDAYS":17.141439909297,"CURRENT_ASSETS_TDAYS":0.783253988068,"TOTAL_ASSETS_TDAYS":0.102960531155,"PREMIUM_EXPENSE":null,"LOAN_DEPOSIT":null,"LOAN_EQUITY":null,"LOAN_ASSETS":null,"DEPOSIT_EQUITY":null,"DEPOSIT_ASSETS":null,"EQUITY_MULTIPLIER":2.784496993601,"EQUITY_RATIO":0.670439999686},{"SECUCODE":"00094.HK","SECURITY_CODE":"00094","SECURITY_NAME_ABBR":"绿心集团","ORG_CODE":"10007378","STD_REPORT_DATE":"2023-06-30 00:00:00","REPORT_DATE":"2023-06-30 00:00:00","DATE_TYPE_CODE":"002","REPORT_TYPE":"2023年中报","PER_NETCASH_OPERATE":0.0049245401,"PER_OI":0.025215653299,"BPS":0.399439944696,"BASIC_EPS":-0.02028356,"DILUTED_EPS":null,"OPERATE_INCOME":46774811.34,"OPERATE_INCOME_YOY":-46.6569232549,"GROSS_PROFIT":-6144074.72,"GROSS_PROFIT_YOY":-39.55819266452,"HOLDER_PROFIT":-38035362.92,"HOLDER_PROFIT_YOY":19.7564723503,"GROSS_PROFIT_RATIO":-13.135434529793,"EPS_TTM":-0.02962134329,"OPERATE_INCOME_QOQ":-23.547076147622,"NET_PROFIT_RATIO":-99.3791023594,"ROE_AVG":-4.98578735171,"GROSS_PROFIT_QOQ":-3.985856559668,"ROA":-4.385473954671,"HOLDER_PROFIT_QOQ":9.742101940641,"ROE_YEARLY":-9.97157470342,"ROIC_YEARLY":-6.331301374488,"TOTAL_ASSETS":842114404.48,"TOTAL_LIABILITIES":506419642.52,"TAX_EBT":6.750758304357,"OCF_SALES":19.529694676049,"TOTAL_PARENT_EQUITY":740957524.82,"DEBT_ASSET_RATIO":60.1366797463,"OPERATE_PROFIT":-39377765.8,"PRETAX_PROFIT":-49849614.64,"NETCASH_OPERATE":9134977.84,"NETCASH_INVEST":-3704515.64,"NETCASH_FINANCE":-2820336.82,"END_CASH":67590353.8,"DIVI_RATIO":null,"DIVIDEND_RATE":null,"CURRENT_RATIO":1.851319811477,"COMMON_ACS":15000000000,"CURRENTDEBT_DEBT":12.09068697954,"ISSUED_COMMON_SHARES":1854991056,"HK_COMMON_SHARES":1854991056,"PER_SHARES":2000,"TOTAL_MARKET_CAP":109444472.304,"HKSK_MARKET_CAP":109444472.304,"PE_TTM":-0.751029138959,"PB_TTM":0.164775140663,"REPORT_DATE_SQ":"2022-06-30 00:00:00","REPORT_TYPE_SQ":"2022年中报","OPERATE_INCOME_SQ":81334555.33,"DPS_HKD":null,"OPERATE_INCOME_QOQ_SQ":-16.19006656228,"NET_PROFIT_RATIO_SQ":-66.7784705647,"HOLDER_PROFIT_SQ":-43966173.09,"HOLDER_PROFIT_QOQ_SQ":-170.165420954762,"ROE_AVG_SQ":-5.812958880985,"PE_TTM_SQ":-1.183458385585,"PB_TTM_SQ":0.085402725624,"ROA_SQ":-4.87327226616,"START_DATE":"2023-01-01 00:00:00","FISCAL_YEAR":"12-31","CURRENCY":"HKD","IS_CNY_CODE":0,"DPS_HKD_LY":null,"ORG_TYPE":"一般企业","PREMIUM_INCOME":null,"PREMIUM_INCOME_YOY":null,"NET_INTEREST_INCOME":null,"NET_INTEREST_INCOME_YOY":null,"FEE_COMMISSION_INCOME":null,"FEE_COMMISSION_INCOME_YOY":null,"ACCOUNTS_RECE_TDAYS":1.91872470784,"INVENTORY_TDAYS":4.541800197824,"CURRENT_ASSETS_TDAYS":0.3870960358,"TOTAL_ASSETS_TDAYS":0.053931315786,"PREMIUM_EXPENSE":null,"LOAN_DEPOSIT":null,"LOAN_EQUITY":null,"LOAN_ASSETS":null,"DEPOSIT_EQUITY":null,"DEPOSIT_ASSETS":null,"EQUITY_MULTIPLIER":2.508571773841,"EQUITY_RATIO":0.683466495118},{"SECUCODE":"00094.HK","SECURITY_CODE":"00094","SECURITY_NAME_ABBR":"绿心集团","ORG_CODE":"10007378","STD_REPORT_DATE":"2022-12-31 00:00:00","REPORT_DATE":"2022-12-31 00:00:00","DATE_TYPE_CODE":"001","REPORT_TYPE":"2022年年报","PER_NETCASH_OPERATE":-0.010217517113,"PER_OI":0.079120989223,"BPS":0.409897335025,"BASIC_EPS":-0.03305099,"DILUTED_EPS":null,"OPERATE_INCOME":146768727.35,"OPERATE_INCOME_YOY":-48.7381482025,"GROSS_PROFIT":-43693408.78,"GROSS_PROFIT_YOY":-265.278213971298,"HOLDER_PROFIT":-60878137.04,"HOLDER_PROFIT_YOY":-84.5037630624,"GROSS_PROFIT_RATIO":-29.770244362618,"EPS_TTM":-0.032818560954,"OPERATE_INCOME_QOQ":-33.174739430215,"NET_PROFIT_RATIO":-59.4905815404,"ROE_AVG":-7.706520780422,"GROSS_PROFIT_QOQ":-7683.32361428986,"ROA":-6.558976848887,"HOLDER_PROFIT_QOQ":25.386513800931,"ROE_YEARLY":-7.706520780422,"ROIC_YEARLY":-4.966036657966,"TOTAL_ASSETS":864700545.59,"TOTAL_LIABILITIES":488801810.35,"TAX_EBT":16.319087733717,"OCF_SALES":-12.913788381364,"TOTAL_PARENT_EQUITY":760355890.35,"DEBT_ASSET_RATIO":56.5284493971,"OPERATE_PROFIT":-89004529.53,"PRETAX_PROFIT":-104341082.16,"NETCASH_OPERATE":-18953402.86,"NETCASH_INVEST":8664719,"NETCASH_FINANCE":-5504329.74,"END_CASH":64030486.87,"DIVI_RATIO":null,"DIVIDEND_RATE":null,"CURRENT_RATIO":1.60750545757,"COMMON_ACS":15000000000,"CURRENTDEBT_DEBT":15.821675606034,"ISSUED_COMMON_SHARES":1854991056,"HK_COMMON_SHARES":1854991056,"PER_SHARES":2000,"TOTAL_MARKET_CAP":109444472.304,"HKSK_MARKET_CAP":109444472.304,"PE_TTM":-0.751029138959,"PB_TTM":0.164775140663,"REPORT_DATE_SQ":"2021-12-31 00:00:00","REPORT_TYPE_SQ":"2021年年报","OPERATE_INCOME_SQ":262057969.6,"DPS_HKD":null,"OPERATE_INCOME_QOQ_SQ":-11.688870670123,"NET_PROFIT_RATIO_SQ":-18.4796004006,"HOLDER_PROFIT_SQ":-30200508.8,"HOLDER_PROFIT_QOQ_SQ":-299.554189706935,"ROE_AVG_SQ":-3.946896726003,"PE_TTM_SQ":-1.183458385585,"PB_TTM_SQ":0.085402725624,"ROA_SQ":-3.185058559015,"START_DATE":"2022-01-01 00:00:00","FISCAL_YEAR":"12-31","CURRENCY":"HKD","IS_CNY_CODE":0,"DPS_HKD_LY":null,"ORG_TYPE":"一般企业","PREMIUM_INCOME":null,"PREMIUM_INCOME_YOY":null,"NET_INTEREST_INCOME":null,"NET_INTEREST_INCOME_YOY":null,"FEE_COMMISSION_INCOME":null,"FEE_COMMISSION_INCOME_YOY":null,"ACCOUNTS_RECE_TDAYS":4.275547112857,"INVENTORY_TDAYS":7.954300423421,"CURRENT_ASSETS_TDAYS":0.961683099066,"TOTAL_ASSETS_TDAYS":0.158127815934,"PREMIUM_EXPENSE":null,"LOAN_DEPOSIT":null,"LOAN_EQUITY":null,"LOAN_ASSETS":null,"DEPOSIT_EQUITY":null,"DEPOSIT_ASSETS":null,"EQUITY_MULTIPLIER":2.3003550279,"EQUITY_RATIO":0.642859240723},{"SECUCODE":"00094.HK","SECURITY_CODE":"00094","SECURITY_NAME_ABBR":"绿心集团","ORG_CODE":"10007378","STD_REPORT_DATE":"2022-06-30 00:00:00","REPORT_DATE":"2022-06-30 00:00:00","DATE_TYPE_CODE":"002","REPORT_TYPE":"2022年中报","PER_NETCASH_OPERATE":-0.000963073059,"PER_OI":0.04384633288,"BPS":0.392495837878,"BASIC_EPS":-0.02394532,"DILUTED_EPS":-0.02394532,"OPERATE_INCOME":81334555.33,"OPERATE_INCOME_YOY":-36.0573626108,"GROSS_PROFIT":-4402518.12,"GROSS_PROFIT_YOY":-119.484365225494,"HOLDER_PROFIT":-43966173.09,"HOLDER_PROFIT_YOY":-676.1627255407,"GROSS_PROFIT_RATIO":-5.412850789111,"EPS_TTM":-0.043984757482,"OPERATE_INCOME_QOQ":-16.19006656228,"NET_PROFIT_RATIO":-66.7784705647,"ROE_AVG":-5.812958880985,"GROSS_PROFIT_QOQ":-102.123491482069,"ROA":-4.87327226616,"HOLDER_PROFIT_QOQ":-170.165420954762,"ROE_YEARLY":-11.62591776197,"ROIC_YEARLY":-7.526838822126,"TOTAL_ASSETS":855023237.95,"TOTAL_LIABILITIES":480054064.98,"TAX_EBT":12.557825751735,"OCF_SALES":-2.196473445698,"TOTAL_PARENT_EQUITY":728076268.78,"DEBT_ASSET_RATIO":56.1451483039,"OPERATE_PROFIT":-55815685.73,"PRETAX_PROFIT":-62114160.08,"NETCASH_OPERATE":-1786491.91,"NETCASH_INVEST":12134290.91,"NETCASH_FINANCE":-2623722.92,"END_CASH":84284105.64,"DIVI_RATIO":null,"DIVIDEND_RATE":null,"CURRENT_RATIO":2.257521182367,"COMMON_ACS":15000000000,"CURRENTDEBT_DEBT":13.897588279516,"ISSUED_COMMON_SHARES":1854991056,"HK_COMMON_SHARES":1854991056,"PER_SHARES":2000,"TOTAL_MARKET_CAP":109444472.304,"HKSK_MARKET_CAP":109444472.304,"PE_TTM":-0.751029138959,"PB_TTM":0.164775140663,"REPORT_DATE_SQ":"2021-06-30 00:00:00","REPORT_TYPE_SQ":"2021年中报","OPERATE_INCOME_SQ":123761915.04,"DPS_HKD":null,"OPERATE_INCOME_QOQ_SQ":8.068979816896,"NET_PROFIT_RATIO_SQ":-0.8555968887,"HOLDER_PROFIT_SQ":7424649.84,"HOLDER_PROFIT_QOQ_SQ":204.319467146081,"ROE_AVG_SQ":0.932979784567,"PE_TTM_SQ":-1.183458385585,"PB_TTM_SQ":0.085402725624,"ROA_SQ":0.740589192942,"START_DATE":"2022-01-01 00:00:00","FISCAL_YEAR":"12-31","CURRENCY":"HKD","IS_CNY_CODE":0,"DPS_HKD_LY":null,"ORG_TYPE":"一般企业","PREMIUM_INCOME":null,"PREMIUM_INCOME_YOY":null,"NET_INTEREST_INCOME":null,"NET_INTEREST_INCOME_YOY":null,"FEE_COMMISSION_INCOME":null,"FEE_COMMISSION_INCOME_YOY":null,"ACCOUNTS_RECE_TDAYS":2.49657435359,"INVENTORY_TDAYS":3.30759967668,"CURRENT_ASSETS_TDAYS":0.502353121385,"TOTAL_ASSETS_TDAYS":0.090152361444,"PREMIUM_EXPENSE":null,"LOAN_DEPOSIT":null,"LOAN_EQUITY":null,"LOAN_ASSETS":null,"DEPOSIT_EQUITY":null,"DEPOSIT_ASSETS":null,"EQUITY_MULTIPLIER":2.280249416711,"EQUITY_RATIO":0.659345848182},{"SECUCODE":"00094.HK","SECURITY_CODE":"00094","SECURITY_NAME_ABBR":"绿心集团","ORG_CODE":"10007378","STD_REPORT_DATE":"2021-12-31 00:00:00","REPORT_DATE":"2021-12-31 00:00:00","DATE_TYPE_CODE":"001","REPORT_TYPE":"2021年年报","PER_NETCASH_OPERATE":0.0013399008,"PER_OI":0.141271823793,"BPS":0.40438514675,"BASIC_EPS":-0.016352,"DILUTED_EPS":-0.016352,"OPERATE_INCOME":262057969.6,"OPERATE_INCOME_YOY":-1.7569187103,"GROSS_PROFIT":26436278.4,"GROSS_PROFIT_YOY":248.192382942723,"HOLDER_PROFIT":-30200508.8,"HOLDER_PROFIT_YOY":-114.294830887,"GROSS_PROFIT_RATIO":10.087950555502,"EPS_TTM":-0.016280676234,"OPERATE_INCOME_QOQ":-11.688870670123,"NET_PROFIT_RATIO":-18.4796004006,"ROE_AVG":-3.946896726003,"GROSS_PROFIT_QOQ":-20.526142134363,"ROA":-3.185058559015,"HOLDER_PROFIT_QOQ":-299.554189706935,"ROE_YEARLY":-3.946896726003,"ROIC_YEARLY":-2.602954026552,"TOTAL_ASSETS":907627571.2,"TOTAL_LIABILITIES":485190003.2,"TAX_EBT":-19.656168562251,"OCF_SALES":0.948455795408,"TOTAL_PARENT_EQUITY":750130830.4,"DEBT_ASSET_RATIO":53.4569484881,"OPERATE_PROFIT":-27149225.6,"PRETAX_PROFIT":-40472017.6,"NETCASH_OPERATE":2485504,"NETCASH_INVEST":-17026520,"NETCASH_FINANCE":-44111972.8,"END_CASH":75968121.6,"DIVI_RATIO":null,"DIVIDEND_RATE":null,"CURRENT_RATIO":1.995172889371,"COMMON_ACS":15000000000,"CURRENTDEBT_DEBT":17.10558244247,"ISSUED_COMMON_SHARES":1854991056,"HK_COMMON_SHARES":1854991056,"PER_SHARES":2000,"TOTAL_MARKET_CAP":109444472.304,"HKSK_MARKET_CAP":109444472.304,"PE_TTM":-0.751029138959,"PB_TTM":0.164775140663,"REPORT_DATE_SQ":"2020-12-31 00:00:00","REPORT_TYPE_SQ":"2020年年报","OPERATE_INCOME_SQ":274587574.92,"DPS_HKD":null,"OPERATE_INCOME_QOQ_SQ":-3.470325460751,"NET_PROFIT_RATIO_SQ":-11.0733081382,"HOLDER_PROFIT_SQ":-14507348.68,"HOLDER_PROFIT_QOQ_SQ":88.952264786207,"ROE_AVG_SQ":-1.80770779673,"PE_TTM_SQ":-1.183458385585,"PB_TTM_SQ":0.085402725624,"ROA_SQ":-1.417821348917,"START_DATE":"2021-01-01 00:00:00","FISCAL_YEAR":"12-31","CURRENCY":"HKD","IS_CNY_CODE":0,"DPS_HKD_LY":null,"ORG_TYPE":"一般企业","PREMIUM_INCOME":null,"PREMIUM_INCOME_YOY":null,"NET_INTEREST_INCOME":null,"NET_INTEREST_INCOME_YOY":null,"FEE_COMMISSION_INCOME":null,"FEE_COMMISSION_INCOME_YOY":null,"ACCOUNTS_RECE_TDAYS":10.952740568617,"INVENTORY_TDAYS":8.810363803118,"CURRENT_ASSETS_TDAYS":1.443268191643,"TOTAL_ASSETS_TDAYS":0.276376131462,"PREMIUM_EXPENSE":null,"LOAN_DEPOSIT":null,"LOAN_EQUITY":null,"LOAN_ASSETS":null,"DEPOSIT_EQUITY":null,"DEPOSIT_ASSETS":null,"EQUITY_MULTIPLIER":2.148548424558,"EQUITY_RATIO":0.646807174878},{"SECUCODE":"00094.HK","SECURITY_CODE":"00094","SECURITY_NAME_ABBR":"绿心集团","ORG_CODE":"10007378","STD_REPORT_DATE":"2021-06-30 00:00:00","REPORT_DATE":"2021-06-30 00:00:00","DATE_TYPE_CODE":"002","REPORT_TYPE":"2021年中报","PER_NETCASH_OPERATE":0.002978008493,"PER_OI":0.066718335185,"BPS":0.429959115706,"BASIC_EPS":0.0041604,"DILUTED_EPS":0.0041604,"OPERATE_INCOME":123761915.04,"OPERATE_INCOME_YOY":33.8917817523,"GROSS_PROFIT":22595132.4,"GROSS_PROFIT_YOY":692.202708800829,"HOLDER_PROFIT":7424649.84,"HOLDER_PROFIT_YOY":136.6869500863,"GROSS_PROFIT_RATIO":17.765979032804,"EPS_TTM":0.008158523887,"OPERATE_INCOME_QOQ":8.068979816896,"NET_PROFIT_RATIO":-0.8555968887,"ROE_AVG":0.932979784567,"GROSS_PROFIT_QOQ":338.121908629875,"ROA":0.740589192942,"HOLDER_PROFIT_QOQ":204.319467146081,"ROE_YEARLY":1.865959569133,"ROIC_YEARLY":1.25022987318,"TOTAL_ASSETS":998795548.8,"TOTAL_LIABILITIES":524649738.24,"TAX_EBT":135.315466219989,"OCF_SALES":4.49036185323,"TOTAL_PARENT_EQUITY":797570314.08,"DEBT_ASSET_RATIO":52.5282415275,"OPERATE_PROFIT":9534804.72,"PRETAX_PROFIT":2980510.56,"NETCASH_OPERATE":5524179.12,"NETCASH_INVEST":-7739176.08,"NETCASH_FINANCE":-7310654.88,"END_CASH":128459838.72,"DIVI_RATIO":null,"DIVIDEND_RATE":null,"CURRENT_RATIO":2.380984567931,"COMMON_ACS":15000000000,"CURRENTDEBT_DEBT":16.659212596427,"ISSUED_COMMON_SHARES":1854991056,"HK_COMMON_SHARES":1854991056,"PER_SHARES":2000,"TOTAL_MARKET_CAP":109444472.304,"HKSK_MARKET_CAP":109444472.304,"PE_TTM":-0.751029138959,"PB_TTM":0.164775140663,"REPORT_DATE_SQ":"2020-06-30 00:00:00","REPORT_TYPE_SQ":"2020年中报","OPERATE_INCOME_SQ":100866612,"DPS_HKD":null,"OPERATE_INCOME_QOQ_SQ":-15.190941770309,"NET_PROFIT_RATIO_SQ":-32.6973058637,"HOLDER_PROFIT_SQ":-22216687.68,"HOLDER_PROFIT_QOQ_SQ":-1.932403569261,"ROE_AVG_SQ":-2.594493342024,"PE_TTM_SQ":-1.183458385585,"PB_TTM_SQ":0.085402725624,"ROA_SQ":-2.036363514582,"START_DATE":"2021-01-01 00:00:00","FISCAL_YEAR":"12-31","CURRENCY":"HKD","IS_CNY_CODE":0,"DPS_HKD_LY":null,"ORG_TYPE":"一般企业","PREMIUM_INCOME":null,"PREMIUM_INCOME_YOY":null,"NET_INTEREST_INCOME":null,"NET_INTEREST_INCOME_YOY":null,"FEE_COMMISSION_INCOME":null,"FEE_COMMISSION_INCOME_YOY":null,"ACCOUNTS_RECE_TDAYS":8.629496402878,"INVENTORY_TDAYS":3.599792746114,"CURRENT_ASSETS_TDAYS":0.601345044343,"TOTAL_ASSETS_TDAYS":0.122712218062,"PREMIUM_EXPENSE":null,"LOAN_DEPOSIT":null,"LOAN_EQUITY":null,"LOAN_ASSETS":null,"DEPOSIT_EQUITY":null,"DEPOSIT_ASSETS":null,"EQUITY_MULTIPLIER":2.106515604597,"EQUITY_RATIO":0.657810012457},{"SECUCODE":"00094.HK","SECURITY_CODE":"00094","SECURITY_NAME_ABBR":"绿心集团","ORG_CODE":"10007378","STD_REPORT_DATE":"2020-12-31 00:00:00","REPORT_DATE":"2020-12-31 00:00:00","DATE_TYPE_CODE":"001","REPORT_TYPE":"2020年年报","PER_NETCASH_OPERATE":0.017440407519,"PER_OI":0.148026360576,"BPS":0.432968019011,"BASIC_EPS":-0.00757476,"DILUTED_EPS":-0.00757476,"OPERATE_INCOME":274587574.92,"OPERATE_INCOME_YOY":-12.867921001,"GROSS_PROFIT":7592434.44,"GROSS_PROFIT_YOY":-80.800135330059,"HOLDER_PROFIT":-14507348.68,"HOLDER_PROFIT_YOY":88.0143796849,"GROSS_PROFIT_RATIO":2.765032045682,"EPS_TTM":-0.007820710851,"OPERATE_INCOME_QOQ":-3.470325460751,"NET_PROFIT_RATIO":-11.0733081382,"ROE_AVG":-1.80770779673,"GROSS_PROFIT_QOQ":-70.927861933675,"ROA":-1.417821348917,"HOLDER_PROFIT_QOQ":88.952264786207,"ROE_YEARLY":-1.80770779673,"ROIC_YEARLY":-1.21660846657,"TOTAL_ASSETS":1017831442.52,"TOTAL_LIABILITIES":533245429.56,"TAX_EBT":-20.612292591727,"OCF_SALES":11.781960625649,"TOTAL_PARENT_EQUITY":803151802.8,"DEBT_ASSET_RATIO":52.3903474862,"OPERATE_PROFIT":-10448960.6,"PRETAX_PROFIT":-25209642.92,"NETCASH_OPERATE":32351799.96,"NETCASH_INVEST":-18861994.04,"NETCASH_FINANCE":-16505402.04,"END_CASH":141129561.76,"DIVI_RATIO":null,"DIVIDEND_RATE":null,"CURRENT_RATIO":2.112390394013,"COMMON_ACS":15000000000,"CURRENTDEBT_DEBT":18.054102171947,"ISSUED_COMMON_SHARES":1854991056,"HK_COMMON_SHARES":1854991056,"PER_SHARES":2000,"TOTAL_MARKET_CAP":109444472.304,"HKSK_MARKET_CAP":109444472.304,"PE_TTM":-0.751029138959,"PB_TTM":0.164775140663,"REPORT_DATE_SQ":"2019-12-31 00:00:00","REPORT_TYPE_SQ":"2019年年报","OPERATE_INCOME_SQ":335411384.3,"DPS_HKD":null,"OPERATE_INCOME_QOQ_SQ":-5.414349416762,"NET_PROFIT_RATIO_SQ":-60.9240589154,"HOLDER_PROFIT_SQ":-128825704.92,"HOLDER_PROFIT_QOQ_SQ":-87.995452035408,"ROE_AVG_SQ":-14.102169983247,"PE_TTM_SQ":-1.183458385585,"PB_TTM_SQ":0.085402725624,"ROA_SQ":-10.307728861447,"START_DATE":"2020-01-01 00:00:00","FISCAL_YEAR":"12-31","CURRENCY":"HKD","IS_CNY_CODE":0,"DPS_HKD_LY":null,"ORG_TYPE":"一般企业","PREMIUM_INCOME":null,"PREMIUM_INCOME_YOY":null,"NET_INTEREST_INCOME":null,"NET_INTEREST_INCOME_YOY":null,"FEE_COMMISSION_INCOME":null,"FEE_COMMISSION_INCOME_YOY":null,"ACCOUNTS_RECE_TDAYS":16.089012723148,"INVENTORY_TDAYS":11.979155652896,"CURRENT_ASSETS_TDAYS":1.296733652363,"TOTAL_ASSETS_TDAYS":0.268357874658,"PREMIUM_EXPENSE":null,"LOAN_DEPOSIT":null,"LOAN_EQUITY":null,"LOAN_ASSETS":null,"DEPOSIT_EQUITY":null,"DEPOSIT_ASSETS":null,"EQUITY_MULTIPLIER":2.100414405903,"EQUITY_RATIO":0.663941022981},{"SECUCODE":"00094.HK","SECURITY_CODE":"00094","SECURITY_NAME_ABBR":"绿心集团","ORG_CODE":"10007378","STD_REPORT_DATE":"2020-06-30 00:00:00","REPORT_DATE":"2020-06-30 00:00:00","DATE_TYPE_CODE":"002","REPORT_TYPE":"2020年中报","PER_NETCASH_OPERATE":0.004544078147,"PER_OI":0.054375794252,"BPS":0.454067058057,"BASIC_EPS":-0.01187472,"DILUTED_EPS":-0.01187472,"OPERATE_INCOME":100866612,"OPERATE_INCOME_YOY":-36.018147264,"GROSS_PROFIT":-3815438.88,"GROSS_PROFIT_YOY":-139.690719384493,"HOLDER_PROFIT":-22216687.68,"HOLDER_PROFIT_YOY":-8.4544724873,"GROSS_PROFIT_RATIO":-3.78265791261,"EPS_TTM":-0.070790172823,"OPERATE_INCOME_QOQ":-15.190941770309,"NET_PROFIT_RATIO":-32.6973058637,"ROE_AVG":-2.594493342024,"GROSS_PROFIT_QOQ":-33.957851238397,"ROA":-2.036363514582,"HOLDER_PROFIT_QOQ":-1.932403569261,"ROE_YEARLY":-5.188986684047,"ROIC_YEARLY":-3.472603206683,"TOTAL_ASSETS":1065650160.96,"TOTAL_LIABILITIES":562611445.44,"TAX_EBT":12.355568501796,"OCF_SALES":8.356803260131,"TOTAL_PARENT_EQUITY":842290331.52,"DEBT_ASSET_RATIO":52.7951354066,"OPERATE_PROFIT":-29186234.88,"PRETAX_PROFIT":-37630074.24,"NETCASH_OPERATE":8429224.32,"NETCASH_INVEST":-16071976.8,"NETCASH_FINANCE":-7114784.16,"END_CASH":136921915.68,"DIVI_RATIO":null,"DIVIDEND_RATE":null,"CURRENT_RATIO":2.12216868555,"COMMON_ACS":15000000000,"CURRENTDEBT_DEBT":18.027327958229,"ISSUED_COMMON_SHARES":1854991056,"HK_COMMON_SHARES":1854991056,"PER_SHARES":2000,"TOTAL_MARKET_CAP":109444472.304,"HKSK_MARKET_CAP":109444472.304,"PE_TTM":-0.751029138959,"PB_TTM":0.164775140663,"REPORT_DATE_SQ":"2019-06-30 00:00:00","REPORT_TYPE_SQ":"2019年中报","OPERATE_INCOME_SQ":151818760.08,"DPS_HKD":null,"OPERATE_INCOME_QOQ_SQ":-5.23694703162,"NET_PROFIT_RATIO_SQ":-23.5683311201,"HOLDER_PROFIT_SQ":-19727255.16,"HOLDER_PROFIT_QOQ_SQ":-37.496723119685,"ROE_AVG_SQ":-2.084968073752,"PE_TTM_SQ":-1.183458385585,"PB_TTM_SQ":0.085402725624,"ROA_SQ":-1.474385946458,"START_DATE":"2020-01-01 00:00:00","FISCAL_YEAR":"12-31","CURRENCY":"HKD","IS_CNY_CODE":0,"DPS_HKD_LY":null,"ORG_TYPE":"一般企业","PREMIUM_INCOME":null,"PREMIUM_INCOME_YOY":null,"NET_INTEREST_INCOME":null,"NET_INTEREST_INCOME_YOY":null,"FEE_COMMISSION_INCOME":null,"FEE_COMMISSION_INCOME_YOY":null,"ACCOUNTS_RECE_TDAYS":6.149583716203,"INVENTORY_TDAYS":3.506363970138,"CURRENT_ASSETS_TDAYS":0.444190129868,"TOTAL_ASSETS_TDAYS":0.092453515787,"PREMIUM_EXPENSE":null,"LOAN_DEPOSIT":null,"LOAN_EQUITY":null,"LOAN_ASSETS":null,"DEPOSIT_EQUITY":null,"DEPOSIT_ASSETS":null,"EQUITY_MULTIPLIER":2.118425735596,"EQUITY_RATIO":0.667954296026}],"count":51},"success":true,"message":"ok","code":0}