{"version":"cc77c8137656031a91759f09b59e4ede","result":{"pages":5,"data":[{"SECUCODE":"00095.HK","SECURITY_CODE":"00095","SECURITY_NAME_ABBR":"绿景中国地产","ORG_CODE":"10010832","STD_REPORT_DATE":"2024-06-30 00:00:00","REPORT_DATE":"2024-06-30 00:00:00","DATE_TYPE_CODE":"002","REPORT_TYPE":"2024年中报","PER_NETCASH_OPERATE":0.190808647338,"PER_OI":0.381117265641,"BPS":3.873204995625,"BASIC_EPS":-0.2998,"DILUTED_EPS":-0.2998,"OPERATE_INCOME":1942823000,"OPERATE_INCOME_YOY":44.4575804014,"GROSS_PROFIT":437732000,"GROSS_PROFIT_YOY":-25.187956432049,"HOLDER_PROFIT":-1528224000,"HOLDER_PROFIT_YOY":-124.4233107572,"GROSS_PROFIT_RATIO":22.530719473673,"EPS_TTM":-0.583349487256,"OPERATE_INCOME_QOQ":9.773624679369,"NET_PROFIT_RATIO":-82.8906699169,"ROE_AVG":-6.813382133717,"GROSS_PROFIT_QOQ":-9.349825599174,"ROA":-1.452163584999,"HOLDER_PROFIT_QOQ":-39.843779023972,"ROE_YEARLY":-13.626764267435,"ROIC_YEARLY":-3.105541423654,"TOTAL_ASSETS":104962903000,"TOTAL_LIABILITIES":77154012000,"TAX_EBT":-0.620623985464,"OCF_SALES":50.065600417537,"TOTAL_PARENT_EQUITY":21681055000,"DEBT_ASSET_RATIO":73.5059814418,"OPERATE_PROFIT":-766960000,"PRETAX_PROFIT":-1600486000,"NETCASH_OPERATE":972686000,"NETCASH_INVEST":608471000,"NETCASH_FINANCE":-1282198000,"END_CASH":812350000,"DIVI_RATIO":null,"DIVIDEND_RATE":null,"CURRENT_RATIO":1.629302431631,"COMMON_ACS":30000000000,"CURRENTDEBT_DEBT":48.096608378577,"ISSUED_COMMON_SHARES":5597703975,"HK_COMMON_SHARES":5597703975,"PER_SHARES":2000,"TOTAL_MARKET_CAP":2015173431,"HKSK_MARKET_CAP":2015173431,"PE_TTM":-0.613935063,"PB_TTM":0.084830211768,"REPORT_DATE_SQ":"2023-06-30 00:00:00","REPORT_TYPE_SQ":"2023年中报","OPERATE_INCOME_SQ":1344909000,"DPS_HKD":null,"OPERATE_INCOME_QOQ_SQ":12.810129004781,"NET_PROFIT_RATIO_SQ":-43.1545182611,"HOLDER_PROFIT_SQ":-680956000,"HOLDER_PROFIT_QOQ_SQ":-179.655603597632,"ROE_AVG_SQ":-2.762441383575,"PE_TTM_SQ":-1.422466071514,"PB_TTM_SQ":0.122569909788,"ROA_SQ":-0.666786291222,"START_DATE":"2024-01-01 00:00:00","FISCAL_YEAR":"12-31","CURRENCY":"HKD","IS_CNY_CODE":0,"DPS_HKD_LY":null,"ORG_TYPE":"一般企业","PREMIUM_INCOME":null,"PREMIUM_INCOME_YOY":null,"NET_INTEREST_INCOME":null,"NET_INTEREST_INCOME_YOY":null,"FEE_COMMISSION_INCOME":null,"FEE_COMMISSION_INCOME_YOY":null,"ACCOUNTS_RECE_TDAYS":31.990894196491,"INVENTORY_TDAYS":0.028796263363,"CURRENT_ASSETS_TDAYS":0.032267807943,"TOTAL_ASSETS_TDAYS":0.018461278011,"PREMIUM_EXPENSE":null,"LOAN_DEPOSIT":null,"LOAN_EQUITY":null,"LOAN_ASSETS":null,"DEPOSIT_EQUITY":null,"DEPOSIT_ASSETS":null,"EQUITY_MULTIPLIER":3.774436851863,"EQUITY_RATIO":3.558591221691},{"SECUCODE":"00095.HK","SECURITY_CODE":"00095","SECURITY_NAME_ABBR":"绿景中国地产","ORG_CODE":"10010832","STD_REPORT_DATE":"2023-12-31 00:00:00","REPORT_DATE":"2023-12-31 00:00:00","DATE_TYPE_CODE":"001","REPORT_TYPE":"2023年年报","PER_NETCASH_OPERATE":-0.711638223363,"PER_OI":1.200075176982,"BPS":4.140702706595,"BASIC_EPS":-0.4171,"DILUTED_EPS":-0.4171,"OPERATE_INCOME":6117628000,"OPERATE_INCOME_YOY":161.3342355423,"GROSS_PROFIT":1576254000,"GROSS_PROFIT_YOY":52.641502308137,"HOLDER_PROFIT":-2126475000,"HOLDER_PROFIT_YOY":-191.2392983879,"GROSS_PROFIT_RATIO":25.765770654901,"EPS_TTM":-0.417143680847,"OPERATE_INCOME_QOQ":131.658484790192,"NET_PROFIT_RATIO":-34.8564345527,"ROE_AVG":-8.871687111838,"GROSS_PROFIT_QOQ":33.201111407817,"ROA":-2.072414503016,"HOLDER_PROFIT_QOQ":-4.142128618633,"ROE_YEARLY":-8.871687111838,"ROIC_YEARLY":-2.229783161707,"TOTAL_ASSETS":105512558000,"TOTAL_LIABILITIES":76123534000,"TAX_EBT":-15.633376407806,"OCF_SALES":-59.299470317581,"TOTAL_PARENT_EQUITY":23178428000,"DEBT_ASSET_RATIO":72.1464207133,"OPERATE_PROFIT":-99978000,"PRETAX_PROFIT":-1844093000,"NETCASH_OPERATE":-3627721000,"NETCASH_INVEST":-2358006000,"NETCASH_FINANCE":4977278000,"END_CASH":486345000,"DIVI_RATIO":null,"DIVIDEND_RATE":null,"CURRENT_RATIO":1.522563147101,"COMMON_ACS":30000000000,"CURRENTDEBT_DEBT":51.731019214111,"ISSUED_COMMON_SHARES":5597703975,"HK_COMMON_SHARES":5597703975,"PER_SHARES":2000,"TOTAL_MARKET_CAP":3134714226,"HKSK_MARKET_CAP":3134714226,"PE_TTM":-0.955010097999,"PB_TTM":0.131958107195,"REPORT_DATE_SQ":"2022-12-31 00:00:00","REPORT_TYPE_SQ":"2022年年报","OPERATE_INCOME_SQ":2340921000,"DPS_HKD":null,"OPERATE_INCOME_QOQ_SQ":-31.002010765346,"NET_PROFIT_RATIO_SQ":-12.6670229367,"HOLDER_PROFIT_SQ":-730147000,"HOLDER_PROFIT_QOQ_SQ":-163.749923602804,"ROE_AVG_SQ":-2.880872749219,"PE_TTM_SQ":-1.844760686495,"PB_TTM_SQ":0.158957851756,"ROA_SQ":-0.790858665258,"START_DATE":"2023-01-01 00:00:00","FISCAL_YEAR":"12-31","CURRENCY":"HKD","IS_CNY_CODE":0,"DPS_HKD_LY":null,"ORG_TYPE":"一般企业","PREMIUM_INCOME":null,"PREMIUM_INCOME_YOY":null,"NET_INTEREST_INCOME":null,"NET_INTEREST_INCOME_YOY":null,"FEE_COMMISSION_INCOME":null,"FEE_COMMISSION_INCOME_YOY":null,"ACCOUNTS_RECE_TDAYS":106.183011073697,"INVENTORY_TDAYS":0.0904935768,"CURRENT_ASSETS_TDAYS":0.105478060665,"TOTAL_ASSETS_TDAYS":0.059621020662,"PREMIUM_EXPENSE":null,"LOAN_DEPOSIT":null,"LOAN_EQUITY":null,"LOAN_ASSETS":null,"DEPOSIT_EQUITY":null,"DEPOSIT_ASSETS":null,"EQUITY_MULTIPLIER":3.590202859413,"EQUITY_RATIO":3.284240587843},{"SECUCODE":"00095.HK","SECURITY_CODE":"00095","SECURITY_NAME_ABBR":"绿景中国地产","ORG_CODE":"10010832","STD_REPORT_DATE":"2023-06-30 00:00:00","REPORT_DATE":"2023-06-30 00:00:00","DATE_TYPE_CODE":"002","REPORT_TYPE":"2023年中报","PER_NETCASH_OPERATE":-0.802660378097,"PER_OI":0.263826421973,"BPS":4.384118579618,"BASIC_EPS":-0.1336,"DILUTED_EPS":-0.1336,"OPERATE_INCOME":1344909000,"OPERATE_INCOME_YOY":28.6952386238,"GROSS_PROFIT":585109000,"GROSS_PROFIT_YOY":34.694840652308,"HOLDER_PROFIT":-680956000,"HOLDER_PROFIT_YOY":-207.9521999258,"GROSS_PROFIT_RATIO":43.5054713739,"EPS_TTM":-0.400552289818,"OPERATE_INCOME_QOQ":12.810129004781,"NET_PROFIT_RATIO":-43.1545182611,"ROE_AVG":-2.762441383575,"GROSS_PROFIT_QOQ":14.594766285996,"ROA":-0.666786291222,"HOLDER_PROFIT_QOQ":-179.655603597632,"ROE_YEARLY":-5.52488276715,"ROIC_YEARLY":-1.441400159481,"TOTAL_ASSETS":104545557000,"TOTAL_LIABILITIES":73686976000,"TAX_EBT":-30.028273396123,"OCF_SALES":-304.238056255107,"TOTAL_PARENT_EQUITY":24540998000,"DEBT_ASSET_RATIO":70.4831253613,"OPERATE_PROFIT":355851000,"PRETAX_PROFIT":-446356000,"NETCASH_OPERATE":-4091725000,"NETCASH_INVEST":1448641000,"NETCASH_FINANCE":2259656000,"END_CASH":1175448000,"DIVI_RATIO":null,"DIVIDEND_RATE":null,"CURRENT_RATIO":2.084914366992,"COMMON_ACS":30000000000,"CURRENTDEBT_DEBT":39.484869076457,"ISSUED_COMMON_SHARES":5597703975,"HK_COMMON_SHARES":5597703975,"PER_SHARES":2000,"TOTAL_MARKET_CAP":3134714226,"HKSK_MARKET_CAP":3134714226,"PE_TTM":-0.955010097999,"PB_TTM":0.131958107195,"REPORT_DATE_SQ":"2022-06-30 00:00:00","REPORT_TYPE_SQ":"2022年中报","OPERATE_INCOME_SQ":1045034000,"DPS_HKD":null,"OPERATE_INCOME_QOQ_SQ":-22.505143310316,"NET_PROFIT_RATIO_SQ":98.2515401413,"HOLDER_PROFIT_SQ":630794000,"HOLDER_PROFIT_QOQ_SQ":-0.628678716197,"ROE_AVG_SQ":2.413520357432,"PE_TTM_SQ":-1.844760686495,"PB_TTM_SQ":0.158957851756,"ROA_SQ":0.724714915086,"START_DATE":"2023-01-01 00:00:00","FISCAL_YEAR":"12-31","CURRENCY":"HKD","IS_CNY_CODE":0,"DPS_HKD_LY":null,"ORG_TYPE":"一般企业","PREMIUM_INCOME":null,"PREMIUM_INCOME_YOY":null,"NET_INTEREST_INCOME":null,"NET_INTEREST_INCOME_YOY":null,"FEE_COMMISSION_INCOME":null,"FEE_COMMISSION_INCOME_YOY":null,"ACCOUNTS_RECE_TDAYS":25.432745220401,"INVENTORY_TDAYS":0.015028726665,"CURRENT_ASSETS_TDAYS":0.023048724676,"TOTAL_ASSETS_TDAYS":0.013169233903,"PREMIUM_EXPENSE":null,"LOAN_DEPOSIT":null,"LOAN_EQUITY":null,"LOAN_ASSETS":null,"DEPOSIT_EQUITY":null,"DEPOSIT_ASSETS":null,"EQUITY_MULTIPLIER":3.387892560579,"EQUITY_RATIO":3.002607147435},{"SECUCODE":"00095.HK","SECURITY_CODE":"00095","SECURITY_NAME_ABBR":"绿景中国地产","ORG_CODE":"10010832","STD_REPORT_DATE":"2022-12-31 00:00:00","REPORT_DATE":"2022-12-31 00:00:00","DATE_TYPE_CODE":"001","REPORT_TYPE":"2022年年报","PER_NETCASH_OPERATE":-0.692961775992,"PER_OI":0.459210854824,"BPS":4.423247479785,"BASIC_EPS":-0.1432,"DILUTED_EPS":-0.1432,"OPERATE_INCOME":2340921000,"OPERATE_INCOME_YOY":-46.5301071238,"GROSS_PROFIT":1032651000,"GROSS_PROFIT_YOY":-52.812511423871,"HOLDER_PROFIT":-730147000,"HOLDER_PROFIT_YOY":-163.3491414015,"GROSS_PROFIT_RATIO":44.113022182295,"EPS_TTM":-0.14323056097,"OPERATE_INCOME_QOQ":-31.002010765346,"NET_PROFIT_RATIO":-12.6670229367,"ROE_AVG":-2.880872749219,"GROSS_PROFIT_QOQ":-37.766952786337,"ROA":-0.790858665258,"HOLDER_PROFIT_QOQ":-163.749923602804,"ROE_YEARLY":-2.880872749219,"ROIC_YEARLY":-0.861827045196,"TOTAL_ASSETS":99704593000,"TOTAL_LIABILITIES":68728081000,"TAX_EBT":143.636393068211,"OCF_SALES":-150.90274298022,"TOTAL_PARENT_EQUITY":24760030000,"DEBT_ASSET_RATIO":68.9317100968,"OPERATE_PROFIT":2466102000,"PRETAX_PROFIT":679536000,"NETCASH_OPERATE":-3532514000,"NETCASH_INVEST":195128000,"NETCASH_FINANCE":1256540000,"END_CASH":1569935000,"DIVI_RATIO":null,"DIVIDEND_RATE":null,"CURRENT_RATIO":2.093191219382,"COMMON_ACS":30000000000,"CURRENTDEBT_DEBT":38.954519914502,"ISSUED_COMMON_SHARES":5597703975,"HK_COMMON_SHARES":5597703975,"PER_SHARES":2000,"TOTAL_MARKET_CAP":3134714226,"HKSK_MARKET_CAP":3134714226,"PE_TTM":-0.955010097999,"PB_TTM":0.131958107195,"REPORT_DATE_SQ":"2021-12-31 00:00:00","REPORT_TYPE_SQ":"2021年年报","OPERATE_INCOME_SQ":4378017000,"DPS_HKD":null,"OPERATE_INCOME_QOQ_SQ":-12.315744610283,"NET_PROFIT_RATIO_SQ":30.4913617284,"HOLDER_PROFIT_SQ":1152576000,"HOLDER_PROFIT_QOQ_SQ":-71.568459129364,"ROE_AVG_SQ":4.550871619039,"PE_TTM_SQ":-1.844760686495,"PB_TTM_SQ":0.158957851756,"ROA_SQ":1.447877482795,"START_DATE":"2022-01-01 00:00:00","FISCAL_YEAR":"12-31","CURRENCY":"HKD","IS_CNY_CODE":0,"DPS_HKD_LY":null,"ORG_TYPE":"一般企业","PREMIUM_INCOME":null,"PREMIUM_INCOME_YOY":null,"NET_INTEREST_INCOME":null,"NET_INTEREST_INCOME_YOY":null,"FEE_COMMISSION_INCOME":null,"FEE_COMMISSION_INCOME_YOY":null,"ACCOUNTS_RECE_TDAYS":46.734298263126,"INVENTORY_TDAYS":0.028499626575,"CURRENT_ASSETS_TDAYS":0.043097696718,"TOTAL_ASSETS_TDAYS":0.025355683959,"PREMIUM_EXPENSE":null,"LOAN_DEPOSIT":null,"LOAN_EQUITY":null,"LOAN_ASSETS":null,"DEPOSIT_EQUITY":null,"DEPOSIT_ASSETS":null,"EQUITY_MULTIPLIER":3.218715941932,"EQUITY_RATIO":2.775767274918},{"SECUCODE":"00095.HK","SECURITY_CODE":"00095","SECURITY_NAME_ABBR":"绿景中国地产","ORG_CODE":"10010832","STD_REPORT_DATE":"2022-06-30 00:00:00","REPORT_DATE":"2022-06-30 00:00:00","DATE_TYPE_CODE":"002","REPORT_TYPE":"2022年中报","PER_NETCASH_OPERATE":-0.287226172249,"PER_OI":0.205000919066,"BPS":4.705935347358,"BASIC_EPS":0.1237,"DILUTED_EPS":0.0742,"OPERATE_INCOME":1045034000,"OPERATE_INCOME_YOY":-48.5284288679,"GROSS_PROFIT":434396000,"GROSS_PROFIT_YOY":-54.913245601562,"HOLDER_PROFIT":630794000,"HOLDER_PROFIT_YOY":-1.1356654755,"GROSS_PROFIT_RATIO":41.567642775259,"EPS_TTM":0.224675659006,"OPERATE_INCOME_QOQ":-22.505143310316,"NET_PROFIT_RATIO":98.2515401413,"ROE_AVG":2.413520357432,"GROSS_PROFIT_QOQ":-24.176156095778,"ROA":0.724714915086,"HOLDER_PROFIT_QOQ":-0.628678716197,"ROE_YEARLY":4.827040714865,"ROIC_YEARLY":1.576880689342,"TOTAL_ASSETS":89138537000,"TOTAL_LIABILITIES":58888580000,"TAX_EBT":43.306395328292,"OCF_SALES":-140.109699780103,"TOTAL_PARENT_EQUITY":26342433000,"DEBT_ASSET_RATIO":66.0641087255,"OPERATE_PROFIT":2598677000,"PRETAX_PROFIT":1811072000,"NETCASH_OPERATE":-1464194000,"NETCASH_INVEST":212048000,"NETCASH_FINANCE":55076000,"END_CASH":2463907000,"DIVI_RATIO":null,"DIVIDEND_RATE":null,"CURRENT_RATIO":2.081735004371,"COMMON_ACS":30000000000,"CURRENTDEBT_DEBT":37.960127413499,"ISSUED_COMMON_SHARES":5597703975,"HK_COMMON_SHARES":5597703975,"PER_SHARES":2000,"TOTAL_MARKET_CAP":3134714226,"HKSK_MARKET_CAP":3134714226,"PE_TTM":-0.955010097999,"PB_TTM":0.131958107195,"REPORT_DATE_SQ":"2021-06-30 00:00:00","REPORT_TYPE_SQ":"2021年中报","OPERATE_INCOME_SQ":2030313000,"DPS_HKD":null,"OPERATE_INCOME_QOQ_SQ":-7.961415175083,"NET_PROFIT_RATIO_SQ":30.6167078672,"HOLDER_PROFIT_SQ":638040000,"HOLDER_PROFIT_QOQ_SQ":17.388297841535,"ROE_AVG_SQ":2.544747760513,"PE_TTM_SQ":-1.844760686495,"PB_TTM_SQ":0.158957851756,"ROA_SQ":0.837274916589,"START_DATE":"2022-01-01 00:00:00","FISCAL_YEAR":"12-31","CURRENCY":"HKD","IS_CNY_CODE":0,"DPS_HKD_LY":null,"ORG_TYPE":"一般企业","PREMIUM_INCOME":null,"PREMIUM_INCOME_YOY":null,"NET_INTEREST_INCOME":null,"NET_INTEREST_INCOME_YOY":null,"FEE_COMMISSION_INCOME":null,"FEE_COMMISSION_INCOME_YOY":null,"ACCOUNTS_RECE_TDAYS":21.106894357876,"INVENTORY_TDAYS":0.015068514041,"CURRENT_ASSETS_TDAYS":0.021084464634,"TOTAL_ASSETS_TDAYS":0.012006324197,"PREMIUM_EXPENSE":null,"LOAN_DEPOSIT":null,"LOAN_EQUITY":null,"LOAN_ASSETS":null,"DEPOSIT_EQUITY":null,"DEPOSIT_ASSETS":null,"EQUITY_MULTIPLIER":2.946732684612,"EQUITY_RATIO":2.235502696353},{"SECUCODE":"00095.HK","SECURITY_CODE":"00095","SECURITY_NAME_ABBR":"绿景中国地产","ORG_CODE":"10010832","STD_REPORT_DATE":"2021-12-31 00:00:00","REPORT_DATE":"2021-12-31 00:00:00","DATE_TYPE_CODE":"001","REPORT_TYPE":"2021年年报","PER_NETCASH_OPERATE":-0.396537345031,"PER_OI":0.858821348095,"BPS":4.632124548887,"BASIC_EPS":0.2261,"DILUTED_EPS":0.1337,"OPERATE_INCOME":4378017000,"OPERATE_INCOME_YOY":-19.296652225,"GROSS_PROFIT":2188400000,"GROSS_PROFIT_YOY":-17.90539463294,"HOLDER_PROFIT":1152576000,"HOLDER_PROFIT_YOY":-66.6246981218,"GROSS_PROFIT_RATIO":49.986101013313,"EPS_TTM":0.226097083246,"OPERATE_INCOME_QOQ":-12.315744610283,"NET_PROFIT_RATIO":30.4913617284,"ROE_AVG":4.550871619039,"GROSS_PROFIT_QOQ":8.006198856962,"ROA":1.447877482795,"HOLDER_PROFIT_QOQ":-71.568459129364,"ROE_YEARLY":4.550871619039,"ROIC_YEARLY":1.609760373394,"TOTAL_ASSETS":84942053000,"TOTAL_LIABILITIES":55501264000,"TAX_EBT":45.508832200037,"OCF_SALES":-46.172273885643,"TOTAL_PARENT_EQUITY":25929262000,"DEBT_ASSET_RATIO":65.3401490072,"OPERATE_PROFIT":4160684000,"PRETAX_PROFIT":2449786000,"NETCASH_OPERATE":-2021430000,"NETCASH_INVEST":830178000,"NETCASH_FINANCE":17431000,"END_CASH":3645548000,"DIVI_RATIO":null,"DIVIDEND_RATE":null,"CURRENT_RATIO":2.743253432101,"COMMON_ACS":30000000000,"CURRENTDEBT_DEBT":34.542836718097,"ISSUED_COMMON_SHARES":5597703975,"HK_COMMON_SHARES":5597703975,"PER_SHARES":2000,"TOTAL_MARKET_CAP":3134714226,"HKSK_MARKET_CAP":3134714226,"PE_TTM":-0.955010097999,"PB_TTM":0.131958107195,"REPORT_DATE_SQ":"2020-12-31 00:00:00","REPORT_TYPE_SQ":"2020年年报","OPERATE_INCOME_SQ":5424827000,"DPS_HKD":null,"OPERATE_INCOME_QOQ_SQ":-8.712442596385,"NET_PROFIT_RATIO_SQ":63.6163144004,"HOLDER_PROFIT_SQ":3453380000,"HOLDER_PROFIT_QOQ_SQ":334.070740843159,"ROE_AVG_SQ":18.343880700874,"PE_TTM_SQ":-1.844760686495,"PB_TTM_SQ":0.158957851756,"ROA_SQ":5.615102250809,"START_DATE":"2021-01-01 00:00:00","FISCAL_YEAR":"12-31","CURRENCY":"HKD","IS_CNY_CODE":0,"DPS_HKD_LY":null,"ORG_TYPE":"一般企业","PREMIUM_INCOME":null,"PREMIUM_INCOME_YOY":null,"NET_INTEREST_INCOME":null,"NET_INTEREST_INCOME_YOY":null,"FEE_COMMISSION_INCOME":null,"FEE_COMMISSION_INCOME_YOY":null,"ACCOUNTS_RECE_TDAYS":81.380318605127,"INVENTORY_TDAYS":0.054656354645,"CURRENT_ASSETS_TDAYS":0.086726023512,"TOTAL_ASSETS_TDAYS":0.054997086818,"PREMIUM_EXPENSE":null,"LOAN_DEPOSIT":null,"LOAN_EQUITY":null,"LOAN_ASSETS":null,"DEPOSIT_EQUITY":null,"DEPOSIT_ASSETS":null,"EQUITY_MULTIPLIER":2.885182628765,"EQUITY_RATIO":2.14048760817},{"SECUCODE":"00095.HK","SECURITY_CODE":"00095","SECURITY_NAME_ABBR":"绿景中国地产","ORG_CODE":"10010832","STD_REPORT_DATE":"2021-06-30 00:00:00","REPORT_DATE":"2021-06-30 00:00:00","DATE_TYPE_CODE":"002","REPORT_TYPE":"2021年中报","PER_NETCASH_OPERATE":-0.139644632857,"PER_OI":0.398279894234,"BPS":4.54149096014,"BASIC_EPS":0.1252,"DILUTED_EPS":0.0714,"OPERATE_INCOME":2030313000,"OPERATE_INCOME_YOY":-17.5408962532,"GROSS_PROFIT":963467000,"GROSS_PROFIT_YOY":-39.895707526925,"HOLDER_PROFIT":638040000,"HOLDER_PROFIT_YOY":1598.9029715625,"GROSS_PROFIT_RATIO":47.454111755183,"EPS_TTM":0.795233308933,"OPERATE_INCOME_QOQ":-7.961415175083,"NET_PROFIT_RATIO":30.6167078672,"ROE_AVG":2.544747760513,"GROSS_PROFIT_QOQ":-23.990839196385,"ROA":0.837274916589,"HOLDER_PROFIT_QOQ":17.388297841535,"ROE_YEARLY":5.089495521026,"ROIC_YEARLY":1.88393942233,"TOTAL_ASSETS":78141724000,"TOTAL_LIABILITIES":49406346000,"TAX_EBT":47.756596663092,"OCF_SALES":-35.061933800355,"TOTAL_PARENT_EQUITY":25421922000,"DEBT_ASSET_RATIO":63.2265881413,"OPERATE_PROFIT":2023548000,"PRETAX_PROFIT":1189844000,"NETCASH_OPERATE":-711867000,"NETCASH_INVEST":1242125000,"NETCASH_FINANCE":-553637000,"END_CASH":4802147000,"DIVI_RATIO":null,"DIVIDEND_RATE":null,"CURRENT_RATIO":2.976104637898,"COMMON_ACS":30000000000,"CURRENTDEBT_DEBT":34.092152858258,"ISSUED_COMMON_SHARES":5597703975,"HK_COMMON_SHARES":5597703975,"PER_SHARES":2000,"TOTAL_MARKET_CAP":3134714226,"HKSK_MARKET_CAP":3134714226,"PE_TTM":-0.955010097999,"PB_TTM":0.131958107195,"REPORT_DATE_SQ":"2020-06-30 00:00:00","REPORT_TYPE_SQ":"2020年中报","OPERATE_INCOME_SQ":2462206000,"DPS_HKD":null,"OPERATE_INCOME_QOQ_SQ":-13.906341634156,"NET_PROFIT_RATIO_SQ":1.5579118888,"HOLDER_PROFIT_SQ":37556000,"HOLDER_PROFIT_QOQ_SQ":-54.535272052319,"ROE_AVG_SQ":0.294214270418,"PE_TTM_SQ":-1.844760686495,"PB_TTM_SQ":0.158957851756,"ROA_SQ":0.074997547742,"START_DATE":"2021-01-01 00:00:00","FISCAL_YEAR":"12-31","CURRENCY":"HKD","IS_CNY_CODE":0,"DPS_HKD_LY":null,"ORG_TYPE":"一般企业","PREMIUM_INCOME":null,"PREMIUM_INCOME_YOY":null,"NET_INTEREST_INCOME":null,"NET_INTEREST_INCOME_YOY":null,"FEE_COMMISSION_INCOME":null,"FEE_COMMISSION_INCOME_YOY":null,"ACCOUNTS_RECE_TDAYS":26.115533774528,"INVENTORY_TDAYS":0.027889230989,"CURRENT_ASSETS_TDAYS":0.041225580769,"TOTAL_ASSETS_TDAYS":0.026643002754,"PREMIUM_EXPENSE":null,"LOAN_DEPOSIT":null,"LOAN_EQUITY":null,"LOAN_ASSETS":null,"DEPOSIT_EQUITY":null,"DEPOSIT_ASSETS":null,"EQUITY_MULTIPLIER":2.719356049535,"EQUITY_RATIO":1.943454393417},{"SECUCODE":"00095.HK","SECURITY_CODE":"00095","SECURITY_NAME_ABBR":"绿景中国地产","ORG_CODE":"10010832","STD_REPORT_DATE":"2020-12-31 00:00:00","REPORT_DATE":"2020-12-31 00:00:00","DATE_TYPE_CODE":"001","REPORT_TYPE":"2020年年报","PER_NETCASH_OPERATE":0.099465676122,"PER_OI":1.06433768943,"BPS":4.416760177105,"BASIC_EPS":0.6803,"DILUTED_EPS":0.3847,"OPERATE_INCOME":5424827000,"OPERATE_INCOME_YOY":-21.4072021984,"GROSS_PROFIT":2665705000,"GROSS_PROFIT_YOY":-39.830893912565,"HOLDER_PROFIT":3453380000,"HOLDER_PROFIT_YOY":97.3490814248,"GROSS_PROFIT_RATIO":49.138986367676,"EPS_TTM":0.67754464611,"OPERATE_INCOME_QOQ":-8.712442596385,"NET_PROFIT_RATIO":63.6163144004,"ROE_AVG":18.343880700874,"GROSS_PROFIT_QOQ":-26.464588339568,"ROA":5.615102250809,"HOLDER_PROFIT_QOQ":334.070740843159,"ROE_YEARLY":18.343880700874,"ROIC_YEARLY":6.350379968563,"TOTAL_ASSETS":74266998000,"TOTAL_LIABILITIES":46381375000,"TAX_EBT":20.041486700206,"OCF_SALES":9.345311841281,"TOTAL_PARENT_EQUITY":24723716000,"DEBT_ASSET_RATIO":62.4522011782,"OPERATE_PROFIT":5849185000,"PRETAX_PROFIT":4316082000,"NETCASH_OPERATE":506967000,"NETCASH_INVEST":-1412217000,"NETCASH_FINANCE":656396000,"END_CASH":4829637000,"DIVI_RATIO":null,"DIVIDEND_RATE":null,"CURRENT_RATIO":3.041487828616,"COMMON_ACS":30000000000,"CURRENTDEBT_DEBT":34.287732953152,"ISSUED_COMMON_SHARES":5597703975,"HK_COMMON_SHARES":5597703975,"PER_SHARES":2000,"TOTAL_MARKET_CAP":3134714226,"HKSK_MARKET_CAP":3134714226,"PE_TTM":-0.955010097999,"PB_TTM":0.131958107195,"REPORT_DATE_SQ":"2019-12-31 00:00:00","REPORT_TYPE_SQ":"2019年年报","OPERATE_INCOME_SQ":6902448000,"DPS_HKD":null,"OPERATE_INCOME_QOQ_SQ":-3.738180381993,"NET_PROFIT_RATIO_SQ":25.3527878805,"HOLDER_PROFIT_SQ":1749884000,"HOLDER_PROFIT_QOQ_SQ":-14.099132245544,"ROE_AVG_SQ":14.426496189689,"PE_TTM_SQ":-1.844760686495,"PB_TTM_SQ":0.158957851756,"ROA_SQ":3.797969898269,"START_DATE":"2020-01-01 00:00:00","FISCAL_YEAR":"12-31","CURRENCY":"HKD","IS_CNY_CODE":0,"DPS_HKD_LY":0.061,"ORG_TYPE":"一般企业","PREMIUM_INCOME":null,"PREMIUM_INCOME_YOY":null,"NET_INTEREST_INCOME":null,"NET_INTEREST_INCOME_YOY":null,"FEE_COMMISSION_INCOME":null,"FEE_COMMISSION_INCOME_YOY":null,"ACCOUNTS_RECE_TDAYS":109.242667418468,"INVENTORY_TDAYS":0.115903339629,"CURRENT_ASSETS_TDAYS":0.153578479959,"TOTAL_ASSETS_TDAYS":0.088206216223,"PREMIUM_EXPENSE":null,"LOAN_DEPOSIT":null,"LOAN_EQUITY":null,"LOAN_ASSETS":null,"DEPOSIT_EQUITY":null,"DEPOSIT_ASSETS":null,"EQUITY_MULTIPLIER":2.663271966343,"EQUITY_RATIO":1.875987210013},{"SECUCODE":"00095.HK","SECURITY_CODE":"00095","SECURITY_NAME_ABBR":"绿景中国地产","ORG_CODE":"10010832","STD_REPORT_DATE":"2020-06-30 00:00:00","REPORT_DATE":"2020-06-30 00:00:00","DATE_TYPE_CODE":"002","REPORT_TYPE":"2020年中报","PER_NETCASH_OPERATE":0.034876879172,"PER_OI":0.486166734555,"BPS":2.251250522765,"BASIC_EPS":0.0074,"DILUTED_EPS":0.0033,"OPERATE_INCOME":2462206000,"OPERATE_INCOME_YOY":-28.0495160259,"GROSS_PROFIT":1602992000,"GROSS_PROFIT_YOY":-33.438415070648,"HOLDER_PROFIT":37556000,"HOLDER_PROFIT_YOY":-96.2135785292,"GROSS_PROFIT_RATIO":65.103894637573,"EPS_TTM":0.157088615119,"OPERATE_INCOME_QOQ":-13.906341634156,"NET_PROFIT_RATIO":1.5579118888,"ROE_AVG":0.294214270418,"GROSS_PROFIT_QOQ":-18.176692386953,"ROA":0.074997547742,"HOLDER_PROFIT_QOQ":-54.535272052319,"ROE_YEARLY":0.588428540837,"ROIC_YEARLY":0.173570549344,"TOTAL_ASSETS":51416325000,"TOTAL_LIABILITIES":38743091000,"TAX_EBT":92.602713309099,"OCF_SALES":7.173851416169,"TOTAL_PARENT_EQUITY":12601834000,"DEBT_ASSET_RATIO":75.3517311865,"OPERATE_PROFIT":1204798000,"PRETAX_PROFIT":518555000,"NETCASH_OPERATE":176635000,"NETCASH_INVEST":-58581000,"NETCASH_FINANCE":2060269000,"END_CASH":7266006000,"DIVI_RATIO":null,"DIVIDEND_RATE":null,"CURRENT_RATIO":1.431118107078,"COMMON_ACS":30000000000,"CURRENTDEBT_DEBT":44.991237276344,"ISSUED_COMMON_SHARES":5597703975,"HK_COMMON_SHARES":5597703975,"PER_SHARES":2000,"TOTAL_MARKET_CAP":3134714226,"HKSK_MARKET_CAP":3134714226,"PE_TTM":-0.955010097999,"PB_TTM":0.131958107195,"REPORT_DATE_SQ":"2019-06-30 00:00:00","REPORT_TYPE_SQ":"2019年中报","OPERATE_INCOME_SQ":3422084000,"DPS_HKD":null,"OPERATE_INCOME_QOQ_SQ":58.790836827635,"NET_PROFIT_RATIO_SQ":28.9787451155,"HOLDER_PROFIT_SQ":991860000,"HOLDER_PROFIT_QOQ_SQ":64.658207016514,"ROE_AVG_SQ":8.43771481407,"PE_TTM_SQ":-1.844760686495,"PB_TTM_SQ":0.158957851756,"ROA_SQ":2.195171739832,"START_DATE":"2020-01-01 00:00:00","FISCAL_YEAR":"12-31","CURRENCY":"HKD","IS_CNY_CODE":0,"DPS_HKD_LY":0.061,"ORG_TYPE":"一般企业","PREMIUM_INCOME":null,"PREMIUM_INCOME_YOY":null,"NET_INTEREST_INCOME":null,"NET_INTEREST_INCOME_YOY":null,"FEE_COMMISSION_INCOME":null,"FEE_COMMISSION_INCOME_YOY":null,"ACCOUNTS_RECE_TDAYS":44.068692726231,"INVENTORY_TDAYS":0.074571543903,"CURRENT_ASSETS_TDAYS":0.104281432292,"TOTAL_ASSETS_TDAYS":0.049169084044,"PREMIUM_EXPENSE":null,"LOAN_DEPOSIT":null,"LOAN_EQUITY":null,"LOAN_ASSETS":null,"DEPOSIT_EQUITY":null,"DEPOSIT_ASSETS":null,"EQUITY_MULTIPLIER":4.057080063377,"EQUITY_RATIO":3.074400995919}],"count":43},"success":true,"message":"ok","code":0}