{"version":"9b0958cf49e8159154cc91dbd1cd940c","result":{"pages":6,"data":[{"SECUCODE":"00104.HK","SECURITY_CODE":"00104","SECURITY_NAME_ABBR":"ASIA COMM HOLD","ORG_CODE":"10007386","STD_REPORT_DATE":"2024-06-30 00:00:00","REPORT_DATE":"2024-09-30 00:00:00","DATE_TYPE_CODE":"002","REPORT_TYPE":"2024年中报","PER_NETCASH_OPERATE":0.052843179201,"PER_OI":0.407789293057,"BPS":0.55775746314,"BASIC_EPS":0.043195741,"DILUTED_EPS":0.043195741,"OPERATE_INCOME":304668849.71,"OPERATE_INCOME_YOY":-0.0476317269,"GROSS_PROFIT":98871353.81,"GROSS_PROFIT_YOY":-3.571398013041,"HOLDER_PROFIT":32298510.64,"HOLDER_PROFIT_YOY":16.6075207553,"GROSS_PROFIT_RATIO":32.452071783548,"EPS_TTM":0.031793180113,"OPERATE_INCOME_QOQ":0,"NET_PROFIT_RATIO":10.6011857368,"ROE_AVG":7.90102104858,"GROSS_PROFIT_QOQ":0,"ROA":4.746402859822,"HOLDER_PROFIT_QOQ":0,"ROE_YEARLY":15.802042097159,"ROIC_YEARLY":11.763797812189,"TOTAL_ASSETS":664240478.2,"TOTAL_LIABILITIES":247530533.52,"TAX_EBT":37.747032138077,"OCF_SALES":12.958451852751,"TOTAL_PARENT_EQUITY":416713551.84,"DEBT_ASSET_RATIO":37.2651986207,"OPERATE_PROFIT":56072400.41,"PRETAX_PROFIT":51882684.07,"NETCASH_OPERATE":39480366.2,"NETCASH_INVEST":-3501650.57,"NETCASH_FINANCE":-73032364.94,"END_CASH":113999782.85,"DIVI_RATIO":0.992286392489,"DIVIDEND_RATE":14.745762711864,"CURRENT_RATIO":1.339865717646,"COMMON_ACS":2500000000,"CURRENTDEBT_DEBT":84.864183498004,"ISSUED_COMMON_SHARES":747123220,"HK_COMMON_SHARES":747123220,"PER_SHARES":5000,"TOTAL_MARKET_CAP":176321079.92,"HKSK_MARKET_CAP":176321079.92,"PE_TTM":5.632721461841,"PB_TTM":0.381568072262,"REPORT_DATE_SQ":"2023-06-30 00:00:00","REPORT_TYPE_SQ":"2023年中报","OPERATE_INCOME_SQ":310168116.3,"DPS_HKD":0.0348,"OPERATE_INCOME_QOQ_SQ":0,"NET_PROFIT_RATIO_SQ":9.0870092601,"HOLDER_PROFIT_SQ":28185005.45,"HOLDER_PROFIT_QOQ_SQ":0,"ROE_AVG_SQ":6.765656939452,"PE_TTM_SQ":3.714658771409,"PB_TTM_SQ":0.559596564653,"ROA_SQ":3.92561085649,"START_DATE":"2024-04-01 00:00:00","FISCAL_YEAR":"3-31","CURRENCY":"HKD","IS_CNY_CODE":0,"DPS_HKD_LY":0.0348,"ORG_TYPE":"一般企业","PREMIUM_INCOME":null,"PREMIUM_INCOME_YOY":null,"NET_INTEREST_INCOME":null,"NET_INTEREST_INCOME_YOY":null,"FEE_COMMISSION_INCOME":null,"FEE_COMMISSION_INCOME_YOY":null,"ACCOUNTS_RECE_TDAYS":4.982031601377,"INVENTORY_TDAYS":1.949812887681,"CURRENT_ASSETS_TDAYS":1.02207983349,"TOTAL_ASSETS_TDAYS":0.44772377144,"PREMIUM_EXPENSE":null,"LOAN_DEPOSIT":null,"LOAN_EQUITY":null,"LOAN_ASSETS":null,"DEPOSIT_EQUITY":null,"DEPOSIT_ASSETS":null,"EQUITY_MULTIPLIER":1.59401158211,"EQUITY_RATIO":0.59400644022},{"SECUCODE":"00104.HK","SECURITY_CODE":"00104","SECURITY_NAME_ABBR":"ASIA COMM HOLD","ORG_CODE":"10007386","STD_REPORT_DATE":"2023-12-31 00:00:00","REPORT_DATE":"2024-03-31 00:00:00","DATE_TYPE_CODE":"001","REPORT_TYPE":"2023年年报","PER_NETCASH_OPERATE":0.085534113904,"PER_OI":0.855927205221,"BPS":0.539376239103,"BASIC_EPS":0.031819905,"DILUTED_EPS":0.031819905,"OPERATE_INCOME":639483089.65,"OPERATE_INCOME_YOY":-0.7293979898,"GROSS_PROFIT":212463590.75,"GROSS_PROFIT_YOY":6.049082466981,"HOLDER_PROFIT":23753423.1,"HOLDER_PROFIT_YOY":-39.9752588656,"GROSS_PROFIT_RATIO":33.224270381612,"EPS_TTM":0.0804114636,"OPERATE_INCOME_QOQ":0,"NET_PROFIT_RATIO":3.7143306734,"ROE_AVG":5.789045178723,"GROSS_PROFIT_QOQ":0,"ROA":3.288426313184,"HOLDER_PROFIT_QOQ":0,"ROE_YEARLY":5.789045178723,"ROIC_YEARLY":4.245937701292,"TOTAL_ASSETS":700405062.75,"TOTAL_LIABILITIES":297428176.4,"TAX_EBT":59.748978400467,"OCF_SALES":9.993152850215,"TOTAL_PARENT_EQUITY":402980512.55,"DEBT_ASSET_RATIO":42.4651665469,"OPERATE_PROFIT":68600451.6,"PRETAX_PROFIT":59010965.7,"NETCASH_OPERATE":63904522.6,"NETCASH_INVEST":-8246885.35,"NETCASH_FINANCE":-74687934.85,"END_CASH":149526357,"DIVI_RATIO":0.392331374004,"DIVIDEND_RATE":14.621848739496,"CURRENT_RATIO":1.26243022974,"COMMON_ACS":2500000000,"CURRENTDEBT_DEBT":84.258796420473,"ISSUED_COMMON_SHARES":747123220,"HK_COMMON_SHARES":747123220,"PER_SHARES":5000,"TOTAL_MARKET_CAP":177815326.36,"HKSK_MARKET_CAP":177815326.36,"PE_TTM":5.680456389483,"PB_TTM":0.384801699993,"REPORT_DATE_SQ":"2022-12-31 00:00:00","REPORT_TYPE_SQ":"2022年年报","OPERATE_INCOME_SQ":622054090.26,"DPS_HKD":0.0348,"OPERATE_INCOME_QOQ_SQ":0,"NET_PROFIT_RATIO_SQ":6.1433802524,"HOLDER_PROFIT_SQ":38213397.32,"HOLDER_PROFIT_QOQ_SQ":0,"ROE_AVG_SQ":9.395781024836,"PE_TTM_SQ":3.714658771409,"PB_TTM_SQ":0.559596564653,"ROA_SQ":5.163283579618,"START_DATE":"2023-04-01 00:00:00","FISCAL_YEAR":"3-31","CURRENCY":"HKD","IS_CNY_CODE":0,"DPS_HKD_LY":0.0469,"ORG_TYPE":"一般企业","PREMIUM_INCOME":null,"PREMIUM_INCOME_YOY":null,"NET_INTEREST_INCOME":null,"NET_INTEREST_INCOME_YOY":null,"FEE_COMMISSION_INCOME":null,"FEE_COMMISSION_INCOME_YOY":null,"ACCOUNTS_RECE_TDAYS":9.792435674077,"INVENTORY_TDAYS":4.582126285275,"CURRENT_ASSETS_TDAYS":1.989600755898,"TOTAL_ASSETS_TDAYS":0.885301040607,"PREMIUM_EXPENSE":null,"LOAN_DEPOSIT":null,"LOAN_EQUITY":null,"LOAN_ASSETS":null,"DEPOSIT_EQUITY":null,"DEPOSIT_ASSETS":null,"EQUITY_MULTIPLIER":1.738077508845,"EQUITY_RATIO":0.738070867293},{"SECUCODE":"00104.HK","SECURITY_CODE":"00104","SECURITY_NAME_ABBR":"ASIA COMM HOLD","ORG_CODE":"10007386","STD_REPORT_DATE":"2023-06-30 00:00:00","REPORT_DATE":"2023-09-30 00:00:00","DATE_TYPE_CODE":"002","REPORT_TYPE":"2023年中报","PER_NETCASH_OPERATE":0.036118199365,"PER_OI":0.415149881568,"BPS":0.549335127156,"BASIC_EPS":0.037714593,"DILUTED_EPS":0.037714593,"OPERATE_INCOME":310168116.3,"OPERATE_INCOME_YOY":16.2021582709,"GROSS_PROFIT":102533223.31,"GROSS_PROFIT_YOY":19.419924789956,"HOLDER_PROFIT":28185005.45,"HOLDER_PROFIT_YOY":339.4763199313,"GROSS_PROFIT_RATIO":33.057305996864,"EPS_TTM":0.051147382784,"OPERATE_INCOME_QOQ":0,"NET_PROFIT_RATIO":9.0870092601,"ROE_AVG":6.765656939452,"GROSS_PROFIT_QOQ":0,"ROA":3.92561085649,"HOLDER_PROFIT_QOQ":0,"ROE_YEARLY":13.531313878903,"ROIC_YEARLY":9.810293861659,"TOTAL_ASSETS":682595592.84,"TOTAL_LIABILITIES":272177316.67,"TAX_EBT":35.182645029227,"OCF_SALES":8.700038460401,"TOTAL_PARENT_EQUITY":410421029.06,"DEBT_ASSET_RATIO":39.8738754725,"OPERATE_PROFIT":47694736.88,"PRETAX_PROFIT":43483732.81,"NETCASH_OPERATE":26984745.41,"NETCASH_INVEST":-5770975.07,"NETCASH_FINANCE":-83154712.97,"END_CASH":108334480.17,"DIVI_RATIO":0.616804580859,"DIVIDEND_RATE":14.621848739496,"CURRENT_RATIO":1.174267733665,"COMMON_ACS":2500000000,"CURRENTDEBT_DEBT":82.448273653193,"ISSUED_COMMON_SHARES":747123220,"HK_COMMON_SHARES":747123220,"PER_SHARES":5000,"TOTAL_MARKET_CAP":177815326.36,"HKSK_MARKET_CAP":177815326.36,"PE_TTM":5.680456389483,"PB_TTM":0.384801699993,"REPORT_DATE_SQ":"2022-06-30 00:00:00","REPORT_TYPE_SQ":"2022年中报","OPERATE_INCOME_SQ":263084411.64,"DPS_HKD":0.0348,"OPERATE_INCOME_QOQ_SQ":0,"NET_PROFIT_RATIO_SQ":2.4027007608,"HOLDER_PROFIT_SQ":6321131.16,"HOLDER_PROFIT_QOQ_SQ":0,"ROE_AVG_SQ":1.584787491312,"PE_TTM_SQ":3.714658771409,"PB_TTM_SQ":0.559596564653,"ROA_SQ":0.867798276944,"START_DATE":"2023-04-01 00:00:00","FISCAL_YEAR":"3-31","CURRENCY":"HKD","IS_CNY_CODE":0,"DPS_HKD_LY":0.0469,"ORG_TYPE":"一般企业","PREMIUM_INCOME":null,"PREMIUM_INCOME_YOY":null,"NET_INTEREST_INCOME":null,"NET_INTEREST_INCOME_YOY":null,"FEE_COMMISSION_INCOME":null,"FEE_COMMISSION_INCOME_YOY":null,"ACCOUNTS_RECE_TDAYS":5.022511478625,"INVENTORY_TDAYS":2.26129407826,"CURRENT_ASSETS_TDAYS":1.044423776315,"TOTAL_ASSETS_TDAYS":0.432002515254,"PREMIUM_EXPENSE":null,"LOAN_DEPOSIT":null,"LOAN_EQUITY":null,"LOAN_ASSETS":null,"DEPOSIT_EQUITY":null,"DEPOSIT_ASSETS":null,"EQUITY_MULTIPLIER":1.663170556656,"EQUITY_RATIO":0.663166108455},{"SECUCODE":"00104.HK","SECURITY_CODE":"00104","SECURITY_NAME_ABBR":"ASIA COMM HOLD","ORG_CODE":"10007386","STD_REPORT_DATE":"2022-12-31 00:00:00","REPORT_DATE":"2023-03-31 00:00:00","DATE_TYPE_CODE":"001","REPORT_TYPE":"2022年年报","PER_NETCASH_OPERATE":0.112288260202,"PER_OI":0.832599059443,"BPS":0.539812749308,"BASIC_EPS":0.051123944,"DILUTED_EPS":0.051123944,"OPERATE_INCOME":622054090.26,"OPERATE_INCOME_YOY":-9.4581525582,"GROSS_PROFIT":200344581.78,"GROSS_PROFIT_YOY":9.754466752835,"HOLDER_PROFIT":38213397.32,"HOLDER_PROFIT_YOY":-47.9223583589,"GROSS_PROFIT_RATIO":32.206939061563,"EPS_TTM":0.060026418413,"OPERATE_INCOME_QOQ":0,"NET_PROFIT_RATIO":6.1433802524,"ROE_AVG":9.395781024836,"GROSS_PROFIT_QOQ":0,"ROA":5.163283579618,"HOLDER_PROFIT_QOQ":0,"ROE_YEARLY":9.395781024836,"ROIC_YEARLY":6.774116456702,"TOTAL_ASSETS":718697603.44,"TOTAL_LIABILITIES":315393590.21,"TAX_EBT":49.943239803231,"OCF_SALES":13.486474543546,"TOTAL_PARENT_EQUITY":403306639.46,"DEBT_ASSET_RATIO":43.8840464613,"OPERATE_PROFIT":84066497.71,"PRETAX_PROFIT":76343630.69,"NETCASH_OPERATE":83893166.53,"NETCASH_INVEST":-18050078.79,"NETCASH_FINANCE":-64258595.64,"END_CASH":170215595.81,"DIVI_RATIO":0.52556758897,"DIVIDEND_RATE":14.621848739496,"CURRENT_RATIO":1.21401937846,"COMMON_ACS":2500000000,"CURRENTDEBT_DEBT":82.329626041895,"ISSUED_COMMON_SHARES":747123220,"HK_COMMON_SHARES":747123220,"PER_SHARES":5000,"TOTAL_MARKET_CAP":177815326.36,"HKSK_MARKET_CAP":177815326.36,"PE_TTM":5.680456389483,"PB_TTM":0.384801699993,"REPORT_DATE_SQ":"2021-12-31 00:00:00","REPORT_TYPE_SQ":"2021年年报","OPERATE_INCOME_SQ":636492813.15,"DPS_HKD":0.0348,"OPERATE_INCOME_QOQ_SQ":0,"NET_PROFIT_RATIO_SQ":10.6158776272,"HOLDER_PROFIT_SQ":67979669.21,"HOLDER_PROFIT_QOQ_SQ":0,"ROE_AVG_SQ":19.005370279465,"PE_TTM_SQ":3.714658771409,"PB_TTM_SQ":0.559596564653,"ROA_SQ":9.951395220728,"START_DATE":"2022-04-01 00:00:00","FISCAL_YEAR":"3-31","CURRENCY":"HKD","IS_CNY_CODE":0,"DPS_HKD_LY":0.0536,"ORG_TYPE":"一般企业","PREMIUM_INCOME":null,"PREMIUM_INCOME_YOY":null,"NET_INTEREST_INCOME":null,"NET_INTEREST_INCOME_YOY":null,"FEE_COMMISSION_INCOME":null,"FEE_COMMISSION_INCOME_YOY":null,"ACCOUNTS_RECE_TDAYS":10.298646337575,"INVENTORY_TDAYS":4.987658411331,"CURRENT_ASSETS_TDAYS":1.938076340875,"TOTAL_ASSETS_TDAYS":0.84050147203,"PREMIUM_EXPENSE":null,"LOAN_DEPOSIT":null,"LOAN_EQUITY":null,"LOAN_ASSETS":null,"DEPOSIT_EQUITY":null,"DEPOSIT_ASSETS":null,"EQUITY_MULTIPLIER":1.782024427885,"EQUITY_RATIO":0.782019335542},{"SECUCODE":"00104.HK","SECURITY_CODE":"00104","SECURITY_NAME_ABBR":"ASIA COMM HOLD","ORG_CODE":"10007386","STD_REPORT_DATE":"2022-06-30 00:00:00","REPORT_DATE":"2022-09-30 00:00:00","DATE_TYPE_CODE":"002","REPORT_TYPE":"2022年中报","PER_NETCASH_OPERATE":0.023908626478,"PER_OI":0.352129882458,"BPS":0.500609110984,"BASIC_EPS":0.008501736,"DILUTED_EPS":0.008501736,"OPERATE_INCOME":263084411.64,"OPERATE_INCOME_YOY":-32.4410824068,"GROSS_PROFIT":85859393.64,"GROSS_PROFIT_YOY":-7.466194671003,"HOLDER_PROFIT":6321131.16,"HOLDER_PROFIT_YOY":-80.2324923634,"GROSS_PROFIT_RATIO":32.635682633104,"EPS_TTM":0.09098856439,"OPERATE_INCOME_QOQ":0,"NET_PROFIT_RATIO":2.4027007608,"ROE_AVG":1.584787491312,"GROSS_PROFIT_QOQ":0,"ROA":0.867798276944,"HOLDER_PROFIT_QOQ":0,"ROE_YEARLY":3.169574982625,"ROIC_YEARLY":2.148745847546,"TOTAL_ASSETS":670067940.6,"TOTAL_LIABILITIES":296055771.84,"TAX_EBT":70.985552972434,"OCF_SALES":6.789718132157,"TOTAL_PARENT_EQUITY":374016690.96,"DEBT_ASSET_RATIO":44.1829483104,"OPERATE_PROFIT":25016810.4,"PRETAX_PROFIT":21786150.72,"NETCASH_OPERATE":17862690,"NETCASH_INVEST":-9316636.44,"NETCASH_FINANCE":-88268821.8,"END_CASH":92319808.56,"DIVI_RATIO":0.346724230804,"DIVIDEND_RATE":14.621848739496,"CURRENT_RATIO":1.035647083824,"COMMON_ACS":2500000000,"CURRENTDEBT_DEBT":79.067074809981,"ISSUED_COMMON_SHARES":747123220,"HK_COMMON_SHARES":747123220,"PER_SHARES":5000,"TOTAL_MARKET_CAP":177815326.36,"HKSK_MARKET_CAP":177815326.36,"PE_TTM":5.680456389483,"PB_TTM":0.384801699993,"REPORT_DATE_SQ":"2021-06-30 00:00:00","REPORT_TYPE_SQ":"2021年中报","OPERATE_INCOME_SQ":358681480.54,"DPS_HKD":0.0348,"OPERATE_INCOME_QOQ_SQ":0,"NET_PROFIT_RATIO_SQ":8.0722967119,"HOLDER_PROFIT_SQ":29453669.36,"HOLDER_PROFIT_QOQ_SQ":0,"ROE_AVG_SQ":8.170943647389,"PE_TTM_SQ":3.714658771409,"PB_TTM_SQ":0.559596564653,"ROA_SQ":4.511872121936,"START_DATE":"2022-04-01 00:00:00","FISCAL_YEAR":"3-31","CURRENCY":"HKD","IS_CNY_CODE":0,"DPS_HKD_LY":0.0536,"ORG_TYPE":"一般企业","PREMIUM_INCOME":null,"PREMIUM_INCOME_YOY":null,"NET_INTEREST_INCOME":null,"NET_INTEREST_INCOME_YOY":null,"FEE_COMMISSION_INCOME":null,"FEE_COMMISSION_INCOME_YOY":null,"ACCOUNTS_RECE_TDAYS":4.516961062153,"INVENTORY_TDAYS":1.933513577518,"CURRENT_ASSETS_TDAYS":0.907258070804,"TOTAL_ASSETS_TDAYS":0.361176177702,"PREMIUM_EXPENSE":null,"LOAN_DEPOSIT":null,"LOAN_EQUITY":null,"LOAN_ASSETS":null,"DEPOSIT_EQUITY":null,"DEPOSIT_ASSETS":null,"EQUITY_MULTIPLIER":1.791567217776,"EQUITY_RATIO":0.791557647013},{"SECUCODE":"00104.HK","SECURITY_CODE":"00104","SECURITY_NAME_ABBR":"ASIA COMM HOLD","ORG_CODE":"10007386","STD_REPORT_DATE":"2021-12-31 00:00:00","REPORT_DATE":"2022-03-31 00:00:00","DATE_TYPE_CODE":"001","REPORT_TYPE":"2021年年报","PER_NETCASH_OPERATE":0.182950831578,"PER_OI":0.851924817904,"BPS":0.508536639739,"BASIC_EPS":0.090995322,"DILUTED_EPS":0.090995322,"OPERATE_INCOME":636492813.15,"OPERATE_INCOME_YOY":-32.632806887,"GROSS_PROFIT":182538886.76,"GROSS_PROFIT_YOY":-6.975714384159,"HOLDER_PROFIT":67979669.21,"HOLDER_PROFIT_YOY":43.1809640942,"GROSS_PROFIT_RATIO":28.678860623204,"EPS_TTM":0.058474446076,"OPERATE_INCOME_QOQ":0,"NET_PROFIT_RATIO":10.6158776272,"ROE_AVG":19.005370279465,"GROSS_PROFIT_QOQ":0,"ROA":9.951395220728,"HOLDER_PROFIT_QOQ":0,"ROE_YEARLY":19.005370279465,"ROIC_YEARLY":12.407200590305,"TOTAL_ASSETS":705479756.78,"TOTAL_LIABILITIES":325544280.06,"TAX_EBT":34.818494758254,"OCF_SALES":21.474997292356,"TOTAL_PARENT_EQUITY":379939531.77,"DEBT_ASSET_RATIO":46.1450916105,"OPERATE_PROFIT":108528547.19,"PRETAX_PROFIT":103663298.2,"NETCASH_OPERATE":136686814.39,"NETCASH_INVEST":6587023.22,"NETCASH_FINANCE":-86105742.71,"END_CASH":168398927.41,"DIVI_RATIO":0.539516696901,"DIVIDEND_RATE":14.621848739496,"CURRENT_RATIO":1.19534405499,"COMMON_ACS":2500000000,"CURRENTDEBT_DEBT":77.777362570565,"ISSUED_COMMON_SHARES":747123220,"HK_COMMON_SHARES":747123220,"PER_SHARES":5000,"TOTAL_MARKET_CAP":177815326.36,"HKSK_MARKET_CAP":177815326.36,"PE_TTM":5.680456389483,"PB_TTM":0.384801699993,"REPORT_DATE_SQ":"2020-12-31 00:00:00","REPORT_TYPE_SQ":"2020年年报","OPERATE_INCOME_SQ":984618641.58,"DPS_HKD":0.0348,"OPERATE_INCOME_QOQ_SQ":0,"NET_PROFIT_RATIO_SQ":4.7862583167,"HOLDER_PROFIT_SQ":49478527.56,"HOLDER_PROFIT_QOQ_SQ":0,"ROE_AVG_SQ":15.465126723059,"PE_TTM_SQ":3.714658771409,"PB_TTM_SQ":0.559596564653,"ROA_SQ":7.220672570214,"START_DATE":"2021-04-01 00:00:00","FISCAL_YEAR":"3-31","CURRENCY":"HKD","IS_CNY_CODE":0,"DPS_HKD_LY":0.0536,"ORG_TYPE":"一般企业","PREMIUM_INCOME":null,"PREMIUM_INCOME_YOY":null,"NET_INTEREST_INCOME":null,"NET_INTEREST_INCOME_YOY":null,"FEE_COMMISSION_INCOME":null,"FEE_COMMISSION_INCOME_YOY":null,"ACCOUNTS_RECE_TDAYS":8.366585468559,"INVENTORY_TDAYS":5.473015717813,"CURRENT_ASSETS_TDAYS":2.112537297764,"TOTAL_ASSETS_TDAYS":0.931747919991,"PREMIUM_EXPENSE":null,"LOAN_DEPOSIT":null,"LOAN_EQUITY":null,"LOAN_ASSETS":null,"DEPOSIT_EQUITY":null,"DEPOSIT_ASSETS":null,"EQUITY_MULTIPLIER":1.856840963813,"EQUITY_RATIO":0.856831818851},{"SECUCODE":"00104.HK","SECURITY_CODE":"00104","SECURITY_NAME_ABBR":"ASIA COMM HOLD","ORG_CODE":"10007386","STD_REPORT_DATE":"2021-06-30 00:00:00","REPORT_DATE":"2021-09-30 00:00:00","DATE_TYPE_CODE":"002","REPORT_TYPE":"2021年中报","PER_NETCASH_OPERATE":0.132003180359,"PER_OI":0.480083433279,"BPS":0.503776569118,"BASIC_EPS":0.039403738,"DILUTED_EPS":0.039403738,"OPERATE_INCOME":358681480.54,"OPERATE_INCOME_YOY":-9.6438082487,"GROSS_PROFIT":92787055.86,"GROSS_PROFIT_YOY":4.133475319322,"HOLDER_PROFIT":29453669.36,"HOLDER_PROFIT_YOY":-11.8502081827,"GROSS_PROFIT_RATIO":25.868928532443,"EPS_TTM":0.066225391255,"OPERATE_INCOME_QOQ":0,"NET_PROFIT_RATIO":8.0722967119,"ROE_AVG":8.170943647389,"GROSS_PROFIT_QOQ":0,"ROA":4.511872121936,"HOLDER_PROFIT_QOQ":0,"ROE_YEARLY":16.341887294779,"ROIC_YEARLY":10.912084664642,"TOTAL_ASSETS":626888479.78,"TOTAL_LIABILITIES":250509472.6,"TAX_EBT":38.06952834055,"OCF_SALES":27.49588325874,"TOTAL_PARENT_EQUITY":376383172.48,"DEBT_ASSET_RATIO":39.9607714418,"OPERATE_PROFIT":49235512.12,"PRETAX_PROFIT":46752160.26,"NETCASH_OPERATE":98622641.16,"NETCASH_INVEST":6442052.98,"NETCASH_FINANCE":-91124268.1,"END_CASH":121136920.72,"DIVI_RATIO":0.476372270549,"DIVIDEND_RATE":14.621848739496,"CURRENT_RATIO":1.337135184171,"COMMON_ACS":2500000000,"CURRENTDEBT_DEBT":83.212729872635,"ISSUED_COMMON_SHARES":747123220,"HK_COMMON_SHARES":747123220,"PER_SHARES":5000,"TOTAL_MARKET_CAP":177815326.36,"HKSK_MARKET_CAP":177815326.36,"PE_TTM":5.680456389483,"PB_TTM":0.384801699993,"REPORT_DATE_SQ":"2020-06-30 00:00:00","REPORT_TYPE_SQ":"2020年中报","OPERATE_INCOME_SQ":418721503.36,"DPS_HKD":0.0348,"OPERATE_INCOME_QOQ_SQ":0,"NET_PROFIT_RATIO_SQ":8.2436365849,"HOLDER_PROFIT_SQ":35244580.48,"HOLDER_PROFIT_QOQ_SQ":0,"ROE_AVG_SQ":10.924566588133,"PE_TTM_SQ":3.714658771409,"PB_TTM_SQ":0.559596564653,"ROA_SQ":4.916192215529,"START_DATE":"2021-04-01 00:00:00","FISCAL_YEAR":"3-31","CURRENCY":"HKD","IS_CNY_CODE":0,"DPS_HKD_LY":0.0536,"ORG_TYPE":"一般企业","PREMIUM_INCOME":null,"PREMIUM_INCOME_YOY":null,"NET_INTEREST_INCOME":null,"NET_INTEREST_INCOME_YOY":null,"FEE_COMMISSION_INCOME":null,"FEE_COMMISSION_INCOME_YOY":null,"ACCOUNTS_RECE_TDAYS":4.596895252127,"INVENTORY_TDAYS":3.07462154599,"CURRENT_ASSETS_TDAYS":1.222472235512,"TOTAL_ASSETS_TDAYS":0.549447660637,"PREMIUM_EXPENSE":null,"LOAN_DEPOSIT":null,"LOAN_EQUITY":null,"LOAN_ASSETS":null,"DEPOSIT_EQUITY":null,"DEPOSIT_ASSETS":null,"EQUITY_MULTIPLIER":1.665577696473,"EQUITY_RATIO":0.66557033076},{"SECUCODE":"00104.HK","SECURITY_CODE":"00104","SECURITY_NAME_ABBR":"ASIA COMM HOLD","ORG_CODE":"10007386","STD_REPORT_DATE":"2020-12-31 00:00:00","REPORT_DATE":"2021-03-31 00:00:00","DATE_TYPE_CODE":"001","REPORT_TYPE":"2020年年报","PER_NETCASH_OPERATE":0.15489922404,"PER_OI":1.317879855989,"BPS":0.467883260274,"BASIC_EPS":0.066262112,"DILUTED_EPS":0.066262112,"OPERATE_INCOME":984618641.58,"OPERATE_INCOME_YOY":45.6133421494,"GROSS_PROFIT":196227130.96,"GROSS_PROFIT_YOY":8.039000586984,"HOLDER_PROFIT":49478527.56,"HOLDER_PROFIT_YOY":140.0495300122,"GROSS_PROFIT_RATIO":19.929252065055,"EPS_TTM":-0.157310225681,"OPERATE_INCOME_QOQ":0,"NET_PROFIT_RATIO":4.7862583167,"ROE_AVG":15.465126723059,"GROSS_PROFIT_QOQ":0,"ROA":7.220672570214,"HOLDER_PROFIT_QOQ":0,"ROE_YEARLY":15.465126723059,"ROIC_YEARLY":8.195371886943,"TOTAL_ASSETS":688593501.4,"TOTAL_LIABILITIES":343132937.84,"TAX_EBT":39.040549257125,"OCF_SALES":11.753668085574,"TOTAL_PARENT_EQUITY":349566448,"DEBT_ASSET_RATIO":49.8309869527,"OPERATE_PROFIT":85243164.44,"PRETAX_PROFIT":77307769.42,"NETCASH_OPERATE":115728807.04,"NETCASH_INVEST":-601768.16,"NETCASH_FINANCE":-64008862.12,"END_CASH":110433754.34,"DIVI_RATIO":-0.200546022125,"DIVIDEND_RATE":14.621848739496,"CURRENT_RATIO":1.058537465008,"COMMON_ACS":2500000000,"CURRENTDEBT_DEBT":86.053282363026,"ISSUED_COMMON_SHARES":747123220,"HK_COMMON_SHARES":747123220,"PER_SHARES":5000,"TOTAL_MARKET_CAP":177815326.36,"HKSK_MARKET_CAP":177815326.36,"PE_TTM":5.680456389483,"PB_TTM":0.384801699993,"REPORT_DATE_SQ":"2019-12-31 00:00:00","REPORT_TYPE_SQ":"2019年年报","OPERATE_INCOME_SQ":731006598.7,"DPS_HKD":0.0348,"OPERATE_INCOME_QOQ_SQ":0,"NET_PROFIT_RATIO_SQ":-18.5890649471,"HOLDER_PROFIT_SQ":-133559183.8,"HOLDER_PROFIT_QOQ_SQ":0,"ROE_AVG_SQ":-33.735796192162,"PE_TTM_SQ":3.714658771409,"PB_TTM_SQ":0.559596564653,"ROA_SQ":-18.012749182689,"START_DATE":"2020-04-01 00:00:00","FISCAL_YEAR":"3-31","CURRENCY":"HKD","IS_CNY_CODE":0,"DPS_HKD_LY":null,"ORG_TYPE":"一般企业","PREMIUM_INCOME":null,"PREMIUM_INCOME_YOY":null,"NET_INTEREST_INCOME":null,"NET_INTEREST_INCOME_YOY":null,"FEE_COMMISSION_INCOME":null,"FEE_COMMISSION_INCOME_YOY":null,"ACCOUNTS_RECE_TDAYS":14.361825275992,"INVENTORY_TDAYS":6.070524918327,"CURRENT_ASSETS_TDAYS":3.370552750734,"TOTAL_ASSETS_TDAYS":1.436907921069,"PREMIUM_EXPENSE":null,"LOAN_DEPOSIT":null,"LOAN_EQUITY":null,"LOAN_ASSETS":null,"DEPOSIT_EQUITY":null,"DEPOSIT_ASSETS":null,"EQUITY_MULTIPLIER":1.99326225345,"EQUITY_RATIO":0.981595744681},{"SECUCODE":"00104.HK","SECURITY_CODE":"00104","SECURITY_NAME_ABBR":"ASIA COMM HOLD","ORG_CODE":"10007386","STD_REPORT_DATE":"2020-06-30 00:00:00","REPORT_DATE":"2020-09-30 00:00:00","DATE_TYPE_CODE":"002","REPORT_TYPE":"2020年中报","PER_NETCASH_OPERATE":0.06129560733,"PER_OI":0.560445040592,"BPS":0.459641782141,"BASIC_EPS":0.047187264,"DILUTED_EPS":0.047187264,"OPERATE_INCOME":418721503.36,"OPERATE_INCOME_YOY":-1.1820502558,"GROSS_PROFIT":89103965.44,"GROSS_PROFIT_YOY":-22.42760639224,"HOLDER_PROFIT":35244580.48,"HOLDER_PROFIT_YOY":88.2786462001,"GROSS_PROFIT_RATIO":21.280007051224,"EPS_TTM":-0.178764600302,"OPERATE_INCOME_QOQ":0,"NET_PROFIT_RATIO":8.2436365849,"ROE_AVG":10.924566588133,"GROSS_PROFIT_QOQ":0,"ROA":4.916192215529,"HOLDER_PROFIT_QOQ":0,"ROE_YEARLY":21.849133176266,"ROIC_YEARLY":10.814541890543,"TOTAL_ASSETS":724881610.88,"TOTAL_LIABILITIES":384022608,"TAX_EBT":25.060093860888,"OCF_SALES":10.936952402138,"TOTAL_PARENT_EQUITY":343409048.32,"DEBT_ASSET_RATIO":52.9772865301,"OPERATE_PROFIT":50666995.2,"PRETAX_PROFIT":46060744.96,"NETCASH_OPERATE":45795371.52,"NETCASH_INVEST":-485932.16,"NETCASH_FINANCE":-33997676.8,"END_CASH":73852022.4,"DIVI_RATIO":-0.176477557339,"DIVIDEND_RATE":14.621848739496,"CURRENT_RATIO":0.971568053981,"COMMON_ACS":2500000000,"CURRENTDEBT_DEBT":82.540129283222,"ISSUED_COMMON_SHARES":747123220,"HK_COMMON_SHARES":747123220,"PER_SHARES":5000,"TOTAL_MARKET_CAP":177815326.36,"HKSK_MARKET_CAP":177815326.36,"PE_TTM":5.680456389483,"PB_TTM":0.384801699993,"REPORT_DATE_SQ":"2019-06-30 00:00:00","REPORT_TYPE_SQ":"2019年中报","OPERATE_INCOME_SQ":434960948.13,"DPS_HKD":0.0348,"OPERATE_INCOME_QOQ_SQ":0,"NET_PROFIT_RATIO_SQ":4.3003817815,"HOLDER_PROFIT_SQ":19215519.03,"HOLDER_PROFIT_QOQ_SQ":0,"ROE_AVG_SQ":4.120865569407,"PE_TTM_SQ":3.714658771409,"PB_TTM_SQ":0.559596564653,"ROA_SQ":2.32867899964,"START_DATE":"2020-04-01 00:00:00","FISCAL_YEAR":"3-31","CURRENCY":"HKD","IS_CNY_CODE":0,"DPS_HKD_LY":null,"ORG_TYPE":"一般企业","PREMIUM_INCOME":null,"PREMIUM_INCOME_YOY":null,"NET_INTEREST_INCOME":null,"NET_INTEREST_INCOME_YOY":null,"FEE_COMMISSION_INCOME":null,"FEE_COMMISSION_INCOME_YOY":null,"ACCOUNTS_RECE_TDAYS":7.162054920115,"INVENTORY_TDAYS":2.061780136367,"CURRENT_ASSETS_TDAYS":1.418366526868,"TOTAL_ASSETS_TDAYS":0.584065796005,"PREMIUM_EXPENSE":null,"LOAN_DEPOSIT":null,"LOAN_EQUITY":null,"LOAN_ASSETS":null,"DEPOSIT_EQUITY":null,"DEPOSIT_ASSETS":null,"EQUITY_MULTIPLIER":2.126631847054,"EQUITY_RATIO":1.11826584034}],"count":48},"success":true,"message":"ok","code":0}