{"version":"cf7eb06a6db09953807e4078a95b4ce4","result":{"pages":6,"data":[{"SECUCODE":"00101.HK","SECURITY_CODE":"00101","SECURITY_NAME_ABBR":"恒隆地产","ORG_CODE":"10007383","STD_REPORT_DATE":"2024-12-31 00:00:00","REPORT_DATE":"2024-12-31 00:00:00","DATE_TYPE_CODE":"001","REPORT_TYPE":"2024年年报","PER_NETCASH_OPERATE":null,"PER_OI":2.17626144523,"BPS":25.473022130719,"BASIC_EPS":0.4259784,"DILUTED_EPS":0.4259784,"OPERATE_INCOME":10410541680,"OPERATE_INCOME_YOY":8.9763474215,"GROSS_PROFIT":5977588200,"GROSS_PROFIT_YOY":-10.729763847173,"HOLDER_PROFIT":1993764120,"HOLDER_PROFIT_YOY":-45.7682619647,"GROSS_PROFIT_RATIO":57.418608788472,"EPS_TTM":0.416784459312,"OPERATE_INCOME_QOQ":3.071794497995,"NET_PROFIT_RATIO":23.6345845935,"ROE_AVG":1.631091497945,"GROSS_PROFIT_QOQ":-5.131207230657,"ROA":0.98097733227,"HOLDER_PROFIT_QOQ":-15.476449826269,"ROE_YEARLY":1.631091497945,"ROIC_YEARLY":1.065533001581,"TOTAL_ASSETS":205254913920,"TOTAL_LIABILITIES":74636971920,"TAX_EBT":34.313967861558,"OCF_SALES":null,"TOTAL_PARENT_EQUITY":121854825480,"DEBT_ASSET_RATIO":36.3630621526,"OPERATE_PROFIT":4540374120,"PRETAX_PROFIT":3745831800,"NETCASH_OPERATE":null,"NETCASH_INVEST":null,"NETCASH_FINANCE":null,"END_CASH":null,"DIVI_RATIO":1.567365542081,"DIVIDEND_RATE":11.25,"CURRENT_RATIO":1.423633101119,"COMMON_ACS":null,"CURRENTDEBT_DEBT":23.509268220055,"ISSUED_COMMON_SHARES":4783681530,"HK_COMMON_SHARES":4783681530,"PER_SHARES":1000,"TOTAL_MARKET_CAP":30615561792,"HKSK_MARKET_CAP":30615561792,"PE_TTM":14.219954385509,"PB_TTM":0.232664030581,"REPORT_DATE_SQ":"2023-12-31 00:00:00","REPORT_TYPE_SQ":"2023年年报","OPERATE_INCOME_SQ":9348565520,"DPS_HKD":0.72,"OPERATE_INCOME_QOQ_SQ":-1.9743512825,"NET_PROFIT_RATIO_SQ":44.5521519969,"HOLDER_PROFIT_SQ":3597693400,"HOLDER_PROFIT_QOQ_SQ":-9.329895055758,"ROE_AVG_SQ":2.987332056631,"PE_TTM_SQ":8.689604329963,"PB_TTM_SQ":0.281016900345,"ROA_SQ":1.846554571037,"START_DATE":"2024-01-01 00:00:00","FISCAL_YEAR":"12-31","CURRENCY":"HKD","IS_CNY_CODE":0,"DPS_HKD_LY":0.72,"ORG_TYPE":"一般企业","PREMIUM_INCOME":null,"PREMIUM_INCOME_YOY":null,"NET_INTEREST_INCOME":null,"NET_INTEREST_INCOME_YOY":null,"FEE_COMMISSION_INCOME":null,"FEE_COMMISSION_INCOME_YOY":null,"ACCOUNTS_RECE_TDAYS":3.412353923205,"INVENTORY_TDAYS":0.345482101617,"CURRENT_ASSETS_TDAYS":0.450076066939,"TOTAL_ASSETS_TDAYS":0.051222234879,"PREMIUM_EXPENSE":null,"LOAN_DEPOSIT":null,"LOAN_EQUITY":null,"LOAN_ASSETS":null,"DEPOSIT_EQUITY":null,"DEPOSIT_ASSETS":null,"EQUITY_MULTIPLIER":1.571414392059,"EQUITY_RATIO":0.612507314552},{"SECUCODE":"00101.HK","SECURITY_CODE":"00101","SECURITY_NAME_ABBR":"恒隆地产","ORG_CODE":"10007383","STD_REPORT_DATE":"2024-06-30 00:00:00","REPORT_DATE":"2024-06-30 00:00:00","DATE_TYPE_CODE":"002","REPORT_TYPE":"2024年中报","PER_NETCASH_OPERATE":0.399352174692,"PER_OI":1.184112122245,"BPS":25.180312059779,"BASIC_EPS":0.2099164,"DILUTED_EPS":0.2099164,"OPERATE_INCOME":5580125520,"OPERATE_INCOME_YOY":16.7462287569,"GROSS_PROFIT":3130492400,"GROSS_PROFIT_YOY":-11.20811622358,"HOLDER_PROFIT":968353480,"HOLDER_PROFIT_YOY":-55.6808688388,"GROSS_PROFIT_RATIO":56.100752371606,"EPS_TTM":0.500547048768,"OPERATE_INCOME_QOQ":8.040979745949,"NET_PROFIT_RATIO":21.9005561008,"ROE_AVG":0.802611323552,"GROSS_PROFIT_QOQ":-5.901368040097,"ROA":0.486428373307,"HOLDER_PROFIT_QOQ":-34.435025508288,"ROE_YEARLY":1.605222647104,"ROIC_YEARLY":1.048729860631,"TOTAL_ASSETS":199821246520,"TOTAL_LIABILITIES":70311954520,"TAX_EBT":35.251450676983,"OCF_SALES":33.72587504089,"TOTAL_PARENT_EQUITY":120454593720,"DEBT_ASSET_RATIO":35.1874266348,"OPERATE_PROFIT":2261621040,"PRETAX_PROFIT":1887422240,"NETCASH_OPERATE":1881946160,"NETCASH_INVEST":-1333425480,"NETCASH_FINANCE":550346040,"END_CASH":5895000120,"DIVI_RATIO":1.305079315936,"DIVIDEND_RATE":11.783960720131,"CURRENT_RATIO":1.51743967996,"COMMON_ACS":null,"CURRENTDEBT_DEBT":20.766105479043,"ISSUED_COMMON_SHARES":4783681530,"HK_COMMON_SHARES":4783681530,"PER_SHARES":1000,"TOTAL_MARKET_CAP":29228294148.3,"HKSK_MARKET_CAP":29228294148.3,"PE_TTM":11.083918903413,"PB_TTM":0.222121441695,"REPORT_DATE_SQ":"2023-06-30 00:00:00","REPORT_TYPE_SQ":"2023年中报","OPERATE_INCOME_SQ":4828409260,"DPS_HKD":0.72,"OPERATE_INCOME_QOQ_SQ":3.182976878067,"NET_PROFIT_RATIO_SQ":52.1672713386,"HOLDER_PROFIT_SQ":2207220120,"HOLDER_PROFIT_QOQ_SQ":15.797366830424,"ROE_AVG_SQ":1.817395067071,"PE_TTM_SQ":10.055563898155,"PB_TTM_SQ":0.331028919237,"ROA_SQ":1.13112337466,"START_DATE":"2024-01-01 00:00:00","FISCAL_YEAR":"12-31","CURRENCY":"HKD","IS_CNY_CODE":0,"DPS_HKD_LY":0.72,"ORG_TYPE":"一般企业","PREMIUM_INCOME":null,"PREMIUM_INCOME_YOY":null,"NET_INTEREST_INCOME":null,"NET_INTEREST_INCOME_YOY":null,"FEE_COMMISSION_INCOME":null,"FEE_COMMISSION_INCOME_YOY":null,"ACCOUNTS_RECE_TDAYS":1.673234811166,"INVENTORY_TDAYS":0.191550099914,"CURRENT_ASSETS_TDAYS":0.258755316673,"TOTAL_ASSETS_TDAYS":0.028030377704,"PREMIUM_EXPENSE":null,"LOAN_DEPOSIT":null,"LOAN_EQUITY":null,"LOAN_ASSETS":null,"DEPOSIT_EQUITY":null,"DEPOSIT_ASSETS":null,"EQUITY_MULTIPLIER":1.542910500352,"EQUITY_RATIO":0.583721652687},{"SECUCODE":"00101.HK","SECURITY_CODE":"00101","SECURITY_NAME_ABBR":"恒隆地产","ORG_CODE":"10007383","STD_REPORT_DATE":"2023-12-31 00:00:00","REPORT_DATE":"2023-12-31 00:00:00","DATE_TYPE_CODE":"001","REPORT_TYPE":"2023年年报","PER_NETCASH_OPERATE":0.74765364506,"PER_OI":2.077800377812,"BPS":25.08335410865,"BASIC_EPS":0.7974736,"DILUTED_EPS":0.7974736,"OPERATE_INCOME":9348565520,"OPERATE_INCOME_YOY":-0.2996037499,"GROSS_PROFIT":6696059580,"GROSS_PROFIT_YOY":3.351999496346,"HOLDER_PROFIT":3597693400,"HOLDER_PROFIT_YOY":3.4932221064,"GROSS_PROFIT_RATIO":71.626599457154,"EPS_TTM":0.799618796037,"OPERATE_INCOME_QOQ":-1.9743512825,"NET_PROFIT_RATIO":44.5521519969,"ROE_AVG":2.987332056631,"GROSS_PROFIT_QOQ":-2.011192572428,"ROA":1.846554571037,"HOLDER_PROFIT_QOQ":-9.329895055758,"ROE_YEARLY":2.987332056631,"ROIC_YEARLY":1.985352400051,"TOTAL_ASSETS":196923418440,"TOTAL_LIABILITIES":68128713380,"TAX_EBT":25.486381322957,"OCF_SALES":35.982939123691,"TOTAL_PARENT_EQUITY":119990777760,"DEBT_ASSET_RATIO":34.5965522637,"OPERATE_PROFIT":6119703660,"PRETAX_PROFIT":5589564960,"NETCASH_OPERATE":3363888640,"NETCASH_INVEST":-2664286800,"NETCASH_FINANCE":-550075540,"END_CASH":4776685620,"DIVI_RATIO":0.816956283717,"DIVIDEND_RATE":11.783960720131,"CURRENT_RATIO":1.518200436018,"COMMON_ACS":null,"CURRENTDEBT_DEBT":20.134612059219,"ISSUED_COMMON_SHARES":4783681530,"HK_COMMON_SHARES":4783681530,"PER_SHARES":1000,"TOTAL_MARKET_CAP":29228294148.3,"HKSK_MARKET_CAP":29228294148.3,"PE_TTM":11.083918903413,"PB_TTM":0.222121441695,"REPORT_DATE_SQ":"2022-12-31 00:00:00","REPORT_TYPE_SQ":"2022年年报","OPERATE_INCOME_SQ":9242664690,"DPS_HKD":0.72,"OPERATE_INCOME_QOQ_SQ":4.637071338709,"NET_PROFIT_RATIO_SQ":42.4954092974,"HOLDER_PROFIT_SQ":3426583720,"HOLDER_PROFIT_QOQ_SQ":15.424173287694,"ROE_AVG_SQ":2.788804071247,"PE_TTM_SQ":10.055563898155,"PB_TTM_SQ":0.331028919237,"ROA_SQ":1.755915802098,"START_DATE":"2023-01-01 00:00:00","FISCAL_YEAR":"12-31","CURRENCY":"HKD","IS_CNY_CODE":0,"DPS_HKD_LY":0.78,"ORG_TYPE":"一般企业","PREMIUM_INCOME":null,"PREMIUM_INCOME_YOY":null,"NET_INTEREST_INCOME":null,"NET_INTEREST_INCOME_YOY":null,"FEE_COMMISSION_INCOME":null,"FEE_COMMISSION_INCOME_YOY":null,"ACCOUNTS_RECE_TDAYS":2.961814527706,"INVENTORY_TDAYS":0.226101734193,"CURRENT_ASSETS_TDAYS":0.474975827616,"TOTAL_ASSETS_TDAYS":0.047982511221,"PREMIUM_EXPENSE":null,"LOAN_DEPOSIT":null,"LOAN_EQUITY":null,"LOAN_ASSETS":null,"DEPOSIT_EQUITY":null,"DEPOSIT_ASSETS":null,"EQUITY_MULTIPLIER":1.528971383943,"EQUITY_RATIO":0.567782913419},{"SECUCODE":"00101.HK","SECURITY_CODE":"00101","SECURITY_NAME_ABBR":"恒隆地产","ORG_CODE":"10007383","STD_REPORT_DATE":"2023-06-30 00:00:00","REPORT_DATE":"2023-06-30 00:00:00","DATE_TYPE_CODE":"002","REPORT_TYPE":"2023年中报","PER_NETCASH_OPERATE":0.465164113285,"PER_OI":1.073156150341,"BPS":25.069541897368,"BASIC_EPS":0.4886494,"DILUTED_EPS":0.4886494,"OPERATE_INCOME":4828409260,"OPERATE_INCOME_YOY":-1.2259524708,"GROSS_PROFIT":3525651520,"GROSS_PROFIT_YOY":11.182655991219,"HOLDER_PROFIT":2207220120,"HOLDER_PROFIT_YOY":22.8952772074,"GROSS_PROFIT_RATIO":73.018903952645,"EPS_TTM":0.881899052095,"OPERATE_INCOME_QOQ":3.182976878067,"NET_PROFIT_RATIO":52.1672713386,"ROE_AVG":1.817395067071,"GROSS_PROFIT_QOQ":5.473270069888,"ROA":1.13112337466,"HOLDER_PROFIT_QOQ":15.797366830424,"ROE_YEARLY":3.634790134141,"ROIC_YEARLY":2.431598593248,"TOTAL_ASSETS":194176363840,"TOTAL_LIABILITIES":65239304800,"TAX_EBT":22.606232294618,"OCF_SALES":43.345426771052,"TOTAL_PARENT_EQUITY":119924704540,"DEBT_ASSET_RATIO":33.59796399,"OPERATE_PROFIT":3475864600,"PRETAX_PROFIT":3254589400,"NETCASH_OPERATE":2092894600,"NETCASH_INVEST":-1241907060,"NETCASH_FINANCE":-1412473360,"END_CASH":4099123080,"DIVI_RATIO":0.740735119794,"DIVIDEND_RATE":11.783960720131,"CURRENT_RATIO":1.450534759358,"COMMON_ACS":null,"CURRENTDEBT_DEBT":20.084793668739,"ISSUED_COMMON_SHARES":4783681530,"HK_COMMON_SHARES":4783681530,"PER_SHARES":1000,"TOTAL_MARKET_CAP":29228294148.3,"HKSK_MARKET_CAP":29228294148.3,"PE_TTM":11.083918903413,"PB_TTM":0.222121441695,"REPORT_DATE_SQ":"2022-06-30 00:00:00","REPORT_TYPE_SQ":"2022年中报","OPERATE_INCOME_SQ":4534217380,"DPS_HKD":0.72,"OPERATE_INCOME_QOQ_SQ":4.67644411836,"NET_PROFIT_RATIO_SQ":42.5688419464,"HOLDER_PROFIT_SQ":1665910120,"HOLDER_PROFIT_QOQ_SQ":-6.127750249425,"ROE_AVG_SQ":1.400094154176,"PE_TTM_SQ":10.055563898155,"PB_TTM_SQ":0.331028919237,"ROA_SQ":0.88552297223,"START_DATE":"2023-01-01 00:00:00","FISCAL_YEAR":"12-31","CURRENCY":"HKD","IS_CNY_CODE":0,"DPS_HKD_LY":0.78,"ORG_TYPE":"一般企业","PREMIUM_INCOME":null,"PREMIUM_INCOME_YOY":null,"NET_INTEREST_INCOME":null,"NET_INTEREST_INCOME_YOY":null,"FEE_COMMISSION_INCOME":null,"FEE_COMMISSION_INCOME_YOY":null,"ACCOUNTS_RECE_TDAYS":1.439923013473,"INVENTORY_TDAYS":0.118455799137,"CURRENT_ASSETS_TDAYS":0.255015582392,"TOTAL_ASSETS_TDAYS":0.024743914424,"PREMIUM_EXPENSE":null,"LOAN_DEPOSIT":null,"LOAN_EQUITY":null,"LOAN_ASSETS":null,"DEPOSIT_EQUITY":null,"DEPOSIT_ASSETS":null,"EQUITY_MULTIPLIER":1.505977918884,"EQUITY_RATIO":0.544002214141},{"SECUCODE":"00101.HK","SECURITY_CODE":"00101","SECURITY_NAME_ABBR":"恒隆地产","ORG_CODE":"10007383","STD_REPORT_DATE":"2022-12-31 00:00:00","REPORT_DATE":"2022-12-31 00:00:00","DATE_TYPE_CODE":"001","REPORT_TYPE":"2022年年报","PER_NETCASH_OPERATE":0.821744904591,"PER_OI":2.054262992946,"BPS":24.906600726408,"BASIC_EPS":0.7592795,"DILUTED_EPS":0.7592795,"OPERATE_INCOME":9242664690,"OPERATE_INCOME_YOY":0.2519135743,"GROSS_PROFIT":6478887310,"GROSS_PROFIT_YOY":7.506106167636,"HOLDER_PROFIT":3426583720,"HOLDER_PROFIT_YOY":-0.8273009307,"GROSS_PROFIT_RATIO":70.097612834638,"EPS_TTM":0.761588174441,"OPERATE_INCOME_QOQ":4.637071338709,"NET_PROFIT_RATIO":42.4954092974,"ROE_AVG":2.788804071247,"GROSS_PROFIT_QOQ":4.885179635029,"ROA":1.755915802098,"HOLDER_PROFIT_QOQ":15.424173287694,"ROE_YEARLY":2.788804071247,"ROIC_YEARLY":1.904908516222,"TOTAL_ASSETS":189987809760,"TOTAL_LIABILITIES":62119782340,"TAX_EBT":24.837606837607,"OCF_SALES":40.001932927419,"TOTAL_PARENT_EQUITY":119145245870,"DEBT_ASSET_RATIO":32.6967200782,"OPERATE_PROFIT":5605269250,"PRETAX_PROFIT":5225629500,"NETCASH_OPERATE":3697244530,"NETCASH_INVEST":-2283198120,"NETCASH_FINANCE":-4080457360,"END_CASH":4598553960,"DIVI_RATIO":0.85775176391,"DIVIDEND_RATE":11.783960720131,"CURRENT_RATIO":1.380085003036,"COMMON_ACS":null,"CURRENTDEBT_DEBT":21.315176440137,"ISSUED_COMMON_SHARES":4783681530,"HK_COMMON_SHARES":4783681530,"PER_SHARES":1000,"TOTAL_MARKET_CAP":29228294148.3,"HKSK_MARKET_CAP":29228294148.3,"PE_TTM":11.083918903413,"PB_TTM":0.222121441695,"REPORT_DATE_SQ":"2021-12-31 00:00:00","REPORT_TYPE_SQ":"2021年年报","OPERATE_INCOME_SQ":8438449600,"DPS_HKD":0.72,"OPERATE_INCOME_QOQ_SQ":7.225708214753,"NET_PROFIT_RATIO_SQ":46.5555663211,"HOLDER_PROFIT_SQ":3162476800,"HOLDER_PROFIT_QOQ_SQ":57.083972377973,"ROE_AVG_SQ":2.762719006907,"PE_TTM_SQ":10.055563898155,"PB_TTM_SQ":0.331028919237,"ROA_SQ":1.776141025965,"START_DATE":"2022-01-01 00:00:00","FISCAL_YEAR":"12-31","CURRENCY":"HKD","IS_CNY_CODE":0,"DPS_HKD_LY":0.78,"ORG_TYPE":"一般企业","PREMIUM_INCOME":null,"PREMIUM_INCOME_YOY":null,"NET_INTEREST_INCOME":null,"NET_INTEREST_INCOME_YOY":null,"FEE_COMMISSION_INCOME":null,"FEE_COMMISSION_INCOME_YOY":null,"ACCOUNTS_RECE_TDAYS":2.931576710582,"INVENTORY_TDAYS":0.275536557129,"CURRENT_ASSETS_TDAYS":0.478352326576,"TOTAL_ASSETS_TDAYS":0.047363036508,"PREMIUM_EXPENSE":null,"LOAN_DEPOSIT":null,"LOAN_EQUITY":null,"LOAN_ASSETS":null,"DEPOSIT_EQUITY":null,"DEPOSIT_ASSETS":null,"EQUITY_MULTIPLIER":1.485811688765,"EQUITY_RATIO":0.521378607148},{"SECUCODE":"00101.HK","SECURITY_CODE":"00101","SECURITY_NAME_ABBR":"恒隆地产","ORG_CODE":"10007383","STD_REPORT_DATE":"2022-06-30 00:00:00","REPORT_DATE":"2022-06-30 00:00:00","DATE_TYPE_CODE":"002","REPORT_TYPE":"2022年中报","PER_NETCASH_OPERATE":0.35410683818,"PER_OI":1.007769434261,"BPS":24.411007168364,"BASIC_EPS":0.3677317,"DILUTED_EPS":0.3677317,"OPERATE_INCOME":4534217380,"OPERATE_INCOME_YOY":6.5728643216,"GROSS_PROFIT":3171044520,"GROSS_PROFIT_YOY":4.985816684823,"HOLDER_PROFIT":1665910120,"HOLDER_PROFIT_YOY":-12.841163311,"GROSS_PROFIT_RATIO":69.935873255375,"EPS_TTM":0.659816876091,"OPERATE_INCOME_QOQ":4.67644411836,"NET_PROFIT_RATIO":42.5688419464,"ROE_AVG":1.400094154176,"GROSS_PROFIT_QOQ":2.49885307126,"ROA":0.88552297223,"HOLDER_PROFIT_QOQ":-6.127750249425,"ROE_YEARLY":2.800188308351,"ROIC_YEARLY":1.921303488034,"TOTAL_ASSETS":184490993890,"TOTAL_LIABILITIES":58738725150,"TAX_EBT":24.261744966443,"OCF_SALES":35.137683892871,"TOTAL_PARENT_EQUITY":116774484120,"DEBT_ASSET_RATIO":31.8382615387,"OPERATE_PROFIT":2730621670,"PRETAX_PROFIT":2548466200,"NETCASH_OPERATE":1593218970,"NETCASH_INVEST":-1126285230,"NETCASH_FINANCE":-3565287110,"END_CASH":3965516030,"DIVI_RATIO":0.990052882354,"DIVIDEND_RATE":11.783960720131,"CURRENT_RATIO":1.429176711228,"COMMON_ACS":null,"CURRENTDEBT_DEBT":19.930115745796,"ISSUED_COMMON_SHARES":4783681530,"HK_COMMON_SHARES":4783681530,"PER_SHARES":1000,"TOTAL_MARKET_CAP":29228294148.3,"HKSK_MARKET_CAP":29228294148.3,"PE_TTM":11.083918903413,"PB_TTM":0.222121441695,"REPORT_DATE_SQ":"2021-06-30 00:00:00","REPORT_TYPE_SQ":"2021年中报","OPERATE_INCOME_SQ":4139598000,"DPS_HKD":0.72,"OPERATE_INCOME_QOQ_SQ":4.207673954169,"NET_PROFIT_RATIO_SQ":55.6984924623,"HOLDER_PROFIT_SQ":1859698800,"HOLDER_PROFIT_QOQ_SQ":193.039427329107,"ROE_AVG_SQ":1.61178078339,"PE_TTM_SQ":10.055563898155,"PB_TTM_SQ":0.331028919237,"ROA_SQ":1.048205739102,"START_DATE":"2022-01-01 00:00:00","FISCAL_YEAR":"12-31","CURRENCY":"HKD","IS_CNY_CODE":0,"DPS_HKD_LY":0.78,"ORG_TYPE":"一般企业","PREMIUM_INCOME":null,"PREMIUM_INCOME_YOY":null,"NET_INTEREST_INCOME":null,"NET_INTEREST_INCOME_YOY":null,"FEE_COMMISSION_INCOME":null,"FEE_COMMISSION_INCOME_YOY":null,"ACCOUNTS_RECE_TDAYS":1.452801753665,"INVENTORY_TDAYS":0.146178183319,"CURRENT_ASSETS_TDAYS":0.250283232628,"TOTAL_ASSETS_TDAYS":0.024101862417,"PREMIUM_EXPENSE":null,"LOAN_DEPOSIT":null,"LOAN_EQUITY":null,"LOAN_ASSETS":null,"DEPOSIT_EQUITY":null,"DEPOSIT_ASSETS":null,"EQUITY_MULTIPLIER":1.46709873101,"EQUITY_RATIO":0.503009930574},{"SECUCODE":"00101.HK","SECURITY_CODE":"00101","SECURITY_NAME_ABBR":"恒隆地产","ORG_CODE":"10007383","STD_REPORT_DATE":"2021-12-31 00:00:00","REPORT_DATE":"2021-12-31 00:00:00","DATE_TYPE_CODE":"001","REPORT_TYPE":"2021年年报","PER_NETCASH_OPERATE":0.496455609895,"PER_OI":1.875519161685,"BPS":24.221816120773,"BASIC_EPS":0.703136,"DILUTED_EPS":0.703136,"OPERATE_INCOME":8438449600,"OPERATE_INCOME_YOY":15.0228463167,"GROSS_PROFIT":6026529600,"GROSS_PROFIT_YOY":10.483876781051,"HOLDER_PROFIT":3162476800,"HOLDER_PROFIT_YOY":250.4472967717,"GROSS_PROFIT_RATIO":71.417498304428,"EPS_TTM":0.702888103614,"OPERATE_INCOME_QOQ":7.225708214753,"NET_PROFIT_RATIO":46.5555663211,"ROE_AVG":2.762719006907,"GROSS_PROFIT_QOQ":5.777800275574,"ROA":1.776141025965,"HOLDER_PROFIT_QOQ":57.083972377973,"ROE_YEARLY":2.762719006907,"ROIC_YEARLY":1.933231540463,"TOTAL_ASSETS":183334536000,"TOTAL_LIABILITIES":58745377600,"TAX_EBT":30.24099883856,"OCF_SALES":26.470303265188,"TOTAL_PARENT_EQUITY":115869454400,"DEBT_ASSET_RATIO":32.0427230361,"OPERATE_PROFIT":5963574400,"PRETAX_PROFIT":5631628800,"NETCASH_OPERATE":2233683200,"NETCASH_INVEST":-1164262400,"NETCASH_FINANCE":1615577600,"END_CASH":6860481600,"DIVI_RATIO":0.929384914386,"DIVIDEND_RATE":11.783960720131,"CURRENT_RATIO":1.169315967593,"COMMON_ACS":null,"CURRENTDEBT_DEBT":27.142280552811,"ISSUED_COMMON_SHARES":4783681530,"HK_COMMON_SHARES":4783681530,"PER_SHARES":1000,"TOTAL_MARKET_CAP":29228294148.3,"HKSK_MARKET_CAP":29228294148.3,"PE_TTM":11.083918903413,"PB_TTM":0.222121441695,"REPORT_DATE_SQ":"2020-12-31 00:00:00","REPORT_TYPE_SQ":"2020年年报","OPERATE_INCOME_SQ":7552035720,"DPS_HKD":0.72,"OPERATE_INCOME_QOQ_SQ":-6.223016645058,"NET_PROFIT_RATIO_SQ":-22.9131839964,"HOLDER_PROFIT_SQ":-2163856440,"HOLDER_PROFIT_QOQ_SQ":-1926.46582762961,"ROE_AVG_SQ":-1.856558975174,"PE_TTM_SQ":10.055563898155,"PB_TTM_SQ":0.331028919237,"ROA_SQ":-1.250194507119,"START_DATE":"2021-01-01 00:00:00","FISCAL_YEAR":"12-31","CURRENCY":"HKD","IS_CNY_CODE":0,"DPS_HKD_LY":0.77,"ORG_TYPE":"一般企业","PREMIUM_INCOME":null,"PREMIUM_INCOME_YOY":null,"NET_INTEREST_INCOME":null,"NET_INTEREST_INCOME_YOY":null,"FEE_COMMISSION_INCOME":null,"FEE_COMMISSION_INCOME_YOY":null,"ACCOUNTS_RECE_TDAYS":2.949699914261,"INVENTORY_TDAYS":0.314197465119,"CURRENT_ASSETS_TDAYS":0.507436269328,"TOTAL_ASSETS_TDAYS":0.047392842629,"PREMIUM_EXPENSE":null,"LOAN_DEPOSIT":null,"LOAN_EQUITY":null,"LOAN_ASSETS":null,"DEPOSIT_EQUITY":null,"DEPOSIT_ASSETS":null,"EQUITY_MULTIPLIER":1.471512757245,"EQUITY_RATIO":0.506996239036},{"SECUCODE":"00101.HK","SECURITY_CODE":"00101","SECURITY_NAME_ABBR":"恒隆地产","ORG_CODE":"10007383","STD_REPORT_DATE":"2021-06-30 00:00:00","REPORT_DATE":"2021-06-30 00:00:00","DATE_TYPE_CODE":"002","REPORT_TYPE":"2021年中报","PER_NETCASH_OPERATE":0.013870769006,"PER_OI":0.920094344078,"BPS":24.184456744135,"BASIC_EPS":0.41604,"DILUTED_EPS":0.41604,"OPERATE_INCOME":4139598000,"OPERATE_INCOME_YOY":18.9053537285,"GROSS_PROFIT":3020450400,"GROSS_PROFIT_YOY":8.736478151201,"HOLDER_PROFIT":1859698800,"HOLDER_PROFIT_YOY":188.0961765865,"GROSS_PROFIT_RATIO":72.964824120603,"EPS_TTM":0.447475915787,"OPERATE_INCOME_QOQ":4.207673954169,"NET_PROFIT_RATIO":55.6984924623,"ROE_AVG":1.61178078339,"GROSS_PROFIT_QOQ":4.44902096018,"ROA":1.048205739102,"HOLDER_PROFIT_QOQ":193.039427329107,"ROE_YEARLY":3.223561566781,"ROIC_YEARLY":2.260549864847,"TOTAL_ASSETS":179002874160,"TOTAL_LIABILITIES":54537019440,"TAX_EBT":27.536610878661,"OCF_SALES":1.507537688442,"TOTAL_PARENT_EQUITY":115690739040,"DEBT_ASSET_RATIO":30.4671194225,"OPERATE_PROFIT":3333312480,"PRETAX_PROFIT":3181873920,"NETCASH_OPERATE":62406000,"NETCASH_INVEST":-1516881840,"NETCASH_FINANCE":-322014960,"END_CASH":2432169840,"DIVI_RATIO":1.459863150069,"DIVIDEND_RATE":11.783960720131,"CURRENT_RATIO":0.98092007632,"COMMON_ACS":null,"CURRENTDEBT_DEBT":28.787208397541,"ISSUED_COMMON_SHARES":4783681530,"HK_COMMON_SHARES":4783681530,"PER_SHARES":1000,"TOTAL_MARKET_CAP":29228294148.3,"HKSK_MARKET_CAP":29228294148.3,"PE_TTM":11.083918903413,"PB_TTM":0.222121441695,"REPORT_DATE_SQ":"2020-06-30 00:00:00","REPORT_TYPE_SQ":"2020年中报","OPERATE_INCOME_SQ":3821832960,"DPS_HKD":0.72,"OPERATE_INCOME_QOQ_SQ":1.56054209174,"NET_PROFIT_RATIO_SQ":-55.9990439771,"HOLDER_PROFIT_SQ":-2317397280,"HOLDER_PROFIT_QOQ_SQ":-97.857160644669,"ROE_AVG_SQ":-1.875861864993,"PE_TTM_SQ":10.055563898155,"PB_TTM_SQ":0.331028919237,"ROA_SQ":-1.286840697034,"START_DATE":"2021-01-01 00:00:00","FISCAL_YEAR":"12-31","CURRENCY":"HKD","IS_CNY_CODE":0,"DPS_HKD_LY":0.77,"ORG_TYPE":"一般企业","PREMIUM_INCOME":null,"PREMIUM_INCOME_YOY":null,"NET_INTEREST_INCOME":null,"NET_INTEREST_INCOME_YOY":null,"FEE_COMMISSION_INCOME":null,"FEE_COMMISSION_INCOME_YOY":null,"ACCOUNTS_RECE_TDAYS":1.5146902116,"INVENTORY_TDAYS":0.139972942034,"CURRENT_ASSETS_TDAYS":0.273479372234,"TOTAL_ASSETS_TDAYS":0.023332543857,"PREMIUM_EXPENSE":null,"LOAN_DEPOSIT":null,"LOAN_EQUITY":null,"LOAN_ASSETS":null,"DEPOSIT_EQUITY":null,"DEPOSIT_ASSETS":null,"EQUITY_MULTIPLIER":1.438168520698,"EQUITY_RATIO":0.471403501201},{"SECUCODE":"00101.HK","SECURITY_CODE":"00101","SECURITY_NAME_ABBR":"恒隆地产","ORG_CODE":"10007383","STD_REPORT_DATE":"2020-12-31 00:00:00","REPORT_DATE":"2020-12-31 00:00:00","DATE_TYPE_CODE":"001","REPORT_TYPE":"2020年年报","PER_NETCASH_OPERATE":0.63864945768,"PER_OI":1.679051152583,"BPS":24.331595460536,"BASIC_EPS":-0.4797348,"DILUTED_EPS":-0.4797348,"OPERATE_INCOME":7552035720,"OPERATE_INCOME_YOY":1.3669227293,"GROSS_PROFIT":5454668840,"GROSS_PROFIT_YOY":-6.130797223904,"HOLDER_PROFIT":-2163856440,"HOLDER_PROFIT_YOY":-141.6558651977,"GROSS_PROFIT_RATIO":72.227794494595,"EPS_TTM":-0.481092222589,"OPERATE_INCOME_QOQ":-6.223016645058,"NET_PROFIT_RATIO":-22.9131839964,"ROE_AVG":-1.856558975174,"GROSS_PROFIT_QOQ":-5.281643266102,"ROA":-1.250194507119,"HOLDER_PROFIT_QOQ":-1926.46582762961,"ROE_YEARLY":-1.856558975174,"ROIC_YEARLY":-1.343839429221,"TOTAL_ASSETS":177851998240,"TOTAL_LIABILITIES":53131049920,"TAX_EBT":-138.238702201622,"OCF_SALES":38.03633121587,"TOTAL_PARENT_EQUITY":116394603800,"DEBT_ASSET_RATIO":29.8737435878,"OPERATE_PROFIT":-558848960,"PRETAX_PROFIT":-726335320,"NETCASH_OPERATE":2872517320,"NETCASH_INVEST":-1848241440,"NETCASH_FINANCE":1939980200,"END_CASH":4236815760,"DIVI_RATIO":-1.357855249633,"DIVIDEND_RATE":11.783960720131,"CURRENT_RATIO":0.937139561707,"COMMON_ACS":null,"CURRENTDEBT_DEBT":30.214801672792,"ISSUED_COMMON_SHARES":4783681530,"HK_COMMON_SHARES":4783681530,"PER_SHARES":1000,"TOTAL_MARKET_CAP":29228294148.3,"HKSK_MARKET_CAP":29228294148.3,"PE_TTM":11.083918903413,"PB_TTM":0.222121441695,"REPORT_DATE_SQ":"2019-12-31 00:00:00","REPORT_TYPE_SQ":"2019年年报","OPERATE_INCOME_SQ":7929444560,"DPS_HKD":0.72,"OPERATE_INCOME_QOQ_SQ":4.342825198745,"NET_PROFIT_RATIO_SQ":110.7094441934,"HOLDER_PROFIT_SQ":5528754160,"HOLDER_PROFIT_QOQ_SQ":-11.077998009455,"ROE_AVG_SQ":4.468739818267,"PE_TTM_SQ":10.055563898155,"PB_TTM_SQ":0.331028919237,"ROA_SQ":3.194344168329,"START_DATE":"2020-01-01 00:00:00","FISCAL_YEAR":"12-31","CURRENCY":"HKD","IS_CNY_CODE":0,"DPS_HKD_LY":0.76,"ORG_TYPE":"一般企业","PREMIUM_INCOME":null,"PREMIUM_INCOME_YOY":null,"NET_INTEREST_INCOME":null,"NET_INTEREST_INCOME_YOY":null,"FEE_COMMISSION_INCOME":null,"FEE_COMMISSION_INCOME_YOY":null,"ACCOUNTS_RECE_TDAYS":3.105919003115,"INVENTORY_TDAYS":0.365663976522,"CURRENT_ASSETS_TDAYS":0.61665864889,"TOTAL_ASSETS_TDAYS":0.043632809461,"PREMIUM_EXPENSE":null,"LOAN_DEPOSIT":null,"LOAN_EQUITY":null,"LOAN_ASSETS":null,"DEPOSIT_EQUITY":null,"DEPOSIT_ASSETS":null,"EQUITY_MULTIPLIER":1.42599940616,"EQUITY_RATIO":0.456473480603}],"count":51},"success":true,"message":"ok","code":0}