{"version":"2cfda5fab4c4e59d14922349e7940d2c","result":{"pages":6,"data":[{"SECUCODE":"00105.HK","SECURITY_CODE":"00105","SECURITY_NAME_ABBR":"凯联国际酒店","ORG_CODE":"10007387","STD_REPORT_DATE":"2024-06-30 00:00:00","REPORT_DATE":"2024-09-30 00:00:00","DATE_TYPE_CODE":"002","REPORT_TYPE":"2024年中报","PER_NETCASH_OPERATE":0.205057026111,"PER_OI":0.380122019806,"BPS":18.224752559694,"BASIC_EPS":-1.2264344,"DILUTED_EPS":-1.2264344,"OPERATE_INCOME":136843927.13,"OPERATE_INCOME_YOY":3.1527642768,"GROSS_PROFIT":93171139.22,"GROSS_PROFIT_YOY":1.963806841957,"HOLDER_PROFIT":-442665264.46,"HOLDER_PROFIT_YOY":-207.3915744889,"GROSS_PROFIT_RATIO":68.085695269099,"EPS_TTM":0.948752420694,"OPERATE_INCOME_QOQ":0,"NET_PROFIT_RATIO":-323.4818480761,"ROE_AVG":-6.488006399266,"GROSS_PROFIT_QOQ":0,"ROA":-6.077288660193,"HOLDER_PROFIT_QOQ":0,"ROE_YEARLY":-12.976012798532,"ROIC_YEARLY":-13.040646652681,"TOTAL_ASSETS":7066917013.76,"TOTAL_LIABILITIES":506006092.27,"TAX_EBT":-2.800622407073,"OCF_SALES":53.945053279472,"TOTAL_PARENT_EQUITY":6560910921.49,"DEBT_ASSET_RATIO":7.1602099089,"OPERATE_PROFIT":-425649388.95,"PRETAX_PROFIT":-430605626.79,"NETCASH_OPERATE":73820529.4,"NETCASH_INVEST":7635455.93,"NETCASH_FINANCE":-5170863.86,"END_CASH":533061595.85,"DIVI_RATIO":0.390959634895,"DIVIDEND_RATE":8.367346938776,"CURRENT_RATIO":3.063323355211,"COMMON_ACS":null,"CURRENTDEBT_DEBT":41.734730793976,"ISSUED_COMMON_SHARES":360000000,"HK_COMMON_SHARES":360000000,"PER_SHARES":2000,"TOTAL_MARKET_CAP":1764000000,"HKSK_MARKET_CAP":1764000000,"PE_TTM":-3.08821907448,"PB_TTM":0.242459862515,"REPORT_DATE_SQ":"2023-06-30 00:00:00","REPORT_TYPE_SQ":"2023年中报","OPERATE_INCOME_SQ":134991631.67,"DPS_HKD":0.41,"OPERATE_INCOME_QOQ_SQ":0,"NET_PROFIT_RATIO_SQ":310.7138244431,"HOLDER_PROFIT_SQ":419437661.44,"HOLDER_PROFIT_QOQ_SQ":0,"ROE_AVG_SQ":5.854780718552,"PE_TTM_SQ":-510.888182040617,"PB_TTM_SQ":0.261188251432,"ROA_SQ":5.502619260155,"START_DATE":"2024-04-01 00:00:00","FISCAL_YEAR":"3-31","CURRENCY":"HKD","IS_CNY_CODE":0,"DPS_HKD_LY":0.41,"ORG_TYPE":"一般企业","PREMIUM_INCOME":null,"PREMIUM_INCOME_YOY":null,"NET_INTEREST_INCOME":null,"NET_INTEREST_INCOME_YOY":null,"FEE_COMMISSION_INCOME":null,"FEE_COMMISSION_INCOME_YOY":null,"ACCOUNTS_RECE_TDAYS":1.314242163108,"INVENTORY_TDAYS":null,"CURRENT_ASSETS_TDAYS":0.225315076141,"TOTAL_ASSETS_TDAYS":0.018787108755,"PREMIUM_EXPENSE":null,"LOAN_DEPOSIT":null,"LOAN_EQUITY":null,"LOAN_ASSETS":null,"DEPOSIT_EQUITY":null,"DEPOSIT_ASSETS":null,"EQUITY_MULTIPLIER":1.077124365554,"EQUITY_RATIO":0.077124365553},{"SECUCODE":"00105.HK","SECURITY_CODE":"00105","SECURITY_NAME_ABBR":"凯联国际酒店","ORG_CODE":"10007387","STD_REPORT_DATE":"2023-12-31 00:00:00","REPORT_DATE":"2024-03-31 00:00:00","DATE_TYPE_CODE":"001","REPORT_TYPE":"2023年年报","PER_NETCASH_OPERATE":0.462569655694,"PER_OI":0.735672879583,"BPS":19.783703604861,"BASIC_EPS":0.9518775,"DILUTED_EPS":0.9518775,"OPERATE_INCOME":264842236.65,"OPERATE_INCOME_YOY":-2.3857018274,"GROSS_PROFIT":179355478.2,"GROSS_PROFIT_YOY":-4.229566836652,"HOLDER_PROFIT":341550871.45,"HOLDER_PROFIT_YOY":123.7749188959,"GROSS_PROFIT_RATIO":67.721629475976,"EPS_TTM":0.134267011583,"OPERATE_INCOME_QOQ":0,"NET_PROFIT_RATIO":128.9638978172,"ROE_AVG":4.868866497448,"GROSS_PROFIT_QOQ":0,"ROA":4.598179371943,"HOLDER_PROFIT_QOQ":0,"ROE_YEARLY":4.868866497448,"ROIC_YEARLY":4.883977675667,"TOTAL_ASSETS":7540529693.05,"TOTAL_LIABILITIES":418396395.3,"TAX_EBT":6.259967804458,"OCF_SALES":62.877084167685,"TOTAL_PARENT_EQUITY":7122133297.75,"DEBT_ASSET_RATIO":5.5486340129,"OPERATE_PROFIT":374814004.05,"PRETAX_PROFIT":364359669.45,"NETCASH_OPERATE":166525076.05,"NETCASH_INVEST":20445422.15,"NETCASH_FINANCE":-137927049.75,"END_CASH":459187519.1,"DIVI_RATIO":2.762584015432,"DIVIDEND_RATE":8.023483365949,"CURRENT_RATIO":4.538907392188,"COMMON_ACS":null,"CURRENTDEBT_DEBT":30.055511498811,"ISSUED_COMMON_SHARES":360000000,"HK_COMMON_SHARES":360000000,"PER_SHARES":2000,"TOTAL_MARKET_CAP":1839600000,"HKSK_MARKET_CAP":1839600000,"PE_TTM":-3.220571320529,"PB_TTM":0.25285099948,"REPORT_DATE_SQ":"2022-12-31 00:00:00","REPORT_TYPE_SQ":"2022年年报","OPERATE_INCOME_SQ":261995331.03,"DPS_HKD":0.41,"OPERATE_INCOME_QOQ_SQ":0,"NET_PROFIT_RATIO_SQ":-529.4958283631,"HOLDER_PROFIT_SQ":-1387254348.31,"HOLDER_PROFIT_QOQ_SQ":0,"ROE_AVG_SQ":-18.709696576397,"PE_TTM_SQ":-549.64521654025,"PB_TTM_SQ":0.281002532575,"ROA_SQ":-17.733541589207,"START_DATE":"2023-04-01 00:00:00","FISCAL_YEAR":"3-31","CURRENCY":"HKD","IS_CNY_CODE":0,"DPS_HKD_LY":0.39,"ORG_TYPE":"一般企业","PREMIUM_INCOME":null,"PREMIUM_INCOME_YOY":null,"NET_INTEREST_INCOME":null,"NET_INTEREST_INCOME_YOY":null,"FEE_COMMISSION_INCOME":null,"FEE_COMMISSION_INCOME_YOY":null,"ACCOUNTS_RECE_TDAYS":2.261825220168,"INVENTORY_TDAYS":null,"CURRENT_ASSETS_TDAYS":0.471636933374,"TOTAL_ASSETS_TDAYS":0.035654779747,"PREMIUM_EXPENSE":null,"LOAN_DEPOSIT":null,"LOAN_EQUITY":null,"LOAN_ASSETS":null,"DEPOSIT_EQUITY":null,"DEPOSIT_ASSETS":null,"EQUITY_MULTIPLIER":1.058745937181,"EQUITY_RATIO":0.05874593718},{"SECUCODE":"00105.HK","SECURITY_CODE":"00105","SECURITY_NAME_ABBR":"凯联国际酒店","ORG_CODE":"10007387","STD_REPORT_DATE":"2023-06-30 00:00:00","REPORT_DATE":"2023-09-30 00:00:00","DATE_TYPE_CODE":"002","REPORT_TYPE":"2023年中报","PER_NETCASH_OPERATE":0.266943664944,"PER_OI":0.374976754639,"BPS":20.377080403944,"BASIC_EPS":1.1653901,"DILUTED_EPS":1.1653901,"OPERATE_INCOME":134991631.67,"OPERATE_INCOME_YOY":-4.0704005843,"GROSS_PROFIT":91376677.77,"GROSS_PROFIT_YOY":-8.275179057757,"HOLDER_PROFIT":419437661.44,"HOLDER_PROFIT_YOY":140.6837107794,"GROSS_PROFIT_RATIO":67.690623959105,"EPS_TTM":-3.853484300861,"OPERATE_INCOME_QOQ":0,"NET_PROFIT_RATIO":310.7138244431,"ROE_AVG":5.854780718552,"GROSS_PROFIT_QOQ":0,"ROA":5.502619260155,"HOLDER_PROFIT_QOQ":0,"ROE_YEARLY":11.709561437104,"ROIC_YEARLY":11.717863057884,"TOTAL_ASSETS":7840220626.07,"TOTAL_LIABILITIES":504471680.65,"TAX_EBT":2.751165378421,"OCF_SALES":71.189390180071,"TOTAL_PARENT_EQUITY":7335748945.42,"DEBT_ASSET_RATIO":6.4344066922,"OPERATE_PROFIT":436224784.66,"PRETAX_PROFIT":431303534.97,"NETCASH_OPERATE":96099719.38,"NETCASH_INVEST":5811350.79,"NETCASH_FINANCE":-5095599.39,"END_CASH":511972388.27,"DIVI_RATIO":-0.096256756494,"DIVIDEND_RATE":8.023483365949,"CURRENT_RATIO":3.043311159105,"COMMON_ACS":null,"CURRENTDEBT_DEBT":42.027630489946,"ISSUED_COMMON_SHARES":360000000,"HK_COMMON_SHARES":360000000,"PER_SHARES":2000,"TOTAL_MARKET_CAP":1839600000,"HKSK_MARKET_CAP":1839600000,"PE_TTM":-3.220571320529,"PB_TTM":0.25285099948,"REPORT_DATE_SQ":"2022-06-30 00:00:00","REPORT_TYPE_SQ":"2022年中报","OPERATE_INCOME_SQ":138696778.44,"DPS_HKD":0.41,"OPERATE_INCOME_QOQ_SQ":0,"NET_PROFIT_RATIO_SQ":-732.6434128242,"HOLDER_PROFIT_SQ":-1016152811.04,"HOLDER_PROFIT_QOQ_SQ":0,"ROE_AVG_SQ":-12.883945571008,"PE_TTM_SQ":-549.64521654025,"PB_TTM_SQ":0.281002532575,"ROA_SQ":-12.167639856419,"START_DATE":"2023-04-01 00:00:00","FISCAL_YEAR":"3-31","CURRENCY":"HKD","IS_CNY_CODE":0,"DPS_HKD_LY":0.39,"ORG_TYPE":"一般企业","PREMIUM_INCOME":null,"PREMIUM_INCOME_YOY":null,"NET_INTEREST_INCOME":null,"NET_INTEREST_INCOME_YOY":null,"FEE_COMMISSION_INCOME":null,"FEE_COMMISSION_INCOME_YOY":null,"ACCOUNTS_RECE_TDAYS":null,"INVENTORY_TDAYS":null,"CURRENT_ASSETS_TDAYS":0.224184713245,"TOTAL_ASSETS_TDAYS":0.017709605519,"PREMIUM_EXPENSE":null,"LOAN_DEPOSIT":null,"LOAN_EQUITY":null,"LOAN_ASSETS":null,"DEPOSIT_EQUITY":null,"DEPOSIT_ASSETS":null,"EQUITY_MULTIPLIER":1.068768940213,"EQUITY_RATIO":0.068768940214},{"SECUCODE":"00105.HK","SECURITY_CODE":"00105","SECURITY_NAME_ABBR":"凯联国际酒店","ORG_CODE":"10007387","STD_REPORT_DATE":"2022-12-31 00:00:00","REPORT_DATE":"2023-03-31 00:00:00","DATE_TYPE_CODE":"001","REPORT_TYPE":"2022年年报","PER_NETCASH_OPERATE":0.333594434056,"PER_OI":0.727764808417,"BPS":18.529380355167,"BASIC_EPS":-3.851804,"DILUTED_EPS":-3.851804,"OPERATE_INCOME":261995331.03,"OPERATE_INCOME_YOY":-0.6747069522,"GROSS_PROFIT":187276461.3,"GROSS_PROFIT_YOY":8.846369794692,"HOLDER_PROFIT":-1387254348.31,"HOLDER_PROFIT_YOY":-41.3940693921,"GROSS_PROFIT_RATIO":71.480839205702,"EPS_TTM":-4.210475847722,"OPERATE_INCOME_QOQ":0,"NET_PROFIT_RATIO":-529.4958283631,"ROE_AVG":-18.709696576397,"GROSS_PROFIT_QOQ":0,"ROA":-17.733541589207,"HOLDER_PROFIT_QOQ":0,"ROE_YEARLY":-18.709696576397,"ROIC_YEARLY":-18.666418360783,"TOTAL_ASSETS":7064104362.21,"TOTAL_LIABILITIES":393527434.35,"TAX_EBT":-1.835648270127,"OCF_SALES":45.838220012497,"TOTAL_PARENT_EQUITY":6670576927.86,"DEBT_ASSET_RATIO":5.5708043677,"OPERATE_PROFIT":-1356945903.29,"PRETAX_PROFIT":-1362248261.66,"NETCASH_OPERATE":120093996.26,"NETCASH_INVEST":-3769515.46,"NETCASH_FINANCE":-106118075.61,"END_CASH":396055618.43,"DIVI_RATIO":-0.122965840139,"DIVIDEND_RATE":10.795454545455,"CURRENT_RATIO":4.514772904115,"COMMON_ACS":null,"CURRENTDEBT_DEBT":30.018352297374,"ISSUED_COMMON_SHARES":360000000,"HK_COMMON_SHARES":360000000,"PER_SHARES":2000,"TOTAL_MARKET_CAP":1900800000,"HKSK_MARKET_CAP":1900800000,"PE_TTM":-3.32771361495,"PB_TTM":0.261262872261,"REPORT_DATE_SQ":"2021-12-31 00:00:00","REPORT_TYPE_SQ":"2021年年报","OPERATE_INCOME_SQ":244370289.16,"DPS_HKD":0.57,"OPERATE_INCOME_QOQ_SQ":0,"NET_PROFIT_RATIO_SQ":-371.9556877166,"HOLDER_PROFIT_SQ":-908949189.62,"HOLDER_PROFIT_QOQ_SQ":0,"ROE_AVG_SQ":-11.265504414784,"PE_TTM_SQ":-1.45391120414,"PB_TTM_SQ":0.288207725718,"ROA_SQ":-10.744960791979,"START_DATE":"2022-04-01 00:00:00","FISCAL_YEAR":"3-31","CURRENCY":"HKD","IS_CNY_CODE":0,"DPS_HKD_LY":0.32,"ORG_TYPE":"一般企业","PREMIUM_INCOME":null,"PREMIUM_INCOME_YOY":null,"NET_INTEREST_INCOME":null,"NET_INTEREST_INCOME_YOY":null,"FEE_COMMISSION_INCOME":null,"FEE_COMMISSION_INCOME_YOY":null,"ACCOUNTS_RECE_TDAYS":2.070603781678,"INVENTORY_TDAYS":null,"CURRENT_ASSETS_TDAYS":0.493094960359,"TOTAL_ASSETS_TDAYS":0.033491371677,"PREMIUM_EXPENSE":null,"LOAN_DEPOSIT":null,"LOAN_EQUITY":null,"LOAN_ASSETS":null,"DEPOSIT_EQUITY":null,"DEPOSIT_ASSETS":null,"EQUITY_MULTIPLIER":1.058994512559,"EQUITY_RATIO":0.05899451256},{"SECUCODE":"00105.HK","SECURITY_CODE":"00105","SECURITY_NAME_ABBR":"凯联国际酒店","ORG_CODE":"10007387","STD_REPORT_DATE":"2022-06-30 00:00:00","REPORT_DATE":"2022-09-30 00:00:00","DATE_TYPE_CODE":"002","REPORT_TYPE":"2022年中报","PER_NETCASH_OPERATE":0.192454782667,"PER_OI":0.385268829,"BPS":20.401958059,"BASIC_EPS":-2.8218528,"DILUTED_EPS":-2.8218528,"OPERATE_INCOME":138696778.44,"OPERATE_INCOME_YOY":-4.0014272926,"GROSS_PROFIT":99620448.24,"GROSS_PROFIT_YOY":3.960567306853,"HOLDER_PROFIT":-1016152811.04,"HOLDER_PROFIT_YOY":-128.6552778219,"GROSS_PROFIT_RATIO":71.826072213419,"EPS_TTM":-2.524858860056,"OPERATE_INCOME_QOQ":0,"NET_PROFIT_RATIO":-732.6434128242,"ROE_AVG":-12.883945571008,"GROSS_PROFIT_QOQ":0,"ROA":-12.167639856419,"HOLDER_PROFIT_QOQ":0,"ROE_YEARLY":-25.767891142015,"ROIC_YEARLY":-25.661600485633,"TOTAL_ASSETS":7836533946.6,"TOTAL_LIABILITIES":491829045.36,"TAX_EBT":-1.363310342339,"OCF_SALES":49.953374937236,"TOTAL_PARENT_EQUITY":7344704901.24,"DEBT_ASSET_RATIO":6.2761043174,"OPERATE_PROFIT":-1000869583.92,"PRETAX_PROFIT":-1002485818.2,"NETCASH_OPERATE":69283721.76,"NETCASH_INVEST":-1677736.2,"NETCASH_FINANCE":-1623469.8,"END_CASH":464627107.92,"DIVI_RATIO":-0.205058868118,"DIVIDEND_RATE":10.795454545455,"CURRENT_RATIO":2.86856327943,"COMMON_ACS":null,"CURRENTDEBT_DEBT":42.939789699776,"ISSUED_COMMON_SHARES":360000000,"HK_COMMON_SHARES":360000000,"PER_SHARES":2000,"TOTAL_MARKET_CAP":1900800000,"HKSK_MARKET_CAP":1900800000,"PE_TTM":-3.32771361495,"PB_TTM":0.261262872261,"REPORT_DATE_SQ":"2021-06-30 00:00:00","REPORT_TYPE_SQ":"2021年中报","OPERATE_INCOME_SQ":133075503.58,"DPS_HKD":0.57,"OPERATE_INCOME_QOQ_SQ":0,"NET_PROFIT_RATIO_SQ":-307.5928209687,"HOLDER_PROFIT_SQ":-409330695.48,"HOLDER_PROFIT_QOQ_SQ":0,"ROE_AVG_SQ":-4.771614913105,"PE_TTM_SQ":-1.45391120414,"PB_TTM_SQ":0.288207725718,"ROA_SQ":-4.543825727077,"START_DATE":"2022-04-01 00:00:00","FISCAL_YEAR":"3-31","CURRENCY":"HKD","IS_CNY_CODE":0,"DPS_HKD_LY":0.32,"ORG_TYPE":"一般企业","PREMIUM_INCOME":null,"PREMIUM_INCOME_YOY":null,"NET_INTEREST_INCOME":null,"NET_INTEREST_INCOME_YOY":null,"FEE_COMMISSION_INCOME":null,"FEE_COMMISSION_INCOME_YOY":null,"ACCOUNTS_RECE_TDAYS":null,"INVENTORY_TDAYS":null,"CURRENT_ASSETS_TDAYS":0.24064873517,"TOTAL_ASSETS_TDAYS":0.016607860855,"PREMIUM_EXPENSE":null,"LOAN_DEPOSIT":null,"LOAN_EQUITY":null,"LOAN_ASSETS":null,"DEPOSIT_EQUITY":null,"DEPOSIT_ASSETS":null,"EQUITY_MULTIPLIER":1.066963758513,"EQUITY_RATIO":0.066963758514},{"SECUCODE":"00105.HK","SECURITY_CODE":"00105","SECURITY_NAME_ABBR":"凯联国际酒店","ORG_CODE":"10007387","STD_REPORT_DATE":"2021-12-31 00:00:00","REPORT_DATE":"2022-03-31 00:00:00","DATE_TYPE_CODE":"001","REPORT_TYPE":"2021年年报","PER_NETCASH_OPERATE":0.423495905167,"PER_OI":0.678806358778,"BPS":20.995780570472,"BASIC_EPS":-2.5222411,"DILUTED_EPS":-2.5222411,"OPERATE_INCOME":244370289.16,"OPERATE_INCOME_YOY":-30.6017725204,"GROSS_PROFIT":172055771.5,"GROSS_PROFIT_YOY":-40.443882842372,"HOLDER_PROFIT":-908949189.62,"HOLDER_PROFIT_YOY":26.5316905102,"GROSS_PROFIT_RATIO":70.407811068778,"EPS_TTM":-3.165681270556,"OPERATE_INCOME_QOQ":0,"NET_PROFIT_RATIO":-371.9556877166,"ROE_AVG":-11.265504414784,"GROSS_PROFIT_QOQ":0,"ROA":-10.744960791979,"HOLDER_PROFIT_QOQ":0,"ROE_YEARLY":-11.265504414784,"ROIC_YEARLY":-11.181508940323,"TOTAL_ASSETS":7950139631.64,"TOTAL_LIABILITIES":391658626.27,"TAX_EBT":-2.649016933815,"OCF_SALES":62.388323222132,"TOTAL_PARENT_EQUITY":7558481005.37,"DEBT_ASSET_RATIO":4.9264370743,"OPERATE_PROFIT":-883074726.58,"PRETAX_PROFIT":-885492347.39,"NETCASH_OPERATE":152458525.86,"NETCASH_INVEST":15250232.04,"NETCASH_FINANCE":-113316750.23,"END_CASH":357464011.64,"DIVI_RATIO":-0.163549219189,"DIVIDEND_RATE":10.795454545455,"CURRENT_RATIO":3.419398072747,"COMMON_ACS":null,"CURRENTDEBT_DEBT":36.616714327424,"ISSUED_COMMON_SHARES":360000000,"HK_COMMON_SHARES":360000000,"PER_SHARES":2000,"TOTAL_MARKET_CAP":1900800000,"HKSK_MARKET_CAP":1900800000,"PE_TTM":-3.32771361495,"PB_TTM":0.261262872261,"REPORT_DATE_SQ":"2020-12-31 00:00:00","REPORT_TYPE_SQ":"2020年年报","OPERATE_INCOME_SQ":366963633.12,"DPS_HKD":0.57,"OPERATE_INCOME_QOQ_SQ":0,"NET_PROFIT_RATIO_SQ":-351.3496582094,"HOLDER_PROFIT_SQ":-1289325470.72,"HOLDER_PROFIT_QOQ_SQ":0,"ROE_AVG_SQ":-13.346315372387,"PE_TTM_SQ":-1.45391120414,"PB_TTM_SQ":0.288207725718,"ROA_SQ":-12.795766596099,"START_DATE":"2021-04-01 00:00:00","FISCAL_YEAR":"3-31","CURRENCY":"HKD","IS_CNY_CODE":0,"DPS_HKD_LY":0.38,"ORG_TYPE":"一般企业","PREMIUM_INCOME":null,"PREMIUM_INCOME_YOY":null,"NET_INTEREST_INCOME":null,"NET_INTEREST_INCOME_YOY":null,"FEE_COMMISSION_INCOME":null,"FEE_COMMISSION_INCOME_YOY":null,"ACCOUNTS_RECE_TDAYS":null,"INVENTORY_TDAYS":null,"CURRENT_ASSETS_TDAYS":0.503722551045,"TOTAL_ASSETS_TDAYS":0.028887744285,"PREMIUM_EXPENSE":null,"LOAN_DEPOSIT":null,"LOAN_EQUITY":null,"LOAN_ASSETS":null,"DEPOSIT_EQUITY":null,"DEPOSIT_ASSETS":null,"EQUITY_MULTIPLIER":1.05181710796,"EQUITY_RATIO":0.05181710796},{"SECUCODE":"00105.HK","SECURITY_CODE":"00105","SECURITY_NAME_ABBR":"凯联国际酒店","ORG_CODE":"10007387","STD_REPORT_DATE":"2021-06-30 00:00:00","REPORT_DATE":"2021-09-30 00:00:00","DATE_TYPE_CODE":"002","REPORT_TYPE":"2021年中报","PER_NETCASH_OPERATE":0.266222835444,"PER_OI":0.369654176611,"BPS":23.181377809611,"BASIC_EPS":-1.1329616,"DILUTED_EPS":-1.1329616,"OPERATE_INCOME":133075503.58,"OPERATE_INCOME_YOY":-34.1032283614,"GROSS_PROFIT":95825225.68,"GROSS_PROFIT_YOY":-41.797292205988,"HOLDER_PROFIT":-409330695.48,"HOLDER_PROFIT_YOY":22.7624908632,"GROSS_PROFIT_RATIO":72.008163111999,"EPS_TTM":-3.581459640889,"OPERATE_INCOME_QOQ":0,"NET_PROFIT_RATIO":-307.5928209687,"ROE_AVG":-4.771614913105,"GROSS_PROFIT_QOQ":0,"ROA":-4.543825727077,"HOLDER_PROFIT_QOQ":0,"ROE_YEARLY":-9.543229826211,"ROIC_YEARLY":-9.47036312233,"TOTAL_ASSETS":8804695279.06,"TOTAL_LIABILITIES":459399267.6,"TAX_EBT":-3.43769209394,"OCF_SALES":72.019431211383,"TOTAL_PARENT_EQUITY":8345296011.46,"DEBT_ASSET_RATIO":5.2176623158,"OPERATE_PROFIT":-394862109.4,"PRETAX_PROFIT":-395726825.68,"NETCASH_OPERATE":95840220.76,"NETCASH_INVEST":10610685.22,"NETCASH_FINANCE":-980511.62,"END_CASH":416782417.18,"DIVI_RATIO":-0.144562483432,"DIVIDEND_RATE":10.795454545455,"CURRENT_RATIO":2.711645627431,"COMMON_ACS":null,"CURRENTDEBT_DEBT":45.26402640264,"ISSUED_COMMON_SHARES":360000000,"HK_COMMON_SHARES":360000000,"PER_SHARES":2000,"TOTAL_MARKET_CAP":1900800000,"HKSK_MARKET_CAP":1900800000,"PE_TTM":-3.32771361495,"PB_TTM":0.261262872261,"REPORT_DATE_SQ":"2020-06-30 00:00:00","REPORT_TYPE_SQ":"2020年中报","OPERATE_INCOME_SQ":213014030.08,"DPS_HKD":0.57,"OPERATE_INCOME_QOQ_SQ":0,"NET_PROFIT_RATIO_SQ":-262.4291501316,"HOLDER_PROFIT_SQ":-559010908.8,"HOLDER_PROFIT_QOQ_SQ":0,"ROE_AVG_SQ":-5.337035066929,"PE_TTM_SQ":-1.45391120414,"PB_TTM_SQ":0.288207725718,"ROA_SQ":-5.10036494229,"START_DATE":"2021-04-01 00:00:00","FISCAL_YEAR":"3-31","CURRENCY":"HKD","IS_CNY_CODE":0,"DPS_HKD_LY":0.38,"ORG_TYPE":"一般企业","PREMIUM_INCOME":null,"PREMIUM_INCOME_YOY":null,"NET_INTEREST_INCOME":null,"NET_INTEREST_INCOME_YOY":null,"FEE_COMMISSION_INCOME":null,"FEE_COMMISSION_INCOME_YOY":null,"ACCOUNTS_RECE_TDAYS":0.898591161076,"INVENTORY_TDAYS":null,"CURRENT_ASSETS_TDAYS":0.251849340985,"TOTAL_ASSETS_TDAYS":0.014772209939,"PREMIUM_EXPENSE":null,"LOAN_DEPOSIT":null,"LOAN_EQUITY":null,"LOAN_ASSETS":null,"DEPOSIT_EQUITY":null,"DEPOSIT_ASSETS":null,"EQUITY_MULTIPLIER":1.055048888256,"EQUITY_RATIO":0.055048888256},{"SECUCODE":"00105.HK","SECURITY_CODE":"00105","SECURITY_NAME_ABBR":"凯联国际酒店","ORG_CODE":"10007387","STD_REPORT_DATE":"2020-12-31 00:00:00","REPORT_DATE":"2021-03-31 00:00:00","DATE_TYPE_CODE":"001","REPORT_TYPE":"2020年年报","PER_NETCASH_OPERATE":0.346594231667,"PER_OI":1.019343425333,"BPS":24.832794685611,"BASIC_EPS":-3.5835632,"DILUTED_EPS":-3.5835632,"OPERATE_INCOME":366963633.12,"OPERATE_INCOME_YOY":-26.2294413484,"GROSS_PROFIT":288896892.06,"GROSS_PROFIT_YOY":-36.480632662343,"HOLDER_PROFIT":-1289325470.72,"HOLDER_PROFIT_YOY":-67.1118589407,"GROSS_PROFIT_RATIO":78.72630037035,"EPS_TTM":-2.943523758667,"OPERATE_INCOME_QOQ":0,"NET_PROFIT_RATIO":-351.3496582094,"ROE_AVG":-13.346315372387,"GROSS_PROFIT_QOQ":0,"ROA":-12.795766596099,"HOLDER_PROFIT_QOQ":0,"ROE_YEARLY":-13.346315372387,"ROIC_YEARLY":-13.237461562218,"TOTAL_ASSETS":9346339357.18,"TOTAL_LIABILITIES":406533270.36,"TAX_EBT":-3.439147698917,"OCF_SALES":34.001713559228,"TOTAL_PARENT_EQUITY":8939806086.82,"DEBT_ASSET_RATIO":4.3496523593,"OPERATE_PROFIT":-1243882677.66,"PRETAX_PROFIT":-1246457941.12,"NETCASH_OPERATE":124773923.4,"NETCASH_INVEST":-10738857.08,"NETCASH_FINANCE":-154777813.4,"END_CASH":315841230.46,"DIVI_RATIO":-0.175892821818,"DIVIDEND_RATE":10.795454545455,"CURRENT_RATIO":1.543589529539,"COMMON_ACS":null,"CURRENTDEBT_DEBT":79.6932237288,"ISSUED_COMMON_SHARES":360000000,"HK_COMMON_SHARES":360000000,"PER_SHARES":2000,"TOTAL_MARKET_CAP":1900800000,"HKSK_MARKET_CAP":1900800000,"PE_TTM":-3.32771361495,"PB_TTM":0.261262872261,"REPORT_DATE_SQ":"2019-12-31 00:00:00","REPORT_TYPE_SQ":"2019年年报","OPERATE_INCOME_SQ":537767272,"DPS_HKD":0.57,"OPERATE_INCOME_QOQ_SQ":0,"NET_PROFIT_RATIO_SQ":-155.1012641022,"HOLDER_PROFIT_SQ":-834083836.8,"HOLDER_PROFIT_QOQ_SQ":0,"ROE_AVG_SQ":-7.053099673292,"PE_TTM_SQ":-1.45391120414,"PB_TTM_SQ":0.288207725718,"ROA_SQ":-6.786971074088,"START_DATE":"2020-04-01 00:00:00","FISCAL_YEAR":"3-31","CURRENCY":"HKD","IS_CNY_CODE":0,"DPS_HKD_LY":0.5,"ORG_TYPE":"一般企业","PREMIUM_INCOME":null,"PREMIUM_INCOME_YOY":null,"NET_INTEREST_INCOME":null,"NET_INTEREST_INCOME_YOY":null,"FEE_COMMISSION_INCOME":null,"FEE_COMMISSION_INCOME_YOY":null,"ACCOUNTS_RECE_TDAYS":2.976890878736,"INVENTORY_TDAYS":null,"CURRENT_ASSETS_TDAYS":0.775365955144,"TOTAL_ASSETS_TDAYS":0.036418895813,"PREMIUM_EXPENSE":null,"LOAN_DEPOSIT":null,"LOAN_EQUITY":null,"LOAN_ASSETS":null,"DEPOSIT_EQUITY":null,"DEPOSIT_ASSETS":null,"EQUITY_MULTIPLIER":1.04547450654,"EQUITY_RATIO":0.04547450654},{"SECUCODE":"00105.HK","SECURITY_CODE":"00105","SECURITY_NAME_ABBR":"凯联国际酒店","ORG_CODE":"10007387","STD_REPORT_DATE":"2020-06-30 00:00:00","REPORT_DATE":"2020-09-30 00:00:00","DATE_TYPE_CODE":"002","REPORT_TYPE":"2020年中报","PER_NETCASH_OPERATE":0.234064158222,"PER_OI":0.591705639111,"BPS":28.208713376,"BASIC_EPS":-1.5553344,"DILUTED_EPS":-1.5553344,"OPERATE_INCOME":213014030.08,"OPERATE_INCOME_YOY":-19.1778218614,"GROSS_PROFIT":164640494.08,"GROSS_PROFIT_YOY":-28.358993333723,"HOLDER_PROFIT":-559010908.8,"HOLDER_PROFIT_YOY":-72.1002142579,"GROSS_PROFIT_RATIO":77.290915541182,"EPS_TTM":-2.316899546667,"OPERATE_INCOME_QOQ":0,"NET_PROFIT_RATIO":-262.4291501316,"ROE_AVG":-5.337035066929,"GROSS_PROFIT_QOQ":0,"ROA":-5.10036494229,"HOLDER_PROFIT_QOQ":0,"ROE_YEARLY":-10.674070133858,"ROIC_YEARLY":-10.596678103447,"TOTAL_ASSETS":10685566477.44,"TOTAL_LIABILITIES":530429662.08,"TAX_EBT":-4.669758779038,"OCF_SALES":39.557533805803,"TOTAL_PARENT_EQUITY":10155136815.36,"DEBT_ASSET_RATIO":4.9639826134,"OPERATE_PROFIT":-532473564.8,"PRETAX_PROFIT":-534071077.76,"NETCASH_OPERATE":84263096.96,"NETCASH_INVEST":-4942800,"NETCASH_FINANCE":-1725806.08,"END_CASH":448329095.04,"DIVI_RATIO":-0.22346445738,"DIVIDEND_RATE":10.795454545455,"CURRENT_RATIO":2.221416614793,"COMMON_ACS":null,"CURRENTDEBT_DEBT":51.363314828896,"ISSUED_COMMON_SHARES":360000000,"HK_COMMON_SHARES":360000000,"PER_SHARES":2000,"TOTAL_MARKET_CAP":1900800000,"HKSK_MARKET_CAP":1900800000,"PE_TTM":-3.32771361495,"PB_TTM":0.261262872261,"REPORT_DATE_SQ":"2019-06-30 00:00:00","REPORT_TYPE_SQ":"2019年中报","OPERATE_INCOME_SQ":270544369.35,"DPS_HKD":0.57,"OPERATE_INCOME_QOQ_SQ":0,"NET_PROFIT_RATIO_SQ":-123.2427025856,"HOLDER_PROFIT_SQ":-333426192.48,"HOLDER_PROFIT_QOQ_SQ":0,"ROE_AVG_SQ":-2.776147428533,"PE_TTM_SQ":-1.45391120414,"PB_TTM_SQ":0.288207725718,"ROA_SQ":-2.652103039765,"START_DATE":"2020-04-01 00:00:00","FISCAL_YEAR":"3-31","CURRENCY":"HKD","IS_CNY_CODE":0,"DPS_HKD_LY":0.5,"ORG_TYPE":"一般企业","PREMIUM_INCOME":null,"PREMIUM_INCOME_YOY":null,"NET_INTEREST_INCOME":null,"NET_INTEREST_INCOME_YOY":null,"FEE_COMMISSION_INCOME":null,"FEE_COMMISSION_INCOME_YOY":null,"ACCOUNTS_RECE_TDAYS":1.803863497686,"INVENTORY_TDAYS":null,"CURRENT_ASSETS_TDAYS":0.398380931408,"TOTAL_ASSETS_TDAYS":0.01943520733,"PREMIUM_EXPENSE":null,"LOAN_DEPOSIT":null,"LOAN_EQUITY":null,"LOAN_ASSETS":null,"DEPOSIT_EQUITY":null,"DEPOSIT_ASSETS":null,"EQUITY_MULTIPLIER":1.052232645579,"EQUITY_RATIO":0.052232645579}],"count":48},"success":true,"message":"ok","code":0}