{"version":"df965e2d54d73a28fb7431d371e3050b","result":{"pages":9,"data":[{"SECUCODE":"00107.HK","SECURITY_CODE":"00107","SECURITY_NAME_ABBR":"四川成渝高速公路","ORG_CODE":"10028126","STD_REPORT_DATE":"2024-09-30 00:00:00","REPORT_DATE":"2024-09-30 00:00:00","DATE_TYPE_CODE":"004","REPORT_TYPE":"2024年三季报","PER_NETCASH_OPERATE":0.886179807002,"PER_OI":2.406416670736,"BPS":5.256672694627,"BASIC_EPS":0.3671,"DILUTED_EPS":0.3671,"OPERATE_INCOME":7358966564.11,"OPERATE_INCOME_YOY":-7.9202789126,"GROSS_PROFIT":2492067719.63,"GROSS_PROFIT_YOY":4.538133726322,"HOLDER_PROFIT":1122636383.67,"HOLDER_PROFIT_YOY":0.3129898245,"GROSS_PROFIT_RATIO":33.864370736292,"EPS_TTM":0.390547201271,"OPERATE_INCOME_QOQ":-2.622590449493,"NET_PROFIT_RATIO":16.0005354735,"ROE_AVG":7.072051554444,"GROSS_PROFIT_QOQ":4.193477343184,"ROA":1.903352991398,"HOLDER_PROFIT_QOQ":7.736259992278,"ROE_YEARLY":9.429402072592,"ROIC_YEARLY":2.018550214301,"TOTAL_ASSETS":60323288895.93,"TOTAL_LIABILITIES":43212199548.2,"TAX_EBT":19.034061722122,"OCF_SALES":36.825700959381,"TOTAL_PARENT_EQUITY":16075220500.53,"DEBT_ASSET_RATIO":71.634356049,"OPERATE_PROFIT":2083143455.85,"PRETAX_PROFIT":1454283221.58,"NETCASH_OPERATE":2709991020.6,"NETCASH_INVEST":-2364366677.2,"NETCASH_FINANCE":384876939.77,"END_CASH":2713331437.55,"DIVI_RATIO":0.611419216429,"DIVIDEND_RATE":7.889191616766,"CURRENT_RATIO":0.577639689657,"COMMON_ACS":null,"CURRENTDEBT_DEBT":15.838073994327,"ISSUED_COMMON_SHARES":3058060000,"HK_COMMON_SHARES":895320000,"PER_SHARES":2000,"TOTAL_MARKET_CAP":10213920400,"HKSK_MARKET_CAP":2990368800,"PE_TTM":7.626018727313,"PB_TTM":0.572981955502,"REPORT_DATE_SQ":"2023-09-30 00:00:00","REPORT_TYPE_SQ":"2023年三季报","OPERATE_INCOME_SQ":7991951406.03,"DPS_HKD":0.263499,"OPERATE_INCOME_QOQ_SQ":1.925509781456,"NET_PROFIT_RATIO_SQ":14.7402961328,"HOLDER_PROFIT_SQ":1119133609.35,"HOLDER_PROFIT_QOQ_SQ":19.050848825668,"ROE_AVG_SQ":6.166018235391,"PE_TTM_SQ":5.309029230685,"PB_TTM_SQ":0.458570628018,"ROA_SQ":2.285080118293,"START_DATE":"2024-01-01 00:00:00","FISCAL_YEAR":"12-31","CURRENCY":"HKD","IS_CNY_CODE":0,"DPS_HKD_LY":0.263499,"ORG_TYPE":"一般企业","PREMIUM_INCOME":null,"PREMIUM_INCOME_YOY":null,"NET_INTEREST_INCOME":null,"NET_INTEREST_INCOME_YOY":null,"FEE_COMMISSION_INCOME":null,"FEE_COMMISSION_INCOME_YOY":null,"ACCOUNTS_RECE_TDAYS":30.800155935114,"INVENTORY_TDAYS":30.682067526921,"CURRENT_ASSETS_TDAYS":2.081094033771,"TOTAL_ASSETS_TDAYS":0.124766230875,"PREMIUM_EXPENSE":null,"LOAN_DEPOSIT":null,"LOAN_EQUITY":null,"LOAN_ASSETS":null,"DEPOSIT_EQUITY":null,"DEPOSIT_ASSETS":null,"EQUITY_MULTIPLIER":3.52539149729,"EQUITY_RATIO":2.688124840762},{"SECUCODE":"00107.HK","SECURITY_CODE":"00107","SECURITY_NAME_ABBR":"四川成渝高速公路","ORG_CODE":"10028126","STD_REPORT_DATE":"2024-06-30 00:00:00","REPORT_DATE":"2024-06-30 00:00:00","DATE_TYPE_CODE":"002","REPORT_TYPE":"2024年中报","PER_NETCASH_OPERATE":-0.020866170056,"PER_OI":1.739416819814,"BPS":5.115432005912,"BASIC_EPS":0.228,"DILUTED_EPS":0.228,"OPERATE_INCOME":5319241000,"OPERATE_INCOME_YOY":-5.9768708986,"GROSS_PROFIT":1555829000,"GROSS_PROFIT_YOY":-0.691850475021,"HOLDER_PROFIT":698095000,"HOLDER_PROFIT_YOY":-10.5411269003,"GROSS_PROFIT_RATIO":29.249078956941,"EPS_TTM":0.362503024793,"OPERATE_INCOME_QOQ":-1.32183837414,"NET_PROFIT_RATIO":13.7739951997,"ROE_AVG":4.458304669049,"GROSS_PROFIT_QOQ":-0.290278610897,"ROA":1.185654322359,"HOLDER_PROFIT_QOQ":-2.010897188883,"ROE_YEARLY":8.916609338098,"ROIC_YEARLY":2.51422040696,"TOTAL_ASSETS":60116132000,"TOTAL_LIABILITIES":43491885000,"TAX_EBT":18.860032359772,"OCF_SALES":-1.199607237198,"TOTAL_PARENT_EQUITY":15643298000,"DEBT_ASSET_RATIO":72.3464460421,"OPERATE_PROFIT":1324953000,"PRETAX_PROFIT":902973000,"NETCASH_OPERATE":-63810000,"NETCASH_INVEST":-111637000,"NETCASH_FINANCE":991721000,"END_CASH":2544079000,"DIVI_RATIO":0.658720196655,"DIVIDEND_RATE":8.082791411043,"CURRENT_RATIO":0.528943985404,"COMMON_ACS":null,"CURRENTDEBT_DEBT":17.011014813453,"ISSUED_COMMON_SHARES":3058060000,"HK_COMMON_SHARES":895320000,"PER_SHARES":2000,"TOTAL_MARKET_CAP":9969275600,"HKSK_MARKET_CAP":2918743200,"PE_TTM":7.44335959612,"PB_TTM":0.559257836807,"REPORT_DATE_SQ":"2023-06-30 00:00:00","REPORT_TYPE_SQ":"2023年中报","OPERATE_INCOME_SQ":5657375000,"DPS_HKD":0.263499,"OPERATE_INCOME_QOQ_SQ":12.824030885124,"NET_PROFIT_RATIO_SQ":14.627119468,"HOLDER_PROFIT_SQ":780353000,"HOLDER_PROFIT_QOQ_SQ":18.057586174826,"ROE_AVG_SQ":4.340397184167,"PE_TTM_SQ":4.934274226166,"PB_TTM_SQ":0.426200936629,"ROA_SQ":1.620630767381,"START_DATE":"2024-01-01 00:00:00","FISCAL_YEAR":"12-31","CURRENCY":"HKD","IS_CNY_CODE":0,"DPS_HKD_LY":0.263499,"ORG_TYPE":"一般企业","PREMIUM_INCOME":null,"PREMIUM_INCOME_YOY":null,"NET_INTEREST_INCOME":null,"NET_INTEREST_INCOME_YOY":null,"FEE_COMMISSION_INCOME":null,"FEE_COMMISSION_INCOME_YOY":null,"ACCOUNTS_RECE_TDAYS":7.975014393988,"INVENTORY_TDAYS":23.978871848458,"CURRENT_ASSETS_TDAYS":1.512824151759,"TOTAL_ASSETS_TDAYS":0.090342733916,"PREMIUM_EXPENSE":null,"LOAN_DEPOSIT":null,"LOAN_EQUITY":null,"LOAN_ASSETS":null,"DEPOSIT_EQUITY":null,"DEPOSIT_ASSETS":null,"EQUITY_MULTIPLIER":3.616171727954,"EQUITY_RATIO":2.780224796587},{"SECUCODE":"00107.HK","SECURITY_CODE":"00107","SECURITY_NAME_ABBR":"四川成渝高速公路","ORG_CODE":"10028126","STD_REPORT_DATE":"2024-03-31 00:00:00","REPORT_DATE":"2024-03-31 00:00:00","DATE_TYPE_CODE":"003","REPORT_TYPE":"2024年一季报","PER_NETCASH_OPERATE":0.26128512092,"PER_OI":0.658095531124,"BPS":5.254737351076,"BASIC_EPS":0.128,"DILUTED_EPS":0.128,"OPERATE_INCOME":2012495619.91,"OPERATE_INCOME_YOY":-8.5240969612,"GROSS_PROFIT":832085773.94,"GROSS_PROFIT_YOY":-0.308637591031,"HOLDER_PROFIT":391428528.81,"HOLDER_PROFIT_YOY":-13.1966534573,"GROSS_PROFIT_RATIO":41.345966953072,"EPS_TTM":0.369942181726,"OPERATE_INCOME_QOQ":-1.619330685,"NET_PROFIT_RATIO":20.202678922,"ROE_AVG":2.466265040099,"GROSS_PROFIT_QOQ":-0.09041657155,"ROA":0.671418720739,"HOLDER_PROFIT_QOQ":-4.997305351633,"ROE_YEARLY":9.865060160395,"ROIC_YEARLY":2.848507170705,"TOTAL_ASSETS":58956655615.06,"TOTAL_LIABILITIES":41871460664.4,"TAX_EBT":17.37722399244,"OCF_SALES":39.703220666673,"TOTAL_PARENT_EQUITY":16069302103.83,"DEBT_ASSET_RATIO":71.0207528354,"OPERATE_PROFIT":700385966.33,"PRETAX_PROFIT":492089527.92,"NETCASH_OPERATE":799025576.88,"NETCASH_INVEST":-1003295308.12,"NETCASH_FINANCE":887809102.25,"END_CASH":2666369525.39,"DIVI_RATIO":0.645474010738,"DIVIDEND_RATE":8.082791411043,"CURRENT_RATIO":0.903509111629,"COMMON_ACS":null,"CURRENTDEBT_DEBT":14.111333879842,"ISSUED_COMMON_SHARES":3058060000,"HK_COMMON_SHARES":895320000,"PER_SHARES":2000,"TOTAL_MARKET_CAP":9969275600,"HKSK_MARKET_CAP":2918743200,"PE_TTM":7.44335959612,"PB_TTM":0.559257836807,"REPORT_DATE_SQ":"2023-03-31 00:00:00","REPORT_TYPE_SQ":"2023年一季报","OPERATE_INCOME_SQ":2200028152.83,"DPS_HKD":0.263499,"OPERATE_INCOME_QOQ_SQ":-0.259365652415,"NET_PROFIT_RATIO_SQ":23.49321028,"HOLDER_PROFIT_SQ":450937140.56,"HOLDER_PROFIT_QOQ_SQ":24.191463311023,"ROE_AVG_SQ":2.241993572701,"PE_TTM_SQ":4.934274226166,"PB_TTM_SQ":0.426200936629,"ROA_SQ":1.059526073022,"START_DATE":"2024-01-01 00:00:00","FISCAL_YEAR":"12-31","CURRENCY":"HKD","IS_CNY_CODE":0,"DPS_HKD_LY":0.263499,"ORG_TYPE":"一般企业","PREMIUM_INCOME":null,"PREMIUM_INCOME_YOY":null,"NET_INTEREST_INCOME":null,"NET_INTEREST_INCOME_YOY":null,"FEE_COMMISSION_INCOME":null,"FEE_COMMISSION_INCOME_YOY":null,"ACCOUNTS_RECE_TDAYS":7.15355779882,"INVENTORY_TDAYS":6.531372937703,"CURRENT_ASSETS_TDAYS":0.475916447805,"TOTAL_ASSETS_TDAYS":0.034520407563,"PREMIUM_EXPENSE":null,"LOAN_DEPOSIT":null,"LOAN_EQUITY":null,"LOAN_ASSETS":null,"DEPOSIT_EQUITY":null,"DEPOSIT_ASSETS":null,"EQUITY_MULTIPLIER":3.450745267191,"EQUITY_RATIO":2.605680096986},{"SECUCODE":"00107.HK","SECURITY_CODE":"00107","SECURITY_NAME_ABBR":"四川成渝高速公路","ORG_CODE":"10028126","STD_REPORT_DATE":"2023-12-31 00:00:00","REPORT_DATE":"2023-12-31 00:00:00","DATE_TYPE_CODE":"001","REPORT_TYPE":"2023年年报","PER_NETCASH_OPERATE":-0.417201428357,"PER_OI":3.786997966031,"BPS":5.125248687076,"BASIC_EPS":0.389,"DILUTED_EPS":0.389,"OPERATE_INCOME":11580867000,"OPERATE_INCOME_YOY":11.1474035348,"GROSS_PROFIT":2849124000,"GROSS_PROFIT_YOY":43.5291521771,"HOLDER_PROFIT":1190814000,"HOLDER_PROFIT_YOY":89.9536925524,"GROSS_PROFIT_RATIO":24.60199223426,"EPS_TTM":0.389401777598,"OPERATE_INCOME_QOQ":3.418602200291,"NET_PROFIT_RATIO":10.9384556441,"ROE_AVG":6.548521357907,"GROSS_PROFIT_QOQ":23.630372172842,"ROA":2.437459895756,"HOLDER_PROFIT_QOQ":-10.799767166669,"ROE_YEARLY":6.548521357907,"ROIC_YEARLY":2.609727099895,"TOTAL_ASSETS":57659428648.86,"TOTAL_LIABILITIES":40986152245.87,"TAX_EBT":19.278560996312,"OCF_SALES":-11.016679493858,"TOTAL_PARENT_EQUITY":15673314561.11,"DEBT_ASSET_RATIO":71.0738144502,"OPERATE_PROFIT":2460994000,"PRETAX_PROFIT":1569308000,"NETCASH_OPERATE":-1275827000,"NETCASH_INVEST":2480098000,"NETCASH_FINANCE":-1880636000,"END_CASH":1727805000,"DIVI_RATIO":0.613217703456,"DIVIDEND_RATE":8.082791411043,"CURRENT_RATIO":0.493665310066,"COMMON_ACS":null,"CURRENTDEBT_DEBT":15.344443345896,"ISSUED_COMMON_SHARES":3058060000,"HK_COMMON_SHARES":895320000,"PER_SHARES":2000,"TOTAL_MARKET_CAP":9969275600,"HKSK_MARKET_CAP":2918743200,"PE_TTM":7.44335959612,"PB_TTM":0.559257836807,"REPORT_DATE_SQ":"2022-12-31 00:00:00","REPORT_TYPE_SQ":"2022年年报","OPERATE_INCOME_SQ":10419377000,"DPS_HKD":0.263499,"OPERATE_INCOME_QOQ_SQ":14.220340487283,"NET_PROFIT_RATIO_SQ":8.3670010702,"HOLDER_PROFIT_SQ":626897000,"HOLDER_PROFIT_QOQ_SQ":-51.526673165376,"ROE_AVG_SQ":4.349198772545,"PE_TTM_SQ":4.934274226166,"PB_TTM_SQ":0.426200936629,"ROA_SQ":1.89508830905,"START_DATE":"2023-01-01 00:00:00","FISCAL_YEAR":"12-31","CURRENCY":"HKD","IS_CNY_CODE":0,"DPS_HKD_LY":0.111195,"ORG_TYPE":"一般企业","PREMIUM_INCOME":null,"PREMIUM_INCOME_YOY":null,"NET_INTEREST_INCOME":null,"NET_INTEREST_INCOME_YOY":null,"FEE_COMMISSION_INCOME":null,"FEE_COMMISSION_INCOME_YOY":null,"ACCOUNTS_RECE_TDAYS":8.03933906274,"INVENTORY_TDAYS":116.503238890705,"CURRENT_ASSETS_TDAYS":2.9064910287,"TOTAL_ASSETS_TDAYS":0.237047086032,"PREMIUM_EXPENSE":null,"LOAN_DEPOSIT":null,"LOAN_EQUITY":null,"LOAN_ASSETS":null,"DEPOSIT_EQUITY":null,"DEPOSIT_ASSETS":null,"EQUITY_MULTIPLIER":3.457075245121,"EQUITY_RATIO":2.615027733034},{"SECUCODE":"00107.HK","SECURITY_CODE":"00107","SECURITY_NAME_ABBR":"四川成渝高速公路","ORG_CODE":"10028126","STD_REPORT_DATE":"2023-09-30 00:00:00","REPORT_DATE":"2023-09-30 00:00:00","DATE_TYPE_CODE":"004","REPORT_TYPE":"2023年三季报","PER_NETCASH_OPERATE":0.913948833983,"PER_OI":2.613405690546,"BPS":5.102717786597,"BASIC_EPS":0.366,"DILUTED_EPS":0.366,"OPERATE_INCOME":7991951406.03,"OPERATE_INCOME_YOY":21.8850629351,"GROSS_PROFIT":2383883881.22,"GROSS_PROFIT_YOY":39.564328480876,"HOLDER_PROFIT":1119133609.35,"HOLDER_PROFIT_YOY":103.8625368439,"GROSS_PROFIT_RATIO":29.828558259518,"EPS_TTM":0.43654793853,"OPERATE_INCOME_QOQ":1.925509781456,"NET_PROFIT_RATIO":14.7402961328,"ROE_AVG":6.166018235391,"GROSS_PROFIT_QOQ":11.755219878757,"ROA":2.285080118293,"HOLDER_PROFIT_QOQ":19.050848825668,"ROE_YEARLY":8.221357647189,"ROIC_YEARLY":2.490920649047,"TOTAL_ASSETS":57882731253.25,"TOTAL_LIABILITIES":41298460562.91,"TAX_EBT":16.993835953802,"OCF_SALES":34.971563630144,"TOTAL_PARENT_EQUITY":15604417154.48,"DEBT_ASSET_RATIO":71.3485000945,"OPERATE_PROFIT":2050205226.43,"PRETAX_PROFIT":1419216654.06,"NETCASH_OPERATE":2712091107.52,"NETCASH_INVEST":-533388253.29,"NETCASH_FINANCE":-1119291062.31,"END_CASH":3647388579.04,"DIVI_RATIO":0.546991619258,"DIVIDEND_RATE":8.082791411043,"CURRENT_RATIO":0.91371923238,"COMMON_ACS":null,"CURRENTDEBT_DEBT":16.321351184827,"ISSUED_COMMON_SHARES":3058060000,"HK_COMMON_SHARES":895320000,"PER_SHARES":2000,"TOTAL_MARKET_CAP":9969275600,"HKSK_MARKET_CAP":2918743200,"PE_TTM":7.44335959612,"PB_TTM":0.559257836807,"REPORT_DATE_SQ":"2022-09-30 00:00:00","REPORT_TYPE_SQ":"2022年三季报","OPERATE_INCOME_SQ":6556957196.87,"DPS_HKD":0.263499,"OPERATE_INCOME_QOQ_SQ":-3.883695315316,"NET_PROFIT_RATIO_SQ":11.5034404397,"HOLDER_PROFIT_SQ":548964820.45,"HOLDER_PROFIT_QOQ_SQ":-6.23879440458,"ROE_AVG_SQ":3.665369269186,"PE_TTM_SQ":4.934274226166,"PB_TTM_SQ":0.426200936629,"ROA_SQ":1.552443842176,"START_DATE":"2023-01-01 00:00:00","FISCAL_YEAR":"12-31","CURRENCY":"HKD","IS_CNY_CODE":0,"DPS_HKD_LY":0.111195,"ORG_TYPE":"一般企业","PREMIUM_INCOME":null,"PREMIUM_INCOME_YOY":null,"NET_INTEREST_INCOME":null,"NET_INTEREST_INCOME_YOY":null,"FEE_COMMISSION_INCOME":null,"FEE_COMMISSION_INCOME_YOY":null,"ACCOUNTS_RECE_TDAYS":5.866935610344,"INVENTORY_TDAYS":57.583893313374,"CURRENT_ASSETS_TDAYS":1.451893219531,"TOTAL_ASSETS_TDAYS":0.163182028595,"PREMIUM_EXPENSE":null,"LOAN_DEPOSIT":null,"LOAN_EQUITY":null,"LOAN_ASSETS":null,"DEPOSIT_EQUITY":null,"DEPOSIT_ASSETS":null,"EQUITY_MULTIPLIER":3.490218673711,"EQUITY_RATIO":2.64658783177},{"SECUCODE":"00107.HK","SECURITY_CODE":"00107","SECURITY_NAME_ABBR":"四川成渝高速公路","ORG_CODE":"10028126","STD_REPORT_DATE":"2023-06-30 00:00:00","REPORT_DATE":"2023-06-30 00:00:00","DATE_TYPE_CODE":"002","REPORT_TYPE":"2023年中报","PER_NETCASH_OPERATE":-0.027910178348,"PER_OI":1.849988227831,"BPS":4.990762771169,"BASIC_EPS":0.255,"DILUTED_EPS":0.255,"OPERATE_INCOME":5657375000,"OPERATE_INCOME_YOY":27.5928764727,"GROSS_PROFIT":1566668000,"GROSS_PROFIT_YOY":38.241551315956,"HOLDER_PROFIT":780353000,"HOLDER_PROFIT_YOY":84.1267257021,"GROSS_PROFIT_RATIO":27.692489891513,"EPS_TTM":0.366690320007,"OPERATE_INCOME_QOQ":12.824030885124,"NET_PROFIT_RATIO":14.627119468,"ROE_AVG":4.340397184167,"GROSS_PROFIT_QOQ":12.504611031209,"ROA":1.620630767381,"HOLDER_PROFIT_QOQ":18.057586174826,"ROE_YEARLY":8.680794368335,"ROIC_YEARLY":3.524783301585,"TOTAL_ASSETS":56233744000,"TOTAL_LIABILITIES":40044585000,"TAX_EBT":17.153709612345,"OCF_SALES":-1.50866788926,"TOTAL_PARENT_EQUITY":15262052000,"DEBT_ASSET_RATIO":71.2109529823,"OPERATE_PROFIT":1433723000,"PRETAX_PROFIT":998851000,"NETCASH_OPERATE":-85351000,"NETCASH_INVEST":2572644000,"NETCASH_FINANCE":-1753713000,"END_CASH":3137757000,"DIVI_RATIO":0.651198165732,"DIVIDEND_RATE":8.082791411043,"CURRENT_RATIO":0.892502657503,"COMMON_ACS":null,"CURRENTDEBT_DEBT":15.68334894718,"ISSUED_COMMON_SHARES":3058060000,"HK_COMMON_SHARES":895320000,"PER_SHARES":2000,"TOTAL_MARKET_CAP":9969275600,"HKSK_MARKET_CAP":2918743200,"PE_TTM":7.44335959612,"PB_TTM":0.559257836807,"REPORT_DATE_SQ":"2022-06-30 00:00:00","REPORT_TYPE_SQ":"2022年中报","OPERATE_INCOME_SQ":4433927000,"DPS_HKD":0.263499,"OPERATE_INCOME_QOQ_SQ":-5.641629559854,"NET_PROFIT_RATIO_SQ":12.9143460806,"HOLDER_PROFIT_SQ":423813000,"HOLDER_PROFIT_QOQ_SQ":-6.99259657814,"ROE_AVG_SQ":2.784963161225,"PE_TTM_SQ":4.934274226166,"PB_TTM_SQ":0.426200936629,"ROA_SQ":1.195690523199,"START_DATE":"2023-01-01 00:00:00","FISCAL_YEAR":"12-31","CURRENCY":"HKD","IS_CNY_CODE":0,"DPS_HKD_LY":0.111195,"ORG_TYPE":"一般企业","PREMIUM_INCOME":null,"PREMIUM_INCOME_YOY":null,"NET_INTEREST_INCOME":null,"NET_INTEREST_INCOME_YOY":null,"FEE_COMMISSION_INCOME":null,"FEE_COMMISSION_INCOME_YOY":null,"ACCOUNTS_RECE_TDAYS":2.379886684182,"INVENTORY_TDAYS":126.553242172998,"CURRENT_ASSETS_TDAYS":1.082199636817,"TOTAL_ASSETS_TDAYS":0.117491904146,"PREMIUM_EXPENSE":null,"LOAN_DEPOSIT":null,"LOAN_EQUITY":null,"LOAN_ASSETS":null,"DEPOSIT_EQUITY":null,"DEPOSIT_ASSETS":null,"EQUITY_MULTIPLIER":3.473543252005,"EQUITY_RATIO":2.623800849322},{"SECUCODE":"00107.HK","SECURITY_CODE":"00107","SECURITY_NAME_ABBR":"四川成渝高速公路","ORG_CODE":"10028126","STD_REPORT_DATE":"2023-03-31 00:00:00","REPORT_DATE":"2023-03-31 00:00:00","DATE_TYPE_CODE":"003","REPORT_TYPE":"2023年一季报","PER_NETCASH_OPERATE":0.218244939383,"PER_OI":0.719419551229,"BPS":5.964882430482,"BASIC_EPS":0.1475,"DILUTED_EPS":0.1475,"OPERATE_INCOME":2200028152.83,"OPERATE_INCOME_YOY":-1.2566551904,"GROSS_PROFIT":834661854.18,"GROSS_PROFIT_YOY":66.908853668939,"HOLDER_PROFIT":450937140.56,"HOLDER_PROFIT_YOY":73.5798601502,"GROSS_PROFIT_RATIO":35.394769952065,"EPS_TTM":0.310602928527,"OPERATE_INCOME_QOQ":-0.259365652415,"NET_PROFIT_RATIO":23.49321028,"ROE_AVG":2.241993572701,"GROSS_PROFIT_QOQ":12.536137742547,"ROA":1.059526073022,"HOLDER_PROFIT_QOQ":24.191463311023,"ROE_YEARLY":8.967974290803,"ROIC_YEARLY":4.681817305048,"TOTAL_ASSETS":42322533307.43,"TOTAL_LIABILITIES":23135335903.36,"TAX_EBT":16.212731002341,"OCF_SALES":33.542871361287,"TOTAL_PARENT_EQUITY":18240968365.36,"DEBT_ASSET_RATIO":54.6643456697,"OPERATE_PROFIT":752842156.94,"PRETAX_PROFIT":574606878.24,"NETCASH_OPERATE":889737469.36,"NETCASH_INVEST":-1149382935.33,"NETCASH_FINANCE":1110410712.45,"END_CASH":3438742033.6,"DIVI_RATIO":0.768788835678,"DIVIDEND_RATE":8.082791411043,"CURRENT_RATIO":1.404074258727,"COMMON_ACS":null,"CURRENTDEBT_DEBT":17.072255702829,"ISSUED_COMMON_SHARES":3058060000,"HK_COMMON_SHARES":895320000,"PER_SHARES":2000,"TOTAL_MARKET_CAP":9969275600,"HKSK_MARKET_CAP":2918743200,"PE_TTM":7.44335959612,"PB_TTM":0.559257836807,"REPORT_DATE_SQ":"2022-03-31 00:00:00","REPORT_TYPE_SQ":"2022年一季报","OPERATE_INCOME_SQ":2015032769.84,"DPS_HKD":0.263499,"OPERATE_INCOME_QOQ_SQ":6.730752315098,"NET_PROFIT_RATIO_SQ":13.248768399,"HOLDER_PROFIT_SQ":251456568.73,"HOLDER_PROFIT_QOQ_SQ":-3.288991367053,"ROE_AVG_SQ":1.437649902465,"PE_TTM_SQ":4.934274226166,"PB_TTM_SQ":0.426200936629,"ROA_SQ":0.617424914047,"START_DATE":"2023-01-01 00:00:00","FISCAL_YEAR":"12-31","CURRENCY":"HKD","IS_CNY_CODE":0,"DPS_HKD_LY":0.111195,"ORG_TYPE":"一般企业","PREMIUM_INCOME":null,"PREMIUM_INCOME_YOY":null,"NET_INTEREST_INCOME":null,"NET_INTEREST_INCOME_YOY":null,"FEE_COMMISSION_INCOME":null,"FEE_COMMISSION_INCOME_YOY":null,"ACCOUNTS_RECE_TDAYS":1.566167006744,"INVENTORY_TDAYS":26.267315779086,"CURRENT_ASSETS_TDAYS":0.382790595814,"TOTAL_ASSETS_TDAYS":0.048299126537,"PREMIUM_EXPENSE":null,"LOAN_DEPOSIT":null,"LOAN_EQUITY":null,"LOAN_ASSETS":null,"DEPOSIT_EQUITY":null,"DEPOSIT_ASSETS":null,"EQUITY_MULTIPLIER":2.205769420938,"EQUITY_RATIO":1.268317308597},{"SECUCODE":"00107.HK","SECURITY_CODE":"00107","SECURITY_NAME_ABBR":"四川成渝高速公路","ORG_CODE":"10028126","STD_REPORT_DATE":"2022-12-31 00:00:00","REPORT_DATE":"2022-12-31 00:00:00","DATE_TYPE_CODE":"001","REPORT_TYPE":"2022年年报","PER_NETCASH_OPERATE":-0.625095648875,"PER_OI":3.407185274324,"BPS":5.82253683708,"BASIC_EPS":0.205,"DILUTED_EPS":0.205,"OPERATE_INCOME":10419377000,"OPERATE_INCOME_YOY":10.5631793091,"GROSS_PROFIT":1985049000,"GROSS_PROFIT_YOY":-6.949941241627,"HOLDER_PROFIT":626897000,"HOLDER_PROFIT_YOY":-59.119194636,"GROSS_PROFIT_RATIO":16.682850123978,"EPS_TTM":0.250100063439,"OPERATE_INCOME_QOQ":14.220340487283,"NET_PROFIT_RATIO":8.3670010702,"ROE_AVG":4.349198772545,"GROSS_PROFIT_QOQ":2.484395495526,"ROA":1.89508830905,"HOLDER_PROFIT_QOQ":-51.526673165376,"ROE_YEARLY":4.349198772545,"ROIC_YEARLY":2.11485013181,"TOTAL_ASSETS":56199140000,"TOTAL_LIABILITIES":34588353000,"TAX_EBT":26.738838951028,"OCF_SALES":-19.579729953408,"TOTAL_PARENT_EQUITY":20695625000,"DEBT_ASSET_RATIO":53.278621713,"OPERATE_PROFIT":1925458000,"PRETAX_PROFIT":927041000,"NETCASH_OPERATE":-1502441000,"NETCASH_INVEST":367951000,"NETCASH_FINANCE":-363171000,"END_CASH":2404177000,"DIVI_RATIO":0.9547701048,"DIVIDEND_RATE":8.082791411043,"CURRENT_RATIO":1.300300134451,"COMMON_ACS":null,"CURRENTDEBT_DEBT":13.650780076172,"ISSUED_COMMON_SHARES":3058060000,"HK_COMMON_SHARES":895320000,"PER_SHARES":2000,"TOTAL_MARKET_CAP":9969275600,"HKSK_MARKET_CAP":2918743200,"PE_TTM":7.44335959612,"PB_TTM":0.559257836807,"REPORT_DATE_SQ":"2021-12-31 00:00:00","REPORT_TYPE_SQ":"2021年年报","OPERATE_INCOME_SQ":8830296000,"DPS_HKD":0.263499,"OPERATE_INCOME_QOQ_SQ":-21.239232349745,"NET_PROFIT_RATIO_SQ":22.0945707822,"HOLDER_PROFIT_SQ":1870856000,"HOLDER_PROFIT_QOQ_SQ":38.997975585895,"ROE_AVG_SQ":11.372974777621,"PE_TTM_SQ":4.934274226166,"PB_TTM_SQ":0.426200936629,"ROA_SQ":4.616440842987,"START_DATE":"2022-01-01 00:00:00","FISCAL_YEAR":"12-31","CURRENCY":"HKD","IS_CNY_CODE":0,"DPS_HKD_LY":0.128899,"ORG_TYPE":"一般企业","PREMIUM_INCOME":null,"PREMIUM_INCOME_YOY":null,"NET_INTEREST_INCOME":null,"NET_INTEREST_INCOME_YOY":null,"FEE_COMMISSION_INCOME":null,"FEE_COMMISSION_INCOME_YOY":null,"ACCOUNTS_RECE_TDAYS":4.58944760361,"INVENTORY_TDAYS":174.658865210156,"CURRENT_ASSETS_TDAYS":1.608445120424,"TOTAL_ASSETS_TDAYS":0.24191089531,"PREMIUM_EXPENSE":null,"LOAN_DEPOSIT":null,"LOAN_EQUITY":null,"LOAN_ASSETS":null,"DEPOSIT_EQUITY":null,"DEPOSIT_ASSETS":null,"EQUITY_MULTIPLIER":2.14034781649,"EQUITY_RATIO":1.671288158729},{"SECUCODE":"00107.HK","SECURITY_CODE":"00107","SECURITY_NAME_ABBR":"四川成渝高速公路","ORG_CODE":"10028126","STD_REPORT_DATE":"2022-09-30 00:00:00","REPORT_DATE":"2022-09-30 00:00:00","DATE_TYPE_CODE":"004","REPORT_TYPE":"2022年三季报","PER_NETCASH_OPERATE":0.574099359928,"PER_OI":2.144155836337,"BPS":5.78250748297,"BASIC_EPS":0.1795,"DILUTED_EPS":0.1795,"OPERATE_INCOME":6556957196.87,"OPERATE_INCOME_YOY":-4.4794909773,"GROSS_PROFIT":1708089672.46,"GROSS_PROFIT_YOY":-12.363947316554,"HOLDER_PROFIT":548964820.45,"HOLDER_PROFIT_YOY":-31.3288180382,"GROSS_PROFIT_RATIO":23.304621798976,"EPS_TTM":0.515953989072,"OPERATE_INCOME_QOQ":-3.883695315316,"NET_PROFIT_RATIO":11.5034404397,"ROE_AVG":3.665369269186,"GROSS_PROFIT_QOQ":-10.995359938307,"ROA":1.552443842176,"HOLDER_PROFIT_QOQ":-6.23879440458,"ROE_YEARLY":4.887159025582,"ROIC_YEARLY":1.757809722622,"TOTAL_ASSETS":42102535167.28,"TOTAL_LIABILITIES":23327222266.32,"TAX_EBT":23.114506208312,"OCF_SALES":29.119853822073,"TOTAL_PARENT_EQUITY":17683254833.37,"DEBT_ASSET_RATIO":55.4057426082,"OPERATE_PROFIT":1468621592.57,"PRETAX_PROFIT":780654478.81,"NETCASH_OPERATE":2406201362.6,"NETCASH_INVEST":-2035568450.62,"NETCASH_FINANCE":-580407081.22,"END_CASH":3692059425.22,"DIVI_RATIO":0.462808833419,"DIVIDEND_RATE":8.082791411043,"CURRENT_RATIO":1.521214856007,"COMMON_ACS":null,"CURRENTDEBT_DEBT":19.54775397988,"ISSUED_COMMON_SHARES":3058060000,"HK_COMMON_SHARES":895320000,"PER_SHARES":2000,"TOTAL_MARKET_CAP":9969275600,"HKSK_MARKET_CAP":2918743200,"PE_TTM":7.44335959612,"PB_TTM":0.559257836807,"REPORT_DATE_SQ":"2021-09-30 00:00:00","REPORT_TYPE_SQ":"2021年三季报","OPERATE_INCOME_SQ":6311713048.02,"DPS_HKD":0.263499,"OPERATE_INCOME_QOQ_SQ":13.455240051338,"NET_PROFIT_RATIO_SQ":16.0547983709,"HOLDER_PROFIT_SQ":935361633.57,"HOLDER_PROFIT_QOQ_SQ":-11.056890883451,"ROE_AVG_SQ":5.889069128247,"PE_TTM_SQ":4.934274226166,"PB_TTM_SQ":0.426200936629,"ROA_SQ":2.287451262144,"START_DATE":"2022-01-01 00:00:00","FISCAL_YEAR":"12-31","CURRENCY":"HKD","IS_CNY_CODE":0,"DPS_HKD_LY":0.128899,"ORG_TYPE":"一般企业","PREMIUM_INCOME":null,"PREMIUM_INCOME_YOY":null,"NET_INTEREST_INCOME":null,"NET_INTEREST_INCOME_YOY":null,"FEE_COMMISSION_INCOME":null,"FEE_COMMISSION_INCOME_YOY":null,"ACCOUNTS_RECE_TDAYS":5.945347295547,"INVENTORY_TDAYS":56.950772065251,"CURRENT_ASSETS_TDAYS":0.847582851775,"TOTAL_ASSETS_TDAYS":0.145715482487,"PREMIUM_EXPENSE":null,"LOAN_DEPOSIT":null,"LOAN_EQUITY":null,"LOAN_ASSETS":null,"DEPOSIT_EQUITY":null,"DEPOSIT_ASSETS":null,"EQUITY_MULTIPLIER":2.242441198682,"EQUITY_RATIO":1.319170168961}],"count":79},"success":true,"message":"ok","code":0}