{"version":"a80fbf49cc2fff822285921d41f9e348","result":{"pages":5,"data":[{"SECUCODE":"00102.HK","SECURITY_CODE":"00102","SECURITY_NAME_ABBR":"凯升控股","ORG_CODE":"10007384","STD_REPORT_DATE":"2023-06-30 00:00:00","REPORT_DATE":"2023-06-30 00:00:00","DATE_TYPE_CODE":"002","REPORT_TYPE":"2023年中报","PER_NETCASH_OPERATE":0.007169226288,"PER_OI":0.037205554957,"BPS":0.646958422425,"BASIC_EPS":-0.0032822488,"DILUTED_EPS":-0.0032822488,"OPERATE_INCOME":167776388.52,"OPERATE_INCOME_YOY":2.2946506869,"GROSS_PROFIT":167776388.52,"GROSS_PROFIT_YOY":10.283822355663,"HOLDER_PROFIT":-14804232.86,"HOLDER_PROFIT_YOY":-118.8486776462,"GROSS_PROFIT_RATIO":null,"EPS_TTM":-0.017091782046,"OPERATE_INCOME_QOQ":4.70425455098,"NET_PROFIT_RATIO":-11.5945135019,"ROE_AVG":-0.506157854612,"GROSS_PROFIT_QOQ":4.70425455098,"ROA":-0.435769875945,"HOLDER_PROFIT_QOQ":-828.315015518693,"ROE_YEARLY":-1.012315709224,"ROIC_YEARLY":-1.24283167785,"TOTAL_ASSETS":3351389002.18,"TOTAL_LIABILITIES":163284501.96,"TAX_EBT":-0.466644445503,"OCF_SALES":19.269236264521,"TOTAL_PARENT_EQUITY":2917423157.96,"DEBT_ASSET_RATIO":4.8721441126,"OPERATE_PROFIT":-14204023.88,"PRETAX_PROFIT":-19362501.98,"NETCASH_OPERATE":32329228.7,"NETCASH_INVEST":520918.7,"NETCASH_FINANCE":-57684600.68,"END_CASH":702836417.76,"DIVI_RATIO":null,"DIVIDEND_RATE":null,"CURRENT_RATIO":21.306039215686,"COMMON_ACS":6000000000,"CURRENTDEBT_DEBT":25.197343903513,"ISSUED_COMMON_SHARES":4509444590,"HK_COMMON_SHARES":4509444590,"PER_SHARES":4000,"TOTAL_MARKET_CAP":211943895.73,"HKSK_MARKET_CAP":211943895.73,"PE_TTM":-2.370763607311,"PB_TTM":0.066979667469,"REPORT_DATE_SQ":"2022-06-30 00:00:00","REPORT_TYPE_SQ":"2022年中报","OPERATE_INCOME_SQ":152131459.48,"DPS_HKD":null,"OPERATE_INCOME_QOQ_SQ":20.460352898631,"NET_PROFIT_RATIO_SQ":69.597845884,"HOLDER_PROFIT_SQ":72852780.91,"HOLDER_PROFIT_QOQ_SQ":38.80157741128,"ROE_AVG_SQ":2.652984798645,"PE_TTM_SQ":-2.370763607311,"PB_TTM_SQ":0.066979667469,"ROA_SQ":2.248242212345,"START_DATE":"2023-01-01 00:00:00","FISCAL_YEAR":"12-31","CURRENCY":"HKD","IS_CNY_CODE":0,"DPS_HKD_LY":null,"ORG_TYPE":"一般企业","PREMIUM_INCOME":null,"PREMIUM_INCOME_YOY":null,"NET_INTEREST_INCOME":null,"NET_INTEREST_INCOME_YOY":null,"FEE_COMMISSION_INCOME":null,"FEE_COMMISSION_INCOME_YOY":null,"ACCOUNTS_RECE_TDAYS":null,"INVENTORY_TDAYS":null,"CURRENT_ASSETS_TDAYS":0.190775024191,"TOTAL_ASSETS_TDAYS":0.049385805197,"PREMIUM_EXPENSE":null,"LOAN_DEPOSIT":null,"LOAN_EQUITY":null,"LOAN_ASSETS":null,"DEPOSIT_EQUITY":null,"DEPOSIT_ASSETS":null,"EQUITY_MULTIPLIER":1.0512167973,"EQUITY_RATIO":0.05596874129},{"SECUCODE":"00102.HK","SECURITY_CODE":"00102","SECURITY_NAME_ABBR":"凯升控股","ORG_CODE":"10007384","STD_REPORT_DATE":"2022-12-31 00:00:00","REPORT_DATE":"2022-12-31 00:00:00","DATE_TYPE_CODE":"001","REPORT_TYPE":"2022年年报","PER_NETCASH_OPERATE":0.017000962362,"PER_OI":0.073749610175,"BPS":0.629993168168,"BASIC_EPS":0.002322502,"DILUTED_EPS":0.002322502,"OPERATE_INCOME":332569780.62,"OPERATE_INCOME_YOY":40.2182141391,"GROSS_PROFIT":332569780.62,"GROSS_PROFIT_YOY":53.19560193742,"HOLDER_PROFIT":10582569.69,"HOLDER_PROFIT_YOY":105.1511383203,"GROSS_PROFIT_RATIO":null,"EPS_TTM":0.002346756785,"OPERATE_INCOME_QOQ":27.175122977048,"NET_PROFIT_RATIO":8.2945211734,"ROE_AVG":0.373203914814,"GROSS_PROFIT_QOQ":27.175122977048,"ROA":0.317732558334,"HOLDER_PROFIT_QOQ":109.196124655003,"ROE_YEARLY":0.373203914814,"ROIC_YEARLY":0.437957580553,"TOTAL_ASSETS":3335912348.65,"TOTAL_LIABILITIES":214640275.22,"TAX_EBT":-131.561187762447,"OCF_SALES":23.052274204552,"TOTAL_PARENT_EQUITY":2840919283.93,"DEBT_ASSET_RATIO":6.4342300632,"OPERATE_PROFIT":23732397.36,"PRETAX_PROFIT":11912648.72,"NETCASH_OPERATE":76664897.75,"NETCASH_INVEST":95200250.25,"NETCASH_FINANCE":-22064662.27,"END_CASH":743076475.47,"DIVI_RATIO":null,"DIVIDEND_RATE":null,"CURRENT_RATIO":17.316637110492,"COMMON_ACS":6000000000,"CURRENTDEBT_DEBT":22.998426874641,"ISSUED_COMMON_SHARES":4509444590,"HK_COMMON_SHARES":4509444590,"PER_SHARES":4000,"TOTAL_MARKET_CAP":211943895.73,"HKSK_MARKET_CAP":211943895.73,"PE_TTM":-2.370763607311,"PB_TTM":0.066979667469,"REPORT_DATE_SQ":"2021-12-31 00:00:00","REPORT_TYPE_SQ":"2021年年报","OPERATE_INCOME_SQ":217088334.4,"DPS_HKD":null,"OPERATE_INCOME_QOQ_SQ":9.728869201082,"NET_PROFIT_RATIO_SQ":-103.1229403546,"HOLDER_PROFIT_SQ":-188038188.8,"HOLDER_PROFIT_QOQ_SQ":-467.037054787728,"ROE_AVG_SQ":-7.004649502553,"PE_TTM_SQ":-2.42120538619,"PB_TTM_SQ":0.068404766776,"ROA_SQ":-5.97324573501,"START_DATE":"2022-01-01 00:00:00","FISCAL_YEAR":"12-31","CURRENCY":"HKD","IS_CNY_CODE":0,"DPS_HKD_LY":null,"ORG_TYPE":"一般企业","PREMIUM_INCOME":null,"PREMIUM_INCOME_YOY":null,"NET_INTEREST_INCOME":null,"NET_INTEREST_INCOME_YOY":null,"FEE_COMMISSION_INCOME":null,"FEE_COMMISSION_INCOME_YOY":null,"ACCOUNTS_RECE_TDAYS":null,"INVENTORY_TDAYS":null,"CURRENT_ASSETS_TDAYS":0.281315808364,"TOTAL_ASSETS_TDAYS":0.099851217914,"PREMIUM_EXPENSE":null,"LOAN_DEPOSIT":null,"LOAN_EQUITY":null,"LOAN_ASSETS":null,"DEPOSIT_EQUITY":null,"DEPOSIT_ASSETS":null,"EQUITY_MULTIPLIER":1.068766922642,"EQUITY_RATIO":0.075553105797},{"SECUCODE":"00102.HK","SECURITY_CODE":"00102","SECURITY_NAME_ABBR":"凯升控股","ORG_CODE":"10007384","STD_REPORT_DATE":"2022-06-30 00:00:00","REPORT_DATE":"2022-06-30 00:00:00","DATE_TYPE_CODE":"002","REPORT_TYPE":"2022年中报","PER_NETCASH_OPERATE":0.005161356476,"PER_OI":0.033736185564,"BPS":0.617040773627,"BASIC_EPS":0.0161545391,"DILUTED_EPS":0.0161545391,"OPERATE_INCOME":152131459.48,"OPERATE_INCOME_YOY":37.4192750981,"GROSS_PROFIT":152131459.48,"GROSS_PROFIT_YOY":41.235926679104,"HOLDER_PROFIT":72852780.91,"HOLDER_PROFIT_YOY":65129.7709923664,"GROSS_PROFIT_RATIO":null,"EPS_TTM":-0.025518975367,"OPERATE_INCOME_QOQ":20.460352898631,"NET_PROFIT_RATIO":69.597845884,"ROE_AVG":2.652984798645,"GROSS_PROFIT_QOQ":20.460352898631,"ROA":2.248242212345,"HOLDER_PROFIT_QOQ":38.80157741128,"ROE_YEARLY":5.305969597291,"ROIC_YEARLY":6.3054924452,"TOTAL_ASSETS":3297232935.64,"TOTAL_LIABILITIES":229570624.36,"TAX_EBT":-1.03393122358,"OCF_SALES":15.299170283093,"TOTAL_PARENT_EQUITY":2782511178.44,"DEBT_ASSET_RATIO":6.9625236931,"OPERATE_PROFIT":110245963.66,"PRETAX_PROFIT":104796692.98,"NETCASH_OPERATE":23274851.04,"NETCASH_INVEST":117118270.5,"NETCASH_FINANCE":-2979481.96,"END_CASH":803309898.65,"DIVI_RATIO":null,"DIVIDEND_RATE":null,"CURRENT_RATIO":15.613853026512,"COMMON_ACS":6000000000,"CURRENTDEBT_DEBT":24.266141169108,"ISSUED_COMMON_SHARES":4509444590,"HK_COMMON_SHARES":4509444590,"PER_SHARES":4000,"TOTAL_MARKET_CAP":211943895.73,"HKSK_MARKET_CAP":211943895.73,"PE_TTM":-2.370763607311,"PB_TTM":0.066979667469,"REPORT_DATE_SQ":"2021-06-30 00:00:00","REPORT_TYPE_SQ":"2021年中报","OPERATE_INCOME_SQ":107714420.16,"DPS_HKD":null,"OPERATE_INCOME_QOQ_SQ":11.280013141562,"NET_PROFIT_RATIO_SQ":-6.2293359701,"HOLDER_PROFIT_SQ":-109002.48,"HOLDER_PROFIT_QOQ_SQ":507.61537269605,"ROE_AVG_SQ":-0.003854921359,"PE_TTM_SQ":-2.42120538619,"PB_TTM_SQ":0.068404766776,"ROA_SQ":-0.003296335117,"START_DATE":"2022-01-01 00:00:00","FISCAL_YEAR":"12-31","CURRENCY":"HKD","IS_CNY_CODE":0,"DPS_HKD_LY":null,"ORG_TYPE":"一般企业","PREMIUM_INCOME":null,"PREMIUM_INCOME_YOY":null,"NET_INTEREST_INCOME":null,"NET_INTEREST_INCOME_YOY":null,"FEE_COMMISSION_INCOME":null,"FEE_COMMISSION_INCOME_YOY":null,"ACCOUNTS_RECE_TDAYS":4.867285935127,"INVENTORY_TDAYS":null,"CURRENT_ASSETS_TDAYS":0.13142916248,"TOTAL_ASSETS_TDAYS":0.046947881022,"PREMIUM_EXPENSE":null,"LOAN_DEPOSIT":null,"LOAN_EQUITY":null,"LOAN_ASSETS":null,"DEPOSIT_EQUITY":null,"DEPOSIT_ASSETS":null,"EQUITY_MULTIPLIER":1.074835689547,"EQUITY_RATIO":0.082504834532},{"SECUCODE":"00102.HK","SECURITY_CODE":"00102","SECURITY_NAME_ABBR":"凯升控股","ORG_CODE":"10007384","STD_REPORT_DATE":"2021-12-31 00:00:00","REPORT_DATE":"2021-12-31 00:00:00","DATE_TYPE_CODE":"001","REPORT_TYPE":"2021年年报","PER_NETCASH_OPERATE":0.003637226996,"PER_OI":0.048140814255,"BPS":0.574466289739,"BASIC_EPS":-0.0416976,"DILUTED_EPS":-0.0416976,"OPERATE_INCOME":217088334.4,"OPERATE_INCOME_YOY":25.6966076179,"GROSS_PROFIT":217088334.4,"GROSS_PROFIT_YOY":22.106300067052,"HOLDER_PROFIT":-188038188.8,"HOLDER_PROFIT_YOY":-2395.7476542224,"GROSS_PROFIT_RATIO":null,"EPS_TTM":-0.04169874694,"OPERATE_INCOME_QOQ":9.728869201082,"NET_PROFIT_RATIO":-103.1229403546,"ROE_AVG":-7.004649502553,"GROSS_PROFIT_QOQ":9.728869201082,"ROA":-5.97324573501,"HOLDER_PROFIT_QOQ":-467.037054787728,"ROE_YEARLY":-7.004649502553,"ROIC_YEARLY":-9.390502154722,"TOTAL_ASSETS":3043695872,"TOTAL_LIABILITIES":212130408,"TAX_EBT":-6.977480152529,"OCF_SALES":7.555391516238,"TOTAL_PARENT_EQUITY":2590523902.4,"DEBT_ASSET_RATIO":6.9695007951,"OPERATE_PROFIT":-201107524.8,"PRETAX_PROFIT":-209266355.2,"NETCASH_OPERATE":16401873.6,"NETCASH_INVEST":-795412788.8,"NETCASH_FINANCE":-1536270.4,"END_CASH":495935720,"DIVI_RATIO":null,"DIVIDEND_RATE":null,"CURRENT_RATIO":26.301308888301,"COMMON_ACS":6000000000,"CURRENTDEBT_DEBT":24.764602724943,"ISSUED_COMMON_SHARES":4509444590,"HK_COMMON_SHARES":4509444590,"PER_SHARES":4000,"TOTAL_MARKET_CAP":211943895.73,"HKSK_MARKET_CAP":211943895.73,"PE_TTM":-2.370763607311,"PB_TTM":0.066979667469,"REPORT_DATE_SQ":"2020-12-31 00:00:00","REPORT_TYPE_SQ":"2020年年报","OPERATE_INCOME_SQ":177786350.32,"DPS_HKD":null,"OPERATE_INCOME_QOQ_SQ":-47.496394434524,"NET_PROFIT_RATIO_SQ":-22.6237703444,"HOLDER_PROFIT_SQ":8431549.52,"HOLDER_PROFIT_QOQ_SQ":218.446611074327,"ROE_AVG_SQ":0.397329744224,"PE_TTM_SQ":-2.42120538619,"PB_TTM_SQ":0.068404766776,"ROA_SQ":0.315487216438,"START_DATE":"2021-01-01 00:00:00","FISCAL_YEAR":"12-31","CURRENCY":"HKD","IS_CNY_CODE":0,"DPS_HKD_LY":null,"ORG_TYPE":"一般企业","PREMIUM_INCOME":null,"PREMIUM_INCOME_YOY":null,"NET_INTEREST_INCOME":null,"NET_INTEREST_INCOME_YOY":null,"FEE_COMMISSION_INCOME":null,"FEE_COMMISSION_INCOME_YOY":null,"ACCOUNTS_RECE_TDAYS":10.418842826032,"INVENTORY_TDAYS":null,"CURRENT_ASSETS_TDAYS":0.161719303396,"TOTAL_ASSETS_TDAYS":0.068960564652,"PREMIUM_EXPENSE":null,"LOAN_DEPOSIT":null,"LOAN_EQUITY":null,"LOAN_ASSETS":null,"DEPOSIT_EQUITY":null,"DEPOSIT_ASSETS":null,"EQUITY_MULTIPLIER":1.074916300081,"EQUITY_RATIO":0.081887068405},{"SECUCODE":"00102.HK","SECURITY_CODE":"00102","SECURITY_NAME_ABBR":"凯升控股","ORG_CODE":"10007384","STD_REPORT_DATE":"2021-06-30 00:00:00","REPORT_DATE":"2021-06-30 00:00:00","DATE_TYPE_CODE":"002","REPORT_TYPE":"2021年中报","PER_NETCASH_OPERATE":0.001641484563,"PER_OI":0.023886405079,"BPS":0.627039722105,"BASIC_EPS":-0.0000249624,"DILUTED_EPS":-0.0000249624,"OPERATE_INCOME":107714420.16,"OPERATE_INCOME_YOY":34.892202528,"GROSS_PROFIT":107714420.16,"GROSS_PROFIT_YOY":22.877368934422,"HOLDER_PROFIT":-109002.48,"HOLDER_PROFIT_YOY":99.7211282597,"GROSS_PROFIT_RATIO":null,"EPS_TTM":0.011360909313,"OPERATE_INCOME_QOQ":11.280013141562,"NET_PROFIT_RATIO":-6.2293359701,"ROE_AVG":-0.003854921359,"GROSS_PROFIT_QOQ":11.280013141562,"ROA":-0.003296335117,"HOLDER_PROFIT_QOQ":507.61537269605,"ROE_YEARLY":-0.007709842718,"ROIC_YEARLY":-0.010312291208,"TOTAL_ASSETS":3303638010.96,"TOTAL_LIABILITIES":200863279.92,"TAX_EBT":-550.322580645161,"OCF_SALES":6.872045236845,"TOTAL_PARENT_EQUITY":2827600882.56,"DEBT_ASSET_RATIO":6.0800632289,"OPERATE_PROFIT":3867507.84,"PRETAX_PROFIT":-1031779.2,"NETCASH_OPERATE":7402183.68,"NETCASH_INVEST":-777282539.52,"NETCASH_FINANCE":-790476,"END_CASH":528618759.84,"DIVI_RATIO":null,"DIVIDEND_RATE":null,"CURRENT_RATIO":33.033279055567,"COMMON_ACS":6000000000,"CURRENTDEBT_DEBT":20.352196985075,"ISSUED_COMMON_SHARES":4509444590,"HK_COMMON_SHARES":4509444590,"PER_SHARES":4000,"TOTAL_MARKET_CAP":211943895.73,"HKSK_MARKET_CAP":211943895.73,"PE_TTM":-2.370763607311,"PB_TTM":0.066979667469,"REPORT_DATE_SQ":"2020-06-30 00:00:00","REPORT_TYPE_SQ":"2020年中报","OPERATE_INCOME_SQ":87660096.48,"DPS_HKD":null,"OPERATE_INCOME_QOQ_SQ":-24.387424089915,"NET_PROFIT_RATIO_SQ":-92.9038106849,"HOLDER_PROFIT_SQ":-42908844,"HOLDER_PROFIT_QOQ_SQ":-118.723465814994,"ROE_AVG_SQ":-2.898080418878,"PE_TTM_SQ":-2.42120538619,"PB_TTM_SQ":0.068404766776,"ROA_SQ":-2.024929806385,"START_DATE":"2021-01-01 00:00:00","FISCAL_YEAR":"12-31","CURRENCY":"HKD","IS_CNY_CODE":0,"DPS_HKD_LY":null,"ORG_TYPE":"一般企业","PREMIUM_INCOME":null,"PREMIUM_INCOME_YOY":null,"NET_INTEREST_INCOME":null,"NET_INTEREST_INCOME_YOY":null,"FEE_COMMISSION_INCOME":null,"FEE_COMMISSION_INCOME_YOY":null,"ACCOUNTS_RECE_TDAYS":5.267951248296,"INVENTORY_TDAYS":null,"CURRENT_ASSETS_TDAYS":0.080487731329,"TOTAL_ASSETS_TDAYS":0.032573830043,"PREMIUM_EXPENSE":null,"LOAN_DEPOSIT":null,"LOAN_EQUITY":null,"LOAN_ASSETS":null,"DEPOSIT_EQUITY":null,"DEPOSIT_ASSETS":null,"EQUITY_MULTIPLIER":1.064736662288,"EQUITY_RATIO":0.071036644938},{"SECUCODE":"00102.HK","SECURITY_CODE":"00102","SECURITY_NAME_ABBR":"凯升控股","ORG_CODE":"10007384","STD_REPORT_DATE":"2020-12-31 00:00:00","REPORT_DATE":"2020-12-31 00:00:00","DATE_TYPE_CODE":"001","REPORT_TYPE":"2020年年报","PER_NETCASH_OPERATE":-0.006546376701,"PER_OI":0.03942533205,"BPS":0.63425198246,"BASIC_EPS":0.003282396,"DILUTED_EPS":0.003029904,"OPERATE_INCOME":177786350.32,"OPERATE_INCOME_YOY":-60.3544187862,"GROSS_PROFIT":177786350.32,"GROSS_PROFIT_YOY":-62.75055597048,"HOLDER_PROFIT":8431549.52,"HOLDER_PROFIT_YOY":-87.7826288446,"GROSS_PROFIT_RATIO":null,"EPS_TTM":0.001869753437,"OPERATE_INCOME_QOQ":-47.496394434524,"NET_PROFIT_RATIO":-22.6237703444,"ROE_AVG":0.397329744224,"GROSS_PROFIT_QOQ":-47.496394434524,"ROA":0.315487216438,"HOLDER_PROFIT_QOQ":218.446611074327,"ROE_YEARLY":0.397329744224,"ROIC_YEARLY":0.626675887272,"TOTAL_ASSETS":3347946289.76,"TOTAL_LIABILITIES":202809990.8,"TAX_EBT":-0.34434972494,"OCF_SALES":-16.604493509691,"TOTAL_PARENT_EQUITY":2860124171,"DEBT_ASSET_RATIO":6.0577432625,"OPERATE_PROFIT":-18232447.32,"PRETAX_PROFIT":-40083946.64,"NETCASH_OPERATE":-29520523,"NETCASH_INVEST":-781617601.76,"NETCASH_FINANCE":1399165901.92,"END_CASH":1314863031.32,"DIVI_RATIO":null,"DIVIDEND_RATE":null,"CURRENT_RATIO":35.173887135574,"COMMON_ACS":6000000000,"CURRENTDEBT_DEBT":18.80358550857,"ISSUED_COMMON_SHARES":4509444590,"HK_COMMON_SHARES":4509444590,"PER_SHARES":4000,"TOTAL_MARKET_CAP":211943895.73,"HKSK_MARKET_CAP":211943895.73,"PE_TTM":-2.370763607311,"PB_TTM":0.066979667469,"REPORT_DATE_SQ":"2019-12-31 00:00:00","REPORT_TYPE_SQ":"2019年年报","OPERATE_INCOME_SQ":477285916.48,"DPS_HKD":null,"OPERATE_INCOME_QOQ_SQ":4.450085874429,"NET_PROFIT_RATIO_SQ":20.0540148944,"HOLDER_PROFIT_SQ":73452168.44,"HOLDER_PROFIT_QOQ_SQ":74.151180599518,"ROE_AVG_SQ":5.664697675656,"PE_TTM_SQ":-2.42120538619,"PB_TTM_SQ":0.068404766776,"ROA_SQ":3.745734269759,"START_DATE":"2020-01-01 00:00:00","FISCAL_YEAR":"12-31","CURRENCY":"HKD","IS_CNY_CODE":0,"DPS_HKD_LY":null,"ORG_TYPE":"一般企业","PREMIUM_INCOME":null,"PREMIUM_INCOME_YOY":null,"NET_INTEREST_INCOME":null,"NET_INTEREST_INCOME_YOY":null,"FEE_COMMISSION_INCOME":null,"FEE_COMMISSION_INCOME_YOY":null,"ACCOUNTS_RECE_TDAYS":5.003268593084,"INVENTORY_TDAYS":null,"CURRENT_ASSETS_TDAYS":0.16770763782,"TOTAL_ASSETS_TDAYS":0.066523146961,"PREMIUM_EXPENSE":null,"LOAN_DEPOSIT":null,"LOAN_EQUITY":null,"LOAN_ASSETS":null,"DEPOSIT_EQUITY":null,"DEPOSIT_ASSETS":null,"EQUITY_MULTIPLIER":1.064483688948,"EQUITY_RATIO":0.070909505558},{"SECUCODE":"00102.HK","SECURITY_CODE":"00102","SECURITY_NAME_ABBR":"凯升控股","ORG_CODE":"10007384","STD_REPORT_DATE":"2020-06-30 00:00:00","REPORT_DATE":"2020-06-30 00:00:00","DATE_TYPE_CODE":"002","REPORT_TYPE":"2020年中报","PER_NETCASH_OPERATE":-0.004263413823,"PER_OI":0.048598056108,"BPS":0.32357442288,"BASIC_EPS":-0.021283152,"DILUTED_EPS":-0.021283152,"OPERATE_INCOME":87660096.48,"OPERATE_INCOME_YOY":-62.700988375,"GROSS_PROFIT":87660096.48,"GROSS_PROFIT_YOY":-61.268661552518,"HOLDER_PROFIT":-42908844,"HOLDER_PROFIT_YOY":-209.7187835755,"GROSS_PROFIT_RATIO":null,"EPS_TTM":-0.003946405515,"OPERATE_INCOME_QOQ":-24.387424089915,"NET_PROFIT_RATIO":-92.9038106849,"ROE_AVG":-2.898080418878,"GROSS_PROFIT_QOQ":-24.387424089915,"ROA":-2.024929806385,"HOLDER_PROFIT_QOQ":-118.723465814994,"ROE_YEARLY":-5.796160837757,"ROIC_YEARLY":-8.462324865004,"TOTAL_ASSETS":2070530072.16,"TOTAL_LIABILITIES":291828551.52,"TAX_EBT":-0.126903553299,"OCF_SALES":-8.772807319183,"TOTAL_PARENT_EQUITY":1459140930.72,"DEBT_ASSET_RATIO":14.0943884585,"OPERATE_PROFIT":-67774507.68,"PRETAX_PROFIT":-81336351.36,"NETCASH_OPERATE":-7690251.36,"NETCASH_INVEST":-21231999.36,"NETCASH_FINANCE":-1921877.76,"END_CASH":745979958.24,"DIVI_RATIO":null,"DIVIDEND_RATE":null,"CURRENT_RATIO":3.023265734141,"COMMON_ACS":6000000000,"CURRENTDEBT_DEBT":88.053198448744,"ISSUED_COMMON_SHARES":4509444590,"HK_COMMON_SHARES":4509444590,"PER_SHARES":4000,"TOTAL_MARKET_CAP":211943895.73,"HKSK_MARKET_CAP":211943895.73,"PE_TTM":-2.370763607311,"PB_TTM":0.066979667469,"REPORT_DATE_SQ":"2019-06-30 00:00:00","REPORT_TYPE_SQ":"2019年中报","OPERATE_INCOME_SQ":226328601.06,"DPS_HKD":null,"OPERATE_INCOME_QOQ_SQ":12.60168799333,"NET_PROFIT_RATIO_SQ":21.5180476581,"HOLDER_PROFIT_SQ":37661763.24,"HOLDER_PROFIT_QOQ_SQ":532.460238849266,"ROE_AVG_SQ":3.345842274804,"PE_TTM_SQ":-2.42120538619,"PB_TTM_SQ":0.068404766776,"ROA_SQ":2.134319451998,"START_DATE":"2020-01-01 00:00:00","FISCAL_YEAR":"12-31","CURRENCY":"HKD","IS_CNY_CODE":0,"DPS_HKD_LY":null,"ORG_TYPE":"一般企业","PREMIUM_INCOME":null,"PREMIUM_INCOME_YOY":null,"NET_INTEREST_INCOME":null,"NET_INTEREST_INCOME_YOY":null,"FEE_COMMISSION_INCOME":null,"FEE_COMMISSION_INCOME_YOY":null,"ACCOUNTS_RECE_TDAYS":2.055870349939,"INVENTORY_TDAYS":null,"CURRENT_ASSETS_TDAYS":0.108080196053,"TOTAL_ASSETS_TDAYS":0.041368055078,"PREMIUM_EXPENSE":null,"LOAN_DEPOSIT":null,"LOAN_EQUITY":null,"LOAN_ASSETS":null,"DEPOSIT_EQUITY":null,"DEPOSIT_ASSETS":null,"EQUITY_MULTIPLIER":1.164068309457,"EQUITY_RATIO":0.200000250405},{"SECUCODE":"00102.HK","SECURITY_CODE":"00102","SECURITY_NAME_ABBR":"凯升控股","ORG_CODE":"10007384","STD_REPORT_DATE":"2020-03-31 00:00:00","REPORT_DATE":"2020-03-31 00:00:00","DATE_TYPE_CODE":"003","REPORT_TYPE":"2020年一季报","PER_NETCASH_OPERATE":0.002091030018,"PER_OI":0.046568981015,"BPS":0.330496412131,"BASIC_EPS":-0.00676138,"DILUTED_EPS":-0.00676138,"OPERATE_INCOME":84000095.8,"OPERATE_INCOME_YOY":-30.4915206823,"GROSS_PROFIT":84000095.8,"GROSS_PROFIT_YOY":-25.961018952653,"HOLDER_PROFIT":-12122057.9,"HOLDER_PROFIT_YOY":-148.8188107153,"GROSS_PROFIT_RATIO":null,"EPS_TTM":0.021077323793,"OPERATE_INCOME_QOQ":-6.171098277364,"NET_PROFIT_RATIO":-31.0614136228,"ROE_AVG":-0.810072571927,"GROSS_PROFIT_QOQ":-6.171098277364,"ROA":-0.564671291889,"HOLDER_PROFIT_QOQ":-48.240044770011,"ROE_YEARLY":-3.240290287708,"ROIC_YEARLY":-4.731170333454,"TOTAL_ASSETS":2125347519.3,"TOTAL_LIABILITIES":290768578.4,"TAX_EBT":-0.077101002313,"OCF_SALES":4.490177736202,"TOTAL_PARENT_EQUITY":1490355257.7,"DEBT_ASSET_RATIO":13.6809898503,"OPERATE_PROFIT":null,"PRETAX_PROFIT":-26071515.8,"NETCASH_OPERATE":3771753.6,"NETCASH_INVEST":-16961013.1,"NETCASH_FINANCE":-1716842.3,"END_CASH":754919955.1,"DIVI_RATIO":null,"DIVIDEND_RATE":null,"CURRENT_RATIO":3.153891090294,"COMMON_ACS":6000000000,"CURRENTDEBT_DEBT":89.293974207496,"ISSUED_COMMON_SHARES":4509444590,"HK_COMMON_SHARES":4509444590,"PER_SHARES":4000,"TOTAL_MARKET_CAP":211943895.73,"HKSK_MARKET_CAP":211943895.73,"PE_TTM":-2.370763607311,"PB_TTM":0.066979667469,"REPORT_DATE_SQ":"2019-03-31 00:00:00","REPORT_TYPE_SQ":"2019年一季报","OPERATE_INCOME_SQ":113453878.77,"DPS_HKD":null,"OPERATE_INCOME_QOQ_SQ":0,"NET_PROFIT_RATIO_SQ":27.9541519548,"HOLDER_PROFIT_SQ":23311301.04,"HOLDER_PROFIT_QOQ_SQ":0,"ROE_AVG_SQ":null,"PE_TTM_SQ":-2.42120538619,"PB_TTM_SQ":0.068404766776,"ROA_SQ":null,"START_DATE":"2020-01-01 00:00:00","FISCAL_YEAR":"12-31","CURRENCY":"HKD","IS_CNY_CODE":0,"DPS_HKD_LY":null,"ORG_TYPE":"一般企业","PREMIUM_INCOME":null,"PREMIUM_INCOME_YOY":null,"NET_INTEREST_INCOME":null,"NET_INTEREST_INCOME_YOY":null,"FEE_COMMISSION_INCOME":null,"FEE_COMMISSION_INCOME_YOY":null,"ACCOUNTS_RECE_TDAYS":1.418701727583,"INVENTORY_TDAYS":null,"CURRENT_ASSETS_TDAYS":0.100939077962,"TOTAL_ASSETS_TDAYS":0.03912903486,"PREMIUM_EXPENSE":null,"LOAN_DEPOSIT":null,"LOAN_EQUITY":null,"LOAN_ASSETS":null,"DEPOSIT_EQUITY":null,"DEPOSIT_ASSETS":null,"EQUITY_MULTIPLIER":1.158493358839,"EQUITY_RATIO":0.19510017957},{"SECUCODE":"00102.HK","SECURITY_CODE":"00102","SECURITY_NAME_ABBR":"凯升控股","ORG_CODE":"10007384","STD_REPORT_DATE":"2019-12-31 00:00:00","REPORT_DATE":"2019-12-31 00:00:00","DATE_TYPE_CODE":"001","REPORT_TYPE":"2019年年报","PER_NETCASH_OPERATE":0.107033070496,"PER_OI":0.264603493265,"BPS":0.326649957271,"BASIC_EPS":0.04075799,"DILUTED_EPS":0.040578834,"OPERATE_INCOME":477285916.48,"OPERATE_INCOME_YOY":15.0417791212,"GROSS_PROFIT":477285916.48,"GROSS_PROFIT_YOY":17.61255980509,"HOLDER_PROFIT":73452168.44,"HOLDER_PROFIT_YOY":977.3617133097,"GROSS_PROFIT_RATIO":null,"EPS_TTM":0.040721294482,"OPERATE_INCOME_QOQ":4.450085874429,"NET_PROFIT_RATIO":20.0540148944,"ROE_AVG":5.664697675656,"GROSS_PROFIT_QOQ":4.450085874429,"ROA":3.745734269759,"HOLDER_PROFIT_QOQ":74.151180599518,"ROE_YEARLY":5.664697675656,"ROIC_YEARLY":7.225311411909,"TOTAL_ASSETS":2125621443.84,"TOTAL_LIABILITIES":301443406.7,"TAX_EBT":0.104709105018,"OCF_SALES":40.450361850996,"TOTAL_PARENT_EQUITY":1473009882.64,"DEBT_ASSET_RATIO":14.1814248051,"OPERATE_PROFIT":124212437.92,"PRETAX_PROFIT":95815316.14,"NETCASH_OPERATE":193063880.28,"NETCASH_INVEST":-60260016.38,"NETCASH_FINANCE":212608008.32,"END_CASH":770996054.44,"DIVI_RATIO":null,"DIVIDEND_RATE":null,"CURRENT_RATIO":3.227201233186,"COMMON_ACS":6000000000,"CURRENTDEBT_DEBT":85.207791628902,"ISSUED_COMMON_SHARES":4509444590,"HK_COMMON_SHARES":4509444590,"PER_SHARES":4000,"TOTAL_MARKET_CAP":211943895.73,"HKSK_MARKET_CAP":211943895.73,"PE_TTM":-2.370763607311,"PB_TTM":0.066979667469,"REPORT_DATE_SQ":"2018-12-31 00:00:00","REPORT_TYPE_SQ":"2018年年报","OPERATE_INCOME_SQ":405812030,"DPS_HKD":null,"OPERATE_INCOME_QOQ_SQ":3.749571656558,"NET_PROFIT_RATIO_SQ":0.8757422002,"HOLDER_PROFIT_SQ":6668758.2,"HOLDER_PROFIT_QOQ_SQ":-63.730577094591,"ROE_AVG_SQ":0.617639612034,"PE_TTM_SQ":-2.42120538619,"PB_TTM_SQ":0.068404766776,"ROA_SQ":0.379450542054,"START_DATE":"2019-01-01 00:00:00","FISCAL_YEAR":"12-31","CURRENCY":"HKD","IS_CNY_CODE":0,"DPS_HKD_LY":null,"ORG_TYPE":"一般企业","PREMIUM_INCOME":null,"PREMIUM_INCOME_YOY":null,"NET_INTEREST_INCOME":null,"NET_INTEREST_INCOME_YOY":null,"FEE_COMMISSION_INCOME":null,"FEE_COMMISSION_INCOME_YOY":null,"ACCOUNTS_RECE_TDAYS":9.964392579294,"INVENTORY_TDAYS":null,"CURRENT_ASSETS_TDAYS":0.733265486293,"TOTAL_ASSETS_TDAYS":0.243394613366,"PREMIUM_EXPENSE":null,"LOAN_DEPOSIT":null,"LOAN_EQUITY":null,"LOAN_ASSETS":null,"DEPOSIT_EQUITY":null,"DEPOSIT_ASSETS":null,"EQUITY_MULTIPLIER":1.165248895975,"EQUITY_RATIO":0.204644524285}],"count":45},"success":true,"message":"ok","code":0}