{"version":"be3d411e843d56d1babc366d74cc850a","result":{"pages":5,"data":[{"SECUCODE":"00108.HK","SECURITY_CODE":"00108","SECURITY_NAME_ABBR":"国锐生活","ORG_CODE":"10007389","STD_REPORT_DATE":"2024-06-30 00:00:00","REPORT_DATE":"2024-06-30 00:00:00","DATE_TYPE_CODE":"002","REPORT_TYPE":"2024年中报","PER_NETCASH_OPERATE":-0.01264480297,"PER_OI":0.050838806039,"BPS":0.533816591994,"BASIC_EPS":0.000091268,"DILUTED_EPS":0.000091268,"OPERATE_INCOME":162652353.52,"OPERATE_INCOME_YOY":5.1366610228,"GROSS_PROFIT":162286368.84,"GROSS_PROFIT_YOY":4.082051747595,"HOLDER_PROFIT":257375.76,"HOLDER_PROFIT_YOY":-99.2819859962,"GROSS_PROFIT_RATIO":99.774989619222,"EPS_TTM":-0.047863731764,"OPERATE_INCOME_QOQ":1.993397755033,"NET_PROFIT_RATIO":0.1582367266,"ROE_AVG":0.009176976528,"GROSS_PROFIT_QOQ":1.996457935857,"ROA":0.004410885565,"HOLDER_PROFIT_QOQ":-30.682034354954,"ROE_YEARLY":0.018353953056,"ROIC_YEARLY":0.00921729403,"TOTAL_ASSETS":5817353869,"TOTAL_LIABILITIES":3039591297.36,"TAX_EBT":59.714285714286,"OCF_SALES":-24.872344484721,"TOTAL_PARENT_EQUITY":2777762571.64,"DEBT_ASSET_RATIO":52.2504108536,"OPERATE_PROFIT":62821589.76,"PRETAX_PROFIT":638876,"NETCASH_OPERATE":-40455453.68,"NETCASH_INVEST":-14477842.84,"NETCASH_FINANCE":713715.76,"END_CASH":221897150.36,"DIVI_RATIO":null,"DIVIDEND_RATE":null,"CURRENT_RATIO":0.851907152749,"COMMON_ACS":null,"CURRENTDEBT_DEBT":36.881343453433,"ISSUED_COMMON_SHARES":3199373986,"HK_COMMON_SHARES":3199373986,"PER_SHARES":2000,"TOTAL_MARKET_CAP":2367536749.64,"HKSK_MARKET_CAP":2367536749.64,"PE_TTM":-14.067360366251,"PB_TTM":1.265197092278,"REPORT_DATE_SQ":"2023-06-30 00:00:00","REPORT_TYPE_SQ":"2023年中报","OPERATE_INCOME_SQ":156282063.86,"DPS_HKD":null,"OPERATE_INCOME_QOQ_SQ":0.729539502501,"NET_PROFIT_RATIO_SQ":23.1701345667,"HOLDER_PROFIT_SQ":36210764.5,"HOLDER_PROFIT_QOQ_SQ":6.030063185011,"ROE_AVG_SQ":1.214131345054,"PE_TTM_SQ":-3.536911478434,"PB_TTM_SQ":0.52313764644,"ROA_SQ":0.62847109265,"START_DATE":"2024-01-01 00:00:00","FISCAL_YEAR":"12-31","CURRENCY":"HKD","IS_CNY_CODE":0,"DPS_HKD_LY":null,"ORG_TYPE":"一般企业","PREMIUM_INCOME":null,"PREMIUM_INCOME_YOY":null,"NET_INTEREST_INCOME":null,"NET_INTEREST_INCOME_YOY":null,"FEE_COMMISSION_INCOME":null,"FEE_COMMISSION_INCOME_YOY":null,"ACCOUNTS_RECE_TDAYS":1.018901365289,"INVENTORY_TDAYS":0.002521005762,"CURRENT_ASSETS_TDAYS":0.168746159243,"TOTAL_ASSETS_TDAYS":0.027875232627,"PREMIUM_EXPENSE":null,"LOAN_DEPOSIT":null,"LOAN_EQUITY":null,"LOAN_ASSETS":null,"DEPOSIT_EQUITY":null,"DEPOSIT_ASSETS":null,"EQUITY_MULTIPLIER":2.094258857252,"EQUITY_RATIO":1.094258857252},{"SECUCODE":"00108.HK","SECURITY_CODE":"00108","SECURITY_NAME_ABBR":"国锐生活","ORG_CODE":"10007389","STD_REPORT_DATE":"2023-12-31 00:00:00","REPORT_DATE":"2023-12-31 00:00:00","DATE_TYPE_CODE":"001","REPORT_TYPE":"2023年年报","PER_NETCASH_OPERATE":0.029518811403,"PER_OI":0.099884984437,"BPS":0.546684478343,"BASIC_EPS":-0.036611288,"DILUTED_EPS":-0.036611288,"OPERATE_INCOME":319569420.8,"OPERATE_INCOME_YOY":0.1033280723,"GROSS_PROFIT":318804571.12,"GROSS_PROFIT_YOY":3.072599514802,"HOLDER_PROFIT":-117180589.54,"HOLDER_PROFIT_YOY":59.6074670598,"GROSS_PROFIT_RATIO":99.760662431942,"EPS_TTM":-0.036626099372,"OPERATE_INCOME_QOQ":0.819040965131,"NET_PROFIT_RATIO":-36.6682735935,"ROE_AVG":-4.072070806738,"GROSS_PROFIT_QOQ":1.525363380021,"ROA":-2.043946259295,"HOLDER_PROFIT_QOQ":56.392313485069,"ROE_YEARLY":-4.072070806738,"ROIC_YEARLY":-2.155486152918,"TOTAL_ASSETS":5811247215.06,"TOTAL_LIABILITIES":2999888158.82,"TAX_EBT":-84.864254364019,"OCF_SALES":29.552801724138,"TOTAL_PARENT_EQUITY":2811359056.24,"DEBT_ASSET_RATIO":51.6221053382,"OPERATE_PROFIT":53616506.3,"PRETAX_PROFIT":-63387370.34,"NETCASH_OPERATE":94441717.3,"NETCASH_INVEST":-296774362.92,"NETCASH_FINANCE":157410414,"END_CASH":276900958.32,"DIVI_RATIO":null,"DIVIDEND_RATE":null,"CURRENT_RATIO":0.90438685141,"COMMON_ACS":null,"CURRENTDEBT_DEBT":35.600639331837,"ISSUED_COMMON_SHARES":3199373986,"HK_COMMON_SHARES":3199373986,"PER_SHARES":2000,"TOTAL_MARKET_CAP":2399530489.5,"HKSK_MARKET_CAP":2399530489.5,"PE_TTM":-14.25745983066,"PB_TTM":1.282294350281,"REPORT_DATE_SQ":"2022-12-31 00:00:00","REPORT_TYPE_SQ":"2022年年报","OPERATE_INCOME_SQ":314677582.52,"DPS_HKD":null,"OPERATE_INCOME_QOQ_SQ":10.801417400212,"NET_PROFIT_RATIO_SQ":-90.873633174,"HOLDER_PROFIT_SQ":-285958952.02,"HOLDER_PROFIT_QOQ_SQ":-527.650110198723,"ROE_AVG_SQ":-9.002161496234,"PE_TTM_SQ":-3.536911478434,"PB_TTM_SQ":0.52313764644,"ROA_SQ":-4.874399618972,"START_DATE":"2023-01-01 00:00:00","FISCAL_YEAR":"12-31","CURRENCY":"HKD","IS_CNY_CODE":0,"DPS_HKD_LY":null,"ORG_TYPE":"一般企业","PREMIUM_INCOME":null,"PREMIUM_INCOME_YOY":null,"NET_INTEREST_INCOME":null,"NET_INTEREST_INCOME_YOY":null,"FEE_COMMISSION_INCOME":null,"FEE_COMMISSION_INCOME_YOY":null,"ACCOUNTS_RECE_TDAYS":2.326650853921,"INVENTORY_TDAYS":0.002371082902,"CURRENT_ASSETS_TDAYS":0.300122980293,"TOTAL_ASSETS_TDAYS":0.055741546001,"PREMIUM_EXPENSE":null,"LOAN_DEPOSIT":null,"LOAN_EQUITY":null,"LOAN_ASSETS":null,"DEPOSIT_EQUITY":null,"DEPOSIT_ASSETS":null,"EQUITY_MULTIPLIER":2.067059773872,"EQUITY_RATIO":1.06705977387},{"SECUCODE":"00108.HK","SECURITY_CODE":"00108","SECURITY_NAME_ABBR":"国锐生活","ORG_CODE":"10007389","STD_REPORT_DATE":"2023-06-30 00:00:00","REPORT_DATE":"2023-06-30 00:00:00","DATE_TYPE_CODE":"002","REPORT_TYPE":"2023年中报","PER_NETCASH_OPERATE":-0.008452464607,"PER_OI":0.048847701001,"BPS":0.590405416436,"BASIC_EPS":0.011340354,"DILUTED_EPS":0.007929028,"OPERATE_INCOME":156282063.86,"OPERATE_INCOME_YOY":-5.861346988,"GROSS_PROFIT":155921569.68,"GROSS_PROFIT_YOY":3.117374704142,"HOLDER_PROFIT":36210764.5,"HOLDER_PROFIT_YOY":77.0819243428,"GROSS_PROFIT_RATIO":99.769331060074,"EPS_TTM":-0.083990007953,"OPERATE_INCOME_QOQ":0.729539502501,"NET_PROFIT_RATIO":23.1701345667,"ROE_AVG":1.214131345054,"GROSS_PROFIT_QOQ":1.523989753171,"ROA":0.62847109265,"HOLDER_PROFIT_QOQ":6.030063185011,"ROE_YEARLY":2.428262690107,"ROIC_YEARLY":1.326787510462,"TOTAL_ASSETS":5770237645.44,"TOTAL_LIABILITIES":2800524391.78,"TAX_EBT":15.729734368965,"OCF_SALES":-17.303710171261,"TOTAL_PARENT_EQUITY":2969713253.66,"DEBT_ASSET_RATIO":48.5339523926,"OPERATE_PROFIT":100670996.2,"PRETAX_PROFIT":42969799.88,"NETCASH_OPERATE":-27042595.38,"NETCASH_INVEST":-71513378.7,"NETCASH_FINANCE":54612563.32,"END_CASH":284683452.52,"DIVI_RATIO":null,"DIVIDEND_RATE":null,"CURRENT_RATIO":2.245697221646,"COMMON_ACS":null,"CURRENTDEBT_DEBT":16.503775624187,"ISSUED_COMMON_SHARES":3199373986,"HK_COMMON_SHARES":3199373986,"PER_SHARES":2000,"TOTAL_MARKET_CAP":2399530489.5,"HKSK_MARKET_CAP":2399530489.5,"PE_TTM":-14.25745983066,"PB_TTM":1.282294350281,"REPORT_DATE_SQ":"2022-06-30 00:00:00","REPORT_TYPE_SQ":"2022年中报","OPERATE_INCOME_SQ":153986366.59,"DPS_HKD":null,"OPERATE_INCOME_QOQ_SQ":4.83644654326,"NET_PROFIT_RATIO_SQ":12.3174924054,"HOLDER_PROFIT_SQ":18967259.01,"HOLDER_PROFIT_QOQ_SQ":-60.60922003108,"ROE_AVG_SQ":0.588321113669,"PE_TTM_SQ":-3.536911478434,"PB_TTM_SQ":0.52313764644,"ROA_SQ":0.327172294072,"START_DATE":"2023-01-01 00:00:00","FISCAL_YEAR":"12-31","CURRENCY":"HKD","IS_CNY_CODE":0,"DPS_HKD_LY":null,"ORG_TYPE":"一般企业","PREMIUM_INCOME":null,"PREMIUM_INCOME_YOY":null,"NET_INTEREST_INCOME":null,"NET_INTEREST_INCOME_YOY":null,"FEE_COMMISSION_INCOME":null,"FEE_COMMISSION_INCOME_YOY":null,"ACCOUNTS_RECE_TDAYS":1.200419244157,"INVENTORY_TDAYS":0.000810701257,"CURRENT_ASSETS_TDAYS":0.14067391225,"TOTAL_ASSETS_TDAYS":0.027124188288,"PREMIUM_EXPENSE":null,"LOAN_DEPOSIT":null,"LOAN_EQUITY":null,"LOAN_ASSETS":null,"DEPOSIT_EQUITY":null,"DEPOSIT_ASSETS":null,"EQUITY_MULTIPLIER":1.943028552782,"EQUITY_RATIO":0.943028552783},{"SECUCODE":"00108.HK","SECURITY_CODE":"00108","SECURITY_NAME_ABBR":"国锐生活","ORG_CODE":"10007389","STD_REPORT_DATE":"2022-12-31 00:00:00","REPORT_DATE":"2022-12-31 00:00:00","DATE_TYPE_CODE":"001","REPORT_TYPE":"2022年年报","PER_NETCASH_OPERATE":-0.029628583449,"PER_OI":0.098355985858,"BPS":0.579729796225,"BASIC_EPS":-0.089416327,"DILUTED_EPS":-0.089416327,"OPERATE_INCOME":314677582.52,"OPERATE_INCOME_YOY":6.3201895363,"GROSS_PROFIT":309300990.39,"GROSS_PROFIT_YOY":18.979097765949,"HOLDER_PROFIT":-285958952.02,"HOLDER_PROFIT_YOY":-254.1847080072,"GROSS_PROFIT_RATIO":98.291396518639,"EPS_TTM":-0.089379657793,"OPERATE_INCOME_QOQ":10.801417400212,"NET_PROFIT_RATIO":-90.873633174,"ROE_AVG":-9.002161496234,"GROSS_PROFIT_QOQ":13.044812449647,"ROA":-4.874399618972,"HOLDER_PROFIT_QOQ":-527.650110198723,"ROE_YEARLY":-9.002161496234,"ROIC_YEARLY":-5.129500556853,"TOTAL_ASSETS":5574056609.66,"TOTAL_LIABILITIES":2672153782.83,"TAX_EBT":4.233315483865,"OCF_SALES":-30.12382336577,"TOTAL_PARENT_EQUITY":2901902826.83,"DEBT_ASSET_RATIO":47.9391217197,"OPERATE_PROFIT":-176712924.29,"PRETAX_PROFIT":-298599615.79,"NETCASH_OPERATE":-95009090.47,"NETCASH_INVEST":-121703571.15,"NETCASH_FINANCE":245171350.55,"END_CASH":311913805.14,"DIVI_RATIO":null,"DIVIDEND_RATE":null,"CURRENT_RATIO":2.31618105933,"COMMON_ACS":null,"CURRENTDEBT_DEBT":18.533817784076,"ISSUED_COMMON_SHARES":3199373986,"HK_COMMON_SHARES":3199373986,"PER_SHARES":2000,"TOTAL_MARKET_CAP":2399530489.5,"HKSK_MARKET_CAP":2399530489.5,"PE_TTM":-14.25745983066,"PB_TTM":1.282294350281,"REPORT_DATE_SQ":"2021-12-31 00:00:00","REPORT_TYPE_SQ":"2021年年报","OPERATE_INCOME_SQ":270899496,"DPS_HKD":null,"OPERATE_INCOME_QOQ_SQ":-0.723017032026,"NET_PROFIT_RATIO_SQ":62.9052167746,"HOLDER_PROFIT_SQ":169754200,"HOLDER_PROFIT_QOQ_SQ":32.170419632255,"ROE_AVG_SQ":5.589189397271,"PE_TTM_SQ":-3.536911478434,"PB_TTM_SQ":0.52313764644,"ROA_SQ":3.053996421841,"START_DATE":"2022-01-01 00:00:00","FISCAL_YEAR":"12-31","CURRENCY":"HKD","IS_CNY_CODE":0,"DPS_HKD_LY":null,"ORG_TYPE":"一般企业","PREMIUM_INCOME":null,"PREMIUM_INCOME_YOY":null,"NET_INTEREST_INCOME":null,"NET_INTEREST_INCOME_YOY":null,"FEE_COMMISSION_INCOME":null,"FEE_COMMISSION_INCOME_YOY":null,"ACCOUNTS_RECE_TDAYS":3.049929439062,"INVENTORY_TDAYS":0.009606798019,"CURRENT_ASSETS_TDAYS":0.26202657858,"TOTAL_ASSETS_TDAYS":0.053639317024,"PREMIUM_EXPENSE":null,"LOAN_DEPOSIT":null,"LOAN_EQUITY":null,"LOAN_ASSETS":null,"DEPOSIT_EQUITY":null,"DEPOSIT_ASSETS":null,"EQUITY_MULTIPLIER":1.920828140117,"EQUITY_RATIO":0.920828140117},{"SECUCODE":"00108.HK","SECURITY_CODE":"00108","SECURITY_NAME_ABBR":"国锐生活","ORG_CODE":"10007389","STD_REPORT_DATE":"2022-06-30 00:00:00","REPORT_DATE":"2022-06-30 00:00:00","DATE_TYPE_CODE":"002","REPORT_TYPE":"2022年中报","PER_NETCASH_OPERATE":0.006624742544,"PER_OI":0.048130155232,"BPS":0.669301609737,"BASIC_EPS":0.005900811,"DILUTED_EPS":0.004190431,"OPERATE_INCOME":153986366.59,"OPERATE_INCOME_YOY":6.346122044,"GROSS_PROFIT":151207854.28,"GROSS_PROFIT_YOY":9.92048011223,"HOLDER_PROFIT":18967259.01,"HOLDER_PROFIT_YOY":-84.8550650415,"GROSS_PROFIT_RATIO":98.195611487218,"EPS_TTM":0.020900183505,"OPERATE_INCOME_QOQ":4.83644654326,"NET_PROFIT_RATIO":12.3174924054,"ROE_AVG":0.588321113669,"GROSS_PROFIT_QOQ":5.249498130616,"ROA":0.327172294072,"HOLDER_PROFIT_QOQ":-60.60922003108,"ROE_YEARLY":1.176642227339,"ROIC_YEARLY":0.685699710736,"TOTAL_ASSETS":5698182281.4,"TOTAL_LIABILITIES":2554344776.06,"TAX_EBT":21.913178185403,"OCF_SALES":13.764224346194,"TOTAL_PARENT_EQUITY":3143837505.34,"DEBT_ASSET_RATIO":44.8273616026,"OPERATE_PROFIT":69715088.8,"PRETAX_PROFIT":24289961.57,"NETCASH_OPERATE":21195028.96,"NETCASH_INVEST":-67466794.29,"NETCASH_FINANCE":46252951.15,"END_CASH":270171624.8,"DIVI_RATIO":null,"DIVIDEND_RATE":null,"CURRENT_RATIO":2.023697010039,"COMMON_ACS":null,"CURRENTDEBT_DEBT":22.281723300012,"ISSUED_COMMON_SHARES":3199373986,"HK_COMMON_SHARES":3199373986,"PER_SHARES":2000,"TOTAL_MARKET_CAP":2399530489.5,"HKSK_MARKET_CAP":2399530489.5,"PE_TTM":-14.25745983066,"PB_TTM":1.282294350281,"REPORT_DATE_SQ":"2021-06-30 00:00:00","REPORT_TYPE_SQ":"2021年中报","OPERATE_INCOME_SQ":140884457.28,"DPS_HKD":null,"OPERATE_INCOME_QOQ_SQ":0.679794714228,"NET_PROFIT_RATIO_SQ":86.6716671785,"HOLDER_PROFIT_SQ":121853955.6,"HOLDER_PROFIT_QOQ_SQ":27545.2686060135,"ROE_AVG_SQ":3.998327443483,"PE_TTM_SQ":-3.536911478434,"PB_TTM_SQ":0.52313764644,"ROA_SQ":2.182884409455,"START_DATE":"2022-01-01 00:00:00","FISCAL_YEAR":"12-31","CURRENCY":"HKD","IS_CNY_CODE":0,"DPS_HKD_LY":null,"ORG_TYPE":"一般企业","PREMIUM_INCOME":null,"PREMIUM_INCOME_YOY":null,"NET_INTEREST_INCOME":null,"NET_INTEREST_INCOME_YOY":null,"FEE_COMMISSION_INCOME":null,"FEE_COMMISSION_INCOME_YOY":null,"ACCOUNTS_RECE_TDAYS":1.752879102051,"INVENTORY_TDAYS":0.004801486111,"CURRENT_ASSETS_TDAYS":0.130880589752,"TOTAL_ASSETS_TDAYS":0.026561599009,"PREMIUM_EXPENSE":null,"LOAN_DEPOSIT":null,"LOAN_EQUITY":null,"LOAN_ASSETS":null,"DEPOSIT_EQUITY":null,"DEPOSIT_ASSETS":null,"EQUITY_MULTIPLIER":1.812492621428,"EQUITY_RATIO":0.812492621429},{"SECUCODE":"00108.HK","SECURITY_CODE":"00108","SECURITY_NAME_ABBR":"国锐生活","ORG_CODE":"10007389","STD_REPORT_DATE":"2021-12-31 00:00:00","REPORT_DATE":"2021-12-31 00:00:00","DATE_TYPE_CODE":"001","REPORT_TYPE":"2021年年报","PER_NETCASH_OPERATE":0.012161368621,"PER_OI":0.084672656959,"BPS":0.687769362891,"BASIC_EPS":0.05306224,"DILUTED_EPS":0.03744608,"OPERATE_INCOME":270899496,"OPERATE_INCOME_YOY":11.7755010475,"GROSS_PROFIT":259962460.8,"GROSS_PROFIT_YOY":4.664372467349,"HOLDER_PROFIT":169754200,"HOLDER_PROFIT_YOY":37513.2246376812,"GROSS_PROFIT_RATIO":95.962696364706,"EPS_TTM":0.053058567314,"OPERATE_INCOME_QOQ":-0.723017032026,"NET_PROFIT_RATIO":62.9052167746,"ROE_AVG":5.589189397271,"GROSS_PROFIT_QOQ":-1.725442603107,"ROA":3.053996421841,"HOLDER_PROFIT_QOQ":32.170419632255,"ROE_YEARLY":5.589189397271,"ROIC_YEARLY":3.176303468126,"TOTAL_ASSETS":5637298038.4,"TOTAL_LIABILITIES":2478439936,"TAX_EBT":42.727409299181,"OCF_SALES":14.362805016071,"TOTAL_PARENT_EQUITY":3158858102.4,"DEBT_ASSET_RATIO":43.9650328778,"OPERATE_PROFIT":197217384,"PRETAX_PROFIT":108847088,"NETCASH_OPERATE":38908766.4,"NETCASH_INVEST":52483379.2,"NETCASH_FINANCE":-35766729.6,"END_CASH":248590462.4,"DIVI_RATIO":null,"DIVIDEND_RATE":null,"CURRENT_RATIO":1.076021304319,"COMMON_ACS":null,"CURRENTDEBT_DEBT":43.065257838066,"ISSUED_COMMON_SHARES":3199373986,"HK_COMMON_SHARES":3199373986,"PER_SHARES":2000,"TOTAL_MARKET_CAP":2399530489.5,"HKSK_MARKET_CAP":2399530489.5,"PE_TTM":-14.25745983066,"PB_TTM":1.282294350281,"REPORT_DATE_SQ":"2020-12-31 00:00:00","REPORT_TYPE_SQ":"2020年年报","OPERATE_INCOME_SQ":249486503.56,"DPS_HKD":null,"OPERATE_INCOME_QOQ_SQ":-16.99420221907,"NET_PROFIT_RATIO_SQ":0.2111630738,"HOLDER_PROFIT_SQ":464585.28,"HOLDER_PROFIT_QOQ_SQ":-99.45224112714,"ROE_AVG_SQ":0.015814656806,"PE_TTM_SQ":-3.536911478434,"PB_TTM_SQ":0.52313764644,"ROA_SQ":0.008486784754,"START_DATE":"2021-01-01 00:00:00","FISCAL_YEAR":"12-31","CURRENCY":"HKD","IS_CNY_CODE":0,"DPS_HKD_LY":null,"ORG_TYPE":"一般企业","PREMIUM_INCOME":null,"PREMIUM_INCOME_YOY":null,"NET_INTEREST_INCOME":null,"NET_INTEREST_INCOME_YOY":null,"FEE_COMMISSION_INCOME":null,"FEE_COMMISSION_INCOME_YOY":null,"ACCOUNTS_RECE_TDAYS":3.474296799224,"INVENTORY_TDAYS":0.015045280931,"CURRENT_ASSETS_TDAYS":0.193461369472,"TOTAL_ASSETS_TDAYS":0.048736708221,"PREMIUM_EXPENSE":null,"LOAN_DEPOSIT":null,"LOAN_EQUITY":null,"LOAN_ASSETS":null,"DEPOSIT_EQUITY":null,"DEPOSIT_ASSETS":null,"EQUITY_MULTIPLIER":1.784599958485,"EQUITY_RATIO":0.784599958484},{"SECUCODE":"00108.HK","SECURITY_CODE":"00108","SECURITY_NAME_ABBR":"国锐生活","ORG_CODE":"10007389","STD_REPORT_DATE":"2021-06-30 00:00:00","REPORT_DATE":"2021-06-30 00:00:00","DATE_TYPE_CODE":"002","REPORT_TYPE":"2021年中报","PER_NETCASH_OPERATE":-0.01097468192,"PER_OI":0.044035007441,"BPS":0.697302181515,"BASIC_EPS":0.038109264,"DILUTED_EPS":0.026792976,"OPERATE_INCOME":140884457.28,"OPERATE_INCOME_YOY":11.2325743342,"GROSS_PROFIT":137561129.76,"GROSS_PROFIT_YOY":-1.044906789919,"HOLDER_PROFIT":121853955.6,"HOLDER_PROFIT_YOY":2286.7253994326,"GROSS_PROFIT_RATIO":97.641097120178,"EPS_TTM":0.040144056032,"OPERATE_INCOME_QOQ":0.679794714228,"NET_PROFIT_RATIO":86.6716671785,"ROE_AVG":3.998327443483,"GROSS_PROFIT_QOQ":-0.546119049025,"ROA":2.182884409455,"HOLDER_PROFIT_QOQ":27545.2686060135,"ROE_YEARLY":7.996654886965,"ROIC_YEARLY":4.572190904308,"TOTAL_ASSETS":5587886493.12,"TOTAL_LIABILITIES":2439856595.04,"TAX_EBT":81.774143543637,"OCF_SALES":-24.922629875499,"TOTAL_PARENT_EQUITY":3128093261.28,"DEBT_ASSET_RATIO":43.6633170349,"OPERATE_PROFIT":66555582.96,"PRETAX_PROFIT":21470992.32,"NETCASH_OPERATE":-35112111.84,"NETCASH_INVEST":103322701.92,"NETCASH_FINANCE":38380522.08,"END_CASH":301455095.28,"DIVI_RATIO":null,"DIVIDEND_RATE":null,"CURRENT_RATIO":0.862479381324,"COMMON_ACS":null,"CURRENTDEBT_DEBT":69.530747504125,"ISSUED_COMMON_SHARES":3199373986,"HK_COMMON_SHARES":3199373986,"PER_SHARES":2000,"TOTAL_MARKET_CAP":2399530489.5,"HKSK_MARKET_CAP":2399530489.5,"PE_TTM":-14.25745983066,"PB_TTM":1.282294350281,"REPORT_DATE_SQ":"2020-06-30 00:00:00","REPORT_TYPE_SQ":"2020年中报","OPERATE_INCOME_SQ":139042009.92,"DPS_HKD":null,"OPERATE_INCOME_QOQ_SQ":-2.362170805373,"NET_PROFIT_RATIO_SQ":-4.0930215312,"HOLDER_PROFIT_SQ":-6117307.68,"HOLDER_PROFIT_QOQ_SQ":-3.971056208164,"ROE_AVG_SQ":-0.199207453577,"PE_TTM_SQ":-3.536911478434,"PB_TTM_SQ":0.52313764644,"ROA_SQ":-0.107646813649,"START_DATE":"2021-01-01 00:00:00","FISCAL_YEAR":"12-31","CURRENCY":"HKD","IS_CNY_CODE":0,"DPS_HKD_LY":null,"ORG_TYPE":"一般企业","PREMIUM_INCOME":null,"PREMIUM_INCOME_YOY":null,"NET_INTEREST_INCOME":null,"NET_INTEREST_INCOME_YOY":null,"FEE_COMMISSION_INCOME":null,"FEE_COMMISSION_INCOME_YOY":null,"ACCOUNTS_RECE_TDAYS":1.807261451757,"INVENTORY_TDAYS":0.003881753281,"CURRENT_ASSETS_TDAYS":0.089607515947,"TOTAL_ASSETS_TDAYS":0.025237956685,"PREMIUM_EXPENSE":null,"LOAN_DEPOSIT":null,"LOAN_EQUITY":null,"LOAN_ASSETS":null,"DEPOSIT_EQUITY":null,"DEPOSIT_ASSETS":null,"EQUITY_MULTIPLIER":1.775042383343,"EQUITY_RATIO":0.779982050165},{"SECUCODE":"00108.HK","SECURITY_CODE":"00108","SECURITY_NAME_ABBR":"国锐生活","ORG_CODE":"10007389","STD_REPORT_DATE":"2020-12-31 00:00:00","REPORT_DATE":"2020-12-31 00:00:00","DATE_TYPE_CODE":"001","REPORT_TYPE":"2020年年报","PER_NETCASH_OPERATE":0.001007534978,"PER_OI":0.0779797875,"BPS":0.65443211277,"BASIC_EPS":0.000168328,"DILUTED_EPS":0.000168328,"OPERATE_INCOME":249486503.56,"OPERATE_INCOME_YOY":-13.7415724017,"GROSS_PROFIT":248377222.04,"GROSS_PROFIT_YOY":-20.956813955591,"HOLDER_PROFIT":464585.28,"HOLDER_PROFIT_YOY":-99.4401565939,"GROSS_PROFIT_RATIO":98.136485873811,"EPS_TTM":0.000145211308,"OPERATE_INCOME_QOQ":-16.99420221907,"NET_PROFIT_RATIO":0.2111630738,"ROE_AVG":0.015814656806,"GROSS_PROFIT_QOQ":-14.391531448406,"ROA":0.008486784754,"HOLDER_PROFIT_QOQ":-99.45224112714,"ROE_YEARLY":0.015814656806,"ROIC_YEARLY":0.008817758262,"TOTAL_ASSETS":5640674646.56,"TOTAL_LIABILITIES":2619762728.32,"TAX_EBT":81.244017979379,"OCF_SALES":1.189344959724,"TOTAL_PARENT_EQUITY":3001243633.08,"DEBT_ASSET_RATIO":46.4441382011,"OPERATE_PROFIT":163433863.4,"PRETAX_PROFIT":69468123.96,"NETCASH_OPERATE":3223481.2,"NETCASH_INVEST":12308985,"NETCASH_FINANCE":-25705368.88,"END_CASH":197387304.28,"DIVI_RATIO":null,"DIVIDEND_RATE":null,"CURRENT_RATIO":2.493627802453,"COMMON_ACS":null,"CURRENTDEBT_DEBT":26.032708707073,"ISSUED_COMMON_SHARES":3199373986,"HK_COMMON_SHARES":3199373986,"PER_SHARES":2000,"TOTAL_MARKET_CAP":2399530489.5,"HKSK_MARKET_CAP":2399530489.5,"PE_TTM":-14.25745983066,"PB_TTM":1.282294350281,"REPORT_DATE_SQ":"2019-12-31 00:00:00","REPORT_TYPE_SQ":"2019年年报","OPERATE_INCOME_SQ":334418860.06,"DPS_HKD":null,"OPERATE_INCOME_QOQ_SQ":2.526714087864,"NET_PROFIT_RATIO_SQ":26.2724099784,"HOLDER_PROFIT_SQ":88323012.22,"HOLDER_PROFIT_QOQ_SQ":470.792181952922,"ROE_AVG_SQ":2.88020938692,"PE_TTM_SQ":-3.536911478434,"PB_TTM_SQ":0.52313764644,"ROA_SQ":1.739490946749,"START_DATE":"2020-01-01 00:00:00","FISCAL_YEAR":"12-31","CURRENCY":"HKD","IS_CNY_CODE":0,"DPS_HKD_LY":null,"ORG_TYPE":"一般企业","PREMIUM_INCOME":null,"PREMIUM_INCOME_YOY":null,"NET_INTEREST_INCOME":null,"NET_INTEREST_INCOME_YOY":null,"FEE_COMMISSION_INCOME":null,"FEE_COMMISSION_INCOME_YOY":null,"ACCOUNTS_RECE_TDAYS":4.690295171715,"INVENTORY_TDAYS":0.00530968675,"CURRENT_ASSETS_TDAYS":0.157847254917,"TOTAL_ASSETS_TDAYS":0.049510241796,"PREMIUM_EXPENSE":null,"LOAN_DEPOSIT":null,"LOAN_EQUITY":null,"LOAN_ASSETS":null,"DEPOSIT_EQUITY":null,"DEPOSIT_ASSETS":null,"EQUITY_MULTIPLIER":1.867209239868,"EQUITY_RATIO":0.872892390156},{"SECUCODE":"00108.HK","SECURITY_CODE":"00108","SECURITY_NAME_ABBR":"国锐生活","ORG_CODE":"10007389","STD_REPORT_DATE":"2020-06-30 00:00:00","REPORT_DATE":"2020-06-30 00:00:00","DATE_TYPE_CODE":"002","REPORT_TYPE":"2020年中报","PER_NETCASH_OPERATE":-0.013680012962,"PER_OI":0.043459129982,"BPS":0.636823089903,"BASIC_EPS":-0.001918224,"DILUTED_EPS":-0.001918224,"OPERATE_INCOME":139042009.92,"OPERATE_INCOME_YOY":-8.5838898116,"GROSS_PROFIT":139013693.28,"GROSS_PROFIT_YOY":-6.803114111244,"HOLDER_PROFIT":-6117307.68,"HOLDER_PROFIT_YOY":-125.7162116616,"GROSS_PROFIT_RATIO":98.524213284552,"EPS_TTM":0.026510078575,"OPERATE_INCOME_QOQ":-2.362170805373,"NET_PROFIT_RATIO":-4.0930215312,"ROE_AVG":-0.199207453577,"GROSS_PROFIT_QOQ":-1.125624938488,"ROA":-0.107646813649,"HOLDER_PROFIT_QOQ":-3.971056208164,"ROE_YEARLY":-0.398414907155,"ROIC_YEARLY":-0.225143242219,"TOTAL_ASSETS":5604946395.84,"TOTAL_LIABILITIES":2563004854.08,"TAX_EBT":70.516461554644,"OCF_SALES":-29.611524485205,"TOTAL_PARENT_EQUITY":3022321764,"DEBT_ASSET_RATIO":45.7275533622,"OPERATE_PROFIT":70803474.72,"PRETAX_PROFIT":17368148.16,"NETCASH_OPERATE":-43767477.6,"NETCASH_INVEST":16320432.48,"NETCASH_FINANCE":34007371.2,"END_CASH":232109671.2,"DIVI_RATIO":null,"DIVIDEND_RATE":null,"CURRENT_RATIO":2.570479681173,"COMMON_ACS":null,"CURRENTDEBT_DEBT":26.720581977432,"ISSUED_COMMON_SHARES":3199373986,"HK_COMMON_SHARES":3199373986,"PER_SHARES":2000,"TOTAL_MARKET_CAP":2399530489.5,"HKSK_MARKET_CAP":2399530489.5,"PE_TTM":-14.25745983066,"PB_TTM":1.282294350281,"REPORT_DATE_SQ":"2019-06-30 00:00:00","REPORT_TYPE_SQ":"2019年中报","OPERATE_INCOME_SQ":155705097.96,"DPS_HKD":null,"OPERATE_INCOME_QOQ_SQ":3.039596687401,"NET_PROFIT_RATIO_SQ":-1.7959843169,"HOLDER_PROFIT_SQ":-2609951.22,"HOLDER_PROFIT_QOQ_SQ":84.3624343358,"ROE_AVG_SQ":-0.08658132458,"PE_TTM_SQ":-3.536911478434,"PB_TTM_SQ":0.52313764644,"ROA_SQ":-0.058720905493,"START_DATE":"2020-01-01 00:00:00","FISCAL_YEAR":"12-31","CURRENCY":"HKD","IS_CNY_CODE":0,"DPS_HKD_LY":null,"ORG_TYPE":"一般企业","PREMIUM_INCOME":null,"PREMIUM_INCOME_YOY":null,"NET_INTEREST_INCOME":null,"NET_INTEREST_INCOME_YOY":null,"FEE_COMMISSION_INCOME":null,"FEE_COMMISSION_INCOME_YOY":null,"ACCOUNTS_RECE_TDAYS":2.80371697227,"INVENTORY_TDAYS":0.002100826475,"CURRENT_ASSETS_TDAYS":0.08117375162,"TOTAL_ASSETS_TDAYS":0.026009476199,"PREMIUM_EXPENSE":null,"LOAN_DEPOSIT":null,"LOAN_EQUITY":null,"LOAN_ASSETS":null,"DEPOSIT_EQUITY":null,"DEPOSIT_ASSETS":null,"EQUITY_MULTIPLIER":1.842555591189,"EQUITY_RATIO":0.848025145638}],"count":42},"success":true,"message":"ok","code":0}