{"version":"9b2e9eb265d4d85d82181416a3360330","result":{"pages":6,"data":[{"SECUCODE":"00106.HK","SECURITY_CODE":"00106","SECURITY_NAME_ABBR":"朗诗绿色管理","ORG_CODE":"10007388","STD_REPORT_DATE":"2024-06-30 00:00:00","REPORT_DATE":"2024-06-30 00:00:00","DATE_TYPE_CODE":"002","REPORT_TYPE":"2024年中报","PER_NETCASH_OPERATE":-0.157858630107,"PER_OI":0.280162820272,"BPS":-0.138256348994,"BASIC_EPS":-0.149,"DILUTED_EPS":-0.149,"OPERATE_INCOME":1323015000,"OPERATE_INCOME_YOY":-66.6221802306,"GROSS_PROFIT":214605000,"GROSS_PROFIT_YOY":-70.519225934784,"HOLDER_PROFIT":-675520000,"HOLDER_PROFIT_YOY":-1810.0291231939,"GROSS_PROFIT_RATIO":16.220904524892,"EPS_TTM":-0.31784164536,"OPERATE_INCOME_QOQ":-29.212381649721,"NET_PROFIT_RATIO":-50.8464378711,"ROE_AVG":203.495622940251,"GROSS_PROFIT_QOQ":-46.221431471999,"ROA":-4.538475406979,"HOLDER_PROFIT_QOQ":-74.367821299662,"ROE_YEARLY":406.991245880503,"ROIC_YEARLY":-10.170054690089,"TOTAL_ASSETS":10415002000,"TOTAL_LIABILITIES":11120123000,"TAX_EBT":-0.232139557892,"OCF_SALES":-56.345317324445,"TOTAL_PARENT_EQUITY":-652889000,"DEBT_ASSET_RATIO":106.7702435391,"OPERATE_PROFIT":-1334891000,"PRETAX_PROFIT":-671148000,"NETCASH_OPERATE":-745457000,"NETCASH_INVEST":-191891000,"NETCASH_FINANCE":-22630000,"END_CASH":180365000,"DIVI_RATIO":null,"DIVIDEND_RATE":null,"CURRENT_RATIO":0.497955813585,"COMMON_ACS":6000000000,"CURRENTDEBT_DEBT":90.40936867335,"ISSUED_COMMON_SHARES":4722307545,"HK_COMMON_SHARES":4722307545,"PER_SHARES":4000,"TOTAL_MARKET_CAP":51945382.995,"HKSK_MARKET_CAP":51945382.995,"PE_TTM":-0.031450370252,"PB_TTM":-0.07261496541,"REPORT_DATE_SQ":"2023-06-30 00:00:00","REPORT_TYPE_SQ":"2023年中报","OPERATE_INCOME_SQ":3963755000,"DPS_HKD":null,"OPERATE_INCOME_QOQ_SQ":-12.751830239438,"NET_PROFIT_RATIO_SQ":-0.0922105428,"HOLDER_PROFIT_SQ":-35367000,"HOLDER_PROFIT_QOQ_SQ":18.23152834575,"ROE_AVG_SQ":-6.235746003592,"PE_TTM_SQ":-0.185419424423,"PB_TTM_SQ":0.959482996786,"ROA_SQ":-0.175950098568,"START_DATE":"2024-01-01 00:00:00","FISCAL_YEAR":"12-31","CURRENCY":"HKD","IS_CNY_CODE":0,"DPS_HKD_LY":null,"ORG_TYPE":"一般企业","PREMIUM_INCOME":null,"PREMIUM_INCOME_YOY":null,"NET_INTEREST_INCOME":null,"NET_INTEREST_INCOME_YOY":null,"FEE_COMMISSION_INCOME":null,"FEE_COMMISSION_INCOME_YOY":null,"ACCOUNTS_RECE_TDAYS":0.482463489725,"INVENTORY_TDAYS":0.183954068989,"CURRENT_ASSETS_TDAYS":0.136492072794,"TOTAL_ASSETS_TDAYS":0.088886650885,"PREMIUM_EXPENSE":null,"LOAN_DEPOSIT":null,"LOAN_EQUITY":null,"LOAN_ASSETS":null,"DEPOSIT_EQUITY":null,"DEPOSIT_ASSETS":null,"EQUITY_MULTIPLIER":-14.770517400515,"EQUITY_RATIO":-17.032180048982},{"SECUCODE":"00106.HK","SECURITY_CODE":"00106","SECURITY_NAME_ABBR":"朗诗绿色管理","ORG_CODE":"10007388","STD_REPORT_DATE":"2023-12-31 00:00:00","REPORT_DATE":"2023-12-31 00:00:00","DATE_TYPE_CODE":"001","REPORT_TYPE":"2023年年报","PER_NETCASH_OPERATE":-0.066982083862,"PER_OI":1.914275365138,"BPS":-0.002335087221,"BASIC_EPS":-0.189,"DILUTED_EPS":-0.189,"OPERATE_INCOME":9039797000,"OPERATE_INCOME_YOY":-35.5153300409,"GROSS_PROFIT":1110619000,"GROSS_PROFIT_YOY":-17.964784404564,"HOLDER_PROFIT":-860793000,"HOLDER_PROFIT_YOY":66.7473138425,"GROSS_PROFIT_RATIO":12.285884295853,"EPS_TTM":-0.18228228293,"OPERATE_INCOME_QOQ":-26.090518418795,"NET_PROFIT_RATIO":-9.5502033951,"ROE_AVG":-243.908403262528,"GROSS_PROFIT_QOQ":21.919033797758,"ROA":-4.376129898298,"HOLDER_PROFIT_QOQ":59.33312010764,"ROE_YEARLY":-243.908403262528,"ROIC_YEARLY":-5.210556025873,"TOTAL_ASSETS":19353585000,"TOTAL_LIABILITIES":17281301000,"TAX_EBT":-4.858511535033,"OCF_SALES":-3.49908299932,"TOTAL_PARENT_EQUITY":-11027000,"DEBT_ASSET_RATIO":89.2925057554,"OPERATE_PROFIT":-668420000,"PRETAX_PROFIT":-823318000,"NETCASH_OPERATE":-316310000,"NETCASH_INVEST":259435000,"NETCASH_FINANCE":-191171000,"END_CASH":988161000,"DIVI_RATIO":null,"DIVIDEND_RATE":null,"CURRENT_RATIO":1.263116286191,"COMMON_ACS":6000000000,"CURRENTDEBT_DEBT":65.876411735436,"ISSUED_COMMON_SHARES":4722307545,"HK_COMMON_SHARES":4722307545,"PER_SHARES":4000,"TOTAL_MARKET_CAP":70834613.175,"HKSK_MARKET_CAP":70834613.175,"PE_TTM":-0.042886868525,"PB_TTM":-0.099020407378,"REPORT_DATE_SQ":"2022-12-31 00:00:00","REPORT_TYPE_SQ":"2022年年报","OPERATE_INCOME_SQ":14018521000,"DPS_HKD":null,"OPERATE_INCOME_QOQ_SQ":36.224628765728,"NET_PROFIT_RATIO_SQ":-17.5036439293,"HOLDER_PROFIT_SQ":-2588642000,"HOLDER_PROFIT_QOQ_SQ":-208.486396239973,"ROE_AVG_SQ":-111.546533596675,"PE_TTM_SQ":-0.145110853896,"PB_TTM_SQ":0.750899736615,"ROA_SQ":-10.815267010367,"START_DATE":"2023-01-01 00:00:00","FISCAL_YEAR":"12-31","CURRENCY":"HKD","IS_CNY_CODE":0,"DPS_HKD_LY":null,"ORG_TYPE":"一般企业","PREMIUM_INCOME":null,"PREMIUM_INCOME_YOY":null,"NET_INTEREST_INCOME":null,"NET_INTEREST_INCOME_YOY":null,"FEE_COMMISSION_INCOME":null,"FEE_COMMISSION_INCOME_YOY":null,"ACCOUNTS_RECE_TDAYS":2.52105631285,"INVENTORY_TDAYS":0.816592280065,"CURRENT_ASSETS_TDAYS":0.611663880173,"TOTAL_ASSETS_TDAYS":0.45956839712,"PREMIUM_EXPENSE":null,"LOAN_DEPOSIT":null,"LOAN_EQUITY":null,"LOAN_ASSETS":null,"DEPOSIT_EQUITY":null,"DEPOSIT_ASSETS":null,"EQUITY_MULTIPLIER":9.339253210473,"EQUITY_RATIO":-1567.18064750159},{"SECUCODE":"00106.HK","SECURITY_CODE":"00106","SECURITY_NAME_ABBR":"朗诗绿色管理","ORG_CODE":"10007388","STD_REPORT_DATE":"2023-06-30 00:00:00","REPORT_DATE":"2023-06-30 00:00:00","DATE_TYPE_CODE":"002","REPORT_TYPE":"2023年中报","PER_NETCASH_OPERATE":-0.020874540478,"PER_OI":0.839368245763,"BPS":0.088404026214,"BASIC_EPS":-0.008,"DILUTED_EPS":-0.008,"OPERATE_INCOME":3963755000,"OPERATE_INCOME_YOY":-31.0815869532,"GROSS_PROFIT":727949000,"GROSS_PROFIT_YOY":-37.826402228157,"HOLDER_PROFIT":-35367000,"HOLDER_PROFIT_YOY":93.0286054451,"GROSS_PROFIT_RATIO":18.36513608939,"EPS_TTM":-0.44823277176,"OPERATE_INCOME_QOQ":-12.751830239438,"NET_PROFIT_RATIO":-0.0922105428,"ROE_AVG":-6.235746003592,"GROSS_PROFIT_QOQ":-32.713364730631,"ROA":-0.175950098568,"HOLDER_PROFIT_QOQ":18.23152834575,"ROE_YEARLY":-12.471492007183,"ROIC_YEARLY":-0.419939883659,"TOTAL_ASSETS":20214379000,"TOTAL_LIABILITIES":17385568000,"TAX_EBT":108.452625979973,"OCF_SALES":-2.486934737389,"TOTAL_PARENT_EQUITY":417471000,"DEBT_ASSET_RATIO":86.0059465591,"OPERATE_PROFIT":87942000,"PRETAX_PROFIT":43241000,"NETCASH_OPERATE":-98576000,"NETCASH_INVEST":-10334000,"NETCASH_FINANCE":-299660000,"END_CASH":873598000,"DIVI_RATIO":null,"DIVIDEND_RATE":null,"CURRENT_RATIO":1.449700652914,"COMMON_ACS":6000000000,"CURRENTDEBT_DEBT":60.722640755827,"ISSUED_COMMON_SHARES":4722307545,"HK_COMMON_SHARES":4722307545,"PER_SHARES":4000,"TOTAL_MARKET_CAP":70834613.175,"HKSK_MARKET_CAP":70834613.175,"PE_TTM":-0.042886868525,"PB_TTM":-0.099020407378,"REPORT_DATE_SQ":"2022-06-30 00:00:00","REPORT_TYPE_SQ":"2022年中报","OPERATE_INCOME_SQ":5751373000,"DPS_HKD":null,"OPERATE_INCOME_QOQ_SQ":27.422607778288,"NET_PROFIT_RATIO_SQ":-6.7866055636,"HOLDER_PROFIT_SQ":-507316000,"HOLDER_PROFIT_QOQ_SQ":-7.92780487303,"ROE_AVG_SQ":-14.942098616802,"PE_TTM_SQ":-0.145110853896,"PB_TTM_SQ":0.750899736615,"ROA_SQ":-1.874879070326,"START_DATE":"2023-01-01 00:00:00","FISCAL_YEAR":"12-31","CURRENCY":"HKD","IS_CNY_CODE":0,"DPS_HKD_LY":null,"ORG_TYPE":"一般企业","PREMIUM_INCOME":null,"PREMIUM_INCOME_YOY":null,"NET_INTEREST_INCOME":null,"NET_INTEREST_INCOME_YOY":null,"FEE_COMMISSION_INCOME":null,"FEE_COMMISSION_INCOME_YOY":null,"ACCOUNTS_RECE_TDAYS":1.031946094927,"INVENTORY_TDAYS":0.322747491899,"CURRENT_ASSETS_TDAYS":0.260064909364,"TOTAL_ASSETS_TDAYS":0.197195997102,"PREMIUM_EXPENSE":null,"LOAN_DEPOSIT":null,"LOAN_EQUITY":null,"LOAN_ASSETS":null,"DEPOSIT_EQUITY":null,"DEPOSIT_ASSETS":null,"EQUITY_MULTIPLIER":7.145892390816,"EQUITY_RATIO":41.64497174654},{"SECUCODE":"00106.HK","SECURITY_CODE":"00106","SECURITY_NAME_ABBR":"朗诗绿色管理","ORG_CODE":"10007388","STD_REPORT_DATE":"2022-12-31 00:00:00","REPORT_DATE":"2022-12-31 00:00:00","DATE_TYPE_CODE":"001","REPORT_TYPE":"2022年年报","PER_NETCASH_OPERATE":-0.102686026986,"PER_OI":2.968574339222,"BPS":0.15180290423,"BASIC_EPS":-0.569,"DILUTED_EPS":-0.569,"OPERATE_INCOME":14018521000,"OPERATE_INCOME_YOY":73.5809744096,"GROSS_PROFIT":1353832000,"GROSS_PROFIT_YOY":-18.916047331594,"HOLDER_PROFIT":-2588642000,"HOLDER_PROFIT_YOY":-232.9425957937,"GROSS_PROFIT_RATIO":9.657452451653,"EPS_TTM":-0.54817310718,"OPERATE_INCOME_QOQ":36.224628765728,"NET_PROFIT_RATIO":-17.5036439293,"ROE_AVG":-111.546533596675,"GROSS_PROFIT_QOQ":-33.686104339299,"ROA":-10.815267010367,"HOLDER_PROFIT_QOQ":-208.486396239973,"ROE_YEARLY":-111.546533596675,"ROIC_YEARLY":-13.290925191214,"TOTAL_ASSETS":19986792000,"TOTAL_LIABILITIES":17293434000,"TAX_EBT":-40.501504789215,"OCF_SALES":-3.459102425998,"TOTAL_PARENT_EQUITY":716860000,"DEBT_ASSET_RATIO":86.5243106548,"OPERATE_PROFIT":-1087847000,"PRETAX_PROFIT":-1746424000,"NETCASH_OPERATE":-484915000,"NETCASH_INVEST":-1080608000,"NETCASH_FINANCE":-1388505000,"END_CASH":1252056000,"DIVI_RATIO":null,"DIVIDEND_RATE":null,"CURRENT_RATIO":1.401136280136,"COMMON_ACS":6000000000,"CURRENTDEBT_DEBT":62.641647691257,"ISSUED_COMMON_SHARES":4722307545,"HK_COMMON_SHARES":4722307545,"PER_SHARES":4000,"TOTAL_MARKET_CAP":70834613.175,"HKSK_MARKET_CAP":70834613.175,"PE_TTM":-0.042886868525,"PB_TTM":-0.099020407378,"REPORT_DATE_SQ":"2021-12-31 00:00:00","REPORT_TYPE_SQ":"2021年年报","OPERATE_INCOME_SQ":8076070000,"DPS_HKD":null,"OPERATE_INCOME_QOQ_SQ":-16.534353680647,"NET_PROFIT_RATIO_SQ":-8.6204180994,"HOLDER_PROFIT_SQ":-777504000,"HOLDER_PROFIT_QOQ_SQ":-12.978758649551,"ROE_AVG_SQ":-17.45632265315,"PE_TTM_SQ":-0.145110853896,"PB_TTM_SQ":0.750899736615,"ROA_SQ":-2.957180175288,"START_DATE":"2022-01-01 00:00:00","FISCAL_YEAR":"12-31","CURRENCY":"HKD","IS_CNY_CODE":0,"DPS_HKD_LY":null,"ORG_TYPE":"一般企业","PREMIUM_INCOME":null,"PREMIUM_INCOME_YOY":null,"NET_INTEREST_INCOME":null,"NET_INTEREST_INCOME_YOY":null,"FEE_COMMISSION_INCOME":null,"FEE_COMMISSION_INCOME_YOY":null,"ACCOUNTS_RECE_TDAYS":3.004421809603,"INVENTORY_TDAYS":1.172521711742,"CURRENT_ASSETS_TDAYS":0.754977066499,"TOTAL_ASSETS_TDAYS":0.585689514832,"PREMIUM_EXPENSE":null,"LOAN_DEPOSIT":null,"LOAN_EQUITY":null,"LOAN_ASSETS":null,"DEPOSIT_EQUITY":null,"DEPOSIT_ASSETS":null,"EQUITY_MULTIPLIER":7.420770651382,"EQUITY_RATIO":24.123865189856},{"SECUCODE":"00106.HK","SECURITY_CODE":"00106","SECURITY_NAME_ABBR":"朗诗绿色管理","ORG_CODE":"10007388","STD_REPORT_DATE":"2022-06-30 00:00:00","REPORT_DATE":"2022-06-30 00:00:00","DATE_TYPE_CODE":"002","REPORT_TYPE":"2022年中报","PER_NETCASH_OPERATE":-0.169099321124,"PER_OI":1.217915806032,"BPS":0.606889316863,"BASIC_EPS":-0.112,"DILUTED_EPS":-0.112,"OPERATE_INCOME":5751373000,"OPERATE_INCOME_YOY":62.6195746096,"GROSS_PROFIT":1170833000,"GROSS_PROFIT_YOY":46.546650662308,"HOLDER_PROFIT":-507316000,"HOLDER_PROFIT_YOY":-13.8304197883,"GROSS_PROFIT_RATIO":20.357452037974,"EPS_TTM":-0.177697659884,"OPERATE_INCOME_QOQ":27.422607778288,"NET_PROFIT_RATIO":-6.7866055636,"ROE_AVG":-14.942098616802,"GROSS_PROFIT_QOQ":22.272944245769,"ROA":-1.874879070326,"HOLDER_PROFIT_QOQ":-7.92780487303,"ROE_YEARLY":-29.884197233605,"ROIC_YEARLY":-4.48974879661,"TOTAL_ASSETS":26233844000,"TOTAL_LIABILITIES":21484750000,"TAX_EBT":-37.05113394967,"OCF_SALES":-13.884319448591,"TOTAL_PARENT_EQUITY":2865918000,"DEBT_ASSET_RATIO":81.8970715843,"OPERATE_PROFIT":145825000,"PRETAX_PROFIT":-284801000,"NETCASH_OPERATE":-798539000,"NETCASH_INVEST":-1253862000,"NETCASH_FINANCE":-717055000,"END_CASH":1348238000,"DIVI_RATIO":null,"DIVIDEND_RATE":null,"CURRENT_RATIO":1.332896522564,"COMMON_ACS":6000000000,"CURRENTDEBT_DEBT":72.532410197931,"ISSUED_COMMON_SHARES":4722307545,"HK_COMMON_SHARES":4722307545,"PER_SHARES":4000,"TOTAL_MARKET_CAP":70834613.175,"HKSK_MARKET_CAP":70834613.175,"PE_TTM":-0.042886868525,"PB_TTM":-0.099020407378,"REPORT_DATE_SQ":"2021-06-30 00:00:00","REPORT_TYPE_SQ":"2021年中报","OPERATE_INCOME_SQ":3536704000,"DPS_HKD":null,"OPERATE_INCOME_QOQ_SQ":7.607043803742,"NET_PROFIT_RATIO_SQ":-12.4872762889,"HOLDER_PROFIT_SQ":-445677000,"HOLDER_PROFIT_QOQ_SQ":-584.271964363839,"ROE_AVG_SQ":-9.675583121282,"PE_TTM_SQ":-0.145110853896,"PB_TTM_SQ":0.750899736615,"ROA_SQ":-1.817849651466,"START_DATE":"2022-01-01 00:00:00","FISCAL_YEAR":"12-31","CURRENCY":"HKD","IS_CNY_CODE":0,"DPS_HKD_LY":null,"ORG_TYPE":"一般企业","PREMIUM_INCOME":null,"PREMIUM_INCOME_YOY":null,"NET_INTEREST_INCOME":null,"NET_INTEREST_INCOME_YOY":null,"FEE_COMMISSION_INCOME":null,"FEE_COMMISSION_INCOME_YOY":null,"ACCOUNTS_RECE_TDAYS":null,"INVENTORY_TDAYS":0.37343742911,"CURRENT_ASSETS_TDAYS":0.26920235941,"TOTAL_ASSETS_TDAYS":0.212552508956,"PREMIUM_EXPENSE":null,"LOAN_DEPOSIT":null,"LOAN_EQUITY":null,"LOAN_ASSETS":null,"DEPOSIT_EQUITY":null,"DEPOSIT_ASSETS":null,"EQUITY_MULTIPLIER":5.523968150549,"EQUITY_RATIO":7.496638075479},{"SECUCODE":"00106.HK","SECURITY_CODE":"00106","SECURITY_NAME_ABBR":"朗诗绿色管理","ORG_CODE":"10007388","STD_REPORT_DATE":"2021-12-31 00:00:00","REPORT_DATE":"2021-12-31 00:00:00","DATE_TYPE_CODE":"001","REPORT_TYPE":"2021年年报","PER_NETCASH_OPERATE":-0.676344556038,"PER_OI":1.710195687816,"BPS":0.831057054756,"BASIC_EPS":-0.169,"DILUTED_EPS":-0.169,"OPERATE_INCOME":8076070000,"OPERATE_INCOME_YOY":-10.1850854041,"GROSS_PROFIT":1669667000,"GROSS_PROFIT_YOY":-2.255880744783,"HOLDER_PROFIT":-777504000,"HOLDER_PROFIT_YOY":-673.0819711252,"GROSS_PROFIT_RATIO":20.674251213771,"EPS_TTM":-0.16464493102,"OPERATE_INCOME_QOQ":-16.534353680647,"NET_PROFIT_RATIO":-8.6204180994,"ROE_AVG":-17.45632265315,"GROSS_PROFIT_QOQ":-16.597675358389,"ROA":-2.957180175288,"HOLDER_PROFIT_QOQ":-12.978758649551,"ROE_YEARLY":-17.45632265315,"ROIC_YEARLY":-3.769464883216,"TOTAL_ASSETS":27883353000,"TOTAL_LIABILITIES":22302091000,"TAX_EBT":-37.340159002584,"OCF_SALES":-39.547787475839,"TOTAL_PARENT_EQUITY":3924507000,"DEBT_ASSET_RATIO":79.9835335442,"OPERATE_PROFIT":-369800000,"PRETAX_PROFIT":-506910000,"NETCASH_OPERATE":-3193907000,"NETCASH_INVEST":636289000,"NETCASH_FINANCE":1505018000,"END_CASH":4031310000,"DIVI_RATIO":null,"DIVIDEND_RATE":null,"CURRENT_RATIO":1.285292621062,"COMMON_ACS":6000000000,"CURRENTDEBT_DEBT":76.60263335846,"ISSUED_COMMON_SHARES":4722307545,"HK_COMMON_SHARES":4722307545,"PER_SHARES":4000,"TOTAL_MARKET_CAP":56667690.54,"HKSK_MARKET_CAP":56667690.54,"PE_TTM":-0.03430949482,"PB_TTM":-0.079216325902,"REPORT_DATE_SQ":"2020-12-31 00:00:00","REPORT_TYPE_SQ":"2020年年报","OPERATE_INCOME_SQ":8991903000,"DPS_HKD":null,"OPERATE_INCOME_QOQ_SQ":-3.523935699383,"NET_PROFIT_RATIO_SQ":0.3624483049,"HOLDER_PROFIT_SQ":-100572000,"HOLDER_PROFIT_QOQ_SQ":-109.576306610919,"ROE_AVG_SQ":-1.956238091051,"PE_TTM_SQ":-0.128987425685,"PB_TTM_SQ":0.667466432547,"ROA_SQ":-0.39796606466,"START_DATE":"2021-01-01 00:00:00","FISCAL_YEAR":"12-31","CURRENCY":"HKD","IS_CNY_CODE":0,"DPS_HKD_LY":0.03,"ORG_TYPE":"一般企业","PREMIUM_INCOME":null,"PREMIUM_INCOME_YOY":null,"NET_INTEREST_INCOME":null,"NET_INTEREST_INCOME_YOY":null,"FEE_COMMISSION_INCOME":null,"FEE_COMMISSION_INCOME_YOY":null,"ACCOUNTS_RECE_TDAYS":1.454271123596,"INVENTORY_TDAYS":0.748240195689,"CURRENT_ASSETS_TDAYS":0.40940184506,"TOTAL_ASSETS_TDAYS":0.307167475643,"PREMIUM_EXPENSE":null,"LOAN_DEPOSIT":null,"LOAN_EQUITY":null,"LOAN_ASSETS":null,"DEPOSIT_EQUITY":null,"DEPOSIT_ASSETS":null,"EQUITY_MULTIPLIER":4.995886772564,"EQUITY_RATIO":5.682775186794},{"SECUCODE":"00106.HK","SECURITY_CODE":"00106","SECURITY_NAME_ABBR":"朗诗绿色管理","ORG_CODE":"10007388","STD_REPORT_DATE":"2021-06-30 00:00:00","REPORT_DATE":"2021-06-30 00:00:00","DATE_TYPE_CODE":"002","REPORT_TYPE":"2021年中报","PER_NETCASH_OPERATE":-0.589238835778,"PER_OI":0.748935550321,"BPS":0.895519819432,"BASIC_EPS":-0.097,"DILUTED_EPS":-0.097,"OPERATE_INCOME":3536704000,"OPERATE_INCOME_YOY":23.9780333342,"GROSS_PROFIT":798949000,"GROSS_PROFIT_YOY":58.142586815727,"HOLDER_PROFIT":-445677000,"HOLDER_PROFIT_YOY":-413.9963504935,"GROSS_PROFIT_RATIO":22.590213939306,"EPS_TTM":-0.145730872766,"OPERATE_INCOME_QOQ":7.607043803742,"NET_PROFIT_RATIO":-12.4872762889,"ROE_AVG":-9.675583121282,"GROSS_PROFIT_QOQ":17.195917110506,"ROA":-1.817849651466,"HOLDER_PROFIT_QOQ":-584.271964363839,"ROE_YEARLY":-19.351166242565,"ROIC_YEARLY":-4.732708938193,"TOTAL_ASSETS":24332633000,"TOTAL_LIABILITIES":18241547000,"TAX_EBT":-42.83616652436,"OCF_SALES":-78.676841488572,"TOTAL_PARENT_EQUITY":4228920000,"DEBT_ASSET_RATIO":74.9674192678,"OPERATE_PROFIT":-241666000,"PRETAX_PROFIT":-309192000,"NETCASH_OPERATE":-2782567000,"NETCASH_INVEST":613928000,"NETCASH_FINANCE":994062000,"END_CASH":3860117000,"DIVI_RATIO":null,"DIVIDEND_RATE":null,"CURRENT_RATIO":1.459614138132,"COMMON_ACS":6000000000,"CURRENTDEBT_DEBT":65.72418994946,"ISSUED_COMMON_SHARES":4722307545,"HK_COMMON_SHARES":4722307545,"PER_SHARES":4000,"TOTAL_MARKET_CAP":56667690.54,"HKSK_MARKET_CAP":56667690.54,"PE_TTM":-0.03430949482,"PB_TTM":-0.079216325902,"REPORT_DATE_SQ":"2020-06-30 00:00:00","REPORT_TYPE_SQ":"2020年中报","OPERATE_INCOME_SQ":2852686000,"DPS_HKD":null,"OPERATE_INCOME_QOQ_SQ":8.898639810673,"NET_PROFIT_RATIO_SQ":6.5921030215,"HOLDER_PROFIT_SQ":141937000,"HOLDER_PROFIT_QOQ_SQ":-10.386682628763,"ROE_AVG_SQ":2.74739621895,"PE_TTM_SQ":-0.128987425685,"PB_TTM_SQ":0.667466432547,"ROA_SQ":0.550785460183,"START_DATE":"2021-01-01 00:00:00","FISCAL_YEAR":"12-31","CURRENCY":"HKD","IS_CNY_CODE":0,"DPS_HKD_LY":0.03,"ORG_TYPE":"一般企业","PREMIUM_INCOME":null,"PREMIUM_INCOME_YOY":null,"NET_INTEREST_INCOME":null,"NET_INTEREST_INCOME_YOY":null,"FEE_COMMISSION_INCOME":null,"FEE_COMMISSION_INCOME_YOY":null,"ACCOUNTS_RECE_TDAYS":0.68286975269,"INVENTORY_TDAYS":0.418932709377,"CURRENT_ASSETS_TDAYS":0.202128730257,"TOTAL_ASSETS_TDAYS":0.144256852692,"PREMIUM_EXPENSE":null,"LOAN_DEPOSIT":null,"LOAN_EQUITY":null,"LOAN_ASSETS":null,"DEPOSIT_EQUITY":null,"DEPOSIT_ASSETS":null,"EQUITY_MULTIPLIER":3.994793867632,"EQUITY_RATIO":4.31352378385},{"SECUCODE":"00106.HK","SECURITY_CODE":"00106","SECURITY_NAME_ABBR":"朗诗绿色管理","ORG_CODE":"10007388","STD_REPORT_DATE":"2020-12-31 00:00:00","REPORT_DATE":"2020-12-31 00:00:00","DATE_TYPE_CODE":"001","REPORT_TYPE":"2020年年报","PER_NETCASH_OPERATE":0.366961910779,"PER_OI":1.904133289565,"BPS":1.055307379393,"BASIC_EPS":-0.022,"DILUTED_EPS":-0.022,"OPERATE_INCOME":8991903000,"OPERATE_INCOME_YOY":5.0611217662,"GROSS_PROFIT":1708202000,"GROSS_PROFIT_YOY":-29.374121157019,"HOLDER_PROFIT":-100572000,"HOLDER_PROFIT_YOY":-108.5816460357,"GROSS_PROFIT_RATIO":18.997113291814,"EPS_TTM":-0.021297215194,"OPERATE_INCOME_QOQ":-3.523935699383,"NET_PROFIT_RATIO":0.3624483049,"ROE_AVG":-1.956238091051,"GROSS_PROFIT_QOQ":-28.316381127113,"ROA":-0.39796606466,"HOLDER_PROFIT_QOQ":-109.576306610919,"ROE_YEARLY":-1.956238091051,"ROIC_YEARLY":-0.508070953524,"TOTAL_ASSETS":24700795000,"TOTAL_LIABILITIES":19205656000,"TAX_EBT":93.753390105014,"OCF_SALES":19.271860472694,"TOTAL_PARENT_EQUITY":4983486000,"DEBT_ASSET_RATIO":77.7531897253,"OPERATE_PROFIT":279645000,"PRETAX_PROFIT":521739000,"NETCASH_OPERATE":1732907000,"NETCASH_INVEST":-89001000,"NETCASH_FINANCE":-926122000,"END_CASH":5131678000,"DIVI_RATIO":null,"DIVIDEND_RATE":null,"CURRENT_RATIO":1.519727112554,"COMMON_ACS":6000000000,"CURRENTDEBT_DEBT":59.940670602452,"ISSUED_COMMON_SHARES":4722307545,"HK_COMMON_SHARES":4722307545,"PER_SHARES":4000,"TOTAL_MARKET_CAP":56667690.54,"HKSK_MARKET_CAP":56667690.54,"PE_TTM":-0.03430949482,"PB_TTM":-0.079216325902,"REPORT_DATE_SQ":"2019-12-31 00:00:00","REPORT_TYPE_SQ":"2019年年报","OPERATE_INCOME_SQ":8558735000,"DPS_HKD":null,"OPERATE_INCOME_QOQ_SQ":12.124390004258,"NET_PROFIT_RATIO_SQ":17.5041521907,"HOLDER_PROFIT_SQ":1171943000,"HOLDER_PROFIT_QOQ_SQ":7.060684984191,"ROE_AVG_SQ":24.208063970235,"PE_TTM_SQ":-0.128987425685,"PB_TTM_SQ":0.667466432547,"ROA_SQ":4.454576522685,"START_DATE":"2020-01-01 00:00:00","FISCAL_YEAR":"12-31","CURRENCY":"HKD","IS_CNY_CODE":0,"DPS_HKD_LY":0.082,"ORG_TYPE":"一般企业","PREMIUM_INCOME":null,"PREMIUM_INCOME_YOY":null,"NET_INTEREST_INCOME":null,"NET_INTEREST_INCOME_YOY":null,"FEE_COMMISSION_INCOME":null,"FEE_COMMISSION_INCOME_YOY":null,"ACCOUNTS_RECE_TDAYS":1.679901043196,"INVENTORY_TDAYS":1.228661752942,"CURRENT_ASSETS_TDAYS":0.509996871755,"TOTAL_ASSETS_TDAYS":0.355811980543,"PREMIUM_EXPENSE":null,"LOAN_DEPOSIT":null,"LOAN_EQUITY":null,"LOAN_ASSETS":null,"DEPOSIT_EQUITY":null,"DEPOSIT_ASSETS":null,"EQUITY_MULTIPLIER":4.49502642245,"EQUITY_RATIO":3.853859727909},{"SECUCODE":"00106.HK","SECURITY_CODE":"00106","SECURITY_NAME_ABBR":"朗诗绿色管理","ORG_CODE":"10007388","STD_REPORT_DATE":"2020-06-30 00:00:00","REPORT_DATE":"2020-06-30 00:00:00","DATE_TYPE_CODE":"002","REPORT_TYPE":"2020年中报","PER_NETCASH_OPERATE":0.052302184397,"PER_OI":0.604087296902,"BPS":1.065956834033,"BASIC_EPS":0.031,"DILUTED_EPS":0.031,"OPERATE_INCOME":2852686000,"OPERATE_INCOME_YOY":36.4219839078,"GROSS_PROFIT":505208000,"GROSS_PROFIT_YOY":-6.598113873806,"HOLDER_PROFIT":141937000,"HOLDER_PROFIT_YOY":-46.1672665486,"GROSS_PROFIT_RATIO":17.709905681873,"EPS_TTM":0.222394875809,"OPERATE_INCOME_QOQ":8.898639810673,"NET_PROFIT_RATIO":6.5921030215,"ROE_AVG":2.74739621895,"GROSS_PROFIT_QOQ":-1.475567286555,"ROA":0.550785460183,"HOLDER_PROFIT_QOQ":-10.386682628763,"ROE_YEARLY":5.4947924379,"ROIC_YEARLY":1.352762929433,"TOTAL_ASSETS":25697642000,"TOTAL_LIABILITIES":20211879000,"TAX_EBT":38.745077345529,"OCF_SALES":8.658050693276,"TOTAL_PARENT_EQUITY":5033776000,"DEBT_ASSET_RATIO":78.6526600378,"OPERATE_PROFIT":176211000,"PRETAX_PROFIT":306999000,"NETCASH_OPERATE":246987000,"NETCASH_INVEST":-876168000,"NETCASH_FINANCE":-149681000,"END_CASH":3808425000,"DIVI_RATIO":null,"DIVIDEND_RATE":null,"CURRENT_RATIO":1.503693183221,"COMMON_ACS":6000000000,"CURRENTDEBT_DEBT":57.106076085257,"ISSUED_COMMON_SHARES":4722307545,"HK_COMMON_SHARES":4722307545,"PER_SHARES":4000,"TOTAL_MARKET_CAP":56667690.54,"HKSK_MARKET_CAP":56667690.54,"PE_TTM":-0.03430949482,"PB_TTM":-0.079216325902,"REPORT_DATE_SQ":"2019-06-30 00:00:00","REPORT_TYPE_SQ":"2019年中报","OPERATE_INCOME_SQ":2091075000,"DPS_HKD":null,"OPERATE_INCOME_QOQ_SQ":0.961890746755,"NET_PROFIT_RATIO_SQ":22.0331647598,"HOLDER_PROFIT_SQ":263663000,"HOLDER_PROFIT_QOQ_SQ":-1.628452857454,"ROE_AVG_SQ":5.966933300262,"PE_TTM_SQ":-0.128987425685,"PB_TTM_SQ":0.667466432547,"ROA_SQ":0.981875706474,"START_DATE":"2020-01-01 00:00:00","FISCAL_YEAR":"12-31","CURRENCY":"HKD","IS_CNY_CODE":0,"DPS_HKD_LY":0.082,"ORG_TYPE":"一般企业","PREMIUM_INCOME":null,"PREMIUM_INCOME_YOY":null,"NET_INTEREST_INCOME":null,"NET_INTEREST_INCOME_YOY":null,"FEE_COMMISSION_INCOME":null,"FEE_COMMISSION_INCOME_YOY":null,"ACCOUNTS_RECE_TDAYS":0.59559377036,"INVENTORY_TDAYS":0.332702126408,"CURRENT_ASSETS_TDAYS":0.162437789387,"TOTAL_ASSETS_TDAYS":0.110698265517,"PREMIUM_EXPENSE":null,"LOAN_DEPOSIT":null,"LOAN_EQUITY":null,"LOAN_ASSETS":null,"DEPOSIT_EQUITY":null,"DEPOSIT_ASSETS":null,"EQUITY_MULTIPLIER":4.684424390911,"EQUITY_RATIO":4.015251969893}],"count":49},"success":true,"message":"ok","code":0}