{"version":"b6728868467d8f7db1cd3dcd195279c2","result":{"pages":6,"data":[{"SECUCODE":"00103.HK","SECURITY_CODE":"00103","SECURITY_NAME_ABBR":"首佳科技","ORG_CODE":"10007385","STD_REPORT_DATE":"2024-06-30 00:00:00","REPORT_DATE":"2024-06-30 00:00:00","DATE_TYPE_CODE":"002","REPORT_TYPE":"2024年中报","PER_NETCASH_OPERATE":0.04113902262,"PER_OI":0.587532482945,"BPS":0.667058963386,"BASIC_EPS":0.019805156,"DILUTED_EPS":0.019805156,"OPERATE_INCOME":1150612937.96,"OPERATE_INCOME_YOY":2.0768440391,"GROSS_PROFIT":180560047.8,"GROSS_PROFIT_YOY":8.735656216731,"HOLDER_PROFIT":38809891.64,"HOLDER_PROFIT_YOY":36.554271034,"GROSS_PROFIT_RATIO":15.692509778321,"EPS_TTM":0.034081005453,"OPERATE_INCOME_QOQ":0.527484863606,"NET_PROFIT_RATIO":3.3729754255,"ROE_AVG":2.496007081304,"GROSS_PROFIT_QOQ":4.278063749112,"ROA":1.259167705042,"HOLDER_PROFIT_QOQ":17.829604268034,"ROE_YEARLY":4.992014162608,"ROIC_YEARLY":2.609875398289,"TOTAL_ASSETS":3141439996.6,"TOTAL_LIABILITIES":1573812614.48,"TAX_EBT":7.743209233707,"OCF_SALES":7.001999687474,"TOTAL_PARENT_EQUITY":1567627382.12,"DEBT_ASSET_RATIO":50.0984458141,"OPERATE_PROFIT":54517114.44,"PRETAX_PROFIT":42067246.56,"NETCASH_OPERATE":80565914.32,"NETCASH_INVEST":-33530950.52,"NETCASH_FINANCE":29167427.44,"END_CASH":145809756.8,"DIVI_RATIO":0.265901779582,"DIVIDEND_RATE":2.380952380952,"CURRENT_RATIO":1.198333599154,"COMMON_ACS":null,"CURRENTDEBT_DEBT":98.172334964445,"ISSUED_COMMON_SHARES":2350058193,"HK_COMMON_SHARES":2350058193,"PER_SHARES":2000,"TOTAL_MARKET_CAP":987024441.06,"HKSK_MARKET_CAP":987024441.06,"PE_TTM":13.358205430578,"PB_TTM":0.574650249888,"REPORT_DATE_SQ":"2023-06-30 00:00:00","REPORT_TYPE_SQ":"2023年中报","OPERATE_INCOME_SQ":1138688633.06,"DPS_HKD":0.01,"OPERATE_INCOME_QOQ_SQ":3.031530260881,"NET_PROFIT_RATIO_SQ":2.5213615352,"HOLDER_PROFIT_SQ":28710457.2,"HOLDER_PROFIT_QOQ_SQ":6.607493445083,"ROE_AVG_SQ":1.876069748345,"PE_TTM_SQ":8.479931164358,"PB_TTM_SQ":0.248632831,"ROA_SQ":0.953818666942,"START_DATE":"2024-01-01 00:00:00","FISCAL_YEAR":"12-31","CURRENCY":"HKD","IS_CNY_CODE":0,"DPS_HKD_LY":0.01,"ORG_TYPE":"一般企业","PREMIUM_INCOME":null,"PREMIUM_INCOME_YOY":null,"NET_INTEREST_INCOME":null,"NET_INTEREST_INCOME_YOY":null,"FEE_COMMISSION_INCOME":null,"FEE_COMMISSION_INCOME_YOY":null,"ACCOUNTS_RECE_TDAYS":0.906838602198,"INVENTORY_TDAYS":2.910423709205,"CURRENT_ASSETS_TDAYS":0.649751543015,"TOTAL_ASSETS_TDAYS":0.373310666755,"PREMIUM_EXPENSE":null,"LOAN_DEPOSIT":null,"LOAN_EQUITY":null,"LOAN_ASSETS":null,"DEPOSIT_EQUITY":null,"DEPOSIT_ASSETS":null,"EQUITY_MULTIPLIER":2.003945601122,"EQUITY_RATIO":1.003945601123},{"SECUCODE":"00103.HK","SECURITY_CODE":"00103","SECURITY_NAME_ABBR":"首佳科技","ORG_CODE":"10007385","STD_REPORT_DATE":"2023-12-31 00:00:00","REPORT_DATE":"2023-12-31 00:00:00","DATE_TYPE_CODE":"001","REPORT_TYPE":"2023年年报","PER_NETCASH_OPERATE":0.067880988466,"PER_OI":1.148149833086,"BPS":0.651564914699,"BASIC_EPS":0.028727174,"DILUTED_EPS":0.02401483,"OPERATE_INCOME":2260596601.48,"OPERATE_INCOME_YOY":1.2292623858,"GROSS_PROFIT":339076712.52,"GROSS_PROFIT_YOY":14.839473414279,"HOLDER_PROFIT":56644187.32,"HOLDER_PROFIT_YOY":30.6072130051,"GROSS_PROFIT_RATIO":14.999434764168,"EPS_TTM":0.028769402809,"OPERATE_INCOME_QOQ":-0.324868754297,"NET_PROFIT_RATIO":2.5057185029,"ROE_AVG":3.734582137386,"GROSS_PROFIT_QOQ":6.210495616014,"ROA":1.882830221615,"HOLDER_PROFIT_QOQ":24.288321776231,"ROE_YEARLY":3.734582137386,"ROIC_YEARLY":1.948248879397,"TOTAL_ASSETS":3001535666.78,"TOTAL_LIABILITIES":1470320200.72,"TAX_EBT":10.282761590355,"OCF_SALES":5.912206448178,"TOTAL_PARENT_EQUITY":1531215466.06,"DEBT_ASSET_RATIO":48.9855981721,"OPERATE_PROFIT":80276592.48,"PRETAX_PROFIT":63136347.4,"NETCASH_OPERATE":133651138.04,"NETCASH_INVEST":-77737364.04,"NETCASH_FINANCE":-115055503.64,"END_CASH":69903998.36,"DIVI_RATIO":0.31499437302,"DIVIDEND_RATE":2.325581395349,"CURRENT_RATIO":1.16137245446,"COMMON_ACS":null,"CURRENTDEBT_DEBT":98.28207011999,"ISSUED_COMMON_SHARES":2350058193,"HK_COMMON_SHARES":2350058193,"PER_SHARES":2000,"TOTAL_MARKET_CAP":1010525022.99,"HKSK_MARKET_CAP":1010525022.99,"PE_TTM":13.67625794083,"PB_TTM":0.588332398695,"REPORT_DATE_SQ":"2022-12-31 00:00:00","REPORT_TYPE_SQ":"2022年年报","OPERATE_INCOME_SQ":2201233451.34,"DPS_HKD":0.01,"OPERATE_INCOME_QOQ_SQ":-0.2791778465,"NET_PROFIT_RATIO_SQ":1.9420982192,"HOLDER_PROFIT_SQ":42750115.66,"HOLDER_PROFIT_QOQ_SQ":-11.912178402899,"ROE_AVG_SQ":2.822907084666,"PE_TTM_SQ":9.495216392292,"PB_TTM_SQ":0.278401143455,"ROA_SQ":1.310970841048,"START_DATE":"2023-01-01 00:00:00","FISCAL_YEAR":"12-31","CURRENCY":"HKD","IS_CNY_CODE":0,"DPS_HKD_LY":0.0073,"ORG_TYPE":"一般企业","PREMIUM_INCOME":null,"PREMIUM_INCOME_YOY":null,"NET_INTEREST_INCOME":null,"NET_INTEREST_INCOME_YOY":null,"FEE_COMMISSION_INCOME":null,"FEE_COMMISSION_INCOME_YOY":null,"ACCOUNTS_RECE_TDAYS":1.935283511873,"INVENTORY_TDAYS":5.490933762864,"CURRENT_ASSETS_TDAYS":1.319091185265,"TOTAL_ASSETS_TDAYS":0.75141330497,"PREMIUM_EXPENSE":null,"LOAN_DEPOSIT":null,"LOAN_EQUITY":null,"LOAN_ASSETS":null,"DEPOSIT_EQUITY":null,"DEPOSIT_ASSETS":null,"EQUITY_MULTIPLIER":1.960230766546,"EQUITY_RATIO":0.960230766545},{"SECUCODE":"00103.HK","SECURITY_CODE":"00103","SECURITY_NAME_ABBR":"首佳科技","ORG_CODE":"10007385","STD_REPORT_DATE":"2023-06-30 00:00:00","REPORT_DATE":"2023-06-30 00:00:00","DATE_TYPE_CODE":"002","REPORT_TYPE":"2023年中报","PER_NETCASH_OPERATE":0.023673078468,"PER_OI":0.577710773637,"BPS":0.652024980192,"BASIC_EPS":0.014567284,"DILUTED_EPS":0.010326176,"OPERATE_INCOME":1138688633.06,"OPERATE_INCOME_YOY":-1.4699957638,"GROSS_PROFIT":166054129.88,"GROSS_PROFIT_YOY":16.885305501629,"HOLDER_PROFIT":28710457.2,"HOLDER_PROFIT_YOY":2.8775314678,"GROSS_PROFIT_RATIO":14.582926803595,"EPS_TTM":0.023122272108,"OPERATE_INCOME_QOQ":3.031530260881,"NET_PROFIT_RATIO":2.5213615352,"ROE_AVG":1.876069748345,"GROSS_PROFIT_QOQ":8.124411573655,"ROA":0.953818666942,"HOLDER_PROFIT_QOQ":6.607493445083,"ROE_YEARLY":3.75213949669,"ROIC_YEARLY":1.995153391833,"TOTAL_ASSETS":2952284143.74,"TOTAL_LIABILITIES":1419987497,"TAX_EBT":7.959684331865,"OCF_SALES":4.097738790508,"TOTAL_PARENT_EQUITY":1532296646.74,"DEBT_ASSET_RATIO":48.097927837,"OPERATE_PROFIT":42388952.48,"PRETAX_PROFIT":31193349.34,"NETCASH_OPERATE":46660485.82,"NETCASH_INVEST":-18905199.9,"NETCASH_FINANCE":-28408969.74,"END_CASH":129636841.86,"DIVI_RATIO":0.391925151542,"DIVIDEND_RATE":2.352941176471,"CURRENT_RATIO":1.237395400842,"COMMON_ACS":null,"CURRENTDEBT_DEBT":98.255169950979,"ISSUED_COMMON_SHARES":2350058193,"HK_COMMON_SHARES":2350058193,"PER_SHARES":2000,"TOTAL_MARKET_CAP":998774732.025,"HKSK_MARKET_CAP":998774732.025,"PE_TTM":13.517231685704,"PB_TTM":0.581491324292,"REPORT_DATE_SQ":"2022-06-30 00:00:00","REPORT_TYPE_SQ":"2022年中报","OPERATE_INCOME_SQ":1071957574.87,"DPS_HKD":0.01,"OPERATE_INCOME_QOQ_SQ":0.186964990474,"NET_PROFIT_RATIO_SQ":2.41481069,"HOLDER_PROFIT_SQ":25885746.11,"HOLDER_PROFIT_QOQ_SQ":-26.608668277966,"ROE_AVG_SQ":1.760854452747,"PE_TTM_SQ":8.363871460445,"PB_TTM_SQ":0.245229943384,"ROA_SQ":0.781781689484,"START_DATE":"2023-01-01 00:00:00","FISCAL_YEAR":"12-31","CURRENCY":"HKD","IS_CNY_CODE":0,"DPS_HKD_LY":0.0073,"ORG_TYPE":"一般企业","PREMIUM_INCOME":null,"PREMIUM_INCOME_YOY":null,"NET_INTEREST_INCOME":null,"NET_INTEREST_INCOME_YOY":null,"FEE_COMMISSION_INCOME":null,"FEE_COMMISSION_INCOME_YOY":null,"ACCOUNTS_RECE_TDAYS":0.993305296649,"INVENTORY_TDAYS":2.704318178905,"CURRENT_ASSETS_TDAYS":0.649546977946,"TOTAL_ASSETS_TDAYS":0.378295081294,"PREMIUM_EXPENSE":null,"LOAN_DEPOSIT":null,"LOAN_EQUITY":null,"LOAN_ASSETS":null,"DEPOSIT_EQUITY":null,"DEPOSIT_ASSETS":null,"EQUITY_MULTIPLIER":1.926705347832,"EQUITY_RATIO":0.926705347833},{"SECUCODE":"00103.HK","SECURITY_CODE":"00103","SECURITY_NAME_ABBR":"首佳科技","ORG_CODE":"10007385","STD_REPORT_DATE":"2022-12-31 00:00:00","REPORT_DATE":"2022-12-31 00:00:00","DATE_TYPE_CODE":"001","REPORT_TYPE":"2022年年报","PER_NETCASH_OPERATE":0.081274626946,"PER_OI":1.116595300447,"BPS":0.630117200511,"BASIC_EPS":0.021795788,"DILUTED_EPS":0.015274917,"OPERATE_INCOME":2201233451.34,"OPERATE_INCOME_YOY":-8.5560020929,"GROSS_PROFIT":295261465.8,"GROSS_PROFIT_YOY":-12.885166267149,"HOLDER_PROFIT":42750115.66,"HOLDER_PROFIT_YOY":-40.8276561283,"GROSS_PROFIT_RATIO":13.413455334338,"EPS_TTM":0.021685377446,"OPERATE_INCOME_QOQ":-0.2791778465,"NET_PROFIT_RATIO":1.9420982192,"ROE_AVG":2.822907084666,"GROSS_PROFIT_QOQ":1.043511641912,"ROA":1.310970841048,"HOLDER_PROFIT_QOQ":-11.912178402899,"ROE_YEARLY":2.822907084666,"ROIC_YEARLY":1.351565831575,"TOTAL_ASSETS":2972293396.1,"TOTAL_LIABILITIES":1491481306.49,"TAX_EBT":17.039938982111,"OCF_SALES":7.27878998897,"TOTAL_PARENT_EQUITY":1480812089.61,"DEBT_ASSET_RATIO":50.1794778553,"OPERATE_PROFIT":96743820.81,"PRETAX_PROFIT":51530959.76,"NETCASH_OPERATE":160223160.09,"NETCASH_INVEST":-22804289.83,"NETCASH_FINANCE":-64494987.27,"END_CASH":130245018.89,"DIVI_RATIO":0.417894501605,"DIVIDEND_RATE":2.325581395349,"CURRENT_RATIO":1.176183877957,"COMMON_ACS":null,"CURRENTDEBT_DEBT":98.289799225843,"ISSUED_COMMON_SHARES":2350058193,"HK_COMMON_SHARES":2350058193,"PER_SHARES":2000,"TOTAL_MARKET_CAP":1010525022.99,"HKSK_MARKET_CAP":1010525022.99,"PE_TTM":13.67625794083,"PB_TTM":0.588332398695,"REPORT_DATE_SQ":"2021-12-31 00:00:00","REPORT_TYPE_SQ":"2021年年报","OPERATE_INCOME_SQ":2203276656,"DPS_HKD":0.01,"OPERATE_INCOME_QOQ_SQ":10.285427660794,"NET_PROFIT_RATIO_SQ":3.0012876604,"HOLDER_PROFIT_SQ":66126670.4,"HOLDER_PROFIT_QOQ_SQ":-51.197658370516,"ROE_AVG_SQ":4.787840345335,"PE_TTM_SQ":9.495216392292,"PB_TTM_SQ":0.278401143455,"ROA_SQ":2.202098090688,"START_DATE":"2022-01-01 00:00:00","FISCAL_YEAR":"12-31","CURRENCY":"HKD","IS_CNY_CODE":0,"DPS_HKD_LY":0.015,"ORG_TYPE":"一般企业","PREMIUM_INCOME":null,"PREMIUM_INCOME_YOY":null,"NET_INTEREST_INCOME":null,"NET_INTEREST_INCOME_YOY":null,"FEE_COMMISSION_INCOME":null,"FEE_COMMISSION_INCOME_YOY":null,"ACCOUNTS_RECE_TDAYS":1.74355429393,"INVENTORY_TDAYS":4.815499316731,"CURRENT_ASSETS_TDAYS":1.132433709847,"TOTAL_ASSETS_TDAYS":0.675028084601,"PREMIUM_EXPENSE":null,"LOAN_DEPOSIT":null,"LOAN_EQUITY":null,"LOAN_ASSETS":null,"DEPOSIT_EQUITY":null,"DEPOSIT_ASSETS":null,"EQUITY_MULTIPLIER":2.007204976888,"EQUITY_RATIO":1.007204976887},{"SECUCODE":"00103.HK","SECURITY_CODE":"00103","SECURITY_NAME_ABBR":"首佳科技","ORG_CODE":"10007385","STD_REPORT_DATE":"2022-06-30 00:00:00","REPORT_DATE":"2022-06-30 00:00:00","DATE_TYPE_CODE":"002","REPORT_TYPE":"2022年中报","PER_NETCASH_OPERATE":0.016559118753,"PER_OI":0.543760040376,"BPS":0.620468285723,"BASIC_EPS":0.013255445,"DILUTED_EPS":0.0085519,"OPERATE_INCOME":1071957574.87,"OPERATE_INCOME_YOY":-2.3269821777,"GROSS_PROFIT":142065873.18,"GROSS_PROFIT_YOY":-24.748184325562,"HOLDER_PROFIT":25885746.11,"HOLDER_PROFIT_YOY":-42.0755511329,"GROSS_PROFIT_RATIO":13.252938036958,"EPS_TTM":0.024617906372,"OPERATE_INCOME_QOQ":0.186964990474,"NET_PROFIT_RATIO":2.41481069,"ROE_AVG":1.760854452747,"GROSS_PROFIT_QOQ":-13.784831586637,"ROA":0.781781689484,"HOLDER_PROFIT_QOQ":-26.608668277966,"ROE_YEARLY":3.521708905494,"ROIC_YEARLY":1.61201161411,"TOTAL_ASSETS":3223955125.3,"TOTAL_LIABILITIES":1765818546.94,"TAX_EBT":10.824028518399,"OCF_SALES":3.045298941421,"TOTAL_PARENT_EQUITY":1458136578.36,"DEBT_ASSET_RATIO":54.7718091075,"OPERATE_PROFIT":49103299.42,"PRETAX_PROFIT":29027714.17,"NETCASH_OPERATE":32644312.68,"NETCASH_INVEST":-53101312.67,"NETCASH_FINANCE":98177522.38,"END_CASH":136183021.17,"DIVI_RATIO":0.368114163038,"DIVIDEND_RATE":2.352941176471,"CURRENT_RATIO":1.136616917276,"COMMON_ACS":null,"CURRENTDEBT_DEBT":98.821595621132,"ISSUED_COMMON_SHARES":2350058193,"HK_COMMON_SHARES":2350058193,"PER_SHARES":2000,"TOTAL_MARKET_CAP":998774732.025,"HKSK_MARKET_CAP":998774732.025,"PE_TTM":13.517231685704,"PB_TTM":0.581491324292,"REPORT_DATE_SQ":"2021-06-30 00:00:00","REPORT_TYPE_SQ":"2021年中报","OPERATE_INCOME_SQ":1067838218.88,"DPS_HKD":0.01,"OPERATE_INCOME_QOQ_SQ":16.268983286439,"NET_PROFIT_RATIO_SQ":4.0718876428,"HOLDER_PROFIT_SQ":43481172.48,"HOLDER_PROFIT_QOQ_SQ":8.593344143818,"ROE_AVG_SQ":3.105859921296,"PE_TTM_SQ":8.363871460445,"PB_TTM_SQ":0.245229943384,"ROA_SQ":1.469594212179,"START_DATE":"2022-01-01 00:00:00","FISCAL_YEAR":"12-31","CURRENCY":"HKD","IS_CNY_CODE":0,"DPS_HKD_LY":0.015,"ORG_TYPE":"一般企业","PREMIUM_INCOME":null,"PREMIUM_INCOME_YOY":null,"NET_INTEREST_INCOME":null,"NET_INTEREST_INCOME_YOY":null,"FEE_COMMISSION_INCOME":null,"FEE_COMMISSION_INCOME_YOY":null,"ACCOUNTS_RECE_TDAYS":0.825373047351,"INVENTORY_TDAYS":2.242670618433,"CURRENT_ASSETS_TDAYS":0.528768404996,"TOTAL_ASSETS_TDAYS":0.323744504167,"PREMIUM_EXPENSE":null,"LOAN_DEPOSIT":null,"LOAN_EQUITY":null,"LOAN_ASSETS":null,"DEPOSIT_EQUITY":null,"DEPOSIT_ASSETS":null,"EQUITY_MULTIPLIER":2.211010390349,"EQUITY_RATIO":1.211010390348},{"SECUCODE":"00103.HK","SECURITY_CODE":"00103","SECURITY_NAME_ABBR":"首佳科技","ORG_CODE":"10007385","STD_REPORT_DATE":"2021-12-31 00:00:00","REPORT_DATE":"2021-12-31 00:00:00","DATE_TYPE_CODE":"001","REPORT_TYPE":"2021年年报","PER_NETCASH_OPERATE":0.11867316792,"PER_OI":1.160442256292,"BPS":0.602902793565,"BASIC_EPS":0.03482976,"DILUTED_EPS":0.03360336,"OPERATE_INCOME":2203276656,"OPERATE_INCOME_YOY":31.9980426665,"GROSS_PROFIT":338933627.2,"GROSS_PROFIT_YOY":2.126226145903,"HOLDER_PROFIT":66126670.4,"HOLDER_PROFIT_YOY":-45.4456540802,"GROSS_PROFIT_RATIO":15.383162449301,"EPS_TTM":0.034828210244,"OPERATE_INCOME_QOQ":10.285427660794,"NET_PROFIT_RATIO":3.0012876604,"ROE_AVG":4.787840345335,"GROSS_PROFIT_QOQ":-11.071199965563,"ROA":2.202098090688,"HOLDER_PROFIT_QOQ":-51.197658370516,"ROE_YEARLY":4.787840345335,"ROIC_YEARLY":2.253247789837,"TOTAL_ASSETS":3248916742.4,"TOTAL_LIABILITIES":1832060092.8,"TAX_EBT":9.842936606138,"OCF_SALES":10.226546583989,"TOTAL_PARENT_EQUITY":1416856649.6,"DEBT_ASSET_RATIO":56.3898750895,"OPERATE_PROFIT":84302736,"PRETAX_PROFIT":73346078.4,"NETCASH_OPERATE":225319113.6,"NETCASH_INVEST":-199419180.8,"NETCASH_FINANCE":-44011408,"END_CASH":60082971.2,"DIVI_RATIO":0.260197119996,"DIVIDEND_RATE":2.325581395349,"CURRENT_RATIO":1.093228318875,"COMMON_ACS":null,"CURRENTDEBT_DEBT":98.863608978667,"ISSUED_COMMON_SHARES":2350058193,"HK_COMMON_SHARES":2350058193,"PER_SHARES":2000,"TOTAL_MARKET_CAP":1010525022.99,"HKSK_MARKET_CAP":1010525022.99,"PE_TTM":13.67625794083,"PB_TTM":0.588332398695,"REPORT_DATE_SQ":"2020-12-31 00:00:00","REPORT_TYPE_SQ":"2020年年报","OPERATE_INCOME_SQ":1718252666.92,"DPS_HKD":0.01,"OPERATE_INCOME_QOQ_SQ":-1.396826596741,"NET_PROFIT_RATIO_SQ":7.2618246991,"HOLDER_PROFIT_SQ":124776496.56,"HOLDER_PROFIT_QOQ_SQ":26.23300403917,"ROE_AVG_SQ":9.687768223867,"PE_TTM_SQ":9.495216392292,"PB_TTM_SQ":0.278401143455,"ROA_SQ":4.550582620006,"START_DATE":"2021-01-01 00:00:00","FISCAL_YEAR":"12-31","CURRENCY":"HKD","IS_CNY_CODE":0,"DPS_HKD_LY":0.015,"ORG_TYPE":"一般企业","PREMIUM_INCOME":null,"PREMIUM_INCOME_YOY":null,"NET_INTEREST_INCOME":null,"NET_INTEREST_INCOME_YOY":null,"FEE_COMMISSION_INCOME":null,"FEE_COMMISSION_INCOME_YOY":null,"ACCOUNTS_RECE_TDAYS":1.728019975909,"INVENTORY_TDAYS":6.418611262801,"CURRENT_ASSETS_TDAYS":1.230135842592,"TOTAL_ASSETS_TDAYS":0.733717770468,"PREMIUM_EXPENSE":null,"LOAN_DEPOSIT":null,"LOAN_EQUITY":null,"LOAN_ASSETS":null,"DEPOSIT_EQUITY":null,"DEPOSIT_ASSETS":null,"EQUITY_MULTIPLIER":2.293045484397,"EQUITY_RATIO":1.293045484395},{"SECUCODE":"00103.HK","SECURITY_CODE":"00103","SECURITY_NAME_ABBR":"首佳科技","ORG_CODE":"10007385","STD_REPORT_DATE":"2021-06-30 00:00:00","REPORT_DATE":"2021-06-30 00:00:00","DATE_TYPE_CODE":"002","REPORT_TYPE":"2021年中报","PER_NETCASH_OPERATE":0.056319204091,"PER_OI":0.562418972079,"BPS":0.608792366973,"BASIC_EPS":0.0228822,"DILUTED_EPS":0.021883704,"OPERATE_INCOME":1067838218.88,"OPERATE_INCOME_YOY":48.7068900587,"GROSS_PROFIT":188787302.88,"GROSS_PROFIT_YOY":35.297194920948,"HOLDER_PROFIT":43481172.48,"HOLDER_PROFIT_YOY":45.7100632964,"GROSS_PROFIT_RATIO":17.67939183503,"EPS_TTM":0.071365858852,"OPERATE_INCOME_QOQ":16.268983286439,"NET_PROFIT_RATIO":4.0718876428,"ROE_AVG":3.105859921296,"GROSS_PROFIT_QOQ":14.840441011636,"ROA":1.469594212179,"HOLDER_PROFIT_QOQ":8.593344143818,"ROE_YEARLY":6.211719842591,"ROIC_YEARLY":3.033234776615,"TOTAL_ASSETS":3111742889.28,"TOTAL_LIABILITIES":1681045399.44,"TAX_EBT":12.605154449518,"OCF_SALES":10.013745425984,"TOTAL_PARENT_EQUITY":1430697489.84,"DEBT_ASSET_RATIO":54.0226316651,"OPERATE_PROFIT":55693610.64,"PRETAX_PROFIT":49752559.44,"NETCASH_OPERATE":106930600.8,"NETCASH_INVEST":-108891813.36,"NETCASH_FINANCE":29353286.16,"END_CASH":105870530.88,"DIVI_RATIO":0.12698228741,"DIVIDEND_RATE":2.325581395349,"CURRENT_RATIO":1.124387377906,"COMMON_ACS":null,"CURRENTDEBT_DEBT":97.642668662417,"ISSUED_COMMON_SHARES":2350058193,"HK_COMMON_SHARES":2350058193,"PER_SHARES":2000,"TOTAL_MARKET_CAP":1010525022.99,"HKSK_MARKET_CAP":1010525022.99,"PE_TTM":13.67625794083,"PB_TTM":0.588332398695,"REPORT_DATE_SQ":"2020-06-30 00:00:00","REPORT_TYPE_SQ":"2020年中报","OPERATE_INCOME_SQ":788295979.68,"DPS_HKD":0.01,"OPERATE_INCOME_QOQ_SQ":-9.154999754488,"NET_PROFIT_RATIO_SQ":4.1556343765,"HOLDER_PROFIT_SQ":32758698.72,"HOLDER_PROFIT_QOQ_SQ":1.848266787712,"ROE_AVG_SQ":2.551354520041,"PE_TTM_SQ":9.495216392292,"PB_TTM_SQ":0.278401143455,"ROA_SQ":1.217756018916,"START_DATE":"2021-01-01 00:00:00","FISCAL_YEAR":"12-31","CURRENCY":"HKD","IS_CNY_CODE":0,"DPS_HKD_LY":0.015,"ORG_TYPE":"一般企业","PREMIUM_INCOME":null,"PREMIUM_INCOME_YOY":null,"NET_INTEREST_INCOME":null,"NET_INTEREST_INCOME_YOY":null,"FEE_COMMISSION_INCOME":null,"FEE_COMMISSION_INCOME_YOY":null,"ACCOUNTS_RECE_TDAYS":0.835128693607,"INVENTORY_TDAYS":3.40005020662,"CURRENT_ASSETS_TDAYS":0.614400888565,"TOTAL_ASSETS_TDAYS":0.360912269956,"PREMIUM_EXPENSE":null,"LOAN_DEPOSIT":null,"LOAN_EQUITY":null,"LOAN_ASSETS":null,"DEPOSIT_EQUITY":null,"DEPOSIT_ASSETS":null,"EQUITY_MULTIPLIER":2.174983119338,"EQUITY_RATIO":1.174983119337},{"SECUCODE":"00103.HK","SECURITY_CODE":"00103","SECURITY_NAME_ABBR":"首佳科技","ORG_CODE":"10007385","STD_REPORT_DATE":"2020-12-31 00:00:00","REPORT_DATE":"2020-12-31 00:00:00","DATE_TYPE_CODE":"001","REPORT_TYPE":"2020年年报","PER_NETCASH_OPERATE":0.219362053473,"PER_OI":0.904808029728,"BPS":0.589337906851,"BASIC_EPS":0.065311264,"DILUTED_EPS":0.056979028,"OPERATE_INCOME":1718252666.92,"OPERATE_INCOME_YOY":-4.6618068722,"GROSS_PROFIT":331877168.08,"GROSS_PROFIT_YOY":-1.972357408435,"HOLDER_PROFIT":124776496.56,"HOLDER_PROFIT_YOY":36.836373034,"GROSS_PROFIT_RATIO":19.314805934502,"EPS_TTM":0.065705572983,"OPERATE_INCOME_QOQ":-1.396826596741,"NET_PROFIT_RATIO":7.2618246991,"ROE_AVG":9.687768223867,"GROSS_PROFIT_QOQ":4.314919389859,"ROA":4.550582620006,"HOLDER_PROFIT_QOQ":26.23300403917,"ROE_YEARLY":9.687768223867,"ROIC_YEARLY":4.651286826531,"TOTAL_ASSETS":2837931807.48,"TOTAL_LIABILITIES":1452953431.04,"TAX_EBT":-2.093056726361,"OCF_SALES":24.244043627572,"TOTAL_PARENT_EQUITY":1384978376.44,"DEBT_ASSET_RATIO":51.1976160671,"OPERATE_PROFIT":137523134.36,"PRETAX_PROFIT":122804534.04,"NETCASH_OPERATE":416573926.2,"NETCASH_INVEST":-163561792.68,"NETCASH_FINANCE":-219215237.68,"END_CASH":78493029.68,"DIVI_RATIO":0.137921329784,"DIVIDEND_RATE":2.325581395349,"CURRENT_RATIO":1.148756139571,"COMMON_ACS":null,"CURRENTDEBT_DEBT":98.806837139468,"ISSUED_COMMON_SHARES":2350058193,"HK_COMMON_SHARES":2350058193,"PER_SHARES":2000,"TOTAL_MARKET_CAP":1010525022.99,"HKSK_MARKET_CAP":1010525022.99,"PE_TTM":13.67625794083,"PB_TTM":0.588332398695,"REPORT_DATE_SQ":"2019-12-31 00:00:00","REPORT_TYPE_SQ":"2019年年报","OPERATE_INCOME_SQ":1918205376.4,"DPS_HKD":0.01,"OPERATE_INCOME_QOQ_SQ":-2.901207021684,"NET_PROFIT_RATIO_SQ":5.0595410436,"HOLDER_PROFIT_SQ":97052388.32,"HOLDER_PROFIT_QOQ_SQ":129.088286398328,"ROE_AVG_SQ":7.867484901362,"PE_TTM_SQ":9.495216392292,"PB_TTM_SQ":0.278401143455,"ROA_SQ":3.303984136338,"START_DATE":"2020-01-01 00:00:00","FISCAL_YEAR":"12-31","CURRENCY":"HKD","IS_CNY_CODE":0,"DPS_HKD_LY":0.01,"ORG_TYPE":"一般企业","PREMIUM_INCOME":null,"PREMIUM_INCOME_YOY":null,"NET_INTEREST_INCOME":null,"NET_INTEREST_INCOME_YOY":null,"FEE_COMMISSION_INCOME":null,"FEE_COMMISSION_INCOME_YOY":null,"ACCOUNTS_RECE_TDAYS":1.366267225964,"INVENTORY_TDAYS":6.082618962776,"CURRENT_ASSETS_TDAYS":1.056874032583,"TOTAL_ASSETS_TDAYS":0.626644515468,"PREMIUM_EXPENSE":null,"LOAN_DEPOSIT":null,"LOAN_EQUITY":null,"LOAN_ASSETS":null,"DEPOSIT_EQUITY":null,"DEPOSIT_ASSETS":null,"EQUITY_MULTIPLIER":2.049080228078,"EQUITY_RATIO":1.049080228079},{"SECUCODE":"00103.HK","SECURITY_CODE":"00103","SECURITY_NAME_ABBR":"首佳科技","ORG_CODE":"10007385","STD_REPORT_DATE":"2020-06-30 00:00:00","REPORT_DATE":"2020-06-30 00:00:00","DATE_TYPE_CODE":"002","REPORT_TYPE":"2020年中报","PER_NETCASH_OPERATE":0.097561450445,"PER_OI":0.413908704126,"BPS":0.542693915903,"BASIC_EPS":0.017081328,"DILUTED_EPS":0.017081328,"OPERATE_INCOME":788295979.68,"OPERATE_INCOME_YOY":-21.2430859311,"GROSS_PROFIT":139535267.52,"GROSS_PROFIT_YOY":-12.758102430164,"HOLDER_PROFIT":32758698.72,"HOLDER_PROFIT_YOY":1.8806283912,"GROSS_PROFIT_RATIO":17.700872656568,"EPS_TTM":0.051900927334,"OPERATE_INCOME_QOQ":-9.154999754488,"NET_PROFIT_RATIO":4.1556343765,"ROE_AVG":2.551354520041,"GROSS_PROFIT_QOQ":-6.027207646871,"ROA":1.217756018916,"HOLDER_PROFIT_QOQ":1.848266787712,"ROE_YEARLY":5.102709040082,"ROIC_YEARLY":2.484210030492,"TOTAL_ASSETS":2508393930.24,"TOTAL_LIABILITIES":1233031646.88,"TAX_EBT":2.967175119927,"OCF_SALES":23.570765599417,"TOTAL_PARENT_EQUITY":1275362283.36,"DEBT_ASSET_RATIO":49.1562203215,"OPERATE_PROFIT":50052858.24,"PRETAX_PROFIT":33894104.64,"NETCASH_OPERATE":185807397.6,"NETCASH_INVEST":4244755.68,"NETCASH_FINANCE":-171108321.12,"END_CASH":61795129.44,"DIVI_RATIO":0.174605743393,"DIVIDEND_RATE":2.325581395349,"CURRENT_RATIO":1.159760152745,"COMMON_ACS":null,"CURRENTDEBT_DEBT":98.046636841727,"ISSUED_COMMON_SHARES":2350058193,"HK_COMMON_SHARES":2350058193,"PER_SHARES":2000,"TOTAL_MARKET_CAP":1010525022.99,"HKSK_MARKET_CAP":1010525022.99,"PE_TTM":13.67625794083,"PB_TTM":0.588332398695,"REPORT_DATE_SQ":"2019-06-30 00:00:00","REPORT_TYPE_SQ":"2019年中报","OPERATE_INCOME_SQ":963907677.18,"DPS_HKD":0.01,"OPERATE_INCOME_QOQ_SQ":0.021038210229,"NET_PROFIT_RATIO_SQ":3.2124354223,"HOLDER_PROFIT_SQ":30964911.66,"HOLDER_PROFIT_QOQ_SQ":656.968121208912,"ROE_AVG_SQ":2.600691749577,"PE_TTM_SQ":9.495216392292,"PB_TTM_SQ":0.278401143455,"ROA_SQ":1.051527883367,"START_DATE":"2020-01-01 00:00:00","FISCAL_YEAR":"12-31","CURRENCY":"HKD","IS_CNY_CODE":0,"DPS_HKD_LY":0.01,"ORG_TYPE":"一般企业","PREMIUM_INCOME":null,"PREMIUM_INCOME_YOY":null,"NET_INTEREST_INCOME":null,"NET_INTEREST_INCOME_YOY":null,"FEE_COMMISSION_INCOME":null,"FEE_COMMISSION_INCOME_YOY":null,"ACCOUNTS_RECE_TDAYS":0.658669741996,"INVENTORY_TDAYS":2.511133660496,"CURRENT_ASSETS_TDAYS":0.501909355902,"TOTAL_ASSETS_TDAYS":0.293037334037,"PREMIUM_EXPENSE":null,"LOAN_DEPOSIT":null,"LOAN_EQUITY":null,"LOAN_ASSETS":null,"DEPOSIT_EQUITY":null,"DEPOSIT_ASSETS":null,"EQUITY_MULTIPLIER":1.966808931836,"EQUITY_RATIO":0.966808931837}],"count":49},"success":true,"message":"ok","code":0}