{"version":"2313124d19789c58cb8184b61d3bebd2","result":{"pages":6,"data":[{"SECUCODE":"00111.HK","SECURITY_CODE":"00111","SECURITY_NAME_ABBR":"信达国际控股","ORG_CODE":"10007392","STD_REPORT_DATE":"2024-06-30 00:00:00","REPORT_DATE":"2024-06-30 00:00:00","DATE_TYPE_CODE":"002","REPORT_TYPE":"2024年中报","PER_NETCASH_OPERATE":0.056687579896,"PER_OI":0.123421384342,"BPS":1.336999047045,"BASIC_EPS":0.01870994,"DILUTED_EPS":0.01870994,"OPERATE_INCOME":79138482.8,"OPERATE_INCOME_YOY":24.3510684067,"GROSS_PROFIT":null,"GROSS_PROFIT_YOY":null,"HOLDER_PROFIT":11985313.76,"HOLDER_PROFIT_YOY":4657.9710144928,"GROSS_PROFIT_RATIO":null,"EPS_TTM":0.000135411325,"OPERATE_INCOME_QOQ":12.013934153058,"NET_PROFIT_RATIO":15.1447353246,"ROE_AVG":1.397433816898,"GROSS_PROFIT_QOQ":null,"ROA":0.768817574144,"HOLDER_PROFIT_QOQ":100.745674553837,"ROE_YEARLY":2.794867633796,"ROIC_YEARLY":2.209474391751,"TOTAL_ASSETS":1615157931.16,"TOTAL_LIABILITIES":757866655,"TAX_EBT":32.183433174964,"OCF_SALES":45.930111867143,"TOTAL_PARENT_EQUITY":857291276.16,"DEBT_ASSET_RATIO":46.9221393388,"OPERATE_PROFIT":16605299.92,"PRETAX_PROFIT":17673135.52,"NETCASH_OPERATE":36348393.68,"NETCASH_INVEST":-170947702.04,"NETCASH_FINANCE":135825037.6,"END_CASH":474069721.68,"DIVI_RATIO":null,"DIVIDEND_RATE":null,"CURRENT_RATIO":1.495864794665,"COMMON_ACS":1000000000,"CURRENTDEBT_DEBT":99.730001505344,"ISSUED_COMMON_SHARES":641205600,"HK_COMMON_SHARES":641205600,"PER_SHARES":2000,"TOTAL_MARKET_CAP":163507428,"HKSK_MARKET_CAP":163507428,"PE_TTM":23358.204,"PB_TTM":0.174071477848,"REPORT_DATE_SQ":"2023-06-30 00:00:00","REPORT_TYPE_SQ":"2023年中报","OPERATE_INCOME_SQ":64289665.4,"DPS_HKD":null,"OPERATE_INCOME_QOQ_SQ":6.689501385687,"NET_PROFIT_RATIO_SQ":0.3958124193,"HOLDER_PROFIT_SQ":254466.48,"HOLDER_PROFIT_QOQ_SQ":169.900534122975,"ROE_AVG_SQ":0.029234315154,"PE_TTM_SQ":9.800973870912,"PB_TTM_SQ":0.180750217801,"ROA_SQ":0.016803571124,"START_DATE":"2024-01-01 00:00:00","FISCAL_YEAR":"12-31","CURRENCY":"HKD","IS_CNY_CODE":0,"DPS_HKD_LY":null,"ORG_TYPE":"证券","PREMIUM_INCOME":null,"PREMIUM_INCOME_YOY":null,"NET_INTEREST_INCOME":null,"NET_INTEREST_INCOME_YOY":null,"FEE_COMMISSION_INCOME":null,"FEE_COMMISSION_INCOME_YOY":null,"ACCOUNTS_RECE_TDAYS":0.303124055031,"INVENTORY_TDAYS":null,"CURRENT_ASSETS_TDAYS":0.073559353092,"TOTAL_ASSETS_TDAYS":0.05076467549,"PREMIUM_EXPENSE":null,"LOAN_DEPOSIT":null,"LOAN_EQUITY":null,"LOAN_ASSETS":null,"DEPOSIT_EQUITY":null,"DEPOSIT_ASSETS":null,"EQUITY_MULTIPLIER":1.884024690413,"EQUITY_RATIO":0.884024690412},{"SECUCODE":"00111.HK","SECURITY_CODE":"00111","SECURITY_NAME_ABBR":"信达国际控股","ORG_CODE":"10007392","STD_REPORT_DATE":"2023-12-31 00:00:00","REPORT_DATE":"2023-12-31 00:00:00","DATE_TYPE_CODE":"001","REPORT_TYPE":"2023年年报","PER_NETCASH_OPERATE":0.077812412337,"PER_OI":0.192756624615,"BPS":1.32869601772,"BASIC_EPS":-0.0181244,"DILUTED_EPS":-0.0181244,"OPERATE_INCOME":123596627.14,"OPERATE_INCOME_YOY":-3.970399786,"GROSS_PROFIT":null,"GROSS_PROFIT_YOY":null,"HOLDER_PROFIT":-11644020.78,"HOLDER_PROFIT_YOY":42.6588718315,"GROSS_PROFIT_RATIO":null,"EPS_TTM":-0.018159574371,"OPERATE_INCOME_QOQ":-8.686638768559,"NET_PROFIT_RATIO":-9.4209858711,"ROE_AVG":-1.360945554764,"GROSS_PROFIT_QOQ":null,"ROA":-0.775864099091,"HOLDER_PROFIT_QOQ":-183.221709579519,"ROE_YEARLY":-1.360945554764,"ROIC_YEARLY":-1.165017909578,"TOTAL_ASSETS":1492062230.96,"TOTAL_LIABILITIES":640094903.7,"TAX_EBT":-7548.21428571429,"OCF_SALES":40.368216912169,"TOTAL_PARENT_EQUITY":851967327.26,"DEBT_ASSET_RATIO":42.9000138478,"OPERATE_PROFIT":1633008.44,"PRETAX_PROFIT":-152244.96,"NETCASH_OPERATE":49893754.54,"NETCASH_INVEST":-90400882.32,"NETCASH_FINANCE":-17252616.36,"END_CASH":470628138.82,"DIVI_RATIO":null,"DIVIDEND_RATE":null,"CURRENT_RATIO":1.607313513032,"COMMON_ACS":1000000000,"CURRENTDEBT_DEBT":98.544458366073,"ISSUED_COMMON_SHARES":641205600,"HK_COMMON_SHARES":641205600,"PER_SHARES":2000,"TOTAL_MARKET_CAP":166713456,"HKSK_MARKET_CAP":166713456,"PE_TTM":23816.208,"PB_TTM":0.17748464408,"REPORT_DATE_SQ":"2022-12-31 00:00:00","REPORT_TYPE_SQ":"2022年年报","OPERATE_INCOME_SQ":126867565.02,"DPS_HKD":null,"OPERATE_INCOME_QOQ_SQ":-9.850818569809,"NET_PROFIT_RATIO_SQ":-15.7773928717,"HOLDER_PROFIT_SQ":-20016394.16,"HOLDER_PROFIT_QOQ_SQ":35.155832677002,"ROE_AVG_SQ":-2.274054637999,"PE_TTM_SQ":9.800973870912,"PB_TTM_SQ":0.180750217801,"ROA_SQ":-1.188072301262,"START_DATE":"2023-01-01 00:00:00","FISCAL_YEAR":"12-31","CURRENCY":"HKD","IS_CNY_CODE":0,"DPS_HKD_LY":null,"ORG_TYPE":"证券","PREMIUM_INCOME":null,"PREMIUM_INCOME_YOY":null,"NET_INTEREST_INCOME":null,"NET_INTEREST_INCOME_YOY":null,"FEE_COMMISSION_INCOME":null,"FEE_COMMISSION_INCOME_YOY":null,"ACCOUNTS_RECE_TDAYS":0.392547223845,"INVENTORY_TDAYS":null,"CURRENT_ASSETS_TDAYS":0.121928259299,"TOTAL_ASSETS_TDAYS":0.08235487344,"PREMIUM_EXPENSE":null,"LOAN_DEPOSIT":null,"LOAN_EQUITY":null,"LOAN_ASSETS":null,"DEPOSIT_EQUITY":null,"DEPOSIT_ASSETS":null,"EQUITY_MULTIPLIER":1.75131390984,"EQUITY_RATIO":0.75131390984},{"SECUCODE":"00111.HK","SECURITY_CODE":"00111","SECURITY_NAME_ABBR":"信达国际控股","ORG_CODE":"10007392","STD_REPORT_DATE":"2023-06-30 00:00:00","REPORT_DATE":"2023-06-30 00:00:00","DATE_TYPE_CODE":"002","REPORT_TYPE":"2023年中报","PER_NETCASH_OPERATE":0.057790041416,"PER_OI":0.100263730385,"BPS":1.351725618772,"BASIC_EPS":0.000368792,"DILUTED_EPS":0.000368792,"OPERATE_INCOME":64289665.4,"OPERATE_INCOME_YOY":6.8626249004,"GROSS_PROFIT":null,"GROSS_PROFIT_YOY":null,"HOLDER_PROFIT":254466.48,"HOLDER_PROFIT_YOY":100.6992829816,"GROSS_PROFIT_RATIO":null,"EPS_TTM":0.02182071777,"OPERATE_INCOME_QOQ":6.689501385687,"NET_PROFIT_RATIO":0.3958124193,"ROE_AVG":0.029234315154,"GROSS_PROFIT_QOQ":null,"ROA":0.016803571124,"HOLDER_PROFIT_QOQ":169.900534122975,"ROE_YEARLY":0.058468630309,"ROIC_YEARLY":0.049938684885,"TOTAL_ASSETS":1492967745.88,"TOTAL_LIABILITIES":626233709.46,"TAX_EBT":95.749268442939,"OCF_SALES":57.638032410727,"TOTAL_PARENT_EQUITY":866734036.42,"DEBT_ASSET_RATIO":41.9455618642,"OPERATE_PROFIT":2621189.14,"PRETAX_PROFIT":5986416.14,"NETCASH_OPERATE":37055298.18,"NETCASH_INVEST":-84119611.24,"NETCASH_FINANCE":-41412575.66,"END_CASH":449244896.78,"DIVI_RATIO":null,"DIVIDEND_RATE":null,"CURRENT_RATIO":1.631454883086,"COMMON_ACS":1000000000,"CURRENTDEBT_DEBT":97.1214336297,"ISSUED_COMMON_SHARES":641205600,"HK_COMMON_SHARES":641205600,"PER_SHARES":2000,"TOTAL_MARKET_CAP":166713456,"HKSK_MARKET_CAP":166713456,"PE_TTM":23816.208,"PB_TTM":0.17748464408,"REPORT_DATE_SQ":"2022-06-30 00:00:00","REPORT_TYPE_SQ":"2022年中报","OPERATE_INCOME_SQ":55802857.88,"DPS_HKD":null,"OPERATE_INCOME_QOQ_SQ":-29.389182444076,"NET_PROFIT_RATIO_SQ":-60.4870348802,"HOLDER_PROFIT_SQ":-33753494.11,"HOLDER_PROFIT_QOQ_SQ":-165.326785758305,"ROE_AVG_SQ":-3.99492296901,"PE_TTM_SQ":9.800973870912,"PB_TTM_SQ":0.180750217801,"ROA_SQ":-1.81438679229,"START_DATE":"2023-01-01 00:00:00","FISCAL_YEAR":"12-31","CURRENCY":"HKD","IS_CNY_CODE":0,"DPS_HKD_LY":null,"ORG_TYPE":"证券","PREMIUM_INCOME":null,"PREMIUM_INCOME_YOY":null,"NET_INTEREST_INCOME":null,"NET_INTEREST_INCOME_YOY":null,"FEE_COMMISSION_INCOME":null,"FEE_COMMISSION_INCOME_YOY":null,"ACCOUNTS_RECE_TDAYS":0.194938258835,"INVENTORY_TDAYS":null,"CURRENT_ASSETS_TDAYS":0.063546279745,"TOTAL_ASSETS_TDAYS":0.04245337009,"PREMIUM_EXPENSE":null,"LOAN_DEPOSIT":null,"LOAN_EQUITY":null,"LOAN_ASSETS":null,"DEPOSIT_EQUITY":null,"DEPOSIT_ASSETS":null,"EQUITY_MULTIPLIER":1.722521192369,"EQUITY_RATIO":0.722521192368},{"SECUCODE":"00111.HK","SECURITY_CODE":"00111","SECURITY_NAME_ABBR":"信达国际控股","ORG_CODE":"10007392","STD_REPORT_DATE":"2022-12-31 00:00:00","REPORT_DATE":"2022-12-31 00:00:00","DATE_TYPE_CODE":"001","REPORT_TYPE":"2022年年报","PER_NETCASH_OPERATE":0.006932115877,"PER_OI":0.197857855608,"BPS":1.320825799884,"BASIC_EPS":-0.031175123,"DILUTED_EPS":-0.031175123,"OPERATE_INCOME":126867565.02,"OPERATE_INCOME_YOY":-41.7372255587,"GROSS_PROFIT":null,"GROSS_PROFIT_YOY":null,"HOLDER_PROFIT":-20016394.16,"HOLDER_PROFIT_YOY":-138.7721908849,"GROSS_PROFIT_RATIO":null,"EPS_TTM":-0.031216811207,"OPERATE_INCOME_QOQ":-9.850818569809,"NET_PROFIT_RATIO":-15.7773928717,"ROE_AVG":-2.274054637999,"GROSS_PROFIT_QOQ":null,"ROA":-1.188072301262,"HOLDER_PROFIT_QOQ":35.155832677002,"ROE_YEARLY":-2.274054637999,"ROIC_YEARLY":-1.864245676432,"TOTAL_ASSETS":1487928771.7,"TOTAL_LIABILITIES":641007872.19,"TAX_EBT":-96.906854130053,"OCF_SALES":3.503583850844,"TOTAL_PARENT_EQUITY":846920899.51,"DEBT_ASSET_RATIO":43.0805482347,"OPERATE_PROFIT":2343047.21,"PRETAX_PROFIT":-10165412.6,"NETCASH_OPERATE":4444911.52,"NETCASH_INVEST":168165223.66,"NETCASH_FINANCE":-329958752.41,"END_CASH":524388793.88,"DIVI_RATIO":null,"DIVIDEND_RATE":null,"CURRENT_RATIO":1.623322089202,"COMMON_ACS":1000000000,"CURRENTDEBT_DEBT":96.008205162508,"ISSUED_COMMON_SHARES":641205600,"HK_COMMON_SHARES":641205600,"PER_SHARES":2000,"TOTAL_MARKET_CAP":166713456,"HKSK_MARKET_CAP":166713456,"PE_TTM":23816.208,"PB_TTM":0.17748464408,"REPORT_DATE_SQ":"2021-12-31 00:00:00","REPORT_TYPE_SQ":"2021年年报","OPERATE_INCOME_SQ":199304716.8,"DPS_HKD":null,"OPERATE_INCOME_QOQ_SQ":-13.981016298691,"NET_PROFIT_RATIO_SQ":23.7086081848,"HOLDER_PROFIT_SQ":47252374.4,"HOLDER_PROFIT_QOQ_SQ":-47.811563281615,"ROE_AVG_SQ":5.745670044007,"PE_TTM_SQ":9.800973870912,"PB_TTM_SQ":0.180750217801,"ROA_SQ":2.481377539356,"START_DATE":"2022-01-01 00:00:00","FISCAL_YEAR":"12-31","CURRENCY":"HKD","IS_CNY_CODE":0,"DPS_HKD_LY":0.02,"ORG_TYPE":"证券","PREMIUM_INCOME":null,"PREMIUM_INCOME_YOY":null,"NET_INTEREST_INCOME":null,"NET_INTEREST_INCOME_YOY":null,"FEE_COMMISSION_INCOME":null,"FEE_COMMISSION_INCOME_YOY":null,"ACCOUNTS_RECE_TDAYS":0.348198951917,"INVENTORY_TDAYS":null,"CURRENT_ASSETS_TDAYS":0.105144239632,"TOTAL_ASSETS_TDAYS":0.075302194153,"PREMIUM_EXPENSE":null,"LOAN_DEPOSIT":null,"LOAN_EQUITY":null,"LOAN_ASSETS":null,"DEPOSIT_EQUITY":null,"DEPOSIT_ASSETS":null,"EQUITY_MULTIPLIER":1.756868643295,"EQUITY_RATIO":0.756868643295},{"SECUCODE":"00111.HK","SECURITY_CODE":"00111","SECURITY_NAME_ABBR":"信达国际控股","ORG_CODE":"10007392","STD_REPORT_DATE":"2022-06-30 00:00:00","REPORT_DATE":"2022-06-30 00:00:00","DATE_TYPE_CODE":"002","REPORT_TYPE":"2022年中报","PER_NETCASH_OPERATE":-0.017379731072,"PER_OI":0.087028026393,"BPS":1.271461166933,"BASIC_EPS":-0.052679704,"DILUTED_EPS":-0.052679704,"OPERATE_INCOME":55802857.88,"OPERATE_INCOME_YOY":-52.529845263,"GROSS_PROFIT":null,"GROSS_PROFIT_YOY":null,"HOLDER_PROFIT":-33753494.11,"HOLDER_PROFIT_YOY":-174.0214924701,"GROSS_PROFIT_RATIO":null,"EPS_TTM":-0.048141278538,"OPERATE_INCOME_QOQ":-29.389182444076,"NET_PROFIT_RATIO":-60.4870348802,"ROE_AVG":-3.99492296901,"GROSS_PROFIT_QOQ":null,"ROA":-1.81438679229,"HOLDER_PROFIT_QOQ":-165.326785758305,"ROE_YEARLY":-7.989845938021,"ROIC_YEARLY":-5.753651609536,"TOTAL_ASSETS":1919234501.8,"TOTAL_LIABILITIES":1103966481.38,"TAX_EBT":-12.236250924188,"OCF_SALES":-19.970269110525,"TOTAL_PARENT_EQUITY":815268020.42,"DEBT_ASSET_RATIO":57.5211877623,"OPERATE_PROFIT":-7870313.57,"PRETAX_PROFIT":-30073611.54,"NETCASH_OPERATE":-11143980.89,"NETCASH_INVEST":-22955009.98,"NETCASH_FINANCE":80001314.12,"END_CASH":706046574.38,"DIVI_RATIO":null,"DIVIDEND_RATE":null,"CURRENT_RATIO":1.343761122754,"COMMON_ACS":1000000000,"CURRENTDEBT_DEBT":97.068716292949,"ISSUED_COMMON_SHARES":641205600,"HK_COMMON_SHARES":641205600,"PER_SHARES":2000,"TOTAL_MARKET_CAP":166713456,"HKSK_MARKET_CAP":166713456,"PE_TTM":23816.208,"PB_TTM":0.17748464408,"REPORT_DATE_SQ":"2021-06-30 00:00:00","REPORT_TYPE_SQ":"2021年中报","OPERATE_INCOME_SQ":114376884.72,"DPS_HKD":null,"OPERATE_INCOME_QOQ_SQ":-5.865946232627,"NET_PROFIT_RATIO_SQ":38.7904757055,"HOLDER_PROFIT_SQ":44367337.68,"HOLDER_PROFIT_QOQ_SQ":28.572480078035,"ROE_AVG_SQ":5.332137324961,"PE_TTM_SQ":9.800973870912,"PB_TTM_SQ":0.180750217801,"ROA_SQ":2.015308422013,"START_DATE":"2022-01-01 00:00:00","FISCAL_YEAR":"12-31","CURRENCY":"HKD","IS_CNY_CODE":0,"DPS_HKD_LY":0.02,"ORG_TYPE":"证券","PREMIUM_INCOME":null,"PREMIUM_INCOME_YOY":null,"NET_INTEREST_INCOME":null,"NET_INTEREST_INCOME_YOY":null,"FEE_COMMISSION_INCOME":null,"FEE_COMMISSION_INCOME_YOY":null,"ACCOUNTS_RECE_TDAYS":0.138765102869,"INVENTORY_TDAYS":null,"CURRENT_ASSETS_TDAYS":0.039946482537,"TOTAL_ASSETS_TDAYS":0.029996292526,"PREMIUM_EXPENSE":null,"LOAN_DEPOSIT":null,"LOAN_EQUITY":null,"LOAN_ASSETS":null,"DEPOSIT_EQUITY":null,"DEPOSIT_ASSETS":null,"EQUITY_MULTIPLIER":2.354114786459,"EQUITY_RATIO":1.354114786462},{"SECUCODE":"00111.HK","SECURITY_CODE":"00111","SECURITY_NAME_ABBR":"信达国际控股","ORG_CODE":"10007392","STD_REPORT_DATE":"2021-12-31 00:00:00","REPORT_DATE":"2021-12-31 00:00:00","DATE_TYPE_CODE":"001","REPORT_TYPE":"2021年年报","PER_NETCASH_OPERATE":-0.013758307788,"PER_OI":0.310828097571,"BPS":1.30396625357,"BASIC_EPS":0.07366576,"DILUTED_EPS":0.07366576,"OPERATE_INCOME":199304716.8,"OPERATE_INCOME_YOY":-16.645979299,"GROSS_PROFIT":null,"GROSS_PROFIT_YOY":null,"HOLDER_PROFIT":47252374.4,"HOLDER_PROFIT_YOY":-30.9270834578,"GROSS_PROFIT_RATIO":null,"EPS_TTM":0.073693015782,"OPERATE_INCOME_QOQ":-13.981016298691,"NET_PROFIT_RATIO":23.7086081848,"ROE_AVG":5.745670044007,"GROSS_PROFIT_QOQ":null,"ROA":2.481377539356,"HOLDER_PROFIT_QOQ":-47.811563281615,"ROE_YEARLY":5.745670044007,"ROIC_YEARLY":3.761888117123,"TOTAL_ASSETS":1722234337.6,"TOTAL_LIABILITIES":886123873.6,"TAX_EBT":21.456334429616,"OCF_SALES":-4.426339798497,"TOTAL_PARENT_EQUITY":836110464,"DEBT_ASSET_RATIO":51.4519919998,"OPERATE_PROFIT":33386696,"PRETAX_PROFIT":60160643.2,"NETCASH_OPERATE":-8821904,"NETCASH_INVEST":219201012.8,"NETCASH_FINANCE":-234591515.2,"END_CASH":638661699.2,"DIVI_RATIO":null,"DIVIDEND_RATE":null,"CURRENT_RATIO":3.01736674284,"COMMON_ACS":1000000000,"CURRENTDEBT_DEBT":48.410746892217,"ISSUED_COMMON_SHARES":641205600,"HK_COMMON_SHARES":641205600,"PER_SHARES":2000,"TOTAL_MARKET_CAP":166713456,"HKSK_MARKET_CAP":166713456,"PE_TTM":23816.208,"PB_TTM":0.17748464408,"REPORT_DATE_SQ":"2020-12-31 00:00:00","REPORT_TYPE_SQ":"2020年年报","OPERATE_INCOME_SQ":246136776.36,"DPS_HKD":null,"OPERATE_INCOME_QOQ_SQ":-17.230212225819,"NET_PROFIT_RATIO_SQ":28.8180161327,"HOLDER_PROFIT_SQ":70420860.44,"HOLDER_PROFIT_QOQ_SQ":54.063351154064,"ROE_AVG_SQ":8.966203805903,"PE_TTM_SQ":9.800973870912,"PB_TTM_SQ":0.180750217801,"ROA_SQ":3.674130033755,"START_DATE":"2021-01-01 00:00:00","FISCAL_YEAR":"12-31","CURRENCY":"HKD","IS_CNY_CODE":0,"DPS_HKD_LY":0.03,"ORG_TYPE":"证券","PREMIUM_INCOME":null,"PREMIUM_INCOME_YOY":null,"NET_INTEREST_INCOME":null,"NET_INTEREST_INCOME_YOY":null,"FEE_COMMISSION_INCOME":null,"FEE_COMMISSION_INCOME_YOY":null,"ACCOUNTS_RECE_TDAYS":0.46394265997,"INVENTORY_TDAYS":null,"CURRENT_ASSETS_TDAYS":0.134263608161,"TOTAL_ASSETS_TDAYS":0.104661459669,"PREMIUM_EXPENSE":null,"LOAN_DEPOSIT":null,"LOAN_EQUITY":null,"LOAN_ASSETS":null,"DEPOSIT_EQUITY":null,"DEPOSIT_ASSETS":null,"EQUITY_MULTIPLIER":2.059816748806,"EQUITY_RATIO":1.059816748807},{"SECUCODE":"00111.HK","SECURITY_CODE":"00111","SECURITY_NAME_ABBR":"信达国际控股","ORG_CODE":"10007392","STD_REPORT_DATE":"2021-06-30 00:00:00","REPORT_DATE":"2021-06-30 00:00:00","DATE_TYPE_CODE":"002","REPORT_TYPE":"2021年中报","PER_NETCASH_OPERATE":-0.638379644719,"PER_OI":0.178377863075,"BPS":1.31180574655,"BASIC_EPS":0.069229056,"DILUTED_EPS":0.069229056,"OPERATE_INCOME":114376884.72,"OPERATE_INCOME_YOY":-2.5265561402,"GROSS_PROFIT":null,"GROSS_PROFIT_YOY":null,"HOLDER_PROFIT":44367337.68,"HOLDER_PROFIT_YOY":100.877787824,"GROSS_PROFIT_RATIO":null,"EPS_TTM":0.141205639439,"OPERATE_INCOME_QOQ":-5.865946232627,"NET_PROFIT_RATIO":38.7904757055,"ROE_AVG":5.332137324961,"GROSS_PROFIT_QOQ":null,"ROA":2.015308422013,"HOLDER_PROFIT_QOQ":28.572480078035,"ROE_YEARLY":10.664274649923,"ROIC_YEARLY":5.681700727461,"TOTAL_ASSETS":2279756914.32,"TOTAL_LIABILITIES":1438619723.52,"TAX_EBT":10.813568393938,"OCF_SALES":-357.880531649437,"TOTAL_PARENT_EQUITY":841137190.8,"DEBT_ASSET_RATIO":63.104084233,"OPERATE_PROFIT":29561306.16,"PRETAX_PROFIT":49746734.88,"NETCASH_OPERATE":-409332603.12,"NETCASH_INVEST":133237642.08,"NETCASH_FINANCE":215110985.76,"END_CASH":610122660,"DIVI_RATIO":null,"DIVIDEND_RATE":null,"CURRENT_RATIO":1.919836152385,"COMMON_ACS":1000000000,"CURRENTDEBT_DEBT":66.844732969952,"ISSUED_COMMON_SHARES":641205600,"HK_COMMON_SHARES":641205600,"PER_SHARES":2000,"TOTAL_MARKET_CAP":166713456,"HKSK_MARKET_CAP":166713456,"PE_TTM":23816.208,"PB_TTM":0.17748464408,"REPORT_DATE_SQ":"2020-06-30 00:00:00","REPORT_TYPE_SQ":"2020年中报","OPERATE_INCOME_SQ":128815135.68,"DPS_HKD":null,"OPERATE_INCOME_QOQ_SQ":7.892168794628,"NET_PROFIT_RATIO_SQ":19.5090127781,"HOLDER_PROFIT_SQ":24246351.36,"HOLDER_PROFIT_QOQ_SQ":-1.031693330457,"ROE_AVG_SQ":2.970262130333,"PE_TTM_SQ":9.800973870912,"PB_TTM_SQ":0.180750217801,"ROA_SQ":1.227770253769,"START_DATE":"2021-01-01 00:00:00","FISCAL_YEAR":"12-31","CURRENCY":"HKD","IS_CNY_CODE":0,"DPS_HKD_LY":0.03,"ORG_TYPE":"证券","PREMIUM_INCOME":null,"PREMIUM_INCOME_YOY":null,"NET_INTEREST_INCOME":null,"NET_INTEREST_INCOME_YOY":null,"FEE_COMMISSION_INCOME":null,"FEE_COMMISSION_INCOME_YOY":null,"ACCOUNTS_RECE_TDAYS":0.170296720594,"INVENTORY_TDAYS":null,"CURRENT_ASSETS_TDAYS":0.064431892753,"TOTAL_ASSETS_TDAYS":0.051953691863,"PREMIUM_EXPENSE":null,"LOAN_DEPOSIT":null,"LOAN_EQUITY":null,"LOAN_ASSETS":null,"DEPOSIT_EQUITY":null,"DEPOSIT_ASSETS":null,"EQUITY_MULTIPLIER":2.71032708963,"EQUITY_RATIO":1.710327089629},{"SECUCODE":"00111.HK","SECURITY_CODE":"00111","SECURITY_NAME_ABBR":"信达国际控股","ORG_CODE":"10007392","STD_REPORT_DATE":"2020-12-31 00:00:00","REPORT_DATE":"2020-12-31 00:00:00","DATE_TYPE_CODE":"001","REPORT_TYPE":"2020年年报","PER_NETCASH_OPERATE":0.254873458123,"PER_OI":0.383865606227,"BPS":1.298283991344,"BASIC_EPS":0.10983402,"DILUTED_EPS":0.10983402,"OPERATE_INCOME":246136776.36,"OPERATE_INCOME_YOY":-4.9533621502,"GROSS_PROFIT":null,"GROSS_PROFIT_YOY":null,"HOLDER_PROFIT":70420860.44,"HOLDER_PROFIT_YOY":62.2820458116,"GROSS_PROFIT_RATIO":null,"EPS_TTM":0.109825710256,"OPERATE_INCOME_QOQ":-17.230212225819,"NET_PROFIT_RATIO":28.8180161327,"ROE_AVG":8.966203805903,"GROSS_PROFIT_QOQ":null,"ROA":3.674130033755,"HOLDER_PROFIT_QOQ":54.063351154064,"ROE_YEARLY":8.966203805903,"ROIC_YEARLY":5.290618543501,"TOTAL_ASSETS":2147670019.52,"TOTAL_LIABILITIES":1315203053.88,"TAX_EBT":10.597445580685,"OCF_SALES":66.396534096543,"TOTAL_PARENT_EQUITY":832466965.64,"DEBT_ASSET_RATIO":61.2386000608,"OPERATE_PROFIT":64630377.24,"PRETAX_PROFIT":79339719.52,"NETCASH_OPERATE":163426288.64,"NETCASH_INVEST":-118057684.44,"NETCASH_FINANCE":132070990.44,"END_CASH":677074972.44,"DIVI_RATIO":null,"DIVIDEND_RATE":null,"CURRENT_RATIO":2.083452865621,"COMMON_ACS":1000000000,"CURRENTDEBT_DEBT":62.905148697707,"ISSUED_COMMON_SHARES":641205600,"HK_COMMON_SHARES":641205600,"PER_SHARES":2000,"TOTAL_MARKET_CAP":166713456,"HKSK_MARKET_CAP":166713456,"PE_TTM":23816.208,"PB_TTM":0.17748464408,"REPORT_DATE_SQ":"2019-12-31 00:00:00","REPORT_TYPE_SQ":"2019年年报","OPERATE_INCOME_SQ":275622548.2,"DPS_HKD":null,"OPERATE_INCOME_QOQ_SQ":10.81890129539,"NET_PROFIT_RATIO_SQ":17.0564529234,"HOLDER_PROFIT_SQ":46185521.02,"HOLDER_PROFIT_QOQ_SQ":-14.631894376633,"ROE_AVG_SQ":6.091136079163,"PE_TTM_SQ":9.800973870912,"PB_TTM_SQ":0.180750217801,"ROA_SQ":2.757239498382,"START_DATE":"2020-01-01 00:00:00","FISCAL_YEAR":"12-31","CURRENCY":"HKD","IS_CNY_CODE":0,"DPS_HKD_LY":null,"ORG_TYPE":"证券","PREMIUM_INCOME":null,"PREMIUM_INCOME_YOY":null,"NET_INTEREST_INCOME":null,"NET_INTEREST_INCOME_YOY":null,"FEE_COMMISSION_INCOME":null,"FEE_COMMISSION_INCOME_YOY":null,"ACCOUNTS_RECE_TDAYS":0.549616986408,"INVENTORY_TDAYS":null,"CURRENT_ASSETS_TDAYS":0.162296701806,"TOTAL_ASSETS_TDAYS":0.128419124218,"PREMIUM_EXPENSE":null,"LOAN_DEPOSIT":null,"LOAN_EQUITY":null,"LOAN_ASSETS":null,"DEPOSIT_EQUITY":null,"DEPOSIT_ASSETS":null,"EQUITY_MULTIPLIER":2.579886179469,"EQUITY_RATIO":1.57988617947},{"SECUCODE":"00111.HK","SECURITY_CODE":"00111","SECURITY_NAME_ABBR":"信达国际控股","ORG_CODE":"10007392","STD_REPORT_DATE":"2020-06-30 00:00:00","REPORT_DATE":"2020-06-30 00:00:00","DATE_TYPE_CODE":"002","REPORT_TYPE":"2020年中报","PER_NETCASH_OPERATE":0.12731920395,"PER_OI":0.200895213142,"BPS":1.296432416935,"BASIC_EPS":0.037816416,"DILUTED_EPS":0.037816416,"OPERATE_INCOME":128815135.68,"OPERATE_INCOME_YOY":15.8681773739,"GROSS_PROFIT":null,"GROSS_PROFIT_YOY":null,"HOLDER_PROFIT":24246351.36,"HOLDER_PROFIT_YOY":-5.5541718555,"GROSS_PROFIT_RATIO":null,"EPS_TTM":0.071286071238,"OPERATE_INCOME_QOQ":7.892168794628,"NET_PROFIT_RATIO":19.5090127781,"ROE_AVG":2.970262130333,"GROSS_PROFIT_QOQ":null,"ROA":1.227770253769,"HOLDER_PROFIT_QOQ":-1.031693330457,"ROE_YEARLY":5.940524260666,"ROIC_YEARLY":3.371300257064,"TOTAL_ASSETS":2120187410.88,"TOTAL_LIABILITIES":1280886768.48,"TAX_EBT":16.65808366908,"OCF_SALES":63.375927160301,"TOTAL_PARENT_EQUITY":831279725.76,"DEBT_ASSET_RATIO":60.4138465263,"OPERATE_PROFIT":36508369.92,"PRETAX_PROFIT":30153567.84,"NETCASH_OPERATE":81637786.56,"NETCASH_INVEST":-254636928.48,"NETCASH_FINANCE":174723716.64,"END_CASH":528526431.84,"DIVI_RATIO":null,"DIVIDEND_RATE":null,"CURRENT_RATIO":2.074963436428,"COMMON_ACS":1000000000,"CURRENTDEBT_DEBT":63.728876169802,"ISSUED_COMMON_SHARES":641205600,"HK_COMMON_SHARES":641205600,"PER_SHARES":2000,"TOTAL_MARKET_CAP":166713456,"HKSK_MARKET_CAP":166713456,"PE_TTM":23816.208,"PB_TTM":0.17748464408,"REPORT_DATE_SQ":"2019-06-30 00:00:00","REPORT_TYPE_SQ":"2019年中报","OPERATE_INCOME_SQ":107062538.94,"DPS_HKD":null,"OPERATE_INCOME_QOQ_SQ":1.837129510097,"NET_PROFIT_RATIO_SQ":23.5791929931,"HOLDER_PROFIT_SQ":24722844.3,"HOLDER_PROFIT_QOQ_SQ":11.91092454477,"ROE_AVG_SQ":3.358973317047,"PE_TTM_SQ":9.800973870912,"PB_TTM_SQ":0.180750217801,"ROA_SQ":1.459021886886,"START_DATE":"2020-01-01 00:00:00","FISCAL_YEAR":"12-31","CURRENCY":"HKD","IS_CNY_CODE":0,"DPS_HKD_LY":null,"ORG_TYPE":"证券","PREMIUM_INCOME":null,"PREMIUM_INCOME_YOY":null,"NET_INTEREST_INCOME":null,"NET_INTEREST_INCOME_YOY":null,"FEE_COMMISSION_INCOME":null,"FEE_COMMISSION_INCOME_YOY":null,"ACCOUNTS_RECE_TDAYS":0.297974616946,"INVENTORY_TDAYS":null,"CURRENT_ASSETS_TDAYS":0.082707454826,"TOTAL_ASSETS_TDAYS":0.065228532522,"PREMIUM_EXPENSE":null,"LOAN_DEPOSIT":null,"LOAN_EQUITY":null,"LOAN_ASSETS":null,"DEPOSIT_EQUITY":null,"DEPOSIT_ASSETS":null,"EQUITY_MULTIPLIER":2.526135813282,"EQUITY_RATIO":1.540861311527}],"count":47},"success":true,"message":"ok","code":0}