{"version":"5ae136c9ecba44bc307598ffec4cab58","result":{"pages":5,"data":[{"SECUCODE":"00117.HK","SECURITY_CODE":"00117","SECURITY_NAME_ABBR":"天利控股集团","ORG_CODE":"10106566","STD_REPORT_DATE":"2024-06-30 00:00:00","REPORT_DATE":"2024-06-30 00:00:00","DATE_TYPE_CODE":"002","REPORT_TYPE":"2024年中报","PER_NETCASH_OPERATE":0.001233971131,"PER_OI":0.294600872776,"BPS":0.817920107419,"BASIC_EPS":-0.0794,"DILUTED_EPS":-0.0794,"OPERATE_INCOME":219404000,"OPERATE_INCOME_YOY":3.1935808554,"GROSS_PROFIT":27099000,"GROSS_PROFIT_YOY":55.259539360605,"HOLDER_PROFIT":-59169000,"HOLDER_PROFIT_YOY":15.1613782028,"GROSS_PROFIT_RATIO":12.351187763213,"EPS_TTM":-0.28408727761,"OPERATE_INCOME_QOQ":1.391347824661,"NET_PROFIT_RATIO":-26.9680589233,"ROE_AVG":-9.266084570698,"GROSS_PROFIT_QOQ":12.386187057751,"ROA":-2.884683592347,"HOLDER_PROFIT_QOQ":4.759889803194,"ROE_YEARLY":-18.532169141397,"ROIC_YEARLY":-5.907583740441,"TOTAL_ASSETS":2088497000,"TOTAL_LIABILITIES":1479351000,"TAX_EBT":-3.925598060913,"OCF_SALES":0.418862007985,"TOTAL_PARENT_EQUITY":609146000,"DEBT_ASSET_RATIO":70.833283457,"OPERATE_PROFIT":-41102000,"PRETAX_PROFIT":-56934000,"NETCASH_OPERATE":919000,"NETCASH_INVEST":-97370000,"NETCASH_FINANCE":128254000,"END_CASH":63308000,"DIVI_RATIO":null,"DIVIDEND_RATE":null,"CURRENT_RATIO":0.804465464919,"COMMON_ACS":1000000000,"CURRENTDEBT_DEBT":70.990116611947,"ISSUED_COMMON_SHARES":744750000,"HK_COMMON_SHARES":744750000,"PER_SHARES":2000,"TOTAL_MARKET_CAP":132565500,"HKSK_MARKET_CAP":132565500,"PE_TTM":-0.565740525436,"PB_TTM":0.198622137451,"REPORT_DATE_SQ":"2023-06-30 00:00:00","REPORT_TYPE_SQ":"2023年中报","OPERATE_INCOME_SQ":212614000,"DPS_HKD":null,"OPERATE_INCOME_QOQ_SQ":5.065070549592,"NET_PROFIT_RATIO_SQ":-32.8031079797,"HOLDER_PROFIT_SQ":-69743000,"HOLDER_PROFIT_QOQ_SQ":-34.799768210365,"ROE_AVG_SQ":-8.162522478449,"PE_TTM_SQ":-3.335134866937,"PB_TTM_SQ":0.342378257086,"ROA_SQ":-3.615153549297,"START_DATE":"2024-01-01 00:00:00","FISCAL_YEAR":"12-31","CURRENCY":"HKD","IS_CNY_CODE":0,"DPS_HKD_LY":null,"ORG_TYPE":"一般企业","PREMIUM_INCOME":null,"PREMIUM_INCOME_YOY":null,"NET_INTEREST_INCOME":null,"NET_INTEREST_INCOME_YOY":null,"FEE_COMMISSION_INCOME":null,"FEE_COMMISSION_INCOME_YOY":null,"ACCOUNTS_RECE_TDAYS":0.669279881399,"INVENTORY_TDAYS":0.931177911853,"CURRENT_ASSETS_TDAYS":0.237156722173,"TOTAL_ASSETS_TDAYS":0.10696667493,"PREMIUM_EXPENSE":null,"LOAN_DEPOSIT":null,"LOAN_EQUITY":null,"LOAN_ASSETS":null,"DEPOSIT_EQUITY":null,"DEPOSIT_ASSETS":null,"EQUITY_MULTIPLIER":3.428565565568,"EQUITY_RATIO":2.428565565562},{"SECUCODE":"00117.HK","SECURITY_CODE":"00117","SECURITY_NAME_ABBR":"天利控股集团","ORG_CODE":"10106566","STD_REPORT_DATE":"2023-12-31 00:00:00","REPORT_DATE":"2023-12-31 00:00:00","DATE_TYPE_CODE":"001","REPORT_TYPE":"2023年年报","PER_NETCASH_OPERATE":-0.006061094327,"PER_OI":0.655274924471,"BPS":0.896895602551,"BASIC_EPS":-0.298,"DILUTED_EPS":null,"OPERATE_INCOME":488016000,"OPERATE_INCOME_YOY":35.0434587702,"GROSS_PROFIT":77869000,"GROSS_PROFIT_YOY":394.343575418994,"HOLDER_PROFIT":-222148000,"HOLDER_PROFIT_YOY":-247.9162425021,"GROSS_PROFIT_RATIO":15.9562391397,"EPS_TTM":-0.298285330648,"OPERATE_INCOME_QOQ":28.533163366089,"NET_PROFIT_RATIO":-45.8009573457,"ROE_AVG":-28.580158642858,"GROSS_PROFIT_QOQ":271.122867219521,"ROA":-11.598942902038,"HOLDER_PROFIT_QOQ":-158.09854654878,"ROE_YEARLY":-28.580158642858,"ROIC_YEARLY":-11.905988205918,"TOTAL_ASSETS":2013790000,"TOTAL_LIABILITIES":1345827000,"TAX_EBT":-14.473306838202,"OCF_SALES":-0.924969673125,"TOTAL_PARENT_EQUITY":667963000,"DEBT_ASSET_RATIO":66.8305533348,"OPERATE_PROFIT":-161032000,"PRETAX_PROFIT":-195256000,"NETCASH_OPERATE":-4514000,"NETCASH_INVEST":-332559000,"NETCASH_FINANCE":307176000,"END_CASH":32671000,"DIVI_RATIO":null,"DIVIDEND_RATE":null,"CURRENT_RATIO":1.043396549488,"COMMON_ACS":1000000000,"CURRENTDEBT_DEBT":71.600956140722,"ISSUED_COMMON_SHARES":744750000,"HK_COMMON_SHARES":744750000,"PER_SHARES":2000,"TOTAL_MARKET_CAP":146715750,"HKSK_MARKET_CAP":146715750,"PE_TTM":-0.62612855905,"PB_TTM":0.219823376842,"REPORT_DATE_SQ":"2022-12-31 00:00:00","REPORT_TYPE_SQ":"2022年年报","OPERATE_INCOME_SQ":361377000,"DPS_HKD":null,"OPERATE_INCOME_QOQ_SQ":-15.517761335344,"NET_PROFIT_RATIO_SQ":-17.9089980823,"HOLDER_PROFIT_SQ":-63851000,"HOLDER_PROFIT_QOQ_SQ":-787.929356139619,"ROE_AVG_SQ":-6.994211928422,"PE_TTM_SQ":-2.88773872625,"PB_TTM_SQ":0.296449466502,"ROA_SQ":-3.749061648346,"START_DATE":"2023-01-01 00:00:00","FISCAL_YEAR":"12-31","CURRENCY":"HKD","IS_CNY_CODE":0,"DPS_HKD_LY":null,"ORG_TYPE":"一般企业","PREMIUM_INCOME":null,"PREMIUM_INCOME_YOY":null,"NET_INTEREST_INCOME":null,"NET_INTEREST_INCOME_YOY":null,"FEE_COMMISSION_INCOME":null,"FEE_COMMISSION_INCOME_YOY":null,"ACCOUNTS_RECE_TDAYS":1.603324818687,"INVENTORY_TDAYS":2.101302853161,"CURRENT_ASSETS_TDAYS":0.562840266441,"TOTAL_ASSETS_TDAYS":0.254806242653,"PREMIUM_EXPENSE":null,"LOAN_DEPOSIT":null,"LOAN_EQUITY":null,"LOAN_ASSETS":null,"DEPOSIT_EQUITY":null,"DEPOSIT_ASSETS":null,"EQUITY_MULTIPLIER":3.014822677308,"EQUITY_RATIO":2.014822677304},{"SECUCODE":"00117.HK","SECURITY_CODE":"00117","SECURITY_NAME_ABBR":"天利控股集团","ORG_CODE":"10106566","STD_REPORT_DATE":"2023-06-30 00:00:00","REPORT_DATE":"2023-06-30 00:00:00","DATE_TYPE_CODE":"002","REPORT_TYPE":"2023年中报","PER_NETCASH_OPERATE":-0.095966431688,"PER_OI":0.285483719369,"BPS":1.10407653575,"BASIC_EPS":-0.0936,"DILUTED_EPS":-0.0936,"OPERATE_INCOME":212614000,"OPERATE_INCOME_YOY":9.4199989707,"GROSS_PROFIT":17454000,"GROSS_PROFIT_YOY":42.784685863874,"HOLDER_PROFIT":-69743000,"HOLDER_PROFIT_YOY":-46.7563074722,"GROSS_PROFIT_RATIO":8.20924304138,"EPS_TTM":-0.115570325613,"OPERATE_INCOME_QOQ":5.065070549592,"NET_PROFIT_RATIO":-32.8031079797,"ROE_AVG":-8.162522478449,"GROSS_PROFIT_QOQ":33.202133062468,"ROA":-3.615153549297,"HOLDER_PROFIT_QOQ":-34.799768210365,"ROE_YEARLY":-16.325044956898,"ROIC_YEARLY":-7.579265612273,"TOTAL_ASSETS":2041673000,"TOTAL_LIABILITIES":1215889000,"TAX_EBT":-2.049953908959,"OCF_SALES":-33.615378103041,"TOTAL_PARENT_EQUITY":822261000,"DEBT_ASSET_RATIO":59.5535622012,"OPERATE_PROFIT":-60219000,"PRETAX_PROFIT":-68343000,"NETCASH_OPERATE":-71471000,"NETCASH_INVEST":-86994000,"NETCASH_FINANCE":203196000,"END_CASH":108007000,"DIVI_RATIO":null,"DIVIDEND_RATE":null,"CURRENT_RATIO":1.00836362455,"COMMON_ACS":1000000000,"CURRENTDEBT_DEBT":68.353196714503,"ISSUED_COMMON_SHARES":744750000,"HK_COMMON_SHARES":744750000,"PER_SHARES":2000,"TOTAL_MARKET_CAP":146715750,"HKSK_MARKET_CAP":146715750,"PE_TTM":-0.62612855905,"PB_TTM":0.219823376842,"REPORT_DATE_SQ":"2022-06-30 00:00:00","REPORT_TYPE_SQ":"2022年中报","OPERATE_INCOME_SQ":194310000,"DPS_HKD":null,"OPERATE_INCOME_QOQ_SQ":-22.014668910333,"NET_PROFIT_RATIO_SQ":-24.9045339921,"HOLDER_PROFIT_SQ":-47523000,"HOLDER_PROFIT_QOQ_SQ":-110.449149217513,"ROE_AVG_SQ":-5.167908358064,"PE_TTM_SQ":-2.88773872625,"PB_TTM_SQ":0.296449466502,"ROA_SQ":-2.986383966795,"START_DATE":"2023-01-01 00:00:00","FISCAL_YEAR":"12-31","CURRENCY":"HKD","IS_CNY_CODE":0,"DPS_HKD_LY":null,"ORG_TYPE":"一般企业","PREMIUM_INCOME":null,"PREMIUM_INCOME_YOY":null,"NET_INTEREST_INCOME":null,"NET_INTEREST_INCOME_YOY":null,"FEE_COMMISSION_INCOME":null,"FEE_COMMISSION_INCOME_YOY":null,"ACCOUNTS_RECE_TDAYS":0.750397938836,"INVENTORY_TDAYS":1.060070287505,"CURRENT_ASSETS_TDAYS":0.271411848658,"TOTAL_ASSETS_TDAYS":0.110209233433,"PREMIUM_EXPENSE":null,"LOAN_DEPOSIT":null,"LOAN_EQUITY":null,"LOAN_ASSETS":null,"DEPOSIT_EQUITY":null,"DEPOSIT_ASSETS":null,"EQUITY_MULTIPLIER":2.472405616966,"EQUITY_RATIO":1.478714179561},{"SECUCODE":"00117.HK","SECURITY_CODE":"00117","SECURITY_NAME_ABBR":"天利控股集团","ORG_CODE":"10106566","STD_REPORT_DATE":"2022-12-31 00:00:00","REPORT_DATE":"2022-12-31 00:00:00","DATE_TYPE_CODE":"001","REPORT_TYPE":"2022年年报","PER_NETCASH_OPERATE":-0.012576032226,"PER_OI":0.485232628399,"BPS":1.190463914065,"BASIC_EPS":-0.086,"DILUTED_EPS":null,"OPERATE_INCOME":361377000,"OPERATE_INCOME_YOY":-34.1162464654,"GROSS_PROFIT":15752000,"GROSS_PROFIT_YOY":-92.780637148187,"HOLDER_PROFIT":-63851000,"HOLDER_PROFIT_YOY":-192.7810633691,"GROSS_PROFIT_RATIO":4.358882828736,"EPS_TTM":-0.085734810339,"OPERATE_INCOME_QOQ":-15.517761335344,"NET_PROFIT_RATIO":-17.9089980823,"ROE_AVG":-6.994211928422,"GROSS_PROFIT_QOQ":-84.433398227115,"ROA":-3.749061648346,"HOLDER_PROFIT_QOQ":-787.929356139619,"ROE_YEARLY":-6.994211928422,"ROIC_YEARLY":-3.907596131632,"TOTAL_ASSETS":1816697000,"TOTAL_LIABILITIES":926454000,"TAX_EBT":4.789996322177,"OCF_SALES":-2.591753210636,"TOTAL_PARENT_EQUITY":886598000,"DEBT_ASSET_RATIO":50.9966163868,"OPERATE_PROFIT":-64449000,"PRETAX_PROFIT":-67975000,"NETCASH_OPERATE":-19919000,"NETCASH_INVEST":-245142000,"NETCASH_FINANCE":267124000,"END_CASH":62469000,"DIVI_RATIO":null,"DIVIDEND_RATE":null,"CURRENT_RATIO":1.185276516698,"COMMON_ACS":1000000000,"CURRENTDEBT_DEBT":66.357638911376,"ISSUED_COMMON_SHARES":744750000,"HK_COMMON_SHARES":744750000,"PER_SHARES":2000,"TOTAL_MARKET_CAP":146715750,"HKSK_MARKET_CAP":146715750,"PE_TTM":-0.62612855905,"PB_TTM":0.219823376842,"REPORT_DATE_SQ":"2021-12-31 00:00:00","REPORT_TYPE_SQ":"2021年年报","OPERATE_INCOME_SQ":548507000,"DPS_HKD":null,"OPERATE_INCOME_QOQ_SQ":-10.148723669489,"NET_PROFIT_RATIO_SQ":12.6656542214,"HOLDER_PROFIT_SQ":68819000,"HOLDER_PROFIT_QOQ_SQ":108.84620053411,"ROE_AVG_SQ":7.604691727595,"PE_TTM_SQ":-2.88773872625,"PB_TTM_SQ":0.296449466502,"ROA_SQ":4.65872893108,"START_DATE":"2022-01-01 00:00:00","FISCAL_YEAR":"12-31","CURRENCY":"HKD","IS_CNY_CODE":0,"DPS_HKD_LY":null,"ORG_TYPE":"一般企业","PREMIUM_INCOME":null,"PREMIUM_INCOME_YOY":null,"NET_INTEREST_INCOME":null,"NET_INTEREST_INCOME_YOY":null,"FEE_COMMISSION_INCOME":null,"FEE_COMMISSION_INCOME_YOY":null,"ACCOUNTS_RECE_TDAYS":1.596999359215,"INVENTORY_TDAYS":1.55945792904,"CURRENT_ASSETS_TDAYS":0.565440971106,"TOTAL_ASSETS_TDAYS":0.212185345773,"PREMIUM_EXPENSE":null,"LOAN_DEPOSIT":null,"LOAN_EQUITY":null,"LOAN_ASSETS":null,"DEPOSIT_EQUITY":null,"DEPOSIT_ASSETS":null,"EQUITY_MULTIPLIER":2.040675411097,"EQUITY_RATIO":1.044953857329},{"SECUCODE":"00117.HK","SECURITY_CODE":"00117","SECURITY_NAME_ABBR":"天利控股集团","ORG_CODE":"10106566","STD_REPORT_DATE":"2022-06-30 00:00:00","REPORT_DATE":"2022-06-30 00:00:00","DATE_TYPE_CODE":"002","REPORT_TYPE":"2022年中报","PER_NETCASH_OPERATE":-0.022096005371,"PER_OI":0.260906344411,"BPS":1.208367908694,"BASIC_EPS":-0.0638,"DILUTED_EPS":-0.0638,"OPERATE_INCOME":194310000,"OPERATE_INCOME_YOY":-38.3264246402,"GROSS_PROFIT":12224000,"GROSS_PROFIT_YOY":-90.540456881075,"HOLDER_PROFIT":-47523000,"HOLDER_PROFIT_YOY":-266.8234633342,"GROSS_PROFIT_RATIO":6.290978333591,"EPS_TTM":-0.009655589124,"OPERATE_INCOME_QOQ":-22.014668910333,"NET_PROFIT_RATIO":-24.9045339921,"ROE_AVG":-5.167908358064,"GROSS_PROFIT_QOQ":-53.622743376216,"ROA":-2.986383966795,"HOLDER_PROFIT_QOQ":-110.449149217513,"ROE_YEARLY":-10.335816716128,"ROIC_YEARLY":-6.304244151995,"TOTAL_ASSETS":1593103000,"TOTAL_LIABILITIES":688892000,"TAX_EBT":-2.551496143087,"OCF_SALES":-8.468941382327,"TOTAL_PARENT_EQUITY":899932000,"DEBT_ASSET_RATIO":43.2421506958,"OPERATE_PROFIT":-57260000,"PRETAX_PROFIT":-47188000,"NETCASH_OPERATE":-16456000,"NETCASH_INVEST":3459000,"NETCASH_FINANCE":51502000,"END_CASH":90984000,"DIVI_RATIO":null,"DIVIDEND_RATE":null,"CURRENT_RATIO":1.279598372471,"COMMON_ACS":1000000000,"CURRENTDEBT_DEBT":61.327610133374,"ISSUED_COMMON_SHARES":744750000,"HK_COMMON_SHARES":744750000,"PER_SHARES":2000,"TOTAL_MARKET_CAP":146715750,"HKSK_MARKET_CAP":146715750,"PE_TTM":-0.62612855905,"PB_TTM":0.219823376842,"REPORT_DATE_SQ":"2021-06-30 00:00:00","REPORT_TYPE_SQ":"2021年中报","OPERATE_INCOME_SQ":315062000,"DPS_HKD":null,"OPERATE_INCOME_QOQ_SQ":38.247842924112,"NET_PROFIT_RATIO_SQ":8.9223708349,"HOLDER_PROFIT_SQ":28487000,"HOLDER_PROFIT_QOQ_SQ":671.388937055662,"ROE_AVG_SQ":3.218768219763,"PE_TTM_SQ":-2.88773872625,"PB_TTM_SQ":0.296449466502,"ROA_SQ":2.038360124361,"START_DATE":"2022-01-01 00:00:00","FISCAL_YEAR":"12-31","CURRENCY":"HKD","IS_CNY_CODE":0,"DPS_HKD_LY":null,"ORG_TYPE":"一般企业","PREMIUM_INCOME":null,"PREMIUM_INCOME_YOY":null,"NET_INTEREST_INCOME":null,"NET_INTEREST_INCOME_YOY":null,"FEE_COMMISSION_INCOME":null,"FEE_COMMISSION_INCOME_YOY":null,"ACCOUNTS_RECE_TDAYS":1.002719536801,"INVENTORY_TDAYS":0.800478301677,"CURRENT_ASSETS_TDAYS":0.356485341831,"TOTAL_ASSETS_TDAYS":0.122105984174,"PREMIUM_EXPENSE":null,"LOAN_DEPOSIT":null,"LOAN_EQUITY":null,"LOAN_ASSETS":null,"DEPOSIT_EQUITY":null,"DEPOSIT_ASSETS":null,"EQUITY_MULTIPLIER":1.761870846516,"EQUITY_RATIO":0.765493392834},{"SECUCODE":"00117.HK","SECURITY_CODE":"00117","SECURITY_NAME_ABBR":"天利控股集团","ORG_CODE":"10106566","STD_REPORT_DATE":"2021-12-31 00:00:00","REPORT_DATE":"2021-12-31 00:00:00","DATE_TYPE_CODE":"001","REPORT_TYPE":"2021年年报","PER_NETCASH_OPERATE":0.016747901981,"PER_OI":0.736498153743,"BPS":1.261129237999,"BASIC_EPS":0.092,"DILUTED_EPS":0.092,"OPERATE_INCOME":548507000,"OPERATE_INCOME_YOY":24.2174513667,"GROSS_PROFIT":218191000,"GROSS_PROFIT_YOY":44.702425954664,"HOLDER_PROFIT":68819000,"HOLDER_PROFIT_YOY":1293.324085313,"GROSS_PROFIT_RATIO":39.779073010919,"EPS_TTM":0.092405505203,"OPERATE_INCOME_QOQ":-10.148723669489,"NET_PROFIT_RATIO":12.6656542214,"ROE_AVG":7.604691727595,"GROSS_PROFIT_QOQ":1.93126129956,"ROA":4.65872893108,"HOLDER_PROFIT_QOQ":108.84620053411,"ROE_YEARLY":7.604691727595,"ROIC_YEARLY":4.904810233399,"TOTAL_ASSETS":1589542000,"TOTAL_LIABILITIES":641100000,"TAX_EBT":-19.084584275824,"OCF_SALES":2.273991033843,"TOTAL_PARENT_EQUITY":939226000,"DEBT_ASSET_RATIO":40.3323724696,"OPERATE_PROFIT":61802000,"PRETAX_PROFIT":58356000,"NETCASH_OPERATE":12473000,"NETCASH_INVEST":-148710000,"NETCASH_FINANCE":133865000,"END_CASH":62864000,"DIVI_RATIO":null,"DIVIDEND_RATE":null,"CURRENT_RATIO":0.949732381879,"COMMON_ACS":1000000000,"CURRENTDEBT_DEBT":90.25471845266,"ISSUED_COMMON_SHARES":744750000,"HK_COMMON_SHARES":744750000,"PER_SHARES":2000,"TOTAL_MARKET_CAP":146715750,"HKSK_MARKET_CAP":146715750,"PE_TTM":-0.62612855905,"PB_TTM":0.219823376842,"REPORT_DATE_SQ":"2020-12-31 00:00:00","REPORT_TYPE_SQ":"2020年年报","OPERATE_INCOME_SQ":441570000,"DPS_HKD":null,"OPERATE_INCOME_QOQ_SQ":33.214068071704,"NET_PROFIT_RATIO_SQ":-1.2500849242,"HOLDER_PROFIT_SQ":-5767000,"HOLDER_PROFIT_QOQ_SQ":93.4179440063,"ROE_AVG_SQ":-0.663418405115,"PE_TTM_SQ":-2.88773872625,"PB_TTM_SQ":0.296449466502,"ROA_SQ":-0.429809090086,"START_DATE":"2021-01-01 00:00:00","FISCAL_YEAR":"12-31","CURRENCY":"HKD","IS_CNY_CODE":0,"DPS_HKD_LY":null,"ORG_TYPE":"一般企业","PREMIUM_INCOME":null,"PREMIUM_INCOME_YOY":null,"NET_INTEREST_INCOME":null,"NET_INTEREST_INCOME_YOY":null,"FEE_COMMISSION_INCOME":null,"FEE_COMMISSION_INCOME_YOY":null,"ACCOUNTS_RECE_TDAYS":2.915954078961,"INVENTORY_TDAYS":1.548816054766,"CURRENT_ASSETS_TDAYS":1.067818767089,"TOTAL_ASSETS_TDAYS":0.371313943795,"PREMIUM_EXPENSE":null,"LOAN_DEPOSIT":null,"LOAN_EQUITY":null,"LOAN_ASSETS":null,"DEPOSIT_EQUITY":null,"DEPOSIT_ASSETS":null,"EQUITY_MULTIPLIER":1.675950664354,"EQUITY_RATIO":0.682583318605},{"SECUCODE":"00117.HK","SECURITY_CODE":"00117","SECURITY_NAME_ABBR":"天利控股集团","ORG_CODE":"10106566","STD_REPORT_DATE":"2021-06-30 00:00:00","REPORT_DATE":"2021-06-30 00:00:00","DATE_TYPE_CODE":"002","REPORT_TYPE":"2021年中报","PER_NETCASH_OPERATE":0.067668345082,"PER_OI":0.423043974488,"BPS":1.207617321249,"BASIC_EPS":0.0383,"DILUTED_EPS":0.0383,"OPERATE_INCOME":315062000,"OPERATE_INCOME_YOY":115.543438849,"GROSS_PROFIT":129224000,"GROSS_PROFIT_YOY":95.933467772505,"HOLDER_PROFIT":28487000,"HOLDER_PROFIT_YOY":378.4108678655,"GROSS_PROFIT_RATIO":41.015419187335,"EPS_TTM":0.04424572004,"OPERATE_INCOME_QOQ":38.247842924112,"NET_PROFIT_RATIO":8.9223708349,"ROE_AVG":3.218768219763,"GROSS_PROFIT_QOQ":41.960792115979,"ROA":2.038360124361,"HOLDER_PROFIT_QOQ":671.388937055662,"ROE_YEARLY":6.437536439525,"ROIC_YEARLY":4.297496848007,"TOTAL_ASSETS":1430221000,"TOTAL_LIABILITIES":522615000,"TAX_EBT":3.613796886786,"OCF_SALES":15.995581821991,"TOTAL_PARENT_EQUITY":899373000,"DEBT_ASSET_RATIO":36.5408562733,"OPERATE_PROFIT":40089000,"PRETAX_PROFIT":29166000,"NETCASH_OPERATE":50396000,"NETCASH_INVEST":-73468000,"NETCASH_FINANCE":16375000,"END_CASH":59213000,"DIVI_RATIO":null,"DIVIDEND_RATE":null,"CURRENT_RATIO":1.195548361174,"COMMON_ACS":1000000000,"CURRENTDEBT_DEBT":82.862910555572,"ISSUED_COMMON_SHARES":744750000,"HK_COMMON_SHARES":744750000,"PER_SHARES":2000,"TOTAL_MARKET_CAP":146715750,"HKSK_MARKET_CAP":146715750,"PE_TTM":-0.62612855905,"PB_TTM":0.219823376842,"REPORT_DATE_SQ":"2020-06-30 00:00:00","REPORT_TYPE_SQ":"2020年中报","OPERATE_INCOME_SQ":146171000,"DPS_HKD":null,"OPERATE_INCOME_QOQ_SQ":-25.717781622281,"NET_PROFIT_RATIO_SQ":-7.023965082,"HOLDER_PROFIT_SQ":-10232000,"HOLDER_PROFIT_QOQ_SQ":30.44945068902,"ROE_AVG_SQ":-1.185364364578,"PE_TTM_SQ":-2.88773872625,"PB_TTM_SQ":0.296449466502,"ROA_SQ":-0.752263609873,"START_DATE":"2021-01-01 00:00:00","FISCAL_YEAR":"12-31","CURRENCY":"HKD","IS_CNY_CODE":0,"DPS_HKD_LY":null,"ORG_TYPE":"一般企业","PREMIUM_INCOME":null,"PREMIUM_INCOME_YOY":null,"NET_INTEREST_INCOME":null,"NET_INTEREST_INCOME_YOY":null,"FEE_COMMISSION_INCOME":null,"FEE_COMMISSION_INCOME_YOY":null,"ACCOUNTS_RECE_TDAYS":1.580006569528,"INVENTORY_TDAYS":0.974473797363,"CURRENT_ASSETS_TDAYS":0.632946307586,"TOTAL_ASSETS_TDAYS":0.225439610174,"PREMIUM_EXPENSE":null,"LOAN_DEPOSIT":null,"LOAN_EQUITY":null,"LOAN_ASSETS":null,"DEPOSIT_EQUITY":null,"DEPOSIT_ASSETS":null,"EQUITY_MULTIPLIER":1.575817039553,"EQUITY_RATIO":0.581088158083},{"SECUCODE":"00117.HK","SECURITY_CODE":"00117","SECURITY_NAME_ABBR":"天利控股集团","ORG_CODE":"10106566","STD_REPORT_DATE":"2020-12-31 00:00:00","REPORT_DATE":"2020-12-31 00:00:00","DATE_TYPE_CODE":"001","REPORT_TYPE":"2020年年报","PER_NETCASH_OPERATE":0.020487411883,"PER_OI":0.592910372608,"BPS":1.169094326955,"BASIC_EPS":-0.008,"DILUTED_EPS":-0.008,"OPERATE_INCOME":441570000,"OPERATE_INCOME_YOY":-1.0456350451,"GROSS_PROFIT":150786000,"GROSS_PROFIT_YOY":134.445550096399,"HOLDER_PROFIT":-5767000,"HOLDER_PROFIT_YOY":95.4221439004,"GROSS_PROFIT_RATIO":34.147700251376,"EPS_TTM":-0.0077435381,"OPERATE_INCOME_QOQ":33.214068071704,"NET_PROFIT_RATIO":-1.2500849242,"ROE_AVG":-0.663418405115,"GROSS_PROFIT_QOQ":72.200904481294,"ROA":-0.429809090086,"HOLDER_PROFIT_QOQ":93.4179440063,"ROE_YEARLY":-0.663418405115,"ROIC_YEARLY":-0.476570608807,"TOTAL_ASSETS":1364869000,"TOTAL_LIABILITIES":478337000,"TAX_EBT":21.238177128117,"OCF_SALES":3.455397785176,"TOTAL_PARENT_EQUITY":870683000,"DEBT_ASSET_RATIO":35.0463670872,"OPERATE_PROFIT":9342000,"PRETAX_PROFIT":-6978000,"NETCASH_OPERATE":15258000,"NETCASH_INVEST":-132704000,"NETCASH_FINANCE":-6669000,"END_CASH":60298000,"DIVI_RATIO":null,"DIVIDEND_RATE":null,"CURRENT_RATIO":1.198639312431,"COMMON_ACS":1000000000,"CURRENTDEBT_DEBT":83.334970951442,"ISSUED_COMMON_SHARES":744750000,"HK_COMMON_SHARES":744750000,"PER_SHARES":2000,"TOTAL_MARKET_CAP":146715750,"HKSK_MARKET_CAP":146715750,"PE_TTM":-0.62612855905,"PB_TTM":0.219823376842,"REPORT_DATE_SQ":"2019-12-31 00:00:00","REPORT_TYPE_SQ":"2019年年报","OPERATE_INCOME_SQ":446236000,"DPS_HKD":null,"OPERATE_INCOME_QOQ_SQ":-32.463082443786,"NET_PROFIT_RATIO_SQ":-28.200324492,"HOLDER_PROFIT_SQ":-125976000,"HOLDER_PROFIT_QOQ_SQ":-59.859905588549,"ROE_AVG_SQ":-13.582991717109,"PE_TTM_SQ":-2.88773872625,"PB_TTM_SQ":0.296449466502,"ROA_SQ":-8.089343919122,"START_DATE":"2020-01-01 00:00:00","FISCAL_YEAR":"12-31","CURRENCY":"HKD","IS_CNY_CODE":0,"DPS_HKD_LY":null,"ORG_TYPE":"一般企业","PREMIUM_INCOME":null,"PREMIUM_INCOME_YOY":null,"NET_INTEREST_INCOME":null,"NET_INTEREST_INCOME_YOY":null,"FEE_COMMISSION_INCOME":null,"FEE_COMMISSION_INCOME_YOY":null,"ACCOUNTS_RECE_TDAYS":2.824303710029,"INVENTORY_TDAYS":1.978842640008,"CURRENT_ASSETS_TDAYS":0.948790618024,"TOTAL_ASSETS_TDAYS":0.329097971058,"PREMIUM_EXPENSE":null,"LOAN_DEPOSIT":null,"LOAN_EQUITY":null,"LOAN_ASSETS":null,"DEPOSIT_EQUITY":null,"DEPOSIT_ASSETS":null,"EQUITY_MULTIPLIER":1.539559767723,"EQUITY_RATIO":0.549381347747},{"SECUCODE":"00117.HK","SECURITY_CODE":"00117","SECURITY_NAME_ABBR":"天利控股集团","ORG_CODE":"10106566","STD_REPORT_DATE":"2020-06-30 00:00:00","REPORT_DATE":"2020-06-30 00:00:00","DATE_TYPE_CODE":"002","REPORT_TYPE":"2020年中报","PER_NETCASH_OPERATE":-0.006907015777,"PER_OI":0.196268546492,"BPS":1.152737160121,"BASIC_EPS":-0.0137,"DILUTED_EPS":-0.0137,"OPERATE_INCOME":146171000,"OPERATE_INCOME_YOY":-43.9814051883,"GROSS_PROFIT":65953000,"GROSS_PROFIT_YOY":54.438590329001,"HOLDER_PROFIT":-10232000,"HOLDER_PROFIT_YOY":78.9426025396,"GROSS_PROFIT_RATIO":45.120441127173,"EPS_TTM":-0.117646189997,"OPERATE_INCOME_QOQ":-25.717781622281,"NET_PROFIT_RATIO":-7.023965082,"ROE_AVG":-1.185364364578,"GROSS_PROFIT_QOQ":36.146526525281,"ROA":-0.752263609873,"HOLDER_PROFIT_QOQ":30.44945068902,"ROE_YEARLY":-2.370728729157,"ROIC_YEARLY":-1.718903359144,"TOTAL_ASSETS":1401675000,"TOTAL_LIABILITIES":534425000,"TAX_EBT":-13.175303197354,"OCF_SALES":-3.519165908422,"TOTAL_PARENT_EQUITY":858501000,"DEBT_ASSET_RATIO":38.1275973389,"OPERATE_PROFIT":2105000,"PRETAX_PROFIT":-9070000,"NETCASH_OPERATE":-5144000,"NETCASH_INVEST":-35242000,"NETCASH_FINANCE":11598000,"END_CASH":143359000,"DIVI_RATIO":null,"DIVIDEND_RATE":null,"CURRENT_RATIO":1.123373057587,"COMMON_ACS":1000000000,"CURRENTDEBT_DEBT":83.483931328063,"ISSUED_COMMON_SHARES":744750000,"HK_COMMON_SHARES":744750000,"PER_SHARES":2000,"TOTAL_MARKET_CAP":146715750,"HKSK_MARKET_CAP":146715750,"PE_TTM":-0.62612855905,"PB_TTM":0.219823376842,"REPORT_DATE_SQ":"2019-06-30 00:00:00","REPORT_TYPE_SQ":"2019年中报","OPERATE_INCOME_SQ":260933000,"DPS_HKD":null,"OPERATE_INCOME_QOQ_SQ":-36.797383620269,"NET_PROFIT_RATIO_SQ":-18.5825480104,"HOLDER_PROFIT_SQ":-48591000,"HOLDER_PROFIT_QOQ_SQ":-149.369753163764,"ROE_AVG_SQ":-5.04375960477,"PE_TTM_SQ":-2.88773872625,"PB_TTM_SQ":0.296449466502,"ROA_SQ":-2.868009076628,"START_DATE":"2020-01-01 00:00:00","FISCAL_YEAR":"12-31","CURRENCY":"HKD","IS_CNY_CODE":0,"DPS_HKD_LY":null,"ORG_TYPE":"一般企业","PREMIUM_INCOME":null,"PREMIUM_INCOME_YOY":null,"NET_INTEREST_INCOME":null,"NET_INTEREST_INCOME_YOY":null,"FEE_COMMISSION_INCOME":null,"FEE_COMMISSION_INCOME_YOY":null,"ACCOUNTS_RECE_TDAYS":1.153491345126,"INVENTORY_TDAYS":0.521038205225,"CURRENT_ASSETS_TDAYS":0.306372320413,"TOTAL_ASSETS_TDAYS":0.107465914893,"PREMIUM_EXPENSE":null,"LOAN_DEPOSIT":null,"LOAN_EQUITY":null,"LOAN_ASSETS":null,"DEPOSIT_EQUITY":null,"DEPOSIT_ASSETS":null,"EQUITY_MULTIPLIER":1.61622946094,"EQUITY_RATIO":0.622509467083}],"count":40},"success":true,"message":"ok","code":0}