{"version":"50e0ac7f0de691c850387fbd2b63d01d","result":{"pages":6,"data":[{"SECUCODE":"00119.HK","SECURITY_CODE":"00119","SECURITY_NAME_ABBR":"保利置业集团","ORG_CODE":"10007399","STD_REPORT_DATE":"2024-06-30 00:00:00","REPORT_DATE":"2024-06-30 00:00:00","DATE_TYPE_CODE":"002","REPORT_TYPE":"2024年中报","PER_NETCASH_OPERATE":0.71599787697,"PER_OI":3.259891142438,"BPS":8.952307425116,"BASIC_EPS":0.0977,"DILUTED_EPS":0.0977,"OPERATE_INCOME":12456641000,"OPERATE_INCOME_YOY":-20.3496951851,"GROSS_PROFIT":1775918000,"GROSS_PROFIT_YOY":-54.927494888501,"HOLDER_PROFIT":373227000,"HOLDER_PROFIT_YOY":-41.611572963,"GROSS_PROFIT_RATIO":14.256796836322,"EPS_TTM":0.308448709105,"OPERATE_INCOME_QOQ":-7.775064742083,"NET_PROFIT_RATIO":1.9960597725,"ROE_AVG":1.092766019942,"GROSS_PROFIT_QOQ":-25.887524295518,"ROA":0.180880505931,"HOLDER_PROFIT_QOQ":-18.412170347204,"ROE_YEARLY":2.185532039883,"ROIC_YEARLY":0.458704136265,"TOTAL_ASSETS":206867018000,"TOTAL_LIABILITIES":161725260000,"TAX_EBT":57.083333333333,"OCF_SALES":21.96385847517,"TOTAL_PARENT_EQUITY":34208406000,"DEBT_ASSET_RATIO":78.1783686755,"OPERATE_PROFIT":1183079000,"PRETAX_PROFIT":579360000,"NETCASH_OPERATE":2735959000,"NETCASH_INVEST":-804247000,"NETCASH_FINANCE":27014000,"END_CASH":33590263000,"DIVI_RATIO":0.243853379119,"DIVIDEND_RATE":5.533333333333,"CURRENT_RATIO":1.697449369586,"COMMON_ACS":null,"CURRENTDEBT_DEBT":66.878663234179,"ISSUED_COMMON_SHARES":3821183118,"HK_COMMON_SHARES":3821183118,"PER_SHARES":1000,"TOTAL_MARKET_CAP":5731774677,"HKSK_MARKET_CAP":5731774677,"PE_TTM":4.376227817459,"PB_TTM":0.152923702794,"REPORT_DATE_SQ":"2023-06-30 00:00:00","REPORT_TYPE_SQ":"2023年中报","OPERATE_INCOME_SQ":15639163000,"DPS_HKD":0.083,"OPERATE_INCOME_QOQ_SQ":-7.434759418777,"NET_PROFIT_RATIO_SQ":4.5974711051,"HOLDER_PROFIT_SQ":639214000,"HOLDER_PROFIT_QOQ_SQ":-77.115057563089,"ROE_AVG_SQ":1.919423599388,"PE_TTM_SQ":42.982884233114,"PB_TTM_SQ":0.145422779204,"ROA_SQ":0.306461021953,"START_DATE":"2024-01-01 00:00:00","FISCAL_YEAR":"12-31","CURRENCY":"HKD","IS_CNY_CODE":0,"DPS_HKD_LY":0.083,"ORG_TYPE":"一般企业","PREMIUM_INCOME":null,"PREMIUM_INCOME_YOY":null,"NET_INTEREST_INCOME":null,"NET_INTEREST_INCOME_YOY":null,"FEE_COMMISSION_INCOME":null,"FEE_COMMISSION_INCOME_YOY":null,"ACCOUNTS_RECE_TDAYS":1.945717797966,"INVENTORY_TDAYS":0.08093819447,"CURRENT_ASSETS_TDAYS":0.067974437513,"TOTAL_ASSETS_TDAYS":0.060369789063,"PREMIUM_EXPENSE":null,"LOAN_DEPOSIT":null,"LOAN_EQUITY":null,"LOAN_ASSETS":null,"DEPOSIT_EQUITY":null,"DEPOSIT_ASSETS":null,"EQUITY_MULTIPLIER":4.582608812006,"EQUITY_RATIO":4.727646766119},{"SECUCODE":"00119.HK","SECURITY_CODE":"00119","SECURITY_NAME_ABBR":"保利置业集团","ORG_CODE":"10007399","STD_REPORT_DATE":"2023-12-31 00:00:00","REPORT_DATE":"2023-12-31 00:00:00","DATE_TYPE_CODE":"001","REPORT_TYPE":"2023年年报","PER_NETCASH_OPERATE":1.405156160852,"PER_OI":10.711974992034,"BPS":8.924008336415,"BASIC_EPS":0.3781,"DILUTED_EPS":0.3781,"OPERATE_INCOME":40932418000,"OPERATE_INCOME_YOY":-0.4738894218,"GROSS_PROFIT":8360081000,"GROSS_PROFIT_YOY":-24.551682499228,"HOLDER_PROFIT":1444626000,"HOLDER_PROFIT_YOY":77.0053960801,"GROSS_PROFIT_RATIO":20.42410736644,"EPS_TTM":0.378057254884,"OPERATE_INCOME_QOQ":7.519961006156,"NET_PROFIT_RATIO":3.9868350802,"ROE_AVG":4.310353341465,"GROSS_PROFIT_QOQ":-14.077680629628,"ROA":0.706546169634,"HOLDER_PROFIT_QOQ":673.457903895061,"ROE_YEARLY":4.310353341465,"ROIC_YEARLY":0.885727970448,"TOTAL_ASSETS":205810952000,"TOTAL_LIABILITIES":160650319000,"TAX_EBT":59.527064949082,"OCF_SALES":13.117619877721,"TOTAL_PARENT_EQUITY":34100270000,"DEBT_ASSET_RATIO":78.0572255455,"OPERATE_PROFIT":5717328000,"PRETAX_PROFIT":4032097000,"NETCASH_OPERATE":5369359000,"NETCASH_INVEST":-1289820000,"NETCASH_FINANCE":-3826400000,"END_CASH":31631917000,"DIVI_RATIO":0.198954679558,"DIVIDEND_RATE":4.97005988024,"CURRENT_RATIO":1.729405254835,"COMMON_ACS":null,"CURRENTDEBT_DEBT":65.836769362406,"ISSUED_COMMON_SHARES":3821183118,"HK_COMMON_SHARES":3821183118,"PER_SHARES":1000,"TOTAL_MARKET_CAP":6381375807.06,"HKSK_MARKET_CAP":6381375807.06,"PE_TTM":4.872200303438,"PB_TTM":0.170255055777,"REPORT_DATE_SQ":"2022-12-31 00:00:00","REPORT_TYPE_SQ":"2022年年报","OPERATE_INCOME_SQ":41127316000,"DPS_HKD":0.083,"OPERATE_INCOME_QOQ_SQ":10.626015076532,"NET_PROFIT_RATIO_SQ":2.4541499377,"HOLDER_PROFIT_SQ":816148000,"HOLDER_PROFIT_QOQ_SQ":-57.843211400828,"ROE_AVG_SQ":2.533398831753,"PE_TTM_SQ":48.239783743639,"PB_TTM_SQ":0.163208298962,"ROA_SQ":0.371985351075,"START_DATE":"2023-01-01 00:00:00","FISCAL_YEAR":"12-31","CURRENCY":"HKD","IS_CNY_CODE":0,"DPS_HKD_LY":0.048,"ORG_TYPE":"一般企业","PREMIUM_INCOME":null,"PREMIUM_INCOME_YOY":null,"NET_INTEREST_INCOME":null,"NET_INTEREST_INCOME_YOY":null,"FEE_COMMISSION_INCOME":null,"FEE_COMMISSION_INCOME_YOY":null,"ACCOUNTS_RECE_TDAYS":7.919456168845,"INVENTORY_TDAYS":0.24460760962,"CURRENT_ASSETS_TDAYS":0.225917286941,"TOTAL_ASSETS_TDAYS":0.200194674274,"PREMIUM_EXPENSE":null,"LOAN_DEPOSIT":null,"LOAN_EQUITY":null,"LOAN_ASSETS":null,"DEPOSIT_EQUITY":null,"DEPOSIT_ASSETS":null,"EQUITY_MULTIPLIER":4.5573088402,"EQUITY_RATIO":4.711115747764},{"SECUCODE":"00119.HK","SECURITY_CODE":"00119","SECURITY_NAME_ABBR":"保利置业集团","ORG_CODE":"10007399","STD_REPORT_DATE":"2023-06-30 00:00:00","REPORT_DATE":"2023-06-30 00:00:00","DATE_TYPE_CODE":"002","REPORT_TYPE":"2023年中报","PER_NETCASH_OPERATE":1.375515864508,"PER_OI":4.092754133224,"BPS":8.812595984048,"BASIC_EPS":0.1673,"DILUTED_EPS":0.1673,"OPERATE_INCOME":15639163000,"OPERATE_INCOME_YOY":-16.3541564154,"GROSS_PROFIT":3940136000,"GROSS_PROFIT_YOY":-25.529426862877,"HOLDER_PROFIT":639214000,"HOLDER_PROFIT_YOY":-49.6121275088,"GROSS_PROFIT_RATIO":25.194033721626,"EPS_TTM":0.048878840462,"OPERATE_INCOME_QOQ":-7.434759418777,"NET_PROFIT_RATIO":4.5974711051,"ROE_AVG":1.919423599388,"GROSS_PROFIT_QOQ":-12.190082793799,"ROA":0.306461021953,"HOLDER_PROFIT_QOQ":-77.115057563089,"ROE_YEARLY":3.838847198776,"ROIC_YEARLY":0.768192974309,"TOTAL_ASSETS":214043243000,"TOTAL_LIABILITIES":170049844000,"TAX_EBT":65.728065191445,"OCF_SALES":33.60856332273,"TOTAL_PARENT_EQUITY":33674543000,"DEBT_ASSET_RATIO":79.4464901655,"OPERATE_PROFIT":2884266000,"PRETAX_PROFIT":2097944000,"NETCASH_OPERATE":5256098000,"NETCASH_INVEST":-1398675000,"NETCASH_FINANCE":-1359141000,"END_CASH":33966220000,"DIVI_RATIO":1.53883069421,"DIVIDEND_RATE":4.97005988024,"CURRENT_RATIO":1.751718824642,"COMMON_ACS":null,"CURRENTDEBT_DEBT":63.854953021892,"ISSUED_COMMON_SHARES":3821183118,"HK_COMMON_SHARES":3821183118,"PER_SHARES":1000,"TOTAL_MARKET_CAP":6381375807.06,"HKSK_MARKET_CAP":6381375807.06,"PE_TTM":4.872200303438,"PB_TTM":0.170255055777,"REPORT_DATE_SQ":"2022-06-30 00:00:00","REPORT_TYPE_SQ":"2022年中报","OPERATE_INCOME_SQ":18696880000,"DPS_HKD":0.083,"OPERATE_INCOME_QOQ_SQ":24.534630095781,"NET_PROFIT_RATIO_SQ":6.5780592861,"HOLDER_PROFIT_SQ":1268587000,"HOLDER_PROFIT_QOQ_SQ":-4.553999240569,"ROE_AVG_SQ":4.347460618758,"PE_TTM_SQ":48.239783743639,"PB_TTM_SQ":0.163208298962,"ROA_SQ":0.643795348965,"START_DATE":"2023-01-01 00:00:00","FISCAL_YEAR":"12-31","CURRENCY":"HKD","IS_CNY_CODE":0,"DPS_HKD_LY":0.048,"ORG_TYPE":"一般企业","PREMIUM_INCOME":null,"PREMIUM_INCOME_YOY":null,"NET_INTEREST_INCOME":null,"NET_INTEREST_INCOME_YOY":null,"FEE_COMMISSION_INCOME":null,"FEE_COMMISSION_INCOME_YOY":null,"ACCOUNTS_RECE_TDAYS":2.698951641051,"INVENTORY_TDAYS":0.086842282849,"CURRENT_ASSETS_TDAYS":0.084613022986,"TOTAL_ASSETS_TDAYS":0.074979488489,"PREMIUM_EXPENSE":null,"LOAN_DEPOSIT":null,"LOAN_EQUITY":null,"LOAN_ASSETS":null,"DEPOSIT_EQUITY":null,"DEPOSIT_ASSETS":null,"EQUITY_MULTIPLIER":4.865349072018,"EQUITY_RATIO":5.049804061187},{"SECUCODE":"00119.HK","SECURITY_CODE":"00119","SECURITY_NAME_ABBR":"保利置业集团","ORG_CODE":"10007399","STD_REPORT_DATE":"2022-12-31 00:00:00","REPORT_DATE":"2022-12-31 00:00:00","DATE_TYPE_CODE":"001","REPORT_TYPE":"2022年年报","PER_NETCASH_OPERATE":-3.51668909472,"PER_OI":10.762979613897,"BPS":8.617813641246,"BASIC_EPS":0.2171,"DILUTED_EPS":0.2171,"OPERATE_INCOME":41127316000,"OPERATE_INCOME_YOY":35.709481056,"GROSS_PROFIT":11080540000,"GROSS_PROFIT_YOY":7.990655949864,"HOLDER_PROFIT":816148000,"HOLDER_PROFIT_YOY":-60.364156269,"GROSS_PROFIT_RATIO":26.942045038874,"EPS_TTM":0.213585157999,"OPERATE_INCOME_QOQ":10.626015076532,"NET_PROFIT_RATIO":2.4541499377,"ROE_AVG":2.533398831753,"GROSS_PROFIT_QOQ":0.271860839635,"ROA":0.371985351075,"HOLDER_PROFIT_QOQ":-57.843211400828,"ROE_YEARLY":2.533398831753,"ROIC_YEARLY":0.460589937272,"TOTAL_ASSETS":203115191000,"TOTAL_LIABILITIES":161325247000,"TAX_EBT":82.703446900196,"OCF_SALES":-32.673936222826,"TOTAL_PARENT_EQUITY":32930244000,"DEBT_ASSET_RATIO":79.4254955554,"OPERATE_PROFIT":7471962000,"PRETAX_PROFIT":5835417000,"NETCASH_OPERATE":-13437913000,"NETCASH_INVEST":239954000,"NETCASH_FINANCE":13880398000,"END_CASH":31178704000,"DIVI_RATIO":0.352160518572,"DIVIDEND_RATE":4.97005988024,"CURRENT_RATIO":1.832865525745,"COMMON_ACS":null,"CURRENTDEBT_DEBT":60.689899950998,"ISSUED_COMMON_SHARES":3821183118,"HK_COMMON_SHARES":3821183118,"PER_SHARES":1000,"TOTAL_MARKET_CAP":6381375807.06,"HKSK_MARKET_CAP":6381375807.06,"PE_TTM":4.872200303438,"PB_TTM":0.170255055777,"REPORT_DATE_SQ":"2021-12-31 00:00:00","REPORT_TYPE_SQ":"2021年年报","OPERATE_INCOME_SQ":30305411000,"DPS_HKD":0.083,"OPERATE_INCOME_QOQ_SQ":14.059091037271,"NET_PROFIT_RATIO_SQ":7.1391987132,"HOLDER_PROFIT_SQ":2059116000,"HOLDER_PROFIT_QOQ_SQ":-8.202031994121,"ROE_AVG_SQ":6.717773849969,"PE_TTM_SQ":48.239783743639,"PB_TTM_SQ":0.163208298962,"ROA_SQ":1.124533669547,"START_DATE":"2022-01-01 00:00:00","FISCAL_YEAR":"12-31","CURRENCY":"HKD","IS_CNY_CODE":0,"DPS_HKD_LY":0.135,"ORG_TYPE":"一般企业","PREMIUM_INCOME":null,"PREMIUM_INCOME_YOY":null,"NET_INTEREST_INCOME":null,"NET_INTEREST_INCOME_YOY":null,"FEE_COMMISSION_INCOME":null,"FEE_COMMISSION_INCOME_YOY":null,"ACCOUNTS_RECE_TDAYS":6.009300046194,"INVENTORY_TDAYS":0.215171539156,"CURRENT_ASSETS_TDAYS":0.21246891419,"TOTAL_ASSETS_TDAYS":0.187450794231,"PREMIUM_EXPENSE":null,"LOAN_DEPOSIT":null,"LOAN_EQUITY":null,"LOAN_ASSETS":null,"DEPOSIT_EQUITY":null,"DEPOSIT_ASSETS":null,"EQUITY_MULTIPLIER":4.860384378601,"EQUITY_RATIO":4.898999442579},{"SECUCODE":"00119.HK","SECURITY_CODE":"00119","SECURITY_NAME_ABBR":"保利置业集团","ORG_CODE":"10007399","STD_REPORT_DATE":"2022-06-30 00:00:00","REPORT_DATE":"2022-06-30 00:00:00","DATE_TYPE_CODE":"002","REPORT_TYPE":"2022年中报","PER_NETCASH_OPERATE":-2.456090021165,"PER_OI":5.035018903761,"BPS":8.49895726104,"BASIC_EPS":0.3416,"DILUTED_EPS":0.3416,"OPERATE_INCOME":18696880000,"OPERATE_INCOME_YOY":58.1504626241,"GROSS_PROFIT":5290863000,"GROSS_PROFIT_YOY":19.072478174504,"HOLDER_PROFIT":1268587000,"HOLDER_PROFIT_YOY":-9.1966594115,"GROSS_PROFIT_RATIO":28.298108323358,"EPS_TTM":0.521354786978,"OPERATE_INCOME_QOQ":24.534630095781,"NET_PROFIT_RATIO":6.5780592861,"ROE_AVG":4.347460618758,"GROSS_PROFIT_QOQ":9.331252818962,"ROA":0.643795348965,"HOLDER_PROFIT_QOQ":-4.553999240569,"ROE_YEARLY":8.694921237517,"ROIC_YEARLY":1.615407928787,"TOTAL_ASSETS":199662157705.71,"TOTAL_LIABILITIES":158288830045.57,"TAX_EBT":61.890035972148,"OCF_SALES":-47.913714101923,"TOTAL_PARENT_EQUITY":32476072006.49,"DEBT_ASSET_RATIO":79.2783328921,"OPERATE_PROFIT":4051723000,"PRETAX_PROFIT":3227219000,"NETCASH_OPERATE":-9447891000,"NETCASH_INVEST":499447000,"NETCASH_FINANCE":13601972000,"END_CASH":34763771000,"DIVI_RATIO":0.144270776597,"DIVIDEND_RATE":4.97005988024,"CURRENT_RATIO":1.841006343751,"COMMON_ACS":null,"CURRENTDEBT_DEBT":60.670036619572,"ISSUED_COMMON_SHARES":3821183118,"HK_COMMON_SHARES":3821183118,"PER_SHARES":1000,"TOTAL_MARKET_CAP":6381375807.06,"HKSK_MARKET_CAP":6381375807.06,"PE_TTM":4.872200303438,"PB_TTM":0.170255055777,"REPORT_DATE_SQ":"2021-06-30 00:00:00","REPORT_TYPE_SQ":"2021年中报","OPERATE_INCOME_SQ":11710743844.8,"DPS_HKD":0.083,"OPERATE_INCOME_QOQ_SQ":-0.585698254488,"NET_PROFIT_RATIO_SQ":12.495385127,"HOLDER_PROFIT_SQ":1383898814.4,"HOLDER_PROFIT_QOQ_SQ":39.636999368113,"ROE_AVG_SQ":4.592477284298,"PE_TTM_SQ":48.239783743639,"PB_TTM_SQ":0.163208298962,"ROA_SQ":0.787258941237,"START_DATE":"2022-01-01 00:00:00","FISCAL_YEAR":"12-31","CURRENCY":"HKD","IS_CNY_CODE":0,"DPS_HKD_LY":0.135,"ORG_TYPE":"一般企业","PREMIUM_INCOME":null,"PREMIUM_INCOME_YOY":null,"NET_INTEREST_INCOME":null,"NET_INTEREST_INCOME_YOY":null,"FEE_COMMISSION_INCOME":null,"FEE_COMMISSION_INCOME_YOY":null,"ACCOUNTS_RECE_TDAYS":2.024574202685,"INVENTORY_TDAYS":0.109858594423,"CURRENT_ASSETS_TDAYS":0.107418171672,"TOTAL_ASSETS_TDAYS":0.094884794114,"PREMIUM_EXPENSE":null,"LOAN_DEPOSIT":null,"LOAN_EQUITY":null,"LOAN_ASSETS":null,"DEPOSIT_EQUITY":null,"DEPOSIT_ASSETS":null,"EQUITY_MULTIPLIER":4.82586654246,"EQUITY_RATIO":4.874014012961},{"SECUCODE":"00119.HK","SECURITY_CODE":"00119","SECURITY_NAME_ABBR":"保利置业集团","ORG_CODE":"10007399","STD_REPORT_DATE":"2021-12-31 00:00:00","REPORT_DATE":"2021-12-31 00:00:00","DATE_TYPE_CODE":"001","REPORT_TYPE":"2021年年报","PER_NETCASH_OPERATE":-1.616694136865,"PER_OI":8.161164711506,"BPS":8.219608839589,"BASIC_EPS":0.559,"DILUTED_EPS":0.559,"OPERATE_INCOME":30305411000,"OPERATE_INCOME_YOY":16.725100811,"GROSS_PROFIT":10260647000,"GROSS_PROFIT_YOY":15.509052887416,"HOLDER_PROFIT":2059116000,"HOLDER_PROFIT_YOY":31.9529368463,"GROSS_PROFIT_RATIO":33.857474676579,"EPS_TTM":0.54623010166,"OPERATE_INCOME_QOQ":14.059091037271,"NET_PROFIT_RATIO":7.1391987132,"ROE_AVG":6.717773849969,"GROSS_PROFIT_QOQ":13.976379467741,"ROA":1.124533669547,"HOLDER_PROFIT_QOQ":-8.202031994121,"ROE_YEARLY":6.717773849969,"ROIC_YEARLY":1.417163975072,"TOTAL_ASSETS":193266893000,"TOTAL_LIABILITIES":155121468000,"TAX_EBT":67.705565867278,"OCF_SALES":-20.110039993654,"TOTAL_PARENT_EQUITY":31500827000,"DEBT_ASSET_RATIO":80.2628239164,"OPERATE_PROFIT":8106216000,"PRETAX_PROFIT":6699495000,"NETCASH_OPERATE":-5806535000,"NETCASH_INVEST":2202642000,"NETCASH_FINANCE":-2477653000,"END_CASH":29747851000,"DIVI_RATIO":0.137700686527,"DIVIDEND_RATE":5.570469798658,"CURRENT_RATIO":1.654158848628,"COMMON_ACS":null,"CURRENTDEBT_DEBT":66.369643304304,"ISSUED_COMMON_SHARES":3821183118,"HK_COMMON_SHARES":3821183118,"PER_SHARES":1000,"TOTAL_MARKET_CAP":5693562845.82,"HKSK_MARKET_CAP":5693562845.82,"PE_TTM":4.347052965343,"PB_TTM":0.151904211442,"REPORT_DATE_SQ":"2020-12-31 00:00:00","REPORT_TYPE_SQ":"2020年年报","OPERATE_INCOME_SQ":26327170828.72,"DPS_HKD":0.083,"OPERATE_INCOME_QOQ_SQ":-18.383650570512,"NET_PROFIT_RATIO_SQ":7.431514375,"HOLDER_PROFIT_SQ":1582377463.68,"HOLDER_PROFIT_QOQ_SQ":75.367436837661,"ROE_AVG_SQ":5.530050859319,"PE_TTM_SQ":46.693636828778,"PB_TTM_SQ":0.157977263739,"ROA_SQ":1.030713693244,"START_DATE":"2021-01-01 00:00:00","FISCAL_YEAR":"12-31","CURRENCY":"HKD","IS_CNY_CODE":0,"DPS_HKD_LY":0.128,"ORG_TYPE":"一般企业","PREMIUM_INCOME":null,"PREMIUM_INCOME_YOY":null,"NET_INTEREST_INCOME":null,"NET_INTEREST_INCOME_YOY":null,"FEE_COMMISSION_INCOME":null,"FEE_COMMISSION_INCOME_YOY":null,"ACCOUNTS_RECE_TDAYS":3.082467421441,"INVENTORY_TDAYS":0.185898081899,"CURRENT_ASSETS_TDAYS":0.189127612446,"TOTAL_ASSETS_TDAYS":0.16550524541,"PREMIUM_EXPENSE":null,"LOAN_DEPOSIT":null,"LOAN_EQUITY":null,"LOAN_ASSETS":null,"DEPOSIT_EQUITY":null,"DEPOSIT_ASSETS":null,"EQUITY_MULTIPLIER":5.066580932167,"EQUITY_RATIO":4.924361763582},{"SECUCODE":"00119.HK","SECURITY_CODE":"00119","SECURITY_NAME_ABBR":"保利置业集团","ORG_CODE":"10007399","STD_REPORT_DATE":"2021-06-30 00:00:00","REPORT_DATE":"2021-06-30 00:00:00","DATE_TYPE_CODE":"002","REPORT_TYPE":"2021年中报","PER_NETCASH_OPERATE":-1.863758078126,"PER_OI":3.198313631046,"BPS":8.053998814783,"BASIC_EPS":0.377930736,"DILUTED_EPS":0.377930736,"OPERATE_INCOME":11710743844.8,"OPERATE_INCOME_YOY":8.3512230648,"GROSS_PROFIT":4443397064.64,"GROSS_PROFIT_YOY":-0.337391032985,"HOLDER_PROFIT":1383898814.4,"HOLDER_PROFIT_YOY":100.7706440624,"GROSS_PROFIT_RATIO":37.94291057449,"EPS_TTM":0.603458160112,"OPERATE_INCOME_QOQ":-0.585698254488,"NET_PROFIT_RATIO":12.495385127,"ROE_AVG":4.592477284298,"GROSS_PROFIT_QOQ":-0.169339270279,"ROA":0.787258941237,"HOLDER_PROFIT_QOQ":39.636999368113,"ROE_YEARLY":9.184954568596,"ROIC_YEARLY":1.969025729312,"TOTAL_ASSETS":180553362047.04,"TOTAL_LIABILITIES":145917483706.32,"TAX_EBT":59.07359574736,"OCF_SALES":-58.273149325781,"TOTAL_PARENT_EQUITY":30775804303.44,"DEBT_ASSET_RATIO":80.8168189459,"OPERATE_PROFIT":4048779796.32,"PRETAX_PROFIT":3575448592.08,"NETCASH_OPERATE":-6824219247.84,"NETCASH_INVEST":-512112788.88,"NETCASH_FINANCE":-1101602361.12,"END_CASH":27699096974.64,"DIVI_RATIO":0.124642046411,"DIVIDEND_RATE":4.97005988024,"CURRENT_RATIO":1.657273297889,"COMMON_ACS":null,"CURRENTDEBT_DEBT":60.928932864259,"ISSUED_COMMON_SHARES":3821183118,"HK_COMMON_SHARES":3821183118,"PER_SHARES":1000,"TOTAL_MARKET_CAP":6381375807.06,"HKSK_MARKET_CAP":6381375807.06,"PE_TTM":4.872200303438,"PB_TTM":0.170255055777,"REPORT_DATE_SQ":"2020-06-30 00:00:00","REPORT_TYPE_SQ":"2020年中报","OPERATE_INCOME_SQ":11864941624.8,"DPS_HKD":0.083,"OPERATE_INCOME_QOQ_SQ":-9.848210823545,"NET_PROFIT_RATIO_SQ":8.886486911,"HOLDER_PROFIT_SQ":756691869.12,"HOLDER_PROFIT_QOQ_SQ":-73.719910164008,"ROE_AVG_SQ":2.554078794908,"PE_TTM_SQ":48.239783743639,"PB_TTM_SQ":0.163208298962,"ROA_SQ":0.502966422247,"START_DATE":"2021-01-01 00:00:00","FISCAL_YEAR":"12-31","CURRENCY":"HKD","IS_CNY_CODE":0,"DPS_HKD_LY":0.128,"ORG_TYPE":"一般企业","PREMIUM_INCOME":null,"PREMIUM_INCOME_YOY":null,"NET_INTEREST_INCOME":null,"NET_INTEREST_INCOME_YOY":null,"FEE_COMMISSION_INCOME":null,"FEE_COMMISSION_INCOME_YOY":null,"ACCOUNTS_RECE_TDAYS":1.181103151851,"INVENTORY_TDAYS":0.075845890291,"CURRENT_ASSETS_TDAYS":0.079177467424,"TOTAL_ASSETS_TDAYS":0.066618944278,"PREMIUM_EXPENSE":null,"LOAN_DEPOSIT":null,"LOAN_EQUITY":null,"LOAN_ASSETS":null,"DEPOSIT_EQUITY":null,"DEPOSIT_ASSETS":null,"EQUITY_MULTIPLIER":5.212899764538,"EQUITY_RATIO":4.741305288649},{"SECUCODE":"00119.HK","SECURITY_CODE":"00119","SECURITY_NAME_ABBR":"保利置业集团","ORG_CODE":"10007399","STD_REPORT_DATE":"2020-12-31 00:00:00","REPORT_DATE":"2020-12-31 00:00:00","DATE_TYPE_CODE":"001","REPORT_TYPE":"2020年年报","PER_NETCASH_OPERATE":-1.398014601467,"PER_OI":7.190196493432,"BPS":7.806774543716,"BASIC_EPS":0.43218214,"DILUTED_EPS":0.43176132,"OPERATE_INCOME":26327170828.72,"OPERATE_INCOME_YOY":-21.6883255844,"GROSS_PROFIT":8882980808.44,"GROSS_PROFIT_YOY":-26.72911882067,"HOLDER_PROFIT":1582377463.68,"HOLDER_PROFIT_YOY":-50.9486692749,"GROSS_PROFIT_RATIO":33.740734491492,"EPS_TTM":0.432162079422,"OPERATE_INCOME_QOQ":-18.383650570512,"NET_PROFIT_RATIO":7.431514375,"ROE_AVG":5.530050859319,"GROSS_PROFIT_QOQ":-11.650919892801,"ROA":1.030713693244,"HOLDER_PROFIT_QOQ":75.367436837661,"ROE_YEARLY":5.530050859319,"ROIC_YEARLY":1.304527248234,"TOTAL_ASSETS":172985526346.8,"TOTAL_LIABILITIES":139986506910.08,"TAX_EBT":65.75798471728,"OCF_SALES":-19.443343485035,"TOTAL_PARENT_EQUITY":29831115092.48,"DEBT_ASSET_RATIO":80.923826326,"OPERATE_PROFIT":7143369843.24,"PRETAX_PROFIT":5713762664.16,"NETCASH_OPERATE":-5118882254.12,"NETCASH_INVEST":2147732300.88,"NETCASH_FINANCE":14177963607.96,"END_CASH":36160045057.24,"DIVI_RATIO":0.17404641356,"DIVIDEND_RATE":5.570469798658,"CURRENT_RATIO":1.689991569582,"COMMON_ACS":null,"CURRENTDEBT_DEBT":63.478254904324,"ISSUED_COMMON_SHARES":3821183118,"HK_COMMON_SHARES":3821183118,"PER_SHARES":1000,"TOTAL_MARKET_CAP":5693562845.82,"HKSK_MARKET_CAP":5693562845.82,"PE_TTM":4.347052965343,"PB_TTM":0.151904211442,"REPORT_DATE_SQ":"2019-12-31 00:00:00","REPORT_TYPE_SQ":"2019年年报","OPERATE_INCOME_SQ":35781016612.84,"DPS_HKD":0.083,"OPERATE_INCOME_QOQ_SQ":19.865508760652,"NET_PROFIT_RATIO_SQ":9.4848565158,"HOLDER_PROFIT_SQ":3433478159.44,"HOLDER_PROFIT_QOQ_SQ":-27.388046138187,"ROE_AVG_SQ":12.276972972436,"PE_TTM_SQ":46.693636828778,"PB_TTM_SQ":0.157977263739,"ROA_SQ":2.489355158933,"START_DATE":"2020-01-01 00:00:00","FISCAL_YEAR":"12-31","CURRENCY":"HKD","IS_CNY_CODE":0,"DPS_HKD_LY":0.209,"ORG_TYPE":"一般企业","PREMIUM_INCOME":null,"PREMIUM_INCOME_YOY":null,"NET_INTEREST_INCOME":null,"NET_INTEREST_INCOME_YOY":null,"FEE_COMMISSION_INCOME":null,"FEE_COMMISSION_INCOME_YOY":null,"ACCOUNTS_RECE_TDAYS":3.665121000684,"INVENTORY_TDAYS":0.207798276244,"CURRENT_ASSETS_TDAYS":0.201952733039,"TOTAL_ASSETS_TDAYS":0.171487373275,"PREMIUM_EXPENSE":null,"LOAN_DEPOSIT":null,"LOAN_EQUITY":null,"LOAN_ASSETS":null,"DEPOSIT_EQUITY":null,"DEPOSIT_ASSETS":null,"EQUITY_MULTIPLIER":5.242141412053,"EQUITY_RATIO":4.692634066011},{"SECUCODE":"00119.HK","SECURITY_CODE":"00119","SECURITY_NAME_ABBR":"保利置业集团","ORG_CODE":"10007399","STD_REPORT_DATE":"2020-06-30 00:00:00","REPORT_DATE":"2020-06-30 00:00:00","DATE_TYPE_CODE":"002","REPORT_TYPE":"2020年中报","PER_NETCASH_OPERATE":-1.425658229498,"PER_OI":3.240426486402,"BPS":7.725135955424,"BASIC_EPS":0.206620128,"DILUTED_EPS":0.206072064,"OPERATE_INCOME":11864941624.8,"OPERATE_INCOME_YOY":-25.7498047611,"GROSS_PROFIT":4458439439.52,"GROSS_PROFIT_YOY":-31.697672665731,"HOLDER_PROFIT":756691869.12,"HOLDER_PROFIT_YOY":-77.8363115081,"GROSS_PROFIT_RATIO":37.576581331011,"EPS_TTM":0.246432340698,"OPERATE_INCOME_QOQ":-9.848210823545,"NET_PROFIT_RATIO":8.886486911,"ROE_AVG":2.554078794908,"GROSS_PROFIT_QOQ":-17.066616776965,"ROA":0.502966422247,"HOLDER_PROFIT_QOQ":-73.719910164008,"ROE_YEARLY":5.108157589817,"ROIC_YEARLY":1.256139798022,"TOTAL_ASSETS":155395559167.2,"TOTAL_LIABILITIES":122687298777.12,"TAX_EBT":62.273872081295,"OCF_SALES":-43.996005941816,"TOTAL_PARENT_EQUITY":29519159097.12,"DEBT_ASSET_RATIO":78.9516118959,"OPERATE_PROFIT":3508692939.84,"PRETAX_PROFIT":2794817657.28,"NETCASH_OPERATE":-5220100422.24,"NETCASH_INVEST":1533909648.48,"NETCASH_FINANCE":8002714521.12,"END_CASH":29482372128,"DIVI_RATIO":0.305220734368,"DIVIDEND_RATE":4.97005988024,"CURRENT_RATIO":1.874017835489,"COMMON_ACS":null,"CURRENTDEBT_DEBT":56.465695738506,"ISSUED_COMMON_SHARES":3821183118,"HK_COMMON_SHARES":3821183118,"PER_SHARES":1000,"TOTAL_MARKET_CAP":6381375807.06,"HKSK_MARKET_CAP":6381375807.06,"PE_TTM":4.872200303438,"PB_TTM":0.170255055777,"REPORT_DATE_SQ":"2019-06-30 00:00:00","REPORT_TYPE_SQ":"2019年中报","OPERATE_INCOME_SQ":15388731575.64,"DPS_HKD":0.083,"OPERATE_INCOME_QOQ_SQ":46.635074162073,"NET_PROFIT_RATIO_SQ":22.9526212313,"HOLDER_PROFIT_SQ":3287848883.76,"HOLDER_PROFIT_QOQ_SQ":140.750244464185,"ROE_AVG_SQ":11.894764869264,"PE_TTM_SQ":48.239783743639,"PB_TTM_SQ":0.163208298962,"ROA_SQ":2.4914814682,"START_DATE":"2020-01-01 00:00:00","FISCAL_YEAR":"12-31","CURRENCY":"HKD","IS_CNY_CODE":0,"DPS_HKD_LY":0.209,"ORG_TYPE":"一般企业","PREMIUM_INCOME":null,"PREMIUM_INCOME_YOY":null,"NET_INTEREST_INCOME":null,"NET_INTEREST_INCOME_YOY":null,"FEE_COMMISSION_INCOME":null,"FEE_COMMISSION_INCOME_YOY":null,"ACCOUNTS_RECE_TDAYS":2.093090709629,"INVENTORY_TDAYS":0.09003688166,"CURRENT_ASSETS_TDAYS":0.094992574216,"TOTAL_ASSETS_TDAYS":0.078865222196,"PREMIUM_EXPENSE":null,"LOAN_DEPOSIT":null,"LOAN_EQUITY":null,"LOAN_ASSETS":null,"DEPOSIT_EQUITY":null,"DEPOSIT_ASSETS":null,"EQUITY_MULTIPLIER":4.750957627037,"EQUITY_RATIO":4.156192199563}],"count":49},"success":true,"message":"ok","code":0}