{"version":"6490414d686122f2174ce442f3261599","result":{"pages":6,"data":[{"SECUCODE":"00110.HK","SECURITY_CODE":"00110","SECURITY_NAME_ABBR":"中国长远","ORG_CODE":"10007391","STD_REPORT_DATE":"2024-06-30 00:00:00","REPORT_DATE":"2024-06-30 00:00:00","DATE_TYPE_CODE":"002","REPORT_TYPE":"2024年中报","PER_NETCASH_OPERATE":-0.029809760472,"PER_OI":0.132570639882,"BPS":0.096431194688,"BASIC_EPS":-0.028566884,"DILUTED_EPS":-0.028566884,"OPERATE_INCOME":31492936.08,"OPERATE_INCOME_YOY":-10.8441206108,"GROSS_PROFIT":86704.6,"GROSS_PROFIT_YOY":-50.504349335127,"HOLDER_PROFIT":-6163328.04,"HOLDER_PROFIT_YOY":-26.6504126032,"GROSS_PROFIT_RATIO":0.275314438069,"EPS_TTM":-0.05337776431,"OPERATE_INCOME_QOQ":-5.670825301799,"NET_PROFIT_RATIO":-25.4187677505,"ROE_AVG":-24.632051211906,"GROSS_PROFIT_QOQ":-25.964645285983,"ROA":-15.411123028823,"HOLDER_PROFIT_QOQ":-10.910038460749,"ROE_YEARLY":-49.264102423811,"ROIC_YEARLY":-16.907226819223,"TOTAL_ASSETS":44480372.48,"TOTAL_LIABILITIES":61781134.56,"TAX_EBT":null,"OCF_SALES":-22.485944473425,"TOTAL_PARENT_EQUITY":24450697.2,"DEBT_ASSET_RATIO":138.8952724885,"OPERATE_PROFIT":-7960394.96,"PRETAX_PROFIT":-8005116.28,"NETCASH_OPERATE":-7081484.12,"NETCASH_INVEST":-557647.48,"NETCASH_FINANCE":3879802.68,"END_CASH":6822283,"DIVI_RATIO":null,"DIVIDEND_RATE":null,"CURRENT_RATIO":0.65331041432,"COMMON_ACS":20000000000,"CURRENTDEBT_DEBT":99.692725876027,"ISSUED_COMMON_SHARES":253555888,"HK_COMMON_SHARES":253555888,"PER_SHARES":4000,"TOTAL_MARKET_CAP":48175618.72,"HKSK_MARKET_CAP":48175618.72,"PE_TTM":-3.432045217639,"PB_TTM":1.79826870922,"REPORT_DATE_SQ":"2023-06-30 00:00:00","REPORT_TYPE_SQ":"2023年中报","OPERATE_INCOME_SQ":35683391.94,"DPS_HKD":null,"OPERATE_INCOME_QOQ_SQ":16.177588442596,"NET_PROFIT_RATIO_SQ":-19.225899801,"HOLDER_PROFIT_SQ":-4915997.36,"HOLDER_PROFIT_QOQ_SQ":11.361428690792,"ROE_AVG_SQ":-16.422829334401,"PE_TTM_SQ":-3.989339602286,"PB_TTM_SQ":1.670977573959,"ROA_SQ":-24.206106003859,"START_DATE":"2024-01-01 00:00:00","FISCAL_YEAR":"12-31","CURRENCY":"HKD","IS_CNY_CODE":0,"DPS_HKD_LY":null,"ORG_TYPE":"一般企业","PREMIUM_INCOME":null,"PREMIUM_INCOME_YOY":null,"NET_INTEREST_INCOME":null,"NET_INTEREST_INCOME_YOY":null,"FEE_COMMISSION_INCOME":null,"FEE_COMMISSION_INCOME_YOY":null,"ACCOUNTS_RECE_TDAYS":1.246716647096,"INVENTORY_TDAYS":null,"CURRENT_ASSETS_TDAYS":0.88049094783,"TOTAL_ASSETS_TDAYS":0.787466624067,"PREMIUM_EXPENSE":null,"LOAN_DEPOSIT":null,"LOAN_EQUITY":null,"LOAN_ASSETS":null,"DEPOSIT_EQUITY":null,"DEPOSIT_ASSETS":null,"EQUITY_MULTIPLIER":-2.571006541465,"EQUITY_RATIO":2.526763717805},{"SECUCODE":"00110.HK","SECURITY_CODE":"00110","SECURITY_NAME_ABBR":"中国长远","ORG_CODE":"10007391","STD_REPORT_DATE":"2023-12-31 00:00:00","REPORT_DATE":"2023-12-31 00:00:00","DATE_TYPE_CODE":"001","REPORT_TYPE":"2023年年报","PER_NETCASH_OPERATE":-0.048061949474,"PER_OI":0.34929300214,"BPS":0.100219778844,"BASIC_EPS":-0.057907458,"DILUTED_EPS":-0.057907458,"OPERATE_INCOME":73894991.24,"OPERATE_INCOME_YOY":1.1988681493,"GROSS_PROFIT":340738.72,"GROSS_PROFIT_YOY":25.8914136849,"HOLDER_PROFIT":-11432871.52,"HOLDER_PROFIT_YOY":12.2182020596,"GROSS_PROFIT_RATIO":0.461112064948,"EPS_TTM":-0.054041849783,"OPERATE_INCOME_QOQ":-11.630134936025,"NET_PROFIT_RATIO":-18.5168379485,"ROE_AVG":-39.592650127885,"GROSS_PROFIT_QOQ":-14.559331212245,"ROA":-46.171018682867,"HOLDER_PROFIT_QOQ":-0.469124640388,"ROE_YEARLY":-39.592650127885,"ROIC_YEARLY":-19.817937621251,"TOTAL_ASSETS":35253770.44,"TOTAL_LIABILITIES":51277552.48,"TAX_EBT":-0.145917622869,"OCF_SALES":-13.759780235952,"TOTAL_PARENT_EQUITY":25411315.02,"DEBT_ASSET_RATIO":145.452675955,"OPERATE_PROFIT":-13241686.64,"PRETAX_PROFIT":-13663078.94,"NETCASH_OPERATE":-10167788.4,"NETCASH_INVEST":39873.68,"NETCASH_FINANCE":15715667.24,"END_CASH":10753206.52,"DIVI_RATIO":null,"DIVIDEND_RATE":null,"CURRENT_RATIO":0.611803957252,"COMMON_ACS":20000000000,"CURRENTDEBT_DEBT":99.054503039729,"ISSUED_COMMON_SHARES":253555888,"HK_COMMON_SHARES":253555888,"PER_SHARES":4000,"TOTAL_MARKET_CAP":50457621.712,"HKSK_MARKET_CAP":50457621.712,"PE_TTM":-3.59461578058,"PB_TTM":1.883449858604,"REPORT_DATE_SQ":"2022-12-31 00:00:00","REPORT_TYPE_SQ":"2022年年报","OPERATE_INCOME_SQ":71976123.52,"DPS_HKD":null,"OPERATE_INCOME_QOQ_SQ":63.275106011913,"NET_PROFIT_RATIO_SQ":-25.3040607625,"HOLDER_PROFIT_SQ":-12838076.44,"HOLDER_PROFIT_QOQ_SQ":-11.077115959435,"ROE_AVG_SQ":-32.101136896652,"PE_TTM_SQ":-3.799371049796,"PB_TTM_SQ":1.591407213294,"ROA_SQ":-45.43859371789,"START_DATE":"2023-01-01 00:00:00","FISCAL_YEAR":"12-31","CURRENCY":"HKD","IS_CNY_CODE":0,"DPS_HKD_LY":null,"ORG_TYPE":"一般企业","PREMIUM_INCOME":null,"PREMIUM_INCOME_YOY":null,"NET_INTEREST_INCOME":null,"NET_INTEREST_INCOME_YOY":null,"FEE_COMMISSION_INCOME":null,"FEE_COMMISSION_INCOME_YOY":null,"ACCOUNTS_RECE_TDAYS":7.856819386231,"INVENTORY_TDAYS":56.209141274238,"CURRENT_ASSETS_TDAYS":3.752594399319,"TOTAL_ASSETS_TDAYS":2.984208311223,"PREMIUM_EXPENSE":null,"LOAN_DEPOSIT":null,"LOAN_EQUITY":null,"LOAN_ASSETS":null,"DEPOSIT_EQUITY":null,"DEPOSIT_ASSETS":null,"EQUITY_MULTIPLIER":-2.2000904875,"EQUITY_RATIO":2.017902357263},{"SECUCODE":"00110.HK","SECURITY_CODE":"00110","SECURITY_NAME_ABBR":"中国长远","ORG_CODE":"10007391","STD_REPORT_DATE":"2023-06-30 00:00:00","REPORT_DATE":"2023-06-30 00:00:00","DATE_TYPE_CODE":"002","REPORT_TYPE":"2023年中报","PER_NETCASH_OPERATE":0.005605538952,"PER_OI":0.194400693591,"BPS":0.106344314434,"BASIC_EPS":-0.02673742,"DILUTED_EPS":-0.02673742,"OPERATE_INCOME":35683391.94,"OPERATE_INCOME_YOY":37.6840981857,"GROSS_PROFIT":175176.2,"GROSS_PROFIT_YOY":272.434408515279,"HOLDER_PROFIT":-4915997.36,"HOLDER_PROFIT_YOY":28.4679366783,"GROSS_PROFIT_RATIO":0.490918016691,"EPS_TTM":-0.061994674559,"OPERATE_INCOME_QOQ":16.177588442596,"NET_PROFIT_RATIO":-19.225899801,"ROE_AVG":-16.422829334401,"GROSS_PROFIT_QOQ":47.343666044597,"ROA":-24.206106003859,"HOLDER_PROFIT_QOQ":11.361428690792,"ROE_YEARLY":-32.845658668802,"ROIC_YEARLY":-17.926907171435,"TOTAL_ASSETS":26099409.84,"TOTAL_LIABILITIES":41613567.3,"TAX_EBT":null,"OCF_SALES":2.883497403302,"TOTAL_PARENT_EQUITY":26964227.08,"DEBT_ASSET_RATIO":159.442560407,"OPERATE_PROFIT":-6816198.14,"PRETAX_PROFIT":-6860453.18,"NETCASH_OPERATE":1028929.68,"NETCASH_INVEST":31347.32,"NETCASH_FINANCE":2543742.82,"END_CASH":9191218.62,"DIVI_RATIO":null,"DIVIDEND_RATE":null,"CURRENT_RATIO":0.490745696191,"COMMON_ACS":20000000000,"CURRENTDEBT_DEBT":99.355267530741,"ISSUED_COMMON_SHARES":253555888,"HK_COMMON_SHARES":253555888,"PER_SHARES":4000,"TOTAL_MARKET_CAP":50457621.712,"HKSK_MARKET_CAP":50457621.712,"PE_TTM":-3.59461578058,"PB_TTM":1.883449858604,"REPORT_DATE_SQ":"2022-06-30 00:00:00","REPORT_TYPE_SQ":"2022年中报","OPERATE_INCOME_SQ":24039390.9,"DPS_HKD":null,"OPERATE_INCOME_QOQ_SQ":-31.898609481668,"NET_PROFIT_RATIO_SQ":-39.7260761295,"HOLDER_PROFIT_SQ":-6374586.26,"HOLDER_PROFIT_QOQ_SQ":-42.387777368876,"ROE_AVG_SQ":-15.222963106677,"PE_TTM_SQ":-3.799371049796,"PB_TTM_SQ":1.591407213294,"ROA_SQ":-18.541827317728,"START_DATE":"2023-01-01 00:00:00","FISCAL_YEAR":"12-31","CURRENCY":"HKD","IS_CNY_CODE":0,"DPS_HKD_LY":null,"ORG_TYPE":"一般企业","PREMIUM_INCOME":null,"PREMIUM_INCOME_YOY":null,"NET_INTEREST_INCOME":null,"NET_INTEREST_INCOME_YOY":null,"FEE_COMMISSION_INCOME":null,"FEE_COMMISSION_INCOME_YOY":null,"ACCOUNTS_RECE_TDAYS":6.218348329049,"INVENTORY_TDAYS":null,"CURRENT_ASSETS_TDAYS":2.482951082598,"TOTAL_ASSETS_TDAYS":1.757030983997,"PREMIUM_EXPENSE":null,"LOAN_DEPOSIT":null,"LOAN_EQUITY":null,"LOAN_ASSETS":null,"DEPOSIT_EQUITY":null,"DEPOSIT_ASSETS":null,"EQUITY_MULTIPLIER":-1.682296309501,"EQUITY_RATIO":1.543287971005},{"SECUCODE":"00110.HK","SECURITY_CODE":"00110","SECURITY_NAME_ABBR":"中国长远","ORG_CODE":"10007391","STD_REPORT_DATE":"2022-12-31 00:00:00","REPORT_DATE":"2022-12-31 00:00:00","DATE_TYPE_CODE":"001","REPORT_TYPE":"2022年年报","PER_NETCASH_OPERATE":-0.074933970301,"PER_OI":0.39212102812,"BPS":0.125727783375,"BASIC_EPS":-0.069943041,"DILUTED_EPS":-0.069943041,"OPERATE_INCOME":71976123.52,"OPERATE_INCOME_YOY":1.7733542161,"GROSS_PROFIT":270660.81,"GROSS_PROFIT_YOY":139.88627903514,"HOLDER_PROFIT":-12838076.44,"HOLDER_PROFIT_YOY":-44.762288477,"GROSS_PROFIT_RATIO":0.376042494043,"EPS_TTM":-0.069940967734,"OPERATE_INCOME_QOQ":63.275106011913,"NET_PROFIT_RATIO":-25.3040607625,"ROE_AVG":-32.101136896652,"GROSS_PROFIT_QOQ":135.496619607797,"ROA":-45.43859371789,"HOLDER_PROFIT_QOQ":-11.077115959435,"ROE_YEARLY":-32.101136896652,"ROIC_YEARLY":-25.373621814394,"TOTAL_ASSETS":14066322.69,"TOTAL_LIABILITIES":22418397.19,"TAX_EBT":-0.014715981556,"OCF_SALES":-19.109908657665,"TOTAL_PARENT_EQUITY":31879019.76,"DEBT_ASSET_RATIO":159.3763891535,"OPERATE_PROFIT":-18073531.91,"PRETAX_PROFIT":-18210202.22,"NETCASH_OPERATE":-13754571.46,"NETCASH_INVEST":-11612.51,"NETCASH_FINANCE":-6963039.65,"END_CASH":5560605.75,"DIVI_RATIO":null,"DIVIDEND_RATE":null,"CURRENT_RATIO":0.372213876822,"COMMON_ACS":20000000000,"CURRENTDEBT_DEBT":98.143204367056,"ISSUED_COMMON_SHARES":253555888,"HK_COMMON_SHARES":253555888,"PER_SHARES":4000,"TOTAL_MARKET_CAP":50457621.712,"HKSK_MARKET_CAP":50457621.712,"PE_TTM":-3.59461578058,"PB_TTM":1.883449858604,"REPORT_DATE_SQ":"2021-12-31 00:00:00","REPORT_TYPE_SQ":"2021年年报","OPERATE_INCOME_SQ":64731027.2,"DPS_HKD":null,"OPERATE_INCOME_QOQ_SQ":-30.588708723827,"NET_PROFIT_RATIO_SQ":-18.0291011974,"HOLDER_PROFIT_SQ":-8117132.8,"HOLDER_PROFIT_QOQ_SQ":-6624.23451678589,"ROE_AVG_SQ":-28.117875299149,"PE_TTM_SQ":-3.799371049796,"PB_TTM_SQ":1.591407213294,"ROA_SQ":-22.863196195608,"START_DATE":"2022-01-01 00:00:00","FISCAL_YEAR":"12-31","CURRENCY":"HKD","IS_CNY_CODE":0,"DPS_HKD_LY":null,"ORG_TYPE":"一般企业","PREMIUM_INCOME":null,"PREMIUM_INCOME_YOY":null,"NET_INTEREST_INCOME":null,"NET_INTEREST_INCOME_YOY":null,"FEE_COMMISSION_INCOME":null,"FEE_COMMISSION_INCOME_YOY":null,"ACCOUNTS_RECE_TDAYS":17.693456302152,"INVENTORY_TDAYS":86.875541125541,"CURRENT_ASSETS_TDAYS":3.265160571371,"TOTAL_ASSETS_TDAYS":2.547495218072,"PREMIUM_EXPENSE":null,"LOAN_DEPOSIT":null,"LOAN_EQUITY":null,"LOAN_ASSETS":null,"DEPOSIT_EQUITY":null,"DEPOSIT_ASSETS":null,"EQUITY_MULTIPLIER":-1.684171122994,"EQUITY_RATIO":0.703233579915},{"SECUCODE":"00110.HK","SECURITY_CODE":"00110","SECURITY_NAME_ABBR":"中国长远","ORG_CODE":"10007391","STD_REPORT_DATE":"2022-06-30 00:00:00","REPORT_DATE":"2022-06-30 00:00:00","DATE_TYPE_CODE":"002","REPORT_TYPE":"2022年中报","PER_NETCASH_OPERATE":-0.049264445606,"PER_OI":0.130964967465,"BPS":0.148662332109,"BASIC_EPS":-0.034720714,"DILUTED_EPS":-0.034720714,"OPERATE_INCOME":24039390.9,"OPERATE_INCOME_YOY":-47.6594793878,"GROSS_PROFIT":47035.45,"GROSS_PROFIT_YOY":4.680661937777,"HOLDER_PROFIT":-6374586.26,"HOLDER_PROFIT_YOY":-111.401020987,"GROSS_PROFIT_RATIO":0.195659907506,"EPS_TTM":-0.062966135851,"OPERATE_INCOME_QOQ":-31.898609481668,"NET_PROFIT_RATIO":-39.7260761295,"ROE_AVG":-15.222963106677,"GROSS_PROFIT_QOQ":1.864001035197,"ROA":-18.541827317728,"HOLDER_PROFIT_QOQ":-42.387777368876,"ROE_YEARLY":-30.445926213354,"ROIC_YEARLY":-24.799134991267,"TOTAL_ASSETS":28127199.1,"TOTAL_LIABILITIES":28567621.95,"TAX_EBT":null,"OCF_SALES":-37.616506581288,"TOTAL_PARENT_EQUITY":37694209.63,"DEBT_ASSET_RATIO":101.5658254789,"OPERATE_PROFIT":-9504581.66,"PRETAX_PROFIT":-9549906.73,"NETCASH_OPERATE":-9042779.06,"NETCASH_INVEST":47890.64,"NETCASH_FINANCE":-3704683.08,"END_CASH":13661660.25,"DIVI_RATIO":null,"DIVIDEND_RATE":null,"CURRENT_RATIO":0.750054723412,"COMMON_ACS":20000000000,"CURRENTDEBT_DEBT":95.73117796737,"ISSUED_COMMON_SHARES":253555888,"HK_COMMON_SHARES":253555888,"PER_SHARES":4000,"TOTAL_MARKET_CAP":50457621.712,"HKSK_MARKET_CAP":50457621.712,"PE_TTM":-3.59461578058,"PB_TTM":1.883449858604,"REPORT_DATE_SQ":"2021-06-30 00:00:00","REPORT_TYPE_SQ":"2021年中报","OPERATE_INCOME_SQ":44687688.48,"DPS_HKD":null,"OPERATE_INCOME_QOQ_SQ":36.881425462534,"NET_PROFIT_RATIO_SQ":-8.9207909731,"HOLDER_PROFIT_SQ":-2933914.08,"HOLDER_PROFIT_QOQ_SQ":-165.492160446044,"ROE_AVG_SQ":-9.162844483713,"PE_TTM_SQ":-3.799371049796,"PB_TTM_SQ":1.591407213294,"ROA_SQ":-8.173388966157,"START_DATE":"2022-01-01 00:00:00","FISCAL_YEAR":"12-31","CURRENCY":"HKD","IS_CNY_CODE":0,"DPS_HKD_LY":null,"ORG_TYPE":"一般企业","PREMIUM_INCOME":null,"PREMIUM_INCOME_YOY":null,"NET_INTEREST_INCOME":null,"NET_INTEREST_INCOME_YOY":null,"FEE_COMMISSION_INCOME":null,"FEE_COMMISSION_INCOME_YOY":null,"ACCOUNTS_RECE_TDAYS":3.720222339862,"INVENTORY_TDAYS":null,"CURRENT_ASSETS_TDAYS":0.876069374971,"TOTAL_ASSETS_TDAYS":0.699236337405,"PREMIUM_EXPENSE":null,"LOAN_DEPOSIT":null,"LOAN_EQUITY":null,"LOAN_ASSETS":null,"DEPOSIT_EQUITY":null,"DEPOSIT_ASSETS":null,"EQUITY_MULTIPLIER":-63.864077668637,"EQUITY_RATIO":0.757878258502},{"SECUCODE":"00110.HK","SECURITY_CODE":"00110","SECURITY_NAME_ABBR":"中国长远","ORG_CODE":"10007391","STD_REPORT_DATE":"2021-12-31 00:00:00","REPORT_DATE":"2021-12-31 00:00:00","DATE_TYPE_CODE":"001","REPORT_TYPE":"2021年年报","PER_NETCASH_OPERATE":-0.058114328645,"PER_OI":0.352650235878,"BPS":0.173654142869,"BASIC_EPS":-0.0461944,"DILUTED_EPS":-0.0461944,"OPERATE_INCOME":64731027.2,"OPERATE_INCOME_YOY":-2.1952093293,"GROSS_PROFIT":112828.8,"GROSS_PROFIT_YOY":-65.713998160454,"HOLDER_PROFIT":-8117132.8,"HOLDER_PROFIT_YOY":-4633.3333333333,"GROSS_PROFIT_RATIO":0.174304046885,"EPS_TTM":-0.044221587705,"OPERATE_INCOME_QOQ":-30.588708723827,"NET_PROFIT_RATIO":-18.0291011974,"ROE_AVG":-28.117875299149,"GROSS_PROFIT_QOQ":138.776679828585,"ROA":-22.863196195608,"HOLDER_PROFIT_QOQ":-6624.23451678589,"ROE_YEARLY":-28.117875299149,"ROIC_YEARLY":-18.052386104318,"TOTAL_ASSETS":38845811.2,"TOTAL_LIABILITIES":29738564.8,"TAX_EBT":-0.00700623555,"OCF_SALES":-16.479310867478,"TOTAL_PARENT_EQUITY":44031030.4,"DEBT_ASSET_RATIO":76.5553965314,"OPERATE_PROFIT":-11457846.4,"PRETAX_PROFIT":-11669604.8,"NETCASH_OPERATE":-10667227.2,"NETCASH_INVEST":-1872304,"NETCASH_FINANCE":13360401.6,"END_CASH":25757670.4,"DIVI_RATIO":null,"DIVIDEND_RATE":null,"CURRENT_RATIO":1.111120327361,"COMMON_ACS":20000000000,"CURRENTDEBT_DEBT":99.436395128255,"ISSUED_COMMON_SHARES":253555888,"HK_COMMON_SHARES":253555888,"PER_SHARES":4000,"TOTAL_MARKET_CAP":50457621.712,"HKSK_MARKET_CAP":50457621.712,"PE_TTM":-3.59461578058,"PB_TTM":1.883449858604,"REPORT_DATE_SQ":"2020-12-31 00:00:00","REPORT_TYPE_SQ":"2020年年报","OPERATE_INCOME_SQ":68129916.36,"DPS_HKD":null,"OPERATE_INCOME_QOQ_SQ":7.851766268461,"NET_PROFIT_RATIO_SQ":-5.71223857,"HOLDER_PROFIT_SQ":184319.16,"HOLDER_PROFIT_QOQ_SQ":100.904113924579,"ROE_AVG_SQ":1.424158673386,"PE_TTM_SQ":-3.799371049796,"PB_TTM_SQ":1.591407213294,"ROA_SQ":0.39719965177,"START_DATE":"2021-01-01 00:00:00","FISCAL_YEAR":"12-31","CURRENCY":"HKD","IS_CNY_CODE":0,"DPS_HKD_LY":null,"ORG_TYPE":"一般企业","PREMIUM_INCOME":null,"PREMIUM_INCOME_YOY":null,"NET_INTEREST_INCOME":null,"NET_INTEREST_INCOME_YOY":null,"FEE_COMMISSION_INCOME":null,"FEE_COMMISSION_INCOME_YOY":null,"ACCOUNTS_RECE_TDAYS":14.237007732422,"INVENTORY_TDAYS":null,"CURRENT_ASSETS_TDAYS":2.124396264892,"TOTAL_ASSETS_TDAYS":1.823252386381,"PREMIUM_EXPENSE":null,"LOAN_DEPOSIT":null,"LOAN_EQUITY":null,"LOAN_ASSETS":null,"DEPOSIT_EQUITY":null,"DEPOSIT_ASSETS":null,"EQUITY_MULTIPLIER":4.265373911482,"EQUITY_RATIO":0.675400155977},{"SECUCODE":"00110.HK","SECURITY_CODE":"00110","SECURITY_NAME_ABBR":"中国长远","ORG_CODE":"10007391","STD_REPORT_DATE":"2021-06-30 00:00:00","REPORT_DATE":"2021-06-30 00:00:00","DATE_TYPE_CODE":"002","REPORT_TYPE":"2021年中报","PER_NETCASH_OPERATE":-0.020589409586,"PER_OI":0.243455489044,"BPS":0.197554931164,"BASIC_EPS":-0.01747368,"DILUTED_EPS":-0.01747368,"OPERATE_INCOME":44687688.48,"OPERATE_INCOME_YOY":150.7985430092,"GROSS_PROFIT":44932.32,"GROSS_PROFIT_YOY":-93.243100829806,"HOLDER_PROFIT":-2933914.08,"HOLDER_PROFIT_YOY":-22.5156358582,"GROSS_PROFIT_RATIO":0.100547424869,"EPS_TTM":-0.000657644935,"OPERATE_INCOME_QOQ":36.881425462534,"NET_PROFIT_RATIO":-8.9207909731,"ROE_AVG":-9.162844483713,"GROSS_PROFIT_QOQ":-188.419127143194,"ROA":-8.173388966157,"HOLDER_PROFIT_QOQ":-165.492160446044,"ROE_YEARLY":-18.325688967426,"ROIC_YEARLY":-13.504663053678,"TOTAL_ASSETS":39061995.6,"TOTAL_LIABILITIES":25256956.32,"TAX_EBT":null,"OCF_SALES":-8.45715562507,"TOTAL_PARENT_EQUITY":50091216,"DEBT_ASSET_RATIO":64.658643093,"OPERATE_PROFIT":-3852530.4,"PRETAX_PROFIT":-3986495.28,"NETCASH_OPERATE":-3779307.36,"NETCASH_INVEST":31619.04,"NETCASH_FINANCE":9722022.72,"END_CASH":31106478.72,"DIVI_RATIO":null,"DIVIDEND_RATE":null,"CURRENT_RATIO":1.295842393095,"COMMON_ACS":20000000000,"CURRENTDEBT_DEBT":100,"ISSUED_COMMON_SHARES":253555888,"HK_COMMON_SHARES":253555888,"PER_SHARES":4000,"TOTAL_MARKET_CAP":50457621.712,"HKSK_MARKET_CAP":50457621.712,"PE_TTM":-3.59461578058,"PB_TTM":1.883449858604,"REPORT_DATE_SQ":"2020-06-30 00:00:00","REPORT_TYPE_SQ":"2020年中报","OPERATE_INCOME_SQ":19560404.16,"DPS_HKD":null,"OPERATE_INCOME_QOQ_SQ":-34.97810035363,"NET_PROFIT_RATIO_SQ":-26.2211637247,"HOLDER_PROFIT_SQ":-2628880.32,"HOLDER_PROFIT_QOQ_SQ":12.778821885551,"ROE_AVG_SQ":-21.045703839123,"PE_TTM_SQ":-3.799371049796,"PB_TTM_SQ":1.591407213294,"ROA_SQ":-3.996250911237,"START_DATE":"2021-01-01 00:00:00","FISCAL_YEAR":"12-31","CURRENCY":"HKD","IS_CNY_CODE":0,"DPS_HKD_LY":null,"ORG_TYPE":"一般企业","PREMIUM_INCOME":null,"PREMIUM_INCOME_YOY":null,"NET_INTEREST_INCOME":null,"NET_INTEREST_INCOME_YOY":null,"FEE_COMMISSION_INCOME":null,"FEE_COMMISSION_INCOME_YOY":null,"ACCOUNTS_RECE_TDAYS":24.840888066605,"INVENTORY_TDAYS":null,"CURRENT_ASSETS_TDAYS":1.4577582346,"TOTAL_ASSETS_TDAYS":1.244923504868,"PREMIUM_EXPENSE":null,"LOAN_DEPOSIT":null,"LOAN_EQUITY":null,"LOAN_ASSETS":null,"DEPOSIT_EQUITY":null,"DEPOSIT_ASSETS":null,"EQUITY_MULTIPLIER":2.829546139475,"EQUITY_RATIO":0.504219269103},{"SECUCODE":"00110.HK","SECURITY_CODE":"00110","SECURITY_NAME_ABBR":"中国长远","ORG_CODE":"10007391","STD_REPORT_DATE":"2020-12-31 00:00:00","REPORT_DATE":"2020-12-31 00:00:00","DATE_TYPE_CODE":"001","REPORT_TYPE":"2020年年报","PER_NETCASH_OPERATE":0.002920770805,"PER_OI":0.074233430432,"BPS":0.055642215337,"BASIC_EPS":0.001935772,"DILUTED_EPS":0.001935772,"OPERATE_INCOME":68129916.36,"OPERATE_INCOME_YOY":-25.361670739,"GROSS_PROFIT":329081.24,"GROSS_PROFIT_YOY":-63.662871246448,"HOLDER_PROFIT":184319.16,"HOLDER_PROFIT_YOY":100.8393055609,"GROSS_PROFIT_RATIO":0.483020173195,"EPS_TTM":0.00020083165,"OPERATE_INCOME_QOQ":7.851766268461,"NET_PROFIT_RATIO":-5.71223857,"ROE_AVG":1.424158673386,"GROSS_PROFIT_QOQ":-69.695773900605,"ROA":0.39719965177,"HOLDER_PROFIT_QOQ":100.904113924579,"ROE_YEARLY":1.424158673386,"ROIC_YEARLY":0.320538621977,"TOTAL_ASSETS":33105909.4,"TOTAL_LIABILITIES":54392668.28,"TAX_EBT":49.580198451641,"OCF_SALES":3.934576091119,"TOTAL_PARENT_EQUITY":14108411.32,"DEBT_ASSET_RATIO":164.2989703826,"OPERATE_PROFIT":-3061044.68,"PRETAX_PROFIT":-7718680.44,"NETCASH_OPERATE":2680623.4,"NETCASH_INVEST":58914.8,"NETCASH_FINANCE":6051391.6,"END_CASH":25351880.08,"DIVI_RATIO":null,"DIVIDEND_RATE":null,"CURRENT_RATIO":0.948579161028,"COMMON_ACS":20000000000,"CURRENTDEBT_DEBT":56.030761136986,"ISSUED_COMMON_SHARES":253555888,"HK_COMMON_SHARES":253555888,"PER_SHARES":4000,"TOTAL_MARKET_CAP":50457621.712,"HKSK_MARKET_CAP":50457621.712,"PE_TTM":-3.59461578058,"PB_TTM":1.883449858604,"REPORT_DATE_SQ":"2019-12-31 00:00:00","REPORT_TYPE_SQ":"2019年年报","OPERATE_INCOME_SQ":97151819.9,"DPS_HKD":null,"OPERATE_INCOME_QOQ_SQ":-53.650675696618,"NET_PROFIT_RATIO_SQ":-30.2208289152,"HOLDER_PROFIT_SQ":-23373587.54,"HOLDER_PROFIT_QOQ_SQ":-245.695144269773,"ROE_AVG_SQ":-95.615529782517,"PE_TTM_SQ":-3.799371049796,"PB_TTM_SQ":1.591407213294,"ROA_SQ":-33.413581590708,"START_DATE":"2020-01-01 00:00:00","FISCAL_YEAR":"12-31","CURRENCY":"HKD","IS_CNY_CODE":0,"DPS_HKD_LY":null,"ORG_TYPE":"一般企业","PREMIUM_INCOME":null,"PREMIUM_INCOME_YOY":null,"NET_INTEREST_INCOME":null,"NET_INTEREST_INCOME_YOY":null,"FEE_COMMISSION_INCOME":null,"FEE_COMMISSION_INCOME_YOY":null,"ACCOUNTS_RECE_TDAYS":8.178732003031,"INVENTORY_TDAYS":null,"CURRENT_ASSETS_TDAYS":1.644252155632,"TOTAL_ASSETS_TDAYS":1.468169616947,"PREMIUM_EXPENSE":null,"LOAN_DEPOSIT":null,"LOAN_EQUITY":null,"LOAN_ASSETS":null,"DEPOSIT_EQUITY":null,"DEPOSIT_ASSETS":null,"EQUITY_MULTIPLIER":-1.555234856872,"EQUITY_RATIO":3.855336157012},{"SECUCODE":"00110.HK","SECURITY_CODE":"00110","SECURITY_NAME_ABBR":"中国长远","ORG_CODE":"10007391","STD_REPORT_DATE":"2020-06-30 00:00:00","REPORT_DATE":"2020-06-30 00:00:00","DATE_TYPE_CODE":"002","REPORT_TYPE":"2020年中报","PER_NETCASH_OPERATE":-0.003933314165,"PER_OI":0.02131275039,"BPS":0.048122453855,"BASIC_EPS":-0.027220512,"DILUTED_EPS":null,"OPERATE_INCOME":19560404.16,"OPERATE_INCOME_YOY":-64.8183744886,"GROSS_PROFIT":664984.32,"GROSS_PROFIT_YOY":37.19710960756,"HOLDER_PROFIT":-2628880.32,"HOLDER_PROFIT_YOY":54.9185463659,"GROSS_PROFIT_RATIO":3.399645091996,"EPS_TTM":-0.022213091171,"OPERATE_INCOME_QOQ":-34.97810035363,"NET_PROFIT_RATIO":-26.2211637247,"ROE_AVG":-21.045703839123,"GROSS_PROFIT_QOQ":19.907793171715,"ROA":-3.996250911237,"HOLDER_PROFIT_QOQ":12.778821885551,"ROE_YEARLY":-42.091407678245,"ROIC_YEARLY":-6.257950184281,"TOTAL_ASSETS":66770637.12,"TOTAL_LIABILITIES":95860047.36,"TAX_EBT":null,"OCF_SALES":-18.455216213692,"TOTAL_PARENT_EQUITY":12201731.52,"DEBT_ASSET_RATIO":143.5661714411,"OPERATE_PROFIT":-4710610.08,"PRETAX_PROFIT":-5128965.6,"NETCASH_OPERATE":-3609914.88,"NETCASH_INVEST":-1826.88,"NETCASH_FINANCE":5335403.04,"END_CASH":18013950.24,"DIVI_RATIO":null,"DIVIDEND_RATE":null,"CURRENT_RATIO":0.771062987596,"COMMON_ACS":20000000000,"CURRENTDEBT_DEBT":82.81178533313,"ISSUED_COMMON_SHARES":253555888,"HK_COMMON_SHARES":253555888,"PER_SHARES":4000,"TOTAL_MARKET_CAP":50457621.712,"HKSK_MARKET_CAP":50457621.712,"PE_TTM":-3.59461578058,"PB_TTM":1.883449858604,"REPORT_DATE_SQ":"2019-06-30 00:00:00","REPORT_TYPE_SQ":"2019年中报","OPERATE_INCOME_SQ":53542265.22,"DPS_HKD":null,"OPERATE_INCOME_QOQ_SQ":10.698434418529,"NET_PROFIT_RATIO_SQ":-14.2721014671,"HOLDER_PROFIT_SQ":-5615749.44,"HOLDER_PROFIT_QOQ_SQ":134.767583117706,"ROE_AVG_SQ":-17.135264987318,"PE_TTM_SQ":-3.799371049796,"PB_TTM_SQ":1.591407213294,"ROA_SQ":-8.329853862213,"START_DATE":"2020-01-01 00:00:00","FISCAL_YEAR":"12-31","CURRENCY":"HKD","IS_CNY_CODE":0,"DPS_HKD_LY":null,"ORG_TYPE":"一般企业","PREMIUM_INCOME":null,"PREMIUM_INCOME_YOY":null,"NET_INTEREST_INCOME":null,"NET_INTEREST_INCOME_YOY":null,"FEE_COMMISSION_INCOME":null,"FEE_COMMISSION_INCOME_YOY":null,"ACCOUNTS_RECE_TDAYS":0.817812064389,"INVENTORY_TDAYS":752.218181818182,"CURRENT_ASSETS_TDAYS":0.326622128672,"TOTAL_ASSETS_TDAYS":0.297344395459,"PREMIUM_EXPENSE":null,"LOAN_DEPOSIT":null,"LOAN_EQUITY":null,"LOAN_ASSETS":null,"DEPOSIT_EQUITY":null,"DEPOSIT_ASSETS":null,"EQUITY_MULTIPLIER":-2.295358914776,"EQUITY_RATIO":7.85626590807}],"count":49},"success":true,"message":"ok","code":0}