{"version":"d4fa66958da3e5ae1a29844675393dd4","result":{"pages":6,"data":[{"SECUCODE":"00118.HK","SECURITY_CODE":"00118","SECURITY_NAME_ABBR":"大同机械","ORG_CODE":"10007398","STD_REPORT_DATE":"2024-06-30 00:00:00","REPORT_DATE":"2024-06-30 00:00:00","DATE_TYPE_CODE":"002","REPORT_TYPE":"2024年中报","PER_NETCASH_OPERATE":-0.004624123026,"PER_OI":1.063770660577,"BPS":1.334470867456,"BASIC_EPS":-0.002646772,"DILUTED_EPS":-0.002646772,"OPERATE_INCOME":916896581.6,"OPERATE_INCOME_YOY":-11.3862752898,"GROSS_PROFIT":156947190.84,"GROSS_PROFIT_YOY":-9.493892917738,"HOLDER_PROFIT":-2275311.24,"HOLDER_PROFIT_YOY":-169.8514990193,"GROSS_PROFIT_RATIO":17.117218450758,"EPS_TTM":-0.052509094409,"OPERATE_INCOME_QOQ":-6.506581045194,"NET_PROFIT_RATIO":0.1564770759,"ROE_AVG":-0.196920209006,"GROSS_PROFIT_QOQ":-4.914485008242,"ROA":-0.103295447977,"HOLDER_PROFIT_QOQ":-14.022144643682,"ROE_YEARLY":-0.393840418011,"ROIC_YEARLY":-0.300219474526,"TOTAL_ASSETS":2158352210.68,"TOTAL_LIABILITIES":902227075.96,"TAX_EBT":80.359820089955,"OCF_SALES":-0.434691724234,"TOTAL_PARENT_EQUITY":1150221398.24,"DEBT_ASSET_RATIO":41.8016610772,"OPERATE_PROFIT":9047396.84,"PRETAX_PROFIT":7305090.72,"NETCASH_OPERATE":-3985673.56,"NETCASH_INVEST":-31385239.84,"NETCASH_FINANCE":-47291426.88,"END_CASH":500785690.64,"DIVI_RATIO":null,"DIVIDEND_RATE":null,"CURRENT_RATIO":1.835355509176,"COMMON_ACS":null,"CURRENTDEBT_DEBT":95.822151096508,"ISSUED_COMMON_SHARES":861930692,"HK_COMMON_SHARES":861930692,"PER_SHARES":2000,"TOTAL_MARKET_CAP":140494702.796,"HKSK_MARKET_CAP":140494702.796,"PE_TTM":-2.817614319154,"PB_TTM":0.111480020754,"REPORT_DATE_SQ":"2023-06-30 00:00:00","REPORT_TYPE_SQ":"2023年中报","OPERATE_INCOME_SQ":1045255179.86,"DPS_HKD":null,"OPERATE_INCOME_QOQ_SQ":-0.095001960513,"NET_PROFIT_RATIO_SQ":0.2026978752,"HOLDER_PROFIT_SQ":3290546.62,"HOLDER_PROFIT_QOQ_SQ":-18.764918939936,"ROE_AVG_SQ":0.273491619769,"PE_TTM_SQ":11.136055452196,"PB_TTM_SQ":0.167322296421,"ROA_SQ":0.136637780289,"START_DATE":"2024-01-01 00:00:00","FISCAL_YEAR":"12-31","CURRENCY":"HKD","IS_CNY_CODE":0,"DPS_HKD_LY":null,"ORG_TYPE":"一般企业","PREMIUM_INCOME":null,"PREMIUM_INCOME_YOY":null,"NET_INTEREST_INCOME":null,"NET_INTEREST_INCOME_YOY":null,"FEE_COMMISSION_INCOME":null,"FEE_COMMISSION_INCOME_YOY":null,"ACCOUNTS_RECE_TDAYS":1.619922423934,"INVENTORY_TDAYS":1.964362681551,"CURRENT_ASSETS_TDAYS":0.564376136904,"TOTAL_ASSETS_TDAYS":0.416256209173,"PREMIUM_EXPENSE":null,"LOAN_DEPOSIT":null,"LOAN_EQUITY":null,"LOAN_ASSETS":null,"DEPOSIT_EQUITY":null,"DEPOSIT_ASSETS":null,"EQUITY_MULTIPLIER":1.718262099072,"EQUITY_RATIO":0.784394271695},{"SECUCODE":"00118.HK","SECURITY_CODE":"00118","SECURITY_NAME_ABBR":"大同机械","ORG_CODE":"10007398","STD_REPORT_DATE":"2023-12-31 00:00:00","REPORT_DATE":"2023-12-31 00:00:00","DATE_TYPE_CODE":"001","REPORT_TYPE":"2023年年报","PER_NETCASH_OPERATE":0.173235463786,"PER_OI":2.288757479354,"BPS":1.337067958638,"BASIC_EPS":-0.046035976,"DILUTED_EPS":null,"OPERATE_INCOME":1972750318,"OPERATE_INCOME_YOY":-6.9660301432,"GROSS_PROFIT":334997816.3,"GROSS_PROFIT_YOY":0.730624192121,"HOLDER_PROFIT":-39693342.22,"HOLDER_PROFIT_YOY":-279.4093552879,"GROSS_PROFIT_RATIO":16.981257751849,"EPS_TTM":-0.046051663537,"OPERATE_INCOME_QOQ":-5.527538411595,"NET_PROFIT_RATIO":-2.7339335753,"ROE_AVG":-3.377304109268,"GROSS_PROFIT_QOQ":-2.657948167704,"ROA":-1.721896480217,"HOLDER_PROFIT_QOQ":-324.05382443443,"ROE_YEARLY":-3.377304109268,"ROIC_YEARLY":-2.507317852239,"TOTAL_ASSETS":2231186137.6,"TOTAL_LIABILITIES":936321003.52,"TAX_EBT":-40.173818832729,"OCF_SALES":7.568974229409,"TOTAL_PARENT_EQUITY":1152459910.84,"DEBT_ASSET_RATIO":41.9651676631,"OPERATE_PROFIT":4298201.46,"PRETAX_PROFIT":-38476288.76,"NETCASH_OPERATE":149316963.18,"NETCASH_INVEST":-14360868.34,"NETCASH_FINANCE":-21326981.48,"END_CASH":582892484.86,"DIVI_RATIO":null,"DIVIDEND_RATE":null,"CURRENT_RATIO":1.825289288992,"COMMON_ACS":null,"CURRENTDEBT_DEBT":96.588128716551,"ISSUED_COMMON_SHARES":861930692,"HK_COMMON_SHARES":861930692,"PER_SHARES":2000,"TOTAL_MARKET_CAP":150837871.1,"HKSK_MARKET_CAP":150837871.1,"PE_TTM":-3.025046048172,"PB_TTM":0.119687138847,"REPORT_DATE_SQ":"2022-12-31 00:00:00","REPORT_TYPE_SQ":"2022年年报","OPERATE_INCOME_SQ":2090160686.46,"DPS_HKD":null,"OPERATE_INCOME_QOQ_SQ":-9.653425570437,"NET_PROFIT_RATIO_SQ":0.8050350913,"HOLDER_PROFIT_SQ":21808293.78,"HOLDER_PROFIT_QOQ_SQ":-53.879670034556,"ROE_AVG_SQ":1.786653230543,"PE_TTM_SQ":10.735157455917,"PB_TTM_SQ":0.16129869375,"ROA_SQ":0.872967558711,"START_DATE":"2023-01-01 00:00:00","FISCAL_YEAR":"12-31","CURRENCY":"HKD","IS_CNY_CODE":0,"DPS_HKD_LY":null,"ORG_TYPE":"一般企业","PREMIUM_INCOME":null,"PREMIUM_INCOME_YOY":null,"NET_INTEREST_INCOME":null,"NET_INTEREST_INCOME_YOY":null,"FEE_COMMISSION_INCOME":null,"FEE_COMMISSION_INCOME_YOY":null,"ACCOUNTS_RECE_TDAYS":3.064196241437,"INVENTORY_TDAYS":4.156302177003,"CURRENT_ASSETS_TDAYS":1.172455561651,"TOTAL_ASSETS_TDAYS":0.855778737423,"PREMIUM_EXPENSE":null,"LOAN_DEPOSIT":null,"LOAN_EQUITY":null,"LOAN_ASSETS":null,"DEPOSIT_EQUITY":null,"DEPOSIT_ASSETS":null,"EQUITY_MULTIPLIER":1.723103108483,"EQUITY_RATIO":0.812454294256},{"SECUCODE":"00118.HK","SECURITY_CODE":"00118","SECURITY_NAME_ABBR":"大同机械","ORG_CODE":"10007398","STD_REPORT_DATE":"2023-06-30 00:00:00","REPORT_DATE":"2023-06-30 00:00:00","DATE_TYPE_CODE":"002","REPORT_TYPE":"2023年中报","PER_NETCASH_OPERATE":0.070204474584,"PER_OI":1.212690520899,"BPS":1.377551019381,"BASIC_EPS":0.003780118,"DILUTED_EPS":0.003780118,"OPERATE_INCOME":1045255179.86,"OPERATE_INCOME_YOY":-7.4200679258,"GROSS_PROFIT":173410608.3,"GROSS_PROFIT_YOY":7.153655967129,"HOLDER_PROFIT":3290546.62,"HOLDER_PROFIT_YOY":-58.6586354686,"GROSS_PROFIT_RATIO":16.59026538603,"EPS_TTM":0.020553839531,"OPERATE_INCOME_QOQ":-0.095001960513,"NET_PROFIT_RATIO":0.2026978752,"ROE_AVG":0.273491619769,"GROSS_PROFIT_QOQ":3.481098144163,"ROA":0.136637780289,"HOLDER_PROFIT_QOQ":-18.764918939936,"ROE_YEARLY":0.546983239539,"ROIC_YEARLY":0.377909100631,"TOTAL_ASSETS":2395839710.38,"TOTAL_LIABILITIES":1014050766.76,"TAX_EBT":74.624558303887,"OCF_SALES":5.789150106685,"TOTAL_PARENT_EQUITY":1187353503.4,"DEBT_ASSET_RATIO":42.3254845625,"OPERATE_PROFIT":10075397.44,"PRETAX_PROFIT":8349450.88,"NETCASH_OPERATE":60511391.36,"NETCASH_INVEST":-137706010.82,"NETCASH_FINANCE":5270959.66,"END_CASH":406140487.82,"DIVI_RATIO":null,"DIVIDEND_RATE":null,"CURRENT_RATIO":1.789681935489,"COMMON_ACS":null,"CURRENTDEBT_DEBT":95.544350109377,"ISSUED_COMMON_SHARES":861930692,"HK_COMMON_SHARES":861930692,"PER_SHARES":2000,"TOTAL_MARKET_CAP":150837871.1,"HKSK_MARKET_CAP":150837871.1,"PE_TTM":-3.025046048172,"PB_TTM":0.119687138847,"REPORT_DATE_SQ":"2022-06-30 00:00:00","REPORT_TYPE_SQ":"2022年中报","OPERATE_INCOME_SQ":1047240873.49,"DPS_HKD":null,"OPERATE_INCOME_QOQ_SQ":-7.989178714414,"NET_PROFIT_RATIO_SQ":0.1345777419,"HOLDER_PROFIT_SQ":7382855.27,"HOLDER_PROFIT_QOQ_SQ":-35.547309274528,"ROE_AVG_SQ":0.622585435121,"PE_TTM_SQ":10.735157455917,"PB_TTM_SQ":0.16129869375,"ROA_SQ":0.301709887403,"START_DATE":"2023-01-01 00:00:00","FISCAL_YEAR":"12-31","CURRENCY":"HKD","IS_CNY_CODE":0,"DPS_HKD_LY":null,"ORG_TYPE":"一般企业","PREMIUM_INCOME":null,"PREMIUM_INCOME_YOY":null,"NET_INTEREST_INCOME":null,"NET_INTEREST_INCOME_YOY":null,"FEE_COMMISSION_INCOME":null,"FEE_COMMISSION_INCOME_YOY":null,"ACCOUNTS_RECE_TDAYS":1.499294131339,"INVENTORY_TDAYS":2.084061356724,"CURRENT_ASSETS_TDAYS":0.601033047336,"TOTAL_ASSETS_TDAYS":0.43403532636,"PREMIUM_EXPENSE":null,"LOAN_DEPOSIT":null,"LOAN_EQUITY":null,"LOAN_ASSETS":null,"DEPOSIT_EQUITY":null,"DEPOSIT_ASSETS":null,"EQUITY_MULTIPLIER":1.733868056653,"EQUITY_RATIO":0.85404284727},{"SECUCODE":"00118.HK","SECURITY_CODE":"00118","SECURITY_NAME_ABBR":"大同机械","ORG_CODE":"10007398","STD_REPORT_DATE":"2022-12-31 00:00:00","REPORT_DATE":"2022-12-31 00:00:00","DATE_TYPE_CODE":"001","REPORT_TYPE":"2022年年报","PER_NETCASH_OPERATE":0.263538948338,"PER_OI":2.424975355745,"BPS":1.370193601297,"BASIC_EPS":0.025279541,"DILUTED_EPS":null,"OPERATE_INCOME":2090160686.46,"OPERATE_INCOME_YOY":-23.9133029082,"GROSS_PROFIT":332567994.08,"GROSS_PROFIT_YOY":-25.295138908544,"HOLDER_PROFIT":21808293.78,"HOLDER_PROFIT_YOY":-72.7923148932,"GROSS_PROFIT_RATIO":15.911120912108,"EPS_TTM":0.025301679105,"OPERATE_INCOME_QOQ":-9.653425570437,"NET_PROFIT_RATIO":0.8050350913,"ROE_AVG":1.786653230543,"GROSS_PROFIT_QOQ":-15.4193890405,"ROA":0.872967558711,"HOLDER_PROFIT_QOQ":-53.879670034556,"ROE_YEARLY":1.786653230543,"ROIC_YEARLY":1.167716051863,"TOTAL_ASSETS":2345235721.5,"TOTAL_LIABILITIES":971032726.58,"TAX_EBT":43.040730549424,"OCF_SALES":10.867695942302,"TOTAL_PARENT_EQUITY":1181011918.94,"DEBT_ASSET_RATIO":41.404483041,"OPERATE_PROFIT":26581928.66,"PRETAX_PROFIT":29541332.17,"NETCASH_OPERATE":227152308.11,"NETCASH_INVEST":3502511.67,"NETCASH_FINANCE":-87922779.56,"END_CASH":468783629.65,"DIVI_RATIO":null,"DIVIDEND_RATE":null,"CURRENT_RATIO":1.834610338163,"COMMON_ACS":null,"CURRENTDEBT_DEBT":94.860880876203,"ISSUED_COMMON_SHARES":861930692,"HK_COMMON_SHARES":861930692,"PER_SHARES":2000,"TOTAL_MARKET_CAP":150837871.1,"HKSK_MARKET_CAP":150837871.1,"PE_TTM":-3.025046048172,"PB_TTM":0.119687138847,"REPORT_DATE_SQ":"2021-12-31 00:00:00","REPORT_TYPE_SQ":"2021年年报","OPERATE_INCOME_SQ":2514369368,"DPS_HKD":null,"OPERATE_INCOME_QOQ_SQ":6.19847139444,"NET_PROFIT_RATIO_SQ":2.7381023996,"HOLDER_PROFIT_SQ":73364883.2,"HOLDER_PROFIT_QOQ_SQ":25.053641304924,"ROE_AVG_SQ":6.697829952957,"PE_TTM_SQ":10.735157455917,"PB_TTM_SQ":0.16129869375,"ROA_SQ":3.092840181141,"START_DATE":"2022-01-01 00:00:00","FISCAL_YEAR":"12-31","CURRENCY":"HKD","IS_CNY_CODE":0,"DPS_HKD_LY":null,"ORG_TYPE":"一般企业","PREMIUM_INCOME":null,"PREMIUM_INCOME_YOY":null,"NET_INTEREST_INCOME":null,"NET_INTEREST_INCOME_YOY":null,"FEE_COMMISSION_INCOME":null,"FEE_COMMISSION_INCOME_YOY":null,"ACCOUNTS_RECE_TDAYS":2.824807234719,"INVENTORY_TDAYS":3.961970923442,"CURRENT_ASSETS_TDAYS":1.175181790719,"TOTAL_ASSETS_TDAYS":0.83667364819,"PREMIUM_EXPENSE":null,"LOAN_DEPOSIT":null,"LOAN_EQUITY":null,"LOAN_ASSETS":null,"DEPOSIT_EQUITY":null,"DEPOSIT_ASSETS":null,"EQUITY_MULTIPLIER":1.706615201808,"EQUITY_RATIO":0.822204002354},{"SECUCODE":"00118.HK","SECURITY_CODE":"00118","SECURITY_NAME_ABBR":"大同机械","ORG_CODE":"10007398","STD_REPORT_DATE":"2022-06-30 00:00:00","REPORT_DATE":"2022-06-30 00:00:00","DATE_TYPE_CODE":"002","REPORT_TYPE":"2022年中报","PER_NETCASH_OPERATE":0.05057436784,"PER_OI":1.214994295029,"BPS":1.351809900917,"BASIC_EPS":0.0085519,"DILUTED_EPS":0.0085519,"OPERATE_INCOME":1047240873.49,"OPERATE_INCOME_YOY":-18.3618244824,"GROSS_PROFIT":161833590.03,"GROSS_PROFIT_YOY":-24.310666462291,"HOLDER_PROFIT":7382855.27,"HOLDER_PROFIT_YOY":-78.5328857392,"GROSS_PROFIT_RATIO":15.453330186653,"EPS_TTM":0.054860143291,"OPERATE_INCOME_QOQ":-7.989178714414,"NET_PROFIT_RATIO":0.1345777419,"ROE_AVG":0.622585435121,"GROSS_PROFIT_QOQ":-11.67613919551,"ROA":0.301709887403,"HOLDER_PROFIT_QOQ":-35.547309274528,"ROE_YEARLY":1.245170870242,"ROIC_YEARLY":0.768560164894,"TOTAL_ASSETS":2355903922.89,"TOTAL_LIABILITIES":1004634452.5,"TAX_EBT":84.684014869889,"OCF_SALES":4.162518955618,"TOTAL_PARENT_EQUITY":1165166443.35,"DEBT_ASSET_RATIO":42.6432692241,"OPERATE_PROFIT":10551334.22,"PRETAX_PROFIT":9201844.4,"NETCASH_OPERATE":43591599.87,"NETCASH_INVEST":-33830461.21,"NETCASH_FINANCE":-29926518.86,"END_CASH":307042286.46,"DIVI_RATIO":null,"DIVIDEND_RATE":null,"CURRENT_RATIO":1.732151701947,"COMMON_ACS":null,"CURRENTDEBT_DEBT":94.180038306023,"ISSUED_COMMON_SHARES":861930692,"HK_COMMON_SHARES":861930692,"PER_SHARES":2000,"TOTAL_MARKET_CAP":150837871.1,"HKSK_MARKET_CAP":150837871.1,"PE_TTM":-3.025046048172,"PB_TTM":0.119687138847,"REPORT_DATE_SQ":"2021-06-30 00:00:00","REPORT_TYPE_SQ":"2021年中报","OPERATE_INCOME_SQ":1248118335.84,"DPS_HKD":null,"OPERATE_INCOME_QOQ_SQ":15.669037871222,"NET_PROFIT_RATIO_SQ":2.6200034933,"HOLDER_PROFIT_SQ":33462097.2,"HOLDER_PROFIT_QOQ_SQ":256.038691763347,"ROE_AVG_SQ":3.103993627609,"PE_TTM_SQ":10.735157455917,"PB_TTM_SQ":0.16129869375,"ROA_SQ":1.373186179495,"START_DATE":"2022-01-01 00:00:00","FISCAL_YEAR":"12-31","CURRENCY":"HKD","IS_CNY_CODE":0,"DPS_HKD_LY":null,"ORG_TYPE":"一般企业","PREMIUM_INCOME":null,"PREMIUM_INCOME_YOY":null,"NET_INTEREST_INCOME":null,"NET_INTEREST_INCOME_YOY":null,"FEE_COMMISSION_INCOME":null,"FEE_COMMISSION_INCOME_YOY":null,"ACCOUNTS_RECE_TDAYS":1.439463462141,"INVENTORY_TDAYS":1.950731193999,"CURRENT_ASSETS_TDAYS":0.611249889874,"TOTAL_ASSETS_TDAYS":0.427968468119,"PREMIUM_EXPENSE":null,"LOAN_DEPOSIT":null,"LOAN_EQUITY":null,"LOAN_ASSETS":null,"DEPOSIT_EQUITY":null,"DEPOSIT_ASSETS":null,"EQUITY_MULTIPLIER":1.743474543393,"EQUITY_RATIO":0.862223983735},{"SECUCODE":"00118.HK","SECURITY_CODE":"00118","SECURITY_NAME_ABBR":"大同机械","ORG_CODE":"10007398","STD_REPORT_DATE":"2021-12-31 00:00:00","REPORT_DATE":"2021-12-31 00:00:00","DATE_TYPE_CODE":"001","REPORT_TYPE":"2021年年报","PER_NETCASH_OPERATE":0.034777354001,"PER_OI":2.917136367619,"BPS":1.33824847996,"BASIC_EPS":0.08511216,"DILUTED_EPS":null,"OPERATE_INCOME":2514369368,"OPERATE_INCOME_YOY":26.450593971,"GROSS_PROFIT":445175841.6,"GROSS_PROFIT_YOY":29.648792446927,"HOLDER_PROFIT":73364883.2,"HOLDER_PROFIT_YOY":358.3307794463,"GROSS_PROFIT_RATIO":17.705268257945,"EPS_TTM":0.085116917034,"OPERATE_INCOME_QOQ":6.19847139444,"NET_PROFIT_RATIO":2.7381023996,"ROE_AVG":6.697829952957,"GROSS_PROFIT_QOQ":8.739111254208,"ROA":3.092840181141,"HOLDER_PROFIT_QOQ":25.053641304924,"ROE_YEARLY":6.697829952957,"ROIC_YEARLY":4.041285679382,"TOTAL_ASSETS":2426542776,"TOTAL_LIABILITIES":1085250353.6,"TAX_EBT":25.560692721824,"OCF_SALES":1.192174434731,"TOTAL_PARENT_EQUITY":1153477438.4,"DEBT_ASSET_RATIO":44.7241385701,"OPERATE_PROFIT":97959108.8,"PRETAX_PROFIT":92486094.4,"NETCASH_OPERATE":29975668.8,"NETCASH_INVEST":-66125035.2,"NETCASH_FINANCE":-47280172.8,"END_CASH":319270347.2,"DIVI_RATIO":null,"DIVIDEND_RATE":null,"CURRENT_RATIO":1.677328578776,"COMMON_ACS":null,"CURRENTDEBT_DEBT":93.888776301247,"ISSUED_COMMON_SHARES":861930692,"HK_COMMON_SHARES":861930692,"PER_SHARES":2000,"TOTAL_MARKET_CAP":150837871.1,"HKSK_MARKET_CAP":150837871.1,"PE_TTM":-3.025046048172,"PB_TTM":0.119687138847,"REPORT_DATE_SQ":"2020-12-31 00:00:00","REPORT_TYPE_SQ":"2020年年报","OPERATE_INCOME_SQ":2046886154.44,"DPS_HKD":null,"OPERATE_INCOME_QOQ_SQ":1.397175959726,"NET_PROFIT_RATIO_SQ":1.064053312,"HOLDER_PROFIT_SQ":16477627.92,"HOLDER_PROFIT_QOQ_SQ":236.956795146473,"ROE_AVG_SQ":1.604560104414,"PE_TTM_SQ":10.735157455917,"PB_TTM_SQ":0.16129869375,"ROA_SQ":0.719969065381,"START_DATE":"2021-01-01 00:00:00","FISCAL_YEAR":"12-31","CURRENCY":"HKD","IS_CNY_CODE":0,"DPS_HKD_LY":null,"ORG_TYPE":"一般企业","PREMIUM_INCOME":null,"PREMIUM_INCOME_YOY":null,"NET_INTEREST_INCOME":null,"NET_INTEREST_INCOME_YOY":null,"FEE_COMMISSION_INCOME":null,"FEE_COMMISSION_INCOME_YOY":null,"ACCOUNTS_RECE_TDAYS":3.508191241913,"INVENTORY_TDAYS":5.099173212363,"CURRENT_ASSETS_TDAYS":1.508374572455,"TOTAL_ASSETS_TDAYS":1.059981597787,"PREMIUM_EXPENSE":null,"LOAN_DEPOSIT":null,"LOAN_EQUITY":null,"LOAN_ASSETS":null,"DEPOSIT_EQUITY":null,"DEPOSIT_ASSETS":null,"EQUITY_MULTIPLIER":1.809107943561,"EQUITY_RATIO":0.940850958563},{"SECUCODE":"00118.HK","SECURITY_CODE":"00118","SECURITY_NAME_ABBR":"大同机械","ORG_CODE":"10007398","STD_REPORT_DATE":"2021-06-30 00:00:00","REPORT_DATE":"2021-06-30 00:00:00","DATE_TYPE_CODE":"002","REPORT_TYPE":"2021年中报","PER_NETCASH_OPERATE":-0.022194767465,"PER_OI":1.448049532781,"BPS":1.276748906117,"BASIC_EPS":0.038858136,"DILUTED_EPS":0.038858136,"OPERATE_INCOME":1248118335.84,"OPERATE_INCOME_YOY":47.7433163297,"GROSS_PROFIT":213812940.96,"GROSS_PROFIT_YOY":44.677930042827,"HOLDER_PROFIT":33462097.2,"HOLDER_PROFIT_YOY":520.9231735399,"GROSS_PROFIT_RATIO":17.130822841097,"EPS_TTM":0.068064325153,"OPERATE_INCOME_QOQ":15.669037871222,"NET_PROFIT_RATIO":2.6200034933,"ROE_AVG":3.103993627609,"GROSS_PROFIT_QOQ":19.229218403152,"ROA":1.373186179495,"HOLDER_PROFIT_QOQ":256.038691763347,"ROE_YEARLY":6.207987255218,"ROIC_YEARLY":3.608579292955,"TOTAL_ASSETS":2514964296.24,"TOTAL_LIABILITIES":1221095705.76,"TAX_EBT":18.095992330617,"OCF_SALES":-1.532735376981,"TOTAL_PARENT_EQUITY":1100469068.16,"DEBT_ASSET_RATIO":48.5532024286,"OPERATE_PROFIT":45035497.92,"PRETAX_PROFIT":39925694.64,"NETCASH_OPERATE":-19130351.28,"NETCASH_INVEST":-7536980.64,"NETCASH_FINANCE":-18224216.16,"END_CASH":361961456.64,"DIVI_RATIO":null,"DIVIDEND_RATE":null,"CURRENT_RATIO":1.597524417649,"COMMON_ACS":null,"CURRENTDEBT_DEBT":93.697402832803,"ISSUED_COMMON_SHARES":861930692,"HK_COMMON_SHARES":861930692,"PER_SHARES":2000,"TOTAL_MARKET_CAP":150837871.1,"HKSK_MARKET_CAP":150837871.1,"PE_TTM":-3.025046048172,"PB_TTM":0.119687138847,"REPORT_DATE_SQ":"2020-06-30 00:00:00","REPORT_TYPE_SQ":"2020年中报","OPERATE_INCOME_SQ":927390969.12,"DPS_HKD":null,"OPERATE_INCOME_QOQ_SQ":-3.89679295662,"NET_PROFIT_RATIO_SQ":-0.8857716102,"HOLDER_PROFIT_SQ":-8727005.76,"HOLDER_PROFIT_QOQ_SQ":-185.249401334466,"ROE_AVG_SQ":-0.825827999753,"PE_TTM_SQ":10.735157455917,"PB_TTM_SQ":0.16129869375,"ROA_SQ":-0.368827192068,"START_DATE":"2021-01-01 00:00:00","FISCAL_YEAR":"12-31","CURRENCY":"HKD","IS_CNY_CODE":0,"DPS_HKD_LY":null,"ORG_TYPE":"一般企业","PREMIUM_INCOME":null,"PREMIUM_INCOME_YOY":null,"NET_INTEREST_INCOME":null,"NET_INTEREST_INCOME_YOY":null,"FEE_COMMISSION_INCOME":null,"FEE_COMMISSION_INCOME_YOY":null,"ACCOUNTS_RECE_TDAYS":1.611288920064,"INVENTORY_TDAYS":2.49772890078,"CURRENT_ASSETS_TDAYS":0.717028934068,"TOTAL_ASSETS_TDAYS":0.512191103536,"PREMIUM_EXPENSE":null,"LOAN_DEPOSIT":null,"LOAN_EQUITY":null,"LOAN_ASSETS":null,"DEPOSIT_EQUITY":null,"DEPOSIT_ASSETS":null,"EQUITY_MULTIPLIER":1.943755582866,"EQUITY_RATIO":1.10961383749},{"SECUCODE":"00118.HK","SECURITY_CODE":"00118","SECURITY_NAME_ABBR":"大同机械","ORG_CODE":"10007398","STD_REPORT_DATE":"2020-12-31 00:00:00","REPORT_DATE":"2020-12-31 00:00:00","DATE_TYPE_CODE":"001","REPORT_TYPE":"2020年年报","PER_NETCASH_OPERATE":0.250458809605,"PER_OI":2.374768845614,"BPS":1.238761302446,"BASIC_EPS":0.019105228,"DILUTED_EPS":null,"OPERATE_INCOME":2046886154.44,"OPERATE_INCOME_YOY":3.7143223893,"GROSS_PROFIT":343370603.92,"GROSS_PROFIT_YOY":1.531026978644,"HOLDER_PROFIT":16477627.92,"HOLDER_PROFIT_YOY":24.2653125992,"GROSS_PROFIT_RATIO":16.775266331993,"EPS_TTM":0.01911711472,"OPERATE_INCOME_QOQ":1.397175959726,"NET_PROFIT_RATIO":1.064053312,"ROE_AVG":1.604560104414,"GROSS_PROFIT_QOQ":3.767483090334,"ROA":0.719969065381,"HOLDER_PROFIT_QOQ":236.956795146473,"ROE_YEARLY":1.604560104414,"ROIC_YEARLY":0.935596836041,"TOTAL_ASSETS":2385778391.92,"TOTAL_LIABILITIES":1123332699.8,"TAX_EBT":26.945769697654,"OCF_SALES":10.546660575711,"TOTAL_PARENT_EQUITY":1067726386.64,"DEBT_ASSET_RATIO":47.0845365858,"OPERATE_PROFIT":42022243.56,"PRETAX_PROFIT":29813413.72,"NETCASH_OPERATE":215878135.08,"NETCASH_INVEST":-16215036.24,"NETCASH_FINANCE":-65940810.72,"END_CASH":408643152.48,"DIVI_RATIO":null,"DIVIDEND_RATE":null,"CURRENT_RATIO":1.618823257242,"COMMON_ACS":null,"CURRENTDEBT_DEBT":91.976743750445,"ISSUED_COMMON_SHARES":861930692,"HK_COMMON_SHARES":861930692,"PER_SHARES":2000,"TOTAL_MARKET_CAP":150837871.1,"HKSK_MARKET_CAP":150837871.1,"PE_TTM":-3.025046048172,"PB_TTM":0.119687138847,"REPORT_DATE_SQ":"2019-12-31 00:00:00","REPORT_TYPE_SQ":"2019年年报","OPERATE_INCOME_SQ":2100535124.94,"DPS_HKD":null,"OPERATE_INCOME_QOQ_SQ":-6.071968833967,"NET_PROFIT_RATIO_SQ":1.0611862308,"HOLDER_PROFIT_SQ":14113013.9,"HOLDER_PROFIT_QOQ_SQ":-53.418608672213,"ROE_AVG_SQ":1.337869039137,"PE_TTM_SQ":10.735157455917,"PB_TTM_SQ":0.16129869375,"ROA_SQ":0.590563503663,"START_DATE":"2020-01-01 00:00:00","FISCAL_YEAR":"12-31","CURRENCY":"HKD","IS_CNY_CODE":0,"DPS_HKD_LY":null,"ORG_TYPE":"一般企业","PREMIUM_INCOME":null,"PREMIUM_INCOME_YOY":null,"NET_INTEREST_INCOME":null,"NET_INTEREST_INCOME_YOY":null,"FEE_COMMISSION_INCOME":null,"FEE_COMMISSION_INCOME_YOY":null,"ACCOUNTS_RECE_TDAYS":2.768692640771,"INVENTORY_TDAYS":4.57489421912,"CURRENT_ASSETS_TDAYS":1.303101322218,"TOTAL_ASSETS_TDAYS":0.894360959422,"PREMIUM_EXPENSE":null,"LOAN_DEPOSIT":null,"LOAN_EQUITY":null,"LOAN_ASSETS":null,"DEPOSIT_EQUITY":null,"DEPOSIT_ASSETS":null,"EQUITY_MULTIPLIER":1.889806751143,"EQUITY_RATIO":1.052079178576},{"SECUCODE":"00118.HK","SECURITY_CODE":"00118","SECURITY_NAME_ABBR":"大同机械","ORG_CODE":"10007398","STD_REPORT_DATE":"2020-06-30 00:00:00","REPORT_DATE":"2020-06-30 00:00:00","DATE_TYPE_CODE":"002","REPORT_TYPE":"2020年中报","PER_NETCASH_OPERATE":0.124738036083,"PER_OI":1.075946103008,"BPS":1.210384125874,"BASIC_EPS":-0.010139184,"DILUTED_EPS":null,"OPERATE_INCOME":927390969.12,"OPERATE_INCOME_YOY":-11.5085521637,"GROSS_PROFIT":147785457.6,"GROSS_PROFIT_YOY":-4.700276124409,"HOLDER_PROFIT":-8727005.76,"HOLDER_PROFIT_YOY":-148.2525252525,"GROSS_PROFIT_RATIO":15.935615346808,"EPS_TTM":-0.013958500343,"OPERATE_INCOME_QOQ":-3.89679295662,"NET_PROFIT_RATIO":-0.8857716102,"ROE_AVG":-0.825827999753,"GROSS_PROFIT_QOQ":-2.155257162538,"ROA":-0.368827192068,"HOLDER_PROFIT_QOQ":-185.249401334466,"ROE_YEARLY":-1.651655999506,"ROIC_YEARLY":-0.93334984329,"TOTAL_ASSETS":2353804258.08,"TOTAL_LIABILITIES":1116005367.84,"TAX_EBT":-264.236533009316,"OCF_SALES":11.593334994627,"TOTAL_PARENT_EQUITY":1043267227.2,"DEBT_ASSET_RATIO":47.4128366456,"OPERATE_PROFIT":5465111.52,"PRETAX_PROFIT":-2255283.36,"NETCASH_OPERATE":107515541.76,"NETCASH_INVEST":-30909896.16,"NETCASH_FINANCE":-44733897.12,"END_CASH":311937019.68,"DIVI_RATIO":null,"DIVIDEND_RATE":null,"CURRENT_RATIO":1.623957579267,"COMMON_ACS":null,"CURRENTDEBT_DEBT":90.453042780053,"ISSUED_COMMON_SHARES":861930692,"HK_COMMON_SHARES":861930692,"PER_SHARES":2000,"TOTAL_MARKET_CAP":150837871.1,"HKSK_MARKET_CAP":150837871.1,"PE_TTM":-3.025046048172,"PB_TTM":0.119687138847,"REPORT_DATE_SQ":"2019-06-30 00:00:00","REPORT_TYPE_SQ":"2019年中报","OPERATE_INCOME_SQ":1009244473.92,"DPS_HKD":null,"OPERATE_INCOME_QOQ_SQ":-4.852031358318,"NET_PROFIT_RATIO_SQ":1.5952940438,"HOLDER_PROFIT_SQ":17417268,"HOLDER_PROFIT_QOQ_SQ":-53.305334167852,"ROE_AVG_SQ":1.676020923174,"PE_TTM_SQ":10.735157455917,"PB_TTM_SQ":0.16129869375,"ROA_SQ":0.719589179995,"START_DATE":"2020-01-01 00:00:00","FISCAL_YEAR":"12-31","CURRENCY":"HKD","IS_CNY_CODE":0,"DPS_HKD_LY":null,"ORG_TYPE":"一般企业","PREMIUM_INCOME":null,"PREMIUM_INCOME_YOY":null,"NET_INTEREST_INCOME":null,"NET_INTEREST_INCOME_YOY":null,"FEE_COMMISSION_INCOME":null,"FEE_COMMISSION_INCOME_YOY":null,"ACCOUNTS_RECE_TDAYS":1.176114952568,"INVENTORY_TDAYS":1.913915801725,"CURRENT_ASSETS_TDAYS":0.573592139325,"TOTAL_ASSETS_TDAYS":0.391940851762,"PREMIUM_EXPENSE":null,"LOAN_DEPOSIT":null,"LOAN_EQUITY":null,"LOAN_ASSETS":null,"DEPOSIT_EQUITY":null,"DEPOSIT_ASSETS":null,"EQUITY_MULTIPLIER":1.901604757155,"EQUITY_RATIO":1.069721485295}],"count":48},"success":true,"message":"ok","code":0}