{"version":"e2c916ce0ddc9aeca6e147d2da053220","result":{"pages":6,"data":[{"SECUCODE":"00114.HK","SECURITY_CODE":"00114","SECURITY_NAME_ABBR":"HERALD HOLD","ORG_CODE":"10007395","STD_REPORT_DATE":"2024-06-30 00:00:00","REPORT_DATE":"2024-09-30 00:00:00","DATE_TYPE_CODE":"002","REPORT_TYPE":"2024年中报","PER_NETCASH_OPERATE":0.047359243668,"PER_OI":0.585046134609,"BPS":0.893643537279,"BASIC_EPS":0.04058055,"DILUTED_EPS":0.04058055,"OPERATE_INCOME":353654984.3,"OPERATE_INCOME_YOY":-3.5923330129,"GROSS_PROFIT":103695930.31,"GROSS_PROFIT_YOY":9.368661738433,"HOLDER_PROFIT":24518768.31,"HOLDER_PROFIT_YOY":231.088650755,"GROSS_PROFIT_RATIO":29.321212739373,"EPS_TTM":-0.02157307034,"OPERATE_INCOME_QOQ":0,"NET_PROFIT_RATIO":7.0841726802,"ROE_AVG":4.610645573473,"GROSS_PROFIT_QOQ":0,"ROA":3.206189505858,"HOLDER_PROFIT_QOQ":0,"ROE_YEARLY":9.221291146947,"ROIC_YEARLY":9.239159983689,"TOTAL_ASSETS":796806313.57,"TOTAL_LIABILITIES":244463545.73,"TAX_EBT":8.488421884779,"OCF_SALES":8.09495881888,"TOTAL_PARENT_EQUITY":540199263.7,"DEBT_ASSET_RATIO":30.6804227786,"OPERATE_PROFIT":27489264.57,"PRETAX_PROFIT":27377442.61,"NETCASH_OPERATE":28628225.34,"NETCASH_INVEST":2589039.09,"NETCASH_FINANCE":-1905482.27,"END_CASH":237750620.97,"DIVI_RATIO":-2.514718542392,"DIVIDEND_RATE":12.244897959184,"CURRENT_RATIO":2.665210101113,"COMMON_ACS":1000000000,"CURRENTDEBT_DEBT":87.120370951023,"ISSUED_COMMON_SHARES":604490763,"HK_COMMON_SHARES":604490763,"PER_SHARES":5000,"TOTAL_MARKET_CAP":296200473.87,"HKSK_MARKET_CAP":296200473.87,"PE_TTM":64.503587515244,"PB_TTM":0.494466844515,"REPORT_DATE_SQ":"2023-06-30 00:00:00","REPORT_TYPE_SQ":"2023年中报","OPERATE_INCOME_SQ":373276284.29,"DPS_HKD":0.06,"OPERATE_INCOME_QOQ_SQ":0,"NET_PROFIT_RATIO_SQ":1.8752012744,"HOLDER_PROFIT_SQ":7535577.56,"HOLDER_PROFIT_QOQ_SQ":0,"ROE_AVG_SQ":1.296683446285,"PE_TTM_SQ":6.367985420949,"PB_TTM_SQ":0.474527394013,"ROA_SQ":0.914218536304,"START_DATE":"2024-04-01 00:00:00","FISCAL_YEAR":"3-31","CURRENCY":"HKD","IS_CNY_CODE":0,"DPS_HKD_LY":0.06,"ORG_TYPE":"一般企业","PREMIUM_INCOME":null,"PREMIUM_INCOME_YOY":null,"NET_INTEREST_INCOME":null,"NET_INTEREST_INCOME_YOY":null,"FEE_COMMISSION_INCOME":null,"FEE_COMMISSION_INCOME_YOY":null,"ACCOUNTS_RECE_TDAYS":2.884812016801,"INVENTORY_TDAYS":2.396349897984,"CURRENT_ASSETS_TDAYS":0.67018818656,"TOTAL_ASSETS_TDAYS":0.462455897059,"PREMIUM_EXPENSE":null,"LOAN_DEPOSIT":null,"LOAN_EQUITY":null,"LOAN_ASSETS":null,"DEPOSIT_EQUITY":null,"DEPOSIT_ASSETS":null,"EQUITY_MULTIPLIER":1.442593910817,"EQUITY_RATIO":0.4525432783},{"SECUCODE":"00114.HK","SECURITY_CODE":"00114","SECURITY_NAME_ABBR":"HERALD HOLD","ORG_CODE":"10007395","STD_REPORT_DATE":"2023-12-31 00:00:00","REPORT_DATE":"2024-03-31 00:00:00","DATE_TYPE_CODE":"001","REPORT_TYPE":"2023年年报","PER_NETCASH_OPERATE":0.168769346108,"PER_OI":1.066786453691,"BPS":0.870377782845,"BASIC_EPS":-0.02157589,"DILUTED_EPS":-0.02157589,"OPERATE_INCOME":644862557.35,"OPERATE_INCOME_YOY":-43.6777996133,"GROSS_PROFIT":145300020.9,"GROSS_PROFIT_YOY":-44.630531865979,"HOLDER_PROFIT":-13040721.75,"HOLDER_PROFIT_YOY":-117.4730039963,"GROSS_PROFIT_RATIO":22.531936339597,"EPS_TTM":0.065819840542,"OPERATE_INCOME_QOQ":0,"NET_PROFIT_RATIO":-2.078199222,"ROE_AVG":-2.352823797459,"GROSS_PROFIT_QOQ":0,"ROA":-1.676618370889,"HOLDER_PROFIT_QOQ":0,"ROE_YEARLY":-2.352823797459,"ROIC_YEARLY":-2.229309727601,"TOTAL_ASSETS":736525640.95,"TOTAL_LIABILITIES":198954182.65,"TAX_EBT":14.829751685199,"OCF_SALES":15.820349567083,"TOTAL_PARENT_EQUITY":526135330.05,"DEBT_ASSET_RATIO":27.0125263247,"OPERATE_PROFIT":-14724185.1,"PRETAX_PROFIT":-15734988.35,"NETCASH_OPERATE":102019510.8,"NETCASH_INVEST":1382488.75,"NETCASH_FINANCE":-48586547.25,"END_CASH":207770381.4,"DIVI_RATIO":0.824222598429,"DIVIDEND_RATE":12.631578947368,"CURRENT_RATIO":2.992867537613,"COMMON_ACS":1000000000,"CURRENTDEBT_DEBT":82.347821728492,"ISSUED_COMMON_SHARES":604490763,"HK_COMMON_SHARES":604490763,"PER_SHARES":5000,"TOTAL_MARKET_CAP":287133112.425,"HKSK_MARKET_CAP":287133112.425,"PE_TTM":62.52898789743,"PB_TTM":0.479330104377,"REPORT_DATE_SQ":"2022-12-31 00:00:00","REPORT_TYPE_SQ":"2022年年报","OPERATE_INCOME_SQ":1105623570.98,"DPS_HKD":0.06,"OPERATE_INCOME_QOQ_SQ":0,"NET_PROFIT_RATIO_SQ":6.5153945674,"HOLDER_PROFIT_SQ":72069879.07,"HOLDER_PROFIT_QOQ_SQ":0,"ROE_AVG_SQ":13.073121156663,"PE_TTM_SQ":6.238026534807,"PB_TTM_SQ":0.464843161482,"ROA_SQ":8.77701538619,"START_DATE":"2023-04-01 00:00:00","FISCAL_YEAR":"3-31","CURRENCY":"HKD","IS_CNY_CODE":0,"DPS_HKD_LY":0.06,"ORG_TYPE":"一般企业","PREMIUM_INCOME":null,"PREMIUM_INCOME_YOY":null,"NET_INTEREST_INCOME":null,"NET_INTEREST_INCOME_YOY":null,"FEE_COMMISSION_INCOME":null,"FEE_COMMISSION_INCOME_YOY":null,"ACCOUNTS_RECE_TDAYS":5.525398187813,"INVENTORY_TDAYS":3.591177467285,"CURRENT_ASSETS_TDAYS":1.263177615235,"TOTAL_ASSETS_TDAYS":0.829086327489,"PREMIUM_EXPENSE":null,"LOAN_DEPOSIT":null,"LOAN_EQUITY":null,"LOAN_ASSETS":null,"DEPOSIT_EQUITY":null,"DEPOSIT_ASSETS":null,"EQUITY_MULTIPLIER":1.370098113614,"EQUITY_RATIO":0.378142601887},{"SECUCODE":"00114.HK","SECURITY_CODE":"00114","SECURITY_NAME_ABBR":"HERALD HOLD","ORG_CODE":"10007395","STD_REPORT_DATE":"2023-06-30 00:00:00","REPORT_DATE":"2023-09-30 00:00:00","DATE_TYPE_CODE":"002","REPORT_TYPE":"2023年中报","PER_NETCASH_OPERATE":0.095791713347,"PER_OI":0.617505356802,"BPS":0.947550564358,"BASIC_EPS":0.012479768,"DILUTED_EPS":0.012479768,"OPERATE_INCOME":373276284.29,"OPERATE_INCOME_YOY":-49.6886328415,"GROSS_PROFIT":94813202.12,"GROSS_PROFIT_YOY":-42.694408940133,"HOLDER_PROFIT":7535577.56,"HOLDER_PROFIT_YOY":-81.3469619534,"GROSS_PROFIT_RATIO":25.400274839411,"EPS_TTM":0.119224119674,"OPERATE_INCOME_QOQ":0,"NET_PROFIT_RATIO":1.8752012744,"ROE_AVG":1.296683446285,"GROSS_PROFIT_QOQ":0,"ROA":0.914218536304,"HOLDER_PROFIT_QOQ":0,"ROE_YEARLY":2.59336689257,"ROIC_YEARLY":2.394959851904,"TOTAL_ASSETS":819445425.26,"TOTAL_LIABILITIES":235196827.67,"TAX_EBT":21.715927750411,"OCF_SALES":15.512693499974,"TOTAL_PARENT_EQUITY":572785563.63,"DEBT_ASSET_RATIO":28.7019513954,"OPERATE_PROFIT":9539681.48,"PRETAX_PROFIT":8941386.72,"NETCASH_OPERATE":57905205.89,"NETCASH_INVEST":362463.85,"NETCASH_FINANCE":-3268598.06,"END_CASH":210000543.13,"DIVI_RATIO":0.455027054493,"DIVIDEND_RATE":12.631578947368,"CURRENT_RATIO":2.839575721637,"COMMON_ACS":1000000000,"CURRENTDEBT_DEBT":81.58433765494,"ISSUED_COMMON_SHARES":604490763,"HK_COMMON_SHARES":604490763,"PER_SHARES":5000,"TOTAL_MARKET_CAP":287133112.425,"HKSK_MARKET_CAP":287133112.425,"PE_TTM":62.52898789743,"PB_TTM":0.479330104377,"REPORT_DATE_SQ":"2022-06-30 00:00:00","REPORT_TYPE_SQ":"2022年中报","OPERATE_INCOME_SQ":731267777.64,"DPS_HKD":0.06,"OPERATE_INCOME_QOQ_SQ":0,"NET_PROFIT_RATIO_SQ":5.4121610674,"HOLDER_PROFIT_SQ":39817971,"HOLDER_PROFIT_QOQ_SQ":0,"ROE_AVG_SQ":7.184734580972,"PE_TTM_SQ":6.238026534807,"PB_TTM_SQ":0.464843161482,"ROA_SQ":4.488380675852,"START_DATE":"2023-04-01 00:00:00","FISCAL_YEAR":"3-31","CURRENCY":"HKD","IS_CNY_CODE":0,"DPS_HKD_LY":0.06,"ORG_TYPE":"一般企业","PREMIUM_INCOME":null,"PREMIUM_INCOME_YOY":null,"NET_INTEREST_INCOME":null,"NET_INTEREST_INCOME_YOY":null,"FEE_COMMISSION_INCOME":null,"FEE_COMMISSION_INCOME_YOY":null,"ACCOUNTS_RECE_TDAYS":2.699836396882,"INVENTORY_TDAYS":1.903142961966,"CURRENT_ASSETS_TDAYS":0.689951524979,"TOTAL_ASSETS_TDAYS":0.452859910927,"PREMIUM_EXPENSE":null,"LOAN_DEPOSIT":null,"LOAN_EQUITY":null,"LOAN_ASSETS":null,"DEPOSIT_EQUITY":null,"DEPOSIT_ASSETS":null,"EQUITY_MULTIPLIER":1.402562930643,"EQUITY_RATIO":0.410619335759},{"SECUCODE":"00114.HK","SECURITY_CODE":"00114","SECURITY_NAME_ABBR":"HERALD HOLD","ORG_CODE":"10007395","STD_REPORT_DATE":"2022-12-31 00:00:00","REPORT_DATE":"2023-03-31 00:00:00","DATE_TYPE_CODE":"001","REPORT_TYPE":"2022年年报","PER_NETCASH_OPERATE":0.217572758825,"PER_OI":1.829016485699,"BPS":0.930331031626,"BASIC_EPS":0.119230842,"DILUTED_EPS":0.119230842,"OPERATE_INCOME":1105623570.98,"OPERATE_INCOME_YOY":7.4745009539,"GROSS_PROFIT":262419029.47,"GROSS_PROFIT_YOY":169.67366678141,"HOLDER_PROFIT":72069879.07,"HOLDER_PROFIT_YOY":234.6378399594,"GROSS_PROFIT_RATIO":23.73493441691,"EPS_TTM":0.027076893928,"OPERATE_INCOME_QOQ":0,"NET_PROFIT_RATIO":6.5153945674,"ROE_AVG":13.073121156663,"GROSS_PROFIT_QOQ":0,"ROA":8.77701538619,"HOLDER_PROFIT_QOQ":0,"ROE_YEARLY":13.073121156663,"ROIC_YEARLY":10.363308046175,"TOTAL_ASSETS":790937312.05,"TOTAL_LIABILITIES":216929224.23,"TAX_EBT":30.192824845817,"OCF_SALES":11.895614967165,"TOTAL_PARENT_EQUITY":562376515.15,"DEBT_ASSET_RATIO":27.4268543063,"OPERATE_PROFIT":105886967.37,"PRETAX_PROFIT":103192455.39,"NETCASH_OPERATE":131520722.99,"NETCASH_INVEST":19710731.56,"NETCASH_FINANCE":-78048929.37,"END_CASH":149108585.3,"DIVI_RATIO":2.003560679631,"DIVIDEND_RATE":12.631578947368,"CURRENT_RATIO":2.975006098553,"COMMON_ACS":1000000000,"CURRENTDEBT_DEBT":79.405011238766,"ISSUED_COMMON_SHARES":604490763,"HK_COMMON_SHARES":604490763,"PER_SHARES":5000,"TOTAL_MARKET_CAP":287133112.425,"HKSK_MARKET_CAP":287133112.425,"PE_TTM":62.52898789743,"PB_TTM":0.479330104377,"REPORT_DATE_SQ":"2021-12-31 00:00:00","REPORT_TYPE_SQ":"2021年年报","OPERATE_INCOME_SQ":953051913.42,"DPS_HKD":0.06,"OPERATE_INCOME_QOQ_SQ":0,"NET_PROFIT_RATIO_SQ":-5.0367530052,"HOLDER_PROFIT_SQ":-49590828.47,"HOLDER_PROFIT_QOQ_SQ":0,"ROE_AVG_SQ":-9.237502322708,"PE_TTM_SQ":6.238026534807,"PB_TTM_SQ":0.464843161482,"ROA_SQ":-6.366796490437,"START_DATE":"2022-04-01 00:00:00","FISCAL_YEAR":"3-31","CURRENCY":"HKD","IS_CNY_CODE":0,"DPS_HKD_LY":0.06,"ORG_TYPE":"一般企业","PREMIUM_INCOME":null,"PREMIUM_INCOME_YOY":null,"NET_INTEREST_INCOME":null,"NET_INTEREST_INCOME_YOY":null,"FEE_COMMISSION_INCOME":null,"FEE_COMMISSION_INCOME_YOY":null,"ACCOUNTS_RECE_TDAYS":8.523125200344,"INVENTORY_TDAYS":4.387175674045,"CURRENT_ASSETS_TDAYS":2.168042530766,"TOTAL_ASSETS_TDAYS":1.346481389874,"PREMIUM_EXPENSE":null,"LOAN_DEPOSIT":null,"LOAN_EQUITY":null,"LOAN_ASSETS":null,"DEPOSIT_EQUITY":null,"DEPOSIT_ASSETS":null,"EQUITY_MULTIPLIER":1.377920152753,"EQUITY_RATIO":0.385736634419},{"SECUCODE":"00114.HK","SECURITY_CODE":"00114","SECURITY_NAME_ABBR":"HERALD HOLD","ORG_CODE":"10007395","STD_REPORT_DATE":"2022-06-30 00:00:00","REPORT_DATE":"2022-09-30 00:00:00","DATE_TYPE_CODE":"002","REPORT_TYPE":"2022年中报","PER_NETCASH_OPERATE":0.043790826164,"PER_OI":1.209725313272,"BPS":0.91035633542,"BASIC_EPS":0.065843232,"DILUTED_EPS":0.065843232,"OPERATE_INCOME":731267777.64,"OPERATE_INCOME_YOY":44.7576811729,"GROSS_PROFIT":165451922.52,"GROSS_PROFIT_YOY":239.825217760057,"HOLDER_PROFIT":39817971,"HOLDER_PROFIT_YOY":240.3008381402,"GROSS_PROFIT_RATIO":22.625353882535,"EPS_TTM":-0.082037363522,"OPERATE_INCOME_QOQ":0,"NET_PROFIT_RATIO":5.4121610674,"ROE_AVG":7.184734580972,"GROSS_PROFIT_QOQ":0,"ROA":4.488380675852,"HOLDER_PROFIT_QOQ":0,"ROE_YEARLY":14.369469161944,"ROIC_YEARLY":10.083606323641,"TOTAL_ASSETS":894734454.36,"TOTAL_LIABILITIES":333037419,"TAX_EBT":31.670336190878,"OCF_SALES":3.619898309403,"TOTAL_PARENT_EQUITY":550301995.8,"DEBT_ASSET_RATIO":37.2219285149,"OPERATE_PROFIT":59835037.08,"PRETAX_PROFIT":57921242.04,"NETCASH_OPERATE":26471149.92,"NETCASH_INVEST":-1956303.72,"NETCASH_FINANCE":-12094171.68,"END_CASH":89720448,"DIVI_RATIO":-0.661286487898,"DIVIDEND_RATE":12.631578947368,"CURRENT_RATIO":2.038042703386,"COMMON_ACS":1000000000,"CURRENTDEBT_DEBT":85.713626179646,"ISSUED_COMMON_SHARES":604490763,"HK_COMMON_SHARES":604490763,"PER_SHARES":5000,"TOTAL_MARKET_CAP":287133112.425,"HKSK_MARKET_CAP":287133112.425,"PE_TTM":62.52898789743,"PB_TTM":0.479330104377,"REPORT_DATE_SQ":"2021-06-30 00:00:00","REPORT_TYPE_SQ":"2021年中报","OPERATE_INCOME_SQ":465298165.46,"DPS_HKD":0.06,"OPERATE_INCOME_QOQ_SQ":0,"NET_PROFIT_RATIO_SQ":-5.5217074485,"HOLDER_PROFIT_SQ":-26140589.74,"HOLDER_PROFIT_QOQ_SQ":0,"ROE_AVG_SQ":-4.589176627506,"PE_TTM_SQ":6.238026534807,"PB_TTM_SQ":0.464843161482,"ROA_SQ":-3.210531862321,"START_DATE":"2022-04-01 00:00:00","FISCAL_YEAR":"3-31","CURRENCY":"HKD","IS_CNY_CODE":0,"DPS_HKD_LY":0.06,"ORG_TYPE":"一般企业","PREMIUM_INCOME":null,"PREMIUM_INCOME_YOY":null,"NET_INTEREST_INCOME":null,"NET_INTEREST_INCOME_YOY":null,"FEE_COMMISSION_INCOME":null,"FEE_COMMISSION_INCOME_YOY":null,"ACCOUNTS_RECE_TDAYS":3.903561350189,"INVENTORY_TDAYS":2.735028012705,"CURRENT_ASSETS_TDAYS":1.322268785595,"TOTAL_ASSETS_TDAYS":0.824303217769,"PREMIUM_EXPENSE":null,"LOAN_DEPOSIT":null,"LOAN_EQUITY":null,"LOAN_ASSETS":null,"DEPOSIT_EQUITY":null,"DEPOSIT_ASSETS":null,"EQUITY_MULTIPLIER":1.592912901502,"EQUITY_RATIO":0.60519028014},{"SECUCODE":"00114.HK","SECURITY_CODE":"00114","SECURITY_NAME_ABBR":"HERALD HOLD","ORG_CODE":"10007395","STD_REPORT_DATE":"2021-12-31 00:00:00","REPORT_DATE":"2022-03-31 00:00:00","DATE_TYPE_CODE":"001","REPORT_TYPE":"2021年年报","PER_NETCASH_OPERATE":-0.103996012822,"PER_OI":1.576619481645,"BPS":0.827886828603,"BASIC_EPS":-0.082074212,"DILUTED_EPS":-0.082074212,"OPERATE_INCOME":953051913.42,"OPERATE_INCOME_YOY":26.6623912048,"GROSS_PROFIT":97309845.86,"GROSS_PROFIT_YOY":-40.670077095699,"HOLDER_PROFIT":-49590828.47,"HOLDER_PROFIT_YOY":-280.2629639456,"GROSS_PROFIT_RATIO":10.210340537569,"EPS_TTM":-0.025578806471,"OPERATE_INCOME_QOQ":0,"NET_PROFIT_RATIO":-5.0367530052,"ROE_AVG":-9.237502322708,"GROSS_PROFIT_QOQ":0,"ROA":-6.366796490437,"HOLDER_PROFIT_QOQ":0,"ROE_YEARLY":-9.237502322708,"ROIC_YEARLY":-7.471050549665,"TOTAL_ASSETS":788677217.63,"TOTAL_LIABILITIES":277059669.23,"TAX_EBT":11.260869565217,"OCF_SALES":-6.596139019795,"TOTAL_PARENT_EQUITY":500449940.7,"DEBT_ASSET_RATIO":35.1296656017,"OPERATE_PROFIT":-52345018.43,"PRETAX_PROFIT":-54094367,"NETCASH_OPERATE":-62864629.14,"NETCASH_INVEST":-8720790.53,"NETCASH_FINANCE":7265027.58,"END_CASH":72799501.64,"DIVI_RATIO":-2.120904275284,"DIVIDEND_RATE":12.631578947368,"CURRENT_RATIO":1.971373091795,"COMMON_ACS":1000000000,"CURRENTDEBT_DEBT":86.077049847346,"ISSUED_COMMON_SHARES":604490763,"HK_COMMON_SHARES":604490763,"PER_SHARES":5000,"TOTAL_MARKET_CAP":287133112.425,"HKSK_MARKET_CAP":287133112.425,"PE_TTM":62.52898789743,"PB_TTM":0.479330104377,"REPORT_DATE_SQ":"2020-12-31 00:00:00","REPORT_TYPE_SQ":"2020年年报","OPERATE_INCOME_SQ":784136874.5,"DPS_HKD":0.06,"OPERATE_INCOME_QOQ_SQ":0,"NET_PROFIT_RATIO_SQ":3.6374120881,"HOLDER_PROFIT_SQ":28669350.78,"HOLDER_PROFIT_QOQ_SQ":0,"ROE_AVG_SQ":4.918753063255,"PE_TTM_SQ":6.238026534807,"PB_TTM_SQ":0.464843161482,"ROA_SQ":3.718243905006,"START_DATE":"2021-04-01 00:00:00","FISCAL_YEAR":"3-31","CURRENCY":"HKD","IS_CNY_CODE":0,"DPS_HKD_LY":0.06,"ORG_TYPE":"一般企业","PREMIUM_INCOME":null,"PREMIUM_INCOME_YOY":null,"NET_INTEREST_INCOME":null,"NET_INTEREST_INCOME_YOY":null,"FEE_COMMISSION_INCOME":null,"FEE_COMMISSION_INCOME_YOY":null,"ACCOUNTS_RECE_TDAYS":7.60900279071,"INVENTORY_TDAYS":5.262807180301,"CURRENT_ASSETS_TDAYS":2.03647889423,"TOTAL_ASSETS_TDAYS":1.223590684967,"PREMIUM_EXPENSE":null,"LOAN_DEPOSIT":null,"LOAN_EQUITY":null,"LOAN_ASSETS":null,"DEPOSIT_EQUITY":null,"DEPOSIT_ASSETS":null,"EQUITY_MULTIPLIER":1.541536681251,"EQUITY_RATIO":0.553621145089},{"SECUCODE":"00114.HK","SECURITY_CODE":"00114","SECURITY_NAME_ABBR":"HERALD HOLD","ORG_CODE":"10007395","STD_REPORT_DATE":"2021-06-30 00:00:00","REPORT_DATE":"2021-09-30 00:00:00","DATE_TYPE_CODE":"002","REPORT_TYPE":"2021年中报","PER_NETCASH_OPERATE":-0.135620657284,"PER_OI":0.769735774209,"BPS":0.910531267059,"BASIC_EPS":-0.043235814,"DILUTED_EPS":-0.043235814,"OPERATE_INCOME":465298165.46,"OPERATE_INCOME_YOY":7.0455116055,"GROSS_PROFIT":48687358.64,"GROSS_PROFIT_YOY":-52.025961429109,"HOLDER_PROFIT":-26140589.74,"HOLDER_PROFIT_YOY":-253.2626746117,"GROSS_PROFIT_RATIO":10.463690221488,"EPS_TTM":0.047427276866,"OPERATE_INCOME_QOQ":0,"NET_PROFIT_RATIO":-5.5217074485,"ROE_AVG":-4.589176627506,"GROSS_PROFIT_QOQ":0,"ROA":-3.210531862321,"HOLDER_PROFIT_QOQ":0,"ROE_YEARLY":-9.178353255012,"ROIC_YEARLY":-7.614949850875,"TOTAL_ASSETS":838398248.48,"TOTAL_LIABILITIES":277874660.54,"TAX_EBT":14.470728528245,"OCF_SALES":-17.619118381641,"TOTAL_PARENT_EQUITY":550407740.36,"DEBT_ASSET_RATIO":33.1435163472,"OPERATE_PROFIT":-29477828.1,"PRETAX_PROFIT":-30039310.54,"NETCASH_OPERATE":-81981434.6,"NETCASH_INVEST":8303109.02,"NETCASH_FINANCE":27984151.52,"END_CASH":94933018.42,"DIVI_RATIO":1.143860739734,"DIVIDEND_RATE":12.631578947368,"CURRENT_RATIO":2.176439328684,"COMMON_ACS":1000000000,"CURRENTDEBT_DEBT":86.315164633543,"ISSUED_COMMON_SHARES":604490763,"HK_COMMON_SHARES":604490763,"PER_SHARES":5000,"TOTAL_MARKET_CAP":287133112.425,"HKSK_MARKET_CAP":287133112.425,"PE_TTM":62.52898789743,"PB_TTM":0.479330104377,"REPORT_DATE_SQ":"2020-06-30 00:00:00","REPORT_TYPE_SQ":"2020年中报","OPERATE_INCOME_SQ":458497642.88,"DPS_HKD":0.06,"OPERATE_INCOME_QOQ_SQ":0,"NET_PROFIT_RATIO_SQ":3.6200801062,"HOLDER_PROFIT_SQ":17990913.28,"HOLDER_PROFIT_QOQ_SQ":0,"ROE_AVG_SQ":2.976170575247,"PE_TTM_SQ":6.238026534807,"PB_TTM_SQ":0.464843161482,"ROA_SQ":2.167677946201,"START_DATE":"2021-04-01 00:00:00","FISCAL_YEAR":"3-31","CURRENCY":"HKD","IS_CNY_CODE":0,"DPS_HKD_LY":0.06,"ORG_TYPE":"一般企业","PREMIUM_INCOME":null,"PREMIUM_INCOME_YOY":null,"NET_INTEREST_INCOME":null,"NET_INTEREST_INCOME_YOY":null,"FEE_COMMISSION_INCOME":null,"FEE_COMMISSION_INCOME_YOY":null,"ACCOUNTS_RECE_TDAYS":3.109968429317,"INVENTORY_TDAYS":2.744076687554,"CURRENT_ASSETS_TDAYS":0.930114944443,"TOTAL_ASSETS_TDAYS":0.571469351131,"PREMIUM_EXPENSE":null,"LOAN_DEPOSIT":null,"LOAN_EQUITY":null,"LOAN_ASSETS":null,"DEPOSIT_EQUITY":null,"DEPOSIT_ASSETS":null,"EQUITY_MULTIPLIER":1.495741243577,"EQUITY_RATIO":0.504852385176},{"SECUCODE":"00114.HK","SECURITY_CODE":"00114","SECURITY_NAME_ABBR":"HERALD HOLD","ORG_CODE":"10007395","STD_REPORT_DATE":"2020-12-31 00:00:00","REPORT_DATE":"2021-03-31 00:00:00","DATE_TYPE_CODE":"001","REPORT_TYPE":"2020年年报","PER_NETCASH_OPERATE":0.03274930297,"PER_OI":1.297185867007,"BPS":0.988247932715,"BASIC_EPS":0.047414598,"DILUTED_EPS":0.047414598,"OPERATE_INCOME":784136874.5,"OPERATE_INCOME_YOY":-1.9516149146,"GROSS_PROFIT":164014785.62,"GROSS_PROFIT_YOY":-10.246916044654,"HOLDER_PROFIT":28669350.78,"HOLDER_PROFIT_YOY":285.5535348943,"GROSS_PROFIT_RATIO":20.916601546711,"EPS_TTM":0.052173205747,"OPERATE_INCOME_QOQ":0,"NET_PROFIT_RATIO":3.6374120881,"ROE_AVG":4.918753063255,"GROSS_PROFIT_QOQ":0,"ROA":3.718243905006,"HOLDER_PROFIT_QOQ":0,"ROE_YEARLY":4.918753063255,"ROIC_YEARLY":4.689071343804,"TOTAL_ASSETS":801523072.28,"TOTAL_LIABILITIES":194189401.98,"TAX_EBT":16.68073255127,"OCF_SALES":2.524642289348,"TOTAL_PARENT_EQUITY":597386746.88,"DEBT_ASSET_RATIO":24.2275498605,"OPERATE_PROFIT":20700993.74,"PRETAX_PROFIT":20029075.64,"NETCASH_OPERATE":19796651.14,"NETCASH_INVEST":-6432664.98,"NETCASH_FINANCE":-38083810.8,"END_CASH":142498193.18,"DIVI_RATIO":1.039809596201,"DIVIDEND_RATE":12.631578947368,"CURRENT_RATIO":3.050068765565,"COMMON_ACS":1000000000,"CURRENTDEBT_DEBT":81.963866800719,"ISSUED_COMMON_SHARES":604490763,"HK_COMMON_SHARES":604490763,"PER_SHARES":5000,"TOTAL_MARKET_CAP":287133112.425,"HKSK_MARKET_CAP":287133112.425,"PE_TTM":62.52898789743,"PB_TTM":0.479330104377,"REPORT_DATE_SQ":"2019-12-31 00:00:00","REPORT_TYPE_SQ":"2019年年报","OPERATE_INCOME_SQ":864581315.4,"DPS_HKD":0.06,"OPERATE_INCOME_QOQ_SQ":0,"NET_PROFIT_RATIO_SQ":0.7289473944,"HOLDER_PROFIT_SQ":8038732.6,"HOLDER_PROFIT_QOQ_SQ":0,"ROE_AVG_SQ":1.273976659207,"PE_TTM_SQ":6.238026534807,"PB_TTM_SQ":0.464843161482,"ROA_SQ":0.960917272974,"START_DATE":"2020-04-01 00:00:00","FISCAL_YEAR":"3-31","CURRENCY":"HKD","IS_CNY_CODE":0,"DPS_HKD_LY":0.06,"ORG_TYPE":"一般企业","PREMIUM_INCOME":null,"PREMIUM_INCOME_YOY":null,"NET_INTEREST_INCOME":null,"NET_INTEREST_INCOME_YOY":null,"FEE_COMMISSION_INCOME":null,"FEE_COMMISSION_INCOME_YOY":null,"ACCOUNTS_RECE_TDAYS":6.672144233812,"INVENTORY_TDAYS":4.975121544376,"CURRENT_ASSETS_TDAYS":1.678661087866,"TOTAL_ASSETS_TDAYS":1.016978785698,"PREMIUM_EXPENSE":null,"LOAN_DEPOSIT":null,"LOAN_EQUITY":null,"LOAN_ASSETS":null,"DEPOSIT_EQUITY":null,"DEPOSIT_ASSETS":null,"EQUITY_MULTIPLIER":1.319740879646,"EQUITY_RATIO":0.325064797628},{"SECUCODE":"00114.HK","SECURITY_CODE":"00114","SECURITY_NAME_ABBR":"HERALD HOLD","ORG_CODE":"10007395","STD_REPORT_DATE":"2020-06-30 00:00:00","REPORT_DATE":"2020-09-30 00:00:00","DATE_TYPE_CODE":"002","REPORT_TYPE":"2020年中报","PER_NETCASH_OPERATE":-0.099086824392,"PER_OI":0.758485771734,"BPS":1.022537534986,"BASIC_EPS":0.029788608,"DILUTED_EPS":0.029788608,"OPERATE_INCOME":458497642.88,"OPERATE_INCOME_YOY":-7.0962861934,"GROSS_PROFIT":101486887.68,"GROSS_PROFIT_YOY":-6.33060384507,"HOLDER_PROFIT":17990913.28,"HOLDER_PROFIT_YOY":435.2546258392,"GROSS_PROFIT_RATIO":22.042690534606,"EPS_TTM":0.013298354734,"OPERATE_INCOME_QOQ":0,"NET_PROFIT_RATIO":3.6200801062,"ROE_AVG":2.976170575247,"GROSS_PROFIT_QOQ":0,"ROA":2.167677946201,"HOLDER_PROFIT_QOQ":0,"ROE_YEARLY":5.952341150493,"ROIC_YEARLY":5.276596731701,"TOTAL_ASSETS":889968494.72,"TOTAL_LIABILITIES":262021123.2,"TAX_EBT":31.908735528492,"OCF_SALES":-12.415554231988,"TOTAL_PARENT_EQUITY":618114494.72,"DEBT_ASSET_RATIO":29.4416178499,"OPERATE_PROFIT":23812433.28,"PRETAX_PROFIT":23377466.88,"NETCASH_OPERATE":-59897070.08,"NETCASH_INVEST":-799635.2,"NETCASH_FINANCE":3448976,"END_CASH":112814467.2,"DIVI_RATIO":4.079467053165,"DIVIDEND_RATE":12.631578947368,"CURRENT_RATIO":2.445288579302,"COMMON_ACS":1000000000,"CURRENTDEBT_DEBT":87.62345523752,"ISSUED_COMMON_SHARES":604490763,"HK_COMMON_SHARES":604490763,"PER_SHARES":5000,"TOTAL_MARKET_CAP":287133112.425,"HKSK_MARKET_CAP":287133112.425,"PE_TTM":62.52898789743,"PB_TTM":0.479330104377,"REPORT_DATE_SQ":"2019-06-30 00:00:00","REPORT_TYPE_SQ":"2019年中报","OPERATE_INCOME_SQ":533049123.57,"DPS_HKD":0.06,"OPERATE_INCOME_QOQ_SQ":0,"NET_PROFIT_RATIO_SQ":-1.3082170107,"HOLDER_PROFIT_SQ":-5508575.07,"HOLDER_PROFIT_QOQ_SQ":0,"ROE_AVG_SQ":-0.889092709061,"PE_TTM_SQ":6.238026534807,"PB_TTM_SQ":0.464843161482,"ROA_SQ":-0.626764281928,"START_DATE":"2020-04-01 00:00:00","FISCAL_YEAR":"3-31","CURRENCY":"HKD","IS_CNY_CODE":0,"DPS_HKD_LY":0.06,"ORG_TYPE":"一般企业","PREMIUM_INCOME":null,"PREMIUM_INCOME_YOY":null,"NET_INTEREST_INCOME":null,"NET_INTEREST_INCOME_YOY":null,"FEE_COMMISSION_INCOME":null,"FEE_COMMISSION_INCOME_YOY":null,"ACCOUNTS_RECE_TDAYS":2.718498044926,"INVENTORY_TDAYS":2.747865278188,"CURRENT_ASSETS_TDAYS":0.938587283569,"TOTAL_ASSETS_TDAYS":0.581274159276,"PREMIUM_EXPENSE":null,"LOAN_DEPOSIT":null,"LOAN_EQUITY":null,"LOAN_ASSETS":null,"DEPOSIT_EQUITY":null,"DEPOSIT_ASSETS":null,"EQUITY_MULTIPLIER":1.417266056176,"EQUITY_RATIO":0.423903864799}],"count":47},"success":true,"message":"ok","code":0}