{"version":"e0c03308f0fbb84f9b8b9b6c6868c1ab","result":{"pages":6,"data":[{"SECUCODE":"00115.HK","SECURITY_CODE":"00115","SECURITY_NAME_ABBR":"钧濠集团","ORG_CODE":"10007396","STD_REPORT_DATE":"2024-06-30 00:00:00","REPORT_DATE":"2024-06-30 00:00:00","DATE_TYPE_CODE":"002","REPORT_TYPE":"2024年中报","PER_NETCASH_OPERATE":2.351417229422,"PER_OI":6.982192728962,"BPS":34.843375768813,"BASIC_EPS":-1.92301676,"DILUTED_EPS":-1.92301676,"OPERATE_INCOME":85516290.64,"OPERATE_INCOME_YOY":-15.0893981821,"GROSS_PROFIT":28936519.4,"GROSS_PROFIT_YOY":17.812282607343,"HOLDER_PROFIT":-23554445.44,"HOLDER_PROFIT_YOY":16.9306038367,"GROSS_PROFIT_RATIO":33.837435164038,"EPS_TTM":-3.063926945068,"OPERATE_INCOME_QOQ":-6.767912362934,"NET_PROFIT_RATIO":-39.2889922944,"ROE_AVG":-5.297790295117,"GROSS_PROFIT_QOQ":8.056397011314,"ROA":-1.003429459683,"HOLDER_PROFIT_QOQ":11.943028293618,"ROE_YEARLY":-10.595580590233,"ROIC_YEARLY":-2.715244660556,"TOTAL_ASSETS":2292297127.48,"TOTAL_LIABILITIES":1299555925.2,"TAX_EBT":-7.7821695213,"OCF_SALES":33.677346368119,"TOTAL_PARENT_EQUITY":426753652.44,"DEBT_ASSET_RATIO":56.6922982898,"OPERATE_PROFIT":-6667127.4,"PRETAX_PROFIT":-31172585.4,"NETCASH_OPERATE":28799617.4,"NETCASH_INVEST":1383622.88,"NETCASH_FINANCE":-28623470.16,"END_CASH":32280578.92,"DIVI_RATIO":null,"DIVIDEND_RATE":null,"CURRENT_RATIO":0.86939832965,"COMMON_ACS":2500000000,"CURRENTDEBT_DEBT":52.236900322356,"ISSUED_COMMON_SHARES":12247770,"HK_COMMON_SHARES":12247770,"PER_SHARES":2000,"TOTAL_MARKET_CAP":52053022.5,"HKSK_MARKET_CAP":52053022.5,"PE_TTM":-1.246301357564,"PB_TTM":0.111323599233,"REPORT_DATE_SQ":"2023-06-30 00:00:00","REPORT_TYPE_SQ":"2023年中报","OPERATE_INCOME_SQ":101739571.02,"DPS_HKD":null,"OPERATE_INCOME_QOQ_SQ":30.780195325128,"NET_PROFIT_RATIO_SQ":-44.6347497485,"HOLDER_PROFIT_SQ":-28644074.64,"HOLDER_PROFIT_QOQ_SQ":69.480237516958,"ROE_AVG_SQ":-5.750027067769,"PE_TTM_SQ":-0.274600647286,"PB_TTM_SQ":0.056512183777,"ROA_SQ":-1.131714019641,"START_DATE":"2024-01-01 00:00:00","FISCAL_YEAR":"12-31","CURRENCY":"HKD","IS_CNY_CODE":0,"DPS_HKD_LY":null,"ORG_TYPE":"一般企业","PREMIUM_INCOME":null,"PREMIUM_INCOME_YOY":null,"NET_INTEREST_INCOME":null,"NET_INTEREST_INCOME_YOY":null,"FEE_COMMISSION_INCOME":null,"FEE_COMMISSION_INCOME_YOY":null,"ACCOUNTS_RECE_TDAYS":17.076362310917,"INVENTORY_TDAYS":0.340110713051,"CURRENT_ASSETS_TDAYS":0.137538146733,"TOTAL_ASSETS_TDAYS":0.036430305918,"PREMIUM_EXPENSE":null,"LOAN_DEPOSIT":null,"LOAN_EQUITY":null,"LOAN_ASSETS":null,"DEPOSIT_EQUITY":null,"DEPOSIT_ASSETS":null,"EQUITY_MULTIPLIER":2.309058113247,"EQUITY_RATIO":3.045213363189},{"SECUCODE":"00115.HK","SECURITY_CODE":"00115","SECURITY_NAME_ABBR":"钧濠集团","ORG_CODE":"10007396","STD_REPORT_DATE":"2023-12-31 00:00:00","REPORT_DATE":"2023-12-31 00:00:00","DATE_TYPE_CODE":"001","REPORT_TYPE":"2023年年报","PER_NETCASH_OPERATE":0.061800655534,"PER_OI":0.978581286954,"BPS":37.491783091943,"BASIC_EPS":-0.17399424,"DILUTED_EPS":-0.17399424,"OPERATE_INCOME":239708783.3,"OPERATE_INCOME_YOY":89.9091790214,"GROSS_PROFIT":54304327.28,"GROSS_PROFIT_YOY":219.978609360898,"HOLDER_PROFIT":-42615901.72,"HOLDER_PROFIT_YOY":88.023369532,"GROSS_PROFIT_RATIO":22.654291817099,"EPS_TTM":-0.173974117159,"OPERATE_INCOME_QOQ":47.317679262776,"NET_PROFIT_RATIO":-27.6808498573,"ROE_AVG":-8.742086511819,"GROSS_PROFIT_QOQ":42.396609678407,"ROA":-1.724583381237,"HOLDER_PROFIT_QOQ":60.188880116215,"ROE_YEARLY":-8.742086511819,"ROIC_YEARLY":-2.32131728561,"TOTAL_ASSETS":2385486404.56,"TOTAL_LIABILITIES":1341252723.44,"TAX_EBT":-400.136612021858,"OCF_SALES":6.315331833733,"TOTAL_PARENT_EQUITY":459190736.2,"DEBT_ASSET_RATIO":56.2255446468,"OPERATE_PROFIT":35774846.94,"PRETAX_PROFIT":-13267060.8,"NETCASH_OPERATE":15138405.1,"NETCASH_INVEST":36127366.52,"NETCASH_FINANCE":-33184870.18,"END_CASH":37087053.5,"DIVI_RATIO":null,"DIVIDEND_RATE":null,"CURRENT_RATIO":0.982354999623,"COMMON_ACS":2500000000,"CURRENTDEBT_DEBT":49.235094442628,"ISSUED_COMMON_SHARES":12247770,"HK_COMMON_SHARES":12247770,"PER_SHARES":2000,"TOTAL_MARKET_CAP":74711397,"HKSK_MARKET_CAP":74711397,"PE_TTM":-1.788809007327,"PB_TTM":0.159782107134,"REPORT_DATE_SQ":"2022-12-31 00:00:00","REPORT_TYPE_SQ":"2022年年报","OPERATE_INCOME_SQ":124419111.95,"DPS_HKD":null,"OPERATE_INCOME_QOQ_SQ":-67.508188891689,"NET_PROFIT_RATIO_SQ":-426.2583910687,"HOLDER_PROFIT_SQ":-350740678.96,"HOLDER_PROFIT_QOQ_SQ":23.865160954281,"ROE_AVG_SQ":-48.772180648655,"PE_TTM_SQ":-0.239693785343,"PB_TTM_SQ":0.049328431602,"ROA_SQ":-11.950232119947,"START_DATE":"2023-01-01 00:00:00","FISCAL_YEAR":"12-31","CURRENCY":"HKD","IS_CNY_CODE":0,"DPS_HKD_LY":null,"ORG_TYPE":"一般企业","PREMIUM_INCOME":null,"PREMIUM_INCOME_YOY":null,"NET_INTEREST_INCOME":null,"NET_INTEREST_INCOME_YOY":null,"FEE_COMMISSION_INCOME":null,"FEE_COMMISSION_INCOME_YOY":null,"ACCOUNTS_RECE_TDAYS":54.460572369776,"INVENTORY_TDAYS":1.03493698292,"CURRENT_ASSETS_TDAYS":0.339794195308,"TOTAL_ASSETS_TDAYS":0.097005523134,"PREMIUM_EXPENSE":null,"LOAN_DEPOSIT":null,"LOAN_EQUITY":null,"LOAN_ASSETS":null,"DEPOSIT_EQUITY":null,"DEPOSIT_ASSETS":null,"EQUITY_MULTIPLIER":2.284437332073,"EQUITY_RATIO":2.920905448876},{"SECUCODE":"00115.HK","SECURITY_CODE":"00115","SECURITY_NAME_ABBR":"钧濠集团","ORG_CODE":"10007396","STD_REPORT_DATE":"2023-06-30 00:00:00","REPORT_DATE":"2023-06-30 00:00:00","DATE_TYPE_CODE":"002","REPORT_TYPE":"2023年中报","PER_NETCASH_OPERATE":0.000304873361,"PER_OI":0.415339141822,"BPS":38.502722245764,"BASIC_EPS":-2.33906326,"DILUTED_EPS":-2.33906326,"OPERATE_INCOME":101739571.02,"OPERATE_INCOME_YOY":48.7463941984,"GROSS_PROFIT":24561547.2,"GROSS_PROFIT_YOY":623.075867064965,"HOLDER_PROFIT":-28644074.64,"HOLDER_PROFIT_YOY":90.2441475248,"GROSS_PROFIT_RATIO":24.141587146236,"EPS_TTM":-0.436998802513,"OPERATE_INCOME_QOQ":30.780195325128,"NET_PROFIT_RATIO":-44.6347497485,"ROE_AVG":-5.750027067769,"GROSS_PROFIT_QOQ":124.709429587928,"ROA":-1.131714019641,"HOLDER_PROFIT_QOQ":69.480237516958,"ROE_YEARLY":-11.500054135539,"ROIC_YEARLY":-3.056955575109,"TOTAL_ASSETS":2460925044.52,"TOTAL_LIABILITIES":1396243746.06,"TAX_EBT":-10.037756082304,"OCF_SALES":0.073403474431,"TOTAL_PARENT_EQUITY":471572486.44,"DEBT_ASSET_RATIO":56.7365409674,"OPERATE_PROFIT":-10166673.46,"PRETAX_PROFIT":-41268746.78,"NETCASH_OPERATE":74680.38,"NETCASH_INVEST":15051323.5,"NETCASH_FINANCE":30249241.82,"END_CASH":61295074.36,"DIVI_RATIO":null,"DIVIDEND_RATE":null,"CURRENT_RATIO":1.009250146612,"COMMON_ACS":2500000000,"CURRENTDEBT_DEBT":52.133027204888,"ISSUED_COMMON_SHARES":12247770,"HK_COMMON_SHARES":12247770,"PER_SHARES":2000,"TOTAL_MARKET_CAP":63688404,"HKSK_MARKET_CAP":63688404,"PE_TTM":-1.524886366901,"PB_TTM":0.136207697885,"REPORT_DATE_SQ":"2022-06-30 00:00:00","REPORT_TYPE_SQ":"2022年中报","OPERATE_INCOME_SQ":63443125.34,"DPS_HKD":null,"OPERATE_INCOME_QOQ_SQ":-13.791800017042,"NET_PROFIT_RATIO_SQ":-270.2808629215,"HOLDER_PROFIT_SQ":-272339531.45,"HOLDER_PROFIT_QOQ_SQ":-151.239952186332,"ROE_AVG_SQ":-36.974031291516,"PE_TTM_SQ":-0.232712412954,"PB_TTM_SQ":0.047891681167,"ROA_SQ":-9.25703388376,"START_DATE":"2023-01-01 00:00:00","FISCAL_YEAR":"12-31","CURRENCY":"HKD","IS_CNY_CODE":0,"DPS_HKD_LY":null,"ORG_TYPE":"一般企业","PREMIUM_INCOME":null,"PREMIUM_INCOME_YOY":null,"NET_INTEREST_INCOME":null,"NET_INTEREST_INCOME_YOY":null,"FEE_COMMISSION_INCOME":null,"FEE_COMMISSION_INCOME_YOY":null,"ACCOUNTS_RECE_TDAYS":26.050283286119,"INVENTORY_TDAYS":0.425095725124,"CURRENT_ASSETS_TDAYS":0.134746957939,"TOTAL_ASSETS_TDAYS":0.040196829649,"PREMIUM_EXPENSE":null,"LOAN_DEPOSIT":null,"LOAN_EQUITY":null,"LOAN_ASSETS":null,"DEPOSIT_EQUITY":null,"DEPOSIT_ASSETS":null,"EQUITY_MULTIPLIER":2.311419434231,"EQUITY_RATIO":2.960825294539},{"SECUCODE":"00115.HK","SECURITY_CODE":"00115","SECURITY_NAME_ABBR":"钧濠集团","ORG_CODE":"10007396","STD_REPORT_DATE":"2022-12-31 00:00:00","REPORT_DATE":"2022-12-31 00:00:00","DATE_TYPE_CODE":"001","REPORT_TYPE":"2022年年报","PER_NETCASH_OPERATE":-0.262942682348,"PER_OI":0.50792554623,"BPS":41.509463976708,"BASIC_EPS":-1.43191181,"DILUTED_EPS":-1.43191181,"OPERATE_INCOME":124419111.95,"OPERATE_INCOME_YOY":-74.3622073332,"GROSS_PROFIT":16971236.73,"GROSS_PROFIT_YOY":-91.191135928219,"HOLDER_PROFIT":-350740678.96,"HOLDER_PROFIT_YOY":-75.0774732355,"GROSS_PROFIT_RATIO":13.640377642962,"EPS_TTM":-1.431855188111,"OPERATE_INCOME_QOQ":-67.508188891689,"NET_PROFIT_RATIO":-426.2583910687,"ROE_AVG":-48.772180648655,"GROSS_PROFIT_QOQ":-80.747364783164,"ROA":-11.950232119947,"HOLDER_PROFIT_QOQ":23.865160954281,"ROE_YEARLY":-48.772180648655,"ROIC_YEARLY":-16.193950612014,"TOTAL_ASSETS":2520146026.93,"TOTAL_LIABILITIES":1395379746.81,"TAX_EBT":13.19196595018,"OCF_SALES":-51.767957784399,"TOTAL_PARENT_EQUITY":508398367.61,"DEBT_ASSET_RATIO":55.3690036966,"OPERATE_PROFIT":-568259963.39,"PRETAX_PROFIT":-610942190.53,"NETCASH_OPERATE":-64409233.35,"NETCASH_INVEST":54623460.5,"NETCASH_FINANCE":-11249842.38,"END_CASH":22705136.86,"DIVI_RATIO":null,"DIVIDEND_RATE":null,"CURRENT_RATIO":1.128515936856,"COMMON_ACS":2500000000,"CURRENTDEBT_DEBT":47.71036224884,"ISSUED_COMMON_SHARES":12247770,"HK_COMMON_SHARES":12247770,"PER_SHARES":2000,"TOTAL_MARKET_CAP":74711397,"HKSK_MARKET_CAP":74711397,"PE_TTM":-1.788809007327,"PB_TTM":0.159782107134,"REPORT_DATE_SQ":"2021-12-31 00:00:00","REPORT_TYPE_SQ":"2021年年报","OPERATE_INCOME_SQ":444185728,"DPS_HKD":null,"OPERATE_INCOME_QOQ_SQ":-62.090144115592,"NET_PROFIT_RATIO_SQ":-69.5676262701,"HOLDER_PROFIT_SQ":-183363969.6,"HOLDER_PROFIT_QOQ_SQ":-445.981920514418,"ROE_AVG_SQ":-19.637375203798,"PE_TTM_SQ":-0.239693785343,"PB_TTM_SQ":0.049328431602,"ROA_SQ":-5.584391363318,"START_DATE":"2022-01-01 00:00:00","FISCAL_YEAR":"12-31","CURRENCY":"HKD","IS_CNY_CODE":0,"DPS_HKD_LY":null,"ORG_TYPE":"一般企业","PREMIUM_INCOME":null,"PREMIUM_INCOME_YOY":null,"NET_INTEREST_INCOME":null,"NET_INTEREST_INCOME_YOY":null,"FEE_COMMISSION_INCOME":null,"FEE_COMMISSION_INCOME_YOY":null,"ACCOUNTS_RECE_TDAYS":26.857886617817,"INVENTORY_TDAYS":0.543671679906,"CURRENT_ASSETS_TDAYS":0.145679530136,"TOTAL_ASSETS_TDAYS":0.042391355128,"PREMIUM_EXPENSE":null,"LOAN_DEPOSIT":null,"LOAN_EQUITY":null,"LOAN_ASSETS":null,"DEPOSIT_EQUITY":null,"DEPOSIT_ASSETS":null,"EQUITY_MULTIPLIER":2.240595287638,"EQUITY_RATIO":2.744658196622},{"SECUCODE":"00115.HK","SECURITY_CODE":"00115","SECURITY_NAME_ABBR":"钧濠集团","ORG_CODE":"10007396","STD_REPORT_DATE":"2022-06-30 00:00:00","REPORT_DATE":"2022-06-30 00:00:00","DATE_TYPE_CODE":"002","REPORT_TYPE":"2022年中报","PER_NETCASH_OPERATE":0.074425546252,"PER_OI":0.258998666586,"BPS":47.198534751224,"BASIC_EPS":-1.111747,"DILUTED_EPS":-1.111747,"OPERATE_INCOME":63443125.34,"OPERATE_INCOME_YOY":-30.7843083449,"GROSS_PROFIT":3396814.68,"GROSS_PROFIT_YOY":-96.877888094985,"HOLDER_PROFIT":-272339531.45,"HOLDER_PROFIT_YOY":-4598.4835600907,"GROSS_PROFIT_RATIO":2.839779568766,"EPS_TTM":-1.8806832799,"OPERATE_INCOME_QOQ":-13.791800017042,"NET_PROFIT_RATIO":-270.2808629215,"ROE_AVG":-36.974031291516,"GROSS_PROFIT_QOQ":-54.245930634585,"ROA":-9.25703388376,"HOLDER_PROFIT_QOQ":-151.239952186332,"ROE_YEARLY":-73.948062583032,"ROIC_YEARLY":-25.235178815402,"TOTAL_ASSETS":2657623506.79,"TOTAL_LIABILITIES":1429093470.77,"TAX_EBT":18.912521935216,"OCF_SALES":12.073877312914,"TOTAL_PARENT_EQUITY":578076797.97,"DEBT_ASSET_RATIO":53.7733605651,"OPERATE_PROFIT":-483896433.65,"PRETAX_PROFIT":-504395337.95,"NETCASH_OPERATE":18205284.72,"NETCASH_INVEST":-890252.79,"NETCASH_FINANCE":-6844940.76,"END_CASH":50675993.83,"DIVI_RATIO":null,"DIVIDEND_RATE":null,"CURRENT_RATIO":1.347543711304,"COMMON_ACS":2500000000,"CURRENTDEBT_DEBT":48.336497947738,"ISSUED_COMMON_SHARES":12247770,"HK_COMMON_SHARES":12247770,"PER_SHARES":2000,"TOTAL_MARKET_CAP":63688404,"HKSK_MARKET_CAP":63688404,"PE_TTM":-1.524886366901,"PB_TTM":0.136207697885,"REPORT_DATE_SQ":"2021-06-30 00:00:00","REPORT_TYPE_SQ":"2021年中报","OPERATE_INCOME_SQ":212256119.28,"DPS_HKD":null,"OPERATE_INCOME_QOQ_SQ":21.985219300575,"NET_PROFIT_RATIO_SQ":8.634565704,"HOLDER_PROFIT_SQ":5871156.48,"HOLDER_PROFIT_QOQ_SQ":81.564147837375,"ROE_AVG_SQ":0.563338226083,"PE_TTM_SQ":-0.232712412954,"PB_TTM_SQ":0.047891681167,"ROA_SQ":0.165333175873,"START_DATE":"2022-01-01 00:00:00","FISCAL_YEAR":"12-31","CURRENCY":"HKD","IS_CNY_CODE":0,"DPS_HKD_LY":null,"ORG_TYPE":"一般企业","PREMIUM_INCOME":null,"PREMIUM_INCOME_YOY":null,"NET_INTEREST_INCOME":null,"NET_INTEREST_INCOME_YOY":null,"FEE_COMMISSION_INCOME":null,"FEE_COMMISSION_INCOME_YOY":null,"ACCOUNTS_RECE_TDAYS":13.787937923985,"INVENTORY_TDAYS":0.647701787373,"CURRENT_ASSETS_TDAYS":0.163513479724,"TOTAL_ASSETS_TDAYS":0.051492839727,"PREMIUM_EXPENSE":null,"LOAN_DEPOSIT":null,"LOAN_EQUITY":null,"LOAN_ASSETS":null,"DEPOSIT_EQUITY":null,"DEPOSIT_ASSETS":null,"EQUITY_MULTIPLIER":2.163254807671,"EQUITY_RATIO":2.472151582261},{"SECUCODE":"00115.HK","SECURITY_CODE":"00115","SECURITY_NAME_ABBR":"钧濠集团","ORG_CODE":"10007396","STD_REPORT_DATE":"2021-12-31 00:00:00","REPORT_DATE":"2021-12-31 00:00:00","DATE_TYPE_CODE":"001","REPORT_TYPE":"2021年年报","PER_NETCASH_OPERATE":0.467869146456,"PER_OI":1.813332975826,"BPS":69.491163599578,"BASIC_EPS":-0.7489216,"DILUTED_EPS":-0.7489216,"OPERATE_INCOME":444185728,"OPERATE_INCOME_YOY":-52.3958483936,"GROSS_PROFIT":192660899.2,"GROSS_PROFIT_YOY":-57.220678961903,"HOLDER_PROFIT":-183363969.6,"HOLDER_PROFIT_YOY":-746.649558849,"GROSS_PROFIT_RATIO":43.373950817258,"EPS_TTM":-0.748560594576,"OPERATE_INCOME_QOQ":-62.090144115592,"NET_PROFIT_RATIO":-69.5676262701,"ROE_AVG":-19.637375203798,"GROSS_PROFIT_QOQ":-65.496977617399,"ROA":-5.584391363318,"HOLDER_PROFIT_QOQ":-445.981920514418,"ROE_YEARLY":-19.637375203798,"ROIC_YEARLY":-7.62263777711,"TOTAL_ASSETS":3066104652.8,"TOTAL_LIABILITIES":1434138260.8,"TAX_EBT":9.230488422863,"OCF_SALES":25.801612428214,"TOTAL_PARENT_EQUITY":851111788.8,"DEBT_ASSET_RATIO":46.7739501158,"OPERATE_PROFIT":-295213284.8,"PRETAX_PROFIT":-340433105.6,"NETCASH_OPERATE":114607080,"NETCASH_INVEST":-63412238.4,"NETCASH_FINANCE":-59787000,"END_CASH":42173443.2,"DIVI_RATIO":null,"DIVIDEND_RATE":null,"CURRENT_RATIO":1.206387016483,"COMMON_ACS":2500000000,"CURRENTDEBT_DEBT":50.618756353035,"ISSUED_COMMON_SHARES":12247770,"HK_COMMON_SHARES":12247770,"PER_SHARES":2000,"TOTAL_MARKET_CAP":63688404,"HKSK_MARKET_CAP":63688404,"PE_TTM":-1.524886366901,"PB_TTM":0.136207697885,"REPORT_DATE_SQ":"2020-12-31 00:00:00","REPORT_TYPE_SQ":"2020年年报","OPERATE_INCOME_SQ":960517441.8,"DPS_HKD":null,"OPERATE_INCOME_QOQ_SQ":35117.6225049611,"NET_PROFIT_RATIO_SQ":8.0158949218,"HOLDER_PROFIT_SQ":29189758.48,"HOLDER_PROFIT_QOQ_SQ":131.30857250496,"ROE_AVG_SQ":2.921259825939,"PE_TTM_SQ":-0.232712412954,"PB_TTM_SQ":0.047891681167,"ROA_SQ":0.782522505814,"START_DATE":"2021-01-01 00:00:00","FISCAL_YEAR":"12-31","CURRENCY":"HKD","IS_CNY_CODE":0,"DPS_HKD_LY":null,"ORG_TYPE":"一般企业","PREMIUM_INCOME":null,"PREMIUM_INCOME_YOY":null,"NET_INTEREST_INCOME":null,"NET_INTEREST_INCOME_YOY":null,"FEE_COMMISSION_INCOME":null,"FEE_COMMISSION_INCOME_YOY":null,"ACCOUNTS_RECE_TDAYS":127.560460201925,"INVENTORY_TDAYS":1.394794649111,"CURRENT_ASSETS_TDAYS":0.641159771261,"TOTAL_ASSETS_TDAYS":0.135277772867,"PREMIUM_EXPENSE":null,"LOAN_DEPOSIT":null,"LOAN_EQUITY":null,"LOAN_ASSETS":null,"DEPOSIT_EQUITY":null,"DEPOSIT_ASSETS":null,"EQUITY_MULTIPLIER":1.878779286037,"EQUITY_RATIO":1.685017502603},{"SECUCODE":"00115.HK","SECURITY_CODE":"00115","SECURITY_NAME_ABBR":"钧濠集团","ORG_CODE":"10007396","STD_REPORT_DATE":"2021-06-30 00:00:00","REPORT_DATE":"2021-06-30 00:00:00","DATE_TYPE_CODE":"002","REPORT_TYPE":"2021年中报","PER_NETCASH_OPERATE":0.612879022192,"PER_OI":0.86650920133,"BPS":85.732141155492,"BASIC_EPS":0.02413032,"DILUTED_EPS":0.01331328,"OPERATE_INCOME":212256119.28,"OPERATE_INCOME_YOY":21390.3959561921,"GROSS_PROFIT":108798620.4,"GROSS_PROFIT_YOY":14029.141942952,"HOLDER_PROFIT":5871156.48,"HOLDER_PROFIT_YOY":135.9321688649,"GROSS_PROFIT_RATIO":51.258178453964,"EPS_TTM":0.21635829799,"OPERATE_INCOME_QOQ":21.985219300575,"NET_PROFIT_RATIO":8.634565704,"ROE_AVG":0.563338226083,"GROSS_PROFIT_QOQ":23.987170062149,"ROA":0.165333175873,"HOLDER_PROFIT_QOQ":81.564147837375,"ROE_YEARLY":1.126676452167,"ROIC_YEARLY":0.455789956795,"TOTAL_ASSETS":3539297212.32,"TOTAL_LIABILITIES":1568070569.52,"TAX_EBT":64.864088820827,"OCF_SALES":70.729661179736,"TOTAL_PARENT_EQUITY":1050027546.48,"DEBT_ASSET_RATIO":44.3045744805,"OPERATE_PROFIT":69732464.4,"PRETAX_PROFIT":52161431.04,"NETCASH_OPERATE":150128034,"NETCASH_INVEST":-25332675.6,"NETCASH_FINANCE":-99728948.4,"END_CASH":79027630.08,"DIVI_RATIO":null,"DIVIDEND_RATE":null,"CURRENT_RATIO":1.126776699274,"COMMON_ACS":2500000000,"CURRENTDEBT_DEBT":67.438746969386,"ISSUED_COMMON_SHARES":12247770,"HK_COMMON_SHARES":12247770,"PER_SHARES":2000,"TOTAL_MARKET_CAP":74711397,"HKSK_MARKET_CAP":74711397,"PE_TTM":-1.788809007327,"PB_TTM":0.159782107134,"REPORT_DATE_SQ":"2020-06-30 00:00:00","REPORT_TYPE_SQ":"2020年中报","OPERATE_INCOME_SQ":1084253.28,"DPS_HKD":null,"OPERATE_INCOME_QOQ_SQ":-14.040218494097,"NET_PROFIT_RATIO_SQ":-2389.5534962089,"HOLDER_PROFIT_SQ":-17937221.28,"HOLDER_PROFIT_QOQ_SQ":-2.826210487063,"ROE_AVG_SQ":-1.775875423745,"PE_TTM_SQ":-0.239693785343,"PB_TTM_SQ":0.049328431602,"ROA_SQ":-0.429469897631,"START_DATE":"2021-01-01 00:00:00","FISCAL_YEAR":"12-31","CURRENCY":"HKD","IS_CNY_CODE":0,"DPS_HKD_LY":null,"ORG_TYPE":"一般企业","PREMIUM_INCOME":null,"PREMIUM_INCOME_YOY":null,"NET_INTEREST_INCOME":null,"NET_INTEREST_INCOME_YOY":null,"FEE_COMMISSION_INCOME":null,"FEE_COMMISSION_INCOME_YOY":null,"ACCOUNTS_RECE_TDAYS":89.380168185004,"INVENTORY_TDAYS":0.847757978243,"CURRENT_ASSETS_TDAYS":0.248197319452,"TOTAL_ASSETS_TDAYS":0.059771832719,"PREMIUM_EXPENSE":null,"LOAN_DEPOSIT":null,"LOAN_EQUITY":null,"LOAN_ASSETS":null,"DEPOSIT_EQUITY":null,"DEPOSIT_ASSETS":null,"EQUITY_MULTIPLIER":1.795479594011,"EQUITY_RATIO":1.493361364449},{"SECUCODE":"00115.HK","SECURITY_CODE":"00115","SECURITY_NAME_ABBR":"钧濠集团","ORG_CODE":"10007396","STD_REPORT_DATE":"2020-12-31 00:00:00","REPORT_DATE":"2020-12-31 00:00:00","DATE_TYPE_CODE":"001","REPORT_TYPE":"2020年年报","PER_NETCASH_OPERATE":0.014784980812,"PER_OI":0.392119296019,"BPS":85.425590376044,"BASIC_EPS":0.11951288,"DILUTED_EPS":0.09847188,"OPERATE_INCOME":960517441.8,"OPERATE_INCOME_YOY":32120.3557312253,"GROSS_PROFIT":450359880.72,"GROSS_PROFIT_YOY":17721.9510919723,"HOLDER_PROFIT":29189758.48,"HOLDER_PROFIT_YOY":134.264317964,"GROSS_PROFIT_RATIO":46.887215278052,"EPS_TTM":0.011916355756,"OPERATE_INCOME_QOQ":35117.6225049611,"NET_PROFIT_RATIO":8.0158949218,"ROE_AVG":2.921259825939,"GROSS_PROFIT_QOQ":25382.9829307199,"ROA":0.782522505814,"HOLDER_PROFIT_QOQ":131.30857250496,"ROE_YEARLY":2.921259825939,"ROIC_YEARLY":1.050865724952,"TOTAL_ASSETS":3603850298.32,"TOTAL_LIABILITIES":1648202969.72,"TAX_EBT":66.482250222582,"OCF_SALES":3.770531305723,"TOTAL_PARENT_EQUITY":1046272983.04,"DEBT_ASSET_RATIO":45.7345015271,"OPERATE_PROFIT":262668269.24,"PRETAX_PROFIT":229711330.12,"NETCASH_OPERATE":36216610.84,"NETCASH_INVEST":-77951013.52,"NETCASH_FINANCE":-51165820.52,"END_CASH":51009275.48,"DIVI_RATIO":null,"DIVIDEND_RATE":null,"CURRENT_RATIO":0.443853621,"COMMON_ACS":2500000000,"CURRENTDEBT_DEBT":71.735816818778,"ISSUED_COMMON_SHARES":12247770,"HK_COMMON_SHARES":12247770,"PER_SHARES":2000,"TOTAL_MARKET_CAP":63688404,"HKSK_MARKET_CAP":63688404,"PE_TTM":-1.524886366901,"PB_TTM":0.136207697885,"REPORT_DATE_SQ":"2019-12-31 00:00:00","REPORT_TYPE_SQ":"2019年年报","OPERATE_INCOME_SQ":3172852.76,"DPS_HKD":null,"OPERATE_INCOME_QOQ_SQ":-94.725910786318,"NET_PROFIT_RATIO_SQ":-4738.1140598532,"HOLDER_PROFIT_SQ":-90669955.82,"HOLDER_PROFIT_QOQ_SQ":-155.126712701433,"ROE_AVG_SQ":-8.542004935204,"PE_TTM_SQ":-0.232712412954,"PB_TTM_SQ":0.047891681167,"ROA_SQ":-2.31533573958,"START_DATE":"2020-01-01 00:00:00","FISCAL_YEAR":"12-31","CURRENCY":"HKD","IS_CNY_CODE":0,"DPS_HKD_LY":null,"ORG_TYPE":"一般企业","PREMIUM_INCOME":null,"PREMIUM_INCOME_YOY":null,"NET_INTEREST_INCOME":null,"NET_INTEREST_INCOME_YOY":null,"FEE_COMMISSION_INCOME":null,"FEE_COMMISSION_INCOME_YOY":null,"ACCOUNTS_RECE_TDAYS":580.195729537367,"INVENTORY_TDAYS":5.234181450795,"CURRENT_ASSETS_TDAYS":1.331495773613,"TOTAL_ASSETS_TDAYS":0.257496654503,"PREMIUM_EXPENSE":null,"LOAN_DEPOSIT":null,"LOAN_EQUITY":null,"LOAN_ASSETS":null,"DEPOSIT_EQUITY":null,"DEPOSIT_ASSETS":null,"EQUITY_MULTIPLIER":1.842791512363,"EQUITY_RATIO":1.575308735327},{"SECUCODE":"00115.HK","SECURITY_CODE":"00115","SECURITY_NAME_ABBR":"钧濠集团","ORG_CODE":"10007396","STD_REPORT_DATE":"2020-06-30 00:00:00","REPORT_DATE":"2020-06-30 00:00:00","DATE_TYPE_CODE":"002","REPORT_TYPE":"2020年中报","PER_NETCASH_OPERATE":0.03333879774,"PER_OI":0.000442632913,"BPS":80.562177637235,"BASIC_EPS":-0.0730752,"DILUTED_EPS":-0.0730752,"OPERATE_INCOME":1084253.28,"OPERATE_INCOME_YOY":-31.7423806786,"GROSS_PROFIT":770029.92,"GROSS_PROFIT_YOY":-49.662322484704,"HOLDER_PROFIT":-17937221.28,"HOLDER_PROFIT_YOY":-12.3526719304,"GROSS_PROFIT_RATIO":71.019376579613,"EPS_TTM":-0.038060999919,"OPERATE_INCOME_QOQ":-14.040218494097,"NET_PROFIT_RATIO":-2389.5534962089,"ROE_AVG":-1.775875423745,"GROSS_PROFIT_QOQ":-30.063324452932,"ROA":-0.429469897631,"HOLDER_PROFIT_QOQ":-2.826210487063,"ROE_YEARLY":-3.551750847491,"ROIC_YEARLY":-1.121018570135,"TOTAL_ASSETS":4167612018.24,"TOTAL_LIABILITIES":2329807275.84,"TAX_EBT":3.563171494628,"OCF_SALES":7531.92923336142,"TOTAL_PARENT_EQUITY":986707022.4,"DEBT_ASSET_RATIO":55.9026911729,"OPERATE_PROFIT":-18087025.44,"PRETAX_PROFIT":-26866097.28,"NETCASH_OPERATE":81665189.76,"NETCASH_INVEST":-64617659.04,"NETCASH_FINANCE":-82052488.32,"END_CASH":76505167.2,"DIVI_RATIO":null,"DIVIDEND_RATE":null,"CURRENT_RATIO":0.532905163108,"COMMON_ACS":2500000000,"CURRENTDEBT_DEBT":78.522582653555,"ISSUED_COMMON_SHARES":12247770,"HK_COMMON_SHARES":12247770,"PER_SHARES":2000,"TOTAL_MARKET_CAP":74711397,"HKSK_MARKET_CAP":74711397,"PE_TTM":-1.788809007327,"PB_TTM":0.159782107134,"REPORT_DATE_SQ":"2019-06-30 00:00:00","REPORT_TYPE_SQ":"2019年中报","OPERATE_INCOME_SQ":1529728.74,"DPS_HKD":null,"OPERATE_INCOME_QOQ_SQ":0.941314318305,"NET_PROFIT_RATIO_SQ":-1243.3582518689,"HOLDER_PROFIT_SQ":-15374697.48,"HOLDER_PROFIT_QOQ_SQ":-2.866884067363,"ROE_AVG_SQ":-1.42046689783,"PE_TTM_SQ":-0.239693785343,"PB_TTM_SQ":0.049328431602,"ROA_SQ":-0.403470753391,"START_DATE":"2020-01-01 00:00:00","FISCAL_YEAR":"12-31","CURRENCY":"HKD","IS_CNY_CODE":0,"DPS_HKD_LY":null,"ORG_TYPE":"一般企业","PREMIUM_INCOME":null,"PREMIUM_INCOME_YOY":null,"NET_INTEREST_INCOME":null,"NET_INTEREST_INCOME_YOY":null,"FEE_COMMISSION_INCOME":null,"FEE_COMMISSION_INCOME_YOY":null,"ACCOUNTS_RECE_TDAYS":0.604071246819,"INVENTORY_TDAYS":0.000792365649,"CURRENT_ASSETS_TDAYS":0.001100097266,"TOTAL_ASSETS_TDAYS":0.000259602164,"PREMIUM_EXPENSE":null,"LOAN_DEPOSIT":null,"LOAN_EQUITY":null,"LOAN_ASSETS":null,"DEPOSIT_EQUITY":null,"DEPOSIT_ASSETS":null,"EQUITY_MULTIPLIER":2.267712081753,"EQUITY_RATIO":2.361194582535}],"count":46},"success":true,"message":"ok","code":0}