{"version":"3ea621b37711c609e8274b5df9d39c95","result":{"pages":6,"data":[{"SECUCODE":"00113.HK","SECURITY_CODE":"00113","SECURITY_NAME_ABBR":"迪生创建","ORG_CODE":"10007394","STD_REPORT_DATE":"2024-06-30 00:00:00","REPORT_DATE":"2024-09-30 00:00:00","DATE_TYPE_CODE":"002","REPORT_TYPE":"2024年中报","PER_NETCASH_OPERATE":0.29897488371,"PER_OI":2.200258133448,"BPS":8.163817892439,"BASIC_EPS":0.30119786,"DILUTED_EPS":0.30119786,"OPERATE_INCOME":867347934.53,"OPERATE_INCOME_YOY":-24.4083491306,"GROSS_PROFIT":384250013.63,"GROSS_PROFIT_YOY":-26.048711939393,"HOLDER_PROFIT":118666546.1,"HOLDER_PROFIT_YOY":-40.1112304527,"GROSS_PROFIT_RATIO":44.301715416918,"EPS_TTM":0.806660473738,"OPERATE_INCOME_QOQ":0,"NET_PROFIT_RATIO":13.6815390198,"ROE_AVG":3.685779652054,"GROSS_PROFIT_QOQ":0,"ROA":2.548242368272,"HOLDER_PROFIT_QOQ":0,"ROE_YEARLY":7.371559304108,"ROIC_YEARLY":15.437420464407,"TOTAL_ASSETS":4481425565.62,"TOTAL_LIABILITIES":1263225628.42,"TAX_EBT":4.467708212336,"OCF_SALES":13.588173095018,"TOTAL_PARENT_EQUITY":3218199937.2,"DEBT_ASSET_RATIO":28.1880310165,"OPERATE_PROFIT":144757134.38,"PRETAX_PROFIT":124216161.76,"NETCASH_OPERATE":117856738.68,"NETCASH_INVEST":289176097.51,"NETCASH_FINANCE":-427435834.94,"END_CASH":3109968003.19,"DIVI_RATIO":0.505133836683,"DIVIDEND_RATE":9.278350515464,"CURRENT_RATIO":4.056068851451,"COMMON_ACS":518000000,"CURRENTDEBT_DEBT":76.137173239825,"ISSUED_COMMON_SHARES":394202808,"HK_COMMON_SHARES":394202808,"PER_SHARES":500,"TOTAL_MARKET_CAP":1911883618.8,"HKSK_MARKET_CAP":1911883618.8,"PE_TTM":7.279677796773,"PB_TTM":0.535739718551,"REPORT_DATE_SQ":"2023-06-30 00:00:00","REPORT_TYPE_SQ":"2023年中报","OPERATE_INCOME_SQ":1167566718.36,"DPS_HKD":0.45,"OPERATE_INCOME_QOQ_SQ":0,"NET_PROFIT_RATIO_SQ":17.2688490473,"HOLDER_PROFIT_SQ":201625334.12,"HOLDER_PROFIT_QOQ_SQ":0,"ROE_AVG_SQ":6.398691629419,"PE_TTM_SQ":5.483172579885,"PB_TTM_SQ":0.499738948275,"ROA_SQ":3.928625546955,"START_DATE":"2024-04-01 00:00:00","FISCAL_YEAR":"3-31","CURRENCY":"HKD","IS_CNY_CODE":0,"DPS_HKD_LY":0.45,"ORG_TYPE":"一般企业","PREMIUM_INCOME":null,"PREMIUM_INCOME_YOY":null,"NET_INTEREST_INCOME":null,"NET_INTEREST_INCOME_YOY":null,"FEE_COMMISSION_INCOME":null,"FEE_COMMISSION_INCOME_YOY":null,"ACCOUNTS_RECE_TDAYS":4.9984383242,"INVENTORY_TDAYS":2.767018498958,"CURRENT_ASSETS_TDAYS":0.216830359095,"TOTAL_ASSETS_TDAYS":0.186254073068,"PREMIUM_EXPENSE":null,"LOAN_DEPOSIT":null,"LOAN_EQUITY":null,"LOAN_ASSETS":null,"DEPOSIT_EQUITY":null,"DEPOSIT_ASSETS":null,"EQUITY_MULTIPLIER":1.392525527645,"EQUITY_RATIO":0.392525527646},{"SECUCODE":"00113.HK","SECURITY_CODE":"00113","SECURITY_NAME_ABBR":"迪生创建","ORG_CODE":"10007394","STD_REPORT_DATE":"2023-12-31 00:00:00","REPORT_DATE":"2024-03-31 00:00:00","DATE_TYPE_CODE":"001","REPORT_TYPE":"2023年年报","PER_NETCASH_OPERATE":0.886867270108,"PER_OI":5.519606033222,"BPS":8.21393761051,"BASIC_EPS":0.8068295,"DILUTED_EPS":0.8068295,"OPERATE_INCOME":2175844197.35,"OPERATE_INCOME_YOY":12.6409750397,"GROSS_PROFIT":995311217.05,"GROSS_PROFIT_YOY":14.140356113544,"HOLDER_PROFIT":317987823.85,"HOLDER_PROFIT_YOY":38.8422915092,"GROSS_PROFIT_RATIO":45.743680464907,"EPS_TTM":0.716169188247,"OPERATE_INCOME_QOQ":0,"NET_PROFIT_RATIO":14.6144574247,"ROE_AVG":10.078309626869,"GROSS_PROFIT_QOQ":0,"ROA":6.401798658544,"HOLDER_PROFIT_QOQ":0,"ROE_YEARLY":10.078309626869,"ROIC_YEARLY":16.620479845417,"TOTAL_ASSETS":4857680183.75,"TOTAL_LIABILITIES":1619722912.95,"TAX_EBT":1.296102967868,"OCF_SALES":16.067582808815,"TOTAL_PARENT_EQUITY":3237957270.8,"DEBT_ASSET_RATIO":33.3435477776,"OPERATE_PROFIT":382487949.8,"PRETAX_PROFIT":322163393.15,"NETCASH_OPERATE":349605568.2,"NETCASH_INVEST":549771808.2,"NETCASH_FINANCE":-604588167.05,"END_CASH":3145370412.75,"DIVI_RATIO":0.697090168347,"DIVIDEND_RATE":11.066398390342,"CURRENT_RATIO":3.291216914821,"COMMON_ACS":518000000,"CURRENTDEBT_DEBT":77.301197914131,"ISSUED_COMMON_SHARES":394202808,"HK_COMMON_SHARES":394202808,"PER_SHARES":500,"TOTAL_MARKET_CAP":1959187955.76,"HKSK_MARKET_CAP":1959187955.76,"PE_TTM":7.459793536075,"PB_TTM":0.548995134268,"REPORT_DATE_SQ":"2022-12-31 00:00:00","REPORT_TYPE_SQ":"2022年年报","OPERATE_INCOME_SQ":1865310496.85,"DPS_HKD":0.55,"OPERATE_INCOME_QOQ_SQ":0,"NET_PROFIT_RATIO_SQ":11.8565223615,"HOLDER_PROFIT_SQ":221160956.17,"HOLDER_PROFIT_QOQ_SQ":0,"ROE_AVG_SQ":7.556146493,"PE_TTM_SQ":5.794010027724,"PB_TTM_SQ":0.528068820626,"ROA_SQ":4.429073714957,"START_DATE":"2023-04-01 00:00:00","FISCAL_YEAR":"3-31","CURRENCY":"HKD","IS_CNY_CODE":0,"DPS_HKD_LY":0.37,"ORG_TYPE":"一般企业","PREMIUM_INCOME":null,"PREMIUM_INCOME_YOY":null,"NET_INTEREST_INCOME":null,"NET_INTEREST_INCOME_YOY":null,"FEE_COMMISSION_INCOME":null,"FEE_COMMISSION_INCOME_YOY":null,"ACCOUNTS_RECE_TDAYS":13.519423204202,"INVENTORY_TDAYS":6.727103663104,"CURRENT_ASSETS_TDAYS":0.56933837169,"TOTAL_ASSETS_TDAYS":0.438045592286,"PREMIUM_EXPENSE":null,"LOAN_DEPOSIT":null,"LOAN_EQUITY":null,"LOAN_ASSETS":null,"DEPOSIT_EQUITY":null,"DEPOSIT_ASSETS":null,"EQUITY_MULTIPLIER":1.500229860214,"EQUITY_RATIO":0.500229860214},{"SECUCODE":"00113.HK","SECURITY_CODE":"00113","SECURITY_NAME_ABBR":"迪生创建","ORG_CODE":"10007394","STD_REPORT_DATE":"2023-06-30 00:00:00","REPORT_DATE":"2023-09-30 00:00:00","DATE_TYPE_CODE":"002","REPORT_TYPE":"2023年中报","PER_NETCASH_OPERATE":0.335344586891,"PER_OI":2.961842723251,"BPS":8.097724449873,"BASIC_EPS":0.51111991,"DILUTED_EPS":0.51111991,"OPERATE_INCOME":1167566718.36,"OPERATE_INCOME_YOY":26.1496637488,"GROSS_PROFIT":519598811.2,"GROSS_PROFIT_YOY":20.896260973488,"HOLDER_PROFIT":201625334.12,"HOLDER_PROFIT_YOY":41.4726486041,"GROSS_PROFIT_RATIO":44.502708327439,"EPS_TTM":0.561033436804,"OPERATE_INCOME_QOQ":0,"NET_PROFIT_RATIO":17.2688490473,"ROE_AVG":6.398691629419,"GROSS_PROFIT_QOQ":0,"ROA":3.928625546955,"HOLDER_PROFIT_QOQ":0,"ROE_YEARLY":12.797383258838,"ROIC_YEARLY":18.730768853716,"TOTAL_ASSETS":5125726100.53,"TOTAL_LIABILITIES":1933580383.98,"TAX_EBT":0.894423721398,"OCF_SALES":11.322160500231,"TOTAL_PARENT_EQUITY":3192145716.55,"DEBT_ASSET_RATIO":37.7230532037,"OPERATE_PROFIT":235381271.3,"PRETAX_PROFIT":203444994.41,"NETCASH_OPERATE":132193777.8,"NETCASH_INVEST":231875924.7,"NETCASH_FINANCE":-288963522.26,"END_CASH":2959956880.02,"DIVI_RATIO":0.889848032666,"DIVIDEND_RATE":11.066398390342,"CURRENT_RATIO":2.71269684531,"COMMON_ACS":518000000,"CURRENTDEBT_DEBT":78.098290294076,"ISSUED_COMMON_SHARES":394202808,"HK_COMMON_SHARES":394202808,"PER_SHARES":500,"TOTAL_MARKET_CAP":1959187955.76,"HKSK_MARKET_CAP":1959187955.76,"PE_TTM":7.459793536075,"PB_TTM":0.548995134268,"REPORT_DATE_SQ":"2022-06-30 00:00:00","REPORT_TYPE_SQ":"2022年中报","OPERATE_INCOME_SQ":912237177.24,"DPS_HKD":0.55,"OPERATE_INCOME_QOQ_SQ":0,"NET_PROFIT_RATIO_SQ":15.3984499629,"HOLDER_PROFIT_SQ":140470385.28,"HOLDER_PROFIT_QOQ_SQ":0,"ROE_AVG_SQ":4.700411276907,"PE_TTM_SQ":5.794010027724,"PB_TTM_SQ":0.528068820626,"ROA_SQ":2.706695477763,"START_DATE":"2023-04-01 00:00:00","FISCAL_YEAR":"3-31","CURRENCY":"HKD","IS_CNY_CODE":0,"DPS_HKD_LY":0.37,"ORG_TYPE":"一般企业","PREMIUM_INCOME":null,"PREMIUM_INCOME_YOY":null,"NET_INTEREST_INCOME":null,"NET_INTEREST_INCOME_YOY":null,"FEE_COMMISSION_INCOME":null,"FEE_COMMISSION_INCOME_YOY":null,"ACCOUNTS_RECE_TDAYS":null,"INVENTORY_TDAYS":3.579130373077,"CURRENT_ASSETS_TDAYS":0.304765198804,"TOTAL_ASSETS_TDAYS":0.227497822014,"PREMIUM_EXPENSE":null,"LOAN_DEPOSIT":null,"LOAN_EQUITY":null,"LOAN_ASSETS":null,"DEPOSIT_EQUITY":null,"DEPOSIT_ASSETS":null,"EQUITY_MULTIPLIER":1.605730613723,"EQUITY_RATIO":0.605730613723},{"SECUCODE":"00113.HK","SECURITY_CODE":"00113","SECURITY_NAME_ABBR":"迪生创建","ORG_CODE":"10007394","STD_REPORT_DATE":"2022-12-31 00:00:00","REPORT_DATE":"2023-03-31 00:00:00","DATE_TYPE_CODE":"001","REPORT_TYPE":"2022年年报","PER_NETCASH_OPERATE":1.102675636496,"PER_OI":4.731854920856,"BPS":7.526193924372,"BASIC_EPS":0.56113781,"DILUTED_EPS":0.56113781,"OPERATE_INCOME":1865310496.85,"OPERATE_INCOME_YOY":5.466967343,"GROSS_PROFIT":872006405.92,"GROSS_PROFIT_YOY":13.533312490288,"HOLDER_PROFIT":221160956.17,"HOLDER_PROFIT_YOY":25.7282060725,"GROSS_PROFIT_RATIO":46.74859265482,"EPS_TTM":0.483824739701,"OPERATE_INCOME_QOQ":0,"NET_PROFIT_RATIO":11.8565223615,"ROE_AVG":7.556146493,"GROSS_PROFIT_QOQ":0,"ROA":4.429073714957,"HOLDER_PROFIT_QOQ":0,"ROE_YEARLY":7.556146493,"ROIC_YEARLY":10.156506287589,"TOTAL_ASSETS":4902264485.24,"TOTAL_LIABILITIES":1935417706.7,"TAX_EBT":7.923069073097,"OCF_SALES":23.303242701633,"TOTAL_PARENT_EQUITY":2966846778.54,"DEBT_ASSET_RATIO":39.4800752291,"OPERATE_PROFIT":284588787.72,"PRETAX_PROFIT":240191494.16,"NETCASH_OPERATE":434677832.22,"NETCASH_INVEST":91314017.1,"NETCASH_FINANCE":-517915316.66,"END_CASH":2764529898.03,"DIVI_RATIO":1.031849880824,"DIVIDEND_RATE":11.066398390342,"CURRENT_RATIO":2.299770361208,"COMMON_ACS":518000000,"CURRENTDEBT_DEBT":76.422856160697,"ISSUED_COMMON_SHARES":394202808,"HK_COMMON_SHARES":394202808,"PER_SHARES":500,"TOTAL_MARKET_CAP":1959187955.76,"HKSK_MARKET_CAP":1959187955.76,"PE_TTM":7.459793536075,"PB_TTM":0.548995134268,"REPORT_DATE_SQ":"2021-12-31 00:00:00","REPORT_TYPE_SQ":"2021年年报","OPERATE_INCOME_SQ":1638511077.34,"DPS_HKD":0.55,"OPERATE_INCOME_QOQ_SQ":0,"NET_PROFIT_RATIO_SQ":9.9458307389,"HOLDER_PROFIT_SQ":162963538.39,"HOLDER_PROFIT_QOQ_SQ":0,"ROE_AVG_SQ":6.146028704856,"PE_TTM_SQ":5.794010027724,"PB_TTM_SQ":0.528068820626,"ROA_SQ":3.572572802156,"START_DATE":"2022-04-01 00:00:00","FISCAL_YEAR":"3-31","CURRENCY":"HKD","IS_CNY_CODE":0,"DPS_HKD_LY":0.35,"ORG_TYPE":"一般企业","PREMIUM_INCOME":null,"PREMIUM_INCOME_YOY":null,"NET_INTEREST_INCOME":null,"NET_INTEREST_INCOME_YOY":null,"FEE_COMMISSION_INCOME":null,"FEE_COMMISSION_INCOME_YOY":null,"ACCOUNTS_RECE_TDAYS":14.495924948297,"INVENTORY_TDAYS":6.426557544178,"CURRENT_ASSETS_TDAYS":0.565567980048,"TOTAL_ASSETS_TDAYS":0.373555885944,"PREMIUM_EXPENSE":null,"LOAN_DEPOSIT":null,"LOAN_EQUITY":null,"LOAN_ASSETS":null,"DEPOSIT_EQUITY":null,"DEPOSIT_ASSETS":null,"EQUITY_MULTIPLIER":1.652348385735,"EQUITY_RATIO":0.652348385734},{"SECUCODE":"00113.HK","SECURITY_CODE":"00113","SECURITY_NAME_ABBR":"迪生创建","ORG_CODE":"10007394","STD_REPORT_DATE":"2022-06-30 00:00:00","REPORT_DATE":"2022-09-30 00:00:00","DATE_TYPE_CODE":"002","REPORT_TYPE":"2022年中报","PER_NETCASH_OPERATE":0.43858373916,"PER_OI":2.314131606186,"BPS":7.595704666822,"BASIC_EPS":0.35634936,"DILUTED_EPS":0.35634936,"OPERATE_INCOME":912237177.24,"OPERATE_INCOME_YOY":0.9782249587,"GROSS_PROFIT":429788983.56,"GROSS_PROFIT_YOY":14.436927604693,"HOLDER_PROFIT":140470385.28,"HOLDER_PROFIT_YOY":14.7950774234,"GROSS_PROFIT_RATIO":47.113732512014,"EPS_TTM":0.413400247494,"OPERATE_INCOME_QOQ":0,"NET_PROFIT_RATIO":15.3984499629,"ROE_AVG":4.700411276907,"GROSS_PROFIT_QOQ":0,"ROA":2.706695477763,"HOLDER_PROFIT_QOQ":0,"ROE_YEARLY":9.400822553815,"ROIC_YEARLY":11.905868879214,"TOTAL_ASSETS":5126346926.76,"TOTAL_LIABILITIES":2132098818.36,"TAX_EBT":12.978288275669,"OCF_SALES":18.952411262506,"TOTAL_PARENT_EQUITY":2994248108.4,"DEBT_ASSET_RATIO":41.5909974261,"OPERATE_PROFIT":178968778.32,"PRETAX_PROFIT":161419929,"NETCASH_OPERATE":172890941.52,"NETCASH_INVEST":63265578,"NETCASH_FINANCE":-277861152.36,"END_CASH":2797233943.2,"DIVI_RATIO":1.20762990111,"DIVIDEND_RATE":11.066398390342,"CURRENT_RATIO":1.923033797501,"COMMON_ACS":518000000,"CURRENTDEBT_DEBT":77.102481622521,"ISSUED_COMMON_SHARES":394202808,"HK_COMMON_SHARES":394202808,"PER_SHARES":500,"TOTAL_MARKET_CAP":1959187955.76,"HKSK_MARKET_CAP":1959187955.76,"PE_TTM":7.459793536075,"PB_TTM":0.548995134268,"REPORT_DATE_SQ":"2021-06-30 00:00:00","REPORT_TYPE_SQ":"2021年中报","OPERATE_INCOME_SQ":832101981,"DPS_HKD":0.55,"OPERATE_INCOME_QOQ_SQ":0,"NET_PROFIT_RATIO_SQ":13.5450768384,"HOLDER_PROFIT_SQ":112708852.7,"HOLDER_PROFIT_QOQ_SQ":0,"ROE_AVG_SQ":4.151351663164,"PE_TTM_SQ":5.794010027724,"PB_TTM_SQ":0.528068820626,"ROA_SQ":2.404723741597,"START_DATE":"2022-04-01 00:00:00","FISCAL_YEAR":"3-31","CURRENCY":"HKD","IS_CNY_CODE":0,"DPS_HKD_LY":0.35,"ORG_TYPE":"一般企业","PREMIUM_INCOME":null,"PREMIUM_INCOME_YOY":null,"NET_INTEREST_INCOME":null,"NET_INTEREST_INCOME_YOY":null,"FEE_COMMISSION_INCOME":null,"FEE_COMMISSION_INCOME_YOY":null,"ACCOUNTS_RECE_TDAYS":null,"INVENTORY_TDAYS":3.254021607179,"CURRENT_ASSETS_TDAYS":0.282345027342,"TOTAL_ASSETS_TDAYS":0.175777138887,"PREMIUM_EXPENSE":null,"LOAN_DEPOSIT":null,"LOAN_EQUITY":null,"LOAN_ASSETS":null,"DEPOSIT_EQUITY":null,"DEPOSIT_ASSETS":null,"EQUITY_MULTIPLIER":1.712064846057,"EQUITY_RATIO":0.712064846056},{"SECUCODE":"00113.HK","SECURITY_CODE":"00113","SECURITY_NAME_ABBR":"迪生创建","ORG_CODE":"10007394","STD_REPORT_DATE":"2021-12-31 00:00:00","REPORT_DATE":"2022-03-31 00:00:00","DATE_TYPE_CODE":"001","REPORT_TYPE":"2021年年报","PER_NETCASH_OPERATE":1.61169704778,"PER_OI":4.15651802597,"BPS":6.784770394964,"BASIC_EPS":0.4136151,"DILUTED_EPS":0.4136151,"OPERATE_INCOME":1638511077.34,"OPERATE_INCOME_YOY":-11.2133112312,"GROSS_PROFIT":768062154.44,"GROSS_PROFIT_YOY":-6.882818684553,"HOLDER_PROFIT":162963538.39,"HOLDER_PROFIT_YOY":-56.4897579143,"GROSS_PROFIT_RATIO":46.875615616032,"EPS_TTM":0.978603407564,"OPERATE_INCOME_QOQ":0,"NET_PROFIT_RATIO":9.9458307389,"ROE_AVG":6.146028704856,"GROSS_PROFIT_QOQ":0,"ROA":3.572572802156,"HOLDER_PROFIT_QOQ":0,"ROE_YEARLY":6.146028704856,"ROIC_YEARLY":8.021379273729,"TOTAL_ASSETS":4710471786.55,"TOTAL_LIABILITIES":2035896245.22,"TAX_EBT":18.883645450252,"OCF_SALES":38.77517281796,"TOTAL_PARENT_EQUITY":2674575541.33,"DEBT_ASSET_RATIO":43.2206440772,"OPERATE_PROFIT":222885012.24,"PRETAX_PROFIT":200900964.17,"NETCASH_OPERATE":635335501.88,"NETCASH_INVEST":-468678623.95,"NETCASH_FINANCE":-94275857.45,"END_CASH":2567135369.56,"DIVI_RATIO":0.510149971011,"DIVIDEND_RATE":11.066398390342,"CURRENT_RATIO":1.938927671801,"COMMON_ACS":518000000,"CURRENTDEBT_DEBT":74.975600739666,"ISSUED_COMMON_SHARES":394202808,"HK_COMMON_SHARES":394202808,"PER_SHARES":500,"TOTAL_MARKET_CAP":1959187955.76,"HKSK_MARKET_CAP":1959187955.76,"PE_TTM":7.459793536075,"PB_TTM":0.548995134268,"REPORT_DATE_SQ":"2020-12-31 00:00:00","REPORT_TYPE_SQ":"2020年年报","OPERATE_INCOME_SQ":1923200328.56,"DPS_HKD":0.55,"OPERATE_INCOME_QOQ_SQ":0,"NET_PROFIT_RATIO_SQ":20.2953910627,"HOLDER_PROFIT_SQ":390321027.6,"HOLDER_PROFIT_QOQ_SQ":0,"ROE_AVG_SQ":14.863396560647,"PE_TTM_SQ":5.794010027724,"PB_TTM_SQ":0.528068820626,"ROA_SQ":8.34704339398,"START_DATE":"2021-04-01 00:00:00","FISCAL_YEAR":"3-31","CURRENCY":"HKD","IS_CNY_CODE":0,"DPS_HKD_LY":0.35,"ORG_TYPE":"一般企业","PREMIUM_INCOME":null,"PREMIUM_INCOME_YOY":null,"NET_INTEREST_INCOME":null,"NET_INTEREST_INCOME_YOY":null,"FEE_COMMISSION_INCOME":null,"FEE_COMMISSION_INCOME_YOY":null,"ACCOUNTS_RECE_TDAYS":null,"INVENTORY_TDAYS":6.560592677716,"CURRENT_ASSETS_TDAYS":0.53317164893,"TOTAL_ASSETS_TDAYS":0.359203056633,"PREMIUM_EXPENSE":null,"LOAN_DEPOSIT":null,"LOAN_EQUITY":null,"LOAN_ASSETS":null,"DEPOSIT_EQUITY":null,"DEPOSIT_ASSETS":null,"EQUITY_MULTIPLIER":1.761203493325,"EQUITY_RATIO":0.761203493324},{"SECUCODE":"00113.HK","SECURITY_CODE":"00113","SECURITY_NAME_ABBR":"迪生创建","ORG_CODE":"10007394","STD_REPORT_DATE":"2021-06-30 00:00:00","REPORT_DATE":"2021-09-30 00:00:00","DATE_TYPE_CODE":"002","REPORT_TYPE":"2021年中报","PER_NETCASH_OPERATE":0.617947756273,"PER_OI":2.11084742197,"BPS":6.925479380705,"BASIC_EPS":0.28573958,"DILUTED_EPS":0.28573958,"OPERATE_INCOME":832101981,"OPERATE_INCOME_YOY":1.8136560873,"GROSS_PROFIT":375568439.8,"GROSS_PROFIT_YOY":12.507896141732,"HOLDER_PROFIT":112708852.7,"HOLDER_PROFIT_YOY":1.3855791856,"GROSS_PROFIT_RATIO":45.134905140912,"EPS_TTM":0.990152834223,"OPERATE_INCOME_QOQ":0,"NET_PROFIT_RATIO":13.5450768384,"ROE_AVG":4.151351663164,"GROSS_PROFIT_QOQ":0,"ROA":2.404723741597,"HOLDER_PROFIT_QOQ":0,"ROE_YEARLY":8.302703326328,"ROIC_YEARLY":11.070134100444,"TOTAL_ASSETS":4841420659.66,"TOTAL_LIABILITIES":2111377241.04,"TAX_EBT":10.712871548493,"OCF_SALES":29.27486609601,"TOTAL_PARENT_EQUITY":2730043418.62,"DEBT_ASSET_RATIO":43.6106958983,"OPERATE_PROFIT":137240803.58,"PRETAX_PROFIT":126231915.68,"NETCASH_OPERATE":243596740.72,"NETCASH_INVEST":-80880962.34,"NETCASH_FINANCE":13716332.9,"END_CASH":2740974831.94,"DIVI_RATIO":0.504199435425,"DIVIDEND_RATE":11.066398390342,"CURRENT_RATIO":2.188685379162,"COMMON_ACS":518000000,"CURRENTDEBT_DEBT":73.184087964256,"ISSUED_COMMON_SHARES":394202808,"HK_COMMON_SHARES":394202808,"PER_SHARES":500,"TOTAL_MARKET_CAP":1959187955.76,"HKSK_MARKET_CAP":1959187955.76,"PE_TTM":7.459793536075,"PB_TTM":0.548995134268,"REPORT_DATE_SQ":"2020-06-30 00:00:00","REPORT_TYPE_SQ":"2020年中报","OPERATE_INCOME_SQ":862074407.04,"DPS_HKD":0.55,"OPERATE_INCOME_QOQ_SQ":0,"NET_PROFIT_RATIO_SQ":13.6022677581,"HOLDER_PROFIT_SQ":117261669.12,"HOLDER_PROFIT_QOQ_SQ":0,"ROE_AVG_SQ":4.515069687089,"PE_TTM_SQ":5.794010027724,"PB_TTM_SQ":0.528068820626,"ROA_SQ":2.4212360286,"START_DATE":"2021-04-01 00:00:00","FISCAL_YEAR":"3-31","CURRENCY":"HKD","IS_CNY_CODE":0,"DPS_HKD_LY":0.35,"ORG_TYPE":"一般企业","PREMIUM_INCOME":null,"PREMIUM_INCOME_YOY":null,"NET_INTEREST_INCOME":null,"NET_INTEREST_INCOME_YOY":null,"FEE_COMMISSION_INCOME":null,"FEE_COMMISSION_INCOME_YOY":null,"ACCOUNTS_RECE_TDAYS":3.949780040532,"INVENTORY_TDAYS":3.248661754332,"CURRENT_ASSETS_TDAYS":0.2500595514,"TOTAL_ASSETS_TDAYS":0.177534891112,"PREMIUM_EXPENSE":null,"LOAN_DEPOSIT":null,"LOAN_EQUITY":null,"LOAN_ASSETS":null,"DEPOSIT_EQUITY":null,"DEPOSIT_ASSETS":null,"EQUITY_MULTIPLIER":1.773385956664,"EQUITY_RATIO":0.773385956663},{"SECUCODE":"00113.HK","SECURITY_CODE":"00113","SECURITY_NAME_ABBR":"迪生创建","ORG_CODE":"10007394","STD_REPORT_DATE":"2020-12-31 00:00:00","REPORT_DATE":"2021-03-31 00:00:00","DATE_TYPE_CODE":"001","REPORT_TYPE":"2020年年报","PER_NETCASH_OPERATE":1.263837406759,"PER_OI":4.8787078365,"BPS":6.948760175701,"BASIC_EPS":0.99055096,"DILUTED_EPS":0.99055096,"OPERATE_INCOME":1923200328.56,"OPERATE_INCOME_YOY":-22.5419799776,"GROSS_PROFIT":824833981.86,"GROSS_PROFIT_YOY":-26.749868080775,"HOLDER_PROFIT":390321027.6,"HOLDER_PROFIT_YOY":-28.4912429567,"GROSS_PROFIT_RATIO":42.888614857798,"EPS_TTM":1.522066367751,"OPERATE_INCOME_QOQ":0,"NET_PROFIT_RATIO":20.2953910627,"ROE_AVG":14.863396560647,"GROSS_PROFIT_QOQ":0,"ROA":8.34704339398,"HOLDER_PROFIT_QOQ":0,"ROE_YEARLY":14.863396560647,"ROIC_YEARLY":19.782686872006,"TOTAL_ASSETS":4598476473.5,"TOTAL_LIABILITIES":1859255700.12,"TAX_EBT":13.421195703118,"OCF_SALES":25.905166882591,"TOTAL_PARENT_EQUITY":2739220773.38,"DEBT_ASSET_RATIO":40.4319933098,"OPERATE_PROFIT":478144526.58,"PRETAX_PROFIT":450827463.8,"NETCASH_OPERATE":498208254.6,"NETCASH_INVEST":-45989624.52,"NETCASH_FINANCE":-662573789.92,"END_CASH":2597692846.84,"DIVI_RATIO":0.32799785251,"DIVIDEND_RATE":11.066398390342,"CURRENT_RATIO":2.410900857784,"COMMON_ACS":518000000,"CURRENTDEBT_DEBT":74.086499254035,"ISSUED_COMMON_SHARES":394202808,"HK_COMMON_SHARES":394202808,"PER_SHARES":500,"TOTAL_MARKET_CAP":1959187955.76,"HKSK_MARKET_CAP":1959187955.76,"PE_TTM":7.459793536075,"PB_TTM":0.548995134268,"REPORT_DATE_SQ":"2019-12-31 00:00:00","REPORT_TYPE_SQ":"2019年年报","OPERATE_INCOME_SQ":2684185627,"DPS_HKD":0.55,"OPERATE_INCOME_QOQ_SQ":0,"NET_PROFIT_RATIO_SQ":21.9838922154,"HOLDER_PROFIT_SQ":590088475.1,"HOLDER_PROFIT_QOQ_SQ":0,"ROE_AVG_SQ":23.620773177881,"PE_TTM_SQ":5.794010027724,"PB_TTM_SQ":0.528068820626,"ROA_SQ":14.276106378184,"START_DATE":"2020-04-01 00:00:00","FISCAL_YEAR":"3-31","CURRENCY":"HKD","IS_CNY_CODE":0,"DPS_HKD_LY":0.28,"ORG_TYPE":"一般企业","PREMIUM_INCOME":null,"PREMIUM_INCOME_YOY":null,"NET_INTEREST_INCOME":null,"NET_INTEREST_INCOME_YOY":null,"FEE_COMMISSION_INCOME":null,"FEE_COMMISSION_INCOME_YOY":null,"ACCOUNTS_RECE_TDAYS":6.9064597099,"INVENTORY_TDAYS":5.35911932568,"CURRENT_ASSETS_TDAYS":0.555335991048,"TOTAL_ASSETS_TDAYS":0.411277780665,"PREMIUM_EXPENSE":null,"LOAN_DEPOSIT":null,"LOAN_EQUITY":null,"LOAN_ASSETS":null,"DEPOSIT_EQUITY":null,"DEPOSIT_ASSETS":null,"EQUITY_MULTIPLIER":1.678753504714,"EQUITY_RATIO":0.678753504715},{"SECUCODE":"00113.HK","SECURITY_CODE":"00113","SECURITY_NAME_ABBR":"迪生创建","ORG_CODE":"10007394","STD_REPORT_DATE":"2020-06-30 00:00:00","REPORT_DATE":"2020-09-30 00:00:00","DATE_TYPE_CODE":"002","REPORT_TYPE":"2020年中报","PER_NETCASH_OPERATE":0.949071025795,"PER_OI":2.186880431963,"BPS":6.54897415302,"BASIC_EPS":0.29788608,"DILUTED_EPS":0.29788608,"OPERATE_INCOME":862074407.04,"OPERATE_INCOME_YOY":-42.7262139323,"GROSS_PROFIT":333815183.36,"GROSS_PROFIT_YOY":-51.080008173679,"HOLDER_PROFIT":117261669.12,"HOLDER_PROFIT_YOY":12.1310153014,"GROSS_PROFIT_RATIO":38.722316848053,"EPS_TTM":1.496915960832,"OPERATE_INCOME_QOQ":0,"NET_PROFIT_RATIO":13.6022677581,"ROE_AVG":4.515069687089,"GROSS_PROFIT_QOQ":0,"ROA":2.4212360286,"HOLDER_PROFIT_QOQ":0,"ROE_YEARLY":9.030139374178,"ROIC_YEARLY":12.323388520897,"TOTAL_ASSETS":4743607356.8,"TOTAL_LIABILITIES":2161983356.16,"TAX_EBT":-0.086251509401,"OCF_SALES":43.398395811864,"TOTAL_PARENT_EQUITY":2581624000.64,"DEBT_ASSET_RATIO":45.5767771981,"OPERATE_PROFIT":132802711.04,"PRETAX_PROFIT":117160616.32,"NETCASH_OPERATE":374126463.36,"NETCASH_INVEST":91712885.12,"NETCASH_FINANCE":-418649448.32,"END_CASH":2959957775.36,"DIVI_RATIO":0.333508702601,"DIVIDEND_RATE":11.066398390342,"CURRENT_RATIO":2.253301443086,"COMMON_ACS":518000000,"CURRENTDEBT_DEBT":74.447869392427,"ISSUED_COMMON_SHARES":394202808,"HK_COMMON_SHARES":394202808,"PER_SHARES":500,"TOTAL_MARKET_CAP":1959187955.76,"HKSK_MARKET_CAP":1959187955.76,"PE_TTM":7.459793536075,"PB_TTM":0.548995134268,"REPORT_DATE_SQ":"2019-06-30 00:00:00","REPORT_TYPE_SQ":"2019年中报","OPERATE_INCOME_SQ":1545075479.25,"DPS_HKD":0.55,"OPERATE_INCOME_QOQ_SQ":0,"NET_PROFIT_RATIO_SQ":6.9477064086,"HOLDER_PROFIT_SQ":107347308.09,"HOLDER_PROFIT_QOQ_SQ":0,"ROE_AVG_SQ":4.785677189468,"PE_TTM_SQ":5.794010027724,"PB_TTM_SQ":0.528068820626,"ROA_SQ":2.904137876086,"START_DATE":"2020-04-01 00:00:00","FISCAL_YEAR":"3-31","CURRENCY":"HKD","IS_CNY_CODE":0,"DPS_HKD_LY":0.28,"ORG_TYPE":"一般企业","PREMIUM_INCOME":null,"PREMIUM_INCOME_YOY":null,"NET_INTEREST_INCOME":null,"NET_INTEREST_INCOME_YOY":null,"FEE_COMMISSION_INCOME":null,"FEE_COMMISSION_INCOME_YOY":null,"ACCOUNTS_RECE_TDAYS":2.878447665028,"INVENTORY_TDAYS":2.225002590789,"CURRENT_ASSETS_TDAYS":0.233775861292,"TOTAL_ASSETS_TDAYS":0.178002379578,"PREMIUM_EXPENSE":null,"LOAN_DEPOSIT":null,"LOAN_EQUITY":null,"LOAN_ASSETS":null,"DEPOSIT_EQUITY":null,"DEPOSIT_ASSETS":null,"EQUITY_MULTIPLIER":1.837450905177,"EQUITY_RATIO":0.837450905176}],"count":48},"success":true,"message":"ok","code":0}