{"version":"08ccc01911d21c05a069d26ae0bd7d15","result":{"pages":6,"data":[{"SECUCODE":"00116.HK","SECURITY_CODE":"00116","SECURITY_NAME_ABBR":"周生生","ORG_CODE":"10007397","STD_REPORT_DATE":"2024-06-30 00:00:00","REPORT_DATE":"2024-06-30 00:00:00","DATE_TYPE_CODE":"002","REPORT_TYPE":"2024年中报","PER_NETCASH_OPERATE":2.10395054674,"PER_OI":15.241211976252,"BPS":16.562058218278,"BASIC_EPS":0.70823968,"DILUTED_EPS":0.70823968,"OPERATE_INCOME":10324915193.92,"OPERATE_INCOME_YOY":-12.9774062296,"GROSS_PROFIT":2918813614.92,"GROSS_PROFIT_YOY":-12.955167283389,"HOLDER_PROFIT":480060553.2,"HOLDER_PROFIT_YOY":-36.4138929823,"GROSS_PROFIT_RATIO":28.269613455409,"EPS_TTM":0.937510176608,"OPERATE_INCOME_QOQ":-7.325967462863,"NET_PROFIT_RATIO":4.5946235502,"ROE_AVG":4.309332910366,"GROSS_PROFIT_QOQ":-7.259361722505,"ROA":2.764448215238,"HOLDER_PROFIT_QOQ":-30.795058659726,"ROE_YEARLY":8.618665820732,"ROIC_YEARLY":5.904541781868,"TOTAL_ASSETS":17247581129.08,"TOTAL_LIABILITIES":6142612029.36,"TAX_EBT":20.770999127135,"OCF_SALES":13.80435197685,"TOTAL_PARENT_EQUITY":11141627804.6,"DEBT_ASSET_RATIO":35.6143390971,"OPERATE_PROFIT":621208340.56,"PRETAX_PROFIT":570905069.68,"NETCASH_OPERATE":1425287634.68,"NETCASH_INVEST":-77287567.76,"NETCASH_FINANCE":-1056924510.6,"END_CASH":1276726147.68,"DIVI_RATIO":0.532676884433,"DIVIDEND_RATE":8.11209439528,"CURRENT_RATIO":2.810321372181,"COMMON_ACS":1000000000,"CURRENTDEBT_DEBT":80.100536350375,"ISSUED_COMMON_SHARES":672720000,"HK_COMMON_SHARES":672720000,"PER_SHARES":1000,"TOTAL_MARKET_CAP":4561041600,"HKSK_MARKET_CAP":4561041600,"PE_TTM":6.41081043093,"PB_TTM":0.373623273053,"REPORT_DATE_SQ":"2023-06-30 00:00:00","REPORT_TYPE_SQ":"2023年中报","OPERATE_INCOME_SQ":11985535320.44,"DPS_HKD":0.55,"OPERATE_INCOME_QOQ_SQ":18.270404623649,"NET_PROFIT_RATIO_SQ":6.3096769806,"HOLDER_PROFIT_SQ":762670153.82,"HOLDER_PROFIT_QOQ_SQ":88.905573317719,"ROE_AVG_SQ":6.894084815406,"PE_TTM_SQ":7.430404458689,"PB_TTM_SQ":0.495747474499,"ROA_SQ":4.410346500605,"START_DATE":"2024-01-01 00:00:00","FISCAL_YEAR":"12-31","CURRENCY":"HKD","IS_CNY_CODE":0,"DPS_HKD_LY":0.55,"ORG_TYPE":"一般企业","PREMIUM_INCOME":null,"PREMIUM_INCOME_YOY":null,"NET_INTEREST_INCOME":null,"NET_INTEREST_INCOME_YOY":null,"FEE_COMMISSION_INCOME":null,"FEE_COMMISSION_INCOME_YOY":null,"ACCOUNTS_RECE_TDAYS":12.316582416709,"INVENTORY_TDAYS":0.667607579933,"CURRENT_ASSETS_TDAYS":0.743679501526,"TOTAL_ASSETS_TDAYS":0.594564439633,"PREMIUM_EXPENSE":null,"LOAN_DEPOSIT":null,"LOAN_EQUITY":null,"LOAN_ASSETS":null,"DEPOSIT_EQUITY":null,"DEPOSIT_ASSETS":null,"EQUITY_MULTIPLIER":1.553140848407,"EQUITY_RATIO":0.551320878519},{"SECUCODE":"00116.HK","SECURITY_CODE":"00116","SECURITY_NAME_ABBR":"周生生","ORG_CODE":"10007397","STD_REPORT_DATE":"2023-12-31 00:00:00","REPORT_DATE":"2023-12-31 00:00:00","DATE_TYPE_CODE":"001","REPORT_TYPE":"2023年年报","PER_NETCASH_OPERATE":2.889457977604,"PER_OI":33.460954231084,"BPS":16.440085217981,"BASIC_EPS":1.3547989,"DILUTED_EPS":1.3547989,"OPERATE_INCOME":22667588068.58,"OPERATE_INCOME_YOY":21.6808285996,"GROSS_PROFIT":5984225582.44,"GROSS_PROFIT_YOY":23.681851845137,"HOLDER_PROFIT":917710869.6,"HOLDER_PROFIT_YOY":123.8827748129,"GROSS_PROFIT_RATIO":26.399922057587,"EPS_TTM":1.354686758562,"OPERATE_INCOME_QOQ":4.37511568247,"NET_PROFIT_RATIO":3.9946006409,"ROE_AVG":8.405861641699,"GROSS_PROFIT_QOQ":4.43754635765,"ROA":5.357101339902,"HOLDER_PROFIT_QOQ":20.233863819036,"ROE_YEARLY":8.405861641699,"ROIC_YEARLY":5.62343321515,"TOTAL_ASSETS":17359691690.32,"TOTAL_LIABILITIES":6330818483.64,"TAX_EBT":22.880367040603,"OCF_SALES":8.63531254264,"TOTAL_PARENT_EQUITY":11059574127.84,"DEBT_ASSET_RATIO":36.4684960803,"OPERATE_PROFIT":1331957624.9,"PRETAX_PROFIT":1230150151.44,"NETCASH_OPERATE":1957417075.6,"NETCASH_INVEST":-370707415.4,"NETCASH_FINANCE":-1259818888.02,"END_CASH":993349428.12,"DIVI_RATIO":0.368638725405,"DIVIDEND_RATE":8.634222919937,"CURRENT_RATIO":2.710448236373,"COMMON_ACS":1000000000,"CURRENTDEBT_DEBT":80.661059994314,"ISSUED_COMMON_SHARES":672720000,"HK_COMMON_SHARES":672720000,"PER_SHARES":1000,"TOTAL_MARKET_CAP":4285226400,"HKSK_MARKET_CAP":4285226400,"PE_TTM":6.023136053839,"PB_TTM":0.351029535302,"REPORT_DATE_SQ":"2022-12-31 00:00:00","REPORT_TYPE_SQ":"2022年年报","OPERATE_INCOME_SQ":18362519047.32,"DPS_HKD":0.55,"OPERATE_INCOME_QOQ_SQ":4.33175005979,"NET_PROFIT_RATIO_SQ":2.1488174358,"HOLDER_PROFIT_SQ":404049246.02,"HOLDER_PROFIT_QOQ_SQ":-16.396978219098,"ROE_AVG_SQ":3.670931549421,"PE_TTM_SQ":7.531041990861,"PB_TTM_SQ":0.502461887246,"ROA_SQ":2.462333913951,"START_DATE":"2023-01-01 00:00:00","FISCAL_YEAR":"12-31","CURRENCY":"HKD","IS_CNY_CODE":0,"DPS_HKD_LY":0.35,"ORG_TYPE":"一般企业","PREMIUM_INCOME":null,"PREMIUM_INCOME_YOY":null,"NET_INTEREST_INCOME":null,"NET_INTEREST_INCOME_YOY":null,"FEE_COMMISSION_INCOME":null,"FEE_COMMISSION_INCOME_YOY":null,"ACCOUNTS_RECE_TDAYS":25.143873418854,"INVENTORY_TDAYS":1.510911425378,"CURRENT_ASSETS_TDAYS":1.671244704645,"TOTAL_ASSETS_TDAYS":1.32321159569,"PREMIUM_EXPENSE":null,"LOAN_DEPOSIT":null,"LOAN_EQUITY":null,"LOAN_ASSETS":null,"DEPOSIT_EQUITY":null,"DEPOSIT_ASSETS":null,"EQUITY_MULTIPLIER":1.574022238265,"EQUITY_RATIO":0.572428776231},{"SECUCODE":"00116.HK","SECURITY_CODE":"00116","SECURITY_NAME_ABBR":"周生生","ORG_CODE":"10007397","STD_REPORT_DATE":"2023-06-30 00:00:00","REPORT_DATE":"2023-06-30 00:00:00","DATE_TYPE_CODE":"002","REPORT_TYPE":"2023年中报","PER_NETCASH_OPERATE":2.181745139482,"PER_OI":17.692550595984,"BPS":16.593093563385,"BASIC_EPS":1.12573758,"DILUTED_EPS":1.12573758,"OPERATE_INCOME":11985535320.44,"OPERATE_INCOME_YOY":28.8119373052,"GROSS_PROFIT":3353230196.24,"GROSS_PROFIT_YOY":36.217344125703,"HOLDER_PROFIT":762670153.82,"HOLDER_PROFIT_YOY":75.3438159758,"GROSS_PROFIT_RATIO":27.977308535577,"EPS_TTM":1.12670982661,"OPERATE_INCOME_QOQ":18.270404623649,"NET_PROFIT_RATIO":6.3096769806,"ROE_AVG":6.894084815406,"GROSS_PROFIT_QOQ":18.426615866275,"ROA":4.410346500605,"HOLDER_PROFIT_QOQ":88.905573317719,"ROE_YEARLY":13.788169630812,"ROIC_YEARLY":9.306650022435,"TOTAL_ASSETS":17389781019.14,"TOTAL_LIABILITIES":6252526305.42,"TAX_EBT":22.702502940958,"OCF_SALES":12.331433659867,"TOTAL_PARENT_EQUITY":11162505901.96,"DEBT_ASSET_RATIO":35.9551756203,"OPERATE_PROFIT":1029716128.94,"PRETAX_PROFIT":980460269.42,"NETCASH_OPERATE":1477988336.82,"NETCASH_INVEST":-271114672.86,"NETCASH_FINANCE":-711309413.96,"END_CASH":1159681195.68,"DIVI_RATIO":0.443228583088,"DIVIDEND_RATE":8.634222919937,"CURRENT_RATIO":2.852351167999,"COMMON_ACS":1000000000,"CURRENTDEBT_DEBT":76.497284059626,"ISSUED_COMMON_SHARES":672720000,"HK_COMMON_SHARES":672720000,"PER_SHARES":1000,"TOTAL_MARKET_CAP":4285226400,"HKSK_MARKET_CAP":4285226400,"PE_TTM":6.023136053839,"PB_TTM":0.351029535302,"REPORT_DATE_SQ":"2022-06-30 00:00:00","REPORT_TYPE_SQ":"2022年中报","OPERATE_INCOME_SQ":8630628791.4,"DPS_HKD":0.55,"OPERATE_INCOME_QOQ_SQ":-2.096579240583,"NET_PROFIT_RATIO_SQ":4.6319581929,"HOLDER_PROFIT_SQ":403447855.16,"HOLDER_PROFIT_QOQ_SQ":-8.106049551639,"ROE_AVG_SQ":3.747280720584,"PE_TTM_SQ":7.531041990861,"PB_TTM_SQ":0.502461887246,"ROA_SQ":2.62772187424,"START_DATE":"2023-01-01 00:00:00","FISCAL_YEAR":"12-31","CURRENCY":"HKD","IS_CNY_CODE":0,"DPS_HKD_LY":0.35,"ORG_TYPE":"一般企业","PREMIUM_INCOME":null,"PREMIUM_INCOME_YOY":null,"NET_INTEREST_INCOME":null,"NET_INTEREST_INCOME_YOY":null,"FEE_COMMISSION_INCOME":null,"FEE_COMMISSION_INCOME_YOY":null,"ACCOUNTS_RECE_TDAYS":13.998199585431,"INVENTORY_TDAYS":0.781430595902,"CURRENT_ASSETS_TDAYS":0.882601655382,"TOTAL_ASSETS_TDAYS":0.693096006099,"PREMIUM_EXPENSE":null,"LOAN_DEPOSIT":null,"LOAN_EQUITY":null,"LOAN_ASSETS":null,"DEPOSIT_EQUITY":null,"DEPOSIT_ASSETS":null,"EQUITY_MULTIPLIER":1.561406420715,"EQUITY_RATIO":0.560136438927},{"SECUCODE":"00116.HK","SECURITY_CODE":"00116","SECURITY_NAME_ABBR":"周生生","ORG_CODE":"10007397","STD_REPORT_DATE":"2022-12-31 00:00:00","REPORT_DATE":"2022-12-31 00:00:00","DATE_TYPE_CODE":"001","REPORT_TYPE":"2022年年报","PER_NETCASH_OPERATE":0.044037556707,"PER_OI":27.105989730837,"BPS":15.788835393046,"BASIC_EPS":0.59670436,"DILUTED_EPS":0.59670436,"OPERATE_INCOME":18362519047.32,"OPERATE_INCOME_YOY":-6.5084214214,"GROSS_PROFIT":4838402314.62,"GROSS_PROFIT_YOY":6.510448457344,"HOLDER_PROFIT":404049246.02,"HOLDER_PROFIT_YOY":-29.6819156263,"GROSS_PROFIT_RATIO":26.349338574688,"EPS_TTM":0.596440754406,"OPERATE_INCOME_QOQ":4.33175005979,"NET_PROFIT_RATIO":2.1488174358,"ROE_AVG":3.670931549421,"GROSS_PROFIT_QOQ":-3.213795683038,"ROA":2.462333913951,"HOLDER_PROFIT_QOQ":-16.396978219098,"ROE_YEARLY":3.670931549421,"ROIC_YEARLY":2.559171208868,"TOTAL_ASSETS":16660251032.39,"TOTAL_LIABILITIES":6056932466.83,"TAX_EBT":19.738546875316,"OCF_SALES":0.162464300857,"TOTAL_PARENT_EQUITY":10621465345.61,"DEBT_ASSET_RATIO":36.3555894509,"OPERATE_PROFIT":590705158.68,"PRETAX_PROFIT":529498298.28,"NETCASH_OPERATE":29832538.19,"NETCASH_INVEST":-310357728.8,"NETCASH_FINANCE":373369887.87,"END_CASH":668726933.56,"DIVI_RATIO":0.837283495991,"DIVIDEND_RATE":8.634222919937,"CURRENT_RATIO":2.736804366778,"COMMON_ACS":1000000000,"CURRENTDEBT_DEBT":79.00166783937,"ISSUED_COMMON_SHARES":672720000,"HK_COMMON_SHARES":672720000,"PER_SHARES":1000,"TOTAL_MARKET_CAP":4285226400,"HKSK_MARKET_CAP":4285226400,"PE_TTM":6.023136053839,"PB_TTM":0.351029535302,"REPORT_DATE_SQ":"2021-12-31 00:00:00","REPORT_TYPE_SQ":"2021年年报","OPERATE_INCOME_SQ":17977028238.4,"DPS_HKD":0.55,"OPERATE_INCOME_QOQ_SQ":13.701991672558,"NET_PROFIT_RATIO_SQ":2.9096863367,"HOLDER_PROFIT_SQ":525926923.2,"HOLDER_PROFIT_QOQ_SQ":-26.054970489127,"ROE_AVG_SQ":5.193370932957,"PE_TTM_SQ":7.531041990861,"PB_TTM_SQ":0.502461887246,"ROA_SQ":3.684679104889,"START_DATE":"2022-01-01 00:00:00","FISCAL_YEAR":"12-31","CURRENCY":"HKD","IS_CNY_CODE":0,"DPS_HKD_LY":0.43,"ORG_TYPE":"一般企业","PREMIUM_INCOME":null,"PREMIUM_INCOME_YOY":null,"NET_INTEREST_INCOME":null,"NET_INTEREST_INCOME_YOY":null,"FEE_COMMISSION_INCOME":null,"FEE_COMMISSION_INCOME_YOY":null,"ACCOUNTS_RECE_TDAYS":21.622846684233,"INVENTORY_TDAYS":1.290949130925,"CURRENT_ASSETS_TDAYS":1.443605214503,"TOTAL_ASSETS_TDAYS":1.119038182627,"PREMIUM_EXPENSE":null,"LOAN_DEPOSIT":null,"LOAN_EQUITY":null,"LOAN_ASSETS":null,"DEPOSIT_EQUITY":null,"DEPOSIT_ASSETS":null,"EQUITY_MULTIPLIER":1.571229887075,"EQUITY_RATIO":0.570253940463},{"SECUCODE":"00116.HK","SECURITY_CODE":"00116","SECURITY_NAME_ABBR":"周生生","ORG_CODE":"10007397","STD_REPORT_DATE":"2022-06-30 00:00:00","REPORT_DATE":"2022-06-30 00:00:00","DATE_TYPE_CODE":"002","REPORT_TYPE":"2022年中报","PER_NETCASH_OPERATE":0.942622287441,"PER_OI":12.740176594916,"BPS":15.796308409368,"BASIC_EPS":0.59521224,"DILUTED_EPS":0.59521224,"OPERATE_INCOME":8630628791.4,"OPERATE_INCOME_YOY":-6.7735555876,"GROSS_PROFIT":2461676387.66,"GROSS_PROFIT_YOY":22.760374531857,"HOLDER_PROFIT":403447855.16,"HOLDER_PROFIT_YOY":-12.0010744224,"GROSS_PROFIT_RATIO":28.522561300666,"EPS_TTM":0.713420091404,"OPERATE_INCOME_QOQ":-2.096579240583,"NET_PROFIT_RATIO":4.6319581929,"ROE_AVG":3.747280720584,"GROSS_PROFIT_QOQ":10.047138648538,"ROA":2.62772187424,"HOLDER_PROFIT_QOQ":-8.106049551639,"ROE_YEARLY":7.494561441169,"ROIC_YEARLY":5.493926450939,"TOTAL_ASSETS":15237718977.46,"TOTAL_LIABILITIES":4623210161.78,"TAX_EBT":24.508725416485,"OCF_SALES":7.398816495344,"TOTAL_PARENT_EQUITY":10626492593.15,"DEBT_ASSET_RATIO":30.3405658591,"OPERATE_PROFIT":562757779.5,"PRETAX_PROFIT":540287662.25,"NETCASH_OPERATE":638564386.67,"NETCASH_INVEST":-112756801.5,"NETCASH_FINANCE":-303515482.9,"END_CASH":778887382.63,"DIVI_RATIO":0.699994303521,"DIVIDEND_RATE":8.634222919937,"CURRENT_RATIO":3.290406387785,"COMMON_ACS":1000000000,"CURRENTDEBT_DEBT":77.806691821145,"ISSUED_COMMON_SHARES":672720000,"HK_COMMON_SHARES":672720000,"PER_SHARES":1000,"TOTAL_MARKET_CAP":4285226400,"HKSK_MARKET_CAP":4285226400,"PE_TTM":6.023136053839,"PB_TTM":0.351029535302,"REPORT_DATE_SQ":"2021-06-30 00:00:00","REPORT_TYPE_SQ":"2021年中报","OPERATE_INCOME_SQ":9007531433.52,"DPS_HKD":0.55,"OPERATE_INCOME_QOQ_SQ":24.966774232629,"NET_PROFIT_RATIO_SQ":4.9510042152,"HOLDER_PROFIT_SQ":446079752.16,"HOLDER_PROFIT_QOQ_SQ":55.210422099919,"ROE_AVG_SQ":4.354466904083,"PE_TTM_SQ":7.531041990861,"PB_TTM_SQ":0.502461887246,"ROA_SQ":3.180471915962,"START_DATE":"2022-01-01 00:00:00","FISCAL_YEAR":"12-31","CURRENCY":"HKD","IS_CNY_CODE":0,"DPS_HKD_LY":0.43,"ORG_TYPE":"一般企业","PREMIUM_INCOME":null,"PREMIUM_INCOME_YOY":null,"NET_INTEREST_INCOME":null,"NET_INTEREST_INCOME_YOY":null,"FEE_COMMISSION_INCOME":null,"FEE_COMMISSION_INCOME_YOY":null,"ACCOUNTS_RECE_TDAYS":10.254142097057,"INVENTORY_TDAYS":0.642565528172,"CURRENT_ASSETS_TDAYS":0.729742446267,"TOTAL_ASSETS_TDAYS":0.562126970649,"PREMIUM_EXPENSE":null,"LOAN_DEPOSIT":null,"LOAN_EQUITY":null,"LOAN_ASSETS":null,"DEPOSIT_EQUITY":null,"DEPOSIT_ASSETS":null,"EQUITY_MULTIPLIER":1.435555732447,"EQUITY_RATIO":0.435064544698},{"SECUCODE":"00116.HK","SECURITY_CODE":"00116","SECURITY_NAME_ABBR":"周生生","ORG_CODE":"10007397","STD_REPORT_DATE":"2021-12-31 00:00:00","REPORT_DATE":"2021-12-31 00:00:00","DATE_TYPE_CODE":"001","REPORT_TYPE":"2021年年报","PER_NETCASH_OPERATE":-0.875203268806,"PER_OI":26.536944172274,"BPS":15.499689190153,"BASIC_EPS":0.77672,"DILUTED_EPS":0.77672,"OPERATE_INCOME":17977028238.4,"OPERATE_INCOME_YOY":46.6077605655,"GROSS_PROFIT":4542655096,"GROSS_PROFIT_YOY":31.006811084332,"HOLDER_PROFIT":525926923.2,"HOLDER_PROFIT_YOY":18.1450013224,"GROSS_PROFIT_RATIO":25.269221562976,"EPS_TTM":0.776351531219,"OPERATE_INCOME_QOQ":13.701991672558,"NET_PROFIT_RATIO":2.9096863367,"ROE_AVG":5.193370932957,"GROSS_PROFIT_QOQ":16.530475629151,"ROA":3.684679104889,"HOLDER_PROFIT_QOQ":-26.054970489127,"ROE_YEARLY":5.193370932957,"ROIC_YEARLY":3.946414138175,"TOTAL_ASSETS":14789368540.8,"TOTAL_LIABILITIES":4370314827.2,"TAX_EBT":26.382429942598,"OCF_SALES":-3.298055959736,"TOTAL_PARENT_EQUITY":10426950912,"DEBT_ASSET_RATIO":29.5503815132,"OPERATE_PROFIT":860598401.6,"PRETAX_PROFIT":822269313.6,"NETCASH_OPERATE":-592892451.2,"NETCASH_INVEST":-328002315.2,"NETCASH_FINANCE":109241171.2,"END_CASH":549057644.8,"DIVI_RATIO":0.643252418419,"DIVIDEND_RATE":8.59375,"CURRENT_RATIO":3.304323061918,"COMMON_ACS":1000000000,"CURRENTDEBT_DEBT":78.238103514173,"ISSUED_COMMON_SHARES":672720000,"HK_COMMON_SHARES":672720000,"PER_SHARES":1000,"TOTAL_MARKET_CAP":4305408000,"HKSK_MARKET_CAP":4305408000,"PE_TTM":6.051502471674,"PB_TTM":0.352682735625,"REPORT_DATE_SQ":"2020-12-31 00:00:00","REPORT_TYPE_SQ":"2020年年报","OPERATE_INCOME_SQ":12622530407.24,"DPS_HKD":0.55,"OPERATE_INCOME_QOQ_SQ":-5.284800254689,"NET_PROFIT_RATIO_SQ":3.6219317981,"HOLDER_PROFIT_SQ":458242680.96,"HOLDER_PROFIT_QOQ_SQ":100.481585328163,"ROE_AVG_SQ":4.80731098635,"PE_TTM_SQ":7.572974295933,"PB_TTM_SQ":0.505259559224,"ROA_SQ":3.293503701505,"START_DATE":"2021-01-01 00:00:00","FISCAL_YEAR":"12-31","CURRENCY":"HKD","IS_CNY_CODE":0,"DPS_HKD_LY":0.3,"ORG_TYPE":"一般企业","PREMIUM_INCOME":null,"PREMIUM_INCOME_YOY":null,"NET_INTEREST_INCOME":null,"NET_INTEREST_INCOME_YOY":null,"FEE_COMMISSION_INCOME":null,"FEE_COMMISSION_INCOME_YOY":null,"ACCOUNTS_RECE_TDAYS":17.930160834844,"INVENTORY_TDAYS":1.633520410811,"CURRENT_ASSETS_TDAYS":1.643808463914,"TOTAL_ASSETS_TDAYS":1.259482589615,"PREMIUM_EXPENSE":null,"LOAN_DEPOSIT":null,"LOAN_EQUITY":null,"LOAN_ASSETS":null,"DEPOSIT_EQUITY":null,"DEPOSIT_ASSETS":null,"EQUITY_MULTIPLIER":1.419454102775,"EQUITY_RATIO":0.419136415246},{"SECUCODE":"00116.HK","SECURITY_CODE":"00116","SECURITY_NAME_ABBR":"周生生","ORG_CODE":"10007397","STD_REPORT_DATE":"2021-06-30 00:00:00","REPORT_DATE":"2021-06-30 00:00:00","DATE_TYPE_CODE":"002","REPORT_TYPE":"2021年中报","PER_NETCASH_OPERATE":0.064287052495,"PER_OI":13.296544657517,"BPS":15.589711210489,"BASIC_EPS":0.65817528,"DILUTED_EPS":0.65817528,"OPERATE_INCOME":9007531433.52,"OPERATE_INCOME_YOY":69.0661482853,"GROSS_PROFIT":2005269531.84,"GROSS_PROFIT_YOY":25.027291456385,"HOLDER_PROFIT":446079752.16,"HOLDER_PROFIT_YOY":153.6212206511,"GROSS_PROFIT_RATIO":22.262143037078,"EPS_TTM":1.049903605901,"OPERATE_INCOME_QOQ":24.966774232629,"NET_PROFIT_RATIO":4.9510042152,"ROE_AVG":4.354466904083,"GROSS_PROFIT_QOQ":11.479016118559,"ROA":3.180471915962,"HOLDER_PROFIT_QOQ":55.210422099919,"ROE_YEARLY":8.708933808167,"ROIC_YEARLY":6.953449675098,"TOTAL_ASSETS":14050200834.96,"TOTAL_LIABILITIES":3564746379.12,"TAX_EBT":26.173235059542,"OCF_SALES":0.483486906945,"TOTAL_PARENT_EQUITY":10487510525.52,"DEBT_ASSET_RATIO":25.3714976817,"OPERATE_PROFIT":630140840.64,"PRETAX_PROFIT":605105217.6,"NETCASH_OPERATE":43550235.12,"NETCASH_INVEST":-91789241.04,"NETCASH_FINANCE":-317737236.72,"END_CASH":1016239273.92,"DIVI_RATIO":0.475653190629,"DIVIDEND_RATE":8.634222919937,"CURRENT_RATIO":3.882034943331,"COMMON_ACS":1000000000,"CURRENTDEBT_DEBT":77.336262899033,"ISSUED_COMMON_SHARES":672720000,"HK_COMMON_SHARES":672720000,"PER_SHARES":1000,"TOTAL_MARKET_CAP":4285226400,"HKSK_MARKET_CAP":4285226400,"PE_TTM":6.023136053839,"PB_TTM":0.351029535302,"REPORT_DATE_SQ":"2020-06-30 00:00:00","REPORT_TYPE_SQ":"2020年中报","OPERATE_INCOME_SQ":5848763627.52,"DPS_HKD":0.55,"OPERATE_INCOME_QOQ_SQ":-15.923811796683,"NET_PROFIT_RATIO_SQ":3.2935456141,"HOLDER_PROFIT_SQ":193082033.76,"HOLDER_PROFIT_QOQ_SQ":-60.349482005531,"ROE_AVG_SQ":1.970360099507,"PE_TTM_SQ":7.531041990861,"PB_TTM_SQ":0.502461887246,"ROA_SQ":1.328366107928,"START_DATE":"2021-01-01 00:00:00","FISCAL_YEAR":"12-31","CURRENCY":"HKD","IS_CNY_CODE":0,"DPS_HKD_LY":0.3,"ORG_TYPE":"一般企业","PREMIUM_INCOME":null,"PREMIUM_INCOME_YOY":null,"NET_INTEREST_INCOME":null,"NET_INTEREST_INCOME_YOY":null,"FEE_COMMISSION_INCOME":null,"FEE_COMMISSION_INCOME_YOY":null,"ACCOUNTS_RECE_TDAYS":8.304580003928,"INVENTORY_TDAYS":0.904032602609,"CURRENT_ASSETS_TDAYS":0.839333733643,"TOTAL_ASSETS_TDAYS":0.642221500029,"PREMIUM_EXPENSE":null,"LOAN_DEPOSIT":null,"LOAN_EQUITY":null,"LOAN_ASSETS":null,"DEPOSIT_EQUITY":null,"DEPOSIT_ASSETS":null,"EQUITY_MULTIPLIER":1.339970613017,"EQUITY_RATIO":0.339903961998},{"SECUCODE":"00116.HK","SECURITY_CODE":"00116","SECURITY_NAME_ABBR":"周生生","ORG_CODE":"10007397","STD_REPORT_DATE":"2020-12-31 00:00:00","REPORT_DATE":"2020-12-31 00:00:00","DATE_TYPE_CODE":"001","REPORT_TYPE":"2020年年报","PER_NETCASH_OPERATE":2.845411707414,"PER_OI":18.632856347984,"BPS":15.037113668332,"BASIC_EPS":0.67667856,"DILUTED_EPS":0.67667856,"OPERATE_INCOME":12622530407.24,"OPERATE_INCOME_YOY":-15.2445396219,"GROSS_PROFIT":3467495360.28,"GROSS_PROFIT_YOY":-18.975564709399,"HOLDER_PROFIT":458242680.96,"HOLDER_PROFIT_YOY":-15.3945485313,"GROSS_PROFIT_RATIO":27.638969640284,"EPS_TTM":0.676438857453,"OPERATE_INCOME_QOQ":-5.284800254689,"NET_PROFIT_RATIO":3.6219317981,"ROE_AVG":4.80731098635,"GROSS_PROFIT_QOQ":-3.737832193989,"ROA":3.293503701505,"HOLDER_PROFIT_QOQ":100.481585328163,"ROE_YEARLY":4.80731098635,"ROIC_YEARLY":3.584262329789,"TOTAL_ASSETS":14161827685.88,"TOTAL_LIABILITIES":4046060578.92,"TAX_EBT":32.276696452129,"OCF_SALES":15.235504329975,"TOTAL_PARENT_EQUITY":10115767106.96,"DEBT_ASSET_RATIO":28.5701864806,"OPERATE_PROFIT":858376853.04,"PRETAX_PROFIT":794296908.36,"NETCASH_OPERATE":1927578634.6,"NETCASH_INVEST":-92525693.4,"NETCASH_FINANCE":-1355288683.8,"END_CASH":1391876457.88,"DIVI_RATIO":0.738263324907,"DIVIDEND_RATE":8.59375,"CURRENT_RATIO":3.536511822054,"COMMON_ACS":1000000000,"CURRENTDEBT_DEBT":76.071405615523,"ISSUED_COMMON_SHARES":672720000,"HK_COMMON_SHARES":672720000,"PER_SHARES":1000,"TOTAL_MARKET_CAP":4305408000,"HKSK_MARKET_CAP":4305408000,"PE_TTM":6.051502471674,"PB_TTM":0.352682735625,"REPORT_DATE_SQ":"2019-12-31 00:00:00","REPORT_TYPE_SQ":"2019年年报","OPERATE_INCOME_SQ":15887756526.28,"DPS_HKD":0.55,"OPERATE_INCOME_QOQ_SQ":-5.498539231264,"NET_PROFIT_RATIO_SQ":3.6283536306,"HOLDER_PROFIT_SQ":576463990.74,"HOLDER_PROFIT_QOQ_SQ":-37.164032039283,"ROE_AVG_SQ":6.113943817875,"PE_TTM_SQ":7.572974295933,"PB_TTM_SQ":0.505259559224,"ROA_SQ":4.27959604547,"START_DATE":"2020-01-01 00:00:00","FISCAL_YEAR":"12-31","CURRENCY":"HKD","IS_CNY_CODE":0,"DPS_HKD_LY":0.3,"ORG_TYPE":"一般企业","PREMIUM_INCOME":null,"PREMIUM_INCOME_YOY":null,"NET_INTEREST_INCOME":null,"NET_INTEREST_INCOME_YOY":null,"FEE_COMMISSION_INCOME":null,"FEE_COMMISSION_INCOME_YOY":null,"ACCOUNTS_RECE_TDAYS":10.017206370919,"INVENTORY_TDAYS":1.228615744923,"CURRENT_ASSETS_TDAYS":1.188980486814,"TOTAL_ASSETS_TDAYS":0.909322396202,"PREMIUM_EXPENSE":null,"LOAN_DEPOSIT":null,"LOAN_EQUITY":null,"LOAN_ASSETS":null,"DEPOSIT_EQUITY":null,"DEPOSIT_ASSETS":null,"EQUITY_MULTIPLIER":1.399975655443,"EQUITY_RATIO":0.399975655443},{"SECUCODE":"00116.HK","SECURITY_CODE":"00116","SECURITY_NAME_ABBR":"周生生","ORG_CODE":"10007397","STD_REPORT_DATE":"2020-06-30 00:00:00","REPORT_DATE":"2020-06-30 00:00:00","DATE_TYPE_CODE":"002","REPORT_TYPE":"2020年中报","PER_NETCASH_OPERATE":2.901578430135,"PER_OI":8.633702512009,"BPS":14.696469118801,"BASIC_EPS":0.28499328,"DILUTED_EPS":0.28499328,"OPERATE_INCOME":5848763627.52,"OPERATE_INCOME_YOY":-32.7289503645,"GROSS_PROFIT":1603865450.88,"GROSS_PROFIT_YOY":-29.172701101024,"HOLDER_PROFIT":193082033.76,"HOLDER_PROFIT_YOY":-65.628424897,"GROSS_PROFIT_RATIO":27.591575974797,"EPS_TTM":0.337406977477,"OPERATE_INCOME_QOQ":-15.923811796683,"NET_PROFIT_RATIO":3.2935456141,"ROE_AVG":1.970360099507,"GROSS_PROFIT_QOQ":-15.116827219688,"ROA":1.328366107928,"HOLDER_PROFIT_QOQ":-60.349482005531,"ROE_YEARLY":3.940720199013,"ROIC_YEARLY":2.922364290718,"TOTAL_ASSETS":14239593324,"TOTAL_LIABILITIES":4352984618.4,"TAX_EBT":31.552718368647,"OCF_SALES":33.529194635631,"TOTAL_PARENT_EQUITY":9886608705.6,"DEBT_ASSET_RATIO":30.5695852357,"OPERATE_PROFIT":312334366.08,"PRETAX_PROFIT":275305335.36,"NETCASH_OPERATE":1965627882.24,"NETCASH_INVEST":-67716960.96,"NETCASH_FINANCE":-1113159088.8,"END_CASH":1703096091.84,"DIVI_RATIO":1.480082017671,"DIVIDEND_RATE":8.634222919937,"CURRENT_RATIO":3.506108613624,"COMMON_ACS":1000000000,"CURRENTDEBT_DEBT":69.737707704462,"ISSUED_COMMON_SHARES":672720000,"HK_COMMON_SHARES":672720000,"PER_SHARES":1000,"TOTAL_MARKET_CAP":4285226400,"HKSK_MARKET_CAP":4285226400,"PE_TTM":6.023136053839,"PB_TTM":0.351029535302,"REPORT_DATE_SQ":"2019-06-30 00:00:00","REPORT_TYPE_SQ":"2019年中报","OPERATE_INCOME_SQ":8392373358.84,"DPS_HKD":0.55,"OPERATE_INCOME_QOQ_SQ":2.027319204434,"NET_PROFIT_RATIO_SQ":6.4460319267,"HOLDER_PROFIT_SQ":540975066.12,"HOLDER_PROFIT_QOQ_SQ":3.435552081596,"ROE_AVG_SQ":5.775573520672,"PE_TTM_SQ":7.531041990861,"PB_TTM_SQ":0.502461887246,"ROA_SQ":4.15379837987,"START_DATE":"2020-01-01 00:00:00","FISCAL_YEAR":"12-31","CURRENCY":"HKD","IS_CNY_CODE":0,"DPS_HKD_LY":0.3,"ORG_TYPE":"一般企业","PREMIUM_INCOME":null,"PREMIUM_INCOME_YOY":null,"NET_INTEREST_INCOME":null,"NET_INTEREST_INCOME_YOY":null,"FEE_COMMISSION_INCOME":null,"FEE_COMMISSION_INCOME_YOY":null,"ACCOUNTS_RECE_TDAYS":4.578983614225,"INVENTORY_TDAYS":0.562625283437,"CURRENT_ASSETS_TDAYS":0.534717165432,"TOTAL_ASSETS_TDAYS":0.403324035418,"PREMIUM_EXPENSE":null,"LOAN_DEPOSIT":null,"LOAN_EQUITY":null,"LOAN_ASSETS":null,"DEPOSIT_EQUITY":null,"DEPOSIT_ASSETS":null,"EQUITY_MULTIPLIER":1.440290978233,"EQUITY_RATIO":0.440290978233}],"count":46},"success":true,"message":"ok","code":0}