{"version":"46ad5f060903d99f91b44154cd98cb6c","result":{"pages":6,"data":[{"SECUCODE":"00123.HK","SECURITY_CODE":"00123","SECURITY_NAME_ABBR":"越秀地产","ORG_CODE":"10007403","STD_REPORT_DATE":"2024-06-30 00:00:00","REPORT_DATE":"2024-06-30 00:00:00","DATE_TYPE_CODE":"002","REPORT_TYPE":"2024年中报","PER_NETCASH_OPERATE":1.522895561375,"PER_OI":8.779332791556,"BPS":14.137816166022,"BASIC_EPS":0.455,"DILUTED_EPS":0.455,"OPERATE_INCOME":35340264000,"OPERATE_INCOME_YOY":10.1107901319,"GROSS_PROFIT":4847359000,"GROSS_PROFIT_YOY":-14.964074236637,"HOLDER_PROFIT":1831427000,"HOLDER_PROFIT_YOY":-15.8900055524,"GROSS_PROFIT_RATIO":13.716250110639,"EPS_TTM":0.705295870828,"OPERATE_INCOME_QOQ":4.045120484452,"NET_PROFIT_RATIO":7.2501750411,"ROE_AVG":3.254736995128,"GROSS_PROFIT_QOQ":-6.958989696782,"ROA":0.444132675587,"HOLDER_PROFIT_QOQ":-10.862881210392,"ROE_YEARLY":6.509473990256,"ROIC_YEARLY":1.151499844632,"TOTAL_ASSETS":423541947000,"TOTAL_LIABILITIES":317480428000,"TAX_EBT":32.991512761978,"OCF_SALES":17.346370134643,"TOTAL_PARENT_EQUITY":56910265000,"DEBT_ASSET_RATIO":74.95843806,"OPERATE_PROFIT":3267968000,"PRETAX_PROFIT":3823741000,"NETCASH_OPERATE":6130253000,"NETCASH_INVEST":-5675201000,"NETCASH_FINANCE":-4147345000,"END_CASH":25582007000,"DIVI_RATIO":0.434735396423,"DIVIDEND_RATE":6.780684104628,"CURRENT_RATIO":1.547734286661,"COMMON_ACS":null,"CURRENTDEBT_DEBT":72.523169207772,"ISSUED_COMMON_SHARES":4025392913,"HK_COMMON_SHARES":4025392913,"PER_SHARES":1000,"TOTAL_MARKET_CAP":20006202777.61,"HKSK_MARKET_CAP":20006202777.61,"PE_TTM":6.331751454159,"PB_TTM":0.320843017531,"REPORT_DATE_SQ":"2023-06-30 00:00:00","REPORT_TYPE_SQ":"2023年中报","OPERATE_INCOME_SQ":32095187000,"DPS_HKD":0.337,"OPERATE_INCOME_QOQ_SQ":1.108194261287,"NET_PROFIT_RATIO_SQ":9.0961956383,"HOLDER_PROFIT_SQ":2177419000,"HOLDER_PROFIT_QOQ_SQ":11.896132699542,"ROE_AVG_SQ":4.241409559996,"PE_TTM_SQ":4.444472800828,"PB_TTM_SQ":0.355381595328,"ROA_SQ":0.600027979291,"START_DATE":"2024-01-01 00:00:00","FISCAL_YEAR":"12-31","CURRENCY":"HKD","IS_CNY_CODE":0,"DPS_HKD_LY":0.337,"ORG_TYPE":"一般企业","PREMIUM_INCOME":null,"PREMIUM_INCOME_YOY":null,"NET_INTEREST_INCOME":null,"NET_INTEREST_INCOME_YOY":null,"FEE_COMMISSION_INCOME":null,"FEE_COMMISSION_INCOME_YOY":null,"ACCOUNTS_RECE_TDAYS":36.777357638399,"INVENTORY_TDAYS":0.124541235727,"CURRENT_ASSETS_TDAYS":0.10176810642,"TOTAL_ASSETS_TDAYS":0.085702384022,"PREMIUM_EXPENSE":null,"LOAN_DEPOSIT":null,"LOAN_EQUITY":null,"LOAN_ASSETS":null,"DEPOSIT_EQUITY":null,"DEPOSIT_ASSETS":null,"EQUITY_MULTIPLIER":3.993361126578,"EQUITY_RATIO":5.578614473153},{"SECUCODE":"00123.HK","SECURITY_CODE":"00123","SECURITY_NAME_ABBR":"越秀地产","ORG_CODE":"10007403","STD_REPORT_DATE":"2023-12-31 00:00:00","REPORT_DATE":"2023-12-31 00:00:00","DATE_TYPE_CODE":"001","REPORT_TYPE":"2023年年报","PER_NETCASH_OPERATE":2.127041057868,"PER_OI":19.928988979169,"BPS":13.819496929193,"BASIC_EPS":0.8542,"DILUTED_EPS":0.8542,"OPERATE_INCOME":80222011000,"OPERATE_INCOME_YOY":10.7799470896,"GROSS_PROFIT":12257627000,"GROSS_PROFIT_YOY":-17.209611541999,"HOLDER_PROFIT":3185085000,"HOLDER_PROFIT_YOY":-19.4333062171,"GROSS_PROFIT_RATIO":15.279630673931,"EPS_TTM":0.791248225661,"OPERATE_INCOME_QOQ":9.565745782511,"NET_PROFIT_RATIO":5.7029846833,"ROE_AVG":6.181118752249,"GROSS_PROFIT_QOQ":-11.564457064781,"ROA":0.85216165248,"HOLDER_PROFIT_QOQ":-27.998678918395,"ROE_YEARLY":6.181118752249,"ROIC_YEARLY":1.093832906447,"TOTAL_ASSETS":401178728000,"TOTAL_LIABILITIES":298969948000,"TAX_EBT":40.742642808378,"OCF_SALES":10.673100678067,"TOTAL_PARENT_EQUITY":55628905000,"DEBT_ASSET_RATIO":74.5228814824,"OPERATE_PROFIT":6670336000,"PRETAX_PROFIT":7720643000,"NETCASH_OPERATE":8562176000,"NETCASH_INVEST":220098000,"NETCASH_FINANCE":-1375043000,"END_CASH":29265215000,"DIVI_RATIO":0.38751060673,"DIVIDEND_RATE":5.840554592721,"CURRENT_RATIO":1.609643162335,"COMMON_ACS":null,"CURRENTDEBT_DEBT":70.270119256267,"ISSUED_COMMON_SHARES":4025392913,"HK_COMMON_SHARES":4025392913,"PER_SHARES":1000,"TOTAL_MARKET_CAP":23226517108.01,"HKSK_MARKET_CAP":23226517108.01,"PE_TTM":7.350946859255,"PB_TTM":0.372487768843,"REPORT_DATE_SQ":"2022-12-31 00:00:00","REPORT_TYPE_SQ":"2022年年报","OPERATE_INCOME_SQ":72415643000,"DPS_HKD":0.337,"OPERATE_INCOME_QOQ_SQ":12.384854657015,"NET_PROFIT_RATIO_SQ":8.4751964434,"HOLDER_PROFIT_SQ":3953352000,"HOLDER_PROFIT_QOQ_SQ":31.970461010925,"ROE_AVG_SQ":8.441408745035,"PE_TTM_SQ":5.755130186327,"PB_TTM_SQ":0.460182217012,"ROA_SQ":1.197610092695,"START_DATE":"2023-01-01 00:00:00","FISCAL_YEAR":"12-31","CURRENCY":"HKD","IS_CNY_CODE":0,"DPS_HKD_LY":0.539,"ORG_TYPE":"一般企业","PREMIUM_INCOME":null,"PREMIUM_INCOME_YOY":null,"NET_INTEREST_INCOME":null,"NET_INTEREST_INCOME_YOY":null,"FEE_COMMISSION_INCOME":null,"FEE_COMMISSION_INCOME_YOY":null,"ACCOUNTS_RECE_TDAYS":113.308405261604,"INVENTORY_TDAYS":0.302943941994,"CURRENT_ASSETS_TDAYS":0.257891194366,"TOTAL_ASSETS_TDAYS":0.214632015971,"PREMIUM_EXPENSE":null,"LOAN_DEPOSIT":null,"LOAN_EQUITY":null,"LOAN_ASSETS":null,"DEPOSIT_EQUITY":null,"DEPOSIT_ASSETS":null,"EQUITY_MULTIPLIER":3.925090662467,"EQUITY_RATIO":5.374363345818},{"SECUCODE":"00123.HK","SECURITY_CODE":"00123","SECURITY_NAME_ABBR":"越秀地产","ORG_CODE":"10007403","STD_REPORT_DATE":"2023-06-30 00:00:00","REPORT_DATE":"2023-06-30 00:00:00","DATE_TYPE_CODE":"002","REPORT_TYPE":"2023年中报","PER_NETCASH_OPERATE":2.81131910464,"PER_OI":7.973181176016,"BPS":13.724048358506,"BASIC_EPS":0.6345,"DILUTED_EPS":0.6345,"OPERATE_INCOME":32095187000,"OPERATE_INCOME_YOY":2.5645166037,"GROSS_PROFIT":5700366000,"GROSS_PROFIT_YOY":-14.221661973488,"HOLDER_PROFIT":2177419000,"HOLDER_PROFIT_YOY":27.5490401102,"GROSS_PROFIT_RATIO":17.760812548,"EPS_TTM":1.098935705311,"OPERATE_INCOME_QOQ":1.108194261287,"NET_PROFIT_RATIO":9.0961956383,"ROE_AVG":4.241409559996,"GROSS_PROFIT_QOQ":-6.383354802664,"ROA":0.600027979291,"HOLDER_PROFIT_QOQ":11.896132699542,"ROE_YEARLY":8.482819119992,"ROIC_YEARLY":1.543764946673,"TOTAL_ASSETS":379420513000,"TOTAL_LIABILITIES":284321133000,"TAX_EBT":39.732236029807,"OCF_SALES":35.259691741319,"TOTAL_PARENT_EQUITY":55244687000,"DEBT_ASSET_RATIO":74.9356250541,"OPERATE_PROFIT":4346803000,"PRETAX_PROFIT":4844117000,"NETCASH_OPERATE":11316664000,"NETCASH_INVEST":-6199353000,"NETCASH_FINANCE":3295947000,"END_CASH":30278611000,"DIVI_RATIO":0.279012756177,"DIVIDEND_RATE":5.840554592721,"CURRENT_RATIO":1.683289527289,"COMMON_ACS":null,"CURRENTDEBT_DEBT":66.062308143658,"ISSUED_COMMON_SHARES":4025392913,"HK_COMMON_SHARES":4025392913,"PER_SHARES":1000,"TOTAL_MARKET_CAP":23226517108.01,"HKSK_MARKET_CAP":23226517108.01,"PE_TTM":7.350946859255,"PB_TTM":0.372487768843,"REPORT_DATE_SQ":"2022-06-30 00:00:00","REPORT_TYPE_SQ":"2022年中报","OPERATE_INCOME_SQ":31292681000,"DPS_HKD":0.337,"OPERATE_INCOME_QOQ_SQ":12.298170226837,"NET_PROFIT_RATIO_SQ":8.2551443898,"HOLDER_PROFIT_SQ":1707123000,"HOLDER_PROFIT_QOQ_SQ":-16.531254867399,"ROE_AVG_SQ":3.67425012118,"PE_TTM_SQ":5.755130186327,"PB_TTM_SQ":0.460182217012,"ROA_SQ":0.537842177272,"START_DATE":"2023-01-01 00:00:00","FISCAL_YEAR":"12-31","CURRENCY":"HKD","IS_CNY_CODE":0,"DPS_HKD_LY":0.539,"ORG_TYPE":"一般企业","PREMIUM_INCOME":null,"PREMIUM_INCOME_YOY":null,"NET_INTEREST_INCOME":null,"NET_INTEREST_INCOME_YOY":null,"FEE_COMMISSION_INCOME":null,"FEE_COMMISSION_INCOME_YOY":null,"ACCOUNTS_RECE_TDAYS":46.771941661833,"INVENTORY_TDAYS":0.122823047635,"CURRENT_ASSETS_TDAYS":0.106958139111,"TOTAL_ASSETS_TDAYS":0.088444209408,"PREMIUM_EXPENSE":null,"LOAN_DEPOSIT":null,"LOAN_EQUITY":null,"LOAN_ASSETS":null,"DEPOSIT_EQUITY":null,"DEPOSIT_ASSETS":null,"EQUITY_MULTIPLIER":3.989726462992,"EQUITY_RATIO":5.146578765122},{"SECUCODE":"00123.HK","SECURITY_CODE":"00123","SECURITY_NAME_ABBR":"越秀地产","ORG_CODE":"10007403","STD_REPORT_DATE":"2022-12-31 00:00:00","REPORT_DATE":"2022-12-31 00:00:00","DATE_TYPE_CODE":"001","REPORT_TYPE":"2022年年报","PER_NETCASH_OPERATE":1.201171240766,"PER_OI":23.386620370309,"BPS":11.782607070934,"BASIC_EPS":1.1932,"DILUTED_EPS":1.1932,"OPERATE_INCOME":72415643000,"OPERATE_INCOME_YOY":26.2061353919,"GROSS_PROFIT":14805616000,"GROSS_PROFIT_YOY":18.61131595402,"HOLDER_PROFIT":3953352000,"HOLDER_PROFIT_YOY":10.1540877515,"GROSS_PROFIT_RATIO":20.445328366414,"EPS_TTM":1.276734398591,"OPERATE_INCOME_QOQ":12.384854657015,"NET_PROFIT_RATIO":8.4751964434,"ROE_AVG":8.441408745035,"GROSS_PROFIT_QOQ":17.118110974938,"ROA":1.197610092695,"HOLDER_PROFIT_QOQ":31.970461010925,"ROE_YEARLY":8.441408745035,"ROIC_YEARLY":1.500812721367,"TOTAL_ASSETS":346351976000,"TOTAL_LIABILITIES":261559235000,"TAX_EBT":43.328020134383,"OCF_SALES":5.136147171958,"TOTAL_PARENT_EQUITY":47429623000,"DEBT_ASSET_RATIO":75.5183319641,"OPERATE_PROFIT":11206303000,"PRETAX_PROFIT":10829634000,"NETCASH_OPERATE":3719374000,"NETCASH_INVEST":-7057941000,"NETCASH_FINANCE":-7713713000,"END_CASH":21846429000,"DIVI_RATIO":0.240157295314,"DIVIDEND_RATE":5.840554592721,"CURRENT_RATIO":1.590805641413,"COMMON_ACS":null,"CURRENTDEBT_DEBT":68.248246711687,"ISSUED_COMMON_SHARES":4025392913,"HK_COMMON_SHARES":4025392913,"PER_SHARES":1000,"TOTAL_MARKET_CAP":23226517108.01,"HKSK_MARKET_CAP":23226517108.01,"PE_TTM":7.350946859255,"PB_TTM":0.372487768843,"REPORT_DATE_SQ":"2021-12-31 00:00:00","REPORT_TYPE_SQ":"2021年年报","OPERATE_INCOME_SQ":57378861000,"DPS_HKD":0.337,"OPERATE_INCOME_QOQ_SQ":22.718453342087,"NET_PROFIT_RATIO_SQ":9.1909091747,"HOLDER_PROFIT_SQ":3588929000,"HOLDER_PROFIT_QOQ_SQ":-21.184019958033,"ROE_AVG_SQ":7.976840079096,"PE_TTM_SQ":5.755130186327,"PB_TTM_SQ":0.460182217012,"ROA_SQ":1.243886490184,"START_DATE":"2022-01-01 00:00:00","FISCAL_YEAR":"12-31","CURRENCY":"HKD","IS_CNY_CODE":0,"DPS_HKD_LY":0.647,"ORG_TYPE":"一般企业","PREMIUM_INCOME":null,"PREMIUM_INCOME_YOY":null,"NET_INTEREST_INCOME":null,"NET_INTEREST_INCOME_YOY":null,"FEE_COMMISSION_INCOME":null,"FEE_COMMISSION_INCOME_YOY":null,"ACCOUNTS_RECE_TDAYS":208.249209528507,"INVENTORY_TDAYS":0.295356852997,"CURRENT_ASSETS_TDAYS":0.264881521886,"TOTAL_ASSETS_TDAYS":0.219372585405,"PREMIUM_EXPENSE":null,"LOAN_DEPOSIT":null,"LOAN_EQUITY":null,"LOAN_ASSETS":null,"DEPOSIT_EQUITY":null,"DEPOSIT_ASSETS":null,"EQUITY_MULTIPLIER":4.084688994776,"EQUITY_RATIO":5.514680877813},{"SECUCODE":"00123.HK","SECURITY_CODE":"00123","SECURITY_NAME_ABBR":"越秀地产","ORG_CODE":"10007403","STD_REPORT_DATE":"2022-06-30 00:00:00","REPORT_DATE":"2022-06-30 00:00:00","DATE_TYPE_CODE":"002","REPORT_TYPE":"2022年中报","PER_NETCASH_OPERATE":-0.522888732961,"PER_OI":10.105966343711,"BPS":11.598257613368,"BASIC_EPS":0.5152,"DILUTED_EPS":0.5152,"OPERATE_INCOME":31292681000,"OPERATE_INCOME_YOY":29.1158271095,"GROSS_PROFIT":6645461000,"GROSS_PROFIT_YOY":2.453565699477,"HOLDER_PROFIT":1707123000,"HOLDER_PROFIT_YOY":-25.7907475946,"GROSS_PROFIT_RATIO":21.236470598349,"EPS_TTM":0.967439523065,"OPERATE_INCOME_QOQ":12.298170226837,"NET_PROFIT_RATIO":8.2551443898,"ROE_AVG":3.67425012118,"GROSS_PROFIT_QOQ":1.274956508991,"ROA":0.537842177272,"HOLDER_PROFIT_QOQ":-16.531254867399,"ROE_YEARLY":7.34850024236,"ROIC_YEARLY":1.31755432973,"TOTAL_ASSETS":320949551000,"TOTAL_LIABILITIES":244692622000,"TAX_EBT":49.276600490611,"OCF_SALES":-5.17405971064,"TOTAL_PARENT_EQUITY":46687544000,"DEBT_ASSET_RATIO":76.2402132166,"OPERATE_PROFIT":5225016000,"PRETAX_PROFIT":5092829000,"NETCASH_OPERATE":-1619102000,"NETCASH_INVEST":-6023252000,"NETCASH_FINANCE":919496000,"END_CASH":26067656000,"DIVI_RATIO":0.316936689777,"DIVIDEND_RATE":5.840554592721,"CURRENT_RATIO":1.487138153283,"COMMON_ACS":null,"CURRENTDEBT_DEBT":71.73737669949,"ISSUED_COMMON_SHARES":4025392913,"HK_COMMON_SHARES":4025392913,"PER_SHARES":1000,"TOTAL_MARKET_CAP":23226517108.01,"HKSK_MARKET_CAP":23226517108.01,"PE_TTM":7.350946859255,"PB_TTM":0.372487768843,"REPORT_DATE_SQ":"2021-06-30 00:00:00","REPORT_TYPE_SQ":"2021年中报","OPERATE_INCOME_SQ":24236131000,"DPS_HKD":0.337,"OPERATE_INCOME_QOQ_SQ":1.129567146302,"NET_PROFIT_RATIO_SQ":11.1423601399,"HOLDER_PROFIT_SQ":2300418000,"HOLDER_PROFIT_QOQ_SQ":7.196447152213,"ROE_AVG_SQ":5.120909472105,"PE_TTM_SQ":5.755130186327,"PB_TTM_SQ":0.460182217012,"ROA_SQ":0.820954214876,"START_DATE":"2022-01-01 00:00:00","FISCAL_YEAR":"12-31","CURRENCY":"HKD","IS_CNY_CODE":0,"DPS_HKD_LY":0.647,"ORG_TYPE":"一般企业","PREMIUM_INCOME":null,"PREMIUM_INCOME_YOY":null,"NET_INTEREST_INCOME":null,"NET_INTEREST_INCOME_YOY":null,"FEE_COMMISSION_INCOME":null,"FEE_COMMISSION_INCOME_YOY":null,"ACCOUNTS_RECE_TDAYS":126.601575000657,"INVENTORY_TDAYS":0.13610101323,"CURRENT_ASSETS_TDAYS":0.11947192968,"TOTAL_ASSETS_TDAYS":0.098589988429,"PREMIUM_EXPENSE":null,"LOAN_DEPOSIT":null,"LOAN_EQUITY":null,"LOAN_ASSETS":null,"DEPOSIT_EQUITY":null,"DEPOSIT_ASSETS":null,"EQUITY_MULTIPLIER":4.208791977454,"EQUITY_RATIO":5.241068624214},{"SECUCODE":"00123.HK","SECURITY_CODE":"00123","SECURITY_NAME_ABBR":"越秀地产","ORG_CODE":"10007403","STD_REPORT_DATE":"2021-12-31 00:00:00","REPORT_DATE":"2021-12-31 00:00:00","DATE_TYPE_CODE":"001","REPORT_TYPE":"2021年年报","PER_NETCASH_OPERATE":-1.510018830763,"PER_OI":18.530494018919,"BPS":11.486101108461,"BASIC_EPS":1.159,"DILUTED_EPS":1.159,"OPERATE_INCOME":57378861000,"OPERATE_INCOME_YOY":24.1046406735,"GROSS_PROFIT":12482465000,"GROSS_PROFIT_YOY":7.365994477248,"HOLDER_PROFIT":3588929000,"HOLDER_PROFIT_YOY":-15.5120696068,"GROSS_PROFIT_RATIO":21.754466335608,"EPS_TTM":1.159044048797,"OPERATE_INCOME_QOQ":22.718453342087,"NET_PROFIT_RATIO":9.1909091747,"ROE_AVG":7.976840079096,"GROSS_PROFIT_QOQ":8.828190211547,"ROA":1.243886490184,"HOLDER_PROFIT_QOQ":-21.184019958033,"ROE_YEARLY":7.976840079096,"ROIC_YEARLY":1.53566110102,"TOTAL_ASSETS":313854885000,"TOTAL_LIABILITIES":239488136000,"TAX_EBT":51.361128499063,"OCF_SALES":-8.148832023696,"TOTAL_PARENT_EQUITY":46236070000,"DEBT_ASSET_RATIO":76.3053715095,"OPERATE_PROFIT":10776959000,"PRETAX_PROFIT":10842437000,"NETCASH_OPERATE":-4675707000,"NETCASH_INVEST":-6519492000,"NETCASH_FINANCE":15793414000,"END_CASH":32766425000,"DIVI_RATIO":0.264543077822,"DIVIDEND_RATE":5.840554592721,"CURRENT_RATIO":1.439066949178,"COMMON_ACS":null,"CURRENTDEBT_DEBT":76.254629999709,"ISSUED_COMMON_SHARES":4025392913,"HK_COMMON_SHARES":4025392913,"PER_SHARES":1000,"TOTAL_MARKET_CAP":23226517108.01,"HKSK_MARKET_CAP":23226517108.01,"PE_TTM":7.350946859255,"PB_TTM":0.372487768843,"REPORT_DATE_SQ":"2020-12-31 00:00:00","REPORT_TYPE_SQ":"2020年年报","OPERATE_INCOME_SQ":46234259000,"DPS_HKD":0.337,"OPERATE_INCOME_QOQ_SQ":14.825305901281,"NET_PROFIT_RATIO_SQ":10.1286364295,"HOLDER_PROFIT_SQ":4247860000,"HOLDER_PROFIT_QOQ_SQ":17.736632654588,"ROE_AVG_SQ":10.057538569523,"PE_TTM_SQ":5.755130186327,"PB_TTM_SQ":0.460182217012,"ROA_SQ":1.706333619643,"START_DATE":"2021-01-01 00:00:00","FISCAL_YEAR":"12-31","CURRENCY":"HKD","IS_CNY_CODE":0,"DPS_HKD_LY":0.389,"ORG_TYPE":"一般企业","PREMIUM_INCOME":null,"PREMIUM_INCOME_YOY":null,"NET_INTEREST_INCOME":null,"NET_INTEREST_INCOME_YOY":null,"FEE_COMMISSION_INCOME":null,"FEE_COMMISSION_INCOME_YOY":null,"ACCOUNTS_RECE_TDAYS":398.987984229301,"INVENTORY_TDAYS":0.270976380349,"CURRENT_ASSETS_TDAYS":0.241884280369,"TOTAL_ASSETS_TDAYS":0.198869328482,"PREMIUM_EXPENSE":null,"LOAN_DEPOSIT":null,"LOAN_EQUITY":null,"LOAN_ASSETS":null,"DEPOSIT_EQUITY":null,"DEPOSIT_ASSETS":null,"EQUITY_MULTIPLIER":4.220365811606,"EQUITY_RATIO":5.179681923658},{"SECUCODE":"00123.HK","SECURITY_CODE":"00123","SECURITY_NAME_ABBR":"越秀地产","ORG_CODE":"10007403","STD_REPORT_DATE":"2021-06-30 00:00:00","REPORT_DATE":"2021-06-30 00:00:00","DATE_TYPE_CODE":"002","REPORT_TYPE":"2021年中报","PER_NETCASH_OPERATE":0.144974767084,"PER_OI":7.82705464539,"BPS":11.451419276645,"BASIC_EPS":0.7429,"DILUTED_EPS":0.7429,"OPERATE_INCOME":24236131000,"OPERATE_INCOME_YOY":2.2022836917,"GROSS_PROFIT":6486315000,"GROSS_PROFIT_YOY":-2.351607168423,"HOLDER_PROFIT":2300418000,"HOLDER_PROFIT_YOY":15.3251855019,"GROSS_PROFIT_RATIO":26.762996948647,"EPS_TTM":1.470569861823,"OPERATE_INCOME_QOQ":1.129567146302,"NET_PROFIT_RATIO":11.1423601399,"ROE_AVG":5.120909472105,"GROSS_PROFIT_QOQ":-1.343581779185,"ROA":0.820954214876,"HOLDER_PROFIT_QOQ":7.196447152213,"ROE_YEARLY":10.241818944209,"ROIC_YEARLY":2.004335282128,"TOTAL_ASSETS":297229407000,"TOTAL_LIABILITIES":227547780000,"TAX_EBT":53.450268587601,"OCF_SALES":1.85222633101,"TOTAL_PARENT_EQUITY":46096462000,"DEBT_ASSET_RATIO":76.5562809874,"OPERATE_PROFIT":5463919000,"PRETAX_PROFIT":5801273000,"NETCASH_OPERATE":448908000,"NETCASH_INVEST":-9731202000,"NETCASH_FINANCE":10098713000,"END_CASH":29009593000,"DIVI_RATIO":0.208502219418,"DIVIDEND_RATE":5.840554592721,"CURRENT_RATIO":1.520900439028,"COMMON_ACS":null,"CURRENTDEBT_DEBT":70.795873728146,"ISSUED_COMMON_SHARES":4025392913,"HK_COMMON_SHARES":4025392913,"PER_SHARES":1000,"TOTAL_MARKET_CAP":23226517108.01,"HKSK_MARKET_CAP":23226517108.01,"PE_TTM":7.350946859255,"PB_TTM":0.372487768843,"REPORT_DATE_SQ":"2020-06-30 00:00:00","REPORT_TYPE_SQ":"2020年中报","OPERATE_INCOME_SQ":23713884000,"DPS_HKD":0.337,"OPERATE_INCOME_QOQ_SQ":5.022956713238,"NET_PROFIT_RATIO_SQ":9.6872195209,"HOLDER_PROFIT_SQ":1994723000,"HOLDER_PROFIT_QOQ_SQ":3.57652731522,"ROE_AVG_SQ":4.833096192019,"PE_TTM_SQ":5.755130186327,"PB_TTM_SQ":0.460182217012,"ROA_SQ":0.8488494958,"START_DATE":"2021-01-01 00:00:00","FISCAL_YEAR":"12-31","CURRENCY":"HKD","IS_CNY_CODE":0,"DPS_HKD_LY":0.389,"ORG_TYPE":"一般企业","PREMIUM_INCOME":null,"PREMIUM_INCOME_YOY":null,"NET_INTEREST_INCOME":null,"NET_INTEREST_INCOME_YOY":null,"FEE_COMMISSION_INCOME":null,"FEE_COMMISSION_INCOME_YOY":null,"ACCOUNTS_RECE_TDAYS":170.960508448871,"INVENTORY_TDAYS":0.112557107986,"CURRENT_ASSETS_TDAYS":0.106150446062,"TOTAL_ASSETS_TDAYS":0.086491906674,"PREMIUM_EXPENSE":null,"LOAN_DEPOSIT":null,"LOAN_EQUITY":null,"LOAN_ASSETS":null,"DEPOSIT_EQUITY":null,"DEPOSIT_ASSETS":null,"EQUITY_MULTIPLIER":4.2655348303,"EQUITY_RATIO":4.936339365915},{"SECUCODE":"00123.HK","SECURITY_CODE":"00123","SECURITY_NAME_ABBR":"越秀地产","ORG_CODE":"10007403","STD_REPORT_DATE":"2020-12-31 00:00:00","REPORT_DATE":"2020-12-31 00:00:00","DATE_TYPE_CODE":"001","REPORT_TYPE":"2020年年报","PER_NETCASH_OPERATE":1.03061781266,"PER_OI":2.986269315115,"BPS":10.867922199276,"BASIC_EPS":1.3718,"DILUTED_EPS":1.3718,"OPERATE_INCOME":46234259000,"OPERATE_INCOME_YOY":20.5929313125,"GROSS_PROFIT":11626088000,"GROSS_PROFIT_YOY":-11.368872474373,"HOLDER_PROFIT":4247860000,"HOLDER_PROFIT_YOY":21.9475154815,"GROSS_PROFIT_RATIO":25.146045922354,"EPS_TTM":0.274369142001,"OPERATE_INCOME_QOQ":14.825305901281,"NET_PROFIT_RATIO":10.1286364295,"ROE_AVG":10.057538569523,"GROSS_PROFIT_QOQ":-12.012090261622,"ROA":1.706333619643,"HOLDER_PROFIT_QOQ":17.736632654588,"ROE_YEARLY":10.057538569523,"ROIC_YEARLY":2.069213543146,"TOTAL_ASSETS":263196000000,"TOTAL_LIABILITIES":198919885000,"TAX_EBT":54.090304916295,"OCF_SALES":34.511884358307,"TOTAL_PARENT_EQUITY":43747657000,"DEBT_ASSET_RATIO":75.5786125169,"OPERATE_PROFIT":9743681000,"PRETAX_PROFIT":10200242000,"NETCASH_OPERATE":15956314000,"NETCASH_INVEST":-9796937000,"NETCASH_FINANCE":-1963892000,"END_CASH":28213669000,"DIVI_RATIO":1.117534857467,"DIVIDEND_RATE":6.83569979716,"CURRENT_RATIO":1.608299143449,"COMMON_ACS":null,"CURRENTDEBT_DEBT":66.149977414274,"ISSUED_COMMON_SHARES":4025392913,"HK_COMMON_SHARES":4025392913,"PER_SHARES":1000,"TOTAL_MARKET_CAP":19845187061.09,"HKSK_MARKET_CAP":19845187061.09,"PE_TTM":6.280791683905,"PB_TTM":0.318260779965,"REPORT_DATE_SQ":"2019-12-31 00:00:00","REPORT_TYPE_SQ":"2019年年报","OPERATE_INCOME_SQ":38339112000,"DPS_HKD":0.337,"OPERATE_INCOME_QOQ_SQ":0.736708765637,"NET_PROFIT_RATIO_SQ":12.3385956357,"HOLDER_PROFIT_SQ":3483351000,"HOLDER_PROFIT_QOQ_SQ":6.061102455419,"ROE_AVG_SQ":9.344996634812,"PE_TTM_SQ":4.839350346459,"PB_TTM_SQ":0.386956141604,"ROA_SQ":1.726492068368,"START_DATE":"2020-01-01 00:00:00","FISCAL_YEAR":"12-31","CURRENCY":"HKD","IS_CNY_CODE":0,"DPS_HKD_LY":0.106,"ORG_TYPE":"一般企业","PREMIUM_INCOME":null,"PREMIUM_INCOME_YOY":null,"NET_INTEREST_INCOME":null,"NET_INTEREST_INCOME_YOY":null,"FEE_COMMISSION_INCOME":null,"FEE_COMMISSION_INCOME_YOY":null,"ACCOUNTS_RECE_TDAYS":401.781990562513,"INVENTORY_TDAYS":0.238791211575,"CURRENT_ASSETS_TDAYS":0.233105219822,"TOTAL_ASSETS_TDAYS":0.185719563524,"PREMIUM_EXPENSE":null,"LOAN_DEPOSIT":null,"LOAN_EQUITY":null,"LOAN_ASSETS":null,"DEPOSIT_EQUITY":null,"DEPOSIT_ASSETS":null,"EQUITY_MULTIPLIER":4.09477144037,"EQUITY_RATIO":4.546983739038},{"SECUCODE":"00123.HK","SECURITY_CODE":"00123","SECURITY_NAME_ABBR":"越秀地产","ORG_CODE":"10007403","STD_REPORT_DATE":"2020-06-30 00:00:00","REPORT_DATE":"2020-06-30 00:00:00","DATE_TYPE_CODE":"002","REPORT_TYPE":"2020年中报","PER_NETCASH_OPERATE":0.013266068963,"PER_OI":1.531679011691,"BPS":10.389247684354,"BASIC_EPS":0.6442,"DILUTED_EPS":0.6442,"OPERATE_INCOME":23713884000,"OPERATE_INCOME_YOY":8.8385614789,"GROSS_PROFIT":6642521000,"GROSS_PROFIT_YOY":1.46475384507,"HOLDER_PROFIT":1994723000,"HOLDER_PROFIT_YOY":6.6616937769,"GROSS_PROFIT_RATIO":28.011105224264,"EPS_TTM":0.233036342059,"OPERATE_INCOME_QOQ":5.022956713238,"NET_PROFIT_RATIO":9.6872195209,"ROE_AVG":4.833096192019,"GROSS_PROFIT_QOQ":0.731029739383,"ROA":0.8488494958,"HOLDER_PROFIT_QOQ":3.57652731522,"ROE_YEARLY":9.666192384037,"ROIC_YEARLY":2.028171379288,"TOTAL_ASSETS":235285471000,"TOTAL_LIABILITIES":177359624000,"TAX_EBT":57.515011677187,"OCF_SALES":0.866112864514,"TOTAL_PARENT_EQUITY":41820804000,"DEBT_ASSET_RATIO":75.3806103055,"OPERATE_PROFIT":5575995000,"PRETAX_PROFIT":5407124000,"NETCASH_OPERATE":205389000,"NETCASH_INVEST":-3303641000,"NETCASH_FINANCE":873679000,"END_CASH":21900546000,"DIVI_RATIO":1.315747909923,"DIVIDEND_RATE":5.840554592721,"CURRENT_RATIO":1.7371022168,"COMMON_ACS":null,"CURRENTDEBT_DEBT":60.668835202312,"ISSUED_COMMON_SHARES":4025392913,"HK_COMMON_SHARES":4025392913,"PER_SHARES":1000,"TOTAL_MARKET_CAP":23226517108.01,"HKSK_MARKET_CAP":23226517108.01,"PE_TTM":7.350946859255,"PB_TTM":0.372487768843,"REPORT_DATE_SQ":"2019-06-30 00:00:00","REPORT_TYPE_SQ":"2019年中报","OPERATE_INCOME_SQ":21788127000,"DPS_HKD":0.337,"OPERATE_INCOME_QOQ_SQ":43.979460262537,"NET_PROFIT_RATIO_SQ":12.6634014939,"HOLDER_PROFIT_SQ":1870140000,"HOLDER_PROFIT_QOQ_SQ":20.396827578875,"ROE_AVG_SQ":5.069424364416,"PE_TTM_SQ":5.755130186327,"PB_TTM_SQ":0.460182217012,"ROA_SQ":0.991869527518,"START_DATE":"2020-01-01 00:00:00","FISCAL_YEAR":"12-31","CURRENCY":"HKD","IS_CNY_CODE":0,"DPS_HKD_LY":0.106,"ORG_TYPE":"一般企业","PREMIUM_INCOME":null,"PREMIUM_INCOME_YOY":null,"NET_INTEREST_INCOME":null,"NET_INTEREST_INCOME_YOY":null,"FEE_COMMISSION_INCOME":null,"FEE_COMMISSION_INCOME_YOY":null,"ACCOUNTS_RECE_TDAYS":281.840086998378,"INVENTORY_TDAYS":0.124613676891,"CURRENT_ASSETS_TDAYS":0.127504838254,"TOTAL_ASSETS_TDAYS":0.100913853587,"PREMIUM_EXPENSE":null,"LOAN_DEPOSIT":null,"LOAN_EQUITY":null,"LOAN_ASSETS":null,"DEPOSIT_EQUITY":null,"DEPOSIT_ASSETS":null,"EQUITY_MULTIPLIER":4.061839113028,"EQUITY_RATIO":4.240942474468}],"count":49},"success":true,"message":"ok","code":0}