{"version":"239173745ffc4454cfd50b210969252a","result":{"pages":5,"data":[{"SECUCODE":"00125.HK","SECURITY_CODE":"00125","SECURITY_NAME_ABBR":"新兴光学","ORG_CODE":"10007405","STD_REPORT_DATE":"2024-06-30 00:00:00","REPORT_DATE":"2024-09-30 00:00:00","DATE_TYPE_CODE":"002","REPORT_TYPE":"2024年中报","PER_NETCASH_OPERATE":-0.22089503514,"PER_OI":1.402999880706,"BPS":2.269222217889,"BASIC_EPS":-0.03877697,"DILUTED_EPS":null,"OPERATE_INCOME":368677903.91,"OPERATE_INCOME_YOY":16.3740442805,"GROSS_PROFIT":47496377.51,"GROSS_PROFIT_YOY":1.464009428239,"HOLDER_PROFIT":-10197441.32,"HOLDER_PROFIT_YOY":-394.0148536479,"GROSS_PROFIT_RATIO":12.882892358419,"EPS_TTM":-0.097855462647,"OPERATE_INCOME_QOQ":0,"NET_PROFIT_RATIO":-2.7659485995,"ROE_AVG":-1.698359464059,"GROSS_PROFIT_QOQ":0,"ROA":-1.22769323303,"HOLDER_PROFIT_QOQ":0,"ROE_YEARLY":-3.396718928117,"ROIC_YEARLY":-3.300668642261,"TOTAL_ASSETS":844254896.21,"TOTAL_LIABILITIES":247952571.24,"TAX_EBT":28.453021195824,"OCF_SALES":-15.744479965952,"TOTAL_PARENT_EQUITY":596302324.97,"DEBT_ASSET_RATIO":29.369396891,"OPERATE_PROFIT":-13404206.56,"PRETAX_PROFIT":-14252790.95,"NETCASH_OPERATE":-58046418.72,"NETCASH_INVEST":-2395154.24,"NETCASH_FINANCE":-9661778.06,"END_CASH":177865452.44,"DIVI_RATIO":-0.138962604971,"DIVIDEND_RATE":3.947368421053,"CURRENT_RATIO":2.262029486418,"COMMON_ACS":500000000,"CURRENTDEBT_DEBT":94.283448988202,"ISSUED_COMMON_SHARES":262778286,"HK_COMMON_SHARES":262778286,"PER_SHARES":2000,"TOTAL_MARKET_CAP":99855748.68,"HKSK_MARKET_CAP":99855748.68,"PE_TTM":-2.671082513375,"PB_TTM":0.151012182632,"REPORT_DATE_SQ":"2023-06-30 00:00:00","REPORT_TYPE_SQ":"2023年中报","OPERATE_INCOME_SQ":322368924.78,"DPS_HKD":0.015,"OPERATE_INCOME_QOQ_SQ":0,"NET_PROFIT_RATIO_SQ":-0.6515687179,"HOLDER_PROFIT_SQ":-2100455.07,"HOLDER_PROFIT_QOQ_SQ":0,"ROE_AVG_SQ":-0.322113764277,"PE_TTM_SQ":-5.893751044352,"PB_TTM_SQ":0.266963980408,"ROA_SQ":-0.241855599845,"START_DATE":"2024-04-01 00:00:00","FISCAL_YEAR":"3-31","CURRENCY":"HKD","IS_CNY_CODE":0,"DPS_HKD_LY":0.015,"ORG_TYPE":"一般企业","PREMIUM_INCOME":null,"PREMIUM_INCOME_YOY":null,"NET_INTEREST_INCOME":null,"NET_INTEREST_INCOME_YOY":null,"FEE_COMMISSION_INCOME":null,"FEE_COMMISSION_INCOME_YOY":null,"ACCOUNTS_RECE_TDAYS":1.890250273947,"INVENTORY_TDAYS":2.902476590959,"CURRENT_ASSETS_TDAYS":0.711078064328,"TOTAL_ASSETS_TDAYS":0.443859742454,"PREMIUM_EXPENSE":null,"LOAN_DEPOSIT":null,"LOAN_EQUITY":null,"LOAN_ASSETS":null,"DEPOSIT_EQUITY":null,"DEPOSIT_ASSETS":null,"EQUITY_MULTIPLIER":1.415816878212,"EQUITY_RATIO":0.415816878213},{"SECUCODE":"00125.HK","SECURITY_CODE":"00125","SECURITY_NAME_ABBR":"新兴光学","ORG_CODE":"10007405","STD_REPORT_DATE":"2023-12-31 00:00:00","REPORT_DATE":"2024-03-31 00:00:00","DATE_TYPE_CODE":"001","REPORT_TYPE":"2023年年报","PER_NETCASH_OPERATE":-0.089058303128,"PER_OI":2.422989571711,"BPS":2.312773237474,"BASIC_EPS":-0.097816745,"DILUTED_EPS":null,"OPERATE_INCOME":636709046.65,"OPERATE_INCOME_YOY":-0.3647253424,"GROSS_PROFIT":67944109.4,"GROSS_PROFIT_YOY":-28.933329347383,"HOLDER_PROFIT":-25714290.75,"HOLDER_PROFIT_YOY":7.1765167877,"GROSS_PROFIT_RATIO":10.671139315121,"EPS_TTM":-0.105693838836,"OPERATE_INCOME_QOQ":0,"NET_PROFIT_RATIO":-4.0386250023,"ROE_AVG":-4.073195458814,"GROSS_PROFIT_QOQ":0,"ROA":-3.064632797783,"HOLDER_PROFIT_QOQ":0,"ROE_YEARLY":-4.073195458814,"ROIC_YEARLY":-4.546292363543,"TOTAL_ASSETS":821293505.25,"TOTAL_LIABILITIES":213546918,"TAX_EBT":27.293466280471,"OCF_SALES":-3.675554536743,"TOTAL_PARENT_EQUITY":607746587.25,"DEBT_ASSET_RATIO":26.0012914549,"OPERATE_PROFIT":-31789988.85,"PRETAX_PROFIT":-35367235.15,"NETCASH_OPERATE":-23402588.25,"NETCASH_INVEST":-4703181.4,"NETCASH_FINANCE":-18827230.4,"END_CASH":248874264.95,"DIVI_RATIO":-0.128656978967,"DIVIDEND_RATE":3.947368421053,"CURRENT_RATIO":2.545748208654,"COMMON_ACS":500000000,"CURRENTDEBT_DEBT":93.964170487349,"ISSUED_COMMON_SHARES":262778286,"HK_COMMON_SHARES":262778286,"PER_SHARES":2000,"TOTAL_MARKET_CAP":99855748.68,"HKSK_MARKET_CAP":99855748.68,"PE_TTM":-2.671082513375,"PB_TTM":0.151012182632,"REPORT_DATE_SQ":"2022-12-31 00:00:00","REPORT_TYPE_SQ":"2022年年报","OPERATE_INCOME_SQ":617088764.74,"DPS_HKD":0.015,"OPERATE_INCOME_QOQ_SQ":0,"NET_PROFIT_RATIO_SQ":-4.3349968932,"HOLDER_PROFIT_SQ":-26750778.78,"HOLDER_PROFIT_QOQ_SQ":0,"ROE_AVG_SQ":-4.063958336381,"PE_TTM_SQ":-5.893751044352,"PB_TTM_SQ":0.266963980408,"ROA_SQ":-3.078055883062,"START_DATE":"2023-04-01 00:00:00","FISCAL_YEAR":"3-31","CURRENCY":"HKD","IS_CNY_CODE":0,"DPS_HKD_LY":0.03,"ORG_TYPE":"一般企业","PREMIUM_INCOME":null,"PREMIUM_INCOME_YOY":null,"NET_INTEREST_INCOME":null,"NET_INTEREST_INCOME_YOY":null,"FEE_COMMISSION_INCOME":null,"FEE_COMMISSION_INCOME_YOY":null,"ACCOUNTS_RECE_TDAYS":3.755704331923,"INVENTORY_TDAYS":6.325375301199,"CURRENT_ASSETS_TDAYS":1.194571605702,"TOTAL_ASSETS_TDAYS":0.758830739677,"PREMIUM_EXPENSE":null,"LOAN_DEPOSIT":null,"LOAN_EQUITY":null,"LOAN_ASSETS":null,"DEPOSIT_EQUITY":null,"DEPOSIT_ASSETS":null,"EQUITY_MULTIPLIER":1.351374935673,"EQUITY_RATIO":0.351374935672},{"SECUCODE":"00125.HK","SECURITY_CODE":"00125","SECURITY_NAME_ABBR":"新兴光学","ORG_CODE":"10007405","STD_REPORT_DATE":"2023-06-30 00:00:00","REPORT_DATE":"2023-09-30 00:00:00","DATE_TYPE_CODE":"002","REPORT_TYPE":"2023年中报","PER_NETCASH_OPERATE":0.041411999201,"PER_OI":1.226771548316,"BPS":2.44046893144,"BASIC_EPS":-0.007983381,"DILUTED_EPS":null,"OPERATE_INCOME":322368924.78,"OPERATE_INCOME_YOY":-5.9320944679,"GROSS_PROFIT":46811059.19,"GROSS_PROFIT_YOY":-3.958148665712,"HOLDER_PROFIT":-2100455.07,"HOLDER_PROFIT_YOY":-92.1914357683,"GROSS_PROFIT_RATIO":14.520958936084,"EPS_TTM":-0.101799806929,"OPERATE_INCOME_QOQ":0,"NET_PROFIT_RATIO":-0.6515687179,"ROE_AVG":-0.322113764277,"GROSS_PROFIT_QOQ":0,"ROA":-0.241855599845,"HOLDER_PROFIT_QOQ":0,"ROE_YEARLY":-0.644227528554,"ROIC_YEARLY":-0.735821216982,"TOTAL_ASSETS":869638868.63,"TOTAL_LIABILITIES":228336625.79,"TAX_EBT":50.486696950033,"OCF_SALES":3.375689569777,"TOTAL_PARENT_EQUITY":641302242.84,"DEBT_ASSET_RATIO":26.2564880695,"OPERATE_PROFIT":-3186011.36,"PRETAX_PROFIT":-4242203.49,"NETCASH_OPERATE":10882174.17,"NETCASH_INVEST":-5325006.89,"NETCASH_FINANCE":-9277239.3,"END_CASH":293440639.03,"DIVI_RATIO":-0.133578347643,"DIVIDEND_RATE":3.947368421053,"CURRENT_RATIO":2.626432639878,"COMMON_ACS":500000000,"CURRENTDEBT_DEBT":92.569715431635,"ISSUED_COMMON_SHARES":262778286,"HK_COMMON_SHARES":262778286,"PER_SHARES":2000,"TOTAL_MARKET_CAP":99855748.68,"HKSK_MARKET_CAP":99855748.68,"PE_TTM":-2.671082513375,"PB_TTM":0.151012182632,"REPORT_DATE_SQ":"2022-06-30 00:00:00","REPORT_TYPE_SQ":"2022年中报","OPERATE_INCOME_SQ":337772162.4,"DPS_HKD":0.015,"OPERATE_INCOME_QOQ_SQ":0,"NET_PROFIT_RATIO_SQ":-0.3189096557,"HOLDER_PROFIT_SQ":-1077188.04,"HOLDER_PROFIT_QOQ_SQ":0,"ROE_AVG_SQ":-0.155983152248,"PE_TTM_SQ":-5.893751044352,"PB_TTM_SQ":0.266963980408,"ROA_SQ":-0.116987153514,"START_DATE":"2023-04-01 00:00:00","FISCAL_YEAR":"3-31","CURRENCY":"HKD","IS_CNY_CODE":0,"DPS_HKD_LY":0.03,"ORG_TYPE":"一般企业","PREMIUM_INCOME":null,"PREMIUM_INCOME_YOY":null,"NET_INTEREST_INCOME":null,"NET_INTEREST_INCOME_YOY":null,"FEE_COMMISSION_INCOME":null,"FEE_COMMISSION_INCOME_YOY":null,"ACCOUNTS_RECE_TDAYS":1.877527243187,"INVENTORY_TDAYS":3.090721957194,"CURRENT_ASSETS_TDAYS":0.577144767548,"TOTAL_ASSETS_TDAYS":0.371189704496,"PREMIUM_EXPENSE":null,"LOAN_DEPOSIT":null,"LOAN_EQUITY":null,"LOAN_ASSETS":null,"DEPOSIT_EQUITY":null,"DEPOSIT_ASSETS":null,"EQUITY_MULTIPLIER":1.356051500425,"EQUITY_RATIO":0.356051500426},{"SECUCODE":"00125.HK","SECURITY_CODE":"00125","SECURITY_NAME_ABBR":"新兴光学","ORG_CODE":"10007405","STD_REPORT_DATE":"2022-12-31 00:00:00","REPORT_DATE":"2023-03-31 00:00:00","DATE_TYPE_CODE":"001","REPORT_TYPE":"2022年年报","PER_NETCASH_OPERATE":0.111514063,"PER_OI":2.348324795527,"BPS":2.406473746046,"BASIC_EPS":-0.101810183,"DILUTED_EPS":null,"OPERATE_INCOME":617088764.74,"OPERATE_INCOME_YOY":-19.5983762594,"GROSS_PROFIT":95606152.33,"GROSS_PROFIT_YOY":-25.742014820005,"HOLDER_PROFIT":-26750778.78,"HOLDER_PROFIT_YOY":-436.1346386536,"GROSS_PROFIT_RATIO":15.493095611663,"EPS_TTM":0.00474364617,"OPERATE_INCOME_QOQ":0,"NET_PROFIT_RATIO":-4.3349968932,"ROE_AVG":-4.063958336381,"GROSS_PROFIT_QOQ":0,"ROA":-3.078055883062,"HOLDER_PROFIT_QOQ":0,"ROE_YEARLY":-4.063958336381,"ROIC_YEARLY":-4.585895497469,"TOTAL_ASSETS":827406017.24,"TOTAL_LIABILITIES":195036970.95,"TAX_EBT":11.049659428305,"OCF_SALES":4.74866437608,"TOTAL_PARENT_EQUITY":632369046.29,"DEBT_ASSET_RATIO":23.5720996568,"OPERATE_PROFIT":-28632034.87,"PRETAX_PROFIT":-30073835.14,"NETCASH_OPERATE":29303474.34,"NETCASH_INVEST":-2642862.79,"NETCASH_FINANCE":-19322049.52,"END_CASH":287799791.6,"DIVI_RATIO":2.866624008632,"DIVIDEND_RATE":3.947368421053,"CURRENT_RATIO":2.882770502452,"COMMON_ACS":500000000,"CURRENTDEBT_DEBT":95.35133194192,"ISSUED_COMMON_SHARES":262778286,"HK_COMMON_SHARES":262778286,"PER_SHARES":2000,"TOTAL_MARKET_CAP":99855748.68,"HKSK_MARKET_CAP":99855748.68,"PE_TTM":-2.671082513375,"PB_TTM":0.151012182632,"REPORT_DATE_SQ":"2021-12-31 00:00:00","REPORT_TYPE_SQ":"2021年年报","OPERATE_INCOME_SQ":711045718.41,"DPS_HKD":0.015,"OPERATE_INCOME_QOQ_SQ":0,"NET_PROFIT_RATIO_SQ":0.9871786537,"HOLDER_PROFIT_SQ":7372891.91,"HOLDER_PROFIT_QOQ_SQ":0,"ROE_AVG_SQ":1.171798467678,"PE_TTM_SQ":-5.893751044352,"PB_TTM_SQ":0.266963980408,"ROA_SQ":0.862538449423,"START_DATE":"2022-04-01 00:00:00","FISCAL_YEAR":"3-31","CURRENCY":"HKD","IS_CNY_CODE":0,"DPS_HKD_LY":0.03,"ORG_TYPE":"一般企业","PREMIUM_INCOME":null,"PREMIUM_INCOME_YOY":null,"NET_INTEREST_INCOME":null,"NET_INTEREST_INCOME_YOY":null,"FEE_COMMISSION_INCOME":null,"FEE_COMMISSION_INCOME_YOY":null,"ACCOUNTS_RECE_TDAYS":3.37137473217,"INVENTORY_TDAYS":6.170477675173,"CURRENT_ASSETS_TDAYS":1.112234175158,"TOTAL_ASSETS_TDAYS":0.710048002079,"PREMIUM_EXPENSE":null,"LOAN_DEPOSIT":null,"LOAN_EQUITY":null,"LOAN_ASSETS":null,"DEPOSIT_EQUITY":null,"DEPOSIT_ASSETS":null,"EQUITY_MULTIPLIER":1.308422703632,"EQUITY_RATIO":0.308422703632},{"SECUCODE":"00125.HK","SECURITY_CODE":"00125","SECURITY_NAME_ABBR":"新兴光学","ORG_CODE":"10007405","STD_REPORT_DATE":"2022-06-30 00:00:00","REPORT_DATE":"2022-09-30 00:00:00","DATE_TYPE_CODE":"002","REPORT_TYPE":"2022年中报","PER_NETCASH_OPERATE":0.01255926283,"PER_OI":1.285388406864,"BPS":2.566243914537,"BASIC_EPS":-0.00406998,"DILUTED_EPS":null,"OPERATE_INCOME":337772162.4,"OPERATE_INCOME_YOY":-20.4463152154,"GROSS_PROFIT":48740271.6,"GROSS_PROFIT_YOY":-28.922412214816,"HOLDER_PROFIT":-1077188.04,"HOLDER_PROFIT_YOY":-119.6502227355,"GROSS_PROFIT_RATIO":14.42992556097,"EPS_TTM":0.028057462518,"OPERATE_INCOME_QOQ":0,"NET_PROFIT_RATIO":-0.3189096557,"ROE_AVG":-0.155983152248,"GROSS_PROFIT_QOQ":0,"ROA":-0.116987153514,"HOLDER_PROFIT_QOQ":0,"ROE_YEARLY":-0.311966304496,"ROIC_YEARLY":-0.339250757154,"TOTAL_ASSETS":900592512.24,"TOTAL_LIABILITIES":226239334.92,"TAX_EBT":41.214215202369,"OCF_SALES":0.97707920527,"TOTAL_PARENT_EQUITY":674353177.32,"DEBT_ASSET_RATIO":25.1211654378,"OPERATE_PROFIT":-1091659.08,"PRETAX_PROFIT":-1832395.44,"NETCASH_OPERATE":3300301.56,"NETCASH_INVEST":-3064242.72,"NETCASH_FINANCE":-9596108.4,"END_CASH":278355881.04,"DIVI_RATIO":0.484657156407,"DIVIDEND_RATE":3.947368421053,"CURRENT_RATIO":2.667567830153,"COMMON_ACS":500000000,"CURRENTDEBT_DEBT":94.638266911327,"ISSUED_COMMON_SHARES":262778286,"HK_COMMON_SHARES":262778286,"PER_SHARES":2000,"TOTAL_MARKET_CAP":99855748.68,"HKSK_MARKET_CAP":99855748.68,"PE_TTM":-2.671082513375,"PB_TTM":0.151012182632,"REPORT_DATE_SQ":"2021-06-30 00:00:00","REPORT_TYPE_SQ":"2021年中报","OPERATE_INCOME_SQ":391075018.64,"DPS_HKD":0.015,"OPERATE_INCOME_QOQ_SQ":0,"NET_PROFIT_RATIO_SQ":1.1264389363,"HOLDER_PROFIT_SQ":5049176.66,"HOLDER_PROFIT_QOQ_SQ":0,"ROE_AVG_SQ":0.783890221742,"PE_TTM_SQ":-5.893751044352,"PB_TTM_SQ":0.266963980408,"ROA_SQ":0.564284277873,"START_DATE":"2022-04-01 00:00:00","FISCAL_YEAR":"3-31","CURRENCY":"HKD","IS_CNY_CODE":0,"DPS_HKD_LY":0.03,"ORG_TYPE":"一般企业","PREMIUM_INCOME":null,"PREMIUM_INCOME_YOY":null,"NET_INTEREST_INCOME":null,"NET_INTEREST_INCOME_YOY":null,"FEE_COMMISSION_INCOME":null,"FEE_COMMISSION_INCOME_YOY":null,"ACCOUNTS_RECE_TDAYS":1.650819751842,"INVENTORY_TDAYS":3.213131236961,"CURRENT_ASSETS_TDAYS":0.580515291649,"TOTAL_ASSETS_TDAYS":0.366834780448,"PREMIUM_EXPENSE":null,"LOAN_DEPOSIT":null,"LOAN_EQUITY":null,"LOAN_ASSETS":null,"DEPOSIT_EQUITY":null,"DEPOSIT_ASSETS":null,"EQUITY_MULTIPLIER":1.335490871148,"EQUITY_RATIO":0.335490871147},{"SECUCODE":"00125.HK","SECURITY_CODE":"00125","SECURITY_NAME_ABBR":"新兴光学","ORG_CODE":"10007405","STD_REPORT_DATE":"2021-12-31 00:00:00","REPORT_DATE":"2022-03-31 00:00:00","DATE_TYPE_CODE":"001","REPORT_TYPE":"2021年年报","PER_NETCASH_OPERATE":0.139395374776,"PER_OI":2.705876993238,"BPS":2.411889351657,"BASIC_EPS":0.028060946,"DILUTED_EPS":null,"OPERATE_INCOME":711045718.41,"OPERATE_INCOME_YOY":24.950439736,"GROSS_PROFIT":128748648.51,"GROSS_PROFIT_YOY":16.8438364655,"HOLDER_PROFIT":7372891.91,"HOLDER_PROFIT_YOY":-5.3809325562,"GROSS_PROFIT_RATIO":18.106943783854,"EPS_TTM":0.090465243464,"OPERATE_INCOME_QOQ":0,"NET_PROFIT_RATIO":0.9871786537,"ROE_AVG":1.171798467678,"GROSS_PROFIT_QOQ":0,"ROA":0.862538449423,"HOLDER_PROFIT_QOQ":0,"ROE_YEARLY":1.171798467678,"ROIC_YEARLY":1.239868362013,"TOTAL_ASSETS":843754528.75,"TOTAL_LIABILITIES":209962378.9,"TAX_EBT":6.442546751703,"OCF_SALES":5.151578402288,"TOTAL_PARENT_EQUITY":633792149.85,"DEBT_ASSET_RATIO":24.8842965277,"OPERATE_PROFIT":8953550.4,"PRETAX_PROFIT":7502653.51,"NETCASH_OPERATE":36630077.66,"NETCASH_INVEST":-13588472.55,"NETCASH_FINANCE":-18782991.6,"END_CASH":262835364.84,"DIVI_RATIO":0.150314634431,"DIVIDEND_RATE":3.947368421053,"CURRENT_RATIO":2.703594729436,"COMMON_ACS":500000000,"CURRENTDEBT_DEBT":93.602302136042,"ISSUED_COMMON_SHARES":262778286,"HK_COMMON_SHARES":262778286,"PER_SHARES":2000,"TOTAL_MARKET_CAP":99855748.68,"HKSK_MARKET_CAP":99855748.68,"PE_TTM":-2.671082513375,"PB_TTM":0.151012182632,"REPORT_DATE_SQ":"2020-12-31 00:00:00","REPORT_TYPE_SQ":"2020年年报","OPERATE_INCOME_SQ":593038295.78,"DPS_HKD":0.015,"OPERATE_INCOME_QOQ_SQ":0,"NET_PROFIT_RATIO_SQ":1.3550510139,"HOLDER_PROFIT_SQ":8120489.44,"HOLDER_PROFIT_QOQ_SQ":0,"ROE_AVG_SQ":1.259873907707,"PE_TTM_SQ":-5.893751044352,"PB_TTM_SQ":0.266963980408,"ROA_SQ":0.914903848443,"START_DATE":"2021-04-01 00:00:00","FISCAL_YEAR":"3-31","CURRENCY":"HKD","IS_CNY_CODE":0,"DPS_HKD_LY":0.03,"ORG_TYPE":"一般企业","PREMIUM_INCOME":null,"PREMIUM_INCOME_YOY":null,"NET_INTEREST_INCOME":null,"NET_INTEREST_INCOME_YOY":null,"FEE_COMMISSION_INCOME":null,"FEE_COMMISSION_INCOME_YOY":null,"ACCOUNTS_RECE_TDAYS":3.723310691012,"INVENTORY_TDAYS":6.603633888702,"CURRENT_ASSETS_TDAYS":1.312680088306,"TOTAL_ASSETS_TDAYS":0.831836786586,"PREMIUM_EXPENSE":null,"LOAN_DEPOSIT":null,"LOAN_EQUITY":null,"LOAN_ASSETS":null,"DEPOSIT_EQUITY":null,"DEPOSIT_ASSETS":null,"EQUITY_MULTIPLIER":1.331279551111,"EQUITY_RATIO":0.331279551111},{"SECUCODE":"00125.HK","SECURITY_CODE":"00125","SECURITY_NAME_ABBR":"新兴光学","ORG_CODE":"10007405","STD_REPORT_DATE":"2021-06-30 00:00:00","REPORT_DATE":"2021-09-30 00:00:00","DATE_TYPE_CODE":"002","REPORT_TYPE":"2021年中报","PER_NETCASH_OPERATE":0.018485442363,"PER_OI":1.488231864942,"BPS":2.460846378989,"BASIC_EPS":0.019243686,"DILUTED_EPS":null,"OPERATE_INCOME":391075018.64,"OPERATE_INCOME_YOY":61.2987905443,"GROSS_PROFIT":68573333.9,"GROSS_PROFIT_YOY":102.795542024381,"HOLDER_PROFIT":5049176.66,"HOLDER_PROFIT_YOY":150.2320570197,"GROSS_PROFIT_RATIO":17.534572813797,"EPS_TTM":0.030902437045,"OPERATE_INCOME_QOQ":0,"NET_PROFIT_RATIO":1.1264389363,"ROE_AVG":0.783890221742,"GROSS_PROFIT_QOQ":0,"ROA":0.564284277873,"HOLDER_PROFIT_QOQ":0,"ROE_YEARLY":1.567780443485,"ROIC_YEARLY":1.585364737209,"TOTAL_ASSETS":900220464.14,"TOTAL_LIABILITIES":253810889.38,"TAX_EBT":-3.523884103367,"OCF_SALES":1.242107684836,"TOTAL_PARENT_EQUITY":646656993.58,"DEBT_ASSET_RATIO":28.1943034502,"OPERATE_PROFIT":5015854.26,"PRETAX_PROFIT":4255270.48,"NETCASH_OPERATE":4857572.86,"NETCASH_INVEST":-8822105.4,"NETCASH_FINANCE":-9239468.46,"END_CASH":251444998.98,"DIVI_RATIO":0.440038110264,"DIVIDEND_RATE":3.947368421053,"CURRENT_RATIO":2.424434042224,"COMMON_ACS":500000000,"CURRENTDEBT_DEBT":93.326615748688,"ISSUED_COMMON_SHARES":262778286,"HK_COMMON_SHARES":262778286,"PER_SHARES":2000,"TOTAL_MARKET_CAP":99855748.68,"HKSK_MARKET_CAP":99855748.68,"PE_TTM":-2.671082513375,"PB_TTM":0.151012182632,"REPORT_DATE_SQ":"2020-06-30 00:00:00","REPORT_TYPE_SQ":"2020年中报","OPERATE_INCOME_SQ":255742668.8,"DPS_HKD":0.015,"OPERATE_INCOME_QOQ_SQ":0,"NET_PROFIT_RATIO_SQ":-4.125893348,"HOLDER_PROFIT_SQ":-10602635.52,"HOLDER_PROFIT_QOQ_SQ":0,"ROE_AVG_SQ":-1.607527909581,"PE_TTM_SQ":-5.893751044352,"PB_TTM_SQ":0.266963980408,"ROA_SQ":-1.184781071782,"START_DATE":"2021-04-01 00:00:00","FISCAL_YEAR":"3-31","CURRENCY":"HKD","IS_CNY_CODE":0,"DPS_HKD_LY":0.03,"ORG_TYPE":"一般企业","PREMIUM_INCOME":null,"PREMIUM_INCOME_YOY":null,"NET_INTEREST_INCOME":null,"NET_INTEREST_INCOME_YOY":null,"FEE_COMMISSION_INCOME":null,"FEE_COMMISSION_INCOME_YOY":null,"ACCOUNTS_RECE_TDAYS":1.837415334757,"INVENTORY_TDAYS":3.339521322251,"CURRENT_ASSETS_TDAYS":0.685312204611,"TOTAL_ASSETS_TDAYS":0.437056374429,"PREMIUM_EXPENSE":null,"LOAN_DEPOSIT":null,"LOAN_EQUITY":null,"LOAN_ASSETS":null,"DEPOSIT_EQUITY":null,"DEPOSIT_ASSETS":null,"EQUITY_MULTIPLIER":1.392647168747,"EQUITY_RATIO":0.39249693717},{"SECUCODE":"00125.HK","SECURITY_CODE":"00125","SECURITY_NAME_ABBR":"新兴光学","ORG_CODE":"10007405","STD_REPORT_DATE":"2020-12-31 00:00:00","REPORT_DATE":"2021-03-31 00:00:00","DATE_TYPE_CODE":"001","REPORT_TYPE":"2020年年报","PER_NETCASH_OPERATE":0.141588997045,"PER_OI":2.256800989181,"BPS":2.477041963277,"BASIC_EPS":0.030933588,"DILUTED_EPS":null,"OPERATE_INCOME":593038295.78,"OPERATE_INCOME_YOY":-23.1287255406,"GROSS_PROFIT":110188652.14,"GROSS_PROFIT_YOY":-24.870671730534,"HOLDER_PROFIT":8120489.44,"HOLDER_PROFIT_YOY":105.7909868425,"GROSS_PROFIT_RATIO":18.580360311314,"EPS_TTM":-0.587747473549,"OPERATE_INCOME_QOQ":0,"NET_PROFIT_RATIO":1.3550510139,"ROE_AVG":1.259873907707,"GROSS_PROFIT_QOQ":0,"ROA":0.914903848443,"HOLDER_PROFIT_QOQ":0,"ROE_YEARLY":1.259873907707,"ROIC_YEARLY":1.303951891667,"TOTAL_ASSETS":902304871.02,"TOTAL_LIABILITIES":251009163.02,"TAX_EBT":-256.772983114447,"OCF_SALES":6.27388049385,"TOTAL_PARENT_EQUITY":650912841.46,"DEBT_ASSET_RATIO":27.8186642987,"OPERATE_PROFIT":3855711.16,"PRETAX_PROFIT":2252404.7,"NETCASH_OPERATE":37206513.96,"NETCASH_INVEST":-19445901.44,"NETCASH_FINANCE":-12273703.96,"END_CASH":267906001.58,"DIVI_RATIO":-0.023136211744,"DIVIDEND_RATE":3.947368421053,"CURRENT_RATIO":2.463968056878,"COMMON_ACS":500000000,"CURRENTDEBT_DEBT":93.013882669055,"ISSUED_COMMON_SHARES":262778286,"HK_COMMON_SHARES":262778286,"PER_SHARES":2000,"TOTAL_MARKET_CAP":99855748.68,"HKSK_MARKET_CAP":99855748.68,"PE_TTM":-2.671082513375,"PB_TTM":0.151012182632,"REPORT_DATE_SQ":"2019-12-31 00:00:00","REPORT_TYPE_SQ":"2019年年报","OPERATE_INCOME_SQ":834013481.9,"DPS_HKD":0.015,"OPERATE_INCOME_QOQ_SQ":0,"NET_PROFIT_RATIO_SQ":-18.1662315524,"HOLDER_PROFIT_SQ":-151594708.1,"HOLDER_PROFIT_QOQ_SQ":0,"ROE_AVG_SQ":-19.422043404105,"PE_TTM_SQ":-5.893751044352,"PB_TTM_SQ":0.266963980408,"ROA_SQ":-14.773850463661,"START_DATE":"2020-04-01 00:00:00","FISCAL_YEAR":"3-31","CURRENCY":"HKD","IS_CNY_CODE":0,"DPS_HKD_LY":null,"ORG_TYPE":"一般企业","PREMIUM_INCOME":null,"PREMIUM_INCOME_YOY":null,"NET_INTEREST_INCOME":null,"NET_INTEREST_INCOME_YOY":null,"FEE_COMMISSION_INCOME":null,"FEE_COMMISSION_INCOME_YOY":null,"ACCOUNTS_RECE_TDAYS":3.031454203363,"INVENTORY_TDAYS":4.713835440114,"CURRENT_ASSETS_TDAYS":1.049309254701,"TOTAL_ASSETS_TDAYS":0.668153099751,"PREMIUM_EXPENSE":null,"LOAN_DEPOSIT":null,"LOAN_EQUITY":null,"LOAN_ASSETS":null,"DEPOSIT_EQUITY":null,"DEPOSIT_ASSETS":null,"EQUITY_MULTIPLIER":1.385399688554,"EQUITY_RATIO":0.385626380418},{"SECUCODE":"00125.HK","SECURITY_CODE":"00125","SECURITY_NAME_ABBR":"新兴光学","ORG_CODE":"10007405","STD_REPORT_DATE":"2020-06-30 00:00:00","REPORT_DATE":"2020-09-30 00:00:00","DATE_TYPE_CODE":"002","REPORT_TYPE":"2020年中报","PER_NETCASH_OPERATE":0.18869964621,"PER_OI":0.973226032839,"BPS":2.494935024578,"BASIC_EPS":-0.040333248,"DILUTED_EPS":null,"OPERATE_INCOME":255742668.8,"OPERATE_INCOME_YOY":-40.8123256136,"GROSS_PROFIT":33814024.32,"GROSS_PROFIT_YOY":-59.375124638783,"HOLDER_PROFIT":-10602635.52,"HOLDER_PROFIT_YOY":-40.4329608939,"GROSS_PROFIT_RATIO":13.221893897746,"EPS_TTM":-0.576892065199,"OPERATE_INCOME_QOQ":0,"NET_PROFIT_RATIO":-4.125893348,"ROE_AVG":-1.607527909581,"GROSS_PROFIT_QOQ":0,"ROA":-1.184781071782,"HOLDER_PROFIT_QOQ":0,"ROE_YEARLY":-3.215055819162,"ROIC_YEARLY":-3.49743692309,"TOTAL_ASSETS":882314843.52,"TOTAL_LIABILITIES":226225585.28,"TAX_EBT":10.13321359078,"OCF_SALES":19.389087410665,"TOTAL_PARENT_EQUITY":655614749.44,"DEBT_ASSET_RATIO":25.6400067325,"OPERATE_PROFIT":-10817921.92,"PRETAX_PROFIT":-11741456.64,"NETCASH_OPERATE":49586169.6,"NETCASH_INVEST":-10415468.16,"NETCASH_FINANCE":-6363690.24,"END_CASH":304993167.36,"DIVI_RATIO":-0.023571567058,"DIVIDEND_RATE":3.947368421053,"CURRENT_RATIO":2.642534355513,"COMMON_ACS":500000000,"CURRENTDEBT_DEBT":92.314205920396,"ISSUED_COMMON_SHARES":262778286,"HK_COMMON_SHARES":262778286,"PER_SHARES":2000,"TOTAL_MARKET_CAP":99855748.68,"HKSK_MARKET_CAP":99855748.68,"PE_TTM":-2.671082513375,"PB_TTM":0.151012182632,"REPORT_DATE_SQ":"2019-06-30 00:00:00","REPORT_TYPE_SQ":"2019年中报","OPERATE_INCOME_SQ":443539965.24,"DPS_HKD":0.015,"OPERATE_INCOME_QOQ_SQ":0,"NET_PROFIT_RATIO_SQ":-1.7072585434,"HOLDER_PROFIT_SQ":-7750069.92,"HOLDER_PROFIT_QOQ_SQ":0,"ROE_AVG_SQ":-0.919344923942,"PE_TTM_SQ":-5.893751044352,"PB_TTM_SQ":0.266963980408,"ROA_SQ":-0.70845553889,"START_DATE":"2020-04-01 00:00:00","FISCAL_YEAR":"3-31","CURRENCY":"HKD","IS_CNY_CODE":0,"DPS_HKD_LY":null,"ORG_TYPE":"一般企业","PREMIUM_INCOME":null,"PREMIUM_INCOME_YOY":null,"NET_INTEREST_INCOME":null,"NET_INTEREST_INCOME_YOY":null,"FEE_COMMISSION_INCOME":null,"FEE_COMMISSION_INCOME_YOY":null,"ACCOUNTS_RECE_TDAYS":1.516208436983,"INVENTORY_TDAYS":2.119592629737,"CURRENT_ASSETS_TDAYS":0.453059169023,"TOTAL_ASSETS_TDAYS":0.285777128403,"PREMIUM_EXPENSE":null,"LOAN_DEPOSIT":null,"LOAN_EQUITY":null,"LOAN_ASSETS":null,"DEPOSIT_EQUITY":null,"DEPOSIT_ASSETS":null,"EQUITY_MULTIPLIER":1.344809158875,"EQUITY_RATIO":0.345058718513}],"count":44},"success":true,"message":"ok","code":0}