{"version":"232a26298202a210ac0cc28b1bc35278","result":{"pages":6,"data":[{"SECUCODE":"00124.HK","SECURITY_CODE":"00124","SECURITY_NAME_ABBR":"粤海置地","ORG_CODE":"10007404","STD_REPORT_DATE":"2024-06-30 00:00:00","REPORT_DATE":"2024-06-30 00:00:00","DATE_TYPE_CODE":"002","REPORT_TYPE":"2024年中报","PER_NETCASH_OPERATE":0.688839664165,"PER_OI":1.495144021188,"BPS":2.550103130412,"BASIC_EPS":-0.115727824,"DILUTED_EPS":-0.115727824,"OPERATE_INCOME":2558994088.32,"OPERATE_INCOME_YOY":187.9863927132,"GROSS_PROFIT":105797865.6,"GROSS_PROFIT_YOY":-48.762852071154,"HOLDER_PROFIT":-198079853.08,"HOLDER_PROFIT_YOY":-8.3594623742,"GROSS_PROFIT_RATIO":4.134353654152,"EPS_TTM":-1.30235275168,"OPERATE_INCOME_QOQ":47.281059394219,"NET_PROFIT_RATIO":-7.6945985197,"ROE_AVG":-4.419614870307,"GROSS_PROFIT_QOQ":-29.920487488405,"ROA":-0.453026694073,"HOLDER_PROFIT_QOQ":-0.605627552784,"ROE_YEARLY":-8.839229740615,"ROIC_YEARLY":-1.02493303527,"TOTAL_ASSETS":42787073625.28,"TOTAL_LIABILITIES":37161363390,"TAX_EBT":23.551506518265,"OCF_SALES":46.071793379328,"TOTAL_PARENT_EQUITY":4364595479,"DEBT_ASSET_RATIO":86.8518462269,"OPERATE_PROFIT":-95298394.88,"PRETAX_PROFIT":-257564684.76,"NETCASH_OPERATE":1178974468.96,"NETCASH_INVEST":-2910536.52,"NETCASH_FINANCE":-991486267.28,"END_CASH":3885486851.04,"DIVI_RATIO":null,"DIVIDEND_RATE":null,"CURRENT_RATIO":1.370429240945,"COMMON_ACS":5000000000,"CURRENTDEBT_DEBT":65.643277029724,"ISSUED_COMMON_SHARES":1711536850,"HK_COMMON_SHARES":1711536850,"PER_SHARES":2000,"TOTAL_MARKET_CAP":321768927.8,"HKSK_MARKET_CAP":321768927.8,"PE_TTM":-0.1307137129,"PB_TTM":0.067285059162,"REPORT_DATE_SQ":"2023-06-30 00:00:00","REPORT_TYPE_SQ":"2023年中报","OPERATE_INCOME_SQ":897636040.08,"DPS_HKD":null,"OPERATE_INCOME_QOQ_SQ":38.722664344651,"NET_PROFIT_RATIO_SQ":-17.586041849,"HOLDER_PROFIT_SQ":-184661530.24,"HOLDER_PROFIT_QOQ_SQ":-110.624952534721,"ROE_AVG_SQ":-2.67630175206,"PE_TTM_SQ":-16.013630707335,"PB_TTM_SQ":0.101308334385,"ROA_SQ":-0.388897924236,"START_DATE":"2024-01-01 00:00:00","FISCAL_YEAR":"12-31","CURRENCY":"HKD","IS_CNY_CODE":0,"DPS_HKD_LY":null,"ORG_TYPE":"一般企业","PREMIUM_INCOME":null,"PREMIUM_INCOME_YOY":null,"NET_INTEREST_INCOME":null,"NET_INTEREST_INCOME_YOY":null,"FEE_COMMISSION_INCOME":null,"FEE_COMMISSION_INCOME_YOY":null,"ACCOUNTS_RECE_TDAYS":null,"INVENTORY_TDAYS":0.086437194945,"CURRENT_ASSETS_TDAYS":0.074509965244,"TOTAL_ASSETS_TDAYS":0.058526529274,"PREMIUM_EXPENSE":null,"LOAN_DEPOSIT":null,"LOAN_EQUITY":null,"LOAN_ASSETS":null,"DEPOSIT_EQUITY":null,"DEPOSIT_ASSETS":null,"EQUITY_MULTIPLIER":7.605630549027,"EQUITY_RATIO":8.514274362607},{"SECUCODE":"00124.HK","SECURITY_CODE":"00124","SECURITY_NAME_ABBR":"粤海置地","ORG_CODE":"10007404","STD_REPORT_DATE":"2023-12-31 00:00:00","REPORT_DATE":"2023-12-31 00:00:00","DATE_TYPE_CODE":"001","REPORT_TYPE":"2023年年报","PER_NETCASH_OPERATE":1.909751213022,"PER_OI":2.053003958121,"BPS":2.668082973124,"BASIC_EPS":-1.29453527,"DILUTED_EPS":-1.29453527,"OPERATE_INCOME":3513791927.52,"OPERATE_INCOME_YOY":181.4430812134,"GROSS_PROFIT":336521172.12,"GROSS_PROFIT_YOY":-31.448260311058,"HOLDER_PROFIT":-2215606403.36,"HOLDER_PROFIT_YOY":-722.6031862446,"GROSS_PROFIT_RATIO":9.577151381229,"EPS_TTM":-1.294512825336,"OPERATE_INCOME_QOQ":105.823068886738,"NET_PROFIT_RATIO":-68.3194684295,"ROE_AVG":-38.12240206148,"GROSS_PROFIT_QOQ":-19.576714854339,"ROA":-4.997047059552,"HOLDER_PROFIT_QOQ":-5844.77243208585,"ROE_YEARLY":-38.12240206148,"ROIC_YEARLY":-5.501070834178,"TOTAL_ASSETS":44344139382.48,"TOTAL_LIABILITIES":38517683077.16,"TAX_EBT":-6.289592324446,"OCF_SALES":93.022285976021,"TOTAL_PARENT_EQUITY":4566522327.36,"DEBT_ASSET_RATIO":86.860819972,"OPERATE_PROFIT":-2047695618.22,"PRETAX_PROFIT":-2258550356.72,"NETCASH_OPERATE":3268609575.42,"NETCASH_INVEST":-443306512.04,"NETCASH_FINANCE":-1468358234.42,"END_CASH":3700916389.1,"DIVI_RATIO":null,"DIVIDEND_RATE":null,"CURRENT_RATIO":1.273508912877,"COMMON_ACS":5000000000,"CURRENTDEBT_DEBT":71.370131780125,"ISSUED_COMMON_SHARES":1711536850,"HK_COMMON_SHARES":1711536850,"PER_SHARES":2000,"TOTAL_MARKET_CAP":607595581.75,"HKSK_MARKET_CAP":607595581.75,"PE_TTM":-0.246826425955,"PB_TTM":0.127054234057,"REPORT_DATE_SQ":"2022-12-31 00:00:00","REPORT_TYPE_SQ":"2022年年报","OPERATE_INCOME_SQ":1230650039.57,"DPS_HKD":null,"OPERATE_INCOME_QOQ_SQ":-64.138117580304,"NET_PROFIT_RATIO_SQ":29.3951256123,"HOLDER_PROFIT_SQ":350776409.76,"HOLDER_PROFIT_QOQ_SQ":-67.29313145403,"ROE_AVG_SQ":4.826230423719,"PE_TTM_SQ":-21.853896024128,"PB_TTM_SQ":0.138256079866,"ROA_SQ":0.824729233717,"START_DATE":"2023-01-01 00:00:00","FISCAL_YEAR":"12-31","CURRENCY":"HKD","IS_CNY_CODE":0,"DPS_HKD_LY":0.11,"ORG_TYPE":"一般企业","PREMIUM_INCOME":null,"PREMIUM_INCOME_YOY":null,"NET_INTEREST_INCOME":null,"NET_INTEREST_INCOME_YOY":null,"FEE_COMMISSION_INCOME":null,"FEE_COMMISSION_INCOME_YOY":null,"ACCOUNTS_RECE_TDAYS":null,"INVENTORY_TDAYS":0.104522306079,"CURRENT_ASSETS_TDAYS":0.099429043115,"TOTAL_ASSETS_TDAYS":0.079249561622,"PREMIUM_EXPENSE":null,"LOAN_DEPOSIT":null,"LOAN_EQUITY":null,"LOAN_ASSETS":null,"DEPOSIT_EQUITY":null,"DEPOSIT_ASSETS":null,"EQUITY_MULTIPLIER":7.610825012436,"EQUITY_RATIO":8.434795740817},{"SECUCODE":"00124.HK","SECURITY_CODE":"00124","SECURITY_NAME_ABBR":"粤海置地","ORG_CODE":"10007404","STD_REPORT_DATE":"2023-06-30 00:00:00","REPORT_DATE":"2023-06-30 00:00:00","DATE_TYPE_CODE":"002","REPORT_TYPE":"2023年中报","PER_NETCASH_OPERATE":1.114004744847,"PER_OI":0.524462000383,"BPS":3.867811097471,"BASIC_EPS":-0.10787166,"DILUTED_EPS":-0.10787166,"OPERATE_INCOME":897636040.08,"OPERATE_INCOME_YOY":97.7246141348,"GROSS_PROFIT":206486640.8,"GROSS_PROFIT_YOY":-25.977225432944,"HOLDER_PROFIT":-184661530.24,"HOLDER_PROFIT_YOY":-184.2168998924,"GROSS_PROFIT_RATIO":23.003381279299,"EPS_TTM":-0.021775649785,"OPERATE_INCOME_QOQ":38.722664344651,"NET_PROFIT_RATIO":-17.586041849,"ROE_AVG":-2.67630175206,"GROSS_PROFIT_QOQ":-14.761328681386,"ROA":-0.388897924236,"HOLDER_PROFIT_QOQ":-110.624952534721,"ROE_YEARLY":-5.352603504121,"ROIC_YEARLY":-0.879481227796,"TOTAL_ASSETS":49863109661.26,"TOTAL_LIABILITIES":41741149048.44,"TAX_EBT":-143.364982801262,"OCF_SALES":212.409048517044,"TOTAL_PARENT_EQUITY":6619901222.16,"DEBT_ASSET_RATIO":83.7114839648,"OPERATE_PROFIT":33633830.4,"PRETAX_PROFIT":-64864980.92,"NETCASH_OPERATE":1906660171.88,"NETCASH_INVEST":-331469327.62,"NETCASH_FINANCE":2445075286.34,"END_CASH":6258971867.6,"DIVI_RATIO":null,"DIVIDEND_RATE":null,"CURRENT_RATIO":1.595207536982,"COMMON_ACS":5000000000,"CURRENTDEBT_DEBT":61.064292573883,"ISSUED_COMMON_SHARES":1711536850,"HK_COMMON_SHARES":1711536850,"PER_SHARES":2000,"TOTAL_MARKET_CAP":607595581.75,"HKSK_MARKET_CAP":607595581.75,"PE_TTM":-0.246826425955,"PB_TTM":0.127054234057,"REPORT_DATE_SQ":"2022-06-30 00:00:00","REPORT_TYPE_SQ":"2022年中报","OPERATE_INCOME_SQ":421095556,"DPS_HKD":null,"OPERATE_INCOME_QOQ_SQ":-30.120959612904,"NET_PROFIT_RATIO_SQ":47.1450040617,"HOLDER_PROFIT_SQ":203384706.56,"HOLDER_PROFIT_QOQ_SQ":-6.453963472844,"ROE_AVG_SQ":2.8641055821,"PE_TTM_SQ":-21.853896024128,"PB_TTM_SQ":0.138256079866,"ROA_SQ":0.50317413076,"START_DATE":"2023-01-01 00:00:00","FISCAL_YEAR":"12-31","CURRENCY":"HKD","IS_CNY_CODE":0,"DPS_HKD_LY":0.11,"ORG_TYPE":"一般企业","PREMIUM_INCOME":null,"PREMIUM_INCOME_YOY":null,"NET_INTEREST_INCOME":null,"NET_INTEREST_INCOME_YOY":null,"FEE_COMMISSION_INCOME":null,"FEE_COMMISSION_INCOME_YOY":null,"ACCOUNTS_RECE_TDAYS":null,"INVENTORY_TDAYS":0.021466885004,"CURRENT_ASSETS_TDAYS":0.023330080224,"TOTAL_ASSETS_TDAYS":0.018904251051,"PREMIUM_EXPENSE":null,"LOAN_DEPOSIT":null,"LOAN_EQUITY":null,"LOAN_ASSETS":null,"DEPOSIT_EQUITY":null,"DEPOSIT_ASSETS":null,"EQUITY_MULTIPLIER":6.139294689823,"EQUITY_RATIO":6.305403607642},{"SECUCODE":"00124.HK","SECURITY_CODE":"00124","SECURITY_NAME_ABBR":"粤海置地","ORG_CODE":"10007404","STD_REPORT_DATE":"2022-12-31 00:00:00","REPORT_DATE":"2022-12-31 00:00:00","DATE_TYPE_CODE":"001","REPORT_TYPE":"2022年年报","PER_NETCASH_OPERATE":-3.476697955127,"PER_OI":0.719032160815,"BPS":4.064344749317,"BASIC_EPS":0.204916138,"DILUTED_EPS":0.204916138,"OPERATE_INCOME":1230650039.57,"OPERATE_INCOME_YOY":-77.0629189703,"GROSS_PROFIT":490900994.85,"GROSS_PROFIT_YOY":-82.693627750484,"HOLDER_PROFIT":350776409.76,"HOLDER_PROFIT_YOY":-71.9958438195,"GROSS_PROFIT_RATIO":39.88956885107,"EPS_TTM":0.204948207665,"OPERATE_INCOME_QOQ":-64.138117580304,"NET_PROFIT_RATIO":29.3951256123,"ROE_AVG":4.826230423719,"GROSS_PROFIT_QOQ":-77.804013387065,"ROA":0.824729233717,"HOLDER_PROFIT_QOQ":-67.29313145403,"ROE_YEARLY":4.826230423719,"ROIC_YEARLY":0.889281117553,"TOTAL_ASSETS":43698971172.29,"TOTAL_LIABILITIES":36000884650.85,"TAX_EBT":39.540508220779,"OCF_SALES":-483.52468006251,"TOTAL_PARENT_EQUITY":6956275809.56,"DEBT_ASSET_RATIO":82.3838266327,"OPERATE_PROFIT":765617250.65,"PRETAX_PROFIT":598336364.29,"NETCASH_OPERATE":-5950496666.52,"NETCASH_INVEST":-1320663070.93,"NETCASH_FINANCE":7540117974.83,"END_CASH":2376930727.64,"DIVI_RATIO":null,"DIVIDEND_RATE":null,"CURRENT_RATIO":2.089015034214,"COMMON_ACS":5000000000,"CURRENTDEBT_DEBT":46.752327500465,"ISSUED_COMMON_SHARES":1711536850,"HK_COMMON_SHARES":1711536850,"PER_SHARES":2000,"TOTAL_MARKET_CAP":607595581.75,"HKSK_MARKET_CAP":607595581.75,"PE_TTM":-0.246826425955,"PB_TTM":0.127054234057,"REPORT_DATE_SQ":"2021-12-31 00:00:00","REPORT_TYPE_SQ":"2021年年报","OPERATE_INCOME_SQ":4910826099.2,"DPS_HKD":null,"OPERATE_INCOME_QOQ_SQ":38.999834824805,"NET_PROFIT_RATIO_SQ":22.9313537978,"HOLDER_PROFIT_SQ":1146478782.4,"HOLDER_PROFIT_QOQ_SQ":976.726090564767,"ROE_AVG_SQ":18.304416533498,"PE_TTM_SQ":-21.853896024128,"PB_TTM_SQ":0.138256079866,"ROA_SQ":4.175172031874,"START_DATE":"2022-01-01 00:00:00","FISCAL_YEAR":"12-31","CURRENCY":"HKD","IS_CNY_CODE":0,"DPS_HKD_LY":0.13,"ORG_TYPE":"一般企业","PREMIUM_INCOME":null,"PREMIUM_INCOME_YOY":null,"NET_INTEREST_INCOME":null,"NET_INTEREST_INCOME_YOY":null,"FEE_COMMISSION_INCOME":null,"FEE_COMMISSION_INCOME_YOY":null,"ACCOUNTS_RECE_TDAYS":null,"INVENTORY_TDAYS":0.024068797672,"CURRENT_ASSETS_TDAYS":0.035706866714,"TOTAL_ASSETS_TDAYS":0.028934473239,"PREMIUM_EXPENSE":null,"LOAN_DEPOSIT":null,"LOAN_EQUITY":null,"LOAN_ASSETS":null,"DEPOSIT_EQUITY":null,"DEPOSIT_ASSETS":null,"EQUITY_MULTIPLIER":5.67660171792,"EQUITY_RATIO":5.175310128068},{"SECUCODE":"00124.HK","SECURITY_CODE":"00124","SECURITY_NAME_ABBR":"粤海置地","ORG_CODE":"10007404","STD_REPORT_DATE":"2022-06-30 00:00:00","REPORT_DATE":"2022-06-30 00:00:00","DATE_TYPE_CODE":"002","REPORT_TYPE":"2022年中报","PER_NETCASH_OPERATE":-3.891478420105,"PER_OI":0.24603359022,"BPS":4.058037264672,"BASIC_EPS":0.11887141,"DILUTED_EPS":0.11887141,"OPERATE_INCOME":421095556,"OPERATE_INCOME_YOY":-78.4392070147,"GROSS_PROFIT":278950150.15,"GROSS_PROFIT_YOY":-69.136461221843,"HOLDER_PROFIT":203384706.56,"HOLDER_PROFIT_YOY":-28.6574372666,"GROSS_PROFIT_RATIO":66.243907392364,"EPS_TTM":0.626621308539,"OPERATE_INCOME_QOQ":-30.120959612904,"NET_PROFIT_RATIO":47.1450040617,"ROE_AVG":2.8641055821,"GROSS_PROFIT_QOQ":-22.029272447702,"ROA":0.50317413076,"HOLDER_PROFIT_QOQ":-6.453963472844,"ROE_YEARLY":5.7282111642,"ROIC_YEARLY":1.091593953386,"TOTAL_ASSETS":41238445382.96,"TOTAL_LIABILITIES":33608974696.71,"TAX_EBT":40.770129664688,"OCF_SALES":-1581.6858245329,"TOTAL_PARENT_EQUITY":6945480317.16,"DEBT_ASSET_RATIO":81.4991311738,"OPERATE_PROFIT":391394807.3,"PRETAX_PROFIT":335178037.46,"NETCASH_OPERATE":-6660408716.99,"NETCASH_INVEST":-941692468.5,"NETCASH_FINANCE":8213246470.38,"END_CASH":2703365909.51,"DIVI_RATIO":null,"DIVIDEND_RATE":null,"CURRENT_RATIO":3.117701275213,"COMMON_ACS":5000000000,"CURRENTDEBT_DEBT":32.021995211248,"ISSUED_COMMON_SHARES":1711536850,"HK_COMMON_SHARES":1711536850,"PER_SHARES":2000,"TOTAL_MARKET_CAP":607595581.75,"HKSK_MARKET_CAP":607595581.75,"PE_TTM":-0.246826425955,"PB_TTM":0.127054234057,"REPORT_DATE_SQ":"2021-06-30 00:00:00","REPORT_TYPE_SQ":"2021年中报","OPERATE_INCOME_SQ":1900283502,"DPS_HKD":null,"OPERATE_INCOME_QOQ_SQ":4.934396017584,"NET_PROFIT_RATIO_SQ":14.0034372913,"HOLDER_PROFIT_SQ":277378028.4,"HOLDER_PROFIT_QOQ_SQ":-92.478082495865,"ROE_AVG_SQ":4.753365556205,"PE_TTM_SQ":-21.853896024128,"PB_TTM_SQ":0.138256079866,"ROA_SQ":1.261332406012,"START_DATE":"2022-01-01 00:00:00","FISCAL_YEAR":"12-31","CURRENCY":"HKD","IS_CNY_CODE":0,"DPS_HKD_LY":0.13,"ORG_TYPE":"一般企业","PREMIUM_INCOME":null,"PREMIUM_INCOME_YOY":null,"NET_INTEREST_INCOME":null,"NET_INTEREST_INCOME_YOY":null,"FEE_COMMISSION_INCOME":null,"FEE_COMMISSION_INCOME_YOY":null,"ACCOUNTS_RECE_TDAYS":null,"INVENTORY_TDAYS":0.004852349428,"CURRENT_ASSETS_TDAYS":0.012782958105,"TOTAL_ASSETS_TDAYS":0.010417911648,"PREMIUM_EXPENSE":null,"LOAN_DEPOSIT":null,"LOAN_EQUITY":null,"LOAN_ASSETS":null,"DEPOSIT_EQUITY":null,"DEPOSIT_ASSETS":null,"EQUITY_MULTIPLIER":5.405151560146,"EQUITY_RATIO":4.838970548037},{"SECUCODE":"00124.HK","SECURITY_CODE":"00124","SECURITY_NAME_ABBR":"粤海置地","ORG_CODE":"10007404","STD_REPORT_DATE":"2021-12-31 00:00:00","REPORT_DATE":"2021-12-31 00:00:00","DATE_TYPE_CODE":"001","REPORT_TYPE":"2021年年报","PER_NETCASH_OPERATE":-4.606686764355,"PER_OI":2.869249411253,"BPS":4.053586898816,"BASIC_EPS":0.66985968,"DILUTED_EPS":0.66985968,"OPERATE_INCOME":4910826099.2,"OPERATE_INCOME_YOY":50.147337771,"GROSS_PROFIT":2836533201.6,"GROSS_PROFIT_YOY":174.00278677091,"HOLDER_PROFIT":1146478782.4,"HOLDER_PROFIT_YOY":-16.6281789524,"GROSS_PROFIT_RATIO":57.760815477911,"EPS_TTM":0.669853402455,"OPERATE_INCOME_QOQ":38.999834824805,"NET_PROFIT_RATIO":22.9313537978,"ROE_AVG":18.304416533498,"GROSS_PROFIT_QOQ":148.918558360564,"ROA":4.175172031874,"HOLDER_PROFIT_QOQ":976.726090564767,"ROE_YEARLY":18.304416533498,"ROIC_YEARLY":4.598830881084,"TOTAL_ASSETS":37861517276.8,"TOTAL_LIABILITIES":30242800795.2,"TAX_EBT":53.246813641295,"OCF_SALES":-160.553723433302,"TOTAL_PARENT_EQUITY":6937863352,"DEBT_ASSET_RATIO":79.8774137183,"OPERATE_PROFIT":2479364641.6,"PRETAX_PROFIT":2408646329.6,"NETCASH_OPERATE":-7884514153.6,"NETCASH_INVEST":-1244784553.6,"NETCASH_FINANCE":8941772336,"END_CASH":2116270116.8,"DIVI_RATIO":null,"DIVIDEND_RATE":null,"CURRENT_RATIO":2.050952899463,"COMMON_ACS":5000000000,"CURRENTDEBT_DEBT":49.832341287623,"ISSUED_COMMON_SHARES":1711536850,"HK_COMMON_SHARES":1711536850,"PER_SHARES":2000,"TOTAL_MARKET_CAP":607595581.75,"HKSK_MARKET_CAP":607595581.75,"PE_TTM":-0.246826425955,"PB_TTM":0.127054234057,"REPORT_DATE_SQ":"2020-12-31 00:00:00","REPORT_TYPE_SQ":"2020年年报","OPERATE_INCOME_SQ":3366839424.48,"DPS_HKD":null,"OPERATE_INCOME_QOQ_SQ":13.319135678657,"NET_PROFIT_RATIO_SQ":42.1853486161,"HOLDER_PROFIT_SQ":1415572832.08,"HOLDER_PROFIT_QOQ_SQ":-26.341403433001,"ROE_AVG_SQ":28.999575158936,"PE_TTM_SQ":-21.853896024128,"PB_TTM_SQ":0.138256079866,"ROA_SQ":10.282143297848,"START_DATE":"2021-01-01 00:00:00","FISCAL_YEAR":"12-31","CURRENCY":"HKD","IS_CNY_CODE":0,"DPS_HKD_LY":0.0153,"ORG_TYPE":"一般企业","PREMIUM_INCOME":null,"PREMIUM_INCOME_YOY":null,"NET_INTEREST_INCOME":null,"NET_INTEREST_INCOME_YOY":null,"FEE_COMMISSION_INCOME":null,"FEE_COMMISSION_INCOME_YOY":null,"ACCOUNTS_RECE_TDAYS":null,"INVENTORY_TDAYS":0.120137255831,"CURRENT_ASSETS_TDAYS":0.23014004905,"TOTAL_ASSETS_TDAYS":0.178839278123,"PREMIUM_EXPENSE":null,"LOAN_DEPOSIT":null,"LOAN_EQUITY":null,"LOAN_ASSETS":null,"DEPOSIT_EQUITY":null,"DEPOSIT_ASSETS":null,"EQUITY_MULTIPLIER":4.969540127699,"EQUITY_RATIO":4.359094329306},{"SECUCODE":"00124.HK","SECURITY_CODE":"00124","SECURITY_NAME_ABBR":"粤海置地","ORG_CODE":"10007404","STD_REPORT_DATE":"2021-06-30 00:00:00","REPORT_DATE":"2021-06-30 00:00:00","DATE_TYPE_CODE":"002","REPORT_TYPE":"2021年中报","PER_NETCASH_OPERATE":-2.007306633451,"PER_OI":1.110279046577,"BPS":3.495622866852,"BASIC_EPS":0.162089184,"DILUTED_EPS":0.162089184,"OPERATE_INCOME":1900283502,"OPERATE_INCOME_YOY":20.2947300555,"GROSS_PROFIT":903817777.2,"GROSS_PROFIT_YOY":13.048489681452,"HOLDER_PROFIT":277378028.4,"HOLDER_PROFIT_YOY":-80.806489595,"GROSS_PROFIT_RATIO":47.562259854846,"EPS_TTM":0.062212052659,"OPERATE_INCOME_QOQ":4.934396017584,"NET_PROFIT_RATIO":14.0034372913,"ROE_AVG":4.753365556205,"GROSS_PROFIT_QOQ":10.077283339401,"ROA":1.261332406012,"HOLDER_PROFIT_QOQ":-92.478082495865,"ROE_YEARLY":9.506731112411,"ROIC_YEARLY":2.926485906748,"TOTAL_ASSETS":26622298086.24,"TOTAL_LIABILITIES":19899326332.8,"TAX_EBT":60.323878100947,"OCF_SALES":-180.792985298464,"TOTAL_PARENT_EQUITY":5982887350.32,"DEBT_ASSET_RATIO":74.7468391659,"OPERATE_PROFIT":704442256.32,"PRETAX_PROFIT":670693091.52,"NETCASH_OPERATE":-3435579272.4,"NETCASH_INVEST":-753206304.72,"NETCASH_FINANCE":4981751992.56,"END_CASH":3026645235.6,"DIVI_RATIO":null,"DIVIDEND_RATE":null,"CURRENT_RATIO":2.398348078764,"COMMON_ACS":5000000000,"CURRENTDEBT_DEBT":43.390414281151,"ISSUED_COMMON_SHARES":1711536850,"HK_COMMON_SHARES":1711536850,"PER_SHARES":2000,"TOTAL_MARKET_CAP":607595581.75,"HKSK_MARKET_CAP":607595581.75,"PE_TTM":-0.246826425955,"PB_TTM":0.127054234057,"REPORT_DATE_SQ":"2020-06-30 00:00:00","REPORT_TYPE_SQ":"2020年中报","OPERATE_INCOME_SQ":1734150311.52,"DPS_HKD":null,"OPERATE_INCOME_QOQ_SQ":80.586482072838,"NET_PROFIT_RATIO_SQ":91.6984771525,"HOLDER_PROFIT_SQ":1586472639.84,"HOLDER_PROFIT_QOQ_SQ":529.032101639665,"ROE_AVG_SQ":31.133738259381,"PE_TTM_SQ":-21.853896024128,"PB_TTM_SQ":0.138256079866,"ROA_SQ":13.087089932785,"START_DATE":"2021-01-01 00:00:00","FISCAL_YEAR":"12-31","CURRENCY":"HKD","IS_CNY_CODE":0,"DPS_HKD_LY":0.0153,"ORG_TYPE":"一般企业","PREMIUM_INCOME":null,"PREMIUM_INCOME_YOY":null,"NET_INTEREST_INCOME":null,"NET_INTEREST_INCOME_YOY":null,"FEE_COMMISSION_INCOME":null,"FEE_COMMISSION_INCOME_YOY":null,"ACCOUNTS_RECE_TDAYS":null,"INVENTORY_TDAYS":0.085845478068,"CURRENT_ASSETS_TDAYS":0.116281236668,"TOTAL_ASSETS_TDAYS":0.086412365662,"PREMIUM_EXPENSE":null,"LOAN_DEPOSIT":null,"LOAN_EQUITY":null,"LOAN_ASSETS":null,"DEPOSIT_EQUITY":null,"DEPOSIT_ASSETS":null,"EQUITY_MULTIPLIER":3.959900333148,"EQUITY_RATIO":3.326040616783},{"SECUCODE":"00124.HK","SECURITY_CODE":"00124","SECURITY_NAME_ABBR":"粤海置地","ORG_CODE":"10007404","STD_REPORT_DATE":"2020-12-31 00:00:00","REPORT_DATE":"2020-12-31 00:00:00","DATE_TYPE_CODE":"001","REPORT_TYPE":"2020年年报","PER_NETCASH_OPERATE":-0.988851861951,"PER_OI":1.967143987861,"BPS":3.361463356234,"BASIC_EPS":0.827079628,"DILUTED_EPS":0.827079628,"OPERATE_INCOME":3366839424.48,"OPERATE_INCOME_YOY":117.8028133432,"GROSS_PROFIT":1035220566.56,"GROSS_PROFIT_YOY":265.221741867613,"HOLDER_PROFIT":1415572832.08,"HOLDER_PROFIT_YOY":393.1411498755,"GROSS_PROFIT_RATIO":30.74754795352,"EPS_TTM":0.827077040193,"OPERATE_INCOME_QOQ":13.319135678657,"NET_PROFIT_RATIO":42.1853486161,"ROE_AVG":28.999575158936,"GROSS_PROFIT_QOQ":5.881783086325,"ROA":10.282143297848,"HOLDER_PROFIT_QOQ":-26.341403433001,"ROE_YEARLY":28.999575158936,"ROIC_YEARLY":11.663439250756,"TOTAL_ASSETS":17558898819.16,"TOTAL_LIABILITIES":11705030869.12,"TAX_EBT":38.778037854459,"OCF_SALES":-50.268402722574,"TOTAL_PARENT_EQUITY":5753268404.12,"DEBT_ASSET_RATIO":66.6615315099,"OPERATE_PROFIT":2356867216.28,"PRETAX_PROFIT":2319940261.28,"NETCASH_OPERATE":-1692456400.92,"NETCASH_INVEST":-639164981.92,"NETCASH_FINANCE":3604322458.36,"END_CASH":2228092929.72,"DIVI_RATIO":null,"DIVIDEND_RATE":null,"CURRENT_RATIO":2.297132656245,"COMMON_ACS":5000000000,"CURRENTDEBT_DEBT":45.051924844658,"ISSUED_COMMON_SHARES":1711536850,"HK_COMMON_SHARES":1711536850,"PER_SHARES":2000,"TOTAL_MARKET_CAP":607595581.75,"HKSK_MARKET_CAP":607595581.75,"PE_TTM":-0.246826425955,"PB_TTM":0.127054234057,"REPORT_DATE_SQ":"2019-12-31 00:00:00","REPORT_TYPE_SQ":"2019年年报","OPERATE_INCOME_SQ":1645257627.28,"DPS_HKD":null,"OPERATE_INCOME_QOQ_SQ":144.375176196285,"NET_PROFIT_RATIO_SQ":19.0283425057,"HOLDER_PROFIT_SQ":305517414.14,"HOLDER_PROFIT_QOQ_SQ":167.824183651177,"ROE_AVG_SQ":7.333932698116,"PE_TTM_SQ":-21.853896024128,"PB_TTM_SQ":0.138256079866,"ROA_SQ":3.03160872734,"START_DATE":"2020-01-01 00:00:00","FISCAL_YEAR":"12-31","CURRENCY":"HKD","IS_CNY_CODE":0,"DPS_HKD_LY":null,"ORG_TYPE":"一般企业","PREMIUM_INCOME":null,"PREMIUM_INCOME_YOY":null,"NET_INTEREST_INCOME":null,"NET_INTEREST_INCOME_YOY":null,"FEE_COMMISSION_INCOME":null,"FEE_COMMISSION_INCOME_YOY":null,"ACCOUNTS_RECE_TDAYS":null,"INVENTORY_TDAYS":0.35993863578,"CURRENT_ASSETS_TDAYS":0.347135284705,"TOTAL_ASSETS_TDAYS":0.244553474317,"PREMIUM_EXPENSE":null,"LOAN_DEPOSIT":null,"LOAN_EQUITY":null,"LOAN_ASSETS":null,"DEPOSIT_EQUITY":null,"DEPOSIT_ASSETS":null,"EQUITY_MULTIPLIER":2.999537907079,"EQUITY_RATIO":2.034501095193},{"SECUCODE":"00124.HK","SECURITY_CODE":"00124","SECURITY_NAME_ABBR":"粤海置地","ORG_CODE":"10007404","STD_REPORT_DATE":"2020-06-30 00:00:00","REPORT_DATE":"2020-06-30 00:00:00","DATE_TYPE_CODE":"002","REPORT_TYPE":"2020年中报","PER_NETCASH_OPERATE":0.136179950879,"PER_OI":1.01321237198,"BPS":3.412050567302,"BASIC_EPS":0.926958912,"DILUTED_EPS":0.926958912,"OPERATE_INCOME":1734150311.52,"OPERATE_INCOME_YOY":309.0227102818,"GROSS_PROFIT":799495667.52,"GROSS_PROFIT_YOY":659.746010896745,"HOLDER_PROFIT":1586472639.84,"HOLDER_PROFIT_YOY":5224.6968221652,"GROSS_PROFIT_RATIO":46.103020148192,"EPS_TTM":1.122852021001,"OPERATE_INCOME_QOQ":80.586482072838,"NET_PROFIT_RATIO":91.6984771525,"ROE_AVG":31.133738259381,"GROSS_PROFIT_QOQ":244.933501516354,"ROA":13.087089932785,"HOLDER_PROFIT_QOQ":529.032101639665,"ROE_YEARLY":62.267476518762,"ROIC_YEARLY":30.293909058149,"TOTAL_ASSETS":13418139472.32,"TOTAL_LIABILITIES":7479501569.76,"TAX_EBT":33.531518006526,"OCF_SALES":13.440415321075,"TOTAL_PARENT_EQUITY":5839850280,"DEBT_ASSET_RATIO":55.741718777,"OPERATE_PROFIT":2401853942.4,"PRETAX_PROFIT":2392396184.64,"NETCASH_OPERATE":233077004.16,"NETCASH_INVEST":-186982081.44,"NETCASH_FINANCE":1256329847.52,"END_CASH":2186574403.2,"DIVI_RATIO":null,"DIVIDEND_RATE":null,"CURRENT_RATIO":3.377447058063,"COMMON_ACS":5000000000,"CURRENTDEBT_DEBT":34.173322623716,"ISSUED_COMMON_SHARES":1711536850,"HK_COMMON_SHARES":1711536850,"PER_SHARES":2000,"TOTAL_MARKET_CAP":607595581.75,"HKSK_MARKET_CAP":607595581.75,"PE_TTM":-0.246826425955,"PB_TTM":0.127054234057,"REPORT_DATE_SQ":"2019-06-30 00:00:00","REPORT_TYPE_SQ":"2019年中报","OPERATE_INCOME_SQ":408295068.66,"DPS_HKD":null,"OPERATE_INCOME_QOQ_SQ":145.942372381932,"NET_PROFIT_RATIO_SQ":-5.9017431827,"HOLDER_PROFIT_SQ":-29812557.06,"HOLDER_PROFIT_QOQ_SQ":-41.946915015202,"ROE_AVG_SQ":-0.752300954122,"PE_TTM_SQ":-21.853896024128,"PB_TTM_SQ":0.138256079866,"ROA_SQ":-0.317918881296,"START_DATE":"2020-01-01 00:00:00","FISCAL_YEAR":"12-31","CURRENCY":"HKD","IS_CNY_CODE":0,"DPS_HKD_LY":null,"ORG_TYPE":"一般企业","PREMIUM_INCOME":null,"PREMIUM_INCOME_YOY":null,"NET_INTEREST_INCOME":null,"NET_INTEREST_INCOME_YOY":null,"FEE_COMMISSION_INCOME":null,"FEE_COMMISSION_INCOME_YOY":null,"ACCOUNTS_RECE_TDAYS":null,"INVENTORY_TDAYS":0.155697776271,"CURRENT_ASSETS_TDAYS":0.209711456103,"TOTAL_ASSETS_TDAYS":0.14305308843,"PREMIUM_EXPENSE":null,"LOAN_DEPOSIT":null,"LOAN_EQUITY":null,"LOAN_ASSETS":null,"DEPOSIT_EQUITY":null,"DEPOSIT_ASSETS":null,"EQUITY_MULTIPLIER":2.259464155333,"EQUITY_RATIO":1.280769405232}],"count":51},"success":true,"message":"ok","code":0}