{"version":"5e80e8eaa4dc2c8c9ab9e4c7ad97372b","result":{"pages":6,"data":[{"SECUCODE":"00126.HK","SECURITY_CODE":"00126","SECURITY_NAME_ABBR":"佳宁娜","ORG_CODE":"10007406","STD_REPORT_DATE":"2024-06-30 00:00:00","REPORT_DATE":"2024-09-30 00:00:00","DATE_TYPE_CODE":"002","REPORT_TYPE":"2024年中报","PER_NETCASH_OPERATE":0.03590552908,"PER_OI":0.185969578812,"BPS":1.829999766349,"BASIC_EPS":-0.062764584,"DILUTED_EPS":-0.062764584,"OPERATE_INCOME":292225049.5,"OPERATE_INCOME_YOY":-11.5381255528,"GROSS_PROFIT":175491039.37,"GROSS_PROFIT_YOY":-11.903322960732,"HOLDER_PROFIT":-98619754.4,"HOLDER_PROFIT_YOY":19.1219973968,"GROSS_PROFIT_RATIO":60.053386823021,"EPS_TTM":-0.144374440763,"OPERATE_INCOME_QOQ":0,"NET_PROFIT_RATIO":-34.5798487888,"ROE_AVG":-3.469008818597,"GROSS_PROFIT_QOQ":0,"ROA":-1.807599720463,"HOLDER_PROFIT_QOQ":0,"ROE_YEARLY":-6.938017637195,"ROIC_YEARLY":-3.688272509242,"TOTAL_ASSETS":5379279252.27,"TOTAL_LIABILITIES":2524276139.36,"TAX_EBT":4.415176743551,"OCF_SALES":19.307205678136,"TOTAL_PARENT_EQUITY":2875587371.45,"DEBT_ASSET_RATIO":46.9259174135,"OPERATE_PROFIT":-24121980.71,"PRETAX_PROFIT":-105718645.28,"NETCASH_OPERATE":56420491.35,"NETCASH_INVEST":109705458.87,"NETCASH_FINANCE":-142602758.07,"END_CASH":140778436.9,"DIVI_RATIO":null,"DIVIDEND_RATE":null,"CURRENT_RATIO":0.664639120312,"COMMON_ACS":2000000000,"CURRENTDEBT_DEBT":76.81588634402,"ISSUED_COMMON_SHARES":1571359420,"HK_COMMON_SHARES":1571359420,"PER_SHARES":2000,"TOTAL_MARKET_CAP":240417991.26,"HKSK_MARKET_CAP":240417991.26,"PE_TTM":-1.071410070055,"PB_TTM":0.075395567003,"REPORT_DATE_SQ":"2023-06-30 00:00:00","REPORT_TYPE_SQ":"2023年中报","OPERATE_INCOME_SQ":336142551.08,"DPS_HKD":null,"OPERATE_INCOME_QOQ_SQ":0,"NET_PROFIT_RATIO_SQ":-38.2680527195,"HOLDER_PROFIT_SQ":-124078258.08,"HOLDER_PROFIT_QOQ_SQ":0,"ROE_AVG_SQ":-3.962424716978,"PE_TTM_SQ":-2.40864564412,"PB_TTM_SQ":0.114220662906,"ROA_SQ":-2.146905590678,"START_DATE":"2024-04-01 00:00:00","FISCAL_YEAR":"3-31","CURRENCY":"HKD","IS_CNY_CODE":0,"DPS_HKD_LY":null,"ORG_TYPE":"一般企业","PREMIUM_INCOME":null,"PREMIUM_INCOME_YOY":null,"NET_INTEREST_INCOME":null,"NET_INTEREST_INCOME_YOY":null,"FEE_COMMISSION_INCOME":null,"FEE_COMMISSION_INCOME_YOY":null,"ACCOUNTS_RECE_TDAYS":6.539858728557,"INVENTORY_TDAYS":0.28961522456,"CURRENT_ASSETS_TDAYS":0.217704066911,"TOTAL_ASSETS_TDAYS":0.053561877233,"PREMIUM_EXPENSE":null,"LOAN_DEPOSIT":null,"LOAN_EQUITY":null,"LOAN_ASSETS":null,"DEPOSIT_EQUITY":null,"DEPOSIT_ASSETS":null,"EQUITY_MULTIPLIER":1.884158804573,"EQUITY_RATIO":0.877829748601},{"SECUCODE":"00126.HK","SECURITY_CODE":"00126","SECURITY_NAME_ABBR":"佳宁娜","ORG_CODE":"10007406","STD_REPORT_DATE":"2023-12-31 00:00:00","REPORT_DATE":"2024-03-31 00:00:00","DATE_TYPE_CODE":"001","REPORT_TYPE":"2023年年报","PER_NETCASH_OPERATE":0.150718839265,"PER_OI":0.381838520941,"BPS":1.797809959226,"BASIC_EPS":-0.144413415,"DILUTED_EPS":-0.144413415,"OPERATE_INCOME":600005556.8,"OPERATE_INCOME_YOY":-3.1640921048,"GROSS_PROFIT":239136104.85,"GROSS_PROFIT_YOY":-8.605954071987,"HOLDER_PROFIT":-226864137.5,"HOLDER_PROFIT_YOY":-42.4464936248,"GROSS_PROFIT_RATIO":39.855648358555,"EPS_TTM":-0.086131284363,"OPERATE_INCOME_QOQ":0,"NET_PROFIT_RATIO":-39.4480068172,"ROE_AVG":-7.461040103277,"GROSS_PROFIT_QOQ":0,"ROA":-3.964676122003,"HOLDER_PROFIT_QOQ":0,"ROE_YEARLY":-7.461040103277,"ROIC_YEARLY":-4.090191125111,"TOTAL_ASSETS":5561603567.05,"TOTAL_LIABILITIES":2755566604.45,"TAX_EBT":1.110892274129,"OCF_SALES":39.471879079437,"TOTAL_PARENT_EQUITY":2825005614.8,"DEBT_ASSET_RATIO":49.5462607363,"OPERATE_PROFIT":-65376759.8,"PRETAX_PROFIT":-239349144.1,"NETCASH_OPERATE":236833467.85,"NETCASH_INVEST":-191864055.1,"NETCASH_FINANCE":-179152411,"END_CASH":115466366.95,"DIVI_RATIO":null,"DIVIDEND_RATE":null,"CURRENT_RATIO":0.647122985969,"COMMON_ACS":2000000000,"CURRENTDEBT_DEBT":78.691013577689,"ISSUED_COMMON_SHARES":1571359420,"HK_COMMON_SHARES":1571359420,"PER_SHARES":2000,"TOTAL_MARKET_CAP":298558289.8,"HKSK_MARKET_CAP":298558289.8,"PE_TTM":-1.330509237324,"PB_TTM":0.0936284819,"REPORT_DATE_SQ":"2022-12-31 00:00:00","REPORT_TYPE_SQ":"2022年年报","OPERATE_INCOME_SQ":598326977.62,"DPS_HKD":null,"OPERATE_INCOME_QOQ_SQ":0,"NET_PROFIT_RATIO_SQ":-24.8335727934,"HOLDER_PROFIT_SQ":-153792028.8,"HOLDER_PROFIT_QOQ_SQ":0,"ROE_AVG_SQ":-4.575812087484,"PE_TTM_SQ":-2.716132322092,"PB_TTM_SQ":0.128802024128,"ROA_SQ":-2.589109132321,"START_DATE":"2023-04-01 00:00:00","FISCAL_YEAR":"3-31","CURRENCY":"HKD","IS_CNY_CODE":0,"DPS_HKD_LY":null,"ORG_TYPE":"一般企业","PREMIUM_INCOME":null,"PREMIUM_INCOME_YOY":null,"NET_INTEREST_INCOME":null,"NET_INTEREST_INCOME_YOY":null,"FEE_COMMISSION_INCOME":null,"FEE_COMMISSION_INCOME_YOY":null,"ACCOUNTS_RECE_TDAYS":21.176342606665,"INVENTORY_TDAYS":0.862531350722,"CURRENT_ASSETS_TDAYS":0.412462955167,"TOTAL_ASSETS_TDAYS":0.104856930246,"PREMIUM_EXPENSE":null,"LOAN_DEPOSIT":null,"LOAN_EQUITY":null,"LOAN_ASSETS":null,"DEPOSIT_EQUITY":null,"DEPOSIT_ASSETS":null,"EQUITY_MULTIPLIER":1.982013651701,"EQUITY_RATIO":0.975419868199},{"SECUCODE":"00126.HK","SECURITY_CODE":"00126","SECURITY_NAME_ABBR":"佳宁娜","ORG_CODE":"10007406","STD_REPORT_DATE":"2023-06-30 00:00:00","REPORT_DATE":"2023-09-30 00:00:00","DATE_TYPE_CODE":"002","REPORT_TYPE":"2023年中报","PER_NETCASH_OPERATE":0.02865492509,"PER_OI":0.213918309714,"BPS":1.887951308581,"BASIC_EPS":-0.079007943,"DILUTED_EPS":-0.079007943,"OPERATE_INCOME":336142551.08,"OPERATE_INCOME_YOY":-3.3760204687,"GROSS_PROFIT":199202790.92,"GROSS_PROFIT_YOY":-4.281220708115,"HOLDER_PROFIT":-124078258.08,"HOLDER_PROFIT_YOY":14.1954234513,"GROSS_PROFIT_RATIO":59.261402723332,"EPS_TTM":-0.097871961591,"OPERATE_INCOME_QOQ":0,"NET_PROFIT_RATIO":-38.2680527195,"ROE_AVG":-3.962424716978,"GROSS_PROFIT_QOQ":0,"ROA":-2.146905590678,"HOLDER_PROFIT_QOQ":0,"ROE_YEARLY":-7.924849433956,"ROIC_YEARLY":-4.481028923989,"TOTAL_ASSETS":5604233440.33,"TOTAL_LIABILITIES":2650384305.59,"TAX_EBT":8.361007243156,"OCF_SALES":13.395265290077,"TOTAL_PARENT_EQUITY":2966650073.24,"DEBT_ASSET_RATIO":47.2925393599,"OPERATE_PROFIT":-58673262.2,"PRETAX_PROFIT":-140371696.36,"NETCASH_OPERATE":45027186.47,"NETCASH_INVEST":-15476747.58,"NETCASH_FINANCE":-23350930.61,"END_CASH":237924941.66,"DIVI_RATIO":null,"DIVIDEND_RATE":null,"CURRENT_RATIO":0.845594231371,"COMMON_ACS":2000000000,"CURRENTDEBT_DEBT":63.091590776975,"ISSUED_COMMON_SHARES":1571359420,"HK_COMMON_SHARES":1571359420,"PER_SHARES":2000,"TOTAL_MARKET_CAP":298558289.8,"HKSK_MARKET_CAP":298558289.8,"PE_TTM":-1.330509237324,"PB_TTM":0.0936284819,"REPORT_DATE_SQ":"2022-06-30 00:00:00","REPORT_TYPE_SQ":"2022年中报","OPERATE_INCOME_SQ":342886770.6,"DPS_HKD":null,"OPERATE_INCOME_QOQ_SQ":0,"NET_PROFIT_RATIO_SQ":-39.3993906862,"HOLDER_PROFIT_SQ":-142527081.84,"HOLDER_PROFIT_QOQ_SQ":0,"ROE_AVG_SQ":-4.088694675935,"PE_TTM_SQ":-2.716132322092,"PB_TTM_SQ":0.128802024128,"ROA_SQ":-2.326623641467,"START_DATE":"2023-04-01 00:00:00","FISCAL_YEAR":"3-31","CURRENCY":"HKD","IS_CNY_CODE":0,"DPS_HKD_LY":null,"ORG_TYPE":"一般企业","PREMIUM_INCOME":null,"PREMIUM_INCOME_YOY":null,"NET_INTEREST_INCOME":null,"NET_INTEREST_INCOME_YOY":null,"FEE_COMMISSION_INCOME":null,"FEE_COMMISSION_INCOME_YOY":null,"ACCOUNTS_RECE_TDAYS":6.058214533788,"INVENTORY_TDAYS":0.317295824479,"CURRENT_ASSETS_TDAYS":0.228780918893,"TOTAL_ASSETS_TDAYS":0.058162190004,"PREMIUM_EXPENSE":null,"LOAN_DEPOSIT":null,"LOAN_EQUITY":null,"LOAN_ASSETS":null,"DEPOSIT_EQUITY":null,"DEPOSIT_ASSETS":null,"EQUITY_MULTIPLIER":1.89726461464,"EQUITY_RATIO":0.893392965182},{"SECUCODE":"00126.HK","SECURITY_CODE":"00126","SECURITY_NAME_ABBR":"佳宁娜","ORG_CODE":"10007406","STD_REPORT_DATE":"2022-12-31 00:00:00","REPORT_DATE":"2023-03-31 00:00:00","DATE_TYPE_CODE":"001","REPORT_TYPE":"2022年年报","PER_NETCASH_OPERATE":0.029586658334,"PER_OI":0.380770287182,"BPS":2.001096098842,"BASIC_EPS":-0.097870838,"DILUTED_EPS":-0.097870838,"OPERATE_INCOME":598326977.62,"OPERATE_INCOME_YOY":-12.5053445473,"GROSS_PROFIT":261653921.13,"GROSS_PROFIT_YOY":-13.740182566775,"HOLDER_PROFIT":-153792028.8,"HOLDER_PROFIT_YOY":-4696.546310832,"GROSS_PROFIT_RATIO":43.730924881709,"EPS_TTM":-0.11980213614,"OPERATE_INCOME_QOQ":0,"NET_PROFIT_RATIO":-24.8335727934,"ROE_AVG":-4.575812087484,"GROSS_PROFIT_QOQ":0,"ROA":-2.589109132321,"HOLDER_PROFIT_QOQ":0,"ROE_YEARLY":-4.575812087484,"ROIC_YEARLY":-2.698949594259,"TOTAL_ASSETS":5680597644.11,"TOTAL_LIABILITIES":2542075961.29,"TAX_EBT":8.472592952088,"OCF_SALES":7.770211944133,"TOTAL_PARENT_EQUITY":3144441205.24,"DEBT_ASSET_RATIO":44.7501499059,"OPERATE_PROFIT":-46480769.36,"PRETAX_PROFIT":-162340407.45,"NETCASH_OPERATE":46491274.28,"NETCASH_INVEST":24713699.71,"NETCASH_FINANCE":-52236590.11,"END_CASH":251861584.87,"DIVI_RATIO":null,"DIVIDEND_RATE":null,"CURRENT_RATIO":0.853290431594,"COMMON_ACS":2000000000,"CURRENTDEBT_DEBT":67.051406244565,"ISSUED_COMMON_SHARES":1571359420,"HK_COMMON_SHARES":1571359420,"PER_SHARES":2000,"TOTAL_MARKET_CAP":298558289.8,"HKSK_MARKET_CAP":298558289.8,"PE_TTM":-1.330509237324,"PB_TTM":0.0936284819,"REPORT_DATE_SQ":"2021-12-31 00:00:00","REPORT_TYPE_SQ":"2021年年报","OPERATE_INCOME_SQ":633536681.7,"DPS_HKD":null,"OPERATE_INCOME_QOQ_SQ":0,"NET_PROFIT_RATIO_SQ":3.2145371686,"HOLDER_PROFIT_SQ":3099680.22,"HOLDER_PROFIT_QOQ_SQ":0,"ROE_AVG_SQ":0.096471069596,"PE_TTM_SQ":-2.325554697177,"PB_TTM_SQ":0.126371797257,"ROA_SQ":0.055178061134,"START_DATE":"2022-04-01 00:00:00","FISCAL_YEAR":"3-31","CURRENCY":"HKD","IS_CNY_CODE":0,"DPS_HKD_LY":0.01,"ORG_TYPE":"一般企业","PREMIUM_INCOME":null,"PREMIUM_INCOME_YOY":null,"NET_INTEREST_INCOME":null,"NET_INTEREST_INCOME_YOY":null,"FEE_COMMISSION_INCOME":null,"FEE_COMMISSION_INCOME_YOY":null,"ACCOUNTS_RECE_TDAYS":22.64872835722,"INVENTORY_TDAYS":0.764466592391,"CURRENT_ASSETS_TDAYS":0.387300295682,"TOTAL_ASSETS_TDAYS":0.100729137521,"PREMIUM_EXPENSE":null,"LOAN_DEPOSIT":null,"LOAN_EQUITY":null,"LOAN_ASSETS":null,"DEPOSIT_EQUITY":null,"DEPOSIT_ASSETS":null,"EQUITY_MULTIPLIER":1.809959661966,"EQUITY_RATIO":0.808434884091},{"SECUCODE":"00126.HK","SECURITY_CODE":"00126","SECURITY_NAME_ABBR":"佳宁娜","ORG_CODE":"10007406","STD_REPORT_DATE":"2022-06-30 00:00:00","REPORT_DATE":"2022-09-30 00:00:00","DATE_TYPE_CODE":"002","REPORT_TYPE":"2022年中报","PER_NETCASH_OPERATE":0.015538880774,"PER_OI":0.218210274642,"BPS":2.084573347172,"BASIC_EPS":-0.090715332,"DILUTED_EPS":-0.090715332,"OPERATE_INCOME":342886770.6,"OPERATE_INCOME_YOY":-26.5915507139,"GROSS_PROFIT":208112548.44,"GROSS_PROFIT_YOY":-21.272848196339,"HOLDER_PROFIT":-142527081.84,"HOLDER_PROFIT_YOY":-368.8767936665,"GROSS_PROFIT_RATIO":60.694248447041,"EPS_TTM":0.001972610582,"OPERATE_INCOME_QOQ":0,"NET_PROFIT_RATIO":-39.3993906862,"ROE_AVG":-4.088694675935,"GROSS_PROFIT_QOQ":0,"ROA":-2.326623641467,"HOLDER_PROFIT_QOQ":0,"ROE_YEARLY":-8.17738935187,"ROIC_YEARLY":-4.826902570837,"TOTAL_ASSETS":5846937790.2,"TOTAL_LIABILITIES":2574440524.68,"TAX_EBT":17.797687511351,"OCF_SALES":7.121058254092,"TOTAL_PARENT_EQUITY":3275613965.76,"DEBT_ASSET_RATIO":44.0305783481,"OPERATE_PROFIT":-109827958.08,"PRETAX_PROFIT":-164344887.96,"NETCASH_OPERATE":24417166.68,"NETCASH_INVEST":-15773433.6,"NETCASH_FINANCE":-49729728.96,"END_CASH":237800791.44,"DIVI_RATIO":null,"DIVIDEND_RATE":null,"CURRENT_RATIO":1.023536936399,"COMMON_ACS":2000000000,"CURRENTDEBT_DEBT":58.168587013916,"ISSUED_COMMON_SHARES":1571359420,"HK_COMMON_SHARES":1571359420,"PER_SHARES":2000,"TOTAL_MARKET_CAP":298558289.8,"HKSK_MARKET_CAP":298558289.8,"PE_TTM":-1.330509237324,"PB_TTM":0.0936284819,"REPORT_DATE_SQ":"2021-06-30 00:00:00","REPORT_TYPE_SQ":"2021年中报","OPERATE_INCOME_SQ":430230504.76,"DPS_HKD":null,"OPERATE_INCOME_QOQ_SQ":0,"NET_PROFIT_RATIO_SQ":16.0653776,"HOLDER_PROFIT_SQ":48824813.54,"HOLDER_PROFIT_QOQ_SQ":0,"ROE_AVG_SQ":1.500907000182,"PE_TTM_SQ":-2.325554697177,"PB_TTM_SQ":0.126371797257,"ROA_SQ":0.851232492684,"START_DATE":"2022-04-01 00:00:00","FISCAL_YEAR":"3-31","CURRENCY":"HKD","IS_CNY_CODE":0,"DPS_HKD_LY":0.01,"ORG_TYPE":"一般企业","PREMIUM_INCOME":null,"PREMIUM_INCOME_YOY":null,"NET_INTEREST_INCOME":null,"NET_INTEREST_INCOME_YOY":null,"FEE_COMMISSION_INCOME":null,"FEE_COMMISSION_INCOME_YOY":null,"ACCOUNTS_RECE_TDAYS":10.323779699095,"INVENTORY_TDAYS":0.301048114687,"CURRENT_ASSETS_TDAYS":0.212821675852,"TOTAL_ASSETS_TDAYS":0.055973114479,"PREMIUM_EXPENSE":null,"LOAN_DEPOSIT":null,"LOAN_EQUITY":null,"LOAN_ASSETS":null,"DEPOSIT_EQUITY":null,"DEPOSIT_ASSETS":null,"EQUITY_MULTIPLIER":1.786689893313,"EQUITY_RATIO":0.785941369035},{"SECUCODE":"00126.HK","SECURITY_CODE":"00126","SECURITY_NAME_ABBR":"佳宁娜","ORG_CODE":"10007406","STD_REPORT_DATE":"2021-12-31 00:00:00","REPORT_DATE":"2022-03-31 00:00:00","DATE_TYPE_CODE":"001","REPORT_TYPE":"2021年年报","PER_NETCASH_OPERATE":-0.022249932546,"PER_OI":0.403177448543,"BPS":2.109213606732,"BASIC_EPS":0.002027525,"DILUTED_EPS":0.002027525,"OPERATE_INCOME":633536681.7,"OPERATE_INCOME_YOY":-1.8662706997,"GROSS_PROFIT":303332338.18,"GROSS_PROFIT_YOY":-2.06895077107,"HOLDER_PROFIT":3099680.22,"HOLDER_PROFIT_YOY":-95.2817144832,"GROSS_PROFIT_RATIO":47.87920683078,"EPS_TTM":0.025780539108,"OPERATE_INCOME_QOQ":0,"NET_PROFIT_RATIO":3.2145371686,"ROE_AVG":0.096471069596,"GROSS_PROFIT_QOQ":0,"ROA":0.055178061134,"HOLDER_PROFIT_QOQ":0,"ROE_YEARLY":0.096471069596,"ROIC_YEARLY":0.058022723138,"TOTAL_ASSETS":5743264636.2,"TOTAL_LIABILITIES":2435637397.15,"TAX_EBT":48.301490570699,"OCF_SALES":-5.518645109259,"TOTAL_PARENT_EQUITY":3314332669.73,"DEBT_ASSET_RATIO":42.4085873006,"OPERATE_PROFIT":53348237.8,"PRETAX_PROFIT":39392377.72,"NETCASH_OPERATE":-34962641.1,"NETCASH_INVEST":-85084681.12,"NETCASH_FINANCE":-22932118.76,"END_CASH":226771372.16,"DIVI_RATIO":null,"DIVIDEND_RATE":null,"CURRENT_RATIO":1.037419057457,"COMMON_ACS":2000000000,"CURRENTDEBT_DEBT":59.957745282972,"ISSUED_COMMON_SHARES":1571359420,"HK_COMMON_SHARES":1571359420,"PER_SHARES":2000,"TOTAL_MARKET_CAP":298558289.8,"HKSK_MARKET_CAP":298558289.8,"PE_TTM":-1.330509237324,"PB_TTM":0.0936284819,"REPORT_DATE_SQ":"2020-12-31 00:00:00","REPORT_TYPE_SQ":"2020年年报","OPERATE_INCOME_SQ":672785254.68,"DPS_HKD":null,"OPERATE_INCOME_QOQ_SQ":0,"NET_PROFIT_RATIO_SQ":13.8861042227,"HOLDER_PROFIT_SQ":68462960.72,"HOLDER_PROFIT_QOQ_SQ":0,"ROE_AVG_SQ":2.178608865559,"PE_TTM_SQ":-2.325554697177,"PB_TTM_SQ":0.126371797257,"ROA_SQ":1.230603475615,"START_DATE":"2021-04-01 00:00:00","FISCAL_YEAR":"3-31","CURRENCY":"HKD","IS_CNY_CODE":0,"DPS_HKD_LY":0.03,"ORG_TYPE":"一般企业","PREMIUM_INCOME":null,"PREMIUM_INCOME_YOY":null,"NET_INTEREST_INCOME":null,"NET_INTEREST_INCOME_YOY":null,"FEE_COMMISSION_INCOME":null,"FEE_COMMISSION_INCOME_YOY":null,"ACCOUNTS_RECE_TDAYS":25.568538884525,"INVENTORY_TDAYS":0.790959617839,"CURRENT_ASSETS_TDAYS":0.403386365461,"TOTAL_ASSETS_TDAYS":0.11277720046,"PREMIUM_EXPENSE":null,"LOAN_DEPOSIT":null,"LOAN_EQUITY":null,"LOAN_ASSETS":null,"DEPOSIT_EQUITY":null,"DEPOSIT_ASSETS":null,"EQUITY_MULTIPLIER":1.736369977968,"EQUITY_RATIO":0.734880182486},{"SECUCODE":"00126.HK","SECURITY_CODE":"00126","SECURITY_NAME_ABBR":"佳宁娜","ORG_CODE":"10007406","STD_REPORT_DATE":"2021-06-30 00:00:00","REPORT_DATE":"2021-09-30 00:00:00","DATE_TYPE_CODE":"002","REPORT_TYPE":"2021年中报","PER_NETCASH_OPERATE":0.038688403039,"PER_OI":0.273795096961,"BPS":2.106223996099,"BASIC_EPS":0.03248934,"DILUTED_EPS":0.03248934,"OPERATE_INCOME":430230504.76,"OPERATE_INCOME_YOY":8.5043532338,"GROSS_PROFIT":264346599.2,"GROSS_PROFIT_YOY":4.099325475264,"HOLDER_PROFIT":48824813.54,"HOLDER_PROFIT_YOY":-32.9216929521,"GROSS_PROFIT_RATIO":61.44301630761,"EPS_TTM":0.043569255925,"OPERATE_INCOME_QOQ":0,"NET_PROFIT_RATIO":16.0653776,"ROE_AVG":1.500907000182,"GROSS_PROFIT_QOQ":0,"ROA":0.851232492684,"HOLDER_PROFIT_QOQ":0,"ROE_YEARLY":3.001814000364,"ROIC_YEARLY":1.805544805331,"TOTAL_ASSETS":5830315362.44,"TOTAL_LIABILITIES":2504988927.38,"TAX_EBT":25.209356830577,"OCF_SALES":14.130422154494,"TOTAL_PARENT_EQUITY":3309634916.9,"DEBT_ASSET_RATIO":42.9648959217,"OPERATE_PROFIT":129045992.36,"PRETAX_PROFIT":92415511.1,"NETCASH_OPERATE":60793386.56,"NETCASH_INVEST":-166368746.48,"NETCASH_FINANCE":66374055.5,"END_CASH":336090559.46,"DIVI_RATIO":null,"DIVIDEND_RATE":null,"CURRENT_RATIO":1.120031929909,"COMMON_ACS":2000000000,"CURRENTDEBT_DEBT":61.825363912479,"ISSUED_COMMON_SHARES":1571359420,"HK_COMMON_SHARES":1571359420,"PER_SHARES":2000,"TOTAL_MARKET_CAP":298558289.8,"HKSK_MARKET_CAP":298558289.8,"PE_TTM":-1.330509237324,"PB_TTM":0.0936284819,"REPORT_DATE_SQ":"2020-06-30 00:00:00","REPORT_TYPE_SQ":"2020年中报","OPERATE_INCOME_SQ":418242600.96,"DPS_HKD":null,"OPERATE_INCOME_QOQ_SQ":0,"NET_PROFIT_RATIO_SQ":23.818197862,"HOLDER_PROFIT_SQ":76777281.28,"HOLDER_PROFIT_QOQ_SQ":0,"ROE_AVG_SQ":2.389288209565,"PE_TTM_SQ":-2.325554697177,"PB_TTM_SQ":0.126371797257,"ROA_SQ":1.337396923592,"START_DATE":"2021-04-01 00:00:00","FISCAL_YEAR":"3-31","CURRENCY":"HKD","IS_CNY_CODE":0,"DPS_HKD_LY":0.03,"ORG_TYPE":"一般企业","PREMIUM_INCOME":null,"PREMIUM_INCOME_YOY":null,"NET_INTEREST_INCOME":null,"NET_INTEREST_INCOME_YOY":null,"FEE_COMMISSION_INCOME":null,"FEE_COMMISSION_INCOME_YOY":null,"ACCOUNTS_RECE_TDAYS":11.199210660421,"INVENTORY_TDAYS":0.38978585131,"CURRENT_ASSETS_TDAYS":0.252711241468,"TOTAL_ASSETS_TDAYS":0.075008209646,"PREMIUM_EXPENSE":null,"LOAN_DEPOSIT":null,"LOAN_EQUITY":null,"LOAN_ASSETS":null,"DEPOSIT_EQUITY":null,"DEPOSIT_ASSETS":null,"EQUITY_MULTIPLIER":1.75330617198,"EQUITY_RATIO":0.756877719228},{"SECUCODE":"00126.HK","SECURITY_CODE":"00126","SECURITY_NAME_ABBR":"佳宁娜","ORG_CODE":"10007406","STD_REPORT_DATE":"2020-12-31 00:00:00","REPORT_DATE":"2021-03-31 00:00:00","DATE_TYPE_CODE":"001","REPORT_TYPE":"2020年年报","PER_NETCASH_OPERATE":0.138923320773,"PER_OI":0.486539672941,"BPS":2.063760829639,"BASIC_EPS":0.054429592,"DILUTED_EPS":0.054429592,"OPERATE_INCOME":672785254.68,"OPERATE_INCOME_YOY":-22.7961244144,"GROSS_PROFIT":309740721.22,"GROSS_PROFIT_YOY":-29.029539293768,"HOLDER_PROFIT":68462960.72,"HOLDER_PROFIT_YOY":473.5608581746,"GROSS_PROFIT_RATIO":46.038571604445,"EPS_TTM":0.036468248286,"OPERATE_INCOME_QOQ":0,"NET_PROFIT_RATIO":13.8861042227,"ROE_AVG":2.178608865559,"GROSS_PROFIT_QOQ":0,"ROA":1.230603475615,"HOLDER_PROFIT_QOQ":0,"ROE_YEARLY":2.178608865559,"ROIC_YEARLY":1.291152661859,"TOTAL_ASSETS":5723315548.16,"TOTAL_LIABILITIES":2485255170.72,"TAX_EBT":33.834347932791,"OCF_SALES":28.553338710042,"TOTAL_PARENT_EQUITY":3242910020.28,"DEBT_ASSET_RATIO":43.4233470059,"OPERATE_PROFIT":241842340.74,"PRETAX_PROFIT":141196615.98,"NETCASH_OPERATE":192102652.56,"NETCASH_INVEST":96471380.74,"NETCASH_FINANCE":-117576370.52,"END_CASH":378975331.28,"DIVI_RATIO":null,"DIVIDEND_RATE":null,"CURRENT_RATIO":1.029292152516,"COMMON_ACS":2000000000,"CURRENTDEBT_DEBT":66.245854452162,"ISSUED_COMMON_SHARES":1571359420,"HK_COMMON_SHARES":1571359420,"PER_SHARES":2000,"TOTAL_MARKET_CAP":298558289.8,"HKSK_MARKET_CAP":298558289.8,"PE_TTM":-1.330509237324,"PB_TTM":0.0936284819,"REPORT_DATE_SQ":"2019-12-31 00:00:00","REPORT_TYPE_SQ":"2019年年报","OPERATE_INCOME_SQ":942088659,"DPS_HKD":null,"OPERATE_INCOME_QOQ_SQ":0,"NET_PROFIT_RATIO_SQ":1.4413182422,"HOLDER_PROFIT_SQ":12904185.1,"HOLDER_PROFIT_QOQ_SQ":0,"ROE_AVG_SQ":0.378167905961,"PE_TTM_SQ":-2.325554697177,"PB_TTM_SQ":0.126371797257,"ROA_SQ":0.223201850538,"START_DATE":"2020-04-01 00:00:00","FISCAL_YEAR":"3-31","CURRENCY":"HKD","IS_CNY_CODE":0,"DPS_HKD_LY":0.03,"ORG_TYPE":"一般企业","PREMIUM_INCOME":null,"PREMIUM_INCOME_YOY":null,"NET_INTEREST_INCOME":null,"NET_INTEREST_INCOME_YOY":null,"FEE_COMMISSION_INCOME":null,"FEE_COMMISSION_INCOME_YOY":null,"ACCOUNTS_RECE_TDAYS":18.974006936251,"INVENTORY_TDAYS":0.880167859049,"CURRENT_ASSETS_TDAYS":0.420275852456,"TOTAL_ASSETS_TDAYS":0.120931356758,"PREMIUM_EXPENSE":null,"LOAN_DEPOSIT":null,"LOAN_EQUITY":null,"LOAN_ASSETS":null,"DEPOSIT_EQUITY":null,"DEPOSIT_ASSETS":null,"EQUITY_MULTIPLIER":1.767513536201,"EQUITY_RATIO":0.766365750261},{"SECUCODE":"00126.HK","SECURITY_CODE":"00126","SECURITY_NAME_ABBR":"佳宁娜","ORG_CODE":"10007406","STD_REPORT_DATE":"2020-06-30 00:00:00","REPORT_DATE":"2020-09-30 00:00:00","DATE_TYPE_CODE":"002","REPORT_TYPE":"2020年中报","PER_NETCASH_OPERATE":0.060842753849,"PER_OI":0.332707618986,"BPS":2.07715837712,"BASIC_EPS":0.06107104,"DILUTED_EPS":0.06107104,"OPERATE_INCOME":418242600.96,"OPERATE_INCOME_YOY":-16.9279423623,"GROSS_PROFIT":253936899.2,"GROSS_PROFIT_YOY":-20.05333840176,"HOLDER_PROFIT":76777281.28,"HOLDER_PROFIT_YOY":79.7818930041,"GROSS_PROFIT_RATIO":60.715216148985,"EPS_TTM":0.010265144416,"OPERATE_INCOME_QOQ":0,"NET_PROFIT_RATIO":23.818197862,"ROE_AVG":2.389288209565,"GROSS_PROFIT_QOQ":0,"ROA":1.337396923592,"HOLDER_PROFIT_QOQ":0,"ROE_YEARLY":4.77857641913,"ROIC_YEARLY":2.798334047404,"TOTAL_ASSETS":5863757434.24,"TOTAL_LIABILITIES":2606025176.32,"TAX_EBT":27.171517958667,"OCF_SALES":18.287153758236,"TOTAL_PARENT_EQUITY":3263962382.72,"DEBT_ASSET_RATIO":44.4429225722,"OPERATE_PROFIT":192468677.76,"PRETAX_PROFIT":136784191.36,"NETCASH_OPERATE":76484667.52,"NETCASH_INVEST":95579253.12,"NETCASH_FINANCE":-57687968,"END_CASH":328990131.84,"DIVI_RATIO":null,"DIVIDEND_RATE":null,"CURRENT_RATIO":0.899313748764,"COMMON_ACS":2000000000,"CURRENTDEBT_DEBT":70.734388371605,"ISSUED_COMMON_SHARES":1571359420,"HK_COMMON_SHARES":1571359420,"PER_SHARES":2000,"TOTAL_MARKET_CAP":298558289.8,"HKSK_MARKET_CAP":298558289.8,"PE_TTM":-1.330509237324,"PB_TTM":0.0936284819,"REPORT_DATE_SQ":"2019-06-30 00:00:00","REPORT_TYPE_SQ":"2019年中报","OPERATE_INCOME_SQ":516813845.58,"DPS_HKD":null,"OPERATE_INCOME_QOQ_SQ":0,"NET_PROFIT_RATIO_SQ":12.3975928428,"HOLDER_PROFIT_SQ":43837686,"HOLDER_PROFIT_QOQ_SQ":0,"ROE_AVG_SQ":1.286600440277,"PE_TTM_SQ":-2.325554697177,"PB_TTM_SQ":0.126371797257,"ROA_SQ":0.741725978037,"START_DATE":"2020-04-01 00:00:00","FISCAL_YEAR":"3-31","CURRENCY":"HKD","IS_CNY_CODE":0,"DPS_HKD_LY":0.03,"ORG_TYPE":"一般企业","PREMIUM_INCOME":null,"PREMIUM_INCOME_YOY":null,"NET_INTEREST_INCOME":null,"NET_INTEREST_INCOME_YOY":null,"FEE_COMMISSION_INCOME":null,"FEE_COMMISSION_INCOME_YOY":null,"ACCOUNTS_RECE_TDAYS":6.83307372607,"INVENTORY_TDAYS":0.393698565817,"CURRENT_ASSETS_TDAYS":0.259408057505,"TOTAL_ASSETS_TDAYS":0.072854411945,"PREMIUM_EXPENSE":null,"LOAN_DEPOSIT":null,"LOAN_EQUITY":null,"LOAN_ASSETS":null,"DEPOSIT_EQUITY":null,"DEPOSIT_ASSETS":null,"EQUITY_MULTIPLIER":1.79995069269,"EQUITY_RATIO":0.798423777834}],"count":48},"success":true,"message":"ok","code":0}