{"version":"eda5ef81d60203e4aff296995549d040","result":{"pages":6,"data":[{"SECUCODE":"00129.HK","SECURITY_CODE":"00129","SECURITY_NAME_ABBR":"泛海集团","ORG_CODE":"10007409","STD_REPORT_DATE":"2024-06-30 00:00:00","REPORT_DATE":"2024-09-30 00:00:00","DATE_TYPE_CODE":"002","REPORT_TYPE":"2024年中报","PER_NETCASH_OPERATE":0.482056885757,"PER_OI":1.081580362382,"BPS":8.899580781232,"BASIC_EPS":-0.2615191,"DILUTED_EPS":-0.2615191,"OPERATE_INCOME":1427450605.32,"OPERATE_INCOME_YOY":75.7291016757,"GROSS_PROFIT":822085290.85,"GROSS_PROFIT_YOY":8.680293583723,"HOLDER_PROFIT":-348177511.84,"HOLDER_PROFIT_YOY":57.8426480463,"GROSS_PROFIT_RATIO":57.591155013431,"EPS_TTM":-3.978622331534,"OPERATE_INCOME_QOQ":0,"NET_PROFIT_RATIO":-21.1853752713,"ROE_AVG":-2.712168536082,"GROSS_PROFIT_QOQ":0,"ROA":-1.144130817024,"HOLDER_PROFIT_QOQ":0,"ROE_YEARLY":-5.424337072163,"ROIC_YEARLY":-2.353909833833,"TOTAL_ASSETS":30071928004.7,"TOTAL_LIABILITIES":17175951351.11,"TAX_EBT":-12.491487955667,"OCF_SALES":44.569678086155,"TOTAL_PARENT_EQUITY":12643058826.61,"DEBT_ASSET_RATIO":57.1162292901,"OPERATE_PROFIT":97940706.53,"PRETAX_PROFIT":-268829911.53,"NETCASH_OPERATE":636210139.63,"NETCASH_INVEST":-288401459.9,"NETCASH_FINANCE":-620129420.35,"END_CASH":481549547.47,"DIVI_RATIO":null,"DIVIDEND_RATE":null,"CURRENT_RATIO":1.702120294188,"COMMON_ACS":400000000000,"CURRENTDEBT_DEBT":31.668076286316,"ISSUED_COMMON_SHARES":1420635324,"HK_COMMON_SHARES":1420635324,"PER_SHARES":2000,"TOTAL_MARKET_CAP":497222363.4,"HKSK_MARKET_CAP":497222363.4,"PE_TTM":-0.094485011136,"PB_TTM":0.035465322217,"REPORT_DATE_SQ":"2023-06-30 00:00:00","REPORT_TYPE_SQ":"2023年中报","OPERATE_INCOME_SQ":826569904.58,"DPS_HKD":null,"OPERATE_INCOME_QOQ_SQ":0,"NET_PROFIT_RATIO_SQ":-108.789408126,"HOLDER_PROFIT_SQ":-840406847.35,"HOLDER_PROFIT_QOQ_SQ":0,"ROE_AVG_SQ":-5.024614766687,"PE_TTM_SQ":-3.534384536019,"PB_TTM_SQ":0.0318004858,"ROA_SQ":-2.473401538481,"START_DATE":"2024-04-01 00:00:00","FISCAL_YEAR":"3-31","CURRENCY":"HKD","IS_CNY_CODE":0,"DPS_HKD_LY":null,"ORG_TYPE":"一般企业","PREMIUM_INCOME":null,"PREMIUM_INCOME_YOY":null,"NET_INTEREST_INCOME":null,"NET_INTEREST_INCOME_YOY":null,"FEE_COMMISSION_INCOME":null,"FEE_COMMISSION_INCOME_YOY":null,"ACCOUNTS_RECE_TDAYS":2.620233583481,"INVENTORY_TDAYS":0.106134891534,"CURRENT_ASSETS_TDAYS":0.150621277515,"TOTAL_ASSETS_TDAYS":0.046906826885,"PREMIUM_EXPENSE":null,"LOAN_DEPOSIT":null,"LOAN_EQUITY":null,"LOAN_ASSETS":null,"DEPOSIT_EQUITY":null,"DEPOSIT_ASSETS":null,"EQUITY_MULTIPLIER":2.331884494871,"EQUITY_RATIO":1.358528152614},{"SECUCODE":"00129.HK","SECURITY_CODE":"00129","SECURITY_NAME_ABBR":"泛海集团","ORG_CODE":"10007409","STD_REPORT_DATE":"2023-12-31 00:00:00","REPORT_DATE":"2024-03-31 00:00:00","DATE_TYPE_CODE":"001","REPORT_TYPE":"2023年年报","PER_NETCASH_OPERATE":-0.698145598655,"PER_OI":1.191994617486,"BPS":9.221889553269,"BASIC_EPS":-3.9797545,"DILUTED_EPS":-3.9797545,"OPERATE_INCOME":1573173383.55,"OPERATE_INCOME_YOY":-16.2794164544,"GROSS_PROFIT":1434633506,"GROSS_PROFIT_YOY":-16.698397638966,"HOLDER_PROFIT":-5250915283.8,"HOLDER_PROFIT_YOY":-822.7488482828,"GROSS_PROFIT_RATIO":91.193604023647,"EPS_TTM":-0.131698877194,"OPERATE_INCOME_QOQ":0,"NET_PROFIT_RATIO":-356.2097593499,"ROE_AVG":-34.182367381683,"GROSS_PROFIT_QOQ":0,"ROA":-16.079745063603,"HOLDER_PROFIT_QOQ":0,"ROE_YEARLY":-34.182367381683,"ROIC_YEARLY":-16.641658096637,"TOTAL_ASSETS":30953835177.15,"TOTAL_LIABILITIES":17641708675.05,"TAX_EBT":3.115833042331,"OCF_SALES":-58.569526104668,"TOTAL_PARENT_EQUITY":13100942053.4,"DEBT_ASSET_RATIO":56.9936118548,"OPERATE_PROFIT":-5221015451.7,"PRETAX_PROFIT":-5784017450.6,"NETCASH_OPERATE":-921400195.55,"NETCASH_INVEST":-175363938.55,"NETCASH_FINANCE":1106308292.5,"END_CASH":756845959.2,"DIVI_RATIO":null,"DIVIDEND_RATE":null,"CURRENT_RATIO":1.487469337233,"COMMON_ACS":400000000000,"CURRENTDEBT_DEBT":37.143516655035,"ISSUED_COMMON_SHARES":1420635324,"HK_COMMON_SHARES":1420635324,"PER_SHARES":2000,"TOTAL_MARKET_CAP":511428716.64,"HKSK_MARKET_CAP":511428716.64,"PE_TTM":-0.097184582883,"PB_TTM":0.036478617137,"REPORT_DATE_SQ":"2022-12-31 00:00:00","REPORT_TYPE_SQ":"2022年年报","OPERATE_INCOME_SQ":1814529713.57,"DPS_HKD":null,"OPERATE_INCOME_QOQ_SQ":0,"NET_PROFIT_RATIO_SQ":36.8880492209,"HOLDER_PROFIT_SQ":701564078.92,"HOLDER_PROFIT_QOQ_SQ":0,"ROE_AVG_SQ":4.521021348531,"PE_TTM_SQ":-3.792998038655,"PB_TTM_SQ":0.034127350615,"ROA_SQ":2.19802471737,"START_DATE":"2023-04-01 00:00:00","FISCAL_YEAR":"3-31","CURRENCY":"HKD","IS_CNY_CODE":0,"DPS_HKD_LY":null,"ORG_TYPE":"一般企业","PREMIUM_INCOME":null,"PREMIUM_INCOME_YOY":null,"NET_INTEREST_INCOME":null,"NET_INTEREST_INCOME_YOY":null,"FEE_COMMISSION_INCOME":null,"FEE_COMMISSION_INCOME_YOY":null,"ACCOUNTS_RECE_TDAYS":2.059140907743,"INVENTORY_TDAYS":0.026735153838,"CURRENT_ASSETS_TDAYS":0.144330738053,"TOTAL_ASSETS_TDAYS":0.048174890626,"PREMIUM_EXPENSE":null,"LOAN_DEPOSIT":null,"LOAN_EQUITY":null,"LOAN_ASSETS":null,"DEPOSIT_EQUITY":null,"DEPOSIT_ASSETS":null,"EQUITY_MULTIPLIER":2.32523595477,"EQUITY_RATIO":1.346598481479},{"SECUCODE":"00129.HK","SECURITY_CODE":"00129","SECURITY_NAME_ABBR":"泛海集团","ORG_CODE":"10007409","STD_REPORT_DATE":"2023-06-30 00:00:00","REPORT_DATE":"2023-09-30 00:00:00","DATE_TYPE_CODE":"002","REPORT_TYPE":"2023年中报","PER_NETCASH_OPERATE":-0.378559785855,"PER_OI":0.626292618181,"BPS":10.991004663791,"BASIC_EPS":-0.6331647,"DILUTED_EPS":-0.6331647,"OPERATE_INCOME":826569904.58,"OPERATE_INCOME_YOY":-16.8538786527,"GROSS_PROFIT":756425349.75,"GROSS_PROFIT_YOY":-18.917961330873,"HOLDER_PROFIT":-840406847.35,"HOLDER_PROFIT_YOY":-2468.6054931982,"GROSS_PROFIT_RATIO":91.513778273159,"EPS_TTM":0.531575613114,"OPERATE_INCOME_QOQ":0,"NET_PROFIT_RATIO":-108.789408126,"ROE_AVG":-5.024614766687,"GROSS_PROFIT_QOQ":0,"ROA":-2.473401538481,"HOLDER_PROFIT_QOQ":0,"ROE_YEARLY":-10.049229533375,"ROIC_YEARLY":-5.123723621645,"TOTAL_ASSETS":33178543278.51,"TOTAL_LIABILITIES":17239812122.12,"TAX_EBT":2.683329394076,"OCF_SALES":-60.444554967661,"TOTAL_PARENT_EQUITY":15614209471.63,"DEBT_ASSET_RATIO":51.9607264774,"OPERATE_PROFIT":-709529868.6,"PRETAX_PROFIT":-924014869.54,"NETCASH_OPERATE":-499616500.32,"NETCASH_INVEST":-152727584.31,"NETCASH_FINANCE":669426684.71,"END_CASH":769618116.26,"DIVI_RATIO":null,"DIVIDEND_RATE":null,"CURRENT_RATIO":1.660726672497,"COMMON_ACS":400000000000,"CURRENTDEBT_DEBT":36.70960270872,"ISSUED_COMMON_SHARES":1420635324,"HK_COMMON_SHARES":1420635324,"PER_SHARES":2000,"TOTAL_MARKET_CAP":561150952.98,"HKSK_MARKET_CAP":561150952.98,"PE_TTM":-0.106633083997,"PB_TTM":0.040025149359,"REPORT_DATE_SQ":"2022-06-30 00:00:00","REPORT_TYPE_SQ":"2022年中报","OPERATE_INCOME_SQ":979827787.32,"DPS_HKD":null,"OPERATE_INCOME_QOQ_SQ":0,"NET_PROFIT_RATIO_SQ":2.1462994979,"HOLDER_PROFIT_SQ":34971077.04,"HOLDER_PROFIT_QOQ_SQ":0,"ROE_AVG_SQ":0.252942982376,"PE_TTM_SQ":-3.879202539533,"PB_TTM_SQ":0.03490297222,"ROA_SQ":0.112296725204,"START_DATE":"2023-04-01 00:00:00","FISCAL_YEAR":"3-31","CURRENCY":"HKD","IS_CNY_CODE":0,"DPS_HKD_LY":null,"ORG_TYPE":"一般企业","PREMIUM_INCOME":null,"PREMIUM_INCOME_YOY":null,"NET_INTEREST_INCOME":null,"NET_INTEREST_INCOME_YOY":null,"FEE_COMMISSION_INCOME":null,"FEE_COMMISSION_INCOME_YOY":null,"ACCOUNTS_RECE_TDAYS":0.928739637893,"INVENTORY_TDAYS":0.014373406012,"CURRENT_ASSETS_TDAYS":0.072793351085,"TOTAL_ASSETS_TDAYS":0.024326780298,"PREMIUM_EXPENSE":null,"LOAN_DEPOSIT":null,"LOAN_EQUITY":null,"LOAN_ASSETS":null,"DEPOSIT_EQUITY":null,"DEPOSIT_ASSETS":null,"EQUITY_MULTIPLIER":2.081630146904,"EQUITY_RATIO":1.104110467676},{"SECUCODE":"00129.HK","SECURITY_CODE":"00129","SECURITY_NAME_ABBR":"泛海集团","ORG_CODE":"10007409","STD_REPORT_DATE":"2022-12-31 00:00:00","REPORT_DATE":"2023-03-31 00:00:00","DATE_TYPE_CODE":"001","REPORT_TYPE":"2022年年报","PER_NETCASH_OPERATE":0.522601843729,"PER_OI":1.374870484373,"BPS":11.978224469209,"BASIC_EPS":0.5340001,"DILUTED_EPS":0.5340001,"OPERATE_INCOME":1814529713.57,"OPERATE_INCOME_YOY":-17.4105234218,"GROSS_PROFIT":1722215978.25,"GROSS_PROFIT_YOY":-12.49901873929,"HOLDER_PROFIT":701564078.92,"HOLDER_PROFIT_YOY":190.7009696959,"GROSS_PROFIT_RATIO":94.912525563531,"EPS_TTM":-0.608970012242,"OPERATE_INCOME_QOQ":0,"NET_PROFIT_RATIO":36.8880492209,"ROE_AVG":4.521021348531,"GROSS_PROFIT_QOQ":0,"ROA":2.19802471737,"HOLDER_PROFIT_QOQ":0,"ROE_YEARLY":4.521021348531,"ROIC_YEARLY":2.276802736122,"TOTAL_ASSETS":33176925478.48,"TOTAL_LIABILITIES":15691739131.97,"TAX_EBT":13.166125332183,"OCF_SALES":38.010987192544,"TOTAL_PARENT_EQUITY":17016688799.76,"DEBT_ASSET_RATIO":47.2971467538,"OPERATE_PROFIT":717256678.58,"PRETAX_PROFIT":770833521.4,"NETCASH_OPERATE":689720657.03,"NETCASH_INVEST":32375288.03,"NETCASH_FINANCE":-660472333.52,"END_CASH":726226129.44,"DIVI_RATIO":null,"DIVIDEND_RATE":null,"CURRENT_RATIO":2.649270038666,"COMMON_ACS":400000000000,"CURRENTDEBT_DEBT":27.996336070421,"ISSUED_COMMON_SHARES":1420635324,"HK_COMMON_SHARES":1420635324,"PER_SHARES":2000,"TOTAL_MARKET_CAP":511428716.64,"HKSK_MARKET_CAP":511428716.64,"PE_TTM":-0.097184582883,"PB_TTM":0.036478617137,"REPORT_DATE_SQ":"2021-12-31 00:00:00","REPORT_TYPE_SQ":"2021年年报","OPERATE_INCOME_SQ":2035420182.35,"DPS_HKD":null,"OPERATE_INCOME_QOQ_SQ":0,"NET_PROFIT_RATIO_SQ":-40.3350552947,"HOLDER_PROFIT_SQ":-716588971.76,"HOLDER_PROFIT_QOQ_SQ":0,"ROE_AVG_SQ":-4.683042035366,"PE_TTM_SQ":-3.792998038655,"PB_TTM_SQ":0.034127350615,"ROA_SQ":-2.284832570247,"START_DATE":"2022-04-01 00:00:00","FISCAL_YEAR":"3-31","CURRENCY":"HKD","IS_CNY_CODE":0,"DPS_HKD_LY":null,"ORG_TYPE":"一般企业","PREMIUM_INCOME":null,"PREMIUM_INCOME_YOY":null,"NET_INTEREST_INCOME":null,"NET_INTEREST_INCOME_YOY":null,"FEE_COMMISSION_INCOME":null,"FEE_COMMISSION_INCOME_YOY":null,"ACCOUNTS_RECE_TDAYS":2.046090859959,"INVENTORY_TDAYS":0.022633920187,"CURRENT_ASSETS_TDAYS":0.165592278176,"TOTAL_ASSETS_TDAYS":0.056849848512,"PREMIUM_EXPENSE":null,"LOAN_DEPOSIT":null,"LOAN_EQUITY":null,"LOAN_ASSETS":null,"DEPOSIT_EQUITY":null,"DEPOSIT_ASSETS":null,"EQUITY_MULTIPLIER":1.89743047749,"EQUITY_RATIO":0.922138220697},{"SECUCODE":"00129.HK","SECURITY_CODE":"00129","SECURITY_NAME_ABBR":"泛海集团","ORG_CODE":"10007409","STD_REPORT_DATE":"2022-06-30 00:00:00","REPORT_DATE":"2022-09-30 00:00:00","DATE_TYPE_CODE":"002","REPORT_TYPE":"2022年中报","PER_NETCASH_OPERATE":-0.148941296566,"PER_OI":0.742416227456,"BPS":9.268743265657,"BASIC_EPS":0.0271332,"DILUTED_EPS":0.0271332,"OPERATE_INCOME":979827787.32,"OPERATE_INCOME_YOY":-15.2260176801,"GROSS_PROFIT":932913580.08,"GROSS_PROFIT_YOY":-9.825498225639,"HOLDER_PROFIT":34971077.04,"HOLDER_PROFIT_YOY":-73.6169109419,"GROSS_PROFIT_RATIO":95.211994613021,"EPS_TTM":-0.542959985352,"OPERATE_INCOME_QOQ":0,"NET_PROFIT_RATIO":2.1462994979,"ROE_AVG":0.252942982376,"GROSS_PROFIT_QOQ":0,"ROA":0.112296725204,"HOLDER_PROFIT_QOQ":0,"ROE_YEARLY":0.505885964752,"ROIC_YEARLY":0.231935651503,"TOTAL_ASSETS":30607700321.76,"TOTAL_LIABILITIES":17231800591.32,"TAX_EBT":-632.115869017632,"OCF_SALES":-20.061697341494,"TOTAL_PARENT_EQUITY":13167504092.28,"DEBT_ASSET_RATIO":56.2989065176,"OPERATE_PROFIT":-24356569.2,"PRETAX_PROFIT":2872501.44,"NETCASH_OPERATE":-196570085.16,"NETCASH_INVEST":-179685999.24,"NETCASH_FINANCE":422010799.56,"END_CASH":715616443.44,"DIVI_RATIO":null,"DIVIDEND_RATE":null,"CURRENT_RATIO":1.809600372094,"COMMON_ACS":400000000000,"CURRENTDEBT_DEBT":31.077798748539,"ISSUED_COMMON_SHARES":1420635324,"HK_COMMON_SHARES":1420635324,"PER_SHARES":2000,"TOTAL_MARKET_CAP":511428716.64,"HKSK_MARKET_CAP":511428716.64,"PE_TTM":-0.097184582883,"PB_TTM":0.036478617137,"REPORT_DATE_SQ":"2021-06-30 00:00:00","REPORT_TYPE_SQ":"2021年中报","OPERATE_INCOME_SQ":1064593198.86,"DPS_HKD":null,"OPERATE_INCOME_QOQ_SQ":0,"NET_PROFIT_RATIO_SQ":9.4902619938,"HOLDER_PROFIT_SQ":122089941.36,"HOLDER_PROFIT_QOQ_SQ":0,"ROE_AVG_SQ":0.754939668598,"PE_TTM_SQ":-3.792998038655,"PB_TTM_SQ":0.034127350615,"ROA_SQ":0.36891868859,"START_DATE":"2022-04-01 00:00:00","FISCAL_YEAR":"3-31","CURRENCY":"HKD","IS_CNY_CODE":0,"DPS_HKD_LY":null,"ORG_TYPE":"一般企业","PREMIUM_INCOME":null,"PREMIUM_INCOME_YOY":null,"NET_INTEREST_INCOME":null,"NET_INTEREST_INCOME_YOY":null,"FEE_COMMISSION_INCOME":null,"FEE_COMMISSION_INCOME_YOY":null,"ACCOUNTS_RECE_TDAYS":0.9471648955,"INVENTORY_TDAYS":0.011742952695,"CURRENT_ASSETS_TDAYS":0.096492998899,"TOTAL_ASSETS_TDAYS":0.031463558201,"PREMIUM_EXPENSE":null,"LOAN_DEPOSIT":null,"LOAN_EQUITY":null,"LOAN_ASSETS":null,"DEPOSIT_EQUITY":null,"DEPOSIT_ASSETS":null,"EQUITY_MULTIPLIER":2.288272261203,"EQUITY_RATIO":1.308661115315},{"SECUCODE":"00129.HK","SECURITY_CODE":"00129","SECURITY_NAME_ABBR":"泛海集团","ORG_CODE":"10007409","STD_REPORT_DATE":"2021-12-31 00:00:00","REPORT_DATE":"2022-03-31 00:00:00","DATE_TYPE_CODE":"001","REPORT_TYPE":"2021年年报","PER_NETCASH_OPERATE":-0.484379427026,"PER_OI":1.542239353306,"BPS":9.142138375133,"BASIC_EPS":-0.5433767,"DILUTED_EPS":-0.5433767,"OPERATE_INCOME":2035420182.35,"OPERATE_INCOME_YOY":2.0488365408,"GROSS_PROFIT":1968224759.81,"GROSS_PROFIT_YOY":-2.712543762508,"HOLDER_PROFIT":-716588971.76,"HOLDER_PROFIT_YOY":-165.2929839911,"GROSS_PROFIT_RATIO":96.698695280577,"EPS_TTM":0.525088741061,"OPERATE_INCOME_QOQ":0,"NET_PROFIT_RATIO":-40.3350552947,"ROE_AVG":-4.683042035366,"GROSS_PROFIT_QOQ":0,"ROA":-2.284832570247,"HOLDER_PROFIT_QOQ":0,"ROE_YEARLY":-4.683042035366,"ROIC_YEARLY":-2.407786474116,"TOTAL_ASSETS":28403501214.81,"TOTAL_LIABILITIES":15094738714.72,"TAX_EBT":8.029810499997,"OCF_SALES":-31.407539042967,"TOTAL_PARENT_EQUITY":12987644712.61,"DEBT_ASSET_RATIO":53.1439367301,"OPERATE_PROFIT":-649328668.42,"PRETAX_PROFIT":-892667352.86,"NETCASH_OPERATE":-639275388.46,"NETCASH_INVEST":-246205604.79,"NETCASH_FINANCE":26781983.23,"END_CASH":618301047.84,"DIVI_RATIO":null,"DIVIDEND_RATE":null,"CURRENT_RATIO":2.276046805372,"COMMON_ACS":400000000000,"CURRENTDEBT_DEBT":27.712656466658,"ISSUED_COMMON_SHARES":1420635324,"HK_COMMON_SHARES":1420635324,"PER_SHARES":2000,"TOTAL_MARKET_CAP":511428716.64,"HKSK_MARKET_CAP":511428716.64,"PE_TTM":-0.097184582883,"PB_TTM":0.036478617137,"REPORT_DATE_SQ":"2020-12-31 00:00:00","REPORT_TYPE_SQ":"2020年年报","OPERATE_INCOME_SQ":2078590897.46,"DPS_HKD":null,"OPERATE_INCOME_QOQ_SQ":0,"NET_PROFIT_RATIO_SQ":59.3885287436,"HOLDER_PROFIT_SQ":1143738144.64,"HOLDER_PROFIT_QOQ_SQ":0,"ROE_AVG_SQ":6.77487627353,"PE_TTM_SQ":-3.792998038655,"PB_TTM_SQ":0.034127350615,"ROA_SQ":3.359789787704,"START_DATE":"2021-04-01 00:00:00","FISCAL_YEAR":"3-31","CURRENCY":"HKD","IS_CNY_CODE":0,"DPS_HKD_LY":0.03,"ORG_TYPE":"一般企业","PREMIUM_INCOME":null,"PREMIUM_INCOME_YOY":null,"NET_INTEREST_INCOME":null,"NET_INTEREST_INCOME_YOY":null,"FEE_COMMISSION_INCOME":null,"FEE_COMMISSION_INCOME_YOY":null,"ACCOUNTS_RECE_TDAYS":3.297624999425,"INVENTORY_TDAYS":0.021358274263,"CURRENT_ASSETS_TDAYS":0.175998580081,"TOTAL_ASSETS_TDAYS":0.064899049665,"PREMIUM_EXPENSE":null,"LOAN_DEPOSIT":null,"LOAN_EQUITY":null,"LOAN_ASSETS":null,"DEPOSIT_EQUITY":null,"DEPOSIT_ASSETS":null,"EQUITY_MULTIPLIER":2.134195513268,"EQUITY_RATIO":1.162238346424},{"SECUCODE":"00129.HK","SECURITY_CODE":"00129","SECURITY_NAME_ABBR":"泛海集团","ORG_CODE":"10007409","STD_REPORT_DATE":"2021-06-30 00:00:00","REPORT_DATE":"2021-09-30 00:00:00","DATE_TYPE_CODE":"002","REPORT_TYPE":"2021年中报","PER_NETCASH_OPERATE":-0.668298815266,"PER_OI":0.806643041462,"BPS":10.030315485736,"BASIC_EPS":0.0916366,"DILUTED_EPS":0.0916366,"OPERATE_INCOME":1064593198.86,"OPERATE_INCOME_YOY":1.2273087687,"GROSS_PROFIT":1034564718.1,"GROSS_PROFIT_YOY":-4.220572927686,"HOLDER_PROFIT":122089941.36,"HOLDER_PROFIT_YOY":-77.5181550148,"GROSS_PROFIT_RATIO":97.179346928747,"EPS_TTM":0.866611224472,"OPERATE_INCOME_QOQ":0,"NET_PROFIT_RATIO":9.4902619938,"ROE_AVG":0.754939668598,"GROSS_PROFIT_QOQ":0,"ROA":0.36891868859,"HOLDER_PROFIT_QOQ":0,"ROE_YEARLY":1.509879337197,"ROIC_YEARLY":0.788675513794,"TOTAL_ASSETS":30932600778,"TOTAL_LIABILITIES":16259875011.12,"TAX_EBT":-14.206209448834,"OCF_SALES":-82.849387016983,"TOTAL_PARENT_EQUITY":14249420489.9,"DEBT_ASSET_RATIO":52.5654959562,"OPERATE_PROFIT":243188541.32,"PRETAX_PROFIT":88465140.58,"NETCASH_OPERATE":-882008939.48,"NETCASH_INVEST":-274874811.48,"NETCASH_FINANCE":760502140.12,"END_CASH":1113627943.52,"DIVI_RATIO":null,"DIVIDEND_RATE":null,"CURRENT_RATIO":2.568084399434,"COMMON_ACS":400000000000,"CURRENTDEBT_DEBT":23.576583599802,"ISSUED_COMMON_SHARES":1420635324,"HK_COMMON_SHARES":1420635324,"PER_SHARES":2000,"TOTAL_MARKET_CAP":511428716.64,"HKSK_MARKET_CAP":511428716.64,"PE_TTM":-0.097184582883,"PB_TTM":0.036478617137,"REPORT_DATE_SQ":"2020-06-30 00:00:00","REPORT_TYPE_SQ":"2020年中报","OPERATE_INCOME_SQ":1109328640.64,"DPS_HKD":null,"OPERATE_INCOME_QOQ_SQ":0,"NET_PROFIT_RATIO_SQ":55.7994577155,"HOLDER_PROFIT_SQ":572825265.92,"HOLDER_PROFIT_QOQ_SQ":0,"ROE_AVG_SQ":3.360072660361,"PE_TTM_SQ":-3.792998038655,"PB_TTM_SQ":0.034127350615,"ROA_SQ":1.649524364908,"START_DATE":"2021-04-01 00:00:00","FISCAL_YEAR":"3-31","CURRENCY":"HKD","IS_CNY_CODE":0,"DPS_HKD_LY":0.03,"ORG_TYPE":"一般企业","PREMIUM_INCOME":null,"PREMIUM_INCOME_YOY":null,"NET_INTEREST_INCOME":null,"NET_INTEREST_INCOME_YOY":null,"FEE_COMMISSION_INCOME":null,"FEE_COMMISSION_INCOME_YOY":null,"ACCOUNTS_RECE_TDAYS":1.949142628358,"INVENTORY_TDAYS":0.00982815051,"CURRENT_ASSETS_TDAYS":0.08937252901,"TOTAL_ASSETS_TDAYS":0.032168770206,"PREMIUM_EXPENSE":null,"LOAN_DEPOSIT":null,"LOAN_EQUITY":null,"LOAN_ASSETS":null,"DEPOSIT_EQUITY":null,"DEPOSIT_ASSETS":null,"EQUITY_MULTIPLIER":2.108170033941,"EQUITY_RATIO":1.141090265576},{"SECUCODE":"00129.HK","SECURITY_CODE":"00129","SECURITY_NAME_ABBR":"泛海集团","ORG_CODE":"10007409","STD_REPORT_DATE":"2020-12-31 00:00:00","REPORT_DATE":"2021-03-31 00:00:00","DATE_TYPE_CODE":"001","REPORT_TYPE":"2020年年报","PER_NETCASH_OPERATE":1.321464156837,"PER_OI":1.57494983556,"BPS":12.922477900754,"BASIC_EPS":0.8705354,"DILUTED_EPS":0.8705354,"OPERATE_INCOME":2078590897.46,"OPERATE_INCOME_YOY":3.5507550265,"GROSS_PROFIT":2023102294.92,"GROSS_PROFIT_YOY":3.847697174789,"HOLDER_PROFIT":1143738144.64,"HOLDER_PROFIT_YOY":85.8910765283,"GROSS_PROFIT_RATIO":97.330470242711,"EPS_TTM":0.503923211258,"OPERATE_INCOME_QOQ":0,"NET_PROFIT_RATIO":59.3885287436,"ROE_AVG":6.77487627353,"GROSS_PROFIT_QOQ":0,"ROA":3.359789787704,"HOLDER_PROFIT_QOQ":0,"ROE_YEARLY":6.77487627353,"ROIC_YEARLY":3.555400439241,"TOTAL_ASSETS":35768316793.72,"TOTAL_LIABILITIES":16652484344.3,"TAX_EBT":4.342467027404,"OCF_SALES":83.905158564448,"TOTAL_PARENT_EQUITY":18358128579.42,"DEBT_ASSET_RATIO":46.5565221879,"OPERATE_PROFIT":1615570866.98,"PRETAX_PROFIT":1290483367.32,"NETCASH_OPERATE":1744044988.42,"NETCASH_INVEST":-42933453.64,"NETCASH_FINANCE":-918836591.82,"END_CASH":1533747300.82,"DIVI_RATIO":null,"DIVIDEND_RATE":null,"CURRENT_RATIO":2.608534095841,"COMMON_ACS":400000000000,"CURRENTDEBT_DEBT":32.649066367692,"ISSUED_COMMON_SHARES":1420635324,"HK_COMMON_SHARES":1420635324,"PER_SHARES":2000,"TOTAL_MARKET_CAP":511428716.64,"HKSK_MARKET_CAP":511428716.64,"PE_TTM":-0.097184582883,"PB_TTM":0.036478617137,"REPORT_DATE_SQ":"2019-12-31 00:00:00","REPORT_TYPE_SQ":"2019年年报","OPERATE_INCOME_SQ":2170052119.2,"DPS_HKD":null,"OPERATE_INCOME_QOQ_SQ":0,"NET_PROFIT_RATIO_SQ":33.465500864,"HOLDER_PROFIT_SQ":665154412.3,"HOLDER_PROFIT_QOQ_SQ":0,"ROE_AVG_SQ":3.839653045694,"PE_TTM_SQ":-3.792998038655,"PB_TTM_SQ":0.034127350615,"ROA_SQ":1.912014838504,"START_DATE":"2020-04-01 00:00:00","FISCAL_YEAR":"3-31","CURRENCY":"HKD","IS_CNY_CODE":0,"DPS_HKD_LY":null,"ORG_TYPE":"一般企业","PREMIUM_INCOME":null,"PREMIUM_INCOME_YOY":null,"NET_INTEREST_INCOME":null,"NET_INTEREST_INCOME_YOY":null,"FEE_COMMISSION_INCOME":null,"FEE_COMMISSION_INCOME_YOY":null,"ACCOUNTS_RECE_TDAYS":3.830436380741,"INVENTORY_TDAYS":0.02935767099,"CURRENT_ASSETS_TDAYS":0.146883037039,"TOTAL_ASSETS_TDAYS":0.061059679638,"PREMIUM_EXPENSE":null,"LOAN_DEPOSIT":null,"LOAN_EQUITY":null,"LOAN_ASSETS":null,"DEPOSIT_EQUITY":null,"DEPOSIT_ASSETS":null,"EQUITY_MULTIPLIER":1.871135713727,"EQUITY_RATIO":0.907090517002},{"SECUCODE":"00129.HK","SECURITY_CODE":"00129","SECURITY_NAME_ABBR":"泛海集团","ORG_CODE":"10007409","STD_REPORT_DATE":"2020-06-30 00:00:00","REPORT_DATE":"2020-09-30 00:00:00","DATE_TYPE_CODE":"002","REPORT_TYPE":"2020年中报","PER_NETCASH_OPERATE":0.558796319776,"PER_OI":0.840539118252,"BPS":12.725757410323,"BASIC_EPS":0.4305728,"DILUTED_EPS":0.4305728,"OPERATE_INCOME":1109328640.64,"OPERATE_INCOME_YOY":0.1705960626,"GROSS_PROFIT":1080153379.2,"GROSS_PROFIT_YOY":7.935032679835,"HOLDER_PROFIT":572825265.92,"HOLDER_PROFIT_YOY":2.6351297097,"GROSS_PROFIT_RATIO":97.370007374625,"EPS_TTM":0.503987982221,"OPERATE_INCOME_QOQ":0,"NET_PROFIT_RATIO":55.7994577155,"ROE_AVG":3.360072660361,"GROSS_PROFIT_QOQ":0,"ROA":1.649524364908,"HOLDER_PROFIT_QOQ":0,"ROE_YEARLY":6.720145320723,"ROIC_YEARLY":3.449193137879,"TOTAL_ASSETS":35855384903.04,"TOTAL_LIABILITIES":17075945201.28,"TAX_EBT":1.702405554866,"OCF_SALES":66.480703591546,"TOTAL_PARENT_EQUITY":18078660501.76,"DEBT_ASSET_RATIO":47.6244927992,"OPERATE_PROFIT":776993221.76,"PRETAX_PROFIT":629719749.76,"NETCASH_OPERATE":737489485.44,"NETCASH_INVEST":-55331240.96,"NETCASH_FINANCE":-615999415.68,"END_CASH":835083643.52,"DIVI_RATIO":null,"DIVIDEND_RATE":null,"CURRENT_RATIO":2.304633730401,"COMMON_ACS":400000000000,"CURRENTDEBT_DEBT":42.800511651748,"ISSUED_COMMON_SHARES":1420635324,"HK_COMMON_SHARES":1420635324,"PER_SHARES":2000,"TOTAL_MARKET_CAP":511428716.64,"HKSK_MARKET_CAP":511428716.64,"PE_TTM":-0.097184582883,"PB_TTM":0.036478617137,"REPORT_DATE_SQ":"2019-06-30 00:00:00","REPORT_TYPE_SQ":"2019年中报","OPERATE_INCOME_SQ":1136791476.87,"DPS_HKD":null,"OPERATE_INCOME_QOQ_SQ":0,"NET_PROFIT_RATIO_SQ":53.906451467,"HOLDER_PROFIT_SQ":572910749.49,"HOLDER_PROFIT_QOQ_SQ":0,"ROE_AVG_SQ":3.231167109165,"PE_TTM_SQ":-3.792998038655,"PB_TTM_SQ":0.034127350615,"ROA_SQ":1.688297657274,"START_DATE":"2020-04-01 00:00:00","FISCAL_YEAR":"3-31","CURRENCY":"HKD","IS_CNY_CODE":0,"DPS_HKD_LY":null,"ORG_TYPE":"一般企业","PREMIUM_INCOME":null,"PREMIUM_INCOME_YOY":null,"NET_INTEREST_INCOME":null,"NET_INTEREST_INCOME_YOY":null,"FEE_COMMISSION_INCOME":null,"FEE_COMMISSION_INCOME_YOY":null,"ACCOUNTS_RECE_TDAYS":1.618841044317,"INVENTORY_TDAYS":0.028402004445,"CURRENT_ASSETS_TDAYS":0.070379143141,"TOTAL_ASSETS_TDAYS":0.031944551511,"PREMIUM_EXPENSE":null,"LOAN_DEPOSIT":null,"LOAN_EQUITY":null,"LOAN_ASSETS":null,"DEPOSIT_EQUITY":null,"DEPOSIT_ASSETS":null,"EQUITY_MULTIPLIER":1.909289386289,"EQUITY_RATIO":0.944535973759}],"count":46},"success":true,"message":"ok","code":0}