{"version":"753ec7d894ca40d0ad5913a97b45b7a1","result":{"pages":6,"data":[{"SECUCODE":"00128.HK","SECURITY_CODE":"00128","SECURITY_NAME_ABBR":"安宁控股","ORG_CODE":"10007408","STD_REPORT_DATE":"2024-06-30 00:00:00","REPORT_DATE":"2024-06-30 00:00:00","DATE_TYPE_CODE":"002","REPORT_TYPE":"2024年中报","PER_NETCASH_OPERATE":0.011106477327,"PER_OI":0.024118312392,"BPS":0.569937506814,"BASIC_EPS":-0.007849048,"DILUTED_EPS":null,"OPERATE_INCOME":39811101.6,"OPERATE_INCOME_YOY":-20.0029343261,"GROSS_PROFIT":24002571.32,"GROSS_PROFIT_YOY":-21.023776432744,"HOLDER_PROFIT":-12958230.64,"HOLDER_PROFIT_YOY":-66.0973327094,"GROSS_PROFIT_RATIO":60.291150848235,"EPS_TTM":-0.013917033409,"OPERATE_INCOME_QOQ":-9.553716638336,"NET_PROFIT_RATIO":-32.537826685,"ROE_AVG":-1.352741879547,"GROSS_PROFIT_QOQ":-10.251834319185,"ROA":-1.315940696472,"HOLDER_PROFIT_QOQ":-28.371666695928,"ROE_YEARLY":-2.705483759094,"ROIC_YEARLY":-2.938274606989,"TOTAL_ASSETS":961520244.84,"TOTAL_LIABILITIES":21440678.56,"TAX_EBT":null,"OCF_SALES":46.049977074736,"TOTAL_PARENT_EQUITY":940772290.4,"DEBT_ASSET_RATIO":2.229872816,"OPERATE_PROFIT":-6009997.8,"PRETAX_PROFIT":-7396358.72,"NETCASH_OPERATE":18333003.16,"NETCASH_INVEST":-5434096.72,"NETCASH_FINANCE":-8403044.76,"END_CASH":85438712.84,"DIVI_RATIO":null,"DIVIDEND_RATE":null,"CURRENT_RATIO":25.931891707815,"COMMON_ACS":null,"CURRENTDEBT_DEBT":100,"ISSUED_COMMON_SHARES":1650658676,"HK_COMMON_SHARES":1650658676,"PER_SHARES":4000,"TOTAL_MARKET_CAP":437424549.14,"HKSK_MARKET_CAP":437424549.14,"PE_TTM":-17.223473211009,"PB_TTM":0.424362666272,"REPORT_DATE_SQ":"2023-06-30 00:00:00","REPORT_TYPE_SQ":"2023年中报","OPERATE_INCOME_SQ":50272803.46,"DPS_HKD":null,"OPERATE_INCOME_QOQ_SQ":24.988733168082,"NET_PROFIT_RATIO_SQ":-13.433032046,"HOLDER_PROFIT_SQ":-7881085.04,"HOLDER_PROFIT_QOQ_SQ":64.715815451405,"ROE_AVG_SQ":-0.765720996458,"PE_TTM_SQ":-9.427242132043,"PB_TTM_SQ":0.416627554548,"ROA_SQ":-0.737822964783,"START_DATE":"2024-01-01 00:00:00","FISCAL_YEAR":"12-31","CURRENCY":"HKD","IS_CNY_CODE":0,"DPS_HKD_LY":null,"ORG_TYPE":"一般企业","PREMIUM_INCOME":null,"PREMIUM_INCOME_YOY":null,"NET_INTEREST_INCOME":null,"NET_INTEREST_INCOME_YOY":null,"FEE_COMMISSION_INCOME":null,"FEE_COMMISSION_INCOME_YOY":null,"ACCOUNTS_RECE_TDAYS":42.806673209028,"INVENTORY_TDAYS":1.884868600033,"CURRENT_ASSETS_TDAYS":0.070863513007,"TOTAL_ASSETS_TDAYS":0.04042916832,"PREMIUM_EXPENSE":null,"LOAN_DEPOSIT":null,"LOAN_EQUITY":null,"LOAN_ASSETS":null,"DEPOSIT_EQUITY":null,"DEPOSIT_ASSETS":null,"EQUITY_MULTIPLIER":1.022807301987,"EQUITY_RATIO":0.022790508159},{"SECUCODE":"00128.HK","SECURITY_CODE":"00128","SECURITY_NAME_ABBR":"安宁控股","ORG_CODE":"10007408","STD_REPORT_DATE":"2023-12-31 00:00:00","REPORT_DATE":"2023-12-31 00:00:00","DATE_TYPE_CODE":"001","REPORT_TYPE":"2023年年报","PER_NETCASH_OPERATE":-0.000977778049,"PER_OI":0.066339577959,"BPS":0.586537264279,"BASIC_EPS":-0.01087464,"DILUTED_EPS":null,"OPERATE_INCOME":109503999.92,"OPERATE_INCOME_YOY":28.0218674182,"GROSS_PROFIT":62326186.72,"GROSS_PROFIT_YOY":30.992332790113,"HOLDER_PROFIT":-17895126.34,"HOLDER_PROFIT_YOY":86.8932651016,"GROSS_PROFIT_RATIO":56.916812870337,"EPS_TTM":-0.010841203333,"OPERATE_INCOME_QOQ":3.911636745358,"NET_PROFIT_RATIO":-16.0415770135,"ROE_AVG":-1.785851555555,"GROSS_PROFIT_QOQ":-2.979666930512,"ROA":-1.724443575057,"HOLDER_PROFIT_QOQ":62.315277255683,"ROE_YEARLY":-1.785851555555,"ROIC_YEARLY":-1.919968420229,"TOTAL_ASSETS":1000770463.7,"TOTAL_LIABILITIES":33283648.16,"TAX_EBT":null,"OCF_SALES":-1.473898507067,"TOTAL_PARENT_EQUITY":968172824.08,"DEBT_ASSET_RATIO":3.325802406,"OPERATE_PROFIT":-16820349.42,"PRETAX_PROFIT":-17566168.48,"NETCASH_OPERATE":-1613977.82,"NETCASH_INVEST":6045393.62,"NETCASH_FINANCE":-11370342.34,"END_CASH":80388963.76,"DIVI_RATIO":null,"DIVIDEND_RATE":null,"CURRENT_RATIO":16.932776083642,"COMMON_ACS":null,"CURRENTDEBT_DEBT":100,"ISSUED_COMMON_SHARES":1650658676,"HK_COMMON_SHARES":1650658676,"PER_SHARES":4000,"TOTAL_MARKET_CAP":445677842.52,"HKSK_MARKET_CAP":445677842.52,"PE_TTM":-17.54844440367,"PB_TTM":0.432369509032,"REPORT_DATE_SQ":"2022-12-31 00:00:00","REPORT_TYPE_SQ":"2022年年报","OPERATE_INCOME_SQ":84313075.49,"DPS_HKD":null,"OPERATE_INCOME_QOQ_SQ":3.230391883959,"NET_PROFIT_RATIO_SQ":-160.1406973418,"HOLDER_PROFIT_SQ":-134582738.01,"HOLDER_PROFIT_QOQ_SQ":-6.335948550493,"ROE_AVG_SQ":-12.811261713236,"PE_TTM_SQ":-10.627072948848,"PB_TTM_SQ":0.469652879673,"ROA_SQ":-12.338857290272,"START_DATE":"2023-01-01 00:00:00","FISCAL_YEAR":"12-31","CURRENCY":"HKD","IS_CNY_CODE":0,"DPS_HKD_LY":null,"ORG_TYPE":"一般企业","PREMIUM_INCOME":null,"PREMIUM_INCOME_YOY":null,"NET_INTEREST_INCOME":null,"NET_INTEREST_INCOME_YOY":null,"FEE_COMMISSION_INCOME":null,"FEE_COMMISSION_INCOME_YOY":null,"ACCOUNTS_RECE_TDAYS":16.888329839273,"INVENTORY_TDAYS":3.023579974445,"CURRENT_ASSETS_TDAYS":0.193203902899,"TOTAL_ASSETS_TDAYS":0.105522288872,"PREMIUM_EXPENSE":null,"LOAN_DEPOSIT":null,"LOAN_EQUITY":null,"LOAN_ASSETS":null,"DEPOSIT_EQUITY":null,"DEPOSIT_ASSETS":null,"EQUITY_MULTIPLIER":1.034402172335,"EQUITY_RATIO":0.034377796332},{"SECUCODE":"00128.HK","SECURITY_CODE":"00128","SECURITY_NAME_ABBR":"安宁控股","ORG_CODE":"10007408","STD_REPORT_DATE":"2023-06-30 00:00:00","REPORT_DATE":"2023-06-30 00:00:00","DATE_TYPE_CODE":"002","REPORT_TYPE":"2023年中报","PER_NETCASH_OPERATE":-0.00051945409,"PER_OI":0.030456207689,"BPS":0.608563925338,"BASIC_EPS":-0.004794296,"DILUTED_EPS":null,"OPERATE_INCOME":50272803.46,"OPERATE_INCOME_YOY":48.537811844,"GROSS_PROFIT":30392148.72,"GROSS_PROFIT_YOY":65.866122155171,"HOLDER_PROFIT":-7881085.04,"HOLDER_PROFIT_YOY":92.3032594994,"GROSS_PROFIT_RATIO":62.35661462613,"EPS_TTM":-0.028768165303,"OPERATE_INCOME_QOQ":24.988733168082,"NET_PROFIT_RATIO":-13.433032046,"ROE_AVG":-0.765720996458,"GROSS_PROFIT_QOQ":35.015340234189,"ROA":-0.737822964783,"HOLDER_PROFIT_QOQ":64.715815451405,"ROE_YEARLY":-1.531441992917,"ROIC_YEARLY":-1.646723169229,"TOTAL_ASSETS":1042921648.48,"TOTAL_LIABILITIES":39085498.14,"TAX_EBT":null,"OCF_SALES":-1.528348397699,"TOTAL_PARENT_EQUITY":1004531323.26,"DEBT_ASSET_RATIO":3.7476926667,"OPERATE_PROFIT":-1938001.96,"PRETAX_PROFIT":-2237645.46,"NETCASH_OPERATE":-857441.4,"NETCASH_INVEST":-728364.2,"NETCASH_FINANCE":-6459391.88,"END_CASH":80785731.56,"DIVI_RATIO":null,"DIVIDEND_RATE":null,"CURRENT_RATIO":16.040892947742,"COMMON_ACS":null,"CURRENTDEBT_DEBT":92.987049748779,"ISSUED_COMMON_SHARES":1650658676,"HK_COMMON_SHARES":1650658676,"PER_SHARES":4000,"TOTAL_MARKET_CAP":437424549.14,"HKSK_MARKET_CAP":437424549.14,"PE_TTM":-17.223473211009,"PB_TTM":0.424362666272,"REPORT_DATE_SQ":"2022-06-30 00:00:00","REPORT_TYPE_SQ":"2022年中报","OPERATE_INCOME_SQ":35033713.54,"DPS_HKD":null,"OPERATE_INCOME_QOQ_SQ":-8.771950983085,"NET_PROFIT_RATIO_SQ":-272.2037787433,"HOLDER_PROFIT_SQ":-94977401.4,"HOLDER_PROFIT_QOQ_SQ":-627.439272333843,"ROE_AVG_SQ":-9.295030598444,"PE_TTM_SQ":-10.627072948848,"PB_TTM_SQ":0.469652879673,"ROA_SQ":-8.934763195791,"START_DATE":"2023-01-01 00:00:00","FISCAL_YEAR":"12-31","CURRENCY":"HKD","IS_CNY_CODE":0,"DPS_HKD_LY":null,"ORG_TYPE":"一般企业","PREMIUM_INCOME":null,"PREMIUM_INCOME_YOY":null,"NET_INTEREST_INCOME":null,"NET_INTEREST_INCOME_YOY":null,"FEE_COMMISSION_INCOME":null,"FEE_COMMISSION_INCOME_YOY":null,"ACCOUNTS_RECE_TDAYS":7.433810497614,"INVENTORY_TDAYS":1.053488479051,"CURRENT_ASSETS_TDAYS":0.096488515726,"TOTAL_ASSETS_TDAYS":0.052522844416,"PREMIUM_EXPENSE":null,"LOAN_DEPOSIT":null,"LOAN_EQUITY":null,"LOAN_ASSETS":null,"DEPOSIT_EQUITY":null,"DEPOSIT_ASSETS":null,"EQUITY_MULTIPLIER":1.038936133279,"EQUITY_RATIO":0.038909188031},{"SECUCODE":"00128.HK","SECURITY_CODE":"00128","SECURITY_NAME_ABBR":"安宁控股","ORG_CODE":"10007408","STD_REPORT_DATE":"2022-12-31 00:00:00","REPORT_DATE":"2022-12-31 00:00:00","DATE_TYPE_CODE":"001","REPORT_TYPE":"2022年年报","PER_NETCASH_OPERATE":0.017699170061,"PER_OI":0.05107844324,"BPS":0.618615919782,"BASIC_EPS":-0.081555551,"DILUTED_EPS":null,"OPERATE_INCOME":84313075.49,"OPERATE_INCOME_YOY":-13.8026136748,"GROSS_PROFIT":47580026.55,"GROSS_PROFIT_YOY":-15.13584052884,"HOLDER_PROFIT":-134582738.01,"HOLDER_PROFIT_YOY":-608.0028195489,"GROSS_PROFIT_RATIO":56.432559568585,"EPS_TTM":-0.081532748088,"OPERATE_INCOME_QOQ":3.230391883959,"NET_PROFIT_RATIO":-160.1406973418,"ROE_AVG":-12.811261713236,"GROSS_PROFIT_QOQ":3.907361900488,"ROA":-12.338857290272,"HOLDER_PROFIT_QOQ":-6.335948550493,"ROE_YEARLY":-12.811261713236,"ROIC_YEARLY":-13.651938675328,"TOTAL_ASSETS":1059338718.97,"TOTAL_LIABILITIES":39210979.92,"TAX_EBT":null,"OCF_SALES":34.650958288747,"TOTAL_PARENT_EQUITY":1021123735.1,"DEBT_ASSET_RATIO":3.7014582039,"OPERATE_PROFIT":-133811846,"PRETAX_PROFIT":-135019547.04,"NETCASH_OPERATE":29215288.62,"NETCASH_INVEST":-23885146.53,"NETCASH_FINANCE":-15834997.29,"END_CASH":86055845.26,"DIVI_RATIO":null,"DIVIDEND_RATE":null,"CURRENT_RATIO":17.471055555556,"COMMON_ACS":null,"CURRENTDEBT_DEBT":82.012028430837,"ISSUED_COMMON_SHARES":1650658676,"HK_COMMON_SHARES":1650658676,"PER_SHARES":4000,"TOTAL_MARKET_CAP":445677842.52,"HKSK_MARKET_CAP":445677842.52,"PE_TTM":-17.54844440367,"PB_TTM":0.432369509032,"REPORT_DATE_SQ":"2021-12-31 00:00:00","REPORT_TYPE_SQ":"2021年年报","OPERATE_INCOME_SQ":89528017.6,"DPS_HKD":null,"OPERATE_INCOME_QOQ_SQ":11.890169271321,"NET_PROFIT_RATIO_SQ":-19.4847535639,"HOLDER_PROFIT_SQ":-17398528,"HOLDER_PROFIT_QOQ_SQ":-121.799593492194,"ROE_AVG_SQ":-1.78820824559,"PE_TTM_SQ":-10.627072948848,"PB_TTM_SQ":0.469652879673,"ROA_SQ":-1.71288904737,"START_DATE":"2022-01-01 00:00:00","FISCAL_YEAR":"12-31","CURRENCY":"HKD","IS_CNY_CODE":0,"DPS_HKD_LY":null,"ORG_TYPE":"一般企业","PREMIUM_INCOME":null,"PREMIUM_INCOME_YOY":null,"NET_INTEREST_INCOME":null,"NET_INTEREST_INCOME_YOY":null,"FEE_COMMISSION_INCOME":null,"FEE_COMMISSION_INCOME_YOY":null,"ACCOUNTS_RECE_TDAYS":6.953001841621,"INVENTORY_TDAYS":1.848055187291,"CURRENT_ASSETS_TDAYS":0.135709145598,"TOTAL_ASSETS_TDAYS":0.077300181402,"PREMIUM_EXPENSE":null,"LOAN_DEPOSIT":null,"LOAN_EQUITY":null,"LOAN_ASSETS":null,"DEPOSIT_EQUITY":null,"DEPOSIT_ASSETS":null,"EQUITY_MULTIPLIER":1.038437323503,"EQUITY_RATIO":0.03839983204},{"SECUCODE":"00128.HK","SECURITY_CODE":"00128","SECURITY_NAME_ABBR":"安宁控股","ORG_CODE":"10007408","STD_REPORT_DATE":"2022-06-30 00:00:00","REPORT_DATE":"2022-06-30 00:00:00","DATE_TYPE_CODE":"002","REPORT_TYPE":"2022年中报","PER_NETCASH_OPERATE":-0.00180243563,"PER_OI":0.021224081059,"BPS":0.611737016224,"BASIC_EPS":-0.057554287,"DILUTED_EPS":null,"OPERATE_INCOME":35033713.54,"OPERATE_INCOME_YOY":-20.5191882348,"GROSS_PROFIT":18323300.94,"GROSS_PROFIT_YOY":-35.929354572087,"HOLDER_PROFIT":-94977401.4,"HOLDER_PROFIT_YOY":-751.340097355,"GROSS_PROFIT_RATIO":52.301908900064,"EPS_TTM":-0.076674679823,"OPERATE_INCOME_QOQ":-8.771950983085,"NET_PROFIT_RATIO":-272.2037787433,"ROE_AVG":-9.295030598444,"GROSS_PROFIT_QOQ":-18.327096445356,"ROA":-8.934763195791,"HOLDER_PROFIT_QOQ":-627.439272333843,"ROE_YEARLY":-18.590061196888,"ROIC_YEARLY":-19.473312304167,"TOTAL_ASSETS":1051747724.79,"TOTAL_LIABILITIES":42894620.02,"TAX_EBT":null,"OCF_SALES":-8.492408338622,"TOTAL_PARENT_EQUITY":1009769013.26,"DEBT_ASSET_RATIO":4.0784133884,"OPERATE_PROFIT":-94855109.23,"PRETAX_PROFIT":-95363092.09,"NETCASH_OPERATE":-2975206.01,"NETCASH_INVEST":-1883128.38,"NETCASH_FINANCE":-8452697.96,"END_CASH":80192021.49,"DIVI_RATIO":null,"DIVIDEND_RATE":null,"CURRENT_RATIO":17.446397563647,"COMMON_ACS":null,"CURRENTDEBT_DEBT":74.630168667012,"ISSUED_COMMON_SHARES":1650658676,"HK_COMMON_SHARES":1650658676,"PER_SHARES":4000,"TOTAL_MARKET_CAP":437424549.14,"HKSK_MARKET_CAP":437424549.14,"PE_TTM":-17.223473211009,"PB_TTM":0.424362666272,"REPORT_DATE_SQ":"2021-06-30 00:00:00","REPORT_TYPE_SQ":"2021年中报","OPERATE_INCOME_SQ":42887067.36,"DPS_HKD":null,"OPERATE_INCOME_QOQ_SQ":-9.437894271215,"NET_PROFIT_RATIO_SQ":33.0390749292,"HOLDER_PROFIT_SQ":14187796.08,"HOLDER_PROFIT_QOQ_SQ":698.150422115457,"ROE_AVG_SQ":1.421910819315,"PE_TTM_SQ":-10.627072948848,"PB_TTM_SQ":0.469652879673,"ROA_SQ":1.364222970567,"START_DATE":"2022-01-01 00:00:00","FISCAL_YEAR":"12-31","CURRENCY":"HKD","IS_CNY_CODE":0,"DPS_HKD_LY":null,"ORG_TYPE":"一般企业","PREMIUM_INCOME":null,"PREMIUM_INCOME_YOY":null,"NET_INTEREST_INCOME":null,"NET_INTEREST_INCOME_YOY":null,"FEE_COMMISSION_INCOME":null,"FEE_COMMISSION_INCOME_YOY":null,"ACCOUNTS_RECE_TDAYS":5.37223788604,"INVENTORY_TDAYS":0.851416122004,"CURRENT_ASSETS_TDAYS":0.057897072499,"TOTAL_ASSETS_TDAYS":0.032957096081,"PREMIUM_EXPENSE":null,"LOAN_DEPOSIT":null,"LOAN_EQUITY":null,"LOAN_ASSETS":null,"DEPOSIT_EQUITY":null,"DEPOSIT_ASSETS":null,"EQUITY_MULTIPLIER":1.042518201924,"EQUITY_RATIO":0.042479635894},{"SECUCODE":"00128.HK","SECURITY_CODE":"00128","SECURITY_NAME_ABBR":"安宁控股","ORG_CODE":"10007408","STD_REPORT_DATE":"2021-12-31 00:00:00","REPORT_DATE":"2021-12-31 00:00:00","DATE_TYPE_CODE":"001","REPORT_TYPE":"2021年年报","PER_NETCASH_OPERATE":-0.007580337826,"PER_OI":0.054237753027,"BPS":0.598794184631,"BASIC_EPS":-0.01054704,"DILUTED_EPS":null,"OPERATE_INCOME":89528017.6,"OPERATE_INCOME_YOY":4.3095154177,"GROSS_PROFIT":56066102.4,"GROSS_PROFIT_YOY":1.61277274186,"HOLDER_PROFIT":-17398528,"HOLDER_PROFIT_YOY":-279.1095025671,"GROSS_PROFIT_RATIO":62.624085624789,"EPS_TTM":-0.01054035474,"OPERATE_INCOME_QOQ":11.890169271321,"NET_PROFIT_RATIO":-19.4847535639,"ROE_AVG":-1.78820824559,"GROSS_PROFIT_QOQ":10.24025952579,"ROA":-1.71288904737,"HOLDER_PROFIT_QOQ":-121.799593492194,"ROE_YEARLY":-1.78820824559,"ROIC_YEARLY":-1.913527098934,"TOTAL_ASSETS":1027051950.4,"TOTAL_LIABILITIES":39130336,"TAX_EBT":null,"OCF_SALES":-13.97612807189,"TOTAL_PARENT_EQUITY":988404816,"DEBT_ASSET_RATIO":3.8099665732,"OPERATE_PROFIT":-20432641.6,"PRETAX_PROFIT":-17444313.6,"NETCASH_OPERATE":-12512550.4,"NETCASH_INVEST":5254715.2,"NETCASH_FINANCE":-16778787.2,"END_CASH":90805926.4,"DIVI_RATIO":null,"DIVIDEND_RATE":null,"CURRENT_RATIO":18.547948206202,"COMMON_ACS":null,"CURRENTDEBT_DEBT":85.846218136231,"ISSUED_COMMON_SHARES":1650658676,"HK_COMMON_SHARES":1650658676,"PER_SHARES":4000,"TOTAL_MARKET_CAP":445677842.52,"HKSK_MARKET_CAP":445677842.52,"PE_TTM":-17.54844440367,"PB_TTM":0.432369509032,"REPORT_DATE_SQ":"2020-12-31 00:00:00","REPORT_TYPE_SQ":"2020年年报","OPERATE_INCOME_SQ":88352842.28,"DPS_HKD":null,"OPERATE_INCOME_QOQ_SQ":-20.298907373368,"NET_PROFIT_RATIO_SQ":11.224363432,"HOLDER_PROFIT_SQ":9999524.84,"HOLDER_PROFIT_QOQ_SQ":118.359571757548,"ROE_AVG_SQ":1.109533386159,"PE_TTM_SQ":-10.112859741646,"PB_TTM_SQ":0.446927740334,"ROA_SQ":1.043680226779,"START_DATE":"2021-01-01 00:00:00","FISCAL_YEAR":"12-31","CURRENCY":"HKD","IS_CNY_CODE":0,"DPS_HKD_LY":null,"ORG_TYPE":"一般企业","PREMIUM_INCOME":null,"PREMIUM_INCOME_YOY":null,"NET_INTEREST_INCOME":null,"NET_INTEREST_INCOME_YOY":null,"FEE_COMMISSION_INCOME":null,"FEE_COMMISSION_INCOME_YOY":null,"ACCOUNTS_RECE_TDAYS":8.049768433434,"INVENTORY_TDAYS":1.867278036317,"CURRENT_ASSETS_TDAYS":0.141193961338,"TOTAL_ASSETS_TDAYS":0.088140537395,"PREMIUM_EXPENSE":null,"LOAN_DEPOSIT":null,"LOAN_EQUITY":null,"LOAN_ASSETS":null,"DEPOSIT_EQUITY":null,"DEPOSIT_ASSETS":null,"EQUITY_MULTIPLIER":1.039608745703,"EQUITY_RATIO":0.039589382171},{"SECUCODE":"00128.HK","SECURITY_CODE":"00128","SECURITY_NAME_ABBR":"安宁控股","ORG_CODE":"10007408","STD_REPORT_DATE":"2021-06-30 00:00:00","REPORT_DATE":"2021-06-30 00:00:00","DATE_TYPE_CODE":"002","REPORT_TYPE":"2021年中报","PER_NETCASH_OPERATE":0.001137226313,"PER_OI":0.025981790169,"BPS":0.618616836131,"BASIC_EPS":0.008570424,"DILUTED_EPS":null,"OPERATE_INCOME":42887067.36,"OPERATE_INCOME_YOY":-8.0920114123,"GROSS_PROFIT":28598589.6,"GROSS_PROFIT_YOY":-13.118359715837,"HOLDER_PROFIT":14187796.08,"HOLDER_PROFIT_YOY":128.0006568684,"GROSS_PROFIT_RATIO":66.683481432618,"EPS_TTM":0.048351152713,"OPERATE_INCOME_QOQ":-9.437894271215,"NET_PROFIT_RATIO":33.0390749292,"ROE_AVG":1.421910819315,"GROSS_PROFIT_QOQ":-7.826076263828,"ROA":1.364222970567,"HOLDER_PROFIT_QOQ":698.150422115457,"ROE_YEARLY":2.843821638629,"ROIC_YEARLY":3.081223887933,"TOTAL_ASSETS":1057761730.08,"TOTAL_LIABILITIES":37110768,"TAX_EBT":null,"OCF_SALES":4.377012921501,"TOTAL_PARENT_EQUITY":1021125247.68,"DEBT_ASSET_RATIO":3.5084241512,"OPERATE_PROFIT":12065160,"PRETAX_PROFIT":14169490.32,"NETCASH_OPERATE":1877172.48,"NETCASH_INVEST":3861683.28,"NETCASH_FINANCE":-8591226,"END_CASH":113761145.52,"DIVI_RATIO":null,"DIVIDEND_RATE":null,"CURRENT_RATIO":18.533230550285,"COMMON_ACS":null,"CURRENTDEBT_DEBT":94.529147982063,"ISSUED_COMMON_SHARES":1650658676,"HK_COMMON_SHARES":1650658676,"PER_SHARES":4000,"TOTAL_MARKET_CAP":437424549.14,"HKSK_MARKET_CAP":437424549.14,"PE_TTM":-17.223473211009,"PB_TTM":0.424362666272,"REPORT_DATE_SQ":"2020-06-30 00:00:00","REPORT_TYPE_SQ":"2020年中报","OPERATE_INCOME_SQ":51225715.2,"DPS_HKD":null,"OPERATE_INCOME_QOQ_SQ":-6.134845406603,"NET_PROFIT_RATIO_SQ":-108.6269614836,"HOLDER_PROFIT_SQ":-55623928.8,"HOLDER_PROFIT_QOQ_SQ":-231.613876601077,"ROE_AVG_SQ":-6.477936506755,"PE_TTM_SQ":-10.627072948848,"PB_TTM_SQ":0.469652879673,"ROA_SQ":-6.006368851905,"START_DATE":"2021-01-01 00:00:00","FISCAL_YEAR":"12-31","CURRENCY":"HKD","IS_CNY_CODE":0,"DPS_HKD_LY":null,"ORG_TYPE":"一般企业","PREMIUM_INCOME":null,"PREMIUM_INCOME_YOY":null,"NET_INTEREST_INCOME":null,"NET_INTEREST_INCOME_YOY":null,"FEE_COMMISSION_INCOME":null,"FEE_COMMISSION_INCOME_YOY":null,"ACCOUNTS_RECE_TDAYS":7.265576543558,"INVENTORY_TDAYS":0.723869743914,"CURRENT_ASSETS_TDAYS":0.065643045087,"TOTAL_ASSETS_TDAYS":0.041237921734,"PREMIUM_EXPENSE":null,"LOAN_DEPOSIT":null,"LOAN_EQUITY":null,"LOAN_ASSETS":null,"DEPOSIT_EQUITY":null,"DEPOSIT_ASSETS":null,"EQUITY_MULTIPLIER":1.036359901062,"EQUITY_RATIO":0.036343012852},{"SECUCODE":"00128.HK","SECURITY_CODE":"00128","SECURITY_NAME_ABBR":"安宁控股","ORG_CODE":"10007408","STD_REPORT_DATE":"2020-12-31 00:00:00","REPORT_DATE":"2020-12-31 00:00:00","DATE_TYPE_CODE":"001","REPORT_TYPE":"2020年年报","PER_NETCASH_OPERATE":0.034697422812,"PER_OI":0.053525809766,"BPS":0.597135253321,"BASIC_EPS":0.006059808,"DILUTED_EPS":null,"OPERATE_INCOME":88352842.28,"OPERATE_INCOME_YOY":-20.3760590408,"GROSS_PROFIT":55176235.12,"GROSS_PROFIT_YOY":-29.514643305201,"HOLDER_PROFIT":9999524.84,"HOLDER_PROFIT_YOY":-74.2818797757,"GROSS_PROFIT_RATIO":62.449869971518,"EPS_TTM":0.006057899786,"OPERATE_INCOME_QOQ":-20.298907373368,"NET_PROFIT_RATIO":11.224363432,"ROE_AVG":1.109533386159,"GROSS_PROFIT_QOQ":-23.392947251392,"ROA":1.043680226779,"HOLDER_PROFIT_QOQ":118.359571757548,"ROE_YEARLY":1.109533386159,"ROIC_YEARLY":1.186604285298,"TOTAL_ASSETS":1033964839.68,"TOTAL_LIABILITIES":48764621.6,"TAX_EBT":null,"OCF_SALES":64.823723291769,"TOTAL_PARENT_EQUITY":985666486.64,"DEBT_ASSET_RATIO":4.7162746477,"OPERATE_PROFIT":-13574811.56,"PRETAX_PROFIT":9917044.12,"NETCASH_OPERATE":57273602,"NETCASH_INVEST":-27910465.68,"NETCASH_FINANCE":-16624073.28,"END_CASH":117848116.08,"DIVI_RATIO":null,"DIVIDEND_RATE":null,"CURRENT_RATIO":16.313002667108,"COMMON_ACS":null,"CURRENTDEBT_DEBT":83.47773558854,"ISSUED_COMMON_SHARES":1650658676,"HK_COMMON_SHARES":1650658676,"PER_SHARES":4000,"TOTAL_MARKET_CAP":437424549.14,"HKSK_MARKET_CAP":437424549.14,"PE_TTM":-17.223473211009,"PB_TTM":0.424362666272,"REPORT_DATE_SQ":"2019-12-31 00:00:00","REPORT_TYPE_SQ":"2019年年报","OPERATE_INCOME_SQ":118100530.98,"DPS_HKD":null,"OPERATE_INCOME_QOQ_SQ":-3.57845823706,"NET_PROFIT_RATIO_SQ":35.0095948908,"HOLDER_PROFIT_SQ":41382348.66,"HOLDER_PROFIT_QOQ_SQ":585.738879246902,"ROE_AVG_SQ":4.876043351051,"PE_TTM_SQ":-10.627072948848,"PB_TTM_SQ":0.469652879673,"ROA_SQ":4.618900930139,"START_DATE":"2020-01-01 00:00:00","FISCAL_YEAR":"12-31","CURRENCY":"HKD","IS_CNY_CODE":0,"DPS_HKD_LY":null,"ORG_TYPE":"一般企业","PREMIUM_INCOME":null,"PREMIUM_INCOME_YOY":null,"NET_INTEREST_INCOME":null,"NET_INTEREST_INCOME_YOY":null,"FEE_COMMISSION_INCOME":null,"FEE_COMMISSION_INCOME_YOY":null,"ACCOUNTS_RECE_TDAYS":4.362589868262,"INVENTORY_TDAYS":1.765332855639,"CURRENT_ASSETS_TDAYS":0.130499506169,"TOTAL_ASSETS_TDAYS":0.092216496226,"PREMIUM_EXPENSE":null,"LOAN_DEPOSIT":null,"LOAN_EQUITY":null,"LOAN_ASSETS":null,"DEPOSIT_EQUITY":null,"DEPOSIT_ASSETS":null,"EQUITY_MULTIPLIER":1.049497168905,"EQUITY_RATIO":0.049473754318},{"SECUCODE":"00128.HK","SECURITY_CODE":"00128","SECURITY_NAME_ABBR":"安宁控股","ORG_CODE":"10007408","STD_REPORT_DATE":"2020-06-30 00:00:00","REPORT_DATE":"2020-06-30 00:00:00","DATE_TYPE_CODE":"002","REPORT_TYPE":"2020年中报","PER_NETCASH_OPERATE":0.009500412258,"PER_OI":0.031033499502,"BPS":0.503342001493,"BASIC_EPS":-0.033705936,"DILUTED_EPS":null,"OPERATE_INCOME":51225715.2,"OPERATE_INCOME_YOY":-15.6311117798,"GROSS_PROFIT":32916723.84,"GROSS_PROFIT_YOY":-15.969042554818,"HOLDER_PROFIT":-55623928.8,"HOLDER_PROFIT_YOY":-233.1736867428,"GROSS_PROFIT_RATIO":64.25820256776,"EPS_TTM":-0.032995866494,"OPERATE_INCOME_QOQ":-6.134845406603,"NET_PROFIT_RATIO":-108.6269614836,"ROE_AVG":-6.477936506755,"GROSS_PROFIT_QOQ":-7.991034551216,"ROA":-6.006368851905,"HOLDER_PROFIT_QOQ":-231.613876601077,"ROE_YEARLY":-12.955873013509,"ROIC_YEARLY":-13.569795478146,"TOTAL_ASSETS":894661500.48,"TOTAL_LIABILITIES":64437711.36,"TAX_EBT":null,"OCF_SALES":30.613409415121,"TOTAL_PARENT_EQUITY":830845841.76,"DEBT_ASSET_RATIO":7.2024683442,"OPERATE_PROFIT":-53799789.12,"PRETAX_PROFIT":-55644937.92,"NETCASH_OPERATE":15681937.92,"NETCASH_INVEST":-24998112.48,"NETCASH_FINANCE":-14163800.64,"END_CASH":90536519.04,"DIVI_RATIO":null,"DIVIDEND_RATE":null,"CURRENT_RATIO":14.2562856217,"COMMON_ACS":null,"CURRENTDEBT_DEBT":74.366352914493,"ISSUED_COMMON_SHARES":1650658676,"HK_COMMON_SHARES":1650658676,"PER_SHARES":4000,"TOTAL_MARKET_CAP":437424549.14,"HKSK_MARKET_CAP":437424549.14,"PE_TTM":-17.223473211009,"PB_TTM":0.424362666272,"REPORT_DATE_SQ":"2019-06-30 00:00:00","REPORT_TYPE_SQ":"2019年中报","OPERATE_INCOME_SQ":58471000.2,"DPS_HKD":null,"OPERATE_INCOME_QOQ_SQ":-1.632894913715,"NET_PROFIT_RATIO_SQ":68.745298631,"HOLDER_PROFIT_SQ":40223333.16,"HOLDER_PROFIT_QOQ_SQ":86.698228998507,"ROE_AVG_SQ":4.827397268951,"PE_TTM_SQ":-10.627072948848,"PB_TTM_SQ":0.469652879673,"ROA_SQ":4.668800637128,"START_DATE":"2020-01-01 00:00:00","FISCAL_YEAR":"12-31","CURRENCY":"HKD","IS_CNY_CODE":0,"DPS_HKD_LY":null,"ORG_TYPE":"一般企业","PREMIUM_INCOME":null,"PREMIUM_INCOME_YOY":null,"NET_INTEREST_INCOME":null,"NET_INTEREST_INCOME_YOY":null,"FEE_COMMISSION_INCOME":null,"FEE_COMMISSION_INCOME_YOY":null,"ACCOUNTS_RECE_TDAYS":3.069092899165,"INVENTORY_TDAYS":0.946409178904,"CURRENT_ASSETS_TDAYS":0.071542612058,"TOTAL_ASSETS_TDAYS":0.055314420759,"PREMIUM_EXPENSE":null,"LOAN_DEPOSIT":null,"LOAN_EQUITY":null,"LOAN_ASSETS":null,"DEPOSIT_EQUITY":null,"DEPOSIT_ASSETS":null,"EQUITY_MULTIPLIER":1.077614869875,"EQUITY_RATIO":0.077556759776}],"count":47},"success":true,"message":"ok","code":0}