{"version":"0b15a75fa4bbe87d1a3117ae7ba302cf","result":{"pages":6,"data":[{"SECUCODE":"00127.HK","SECURITY_CODE":"00127","SECURITY_NAME_ABBR":"华人置业","ORG_CODE":"10007407","STD_REPORT_DATE":"2024-06-30 00:00:00","REPORT_DATE":"2024-06-30 00:00:00","DATE_TYPE_CODE":"002","REPORT_TYPE":"2024年中报","PER_NETCASH_OPERATE":0.026872023584,"PER_OI":0.09335882395,"BPS":6.552975424608,"BASIC_EPS":-0.20170228,"DILUTED_EPS":-0.20170228,"OPERATE_INCOME":178093073.76,"OPERATE_INCOME_YOY":-27.8992602665,"GROSS_PROFIT":150155938.96,"GROSS_PROFIT_YOY":-34.0357363358,"HOLDER_PROFIT":-385402859.68,"HOLDER_PROFIT_YOY":-388.0483495795,"GROSS_PROFIT_RATIO":84.313182871082,"EPS_TTM":-0.23638760779,"OPERATE_INCOME_QOQ":-16.435248343301,"NET_PROFIT_RATIO":-216.2858987762,"ROE_AVG":-3.026192890665,"GROSS_PROFIT_QOQ":-19.86697115216,"ROA":-2.298797387899,"HOLDER_PROFIT_QOQ":-747.650316306037,"ROE_YEARLY":-6.052385781331,"ROIC_YEARLY":-4.790098961775,"TOTAL_ASSETS":16604748661.28,"TOTAL_LIABILITIES":4082418552.68,"TAX_EBT":-1.615081801437,"OCF_SALES":28.783592644979,"TOTAL_PARENT_EQUITY":12500580944.2,"DEBT_ASSET_RATIO":24.5858497226,"OPERATE_PROFIT":-268573430.92,"PRETAX_PROFIT":-379067947.8,"NETCASH_OPERATE":51261584.88,"NETCASH_INVEST":106637531.2,"NETCASH_FINANCE":67340268.44,"END_CASH":763734274.72,"DIVI_RATIO":null,"DIVIDEND_RATE":null,"CURRENT_RATIO":0.590606167193,"COMMON_ACS":5000000000,"CURRENTDEBT_DEBT":59.937232296617,"ISSUED_COMMON_SHARES":1907619079,"HK_COMMON_SHARES":1907619079,"PER_SHARES":500,"TOTAL_MARKET_CAP":2250990513.22,"HKSK_MARKET_CAP":2250990513.22,"PE_TTM":-4.574784141264,"PB_TTM":0.16434708361,"REPORT_DATE_SQ":"2023-06-30 00:00:00","REPORT_TYPE_SQ":"2023年中报","OPERATE_INCOME_SQ":249522823.24,"DPS_HKD":null,"OPERATE_INCOME_QOQ_SQ":-59.354110142366,"NET_PROFIT_RATIO_SQ":54.1997058802,"HOLDER_PROFIT_SQ":135161346.02,"HOLDER_PROFIT_QOQ_SQ":-59.199326854937,"ROE_AVG_SQ":1.037922888317,"PE_TTM_SQ":5.122057686255,"PB_TTM_SQ":0.153743215422,"ROA_SQ":0.769470680343,"START_DATE":"2024-01-01 00:00:00","FISCAL_YEAR":"12-31","CURRENCY":"HKD","IS_CNY_CODE":0,"DPS_HKD_LY":null,"ORG_TYPE":"一般企业","PREMIUM_INCOME":null,"PREMIUM_INCOME_YOY":null,"NET_INTEREST_INCOME":null,"NET_INTEREST_INCOME_YOY":null,"FEE_COMMISSION_INCOME":null,"FEE_COMMISSION_INCOME_YOY":null,"ACCOUNTS_RECE_TDAYS":0.884414913386,"INVENTORY_TDAYS":1.100564484234,"CURRENT_ASSETS_TDAYS":0.124348448655,"TOTAL_ASSETS_TDAYS":0.010622648029,"PREMIUM_EXPENSE":null,"LOAN_DEPOSIT":null,"LOAN_EQUITY":null,"LOAN_ASSETS":null,"DEPOSIT_EQUITY":null,"DEPOSIT_ASSETS":null,"EQUITY_MULTIPLIER":1.326011095161,"EQUITY_RATIO":0.326578306313},{"SECUCODE":"00127.HK","SECURITY_CODE":"00127","SECURITY_NAME_ABBR":"华人置业","ORG_CODE":"10007407","STD_REPORT_DATE":"2023-12-31 00:00:00","REPORT_DATE":"2023-12-31 00:00:00","DATE_TYPE_CODE":"001","REPORT_TYPE":"2023年年报","PER_NETCASH_OPERATE":0.118602660317,"PER_OI":0.227830151399,"BPS":6.75121637053,"BASIC_EPS":0.0362488,"DILUTED_EPS":0.0362488,"OPERATE_INCOME":434613143.58,"OPERATE_INCOME_YOY":-66.5789308636,"GROSS_PROFIT":389975465.04,"GROSS_PROFIT_YOY":-68.289282017305,"HOLDER_PROFIT":69626695.04,"HOLDER_PROFIT_YOY":-93.3319157984,"GROSS_PROFIT_RATIO":89.729330739446,"EPS_TTM":0.036499265397,"OPERATE_INCOME_QOQ":-16.582994241048,"NET_PROFIT_RATIO":16.0843972652,"ROE_AVG":0.545081028943,"GROSS_PROFIT_QOQ":-15.955122425747,"ROA":0.404592092871,"HOLDER_PROFIT_QOQ":-83.419995618831,"ROE_YEARLY":0.545081028943,"ROIC_YEARLY":0.435283145789,"TOTAL_ASSETS":16806272198.52,"TOTAL_LIABILITIES":3906138970.3,"TAX_EBT":26.039099878232,"OCF_SALES":52.057490893244,"TOTAL_PARENT_EQUITY":12878749154.88,"DEBT_ASSET_RATIO":23.2421498602,"OPERATE_PROFIT":28452589.34,"PRETAX_PROFIT":94516027.34,"NETCASH_OPERATE":226248697.64,"NETCASH_INVEST":-248498211.08,"NETCASH_FINANCE":-1287986924.28,"END_CASH":536688858.16,"DIVI_RATIO":null,"DIVIDEND_RATE":null,"CURRENT_RATIO":0.618173029297,"COMMON_ACS":5000000000,"CURRENTDEBT_DEBT":58.361043670316,"ISSUED_COMMON_SHARES":1907619079,"HK_COMMON_SHARES":1907619079,"PER_SHARES":500,"TOTAL_MARKET_CAP":2270066704.01,"HKSK_MARKET_CAP":2270066704.01,"PE_TTM":-4.613553498393,"PB_TTM":0.165739855505,"REPORT_DATE_SQ":"2022-12-31 00:00:00","REPORT_TYPE_SQ":"2022年年报","OPERATE_INCOME_SQ":1281833517.3,"DPS_HKD":null,"OPERATE_INCOME_QOQ_SQ":-12.732312908347,"NET_PROFIT_RATIO_SQ":80.3016048892,"HOLDER_PROFIT_SQ":1029256958.45,"HOLDER_PROFIT_QOQ_SQ":149.044569093321,"ROE_AVG_SQ":8.127168478096,"PE_TTM_SQ":4.543042469548,"PB_TTM_SQ":0.136363547591,"ROA_SQ":5.616331906262,"START_DATE":"2023-01-01 00:00:00","FISCAL_YEAR":"12-31","CURRENCY":"HKD","IS_CNY_CODE":0,"DPS_HKD_LY":null,"ORG_TYPE":"一般企业","PREMIUM_INCOME":null,"PREMIUM_INCOME_YOY":null,"NET_INTEREST_INCOME":null,"NET_INTEREST_INCOME_YOY":null,"FEE_COMMISSION_INCOME":null,"FEE_COMMISSION_INCOME_YOY":null,"ACCOUNTS_RECE_TDAYS":2.090176902057,"INVENTORY_TDAYS":1.779740935451,"CURRENT_ASSETS_TDAYS":0.206989866284,"TOTAL_ASSETS_TDAYS":0.025254830959,"PREMIUM_EXPENSE":null,"LOAN_DEPOSIT":null,"LOAN_EQUITY":null,"LOAN_ASSETS":null,"DEPOSIT_EQUITY":null,"DEPOSIT_ASSETS":null,"EQUITY_MULTIPLIER":1.302798343334,"EQUITY_RATIO":0.303301114365},{"SECUCODE":"00127.HK","SECURITY_CODE":"00127","SECURITY_NAME_ABBR":"华人置业","ORG_CODE":"10007407","STD_REPORT_DATE":"2023-06-30 00:00:00","REPORT_DATE":"2023-06-30 00:00:00","DATE_TYPE_CODE":"002","REPORT_TYPE":"2023年中报","PER_NETCASH_OPERATE":0.098478716704,"PER_OI":0.130803275133,"BPS":6.896414889547,"BASIC_EPS":0.07099246,"DILUTED_EPS":0.07099246,"OPERATE_INCOME":249522823.24,"OPERATE_INCOME_YOY":-77.0922596929,"GROSS_PROFIT":227632252.1,"GROSS_PROFIT_YOY":-77.085870575825,"HOLDER_PROFIT":135161346.02,"HOLDER_PROFIT_YOY":-83.1599346151,"GROSS_PROFIT_RATIO":91.227026507734,"EPS_TTM":0.220140263883,"OPERATE_INCOME_QOQ":-59.354110142366,"NET_PROFIT_RATIO":54.1997058802,"ROE_AVG":1.037922888317,"GROSS_PROFIT_QOQ":-62.269303141433,"ROA":0.769470680343,"HOLDER_PROFIT_QOQ":-59.199326854937,"ROE_YEARLY":2.075845776634,"ROIC_YEARLY":1.671480376761,"TOTAL_ASSETS":17212759015.18,"TOTAL_LIABILITIES":4035474190.7,"TAX_EBT":14.680820125055,"OCF_SALES":75.287653618487,"TOTAL_PARENT_EQUITY":13155732620,"DEBT_ASSET_RATIO":23.4446679184,"OPERATE_PROFIT":223008522.4,"PRETAX_PROFIT":158511411.5,"NETCASH_OPERATE":187859878.86,"NETCASH_INVEST":-27871455.4,"NETCASH_FINANCE":-1173341251.36,"END_CASH":862944698.62,"DIVI_RATIO":null,"DIVIDEND_RATE":null,"CURRENT_RATIO":0.776261149288,"COMMON_ACS":5000000000,"CURRENTDEBT_DEBT":50.632641567844,"ISSUED_COMMON_SHARES":1907619079,"HK_COMMON_SHARES":1907619079,"PER_SHARES":500,"TOTAL_MARKET_CAP":2270066704.01,"HKSK_MARKET_CAP":2270066704.01,"PE_TTM":-4.613553498393,"PB_TTM":0.165739855505,"REPORT_DATE_SQ":"2022-06-30 00:00:00","REPORT_TYPE_SQ":"2022年中报","OPERATE_INCOME_SQ":1010343700.94,"DPS_HKD":null,"OPERATE_INCOME_QOQ_SQ":38.214006072386,"NET_PROFIT_RATIO_SQ":73.6877299128,"HOLDER_PROFIT_SQ":744474537.03,"HOLDER_PROFIT_QOQ_SQ":26.982157919875,"ROE_AVG_SQ":6.152206468744,"PE_TTM_SQ":4.543042469548,"PB_TTM_SQ":0.136363547591,"ROA_SQ":4.226119585848,"START_DATE":"2023-01-01 00:00:00","FISCAL_YEAR":"12-31","CURRENCY":"HKD","IS_CNY_CODE":0,"DPS_HKD_LY":null,"ORG_TYPE":"一般企业","PREMIUM_INCOME":null,"PREMIUM_INCOME_YOY":null,"NET_INTEREST_INCOME":null,"NET_INTEREST_INCOME_YOY":null,"FEE_COMMISSION_INCOME":null,"FEE_COMMISSION_INCOME_YOY":null,"ACCOUNTS_RECE_TDAYS":1.194729976405,"INVENTORY_TDAYS":0.839123520057,"CURRENT_ASSETS_TDAYS":0.112784489768,"TOTAL_ASSETS_TDAYS":0.014205281481,"PREMIUM_EXPENSE":null,"LOAN_DEPOSIT":null,"LOAN_EQUITY":null,"LOAN_ASSETS":null,"DEPOSIT_EQUITY":null,"DEPOSIT_ASSETS":null,"EQUITY_MULTIPLIER":1.306244741952,"EQUITY_RATIO":0.306746443339},{"SECUCODE":"00127.HK","SECURITY_CODE":"00127","SECURITY_NAME_ABBR":"华人置业","ORG_CODE":"10007407","STD_REPORT_DATE":"2022-12-31 00:00:00","REPORT_DATE":"2022-12-31 00:00:00","DATE_TYPE_CODE":"001","REPORT_TYPE":"2022年年报","PER_NETCASH_OPERATE":-0.06559821567,"PER_OI":0.671954653532,"BPS":6.546117342633,"BASIC_EPS":0.53953508,"DILUTED_EPS":0.53953508,"OPERATE_INCOME":1281833517.3,"OPERATE_INCOME_YOY":10.3986225849,"GROSS_PROFIT":1229790713.83,"GROSS_PROFIT_YOY":47.846910349071,"HOLDER_PROFIT":1029256958.45,"HOLDER_PROFIT_YOY":132.7776679406,"GROSS_PROFIT_RATIO":95.93997170712,"EPS_TTM":0.539550568444,"OPERATE_INCOME_QOQ":-12.732312908347,"NET_PROFIT_RATIO":80.3016048892,"ROE_AVG":8.127168478096,"GROSS_PROFIT_QOQ":-1.732657046694,"ROA":5.616331906262,"HOLDER_PROFIT_QOQ":149.044569093321,"ROE_YEARLY":8.127168478096,"ROIC_YEARLY":6.319432047191,"TOTAL_ASSETS":17360269214.05,"TOTAL_LIABILITIES":4851949647.44,"TAX_EBT":2.274953462042,"OCF_SALES":-9.762297995108,"TOTAL_PARENT_EQUITY":12487498336.18,"DEBT_ASSET_RATIO":27.9485852876,"OPERATE_PROFIT":1131670363.95,"PRETAX_PROFIT":1053294854.15,"NETCASH_OPERATE":-125136407.76,"NETCASH_INVEST":160718031.67,"NETCASH_FINANCE":-416168240.11,"END_CASH":1821170291.36,"DIVI_RATIO":null,"DIVIDEND_RATE":null,"CURRENT_RATIO":1.006136073985,"COMMON_ACS":5000000000,"CURRENTDEBT_DEBT":56.338085215749,"ISSUED_COMMON_SHARES":1907619079,"HK_COMMON_SHARES":1907619079,"PER_SHARES":500,"TOTAL_MARKET_CAP":2270066704.01,"HKSK_MARKET_CAP":2270066704.01,"PE_TTM":-4.613553498393,"PB_TTM":0.165739855505,"REPORT_DATE_SQ":"2021-12-31 00:00:00","REPORT_TYPE_SQ":"2021年年报","OPERATE_INCOME_SQ":1062737737.6,"DPS_HKD":null,"OPERATE_INCOME_QOQ_SQ":-22.398122371401,"NET_PROFIT_RATIO_SQ":-270.3091029107,"HOLDER_PROFIT_SQ":-2874113368,"HOLDER_PROFIT_QOQ_SQ":-1176.09117350758,"ROE_AVG_SQ":-16.299315147364,"PE_TTM_SQ":4.543042469548,"PB_TTM_SQ":0.136363547591,"ROA_SQ":-11.902882463782,"START_DATE":"2022-01-01 00:00:00","FISCAL_YEAR":"12-31","CURRENCY":"HKD","IS_CNY_CODE":0,"DPS_HKD_LY":null,"ORG_TYPE":"一般企业","PREMIUM_INCOME":null,"PREMIUM_INCOME_YOY":null,"NET_INTEREST_INCOME":null,"NET_INTEREST_INCOME_YOY":null,"FEE_COMMISSION_INCOME":null,"FEE_COMMISSION_INCOME_YOY":null,"ACCOUNTS_RECE_TDAYS":5.146699902266,"INVENTORY_TDAYS":2.126779586771,"CURRENT_ASSETS_TDAYS":0.400495892726,"TOTAL_ASSETS_TDAYS":0.069945628471,"PREMIUM_EXPENSE":null,"LOAN_DEPOSIT":null,"LOAN_EQUITY":null,"LOAN_ASSETS":null,"DEPOSIT_EQUITY":null,"DEPOSIT_ASSETS":null,"EQUITY_MULTIPLIER":1.387897800469,"EQUITY_RATIO":0.388544568081},{"SECUCODE":"00127.HK","SECURITY_CODE":"00127","SECURITY_NAME_ABBR":"华人置业","ORG_CODE":"10007407","STD_REPORT_DATE":"2022-06-30 00:00:00","REPORT_DATE":"2022-06-30 00:00:00","DATE_TYPE_CODE":"002","REPORT_TYPE":"2022年中报","PER_NETCASH_OPERATE":-0.079235636403,"PER_OI":0.529635980297,"BPS":6.242334567534,"BASIC_EPS":0.38996664,"DILUTED_EPS":0.38996664,"OPERATE_INCOME":1010343700.94,"OPERATE_INCOME_YOY":62.6934300237,"GROSS_PROFIT":993414359.7,"GROSS_PROFIT_YOY":73.14714426324,"HOLDER_PROFIT":744474537.03,"HOLDER_PROFIT_YOY":2434.880914065,"GROSS_PROFIT_RATIO":98.32439780401,"EPS_TTM":-1.100122966557,"OPERATE_INCOME_QOQ":38.214006072386,"NET_PROFIT_RATIO":73.6877299128,"ROE_AVG":6.152206468744,"GROSS_PROFIT_QOQ":50.453757988881,"ROA":4.226119585848,"HOLDER_PROFIT_QOQ":26.982157919875,"ROE_YEARLY":12.304412937487,"ROIC_YEARLY":9.479660621884,"TOTAL_ASSETS":16762463739.35,"TOTAL_LIABILITIES":4834581487.75,"TAX_EBT":1.168181859464,"OCF_SALES":-14.960395318877,"TOTAL_PARENT_EQUITY":11907996518.53,"DEBT_ASSET_RATIO":28.8417118326,"OPERATE_PROFIT":763080050.67,"PRETAX_PROFIT":753299242.64,"NETCASH_OPERATE":-151151411.74,"NETCASH_INVEST":47460479.43,"NETCASH_FINANCE":-352289534.17,"END_CASH":1653125029.5,"DIVI_RATIO":null,"DIVIDEND_RATE":null,"CURRENT_RATIO":0.897150289411,"COMMON_ACS":5000000000,"CURRENTDEBT_DEBT":67.810444480805,"ISSUED_COMMON_SHARES":1907619079,"HK_COMMON_SHARES":1907619079,"PER_SHARES":500,"TOTAL_MARKET_CAP":2270066704.01,"HKSK_MARKET_CAP":2270066704.01,"PE_TTM":-4.613553498393,"PB_TTM":0.165739855505,"REPORT_DATE_SQ":"2021-06-30 00:00:00","REPORT_TYPE_SQ":"2021年中报","OPERATE_INCOME_SQ":604229037.36,"DPS_HKD":null,"OPERATE_INCOME_QOQ_SQ":-46.501103376734,"NET_PROFIT_RATIO_SQ":-4.8845513498,"HOLDER_PROFIT_SQ":-31023270.72,"HOLDER_PROFIT_QOQ_SQ":-143.00735978793,"ROE_AVG_SQ":-0.139283070988,"PE_TTM_SQ":4.543042469548,"PB_TTM_SQ":0.136363547591,"ROA_SQ":-0.103409000974,"START_DATE":"2022-01-01 00:00:00","FISCAL_YEAR":"12-31","CURRENCY":"HKD","IS_CNY_CODE":0,"DPS_HKD_LY":null,"ORG_TYPE":"一般企业","PREMIUM_INCOME":null,"PREMIUM_INCOME_YOY":null,"NET_INTEREST_INCOME":null,"NET_INTEREST_INCOME_YOY":null,"FEE_COMMISSION_INCOME":null,"FEE_COMMISSION_INCOME_YOY":null,"ACCOUNTS_RECE_TDAYS":3.807778152008,"INVENTORY_TDAYS":0.722930285213,"CURRENT_ASSETS_TDAYS":0.313942108266,"TOTAL_ASSETS_TDAYS":0.057353651342,"PREMIUM_EXPENSE":null,"LOAN_DEPOSIT":null,"LOAN_EQUITY":null,"LOAN_ASSETS":null,"DEPOSIT_EQUITY":null,"DEPOSIT_ASSETS":null,"EQUITY_MULTIPLIER":1.405317673814,"EQUITY_RATIO":0.405994533188},{"SECUCODE":"00127.HK","SECURITY_CODE":"00127","SECURITY_NAME_ABBR":"华人置业","ORG_CODE":"10007407","STD_REPORT_DATE":"2021-12-31 00:00:00","REPORT_DATE":"2021-12-31 00:00:00","DATE_TYPE_CODE":"001","REPORT_TYPE":"2021年年报","PER_NETCASH_OPERATE":0.60280595925,"PER_OI":0.557101650586,"BPS":6.161343003427,"BASIC_EPS":-1.5068368,"DILUTED_EPS":-1.5068368,"OPERATE_INCOME":1062737737.6,"OPERATE_INCOME_YOY":-57.2631469582,"GROSS_PROFIT":831800076.8,"GROSS_PROFIT_YOY":-66.628399287427,"HOLDER_PROFIT":-2874113368,"HOLDER_PROFIT_YOY":-664.9499464027,"GROSS_PROFIT_RATIO":78.26955300171,"EPS_TTM":-1.506649519099,"OPERATE_INCOME_QOQ":-22.398122371401,"NET_PROFIT_RATIO":-270.3091029107,"ROE_AVG":-16.299315147364,"GROSS_PROFIT_QOQ":-35.777293205968,"ROA":-11.902882463782,"HOLDER_PROFIT_QOQ":-1176.09117350758,"ROE_YEARLY":-16.299315147364,"ROIC_YEARLY":-12.809164633988,"TOTAL_ASSETS":17657764432,"TOTAL_LIABILITIES":5885281024,"TAX_EBT":-0.953579514763,"OCF_SALES":108.203944220226,"TOTAL_PARENT_EQUITY":11753495465.6,"DEBT_ASSET_RATIO":33.3297062981,"OPERATE_PROFIT":-2672899555.2,"PRETAX_PROFIT":-2845542336,"NETCASH_OPERATE":1149924148.8,"NETCASH_INVEST":1161192312,"NETCASH_FINANCE":-1621882931.2,"END_CASH":2027544982.4,"DIVI_RATIO":null,"DIVIDEND_RATE":null,"CURRENT_RATIO":1.000790899223,"COMMON_ACS":5000000000,"CURRENTDEBT_DEBT":56.735521460802,"ISSUED_COMMON_SHARES":1907619079,"HK_COMMON_SHARES":1907619079,"PER_SHARES":500,"TOTAL_MARKET_CAP":2270066704.01,"HKSK_MARKET_CAP":2270066704.01,"PE_TTM":-4.613553498393,"PB_TTM":0.165739855505,"REPORT_DATE_SQ":"2020-12-31 00:00:00","REPORT_TYPE_SQ":"2020年年报","OPERATE_INCOME_SQ":2559817760.96,"DPS_HKD":null,"OPERATE_INCOME_QOQ_SQ":470.334634027764,"NET_PROFIT_RATIO_SQ":20.4593577304,"HOLDER_PROFIT_SQ":523696182.12,"HOLDER_PROFIT_QOQ_SQ":-23.265363704087,"ROE_AVG_SQ":1.996649708345,"PE_TTM_SQ":4.543042469548,"PB_TTM_SQ":0.136363547591,"ROA_SQ":1.450744993353,"START_DATE":"2021-01-01 00:00:00","FISCAL_YEAR":"12-31","CURRENCY":"HKD","IS_CNY_CODE":0,"DPS_HKD_LY":0.01,"ORG_TYPE":"一般企业","PREMIUM_INCOME":null,"PREMIUM_INCOME_YOY":null,"NET_INTEREST_INCOME":null,"NET_INTEREST_INCOME_YOY":null,"FEE_COMMISSION_INCOME":null,"FEE_COMMISSION_INCOME_YOY":null,"ACCOUNTS_RECE_TDAYS":4.280199615718,"INVENTORY_TDAYS":2.133916564677,"CURRENT_ASSETS_TDAYS":0.31099358765,"TOTAL_ASSETS_TDAYS":0.044012329233,"PREMIUM_EXPENSE":null,"LOAN_DEPOSIT":null,"LOAN_EQUITY":null,"LOAN_ASSETS":null,"DEPOSIT_EQUITY":null,"DEPOSIT_ASSETS":null,"EQUITY_MULTIPLIER":1.499918396147,"EQUITY_RATIO":0.500726021567},{"SECUCODE":"00127.HK","SECURITY_CODE":"00127","SECURITY_NAME_ABBR":"华人置业","ORG_CODE":"10007407","STD_REPORT_DATE":"2021-06-30 00:00:00","REPORT_DATE":"2021-06-30 00:00:00","DATE_TYPE_CODE":"002","REPORT_TYPE":"2021年中报","PER_NETCASH_OPERATE":-0.304996405711,"PER_OI":0.316745121713,"BPS":10.807960741013,"BASIC_EPS":-0.0166416,"DILUTED_EPS":-0.0166416,"OPERATE_INCOME":604229037.36,"OPERATE_INCOME_YOY":-63.0379954302,"GROSS_PROFIT":573739962,"GROSS_PROFIT_YOY":-67.605409352132,"HOLDER_PROFIT":-31023270.72,"HOLDER_PROFIT_YOY":-104.7439279021,"GROSS_PROFIT_RATIO":94.954053268739,"EPS_TTM":-0.118067544889,"OPERATE_INCOME_QOQ":-46.501103376734,"NET_PROFIT_RATIO":-4.8845513498,"ROE_AVG":-0.139283070988,"GROSS_PROFIT_QOQ":-48.037691996386,"ROA":-0.103409000974,"HOLDER_PROFIT_QOQ":-143.00735978793,"ROE_YEARLY":-0.278566141975,"ROIC_YEARLY":-0.213974385687,"TOTAL_ASSETS":28823582367.84,"TOTAL_LIABILITIES":8186738598.72,"TAX_EBT":-33.145645645646,"OCF_SALES":-96.290798122195,"TOTAL_PARENT_EQUITY":20617472114.64,"DEBT_ASSET_RATIO":28.4029184653,"OPERATE_PROFIT":2291548.32,"PRETAX_PROFIT":-22166611.2,"NETCASH_OPERATE":-581816962.56,"NETCASH_INVEST":-850208526.96,"NETCASH_FINANCE":645253909.68,"END_CASH":562514370.72,"DIVI_RATIO":null,"DIVIDEND_RATE":null,"CURRENT_RATIO":0.59404152128,"COMMON_ACS":5000000000,"CURRENTDEBT_DEBT":77.085490590193,"ISSUED_COMMON_SHARES":1907619079,"HK_COMMON_SHARES":1907619079,"PER_SHARES":500,"TOTAL_MARKET_CAP":2270066704.01,"HKSK_MARKET_CAP":2270066704.01,"PE_TTM":-4.613553498393,"PB_TTM":0.165739855505,"REPORT_DATE_SQ":"2020-06-30 00:00:00","REPORT_TYPE_SQ":"2020年中报","OPERATE_INCOME_SQ":1794572540.64,"DPS_HKD":null,"OPERATE_INCOME_QOQ_SQ":-7.039070748228,"NET_PROFIT_RATIO_SQ":352.9659285339,"HOLDER_PROFIT_SQ":717900812.64,"HOLDER_PROFIT_QOQ_SQ":-3.57986862538,"ROE_AVG_SQ":2.372577264434,"PE_TTM_SQ":4.543042469548,"PB_TTM_SQ":0.136363547591,"ROA_SQ":1.73435647723,"START_DATE":"2021-01-01 00:00:00","FISCAL_YEAR":"12-31","CURRENCY":"HKD","IS_CNY_CODE":0,"DPS_HKD_LY":0.01,"ORG_TYPE":"一般企业","PREMIUM_INCOME":null,"PREMIUM_INCOME_YOY":null,"NET_INTEREST_INCOME":null,"NET_INTEREST_INCOME_YOY":null,"FEE_COMMISSION_INCOME":null,"FEE_COMMISSION_INCOME_YOY":null,"ACCOUNTS_RECE_TDAYS":1.603543324909,"INVENTORY_TDAYS":0.1531347232,"CURRENT_ASSETS_TDAYS":0.165462648277,"TOTAL_ASSETS_TDAYS":0.020140597578,"PREMIUM_EXPENSE":null,"LOAN_DEPOSIT":null,"LOAN_EQUITY":null,"LOAN_ASSETS":null,"DEPOSIT_EQUITY":null,"DEPOSIT_ASSETS":null,"EQUITY_MULTIPLIER":1.396704975349,"EQUITY_RATIO":0.397077709294},{"SECUCODE":"00127.HK","SECURITY_CODE":"00127","SECURITY_NAME_ABBR":"华人置业","ORG_CODE":"10007407","STD_REPORT_DATE":"2020-12-31 00:00:00","REPORT_DATE":"2020-12-31 00:00:00","DATE_TYPE_CODE":"001","REPORT_TYPE":"2020年年报","PER_NETCASH_OPERATE":3.458687987865,"PER_OI":1.341891465199,"BPS":12.688351878305,"BASIC_EPS":0.27437464,"DILUTED_EPS":0.27437464,"OPERATE_INCOME":2559817760.96,"OPERATE_INCOME_YOY":132.1813318351,"GROSS_PROFIT":2492538742.64,"GROSS_PROFIT_YOY":119.710490057729,"HOLDER_PROFIT":523696182.12,"HOLDER_PROFIT_YOY":-21.2529756368,"GROSS_PROFIT_RATIO":97.371726247623,"EPS_TTM":0.274528698043,"OPERATE_INCOME_QOQ":470.334634027764,"NET_PROFIT_RATIO":20.4593577304,"ROE_AVG":1.996649708345,"GROSS_PROFIT_QOQ":491.545239376627,"ROA":1.450744993353,"HOLDER_PROFIT_QOQ":-23.265363704087,"ROE_YEARLY":1.996649708345,"ROIC_YEARLY":1.490050025381,"TOTAL_ASSETS":31535728141.56,"TOTAL_LIABILITIES":7313118531.56,"TAX_EBT":10.148351156458,"OCF_SALES":257.747223047848,"TOTAL_PARENT_EQUITY":24204542124.12,"DEBT_ASSET_RATIO":23.1899466495,"OPERATE_PROFIT":796666124.96,"PRETAX_PROFIT":582874415.44,"NETCASH_OPERATE":6597859193.96,"NETCASH_INVEST":-54910276.88,"NETCASH_FINANCE":-5532236065.68,"END_CASH":1362537729.12,"DIVI_RATIO":null,"DIVIDEND_RATE":null,"CURRENT_RATIO":0.738979977623,"COMMON_ACS":5000000000,"CURRENTDEBT_DEBT":66.530626947764,"ISSUED_COMMON_SHARES":1907619079,"HK_COMMON_SHARES":1907619079,"PER_SHARES":500,"TOTAL_MARKET_CAP":2270066704.01,"HKSK_MARKET_CAP":2270066704.01,"PE_TTM":-4.613553498393,"PB_TTM":0.165739855505,"REPORT_DATE_SQ":"2019-12-31 00:00:00","REPORT_TYPE_SQ":"2019年年报","OPERATE_INCOME_SQ":1173428802.56,"DPS_HKD":null,"OPERATE_INCOME_QOQ_SQ":-4.327162514585,"NET_PROFIT_RATIO_SQ":146.8780265165,"HOLDER_PROFIT_SQ":707815795.26,"HOLDER_PROFIT_QOQ_SQ":-63.502088081102,"ROE_AVG_SQ":2.336690502132,"PE_TTM_SQ":4.543042469548,"PB_TTM_SQ":0.136363547591,"ROA_SQ":1.629168454765,"START_DATE":"2020-01-01 00:00:00","FISCAL_YEAR":"12-31","CURRENCY":"HKD","IS_CNY_CODE":0,"DPS_HKD_LY":0.02,"ORG_TYPE":"一般企业","PREMIUM_INCOME":null,"PREMIUM_INCOME_YOY":null,"NET_INTEREST_INCOME":null,"NET_INTEREST_INCOME_YOY":null,"FEE_COMMISSION_INCOME":null,"FEE_COMMISSION_INCOME_YOY":null,"ACCOUNTS_RECE_TDAYS":10.217415331175,"INVENTORY_TDAYS":0.344107961516,"CURRENT_ASSETS_TDAYS":0.470600067446,"TOTAL_ASSETS_TDAYS":0.070912161047,"PREMIUM_EXPENSE":null,"LOAN_DEPOSIT":null,"LOAN_EQUITY":null,"LOAN_ASSETS":null,"DEPOSIT_EQUITY":null,"DEPOSIT_ASSETS":null,"EQUITY_MULTIPLIER":1.301912909026,"EQUITY_RATIO":0.302138271985},{"SECUCODE":"00127.HK","SECURITY_CODE":"00127","SECURITY_NAME_ABBR":"华人置业","ORG_CODE":"10007407","STD_REPORT_DATE":"2020-06-30 00:00:00","REPORT_DATE":"2020-06-30 00:00:00","DATE_TYPE_CODE":"002","REPORT_TYPE":"2020年中报","PER_NETCASH_OPERATE":1.988904248907,"PER_OI":0.940739459149,"BPS":15.649528578782,"BASIC_EPS":0.37633728,"DILUTED_EPS":0.37633728,"OPERATE_INCOME":1794572540.64,"OPERATE_INCOME_YOY":-17.4850388157,"GROSS_PROFIT":1771098046.08,"GROSS_PROFIT_YOY":689.32609228496,"HOLDER_PROFIT":717900812.64,"HOLDER_PROFIT_YOY":-6.9812774509,"GROSS_PROFIT_RATIO":92.227376627343,"EPS_TTM":0.357763731341,"OPERATE_INCOME_QOQ":-7.039070748228,"NET_PROFIT_RATIO":352.9659285339,"ROE_AVG":2.372577264434,"GROSS_PROFIT_QOQ":-8.029497359464,"ROA":1.73435647723,"HOLDER_PROFIT_QOQ":-3.57986862538,"ROE_YEARLY":4.745154528867,"ROIC_YEARLY":3.513878607973,"TOTAL_ASSETS":38655922166.4,"TOTAL_LIABILITIES":8782956700.32,"TAX_EBT":8.053578217764,"OCF_SALES":1865.28949743802,"TOTAL_PARENT_EQUITY":29853339294.24,"DEBT_ASSET_RATIO":22.7208567487,"OPERATE_PROFIT":915757397.28,"PRETAX_PROFIT":780831348,"NETCASH_OPERATE":5412680064,"NETCASH_INVEST":-488180700.48,"NETCASH_FINANCE":-4939772080.32,"END_CASH":360930287.52,"DIVI_RATIO":null,"DIVIDEND_RATE":null,"CURRENT_RATIO":0.907603814086,"COMMON_ACS":5000000000,"CURRENTDEBT_DEBT":59.734850450633,"ISSUED_COMMON_SHARES":1907619079,"HK_COMMON_SHARES":1907619079,"PER_SHARES":500,"TOTAL_MARKET_CAP":2270066704.01,"HKSK_MARKET_CAP":2270066704.01,"PE_TTM":-4.613553498393,"PB_TTM":0.165739855505,"REPORT_DATE_SQ":"2019-06-30 00:00:00","REPORT_TYPE_SQ":"2019年中报","OPERATE_INCOME_SQ":237389445.9,"DPS_HKD":null,"OPERATE_INCOME_QOQ_SQ":-31.728238954208,"NET_PROFIT_RATIO_SQ":313.6227372946,"HOLDER_PROFIT_SQ":743239688.22,"HOLDER_PROFIT_QOQ_SQ":118.001194695894,"ROE_AVG_SQ":2.493864233061,"PE_TTM_SQ":4.543042469548,"PB_TTM_SQ":0.136363547591,"ROA_SQ":1.735705074862,"START_DATE":"2020-01-01 00:00:00","FISCAL_YEAR":"12-31","CURRENCY":"HKD","IS_CNY_CODE":0,"DPS_HKD_LY":0.02,"ORG_TYPE":"一般企业","PREMIUM_INCOME":null,"PREMIUM_INCOME_YOY":null,"NET_INTEREST_INCOME":null,"NET_INTEREST_INCOME_YOY":null,"FEE_COMMISSION_INCOME":null,"FEE_COMMISSION_INCOME_YOY":null,"ACCOUNTS_RECE_TDAYS":6.444392325633,"INVENTORY_TDAYS":0.076848620472,"CURRENT_ASSETS_TDAYS":0.032116694836,"TOTAL_ASSETS_TDAYS":0.004913978021,"PREMIUM_EXPENSE":null,"LOAN_DEPOSIT":null,"LOAN_EQUITY":null,"LOAN_ASSETS":null,"DEPOSIT_EQUITY":null,"DEPOSIT_ASSETS":null,"EQUITY_MULTIPLIER":1.294010204989,"EQUITY_RATIO":0.294203493075}],"count":46},"success":true,"message":"ok","code":0}