{"version":"82c59f882ee06e24186434fa118d6c0f","result":{"pages":6,"data":[{"SECUCODE":"00122.HK","SECURITY_CODE":"00122","SECURITY_NAME_ABBR":"鳄鱼恤","ORG_CODE":"10007402","STD_REPORT_DATE":"2024-12-31 00:00:00","REPORT_DATE":"2024-07-31 00:00:00","DATE_TYPE_CODE":"001","REPORT_TYPE":"2024年年报","PER_NETCASH_OPERATE":-0.001641883685,"PER_OI":0.061259933398,"BPS":18.527079792007,"BASIC_EPS":-0.021737968,"DILUTED_EPS":-0.021737968,"OPERATE_INCOME":87069695.44,"OPERATE_INCOME_YOY":9.7299599429,"GROSS_PROFIT":71587330.08,"GROSS_PROFIT_YOY":7.495914960838,"HOLDER_PROFIT":-30906275.68,"HOLDER_PROFIT_YOY":68.8948945636,"GROSS_PROFIT_RATIO":82.218422515709,"EPS_TTM":-0.434896753187,"OPERATE_INCOME_QOQ":0,"NET_PROFIT_RATIO":-35.4960190498,"ROE_AVG":-2.315203004468,"GROSS_PROFIT_QOQ":0,"ROA":-1.479992783297,"HOLDER_PROFIT_QOQ":0,"ROE_YEARLY":-2.315203004468,"ROIC_YEARLY":-1.619739007478,"TOTAL_ASSETS":2035752482.96,"TOTAL_LIABILITIES":719111162,"TAX_EBT":37.114609080265,"OCF_SALES":-2.680191756968,"TOTAL_PARENT_EQUITY":1316641320.96,"DEBT_ASSET_RATIO":35.3240960293,"OPERATE_PROFIT":-6923268.8,"PRETAX_PROFIT":-49146988.24,"NETCASH_OPERATE":-2333634.8,"NETCASH_INVEST":3784963.84,"NETCASH_FINANCE":-60160283.12,"END_CASH":150773815.36,"DIVI_RATIO":null,"DIVIDEND_RATE":null,"CURRENT_RATIO":1.368561443947,"COMMON_ACS":null,"CURRENTDEBT_DEBT":27.331533991681,"ISSUED_COMMON_SHARES":71065777,"HK_COMMON_SHARES":71065777,"PER_SHARES":2000,"TOTAL_MARKET_CAP":144263527.31,"HKSK_MARKET_CAP":144263527.31,"PE_TTM":-4.263358570542,"PB_TTM":0.100076257069,"REPORT_DATE_SQ":"2023-12-31 00:00:00","REPORT_TYPE_SQ":"2023年年报","OPERATE_INCOME_SQ":79436808.12,"DPS_HKD":null,"OPERATE_INCOME_QOQ_SQ":0,"NET_PROFIT_RATIO_SQ":-125.2198535844,"HOLDER_PROFIT_SQ":-99470654.82,"HOLDER_PROFIT_QOQ_SQ":0,"ROE_AVG_SQ":-7.31333470476,"PE_TTM_SQ":-1.711546853474,"PB_TTM_SQ":0.125671724117,"ROA_SQ":-4.57155680281,"START_DATE":"2023-08-01 00:00:00","FISCAL_YEAR":"7-31","CURRENCY":"HKD","IS_CNY_CODE":0,"DPS_HKD_LY":null,"ORG_TYPE":"一般企业","PREMIUM_INCOME":null,"PREMIUM_INCOME_YOY":null,"NET_INTEREST_INCOME":null,"NET_INTEREST_INCOME_YOY":null,"FEE_COMMISSION_INCOME":null,"FEE_COMMISSION_INCOME_YOY":null,"ACCOUNTS_RECE_TDAYS":5.822862901994,"INVENTORY_TDAYS":1.062259125803,"CURRENT_ASSETS_TDAYS":0.279680621506,"TOTAL_ASSETS_TDAYS":0.041694613168,"PREMIUM_EXPENSE":null,"LOAN_DEPOSIT":null,"LOAN_EQUITY":null,"LOAN_ASSETS":null,"DEPOSIT_EQUITY":null,"DEPOSIT_ASSETS":null,"EQUITY_MULTIPLIER":1.546170889939,"EQUITY_RATIO":0.54617088994},{"SECUCODE":"00122.HK","SECURITY_CODE":"00122","SECURITY_NAME_ABBR":"鳄鱼恤","ORG_CODE":"10007402","STD_REPORT_DATE":"2024-06-30 00:00:00","REPORT_DATE":"2024-01-31 00:00:00","DATE_TYPE_CODE":"002","REPORT_TYPE":"2024年中报","PER_NETCASH_OPERATE":-0.002889419484,"PER_OI":0.031276575234,"BPS":18.756750687184,"BASIC_EPS":-0.008906044,"DILUTED_EPS":-0.008906044,"OPERATE_INCOME":44453882.48,"OPERATE_INCOME_YOY":16.4666666667,"GROSS_PROFIT":36409361.92,"GROSS_PROFIT_YOY":21.088607655937,"HOLDER_PROFIT":-12704744.4,"HOLDER_PROFIT_YOY":82.4695599834,"GROSS_PROFIT_RATIO":81.903671600294,"EPS_TTM":-0.030521058448,"OPERATE_INCOME_QOQ":0,"NET_PROFIT_RATIO":-28.5796058549,"ROE_AVG":-0.948330890149,"GROSS_PROFIT_QOQ":0,"ROA":-0.601167891184,"HOLDER_PROFIT_QOQ":0,"ROE_YEARLY":-1.896661780298,"ROIC_YEARLY":-1.326854398847,"TOTAL_ASSETS":2096630888.74,"TOTAL_LIABILITIES":763667827.16,"TAX_EBT":57.981425265246,"OCF_SALES":-9.238286041377,"TOTAL_PARENT_EQUITY":1332963061.58,"DEBT_ASSET_RATIO":36.42357037,"OPERATE_PROFIT":-7848224.08,"PRETAX_PROFIT":-30236019.38,"NETCASH_OPERATE":-4106776.82,"NETCASH_INVEST":-2851751.64,"NETCASH_FINANCE":-13586261,"END_CASH":188138361.94,"DIVI_RATIO":null,"DIVIDEND_RATE":null,"CURRENT_RATIO":1.375170548199,"COMMON_ACS":null,"CURRENTDEBT_DEBT":30.178193597216,"ISSUED_COMMON_SHARES":71065777,"HK_COMMON_SHARES":71065777,"PER_SHARES":2000,"TOTAL_MARKET_CAP":142131554,"HKSK_MARKET_CAP":142131554,"PE_TTM":-4.20035327147,"PB_TTM":0.098597297605,"REPORT_DATE_SQ":"2023-06-30 00:00:00","REPORT_TYPE_SQ":"2023年中报","OPERATE_INCOME_SQ":36232140,"DPS_HKD":null,"OPERATE_INCOME_QOQ_SQ":0,"NET_PROFIT_RATIO_SQ":-189.8738095238,"HOLDER_PROFIT_SQ":-68795344.49,"HOLDER_PROFIT_QOQ_SQ":0,"ROE_AVG_SQ":-5.293747666266,"PE_TTM_SQ":-1.803003555568,"PB_TTM_SQ":0.132387007085,"ROA_SQ":-3.308078985379,"START_DATE":"2023-08-01 00:00:00","FISCAL_YEAR":"7-31","CURRENCY":"HKD","IS_CNY_CODE":0,"DPS_HKD_LY":null,"ORG_TYPE":"一般企业","PREMIUM_INCOME":null,"PREMIUM_INCOME_YOY":null,"NET_INTEREST_INCOME":null,"NET_INTEREST_INCOME_YOY":null,"FEE_COMMISSION_INCOME":null,"FEE_COMMISSION_INCOME_YOY":null,"ACCOUNTS_RECE_TDAYS":2.705306528773,"INVENTORY_TDAYS":0.535770487834,"CURRENT_ASSETS_TDAYS":0.13293547265,"TOTAL_ASSETS_TDAYS":0.021034855912,"PREMIUM_EXPENSE":null,"LOAN_DEPOSIT":null,"LOAN_EQUITY":null,"LOAN_ASSETS":null,"DEPOSIT_EQUITY":null,"DEPOSIT_ASSETS":null,"EQUITY_MULTIPLIER":1.572909969653,"EQUITY_RATIO":0.572909969654},{"SECUCODE":"00122.HK","SECURITY_CODE":"00122","SECURITY_NAME_ABBR":"鳄鱼恤","ORG_CODE":"10007402","STD_REPORT_DATE":"2023-12-31 00:00:00","REPORT_DATE":"2023-07-31 00:00:00","DATE_TYPE_CODE":"001","REPORT_TYPE":"2023年年报","PER_NETCASH_OPERATE":0.009115293647,"PER_OI":0.055889635885,"BPS":19.062755923854,"BASIC_EPS":-0.075984147,"DILUTED_EPS":-0.075984147,"OPERATE_INCOME":79436808.12,"OPERATE_INCOME_YOY":-15.8895515452,"GROSS_PROFIT":66595395.84,"GROSS_PROFIT_YOY":3.563611604098,"HOLDER_PROFIT":-99470654.82,"HOLDER_PROFIT_YOY":-38.7842061619,"GROSS_PROFIT_RATIO":83.834430682812,"EPS_TTM":-0.069984920224,"OPERATE_INCOME_QOQ":0,"NET_PROFIT_RATIO":-125.2198535844,"ROE_AVG":-7.31333470476,"GROSS_PROFIT_QOQ":0,"ROA":-4.57155680281,"HOLDER_PROFIT_QOQ":0,"ROE_YEARLY":-7.31333470476,"ROIC_YEARLY":-5.116869427545,"TOTAL_ASSETS":2143158925.68,"TOTAL_LIABILITIES":788449364.19,"TAX_EBT":0.777102829311,"OCF_SALES":16.309452553064,"TOTAL_PARENT_EQUITY":1354709561.49,"DEBT_ASSET_RATIO":36.7891225771,"OPERATE_PROFIT":-65293332.96,"PRETAX_PROFIT":-100249698.06,"NETCASH_OPERATE":12955708.53,"NETCASH_INVEST":-3854069.55,"NETCASH_FINANCE":-52962139.14,"END_CASH":209797624.65,"DIVI_RATIO":null,"DIVIDEND_RATE":null,"CURRENT_RATIO":1.420665641775,"COMMON_ACS":null,"CURRENTDEBT_DEBT":31.6076897831,"ISSUED_COMMON_SHARES":71065777,"HK_COMMON_SHARES":71065777,"PER_SHARES":2000,"TOTAL_MARKET_CAP":141420896.23,"HKSK_MARKET_CAP":141420896.23,"PE_TTM":-4.179351505113,"PB_TTM":0.098104311117,"REPORT_DATE_SQ":"2022-12-31 00:00:00","REPORT_TYPE_SQ":"2022年年报","OPERATE_INCOME_SQ":88732655.04,"DPS_HKD":null,"OPERATE_INCOME_QOQ_SQ":0,"NET_PROFIT_RATIO_SQ":-75.8897451785,"HOLDER_PROFIT_SQ":-67338985.8,"HOLDER_PROFIT_QOQ_SQ":0,"ROE_AVG_SQ":-5.182568427623,"PE_TTM_SQ":-1.868329771349,"PB_TTM_SQ":0.137183637777,"ROA_SQ":-3.396223880846,"START_DATE":"2022-08-01 00:00:00","FISCAL_YEAR":"7-31","CURRENCY":"HKD","IS_CNY_CODE":0,"DPS_HKD_LY":null,"ORG_TYPE":"一般企业","PREMIUM_INCOME":null,"PREMIUM_INCOME_YOY":null,"NET_INTEREST_INCOME":null,"NET_INTEREST_INCOME_YOY":null,"FEE_COMMISSION_INCOME":null,"FEE_COMMISSION_INCOME_YOY":null,"ACCOUNTS_RECE_TDAYS":4.282348301868,"INVENTORY_TDAYS":1.039487805781,"CURRENT_ASSETS_TDAYS":0.198867128529,"TOTAL_ASSETS_TDAYS":0.036508242678,"PREMIUM_EXPENSE":null,"LOAN_DEPOSIT":null,"LOAN_EQUITY":null,"LOAN_ASSETS":null,"DEPOSIT_EQUITY":null,"DEPOSIT_ASSETS":null,"EQUITY_MULTIPLIER":1.582006200151,"EQUITY_RATIO":0.58200620015},{"SECUCODE":"00122.HK","SECURITY_CODE":"00122","SECURITY_NAME_ABBR":"鳄鱼恤","ORG_CODE":"10007402","STD_REPORT_DATE":"2023-06-30 00:00:00","REPORT_DATE":"2023-01-31 00:00:00","DATE_TYPE_CODE":"002","REPORT_TYPE":"2023年中报","PER_NETCASH_OPERATE":0.007577186038,"PER_OI":0.025491974814,"BPS":18.444633429675,"BASIC_EPS":-0.057367555,"DILUTED_EPS":-0.057367555,"OPERATE_INCOME":36232140,"OPERATE_INCOME_YOY":-34.5906464624,"GROSS_PROFIT":30068362.85,"GROSS_PROFIT_YOY":-16.143471092445,"HOLDER_PROFIT":-68795344.49,"HOLDER_PROFIT_YOY":-13216.2828947368,"GROSS_PROFIT_RATIO":82.988095238095,"EPS_TTM":-0.096130532716,"OPERATE_INCOME_QOQ":0,"NET_PROFIT_RATIO":-189.8738095238,"ROE_AVG":-5.293747666266,"GROSS_PROFIT_QOQ":0,"ROA":-3.308078985379,"HOLDER_PROFIT_QOQ":0,"ROE_YEARLY":-10.587495332531,"ROIC_YEARLY":-7.471571824884,"TOTAL_ASSETS":2075547787.86,"TOTAL_LIABILITIES":764765581.7,"TAX_EBT":null,"OCF_SALES":29.72380952381,"TOTAL_PARENT_EQUITY":1310782206.16,"DEBT_ASSET_RATIO":36.846445366,"OPERATE_PROFIT":-52754858.51,"PRETAX_PROFIT":-68795344.49,"NETCASH_OPERATE":10769572.28,"NETCASH_INVEST":-2165301.7,"NETCASH_FINANCE":-11568404.7,"END_CASH":236575170.12,"DIVI_RATIO":null,"DIVIDEND_RATE":null,"CURRENT_RATIO":1.520186978025,"COMMON_ACS":null,"CURRENTDEBT_DEBT":33.253319195497,"ISSUED_COMMON_SHARES":71065777,"HK_COMMON_SHARES":71065777,"PER_SHARES":2000,"TOTAL_MARKET_CAP":141420896.23,"HKSK_MARKET_CAP":141420896.23,"PE_TTM":-4.179351505113,"PB_TTM":0.098104311117,"REPORT_DATE_SQ":"2022-06-30 00:00:00","REPORT_TYPE_SQ":"2022年中报","OPERATE_INCOME_SQ":52540008.64,"DPS_HKD":null,"OPERATE_INCOME_QOQ_SQ":0,"NET_PROFIT_RATIO_SQ":0.9468782607,"HOLDER_PROFIT_SQ":497489.92,"HOLDER_PROFIT_QOQ_SQ":0,"ROE_AVG_SQ":0.039673541565,"PE_TTM_SQ":-1.868329771349,"PB_TTM_SQ":0.137183637777,"ROA_SQ":0.027830379331,"START_DATE":"2022-08-01 00:00:00","FISCAL_YEAR":"7-31","CURRENCY":"HKD","IS_CNY_CODE":0,"DPS_HKD_LY":null,"ORG_TYPE":"一般企业","PREMIUM_INCOME":null,"PREMIUM_INCOME_YOY":null,"NET_INTEREST_INCOME":null,"NET_INTEREST_INCOME_YOY":null,"FEE_COMMISSION_INCOME":null,"FEE_COMMISSION_INCOME_YOY":null,"ACCOUNTS_RECE_TDAYS":null,"INVENTORY_TDAYS":0.577747230533,"CURRENT_ASSETS_TDAYS":0.089873214572,"TOTAL_ASSETS_TDAYS":0.017422513372,"PREMIUM_EXPENSE":null,"LOAN_DEPOSIT":null,"LOAN_EQUITY":null,"LOAN_ASSETS":null,"DEPOSIT_EQUITY":null,"DEPOSIT_ASSETS":null,"EQUITY_MULTIPLIER":1.583442144778,"EQUITY_RATIO":0.583442144779},{"SECUCODE":"00122.HK","SECURITY_CODE":"00122","SECURITY_NAME_ABBR":"鳄鱼恤","ORG_CODE":"10007402","STD_REPORT_DATE":"2022-12-31 00:00:00","REPORT_DATE":"2022-07-31 00:00:00","DATE_TYPE_CODE":"001","REPORT_TYPE":"2022年年报","PER_NETCASH_OPERATE":-0.02019900868,"PER_OI":0.09364492161,"BPS":18.05332075888,"BASIC_EPS":-0.062197392,"DILUTED_EPS":-0.062197392,"OPERATE_INCOME":88732655.04,"OPERATE_INCOME_YOY":-7.7785714286,"GROSS_PROFIT":64303856.16,"GROSS_PROFIT_YOY":-5.004204619274,"HOLDER_PROFIT":-67338985.8,"HOLDER_PROFIT_YOY":-3955.0957061562,"GROSS_PROFIT_RATIO":72.46921229959,"EPS_TTM":-0.047377928271,"OPERATE_INCOME_QOQ":0,"NET_PROFIT_RATIO":-75.8897451785,"ROE_AVG":-5.182568427623,"GROSS_PROFIT_QOQ":0,"ROA":-3.396223880846,"HOLDER_PROFIT_QOQ":0,"ROE_YEARLY":-5.182568427623,"ROIC_YEARLY":-3.648104623834,"TOTAL_ASSETS":2075013241.2,"TOTAL_LIABILITIES":792039974.04,"TAX_EBT":null,"OCF_SALES":-21.569785454264,"TOTAL_PARENT_EQUITY":1282973267.16,"DEBT_ASSET_RATIO":38.170357582,"OPERATE_PROFIT":-59430295.32,"PRETAX_PROFIT":-67338985.8,"NETCASH_OPERATE":-19139443.32,"NETCASH_INVEST":228515.28,"NETCASH_FINANCE":222835902.12,"END_CASH":238614624.48,"DIVI_RATIO":null,"DIVIDEND_RATE":null,"CURRENT_RATIO":1.389090182306,"COMMON_ACS":null,"CURRENTDEBT_DEBT":37.987966979152,"ISSUED_COMMON_SHARES":71065777,"HK_COMMON_SHARES":71065777,"PER_SHARES":2000,"TOTAL_MARKET_CAP":141420896.23,"HKSK_MARKET_CAP":141420896.23,"PE_TTM":-4.179351505113,"PB_TTM":0.098104311117,"REPORT_DATE_SQ":"2021-12-31 00:00:00","REPORT_TYPE_SQ":"2021年年报","OPERATE_INCOME_SQ":93094400,"DPS_HKD":null,"OPERATE_INCOME_QOQ_SQ":0,"NET_PROFIT_RATIO_SQ":-1.7258928571,"HOLDER_PROFIT_SQ":-1606709.6,"HOLDER_PROFIT_QOQ_SQ":0,"ROE_AVG_SQ":-0.126411667803,"PE_TTM_SQ":-1.868329771349,"PB_TTM_SQ":0.137183637777,"ROA_SQ":-0.085777203366,"START_DATE":"2021-08-01 00:00:00","FISCAL_YEAR":"7-31","CURRENCY":"HKD","IS_CNY_CODE":0,"DPS_HKD_LY":null,"ORG_TYPE":"一般企业","PREMIUM_INCOME":null,"PREMIUM_INCOME_YOY":null,"NET_INTEREST_INCOME":null,"NET_INTEREST_INCOME_YOY":null,"FEE_COMMISSION_INCOME":null,"FEE_COMMISSION_INCOME_YOY":null,"ACCOUNTS_RECE_TDAYS":null,"INVENTORY_TDAYS":1.366524100149,"CURRENT_ASSETS_TDAYS":0.274174924281,"TOTAL_ASSETS_TDAYS":0.044752079123,"PREMIUM_EXPENSE":null,"LOAN_DEPOSIT":null,"LOAN_EQUITY":null,"LOAN_ASSETS":null,"DEPOSIT_EQUITY":null,"DEPOSIT_ASSETS":null,"EQUITY_MULTIPLIER":1.617347215498,"EQUITY_RATIO":0.617347215498},{"SECUCODE":"00122.HK","SECURITY_CODE":"00122","SECURITY_NAME_ABBR":"鳄鱼恤","ORG_CODE":"10007402","STD_REPORT_DATE":"2022-06-30 00:00:00","REPORT_DATE":"2022-01-31 00:00:00","DATE_TYPE_CODE":"002","REPORT_TYPE":"2022年中报","PER_NETCASH_OPERATE":0.028039942833,"PER_OI":0.055448639379,"BPS":17.656404862217,"BASIC_EPS":0.000490944,"DILUTED_EPS":0.000490944,"OPERATE_INCOME":52540008.64,"OPERATE_INCOME_YOY":7.9993272223,"GROSS_PROFIT":35856913.28,"GROSS_PROFIT_YOY":3.428096359103,"HOLDER_PROFIT":497489.92,"HOLDER_PROFIT_YOY":-94.1605839416,"GROSS_PROFIT_RATIO":68.246873588638,"EPS_TTM":-0.010341774392,"OPERATE_INCOME_QOQ":0,"NET_PROFIT_RATIO":0.9468782607,"ROE_AVG":0.039673541565,"GROSS_PROFIT_QOQ":0,"ROA":0.027830379331,"HOLDER_PROFIT_QOQ":0,"ROE_YEARLY":0.07934708313,"ROIC_YEARLY":0.056737535706,"TOTAL_ASSETS":1774522815.68,"TOTAL_LIABILITIES":519756685.12,"TAX_EBT":null,"OCF_SALES":50.569217112333,"TOTAL_PARENT_EQUITY":1254766130.56,"DEBT_ASSET_RATIO":29.2899409648,"OPERATE_PROFIT":2851566.4,"PRETAX_PROFIT":497489.92,"NETCASH_OPERATE":26569071.04,"NETCASH_INVEST":-3504521.92,"NETCASH_FINANCE":-22383773.44,"END_CASH":34340714.56,"DIVI_RATIO":null,"DIVIDEND_RATE":null,"CURRENT_RATIO":0.558942571078,"COMMON_ACS":null,"CURRENTDEBT_DEBT":66.667401328373,"ISSUED_COMMON_SHARES":71065777,"HK_COMMON_SHARES":71065777,"PER_SHARES":2000,"TOTAL_MARKET_CAP":141420896.23,"HKSK_MARKET_CAP":141420896.23,"PE_TTM":-4.179351505113,"PB_TTM":0.098104311117,"REPORT_DATE_SQ":"2021-06-30 00:00:00","REPORT_TYPE_SQ":"2021年中报","OPERATE_INCOME_SQ":49622332.1,"DPS_HKD":null,"OPERATE_INCOME_QOQ_SQ":0,"NET_PROFIT_RATIO_SQ":17.5124043394,"HOLDER_PROFIT_SQ":8690063.44,"HOLDER_PROFIT_QOQ_SQ":0,"ROE_AVG_SQ":0.678152444918,"PE_TTM_SQ":-1.868329771349,"PB_TTM_SQ":0.137183637777,"ROA_SQ":0.452863605502,"START_DATE":"2021-08-01 00:00:00","FISCAL_YEAR":"7-31","CURRENCY":"HKD","IS_CNY_CODE":0,"DPS_HKD_LY":null,"ORG_TYPE":"一般企业","PREMIUM_INCOME":null,"PREMIUM_INCOME_YOY":null,"NET_INTEREST_INCOME":null,"NET_INTEREST_INCOME_YOY":null,"FEE_COMMISSION_INCOME":null,"FEE_COMMISSION_INCOME_YOY":null,"ACCOUNTS_RECE_TDAYS":1.483070029564,"INVENTORY_TDAYS":0.924356794741,"CURRENT_ASSETS_TDAYS":0.25498819591,"TOTAL_ASSETS_TDAYS":0.02939171854,"PREMIUM_EXPENSE":null,"LOAN_DEPOSIT":null,"LOAN_EQUITY":null,"LOAN_ASSETS":null,"DEPOSIT_EQUITY":null,"DEPOSIT_ASSETS":null,"EQUITY_MULTIPLIER":1.414225944151,"EQUITY_RATIO":0.414225944151},{"SECUCODE":"00122.HK","SECURITY_CODE":"00122","SECURITY_NAME_ABBR":"鳄鱼恤","ORG_CODE":"10007402","STD_REPORT_DATE":"2021-12-31 00:00:00","REPORT_DATE":"2021-07-31 00:00:00","DATE_TYPE_CODE":"001","REPORT_TYPE":"2021年年报","PER_NETCASH_OPERATE":0.035921974026,"PER_OI":0.098248134087,"BPS":17.912985813129,"BASIC_EPS":-0.0016624,"DILUTED_EPS":-0.0016624,"OPERATE_INCOME":93094400,"OPERATE_INCOME_YOY":-25.9587352165,"GROSS_PROFIT":67691265.6,"GROSS_PROFIT_YOY":-28.678947499431,"HOLDER_PROFIT":-1606709.6,"HOLDER_PROFIT_YOY":99.3345565833,"GROSS_PROFIT_RATIO":72.7125,"EPS_TTM":-0.001695657528,"OPERATE_INCOME_QOQ":0,"NET_PROFIT_RATIO":-1.7258928571,"ROE_AVG":-0.126411667803,"GROSS_PROFIT_QOQ":0,"ROA":-0.085777203366,"HOLDER_PROFIT_QOQ":0,"ROE_YEARLY":-0.126411667803,"ROIC_YEARLY":-0.088271490774,"TOTAL_ASSETS":1829154512.8,"TOTAL_LIABILITIES":556154257.6,"TAX_EBT":null,"OCF_SALES":36.5625,"TOTAL_PARENT_EQUITY":1273000255.2,"DEBT_ASSET_RATIO":30.4049905958,"OPERATE_PROFIT":8951192.8,"PRETAX_PROFIT":-1606709.6,"NETCASH_OPERATE":34037640,"NETCASH_INVEST":14561792.8,"NETCASH_FINANCE":-87172931.2,"END_CASH":34040133.6,"DIVI_RATIO":null,"DIVIDEND_RATE":null,"CURRENT_RATIO":0.59549283458,"COMMON_ACS":null,"CURRENTDEBT_DEBT":66.995268256668,"ISSUED_COMMON_SHARES":71065777,"HK_COMMON_SHARES":71065777,"PER_SHARES":2000,"TOTAL_MARKET_CAP":142131554,"HKSK_MARKET_CAP":142131554,"PE_TTM":-4.20035327147,"PB_TTM":0.098597297605,"REPORT_DATE_SQ":"2020-12-31 00:00:00","REPORT_TYPE_SQ":"2020年年报","OPERATE_INCOME_SQ":136329383.75,"DPS_HKD":null,"OPERATE_INCOME_QOQ_SQ":0,"NET_PROFIT_RATIO_SQ":-192.0332921258,"HOLDER_PROFIT_SQ":-261797803.75,"HOLDER_PROFIT_QOQ_SQ":0,"ROE_AVG_SQ":-17.365564431808,"PE_TTM_SQ":-1.803003555568,"PB_TTM_SQ":0.132387007085,"ROA_SQ":-11.923130914199,"START_DATE":"2020-08-01 00:00:00","FISCAL_YEAR":"7-31","CURRENCY":"HKD","IS_CNY_CODE":0,"DPS_HKD_LY":null,"ORG_TYPE":"一般企业","PREMIUM_INCOME":null,"PREMIUM_INCOME_YOY":null,"NET_INTEREST_INCOME":null,"NET_INTEREST_INCOME_YOY":null,"FEE_COMMISSION_INCOME":null,"FEE_COMMISSION_INCOME_YOY":null,"ACCOUNTS_RECE_TDAYS":null,"INVENTORY_TDAYS":0.781137380192,"CURRENT_ASSETS_TDAYS":0.354419724723,"TOTAL_ASSETS_TDAYS":0.049700190259,"PREMIUM_EXPENSE":null,"LOAN_DEPOSIT":null,"LOAN_EQUITY":null,"LOAN_ASSETS":null,"DEPOSIT_EQUITY":null,"DEPOSIT_ASSETS":null,"EQUITY_MULTIPLIER":1.436884639518,"EQUITY_RATIO":0.436884639518},{"SECUCODE":"00122.HK","SECURITY_CODE":"00122","SECURITY_NAME_ABBR":"鳄鱼恤","ORG_CODE":"10007402","STD_REPORT_DATE":"2021-06-30 00:00:00","REPORT_DATE":"2021-01-31 00:00:00","DATE_TYPE_CODE":"002","REPORT_TYPE":"2021年中报","PER_NETCASH_OPERATE":0.021491244665,"PER_OI":0.052369439385,"BPS":18.132718398337,"BASIC_EPS":0.00918082,"DILUTED_EPS":0.00918082,"OPERATE_INCOME":49622332.1,"OPERATE_INCOME_YOY":-35.3461868876,"GROSS_PROFIT":34668445.56,"GROSS_PROFIT_YOY":-37.726152907094,"HOLDER_PROFIT":8690063.44,"HOLDER_PROFIT_YOY":105.8932402067,"GROSS_PROFIT_RATIO":69.864603481625,"EPS_TTM":-0.101931220913,"OPERATE_INCOME_QOQ":0,"NET_PROFIT_RATIO":17.5124043394,"ROE_AVG":0.678152444918,"GROSS_PROFIT_QOQ":0,"ROA":0.452863605502,"HOLDER_PROFIT_QOQ":0,"ROE_YEARLY":1.356304889836,"ROIC_YEARLY":0.938984283602,"TOTAL_ASSETS":1912855562.56,"TOTAL_LIABILITIES":624239840.46,"TAX_EBT":null,"OCF_SALES":41.037759650156,"TOTAL_PARENT_EQUITY":1288615722.1,"DEBT_ASSET_RATIO":32.6339245199,"OPERATE_PROFIT":14551599.7,"PRETAX_PROFIT":8690063.44,"NETCASH_OPERATE":20363893.38,"NETCASH_INVEST":-9583106.84,"NETCASH_FINANCE":-19956598.82,"END_CASH":63815879.82,"DIVI_RATIO":null,"DIVIDEND_RATE":null,"CURRENT_RATIO":0.68854928087,"COMMON_ACS":null,"CURRENTDEBT_DEBT":68.354117280559,"ISSUED_COMMON_SHARES":71065777,"HK_COMMON_SHARES":71065777,"PER_SHARES":2000,"TOTAL_MARKET_CAP":142131554,"HKSK_MARKET_CAP":142131554,"PE_TTM":-4.20035327147,"PB_TTM":0.098597297605,"REPORT_DATE_SQ":"2020-06-30 00:00:00","REPORT_TYPE_SQ":"2020年中报","OPERATE_INCOME_SQ":81469236.87,"DPS_HKD":null,"OPERATE_INCOME_QOQ_SQ":0,"NET_PROFIT_RATIO_SQ":-192.125838689,"HOLDER_PROFIT_SQ":-156523454.61,"HOLDER_PROFIT_QOQ_SQ":0,"ROE_AVG_SQ":-10.21198553027,"PE_TTM_SQ":-1.803003555568,"PB_TTM_SQ":0.132387007085,"ROA_SQ":-7.107560399499,"START_DATE":"2020-08-01 00:00:00","FISCAL_YEAR":"7-31","CURRENCY":"HKD","IS_CNY_CODE":0,"DPS_HKD_LY":null,"ORG_TYPE":"一般企业","PREMIUM_INCOME":null,"PREMIUM_INCOME_YOY":null,"NET_INTEREST_INCOME":null,"NET_INTEREST_INCOME_YOY":null,"FEE_COMMISSION_INCOME":null,"FEE_COMMISSION_INCOME_YOY":null,"ACCOUNTS_RECE_TDAYS":2.182155178742,"INVENTORY_TDAYS":0.418969004665,"CURRENT_ASSETS_TDAYS":0.16582136029,"TOTAL_ASSETS_TDAYS":0.025859590535,"PREMIUM_EXPENSE":null,"LOAN_DEPOSIT":null,"LOAN_EQUITY":null,"LOAN_ASSETS":null,"DEPOSIT_EQUITY":null,"DEPOSIT_ASSETS":null,"EQUITY_MULTIPLIER":1.484426683421,"EQUITY_RATIO":0.48442668342},{"SECUCODE":"00122.HK","SECURITY_CODE":"00122","SECURITY_NAME_ABBR":"鳄鱼恤","ORG_CODE":"10007402","STD_REPORT_DATE":"2020-12-31 00:00:00","REPORT_DATE":"2020-07-31 00:00:00","DATE_TYPE_CODE":"001","REPORT_TYPE":"2020年年报","PER_NETCASH_OPERATE":-0.043567126738,"PER_OI":0.14387661959,"BPS":19.361996509938,"BASIC_EPS":-0.27632325,"DILUTED_EPS":-0.27632325,"OPERATE_INCOME":136329383.75,"OPERATE_INCOME_YOY":-35.7262436902,"GROSS_PROFIT":94910637.5,"GROSS_PROFIT_YOY":-33.955814245059,"HOLDER_PROFIT":-261797803.75,"HOLDER_PROFIT_YOY":-1049.073741301,"GROSS_PROFIT_RATIO":69.618621378093,"EPS_TTM":-0.276291009197,"OPERATE_INCOME_QOQ":0,"NET_PROFIT_RATIO":-192.0332921258,"ROE_AVG":-17.365564431808,"GROSS_PROFIT_QOQ":0,"ROA":-11.923130914199,"HOLDER_PROFIT_QOQ":0,"ROE_YEARLY":-17.365564431808,"ROIC_YEARLY":-12.412148465675,"TOTAL_ASSETS":2078648407.5,"TOTAL_LIABILITIES":702673081.25,"TAX_EBT":0.782175952017,"OCF_SALES":-30.280894048272,"TOTAL_PARENT_EQUITY":1375975326.25,"DEBT_ASSET_RATIO":33.8043258646,"OPERATE_PROFIT":-243243770,"PRETAX_PROFIT":-263861666.25,"NETCASH_OPERATE":-41281756.25,"NETCASH_INVEST":56149677.5,"NETCASH_FINANCE":-32049351.25,"END_CASH":77869802.5,"DIVI_RATIO":null,"DIVIDEND_RATE":null,"CURRENT_RATIO":0.693886976635,"COMMON_ACS":null,"CURRENTDEBT_DEBT":67.482700903593,"ISSUED_COMMON_SHARES":71065777,"HK_COMMON_SHARES":71065777,"PER_SHARES":2000,"TOTAL_MARKET_CAP":142131554,"HKSK_MARKET_CAP":142131554,"PE_TTM":-4.20035327147,"PB_TTM":0.098597297605,"REPORT_DATE_SQ":"2019-12-31 00:00:00","REPORT_TYPE_SQ":"2019年年报","OPERATE_INCOME_SQ":207068584.32,"DPS_HKD":null,"OPERATE_INCOME_QOQ_SQ":0,"NET_PROFIT_RATIO_SQ":13.0049968557,"HOLDER_PROFIT_SQ":26929262.88,"HOLDER_PROFIT_QOQ_SQ":0,"ROE_AVG_SQ":1.691762778455,"PE_TTM_SQ":-1.803003555568,"PB_TTM_SQ":0.132387007085,"ROA_SQ":1.147328451305,"START_DATE":"2019-08-01 00:00:00","FISCAL_YEAR":"7-31","CURRENCY":"HKD","IS_CNY_CODE":0,"DPS_HKD_LY":null,"ORG_TYPE":"一般企业","PREMIUM_INCOME":null,"PREMIUM_INCOME_YOY":null,"NET_INTEREST_INCOME":null,"NET_INTEREST_INCOME_YOY":null,"FEE_COMMISSION_INCOME":null,"FEE_COMMISSION_INCOME_YOY":null,"ACCOUNTS_RECE_TDAYS":5.575738587147,"INVENTORY_TDAYS":0.942195524484,"CURRENT_ASSETS_TDAYS":0.375829838405,"TOTAL_ASSETS_TDAYS":0.062088874185,"PREMIUM_EXPENSE":null,"LOAN_DEPOSIT":null,"LOAN_EQUITY":null,"LOAN_ASSETS":null,"DEPOSIT_EQUITY":null,"DEPOSIT_ASSETS":null,"EQUITY_MULTIPLIER":1.510672733621,"EQUITY_RATIO":0.51067273362}],"count":47},"success":true,"message":"ok","code":0}