{"version":"14b7ff196a415608a1260ce94863a2d4","result":{"pages":5,"data":[{"SECUCODE":"00130.HK","SECURITY_CODE":"00130","SECURITY_NAME_ABBR":"慕诗国际","ORG_CODE":"10007410","STD_REPORT_DATE":"2024-06-30 00:00:00","REPORT_DATE":"2024-09-30 00:00:00","DATE_TYPE_CODE":"002","REPORT_TYPE":"2024年中报","PER_NETCASH_OPERATE":0.004262620047,"PER_OI":0.158387184698,"BPS":1.194852175147,"BASIC_EPS":-0.0721432,"DILUTED_EPS":null,"OPERATE_INCOME":45604422.09,"OPERATE_INCOME_YOY":-21.7409470752,"GROSS_PROFIT":37489213.88,"GROSS_PROFIT_YOY":-19.395501661457,"HOLDER_PROFIT":-21286752.95,"HOLDER_PROFIT_YOY":-54.4526598181,"GROSS_PROFIT_RATIO":82.205216428388,"EPS_TTM":-0.151443250096,"OPERATE_INCOME_QOQ":0,"NET_PROFIT_RATIO":-46.6868363291,"ROE_AVG":-6.039455387217,"GROSS_PROFIT_QOQ":0,"ROA":-4.031528069546,"HOLDER_PROFIT_QOQ":0,"ROE_YEARLY":-12.078910774435,"ROIC_YEARLY":-8.292312353719,"TOTAL_ASSETS":517521048.78,"TOTAL_LIABILITIES":174625320.97,"TAX_EBT":1.390803157499,"OCF_SALES":2.69126574519,"TOTAL_PARENT_EQUITY":344033786.79,"DEBT_ASSET_RATIO":33.7426509282,"OPERATE_PROFIT":-19028670.79,"PRETAX_PROFIT":-21591557.97,"NETCASH_OPERATE":1227336.19,"NETCASH_INVEST":-1723320.69,"NETCASH_FINANCE":-10504049.92,"END_CASH":10222691.44,"DIVI_RATIO":null,"DIVIDEND_RATE":null,"CURRENT_RATIO":0.552703867284,"COMMON_ACS":1000000000,"CURRENTDEBT_DEBT":57.526479139447,"ISSUED_COMMON_SHARES":287930000,"HK_COMMON_SHARES":287930000,"PER_SHARES":2000,"TOTAL_MARKET_CAP":37718830,"HKSK_MARKET_CAP":37718830,"PE_TTM":-0.668512814151,"PB_TTM":0.098869544248,"REPORT_DATE_SQ":"2023-06-30 00:00:00","REPORT_TYPE_SQ":"2023年中报","OPERATE_INCOME_SQ":59297250.6,"DPS_HKD":null,"OPERATE_INCOME_QOQ_SQ":0,"NET_PROFIT_RATIO_SQ":-23.6474775611,"HOLDER_PROFIT_SQ":-14024139.29,"HOLDER_PROFIT_QOQ_SQ":0,"ROE_AVG_SQ":-3.369476069951,"PE_TTM_SQ":-1.737910137859,"PB_TTM_SQ":0.161910877883,"ROA_SQ":-2.389818992673,"START_DATE":"2024-04-01 00:00:00","FISCAL_YEAR":"3-31","CURRENCY":"HKD","IS_CNY_CODE":0,"DPS_HKD_LY":null,"ORG_TYPE":"一般企业","PREMIUM_INCOME":null,"PREMIUM_INCOME_YOY":null,"NET_INTEREST_INCOME":null,"NET_INTEREST_INCOME_YOY":null,"FEE_COMMISSION_INCOME":null,"FEE_COMMISSION_INCOME_YOY":null,"ACCOUNTS_RECE_TDAYS":2.050979437888,"INVENTORY_TDAYS":0.316659922234,"CURRENT_ASSETS_TDAYS":0.717090290333,"TOTAL_ASSETS_TDAYS":0.086370856177,"PREMIUM_EXPENSE":null,"LOAN_DEPOSIT":null,"LOAN_EQUITY":null,"LOAN_ASSETS":null,"DEPOSIT_EQUITY":null,"DEPOSIT_ASSETS":null,"EQUITY_MULTIPLIER":1.509266540254,"EQUITY_RATIO":0.507581893625},{"SECUCODE":"00130.HK","SECURITY_CODE":"00130","SECURITY_NAME_ABBR":"慕诗国际","ORG_CODE":"10007410","STD_REPORT_DATE":"2023-12-31 00:00:00","REPORT_DATE":"2024-03-31 00:00:00","DATE_TYPE_CODE":"001","REPORT_TYPE":"2023年年报","PER_NETCASH_OPERATE":0.020118968152,"PER_OI":0.432324825652,"BPS":1.260007840795,"BASIC_EPS":-0.1541135,"DILUTED_EPS":null,"OPERATE_INCOME":124479287.05,"OPERATE_INCOME_YOY":7.3194941616,"GROSS_PROFIT":100159270.2,"GROSS_PROFIT_YOY":22.656653281384,"HOLDER_PROFIT":-43605055,"HOLDER_PROFIT_YOY":-12.2337074457,"GROSS_PROFIT_RATIO":80.462599500404,"EPS_TTM":-0.126483674574,"OPERATE_INCOME_QOQ":0,"NET_PROFIT_RATIO":-35.0372512035,"ROE_AVG":-11.150326570116,"GROSS_PROFIT_QOQ":0,"ROA":-7.750801265266,"HOLDER_PROFIT_QOQ":0,"ROE_YEARLY":-11.150326570116,"ROIC_YEARLY":-7.974580816408,"TOTAL_ASSETS":541335453.9,"TOTAL_LIABILITIES":179680929.65,"TAX_EBT":3.467233837634,"OCF_SALES":4.653669407404,"TOTAL_PARENT_EQUITY":362794057.6,"DEBT_ASSET_RATIO":33.1921599362,"OPERATE_PROFIT":-26549223.3,"PRETAX_PROFIT":-45180638.9,"NETCASH_OPERATE":5792854.5,"NETCASH_INVEST":20451768,"NETCASH_FINANCE":-16988747,"END_CASH":21356504.9,"DIVI_RATIO":null,"DIVIDEND_RATE":null,"CURRENT_RATIO":0.764692298811,"COMMON_ACS":1000000000,"CURRENTDEBT_DEBT":52.437147772738,"ISSUED_COMMON_SHARES":287930000,"HK_COMMON_SHARES":287930000,"PER_SHARES":2000,"TOTAL_MARKET_CAP":34839530,"HKSK_MARKET_CAP":34839530,"PE_TTM":-0.61748130162,"PB_TTM":0.091322250794,"REPORT_DATE_SQ":"2022-12-31 00:00:00","REPORT_TYPE_SQ":"2022年年报","OPERATE_INCOME_SQ":112005207.86,"DPS_HKD":null,"OPERATE_INCOME_QOQ_SQ":0,"NET_PROFIT_RATIO_SQ":-33.5305519516,"HOLDER_PROFIT_SQ":-37517446.37,"HOLDER_PROFIT_QOQ_SQ":0,"ROE_AVG_SQ":-8.759027119936,"PE_TTM_SQ":-1.668393732345,"PB_TTM_SQ":0.155434442767,"ROA_SQ":-6.307894177153,"START_DATE":"2023-04-01 00:00:00","FISCAL_YEAR":"3-31","CURRENCY":"HKD","IS_CNY_CODE":0,"DPS_HKD_LY":null,"ORG_TYPE":"一般企业","PREMIUM_INCOME":null,"PREMIUM_INCOME_YOY":null,"NET_INTEREST_INCOME":null,"NET_INTEREST_INCOME_YOY":null,"FEE_COMMISSION_INCOME":null,"FEE_COMMISSION_INCOME_YOY":null,"ACCOUNTS_RECE_TDAYS":4.625524245844,"INVENTORY_TDAYS":1.0814504263,"CURRENT_ASSETS_TDAYS":1.876897421352,"TOTAL_ASSETS_TDAYS":0.221262010922,"PREMIUM_EXPENSE":null,"LOAN_DEPOSIT":null,"LOAN_EQUITY":null,"LOAN_ASSETS":null,"DEPOSIT_EQUITY":null,"DEPOSIT_ASSETS":null,"EQUITY_MULTIPLIER":1.496830310702,"EQUITY_RATIO":0.49526977051},{"SECUCODE":"00130.HK","SECURITY_CODE":"00130","SECURITY_NAME_ABBR":"慕诗国际","ORG_CODE":"10007410","STD_REPORT_DATE":"2023-06-30 00:00:00","REPORT_DATE":"2023-09-30 00:00:00","DATE_TYPE_CODE":"002","REPORT_TYPE":"2023年中报","PER_NETCASH_OPERATE":0.019211175077,"PER_OI":0.20594328691,"BPS":1.416875153787,"BASIC_EPS":-0.0458815,"DILUTED_EPS":null,"OPERATE_INCOME":59297250.6,"OPERATE_INCOME_YOY":15.1194484528,"GROSS_PROFIT":46510076.55,"GROSS_PROFIT_YOY":21.52704776096,"HOLDER_PROFIT":-14024139.29,"HOLDER_PROFIT_YOY":8.599964117,"GROSS_PROFIT_RATIO":78.435468895079,"EPS_TTM":-0.130300581287,"OPERATE_INCOME_QOQ":0,"NET_PROFIT_RATIO":-23.6474775611,"ROE_AVG":-3.369476069951,"GROSS_PROFIT_QOQ":0,"ROA":-2.389818992673,"HOLDER_PROFIT_QOQ":0,"ROE_YEARLY":-6.738952139903,"ROIC_YEARLY":-4.955665551753,"TOTAL_ASSETS":582681285.55,"TOTAL_LIABILITIES":175862871.87,"TAX_EBT":-25.552542929915,"OCF_SALES":9.328381306097,"TOTAL_PARENT_EQUITY":407960863.03,"DEBT_ASSET_RATIO":30.1816578344,"OPERATE_PROFIT":-11607101.87,"PRETAX_PROFIT":-11168474.73,"NETCASH_OPERATE":5531473.64,"NETCASH_INVEST":14729796.76,"NETCASH_FINANCE":-3277774.36,"END_CASH":31335229.24,"DIVI_RATIO":null,"DIVIDEND_RATE":null,"CURRENT_RATIO":0.889578847213,"COMMON_ACS":1000000000,"CURRENTDEBT_DEBT":52.097845540546,"ISSUED_COMMON_SHARES":287930000,"HK_COMMON_SHARES":287930000,"PER_SHARES":2000,"TOTAL_MARKET_CAP":34839530,"HKSK_MARKET_CAP":34839530,"PE_TTM":-0.61748130162,"PB_TTM":0.091322250794,"REPORT_DATE_SQ":"2022-06-30 00:00:00","REPORT_TYPE_SQ":"2022年中报","OPERATE_INCOME_SQ":50768930.52,"DPS_HKD":null,"OPERATE_INCOME_QOQ_SQ":0,"NET_PROFIT_RATIO_SQ":-29.8665669036,"HOLDER_PROFIT_SQ":-15123141.24,"HOLDER_PROFIT_QOQ_SQ":0,"ROE_AVG_SQ":-3.295041279156,"PE_TTM_SQ":-1.668393732345,"PB_TTM_SQ":0.155434442767,"ROA_SQ":-2.375685348496,"START_DATE":"2023-04-01 00:00:00","FISCAL_YEAR":"3-31","CURRENCY":"HKD","IS_CNY_CODE":0,"DPS_HKD_LY":null,"ORG_TYPE":"一般企业","PREMIUM_INCOME":null,"PREMIUM_INCOME_YOY":null,"NET_INTEREST_INCOME":null,"NET_INTEREST_INCOME_YOY":null,"FEE_COMMISSION_INCOME":null,"FEE_COMMISSION_INCOME_YOY":null,"ACCOUNTS_RECE_TDAYS":2.101805171573,"INVENTORY_TDAYS":0.602620653866,"CURRENT_ASSETS_TDAYS":0.830265769846,"TOTAL_ASSETS_TDAYS":0.101046982468,"PREMIUM_EXPENSE":null,"LOAN_DEPOSIT":null,"LOAN_EQUITY":null,"LOAN_ASSETS":null,"DEPOSIT_EQUITY":null,"DEPOSIT_ASSETS":null,"EQUITY_MULTIPLIER":1.432288377212,"EQUITY_RATIO":0.431077801346},{"SECUCODE":"00130.HK","SECURITY_CODE":"00130","SECURITY_NAME_ABBR":"慕诗国际","ORG_CODE":"10007410","STD_REPORT_DATE":"2022-12-31 00:00:00","REPORT_DATE":"2023-03-31 00:00:00","DATE_TYPE_CODE":"001","REPORT_TYPE":"2022年年报","PER_NETCASH_OPERATE":0.018801567881,"PER_OI":0.389001520717,"BPS":1.406356669434,"BASIC_EPS":-0.1313115,"DILUTED_EPS":null,"OPERATE_INCOME":112005207.86,"OPERATE_INCOME_YOY":-7.6375554048,"GROSS_PROFIT":81658244.8,"GROSS_PROFIT_YOY":4.224478592584,"HOLDER_PROFIT":-37517446.37,"HOLDER_PROFIT_YOY":-5.2532049708,"GROSS_PROFIT_RATIO":72.905757116283,"EPS_TTM":-0.090828428299,"OPERATE_INCOME_QOQ":0,"NET_PROFIT_RATIO":-33.5305519516,"ROE_AVG":-8.759027119936,"GROSS_PROFIT_QOQ":0,"ROA":-6.307894177153,"HOLDER_PROFIT_QOQ":0,"ROE_YEARLY":-8.759027119936,"ROIC_YEARLY":-6.429733070885,"TOTAL_ASSETS":563785049.84,"TOTAL_LIABILITIES":159944410.28,"TAX_EBT":12.205054742658,"OCF_SALES":4.833289043815,"TOTAL_PARENT_EQUITY":404932275.83,"DEBT_ASSET_RATIO":28.3697501956,"OPERATE_PROFIT":-21867741.8,"PRETAX_PROFIT":-42776909.65,"NETCASH_OPERATE":5413535.44,"NETCASH_INVEST":2723400.51,"NETCASH_FINANCE":-7553037.48,"END_CASH":12058772.75,"DIVI_RATIO":null,"DIVIDEND_RATE":null,"CURRENT_RATIO":0.781766081871,"COMMON_ACS":1000000000,"CURRENTDEBT_DEBT":46.795980471572,"ISSUED_COMMON_SHARES":287930000,"HK_COMMON_SHARES":287930000,"PER_SHARES":2000,"TOTAL_MARKET_CAP":38870550,"HKSK_MARKET_CAP":38870550,"PE_TTM":-0.688925419163,"PB_TTM":0.101888461629,"REPORT_DATE_SQ":"2021-12-31 00:00:00","REPORT_TYPE_SQ":"2021年年报","OPERATE_INCOME_SQ":112345971.26,"DPS_HKD":null,"OPERATE_INCOME_QOQ_SQ":0,"NET_PROFIT_RATIO_SQ":-29.5590719432,"HOLDER_PROFIT_SQ":-33022705.18,"HOLDER_PROFIT_QOQ_SQ":0,"ROE_AVG_SQ":-7.763610103485,"PE_TTM_SQ":-1.310085866953,"PB_TTM_SQ":0.126290484749,"ROA_SQ":-5.354193623042,"START_DATE":"2022-04-01 00:00:00","FISCAL_YEAR":"3-31","CURRENCY":"HKD","IS_CNY_CODE":0,"DPS_HKD_LY":null,"ORG_TYPE":"一般企业","PREMIUM_INCOME":null,"PREMIUM_INCOME_YOY":null,"NET_INTEREST_INCOME":null,"NET_INTEREST_INCOME_YOY":null,"FEE_COMMISSION_INCOME":null,"FEE_COMMISSION_INCOME_YOY":null,"ACCOUNTS_RECE_TDAYS":4.339726956669,"INVENTORY_TDAYS":1.309213135185,"CURRENT_ASSETS_TDAYS":1.82622162274,"TOTAL_ASSETS_TDAYS":0.188316921014,"PREMIUM_EXPENSE":null,"LOAN_DEPOSIT":null,"LOAN_EQUITY":null,"LOAN_ASSETS":null,"DEPOSIT_EQUITY":null,"DEPOSIT_ASSETS":null,"EQUITY_MULTIPLIER":1.396058233401,"EQUITY_RATIO":0.39499052021},{"SECUCODE":"00130.HK","SECURITY_CODE":"00130","SECURITY_NAME_ABBR":"慕诗国际","ORG_CODE":"10007410","STD_REPORT_DATE":"2022-06-30 00:00:00","REPORT_DATE":"2022-09-30 00:00:00","DATE_TYPE_CODE":"002","REPORT_TYPE":"2022年中报","PER_NETCASH_OPERATE":-0.010651741882,"PER_OI":0.176323865245,"BPS":1.567144199354,"BASIC_EPS":-0.0542664,"DILUTED_EPS":null,"OPERATE_INCOME":50768930.52,"OPERATE_INCOME_YOY":-16.2344057781,"GROSS_PROFIT":38271378.6,"GROSS_PROFIT_YOY":-8.116716580124,"HOLDER_PROFIT":-15123141.24,"HOLDER_PROFIT_YOY":36.6652778304,"GROSS_PROFIT_RATIO":75.383464272353,"EPS_TTM":-0.114690046817,"OPERATE_INCOME_QOQ":0,"NET_PROFIT_RATIO":-29.8665669036,"ROE_AVG":-3.295041279156,"GROSS_PROFIT_QOQ":0,"ROA":-2.375685348496,"HOLDER_PROFIT_QOQ":0,"ROE_YEARLY":-6.590082558313,"ROIC_YEARLY":-4.839425063221,"TOTAL_ASSETS":626654820.6,"TOTAL_LIABILITIES":176554827.96,"TAX_EBT":-1.976885644769,"OCF_SALES":-6.041009744713,"TOTAL_PARENT_EQUITY":451227829.32,"DEBT_ASSET_RATIO":28.1741753444,"OPERATE_PROFIT":-14127352.8,"PRETAX_PROFIT":-14868993.6,"NETCASH_OPERATE":-3066956.04,"NETCASH_INVEST":-533619.6,"NETCASH_FINANCE":3151973.4,"END_CASH":12335657.16,"DIVI_RATIO":null,"DIVIDEND_RATE":null,"CURRENT_RATIO":0.878358252712,"COMMON_ACS":1000000000,"CURRENTDEBT_DEBT":43.683948998253,"ISSUED_COMMON_SHARES":287930000,"HK_COMMON_SHARES":287930000,"PER_SHARES":2000,"TOTAL_MARKET_CAP":38870550,"HKSK_MARKET_CAP":38870550,"PE_TTM":-0.688925419163,"PB_TTM":0.101888461629,"REPORT_DATE_SQ":"2021-06-30 00:00:00","REPORT_TYPE_SQ":"2021年中报","OPERATE_INCOME_SQ":55825016.72,"DPS_HKD":null,"OPERATE_INCOME_QOQ_SQ":0,"NET_PROFIT_RATIO_SQ":-39.5839551125,"HOLDER_PROFIT_SQ":-21993617.06,"HOLDER_PROFIT_QOQ_SQ":0,"ROE_AVG_SQ":-5.067540656356,"PE_TTM_SQ":-1.310085866953,"PB_TTM_SQ":0.126290484749,"ROA_SQ":-3.406574051792,"START_DATE":"2022-04-01 00:00:00","FISCAL_YEAR":"3-31","CURRENCY":"HKD","IS_CNY_CODE":0,"DPS_HKD_LY":null,"ORG_TYPE":"一般企业","PREMIUM_INCOME":null,"PREMIUM_INCOME_YOY":null,"NET_INTEREST_INCOME":null,"NET_INTEREST_INCOME_YOY":null,"FEE_COMMISSION_INCOME":null,"FEE_COMMISSION_INCOME_YOY":null,"ACCOUNTS_RECE_TDAYS":1.905849998302,"INVENTORY_TDAYS":0.451472726382,"CURRENT_ASSETS_TDAYS":0.757622383285,"TOTAL_ASSETS_TDAYS":0.079752613879,"PREMIUM_EXPENSE":null,"LOAN_DEPOSIT":null,"LOAN_EQUITY":null,"LOAN_ASSETS":null,"DEPOSIT_EQUITY":null,"DEPOSIT_ASSETS":null,"EQUITY_MULTIPLIER":1.392256900349,"EQUITY_RATIO":0.391276460554},{"SECUCODE":"00130.HK","SECURITY_CODE":"00130","SECURITY_NAME_ABBR":"慕诗国际","ORG_CODE":"10007410","STD_REPORT_DATE":"2021-12-31 00:00:00","REPORT_DATE":"2022-03-31 00:00:00","DATE_TYPE_CODE":"001","REPORT_TYPE":"2021年年报","PER_NETCASH_OPERATE":0.004501073108,"PER_OI":0.390185014622,"BPS":1.453457910464,"BASIC_EPS":-0.1135414,"DILUTED_EPS":null,"OPERATE_INCOME":112345971.26,"OPERATE_INCOME_YOY":8.8330727591,"GROSS_PROFIT":78348432.06,"GROSS_PROFIT_YOY":6.668535910764,"HOLDER_PROFIT":-33022705.18,"HOLDER_PROFIT_YOY":-78.9723528636,"GROSS_PROFIT_RATIO":69.738532838601,"EPS_TTM":-0.113338998923,"OPERATE_INCOME_QOQ":0,"NET_PROFIT_RATIO":-29.5590719432,"ROE_AVG":-7.763610103485,"GROSS_PROFIT_QOQ":0,"ROA":-5.354193623042,"HOLDER_PROFIT_QOQ":0,"ROE_YEARLY":-7.763610103485,"ROIC_YEARLY":-5.461244318189,"TOTAL_ASSETS":579720491.13,"TOTAL_LIABILITIES":162202000,"TAX_EBT":0.117087449689,"OCF_SALES":1.1535740583,"TOTAL_PARENT_EQUITY":418494136.16,"DEBT_ASSET_RATIO":27.979345647,"OPERATE_PROFIT":-36064803.69,"PRETAX_PROFIT":-33247354.95,"NETCASH_OPERATE":1295993.98,"NETCASH_INVEST":66732335.83,"NETCASH_FINANCE":-71557845.33,"END_CASH":11698008.24,"DIVI_RATIO":null,"DIVIDEND_RATE":null,"CURRENT_RATIO":0.897841162489,"COMMON_ACS":1000000000,"CURRENTDEBT_DEBT":40.809,"ISSUED_COMMON_SHARES":287930000,"HK_COMMON_SHARES":287930000,"PER_SHARES":2000,"TOTAL_MARKET_CAP":38870550,"HKSK_MARKET_CAP":38870550,"PE_TTM":-0.688925419163,"PB_TTM":0.101888461629,"REPORT_DATE_SQ":"2020-12-31 00:00:00","REPORT_TYPE_SQ":"2020年年报","OPERATE_INCOME_SQ":107577045.94,"DPS_HKD":null,"OPERATE_INCOME_QOQ_SQ":0,"NET_PROFIT_RATIO_SQ":-18.2310284956,"HOLDER_PROFIT_SQ":-19228690.18,"HOLDER_PROFIT_QOQ_SQ":0,"ROE_AVG_SQ":-4.276556010553,"PE_TTM_SQ":-1.310085866953,"PB_TTM_SQ":0.126290484749,"ROA_SQ":-2.843045186186,"START_DATE":"2021-04-01 00:00:00","FISCAL_YEAR":"3-31","CURRENCY":"HKD","IS_CNY_CODE":0,"DPS_HKD_LY":null,"ORG_TYPE":"一般企业","PREMIUM_INCOME":null,"PREMIUM_INCOME_YOY":null,"NET_INTEREST_INCOME":null,"NET_INTEREST_INCOME_YOY":null,"FEE_COMMISSION_INCOME":null,"FEE_COMMISSION_INCOME_YOY":null,"ACCOUNTS_RECE_TDAYS":4.543325680551,"INVENTORY_TDAYS":1.199650864968,"CURRENT_ASSETS_TDAYS":1.701187537609,"TOTAL_ASSETS_TDAYS":0.182154090531,"PREMIUM_EXPENSE":null,"LOAN_DEPOSIT":null,"LOAN_EQUITY":null,"LOAN_ASSETS":null,"DEPOSIT_EQUITY":null,"DEPOSIT_ASSETS":null,"EQUITY_MULTIPLIER":1.388490578131,"EQUITY_RATIO":0.387584881089},{"SECUCODE":"00130.HK","SECURITY_CODE":"00130","SECURITY_NAME_ABBR":"慕诗国际","ORG_CODE":"10007410","STD_REPORT_DATE":"2021-06-30 00:00:00","REPORT_DATE":"2021-09-30 00:00:00","DATE_TYPE_CODE":"002","REPORT_TYPE":"2021年中报","PER_NETCASH_OPERATE":0.006964107318,"PER_OI":0.193883988192,"BPS":1.47277994707,"BASIC_EPS":-0.0749754,"DILUTED_EPS":null,"OPERATE_INCOME":55825016.72,"OPERATE_INCOME_YOY":28.1716810436,"GROSS_PROFIT":41652166.94,"GROSS_PROFIT_YOY":37.449848430107,"HOLDER_PROFIT":-21993617.06,"HOLDER_PROFIT_YOY":-170.1145897278,"GROSS_PROFIT_RATIO":74.612009789292,"EPS_TTM":-0.066782517209,"OPERATE_INCOME_QOQ":0,"NET_PROFIT_RATIO":-39.5839551125,"ROE_AVG":-5.067540656356,"GROSS_PROFIT_QOQ":0,"ROA":-3.406574051792,"HOLDER_PROFIT_QOQ":0,"ROE_YEARLY":-10.135081312712,"ROIC_YEARLY":-6.94121095881,"TOTAL_ASSETS":619663350.4,"TOTAL_LIABILITIES":196521353.18,"TAX_EBT":-1.209508184212,"OCF_SALES":3.591893989136,"TOTAL_PARENT_EQUITY":424057530.16,"DEBT_ASSET_RATIO":31.7142127339,"OPERATE_PROFIT":-20852324.86,"PRETAX_PROFIT":-21833669.54,"NETCASH_OPERATE":2005175.42,"NETCASH_INVEST":30851544.04,"NETCASH_FINANCE":-36560504.22,"END_CASH":10915585.18,"DIVI_RATIO":null,"DIVIDEND_RATE":null,"CURRENT_RATIO":0.737049604423,"COMMON_ACS":1000000000,"CURRENTDEBT_DEBT":47.847208386498,"ISSUED_COMMON_SHARES":287930000,"HK_COMMON_SHARES":287930000,"PER_SHARES":2000,"TOTAL_MARKET_CAP":38870550,"HKSK_MARKET_CAP":38870550,"PE_TTM":-0.688925419163,"PB_TTM":0.101888461629,"REPORT_DATE_SQ":"2020-06-30 00:00:00","REPORT_TYPE_SQ":"2020年中报","OPERATE_INCOME_SQ":45942117.76,"DPS_HKD":null,"OPERATE_INCOME_QOQ_SQ":0,"NET_PROFIT_RATIO_SQ":-19.0195665895,"HOLDER_PROFIT_SQ":-8588609.28,"HOLDER_PROFIT_QOQ_SQ":0,"ROE_AVG_SQ":-1.859484675042,"PE_TTM_SQ":-1.310085866953,"PB_TTM_SQ":0.126290484749,"ROA_SQ":-1.246463475521,"START_DATE":"2021-04-01 00:00:00","FISCAL_YEAR":"3-31","CURRENCY":"HKD","IS_CNY_CODE":0,"DPS_HKD_LY":null,"ORG_TYPE":"一般企业","PREMIUM_INCOME":null,"PREMIUM_INCOME_YOY":null,"NET_INTEREST_INCOME":null,"NET_INTEREST_INCOME_YOY":null,"FEE_COMMISSION_INCOME":null,"FEE_COMMISSION_INCOME_YOY":null,"ACCOUNTS_RECE_TDAYS":2.109683918902,"INVENTORY_TDAYS":0.433049520828,"CURRENT_ASSETS_TDAYS":0.775732038363,"TOTAL_ASSETS_TDAYS":0.086466929419,"PREMIUM_EXPENSE":null,"LOAN_DEPOSIT":null,"LOAN_EQUITY":null,"LOAN_ASSETS":null,"DEPOSIT_EQUITY":null,"DEPOSIT_ASSETS":null,"EQUITY_MULTIPLIER":1.46443358133,"EQUITY_RATIO":0.463430877187},{"SECUCODE":"00130.HK","SECURITY_CODE":"00130","SECURITY_NAME_ABBR":"慕诗国际","ORG_CODE":"10007410","STD_REPORT_DATE":"2020-12-31 00:00:00","REPORT_DATE":"2021-03-31 00:00:00","DATE_TYPE_CODE":"001","REPORT_TYPE":"2020年年报","PER_NETCASH_OPERATE":0.030413329559,"PER_OI":0.37362222047,"BPS":1.564341792172,"BASIC_EPS":-0.0676144,"DILUTED_EPS":null,"OPERATE_INCOME":107577045.94,"OPERATE_INCOME_YOY":-33.5697584602,"GROSS_PROFIT":73450367.9,"GROSS_PROFIT_YOY":-45.326669285421,"HOLDER_PROFIT":-19228690.18,"HOLDER_PROFIT_YOY":84.490844888,"GROSS_PROFIT_RATIO":68.276989071596,"EPS_TTM":-0.377547810509,"OPERATE_INCOME_QOQ":0,"NET_PROFIT_RATIO":-18.2310284956,"ROE_AVG":-4.276556010553,"GROSS_PROFIT_QOQ":0,"ROA":-2.843045186186,"HOLDER_PROFIT_QOQ":0,"ROE_YEARLY":-4.276556010553,"ROIC_YEARLY":-2.930762963225,"TOTAL_ASSETS":681352844.34,"TOTAL_LIABILITIES":231755117.44,"TAX_EBT":-18.410981272644,"OCF_SALES":8.140128689613,"TOTAL_PARENT_EQUITY":450420932.22,"DEBT_ASSET_RATIO":34.0139649178,"OPERATE_PROFIT":-24576144.04,"PRETAX_PROFIT":-16562992.46,"NETCASH_OPERATE":8756909.98,"NETCASH_INVEST":3982488.16,"NETCASH_FINANCE":-24771380.62,"END_CASH":14847277.06,"DIVI_RATIO":null,"DIVIDEND_RATE":null,"CURRENT_RATIO":0.6109534852,"COMMON_ACS":1000000000,"CURRENTDEBT_DEBT":53.470358268176,"ISSUED_COMMON_SHARES":287930000,"HK_COMMON_SHARES":287930000,"PER_SHARES":2000,"TOTAL_MARKET_CAP":38870550,"HKSK_MARKET_CAP":38870550,"PE_TTM":-0.688925419163,"PB_TTM":0.101888461629,"REPORT_DATE_SQ":"2019-12-31 00:00:00","REPORT_TYPE_SQ":"2019年年报","OPERATE_INCOME_SQ":175068574.8,"DPS_HKD":null,"OPERATE_INCOME_QOQ_SQ":0,"NET_PROFIT_RATIO_SQ":-76.4420367007,"HOLDER_PROFIT_SQ":-134034307.8,"HOLDER_PROFIT_QOQ_SQ":0,"ROE_AVG_SQ":-24.087506742561,"PE_TTM_SQ":-1.310085866953,"PB_TTM_SQ":0.126290484749,"ROA_SQ":-17.959378558049,"START_DATE":"2020-04-01 00:00:00","FISCAL_YEAR":"3-31","CURRENCY":"HKD","IS_CNY_CODE":0,"DPS_HKD_LY":null,"ORG_TYPE":"一般企业","PREMIUM_INCOME":null,"PREMIUM_INCOME_YOY":null,"NET_INTEREST_INCOME":null,"NET_INTEREST_INCOME_YOY":null,"FEE_COMMISSION_INCOME":null,"FEE_COMMISSION_INCOME_YOY":null,"ACCOUNTS_RECE_TDAYS":4.246588596403,"INVENTORY_TDAYS":0.857901669995,"CURRENT_ASSETS_TDAYS":1.251098420437,"TOTAL_ASSETS_TDAYS":0.159057325143,"PREMIUM_EXPENSE":null,"LOAN_DEPOSIT":null,"LOAN_EQUITY":null,"LOAN_ASSETS":null,"DEPOSIT_EQUITY":null,"DEPOSIT_ASSETS":null,"EQUITY_MULTIPLIER":1.515472173399,"EQUITY_RATIO":0.514530078115},{"SECUCODE":"00130.HK","SECURITY_CODE":"00130","SECURITY_NAME_ABBR":"慕诗国际","ORG_CODE":"10007410","STD_REPORT_DATE":"2020-06-30 00:00:00","REPORT_DATE":"2020-09-30 00:00:00","DATE_TYPE_CODE":"002","REPORT_TYPE":"2020年中报","PER_NETCASH_OPERATE":0.046339334144,"PER_OI":0.159560024173,"BPS":1.587576920502,"BASIC_EPS":-0.0263616,"DILUTED_EPS":null,"OPERATE_INCOME":45942117.76,"OPERATE_INCOME_YOY":-49.4527911518,"GROSS_PROFIT":30303537.92,"GROSS_PROFIT_YOY":-57.043859929238,"HOLDER_PROFIT":-8588609.28,"HOLDER_PROFIT_YOY":74.0053191489,"GROSS_PROFIT_RATIO":65.960254767324,"EPS_TTM":-0.465510046886,"OPERATE_INCOME_QOQ":0,"NET_PROFIT_RATIO":-19.0195665895,"ROE_AVG":-1.859484675042,"GROSS_PROFIT_QOQ":0,"ROA":-1.246463475521,"HOLDER_PROFIT_QOQ":0,"ROE_YEARLY":-3.718969350084,"ROIC_YEARLY":-2.585464631061,"TOTAL_ASSETS":680105554.56,"TOTAL_LIABILITIES":223600848.64,"TAX_EBT":-2.642444260941,"OCF_SALES":29.041944800413,"TOTAL_PARENT_EQUITY":457111022.72,"DEBT_ASSET_RATIO":32.8773742753,"OPERATE_PROFIT":-6064046.72,"PRETAX_PROFIT":-8513039.36,"NETCASH_OPERATE":13342484.48,"NETCASH_INVEST":2340910.08,"NETCASH_FINANCE":-19588426.24,"END_CASH":22417904.64,"DIVI_RATIO":null,"DIVIDEND_RATE":null,"CURRENT_RATIO":0.750789312295,"COMMON_ACS":1000000000,"CURRENTDEBT_DEBT":51.904410088736,"ISSUED_COMMON_SHARES":287930000,"HK_COMMON_SHARES":287930000,"PER_SHARES":2000,"TOTAL_MARKET_CAP":38870550,"HKSK_MARKET_CAP":38870550,"PE_TTM":-0.688925419163,"PB_TTM":0.101888461629,"REPORT_DATE_SQ":"2019-06-30 00:00:00","REPORT_TYPE_SQ":"2019年中报","OPERATE_INCOME_SQ":93298502.34,"DPS_HKD":null,"OPERATE_INCOME_QOQ_SQ":0,"NET_PROFIT_RATIO_SQ":-36.3236459965,"HOLDER_PROFIT_SQ":-33915576,"HOLDER_PROFIT_QOQ_SQ":0,"ROE_AVG_SQ":-5.64473452108,"PE_TTM_SQ":-1.310085866953,"PB_TTM_SQ":0.126290484749,"ROA_SQ":-4.262238774924,"START_DATE":"2020-04-01 00:00:00","FISCAL_YEAR":"3-31","CURRENCY":"HKD","IS_CNY_CODE":0,"DPS_HKD_LY":null,"ORG_TYPE":"一般企业","PREMIUM_INCOME":null,"PREMIUM_INCOME_YOY":null,"NET_INTEREST_INCOME":null,"NET_INTEREST_INCOME_YOY":null,"FEE_COMMISSION_INCOME":null,"FEE_COMMISSION_INCOME_YOY":null,"ACCOUNTS_RECE_TDAYS":1.919205638353,"INVENTORY_TDAYS":0.351604713878,"CURRENT_ASSETS_TDAYS":0.490786546386,"TOTAL_ASSETS_TDAYS":0.06667572119,"PREMIUM_EXPENSE":null,"LOAN_DEPOSIT":null,"LOAN_EQUITY":null,"LOAN_ASSETS":null,"DEPOSIT_EQUITY":null,"DEPOSIT_ASSETS":null,"EQUITY_MULTIPLIER":1.489810610362,"EQUITY_RATIO":0.48916092049}],"count":45},"success":true,"message":"ok","code":0}