{"version":"1d4cb5cc3097022916870a4fc1f195dc","result":{"pages":6,"data":[{"SECUCODE":"00131.HK","SECURITY_CODE":"00131","SECURITY_NAME_ABBR":"卓能(集团)","ORG_CODE":"10007411","STD_REPORT_DATE":"2023-12-31 00:00:00","REPORT_DATE":"2024-06-30 00:00:00","DATE_TYPE_CODE":"001","REPORT_TYPE":"2023年年报","PER_NETCASH_OPERATE":0.288977604552,"PER_OI":0.262951245633,"BPS":9.347182501104,"BASIC_EPS":0.2372968,"DILUTED_EPS":0.2372968,"OPERATE_INCOME":171622172.56,"OPERATE_INCOME_YOY":316.4274957924,"GROSS_PROFIT":97470573.28,"GROSS_PROFIT_YOY":280.941013866087,"HOLDER_PROFIT":156687077.04,"HOLDER_PROFIT_YOY":709.7254975946,"GROSS_PROFIT_RATIO":56.793695025579,"EPS_TTM":0.489024629451,"OPERATE_INCOME_QOQ":116.740474901702,"NET_PROFIT_RATIO":90.9392582508,"ROE_AVG":2.589816838622,"GROSS_PROFIT_QOQ":218.09742073239,"ROA":1.82028109187,"HOLDER_PROFIT_QOQ":1532.79087710607,"ROE_YEARLY":2.589816838622,"ROIC_YEARLY":1.991583235472,"TOTAL_ASSETS":8726761403.84,"TOTAL_LIABILITIES":2436026886.56,"TAX_EBT":227.123507634666,"OCF_SALES":109.897788791866,"TOTAL_PARENT_EQUITY":6100688986.24,"DEBT_ASSET_RATIO":27.9144435585,"OPERATE_PROFIT":-73641411.16,"PRETAX_PROFIT":-122771888.24,"NETCASH_OPERATE":188608972.72,"NETCASH_INVEST":81481332.36,"NETCASH_FINANCE":235687745.16,"END_CASH":802504921.12,"DIVI_RATIO":0.116348229871,"DIVIDEND_RATE":3.955696202532,"CURRENT_RATIO":2.007134991866,"COMMON_ACS":null,"CURRENTDEBT_DEBT":73.561420887703,"ISSUED_COMMON_SHARES":652676781,"HK_COMMON_SHARES":652676781,"PER_SHARES":1000,"TOTAL_MARKET_CAP":1031229313.98,"HKSK_MARKET_CAP":1031229313.98,"PE_TTM":6.006764489218,"PB_TTM":0.154274766736,"REPORT_DATE_SQ":"2022-12-31 00:00:00","REPORT_TYPE_SQ":"2022年年报","OPERATE_INCOME_SQ":41632928.88,"DPS_HKD":0.0625,"OPERATE_INCOME_QOQ_SQ":-6.872843375004,"NET_PROFIT_RATIO_SQ":117.4594738241,"HOLDER_PROFIT_SQ":19547819.96,"HOLDER_PROFIT_QOQ_SQ":61.457461669747,"ROE_AVG_SQ":0.319667408391,"PE_TTM_SQ":49.253978379398,"PB_TTM_SQ":0.158861129635,"ROA_SQ":0.227358136946,"START_DATE":"2023-07-01 00:00:00","FISCAL_YEAR":"6-30","CURRENCY":"HKD","IS_CNY_CODE":0,"DPS_HKD_LY":0.0525,"ORG_TYPE":"一般企业","PREMIUM_INCOME":null,"PREMIUM_INCOME_YOY":null,"NET_INTEREST_INCOME":null,"NET_INTEREST_INCOME_YOY":null,"FEE_COMMISSION_INCOME":null,"FEE_COMMISSION_INCOME_YOY":null,"ACCOUNTS_RECE_TDAYS":7.779492377387,"INVENTORY_TDAYS":0.033296701743,"CURRENT_ASSETS_TDAYS":0.060236230246,"TOTAL_ASSETS_TDAYS":0.019937866068,"PREMIUM_EXPENSE":null,"LOAN_DEPOSIT":null,"LOAN_EQUITY":null,"LOAN_ASSETS":null,"DEPOSIT_EQUITY":null,"DEPOSIT_ASSETS":null,"EQUITY_MULTIPLIER":1.387240453379,"EQUITY_RATIO":0.399303569163},{"SECUCODE":"00131.HK","SECURITY_CODE":"00131","SECURITY_NAME_ABBR":"卓能(集团)","ORG_CODE":"10007411","STD_REPORT_DATE":"2023-06-30 00:00:00","REPORT_DATE":"2023-12-31 00:00:00","DATE_TYPE_CODE":"002","REPORT_TYPE":"2023年中报","PER_NETCASH_OPERATE":0.469793274108,"PER_OI":0.108954373267,"BPS":9.542136287425,"BASIC_EPS":0.4349856,"DILUTED_EPS":0.4349856,"OPERATE_INCOME":71111989.62,"OPERATE_INCOME_YOY":211.4052144926,"GROSS_PROFIT":54116739.74,"GROSS_PROFIT_YOY":3307.13261260518,"HOLDER_PROFIT":283566206.42,"HOLDER_PROFIT_YOY":1840.3281423804,"GROSS_PROFIT_RATIO":76.100725108639,"EPS_TTM":0.029950230388,"OPERATE_INCOME_QOQ":-7.865139088143,"NET_PROFIT_RATIO":398.7460335665,"ROE_AVG":4.654341054225,"GROSS_PROFIT_QOQ":85.801623291161,"ROA":3.307550182435,"HOLDER_PROFIT_QOQ":139.752497847303,"ROE_YEARLY":9.308682108451,"ROIC_YEARLY":7.153389430639,"TOTAL_ASSETS":8717745778,"TOTAL_LIABILITIES":2300513780.04,"TAX_EBT":2420.35595105673,"OCF_SALES":431.183494539384,"TOTAL_PARENT_EQUITY":6227930795.94,"DEBT_ASSET_RATIO":26.3888605911,"OPERATE_PROFIT":-1027653.48,"PRETAX_PROFIT":-12220376.7,"NETCASH_OPERATE":306623161.88,"NETCASH_INVEST":4164987.12,"NETCASH_FINANCE":9239819.12,"END_CASH":618476119.38,"DIVI_RATIO":1.899723283009,"DIVIDEND_RATE":3.810975609756,"CURRENT_RATIO":2.734060269466,"COMMON_ACS":null,"CURRENTDEBT_DEBT":38.698296923243,"ISSUED_COMMON_SHARES":652676781,"HK_COMMON_SHARES":652676781,"PER_SHARES":1000,"TOTAL_MARKET_CAP":1070389920.84,"HKSK_MARKET_CAP":1070389920.84,"PE_TTM":6.234869469821,"PB_TTM":0.160133302182,"REPORT_DATE_SQ":"2022-06-30 00:00:00","REPORT_TYPE_SQ":"2022年中报","OPERATE_INCOME_SQ":22509510.73,"DPS_HKD":0.0625,"OPERATE_INCOME_QOQ_SQ":-57.339080994198,"NET_PROFIT_RATIO_SQ":-71.4314060082,"HOLDER_PROFIT_SQ":-16060994.6,"HOLDER_PROFIT_QOQ_SQ":-256.478280005746,"ROE_AVG_SQ":-0.269970800961,"PE_TTM_SQ":49.253978379398,"PB_TTM_SQ":0.158861129635,"ROA_SQ":-0.193111659836,"START_DATE":"2023-07-01 00:00:00","FISCAL_YEAR":"6-30","CURRENCY":"HKD","IS_CNY_CODE":0,"DPS_HKD_LY":0.0525,"ORG_TYPE":"一般企业","PREMIUM_INCOME":null,"PREMIUM_INCOME_YOY":null,"NET_INTEREST_INCOME":null,"NET_INTEREST_INCOME_YOY":null,"FEE_COMMISSION_INCOME":null,"FEE_COMMISSION_INCOME_YOY":null,"ACCOUNTS_RECE_TDAYS":2.775867558103,"INVENTORY_TDAYS":0.009813268477,"CURRENT_ASSETS_TDAYS":0.031460507483,"TOTAL_ASSETS_TDAYS":0.00829458761,"PREMIUM_EXPENSE":null,"LOAN_DEPOSIT":null,"LOAN_EQUITY":null,"LOAN_ASSETS":null,"DEPOSIT_EQUITY":null,"DEPOSIT_ASSETS":null,"EQUITY_MULTIPLIER":1.358490043803,"EQUITY_RATIO":0.369386535499},{"SECUCODE":"00131.HK","SECURITY_CODE":"00131","SECURITY_NAME_ABBR":"卓能(集团)","ORG_CODE":"10007411","STD_REPORT_DATE":"2022-12-31 00:00:00","REPORT_DATE":"2023-06-30 00:00:00","DATE_TYPE_CODE":"001","REPORT_TYPE":"2022年年报","PER_NETCASH_OPERATE":-0.097641254347,"PER_OI":0.063787972994,"BPS":9.285896451769,"BASIC_EPS":0.0276594,"DILUTED_EPS":0.0276594,"OPERATE_INCOME":41632928.88,"OPERATE_INCOME_YOY":-20.4131270048,"GROSS_PROFIT":25586788.96,"GROSS_PROFIT_YOY":242.131734694341,"HOLDER_PROFIT":19547819.96,"HOLDER_PROFIT_YOY":114.2116940484,"GROSS_PROFIT_RATIO":61.458056515192,"EPS_TTM":-0.075341757148,"OPERATE_INCOME_QOQ":-6.872843375004,"NET_PROFIT_RATIO":117.4594738241,"ROE_AVG":0.319667408391,"GROSS_PROFIT_QOQ":84.138183851173,"ROA":0.227358136946,"HOLDER_PROFIT_QOQ":61.457461669747,"ROE_YEARLY":0.319667408391,"ROIC_YEARLY":0.24128995554,"TOTAL_ASSETS":8575440163.74,"TOTAL_LIABILITIES":2322147692.94,"TAX_EBT":40.533449934412,"OCF_SALES":-153.07157409868,"TOTAL_PARENT_EQUITY":6060689004.84,"DEBT_ASSET_RATIO":27.0790495718,"OPERATE_PROFIT":98926610.04,"PRETAX_PROFIT":82234162.14,"NETCASH_OPERATE":-62734285.14,"NETCASH_INVEST":66470148.1,"NETCASH_FINANCE":-18884916.34,"END_CASH":297607768.16,"DIVI_RATIO":-0.755187457183,"DIVIDEND_RATE":3.810975609756,"CURRENT_RATIO":2.394153298128,"COMMON_ACS":null,"CURRENTDEBT_DEBT":38.186006567796,"ISSUED_COMMON_SHARES":652676781,"HK_COMMON_SHARES":652676781,"PER_SHARES":1000,"TOTAL_MARKET_CAP":1070389920.84,"HKSK_MARKET_CAP":1070389920.84,"PE_TTM":6.234869469821,"PB_TTM":0.160133302182,"REPORT_DATE_SQ":"2021-12-31 00:00:00","REPORT_TYPE_SQ":"2021年年报","OPERATE_INCOME_SQ":48521770.22,"DPS_HKD":0.0625,"OPERATE_INCOME_QOQ_SQ":-86.256488981579,"NET_PROFIT_RATIO_SQ":-263.0194931087,"HOLDER_PROFIT_SQ":-127583230.53,"HOLDER_PROFIT_QOQ_SQ":-34.103328420066,"ROE_AVG_SQ":-2.199569498483,"PE_TTM_SQ":49.253978379398,"PB_TTM_SQ":0.158861129635,"ROA_SQ":-1.473781615037,"START_DATE":"2022-07-01 00:00:00","FISCAL_YEAR":"6-30","CURRENCY":"HKD","IS_CNY_CODE":0,"DPS_HKD_LY":0.0375,"ORG_TYPE":"一般企业","PREMIUM_INCOME":null,"PREMIUM_INCOME_YOY":null,"NET_INTEREST_INCOME":null,"NET_INTEREST_INCOME_YOY":null,"FEE_COMMISSION_INCOME":null,"FEE_COMMISSION_INCOME_YOY":null,"ACCOUNTS_RECE_TDAYS":1.685114005299,"INVENTORY_TDAYS":0.009036415133,"CURRENT_ASSETS_TDAYS":0.019213267009,"TOTAL_ASSETS_TDAYS":0.004842271499,"PREMIUM_EXPENSE":null,"LOAN_DEPOSIT":null,"LOAN_EQUITY":null,"LOAN_ASSETS":null,"DEPOSIT_EQUITY":null,"DEPOSIT_ASSETS":null,"EQUITY_MULTIPLIER":1.371348006475,"EQUITY_RATIO":0.383149125633},{"SECUCODE":"00131.HK","SECURITY_CODE":"00131","SECURITY_NAME_ABBR":"卓能(集团)","ORG_CODE":"10007411","STD_REPORT_DATE":"2022-06-30 00:00:00","REPORT_DATE":"2022-12-31 00:00:00","DATE_TYPE_CODE":"002","REPORT_TYPE":"2022年中报","PER_NETCASH_OPERATE":-0.083461512231,"PER_OI":0.034487990664,"BPS":9.071905883534,"BASIC_EPS":-0.0267981,"DILUTED_EPS":-0.0267981,"OPERATE_INCOME":22509510.73,"OPERATE_INCOME_YOY":-20.2815564695,"GROSS_PROFIT":-1687387.03,"GROSS_PROFIT_YOY":78.854205556647,"HOLDER_PROFIT":-16060994.6,"HOLDER_PROFIT_YOY":84.4390978485,"GROSS_PROFIT_RATIO":-7.496329219413,"EPS_TTM":-0.19547689491,"OPERATE_INCOME_QOQ":-57.339080994198,"NET_PROFIT_RATIO":-71.4314060082,"ROE_AVG":-0.269970800961,"GROSS_PROFIT_QOQ":134.566856753468,"ROA":-0.193111659836,"HOLDER_PROFIT_QOQ":-256.478280005746,"ROE_YEARLY":-0.539941601922,"ROIC_YEARLY":-0.409330038507,"TOTAL_ASSETS":8282143071.51,"TOTAL_LIABILITIES":2202972648.03,"TAX_EBT":2.083446662677,"OCF_SALES":-242.001666732807,"TOTAL_PARENT_EQUITY":5921022329.6,"DEBT_ASSET_RATIO":26.5990653507,"OPERATE_PROFIT":-11577672.47,"PRETAX_PROFIT":-16420982.41,"NETCASH_OPERATE":-54473391.14,"NETCASH_INVEST":10231514.58,"NETCASH_FINANCE":22331750,"END_CASH":294355690.02,"DIVI_RATIO":-0.29106841515,"DIVIDEND_RATE":3.810975609756,"CURRENT_RATIO":1.494533777774,"COMMON_ACS":null,"CURRENTDEBT_DEBT":63.049222910328,"ISSUED_COMMON_SHARES":652676781,"HK_COMMON_SHARES":652676781,"PER_SHARES":1000,"TOTAL_MARKET_CAP":1070389920.84,"HKSK_MARKET_CAP":1070389920.84,"PE_TTM":6.234869469821,"PB_TTM":0.160133302182,"REPORT_DATE_SQ":"2021-06-30 00:00:00","REPORT_TYPE_SQ":"2021年中报","OPERATE_INCOME_SQ":25844336,"DPS_HKD":0.0625,"OPERATE_INCOME_QOQ_SQ":-14.874635778989,"NET_PROFIT_RATIO_SQ":-364.8655488769,"HOLDER_PROFIT_SQ":-94470409.6,"HOLDER_PROFIT_QOQ_SQ":419.108967899289,"ROE_AVG_SQ":-1.673203681986,"PE_TTM_SQ":49.253978379398,"PB_TTM_SQ":0.158861129635,"ROA_SQ":-1.051909167435,"START_DATE":"2022-07-01 00:00:00","FISCAL_YEAR":"6-30","CURRENCY":"HKD","IS_CNY_CODE":0,"DPS_HKD_LY":0.0375,"ORG_TYPE":"一般企业","PREMIUM_INCOME":null,"PREMIUM_INCOME_YOY":null,"NET_INTEREST_INCOME":null,"NET_INTEREST_INCOME_YOY":null,"FEE_COMMISSION_INCOME":null,"FEE_COMMISSION_INCOME_YOY":null,"ACCOUNTS_RECE_TDAYS":0.925005506204,"INVENTORY_TDAYS":0.013979647763,"CURRENT_ASSETS_TDAYS":0.010673607611,"TOTAL_ASSETS_TDAYS":0.002706463135,"PREMIUM_EXPENSE":null,"LOAN_DEPOSIT":null,"LOAN_EQUITY":null,"LOAN_ASSETS":null,"DEPOSIT_EQUITY":null,"DEPOSIT_ASSETS":null,"EQUITY_MULTIPLIER":1.362380472099,"EQUITY_RATIO":0.372059506855},{"SECUCODE":"00131.HK","SECURITY_CODE":"00131","SECURITY_NAME_ABBR":"卓能(集团)","ORG_CODE":"10007411","STD_REPORT_DATE":"2021-12-31 00:00:00","REPORT_DATE":"2022-06-30 00:00:00","DATE_TYPE_CODE":"001","REPORT_TYPE":"2021年年报","PER_NETCASH_OPERATE":-2.113975955029,"PER_OI":0.074342724657,"BPS":8.767717946458,"BASIC_EPS":-0.1966937,"DILUTED_EPS":-0.1966937,"OPERATE_INCOME":48521770.22,"OPERATE_INCOME_YOY":-94.2953320417,"GROSS_PROFIT":7478636.55,"GROSS_PROFIT_YOY":-98.771297969091,"HOLDER_PROFIT":-127583230.53,"HOLDER_PROFIT_YOY":-200.3275050437,"GROSS_PROFIT_RATIO":15.412950756107,"EPS_TTM":0.12492270167,"OPERATE_INCOME_QOQ":-86.256488981579,"NET_PROFIT_RATIO":-263.0194931087,"ROE_AVG":-2.199569498483,"GROSS_PROFIT_QOQ":-103.554566849026,"ROA":-1.473781615037,"HOLDER_PROFIT_QOQ":-34.103328420066,"ROE_YEARLY":-2.199569498483,"ROIC_YEARLY":-1.701517744658,"TOTAL_ASSETS":7995716921.22,"TOTAL_LIABILITIES":2121807633.05,"TAX_EBT":360.690016595336,"OCF_SALES":-2843.55458422926,"TOTAL_PARENT_EQUITY":5722485926.01,"DEBT_ASSET_RATIO":26.5368028153,"OPERATE_PROFIT":62428014.81,"PRETAX_PROFIT":48955351.55,"NETCASH_OPERATE":-1379743021.44,"NETCASH_INVEST":22567608.91,"NETCASH_FINANCE":-5922190.75,"END_CASH":313403189.68,"DIVI_RATIO":0.455458849667,"DIVIDEND_RATE":3.810975609756,"CURRENT_RATIO":1.526791291342,"COMMON_ACS":null,"CURRENTDEBT_DEBT":63.299833339715,"ISSUED_COMMON_SHARES":652676781,"HK_COMMON_SHARES":652676781,"PER_SHARES":1000,"TOTAL_MARKET_CAP":1070389920.84,"HKSK_MARKET_CAP":1070389920.84,"PE_TTM":6.234869469821,"PB_TTM":0.160133302182,"REPORT_DATE_SQ":"2020-12-31 00:00:00","REPORT_TYPE_SQ":"2020年年报","OPERATE_INCOME_SQ":827577615.12,"DPS_HKD":0.0625,"OPERATE_INCOME_QOQ_SQ":92.503595869996,"NET_PROFIT_RATIO_SQ":15.032943256,"HOLDER_PROFIT_SQ":123730296,"HOLDER_PROFIT_QOQ_SQ":-188.996936671568,"ROE_AVG_SQ":2.214568449935,"PE_TTM_SQ":49.253978379398,"PB_TTM_SQ":0.158861129635,"ROA_SQ":1.354076658587,"START_DATE":"2021-07-01 00:00:00","FISCAL_YEAR":"6-30","CURRENCY":"HKD","IS_CNY_CODE":0,"DPS_HKD_LY":0.045,"ORG_TYPE":"一般企业","PREMIUM_INCOME":null,"PREMIUM_INCOME_YOY":null,"NET_INTEREST_INCOME":null,"NET_INTEREST_INCOME_YOY":null,"FEE_COMMISSION_INCOME":null,"FEE_COMMISSION_INCOME_YOY":null,"ACCOUNTS_RECE_TDAYS":1.984991341158,"INVENTORY_TDAYS":0.024513677307,"CURRENT_ASSETS_TDAYS":0.017686207747,"TOTAL_ASSETS_TDAYS":0.005605007224,"PREMIUM_EXPENSE":null,"LOAN_DEPOSIT":null,"LOAN_EQUITY":null,"LOAN_ASSETS":null,"DEPOSIT_EQUITY":null,"DEPOSIT_ASSETS":null,"EQUITY_MULTIPLIER":1.361225808735,"EQUITY_RATIO":0.370784246652},{"SECUCODE":"00131.HK","SECURITY_CODE":"00131","SECURITY_NAME_ABBR":"卓能(集团)","ORG_CODE":"10007411","STD_REPORT_DATE":"2021-06-30 00:00:00","REPORT_DATE":"2021-12-31 00:00:00","DATE_TYPE_CODE":"002","REPORT_TYPE":"2021年中报","PER_NETCASH_OPERATE":-0.034559140844,"PER_OI":0.039597449691,"BPS":8.690793390427,"BASIC_EPS":-0.147168,"DILUTED_EPS":-0.147168,"OPERATE_INCOME":25844336,"OPERATE_INCOME_YOY":-96.4032951778,"GROSS_PROFIT":-7979776,"GROSS_PROFIT_YOY":-101.282268616243,"HOLDER_PROFIT":-94470409.6,"HOLDER_PROFIT_YOY":-86.0344549992,"GROSS_PROFIT_RATIO":-30.876304966783,"EPS_TTM":0.189573613773,"OPERATE_INCOME_QOQ":-14.874635778989,"NET_PROFIT_RATIO":-364.8655488769,"ROE_AVG":-1.673203681986,"GROSS_PROFIT_QOQ":-23.05971697536,"ROA":-1.051909167435,"HOLDER_PROFIT_QOQ":419.108967899289,"ROE_YEARLY":-3.346407363973,"ROIC_YEARLY":-2.62013377771,"TOTAL_ASSETS":9053273353.6,"TOTAL_LIABILITIES":3236016649.6,"TAX_EBT":-0.688812257191,"OCF_SALES":-87.276178424549,"TOTAL_PARENT_EQUITY":5672279054.4,"DEBT_ASSET_RATIO":35.7441615116,"OPERATE_PROFIT":-90035747.2,"PRETAX_PROFIT":-93651992,"NETCASH_OPERATE":-22555948.8,"NETCASH_INVEST":19095865.6,"NETCASH_FINANCE":-3002227.2,"END_CASH":1621704694.4,"DIVI_RATIO":0.300132222347,"DIVIDEND_RATE":3.810975609756,"CURRENT_RATIO":1.448757722655,"COMMON_ACS":null,"CURRENTDEBT_DEBT":73.108551758917,"ISSUED_COMMON_SHARES":652676781,"HK_COMMON_SHARES":652676781,"PER_SHARES":1000,"TOTAL_MARKET_CAP":1070389920.84,"HKSK_MARKET_CAP":1070389920.84,"PE_TTM":6.234869469821,"PB_TTM":0.160133302182,"REPORT_DATE_SQ":"2020-06-30 00:00:00","REPORT_TYPE_SQ":"2020年中报","OPERATE_INCOME_SQ":739683730.4,"DPS_HKD":0.0625,"OPERATE_INCOME_QOQ_SQ":19.097940383741,"NET_PROFIT_RATIO_SQ":-7.0746193933,"HOLDER_PROFIT_SQ":-52274260.4,"HOLDER_PROFIT_QOQ_SQ":-90.765849898697,"ROE_AVG_SQ":-0.932508163951,"PE_TTM_SQ":49.253978379398,"PB_TTM_SQ":0.158861129635,"ROA_SQ":-0.555562065389,"START_DATE":"2021-07-01 00:00:00","FISCAL_YEAR":"6-30","CURRENCY":"HKD","IS_CNY_CODE":0,"DPS_HKD_LY":0.045,"ORG_TYPE":"一般企业","PREMIUM_INCOME":null,"PREMIUM_INCOME_YOY":null,"NET_INTEREST_INCOME":null,"NET_INTEREST_INCOME_YOY":null,"FEE_COMMISSION_INCOME":null,"FEE_COMMISSION_INCOME_YOY":null,"ACCOUNTS_RECE_TDAYS":1.017036405463,"INVENTORY_TDAYS":0.020178765227,"CURRENT_ASSETS_TDAYS":0.007700061532,"TOTAL_ASSETS_TDAYS":0.002877715263,"PREMIUM_EXPENSE":null,"LOAN_DEPOSIT":null,"LOAN_EQUITY":null,"LOAN_ASSETS":null,"DEPOSIT_EQUITY":null,"DEPOSIT_ASSETS":null,"EQUITY_MULTIPLIER":1.556278812206,"EQUITY_RATIO":0.570496729545},{"SECUCODE":"00131.HK","SECURITY_CODE":"00131","SECURITY_NAME_ABBR":"卓能(集团)","ORG_CODE":"10007411","STD_REPORT_DATE":"2020-12-31 00:00:00","REPORT_DATE":"2021-06-30 00:00:00","DATE_TYPE_CODE":"001","REPORT_TYPE":"2020年年报","PER_NETCASH_OPERATE":0.259675054934,"PER_OI":1.267974653322,"BPS":8.763005237657,"BASIC_EPS":0.1913784,"DILUTED_EPS":0.1913784,"OPERATE_INCOME":827577615.12,"OPERATE_INCOME_YOY":79.8923817103,"GROSS_PROFIT":608661527.52,"GROSS_PROFIT_YOY":79.80224021357,"HOLDER_PROFIT":123730296,"HOLDER_PROFIT_YOY":211.7661858437,"GROSS_PROFIT_RATIO":73.547364790884,"EPS_TTM":-0.059407172108,"OPERATE_INCOME_QOQ":92.503595869996,"NET_PROFIT_RATIO":15.032943256,"ROE_AVG":2.214568449935,"GROSS_PROFIT_QOQ":133.690640514006,"ROA":1.354076658587,"HOLDER_PROFIT_QOQ":-188.996936671568,"ROE_YEARLY":2.214568449935,"ROIC_YEARLY":1.617616023428,"TOTAL_ASSETS":9066203058.48,"TOTAL_LIABILITIES":3199424151.36,"TAX_EBT":72.964557525084,"OCF_SALES":20.479514653792,"TOTAL_PARENT_EQUITY":5719410050.4,"DEBT_ASSET_RATIO":35.289570846,"OPERATE_PROFIT":477965057.76,"PRETAX_PROFIT":460171026.96,"NETCASH_OPERATE":175320920.16,"NETCASH_INVEST":838319767.92,"NETCASH_FINANCE":-400176394.8,"END_CASH":1653039250.8,"DIVI_RATIO":-0.957748837063,"DIVIDEND_RATE":3.810975609756,"CURRENT_RATIO":1.442262176952,"COMMON_ACS":null,"CURRENTDEBT_DEBT":72.457095955051,"ISSUED_COMMON_SHARES":652676781,"HK_COMMON_SHARES":652676781,"PER_SHARES":1000,"TOTAL_MARKET_CAP":1070389920.84,"HKSK_MARKET_CAP":1070389920.84,"PE_TTM":6.234869469821,"PB_TTM":0.160133302182,"REPORT_DATE_SQ":"2019-12-31 00:00:00","REPORT_TYPE_SQ":"2019年年报","OPERATE_INCOME_SQ":505022707.2,"DPS_HKD":0.0625,"OPERATE_INCOME_QOQ_SQ":139.181949463216,"NET_PROFIT_RATIO_SQ":5.9700115757,"HOLDER_PROFIT_SQ":43567434.24,"HOLDER_PROFIT_QOQ_SQ":-6.379243460071,"ROE_AVG_SQ":0.722976122355,"PE_TTM_SQ":49.253978379398,"PB_TTM_SQ":0.158861129635,"ROA_SQ":0.437807589641,"START_DATE":"2020-07-01 00:00:00","FISCAL_YEAR":"6-30","CURRENCY":"HKD","IS_CNY_CODE":0,"DPS_HKD_LY":0.07,"ORG_TYPE":"一般企业","PREMIUM_INCOME":null,"PREMIUM_INCOME_YOY":null,"NET_INTEREST_INCOME":null,"NET_INTEREST_INCOME_YOY":null,"FEE_COMMISSION_INCOME":null,"FEE_COMMISSION_INCOME_YOY":null,"ACCOUNTS_RECE_TDAYS":32.527357163881,"INVENTORY_TDAYS":0.132511988508,"CURRENT_ASSETS_TDAYS":0.256437632961,"TOTAL_ASSETS_TDAYS":0.090568241411,"PREMIUM_EXPENSE":null,"LOAN_DEPOSIT":null,"LOAN_EQUITY":null,"LOAN_ASSETS":null,"DEPOSIT_EQUITY":null,"DEPOSIT_ASSETS":null,"EQUITY_MULTIPLIER":1.545345955936,"EQUITY_RATIO":0.559397581773},{"SECUCODE":"00131.HK","SECURITY_CODE":"00131","SECURITY_NAME_ABBR":"卓能(集团)","ORG_CODE":"10007411","STD_REPORT_DATE":"2020-06-30 00:00:00","REPORT_DATE":"2020-12-31 00:00:00","DATE_TYPE_CODE":"002","REPORT_TYPE":"2020年中报","PER_NETCASH_OPERATE":0.263082786516,"PER_OI":1.133307866823,"BPS":8.724172649249,"BASIC_EPS":-0.084164,"DILUTED_EPS":-0.084164,"OPERATE_INCOME":739683730.4,"OPERATE_INCOME_YOY":188.8839218213,"GROSS_PROFIT":622317032.4,"GROSS_PROFIT_YOY":266.60536786203,"HOLDER_PROFIT":-52274260.4,"HOLDER_PROFIT_YOY":-285.0439445851,"GROSS_PROFIT_RATIO":84.132853924402,"EPS_TTM":0.068115244091,"OPERATE_INCOME_QOQ":19.097940383741,"NET_PROFIT_RATIO":-7.0746193933,"ROE_AVG":-0.932508163951,"GROSS_PROFIT_QOQ":20.724360029599,"ROA":-0.555562065389,"HOLDER_PROFIT_QOQ":-90.765849898697,"ROE_YEARLY":-1.865016327901,"ROIC_YEARLY":-1.246737063183,"TOTAL_ASSETS":9503683575.32,"TOTAL_LIABILITIES":3661298961.44,"TAX_EBT":110.700444016109,"OCF_SALES":23.213708668047,"TOTAL_PARENT_EQUITY":5694064921.6,"DEBT_ASSET_RATIO":38.5250511807,"OPERATE_PROFIT":500307006.52,"PRETAX_PROFIT":489043338.4,"NETCASH_OPERATE":171708026.24,"NETCASH_INVEST":-274836700.36,"NETCASH_FINANCE":-325242519.96,"END_CASH":694719955.04,"DIVI_RATIO":0.835307143936,"DIVIDEND_RATE":3.810975609756,"CURRENT_RATIO":1.292285068044,"COMMON_ACS":null,"CURRENTDEBT_DEBT":75.969565509232,"ISSUED_COMMON_SHARES":652676781,"HK_COMMON_SHARES":652676781,"PER_SHARES":1000,"TOTAL_MARKET_CAP":1070389920.84,"HKSK_MARKET_CAP":1070389920.84,"PE_TTM":6.234869469821,"PB_TTM":0.160133302182,"REPORT_DATE_SQ":"2019-06-30 00:00:00","REPORT_TYPE_SQ":"2019年中报","OPERATE_INCOME_SQ":272519566.28,"DPS_HKD":0.0625,"OPERATE_INCOME_QOQ_SQ":229.452222689129,"NET_PROFIT_RATIO_SQ":11.2160038918,"HOLDER_PROFIT_SQ":30066855.7,"HOLDER_PROFIT_QOQ_SQ":272.421129495085,"ROE_AVG_SQ":0.50757702177,"PE_TTM_SQ":49.253978379398,"PB_TTM_SQ":0.158861129635,"ROA_SQ":0.310229342344,"START_DATE":"2020-07-01 00:00:00","FISCAL_YEAR":"6-30","CURRENCY":"HKD","IS_CNY_CODE":0,"DPS_HKD_LY":0.07,"ORG_TYPE":"一般企业","PREMIUM_INCOME":null,"PREMIUM_INCOME_YOY":null,"NET_INTEREST_INCOME":null,"NET_INTEREST_INCOME_YOY":null,"FEE_COMMISSION_INCOME":null,"FEE_COMMISSION_INCOME_YOY":null,"ACCOUNTS_RECE_TDAYS":5.387779623715,"INVENTORY_TDAYS":0.070119668554,"CURRENT_ASSETS_TDAYS":0.219453329336,"TOTAL_ASSETS_TDAYS":0.078612345321,"PREMIUM_EXPENSE":null,"LOAN_DEPOSIT":null,"LOAN_EQUITY":null,"LOAN_ASSETS":null,"DEPOSIT_EQUITY":null,"DEPOSIT_ASSETS":null,"EQUITY_MULTIPLIER":1.626678865467,"EQUITY_RATIO":0.643002672406},{"SECUCODE":"00131.HK","SECURITY_CODE":"00131","SECURITY_NAME_ABBR":"卓能(集团)","ORG_CODE":"10007411","STD_REPORT_DATE":"2019-12-31 00:00:00","REPORT_DATE":"2020-06-30 00:00:00","DATE_TYPE_CODE":"001","REPORT_TYPE":"2019年年报","PER_NETCASH_OPERATE":0.386541442827,"PER_OI":0.789574726454,"BPS":9.174783671552,"BASIC_EPS":0.0730752,"DILUTED_EPS":0.0730752,"OPERATE_INCOME":505022707.2,"OPERATE_INCOME_YOY":174.3263157372,"GROSS_PROFIT":338517210.24,"GROSS_PROFIT_YOY":163.208986831654,"HOLDER_PROFIT":43567434.24,"HOLDER_PROFIT_YOY":-91.6746232757,"GROSS_PROFIT_RATIO":67.030096946896,"EPS_TTM":0.759918159992,"OPERATE_INCOME_QOQ":139.181949463216,"NET_PROFIT_RATIO":5.9700115757,"ROE_AVG":0.722976122355,"GROSS_PROFIT_QOQ":118.024752226576,"ROA":0.437807589641,"HOLDER_PROFIT_QOQ":-6.379243460071,"ROE_YEARLY":0.722976122355,"ROIC_YEARLY":0.486962924567,"TOTAL_ASSETS":10109474364,"TOTAL_LIABILITIES":3960273012.96,"TAX_EBT":88.102755970789,"OCF_SALES":48.955650412386,"TOTAL_PARENT_EQUITY":5988168273.12,"DEBT_ASSET_RATIO":39.1738766069,"OPERATE_PROFIT":286652087.04,"PRETAX_PROFIT":253419312.96,"NETCASH_OPERATE":247237151.04,"NETCASH_INVEST":479172355.2,"NETCASH_FINANCE":78294596.16,"END_CASH":1126186570.08,"DIVI_RATIO":0.074872733665,"DIVIDEND_RATE":3.810975609756,"CURRENT_RATIO":1.212482649924,"COMMON_ACS":null,"CURRENTDEBT_DEBT":71.122547288597,"ISSUED_COMMON_SHARES":652676781,"HK_COMMON_SHARES":652676781,"PER_SHARES":1000,"TOTAL_MARKET_CAP":1070389920.84,"HKSK_MARKET_CAP":1070389920.84,"PE_TTM":6.234869469821,"PB_TTM":0.160133302182,"REPORT_DATE_SQ":"2018-12-31 00:00:00","REPORT_TYPE_SQ":"2018年年报","OPERATE_INCOME_SQ":177287556.06,"DPS_HKD":0.0625,"OPERATE_INCOME_QOQ_SQ":-6.61691802217,"NET_PROFIT_RATIO_SQ":298.526354439,"HOLDER_PROFIT_SQ":503956334.34,"HOLDER_PROFIT_QOQ_SQ":-73.541604907566,"ROE_AVG_SQ":8.801016489222,"PE_TTM_SQ":49.253978379398,"PB_TTM_SQ":0.158861129635,"ROA_SQ":5.507088478274,"START_DATE":"2019-07-01 00:00:00","FISCAL_YEAR":"6-30","CURRENCY":"HKD","IS_CNY_CODE":0,"DPS_HKD_LY":0.225,"ORG_TYPE":"一般企业","PREMIUM_INCOME":null,"PREMIUM_INCOME_YOY":null,"NET_INTEREST_INCOME":null,"NET_INTEREST_INCOME_YOY":null,"FEE_COMMISSION_INCOME":null,"FEE_COMMISSION_INCOME_YOY":null,"ACCOUNTS_RECE_TDAYS":14.524247359849,"INVENTORY_TDAYS":0.092317805733,"CURRENT_ASSETS_TDAYS":0.168210502873,"TOTAL_ASSETS_TDAYS":0.050749551359,"PREMIUM_EXPENSE":null,"LOAN_DEPOSIT":null,"LOAN_EQUITY":null,"LOAN_ASSETS":null,"DEPOSIT_EQUITY":null,"DEPOSIT_ASSETS":null,"EQUITY_MULTIPLIER":1.644030466215,"EQUITY_RATIO":0.661349653572}],"count":47},"success":true,"message":"ok","code":0}