{"version":"1ad29f6100d48726a5a418113227fe77","result":{"pages":6,"data":[{"SECUCODE":"00139.HK","SECURITY_CODE":"00139","SECURITY_NAME_ABBR":"中达集团控股","ORG_CODE":"10007418","STD_REPORT_DATE":"2024-06-30 00:00:00","REPORT_DATE":"2024-06-30 00:00:00","DATE_TYPE_CODE":"002","REPORT_TYPE":"2024年中报","PER_NETCASH_OPERATE":-0.000279194398,"PER_OI":0.001380137558,"BPS":0.040956962115,"BASIC_EPS":-0.000730144,"DILUTED_EPS":-0.000730144,"OPERATE_INCOME":23785353.48,"OPERATE_INCOME_YOY":-68.0534954705,"GROSS_PROFIT":16618077.44,"GROSS_PROFIT_YOY":-72.497045675476,"HOLDER_PROFIT":-12739187.44,"HOLDER_PROFIT_YOY":52.678329265,"GROSS_PROFIT_RATIO":69.866850849929,"EPS_TTM":-0.006147626766,"OPERATE_INCOME_QOQ":-62.942461154349,"NET_PROFIT_RATIO":-53.5589578297,"ROE_AVG":-1.798499274892,"GROSS_PROFIT_QOQ":-66.325377914475,"ROA":-1.306275089854,"HOLDER_PROFIT_QOQ":12.005857736932,"ROE_YEARLY":-3.596998549784,"ROIC_YEARLY":-2.664878371251,"TOTAL_ASSETS":1001251030.6,"TOTAL_LIABILITIES":293417493.2,"TAX_EBT":null,"OCF_SALES":-20.229461647673,"TOTAL_PARENT_EQUITY":707807982.36,"DEBT_ASSET_RATIO":29.3050877585,"OPERATE_PROFIT":-8513479.04,"PRETAX_PROFIT":-12739187.44,"NETCASH_OPERATE":-4811648.96,"NETCASH_INVEST":-1956785.92,"NETCASH_FINANCE":11974361.6,"END_CASH":7279535.68,"DIVI_RATIO":null,"DIVIDEND_RATE":null,"CURRENT_RATIO":1.775178993152,"COMMON_ACS":80000000000,"CURRENTDEBT_DEBT":99.83576472052,"ISSUED_COMMON_SHARES":17281750057,"HK_COMMON_SHARES":17281750057,"PER_SHARES":14000,"TOTAL_MARKET_CAP":241944500.798,"HKSK_MARKET_CAP":241944500.798,"PE_TTM":-2.06215588018,"PB_TTM":0.311974310112,"REPORT_DATE_SQ":"2023-06-30 00:00:00","REPORT_TYPE_SQ":"2023年中报","OPERATE_INCOME_SQ":75212362.46,"DPS_HKD":null,"OPERATE_INCOME_QOQ_SQ":-35.091580207876,"NET_PROFIT_RATIO_SQ":-37.4014734545,"HOLDER_PROFIT_SQ":-27194722.08,"HOLDER_PROFIT_QOQ_SQ":22.855115560056,"ROE_AVG_SQ":-2.706854685513,"PE_TTM_SQ":-2.758604718219,"PB_TTM_SQ":0.202134560115,"ROA_SQ":-1.692026120395,"START_DATE":"2024-01-01 00:00:00","FISCAL_YEAR":"12-31","CURRENCY":"HKD","IS_CNY_CODE":0,"DPS_HKD_LY":null,"ORG_TYPE":"一般企业","PREMIUM_INCOME":null,"PREMIUM_INCOME_YOY":null,"NET_INTEREST_INCOME":null,"NET_INTEREST_INCOME_YOY":null,"FEE_COMMISSION_INCOME":null,"FEE_COMMISSION_INCOME_YOY":null,"ACCOUNTS_RECE_TDAYS":0.513896968203,"INVENTORY_TDAYS":1.939970355731,"CURRENT_ASSETS_TDAYS":0.037763763828,"TOTAL_ASSETS_TDAYS":0.024389479235,"PREMIUM_EXPENSE":null,"LOAN_DEPOSIT":null,"LOAN_EQUITY":null,"LOAN_ASSETS":null,"DEPOSIT_EQUITY":null,"DEPOSIT_ASSETS":null,"EQUITY_MULTIPLIER":1.414528950236,"EQUITY_RATIO":0.414543916588},{"SECUCODE":"00139.HK","SECURITY_CODE":"00139","SECURITY_NAME_ABBR":"中达集团控股","ORG_CODE":"10007418","STD_REPORT_DATE":"2023-12-31 00:00:00","REPORT_DATE":"2023-12-31 00:00:00","DATE_TYPE_CODE":"001","REPORT_TYPE":"2023年年报","PER_NETCASH_OPERATE":0.006402770154,"PER_OI":0.004875787671,"BPS":0.040726268925,"BASIC_EPS":-0.00724976,"DILUTED_EPS":-0.00724976,"OPERATE_INCOME":81704795.2,"OPERATE_INCOME_YOY":-67.5496688742,"GROSS_PROFIT":66045313.6,"GROSS_PROFIT_YOY":-54.019264444875,"HOLDER_PROFIT":-120404014.08,"HOLDER_PROFIT_YOY":-23.6807074703,"GROSS_PROFIT_RATIO":80.834072759539,"EPS_TTM":-0.007185189143,"OPERATE_INCOME_QOQ":-49.281197568057,"NET_PROFIT_RATIO":-148.4594055013,"ROE_AVG":-14.147313544798,"GROSS_PROFIT_QOQ":-45.82806390005,"ROA":-8.588704829207,"HOLDER_PROFIT_QOQ":-63.661522583291,"ROE_YEARLY":-14.147313544798,"ROIC_YEARLY":-8.841337832613,"TOTAL_ASSETS":942490549.28,"TOTAL_LIABILITIES":238643974.8,"TAX_EBT":-0.071024851222,"OCF_SALES":131.317657497782,"TOTAL_PARENT_EQUITY":703821200.32,"DEBT_ASSET_RATIO":25.3205695253,"OPERATE_PROFIT":-100054843.98,"PRETAX_PROFIT":-121212362.32,"NETCASH_OPERATE":107292823.12,"NETCASH_INVEST":-87454761.1,"NETCASH_FINANCE":-53373639.34,"END_CASH":1973747.16,"DIVI_RATIO":null,"DIVIDEND_RATE":null,"CURRENT_RATIO":3.083751883476,"COMMON_ACS":80000000000,"CURRENTDEBT_DEBT":99.799498746867,"ISSUED_COMMON_SHARES":17281750057,"HK_COMMON_SHARES":17281750057,"PER_SHARES":14000,"TOTAL_MARKET_CAP":241944500.798,"HKSK_MARKET_CAP":241944500.798,"PE_TTM":-2.06215588018,"PB_TTM":0.311974310112,"REPORT_DATE_SQ":"2022-12-31 00:00:00","REPORT_TYPE_SQ":"2022年年报","OPERATE_INCOME_SQ":248186136.8,"DPS_HKD":null,"OPERATE_INCOME_QOQ_SQ":-2.949783978826,"NET_PROFIT_RATIO_SQ":-37.9319032537,"HOLDER_PROFIT_SQ":-95959529.75,"HOLDER_PROFIT_QOQ_SQ":59.810282235993,"ROE_AVG_SQ":-9.597556897252,"PE_TTM_SQ":-2.970805081158,"PB_TTM_SQ":0.217683372432,"ROA_SQ":-5.49990572385,"START_DATE":"2023-01-01 00:00:00","FISCAL_YEAR":"12-31","CURRENCY":"HKD","IS_CNY_CODE":0,"DPS_HKD_LY":null,"ORG_TYPE":"一般企业","PREMIUM_INCOME":null,"PREMIUM_INCOME_YOY":null,"NET_INTEREST_INCOME":null,"NET_INTEREST_INCOME_YOY":null,"FEE_COMMISSION_INCOME":null,"FEE_COMMISSION_INCOME_YOY":null,"ACCOUNTS_RECE_TDAYS":0.732775786539,"INVENTORY_TDAYS":5.540237255531,"CURRENT_ASSETS_TDAYS":0.080977877932,"TOTAL_ASSETS_TDAYS":0.058281974606,"PREMIUM_EXPENSE":null,"LOAN_DEPOSIT":null,"LOAN_EQUITY":null,"LOAN_ASSETS":null,"DEPOSIT_EQUITY":null,"DEPOSIT_ASSETS":null,"EQUITY_MULTIPLIER":1.339056810749,"EQUITY_RATIO":0.339069034425},{"SECUCODE":"00139.HK","SECURITY_CODE":"00139","SECURITY_NAME_ABBR":"中达集团控股","ORG_CODE":"10007418","STD_REPORT_DATE":"2023-06-30 00:00:00","REPORT_DATE":"2023-06-30 00:00:00","DATE_TYPE_CODE":"002","REPORT_TYPE":"2023年中报","PER_NETCASH_OPERATE":0.004192451153,"PER_OI":0.004488347455,"BPS":0.057496223493,"BASIC_EPS":-0.001659564,"DILUTED_EPS":-0.001659564,"OPERATE_INCOME":75212362.46,"OPERATE_INCOME_YOY":-57.0167766139,"GROSS_PROFIT":60422881.28,"GROSS_PROFIT_YOY":-26.440812046388,"HOLDER_PROFIT":-27194722.08,"HOLDER_PROFIT_YOY":48.5109799951,"GROSS_PROFIT_RATIO":80.336369319784,"EPS_TTM":-0.00439027392,"OPERATE_INCOME_QOQ":-35.091580207876,"NET_PROFIT_RATIO":-37.4014734545,"ROE_AVG":-2.706854685513,"GROSS_PROFIT_QOQ":-15.120745416432,"ROA":-1.692026120395,"HOLDER_PROFIT_QOQ":22.855115560056,"ROE_YEARLY":-5.413709371025,"ROIC_YEARLY":-3.494506217066,"TOTAL_ASSETS":1320801810.58,"TOTAL_LIABILITIES":327166446.96,"TAX_EBT":1.691583967006,"OCF_SALES":93.40745553281,"TOTAL_PARENT_EQUITY":993635363.62,"DEBT_ASSET_RATIO":24.7702906174,"OPERATE_PROFIT":-21850004.02,"PRETAX_PROFIT":-28614571.28,"NETCASH_OPERATE":70253954.02,"NETCASH_INVEST":-85813288.5,"NETCASH_FINANCE":4336993.92,"END_CASH":25217996.96,"DIVI_RATIO":null,"DIVIDEND_RATE":null,"CURRENT_RATIO":2.245116502658,"COMMON_ACS":80000000000,"CURRENTDEBT_DEBT":99.658449156268,"ISSUED_COMMON_SHARES":17281750057,"HK_COMMON_SHARES":17281750057,"PER_SHARES":14000,"TOTAL_MARKET_CAP":241944500.798,"HKSK_MARKET_CAP":241944500.798,"PE_TTM":-2.06215588018,"PB_TTM":0.311974310112,"REPORT_DATE_SQ":"2022-06-30 00:00:00","REPORT_TYPE_SQ":"2022年中报","OPERATE_INCOME_SQ":162304799.72,"DPS_HKD":null,"OPERATE_INCOME_QOQ_SQ":28.272452728592,"NET_PROFIT_RATIO_SQ":-30.1842055346,"HOLDER_PROFIT_SQ":-48990414.34,"HOLDER_PROFIT_QOQ_SQ":21.828899197692,"ROE_AVG_SQ":-5.162207730065,"PE_TTM_SQ":-2.970805081158,"PB_TTM_SQ":0.217683372432,"ROA_SQ":-3.129147953649,"START_DATE":"2023-01-01 00:00:00","FISCAL_YEAR":"12-31","CURRENCY":"HKD","IS_CNY_CODE":0,"DPS_HKD_LY":null,"ORG_TYPE":"一般企业","PREMIUM_INCOME":null,"PREMIUM_INCOME_YOY":null,"NET_INTEREST_INCOME":null,"NET_INTEREST_INCOME_YOY":null,"FEE_COMMISSION_INCOME":null,"FEE_COMMISSION_INCOME_YOY":null,"ACCOUNTS_RECE_TDAYS":0.598642401115,"INVENTORY_TDAYS":null,"CURRENT_ASSETS_TDAYS":0.073815419376,"TOTAL_ASSETS_TDAYS":0.04679631639,"PREMIUM_EXPENSE":null,"LOAN_DEPOSIT":null,"LOAN_EQUITY":null,"LOAN_ASSETS":null,"DEPOSIT_EQUITY":null,"DEPOSIT_ASSETS":null,"EQUITY_MULTIPLIER":1.329262080376,"EQUITY_RATIO":0.329262080375},{"SECUCODE":"00139.HK","SECURITY_CODE":"00139","SECURITY_NAME_ABBR":"中达集团控股","ORG_CODE":"10007418","STD_REPORT_DATE":"2022-12-31 00:00:00","REPORT_DATE":"2022-12-31 00:00:00","DATE_TYPE_CODE":"001","REPORT_TYPE":"2022年年报","PER_NETCASH_OPERATE":0.00022723936,"PER_OI":0.015231889933,"BPS":0.056976532907,"BASIC_EPS":-0.005984909,"DILUTED_EPS":-0.005984909,"OPERATE_INCOME":248186136.8,"OPERATE_INCOME_YOY":13.9431022675,"GROSS_PROFIT":143636922.73,"GROSS_PROFIT_YOY":103.766273151006,"HOLDER_PROFIT":-95959529.75,"HOLDER_PROFIT_YOY":71.2446062931,"GROSS_PROFIT_RATIO":57.87467607256,"EPS_TTM":-0.005852797788,"OPERATE_INCOME_QOQ":-2.949783978826,"NET_PROFIT_RATIO":-37.9319032537,"ROE_AVG":-9.597556897252,"GROSS_PROFIT_QOQ":24.667621542683,"ROA":-5.49990572385,"HOLDER_PROFIT_QOQ":59.810282235993,"ROE_YEARLY":-9.597556897252,"ROIC_YEARLY":-5.770720884708,"TOTAL_ASSETS":1834687253,"TOTAL_LIABILITIES":847557801.02,"TAX_EBT":-2.650070655646,"OCF_SALES":1.491865822056,"TOTAL_PARENT_EQUITY":984059282.99,"DEBT_ASSET_RATIO":46.1638833439,"OPERATE_PROFIT":-71895729.22,"PRETAX_PROFIT":-92290869.86,"NETCASH_OPERATE":-113303260.07,"NETCASH_INVEST":241567899.37,"NETCASH_FINANCE":-192172748.18,"END_CASH":36400752.5,"DIVI_RATIO":null,"DIVIDEND_RATE":null,"CURRENT_RATIO":1.498494981331,"COMMON_ACS":80000000000,"CURRENTDEBT_DEBT":99.614787115867,"ISSUED_COMMON_SHARES":17281750057,"HK_COMMON_SHARES":17281750057,"PER_SHARES":14000,"TOTAL_MARKET_CAP":241944500.798,"HKSK_MARKET_CAP":241944500.798,"PE_TTM":-2.06215588018,"PB_TTM":0.311974310112,"REPORT_DATE_SQ":"2021-12-31 00:00:00","REPORT_TYPE_SQ":"2021年年报","OPERATE_INCOME_SQ":199364401.6,"DPS_HKD":null,"OPERATE_INCOME_QOQ_SQ":-39.126235953544,"NET_PROFIT_RATIO_SQ":-152.2574136425,"HOLDER_PROFIT_SQ":-303547081.6,"HOLDER_PROFIT_QOQ_SQ":-211.623866900806,"ROE_AVG_SQ":-30.9429203774,"PE_TTM_SQ":-2.970805081158,"PB_TTM_SQ":0.217683372432,"ROA_SQ":-16.949720507159,"START_DATE":"2022-01-01 00:00:00","FISCAL_YEAR":"12-31","CURRENCY":"HKD","IS_CNY_CODE":0,"DPS_HKD_LY":null,"ORG_TYPE":"一般企业","PREMIUM_INCOME":null,"PREMIUM_INCOME_YOY":null,"NET_INTEREST_INCOME":null,"NET_INTEREST_INCOME_YOY":null,"FEE_COMMISSION_INCOME":null,"FEE_COMMISSION_INCOME_YOY":null,"ACCOUNTS_RECE_TDAYS":1.551546017546,"INVENTORY_TDAYS":65.167594654788,"CURRENT_ASSETS_TDAYS":0.237378583127,"TOTAL_ASSETS_TDAYS":0.1431348932,"PREMIUM_EXPENSE":null,"LOAN_DEPOSIT":null,"LOAN_EQUITY":null,"LOAN_ASSETS":null,"DEPOSIT_EQUITY":null,"DEPOSIT_ASSETS":null,"EQUITY_MULTIPLIER":1.857489102321,"EQUITY_RATIO":0.861287338751},{"SECUCODE":"00139.HK","SECURITY_CODE":"00139","SECURITY_NAME_ABBR":"中达集团控股","ORG_CODE":"10007418","STD_REPORT_DATE":"2022-06-30 00:00:00","REPORT_DATE":"2022-06-30 00:00:00","DATE_TYPE_CODE":"002","REPORT_TYPE":"2022年中报","PER_NETCASH_OPERATE":-0.000067259997,"PER_OI":0.010163328253,"BPS":0.054286645011,"BASIC_EPS":-0.003078684,"DILUTED_EPS":-0.003078684,"OPERATE_INCOME":162304799.72,"OPERATE_INCOME_YOY":49.0649471014,"GROSS_PROFIT":82141854.69,"GROSS_PROFIT_YOY":119.53099659896,"HOLDER_PROFIT":-48990414.34,"HOLDER_PROFIT_YOY":58.6412533391,"GROSS_PROFIT_RATIO":50.609627584463,"EPS_TTM":-0.014858565359,"OPERATE_INCOME_QOQ":28.272452728592,"NET_PROFIT_RATIO":-30.1842055346,"ROE_AVG":-5.162207730065,"GROSS_PROFIT_QOQ":63.44763029047,"ROA":-3.129147953649,"HOLDER_PROFIT_QOQ":21.828899197692,"ROE_YEARLY":-10.32441546013,"ROIC_YEARLY":-6.650699538981,"TOTAL_ASSETS":1567676155.08,"TOTAL_LIABILITIES":629507924.57,"TAX_EBT":null,"OCF_SALES":-0.661791051068,"TOTAL_PARENT_EQUITY":938168230.51,"DEBT_ASSET_RATIO":40.1554825294,"OPERATE_PROFIT":-37362395.91,"PRETAX_PROFIT":-48990414.34,"NETCASH_OPERATE":-1074118.64,"NETCASH_INVEST":-354048.66,"NETCASH_FINANCE":-31819054.33,"END_CASH":66105331.81,"DIVI_RATIO":null,"DIVIDEND_RATE":null,"CURRENT_RATIO":1.2782045462,"COMMON_ACS":80000000000,"CURRENTDEBT_DEBT":99.352400411356,"ISSUED_COMMON_SHARES":17281750057,"HK_COMMON_SHARES":17281750057,"PER_SHARES":14000,"TOTAL_MARKET_CAP":241944500.798,"HKSK_MARKET_CAP":241944500.798,"PE_TTM":-2.06215588018,"PB_TTM":0.311974310112,"REPORT_DATE_SQ":"2021-06-30 00:00:00","REPORT_TYPE_SQ":"2021年中报","OPERATE_INCOME_SQ":105939593.52,"DPS_HKD":null,"OPERATE_INCOME_QOQ_SQ":-41.908374688279,"NET_PROFIT_RATIO_SQ":-108.7897328757,"HOLDER_PROFIT_SQ":-115251400.8,"HOLDER_PROFIT_QOQ_SQ":-516.946958644612,"ROE_AVG_SQ":-11.413165062416,"PE_TTM_SQ":-2.970805081158,"PB_TTM_SQ":0.217683372432,"ROA_SQ":-6.024206427908,"START_DATE":"2022-01-01 00:00:00","FISCAL_YEAR":"12-31","CURRENCY":"HKD","IS_CNY_CODE":0,"DPS_HKD_LY":null,"ORG_TYPE":"一般企业","PREMIUM_INCOME":null,"PREMIUM_INCOME_YOY":null,"NET_INTEREST_INCOME":null,"NET_INTEREST_INCOME_YOY":null,"FEE_COMMISSION_INCOME":null,"FEE_COMMISSION_INCOME_YOY":null,"ACCOUNTS_RECE_TDAYS":1.10056162346,"INVENTORY_TDAYS":null,"CURRENT_ASSETS_TDAYS":0.204142812197,"TOTAL_ASSETS_TDAYS":0.103668388756,"PREMIUM_EXPENSE":null,"LOAN_DEPOSIT":null,"LOAN_EQUITY":null,"LOAN_ASSETS":null,"DEPOSIT_EQUITY":null,"DEPOSIT_ASSETS":null,"EQUITY_MULTIPLIER":1.67099684694,"EQUITY_RATIO":0.670996846938},{"SECUCODE":"00139.HK","SECURITY_CODE":"00139","SECURITY_NAME_ABBR":"中达集团控股","ORG_CODE":"10007418","STD_REPORT_DATE":"2021-12-31 00:00:00","REPORT_DATE":"2021-12-31 00:00:00","DATE_TYPE_CODE":"001","REPORT_TYPE":"2021年年报","PER_NETCASH_OPERATE":0.006052983479,"PER_OI":0.012483955243,"BPS":0.053101196081,"BASIC_EPS":-0.01896832,"DILUTED_EPS":-0.01896832,"OPERATE_INCOME":199364401.6,"OPERATE_INCOME_YOY":-63.5976711204,"GROSS_PROFIT":70491019.2,"GROSS_PROFIT_YOY":-76.659497325061,"HOLDER_PROFIT":-303547081.6,"HOLDER_PROFIT_YOY":-1437.5099070538,"GROSS_PROFIT_RATIO":35.357876649128,"EPS_TTM":-0.019007747373,"OPERATE_INCOME_QOQ":-39.126235953544,"NET_PROFIT_RATIO":-152.2574136425,"ROE_AVG":-30.9429203774,"GROSS_PROFIT_QOQ":-59.601380988845,"ROA":-16.949720507159,"HOLDER_PROFIT_QOQ":-211.623866900806,"ROE_YEARLY":-30.9429203774,"ROIC_YEARLY":-18.0051930316,"TOTAL_ASSETS":1494827891.2,"TOTAL_LIABILITIES":577146292.8,"TAX_EBT":-0.489093512406,"OCF_SALES":48.486103649509,"TOTAL_PARENT_EQUITY":917681598.4,"DEBT_ASSET_RATIO":38.6095480421,"OPERATE_PROFIT":-275200889.6,"PRETAX_PROFIT":-302069678.4,"NETCASH_OPERATE":96664030.4,"NETCASH_INVEST":41310057.6,"NETCASH_FINANCE":-87400622.4,"END_CASH":95139206.4,"DIVI_RATIO":null,"DIVIDEND_RATE":null,"CURRENT_RATIO":1.322125999565,"COMMON_ACS":80000000000,"CURRENTDEBT_DEBT":99.065169010473,"ISSUED_COMMON_SHARES":17281750057,"HK_COMMON_SHARES":17281750057,"PER_SHARES":14000,"TOTAL_MARKET_CAP":241944500.798,"HKSK_MARKET_CAP":241944500.798,"PE_TTM":-2.06215588018,"PB_TTM":0.311974310112,"REPORT_DATE_SQ":"2020-12-31 00:00:00","REPORT_TYPE_SQ":"2020年年报","OPERATE_INCOME_SQ":563772554,"DPS_HKD":null,"OPERATE_INCOME_QOQ_SQ":-12.666568133443,"NET_PROFIT_RATIO_SQ":4.1439128163,"HOLDER_PROFIT_SQ":23362243.12,"HOLDER_PROFIT_QOQ_SQ":-84.805508251335,"ROE_AVG_SQ":2.227213844383,"PE_TTM_SQ":-2.970805081158,"PB_TTM_SQ":0.217683372432,"ROA_SQ":1.114859260967,"START_DATE":"2021-01-01 00:00:00","FISCAL_YEAR":"12-31","CURRENCY":"HKD","IS_CNY_CODE":0,"DPS_HKD_LY":null,"ORG_TYPE":"一般企业","PREMIUM_INCOME":null,"PREMIUM_INCOME_YOY":null,"NET_INTEREST_INCOME":null,"NET_INTEREST_INCOME_YOY":null,"FEE_COMMISSION_INCOME":null,"FEE_COMMISSION_INCOME_YOY":null,"ACCOUNTS_RECE_TDAYS":0.926454608318,"INVENTORY_TDAYS":null,"CURRENT_ASSETS_TDAYS":0.179739774965,"TOTAL_ASSETS_TDAYS":0.111322792774,"PREMIUM_EXPENSE":null,"LOAN_DEPOSIT":null,"LOAN_EQUITY":null,"LOAN_ASSETS":null,"DEPOSIT_EQUITY":null,"DEPOSIT_ASSETS":null,"EQUITY_MULTIPLIER":1.628917800908,"EQUITY_RATIO":0.628917800909},{"SECUCODE":"00139.HK","SECURITY_CODE":"00139","SECURITY_NAME_ABBR":"中达集团控股","ORG_CODE":"10007418","STD_REPORT_DATE":"2021-06-30 00:00:00","REPORT_DATE":"2021-06-30 00:00:00","DATE_TYPE_CODE":"002","REPORT_TYPE":"2021年中报","PER_NETCASH_OPERATE":-0.002341806772,"PER_OI":0.006633807908,"BPS":0.05536637937,"BASIC_EPS":-0.007239096,"DILUTED_EPS":-0.007239096,"OPERATE_INCOME":105939593.52,"OPERATE_INCOME_YOY":-66.0152788307,"GROSS_PROFIT":37416973.44,"GROSS_PROFIT_YOY":-77.314778090318,"HOLDER_PROFIT":-115251400.8,"HOLDER_PROFIT_YOY":-2392.4528301887,"GROSS_PROFIT_RATIO":35.31915896292,"EPS_TTM":-0.0060995801,"OPERATE_INCOME_QOQ":-41.908374688279,"NET_PROFIT_RATIO":-108.7897328757,"ROE_AVG":-11.413165062416,"GROSS_PROFIT_QOQ":-42.224503593814,"ROA":-6.024206427908,"HOLDER_PROFIT_QOQ":-516.946958644612,"ROE_YEARLY":-22.826330124831,"ROIC_YEARLY":-12.664422741741,"TOTAL_ASSETS":1702409053.44,"TOTAL_LIABILITIES":745581123.6,"TAX_EBT":-1.699021997709,"OCF_SALES":-35.301094102216,"TOTAL_PARENT_EQUITY":956827929.84,"DEBT_ASSET_RATIO":43.7956507629,"OPERATE_PROFIT":-99075765.6,"PRETAX_PROFIT":-113325967.68,"NETCASH_OPERATE":-37397835.6,"NETCASH_INVEST":47508439.68,"NETCASH_FINANCE":-38359720.08,"END_CASH":16598331.84,"DIVI_RATIO":null,"DIVIDEND_RATE":null,"CURRENT_RATIO":1.634635018182,"COMMON_ACS":80000000000,"CURRENTDEBT_DEBT":90.291670619221,"ISSUED_COMMON_SHARES":17281750057,"HK_COMMON_SHARES":17281750057,"PER_SHARES":14000,"TOTAL_MARKET_CAP":241944500.798,"HKSK_MARKET_CAP":241944500.798,"PE_TTM":-2.06215588018,"PB_TTM":0.311974310112,"REPORT_DATE_SQ":"2020-06-30 00:00:00","REPORT_TYPE_SQ":"2020年中报","OPERATE_INCOME_SQ":342207507.84,"DPS_HKD":null,"OPERATE_INCOME_QOQ_SQ":-23.961945351307,"NET_PROFIT_RATIO_SQ":1.6127654577,"HOLDER_PROFIT_SQ":5519004.48,"HOLDER_PROFIT_QOQ_SQ":-17.632406560716,"ROE_AVG_SQ":0.476911206663,"PE_TTM_SQ":-2.970805081158,"PB_TTM_SQ":0.217683372432,"ROA_SQ":0.243808201793,"START_DATE":"2021-01-01 00:00:00","FISCAL_YEAR":"12-31","CURRENCY":"HKD","IS_CNY_CODE":0,"DPS_HKD_LY":null,"ORG_TYPE":"一般企业","PREMIUM_INCOME":null,"PREMIUM_INCOME_YOY":null,"NET_INTEREST_INCOME":null,"NET_INTEREST_INCOME_YOY":null,"FEE_COMMISSION_INCOME":null,"FEE_COMMISSION_INCOME_YOY":null,"ACCOUNTS_RECE_TDAYS":null,"INVENTORY_TDAYS":null,"CURRENT_ASSETS_TDAYS":0.081845405979,"TOTAL_ASSETS_TDAYS":0.055374769922,"PREMIUM_EXPENSE":null,"LOAN_DEPOSIT":null,"LOAN_EQUITY":null,"LOAN_ASSETS":null,"DEPOSIT_EQUITY":null,"DEPOSIT_ASSETS":null,"EQUITY_MULTIPLIER":1.779221739196,"EQUITY_RATIO":0.779221739195},{"SECUCODE":"00139.HK","SECURITY_CODE":"00139","SECURITY_NAME_ABBR":"中达集团控股","ORG_CODE":"10007418","STD_REPORT_DATE":"2020-12-31 00:00:00","REPORT_DATE":"2020-12-31 00:00:00","DATE_TYPE_CODE":"001","REPORT_TYPE":"2020年年报","PER_NETCASH_OPERATE":-0.012845225344,"PER_OI":0.035302748509,"BPS":0.062204631233,"BASIC_EPS":0.001514952,"DILUTED_EPS":0.001514952,"OPERATE_INCOME":563772554,"OPERATE_INCOME_YOY":-29.3216311578,"GROSS_PROFIT":302011572.68,"GROSS_PROFIT_YOY":-37.873168198366,"HOLDER_PROFIT":23362243.12,"HOLDER_PROFIT_YOY":-86.6795913373,"GROSS_PROFIT_RATIO":53.569754422632,"EPS_TTM":0.00146291512,"OPERATE_INCOME_QOQ":-12.666568133443,"NET_PROFIT_RATIO":4.1439128163,"ROE_AVG":2.227213844383,"GROSS_PROFIT_QOQ":-23.647936971207,"ROA":1.114859260967,"HOLDER_PROFIT_QOQ":-84.805508251335,"ROE_YEARLY":2.227213844383,"ROIC_YEARLY":1.171227829298,"TOTAL_ASSETS":2148269267.2,"TOTAL_LIABILITIES":1073264377.84,"TAX_EBT":21.554330931186,"OCF_SALES":-36.385907292678,"TOTAL_PARENT_EQUITY":1075004889.36,"DEBT_ASSET_RATIO":49.959490378,"OPERATE_PROFIT":70361104,"PRETAX_PROFIT":29781431.4,"NETCASH_OPERATE":-205133758.84,"NETCASH_INVEST":423235506.8,"NETCASH_FINANCE":-159471422.28,"END_CASH":45475492.48,"DIVI_RATIO":null,"DIVIDEND_RATE":null,"CURRENT_RATIO":1.50668392892,"COMMON_ACS":80000000000,"CURRENTDEBT_DEBT":93.096801614798,"ISSUED_COMMON_SHARES":17281750057,"HK_COMMON_SHARES":17281750057,"PER_SHARES":14000,"TOTAL_MARKET_CAP":241944500.798,"HKSK_MARKET_CAP":241944500.798,"PE_TTM":-2.06215588018,"PB_TTM":0.311974310112,"REPORT_DATE_SQ":"2019-12-31 00:00:00","REPORT_TYPE_SQ":"2019年年报","OPERATE_INCOME_SQ":848970120.32,"DPS_HKD":null,"OPERATE_INCOME_QOQ_SQ":31.807558568034,"NET_PROFIT_RATIO_SQ":21.9876886585,"HOLDER_PROFIT_SQ":186668906.86,"HOLDER_PROFIT_QOQ_SQ":624.648092205802,"ROE_AVG_SQ":13.601534380121,"PE_TTM_SQ":-2.970805081158,"PB_TTM_SQ":0.217683372432,"ROA_SQ":7.836954107898,"START_DATE":"2020-01-01 00:00:00","FISCAL_YEAR":"12-31","CURRENCY":"HKD","IS_CNY_CODE":0,"DPS_HKD_LY":null,"ORG_TYPE":"一般企业","PREMIUM_INCOME":null,"PREMIUM_INCOME_YOY":null,"NET_INTEREST_INCOME":null,"NET_INTEREST_INCOME_YOY":null,"FEE_COMMISSION_INCOME":null,"FEE_COMMISSION_INCOME_YOY":null,"ACCOUNTS_RECE_TDAYS":1.912272688344,"INVENTORY_TDAYS":null,"CURRENT_ASSETS_TDAYS":0.424416376003,"TOTAL_ASSETS_TDAYS":0.269035404553,"PREMIUM_EXPENSE":null,"LOAN_DEPOSIT":null,"LOAN_EQUITY":null,"LOAN_ASSETS":null,"DEPOSIT_EQUITY":null,"DEPOSIT_ASSETS":null,"EQUITY_MULTIPLIER":1.998380926881,"EQUITY_RATIO":0.99838092688},{"SECUCODE":"00139.HK","SECURITY_CODE":"00139","SECURITY_NAME_ABBR":"中达集团控股","ORG_CODE":"10007418","STD_REPORT_DATE":"2020-06-30 00:00:00","REPORT_DATE":"2020-06-30 00:00:00","DATE_TYPE_CODE":"002","REPORT_TYPE":"2020年中报","PER_NETCASH_OPERATE":-0.003520224284,"PER_OI":0.021428616029,"BPS":0.06968809707,"BASIC_EPS":0.000365376,"DILUTED_EPS":0.000365376,"OPERATE_INCOME":342207507.84,"OPERATE_INCOME_YOY":-39.6023099171,"GROSS_PROFIT":164939860.8,"GROSS_PROFIT_YOY":-35.446697433158,"HOLDER_PROFIT":5519004.48,"HOLDER_PROFIT_YOY":-86.1710649791,"GROSS_PROFIT_RATIO":48.198784953929,"EPS_TTM":0.009627930596,"OPERATE_INCOME_QOQ":-23.961945351307,"NET_PROFIT_RATIO":1.6127654577,"ROE_AVG":0.476911206663,"GROSS_PROFIT_QOQ":-18.631102635425,"ROA":0.243808201793,"HOLDER_PROFIT_QOQ":-17.632406560716,"ROE_YEARLY":0.953822413327,"ROIC_YEARLY":0.511512307471,"TOTAL_ASSETS":2310266053.92,"TOTAL_LIABILITIES":1105933778.4,"TAX_EBT":76.921313980138,"OCF_SALES":-16.427679133879,"TOTAL_PARENT_EQUITY":1204332275.52,"DEBT_ASSET_RATIO":47.8704076755,"OPERATE_PROFIT":48770388.48,"PRETAX_PROFIT":23913859.2,"NETCASH_OPERATE":-56216751.36,"NETCASH_INVEST":92769879.84,"NETCASH_FINANCE":-9381028.8,"END_CASH":10125482.4,"DIVI_RATIO":null,"DIVIDEND_RATE":null,"CURRENT_RATIO":1.597385705924,"COMMON_ACS":80000000000,"CURRENTDEBT_DEBT":80.013462896505,"ISSUED_COMMON_SHARES":17281750057,"HK_COMMON_SHARES":17281750057,"PER_SHARES":14000,"TOTAL_MARKET_CAP":241944500.798,"HKSK_MARKET_CAP":241944500.798,"PE_TTM":-2.06215588018,"PB_TTM":0.311974310112,"REPORT_DATE_SQ":"2019-06-30 00:00:00","REPORT_TYPE_SQ":"2019年中报","OPERATE_INCOME_SQ":545637264.12,"DPS_HKD":null,"OPERATE_INCOME_QOQ_SQ":321.374169039124,"NET_PROFIT_RATIO_SQ":7.0680712971,"HOLDER_PROFIT_SQ":38433225.06,"HOLDER_PROFIT_QOQ_SQ":39.447704422498,"ROE_AVG_SQ":2.659968901785,"PE_TTM_SQ":-2.970805081158,"PB_TTM_SQ":0.217683372432,"ROA_SQ":1.493714763762,"START_DATE":"2020-01-01 00:00:00","FISCAL_YEAR":"12-31","CURRENCY":"HKD","IS_CNY_CODE":0,"DPS_HKD_LY":null,"ORG_TYPE":"一般企业","PREMIUM_INCOME":null,"PREMIUM_INCOME_YOY":null,"NET_INTEREST_INCOME":null,"NET_INTEREST_INCOME_YOY":null,"FEE_COMMISSION_INCOME":null,"FEE_COMMISSION_INCOME_YOY":null,"ACCOUNTS_RECE_TDAYS":null,"INVENTORY_TDAYS":null,"CURRENT_ASSETS_TDAYS":0.25701016005,"TOTAL_ASSETS_TDAYS":0.151173997827,"PREMIUM_EXPENSE":null,"LOAN_DEPOSIT":null,"LOAN_EQUITY":null,"LOAN_ASSETS":null,"DEPOSIT_EQUITY":null,"DEPOSIT_ASSETS":null,"EQUITY_MULTIPLIER":1.918296221799,"EQUITY_RATIO":0.918296221798}],"count":47},"success":true,"message":"ok","code":0}