{"version":"ba25f7ed07cc4bdfc49beffca7764cfa","result":{"pages":6,"data":[{"SECUCODE":"00138.HK","SECURITY_CODE":"00138","SECURITY_NAME_ABBR":"中建富通","ORG_CODE":"10007417","STD_REPORT_DATE":"2024-06-30 00:00:00","REPORT_DATE":"2024-06-30 00:00:00","DATE_TYPE_CODE":"002","REPORT_TYPE":"2024年中报","PER_NETCASH_OPERATE":-0.006826491615,"PER_OI":0.182039776408,"BPS":0.506640168158,"BASIC_EPS":-0.09491872,"DILUTED_EPS":-0.09491872,"OPERATE_INCOME":292057600,"OPERATE_INCOME_YOY":-27.6018099548,"GROSS_PROFIT":66625640,"GROSS_PROFIT_YOY":-16.938333366994,"HOLDER_PROFIT":-151504880,"HOLDER_PROFIT_YOY":-67.6767676768,"GROSS_PROFIT_RATIO":22.8125,"EPS_TTM":-0.36345787246,"OPERATE_INCOME_QOQ":-16.654335043663,"NET_PROFIT_RATIO":-51.875,"ROE_AVG":-20.506485484867,"GROSS_PROFIT_QOQ":-8.716644605525,"ROA":-5.728088336784,"HOLDER_PROFIT_QOQ":-11.518480387059,"ROE_YEARLY":-41.012970969734,"ROIC_YEARLY":-11.598253275109,"TOTAL_ASSETS":2696969400,"TOTAL_LIABILITIES":1886509560,"TAX_EBT":-0.606060606061,"OCF_SALES":-3.75,"TOTAL_PARENT_EQUITY":810459840,"DEBT_ASSET_RATIO":69.9492385787,"OPERATE_PROFIT":-100394800,"PRETAX_PROFIT":-150592200,"NETCASH_OPERATE":-10952160,"NETCASH_INVEST":22817000,"NETCASH_FINANCE":-32856480,"END_CASH":21904320,"DIVI_RATIO":null,"DIVIDEND_RATE":null,"CURRENT_RATIO":0.7910906298,"COMMON_ACS":20000000000,"CURRENTDEBT_DEBT":62.989840348331,"ISSUED_COMMON_SHARES":1599675452,"HK_COMMON_SHARES":1599675452,"PER_SHARES":2000,"TOTAL_MARKET_CAP":129573711.612,"HKSK_MARKET_CAP":129573711.612,"PE_TTM":-0.201201415547,"PB_TTM":0.145916341905,"REPORT_DATE_SQ":"2023-06-30 00:00:00","REPORT_TYPE_SQ":"2023年中报","OPERATE_INCOME_SQ":407515160,"DPS_HKD":null,"OPERATE_INCOME_QOQ_SQ":9.72933563796,"NET_PROFIT_RATIO_SQ":-21.9457013575,"HOLDER_PROFIT_SQ":-91276020,"HOLDER_PROFIT_QOQ_SQ":-18.474537975791,"ROE_AVG_SQ":-8.350906790384,"PE_TTM_SQ":-0.6716613757,"PB_TTM_SQ":0.304895246895,"ROA_SQ":-2.965403624382,"START_DATE":"2024-01-01 00:00:00","FISCAL_YEAR":"12-31","CURRENCY":"HKD","IS_CNY_CODE":0,"DPS_HKD_LY":null,"ORG_TYPE":"一般企业","PREMIUM_INCOME":null,"PREMIUM_INCOME_YOY":null,"NET_INTEREST_INCOME":null,"NET_INTEREST_INCOME_YOY":null,"FEE_COMMISSION_INCOME":null,"FEE_COMMISSION_INCOME_YOY":null,"ACCOUNTS_RECE_TDAYS":1.777777777778,"INVENTORY_TDAYS":3.983870967742,"CURRENT_ASSETS_TDAYS":0.290512936904,"TOTAL_ASSETS_TDAYS":0.110420979986,"PREMIUM_EXPENSE":null,"LOAN_DEPOSIT":null,"LOAN_EQUITY":null,"LOAN_ASSETS":null,"DEPOSIT_EQUITY":null,"DEPOSIT_ASSETS":null,"EQUITY_MULTIPLIER":3.327702702705,"EQUITY_RATIO":2.327702702703},{"SECUCODE":"00138.HK","SECURITY_CODE":"00138","SECURITY_NAME_ABBR":"中建富通","ORG_CODE":"10007417","STD_REPORT_DATE":"2023-12-31 00:00:00","REPORT_DATE":"2023-12-31 00:00:00","DATE_TYPE_CODE":"001","REPORT_TYPE":"2023年年报","PER_NETCASH_OPERATE":-0.021464215534,"PER_OI":0.432108549564,"BPS":0.414113262269,"BASIC_EPS":-0.3896746,"DILUTED_EPS":-0.3896746,"OPERATE_INCOME":693258300,"OPERATE_INCOME_YOY":-5.7881773399,"GROSS_PROFIT":155869840,"GROSS_PROFIT_YOY":69.411199018855,"HOLDER_PROFIT":-522888940,"HOLDER_PROFIT_YOY":-24.0860215054,"GROSS_PROFIT_RATIO":22.483660130719,"EPS_TTM":-0.325917167449,"OPERATE_INCOME_QOQ":-12.896912364751,"NET_PROFIT_RATIO":-75.1633986928,"ROE_AVG":-60.832894043226,"GROSS_PROFIT_QOQ":33.64275173169,"ROA":-18.673139158576,"HOLDER_PROFIT_QOQ":-6.254842175607,"ROE_YEARLY":-60.832894043226,"ROIC_YEARLY":-18.939766945675,"TOTAL_ASSETS":2574571020,"TOTAL_LIABILITIES":1912124200,"TAX_EBT":null,"OCF_SALES":-4.967320261438,"TOTAL_PARENT_EQUITY":662446820,"DEBT_ASSET_RATIO":74.2696233721,"OPERATE_PROFIT":-412330100,"PRETAX_PROFIT":-521076500,"NETCASH_OPERATE":-34436360,"NETCASH_INVEST":73403820,"NETCASH_FINANCE":-27186600,"END_CASH":42592340,"DIVI_RATIO":null,"DIVIDEND_RATE":null,"CURRENT_RATIO":0.95056726094,"COMMON_ACS":20000000000,"CURRENTDEBT_DEBT":58.483412322275,"ISSUED_COMMON_SHARES":1599675452,"HK_COMMON_SHARES":1599675452,"PER_SHARES":2000,"TOTAL_MARKET_CAP":151969167.94,"HKSK_MARKET_CAP":151969167.94,"PE_TTM":-0.235976968851,"PB_TTM":0.171136450383,"REPORT_DATE_SQ":"2022-12-31 00:00:00","REPORT_TYPE_SQ":"2022年年报","OPERATE_INCOME_SQ":725335240,"DPS_HKD":null,"OPERATE_INCOME_QOQ_SQ":3.624664071961,"NET_PROFIT_RATIO_SQ":-57.5123152709,"HOLDER_PROFIT_SQ":-415370550,"HOLDER_PROFIT_QOQ_SQ":-12.564449003348,"ROE_AVG_SQ":-33.369214208827,"PE_TTM_SQ":-0.724455719642,"PB_TTM_SQ":0.328860812153,"ROA_SQ":-12.589684581021,"START_DATE":"2023-01-01 00:00:00","FISCAL_YEAR":"12-31","CURRENCY":"HKD","IS_CNY_CODE":0,"DPS_HKD_LY":null,"ORG_TYPE":"一般企业","PREMIUM_INCOME":null,"PREMIUM_INCOME_YOY":null,"NET_INTEREST_INCOME":null,"NET_INTEREST_INCOME_YOY":null,"FEE_COMMISSION_INCOME":null,"FEE_COMMISSION_INCOME_YOY":null,"ACCOUNTS_RECE_TDAYS":3.01775147929,"INVENTORY_TDAYS":6.895348837209,"CURRENT_ASSETS_TDAYS":0.734870317003,"TOTAL_ASSETS_TDAYS":0.247572815534,"PREMIUM_EXPENSE":null,"LOAN_DEPOSIT":null,"LOAN_EQUITY":null,"LOAN_ASSETS":null,"DEPOSIT_EQUITY":null,"DEPOSIT_ASSETS":null,"EQUITY_MULTIPLIER":3.886456908352,"EQUITY_RATIO":2.886456908345},{"SECUCODE":"00138.HK","SECURITY_CODE":"00138","SECURITY_NAME_ABBR":"中建富通","ORG_CODE":"10007417","STD_REPORT_DATE":"2023-06-30 00:00:00","REPORT_DATE":"2023-06-30 00:00:00","DATE_TYPE_CODE":"002","REPORT_TYPE":"2023年中报","PER_NETCASH_OPERATE":0.028733550001,"PER_OI":0.254004582005,"BPS":0.694507063049,"BASIC_EPS":-0.08666612,"DILUTED_EPS":-0.08666612,"OPERATE_INCOME":407515160,"OPERATE_INCOME_YOY":12.1827411168,"GROSS_PROFIT":80212260,"GROSS_PROFIT_YOY":44.299485404503,"HOLDER_PROFIT":-91276020,"HOLDER_PROFIT_YOY":-482.3529411765,"GROSS_PROFIT_RATIO":19.683257918552,"EPS_TTM":-0.306731590557,"OPERATE_INCOME_QOQ":9.72933563796,"NET_PROFIT_RATIO":-21.9457013575,"ROE_AVG":-8.350906790384,"GROSS_PROFIT_QOQ":26.764225387229,"ROA":-2.965403624382,"HOLDER_PROFIT_QOQ":-18.474537975791,"ROE_YEARLY":-16.701813580768,"ROIC_YEARLY":-6.011841505997,"TOTAL_ASSETS":3077569240,"TOTAL_LIABILITIES":1958285520,"TAX_EBT":null,"OCF_SALES":11.31221719457,"TOTAL_PARENT_EQUITY":1110985900,"DEBT_ASSET_RATIO":63.6309167166,"OPERATE_PROFIT":-40567120,"PRETAX_PROFIT":-89432060,"NETCASH_OPERATE":46099000,"NETCASH_INVEST":-4609900,"NETCASH_FINANCE":-34113260,"END_CASH":37801180,"DIVI_RATIO":null,"DIVIDEND_RATE":null,"CURRENT_RATIO":1.065591397849,"COMMON_ACS":20000000000,"CURRENTDEBT_DEBT":43.785310734463,"ISSUED_COMMON_SHARES":1599675452,"HK_COMMON_SHARES":1599675452,"PER_SHARES":2000,"TOTAL_MARKET_CAP":151969167.94,"HKSK_MARKET_CAP":151969167.94,"PE_TTM":-0.235976968851,"PB_TTM":0.171136450383,"REPORT_DATE_SQ":"2022-06-30 00:00:00","REPORT_TYPE_SQ":"2022年中报","OPERATE_INCOME_SQ":336944860,"DPS_HKD":null,"OPERATE_INCOME_QOQ_SQ":17.116310525484,"NET_PROFIT_RATIO_SQ":-4.8223350254,"HOLDER_PROFIT_SQ":-14538230,"HOLDER_PROFIT_QOQ_SQ":12.702254936844,"ROE_AVG_SQ":-1.053610164239,"PE_TTM_SQ":-0.724455719642,"PB_TTM_SQ":0.328860812153,"ROA_SQ":-0.420792079208,"START_DATE":"2023-01-01 00:00:00","FISCAL_YEAR":"12-31","CURRENCY":"HKD","IS_CNY_CODE":0,"DPS_HKD_LY":null,"ORG_TYPE":"一般企业","PREMIUM_INCOME":null,"PREMIUM_INCOME_YOY":null,"NET_INTEREST_INCOME":null,"NET_INTEREST_INCOME_YOY":null,"FEE_COMMISSION_INCOME":null,"FEE_COMMISSION_INCOME_YOY":null,"ACCOUNTS_RECE_TDAYS":1.379095163807,"INVENTORY_TDAYS":3.659793814433,"CURRENT_ASSETS_TDAYS":0.465263157895,"TOTAL_ASSETS_TDAYS":0.132394788078,"PREMIUM_EXPENSE":null,"LOAN_DEPOSIT":null,"LOAN_EQUITY":null,"LOAN_ASSETS":null,"DEPOSIT_EQUITY":null,"DEPOSIT_ASSETS":null,"EQUITY_MULTIPLIER":2.749588138386,"EQUITY_RATIO":1.76265560166},{"SECUCODE":"00138.HK","SECURITY_CODE":"00138","SECURITY_NAME_ABBR":"中建富通","ORG_CODE":"10007417","STD_REPORT_DATE":"2022-12-31 00:00:00","REPORT_DATE":"2022-12-31 00:00:00","DATE_TYPE_CODE":"001","REPORT_TYPE":"2022年年报","PER_NETCASH_OPERATE":0.001023088173,"PER_OI":0.830747596242,"BPS":0.651102583776,"BASIC_EPS":-0.4734331,"DILUTED_EPS":-0.4734331,"OPERATE_INCOME":725335240,"OPERATE_INCOME_YOY":11.0807113543,"GROSS_PROFIT":92006810,"GROSS_PROFIT_YOY":-6.997693309181,"HOLDER_PROFIT":-415370550,"HOLDER_PROFIT_YOY":10.0580270793,"GROSS_PROFIT_RATIO":12.684729064039,"EPS_TTM":-0.475736000311,"OPERATE_INCOME_QOQ":3.624664071961,"NET_PROFIT_RATIO":-57.5123152709,"ROE_AVG":-33.369214208827,"GROSS_PROFIT_QOQ":-20.277743912768,"ROA":-12.589684581021,"HOLDER_PROFIT_QOQ":-12.564449003348,"ROE_YEARLY":-33.369214208827,"ROIC_YEARLY":-12.772970745777,"TOTAL_ASSETS":2982628530,"TOTAL_LIABILITIES":1934822820,"TAX_EBT":null,"OCF_SALES":0.12315270936,"TOTAL_PARENT_EQUITY":1041552820,"DEBT_ASSET_RATIO":64.8697214735,"OPERATE_PROFIT":-347482030,"PRETAX_PROFIT":-417157090,"NETCASH_OPERATE":893270,"NETCASH_INVEST":306391610,"NETCASH_FINANCE":-328723360,"END_CASH":29477910,"DIVI_RATIO":null,"DIVIDEND_RATE":null,"CURRENT_RATIO":1.126394052045,"COMMON_ACS":20000000000,"CURRENTDEBT_DEBT":37.257617728532,"ISSUED_COMMON_SHARES":1599675452,"HK_COMMON_SHARES":1599675452,"PER_SHARES":2000,"TOTAL_MARKET_CAP":151969167.94,"HKSK_MARKET_CAP":151969167.94,"PE_TTM":-0.235976968851,"PB_TTM":0.171136450383,"REPORT_DATE_SQ":"2021-12-31 00:00:00","REPORT_TYPE_SQ":"2021年年报","OPERATE_INCOME_SQ":597665600,"DPS_HKD":null,"OPERATE_INCOME_QOQ_SQ":23.642798916068,"NET_PROFIT_RATIO_SQ":-71.2722298222,"HOLDER_PROFIT_SQ":-422699200,"HOLDER_PROFIT_QOQ_SQ":-2.940163670056,"ROE_AVG_SQ":-27.507315775472,"PE_TTM_SQ":-0.724455719642,"PB_TTM_SQ":0.328860812153,"ROA_SQ":-12.123343885567,"START_DATE":"2022-01-01 00:00:00","FISCAL_YEAR":"12-31","CURRENCY":"HKD","IS_CNY_CODE":0,"DPS_HKD_LY":null,"ORG_TYPE":"一般企业","PREMIUM_INCOME":null,"PREMIUM_INCOME_YOY":null,"NET_INTEREST_INCOME":null,"NET_INTEREST_INCOME_YOY":null,"FEE_COMMISSION_INCOME":null,"FEE_COMMISSION_INCOME_YOY":null,"ACCOUNTS_RECE_TDAYS":2.884547069272,"INVENTORY_TDAYS":7.791208791209,"CURRENT_ASSETS_TDAYS":0.73417721519,"TOTAL_ASSETS_TDAYS":0.219845674834,"PREMIUM_EXPENSE":null,"LOAN_DEPOSIT":null,"LOAN_EQUITY":null,"LOAN_ASSETS":null,"DEPOSIT_EQUITY":null,"DEPOSIT_ASSETS":null,"EQUITY_MULTIPLIER":2.846547314578,"EQUITY_RATIO":1.857632933105},{"SECUCODE":"00138.HK","SECURITY_CODE":"00138","SECURITY_NAME_ABBR":"中建富通","ORG_CODE":"10007417","STD_REPORT_DATE":"2022-06-30 00:00:00","REPORT_DATE":"2022-06-30 00:00:00","DATE_TYPE_CODE":"002","REPORT_TYPE":"2022年中报","PER_NETCASH_OPERATE":0.01371263654,"PER_OI":0.385912771191,"BPS":0.858571117212,"BASIC_EPS":-0.0171038,"DILUTED_EPS":-0.0171038,"OPERATE_INCOME":336944860,"OPERATE_INCOME_YOY":39.7163120567,"GROSS_PROFIT":55587350,"GROSS_PROFIT_YOY":42.138925880695,"HOLDER_PROFIT":-14538230,"HOLDER_PROFIT_YOY":79.2682926829,"GROSS_PROFIT_RATIO":16.497461928934,"EPS_TTM":-0.422634325955,"OPERATE_INCOME_QOQ":17.116310525484,"NET_PROFIT_RATIO":-4.8223350254,"ROE_AVG":-1.053610164239,"GROSS_PROFIT_QOQ":16.657896120069,"ROA":-0.420792079208,"HOLDER_PROFIT_QOQ":12.702254936844,"ROE_YEARLY":-2.107220328478,"ROIC_YEARLY":-0.851703406814,"TOTAL_ASSETS":3448126080,"TOTAL_LIABILITIES":2068704610,"TAX_EBT":null,"OCF_SALES":3.553299492386,"TOTAL_PARENT_EQUITY":1373435140,"DEBT_ASSET_RATIO":59.9950396825,"OPERATE_PROFIT":11117470,"PRETAX_PROFIT":-16248610,"NETCASH_OPERATE":11972660,"NETCASH_INVEST":13683040,"NETCASH_FINANCE":-54732160,"END_CASH":19669370,"DIVI_RATIO":null,"DIVIDEND_RATE":null,"CURRENT_RATIO":1.5353200883,"COMMON_ACS":20000000000,"CURRENTDEBT_DEBT":37.453493179,"ISSUED_COMMON_SHARES":1599675452,"HK_COMMON_SHARES":1599675452,"PER_SHARES":2000,"TOTAL_MARKET_CAP":151969167.94,"HKSK_MARKET_CAP":151969167.94,"PE_TTM":-0.235976968851,"PB_TTM":0.171136450383,"REPORT_DATE_SQ":"2021-06-30 00:00:00","REPORT_TYPE_SQ":"2021年中报","OPERATE_INCOME_SQ":234646560,"DPS_HKD":null,"OPERATE_INCOME_QOQ_SQ":13.729121973554,"NET_PROFIT_RATIO_SQ":-29.7872340426,"HOLDER_PROFIT_SQ":-68230560,"HOLDER_PROFIT_QOQ_SQ":29.188958539651,"ROE_AVG_SQ":-3.910348116357,"PE_TTM_SQ":-0.724455719642,"PB_TTM_SQ":0.328860812153,"ROA_SQ":-1.842282633116,"START_DATE":"2022-01-01 00:00:00","FISCAL_YEAR":"12-31","CURRENCY":"HKD","IS_CNY_CODE":0,"DPS_HKD_LY":null,"ORG_TYPE":"一般企业","PREMIUM_INCOME":null,"PREMIUM_INCOME_YOY":null,"NET_INTEREST_INCOME":null,"NET_INTEREST_INCOME_YOY":null,"FEE_COMMISSION_INCOME":null,"FEE_COMMISSION_INCOME_YOY":null,"ACCOUNTS_RECE_TDAYS":1.554240631164,"INVENTORY_TDAYS":3.825581395349,"CURRENT_ASSETS_TDAYS":0.292501855976,"TOTAL_ASSETS_TDAYS":0.097524752475,"PREMIUM_EXPENSE":null,"LOAN_DEPOSIT":null,"LOAN_EQUITY":null,"LOAN_ASSETS":null,"DEPOSIT_EQUITY":null,"DEPOSIT_ASSETS":null,"EQUITY_MULTIPLIER":2.499690018596,"EQUITY_RATIO":1.506226650062},{"SECUCODE":"00138.HK","SECURITY_CODE":"00138","SECURITY_NAME_ABBR":"中建富通","ORG_CODE":"10007417","STD_REPORT_DATE":"2021-12-31 00:00:00","REPORT_DATE":"2021-12-31 00:00:00","DATE_TYPE_CODE":"001","REPORT_TYPE":"2021年年报","PER_NETCASH_OPERATE":-0.021537685661,"PER_OI":0.684523835566,"BPS":0.82849905482,"BASIC_EPS":-0.482384,"DILUTED_EPS":-0.482384,"OPERATE_INCOME":597665600,"OPERATE_INCOME_YOY":44.7524752475,"GROSS_PROFIT":98929600,"GROSS_PROFIT_YOY":117.673783283783,"HOLDER_PROFIT":-422699200,"HOLDER_PROFIT_YOY":24.9637155298,"GROSS_PROFIT_RATIO":16.552667578659,"EPS_TTM":-0.48412971681,"OPERATE_INCOME_QOQ":23.642798916068,"NET_PROFIT_RATIO":-71.2722298222,"ROE_AVG":-27.507315775472,"GROSS_PROFIT_QOQ":62.694747699602,"ROA":-12.123343885567,"HOLDER_PROFIT_QOQ":-2.940163670056,"ROE_YEARLY":-27.507315775472,"ROIC_YEARLY":-12.306593668174,"TOTAL_ASSETS":3309644800,"TOTAL_LIABILITIES":1976956800,"TAX_EBT":null,"OCF_SALES":-3.146374829001,"TOTAL_PARENT_EQUITY":1325329600,"DEBT_ASSET_RATIO":59.733201581,"OPERATE_PROFIT":-372825600,"PRETAX_PROFIT":-425969600,"NETCASH_OPERATE":-18804800,"NETCASH_INVEST":4088000,"NETCASH_FINANCE":22075200,"END_CASH":46603200,"DIVI_RATIO":null,"DIVIDEND_RATE":null,"CURRENT_RATIO":0.693453964875,"COMMON_ACS":20000000000,"CURRENTDEBT_DEBT":77.708850289495,"ISSUED_COMMON_SHARES":1599675452,"HK_COMMON_SHARES":1599675452,"PER_SHARES":2000,"TOTAL_MARKET_CAP":151969167.94,"HKSK_MARKET_CAP":151969167.94,"PE_TTM":-0.235976968851,"PB_TTM":0.171136450383,"REPORT_DATE_SQ":"2020-12-31 00:00:00","REPORT_TYPE_SQ":"2020年年报","OPERATE_INCOME_SQ":425028200,"DPS_HKD":null,"OPERATE_INCOME_QOQ_SQ":-38.756392291702,"NET_PROFIT_RATIO_SQ":-137.8217821782,"HOLDER_PROFIT_SQ":-579889960,"HOLDER_PROFIT_QOQ_SQ":-58.250342567847,"ROE_AVG_SQ":-27.827140549273,"PE_TTM_SQ":-0.724455719642,"PB_TTM_SQ":0.328860812153,"ROA_SQ":-13.875742624106,"START_DATE":"2021-01-01 00:00:00","FISCAL_YEAR":"12-31","CURRENCY":"HKD","IS_CNY_CODE":0,"DPS_HKD_LY":null,"ORG_TYPE":"一般企业","PREMIUM_INCOME":null,"PREMIUM_INCOME_YOY":null,"NET_INTEREST_INCOME":null,"NET_INTEREST_INCOME_YOY":null,"FEE_COMMISSION_INCOME":null,"FEE_COMMISSION_INCOME_YOY":null,"ACCOUNTS_RECE_TDAYS":3.014432989691,"INVENTORY_TDAYS":6.321243523316,"CURRENT_ASSETS_TDAYS":0.487821154488,"TOTAL_ASSETS_TDAYS":0.171415171767,"PREMIUM_EXPENSE":null,"LOAN_DEPOSIT":null,"LOAN_EQUITY":null,"LOAN_ASSETS":null,"DEPOSIT_EQUITY":null,"DEPOSIT_ASSETS":null,"EQUITY_MULTIPLIER":2.48343558282,"EQUITY_RATIO":1.491671807526},{"SECUCODE":"00138.HK","SECURITY_CODE":"00138","SECURITY_NAME_ABBR":"中建富通","ORG_CODE":"10007417","STD_REPORT_DATE":"2021-06-30 00:00:00","REPORT_DATE":"2021-06-30 00:00:00","DATE_TYPE_CODE":"002","REPORT_TYPE":"2021年中报","PER_NETCASH_OPERATE":-0.005718032891,"PER_OI":0.268747545875,"BPS":1.069439727828,"BASIC_EPS":-0.07821552,"DILUTED_EPS":-0.07821552,"OPERATE_INCOME":234646560,"OPERATE_INCOME_YOY":46.1139896373,"GROSS_PROFIT":39107760,"GROSS_PROFIT_YOY":64.668135332875,"HOLDER_PROFIT":-68230560,"HOLDER_PROFIT_YOY":68.4615384615,"GROSS_PROFIT_RATIO":16.666666666667,"EPS_TTM":-0.470302066316,"OPERATE_INCOME_QOQ":13.729121973554,"NET_PROFIT_RATIO":-29.7872340426,"ROE_AVG":-3.910348116357,"GROSS_PROFIT_QOQ":33.792753829824,"ROA":-1.842282633116,"HOLDER_PROFIT_QOQ":29.188958539651,"ROE_YEARLY":-7.820696232713,"ROIC_YEARLY":-3.741729409081,"TOTAL_ASSETS":3678625680,"TOTAL_LIABILITIES":1958716320,"TAX_EBT":null,"OCF_SALES":-2.127659574468,"TOTAL_PARENT_EQUITY":1710756480,"DEBT_ASSET_RATIO":53.2458719747,"OPERATE_PROFIT":-42436080,"PRETAX_PROFIT":-69894720,"NETCASH_OPERATE":-4992480,"NETCASH_INVEST":-9152880,"NETCASH_FINANCE":27458640,"END_CASH":53253120,"DIVI_RATIO":null,"DIVIDEND_RATE":null,"CURRENT_RATIO":2.392296718973,"COMMON_ACS":20000000000,"CURRENTDEBT_DEBT":29.779099405268,"ISSUED_COMMON_SHARES":1599675452,"HK_COMMON_SHARES":1599675452,"PER_SHARES":2000,"TOTAL_MARKET_CAP":151969167.94,"HKSK_MARKET_CAP":151969167.94,"PE_TTM":-0.235976968851,"PB_TTM":0.171136450383,"REPORT_DATE_SQ":"2020-06-30 00:00:00","REPORT_TYPE_SQ":"2020年中报","OPERATE_INCOME_SQ":176293920,"DPS_HKD":null,"OPERATE_INCOME_QOQ_SQ":-29.37654005056,"NET_PROFIT_RATIO_SQ":-130.8823529412,"HOLDER_PROFIT_SQ":-237494400,"HOLDER_PROFIT_QOQ_SQ":-190.121862178356,"ROE_AVG_SQ":-9.687034277198,"PE_TTM_SQ":-0.724455719642,"PB_TTM_SQ":0.328860812153,"ROA_SQ":-4.902885159344,"START_DATE":"2021-01-01 00:00:00","FISCAL_YEAR":"12-31","CURRENCY":"HKD","IS_CNY_CODE":0,"DPS_HKD_LY":null,"ORG_TYPE":"一般企业","PREMIUM_INCOME":null,"PREMIUM_INCOME_YOY":null,"NET_INTEREST_INCOME":null,"NET_INTEREST_INCOME_YOY":null,"FEE_COMMISSION_INCOME":null,"FEE_COMMISSION_INCOME_YOY":null,"ACCOUNTS_RECE_TDAYS":1.103718199609,"INVENTORY_TDAYS":2,"CURRENT_ASSETS_TDAYS":0.167309403738,"TOTAL_ASSETS_TDAYS":0.06335654909,"PREMIUM_EXPENSE":null,"LOAN_DEPOSIT":null,"LOAN_EQUITY":null,"LOAN_ASSETS":null,"DEPOSIT_EQUITY":null,"DEPOSIT_ASSETS":null,"EQUITY_MULTIPLIER":2.138848572812,"EQUITY_RATIO":1.144941634241},{"SECUCODE":"00138.HK","SECURITY_CODE":"00138","SECURITY_NAME_ABBR":"中建富通","ORG_CODE":"10007417","STD_REPORT_DATE":"2020-12-31 00:00:00","REPORT_DATE":"2020-12-31 00:00:00","DATE_TYPE_CODE":"001","REPORT_TYPE":"2020年年报","PER_NETCASH_OPERATE":-0.063621018683,"PER_OI":0.486797188408,"BPS":1.124869621366,"BASIC_EPS":-0.6648956,"DILUTED_EPS":-0.6648956,"OPERATE_INCOME":425028200,"OPERATE_INCOME_YOY":-49.8011928429,"GROSS_PROFIT":45448560,"GROSS_PROFIT_YOY":-71.655700078992,"HOLDER_PROFIT":-579889960,"HOLDER_PROFIT_YOY":-388.6524822695,"GROSS_PROFIT_RATIO":10.693069306931,"EPS_TTM":-0.664164876857,"OPERATE_INCOME_QOQ":-38.756392291702,"NET_PROFIT_RATIO":-137.8217821782,"ROE_AVG":-27.827140549273,"GROSS_PROFIT_QOQ":-54.039457945732,"ROA":-13.875742624106,"HOLDER_PROFIT_QOQ":-58.250342567847,"ROE_YEARLY":-27.827140549273,"ROIC_YEARLY":-14.091420390633,"TOTAL_ASSETS":3771388840,"TOTAL_LIABILITIES":1961021200,"TAX_EBT":0.716332378223,"OCF_SALES":-13.069306930693,"TOTAL_PARENT_EQUITY":1799426320,"DEBT_ASSET_RATIO":51.9973220263,"OPERATE_PROFIT":-510875480,"PRETAX_PROFIT":-587464720,"NETCASH_OPERATE":-55548240,"NETCASH_INVEST":41240360,"NETCASH_FINANCE":-5049840,"END_CASH":40398720,"DIVI_RATIO":null,"DIVIDEND_RATE":null,"CURRENT_RATIO":2.606153846154,"COMMON_ACS":20000000000,"CURRENTDEBT_DEBT":27.896995708155,"ISSUED_COMMON_SHARES":1599675452,"HK_COMMON_SHARES":1599675452,"PER_SHARES":2000,"TOTAL_MARKET_CAP":151969167.94,"HKSK_MARKET_CAP":151969167.94,"PE_TTM":-0.235976968851,"PB_TTM":0.171136450383,"REPORT_DATE_SQ":"2019-12-31 00:00:00","REPORT_TYPE_SQ":"2019年年报","OPERATE_INCOME_SQ":901154680,"DPS_HKD":null,"OPERATE_INCOME_QOQ_SQ":1.132181144702,"NET_PROFIT_RATIO_SQ":-12.8532360985,"HOLDER_PROFIT_SQ":-126304980,"HOLDER_PROFIT_QOQ_SQ":-5809.50255460109,"ROE_AVG_SQ":-4.881426345854,"PE_TTM_SQ":-0.724455719642,"PB_TTM_SQ":0.328860812153,"ROA_SQ":-2.635267731988,"START_DATE":"2020-01-01 00:00:00","FISCAL_YEAR":"12-31","CURRENCY":"HKD","IS_CNY_CODE":0,"DPS_HKD_LY":null,"ORG_TYPE":"一般企业","PREMIUM_INCOME":null,"PREMIUM_INCOME_YOY":null,"NET_INTEREST_INCOME":null,"NET_INTEREST_INCOME_YOY":null,"FEE_COMMISSION_INCOME":null,"FEE_COMMISSION_INCOME_YOY":null,"ACCOUNTS_RECE_TDAYS":1.938579654511,"INVENTORY_TDAYS":3.232974910394,"CURRENT_ASSETS_TDAYS":0.266983875231,"TOTAL_ASSETS_TDAYS":0.10170174202,"PREMIUM_EXPENSE":null,"LOAN_DEPOSIT":null,"LOAN_EQUITY":null,"LOAN_ASSETS":null,"DEPOSIT_EQUITY":null,"DEPOSIT_ASSETS":null,"EQUITY_MULTIPLIER":2.08321710832,"EQUITY_RATIO":1.089803554724},{"SECUCODE":"00138.HK","SECURITY_CODE":"00138","SECURITY_NAME_ABBR":"中建富通","ORG_CODE":"10007417","STD_REPORT_DATE":"2020-06-30 00:00:00","REPORT_DATE":"2020-06-30 00:00:00","DATE_TYPE_CODE":"002","REPORT_TYPE":"2020年中报","PER_NETCASH_OPERATE":-0.031385683852,"PER_OI":0.201914566114,"BPS":1.458374420313,"BASIC_EPS":-0.27220512,"DILUTED_EPS":-0.27220512,"OPERATE_INCOME":176293920,"OPERATE_INCOME_YOY":-62.2222222222,"GROSS_PROFIT":23749440,"GROSS_PROFIT_YOY":-73.001568787941,"HOLDER_PROFIT":-237494400,"HOLDER_PROFIT_YOY":-8766.6666666667,"GROSS_PROFIT_RATIO":14.705882352941,"EPS_TTM":-0.419692536572,"OPERATE_INCOME_QOQ":-29.37654005056,"NET_PROFIT_RATIO":-130.8823529412,"ROE_AVG":-9.687034277198,"GROSS_PROFIT_QOQ":-37.982590528724,"ROA":-4.902885159344,"HOLDER_PROFIT_QOQ":-190.121862178356,"ROE_YEARLY":-19.374068554396,"ROIC_YEARLY":-9.979848383073,"TOTAL_ASSETS":4709696640,"TOTAL_LIABILITIES":2364896160,"TAX_EBT":null,"OCF_SALES":-14.705882352941,"TOTAL_PARENT_EQUITY":2332925760,"DEBT_ASSET_RATIO":50.2133436773,"OPERATE_PROFIT":-186341760,"PRETAX_PROFIT":-242061600,"NETCASH_OPERATE":-27403200,"NETCASH_INVEST":52979520,"NETCASH_FINANCE":-16441920,"END_CASH":73988640,"DIVI_RATIO":null,"DIVIDEND_RATE":null,"CURRENT_RATIO":1.885405405405,"COMMON_ACS":20000000000,"CURRENTDEBT_DEBT":35.7280803399,"ISSUED_COMMON_SHARES":1599675452,"HK_COMMON_SHARES":1599675452,"PER_SHARES":2000,"TOTAL_MARKET_CAP":151969167.94,"HKSK_MARKET_CAP":151969167.94,"PE_TTM":-0.235976968851,"PB_TTM":0.171136450383,"REPORT_DATE_SQ":"2019-06-30 00:00:00","REPORT_TYPE_SQ":"2019年中报","OPERATE_INCOME_SQ":475016400,"DPS_HKD":null,"OPERATE_INCOME_QOQ_SQ":20.670150732501,"NET_PROFIT_RATIO_SQ":0.9259259259,"HOLDER_PROFIT_SQ":2638980,"HOLDER_PROFIT_QOQ_SQ":-107.174429689703,"ROE_AVG_SQ":0.101265822785,"PE_TTM_SQ":-0.724455719642,"PB_TTM_SQ":0.328860812153,"ROA_SQ":0.054844606947,"START_DATE":"2020-01-01 00:00:00","FISCAL_YEAR":"12-31","CURRENCY":"HKD","IS_CNY_CODE":0,"DPS_HKD_LY":null,"ORG_TYPE":"一般企业","PREMIUM_INCOME":null,"PREMIUM_INCOME_YOY":null,"NET_INTEREST_INCOME":null,"NET_INTEREST_INCOME_YOY":null,"FEE_COMMISSION_INCOME":null,"FEE_COMMISSION_INCOME_YOY":null,"ACCOUNTS_RECE_TDAYS":0.705667276051,"INVENTORY_TDAYS":1.077399380805,"CURRENT_ASSETS_TDAYS":0.106444038612,"TOTAL_ASSETS_TDAYS":0.03846879125,"PREMIUM_EXPENSE":null,"LOAN_DEPOSIT":null,"LOAN_EQUITY":null,"LOAN_ASSETS":null,"DEPOSIT_EQUITY":null,"DEPOSIT_ASSETS":null,"EQUITY_MULTIPLIER":2.008570315545,"EQUITY_RATIO":1.013703993735}],"count":47},"success":true,"message":"ok","code":0}