{"version":"114d07c9c878965bd57d23b4069cc7c9","result":{"pages":6,"data":[{"SECUCODE":"00132.HK","SECURITY_CODE":"00132","SECURITY_NAME_ABBR":"兴业控股","ORG_CODE":"10007412","STD_REPORT_DATE":"2024-06-30 00:00:00","REPORT_DATE":"2024-06-30 00:00:00","DATE_TYPE_CODE":"002","REPORT_TYPE":"2024年中报","PER_NETCASH_OPERATE":-0.089653573577,"PER_OI":0.219078381486,"BPS":0.56515693112,"BASIC_EPS":0.033586624,"DILUTED_EPS":0.033586624,"OPERATE_INCOME":375134297,"OPERATE_INCOME_YOY":12.2316911004,"GROSS_PROFIT":163160716.28,"GROSS_PROFIT_YOY":31.719467741605,"HOLDER_PROFIT":57445904.56,"HOLDER_PROFIT_YOY":607.7701563027,"GROSS_PROFIT_RATIO":43.493948056688,"EPS_TTM":0.043012315339,"OPERATE_INCOME_QOQ":5.034791714562,"NET_PROFIT_RATIO":26.0648379052,"ROE_AVG":6.169713686939,"GROSS_PROFIT_QOQ":13.716316901322,"ROA":0.719130238814,"HOLDER_PROFIT_QOQ":201.793632885299,"ROE_YEARLY":12.339427373877,"ROIC_YEARLY":1.81018560859,"TOTAL_ASSETS":7072654853.68,"TOTAL_LIABILITIES":5409180556,"TAX_EBT":14.378626728523,"OCF_SALES":-40.923058208138,"TOTAL_PARENT_EQUITY":967734682.96,"DEBT_ASSET_RATIO":76.4801996974,"OPERATE_PROFIT":133975947.92,"PRETAX_PROFIT":122366658.32,"NETCASH_OPERATE":-153516426.72,"NETCASH_INVEST":455020264.72,"NETCASH_FINANCE":69031464.48,"END_CASH":872539420.92,"DIVI_RATIO":0.088489168044,"DIVIDEND_RATE":1.555555555556,"CURRENT_RATIO":1.043612079519,"COMMON_ACS":3000000000,"CURRENTDEBT_DEBT":45.276207670373,"ISSUED_COMMON_SHARES":1712329142,"HK_COMMON_SHARES":1712329142,"PER_SHARES":1000,"TOTAL_MARKET_CAP":462328868.34,"HKSK_MARKET_CAP":462328868.34,"PE_TTM":5.709243981032,"PB_TTM":0.436026856313,"REPORT_DATE_SQ":"2023-06-30 00:00:00","REPORT_TYPE_SQ":"2023年中报","OPERATE_INCOME_SQ":337655813.42,"DPS_HKD":0.0042,"OPERATE_INCOME_QOQ_SQ":11.58421818811,"NET_PROFIT_RATIO_SQ":12.3678417287,"HOLDER_PROFIT_SQ":8199168.14,"HOLDER_PROFIT_QOQ_SQ":-14.797159687951,"ROE_AVG_SQ":0.912246652292,"PE_TTM_SQ":-7.972735264809,"PB_TTM_SQ":0.217546335225,"ROA_SQ":0.095177035118,"START_DATE":"2024-01-01 00:00:00","FISCAL_YEAR":"12-31","CURRENCY":"HKD","IS_CNY_CODE":0,"DPS_HKD_LY":0.0042,"ORG_TYPE":"一般企业","PREMIUM_INCOME":null,"PREMIUM_INCOME_YOY":null,"NET_INTEREST_INCOME":null,"NET_INTEREST_INCOME_YOY":null,"FEE_COMMISSION_INCOME":null,"FEE_COMMISSION_INCOME_YOY":null,"ACCOUNTS_RECE_TDAYS":2.661906612266,"INVENTORY_TDAYS":35.651853557449,"CURRENT_ASSETS_TDAYS":0.105992751929,"TOTAL_ASSETS_TDAYS":0.046960774429,"PREMIUM_EXPENSE":null,"LOAN_DEPOSIT":null,"LOAN_EQUITY":null,"LOAN_ASSETS":null,"DEPOSIT_EQUITY":null,"DEPOSIT_ASSETS":null,"EQUITY_MULTIPLIER":4.251736779795,"EQUITY_RATIO":5.589528463995},{"SECUCODE":"00132.HK","SECURITY_CODE":"00132","SECURITY_NAME_ABBR":"兴业控股","ORG_CODE":"10007412","STD_REPORT_DATE":"2023-12-31 00:00:00","REPORT_DATE":"2023-12-31 00:00:00","DATE_TYPE_CODE":"001","REPORT_TYPE":"2023年年报","PER_NETCASH_OPERATE":-0.293226483673,"PER_OI":0.434723636246,"BPS":0.518664652289,"BASIC_EPS":0.014227654,"DILUTED_EPS":0.014227654,"OPERATE_INCOME":744389951.06,"OPERATE_INCOME_YOY":19.8578497106,"GROSS_PROFIT":286453423.34,"GROSS_PROFIT_YOY":25.191117741027,"HOLDER_PROFIT":24404504.6,"HOLDER_PROFIT_YOY":225.0522405387,"GROSS_PROFIT_RATIO":38.481634918915,"EPS_TTM":0.014252227566,"OPERATE_INCOME_QOQ":-2.711410406946,"NET_PROFIT_RATIO":18.9836418021,"ROE_AVG":2.70237318138,"GROSS_PROFIT_QOQ":-1.659702832757,"ROA":0.286104429498,"HOLDER_PROFIT_QOQ":210.512455435616,"ROE_YEARLY":2.70237318138,"ROIC_YEARLY":0.358711685583,"TOTAL_ASSETS":8840818609.98,"TOTAL_LIABILITIES":6920269282.64,"TAX_EBT":269.098181818182,"OCF_SALES":-67.451240104063,"TOTAL_PARENT_EQUITY":888124599.04,"DEBT_ASSET_RATIO":78.276340551,"OPERATE_PROFIT":25544529.36,"PRETAX_PROFIT":12460525,"NETCASH_OPERATE":-502100253.2,"NETCASH_INVEST":-285085031.14,"NETCASH_FINANCE":540885562.98,"END_CASH":514332410.76,"DIVI_RATIO":0.26705467495,"DIVIDEND_RATE":1.272727272727,"CURRENT_RATIO":1.149647215822,"COMMON_ACS":3000000000,"CURRENTDEBT_DEBT":56.443837760456,"ISSUED_COMMON_SHARES":1712329142,"HK_COMMON_SHARES":1712329142,"PER_SHARES":1000,"TOTAL_MARKET_CAP":565068616.86,"HKSK_MARKET_CAP":565068616.86,"PE_TTM":6.977964865706,"PB_TTM":0.532921713272,"REPORT_DATE_SQ":"2022-12-31 00:00:00","REPORT_TYPE_SQ":"2022年年报","OPERATE_INCOME_SQ":612185622.37,"DPS_HKD":0.0042,"OPERATE_INCOME_QOQ_SQ":22.970413883553,"NET_PROFIT_RATIO_SQ":5.5787148008,"HOLDER_PROFIT_SQ":-19236569.45,"HOLDER_PROFIT_QOQ_SQ":-271.053403155391,"ROE_AVG_SQ":-1.955664935159,"PE_TTM_SQ":-8.57571524282,"PB_TTM_SQ":0.233999419401,"ROA_SQ":-0.24796643915,"START_DATE":"2023-01-01 00:00:00","FISCAL_YEAR":"12-31","CURRENCY":"HKD","IS_CNY_CODE":0,"DPS_HKD_LY":null,"ORG_TYPE":"一般企业","PREMIUM_INCOME":null,"PREMIUM_INCOME_YOY":null,"NET_INTEREST_INCOME":null,"NET_INTEREST_INCOME_YOY":null,"FEE_COMMISSION_INCOME":null,"FEE_COMMISSION_INCOME_YOY":null,"ACCOUNTS_RECE_TDAYS":5.157715950547,"INVENTORY_TDAYS":66.895154884829,"CURRENT_ASSETS_TDAYS":0.227453985054,"TOTAL_ASSETS_TDAYS":0.087268012919,"PREMIUM_EXPENSE":null,"LOAN_DEPOSIT":null,"LOAN_EQUITY":null,"LOAN_ASSETS":null,"DEPOSIT_EQUITY":null,"DEPOSIT_ASSETS":null,"EQUITY_MULTIPLIER":4.603275992002,"EQUITY_RATIO":7.792002710116},{"SECUCODE":"00132.HK","SECURITY_CODE":"00132","SECURITY_NAME_ABBR":"兴业控股","ORG_CODE":"10007412","STD_REPORT_DATE":"2023-06-30 00:00:00","REPORT_DATE":"2023-06-30 00:00:00","DATE_TYPE_CODE":"002","REPORT_TYPE":"2023年中报","PER_NETCASH_OPERATE":-0.201171072273,"PER_OI":0.197190951867,"BPS":0.504332191515,"BASIC_EPS":0.004794296,"DILUTED_EPS":0.004794296,"OPERATE_INCOME":337655813.42,"OPERATE_INCOME_YOY":17.1108164875,"GROSS_PROFIT":123869856.96,"GROSS_PROFIT_YOY":9.367209011277,"HOLDER_PROFIT":8199168.14,"HOLDER_PROFIT_YOY":-31.1474140601,"GROSS_PROFIT_RATIO":38.083789550927,"EPS_TTM":-0.012896489821,"OPERATE_INCOME_QOQ":11.58421818811,"NET_PROFIT_RATIO":12.3678417287,"ROE_AVG":0.912246652292,"GROSS_PROFIT_QOQ":12.429132740887,"ROA":0.095177035118,"HOLDER_PROFIT_QOQ":-14.797159687951,"ROE_YEARLY":1.824493304583,"ROIC_YEARLY":0.249271009134,"TOTAL_ASSETS":8867323358.08,"TOTAL_LIABILITIES":7047146754.16,"TAX_EBT":32.482689119339,"OCF_SALES":-90.186494028136,"TOTAL_PARENT_EQUITY":863582708.78,"DEBT_ASSET_RATIO":79.4732127112,"OPERATE_PROFIT":58289419.56,"PRETAX_PROFIT":56722053.56,"NETCASH_OPERATE":-344471089.58,"NETCASH_INVEST":-241958899.32,"NETCASH_FINANCE":851821931.9,"END_CASH":1087158248.88,"DIVI_RATIO":-0.295128678643,"DIVIDEND_RATE":1.272727272727,"CURRENT_RATIO":1.109725331462,"COMMON_ACS":3000000000,"CURRENTDEBT_DEBT":31.307117218151,"ISSUED_COMMON_SHARES":1712329142,"HK_COMMON_SHARES":1712329142,"PER_SHARES":1000,"TOTAL_MARKET_CAP":565068616.86,"HKSK_MARKET_CAP":565068616.86,"PE_TTM":6.977964865706,"PB_TTM":0.532921713272,"REPORT_DATE_SQ":"2022-06-30 00:00:00","REPORT_TYPE_SQ":"2022年中报","OPERATE_INCOME_SQ":302520896.93,"DPS_HKD":0.0042,"OPERATE_INCOME_QOQ_SQ":30.943808629353,"NET_PROFIT_RATIO_SQ":13.1661893952,"HOLDER_PROFIT_SQ":11045634.04,"HOLDER_PROFIT_QOQ_SQ":188.740796982514,"ROE_AVG_SQ":1.121990394977,"PE_TTM_SQ":-8.57571524282,"PB_TTM_SQ":0.233999419401,"ROA_SQ":0.150123832402,"START_DATE":"2023-01-01 00:00:00","FISCAL_YEAR":"12-31","CURRENCY":"HKD","IS_CNY_CODE":0,"DPS_HKD_LY":null,"ORG_TYPE":"一般企业","PREMIUM_INCOME":null,"PREMIUM_INCOME_YOY":null,"NET_INTEREST_INCOME":null,"NET_INTEREST_INCOME_YOY":null,"FEE_COMMISSION_INCOME":null,"FEE_COMMISSION_INCOME_YOY":null,"ACCOUNTS_RECE_TDAYS":2.319894593148,"INVENTORY_TDAYS":34.16864260024,"CURRENT_ASSETS_TDAYS":0.168302904277,"TOTAL_ASSETS_TDAYS":0.044337750366,"PREMIUM_EXPENSE":null,"LOAN_DEPOSIT":null,"LOAN_EQUITY":null,"LOAN_ASSETS":null,"DEPOSIT_EQUITY":null,"DEPOSIT_ASSETS":null,"EQUITY_MULTIPLIER":4.871682966899,"EQUITY_RATIO":8.160361112505},{"SECUCODE":"00132.HK","SECURITY_CODE":"00132","SECURITY_NAME_ABBR":"兴业控股","ORG_CODE":"10007412","STD_REPORT_DATE":"2022-12-31 00:00:00","REPORT_DATE":"2022-12-31 00:00:00","DATE_TYPE_CODE":"001","REPORT_TYPE":"2022年年报","PER_NETCASH_OPERATE":-0.352452478719,"PER_OI":0.357516325194,"BPS":0.528467441904,"BASIC_EPS":-0.011255202,"DILUTED_EPS":-0.011255202,"OPERATE_INCOME":612185622.37,"OPERATE_INCOME_YOY":47.3817596756,"GROSS_PROFIT":228812897.04,"GROSS_PROFIT_YOY":36.358383190808,"HOLDER_PROFIT":-19236569.45,"HOLDER_PROFIT_YOY":-38.935483871,"GROSS_PROFIT_RATIO":37.783990245326,"EPS_TTM":-0.011234154099,"OPERATE_INCOME_QOQ":22.970413883553,"NET_PROFIT_RATIO":5.5787148008,"ROE_AVG":-1.955664935159,"GROSS_PROFIT_QOQ":19.863876562887,"ROA":-0.24796643915,"HOLDER_PROFIT_QOQ":-271.053403155391,"ROE_YEARLY":-1.955664935159,"ROIC_YEARLY":-0.31300239719,"TOTAL_ASSETS":8101588192.95,"TOTAL_LIABILITIES":6232166136,"TAX_EBT":48.188391736841,"OCF_SALES":-88.014048398191,"TOTAL_PARENT_EQUITY":904910201.37,"DEBT_ASSET_RATIO":76.9252396885,"OPERATE_PROFIT":111715919.28,"PRETAX_PROFIT":69056023.89,"NETCASH_OPERATE":-603514650.48,"NETCASH_INVEST":-63826821.31,"NETCASH_FINANCE":1019356847.04,"END_CASH":767853105.46,"DIVI_RATIO":-0.338799340506,"DIVIDEND_RATE":1.272727272727,"CURRENT_RATIO":1.003300446859,"COMMON_ACS":3000000000,"CURRENTDEBT_DEBT":31.837518633184,"ISSUED_COMMON_SHARES":1712329142,"HK_COMMON_SHARES":1712329142,"PER_SHARES":1000,"TOTAL_MARKET_CAP":565068616.86,"HKSK_MARKET_CAP":565068616.86,"PE_TTM":6.977964865706,"PB_TTM":0.532921713272,"REPORT_DATE_SQ":"2021-12-31 00:00:00","REPORT_TYPE_SQ":"2021年年报","OPERATE_INCOME_SQ":425843689.6,"DPS_HKD":0.0042,"OPERATE_INCOME_QOQ_SQ":28.855229225767,"NET_PROFIT_RATIO_SQ":2.090253165,"HOLDER_PROFIT_SQ":-12672800,"HOLDER_PROFIT_QOQ_SQ":76.974018395053,"ROE_AVG_SQ":-1.328370654835,"PE_TTM_SQ":-8.57571524282,"PB_TTM_SQ":0.233999419401,"ROA_SQ":-0.215201978859,"START_DATE":"2022-01-01 00:00:00","FISCAL_YEAR":"12-31","CURRENCY":"HKD","IS_CNY_CODE":0,"DPS_HKD_LY":null,"ORG_TYPE":"一般企业","PREMIUM_INCOME":null,"PREMIUM_INCOME_YOY":null,"NET_INTEREST_INCOME":null,"NET_INTEREST_INCOME_YOY":null,"FEE_COMMISSION_INCOME":null,"FEE_COMMISSION_INCOME_YOY":null,"ACCOUNTS_RECE_TDAYS":4.415977473283,"INVENTORY_TDAYS":41.049464953371,"CURRENT_ASSETS_TDAYS":0.371382845111,"TOTAL_ASSETS_TDAYS":0.088389586077,"PREMIUM_EXPENSE":null,"LOAN_DEPOSIT":null,"LOAN_EQUITY":null,"LOAN_ASSETS":null,"DEPOSIT_EQUITY":null,"DEPOSIT_ASSETS":null,"EQUITY_MULTIPLIER":4.333739490683,"EQUITY_RATIO":6.887054789044},{"SECUCODE":"00132.HK","SECURITY_CODE":"00132","SECURITY_NAME_ABBR":"兴业控股","ORG_CODE":"10007412","STD_REPORT_DATE":"2022-06-30 00:00:00","REPORT_DATE":"2022-06-30 00:00:00","DATE_TYPE_CODE":"002","REPORT_TYPE":"2022年中报","PER_NETCASH_OPERATE":-0.136638287571,"PER_OI":0.176672165129,"BPS":0.555890509466,"BASIC_EPS":0.006413925,"DILUTED_EPS":0.006413925,"OPERATE_INCOME":302520896.93,"OPERATE_INCOME_YOY":72.385444941,"GROSS_PROFIT":113260508.41,"GROSS_PROFIT_YOY":74.480318097186,"HOLDER_PROFIT":11045634.04,"HOLDER_PROFIT_YOY":183.4852304311,"GROSS_PROFIT_RATIO":37.438904075512,"EPS_TTM":0.006567629695,"OPERATE_INCOME_QOQ":30.943808629353,"NET_PROFIT_RATIO":13.1661893952,"ROE_AVG":1.121990394977,"GROSS_PROFIT_QOQ":28.81210100258,"ROA":0.150123832402,"HOLDER_PROFIT_QOQ":188.740796982514,"ROE_YEARLY":2.243980789954,"ROIC_YEARLY":0.387735420708,"TOTAL_ASSETS":7617542496.13,"TOTAL_LIABILITIES":5754169860.32,"TAX_EBT":34.175122240751,"OCF_SALES":-77.340019844691,"TOTAL_PARENT_EQUITY":951867519.12,"DEBT_ASSET_RATIO":75.5384018303,"OPERATE_PROFIT":107219446.25,"PRETAX_PROFIT":60514954.78,"NETCASH_OPERATE":-233969721.72,"NETCASH_INVEST":173384641.36,"NETCASH_FINANCE":695041134.27,"END_CASH":1043612302.32,"DIVI_RATIO":0.579527801804,"DIVIDEND_RATE":1.272727272727,"CURRENT_RATIO":1.157943807016,"COMMON_ACS":3000000000,"CURRENTDEBT_DEBT":30.43089067921,"ISSUED_COMMON_SHARES":1712329142,"HK_COMMON_SHARES":1712329142,"PER_SHARES":1000,"TOTAL_MARKET_CAP":565068616.86,"HKSK_MARKET_CAP":565068616.86,"PE_TTM":6.977964865706,"PB_TTM":0.532921713272,"REPORT_DATE_SQ":"2021-06-30 00:00:00","REPORT_TYPE_SQ":"2021年中报","OPERATE_INCOME_SQ":170748640.56,"DPS_HKD":0.0042,"OPERATE_INCOME_QOQ_SQ":33.761865968632,"NET_PROFIT_RATIO_SQ":-6.380386634,"HOLDER_PROFIT_SQ":-12873109.68,"HOLDER_PROFIT_QOQ_SQ":22.032027883731,"ROE_AVG_SQ":-1.348373950437,"PE_TTM_SQ":-8.57571524282,"PB_TTM_SQ":0.233999419401,"ROA_SQ":-0.237726784299,"START_DATE":"2022-01-01 00:00:00","FISCAL_YEAR":"12-31","CURRENCY":"HKD","IS_CNY_CODE":0,"DPS_HKD_LY":null,"ORG_TYPE":"一般企业","PREMIUM_INCOME":null,"PREMIUM_INCOME_YOY":null,"NET_INTEREST_INCOME":null,"NET_INTEREST_INCOME_YOY":null,"FEE_COMMISSION_INCOME":null,"FEE_COMMISSION_INCOME_YOY":null,"ACCOUNTS_RECE_TDAYS":2.413452682281,"INVENTORY_TDAYS":15.81675242996,"CURRENT_ASSETS_TDAYS":0.166963979133,"TOTAL_ASSETS_TDAYS":0.04111633272,"PREMIUM_EXPENSE":null,"LOAN_DEPOSIT":null,"LOAN_EQUITY":null,"LOAN_ASSETS":null,"DEPOSIT_EQUITY":null,"DEPOSIT_ASSETS":null,"EQUITY_MULTIPLIER":4.088040335969,"EQUITY_RATIO":6.04513731663},{"SECUCODE":"00132.HK","SECURITY_CODE":"00132","SECURITY_NAME_ABBR":"兴业控股","ORG_CODE":"10007412","STD_REPORT_DATE":"2021-12-31 00:00:00","REPORT_DATE":"2021-12-31 00:00:00","DATE_TYPE_CODE":"001","REPORT_TYPE":"2021年年报","PER_NETCASH_OPERATE":-0.481131004427,"PER_OI":0.248692660281,"BPS":0.567859684537,"BASIC_EPS":-0.00744016,"DILUTED_EPS":-0.00744016,"OPERATE_INCOME":425843689.6,"OPERATE_INCOME_YOY":77.4270579619,"GROSS_PROFIT":167802588.8,"GROSS_PROFIT_YOY":27.975588791744,"HOLDER_PROFIT":-12672800,"HOLDER_PROFIT_YOY":81.5192378772,"GROSS_PROFIT_RATIO":39.40473767678,"EPS_TTM":-0.00740091358,"OPERATE_INCOME_QOQ":28.855229225767,"NET_PROFIT_RATIO":2.090253165,"ROE_AVG":-1.328370654835,"GROSS_PROFIT_QOQ":19.200446790138,"ROA":-0.215201978859,"HOLDER_PROFIT_QOQ":76.974018395053,"ROE_YEARLY":-1.328370654835,"ROIC_YEARLY":-0.275975774668,"TOTAL_ASSETS":6785835537.6,"TOTAL_LIABILITIES":4993283512,"TAX_EBT":60.095377842993,"OCF_SALES":-193.464094953211,"TOTAL_PARENT_EQUITY":972362686.4,"DEBT_ASSET_RATIO":73.5839158543,"OPERATE_PROFIT":89088966.4,"PRETAX_PROFIT":22287776,"NETCASH_OPERATE":-823854640,"NETCASH_INVEST":-736119619.2,"NETCASH_FINANCE":1318429056,"END_CASH":430741931.2,"DIVI_RATIO":-0.514277590056,"DIVIDEND_RATE":1.272727272727,"CURRENT_RATIO":0.974566682244,"COMMON_ACS":3000000000,"CURRENTDEBT_DEBT":31.358902418357,"ISSUED_COMMON_SHARES":1712329142,"HK_COMMON_SHARES":1712329142,"PER_SHARES":1000,"TOTAL_MARKET_CAP":565068616.86,"HKSK_MARKET_CAP":565068616.86,"PE_TTM":6.977964865706,"PB_TTM":0.532921713272,"REPORT_DATE_SQ":"2020-12-31 00:00:00","REPORT_TYPE_SQ":"2020年年报","OPERATE_INCOME_SQ":247067630.2,"DPS_HKD":0.0042,"OPERATE_INCOME_QOQ_SQ":37.680732805189,"NET_PROFIT_RATIO_SQ":-22.4952734581,"HOLDER_PROFIT_SQ":-70589188.44,"HOLDER_PROFIT_QOQ_SQ":-452.848654416156,"ROE_AVG_SQ":-7.456515660763,"PE_TTM_SQ":-8.57571524282,"PB_TTM_SQ":0.233999419401,"ROA_SQ":-1.4906375941,"START_DATE":"2021-01-01 00:00:00","FISCAL_YEAR":"12-31","CURRENCY":"HKD","IS_CNY_CODE":0,"DPS_HKD_LY":null,"ORG_TYPE":"一般企业","PREMIUM_INCOME":null,"PREMIUM_INCOME_YOY":null,"NET_INTEREST_INCOME":null,"NET_INTEREST_INCOME_YOY":null,"FEE_COMMISSION_INCOME":null,"FEE_COMMISSION_INCOME_YOY":null,"ACCOUNTS_RECE_TDAYS":4.952207997186,"INVENTORY_TDAYS":24.039913166013,"CURRENT_ASSETS_TDAYS":0.318351709675,"TOTAL_ASSETS_TDAYS":0.072314251536,"PREMIUM_EXPENSE":null,"LOAN_DEPOSIT":null,"LOAN_EQUITY":null,"LOAN_ASSETS":null,"DEPOSIT_EQUITY":null,"DEPOSIT_ASSETS":null,"EQUITY_MULTIPLIER":3.785572435659,"EQUITY_RATIO":5.135206833663},{"SECUCODE":"00132.HK","SECURITY_CODE":"00132","SECURITY_NAME_ABBR":"兴业控股","ORG_CODE":"10007412","STD_REPORT_DATE":"2021-06-30 00:00:00","REPORT_DATE":"2021-06-30 00:00:00","DATE_TYPE_CODE":"002","REPORT_TYPE":"2021年中报","PER_NETCASH_OPERATE":-0.21292537119,"PER_OI":0.099717184256,"BPS":0.559003143661,"BASIC_EPS":-0.00748872,"DILUTED_EPS":-0.00748872,"OPERATE_INCOME":170748640.56,"OPERATE_INCOME_YOY":114.6292228846,"GROSS_PROFIT":64913057.04,"GROSS_PROFIT_YOY":17.467627649134,"HOLDER_PROFIT":-12873109.68,"HOLDER_PROFIT_YOY":50.284392172,"GROSS_PROFIT_RATIO":38.016734321929,"EPS_TTM":-0.032141576879,"OPERATE_INCOME_QOQ":33.761865968632,"NET_PROFIT_RATIO":-6.380386634,"ROE_AVG":-1.348373950437,"GROSS_PROFIT_QOQ":7.361668716774,"ROA":-0.237726784299,"HOLDER_PROFIT_QOQ":22.032027883731,"ROE_YEARLY":-2.696747900873,"ROIC_YEARLY":-0.626733266782,"TOTAL_ASSETS":5750014784.88,"TOTAL_LIABILITIES":4100452796.4,"TAX_EBT":-1455.34441805226,"OCF_SALES":-213.529265570863,"TOTAL_PARENT_EQUITY":957197373.36,"DEBT_ASSET_RATIO":71.3120391826,"OPERATE_PROFIT":15136367.28,"PRETAX_PROFIT":-700611.36,"NETCASH_OPERATE":-364598318.16,"NETCASH_INVEST":-236139311.52,"NETCASH_FINANCE":485228284.08,"END_CASH":555361811.04,"DIVI_RATIO":-0.118417463285,"DIVIDEND_RATE":1.272727272727,"CURRENT_RATIO":0.867740558064,"COMMON_ACS":3000000000,"CURRENTDEBT_DEBT":34.501816676492,"ISSUED_COMMON_SHARES":1712329142,"HK_COMMON_SHARES":1712329142,"PER_SHARES":1000,"TOTAL_MARKET_CAP":565068616.86,"HKSK_MARKET_CAP":565068616.86,"PE_TTM":6.977964865706,"PB_TTM":0.532921713272,"REPORT_DATE_SQ":"2020-06-30 00:00:00","REPORT_TYPE_SQ":"2020年中报","OPERATE_INCOME_SQ":87333998.4,"DPS_HKD":0.0042,"OPERATE_INCOME_QOQ_SQ":24.344593914156,"NET_PROFIT_RATIO_SQ":-18.7624854881,"HOLDER_PROFIT_SQ":-28425339.36,"HOLDER_PROFIT_QOQ_SQ":-67.450203137204,"ROE_AVG_SQ":-2.905642936176,"PE_TTM_SQ":-8.57571524282,"PB_TTM_SQ":0.233999419401,"ROA_SQ":-0.601500939972,"START_DATE":"2021-01-01 00:00:00","FISCAL_YEAR":"12-31","CURRENCY":"HKD","IS_CNY_CODE":0,"DPS_HKD_LY":null,"ORG_TYPE":"一般企业","PREMIUM_INCOME":null,"PREMIUM_INCOME_YOY":null,"NET_INTEREST_INCOME":null,"NET_INTEREST_INCOME_YOY":null,"FEE_COMMISSION_INCOME":null,"FEE_COMMISSION_INCOME_YOY":null,"ACCOUNTS_RECE_TDAYS":2.714450117728,"INVENTORY_TDAYS":10.35023191472,"CURRENT_ASSETS_TDAYS":0.142453024038,"TOTAL_ASSETS_TDAYS":0.031532027811,"PREMIUM_EXPENSE":null,"LOAN_DEPOSIT":null,"LOAN_EQUITY":null,"LOAN_ASSETS":null,"DEPOSIT_EQUITY":null,"DEPOSIT_ASSETS":null,"EQUITY_MULTIPLIER":3.485782786602,"EQUITY_RATIO":4.28381116635},{"SECUCODE":"00132.HK","SECURITY_CODE":"00132","SECURITY_NAME_ABBR":"兴业控股","ORG_CODE":"10007412","STD_REPORT_DATE":"2020-12-31 00:00:00","REPORT_DATE":"2020-12-31 00:00:00","DATE_TYPE_CODE":"001","REPORT_TYPE":"2020年年报","PER_NETCASH_OPERATE":-0.108859363581,"PER_OI":0.144287464448,"BPS":0.562491326846,"BASIC_EPS":-0.04124036,"DILUTED_EPS":-0.04124036,"OPERATE_INCOME":247067630.2,"OPERATE_INCOME_YOY":82.2587154254,"GROSS_PROFIT":131120778.88,"GROSS_PROFIT_YOY":108.272642050024,"HOLDER_PROFIT":-70589188.44,"HOLDER_PROFIT_YOY":-222.239549933,"GROSS_PROFIT_RATIO":53.070804448911,"EPS_TTM":-0.041224077024,"OPERATE_INCOME_QOQ":37.680732805189,"NET_PROFIT_RATIO":-22.4952734581,"ROE_AVG":-7.456515660763,"GROSS_PROFIT_QOQ":46.3178065554,"ROA":-1.4906375941,"HOLDER_PROFIT_QOQ":-452.848654416156,"ROE_YEARLY":-7.456515660763,"ROIC_YEARLY":-2.101587898987,"TOTAL_ASSETS":5138524448.44,"TOTAL_LIABILITIES":3465064703.96,"TAX_EBT":-150.280823749666,"OCF_SALES":-75.44616852038,"TOTAL_PARENT_EQUITY":963170291.08,"DEBT_ASSET_RATIO":67.433068359,"OPERATE_PROFIT":29704000.52,"PRETAX_PROFIT":-22028243.72,"NETCASH_OPERATE":-186403060.64,"NETCASH_INVEST":-133197104.76,"NETCASH_FINANCE":132343681.8,"END_CASH":671850071.32,"DIVI_RATIO":-0.092327694755,"DIVIDEND_RATE":1.272727272727,"CURRENT_RATIO":0.954938051029,"COMMON_ACS":3000000000,"CURRENTDEBT_DEBT":35.754288458283,"ISSUED_COMMON_SHARES":1712329142,"HK_COMMON_SHARES":1712329142,"PER_SHARES":1000,"TOTAL_MARKET_CAP":565068616.86,"HKSK_MARKET_CAP":565068616.86,"PE_TTM":6.977964865706,"PB_TTM":0.532921713272,"REPORT_DATE_SQ":"2019-12-31 00:00:00","REPORT_TYPE_SQ":"2019年年报","OPERATE_INCOME_SQ":144278805.7,"DPS_HKD":0.0042,"OPERATE_INCOME_QOQ_SQ":40.290719240489,"NET_PROFIT_RATIO_SQ":49.6018174257,"HOLDER_PROFIT_SQ":61461257.36,"HOLDER_PROFIT_QOQ_SQ":8.851302338489,"ROE_AVG_SQ":6.539704840203,"PE_TTM_SQ":-8.57571524282,"PB_TTM_SQ":0.233999419401,"ROA_SQ":1.594107388034,"START_DATE":"2020-01-01 00:00:00","FISCAL_YEAR":"12-31","CURRENCY":"HKD","IS_CNY_CODE":0,"DPS_HKD_LY":null,"ORG_TYPE":"一般企业","PREMIUM_INCOME":null,"PREMIUM_INCOME_YOY":null,"NET_INTEREST_INCOME":null,"NET_INTEREST_INCOME_YOY":null,"FEE_COMMISSION_INCOME":null,"FEE_COMMISSION_INCOME_YOY":null,"ACCOUNTS_RECE_TDAYS":4.020612908749,"INVENTORY_TDAYS":13.516777864992,"CURRENT_ASSETS_TDAYS":0.176233364901,"TOTAL_ASSETS_TDAYS":0.052173471037,"PREMIUM_EXPENSE":null,"LOAN_DEPOSIT":null,"LOAN_EQUITY":null,"LOAN_ASSETS":null,"DEPOSIT_EQUITY":null,"DEPOSIT_ASSETS":null,"EQUITY_MULTIPLIER":3.070599376765,"EQUITY_RATIO":3.597561860089},{"SECUCODE":"00132.HK","SECURITY_CODE":"00132","SECURITY_NAME_ABBR":"兴业控股","ORG_CODE":"10007412","STD_REPORT_DATE":"2020-06-30 00:00:00","REPORT_DATE":"2020-06-30 00:00:00","DATE_TYPE_CODE":"002","REPORT_TYPE":"2020年中报","PER_NETCASH_OPERATE":-0.134030088755,"PER_OI":0.0510030439,"BPS":0.553060556485,"BASIC_EPS":-0.016624608,"DILUTED_EPS":-0.016533264,"OPERATE_INCOME":87333998.4,"OPERATE_INCOME_YOY":61.1158856141,"GROSS_PROFIT":55260379.68,"GROSS_PROFIT_YOY":93.191737935417,"HOLDER_PROFIT":-28425339.36,"HOLDER_PROFIT_YOY":-310.0789846756,"GROSS_PROFIT_RATIO":63.27410026043,"EPS_TTM":0.011683217863,"OPERATE_INCOME_QOQ":24.344593914156,"NET_PROFIT_RATIO":-18.7624854881,"ROE_AVG":-2.905642936176,"GROSS_PROFIT_QOQ":42.34062385696,"ROA":-0.601500939972,"HOLDER_PROFIT_QOQ":-67.450203137204,"ROE_YEARLY":-5.811285872351,"ROIC_YEARLY":-1.676249841433,"TOTAL_ASSETS":4749385608,"TOTAL_LIABILITIES":3258439609.92,"TAX_EBT":-263.012023639698,"OCF_SALES":-262.785662737551,"TOTAL_PARENT_EQUITY":947021708.16,"DEBT_ASSET_RATIO":68.6076027272,"OPERATE_PROFIT":20060055.84,"PRETAX_PROFIT":-4482250.08,"NETCASH_OPERATE":-229503626.88,"NETCASH_INVEST":9558236.16,"NETCASH_FINANCE":-20092939.68,"END_CASH":636326053.44,"DIVI_RATIO":0.325777028595,"DIVIDEND_RATE":1.272727272727,"CURRENT_RATIO":1.054334429551,"COMMON_ACS":3000000000,"CURRENTDEBT_DEBT":41.282562489873,"ISSUED_COMMON_SHARES":1712329142,"HK_COMMON_SHARES":1712329142,"PER_SHARES":1000,"TOTAL_MARKET_CAP":565068616.86,"HKSK_MARKET_CAP":565068616.86,"PE_TTM":6.977964865706,"PB_TTM":0.532921713272,"REPORT_DATE_SQ":"2019-06-30 00:00:00","REPORT_TYPE_SQ":"2019年中报","OPERATE_INCOME_SQ":52201663.38,"DPS_HKD":0.0042,"OPERATE_INCOME_QOQ_SQ":47.585400386877,"NET_PROFIT_RATIO_SQ":43.3058658983,"HOLDER_PROFIT_SQ":13030403.58,"HOLDER_PROFIT_QOQ_SQ":52.045253917948,"ROE_AVG_SQ":1.448822471077,"PE_TTM_SQ":-8.57571524282,"PB_TTM_SQ":0.233999419401,"ROA_SQ":0.365497373628,"START_DATE":"2020-01-01 00:00:00","FISCAL_YEAR":"12-31","CURRENCY":"HKD","IS_CNY_CODE":0,"DPS_HKD_LY":null,"ORG_TYPE":"一般企业","PREMIUM_INCOME":null,"PREMIUM_INCOME_YOY":null,"NET_INTEREST_INCOME":null,"NET_INTEREST_INCOME_YOY":null,"FEE_COMMISSION_INCOME":null,"FEE_COMMISSION_INCOME_YOY":null,"ACCOUNTS_RECE_TDAYS":1.101961078103,"INVENTORY_TDAYS":4.069772832638,"CURRENT_ASSETS_TDAYS":0.054974078622,"TOTAL_ASSETS_TDAYS":0.018480705155,"PREMIUM_EXPENSE":null,"LOAN_DEPOSIT":null,"LOAN_EQUITY":null,"LOAN_ASSETS":null,"DEPOSIT_EQUITY":null,"DEPOSIT_ASSETS":null,"EQUITY_MULTIPLIER":3.185484661493,"EQUITY_RATIO":3.440723250422}],"count":46},"success":true,"message":"ok","code":0}