{"version":"66870f1a2401d713851de2c405308d57","result":{"pages":6,"data":[{"SECUCODE":"00136.HK","SECURITY_CODE":"00136","SECURITY_NAME_ABBR":"中国儒意","ORG_CODE":"10007415","STD_REPORT_DATE":"2024-06-30 00:00:00","REPORT_DATE":"2024-06-30 00:00:00","DATE_TYPE_CODE":"002","REPORT_TYPE":"2024年中报","PER_NETCASH_OPERATE":0.015931996426,"PER_OI":0.147110023963,"BPS":0.828348248383,"BASIC_EPS":-0.0098,"DILUTED_EPS":-0.0098,"OPERATE_INCOME":1839559000,"OPERATE_INCOME_YOY":128.7849353776,"GROSS_PROFIT":1264092000,"GROSS_PROFIT_YOY":466.083022976988,"HOLDER_PROFIT":-114653000,"HOLDER_PROFIT_YOY":56.281029552,"GROSS_PROFIT_RATIO":68.717121875406,"EPS_TTM":0.066963502729,"OPERATE_INCOME_QOQ":28.547904237015,"NET_PROFIT_RATIO":-6.6677937484,"ROE_AVG":-0.98323969646,"GROSS_PROFIT_QOQ":138.623390695643,"ROA":-0.642666129752,"HOLDER_PROFIT_QOQ":21.398374502362,"ROE_YEARLY":-1.96647939292,"ROIC_YEARLY":-1.417581463441,"TOTAL_ASSETS":18999266000,"TOTAL_LIABILITIES":6719900000,"TAX_EBT":304.3142219409,"OCF_SALES":10.829986969703,"TOTAL_PARENT_EQUITY":12283935000,"DEBT_ASSET_RATIO":35.3692611072,"OPERATE_PROFIT":62568000,"PRETAX_PROFIT":60034000,"NETCASH_OPERATE":199224000,"NETCASH_INVEST":606022000,"NETCASH_FINANCE":1383139000,"END_CASH":2764926000,"DIVI_RATIO":null,"DIVIDEND_RATE":null,"CURRENT_RATIO":2.018504269649,"COMMON_ACS":100000000000,"CURRENTDEBT_DEBT":66.646646527478,"ISSUED_COMMON_SHARES":14829433181,"HK_COMMON_SHARES":14829433181,"PER_SHARES":4000,"TOTAL_MARKET_CAP":34552579311.73,"HKSK_MARKET_CAP":34552579311.73,"PE_TTM":37.558894324392,"PB_TTM":2.567210595483,"REPORT_DATE_SQ":"2023-06-30 00:00:00","REPORT_TYPE_SQ":"2023年中报","OPERATE_INCOME_SQ":804056000,"DPS_HKD":null,"OPERATE_INCOME_QOQ_SQ":11.535401931014,"NET_PROFIT_RATIO_SQ":-32.7901290457,"HOLDER_PROFIT_SQ":-262250000,"HOLDER_PROFIT_QOQ_SQ":-51.891707039042,"ROE_AVG_SQ":-3.344060680452,"PE_TTM_SQ":43.141701237008,"PB_TTM_SQ":2.201957486528,"ROA_SQ":-1.996789071804,"START_DATE":"2024-01-01 00:00:00","FISCAL_YEAR":"12-31","CURRENCY":"HKD","IS_CNY_CODE":0,"DPS_HKD_LY":null,"ORG_TYPE":"一般企业","PREMIUM_INCOME":null,"PREMIUM_INCOME_YOY":null,"NET_INTEREST_INCOME":null,"NET_INTEREST_INCOME_YOY":null,"FEE_COMMISSION_INCOME":null,"FEE_COMMISSION_INCOME_YOY":null,"ACCOUNTS_RECE_TDAYS":0.708291188247,"INVENTORY_TDAYS":203.813352222419,"CURRENT_ASSETS_TDAYS":0.233833704888,"TOTAL_ASSETS_TDAYS":0.103113068387,"PREMIUM_EXPENSE":null,"LOAN_DEPOSIT":null,"LOAN_EQUITY":null,"LOAN_ASSETS":null,"DEPOSIT_EQUITY":null,"DEPOSIT_ASSETS":null,"EQUITY_MULTIPLIER":1.547251380893,"EQUITY_RATIO":0.547047831171},{"SECUCODE":"00136.HK","SECURITY_CODE":"00136","SECURITY_NAME_ABBR":"中国儒意","ORG_CODE":"10007415","STD_REPORT_DATE":"2023-12-31 00:00:00","REPORT_DATE":"2023-12-31 00:00:00","DATE_TYPE_CODE":"001","REPORT_TYPE":"2023年年报","PER_NETCASH_OPERATE":0.046887519753,"PER_OI":0.313074320389,"BPS":0.744299520102,"BASIC_EPS":0.0655,"DILUTED_EPS":0.05968,"OPERATE_INCOME":3627247000,"OPERATE_INCOME_YOY":174.8064288355,"GROSS_PROFIT":1160983000,"GROSS_PROFIT_YOY":343.775395141716,"HOLDER_PROFIT":689758000,"HOLDER_PROFIT_YOY":-12.6363319718,"GROSS_PROFIT_RATIO":32.007277144347,"EPS_TTM":0.059534274088,"OPERATE_INCOME_QOQ":146.384936152812,"NET_PROFIT_RATIO":18.8170256947,"ROE_AVG":7.257257291486,"GROSS_PROFIT_QOQ":365.332367366155,"ROA":4.613746289439,"HOLDER_PROFIT_QOQ":81.59793800862,"ROE_YEARLY":7.257257291486,"ROIC_YEARLY":4.902702475443,"TOTAL_ASSETS":16681158000,"TOTAL_LIABILITIES":5645174000,"TAX_EBT":30.061675326898,"OCF_SALES":14.976482164021,"TOTAL_PARENT_EQUITY":11037540000,"DEBT_ASSET_RATIO":33.8416193888,"OPERATE_PROFIT":981921000,"PRETAX_PROFIT":975917000,"NETCASH_OPERATE":543234000,"NETCASH_INVEST":-3337182000,"NETCASH_FINANCE":2170887000,"END_CASH":569902000,"DIVI_RATIO":null,"DIVIDEND_RATE":null,"CURRENT_RATIO":1.956713739086,"COMMON_ACS":100000000000,"CURRENTDEBT_DEBT":60.599903563646,"ISSUED_COMMON_SHARES":14829433181,"HK_COMMON_SHARES":14829433181,"PER_SHARES":4000,"TOTAL_MARKET_CAP":35442345302.59,"HKSK_MARKET_CAP":35442345302.59,"PE_TTM":38.526076152488,"PB_TTM":2.633319022835,"REPORT_DATE_SQ":"2022-12-31 00:00:00","REPORT_TYPE_SQ":"2022年年报","OPERATE_INCOME_SQ":1319928000,"DPS_HKD":null,"OPERATE_INCOME_QOQ_SQ":-16.189140948981,"NET_PROFIT_RATIO_SQ":59.6662848277,"HOLDER_PROFIT_SQ":789525000,"HOLDER_PROFIT_QOQ_SQ":-79.062512928058,"ROE_AVG_SQ":11.623918159607,"PE_TTM_SQ":47.483004506141,"PB_TTM_SQ":2.423538114104,"ROA_SQ":6.623848345775,"START_DATE":"2023-01-01 00:00:00","FISCAL_YEAR":"12-31","CURRENCY":"HKD","IS_CNY_CODE":0,"DPS_HKD_LY":null,"ORG_TYPE":"一般企业","PREMIUM_INCOME":null,"PREMIUM_INCOME_YOY":null,"NET_INTEREST_INCOME":null,"NET_INTEREST_INCOME_YOY":null,"FEE_COMMISSION_INCOME":null,"FEE_COMMISSION_INCOME_YOY":null,"ACCOUNTS_RECE_TDAYS":2.163304985252,"INVENTORY_TDAYS":1269.30725681935,"CURRENT_ASSETS_TDAYS":0.609887439965,"TOTAL_ASSETS_TDAYS":0.242624186847,"PREMIUM_EXPENSE":null,"LOAN_DEPOSIT":null,"LOAN_EQUITY":null,"LOAN_ASSETS":null,"DEPOSIT_EQUITY":null,"DEPOSIT_ASSETS":null,"EQUITY_MULTIPLIER":1.511524300869,"EQUITY_RATIO":0.511452189528},{"SECUCODE":"00136.HK","SECURITY_CODE":"00136","SECURITY_NAME_ABBR":"中国儒意","ORG_CODE":"10007415","STD_REPORT_DATE":"2023-06-30 00:00:00","REPORT_DATE":"2023-06-30 00:00:00","DATE_TYPE_CODE":"002","REPORT_TYPE":"2023年中报","PER_NETCASH_OPERATE":-0.012005420427,"PER_OI":0.080368248495,"BPS":0.520133501116,"BASIC_EPS":-0.0262,"DILUTED_EPS":-0.0262,"OPERATE_INCOME":804056000,"OPERATE_INCOME_YOY":23.3598804536,"GROSS_PROFIT":-345302000,"GROSS_PROFIT_YOY":-197.578496118642,"HOLDER_PROFIT":-262250000,"HOLDER_PROFIT_YOY":-277.8593131138,"GROSS_PROFIT_RATIO":-42.945018754913,"EPS_TTM":0.03796505557,"OPERATE_INCOME_QOQ":11.535401931014,"NET_PROFIT_RATIO":-32.7901290457,"ROE_AVG":-3.344060680452,"GROSS_PROFIT_QOQ":-267.252642241462,"ROA":-1.996789071804,"HOLDER_PROFIT_QOQ":-51.891707039042,"ROE_YEARLY":-6.688121360903,"ROIC_YEARLY":-4.33807203259,"TOTAL_ASSETS":13048202000,"TOTAL_LIABILITIES":5332126000,"TAX_EBT":23.821425269289,"OCF_SALES":-14.938014267663,"TOTAL_PARENT_EQUITY":7713285000,"DEBT_ASSET_RATIO":40.8648333311,"OPERATE_PROFIT":-335883000,"PRETAX_PROFIT":-346096000,"NETCASH_OPERATE":-120110000,"NETCASH_INVEST":-208412000,"NETCASH_FINANCE":-7939000,"END_CASH":889219000,"DIVI_RATIO":null,"DIVIDEND_RATE":null,"CURRENT_RATIO":1.74163669434,"COMMON_ACS":100000000000,"CURRENTDEBT_DEBT":57.555691669702,"ISSUED_COMMON_SHARES":14829433181,"HK_COMMON_SHARES":14829433181,"PER_SHARES":4000,"TOTAL_MARKET_CAP":35442345302.59,"HKSK_MARKET_CAP":35442345302.59,"PE_TTM":38.526076152488,"PB_TTM":2.633319022835,"REPORT_DATE_SQ":"2022-06-30 00:00:00","REPORT_TYPE_SQ":"2022年中报","OPERATE_INCOME_SQ":651797000,"DPS_HKD":null,"OPERATE_INCOME_QOQ_SQ":-32.062151767026,"NET_PROFIT_RATIO_SQ":22.4866024238,"HOLDER_PROFIT_SQ":147448000,"HOLDER_PROFIT_QOQ_SQ":220.832372617602,"ROE_AVG_SQ":2.543463937824,"PE_TTM_SQ":47.483004506141,"PB_TTM_SQ":2.423538114104,"ROA_SQ":1.342279068747,"START_DATE":"2023-01-01 00:00:00","FISCAL_YEAR":"12-31","CURRENCY":"HKD","IS_CNY_CODE":0,"DPS_HKD_LY":null,"ORG_TYPE":"一般企业","PREMIUM_INCOME":null,"PREMIUM_INCOME_YOY":null,"NET_INTEREST_INCOME":null,"NET_INTEREST_INCOME_YOY":null,"FEE_COMMISSION_INCOME":null,"FEE_COMMISSION_INCOME_YOY":null,"ACCOUNTS_RECE_TDAYS":0.889588610518,"INVENTORY_TDAYS":998.573414422242,"CURRENT_ASSETS_TDAYS":0.152486489813,"TOTAL_ASSETS_TDAYS":0.06122136259,"PREMIUM_EXPENSE":null,"LOAN_DEPOSIT":null,"LOAN_EQUITY":null,"LOAN_ASSETS":null,"DEPOSIT_EQUITY":null,"DEPOSIT_ASSETS":null,"EQUITY_MULTIPLIER":1.691041145786,"EQUITY_RATIO":0.691291194348},{"SECUCODE":"00136.HK","SECURITY_CODE":"00136","SECURITY_NAME_ABBR":"中国儒意","ORG_CODE":"10007415","STD_REPORT_DATE":"2022-12-31 00:00:00","REPORT_DATE":"2022-12-31 00:00:00","DATE_TYPE_CODE":"001","REPORT_TYPE":"2022年年报","PER_NETCASH_OPERATE":-0.032241315703,"PER_OI":0.131931484249,"BPS":0.537528232044,"BASIC_EPS":0.0843,"DILUTED_EPS":0.07629,"OPERATE_INCOME":1319928000,"OPERATE_INCOME_YOY":-43.0607057752,"GROSS_PROFIT":261615000,"GROSS_PROFIT_YOY":-74.656290808201,"HOLDER_PROFIT":789525000,"HOLDER_PROFIT_YOY":-32.8257634606,"GROSS_PROFIT_RATIO":19.820399294507,"EPS_TTM":0.078915823516,"OPERATE_INCOME_QOQ":-16.189140948981,"NET_PROFIT_RATIO":59.6662848277,"ROE_AVG":11.623918159607,"GROSS_PROFIT_QOQ":-70.940029480405,"ROA":6.623848345775,"HOLDER_PROFIT_QOQ":-79.062512928058,"ROE_YEARLY":11.623918159607,"ROIC_YEARLY":7.344650558964,"TOTAL_ASSETS":13218969000,"TOTAL_LIABILITIES":5243538000,"TAX_EBT":7.329488692591,"OCF_SALES":-24.437923886758,"TOTAL_PARENT_EQUITY":7971239000,"DEBT_ASSET_RATIO":39.6667697761,"OPERATE_PROFIT":883747000,"PRETAX_PROFIT":849841000,"NETCASH_OPERATE":-322563000,"NETCASH_INVEST":-1351439000,"NETCASH_FINANCE":1676190000,"END_CASH":1189720000,"DIVI_RATIO":null,"DIVIDEND_RATE":null,"CURRENT_RATIO":2.547509235485,"COMMON_ACS":100000000000,"CURRENTDEBT_DEBT":38.935199859332,"ISSUED_COMMON_SHARES":14829433181,"HK_COMMON_SHARES":14829433181,"PER_SHARES":4000,"TOTAL_MARKET_CAP":35442345302.59,"HKSK_MARKET_CAP":35442345302.59,"PE_TTM":38.526076152488,"PB_TTM":2.633319022835,"REPORT_DATE_SQ":"2021-12-31 00:00:00","REPORT_TYPE_SQ":"2021年年报","OPERATE_INCOME_SQ":2318132000,"DPS_HKD":null,"OPERATE_INCOME_QOQ_SQ":53.328385831094,"NET_PROFIT_RATIO_SQ":50.6292135219,"HOLDER_PROFIT_SQ":1175339000,"HOLDER_PROFIT_QOQ_SQ":148.105772705822,"ROE_AVG_SQ":34.587008246549,"PE_TTM_SQ":47.483004506141,"PB_TTM_SQ":2.423538114104,"ROA_SQ":19.765002207576,"START_DATE":"2022-01-01 00:00:00","FISCAL_YEAR":"12-31","CURRENCY":"HKD","IS_CNY_CODE":0,"DPS_HKD_LY":null,"ORG_TYPE":"一般企业","PREMIUM_INCOME":null,"PREMIUM_INCOME_YOY":null,"NET_INTEREST_INCOME":null,"NET_INTEREST_INCOME_YOY":null,"FEE_COMMISSION_INCOME":null,"FEE_COMMISSION_INCOME_YOY":null,"ACCOUNTS_RECE_TDAYS":1.321552849228,"INVENTORY_TDAYS":652.675300647549,"CURRENT_ASSETS_TDAYS":0.287132811608,"TOTAL_ASSETS_TDAYS":0.110737505454,"PREMIUM_EXPENSE":null,"LOAN_DEPOSIT":null,"LOAN_EQUITY":null,"LOAN_ASSETS":null,"DEPOSIT_EQUITY":null,"DEPOSIT_ASSETS":null,"EQUITY_MULTIPLIER":1.657461396131,"EQUITY_RATIO":0.657807148926},{"SECUCODE":"00136.HK","SECURITY_CODE":"00136","SECURITY_NAME_ABBR":"中国儒意","ORG_CODE":"10007415","STD_REPORT_DATE":"2022-06-30 00:00:00","REPORT_DATE":"2022-06-30 00:00:00","DATE_TYPE_CODE":"002","REPORT_TYPE":"2022年中报","PER_NETCASH_OPERATE":-0.100670815813,"PER_OI":0.069676275548,"BPS":0.403320607538,"BASIC_EPS":0.0159,"DILUTED_EPS":0.0154,"OPERATE_INCOME":651797000,"OPERATE_INCOME_YOY":-53.2775404289,"GROSS_PROFIT":353871000,"GROSS_PROFIT_YOY":-27.169054087429,"HOLDER_PROFIT":147448000,"HOLDER_PROFIT_YOY":106.0230033238,"GROSS_PROFIT_RATIO":54.291596923582,"EPS_TTM":0.403101023514,"OPERATE_INCOME_QOQ":-32.062151767026,"NET_PROFIT_RATIO":22.4866024238,"ROE_AVG":2.543463937824,"GROSS_PROFIT_QOQ":-12.788248788105,"ROA":1.342279068747,"HOLDER_PROFIT_QOQ":220.832372617602,"ROE_YEARLY":5.086927875648,"ROIC_YEARLY":2.896516540473,"TOTAL_ASSETS":11349906000,"TOTAL_LIABILITIES":5363606000,"TAX_EBT":33.99845091099,"OCF_SALES":-144.483635242261,"TOTAL_PARENT_EQUITY":5981016000,"DEBT_ASSET_RATIO":47.2568319068,"OPERATE_PROFIT":248893000,"PRETAX_PROFIT":222066000,"NETCASH_OPERATE":-941740000,"NETCASH_INVEST":-1045000,"NETCASH_FINANCE":243001000,"END_CASH":456772000,"DIVI_RATIO":null,"DIVIDEND_RATE":null,"CURRENT_RATIO":1.665970938079,"COMMON_ACS":100000000000,"CURRENTDEBT_DEBT":50.523267369005,"ISSUED_COMMON_SHARES":14829433181,"HK_COMMON_SHARES":14829433181,"PER_SHARES":4000,"TOTAL_MARKET_CAP":35442345302.59,"HKSK_MARKET_CAP":35442345302.59,"PE_TTM":38.526076152488,"PB_TTM":2.633319022835,"REPORT_DATE_SQ":"2021-06-30 00:00:00","REPORT_TYPE_SQ":"2021年中报","OPERATE_INCOME_SQ":1395040000,"DPS_HKD":null,"OPERATE_INCOME_QOQ_SQ":557.010872871707,"NET_PROFIT_RATIO_SQ":-175.5351817869,"HOLDER_PROFIT_SQ":-2448081000,"HOLDER_PROFIT_QOQ_SQ":-20423.0660455831,"ROE_AVG_SQ":-154.194480171422,"PE_TTM_SQ":47.483004506141,"PB_TTM_SQ":2.423538114104,"ROA_SQ":-51.106834488331,"START_DATE":"2022-01-01 00:00:00","FISCAL_YEAR":"12-31","CURRENCY":"HKD","IS_CNY_CODE":0,"DPS_HKD_LY":null,"ORG_TYPE":"一般企业","PREMIUM_INCOME":null,"PREMIUM_INCOME_YOY":null,"NET_INTEREST_INCOME":null,"NET_INTEREST_INCOME_YOY":null,"FEE_COMMISSION_INCOME":null,"FEE_COMMISSION_INCOME_YOY":null,"ACCOUNTS_RECE_TDAYS":0.377054633258,"INVENTORY_TDAYS":164.69098949696,"CURRENT_ASSETS_TDAYS":0.153229446519,"TOTAL_ASSETS_TDAYS":0.059335729896,"PREMIUM_EXPENSE":null,"LOAN_DEPOSIT":null,"LOAN_EQUITY":null,"LOAN_ASSETS":null,"DEPOSIT_EQUITY":null,"DEPOSIT_ASSETS":null,"EQUITY_MULTIPLIER":1.895980154686,"EQUITY_RATIO":0.896771719052},{"SECUCODE":"00136.HK","SECURITY_CODE":"00136","SECURITY_NAME_ABBR":"中国儒意","ORG_CODE":"10007415","STD_REPORT_DATE":"2021-12-31 00:00:00","REPORT_DATE":"2021-12-31 00:00:00","DATE_TYPE_CODE":"001","REPORT_TYPE":"2021年年报","PER_NETCASH_OPERATE":-0.158907526557,"PER_OI":0.251025498126,"BPS":0.378520940854,"BASIC_EPS":0.12792,"DILUTED_EPS":0.11056,"OPERATE_INCOME":2318132000,"OPERATE_INCOME_YOY":907.384166109,"GROSS_PROFIT":1032268000,"GROSS_PROFIT_YOY":836.535355918056,"HOLDER_PROFIT":1175339000,"HOLDER_PROFIT_YOY":9676.5679587423,"GROSS_PROFIT_RATIO":44.53016480511,"EPS_TTM":0.12727491702,"OPERATE_INCOME_QOQ":53.328385831094,"NET_PROFIT_RATIO":50.6292135219,"ROE_AVG":34.587008246549,"GROSS_PROFIT_QOQ":93.958046793383,"ROA":19.765002207576,"HOLDER_PROFIT_QOQ":148.105772705822,"ROE_YEARLY":34.587008246549,"ROIC_YEARLY":24.192858002228,"TOTAL_ASSETS":10619892000,"TOTAL_LIABILITIES":5000476000,"TAX_EBT":10.776376857318,"OCF_SALES":-63.303340793363,"TOTAL_PARENT_EQUITY":5613251000,"DEBT_ASSET_RATIO":47.0859402337,"OPERATE_PROFIT":967614000,"PRETAX_PROFIT":1315405000,"NETCASH_OPERATE":-1467455000,"NETCASH_INVEST":-134983000,"NETCASH_FINANCE":1710036000,"END_CASH":1139463000,"DIVI_RATIO":null,"DIVIDEND_RATE":null,"CURRENT_RATIO":2.314746687506,"COMMON_ACS":100000000000,"CURRENTDEBT_DEBT":34.496395943106,"ISSUED_COMMON_SHARES":14829433181,"HK_COMMON_SHARES":14829433181,"PER_SHARES":4000,"TOTAL_MARKET_CAP":35442345302.59,"HKSK_MARKET_CAP":35442345302.59,"PE_TTM":38.526076152488,"PB_TTM":2.633319022835,"REPORT_DATE_SQ":"2020-12-31 00:00:00","REPORT_TYPE_SQ":"2020年年报","OPERATE_INCOME_SQ":230114000,"DPS_HKD":null,"OPERATE_INCOME_QOQ_SQ":-19.668079342582,"NET_PROFIT_RATIO_SQ":5.2243670529,"HOLDER_PROFIT_SQ":12022000,"HOLDER_PROFIT_QOQ_SQ":-72.458821103755,"ROE_AVG_SQ":1.034275540399,"PE_TTM_SQ":47.483004506141,"PB_TTM_SQ":2.423538114104,"ROA_SQ":0.855339969534,"START_DATE":"2021-01-01 00:00:00","FISCAL_YEAR":"12-31","CURRENCY":"HKD","IS_CNY_CODE":0,"DPS_HKD_LY":null,"ORG_TYPE":"一般企业","PREMIUM_INCOME":null,"PREMIUM_INCOME_YOY":null,"NET_INTEREST_INCOME":null,"NET_INTEREST_INCOME_YOY":null,"FEE_COMMISSION_INCOME":null,"FEE_COMMISSION_INCOME_YOY":null,"ACCOUNTS_RECE_TDAYS":3.812140268249,"INVENTORY_TDAYS":231.749842299721,"CURRENT_ASSETS_TDAYS":0.886940977783,"TOTAL_ASSETS_TDAYS":0.389826969899,"PREMIUM_EXPENSE":null,"LOAN_DEPOSIT":null,"LOAN_EQUITY":null,"LOAN_ASSETS":null,"DEPOSIT_EQUITY":null,"DEPOSIT_ASSETS":null,"EQUITY_MULTIPLIER":1.889856881926,"EQUITY_RATIO":0.890834206416},{"SECUCODE":"00136.HK","SECURITY_CODE":"00136","SECURITY_NAME_ABBR":"中国儒意","ORG_CODE":"10007415","STD_REPORT_DATE":"2021-06-30 00:00:00","REPORT_DATE":"2021-06-30 00:00:00","DATE_TYPE_CODE":"002","REPORT_TYPE":"2021年中报","PER_NETCASH_OPERATE":-0.051518479474,"PER_OI":0.151065862904,"BPS":0.134337433918,"BASIC_EPS":-0.2687,"DILUTED_EPS":-0.2687,"OPERATE_INCOME":1395040000,"OPERATE_INCOME_YOY":1131.4971751412,"GROSS_PROFIT":485880000,"GROSS_PROFIT_YOY":660.494600093911,"HOLDER_PROFIT":-2448081000,"HOLDER_PROFIT_YOY":-34195.8356545961,"GROSS_PROFIT_RATIO":34.829108842757,"EPS_TTM":-0.26457306444,"OPERATE_INCOME_QOQ":557.010872871707,"NET_PROFIT_RATIO":-175.5351817869,"ROE_AVG":-154.194480171422,"GROSS_PROFIT_QOQ":382.854602529441,"ROA":-51.106834488331,"HOLDER_PROFIT_QOQ":-20423.0660455831,"ROE_YEARLY":-308.388960342845,"ROIC_YEARLY":-123.171531814738,"TOTAL_ASSETS":8307008000,"TOTAL_LIABILITIES":6313712000,"TAX_EBT":-2.01455740393,"OCF_SALES":-34.103323202202,"TOTAL_PARENT_EQUITY":1992148000,"DEBT_ASSET_RATIO":76.004645716,"OPERATE_PROFIT":-2397992000,"PRETAX_PROFIT":-2400428000,"NETCASH_OPERATE":-475755000,"NETCASH_INVEST":58640000,"NETCASH_FINANCE":-12866000,"END_CASH":597857000,"DIVI_RATIO":null,"DIVIDEND_RATE":null,"CURRENT_RATIO":0.638347345635,"COMMON_ACS":100000000000,"CURRENTDEBT_DEBT":36.884593405591,"ISSUED_COMMON_SHARES":14829433181,"HK_COMMON_SHARES":14829433181,"PER_SHARES":4000,"TOTAL_MARKET_CAP":35442345302.59,"HKSK_MARKET_CAP":35442345302.59,"PE_TTM":38.526076152488,"PB_TTM":2.633319022835,"REPORT_DATE_SQ":"2020-06-30 00:00:00","REPORT_TYPE_SQ":"2020年中报","OPERATE_INCOME_SQ":113280000,"DPS_HKD":null,"OPERATE_INCOME_QOQ_SQ":-15.074414467833,"NET_PROFIT_RATIO_SQ":6.3382768362,"HOLDER_PROFIT_SQ":7180000,"HOLDER_PROFIT_QOQ_SQ":-51.533892188975,"ROE_AVG_SQ":0.623247117482,"PE_TTM_SQ":47.483004506141,"PB_TTM_SQ":2.423538114104,"ROA_SQ":0.502717158234,"START_DATE":"2021-01-01 00:00:00","FISCAL_YEAR":"12-31","CURRENCY":"HKD","IS_CNY_CODE":0,"DPS_HKD_LY":null,"ORG_TYPE":"一般企业","PREMIUM_INCOME":null,"PREMIUM_INCOME_YOY":null,"NET_INTEREST_INCOME":null,"NET_INTEREST_INCOME_YOY":null,"FEE_COMMISSION_INCOME":null,"FEE_COMMISSION_INCOME_YOY":null,"ACCOUNTS_RECE_TDAYS":4.580351675556,"INVENTORY_TDAYS":103.667046750285,"CURRENT_ASSETS_TDAYS":1.025415612185,"TOTAL_ASSETS_TDAYS":0.291232513894,"PREMIUM_EXPENSE":null,"LOAN_DEPOSIT":null,"LOAN_EQUITY":null,"LOAN_ASSETS":null,"DEPOSIT_EQUITY":null,"DEPOSIT_ASSETS":null,"EQUITY_MULTIPLIER":4.167473370738,"EQUITY_RATIO":3.169298666565},{"SECUCODE":"00136.HK","SECURITY_CODE":"00136","SECURITY_NAME_ABBR":"中国儒意","ORG_CODE":"10007415","STD_REPORT_DATE":"2020-12-31 00:00:00","REPORT_DATE":"2020-12-31 00:00:00","DATE_TYPE_CODE":"001","REPORT_TYPE":"2020年年报","PER_NETCASH_OPERATE":-0.002906049497,"PER_OI":0.002847833957,"BPS":0.07978511286,"BASIC_EPS":0.00149,"DILUTED_EPS":0.00149,"OPERATE_INCOME":230114000,"OPERATE_INCOME_YOY":-31.7776460125,"GROSS_PROFIT":110222000,"GROSS_PROFIT_YOY":-45.539799397203,"HOLDER_PROFIT":12022000,"HOLDER_PROFIT_YOY":-86.6518625437,"GROSS_PROFIT_RATIO":47.898867517839,"EPS_TTM":0.000148781299,"OPERATE_INCOME_QOQ":-19.668079342582,"NET_PROFIT_RATIO":5.2243670529,"ROE_AVG":1.034275540399,"GROSS_PROFIT_QOQ":-32.404437603106,"ROA":0.855339969534,"HOLDER_PROFIT_QOQ":-72.458821103755,"ROE_YEARLY":1.034275540399,"ROIC_YEARLY":5.152436607072,"TOTAL_ASSETS":1273241000,"TOTAL_LIABILITIES":90073000,"TAX_EBT":25.458829365079,"OCF_SALES":-102.04420417706,"TOTAL_PARENT_EQUITY":1183168000,"DEBT_ASSET_RATIO":7.0743087915,"OPERATE_PROFIT":5180000,"PRETAX_PROFIT":16128000,"NETCASH_OPERATE":-234818000,"NETCASH_INVEST":-16942000,"NETCASH_FINANCE":13577000,"END_CASH":1031092000,"DIVI_RATIO":null,"DIVIDEND_RATE":null,"CURRENT_RATIO":15.772034959495,"COMMON_ACS":100000000000,"CURRENTDEBT_DEBT":86.887302521288,"ISSUED_COMMON_SHARES":14829433181,"HK_COMMON_SHARES":14829433181,"PER_SHARES":4000,"TOTAL_MARKET_CAP":35442345302.59,"HKSK_MARKET_CAP":35442345302.59,"PE_TTM":38.526076152488,"PB_TTM":2.633319022835,"REPORT_DATE_SQ":"2019-12-31 00:00:00","REPORT_TYPE_SQ":"2019年年报","OPERATE_INCOME_SQ":337300000,"DPS_HKD":null,"OPERATE_INCOME_QOQ_SQ":-22.146746343344,"NET_PROFIT_RATIO_SQ":27.2970649274,"HOLDER_PROFIT_SQ":90065000,"HOLDER_PROFIT_QOQ_SQ":16.832492314079,"ROE_AVG_SQ":8.252891352584,"PE_TTM_SQ":47.483004506141,"PB_TTM_SQ":2.423538114104,"ROA_SQ":6.065416117245,"START_DATE":"2020-01-01 00:00:00","FISCAL_YEAR":"12-31","CURRENCY":"HKD","IS_CNY_CODE":0,"DPS_HKD_LY":null,"ORG_TYPE":"一般企业","PREMIUM_INCOME":null,"PREMIUM_INCOME_YOY":null,"NET_INTEREST_INCOME":null,"NET_INTEREST_INCOME_YOY":null,"FEE_COMMISSION_INCOME":null,"FEE_COMMISSION_INCOME_YOY":null,"ACCOUNTS_RECE_TDAYS":1.732251338066,"INVENTORY_TDAYS":6.123656051281,"CURRENT_ASSETS_TDAYS":0.168955181142,"TOTAL_ASSETS_TDAYS":0.163721262477,"PREMIUM_EXPENSE":null,"LOAN_DEPOSIT":null,"LOAN_EQUITY":null,"LOAN_ASSETS":null,"DEPOSIT_EQUITY":null,"DEPOSIT_ASSETS":null,"EQUITY_MULTIPLIER":1.076128664737,"EQUITY_RATIO":0.076128664737},{"SECUCODE":"00136.HK","SECURITY_CODE":"00136","SECURITY_NAME_ABBR":"中国儒意","ORG_CODE":"10007415","STD_REPORT_DATE":"2020-06-30 00:00:00","REPORT_DATE":"2020-06-30 00:00:00","DATE_TYPE_CODE":"002","REPORT_TYPE":"2020年中报","PER_NETCASH_OPERATE":-0.002589929998,"PER_OI":0.00151826117,"BPS":0.078392139862,"BASIC_EPS":0.000089,"DILUTED_EPS":0.000089,"OPERATE_INCOME":113280000,"OPERATE_INCOME_YOY":-30.9798569392,"GROSS_PROFIT":63890000,"GROSS_PROFIT_YOY":-38.10248113235,"HOLDER_PROFIT":7180000,"HOLDER_PROFIT_YOY":-86.6029779453,"GROSS_PROFIT_RATIO":56.400070621469,"EPS_TTM":0.000585042535,"OPERATE_INCOME_QOQ":-15.074414467833,"NET_PROFIT_RATIO":6.3382768362,"ROE_AVG":0.623247117482,"GROSS_PROFIT_QOQ":-19.432284203765,"ROA":0.502717158234,"HOLDER_PROFIT_QOQ":-51.533892188975,"ROE_YEARLY":1.246494234964,"ROIC_YEARLY":6.341411714831,"TOTAL_ASSETS":1318672000,"TOTAL_LIABILITIES":156161000,"TAX_EBT":51.391239591091,"OCF_SALES":-170.585275423729,"TOTAL_PARENT_EQUITY":1162511000,"DEBT_ASSET_RATIO":11.8422928522,"OPERATE_PROFIT":8922000,"PRETAX_PROFIT":14771000,"NETCASH_OPERATE":-193239000,"NETCASH_INVEST":-9363000,"NETCASH_FINANCE":-33807000,"END_CASH":1090280000,"DIVI_RATIO":null,"DIVIDEND_RATE":null,"CURRENT_RATIO":8.755139518409,"COMMON_ACS":100000000000,"CURRENTDEBT_DEBT":93.10455235302,"ISSUED_COMMON_SHARES":14829433181,"HK_COMMON_SHARES":14829433181,"PER_SHARES":4000,"TOTAL_MARKET_CAP":35442345302.59,"HKSK_MARKET_CAP":35442345302.59,"PE_TTM":38.526076152488,"PB_TTM":2.633319022835,"REPORT_DATE_SQ":"2019-06-30 00:00:00","REPORT_TYPE_SQ":"2019年中报","OPERATE_INCOME_SQ":164126000,"DPS_HKD":null,"OPERATE_INCOME_QOQ_SQ":-13.248995332576,"NET_PROFIT_RATIO_SQ":32.6164044697,"HOLDER_PROFIT_SQ":53594000,"HOLDER_PROFIT_QOQ_SQ":-38.079135072613,"ROE_AVG_SQ":5.017763091063,"PE_TTM_SQ":47.483004506141,"PB_TTM_SQ":2.423538114104,"ROA_SQ":3.833930723274,"START_DATE":"2020-01-01 00:00:00","FISCAL_YEAR":"12-31","CURRENCY":"HKD","IS_CNY_CODE":0,"DPS_HKD_LY":null,"ORG_TYPE":"一般企业","PREMIUM_INCOME":null,"PREMIUM_INCOME_YOY":null,"NET_INTEREST_INCOME":null,"NET_INTEREST_INCOME_YOY":null,"FEE_COMMISSION_INCOME":null,"FEE_COMMISSION_INCOME_YOY":null,"ACCOUNTS_RECE_TDAYS":1.043675343999,"INVENTORY_TDAYS":1.632862220018,"CURRENT_ASSETS_TDAYS":0.082011185318,"TOTAL_ASSETS_TDAYS":0.079314484241,"PREMIUM_EXPENSE":null,"LOAN_DEPOSIT":null,"LOAN_EQUITY":null,"LOAN_ASSETS":null,"DEPOSIT_EQUITY":null,"DEPOSIT_ASSETS":null,"EQUITY_MULTIPLIER":1.134330771924,"EQUITY_RATIO":0.134330771924}],"count":47},"success":true,"message":"ok","code":0}