{"version":"6970a79695a3a554beddb1e8701bdfb6","result":{"pages":6,"data":[{"SECUCODE":"00135.HK","SECURITY_CODE":"00135","SECURITY_NAME_ABBR":"昆仑能源","ORG_CODE":"10007414","STD_REPORT_DATE":"2024-06-30 00:00:00","REPORT_DATE":"2024-06-30 00:00:00","DATE_TYPE_CODE":"002","REPORT_TYPE":"2024年中报","PER_NETCASH_OPERATE":0.618099383781,"PER_OI":10.731508023119,"BPS":7.375038966535,"BASIC_EPS":0.3817,"DILUTED_EPS":0.3817,"OPERATE_INCOME":92922000000,"OPERATE_INCOME_YOY":6.7185777288,"GROSS_PROFIT":13170000000,"GROSS_PROFIT_YOY":0.358149813305,"HOLDER_PROFIT":3305000000,"HOLDER_PROFIT_YOY":2.5760397269,"GROSS_PROFIT_RATIO":14.173177503713,"EPS_TTM":0.665796514854,"OPERATE_INCOME_QOQ":3.298487770222,"NET_PROFIT_RATIO":5.7252319149,"ROE_AVG":5.192132466145,"GROSS_PROFIT_QOQ":0.178958991737,"ROA":2.312433967941,"HOLDER_PROFIT_QOQ":1.460753255896,"ROE_YEARLY":10.38426493229,"ROIC_YEARLY":8.919595447093,"TOTAL_ASSETS":142327000000,"TOTAL_LIABILITIES":55630000000,"TAX_EBT":26.610566974755,"OCF_SALES":5.759669400142,"TOTAL_PARENT_EQUITY":63859000000,"DEBT_ASSET_RATIO":39.0860483253,"OPERATE_PROFIT":6524000000,"PRETAX_PROFIT":7249000000,"NETCASH_OPERATE":5352000000,"NETCASH_INVEST":-873000000,"NETCASH_FINANCE":-2395000000,"END_CASH":29422000000,"DIVI_RATIO":0.657361428357,"DIVIDEND_RATE":6.223514211886,"CURRENT_RATIO":1.60905658282,"COMMON_ACS":16000000000,"CURRENTDEBT_DEBT":64.745640841273,"ISSUED_COMMON_SHARES":8658801708,"HK_COMMON_SHARES":8658801708,"PER_SHARES":2000,"TOTAL_MARKET_CAP":67019125219.92,"HKSK_MARKET_CAP":67019125219.92,"PE_TTM":10.477384089567,"PB_TTM":0.957844864557,"REPORT_DATE_SQ":"2023-06-30 00:00:00","REPORT_TYPE_SQ":"2023年中报","OPERATE_INCOME_SQ":87072000000,"DPS_HKD":0.4817,"OPERATE_INCOME_QOQ_SQ":1.865723724003,"NET_PROFIT_RATIO_SQ":5.789461595,"HOLDER_PROFIT_SQ":3222000000,"HOLDER_PROFIT_QOQ_SQ":2.716143840857,"ROE_AVG_SQ":5.330289344384,"PE_TTM_SQ":10.865381879136,"PB_TTM_SQ":0.943809641736,"ROA_SQ":2.322756453002,"START_DATE":"2024-01-01 00:00:00","FISCAL_YEAR":"12-31","CURRENCY":"HKD","IS_CNY_CODE":0,"DPS_HKD_LY":0.4817,"ORG_TYPE":"一般企业","PREMIUM_INCOME":null,"PREMIUM_INCOME_YOY":null,"NET_INTEREST_INCOME":null,"NET_INTEREST_INCOME_YOY":null,"FEE_COMMISSION_INCOME":null,"FEE_COMMISSION_INCOME_YOY":null,"ACCOUNTS_RECE_TDAYS":39.634037108125,"INVENTORY_TDAYS":68.486045513096,"CURRENT_ASSETS_TDAYS":1.613887610397,"TOTAL_ASSETS_TDAYS":0.650154278877,"PREMIUM_EXPENSE":null,"LOAN_DEPOSIT":null,"LOAN_EQUITY":null,"LOAN_ASSETS":null,"DEPOSIT_EQUITY":null,"DEPOSIT_ASSETS":null,"EQUITY_MULTIPLIER":1.641660034372,"EQUITY_RATIO":0.871137975853},{"SECUCODE":"00135.HK","SECURITY_CODE":"00135","SECURITY_NAME_ABBR":"昆仑能源","ORG_CODE":"10007414","STD_REPORT_DATE":"2023-12-31 00:00:00","REPORT_DATE":"2023-12-31 00:00:00","DATE_TYPE_CODE":"001","REPORT_TYPE":"2023年年报","PER_NETCASH_OPERATE":1.663971584739,"PER_OI":20.482510857841,"BPS":7.327688303727,"BASIC_EPS":0.6562,"DILUTED_EPS":0.6562,"OPERATE_INCOME":177354000000,"OPERATE_INCOME_YOY":3.1463732378,"GROSS_PROFIT":26263000000,"GROSS_PROFIT_YOY":1.530908106854,"HOLDER_PROFIT":5682000000,"HOLDER_PROFIT_YOY":8.6840091813,"GROSS_PROFIT_RATIO":14.808236634077,"EPS_TTM":0.656210892871,"OPERATE_INCOME_QOQ":0.763020493037,"NET_PROFIT_RATIO":5.2183768057,"ROE_AVG":9.212286291009,"GROSS_PROFIT_QOQ":-1.74710063599,"ROA":4.023922580919,"HOLDER_PROFIT_QOQ":5.810055865922,"ROE_YEARLY":9.212286291009,"ROIC_YEARLY":7.368980766986,"TOTAL_ASSETS":143519000000,"TOTAL_LIABILITIES":57736000000,"TAX_EBT":26.506789486223,"OCF_SALES":8.123865263823,"TOTAL_PARENT_EQUITY":63449000000,"DEBT_ASSET_RATIO":40.2288198775,"OPERATE_PROFIT":11638000000,"PRETAX_PROFIT":12593000000,"NETCASH_OPERATE":14408000000,"NETCASH_INVEST":-1061000000,"NETCASH_FINANCE":-6039000000,"END_CASH":27353000000,"DIVI_RATIO":0.666963856825,"DIVIDEND_RATE":6.03634085213,"CURRENT_RATIO":1.653934013822,"COMMON_ACS":16000000000,"CURRENTDEBT_DEBT":59.898503533324,"ISSUED_COMMON_SHARES":8658801708,"HK_COMMON_SHARES":8658801708,"PER_SHARES":2000,"TOTAL_MARKET_CAP":69097237629.84,"HKSK_MARKET_CAP":69097237629.84,"PE_TTM":10.802264216375,"PB_TTM":0.987545480512,"REPORT_DATE_SQ":"2022-12-31 00:00:00","REPORT_TYPE_SQ":"2022年年报","OPERATE_INCOME_SQ":171944000000,"DPS_HKD":0.4817,"OPERATE_INCOME_QOQ_SQ":9.230030151516,"NET_PROFIT_RATIO_SQ":4.7470240679,"HOLDER_PROFIT_SQ":5228000000,"HOLDER_PROFIT_QOQ_SQ":-7.222715173026,"ROE_AVG_SQ":8.999595465774,"PE_TTM_SQ":10.744822856898,"PB_TTM_SQ":0.933337412702,"ROA_SQ":3.851565895813,"START_DATE":"2023-01-01 00:00:00","FISCAL_YEAR":"12-31","CURRENCY":"HKD","IS_CNY_CODE":0,"DPS_HKD_LY":0.2871,"ORG_TYPE":"一般企业","PREMIUM_INCOME":null,"PREMIUM_INCOME_YOY":null,"NET_INTEREST_INCOME":null,"NET_INTEREST_INCOME_YOY":null,"FEE_COMMISSION_INCOME":null,"FEE_COMMISSION_INCOME_YOY":null,"ACCOUNTS_RECE_TDAYS":72.925164473684,"INVENTORY_TDAYS":135.144007155635,"CURRENT_ASSETS_TDAYS":3.268083694961,"TOTAL_ASSETS_TDAYS":1.255999235157,"PREMIUM_EXPENSE":null,"LOAN_DEPOSIT":null,"LOAN_EQUITY":null,"LOAN_ASSETS":null,"DEPOSIT_EQUITY":null,"DEPOSIT_ASSETS":null,"EQUITY_MULTIPLIER":1.673047107235,"EQUITY_RATIO":0.909959179814},{"SECUCODE":"00135.HK","SECURITY_CODE":"00135","SECURITY_NAME_ABBR":"昆仑能源","ORG_CODE":"10007414","STD_REPORT_DATE":"2023-06-30 00:00:00","REPORT_DATE":"2023-06-30 00:00:00","DATE_TYPE_CODE":"002","REPORT_TYPE":"2023年中报","PER_NETCASH_OPERATE":0.739825234025,"PER_OI":10.055894907439,"BPS":7.043237858612,"BASIC_EPS":0.3721,"DILUTED_EPS":0.3721,"OPERATE_INCOME":87072000000,"OPERATE_INCOME_YOY":3.8252408662,"GROSS_PROFIT":13123000000,"GROSS_PROFIT_YOY":0.030490128821,"HOLDER_PROFIT":3222000000,"HOLDER_PROFIT_YOY":4.6103896104,"GROSS_PROFIT_RATIO":15.071435134142,"EPS_TTM":0.620178193368,"OPERATE_INCOME_QOQ":1.85644925146,"NET_PROFIT_RATIO":5.789461595,"ROE_AVG":5.330289344384,"GROSS_PROFIT_QOQ":0.014966699095,"ROA":2.322756453002,"HOLDER_PROFIT_QOQ":2.716143840857,"ROE_YEARLY":10.660578688769,"ROIC_YEARLY":8.365951977566,"TOTAL_ASSETS":138537000000,"TOTAL_LIABILITIES":56478000000,"TAX_EBT":25.769400677367,"OCF_SALES":7.357129731716,"TOTAL_PARENT_EQUITY":60986000000,"DEBT_ASSET_RATIO":40.7674484073,"OPERATE_PROFIT":6243000000,"PRETAX_PROFIT":6791000000,"NETCASH_OPERATE":6406000000,"NETCASH_INVEST":1124000000,"NETCASH_FINANCE":-2851000000,"END_CASH":24705000000,"DIVI_RATIO":0.705714829512,"DIVIDEND_RATE":5.976426799007,"CURRENT_RATIO":1.572162485066,"COMMON_ACS":16000000000,"CURRENTDEBT_DEBT":59.279719536811,"ISSUED_COMMON_SHARES":8658801708,"HK_COMMON_SHARES":8658801708,"PER_SHARES":2000,"TOTAL_MARKET_CAP":69789941766.48,"HKSK_MARKET_CAP":69789941766.48,"PE_TTM":10.910557591978,"PB_TTM":0.99744568583,"REPORT_DATE_SQ":"2022-06-30 00:00:00","REPORT_TYPE_SQ":"2022年中报","OPERATE_INCOME_SQ":83864000000,"DPS_HKD":0.4817,"OPERATE_INCOME_QOQ_SQ":13.803979876865,"NET_PROFIT_RATIO_SQ":5.3670227988,"HOLDER_PROFIT_SQ":3080000000,"HOLDER_PROFIT_QOQ_SQ":-75.51703163017,"ROE_AVG_SQ":5.414622998084,"PE_TTM_SQ":10.307796401288,"PB_TTM_SQ":0.895375582452,"ROA_SQ":2.31133190501,"START_DATE":"2023-01-01 00:00:00","FISCAL_YEAR":"12-31","CURRENCY":"HKD","IS_CNY_CODE":0,"DPS_HKD_LY":0.2871,"ORG_TYPE":"一般企业","PREMIUM_INCOME":null,"PREMIUM_INCOME_YOY":null,"NET_INTEREST_INCOME":null,"NET_INTEREST_INCOME_YOY":null,"FEE_COMMISSION_INCOME":null,"FEE_COMMISSION_INCOME_YOY":null,"ACCOUNTS_RECE_TDAYS":31.091590787359,"INVENTORY_TDAYS":66.114438980778,"CURRENT_ASSETS_TDAYS":1.674864150036,"TOTAL_ASSETS_TDAYS":0.627706548342,"PREMIUM_EXPENSE":null,"LOAN_DEPOSIT":null,"LOAN_EQUITY":null,"LOAN_ASSETS":null,"DEPOSIT_EQUITY":null,"DEPOSIT_ASSETS":null,"EQUITY_MULTIPLIER":1.688260885461,"EQUITY_RATIO":0.92608139573},{"SECUCODE":"00135.HK","SECURITY_CODE":"00135","SECURITY_NAME_ABBR":"昆仑能源","ORG_CODE":"10007414","STD_REPORT_DATE":"2022-12-31 00:00:00","REPORT_DATE":"2022-12-31 00:00:00","DATE_TYPE_CODE":"001","REPORT_TYPE":"2022年年报","PER_NETCASH_OPERATE":1.717327697464,"PER_OI":19.857713087613,"BPS":6.918740262252,"BASIC_EPS":0.6038,"DILUTED_EPS":0.6038,"OPERATE_INCOME":171944000000,"OPERATE_INCOME_YOY":24.1051773045,"GROSS_PROFIT":25867000000,"GROSS_PROFIT_YOY":14.182925752627,"HOLDER_PROFIT":5228000000,"HOLDER_PROFIT_YOY":-77.2853667014,"GROSS_PROFIT_RATIO":15.043851486531,"EPS_TTM":0.603778695517,"OPERATE_INCOME_QOQ":9.051702267999,"NET_PROFIT_RATIO":4.7707393105,"ROE_AVG":8.999595465774,"GROSS_PROFIT_QOQ":2.650898845192,"ROA":3.851565895813,"HOLDER_PROFIT_QOQ":-7.222715173026,"ROE_YEARLY":8.999595465774,"ROIC_YEARLY":6.41004420086,"TOTAL_ASSETS":138892000000,"TOTAL_LIABILITIES":58190000000,"TAX_EBT":27.993328651685,"OCF_SALES":8.648164518681,"TOTAL_PARENT_EQUITY":59908000000,"DEBT_ASSET_RATIO":41.8958615327,"OPERATE_PROFIT":10440000000,"PRETAX_PROFIT":11392000000,"NETCASH_OPERATE":14870000000,"NETCASH_INVEST":-18452000000,"NETCASH_FINANCE":-4920000000,"END_CASH":20042000000,"DIVI_RATIO":0.724883059388,"DIVIDEND_RATE":6.03634085213,"CURRENT_RATIO":1.49310725919,"COMMON_ACS":16000000000,"CURRENTDEBT_DEBT":59.089190582574,"ISSUED_COMMON_SHARES":8658801708,"HK_COMMON_SHARES":8658801708,"PER_SHARES":2000,"TOTAL_MARKET_CAP":69097237629.84,"HKSK_MARKET_CAP":69097237629.84,"PE_TTM":10.802264216375,"PB_TTM":0.987545480512,"REPORT_DATE_SQ":"2021-12-31 00:00:00","REPORT_TYPE_SQ":"2021年年报","OPERATE_INCOME_SQ":138547000000,"DPS_HKD":0.4817,"OPERATE_INCOME_QOQ_SQ":8.855557999937,"NET_PROFIT_RATIO_SQ":19.0094336218,"HOLDER_PROFIT_SQ":23016000000,"HOLDER_PROFIT_QOQ_SQ":-4.739042258185,"ROE_AVG_SQ":41.900982168052,"PE_TTM_SQ":10.744822856898,"PB_TTM_SQ":0.933337412702,"ROA_SQ":16.007233021525,"START_DATE":"2022-01-01 00:00:00","FISCAL_YEAR":"12-31","CURRENCY":"HKD","IS_CNY_CODE":0,"DPS_HKD_LY":0.2522,"ORG_TYPE":"一般企业","PREMIUM_INCOME":null,"PREMIUM_INCOME_YOY":null,"NET_INTEREST_INCOME":null,"NET_INTEREST_INCOME_YOY":null,"FEE_COMMISSION_INCOME":null,"FEE_COMMISSION_INCOME_YOY":null,"ACCOUNTS_RECE_TDAYS":61.244523597507,"INVENTORY_TDAYS":126.418866291649,"CURRENT_ASSETS_TDAYS":3.564455777025,"TOTAL_ASSETS_TDAYS":1.266743776568,"PREMIUM_EXPENSE":null,"LOAN_DEPOSIT":null,"LOAN_EQUITY":null,"LOAN_ASSETS":null,"DEPOSIT_EQUITY":null,"DEPOSIT_ASSETS":null,"EQUITY_MULTIPLIER":1.721047805507,"EQUITY_RATIO":0.971322694799},{"SECUCODE":"00135.HK","SECURITY_CODE":"00135","SECURITY_NAME_ABBR":"昆仑能源","ORG_CODE":"10007414","STD_REPORT_DATE":"2022-06-30 00:00:00","REPORT_DATE":"2022-06-30 00:00:00","DATE_TYPE_CODE":"002","REPORT_TYPE":"2022年中报","PER_NETCASH_OPERATE":0.75033477138,"PER_OI":9.685404843319,"BPS":6.639602330526,"BASIC_EPS":0.3557,"DILUTED_EPS":0.3557,"OPERATE_INCOME":83864000000,"OPERATE_INCOME_YOY":29.5416982036,"GROSS_PROFIT":13119000000,"GROSS_PROFIT_YOY":24.068469831663,"HOLDER_PROFIT":3080000000,"HOLDER_PROFIT_YOY":-84.9469722887,"GROSS_PROFIT_RATIO":15.643184202995,"EPS_TTM":0.650782890061,"OPERATE_INCOME_QOQ":13.803979876865,"NET_PROFIT_RATIO":5.3670227988,"ROE_AVG":5.414622998084,"GROSS_PROFIT_QOQ":11.234219122451,"ROA":2.31133190501,"HOLDER_PROFIT_QOQ":-75.51703163017,"ROE_YEARLY":10.829245996168,"ROIC_YEARLY":7.558328578703,"TOTAL_ASSETS":133931000000,"TOTAL_LIABILITIES":56343000000,"TAX_EBT":28.270916334661,"OCF_SALES":7.747066679386,"TOTAL_PARENT_EQUITY":57491000000,"DEBT_ASSET_RATIO":42.0686771547,"OPERATE_PROFIT":5748000000,"PRETAX_PROFIT":6275000000,"NETCASH_OPERATE":6497000000,"NETCASH_INVEST":-14678000000,"NETCASH_FINANCE":-2001000000,"END_CASH":18314000000,"DIVI_RATIO":0.672526820671,"DIVIDEND_RATE":6.03634085213,"CURRENT_RATIO":1.388138578978,"COMMON_ACS":16000000000,"CURRENTDEBT_DEBT":60.451165184672,"ISSUED_COMMON_SHARES":8658801708,"HK_COMMON_SHARES":8658801708,"PER_SHARES":2000,"TOTAL_MARKET_CAP":69097237629.84,"HKSK_MARKET_CAP":69097237629.84,"PE_TTM":10.802264216375,"PB_TTM":0.987545480512,"REPORT_DATE_SQ":"2021-06-30 00:00:00","REPORT_TYPE_SQ":"2021年中报","OPERATE_INCOME_SQ":64739000000,"DPS_HKD":0.4817,"OPERATE_INCOME_QOQ_SQ":16.498704817347,"NET_PROFIT_RATIO_SQ":34.3301564745,"HOLDER_PROFIT_SQ":20461000000,"HOLDER_PROFIT_QOQ_SQ":298.499092858321,"ROE_AVG_SQ":38.170302866364,"PE_TTM_SQ":10.744822856898,"PB_TTM_SQ":0.933337412702,"ROA_SQ":13.575008873747,"START_DATE":"2022-01-01 00:00:00","FISCAL_YEAR":"12-31","CURRENCY":"HKD","IS_CNY_CODE":0,"DPS_HKD_LY":0.2522,"ORG_TYPE":"一般企业","PREMIUM_INCOME":null,"PREMIUM_INCOME_YOY":null,"NET_INTEREST_INCOME":null,"NET_INTEREST_INCOME_YOY":null,"FEE_COMMISSION_INCOME":null,"FEE_COMMISSION_INCOME_YOY":null,"ACCOUNTS_RECE_TDAYS":28.16591099916,"INVENTORY_TDAYS":65.931966449208,"CURRENT_ASSETS_TDAYS":1.814884546301,"TOTAL_ASSETS_TDAYS":0.629342658707,"PREMIUM_EXPENSE":null,"LOAN_DEPOSIT":null,"LOAN_EQUITY":null,"LOAN_ASSETS":null,"DEPOSIT_EQUITY":null,"DEPOSIT_ASSETS":null,"EQUITY_MULTIPLIER":1.726181883798,"EQUITY_RATIO":0.980031657129},{"SECUCODE":"00135.HK","SECURITY_CODE":"00135","SECURITY_NAME_ABBR":"昆仑能源","ORG_CODE":"10007414","STD_REPORT_DATE":"2021-12-31 00:00:00","REPORT_DATE":"2021-12-31 00:00:00","DATE_TYPE_CODE":"001","REPORT_TYPE":"2021年年报","PER_NETCASH_OPERATE":1.385873057806,"PER_OI":16.000712878318,"BPS":6.499167194002,"BASIC_EPS":2.658,"DILUTED_EPS":2.658,"OPERATE_INCOME":138547000000,"OPERATE_INCOME_YOY":26.8153151916,"GROSS_PROFIT":22654000000,"GROSS_PROFIT_YOY":19.489424547708,"HOLDER_PROFIT":23016000000,"HOLDER_PROFIT_YOY":279.6140524493,"GROSS_PROFIT_RATIO":16.351129941464,"EPS_TTM":2.658104524872,"OPERATE_INCOME_QOQ":8.855557999937,"NET_PROFIT_RATIO":19.0094336218,"ROE_AVG":41.900982168052,"GROSS_PROFIT_QOQ":6.058052434457,"ROA":16.007233021525,"HOLDER_PROFIT_QOQ":-4.739042258185,"ROE_YEARLY":41.900982168052,"ROIC_YEARLY":23.940834434193,"TOTAL_ASSETS":132582000000,"TOTAL_LIABILITIES":56721000000,"TAX_EBT":25.510590015129,"OCF_SALES":8.661320707052,"TOTAL_PARENT_EQUITY":56275000000,"DEBT_ASSET_RATIO":42.7818255872,"OPERATE_PROFIT":9474000000,"PRETAX_PROFIT":10576000000,"NETCASH_OPERATE":12000000000,"NETCASH_INVEST":25602000000,"NETCASH_FINANCE":-25723000000,"END_CASH":28494000000,"DIVI_RATIO":0.164654528783,"DIVIDEND_RATE":6.03634085213,"CURRENT_RATIO":1.319091732663,"COMMON_ACS":16000000000,"CURRENTDEBT_DEBT":60.328626082051,"ISSUED_COMMON_SHARES":8658801708,"HK_COMMON_SHARES":8658801708,"PER_SHARES":2000,"TOTAL_MARKET_CAP":69097237629.84,"HKSK_MARKET_CAP":69097237629.84,"PE_TTM":10.802264216375,"PB_TTM":0.987545480512,"REPORT_DATE_SQ":"2020-12-31 00:00:00","REPORT_TYPE_SQ":"2020年年报","OPERATE_INCOME_SQ":109251000000,"DPS_HKD":0.4817,"OPERATE_INCOME_QOQ_SQ":-2.475362422338,"NET_PROFIT_RATIO_SQ":8.9079276162,"HOLDER_PROFIT_SQ":6063000000,"HOLDER_PROFIT_QOQ_SQ":27.080276671557,"ROE_AVG_SQ":11.707797474221,"PE_TTM_SQ":10.744822856898,"PB_TTM_SQ":0.933337412702,"ROA_SQ":4.003499678096,"START_DATE":"2021-01-01 00:00:00","FISCAL_YEAR":"12-31","CURRENCY":"HKD","IS_CNY_CODE":0,"DPS_HKD_LY":2.551256,"ORG_TYPE":"一般企业","PREMIUM_INCOME":null,"PREMIUM_INCOME_YOY":null,"NET_INTEREST_INCOME":null,"NET_INTEREST_INCOME_YOY":null,"FEE_COMMISSION_INCOME":null,"FEE_COMMISSION_INCOME_YOY":null,"ACCOUNTS_RECE_TDAYS":40.671363569646,"INVENTORY_TDAYS":107.557308584687,"CURRENT_ASSETS_TDAYS":2.328892848438,"TOTAL_ASSETS_TDAYS":0.963570608895,"PREMIUM_EXPENSE":null,"LOAN_DEPOSIT":null,"LOAN_EQUITY":null,"LOAN_ASSETS":null,"DEPOSIT_EQUITY":null,"DEPOSIT_ASSETS":null,"EQUITY_MULTIPLIER":1.747696444814,"EQUITY_RATIO":1.007925366504},{"SECUCODE":"00135.HK","SECURITY_CODE":"00135","SECURITY_NAME_ABBR":"昆仑能源","ORG_CODE":"10007414","STD_REPORT_DATE":"2021-06-30 00:00:00","REPORT_DATE":"2021-06-30 00:00:00","DATE_TYPE_CODE":"002","REPORT_TYPE":"2021年中报","PER_NETCASH_OPERATE":0.379267260153,"PER_OI":7.476669657441,"BPS":6.19312022707,"BASIC_EPS":2.363,"DILUTED_EPS":2.363,"OPERATE_INCOME":64739000000,"OPERATE_INCOME_YOY":38.5858629105,"GROSS_PROFIT":10574000000,"GROSS_PROFIT_YOY":29.377217667931,"HOLDER_PROFIT":20461000000,"HOLDER_PROFIT_YOY":765.8908167584,"GROSS_PROFIT_RATIO":16.333276695655,"EPS_TTM":2.79033991247,"OPERATE_INCOME_QOQ":16.498704817347,"NET_PROFIT_RATIO":34.3301564745,"ROE_AVG":38.170302866364,"GROSS_PROFIT_QOQ":12.664170051163,"ROA":13.575008873747,"HOLDER_PROFIT_QOQ":298.499092858321,"ROE_YEARLY":76.340605732728,"ROIC_YEARLY":43.835293613557,"TOTAL_ASSETS":146463000000,"TOTAL_LIABILITIES":73870000000,"TAX_EBT":24.811881188119,"OCF_SALES":5.072676439241,"TOTAL_PARENT_EQUITY":53625000000,"DEBT_ASSET_RATIO":50.4359462799,"OPERATE_PROFIT":4638000000,"PRETAX_PROFIT":5050000000,"NETCASH_OPERATE":3284000000,"NETCASH_INVEST":29685000000,"NETCASH_FINANCE":-1027000000,"END_CASH":48559000000,"DIVI_RATIO":0.156851481084,"DIVIDEND_RATE":6.03634085213,"CURRENT_RATIO":1.286940380432,"COMMON_ACS":16000000000,"CURRENTDEBT_DEBT":67.823202924056,"ISSUED_COMMON_SHARES":8658801708,"HK_COMMON_SHARES":8658801708,"PER_SHARES":2000,"TOTAL_MARKET_CAP":69097237629.84,"HKSK_MARKET_CAP":69097237629.84,"PE_TTM":10.802264216375,"PB_TTM":0.987545480512,"REPORT_DATE_SQ":"2020-06-30 00:00:00","REPORT_TYPE_SQ":"2020年中报","OPERATE_INCOME_SQ":46714000000,"DPS_HKD":0.4817,"OPERATE_INCOME_QOQ_SQ":-1.137557032291,"NET_PROFIT_RATIO_SQ":8.0223523558,"HOLDER_PROFIT_SQ":2363000000,"HOLDER_PROFIT_QOQ_SQ":-14.051522248244,"ROE_AVG_SQ":4.724015913316,"PE_TTM_SQ":10.744822856898,"PB_TTM_SQ":0.933337412702,"ROA_SQ":1.578611583388,"START_DATE":"2021-01-01 00:00:00","FISCAL_YEAR":"12-31","CURRENCY":"HKD","IS_CNY_CODE":0,"DPS_HKD_LY":2.551256,"ORG_TYPE":"一般企业","PREMIUM_INCOME":null,"PREMIUM_INCOME_YOY":null,"NET_INTEREST_INCOME":null,"NET_INTEREST_INCOME_YOY":null,"FEE_COMMISSION_INCOME":null,"FEE_COMMISSION_INCOME_YOY":null,"ACCOUNTS_RECE_TDAYS":15.980992347569,"INVENTORY_TDAYS":45.86367485182,"CURRENT_ASSETS_TDAYS":0.936075766339,"TOTAL_ASSETS_TDAYS":0.429515908058,"PREMIUM_EXPENSE":null,"LOAN_DEPOSIT":null,"LOAN_EQUITY":null,"LOAN_ASSETS":null,"DEPOSIT_EQUITY":null,"DEPOSIT_ASSETS":null,"EQUITY_MULTIPLIER":2.017591227802,"EQUITY_RATIO":1.377529137529},{"SECUCODE":"00135.HK","SECURITY_CODE":"00135","SECURITY_NAME_ABBR":"昆仑能源","ORG_CODE":"10007414","STD_REPORT_DATE":"2020-12-31 00:00:00","REPORT_DATE":"2020-12-31 00:00:00","DATE_TYPE_CODE":"001","REPORT_TYPE":"2020年年报","PER_NETCASH_OPERATE":1.933061936796,"PER_OI":12.617334786528,"BPS":6.188385160789,"BASIC_EPS":0.7002,"DILUTED_EPS":0.7002,"OPERATE_INCOME":109251000000,"OPERATE_INCOME_YOY":7.3255791108,"GROSS_PROFIT":18959000000,"GROSS_PROFIT_YOY":0.461000423908,"HOLDER_PROFIT":6063000000,"HOLDER_PROFIT_YOY":9.2235633219,"GROSS_PROFIT_RATIO":17.353616900532,"EPS_TTM":0.700212362456,"OPERATE_INCOME_QOQ":-2.475362422338,"NET_PROFIT_RATIO":8.9079276162,"ROE_AVG":11.707797474221,"GROSS_PROFIT_QOQ":-29.771077196622,"ROA":4.003499678096,"HOLDER_PROFIT_QOQ":27.080276671557,"ROE_YEARLY":11.707797474221,"ROIC_YEARLY":5.834520189384,"TOTAL_ASSETS":154988000000,"TOTAL_LIABILITIES":70461000000,"TAX_EBT":28.530899222894,"OCF_SALES":15.320683563537,"TOTAL_PARENT_EQUITY":53584000000,"DEBT_ASSET_RATIO":45.4622293339,"OPERATE_PROFIT":7962000000,"PRETAX_PROFIT":8107000000,"NETCASH_OPERATE":16738000000,"NETCASH_INVEST":-8833000000,"NETCASH_FINANCE":-9808000000,"END_CASH":16690000000,"DIVI_RATIO":0.625051729256,"DIVIDEND_RATE":6.03634085213,"CURRENT_RATIO":1.655932545467,"COMMON_ACS":16000000000,"CURRENTDEBT_DEBT":63.287492371667,"ISSUED_COMMON_SHARES":8658801708,"HK_COMMON_SHARES":8658801708,"PER_SHARES":2000,"TOTAL_MARKET_CAP":69097237629.84,"HKSK_MARKET_CAP":69097237629.84,"PE_TTM":10.802264216375,"PB_TTM":0.987545480512,"REPORT_DATE_SQ":"2019-12-31 00:00:00","REPORT_TYPE_SQ":"2019年年报","OPERATE_INCOME_SQ":101794000000,"DPS_HKD":0.4817,"OPERATE_INCOME_QOQ_SQ":3.557850484372,"NET_PROFIT_RATIO_SQ":8.4465154042,"HOLDER_PROFIT_SQ":5551000000,"HOLDER_PROFIT_QOQ_SQ":18.484525080043,"ROE_AVG_SQ":11.977301169465,"PE_TTM_SQ":10.744822856898,"PB_TTM_SQ":0.933337412702,"ROA_SQ":3.848393671746,"START_DATE":"2020-01-01 00:00:00","FISCAL_YEAR":"12-31","CURRENCY":"HKD","IS_CNY_CODE":0,"DPS_HKD_LY":0.2827,"ORG_TYPE":"一般企业","PREMIUM_INCOME":null,"PREMIUM_INCOME_YOY":null,"NET_INTEREST_INCOME":null,"NET_INTEREST_INCOME_YOY":null,"FEE_COMMISSION_INCOME":null,"FEE_COMMISSION_INCOME_YOY":null,"ACCOUNTS_RECE_TDAYS":31.772866075324,"INVENTORY_TDAYS":77.737408523461,"CURRENT_ASSETS_TDAYS":2.111273226209,"TOTAL_ASSETS_TDAYS":0.721402512505,"PREMIUM_EXPENSE":null,"LOAN_DEPOSIT":null,"LOAN_EQUITY":null,"LOAN_ASSETS":null,"DEPOSIT_EQUITY":null,"DEPOSIT_ASSETS":null,"EQUITY_MULTIPLIER":1.833591633443,"EQUITY_RATIO":1.314963421917},{"SECUCODE":"00135.HK","SECURITY_CODE":"00135","SECURITY_NAME_ABBR":"昆仑能源","ORG_CODE":"10007414","STD_REPORT_DATE":"2020-06-30 00:00:00","REPORT_DATE":"2020-06-30 00:00:00","DATE_TYPE_CODE":"002","REPORT_TYPE":"2020年中报","PER_NETCASH_OPERATE":0.818935487742,"PER_OI":5.394972835195,"BPS":5.780707502951,"BASIC_EPS":0.2729,"DILUTED_EPS":0.2729,"OPERATE_INCOME":46714000000,"OPERATE_INCOME_YOY":-2.407410866,"GROSS_PROFIT":8173000000,"GROSS_PROFIT_YOY":-42.362482369535,"HOLDER_PROFIT":2363000000,"HOLDER_PROFIT_YOY":-24.8170537703,"GROSS_PROFIT_RATIO":24.838289891683,"EPS_TTM":0.551000029899,"OPERATE_INCOME_QOQ":-1.137557032291,"NET_PROFIT_RATIO":8.0223523558,"ROE_AVG":4.724015913316,"GROSS_PROFIT_QOQ":-4.259318367202,"ROA":1.578611583388,"HOLDER_PROFIT_QOQ":-14.051522248244,"ROE_YEARLY":9.448031826633,"ROIC_YEARLY":4.691889959991,"TOTAL_ASSETS":151480000000,"TOTAL_LIABILITIES":72038000000,"TAX_EBT":41.214987268098,"OCF_SALES":13.570252994986,"TOTAL_PARENT_EQUITY":50054000000,"DEBT_ASSET_RATIO":47.5561130182,"OPERATE_PROFIT":2815000000,"PRETAX_PROFIT":2749000000,"NETCASH_OPERATE":7091000000,"NETCASH_INVEST":-4048000000,"NETCASH_FINANCE":-975000000,"END_CASH":20698000000,"DIVI_RATIO":0.794317466879,"DIVIDEND_RATE":6.03634085213,"CURRENT_RATIO":0.792414146591,"COMMON_ACS":16000000000,"CURRENTDEBT_DEBT":56.874149754296,"ISSUED_COMMON_SHARES":8658801708,"HK_COMMON_SHARES":8658801708,"PER_SHARES":2000,"TOTAL_MARKET_CAP":69097237629.84,"HKSK_MARKET_CAP":69097237629.84,"PE_TTM":10.802264216375,"PB_TTM":0.987545480512,"REPORT_DATE_SQ":"2019-06-30 00:00:00","REPORT_TYPE_SQ":"2019年中报","OPERATE_INCOME_SQ":53543000000,"DPS_HKD":0.4817,"OPERATE_INCOME_QOQ_SQ":3.745140798331,"NET_PROFIT_RATIO_SQ":9.8406887922,"HOLDER_PROFIT_SQ":3143000000,"HOLDER_PROFIT_QOQ_SQ":1.10056107035,"ROE_AVG_SQ":7.240267219535,"PE_TTM_SQ":10.744822856898,"PB_TTM_SQ":0.933337412702,"ROA_SQ":2.243533690481,"START_DATE":"2020-01-01 00:00:00","FISCAL_YEAR":"12-31","CURRENCY":"HKD","IS_CNY_CODE":0,"DPS_HKD_LY":0.2827,"ORG_TYPE":"一般企业","PREMIUM_INCOME":null,"PREMIUM_INCOME_YOY":null,"NET_INTEREST_INCOME":null,"NET_INTEREST_INCOME_YOY":null,"FEE_COMMISSION_INCOME":null,"FEE_COMMISSION_INCOME_YOY":null,"ACCOUNTS_RECE_TDAYS":16.956079854809,"INVENTORY_TDAYS":27.208174575684,"CURRENT_ASSETS_TDAYS":1.682465065362,"TOTAL_ASSETS_TDAYS":0.349084933044,"PREMIUM_EXPENSE":null,"LOAN_DEPOSIT":null,"LOAN_EQUITY":null,"LOAN_ASSETS":null,"DEPOSIT_EQUITY":null,"DEPOSIT_ASSETS":null,"EQUITY_MULTIPLIER":1.906799929508,"EQUITY_RATIO":1.439205657889}],"count":49},"success":true,"message":"ok","code":0}