{"version":"76807a1693ee3264226f93d5ee5e92dd","result":{"pages":6,"data":[{"SECUCODE":"00137.HK","SECURITY_CODE":"00137","SECURITY_NAME_ABBR":"金辉集团","ORG_CODE":"10007416","STD_REPORT_DATE":"2024-06-30 00:00:00","REPORT_DATE":"2024-06-30 00:00:00","DATE_TYPE_CODE":"002","REPORT_TYPE":"2024年中报","PER_NETCASH_OPERATE":0.407075747156,"PER_OI":0.928160447611,"BPS":2.785217972644,"BASIC_EPS":0.04837204,"DILUTED_EPS":0.04837204,"OPERATE_INCOME":492193721.12,"OPERATE_INCOME_YOY":85.7230430141,"GROSS_PROFIT":244292492.2,"GROSS_PROFIT_YOY":423.377447762547,"HOLDER_PROFIT":25661823.56,"HOLDER_PROFIT_YOY":129.3157197819,"GROSS_PROFIT_RATIO":49.633402808168,"EPS_TTM":-0.248870391696,"OPERATE_INCOME_QOQ":38.790943366835,"NET_PROFIT_RATIO":12.4053374474,"ROE_AVG":1.749769898133,"GROSS_PROFIT_QOQ":119.588161306489,"ROA":0.704689189386,"HOLDER_PROFIT_QOQ":46.366075177085,"ROE_YEARLY":3.499539796266,"ROIC_YEARLY":2.235467463899,"TOTAL_ASSETS":3648385364.56,"TOTAL_LIABILITIES":1023882756.56,"TAX_EBT":null,"OCF_SALES":43.85833809273,"TOTAL_PARENT_EQUITY":1476971790.4,"DEBT_ASSET_RATIO":28.063996926,"OPERATE_PROFIT":85212368.2,"PRETAX_PROFIT":61058292,"NETCASH_OPERATE":215867986.28,"NETCASH_INVEST":-174135693.28,"NETCASH_FINANCE":-215244625.84,"END_CASH":127169180.48,"DIVI_RATIO":null,"DIVIDEND_RATE":null,"CURRENT_RATIO":1.025476751925,"COMMON_ACS":null,"CURRENTDEBT_DEBT":43.396128866632,"ISSUED_COMMON_SHARES":530289480,"HK_COMMON_SHARES":530289480,"PER_SHARES":1000,"TOTAL_MARKET_CAP":371202636,"HKSK_MARKET_CAP":371202636,"PE_TTM":-2.516645102679,"PB_TTM":0.229380969919,"REPORT_DATE_SQ":"2023-06-30 00:00:00","REPORT_TYPE_SQ":"2023年中报","OPERATE_INCOME_SQ":267715332.6,"DPS_HKD":null,"OPERATE_INCOME_QOQ_SQ":-27.082670983862,"NET_PROFIT_RATIO_SQ":-55.9551606571,"HOLDER_PROFIT_SQ":-88428023.78,"HOLDER_PROFIT_QOQ_SQ":-557.226593637051,"ROE_AVG_SQ":-5.236897382234,"PE_TTM_SQ":-1.170713384846,"PB_TTM_SQ":0.199815956754,"ROA_SQ":-2.235704582844,"START_DATE":"2024-01-01 00:00:00","FISCAL_YEAR":"12-31","CURRENCY":"HKD","IS_CNY_CODE":0,"DPS_HKD_LY":null,"ORG_TYPE":"一般企业","PREMIUM_INCOME":null,"PREMIUM_INCOME_YOY":null,"NET_INTEREST_INCOME":null,"NET_INTEREST_INCOME_YOY":null,"FEE_COMMISSION_INCOME":null,"FEE_COMMISSION_INCOME_YOY":null,"ACCOUNTS_RECE_TDAYS":4.006150920409,"INVENTORY_TDAYS":19.969048669313,"CURRENT_ASSETS_TDAYS":0.850486288202,"TOTAL_ASSETS_TDAYS":0.135159371487,"PREMIUM_EXPENSE":null,"LOAN_DEPOSIT":null,"LOAN_EQUITY":null,"LOAN_ASSETS":null,"DEPOSIT_EQUITY":null,"DEPOSIT_ASSETS":null,"EQUITY_MULTIPLIER":1.390124495757,"EQUITY_RATIO":0.693231084856},{"SECUCODE":"00137.HK","SECURITY_CODE":"00137","SECURITY_NAME_ABBR":"金辉集团","ORG_CODE":"10007416","STD_REPORT_DATE":"2023-12-31 00:00:00","REPORT_DATE":"2023-12-31 00:00:00","DATE_TYPE_CODE":"001","REPORT_TYPE":"2023年年报","PER_NETCASH_OPERATE":0.194565175345,"PER_OI":1.091267403721,"BPS":2.726598870262,"BASIC_EPS":-0.46398464,"DILUTED_EPS":-0.46398464,"OPERATE_INCOME":578687624.06,"OPERATE_INCOME_YOY":-46.3037489741,"GROSS_PROFIT":165247404.56,"GROSS_PROFIT_YOY":-72.316724153775,"HOLDER_PROFIT":-246063197.94,"HOLDER_PROFIT_YOY":-495.5192455313,"GROSS_PROFIT_RATIO":28.555544941612,"EPS_TTM":-0.4640167441,"OPERATE_INCOME_QOQ":-25.29251656599,"NET_PROFIT_RATIO":-72.3182784114,"ROE_AVG":-15.6036458905,"GROSS_PROFIT_QOQ":-78.666870993254,"ROA":-6.45119750474,"HOLDER_PROFIT_QOQ":8.075438452333,"ROE_YEARLY":-15.6036458905,"ROIC_YEARLY":-10.540204552799,"TOTAL_ASSETS":3609048336.6,"TOTAL_LIABILITIES":1055041260.84,"TAX_EBT":0.001299232803,"OCF_SALES":17.829284983863,"TOTAL_PARENT_EQUITY":1445886697.08,"DEBT_ASSET_RATIO":29.2332261151,"OPERATE_PROFIT":-368522518.98,"PRETAX_PROFIT":-418502364.42,"NETCASH_OPERATE":103175865.66,"NETCASH_INVEST":-35650694.8,"NETCASH_FINANCE":-21884306.78,"END_CASH":298553272.78,"DIVI_RATIO":null,"DIVIDEND_RATE":null,"CURRENT_RATIO":1.497446932814,"COMMON_ACS":null,"CURRENTDEBT_DEBT":44.106708170778,"ISSUED_COMMON_SHARES":530289480,"HK_COMMON_SHARES":530289480,"PER_SHARES":1000,"TOTAL_MARKET_CAP":349991056.8,"HKSK_MARKET_CAP":349991056.8,"PE_TTM":-2.372836811097,"PB_TTM":0.216273485923,"REPORT_DATE_SQ":"2022-12-31 00:00:00","REPORT_TYPE_SQ":"2022年年报","OPERATE_INCOME_SQ":1062305268.64,"DPS_HKD":null,"OPERATE_INCOME_QOQ_SQ":-1.565985092979,"NET_PROFIT_RATIO_SQ":-5.9012034658,"HOLDER_PROFIT_SQ":-40728645.65,"HOLDER_PROFIT_QOQ_SQ":-108.485496526271,"ROE_AVG_SQ":-2.362694150162,"PE_TTM_SQ":-1.153240050744,"PB_TTM_SQ":0.196833629041,"ROA_SQ":-1.018022765128,"START_DATE":"2023-01-01 00:00:00","FISCAL_YEAR":"12-31","CURRENCY":"HKD","IS_CNY_CODE":0,"DPS_HKD_LY":0.02,"ORG_TYPE":"一般企业","PREMIUM_INCOME":null,"PREMIUM_INCOME_YOY":null,"NET_INTEREST_INCOME":null,"NET_INTEREST_INCOME_YOY":null,"FEE_COMMISSION_INCOME":null,"FEE_COMMISSION_INCOME_YOY":null,"ACCOUNTS_RECE_TDAYS":4.261158822627,"INVENTORY_TDAYS":26.744731365595,"CURRENT_ASSETS_TDAYS":0.857436149457,"TOTAL_ASSETS_TDAYS":0.151718265373,"PREMIUM_EXPENSE":null,"LOAN_DEPOSIT":null,"LOAN_EQUITY":null,"LOAN_ASSETS":null,"DEPOSIT_EQUITY":null,"DEPOSIT_ASSETS":null,"EQUITY_MULTIPLIER":1.413092536374,"EQUITY_RATIO":0.729684603206},{"SECUCODE":"00137.HK","SECURITY_CODE":"00137","SECURITY_NAME_ABBR":"金辉集团","ORG_CODE":"10007416","STD_REPORT_DATE":"2023-06-30 00:00:00","REPORT_DATE":"2023-06-30 00:00:00","DATE_TYPE_CODE":"002","REPORT_TYPE":"2023年中报","PER_NETCASH_OPERATE":0.052209478906,"PER_OI":0.504847527053,"BPS":3.091477828072,"BASIC_EPS":-0.16687838,"DILUTED_EPS":-0.16687838,"OPERATE_INCOME":267715332.6,"OPERATE_INCOME_YOY":-55.2908932737,"GROSS_PROFIT":46676159.48,"GROSS_PROFIT_YOY":-86.258844277015,"HOLDER_PROFIT":-88428023.78,"HOLDER_PROFIT_YOY":-159.2119966168,"GROSS_PROFIT_RATIO":17.434996728312,"EPS_TTM":-0.504779937252,"OPERATE_INCOME_QOQ":-27.082670983862,"NET_PROFIT_RATIO":-55.9551606571,"ROE_AVG":-5.236897382234,"GROSS_PROFIT_QOQ":-27.582025352761,"ROA":-2.235704582844,"HOLDER_PROFIT_QOQ":-557.226593637051,"ROE_YEARLY":-10.473794764468,"ROIC_YEARLY":-7.271431536312,"TOTAL_ASSETS":3821225400.28,"TOTAL_LIABILITIES":935645587.56,"TAX_EBT":null,"OCF_SALES":10.341633088818,"TOTAL_PARENT_EQUITY":1639378169.88,"DEBT_ASSET_RATIO":24.4854854019,"OPERATE_PROFIT":-129824925.78,"PRETAX_PROFIT":-149800544.46,"NETCASH_OPERATE":27686137.42,"NETCASH_INVEST":-8903560.86,"NETCASH_FINANCE":-55914399.08,"END_CASH":220178965.78,"DIVI_RATIO":null,"DIVIDEND_RATE":null,"CURRENT_RATIO":1.404723327289,"COMMON_ACS":null,"CURRENTDEBT_DEBT":42.876189124792,"ISSUED_COMMON_SHARES":530289480,"HK_COMMON_SHARES":530289480,"PER_SHARES":1000,"TOTAL_MARKET_CAP":349991056.8,"HKSK_MARKET_CAP":349991056.8,"PE_TTM":-2.372836811097,"PB_TTM":0.216273485923,"REPORT_DATE_SQ":"2022-06-30 00:00:00","REPORT_TYPE_SQ":"2022年中报","OPERATE_INCOME_SQ":555415973.35,"DPS_HKD":null,"OPERATE_INCOME_QOQ_SQ":29.11301536996,"NET_PROFIT_RATIO_SQ":45.8805324382,"HOLDER_PROFIT_SQ":138522821.01,"HOLDER_PROFIT_QOQ_SQ":-29.004395719154,"ROE_AVG_SQ":7.976316133526,"PE_TTM_SQ":-1.153240050744,"PB_TTM_SQ":0.196833629041,"ROA_SQ":3.413649497928,"START_DATE":"2023-01-01 00:00:00","FISCAL_YEAR":"12-31","CURRENCY":"HKD","IS_CNY_CODE":0,"DPS_HKD_LY":0.02,"ORG_TYPE":"一般企业","PREMIUM_INCOME":null,"PREMIUM_INCOME_YOY":null,"NET_INTEREST_INCOME":null,"NET_INTEREST_INCOME_YOY":null,"FEE_COMMISSION_INCOME":null,"FEE_COMMISSION_INCOME_YOY":null,"ACCOUNTS_RECE_TDAYS":1.916159366493,"INVENTORY_TDAYS":12.323318512426,"CURRENT_ASSETS_TDAYS":0.436064977992,"TOTAL_ASSETS_TDAYS":0.067685827457,"PREMIUM_EXPENSE":null,"LOAN_DEPOSIT":null,"LOAN_EQUITY":null,"LOAN_ASSETS":null,"DEPOSIT_EQUITY":null,"DEPOSIT_ASSETS":null,"EQUITY_MULTIPLIER":1.324248729297,"EQUITY_RATIO":0.570732003604},{"SECUCODE":"00137.HK","SECURITY_CODE":"00137","SECURITY_NAME_ABBR":"金辉集团","ORG_CODE":"10007416","STD_REPORT_DATE":"2022-12-31 00:00:00","REPORT_DATE":"2022-12-31 00:00:00","DATE_TYPE_CODE":"001","REPORT_TYPE":"2022年年报","PER_NETCASH_OPERATE":1.165419579453,"PER_OI":2.003255408046,"BPS":3.174916041631,"BASIC_EPS":-0.07682122,"DILUTED_EPS":-0.07682122,"OPERATE_INCOME":1062305268.64,"OPERATE_INCOME_YOY":16.3250793527,"GROSS_PROFIT":596921424.61,"GROSS_PROFIT_YOY":6.919288071233,"HOLDER_PROFIT":-40728645.65,"HOLDER_PROFIT_YOY":-105.5140011731,"GROSS_PROFIT_RATIO":56.191138482651,"EPS_TTM":-0.07680455145,"OPERATE_INCOME_QOQ":-1.565985092979,"NET_PROFIT_RATIO":-5.9012034658,"ROE_AVG":-2.362694150162,"GROSS_PROFIT_QOQ":-13.898495328002,"ROA":-1.018022765128,"HOLDER_PROFIT_QOQ":-108.485496526271,"ROE_YEARLY":-2.362694150162,"ROIC_YEARLY":-1.667623704798,"TOTAL_ASSETS":3961964201.23,"TOTAL_LIABILITIES":997090305.75,"TAX_EBT":-0.222783942419,"OCF_SALES":58.176285199187,"TOTAL_PARENT_EQUITY":1683624576.76,"DEBT_ASSET_RATIO":25.1665652466,"OPERATE_PROFIT":-35247540.93,"PRETAX_PROFIT":-62549445.21,"NETCASH_OPERATE":618009742.77,"NETCASH_INVEST":-499113719.23,"NETCASH_FINANCE":-110043717.84,"END_CASH":249298257.95,"DIVI_RATIO":null,"DIVIDEND_RATE":null,"CURRENT_RATIO":1.412177311247,"COMMON_ACS":null,"CURRENTDEBT_DEBT":45.711572487626,"ISSUED_COMMON_SHARES":530289480,"HK_COMMON_SHARES":530289480,"PER_SHARES":1000,"TOTAL_MARKET_CAP":349991056.8,"HKSK_MARKET_CAP":349991056.8,"PE_TTM":-2.372836811097,"PB_TTM":0.216273485923,"REPORT_DATE_SQ":"2021-12-31 00:00:00","REPORT_TYPE_SQ":"2021年年报","OPERATE_INCOME_SQ":835861096,"DPS_HKD":null,"OPERATE_INCOME_QOQ_SQ":68.823112827894,"NET_PROFIT_RATIO_SQ":146.5343551771,"HOLDER_PROFIT_SQ":676069352,"HOLDER_PROFIT_QOQ_SQ":85.882050311474,"ROE_AVG_SQ":53.133576266645,"PE_TTM_SQ":-1.153240050744,"PB_TTM_SQ":0.196833629041,"ROA_SQ":21.669902932976,"START_DATE":"2022-01-01 00:00:00","FISCAL_YEAR":"12-31","CURRENCY":"HKD","IS_CNY_CODE":0,"DPS_HKD_LY":0.06,"ORG_TYPE":"一般企业","PREMIUM_INCOME":null,"PREMIUM_INCOME_YOY":null,"NET_INTEREST_INCOME":null,"NET_INTEREST_INCOME_YOY":null,"FEE_COMMISSION_INCOME":null,"FEE_COMMISSION_INCOME_YOY":null,"ACCOUNTS_RECE_TDAYS":7.555524495073,"INVENTORY_TDAYS":20.85666246322,"CURRENT_ASSETS_TDAYS":1.441358806511,"TOTAL_ASSETS_TDAYS":0.265525879815,"PREMIUM_EXPENSE":null,"LOAN_DEPOSIT":null,"LOAN_EQUITY":null,"LOAN_ASSETS":null,"DEPOSIT_EQUITY":null,"DEPOSIT_ASSETS":null,"EQUITY_MULTIPLIER":1.336301084262,"EQUITY_RATIO":0.592228409773},{"SECUCODE":"00137.HK","SECURITY_CODE":"00137","SECURITY_NAME_ABBR":"金辉集团","ORG_CODE":"10007416","STD_REPORT_DATE":"2022-06-30 00:00:00","REPORT_DATE":"2022-06-30 00:00:00","DATE_TYPE_CODE":"002","REPORT_TYPE":"2022年中报","PER_NETCASH_OPERATE":0.633141825084,"PER_OI":1.04738259818,"BPS":3.365206348993,"BASIC_EPS":0.26083295,"DILUTED_EPS":0.26083295,"OPERATE_INCOME":555415973.35,"OPERATE_INCOME_YOY":73.1675776563,"GROSS_PROFIT":339681468,"GROSS_PROFIT_YOY":65.943815248481,"HOLDER_PROFIT":138522821.01,"HOLDER_PROFIT_YOY":-59.7207440195,"GROSS_PROFIT_RATIO":61.158030070905,"EPS_TTM":0.905127368942,"OPERATE_INCOME_QOQ":29.11301536996,"NET_PROFIT_RATIO":45.8805324382,"ROE_AVG":7.976316133526,"GROSS_PROFIT_QOQ":16.149189879272,"ROA":3.413649497928,"HOLDER_PROFIT_QOQ":-29.004395719154,"ROE_YEARLY":15.952632267052,"ROIC_YEARLY":11.070703121796,"TOTAL_ASSETS":4248470179.73,"TOTAL_LIABILITIES":1094135217.14,"TAX_EBT":0.04126118329,"OCF_SALES":60.449908771065,"TOTAL_PARENT_EQUITY":1784533524.9,"DEBT_ASSET_RATIO":25.7536282674,"OPERATE_PROFIT":261956669.66,"PRETAX_PROFIT":254932994.19,"NETCASH_OPERATE":335748449.19,"NETCASH_INVEST":-192670886.24,"NETCASH_FINANCE":-150992346.4,"END_CASH":222280984.8,"DIVI_RATIO":null,"DIVIDEND_RATE":null,"CURRENT_RATIO":1.420853753628,"COMMON_ACS":null,"CURRENTDEBT_DEBT":52.725561705979,"ISSUED_COMMON_SHARES":530289480,"HK_COMMON_SHARES":530289480,"PER_SHARES":1000,"TOTAL_MARKET_CAP":349991056.8,"HKSK_MARKET_CAP":349991056.8,"PE_TTM":-2.372836811097,"PB_TTM":0.216273485923,"REPORT_DATE_SQ":"2021-06-30 00:00:00","REPORT_TYPE_SQ":"2021年中报","OPERATE_INCOME_SQ":312071604,"DPS_HKD":null,"OPERATE_INCOME_QOQ_SQ":60.063134640135,"NET_PROFIT_RATIO_SQ":190.856152513,"HOLDER_PROFIT_SQ":334612651.2,"HOLDER_PROFIT_QOQ_SQ":603.428406962787,"ROE_AVG_SQ":29.998314114739,"PE_TTM_SQ":-1.153240050744,"PB_TTM_SQ":0.196833629041,"ROA_SQ":11.658977657782,"START_DATE":"2022-01-01 00:00:00","FISCAL_YEAR":"12-31","CURRENCY":"HKD","IS_CNY_CODE":0,"DPS_HKD_LY":0.06,"ORG_TYPE":"一般企业","PREMIUM_INCOME":null,"PREMIUM_INCOME_YOY":null,"NET_INTEREST_INCOME":null,"NET_INTEREST_INCOME_YOY":null,"FEE_COMMISSION_INCOME":null,"FEE_COMMISSION_INCOME_YOY":null,"ACCOUNTS_RECE_TDAYS":3.672592894182,"INVENTORY_TDAYS":7.83565515849,"CURRENT_ASSETS_TDAYS":0.687967077492,"TOTAL_ASSETS_TDAYS":0.136872426128,"PREMIUM_EXPENSE":null,"LOAN_DEPOSIT":null,"LOAN_EQUITY":null,"LOAN_ASSETS":null,"DEPOSIT_EQUITY":null,"DEPOSIT_ASSETS":null,"EQUITY_MULTIPLIER":1.346867162212,"EQUITY_RATIO":0.613121133267},{"SECUCODE":"00137.HK","SECURITY_CODE":"00137","SECURITY_NAME_ABBR":"金辉集团","ORG_CODE":"10007416","STD_REPORT_DATE":"2021-12-31 00:00:00","REPORT_DATE":"2021-12-31 00:00:00","DATE_TYPE_CODE":"001","REPORT_TYPE":"2021年年报","PER_NETCASH_OPERATE":1.057453908382,"PER_OI":1.576235485569,"BPS":3.044728487542,"BASIC_EPS":1.2746384,"DILUTED_EPS":1.2746384,"OPERATE_INCOME":835861096,"OPERATE_INCOME_YOY":178.1689853424,"GROSS_PROFIT":558291619.2,"GROSS_PROFIT_YOY":573.582989195708,"HOLDER_PROFIT":676069352,"HOLDER_PROFIT_YOY":1063.2979962721,"GROSS_PROFIT_RATIO":66.792391926326,"EPS_TTM":1.274906211604,"OPERATE_INCOME_QOQ":68.823112827894,"NET_PROFIT_RATIO":146.5343551771,"ROE_AVG":53.133576266645,"GROSS_PROFIT_QOQ":77.622667260985,"ROA":21.669902932976,"HOLDER_PROFIT_QOQ":85.882050311474,"ROE_YEARLY":53.133576266645,"ROIC_YEARLY":34.952822492356,"TOTAL_ASSETS":3697359713.6,"TOTAL_LIABILITIES":850891036.8,"TAX_EBT":0.098962626271,"OCF_SALES":67.087305041889,"TOTAL_PARENT_EQUITY":1614587486.4,"DEBT_ASSET_RATIO":23.013477257,"OPERATE_PROFIT":1239175817.6,"PRETAX_PROFIT":1226036985.6,"NETCASH_OPERATE":560756683.2,"NETCASH_INVEST":-446056396.8,"NETCASH_FINANCE":-127153969.6,"END_CASH":220077480,"DIVI_RATIO":null,"DIVIDEND_RATE":null,"CURRENT_RATIO":1.336312343221,"COMMON_ACS":null,"CURRENTDEBT_DEBT":66.842795070327,"ISSUED_COMMON_SHARES":530289480,"HK_COMMON_SHARES":530289480,"PER_SHARES":1000,"TOTAL_MARKET_CAP":349991056.8,"HKSK_MARKET_CAP":349991056.8,"PE_TTM":-2.372836811097,"PB_TTM":0.216273485923,"REPORT_DATE_SQ":"2020-12-31 00:00:00","REPORT_TYPE_SQ":"2020年年报","OPERATE_INCOME_SQ":309322057.72,"DPS_HKD":null,"OPERATE_INCOME_QOQ_SQ":-19.407968049593,"NET_PROFIT_RATIO_SQ":-37.6991371969,"HOLDER_PROFIT_SQ":-72246377.6,"HOLDER_PROFIT_QOQ_SQ":28.673062572221,"ROE_AVG_SQ":-7.295085972639,"PE_TTM_SQ":-1.153240050744,"PB_TTM_SQ":0.196833629041,"ROA_SQ":-2.619463431113,"START_DATE":"2021-01-01 00:00:00","FISCAL_YEAR":"12-31","CURRENCY":"HKD","IS_CNY_CODE":0,"DPS_HKD_LY":null,"ORG_TYPE":"一般企业","PREMIUM_INCOME":null,"PREMIUM_INCOME_YOY":null,"NET_INTEREST_INCOME":null,"NET_INTEREST_INCOME_YOY":null,"FEE_COMMISSION_INCOME":null,"FEE_COMMISSION_INCOME_YOY":null,"ACCOUNTS_RECE_TDAYS":7.826368208716,"INVENTORY_TDAYS":20.760923406207,"CURRENT_ASSETS_TDAYS":1.152189005272,"TOTAL_ASSETS_TDAYS":0.267916727214,"PREMIUM_EXPENSE":null,"LOAN_DEPOSIT":null,"LOAN_EQUITY":null,"LOAN_ASSETS":null,"DEPOSIT_EQUITY":null,"DEPOSIT_ASSETS":null,"EQUITY_MULTIPLIER":1.298928649289,"EQUITY_RATIO":0.52700212529},{"SECUCODE":"00137.HK","SECURITY_CODE":"00137","SECURITY_NAME_ABBR":"金辉集团","ORG_CODE":"10007416","STD_REPORT_DATE":"2021-06-30 00:00:00","REPORT_DATE":"2021-06-30 00:00:00","DATE_TYPE_CODE":"002","REPORT_TYPE":"2021年中报","PER_NETCASH_OPERATE":0.410236287697,"PER_OI":0.588492919,"BPS":2.421692688906,"BASIC_EPS":0.63071664,"DILUTED_EPS":0.63071664,"OPERATE_INCOME":312071604,"OPERATE_INCOME_YOY":171.2839059675,"GROSS_PROFIT":204696672.48,"GROSS_PROFIT_YOY":865.715412858856,"HOLDER_PROFIT":334612651.2,"HOLDER_PROFIT_YOY":462.4646224289,"GROSS_PROFIT_RATIO":65.592854286095,"EPS_TTM":0.685868382379,"OPERATE_INCOME_QOQ":60.063134640135,"NET_PROFIT_RATIO":190.856152513,"ROE_AVG":29.998314114739,"GROSS_PROFIT_QOQ":279.221300739729,"ROA":11.658977657782,"HOLDER_PROFIT_QOQ":603.428406962787,"ROE_YEARLY":59.996628229477,"ROIC_YEARLY":38.270445017403,"TOTAL_ASSETS":3152625475.92,"TOTAL_LIABILITIES":906206678.88,"TAX_EBT":0.24652475351,"OCF_SALES":69.709638714838,"TOTAL_PARENT_EQUITY":1284198156.72,"DEBT_ASSET_RATIO":28.7445078967,"OPERATE_PROFIT":604355513.52,"PRETAX_PROFIT":597079806,"NETCASH_OPERATE":217543987.68,"NETCASH_INVEST":-61223614.32,"NETCASH_FINANCE":-48100880.64,"END_CASH":344868869.28,"DIVI_RATIO":null,"DIVIDEND_RATE":null,"CURRENT_RATIO":1.422953736411,"COMMON_ACS":null,"CURRENTDEBT_DEBT":66.882964247084,"ISSUED_COMMON_SHARES":530289480,"HK_COMMON_SHARES":530289480,"PER_SHARES":1000,"TOTAL_MARKET_CAP":349991056.8,"HKSK_MARKET_CAP":349991056.8,"PE_TTM":-2.372836811097,"PB_TTM":0.216273485923,"REPORT_DATE_SQ":"2020-06-30 00:00:00","REPORT_TYPE_SQ":"2020年中报","OPERATE_INCOME_SQ":126283080,"DPS_HKD":null,"OPERATE_INCOME_QOQ_SQ":-13.027221665149,"NET_PROFIT_RATIO_SQ":-139.3895117541,"HOLDER_PROFIT_SQ":-101342514.24,"HOLDER_PROFIT_QOQ_SQ":-3177.49503711606,"ROE_AVG_SQ":-9.568166480888,"PE_TTM_SQ":-1.153240050744,"PB_TTM_SQ":0.196833629041,"ROA_SQ":-3.367131814989,"START_DATE":"2021-01-01 00:00:00","FISCAL_YEAR":"12-31","CURRENCY":"HKD","IS_CNY_CODE":0,"DPS_HKD_LY":null,"ORG_TYPE":"一般企业","PREMIUM_INCOME":null,"PREMIUM_INCOME_YOY":null,"NET_INTEREST_INCOME":null,"NET_INTEREST_INCOME_YOY":null,"FEE_COMMISSION_INCOME":null,"FEE_COMMISSION_INCOME_YOY":null,"ACCOUNTS_RECE_TDAYS":3.827255611284,"INVENTORY_TDAYS":19.986680089832,"CURRENT_ASSETS_TDAYS":0.398672332374,"TOTAL_ASSETS_TDAYS":0.108735752985,"PREMIUM_EXPENSE":null,"LOAN_DEPOSIT":null,"LOAN_EQUITY":null,"LOAN_ASSETS":null,"DEPOSIT_EQUITY":null,"DEPOSIT_ASSETS":null,"EQUITY_MULTIPLIER":1.403400594792,"EQUITY_RATIO":0.705659538707},{"SECUCODE":"00137.HK","SECURITY_CODE":"00137","SECURITY_NAME_ABBR":"金辉集团","ORG_CODE":"10007416","STD_REPORT_DATE":"2020-12-31 00:00:00","REPORT_DATE":"2020-12-31 00:00:00","DATE_TYPE_CODE":"001","REPORT_TYPE":"2020年年报","PER_NETCASH_OPERATE":0.321967413044,"PER_OI":0.583307927813,"BPS":1.805721035612,"BASIC_EPS":-0.13634568,"DILUTED_EPS":-0.13634568,"OPERATE_INCOME":309322057.72,"OPERATE_INCOME_YOY":-25.3980046484,"GROSS_PROFIT":82883865.56,"GROSS_PROFIT_YOY":-61.075175349404,"HOLDER_PROFIT":-72246377.6,"HOLDER_PROFIT_YOY":-2388.115942029,"GROSS_PROFIT_RATIO":26.795329816093,"EPS_TTM":-0.136239507523,"OPERATE_INCOME_QOQ":-19.407968049593,"NET_PROFIT_RATIO":-37.6991371969,"ROE_AVG":-7.295085972639,"GROSS_PROFIT_QOQ":-23.712681226225,"ROA":-2.619463431113,"HOLDER_PROFIT_QOQ":28.673062572221,"ROE_YEARLY":-7.295085972639,"ROIC_YEARLY":-4.044114962354,"TOTAL_ASSETS":2617101462.64,"TOTAL_LIABILITIES":952603500.88,"TAX_EBT":-1.328097003737,"OCF_SALES":55.196817614136,"TOTAL_PARENT_EQUITY":957554869,"DEBT_ASSET_RATIO":36.3991810971,"OPERATE_PROFIT":-91479534.88,"PRETAX_PROFIT":-115083328.68,"NETCASH_OPERATE":170735932.04,"NETCASH_INVEST":-28286678.76,"NETCASH_FINANCE":-153639698.72,"END_CASH":239368307.48,"DIVI_RATIO":null,"DIVIDEND_RATE":null,"CURRENT_RATIO":1.222268509478,"COMMON_ACS":null,"CURRENTDEBT_DEBT":61.080521839621,"ISSUED_COMMON_SHARES":530289480,"HK_COMMON_SHARES":530289480,"PER_SHARES":1000,"TOTAL_MARKET_CAP":349991056.8,"HKSK_MARKET_CAP":349991056.8,"PE_TTM":-2.372836811097,"PB_TTM":0.216273485923,"REPORT_DATE_SQ":"2019-12-31 00:00:00","REPORT_TYPE_SQ":"2019年年报","OPERATE_INCOME_SQ":441301538.1,"DPS_HKD":null,"OPERATE_INCOME_QOQ_SQ":0.230402869135,"NET_PROFIT_RATIO_SQ":2.4530848786,"HOLDER_PROFIT_SQ":-3090441,"HOLDER_PROFIT_QOQ_SQ":-113.338922185862,"ROE_AVG_SQ":-0.282608401825,"PE_TTM_SQ":-1.153240050744,"PB_TTM_SQ":0.196833629041,"ROA_SQ":-0.105524498047,"START_DATE":"2020-01-01 00:00:00","FISCAL_YEAR":"12-31","CURRENCY":"HKD","IS_CNY_CODE":0,"DPS_HKD_LY":null,"ORG_TYPE":"一般企业","PREMIUM_INCOME":null,"PREMIUM_INCOME_YOY":null,"NET_INTEREST_INCOME":null,"NET_INTEREST_INCOME_YOY":null,"FEE_COMMISSION_INCOME":null,"FEE_COMMISSION_INCOME_YOY":null,"ACCOUNTS_RECE_TDAYS":3.901849413963,"INVENTORY_TDAYS":28.833351194942,"CURRENT_ASSETS_TDAYS":0.396488678664,"TOTAL_ASSETS_TDAYS":0.112152033853,"PREMIUM_EXPENSE":null,"LOAN_DEPOSIT":null,"LOAN_EQUITY":null,"LOAN_ASSETS":null,"DEPOSIT_EQUITY":null,"DEPOSIT_ASSETS":null,"EQUITY_MULTIPLIER":1.572306799267,"EQUITY_RATIO":0.994829154673},{"SECUCODE":"00137.HK","SECURITY_CODE":"00137","SECURITY_NAME_ABBR":"金辉集团","ORG_CODE":"10007416","STD_REPORT_DATE":"2020-06-30 00:00:00","REPORT_DATE":"2020-06-30 00:00:00","DATE_TYPE_CODE":"002","REPORT_TYPE":"2020年中报","PER_NETCASH_OPERATE":0.122029254512,"PER_OI":0.238139892951,"BPS":1.900683626611,"BASIC_EPS":-0.19090896,"DILUTED_EPS":-0.19090896,"OPERATE_INCOME":126283080,"OPERATE_INCOME_YOY":-33.824127747,"GROSS_PROFIT":-26732735.04,"GROSS_PROFIT_YOY":-134.470071949428,"HOLDER_PROFIT":-101342514.24,"HOLDER_PROFIT_YOY":-3004.2529378847,"GROSS_PROFIT_RATIO":-21.168896925859,"EPS_TTM":-0.191007089939,"OPERATE_INCOME_QOQ":-13.027221665149,"NET_PROFIT_RATIO":-139.3895117541,"ROE_AVG":-9.568166480888,"GROSS_PROFIT_QOQ":-48.976022127576,"ROA":-3.367131814989,"HOLDER_PROFIT_QOQ":-3177.49503711606,"ROE_YEARLY":-19.136332961776,"ROIC_YEARLY":-10.285646740888,"TOTAL_ASSETS":2873182588.32,"TOTAL_LIABILITIES":1130869776.96,"TAX_EBT":null,"OCF_SALES":51.242676311031,"TOTAL_PARENT_EQUITY":1007912532,"DEBT_ASSET_RATIO":39.3594817662,"OPERATE_PROFIT":-160012765.44,"PRETAX_PROFIT":-176025368.64,"NETCASH_OPERATE":64710829.92,"NETCASH_INVEST":-9007431.84,"NETCASH_FINANCE":-65584992,"END_CASH":262052234.4,"DIVI_RATIO":null,"DIVIDEND_RATE":null,"CURRENT_RATIO":1.056869580248,"COMMON_ACS":null,"CURRENTDEBT_DEBT":61.681827801175,"ISSUED_COMMON_SHARES":530289480,"HK_COMMON_SHARES":530289480,"PER_SHARES":1000,"TOTAL_MARKET_CAP":349991056.8,"HKSK_MARKET_CAP":349991056.8,"PE_TTM":-2.372836811097,"PB_TTM":0.216273485923,"REPORT_DATE_SQ":"2019-06-30 00:00:00","REPORT_TYPE_SQ":"2019年中报","OPERATE_INCOME_SQ":183772409.58,"DPS_HKD":null,"OPERATE_INCOME_QOQ_SQ":-15.359095110205,"NET_PROFIT_RATIO_SQ":-0.3570864427,"HOLDER_PROFIT_SQ":-3143904.84,"HOLDER_PROFIT_QOQ_SQ":-45.166970114207,"ROE_AVG_SQ":-0.292305232419,"PE_TTM_SQ":-1.153240050744,"PB_TTM_SQ":0.196833629041,"ROA_SQ":-0.111490214581,"START_DATE":"2020-01-01 00:00:00","FISCAL_YEAR":"12-31","CURRENCY":"HKD","IS_CNY_CODE":0,"DPS_HKD_LY":null,"ORG_TYPE":"一般企业","PREMIUM_INCOME":null,"PREMIUM_INCOME_YOY":null,"NET_INTEREST_INCOME":null,"NET_INTEREST_INCOME_YOY":null,"FEE_COMMISSION_INCOME":null,"FEE_COMMISSION_INCOME_YOY":null,"ACCOUNTS_RECE_TDAYS":1.842891039484,"INVENTORY_TDAYS":13.292810664974,"CURRENT_ASSETS_TDAYS":0.152260895327,"TOTAL_ASSETS_TDAYS":0.041957887028,"PREMIUM_EXPENSE":null,"LOAN_DEPOSIT":null,"LOAN_EQUITY":null,"LOAN_ASSETS":null,"DEPOSIT_EQUITY":null,"DEPOSIT_ASSETS":null,"EQUITY_MULTIPLIER":1.649062424144,"EQUITY_RATIO":1.121991979518}],"count":49},"success":true,"message":"ok","code":0}