{"version":"464686f066165df155599267bc560aed","result":{"pages":6,"data":[{"SECUCODE":"00148.HK","SECURITY_CODE":"00148","SECURITY_NAME_ABBR":"建滔集团","ORG_CODE":"10007426","STD_REPORT_DATE":"2024-06-30 00:00:00","REPORT_DATE":"2024-06-30 00:00:00","DATE_TYPE_CODE":"002","REPORT_TYPE":"2024年中报","PER_NETCASH_OPERATE":-0.261567381905,"PER_OI":16.811613216374,"BPS":49.539135610525,"BASIC_EPS":1.2412448,"DILUTED_EPS":1.2412448,"OPERATE_INCOME":18632508228.8,"OPERATE_INCOME_YOY":9.0561574713,"GROSS_PROFIT":4186723273.8,"GROSS_PROFIT_YOY":17.030508696063,"HOLDER_PROFIT":1375343047.04,"HOLDER_PROFIT_YOY":8.4425906856,"GROSS_PROFIT_RATIO":22.469992887638,"EPS_TTM":1.77175505506,"OPERATE_INCOME_QOQ":3.815610073409,"NET_PROFIT_RATIO":8.4322777779,"ROE_AVG":2.513659313531,"GROSS_PROFIT_QOQ":8.855304582718,"ROA":1.516203786036,"HOLDER_PROFIT_QOQ":5.036162622159,"ROE_YEARLY":5.027318627062,"ROIC_YEARLY":3.327378561012,"TOTAL_ASSETS":91092692425.6,"TOTAL_LIABILITIES":31813311402.36,"TAX_EBT":19.508982551099,"OCF_SALES":-1.555873184437,"TOTAL_PARENT_EQUITY":54904805388.44,"DEBT_ASSET_RATIO":34.924109229,"OPERATE_PROFIT":2415584679.92,"PRETAX_PROFIT":1951950541.36,"NETCASH_OPERATE":-289898199.12,"NETCASH_INVEST":-810111196.24,"NETCASH_FINANCE":1062087541.36,"END_CASH":3693407868.96,"DIVI_RATIO":0.390184409535,"DIVIDEND_RATE":3.370288248337,"CURRENT_RATIO":2.223180164086,"COMMON_ACS":2000000000,"CURRENTDEBT_DEBT":56.870937386599,"ISSUED_COMMON_SHARES":1108311736,"HK_COMMON_SHARES":1108311736,"PER_SHARES":500,"TOTAL_MARKET_CAP":24992429646.8,"HKSK_MARKET_CAP":24992429646.8,"PE_TTM":11.462892388994,"PB_TTM":0.415447983627,"REPORT_DATE_SQ":"2023-06-30 00:00:00","REPORT_TYPE_SQ":"2023年中报","OPERATE_INCOME_SQ":17259336522.8,"DPS_HKD":0.76,"OPERATE_INCOME_QOQ_SQ":-14.825756629294,"NET_PROFIT_RATIO_SQ":8.1544146163,"HOLDER_PROFIT_SQ":1281191705.82,"HOLDER_PROFIT_QOQ_SQ":-23.873332838154,"ROE_AVG_SQ":2.332285881481,"PE_TTM_SQ":6.418015200805,"PB_TTM_SQ":0.286148131267,"ROA_SQ":1.416477207102,"START_DATE":"2024-01-01 00:00:00","FISCAL_YEAR":"12-31","CURRENCY":"HKD","IS_CNY_CODE":0,"DPS_HKD_LY":0.76,"ORG_TYPE":"一般企业","PREMIUM_INCOME":null,"PREMIUM_INCOME_YOY":null,"NET_INTEREST_INCOME":null,"NET_INTEREST_INCOME_YOY":null,"FEE_COMMISSION_INCOME":null,"FEE_COMMISSION_INCOME_YOY":null,"ACCOUNTS_RECE_TDAYS":1.723494909609,"INVENTORY_TDAYS":0.817277352835,"CURRENT_ASSETS_TDAYS":0.462681929574,"TOTAL_ASSETS_TDAYS":0.205408240371,"PREMIUM_EXPENSE":null,"LOAN_DEPOSIT":null,"LOAN_EQUITY":null,"LOAN_ASSETS":null,"DEPOSIT_EQUITY":null,"DEPOSIT_ASSETS":null,"EQUITY_MULTIPLIER":1.53666740194,"EQUITY_RATIO":0.579426721892},{"SECUCODE":"00148.HK","SECURITY_CODE":"00148","SECURITY_NAME_ABBR":"建滔集团","ORG_CODE":"10007426","STD_REPORT_DATE":"2023-12-31 00:00:00","REPORT_DATE":"2023-12-31 00:00:00","DATE_TYPE_CODE":"001","REPORT_TYPE":"2023年年报","PER_NETCASH_OPERATE":4.342437116501,"PER_OI":32.471244032536,"BPS":48.848004046959,"BASIC_EPS":1.68647542,"DILUTED_EPS":1.68647542,"OPERATE_INCOME":35988260843.78,"OPERATE_INCOME_YOY":-19.5710899534,"GROSS_PROFIT":6880171766.3,"GROSS_PROFIT_YOY":-37.750112528912,"HOLDER_PROFIT":1869505579.62,"HOLDER_PROFIT_YOY":-43.5609621309,"GROSS_PROFIT_RATIO":19.117822325913,"EPS_TTM":1.686804821148,"OPERATE_INCOME_QOQ":-4.202363801927,"NET_PROFIT_RATIO":5.9026806648,"ROE_AVG":3.444053330121,"GROSS_PROFIT_QOQ":-9.835574210069,"ROA":2.102265741875,"HOLDER_PROFIT_QOQ":-24.78686711616,"ROE_YEARLY":3.444053330121,"ROIC_YEARLY":2.342307813752,"TOTAL_ASSETS":89687257631.72,"TOTAL_LIABILITIES":31295314482.88,"TAX_EBT":15.913019678152,"OCF_SALES":13.373177547955,"TOTAL_PARENT_EQUITY":54138816165.42,"DEBT_ASSET_RATIO":34.8938247297,"OPERATE_PROFIT":3385791977.4,"PRETAX_PROFIT":2526279462.42,"NETCASH_OPERATE":4812774019.06,"NETCASH_INVEST":-7468527851.54,"NETCASH_FINANCE":563924394.04,"END_CASH":3704919162.84,"DIVI_RATIO":0.409834730926,"DIVIDEND_RATE":3.909465020576,"CURRENT_RATIO":2.334488481049,"COMMON_ACS":2000000000,"CURRENTDEBT_DEBT":54.79577692693,"ISSUED_COMMON_SHARES":1108311736,"HK_COMMON_SHARES":1108311736,"PER_SHARES":500,"TOTAL_MARKET_CAP":21545580147.84,"HKSK_MARKET_CAP":21545580147.84,"PE_TTM":9.881979070601,"PB_TTM":0.358151166373,"REPORT_DATE_SQ":"2022-12-31 00:00:00","REPORT_TYPE_SQ":"2022年年报","OPERATE_INCOME_SQ":44106011086.27,"DPS_HKD":0.76,"OPERATE_INCOME_QOQ_SQ":-8.081302953985,"NET_PROFIT_RATIO_SQ":8.4829925433,"HOLDER_PROFIT_SQ":3265098369.4,"HOLDER_PROFIT_QOQ_SQ":-50.982116630846,"ROE_AVG_SQ":5.93983365908,"PE_TTM_SQ":7.082527914912,"PB_TTM_SQ":0.315775526248,"ROA_SQ":3.635065036574,"START_DATE":"2023-01-01 00:00:00","FISCAL_YEAR":"12-31","CURRENCY":"HKD","IS_CNY_CODE":0,"DPS_HKD_LY":1.25,"ORG_TYPE":"一般企业","PREMIUM_INCOME":null,"PREMIUM_INCOME_YOY":null,"NET_INTEREST_INCOME":null,"NET_INTEREST_INCOME_YOY":null,"FEE_COMMISSION_INCOME":null,"FEE_COMMISSION_INCOME_YOY":null,"ACCOUNTS_RECE_TDAYS":3.518621159431,"INVENTORY_TDAYS":1.622102400108,"CURRENT_ASSETS_TDAYS":0.888215168673,"TOTAL_ASSETS_TDAYS":0.404689286335,"PREMIUM_EXPENSE":null,"LOAN_DEPOSIT":null,"LOAN_EQUITY":null,"LOAN_ASSETS":null,"DEPOSIT_EQUITY":null,"DEPOSIT_ASSETS":null,"EQUITY_MULTIPLIER":1.535952612557,"EQUITY_RATIO":0.578056867503},{"SECUCODE":"00148.HK","SECURITY_CODE":"00148","SECURITY_NAME_ABBR":"建滔集团","ORG_CODE":"10007426","STD_REPORT_DATE":"2023-06-30 00:00:00","REPORT_DATE":"2023-06-30 00:00:00","DATE_TYPE_CODE":"002","REPORT_TYPE":"2023年中报","PER_NETCASH_OPERATE":0.901194919297,"PER_OI":15.572637158107,"BPS":49.168291743488,"BASIC_EPS":1.15524094,"DILUTED_EPS":1.15524094,"OPERATE_INCOME":17259336522.8,"OPERATE_INCOME_YOY":-32.7305775518,"GROSS_PROFIT":3577463108.08,"GROSS_PROFIT_YOY":-48.888079326396,"HOLDER_PROFIT":1281191705.82,"HOLDER_PROFIT_YOY":-42.3306867152,"GROSS_PROFIT_RATIO":20.727697749876,"EPS_TTM":2.242699853699,"OPERATE_INCOME_QOQ":-14.825756629294,"NET_PROFIT_RATIO":8.1544146163,"ROE_AVG":2.332285881481,"GROSS_PROFIT_QOQ":-30.959591961334,"ROA":1.416477207102,"HOLDER_PROFIT_QOQ":-23.873332838154,"ROE_YEARLY":4.664571762961,"ROIC_YEARLY":3.162632150016,"TOTAL_ASSETS":91195976462.34,"TOTAL_LIABILITIES":32659892217.1,"TAX_EBT":15.830529053588,"OCF_SALES":5.787041142402,"TOTAL_PARENT_EQUITY":54493794778.38,"DEBT_ASSET_RATIO":35.8128653084,"OPERATE_PROFIT":2055582069.4,"PRETAX_PROFIT":1672100162.06,"NETCASH_OPERATE":998804905.48,"NETCASH_INVEST":-4797468533.18,"NETCASH_FINANCE":1994948976.68,"END_CASH":4367407274.26,"DIVI_RATIO":0.308249540776,"DIVIDEND_RATE":4.117009750813,"CURRENT_RATIO":2.219400729219,"COMMON_ACS":2000000000,"CURRENTDEBT_DEBT":58.457095536047,"ISSUED_COMMON_SHARES":1108311736,"HK_COMMON_SHARES":1108311736,"PER_SHARES":500,"TOTAL_MARKET_CAP":20459434646.56,"HKSK_MARKET_CAP":20459434646.56,"PE_TTM":9.383813459017,"PB_TTM":0.340096220743,"REPORT_DATE_SQ":"2022-06-30 00:00:00","REPORT_TYPE_SQ":"2022年中报","OPERATE_INCOME_SQ":23798386385.34,"DPS_HKD":0.76,"OPERATE_INCOME_QOQ_SQ":3.406256289917,"NET_PROFIT_RATIO_SQ":10.4269570428,"HOLDER_PROFIT_SQ":2060679507.04,"HOLDER_PROFIT_QOQ_SQ":-24.410518835062,"ROE_AVG_SQ":3.87186664953,"PE_TTM_SQ":7.208701215059,"PB_TTM_SQ":0.321400980991,"ROA_SQ":2.353481006384,"START_DATE":"2023-01-01 00:00:00","FISCAL_YEAR":"12-31","CURRENCY":"HKD","IS_CNY_CODE":0,"DPS_HKD_LY":1.25,"ORG_TYPE":"一般企业","PREMIUM_INCOME":null,"PREMIUM_INCOME_YOY":null,"NET_INTEREST_INCOME":null,"NET_INTEREST_INCOME_YOY":null,"FEE_COMMISSION_INCOME":null,"FEE_COMMISSION_INCOME_YOY":null,"ACCOUNTS_RECE_TDAYS":1.678203505571,"INVENTORY_TDAYS":0.721640742814,"CURRENT_ASSETS_TDAYS":0.410506915361,"TOTAL_ASSETS_TDAYS":0.190818100704,"PREMIUM_EXPENSE":null,"LOAN_DEPOSIT":null,"LOAN_EQUITY":null,"LOAN_ASSETS":null,"DEPOSIT_EQUITY":null,"DEPOSIT_ASSETS":null,"EQUITY_MULTIPLIER":1.557944601834,"EQUITY_RATIO":0.599332315724},{"SECUCODE":"00148.HK","SECURITY_CODE":"00148","SECURITY_NAME_ABBR":"建滔集团","ORG_CODE":"10007426","STD_REPORT_DATE":"2022-12-31 00:00:00","REPORT_DATE":"2022-12-31 00:00:00","DATE_TYPE_CODE":"001","REPORT_TYPE":"2022年年报","PER_NETCASH_OPERATE":8.527468879016,"PER_OI":39.778444999404,"BPS":48.404884419495,"BASIC_EPS":2.94511119,"DILUTED_EPS":2.94511119,"OPERATE_INCOME":44106011086.27,"OPERATE_INCOME_YOY":-13.0020921051,"GROSS_PROFIT":11052504744.68,"GROSS_PROFIT_YOY":-28.17709918288,"HOLDER_PROFIT":3265098369.4,"HOLDER_PROFIT_YOY":-66.0863875706,"GROSS_PROFIT_RATIO":25.058953354593,"EPS_TTM":2.944735484031,"OPERATE_INCOME_QOQ":-8.081302953985,"NET_PROFIT_RATIO":8.4829925433,"ROE_AVG":5.93983365908,"GROSS_PROFIT_QOQ":-27.080666128748,"ROA":3.635065036574,"HOLDER_PROFIT_QOQ":-50.982116630846,"ROE_YEARLY":5.93983365908,"ROIC_YEARLY":4.093216034907,"TOTAL_ASSETS":86909052993.77,"TOTAL_LIABILITIES":29118208036.4,"TAX_EBT":38.195226493093,"OCF_SALES":21.437411339593,"TOTAL_PARENT_EQUITY":53647701481.85,"DEBT_ASSET_RATIO":33.5042288845,"OPERATE_PROFIT":6269160913.05,"PRETAX_PROFIT":6053755105.44,"NETCASH_OPERATE":9455187022.05,"NETCASH_INVEST":-4762335014.5,"NETCASH_FINANCE":-3365034737.19,"END_CASH":5978956248.72,"DIVI_RATIO":0.234761731147,"DIVIDEND_RATE":3.909465020576,"CURRENT_RATIO":2.64027725161,"COMMON_ACS":2000000000,"CURRENTDEBT_DEBT":52.570248106286,"ISSUED_COMMON_SHARES":1108311736,"HK_COMMON_SHARES":1108311736,"PER_SHARES":500,"TOTAL_MARKET_CAP":21545580147.84,"HKSK_MARKET_CAP":21545580147.84,"PE_TTM":9.881979070601,"PB_TTM":0.358151166373,"REPORT_DATE_SQ":"2021-12-31 00:00:00","REPORT_TYPE_SQ":"2021年年报","OPERATE_INCOME_SQ":46403112022.4,"DPS_HKD":0.76,"OPERATE_INCOME_QOQ_SQ":14.189650826607,"NET_PROFIT_RATIO_SQ":22.1196377274,"HOLDER_PROFIT_SQ":8812118963.2,"HOLDER_PROFIT_QOQ_SQ":22.349920716786,"ROE_AVG_SQ":18.132308003541,"PE_TTM_SQ":7.082527914912,"PB_TTM_SQ":0.315775526248,"ROA_SQ":10.938560516706,"START_DATE":"2022-01-01 00:00:00","FISCAL_YEAR":"12-31","CURRENCY":"HKD","IS_CNY_CODE":0,"DPS_HKD_LY":2.74,"ORG_TYPE":"一般企业","PREMIUM_INCOME":null,"PREMIUM_INCOME_YOY":null,"NET_INTEREST_INCOME":null,"NET_INTEREST_INCOME_YOY":null,"FEE_COMMISSION_INCOME":null,"FEE_COMMISSION_INCOME_YOY":null,"ACCOUNTS_RECE_TDAYS":3.535970096014,"INVENTORY_TDAYS":1.682057740055,"CURRENT_ASSETS_TDAYS":1.033941085552,"TOTAL_ASSETS_TDAYS":0.491036411965,"PREMIUM_EXPENSE":null,"LOAN_DEPOSIT":null,"LOAN_EQUITY":null,"LOAN_ASSETS":null,"DEPOSIT_EQUITY":null,"DEPOSIT_ASSETS":null,"EQUITY_MULTIPLIER":1.503855032019,"EQUITY_RATIO":0.542767112702},{"SECUCODE":"00148.HK","SECURITY_CODE":"00148","SECURITY_NAME_ABBR":"建滔集团","ORG_CODE":"10007426","STD_REPORT_DATE":"2022-06-30 00:00:00","REPORT_DATE":"2022-06-30 00:00:00","DATE_TYPE_CODE":"002","REPORT_TYPE":"2022年中报","PER_NETCASH_OPERATE":2.697636285368,"PER_OI":21.463351153025,"BPS":47.416323441052,"BASIC_EPS":1.85832787,"DILUTED_EPS":1.85832787,"OPERATE_INCOME":23798386385.34,"OPERATE_INCOME_YOY":4.2195919239,"GROSS_PROFIT":6999273478.54,"GROSS_PROFIT_YOY":-3.200068555736,"HOLDER_PROFIT":2060679507.04,"HOLDER_PROFIT_YOY":-52.3953969088,"GROSS_PROFIT_RATIO":29.410706109266,"EPS_TTM":6.00747172589,"OPERATE_INCOME_QOQ":3.406256289917,"NET_PROFIT_RATIO":10.4269570428,"ROE_AVG":3.87186664953,"GROSS_PROFIT_QOQ":-1.503624616303,"ROA":2.353481006384,"HOLDER_PROFIT_QOQ":-24.410518835062,"ROE_YEARLY":7.743733299061,"ROIC_YEARLY":5.302281802326,"TOTAL_ASSETS":86335374636.28,"TOTAL_LIABILITIES":29519769971.44,"TAX_EBT":35.815187180349,"OCF_SALES":12.568569866538,"TOTAL_PARENT_EQUITY":52552067747.69,"DEBT_ASSET_RATIO":34.1919753007,"OPERATE_PROFIT":3867923457.58,"PRETAX_PROFIT":3866097626.93,"NETCASH_OPERATE":2991116819.95,"NETCASH_INVEST":-1951951505.63,"NETCASH_FINANCE":84990492.58,"END_CASH":5838268389.73,"DIVI_RATIO":0.115075231569,"DIVIDEND_RATE":4.117009750813,"CURRENT_RATIO":2.074056601654,"COMMON_ACS":2000000000,"CURRENTDEBT_DEBT":64.485710451732,"ISSUED_COMMON_SHARES":1108311736,"HK_COMMON_SHARES":1108311736,"PER_SHARES":500,"TOTAL_MARKET_CAP":20459434646.56,"HKSK_MARKET_CAP":20459434646.56,"PE_TTM":9.383813459017,"PB_TTM":0.340096220743,"REPORT_DATE_SQ":"2021-06-30 00:00:00","REPORT_TYPE_SQ":"2021年中报","OPERATE_INCOME_SQ":22217777463.36,"DPS_HKD":0.76,"OPERATE_INCOME_QOQ_SQ":10.969128834517,"NET_PROFIT_RATIO_SQ":22.25060682,"HOLDER_PROFIT_SQ":4211763466.32,"HOLDER_PROFIT_QOQ_SQ":81.964230334247,"ROE_AVG_SQ":8.835618533044,"PE_TTM_SQ":7.208701215059,"PB_TTM_SQ":0.321400980991,"ROA_SQ":5.306294717355,"START_DATE":"2022-01-01 00:00:00","FISCAL_YEAR":"12-31","CURRENCY":"HKD","IS_CNY_CODE":0,"DPS_HKD_LY":2.74,"ORG_TYPE":"一般企业","PREMIUM_INCOME":null,"PREMIUM_INCOME_YOY":null,"NET_INTEREST_INCOME":null,"NET_INTEREST_INCOME_YOY":null,"FEE_COMMISSION_INCOME":null,"FEE_COMMISSION_INCOME_YOY":null,"ACCOUNTS_RECE_TDAYS":1.835743786422,"INVENTORY_TDAYS":0.85619598956,"CURRENT_ASSETS_TDAYS":0.577154916352,"TOTAL_ASSETS_TDAYS":0.27179893889,"PREMIUM_EXPENSE":null,"LOAN_DEPOSIT":null,"LOAN_EQUITY":null,"LOAN_ASSETS":null,"DEPOSIT_EQUITY":null,"DEPOSIT_ASSETS":null,"EQUITY_MULTIPLIER":1.519571518169,"EQUITY_RATIO":0.561724233443},{"SECUCODE":"00148.HK","SECURITY_CODE":"00148","SECURITY_NAME_ABBR":"建滔集团","ORG_CODE":"10007426","STD_REPORT_DATE":"2021-12-31 00:00:00","REPORT_DATE":"2021-12-31 00:00:00","DATE_TYPE_CODE":"001","REPORT_TYPE":"2021年年报","PER_NETCASH_OPERATE":7.005081330801,"PER_OI":41.850160418584,"BPS":46.487678650008,"BASIC_EPS":7.9544304,"DILUTED_EPS":7.9503424,"OPERATE_INCOME":46403112022.4,"OPERATE_INCOME_YOY":30.4410861674,"GROSS_PROFIT":15388552424,"GROSS_PROFIT_YOY":49.54012520238,"HOLDER_PROFIT":8812118963.2,"HOLDER_PROFIT_YOY":129.1792015283,"GROSS_PROFIT_RATIO":33.162759464433,"EPS_TTM":7.947496970883,"OPERATE_INCOME_QOQ":14.189650826607,"NET_PROFIT_RATIO":22.1196377274,"ROE_AVG":18.132308003541,"GROSS_PROFIT_QOQ":18.802357011451,"ROA":10.938560516706,"HOLDER_PROFIT_QOQ":22.349920716786,"ROE_YEARLY":18.132308003541,"ROIC_YEARLY":12.361278946559,"TOTAL_ASSETS":84879771916.8,"TOTAL_LIABILITIES":28724311560,"TAX_EBT":19.404666982524,"OCF_SALES":16.738481431699,"TOTAL_PARENT_EQUITY":51522839827.2,"DEBT_ASSET_RATIO":33.8411743002,"OPERATE_PROFIT":12746747832,"PRETAX_PROFIT":12735477216,"NETCASH_OPERATE":7767176289.6,"NETCASH_INVEST":-4915637675.2,"NETCASH_FINANCE":-3814741728,"END_CASH":4506903083.2,"DIVI_RATIO":0.086984770492,"DIVIDEND_RATE":4.117009750813,"CURRENT_RATIO":1.872343522784,"COMMON_ACS":2000000000,"CURRENTDEBT_DEBT":76.413725477639,"ISSUED_COMMON_SHARES":1108311736,"HK_COMMON_SHARES":1108311736,"PER_SHARES":500,"TOTAL_MARKET_CAP":20459434646.56,"HKSK_MARKET_CAP":20459434646.56,"PE_TTM":9.383813459017,"PB_TTM":0.340096220743,"REPORT_DATE_SQ":"2020-12-31 00:00:00","REPORT_TYPE_SQ":"2020年年报","OPERATE_INCOME_SQ":36619987009.36,"DPS_HKD":0.76,"OPERATE_INCOME_QOQ_SQ":-6.154008213547,"NET_PROFIT_RATIO_SQ":13.3953488778,"HOLDER_PROFIT_SQ":3958135289.76,"HOLDER_PROFIT_QOQ_SQ":60.164869450526,"ROE_AVG_SQ":8.868892434522,"PE_TTM_SQ":7.208701215059,"PB_TTM_SQ":0.321400980991,"ROA_SQ":4.943008844914,"START_DATE":"2021-01-01 00:00:00","FISCAL_YEAR":"12-31","CURRENCY":"HKD","IS_CNY_CODE":0,"DPS_HKD_LY":1.56,"ORG_TYPE":"一般企业","PREMIUM_INCOME":null,"PREMIUM_INCOME_YOY":null,"NET_INTEREST_INCOME":null,"NET_INTEREST_INCOME_YOY":null,"FEE_COMMISSION_INCOME":null,"FEE_COMMISSION_INCOME_YOY":null,"ACCOUNTS_RECE_TDAYS":3.874218312564,"INVENTORY_TDAYS":1.633567253706,"CURRENT_ASSETS_TDAYS":1.184592222872,"TOTAL_ASSETS_TDAYS":0.576005897265,"PREMIUM_EXPENSE":null,"LOAN_DEPOSIT":null,"LOAN_EQUITY":null,"LOAN_ASSETS":null,"DEPOSIT_EQUITY":null,"DEPOSIT_ASSETS":null,"EQUITY_MULTIPLIER":1.511514131973,"EQUITY_RATIO":0.557506373025},{"SECUCODE":"00148.HK","SECURITY_CODE":"00148","SECURITY_NAME_ABBR":"建滔集团","ORG_CODE":"10007426","STD_REPORT_DATE":"2021-06-30 00:00:00","REPORT_DATE":"2021-06-30 00:00:00","DATE_TYPE_CODE":"002","REPORT_TYPE":"2021年中报","PER_NETCASH_OPERATE":2.634361800835,"PER_OI":20.037827431427,"BPS":44.077806429797,"BASIC_EPS":3.80510184,"DILUTED_EPS":3.80177352,"OPERATE_INCOME":22217777463.36,"OPERATE_INCOME_YOY":34.0056393649,"GROSS_PROFIT":7230659540.88,"GROSS_PROFIT_YOY":58.283374777981,"HOLDER_PROFIT":4211763466.32,"HOLDER_PROFIT_YOY":377.8858790474,"GROSS_PROFIT_RATIO":32.544477289883,"EPS_TTM":6.495710764929,"OPERATE_INCOME_QOQ":10.969128834517,"NET_PROFIT_RATIO":22.25060682,"ROE_AVG":8.835618533044,"GROSS_PROFIT_QOQ":25.873028923126,"ROA":5.306294717355,"HOLDER_PROFIT_QOQ":81.964230334247,"ROE_YEARLY":17.671237066088,"ROIC_YEARLY":11.950010890922,"TOTAL_ASSETS":81155187913.2,"TOTAL_LIABILITIES":28147293538.32,"TAX_EBT":19.09223610152,"OCF_SALES":13.146943249463,"TOTAL_PARENT_EQUITY":48851950163.28,"DEBT_ASSET_RATIO":34.6832953778,"OPERATE_PROFIT":6122447136.24,"PRETAX_PROFIT":6110155650.48,"NETCASH_OPERATE":2920958594.4,"NETCASH_INVEST":57956036.16,"NETCASH_FINANCE":-4405277815.68,"END_CASH":4039451347.44,"DIVI_RATIO":0.106425797733,"DIVIDEND_RATE":4.117009750813,"CURRENT_RATIO":1.658287221484,"COMMON_ACS":2000000000,"CURRENTDEBT_DEBT":88.0685755422,"ISSUED_COMMON_SHARES":1108311736,"HK_COMMON_SHARES":1108311736,"PER_SHARES":500,"TOTAL_MARKET_CAP":20459434646.56,"HKSK_MARKET_CAP":20459434646.56,"PE_TTM":9.383813459017,"PB_TTM":0.340096220743,"REPORT_DATE_SQ":"2020-06-30 00:00:00","REPORT_TYPE_SQ":"2020年中报","OPERATE_INCOME_SQ":18200883909.12,"DPS_HKD":0.76,"OPERATE_INCOME_QOQ_SQ":5.831938366351,"NET_PROFIT_RATIO_SQ":7.7315427835,"HOLDER_PROFIT_SQ":967508340.48,"HOLDER_PROFIT_QOQ_SQ":-10.845635465404,"ROE_AVG_SQ":2.127861430978,"PE_TTM_SQ":7.208701215059,"PB_TTM_SQ":0.321400980991,"ROA_SQ":1.138485499952,"START_DATE":"2021-01-01 00:00:00","FISCAL_YEAR":"12-31","CURRENCY":"HKD","IS_CNY_CODE":0,"DPS_HKD_LY":1.56,"ORG_TYPE":"一般企业","PREMIUM_INCOME":null,"PREMIUM_INCOME_YOY":null,"NET_INTEREST_INCOME":null,"NET_INTEREST_INCOME_YOY":null,"FEE_COMMISSION_INCOME":null,"FEE_COMMISSION_INCOME_YOY":null,"ACCOUNTS_RECE_TDAYS":1.791328228534,"INVENTORY_TDAYS":0.76093142077,"CURRENT_ASSETS_TDAYS":0.562371377899,"TOTAL_ASSETS_TDAYS":0.279916182682,"PREMIUM_EXPENSE":null,"LOAN_DEPOSIT":null,"LOAN_EQUITY":null,"LOAN_ASSETS":null,"DEPOSIT_EQUITY":null,"DEPOSIT_ASSETS":null,"EQUITY_MULTIPLIER":1.531001917173,"EQUITY_RATIO":0.576175433002},{"SECUCODE":"00148.HK","SECURITY_CODE":"00148","SECURITY_NAME_ABBR":"建滔集团","ORG_CODE":"10007426","STD_REPORT_DATE":"2020-12-31 00:00:00","REPORT_DATE":"2020-12-31 00:00:00","DATE_TYPE_CODE":"001","REPORT_TYPE":"2020年年报","PER_NETCASH_OPERATE":7.230403804429,"PER_OI":33.116531637165,"BPS":42.423205884847,"BASIC_EPS":3.58286148,"DILUTED_EPS":3.57865328,"OPERATE_INCOME":36619987009.36,"OPERATE_INCOME_YOY":5.707906768,"GROSS_PROFIT":10290584151.36,"GROSS_PROFIT_YOY":27.440178218009,"HOLDER_PROFIT":3958135289.76,"HOLDER_PROFIT_YOY":51.9794494673,"GROSS_PROFIT_RATIO":28.101004374277,"EPS_TTM":3.579458193527,"OPERATE_INCOME_QOQ":-6.154008213547,"NET_PROFIT_RATIO":13.3953488778,"ROE_AVG":8.868892434522,"GROSS_PROFIT_QOQ":10.872606367266,"ROA":4.943008844914,"HOLDER_PROFIT_QOQ":60.164869450526,"ROE_YEARLY":8.868892434522,"ROIC_YEARLY":5.70933897839,"TOTAL_ASSETS":78482204506.32,"TOTAL_LIABILITIES":27311581588.48,"TAX_EBT":26.561901493067,"OCF_SALES":21.83321575957,"TOTAL_PARENT_EQUITY":47018136960.92,"DEBT_ASSET_RATIO":34.7997125721,"OPERATE_PROFIT":7001098176,"PRETAX_PROFIT":6679605162.24,"NETCASH_OPERATE":7995320774.88,"NETCASH_INVEST":2326769328.24,"NETCASH_FINANCE":-10332630802.48,"END_CASH":5528612805.48,"DIVI_RATIO":0.193132916387,"DIVIDEND_RATE":4.117009750813,"CURRENT_RATIO":1.969518580733,"COMMON_ACS":2000000000,"CURRENTDEBT_DEBT":71.281861517283,"ISSUED_COMMON_SHARES":1108311736,"HK_COMMON_SHARES":1108311736,"PER_SHARES":500,"TOTAL_MARKET_CAP":20459434646.56,"HKSK_MARKET_CAP":20459434646.56,"PE_TTM":9.383813459017,"PB_TTM":0.340096220743,"REPORT_DATE_SQ":"2019-12-31 00:00:00","REPORT_TYPE_SQ":"2019年年报","OPERATE_INCOME_SQ":36871067108.78,"DPS_HKD":0.76,"OPERATE_INCOME_QOQ_SQ":-1.947747895816,"NET_PROFIT_RATIO_SQ":9.156710584,"HOLDER_PROFIT_SQ":2771920443.38,"HOLDER_PROFIT_QOQ_SQ":-9.909914164555,"ROE_AVG_SQ":6.34612759949,"PE_TTM_SQ":7.208701215059,"PB_TTM_SQ":0.321400980991,"ROA_SQ":3.232354200273,"START_DATE":"2020-01-01 00:00:00","FISCAL_YEAR":"12-31","CURRENCY":"HKD","IS_CNY_CODE":0,"DPS_HKD_LY":0.78,"ORG_TYPE":"一般企业","PREMIUM_INCOME":null,"PREMIUM_INCOME_YOY":null,"NET_INTEREST_INCOME":null,"NET_INTEREST_INCOME_YOY":null,"FEE_COMMISSION_INCOME":null,"FEE_COMMISSION_INCOME_YOY":null,"ACCOUNTS_RECE_TDAYS":3.402133431521,"INVENTORY_TDAYS":1.333148468874,"CURRENT_ASSETS_TDAYS":0.965551305852,"TOTAL_ASSETS_TDAYS":0.457318677702,"PREMIUM_EXPENSE":null,"LOAN_DEPOSIT":null,"LOAN_EQUITY":null,"LOAN_ASSETS":null,"DEPOSIT_EQUITY":null,"DEPOSIT_ASSETS":null,"EQUITY_MULTIPLIER":1.533735569963,"EQUITY_RATIO":0.58087332578},{"SECUCODE":"00148.HK","SECURITY_CODE":"00148","SECURITY_NAME_ABBR":"建滔集团","ORG_CODE":"10007426","STD_REPORT_DATE":"2020-06-30 00:00:00","REPORT_DATE":"2020-06-30 00:00:00","DATE_TYPE_CODE":"002","REPORT_TYPE":"2020年中报","PER_NETCASH_OPERATE":2.733203053382,"PER_OI":16.490068400997,"BPS":40.686128537684,"BASIC_EPS":0.88055616,"DILUTED_EPS":0.87964272,"OPERATE_INCOME":18200883909.12,"OPERATE_INCOME_YOY":9.2034616015,"GROSS_PROFIT":4568173727.04,"GROSS_PROFIT_YOY":35.894457809098,"HOLDER_PROFIT":967508340.48,"HOLDER_PROFIT_YOY":-26.527962176,"GROSS_PROFIT_RATIO":25.098636691765,"EPS_TTM":2.238996155188,"OPERATE_INCOME_QOQ":5.831938366351,"NET_PROFIT_RATIO":7.7315427835,"ROE_AVG":2.127861430978,"GROSS_PROFIT_QOQ":14.942890217501,"ROA":1.138485499952,"HOLDER_PROFIT_QOQ":-10.845635465404,"ROE_YEARLY":4.255722861955,"ROIC_YEARLY":2.685478221978,"TOTAL_ASSETS":81328338664.32,"TOTAL_LIABILITIES":29601691141.44,"TAX_EBT":34.885922719934,"OCF_SALES":16.574843638711,"TOTAL_PARENT_EQUITY":45092913750.72,"DEBT_ASSET_RATIO":36.3977570766,"OPERATE_PROFIT":2393082178.08,"PRETAX_PROFIT":2161144233.6,"NETCASH_OPERATE":3016768048.8,"NETCASH_INVEST":2985237926.88,"NETCASH_FINANCE":-5319565817.28,"END_CASH":6397801354.56,"DIVI_RATIO":0.30875944043,"DIVIDEND_RATE":4.117009750813,"CURRENT_RATIO":2.324132712995,"COMMON_ACS":2000000000,"CURRENTDEBT_DEBT":57.015812039106,"ISSUED_COMMON_SHARES":1108311736,"HK_COMMON_SHARES":1108311736,"PER_SHARES":500,"TOTAL_MARKET_CAP":20459434646.56,"HKSK_MARKET_CAP":20459434646.56,"PE_TTM":9.383813459017,"PB_TTM":0.340096220743,"REPORT_DATE_SQ":"2019-06-30 00:00:00","REPORT_TYPE_SQ":"2019年中报","OPERATE_INCOME_SQ":16050586000.32,"DPS_HKD":0.76,"OPERATE_INCOME_QOQ_SQ":-6.691813716846,"NET_PROFIT_RATIO_SQ":9.7759596,"HOLDER_PROFIT_SQ":1268140727.16,"HOLDER_PROFIT_QOQ_SQ":-42.203717980045,"ROE_AVG_SQ":3.004282306708,"PE_TTM_SQ":7.208701215059,"PB_TTM_SQ":0.321400980991,"ROA_SQ":1.497731765837,"START_DATE":"2020-01-01 00:00:00","FISCAL_YEAR":"12-31","CURRENCY":"HKD","IS_CNY_CODE":0,"DPS_HKD_LY":0.78,"ORG_TYPE":"一般企业","PREMIUM_INCOME":null,"PREMIUM_INCOME_YOY":null,"NET_INTEREST_INCOME":null,"NET_INTEREST_INCOME_YOY":null,"FEE_COMMISSION_INCOME":null,"FEE_COMMISSION_INCOME_YOY":null,"ACCOUNTS_RECE_TDAYS":1.614447347069,"INVENTORY_TDAYS":0.645752581352,"CURRENT_ASSETS_TDAYS":0.455387123031,"TOTAL_ASSETS_TDAYS":0.214173269107,"PREMIUM_EXPENSE":null,"LOAN_DEPOSIT":null,"LOAN_EQUITY":null,"LOAN_ASSETS":null,"DEPOSIT_EQUITY":null,"DEPOSIT_ASSETS":null,"EQUITY_MULTIPLIER":1.572271596152,"EQUITY_RATIO":0.656459933041}],"count":50},"success":true,"message":"ok","code":0}