{"version":"268c10b923cac9ee7c8668fbe3b7f53b","result":{"pages":6,"data":[{"SECUCODE":"00146.HK","SECURITY_CODE":"00146","SECURITY_NAME_ABBR":"TAI PING CARPET","ORG_CODE":"10007424","STD_REPORT_DATE":"2024-06-30 00:00:00","REPORT_DATE":"2024-12-31 00:00:00","DATE_TYPE_CODE":"002","REPORT_TYPE":"2024年中报","PER_NETCASH_OPERATE":null,"PER_OI":1.345743770905,"BPS":1.943794893316,"BASIC_EPS":0.094733892,"DILUTED_EPS":0.094733892,"OPERATE_INCOME":285549990.24,"OPERATE_INCOME_YOY":0.6327977886,"GROSS_PROFIT":177451488.96,"GROSS_PROFIT_YOY":3.38538549786,"HOLDER_PROFIT":20092289.88,"HOLDER_PROFIT_YOY":-2.5904642184,"GROSS_PROFIT_RATIO":62.143755918484,"EPS_TTM":0.181140241596,"OPERATE_INCOME_QOQ":-1.725370326886,"NET_PROFIT_RATIO":7.0363475982,"ROE_AVG":4.819788299846,"GROSS_PROFIT_QOQ":-2.185882381895,"ROA":2.625293420129,"HOLDER_PROFIT_QOQ":-26.100174245034,"ROE_YEARLY":9.639576599691,"ROIC_YEARLY":7.506469603244,"TOTAL_ASSETS":759680618.16,"TOTAL_LIABILITIES":347231662.56,"TAX_EBT":26.753764094254,"OCF_SALES":null,"TOTAL_PARENT_EQUITY":412448955.6,"DEBT_ASSET_RATIO":45.7075847744,"OPERATE_PROFIT":25984682.4,"PRETAX_PROFIT":27431156.88,"NETCASH_OPERATE":null,"NETCASH_INVEST":null,"NETCASH_FINANCE":null,"END_CASH":null,"DIVI_RATIO":0.604623241279,"DIVIDEND_RATE":9.375,"CURRENT_RATIO":1.507403619197,"COMMON_ACS":400000000,"CURRENTDEBT_DEBT":67.793174811449,"ISSUED_COMMON_SHARES":212187488,"HK_COMMON_SHARES":212187488,"PER_SHARES":1000,"TOTAL_MARKET_CAP":271599984.64,"HKSK_MARKET_CAP":271599984.64,"PE_TTM":6.538905639445,"PB_TTM":0.609802610386,"REPORT_DATE_SQ":"2023-06-30 00:00:00","REPORT_TYPE_SQ":"2023年中报","OPERATE_INCOME_SQ":277681213.74,"DPS_HKD":0.12,"OPERATE_INCOME_QOQ_SQ":2.107345866157,"NET_PROFIT_RATIO_SQ":7.2691789294,"HOLDER_PROFIT_SQ":20185144.28,"HOLDER_PROFIT_QOQ_SQ":51.125779133048,"ROE_AVG_SQ":5.130892585038,"PE_TTM_SQ":4.638702111181,"PB_TTM_SQ":0.415865574226,"ROA_SQ":2.792874746326,"START_DATE":"2024-07-01 00:00:00","FISCAL_YEAR":"6-30","CURRENCY":"HKD","IS_CNY_CODE":0,"DPS_HKD_LY":0.12,"ORG_TYPE":"一般企业","PREMIUM_INCOME":null,"PREMIUM_INCOME_YOY":null,"NET_INTEREST_INCOME":null,"NET_INTEREST_INCOME_YOY":null,"FEE_COMMISSION_INCOME":null,"FEE_COMMISSION_INCOME_YOY":null,"ACCOUNTS_RECE_TDAYS":3.225700492188,"INVENTORY_TDAYS":2.289491232887,"CURRENT_ASSETS_TDAYS":0.774412609357,"TOTAL_ASSETS_TDAYS":0.373104566464,"PREMIUM_EXPENSE":null,"LOAN_DEPOSIT":null,"LOAN_EQUITY":null,"LOAN_ASSETS":null,"DEPOSIT_EQUITY":null,"DEPOSIT_ASSETS":null,"EQUITY_MULTIPLIER":1.841877904758,"EQUITY_RATIO":0.841877904758},{"SECUCODE":"00146.HK","SECURITY_CODE":"00146","SECURITY_NAME_ABBR":"TAI PING CARPET","ORG_CODE":"10007424","STD_REPORT_DATE":"2023-12-31 00:00:00","REPORT_DATE":"2024-06-30 00:00:00","DATE_TYPE_CODE":"001","REPORT_TYPE":"2023年年报","PER_NETCASH_OPERATE":0.469541761294,"PER_OI":2.753750617944,"BPS":1.956829043567,"BASIC_EPS":0.18116698,"DILUTED_EPS":0.18116698,"OPERATE_INCOME":584311426.2,"OPERATE_INCOME_YOY":6.5966140301,"GROSS_PROFIT":360520464.84,"GROSS_PROFIT_YOY":8.64498439118,"HOLDER_PROFIT":38435692.84,"HOLDER_PROFIT_YOY":9.6007703519,"GROSS_PROFIT_RATIO":61.700053888147,"EPS_TTM":0.245115925167,"OPERATE_INCOME_QOQ":7.373974089546,"NET_PROFIT_RATIO":6.5779464711,"ROE_AVG":9.532853291441,"GROSS_PROFIT_QOQ":11.072907507444,"ROA":5.181757722404,"HOLDER_PROFIT_QOQ":46.813916988764,"ROE_YEARLY":9.532853291441,"ROIC_YEARLY":7.359498380449,"TOTAL_ASSETS":759866336.88,"TOTAL_LIABILITIES":344651697.68,"TAX_EBT":11.87536620072,"OCF_SALES":17.050990682818,"TOTAL_PARENT_EQUITY":415214639.2,"DEBT_ASSET_RATIO":45.3568846194,"OPERATE_PROFIT":41578962.76,"PRETAX_PROFIT":43615151.84,"NETCASH_OPERATE":99630886.84,"NETCASH_INVEST":-129193504.72,"NETCASH_FINANCE":-45466979.56,"END_CASH":122091028.96,"DIVI_RATIO":0.44681552178,"DIVIDEND_RATE":9.375,"CURRENT_RATIO":1.46109099396,"COMMON_ACS":400000000,"CURRENTDEBT_DEBT":74.885733503519,"ISSUED_COMMON_SHARES":212187488,"HK_COMMON_SHARES":212187488,"PER_SHARES":1000,"TOTAL_MARKET_CAP":271599984.64,"HKSK_MARKET_CAP":271599984.64,"PE_TTM":6.538905639445,"PB_TTM":0.609802610386,"REPORT_DATE_SQ":"2022-12-31 00:00:00","REPORT_TYPE_SQ":"2022年年报","OPERATE_INCOME_SQ":553737500.08,"DPS_HKD":0.12,"OPERATE_INCOME_QOQ_SQ":8.649411895394,"NET_PROFIT_RATIO_SQ":6.397645006,"HOLDER_PROFIT_SQ":35426159.52,"HOLDER_PROFIT_QOQ_SQ":8.450545999409,"ROE_AVG_SQ":8.959514996065,"PE_TTM_SQ":4.638702111181,"PB_TTM_SQ":0.415865574226,"ROA_SQ":4.861102325546,"START_DATE":"2023-07-01 00:00:00","FISCAL_YEAR":"6-30","CURRENCY":"HKD","IS_CNY_CODE":0,"DPS_HKD_LY":0.09,"ORG_TYPE":"一般企业","PREMIUM_INCOME":null,"PREMIUM_INCOME_YOY":null,"NET_INTEREST_INCOME":null,"NET_INTEREST_INCOME_YOY":null,"FEE_COMMISSION_INCOME":null,"FEE_COMMISSION_INCOME_YOY":null,"ACCOUNTS_RECE_TDAYS":6.77279098675,"INVENTORY_TDAYS":5.111942710016,"CURRENT_ASSETS_TDAYS":1.662861550929,"TOTAL_ASSETS_TDAYS":0.787747018794,"PREMIUM_EXPENSE":null,"LOAN_DEPOSIT":null,"LOAN_EQUITY":null,"LOAN_ASSETS":null,"DEPOSIT_EQUITY":null,"DEPOSIT_ASSETS":null,"EQUITY_MULTIPLIER":1.830056710776,"EQUITY_RATIO":0.830056710775},{"SECUCODE":"00146.HK","SECURITY_CODE":"00146","SECURITY_NAME_ABBR":"TAI PING CARPET","ORG_CODE":"10007424","STD_REPORT_DATE":"2023-06-30 00:00:00","REPORT_DATE":"2023-12-31 00:00:00","DATE_TYPE_CODE":"002","REPORT_TYPE":"2023年中报","PER_NETCASH_OPERATE":0.192777428799,"PER_OI":1.308659696937,"BPS":1.877621748083,"BASIC_EPS":0.0951531,"DILUTED_EPS":0.0951531,"OPERATE_INCOME":277681213.74,"OPERATE_INCOME_YOY":15.5645149124,"GROSS_PROFIT":171640786.66,"GROSS_PROFIT_YOY":27.238242187559,"HOLDER_PROFIT":20185144.28,"HOLDER_PROFIT_YOY":452.5676010915,"GROSS_PROFIT_RATIO":61.812170995735,"EPS_TTM":0.166956873159,"OPERATE_INCOME_QOQ":2.107345866157,"NET_PROFIT_RATIO":7.2691789294,"ROE_AVG":5.130892585038,"GROSS_PROFIT_QOQ":8.281104034739,"ROA":2.792874746326,"HOLDER_PROFIT_QOQ":51.125779133048,"ROE_YEARLY":10.261785170076,"ROIC_YEARLY":7.711008543073,"TOTAL_ASSETS":726962434.24,"TOTAL_LIABILITIES":328554592.1,"TAX_EBT":2.092307692308,"OCF_SALES":14.730905922322,"TOTAL_PARENT_EQUITY":398407842.14,"DEBT_ASSET_RATIO":45.1955392225,"OPERATE_PROFIT":19969463.92,"PRETAX_PROFIT":20616505,"NETCASH_OPERATE":40904958.36,"NETCASH_INVEST":-31769354.54,"NETCASH_FINANCE":-31281808.18,"END_CASH":175532095.34,"DIVI_RATIO":0.655987369238,"DIVIDEND_RATE":9.375,"CURRENT_RATIO":1.431182341665,"COMMON_ACS":400000000,"CURRENTDEBT_DEBT":73.813076636648,"ISSUED_COMMON_SHARES":212187488,"HK_COMMON_SHARES":212187488,"PER_SHARES":1000,"TOTAL_MARKET_CAP":271599984.64,"HKSK_MARKET_CAP":271599984.64,"PE_TTM":6.449314573647,"PB_TTM":0.597001768673,"REPORT_DATE_SQ":"2022-06-30 00:00:00","REPORT_TYPE_SQ":"2022年中报","OPERATE_INCOME_SQ":236848753.96,"DPS_HKD":0.12,"OPERATE_INCOME_QOQ_SQ":22.105935550139,"NET_PROFIT_RATIO_SQ":1.5202830118,"HOLDER_PROFIT_SQ":3600771.37,"HOLDER_PROFIT_QOQ_SQ":101.980041351897,"ROE_AVG_SQ":0.967410203766,"PE_TTM_SQ":4.638702111181,"PB_TTM_SQ":0.415865574226,"ROA_SQ":0.522557068391,"START_DATE":"2023-07-01 00:00:00","FISCAL_YEAR":"6-30","CURRENCY":"HKD","IS_CNY_CODE":0,"DPS_HKD_LY":0.09,"ORG_TYPE":"一般企业","PREMIUM_INCOME":null,"PREMIUM_INCOME_YOY":null,"NET_INTEREST_INCOME":null,"NET_INTEREST_INCOME_YOY":null,"FEE_COMMISSION_INCOME":null,"FEE_COMMISSION_INCOME_YOY":null,"ACCOUNTS_RECE_TDAYS":3.050488558814,"INVENTORY_TDAYS":2.437563145122,"CURRENT_ASSETS_TDAYS":0.828333153114,"TOTAL_ASSETS_TDAYS":0.384207731501,"PREMIUM_EXPENSE":null,"LOAN_DEPOSIT":null,"LOAN_EQUITY":null,"LOAN_ASSETS":null,"DEPOSIT_EQUITY":null,"DEPOSIT_ASSETS":null,"EQUITY_MULTIPLIER":1.824668988278,"EQUITY_RATIO":0.824668988279},{"SECUCODE":"00146.HK","SECURITY_CODE":"00146","SECURITY_NAME_ABBR":"TAI PING CARPET","ORG_CODE":"10007424","STD_REPORT_DATE":"2022-12-31 00:00:00","REPORT_DATE":"2023-06-30 00:00:00","DATE_TYPE_CODE":"001","REPORT_TYPE":"2022年年报","PER_NETCASH_OPERATE":0.298779109728,"PER_OI":2.609661414532,"BPS":1.862292163617,"BASIC_EPS":0.166970578,"DILUTED_EPS":0.166970578,"OPERATE_INCOME":553737500.08,"OPERATE_INCOME_YOY":2.9023945612,"GROSS_PROFIT":331833509.72,"GROSS_PROFIT_YOY":17.291673310469,"HOLDER_PROFIT":35426159.52,"HOLDER_PROFIT_YOY":52.0237388724,"GROSS_PROFIT_RATIO":59.926140034233,"EPS_TTM":0.110475442454,"OPERATE_INCOME_QOQ":8.649411895394,"NET_PROFIT_RATIO":6.397645006,"ROE_AVG":8.959514996065,"GROSS_PROFIT_QOQ":8.321460476464,"ROA":4.861102325546,"HOLDER_PROFIT_QOQ":8.450545999409,"ROE_YEARLY":8.959514996065,"ROIC_YEARLY":6.402927509642,"TOTAL_ASSETS":731007516.66,"TOTAL_LIABILITIES":335852420.54,"TAX_EBT":3.968809357193,"OCF_SALES":11.448960699039,"TOTAL_PARENT_EQUITY":395155096.12,"DEBT_ASSET_RATIO":45.9437711495,"OPERATE_PROFIT":36811895.46,"PRETAX_PROFIT":36890263.76,"NETCASH_OPERATE":63397188.76,"NETCASH_INVEST":24245308.06,"NETCASH_FINANCE":-38751741.38,"END_CASH":200675400.86,"DIVI_RATIO":0.991366022776,"DIVIDEND_RATE":9.375,"CURRENT_RATIO":1.367416854118,"COMMON_ACS":400000000,"CURRENTDEBT_DEBT":71.637755200083,"ISSUED_COMMON_SHARES":212187488,"HK_COMMON_SHARES":212187488,"PER_SHARES":1000,"TOTAL_MARKET_CAP":271599984.64,"HKSK_MARKET_CAP":271599984.64,"PE_TTM":6.449314573647,"PB_TTM":0.597001768673,"REPORT_DATE_SQ":"2021-12-31 00:00:00","REPORT_TYPE_SQ":"2021年年报","OPERATE_INCOME_SQ":499136774.64,"DPS_HKD":0.12,"OPERATE_INCOME_QOQ_SQ":2.05412632784,"NET_PROFIT_RATIO_SQ":4.3304617789,"HOLDER_PROFIT_SQ":21614927.25,"HOLDER_PROFIT_QOQ_SQ":-22.681478484099,"ROE_AVG_SQ":5.919799886171,"PE_TTM_SQ":4.638702111181,"PB_TTM_SQ":0.415865574226,"ROA_SQ":3.213837493626,"START_DATE":"2022-07-01 00:00:00","FISCAL_YEAR":"6-30","CURRENCY":"HKD","IS_CNY_CODE":0,"DPS_HKD_LY":0.06,"ORG_TYPE":"一般企业","PREMIUM_INCOME":null,"PREMIUM_INCOME_YOY":null,"NET_INTEREST_INCOME":null,"NET_INTEREST_INCOME_YOY":null,"FEE_COMMISSION_INCOME":null,"FEE_COMMISSION_INCOME_YOY":null,"ACCOUNTS_RECE_TDAYS":7.239192666743,"INVENTORY_TDAYS":4.625208985914,"CURRENT_ASSETS_TDAYS":1.740499781204,"TOTAL_ASSETS_TDAYS":0.759826830188,"PREMIUM_EXPENSE":null,"LOAN_DEPOSIT":null,"LOAN_EQUITY":null,"LOAN_ASSETS":null,"DEPOSIT_EQUITY":null,"DEPOSIT_ASSETS":null,"EQUITY_MULTIPLIER":1.849925570586,"EQUITY_RATIO":0.849925570587},{"SECUCODE":"00146.HK","SECURITY_CODE":"00146","SECURITY_NAME_ABBR":"TAI PING CARPET","ORG_CODE":"10007424","STD_REPORT_DATE":"2022-06-30 00:00:00","REPORT_DATE":"2022-12-31 00:00:00","DATE_TYPE_CODE":"002","REPORT_TYPE":"2022年中报","PER_NETCASH_OPERATE":0.117891650049,"PER_OI":1.116223940405,"BPS":1.701724964857,"BASIC_EPS":0.01697213,"DILUTED_EPS":0.01697213,"OPERATE_INCOME":236848753.96,"OPERATE_INCOME_YOY":11.9315783253,"GROSS_PROFIT":134897169.05,"GROSS_PROFIT_YOY":21.141908500087,"HOLDER_PROFIT":3600771.37,"HOLDER_PROFIT_YOY":85.7603686636,"GROSS_PROFIT_RATIO":56.954983631783,"EPS_TTM":0.101867115039,"OPERATE_INCOME_QOQ":22.105935550139,"NET_PROFIT_RATIO":1.5202830118,"ROE_AVG":0.967410203766,"GROSS_PROFIT_QOQ":19.027668162443,"ROA":0.522557068391,"HOLDER_PROFIT_QOQ":101.980041351897,"ROE_YEARLY":1.934820407531,"ROIC_YEARLY":1.361050686561,"TOTAL_ASSETS":674230370.03,"TOTAL_LIABILITIES":313145624.47,"TAX_EBT":7.183974211375,"OCF_SALES":10.561648588713,"TOTAL_PARENT_EQUITY":361084745.56,"DEBT_ASSET_RATIO":46.4449004954,"OPERATE_PROFIT":3936640.89,"PRETAX_PROFIT":3879471.61,"NETCASH_OPERATE":25015133.08,"NETCASH_INVEST":28276461.85,"NETCASH_FINANCE":-24823973.3,"END_CASH":172783429.56,"DIVI_RATIO":1.075141864553,"DIVIDEND_RATE":9.375,"CURRENT_RATIO":1.213819705877,"COMMON_ACS":400000000,"CURRENTDEBT_DEBT":76.909582069882,"ISSUED_COMMON_SHARES":212187488,"HK_COMMON_SHARES":212187488,"PER_SHARES":1000,"TOTAL_MARKET_CAP":271599984.64,"HKSK_MARKET_CAP":271599984.64,"PE_TTM":6.449314573647,"PB_TTM":0.597001768673,"REPORT_DATE_SQ":"2021-06-30 00:00:00","REPORT_TYPE_SQ":"2021年中报","OPERATE_INCOME_SQ":193676358.4,"DPS_HKD":0.12,"OPERATE_INCOME_QOQ_SQ":-0.5255069081,"NET_PROFIT_RATIO_SQ":0.9160601814,"HOLDER_PROFIT_SQ":1774192,"HOLDER_PROFIT_QOQ_SQ":207.682107798009,"ROE_AVG_SQ":0.511099936525,"PE_TTM_SQ":4.638702111181,"PB_TTM_SQ":0.415865574226,"ROA_SQ":0.276490708574,"START_DATE":"2022-07-01 00:00:00","FISCAL_YEAR":"6-30","CURRENCY":"HKD","IS_CNY_CODE":0,"DPS_HKD_LY":0.06,"ORG_TYPE":"一般企业","PREMIUM_INCOME":null,"PREMIUM_INCOME_YOY":null,"NET_INTEREST_INCOME":null,"NET_INTEREST_INCOME_YOY":null,"FEE_COMMISSION_INCOME":null,"FEE_COMMISSION_INCOME_YOY":null,"ACCOUNTS_RECE_TDAYS":3.674063809887,"INVENTORY_TDAYS":1.971413272533,"CURRENT_ASSETS_TDAYS":0.802786688446,"TOTAL_ASSETS_TDAYS":0.34372354644,"PREMIUM_EXPENSE":null,"LOAN_DEPOSIT":null,"LOAN_EQUITY":null,"LOAN_ASSETS":null,"DEPOSIT_EQUITY":null,"DEPOSIT_ASSETS":null,"EQUITY_MULTIPLIER":1.867235817411,"EQUITY_RATIO":0.86723581741},{"SECUCODE":"00146.HK","SECURITY_CODE":"00146","SECURITY_NAME_ABBR":"TAI PING CARPET","ORG_CODE":"10007424","STD_REPORT_DATE":"2021-12-31 00:00:00","REPORT_DATE":"2022-06-30 00:00:00","DATE_TYPE_CODE":"001","REPORT_TYPE":"2021年年报","PER_NETCASH_OPERATE":0.344498260142,"PER_OI":2.352338393487,"BPS":1.729548444864,"BASIC_EPS":0.101853129,"DILUTED_EPS":0.101853129,"OPERATE_INCOME":499136774.64,"OPERATE_INCOME_YOY":21.2466684255,"GROSS_PROFIT":282913100.61,"GROSS_PROFIT_YOY":21.386884562574,"HOLDER_PROFIT":21614927.25,"HOLDER_PROFIT_YOY":51.9478177227,"GROSS_PROFIT_RATIO":56.680476170895,"EPS_TTM":0.050434248036,"OPERATE_INCOME_QOQ":2.05412632784,"NET_PROFIT_RATIO":4.3304617789,"ROE_AVG":5.919799886171,"GROSS_PROFIT_QOQ":1.9820739468,"ROA":3.213837493626,"HOLDER_PROFIT_QOQ":-22.681478484099,"ROE_YEARLY":5.919799886171,"ROIC_YEARLY":4.104100446945,"TOTAL_ASSETS":673897416.71,"TOTAL_LIABILITIES":306908876.82,"TAX_EBT":4.196042756425,"OCF_SALES":14.644927834204,"TOTAL_PARENT_EQUITY":366988539.89,"DEBT_ASSET_RATIO":45.542373247,"OPERATE_PROFIT":24063336.22,"PRETAX_PROFIT":22561622.58,"NETCASH_OPERATE":73098220.44,"NETCASH_INVEST":-36259200.81,"NETCASH_FINANCE":-43761782.68,"END_CASH":139411363.42,"DIVI_RATIO":2.171571982616,"DIVIDEND_RATE":9.375,"CURRENT_RATIO":1.228710776218,"COMMON_ACS":400000000,"CURRENTDEBT_DEBT":75.586689627116,"ISSUED_COMMON_SHARES":212187488,"HK_COMMON_SHARES":212187488,"PER_SHARES":1000,"TOTAL_MARKET_CAP":271599984.64,"HKSK_MARKET_CAP":271599984.64,"PE_TTM":6.449314573647,"PB_TTM":0.597001768673,"REPORT_DATE_SQ":"2020-12-31 00:00:00","REPORT_TYPE_SQ":"2020年年报","OPERATE_INCOME_SQ":400545838.32,"DPS_HKD":0.12,"OPERATE_INCOME_QOQ_SQ":-17.930438377729,"NET_PROFIT_RATIO_SQ":3.4554893338,"HOLDER_PROFIT_SQ":13840818.72,"HOLDER_PROFIT_QOQ_SQ":-69.668234278742,"ROE_AVG_SQ":4.188405213222,"PE_TTM_SQ":4.638702111181,"PB_TTM_SQ":0.415865574226,"ROA_SQ":2.180708841808,"START_DATE":"2021-07-01 00:00:00","FISCAL_YEAR":"6-30","CURRENCY":"HKD","IS_CNY_CODE":0,"DPS_HKD_LY":0.03,"ORG_TYPE":"一般企业","PREMIUM_INCOME":null,"PREMIUM_INCOME_YOY":null,"NET_INTEREST_INCOME":null,"NET_INTEREST_INCOME_YOY":null,"FEE_COMMISSION_INCOME":null,"FEE_COMMISSION_INCOME_YOY":null,"ACCOUNTS_RECE_TDAYS":8.723261792312,"INVENTORY_TDAYS":4.640828912832,"CURRENT_ASSETS_TDAYS":1.860788974066,"TOTAL_ASSETS_TDAYS":0.742146601852,"PREMIUM_EXPENSE":null,"LOAN_DEPOSIT":null,"LOAN_EQUITY":null,"LOAN_ASSETS":null,"DEPOSIT_EQUITY":null,"DEPOSIT_ASSETS":null,"EQUITY_MULTIPLIER":1.836290083914,"EQUITY_RATIO":0.836290083914},{"SECUCODE":"00146.HK","SECURITY_CODE":"00146","SECURITY_NAME_ABBR":"TAI PING CARPET","ORG_CODE":"10007424","STD_REPORT_DATE":"2021-06-30 00:00:00","REPORT_DATE":"2021-12-31 00:00:00","DATE_TYPE_CODE":"002","REPORT_TYPE":"2021年中报","PER_NETCASH_OPERATE":0.140734134145,"PER_OI":0.912760503579,"BPS":1.635165413712,"BASIC_EPS":0.00833952,"DILUTED_EPS":0.00833952,"OPERATE_INCOME":193676358.4,"OPERATE_INCOME_YOY":7.507420283,"GROSS_PROFIT":111354667.2,"GROSS_PROFIT_YOY":4.328066038457,"HOLDER_PROFIT":1774192,"HOLDER_PROFIT_YOY":-62.829736211,"GROSS_PROFIT_RATIO":57.495229732696,"EPS_TTM":0.065229193533,"OPERATE_INCOME_QOQ":-0.5255069081,"NET_PROFIT_RATIO":0.9160601814,"ROE_AVG":0.511099936525,"GROSS_PROFIT_QOQ":2.841706499982,"ROA":0.276490708574,"HOLDER_PROFIT_QOQ":207.682107798009,"ROE_YEARLY":1.022199873049,"ROIC_YEARLY":0.711475993013,"TOTAL_ASSETS":641649209.6,"TOTAL_LIABILITIES":294687568,"TAX_EBT":11.356209150327,"OCF_SALES":15.41851708009,"TOTAL_PARENT_EQUITY":346961641.6,"DEBT_ASSET_RATIO":45.926584743,"OPERATE_PROFIT":2693174.4,"PRETAX_PROFIT":2001484.8,"NETCASH_OPERATE":29862022.4,"NETCASH_INVEST":-3555742.4,"NETCASH_FINANCE":-31121126.4,"END_CASH":140219217.6,"DIVI_RATIO":1.679027350612,"DIVIDEND_RATE":9.375,"CURRENT_RATIO":1.127163410538,"COMMON_ACS":400000000,"CURRENTDEBT_DEBT":77.155342230114,"ISSUED_COMMON_SHARES":212187488,"HK_COMMON_SHARES":212187488,"PER_SHARES":1000,"TOTAL_MARKET_CAP":271599984.64,"HKSK_MARKET_CAP":271599984.64,"PE_TTM":6.449314573647,"PB_TTM":0.597001768673,"REPORT_DATE_SQ":"2020-06-30 00:00:00","REPORT_TYPE_SQ":"2020年中报","OPERATE_INCOME_SQ":185448640.88,"DPS_HKD":0.12,"OPERATE_INCOME_QOQ_SQ":0,"NET_PROFIT_RATIO_SQ":2.5129117463,"HOLDER_PROFIT_SQ":4913494.32,"HOLDER_PROFIT_QOQ_SQ":0,"ROE_AVG_SQ":1.509697439876,"PE_TTM_SQ":4.638702111181,"PB_TTM_SQ":0.415865574226,"ROA_SQ":0.775014735635,"START_DATE":"2021-07-01 00:00:00","FISCAL_YEAR":"6-30","CURRENCY":"HKD","IS_CNY_CODE":0,"DPS_HKD_LY":0.03,"ORG_TYPE":"一般企业","PREMIUM_INCOME":null,"PREMIUM_INCOME_YOY":null,"NET_INTEREST_INCOME":null,"NET_INTEREST_INCOME_YOY":null,"FEE_COMMISSION_INCOME":null,"FEE_COMMISSION_INCOME_YOY":null,"ACCOUNTS_RECE_TDAYS":3.832516300215,"INVENTORY_TDAYS":1.641136393272,"CURRENT_ASSETS_TDAYS":0.779903534331,"TOTAL_ASSETS_TDAYS":0.301825921705,"PREMIUM_EXPENSE":null,"LOAN_DEPOSIT":null,"LOAN_EQUITY":null,"LOAN_ASSETS":null,"DEPOSIT_EQUITY":null,"DEPOSIT_ASSETS":null,"EQUITY_MULTIPLIER":1.849337600089,"EQUITY_RATIO":0.84933760009},{"SECUCODE":"00146.HK","SECURITY_CODE":"00146","SECURITY_NAME_ABBR":"TAI PING CARPET","ORG_CODE":"10007424","STD_REPORT_DATE":"2020-12-31 00:00:00","REPORT_DATE":"2021-06-30 00:00:00","DATE_TYPE_CODE":"001","REPORT_TYPE":"2020年年报","PER_NETCASH_OPERATE":0.385218504118,"PER_OI":1.887697724759,"BPS":1.665760040667,"BASIC_EPS":0.065235072,"DILUTED_EPS":0.065235072,"OPERATE_INCOME":400545838.32,"OPERATE_INCOME_YOY":-12.1118896951,"GROSS_PROFIT":233067272.16,"GROSS_PROFIT_YOY":-12.99341966739,"HOLDER_PROFIT":13840818.72,"HOLDER_PROFIT_YOY":296.6891332624,"GROSS_PROFIT_RATIO":58.187415736873,"EPS_TTM":-0.060575702748,"OPERATE_INCOME_QOQ":-17.930438377729,"NET_PROFIT_RATIO":3.4554893338,"ROE_AVG":4.188405213222,"GROSS_PROFIT_QOQ":-15.397572352978,"ROA":2.180708841808,"HOLDER_PROFIT_QOQ":-69.668234278742,"ROE_YEARLY":4.188405213222,"ROIC_YEARLY":2.728887175428,"TOTAL_ASSETS":653080454.16,"TOTAL_LIABILITIES":299627015.52,"TAX_EBT":-0.519700265893,"OCF_SALES":20.406789660538,"TOTAL_PARENT_EQUITY":353453438.64,"DEBT_ASSET_RATIO":45.8790358234,"OPERATE_PROFIT":15906873.36,"PRETAX_PROFIT":13769259.84,"NETCASH_OPERATE":81738546.72,"NETCASH_INVEST":-11813871.84,"NETCASH_FINANCE":-40643779.68,"END_CASH":148254189.84,"DIVI_RATIO":-1.808012041644,"DIVIDEND_RATE":9.375,"CURRENT_RATIO":1.102021387047,"COMMON_ACS":400000000,"CURRENTDEBT_DEBT":74.090931812249,"ISSUED_COMMON_SHARES":212187488,"HK_COMMON_SHARES":212187488,"PER_SHARES":1000,"TOTAL_MARKET_CAP":271599984.64,"HKSK_MARKET_CAP":271599984.64,"PE_TTM":6.449314573647,"PB_TTM":0.597001768673,"REPORT_DATE_SQ":"2019-12-31 00:00:00","REPORT_TYPE_SQ":"2019年年报","OPERATE_INCOME_SQ":490634830.04,"DPS_HKD":0.12,"OPERATE_INCOME_QOQ_SQ":2.132799148852,"NET_PROFIT_RATIO_SQ":-1.8217403847,"HOLDER_PROFIT_SQ":-7575611.46,"HOLDER_PROFIT_QOQ_SQ":73.419247615363,"ROE_AVG_SQ":-2.002801601389,"PE_TTM_SQ":4.638702111181,"PB_TTM_SQ":0.415865574226,"ROA_SQ":-1.147389407576,"START_DATE":"2020-07-01 00:00:00","FISCAL_YEAR":"6-30","CURRENCY":"HKD","IS_CNY_CODE":0,"DPS_HKD_LY":null,"ORG_TYPE":"一般企业","PREMIUM_INCOME":null,"PREMIUM_INCOME_YOY":null,"NET_INTEREST_INCOME":null,"NET_INTEREST_INCOME_YOY":null,"FEE_COMMISSION_INCOME":null,"FEE_COMMISSION_INCOME_YOY":null,"ACCOUNTS_RECE_TDAYS":7.381075776626,"INVENTORY_TDAYS":3.382664593925,"CURRENT_ASSETS_TDAYS":1.713494984587,"TOTAL_ASSETS_TDAYS":0.631085392305,"PREMIUM_EXPENSE":null,"LOAN_DEPOSIT":null,"LOAN_EQUITY":null,"LOAN_ASSETS":null,"DEPOSIT_EQUITY":null,"DEPOSIT_ASSETS":null,"EQUITY_MULTIPLIER":1.847712832197,"EQUITY_RATIO":0.847712832199},{"SECUCODE":"00146.HK","SECURITY_CODE":"00146","SECURITY_NAME_ABBR":"TAI PING CARPET","ORG_CODE":"10007424","STD_REPORT_DATE":"2020-06-30 00:00:00","REPORT_DATE":"2020-12-31 00:00:00","DATE_TYPE_CODE":"002","REPORT_TYPE":"2020年中报","PER_NETCASH_OPERATE":0.197118792603,"PER_OI":0.873984807624,"BPS":1.602046336493,"BASIC_EPS":0.0231451,"DILUTED_EPS":0.0231451,"OPERATE_INCOME":185448640.88,"OPERATE_INCOME_YOY":-27.8118683104,"GROSS_PROFIT":106735101.52,"GROSS_PROFIT_YOY":-27.872459950255,"HOLDER_PROFIT":4913494.32,"HOLDER_PROFIT_YOY":-48.6859453283,"GROSS_PROFIT_RATIO":57.555073476686,"EPS_TTM":-0.03570244189,"OPERATE_INCOME_QOQ":0,"NET_PROFIT_RATIO":2.5129117463,"ROE_AVG":1.509697439876,"GROSS_PROFIT_QOQ":0,"ROA":0.775014735635,"HOLDER_PROFIT_QOQ":0,"ROE_YEARLY":3.019394879752,"ROIC_YEARLY":1.911004725956,"TOTAL_ASSETS":644586826.8,"TOTAL_LIABILITIES":289078932.44,"TAX_EBT":2.825552825553,"OCF_SALES":22.554029644825,"TOTAL_PARENT_EQUITY":339934187.8,"DEBT_ASSET_RATIO":44.8471672738,"OPERATE_PROFIT":6036242.08,"PRETAX_PROFIT":4795664.72,"NETCASH_OPERATE":41826141.44,"NETCASH_INVEST":-4213249.84,"NETCASH_FINANCE":-42111457.4,"END_CASH":115971258.88,"DIVI_RATIO":-3.067622106604,"DIVIDEND_RATE":9.375,"CURRENT_RATIO":1.042334822337,"COMMON_ACS":400000000,"CURRENTDEBT_DEBT":72.932794908449,"ISSUED_COMMON_SHARES":212187488,"HK_COMMON_SHARES":212187488,"PER_SHARES":1000,"TOTAL_MARKET_CAP":271599984.64,"HKSK_MARKET_CAP":271599984.64,"PE_TTM":6.449314573647,"PB_TTM":0.597001768673,"REPORT_DATE_SQ":"2019-06-30 00:00:00","REPORT_TYPE_SQ":"2019年中报","OPERATE_INCOME_SQ":273421616.74,"DPS_HKD":0.12,"OPERATE_INCOME_QOQ_SQ":1.355476094753,"NET_PROFIT_RATIO_SQ":-8.4829989484,"HOLDER_PROFIT_SQ":10191289.06,"HOLDER_PROFIT_QOQ_SQ":4.712804728559,"ROE_AVG_SQ":-4.63782349193,"PE_TTM_SQ":4.638702111181,"PB_TTM_SQ":0.415865574226,"ROA_SQ":-2.634529147982,"START_DATE":"2020-07-01 00:00:00","FISCAL_YEAR":"6-30","CURRENCY":"HKD","IS_CNY_CODE":0,"DPS_HKD_LY":null,"ORG_TYPE":"一般企业","PREMIUM_INCOME":null,"PREMIUM_INCOME_YOY":null,"NET_INTEREST_INCOME":null,"NET_INTEREST_INCOME_YOY":null,"FEE_COMMISSION_INCOME":null,"FEE_COMMISSION_INCOME_YOY":null,"ACCOUNTS_RECE_TDAYS":3.559213342487,"INVENTORY_TDAYS":1.412663887378,"CURRENT_ASSETS_TDAYS":0.833114035088,"TOTAL_ASSETS_TDAYS":0.292511642479,"PREMIUM_EXPENSE":null,"LOAN_DEPOSIT":null,"LOAN_EQUITY":null,"LOAN_ASSETS":null,"DEPOSIT_EQUITY":null,"DEPOSIT_ASSETS":null,"EQUITY_MULTIPLIER":1.813143497025,"EQUITY_RATIO":0.850396761535}],"count":48},"success":true,"message":"ok","code":0}