{"version":"5a02d5a2e612dd266c5a6099ed2d0e38","result":{"pages":6,"data":[{"SECUCODE":"00149.HK","SECURITY_CODE":"00149","SECURITY_NAME_ABBR":"中国农产品交易","ORG_CODE":"10007427","STD_REPORT_DATE":"2024-06-30 00:00:00","REPORT_DATE":"2024-09-30 00:00:00","DATE_TYPE_CODE":"002","REPORT_TYPE":"2024年中报","PER_NETCASH_OPERATE":0.002947717868,"PER_OI":0.027461234665,"BPS":0.153070583706,"BASIC_EPS":0.00090179,"DILUTED_EPS":0.00090179,"OPERATE_INCOME":273323531.1,"OPERATE_INCOME_YOY":-6.653361791,"GROSS_PROFIT":126221742.72,"GROSS_PROFIT_YOY":-15.284909730992,"HOLDER_PROFIT":9271302.99,"HOLDER_PROFIT_YOY":28.5928705441,"GROSS_PROFIT_RATIO":46.180342472533,"EPS_TTM":0.000669729401,"OPERATE_INCOME_QOQ":0,"NET_PROFIT_RATIO":8.5750107229,"ROE_AVG":0.611063512626,"GROSS_PROFIT_QOQ":0,"ROA":0.227762425248,"HOLDER_PROFIT_QOQ":0,"ROE_YEARLY":1.222127025251,"ROIC_YEARLY":0.533653148033,"TOTAL_ASSETS":3958643473.98,"TOTAL_LIABILITIES":2036983091.38,"TAX_EBT":10.515080567415,"OCF_SALES":10.73410538124,"TOTAL_PARENT_EQUITY":1523521901.18,"DEBT_ASSET_RATIO":51.4565937743,"OPERATE_PROFIT":68826416.38,"PRETAX_PROFIT":26191588.76,"NETCASH_OPERATE":29338835.86,"NETCASH_INVEST":104321772.57,"NETCASH_FINANCE":-131645107.78,"END_CASH":219615624.07,"DIVI_RATIO":null,"DIVIDEND_RATE":null,"CURRENT_RATIO":1.740666241056,"COMMON_ACS":30000000000,"CURRENTDEBT_DEBT":41.398879592991,"ISSUED_COMMON_SHARES":9953067822,"HK_COMMON_SHARES":9953067822,"PER_SHARES":5000,"TOTAL_MARKET_CAP":358310441.592,"HKSK_MARKET_CAP":358310441.592,"PE_TTM":37.172989064426,"PB_TTM":0.212088039478,"REPORT_DATE_SQ":"2023-06-30 00:00:00","REPORT_TYPE_SQ":"2023年中报","OPERATE_INCOME_SQ":297948037.59,"DPS_HKD":null,"OPERATE_INCOME_QOQ_SQ":0,"NET_PROFIT_RATIO_SQ":4.8784544169,"HOLDER_PROFIT_SQ":7336451.85,"HOLDER_PROFIT_QOQ_SQ":0,"ROE_AVG_SQ":0.48091353722,"PE_TTM_SQ":109.854151707372,"PB_TTM_SQ":0.48921875795,"ROA_SQ":0.168036230251,"START_DATE":"2024-04-01 00:00:00","FISCAL_YEAR":"3-31","CURRENCY":"HKD","IS_CNY_CODE":0,"DPS_HKD_LY":null,"ORG_TYPE":"一般企业","PREMIUM_INCOME":null,"PREMIUM_INCOME_YOY":null,"NET_INTEREST_INCOME":null,"NET_INTEREST_INCOME_YOY":null,"FEE_COMMISSION_INCOME":null,"FEE_COMMISSION_INCOME_YOY":null,"ACCOUNTS_RECE_TDAYS":164.857220560239,"INVENTORY_TDAYS":0.139567595594,"CURRENT_ASSETS_TDAYS":0.180632849683,"TOTAL_ASSETS_TDAYS":0.067145718771,"PREMIUM_EXPENSE":null,"LOAN_DEPOSIT":null,"LOAN_EQUITY":null,"LOAN_ASSETS":null,"DEPOSIT_EQUITY":null,"DEPOSIT_ASSETS":null,"EQUITY_MULTIPLIER":2.060012013476,"EQUITY_RATIO":1.337022519862},{"SECUCODE":"00149.HK","SECURITY_CODE":"00149","SECURITY_NAME_ABBR":"中国农产品交易","ORG_CODE":"10007427","STD_REPORT_DATE":"2023-12-31 00:00:00","REPORT_DATE":"2024-03-31 00:00:00","DATE_TYPE_CODE":"001","REPORT_TYPE":"2023年年报","PER_NETCASH_OPERATE":0.014707359657,"PER_OI":0.05274877294,"BPS":0.152609680172,"BASIC_EPS":0.000634585,"DILUTED_EPS":0.000634585,"OPERATE_INCOME":525012114.6,"OPERATE_INCOME_YOY":-2.8953722334,"GROSS_PROFIT":311211362.6,"GROSS_PROFIT_YOY":7.479192139279,"HOLDER_PROFIT":6665862.15,"HOLDER_PROFIT_YOY":7.562902282,"GROSS_PROFIT_RATIO":59.276986939074,"EPS_TTM":0.000632838293,"OPERATE_INCOME_QOQ":0,"NET_PROFIT_RATIO":4.6407382082,"ROE_AVG":0.430814137945,"GROSS_PROFIT_QOQ":0,"ROA":0.153936996788,"HOLDER_PROFIT_QOQ":0,"ROE_YEARLY":0.430814137945,"ROIC_YEARLY":0.179018989087,"TOTAL_ASSETS":4204638732.3,"TOTAL_LIABILITIES":2329218859.1,"TAX_EBT":67.664857971294,"OCF_SALES":27.88189911799,"TOTAL_PARENT_EQUITY":1518934497.05,"DEBT_ASSET_RATIO":55.3964087618,"OPERATE_PROFIT":176498032.6,"PRETAX_PROFIT":75349716.35,"NETCASH_OPERATE":146383348.15,"NETCASH_INVEST":-28008768.8,"NETCASH_FINANCE":-175882485.15,"END_CASH":220685999.25,"DIVI_RATIO":null,"DIVIDEND_RATE":null,"CURRENT_RATIO":1.596339766885,"COMMON_ACS":30000000000,"CURRENTDEBT_DEBT":42.133839199602,"ISSUED_COMMON_SHARES":9953067822,"HK_COMMON_SHARES":9953067822,"PER_SHARES":5000,"TOTAL_MARKET_CAP":358310441.592,"HKSK_MARKET_CAP":358310441.592,"PE_TTM":37.172989064426,"PB_TTM":0.212088039478,"REPORT_DATE_SQ":"2022-12-31 00:00:00","REPORT_TYPE_SQ":"2022年年报","OPERATE_INCOME_SQ":522094524,"DPS_HKD":null,"OPERATE_INCOME_QOQ_SQ":0,"NET_PROFIT_RATIO_SQ":3.1021126761,"HOLDER_PROFIT_SQ":5984302.76,"HOLDER_PROFIT_QOQ_SQ":0,"ROE_AVG_SQ":0.371790580091,"PE_TTM_SQ":119.390222557636,"PB_TTM_SQ":0.514306899383,"ROA_SQ":0.131382191198,"START_DATE":"2023-04-01 00:00:00","FISCAL_YEAR":"3-31","CURRENCY":"HKD","IS_CNY_CODE":0,"DPS_HKD_LY":null,"ORG_TYPE":"一般企业","PREMIUM_INCOME":null,"PREMIUM_INCOME_YOY":null,"NET_INTEREST_INCOME":null,"NET_INTEREST_INCOME_YOY":null,"FEE_COMMISSION_INCOME":null,"FEE_COMMISSION_INCOME_YOY":null,"ACCOUNTS_RECE_TDAYS":288.197063946255,"INVENTORY_TDAYS":0.184046542299,"CURRENT_ASSETS_TDAYS":0.320819959649,"TOTAL_ASSETS_TDAYS":0.121242813578,"PREMIUM_EXPENSE":null,"LOAN_DEPOSIT":null,"LOAN_EQUITY":null,"LOAN_ASSETS":null,"DEPOSIT_EQUITY":null,"DEPOSIT_ASSETS":null,"EQUITY_MULTIPLIER":2.241971940465,"EQUITY_RATIO":1.533455763645},{"SECUCODE":"00149.HK","SECURITY_CODE":"00149","SECURITY_NAME_ABBR":"中国农产品交易","ORG_CODE":"10007427","STD_REPORT_DATE":"2023-06-30 00:00:00","REPORT_DATE":"2023-09-30 00:00:00","DATE_TYPE_CODE":"002","REPORT_TYPE":"2023年中报","PER_NETCASH_OPERATE":0.010702905976,"PER_OI":0.029935296626,"BPS":0.146304978779,"BASIC_EPS":0.000734104,"DILUTED_EPS":0.000734104,"OPERATE_INCOME":297948037.59,"OPERATE_INCOME_YOY":0.9909582062,"GROSS_PROFIT":148995583.1,"GROSS_PROFIT_YOY":-8.519071788106,"HOLDER_PROFIT":7336451.85,"HOLDER_PROFIT_YOY":2.9752704791,"GROSS_PROFIT_RATIO":50.007237605985,"EPS_TTM":0.000601252083,"OPERATE_INCOME_QOQ":0,"NET_PROFIT_RATIO":4.8784544169,"ROE_AVG":0.48091353722,"GROSS_PROFIT_QOQ":0,"ROA":0.168036230251,"HOLDER_PROFIT_QOQ":0,"ROE_YEARLY":0.96182707444,"ROIC_YEARLY":0.391751511453,"TOTAL_ASSETS":4221659589.56,"TOTAL_LIABILITIES":2423991220.14,"TAX_EBT":58.161648177496,"OCF_SALES":35.753465581334,"TOTAL_PARENT_EQUITY":1456183376.48,"DEBT_ASSET_RATIO":57.4179696093,"OPERATE_PROFIT":87947494.46,"PRETAX_PROFIT":34741471.8,"NETCASH_OPERATE":106526749.07,"NETCASH_INVEST":-15913539.46,"NETCASH_FINANCE":-89189965.48,"END_CASH":255568213.67,"DIVI_RATIO":null,"DIVIDEND_RATE":null,"CURRENT_RATIO":1.51231070744,"COMMON_ACS":30000000000,"CURRENTDEBT_DEBT":43.847276135704,"ISSUED_COMMON_SHARES":9953067822,"HK_COMMON_SHARES":9953067822,"PER_SHARES":5000,"TOTAL_MARKET_CAP":358310441.592,"HKSK_MARKET_CAP":358310441.592,"PE_TTM":37.172989064426,"PB_TTM":0.212088039478,"REPORT_DATE_SQ":"2022-06-30 00:00:00","REPORT_TYPE_SQ":"2022年中报","OPERATE_INCOME_SQ":290783791.08,"DPS_HKD":null,"OPERATE_INCOME_QOQ_SQ":0,"NET_PROFIT_RATIO_SQ":6.3640916061,"HOLDER_PROFIT_SQ":7022072.16,"HOLDER_PROFIT_QOQ_SQ":0,"ROE_AVG_SQ":0.435924465587,"PE_TTM_SQ":112.670924828074,"PB_TTM_SQ":0.501762828667,"ROA_SQ":0.152387427566,"START_DATE":"2023-04-01 00:00:00","FISCAL_YEAR":"3-31","CURRENCY":"HKD","IS_CNY_CODE":0,"DPS_HKD_LY":null,"ORG_TYPE":"一般企业","PREMIUM_INCOME":null,"PREMIUM_INCOME_YOY":null,"NET_INTEREST_INCOME":null,"NET_INTEREST_INCOME_YOY":null,"FEE_COMMISSION_INCOME":null,"FEE_COMMISSION_INCOME_YOY":null,"ACCOUNTS_RECE_TDAYS":150.042975970425,"INVENTORY_TDAYS":0.128139789148,"CURRENT_ASSETS_TDAYS":0.178704728788,"TOTAL_ASSETS_TDAYS":0.06824288644,"PREMIUM_EXPENSE":null,"LOAN_DEPOSIT":null,"LOAN_EQUITY":null,"LOAN_ASSETS":null,"DEPOSIT_EQUITY":null,"DEPOSIT_ASSETS":null,"EQUITY_MULTIPLIER":2.348408450289,"EQUITY_RATIO":1.66461948357},{"SECUCODE":"00149.HK","SECURITY_CODE":"00149","SECURITY_NAME_ABBR":"中国农产品交易","ORG_CODE":"10007427","STD_REPORT_DATE":"2022-12-31 00:00:00","REPORT_DATE":"2023-03-31 00:00:00","DATE_TYPE_CODE":"001","REPORT_TYPE":"2022年年报","PER_NETCASH_OPERATE":0.005587704042,"PER_OI":0.052455638135,"BPS":0.152865967345,"BASIC_EPS":0.000612787,"DILUTED_EPS":0.000612787,"OPERATE_INCOME":522094524,"OPERATE_INCOME_YOY":-31.3445034736,"GROSS_PROFIT":289554988.65,"GROSS_PROFIT_YOY":-21.735675452232,"HOLDER_PROFIT":5984302.76,"HOLDER_PROFIT_YOY":6.7958131542,"GROSS_PROFIT_RATIO":55.460261569417,"EPS_TTM":-0.000304092419,"OPERATE_INCOME_QOQ":0,"NET_PROFIT_RATIO":3.1021126761,"ROE_AVG":0.371790580091,"GROSS_PROFIT_QOQ":0,"ROA":0.131382191198,"HOLDER_PROFIT_QOQ":0,"ROE_YEARLY":0.371790580091,"ROIC_YEARLY":0.154452472087,"TOTAL_ASSETS":4302809104.13,"TOTAL_LIABILITIES":2440451365.21,"TAX_EBT":33.695301580475,"OCF_SALES":10.652246814219,"TOTAL_PARENT_EQUITY":1521485340.66,"DEBT_ASSET_RATIO":56.7176304165,"OPERATE_PROFIT":128115378.09,"PRETAX_PROFIT":24426565.23,"NETCASH_OPERATE":56092771.16,"NETCASH_INVEST":-9689913.29,"NETCASH_FINANCE":-127492086.17,"END_CASH":273507847.94,"DIVI_RATIO":null,"DIVIDEND_RATE":null,"CURRENT_RATIO":1.75794329414,"COMMON_ACS":30000000000,"CURRENTDEBT_DEBT":38.406280837699,"ISSUED_COMMON_SHARES":9953067822,"HK_COMMON_SHARES":9953067822,"PER_SHARES":5000,"TOTAL_MARKET_CAP":348357373.77,"HKSK_MARKET_CAP":348357373.77,"PE_TTM":36.140406034858,"PB_TTM":0.206196705048,"REPORT_DATE_SQ":"2021-12-31 00:00:00","REPORT_TYPE_SQ":"2021年年报","OPERATE_INCOME_SQ":704512221.85,"DPS_HKD":null,"OPERATE_INCOME_QOQ_SQ":0,"NET_PROFIT_RATIO_SQ":4.263455683,"HOLDER_PROFIT_SQ":5191275.01,"HOLDER_PROFIT_QOQ_SQ":0,"ROE_AVG_SQ":0.341617964803,"PE_TTM_SQ":122.302179205383,"PB_TTM_SQ":0.5268509701,"ROA_SQ":0.115590224798,"START_DATE":"2022-04-01 00:00:00","FISCAL_YEAR":"3-31","CURRENCY":"HKD","IS_CNY_CODE":0,"DPS_HKD_LY":null,"ORG_TYPE":"一般企业","PREMIUM_INCOME":null,"PREMIUM_INCOME_YOY":null,"NET_INTEREST_INCOME":null,"NET_INTEREST_INCOME_YOY":null,"FEE_COMMISSION_INCOME":null,"FEE_COMMISSION_INCOME_YOY":null,"ACCOUNTS_RECE_TDAYS":309.657320872274,"INVENTORY_TDAYS":0.185903564035,"CURRENT_ASSETS_TDAYS":0.290795120356,"TOTAL_ASSETS_TDAYS":0.114623081964,"PREMIUM_EXPENSE":null,"LOAN_DEPOSIT":null,"LOAN_EQUITY":null,"LOAN_ASSETS":null,"DEPOSIT_EQUITY":null,"DEPOSIT_ASSETS":null,"EQUITY_MULTIPLIER":2.310409549253,"EQUITY_RATIO":1.603992690558},{"SECUCODE":"00149.HK","SECURITY_CODE":"00149","SECURITY_NAME_ABBR":"中国农产品交易","ORG_CODE":"10007427","STD_REPORT_DATE":"2022-06-30 00:00:00","REPORT_DATE":"2022-09-30 00:00:00","DATE_TYPE_CODE":"002","REPORT_TYPE":"2022年中报","PER_NETCASH_OPERATE":-0.004133970516,"PER_OI":0.029215493783,"BPS":0.147462062344,"BASIC_EPS":0.000723552,"DILUTED_EPS":0.000723552,"OPERATE_INCOME":290783791.08,"OPERATE_INCOME_YOY":-21.9247142361,"GROSS_PROFIT":162870650.76,"GROSS_PROFIT_YOY":-14.213605921067,"HOLDER_PROFIT":7022072.16,"HOLDER_PROFIT_YOY":-57.5598556904,"GROSS_PROFIT_RATIO":54.503634446528,"EPS_TTM":0.000521575368,"OPERATE_INCOME_QOQ":0,"NET_PROFIT_RATIO":6.3640916061,"ROE_AVG":0.435924465587,"GROSS_PROFIT_QOQ":0,"ROA":0.152387427566,"HOLDER_PROFIT_QOQ":0,"ROE_YEARLY":0.871848931174,"ROIC_YEARLY":0.357420920794,"TOTAL_ASSETS":4249718456.76,"TOTAL_LIABILITIES":2440599684.6,"TAX_EBT":59.100903494043,"OCF_SALES":-14.14992519603,"TOTAL_PARENT_EQUITY":1467699907.68,"DEBT_ASSET_RATIO":57.4296793878,"OPERATE_PROFIT":103756452.36,"PRETAX_PROFIT":45247324.32,"NETCASH_OPERATE":-41544546.96,"NETCASH_INVEST":-2478165.6,"NETCASH_FINANCE":-72981072.48,"END_CASH":244979331.72,"DIVI_RATIO":null,"DIVIDEND_RATE":null,"CURRENT_RATIO":1.878042675546,"COMMON_ACS":30000000000,"CURRENTDEBT_DEBT":35.236662324692,"ISSUED_COMMON_SHARES":9953067822,"HK_COMMON_SHARES":9953067822,"PER_SHARES":5000,"TOTAL_MARKET_CAP":348357373.77,"HKSK_MARKET_CAP":348357373.77,"PE_TTM":36.140406034858,"PB_TTM":0.206196705048,"REPORT_DATE_SQ":"2021-06-30 00:00:00","REPORT_TYPE_SQ":"2021年中报","OPERATE_INCOME_SQ":343046610.46,"DPS_HKD":null,"OPERATE_INCOME_QOQ_SQ":0,"NET_PROFIT_RATIO_SQ":8.245444898,"HOLDER_PROFIT_SQ":15239999.64,"HOLDER_PROFIT_QOQ_SQ":0,"ROE_AVG_SQ":0.987513039582,"PE_TTM_SQ":122.302179205383,"PB_TTM_SQ":0.5268509701,"ROA_SQ":0.32562555073,"START_DATE":"2022-04-01 00:00:00","FISCAL_YEAR":"3-31","CURRENCY":"HKD","IS_CNY_CODE":0,"DPS_HKD_LY":null,"ORG_TYPE":"一般企业","PREMIUM_INCOME":null,"PREMIUM_INCOME_YOY":null,"NET_INTEREST_INCOME":null,"NET_INTEREST_INCOME_YOY":null,"FEE_COMMISSION_INCOME":null,"FEE_COMMISSION_INCOME_YOY":null,"ACCOUNTS_RECE_TDAYS":166.024786986832,"INVENTORY_TDAYS":0.103274226629,"CURRENT_ASSETS_TDAYS":0.160537095995,"TOTAL_ASSETS_TDAYS":0.063103586649,"PREMIUM_EXPENSE":null,"LOAN_DEPOSIT":null,"LOAN_EQUITY":null,"LOAN_ASSETS":null,"DEPOSIT_EQUITY":null,"DEPOSIT_ASSETS":null,"EQUITY_MULTIPLIER":2.349054424818,"EQUITY_RATIO":1.662873774011},{"SECUCODE":"00149.HK","SECURITY_CODE":"00149","SECURITY_NAME_ABBR":"中国农产品交易","ORG_CODE":"10007427","STD_REPORT_DATE":"2021-12-31 00:00:00","REPORT_DATE":"2022-03-31 00:00:00","DATE_TYPE_CODE":"001","REPORT_TYPE":"2021年年报","PER_NETCASH_OPERATE":0.013054947528,"PER_OI":0.070783424211,"BPS":0.158021854594,"BASIC_EPS":0.000486606,"DILUTED_EPS":0.000486606,"OPERATE_INCOME":704512221.85,"OPERATE_INCOME_YOY":33.5351690701,"GROSS_PROFIT":369970596.85,"GROSS_PROFIT_YOY":24.426328874977,"HOLDER_PROFIT":5191275.01,"HOLDER_PROFIT_YOY":-98.6926115498,"GROSS_PROFIT_RATIO":52.514432734536,"EPS_TTM":0.04509884794,"OPERATE_INCOME_QOQ":0,"NET_PROFIT_RATIO":4.263455683,"ROE_AVG":0.341617964803,"GROSS_PROFIT_QOQ":0,"ROA":0.115590224798,"HOLDER_PROFIT_QOQ":0,"ROE_YEARLY":0.341617964803,"ROIC_YEARLY":0.136185636277,"TOTAL_ASSETS":4453327278.88,"TOTAL_LIABILITIES":2546211311.56,"TAX_EBT":64.992012704054,"OCF_SALES":18.443509442433,"TOTAL_PARENT_EQUITY":1572802236.13,"DEBT_ASSET_RATIO":57.1754814346,"OPERATE_PROFIT":192828170.63,"PRETAX_PROFIT":85799180.93,"NETCASH_OPERATE":129936778.16,"NETCASH_INVEST":-85687261.55,"NETCASH_FINANCE":-35544135.27,"END_CASH":357110411.28,"DIVI_RATIO":null,"DIVIDEND_RATE":null,"CURRENT_RATIO":1.182924983506,"COMMON_ACS":30000000000,"CURRENTDEBT_DEBT":59.766858753276,"ISSUED_COMMON_SHARES":9953067822,"HK_COMMON_SHARES":9953067822,"PER_SHARES":5000,"TOTAL_MARKET_CAP":348357373.77,"HKSK_MARKET_CAP":348357373.77,"PE_TTM":36.140406034858,"PB_TTM":0.206196705048,"REPORT_DATE_SQ":"2020-12-31 00:00:00","REPORT_TYPE_SQ":"2020年年报","OPERATE_INCOME_SQ":549814100.22,"DPS_HKD":null,"OPERATE_INCOME_QOQ_SQ":0,"NET_PROFIT_RATIO_SQ":77.0403779078,"HOLDER_PROFIT_SQ":413801818.36,"HOLDER_PROFIT_QOQ_SQ":0,"ROE_AVG_SQ":33.768123738701,"PE_TTM_SQ":122.302179205383,"PB_TTM_SQ":0.5268509701,"ROA_SQ":9.04426304474,"START_DATE":"2021-04-01 00:00:00","FISCAL_YEAR":"3-31","CURRENCY":"HKD","IS_CNY_CODE":0,"DPS_HKD_LY":null,"ORG_TYPE":"一般企业","PREMIUM_INCOME":null,"PREMIUM_INCOME_YOY":null,"NET_INTEREST_INCOME":null,"NET_INTEREST_INCOME_YOY":null,"FEE_COMMISSION_INCOME":null,"FEE_COMMISSION_INCOME_YOY":null,"ACCOUNTS_RECE_TDAYS":149.079286082032,"INVENTORY_TDAYS":0.255673075642,"CURRENT_ASSETS_TDAYS":0.373006680271,"TOTAL_ASSETS_TDAYS":0.156868449349,"PREMIUM_EXPENSE":null,"LOAN_DEPOSIT":null,"LOAN_EQUITY":null,"LOAN_ASSETS":null,"DEPOSIT_EQUITY":null,"DEPOSIT_ASSETS":null,"EQUITY_MULTIPLIER":2.335110897914,"EQUITY_RATIO":1.618901126327},{"SECUCODE":"00149.HK","SECURITY_CODE":"00149","SECURITY_NAME_ABBR":"中国农产品交易","ORG_CODE":"10007427","STD_REPORT_DATE":"2021-06-30 00:00:00","REPORT_DATE":"2021-09-30 00:00:00","DATE_TYPE_CODE":"002","REPORT_TYPE":"2021年中报","PER_NETCASH_OPERATE":-0.00009265459,"PER_OI":0.034466419459,"BPS":0.158769708424,"BASIC_EPS":0.001499508,"DILUTED_EPS":0.001499508,"OPERATE_INCOME":343046610.46,"OPERATE_INCOME_YOY":40.8251343135,"GROSS_PROFIT":189856040.12,"GROSS_PROFIT_YOY":43.434552117474,"HOLDER_PROFIT":15239999.64,"HOLDER_PROFIT_YOY":181.0652723003,"GROSS_PROFIT_RATIO":55.344094455683,"EPS_TTM":0.041575303792,"OPERATE_INCOME_QOQ":0,"NET_PROFIT_RATIO":8.245444898,"ROE_AVG":0.987513039582,"GROSS_PROFIT_QOQ":0,"ROA":0.32562555073,"HOLDER_PROFIT_QOQ":0,"ROE_YEARLY":1.975026079165,"ROIC_YEARLY":0.764391650231,"TOTAL_ASSETS":4708435126.56,"TOTAL_LIABILITIES":2796274187.8,"TAX_EBT":50.388661601403,"OCF_SALES":-0.268825690702,"TOTAL_PARENT_EQUITY":1580245676.02,"DEBT_ASSET_RATIO":59.3886102843,"OPERATE_PROFIT":112104051.14,"PRETAX_PROFIT":57014626.4,"NETCASH_OPERATE":-922197.42,"NETCASH_INVEST":-65061986,"NETCASH_FINANCE":74307285.88,"END_CASH":368468269.42,"DIVI_RATIO":null,"DIVIDEND_RATE":null,"CURRENT_RATIO":1.073214738825,"COMMON_ACS":30000000000,"CURRENTDEBT_DEBT":67.862767120594,"ISSUED_COMMON_SHARES":9953067822,"HK_COMMON_SHARES":9953067822,"PER_SHARES":5000,"TOTAL_MARKET_CAP":348357373.77,"HKSK_MARKET_CAP":348357373.77,"PE_TTM":36.140406034858,"PB_TTM":0.206196705048,"REPORT_DATE_SQ":"2020-06-30 00:00:00","REPORT_TYPE_SQ":"2020年中报","OPERATE_INCOME_SQ":256949151.36,"DPS_HKD":null,"OPERATE_INCOME_QOQ_SQ":0,"NET_PROFIT_RATIO_SQ":-6.3581304525,"HOLDER_PROFIT_SQ":-19830074.24,"HOLDER_PROFIT_QOQ_SQ":0,"ROE_AVG_SQ":-1.982198248811,"PE_TTM_SQ":122.302179205383,"PB_TTM_SQ":0.5268509701,"ROA_SQ":-0.419809181873,"START_DATE":"2021-04-01 00:00:00","FISCAL_YEAR":"3-31","CURRENCY":"HKD","IS_CNY_CODE":0,"DPS_HKD_LY":null,"ORG_TYPE":"一般企业","PREMIUM_INCOME":null,"PREMIUM_INCOME_YOY":null,"NET_INTEREST_INCOME":null,"NET_INTEREST_INCOME_YOY":null,"FEE_COMMISSION_INCOME":null,"FEE_COMMISSION_INCOME_YOY":null,"ACCOUNTS_RECE_TDAYS":2.858409168211,"INVENTORY_TDAYS":0.110647328601,"CURRENT_ASSETS_TDAYS":0.16867119989,"TOTAL_ASSETS_TDAYS":0.073297076178,"PREMIUM_EXPENSE":null,"LOAN_DEPOSIT":null,"LOAN_EQUITY":null,"LOAN_ASSETS":null,"DEPOSIT_EQUITY":null,"DEPOSIT_ASSETS":null,"EQUITY_MULTIPLIER":2.462363408395,"EQUITY_RATIO":1.769518645254},{"SECUCODE":"00149.HK","SECURITY_CODE":"00149","SECURITY_NAME_ABBR":"中国农产品交易","ORG_CODE":"10007427","STD_REPORT_DATE":"2020-12-31 00:00:00","REPORT_DATE":"2021-03-31 00:00:00","DATE_TYPE_CODE":"001","REPORT_TYPE":"2020年年报","PER_NETCASH_OPERATE":0.027317053857,"PER_OI":0.055240666501,"BPS":0.153541657102,"BASIC_EPS":0.041582856,"DILUTED_EPS":0.041498338,"OPERATE_INCOME":549814100.22,"OPERATE_INCOME_YOY":-34.5939728595,"GROSS_PROFIT":297341085.44,"GROSS_PROFIT_YOY":-27.854874874793,"HOLDER_PROFIT":413801818.36,"HOLDER_PROFIT_YOY":5653.2549941246,"GROSS_PROFIT_RATIO":54.080294652506,"EPS_TTM":-0.001950646859,"OPERATE_INCOME_QOQ":0,"NET_PROFIT_RATIO":77.0403779078,"ROE_AVG":33.768123738701,"GROSS_PROFIT_QOQ":0,"ROA":9.04426304474,"HOLDER_PROFIT_QOQ":0,"ROE_YEARLY":33.768123738701,"ROIC_YEARLY":10.634149816662,"TOTAL_ASSETS":4719690498.74,"TOTAL_LIABILITIES":2855347660.2,"TAX_EBT":22.234480489958,"OCF_SALES":49.450985275061,"TOTAL_PARENT_EQUITY":1528210526.64,"DEBT_ASSET_RATIO":60.4986208516,"OPERATE_PROFIT":677454029,"PRETAX_PROFIT":544687238.34,"NETCASH_OPERATE":271888489.74,"NETCASH_INVEST":-17994727.38,"NETCASH_FINANCE":-205412547.2,"END_CASH":358926816.5,"DIVI_RATIO":null,"DIVIDEND_RATE":null,"CURRENT_RATIO":1.368093704864,"COMMON_ACS":30000000000,"CURRENTDEBT_DEBT":52.750156139463,"ISSUED_COMMON_SHARES":9953067822,"HK_COMMON_SHARES":9953067822,"PER_SHARES":5000,"TOTAL_MARKET_CAP":348357373.77,"HKSK_MARKET_CAP":348357373.77,"PE_TTM":36.140406034858,"PB_TTM":0.206196705048,"REPORT_DATE_SQ":"2019-12-31 00:00:00","REPORT_TYPE_SQ":"2019年年报","OPERATE_INCOME_SQ":890943683.78,"DPS_HKD":null,"OPERATE_INCOME_QOQ_SQ":9.492473531455,"NET_PROFIT_RATIO_SQ":2.76402296,"HOLDER_PROFIT_SQ":7623087.8,"HOLDER_PROFIT_QOQ_SQ":107.224190006705,"ROE_AVG_SQ":0.720924341913,"PE_TTM_SQ":122.302179205383,"PB_TTM_SQ":0.5268509701,"ROA_SQ":0.156920941902,"START_DATE":"2020-04-01 00:00:00","FISCAL_YEAR":"3-31","CURRENCY":"HKD","IS_CNY_CODE":0,"DPS_HKD_LY":null,"ORG_TYPE":"一般企业","PREMIUM_INCOME":null,"PREMIUM_INCOME_YOY":null,"NET_INTEREST_INCOME":null,"NET_INTEREST_INCOME_YOY":null,"FEE_COMMISSION_INCOME":null,"FEE_COMMISSION_INCOME_YOY":null,"ACCOUNTS_RECE_TDAYS":5.341333344281,"INVENTORY_TDAYS":0.180445591354,"CURRENT_ASSETS_TDAYS":0.274669777622,"TOTAL_ASSETS_TDAYS":0.120170166671,"PREMIUM_EXPENSE":null,"LOAN_DEPOSIT":null,"LOAN_EQUITY":null,"LOAN_ASSETS":null,"DEPOSIT_EQUITY":null,"DEPOSIT_ASSETS":null,"EQUITY_MULTIPLIER":2.531557179923,"EQUITY_RATIO":1.86842559348},{"SECUCODE":"00149.HK","SECURITY_CODE":"00149","SECURITY_NAME_ABBR":"中国农产品交易","ORG_CODE":"10007427","STD_REPORT_DATE":"2020-06-30 00:00:00","REPORT_DATE":"2020-09-30 00:00:00","DATE_TYPE_CODE":"002","REPORT_TYPE":"2020年中报","PER_NETCASH_OPERATE":0.017898909143,"PER_OI":0.025816075602,"BPS":0.104648190896,"BASIC_EPS":-0.002021056,"DILUTED_EPS":-0.002021056,"OPERATE_INCOME":256949151.36,"OPERATE_INCOME_YOY":-36.7718764122,"GROSS_PROFIT":132364229.76,"GROSS_PROFIT_YOY":-31.372470741489,"HOLDER_PROFIT":-19830074.24,"HOLDER_PROFIT_YOY":-375.4088357335,"GROSS_PROFIT_RATIO":51.513783586913,"EPS_TTM":0.000765903331,"OPERATE_INCOME_QOQ":0,"NET_PROFIT_RATIO":-6.3581304525,"ROE_AVG":-1.982198248811,"GROSS_PROFIT_QOQ":0,"ROA":-0.419809181873,"HOLDER_PROFIT_QOQ":0,"ROE_YEARLY":-3.964396497622,"ROIC_YEARLY":-0.988807940259,"TOTAL_ASSETS":4840447573.12,"TOTAL_LIABILITIES":3467601349.12,"TAX_EBT":183.823264201984,"OCF_SALES":69.332416821414,"TOTAL_PARENT_EQUITY":1041570541.44,"DEBT_ASSET_RATIO":71.6380313336,"OPERATE_PROFIT":91972986.24,"PRETAX_PROFIT":19490009.6,"NETCASH_OPERATE":178149056.64,"NETCASH_INVEST":-11678188.8,"NETCASH_FINANCE":-92777015.04,"END_CASH":394366021.12,"DIVI_RATIO":null,"DIVIDEND_RATE":null,"CURRENT_RATIO":1.095962997748,"COMMON_ACS":30000000000,"CURRENTDEBT_DEBT":56.283418259002,"ISSUED_COMMON_SHARES":9953067822,"HK_COMMON_SHARES":9953067822,"PER_SHARES":5000,"TOTAL_MARKET_CAP":348357373.77,"HKSK_MARKET_CAP":348357373.77,"PE_TTM":36.140406034858,"PB_TTM":0.206196705048,"REPORT_DATE_SQ":"2019-06-30 00:00:00","REPORT_TYPE_SQ":"2019年中报","OPERATE_INCOME_SQ":406818999.18,"DPS_HKD":null,"OPERATE_INCOME_QOQ_SQ":19.235344274945,"NET_PROFIT_RATIO_SQ":3.2047276273,"HOLDER_PROFIT_SQ":7207934.04,"HOLDER_PROFIT_QOQ_SQ":43.352150968223,"ROE_AVG_SQ":0.676498767995,"PE_TTM_SQ":122.302179205383,"PB_TTM_SQ":0.5268509701,"ROA_SQ":0.148646161636,"START_DATE":"2020-04-01 00:00:00","FISCAL_YEAR":"3-31","CURRENCY":"HKD","IS_CNY_CODE":0,"DPS_HKD_LY":null,"ORG_TYPE":"一般企业","PREMIUM_INCOME":null,"PREMIUM_INCOME_YOY":null,"NET_INTEREST_INCOME":null,"NET_INTEREST_INCOME_YOY":null,"FEE_COMMISSION_INCOME":null,"FEE_COMMISSION_INCOME_YOY":null,"ACCOUNTS_RECE_TDAYS":1.11344740204,"INVENTORY_TDAYS":0.08674875717,"CURRENT_ASSETS_TDAYS":0.12356576172,"TOTAL_ASSETS_TDAYS":0.054396978907,"PREMIUM_EXPENSE":null,"LOAN_DEPOSIT":null,"LOAN_EQUITY":null,"LOAN_ASSETS":null,"DEPOSIT_EQUITY":null,"DEPOSIT_ASSETS":null,"EQUITY_MULTIPLIER":3.525848335009,"EQUITY_RATIO":3.329204514872}],"count":47},"success":true,"message":"ok","code":0}