{"version":"0fee876a45af81a51b59d6a6d99c88b9","result":{"pages":6,"data":[{"SECUCODE":"00144.HK","SECURITY_CODE":"00144","SECURITY_NAME_ABBR":"招商局港口","ORG_CODE":"10042923","STD_REPORT_DATE":"2024-06-30 00:00:00","REPORT_DATE":"2024-06-30 00:00:00","DATE_TYPE_CODE":"002","REPORT_TYPE":"2024年中报","PER_NETCASH_OPERATE":0.92420061703,"PER_OI":1.259878281743,"BPS":22.494534284233,"BASIC_EPS":0.96789714,"DILUTED_EPS":null,"OPERATE_INCOME":5288980600,"OPERATE_INCOME_YOY":-0.1722652885,"GROSS_PROFIT":2539075760,"GROSS_PROFIT_YOY":5.514866015079,"HOLDER_PROFIT":4063251360,"HOLDER_PROFIT_YOY":32.8558639212,"GROSS_PROFIT_RATIO":48.006902502157,"EPS_TTM":1.577453823132,"OPERATE_INCOME_QOQ":-0.606554324545,"NET_PROFIT_RATIO":84.7972389991,"ROE_AVG":4.330275943236,"GROSS_PROFIT_QOQ":2.840760763617,"ROA":2.593740532731,"HOLDER_PROFIT_QOQ":17.238234558437,"ROE_YEARLY":8.660551886471,"ROIC_YEARLY":6.281614425702,"TOTAL_ASSETS":156044550320,"TOTAL_LIABILITIES":44714018560,"TAX_EBT":12.93408929837,"OCF_SALES":73.356341673857,"TOTAL_PARENT_EQUITY":94432261560,"DEBT_ASSET_RATIO":28.6546492449,"OPERATE_PROFIT":2738040000,"PRETAX_PROFIT":5151165920,"NETCASH_OPERATE":3879802680,"NETCASH_INVEST":-240947520,"NETCASH_FINANCE":-5404890960,"END_CASH":9316637440,"DIVI_RATIO":0.420396204488,"DIVIDEND_RATE":5.615384615385,"CURRENT_RATIO":0.872907280716,"COMMON_ACS":null,"CURRENTDEBT_DEBT":36.697828216852,"ISSUED_COMMON_SHARES":4198009186,"HK_COMMON_SHARES":4198009186,"PER_SHARES":2000,"TOTAL_MARKET_CAP":54574119418,"HKSK_MARKET_CAP":54574119418,"PE_TTM":7.441248898009,"PB_TTM":0.527454351803,"REPORT_DATE_SQ":"2023-06-30 00:00:00","REPORT_TYPE_SQ":"2023年中报","OPERATE_INCOME_SQ":5352093900,"DPS_HKD":0.73,"OPERATE_INCOME_QOQ_SQ":-1.905061980169,"NET_PROFIT_RATIO_SQ":68.6304909561,"HOLDER_PROFIT_SQ":3089554980,"HOLDER_PROFIT_QOQ_SQ":-14.915930047831,"ROE_AVG_SQ":3.466683219019,"PE_TTM_SQ":6.403178748901,"PB_TTM_SQ":0.419116912828,"ROA_SQ":1.942400380249,"START_DATE":"2024-01-01 00:00:00","FISCAL_YEAR":"12-31","CURRENCY":"HKD","IS_CNY_CODE":0,"DPS_HKD_LY":0.73,"ORG_TYPE":"一般企业","PREMIUM_INCOME":null,"PREMIUM_INCOME_YOY":null,"NET_INTEREST_INCOME":null,"NET_INTEREST_INCOME_YOY":null,"FEE_COMMISSION_INCOME":null,"FEE_COMMISSION_INCOME_YOY":null,"ACCOUNTS_RECE_TDAYS":2.518470230335,"INVENTORY_TDAYS":13.128540305011,"CURRENT_ASSETS_TDAYS":0.346954048795,"TOTAL_ASSETS_TDAYS":0.033761739414,"PREMIUM_EXPENSE":null,"LOAN_DEPOSIT":null,"LOAN_EQUITY":null,"LOAN_ASSETS":null,"DEPOSIT_EQUITY":null,"DEPOSIT_ASSETS":null,"EQUITY_MULTIPLIER":1.401633027823,"EQUITY_RATIO":0.473503629176},{"SECUCODE":"00144.HK","SECURITY_CODE":"00144","SECURITY_NAME_ABBR":"招商局港口","ORG_CODE":"10042923","STD_REPORT_DATE":"2023-12-31 00:00:00","REPORT_DATE":"2023-12-31 00:00:00","DATE_TYPE_CODE":"001","REPORT_TYPE":"2023年年报","PER_NETCASH_OPERATE":1.56245974446,"PER_OI":2.478607734995,"BPS":22.052096600629,"BASIC_EPS":1.388510284,"DILUTED_EPS":null,"OPERATE_INCOME":10405218040,"OPERATE_INCOME_YOY":-8.4734954165,"GROSS_PROFIT":4671564100,"GROSS_PROFIT_YOY":-6.075187442522,"HOLDER_PROFIT":5648469260,"HOLDER_PROFIT_YOY":-19.894615088,"GROSS_PROFIT_RATIO":44.896359519248,"EPS_TTM":1.345511410227,"OPERATE_INCOME_QOQ":-5.343340514962,"NET_PROFIT_RATIO":64.3180630552,"ROE_AVG":6.260420642414,"GROSS_PROFIT_QOQ":-1.071553913461,"ROA":3.618903297539,"HOLDER_PROFIT_QOQ":-4.486590180782,"ROE_YEARLY":6.260420642414,"ROIC_YEARLY":4.480755682717,"TOTAL_ASSETS":156154393080,"TOTAL_LIABILITIES":46642237180,"TAX_EBT":13.716555672392,"OCF_SALES":63.03779829298,"TOTAL_PARENT_EQUITY":92574904100,"DEBT_ASSET_RATIO":29.8693083557,"OPERATE_PROFIT":3845091460,"PRETAX_PROFIT":7756336980,"NETCASH_OPERATE":6559220360,"NETCASH_INVEST":2328079180,"NETCASH_FINANCE":-6441411760,"END_CASH":11131100260,"DIVI_RATIO":0.492865088292,"DIVIDEND_RATE":5.513595166163,"CURRENT_RATIO":0.869507585056,"COMMON_ACS":null,"CURRENTDEBT_DEBT":39.575278322874,"ISSUED_COMMON_SHARES":4198009186,"HK_COMMON_SHARES":4198009186,"PER_SHARES":2000,"TOTAL_MARKET_CAP":55581641622.64,"HKSK_MARKET_CAP":55581641622.64,"PE_TTM":7.578625800742,"PB_TTM":0.537191970606,"REPORT_DATE_SQ":"2022-12-31 00:00:00","REPORT_TYPE_SQ":"2022年年报","OPERATE_INCOME_SQ":11206072150,"DPS_HKD":0.73,"OPERATE_INCOME_QOQ_SQ":6.298619044696,"NET_PROFIT_RATIO_SQ":71.9728975688,"HOLDER_PROFIT_SQ":6950533870,"HOLDER_PROFIT_QOQ_SQ":1.24745639493,"ROE_AVG_SQ":7.97107016816,"PE_TTM_SQ":6.72267207525,"PB_TTM_SQ":0.440029191222,"ROA_SQ":4.435576964186,"START_DATE":"2023-01-01 00:00:00","FISCAL_YEAR":"12-31","CURRENCY":"HKD","IS_CNY_CODE":0,"DPS_HKD_LY":0.82,"ORG_TYPE":"一般企业","PREMIUM_INCOME":null,"PREMIUM_INCOME_YOY":null,"NET_INTEREST_INCOME":null,"NET_INTEREST_INCOME_YOY":null,"FEE_COMMISSION_INCOME":null,"FEE_COMMISSION_INCOME_YOY":null,"ACCOUNTS_RECE_TDAYS":5.592791037506,"INVENTORY_TDAYS":34.955801104972,"CURRENT_ASSETS_TDAYS":0.712282878412,"TOTAL_ASSETS_TDAYS":0.066664924855,"PREMIUM_EXPENSE":null,"LOAN_DEPOSIT":null,"LOAN_EQUITY":null,"LOAN_ASSETS":null,"DEPOSIT_EQUITY":null,"DEPOSIT_ASSETS":null,"EQUITY_MULTIPLIER":1.425909222558,"EQUITY_RATIO":0.503832411531},{"SECUCODE":"00144.HK","SECURITY_CODE":"00144","SECURITY_NAME_ABBR":"招商局港口","ORG_CODE":"10042923","STD_REPORT_DATE":"2023-06-30 00:00:00","REPORT_DATE":"2023-06-30 00:00:00","DATE_TYPE_CODE":"002","REPORT_TYPE":"2023年中报","PER_NETCASH_OPERATE":0.552029629592,"PER_OI":1.336892782555,"BPS":21.162227837965,"BASIC_EPS":0.771605062,"DILUTED_EPS":null,"OPERATE_INCOME":5352093900,"OPERATE_INCOME_YOY":-10.8020897357,"GROSS_PROFIT":2406367800,"GROSS_PROFIT_YOY":-9.464608578256,"HOLDER_PROFIT":3089554980,"HOLDER_PROFIT_YOY":-30.5492227979,"GROSS_PROFIT_RATIO":44.961240310078,"EPS_TTM":1.477199916183,"OPERATE_INCOME_QOQ":-1.905061980169,"NET_PROFIT_RATIO":68.6304909561,"ROE_AVG":3.466683219019,"GROSS_PROFIT_QOQ":-5.057830914158,"ROA":1.942400380249,"HOLDER_PROFIT_QOQ":-14.915930047831,"ROE_YEARLY":6.933366438037,"ROIC_YEARLY":4.867880126091,"TOTAL_ASSETS":159393746360,"TOTAL_LIABILITIES":46569209800,"TAX_EBT":11.466666666667,"OCF_SALES":41.291989664083,"TOTAL_PARENT_EQUITY":88839226860,"DEBT_ASSET_RATIO":29.2164597818,"OPERATE_PROFIT":1944455820,"PRETAX_PROFIT":4148910000,"NETCASH_OPERATE":2209986060,"NETCASH_INVEST":-970844940,"NETCASH_FINANCE":-2089206680,"END_CASH":7895836720,"DIVI_RATIO":0.448927455746,"DIVIDEND_RATE":5.513595166163,"CURRENT_RATIO":0.963816778591,"COMMON_ACS":null,"CURRENTDEBT_DEBT":39.505048505247,"ISSUED_COMMON_SHARES":4198009186,"HK_COMMON_SHARES":4198009186,"PER_SHARES":2000,"TOTAL_MARKET_CAP":55581641622.64,"HKSK_MARKET_CAP":55581641622.64,"PE_TTM":7.578625800742,"PB_TTM":0.537191970606,"REPORT_DATE_SQ":"2022-06-30 00:00:00","REPORT_TYPE_SQ":"2022年中报","OPERATE_INCOME_SQ":5565576520,"DPS_HKD":0.73,"OPERATE_INCOME_QOQ_SQ":8.809435870759,"NET_PROFIT_RATIO_SQ":85.4486785495,"HOLDER_PROFIT_SQ":4126291750,"HOLDER_PROFIT_QOQ_SQ":3.099223606925,"ROE_AVG_SQ":4.951206247242,"PE_TTM_SQ":6.72267207525,"PB_TTM_SQ":0.440029191222,"ROA_SQ":2.71747547936,"START_DATE":"2023-01-01 00:00:00","FISCAL_YEAR":"12-31","CURRENCY":"HKD","IS_CNY_CODE":0,"DPS_HKD_LY":0.82,"ORG_TYPE":"一般企业","PREMIUM_INCOME":null,"PREMIUM_INCOME_YOY":null,"NET_INTEREST_INCOME":null,"NET_INTEREST_INCOME_YOY":null,"FEE_COMMISSION_INCOME":null,"FEE_COMMISSION_INCOME_YOY":null,"ACCOUNTS_RECE_TDAYS":null,"INVENTORY_TDAYS":17.651933701657,"CURRENT_ASSETS_TDAYS":0.343887918012,"TOTAL_ASSETS_TDAYS":0.033648565226,"PREMIUM_EXPENSE":null,"LOAN_DEPOSIT":null,"LOAN_EQUITY":null,"LOAN_ASSETS":null,"DEPOSIT_EQUITY":null,"DEPOSIT_ASSETS":null,"EQUITY_MULTIPLIER":1.412757820416,"EQUITY_RATIO":0.524196477682},{"SECUCODE":"00144.HK","SECURITY_CODE":"00144","SECURITY_NAME_ABBR":"招商局港口","ORG_CODE":"10042923","STD_REPORT_DATE":"2022-12-31 00:00:00","REPORT_DATE":"2022-12-31 00:00:00","DATE_TYPE_CODE":"001","REPORT_TYPE":"2022年年报","PER_NETCASH_OPERATE":1.959293872176,"PER_OI":2.79915062367,"BPS":20.633470483788,"BASIC_EPS":1.800117704,"DILUTED_EPS":null,"OPERATE_INCOME":11206072150,"OPERATE_INCOME_YOY":5.864978903,"GROSS_PROFIT":4973727360,"GROSS_PROFIT_YOY":13.558447403346,"HOLDER_PROFIT":6950533870,"HOLDER_PROFIT_YOY":-4.4572691552,"GROSS_PROFIT_RATIO":44.38421681945,"EPS_TTM":1.736165085913,"OPERATE_INCOME_QOQ":6.298619044696,"NET_PROFIT_RATIO":71.9728975688,"ROE_AVG":7.97107016816,"GROSS_PROFIT_QOQ":2.86289285883,"ROA":4.435576964186,"HOLDER_PROFIT_QOQ":1.24745639493,"ROE_YEARLY":7.97107016816,"ROIC_YEARLY":5.453959219721,"TOTAL_ASSETS":153780896850,"TOTAL_LIABILITIES":44287433330,"TAX_EBT":10.382133995037,"OCF_SALES":69.996014348346,"TOTAL_PARENT_EQUITY":86619498630,"DEBT_ASSET_RATIO":28.7990473701,"OPERATE_PROFIT":3052303590,"PRETAX_PROFIT":8999695250,"NETCASH_OPERATE":7843803870,"NETCASH_INVEST":-3415864480,"NETCASH_FINANCE":-4380596080,"END_CASH":8597723750,"DIVI_RATIO":0.381965750481,"DIVIDEND_RATE":5.513595166163,"CURRENT_RATIO":0.691791257975,"COMMON_ACS":null,"CURRENTDEBT_DEBT":42.360676899494,"ISSUED_COMMON_SHARES":4198009186,"HK_COMMON_SHARES":4198009186,"PER_SHARES":2000,"TOTAL_MARKET_CAP":55581641622.64,"HKSK_MARKET_CAP":55581641622.64,"PE_TTM":7.578625800742,"PB_TTM":0.537191970606,"REPORT_DATE_SQ":"2021-12-31 00:00:00","REPORT_TYPE_SQ":"2021年年报","OPERATE_INCOME_SQ":9688560000,"DPS_HKD":0.73,"OPERATE_INCOME_QOQ_SQ":13.762974846135,"NET_PROFIT_RATIO_SQ":79.1983122363,"HOLDER_PROFIT_SQ":6658534400,"HOLDER_PROFIT_QOQ_SQ":-2.696227500864,"ROE_AVG_SQ":8.200212456389,"PE_TTM_SQ":6.72267207525,"PB_TTM_SQ":0.440029191222,"ROA_SQ":4.670340698601,"START_DATE":"2022-01-01 00:00:00","FISCAL_YEAR":"12-31","CURRENCY":"HKD","IS_CNY_CODE":0,"DPS_HKD_LY":0.94,"ORG_TYPE":"一般企业","PREMIUM_INCOME":null,"PREMIUM_INCOME_YOY":null,"NET_INTEREST_INCOME":null,"NET_INTEREST_INCOME_YOY":null,"FEE_COMMISSION_INCOME":null,"FEE_COMMISSION_INCOME_YOY":null,"ACCOUNTS_RECE_TDAYS":5.558263181214,"INVENTORY_TDAYS":40.92082111437,"CURRENT_ASSETS_TDAYS":0.829558604728,"TOTAL_ASSETS_TDAYS":0.071513061323,"PREMIUM_EXPENSE":null,"LOAN_DEPOSIT":null,"LOAN_EQUITY":null,"LOAN_ASSETS":null,"DEPOSIT_EQUITY":null,"DEPOSIT_ASSETS":null,"EQUITY_MULTIPLIER":1.404475590654,"EQUITY_RATIO":0.511287112376},{"SECUCODE":"00144.HK","SECURITY_CODE":"00144","SECURITY_NAME_ABBR":"招商局港口","ORG_CODE":"10042923","STD_REPORT_DATE":"2022-06-30 00:00:00","REPORT_DATE":"2022-06-30 00:00:00","DATE_TYPE_CODE":"002","REPORT_TYPE":"2022年中报","PER_NETCASH_OPERATE":0.866797054354,"PER_OI":1.470189009573,"BPS":19.686846297435,"BASIC_EPS":1.090196212,"DILUTED_EPS":null,"OPERATE_INCOME":5565576520,"OPERATE_INCOME_YOY":14.9214197422,"GROSS_PROFIT":2657930520,"GROSS_PROFIT_YOY":20.677026165752,"HOLDER_PROFIT":4126291750,"HOLDER_PROFIT_YOY":2.4198683931,"GROSS_PROFIT_RATIO":47.756607252612,"EPS_TTM":1.813414384285,"OPERATE_INCOME_QOQ":8.809435870759,"NET_PROFIT_RATIO":85.4486785495,"ROE_AVG":4.951206247242,"GROSS_PROFIT_QOQ":10.397874536928,"ROA":2.71747547936,"HOLDER_PROFIT_QOQ":3.099223606925,"ROE_YEARLY":9.902412494484,"ROIC_YEARLY":6.658616525789,"TOTAL_ASSETS":150871764610,"TOTAL_LIABILITIES":45880943500,"TAX_EBT":10.117989332471,"OCF_SALES":58.958205285802,"TOTAL_PARENT_EQUITY":82645561600,"DEBT_ASSET_RATIO":30.4105566861,"OPERATE_PROFIT":1675317210,"PRETAX_PROFIT":5291060530,"NETCASH_OPERATE":3281364030,"NETCASH_INVEST":-1669330880,"NETCASH_FINANCE":-2323551230,"END_CASH":7568431500,"DIVI_RATIO":0.365694463299,"DIVIDEND_RATE":5.513595166163,"CURRENT_RATIO":0.793548387097,"COMMON_ACS":null,"CURRENTDEBT_DEBT":32.935694315005,"ISSUED_COMMON_SHARES":4198009186,"HK_COMMON_SHARES":4198009186,"PER_SHARES":2000,"TOTAL_MARKET_CAP":55581641622.64,"HKSK_MARKET_CAP":55581641622.64,"PE_TTM":7.578625800742,"PB_TTM":0.537191970606,"REPORT_DATE_SQ":"2021-06-30 00:00:00","REPORT_TYPE_SQ":"2021年中报","OPERATE_INCOME_SQ":4712069040,"DPS_HKD":0.73,"OPERATE_INCOME_QOQ_SQ":13.12317358303,"NET_PROFIT_RATIO_SQ":93.1308493731,"HOLDER_PROFIT_SQ":3919928880,"HOLDER_PROFIT_QOQ_SQ":57.845080839896,"ROE_AVG_SQ":4.918820151397,"PE_TTM_SQ":6.72267207525,"PB_TTM_SQ":0.440029191222,"ROA_SQ":2.75770427412,"START_DATE":"2022-01-01 00:00:00","FISCAL_YEAR":"12-31","CURRENCY":"HKD","IS_CNY_CODE":0,"DPS_HKD_LY":0.94,"ORG_TYPE":"一般企业","PREMIUM_INCOME":null,"PREMIUM_INCOME_YOY":null,"NET_INTEREST_INCOME":null,"NET_INTEREST_INCOME_YOY":null,"FEE_COMMISSION_INCOME":null,"FEE_COMMISSION_INCOME_YOY":null,"ACCOUNTS_RECE_TDAYS":null,"INVENTORY_TDAYS":19.428571428571,"CURRENT_ASSETS_TDAYS":0.437689151927,"TOTAL_ASSETS_TDAYS":0.036653534549,"PREMIUM_EXPENSE":null,"LOAN_DEPOSIT":null,"LOAN_EQUITY":null,"LOAN_ASSETS":null,"DEPOSIT_EQUITY":null,"DEPOSIT_ASSETS":null,"EQUITY_MULTIPLIER":1.436999568296,"EQUITY_RATIO":0.555153145695},{"SECUCODE":"00144.HK","SECURITY_CODE":"00144","SECURITY_NAME_ABBR":"招商局港口","ORG_CODE":"10042923","STD_REPORT_DATE":"2021-12-31 00:00:00","REPORT_DATE":"2021-12-31 00:00:00","DATE_TYPE_CODE":"001","REPORT_TYPE":"2021年年报","PER_NETCASH_OPERATE":1.897342182834,"PER_OI":2.559306188569,"BPS":19.137407194802,"BASIC_EPS":1.79765712,"DILUTED_EPS":null,"OPERATE_INCOME":9688560000,"OPERATE_INCOME_YOY":32.4762437116,"GROSS_PROFIT":4379883200,"GROSS_PROFIT_YOY":38.995365986716,"HOLDER_PROFIT":6658534400,"HOLDER_PROFIT_YOY":58.1052222869,"GROSS_PROFIT_RATIO":45.206751054852,"EPS_TTM":1.758902075925,"OPERATE_INCOME_QOQ":13.762974846135,"NET_PROFIT_RATIO":79.1983122363,"ROE_AVG":8.200212456389,"GROSS_PROFIT_QOQ":14.521200656807,"ROA":4.670340698601,"HOLDER_PROFIT_QOQ":-2.696227500864,"ROE_YEARLY":8.200212456389,"ROIC_YEARLY":5.661846496107,"TOTAL_ASSETS":146096944000,"TOTAL_LIABILITIES":44062099200,"TAX_EBT":11.678900809336,"OCF_SALES":74.135021097046,"TOTAL_PARENT_EQUITY":80339011200,"DEBT_ASSET_RATIO":30.1594940959,"OPERATE_PROFIT":3913851200,"PRETAX_PROFIT":8687817600,"NETCASH_OPERATE":7182616000,"NETCASH_INVEST":-3337443200,"NETCASH_FINANCE":-5011070400,"END_CASH":8154742400,"DIVI_RATIO":0.377028152435,"DIVIDEND_RATE":5.513595166163,"CURRENT_RATIO":0.741705601963,"COMMON_ACS":null,"CURRENTDEBT_DEBT":39.317523936762,"ISSUED_COMMON_SHARES":4198009186,"HK_COMMON_SHARES":4198009186,"PER_SHARES":2000,"TOTAL_MARKET_CAP":55581641622.64,"HKSK_MARKET_CAP":55581641622.64,"PE_TTM":7.578625800742,"PB_TTM":0.537191970606,"REPORT_DATE_SQ":"2020-12-31 00:00:00","REPORT_TYPE_SQ":"2020年年报","OPERATE_INCOME_SQ":7528469800,"DPS_HKD":0.73,"OPERATE_INCOME_QOQ_SQ":-3.082840303202,"NET_PROFIT_RATIO_SQ":67.9821129122,"HOLDER_PROFIT_SQ":4335287640,"HOLDER_PROFIT_QOQ_SQ":37.219115360626,"ROE_AVG_SQ":5.923787728065,"PE_TTM_SQ":6.72267207525,"PB_TTM_SQ":0.440029191222,"ROA_SQ":3.227989697505,"START_DATE":"2021-01-01 00:00:00","FISCAL_YEAR":"12-31","CURRENCY":"HKD","IS_CNY_CODE":0,"DPS_HKD_LY":0.73,"ORG_TYPE":"一般企业","PREMIUM_INCOME":null,"PREMIUM_INCOME_YOY":null,"NET_INTEREST_INCOME":null,"NET_INTEREST_INCOME_YOY":null,"FEE_COMMISSION_INCOME":null,"FEE_COMMISSION_INCOME_YOY":null,"ACCOUNTS_RECE_TDAYS":null,"INVENTORY_TDAYS":37.640579710145,"CURRENT_ASSETS_TDAYS":0.714457976607,"TOTAL_ASSETS_TDAYS":0.067956209821,"PREMIUM_EXPENSE":null,"LOAN_DEPOSIT":null,"LOAN_EQUITY":null,"LOAN_ASSETS":null,"DEPOSIT_EQUITY":null,"DEPOSIT_ASSETS":null,"EQUITY_MULTIPLIER":1.431833843491,"EQUITY_RATIO":0.548452097454},{"SECUCODE":"00144.HK","SECURITY_CODE":"00144","SECURITY_NAME_ABBR":"招商局港口","ORG_CODE":"10042923","STD_REPORT_DATE":"2021-06-30 00:00:00","REPORT_DATE":"2021-06-30 00:00:00","DATE_TYPE_CODE":"002","REPORT_TYPE":"2021年中报","PER_NETCASH_OPERATE":0.96297126958,"PER_OI":1.287067807324,"BPS":18.073816306318,"BASIC_EPS":1.070637336,"DILUTED_EPS":null,"OPERATE_INCOME":4712069040,"OPERATE_INCOME_YOY":38.9011528084,"GROSS_PROFIT":2202515760,"GROSS_PROFIT_YOY":44.04014349474,"HOLDER_PROFIT":3919928880,"HOLDER_PROFIT_YOY":204.7218628719,"GROSS_PROFIT_RATIO":46.742009535582,"EPS_TTM":1.869126746596,"OPERATE_INCOME_QOQ":13.12317358303,"NET_PROFIT_RATIO":93.1308493731,"ROE_AVG":4.918820151397,"GROSS_PROFIT_QOQ":21.37085988406,"ROA":2.75770427412,"HOLDER_PROFIT_QOQ":57.845080839896,"ROE_YEARLY":9.837640302793,"ROIC_YEARLY":6.66386117781,"TOTAL_ASSETS":142782431760,"TOTAL_LIABILITIES":45078766080,"TAX_EBT":9.08464057921,"OCF_SALES":74.819000529755,"TOTAL_PARENT_EQUITY":81064561920,"DEBT_ASSET_RATIO":31.571647523,"OPERATE_PROFIT":1872180000,"PRETAX_PROFIT":4826896080,"NETCASH_OPERATE":3525522960,"NETCASH_INVEST":-1328831760,"NETCASH_FINANCE":-5144750640,"END_CASH":6424489680,"DIVI_RATIO":0.354794345117,"DIVIDEND_RATE":5.513595166163,"CURRENT_RATIO":0.851142490372,"COMMON_ACS":null,"CURRENTDEBT_DEBT":35.94765209687,"ISSUED_COMMON_SHARES":4198009186,"HK_COMMON_SHARES":4198009186,"PER_SHARES":2000,"TOTAL_MARKET_CAP":55581641622.64,"HKSK_MARKET_CAP":55581641622.64,"PE_TTM":7.578625800742,"PB_TTM":0.537191970606,"REPORT_DATE_SQ":"2020-06-30 00:00:00","REPORT_TYPE_SQ":"2020年中报","OPERATE_INCOME_SQ":3724094880,"DPS_HKD":0.73,"OPERATE_INCOME_QOQ_SQ":-2.543172122851,"NET_PROFIT_RATIO_SQ":49.0802060338,"HOLDER_PROFIT_SQ":1412178240,"HOLDER_PROFIT_QOQ_SQ":-57.821437197388,"ROE_AVG_SQ":1.978804013926,"PE_TTM_SQ":6.72267207525,"PB_TTM_SQ":0.440029191222,"ROA_SQ":1.02762831229,"START_DATE":"2021-01-01 00:00:00","FISCAL_YEAR":"12-31","CURRENCY":"HKD","IS_CNY_CODE":0,"DPS_HKD_LY":0.73,"ORG_TYPE":"一般企业","PREMIUM_INCOME":null,"PREMIUM_INCOME_YOY":null,"NET_INTEREST_INCOME":null,"NET_INTEREST_INCOME_YOY":null,"FEE_COMMISSION_INCOME":null,"FEE_COMMISSION_INCOME_YOY":null,"ACCOUNTS_RECE_TDAYS":0.889429872782,"INVENTORY_TDAYS":18.617283950617,"CURRENT_ASSETS_TDAYS":0.33280441937,"TOTAL_ASSETS_TDAYS":0.033149818095,"PREMIUM_EXPENSE":null,"LOAN_DEPOSIT":null,"LOAN_EQUITY":null,"LOAN_ASSETS":null,"DEPOSIT_EQUITY":null,"DEPOSIT_ASSETS":null,"EQUITY_MULTIPLIER":1.461382546564,"EQUITY_RATIO":0.556084742979},{"SECUCODE":"00144.HK","SECURITY_CODE":"00144","SECURITY_NAME_ABBR":"招商局港口","ORG_CODE":"10042923","STD_REPORT_DATE":"2020-12-31 00:00:00","REPORT_DATE":"2020-12-31 00:00:00","DATE_TYPE_CODE":"001","REPORT_TYPE":"2020年年报","PER_NETCASH_OPERATE":1.338407468824,"PER_OI":2.056347442225,"BPS":17.620470723763,"BASIC_EPS":1.2308985,"DILUTED_EPS":null,"OPERATE_INCOME":7528469800,"OPERATE_INCOME_YOY":0.5282085862,"GROSS_PROFIT":3151100160,"GROSS_PROFIT_YOY":-5.335936969954,"HOLDER_PROFIT":4335287640,"HOLDER_PROFIT_YOY":-38.3999043291,"GROSS_PROFIT_RATIO":41.855785354947,"EPS_TTM":1.184152674667,"OPERATE_INCOME_QOQ":-3.082840303202,"NET_PROFIT_RATIO":67.9821129122,"ROE_AVG":5.923787728065,"GROSS_PROFIT_QOQ":0.471180510835,"ROA":3.227989697505,"HOLDER_PROFIT_QOQ":37.219115360626,"ROE_YEARLY":5.923787728065,"ROIC_YEARLY":3.870080692422,"TOTAL_ASSETS":143132664960,"TOTAL_LIABILITIES":47492903560,"TAX_EBT":15.046102263202,"OCF_SALES":65.08664058133,"TOTAL_PARENT_EQUITY":79220206640,"DEBT_ASSET_RATIO":33.181037727,"OPERATE_PROFIT":3555929000,"PRETAX_PROFIT":6024459120,"NETCASH_OPERATE":4900028080,"NETCASH_INVEST":-5187027320,"NETCASH_FINANCE":3682175000,"END_CASH":9440675880,"DIVI_RATIO":0.560025420866,"DIVIDEND_RATE":5.513595166163,"CURRENT_RATIO":1.119548486403,"COMMON_ACS":null,"CURRENTDEBT_DEBT":27.631182547981,"ISSUED_COMMON_SHARES":4198009186,"HK_COMMON_SHARES":4198009186,"PER_SHARES":2000,"TOTAL_MARKET_CAP":55581641622.64,"HKSK_MARKET_CAP":55581641622.64,"PE_TTM":7.578625800742,"PB_TTM":0.537191970606,"REPORT_DATE_SQ":"2019-12-31 00:00:00","REPORT_TYPE_SQ":"2019年年报","OPERATE_INCOME_SQ":7970650440,"DPS_HKD":0.73,"OPERATE_INCOME_QOQ_SQ":-2.096797548611,"NET_PROFIT_RATIO_SQ":103.8210833895,"HOLDER_PROFIT_SQ":7490512360,"HOLDER_PROFIT_QOQ_SQ":-0.101998085573,"ROE_AVG_SQ":10.782442748092,"PE_TTM_SQ":6.72267207525,"PB_TTM_SQ":0.440029191222,"ROA_SQ":5.786470785658,"START_DATE":"2020-01-01 00:00:00","FISCAL_YEAR":"12-31","CURRENCY":"HKD","IS_CNY_CODE":0,"DPS_HKD_LY":0.76,"ORG_TYPE":"一般企业","PREMIUM_INCOME":null,"PREMIUM_INCOME_YOY":null,"NET_INTEREST_INCOME":null,"NET_INTEREST_INCOME_YOY":null,"FEE_COMMISSION_INCOME":null,"FEE_COMMISSION_INCOME_YOY":null,"ACCOUNTS_RECE_TDAYS":2.003808243728,"INVENTORY_TDAYS":34.217105263158,"CURRENT_ASSETS_TDAYS":0.597009944604,"TOTAL_ASSETS_TDAYS":0.056055849047,"PREMIUM_EXPENSE":null,"LOAN_DEPOSIT":null,"LOAN_EQUITY":null,"LOAN_ASSETS":null,"DEPOSIT_EQUITY":null,"DEPOSIT_ASSETS":null,"EQUITY_MULTIPLIER":1.496581158975,"EQUITY_RATIO":0.599504918938},{"SECUCODE":"00144.HK","SECURITY_CODE":"00144","SECURITY_NAME_ABBR":"招商局港口","ORG_CODE":"10042923","STD_REPORT_DATE":"2020-06-30 00:00:00","REPORT_DATE":"2020-06-30 00:00:00","DATE_TYPE_CODE":"002","REPORT_TYPE":"2020年中报","PER_NETCASH_OPERATE":0.482814246851,"PER_OI":1.079777117065,"BPS":16.639672288702,"BASIC_EPS":0.409495152,"DILUTED_EPS":null,"OPERATE_INCOME":3724094880,"OPERATE_INCOME_YOY":-8.6693548387,"GROSS_PROFIT":1529098560,"GROSS_PROFIT_YOY":-11.176105795788,"HOLDER_PROFIT":1412178240,"HOLDER_PROFIT_YOY":-76.3210292541,"GROSS_PROFIT_RATIO":41.059602649007,"EPS_TTM":0.91604473906,"OPERATE_INCOME_QOQ":-2.543172122851,"NET_PROFIT_RATIO":49.0802060338,"ROE_AVG":1.978804013926,"GROSS_PROFIT_QOQ":-5.779883794799,"ROA":1.02762831229,"HOLDER_PROFIT_QOQ":-57.821437197388,"ROE_YEARLY":3.957608027852,"ROIC_YEARLY":2.403849891547,"TOTAL_ASSETS":138664759200,"TOTAL_LIABILITIES":55241197440,"TAX_EBT":17.688194158782,"OCF_SALES":44.714250674516,"TOTAL_PARENT_EQUITY":69853497120,"DEBT_ASSET_RATIO":39.8379500016,"OPERATE_PROFIT":1501695360,"PRETAX_PROFIT":2220572640,"NETCASH_OPERATE":1665201120,"NETCASH_INVEST":-6991469760,"NETCASH_FINANCE":3526791840,"END_CASH":4419222720,"DIVI_RATIO":0.723933637434,"DIVIDEND_RATE":5.513595166163,"CURRENT_RATIO":0.529569659711,"COMMON_ACS":null,"CURRENTDEBT_DEBT":38.19366360209,"ISSUED_COMMON_SHARES":4198009186,"HK_COMMON_SHARES":4198009186,"PER_SHARES":2000,"TOTAL_MARKET_CAP":55581641622.64,"HKSK_MARKET_CAP":55581641622.64,"PE_TTM":7.578625800742,"PB_TTM":0.537191970606,"REPORT_DATE_SQ":"2019-06-30 00:00:00","REPORT_TYPE_SQ":"2019年中报","OPERATE_INCOME_SQ":3926802240,"DPS_HKD":0.73,"OPERATE_INCOME_QOQ_SQ":-8.54658897494,"NET_PROFIT_RATIO_SQ":152.105734767,"HOLDER_PROFIT_SQ":5743300140,"HOLDER_PROFIT_QOQ_SQ":18.11718398146,"ROE_AVG_SQ":8.506951230635,"PE_TTM_SQ":6.72267207525,"PB_TTM_SQ":0.440029191222,"ROA_SQ":4.533665714196,"START_DATE":"2020-01-01 00:00:00","FISCAL_YEAR":"12-31","CURRENCY":"HKD","IS_CNY_CODE":0,"DPS_HKD_LY":0.76,"ORG_TYPE":"一般企业","PREMIUM_INCOME":null,"PREMIUM_INCOME_YOY":null,"NET_INTEREST_INCOME":null,"NET_INTEREST_INCOME_YOY":null,"FEE_COMMISSION_INCOME":null,"FEE_COMMISSION_INCOME_YOY":null,"ACCOUNTS_RECE_TDAYS":0.929124886053,"INVENTORY_TDAYS":18.067669172932,"CURRENT_ASSETS_TDAYS":0.329561070245,"TOTAL_ASSETS_TDAYS":0.027099874704,"PREMIUM_EXPENSE":null,"LOAN_DEPOSIT":null,"LOAN_EQUITY":null,"LOAN_ASSETS":null,"DEPOSIT_EQUITY":null,"DEPOSIT_ASSETS":null,"EQUITY_MULTIPLIER":1.662177402576,"EQUITY_RATIO":0.79081505891}],"count":49},"success":true,"message":"ok","code":0}