{"version":"8340ec17d10218012eba1fcfbb0695c8","result":{"pages":6,"data":[{"SECUCODE":"00147.HK","SECURITY_CODE":"00147","SECURITY_NAME_ABBR":"国际商业结算","ORG_CODE":"10007425","STD_REPORT_DATE":"2024-06-30 00:00:00","REPORT_DATE":"2024-09-30 00:00:00","DATE_TYPE_CODE":"002","REPORT_TYPE":"2024年中报","PER_NETCASH_OPERATE":0.000375333968,"PER_OI":0.004742691077,"BPS":0.021317566901,"BASIC_EPS":-0.002164296,"DILUTED_EPS":-0.002164296,"OPERATE_INCOME":96367082.98,"OPERATE_INCOME_YOY":6.6976855642,"GROSS_PROFIT":12420353.67,"GROSS_PROFIT_YOY":-33.405892196298,"HOLDER_PROFIT":-43060472.5,"HOLDER_PROFIT_YOY":26.4014550163,"GROSS_PROFIT_RATIO":12.888585278209,"EPS_TTM":-0.00266213066,"OPERATE_INCOME_QOQ":0,"NET_PROFIT_RATIO":-61.2275645225,"ROE_AVG":-9.444420819657,"GROSS_PROFIT_QOQ":0,"ROA":-2.440631323599,"HOLDER_PROFIT_QOQ":0,"ROE_YEARLY":-18.888841639314,"ROIC_YEARLY":-5.967864145166,"TOTAL_ASSETS":1755565995.03,"TOTAL_LIABILITIES":1316870410.15,"TAX_EBT":-20.214231906958,"OCF_SALES":7.913945088057,"TOTAL_PARENT_EQUITY":433153183.54,"DEBT_ASSET_RATIO":75.0111595849,"OPERATE_PROFIT":-21115412.85,"PRETAX_PROFIT":-49081724.33,"NETCASH_OPERATE":7626438.03,"NETCASH_INVEST":-13279759.54,"NETCASH_FINANCE":-5976162.33,"END_CASH":294055683.2,"DIVI_RATIO":null,"DIVIDEND_RATE":null,"CURRENT_RATIO":1.000384913078,"COMMON_ACS":498000000000,"CURRENTDEBT_DEBT":98.384082559227,"ISSUED_COMMON_SHARES":20319072320,"HK_COMMON_SHARES":20319072320,"PER_SHARES":5000,"TOTAL_MARKET_CAP":1686483002.56,"HKSK_MARKET_CAP":1686483002.56,"PE_TTM":-39.645572358542,"PB_TTM":3.511121618567,"REPORT_DATE_SQ":"2023-06-30 00:00:00","REPORT_TYPE_SQ":"2023年中报","OPERATE_INCOME_SQ":91904315.02,"DPS_HKD":null,"OPERATE_INCOME_QOQ_SQ":0,"NET_PROFIT_RATIO_SQ":-63.0637569534,"HOLDER_PROFIT_SQ":-59534916.77,"HOLDER_PROFIT_QOQ_SQ":0,"ROE_AVG_SQ":-11.637300922496,"PE_TTM_SQ":-8.156159493759,"PB_TTM_SQ":1.972462623142,"ROA_SQ":-2.780945514617,"START_DATE":"2024-04-01 00:00:00","FISCAL_YEAR":"3-31","CURRENCY":"HKD","IS_CNY_CODE":0,"DPS_HKD_LY":null,"ORG_TYPE":"一般企业","PREMIUM_INCOME":null,"PREMIUM_INCOME_YOY":null,"NET_INTEREST_INCOME":null,"NET_INTEREST_INCOME_YOY":null,"FEE_COMMISSION_INCOME":null,"FEE_COMMISSION_INCOME_YOY":null,"ACCOUNTS_RECE_TDAYS":0.645432499932,"INVENTORY_TDAYS":0.10070398347,"CURRENT_ASSETS_TDAYS":0.075218168022,"TOTAL_ASSETS_TDAYS":0.054620051205,"PREMIUM_EXPENSE":null,"LOAN_DEPOSIT":null,"LOAN_EQUITY":null,"LOAN_ASSETS":null,"DEPOSIT_EQUITY":null,"DEPOSIT_ASSETS":null,"EQUITY_MULTIPLIER":4.001786330972,"EQUITY_RATIO":3.040195617143},{"SECUCODE":"00147.HK","SECURITY_CODE":"00147","SECURITY_NAME_ABBR":"国际商业结算","ORG_CODE":"10007425","STD_REPORT_DATE":"2023-12-31 00:00:00","REPORT_DATE":"2024-03-31 00:00:00","DATE_TYPE_CODE":"001","REPORT_TYPE":"2023年年报","PER_NETCASH_OPERATE":-0.001096475885,"PER_OI":0.007749259438,"BPS":0.02368438773,"BASIC_EPS":-0.002628995,"DILUTED_EPS":-0.002628995,"OPERATE_INCOME":157457762.95,"OPERATE_INCOME_YOY":-78.9605081777,"GROSS_PROFIT":33103579.8,"GROSS_PROFIT_YOY":-85.691604280828,"HOLDER_PROFIT":-54092025.4,"HOLDER_PROFIT_YOY":17.9437812861,"GROSS_PROFIT_RATIO":21.023783889596,"EPS_TTM":-0.005593637667,"OPERATE_INCOME_QOQ":0,"NET_PROFIT_RATIO":-72.0483162434,"ROE_AVG":-10.650235921253,"GROSS_PROFIT_QOQ":0,"ROA":-2.746872318407,"HOLDER_PROFIT_QOQ":0,"ROE_YEARLY":-10.650235921253,"ROIC_YEARLY":-3.258379536669,"TOTAL_ASSETS":1782426880.75,"TOTAL_LIABILITIES":1259750038.95,"TAX_EBT":-18.025057254479,"OCF_SALES":-14.149428000622,"TOTAL_PARENT_EQUITY":481244787.15,"DEBT_ASSET_RATIO":70.6761131441,"OPERATE_PROFIT":10171491,"PRETAX_PROFIT":-47105244.55,"NETCASH_OPERATE":-22279372.8,"NETCASH_INVEST":-88308848.6,"NETCASH_FINANCE":158972608,"END_CASH":303257292.9,"DIVI_RATIO":null,"DIVIDEND_RATE":null,"CURRENT_RATIO":1.026597346918,"COMMON_ACS":498000000000,"CURRENTDEBT_DEBT":98.428262914244,"ISSUED_COMMON_SHARES":20319072320,"HK_COMMON_SHARES":20319072320,"PER_SHARES":5000,"TOTAL_MARKET_CAP":1645844857.92,"HKSK_MARKET_CAP":1645844857.92,"PE_TTM":-38.69025736195,"PB_TTM":3.426516278361,"REPORT_DATE_SQ":"2022-12-31 00:00:00","REPORT_TYPE_SQ":"2022年年报","OPERATE_INCOME_SQ":722684220.58,"DPS_HKD":null,"OPERATE_INCOME_QOQ_SQ":0,"NET_PROFIT_RATIO_SQ":-9.4822358245,"HOLDER_PROFIT_SQ":-63656313.56,"HOLDER_PROFIT_QOQ_SQ":0,"ROE_AVG_SQ":-11.513812347153,"PE_TTM_SQ":-9.595481757363,"PB_TTM_SQ":2.32054426252,"ROA_SQ":-2.626018441644,"START_DATE":"2023-04-01 00:00:00","FISCAL_YEAR":"3-31","CURRENCY":"HKD","IS_CNY_CODE":0,"DPS_HKD_LY":null,"ORG_TYPE":"一般企业","PREMIUM_INCOME":null,"PREMIUM_INCOME_YOY":null,"NET_INTEREST_INCOME":null,"NET_INTEREST_INCOME_YOY":null,"FEE_COMMISSION_INCOME":null,"FEE_COMMISSION_INCOME_YOY":null,"ACCOUNTS_RECE_TDAYS":1.635166304215,"INVENTORY_TDAYS":0.138262299527,"CURRENT_ASSETS_TDAYS":0.124004669211,"TOTAL_ASSETS_TDAYS":0.079959359474,"PREMIUM_EXPENSE":null,"LOAN_DEPOSIT":null,"LOAN_EQUITY":null,"LOAN_ASSETS":null,"DEPOSIT_EQUITY":null,"DEPOSIT_ASSETS":null,"EQUITY_MULTIPLIER":3.410189122998,"EQUITY_RATIO":2.617690773152},{"SECUCODE":"00147.HK","SECURITY_CODE":"00147","SECURITY_NAME_ABBR":"国际商业结算","ORG_CODE":"10007425","STD_REPORT_DATE":"2023-06-30 00:00:00","REPORT_DATE":"2023-09-30 00:00:00","DATE_TYPE_CODE":"002","REPORT_TYPE":"2023年中报","PER_NETCASH_OPERATE":0.0015138425,"PER_OI":0.004523056642,"BPS":0.023726244265,"BASIC_EPS":-0.002936416,"DILUTED_EPS":-0.002936416,"OPERATE_INCOME":91904315.02,"OPERATE_INCOME_YOY":60.7972202791,"GROSS_PROFIT":18650829.75,"GROSS_PROFIT_YOY":480.721257902486,"HOLDER_PROFIT":-59534916.77,"HOLDER_PROFIT_YOY":-515.4918888151,"GROSS_PROFIT_RATIO":14.306803594352,"EPS_TTM":-0.003132835622,"OPERATE_INCOME_QOQ":0,"NET_PROFIT_RATIO":-63.0637569534,"ROE_AVG":-11.637300922496,"GROSS_PROFIT_QOQ":0,"ROA":-2.780945514617,"HOLDER_PROFIT_QOQ":0,"ROE_YEARLY":-23.274601844993,"ROIC_YEARLY":-6.485542505299,"TOTAL_ASSETS":2099262151,"TOTAL_LIABILITIES":1588887356.56,"TAX_EBT":-58.75708819326,"OCF_SALES":23.906004849522,"TOTAL_PARENT_EQUITY":482095273.1,"DEBT_ASSET_RATIO":75.6878961402,"OPERATE_PROFIT":6021488.06,"PRETAX_PROFIT":-19904312.33,"NETCASH_OPERATE":30759875.23,"NETCASH_INVEST":-47412106.84,"NETCASH_FINANCE":78260992.18,"END_CASH":304577914.34,"DIVI_RATIO":null,"DIVIDEND_RATE":null,"CURRENT_RATIO":0.849561458074,"COMMON_ACS":498000000000,"CURRENTDEBT_DEBT":92.843711161112,"ISSUED_COMMON_SHARES":20319072320,"HK_COMMON_SHARES":20319072320,"PER_SHARES":5000,"TOTAL_MARKET_CAP":1808397436.48,"HKSK_MARKET_CAP":1808397436.48,"PE_TTM":-42.511517348316,"PB_TTM":3.764937639187,"REPORT_DATE_SQ":"2022-06-30 00:00:00","REPORT_TYPE_SQ":"2022年中报","OPERATE_INCOME_SQ":78869881.32,"DPS_HKD":null,"OPERATE_INCOME_QOQ_SQ":0,"NET_PROFIT_RATIO_SQ":-1.3944474387,"HOLDER_PROFIT_SQ":-9533702.04,"HOLDER_PROFIT_QOQ_SQ":0,"ROE_AVG_SQ":-1.596406457412,"PE_TTM_SQ":-8.955782973539,"PB_TTM_SQ":2.165841311685,"ROA_SQ":-0.345719738085,"START_DATE":"2023-04-01 00:00:00","FISCAL_YEAR":"3-31","CURRENCY":"HKD","IS_CNY_CODE":0,"DPS_HKD_LY":null,"ORG_TYPE":"一般企业","PREMIUM_INCOME":null,"PREMIUM_INCOME_YOY":null,"NET_INTEREST_INCOME":null,"NET_INTEREST_INCOME_YOY":null,"FEE_COMMISSION_INCOME":null,"FEE_COMMISSION_INCOME_YOY":null,"ACCOUNTS_RECE_TDAYS":1.289290242851,"INVENTORY_TDAYS":0.119840105479,"CURRENT_ASSETS_TDAYS":0.101500648947,"TOTAL_ASSETS_TDAYS":0.060103296916,"PREMIUM_EXPENSE":null,"LOAN_DEPOSIT":null,"LOAN_EQUITY":null,"LOAN_ASSETS":null,"DEPOSIT_EQUITY":null,"DEPOSIT_ASSETS":null,"EQUITY_MULTIPLIER":4.113177558662,"EQUITY_RATIO":3.295795344234},{"SECUCODE":"00147.HK","SECURITY_CODE":"00147","SECURITY_NAME_ABBR":"国际商业结算","ORG_CODE":"10007425","STD_REPORT_DATE":"2022-12-31 00:00:00","REPORT_DATE":"2023-03-31 00:00:00","DATE_TYPE_CODE":"001","REPORT_TYPE":"2022年年报","PER_NETCASH_OPERATE":0.001083627834,"PER_OI":0.035566792086,"BPS":0.02540390366,"BASIC_EPS":-0.003151476,"DILUTED_EPS":-0.003151476,"OPERATE_INCOME":722684220.58,"OPERATE_INCOME_YOY":184.3815699569,"GROSS_PROFIT":231357731.85,"GROSS_PROFIT_YOY":1507.43292392858,"HOLDER_PROFIT":-63656313.56,"HOLDER_PROFIT_YOY":38.9643855393,"GROSS_PROFIT_RATIO":28.939601687877,"EPS_TTM":-0.004980786342,"OPERATE_INCOME_QOQ":0,"NET_PROFIT_RATIO":-9.4822358245,"ROE_AVG":-11.513812347153,"GROSS_PROFIT_QOQ":0,"ROA":-2.626018441644,"HOLDER_PROFIT_QOQ":0,"ROE_YEARLY":-11.513812347153,"ROIC_YEARLY":-3.116026521964,"TOTAL_ASSETS":2081958714.47,"TOTAL_LIABILITIES":1537079018.99,"TAX_EBT":909.433962264151,"OCF_SALES":2.905384410127,"TOTAL_PARENT_EQUITY":516183755.68,"DEBT_ASSET_RATIO":73.828506219,"OPERATE_PROFIT":51319160.43,"PRETAX_PROFIT":2644613.61,"NETCASH_OPERATE":22018312.32,"NETCASH_INVEST":-260986858.71,"NETCASH_FINANCE":17910013.19,"END_CASH":235482663.77,"DIVI_RATIO":null,"DIVIDEND_RATE":null,"CURRENT_RATIO":0.860831564044,"COMMON_ACS":498000000000,"CURRENTDEBT_DEBT":92.437974096714,"ISSUED_COMMON_SHARES":20319072320,"HK_COMMON_SHARES":20319072320,"PER_SHARES":5000,"TOTAL_MARKET_CAP":1645844857.92,"HKSK_MARKET_CAP":1645844857.92,"PE_TTM":-38.69025736195,"PB_TTM":3.426516278361,"REPORT_DATE_SQ":"2021-12-31 00:00:00","REPORT_TYPE_SQ":"2021年年报","OPERATE_INCOME_SQ":246884420.16,"DPS_HKD":null,"OPERATE_INCOME_QOQ_SQ":0,"NET_PROFIT_RATIO_SQ":-47.6883606644,"HOLDER_PROFIT_SQ":-96621298.37,"HOLDER_PROFIT_QOQ_SQ":0,"ROE_AVG_SQ":-16.457716734759,"PE_TTM_SQ":-18.162986148853,"PB_TTM_SQ":2.513922951063,"ROA_SQ":-3.652636385976,"START_DATE":"2022-04-01 00:00:00","FISCAL_YEAR":"3-31","CURRENCY":"HKD","IS_CNY_CODE":0,"DPS_HKD_LY":null,"ORG_TYPE":"一般企业","PREMIUM_INCOME":null,"PREMIUM_INCOME_YOY":null,"NET_INTEREST_INCOME":null,"NET_INTEREST_INCOME_YOY":null,"FEE_COMMISSION_INCOME":null,"FEE_COMMISSION_INCOME_YOY":null,"ACCOUNTS_RECE_TDAYS":14.360679121873,"INVENTORY_TDAYS":0.428377394543,"CURRENT_ASSETS_TDAYS":0.458088754719,"TOTAL_ASSETS_TDAYS":0.312634364237,"PREMIUM_EXPENSE":null,"LOAN_DEPOSIT":null,"LOAN_EQUITY":null,"LOAN_ASSETS":null,"DEPOSIT_EQUITY":null,"DEPOSIT_ASSETS":null,"EQUITY_MULTIPLIER":3.820951178285,"EQUITY_RATIO":2.977774875858},{"SECUCODE":"00147.HK","SECURITY_CODE":"00147","SECURITY_NAME_ABBR":"国际商业结算","ORG_CODE":"10007425","STD_REPORT_DATE":"2022-06-30 00:00:00","REPORT_DATE":"2022-09-30 00:00:00","DATE_TYPE_CODE":"002","REPORT_TYPE":"2022年中报","PER_NETCASH_OPERATE":-0.000670393344,"PER_OI":0.003881569005,"BPS":0.028804969439,"BASIC_EPS":-0.00045222,"DILUTED_EPS":-0.00045222,"OPERATE_INCOME":78869881.32,"OPERATE_INCOME_YOY":-66.3529729521,"GROSS_PROFIT":3211666.44,"GROSS_PROFIT_YOY":-90.576921138329,"HOLDER_PROFIT":-9533702.04,"HOLDER_PROFIT_YOY":-77.3981824302,"GROSS_PROFIT_RATIO":4.072107610977,"EPS_TTM":-0.004755202248,"OPERATE_INCOME_QOQ":0,"NET_PROFIT_RATIO":-1.3944474387,"ROE_AVG":-1.596406457412,"GROSS_PROFIT_QOQ":0,"ROA":-0.345719738085,"HOLDER_PROFIT_QOQ":0,"ROE_YEARLY":-3.192812914824,"ROIC_YEARLY":-0.812241647477,"TOTAL_ASSETS":2657382194.88,"TOTAL_LIABILITIES":2027559120.96,"TAX_EBT":96.62419144388,"OCF_SALES":-17.271194798344,"TOTAL_PARENT_EQUITY":585290257.2,"DEBT_ASSET_RATIO":76.2991159069,"OPERATE_PROFIT":-26075909.64,"PRETAX_PROFIT":-32578833.24,"NETCASH_OPERATE":-13621770.84,"NETCASH_INVEST":-218065910.64,"NETCASH_FINANCE":21676713.48,"END_CASH":261006912.96,"DIVI_RATIO":null,"DIVIDEND_RATE":null,"CURRENT_RATIO":0.986602600508,"COMMON_ACS":498000000000,"CURRENTDEBT_DEBT":89.698115429497,"ISSUED_COMMON_SHARES":20319072320,"HK_COMMON_SHARES":20319072320,"PER_SHARES":5000,"TOTAL_MARKET_CAP":1645844857.92,"HKSK_MARKET_CAP":1645844857.92,"PE_TTM":-38.69025736195,"PB_TTM":3.426516278361,"REPORT_DATE_SQ":"2021-06-30 00:00:00","REPORT_TYPE_SQ":"2021年中报","OPERATE_INCOME_SQ":215904160.2,"DPS_HKD":null,"OPERATE_INCOME_QOQ_SQ":0,"NET_PROFIT_RATIO_SQ":-3.7481189953,"HOLDER_PROFIT_SQ":-4950042.52,"HOLDER_PROFIT_QOQ_SQ":0,"ROE_AVG_SQ":-0.767099660989,"PE_TTM_SQ":-18.162986148853,"PB_TTM_SQ":2.513922951063,"ROA_SQ":-0.177984604422,"START_DATE":"2022-04-01 00:00:00","FISCAL_YEAR":"3-31","CURRENCY":"HKD","IS_CNY_CODE":0,"DPS_HKD_LY":null,"ORG_TYPE":"一般企业","PREMIUM_INCOME":null,"PREMIUM_INCOME_YOY":null,"NET_INTEREST_INCOME":null,"NET_INTEREST_INCOME_YOY":null,"FEE_COMMISSION_INCOME":null,"FEE_COMMISSION_INCOME_YOY":null,"ACCOUNTS_RECE_TDAYS":1.533522672318,"INVENTORY_TDAYS":0.048622982398,"CURRENT_ASSETS_TDAYS":0.039943247728,"TOTAL_ASSETS_TDAYS":0.028600510692,"PREMIUM_EXPENSE":null,"LOAN_DEPOSIT":null,"LOAN_EQUITY":null,"LOAN_ASSETS":null,"DEPOSIT_EQUITY":null,"DEPOSIT_ASSETS":null,"EQUITY_MULTIPLIER":4.219251889811,"EQUITY_RATIO":3.464194211364},{"SECUCODE":"00147.HK","SECURITY_CODE":"00147","SECURITY_NAME_ABBR":"国际商业结算","ORG_CODE":"10007425","STD_REPORT_DATE":"2021-12-31 00:00:00","REPORT_DATE":"2022-03-31 00:00:00","DATE_TYPE_CODE":"001","REPORT_TYPE":"2021年年报","PER_NETCASH_OPERATE":-0.001164123897,"PER_OI":0.012150378535,"BPS":0.026880341632,"BASIC_EPS":-0.004784959,"DILUTED_EPS":-0.004784959,"OPERATE_INCOME":246884420.16,"OPERATE_INCOME_YOY":255.9546777984,"GROSS_PROFIT":14392994.47,"GROSS_PROFIT_YOY":-19.675949417109,"HOLDER_PROFIT":-96621298.37,"HOLDER_PROFIT_YOY":9.9384657253,"GROSS_PROFIT_RATIO":5.829851256176,"EPS_TTM":-0.003571220301,"OPERATE_INCOME_QOQ":0,"NET_PROFIT_RATIO":-47.6883606644,"ROE_AVG":-16.457716734759,"GROSS_PROFIT_QOQ":0,"ROA":-3.652636385976,"HOLDER_PROFIT_QOQ":0,"ROE_YEARLY":-16.457716734759,"ROIC_YEARLY":-4.534791527179,"TOTAL_ASSETS":2562670759.51,"TOTAL_LIABILITIES":1978687599.82,"TAX_EBT":-10.069755098946,"OCF_SALES":-9.580968148849,"TOTAL_PARENT_EQUITY":546183605.61,"DEBT_ASSET_RATIO":77.2119318284,"OPERATE_PROFIT":-102559513.59,"PRETAX_PROFIT":-106964108.9,"NETCASH_OPERATE":-23653917.66,"NETCASH_INVEST":-76477431.99,"NETCASH_FINANCE":-3800392.86,"END_CASH":423758402.07,"DIVI_RATIO":null,"DIVIDEND_RATE":null,"CURRENT_RATIO":1.057959250011,"COMMON_ACS":498000000000,"CURRENTDEBT_DEBT":92.300336669424,"ISSUED_COMMON_SHARES":20319072320,"HK_COMMON_SHARES":20319072320,"PER_SHARES":5000,"TOTAL_MARKET_CAP":1666163930.24,"HKSK_MARKET_CAP":1666163930.24,"PE_TTM":-39.167914860246,"PB_TTM":3.468818948464,"REPORT_DATE_SQ":"2020-12-31 00:00:00","REPORT_TYPE_SQ":"2020年年报","OPERATE_INCOME_SQ":72280638.78,"DPS_HKD":null,"OPERATE_INCOME_QOQ_SQ":0,"NET_PROFIT_RATIO_SQ":-163.7609476035,"HOLDER_PROFIT_SQ":-111803791.12,"HOLDER_PROFIT_QOQ_SQ":0,"ROE_AVG_SQ":-15.834534832709,"PE_TTM_SQ":-7.836310101846,"PB_TTM_SQ":1.895111147724,"ROA_SQ":-4.174696355093,"START_DATE":"2021-04-01 00:00:00","FISCAL_YEAR":"3-31","CURRENCY":"HKD","IS_CNY_CODE":0,"DPS_HKD_LY":null,"ORG_TYPE":"一般企业","PREMIUM_INCOME":null,"PREMIUM_INCOME_YOY":null,"NET_INTEREST_INCOME":null,"NET_INTEREST_INCOME_YOY":null,"FEE_COMMISSION_INCOME":null,"FEE_COMMISSION_INCOME_YOY":null,"ACCOUNTS_RECE_TDAYS":8.718524458701,"INVENTORY_TDAYS":0.151219420847,"CURRENT_ASSETS_TDAYS":0.120924259274,"TOTAL_ASSETS_TDAYS":0.093331287348,"PREMIUM_EXPENSE":null,"LOAN_DEPOSIT":null,"LOAN_EQUITY":null,"LOAN_ASSETS":null,"DEPOSIT_EQUITY":null,"DEPOSIT_ASSETS":null,"EQUITY_MULTIPLIER":4.388261402721,"EQUITY_RATIO":3.622751725787},{"SECUCODE":"00147.HK","SECURITY_CODE":"00147","SECURITY_NAME_ABBR":"国际商业结算","ORG_CODE":"10007425","STD_REPORT_DATE":"2021-06-30 00:00:00","REPORT_DATE":"2021-09-30 00:00:00","DATE_TYPE_CODE":"002","REPORT_TYPE":"2021年中报","PER_NETCASH_OPERATE":0.000951912901,"PER_OI":0.010625689835,"BPS":0.031769160349,"BASIC_EPS":-0.000249918,"DILUTED_EPS":-0.000249918,"OPERATE_INCOME":215904160.2,"OPERATE_INCOME_YOY":4752.4620857517,"GROSS_PROFIT":34082983.78,"GROSS_PROFIT_YOY":842.120013569763,"HOLDER_PROFIT":-4950042.52,"HOLDER_PROFIT_YOY":88.1842947762,"GROSS_PROFIT_RATIO":15.786163522013,"EPS_TTM":-0.005502406279,"OPERATE_INCOME_QOQ":0,"NET_PROFIT_RATIO":-3.7481189953,"ROE_AVG":-0.767099660989,"GROSS_PROFIT_QOQ":0,"ROA":-0.177984604422,"HOLDER_PROFIT_QOQ":0,"ROE_YEARLY":-1.534199321978,"ROIC_YEARLY":-0.44615538251,"TOTAL_ASSETS":2760335979.4,"TOTAL_LIABILITIES":2060151548.58,"TAX_EBT":216.64265129683,"OCF_SALES":8.958598603233,"TOTAL_PARENT_EQUITY":645519866.68,"DEBT_ASSET_RATIO":74.6340867182,"OPERATE_PROFIT":8506375.66,"PRETAX_PROFIT":6937723.68,"NETCASH_OPERATE":19341987.08,"NETCASH_INVEST":-51483108,"NETCASH_FINANCE":-13849622.5,"END_CASH":486671152.82,"DIVI_RATIO":null,"DIVIDEND_RATE":null,"CURRENT_RATIO":1.122652054804,"COMMON_ACS":498000000000,"CURRENTDEBT_DEBT":90.763257316135,"ISSUED_COMMON_SHARES":20319072320,"HK_COMMON_SHARES":20319072320,"PER_SHARES":5000,"TOTAL_MARKET_CAP":1666163930.24,"HKSK_MARKET_CAP":1666163930.24,"PE_TTM":-39.167914860246,"PB_TTM":3.468818948464,"REPORT_DATE_SQ":"2020-06-30 00:00:00","REPORT_TYPE_SQ":"2020年中报","OPERATE_INCOME_SQ":4693243.52,"DPS_HKD":null,"OPERATE_INCOME_QOQ_SQ":0,"NET_PROFIT_RATIO_SQ":-1111.6270361356,"HOLDER_PROFIT_SQ":-44189950.08,"HOLDER_PROFIT_QOQ_SQ":0,"ROE_AVG_SQ":-5.711783727056,"PE_TTM_SQ":-7.836310101846,"PB_TTM_SQ":1.895111147724,"ROA_SQ":-1.658826201267,"START_DATE":"2021-04-01 00:00:00","FISCAL_YEAR":"3-31","CURRENCY":"HKD","IS_CNY_CODE":0,"DPS_HKD_LY":null,"ORG_TYPE":"一般企业","PREMIUM_INCOME":null,"PREMIUM_INCOME_YOY":null,"NET_INTEREST_INCOME":null,"NET_INTEREST_INCOME_YOY":null,"FEE_COMMISSION_INCOME":null,"FEE_COMMISSION_INCOME_YOY":null,"ACCOUNTS_RECE_TDAYS":9.398730734361,"INVENTORY_TDAYS":0.112921884879,"CURRENT_ASSETS_TDAYS":0.100215689747,"TOTAL_ASSETS_TDAYS":0.077630881737,"PREMIUM_EXPENSE":null,"LOAN_DEPOSIT":null,"LOAN_EQUITY":null,"LOAN_ASSETS":null,"DEPOSIT_EQUITY":null,"DEPOSIT_ASSETS":null,"EQUITY_MULTIPLIER":3.942298425807,"EQUITY_RATIO":3.191461107426},{"SECUCODE":"00147.HK","SECURITY_CODE":"00147","SECURITY_NAME_ABBR":"国际商业结算","ORG_CODE":"10007425","STD_REPORT_DATE":"2020-12-31 00:00:00","REPORT_DATE":"2021-03-31 00:00:00","DATE_TYPE_CODE":"001","REPORT_TYPE":"2020年年报","PER_NETCASH_OPERATE":0.000778832324,"PER_OI":0.003557280453,"BPS":0.03220873472,"BASIC_EPS":-0.00549367,"DILUTED_EPS":-0.00549367,"OPERATE_INCOME":72280638.78,"OPERATE_INCOME_YOY":-78.2685700927,"GROSS_PROFIT":17918661.18,"GROSS_PROFIT_YOY":-69.550346982473,"HOLDER_PROFIT":-111803791.12,"HOLDER_PROFIT_YOY":24.6206358161,"GROSS_PROFIT_RATIO":24.790402357316,"EPS_TTM":-0.008225751725,"OPERATE_INCOME_QOQ":0,"NET_PROFIT_RATIO":-163.7609476035,"ROE_AVG":-15.834534832709,"GROSS_PROFIT_QOQ":0,"ROA":-4.174696355093,"HOLDER_PROFIT_QOQ":0,"ROE_YEARLY":-15.834534832709,"ROIC_YEARLY":-5.461914845344,"TOTAL_ASSETS":2842756168.56,"TOTAL_LIABILITIES":2131536353.38,"TAX_EBT":-1.395867421555,"OCF_SALES":21.894037721729,"TOTAL_PARENT_EQUITY":654451610.12,"DEBT_ASSET_RATIO":74.9813289284,"OPERATE_PROFIT":-114558232.74,"PRETAX_PROFIT":-116737951.96,"NETCASH_OPERATE":15825150.32,"NETCASH_INVEST":-99524170.9,"NETCASH_FINANCE":12005781.9,"END_CASH":534751302.26,"DIVI_RATIO":null,"DIVIDEND_RATE":null,"CURRENT_RATIO":1.122628612158,"COMMON_ACS":498000000000,"CURRENTDEBT_DEBT":93.681777611419,"ISSUED_COMMON_SHARES":20319072320,"HK_COMMON_SHARES":20319072320,"PER_SHARES":5000,"TOTAL_MARKET_CAP":1666163930.24,"HKSK_MARKET_CAP":1666163930.24,"PE_TTM":-39.167914860246,"PB_TTM":3.468818948464,"REPORT_DATE_SQ":"2019-12-31 00:00:00","REPORT_TYPE_SQ":"2019年年报","OPERATE_INCOME_SQ":359573843.2,"DPS_HKD":null,"OPERATE_INCOME_QOQ_SQ":0,"NET_PROFIT_RATIO_SQ":-46.96851114,"HOLDER_PROFIT_SQ":-160346126.7,"HOLDER_PROFIT_QOQ_SQ":0,"ROE_AVG_SQ":-17.759685470466,"PE_TTM_SQ":-7.836310101846,"PB_TTM_SQ":1.895111147724,"ROA_SQ":-5.579073111065,"START_DATE":"2020-04-01 00:00:00","FISCAL_YEAR":"3-31","CURRENCY":"HKD","IS_CNY_CODE":0,"DPS_HKD_LY":null,"ORG_TYPE":"一般企业","PREMIUM_INCOME":null,"PREMIUM_INCOME_YOY":null,"NET_INTEREST_INCOME":null,"NET_INTEREST_INCOME_YOY":null,"FEE_COMMISSION_INCOME":null,"FEE_COMMISSION_INCOME_YOY":null,"ACCOUNTS_RECE_TDAYS":2.09898389947,"INVENTORY_TDAYS":0.036012127218,"CURRENT_ASSETS_TDAYS":0.033890050422,"TOTAL_ASSETS_TDAYS":0.026989220691,"PREMIUM_EXPENSE":null,"LOAN_DEPOSIT":null,"LOAN_EQUITY":null,"LOAN_ASSETS":null,"DEPOSIT_EQUITY":null,"DEPOSIT_ASSETS":null,"EQUITY_MULTIPLIER":3.997014857976,"EQUITY_RATIO":3.256980837726},{"SECUCODE":"00147.HK","SECURITY_CODE":"00147","SECURITY_NAME_ABBR":"国际商业结算","ORG_CODE":"10007425","STD_REPORT_DATE":"2020-06-30 00:00:00","REPORT_DATE":"2020-09-30 00:00:00","DATE_TYPE_CODE":"002","REPORT_TYPE":"2020年中报","PER_NETCASH_OPERATE":-0.001899929542,"PER_OI":0.000230977254,"BPS":0.037381512677,"BASIC_EPS":-0.0021968,"DILUTED_EPS":-0.0021968,"OPERATE_INCOME":4693243.52,"OPERATE_INCOME_YOY":-98.0611037297,"GROSS_PROFIT":3617690.24,"GROSS_PROFIT_YOY":-92.434785258211,"HOLDER_PROFIT":-44189950.08,"HOLDER_PROFIT_YOY":-21.2981499795,"GROSS_PROFIT_RATIO":77.082943269051,"EPS_TTM":-0.007891409813,"OPERATE_INCOME_QOQ":0,"NET_PROFIT_RATIO":-1111.6270361356,"ROE_AVG":-5.711783727056,"GROSS_PROFIT_QOQ":0,"ROA":-1.658826201267,"HOLDER_PROFIT_QOQ":0,"ROE_YEARLY":-11.423567454111,"ROIC_YEARLY":-4.437859248496,"TOTAL_ASSETS":2714608606.72,"TOTAL_LIABILITIES":1887870167.04,"TAX_EBT":-0.121416526138,"OCF_SALES":-822.561318105224,"TOTAL_PARENT_EQUITY":759557659.52,"DEBT_ASSET_RATIO":69.5448383375,"OPERATE_PROFIT":-50637118.72,"PRETAX_PROFIT":-52108096,"NETCASH_OPERATE":-38604805.76,"NETCASH_INVEST":-25469699.2,"NETCASH_FINANCE":8475254.4,"END_CASH":580260994.56,"DIVI_RATIO":null,"DIVIDEND_RATE":null,"CURRENT_RATIO":1.207471169852,"COMMON_ACS":498000000000,"CURRENTDEBT_DEBT":95.379188170722,"ISSUED_COMMON_SHARES":20319072320,"HK_COMMON_SHARES":20319072320,"PER_SHARES":5000,"TOTAL_MARKET_CAP":1666163930.24,"HKSK_MARKET_CAP":1666163930.24,"PE_TTM":-39.167914860246,"PB_TTM":3.468818948464,"REPORT_DATE_SQ":"2019-06-30 00:00:00","REPORT_TYPE_SQ":"2019年中报","OPERATE_INCOME_SQ":248473086.66,"DPS_HKD":null,"OPERATE_INCOME_QOQ_SQ":0,"NET_PROFIT_RATIO_SQ":-14.1675280699,"HOLDER_PROFIT_SQ":-37396432.59,"HOLDER_PROFIT_QOQ_SQ":0,"ROE_AVG_SQ":-3.926696116019,"PE_TTM_SQ":-7.836310101846,"PB_TTM_SQ":1.895111147724,"ROA_SQ":-1.322704226502,"START_DATE":"2020-04-01 00:00:00","FISCAL_YEAR":"3-31","CURRENCY":"HKD","IS_CNY_CODE":0,"DPS_HKD_LY":null,"ORG_TYPE":"一般企业","PREMIUM_INCOME":null,"PREMIUM_INCOME_YOY":null,"NET_INTEREST_INCOME":null,"NET_INTEREST_INCOME_YOY":null,"FEE_COMMISSION_INCOME":null,"FEE_COMMISSION_INCOME_YOY":null,"ACCOUNTS_RECE_TDAYS":0.121236196075,"INVENTORY_TDAYS":0.00073280951,"CURRENT_ASSETS_TDAYS":0.002193928311,"TOTAL_ASSETS_TDAYS":0.001761775088,"PREMIUM_EXPENSE":null,"LOAN_DEPOSIT":null,"LOAN_EQUITY":null,"LOAN_ASSETS":null,"DEPOSIT_EQUITY":null,"DEPOSIT_ASSETS":null,"EQUITY_MULTIPLIER":3.283515651901,"EQUITY_RATIO":2.485486313485}],"count":48},"success":true,"message":"ok","code":0}