{"version":"3931987addeb10bfc4486f85a25d9d69","result":{"pages":6,"data":[{"SECUCODE":"00142.HK","SECURITY_CODE":"00142","SECURITY_NAME_ABBR":"第一太平","ORG_CODE":"10007421","STD_REPORT_DATE":"2024-06-30 00:00:00","REPORT_DATE":"2024-06-30 00:00:00","DATE_TYPE_CODE":"002","REPORT_TYPE":"2024年中报","PER_NETCASH_OPERATE":1.140083612636,"PER_OI":8.389557533112,"BPS":6.109135486023,"BASIC_EPS":0.46751808,"DILUTED_EPS":0.4668054,"OPERATE_INCOME":35599078680,"OPERATE_INCOME_YOY":-7.6896067416,"GROSS_PROFIT":12737016960,"GROSS_PROFIT_YOY":7.123290332603,"HOLDER_PROFIT":1979825040,"HOLDER_PROFIT_YOY":-19.6180555556,"GROSS_PROFIT_RATIO":35.779063482213,"EPS_TTM":0.71464802832,"OPERATE_INCOME_QOQ":-4.70308411156,"NET_PROFIT_RATIO":14.9546555625,"ROE_AVG":7.574022574841,"GROSS_PROFIT_QOQ":3.543588797557,"ROA":1.022097618049,"HOLDER_PROFIT_QOQ":-14.575589131216,"ROE_YEARLY":15.148045149681,"ROIC_YEARLY":3.365753038779,"TOTAL_ASSETS":192432864840,"TOTAL_LIABILITIES":112598451240,"TAX_EBT":21.227459664663,"OCF_SALES":13.589317531181,"TOTAL_PARENT_EQUITY":25995715680,"DEBT_ASSET_RATIO":58.5131086281,"OPERATE_PROFIT":6451892040,"PRETAX_PROFIT":6758344440,"NETCASH_OPERATE":4837671840,"NETCASH_INVEST":-2823638160,"NETCASH_FINANCE":247299960,"END_CASH":21565696800,"DIVI_RATIO":0.311760602661,"DIVIDEND_RATE":5.697674418605,"CURRENT_RATIO":1.260957881111,"COMMON_ACS":6000000000,"CURRENTDEBT_DEBT":31.783053679593,"ISSUED_COMMON_SHARES":4255220029,"HK_COMMON_SHARES":4255220029,"PER_SHARES":2000,"TOTAL_MARKET_CAP":18297446124.7,"HKSK_MARKET_CAP":18297446124.7,"PE_TTM":5.416827305624,"PB_TTM":0.642402515223,"REPORT_DATE_SQ":"2023-06-30 00:00:00","REPORT_TYPE_SQ":"2023年中报","OPERATE_INCOME_SQ":39100248960,"DPS_HKD":0.245,"OPERATE_INCOME_QOQ_SQ":7.051322412506,"NET_PROFIT_RATIO_SQ":15.6120638675,"HOLDER_PROFIT_SQ":2497236480,"HOLDER_PROFIT_QOQ_SQ":32.085913273303,"ROE_AVG_SQ":9.923905240488,"PE_TTM_SQ":3.4685000259,"PB_TTM_SQ":0.466263547056,"ROA_SQ":1.31458077768,"START_DATE":"2024-01-01 00:00:00","FISCAL_YEAR":"12-31","CURRENCY":"HKD","IS_CNY_CODE":0,"DPS_HKD_LY":0.245,"ORG_TYPE":"一般企业","PREMIUM_INCOME":null,"PREMIUM_INCOME_YOY":null,"NET_INTEREST_INCOME":null,"NET_INTEREST_INCOME_YOY":null,"FEE_COMMISSION_INCOME":null,"FEE_COMMISSION_INCOME_YOY":null,"ACCOUNTS_RECE_TDAYS":3.908070257794,"INVENTORY_TDAYS":2.897046870767,"CURRENT_ASSETS_TDAYS":0.806318049379,"TOTAL_ASSETS_TDAYS":0.183782570623,"PREMIUM_EXPENSE":null,"LOAN_DEPOSIT":null,"LOAN_EQUITY":null,"LOAN_ASSETS":null,"DEPOSIT_EQUITY":null,"DEPOSIT_ASSETS":null,"EQUITY_MULTIPLIER":2.410399928584,"EQUITY_RATIO":4.331423401689},{"SECUCODE":"00142.HK","SECURITY_CODE":"00142","SECURITY_NAME_ABBR":"第一太平","ORG_CODE":"10007421","STD_REPORT_DATE":"2023-12-31 00:00:00","REPORT_DATE":"2023-12-31 00:00:00","DATE_TYPE_CODE":"001","REPORT_TYPE":"2023年年报","PER_NETCASH_OPERATE":2.88850226614,"PER_OI":17.548223090408,"BPS":6.13857742302,"BASIC_EPS":0.83717514,"DILUTED_EPS":0.83646687,"OPERATE_INCOME":74444134890,"OPERATE_INCOME_YOY":1.9971081718,"GROSS_PROFIT":23901279420,"GROSS_PROFIT_YOY":12.279525972197,"HOLDER_PROFIT":3549849240,"HOLDER_PROFIT_YOY":27.9877425945,"GROSS_PROFIT_RATIO":32.10632974017,"EPS_TTM":0.836782461008,"OPERATE_INCOME_QOQ":-3.10564175107,"NET_PROFIT_RATIO":12.7622327723,"ROE_AVG":14.351778939079,"GROSS_PROFIT_QOQ":3.648586734152,"ROA":1.89671386376,"HOLDER_PROFIT_QOQ":-1.459549317462,"ROE_YEARLY":14.351778939079,"ROIC_YEARLY":3.090517254669,"TOTAL_ASSETS":193764965250,"TOTAL_LIABILITIES":111840082620,"TAX_EBT":26.268344967845,"OCF_SALES":16.460368957348,"TOTAL_PARENT_EQUITY":26120997600,"DEBT_ASSET_RATIO":57.7194553596,"OPERATE_PROFIT":13533623160,"PRETAX_PROFIT":12885556110,"NETCASH_OPERATE":12253779270,"NETCASH_INVEST":-10510726800,"NETCASH_FINANCE":623277600,"END_CASH":19932842610,"DIVI_RATIO":0.266256895169,"DIVIDEND_RATE":5.190677966102,"CURRENT_RATIO":1.319078517615,"COMMON_ACS":6000000000,"CURRENTDEBT_DEBT":29.084391980039,"ISSUED_COMMON_SHARES":4255220029,"HK_COMMON_SHARES":4255220029,"PER_SHARES":2000,"TOTAL_MARKET_CAP":20084638536.88,"HKSK_MARKET_CAP":20084638536.88,"PE_TTM":5.945912763383,"PB_TTM":0.705148807408,"REPORT_DATE_SQ":"2022-12-31 00:00:00","REPORT_TYPE_SQ":"2022年年报","OPERATE_INCOME_SQ":71769506540,"DPS_HKD":0.245,"OPERATE_INCOME_QOQ_SQ":10.792274891995,"NET_PROFIT_RATIO_SQ":10.1854457588,"HOLDER_PROFIT_SQ":2727337360,"HOLDER_PROFIT_QOQ_SQ":5.797352902158,"ROE_AVG_SQ":11.875483313369,"PE_TTM_SQ":3.336784835043,"PB_TTM_SQ":0.448557336409,"ROA_SQ":1.504461327161,"START_DATE":"2023-01-01 00:00:00","FISCAL_YEAR":"12-31","CURRENCY":"HKD","IS_CNY_CODE":0,"DPS_HKD_LY":0.22,"ORG_TYPE":"一般企业","PREMIUM_INCOME":null,"PREMIUM_INCOME_YOY":null,"NET_INTEREST_INCOME":null,"NET_INTEREST_INCOME_YOY":null,"FEE_COMMISSION_INCOME":null,"FEE_COMMISSION_INCOME_YOY":null,"ACCOUNTS_RECE_TDAYS":8.766953040287,"INVENTORY_TDAYS":6.415913688469,"CURRENT_ASSETS_TDAYS":1.869815432511,"TOTAL_ASSETS_TDAYS":0.397761181321,"PREMIUM_EXPENSE":null,"LOAN_DEPOSIT":null,"LOAN_EQUITY":null,"LOAN_ASSETS":null,"DEPOSIT_EQUITY":null,"DEPOSIT_ASSETS":null,"EQUITY_MULTIPLIER":2.365154017066,"EQUITY_RATIO":4.281616052061},{"SECUCODE":"00142.HK","SECURITY_CODE":"00142","SECURITY_NAME_ABBR":"第一太平","ORG_CODE":"10007421","STD_REPORT_DATE":"2023-06-30 00:00:00","REPORT_DATE":"2023-06-30 00:00:00","DATE_TYPE_CODE":"002","REPORT_TYPE":"2023年中报","PER_NETCASH_OPERATE":0.900486452644,"PER_OI":9.218146599599,"BPS":6.229489220145,"BASIC_EPS":0.58962528,"DILUTED_EPS":0.5889027,"OPERATE_INCOME":39100248960,"OPERATE_INCOME_YOY":6.6898006664,"GROSS_PROFIT":11890053900,"GROSS_PROFIT_YOY":17.52043193159,"HOLDER_PROFIT":2497236480,"HOLDER_PROFIT_YOY":42.9871741829,"GROSS_PROFIT_RATIO":30.40915138971,"EPS_TTM":0.849296731916,"OPERATE_INCOME_QOQ":7.051322412506,"NET_PROFIT_RATIO":15.6120638675,"ROE_AVG":9.923905240488,"GROSS_PROFIT_QOQ":8.327117146501,"ROA":1.31458077768,"HOLDER_PROFIT_QOQ":32.085913273303,"ROE_YEARLY":19.847810480976,"ROIC_YEARLY":4.247082895537,"TOTAL_ASSETS":195730302660,"TOTAL_LIABILITIES":114735587880,"TAX_EBT":22.28150873965,"OCF_SALES":9.768628030751,"TOTAL_PARENT_EQUITY":26507847300,"DEBT_ASSET_RATIO":58.6192257002,"OPERATE_PROFIT":7860947820,"PRETAX_PROFIT":7854444600,"NETCASH_OPERATE":3819557880,"NETCASH_INVEST":-2943068340,"NETCASH_FINANCE":537599520,"END_CASH":19509660000,"DIVI_RATIO":0.262333636322,"DIVIDEND_RATE":5.190677966102,"CURRENT_RATIO":1.207085931371,"COMMON_ACS":6000000000,"CURRENTDEBT_DEBT":30.502689153956,"ISSUED_COMMON_SHARES":4255220029,"HK_COMMON_SHARES":4255220029,"PER_SHARES":2000,"TOTAL_MARKET_CAP":20084638536.88,"HKSK_MARKET_CAP":20084638536.88,"PE_TTM":5.945912763383,"PB_TTM":0.705148807408,"REPORT_DATE_SQ":"2022-06-30 00:00:00","REPORT_TYPE_SQ":"2022年中报","OPERATE_INCOME_SQ":34039549660,"DPS_HKD":0.245,"OPERATE_INCOME_QOQ_SQ":11.611391390527,"NET_PROFIT_RATIO_SQ":11.6228632268,"HOLDER_PROFIT_SQ":1622145380,"HOLDER_PROFIT_QOQ_SQ":21.311192712508,"ROE_AVG_SQ":7.352650391665,"PE_TTM_SQ":3.336784835043,"PB_TTM_SQ":0.448557336409,"ROA_SQ":0.925750376792,"START_DATE":"2023-01-01 00:00:00","FISCAL_YEAR":"12-31","CURRENCY":"HKD","IS_CNY_CODE":0,"DPS_HKD_LY":0.22,"ORG_TYPE":"一般企业","PREMIUM_INCOME":null,"PREMIUM_INCOME_YOY":null,"NET_INTEREST_INCOME":null,"NET_INTEREST_INCOME_YOY":null,"FEE_COMMISSION_INCOME":null,"FEE_COMMISSION_INCOME_YOY":null,"ACCOUNTS_RECE_TDAYS":4.130371727349,"INVENTORY_TDAYS":3.133252901776,"CURRENT_ASSETS_TDAYS":0.981098550436,"TOTAL_ASSETS_TDAYS":0.205829268061,"PREMIUM_EXPENSE":null,"LOAN_DEPOSIT":null,"LOAN_EQUITY":null,"LOAN_ASSETS":null,"DEPOSIT_EQUITY":null,"DEPOSIT_ASSETS":null,"EQUITY_MULTIPLIER":2.416581170654,"EQUITY_RATIO":4.328363091182},{"SECUCODE":"00142.HK","SECURITY_CODE":"00142","SECURITY_NAME_ABBR":"第一太平","ORG_CODE":"10007421","STD_REPORT_DATE":"2022-12-31 00:00:00","REPORT_DATE":"2022-12-31 00:00:00","DATE_TYPE_CODE":"001","REPORT_TYPE":"2022年年报","PER_NETCASH_OPERATE":2.338138621969,"PER_OI":16.920143739837,"BPS":5.395444593589,"BASIC_EPS":0.6407432,"DILUTED_EPS":0.64004674,"OPERATE_INCOME":71769506540,"OPERATE_INCOME_YOY":13.2008524475,"GROSS_PROFIT":21287299900,"GROSS_PROFIT_YOY":18.062860069457,"HOLDER_PROFIT":2727337360,"HOLDER_PROFIT_YOY":17.4917491749,"GROSS_PROFIT_RATIO":29.660646876729,"EPS_TTM":0.642988121041,"OPERATE_INCOME_QOQ":10.792274891995,"NET_PROFIT_RATIO":10.1854457588,"ROE_AVG":11.875483313369,"GROSS_PROFIT_QOQ":10.321812714037,"ROA":1.504461327161,"HOLDER_PROFIT_QOQ":5.797352902158,"ROE_YEARLY":11.875483313369,"ROIC_YEARLY":2.4594282269,"TOTAL_ASSETS":177540190280,"TOTAL_LIABILITIES":105346539600,"TAX_EBT":23.54869254862,"OCF_SALES":13.818668788635,"TOTAL_PARENT_EQUITY":22958803900,"DEBT_ASSET_RATIO":59.336727889,"OPERATE_PROFIT":10644694640,"PRETAX_PROFIT":9561699340,"NETCASH_OPERATE":9917590400,"NETCASH_INVEST":-13987006180,"NETCASH_FINANCE":524434380,"END_CASH":17117593880,"DIVI_RATIO":0.346505779359,"DIVIDEND_RATE":5.190677966102,"CURRENT_RATIO":1.261865355596,"COMMON_ACS":6000000000,"CURRENTDEBT_DEBT":27.162501652783,"ISSUED_COMMON_SHARES":4255220029,"HK_COMMON_SHARES":4255220029,"PER_SHARES":2000,"TOTAL_MARKET_CAP":20084638536.88,"HKSK_MARKET_CAP":20084638536.88,"PE_TTM":5.945912763383,"PB_TTM":0.705148807408,"REPORT_DATE_SQ":"2021-12-31 00:00:00","REPORT_TYPE_SQ":"2021年年报","OPERATE_INCOME_SQ":58039272240,"DPS_HKD":0.245,"OPERATE_INCOME_QOQ_SQ":17.277152395179,"NET_PROFIT_RATIO_SQ":9.8393971351,"HOLDER_PROFIT_SQ":2125020810,"HOLDER_PROFIT_QOQ_SQ":19.888322835996,"ROE_AVG_SQ":10.353182368838,"PE_TTM_SQ":3.336784835043,"PB_TTM_SQ":0.448557336409,"ROA_SQ":1.245741474071,"START_DATE":"2022-01-01 00:00:00","FISCAL_YEAR":"12-31","CURRENCY":"HKD","IS_CNY_CODE":0,"DPS_HKD_LY":0.205,"ORG_TYPE":"一般企业","PREMIUM_INCOME":null,"PREMIUM_INCOME_YOY":null,"NET_INTEREST_INCOME":null,"NET_INTEREST_INCOME_YOY":null,"FEE_COMMISSION_INCOME":null,"FEE_COMMISSION_INCOME_YOY":null,"ACCOUNTS_RECE_TDAYS":8.187264132205,"INVENTORY_TDAYS":6.946571469644,"CURRENT_ASSETS_TDAYS":1.87503297943,"TOTAL_ASSETS_TDAYS":0.395896923653,"PREMIUM_EXPENSE":null,"LOAN_DEPOSIT":null,"LOAN_EQUITY":null,"LOAN_ASSETS":null,"DEPOSIT_EQUITY":null,"DEPOSIT_ASSETS":null,"EQUITY_MULTIPLIER":2.459221671267,"EQUITY_RATIO":4.588502957682},{"SECUCODE":"00142.HK","SECURITY_CODE":"00142","SECURITY_NAME_ABBR":"第一太平","ORG_CODE":"10007421","STD_REPORT_DATE":"2022-06-30 00:00:00","REPORT_DATE":"2022-06-30 00:00:00","DATE_TYPE_CODE":"002","REPORT_TYPE":"2022年中报","PER_NETCASH_OPERATE":0.695278313451,"PER_OI":7.972828573343,"BPS":5.166801037352,"BASIC_EPS":0.38053638,"DILUTED_EPS":0.37986524,"OPERATE_INCOME":34039549660,"OPERATE_INCOME_YOY":20.0165641268,"GROSS_PROFIT":10117435500,"GROSS_PROFIT_YOY":14.291924569813,"HOLDER_PROFIT":1622145380,"HOLDER_PROFIT_YOY":33.5359116022,"GROSS_PROFIT_RATIO":29.722589167768,"EPS_TTM":0.603799404755,"OPERATE_INCOME_QOQ":11.611391390527,"NET_PROFIT_RATIO":11.6228632268,"ROE_AVG":7.352650391665,"GROSS_PROFIT_QOQ":7.016787673246,"ROA":0.925750376792,"HOLDER_PROFIT_QOQ":21.311192712508,"ROE_YEARLY":14.70530078333,"ROIC_YEARLY":3.031481249216,"TOTAL_ASSETS":172150094560,"TOTAL_LIABILITIES":102112608720,"TAX_EBT":22.597163865546,"OCF_SALES":8.720597803584,"TOTAL_PARENT_EQUITY":21985875260,"DEBT_ASSET_RATIO":59.3160340579,"OPERATE_PROFIT":5374489120,"PRETAX_PROFIT":5111402240,"NETCASH_OPERATE":2968452220,"NETCASH_INVEST":-6589252520,"NETCASH_FINANCE":871139720,"END_CASH":17275143600,"DIVI_RATIO":0.368995229617,"DIVIDEND_RATE":5.190677966102,"CURRENT_RATIO":1.326999809994,"COMMON_ACS":6000000000,"CURRENTDEBT_DEBT":27.673055183111,"ISSUED_COMMON_SHARES":4255220029,"HK_COMMON_SHARES":4255220029,"PER_SHARES":2000,"TOTAL_MARKET_CAP":20084638536.88,"HKSK_MARKET_CAP":20084638536.88,"PE_TTM":5.945912763383,"PB_TTM":0.705148807408,"REPORT_DATE_SQ":"2021-06-30 00:00:00","REPORT_TYPE_SQ":"2021年中报","OPERATE_INCOME_SQ":27300382600,"DPS_HKD":0.245,"OPERATE_INCOME_QOQ_SQ":6.368908186488,"NET_PROFIT_RATIO_SQ":11.7747278751,"HOLDER_PROFIT_SQ":1169278100,"HOLDER_PROFIT_QOQ_SQ":34.74787182775,"ROE_AVG_SQ":5.724587260421,"PE_TTM_SQ":3.336784835043,"PB_TTM_SQ":0.448557336409,"ROA_SQ":0.682976342982,"START_DATE":"2022-01-01 00:00:00","FISCAL_YEAR":"12-31","CURRENCY":"HKD","IS_CNY_CODE":0,"DPS_HKD_LY":0.205,"ORG_TYPE":"一般企业","PREMIUM_INCOME":null,"PREMIUM_INCOME_YOY":null,"NET_INTEREST_INCOME":null,"NET_INTEREST_INCOME_YOY":null,"FEE_COMMISSION_INCOME":null,"FEE_COMMISSION_INCOME_YOY":null,"ACCOUNTS_RECE_TDAYS":3.767567969098,"INVENTORY_TDAYS":3.229354473386,"CURRENT_ASSETS_TDAYS":0.890244330548,"TOTAL_ASSETS_TDAYS":0.194262032936,"PREMIUM_EXPENSE":null,"LOAN_DEPOSIT":null,"LOAN_EQUITY":null,"LOAN_ASSETS":null,"DEPOSIT_EQUITY":null,"DEPOSIT_ASSETS":null,"EQUITY_MULTIPLIER":2.457970792285,"EQUITY_RATIO":4.644464116731},{"SECUCODE":"00142.HK","SECURITY_CODE":"00142","SECURITY_NAME_ABBR":"第一太平","ORG_CODE":"10007421","STD_REPORT_DATE":"2021-12-31 00:00:00","REPORT_DATE":"2021-12-31 00:00:00","DATE_TYPE_CODE":"001","REPORT_TYPE":"2021年年报","PER_NETCASH_OPERATE":1.85403834972,"PER_OI":13.546578300964,"BPS":4.942372868306,"BASIC_EPS":0.49220404,"DILUTED_EPS":0.49156647,"OPERATE_INCOME":58039272240,"OPERATE_INCOME_YOY":27.6656615946,"GROSS_PROFIT":18030479600,"GROSS_PROFIT_YOY":19.712959436399,"HOLDER_PROFIT":2125020810,"HOLDER_PROFIT_YOY":65.3273809524,"GROSS_PROFIT_RATIO":31.065998769663,"EPS_TTM":0.495987624979,"OPERATE_INCOME_QOQ":17.277152395179,"NET_PROFIT_RATIO":9.8393971351,"ROE_AVG":10.353182368838,"GROSS_PROFIT_QOQ":10.469738839267,"ROA":1.245741474071,"HOLDER_PROFIT_QOQ":19.888322835996,"ROE_YEARLY":10.353182368838,"ROIC_YEARLY":2.012669005622,"TOTAL_ASSETS":169381309190,"TOTAL_LIABILITIES":101715367520,"TAX_EBT":25.890889052168,"OCF_SALES":13.686395992618,"TOTAL_PARENT_EQUITY":21030884020,"DEBT_ASSET_RATIO":60.0511166234,"OPERATE_PROFIT":7335880420,"PRETAX_PROFIT":6941862160,"NETCASH_OPERATE":7943484630,"NETCASH_INVEST":-4657448850,"NETCASH_FINANCE":1947138780,"END_CASH":19872419330,"DIVI_RATIO":0.449202941322,"DIVIDEND_RATE":5.190677966102,"CURRENT_RATIO":1.255665109843,"COMMON_ACS":6000000000,"CURRENTDEBT_DEBT":28.989068298064,"ISSUED_COMMON_SHARES":4255220029,"HK_COMMON_SHARES":4255220029,"PER_SHARES":2000,"TOTAL_MARKET_CAP":20084638536.88,"HKSK_MARKET_CAP":20084638536.88,"PE_TTM":5.945912763383,"PB_TTM":0.705148807408,"REPORT_DATE_SQ":"2020-12-31 00:00:00","REPORT_TYPE_SQ":"2020年年报","OPERATE_INCOME_SQ":46525799450,"DPS_HKD":0.245,"OPERATE_INCOME_QOQ_SQ":-13.698164566236,"NET_PROFIT_RATIO_SQ":9.3625972933,"HOLDER_PROFIT_SQ":1315419840,"HOLDER_PROFIT_QOQ_SQ":3426.68421280241,"ROE_AVG_SQ":6.643927035444,"PE_TTM_SQ":3.336784835043,"PB_TTM_SQ":0.448557336409,"ROA_SQ":0.825787847074,"START_DATE":"2021-01-01 00:00:00","FISCAL_YEAR":"12-31","CURRENCY":"HKD","IS_CNY_CODE":0,"DPS_HKD_LY":0.165,"ORG_TYPE":"一般企业","PREMIUM_INCOME":null,"PREMIUM_INCOME_YOY":null,"NET_INTEREST_INCOME":null,"NET_INTEREST_INCOME_YOY":null,"FEE_COMMISSION_INCOME":null,"FEE_COMMISSION_INCOME_YOY":null,"ACCOUNTS_RECE_TDAYS":7.580630386809,"INVENTORY_TDAYS":7.028280226242,"CURRENT_ASSETS_TDAYS":1.544787327015,"TOTAL_ASSETS_TDAYS":0.340241037707,"PREMIUM_EXPENSE":null,"LOAN_DEPOSIT":null,"LOAN_EQUITY":null,"LOAN_ASSETS":null,"DEPOSIT_EQUITY":null,"DEPOSIT_ASSETS":null,"EQUITY_MULTIPLIER":2.503198876857,"EQUITY_RATIO":4.836476080762},{"SECUCODE":"00142.HK","SECURITY_CODE":"00142","SECURITY_NAME_ABBR":"第一太平","ORG_CODE":"10007421","STD_REPORT_DATE":"2021-06-30 00:00:00","REPORT_DATE":"2021-06-30 00:00:00","DATE_TYPE_CODE":"002","REPORT_TYPE":"2021年中报","PER_NETCASH_OPERATE":0.818378033422,"PER_OI":6.301868748621,"BPS":4.833210555468,"BASIC_EPS":0.27003218,"DILUTED_EPS":0.26938617,"OPERATE_INCOME":27300382600,"OPERATE_INCOME_YOY":22.9310294674,"GROSS_PROFIT":8852275030,"GROSS_PROFIT_YOY":16.599182924867,"HOLDER_PROFIT":1169278100,"HOLDER_PROFIT_YOY":79.9204771372,"GROSS_PROFIT_RATIO":32.425461429248,"EPS_TTM":0.409154114543,"OPERATE_INCOME_QOQ":6.368908186488,"NET_PROFIT_RATIO":11.7747278751,"ROE_AVG":5.724587260421,"GROSS_PROFIT_QOQ":8.367196930356,"ROA":0.682976342982,"HOLDER_PROFIT_QOQ":34.74787182775,"ROE_YEARLY":11.449174520843,"ROIC_YEARLY":2.177725239655,"TOTAL_ASSETS":168348267970,"TOTAL_LIABILITIES":100924850280,"TAX_EBT":25.693937180424,"OCF_SALES":12.986275437766,"TOTAL_PARENT_EQUITY":20566374360,"DEBT_ASSET_RATIO":59.9500377978,"OPERATE_PROFIT":3839883440,"PRETAX_PROFIT":3537550760,"NETCASH_OPERATE":3545302880,"NETCASH_INVEST":-2901230910,"NETCASH_FINANCE":431534680,"END_CASH":16012649870,"DIVI_RATIO":0.544535890221,"DIVIDEND_RATE":5.190677966102,"CURRENT_RATIO":1.048396126651,"COMMON_ACS":6000000000,"CURRENTDEBT_DEBT":30.869626443403,"ISSUED_COMMON_SHARES":4255220029,"HK_COMMON_SHARES":4255220029,"PER_SHARES":2000,"TOTAL_MARKET_CAP":20084638536.88,"HKSK_MARKET_CAP":20084638536.88,"PE_TTM":5.945912763383,"PB_TTM":0.705148807408,"REPORT_DATE_SQ":"2020-06-30 00:00:00","REPORT_TYPE_SQ":"2020年中报","OPERATE_INCOME_SQ":24337197150,"DPS_HKD":0.245,"OPERATE_INCOME_QOQ_SQ":-4.058717495786,"NET_PROFIT_RATIO_SQ":8.187470896,"HOLDER_PROFIT_SQ":712197700,"HOLDER_PROFIT_QOQ_SQ":97.767604250445,"ROE_AVG_SQ":3.413698909042,"PE_TTM_SQ":3.336784835043,"PB_TTM_SQ":0.448557336409,"ROA_SQ":0.452835963998,"START_DATE":"2021-01-01 00:00:00","FISCAL_YEAR":"12-31","CURRENCY":"HKD","IS_CNY_CODE":0,"DPS_HKD_LY":0.165,"ORG_TYPE":"一般企业","PREMIUM_INCOME":null,"PREMIUM_INCOME_YOY":null,"NET_INTEREST_INCOME":null,"NET_INTEREST_INCOME_YOY":null,"FEE_COMMISSION_INCOME":null,"FEE_COMMISSION_INCOME_YOY":null,"ACCOUNTS_RECE_TDAYS":3.565642929463,"INVENTORY_TDAYS":3.233722115276,"CURRENT_ASSETS_TDAYS":0.765954361735,"TOTAL_ASSETS_TDAYS":0.159461769362,"PREMIUM_EXPENSE":null,"LOAN_DEPOSIT":null,"LOAN_EQUITY":null,"LOAN_ASSETS":null,"DEPOSIT_EQUITY":null,"DEPOSIT_ASSETS":null,"EQUITY_MULTIPLIER":2.496881257843,"EQUITY_RATIO":4.907274783264},{"SECUCODE":"00142.HK","SECURITY_CODE":"00142","SECURITY_NAME_ABBR":"第一太平","ORG_CODE":"10007421","STD_REPORT_DATE":"2020-12-31 00:00:00","REPORT_DATE":"2020-12-31 00:00:00","DATE_TYPE_CODE":"001","REPORT_TYPE":"2020年年报","PER_NETCASH_OPERATE":1.556690145714,"PER_OI":10.708063943673,"BPS":4.814835862863,"BASIC_EPS":0.30340785,"DILUTED_EPS":0.30275536,"OPERATE_INCOME":46525799450,"OPERATE_INCOME_YOY":-5.9920896506,"GROSS_PROFIT":15061426670,"GROSS_PROFIT_YOY":-5.465763672299,"HOLDER_PROFIT":1315419840,"HOLDER_PROFIT_YOY":179.4013391099,"GROSS_PROFIT_RATIO":32.372203912769,"EPS_TTM":0.302748151048,"OPERATE_INCOME_QOQ":-13.698164566236,"NET_PROFIT_RATIO":9.3625972933,"ROE_AVG":6.643927035444,"GROSS_PROFIT_QOQ":-10.038132985199,"ROA":0.825787847074,"HOLDER_PROFIT_QOQ":3426.68421280241,"ROE_YEARLY":6.643927035444,"ROIC_YEARLY":1.331391720408,"TOTAL_ASSETS":175804295640,"TOTAL_LIABILITIES":106454395990,"TAX_EBT":36.336559940432,"OCF_SALES":14.537549961433,"TOTAL_PARENT_EQUITY":20488186000,"DEBT_ASSET_RATIO":60.5527843347,"OPERATE_PROFIT":6746094110,"PRETAX_PROFIT":6134058490,"NETCASH_OPERATE":6763711340,"NETCASH_INVEST":-19234752710,"NETCASH_FINANCE":10214078460,"END_CASH":15419643680,"DIVI_RATIO":0.735922248341,"DIVIDEND_RATE":5.190677966102,"CURRENT_RATIO":1.237579696945,"COMMON_ACS":6000000000,"CURRENTDEBT_DEBT":29.60938026736,"ISSUED_COMMON_SHARES":4255220029,"HK_COMMON_SHARES":4255220029,"PER_SHARES":2000,"TOTAL_MARKET_CAP":20084638536.88,"HKSK_MARKET_CAP":20084638536.88,"PE_TTM":5.945912763383,"PB_TTM":0.705148807408,"REPORT_DATE_SQ":"2019-12-31 00:00:00","REPORT_TYPE_SQ":"2019年年报","OPERATE_INCOME_SQ":52914477000,"DPS_HKD":0.245,"OPERATE_INCOME_QOQ_SQ":0.659136076645,"NET_PROFIT_RATIO_SQ":1.5034700237,"HOLDER_PROFIT_SQ":-1771257180,"HOLDER_PROFIT_QOQ_SQ":-77.081566253086,"ROE_AVG_SQ":-8.446018994395,"PE_TTM_SQ":3.336784835043,"PB_TTM_SQ":0.448557336409,"ROA_SQ":-1.186892296185,"START_DATE":"2020-01-01 00:00:00","FISCAL_YEAR":"12-31","CURRENCY":"HKD","IS_CNY_CODE":0,"DPS_HKD_LY":0.14,"ORG_TYPE":"一般企业","PREMIUM_INCOME":null,"PREMIUM_INCOME_YOY":null,"NET_INTEREST_INCOME":null,"NET_INTEREST_INCOME_YOY":null,"FEE_COMMISSION_INCOME":null,"FEE_COMMISSION_INCOME_YOY":null,"ACCOUNTS_RECE_TDAYS":6.649724890422,"INVENTORY_TDAYS":5.900159060321,"CURRENT_ASSETS_TDAYS":1.296324912963,"TOTAL_ASSETS_TDAYS":0.292077393034,"PREMIUM_EXPENSE":null,"LOAN_DEPOSIT":null,"LOAN_EQUITY":null,"LOAN_ASSETS":null,"DEPOSIT_EQUITY":null,"DEPOSIT_ASSETS":null,"EQUITY_MULTIPLIER":2.535033165546,"EQUITY_RATIO":5.195891719745},{"SECUCODE":"00142.HK","SECURITY_CODE":"00142","SECURITY_NAME_ABBR":"第一太平","ORG_CODE":"10007421","STD_REPORT_DATE":"2020-06-30 00:00:00","REPORT_DATE":"2020-06-30 00:00:00","DATE_TYPE_CODE":"002","REPORT_TYPE":"2020年中报","PER_NETCASH_OPERATE":0.61329484243,"PER_OI":5.601285015468,"BPS":4.933266260484,"BASIC_EPS":0.1642444,"DILUTED_EPS":0.1642444,"OPERATE_INCOME":24337197150,"OPERATE_INCOME_YOY":-10.7670121236,"GROSS_PROFIT":7592055800,"GROSS_PROFIT_YOY":-10.215673564943,"HOLDER_PROFIT":712197700,"HOLDER_PROFIT_YOY":167.8354686446,"GROSS_PROFIT_RATIO":31.410414441066,"EPS_TTM":-0.009100597823,"OPERATE_INCOME_QOQ":-4.058717495786,"NET_PROFIT_RATIO":8.187470896,"ROE_AVG":3.413698909042,"GROSS_PROFIT_QOQ":-1.977878824917,"ROA":0.452835963998,"HOLDER_PROFIT_QOQ":97.767604250445,"ROE_YEARLY":6.827397818083,"ROIC_YEARLY":1.490823138879,"TOTAL_ASSETS":159632813700,"TOTAL_LIABILITIES":96432701300,"TAX_EBT":36.788568660693,"OCF_SALES":10.31035143945,"TOTAL_PARENT_EQUITY":20992133400,"DEBT_ASSET_RATIO":60.4090719601,"OPERATE_PROFIT":3057636050,"PRETAX_PROFIT":2923125550,"NETCASH_OPERATE":2664723800,"NETCASH_INVEST":-4447341900,"NETCASH_FINANCE":2549327950,"END_CASH":19575525450,"DIVI_RATIO":-24.481809254063,"DIVIDEND_RATE":5.190677966102,"CURRENT_RATIO":1.041050366898,"COMMON_ACS":6000000000,"CURRENTDEBT_DEBT":38.217804337293,"ISSUED_COMMON_SHARES":4255220029,"HK_COMMON_SHARES":4255220029,"PER_SHARES":2000,"TOTAL_MARKET_CAP":20084638536.88,"HKSK_MARKET_CAP":20084638536.88,"PE_TTM":5.945912763383,"PB_TTM":0.705148807408,"REPORT_DATE_SQ":"2019-06-30 00:00:00","REPORT_TYPE_SQ":"2019年中报","OPERATE_INCOME_SQ":28125772640,"DPS_HKD":0.245,"OPERATE_INCOME_QOQ_SQ":5.05405832132,"NET_PROFIT_RATIO_SQ":3.1824403598,"HOLDER_PROFIT_SQ":-1019518010,"HOLDER_PROFIT_QOQ_SQ":-210.577356687228,"ROE_AVG_SQ":-4.880778028271,"PE_TTM_SQ":3.336784835043,"PB_TTM_SQ":0.448557336409,"ROA_SQ":-0.698146827386,"START_DATE":"2020-01-01 00:00:00","FISCAL_YEAR":"12-31","CURRENCY":"HKD","IS_CNY_CODE":0,"DPS_HKD_LY":0.14,"ORG_TYPE":"一般企业","PREMIUM_INCOME":null,"PREMIUM_INCOME_YOY":null,"NET_INTEREST_INCOME":null,"NET_INTEREST_INCOME_YOY":null,"FEE_COMMISSION_INCOME":null,"FEE_COMMISSION_INCOME_YOY":null,"ACCOUNTS_RECE_TDAYS":3.107244542866,"INVENTORY_TDAYS":3.056827198926,"CURRENT_ASSETS_TDAYS":0.699227166949,"TOTAL_ASSETS_TDAYS":0.164330840335,"PREMIUM_EXPENSE":null,"LOAN_DEPOSIT":null,"LOAN_EQUITY":null,"LOAN_ASSETS":null,"DEPOSIT_EQUITY":null,"DEPOSIT_ASSETS":null,"EQUITY_MULTIPLIER":2.525831167666,"EQUITY_RATIO":4.593754215567}],"count":47},"success":true,"message":"ok","code":0}