{"version":"b01a6053e69a0cf6c2c699f56af6d36f","result":{"pages":6,"data":[{"SECUCODE":"00157.HK","SECURITY_CODE":"00157","SECURITY_NAME_ABBR":"自然美","ORG_CODE":"10007431","STD_REPORT_DATE":"2024-06-30 00:00:00","REPORT_DATE":"2024-06-30 00:00:00","DATE_TYPE_CODE":"002","REPORT_TYPE":"2024年中报","PER_NETCASH_OPERATE":-0.012094907591,"PER_OI":0.071455776796,"BPS":0.239958006832,"BASIC_EPS":-0.013872736,"DILUTED_EPS":null,"OPERATE_INCOME":143061677.32,"OPERATE_INCOME_YOY":-2.9484059909,"GROSS_PROFIT":85180424.4,"GROSS_PROFIT_YOY":-2.71404341443,"HOLDER_PROFIT":-27794756.72,"HOLDER_PROFIT_YOY":-223.772060387,"GROSS_PROFIT_RATIO":59.541049703666,"EPS_TTM":-0.016391033407,"OPERATE_INCOME_QOQ":-1.920580290395,"NET_PROFIT_RATIO":-19.4285131006,"ROE_AVG":-5.532524061956,"GROSS_PROFIT_QOQ":-1.308863285186,"ROA":-3.593324491809,"HOLDER_PROFIT_QOQ":-139.643390252863,"ROE_YEARLY":-11.065048123912,"ROIC_YEARLY":-8.534620224253,"TOTAL_ASSETS":750768742.64,"TOTAL_LIABILITIES":270348593.52,"TAX_EBT":-6.211418407561,"OCF_SALES":-16.926423773038,"TOTAL_PARENT_EQUITY":480420149.12,"DEBT_ASSET_RATIO":36.0095696805,"OPERATE_PROFIT":-22432761.72,"PRETAX_PROFIT":-26169273.64,"NETCASH_OPERATE":-24215225.76,"NETCASH_INVEST":-15315683.08,"NETCASH_FINANCE":-10573397.8,"END_CASH":87164590.72,"DIVI_RATIO":null,"DIVIDEND_RATE":null,"CURRENT_RATIO":1.055096651229,"COMMON_ACS":4000000000,"CURRENTDEBT_DEBT":96.002552208876,"ISSUED_COMMON_SHARES":2002100932,"HK_COMMON_SHARES":2002100932,"PER_SHARES":10000,"TOTAL_MARKET_CAP":1001050466,"HKSK_MARKET_CAP":1001050466,"PE_TTM":-27.684683370668,"PB_TTM":1.901749418675,"REPORT_DATE_SQ":"2023-06-30 00:00:00","REPORT_TYPE_SQ":"2023年中报","OPERATE_INCOME_SQ":148909911.78,"DPS_HKD":null,"OPERATE_INCOME_QOQ_SQ":3.002525955209,"NET_PROFIT_RATIO_SQ":-5.8237519426,"HOLDER_PROFIT_SQ":-8672143.88,"HOLDER_PROFIT_QOQ_SQ":63.176609666538,"ROE_AVG_SQ":-1.611837736641,"PE_TTM_SQ":-103.962038217883,"PB_TTM_SQ":1.757298681829,"ROA_SQ":-1.088300938466,"START_DATE":"2024-01-01 00:00:00","FISCAL_YEAR":"12-31","CURRENCY":"HKD","IS_CNY_CODE":0,"DPS_HKD_LY":null,"ORG_TYPE":"一般企业","PREMIUM_INCOME":null,"PREMIUM_INCOME_YOY":null,"NET_INTEREST_INCOME":null,"NET_INTEREST_INCOME_YOY":null,"FEE_COMMISSION_INCOME":null,"FEE_COMMISSION_INCOME_YOY":null,"ACCOUNTS_RECE_TDAYS":1.486589783957,"INVENTORY_TDAYS":0.772154749947,"CURRENT_ASSETS_TDAYS":0.487308145481,"TOTAL_ASSETS_TDAYS":0.18495108057,"PREMIUM_EXPENSE":null,"LOAN_DEPOSIT":null,"LOAN_EQUITY":null,"LOAN_ASSETS":null,"DEPOSIT_EQUITY":null,"DEPOSIT_ASSETS":null,"EQUITY_MULTIPLIER":1.562733669718,"EQUITY_RATIO":0.562733669716},{"SECUCODE":"00157.HK","SECURITY_CODE":"00157","SECURITY_NAME_ABBR":"自然美","ORG_CODE":"10007431","STD_REPORT_DATE":"2023-12-31 00:00:00","REPORT_DATE":"2023-12-31 00:00:00","DATE_TYPE_CODE":"001","REPORT_TYPE":"2023年年报","PER_NETCASH_OPERATE":0.009833032374,"PER_OI":0.152091989186,"BPS":0.260049396591,"BASIC_EPS":-0.00679665,"DILUTED_EPS":null,"OPERATE_INCOME":304503513.3,"OPERATE_INCOME_YOY":0.040192926,"GROSS_PROFIT":181556645.9,"GROSS_PROFIT_YOY":7.465479224501,"HOLDER_PROFIT":-13693890.42,"HOLDER_PROFIT_YOY":50.4102126542,"GROSS_PROFIT_RATIO":59.623826317278,"EPS_TTM":-0.006839760274,"OPERATE_INCOME_QOQ":-1.467945258008,"NET_PROFIT_RATIO":-4.4971206643,"ROE_AVG":-2.57869974556,"GROSS_PROFIT_QOQ":-0.048320119932,"ROA":-1.732174881917,"HOLDER_PROFIT_QOQ":-36.621600396458,"ROE_YEARLY":-2.57869974556,"ROIC_YEARLY":-2.144424758165,"TOTAL_ASSETS":790617139.48,"TOTAL_LIABILITIES":269972000.2,"TAX_EBT":-27.314853820878,"OCF_SALES":6.465187566031,"TOTAL_PARENT_EQUITY":520645139.28,"DEBT_ASSET_RATIO":34.1469956467,"OPERATE_PROFIT":-3387450.36,"PRETAX_PROFIT":-10755925.18,"NETCASH_OPERATE":19686723.28,"NETCASH_INVEST":-61266815.54,"NETCASH_FINANCE":38630346.16,"END_CASH":143856081.46,"DIVI_RATIO":null,"DIVIDEND_RATE":null,"CURRENT_RATIO":1.211480095991,"COMMON_ACS":4000000000,"CURRENTDEBT_DEBT":95.115974623208,"ISSUED_COMMON_SHARES":2002100932,"HK_COMMON_SHARES":2002100932,"PER_SHARES":10000,"TOTAL_MARKET_CAP":1001050466,"HKSK_MARKET_CAP":1001050466,"PE_TTM":-27.684683370668,"PB_TTM":1.901749418675,"REPORT_DATE_SQ":"2022-12-31 00:00:00","REPORT_TYPE_SQ":"2022年年报","OPERATE_INCOME_SQ":300031527.6,"DPS_HKD":null,"OPERATE_INCOME_QOQ_SQ":-13.442259373866,"NET_PROFIT_RATIO_SQ":-9.0722877218,"HOLDER_PROFIT_SQ":-27219723.44,"HOLDER_PROFIT_QOQ_SQ":-142.824794006855,"ROE_AVG_SQ":-4.854625691026,"PE_TTM_SQ":-103.962038217883,"PB_TTM_SQ":1.757298681829,"ROA_SQ":-3.380607326683,"START_DATE":"2023-01-01 00:00:00","FISCAL_YEAR":"12-31","CURRENCY":"HKD","IS_CNY_CODE":0,"DPS_HKD_LY":null,"ORG_TYPE":"一般企业","PREMIUM_INCOME":null,"PREMIUM_INCOME_YOY":null,"NET_INTEREST_INCOME":null,"NET_INTEREST_INCOME_YOY":null,"FEE_COMMISSION_INCOME":null,"FEE_COMMISSION_INCOME_YOY":null,"ACCOUNTS_RECE_TDAYS":3.432104061653,"INVENTORY_TDAYS":1.537816316699,"CURRENT_ASSETS_TDAYS":0.948946955951,"TOTAL_ASSETS_TDAYS":0.385174206172,"PREMIUM_EXPENSE":null,"LOAN_DEPOSIT":null,"LOAN_EQUITY":null,"LOAN_ASSETS":null,"DEPOSIT_EQUITY":null,"DEPOSIT_ASSETS":null,"EQUITY_MULTIPLIER":1.518533603471,"EQUITY_RATIO":0.51853360347},{"SECUCODE":"00157.HK","SECURITY_CODE":"00157","SECURITY_NAME_ABBR":"自然美","ORG_CODE":"10007431","STD_REPORT_DATE":"2023-06-30 00:00:00","REPORT_DATE":"2023-06-30 00:00:00","DATE_TYPE_CODE":"002","REPORT_TYPE":"2023年中报","PER_NETCASH_OPERATE":0.009765035113,"PER_OI":0.074376825564,"BPS":0.262328769017,"BASIC_EPS":-0.004333306,"DILUTED_EPS":null,"OPERATE_INCOME":148909911.78,"OPERATE_INCOME_YOY":-1.2714635891,"GROSS_PROFIT":87556752.68,"GROSS_PROFIT_YOY":16.966146043938,"HOLDER_PROFIT":-8672143.88,"HOLDER_PROFIT_YOY":68.9047571821,"GROSS_PROFIT_RATIO":58.798471930704,"EPS_TTM":-0.005006353501,"OPERATE_INCOME_QOQ":3.002525955209,"NET_PROFIT_RATIO":-5.8237519426,"ROE_AVG":-1.611837736641,"GROSS_PROFIT_QOQ":7.517431776484,"ROA":-1.088300938466,"HOLDER_PROFIT_QOQ":63.176609666538,"ROE_YEARLY":-3.223675473282,"ROIC_YEARLY":-2.681859880947,"TOTAL_ASSETS":789451828.86,"TOTAL_LIABILITIES":264243155.92,"TAX_EBT":-49.064976228209,"OCF_SALES":13.129136715146,"TOTAL_PARENT_EQUITY":525208672.94,"DEBT_ASSET_RATIO":33.4717263625,"OPERATE_PROFIT":-2168496.96,"PRETAX_PROFIT":-5817693.8,"NETCASH_OPERATE":19550585.9,"NETCASH_INVEST":-64486047.14,"NETCASH_FINANCE":41230945.6,"END_CASH":139575786.26,"DIVI_RATIO":null,"DIVIDEND_RATE":null,"CURRENT_RATIO":1.291907997637,"COMMON_ACS":4000000000,"CURRENTDEBT_DEBT":93.915995589734,"ISSUED_COMMON_SHARES":2002100932,"HK_COMMON_SHARES":2002100932,"PER_SHARES":10000,"TOTAL_MARKET_CAP":1001050466,"HKSK_MARKET_CAP":1001050466,"PE_TTM":-27.684683370668,"PB_TTM":1.901749418675,"REPORT_DATE_SQ":"2022-06-30 00:00:00","REPORT_TYPE_SQ":"2022年中报","OPERATE_INCOME_SQ":139901387.29,"DPS_HKD":null,"OPERATE_INCOME_QOQ_SQ":-13.09007009432,"NET_PROFIT_RATIO_SQ":-18.4906260124,"HOLDER_PROFIT_SQ":-25868642.31,"HOLDER_PROFIT_QOQ_SQ":-138.879280898222,"ROE_AVG_SQ":-4.855003145825,"PE_TTM_SQ":-103.962038217883,"PB_TTM_SQ":1.757298681829,"ROA_SQ":-3.364467270437,"START_DATE":"2023-01-01 00:00:00","FISCAL_YEAR":"12-31","CURRENCY":"HKD","IS_CNY_CODE":0,"DPS_HKD_LY":null,"ORG_TYPE":"一般企业","PREMIUM_INCOME":null,"PREMIUM_INCOME_YOY":null,"NET_INTEREST_INCOME":null,"NET_INTEREST_INCOME_YOY":null,"FEE_COMMISSION_INCOME":null,"FEE_COMMISSION_INCOME_YOY":null,"ACCOUNTS_RECE_TDAYS":1.602387046848,"INVENTORY_TDAYS":0.718977905029,"CURRENT_ASSETS_TDAYS":0.453275781988,"TOTAL_ASSETS_TDAYS":0.186872818278,"PREMIUM_EXPENSE":null,"LOAN_DEPOSIT":null,"LOAN_EQUITY":null,"LOAN_ASSETS":null,"DEPOSIT_EQUITY":null,"DEPOSIT_ASSETS":null,"EQUITY_MULTIPLIER":1.503120320616,"EQUITY_RATIO":0.503120320616},{"SECUCODE":"00157.HK","SECURITY_CODE":"00157","SECURITY_NAME_ABBR":"自然美","ORG_CODE":"10007431","STD_REPORT_DATE":"2022-12-31 00:00:00","REPORT_DATE":"2022-12-31 00:00:00","DATE_TYPE_CODE":"001","REPORT_TYPE":"2022年年报","PER_NETCASH_OPERATE":0.005156790297,"PER_OI":0.149858342706,"BPS":0.266567420358,"BASIC_EPS":-0.013577704,"DILUTED_EPS":null,"OPERATE_INCOME":300031527.6,"OPERATE_INCOME_YOY":-31.1453229741,"GROSS_PROFIT":168944155.1,"GROSS_PROFIT_YOY":-32.472029038689,"HOLDER_PROFIT":-27219723.44,"HOLDER_PROFIT_YOY":-186.4110707804,"GROSS_PROFIT_RATIO":56.308800762177,"EPS_TTM":-0.013595580025,"OPERATE_INCOME_QOQ":-13.442259373866,"NET_PROFIT_RATIO":-9.0722877218,"ROE_AVG":-4.854625691026,"GROSS_PROFIT_QOQ":-17.114029166989,"ROA":-3.380607326683,"HOLDER_PROFIT_QOQ":-142.824794006855,"ROE_YEARLY":-4.854625691026,"ROIC_YEARLY":-4.229851742808,"TOTAL_ASSETS":779207460.43,"TOTAL_LIABILITIES":245512579.69,"TAX_EBT":-29.403771020894,"OCF_SALES":3.44110992021,"TOTAL_PARENT_EQUITY":533694880.74,"DEBT_ASSET_RATIO":31.5079862755,"OPERATE_PROFIT":-17155250.35,"PRETAX_PROFIT":-21034721.96,"NETCASH_OPERATE":10324414.66,"NETCASH_INVEST":-34632077.9,"NETCASH_FINANCE":11800989.97,"END_CASH":143452015.84,"DIVI_RATIO":null,"DIVIDEND_RATE":null,"CURRENT_RATIO":1.455077618761,"COMMON_ACS":4000000000,"CURRENTDEBT_DEBT":91.242400317267,"ISSUED_COMMON_SHARES":2002100932,"HK_COMMON_SHARES":2002100932,"PER_SHARES":10000,"TOTAL_MARKET_CAP":1001050466,"HKSK_MARKET_CAP":1001050466,"PE_TTM":-27.684683370668,"PB_TTM":1.901749418675,"REPORT_DATE_SQ":"2021-12-31 00:00:00","REPORT_TYPE_SQ":"2021年年报","OPERATE_INCOME_SQ":398833456,"DPS_HKD":null,"OPERATE_INCOME_QOQ_SQ":1.022603201032,"NET_PROFIT_RATIO_SQ":7.229044095,"HOLDER_PROFIT_SQ":28831846.4,"HOLDER_PROFIT_QOQ_SQ":8.426231853259,"ROE_AVG_SQ":5.557113906337,"PE_TTM_SQ":-103.962038217883,"PB_TTM_SQ":1.757298681829,"ROA_SQ":4.001779375584,"START_DATE":"2022-01-01 00:00:00","FISCAL_YEAR":"12-31","CURRENCY":"HKD","IS_CNY_CODE":0,"DPS_HKD_LY":0.003,"ORG_TYPE":"一般企业","PREMIUM_INCOME":null,"PREMIUM_INCOME_YOY":null,"NET_INTEREST_INCOME":null,"NET_INTEREST_INCOME_YOY":null,"FEE_COMMISSION_INCOME":null,"FEE_COMMISSION_INCOME_YOY":null,"ACCOUNTS_RECE_TDAYS":2.931555152129,"INVENTORY_TDAYS":1.335353425056,"CURRENT_ASSETS_TDAYS":0.824011844496,"TOTAL_ASSETS_TDAYS":0.37263008299,"PREMIUM_EXPENSE":null,"LOAN_DEPOSIT":null,"LOAN_EQUITY":null,"LOAN_ASSETS":null,"DEPOSIT_EQUITY":null,"DEPOSIT_ASSETS":null,"EQUITY_MULTIPLIER":1.460024235851,"EQUITY_RATIO":0.460024235851},{"SECUCODE":"00157.HK","SECURITY_CODE":"00157","SECURITY_NAME_ABBR":"自然美","ORG_CODE":"10007431","STD_REPORT_DATE":"2022-06-30 00:00:00","REPORT_DATE":"2022-06-30 00:00:00","DATE_TYPE_CODE":"002","REPORT_TYPE":"2022年中报","PER_NETCASH_OPERATE":0.00372044425,"PER_OI":0.069877289928,"BPS":0.251238054875,"BASIC_EPS":-0.012913369,"DILUTED_EPS":null,"OPERATE_INCOME":139901387.29,"OPERATE_INCOME_YOY":-29.1439634785,"GROSS_PROFIT":74856491.08,"GROSS_PROFIT_YOY":-38.24397199996,"HOLDER_PROFIT":-25868642.31,"HOLDER_PROFIT_YOY":-277.5905595021,"GROSS_PROFIT_RATIO":53.506610999383,"EPS_TTM":-0.005598925794,"OPERATE_INCOME_QOQ":-13.09007009432,"NET_PROFIT_RATIO":-18.4906260124,"ROE_AVG":-4.855003145825,"GROSS_PROFIT_QOQ":-18.529070381093,"ROA":-3.364467270437,"HOLDER_PROFIT_QOQ":-138.879280898222,"ROE_YEARLY":-9.71000629165,"ROIC_YEARLY":-8.514549101017,"TOTAL_ASSETS":742049218.19,"TOTAL_LIABILITIES":239045274.37,"TAX_EBT":-19.65585443038,"OCF_SALES":5.324253779242,"TOTAL_PARENT_EQUITY":503003943.82,"DEBT_ASSET_RATIO":32.2142074286,"OPERATE_PROFIT":-20468117.46,"PRETAX_PROFIT":-21619203.2,"NETCASH_OPERATE":7448704.9,"NETCASH_INVEST":-247149.91,"NETCASH_FINANCE":-478906.4,"END_CASH":155116072.58,"DIVI_RATIO":null,"DIVIDEND_RATE":null,"CURRENT_RATIO":1.649900843032,"COMMON_ACS":4000000000,"CURRENTDEBT_DEBT":90.559274192106,"ISSUED_COMMON_SHARES":2002100932,"HK_COMMON_SHARES":2002100932,"PER_SHARES":10000,"TOTAL_MARKET_CAP":1001050466,"HKSK_MARKET_CAP":1001050466,"PE_TTM":-27.684683370668,"PB_TTM":1.901749418675,"REPORT_DATE_SQ":"2021-06-30 00:00:00","REPORT_TYPE_SQ":"2021年中报","OPERATE_INCOME_SQ":192108966.24,"DPS_HKD":null,"OPERATE_INCOME_QOQ_SQ":14.222196624481,"NET_PROFIT_RATIO_SQ":7.37748941,"HOLDER_PROFIT_SQ":14172818.64,"HOLDER_PROFIT_QOQ_SQ":307.2508015048,"ROE_AVG_SQ":2.74513058831,"PE_TTM_SQ":-103.962038217883,"PB_TTM_SQ":1.757298681829,"ROA_SQ":1.984013045821,"START_DATE":"2022-01-01 00:00:00","FISCAL_YEAR":"12-31","CURRENCY":"HKD","IS_CNY_CODE":0,"DPS_HKD_LY":0.003,"ORG_TYPE":"一般企业","PREMIUM_INCOME":null,"PREMIUM_INCOME_YOY":null,"NET_INTEREST_INCOME":null,"NET_INTEREST_INCOME_YOY":null,"FEE_COMMISSION_INCOME":null,"FEE_COMMISSION_INCOME_YOY":null,"ACCOUNTS_RECE_TDAYS":1.29229517456,"INVENTORY_TDAYS":0.65674825039,"CURRENT_ASSETS_TDAYS":0.376947776266,"TOTAL_ASSETS_TDAYS":0.181955292816,"PREMIUM_EXPENSE":null,"LOAN_DEPOSIT":null,"LOAN_EQUITY":null,"LOAN_ASSETS":null,"DEPOSIT_EQUITY":null,"DEPOSIT_ASSETS":null,"EQUITY_MULTIPLIER":1.475235387927,"EQUITY_RATIO":0.475235387927},{"SECUCODE":"00157.HK","SECURITY_CODE":"00157","SECURITY_NAME_ABBR":"自然美","ORG_CODE":"10007431","STD_REPORT_DATE":"2021-12-31 00:00:00","REPORT_DATE":"2021-12-31 00:00:00","DATE_TYPE_CODE":"001","REPORT_TYPE":"2021年年报","PER_NETCASH_OPERATE":0.018220289805,"PER_OI":0.199207467329,"BPS":0.268674644821,"BASIC_EPS":0.01438976,"DILUTED_EPS":null,"OPERATE_INCOME":398833456,"OPERATE_INCOME_YOY":18.7830707156,"GROSS_PROFIT":250183964.8,"GROSS_PROFIT_YOY":23.638429063294,"HOLDER_PROFIT":28831846.4,"HOLDER_PROFIT_YOY":354.5501417891,"GROSS_PROFIT_RATIO":62.728931346221,"EPS_TTM":0.014400795654,"OPERATE_INCOME_QOQ":1.022603201032,"NET_PROFIT_RATIO":7.229044095,"ROE_AVG":5.557113906337,"GROSS_PROFIT_QOQ":4.670637258524,"ROA":4.001779375584,"HOLDER_PROFIT_QOQ":8.426231853259,"ROE_YEARLY":5.557113906337,"ROIC_YEARLY":5.012291228561,"TOTAL_ASSETS":760731014.4,"TOTAL_LIABILITIES":222817257.6,"TAX_EBT":27.22920406942,"OCF_SALES":9.146388962916,"TOTAL_PARENT_EQUITY":537913756.8,"DEBT_ASSET_RATIO":29.2898874086,"OPERATE_PROFIT":41272448,"PRETAX_PROFIT":39620078.4,"NETCASH_OPERATE":36478859.2,"NETCASH_INVEST":-23838763.2,"NETCASH_FINANCE":8521027.2,"END_CASH":150819401.6,"DIVI_RATIO":null,"DIVIDEND_RATE":null,"CURRENT_RATIO":1.892417404167,"COMMON_ACS":4000000000,"CURRENTDEBT_DEBT":87.318641157174,"ISSUED_COMMON_SHARES":2002100932,"HK_COMMON_SHARES":2002100932,"PER_SHARES":10000,"TOTAL_MARKET_CAP":1001050466,"HKSK_MARKET_CAP":1001050466,"PE_TTM":-27.684683370668,"PB_TTM":1.901749418675,"REPORT_DATE_SQ":"2020-12-31 00:00:00","REPORT_TYPE_SQ":"2020年年报","OPERATE_INCOME_SQ":345638823.72,"DPS_HKD":null,"OPERATE_INCOME_QOQ_SQ":-2.757846941522,"NET_PROFIT_RATIO_SQ":1.8890942429,"HOLDER_PROFIT_SQ":6529443.12,"HOLDER_PROFIT_QOQ_SQ":893.783356028804,"ROE_AVG_SQ":1.316004861652,"PE_TTM_SQ":-103.962038217883,"PB_TTM_SQ":1.757298681829,"ROA_SQ":0.976234638587,"START_DATE":"2021-01-01 00:00:00","FISCAL_YEAR":"12-31","CURRENCY":"HKD","IS_CNY_CODE":0,"DPS_HKD_LY":0.003,"ORG_TYPE":"一般企业","PREMIUM_INCOME":null,"PREMIUM_INCOME_YOY":null,"NET_INTEREST_INCOME":null,"NET_INTEREST_INCOME_YOY":null,"FEE_COMMISSION_INCOME":null,"FEE_COMMISSION_INCOME_YOY":null,"ACCOUNTS_RECE_TDAYS":3.711486884903,"INVENTORY_TDAYS":1.62157678569,"CURRENT_ASSETS_TDAYS":1.146692806401,"TOTAL_ASSETS_TDAYS":0.553569645305,"PREMIUM_EXPENSE":null,"LOAN_DEPOSIT":null,"LOAN_EQUITY":null,"LOAN_ASSETS":null,"DEPOSIT_EQUITY":null,"DEPOSIT_ASSETS":null,"EQUITY_MULTIPLIER":1.414224873009,"EQUITY_RATIO":0.414224873008},{"SECUCODE":"00157.HK","SECURITY_CODE":"00157","SECURITY_NAME_ABBR":"自然美","ORG_CODE":"10007431","STD_REPORT_DATE":"2021-06-30 00:00:00","REPORT_DATE":"2021-06-30 00:00:00","DATE_TYPE_CODE":"002","REPORT_TYPE":"2021年中报","PER_NETCASH_OPERATE":0.003620321415,"PER_OI":0.095953687034,"BPS":0.261718359002,"BASIC_EPS":0.00707268,"DILUTED_EPS":null,"OPERATE_INCOME":192108966.24,"OPERATE_INCOME_YOY":47.5277639331,"GROSS_PROFIT":121213254,"GROSS_PROFIT_YOY":43.372384097777,"HOLDER_PROFIT":14172818.64,"HOLDER_PROFIT_YOY":364.2004032884,"GROSS_PROFIT_RATIO":63.096094041009,"EPS_TTM":0.013281652795,"OPERATE_INCOME_QOQ":14.222196624481,"NET_PROFIT_RATIO":7.37748941,"ROE_AVG":2.74513058831,"GROSS_PROFIT_QOQ":18.12140663472,"ROA":1.984013045821,"HOLDER_PROFIT_QOQ":307.2508015048,"ROE_YEARLY":5.49026117662,"ROIC_YEARLY":4.885730471635,"TOTAL_ASSETS":736434900.24,"TOTAL_LIABILITIES":212448329.76,"TAX_EBT":32.521194834007,"OCF_SALES":3.7729883315,"TOTAL_PARENT_EQUITY":523986570.48,"DEBT_ASSET_RATIO":28.8482158696,"OPERATE_PROFIT":21793007.28,"PRETAX_PROFIT":21003363.36,"NETCASH_OPERATE":7248248.88,"NETCASH_INVEST":-19882551.6,"NETCASH_FINANCE":12029380.56,"END_CASH":128365813.68,"DIVI_RATIO":null,"DIVIDEND_RATE":null,"CURRENT_RATIO":1.875000526464,"COMMON_ACS":4000000000,"CURRENTDEBT_DEBT":92.993553238656,"ISSUED_COMMON_SHARES":2002100932,"HK_COMMON_SHARES":2002100932,"PER_SHARES":10000,"TOTAL_MARKET_CAP":1001050466,"HKSK_MARKET_CAP":1001050466,"PE_TTM":-27.684683370668,"PB_TTM":1.901749418675,"REPORT_DATE_SQ":"2020-06-30 00:00:00","REPORT_TYPE_SQ":"2020年中报","OPERATE_INCOME_SQ":142951533.12,"DPS_HKD":null,"OPERATE_INCOME_QOQ_SQ":-9.492792153906,"NET_PROFIT_RATIO_SQ":-4.1195414638,"HOLDER_PROFIT_SQ":-5888947.68,"HOLDER_PROFIT_QOQ_SQ":-104.191505694445,"ROE_AVG_SQ":-1.149682531049,"PE_TTM_SQ":-103.962038217883,"PB_TTM_SQ":1.757298681829,"ROA_SQ":-0.851214965117,"START_DATE":"2021-01-01 00:00:00","FISCAL_YEAR":"12-31","CURRENCY":"HKD","IS_CNY_CODE":0,"DPS_HKD_LY":0.003,"ORG_TYPE":"一般企业","PREMIUM_INCOME":null,"PREMIUM_INCOME_YOY":null,"NET_INTEREST_INCOME":null,"NET_INTEREST_INCOME_YOY":null,"FEE_COMMISSION_INCOME":null,"FEE_COMMISSION_INCOME_YOY":null,"ACCOUNTS_RECE_TDAYS":1.583688308125,"INVENTORY_TDAYS":0.764656522461,"CURRENT_ASSETS_TDAYS":0.546025154079,"TOTAL_ASSETS_TDAYS":0.268927942226,"PREMIUM_EXPENSE":null,"LOAN_DEPOSIT":null,"LOAN_EQUITY":null,"LOAN_ASSETS":null,"DEPOSIT_EQUITY":null,"DEPOSIT_ASSETS":null,"EQUITY_MULTIPLIER":1.405446134938,"EQUITY_RATIO":0.405446134937},{"SECUCODE":"00157.HK","SECURITY_CODE":"00157","SECURITY_NAME_ABBR":"自然美","ORG_CODE":"10007431","STD_REPORT_DATE":"2020-12-31 00:00:00","REPORT_DATE":"2020-12-31 00:00:00","DATE_TYPE_CODE":"001","REPORT_TYPE":"2020年年报","PER_NETCASH_OPERATE":0.01267020518,"PER_OI":0.172638061446,"BPS":0.256947893574,"BASIC_EPS":0.003282396,"DILUTED_EPS":null,"OPERATE_INCOME":345638823.72,"OPERATE_INCOME_YOY":-6.3273671173,"GROSS_PROFIT":202351297,"GROSS_PROFIT_YOY":-14.939953250592,"HOLDER_PROFIT":6529443.12,"HOLDER_PROFIT_YOY":-64.5882782545,"GROSS_PROFIT_RATIO":58.54414582892,"EPS_TTM":0.00326129568,"OPERATE_INCOME_QOQ":-2.757846941522,"NET_PROFIT_RATIO":1.8890942429,"ROE_AVG":1.316004861652,"GROSS_PROFIT_QOQ":-2.27262432563,"ROA":0.976234638587,"HOLDER_PROFIT_QOQ":893.783356028804,"ROE_YEARLY":1.316004861652,"ROIC_YEARLY":1.210581587862,"TOTAL_ASSETS":700220914.08,"TOTAL_LIABILITIES":185785296.88,"TAX_EBT":13.636869642658,"OCF_SALES":7.339172528995,"TOTAL_PARENT_EQUITY":514435617.2,"DEBT_ASSET_RATIO":26.5323833014,"OPERATE_PROFIT":8955891.24,"PRETAX_PROFIT":7560452.12,"NETCASH_OPERATE":25367029.6,"NETCASH_INVEST":-41147779.6,"NETCASH_FINANCE":23617260.04,"END_CASH":130051896.08,"DIVI_RATIO":null,"DIVIDEND_RATE":null,"CURRENT_RATIO":1.956763491559,"COMMON_ACS":4000000000,"CURRENTDEBT_DEBT":92.71683685026,"ISSUED_COMMON_SHARES":2002100932,"HK_COMMON_SHARES":2002100932,"PER_SHARES":10000,"TOTAL_MARKET_CAP":1001050466,"HKSK_MARKET_CAP":1001050466,"PE_TTM":-27.684683370668,"PB_TTM":1.901749418675,"REPORT_DATE_SQ":"2019-12-31 00:00:00","REPORT_TYPE_SQ":"2019年年报","OPERATE_INCOME_SQ":392721597.14,"DPS_HKD":null,"OPERATE_INCOME_QOQ_SQ":15.279497212131,"NET_PROFIT_RATIO_SQ":4.9971145929,"HOLDER_PROFIT_SQ":19624748.24,"HOLDER_PROFIT_QOQ_SQ":174.578146435472,"ROE_AVG_SQ":3.9133727743,"PE_TTM_SQ":-103.962038217883,"PB_TTM_SQ":1.757298681829,"ROA_SQ":3.050475992888,"START_DATE":"2020-01-01 00:00:00","FISCAL_YEAR":"12-31","CURRENCY":"HKD","IS_CNY_CODE":0,"DPS_HKD_LY":null,"ORG_TYPE":"一般企业","PREMIUM_INCOME":null,"PREMIUM_INCOME_YOY":null,"NET_INTEREST_INCOME":null,"NET_INTEREST_INCOME_YOY":null,"FEE_COMMISSION_INCOME":null,"FEE_COMMISSION_INCOME_YOY":null,"ACCOUNTS_RECE_TDAYS":3.212674745167,"INVENTORY_TDAYS":1.803742080393,"CURRENT_ASSETS_TDAYS":1.080137136725,"TOTAL_ASSETS_TDAYS":0.516773920769,"PREMIUM_EXPENSE":null,"LOAN_DEPOSIT":null,"LOAN_EQUITY":null,"LOAN_ASSETS":null,"DEPOSIT_EQUITY":null,"DEPOSIT_ASSETS":null,"EQUITY_MULTIPLIER":1.36114392291,"EQUITY_RATIO":0.36114392291},{"SECUCODE":"00157.HK","SECURITY_CODE":"00157","SECURITY_NAME_ABBR":"自然美","ORG_CODE":"10007431","STD_REPORT_DATE":"2020-06-30 00:00:00","REPORT_DATE":"2020-06-30 00:00:00","DATE_TYPE_CODE":"002","REPORT_TYPE":"2020年中报","PER_NETCASH_OPERATE":0.004117116389,"PER_OI":0.071400762487,"BPS":0.252636006944,"BASIC_EPS":-0.002923008,"DILUTED_EPS":null,"OPERATE_INCOME":142951533.12,"OPERATE_INCOME_YOY":-23.617781422,"GROSS_PROFIT":84544352.64,"GROSS_PROFIT_YOY":-26.725121595766,"HOLDER_PROFIT":-5888947.68,"HOLDER_PROFIT_YOY":-138.9546827795,"GROSS_PROFIT_RATIO":59.14196986543,"EPS_TTM":-0.000410854631,"OPERATE_INCOME_QOQ":-9.492792153906,"NET_PROFIT_RATIO":-4.1195414638,"ROE_AVG":-1.149682531049,"GROSS_PROFIT_QOQ":-12.9619043155,"ROA":-0.851214965117,"HOLDER_PROFIT_QOQ":-104.191505694445,"ROE_YEARLY":-2.299365062098,"ROIC_YEARLY":-2.080600266247,"TOTAL_ASSETS":691817533.44,"TOTAL_LIABILITIES":186014748.48,"TAX_EBT":42.478586723769,"OCF_SALES":5.766207874861,"TOTAL_PARENT_EQUITY":505802784.96,"DEBT_ASSET_RATIO":26.887833784,"OPERATE_PROFIT":-9507083.52,"PRETAX_PROFIT":-10237835.52,"NETCASH_OPERATE":8242882.56,"NETCASH_INVEST":-34817592.48,"NETCASH_FINANCE":17143441.92,"END_CASH":109024544.64,"DIVI_RATIO":null,"DIVIDEND_RATE":null,"CURRENT_RATIO":2.101023836186,"COMMON_ACS":4000000000,"CURRENTDEBT_DEBT":79.809665982459,"ISSUED_COMMON_SHARES":2002100932,"HK_COMMON_SHARES":2002100932,"PER_SHARES":10000,"TOTAL_MARKET_CAP":1001050466,"HKSK_MARKET_CAP":1001050466,"PE_TTM":-27.684683370668,"PB_TTM":1.901749418675,"REPORT_DATE_SQ":"2019-06-30 00:00:00","REPORT_TYPE_SQ":"2019年中报","OPERATE_INCOME_SQ":180231778.08,"DPS_HKD":null,"OPERATE_INCOME_QOQ_SQ":5.21693272953,"NET_PROFIT_RATIO_SQ":4.7655304361,"HOLDER_PROFIT_SQ":14558373,"HOLDER_PROFIT_QOQ_SQ":-68.936048960559,"ROE_AVG_SQ":1.757914124347,"PE_TTM_SQ":-103.962038217883,"PB_TTM_SQ":1.757298681829,"ROA_SQ":1.402590425352,"START_DATE":"2020-01-01 00:00:00","FISCAL_YEAR":"12-31","CURRENCY":"HKD","IS_CNY_CODE":0,"DPS_HKD_LY":null,"ORG_TYPE":"一般企业","PREMIUM_INCOME":null,"PREMIUM_INCOME_YOY":null,"NET_INTEREST_INCOME":null,"NET_INTEREST_INCOME_YOY":null,"FEE_COMMISSION_INCOME":null,"FEE_COMMISSION_INCOME_YOY":null,"ACCOUNTS_RECE_TDAYS":1.356705374442,"INVENTORY_TDAYS":0.682575858664,"CURRENT_ASSETS_TDAYS":0.446245289771,"TOTAL_ASSETS_TDAYS":0.206628570825,"PREMIUM_EXPENSE":null,"LOAN_DEPOSIT":null,"LOAN_EQUITY":null,"LOAN_ASSETS":null,"DEPOSIT_EQUITY":null,"DEPOSIT_ASSETS":null,"EQUITY_MULTIPLIER":1.367761416131,"EQUITY_RATIO":0.367761416131}],"count":47},"success":true,"message":"ok","code":0}