{"version":"cbc7aa1241f0ec7d07aa11764a309a88","result":{"pages":5,"data":[{"SECUCODE":"00156.HK","SECURITY_CODE":"00156","SECURITY_NAME_ABBR":"力宝华润","ORG_CODE":"10007430","STD_REPORT_DATE":"2024-06-30 00:00:00","REPORT_DATE":"2024-06-30 00:00:00","DATE_TYPE_CODE":"002","REPORT_TYPE":"2024年中报","PER_NETCASH_OPERATE":0.016902672323,"PER_OI":0.371698844584,"BPS":2.317782171068,"BASIC_EPS":-0.136902,"DILUTED_EPS":-0.136902,"OPERATE_INCOME":341476483.96,"OPERATE_INCOME_YOY":6.7917408777,"GROSS_PROFIT":211281769.28,"GROSS_PROFIT_YOY":16.54007278707,"HOLDER_PROFIT":-125300924.52,"HOLDER_PROFIT_YOY":-132.1188246035,"GROSS_PROFIT_RATIO":61.87300713356,"EPS_TTM":-0.221465289007,"OPERATE_INCOME_QOQ":2.754682276413,"NET_PROFIT_RATIO":-40.3376213093,"ROE_AVG":-5.686246857144,"GROSS_PROFIT_QOQ":7.693091122787,"ROA":-3.530373350823,"HOLDER_PROFIT_QOQ":-53.334969865158,"ROE_YEARLY":-11.372493714289,"ROIC_YEARLY":-8.383318729029,"TOTAL_ASSETS":3469334889.48,"TOTAL_LIABILITIES":1061810999.32,"TAX_EBT":-1.430846881238,"OCF_SALES":4.547410509773,"TOTAL_PARENT_EQUITY":2129326248.64,"DEBT_ASSET_RATIO":30.6056069289,"OPERATE_PROFIT":-121579015.48,"PRETAX_PROFIT":-135800395.24,"NETCASH_OPERATE":15528337.52,"NETCASH_INVEST":-10854503.24,"NETCASH_FINANCE":-11167552.48,"END_CASH":266348317.08,"DIVI_RATIO":null,"DIVIDEND_RATE":null,"CURRENT_RATIO":0.852072914019,"COMMON_ACS":null,"CURRENTDEBT_DEBT":71.70265747177,"ISSUED_COMMON_SHARES":918691271,"HK_COMMON_SHARES":918691271,"PER_SHARES":2000,"TOTAL_MARKET_CAP":716579191.38,"HKSK_MARKET_CAP":716579191.38,"PE_TTM":-3.190994025641,"PB_TTM":0.307142926926,"REPORT_DATE_SQ":"2023-06-30 00:00:00","REPORT_TYPE_SQ":"2023年中报","OPERATE_INCOME_SQ":323017536.96,"DPS_HKD":null,"OPERATE_INCOME_QOQ_SQ":15.560125486095,"NET_PROFIT_RATIO_SQ":-22.5407590081,"HOLDER_PROFIT_SQ":-54531429.08,"HOLDER_PROFIT_QOQ_SQ":23.833730781393,"ROE_AVG_SQ":-2.249858875048,"PE_TTM_SQ":-3.241009922681,"PB_TTM_SQ":0.255929099478,"ROA_SQ":-1.383003225667,"START_DATE":"2024-01-01 00:00:00","FISCAL_YEAR":"12-31","CURRENCY":"HKD","IS_CNY_CODE":0,"DPS_HKD_LY":null,"ORG_TYPE":"一般企业","PREMIUM_INCOME":null,"PREMIUM_INCOME_YOY":null,"NET_INTEREST_INCOME":null,"NET_INTEREST_INCOME_YOY":null,"FEE_COMMISSION_INCOME":null,"FEE_COMMISSION_INCOME_YOY":null,"ACCOUNTS_RECE_TDAYS":2.074618093099,"INVENTORY_TDAYS":5.907974570831,"CURRENT_ASSETS_TDAYS":0.498220958073,"TOTAL_ASSETS_TDAYS":0.096211539023,"PREMIUM_EXPENSE":null,"LOAN_DEPOSIT":null,"LOAN_EQUITY":null,"LOAN_ASSETS":null,"DEPOSIT_EQUITY":null,"DEPOSIT_ASSETS":null,"EQUITY_MULTIPLIER":1.441038613848,"EQUITY_RATIO":0.49866055049},{"SECUCODE":"00156.HK","SECURITY_CODE":"00156","SECURITY_NAME_ABBR":"力宝华润","ORG_CODE":"10007430","STD_REPORT_DATE":"2023-12-31 00:00:00","REPORT_DATE":"2023-12-31 00:00:00","DATE_TYPE_CODE":"001","REPORT_TYPE":"2023年年报","PER_NETCASH_OPERATE":-0.037936917526,"PER_OI":0.729400099372,"BPS":2.461880943919,"BASIC_EPS":-0.1449952,"DILUTED_EPS":-0.1449952,"OPERATE_INCOME":670093504.36,"OPERATE_INCOME_YOY":21.7398319372,"GROSS_PROFIT":389783346.4,"GROSS_PROFIT_YOY":37.885615697659,"HOLDER_PROFIT":-132688732.4,"HOLDER_PROFIT_YOY":47.310086725,"GROSS_PROFIT_RATIO":58.168500942608,"EPS_TTM":-0.144432342604,"OPERATE_INCOME_QOQ":6.87486695871,"NET_PROFIT_RATIO":-24.987084786,"ROE_AVG":-5.665336552022,"GROSS_PROFIT_QOQ":13.578500017459,"ROA":-3.499368514789,"HOLDER_PROFIT_QOQ":29.819623415849,"ROE_YEARLY":-5.665336552022,"ROIC_YEARLY":-4.347760244273,"TOTAL_ASSETS":3603429772.6,"TOTAL_LIABILITIES":1043790539.54,"TAX_EBT":0.643149064315,"OCF_SALES":-5.201112196019,"TOTAL_PARENT_EQUITY":2261708533.42,"DEBT_ASSET_RATIO":28.9665847653,"OPERATE_PROFIT":-117422550.28,"PRETAX_PROFIT":-168520671.2,"NETCASH_OPERATE":-34852314.98,"NETCASH_INVEST":-10117946.3,"NETCASH_FINANCE":-274032772.02,"END_CASH":273319576.88,"DIVI_RATIO":null,"DIVIDEND_RATE":null,"CURRENT_RATIO":1.584253643025,"COMMON_ACS":null,"CURRENTDEBT_DEBT":43.356135185843,"ISSUED_COMMON_SHARES":918691271,"HK_COMMON_SHARES":918691271,"PER_SHARES":2000,"TOTAL_MARKET_CAP":698205365.96,"HKSK_MARKET_CAP":698205365.96,"PE_TTM":-3.109173666009,"PB_TTM":0.299267467262,"REPORT_DATE_SQ":"2022-12-31 00:00:00","REPORT_TYPE_SQ":"2022年年报","OPERATE_INCOME_SQ":542565051.84,"DPS_HKD":null,"OPERATE_INCOME_QOQ_SQ":8.110390794496,"NET_PROFIT_RATIO_SQ":-52.1116511248,"HOLDER_PROFIT_SQ":-248230800.3,"HOLDER_PROFIT_QOQ_SQ":-16.261289636079,"ROE_AVG_SQ":-9.663122524909,"PE_TTM_SQ":-3.736164216424,"PB_TTM_SQ":0.295029378565,"ROA_SQ":-5.914576731784,"START_DATE":"2023-01-01 00:00:00","FISCAL_YEAR":"12-31","CURRENCY":"HKD","IS_CNY_CODE":0,"DPS_HKD_LY":null,"ORG_TYPE":"一般企业","PREMIUM_INCOME":null,"PREMIUM_INCOME_YOY":null,"NET_INTEREST_INCOME":null,"NET_INTEREST_INCOME_YOY":null,"FEE_COMMISSION_INCOME":null,"FEE_COMMISSION_INCOME_YOY":null,"ACCOUNTS_RECE_TDAYS":5.426351014178,"INVENTORY_TDAYS":12.584645429025,"CURRENT_ASSETS_TDAYS":0.782725457329,"TOTAL_ASSETS_TDAYS":0.176722172916,"PREMIUM_EXPENSE":null,"LOAN_DEPOSIT":null,"LOAN_EQUITY":null,"LOAN_ASSETS":null,"DEPOSIT_EQUITY":null,"DEPOSIT_ASSETS":null,"EQUITY_MULTIPLIER":1.407788146883,"EQUITY_RATIO":0.461505328435},{"SECUCODE":"00156.HK","SECURITY_CODE":"00156","SECURITY_NAME_ABBR":"力宝华润","ORG_CODE":"10007430","STD_REPORT_DATE":"2023-06-30 00:00:00","REPORT_DATE":"2023-06-30 00:00:00","DATE_TYPE_CODE":"002","REPORT_TYPE":"2023年中报","PER_NETCASH_OPERATE":0.038034670757,"PER_OI":0.351606189322,"BPS":2.593787112733,"BASIC_EPS":-0.0553188,"DILUTED_EPS":-0.0553188,"OPERATE_INCOME":323017536.96,"OPERATE_INCOME_YOY":25.5764440223,"GROSS_PROFIT":181295381.26,"GROSS_PROFIT_YOY":50.082315119415,"HOLDER_PROFIT":-54531429.08,"HOLDER_PROFIT_YOY":55.5112602109,"GROSS_PROFIT_RATIO":56.125553728821,"EPS_TTM":-0.205801606708,"OPERATE_INCOME_QOQ":15.560125486095,"NET_PROFIT_RATIO":-22.5407590081,"ROE_AVG":-2.249858875048,"GROSS_PROFIT_QOQ":21.401159265586,"ROA":-1.383003225667,"HOLDER_PROFIT_QOQ":23.833730781393,"ROE_YEARLY":-4.499717750095,"ROIC_YEARLY":-3.566378623677,"TOTAL_ASSETS":3836573601.34,"TOTAL_LIABILITIES":1144478667.46,"TAX_EBT":-2.260896589232,"OCF_SALES":10.81740649404,"TOTAL_PARENT_EQUITY":2382889579.3,"DEBT_ASSET_RATIO":29.830749684,"OPERATE_PROFIT":-35587506.02,"PRETAX_PROFIT":-71200827.48,"NETCASH_OPERATE":34942120.02,"NETCASH_INVEST":-298721.52,"NETCASH_FINANCE":-97995410.24,"END_CASH":536212504.24,"DIVI_RATIO":null,"DIVIDEND_RATE":null,"CURRENT_RATIO":1.172452129015,"COMMON_ACS":null,"CURRENTDEBT_DEBT":67.027302233819,"ISSUED_COMMON_SHARES":918691271,"HK_COMMON_SHARES":918691271,"PER_SHARES":2000,"TOTAL_MARKET_CAP":698205365.96,"HKSK_MARKET_CAP":698205365.96,"PE_TTM":-3.109173666009,"PB_TTM":0.299267467262,"REPORT_DATE_SQ":"2022-06-30 00:00:00","REPORT_TYPE_SQ":"2022年中报","OPERATE_INCOME_SQ":238593734.05,"DPS_HKD":null,"OPERATE_INCOME_QOQ_SQ":-5.354048553084,"NET_PROFIT_RATIO_SQ":-46.5327335615,"HOLDER_PROFIT_SQ":-113694089.74,"HOLDER_PROFIT_QOQ_SQ":-636.61513903614,"ROE_AVG_SQ":-4.472439758175,"PE_TTM_SQ":-3.736164216424,"PB_TTM_SQ":0.295029378565,"ROA_SQ":-2.743930818253,"START_DATE":"2023-01-01 00:00:00","FISCAL_YEAR":"12-31","CURRENCY":"HKD","IS_CNY_CODE":0,"DPS_HKD_LY":null,"ORG_TYPE":"一般企业","PREMIUM_INCOME":null,"PREMIUM_INCOME_YOY":null,"NET_INTEREST_INCOME":null,"NET_INTEREST_INCOME_YOY":null,"FEE_COMMISSION_INCOME":null,"FEE_COMMISSION_INCOME_YOY":null,"ACCOUNTS_RECE_TDAYS":null,"INVENTORY_TDAYS":6.334844426128,"CURRENT_ASSETS_TDAYS":0.337890106054,"TOTAL_ASSETS_TDAYS":0.081922352504,"PREMIUM_EXPENSE":null,"LOAN_DEPOSIT":null,"LOAN_EQUITY":null,"LOAN_ASSETS":null,"DEPOSIT_EQUITY":null,"DEPOSIT_ASSETS":null,"EQUITY_MULTIPLIER":1.425125671853,"EQUITY_RATIO":0.48029026498},{"SECUCODE":"00156.HK","SECURITY_CODE":"00156","SECURITY_NAME_ABBR":"力宝华润","ORG_CODE":"10007430","STD_REPORT_DATE":"2022-12-31 00:00:00","REPORT_DATE":"2022-12-31 00:00:00","DATE_TYPE_CODE":"001","REPORT_TYPE":"2022年年报","PER_NETCASH_OPERATE":0.000638820035,"PER_OI":0.05905847466,"BPS":2.599245932739,"BASIC_EPS":-0.267981,"DILUTED_EPS":-0.267981,"OPERATE_INCOME":542565051.84,"OPERATE_INCOME_YOY":-6.3457235944,"GROSS_PROFIT":282686010.74,"GROSS_PROFIT_YOY":4.145629242499,"HOLDER_PROFIT":-248230800.3,"HOLDER_PROFIT_YOY":-671.0264050139,"GROSS_PROFIT_RATIO":52.101772825457,"EPS_TTM":-0.027020045577,"OPERATE_INCOME_QOQ":8.110390794496,"NET_PROFIT_RATIO":-52.1116511248,"ROE_AVG":-9.663122524909,"GROSS_PROFIT_QOQ":10.779226244136,"ROA":-5.914576731784,"HOLDER_PROFIT_QOQ":-16.261289636079,"ROE_YEARLY":-9.663122524909,"ROIC_YEARLY":-7.772240272953,"TOTAL_ASSETS":3923274890.99,"TOTAL_LIABILITIES":1222888416.54,"TAX_EBT":1.08842049343,"OCF_SALES":1.081673779042,"TOTAL_PARENT_EQUITY":2387904549.59,"DEBT_ASSET_RATIO":31.1700926017,"OPERATE_PROFIT":-285456934.28,"PRETAX_PROFIT":-285850866.35,"NETCASH_OPERATE":5868783.9,"NETCASH_INVEST":132896244.25,"NETCASH_FINANCE":-249256274.26,"END_CASH":583091818.47,"DIVI_RATIO":null,"DIVIDEND_RATE":null,"CURRENT_RATIO":1.195816683181,"COMMON_ACS":null,"CURRENTDEBT_DEBT":67.086096294965,"ISSUED_COMMON_SHARES":918691271,"HK_COMMON_SHARES":918691271,"PER_SHARES":2000,"TOTAL_MARKET_CAP":698205365.96,"HKSK_MARKET_CAP":698205365.96,"PE_TTM":-3.109173666009,"PB_TTM":0.299267467262,"REPORT_DATE_SQ":"2021-12-31 00:00:00","REPORT_TYPE_SQ":"2021年年报","OPERATE_INCOME_SQ":530252027.2,"DPS_HKD":null,"OPERATE_INCOME_QOQ_SQ":-14.806020988134,"NET_PROFIT_RATIO_SQ":6.0135965474,"HOLDER_PROFIT_SQ":39788504,"HOLDER_PROFIT_QOQ_SQ":115.04101067928,"ROE_AVG_SQ":1.569358283545,"PE_TTM_SQ":-3.736164216424,"PB_TTM_SQ":0.295029378565,"ROA_SQ":0.949196113884,"START_DATE":"2022-01-01 00:00:00","FISCAL_YEAR":"12-31","CURRENCY":"HKD","IS_CNY_CODE":0,"DPS_HKD_LY":0.008,"ORG_TYPE":"一般企业","PREMIUM_INCOME":null,"PREMIUM_INCOME_YOY":null,"NET_INTEREST_INCOME":null,"NET_INTEREST_INCOME_YOY":null,"FEE_COMMISSION_INCOME":null,"FEE_COMMISSION_INCOME_YOY":null,"ACCOUNTS_RECE_TDAYS":5.469979557101,"INVENTORY_TDAYS":13.256327888274,"CURRENT_ASSETS_TDAYS":0.472248063341,"TOTAL_ASSETS_TDAYS":0.129276569516,"PREMIUM_EXPENSE":null,"LOAN_DEPOSIT":null,"LOAN_EQUITY":null,"LOAN_ASSETS":null,"DEPOSIT_EQUITY":null,"DEPOSIT_ASSETS":null,"EQUITY_MULTIPLIER":1.452856814427,"EQUITY_RATIO":0.512117796647},{"SECUCODE":"00156.HK","SECURITY_CODE":"00156","SECURITY_NAME_ABBR":"力宝华润","ORG_CODE":"10007430","STD_REPORT_DATE":"2022-06-30 00:00:00","REPORT_DATE":"2022-06-30 00:00:00","DATE_TYPE_CODE":"002","REPORT_TYPE":"2022年中报","PER_NETCASH_OPERATE":-0.009481463484,"PER_OI":0.025971046142,"BPS":2.668625876799,"BASIC_EPS":-0.1197266,"DILUTED_EPS":-0.1197266,"OPERATE_INCOME":238593734.05,"OPERATE_INCOME_YOY":-13.0485596657,"GROSS_PROFIT":120797297.88,"GROSS_PROFIT_YOY":-11.859642880708,"HOLDER_PROFIT":-113694089.74,"HOLDER_PROFIT_YOY":-179.2387605123,"GROSS_PROFIT_RATIO":50.628864316565,"EPS_TTM":-0.023240792926,"OPERATE_INCOME_QOQ":-5.354048553084,"NET_PROFIT_RATIO":-46.5327335615,"ROE_AVG":-4.472439758175,"GROSS_PROFIT_QOQ":-5.988123609943,"ROA":-2.743930818253,"HOLDER_PROFIT_QOQ":-636.61513903614,"ROE_YEARLY":-8.94487951635,"ROIC_YEARLY":-7.185383749275,"TOTAL_ASSETS":4006940578.41,"TOTAL_LIABILITIES":1233709066.66,"TAX_EBT":-1.353735654618,"OCF_SALES":-36.507822720837,"TOTAL_PARENT_EQUITY":2451643298.58,"DEBT_ASSET_RATIO":30.789302774,"OPERATE_PROFIT":-115494264.69,"PRETAX_PROFIT":-109541287.1,"NETCASH_OPERATE":-87105377.45,"NETCASH_INVEST":-13589824.29,"NETCASH_FINANCE":-54063401.42,"END_CASH":509858291.67,"DIVI_RATIO":null,"DIVIDEND_RATE":null,"CURRENT_RATIO":1.29438746997,"COMMON_ACS":null,"CURRENTDEBT_DEBT":66.85551367171,"ISSUED_COMMON_SHARES":918691271,"HK_COMMON_SHARES":918691271,"PER_SHARES":2000,"TOTAL_MARKET_CAP":698205365.96,"HKSK_MARKET_CAP":698205365.96,"PE_TTM":-3.109173666009,"PB_TTM":0.299267467262,"REPORT_DATE_SQ":"2021-06-30 00:00:00","REPORT_TYPE_SQ":"2021年中报","OPERATE_INCOME_SQ":266983685.04,"DPS_HKD":null,"OPERATE_INCOME_QOQ_SQ":0,"NET_PROFIT_RATIO_SQ":47.6097275161,"HOLDER_PROFIT_SQ":139605550.32,"HOLDER_PROFIT_QOQ_SQ":0,"ROE_AVG_SQ":5.315659983927,"PE_TTM_SQ":-3.736164216424,"PB_TTM_SQ":0.295029378565,"ROA_SQ":3.282962189552,"START_DATE":"2022-01-01 00:00:00","FISCAL_YEAR":"12-31","CURRENCY":"HKD","IS_CNY_CODE":0,"DPS_HKD_LY":0.008,"ORG_TYPE":"一般企业","PREMIUM_INCOME":null,"PREMIUM_INCOME_YOY":null,"NET_INTEREST_INCOME":null,"NET_INTEREST_INCOME_YOY":null,"FEE_COMMISSION_INCOME":null,"FEE_COMMISSION_INCOME_YOY":null,"ACCOUNTS_RECE_TDAYS":null,"INVENTORY_TDAYS":7.424698145752,"CURRENT_ASSETS_TDAYS":0.204955983261,"TOTAL_ASSETS_TDAYS":0.057583002019,"PREMIUM_EXPENSE":null,"LOAN_DEPOSIT":null,"LOAN_EQUITY":null,"LOAN_ASSETS":null,"DEPOSIT_EQUITY":null,"DEPOSIT_ASSETS":null,"EQUITY_MULTIPLIER":1.44486335217,"EQUITY_RATIO":0.503217196145},{"SECUCODE":"00156.HK","SECURITY_CODE":"00156","SECURITY_NAME_ABBR":"力宝华润","ORG_CODE":"10007430","STD_REPORT_DATE":"2021-12-31 00:00:00","REPORT_DATE":"2021-12-31 00:00:00","DATE_TYPE_CODE":"001","REPORT_TYPE":"2021年年报","PER_NETCASH_OPERATE":0.008464158266,"PER_OI":0.057718195828,"BPS":2.739604547739,"BASIC_EPS":0.00433328,"DILUTED_EPS":0.00433328,"OPERATE_INCOME":530252027.2,"OPERATE_INCOME_YOY":null,"GROSS_PROFIT":271433388.8,"GROSS_PROFIT_YOY":null,"HOLDER_PROFIT":39788504,"HOLDER_PROFIT_YOY":null,"GROSS_PROFIT_RATIO":51.18950515537,"EPS_TTM":0.00433099837,"OPERATE_INCOME_QOQ":-14.806020988134,"NET_PROFIT_RATIO":6.0135965474,"ROE_AVG":1.569358283545,"GROSS_PROFIT_QOQ":-25.798284794719,"ROA":0.949196113884,"HOLDER_PROFIT_QOQ":115.04101067928,"ROE_YEARLY":1.569358283545,"ROIC_YEARLY":1.283658277057,"TOTAL_ASSETS":4091881147.2,"TOTAL_LIABILITIES":1261378563.2,"TAX_EBT":-2.877868636244,"OCF_SALES":14.66462723596,"TOTAL_PARENT_EQUITY":2516850784,"DEBT_ASSET_RATIO":30.8263734411,"OPERATE_PROFIT":14995601.6,"PRETAX_PROFIT":30995216,"NETCASH_OPERATE":77759483.2,"NETCASH_INVEST":-65136556.8,"NETCASH_FINANCE":-187123294.4,"END_CASH":640443249.6,"DIVI_RATIO":null,"DIVIDEND_RATE":null,"CURRENT_RATIO":1.98449258622,"COMMON_ACS":null,"CURRENTDEBT_DEBT":48.147178279238,"ISSUED_COMMON_SHARES":918691271,"HK_COMMON_SHARES":918691271,"PER_SHARES":2000,"TOTAL_MARKET_CAP":698205365.96,"HKSK_MARKET_CAP":698205365.96,"PE_TTM":-3.109173666009,"PB_TTM":0.299267467262,"REPORT_DATE_SQ":"2020-12-31 00:00:00","REPORT_TYPE_SQ":"2020年年报","OPERATE_INCOME_SQ":null,"DPS_HKD":null,"OPERATE_INCOME_QOQ_SQ":0,"NET_PROFIT_RATIO_SQ":null,"HOLDER_PROFIT_SQ":null,"HOLDER_PROFIT_QOQ_SQ":0,"ROE_AVG_SQ":null,"PE_TTM_SQ":-3.736164216424,"PB_TTM_SQ":0.295029378565,"ROA_SQ":null,"START_DATE":"2021-01-01 00:00:00","FISCAL_YEAR":"12-31","CURRENCY":"HKD","IS_CNY_CODE":0,"DPS_HKD_LY":0.0055,"ORG_TYPE":"一般企业","PREMIUM_INCOME":null,"PREMIUM_INCOME_YOY":null,"NET_INTEREST_INCOME":null,"NET_INTEREST_INCOME_YOY":null,"FEE_COMMISSION_INCOME":null,"FEE_COMMISSION_INCOME_YOY":null,"ACCOUNTS_RECE_TDAYS":null,"INVENTORY_TDAYS":18.332117211026,"CURRENT_ASSETS_TDAYS":0.384737498717,"TOTAL_ASSETS_TDAYS":0.126497131834,"PREMIUM_EXPENSE":null,"LOAN_DEPOSIT":null,"LOAN_EQUITY":null,"LOAN_ASSETS":null,"DEPOSIT_EQUITY":null,"DEPOSIT_ASSETS":null,"EQUITY_MULTIPLIER":1.445637665315,"EQUITY_RATIO":0.501173359668},{"SECUCODE":"00156.HK","SECURITY_CODE":"00156","SECURITY_NAME_ABBR":"力宝华润","ORG_CODE":"10007430","STD_REPORT_DATE":"2021-06-30 00:00:00","REPORT_DATE":"2021-06-30 00:00:00","DATE_TYPE_CODE":"002","REPORT_TYPE":"2021年中报","PER_NETCASH_OPERATE":0.003019318866,"PER_OI":0.029061306371,"BPS":2.888417410292,"BASIC_EPS":0.015227064,"DILUTED_EPS":0.015227064,"OPERATE_INCOME":266983685.04,"OPERATE_INCOME_YOY":-1.3306067222,"GROSS_PROFIT":137051064.72,"GROSS_PROFIT_YOY":-13.441753879379,"HOLDER_PROFIT":139605550.32,"HOLDER_PROFIT_YOY":546.1851448023,"GROSS_PROFIT_RATIO":51.333123482608,"EPS_TTM":-0.028794596736,"OPERATE_INCOME_QOQ":0,"NET_PROFIT_RATIO":47.6097275161,"ROE_AVG":5.315659983927,"GROSS_PROFIT_QOQ":0,"ROA":3.282962189552,"HOLDER_PROFIT_QOQ":0,"ROE_YEARLY":10.631319967855,"ROIC_YEARLY":8.726193376989,"TOTAL_ASSETS":4137104256.24,"TOTAL_LIABILITIES":1202592742.8,"TAX_EBT":2.145268430796,"OCF_SALES":10.389480868782,"TOTAL_PARENT_EQUITY":2653563861.84,"DEBT_ASSET_RATIO":29.0684659683,"OPERATE_PROFIT":111514529.52,"PRETAX_PROFIT":129896840.88,"NETCASH_OPERATE":27738218.88,"NETCASH_INVEST":-13346563.2,"NETCASH_FINANCE":-266568477.12,"END_CASH":574065305.28,"DIVI_RATIO":null,"DIVIDEND_RATE":null,"CURRENT_RATIO":2.492884589268,"COMMON_ACS":null,"CURRENTDEBT_DEBT":43.305991551839,"ISSUED_COMMON_SHARES":918691271,"HK_COMMON_SHARES":918691271,"PER_SHARES":2000,"TOTAL_MARKET_CAP":698205365.96,"HKSK_MARKET_CAP":698205365.96,"PE_TTM":-3.109173666009,"PB_TTM":0.299267467262,"REPORT_DATE_SQ":"2020-06-30 00:00:00","REPORT_TYPE_SQ":"2020年中报","OPERATE_INCOME_SQ":285750956.8,"DPS_HKD":null,"OPERATE_INCOME_QOQ_SQ":0,"NET_PROFIT_RATIO_SQ":-17.026968849,"HOLDER_PROFIT_SQ":-33042508.16,"HOLDER_PROFIT_QOQ_SQ":0,"ROE_AVG_SQ":-1.202715617552,"PE_TTM_SQ":-3.736164216424,"PB_TTM_SQ":0.295029378565,"ROA_SQ":-0.747600339694,"START_DATE":"2021-01-01 00:00:00","FISCAL_YEAR":"12-31","CURRENCY":"HKD","IS_CNY_CODE":0,"DPS_HKD_LY":0.0055,"ORG_TYPE":"一般企业","PREMIUM_INCOME":null,"PREMIUM_INCOME_YOY":null,"NET_INTEREST_INCOME":null,"NET_INTEREST_INCOME_YOY":null,"FEE_COMMISSION_INCOME":null,"FEE_COMMISSION_INCOME_YOY":null,"ACCOUNTS_RECE_TDAYS":null,"INVENTORY_TDAYS":9.862876993526,"CURRENT_ASSETS_TDAYS":0.185600559932,"TOTAL_ASSETS_TDAYS":0.06278384643,"PREMIUM_EXPENSE":null,"LOAN_DEPOSIT":null,"LOAN_EQUITY":null,"LOAN_ASSETS":null,"DEPOSIT_EQUITY":null,"DEPOSIT_ASSETS":null,"EQUITY_MULTIPLIER":1.409810197469,"EQUITY_RATIO":0.453199095787},{"SECUCODE":"00156.HK","SECURITY_CODE":"00156","SECURITY_NAME_ABBR":"力宝华润","ORG_CODE":"10007430","STD_REPORT_DATE":"2020-06-30 00:00:00","REPORT_DATE":"2020-09-30 00:00:00","DATE_TYPE_CODE":"002","REPORT_TYPE":"2020年中报","PER_NETCASH_OPERATE":-0.000885615084,"PER_OI":0.031104133198,"BPS":2.954137027824,"BASIC_EPS":-0.003602752,"DILUTED_EPS":-0.003602752,"OPERATE_INCOME":285750956.8,"OPERATE_INCOME_YOY":-34.1164505261,"GROSS_PROFIT":158333920.64,"GROSS_PROFIT_YOY":-49.821751826854,"HOLDER_PROFIT":-33042508.16,"HOLDER_PROFIT_YOY":65.5255558102,"GROSS_PROFIT_RATIO":55.409760447738,"EPS_TTM":-0.035907348823,"OPERATE_INCOME_QOQ":0,"NET_PROFIT_RATIO":-17.026968849,"ROE_AVG":-1.202715617552,"GROSS_PROFIT_QOQ":0,"ROA":-0.747600339694,"HOLDER_PROFIT_QOQ":0,"ROE_YEARLY":-2.405431235103,"ROIC_YEARLY":-2.091208338362,"TOTAL_ASSETS":4487336577.28,"TOTAL_LIABILITIES":1458633021.44,"TAX_EBT":-9.915632754342,"OCF_SALES":-2.847258525785,"TOTAL_PARENT_EQUITY":2713939900.8,"DEBT_ASSET_RATIO":32.5055407884,"OPERATE_PROFIT":-50971911.04,"PRETAX_PROFIT":-44265520,"NETCASH_OPERATE":-8136068.48,"NETCASH_INVEST":-96659200,"NETCASH_FINANCE":139876407.04,"END_CASH":906580696.32,"DIVI_RATIO":null,"DIVIDEND_RATE":null,"CURRENT_RATIO":2.274488782516,"COMMON_ACS":null,"CURRENTDEBT_DEBT":48.83062883746,"ISSUED_COMMON_SHARES":918691271,"HK_COMMON_SHARES":918691271,"PER_SHARES":2000,"TOTAL_MARKET_CAP":698205365.96,"HKSK_MARKET_CAP":698205365.96,"PE_TTM":-3.109173666009,"PB_TTM":0.299267467262,"REPORT_DATE_SQ":"2019-06-30 00:00:00","REPORT_TYPE_SQ":"2019年中报","OPERATE_INCOME_SQ":445216801.83,"DPS_HKD":null,"OPERATE_INCOME_QOQ_SQ":0,"NET_PROFIT_RATIO_SQ":-21.3593255846,"HOLDER_PROFIT_SQ":-98386740.75,"HOLDER_PROFIT_QOQ_SQ":0,"ROE_AVG_SQ":-2.950516397852,"PE_TTM_SQ":-3.736164216424,"PB_TTM_SQ":0.295029378565,"ROA_SQ":-1.706163924851,"START_DATE":"2020-04-01 00:00:00","FISCAL_YEAR":"3-31","CURRENCY":"HKD","IS_CNY_CODE":0,"DPS_HKD_LY":0.005,"ORG_TYPE":"一般企业","PREMIUM_INCOME":null,"PREMIUM_INCOME_YOY":null,"NET_INTEREST_INCOME":null,"NET_INTEREST_INCOME_YOY":null,"FEE_COMMISSION_INCOME":null,"FEE_COMMISSION_INCOME_YOY":null,"ACCOUNTS_RECE_TDAYS":null,"INVENTORY_TDAYS":11.358085614695,"CURRENT_ASSETS_TDAYS":0.177719507693,"TOTAL_ASSETS_TDAYS":0.064652329459,"PREMIUM_EXPENSE":null,"LOAN_DEPOSIT":null,"LOAN_EQUITY":null,"LOAN_ASSETS":null,"DEPOSIT_EQUITY":null,"DEPOSIT_ASSETS":null,"EQUITY_MULTIPLIER":1.481603099989,"EQUITY_RATIO":0.537459588184},{"SECUCODE":"00156.HK","SECURITY_CODE":"00156","SECURITY_NAME_ABBR":"力宝华润","ORG_CODE":"10007430","STD_REPORT_DATE":"2019-12-31 00:00:00","REPORT_DATE":"2020-03-31 00:00:00","DATE_TYPE_CODE":"001","REPORT_TYPE":"2019年年报","PER_NETCASH_OPERATE":-0.010296354077,"PER_OI":0.085107085282,"BPS":3.147308192613,"BASIC_EPS":-0.03590841,"DILUTED_EPS":-0.03590841,"OPERATE_INCOME":781871364,"OPERATE_INCOME_YOY":-65.5628414157,"GROSS_PROFIT":523013758.1,"GROSS_PROFIT_YOY":-43.618355737049,"HOLDER_PROFIT":-329877679.5,"HOLDER_PROFIT_YOY":-361.4868405916,"GROSS_PROFIT_RATIO":66.892558313467,"EPS_TTM":0.006543098518,"OPERATE_INCOME_QOQ":0,"NET_PROFIT_RATIO":-22.017482354,"ROE_AVG":-10.209109516866,"GROSS_PROFIT_QOQ":0,"ROA":-6.100505633888,"HOLDER_PROFIT_QOQ":0,"ROE_YEARLY":-10.209109516866,"ROIC_YEARLY":-10.263188304283,"TOTAL_ASSETS":4525536912.3,"TOTAL_LIABILITIES":1305374865.3,"TAX_EBT":0.305842760839,"OCF_SALES":-12.098116206236,"TOTAL_PARENT_EQUITY":2891404563.7,"DEBT_ASSET_RATIO":28.8446407707,"OPERATE_PROFIT":-93330800.2,"PRETAX_PROFIT":-172676508.2,"NETCASH_OPERATE":-94591706.2,"NETCASH_INVEST":474244106.9,"NETCASH_FINANCE":-1522459934.6,"END_CASH":897059695.6,"DIVI_RATIO":null,"DIVIDEND_RATE":null,"CURRENT_RATIO":1.586021439638,"COMMON_ACS":null,"CURRENTDEBT_DEBT":80.143266214918,"ISSUED_COMMON_SHARES":918691271,"HK_COMMON_SHARES":918691271,"PER_SHARES":2000,"TOTAL_MARKET_CAP":698205365.96,"HKSK_MARKET_CAP":698205365.96,"PE_TTM":-3.109173666009,"PB_TTM":0.299267467262,"REPORT_DATE_SQ":"2018-12-31 00:00:00","REPORT_TYPE_SQ":"2018年年报","OPERATE_INCOME_SQ":2131500068.46,"DPS_HKD":null,"OPERATE_INCOME_QOQ_SQ":0,"NET_PROFIT_RATIO_SQ":19.6572944946,"HOLDER_PROFIT_SQ":-67107485.07,"HOLDER_PROFIT_QOQ_SQ":0,"ROE_AVG_SQ":-1.968031716723,"PE_TTM_SQ":-3.736164216424,"PB_TTM_SQ":0.295029378565,"ROA_SQ":-1.104584527726,"START_DATE":"2019-04-01 00:00:00","FISCAL_YEAR":"3-31","CURRENCY":"HKD","IS_CNY_CODE":0,"DPS_HKD_LY":0.022,"ORG_TYPE":"一般企业","PREMIUM_INCOME":null,"PREMIUM_INCOME_YOY":null,"NET_INTEREST_INCOME":null,"NET_INTEREST_INCOME_YOY":null,"FEE_COMMISSION_INCOME":null,"FEE_COMMISSION_INCOME_YOY":null,"ACCOUNTS_RECE_TDAYS":null,"INVENTORY_TDAYS":26.065599411169,"CURRENT_ASSETS_TDAYS":0.334421862714,"TOTAL_ASSETS_TDAYS":0.144593313142,"PREMIUM_EXPENSE":null,"LOAN_DEPOSIT":null,"LOAN_EQUITY":null,"LOAN_ASSETS":null,"DEPOSIT_EQUITY":null,"DEPOSIT_ASSETS":null,"EQUITY_MULTIPLIER":1.405375520314,"EQUITY_RATIO":0.451467387749}],"count":44},"success":true,"message":"ok","code":0}