{"version":"2819c159c6b286eaefa5c352b574a414","result":{"pages":6,"data":[{"SECUCODE":"00152.HK","SECURITY_CODE":"00152","SECURITY_NAME_ABBR":"深圳国际","ORG_CODE":"10043607","STD_REPORT_DATE":"2024-06-30 00:00:00","REPORT_DATE":"2024-06-30 00:00:00","DATE_TYPE_CODE":"002","REPORT_TYPE":"2024年中报","PER_NETCASH_OPERATE":0.410013027237,"PER_OI":2.503686561587,"BPS":11.405025946471,"BASIC_EPS":0.2464236,"DILUTED_EPS":0.2464236,"OPERATE_INCOME":6032980907.76,"OPERATE_INCOME_YOY":-4.4561384085,"GROSS_PROFIT":1631752278.92,"GROSS_PROFIT_YOY":-22.329746307416,"HOLDER_PROFIT":595701672.6,"HOLDER_PROFIT_YOY":609.1042424901,"GROSS_PROFIT_RATIO":27.047197792739,"EPS_TTM":0.927169960563,"OPERATE_INCOME_QOQ":-1.85879318147,"NET_PROFIT_RATIO":17.6408607206,"ROE_AVG":2.115927179518,"GROSS_PROFIT_QOQ":-6.860773486772,"ROA":0.505648178744,"HOLDER_PROFIT_QOQ":29.642892843491,"ROE_YEARLY":4.231854359036,"ROIC_YEARLY":1.342344288579,"TOTAL_ASSETS":116519274540.96,"TOTAL_LIABILITIES":68240448374.72,"TAX_EBT":15.710924539826,"OCF_SALES":16.376372087788,"TOTAL_PARENT_EQUITY":27481995886.88,"DEBT_ASSET_RATIO":58.5658026482,"OPERATE_PROFIT":1538532056.4,"PRETAX_PROFIT":1262642582.6,"NETCASH_OPERATE":987983401.44,"NETCASH_INVEST":-403968596.24,"NETCASH_FINANCE":-80043861.36,"END_CASH":7281074458.48,"DIVI_RATIO":0.39096176043,"DIVIDEND_RATE":5.625879043601,"CURRENT_RATIO":0.540384591594,"COMMON_ACS":3000000000,"CURRENTDEBT_DEBT":50.486850860615,"ISSUED_COMMON_SHARES":2409639050,"HK_COMMON_SHARES":2409639050,"PER_SHARES":500,"TOTAL_MARKET_CAP":17132533645.5,"HKSK_MARKET_CAP":17132533645.5,"PE_TTM":6.957958961626,"PB_TTM":0.568973260601,"REPORT_DATE_SQ":"2023-06-30 00:00:00","REPORT_TYPE_SQ":"2023年中报","OPERATE_INCOME_SQ":6378699268.42,"DPS_HKD":0.4,"OPERATE_INCOME_QOQ_SQ":-0.173780253345,"NET_PROFIT_RATIO_SQ":9.0530158435,"HOLDER_PROFIT_SQ":84863649.1,"HOLDER_PROFIT_QOQ_SQ":-36.826873624363,"ROE_AVG_SQ":0.303973235164,"PE_TTM_SQ":20.193658369757,"PB_TTM_SQ":0.526578838346,"ROA_SQ":0.070629054998,"START_DATE":"2024-01-01 00:00:00","FISCAL_YEAR":"12-31","CURRENCY":"HKD","IS_CNY_CODE":0,"DPS_HKD_LY":0.4,"ORG_TYPE":"一般企业","PREMIUM_INCOME":null,"PREMIUM_INCOME_YOY":null,"NET_INTEREST_INCOME":null,"NET_INTEREST_INCOME_YOY":null,"FEE_COMMISSION_INCOME":null,"FEE_COMMISSION_INCOME_YOY":null,"ACCOUNTS_RECE_TDAYS":1.466787497634,"INVENTORY_TDAYS":1.006610383362,"CURRENT_ASSETS_TDAYS":0.323692690312,"TOTAL_ASSETS_TDAYS":0.051209623016,"PREMIUM_EXPENSE":null,"LOAN_DEPOSIT":null,"LOAN_EQUITY":null,"LOAN_ASSETS":null,"DEPOSIT_EQUITY":null,"DEPOSIT_ASSETS":null,"EQUITY_MULTIPLIER":2.413465359325,"EQUITY_RATIO":2.483096520923},{"SECUCODE":"00152.HK","SECURITY_CODE":"00152","SECURITY_NAME_ABBR":"深圳国际","ORG_CODE":"10043607","STD_REPORT_DATE":"2023-12-31 00:00:00","REPORT_DATE":"2023-12-31 00:00:00","DATE_TYPE_CODE":"001","REPORT_TYPE":"2023年年报","PER_NETCASH_OPERATE":2.102527559765,"PER_OI":7.771800708607,"BPS":11.877474645557,"BASIC_EPS":0.724976,"DILUTED_EPS":0.7159138,"OPERATE_INCOME":18599076223.56,"OPERATE_INCOME_YOY":32.1617631083,"GROSS_PROFIT":6837702672.22,"GROSS_PROFIT_YOY":84.597622618398,"HOLDER_PROFIT":1723306919.46,"HOLDER_PROFIT_YOY":51.6559682085,"GROSS_PROFIT_RATIO":36.76366820605,"EPS_TTM":0.720100169321,"OPERATE_INCOME_QOQ":34.311157637499,"NET_PROFIT_RATIO":14.1538520307,"ROE_AVG":6.053289452009,"GROSS_PROFIT_QOQ":80.673997315488,"ROA":1.440696122322,"HOLDER_PROFIT_QOQ":143.544333745934,"ROE_YEARLY":6.053289452009,"ROIC_YEARLY":1.933460116348,"TOTAL_ASSETS":118256762945.02,"TOTAL_LIABILITIES":68436719433.6,"TAX_EBT":44.073241153618,"OCF_SALES":27.053287115767,"TOTAL_PARENT_EQUITY":28620426721.32,"DEBT_ASSET_RATIO":57.8712944015,"OPERATE_PROFIT":5866793969.96,"PRETAX_PROFIT":4707023582.38,"NETCASH_OPERATE":5031661491.64,"NETCASH_INVEST":-5865695631.32,"NETCASH_FINANCE":-1861745617.76,"END_CASH":6885274691.12,"DIVI_RATIO":0.503385522519,"DIVIDEND_RATE":5.839416058394,"CURRENT_RATIO":0.486645658665,"COMMON_ACS":3000000000,"CURRENTDEBT_DEBT":55.627245796018,"ISSUED_COMMON_SHARES":2409639050,"HK_COMMON_SHARES":2409639050,"PER_SHARES":500,"TOTAL_MARKET_CAP":16506027492.5,"HKSK_MARKET_CAP":16506027492.5,"PE_TTM":6.703518830822,"PB_TTM":0.54816692477,"REPORT_DATE_SQ":"2022-12-31 00:00:00","REPORT_TYPE_SQ":"2022年年报","OPERATE_INCOME_SQ":13871858704.27,"DPS_HKD":0.4,"OPERATE_INCOME_QOQ_SQ":-10.499317558211,"NET_PROFIT_RATIO_SQ":12.4677665788,"HOLDER_PROFIT_SQ":1120088225.13,"HOLDER_PROFIT_QOQ_SQ":-57.112314942725,"ROE_AVG_SQ":3.576472546547,"PE_TTM_SQ":19.191802450637,"PB_TTM_SQ":0.500453996753,"ROA_SQ":0.975043434226,"START_DATE":"2023-01-01 00:00:00","FISCAL_YEAR":"12-31","CURRENCY":"HKD","IS_CNY_CODE":0,"DPS_HKD_LY":0.257,"ORG_TYPE":"一般企业","PREMIUM_INCOME":null,"PREMIUM_INCOME_YOY":null,"NET_INTEREST_INCOME":null,"NET_INTEREST_INCOME_YOY":null,"FEE_COMMISSION_INCOME":null,"FEE_COMMISSION_INCOME_YOY":null,"ACCOUNTS_RECE_TDAYS":3.793161264353,"INVENTORY_TDAYS":2.336220525876,"CURRENT_ASSETS_TDAYS":0.806110934038,"TOTAL_ASSETS_TDAYS":0.155489522449,"PREMIUM_EXPENSE":null,"LOAN_DEPOSIT":null,"LOAN_EQUITY":null,"LOAN_ASSETS":null,"DEPOSIT_EQUITY":null,"DEPOSIT_ASSETS":null,"EQUITY_MULTIPLIER":2.373678435626,"EQUITY_RATIO":2.391184453676},{"SECUCODE":"00152.HK","SECURITY_CODE":"00152","SECURITY_NAME_ABBR":"深圳国际","ORG_CODE":"10043607","STD_REPORT_DATE":"2023-06-30 00:00:00","REPORT_DATE":"2023-06-30 00:00:00","DATE_TYPE_CODE":"002","REPORT_TYPE":"2023年中报","PER_NETCASH_OPERATE":0.62711659014,"PER_OI":2.665400092909,"BPS":11.215936424262,"BASIC_EPS":0.0368792,"DILUTED_EPS":null,"OPERATE_INCOME":6378699268.42,"OPERATE_INCOME_YOY":-7.5934172815,"GROSS_PROFIT":2100871570.96,"GROSS_PROFIT_YOY":3.981364978853,"HOLDER_PROFIT":84863649.1,"HOLDER_PROFIT_YOY":-84.1731504965,"GROSS_PROFIT_RATIO":32.935736308515,"EPS_TTM":0.29567518909,"OPERATE_INCOME_QOQ":-0.173780253345,"NET_PROFIT_RATIO":9.0530158435,"ROE_AVG":0.303973235164,"GROSS_PROFIT_QOQ":2.171660206343,"ROA":0.070629054998,"HOLDER_PROFIT_QOQ":-36.826873624363,"ROE_YEARLY":0.607946470328,"ROIC_YEARLY":0.189923951959,"TOTAL_ASSETS":117228389703.66,"TOTAL_LIABILITIES":69275983096.58,"TAX_EBT":44.053612262398,"OCF_SALES":23.528047132903,"TOTAL_PARENT_EQUITY":27026358390.22,"DEBT_ASSET_RATIO":59.0948858649,"OPERATE_PROFIT":1949895502,"PRETAX_PROFIT":1032175049.6,"NETCASH_OPERATE":1500783370.34,"NETCASH_INVEST":-1723987352.5,"NETCASH_FINANCE":-2291604339.5,"END_CASH":7098929760.86,"DIVI_RATIO":1.225966916993,"DIVIDEND_RATE":5.839416058394,"CURRENT_RATIO":0.541554428527,"COMMON_ACS":3000000000,"CURRENTDEBT_DEBT":62.23236491561,"ISSUED_COMMON_SHARES":2409639050,"HK_COMMON_SHARES":2409639050,"PER_SHARES":500,"TOTAL_MARKET_CAP":16506027492.5,"HKSK_MARKET_CAP":16506027492.5,"PE_TTM":6.703518830822,"PB_TTM":0.54816692477,"REPORT_DATE_SQ":"2022-06-30 00:00:00","REPORT_TYPE_SQ":"2022年中报","OPERATE_INCOME_SQ":6402805819.62,"DPS_HKD":0.4,"OPERATE_INCOME_QOQ_SQ":2.23805609364,"NET_PROFIT_RATIO_SQ":15.7807174518,"HOLDER_PROFIT_SQ":497357124.25,"HOLDER_PROFIT_QOQ_SQ":-10.339240001091,"ROE_AVG_SQ":1.574233475925,"PE_TTM_SQ":19.191802450637,"PB_TTM_SQ":0.500453996753,"ROA_SQ":0.445963364989,"START_DATE":"2023-01-01 00:00:00","FISCAL_YEAR":"12-31","CURRENCY":"HKD","IS_CNY_CODE":0,"DPS_HKD_LY":0.257,"ORG_TYPE":"一般企业","PREMIUM_INCOME":null,"PREMIUM_INCOME_YOY":null,"NET_INTEREST_INCOME":null,"NET_INTEREST_INCOME_YOY":null,"FEE_COMMISSION_INCOME":null,"FEE_COMMISSION_INCOME_YOY":null,"ACCOUNTS_RECE_TDAYS":1.017654150397,"INVENTORY_TDAYS":0.72481384946,"CURRENT_ASSETS_TDAYS":0.247973015608,"TOTAL_ASSETS_TDAYS":0.053087689043,"PREMIUM_EXPENSE":null,"LOAN_DEPOSIT":null,"LOAN_EQUITY":null,"LOAN_ASSETS":null,"DEPOSIT_EQUITY":null,"DEPOSIT_ASSETS":null,"EQUITY_MULTIPLIER":2.444682092066,"EQUITY_RATIO":2.563274788869},{"SECUCODE":"00152.HK","SECURITY_CODE":"00152","SECURITY_NAME_ABBR":"深圳国际","ORG_CODE":"10043607","STD_REPORT_DATE":"2022-12-31 00:00:00","REPORT_DATE":"2022-12-31 00:00:00","DATE_TYPE_CODE":"001","REPORT_TYPE":"2022年年报","PER_NETCASH_OPERATE":3.790931172633,"PER_OI":5.809450231651,"BPS":11.583801098874,"BASIC_EPS":0.4823658,"DILUTED_EPS":0.4823658,"OPERATE_INCOME":13871858704.27,"OPERATE_INCOME_YOY":-16.2476379207,"GROSS_PROFIT":3704111989.76,"GROSS_PROFIT_YOY":-18.618094283747,"HOLDER_PROFIT":1120088225.13,"HOLDER_PROFIT_YOY":-64.9058175304,"GROSS_PROFIT_RATIO":26.702348032278,"EPS_TTM":0.469086150434,"OPERATE_INCOME_QOQ":-10.499317558211,"NET_PROFIT_RATIO":12.4677665788,"ROE_AVG":3.576472546547,"GROSS_PROFIT_QOQ":-16.127770113188,"ROA":0.975043434226,"HOLDER_PROFIT_QOQ":-57.112314942725,"ROE_YEARLY":3.576472546547,"ROIC_YEARLY":1.334349313364,"TOTAL_ASSETS":119247011654.75,"TOTAL_LIABILITIES":69939245495.77,"TAX_EBT":33.94043384241,"OCF_SALES":65.254559751273,"TOTAL_PARENT_EQUITY":27912779475.28,"DEBT_ASSET_RATIO":58.6507322282,"OPERATE_PROFIT":6327627221.09,"PRETAX_PROFIT":2618108268.02,"NETCASH_OPERATE":9052020326.79,"NETCASH_INVEST":-6999636028.63,"NETCASH_FINANCE":-397322029.65,"END_CASH":9674000654.71,"DIVI_RATIO":0.772753575574,"DIVIDEND_RATE":5.839416058394,"CURRENT_RATIO":0.627299813959,"COMMON_ACS":3000000000,"CURRENTDEBT_DEBT":62.052433726576,"ISSUED_COMMON_SHARES":2409639050,"HK_COMMON_SHARES":2409639050,"PER_SHARES":500,"TOTAL_MARKET_CAP":16506027492.5,"HKSK_MARKET_CAP":16506027492.5,"PE_TTM":6.703518830822,"PB_TTM":0.54816692477,"REPORT_DATE_SQ":"2021-12-31 00:00:00","REPORT_TYPE_SQ":"2021年年报","OPERATE_INCOME_SQ":15159878697.6,"DPS_HKD":0.4,"OPERATE_INCOME_QOQ_SQ":-17.674003082721,"NET_PROFIT_RATIO_SQ":32.8446624153,"HOLDER_PROFIT_SQ":2921293793.6,"HOLDER_PROFIT_QOQ_SQ":11.734327476096,"ROE_AVG_SQ":9.860932567853,"PE_TTM_SQ":19.191802450637,"PB_TTM_SQ":0.500453996753,"ROA_SQ":3.007811811074,"START_DATE":"2022-01-01 00:00:00","FISCAL_YEAR":"12-31","CURRENCY":"HKD","IS_CNY_CODE":0,"DPS_HKD_LY":0.703,"ORG_TYPE":"一般企业","PREMIUM_INCOME":null,"PREMIUM_INCOME_YOY":null,"NET_INTEREST_INCOME":null,"NET_INTEREST_INCOME_YOY":null,"FEE_COMMISSION_INCOME":null,"FEE_COMMISSION_INCOME_YOY":null,"ACCOUNTS_RECE_TDAYS":2.332411366068,"INVENTORY_TDAYS":1.435640162084,"CURRENT_ASSETS_TDAYS":0.540212123681,"TOTAL_ASSETS_TDAYS":0.120755351647,"PREMIUM_EXPENSE":null,"LOAN_DEPOSIT":null,"LOAN_EQUITY":null,"LOAN_ASSETS":null,"DEPOSIT_EQUITY":null,"DEPOSIT_ASSETS":null,"EQUITY_MULTIPLIER":2.418422511177,"EQUITY_RATIO":2.505635297184},{"SECUCODE":"00152.HK","SECURITY_CODE":"00152","SECURITY_NAME_ABBR":"深圳国际","ORG_CODE":"10043607","STD_REPORT_DATE":"2022-06-30 00:00:00","REPORT_DATE":"2022-06-30 00:00:00","DATE_TYPE_CODE":"002","REPORT_TYPE":"2022年中报","PER_NETCASH_OPERATE":1.508031394124,"PER_OI":2.681456216142,"BPS":12.426666504326,"BASIC_EPS":0.2223494,"DILUTED_EPS":0.2223494,"OPERATE_INCOME":6402805819.62,"OPERATE_INCOME_YOY":2.7420060674,"GROSS_PROFIT":2020430844.88,"GROSS_PROFIT_YOY":-6.269472725198,"HOLDER_PROFIT":497357124.25,"HOLDER_PROFIT_YOY":-39.398502195,"GROSS_PROFIT_RATIO":31.555397770909,"EPS_TTM":1.093754885132,"OPERATE_INCOME_QOQ":2.23805609364,"NET_PROFIT_RATIO":15.7807174518,"ROE_AVG":1.574233475925,"GROSS_PROFIT_QOQ":-2.969187982625,"ROA":0.445963364989,"HOLDER_PROFIT_QOQ":-10.339240001091,"ROE_YEARLY":3.14846695185,"ROIC_YEARLY":1.229634453563,"TOTAL_ASSETS":117254773362.23,"TOTAL_LIABILITIES":64976682834.84,"TAX_EBT":23.222604682536,"OCF_SALES":56.23926973134,"TOTAL_PARENT_EQUITY":29943780870.15,"DEBT_ASSET_RATIO":55.414957508,"OPERATE_PROFIT":4282960847.62,"PRETAX_PROFIT":1316023669.73,"NETCASH_OPERATE":3600891235.27,"NETCASH_INVEST":-5554368399.86,"NETCASH_FINANCE":3013002842.43,"END_CASH":9227191376.41,"DIVI_RATIO":0.331416119761,"DIVIDEND_RATE":5.839416058394,"CURRENT_RATIO":0.777603049823,"COMMON_ACS":3000000000,"CURRENTDEBT_DEBT":51.562894104384,"ISSUED_COMMON_SHARES":2409639050,"HK_COMMON_SHARES":2409639050,"PER_SHARES":500,"TOTAL_MARKET_CAP":16506027492.5,"HKSK_MARKET_CAP":16506027492.5,"PE_TTM":6.703518830822,"PB_TTM":0.54816692477,"REPORT_DATE_SQ":"2021-06-30 00:00:00","REPORT_TYPE_SQ":"2021年中报","OPERATE_INCOME_SQ":6063519230.64,"DPS_HKD":0.4,"OPERATE_INCOME_QOQ_SQ":12.475768140147,"NET_PROFIT_RATIO_SQ":25.919727829,"HOLDER_PROFIT_SQ":798523045.68,"HOLDER_PROFIT_QOQ_SQ":-22.698462313241,"ROE_AVG_SQ":2.775277565019,"PE_TTM_SQ":19.191802450637,"PB_TTM_SQ":0.500453996753,"ROA_SQ":0.820905054528,"START_DATE":"2022-01-01 00:00:00","FISCAL_YEAR":"12-31","CURRENCY":"HKD","IS_CNY_CODE":0,"DPS_HKD_LY":0.703,"ORG_TYPE":"一般企业","PREMIUM_INCOME":null,"PREMIUM_INCOME_YOY":null,"NET_INTEREST_INCOME":null,"NET_INTEREST_INCOME_YOY":null,"FEE_COMMISSION_INCOME":null,"FEE_COMMISSION_INCOME_YOY":null,"ACCOUNTS_RECE_TDAYS":0.864172918658,"INVENTORY_TDAYS":0.646741631599,"CURRENT_ASSETS_TDAYS":0.260505327234,"TOTAL_ASSETS_TDAYS":0.057411801087,"PREMIUM_EXPENSE":null,"LOAN_DEPOSIT":null,"LOAN_EQUITY":null,"LOAN_ASSETS":null,"DEPOSIT_EQUITY":null,"DEPOSIT_ASSETS":null,"EQUITY_MULTIPLIER":2.242904669608,"EQUITY_RATIO":2.169955862174},{"SECUCODE":"00152.HK","SECURITY_CODE":"00152","SECURITY_NAME_ABBR":"深圳国际","ORG_CODE":"10043607","STD_REPORT_DATE":"2021-12-31 00:00:00","REPORT_DATE":"2021-12-31 00:00:00","DATE_TYPE_CODE":"001","REPORT_TYPE":"2021年年报","PER_NETCASH_OPERATE":1.324361809002,"PER_OI":6.688040823958,"BPS":12.85003226089,"BASIC_EPS":1.30816,"DILUTED_EPS":1.30816,"OPERATE_INCOME":15159878697.6,"OPERATE_INCOME_YOY":-4.6805668131,"GROSS_PROFIT":4551517880,"GROSS_PROFIT_YOY":-16.315442553489,"HOLDER_PROFIT":2921293793.6,"HOLDER_PROFIT_YOY":-11.0880291093,"GROSS_PROFIT_RATIO":30.023445245116,"EPS_TTM":1.28505110691,"OPERATE_INCOME_QOQ":-17.674003082721,"NET_PROFIT_RATIO":32.8446624153,"ROE_AVG":9.860932567853,"GROSS_PROFIT_QOQ":-35.684113826213,"ROA":3.007811811074,"HOLDER_PROFIT_QOQ":11.734327476096,"ROE_YEARLY":9.860932567853,"ROIC_YEARLY":4.229587452234,"TOTAL_ASSETS":112870724075.2,"TOTAL_LIABILITIES":57541953795.2,"TAX_EBT":30.444109582373,"OCF_SALES":19.801939669051,"TOTAL_PARENT_EQUITY":31782211596.8,"DEBT_ASSET_RATIO":49.0312059701,"OPERATE_PROFIT":7811873664,"PRETAX_PROFIT":7322636540.8,"NETCASH_OPERATE":3670111558.4,"NETCASH_INVEST":-10477910284.8,"NETCASH_FINANCE":6784251846.4,"END_CASH":8200965416,"DIVI_RATIO":0.282080609908,"DIVIDEND_RATE":5.839416058394,"CURRENT_RATIO":0.93253537279,"COMMON_ACS":3000000000,"CURRENTDEBT_DEBT":48.524628802453,"ISSUED_COMMON_SHARES":2409639050,"HK_COMMON_SHARES":2409639050,"PER_SHARES":500,"TOTAL_MARKET_CAP":16506027492.5,"HKSK_MARKET_CAP":16506027492.5,"PE_TTM":6.703518830822,"PB_TTM":0.54816692477,"REPORT_DATE_SQ":"2020-12-31 00:00:00","REPORT_TYPE_SQ":"2020年年报","OPERATE_INCOME_SQ":16371925510.76,"DPS_HKD":0.4,"OPERATE_INCOME_QOQ_SQ":16.409763965128,"NET_PROFIT_RATIO_SQ":31.0430805768,"HOLDER_PROFIT_SQ":3372426230.8,"HOLDER_PROFIT_QOQ_SQ":-32.177229539798,"ROE_AVG_SQ":11.558528519938,"PE_TTM_SQ":19.191802450637,"PB_TTM_SQ":0.500453996753,"ROA_SQ":3.916961533786,"START_DATE":"2021-01-01 00:00:00","FISCAL_YEAR":"12-31","CURRENCY":"HKD","IS_CNY_CODE":0,"DPS_HKD_LY":0.838,"ORG_TYPE":"一般企业","PREMIUM_INCOME":null,"PREMIUM_INCOME_YOY":null,"NET_INTEREST_INCOME":null,"NET_INTEREST_INCOME_YOY":null,"FEE_COMMISSION_INCOME":null,"FEE_COMMISSION_INCOME_YOY":null,"ACCOUNTS_RECE_TDAYS":2.672561353703,"INVENTORY_TDAYS":1.06861755449,"CURRENT_ASSETS_TDAYS":0.561910651728,"TOTAL_ASSETS_TDAYS":0.15654138637,"PREMIUM_EXPENSE":null,"LOAN_DEPOSIT":null,"LOAN_EQUITY":null,"LOAN_ASSETS":null,"DEPOSIT_EQUITY":null,"DEPOSIT_ASSETS":null,"EQUITY_MULTIPLIER":1.961984816461,"EQUITY_RATIO":1.810508171212},{"SECUCODE":"00152.HK","SECURITY_CODE":"00152","SECURITY_NAME_ABBR":"深圳国际","ORG_CODE":"10043607","STD_REPORT_DATE":"2021-06-30 00:00:00","REPORT_DATE":"2021-06-30 00:00:00","DATE_TYPE_CODE":"002","REPORT_TYPE":"2021年中报","PER_NETCASH_OPERATE":1.146869592933,"PER_OI":2.675460585682,"BPS":12.034818293603,"BASIC_EPS":0.3661152,"DILUTED_EPS":0.3577944,"OPERATE_INCOME":6063519230.64,"OPERATE_INCOME_YOY":65.5411950288,"GROSS_PROFIT":2155573966.8,"GROSS_PROFIT_YOY":316.41157629867,"HOLDER_PROFIT":798523045.68,"HOLDER_PROFIT_YOY":-43.9200038757,"GROSS_PROFIT_RATIO":35.549882581513,"EPS_TTM":1.150282174512,"OPERATE_INCOME_QOQ":12.475768140147,"NET_PROFIT_RATIO":25.919727829,"ROE_AVG":2.775277565019,"GROSS_PROFIT_QOQ":30.114910055641,"ROA":0.820905054528,"HOLDER_PROFIT_QOQ":-22.698462313241,"ROE_YEARLY":5.550555130038,"ROIC_YEARLY":2.382308800549,"TOTAL_ASSETS":100591289485.44,"TOTAL_LIABILITIES":51064112226.72,"TAX_EBT":21.449989538111,"OCF_SALES":42.866248864616,"TOTAL_PARENT_EQUITY":28999568119.92,"DEBT_ASSET_RATIO":50.763950326,"OPERATE_PROFIT":1896965999.04,"PRETAX_PROFIT":2055964005.84,"NETCASH_OPERATE":2429745990.96,"NETCASH_INVEST":-1778937947.28,"NETCASH_FINANCE":1443350930.4,"END_CASH":10359311127.84,"DIVI_RATIO":0.315129633434,"DIVIDEND_RATE":5.839416058394,"CURRENT_RATIO":1.061082888054,"COMMON_ACS":3000000000,"CURRENTDEBT_DEBT":62.738614270467,"ISSUED_COMMON_SHARES":2409639050,"HK_COMMON_SHARES":2409639050,"PER_SHARES":500,"TOTAL_MARKET_CAP":16506027492.5,"HKSK_MARKET_CAP":16506027492.5,"PE_TTM":6.703518830822,"PB_TTM":0.54816692477,"REPORT_DATE_SQ":"2020-06-30 00:00:00","REPORT_TYPE_SQ":"2020年中报","OPERATE_INCOME_SQ":4020995763.84,"DPS_HKD":0.4,"OPERATE_INCOME_QOQ_SQ":-6.658541881242,"NET_PROFIT_RATIO_SQ":39.6498120415,"HOLDER_PROFIT_SQ":1564935551.52,"HOLDER_PROFIT_QOQ_SQ":10.563166427306,"ROE_AVG_SQ":5.53884330831,"PE_TTM_SQ":19.191802450637,"PB_TTM_SQ":0.500453996753,"ROA_SQ":1.813533421961,"START_DATE":"2021-01-01 00:00:00","FISCAL_YEAR":"12-31","CURRENCY":"HKD","IS_CNY_CODE":0,"DPS_HKD_LY":0.838,"ORG_TYPE":"一般企业","PREMIUM_INCOME":null,"PREMIUM_INCOME_YOY":null,"NET_INTEREST_INCOME":null,"NET_INTEREST_INCOME_YOY":null,"FEE_COMMISSION_INCOME":null,"FEE_COMMISSION_INCOME_YOY":null,"ACCOUNTS_RECE_TDAYS":0.889081807869,"INVENTORY_TDAYS":0.307237025983,"CURRENT_ASSETS_TDAYS":0.182559117688,"TOTAL_ASSETS_TDAYS":0.062262735816,"PREMIUM_EXPENSE":null,"LOAN_DEPOSIT":null,"LOAN_EQUITY":null,"LOAN_ASSETS":null,"DEPOSIT_EQUITY":null,"DEPOSIT_ASSETS":null,"EQUITY_MULTIPLIER":2.031032153516,"EQUITY_RATIO":1.76085767952},{"SECUCODE":"00152.HK","SECURITY_CODE":"00152","SECURITY_NAME_ABBR":"深圳国际","ORG_CODE":"10043607","STD_REPORT_DATE":"2020-12-31 00:00:00","REPORT_DATE":"2020-12-31 00:00:00","DATE_TYPE_CODE":"001","REPORT_TYPE":"2020年年报","PER_NETCASH_OPERATE":0.242241844692,"PER_OI":7.458766218235,"BPS":12.010588320653,"BASIC_EPS":1.5486176,"DILUTED_EPS":1.5402012,"OPERATE_INCOME":16371925510.76,"OPERATE_INCOME_YOY":15.648228221,"GROSS_PROFIT":5438898189.68,"GROSS_PROFIT_YOY":-9.367674533979,"HOLDER_PROFIT":3372426230.8,"HOLDER_PROFIT_YOY":-20.1893242114,"GROSS_PROFIT_RATIO":33.220882822277,"EPS_TTM":1.536419086884,"OPERATE_INCOME_QOQ":16.409763965128,"NET_PROFIT_RATIO":31.0430805768,"ROE_AVG":11.558528519938,"GROSS_PROFIT_QOQ":11.927246503409,"ROA":3.916961533786,"HOLDER_PROFIT_QOQ":-32.177229539798,"ROE_YEARLY":11.558528519938,"ROIC_YEARLY":5.611849182644,"TOTAL_ASSETS":95262793368.92,"TOTAL_LIABILITIES":46044585040.44,"TAX_EBT":33.718661089134,"OCF_SALES":3.24774684719,"TOTAL_PARENT_EQUITY":28941182630.92,"DEBT_ASSET_RATIO":48.3342797456,"OPERATE_PROFIT":8643508979.24,"PRETAX_PROFIT":7667844542.36,"NETCASH_OPERATE":1720915615.88,"NETCASH_INVEST":-8729472405.56,"NETCASH_FINANCE":4652257680.4,"END_CASH":7636598657.36,"DIVI_RATIO":0.235930419698,"DIVIDEND_RATE":5.839416058394,"CURRENT_RATIO":1.147275619489,"COMMON_ACS":3000000000,"CURRENTDEBT_DEBT":62.103765084744,"ISSUED_COMMON_SHARES":2409639050,"HK_COMMON_SHARES":2409639050,"PER_SHARES":500,"TOTAL_MARKET_CAP":16506027492.5,"HKSK_MARKET_CAP":16506027492.5,"PE_TTM":6.703518830822,"PB_TTM":0.54816692477,"REPORT_DATE_SQ":"2019-12-31 00:00:00","REPORT_TYPE_SQ":"2019年年报","OPERATE_INCOME_SQ":15067311624.28,"DPS_HKD":0.4,"OPERATE_INCOME_QOQ_SQ":41.287590125736,"NET_PROFIT_RATIO_SQ":42.2675577156,"HOLDER_PROFIT_SQ":4497347693.32,"HOLDER_PROFIT_QOQ_SQ":11.596670280178,"ROE_AVG_SQ":15.952359561772,"PE_TTM_SQ":19.191802450637,"PB_TTM_SQ":0.500453996753,"ROA_SQ":5.712577930341,"START_DATE":"2020-01-01 00:00:00","FISCAL_YEAR":"12-31","CURRENCY":"HKD","IS_CNY_CODE":0,"DPS_HKD_LY":0.64,"ORG_TYPE":"一般企业","PREMIUM_INCOME":null,"PREMIUM_INCOME_YOY":null,"NET_INTEREST_INCOME":null,"NET_INTEREST_INCOME_YOY":null,"FEE_COMMISSION_INCOME":null,"FEE_COMMISSION_INCOME_YOY":null,"ACCOUNTS_RECE_TDAYS":3.019665991789,"INVENTORY_TDAYS":1.046189467117,"CURRENT_ASSETS_TDAYS":0.551016779782,"TOTAL_ASSETS_TDAYS":0.190154500264,"PREMIUM_EXPENSE":null,"LOAN_DEPOSIT":null,"LOAN_EQUITY":null,"LOAN_ASSETS":null,"DEPOSIT_EQUITY":null,"DEPOSIT_ASSETS":null,"EQUITY_MULTIPLIER":1.935519325146,"EQUITY_RATIO":1.590971095675},{"SECUCODE":"00152.HK","SECURITY_CODE":"00152","SECURITY_NAME_ABBR":"深圳国际","ORG_CODE":"10043607","STD_REPORT_DATE":"2020-06-30 00:00:00","REPORT_DATE":"2020-06-30 00:00:00","DATE_TYPE_CODE":"002","REPORT_TYPE":"2020年中报","PER_NETCASH_OPERATE":-0.569514062836,"PER_OI":1.832533594659,"BPS":11.086694159011,"BASIC_EPS":0.7216176,"DILUTED_EPS":0.7216176,"OPERATE_INCOME":4020995763.84,"OPERATE_INCOME_YOY":-22.9280382772,"GROSS_PROFIT":517654668.96,"GROSS_PROFIT_YOY":-68.804647888094,"HOLDER_PROFIT":1564935551.52,"HOLDER_PROFIT_YOY":38.2787006314,"GROSS_PROFIT_RATIO":12.873792944901,"EPS_TTM":2.266132305041,"OPERATE_INCOME_QOQ":-6.658541881242,"NET_PROFIT_RATIO":39.6498120415,"ROE_AVG":5.53884330831,"GROSS_PROFIT_QOQ":-19.025681147922,"ROA":1.813533421961,"HOLDER_PROFIT_QOQ":10.563166427306,"ROE_YEARLY":11.07768661662,"ROIC_YEARLY":5.108043001726,"TOTAL_ASSETS":89087753874.24,"TOTAL_LIABILITIES":47444604308.64,"TAX_EBT":36.765900374536,"OCF_SALES":-31.077960289284,"TOTAL_PARENT_EQUITY":26714931180.96,"DEBT_ASSET_RATIO":53.2560337929,"OPERATE_PROFIT":3824221605.6,"PRETAX_PROFIT":2521293529.92,"NETCASH_OPERATE":-950451675.36,"NETCASH_INVEST":-2230114434.24,"NETCASH_FINANCE":2205042333.12,"END_CASH":9928503631.2,"DIVI_RATIO":0.159958886422,"DIVIDEND_RATE":5.839416058394,"CURRENT_RATIO":1.660231011906,"COMMON_ACS":3000000000,"CURRENTDEBT_DEBT":42.193727097508,"ISSUED_COMMON_SHARES":2409639050,"HK_COMMON_SHARES":2409639050,"PER_SHARES":500,"TOTAL_MARKET_CAP":16506027492.5,"HKSK_MARKET_CAP":16506027492.5,"PE_TTM":6.703518830822,"PB_TTM":0.54816692477,"REPORT_DATE_SQ":"2019-06-30 00:00:00","REPORT_TYPE_SQ":"2019年中报","OPERATE_INCOME_SQ":5024259018.72,"DPS_HKD":0.4,"OPERATE_INCOME_QOQ_SQ":5.094767172673,"NET_PROFIT_RATIO_SQ":41.361007579,"HOLDER_PROFIT_SQ":1089873229.86,"HOLDER_PROFIT_QOQ_SQ":9.180830790342,"ROE_AVG_SQ":4.331977446267,"PE_TTM_SQ":19.191802450637,"PB_TTM_SQ":0.500453996753,"ROA_SQ":1.452893336822,"START_DATE":"2020-01-01 00:00:00","FISCAL_YEAR":"12-31","CURRENCY":"HKD","IS_CNY_CODE":0,"DPS_HKD_LY":0.64,"ORG_TYPE":"一般企业","PREMIUM_INCOME":null,"PREMIUM_INCOME_YOY":null,"NET_INTEREST_INCOME":null,"NET_INTEREST_INCOME_YOY":null,"FEE_COMMISSION_INCOME":null,"FEE_COMMISSION_INCOME_YOY":null,"ACCOUNTS_RECE_TDAYS":0.724269356895,"INVENTORY_TDAYS":0.309866320443,"CURRENT_ASSETS_TDAYS":0.129450841643,"TOTAL_ASSETS_TDAYS":0.046597511317,"PREMIUM_EXPENSE":null,"LOAN_DEPOSIT":null,"LOAN_EQUITY":null,"LOAN_ASSETS":null,"DEPOSIT_EQUITY":null,"DEPOSIT_ASSETS":null,"EQUITY_MULTIPLIER":2.139313543848,"EQUITY_RATIO":1.775958320359}],"count":49},"success":true,"message":"ok","code":0}