{"version":"98c1569002046352a267131c7d0ad752","result":{"pages":5,"data":[{"SECUCODE":"00151.HK","SECURITY_CODE":"00151","SECURITY_NAME_ABBR":"中国旺旺","ORG_CODE":"10118580","STD_REPORT_DATE":"2024-06-30 00:00:00","REPORT_DATE":"2024-09-30 00:00:00","DATE_TYPE_CODE":"002","REPORT_TYPE":"2024年中报","PER_NETCASH_OPERATE":0.121382124926,"PER_OI":0.920816755893,"BPS":1.304819468073,"BASIC_EPS":0.1578,"DILUTED_EPS":0.1578,"OPERATE_INCOME":10876637000,"OPERATE_INCOME_YOY":-3.5315958094,"GROSS_PROFIT":5141311000,"GROSS_PROFIT_YOY":0.796382450218,"HOLDER_PROFIT":1863371000,"HOLDER_PROFIT_YOY":7.5697144457,"GROSS_PROFIT_RATIO":47.269307599399,"EPS_TTM":0.337833773726,"OPERATE_INCOME_QOQ":0,"NET_PROFIT_RATIO":17.1222134195,"ROE_AVG":11.731745688765,"GROSS_PROFIT_QOQ":0,"ROA":6.86770489646,"HOLDER_PROFIT_QOQ":0,"ROE_YEARLY":23.46349137753,"ROIC_YEARLY":19.643721401437,"TOTAL_ASSETS":26807669000,"TOTAL_LIABILITIES":11401949000,"TAX_EBT":25.665937557377,"OCF_SALES":13.182006533821,"TOTAL_PARENT_EQUITY":15400877000,"DEBT_ASSET_RATIO":42.5324148847,"OPERATE_PROFIT":2540711000,"PRETAX_PROFIT":2505340000,"NETCASH_OPERATE":1433759000,"NETCASH_INVEST":-724520000,"NETCASH_FINANCE":-1891908000,"END_CASH":3836429000,"DIVI_RATIO":0.690444038284,"DIVIDEND_RATE":5.581344902386,"CURRENT_RATIO":1.108838692492,"COMMON_ACS":30000000000,"CURRENTDEBT_DEBT":97.752471967731,"ISSUED_COMMON_SHARES":11803071135,"HK_COMMON_SHARES":11803071135,"PER_SHARES":1000,"TOTAL_MARKET_CAP":54412157932.35,"HKSK_MARKET_CAP":54412157932.35,"PE_TTM":11.879374604385,"PB_TTM":3.18607439705,"REPORT_DATE_SQ":"2023-06-30 00:00:00","REPORT_TYPE_SQ":"2023年中报","OPERATE_INCOME_SQ":11274818000,"DPS_HKD":0.2573,"OPERATE_INCOME_QOQ_SQ":0,"NET_PROFIT_RATIO_SQ":15.3189701155,"HOLDER_PROFIT_SQ":1732245000,"HOLDER_PROFIT_QOQ_SQ":0,"ROE_AVG_SQ":11.918955273806,"PE_TTM_SQ":13.225150142763,"PB_TTM_SQ":3.345998269568,"ROA_SQ":6.496032795976,"START_DATE":"2024-04-01 00:00:00","FISCAL_YEAR":"3-31","CURRENCY":"HKD","IS_CNY_CODE":0,"DPS_HKD_LY":0.2573,"ORG_TYPE":"一般企业","PREMIUM_INCOME":null,"PREMIUM_INCOME_YOY":null,"NET_INTEREST_INCOME":null,"NET_INTEREST_INCOME_YOY":null,"FEE_COMMISSION_INCOME":null,"FEE_COMMISSION_INCOME_YOY":null,"ACCOUNTS_RECE_TDAYS":12.709788920719,"INVENTORY_TDAYS":2.349991098404,"CURRENT_ASSETS_TDAYS":0.861698379657,"TOTAL_ASSETS_TDAYS":0.400873112128,"PREMIUM_EXPENSE":null,"LOAN_DEPOSIT":null,"LOAN_EQUITY":null,"LOAN_ASSETS":null,"DEPOSIT_EQUITY":null,"DEPOSIT_ASSETS":null,"EQUITY_MULTIPLIER":1.740111400181,"EQUITY_RATIO":0.740344137545},{"SECUCODE":"00151.HK","SECURITY_CODE":"00151","SECURITY_NAME_ABBR":"中国旺旺","ORG_CODE":"10118580","STD_REPORT_DATE":"2023-12-31 00:00:00","REPORT_DATE":"2024-03-31 00:00:00","DATE_TYPE_CODE":"001","REPORT_TYPE":"2023年年报","PER_NETCASH_OPERATE":0.436121226532,"PER_OI":1.996819891257,"BPS":1.386539724519,"BASIC_EPS":0.3365,"DILUTED_EPS":0.3365,"OPERATE_INCOME":23586327000,"OPERATE_INCOME_YOY":2.870297078,"GROSS_PROFIT":10990921000,"GROSS_PROFIT_YOY":9.134052650832,"HOLDER_PROFIT":3990474000,"HOLDER_PROFIT_YOY":18.3560605342,"GROSS_PROFIT_RATIO":46.598696778858,"EPS_TTM":0.29633458084,"OPERATE_INCOME_QOQ":0,"NET_PROFIT_RATIO":16.8876612285,"ROE_AVG":25.730717150484,"GROSS_PROFIT_QOQ":0,"ROA":14.936883722031,"HOLDER_PROFIT_QOQ":0,"ROE_YEARLY":25.730717150484,"ROIC_YEARLY":21.564539268631,"TOTAL_ASSETS":27457068000,"TOTAL_LIABILITIES":11051330000,"TAX_EBT":26.312028174439,"OCF_SALES":21.840789369197,"TOTAL_PARENT_EQUITY":16365427000,"DEBT_ASSET_RATIO":40.2494905865,"OPERATE_PROFIT":5609825000,"PRETAX_PROFIT":5405467000,"NETCASH_OPERATE":5151440000,"NETCASH_INVEST":-2643843000,"NETCASH_FINANCE":-2436093000,"END_CASH":5050000000,"DIVI_RATIO":0.787134982151,"DIVIDEND_RATE":5.630196936543,"CURRENT_RATIO":1.56322178059,"COMMON_ACS":30000000000,"CURRENTDEBT_DEBT":74.589719065488,"ISSUED_COMMON_SHARES":11803071135,"HK_COMMON_SHARES":11803071135,"PER_SHARES":1000,"TOTAL_MARKET_CAP":53940035086.95,"HKSK_MARKET_CAP":53940035086.95,"PE_TTM":11.776299770507,"PB_TTM":3.158429499895,"REPORT_DATE_SQ":"2022-12-31 00:00:00","REPORT_TYPE_SQ":"2022年年报","OPERATE_INCOME_SQ":22928219000,"DPS_HKD":0.2573,"OPERATE_INCOME_QOQ_SQ":0,"NET_PROFIT_RATIO_SQ":14.6662547143,"HOLDER_PROFIT_SQ":3371584000,"HOLDER_PROFIT_QOQ_SQ":0,"ROE_AVG_SQ":21.553743590294,"PE_TTM_SQ":13.015174945872,"PB_TTM_SQ":3.292873984561,"ROA_SQ":12.077591694721,"START_DATE":"2023-04-01 00:00:00","FISCAL_YEAR":"3-31","CURRENCY":"HKD","IS_CNY_CODE":0,"DPS_HKD_LY":0.1645,"ORG_TYPE":"一般企业","PREMIUM_INCOME":null,"PREMIUM_INCOME_YOY":null,"NET_INTEREST_INCOME":null,"NET_INTEREST_INCOME_YOY":null,"FEE_COMMISSION_INCOME":null,"FEE_COMMISSION_INCOME_YOY":null,"ACCOUNTS_RECE_TDAYS":27.976015637695,"INVENTORY_TDAYS":4.533042728894,"CURRENT_ASSETS_TDAYS":1.83610302539,"TOTAL_ASSETS_TDAYS":0.882868109976,"PREMIUM_EXPENSE":null,"LOAN_DEPOSIT":null,"LOAN_EQUITY":null,"LOAN_ASSETS":null,"DEPOSIT_EQUITY":null,"DEPOSIT_ASSETS":null,"EQUITY_MULTIPLIER":1.67362589845,"EQUITY_RATIO":0.675285160601},{"SECUCODE":"00151.HK","SECURITY_CODE":"00151","SECURITY_NAME_ABBR":"中国旺旺","ORG_CODE":"10118580","STD_REPORT_DATE":"2023-06-30 00:00:00","REPORT_DATE":"2023-09-30 00:00:00","DATE_TYPE_CODE":"002","REPORT_TYPE":"2023年中报","PER_NETCASH_OPERATE":0.163837146224,"PER_OI":0.949106198733,"BPS":1.22131670945,"BASIC_EPS":0.1458,"DILUTED_EPS":0.1458,"OPERATE_INCOME":11274818000,"OPERATE_INCOME_YOY":4.0789739078,"GROSS_PROFIT":5100690000,"GROSS_PROFIT_YOY":9.96591948824,"HOLDER_PROFIT":1732245000,"HOLDER_PROFIT_YOY":8.5329819668,"GROSS_PROFIT_RATIO":45.239665952923,"EPS_TTM":0.283817554656,"OPERATE_INCOME_QOQ":0,"NET_PROFIT_RATIO":15.3189701155,"ROE_AVG":11.918955273806,"GROSS_PROFIT_QOQ":0,"ROA":6.496032795976,"HOLDER_PROFIT_QOQ":0,"ROE_YEARLY":23.837910547613,"ROIC_YEARLY":17.863122046544,"TOTAL_ASSETS":27358320000,"TOTAL_LIABILITIES":12902369000,"TAX_EBT":27.027997613773,"OCF_SALES":17.262256472787,"TOTAL_PARENT_EQUITY":14415288000,"DEBT_ASSET_RATIO":47.1606772638,"OPERATE_PROFIT":2475563000,"PRETAX_PROFIT":2366916000,"NETCASH_OPERATE":1946288000,"NETCASH_INVEST":-2270227000,"NETCASH_FINANCE":237590000,"END_CASH":4950255000,"DIVI_RATIO":0.821849498643,"DIVIDEND_RATE":5.630196936543,"CURRENT_RATIO":1.012184231417,"COMMON_ACS":30000000000,"CURRENTDEBT_DEBT":84.229268283987,"ISSUED_COMMON_SHARES":11803071135,"HK_COMMON_SHARES":11803071135,"PER_SHARES":1000,"TOTAL_MARKET_CAP":53940035086.95,"HKSK_MARKET_CAP":53940035086.95,"PE_TTM":11.776299770507,"PB_TTM":3.158429499895,"REPORT_DATE_SQ":"2022-06-30 00:00:00","REPORT_TYPE_SQ":"2022年中报","OPERATE_INCOME_SQ":10832945000,"DPS_HKD":0.2573,"OPERATE_INCOME_QOQ_SQ":0,"NET_PROFIT_RATIO_SQ":14.6781692328,"HOLDER_PROFIT_SQ":1596054000,"HOLDER_PROFIT_QOQ_SQ":0,"ROE_AVG_SQ":10.526568496326,"PE_TTM_SQ":13.015174945872,"PB_TTM_SQ":3.292873984561,"ROA_SQ":5.73766297256,"START_DATE":"2023-04-01 00:00:00","FISCAL_YEAR":"3-31","CURRENCY":"HKD","IS_CNY_CODE":0,"DPS_HKD_LY":0.1645,"ORG_TYPE":"一般企业","PREMIUM_INCOME":null,"PREMIUM_INCOME_YOY":null,"NET_INTEREST_INCOME":null,"NET_INTEREST_INCOME_YOY":null,"FEE_COMMISSION_INCOME":null,"FEE_COMMISSION_INCOME_YOY":null,"ACCOUNTS_RECE_TDAYS":12.895756569936,"INVENTORY_TDAYS":2.098475034392,"CURRENT_ASSETS_TDAYS":0.9472317451,"TOTAL_ASSETS_TDAYS":0.422813098012,"PREMIUM_EXPENSE":null,"LOAN_DEPOSIT":null,"LOAN_EQUITY":null,"LOAN_ASSETS":null,"DEPOSIT_EQUITY":null,"DEPOSIT_ASSETS":null,"EQUITY_MULTIPLIER":1.892529934557,"EQUITY_RATIO":0.895047605015},{"SECUCODE":"00151.HK","SECURITY_CODE":"00151","SECURITY_NAME_ABBR":"中国旺旺","ORG_CODE":"10118580","STD_REPORT_DATE":"2022-12-31 00:00:00","REPORT_DATE":"2023-03-31 00:00:00","DATE_TYPE_CODE":"001","REPORT_TYPE":"2022年年报","PER_NETCASH_OPERATE":0.355047928218,"PER_OI":1.929646404549,"BPS":1.241352596491,"BASIC_EPS":0.2835,"DILUTED_EPS":0.2835,"OPERATE_INCOME":22928219000,"OPERATE_INCOME_YOY":-4.4055734921,"GROSS_PROFIT":10071028000,"GROSS_PROFIT_YOY":-6.293302357762,"HOLDER_PROFIT":3371584000,"HOLDER_PROFIT_YOY":-19.7749041975,"GROSS_PROFIT_RATIO":43.9241617502,"EPS_TTM":0.312079168916,"OPERATE_INCOME_QOQ":0,"NET_PROFIT_RATIO":14.6662547143,"ROE_AVG":21.553743590294,"GROSS_PROFIT_QOQ":0,"ROA":12.077591694721,"HOLDER_PROFIT_QOQ":0,"ROE_YEARLY":21.553743590294,"ROIC_YEARLY":18.45867473138,"TOTAL_ASSETS":25974077000,"TOTAL_LIABILITIES":11270007000,"TAX_EBT":29.649661607339,"OCF_SALES":18.399636709681,"TOTAL_PARENT_EQUITY":14651773000,"DEBT_ASSET_RATIO":43.3894417114,"OPERATE_PROFIT":4846711000,"PRETAX_PROFIT":4779950000,"NETCASH_OPERATE":4218709000,"NETCASH_INVEST":-3153523000,"NETCASH_FINANCE":-7428705000,"END_CASH":5047949000,"DIVI_RATIO":0.747423532977,"DIVIDEND_RATE":5.630196936543,"CURRENT_RATIO":1.459358934078,"COMMON_ACS":30000000000,"CURRENTDEBT_DEBT":77.861344717887,"ISSUED_COMMON_SHARES":11803071135,"HK_COMMON_SHARES":11803071135,"PER_SHARES":1000,"TOTAL_MARKET_CAP":53940035086.95,"HKSK_MARKET_CAP":53940035086.95,"PE_TTM":11.776299770507,"PB_TTM":3.158429499895,"REPORT_DATE_SQ":"2021-12-31 00:00:00","REPORT_TYPE_SQ":"2021年年报","OPERATE_INCOME_SQ":23984891000,"DPS_HKD":0.2573,"OPERATE_INCOME_QOQ_SQ":0,"NET_PROFIT_RATIO_SQ":17.4656370129,"HOLDER_PROFIT_SQ":4202655000,"HOLDER_PROFIT_QOQ_SQ":0,"ROE_AVG_SQ":26.655960699939,"PE_TTM_SQ":13.015174945872,"PB_TTM_SQ":3.292873984561,"ROA_SQ":13.756419923674,"START_DATE":"2022-04-01 00:00:00","FISCAL_YEAR":"3-31","CURRENCY":"HKD","IS_CNY_CODE":0,"DPS_HKD_LY":0.3197,"ORG_TYPE":"一般企业","PREMIUM_INCOME":null,"PREMIUM_INCOME_YOY":null,"NET_INTEREST_INCOME":null,"NET_INTEREST_INCOME_YOY":null,"FEE_COMMISSION_INCOME":null,"FEE_COMMISSION_INCOME_YOY":null,"ACCOUNTS_RECE_TDAYS":24.674229139483,"INVENTORY_TDAYS":4.037880516377,"CURRENT_ASSETS_TDAYS":1.560051827954,"TOTAL_ASSETS_TDAYS":0.821328097918,"PREMIUM_EXPENSE":null,"LOAN_DEPOSIT":null,"LOAN_EQUITY":null,"LOAN_ASSETS":null,"DEPOSIT_EQUITY":null,"DEPOSIT_ASSETS":null,"EQUITY_MULTIPLIER":1.766454933905,"EQUITY_RATIO":0.769190663819},{"SECUCODE":"00151.HK","SECURITY_CODE":"00151","SECURITY_NAME_ABBR":"中国旺旺","ORG_CODE":"10118580","STD_REPORT_DATE":"2022-06-30 00:00:00","REPORT_DATE":"2022-09-30 00:00:00","DATE_TYPE_CODE":"002","REPORT_TYPE":"2022年中报","PER_NETCASH_OPERATE":0.16034820695,"PER_OI":0.910367610976,"BPS":1.159927178563,"BASIC_EPS":0.1341,"DILUTED_EPS":0.1341,"OPERATE_INCOME":10832945000,"OPERATE_INCOME_YOY":-4.8286296053,"GROSS_PROFIT":4638428000,"GROSS_PROFIT_YOY":-12.867452027044,"HOLDER_PROFIT":1596054000,"HOLDER_PROFIT_YOY":-23.6354241177,"GROSS_PROFIT_RATIO":42.817793314745,"EPS_TTM":0.353178290124,"OPERATE_INCOME_QOQ":0,"NET_PROFIT_RATIO":14.6781692328,"ROE_AVG":10.526568496326,"GROSS_PROFIT_QOQ":0,"ROA":5.73766297256,"HOLDER_PROFIT_QOQ":0,"ROE_YEARLY":21.053136992652,"ROIC_YEARLY":17.94602140834,"TOTAL_ASSETS":25776308000,"TOTAL_LIABILITIES":12028499000,"TAX_EBT":26.051276041231,"OCF_SALES":17.613566763239,"TOTAL_PARENT_EQUITY":13690703000,"DEBT_ASSET_RATIO":46.6649413097,"OPERATE_PROFIT":2072092000,"PRETAX_PROFIT":2150244000,"NETCASH_OPERATE":1908068000,"NETCASH_INVEST":-1224548000,"NETCASH_FINANCE":-5717155000,"END_CASH":6301983000,"DIVI_RATIO":0.660446356763,"DIVIDEND_RATE":5.630196936543,"CURRENT_RATIO":1.589280758568,"COMMON_ACS":30000000000,"CURRENTDEBT_DEBT":71.656421969192,"ISSUED_COMMON_SHARES":11803071135,"HK_COMMON_SHARES":11803071135,"PER_SHARES":1000,"TOTAL_MARKET_CAP":53940035086.95,"HKSK_MARKET_CAP":53940035086.95,"PE_TTM":11.776299770507,"PB_TTM":3.158429499895,"REPORT_DATE_SQ":"2021-06-30 00:00:00","REPORT_TYPE_SQ":"2021年中报","OPERATE_INCOME_SQ":11382567000,"DPS_HKD":0.2573,"OPERATE_INCOME_QOQ_SQ":0,"NET_PROFIT_RATIO_SQ":18.3068371133,"HOLDER_PROFIT_SQ":2090045000,"HOLDER_PROFIT_QOQ_SQ":0,"ROE_AVG_SQ":13.842404046637,"PE_TTM_SQ":13.015174945872,"PB_TTM_SQ":3.292873984561,"ROA_SQ":6.841951619769,"START_DATE":"2022-04-01 00:00:00","FISCAL_YEAR":"3-31","CURRENCY":"HKD","IS_CNY_CODE":0,"DPS_HKD_LY":0.3197,"ORG_TYPE":"一般企业","PREMIUM_INCOME":null,"PREMIUM_INCOME_YOY":null,"NET_INTEREST_INCOME":null,"NET_INTEREST_INCOME_YOY":null,"FEE_COMMISSION_INCOME":null,"FEE_COMMISSION_INCOME_YOY":null,"ACCOUNTS_RECE_TDAYS":11.082013247743,"INVENTORY_TDAYS":1.890790764713,"CURRENT_ASSETS_TDAYS":0.715361105659,"TOTAL_ASSETS_TDAYS":0.389434113196,"PREMIUM_EXPENSE":null,"LOAN_DEPOSIT":null,"LOAN_EQUITY":null,"LOAN_ASSETS":null,"DEPOSIT_EQUITY":null,"DEPOSIT_ASSETS":null,"EQUITY_MULTIPLIER":1.874939344881,"EQUITY_RATIO":0.878588849674},{"SECUCODE":"00151.HK","SECURITY_CODE":"00151","SECURITY_NAME_ABBR":"中国旺旺","ORG_CODE":"10118580","STD_REPORT_DATE":"2021-12-31 00:00:00","REPORT_DATE":"2022-03-31 00:00:00","DATE_TYPE_CODE":"001","REPORT_TYPE":"2021年年报","PER_NETCASH_OPERATE":0.32862252651,"PER_OI":2.015616983118,"BPS":1.409259912929,"BASIC_EPS":0.3516,"DILUTED_EPS":0.3516,"OPERATE_INCOME":23984891000,"OPERATE_INCOME_YOY":9.0301612845,"GROSS_PROFIT":10747394000,"GROSS_PROFIT_YOY":1.337699108502,"HOLDER_PROFIT":4202655000,"HOLDER_PROFIT_YOY":1.0785969245,"GROSS_PROFIT_RATIO":44.809017476877,"EPS_TTM":0.360977170798,"OPERATE_INCOME_QOQ":0,"NET_PROFIT_RATIO":17.4656370129,"ROE_AVG":26.655960699939,"GROSS_PROFIT_QOQ":0,"ROA":13.756419923674,"HOLDER_PROFIT_QOQ":0,"ROE_YEARLY":26.655960699939,"ROIC_YEARLY":25.011140780183,"TOTAL_ASSETS":29857981000,"TOTAL_LIABILITIES":13149203000,"TAX_EBT":26.947432705489,"OCF_SALES":16.303818099486,"TOTAL_PARENT_EQUITY":16633595000,"DEBT_ASSET_RATIO":44.0391565659,"OPERATE_PROFIT":5456813000,"PRETAX_PROFIT":5734383000,"NETCASH_OPERATE":3910453000,"NETCASH_INVEST":-3432856000,"NETCASH_FINANCE":-5342439000,"END_CASH":11055819000,"DIVI_RATIO":0.646177470128,"DIVIDEND_RATE":5.630196936543,"CURRENT_RATIO":1.79361861693,"COMMON_ACS":30000000000,"CURRENTDEBT_DEBT":70.335274312823,"ISSUED_COMMON_SHARES":11803071135,"HK_COMMON_SHARES":11803071135,"PER_SHARES":1000,"TOTAL_MARKET_CAP":53940035086.95,"HKSK_MARKET_CAP":53940035086.95,"PE_TTM":11.776299770507,"PB_TTM":3.158429499895,"REPORT_DATE_SQ":"2020-12-31 00:00:00","REPORT_TYPE_SQ":"2020年年报","OPERATE_INCOME_SQ":21998400000,"DPS_HKD":0.2573,"OPERATE_INCOME_QOQ_SQ":0,"NET_PROFIT_RATIO_SQ":18.8544666885,"HOLDER_PROFIT_SQ":4157809000,"HOLDER_PROFIT_QOQ_SQ":0,"ROE_AVG_SQ":27.561023409419,"PE_TTM_SQ":13.015174945872,"PB_TTM_SQ":3.292873984561,"ROA_SQ":13.616979286438,"START_DATE":"2021-04-01 00:00:00","FISCAL_YEAR":"3-31","CURRENCY":"HKD","IS_CNY_CODE":0,"DPS_HKD_LY":0.1783,"ORG_TYPE":"一般企业","PREMIUM_INCOME":null,"PREMIUM_INCOME_YOY":null,"NET_INTEREST_INCOME":null,"NET_INTEREST_INCOME_YOY":null,"FEE_COMMISSION_INCOME":null,"FEE_COMMISSION_INCOME_YOY":null,"ACCOUNTS_RECE_TDAYS":24.924934920528,"INVENTORY_TDAYS":4.600344083226,"CURRENT_ASSETS_TDAYS":1.295784863187,"TOTAL_ASSETS_TDAYS":0.785089978643,"PREMIUM_EXPENSE":null,"LOAN_DEPOSIT":null,"LOAN_EQUITY":null,"LOAN_ASSETS":null,"DEPOSIT_EQUITY":null,"DEPOSIT_ASSETS":null,"EQUITY_MULTIPLIER":1.786963774371,"EQUITY_RATIO":0.790520810444},{"SECUCODE":"00151.HK","SECURITY_CODE":"00151","SECURITY_NAME_ABBR":"中国旺旺","ORG_CODE":"10118580","STD_REPORT_DATE":"2021-06-30 00:00:00","REPORT_DATE":"2021-09-30 00:00:00","DATE_TYPE_CODE":"002","REPORT_TYPE":"2021年中报","PER_NETCASH_OPERATE":0.165178176368,"PER_OI":0.953871191837,"BPS":1.296166042297,"BASIC_EPS":0.1732,"DILUTED_EPS":0.1732,"OPERATE_INCOME":11382567000,"OPERATE_INCOME_YOY":10.5184388723,"GROSS_PROFIT":5323416000,"GROSS_PROFIT_YOY":7.24796984156,"HOLDER_PROFIT":2090045000,"HOLDER_PROFIT_YOY":7.0502602956,"GROSS_PROFIT_RATIO":46.768149926111,"EPS_TTM":0.345756837562,"OPERATE_INCOME_QOQ":0,"NET_PROFIT_RATIO":18.3068371133,"ROE_AVG":13.842404046637,"GROSS_PROFIT_QOQ":0,"ROA":6.841951619769,"HOLDER_PROFIT_QOQ":0,"ROE_YEARLY":27.684808093274,"ROIC_YEARLY":26.913115099925,"TOTAL_ASSETS":29851977000,"TOTAL_LIABILITIES":14470782000,"TAX_EBT":27.704187061202,"OCF_SALES":17.316612324795,"TOTAL_PARENT_EQUITY":15298740000,"DEBT_ASSET_RATIO":48.475121095,"OPERATE_PROFIT":2780637000,"PRETAX_PROFIT":2882308000,"NETCASH_OPERATE":1971075000,"NETCASH_INVEST":-1003149000,"NETCASH_FINANCE":-3366975000,"END_CASH":13677166000,"DIVI_RATIO":0.674622421482,"DIVIDEND_RATE":5.630196936543,"CURRENT_RATIO":2.019271106421,"COMMON_ACS":30000000000,"CURRENTDEBT_DEBT":63.183302740654,"ISSUED_COMMON_SHARES":11803071135,"HK_COMMON_SHARES":11803071135,"PER_SHARES":1000,"TOTAL_MARKET_CAP":53940035086.95,"HKSK_MARKET_CAP":53940035086.95,"PE_TTM":11.776299770507,"PB_TTM":3.158429499895,"REPORT_DATE_SQ":"2020-06-30 00:00:00","REPORT_TYPE_SQ":"2020年中报","OPERATE_INCOME_SQ":10299247000,"DPS_HKD":0.2573,"OPERATE_INCOME_QOQ_SQ":0,"NET_PROFIT_RATIO_SQ":18.9012944344,"HOLDER_PROFIT_SQ":1952396000,"HOLDER_PROFIT_QOQ_SQ":0,"ROE_AVG_SQ":13.405717765943,"PE_TTM_SQ":13.015174945872,"PB_TTM_SQ":3.292873984561,"ROA_SQ":6.550784360229,"START_DATE":"2021-04-01 00:00:00","FISCAL_YEAR":"3-31","CURRENCY":"HKD","IS_CNY_CODE":0,"DPS_HKD_LY":0.1783,"ORG_TYPE":"一般企业","PREMIUM_INCOME":null,"PREMIUM_INCOME_YOY":null,"NET_INTEREST_INCOME":null,"NET_INTEREST_INCOME_YOY":null,"FEE_COMMISSION_INCOME":null,"FEE_COMMISSION_INCOME_YOY":null,"ACCOUNTS_RECE_TDAYS":11.932387553699,"INVENTORY_TDAYS":2.279446648866,"CURRENT_ASSETS_TDAYS":0.585312714815,"TOTAL_ASSETS_TDAYS":0.372618640856,"PREMIUM_EXPENSE":null,"LOAN_DEPOSIT":null,"LOAN_EQUITY":null,"LOAN_ASSETS":null,"DEPOSIT_EQUITY":null,"DEPOSIT_ASSETS":null,"EQUITY_MULTIPLIER":1.940809995582,"EQUITY_RATIO":0.945880641151},{"SECUCODE":"00151.HK","SECURITY_CODE":"00151","SECURITY_NAME_ABBR":"中国旺旺","ORG_CODE":"10118580","STD_REPORT_DATE":"2020-12-31 00:00:00","REPORT_DATE":"2021-03-31 00:00:00","DATE_TYPE_CODE":"001","REPORT_TYPE":"2020年年报","PER_NETCASH_OPERATE":0.448336068557,"PER_OI":1.821171144105,"BPS":1.262296637002,"BASIC_EPS":0.3383,"DILUTED_EPS":0.3383,"OPERATE_INCOME":21998400000,"OPERATE_INCOME_YOY":9.4745630042,"GROSS_PROFIT":10605524000,"GROSS_PROFIT_YOY":9.844524596086,"HOLDER_PROFIT":4157809000,"HOLDER_PROFIT_YOY":13.9370796185,"GROSS_PROFIT_RATIO":48.210433486072,"EPS_TTM":0.327499637586,"OPERATE_INCOME_QOQ":0,"NET_PROFIT_RATIO":18.8544666885,"ROE_AVG":27.561023409419,"GROSS_PROFIT_QOQ":0,"ROA":13.616979286438,"HOLDER_PROFIT_QOQ":0,"ROE_YEARLY":27.561023409419,"ROIC_YEARLY":30.155473912359,"TOTAL_ASSETS":31243018000,"TOTAL_LIABILITIES":16271378000,"TAX_EBT":30.812505150261,"OCF_SALES":24.618008582442,"TOTAL_PARENT_EQUITY":14898977000,"DEBT_ASSET_RATIO":52.0800455321,"OPERATE_PROFIT":5736178000,"PRETAX_PROFIT":5994842000,"NETCASH_OPERATE":5415568000,"NETCASH_INVEST":-2914196000,"NETCASH_FINANCE":-3633944000,"END_CASH":16081070000,"DIVI_RATIO":0.712230757625,"DIVIDEND_RATE":5.630196936543,"CURRENT_RATIO":2.22909126456,"COMMON_ACS":30000000000,"CURRENTDEBT_DEBT":56.331172442801,"ISSUED_COMMON_SHARES":11803071135,"HK_COMMON_SHARES":11803071135,"PER_SHARES":1000,"TOTAL_MARKET_CAP":53940035086.95,"HKSK_MARKET_CAP":53940035086.95,"PE_TTM":11.776299770507,"PB_TTM":3.158429499895,"REPORT_DATE_SQ":"2019-12-31 00:00:00","REPORT_TYPE_SQ":"2019年年报","OPERATE_INCOME_SQ":20094531000,"DPS_HKD":0.2573,"OPERATE_INCOME_QOQ_SQ":0,"NET_PROFIT_RATIO_SQ":18.0956848408,"HOLDER_PROFIT_SQ":3649215000,"HOLDER_PROFIT_QOQ_SQ":0,"ROE_AVG_SQ":23.823850728507,"PE_TTM_SQ":13.015174945872,"PB_TTM_SQ":3.292873984561,"ROA_SQ":12.233079637316,"START_DATE":"2020-04-01 00:00:00","FISCAL_YEAR":"3-31","CURRENCY":"HKD","IS_CNY_CODE":0,"DPS_HKD_LY":0.1356,"ORG_TYPE":"一般企业","PREMIUM_INCOME":null,"PREMIUM_INCOME_YOY":null,"NET_INTEREST_INCOME":null,"NET_INTEREST_INCOME_YOY":null,"FEE_COMMISSION_INCOME":null,"FEE_COMMISSION_INCOME_YOY":null,"ACCOUNTS_RECE_TDAYS":24.902307932641,"INVENTORY_TDAYS":4.319585303165,"CURRENT_ASSETS_TDAYS":1.046606841757,"TOTAL_ASSETS_TDAYS":0.720455790862,"PREMIUM_EXPENSE":null,"LOAN_DEPOSIT":null,"LOAN_EQUITY":null,"LOAN_ASSETS":null,"DEPOSIT_EQUITY":null,"DEPOSIT_ASSETS":null,"EQUITY_MULTIPLIER":2.086813335079,"EQUITY_RATIO":1.092113773986},{"SECUCODE":"00151.HK","SECURITY_CODE":"00151","SECURITY_NAME_ABBR":"中国旺旺","ORG_CODE":"10118580","STD_REPORT_DATE":"2020-06-30 00:00:00","REPORT_DATE":"2020-09-30 00:00:00","DATE_TYPE_CODE":"002","REPORT_TYPE":"2020年中报","PER_NETCASH_OPERATE":0.19258554071,"PER_OI":0.838995149743,"BPS":1.173857874915,"BASIC_EPS":0.1575,"DILUTED_EPS":0.1575,"OPERATE_INCOME":10299247000,"OPERATE_INCOME_YOY":10.6961350574,"GROSS_PROFIT":4963652000,"GROSS_PROFIT_YOY":9.090149857826,"HOLDER_PROFIT":1952396000,"HOLDER_PROFIT_YOY":20.8979059553,"GROSS_PROFIT_RATIO":48.194319448791,"EPS_TTM":0.293931605067,"OPERATE_INCOME_QOQ":0,"NET_PROFIT_RATIO":18.9012944344,"ROE_AVG":13.405717765943,"GROSS_PROFIT_QOQ":0,"ROA":6.550784360229,"HOLDER_PROFIT_QOQ":0,"ROE_YEARLY":26.811435531885,"ROIC_YEARLY":31.422049410968,"TOTAL_ASSETS":29783017000,"TOTAL_LIABILITIES":15851338000,"TAX_EBT":28.002143635407,"OCF_SALES":22.954309183963,"TOTAL_PARENT_EQUITY":13855128000,"DEBT_ASSET_RATIO":53.2227410003,"OPERATE_PROFIT":2534882000,"PRETAX_PROFIT":2703818000,"NETCASH_OPERATE":2364121000,"NETCASH_INVEST":-207392000,"NETCASH_FINANCE":-2031576000,"END_CASH":17339163000,"DIVI_RATIO":0.793570037992,"DIVIDEND_RATE":5.630196936543,"CURRENT_RATIO":1.804199370635,"COMMON_ACS":30000000000,"CURRENTDEBT_DEBT":75.789848150358,"ISSUED_COMMON_SHARES":11803071135,"HK_COMMON_SHARES":11803071135,"PER_SHARES":1000,"TOTAL_MARKET_CAP":53940035086.95,"HKSK_MARKET_CAP":53940035086.95,"PE_TTM":11.776299770507,"PB_TTM":3.158429499895,"REPORT_DATE_SQ":"2019-06-30 00:00:00","REPORT_TYPE_SQ":"2019年中报","OPERATE_INCOME_SQ":9304071000,"DPS_HKD":0.2573,"OPERATE_INCOME_QOQ_SQ":0,"NET_PROFIT_RATIO_SQ":17.2488902976,"HOLDER_PROFIT_SQ":1614913000,"HOLDER_PROFIT_QOQ_SQ":0,"ROE_AVG_SQ":11.047838967328,"PE_TTM_SQ":13.015174945872,"PB_TTM_SQ":3.292873984561,"ROA_SQ":5.456688714059,"START_DATE":"2020-04-01 00:00:00","FISCAL_YEAR":"3-31","CURRENCY":"HKD","IS_CNY_CODE":0,"DPS_HKD_LY":0.1356,"ORG_TYPE":"一般企业","PREMIUM_INCOME":null,"PREMIUM_INCOME_YOY":null,"NET_INTEREST_INCOME":null,"NET_INTEREST_INCOME_YOY":null,"FEE_COMMISSION_INCOME":null,"FEE_COMMISSION_INCOME_YOY":null,"ACCOUNTS_RECE_TDAYS":11.570198606307,"INVENTORY_TDAYS":1.982543302686,"CURRENT_ASSETS_TDAYS":0.475923015626,"TOTAL_ASSETS_TDAYS":0.345565890166,"PREMIUM_EXPENSE":null,"LOAN_DEPOSIT":null,"LOAN_EQUITY":null,"LOAN_ASSETS":null,"DEPOSIT_EQUITY":null,"DEPOSIT_ASSETS":null,"EQUITY_MULTIPLIER":2.137790929576,"EQUITY_RATIO":1.144077340895}],"count":41},"success":true,"message":"ok","code":0}