{"version":"442affc14da9e248e4673ef4220044fd","result":{"pages":6,"data":[{"SECUCODE":"00158.HK","SECURITY_CODE":"00158","SECURITY_NAME_ABBR":"万邦投资","ORG_CODE":"10007432","STD_REPORT_DATE":"2024-12-31 00:00:00","REPORT_DATE":"2024-09-30 00:00:00","DATE_TYPE_CODE":"001","REPORT_TYPE":"2024年年报","PER_NETCASH_OPERATE":3.6483898388,"PER_OI":5.8315512856,"BPS":256.0757873452,"BASIC_EPS":-5.6361875,"DILUTED_EPS":-5.6361875,"OPERATE_INCOME":145788782.14,"OPERATE_INCOME_YOY":2.3889444817,"GROSS_PROFIT":112659722.91,"GROSS_PROFIT_YOY":4.997471262586,"HOLDER_PROFIT":-141001179.03,"HOLDER_PROFIT_YOY":-21.0521426083,"GROSS_PROFIT_RATIO":77.275988766964,"EPS_TTM":-5.6400471612,"OPERATE_INCOME_QOQ":0,"NET_PROFIT_RATIO":-96.7160689322,"ROE_AVG":-2.163447469046,"GROSS_PROFIT_QOQ":0,"ROA":-2.141470126357,"HOLDER_PROFIT_QOQ":0,"ROE_YEARLY":-2.163447469046,"ROIC_YEARLY":-2.220426583998,"TOTAL_ASSETS":6466697313.03,"TOTAL_LIABILITIES":64802629.4,"TAX_EBT":-12.894771043625,"OCF_SALES":62.56293840387,"TOTAL_PARENT_EQUITY":6401894683.63,"DEBT_ASSET_RATIO":1.0020977674,"OPERATE_PROFIT":-124896111.42,"PRETAX_PROFIT":-124896111.42,"NETCASH_OPERATE":91209745.97,"NETCASH_INVEST":-96491.53,"NETCASH_FINANCE":-81161100,"END_CASH":239108716.71,"DIVI_RATIO":-0.577124961364,"DIVIDEND_RATE":6.206896551724,"CURRENT_RATIO":4.172448558728,"COMMON_ACS":null,"CURRENTDEBT_DEBT":91.097968271639,"ISSUED_COMMON_SHARES":25000000,"HK_COMMON_SHARES":25000000,"PER_SHARES":500,"TOTAL_MARKET_CAP":1450000000,"HKSK_MARKET_CAP":1450000000,"PE_TTM":-9.273649404888,"PB_TTM":0.20425132943,"REPORT_DATE_SQ":"2023-12-31 00:00:00","REPORT_TYPE_SQ":"2023年年报","OPERATE_INCOME_SQ":144888271.22,"DPS_HKD":3.6,"OPERATE_INCOME_QOQ_SQ":0,"NET_PROFIT_RATIO_SQ":-81.8048817561,"HOLDER_PROFIT_SQ":-118525678.95,"HOLDER_PROFIT_QOQ_SQ":0,"ROE_AVG_SQ":-1.72838647131,"PE_TTM_SQ":-17.864746641892,"PB_TTM_SQ":0.313717951315,"ROA_SQ":-1.711998089253,"START_DATE":"2023-10-01 00:00:00","FISCAL_YEAR":"9-30","CURRENCY":"HKD","IS_CNY_CODE":0,"DPS_HKD_LY":3.6,"ORG_TYPE":"一般企业","PREMIUM_INCOME":null,"PREMIUM_INCOME_YOY":null,"NET_INTEREST_INCOME":null,"NET_INTEREST_INCOME_YOY":null,"FEE_COMMISSION_INCOME":null,"FEE_COMMISSION_INCOME_YOY":null,"ACCOUNTS_RECE_TDAYS":16.940794299487,"INVENTORY_TDAYS":null,"CURRENT_ASSETS_TDAYS":0.600600355161,"TOTAL_ASSETS_TDAYS":0.022141823484,"PREMIUM_EXPENSE":null,"LOAN_DEPOSIT":null,"LOAN_EQUITY":null,"LOAN_ASSETS":null,"DEPOSIT_EQUITY":null,"DEPOSIT_ASSETS":null,"EQUITY_MULTIPLIER":1.01012241416,"EQUITY_RATIO":0.010122414161},{"SECUCODE":"00158.HK","SECURITY_CODE":"00158","SECURITY_NAME_ABBR":"万邦投资","ORG_CODE":"10007432","STD_REPORT_DATE":"2024-06-30 00:00:00","REPORT_DATE":"2024-03-31 00:00:00","DATE_TYPE_CODE":"002","REPORT_TYPE":"2024年中报","PER_NETCASH_OPERATE":1.385824854,"PER_OI":2.896898656,"BPS":265.817176782,"BASIC_EPS":0.688978,"DILUTED_EPS":0.688978,"OPERATE_INCOME":72422466.4,"OPERATE_INCOME_YOY":2.8305165467,"GROSS_PROFIT":55901499.2,"GROSS_PROFIT_YOY":18.520213542196,"HOLDER_PROFIT":17189094.55,"HOLDER_PROFIT_YOY":3793.4291581109,"GROSS_PROFIT_RATIO":77.188063288604,"EPS_TTM":-4.0705163628,"OPERATE_INCOME_QOQ":0,"NET_PROFIT_RATIO":23.7344782696,"ROE_AVG":0.258222333774,"GROSS_PROFIT_QOQ":0,"ROA":0.255802039091,"HOLDER_PROFIT_QOQ":0,"ROE_YEARLY":0.516444667547,"ROIC_YEARLY":0.529333872224,"TOTAL_ASSETS":6702060691.5,"TOTAL_LIABILITIES":56631271.95,"TAX_EBT":31.763054665851,"OCF_SALES":47.838223512918,"TOTAL_PARENT_EQUITY":6645429419.55,"DEBT_ASSET_RATIO":0.844982977,"OPERATE_PROFIT":25190304.85,"PRETAX_PROFIT":25190304.85,"NETCASH_OPERATE":34645621.35,"NETCASH_INVEST":-4437562.25,"NETCASH_FINANCE":-40794750,"END_CASH":219779449.25,"DIVI_RATIO":-1.205435763591,"DIVIDEND_RATE":8.940397350993,"CURRENT_RATIO":5.480247021724,"COMMON_ACS":null,"CURRENTDEBT_DEBT":73.098656933839,"ISSUED_COMMON_SHARES":25000000,"HK_COMMON_SHARES":25000000,"PER_SHARES":500,"TOTAL_MARKET_CAP":1510000000,"HKSK_MARKET_CAP":1510000000,"PE_TTM":-9.657386621642,"PB_TTM":0.212703108578,"REPORT_DATE_SQ":"2023-06-30 00:00:00","REPORT_TYPE_SQ":"2023年中报","OPERATE_INCOME_SQ":68009727.49,"DPS_HKD":5.4,"OPERATE_INCOME_QOQ_SQ":0,"NET_PROFIT_RATIO_SQ":0.6268583712,"HOLDER_PROFIT_SQ":426324.67,"HOLDER_PROFIT_QOQ_SQ":0,"ROE_AVG_SQ":0.006431554394,"PE_TTM_SQ":-18.580884914644,"PB_TTM_SQ":0.326293860523,"ROA_SQ":0.00637441939,"START_DATE":"2023-10-01 00:00:00","FISCAL_YEAR":"9-30","CURRENCY":"HKD","IS_CNY_CODE":0,"DPS_HKD_LY":3.6,"ORG_TYPE":"一般企业","PREMIUM_INCOME":null,"PREMIUM_INCOME_YOY":null,"NET_INTEREST_INCOME":null,"NET_INTEREST_INCOME_YOY":null,"FEE_COMMISSION_INCOME":null,"FEE_COMMISSION_INCOME_YOY":null,"ACCOUNTS_RECE_TDAYS":8.449732931408,"INVENTORY_TDAYS":null,"CURRENT_ASSETS_TDAYS":0.309969599792,"TOTAL_ASSETS_TDAYS":0.010777655872,"PREMIUM_EXPENSE":null,"LOAN_DEPOSIT":null,"LOAN_EQUITY":null,"LOAN_ASSETS":null,"DEPOSIT_EQUITY":null,"DEPOSIT_ASSETS":null,"EQUITY_MULTIPLIER":1.008521837849,"EQUITY_RATIO":0.008521837849},{"SECUCODE":"00158.HK","SECURITY_CODE":"00158","SECURITY_NAME_ABBR":"万邦投资","ORG_CODE":"10007432","STD_REPORT_DATE":"2023-12-31 00:00:00","REPORT_DATE":"2023-09-30 00:00:00","DATE_TYPE_CODE":"001","REPORT_TYPE":"2023年年报","PER_NETCASH_OPERATE":3.7528497636,"PER_OI":5.7955308488,"BPS":269.9789688316,"BASIC_EPS":-4.7441471,"DILUTED_EPS":-4.7441471,"OPERATE_INCOME":144888271.22,"OPERATE_INCOME_YOY":-0.5122647394,"GROSS_PROFIT":107297558.27,"GROSS_PROFIT_YOY":-3.430840377893,"HOLDER_PROFIT":-118525678.95,"HOLDER_PROFIT_YOY":-1.3933589764,"GROSS_PROFIT_RATIO":74.055378925102,"EPS_TTM":-4.741027158,"OPERATE_INCOME_QOQ":0,"NET_PROFIT_RATIO":-81.8048817561,"ROE_AVG":-1.72838647131,"GROSS_PROFIT_QOQ":0,"ROA":-1.711998089253,"HOLDER_PROFIT_QOQ":0,"ROE_YEARLY":-1.72838647131,"ROIC_YEARLY":-1.770493879586,"TOTAL_ASSETS":6819656398.45,"TOTAL_LIABILITIES":70182177.66,"TAX_EBT":-14.562822627854,"OCF_SALES":64.754202186277,"TOTAL_PARENT_EQUITY":6749474220.79,"DEBT_ASSET_RATIO":1.0291160369,"OPERATE_PROFIT":-103459111.98,"PRETAX_PROFIT":-103459111.98,"NETCASH_OPERATE":93821244.09,"NETCASH_INVEST":-2348215.17,"NETCASH_FINANCE":-82586700,"END_CASH":233181712.19,"DIVI_RATIO":-1.034954206436,"DIVIDEND_RATE":8.940397350993,"CURRENT_RATIO":4.521627197245,"COMMON_ACS":null,"CURRENTDEBT_DEBT":76.68863261944,"ISSUED_COMMON_SHARES":25000000,"HK_COMMON_SHARES":25000000,"PER_SHARES":500,"TOTAL_MARKET_CAP":1510000000,"HKSK_MARKET_CAP":1510000000,"PE_TTM":-9.657386621642,"PB_TTM":0.212703108578,"REPORT_DATE_SQ":"2022-12-31 00:00:00","REPORT_TYPE_SQ":"2022年年报","OPERATE_INCOME_SQ":143540959.08,"DPS_HKD":5.4,"OPERATE_INCOME_QOQ_SQ":0,"NET_PROFIT_RATIO_SQ":-80.2674110153,"HOLDER_PROFIT_SQ":-115216611.6,"HOLDER_PROFIT_QOQ_SQ":0,"ROE_AVG_SQ":-1.65350175627,"PE_TTM_SQ":-18.580884914644,"PB_TTM_SQ":0.326293860523,"ROA_SQ":-1.63858757327,"START_DATE":"2022-10-01 00:00:00","FISCAL_YEAR":"9-30","CURRENCY":"HKD","IS_CNY_CODE":0,"DPS_HKD_LY":3.6,"ORG_TYPE":"一般企业","PREMIUM_INCOME":null,"PREMIUM_INCOME_YOY":null,"NET_INTEREST_INCOME":null,"NET_INTEREST_INCOME_YOY":null,"FEE_COMMISSION_INCOME":null,"FEE_COMMISSION_INCOME_YOY":null,"ACCOUNTS_RECE_TDAYS":14.232377861907,"INVENTORY_TDAYS":null,"CURRENT_ASSETS_TDAYS":0.608356258332,"TOTAL_ASSETS_TDAYS":0.020927823041,"PREMIUM_EXPENSE":null,"LOAN_DEPOSIT":null,"LOAN_EQUITY":null,"LOAN_ASSETS":null,"DEPOSIT_EQUITY":null,"DEPOSIT_ASSETS":null,"EQUITY_MULTIPLIER":1.0103981696,"EQUITY_RATIO":0.0103981696},{"SECUCODE":"00158.HK","SECURITY_CODE":"00158","SECURITY_NAME_ABBR":"万邦投资","ORG_CODE":"10007432","STD_REPORT_DATE":"2023-06-30 00:00:00","REPORT_DATE":"2023-03-31 00:00:00","DATE_TYPE_CODE":"002","REPORT_TYPE":"2023年中报","PER_NETCASH_OPERATE":1.467537324,"PER_OI":2.7203890996,"BPS":264.4826159548,"BASIC_EPS":0.0175082,"DILUTED_EPS":0.0175082,"OPERATE_INCOME":68009727.49,"OPERATE_INCOME_YOY":-2.9736480579,"GROSS_PROFIT":47166215.39,"GROSS_PROFIT_YOY":-7.13985802361,"HOLDER_PROFIT":426324.67,"HOLDER_PROFIT_YOY":-98.4561737201,"GROSS_PROFIT_RATIO":69.352160537528,"EPS_TTM":-5.6149438952,"OPERATE_INCOME_QOQ":0,"NET_PROFIT_RATIO":0.6268583712,"ROE_AVG":0.006431554394,"GROSS_PROFIT_QOQ":0,"ROA":0.00637441939,"HOLDER_PROFIT_QOQ":0,"ROE_YEARLY":0.012863108789,"ROIC_YEARLY":0.013166684206,"TOTAL_ASSETS":6672595623.32,"TOTAL_LIABILITIES":60530224.45,"TAX_EBT":93.733110281817,"OCF_SALES":53.945861061412,"TOTAL_PARENT_EQUITY":6612065398.87,"DEBT_ASSET_RATIO":0.9071466018,"OPERATE_PROFIT":6802811.11,"PRETAX_PROFIT":6802811.11,"NETCASH_OPERATE":36688433.1,"NETCASH_INVEST":-754603.42,"NETCASH_FINANCE":-39393450,"END_CASH":210515970.57,"DIVI_RATIO":-0.873872667578,"DIVIDEND_RATE":8.940397350993,"CURRENT_RATIO":5.194498855647,"COMMON_ACS":null,"CURRENTDEBT_DEBT":70.141008026611,"ISSUED_COMMON_SHARES":25000000,"HK_COMMON_SHARES":25000000,"PER_SHARES":500,"TOTAL_MARKET_CAP":1510000000,"HKSK_MARKET_CAP":1510000000,"PE_TTM":-9.657386621642,"PB_TTM":0.212703108578,"REPORT_DATE_SQ":"2022-06-30 00:00:00","REPORT_TYPE_SQ":"2022年中报","OPERATE_INCOME_SQ":64937570.7,"DPS_HKD":5.4,"OPERATE_INCOME_QOQ_SQ":0,"NET_PROFIT_RATIO_SQ":39.3967778194,"HOLDER_PROFIT_SQ":25583310.45,"HOLDER_PROFIT_QOQ_SQ":0,"ROE_AVG_SQ":0.403694666828,"PE_TTM_SQ":-18.580884914644,"PB_TTM_SQ":0.326293860523,"ROA_SQ":0.400332703191,"START_DATE":"2022-10-01 00:00:00","FISCAL_YEAR":"9-30","CURRENCY":"HKD","IS_CNY_CODE":0,"DPS_HKD_LY":3.6,"ORG_TYPE":"一般企业","PREMIUM_INCOME":null,"PREMIUM_INCOME_YOY":null,"NET_INTEREST_INCOME":null,"NET_INTEREST_INCOME_YOY":null,"FEE_COMMISSION_INCOME":null,"FEE_COMMISSION_INCOME_YOY":null,"ACCOUNTS_RECE_TDAYS":null,"INVENTORY_TDAYS":null,"CURRENT_ASSETS_TDAYS":0.307189529562,"TOTAL_ASSETS_TDAYS":0.010168835071,"PREMIUM_EXPENSE":null,"LOAN_DEPOSIT":null,"LOAN_EQUITY":null,"LOAN_ASSETS":null,"DEPOSIT_EQUITY":null,"DEPOSIT_ASSETS":null,"EQUITY_MULTIPLIER":1.009154510852,"EQUITY_RATIO":0.009154510852},{"SECUCODE":"00158.HK","SECURITY_CODE":"00158","SECURITY_NAME_ABBR":"万邦投资","ORG_CODE":"10007432","STD_REPORT_DATE":"2022-12-31 00:00:00","REPORT_DATE":"2022-09-30 00:00:00","DATE_TYPE_CODE":"001","REPORT_TYPE":"2022年年报","PER_NETCASH_OPERATE":3.0533170848,"PER_OI":5.7416383632,"BPS":274.6233295152,"BASIC_EPS":-4.612644,"DILUTED_EPS":-4.612644,"OPERATE_INCOME":143540959.08,"OPERATE_INCOME_YOY":-1.0696720545,"GROSS_PROFIT":111109549.56,"GROSS_PROFIT_YOY":19.727472005804,"HOLDER_PROFIT":-115216611.6,"HOLDER_PROFIT_YOY":-290.5239070936,"GROSS_PROFIT_RATIO":77.406163559263,"EPS_TTM":-4.608664464,"OPERATE_INCOME_QOQ":0,"NET_PROFIT_RATIO":-80.2674110153,"ROE_AVG":-1.65350175627,"GROSS_PROFIT_QOQ":0,"ROA":-1.63858757327,"HOLDER_PROFIT_QOQ":0,"ROE_YEARLY":-1.65350175627,"ROIC_YEARLY":-1.692416039146,"TOTAL_ASSETS":6925813515.24,"TOTAL_LIABILITIES":60230277.36,"TAX_EBT":-16.568908247394,"OCF_SALES":53.178498742967,"TOTAL_PARENT_EQUITY":6865583237.88,"DEBT_ASSET_RATIO":0.8696491355,"OPERATE_PROFIT":-98839916.52,"PRETAX_PROFIT":-98839916.52,"NETCASH_OPERATE":76332927.12,"NETCASH_INVEST":-71450.76,"NETCASH_FINANCE":-81399600,"END_CASH":221071364.76,"DIVI_RATIO":-1.064678506827,"DIVIDEND_RATE":8.940397350993,"CURRENT_RATIO":5.136507101526,"COMMON_ACS":null,"CURRENTDEBT_DEBT":74.219899690663,"ISSUED_COMMON_SHARES":25000000,"HK_COMMON_SHARES":25000000,"PER_SHARES":500,"TOTAL_MARKET_CAP":1510000000,"HKSK_MARKET_CAP":1510000000,"PE_TTM":-9.657386621642,"PB_TTM":0.212703108578,"REPORT_DATE_SQ":"2021-12-31 00:00:00","REPORT_TYPE_SQ":"2021年年报","OPERATE_INCOME_SQ":133641984.38,"DPS_HKD":5.4,"OPERATE_INCOME_QOQ_SQ":0,"NET_PROFIT_RATIO_SQ":41.6791856529,"HOLDER_PROFIT_SQ":55700890.78,"HOLDER_PROFIT_QOQ_SQ":0,"ROE_AVG_SQ":0.853322259104,"PE_TTM_SQ":-18.580884914644,"PB_TTM_SQ":0.326293860523,"ROA_SQ":0.844616113873,"START_DATE":"2021-10-01 00:00:00","FISCAL_YEAR":"9-30","CURRENCY":"HKD","IS_CNY_CODE":0,"DPS_HKD_LY":3.6,"ORG_TYPE":"一般企业","PREMIUM_INCOME":null,"PREMIUM_INCOME_YOY":null,"NET_INTEREST_INCOME":null,"NET_INTEREST_INCOME_YOY":null,"FEE_COMMISSION_INCOME":null,"FEE_COMMISSION_INCOME_YOY":null,"ACCOUNTS_RECE_TDAYS":null,"INVENTORY_TDAYS":null,"CURRENT_ASSETS_TDAYS":0.618624974664,"TOTAL_ASSETS_TDAYS":0.0204141077,"PREMIUM_EXPENSE":null,"LOAN_DEPOSIT":null,"LOAN_EQUITY":null,"LOAN_ASSETS":null,"DEPOSIT_EQUITY":null,"DEPOSIT_ASSETS":null,"EQUITY_MULTIPLIER":1.008772783793,"EQUITY_RATIO":0.008772783793},{"SECUCODE":"00158.HK","SECURITY_CODE":"00158","SECURITY_NAME_ABBR":"万邦投资","ORG_CODE":"10007432","STD_REPORT_DATE":"2022-06-30 00:00:00","REPORT_DATE":"2022-03-31 00:00:00","DATE_TYPE_CODE":"002","REPORT_TYPE":"2022年中报","PER_NETCASH_OPERATE":0.9883616668,"PER_OI":2.597502828,"BPS":253.3794424056,"BASIC_EPS":1.0218726,"DILUTED_EPS":1.0218726,"OPERATE_INCOME":64937570.7,"OPERATE_INCOME_YOY":-6.1665026016,"GROSS_PROFIT":50792745.29,"GROSS_PROFIT_YOY":-1.895334452312,"HOLDER_PROFIT":25583310.45,"HOLDER_PROFIT_YOY":136.9738739056,"GROSS_PROFIT_RATIO":78.21780941676,"EPS_TTM":6.1356969316,"OPERATE_INCOME_QOQ":0,"NET_PROFIT_RATIO":39.3967778194,"ROE_AVG":0.403694666828,"GROSS_PROFIT_QOQ":0,"ROA":0.400332703191,"HOLDER_PROFIT_QOQ":0,"ROE_YEARLY":0.807389333656,"ROIC_YEARLY":0.826125684633,"TOTAL_ASSETS":6381193748.06,"TOTAL_LIABILITIES":46707687.92,"TAX_EBT":22.014833127318,"OCF_SALES":38.05045585113,"TOTAL_PARENT_EQUITY":6334486060.14,"DEBT_ASSET_RATIO":0.7319584668,"OPERATE_PROFIT":32805354.5,"PRETAX_PROFIT":32805354.5,"NETCASH_OPERATE":24709041.67,"NETCASH_INVEST":null,"NETCASH_FINANCE":-36495450,"END_CASH":191055302.77,"DIVI_RATIO":0.799704753136,"DIVIDEND_RATE":8.940397350993,"CURRENT_RATIO":6.090206442605,"COMMON_ACS":null,"CURRENTDEBT_DEBT":69.641616891235,"ISSUED_COMMON_SHARES":25000000,"HK_COMMON_SHARES":25000000,"PER_SHARES":500,"TOTAL_MARKET_CAP":1510000000,"HKSK_MARKET_CAP":1510000000,"PE_TTM":-9.657386621642,"PB_TTM":0.212703108578,"REPORT_DATE_SQ":"2021-06-30 00:00:00","REPORT_TYPE_SQ":"2021年中报","OPERATE_INCOME_SQ":72120899.76,"DPS_HKD":5.4,"OPERATE_INCOME_QOQ_SQ":0,"NET_PROFIT_RATIO_SQ":-99.9824216003,"HOLDER_PROFIT_SQ":-72108222.06,"HOLDER_PROFIT_QOQ_SQ":0,"ROE_AVG_SQ":-1.097179902872,"PE_TTM_SQ":-18.580884914644,"PB_TTM_SQ":0.326293860523,"ROA_SQ":-1.086527401524,"START_DATE":"2021-10-01 00:00:00","FISCAL_YEAR":"9-30","CURRENCY":"HKD","IS_CNY_CODE":0,"DPS_HKD_LY":3.6,"ORG_TYPE":"一般企业","PREMIUM_INCOME":null,"PREMIUM_INCOME_YOY":null,"NET_INTEREST_INCOME":null,"NET_INTEREST_INCOME_YOY":null,"FEE_COMMISSION_INCOME":null,"FEE_COMMISSION_INCOME_YOY":null,"ACCOUNTS_RECE_TDAYS":9.498220640569,"INVENTORY_TDAYS":null,"CURRENT_ASSETS_TDAYS":0.318063100192,"TOTAL_ASSETS_TDAYS":0.010161559532,"PREMIUM_EXPENSE":null,"LOAN_DEPOSIT":null,"LOAN_EQUITY":null,"LOAN_ASSETS":null,"DEPOSIT_EQUITY":null,"DEPOSIT_ASSETS":null,"EQUITY_MULTIPLIER":1.007373556036,"EQUITY_RATIO":0.007373556035},{"SECUCODE":"00158.HK","SECURITY_CODE":"00158","SECURITY_NAME_ABBR":"万邦投资","ORG_CODE":"10007432","STD_REPORT_DATE":"2021-12-31 00:00:00","REPORT_DATE":"2021-09-30 00:00:00","DATE_TYPE_CODE":"001","REPORT_TYPE":"2021年年报","PER_NETCASH_OPERATE":2.4895831488,"PER_OI":5.3456793752,"BPS":260.4989949616,"BASIC_EPS":2.2242702,"DILUTED_EPS":2.2242702,"OPERATE_INCOME":133641984.38,"OPERATE_INCOME_YOY":-21.2470054589,"GROSS_PROFIT":92802050.94,"GROSS_PROFIT_YOY":-36.599215176078,"HOLDER_PROFIT":55700890.78,"HOLDER_PROFIT_YOY":105.6403624652,"GROSS_PROFIT_RATIO":69.440790909034,"EPS_TTM":2.2280356312,"OPERATE_INCOME_QOQ":0,"NET_PROFIT_RATIO":41.6791856529,"ROE_AVG":0.853322259104,"GROSS_PROFIT_QOQ":0,"ROA":0.844616113873,"HOLDER_PROFIT_QOQ":0,"ROE_YEARLY":0.853322259104,"ROIC_YEARLY":0.874469265373,"TOTAL_ASSETS":6573831409.16,"TOTAL_LIABILITIES":61356535.12,"TAX_EBT":19.324557487421,"OCF_SALES":46.571875603872,"TOTAL_PARENT_EQUITY":6512474874.04,"DEBT_ASSET_RATIO":0.9333451271,"OPERATE_PROFIT":69043179.74,"PRETAX_PROFIT":69043179.74,"NETCASH_OPERATE":62239578.72,"NETCASH_INVEST":null,"NETCASH_FINANCE":-95801900,"END_CASH":208356636.6,"DIVI_RATIO":2.202274475008,"DIVIDEND_RATE":8.940397350993,"CURRENT_RATIO":4.586566873684,"COMMON_ACS":null,"CURRENTDEBT_DEBT":76.735187096073,"ISSUED_COMMON_SHARES":25000000,"HK_COMMON_SHARES":25000000,"PER_SHARES":500,"TOTAL_MARKET_CAP":1510000000,"HKSK_MARKET_CAP":1510000000,"PE_TTM":-9.657386621642,"PB_TTM":0.212703108578,"REPORT_DATE_SQ":"2020-12-31 00:00:00","REPORT_TYPE_SQ":"2020年年报","OPERATE_INCOME_SQ":178998778.88,"DPS_HKD":5.4,"OPERATE_INCOME_QOQ_SQ":0,"NET_PROFIT_RATIO_SQ":-581.9414444488,"HOLDER_PROFIT_SQ":-1041668079.36,"HOLDER_PROFIT_QOQ_SQ":0,"ROE_AVG_SQ":-13.91105914874,"PE_TTM_SQ":-18.580884914644,"PB_TTM_SQ":0.326293860523,"ROA_SQ":-13.762833599278,"START_DATE":"2020-10-01 00:00:00","FISCAL_YEAR":"9-30","CURRENCY":"HKD","IS_CNY_CODE":0,"DPS_HKD_LY":4.6,"ORG_TYPE":"一般企业","PREMIUM_INCOME":null,"PREMIUM_INCOME_YOY":null,"NET_INTEREST_INCOME":null,"NET_INTEREST_INCOME_YOY":null,"FEE_COMMISSION_INCOME":null,"FEE_COMMISSION_INCOME_YOY":null,"ACCOUNTS_RECE_TDAYS":null,"INVENTORY_TDAYS":null,"CURRENT_ASSETS_TDAYS":0.569366510859,"TOTAL_ASSETS_TDAYS":0.020264698089,"PREMIUM_EXPENSE":null,"LOAN_DEPOSIT":null,"LOAN_EQUITY":null,"LOAN_ASSETS":null,"DEPOSIT_EQUITY":null,"DEPOSIT_ASSETS":null,"EQUITY_MULTIPLIER":1.009421385312,"EQUITY_RATIO":0.009421385312},{"SECUCODE":"00158.HK","SECURITY_CODE":"00158","SECURITY_NAME_ABBR":"万邦投资","ORG_CODE":"10007432","STD_REPORT_DATE":"2021-06-30 00:00:00","REPORT_DATE":"2021-03-31 00:00:00","DATE_TYPE_CODE":"002","REPORT_TYPE":"2021年中报","PER_NETCASH_OPERATE":0.7800335256,"PER_OI":2.8848359904,"BPS":260.2602666496,"BASIC_EPS":-2.8820638,"DILUTED_EPS":-2.8820638,"OPERATE_INCOME":72120899.76,"OPERATE_INCOME_YOY":-19.331448937,"GROSS_PROFIT":51774036.44,"GROSS_PROFIT_YOY":-35.798603184731,"HOLDER_PROFIT":-72108222.06,"HOLDER_PROFIT_YOY":92.424555886,"GROSS_PROFIT_RATIO":71.787840435007,"EPS_TTM":-3.3895614688,"OPERATE_INCOME_QOQ":0,"NET_PROFIT_RATIO":-99.9824216003,"ROE_AVG":-1.097179902872,"GROSS_PROFIT_QOQ":0,"ROA":-1.086527401524,"HOLDER_PROFIT_QOQ":0,"ROE_YEARLY":-2.194359805744,"ROIC_YEARLY":-2.249526536718,"TOTAL_ASSETS":6561097687.62,"TOTAL_LIABILITIES":54591021.38,"TAX_EBT":-11.247734414729,"OCF_SALES":27.039094360849,"TOTAL_PARENT_EQUITY":6506506666.24,"DEBT_ASSET_RATIO":0.8320409782,"OPERATE_PROFIT":-64817699.38,"PRETAX_PROFIT":-64817699.38,"NETCASH_OPERATE":19500838.14,"NETCASH_INVEST":null,"NETCASH_FINANCE":-59162600,"END_CASH":205776819.78,"DIVI_RATIO":-1.447604961635,"DIVIDEND_RATE":8.940397350993,"CURRENT_RATIO":5.395595637584,"COMMON_ACS":null,"CURRENTDEBT_DEBT":73.818333823598,"ISSUED_COMMON_SHARES":25000000,"HK_COMMON_SHARES":25000000,"PER_SHARES":500,"TOTAL_MARKET_CAP":1510000000,"HKSK_MARKET_CAP":1510000000,"PE_TTM":-9.657386621642,"PB_TTM":0.212703108578,"REPORT_DATE_SQ":"2020-06-30 00:00:00","REPORT_TYPE_SQ":"2020年中报","OPERATE_INCOME_SQ":96652099.7,"DPS_HKD":5.4,"OPERATE_INCOME_QOQ_SQ":0,"NET_PROFIT_RATIO_SQ":-1064.68174814,"HOLDER_PROFIT_SQ":-1029037264.7,"HOLDER_PROFIT_QOQ_SQ":0,"ROE_AVG_SQ":-13.108968414157,"PE_TTM_SQ":-18.580884914644,"PB_TTM_SQ":0.326293860523,"ROA_SQ":-12.979172930676,"START_DATE":"2020-10-01 00:00:00","FISCAL_YEAR":"9-30","CURRENCY":"HKD","IS_CNY_CODE":0,"DPS_HKD_LY":4.6,"ORG_TYPE":"一般企业","PREMIUM_INCOME":null,"PREMIUM_INCOME_YOY":null,"NET_INTEREST_INCOME":null,"NET_INTEREST_INCOME_YOY":null,"FEE_COMMISSION_INCOME":null,"FEE_COMMISSION_INCOME_YOY":null,"ACCOUNTS_RECE_TDAYS":6.163825483964,"INVENTORY_TDAYS":null,"CURRENT_ASSETS_TDAYS":0.303912158516,"TOTAL_ASSETS_TDAYS":0.010867184292,"PREMIUM_EXPENSE":null,"LOAN_DEPOSIT":null,"LOAN_EQUITY":null,"LOAN_ASSETS":null,"DEPOSIT_EQUITY":null,"DEPOSIT_ASSETS":null,"EQUITY_MULTIPLIER":1.008390219849,"EQUITY_RATIO":0.008390219849},{"SECUCODE":"00158.HK","SECURITY_CODE":"00158","SECURITY_NAME_ABBR":"万邦投资","ORG_CODE":"10007432","STD_REPORT_DATE":"2020-12-31 00:00:00","REPORT_DATE":"2020-09-30 00:00:00","DATE_TYPE_CODE":"001","REPORT_TYPE":"2020年年报","PER_NETCASH_OPERATE":4.1237626624,"PER_OI":7.1599511552,"BPS":276.047603328,"BASIC_EPS":-41.6689024,"DILUTED_EPS":-41.6689024,"OPERATE_INCOME":178998778.88,"OPERATE_INCOME_YOY":-10.2313139815,"GROSS_PROFIT":146373662.72,"GROSS_PROFIT_YOY":-15.522255544016,"HOLDER_PROFIT":-1041668079.36,"HOLDER_PROFIT_YOY":-115.9865755182,"GROSS_PROFIT_RATIO":81.773553783922,"EPS_TTM":-41.6667231744,"OPERATE_INCOME_QOQ":0,"NET_PROFIT_RATIO":-581.9414444488,"ROE_AVG":-13.91105914874,"GROSS_PROFIT_QOQ":0,"ROA":-13.762833599278,"HOLDER_PROFIT_QOQ":0,"ROE_YEARLY":-13.91105914874,"ROIC_YEARLY":-14.25175542901,"TOTAL_ASSETS":6978415511.68,"TOTAL_LIABILITIES":77225428.48,"TAX_EBT":-2.202534548505,"OCF_SALES":57.59484349841,"TOTAL_PARENT_EQUITY":6901190083.2,"DEBT_ASSET_RATIO":1.106632707,"OPERATE_PROFIT":-1019219419.52,"PRETAX_PROFIT":-1019219419.52,"NETCASH_OPERATE":103094066.56,"NETCASH_INVEST":-5272.32,"NETCASH_FINANCE":-112036800,"END_CASH":255178530.56,"DIVI_RATIO":-0.117761744293,"DIVIDEND_RATE":8.940397350993,"CURRENT_RATIO":4.259388866337,"COMMON_ACS":null,"CURRENTDEBT_DEBT":81.290109690046,"ISSUED_COMMON_SHARES":25000000,"HK_COMMON_SHARES":25000000,"PER_SHARES":500,"TOTAL_MARKET_CAP":1510000000,"HKSK_MARKET_CAP":1510000000,"PE_TTM":-9.657386621642,"PB_TTM":0.212703108578,"REPORT_DATE_SQ":"2019-12-31 00:00:00","REPORT_TYPE_SQ":"2019年年报","OPERATE_INCOME_SQ":204685011.21,"DPS_HKD":5.4,"OPERATE_INCOME_QOQ_SQ":0,"NET_PROFIT_RATIO_SQ":-241.8674340409,"HOLDER_PROFIT_SQ":-495066384.48,"HOLDER_PROFIT_QOQ_SQ":0,"ROE_AVG_SQ":-5.778605279549,"PE_TTM_SQ":-18.580884914644,"PB_TTM_SQ":0.326293860523,"ROA_SQ":-5.721635204161,"START_DATE":"2019-10-01 00:00:00","FISCAL_YEAR":"9-30","CURRENCY":"HKD","IS_CNY_CODE":0,"DPS_HKD_LY":5.1,"ORG_TYPE":"一般企业","PREMIUM_INCOME":null,"PREMIUM_INCOME_YOY":null,"NET_INTEREST_INCOME":null,"NET_INTEREST_INCOME_YOY":null,"FEE_COMMISSION_INCOME":null,"FEE_COMMISSION_INCOME_YOY":null,"ACCOUNTS_RECE_TDAYS":18.914020427112,"INVENTORY_TDAYS":null,"CURRENT_ASSETS_TDAYS":0.665135285599,"TOTAL_ASSETS_TDAYS":0.023649859845,"PREMIUM_EXPENSE":null,"LOAN_DEPOSIT":null,"LOAN_EQUITY":null,"LOAN_ASSETS":null,"DEPOSIT_EQUITY":null,"DEPOSIT_ASSETS":null,"EQUITY_MULTIPLIER":1.011190161052,"EQUITY_RATIO":0.011190161052}],"count":48},"success":true,"message":"ok","code":0}