{"version":"79335db3d8c31d380ef2b8a4c1609863","result":{"pages":6,"data":[{"SECUCODE":"00154.HK","SECURITY_CODE":"00154","SECURITY_NAME_ABBR":"北京控股环境集团","ORG_CODE":"10007428","STD_REPORT_DATE":"2024-06-30 00:00:00","REPORT_DATE":"2024-06-30 00:00:00","DATE_TYPE_CODE":"002","REPORT_TYPE":"2024年中报","PER_NETCASH_OPERATE":0.046114261299,"PER_OI":0.53535812718,"BPS":2.29083863631,"BASIC_EPS":0.0889,"DILUTED_EPS":0.0889,"OPERATE_INCOME":803230000,"OPERATE_INCOME_YOY":-15.0439201874,"GROSS_PROFIT":313400000,"GROSS_PROFIT_YOY":-3.451292809986,"HOLDER_PROFIT":133445000,"HOLDER_PROFIT_YOY":1.4050579045,"GROSS_PROFIT_RATIO":39.01746697708,"EPS_TTM":0.128504479408,"OPERATE_INCOME_QOQ":-7.35255347899,"NET_PROFIT_RATIO":17.6926907611,"ROE_AVG":3.944279095764,"GROSS_PROFIT_QOQ":-1.847140584167,"ROA":1.357764375761,"HOLDER_PROFIT_QOQ":0.96829602941,"ROE_YEARLY":7.888558191528,"ROIC_YEARLY":3.205032942885,"TOTAL_ASSETS":9759415000,"TOTAL_LIABILITIES":6030074000,"TAX_EBT":18.240113807277,"OCF_SALES":8.613722097033,"TOTAL_PARENT_EQUITY":3437083000,"DEBT_ASSET_RATIO":61.7872485185,"OPERATE_PROFIT":240198000,"PRETAX_PROFIT":184171000,"NETCASH_OPERATE":69188000,"NETCASH_INVEST":-194142000,"NETCASH_FINANCE":83498000,"END_CASH":1173014000,"DIVI_RATIO":null,"DIVIDEND_RATE":null,"CURRENT_RATIO":0.739135494077,"COMMON_ACS":null,"CURRENTDEBT_DEBT":62.563942001375,"ISSUED_COMMON_SHARES":1500360150,"HK_COMMON_SHARES":1500360150,"PER_SHARES":1000,"TOTAL_MARKET_CAP":630151263,"HKSK_MARKET_CAP":630151263,"PE_TTM":2.941949328294,"PB_TTM":0.167329812726,"REPORT_DATE_SQ":"2023-06-30 00:00:00","REPORT_TYPE_SQ":"2023年中报","OPERATE_INCOME_SQ":945465000,"DPS_HKD":null,"OPERATE_INCOME_QOQ_SQ":5.814205662755,"NET_PROFIT_RATIO_SQ":12.8468464056,"HOLDER_PROFIT_SQ":131596000,"HOLDER_PROFIT_QOQ_SQ":6.069732642099,"ROE_AVG_SQ":4.347688935607,"PE_TTM_SQ":1.669737497149,"PB_TTM_SQ":0.161760452541,"ROA_SQ":1.254026039022,"START_DATE":"2024-01-01 00:00:00","FISCAL_YEAR":"12-31","CURRENCY":"HKD","IS_CNY_CODE":0,"DPS_HKD_LY":null,"ORG_TYPE":"一般企业","PREMIUM_INCOME":null,"PREMIUM_INCOME_YOY":null,"NET_INTEREST_INCOME":null,"NET_INTEREST_INCOME_YOY":null,"FEE_COMMISSION_INCOME":null,"FEE_COMMISSION_INCOME_YOY":null,"ACCOUNTS_RECE_TDAYS":1.05809560443,"INVENTORY_TDAYS":11.958302308265,"CURRENT_ASSETS_TDAYS":0.277774271531,"TOTAL_ASSETS_TDAYS":0.08172633516,"PREMIUM_EXPENSE":null,"LOAN_DEPOSIT":null,"LOAN_EQUITY":null,"LOAN_ASSETS":null,"DEPOSIT_EQUITY":null,"DEPOSIT_ASSETS":null,"EQUITY_MULTIPLIER":2.616927494698,"EQUITY_RATIO":1.754416172085},{"SECUCODE":"00154.HK","SECURITY_CODE":"00154","SECURITY_NAME_ABBR":"北京控股环境集团","ORG_CODE":"10007428","STD_REPORT_DATE":"2023-12-31 00:00:00","REPORT_DATE":"2023-12-31 00:00:00","DATE_TYPE_CODE":"001","REPORT_TYPE":"2023年年报","PER_NETCASH_OPERATE":0.37324904957,"PER_OI":1.289355759016,"BPS":2.219084531137,"BASIC_EPS":0.1273,"DILUTED_EPS":0.1273,"OPERATE_INCOME":1934498000,"OPERATE_INCOME_YOY":-12.2818266076,"GROSS_PROFIT":606505000,"GROSS_PROFIT_YOY":-10.2723614522,"HOLDER_PROFIT":190954000,"HOLDER_PROFIT_YOY":-37.135520403,"GROSS_PROFIT_RATIO":31.352061361656,"EPS_TTM":0.127272108633,"OPERATE_INCOME_QOQ":-20.189252049719,"NET_PROFIT_RATIO":10.4460692128,"ROE_AVG":5.919150958281,"GROSS_PROFIT_QOQ":-22.262507882576,"ROA":1.730879641892,"HOLDER_PROFIT_QOQ":-42.940212016498,"ROE_YEARLY":5.919150958281,"ROIC_YEARLY":2.186166213958,"TOTAL_ASSETS":9897162000,"TOTAL_LIABILITIES":6240802000,"TAX_EBT":21.05579798185,"OCF_SALES":28.948492063574,"TOTAL_PARENT_EQUITY":3329426000,"DEBT_ASSET_RATIO":63.0564802314,"OPERATE_PROFIT":422175000,"PRETAX_PROFIT":255977000,"NETCASH_OPERATE":560008000,"NETCASH_INVEST":-359917000,"NETCASH_FINANCE":-1349091000,"END_CASH":1209940000,"DIVI_RATIO":null,"DIVIDEND_RATE":null,"CURRENT_RATIO":0.735335656424,"COMMON_ACS":null,"CURRENTDEBT_DEBT":65.259817568319,"ISSUED_COMMON_SHARES":1500360150,"HK_COMMON_SHARES":1500360150,"PER_SHARES":1000,"TOTAL_MARKET_CAP":675162067.5,"HKSK_MARKET_CAP":675162067.5,"PE_TTM":3.152088566029,"PB_TTM":0.179281942207,"REPORT_DATE_SQ":"2022-12-31 00:00:00","REPORT_TYPE_SQ":"2022年年报","OPERATE_INCOME_SQ":2205356000,"DPS_HKD":null,"OPERATE_INCOME_QOQ_SQ":5.153889932748,"NET_PROFIT_RATIO_SQ":12.7671273262,"HOLDER_PROFIT_SQ":303755000,"HOLDER_PROFIT_QOQ_SQ":43.854522015779,"ROE_AVG_SQ":9.637898339319,"PE_TTM_SQ":1.360526849529,"PB_TTM_SQ":0.131804813182,"ROA_SQ":3.059655852278,"START_DATE":"2023-01-01 00:00:00","FISCAL_YEAR":"12-31","CURRENCY":"HKD","IS_CNY_CODE":0,"DPS_HKD_LY":null,"ORG_TYPE":"一般企业","PREMIUM_INCOME":null,"PREMIUM_INCOME_YOY":null,"NET_INTEREST_INCOME":null,"NET_INTEREST_INCOME_YOY":null,"FEE_COMMISSION_INCOME":null,"FEE_COMMISSION_INCOME_YOY":null,"ACCOUNTS_RECE_TDAYS":3.057047295391,"INVENTORY_TDAYS":29.247081883452,"CURRENT_ASSETS_TDAYS":0.544238138262,"TOTAL_ASSETS_TDAYS":0.17535025218,"PREMIUM_EXPENSE":null,"LOAN_DEPOSIT":null,"LOAN_EQUITY":null,"LOAN_ASSETS":null,"DEPOSIT_EQUITY":null,"DEPOSIT_ASSETS":null,"EQUITY_MULTIPLIER":2.70683466617,"EQUITY_RATIO":1.874437816008},{"SECUCODE":"00154.HK","SECURITY_CODE":"00154","SECURITY_NAME_ABBR":"北京控股环境集团","ORG_CODE":"10007428","STD_REPORT_DATE":"2023-06-30 00:00:00","REPORT_DATE":"2023-06-30 00:00:00","DATE_TYPE_CODE":"002","REPORT_TYPE":"2023年中报","PER_NETCASH_OPERATE":0.026158896995,"PER_OI":0.630158698896,"BPS":2.308363349227,"BASIC_EPS":0.0877,"DILUTED_EPS":0.0877,"OPERATE_INCOME":945465000,"OPERATE_INCOME_YOY":5.1547825251,"GROSS_PROFIT":324603000,"GROSS_PROFIT_YOY":15.361883349421,"HOLDER_PROFIT":131596000,"HOLDER_PROFIT_YOY":7.7175189264,"GROSS_PROFIT_RATIO":31.826121736007,"EPS_TTM":0.223050440829,"OPERATE_INCOME_QOQ":5.814205662755,"NET_PROFIT_RATIO":12.8468464056,"ROE_AVG":4.347688935607,"GROSS_PROFIT_QOQ":11.124871956472,"ROA":1.254026039022,"HOLDER_PROFIT_QOQ":6.069732642099,"ROE_YEARLY":8.695377871214,"ROIC_YEARLY":3.236791909157,"TOTAL_ASSETS":10771047945.64,"TOTAL_LIABILITIES":6982680990.58,"TAX_EBT":17.127389653565,"OCF_SALES":3.474708393532,"TOTAL_PARENT_EQUITY":3463376380.9,"DEBT_ASSET_RATIO":64.8282416513,"OPERATE_PROFIT":246358000,"PRETAX_PROFIT":165139000,"NETCASH_OPERATE":37460000,"NETCASH_INVEST":-188085000,"NETCASH_FINANCE":-512222000,"END_CASH":1672180000,"DIVI_RATIO":null,"DIVIDEND_RATE":null,"CURRENT_RATIO":2.264583624748,"COMMON_ACS":null,"CURRENTDEBT_DEBT":21.333159747232,"ISSUED_COMMON_SHARES":1500360150,"HK_COMMON_SHARES":1500360150,"PER_SHARES":1000,"TOTAL_MARKET_CAP":675162067.5,"HKSK_MARKET_CAP":675162067.5,"PE_TTM":3.152088566029,"PB_TTM":0.179281942207,"REPORT_DATE_SQ":"2022-06-30 00:00:00","REPORT_TYPE_SQ":"2022年中报","OPERATE_INCOME_SQ":996342530.26,"DPS_HKD":null,"OPERATE_INCOME_QOQ_SQ":10.152239427936,"NET_PROFIT_RATIO_SQ":12.1405531417,"HOLDER_PROFIT_SQ":118723462.13,"HOLDER_PROFIT_QOQ_SQ":1.590925006141,"ROE_AVG_SQ":3.895288739642,"PE_TTM_SQ":1.360526849529,"PB_TTM_SQ":0.131804813182,"ROA_SQ":1.258216696007,"START_DATE":"2023-01-01 00:00:00","FISCAL_YEAR":"12-31","CURRENCY":"HKD","IS_CNY_CODE":0,"DPS_HKD_LY":null,"ORG_TYPE":"一般企业","PREMIUM_INCOME":null,"PREMIUM_INCOME_YOY":null,"NET_INTEREST_INCOME":null,"NET_INTEREST_INCOME_YOY":null,"FEE_COMMISSION_INCOME":null,"FEE_COMMISSION_INCOME_YOY":null,"ACCOUNTS_RECE_TDAYS":1.380586526408,"INVENTORY_TDAYS":17.544480621783,"CURRENT_ASSETS_TDAYS":0.315220624333,"TOTAL_ASSETS_TDAYS":0.102735693934,"PREMIUM_EXPENSE":null,"LOAN_DEPOSIT":null,"LOAN_EQUITY":null,"LOAN_ASSETS":null,"DEPOSIT_EQUITY":null,"DEPOSIT_ASSETS":null,"EQUITY_MULTIPLIER":2.843190238275,"EQUITY_RATIO":2.016148469767},{"SECUCODE":"00154.HK","SECURITY_CODE":"00154","SECURITY_NAME_ABBR":"北京控股环境集团","ORG_CODE":"10007428","STD_REPORT_DATE":"2022-12-31 00:00:00","REPORT_DATE":"2022-12-31 00:00:00","DATE_TYPE_CODE":"001","REPORT_TYPE":"2022年年报","PER_NETCASH_OPERATE":0.451993288811,"PER_OI":1.469884414086,"BPS":2.231995943374,"BASIC_EPS":0.2025,"DILUTED_EPS":0.2025,"OPERATE_INCOME":2205356000,"OPERATE_INCOME_YOY":6.0173167153,"GROSS_PROFIT":675940000,"GROSS_PROFIT_YOY":37.979877331827,"HOLDER_PROFIT":303755000,"HOLDER_PROFIT_YOY":33.7631745383,"GROSS_PROFIT_RATIO":30.649942071474,"EPS_TTM":0.210286606059,"OPERATE_INCOME_QOQ":5.153889932748,"NET_PROFIT_RATIO":12.7671273262,"ROE_AVG":9.637898339319,"GROSS_PROFIT_QOQ":32.632301265973,"ROA":3.059655852278,"HOLDER_PROFIT_QOQ":43.854522015779,"ROE_YEARLY":9.637898339319,"ROIC_YEARLY":3.9166286364,"TOTAL_ASSETS":10571045000,"TOTAL_LIABILITIES":7130826000,"TAX_EBT":19.539976967414,"OCF_SALES":29.60496683977,"TOTAL_PARENT_EQUITY":3122648000,"DEBT_ASSET_RATIO":66.2224076384,"OPERATE_PROFIT":491242000,"PRETAX_PROFIT":349939000,"NETCASH_OPERATE":652898000,"NETCASH_INVEST":-458847000,"NETCASH_FINANCE":927233000,"END_CASH":2328991000,"DIVI_RATIO":null,"DIVIDEND_RATE":null,"CURRENT_RATIO":2.691697983345,"COMMON_ACS":null,"CURRENTDEBT_DEBT":19.427524945918,"ISSUED_COMMON_SHARES":1500360150,"HK_COMMON_SHARES":1500360150,"PER_SHARES":1000,"TOTAL_MARKET_CAP":675162067.5,"HKSK_MARKET_CAP":675162067.5,"PE_TTM":3.152088566029,"PB_TTM":0.179281942207,"REPORT_DATE_SQ":"2021-12-31 00:00:00","REPORT_TYPE_SQ":"2021年年报","OPERATE_INCOME_SQ":1977626414.4,"DPS_HKD":null,"OPERATE_INCOME_QOQ_SQ":12.660589113323,"NET_PROFIT_RATIO_SQ":10.1544183339,"HOLDER_PROFIT_SQ":215888097.6,"HOLDER_PROFIT_QOQ_SQ":54.833012134013,"ROE_AVG_SQ":7.794822049654,"PE_TTM_SQ":1.360526849529,"PB_TTM_SQ":0.131804813182,"ROA_SQ":2.554538661788,"START_DATE":"2022-01-01 00:00:00","FISCAL_YEAR":"12-31","CURRENCY":"HKD","IS_CNY_CODE":0,"DPS_HKD_LY":null,"ORG_TYPE":"一般企业","PREMIUM_INCOME":null,"PREMIUM_INCOME_YOY":null,"NET_INTEREST_INCOME":null,"NET_INTEREST_INCOME_YOY":null,"FEE_COMMISSION_INCOME":null,"FEE_COMMISSION_INCOME_YOY":null,"ACCOUNTS_RECE_TDAYS":3.559936916156,"INVENTORY_TDAYS":37.474107867205,"CURRENT_ASSETS_TDAYS":0.723700027502,"TOTAL_ASSETS_TDAYS":0.22214082267,"PREMIUM_EXPENSE":null,"LOAN_DEPOSIT":null,"LOAN_EQUITY":null,"LOAN_ASSETS":null,"DEPOSIT_EQUITY":null,"DEPOSIT_ASSETS":null,"EQUITY_MULTIPLIER":2.96054256708,"EQUITY_RATIO":2.283583035936},{"SECUCODE":"00154.HK","SECURITY_CODE":"00154","SECURITY_NAME_ABBR":"北京控股环境集团","ORG_CODE":"10007428","STD_REPORT_DATE":"2022-06-30 00:00:00","REPORT_DATE":"2022-06-30 00:00:00","DATE_TYPE_CODE":"002","REPORT_TYPE":"2022年中报","PER_NETCASH_OPERATE":-0.029555111738,"PER_OI":0.664068910561,"BPS":2.021983569458,"BASIC_EPS":0.079105075,"DILUTED_EPS":0.079105075,"OPERATE_INCOME":996342530.26,"OPERATE_INCOME_YOY":21.8521505123,"GROSS_PROFIT":281378034.56,"GROSS_PROFIT_YOY":16.314875477992,"HOLDER_PROFIT":118723462.13,"HOLDER_PROFIT_YOY":0.1963119339,"GROSS_PROFIT_RATIO":28.241094404208,"EPS_TTM":0.146180045724,"OPERATE_INCOME_QOQ":10.152239427936,"NET_PROFIT_RATIO":12.1405531417,"ROE_AVG":3.895288739642,"GROSS_PROFIT_QOQ":8.056497973727,"ROA":1.258216696007,"HOLDER_PROFIT_QOQ":1.590925006141,"ROE_YEARLY":7.790577479284,"ROIC_YEARLY":3.086351171238,"TOTAL_ASSETS":9532572028.7,"TOTAL_LIABILITIES":6154705793.53,"TAX_EBT":19.885359554126,"OCF_SALES":-4.450609156314,"TOTAL_PARENT_EQUITY":3033703571.57,"DEBT_ASSET_RATIO":64.5650069572,"OPERATE_PROFIT":218705435.41,"PRETAX_PROFIT":150985504.88,"NETCASH_OPERATE":-44343311.88,"NETCASH_INVEST":-130332666.38,"NETCASH_FINANCE":288250341.4,"END_CASH":1340465855.12,"DIVI_RATIO":null,"DIVIDEND_RATE":null,"CURRENT_RATIO":2.388472215694,"COMMON_ACS":null,"CURRENTDEBT_DEBT":18.624427478158,"ISSUED_COMMON_SHARES":1500360150,"HK_COMMON_SHARES":1500360150,"PER_SHARES":1000,"TOTAL_MARKET_CAP":675162067.5,"HKSK_MARKET_CAP":675162067.5,"PE_TTM":3.152088566029,"PB_TTM":0.179281942207,"REPORT_DATE_SQ":"2021-06-30 00:00:00","REPORT_TYPE_SQ":"2021年中报","OPERATE_INCOME_SQ":795569161.68,"DPS_HKD":null,"OPERATE_INCOME_QOQ_SQ":16.478191913271,"NET_PROFIT_RATIO_SQ":16.312579684,"HOLDER_PROFIT_SQ":115288844.4,"HOLDER_PROFIT_QOQ_SQ":28.397973507045,"ROE_AVG_SQ":4.199972718592,"PE_TTM_SQ":1.360526849529,"PB_TTM_SQ":0.131804813182,"ROA_SQ":1.394328272505,"START_DATE":"2022-01-01 00:00:00","FISCAL_YEAR":"12-31","CURRENCY":"HKD","IS_CNY_CODE":0,"DPS_HKD_LY":null,"ORG_TYPE":"一般企业","PREMIUM_INCOME":null,"PREMIUM_INCOME_YOY":null,"NET_INTEREST_INCOME":null,"NET_INTEREST_INCOME_YOY":null,"FEE_COMMISSION_INCOME":null,"FEE_COMMISSION_INCOME_YOY":null,"ACCOUNTS_RECE_TDAYS":1.642050904037,"INVENTORY_TDAYS":16.744544698919,"CURRENT_ASSETS_TDAYS":0.377400675338,"TOTAL_ASSETS_TDAYS":0.105591159828,"PREMIUM_EXPENSE":null,"LOAN_DEPOSIT":null,"LOAN_EQUITY":null,"LOAN_ASSETS":null,"DEPOSIT_EQUITY":null,"DEPOSIT_ASSETS":null,"EQUITY_MULTIPLIER":2.822069130343,"EQUITY_RATIO":2.028776262522},{"SECUCODE":"00154.HK","SECURITY_CODE":"00154","SECURITY_NAME_ABBR":"北京控股环境集团","ORG_CODE":"10007428","STD_REPORT_DATE":"2021-12-31 00:00:00","REPORT_DATE":"2021-12-31 00:00:00","DATE_TYPE_CODE":"001","REPORT_TYPE":"2021年年报","PER_NETCASH_OPERATE":0.111793040091,"PER_OI":1.318101133518,"BPS":1.951165072999,"BASIC_EPS":0.1438976,"DILUTED_EPS":0.07570976,"OPERATE_INCOME":1977626414.4,"OPERATE_INCOME_YOY":35.0834435843,"GROSS_PROFIT":489883027.2,"GROSS_PROFIT_YOY":9.518445381512,"HOLDER_PROFIT":215888097.6,"HOLDER_PROFIT_YOY":104.6478644005,"GROSS_PROFIT_RATIO":24.771262339183,"EPS_TTM":0.143890850207,"OPERATE_INCOME_QOQ":12.660589113323,"NET_PROFIT_RATIO":10.1544183339,"ROE_AVG":7.794822049654,"GROSS_PROFIT_QOQ":-7.02439856547,"ROA":2.554538661788,"HOLDER_PROFIT_QOQ":54.833012134013,"ROE_YEARLY":7.794822049654,"ROIC_YEARLY":3.15049570455,"TOTAL_ASSETS":8928628598.4,"TOTAL_LIABILITIES":5662088488,"TAX_EBT":8.548418324794,"OCF_SALES":8.481370453928,"TOTAL_PARENT_EQUITY":2927450321.6,"DEBT_ASSET_RATIO":63.4149850181,"OPERATE_PROFIT":277239166.4,"PRETAX_PROFIT":219587737.6,"NETCASH_OPERATE":167729822.4,"NETCASH_INVEST":-596658316.8,"NETCASH_FINANCE":452629083.2,"END_CASH":1200415854.4,"DIVI_RATIO":null,"DIVIDEND_RATE":null,"CURRENT_RATIO":0.586559424837,"COMMON_ACS":null,"CURRENTDEBT_DEBT":73.180308883933,"ISSUED_COMMON_SHARES":1500360150,"HK_COMMON_SHARES":1500360150,"PER_SHARES":1000,"TOTAL_MARKET_CAP":675162067.5,"HKSK_MARKET_CAP":675162067.5,"PE_TTM":3.152088566029,"PB_TTM":0.179281942207,"REPORT_DATE_SQ":"2020-12-31 00:00:00","REPORT_TYPE_SQ":"2020年年报","OPERATE_INCOME_SQ":1507049842.04,"DPS_HKD":null,"OPERATE_INCOME_QOQ_SQ":25.479622369932,"NET_PROFIT_RATIO_SQ":8.6777641822,"HOLDER_PROFIT_SQ":108594284.28,"HOLDER_PROFIT_QOQ_SQ":-35.620072049747,"ROE_AVG_SQ":4.292169012866,"PE_TTM_SQ":1.360526849529,"PB_TTM_SQ":0.131804813182,"ROA_SQ":1.380548852349,"START_DATE":"2021-01-01 00:00:00","FISCAL_YEAR":"12-31","CURRENCY":"HKD","IS_CNY_CODE":0,"DPS_HKD_LY":null,"ORG_TYPE":"一般企业","PREMIUM_INCOME":null,"PREMIUM_INCOME_YOY":null,"NET_INTEREST_INCOME":null,"NET_INTEREST_INCOME_YOY":null,"FEE_COMMISSION_INCOME":null,"FEE_COMMISSION_INCOME_YOY":null,"ACCOUNTS_RECE_TDAYS":4.041377512788,"INVENTORY_TDAYS":40.022588556158,"CURRENT_ASSETS_TDAYS":0.848312095595,"TOTAL_ASSETS_TDAYS":0.234006561284,"PREMIUM_EXPENSE":null,"LOAN_DEPOSIT":null,"LOAN_EQUITY":null,"LOAN_ASSETS":null,"DEPOSIT_EQUITY":null,"DEPOSIT_ASSETS":null,"EQUITY_MULTIPLIER":2.733359547604,"EQUITY_RATIO":1.93413648943},{"SECUCODE":"00154.HK","SECURITY_CODE":"00154","SECURITY_NAME_ABBR":"北京控股环境集团","ORG_CODE":"10007428","STD_REPORT_DATE":"2021-06-30 00:00:00","REPORT_DATE":"2021-06-30 00:00:00","DATE_TYPE_CODE":"002","REPORT_TYPE":"2021年中报","PER_NETCASH_OPERATE":-0.077256720261,"PER_OI":0.530252127584,"BPS":1.887483636779,"BASIC_EPS":0.076800984,"DILUTED_EPS":0.03702756,"OPERATE_INCOME":795569161.68,"OPERATE_INCOME_YOY":59.5950204643,"GROSS_PROFIT":241910618.4,"GROSS_PROFIT_YOY":49.030534302726,"HOLDER_PROFIT":115288844.4,"HOLDER_PROFIT_YOY":49.865336982,"GROSS_PROFIT_RATIO":30.407239251099,"EPS_TTM":0.092932927044,"OPERATE_INCOME_QOQ":16.478191913271,"NET_PROFIT_RATIO":16.312579684,"ROE_AVG":4.199972718592,"GROSS_PROFIT_QOQ":17.792672154566,"ROA":1.394328272505,"HOLDER_PROFIT_QOQ":28.397973507045,"ROE_YEARLY":8.399945437185,"ROIC_YEARLY":3.425494263617,"TOTAL_ASSETS":8421925178.64,"TOTAL_LIABILITIES":5230076283.6,"TAX_EBT":20.53314855198,"OCF_SALES":-14.569808633008,"TOTAL_PARENT_EQUITY":2831905232.4,"DEBT_ASSET_RATIO":62.1007213038,"OPERATE_PROFIT":194804073.36,"PRETAX_PROFIT":163310677.44,"NETCASH_OPERATE":-115912904.4,"NETCASH_INVEST":-215578614.72,"NETCASH_FINANCE":175315095.6,"END_CASH":1027143682.32,"DIVI_RATIO":null,"DIVIDEND_RATE":null,"CURRENT_RATIO":0.57500957886,"COMMON_ACS":null,"CURRENTDEBT_DEBT":75.612425016447,"ISSUED_COMMON_SHARES":1500360150,"HK_COMMON_SHARES":1500360150,"PER_SHARES":1000,"TOTAL_MARKET_CAP":675162067.5,"HKSK_MARKET_CAP":675162067.5,"PE_TTM":3.152088566029,"PB_TTM":0.179281942207,"REPORT_DATE_SQ":"2020-06-30 00:00:00","REPORT_TYPE_SQ":"2020年中报","OPERATE_INCOME_SQ":547234596.48,"DPS_HKD":null,"OPERATE_INCOME_QOQ_SQ":-3.131738985595,"NET_PROFIT_RATIO_SQ":16.1614576726,"HOLDER_PROFIT_SQ":84450268.32,"HOLDER_PROFIT_QOQ_SQ":-15.267791836575,"ROE_AVG_SQ":3.276299110555,"PE_TTM_SQ":1.360526849529,"PB_TTM_SQ":0.131804813182,"ROA_SQ":1.043033523668,"START_DATE":"2021-01-01 00:00:00","FISCAL_YEAR":"12-31","CURRENCY":"HKD","IS_CNY_CODE":0,"DPS_HKD_LY":null,"ORG_TYPE":"一般企业","PREMIUM_INCOME":null,"PREMIUM_INCOME_YOY":null,"NET_INTEREST_INCOME":null,"NET_INTEREST_INCOME_YOY":null,"FEE_COMMISSION_INCOME":null,"FEE_COMMISSION_INCOME_YOY":null,"ACCOUNTS_RECE_TDAYS":1.574530417856,"INVENTORY_TDAYS":15.382628999445,"CURRENT_ASSETS_TDAYS":0.350045013167,"TOTAL_ASSETS_TDAYS":0.096217858773,"PREMIUM_EXPENSE":null,"LOAN_DEPOSIT":null,"LOAN_EQUITY":null,"LOAN_ASSETS":null,"DEPOSIT_EQUITY":null,"DEPOSIT_ASSETS":null,"EQUITY_MULTIPLIER":2.638572644129,"EQUITY_RATIO":1.846840149791},{"SECUCODE":"00154.HK","SECURITY_CODE":"00154","SECURITY_NAME_ABBR":"北京控股环境集团","ORG_CODE":"10007428","STD_REPORT_DATE":"2020-12-31 00:00:00","REPORT_DATE":"2020-12-31 00:00:00","DATE_TYPE_CODE":"001","REPORT_TYPE":"2020年年报","PER_NETCASH_OPERATE":0.26032351843,"PER_OI":1.004458724154,"BPS":1.791979593566,"BASIC_EPS":0.07238104,"DILUTED_EPS":0.038799604,"OPERATE_INCOME":1507049842.04,"OPERATE_INCOME_YOY":29.3688448848,"GROSS_PROFIT":447306410.8,"GROSS_PROFIT_YOY":3.038124901622,"HOLDER_PROFIT":108594284.28,"HOLDER_PROFIT_YOY":-41.9404046222,"GROSS_PROFIT_RATIO":29.680930140606,"EPS_TTM":0.072378811367,"OPERATE_INCOME_QOQ":25.479622369932,"NET_PROFIT_RATIO":8.6777641822,"ROE_AVG":4.292169012866,"GROSS_PROFIT_QOQ":11.115801749828,"ROA":1.380548852349,"HOLDER_PROFIT_QOQ":-35.620072049747,"ROE_YEARLY":4.292169012866,"ROIC_YEARLY":1.71296228687,"TOTAL_ASSETS":8208138706.92,"TOTAL_LIABILITIES":5185333940.32,"TAX_EBT":-4.049900560477,"OCF_SALES":25.916795998684,"TOTAL_PARENT_EQUITY":2688614771.8,"DEBT_ASSET_RATIO":63.1730788851,"OPERATE_PROFIT":189488512.88,"PRETAX_PROFIT":125687992.68,"NETCASH_OPERATE":390579033.16,"NETCASH_INVEST":-358073213.08,"NETCASH_FINANCE":1429946.36,"END_CASH":1186207416,"DIVI_RATIO":null,"DIVIDEND_RATE":null,"CURRENT_RATIO":0.559762736587,"COMMON_ACS":null,"CURRENTDEBT_DEBT":79.161183238792,"ISSUED_COMMON_SHARES":1500360150,"HK_COMMON_SHARES":1500360150,"PER_SHARES":1000,"TOTAL_MARKET_CAP":675162067.5,"HKSK_MARKET_CAP":675162067.5,"PE_TTM":3.152088566029,"PB_TTM":0.179281942207,"REPORT_DATE_SQ":"2019-12-31 00:00:00","REPORT_TYPE_SQ":"2019年年报","OPERATE_INCOME_SQ":1239860743.14,"DPS_HKD":null,"OPERATE_INCOME_QOQ_SQ":0.146295430948,"NET_PROFIT_RATIO_SQ":15.9127903574,"HOLDER_PROFIT_SQ":199070980.96,"HOLDER_PROFIT_QOQ_SQ":-20.398937749192,"ROE_AVG_SQ":8.12081684677,"PE_TTM_SQ":1.360526849529,"PB_TTM_SQ":0.131804813182,"ROA_SQ":2.472559872505,"START_DATE":"2020-01-01 00:00:00","FISCAL_YEAR":"12-31","CURRENCY":"HKD","IS_CNY_CODE":0,"DPS_HKD_LY":null,"ORG_TYPE":"一般企业","PREMIUM_INCOME":null,"PREMIUM_INCOME_YOY":null,"NET_INTEREST_INCOME":null,"NET_INTEREST_INCOME_YOY":null,"FEE_COMMISSION_INCOME":null,"FEE_COMMISSION_INCOME_YOY":null,"ACCOUNTS_RECE_TDAYS":3.952456474354,"INVENTORY_TDAYS":30.155454436594,"CURRENT_ASSETS_TDAYS":0.711272745762,"TOTAL_ASSETS_TDAYS":0.191589819267,"PREMIUM_EXPENSE":null,"LOAN_DEPOSIT":null,"LOAN_EQUITY":null,"LOAN_ASSETS":null,"DEPOSIT_EQUITY":null,"DEPOSIT_ASSETS":null,"EQUITY_MULTIPLIER":2.715404844407,"EQUITY_RATIO":1.928626590431},{"SECUCODE":"00154.HK","SECURITY_CODE":"00154","SECURITY_NAME_ABBR":"北京控股环境集团","ORG_CODE":"10007428","STD_REPORT_DATE":"2020-06-30 00:00:00","REPORT_DATE":"2020-06-30 00:00:00","DATE_TYPE_CODE":"002","REPORT_TYPE":"2020年中报","PER_NETCASH_OPERATE":0.054284275785,"PER_OI":0.364735491329,"BPS":1.720529783359,"BASIC_EPS":0.056267904,"DILUTED_EPS":0.028407984,"OPERATE_INCOME":547234596.48,"OPERATE_INCOME_YOY":-10.0785153676,"GROSS_PROFIT":162322855.2,"GROSS_PROFIT_YOY":-16.277268969206,"HOLDER_PROFIT":84450268.32,"HOLDER_PROFIT_YOY":-29.1846348282,"GROSS_PROFIT_RATIO":29.662389082144,"EPS_TTM":0.112424498864,"OPERATE_INCOME_QOQ":-3.131738985595,"NET_PROFIT_RATIO":16.1614576726,"ROE_AVG":3.276299110555,"GROSS_PROFIT_QOQ":-7.269602271685,"ROA":1.043033523668,"HOLDER_PROFIT_QOQ":-15.267791836575,"ROE_YEARLY":6.552598221111,"ROIC_YEARLY":2.567323763594,"TOTAL_ASSETS":8027434947.84,"TOTAL_LIABILITIES":5163330126.24,"TAX_EBT":11.090909090909,"OCF_SALES":14.88318989404,"TOTAL_PARENT_EQUITY":2581414323.84,"DEBT_ASSET_RATIO":64.3210460102,"OPERATE_PROFIT":135119698.56,"PRETAX_PROFIT":99473616,"NETCASH_OPERATE":81445964.16,"NETCASH_INVEST":-120943109.76,"NETCASH_FINANCE":-47659645.44,"END_CASH":1089735746.88,"DIVI_RATIO":null,"DIVIDEND_RATE":null,"CURRENT_RATIO":0.981043375262,"COMMON_ACS":null,"CURRENTDEBT_DEBT":40.803655507772,"ISSUED_COMMON_SHARES":1500360150,"HK_COMMON_SHARES":1500360150,"PER_SHARES":1000,"TOTAL_MARKET_CAP":675162067.5,"HKSK_MARKET_CAP":675162067.5,"PE_TTM":3.152088566029,"PB_TTM":0.179281942207,"REPORT_DATE_SQ":"2019-06-30 00:00:00","REPORT_TYPE_SQ":"2019年中报","OPERATE_INCOME_SQ":586063798.74,"DPS_HKD":null,"OPERATE_INCOME_QOQ_SQ":11.245598455334,"NET_PROFIT_RATIO_SQ":20.5069051797,"HOLDER_PROFIT_SQ":114844011.3,"HOLDER_PROFIT_QOQ_SQ":7.702766735803,"ROE_AVG_SQ":4.814679730034,"PE_TTM_SQ":1.360526849529,"PB_TTM_SQ":0.131804813182,"ROA_SQ":1.454469414448,"START_DATE":"2020-01-01 00:00:00","FISCAL_YEAR":"12-31","CURRENCY":"HKD","IS_CNY_CODE":0,"DPS_HKD_LY":null,"ORG_TYPE":"一般企业","PREMIUM_INCOME":null,"PREMIUM_INCOME_YOY":null,"NET_INTEREST_INCOME":null,"NET_INTEREST_INCOME_YOY":null,"FEE_COMMISSION_INCOME":null,"FEE_COMMISSION_INCOME_YOY":null,"ACCOUNTS_RECE_TDAYS":1.383007776204,"INVENTORY_TDAYS":10.933189767007,"CURRENT_ASSETS_TDAYS":0.262318022925,"TOTAL_ASSETS_TDAYS":0.067588184241,"PREMIUM_EXPENSE":null,"LOAN_DEPOSIT":null,"LOAN_EQUITY":null,"LOAN_ASSETS":null,"DEPOSIT_EQUITY":null,"DEPOSIT_ASSETS":null,"EQUITY_MULTIPLIER":2.802772750249,"EQUITY_RATIO":2.000194265041}],"count":49},"success":true,"message":"ok","code":0}