{"version":"4f1456327810fe08d848bbc11151bca3","result":{"pages":4,"data":[{"SECUCODE":"00150.HK","SECURITY_CODE":"00150","SECURITY_NAME_ABBR":"HYPEBEAST","ORG_CODE":"10494833","STD_REPORT_DATE":"2024-06-30 00:00:00","REPORT_DATE":"2024-09-30 00:00:00","DATE_TYPE_CODE":"002","REPORT_TYPE":"2024年中报","PER_NETCASH_OPERATE":0.009937065469,"PER_OI":0.15826340744,"BPS":0.208112925749,"BASIC_EPS":0.008927721,"DILUTED_EPS":0.008837542,"OPERATE_INCOME":325093491.42,"OPERATE_INCOME_YOY":-18.0699397964,"GROSS_PROFIT":156212572.75,"GROSS_PROFIT_YOY":-17.691772594733,"HOLDER_PROFIT":18247720.65,"HOLDER_PROFIT_YOY":302.6945807873,"GROSS_PROFIT_RATIO":48.051584197416,"EPS_TTM":0.00984476076,"OPERATE_INCOME_QOQ":0,"NET_PROFIT_RATIO":5.6130685885,"ROE_AVG":4.240453740076,"GROSS_PROFIT_QOQ":0,"ROA":3.216688948484,"HOLDER_PROFIT_QOQ":0,"ROE_YEARLY":8.480907480152,"ROIC_YEARLY":9.332873646451,"TOTAL_ASSETS":566548665.71,"TOTAL_LIABILITIES":139057821.58,"TAX_EBT":19.228005748044,"OCF_SALES":6.278814306875,"TOTAL_PARENT_EQUITY":427490844.13,"DEBT_ASSET_RATIO":24.5447266928,"OPERATE_PROFIT":23955149.56,"PRETAX_PROFIT":22591643.08,"NETCASH_OPERATE":20412016.65,"NETCASH_INVEST":-37417972.47,"NETCASH_FINANCE":-38551522.5,"END_CASH":111361145.31,"DIVI_RATIO":1.14282417561,"DIVIDEND_RATE":6.369230769231,"CURRENT_RATIO":3.967745821412,"COMMON_ACS":6000000000,"CURRENTDEBT_DEBT":86.133772584013,"ISSUED_COMMON_SHARES":2054129231,"HK_COMMON_SHARES":2054129231,"PER_SHARES":2800,"TOTAL_MARKET_CAP":400555200.045,"HKSK_MARKET_CAP":400555200.045,"PE_TTM":7.625991433508,"PB_TTM":0.844969380768,"REPORT_DATE_SQ":"2023-06-30 00:00:00","REPORT_TYPE_SQ":"2023年中报","OPERATE_INCOME_SQ":403763623.41,"DPS_HKD":0.01242,"OPERATE_INCOME_QOQ_SQ":0,"NET_PROFIT_RATIO_SQ":-2.2688275414,"HOLDER_PROFIT_SQ":-9160700.29,"HOLDER_PROFIT_QOQ_SQ":0,"ROE_AVG_SQ":-2.195402475793,"PE_TTM_SQ":7.65524279799,"PB_TTM_SQ":0.858127200812,"ROA_SQ":-1.618437509879,"START_DATE":"2024-04-01 00:00:00","FISCAL_YEAR":"3-31","CURRENCY":"HKD","IS_CNY_CODE":0,"DPS_HKD_LY":0.01242,"ORG_TYPE":"一般企业","PREMIUM_INCOME":null,"PREMIUM_INCOME_YOY":null,"NET_INTEREST_INCOME":null,"NET_INTEREST_INCOME_YOY":null,"FEE_COMMISSION_INCOME":null,"FEE_COMMISSION_INCOME_YOY":null,"ACCOUNTS_RECE_TDAYS":1.824073347889,"INVENTORY_TDAYS":2.345339327982,"CURRENT_ASSETS_TDAYS":0.694097634375,"TOTAL_ASSETS_TDAYS":0.573071377589,"PREMIUM_EXPENSE":null,"LOAN_DEPOSIT":null,"LOAN_EQUITY":null,"LOAN_ASSETS":null,"DEPOSIT_EQUITY":null,"DEPOSIT_ASSETS":null,"EQUITY_MULTIPLIER":1.325288420769,"EQUITY_RATIO":0.325288420768},{"SECUCODE":"00150.HK","SECURITY_CODE":"00150","SECURITY_NAME_ABBR":"HYPEBEAST","ORG_CODE":"10494833","STD_REPORT_DATE":"2023-12-31 00:00:00","REPORT_DATE":"2024-03-31 00:00:00","DATE_TYPE_CODE":"001","REPORT_TYPE":"2023年年报","PER_NETCASH_OPERATE":0.031147786802,"PER_OI":0.395278597055,"BPS":0.21198518965,"BASIC_EPS":0.009881395,"DILUTED_EPS":0.009881395,"OPERATE_INCOME":811953320.6,"OPERATE_INCOME_YOY":-6.7002926124,"GROSS_PROFIT":374820349.9,"GROSS_PROFIT_YOY":-15.284875477916,"HOLDER_PROFIT":20222410.85,"HOLDER_PROFIT_YOY":540.0670743736,"GROSS_PROFIT_RATIO":46.162795371417,"EPS_TTM":0.021864633764,"OPERATE_INCOME_QOQ":0,"NET_PROFIT_RATIO":2.4905878623,"ROE_AVG":4.711401075256,"GROSS_PROFIT_QOQ":0,"ROA":3.506747584758,"HOLDER_PROFIT_QOQ":0,"ROE_YEARLY":4.711401075256,"ROIC_YEARLY":4.938908489489,"TOTAL_ASSETS":571014994.35,"TOTAL_LIABILITIES":135570019.75,"TAX_EBT":32.024012676743,"OCF_SALES":7.879957840769,"TOTAL_PARENT_EQUITY":435444974.6,"DEBT_ASSET_RATIO":23.7419369178,"OPERATE_PROFIT":32515228.85,"PRETAX_PROFIT":29749344.8,"NETCASH_OPERATE":63981579.35,"NETCASH_INVEST":-13784092.75,"NETCASH_FINANCE":-28559044.65,"END_CASH":166344672.6,"DIVI_RATIO":0.514567530441,"DIVIDEND_RATE":6.088235294118,"CURRENT_RATIO":4.143915592408,"COMMON_ACS":6000000000,"CURRENTDEBT_DEBT":82.581162860677,"ISSUED_COMMON_SHARES":2054129231,"HK_COMMON_SHARES":2054129231,"PER_SHARES":2800,"TOTAL_MARKET_CAP":419042363.124,"HKSK_MARKET_CAP":419042363.124,"PE_TTM":7.977960268901,"PB_TTM":0.883967967573,"REPORT_DATE_SQ":"2022-12-31 00:00:00","REPORT_TYPE_SQ":"2022年年报","OPERATE_INCOME_SQ":840369963.93,"DPS_HKD":0.01242,"OPERATE_INCOME_QOQ_SQ":0,"NET_PROFIT_RATIO_SQ":-0.5280356843,"HOLDER_PROFIT_SQ":-4437453.29,"HOLDER_PROFIT_QOQ_SQ":0,"ROE_AVG_SQ":-1.073348289768,"PE_TTM_SQ":8.731114758788,"PB_TTM_SQ":0.978728861467,"ROA_SQ":-0.738710222735,"START_DATE":"2023-04-01 00:00:00","FISCAL_YEAR":"3-31","CURRENCY":"HKD","IS_CNY_CODE":0,"DPS_HKD_LY":null,"ORG_TYPE":"一般企业","PREMIUM_INCOME":null,"PREMIUM_INCOME_YOY":null,"NET_INTEREST_INCOME":null,"NET_INTEREST_INCOME_YOY":null,"FEE_COMMISSION_INCOME":null,"FEE_COMMISSION_INCOME_YOY":null,"ACCOUNTS_RECE_TDAYS":4.757286761796,"INVENTORY_TDAYS":5.030872119106,"CURRENT_ASSETS_TDAYS":1.774585628791,"TOTAL_ASSETS_TDAYS":1.407999949695,"PREMIUM_EXPENSE":null,"LOAN_DEPOSIT":null,"LOAN_EQUITY":null,"LOAN_ASSETS":null,"DEPOSIT_EQUITY":null,"DEPOSIT_ASSETS":null,"EQUITY_MULTIPLIER":1.311336742086,"EQUITY_RATIO":0.311336742087},{"SECUCODE":"00150.HK","SECURITY_CODE":"00150","SECURITY_NAME_ABBR":"HYPEBEAST","ORG_CODE":"10494833","STD_REPORT_DATE":"2023-06-30 00:00:00","REPORT_DATE":"2023-09-30 00:00:00","DATE_TYPE_CODE":"002","REPORT_TYPE":"2023年中报","PER_NETCASH_OPERATE":0.001381272374,"PER_OI":0.19656193842,"BPS":0.197827955855,"BASIC_EPS":-0.004496387,"DILUTED_EPS":-0.004496387,"OPERATE_INCOME":403763623.41,"OPERATE_INCOME_YOY":-2.2237085957,"GROSS_PROFIT":189789742.38,"GROSS_PROFIT_YOY":-10.409960649107,"HOLDER_PROFIT":-9160700.29,"HOLDER_PROFIT_YOY":84.5686550322,"GROSS_PROFIT_RATIO":47.005161281525,"EPS_TTM":-0.002160260038,"OPERATE_INCOME_QOQ":0,"NET_PROFIT_RATIO":-2.2688275414,"ROE_AVG":-2.195402475793,"GROSS_PROFIT_QOQ":0,"ROA":-1.618437509879,"HOLDER_PROFIT_QOQ":0,"ROE_YEARLY":-4.390804951586,"ROIC_YEARLY":-4.303276921883,"TOTAL_ASSETS":542597371.89,"TOTAL_LIABILITIES":136233185.06,"TAX_EBT":-29.012664771259,"OCF_SALES":0.702716093153,"TOTAL_PARENT_EQUITY":406364186.83,"DEBT_ASSET_RATIO":25.1076013482,"OPERATE_PROFIT":-5672788.66,"PRETAX_PROFIT":-7100620.94,"NETCASH_OPERATE":2837311.96,"NETCASH_INVEST":2845570.63,"NETCASH_FINANCE":-15590533.7,"END_CASH":128187405.22,"DIVI_RATIO":-5.208090879643,"DIVIDEND_RATE":6.088235294118,"CURRENT_RATIO":4.063500052063,"COMMON_ACS":6000000000,"CURRENTDEBT_DEBT":77.625250905956,"ISSUED_COMMON_SHARES":2054129231,"HK_COMMON_SHARES":2054129231,"PER_SHARES":2800,"TOTAL_MARKET_CAP":419042363.124,"HKSK_MARKET_CAP":419042363.124,"PE_TTM":7.977960268901,"PB_TTM":0.883967967573,"REPORT_DATE_SQ":"2022-06-30 00:00:00","REPORT_TYPE_SQ":"2022年中报","OPERATE_INCOME_SQ":407010662.16,"DPS_HKD":0.01242,"OPERATE_INCOME_QOQ_SQ":0,"NET_PROFIT_RATIO_SQ":-14.3757749759,"HOLDER_PROFIT_SQ":-58510936.92,"HOLDER_PROFIT_QOQ_SQ":0,"ROE_AVG_SQ":-14.754730235189,"PE_TTM_SQ":8.731114758788,"PB_TTM_SQ":0.978728861467,"ROA_SQ":-9.04374107498,"START_DATE":"2023-04-01 00:00:00","FISCAL_YEAR":"3-31","CURRENCY":"HKD","IS_CNY_CODE":0,"DPS_HKD_LY":null,"ORG_TYPE":"一般企业","PREMIUM_INCOME":null,"PREMIUM_INCOME_YOY":null,"NET_INTEREST_INCOME":null,"NET_INTEREST_INCOME_YOY":null,"FEE_COMMISSION_INCOME":null,"FEE_COMMISSION_INCOME_YOY":null,"ACCOUNTS_RECE_TDAYS":2.263608443125,"INVENTORY_TDAYS":2.222729547458,"CURRENT_ASSETS_TDAYS":0.911027187517,"TOTAL_ASSETS_TDAYS":0.713336505469,"PREMIUM_EXPENSE":null,"LOAN_DEPOSIT":null,"LOAN_EQUITY":null,"LOAN_ASSETS":null,"DEPOSIT_EQUITY":null,"DEPOSIT_ASSETS":null,"EQUITY_MULTIPLIER":1.33524899456,"EQUITY_RATIO":0.33524899456},{"SECUCODE":"00150.HK","SECURITY_CODE":"00150","SECURITY_NAME_ABBR":"HYPEBEAST","ORG_CODE":"10494833","STD_REPORT_DATE":"2022-12-31 00:00:00","REPORT_DATE":"2023-03-31 00:00:00","DATE_TYPE_CODE":"001","REPORT_TYPE":"2022年年报","PER_NETCASH_OPERATE":-0.027900127025,"PER_OI":0.409112509207,"BPS":0.198853449377,"BASIC_EPS":-0.002188525,"DILUTED_EPS":-0.002188525,"OPERATE_INCOME":840369963.93,"OPERATE_INCOME_YOY":7.1838656948,"GROSS_PROFIT":442447971.38,"GROSS_PROFIT_YOY":-0.684708449531,"HOLDER_PROFIT":-4437453.29,"HOLDER_PROFIT_YOY":-105.0605488834,"GROSS_PROFIT_RATIO":52.649189091777,"EPS_TTM":-0.014476021392,"OPERATE_INCOME_QOQ":0,"NET_PROFIT_RATIO":-0.5280356843,"ROE_AVG":-1.073348289768,"GROSS_PROFIT_QOQ":0,"ROA":-0.738710222735,"HOLDER_PROFIT_QOQ":0,"ROE_YEARLY":-1.073348289768,"ROIC_YEARLY":-1.099444529998,"TOTAL_ASSETS":562324865.96,"TOTAL_LIABILITIES":153854182.91,"TAX_EBT":128.57545521168,"OCF_SALES":-6.819670969913,"TOTAL_PARENT_EQUITY":408470683.05,"DEBT_ASSET_RATIO":27.3603733755,"OPERATE_PROFIT":18596334.63,"PRETAX_PROFIT":15528897.99,"NETCASH_OPERATE":-57310466.47,"NETCASH_INVEST":1065373.97,"NETCASH_FINANCE":-35690465.7,"END_CASH":145336443.61,"DIVI_RATIO":-0.777204612738,"DIVIDEND_RATE":6.088235294118,"CURRENT_RATIO":3.745721124174,"COMMON_ACS":6000000000,"CURRENTDEBT_DEBT":75.596724911949,"ISSUED_COMMON_SHARES":2054129231,"HK_COMMON_SHARES":2054129231,"PER_SHARES":2800,"TOTAL_MARKET_CAP":419042363.124,"HKSK_MARKET_CAP":419042363.124,"PE_TTM":7.977960268901,"PB_TTM":0.883967967573,"REPORT_DATE_SQ":"2021-12-31 00:00:00","REPORT_TYPE_SQ":"2021年年报","OPERATE_INCOME_SQ":726366508.32,"DPS_HKD":0.01242,"OPERATE_INCOME_QOQ_SQ":0,"NET_PROFIT_RATIO_SQ":11.183946085,"HOLDER_PROFIT_SQ":81236438.67,"HOLDER_PROFIT_QOQ_SQ":0,"ROE_AVG_SQ":23.873187322069,"PE_TTM_SQ":8.731114758788,"PB_TTM_SQ":0.978728861467,"ROA_SQ":15.273771920395,"START_DATE":"2022-04-01 00:00:00","FISCAL_YEAR":"3-31","CURRENCY":"HKD","IS_CNY_CODE":0,"DPS_HKD_LY":null,"ORG_TYPE":"一般企业","PREMIUM_INCOME":null,"PREMIUM_INCOME_YOY":null,"NET_INTEREST_INCOME":null,"NET_INTEREST_INCOME_YOY":null,"FEE_COMMISSION_INCOME":null,"FEE_COMMISSION_INCOME_YOY":null,"ACCOUNTS_RECE_TDAYS":5.194701255692,"INVENTORY_TDAYS":4.955034010639,"CURRENT_ASSETS_TDAYS":1.810728301065,"TOTAL_ASSETS_TDAYS":1.398977843065,"PREMIUM_EXPENSE":null,"LOAN_DEPOSIT":null,"LOAN_EQUITY":null,"LOAN_ASSETS":null,"DEPOSIT_EQUITY":null,"DEPOSIT_ASSETS":null,"EQUITY_MULTIPLIER":1.376659058518,"EQUITY_RATIO":0.376659058518},{"SECUCODE":"00150.HK","SECURITY_CODE":"00150","SECURITY_NAME_ABBR":"HYPEBEAST","ORG_CODE":"10494833","STD_REPORT_DATE":"2022-06-30 00:00:00","REPORT_DATE":"2022-09-30 00:00:00","DATE_TYPE_CODE":"002","REPORT_TYPE":"2022年中报","PER_NETCASH_OPERATE":-0.027221755163,"PER_OI":0.198142675747,"BPS":0.175679278983,"BASIC_EPS":-0.02848986,"DILUTED_EPS":-0.02848986,"OPERATE_INCOME":407010662.16,"OPERATE_INCOME_YOY":2.0817218155,"GROSS_PROFIT":211842459,"GROSS_PROFIT_YOY":-1.574395867091,"HOLDER_PROFIT":-58510936.92,"HOLDER_PROFIT_YOY":-202.7296979706,"GROSS_PROFIT_RATIO":52.048380717044,"EPS_TTM":0.039547871402,"OPERATE_INCOME_QOQ":0,"NET_PROFIT_RATIO":-14.3757749759,"ROE_AVG":-14.754730235189,"GROSS_PROFIT_QOQ":0,"ROA":-9.04374107498,"HOLDER_PROFIT_QOQ":0,"ROE_YEARLY":-29.509460470378,"ROIC_YEARLY":-27.124776993017,"TOTAL_ASSETS":633680510.52,"TOTAL_LIABILITIES":272812568.28,"TAX_EBT":-42.19804374107,"OCF_SALES":-13.738461470088,"TOTAL_PARENT_EQUITY":360867942.24,"DEBT_ASSET_RATIO":43.0520686294,"OPERATE_PROFIT":-39554778.96,"PRETAX_PROFIT":-41147497.8,"NETCASH_OPERATE":-55917003,"NETCASH_INVEST":-3634944.36,"NETCASH_FINANCE":-8244875.04,"END_CASH":174008829.36,"DIVI_RATIO":0.284486375657,"DIVIDEND_RATE":6.088235294118,"CURRENT_RATIO":2.155092924371,"COMMON_ACS":6000000000,"CURRENTDEBT_DEBT":83.269625410676,"ISSUED_COMMON_SHARES":2054129231,"HK_COMMON_SHARES":2054129231,"PER_SHARES":2800,"TOTAL_MARKET_CAP":419042363.124,"HKSK_MARKET_CAP":419042363.124,"PE_TTM":7.977960268901,"PB_TTM":0.883967967573,"REPORT_DATE_SQ":"2021-06-30 00:00:00","REPORT_TYPE_SQ":"2021年中报","OPERATE_INCOME_SQ":367243671.22,"DPS_HKD":0.01242,"OPERATE_INCOME_QOQ_SQ":0,"NET_PROFIT_RATIO_SQ":14.2850985738,"HOLDER_PROFIT_SQ":52461120.44,"HOLDER_PROFIT_QOQ_SQ":0,"ROE_AVG_SQ":15.807659337335,"PE_TTM_SQ":8.731114758788,"PB_TTM_SQ":0.978728861467,"ROA_SQ":9.961253706365,"START_DATE":"2022-04-01 00:00:00","FISCAL_YEAR":"3-31","CURRENCY":"HKD","IS_CNY_CODE":0,"DPS_HKD_LY":null,"ORG_TYPE":"一般企业","PREMIUM_INCOME":null,"PREMIUM_INCOME_YOY":null,"NET_INTEREST_INCOME":null,"NET_INTEREST_INCOME_YOY":null,"FEE_COMMISSION_INCOME":null,"FEE_COMMISSION_INCOME_YOY":null,"ACCOUNTS_RECE_TDAYS":2.155342688826,"INVENTORY_TDAYS":2.669516110077,"CURRENT_ASSETS_TDAYS":0.815278200501,"TOTAL_ASSETS_TDAYS":0.629095898492,"PREMIUM_EXPENSE":null,"LOAN_DEPOSIT":null,"LOAN_EQUITY":null,"LOAN_ASSETS":null,"DEPOSIT_EQUITY":null,"DEPOSIT_ASSETS":null,"EQUITY_MULTIPLIER":1.755990034989,"EQUITY_RATIO":0.755990034988},{"SECUCODE":"00150.HK","SECURITY_CODE":"00150","SECURITY_NAME_ABBR":"HYPEBEAST","ORG_CODE":"10494833","STD_REPORT_DATE":"2021-12-31 00:00:00","REPORT_DATE":"2022-03-31 00:00:00","DATE_TYPE_CODE":"001","REPORT_TYPE":"2021年年报","PER_NETCASH_OPERATE":0.062620959879,"PER_OI":0.35369895274,"BPS":0.188690491966,"BASIC_EPS":0.039577288,"DILUTED_EPS":0.039496187,"OPERATE_INCOME":726366508.32,"OPERATE_INCOME_YOY":32.8413021424,"GROSS_PROFIT":445498336.13,"GROSS_PROFIT_YOY":57.755788421742,"HOLDER_PROFIT":81236438.67,"HOLDER_PROFIT_YOY":41.9117647059,"GROSS_PROFIT_RATIO":61.332444575451,"EPS_TTM":0.04565659763,"OPERATE_INCOME_QOQ":0,"NET_PROFIT_RATIO":11.183946085,"ROE_AVG":23.873187322069,"GROSS_PROFIT_QOQ":0,"ROA":15.273771920395,"HOLDER_PROFIT_QOQ":0,"ROE_YEARLY":23.873187322069,"ROIC_YEARLY":24.49738742958,"TOTAL_ASSETS":592066496.36,"TOTAL_LIABILITIES":204471841.2,"TAX_EBT":29.484688489968,"OCF_SALES":17.704592957822,"TOTAL_PARENT_EQUITY":387594655.16,"DEBT_ASSET_RATIO":34.5352831915,"OPERATE_PROFIT":118924884.38,"PRETAX_PROFIT":115203970.5,"NETCASH_OPERATE":128600233.68,"NETCASH_INVEST":-56859911.1,"NETCASH_FINANCE":-12770163.46,"END_CASH":230545001.69,"DIVI_RATIO":0.246422887034,"DIVIDEND_RATE":6.088235294118,"CURRENT_RATIO":2.898913396293,"COMMON_ACS":6000000000,"CURRENTDEBT_DEBT":76.983579247977,"ISSUED_COMMON_SHARES":2054129231,"HK_COMMON_SHARES":2054129231,"PER_SHARES":2800,"TOTAL_MARKET_CAP":419042363.124,"HKSK_MARKET_CAP":419042363.124,"PE_TTM":7.977960268901,"PB_TTM":0.883967967573,"REPORT_DATE_SQ":"2020-12-31 00:00:00","REPORT_TYPE_SQ":"2020年年报","OPERATE_INCOME_SQ":569830498.16,"DPS_HKD":0.01242,"OPERATE_INCOME_QOQ_SQ":0,"NET_PROFIT_RATIO_SQ":10.4691106062,"HOLDER_PROFIT_SQ":59656185.12,"HOLDER_PROFIT_QOQ_SQ":0,"ROE_AVG_SQ":22.1809508546,"PE_TTM_SQ":8.731114758788,"PB_TTM_SQ":0.978728861467,"ROA_SQ":13.629543808834,"START_DATE":"2021-04-01 00:00:00","FISCAL_YEAR":"3-31","CURRENCY":"HKD","IS_CNY_CODE":0,"DPS_HKD_LY":null,"ORG_TYPE":"一般企业","PREMIUM_INCOME":null,"PREMIUM_INCOME_YOY":null,"NET_INTEREST_INCOME":null,"NET_INTEREST_INCOME_YOY":null,"FEE_COMMISSION_INCOME":null,"FEE_COMMISSION_INCOME_YOY":null,"ACCOUNTS_RECE_TDAYS":4.714348878829,"INVENTORY_TDAYS":6.179247218778,"CURRENT_ASSETS_TDAYS":1.750917605614,"TOTAL_ASSETS_TDAYS":1.365687191651,"PREMIUM_EXPENSE":null,"LOAN_DEPOSIT":null,"LOAN_EQUITY":null,"LOAN_ASSETS":null,"DEPOSIT_EQUITY":null,"DEPOSIT_ASSETS":null,"EQUITY_MULTIPLIER":1.52754040459,"EQUITY_RATIO":0.52754040459},{"SECUCODE":"00150.HK","SECURITY_CODE":"00150","SECURITY_NAME_ABBR":"HYPEBEAST","ORG_CODE":"10494833","STD_REPORT_DATE":"2021-06-30 00:00:00","REPORT_DATE":"2021-09-30 00:00:00","DATE_TYPE_CODE":"002","REPORT_TYPE":"2021年中报","PER_NETCASH_OPERATE":0.028250068905,"PER_OI":0.178849891227,"BPS":0.176622753391,"BASIC_EPS":0.025574942,"DILUTED_EPS":0.025491636,"OPERATE_INCOME":367243671.22,"OPERATE_INCOME_YOY":54.4347210739,"GROSS_PROFIT":215231047.72,"GROSS_PROFIT_YOY":91.51264156594,"HOLDER_PROFIT":52461120.44,"HOLDER_PROFIT_YOY":201.4696730337,"GROSS_PROFIT_RATIO":58.607149581365,"EPS_TTM":0.029065662958,"OPERATE_INCOME_QOQ":0,"NET_PROFIT_RATIO":14.2850985738,"ROE_AVG":15.807659337335,"GROSS_PROFIT_QOQ":0,"ROA":9.961253706365,"HOLDER_PROFIT_QOQ":0,"ROE_YEARLY":31.615318674671,"ROIC_YEARLY":31.483654861671,"TOTAL_ASSETS":568808369.64,"TOTAL_LIABILITIES":206002409.04,"TAX_EBT":20.825265910634,"OCF_SALES":15.795407372793,"TOTAL_PARENT_EQUITY":362805960.6,"DEBT_ASSET_RATIO":36.2164869639,"OPERATE_PROFIT":68160136.14,"PRETAX_PROFIT":66259926.28,"NETCASH_OPERATE":58007633.92,"NETCASH_INVEST":-18711360.66,"NETCASH_FINANCE":-2272587.68,"END_CASH":212196210.14,"DIVI_RATIO":0.387083226558,"DIVIDEND_RATE":6.088235294118,"CURRENT_RATIO":2.995264994629,"COMMON_ACS":6000000000,"CURRENTDEBT_DEBT":75.668866566377,"ISSUED_COMMON_SHARES":2054129231,"HK_COMMON_SHARES":2054129231,"PER_SHARES":2800,"TOTAL_MARKET_CAP":419042363.124,"HKSK_MARKET_CAP":419042363.124,"PE_TTM":7.977960268901,"PB_TTM":0.883967967573,"REPORT_DATE_SQ":"2020-06-30 00:00:00","REPORT_TYPE_SQ":"2020年中报","OPERATE_INCOME_SQ":250832381.44,"DPS_HKD":0.01242,"OPERATE_INCOME_QOQ_SQ":0,"NET_PROFIT_RATIO_SQ":7.3178678026,"HOLDER_PROFIT_SQ":18355582.08,"HOLDER_PROFIT_QOQ_SQ":0,"ROE_AVG_SQ":7.259313060265,"PE_TTM_SQ":8.731114758788,"PB_TTM_SQ":0.978728861467,"ROA_SQ":4.348278611232,"START_DATE":"2021-04-01 00:00:00","FISCAL_YEAR":"3-31","CURRENCY":"HKD","IS_CNY_CODE":0,"DPS_HKD_LY":null,"ORG_TYPE":"一般企业","PREMIUM_INCOME":null,"PREMIUM_INCOME_YOY":null,"NET_INTEREST_INCOME":null,"NET_INTEREST_INCOME_YOY":null,"FEE_COMMISSION_INCOME":null,"FEE_COMMISSION_INCOME_YOY":null,"ACCOUNTS_RECE_TDAYS":2.036217424641,"INVENTORY_TDAYS":3.775917725448,"CURRENT_ASSETS_TDAYS":0.863662322269,"TOTAL_ASSETS_TDAYS":0.697317813725,"PREMIUM_EXPENSE":null,"LOAN_DEPOSIT":null,"LOAN_EQUITY":null,"LOAN_ASSETS":null,"DEPOSIT_EQUITY":null,"DEPOSIT_ASSETS":null,"EQUITY_MULTIPLIER":1.567803265138,"EQUITY_RATIO":0.567803265137},{"SECUCODE":"00150.HK","SECURITY_CODE":"00150","SECURITY_NAME_ABBR":"HYPEBEAST","ORG_CODE":"10494833","STD_REPORT_DATE":"2020-12-31 00:00:00","REPORT_DATE":"2021-03-31 00:00:00","DATE_TYPE_CODE":"001","REPORT_TYPE":"2020年年报","PER_NETCASH_OPERATE":0.080850503707,"PER_OI":0.278519172292,"BPS":0.148634932083,"BASIC_EPS":0.029327746,"DILUTED_EPS":0.02915871,"OPERATE_INCOME":569830498.16,"OPERATE_INCOME_YOY":-10.2686170673,"GROSS_PROFIT":282397457.86,"GROSS_PROFIT_YOY":-18.510902914867,"HOLDER_PROFIT":59656185.12,"HOLDER_PROFIT_YOY":7.3112884835,"GROSS_PROFIT_RATIO":49.558150848695,"EPS_TTM":0.026249625714,"OPERATE_INCOME_QOQ":0,"NET_PROFIT_RATIO":10.4691106062,"ROE_AVG":22.1809508546,"GROSS_PROFIT_QOQ":0,"ROA":13.629543808834,"HOLDER_PROFIT_QOQ":0,"ROE_YEARLY":22.1809508546,"ROIC_YEARLY":18.601072044105,"TOTAL_ASSETS":491544010.3,"TOTAL_LIABILITIES":186228651.56,"TAX_EBT":24.17741779549,"OCF_SALES":29.028703137885,"TOTAL_PARENT_EQUITY":305315358.74,"DEBT_ASSET_RATIO":37.886465435,"OPERATE_PROFIT":80049533.34,"PRETAX_PROFIT":78678651.38,"NETCASH_OPERATE":165414403.7,"NETCASH_INVEST":-10365287.52,"NETCASH_FINANCE":-36365559.86,"END_CASH":177128598.5,"DIVI_RATIO":0.428609181809,"DIVIDEND_RATE":6.088235294118,"CURRENT_RATIO":2.98323030468,"COMMON_ACS":6000000000,"CURRENTDEBT_DEBT":70.039302538781,"ISSUED_COMMON_SHARES":2054129231,"HK_COMMON_SHARES":2054129231,"PER_SHARES":2800,"TOTAL_MARKET_CAP":419042363.124,"HKSK_MARKET_CAP":419042363.124,"PE_TTM":7.977960268901,"PB_TTM":0.883967967573,"REPORT_DATE_SQ":"2019-12-31 00:00:00","REPORT_TYPE_SQ":"2019年年报","OPERATE_INCOME_SQ":686524027.9,"DPS_HKD":0.01242,"OPERATE_INCOME_QOQ_SQ":0,"NET_PROFIT_RATIO_SQ":8.7540442953,"HOLDER_PROFIT_SQ":60098617.5,"HOLDER_PROFIT_QOQ_SQ":0,"ROE_AVG_SQ":27.340064261101,"PE_TTM_SQ":8.731114758788,"PB_TTM_SQ":0.978728861467,"ROA_SQ":16.706034745504,"START_DATE":"2020-04-01 00:00:00","FISCAL_YEAR":"3-31","CURRENCY":"HKD","IS_CNY_CODE":0,"DPS_HKD_LY":null,"ORG_TYPE":"一般企业","PREMIUM_INCOME":null,"PREMIUM_INCOME_YOY":null,"NET_INTEREST_INCOME":null,"NET_INTEREST_INCOME_YOY":null,"FEE_COMMISSION_INCOME":null,"FEE_COMMISSION_INCOME_YOY":null,"ACCOUNTS_RECE_TDAYS":3.223257526139,"INVENTORY_TDAYS":5.977046846578,"CURRENT_ASSETS_TDAYS":1.609276447147,"TOTAL_ASSETS_TDAYS":1.301881728216,"PREMIUM_EXPENSE":null,"LOAN_DEPOSIT":null,"LOAN_EQUITY":null,"LOAN_ASSETS":null,"DEPOSIT_EQUITY":null,"DEPOSIT_ASSETS":null,"EQUITY_MULTIPLIER":1.609955071794,"EQUITY_RATIO":0.609955071794},{"SECUCODE":"00150.HK","SECURITY_CODE":"00150","SECURITY_NAME_ABBR":"HYPEBEAST","ORG_CODE":"10494833","STD_REPORT_DATE":"2020-06-30 00:00:00","REPORT_DATE":"2020-09-30 00:00:00","DATE_TYPE_CODE":"002","REPORT_TYPE":"2020年中报","PER_NETCASH_OPERATE":0.044678117069,"PER_OI":0.123051801603,"BPS":0.128468995084,"BASIC_EPS":0.009050816,"DILUTED_EPS":0.008962944,"OPERATE_INCOME":250832381.44,"OPERATE_INCOME_YOY":-28.8759767182,"GROSS_PROFIT":112384773.12,"GROSS_PROFIT_YOY":-33.298511804095,"HOLDER_PROFIT":18355582.08,"HOLDER_PROFIT_YOY":-24.0896867505,"GROSS_PROFIT_RATIO":44.804730742822,"EPS_TTM":0.029706752757,"OPERATE_INCOME_QOQ":0,"NET_PROFIT_RATIO":7.3178678026,"ROE_AVG":7.259313060265,"GROSS_PROFIT_QOQ":0,"ROA":4.348278611232,"HOLDER_PROFIT_QOQ":0,"ROE_YEARLY":14.51862612053,"ROIC_YEARLY":11.150969684352,"TOTAL_ASSETS":445185034.88,"TOTAL_LIABILITIES":181293116.8,"TAX_EBT":23.015405026904,"OCF_SALES":36.308381093844,"TOTAL_PARENT_EQUITY":263891918.08,"DEBT_ASSET_RATIO":40.72309323,"OPERATE_PROFIT":24794842.24,"PRETAX_PROFIT":23843188.48,"NETCASH_OPERATE":91073176.96,"NETCASH_INVEST":-57995.52,"NETCASH_FINANCE":-23405585.92,"END_CASH":126735149.44,"DIVI_RATIO":0.378729735018,"DIVIDEND_RATE":6.088235294118,"CURRENT_RATIO":2.842388293432,"COMMON_ACS":6000000000,"CURRENTDEBT_DEBT":65.61665414536,"ISSUED_COMMON_SHARES":2054129231,"HK_COMMON_SHARES":2054129231,"PER_SHARES":2800,"TOTAL_MARKET_CAP":419042363.124,"HKSK_MARKET_CAP":419042363.124,"PE_TTM":7.977960268901,"PB_TTM":0.883967967573,"REPORT_DATE_SQ":"2019-06-30 00:00:00","REPORT_TYPE_SQ":"2019年中报","OPERATE_INCOME_SQ":362016301.44,"DPS_HKD":0.01242,"OPERATE_INCOME_QOQ_SQ":0,"NET_PROFIT_RATIO_SQ":6.8564622867,"HOLDER_PROFIT_SQ":24821511.18,"HOLDER_PROFIT_QOQ_SQ":0,"ROE_AVG_SQ":12.481629987118,"PE_TTM_SQ":8.731114758788,"PB_TTM_SQ":0.978728861467,"ROA_SQ":7.304891208408,"START_DATE":"2020-04-01 00:00:00","FISCAL_YEAR":"3-31","CURRENCY":"HKD","IS_CNY_CODE":0,"DPS_HKD_LY":null,"ORG_TYPE":"一般企业","PREMIUM_INCOME":null,"PREMIUM_INCOME_YOY":null,"NET_INTEREST_INCOME":null,"NET_INTEREST_INCOME_YOY":null,"FEE_COMMISSION_INCOME":null,"FEE_COMMISSION_INCOME_YOY":null,"ACCOUNTS_RECE_TDAYS":1.512176257754,"INVENTORY_TDAYS":2.543584776204,"CURRENT_ASSETS_TDAYS":0.748912189382,"TOTAL_ASSETS_TDAYS":0.594200213573,"PREMIUM_EXPENSE":null,"LOAN_DEPOSIT":null,"LOAN_EQUITY":null,"LOAN_ASSETS":null,"DEPOSIT_EQUITY":null,"DEPOSIT_ASSETS":null,"EQUITY_MULTIPLIER":1.68699760917,"EQUITY_RATIO":0.686997609169}],"count":30},"success":true,"message":"ok","code":0}