{"version":"3d17266417f0e668a82b2752599f3cf7","result":{"pages":6,"data":[{"SECUCODE":"00166.HK","SECURITY_CODE":"00166","SECURITY_NAME_ABBR":"新时代集团控股","ORG_CODE":"10007439","STD_REPORT_DATE":"2024-06-30 00:00:00","REPORT_DATE":"2024-06-30 00:00:00","DATE_TYPE_CODE":"002","REPORT_TYPE":"2024年中报","PER_NETCASH_OPERATE":-0.013447286995,"PER_OI":0.47166776751,"BPS":0.12000241981,"BASIC_EPS":-0.002555504,"DILUTED_EPS":-0.002555504,"OPERATE_INCOME":4123214436,"OPERATE_INCOME_YOY":-72.7885460963,"GROSS_PROFIT":30118440,"GROSS_PROFIT_YOY":119.242479455144,"HOLDER_PROFIT":-22725732,"HOLDER_PROFIT_YOY":-143.0051813472,"GROSS_PROFIT_RATIO":0.73046018992,"EPS_TTM":-0.024307927815,"OPERATE_INCOME_QOQ":-47.192843889654,"NET_PROFIT_RATIO":-0.551165416,"ROE_AVG":-2.126478500363,"GROSS_PROFIT_QOQ":13.203883254113,"ROA":-1.401277469822,"HOLDER_PROFIT_QOQ":-55.803610792917,"ROE_YEARLY":-4.252957000726,"ROIC_YEARLY":-4.64465584779,"TOTAL_ASSETS":1691378576,"TOTAL_LIABILITIES":642435452,"TAX_EBT":-29.015544041451,"OCF_SALES":-2.851008256414,"TOTAL_PARENT_EQUITY":1049034392,"DEBT_ASSET_RATIO":37.9829484136,"OPERATE_PROFIT":273804,"PRETAX_PROFIT":-17614724,"NETCASH_OPERATE":-117553184,"NETCASH_INVEST":-49193452,"NETCASH_FINANCE":-4015792,"END_CASH":559564108,"DIVI_RATIO":null,"DIVIDEND_RATE":null,"CURRENT_RATIO":2.321678321678,"COMMON_ACS":200000000000,"CURRENTDEBT_DEBT":65.009234266231,"ISSUED_COMMON_SHARES":8741776988,"HK_COMMON_SHARES":8741776988,"PER_SHARES":2000,"TOTAL_MARKET_CAP":393379964.46,"HKSK_MARKET_CAP":393379964.46,"PE_TTM":-1.686155012688,"PB_TTM":0.342248098538,"REPORT_DATE_SQ":"2023-06-30 00:00:00","REPORT_TYPE_SQ":"2023年中报","OPERATE_INCOME_SQ":15306896356,"DPS_HKD":null,"OPERATE_INCOME_QOQ_SQ":34.315480330286,"NET_PROFIT_RATIO_SQ":0.348748961,"HOLDER_PROFIT_SQ":53382642,"HOLDER_PROFIT_QOQ_SQ":-51.058187682526,"ROE_AVG_SQ":4.200217627856,"PE_TTM_SQ":4.679280184415,"PB_TTM_SQ":0.420248458282,"ROA_SQ":2.577441201844,"START_DATE":"2024-01-01 00:00:00","FISCAL_YEAR":"12-31","CURRENCY":"HKD","IS_CNY_CODE":0,"DPS_HKD_LY":null,"ORG_TYPE":"一般企业","PREMIUM_INCOME":null,"PREMIUM_INCOME_YOY":null,"NET_INTEREST_INCOME":null,"NET_INTEREST_INCOME_YOY":null,"FEE_COMMISSION_INCOME":null,"FEE_COMMISSION_INCOME_YOY":null,"ACCOUNTS_RECE_TDAYS":52.561954624782,"INVENTORY_TDAYS":20.196802521955,"CURRENT_ASSETS_TDAYS":4.321710431913,"TOTAL_ASSETS_TDAYS":2.542390050367,"PREMIUM_EXPENSE":null,"LOAN_DEPOSIT":null,"LOAN_EQUITY":null,"LOAN_ASSETS":null,"DEPOSIT_EQUITY":null,"DEPOSIT_ASSETS":null,"EQUITY_MULTIPLIER":1.612459758115,"EQUITY_RATIO":0.612406472942},{"SECUCODE":"00166.HK","SECURITY_CODE":"00166","SECURITY_NAME_ABBR":"新时代集团控股","ORG_CODE":"10007439","STD_REPORT_DATE":"2023-12-31 00:00:00","REPORT_DATE":"2023-12-31 00:00:00","DATE_TYPE_CODE":"001","REPORT_TYPE":"2023年年报","PER_NETCASH_OPERATE":0.001171419268,"PER_OI":2.710871516916,"BPS":0.123621015668,"BASIC_EPS":-0.015586984,"DILUTED_EPS":-0.015586984,"OPERATE_INCOME":23697834244,"OPERATE_INCOME_YOY":25.0416005202,"GROSS_PROFIT":-124061518,"GROSS_PROFIT_YOY":-132.957921187475,"HOLDER_PROFIT":-136386110,"HOLDER_PROFIT_YOY":-152.6407834907,"GROSS_PROFIT_RATIO":-0.523514160504,"EPS_TTM":-0.015601646003,"OPERATE_INCOME_QOQ":-5.554990156289,"NET_PROFIT_RATIO":-0.5755214109,"ROE_AVG":-11.971999045422,"GROSS_PROFIT_QOQ":-189.887501627622,"ROA":-7.785567368696,"HOLDER_PROFIT_QOQ":-209.115286214861,"ROE_YEARLY":-11.971999045422,"ROIC_YEARLY":-13.56767089969,"TOTAL_ASSETS":1541208354,"TOTAL_LIABILITIES":460631626,"TAX_EBT":5.701754385965,"OCF_SALES":0.043211906601,"TOTAL_PARENT_EQUITY":1080667350,"DEBT_ASSET_RATIO":29.8876933028,"OPERATE_PROFIT":-95153100,"PRETAX_PROFIT":-144632712,"NETCASH_OPERATE":10240286,"NETCASH_INVEST":-69778940,"NETCASH_FINANCE":-15315118,"END_CASH":721894852,"DIVI_RATIO":null,"DIVIDEND_RATE":null,"CURRENT_RATIO":4.067642405063,"COMMON_ACS":200000000000,"CURRENTDEBT_DEBT":49.734408813693,"ISSUED_COMMON_SHARES":8741776988,"HK_COMMON_SHARES":8741776988,"PER_SHARES":2000,"TOTAL_MARKET_CAP":428347072.412,"HKSK_MARKET_CAP":428347072.412,"PE_TTM":-1.83603545826,"PB_TTM":0.372670151742,"REPORT_DATE_SQ":"2022-12-31 00:00:00","REPORT_TYPE_SQ":"2022年年报","OPERATE_INCOME_SQ":18681134164,"DPS_HKD":null,"OPERATE_INCOME_QOQ_SQ":34.150422612081,"NET_PROFIT_RATIO_SQ":1.3670876827,"HOLDER_PROFIT_SQ":255385893,"HOLDER_PROFIT_QOQ_SQ":-45.790215583337,"ROE_AVG_SQ":23.597124320996,"PE_TTM_SQ":4.814911494108,"PB_TTM_SQ":0.432429573015,"ROA_SQ":14.655113643062,"START_DATE":"2023-01-01 00:00:00","FISCAL_YEAR":"12-31","CURRENCY":"HKD","IS_CNY_CODE":0,"DPS_HKD_LY":null,"ORG_TYPE":"一般企业","PREMIUM_INCOME":null,"PREMIUM_INCOME_YOY":null,"NET_INTEREST_INCOME":null,"NET_INTEREST_INCOME_YOY":null,"FEE_COMMISSION_INCOME":null,"FEE_COMMISSION_INCOME_YOY":null,"ACCOUNTS_RECE_TDAYS":201.078046905037,"INVENTORY_TDAYS":245.360824742268,"CURRENT_ASSETS_TDAYS":23.627481939571,"TOTAL_ASSETS_TDAYS":13.527850086702,"PREMIUM_EXPENSE":null,"LOAN_DEPOSIT":null,"LOAN_EQUITY":null,"LOAN_ASSETS":null,"DEPOSIT_EQUITY":null,"DEPOSIT_ASSETS":null,"EQUITY_MULTIPLIER":1.426283126468,"EQUITY_RATIO":0.426247379455},{"SECUCODE":"00166.HK","SECURITY_CODE":"00166","SECURITY_NAME_ABBR":"新时代集团控股","ORG_CODE":"10007439","STD_REPORT_DATE":"2023-06-30 00:00:00","REPORT_DATE":"2023-06-30 00:00:00","DATE_TYPE_CODE":"002","REPORT_TYPE":"2023年中报","PER_NETCASH_OPERATE":-0.001652221299,"PER_OI":1.747166143643,"BPS":0.151378592226,"BASIC_EPS":0.006085068,"DILUTED_EPS":0.006085068,"OPERATE_INCOME":15306896356,"OPERATE_INCOME_YOY":59.5935709617,"GROSS_PROFIT":13737502,"GROSS_PROFIT_YOY":-94.552836862125,"HOLDER_PROFIT":53382642,"HOLDER_PROFIT_YOY":-73.0572359237,"GROSS_PROFIT_RATIO":0.089747141945,"EPS_TTM":0.014266965475,"OPERATE_INCOME_QOQ":34.315480330286,"NET_PROFIT_RATIO":0.348748961,"ROE_AVG":4.200217627856,"GROSS_PROFIT_QOQ":-63.339388886171,"ROA":2.577441201844,"HOLDER_PROFIT_QOQ":-51.058187682526,"ROE_YEARLY":8.400435255713,"ROIC_YEARLY":8.173610883184,"TOTAL_ASSETS":2145816252,"TOTAL_LIABILITIES":822590556,"TAX_EBT":16.450216450217,"OCF_SALES":-0.094565780439,"TOTAL_PARENT_EQUITY":1323317894,"DEBT_ASSET_RATIO":38.3346223253,"OPERATE_PROFIT":89708654,"PRETAX_PROFIT":63893214,"NETCASH_OPERATE":-14475086,"NETCASH_INVEST":-28028192,"NETCASH_FINANCE":-12077938,"END_CASH":745236434,"DIVI_RATIO":null,"DIVIDEND_RATE":null,"CURRENT_RATIO":3.163395360693,"COMMON_ACS":200000000000,"CURRENTDEBT_DEBT":43.969961891953,"ISSUED_COMMON_SHARES":8741776988,"HK_COMMON_SHARES":8741776988,"PER_SHARES":2000,"TOTAL_MARKET_CAP":437088849.4,"HKSK_MARKET_CAP":437088849.4,"PE_TTM":-1.873505569653,"PB_TTM":0.380275665043,"REPORT_DATE_SQ":"2022-06-30 00:00:00","REPORT_TYPE_SQ":"2022年中报","OPERATE_INCOME_SQ":8896370532,"DPS_HKD":null,"OPERATE_INCOME_QOQ_SQ":52.521536584543,"NET_PROFIT_RATIO_SQ":2.0654889223,"HOLDER_PROFIT_SQ":183780331,"HOLDER_PROFIT_QOQ_SQ":74.928681597114,"ROE_AVG_SQ":17.852748145705,"PE_TTM_SQ":5.086174113494,"PB_TTM_SQ":0.45679180248,"ROA_SQ":11.637074992594,"START_DATE":"2023-01-01 00:00:00","FISCAL_YEAR":"12-31","CURRENCY":"HKD","IS_CNY_CODE":0,"DPS_HKD_LY":null,"ORG_TYPE":"一般企业","PREMIUM_INCOME":null,"PREMIUM_INCOME_YOY":null,"NET_INTEREST_INCOME":null,"NET_INTEREST_INCOME_YOY":null,"FEE_COMMISSION_INCOME":null,"FEE_COMMISSION_INCOME_YOY":null,"ACCOUNTS_RECE_TDAYS":80.808955950353,"INVENTORY_TDAYS":131.4506702381,"CURRENT_ASSETS_TDAYS":13.685532475958,"TOTAL_ASSETS_TDAYS":7.390534425088,"PREMIUM_EXPENSE":null,"LOAN_DEPOSIT":null,"LOAN_EQUITY":null,"LOAN_ASSETS":null,"DEPOSIT_EQUITY":null,"DEPOSIT_ASSETS":null,"EQUITY_MULTIPLIER":1.621655518394,"EQUITY_RATIO":0.621612206507},{"SECUCODE":"00166.HK","SECURITY_CODE":"00166","SECURITY_NAME_ABBR":"新时代集团控股","ORG_CODE":"10007439","STD_REPORT_DATE":"2022-12-31 00:00:00","REPORT_DATE":"2022-12-31 00:00:00","DATE_TYPE_CODE":"001","REPORT_TYPE":"2022年年报","PER_NETCASH_OPERATE":0.054401374858,"PER_OI":2.120715921744,"BPS":0.135055508125,"BASIC_EPS":0.029120602,"DILUTED_EPS":0.029120602,"OPERATE_INCOME":18681134164,"OPERATE_INCOME_YOY":87.2756664323,"GROSS_PROFIT":376423978,"GROSS_PROFIT_YOY":407.843926912433,"HOLDER_PROFIT":255385893,"HOLDER_PROFIT_YOY":-13.2045743638,"GROSS_PROFIT_RATIO":2.015275890614,"EPS_TTM":0.02899237255,"OPERATE_INCOME_QOQ":34.150422612081,"NET_PROFIT_RATIO":1.3670876827,"ROE_AVG":23.597124320996,"GROSS_PROFIT_QOQ":16.994321972391,"ROA":14.655113643062,"HOLDER_PROFIT_QOQ":-45.790215583337,"ROE_YEARLY":23.597124320996,"ROIC_YEARLY":22.373445321203,"TOTAL_ASSETS":1934286858,"TOTAL_LIABILITIES":753741226,"TAX_EBT":4.921849018956,"OCF_SALES":2.565234347505,"TOTAL_PARENT_EQUITY":1180634959,"DEBT_ASSET_RATIO":38.9664768351,"OPERATE_PROFIT":293439195,"PRETAX_PROFIT":268606289,"NETCASH_OPERATE":479150028,"NETCASH_INVEST":-85753920,"NETCASH_FINANCE":-4019715,"END_CASH":760351424,"DIVI_RATIO":null,"DIVIDEND_RATE":null,"CURRENT_RATIO":3.593457901423,"COMMON_ACS":200000000000,"CURRENTDEBT_DEBT":39.085091253852,"ISSUED_COMMON_SHARES":8741776988,"HK_COMMON_SHARES":8741776988,"PER_SHARES":2000,"TOTAL_MARKET_CAP":428347072.412,"HKSK_MARKET_CAP":428347072.412,"PE_TTM":-1.83603545826,"PB_TTM":0.372670151742,"REPORT_DATE_SQ":"2021-12-31 00:00:00","REPORT_TYPE_SQ":"2021年年报","OPERATE_INCOME_SQ":9130201337.6,"DPS_HKD":null,"OPERATE_INCOME_QOQ_SQ":13.192755977059,"NET_PROFIT_RATIO_SQ":2.9497694831,"HOLDER_PROFIT_SQ":269318257.6,"HOLDER_PROFIT_QOQ_SQ":818.878221810447,"ROE_AVG_SQ":35.409239375514,"PE_TTM_SQ":4.814911494108,"PB_TTM_SQ":0.432429573015,"ROA_SQ":23.891122378893,"START_DATE":"2022-01-01 00:00:00","FISCAL_YEAR":"12-31","CURRENCY":"HKD","IS_CNY_CODE":0,"DPS_HKD_LY":null,"ORG_TYPE":"一般企业","PREMIUM_INCOME":null,"PREMIUM_INCOME_YOY":null,"NET_INTEREST_INCOME":null,"NET_INTEREST_INCOME_YOY":null,"FEE_COMMISSION_INCOME":null,"FEE_COMMISSION_INCOME_YOY":null,"ACCOUNTS_RECE_TDAYS":115.123707396021,"INVENTORY_TDAYS":263.273445580045,"CURRENT_ASSETS_TDAYS":20.217579628918,"TOTAL_ASSETS_TDAYS":10.71983900673,"PREMIUM_EXPENSE":null,"LOAN_DEPOSIT":null,"LOAN_EQUITY":null,"LOAN_ASSETS":null,"DEPOSIT_EQUITY":null,"DEPOSIT_ASSETS":null,"EQUITY_MULTIPLIER":1.638443838967,"EQUITY_RATIO":0.638420216388},{"SECUCODE":"00166.HK","SECURITY_CODE":"00166","SECURITY_NAME_ABBR":"新时代集团控股","ORG_CODE":"10007439","STD_REPORT_DATE":"2022-06-30 00:00:00","REPORT_DATE":"2022-06-30 00:00:00","DATE_TYPE_CODE":"002","REPORT_TYPE":"2022年中报","PER_NETCASH_OPERATE":0.019975631308,"PER_OI":1.015697158597,"BPS":0.127722588038,"BASIC_EPS":0.020952155,"DILUTED_EPS":0.020952155,"OPERATE_INCOME":8896370532,"OPERATE_INCOME_YOY":111.0678266628,"GROSS_PROFIT":252195531,"GROSS_PROFIT_YOY":5491.04381645224,"HOLDER_PROFIT":183780331,"HOLDER_PROFIT_YOY":1090.8600415033,"GROSS_PROFIT_RATIO":2.834640052978,"EPS_TTM":0.053787107961,"OPERATE_INCOME_QOQ":52.521536584543,"NET_PROFIT_RATIO":2.0654889223,"ROE_AVG":17.852748145705,"GROSS_PROFIT_QOQ":334.13647886485,"ROA":11.637074992594,"HOLDER_PROFIT_QOQ":74.928681597114,"ROE_YEARLY":35.70549629141,"ROIC_YEARLY":34.407575918316,"TOTAL_ASSETS":1673151868.92,"TOTAL_LIABILITIES":556671392.27,"TAX_EBT":6.198166739415,"OCF_SALES":1.966697898742,"TOTAL_PARENT_EQUITY":1116522380.96,"DEBT_ASSET_RATIO":33.2708227275,"OPERATE_PROFIT":208153246,"PRETAX_PROFIT":195924029,"NETCASH_OPERATE":174971874,"NETCASH_INVEST":11202989,"NETCASH_FINANCE":-4275950,"END_CASH":598718519,"DIVI_RATIO":null,"DIVIDEND_RATE":null,"CURRENT_RATIO":5.62940382441,"COMMON_ACS":200000000000,"CURRENTDEBT_DEBT":30.842344757448,"ISSUED_COMMON_SHARES":8741776988,"HK_COMMON_SHARES":8741776988,"PER_SHARES":2000,"TOTAL_MARKET_CAP":437088849.4,"HKSK_MARKET_CAP":437088849.4,"PE_TTM":-1.873505569653,"PB_TTM":0.380275665043,"REPORT_DATE_SQ":"2021-06-30 00:00:00","REPORT_TYPE_SQ":"2021年中报","OPERATE_INCOME_SQ":4101020274.96,"DPS_HKD":null,"OPERATE_INCOME_QOQ_SQ":90.360770907367,"NET_PROFIT_RATIO_SQ":-0.4398984953,"HOLDER_PROFIT_SQ":-18043654.8,"HOLDER_PROFIT_QOQ_SQ":43.997185884402,"ROE_AVG_SQ":-2.898920775309,"PE_TTM_SQ":5.086174113494,"PB_TTM_SQ":0.45679180248,"ROA_SQ":-2.190723797564,"START_DATE":"2022-01-01 00:00:00","FISCAL_YEAR":"12-31","CURRENCY":"HKD","IS_CNY_CODE":0,"DPS_HKD_LY":null,"ORG_TYPE":"一般企业","PREMIUM_INCOME":null,"PREMIUM_INCOME_YOY":null,"NET_INTEREST_INCOME":null,"NET_INTEREST_INCOME_YOY":null,"FEE_COMMISSION_INCOME":null,"FEE_COMMISSION_INCOME_YOY":null,"ACCOUNTS_RECE_TDAYS":51.781114437816,"INVENTORY_TDAYS":136.503588864055,"CURRENT_ASSETS_TDAYS":10.331736312849,"TOTAL_ASSETS_TDAYS":5.634053451863,"PREMIUM_EXPENSE":null,"LOAN_DEPOSIT":null,"LOAN_EQUITY":null,"LOAN_ASSETS":null,"DEPOSIT_EQUITY":null,"DEPOSIT_ASSETS":null,"EQUITY_MULTIPLIER":1.49859482894,"EQUITY_RATIO":0.498576116129},{"SECUCODE":"00166.HK","SECURITY_CODE":"00166","SECURITY_NAME_ABBR":"新时代集团控股","ORG_CODE":"10007439","STD_REPORT_DATE":"2021-12-31 00:00:00","REPORT_DATE":"2021-12-31 00:00:00","DATE_TYPE_CODE":"001","REPORT_TYPE":"2021年年报","PER_NETCASH_OPERATE":0.009260969673,"PER_OI":1.042393583165,"BPS":0.103023782148,"BASIC_EPS":0.03074176,"DILUTED_EPS":0.03074176,"OPERATE_INCOME":9130201337.6,"OPERATE_INCOME_YOY":121.81023089,"GROSS_PROFIT":74121980.8,"GROSS_PROFIT_YOY":274.775565138106,"HOLDER_PROFIT":269318257.6,"HOLDER_PROFIT_YOY":514.4295006479,"GROSS_PROFIT_RATIO":0.811832927438,"EPS_TTM":0.030748021119,"OPERATE_INCOME_QOQ":13.192755977059,"NET_PROFIT_RATIO":2.9497694831,"ROE_AVG":35.409239375514,"GROSS_PROFIT_QOQ":385.379791377606,"ROA":23.891122378893,"HOLDER_PROFIT_QOQ":818.878221810447,"ROE_YEARLY":35.409239375514,"ROIC_YEARLY":40.622957450849,"TOTAL_ASSETS":1419639760,"TOTAL_LIABILITIES":519068894.4,"TAX_EBT":4.141882689823,"OCF_SALES":0.888433104601,"TOTAL_PARENT_EQUITY":900610928,"DEBT_ASSET_RATIO":36.563423273,"OPERATE_PROFIT":292347596.8,"PRETAX_PROFIT":280956793.6,"NETCASH_OPERATE":81115731.2,"NETCASH_INVEST":-69018521.6,"NETCASH_FINANCE":-123132195.2,"END_CASH":404675208,"DIVI_RATIO":null,"DIVIDEND_RATE":null,"CURRENT_RATIO":4.430496916211,"COMMON_ACS":200000000000,"CURRENTDEBT_DEBT":31.412779644305,"ISSUED_COMMON_SHARES":8741776988,"HK_COMMON_SHARES":8741776988,"PER_SHARES":2000,"TOTAL_MARKET_CAP":428347072.412,"HKSK_MARKET_CAP":428347072.412,"PE_TTM":-1.83603545826,"PB_TTM":0.372670151742,"REPORT_DATE_SQ":"2020-12-31 00:00:00","REPORT_TYPE_SQ":"2020年年报","OPERATE_INCOME_SQ":4237251729.52,"DPS_HKD":null,"OPERATE_INCOME_QOQ_SQ":1289.55396412577,"NET_PROFIT_RATIO_SQ":-1.5789793581,"HOLDER_PROFIT_SQ":-66896072.12,"HOLDER_PROFIT_QOQ_SQ":96.798967416861,"ROE_AVG_SQ":-9.902535715932,"PE_TTM_SQ":4.814911494108,"PB_TTM_SQ":0.432429573015,"ROA_SQ":-7.510930978208,"START_DATE":"2021-01-01 00:00:00","FISCAL_YEAR":"12-31","CURRENCY":"HKD","IS_CNY_CODE":0,"DPS_HKD_LY":null,"ORG_TYPE":"一般企业","PREMIUM_INCOME":null,"PREMIUM_INCOME_YOY":null,"NET_INTEREST_INCOME":null,"NET_INTEREST_INCOME_YOY":null,"FEE_COMMISSION_INCOME":null,"FEE_COMMISSION_INCOME_YOY":null,"ACCOUNTS_RECE_TDAYS":81.675450722253,"INVENTORY_TDAYS":303.480135897857,"CURRENT_ASSETS_TDAYS":12.588301537764,"TOTAL_ASSETS_TDAYS":8.099367619722,"PREMIUM_EXPENSE":null,"LOAN_DEPOSIT":null,"LOAN_EQUITY":null,"LOAN_ASSETS":null,"DEPOSIT_EQUITY":null,"DEPOSIT_ASSETS":null,"EQUITY_MULTIPLIER":1.576377622493,"EQUITY_RATIO":0.576351983151},{"SECUCODE":"00166.HK","SECURITY_CODE":"00166","SECURITY_NAME_ABBR":"新时代集团控股","ORG_CODE":"10007439","STD_REPORT_DATE":"2021-06-30 00:00:00","REPORT_DATE":"2021-06-30 00:00:00","DATE_TYPE_CODE":"002","REPORT_TYPE":"2021年中报","PER_NETCASH_OPERATE":-0.005832429013,"PER_OI":0.468212809442,"BPS":0.07015721291,"BASIC_EPS":-0.0020802,"DILUTED_EPS":-0.0020802,"OPERATE_INCOME":4101020274.96,"OPERATE_INCOME_YOY":1553.8939335978,"GROSS_PROFIT":4510705.68,"GROSS_PROFIT_YOY":-49.978199673637,"HOLDER_PROFIT":-18043654.8,"HOLDER_PROFIT_YOY":58.278018278,"GROSS_PROFIT_RATIO":0.109989841005,"EPS_TTM":-0.00427722251,"OPERATE_INCOME_QOQ":90.360770907367,"NET_PROFIT_RATIO":-0.4398984953,"ROE_AVG":-2.898920775309,"GROSS_PROFIT_QOQ":-22.787151052495,"ROA":-2.190723797564,"HOLDER_PROFIT_QOQ":43.997185884402,"ROE_YEARLY":-5.797841550618,"ROIC_YEARLY":-8.698084997358,"TOTAL_ASSETS":797584459.44,"TOTAL_LIABILITIES":184324857.84,"TAX_EBT":-12.418334543192,"OCF_SALES":-1.245679079226,"TOTAL_PARENT_EQUITY":613298709.36,"DEBT_ASSET_RATIO":23.1103873274,"OPERATE_PROFIT":-12483696.24,"PRETAX_PROFIT":-16047494.88,"NETCASH_OPERATE":-51085551.6,"NETCASH_INVEST":-106680976.8,"NETCASH_FINANCE":-90591877.92,"END_CASH":284290949.04,"DIVI_RATIO":null,"DIVIDEND_RATE":null,"CURRENT_RATIO":3.645976951008,"COMMON_ACS":200000000000,"CURRENTDEBT_DEBT":85.783417523237,"ISSUED_COMMON_SHARES":8741776988,"HK_COMMON_SHARES":8741776988,"PER_SHARES":2000,"TOTAL_MARKET_CAP":428347072.412,"HKSK_MARKET_CAP":428347072.412,"PE_TTM":-1.83603545826,"PB_TTM":0.372670151742,"REPORT_DATE_SQ":"2020-06-30 00:00:00","REPORT_TYPE_SQ":"2020年中报","OPERATE_INCOME_SQ":272206946.88,"DPS_HKD":null,"OPERATE_INCOME_QOQ_SQ":43.849487290187,"NET_PROFIT_RATIO_SQ":-17.4461916363,"HOLDER_PROFIT_SQ":-47476044,"HOLDER_PROFIT_QOQ_SQ":-1.872595225849,"ROE_AVG_SQ":-6.381250725142,"PE_TTM_SQ":4.814911494108,"PB_TTM_SQ":0.432429573015,"ROA_SQ":-4.847762987061,"START_DATE":"2021-01-01 00:00:00","FISCAL_YEAR":"12-31","CURRENCY":"HKD","IS_CNY_CODE":0,"DPS_HKD_LY":null,"ORG_TYPE":"一般企业","PREMIUM_INCOME":null,"PREMIUM_INCOME_YOY":null,"NET_INTEREST_INCOME":null,"NET_INTEREST_INCOME_YOY":null,"FEE_COMMISSION_INCOME":null,"FEE_COMMISSION_INCOME_YOY":null,"ACCOUNTS_RECE_TDAYS":104.686427357689,"INVENTORY_TDAYS":44.026076458753,"CURRENT_ASSETS_TDAYS":6.225109411609,"TOTAL_ASSETS_TDAYS":4.979147966547,"PREMIUM_EXPENSE":null,"LOAN_DEPOSIT":null,"LOAN_EQUITY":null,"LOAN_ASSETS":null,"DEPOSIT_EQUITY":null,"DEPOSIT_ASSETS":null,"EQUITY_MULTIPLIER":1.300565791973,"EQUITY_RATIO":0.300546626019},{"SECUCODE":"00166.HK","SECURITY_CODE":"00166","SECURITY_NAME_ABBR":"新时代集团控股","ORG_CODE":"10007439","STD_REPORT_DATE":"2020-12-31 00:00:00","REPORT_DATE":"2020-12-31 00:00:00","DATE_TYPE_CODE":"001","REPORT_TYPE":"2020年年报","PER_NETCASH_OPERATE":-0.007235569485,"PER_OI":0.483766332175,"BPS":0.073075606065,"BASIC_EPS":-0.007658924,"DILUTED_EPS":-0.007658924,"OPERATE_INCOME":4237251729.52,"OPERATE_INCOME_YOY":2027.4469038141,"GROSS_PROFIT":19777698.36,"GROSS_PROFIT_YOY":85.193299639063,"HOLDER_PROFIT":-66896072.12,"HOLDER_PROFIT_YOY":96.5292569799,"GROSS_PROFIT_RATIO":0.4667576916,"EPS_TTM":-0.007637513538,"OPERATE_INCOME_QOQ":1289.55396412577,"NET_PROFIT_RATIO":-1.5789793581,"ROE_AVG":-9.902535715932,"GROSS_PROFIT_QOQ":136.329190509537,"ROA":-7.510930978208,"HOLDER_PROFIT_QOQ":96.798967416861,"ROE_YEARLY":-9.902535715932,"ROIC_YEARLY":-22.587456307369,"TOTAL_ASSETS":859455835.52,"TOTAL_LIABILITIES":220688107.68,"TAX_EBT":-23.135784875616,"OCF_SALES":-1.495674461786,"TOTAL_PARENT_EQUITY":638810651.48,"DEBT_ASSET_RATIO":25.6776553907,"OPERATE_PROFIT":-39022638.6,"PRETAX_PROFIT":-54334595.12,"NETCASH_OPERATE":-63375492,"NETCASH_INVEST":-39551188.52,"NETCASH_FINANCE":-6805501.04,"END_CASH":539419700.6,"DIVI_RATIO":null,"DIVIDEND_RATE":null,"CURRENT_RATIO":3.698777768087,"COMMON_ACS":200000000000,"CURRENTDEBT_DEBT":91.829893368725,"ISSUED_COMMON_SHARES":8741776988,"HK_COMMON_SHARES":8741776988,"PER_SHARES":2000,"TOTAL_MARKET_CAP":428347072.412,"HKSK_MARKET_CAP":428347072.412,"PE_TTM":-1.83603545826,"PB_TTM":0.372670151742,"REPORT_DATE_SQ":"2019-12-31 00:00:00","REPORT_TYPE_SQ":"2019年年报","OPERATE_INCOME_SQ":211982753.88,"DPS_HKD":null,"OPERATE_INCOME_QOQ_SQ":-21.445383763087,"NET_PROFIT_RATIO_SQ":-967.7480287011,"HOLDER_PROFIT_SQ":-2051413237.08,"HOLDER_PROFIT_QOQ_SQ":-1246.2238969294,"ROE_AVG_SQ":-115.193502726815,"PE_TTM_SQ":4.814911494108,"PB_TTM_SQ":0.432429573015,"ROA_SQ":-100.104668833188,"START_DATE":"2020-01-01 00:00:00","FISCAL_YEAR":"12-31","CURRENCY":"HKD","IS_CNY_CODE":0,"DPS_HKD_LY":null,"ORG_TYPE":"一般企业","PREMIUM_INCOME":null,"PREMIUM_INCOME_YOY":null,"NET_INTEREST_INCOME":null,"NET_INTEREST_INCOME_YOY":null,"FEE_COMMISSION_INCOME":null,"FEE_COMMISSION_INCOME_YOY":null,"ACCOUNTS_RECE_TDAYS":101.89475601611,"INVENTORY_TDAYS":232.50830549369,"CURRENT_ASSETS_TDAYS":5.536340178269,"TOTAL_ASSETS_TDAYS":4.757484896965,"PREMIUM_EXPENSE":null,"LOAN_DEPOSIT":null,"LOAN_EQUITY":null,"LOAN_ASSETS":null,"DEPOSIT_EQUITY":null,"DEPOSIT_ASSETS":null,"EQUITY_MULTIPLIER":1.345490384159,"EQUITY_RATIO":0.345467169604},{"SECUCODE":"00166.HK","SECURITY_CODE":"00166","SECURITY_NAME_ABBR":"新时代集团控股","ORG_CODE":"10007439","STD_REPORT_DATE":"2020-06-30 00:00:00","REPORT_DATE":"2020-06-30 00:00:00","DATE_TYPE_CODE":"002","REPORT_TYPE":"2020年中报","PER_NETCASH_OPERATE":-0.013006085631,"PER_OI":0.031077822299,"BPS":0.081784536652,"BASIC_EPS":-0.005389296,"DILUTED_EPS":-0.005389296,"OPERATE_INCOME":272206946.88,"OPERATE_INCOME_YOY":46.2399890075,"GROSS_PROFIT":9017479.68,"GROSS_PROFIT_YOY":-20.398379787399,"HOLDER_PROFIT":-47476044,"HOLDER_PROFIT_YOY":-404.562663819,"GROSS_PROFIT_RATIO":3.312729444769,"EPS_TTM":-0.238595307584,"OPERATE_INCOME_QOQ":43.849487290187,"NET_PROFIT_RATIO":-17.4461916363,"ROE_AVG":-6.381250725142,"GROSS_PROFIT_QOQ":-21.63756866438,"ROA":-4.847762987061,"HOLDER_PROFIT_QOQ":-1.872595225849,"ROE_YEARLY":-12.762501450284,"ROIC_YEARLY":-29.02232862657,"TOTAL_ASSETS":958193079.36,"TOTAL_LIABILITIES":243122103.84,"TAX_EBT":2.534588129429,"OCF_SALES":-41.85005469762,"TOTAL_PARENT_EQUITY":714942180.48,"DEBT_ASSET_RATIO":25.3729763945,"OPERATE_PROFIT":-42341597.76,"PRETAX_PROFIT":-48724716.48,"NETCASH_OPERATE":-113918756.16,"NETCASH_INVEST":9450450.24,"NETCASH_FINANCE":-944496.96,"END_CASH":599202024.96,"DIVI_RATIO":null,"DIVIDEND_RATE":null,"CURRENT_RATIO":4.503472520368,"COMMON_ACS":200000000000,"CURRENTDEBT_DEBT":74.384676943654,"ISSUED_COMMON_SHARES":8741776988,"HK_COMMON_SHARES":8741776988,"PER_SHARES":2000,"TOTAL_MARKET_CAP":428347072.412,"HKSK_MARKET_CAP":428347072.412,"PE_TTM":-1.83603545826,"PB_TTM":0.372670151742,"REPORT_DATE_SQ":"2019-06-30 00:00:00","REPORT_TYPE_SQ":"2019年中报","OPERATE_INCOME_SQ":179253596.16,"DPS_HKD":null,"OPERATE_INCOME_QOQ_SQ":3.353535354944,"NET_PROFIT_RATIO_SQ":-5.0560419284,"HOLDER_PROFIT_SQ":-9061377.66,"HOLDER_PROFIT_QOQ_SQ":32.386837139944,"ROE_AVG_SQ":-0.329217607213,"PE_TTM_SQ":4.814911494108,"PB_TTM_SQ":0.432429573015,"ROA_SQ":-0.296156037805,"START_DATE":"2020-01-01 00:00:00","FISCAL_YEAR":"12-31","CURRENCY":"HKD","IS_CNY_CODE":0,"DPS_HKD_LY":null,"ORG_TYPE":"一般企业","PREMIUM_INCOME":null,"PREMIUM_INCOME_YOY":null,"NET_INTEREST_INCOME":null,"NET_INTEREST_INCOME_YOY":null,"FEE_COMMISSION_INCOME":null,"FEE_COMMISSION_INCOME_YOY":null,"ACCOUNTS_RECE_TDAYS":11.891303046627,"INVENTORY_TDAYS":4.150712361525,"CURRENT_ASSETS_TDAYS":0.327528173554,"TOTAL_ASSETS_TDAYS":0.277949603785,"PREMIUM_EXPENSE":null,"LOAN_DEPOSIT":null,"LOAN_EQUITY":null,"LOAN_ASSETS":null,"DEPOSIT_EQUITY":null,"DEPOSIT_ASSETS":null,"EQUITY_MULTIPLIER":1.339997164146,"EQUITY_RATIO":0.340058413782}],"count":48},"success":true,"message":"ok","code":0}