{"version":"cb7b5426d346d7fe29c38fef90e3c9ec","result":{"pages":9,"data":[{"SECUCODE":"00168.HK","SECURITY_CODE":"00168","SECURITY_NAME_ABBR":"青岛啤酒股份","ORG_CODE":"10002658","STD_REPORT_DATE":"2024-09-30 00:00:00","REPORT_DATE":"2024-09-30 00:00:00","DATE_TYPE_CODE":"004","REPORT_TYPE":"2024年三季报","PER_NETCASH_OPERATE":4.567309222399,"PER_OI":21.228087290439,"BPS":21.842362530178,"BASIC_EPS":3.667,"DILUTED_EPS":3.66,"OPERATE_INCOME":28959288497,"OPERATE_INCOME_YOY":-6.5167416858,"GROSS_PROFIT":12094008032,"GROSS_PROFIT_YOY":-1.729070333745,"HOLDER_PROFIT":4989889602,"HOLDER_PROFIT_YOY":1.674551132,"GROSS_PROFIT_RATIO":41.762103489707,"EPS_TTM":3.188714059632,"OPERATE_INCOME_QOQ":-1.52801970793,"NET_PROFIT_RATIO":17.7151707147,"ROE_AVG":17.432915634866,"GROSS_PROFIT_QOQ":-0.741957300807,"ROA":10.017117907222,"HOLDER_PROFIT_QOQ":-2.984452145682,"ROE_YEARLY":23.243887513154,"ROIC_YEARLY":17.512032665849,"TOTAL_ASSETS":50371239687,"TOTAL_LIABILITIES":19698994899,"TAX_EBT":23.781870389765,"OCF_SALES":21.515406262987,"TOTAL_PARENT_EQUITY":29797280806,"DEBT_ASSET_RATIO":39.1076237579,"OPERATE_PROFIT":6296953239,"PRETAX_PROFIT":6730927958,"NETCASH_OPERATE":6230708571,"NETCASH_INVEST":-7445143559,"NETCASH_FINANCE":-2859460308,"END_CASH":5217962744,"DIVI_RATIO":0.622389390483,"DIVIDEND_RATE":4.294117647059,"CURRENT_RATIO":1.867320087946,"COMMON_ACS":null,"CURRENTDEBT_DEBT":79.165504082605,"ISSUED_COMMON_SHARES":1364196788,"HK_COMMON_SHARES":655069178,"PER_SHARES":2000,"TOTAL_MARKET_CAP":69574036188,"HKSK_MARKET_CAP":33408528078,"PE_TTM":14.214495537919,"PB_TTM":2.105600524506,"REPORT_DATE_SQ":"2023-09-30 00:00:00","REPORT_TYPE_SQ":"2023年三季报","OPERATE_INCOME_SQ":30978047855,"DPS_HKD":2.19,"OPERATE_INCOME_QOQ_SQ":-1.307386318004,"NET_PROFIT_RATIO_SQ":16.1369470355,"HOLDER_PROFIT_SQ":4907707530,"HOLDER_PROFIT_QOQ_SQ":1.567546419776,"ROE_AVG_SQ":18.313372874436,"PE_TTM_SQ":14.484835122068,"PB_TTM_SQ":2.262917080019,"ROA_SQ":9.809310784068,"START_DATE":"2024-01-01 00:00:00","FISCAL_YEAR":"12-31","CURRENCY":"HKD","IS_CNY_CODE":0,"DPS_HKD_LY":2.19,"ORG_TYPE":"一般企业","PREMIUM_INCOME":null,"PREMIUM_INCOME_YOY":null,"NET_INTEREST_INCOME":null,"NET_INTEREST_INCOME_YOY":null,"FEE_COMMISSION_INCOME":null,"FEE_COMMISSION_INCOME_YOY":null,"ACCOUNTS_RECE_TDAYS":206.244661326195,"INVENTORY_TDAYS":6.06001951057,"CURRENT_ASSETS_TDAYS":0.986143124106,"TOTAL_ASSETS_TDAYS":0.581352756316,"PREMIUM_EXPENSE":null,"LOAN_DEPOSIT":null,"LOAN_EQUITY":null,"LOAN_ASSETS":null,"DEPOSIT_EQUITY":null,"DEPOSIT_ASSETS":null,"EQUITY_MULTIPLIER":1.642241708591,"EQUITY_RATIO":0.661100421453},{"SECUCODE":"00168.HK","SECURITY_CODE":"00168","SECURITY_NAME_ABBR":"青岛啤酒股份","ORG_CODE":"10002658","STD_REPORT_DATE":"2024-06-30 00:00:00","REPORT_DATE":"2024-06-30 00:00:00","DATE_TYPE_CODE":"002","REPORT_TYPE":"2024年中报","PER_NETCASH_OPERATE":4.188451813009,"PER_OI":14.710713371068,"BPS":20.813704345124,"BASIC_EPS":2.672,"DILUTED_EPS":2.672,"OPERATE_INCOME":20068307930,"OPERATE_INCOME_YOY":-7.0558380241,"GROSS_PROFIT":8349104014,"GROSS_PROFIT_YOY":-1.373992086267,"HOLDER_PROFIT":3641652772,"HOLDER_PROFIT_YOY":6.3053826824,"GROSS_PROFIT_RATIO":41.603427868071,"EPS_TTM":3.286807249102,"OPERATE_INCOME_QOQ":-2.897857129167,"NET_PROFIT_RATIO":18.5423144043,"ROE_AVG":13.042359218442,"GROSS_PROFIT_QOQ":-0.905502977834,"ROA":7.136163468442,"HOLDER_PROFIT_QOQ":1.585831726705,"ROE_YEARLY":26.084718436884,"ROIC_YEARLY":25.696906503717,"TOTAL_ASSETS":52805909965,"TOTAL_LIABILITIES":23590301039,"TAX_EBT":24.207622700818,"OCF_SALES":28.472118974507,"TOTAL_PARENT_EQUITY":28393988614,"DEBT_ASSET_RATIO":44.673600085,"OPERATE_PROFIT":4618638520,"PRETAX_PROFIT":4909634563,"NETCASH_OPERATE":5713872510,"NETCASH_INVEST":-6951897440,"NETCASH_FINANCE":-96443465,"END_CASH":7959172830,"DIVI_RATIO":0.603814476965,"DIVIDEND_RATE":4.219653179191,"CURRENT_RATIO":1.632439039681,"COMMON_ACS":null,"CURRENTDEBT_DEBT":82.584710957236,"ISSUED_COMMON_SHARES":1364196788,"HK_COMMON_SHARES":655069178,"PER_SHARES":2000,"TOTAL_MARKET_CAP":70801813297.2,"HKSK_MARKET_CAP":33998090338.2,"PE_TTM":14.465339576824,"PB_TTM":2.142758180821,"REPORT_DATE_SQ":"2023-06-30 00:00:00","REPORT_TYPE_SQ":"2023年中报","OPERATE_INCOME_SQ":21591789633,"DPS_HKD":2.19,"OPERATE_INCOME_QOQ_SQ":2.438658923596,"NET_PROFIT_RATIO_SQ":16.1231714285,"HOLDER_PROFIT_SQ":3425652286,"HOLDER_PROFIT_QOQ_SQ":6.158762739445,"ROE_AVG_SQ":13.163567521771,"PE_TTM_SQ":14.585017111942,"PB_TTM_SQ":2.278568175394,"ROA_SQ":6.674898676904,"START_DATE":"2024-01-01 00:00:00","FISCAL_YEAR":"12-31","CURRENCY":"HKD","IS_CNY_CODE":0,"DPS_HKD_LY":2.19,"ORG_TYPE":"一般企业","PREMIUM_INCOME":null,"PREMIUM_INCOME_YOY":null,"NET_INTEREST_INCOME":null,"NET_INTEREST_INCOME_YOY":null,"FEE_COMMISSION_INCOME":null,"FEE_COMMISSION_INCOME_YOY":null,"ACCOUNTS_RECE_TDAYS":161.974460083396,"INVENTORY_TDAYS":4.074465717452,"CURRENT_ASSETS_TDAYS":0.65353037356,"TOTAL_ASSETS_TDAYS":0.393257498421,"PREMIUM_EXPENSE":null,"LOAN_DEPOSIT":null,"LOAN_EQUITY":null,"LOAN_ASSETS":null,"DEPOSIT_EQUITY":null,"DEPOSIT_ASSETS":null,"EQUITY_MULTIPLIER":1.807455394778,"EQUITY_RATIO":0.830820261278},{"SECUCODE":"00168.HK","SECURITY_CODE":"00168","SECURITY_NAME_ABBR":"青岛啤酒股份","ORG_CODE":"10002658","STD_REPORT_DATE":"2024-03-31 00:00:00","REPORT_DATE":"2024-03-31 00:00:00","DATE_TYPE_CODE":"003","REPORT_TYPE":"2024年一季报","PER_NETCASH_OPERATE":2.091462237778,"PER_OI":7.440286538045,"BPS":21.30743568867,"BASIC_EPS":1.175,"DILUTED_EPS":1.172,"OPERATE_INCOME":10150014997,"OPERATE_INCOME_YOY":-5.1948182091,"GROSS_PROFIT":4104726590,"GROSS_PROFIT_YOY":0.061118013411,"HOLDER_PROFIT":1597244544,"HOLDER_PROFIT_YOY":10.0606464657,"GROSS_PROFIT_RATIO":40.440596306638,"EPS_TTM":3.235497700058,"OPERATE_INCOME_QOQ":-1.638844024312,"NET_PROFIT_RATIO":15.994885096,"ROE_AVG":5.652260952482,"GROSS_PROFIT_QOQ":0.019110252425,"ROA":3.203605085692,"HOLDER_PROFIT_QOQ":3.421022667161,"ROE_YEARLY":22.609043809928,"ROIC_YEARLY":22.320044016004,"TOTAL_ASSETS":50459434299,"TOTAL_LIABILITIES":20614109997,"TAX_EBT":24.744356721288,"OCF_SALES":28.109968978798,"TOTAL_PARENT_EQUITY":29067535327,"DEBT_ASSET_RATIO":40.8528361116,"OPERATE_PROFIT":2016077644,"PRETAX_PROFIT":2157291022,"NETCASH_OPERATE":2853166067,"NETCASH_INVEST":-5925636971,"NETCASH_FINANCE":-36888747,"END_CASH":6183503443,"DIVI_RATIO":0.613389958511,"DIVIDEND_RATE":4.219653179191,"CURRENT_RATIO":1.828587946974,"COMMON_ACS":null,"CURRENTDEBT_DEBT":79.888211037957,"ISSUED_COMMON_SHARES":1364196788,"HK_COMMON_SHARES":655069178,"PER_SHARES":2000,"TOTAL_MARKET_CAP":70801813297.2,"HKSK_MARKET_CAP":33998090338.2,"PE_TTM":14.465339576824,"PB_TTM":2.142758180821,"REPORT_DATE_SQ":"2023-03-31 00:00:00","REPORT_TYPE_SQ":"2023年一季报","OPERATE_INCOME_SQ":10706181672,"DPS_HKD":2.19,"OPERATE_INCOME_QOQ_SQ":4.656423630445,"NET_PROFIT_RATIO_SQ":13.7614165642,"HOLDER_PROFIT_SQ":1451240380,"HOLDER_PROFIT_QOQ_SQ":8.758955035627,"ROE_AVG_SQ":5.528066577826,"PE_TTM_SQ":14.585017111942,"PB_TTM_SQ":2.278568175394,"ROA_SQ":2.88953748576,"START_DATE":"2024-01-01 00:00:00","FISCAL_YEAR":"12-31","CURRENCY":"HKD","IS_CNY_CODE":0,"DPS_HKD_LY":2.19,"ORG_TYPE":"一般企业","PREMIUM_INCOME":null,"PREMIUM_INCOME_YOY":null,"NET_INTEREST_INCOME":null,"NET_INTEREST_INCOME_YOY":null,"FEE_COMMISSION_INCOME":null,"FEE_COMMISSION_INCOME_YOY":null,"ACCOUNTS_RECE_TDAYS":96.424364664362,"INVENTORY_TDAYS":1.999458817798,"CURRENT_ASSETS_TDAYS":0.339888497587,"TOTAL_ASSETS_TDAYS":0.203579594536,"PREMIUM_EXPENSE":null,"LOAN_DEPOSIT":null,"LOAN_EQUITY":null,"LOAN_ASSETS":null,"DEPOSIT_EQUITY":null,"DEPOSIT_ASSETS":null,"EQUITY_MULTIPLIER":1.690698140467,"EQUITY_RATIO":0.709179838094},{"SECUCODE":"00168.HK","SECURITY_CODE":"00168","SECURITY_NAME_ABBR":"青岛啤酒股份","ORG_CODE":"10002658","STD_REPORT_DATE":"2023-12-31 00:00:00","REPORT_DATE":"2023-12-31 00:00:00","DATE_TYPE_CODE":"001","REPORT_TYPE":"2023年年报","PER_NETCASH_OPERATE":2.036045799574,"PER_OI":24.876559627994,"BPS":20.121347929753,"BASIC_EPS":3.139,"DILUTED_EPS":3.132,"OPERATE_INCOME":33936522741,"OPERATE_INCOME_YOY":5.4860777919,"GROSS_PROFIT":13119633086,"GROSS_PROFIT_YOY":10.680291171093,"HOLDER_PROFIT":4267851406,"HOLDER_PROFIT_YOY":15.0169384791,"GROSS_PROFIT_RATIO":38.659332266089,"EPS_TTM":3.128471964999,"OPERATE_INCOME_QOQ":-0.303314511461,"NET_PROFIT_RATIO":12.8127414738,"ROE_AVG":16.122043024573,"GROSS_PROFIT_QOQ":0.303929666522,"ROA":8.572761906287,"HOLDER_PROFIT_QOQ":-1.91875552475,"ROE_YEARLY":16.122043024573,"ROIC_YEARLY":14.027929851105,"TOTAL_ASSETS":49256011349,"TOTAL_LIABILITIES":21001264174,"TAX_EBT":24.331870410811,"OCF_SALES":8.184595579217,"TOTAL_PARENT_EQUITY":27449478216,"DEBT_ASSET_RATIO":42.6369565842,"OPERATE_PROFIT":5289282447,"PRETAX_PROFIT":5746407302,"NETCASH_OPERATE":2777567140,"NETCASH_INVEST":-3462971412,"NETCASH_FINANCE":-2868065880,"END_CASH":9292085271,"DIVI_RATIO":0.634374168029,"DIVIDEND_RATE":4.219653179191,"CURRENT_RATIO":1.750271068623,"COMMON_ACS":null,"CURRENTDEBT_DEBT":80.55933943703,"ISSUED_COMMON_SHARES":1364196788,"HK_COMMON_SHARES":655069178,"PER_SHARES":2000,"TOTAL_MARKET_CAP":70801813297.2,"HKSK_MARKET_CAP":33998090338.2,"PE_TTM":14.465339576824,"PB_TTM":2.142758180821,"REPORT_DATE_SQ":"2022-12-31 00:00:00","REPORT_TYPE_SQ":"2022年年报","OPERATE_INCOME_SQ":32171565624,"DPS_HKD":2.19,"OPERATE_INCOME_QOQ_SQ":-1.026576989776,"NET_PROFIT_RATIO_SQ":11.8263485292,"HOLDER_PROFIT_SQ":3710628593,"HOLDER_PROFIT_QOQ_SQ":-2.650357209688,"ROE_AVG_SQ":15.302613049605,"PE_TTM_SQ":14.585017111942,"PB_TTM_SQ":2.278568175394,"ROA_SQ":7.660675963473,"START_DATE":"2023-01-01 00:00:00","FISCAL_YEAR":"12-31","CURRENCY":"HKD","IS_CNY_CODE":0,"DPS_HKD_LY":0.55,"ORG_TYPE":"一般企业","PREMIUM_INCOME":null,"PREMIUM_INCOME_YOY":null,"NET_INTEREST_INCOME":null,"NET_INTEREST_INCOME_YOY":null,"FEE_COMMISSION_INCOME":null,"FEE_COMMISSION_INCOME_YOY":null,"ACCOUNTS_RECE_TDAYS":302.341878593119,"INVENTORY_TDAYS":5.412596952124,"CURRENT_ASSETS_TDAYS":1.101577485495,"TOTAL_ASSETS_TDAYS":0.681677269684,"PREMIUM_EXPENSE":null,"LOAN_DEPOSIT":null,"LOAN_EQUITY":null,"LOAN_ASSETS":null,"DEPOSIT_EQUITY":null,"DEPOSIT_ASSETS":null,"EQUITY_MULTIPLIER":1.743282678974,"EQUITY_RATIO":0.765087919295},{"SECUCODE":"00168.HK","SECURITY_CODE":"00168","SECURITY_NAME_ABBR":"青岛啤酒股份","ORG_CODE":"10002658","STD_REPORT_DATE":"2023-09-30 00:00:00","REPORT_DATE":"2023-09-30 00:00:00","DATE_TYPE_CODE":"004","REPORT_TYPE":"2023年三季报","PER_NETCASH_OPERATE":3.726841619897,"PER_OI":22.707303388449,"BPS":20.599784416147,"BASIC_EPS":3.612,"DILUTED_EPS":3.603,"OPERATE_INCOME":30978047855,"OPERATE_INCOME_YOY":6.417776519,"GROSS_PROFIT":12306801282,"GROSS_PROFIT_YOY":11.066674115681,"HOLDER_PROFIT":4907707530,"HOLDER_PROFIT_YOY":15.0155961279,"GROSS_PROFIT_RATIO":39.727491350019,"EPS_TTM":3.189589836057,"OPERATE_INCOME_QOQ":-1.307386318004,"NET_PROFIT_RATIO":16.1369470355,"ROE_AVG":18.313372874436,"GROSS_PROFIT_QOQ":0.792754130519,"ROA":9.809310784068,"HOLDER_PROFIT_QOQ":1.567546419776,"ROE_YEARLY":24.417830499248,"ROIC_YEARLY":15.512178849031,"TOTAL_ASSETS":49750529611,"TOTAL_LIABILITIES":20826278805,"TAX_EBT":24.204543576218,"OCF_SALES":16.412524006671,"TOTAL_PARENT_EQUITY":28102159734,"DEBT_ASSET_RATIO":41.8614213112,"OPERATE_PROFIT":6258761898,"PRETAX_PROFIT":6595264955,"NETCASH_OPERATE":5084279541,"NETCASH_INVEST":-3496570476,"NETCASH_FINANCE":-2843520742,"END_CASH":11591453409,"DIVI_RATIO":0.622218498932,"DIVIDEND_RATE":4.219653179191,"CURRENT_RATIO":1.819661911553,"COMMON_ACS":null,"CURRENTDEBT_DEBT":79.649416611178,"ISSUED_COMMON_SHARES":1364196788,"HK_COMMON_SHARES":655069178,"PER_SHARES":2000,"TOTAL_MARKET_CAP":70801813297.2,"HKSK_MARKET_CAP":33998090338.2,"PE_TTM":14.465339576824,"PB_TTM":2.142758180821,"REPORT_DATE_SQ":"2022-09-30 00:00:00","REPORT_TYPE_SQ":"2022年三季报","OPERATE_INCOME_SQ":29109843175,"DPS_HKD":2.19,"OPERATE_INCOME_QOQ_SQ":4.356430561317,"NET_PROFIT_RATIO_SQ":14.9986291192,"HOLDER_PROFIT_SQ":4266993082,"HOLDER_PROFIT_QOQ_SQ":6.114149782196,"ROE_AVG_SQ":17.402864036847,"PE_TTM_SQ":14.585017111942,"PB_TTM_SQ":2.278568175394,"ROA_SQ":8.900578489635,"START_DATE":"2023-01-01 00:00:00","FISCAL_YEAR":"12-31","CURRENCY":"HKD","IS_CNY_CODE":0,"DPS_HKD_LY":0.55,"ORG_TYPE":"一般企业","PREMIUM_INCOME":null,"PREMIUM_INCOME_YOY":null,"NET_INTEREST_INCOME":null,"NET_INTEREST_INCOME_YOY":null,"FEE_COMMISSION_INCOME":null,"FEE_COMMISSION_INCOME_YOY":null,"ACCOUNTS_RECE_TDAYS":209.970180898134,"INVENTORY_TDAYS":5.914386259185,"CURRENT_ASSETS_TDAYS":0.996286096174,"TOTAL_ASSETS_TDAYS":0.619175647766,"PREMIUM_EXPENSE":null,"LOAN_DEPOSIT":null,"LOAN_EQUITY":null,"LOAN_ASSETS":null,"DEPOSIT_EQUITY":null,"DEPOSIT_ASSETS":null,"EQUITY_MULTIPLIER":1.720028288536,"EQUITY_RATIO":0.741091752454},{"SECUCODE":"00168.HK","SECURITY_CODE":"00168","SECURITY_NAME_ABBR":"青岛啤酒股份","ORG_CODE":"10002658","STD_REPORT_DATE":"2023-06-30 00:00:00","REPORT_DATE":"2023-06-30 00:00:00","DATE_TYPE_CODE":"002","REPORT_TYPE":"2023年中报","PER_NETCASH_OPERATE":3.372220249156,"PER_OI":15.82705663672,"BPS":19.463946817327,"BASIC_EPS":2.516,"DILUTED_EPS":2.515,"OPERATE_INCOME":21591789633,"OPERATE_INCOME_YOY":12.033271679,"GROSS_PROFIT":8465418190,"GROSS_PROFIT_YOY":15.300544674263,"HOLDER_PROFIT":3425652286,"HOLDER_PROFIT_YOY":20.1100576175,"GROSS_PROFIT_RATIO":39.206653704433,"EPS_TTM":3.140363185377,"OPERATE_INCOME_QOQ":2.438658923596,"NET_PROFIT_RATIO":16.1231714285,"ROE_AVG":13.163567521771,"GROSS_PROFIT_QOQ":4.057705971818,"ROA":6.674898676904,"HOLDER_PROFIT_QOQ":6.158762739445,"ROE_YEARLY":26.327135043542,"ROIC_YEARLY":21.229022353771,"TOTAL_ASSETS":52331125266,"TOTAL_LIABILITIES":24992499613,"TAX_EBT":24.387695590481,"OCF_SALES":21.30667960922,"TOTAL_PARENT_EQUITY":26552653730,"DEBT_ASSET_RATIO":47.7583837266,"OPERATE_PROFIT":4380990429,"PRETAX_PROFIT":4604120036,"NETCASH_OPERATE":4600493439,"NETCASH_INVEST":-3727732890,"NETCASH_FINANCE":-353499554,"END_CASH":13366555181,"DIVI_RATIO":0.631972062735,"DIVIDEND_RATE":4.219653179191,"CURRENT_RATIO":1.601694088633,"COMMON_ACS":null,"CURRENTDEBT_DEBT":82.711015316962,"ISSUED_COMMON_SHARES":1364196788,"HK_COMMON_SHARES":655069178,"PER_SHARES":2000,"TOTAL_MARKET_CAP":70801813297.2,"HKSK_MARKET_CAP":33998090338.2,"PE_TTM":14.465339576824,"PB_TTM":2.142758180821,"REPORT_DATE_SQ":"2022-06-30 00:00:00","REPORT_TYPE_SQ":"2022年中报","OPERATE_INCOME_SQ":19272658300,"DPS_HKD":2.19,"OPERATE_INCOME_QOQ_SQ":2.302646238217,"NET_PROFIT_RATIO_SQ":15.0903745645,"HOLDER_PROFIT_SQ":2852094449,"HOLDER_PROFIT_QOQ_SQ":10.196003021177,"ROE_AVG_SQ":12.00863373571,"PE_TTM_SQ":14.585017111942,"PB_TTM_SQ":2.278568175394,"ROA_SQ":5.90251265645,"START_DATE":"2023-01-01 00:00:00","FISCAL_YEAR":"12-31","CURRENCY":"HKD","IS_CNY_CODE":0,"DPS_HKD_LY":0.55,"ORG_TYPE":"一般企业","PREMIUM_INCOME":null,"PREMIUM_INCOME_YOY":null,"NET_INTEREST_INCOME":null,"NET_INTEREST_INCOME_YOY":null,"FEE_COMMISSION_INCOME":null,"FEE_COMMISSION_INCOME_YOY":null,"ACCOUNTS_RECE_TDAYS":142.710201613766,"INVENTORY_TDAYS":4.016461250914,"CURRENT_ASSETS_TDAYS":0.663220152363,"TOTAL_ASSETS_TDAYS":0.420716978902,"PREMIUM_EXPENSE":null,"LOAN_DEPOSIT":null,"LOAN_EQUITY":null,"LOAN_ASSETS":null,"DEPOSIT_EQUITY":null,"DEPOSIT_ASSETS":null,"EQUITY_MULTIPLIER":1.91418273655,"EQUITY_RATIO":0.941243005958},{"SECUCODE":"00168.HK","SECURITY_CODE":"00168","SECURITY_NAME_ABBR":"青岛啤酒股份","ORG_CODE":"10002658","STD_REPORT_DATE":"2023-03-31 00:00:00","REPORT_DATE":"2023-03-31 00:00:00","DATE_TYPE_CODE":"003","REPORT_TYPE":"2023年一季报","PER_NETCASH_OPERATE":1.32965411497,"PER_OI":7.847767441508,"BPS":19.798921281436,"BASIC_EPS":1.071,"DILUTED_EPS":1.066,"OPERATE_INCOME":10706181672,"OPERATE_INCOME_YOY":16.2687016619,"GROSS_PROFIT":4102219395,"GROSS_PROFIT_YOY":17.714738553432,"HOLDER_PROFIT":1451240380,"HOLDER_PROFIT_YOY":28.8584783922,"GROSS_PROFIT_RATIO":38.316362646158,"EPS_TTM":2.958176135761,"OPERATE_INCOME_QOQ":4.656423630445,"NET_PROFIT_RATIO":13.7614165642,"ROE_AVG":5.528066577826,"GROSS_PROFIT_QOQ":5.208004992832,"ROA":2.88953748576,"HOLDER_PROFIT_QOQ":8.758955035627,"ROE_YEARLY":22.112266311305,"ROIC_YEARLY":17.724791760163,"TOTAL_ASSETS":50136236052,"TOTAL_LIABILITIES":22366560637,"TAX_EBT":24.973844463418,"OCF_SALES":16.94308763454,"TOTAL_PARENT_EQUITY":27009624818,"DEBT_ASSET_RATIO":44.6115671982,"OPERATE_PROFIT":1861483822,"PRETAX_PROFIT":1963744840,"NETCASH_OPERATE":1813957743,"NETCASH_INVEST":-4190214856,"NETCASH_FINANCE":-16424616,"END_CASH":10444423063,"DIVI_RATIO":0.670893722659,"DIVIDEND_RATE":4.219653179191,"CURRENT_RATIO":1.766602710676,"COMMON_ACS":null,"CURRENTDEBT_DEBT":80.647296849747,"ISSUED_COMMON_SHARES":1364196788,"HK_COMMON_SHARES":655069178,"PER_SHARES":2000,"TOTAL_MARKET_CAP":70801813297.2,"HKSK_MARKET_CAP":33998090338.2,"PE_TTM":14.465339576824,"PB_TTM":2.142758180821,"REPORT_DATE_SQ":"2022-03-31 00:00:00","REPORT_TYPE_SQ":"2022年一季报","OPERATE_INCOME_SQ":9208137288,"DPS_HKD":2.19,"OPERATE_INCOME_QOQ_SQ":0.929518318217,"NET_PROFIT_RATIO_SQ":12.5157317811,"HOLDER_PROFIT_SQ":1126228090,"HOLDER_PROFIT_QOQ_SQ":3.302749532087,"ROE_AVG_SQ":4.776159819057,"PE_TTM_SQ":14.585017111942,"PB_TTM_SQ":2.278568175394,"ROA_SQ":2.407716001664,"START_DATE":"2023-01-01 00:00:00","FISCAL_YEAR":"12-31","CURRENCY":"HKD","IS_CNY_CODE":0,"DPS_HKD_LY":0.55,"ORG_TYPE":"一般企业","PREMIUM_INCOME":null,"PREMIUM_INCOME_YOY":null,"NET_INTEREST_INCOME":null,"NET_INTEREST_INCOME_YOY":null,"FEE_COMMISSION_INCOME":null,"FEE_COMMISSION_INCOME_YOY":null,"ACCOUNTS_RECE_TDAYS":79.981361745414,"INVENTORY_TDAYS":1.953890027572,"CURRENT_ASSETS_TDAYS":0.335256974013,"TOTAL_ASSETS_TDAYS":0.213168774084,"PREMIUM_EXPENSE":null,"LOAN_DEPOSIT":null,"LOAN_EQUITY":null,"LOAN_ASSETS":null,"DEPOSIT_EQUITY":null,"DEPOSIT_ASSETS":null,"EQUITY_MULTIPLIER":1.805431115154,"EQUITY_RATIO":0.828095939418},{"SECUCODE":"00168.HK","SECURITY_CODE":"00168","SECURITY_NAME_ABBR":"青岛啤酒股份","ORG_CODE":"10002658","STD_REPORT_DATE":"2022-12-31 00:00:00","REPORT_DATE":"2022-12-31 00:00:00","DATE_TYPE_CODE":"001","REPORT_TYPE":"2022年年报","PER_NETCASH_OPERATE":3.576201479514,"PER_OI":23.582167105073,"BPS":18.688522013292,"BASIC_EPS":2.736,"DILUTED_EPS":2.728,"OPERATE_INCOME":32171565624,"OPERATE_INCOME_YOY":6.6455835212,"GROSS_PROFIT":11853630802,"GROSS_PROFIT_YOY":7.024007067543,"HOLDER_PROFIT":3710628593,"HOLDER_PROFIT_YOY":17.5940598262,"GROSS_PROFIT_RATIO":36.845054233721,"EPS_TTM":2.719937990202,"OPERATE_INCOME_QOQ":-1.026576989776,"NET_PROFIT_RATIO":11.8263485292,"ROE_AVG":15.302613049605,"GROSS_PROFIT_QOQ":-1.07604562212,"ROA":7.660675963473,"HOLDER_PROFIT_QOQ":-2.650357209688,"ROE_YEARLY":15.302613049605,"ROIC_YEARLY":11.807352936784,"TOTAL_ASSETS":50311699796,"TOTAL_LIABILITIES":24039387261,"TAX_EBT":23.99891931456,"OCF_SALES":15.164855136427,"TOTAL_PARENT_EQUITY":25494821703,"DEBT_ASSET_RATIO":47.7809085332,"OPERATE_PROFIT":4585335746,"PRETAX_PROFIT":5006141286,"NETCASH_OPERATE":4878771322,"NETCASH_INVEST":-2199108158,"NETCASH_FINANCE":-1675712527,"END_CASH":12839870784,"DIVI_RATIO":0.729657002163,"DIVIDEND_RATE":4.219653179191,"CURRENT_RATIO":1.626821214468,"COMMON_ACS":null,"CURRENTDEBT_DEBT":81.831489798054,"ISSUED_COMMON_SHARES":1364196788,"HK_COMMON_SHARES":655069178,"PER_SHARES":2000,"TOTAL_MARKET_CAP":70801813297.2,"HKSK_MARKET_CAP":33998090338.2,"PE_TTM":14.465339576824,"PB_TTM":2.142758180821,"REPORT_DATE_SQ":"2021-12-31 00:00:00","REPORT_TYPE_SQ":"2021年年报","OPERATE_INCOME_SQ":30166805377,"DPS_HKD":2.19,"OPERATE_INCOME_QOQ_SQ":-0.675213262062,"NET_PROFIT_RATIO_SQ":10.7941289417,"HOLDER_PROFIT_SQ":3155455810,"HOLDER_PROFIT_QOQ_SQ":14.251039984067,"ROE_AVG_SQ":14.466669295933,"PE_TTM_SQ":14.585017111942,"PB_TTM_SQ":2.278568175394,"ROA_SQ":7.165205425652,"START_DATE":"2022-01-01 00:00:00","FISCAL_YEAR":"12-31","CURRENCY":"HKD","IS_CNY_CODE":0,"DPS_HKD_LY":1.288,"ORG_TYPE":"一般企业","PREMIUM_INCOME":null,"PREMIUM_INCOME_YOY":null,"NET_INTEREST_INCOME":null,"NET_INTEREST_INCOME_YOY":null,"FEE_COMMISSION_INCOME":null,"FEE_COMMISSION_INCOME_YOY":null,"ACCOUNTS_RECE_TDAYS":258.375493182448,"INVENTORY_TDAYS":5.315223856907,"CURRENT_ASSETS_TDAYS":1.05547846827,"TOTAL_ASSETS_TDAYS":0.664189188721,"PREMIUM_EXPENSE":null,"LOAN_DEPOSIT":null,"LOAN_EQUITY":null,"LOAN_ASSETS":null,"DEPOSIT_EQUITY":null,"DEPOSIT_ASSETS":null,"EQUITY_MULTIPLIER":1.915008422994,"EQUITY_RATIO":0.942912546753},{"SECUCODE":"00168.HK","SECURITY_CODE":"00168","SECURITY_NAME_ABBR":"青岛啤酒股份","ORG_CODE":"10002658","STD_REPORT_DATE":"2022-09-30 00:00:00","REPORT_DATE":"2022-09-30 00:00:00","DATE_TYPE_CODE":"004","REPORT_TYPE":"2022年三季报","PER_NETCASH_OPERATE":4.391245378943,"PER_OI":21.335977506989,"BPS":19.085209339314,"BASIC_EPS":3.149,"DILUTED_EPS":3.138,"OPERATE_INCOME":29109843175,"OPERATE_INCOME_YOY":8.7348905357,"GROSS_PROFIT":11080552632,"GROSS_PROFIT_YOY":8.914139096756,"HOLDER_PROFIT":4266993082,"HOLDER_PROFIT_YOY":18.17313406,"GROSS_PROFIT_RATIO":38.064624963408,"EPS_TTM":2.793738826994,"OPERATE_INCOME_QOQ":4.356430561317,"NET_PROFIT_RATIO":14.9986291192,"ROE_AVG":17.402864036847,"GROSS_PROFIT_QOQ":4.317408762631,"ROA":8.900578489635,"HOLDER_PROFIT_QOQ":6.114149782196,"ROE_YEARLY":23.203818715796,"ROIC_YEARLY":13.631313448204,"TOTAL_ASSETS":49318248328,"TOTAL_LIABILITIES":22441769690,"TAX_EBT":23.911869167307,"OCF_SALES":20.581411737544,"TOTAL_PARENT_EQUITY":26035981279,"DEBT_ASSET_RATIO":45.503987775,"OPERATE_PROFIT":5419047426,"PRETAX_PROFIT":5738184612,"NETCASH_OPERATE":5991216680,"NETCASH_INVEST":-4296374207,"NETCASH_FINANCE":-1613838335,"END_CASH":11939494835,"DIVI_RATIO":0.710382008806,"DIVIDEND_RATE":4.219653179191,"CURRENT_RATIO":1.724665392939,"COMMON_ACS":null,"CURRENTDEBT_DEBT":80.526858107151,"ISSUED_COMMON_SHARES":1364196788,"HK_COMMON_SHARES":655069178,"PER_SHARES":2000,"TOTAL_MARKET_CAP":70801813297.2,"HKSK_MARKET_CAP":33998090338.2,"PE_TTM":14.465339576824,"PB_TTM":2.142758180821,"REPORT_DATE_SQ":"2021-09-30 00:00:00","REPORT_TYPE_SQ":"2021年三季报","OPERATE_INCOME_SQ":26771391438,"DPS_HKD":2.19,"OPERATE_INCOME_QOQ_SQ":0,"NET_PROFIT_RATIO_SQ":13.8856931647,"HOLDER_PROFIT_SQ":3610797933,"HOLDER_PROFIT_QOQ_SQ":0,"ROE_AVG_SQ":null,"PE_TTM_SQ":14.585017111942,"PB_TTM_SQ":2.278568175394,"ROA_SQ":null,"START_DATE":"2022-01-01 00:00:00","FISCAL_YEAR":"12-31","CURRENCY":"HKD","IS_CNY_CODE":0,"DPS_HKD_LY":1.288,"ORG_TYPE":"一般企业","PREMIUM_INCOME":null,"PREMIUM_INCOME_YOY":null,"NET_INTEREST_INCOME":null,"NET_INTEREST_INCOME_YOY":null,"FEE_COMMISSION_INCOME":null,"FEE_COMMISSION_INCOME_YOY":null,"ACCOUNTS_RECE_TDAYS":218.870564397482,"INVENTORY_TDAYS":6.373843348583,"CURRENT_ASSETS_TDAYS":0.968291912721,"TOTAL_ASSETS_TDAYS":0.607206149672,"PREMIUM_EXPENSE":null,"LOAN_DEPOSIT":null,"LOAN_EQUITY":null,"LOAN_ASSETS":null,"DEPOSIT_EQUITY":null,"DEPOSIT_ASSETS":null,"EQUITY_MULTIPLIER":1.834996652363,"EQUITY_RATIO":0.861952136527}],"count":74},"success":true,"message":"ok","code":0}