{"version":"01e8cf77dbb189bb19de1ed53059a87e","result":{"pages":6,"data":[{"SECUCODE":"00163.HK","SECURITY_CODE":"00163","SECURITY_NAME_ABBR":"英皇国际","ORG_CODE":"10007436","STD_REPORT_DATE":"2024-06-30 00:00:00","REPORT_DATE":"2024-09-30 00:00:00","DATE_TYPE_CODE":"002","REPORT_TYPE":"2024年中报","PER_NETCASH_OPERATE":0.034269310976,"PER_OI":0.075097637422,"BPS":3.010084592327,"BASIC_EPS":-0.8296468,"DILUTED_EPS":null,"OPERATE_INCOME":414262486.62,"OPERATE_INCOME_YOY":4.773656169,"GROSS_PROFIT":302204257.64,"GROSS_PROFIT_YOY":-8.254813242489,"HOLDER_PROFIT":-3124371393.07,"HOLDER_PROFIT_YOY":-355.7941986316,"GROSS_PROFIT_RATIO":72.949945360901,"EPS_TTM":-0.504522643716,"OPERATE_INCOME_QOQ":0,"NET_PROFIT_RATIO":-775.4742281955,"ROE_AVG":-17.314142167663,"GROSS_PROFIT_QOQ":0,"ROA":-8.071725612775,"HOLDER_PROFIT_QOQ":0,"ROE_YEARLY":-34.628284335326,"ROIC_YEARLY":-16.970802559934,"TOTAL_ASSETS":35402755883.85,"TOTAL_LIABILITIES":18798170560.63,"TAX_EBT":1.161538096819,"OCF_SALES":45.633008110967,"TOTAL_PARENT_EQUITY":16604585323.22,"DEBT_ASSET_RATIO":53.0980430515,"OPERATE_PROFIT":-578674134.05,"PRETAX_PROFIT":-950982644.5,"NETCASH_OPERATE":189040434.12,"NETCASH_INVEST":115460682.65,"NETCASH_FINANCE":-982293695.09,"END_CASH":660309575.59,"DIVI_RATIO":-0.005390541007,"DIVIDEND_RATE":1.492537313433,"CURRENT_RATIO":0.82271355098,"COMMON_ACS":500000000000,"CURRENTDEBT_DEBT":37.404794929068,"ISSUED_COMMON_SHARES":5516318500,"HK_COMMON_SHARES":5516318500,"PER_SHARES":10000,"TOTAL_MARKET_CAP":1108780018.5,"HKSK_MARKET_CAP":1108780018.5,"PE_TTM":-0.233369987864,"PB_TTM":0.060217506997,"REPORT_DATE_SQ":"2023-06-30 00:00:00","REPORT_TYPE_SQ":"2023年中报","OPERATE_INCOME_SQ":402333038.24,"DPS_HKD":0.003,"OPERATE_INCOME_QOQ_SQ":0,"NET_PROFIT_RATIO_SQ":-93.4328045071,"HOLDER_PROFIT_SQ":-697519009.53,"HOLDER_PROFIT_QOQ_SQ":0,"ROE_AVG_SQ":-3.256626714458,"PE_TTM_SQ":-0.689891964608,"PB_TTM_SQ":0.058886130749,"ROA_SQ":-1.548272730939,"START_DATE":"2024-04-01 00:00:00","FISCAL_YEAR":"3-31","CURRENCY":"HKD","IS_CNY_CODE":0,"DPS_HKD_LY":0.003,"ORG_TYPE":"一般企业","PREMIUM_INCOME":null,"PREMIUM_INCOME_YOY":null,"NET_INTEREST_INCOME":null,"NET_INTEREST_INCOME_YOY":null,"FEE_COMMISSION_INCOME":null,"FEE_COMMISSION_INCOME_YOY":null,"ACCOUNTS_RECE_TDAYS":0.749416987979,"INVENTORY_TDAYS":0.024362709538,"CURRENT_ASSETS_TDAYS":0.065961767625,"TOTAL_ASSETS_TDAYS":0.01070235482,"PREMIUM_EXPENSE":null,"LOAN_DEPOSIT":null,"LOAN_EQUITY":null,"LOAN_ASSETS":null,"DEPOSIT_EQUITY":null,"DEPOSIT_ASSETS":null,"EQUITY_MULTIPLIER":2.132107197783,"EQUITY_RATIO":1.132107197784},{"SECUCODE":"00163.HK","SECURITY_CODE":"00163","SECURITY_NAME_ABBR":"英皇国际","ORG_CODE":"10007436","STD_REPORT_DATE":"2023-12-31 00:00:00","REPORT_DATE":"2024-03-31 00:00:00","DATE_TYPE_CODE":"001","REPORT_TYPE":"2023年年报","PER_NETCASH_OPERATE":0.132056379913,"PER_OI":0.434304161763,"BPS":3.551039741786,"BASIC_EPS":-0.507668,"DILUTED_EPS":null,"OPERATE_INCOME":1597173388.25,"OPERATE_INCOME_YOY":45.5225236685,"GROSS_PROFIT":926456931.45,"GROSS_PROFIT_YOY":79.367015500814,"HOLDER_PROFIT":-1855405062.3,"HOLDER_PROFIT_YOY":4.4499419463,"GROSS_PROFIT_RATIO":58.006033550628,"EPS_TTM":-0.464328387501,"OPERATE_INCOME_QOQ":0,"NET_PROFIT_RATIO":-115.1413173347,"ROE_AVG":-8.997298457683,"GROSS_PROFIT_QOQ":0,"ROA":-4.189013508898,"HOLDER_PROFIT_QOQ":0,"ROE_YEARLY":-8.997298457683,"ROIC_YEARLY":-4.549472635741,"TOTAL_ASSETS":42234205445.45,"TOTAL_LIABILITIES":20887543865.35,"TAX_EBT":2.769513779747,"OCF_SALES":30.406427462588,"TOTAL_PARENT_EQUITY":19588666221.85,"DEBT_ASSET_RATIO":49.4564622326,"OPERATE_PROFIT":-1046305561.1,"PRETAX_PROFIT":-1891388751.45,"NETCASH_OPERATE":485643367.75,"NETCASH_INVEST":1972984597.3,"NETCASH_FINANCE":-3195993977.85,"END_CASH":1341194490.95,"DIVI_RATIO":-0.005857169351,"DIVIDEND_RATE":1.492537313433,"CURRENT_RATIO":0.801234711267,"COMMON_ACS":500000000000,"CURRENTDEBT_DEBT":40.700760918821,"ISSUED_COMMON_SHARES":5516318500,"HK_COMMON_SHARES":5516318500,"PER_SHARES":10000,"TOTAL_MARKET_CAP":1108780018.5,"HKSK_MARKET_CAP":1108780018.5,"PE_TTM":-0.233369987864,"PB_TTM":0.060217506997,"REPORT_DATE_SQ":"2022-12-31 00:00:00","REPORT_TYPE_SQ":"2022年年报","OPERATE_INCOME_SQ":1059843129.62,"DPS_HKD":0.003,"OPERATE_INCOME_QOQ_SQ":0,"NET_PROFIT_RATIO_SQ":-181.8467607514,"HOLDER_PROFIT_SQ":-1875113338.03,"HOLDER_PROFIT_QOQ_SQ":0,"ROE_AVG_SQ":-8.457475676174,"PE_TTM_SQ":-0.718243689181,"PB_TTM_SQ":0.061306108725,"ROA_SQ":-4.047833220389,"START_DATE":"2023-04-01 00:00:00","FISCAL_YEAR":"3-31","CURRENCY":"HKD","IS_CNY_CODE":0,"DPS_HKD_LY":0.006,"ORG_TYPE":"一般企业","PREMIUM_INCOME":null,"PREMIUM_INCOME_YOY":null,"NET_INTEREST_INCOME":null,"NET_INTEREST_INCOME_YOY":null,"FEE_COMMISSION_INCOME":null,"FEE_COMMISSION_INCOME_YOY":null,"ACCOUNTS_RECE_TDAYS":3.461397533741,"INVENTORY_TDAYS":0.135590213539,"CURRENT_ASSETS_TDAYS":0.221726843237,"TOTAL_ASSETS_TDAYS":0.036059947423,"PREMIUM_EXPENSE":null,"LOAN_DEPOSIT":null,"LOAN_EQUITY":null,"LOAN_ASSETS":null,"DEPOSIT_EQUITY":null,"DEPOSIT_ASSETS":null,"EQUITY_MULTIPLIER":1.978492294311,"EQUITY_RATIO":1.066307610165},{"SECUCODE":"00163.HK","SECURITY_CODE":"00163","SECURITY_NAME_ABBR":"英皇国际","ORG_CODE":"10007436","STD_REPORT_DATE":"2023-06-30 00:00:00","REPORT_DATE":"2023-09-30 00:00:00","DATE_TYPE_CODE":"002","REPORT_TYPE":"2023年中报","PER_NETCASH_OPERATE":0.103761392448,"PER_OI":0.109402594739,"BPS":3.791894013836,"BASIC_EPS":-0.1927023,"DILUTED_EPS":null,"OPERATE_INCOME":402333038.24,"OPERATE_INCOME_YOY":49.7076185461,"GROSS_PROFIT":329395217.69,"GROSS_PROFIT_YOY":57.66487426385,"HOLDER_PROFIT":-697519009.53,"HOLDER_PROFIT_YOY":20.5250506827,"GROSS_PROFIT_RATIO":60.799965444257,"EPS_TTM":-0.509881727603,"OPERATE_INCOME_QOQ":0,"NET_PROFIT_RATIO":-93.4328045071,"ROE_AVG":-3.256626714458,"GROSS_PROFIT_QOQ":0,"ROA":-1.548272730939,"HOLDER_PROFIT_QOQ":0,"ROE_YEARLY":-6.513253428915,"ROIC_YEARLY":-3.350761047098,"TOTAL_ASSETS":43186223399.55,"TOTAL_LIABILITIES":20503238419.44,"TAX_EBT":-0.495445352064,"OCF_SALES":51.320214492432,"TOTAL_PARENT_EQUITY":20917295098.56,"DEBT_ASSET_RATIO":47.4763403823,"OPERATE_PROFIT":-274690705.24,"PRETAX_PROFIT":-702328308.36,"NETCASH_OPERATE":381587259.2,"NETCASH_INVEST":1766617605.48,"NETCASH_FINANCE":-3312409386.72,"END_CASH":943018986.84,"DIVI_RATIO":-0.005333884022,"DIVIDEND_RATE":1.492537313433,"CURRENT_RATIO":0.780210762598,"COMMON_ACS":500000000000,"CURRENTDEBT_DEBT":41.471891301024,"ISSUED_COMMON_SHARES":5516318500,"HK_COMMON_SHARES":5516318500,"PER_SHARES":10000,"TOTAL_MARKET_CAP":1108780018.5,"HKSK_MARKET_CAP":1108780018.5,"PE_TTM":-0.233369987864,"PB_TTM":0.060217506997,"REPORT_DATE_SQ":"2022-06-30 00:00:00","REPORT_TYPE_SQ":"2022年中报","OPERATE_INCOME_SQ":489523627.8,"DPS_HKD":0.003,"OPERATE_INCOME_QOQ_SQ":0,"NET_PROFIT_RATIO_SQ":-191.6426017792,"HOLDER_PROFIT_SQ":-865043498.04,"HOLDER_PROFIT_QOQ_SQ":0,"ROE_AVG_SQ":-3.711501852431,"PE_TTM_SQ":-0.718243689181,"PB_TTM_SQ":0.061306108725,"ROA_SQ":-1.798720450691,"START_DATE":"2023-04-01 00:00:00","FISCAL_YEAR":"3-31","CURRENCY":"HKD","IS_CNY_CODE":0,"DPS_HKD_LY":0.006,"ORG_TYPE":"一般企业","PREMIUM_INCOME":null,"PREMIUM_INCOME_YOY":null,"NET_INTEREST_INCOME":null,"NET_INTEREST_INCOME_YOY":null,"FEE_COMMISSION_INCOME":null,"FEE_COMMISSION_INCOME_YOY":null,"ACCOUNTS_RECE_TDAYS":0.94183151568,"INVENTORY_TDAYS":0.05777960049,"CURRENT_ASSETS_TDAYS":0.103831462131,"TOTAL_ASSETS_TDAYS":0.016504288995,"PREMIUM_EXPENSE":null,"LOAN_DEPOSIT":null,"LOAN_EQUITY":null,"LOAN_ASSETS":null,"DEPOSIT_EQUITY":null,"DEPOSIT_ASSETS":null,"EQUITY_MULTIPLIER":1.903903892605,"EQUITY_RATIO":0.980205056286},{"SECUCODE":"00163.HK","SECURITY_CODE":"00163","SECURITY_NAME_ABBR":"英皇国际","ORG_CODE":"10007436","STD_REPORT_DATE":"2022-12-31 00:00:00","REPORT_DATE":"2023-03-31 00:00:00","DATE_TYPE_CODE":"001","REPORT_TYPE":"2022年年报","PER_NETCASH_OPERATE":0.104053356415,"PER_OI":0.288193057432,"BPS":3.790769196949,"BASIC_EPS":-0.5077378,"DILUTED_EPS":null,"OPERATE_INCOME":1059843129.62,"OPERATE_INCOME_YOY":-48.0243195021,"GROSS_PROFIT":516514660.66,"GROSS_PROFIT_YOY":-21.691409076292,"HOLDER_PROFIT":-1875113338.03,"HOLDER_PROFIT_YOY":-356.3926371479,"GROSS_PROFIT_RATIO":48.735010514735,"EPS_TTM":-0.391559676273,"OPERATE_INCOME_QOQ":0,"NET_PROFIT_RATIO":-181.8467607514,"ROE_AVG":-8.457475676174,"GROSS_PROFIT_QOQ":0,"ROA":-4.047833220389,"HOLDER_PROFIT_QOQ":0,"ROE_YEARLY":-8.457475676174,"ROIC_YEARLY":-4.373395732508,"TOTAL_ASSETS":44758010627.55,"TOTAL_LIABILITIES":22165147465.53,"TAX_EBT":4.246729771906,"OCF_SALES":36.105434787996,"TOTAL_PARENT_EQUITY":20911090250.36,"DEBT_ASSET_RATIO":49.5221908989,"OPERATE_PROFIT":-1391695303.24,"PRETAX_PROFIT":-2012767183.48,"NETCASH_OPERATE":382660970.02,"NETCASH_INVEST":1496094949.02,"NETCASH_FINANCE":-931049308.78,"END_CASH":2023188939.53,"DIVI_RATIO":-0.006945684566,"DIVIDEND_RATE":1.492537313433,"CURRENT_RATIO":0.750923889238,"COMMON_ACS":500000000000,"CURRENTDEBT_DEBT":44.064094198782,"ISSUED_COMMON_SHARES":5516318500,"HK_COMMON_SHARES":5516318500,"PER_SHARES":10000,"TOTAL_MARKET_CAP":1108780018.5,"HKSK_MARKET_CAP":1108780018.5,"PE_TTM":-0.233369987864,"PB_TTM":0.060217506997,"REPORT_DATE_SQ":"2021-12-31 00:00:00","REPORT_TYPE_SQ":"2021年年报","OPERATE_INCOME_SQ":1889105057.24,"DPS_HKD":0.003,"OPERATE_INCOME_QOQ_SQ":0,"NET_PROFIT_RATIO_SQ":-31.7535044502,"HOLDER_PROFIT_SQ":-380630512.29,"HOLDER_PROFIT_QOQ_SQ":0,"ROE_AVG_SQ":-1.743573972787,"PE_TTM_SQ":-0.718243689181,"PB_TTM_SQ":0.061306108725,"ROA_SQ":-0.816546514478,"START_DATE":"2022-04-01 00:00:00","FISCAL_YEAR":"3-31","CURRENCY":"HKD","IS_CNY_CODE":0,"DPS_HKD_LY":0.021,"ORG_TYPE":"一般企业","PREMIUM_INCOME":null,"PREMIUM_INCOME_YOY":null,"NET_INTEREST_INCOME":null,"NET_INTEREST_INCOME_YOY":null,"FEE_COMMISSION_INCOME":null,"FEE_COMMISSION_INCOME_YOY":null,"ACCOUNTS_RECE_TDAYS":2.026242633904,"INVENTORY_TDAYS":0.108908225988,"CURRENT_ASSETS_TDAYS":0.145483547119,"TOTAL_ASSETS_TDAYS":0.022878980921,"PREMIUM_EXPENSE":null,"LOAN_DEPOSIT":null,"LOAN_EQUITY":null,"LOAN_ASSETS":null,"DEPOSIT_EQUITY":null,"DEPOSIT_ASSETS":null,"EQUITY_MULTIPLIER":1.981068548354,"EQUITY_RATIO":1.059970914962},{"SECUCODE":"00163.HK","SECURITY_CODE":"00163","SECURITY_NAME_ABBR":"英皇国际","ORG_CODE":"10007436","STD_REPORT_DATE":"2022-06-30 00:00:00","REPORT_DATE":"2022-09-30 00:00:00","DATE_TYPE_CODE":"002","REPORT_TYPE":"2022年中报","PER_NETCASH_OPERATE":0.012486404629,"PER_OI":0.133111502107,"BPS":4.061790462055,"BASIC_EPS":-0.2351544,"DILUTED_EPS":null,"OPERATE_INCOME":489523627.8,"OPERATE_INCOME_YOY":-61.1364977791,"GROSS_PROFIT":208921117.8,"GROSS_PROFIT_YOY":-38.712408249136,"HOLDER_PROFIT":-865043498.04,"HOLDER_PROFIT_YOY":-510.0637964003,"GROSS_PROFIT_RATIO":42.678454304428,"EPS_TTM":-0.103501233365,"OPERATE_INCOME_QOQ":0,"NET_PROFIT_RATIO":-191.6426017792,"ROE_AVG":-3.711501852431,"GROSS_PROFIT_QOQ":0,"ROA":-1.798720450691,"HOLDER_PROFIT_QOQ":0,"ROE_YEARLY":-7.423003704862,"ROIC_YEARLY":-3.853142154798,"TOTAL_ASSETS":46706470938.6,"TOTAL_LIABILITIES":22581982851.48,"TAX_EBT":5.202607975638,"OCF_SALES":9.380409980693,"TOTAL_PARENT_EQUITY":22406129868.96,"DEBT_ASSET_RATIO":48.3487242724,"OPERATE_PROFIT":-790899315.72,"PRETAX_PROFIT":-989621968.08,"NETCASH_OPERATE":45919323.24,"NETCASH_INVEST":906967005.36,"NETCASH_FINANCE":-672557863.92,"END_CASH":1388945794.68,"DIVI_RATIO":-0.026276498469,"DIVIDEND_RATE":1.492537313433,"CURRENT_RATIO":1.224881235417,"COMMON_ACS":500000000000,"CURRENTDEBT_DEBT":25.329609995099,"ISSUED_COMMON_SHARES":5516318500,"HK_COMMON_SHARES":5516318500,"PER_SHARES":10000,"TOTAL_MARKET_CAP":1108780018.5,"HKSK_MARKET_CAP":1108780018.5,"PE_TTM":-0.233369987864,"PB_TTM":0.060217506997,"REPORT_DATE_SQ":"2021-06-30 00:00:00","REPORT_TYPE_SQ":"2021年中报","OPERATE_INCOME_SQ":1160187666.92,"DPS_HKD":0.003,"OPERATE_INCOME_QOQ_SQ":0,"NET_PROFIT_RATIO_SQ":13.5633260141,"HOLDER_PROFIT_SQ":194304580.52,"HOLDER_PROFIT_QOQ_SQ":0,"ROE_AVG_SQ":0.857605819962,"PE_TTM_SQ":-0.718243689181,"PB_TTM_SQ":0.061306108725,"ROA_SQ":0.397256886712,"START_DATE":"2022-04-01 00:00:00","FISCAL_YEAR":"3-31","CURRENCY":"HKD","IS_CNY_CODE":0,"DPS_HKD_LY":0.021,"ORG_TYPE":"一般企业","PREMIUM_INCOME":null,"PREMIUM_INCOME_YOY":null,"NET_INTEREST_INCOME":null,"NET_INTEREST_INCOME_YOY":null,"FEE_COMMISSION_INCOME":null,"FEE_COMMISSION_INCOME_YOY":null,"ACCOUNTS_RECE_TDAYS":0.822052317184,"INVENTORY_TDAYS":0.054248610409,"CURRENT_ASSETS_TDAYS":0.067604689092,"TOTAL_ASSETS_TDAYS":0.010178865715,"PREMIUM_EXPENSE":null,"LOAN_DEPOSIT":null,"LOAN_EQUITY":null,"LOAN_ASSETS":null,"DEPOSIT_EQUITY":null,"DEPOSIT_ASSETS":null,"EQUITY_MULTIPLIER":1.936060602402,"EQUITY_RATIO":1.007848431815},{"SECUCODE":"00163.HK","SECURITY_CODE":"00163","SECURITY_NAME_ABBR":"英皇国际","ORG_CODE":"10007436","STD_REPORT_DATE":"2021-12-31 00:00:00","REPORT_DATE":"2022-03-31 00:00:00","DATE_TYPE_CODE":"001","REPORT_TYPE":"2021年年报","PER_NETCASH_OPERATE":0.252612749891,"PER_OI":0.513686362672,"BPS":3.935114118617,"BASIC_EPS":-0.1054313,"DILUTED_EPS":null,"OPERATE_INCOME":1889105057.24,"OPERATE_INCOME_YOY":76.8548958987,"GROSS_PROFIT":659588755.93,"GROSS_PROFIT_YOY":20.5563933345,"HOLDER_PROFIT":-380630512.29,"HOLDER_PROFIT_YOY":38.8454983269,"GROSS_PROFIT_RATIO":34.915408934094,"EPS_TTM":0.113049211775,"OPERATE_INCOME_QOQ":0,"NET_PROFIT_RATIO":-31.7535044502,"ROE_AVG":-1.743573972787,"GROSS_PROFIT_QOQ":0,"ROA":-0.816546514478,"HOLDER_PROFIT_QOQ":0,"ROE_YEARLY":-1.743573972787,"ROIC_YEARLY":-0.894830550815,"TOTAL_ASSETS":44366711610.05,"TOTAL_LIABILITIES":21035979002.02,"TAX_EBT":11.009270343923,"OCF_SALES":49.176456345274,"TOTAL_PARENT_EQUITY":21707342812.14,"DEBT_ASSET_RATIO":47.4138790968,"OPERATE_PROFIT":-326827297.88,"PRETAX_PROFIT":-674066906.45,"NETCASH_OPERATE":928994923.79,"NETCASH_INVEST":2148110832.86,"NETCASH_FINANCE":-4270817588.48,"END_CASH":1016104696.88,"DIVI_RATIO":0.024057222136,"DIVIDEND_RATE":1.492537313433,"CURRENT_RATIO":1.218083936058,"COMMON_ACS":500000000000,"CURRENTDEBT_DEBT":26.161278729179,"ISSUED_COMMON_SHARES":5516318500,"HK_COMMON_SHARES":5516318500,"PER_SHARES":10000,"TOTAL_MARKET_CAP":1108780018.5,"HKSK_MARKET_CAP":1108780018.5,"PE_TTM":-0.233369987864,"PB_TTM":0.060217506997,"REPORT_DATE_SQ":"2020-12-31 00:00:00","REPORT_TYPE_SQ":"2020年年报","OPERATE_INCOME_SQ":1113171364.76,"DPS_HKD":0.003,"OPERATE_INCOME_QOQ_SQ":0,"NET_PROFIT_RATIO_SQ":-66.0768274109,"HOLDER_PROFIT_SQ":-648631700.64,"HOLDER_PROFIT_QOQ_SQ":0,"ROE_AVG_SQ":-2.828274080355,"PE_TTM_SQ":-0.718243689181,"PB_TTM_SQ":0.061306108725,"ROA_SQ":-1.273287211663,"START_DATE":"2021-04-01 00:00:00","FISCAL_YEAR":"3-31","CURRENCY":"HKD","IS_CNY_CODE":0,"DPS_HKD_LY":0.037,"ORG_TYPE":"一般企业","PREMIUM_INCOME":null,"PREMIUM_INCOME_YOY":null,"NET_INTEREST_INCOME":null,"NET_INTEREST_INCOME_YOY":null,"FEE_COMMISSION_INCOME":null,"FEE_COMMISSION_INCOME_YOY":null,"ACCOUNTS_RECE_TDAYS":2.375607970081,"INVENTORY_TDAYS":0.235944177621,"CURRENT_ASSETS_TDAYS":0.22074833892,"TOTAL_ASSETS_TDAYS":0.040525972043,"PREMIUM_EXPENSE":null,"LOAN_DEPOSIT":null,"LOAN_EQUITY":null,"LOAN_ASSETS":null,"DEPOSIT_EQUITY":null,"DEPOSIT_ASSETS":null,"EQUITY_MULTIPLIER":1.901642453987,"EQUITY_RATIO":0.969072040925},{"SECUCODE":"00163.HK","SECURITY_CODE":"00163","SECURITY_NAME_ABBR":"英皇国际","ORG_CODE":"10007436","STD_REPORT_DATE":"2021-06-30 00:00:00","REPORT_DATE":"2021-09-30 00:00:00","DATE_TYPE_CODE":"002","REPORT_TYPE":"2021年中报","PER_NETCASH_OPERATE":0.161203206595,"PER_OI":0.315478792644,"BPS":4.126441942944,"BASIC_EPS":0.0499836,"DILUTED_EPS":null,"OPERATE_INCOME":1160187666.92,"OPERATE_INCOME_YOY":118.4588935268,"GROSS_PROFIT":340886485.88,"GROSS_PROFIT_YOY":38.371395206998,"HOLDER_PROFIT":194304580.52,"HOLDER_PROFIT_YOY":123.5560623214,"GROSS_PROFIT_RATIO":29.38201254845,"EPS_TTM":-0.176376246381,"OPERATE_INCOME_QOQ":0,"NET_PROFIT_RATIO":13.5633260141,"ROE_AVG":0.857605819962,"GROSS_PROFIT_QOQ":0,"ROA":0.397256886712,"HOLDER_PROFIT_QOQ":0,"ROE_YEARLY":1.715211639925,"ROIC_YEARLY":0.874698949796,"TOTAL_ASSETS":47632006575.72,"TOTAL_LIABILITIES":23009146357.1,"TAX_EBT":-3.331436948863,"OCF_SALES":51.097953445223,"TOTAL_PARENT_EQUITY":22762768029.04,"DEBT_ASSET_RATIO":48.3060614306,"OPERATE_PROFIT":318922858.98,"PRETAX_PROFIT":152286700.24,"NETCASH_OPERATE":592832153.92,"NETCASH_INVEST":1435574810.3,"NETCASH_FINANCE":-2728713854.86,"END_CASH":1565650464.82,"DIVI_RATIO":-0.015419593374,"DIVIDEND_RATE":1.492537313433,"CURRENT_RATIO":1.059480674446,"COMMON_ACS":500000000000,"CURRENTDEBT_DEBT":32.52696819537,"ISSUED_COMMON_SHARES":5516318500,"HK_COMMON_SHARES":5516318500,"PER_SHARES":10000,"TOTAL_MARKET_CAP":1108780018.5,"HKSK_MARKET_CAP":1108780018.5,"PE_TTM":-0.233369987864,"PB_TTM":0.060217506997,"REPORT_DATE_SQ":"2020-06-30 00:00:00","REPORT_TYPE_SQ":"2020年中报","OPERATE_INCOME_SQ":560186636.16,"DPS_HKD":0.003,"OPERATE_INCOME_QOQ_SQ":0,"NET_PROFIT_RATIO_SQ":-167.4476825991,"HOLDER_PROFIT_SQ":-870070759.04,"HOLDER_PROFIT_QOQ_SQ":0,"ROE_AVG_SQ":-3.68948714684,"PE_TTM_SQ":-0.718243689181,"PB_TTM_SQ":0.061306108725,"ROA_SQ":-1.643216062847,"START_DATE":"2021-04-01 00:00:00","FISCAL_YEAR":"3-31","CURRENCY":"HKD","IS_CNY_CODE":0,"DPS_HKD_LY":0.037,"ORG_TYPE":"一般企业","PREMIUM_INCOME":null,"PREMIUM_INCOME_YOY":null,"NET_INTEREST_INCOME":null,"NET_INTEREST_INCOME_YOY":null,"FEE_COMMISSION_INCOME":null,"FEE_COMMISSION_INCOME_YOY":null,"ACCOUNTS_RECE_TDAYS":1.389305986453,"INVENTORY_TDAYS":0.144951782298,"CURRENT_ASSETS_TDAYS":0.124587712176,"TOTAL_ASSETS_TDAYS":0.02372010682,"PREMIUM_EXPENSE":null,"LOAN_DEPOSIT":null,"LOAN_EQUITY":null,"LOAN_ASSETS":null,"DEPOSIT_EQUITY":null,"DEPOSIT_ASSETS":null,"EQUITY_MULTIPLIER":1.934462777793,"EQUITY_RATIO":1.010823741987},{"SECUCODE":"00163.HK","SECURITY_CODE":"00163","SECURITY_NAME_ABBR":"英皇国际","ORG_CODE":"10007436","STD_REPORT_DATE":"2020-12-31 00:00:00","REPORT_DATE":"2021-03-31 00:00:00","DATE_TYPE_CODE":"001","REPORT_TYPE":"2020年年报","PER_NETCASH_OPERATE":0.081897671929,"PER_OI":0.302694096976,"BPS":4.147435405443,"BASIC_EPS":-0.1774878,"DILUTED_EPS":null,"OPERATE_INCOME":1113171364.76,"OPERATE_INCOME_YOY":-44.3184229862,"GROSS_PROFIT":547120511.56,"GROSS_PROFIT_YOY":-60.25649810332,"HOLDER_PROFIT":-648631700.64,"HOLDER_PROFIT_YOY":78.9414818902,"GROSS_PROFIT_RATIO":49.149711255639,"EPS_TTM":-1.014670707074,"OPERATE_INCOME_QOQ":0,"NET_PROFIT_RATIO":-66.0768274109,"ROE_AVG":-2.828274080355,"GROSS_PROFIT_QOQ":0,"ROA":-1.273287211663,"HOLDER_PROFIT_QOQ":0,"ROE_YEARLY":-2.828274080355,"ROIC_YEARLY":-1.426306547222,"TOTAL_ASSETS":50921352931.96,"TOTAL_LIABILITIES":26070710486.38,"TAX_EBT":19.041054092572,"OCF_SALES":27.056250104397,"TOTAL_PARENT_EQUITY":22878574654.6,"DEBT_ASSET_RATIO":51.1979925616,"OPERATE_PROFIT":-514012275.42,"PRETAX_PROFIT":-908544834.96,"NETCASH_OPERATE":301182428.54,"NETCASH_INVEST":-734862035.32,"NETCASH_FINANCE":239451326.52,"END_CASH":2297616758.92,"DIVI_RATIO":-0.002680327697,"DIVIDEND_RATE":1.492537313433,"CURRENT_RATIO":1.221772805581,"COMMON_ACS":500000000000,"CURRENTDEBT_DEBT":34.065443937095,"ISSUED_COMMON_SHARES":5516318500,"HK_COMMON_SHARES":5516318500,"PER_SHARES":10000,"TOTAL_MARKET_CAP":1108780018.5,"HKSK_MARKET_CAP":1108780018.5,"PE_TTM":-0.233369987864,"PB_TTM":0.060217506997,"REPORT_DATE_SQ":"2019-12-31 00:00:00","REPORT_TYPE_SQ":"2019年年报","OPERATE_INCOME_SQ":2161249533.4,"DPS_HKD":0.003,"OPERATE_INCOME_QOQ_SQ":0,"NET_PROFIT_RATIO_SQ":-149.8008355521,"HOLDER_PROFIT_SQ":-3329850818.3,"HOLDER_PROFIT_QOQ_SQ":0,"ROE_AVG_SQ":-12.346370542416,"PE_TTM_SQ":-0.718243689181,"PB_TTM_SQ":0.061306108725,"ROA_SQ":-5.852463757342,"START_DATE":"2020-04-01 00:00:00","FISCAL_YEAR":"3-31","CURRENCY":"HKD","IS_CNY_CODE":0,"DPS_HKD_LY":0.047,"ORG_TYPE":"一般企业","PREMIUM_INCOME":null,"PREMIUM_INCOME_YOY":null,"NET_INTEREST_INCOME":null,"NET_INTEREST_INCOME_YOY":null,"FEE_COMMISSION_INCOME":null,"FEE_COMMISSION_INCOME_YOY":null,"ACCOUNTS_RECE_TDAYS":0.992246718802,"INVENTORY_TDAYS":0.110719877586,"CURRENT_ASSETS_TDAYS":0.112362304495,"TOTAL_ASSETS_TDAYS":0.021851951758,"PREMIUM_EXPENSE":null,"LOAN_DEPOSIT":null,"LOAN_EQUITY":null,"LOAN_ASSETS":null,"DEPOSIT_EQUITY":null,"DEPOSIT_ASSETS":null,"EQUITY_MULTIPLIER":2.049096036187,"EQUITY_RATIO":1.13952511815},{"SECUCODE":"00163.HK","SECURITY_CODE":"00163","SECURITY_NAME_ABBR":"英皇国际","ORG_CODE":"10007436","STD_REPORT_DATE":"2020-06-30 00:00:00","REPORT_DATE":"2020-09-30 00:00:00","DATE_TYPE_CODE":"002","REPORT_TYPE":"2020年中报","PER_NETCASH_OPERATE":0.03195084211,"PER_OI":0.152326221585,"BPS":4.217209614187,"BASIC_EPS":-0.2372544,"DILUTED_EPS":null,"OPERATE_INCOME":560186636.16,"OPERATE_INCOME_YOY":-48.5067013669,"GROSS_PROFIT":246356181.76,"GROSS_PROFIT_YOY":-68.196957229118,"HOLDER_PROFIT":-870070759.04,"HOLDER_PROFIT_YOY":-90.667442053,"GROSS_PROFIT_RATIO":43.977518537168,"EPS_TTM":-0.90545464824,"OPERATE_INCOME_QOQ":0,"NET_PROFIT_RATIO":-167.4476825991,"ROE_AVG":-3.68948714684,"GROSS_PROFIT_QOQ":0,"ROA":-1.643216062847,"HOLDER_PROFIT_QOQ":0,"ROE_YEARLY":-7.378974293681,"ROIC_YEARLY":-3.673618065814,"TOTAL_ASSETS":52914504373.76,"TOTAL_LIABILITIES":27553969438.08,"TAX_EBT":-0.331592659847,"OCF_SALES":20.975273841849,"TOTAL_PARENT_EQUITY":23263471413.12,"DEBT_ASSET_RATIO":52.0726212296,"OPERATE_PROFIT":-727313907.84,"PRETAX_PROFIT":-934919416.32,"NETCASH_OPERATE":117500680.96,"NETCASH_INVEST":-1220252102.4,"NETCASH_FINANCE":90154035.84,"END_CASH":1582749585.28,"DIVI_RATIO":-0.003003629177,"DIVIDEND_RATE":1.492537313433,"CURRENT_RATIO":1.192364738441,"COMMON_ACS":500000000000,"CURRENTDEBT_DEBT":28.611915850587,"ISSUED_COMMON_SHARES":5516318500,"HK_COMMON_SHARES":5516318500,"PER_SHARES":10000,"TOTAL_MARKET_CAP":1108780018.5,"HKSK_MARKET_CAP":1108780018.5,"PE_TTM":-0.233369987864,"PB_TTM":0.060217506997,"REPORT_DATE_SQ":"2019-06-30 00:00:00","REPORT_TYPE_SQ":"2019年中报","OPERATE_INCOME_SQ":1116716342.31,"DPS_HKD":0.003,"OPERATE_INCOME_QOQ_SQ":0,"NET_PROFIT_RATIO_SQ":-35.529481895,"HOLDER_PROFIT_SQ":-468423715.11,"HOLDER_PROFIT_QOQ_SQ":0,"ROE_AVG_SQ":-1.665936718683,"PE_TTM_SQ":-0.718243689181,"PB_TTM_SQ":0.061306108725,"ROA_SQ":-0.815632374554,"START_DATE":"2020-04-01 00:00:00","FISCAL_YEAR":"3-31","CURRENCY":"HKD","IS_CNY_CODE":0,"DPS_HKD_LY":0.047,"ORG_TYPE":"一般企业","PREMIUM_INCOME":null,"PREMIUM_INCOME_YOY":null,"NET_INTEREST_INCOME":null,"NET_INTEREST_INCOME_YOY":null,"FEE_COMMISSION_INCOME":null,"FEE_COMMISSION_INCOME_YOY":null,"ACCOUNTS_RECE_TDAYS":0.453360935477,"INVENTORY_TDAYS":0.067688146875,"CURRENT_ASSETS_TDAYS":0.05985143114,"TOTAL_ASSETS_TDAYS":0.010579687562,"PREMIUM_EXPENSE":null,"LOAN_DEPOSIT":null,"LOAN_EQUITY":null,"LOAN_ASSETS":null,"DEPOSIT_EQUITY":null,"DEPOSIT_ASSETS":null,"EQUITY_MULTIPLIER":2.086490072388,"EQUITY_RATIO":1.18443068744}],"count":48},"success":true,"message":"ok","code":0}