{"version":"25874d8c3dc8da8b0d88bca5e3abb783","result":{"pages":6,"data":[{"SECUCODE":"00169.HK","SECURITY_CODE":"00169","SECURITY_NAME_ABBR":"万达酒店发展","ORG_CODE":"10007441","STD_REPORT_DATE":"2024-06-30 00:00:00","REPORT_DATE":"2024-06-30 00:00:00","DATE_TYPE_CODE":"002","REPORT_TYPE":"2024年中报","PER_NETCASH_OPERATE":0.021627385533,"PER_OI":0.095779448646,"BPS":0.423639973633,"BASIC_EPS":-0.1003948,"DILUTED_EPS":-0.1003948,"OPERATE_INCOME":449909256.72,"OPERATE_INCOME_YOY":6.2197121673,"GROSS_PROFIT":199999219.12,"GROSS_PROFIT_YOY":-2.71830021933,"HOLDER_PROFIT":-469976351.88,"HOLDER_PROFIT_YOY":-467.6915606903,"GROSS_PROFIT_RATIO":44.453234987443,"EPS_TTM":-0.095677640176,"OPERATE_INCOME_QOQ":2.472676713035,"NET_PROFIT_RATIO":-181.6784121845,"ROE_AVG":-21.067909447524,"GROSS_PROFIT_QOQ":-1.471719818359,"ROA":-12.721163623284,"HOLDER_PROFIT_QOQ":-400.289614095118,"ROE_YEARLY":-42.135818895048,"ROIC_YEARLY":-30.919963810491,"TOTAL_ASSETS":3233815990.12,"TOTAL_LIABILITIES":1102131376.36,"TAX_EBT":-3.023083798549,"OCF_SALES":22.580403039635,"TOTAL_PARENT_EQUITY":1989983742.32,"DEBT_ASSET_RATIO":34.0814498947,"OPERATE_PROFIT":-783690022.92,"PRETAX_PROFIT":-793402763.48,"NETCASH_OPERATE":101591323.48,"NETCASH_INVEST":-3864287.12,"NETCASH_FINANCE":-86439922.8,"END_CASH":323450141.28,"DIVI_RATIO":null,"DIVIDEND_RATE":null,"CURRENT_RATIO":1.301018908181,"COMMON_ACS":10000000000,"CURRENTDEBT_DEBT":49.292508883492,"ISSUED_COMMON_SHARES":4697346488,"HK_COMMON_SHARES":4697346488,"PER_SHARES":1000,"TOTAL_MARKET_CAP":1831965130.32,"HKSK_MARKET_CAP":1831965130.32,"PE_TTM":-3.739971358297,"PB_TTM":0.840206831635,"REPORT_DATE_SQ":"2023-06-30 00:00:00","REPORT_TYPE_SQ":"2023年中报","OPERATE_INCOME_SQ":427880776.22,"DPS_HKD":null,"OPERATE_INCOME_QOQ_SQ":16.972891295583,"NET_PROFIT_RATIO_SQ":35.5821835898,"HOLDER_PROFIT_SQ":129120533.06,"HOLDER_PROFIT_QOQ_SQ":43.220728498817,"ROE_AVG_SQ":5.364001550442,"PE_TTM_SQ":3.903650659306,"PB_TTM_SQ":0.396402339565,"ROA_SQ":2.850862305083,"START_DATE":"2024-01-01 00:00:00","FISCAL_YEAR":"12-31","CURRENCY":"HKD","IS_CNY_CODE":0,"DPS_HKD_LY":null,"ORG_TYPE":"一般企业","PREMIUM_INCOME":null,"PREMIUM_INCOME_YOY":null,"NET_INTEREST_INCOME":null,"NET_INTEREST_INCOME_YOY":null,"FEE_COMMISSION_INCOME":null,"FEE_COMMISSION_INCOME_YOY":null,"ACCOUNTS_RECE_TDAYS":2.476794838943,"INVENTORY_TDAYS":613.258678611422,"CURRENT_ASSETS_TDAYS":0.641894768916,"TOTAL_ASSETS_TDAYS":0.121779941639,"PREMIUM_EXPENSE":null,"LOAN_DEPOSIT":null,"LOAN_EQUITY":null,"LOAN_ASSETS":null,"DEPOSIT_EQUITY":null,"DEPOSIT_ASSETS":null,"EQUITY_MULTIPLIER":1.517023657836,"EQUITY_RATIO":0.553839387188},{"SECUCODE":"00169.HK","SECURITY_CODE":"00169","SECURITY_NAME_ABBR":"万达酒店发展","ORG_CODE":"10007441","STD_REPORT_DATE":"2023-12-31 00:00:00","REPORT_DATE":"2023-12-31 00:00:00","DATE_TYPE_CODE":"001","REPORT_TYPE":"2023年年报","PER_NETCASH_OPERATE":0.01891770752,"PER_OI":0.189655135136,"BPS":0.522435395862,"BASIC_EPS":0.0317177,"DILUTED_EPS":0.0317177,"OPERATE_INCOME":890875882.96,"OPERATE_INCOME_YOY":20.3589705918,"GROSS_PROFIT":379725210.62,"GROSS_PROFIT_YOY":23.824131141264,"HOLDER_PROFIT":149665857.88,"HOLDER_PROFIT_YOY":-14.5351424639,"GROSS_PROFIT_RATIO":42.62380628807,"EPS_TTM":0.031861787982,"OPERATE_INCOME_QOQ":4.386451353407,"NET_PROFIT_RATIO":19.4340574609,"ROE_AVG":6.261328597864,"GROSS_PROFIT_QOQ":3.087479617279,"ROA":3.365746154501,"HOLDER_PROFIT_QOQ":-39.461369998106,"ROE_YEARLY":6.261328597864,"ROIC_YEARLY":4.586717338274,"TOTAL_ASSETS":4125663515.54,"TOTAL_LIABILITIES":1147432202.28,"TAX_EBT":31.849151369438,"OCF_SALES":9.974793198436,"TOTAL_PARENT_EQUITY":2454060071.96,"DEBT_ASSET_RATIO":27.8120646039,"OPERATE_PROFIT":273989273.46,"PRETAX_PROFIT":254044277.48,"NETCASH_OPERATE":88863026.98,"NETCASH_INVEST":42537060.58,"NETCASH_FINANCE":-708830784.48,"END_CASH":313686240.56,"DIVI_RATIO":null,"DIVIDEND_RATE":null,"CURRENT_RATIO":1.16357021601,"COMMON_ACS":10000000000,"CURRENTDEBT_DEBT":51.687919669808,"ISSUED_COMMON_SHARES":4697346488,"HK_COMMON_SHARES":4697346488,"PER_SHARES":1000,"TOTAL_MARKET_CAP":1080389692.24,"HKSK_MARKET_CAP":1080389692.24,"PE_TTM":-2.20562413438,"PB_TTM":0.495506593016,"REPORT_DATE_SQ":"2022-12-31 00:00:00","REPORT_TYPE_SQ":"2022年年报","OPERATE_INCOME_SQ":729605070.6,"DPS_HKD":null,"OPERATE_INCOME_QOQ_SQ":8.422468362918,"NET_PROFIT_RATIO_SQ":28.5237150763,"HOLDER_PROFIT_SQ":172617281.34,"HOLDER_PROFIT_QOQ_SQ":0.472027972519,"ROE_AVG_SQ":7.575489991805,"PE_TTM_SQ":4.182482849257,"PB_TTM_SQ":0.424716792391,"ROA_SQ":3.10117552658,"START_DATE":"2023-01-01 00:00:00","FISCAL_YEAR":"12-31","CURRENCY":"HKD","IS_CNY_CODE":0,"DPS_HKD_LY":null,"ORG_TYPE":"一般企业","PREMIUM_INCOME":null,"PREMIUM_INCOME_YOY":null,"NET_INTEREST_INCOME":null,"NET_INTEREST_INCOME_YOY":null,"FEE_COMMISSION_INCOME":null,"FEE_COMMISSION_INCOME_YOY":null,"ACCOUNTS_RECE_TDAYS":4.869385177388,"INVENTORY_TDAYS":1759.89703588143,"CURRENT_ASSETS_TDAYS":0.865528380412,"TOTAL_ASSETS_TDAYS":0.200343760406,"PREMIUM_EXPENSE":null,"LOAN_DEPOSIT":null,"LOAN_EQUITY":null,"LOAN_ASSETS":null,"DEPOSIT_EQUITY":null,"DEPOSIT_ASSETS":null,"EQUITY_MULTIPLIER":1.385273030061,"EQUITY_RATIO":0.467564838934},{"SECUCODE":"00169.HK","SECURITY_CODE":"00169","SECURITY_NAME_ABBR":"万达酒店发展","ORG_CODE":"10007441","STD_REPORT_DATE":"2023-06-30 00:00:00","REPORT_DATE":"2023-06-30 00:00:00","DATE_TYPE_CODE":"002","REPORT_TYPE":"2023年中报","PER_NETCASH_OPERATE":-0.017977970822,"PER_OI":0.091089890284,"BPS":0.520994705094,"BASIC_EPS":0.0276594,"DILUTED_EPS":0.0276594,"OPERATE_INCOME":427880776.22,"OPERATE_INCOME_YOY":30.534413411,"GROSS_PROFIT":205587710.3,"GROSS_PROFIT_YOY":42.868203574109,"HOLDER_PROFIT":129120533.06,"HOLDER_PROFIT_YOY":119.6987999059,"GROSS_PROFIT_RATIO":48.047895985468,"EPS_TTM":0.052630507135,"OPERATE_INCOME_QOQ":16.972891295583,"NET_PROFIT_RATIO":35.5821835898,"ROE_AVG":5.364001550442,"GROSS_PROFIT_QOQ":20.115586879193,"ROA":2.850862305083,"HOLDER_PROFIT_QOQ":43.220728498817,"ROE_YEARLY":10.728003100885,"ROIC_YEARLY":7.784881414205,"TOTAL_ASSETS":4207623530.36,"TOTAL_LIABILITIES":1235286321.62,"TAX_EBT":19.510138428544,"OCF_SALES":-19.736516056188,"TOTAL_PARENT_EQUITY":2447292648.24,"DEBT_ASSET_RATIO":29.3582900824,"OPERATE_PROFIT":199966398.24,"PRETAX_PROFIT":189153416.8,"NETCASH_OPERATE":-84448758.1,"NETCASH_INVEST":53858383.68,"NETCASH_FINANCE":-518713323.84,"END_CASH":342719327.58,"DIVI_RATIO":null,"DIVIDEND_RATE":null,"CURRENT_RATIO":1.057812820971,"COMMON_ACS":10000000000,"CURRENTDEBT_DEBT":55.953677325072,"ISSUED_COMMON_SHARES":4697346488,"HK_COMMON_SHARES":4697346488,"PER_SHARES":1000,"TOTAL_MARKET_CAP":1174336622,"HKSK_MARKET_CAP":1174336622,"PE_TTM":-2.39741753737,"PB_TTM":0.538594122843,"REPORT_DATE_SQ":"2022-06-30 00:00:00","REPORT_TYPE_SQ":"2022年中报","OPERATE_INCOME_SQ":304045700.7,"DPS_HKD":null,"OPERATE_INCOME_QOQ_SQ":-5.792448728059,"NET_PROFIT_RATIO_SQ":22.0687424409,"HOLDER_PROFIT_SQ":54514086.55,"HOLDER_PROFIT_QOQ_SQ":-12.627994216181,"ROE_AVG_SQ":2.519609534634,"PE_TTM_SQ":4.356752967976,"PB_TTM_SQ":0.442413325407,"ROA_SQ":1.023497081359,"START_DATE":"2023-01-01 00:00:00","FISCAL_YEAR":"12-31","CURRENCY":"HKD","IS_CNY_CODE":0,"DPS_HKD_LY":null,"ORG_TYPE":"一般企业","PREMIUM_INCOME":null,"PREMIUM_INCOME_YOY":null,"NET_INTEREST_INCOME":null,"NET_INTEREST_INCOME_YOY":null,"FEE_COMMISSION_INCOME":null,"FEE_COMMISSION_INCOME_YOY":null,"ACCOUNTS_RECE_TDAYS":2.141254146731,"INVENTORY_TDAYS":784.078048780488,"CURRENT_ASSETS_TDAYS":0.403010361632,"TOTAL_ASSETS_TDAYS":0.094472129807,"PREMIUM_EXPENSE":null,"LOAN_DEPOSIT":null,"LOAN_EQUITY":null,"LOAN_ASSETS":null,"DEPOSIT_EQUITY":null,"DEPOSIT_ASSETS":null,"EQUITY_MULTIPLIER":1.415594273081,"EQUITY_RATIO":0.504756275269},{"SECUCODE":"00169.HK","SECURITY_CODE":"00169","SECURITY_NAME_ABBR":"万达酒店发展","ORG_CODE":"10007441","STD_REPORT_DATE":"2022-12-31 00:00:00","REPORT_DATE":"2022-12-31 00:00:00","DATE_TYPE_CODE":"001","REPORT_TYPE":"2022年年报","PER_NETCASH_OPERATE":0.005994375125,"PER_OI":0.155322813095,"BPS":0.488219243315,"BASIC_EPS":0.03662407,"DILUTED_EPS":0.03662407,"OPERATE_INCOME":729605070.6,"OPERATE_INCOME_YOY":-6.5104348493,"GROSS_PROFIT":306664950.62,"GROSS_PROFIT_YOY":-18.800967994399,"HOLDER_PROFIT":172617281.34,"HOLDER_PROFIT_YOY":-17.0884283692,"GROSS_PROFIT_RATIO":42.031636425965,"EPS_TTM":0.036747828116,"OPERATE_INCOME_QOQ":8.422468362918,"NET_PROFIT_RATIO":28.5237150763,"ROE_AVG":7.575489991805,"GROSS_PROFIT_QOQ":-2.603217366393,"ROA":3.10117552658,"HOLDER_PROFIT_QOQ":0.472027972519,"ROE_YEARLY":7.575489991805,"ROIC_YEARLY":5.988017272233,"TOTAL_ASSETS":4699676590.35,"TOTAL_LIABILITIES":1852393650.94,"TAX_EBT":22.089683009454,"OCF_SALES":3.859301158207,"TOTAL_PARENT_EQUITY":2293334947.96,"DEBT_ASSET_RATIO":39.415343063,"OPERATE_PROFIT":296694270.88,"PRETAX_PROFIT":267115421.37,"NETCASH_OPERATE":28157656.94,"NETCASH_INVEST":-45223580.29,"NETCASH_FINANCE":-1689310240.31,"END_CASH":893753259.07,"DIVI_RATIO":null,"DIVIDEND_RATE":null,"CURRENT_RATIO":1.022707447832,"COMMON_ACS":10000000000,"CURRENTDEBT_DEBT":71.203565376651,"ISSUED_COMMON_SHARES":4697346488,"HK_COMMON_SHARES":4697346488,"PER_SHARES":1000,"TOTAL_MARKET_CAP":1174336622,"HKSK_MARKET_CAP":1174336622,"PE_TTM":-2.39741753737,"PB_TTM":0.538594122843,"REPORT_DATE_SQ":"2021-12-31 00:00:00","REPORT_TYPE_SQ":"2021年年报","OPERATE_INCOME_SQ":714303598.4,"DPS_HKD":null,"OPERATE_INCOME_QOQ_SQ":6.249340679159,"NET_PROFIT_RATIO_SQ":29.61063756,"HOLDER_PROFIT_SQ":190558032,"HOLDER_PROFIT_QOQ_SQ":-21.799254793147,"ROE_AVG_SQ":10.11830336483,"PE_TTM_SQ":4.356752967976,"PB_TTM_SQ":0.442413325407,"ROA_SQ":3.493175659724,"START_DATE":"2022-01-01 00:00:00","FISCAL_YEAR":"12-31","CURRENCY":"HKD","IS_CNY_CODE":0,"DPS_HKD_LY":null,"ORG_TYPE":"一般企业","PREMIUM_INCOME":null,"PREMIUM_INCOME_YOY":null,"NET_INTEREST_INCOME":null,"NET_INTEREST_INCOME_YOY":null,"FEE_COMMISSION_INCOME":null,"FEE_COMMISSION_INCOME_YOY":null,"ACCOUNTS_RECE_TDAYS":4.243453865337,"INVENTORY_TDAYS":463.508565834557,"CURRENT_ASSETS_TDAYS":0.337917059355,"TOTAL_ASSETS_TDAYS":0.131078034102,"PREMIUM_EXPENSE":null,"LOAN_DEPOSIT":null,"LOAN_EQUITY":null,"LOAN_ASSETS":null,"DEPOSIT_EQUITY":null,"DEPOSIT_ASSETS":null,"EQUITY_MULTIPLIER":1.650582920755,"EQUITY_RATIO":0.80772922097},{"SECUCODE":"00169.HK","SECURITY_CODE":"00169","SECURITY_NAME_ABBR":"万达酒店发展","ORG_CODE":"10007441","STD_REPORT_DATE":"2022-06-30 00:00:00","REPORT_DATE":"2022-06-30 00:00:00","DATE_TYPE_CODE":"002","REPORT_TYPE":"2022年中报","PER_NETCASH_OPERATE":-0.036747700256,"PER_OI":0.064727118061,"BPS":0.459785923525,"BASIC_EPS":0.01197266,"DILUTED_EPS":0.01197266,"OPERATE_INCOME":304045700.7,"OPERATE_INCOME_YOY":-14.3569484258,"GROSS_PROFIT":143900255.73,"GROSS_PROFIT_YOY":-30.385263459187,"HOLDER_PROFIT":54514086.55,"HOLDER_PROFIT_YOY":-33.1519117431,"GROSS_PROFIT_RATIO":47.328495485613,"EPS_TTM":0.036575183021,"OPERATE_INCOME_QOQ":-5.792448728059,"NET_PROFIT_RATIO":22.0687424409,"ROE_AVG":2.519609534634,"GROSS_PROFIT_QOQ":-16.6306834682,"ROA":1.023497081359,"HOLDER_PROFIT_QOQ":-12.627994216181,"ROE_YEARLY":5.039219069268,"ROIC_YEARLY":3.964887313729,"TOTAL_ASSETS":4494038843.42,"TOTAL_LIABILITIES":1798308925.42,"TAX_EBT":26.60611389658,"OCF_SALES":-56.773268078643,"TOTAL_PARENT_EQUITY":2159773793.1,"DEBT_ASSET_RATIO":40.0154290623,"OPERATE_PROFIT":109255653.64,"PRETAX_PROFIT":91423231.76,"NETCASH_OPERATE":-172616680.74,"NETCASH_INVEST":14253451.73,"NETCASH_FINANCE":-1460153971.57,"END_CASH":922140259.53,"DIVI_RATIO":null,"DIVIDEND_RATE":null,"CURRENT_RATIO":0.982255798448,"COMMON_ACS":10000000000,"CURRENTDEBT_DEBT":69.828534851804,"ISSUED_COMMON_SHARES":4697346488,"HK_COMMON_SHARES":4697346488,"PER_SHARES":1000,"TOTAL_MARKET_CAP":1080389692.24,"HKSK_MARKET_CAP":1080389692.24,"PE_TTM":-2.20562413438,"PB_TTM":0.495506593016,"REPORT_DATE_SQ":"2021-06-30 00:00:00","REPORT_TYPE_SQ":"2021年中报","OPERATE_INCOME_SQ":345421370.4,"DPS_HKD":null,"OPERATE_INCOME_QOQ_SQ":21.874037665357,"NET_PROFIT_RATIO_SQ":28.7507527762,"HOLDER_PROFIT_SQ":79345484.64,"HOLDER_PROFIT_QOQ_SQ":80.925977588411,"ROE_AVG_SQ":4.181662329617,"PE_TTM_SQ":4.182482849257,"PB_TTM_SQ":0.424716792391,"ROA_SQ":1.417284109742,"START_DATE":"2022-01-01 00:00:00","FISCAL_YEAR":"12-31","CURRENCY":"HKD","IS_CNY_CODE":0,"DPS_HKD_LY":null,"ORG_TYPE":"一般企业","PREMIUM_INCOME":null,"PREMIUM_INCOME_YOY":null,"NET_INTEREST_INCOME":null,"NET_INTEREST_INCOME_YOY":null,"FEE_COMMISSION_INCOME":null,"FEE_COMMISSION_INCOME_YOY":null,"ACCOUNTS_RECE_TDAYS":1.768102247862,"INVENTORY_TDAYS":112.47027027027,"CURRENT_ASSETS_TDAYS":0.149181052542,"TOTAL_ASSETS_TDAYS":0.057084307371,"PREMIUM_EXPENSE":null,"LOAN_DEPOSIT":null,"LOAN_EQUITY":null,"LOAN_ASSETS":null,"DEPOSIT_EQUITY":null,"DEPOSIT_ASSETS":null,"EQUITY_MULTIPLIER":1.66709536197,"EQUITY_RATIO":0.832637626758},{"SECUCODE":"00169.HK","SECURITY_CODE":"00169","SECURITY_NAME_ABBR":"万达酒店发展","ORG_CODE":"10007441","STD_REPORT_DATE":"2021-12-31 00:00:00","REPORT_DATE":"2021-12-31 00:00:00","DATE_TYPE_CODE":"001","REPORT_TYPE":"2021年年报","PER_NETCASH_OPERATE":0.094511904952,"PER_OI":0.152065341619,"BPS":0.441039601335,"BASIC_EPS":0.04088,"DILUTED_EPS":0.04088,"OPERATE_INCOME":714303598.4,"OPERATE_INCOME_YOY":33.2977835553,"GROSS_PROFIT":377670697.6,"GROSS_PROFIT_YOY":14.711790870353,"HOLDER_PROFIT":190558032,"HOLDER_PROFIT_YOY":45.645578359,"GROSS_PROFIT_RATIO":52.872573853185,"EPS_TTM":0.041861443711,"OPERATE_INCOME_QOQ":6.249340679159,"NET_PROFIT_RATIO":29.61063756,"ROE_AVG":10.11830336483,"GROSS_PROFIT_QOQ":-8.775318516598,"ROA":3.493175659724,"HOLDER_PROFIT_QOQ":-21.799254793147,"ROE_YEARLY":10.11830336483,"ROIC_YEARLY":7.391345703054,"TOTAL_ASSETS":5891121958.4,"TOTAL_LIABILITIES":2745307028.8,"TAX_EBT":35.726637402667,"OCF_SALES":62.152166920961,"TOTAL_PARENT_EQUITY":2072142609.6,"DEBT_ASSET_RATIO":46.5776780426,"OPERATE_PROFIT":364270233.6,"PRETAX_PROFIT":319619462.4,"NETCASH_OPERATE":435482376,"NETCASH_INVEST":222437891.2,"NETCASH_FINANCE":-29171150.4,"END_CASH":2459786392,"DIVI_RATIO":null,"DIVIDEND_RATE":null,"CURRENT_RATIO":1.247459287238,"COMMON_ACS":10000000000,"CURRENTDEBT_DEBT":79.465763366861,"ISSUED_COMMON_SHARES":4697346488,"HK_COMMON_SHARES":4697346488,"PER_SHARES":1000,"TOTAL_MARKET_CAP":1174336622,"HKSK_MARKET_CAP":1174336622,"PE_TTM":-2.39741753737,"PB_TTM":0.538594122843,"REPORT_DATE_SQ":"2020-12-31 00:00:00","REPORT_TYPE_SQ":"2020年年报","OPERATE_INCOME_SQ":551626847.16,"DPS_HKD":null,"OPERATE_INCOME_QOQ_SQ":-9.453109307259,"NET_PROFIT_RATIO_SQ":35.1158571845,"HOLDER_PROFIT_SQ":138980854.84,"HOLDER_PROFIT_QOQ_SQ":168.572680222724,"ROE_AVG_SQ":7.97453072105,"PE_TTM_SQ":4.356752967976,"PB_TTM_SQ":0.442413325407,"ROA_SQ":2.043481351907,"START_DATE":"2021-01-01 00:00:00","FISCAL_YEAR":"12-31","CURRENCY":"HKD","IS_CNY_CODE":0,"DPS_HKD_LY":null,"ORG_TYPE":"一般企业","PREMIUM_INCOME":null,"PREMIUM_INCOME_YOY":null,"NET_INTEREST_INCOME":null,"NET_INTEREST_INCOME_YOY":null,"FEE_COMMISSION_INCOME":null,"FEE_COMMISSION_INCOME_YOY":null,"ACCOUNTS_RECE_TDAYS":3.411904148214,"INVENTORY_TDAYS":224.255446623094,"CURRENT_ASSETS_TDAYS":0.285026143575,"TOTAL_ASSETS_TDAYS":0.126892649402,"PREMIUM_EXPENSE":null,"LOAN_DEPOSIT":null,"LOAN_EQUITY":null,"LOAN_ASSETS":null,"DEPOSIT_EQUITY":null,"DEPOSIT_ASSETS":null,"EQUITY_MULTIPLIER":1.871876705017,"EQUITY_RATIO":1.324863943283},{"SECUCODE":"00169.HK","SECURITY_CODE":"00169","SECURITY_NAME_ABBR":"万达酒店发展","ORG_CODE":"10007441","STD_REPORT_DATE":"2021-06-30 00:00:00","REPORT_DATE":"2021-06-30 00:00:00","DATE_TYPE_CODE":"002","REPORT_TYPE":"2021年中报","PER_NETCASH_OPERATE":0.04690232641,"PER_OI":0.073535425007,"BPS":0.415380470865,"BASIC_EPS":0.0166416,"DILUTED_EPS":0.0166416,"OPERATE_INCOME":345421370.4,"OPERATE_INCOME_YOY":68.7129404975,"GROSS_PROFIT":206709474,"GROSS_PROFIT_YOY":69.512739918812,"HOLDER_PROFIT":79345484.64,"HOLDER_PROFIT_YOY":363.7622284862,"GROSS_PROFIT_RATIO":59.842699877147,"EPS_TTM":0.053530747822,"OPERATE_INCOME_QOQ":21.874037665357,"NET_PROFIT_RATIO":28.7507527762,"ROE_AVG":4.181662329617,"GROSS_PROFIT_QOQ":25.746441648278,"ROA":1.417284109742,"HOLDER_PROFIT_QOQ":80.925977588411,"ROE_YEARLY":8.363324659234,"ROIC_YEARLY":5.153772852504,"TOTAL_ASSETS":5741322045.12,"TOTAL_LIABILITIES":3284145704.88,"TAX_EBT":19.168547397814,"OCF_SALES":63.781947823573,"TOTAL_PARENT_EQUITY":1951185996,"DEBT_ASSET_RATIO":57.2019071404,"OPERATE_PROFIT":147958801.44,"PRETAX_PROFIT":122772571.92,"NETCASH_OPERATE":210576149.76,"NETCASH_INVEST":-406241425.92,"NETCASH_FINANCE":-11226423.36,"END_CASH":1590244669.44,"DIVI_RATIO":null,"DIVIDEND_RATE":null,"CURRENT_RATIO":0.934465043053,"COMMON_ACS":10000000000,"CURRENTDEBT_DEBT":83.265470136013,"ISSUED_COMMON_SHARES":4697346488,"HK_COMMON_SHARES":4697346488,"PER_SHARES":1000,"TOTAL_MARKET_CAP":1080389692.24,"HKSK_MARKET_CAP":1080389692.24,"PE_TTM":-2.20562413438,"PB_TTM":0.495506593016,"REPORT_DATE_SQ":"2020-06-30 00:00:00","REPORT_TYPE_SQ":"2020年中报","OPERATE_INCOME_SQ":224758306.08,"DPS_HKD":null,"OPERATE_INCOME_QOQ_SQ":-16.3419524838,"NET_PROFIT_RATIO_SQ":-13.6216405142,"HOLDER_PROFIT_SQ":-33053739.84,"HOLDER_PROFIT_QOQ_SQ":-50.450001491408,"ROE_AVG_SQ":-1.92132782198,"PE_TTM_SQ":4.182482849257,"PB_TTM_SQ":0.424716792391,"ROA_SQ":-0.370618037789,"START_DATE":"2021-01-01 00:00:00","FISCAL_YEAR":"12-31","CURRENCY":"HKD","IS_CNY_CODE":0,"DPS_HKD_LY":null,"ORG_TYPE":"一般企业","PREMIUM_INCOME":null,"PREMIUM_INCOME_YOY":null,"NET_INTEREST_INCOME":null,"NET_INTEREST_INCOME_YOY":null,"FEE_COMMISSION_INCOME":null,"FEE_COMMISSION_INCOME_YOY":null,"ACCOUNTS_RECE_TDAYS":1.225991745605,"INVENTORY_TDAYS":null,"CURRENT_ASSETS_TDAYS":0.14126540289,"TOTAL_ASSETS_TDAYS":0.061643580332,"PREMIUM_EXPENSE":null,"LOAN_DEPOSIT":null,"LOAN_EQUITY":null,"LOAN_ASSETS":null,"DEPOSIT_EQUITY":null,"DEPOSIT_ASSETS":null,"EQUITY_MULTIPLIER":2.336552713413,"EQUITY_RATIO":1.683153585364},{"SECUCODE":"00169.HK","SECURITY_CODE":"00169","SECURITY_NAME_ABBR":"万达酒店发展","ORG_CODE":"10007441","STD_REPORT_DATE":"2020-12-31 00:00:00","REPORT_DATE":"2020-12-31 00:00:00","DATE_TYPE_CODE":"001","REPORT_TYPE":"2020年年报","PER_NETCASH_OPERATE":-0.150377808161,"PER_OI":0.117433714666,"BPS":0.39776176052,"BASIC_EPS":0.0294574,"DILUTED_EPS":0.0294574,"OPERATE_INCOME":551626847.16,"OPERATE_INCOME_YOY":-19.3775001599,"GROSS_PROFIT":329234418.48,"GROSS_PROFIT_YOY":-31.777715362562,"HOLDER_PROFIT":138980854.84,"HOLDER_PROFIT_YOY":209.8040389129,"GROSS_PROFIT_RATIO":59.684263043946,"EPS_TTM":0.029587098843,"OPERATE_INCOME_QOQ":-9.453109307259,"NET_PROFIT_RATIO":35.1158571845,"ROE_AVG":7.97453072105,"GROSS_PROFIT_QOQ":-5.685085155145,"ROA":2.043481351907,"HOLDER_PROFIT_QOQ":168.572680222724,"ROE_YEARLY":7.97453072105,"ROIC_YEARLY":3.277698673674,"TOTAL_ASSETS":5528526116.56,"TOTAL_LIABILITIES":3183217984.04,"TAX_EBT":29.082415798329,"OCF_SALES":-128.053352130469,"TOTAL_PARENT_EQUITY":1868424808.84,"DEBT_ASSET_RATIO":57.5780581827,"OPERATE_PROFIT":208221736,"PRETAX_PROFIT":114048953.12,"NETCASH_OPERATE":-706376669.04,"NETCASH_INVEST":2110392100.64,"NETCASH_FINANCE":-1524519763.52,"END_CASH":1799140162.4,"DIVI_RATIO":null,"DIVIDEND_RATE":null,"CURRENT_RATIO":0.897392341552,"COMMON_ACS":10000000000,"CURRENTDEBT_DEBT":82.681170896744,"ISSUED_COMMON_SHARES":4697346488,"HK_COMMON_SHARES":4697346488,"PER_SHARES":1000,"TOTAL_MARKET_CAP":1174336622,"HKSK_MARKET_CAP":1174336622,"PE_TTM":-2.39741753737,"PB_TTM":0.538594122843,"REPORT_DATE_SQ":"2019-12-31 00:00:00","REPORT_TYPE_SQ":"2019年年报","OPERATE_INCOME_SQ":728222559.44,"DPS_HKD":null,"OPERATE_INCOME_QOQ_SQ":-25.40987026019,"NET_PROFIT_RATIO_SQ":-47.8042876051,"HOLDER_PROFIT_SQ":-134713666.86,"HOLDER_PROFIT_QOQ_SQ":-136.212754905741,"ROE_AVG_SQ":-7.262320149682,"PE_TTM_SQ":4.356752967976,"PB_TTM_SQ":0.442413325407,"ROA_SQ":-1.371743025876,"START_DATE":"2020-01-01 00:00:00","FISCAL_YEAR":"12-31","CURRENCY":"HKD","IS_CNY_CODE":0,"DPS_HKD_LY":null,"ORG_TYPE":"一般企业","PREMIUM_INCOME":null,"PREMIUM_INCOME_YOY":null,"NET_INTEREST_INCOME":null,"NET_INTEREST_INCOME_YOY":null,"FEE_COMMISSION_INCOME":null,"FEE_COMMISSION_INCOME_YOY":null,"ACCOUNTS_RECE_TDAYS":2.332647036318,"INVENTORY_TDAYS":null,"CURRENT_ASSETS_TDAYS":0.12502117325,"TOTAL_ASSETS_TDAYS":0.081107514893,"PREMIUM_EXPENSE":null,"LOAN_DEPOSIT":null,"LOAN_EQUITY":null,"LOAN_ASSETS":null,"DEPOSIT_EQUITY":null,"DEPOSIT_ASSETS":null,"EQUITY_MULTIPLIER":2.357270688614,"EQUITY_RATIO":1.703690707263},{"SECUCODE":"00169.HK","SECURITY_CODE":"00169","SECURITY_NAME_ABBR":"万达酒店发展","ORG_CODE":"10007441","STD_REPORT_DATE":"2020-06-30 00:00:00","REPORT_DATE":"2020-06-30 00:00:00","DATE_TYPE_CODE":"002","REPORT_TYPE":"2020年中报","PER_NETCASH_OPERATE":-0.095284579859,"PER_OI":0.047847930029,"BPS":0.358832931602,"BASIC_EPS":-0.00730752,"DILUTED_EPS":-0.00730752,"OPERATE_INCOME":224758306.08,"OPERATE_INCOME_YOY":-37.0363262298,"GROSS_PROFIT":121943326.56,"GROSS_PROFIT_YOY":-52.264103133006,"HOLDER_PROFIT":-33053739.84,"HOLDER_PROFIT_YOY":-191.1830666499,"GROSS_PROFIT_RATIO":54.255314825427,"EPS_TTM":-0.043147064905,"OPERATE_INCOME_QOQ":-16.3419524838,"NET_PROFIT_RATIO":-13.6216405142,"ROE_AVG":-1.92132782198,"GROSS_PROFIT_QOQ":-27.665433670102,"ROA":-0.370618037789,"HOLDER_PROFIT_QOQ":-50.450001491408,"ROE_YEARLY":-3.84265564396,"ROIC_YEARLY":-1.078807971749,"TOTAL_ASSETS":9074481076.32,"TOTAL_LIABILITIES":6753075621.6,"TAX_EBT":-91.502324835658,"OCF_SALES":-199.14044306807,"TOTAL_PARENT_EQUITY":1685562611.04,"DEBT_ASSET_RATIO":74.4183117999,"OPERATE_PROFIT":45698489.76,"PRETAX_PROFIT":-11394250.56,"NETCASH_OPERATE":-447584686.56,"NETCASH_INVEST":-137888335.2,"NETCASH_FINANCE":491404230.24,"END_CASH":1873927640.64,"DIVI_RATIO":null,"DIVIDEND_RATE":null,"CURRENT_RATIO":1.16426621028,"COMMON_ACS":10000000000,"CURRENTDEBT_DEBT":93.465737591497,"ISSUED_COMMON_SHARES":4697346488,"HK_COMMON_SHARES":4697346488,"PER_SHARES":1000,"TOTAL_MARKET_CAP":1080389692.24,"HKSK_MARKET_CAP":1080389692.24,"PE_TTM":-2.20562413438,"PB_TTM":0.495506593016,"REPORT_DATE_SQ":"2019-06-30 00:00:00","REPORT_TYPE_SQ":"2019年中报","OPERATE_INCOME_SQ":343764090.72,"DPS_HKD":null,"OPERATE_INCOME_QOQ_SQ":9.261797881837,"NET_PROFIT_RATIO_SQ":14.6198877451,"HOLDER_PROFIT_SQ":34909307.1,"HOLDER_PROFIT_QOQ_SQ":-44.625181313373,"ROE_AVG_SQ":1.779735678868,"PE_TTM_SQ":4.182482849257,"PB_TTM_SQ":0.424716792391,"ROA_SQ":0.340531196918,"START_DATE":"2020-01-01 00:00:00","FISCAL_YEAR":"12-31","CURRENCY":"HKD","IS_CNY_CODE":0,"DPS_HKD_LY":null,"ORG_TYPE":"一般企业","PREMIUM_INCOME":null,"PREMIUM_INCOME_YOY":null,"NET_INTEREST_INCOME":null,"NET_INTEREST_INCOME_YOY":null,"FEE_COMMISSION_INCOME":null,"FEE_COMMISSION_INCOME_YOY":null,"ACCOUNTS_RECE_TDAYS":1.073078935892,"INVENTORY_TDAYS":null,"CURRENT_ASSETS_TDAYS":0.031297663026,"TOTAL_ASSETS_TDAYS":0.025201227691,"PREMIUM_EXPENSE":null,"LOAN_DEPOSIT":null,"LOAN_EQUITY":null,"LOAN_ASSETS":null,"DEPOSIT_EQUITY":null,"DEPOSIT_ASSETS":null,"EQUITY_MULTIPLIER":3.909046159026,"EQUITY_RATIO":4.006422293286}],"count":48},"success":true,"message":"ok","code":0}