{"version":"f2548bfacd6217bb7cce218ff221431e","result":{"pages":6,"data":[{"SECUCODE":"00162.HK","SECURITY_CODE":"00162","SECURITY_NAME_ABBR":"世纪金花","ORG_CODE":"10007435","STD_REPORT_DATE":"2024-06-30 00:00:00","REPORT_DATE":"2024-06-30 00:00:00","DATE_TYPE_CODE":"002","REPORT_TYPE":"2024年中报","PER_NETCASH_OPERATE":0.072264401076,"PER_OI":0.196061612756,"BPS":0.619503587089,"BASIC_EPS":-0.21,"DILUTED_EPS":-0.21,"OPERATE_INCOME":225411000,"OPERATE_INCOME_YOY":18.4018111336,"GROSS_PROFIT":140690000,"GROSS_PROFIT_YOY":43.92102705744,"HOLDER_PROFIT":-238457000,"HOLDER_PROFIT_YOY":-19.1748713079,"GROSS_PROFIT_RATIO":62.414877712268,"EPS_TTM":-0.427606558146,"OPERATE_INCOME_QOQ":9.629053448627,"NET_PROFIT_RATIO":-106.1376773982,"ROE_AVG":-29.140428423212,"GROSS_PROFIT_QOQ":22.009709185792,"ROA":-3.099186657967,"HOLDER_PROFIT_QOQ":-8.464864864865,"ROE_YEARLY":-58.280856846425,"ROIC_YEARLY":-6.246053357332,"TOTAL_ASSETS":7696273000,"TOTAL_LIABILITIES":6960923000,"TAX_EBT":-1.448070864305,"OCF_SALES":36.858006042296,"TOTAL_PARENT_EQUITY":712240000,"DEBT_ASSET_RATIO":90.4453753135,"OPERATE_PROFIT":-105013000,"PRETAX_PROFIT":-235831000,"NETCASH_OPERATE":83082000,"NETCASH_INVEST":-11582000,"NETCASH_FINANCE":-102134000,"END_CASH":12304000,"DIVI_RATIO":null,"DIVIDEND_RATE":null,"CURRENT_RATIO":0.132451348863,"COMMON_ACS":15000000000,"CURRENTDEBT_DEBT":34.213839170466,"ISSUED_COMMON_SHARES":1149694715,"HK_COMMON_SHARES":1149694715,"PER_SHARES":2000,"TOTAL_MARKET_CAP":78179240.62,"HKSK_MARKET_CAP":78179240.62,"PE_TTM":-0.143605289542,"PB_TTM":0.100180598294,"REPORT_DATE_SQ":"2023-06-30 00:00:00","REPORT_TYPE_SQ":"2023年中报","OPERATE_INCOME_SQ":190378000,"DPS_HKD":null,"OPERATE_INCOME_QOQ_SQ":-10.698008349509,"NET_PROFIT_RATIO_SQ":-107.3086175924,"HOLDER_PROFIT_SQ":-200090000,"HOLDER_PROFIT_QOQ_SQ":-3.945684295496,"ROE_AVG_SQ":-15.539842349313,"PE_TTM_SQ":-0.284086578502,"PB_TTM_SQ":0.096420293586,"ROA_SQ":-2.631166109308,"START_DATE":"2024-01-01 00:00:00","FISCAL_YEAR":"12-31","CURRENCY":"HKD","IS_CNY_CODE":0,"DPS_HKD_LY":null,"ORG_TYPE":"一般企业","PREMIUM_INCOME":null,"PREMIUM_INCOME_YOY":null,"NET_INTEREST_INCOME":null,"NET_INTEREST_INCOME_YOY":null,"FEE_COMMISSION_INCOME":null,"FEE_COMMISSION_INCOME_YOY":null,"ACCOUNTS_RECE_TDAYS":1.081040510664,"INVENTORY_TDAYS":3.412110594253,"CURRENT_ASSETS_TDAYS":0.74174218642,"TOTAL_ASSETS_TDAYS":0.029296299281,"PREMIUM_EXPENSE":null,"LOAN_DEPOSIT":null,"LOAN_EQUITY":null,"LOAN_ASSETS":null,"DEPOSIT_EQUITY":null,"DEPOSIT_ASSETS":null,"EQUITY_MULTIPLIER":10.466135853697,"EQUITY_RATIO":9.773282882175},{"SECUCODE":"00162.HK","SECURITY_CODE":"00162","SECURITY_NAME_ABBR":"世纪金花","ORG_CODE":"10007435","STD_REPORT_DATE":"2023-12-31 00:00:00","REPORT_DATE":"2023-12-31 00:00:00","DATE_TYPE_CODE":"001","REPORT_TYPE":"2023年年报","PER_NETCASH_OPERATE":0.017885617575,"PER_OI":0.31645444243,"BPS":0.80224166291,"BASIC_EPS":-0.389,"DILUTED_EPS":-0.389,"OPERATE_INCOME":363826000,"OPERATE_INCOME_YOY":-3.2557768501,"GROSS_PROFIT":195073000,"GROSS_PROFIT_YOY":9.401043127138,"HOLDER_PROFIT":-453250000,"HOLDER_PROFIT_YOY":-25.2982138957,"GROSS_PROFIT_RATIO":53.617113675218,"EPS_TTM":-0.394235090487,"OPERATE_INCOME_QOQ":8.333779977251,"NET_PROFIT_RATIO":-126.473369138,"ROE_AVG":-37.799639808838,"GROSS_PROFIT_QOQ":15.869348285775,"ROA":-5.946136985353,"HOLDER_PROFIT_QOQ":-20.54200686152,"ROE_YEARLY":-37.799639808838,"ROIC_YEARLY":-5.995969967367,"TOTAL_ASSETS":7692087000,"TOTAL_LIABILITIES":6743511000,"TAX_EBT":0.73540832528,"OCF_SALES":5.65187754586,"TOTAL_PARENT_EQUITY":924366000,"DEBT_ASSET_RATIO":87.6681581995,"OPERATE_PROFIT":-233020000,"PRETAX_PROFIT":-463552000,"NETCASH_OPERATE":20563000,"NETCASH_INVEST":6924000,"NETCASH_FINANCE":171000,"END_CASH":42931000,"DIVI_RATIO":null,"DIVIDEND_RATE":null,"CURRENT_RATIO":0.12938269026,"COMMON_ACS":15000000000,"CURRENTDEBT_DEBT":33.506492389499,"ISSUED_COMMON_SHARES":1149694715,"HK_COMMON_SHARES":1149694715,"PER_SHARES":2000,"TOTAL_MARKET_CAP":113819776.785,"HKSK_MARKET_CAP":113819776.785,"PE_TTM":-0.209072406833,"PB_TTM":0.145851165164,"REPORT_DATE_SQ":"2022-12-31 00:00:00","REPORT_TYPE_SQ":"2022年年报","OPERATE_INCOME_SQ":376070000,"DPS_HKD":null,"OPERATE_INCOME_QOQ_SQ":-13.739477486983,"NET_PROFIT_RATIO_SQ":-100.7634217034,"HOLDER_PROFIT_SQ":-361737000,"HOLDER_PROFIT_QOQ_SQ":13.944675202329,"ROE_AVG_SQ":-22.379722840295,"PE_TTM_SQ":-0.318176967922,"PB_TTM_SQ":0.107990728816,"ROA_SQ":-4.900738693518,"START_DATE":"2023-01-01 00:00:00","FISCAL_YEAR":"12-31","CURRENCY":"HKD","IS_CNY_CODE":0,"DPS_HKD_LY":null,"ORG_TYPE":"一般企业","PREMIUM_INCOME":null,"PREMIUM_INCOME_YOY":null,"NET_INTEREST_INCOME":null,"NET_INTEREST_INCOME_YOY":null,"FEE_COMMISSION_INCOME":null,"FEE_COMMISSION_INCOME_YOY":null,"ACCOUNTS_RECE_TDAYS":2.52334517006,"INVENTORY_TDAYS":6.742972449204,"CURRENT_ASSETS_TDAYS":1.478444615116,"TOTAL_ASSETS_TDAYS":0.047729933477,"PREMIUM_EXPENSE":null,"LOAN_DEPOSIT":null,"LOAN_EQUITY":null,"LOAN_ASSETS":null,"DEPOSIT_EQUITY":null,"DEPOSIT_ASSETS":null,"EQUITY_MULTIPLIER":8.109088781527,"EQUITY_RATIO":7.295282388145},{"SECUCODE":"00162.HK","SECURITY_CODE":"00162","SECURITY_NAME_ABBR":"世纪金花","ORG_CODE":"10007435","STD_REPORT_DATE":"2023-06-30 00:00:00","REPORT_DATE":"2023-06-30 00:00:00","DATE_TYPE_CODE":"002","REPORT_TYPE":"2023年中报","PER_NETCASH_OPERATE":-0.088580036658,"PER_OI":0.165590045354,"BPS":0.956209492535,"BASIC_EPS":-0.17,"DILUTED_EPS":-0.17,"OPERATE_INCOME":190378000,"OPERATE_INCOME_YOY":-17.4459043407,"GROSS_PROFIT":97755000,"GROSS_PROFIT_YOY":-9.241567557029,"HOLDER_PROFIT":-200090000,"HOLDER_PROFIT_YOY":-7.6812132367,"GROSS_PROFIT_RATIO":51.347844814002,"EPS_TTM":-0.327052038332,"OPERATE_INCOME_QOQ":-10.698008349509,"NET_PROFIT_RATIO":-107.3086175924,"ROE_AVG":-15.539842349313,"GROSS_PROFIT_QOQ":-5.582412652123,"ROA":-2.631166109308,"HOLDER_PROFIT_QOQ":-3.945684295496,"ROE_YEARLY":-31.079684698626,"ROIC_YEARLY":-5.307048031119,"TOTAL_ASSETS":7656121000,"TOTAL_LIABILITIES":6531278000,"TAX_EBT":4.238873133804,"OCF_SALES":-53.493575938396,"TOTAL_PARENT_EQUITY":1099349000,"DEBT_ASSET_RATIO":85.3079255148,"OPERATE_PROFIT":-102861000,"PRETAX_PROFIT":-213335000,"NETCASH_OPERATE":-101840000,"NETCASH_INVEST":32803000,"NETCASH_FINANCE":91395000,"END_CASH":33866000,"DIVI_RATIO":null,"DIVIDEND_RATE":null,"CURRENT_RATIO":0.123774385506,"COMMON_ACS":15000000000,"CURRENTDEBT_DEBT":36.531074010324,"ISSUED_COMMON_SHARES":1149694715,"HK_COMMON_SHARES":1149694715,"PER_SHARES":2000,"TOTAL_MARKET_CAP":113819776.785,"HKSK_MARKET_CAP":113819776.785,"PE_TTM":-0.209072406833,"PB_TTM":0.145851165164,"REPORT_DATE_SQ":"2022-06-30 00:00:00","REPORT_TYPE_SQ":"2022年中报","OPERATE_INCOME_SQ":230610000,"DPS_HKD":null,"OPERATE_INCOME_QOQ_SQ":-11.796957190257,"NET_PROFIT_RATIO_SQ":-84.7994449503,"HOLDER_PROFIT_SQ":-185817000,"HOLDER_PROFIT_QOQ_SQ":-14.236874502333,"ROE_AVG_SQ":-11.093370108849,"PE_TTM_SQ":-0.318176967922,"PB_TTM_SQ":0.107990728816,"ROA_SQ":-2.588769751669,"START_DATE":"2023-01-01 00:00:00","FISCAL_YEAR":"12-31","CURRENCY":"HKD","IS_CNY_CODE":0,"DPS_HKD_LY":null,"ORG_TYPE":"一般企业","PREMIUM_INCOME":null,"PREMIUM_INCOME_YOY":null,"NET_INTEREST_INCOME":null,"NET_INTEREST_INCOME_YOY":null,"FEE_COMMISSION_INCOME":null,"FEE_COMMISSION_INCOME_YOY":null,"ACCOUNTS_RECE_TDAYS":1.361749306171,"INVENTORY_TDAYS":3.582194032448,"CURRENT_ASSETS_TDAYS":0.76896946588,"TOTAL_ASSETS_TDAYS":0.025034541534,"PREMIUM_EXPENSE":null,"LOAN_DEPOSIT":null,"LOAN_EQUITY":null,"LOAN_ASSETS":null,"DEPOSIT_EQUITY":null,"DEPOSIT_ASSETS":null,"EQUITY_MULTIPLIER":6.80639075855,"EQUITY_RATIO":5.941041470907},{"SECUCODE":"00162.HK","SECURITY_CODE":"00162","SECURITY_NAME_ABBR":"世纪金花","ORG_CODE":"10007435","STD_REPORT_DATE":"2022-12-31 00:00:00","REPORT_DATE":"2022-12-31 00:00:00","DATE_TYPE_CODE":"001","REPORT_TYPE":"2022年年报","PER_NETCASH_OPERATE":-0.082612365492,"PER_OI":0.327104226099,"BPS":1.283678163207,"BASIC_EPS":-0.155,"DILUTED_EPS":-0.155,"OPERATE_INCOME":376070000,"OPERATE_INCOME_YOY":-23.9155943999,"GROSS_PROFIT":178310000,"GROSS_PROFIT_YOY":-36.038941240194,"HOLDER_PROFIT":-361737000,"HOLDER_PROFIT_YOY":1.6930866083,"GROSS_PROFIT_RATIO":47.414045257532,"EPS_TTM":-0.314637438339,"OPERATE_INCOME_QOQ":-13.739477486983,"NET_PROFIT_RATIO":-100.7634217034,"ROE_AVG":-22.379722840295,"GROSS_PROFIT_QOQ":-19.324043073025,"ROA":-4.900738693518,"HOLDER_PROFIT_QOQ":13.944675202329,"ROE_YEARLY":-22.379722840295,"ROIC_YEARLY":-4.94719711552,"TOTAL_ASSETS":7553105000,"TOTAL_LIABILITIES":6046073000,"TAX_EBT":0.013984390254,"OCF_SALES":-25.255670486877,"TOTAL_PARENT_EQUITY":1475838000,"DEBT_ASSET_RATIO":80.0475168821,"OPERATE_PROFIT":-211599000,"PRETAX_PROFIT":-378994000,"NETCASH_OPERATE":-94979000,"NETCASH_INVEST":-102503000,"NETCASH_FINANCE":178655000,"END_CASH":11484000,"DIVI_RATIO":null,"DIVIDEND_RATE":null,"CURRENT_RATIO":0.044983884482,"COMMON_ACS":15000000000,"CURRENTDEBT_DEBT":73.474170755133,"ISSUED_COMMON_SHARES":1149694715,"HK_COMMON_SHARES":1149694715,"PER_SHARES":2000,"TOTAL_MARKET_CAP":113819776.785,"HKSK_MARKET_CAP":113819776.785,"PE_TTM":-0.209072406833,"PB_TTM":0.145851165164,"REPORT_DATE_SQ":"2021-12-31 00:00:00","REPORT_TYPE_SQ":"2021年年报","OPERATE_INCOME_SQ":494280000,"DPS_HKD":null,"OPERATE_INCOME_QOQ_SQ":-12.743988659614,"NET_PROFIT_RATIO_SQ":-77.1714412883,"HOLDER_PROFIT_SQ":-367967000,"HOLDER_PROFIT_QOQ_SQ":77.058813260696,"ROE_AVG_SQ":-19.655201884505,"PE_TTM_SQ":-0.318176967922,"PB_TTM_SQ":0.107990728816,"ROA_SQ":-5.148572370829,"START_DATE":"2022-01-01 00:00:00","FISCAL_YEAR":"12-31","CURRENCY":"HKD","IS_CNY_CODE":0,"DPS_HKD_LY":null,"ORG_TYPE":"一般企业","PREMIUM_INCOME":null,"PREMIUM_INCOME_YOY":null,"NET_INTEREST_INCOME":null,"NET_INTEREST_INCOME_YOY":null,"FEE_COMMISSION_INCOME":null,"FEE_COMMISSION_INCOME_YOY":null,"ACCOUNTS_RECE_TDAYS":4.142013789457,"INVENTORY_TDAYS":8.492474180319,"CURRENT_ASSETS_TDAYS":2.14564873824,"TOTAL_ASSETS_TDAYS":0.050949192382,"PREMIUM_EXPENSE":null,"LOAN_DEPOSIT":null,"LOAN_EQUITY":null,"LOAN_ASSETS":null,"DEPOSIT_EQUITY":null,"DEPOSIT_ASSETS":null,"EQUITY_MULTIPLIER":5.011907510915,"EQUITY_RATIO":4.096705058414},{"SECUCODE":"00162.HK","SECURITY_CODE":"00162","SECURITY_NAME_ABBR":"世纪金花","ORG_CODE":"10007435","STD_REPORT_DATE":"2022-06-30 00:00:00","REPORT_DATE":"2022-06-30 00:00:00","DATE_TYPE_CODE":"002","REPORT_TYPE":"2022年中报","PER_NETCASH_OPERATE":-0.058553804868,"PER_OI":0.200583682774,"BPS":1.385734820917,"BASIC_EPS":-0.08,"DILUTED_EPS":-0.08,"OPERATE_INCOME":230610000,"OPERATE_INCOME_YOY":-20.1820573169,"GROSS_PROFIT":107709000,"GROSS_PROFIT_YOY":-34.906447168033,"HOLDER_PROFIT":-185817000,"HOLDER_PROFIT_YOY":-39.2617852057,"GROSS_PROFIT_RATIO":46.706127227787,"EPS_TTM":-0.365622277389,"OPERATE_INCOME_QOQ":-11.796957190257,"NET_PROFIT_RATIO":-84.7994449503,"ROE_AVG":-11.093370108849,"GROSS_PROFIT_QOQ":-20.718562015073,"ROA":-2.588769751669,"HOLDER_PROFIT_QOQ":-14.236874502333,"ROE_YEARLY":-22.186740217698,"ROIC_YEARLY":-5.235274180147,"TOTAL_ASSETS":7146177000,"TOTAL_LIABILITIES":5515868000,"TAX_EBT":3.189140486539,"OCF_SALES":-29.191708945839,"TOTAL_PARENT_EQUITY":1593172000,"DEBT_ASSET_RATIO":77.186277362,"OPERATE_PROFIT":-100113000,"PRETAX_PROFIT":-201998000,"NETCASH_OPERATE":-67319000,"NETCASH_INVEST":-25632000,"NETCASH_FINANCE":89669000,"END_CASH":26994000,"DIVI_RATIO":null,"DIVIDEND_RATE":null,"CURRENT_RATIO":0.033371453353,"COMMON_ACS":15000000000,"CURRENTDEBT_DEBT":62.87304192196,"ISSUED_COMMON_SHARES":1149694715,"HK_COMMON_SHARES":1149694715,"PER_SHARES":2000,"TOTAL_MARKET_CAP":113819776.785,"HKSK_MARKET_CAP":113819776.785,"PE_TTM":-0.209072406833,"PB_TTM":0.145851165164,"REPORT_DATE_SQ":"2021-06-30 00:00:00","REPORT_TYPE_SQ":"2021年中报","OPERATE_INCOME_SQ":288920000,"DPS_HKD":null,"OPERATE_INCOME_QOQ_SQ":0,"NET_PROFIT_RATIO_SQ":-47.8336563755,"HOLDER_PROFIT_SQ":-133430000,"HOLDER_PROFIT_QOQ_SQ":0,"ROE_AVG_SQ":-6.793668848485,"PE_TTM_SQ":-0.318176967922,"PB_TTM_SQ":0.107990728816,"ROA_SQ":-1.853876645302,"START_DATE":"2022-01-01 00:00:00","FISCAL_YEAR":"12-31","CURRENCY":"HKD","IS_CNY_CODE":0,"DPS_HKD_LY":null,"ORG_TYPE":"一般企业","PREMIUM_INCOME":null,"PREMIUM_INCOME_YOY":null,"NET_INTEREST_INCOME":null,"NET_INTEREST_INCOME_YOY":null,"FEE_COMMISSION_INCOME":null,"FEE_COMMISSION_INCOME_YOY":null,"ACCOUNTS_RECE_TDAYS":4.588477570958,"INVENTORY_TDAYS":5.291412825867,"CURRENT_ASSETS_TDAYS":1.731033395636,"TOTAL_ASSETS_TDAYS":0.032128179469,"PREMIUM_EXPENSE":null,"LOAN_DEPOSIT":null,"LOAN_EQUITY":null,"LOAN_ASSETS":null,"DEPOSIT_EQUITY":null,"DEPOSIT_ASSETS":null,"EQUITY_MULTIPLIER":4.383326719044,"EQUITY_RATIO":3.462192406093},{"SECUCODE":"00162.HK","SECURITY_CODE":"00162","SECURITY_NAME_ABBR":"世纪金花","ORG_CODE":"10007435","STD_REPORT_DATE":"2021-12-31 00:00:00","REPORT_DATE":"2021-12-31 00:00:00","DATE_TYPE_CODE":"001","REPORT_TYPE":"2021年年报","PER_NETCASH_OPERATE":-0.44773972889,"PER_OI":0.429922825208,"BPS":1.528130013192,"BASIC_EPS":-0.158,"DILUTED_EPS":-0.158,"OPERATE_INCOME":494280000,"OPERATE_INCOME_YOY":null,"GROSS_PROFIT":278779000,"GROSS_PROFIT_YOY":null,"HOLDER_PROFIT":-367967000,"HOLDER_PROFIT_YOY":null,"GROSS_PROFIT_RATIO":56.401027757546,"EPS_TTM":-0.320056268155,"OPERATE_INCOME_QOQ":-12.743988659614,"NET_PROFIT_RATIO":-77.1714412883,"ROE_AVG":-19.655201884505,"GROSS_PROFIT_QOQ":-19.498996549285,"ROA":-5.148572370829,"HOLDER_PROFIT_QOQ":77.058813260696,"ROE_YEARLY":-19.655201884505,"ROIC_YEARLY":-5.347636637648,"TOTAL_ASSETS":7209445000,"TOTAL_LIABILITIES":5401185000,"TAX_EBT":-6.292390946938,"OCF_SALES":-104.14420975965,"TOTAL_PARENT_EQUITY":1756883000,"DEBT_ASSET_RATIO":74.9181802483,"OPERATE_PROFIT":-189102000,"PRETAX_PROFIT":-358862000,"NETCASH_OPERATE":-514764000,"NETCASH_INVEST":3717000,"NETCASH_FINANCE":436433000,"END_CASH":30243000,"DIVI_RATIO":null,"DIVIDEND_RATE":null,"CURRENT_RATIO":0.054030876938,"COMMON_ACS":15000000000,"CURRENTDEBT_DEBT":51.642945020398,"ISSUED_COMMON_SHARES":1149694715,"HK_COMMON_SHARES":1149694715,"PER_SHARES":2000,"TOTAL_MARKET_CAP":113819776.785,"HKSK_MARKET_CAP":113819776.785,"PE_TTM":-0.209072406833,"PB_TTM":0.145851165164,"REPORT_DATE_SQ":"2020-12-31 00:00:00","REPORT_TYPE_SQ":"2020年年报","OPERATE_INCOME_SQ":null,"DPS_HKD":null,"OPERATE_INCOME_QOQ_SQ":0,"NET_PROFIT_RATIO_SQ":null,"HOLDER_PROFIT_SQ":null,"HOLDER_PROFIT_QOQ_SQ":0,"ROE_AVG_SQ":null,"PE_TTM_SQ":-0.318176967922,"PB_TTM_SQ":0.107990728816,"ROA_SQ":null,"START_DATE":"2021-01-01 00:00:00","FISCAL_YEAR":"12-31","CURRENCY":"HKD","IS_CNY_CODE":0,"DPS_HKD_LY":null,"ORG_TYPE":"一般企业","PREMIUM_INCOME":null,"PREMIUM_INCOME_YOY":null,"NET_INTEREST_INCOME":null,"NET_INTEREST_INCOME_YOY":null,"FEE_COMMISSION_INCOME":null,"FEE_COMMISSION_INCOME_YOY":null,"ACCOUNTS_RECE_TDAYS":3.328204696574,"INVENTORY_TDAYS":7.300293026643,"CURRENT_ASSETS_TDAYS":1.179641940438,"TOTAL_ASSETS_TDAYS":0.069159363515,"PREMIUM_EXPENSE":null,"LOAN_DEPOSIT":null,"LOAN_EQUITY":null,"LOAN_ASSETS":null,"DEPOSIT_EQUITY":null,"DEPOSIT_ASSETS":null,"EQUITY_MULTIPLIER":3.986951544583,"EQUITY_RATIO":3.074299768397},{"SECUCODE":"00162.HK","SECURITY_CODE":"00162","SECURITY_NAME_ABBR":"世纪金花","ORG_CODE":"10007435","STD_REPORT_DATE":"2021-06-30 00:00:00","REPORT_DATE":"2021-06-30 00:00:00","DATE_TYPE_CODE":"002","REPORT_TYPE":"2021年中报","PER_NETCASH_OPERATE":-0.248792132614,"PER_OI":0.251301494415,"BPS":1.688041159692,"BASIC_EPS":-0.06,"DILUTED_EPS":-0.06,"OPERATE_INCOME":288920000,"OPERATE_INCOME_YOY":9.0490479156,"GROSS_PROFIT":165468000,"GROSS_PROFIT_YOY":0.194372286508,"HOLDER_PROFIT":-133430000,"HOLDER_PROFIT_YOY":78.289803383,"GROSS_PROFIT_RATIO":57.271216945867,"EPS_TTM":-1.395116441846,"OPERATE_INCOME_QOQ":0,"NET_PROFIT_RATIO":-47.8336563755,"ROE_AVG":-6.793668848485,"GROSS_PROFIT_QOQ":0,"ROA":-1.853876645302,"HOLDER_PROFIT_QOQ":0,"ROE_YEARLY":-13.58733769697,"ROIC_YEARLY":-3.968366677914,"TOTAL_ASSETS":7310203000,"TOTAL_LIABILITIES":5315628000,"TAX_EBT":-5.940115904701,"OCF_SALES":-99.001453689603,"TOTAL_PARENT_EQUITY":1940732000,"DEBT_ASSET_RATIO":72.7151899886,"OPERATE_PROFIT":-55733000,"PRETAX_PROFIT":-130452000,"NETCASH_OPERATE":-286035000,"NETCASH_INVEST":-734000,"NETCASH_FINANCE":337968000,"END_CASH":156227000,"DIVI_RATIO":null,"DIVIDEND_RATE":null,"CURRENT_RATIO":0.334855247459,"COMMON_ACS":15000000000,"CURRENTDEBT_DEBT":46.654713234259,"ISSUED_COMMON_SHARES":1149694715,"HK_COMMON_SHARES":1149694715,"PER_SHARES":2000,"TOTAL_MARKET_CAP":113819776.785,"HKSK_MARKET_CAP":113819776.785,"PE_TTM":-0.209072406833,"PB_TTM":0.145851165164,"REPORT_DATE_SQ":"2020-06-30 00:00:00","REPORT_TYPE_SQ":"2020年中报","OPERATE_INCOME_SQ":264945000,"DPS_HKD":null,"OPERATE_INCOME_QOQ_SQ":0,"NET_PROFIT_RATIO_SQ":-243.9445922739,"HOLDER_PROFIT_SQ":-614596000,"HOLDER_PROFIT_QOQ_SQ":0,"ROE_AVG_SQ":-26.380392193053,"PE_TTM_SQ":-0.318176967922,"PB_TTM_SQ":0.107990728816,"ROA_SQ":-8.482235769597,"START_DATE":"2021-01-01 00:00:00","FISCAL_YEAR":"12-31","CURRENCY":"HKD","IS_CNY_CODE":0,"DPS_HKD_LY":null,"ORG_TYPE":"一般企业","PREMIUM_INCOME":null,"PREMIUM_INCOME_YOY":null,"NET_INTEREST_INCOME":null,"NET_INTEREST_INCOME_YOY":null,"FEE_COMMISSION_INCOME":null,"FEE_COMMISSION_INCOME_YOY":null,"ACCOUNTS_RECE_TDAYS":1.00657240357,"INVENTORY_TDAYS":3.87039330334,"CURRENT_ASSETS_TDAYS":0.380722716925,"TOTAL_ASSETS_TDAYS":0.040142549679,"PREMIUM_EXPENSE":null,"LOAN_DEPOSIT":null,"LOAN_EQUITY":null,"LOAN_ASSETS":null,"DEPOSIT_EQUITY":null,"DEPOSIT_ASSETS":null,"EQUITY_MULTIPLIER":3.665042928949,"EQUITY_RATIO":2.738980961823},{"SECUCODE":"00162.HK","SECURITY_CODE":"00162","SECURITY_NAME_ABBR":"世纪金花","ORG_CODE":"10007435","STD_REPORT_DATE":"2020-06-30 00:00:00","REPORT_DATE":"2020-09-30 00:00:00","DATE_TYPE_CODE":"002","REPORT_TYPE":"2020年中报","PER_NETCASH_OPERATE":-0.369524182774,"PER_OI":0.230448132485,"BPS":1.7723078774,"BASIC_EPS":-0.26,"DILUTED_EPS":-0.26,"OPERATE_INCOME":264945000,"OPERATE_INCOME_YOY":-22.1862279213,"GROSS_PROFIT":165147000,"GROSS_PROFIT_YOY":-20.857713817445,"HOLDER_PROFIT":-614596000,"HOLDER_PROFIT_YOY":-112.1249564254,"GROSS_PROFIT_RATIO":62.332559587839,"EPS_TTM":-1.112551865562,"OPERATE_INCOME_QOQ":0,"NET_PROFIT_RATIO":-243.9445922739,"ROE_AVG":-26.380392193053,"GROSS_PROFIT_QOQ":0,"ROA":-8.482235769597,"HOLDER_PROFIT_QOQ":0,"ROE_YEARLY":-52.760784386106,"ROIC_YEARLY":-18.358376754667,"TOTAL_ASSETS":7100184000,"TOTAL_LIABILITIES":5009609000,"TAX_EBT":0.30818257118,"OCF_SALES":-160.350261375002,"TOTAL_PARENT_EQUITY":2037613000,"DEBT_ASSET_RATIO":70.5560447448,"OPERATE_PROFIT":-572749000,"PRETAX_PROFIT":-648317000,"NETCASH_OPERATE":-424840000,"NETCASH_INVEST":3369000,"NETCASH_FINANCE":424673000,"END_CASH":28823000,"DIVI_RATIO":null,"DIVIDEND_RATE":null,"CURRENT_RATIO":0.288576781227,"COMMON_ACS":15000000000,"CURRENTDEBT_DEBT":54.362486174071,"ISSUED_COMMON_SHARES":1149694715,"HK_COMMON_SHARES":1149694715,"PER_SHARES":2000,"TOTAL_MARKET_CAP":113819776.785,"HKSK_MARKET_CAP":113819776.785,"PE_TTM":-0.209072406833,"PB_TTM":0.145851165164,"REPORT_DATE_SQ":"2019-06-30 00:00:00","REPORT_TYPE_SQ":"2019年中报","OPERATE_INCOME_SQ":340486000,"DPS_HKD":null,"OPERATE_INCOME_QOQ_SQ":0,"NET_PROFIT_RATIO_SQ":-85.8358346599,"HOLDER_PROFIT_SQ":-289733000,"HOLDER_PROFIT_QOQ_SQ":0,"ROE_AVG_SQ":-7.621191285107,"PE_TTM_SQ":-0.318176967922,"PB_TTM_SQ":0.107990728816,"ROA_SQ":-3.525751053376,"START_DATE":"2020-04-01 00:00:00","FISCAL_YEAR":"3-31","CURRENCY":"HKD","IS_CNY_CODE":0,"DPS_HKD_LY":null,"ORG_TYPE":"一般企业","PREMIUM_INCOME":null,"PREMIUM_INCOME_YOY":null,"NET_INTEREST_INCOME":null,"NET_INTEREST_INCOME_YOY":null,"FEE_COMMISSION_INCOME":null,"FEE_COMMISSION_INCOME_YOY":null,"ACCOUNTS_RECE_TDAYS":1.089320184771,"INVENTORY_TDAYS":3.297581284695,"CURRENT_ASSETS_TDAYS":0.351511814576,"TOTAL_ASSETS_TDAYS":0.036565905993,"PREMIUM_EXPENSE":null,"LOAN_DEPOSIT":null,"LOAN_EQUITY":null,"LOAN_ASSETS":null,"DEPOSIT_EQUITY":null,"DEPOSIT_ASSETS":null,"EQUITY_MULTIPLIER":3.39628284085,"EQUITY_RATIO":2.458567451228},{"SECUCODE":"00162.HK","SECURITY_CODE":"00162","SECURITY_NAME_ABBR":"世纪金花","ORG_CODE":"10007435","STD_REPORT_DATE":"2019-12-31 00:00:00","REPORT_DATE":"2020-03-31 00:00:00","DATE_TYPE_CODE":"001","REPORT_TYPE":"2019年年报","PER_NETCASH_OPERATE":-0.130719918983,"PER_OI":0.558419545314,"BPS":2.280499306288,"BASIC_EPS":-0.55,"DILUTED_EPS":-0.55,"OPERATE_INCOME":642012000,"OPERATE_INCOME_YOY":-39.091801739,"GROSS_PROFIT":389829000,"GROSS_PROFIT_YOY":-27.400737485101,"HOLDER_PROFIT":-1279095000,"HOLDER_PROFIT_YOY":-388.9974194782,"GROSS_PROFIT_RATIO":60.719893086111,"EPS_TTM":-0.469147150946,"OPERATE_INCOME_QOQ":0,"NET_PROFIT_RATIO":-204.449449543,"ROE_AVG":-38.877387122997,"GROSS_PROFIT_QOQ":0,"ROA":-16.343301389173,"HOLDER_PROFIT_QOQ":0,"ROE_YEARLY":-38.877387122997,"ROIC_YEARLY":-17.776880583744,"TOTAL_ASSETS":7391184000,"TOTAL_LIABILITIES":4682466000,"TAX_EBT":0.296923886763,"OCF_SALES":-23.408908244706,"TOTAL_PARENT_EQUITY":2621878000,"DEBT_ASSET_RATIO":63.3520421085,"OPERATE_PROFIT":-1169290000,"PRETAX_PROFIT":-1316499000,"NETCASH_OPERATE":-150288000,"NETCASH_INVEST":-60385000,"NETCASH_FINANCE":-17087000,"END_CASH":25731000,"DIVI_RATIO":null,"DIVIDEND_RATE":null,"CURRENT_RATIO":0.272726276274,"COMMON_ACS":15000000000,"CURRENTDEBT_DEBT":56.503304028262,"ISSUED_COMMON_SHARES":1149694715,"HK_COMMON_SHARES":1149694715,"PER_SHARES":2000,"TOTAL_MARKET_CAP":113819776.785,"HKSK_MARKET_CAP":113819776.785,"PE_TTM":-0.209072406833,"PB_TTM":0.145851165164,"REPORT_DATE_SQ":"2018-12-31 00:00:00","REPORT_TYPE_SQ":"2018年年报","OPERATE_INCOME_SQ":1054065000,"DPS_HKD":null,"OPERATE_INCOME_QOQ_SQ":0,"NET_PROFIT_RATIO_SQ":-25.0292913625,"HOLDER_PROFIT_SQ":-261575000,"HOLDER_PROFIT_QOQ_SQ":0,"ROE_AVG_SQ":-6.375499946317,"PE_TTM_SQ":-0.318176967922,"PB_TTM_SQ":0.107990728816,"ROA_SQ":-3.124804195761,"START_DATE":"2019-04-01 00:00:00","FISCAL_YEAR":"3-31","CURRENCY":"HKD","IS_CNY_CODE":0,"DPS_HKD_LY":null,"ORG_TYPE":"一般企业","PREMIUM_INCOME":null,"PREMIUM_INCOME_YOY":null,"NET_INTEREST_INCOME":null,"NET_INTEREST_INCOME_YOY":null,"FEE_COMMISSION_INCOME":null,"FEE_COMMISSION_INCOME_YOY":null,"ACCOUNTS_RECE_TDAYS":1.921173509847,"INVENTORY_TDAYS":7.269092743388,"CURRENT_ASSETS_TDAYS":0.72005316181,"TOTAL_ASSETS_TDAYS":0.082031401979,"PREMIUM_EXPENSE":null,"LOAN_DEPOSIT":null,"LOAN_EQUITY":null,"LOAN_ASSETS":null,"DEPOSIT_EQUITY":null,"DEPOSIT_ASSETS":null,"EQUITY_MULTIPLIER":2.728664999454,"EQUITY_RATIO":1.78592062636}],"count":47},"success":true,"message":"ok","code":0}