{"version":"3bd21590e95a7f93e7456162849e3b40","result":{"pages":6,"data":[{"SECUCODE":"00164.HK","SECURITY_CODE":"00164","SECURITY_NAME_ABBR":"中国宝力科技","ORG_CODE":"10007437","STD_REPORT_DATE":"2024-06-30 00:00:00","REPORT_DATE":"2024-09-30 00:00:00","DATE_TYPE_CODE":"002","REPORT_TYPE":"2024年中报","PER_NETCASH_OPERATE":-0.122697902727,"PER_OI":0.135405470084,"BPS":-2.992635823146,"BASIC_EPS":-0.0811611,"DILUTED_EPS":-0.0811611,"OPERATE_INCOME":13193187.7,"OPERATE_INCOME_YOY":-42.9028607111,"GROSS_PROFIT":2405975.72,"GROSS_PROFIT_YOY":12.192783878505,"HOLDER_PROFIT":-6781460.8,"HOLDER_PROFIT_YOY":24.3232363893,"GROSS_PROFIT_RATIO":18.236500341764,"EPS_TTM":-0.332065948981,"OPERATE_INCOME_QOQ":0,"NET_PROFIT_RATIO":-54.4224196856,"ROE_AVG":2.100274124874,"GROSS_PROFIT_QOQ":0,"ROA":-11.187895649069,"HOLDER_PROFIT_QOQ":0,"ROE_YEARLY":4.200548249748,"ROIC_YEARLY":-18.772779469769,"TOTAL_ASSETS":59645292.39,"TOTAL_LIABILITIES":394131828.45,"TAX_EBT":0.025113008538,"OCF_SALES":-90.615174299385,"TOTAL_PARENT_EQUITY":-320782935.22,"DEBT_ASSET_RATIO":660.7928516351,"OPERATE_PROFIT":-2508779.78,"PRETAX_PROFIT":-7181855.56,"NETCASH_OPERATE":-11955030.03,"NETCASH_INVEST":null,"NETCASH_FINANCE":7695875.86,"END_CASH":-1847767.71,"DIVI_RATIO":null,"DIVIDEND_RATE":null,"CURRENT_RATIO":0.216574300224,"COMMON_ACS":65000000000,"CURRENTDEBT_DEBT":60.235668279736,"ISSUED_COMMON_SHARES":107190769,"HK_COMMON_SHARES":107190769,"PER_SHARES":5000,"TOTAL_MARKET_CAP":39660584.53,"HKSK_MARKET_CAP":39660584.53,"PE_TTM":-1.398567759715,"PB_TTM":-0.111494454962,"REPORT_DATE_SQ":"2023-06-30 00:00:00","REPORT_TYPE_SQ":"2023年中报","OPERATE_INCOME_SQ":23512433.49,"DPS_HKD":null,"OPERATE_INCOME_QOQ_SQ":0,"NET_PROFIT_RATIO_SQ":-47.6524997073,"HOLDER_PROFIT_SQ":-9118489.31,"HOLDER_PROFIT_QOQ_SQ":0,"ROE_AVG_SQ":2.975234325527,"PE_TTM_SQ":-3.566848141859,"PB_TTM_SQ":-0.203627418808,"ROA_SQ":-14.155976437572,"START_DATE":"2024-04-01 00:00:00","FISCAL_YEAR":"3-31","CURRENCY":"HKD","IS_CNY_CODE":0,"DPS_HKD_LY":null,"ORG_TYPE":"一般企业","PREMIUM_INCOME":null,"PREMIUM_INCOME_YOY":null,"NET_INTEREST_INCOME":null,"NET_INTEREST_INCOME_YOY":null,"FEE_COMMISSION_INCOME":null,"FEE_COMMISSION_INCOME_YOY":null,"ACCOUNTS_RECE_TDAYS":0.266997600124,"INVENTORY_TDAYS":8.53209700428,"CURRENT_ASSETS_TDAYS":0.255017997682,"TOTAL_ASSETS_TDAYS":0.217658129449,"PREMIUM_EXPENSE":null,"LOAN_DEPOSIT":null,"LOAN_EQUITY":null,"LOAN_ASSETS":null,"DEPOSIT_EQUITY":null,"DEPOSIT_ASSETS":null,"EQUITY_MULTIPLIER":-0.178318963425,"EQUITY_RATIO":-1.228655845361},{"SECUCODE":"00164.HK","SECURITY_CODE":"00164","SECURITY_NAME_ABBR":"中国宝力科技","ORG_CODE":"10007437","STD_REPORT_DATE":"2023-12-31 00:00:00","REPORT_DATE":"2024-03-31 00:00:00","DATE_TYPE_CODE":"001","REPORT_TYPE":"2023年年报","PER_NETCASH_OPERATE":-0.135232576396,"PER_OI":0.596628906027,"BPS":-3.047851839275,"BASIC_EPS":-0.344489,"DILUTED_EPS":-0.344489,"OPERATE_INCOME":50126775.7,"OPERATE_INCOME_YOY":3.1642971753,"GROSS_PROFIT":8556018.9,"GROSS_PROFIT_YOY":40.872407390748,"HOLDER_PROFIT":-27899076.25,"HOLDER_PROFIT_YOY":-26.7869649405,"GROSS_PROFIT_RATIO":17.068759720765,"EPS_TTM":-0.201099160877,"OPERATE_INCOME_QOQ":0,"NET_PROFIT_RATIO":-60.9541722429,"ROE_AVG":8.919927886984,"GROSS_PROFIT_QOQ":0,"ROA":-46.660955658825,"HOLDER_PROFIT_QOQ":0,"ROE_YEARLY":8.919927886984,"ROIC_YEARLY":-41.405430132121,"TOTAL_ASSETS":61908299.5,"TOTAL_LIABILITIES":401619781,"TAX_EBT":null,"OCF_SALES":-22.666112055558,"TOTAL_PARENT_EQUITY":-326701582.45,"DEBT_ASSET_RATIO":648.7333430956,"OPERATE_PROFIT":-21158877,"PRETAX_PROFIT":-30554361.2,"NETCASH_OPERATE":-11361791.15,"NETCASH_INVEST":-73430.55,"NETCASH_FINANCE":17373124.2,"END_CASH":1538415.35,"DIVI_RATIO":null,"DIVIDEND_RATE":null,"CURRENT_RATIO":0.141416541921,"COMMON_ACS":65000000000,"CURRENTDEBT_DEBT":92.13195792515,"ISSUED_COMMON_SHARES":107190769,"HK_COMMON_SHARES":107190769,"PER_SHARES":5000,"TOTAL_MARKET_CAP":40196538.375,"HKSK_MARKET_CAP":40196538.375,"PE_TTM":-1.417467324036,"PB_TTM":-0.113001136785,"REPORT_DATE_SQ":"2022-12-31 00:00:00","REPORT_TYPE_SQ":"2022年年报","OPERATE_INCOME_SQ":46920225.18,"DPS_HKD":null,"OPERATE_INCOME_QOQ_SQ":0,"NET_PROFIT_RATIO_SQ":-56.0804507631,"HOLDER_PROFIT_SQ":-21248826.93,"HOLDER_PROFIT_QOQ_SQ":0,"ROE_AVG_SQ":7.085869422429,"PE_TTM_SQ":-3.392855549573,"PB_TTM_SQ":-0.193694373988,"ROA_SQ":-23.587775132404,"START_DATE":"2023-04-01 00:00:00","FISCAL_YEAR":"3-31","CURRENCY":"HKD","IS_CNY_CODE":0,"DPS_HKD_LY":null,"ORG_TYPE":"一般企业","PREMIUM_INCOME":null,"PREMIUM_INCOME_YOY":null,"NET_INTEREST_INCOME":null,"NET_INTEREST_INCOME_YOY":null,"FEE_COMMISSION_INCOME":null,"FEE_COMMISSION_INCOME_YOY":null,"ACCOUNTS_RECE_TDAYS":1.151095012074,"INVENTORY_TDAYS":null,"CURRENT_ASSETS_TDAYS":1.051896663242,"TOTAL_ASSETS_TDAYS":0.838365843119,"PREMIUM_EXPENSE":null,"LOAN_DEPOSIT":null,"LOAN_EQUITY":null,"LOAN_ASSETS":null,"DEPOSIT_EQUITY":null,"DEPOSIT_ASSETS":null,"EQUITY_MULTIPLIER":-0.182237877939,"EQUITY_RATIO":-1.229316913583},{"SECUCODE":"00164.HK","SECURITY_CODE":"00164","SECURITY_NAME_ABBR":"中国宝力科技","ORG_CODE":"10007437","STD_REPORT_DATE":"2023-06-30 00:00:00","REPORT_DATE":"2023-09-30 00:00:00","DATE_TYPE_CODE":"002","REPORT_TYPE":"2023年中报","PER_NETCASH_OPERATE":-0.287543461879,"PER_OI":0.279854374738,"BPS":-2.896365014043,"BASIC_EPS":-0.1192919,"DILUTED_EPS":-0.1192919,"OPERATE_INCOME":23512433.49,"OPERATE_INCOME_YOY":-15.0515532275,"GROSS_PROFIT":2144501.31,"GROSS_PROFIT_YOY":-61.657795989977,"HOLDER_PROFIT":-9118489.31,"HOLDER_PROFIT_YOY":33.2863376972,"GROSS_PROFIT_RATIO":9.120711860438,"EPS_TTM":-0.292731540632,"OPERATE_INCOME_QOQ":0,"NET_PROFIT_RATIO":-47.6524997073,"ROE_AVG":2.975234325527,"GROSS_PROFIT_QOQ":0,"ROA":-14.155976437572,"HOLDER_PROFIT_QOQ":0,"ROE_YEARLY":5.950468651054,"ROIC_YEARLY":-25.464632810348,"TOTAL_ASSETS":70450125.62,"TOTAL_LIABILITIES":393417345.16,"TAX_EBT":0.122699386503,"OCF_SALES":-102.747531514655,"TOTAL_PARENT_EQUITY":-310463593.16,"DEBT_ASSET_RATIO":558.4338447912,"OPERATE_PROFIT":-5841632.58,"PRETAX_PROFIT":-11218026.75,"NETCASH_OPERATE":-24158445.01,"NETCASH_INVEST":2752.89,"NETCASH_FINANCE":19739138.93,"END_CASH":1850859.71,"DIVI_RATIO":null,"DIVIDEND_RATE":null,"CURRENT_RATIO":0.153467650943,"COMMON_ACS":65000000000,"CURRENTDEBT_DEBT":92.197923178116,"ISSUED_COMMON_SHARES":107190769,"HK_COMMON_SHARES":107190769,"PER_SHARES":5000,"TOTAL_MARKET_CAP":40196538.375,"HKSK_MARKET_CAP":40196538.375,"PE_TTM":-1.417467324036,"PB_TTM":-0.113001136785,"REPORT_DATE_SQ":"2022-06-30 00:00:00","REPORT_TYPE_SQ":"2022年中报","OPERATE_INCOME_SQ":27280623.72,"DPS_HKD":null,"OPERATE_INCOME_QOQ_SQ":0,"NET_PROFIT_RATIO_SQ":-44.3457215794,"HOLDER_PROFIT_SQ":-13471633.8,"HOLDER_PROFIT_QOQ_SQ":0,"ROE_AVG_SQ":4.259145940443,"PE_TTM_SQ":-3.392855549573,"PB_TTM_SQ":-0.193694373988,"ROA_SQ":-11.21113360781,"START_DATE":"2023-04-01 00:00:00","FISCAL_YEAR":"3-31","CURRENCY":"HKD","IS_CNY_CODE":0,"DPS_HKD_LY":null,"ORG_TYPE":"一般企业","PREMIUM_INCOME":null,"PREMIUM_INCOME_YOY":null,"NET_INTEREST_INCOME":null,"NET_INTEREST_INCOME_YOY":null,"FEE_COMMISSION_INCOME":null,"FEE_COMMISSION_INCOME_YOY":null,"ACCOUNTS_RECE_TDAYS":0.519241291264,"INVENTORY_TDAYS":null,"CURRENT_ASSETS_TDAYS":0.474175102245,"TOTAL_ASSETS_TDAYS":0.365018198913,"PREMIUM_EXPENSE":null,"LOAN_DEPOSIT":null,"LOAN_EQUITY":null,"LOAN_ASSETS":null,"DEPOSIT_EQUITY":null,"DEPOSIT_ASSETS":null,"EQUITY_MULTIPLIER":-0.218133981896,"EQUITY_RATIO":-1.267193171205},{"SECUCODE":"00164.HK","SECURITY_CODE":"00164","SECURITY_NAME_ABBR":"中国宝力科技","ORG_CODE":"10007437","STD_REPORT_DATE":"2022-12-31 00:00:00","REPORT_DATE":"2023-03-31 00:00:00","DATE_TYPE_CODE":"001","REPORT_TYPE":"2022年年报","PER_NETCASH_OPERATE":-0.041785368186,"PER_OI":0.064639002656,"BPS":-2.692191070016,"BASIC_EPS":-0.3239017,"DILUTED_EPS":-0.3239017,"OPERATE_INCOME":46920225.18,"OPERATE_INCOME_YOY":-28.1065564975,"GROSS_PROFIT":6073594.58,"GROSS_PROFIT_YOY":-51.250313312291,"HOLDER_PROFIT":-21248826.93,"HOLDER_PROFIT_YOY":-125.1236880783,"GROSS_PROFIT_RATIO":12.944512854957,"EPS_TTM":0.101508232189,"OPERATE_INCOME_QOQ":0,"NET_PROFIT_RATIO":-56.0804507631,"ROE_AVG":7.085869422429,"GROSS_PROFIT_QOQ":0,"ROA":-23.587775132404,"HOLDER_PROFIT_QOQ":0,"ROE_YEARLY":7.085869422429,"ROIC_YEARLY":-25.570444346122,"TOTAL_ASSETS":55692708.79,"TOTAL_LIABILITIES":354295935.2,"TAX_EBT":-0.176637227129,"OCF_SALES":-64.644203141908,"TOTAL_PARENT_EQUITY":-288578031.09,"DEBT_ASSET_RATIO":636.162152816,"OPERATE_PROFIT":-66549543.61,"PRETAX_PROFIT":-26266677.05,"NETCASH_OPERATE":-30331205.68,"NETCASH_INVEST":400937.78,"NETCASH_FINANCE":16528616.21,"END_CASH":6445643.83,"DIVI_RATIO":null,"DIVIDEND_RATE":null,"CURRENT_RATIO":0.121278397246,"COMMON_ACS":65000000000,"CURRENTDEBT_DEBT":96.591964815181,"ISSUED_COMMON_SHARES":107190769,"HK_COMMON_SHARES":107190769,"PER_SHARES":5000,"TOTAL_MARKET_CAP":40196538.375,"HKSK_MARKET_CAP":40196538.375,"PE_TTM":-1.417467324036,"PB_TTM":-0.113001136785,"REPORT_DATE_SQ":"2021-12-31 00:00:00","REPORT_TYPE_SQ":"2021年年报","OPERATE_INCOME_SQ":60462417.52,"DPS_HKD":null,"OPERATE_INCOME_QOQ_SQ":0,"NET_PROFIT_RATIO_SQ":129.7765318167,"HOLDER_PROFIT_SQ":78354920.14,"HOLDER_PROFIT_QOQ_SQ":0,"ROE_AVG_SQ":-21.59276054506,"PE_TTM_SQ":-3.392855549573,"PB_TTM_SQ":-0.193694373988,"ROA_SQ":68.932942817493,"START_DATE":"2022-04-01 00:00:00","FISCAL_YEAR":"3-31","CURRENCY":"HKD","IS_CNY_CODE":0,"DPS_HKD_LY":null,"ORG_TYPE":"一般企业","PREMIUM_INCOME":null,"PREMIUM_INCOME_YOY":null,"NET_INTEREST_INCOME":null,"NET_INTEREST_INCOME_YOY":null,"FEE_COMMISSION_INCOME":null,"FEE_COMMISSION_INCOME_YOY":null,"ACCOUNTS_RECE_TDAYS":1.222679730362,"INVENTORY_TDAYS":null,"CURRENT_ASSETS_TDAYS":0.867780035457,"TOTAL_ASSETS_TDAYS":0.520849327049,"PREMIUM_EXPENSE":null,"LOAN_DEPOSIT":null,"LOAN_EQUITY":null,"LOAN_ASSETS":null,"DEPOSIT_EQUITY":null,"DEPOSIT_ASSETS":null,"EQUITY_MULTIPLIER":-0.186510740221,"EQUITY_RATIO":-1.227730100804},{"SECUCODE":"00164.HK","SECURITY_CODE":"00164","SECURITY_NAME_ABBR":"中国宝力科技","ORG_CODE":"10007437","STD_REPORT_DATE":"2022-06-30 00:00:00","REPORT_DATE":"2022-09-30 00:00:00","DATE_TYPE_CODE":"002","REPORT_TYPE":"2022年中报","PER_NETCASH_OPERATE":-0.042270436948,"PER_OI":0.045099331105,"BPS":-2.902346460449,"BASIC_EPS":-0.2351544,"DILUTED_EPS":-0.2351544,"OPERATE_INCOME":27280623.72,"OPERATE_INCOME_YOY":-17.6481830344,"GROSS_PROFIT":5593056.96,"GROSS_PROFIT_YOY":-16.546047215357,"HOLDER_PROFIT":-13471633.8,"HOLDER_PROFIT_YOY":-41.0110763988,"GROSS_PROFIT_RATIO":20.501939462255,"EPS_TTM":0.133203615846,"OPERATE_INCOME_QOQ":0,"NET_PROFIT_RATIO":-44.3457215794,"ROE_AVG":4.259145940443,"GROSS_PROFIT_QOQ":0,"ROA":-11.21113360781,"HOLDER_PROFIT_QOQ":0,"ROE_YEARLY":8.518291880887,"ROIC_YEARLY":-24.268740249531,"TOTAL_ASSETS":111722759.88,"TOTAL_LIABILITIES":429014782.92,"TAX_EBT":0.052305163267,"OCF_SALES":-93.727414381859,"TOTAL_PARENT_EQUITY":-311104749,"DEBT_ASSET_RATIO":383.9994495131,"OPERATE_PROFIT":-8498118.24,"PRETAX_PROFIT":-12104120.52,"NETCASH_OPERATE":-25569423.24,"NETCASH_INVEST":-2877928.08,"NETCASH_FINANCE":9369998.4,"END_CASH":6341028.84,"DIVI_RATIO":null,"DIVIDEND_RATE":null,"CURRENT_RATIO":0.131136407386,"COMMON_ACS":65000000000,"CURRENTDEBT_DEBT":97.470185077043,"ISSUED_COMMON_SHARES":107190769,"HK_COMMON_SHARES":107190769,"PER_SHARES":5000,"TOTAL_MARKET_CAP":40196538.375,"HKSK_MARKET_CAP":40196538.375,"PE_TTM":-1.417467324036,"PB_TTM":-0.113001136785,"REPORT_DATE_SQ":"2021-06-30 00:00:00","REPORT_TYPE_SQ":"2021年中报","OPERATE_INCOME_SQ":30512488.62,"DPS_HKD":null,"OPERATE_INCOME_QOQ_SQ":0,"NET_PROFIT_RATIO_SQ":-35.3455101428,"HOLDER_PROFIT_SQ":-8799612.78,"HOLDER_PROFIT_QOQ_SQ":0,"ROE_AVG_SQ":1.937985562806,"PE_TTM_SQ":-3.392855549573,"PB_TTM_SQ":-0.193694373988,"ROA_SQ":-8.412376060208,"START_DATE":"2022-04-01 00:00:00","FISCAL_YEAR":"3-31","CURRENCY":"HKD","IS_CNY_CODE":0,"DPS_HKD_LY":null,"ORG_TYPE":"一般企业","PREMIUM_INCOME":null,"PREMIUM_INCOME_YOY":null,"NET_INTEREST_INCOME":null,"NET_INTEREST_INCOME_YOY":null,"FEE_COMMISSION_INCOME":null,"FEE_COMMISSION_INCOME_YOY":null,"ACCOUNTS_RECE_TDAYS":0.59584765517,"INVENTORY_TDAYS":null,"CURRENT_ASSETS_TDAYS":0.441147219703,"TOTAL_ASSETS_TDAYS":0.227030159793,"PREMIUM_EXPENSE":null,"LOAN_DEPOSIT":null,"LOAN_EQUITY":null,"LOAN_ASSETS":null,"DEPOSIT_EQUITY":null,"DEPOSIT_ASSETS":null,"EQUITY_MULTIPLIER":-0.35211335857,"EQUITY_RATIO":-1.379004288102},{"SECUCODE":"00164.HK","SECURITY_CODE":"00164","SECURITY_NAME_ABBR":"中国宝力科技","ORG_CODE":"10007437","STD_REPORT_DATE":"2021-12-31 00:00:00","REPORT_DATE":"2022-03-31 00:00:00","DATE_TYPE_CODE":"001","REPORT_TYPE":"2021年年报","PER_NETCASH_OPERATE":-0.072811561021,"PER_OI":0.102786303937,"BPS":-2.68943331874,"BASIC_EPS":1.6869008,"DILUTED_EPS":1.6869008,"OPERATE_INCOME":60462417.52,"OPERATE_INCOME_YOY":35.6946542655,"GROSS_PROFIT":12458735.62,"GROSS_PROFIT_YOY":11.311075614503,"HOLDER_PROFIT":78354920.14,"HOLDER_PROFIT_YOY":186.7239955477,"GROSS_PROFIT_RATIO":20.605751690096,"EPS_TTM":-0.159083803974,"OPERATE_INCOME_QOQ":0,"NET_PROFIT_RATIO":129.7765318167,"ROE_AVG":-21.59276054506,"GROSS_PROFIT_QOQ":0,"ROA":68.932942817493,"HOLDER_PROFIT_QOQ":0,"ROE_YEARLY":-21.59276054506,"ROIC_YEARLY":76.997378005531,"TOTAL_ASSETS":115318322.91,"TOTAL_LIABILITIES":410450538.98,"TAX_EBT":1.529708714149,"OCF_SALES":-70.83780448546,"TOTAL_PARENT_EQUITY":-288282425.61,"DEBT_ASSET_RATIO":355.9282936332,"OPERATE_PROFIT":98371457.95,"PRETAX_PROFIT":79684976.54,"NETCASH_OPERATE":-42830249.11,"NETCASH_INVEST":-159768.97,"NETCASH_FINANCE":58640078.05,"END_CASH":23108107.93,"DIVI_RATIO":null,"DIVIDEND_RATE":null,"CURRENT_RATIO":0.1516763144,"COMMON_ACS":65000000000,"CURRENTDEBT_DEBT":99.15964892175,"ISSUED_COMMON_SHARES":107190769,"HK_COMMON_SHARES":107190769,"PER_SHARES":5000,"TOTAL_MARKET_CAP":40196538.375,"HKSK_MARKET_CAP":40196538.375,"PE_TTM":-1.417467324036,"PB_TTM":-0.113001136785,"REPORT_DATE_SQ":"2020-12-31 00:00:00","REPORT_TYPE_SQ":"2020年年报","OPERATE_INCOME_SQ":46435034.38,"DPS_HKD":null,"OPERATE_INCOME_QOQ_SQ":0,"NET_PROFIT_RATIO_SQ":-205.0199304709,"HOLDER_PROFIT_SQ":-94156432.72,"HOLDER_PROFIT_QOQ_SQ":0,"ROE_AVG_SQ":23.254755677276,"PE_TTM_SQ":-3.392855549573,"PB_TTM_SQ":-0.193694373988,"ROA_SQ":-71.670097786927,"START_DATE":"2021-04-01 00:00:00","FISCAL_YEAR":"3-31","CURRENCY":"HKD","IS_CNY_CODE":0,"DPS_HKD_LY":null,"ORG_TYPE":"一般企业","PREMIUM_INCOME":null,"PREMIUM_INCOME_YOY":null,"NET_INTEREST_INCOME":null,"NET_INTEREST_INCOME_YOY":null,"FEE_COMMISSION_INCOME":null,"FEE_COMMISSION_INCOME_YOY":null,"ACCOUNTS_RECE_TDAYS":1.86482565411,"INVENTORY_TDAYS":null,"CURRENT_ASSETS_TDAYS":1.255760679154,"TOTAL_ASSETS_TDAYS":0.531919675506,"PREMIUM_EXPENSE":null,"LOAN_DEPOSIT":null,"LOAN_EQUITY":null,"LOAN_ASSETS":null,"DEPOSIT_EQUITY":null,"DEPOSIT_ASSETS":null,"EQUITY_MULTIPLIER":-0.390734445889,"EQUITY_RATIO":-1.423779261297},{"SECUCODE":"00164.HK","SECURITY_CODE":"00164","SECURITY_NAME_ABBR":"中国宝力科技","ORG_CODE":"10007437","STD_REPORT_DATE":"2021-06-30 00:00:00","REPORT_DATE":"2021-09-30 00:00:00","DATE_TYPE_CODE":"002","REPORT_TYPE":"2021年中报","PER_NETCASH_OPERATE":-0.008780768339,"PER_OI":0.054658939831,"BPS":-4.279810188506,"BASIC_EPS":-0.002332568,"DILUTED_EPS":-0.002332568,"OPERATE_INCOME":30512488.62,"OPERATE_INCOME_YOY":69.7895419989,"GROSS_PROFIT":6701967.7,"GROSS_PROFIT_YOY":454.688447659405,"HOLDER_PROFIT":-8799612.78,"HOLDER_PROFIT_YOY":34.4035272931,"GROSS_PROFIT_RATIO":21.964670871215,"EPS_TTM":-0.025300250897,"OPERATE_INCOME_QOQ":0,"NET_PROFIT_RATIO":-35.3455101428,"ROE_AVG":1.937985562806,"GROSS_PROFIT_QOQ":0,"ROA":-8.412376060208,"HOLDER_PROFIT_QOQ":0,"ROE_YEARLY":3.875971125611,"ROIC_YEARLY":-17.605953655823,"TOTAL_ASSETS":94142444.48,"TOTAL_LIABILITIES":556156687.42,"TAX_EBT":-0.054100007729,"OCF_SALES":-16.064651759631,"TOTAL_PARENT_EQUITY":-458756145.28,"DEBT_ASSET_RATIO":590.7608310916,"OPERATE_PROFIT":-2181784.14,"PRETAX_PROFIT":-10778963.34,"NETCASH_OPERATE":-4901725.04,"NETCASH_INVEST":65811.74,"NETCASH_FINANCE":1382046.54,"END_CASH":4783430.52,"DIVI_RATIO":null,"DIVIDEND_RATE":null,"CURRENT_RATIO":0.044247588776,"COMMON_ACS":65000000000,"CURRENTDEBT_DEBT":100,"ISSUED_COMMON_SHARES":107190769,"HK_COMMON_SHARES":107190769,"PER_SHARES":5000,"TOTAL_MARKET_CAP":40196538.375,"HKSK_MARKET_CAP":40196538.375,"PE_TTM":-1.417467324036,"PB_TTM":-0.113001136785,"REPORT_DATE_SQ":"2020-06-30 00:00:00","REPORT_TYPE_SQ":"2020年中报","OPERATE_INCOME_SQ":18955747.84,"DPS_HKD":null,"OPERATE_INCOME_QOQ_SQ":0,"NET_PROFIT_RATIO_SQ":-68.9736695717,"HOLDER_PROFIT_SQ":-14150028.16,"HOLDER_PROFIT_QOQ_SQ":0,"ROE_AVG_SQ":3.712015121915,"PE_TTM_SQ":-3.392855549573,"PB_TTM_SQ":-0.193694373988,"ROA_SQ":-9.610346206411,"START_DATE":"2021-04-01 00:00:00","FISCAL_YEAR":"3-31","CURRENCY":"HKD","IS_CNY_CODE":0,"DPS_HKD_LY":null,"ORG_TYPE":"一般企业","PREMIUM_INCOME":null,"PREMIUM_INCOME_YOY":null,"NET_INTEREST_INCOME":null,"NET_INTEREST_INCOME_YOY":null,"FEE_COMMISSION_INCOME":null,"FEE_COMMISSION_INCOME_YOY":null,"ACCOUNTS_RECE_TDAYS":1.309393153991,"INVENTORY_TDAYS":null,"CURRENT_ASSETS_TDAYS":1.015188891045,"TOTAL_ASSETS_TDAYS":0.291697527177,"PREMIUM_EXPENSE":null,"LOAN_DEPOSIT":null,"LOAN_EQUITY":null,"LOAN_ASSETS":null,"DEPOSIT_EQUITY":null,"DEPOSIT_ASSETS":null,"EQUITY_MULTIPLIER":-0.203765242995,"EQUITY_RATIO":-1.212314413969},{"SECUCODE":"00164.HK","SECURITY_CODE":"00164","SECURITY_NAME_ABBR":"中国宝力科技","ORG_CODE":"10007437","STD_REPORT_DATE":"2020-12-31 00:00:00","REPORT_DATE":"2021-03-31 00:00:00","DATE_TYPE_CODE":"001","REPORT_TYPE":"2020年年报","PER_NETCASH_OPERATE":-0.001308116811,"PER_OI":0.012477299599,"BPS":-4.253174817134,"BASIC_EPS":-0.25270882,"DILUTED_EPS":-0.25270882,"OPERATE_INCOME":46435034.38,"OPERATE_INCOME_YOY":11.4376698714,"GROSS_PROFIT":11192718.74,"GROSS_PROFIT_YOY":83.766632217561,"HOLDER_PROFIT":-94156432.72,"HOLDER_PROFIT_YOY":2.3534258342,"GROSS_PROFIT_RATIO":24.104038878069,"EPS_TTM":-0.014742599101,"OPERATE_INCOME_QOQ":0,"NET_PROFIT_RATIO":-205.0199304709,"ROE_AVG":23.254755677276,"GROSS_PROFIT_QOQ":0,"ROA":-71.670097786927,"HOLDER_PROFIT_QOQ":0,"ROE_YEARLY":23.254755677276,"ROIC_YEARLY":-71.725700893964,"TOTAL_ASSETS":116737951.96,"TOTAL_LIABILITIES":573273761.48,"TAX_EBT":1.157433813916,"OCF_SALES":-10.48397371726,"TOTAL_PARENT_EQUITY":-455901079.34,"DEBT_ASSET_RATIO":491.077453266,"OPERATE_PROFIT":-34610966.18,"PRETAX_PROFIT":-96315867.62,"NETCASH_OPERATE":-4868236.8,"NETCASH_INVEST":-973647.36,"NETCASH_FINANCE":14395105.76,"END_CASH":8505046.34,"DIVI_RATIO":null,"DIVIDEND_RATE":null,"CURRENT_RATIO":0.063814303939,"COMMON_ACS":65000000000,"CURRENTDEBT_DEBT":98.46053139826,"ISSUED_COMMON_SHARES":107190769,"HK_COMMON_SHARES":107190769,"PER_SHARES":5000,"TOTAL_MARKET_CAP":40196538.375,"HKSK_MARKET_CAP":40196538.375,"PE_TTM":-1.417467324036,"PB_TTM":-0.113001136785,"REPORT_DATE_SQ":"2019-12-31 00:00:00","REPORT_TYPE_SQ":"2019年年报","OPERATE_INCOME_SQ":45047237.4,"DPS_HKD":null,"OPERATE_INCOME_QOQ_SQ":0,"NET_PROFIT_RATIO_SQ":-240.4750314389,"HOLDER_PROFIT_SQ":-104243119.3,"HOLDER_PROFIT_QOQ_SQ":0,"ROE_AVG_SQ":29.575546105101,"PE_TTM_SQ":-3.392855549573,"PB_TTM_SQ":-0.193694373988,"ROA_SQ":-52.498400968162,"START_DATE":"2020-04-01 00:00:00","FISCAL_YEAR":"3-31","CURRENCY":"HKD","IS_CNY_CODE":0,"DPS_HKD_LY":null,"ORG_TYPE":"一般企业","PREMIUM_INCOME":null,"PREMIUM_INCOME_YOY":null,"NET_INTEREST_INCOME":null,"NET_INTEREST_INCOME_YOY":null,"FEE_COMMISSION_INCOME":null,"FEE_COMMISSION_INCOME_YOY":null,"ACCOUNTS_RECE_TDAYS":1.432527214654,"INVENTORY_TDAYS":null,"CURRENT_ASSETS_TDAYS":1.217852947044,"TOTAL_ASSETS_TDAYS":0.353454709213,"PREMIUM_EXPENSE":null,"LOAN_DEPOSIT":null,"LOAN_EQUITY":null,"LOAN_ASSETS":null,"DEPOSIT_EQUITY":null,"DEPOSIT_ASSETS":null,"EQUITY_MULTIPLIER":-0.255703823283,"EQUITY_RATIO":-1.257452082171},{"SECUCODE":"00164.HK","SECURITY_CODE":"00164","SECURITY_NAME_ABBR":"中国宝力科技","ORG_CODE":"10007437","STD_REPORT_DATE":"2020-06-30 00:00:00","REPORT_DATE":"2020-09-30 00:00:00","DATE_TYPE_CODE":"002","REPORT_TYPE":"2020年中报","PER_NETCASH_OPERATE":-0.002744848031,"PER_OI":0.005093493481,"BPS":-3.68003885857,"BASIC_EPS":-0.003778496,"DILUTED_EPS":-0.003778496,"OPERATE_INCOME":18955747.84,"OPERATE_INCOME_YOY":2.70913679,"GROSS_PROFIT":1208240,"GROSS_PROFIT_YOY":107.981274771011,"HOLDER_PROFIT":-14150028.16,"HOLDER_PROFIT_YOY":77.13583893,"GROSS_PROFIT_RATIO":6.37400333766,"EPS_TTM":-0.028010588298,"OPERATE_INCOME_QOQ":0,"NET_PROFIT_RATIO":-68.9736695717,"ROE_AVG":3.712015121915,"GROSS_PROFIT_QOQ":0,"ROA":-9.610346206411,"HOLDER_PROFIT_QOQ":0,"ROE_YEARLY":7.424030243829,"ROIC_YEARLY":-18.493730817047,"TOTAL_ASSETS":142668979.2,"TOTAL_LIABILITIES":545112194.56,"TAX_EBT":null,"OCF_SALES":-53.88930094567,"TOTAL_PARENT_EQUITY":-394466195.2,"DEBT_ASSET_RATIO":382.0817935452,"OPERATE_PROFIT":-7465605.12,"PRETAX_PROFIT":-13074474.88,"NETCASH_OPERATE":-10215120,"NETCASH_INVEST":79084.8,"NETCASH_FINANCE":10078918.4,"END_CASH":4372510.72,"DIVI_RATIO":null,"DIVIDEND_RATE":null,"CURRENT_RATIO":0.086053199751,"COMMON_ACS":65000000000,"CURRENTDEBT_DEBT":94.447793818953,"ISSUED_COMMON_SHARES":107190769,"HK_COMMON_SHARES":107190769,"PER_SHARES":5000,"TOTAL_MARKET_CAP":40196538.375,"HKSK_MARKET_CAP":40196538.375,"PE_TTM":-1.417467324036,"PB_TTM":-0.113001136785,"REPORT_DATE_SQ":"2019-06-30 00:00:00","REPORT_TYPE_SQ":"2019年中报","OPERATE_INCOME_SQ":18944916.03,"DPS_HKD":null,"OPERATE_INCOME_QOQ_SQ":0,"NET_PROFIT_RATIO_SQ":-336.5090701328,"HOLDER_PROFIT_SQ":-63527662.29,"HOLDER_PROFIT_QOQ_SQ":0,"ROE_AVG_SQ":19.66631296772,"PE_TTM_SQ":-3.392855549573,"PB_TTM_SQ":-0.193694373988,"ROA_SQ":-20.855122503006,"START_DATE":"2020-04-01 00:00:00","FISCAL_YEAR":"3-31","CURRENCY":"HKD","IS_CNY_CODE":0,"DPS_HKD_LY":null,"ORG_TYPE":"一般企业","PREMIUM_INCOME":null,"PREMIUM_INCOME_YOY":null,"NET_INTEREST_INCOME":null,"NET_INTEREST_INCOME_YOY":null,"FEE_COMMISSION_INCOME":null,"FEE_COMMISSION_INCOME_YOY":null,"ACCOUNTS_RECE_TDAYS":0.481641492794,"INVENTORY_TDAYS":null,"CURRENT_ASSETS_TDAYS":0.440123639405,"TOTAL_ASSETS_TDAYS":0.128742711523,"PREMIUM_EXPENSE":null,"LOAN_DEPOSIT":null,"LOAN_EQUITY":null,"LOAN_ASSETS":null,"DEPOSIT_EQUITY":null,"DEPOSIT_ASSETS":null,"EQUITY_MULTIPLIER":-0.35450710499,"EQUITY_RATIO":-1.381898376066}],"count":47},"success":true,"message":"ok","code":0}