{"version":"6d36cdbfeec5c1da409c1fa2f3a96fcd","result":{"pages":6,"data":[{"SECUCODE":"00160.HK","SECURITY_CODE":"00160","SECURITY_NAME_ABBR":"汉国置业","ORG_CODE":"10007434","STD_REPORT_DATE":"2024-06-30 00:00:00","REPORT_DATE":"2024-09-30 00:00:00","DATE_TYPE_CODE":"002","REPORT_TYPE":"2024年中报","PER_NETCASH_OPERATE":0.37855238982,"PER_OI":0.396085508632,"BPS":14.348945715049,"BASIC_EPS":-0.0450895,"DILUTED_EPS":-0.0450895,"OPERATE_INCOME":285351606.12,"OPERATE_INCOME_YOY":-50.7511190522,"GROSS_PROFIT":170126290.66,"GROSS_PROFIT_YOY":-48.443557947495,"HOLDER_PROFIT":-35254578.26,"HOLDER_PROFIT_YOY":-143.8681733003,"GROSS_PROFIT_RATIO":59.619881932067,"EPS_TTM":0.005754420516,"OPERATE_INCOME_QOQ":0,"NET_PROFIT_RATIO":-2.0374303159,"ROE_AVG":-0.347145772943,"GROSS_PROFIT_QOQ":0,"ROA":-0.198632694315,"HOLDER_PROFIT_QOQ":0,"ROE_YEARLY":-0.694291545885,"ROIC_YEARLY":-0.431642435683,"TOTAL_ASSETS":18001757427.5,"TOTAL_LIABILITIES":7376073170.51,"TAX_EBT":151.252086811352,"OCF_SALES":95.573400584019,"TOTAL_PARENT_EQUITY":10337400931.58,"DEBT_ASSET_RATIO":40.9741837719,"OPERATE_PROFIT":110090523.2,"PRETAX_PROFIT":11343616.41,"NETCASH_OPERATE":272720233.59,"NETCASH_INVEST":-65474462.95,"NETCASH_FINANCE":-285144194.42,"END_CASH":1125626903.06,"DIVI_RATIO":9.846234706429,"DIVIDEND_RATE":6.443298969072,"CURRENT_RATIO":1.543585397944,"COMMON_ACS":null,"CURRENTDEBT_DEBT":23.57454468676,"ISSUED_COMMON_SHARES":720429301,"HK_COMMON_SHARES":720429301,"PER_SHARES":2000,"TOTAL_MARKET_CAP":698816421.97,"HKSK_MARKET_CAP":698816421.97,"PE_TTM":-5.652116840858,"PB_TTM":0.060961712266,"REPORT_DATE_SQ":"2023-06-30 00:00:00","REPORT_TYPE_SQ":"2023年中报","OPERATE_INCOME_SQ":589584616.04,"DPS_HKD":0.0625,"OPERATE_INCOME_QOQ_SQ":0,"NET_PROFIT_RATIO_SQ":13.9640284635,"HOLDER_PROFIT_SQ":81776432.71,"HOLDER_PROFIT_QOQ_SQ":0,"ROE_AVG_SQ":0.777765593265,"PE_TTM_SQ":7.797643166645,"PB_TTM_SQ":0.088989074799,"ROA_SQ":0.444292552963,"START_DATE":"2024-04-01 00:00:00","FISCAL_YEAR":"3-31","CURRENCY":"HKD","IS_CNY_CODE":0,"DPS_HKD_LY":0.0625,"ORG_TYPE":"一般企业","PREMIUM_INCOME":null,"PREMIUM_INCOME_YOY":null,"NET_INTEREST_INCOME":null,"NET_INTEREST_INCOME_YOY":null,"FEE_COMMISSION_INCOME":null,"FEE_COMMISSION_INCOME_YOY":null,"ACCOUNTS_RECE_TDAYS":26.471577362279,"INVENTORY_TDAYS":0.100501310991,"CURRENT_ASSETS_TDAYS":0.108437686232,"TOTAL_ASSETS_TDAYS":0.016077389419,"PREMIUM_EXPENSE":null,"LOAN_DEPOSIT":null,"LOAN_EQUITY":null,"LOAN_ASSETS":null,"DEPOSIT_EQUITY":null,"DEPOSIT_ASSETS":null,"EQUITY_MULTIPLIER":1.694173946084,"EQUITY_RATIO":0.713532658676},{"SECUCODE":"00160.HK","SECURITY_CODE":"00160","SECURITY_NAME_ABBR":"汉国置业","ORG_CODE":"10007434","STD_REPORT_DATE":"2023-12-31 00:00:00","REPORT_DATE":"2024-03-31 00:00:00","DATE_TYPE_CODE":"001","REPORT_TYPE":"2023年年报","PER_NETCASH_OPERATE":0.109468632926,"PER_OI":1.367212815862,"BPS":13.917192481806,"BASIC_EPS":0.005711265,"DILUTED_EPS":0.005711265,"OPERATE_INCOME":984980173.25,"OPERATE_INCOME_YOY":3.5347110454,"GROSS_PROFIT":527018309.75,"GROSS_PROFIT_YOY":8.235164244964,"HOLDER_PROFIT":4145653.15,"HOLDER_PROFIT_YOY":-97.0193517269,"GROSS_PROFIT_RATIO":53.505473923508,"EPS_TTM":0.156673918597,"OPERATE_INCOME_QOQ":0,"NET_PROFIT_RATIO":2.3862532961,"ROE_AVG":0.040249913854,"GROSS_PROFIT_QOQ":0,"ROA":0.023113482067,"HOLDER_PROFIT_QOQ":0,"ROE_YEARLY":0.040249913854,"ROIC_YEARLY":0.02537903869,"TOTAL_ASSETS":17587846913.35,"TOTAL_LIABILITIES":7314034521.4,"TAX_EBT":64.110408216941,"OCF_SALES":8.006700321671,"TOTAL_PARENT_EQUITY":10026353251.55,"DEBT_ASSET_RATIO":41.58572995,"OPERATE_PROFIT":340317963.45,"PRETAX_PROFIT":65490078.55,"NETCASH_OPERATE":78864410.7,"NETCASH_INVEST":-494669886.1,"NETCASH_FINANCE":33280357.05,"END_CASH":1151471706.95,"DIVI_RATIO":0.361638845235,"DIVIDEND_RATE":5.681818181818,"CURRENT_RATIO":1.428278394791,"COMMON_ACS":null,"CURRENTDEBT_DEBT":24.816682920203,"ISSUED_COMMON_SHARES":720429301,"HK_COMMON_SHARES":720429301,"PER_SHARES":2000,"TOTAL_MARKET_CAP":792472231.1,"HKSK_MARKET_CAP":792472231.1,"PE_TTM":-6.409617036025,"PB_TTM":0.069131838652,"REPORT_DATE_SQ":"2022-12-31 00:00:00","REPORT_TYPE_SQ":"2022年年报","OPERATE_INCOME_SQ":918673637.61,"DPS_HKD":0.0625,"OPERATE_INCOME_QOQ_SQ":0,"NET_PROFIT_RATIO_SQ":14.9026939617,"HOLDER_PROFIT_SQ":134308028.43,"HOLDER_PROFIT_QOQ_SQ":0,"ROE_AVG_SQ":1.282408614187,"PE_TTM_SQ":7.741545014367,"PB_TTM_SQ":0.088348865628,"ROA_SQ":0.753779843107,"START_DATE":"2023-04-01 00:00:00","FISCAL_YEAR":"3-31","CURRENCY":"HKD","IS_CNY_CODE":0,"DPS_HKD_LY":0.125,"ORG_TYPE":"一般企业","PREMIUM_INCOME":null,"PREMIUM_INCOME_YOY":null,"NET_INTEREST_INCOME":null,"NET_INTEREST_INCOME_YOY":null,"FEE_COMMISSION_INCOME":null,"FEE_COMMISSION_INCOME_YOY":null,"ACCOUNTS_RECE_TDAYS":118.330973644086,"INVENTORY_TDAYS":0.391745254304,"CURRENT_ASSETS_TDAYS":0.340917826603,"TOTAL_ASSETS_TDAYS":0.054916127198,"PREMIUM_EXPENSE":null,"LOAN_DEPOSIT":null,"LOAN_EQUITY":null,"LOAN_ASSETS":null,"DEPOSIT_EQUITY":null,"DEPOSIT_ASSETS":null,"EQUITY_MULTIPLIER":1.711910461509,"EQUITY_RATIO":0.729481032425},{"SECUCODE":"00160.HK","SECURITY_CODE":"00160","SECURITY_NAME_ABBR":"汉国置业","ORG_CODE":"10007434","STD_REPORT_DATE":"2023-06-30 00:00:00","REPORT_DATE":"2023-09-30 00:00:00","DATE_TYPE_CODE":"002","REPORT_TYPE":"2023年中报","PER_NETCASH_OPERATE":0.479536430307,"PER_OI":0.818379562327,"BPS":14.333284202304,"BASIC_EPS":0.1101156,"DILUTED_EPS":0.1101156,"OPERATE_INCOME":589584616.04,"OPERATE_INCOME_YOY":2.1338962682,"GROSS_PROFIT":329980665.63,"GROSS_PROFIT_YOY":5.11970883864,"HOLDER_PROFIT":81776432.71,"HOLDER_PROFIT_YOY":-21.9073407117,"GROSS_PROFIT_RATIO":55.96833035542,"EPS_TTM":0.186427770558,"OPERATE_INCOME_QOQ":0,"NET_PROFIT_RATIO":13.9640284635,"ROE_AVG":0.777765593265,"GROSS_PROFIT_QOQ":0,"ROA":0.444292552963,"HOLDER_PROFIT_QOQ":0,"ROE_YEARLY":1.555531186531,"ROIC_YEARLY":0.986305175274,"TOTAL_ASSETS":18304184005.94,"TOTAL_LIABILITIES":7797355375.88,"TAX_EBT":59.239858802364,"OCF_SALES":58.5958462774,"TOTAL_PARENT_EQUITY":10326117918.9,"DEBT_ASSET_RATIO":42.5987597882,"OPERATE_PROFIT":323174603.92,"PRETAX_PROFIT":201985962.71,"NETCASH_OPERATE":345472095.29,"NETCASH_INVEST":-293188290.78,"NETCASH_FINANCE":39991233.03,"END_CASH":1638680713.25,"DIVI_RATIO":0.30392132476,"DIVIDEND_RATE":5.681818181818,"CURRENT_RATIO":2.204406179106,"COMMON_ACS":null,"CURRENTDEBT_DEBT":18.23425530723,"ISSUED_COMMON_SHARES":720429301,"HK_COMMON_SHARES":720429301,"PER_SHARES":2000,"TOTAL_MARKET_CAP":792472231.1,"HKSK_MARKET_CAP":792472231.1,"PE_TTM":-6.409617036025,"PB_TTM":0.069131838652,"REPORT_DATE_SQ":"2022-06-30 00:00:00","REPORT_TYPE_SQ":"2022年中报","OPERATE_INCOME_SQ":568968732.96,"DPS_HKD":0.0625,"OPERATE_INCOME_QOQ_SQ":0,"NET_PROFIT_RATIO_SQ":18.4263150867,"HOLDER_PROFIT_SQ":103211979.48,"HOLDER_PROFIT_QOQ_SQ":0,"ROE_AVG_SQ":0.965388287355,"PE_TTM_SQ":7.909839471201,"PB_TTM_SQ":0.090269493142,"ROA_SQ":0.57376712683,"START_DATE":"2023-04-01 00:00:00","FISCAL_YEAR":"3-31","CURRENCY":"HKD","IS_CNY_CODE":0,"DPS_HKD_LY":0.125,"ORG_TYPE":"一般企业","PREMIUM_INCOME":null,"PREMIUM_INCOME_YOY":null,"NET_INTEREST_INCOME":null,"NET_INTEREST_INCOME_YOY":null,"FEE_COMMISSION_INCOME":null,"FEE_COMMISSION_INCOME_YOY":null,"ACCOUNTS_RECE_TDAYS":56.449481637674,"INVENTORY_TDAYS":0.211856718309,"CURRENT_ASSETS_TDAYS":0.185430964334,"TOTAL_ASSETS_TDAYS":0.032032218277,"PREMIUM_EXPENSE":null,"LOAN_DEPOSIT":null,"LOAN_EQUITY":null,"LOAN_ASSETS":null,"DEPOSIT_EQUITY":null,"DEPOSIT_ASSETS":null,"EQUITY_MULTIPLIER":1.742122637612,"EQUITY_RATIO":0.755110045917},{"SECUCODE":"00160.HK","SECURITY_CODE":"00160","SECURITY_NAME_ABBR":"汉国置业","ORG_CODE":"10007434","STD_REPORT_DATE":"2022-12-31 00:00:00","REPORT_DATE":"2023-03-31 00:00:00","DATE_TYPE_CODE":"001","REPORT_TYPE":"2022年年报","PER_NETCASH_OPERATE":0.198840248975,"PER_OI":1.275175282758,"BPS":14.172132843178,"BASIC_EPS":0.18646233,"DILUTED_EPS":0.18646233,"OPERATE_INCOME":918673637.61,"OPERATE_INCOME_YOY":-5.1394857351,"GROSS_PROFIT":486919674.79,"GROSS_PROFIT_YOY":1.229102584855,"HOLDER_PROFIT":134308028.43,"HOLDER_PROFIT_YOY":67.3224782699,"GROSS_PROFIT_RATIO":53.002465168888,"EPS_TTM":0.105210620674,"OPERATE_INCOME_QOQ":0,"NET_PROFIT_RATIO":14.9026939617,"ROE_AVG":1.282408614187,"GROSS_PROFIT_QOQ":0,"ROA":0.753779843107,"HOLDER_PROFIT_QOQ":0,"ROE_YEARLY":1.282408614187,"ROIC_YEARLY":0.838004640834,"TOTAL_ASSETS":17656251090.02,"TOTAL_LIABILITIES":7259429343.05,"TAX_EBT":47.729073012584,"OCF_SALES":15.593169948,"TOTAL_PARENT_EQUITY":10210019757.89,"DEBT_ASSET_RATIO":41.1153494932,"OPERATE_PROFIT":428551713.04,"PRETAX_PROFIT":261918294.95,"NETCASH_OPERATE":143250341.58,"NETCASH_INVEST":-471174550.53,"NETCASH_FINANCE":305755326.11,"END_CASH":1529471706.09,"DIVI_RATIO":0.53853284618,"DIVIDEND_RATE":5.434782608696,"CURRENT_RATIO":1.473910928254,"COMMON_ACS":null,"CURRENTDEBT_DEBT":28.752967252148,"ISSUED_COMMON_SHARES":720429301,"HK_COMMON_SHARES":720429301,"PER_SHARES":2000,"TOTAL_MARKET_CAP":828493696.15,"HKSK_MARKET_CAP":828493696.15,"PE_TTM":-6.700963264935,"PB_TTM":0.072274194954,"REPORT_DATE_SQ":"2021-12-31 00:00:00","REPORT_TYPE_SQ":"2021年年报","OPERATE_INCOME_SQ":897202520.78,"DPS_HKD":0.0625,"OPERATE_INCOME_QOQ_SQ":0,"NET_PROFIT_RATIO_SQ":8.2947505057,"HOLDER_PROFIT_SQ":74363939.93,"HOLDER_PROFIT_QOQ_SQ":0,"ROE_AVG_SQ":0.756523897564,"PE_TTM_SQ":6.480074274261,"PB_TTM_SQ":0.088348865628,"ROA_SQ":0.44803119356,"START_DATE":"2022-04-01 00:00:00","FISCAL_YEAR":"3-31","CURRENCY":"HKD","IS_CNY_CODE":0,"DPS_HKD_LY":0.125,"ORG_TYPE":"一般企业","PREMIUM_INCOME":null,"PREMIUM_INCOME_YOY":null,"NET_INTEREST_INCOME":null,"NET_INTEREST_INCOME_YOY":null,"FEE_COMMISSION_INCOME":null,"FEE_COMMISSION_INCOME_YOY":null,"ACCOUNTS_RECE_TDAYS":83.277466968218,"INVENTORY_TDAYS":0.291804941139,"CURRENT_ASSETS_TDAYS":0.274830169275,"TOTAL_ASSETS_TDAYS":0.051558918593,"PREMIUM_EXPENSE":null,"LOAN_DEPOSIT":null,"LOAN_EQUITY":null,"LOAN_ASSETS":null,"DEPOSIT_EQUITY":null,"DEPOSIT_ASSETS":null,"EQUITY_MULTIPLIER":1.698235433841,"EQUITY_RATIO":0.711010312927},{"SECUCODE":"00160.HK","SECURITY_CODE":"00160","SECURITY_NAME_ABBR":"汉国置业","ORG_CODE":"10007434","STD_REPORT_DATE":"2022-06-30 00:00:00","REPORT_DATE":"2022-09-30 00:00:00","DATE_TYPE_CODE":"002","REPORT_TYPE":"2022年中报","PER_NETCASH_OPERATE":0.115720676219,"PER_OI":0.789763453777,"BPS":14.283505871952,"BASIC_EPS":0.1447104,"DILUTED_EPS":0.1447104,"OPERATE_INCOME":568968732.96,"OPERATE_INCOME_YOY":3.4039860284,"GROSS_PROFIT":313909417.44,"GROSS_PROFIT_YOY":7.717411972499,"HOLDER_PROFIT":103211979.48,"HOLDER_PROFIT_YOY":-6.5954573358,"GROSS_PROFIT_RATIO":55.171646393804,"EPS_TTM":0.103221703819,"OPERATE_INCOME_QOQ":0,"NET_PROFIT_RATIO":18.4263150867,"ROE_AVG":0.965388287355,"GROSS_PROFIT_QOQ":0,"ROA":0.57376712683,"HOLDER_PROFIT_QOQ":0,"ROE_YEARLY":1.930776574709,"ROIC_YEARLY":1.279236993318,"TOTAL_ASSETS":17401099097.16,"TOTAL_LIABILITIES":6931913963.04,"TAX_EBT":45.663566647292,"OCF_SALES":14.652574219023,"TOTAL_PARENT_EQUITY":10290256151.16,"DEBT_ASSET_RATIO":39.8360696892,"OPERATE_PROFIT":260058155.4,"PRETAX_PROFIT":192945994.08,"NETCASH_OPERATE":83368565.88,"NETCASH_INVEST":-91920046.08,"NETCASH_FINANCE":57008662.08,"END_CASH":1579847754.36,"DIVI_RATIO":0.548909511314,"DIVIDEND_RATE":5.434782608696,"CURRENT_RATIO":1.284719798038,"COMMON_ACS":null,"CURRENTDEBT_DEBT":38.684665402627,"ISSUED_COMMON_SHARES":720429301,"HK_COMMON_SHARES":720429301,"PER_SHARES":2000,"TOTAL_MARKET_CAP":828493696.15,"HKSK_MARKET_CAP":828493696.15,"PE_TTM":-6.700963264935,"PB_TTM":0.072274194954,"REPORT_DATE_SQ":"2021-06-30 00:00:00","REPORT_TYPE_SQ":"2021年中报","OPERATE_INCOME_SQ":506812877.5,"DPS_HKD":0.0625,"OPERATE_INCOME_QOQ_SQ":0,"NET_PROFIT_RATIO_SQ":20.0851448531,"HOLDER_PROFIT_SQ":101779105.5,"HOLDER_PROFIT_QOQ_SQ":0,"ROE_AVG_SQ":1.013879548371,"PE_TTM_SQ":6.480074274261,"PB_TTM_SQ":0.088348865628,"ROA_SQ":0.600696202843,"START_DATE":"2022-04-01 00:00:00","FISCAL_YEAR":"3-31","CURRENCY":"HKD","IS_CNY_CODE":0,"DPS_HKD_LY":0.125,"ORG_TYPE":"一般企业","PREMIUM_INCOME":null,"PREMIUM_INCOME_YOY":null,"NET_INTEREST_INCOME":null,"NET_INTEREST_INCOME_YOY":null,"FEE_COMMISSION_INCOME":null,"FEE_COMMISSION_INCOME_YOY":null,"ACCOUNTS_RECE_TDAYS":45.063323782235,"INVENTORY_TDAYS":0.151532883584,"CURRENT_ASSETS_TDAYS":0.158627163103,"TOTAL_ASSETS_TDAYS":0.031629618656,"PREMIUM_EXPENSE":null,"LOAN_DEPOSIT":null,"LOAN_EQUITY":null,"LOAN_ASSETS":null,"DEPOSIT_EQUITY":null,"DEPOSIT_ASSETS":null,"EQUITY_MULTIPLIER":1.662125454295,"EQUITY_RATIO":0.673638620965},{"SECUCODE":"00160.HK","SECURITY_CODE":"00160","SECURITY_NAME_ABBR":"汉国置业","ORG_CODE":"10007434","STD_REPORT_DATE":"2021-12-31 00:00:00","REPORT_DATE":"2022-03-31 00:00:00","DATE_TYPE_CODE":"001","REPORT_TYPE":"2021年年报","PER_NETCASH_OPERATE":0.44722387928,"PER_OI":1.245372057376,"BPS":13.80618572578,"BASIC_EPS":0.1054313,"DILUTED_EPS":0.1054313,"OPERATE_INCOME":897202520.78,"OPERATE_INCOME_YOY":-13.3164502212,"GROSS_PROFIT":481007597.97,"GROSS_PROFIT_YOY":-10.792553817101,"HOLDER_PROFIT":74363939.93,"HOLDER_PROFIT_YOY":-24.5424470852,"GROSS_PROFIT_RATIO":53.611931178239,"EPS_TTM":0.171940343859,"OPERATE_INCOME_QOQ":0,"NET_PROFIT_RATIO":8.2947505057,"ROE_AVG":0.756523897564,"GROSS_PROFIT_QOQ":0,"ROA":0.44803119356,"HOLDER_PROFIT_QOQ":0,"ROE_YEARLY":0.756523897564,"ROIC_YEARLY":0.500191336428,"TOTAL_ASSETS":16656945105.2,"TOTAL_LIABILITIES":6508690197.13,"TAX_EBT":59.293515388642,"OCF_SALES":35.910865080929,"TOTAL_PARENT_EQUITY":9946380731.9,"DEBT_ASSET_RATIO":39.0749333448,"OPERATE_PROFIT":282374217.76,"PRETAX_PROFIT":182822740.26,"NETCASH_OPERATE":322193186.74,"NETCASH_INVEST":-35526293.05,"NETCASH_FINANCE":-393785905.5,"END_CASH":1498671867.08,"DIVI_RATIO":0.329529264211,"DIVIDEND_RATE":5.434782608696,"CURRENT_RATIO":0.992614597973,"COMMON_ACS":null,"CURRENTDEBT_DEBT":51.750520502808,"ISSUED_COMMON_SHARES":720429301,"HK_COMMON_SHARES":720429301,"PER_SHARES":2000,"TOTAL_MARKET_CAP":828493696.15,"HKSK_MARKET_CAP":828493696.15,"PE_TTM":-6.700963264935,"PB_TTM":0.072274194954,"REPORT_DATE_SQ":"2020-12-31 00:00:00","REPORT_TYPE_SQ":"2020年年报","OPERATE_INCOME_SQ":1078640690.68,"DPS_HKD":0.0625,"OPERATE_INCOME_QOQ_SQ":0,"NET_PROFIT_RATIO_SQ":9.6522089348,"HOLDER_PROFIT_SQ":102702892.88,"HOLDER_PROFIT_QOQ_SQ":0,"ROE_AVG_SQ":1.04360231912,"PE_TTM_SQ":6.480074274261,"PB_TTM_SQ":0.088348865628,"ROA_SQ":0.603747366437,"START_DATE":"2021-04-01 00:00:00","FISCAL_YEAR":"3-31","CURRENCY":"HKD","IS_CNY_CODE":0,"DPS_HKD_LY":0.125,"ORG_TYPE":"一般企业","PREMIUM_INCOME":null,"PREMIUM_INCOME_YOY":null,"NET_INTEREST_INCOME":null,"NET_INTEREST_INCOME_YOY":null,"FEE_COMMISSION_INCOME":null,"FEE_COMMISSION_INCOME_YOY":null,"ACCOUNTS_RECE_TDAYS":66.174846717512,"INVENTORY_TDAYS":0.253968905968,"CURRENT_ASSETS_TDAYS":0.265500231174,"TOTAL_ASSETS_TDAYS":0.054055059028,"PREMIUM_EXPENSE":null,"LOAN_DEPOSIT":null,"LOAN_EQUITY":null,"LOAN_ASSETS":null,"DEPOSIT_EQUITY":null,"DEPOSIT_ASSETS":null,"EQUITY_MULTIPLIER":1.641360534999,"EQUITY_RATIO":0.654377745289},{"SECUCODE":"00160.HK","SECURITY_CODE":"00160","SECURITY_NAME_ABBR":"汉国置业","ORG_CODE":"10007434","STD_REPORT_DATE":"2021-06-30 00:00:00","REPORT_DATE":"2021-09-30 00:00:00","DATE_TYPE_CODE":"002","REPORT_TYPE":"2021年中报","PER_NETCASH_OPERATE":0.253056544656,"PER_OI":0.703487319015,"BPS":14.019534701879,"BASIC_EPS":0.1416202,"DILUTED_EPS":0.1416202,"OPERATE_INCOME":506812877.5,"OPERATE_INCOME_YOY":-18.8160047399,"GROSS_PROFIT":291419383.08,"GROSS_PROFIT_YOY":1.102286852392,"HOLDER_PROFIT":101779105.5,"HOLDER_PROFIT_YOY":33.1796330815,"GROSS_PROFIT_RATIO":57.50039038422,"EPS_TTM":0.142557906428,"OPERATE_INCOME_QOQ":0,"NET_PROFIT_RATIO":20.0851448531,"ROE_AVG":1.013879548371,"GROSS_PROFIT_QOQ":0,"ROA":0.600696202843,"HOLDER_PROFIT_QOQ":0,"ROE_YEARLY":2.027759096742,"ROIC_YEARLY":1.334124762969,"TOTAL_ASSETS":16898451322.7,"TOTAL_LIABILITIES":6597886849.72,"TAX_EBT":43.563204057031,"OCF_SALES":35.971727963838,"TOTAL_PARENT_EQUITY":10100083585.62,"DEBT_ASSET_RATIO":39.0443285229,"OPERATE_PROFIT":226826409.86,"PRETAX_PROFIT":180368319.78,"NETCASH_OPERATE":182309349.58,"NETCASH_INVEST":10056700.32,"NETCASH_FINANCE":-414009160.44,"END_CASH":1383963411.06,"DIVI_RATIO":0.397448141739,"DIVIDEND_RATE":5.434782608696,"CURRENT_RATIO":1.244893395713,"COMMON_ACS":null,"CURRENTDEBT_DEBT":40.03375226103,"ISSUED_COMMON_SHARES":720429301,"HK_COMMON_SHARES":720429301,"PER_SHARES":2000,"TOTAL_MARKET_CAP":828493696.15,"HKSK_MARKET_CAP":828493696.15,"PE_TTM":-6.700963264935,"PB_TTM":0.072274194954,"REPORT_DATE_SQ":"2020-06-30 00:00:00","REPORT_TYPE_SQ":"2020年中报","OPERATE_INCOME_SQ":658493436.16,"DPS_HKD":0.0625,"OPERATE_INCOME_QOQ_SQ":0,"NET_PROFIT_RATIO_SQ":12.3577153319,"HOLDER_PROFIT_SQ":80611136.64,"HOLDER_PROFIT_QOQ_SQ":0,"ROE_AVG_SQ":0.803765819455,"PE_TTM_SQ":6.480074274261,"PB_TTM_SQ":0.088348865628,"ROA_SQ":0.461478514037,"START_DATE":"2021-04-01 00:00:00","FISCAL_YEAR":"3-31","CURRENCY":"HKD","IS_CNY_CODE":0,"DPS_HKD_LY":0.125,"ORG_TYPE":"一般企业","PREMIUM_INCOME":null,"PREMIUM_INCOME_YOY":null,"NET_INTEREST_INCOME":null,"NET_INTEREST_INCOME_YOY":null,"FEE_COMMISSION_INCOME":null,"FEE_COMMISSION_INCOME_YOY":null,"ACCOUNTS_RECE_TDAYS":36.477695167286,"INVENTORY_TDAYS":0.12667172262,"CURRENT_ASSETS_TDAYS":0.149144455675,"TOTAL_ASSETS_TDAYS":0.029911892974,"PREMIUM_EXPENSE":null,"LOAN_DEPOSIT":null,"LOAN_EQUITY":null,"LOAN_ASSETS":null,"DEPOSIT_EQUITY":null,"DEPOSIT_ASSETS":null,"EQUITY_MULTIPLIER":1.64053643536,"EQUITY_RATIO":0.65325071756},{"SECUCODE":"00160.HK","SECURITY_CODE":"00160","SECURITY_NAME_ABBR":"汉国置业","ORG_CODE":"10007434","STD_REPORT_DATE":"2020-12-31 00:00:00","REPORT_DATE":"2021-03-31 00:00:00","DATE_TYPE_CODE":"001","REPORT_TYPE":"2020年年报","PER_NETCASH_OPERATE":0.297945508244,"PER_OI":1.497219351271,"BPS":14.050275018478,"BASIC_EPS":0.1436806,"DILUTED_EPS":0.1436806,"OPERATE_INCOME":1078640690.68,"OPERATE_INCOME_YOY":99.8859786649,"GROSS_PROFIT":539201174.96,"GROSS_PROFIT_YOY":57.291065085261,"HOLDER_PROFIT":102702892.88,"HOLDER_PROFIT_YOY":438.051521727,"GROSS_PROFIT_RATIO":49.988951800073,"EPS_TTM":-0.214626225107,"OPERATE_INCOME_QOQ":0,"NET_PROFIT_RATIO":9.6522089348,"ROE_AVG":1.04360231912,"GROSS_PROFIT_QOQ":0,"ROA":0.603747366437,"HOLDER_PROFIT_QOQ":0,"ROE_YEARLY":1.04360231912,"ROIC_YEARLY":0.679778910183,"TOTAL_ASSETS":17235759965.9,"TOTAL_LIABILITIES":6916286272.98,"TAX_EBT":63.70001473405,"OCF_SALES":19.899923681229,"TOTAL_PARENT_EQUITY":10122229810.42,"DEBT_ASSET_RATIO":40.1275388301,"OPERATE_PROFIT":373821423.64,"PRETAX_PROFIT":286811833,"NETCASH_OPERATE":214648674.24,"NETCASH_INVEST":-33458140.66,"NETCASH_FINANCE":-480831353.8,"END_CASH":1611021263.04,"DIVI_RATIO":-0.263990921761,"DIVIDEND_RATE":5.434782608696,"CURRENT_RATIO":1.755201811965,"COMMON_ACS":null,"CURRENTDEBT_DEBT":29.318124633472,"ISSUED_COMMON_SHARES":720429301,"HK_COMMON_SHARES":720429301,"PER_SHARES":2000,"TOTAL_MARKET_CAP":828493696.15,"HKSK_MARKET_CAP":828493696.15,"PE_TTM":-6.700963264935,"PB_TTM":0.072274194954,"REPORT_DATE_SQ":"2019-12-31 00:00:00","REPORT_TYPE_SQ":"2019年年报","OPERATE_INCOME_SQ":583376434.9,"DPS_HKD":0.0625,"OPERATE_INCOME_QOQ_SQ":0,"NET_PROFIT_RATIO_SQ":-2.0771304213,"HOLDER_PROFIT_SQ":-32843860.2,"HOLDER_PROFIT_QOQ_SQ":0,"ROE_AVG_SQ":-0.310071996033,"PE_TTM_SQ":6.480074274261,"PB_TTM_SQ":0.088348865628,"ROA_SQ":-0.182477416478,"START_DATE":"2020-04-01 00:00:00","FISCAL_YEAR":"3-31","CURRENCY":"HKD","IS_CNY_CODE":0,"DPS_HKD_LY":0.125,"ORG_TYPE":"一般企业","PREMIUM_INCOME":null,"PREMIUM_INCOME_YOY":null,"NET_INTEREST_INCOME":null,"NET_INTEREST_INCOME_YOY":null,"FEE_COMMISSION_INCOME":null,"FEE_COMMISSION_INCOME_YOY":null,"ACCOUNTS_RECE_TDAYS":63.982453061941,"INVENTORY_TDAYS":0.307975365985,"CURRENT_ASSETS_TDAYS":0.293638018561,"TOTAL_ASSETS_TDAYS":0.063408776332,"PREMIUM_EXPENSE":null,"LOAN_DEPOSIT":null,"LOAN_EQUITY":null,"LOAN_ASSETS":null,"DEPOSIT_EQUITY":null,"DEPOSIT_ASSETS":null,"EQUITY_MULTIPLIER":1.670216958615,"EQUITY_RATIO":0.683276946139},{"SECUCODE":"00160.HK","SECURITY_CODE":"00160","SECURITY_NAME_ABBR":"汉国置业","ORG_CODE":"10007434","STD_REPORT_DATE":"2020-06-30 00:00:00","REPORT_DATE":"2020-09-30 00:00:00","DATE_TYPE_CODE":"002","REPORT_TYPE":"2020年中报","PER_NETCASH_OPERATE":0.093870654381,"PER_OI":0.914029225694,"BPS":14.045554462644,"BASIC_EPS":0.1142336,"DILUTED_EPS":0.1142336,"OPERATE_INCOME":658493436.16,"OPERATE_INCOME_YOY":99.9813195845,"GROSS_PROFIT":288242128,"GROSS_PROFIT_YOY":21.122609230031,"HOLDER_PROFIT":80611136.64,"HOLDER_PROFIT_YOY":-59.1147934057,"GROSS_PROFIT_RATIO":43.772969048998,"EPS_TTM":-0.045589289823,"OPERATE_INCOME_QOQ":0,"NET_PROFIT_RATIO":12.3577153319,"ROE_AVG":0.803765819455,"GROSS_PROFIT_QOQ":0,"ROA":0.461478514037,"HOLDER_PROFIT_QOQ":0,"ROE_YEARLY":1.60753163891,"ROIC_YEARLY":1.0407206029,"TOTAL_ASSETS":17483844389.12,"TOTAL_LIABILITIES":7182492959.36,"TAX_EBT":59.88164552575,"OCF_SALES":10.269983906653,"TOTAL_PARENT_EQUITY":10118828983.68,"DEBT_ASSET_RATIO":41.080741738,"OPERATE_PROFIT":244895749.12,"PRETAX_PROFIT":202836695.04,"NETCASH_OPERATE":67627169.92,"NETCASH_INVEST":-9732702.72,"NETCASH_FINANCE":-289239475.2,"END_CASH":1694579007.36,"DIVI_RATIO":-1.242822057998,"DIVIDEND_RATE":5.434782608696,"CURRENT_RATIO":1.267091630924,"COMMON_ACS":null,"CURRENTDEBT_DEBT":40.655481107777,"ISSUED_COMMON_SHARES":720429301,"HK_COMMON_SHARES":720429301,"PER_SHARES":2000,"TOTAL_MARKET_CAP":828493696.15,"HKSK_MARKET_CAP":828493696.15,"PE_TTM":-6.700963264935,"PB_TTM":0.072274194954,"REPORT_DATE_SQ":"2019-06-30 00:00:00","REPORT_TYPE_SQ":"2019年中报","OPERATE_INCOME_SQ":338004795.24,"DPS_HKD":0.0625,"OPERATE_INCOME_QOQ_SQ":0,"NET_PROFIT_RATIO_SQ":63.8952936028,"HOLDER_PROFIT_SQ":202390297.77,"HOLDER_PROFIT_QOQ_SQ":0,"ROE_AVG_SQ":1.922494371694,"PE_TTM_SQ":6.480074274261,"PB_TTM_SQ":0.088348865628,"ROA_SQ":1.16532665899,"START_DATE":"2020-04-01 00:00:00","FISCAL_YEAR":"3-31","CURRENCY":"HKD","IS_CNY_CODE":0,"DPS_HKD_LY":0.125,"ORG_TYPE":"一般企业","PREMIUM_INCOME":null,"PREMIUM_INCOME_YOY":null,"NET_INTEREST_INCOME":null,"NET_INTEREST_INCOME_YOY":null,"FEE_COMMISSION_INCOME":null,"FEE_COMMISSION_INCOME_YOY":null,"ACCOUNTS_RECE_TDAYS":36.527406107577,"INVENTORY_TDAYS":0.204812413386,"CURRENT_ASSETS_TDAYS":0.17242596815,"TOTAL_ASSETS_TDAYS":0.037697095598,"PREMIUM_EXPENSE":null,"LOAN_DEPOSIT":null,"LOAN_EQUITY":null,"LOAN_ASSETS":null,"DEPOSIT_EQUITY":null,"DEPOSIT_ASSETS":null,"EQUITY_MULTIPLIER":1.697237931193,"EQUITY_RATIO":0.7098146407}],"count":48},"success":true,"message":"ok","code":0}