{"version":"509f80750835bed3c2786e6b31013812","result":{"pages":6,"data":[{"SECUCODE":"00167.HK","SECURITY_CODE":"00167","SECURITY_NAME_ABBR":"IDT INT\u0027L","ORG_CODE":"10007440","STD_REPORT_DATE":"2024-06-30 00:00:00","REPORT_DATE":"2024-06-30 00:00:00","DATE_TYPE_CODE":"002","REPORT_TYPE":"2024年中报","PER_NETCASH_OPERATE":0.000112330145,"PER_OI":0.017932103487,"BPS":-7.053294059998,"BASIC_EPS":0.002007896,"DILUTED_EPS":0.002007896,"OPERATE_INCOME":46623345.12,"OPERATE_INCOME_YOY":null,"GROSS_PROFIT":15913488.48,"GROSS_PROFIT_YOY":null,"HOLDER_PROFIT":5128348.92,"HOLDER_PROFIT_YOY":182.5473776994,"GROSS_PROFIT_RATIO":34.132017852948,"EPS_TTM":-0.00054846145,"OPERATE_INCOME_QOQ":4213.60793602413,"NET_PROFIT_RATIO":10.9995301856,"ROE_AVG":-1.662689212642,"GROSS_PROFIT_QOQ":18103.3945695351,"ROA":19.998576360466,"HOLDER_PROFIT_QOQ":88.885683741055,"ROE_YEARLY":-3.325378425283,"ROIC_YEARLY":40.998139433074,"TOTAL_ASSETS":49626062.32,"TOTAL_LIABILITIES":355183112.2,"TAX_EBT":39.339306920004,"OCF_SALES":0.62641923107,"TOTAL_PARENT_EQUITY":-305641929.12,"DEBT_ASSET_RATIO":715.7189097731,"OPERATE_PROFIT":10048606.8,"PRETAX_PROFIT":8454154.84,"NETCASH_OPERATE":292057.6,"NETCASH_INVEST":null,"NETCASH_FINANCE":-303009.76,"END_CASH":535743.16,"DIVI_RATIO":null,"DIVIDEND_RATE":null,"CURRENT_RATIO":0.135890618284,"COMMON_ACS":3500000000,"CURRENTDEBT_DEBT":99.831947888428,"ISSUED_COMMON_SHARES":43333218,"HK_COMMON_SHARES":43333218,"PER_SHARES":18000,"TOTAL_MARKET_CAP":953330.796,"HKSK_MARKET_CAP":953330.796,"PE_TTM":-0.550421937644,"PB_TTM":-0.00284674931,"REPORT_DATE_SQ":"2023-06-30 00:00:00","REPORT_TYPE_SQ":"2023年中报","OPERATE_INCOME_SQ":null,"DPS_HKD":null,"OPERATE_INCOME_QOQ_SQ":-95.737011206018,"NET_PROFIT_RATIO_SQ":null,"HOLDER_PROFIT_SQ":-6275917.86,"HOLDER_PROFIT_QOQ_SQ":187.289659161374,"ROE_AVG_SQ":2.055917823693,"PE_TTM_SQ":-0.475125640447,"PB_TTM_SQ":-0.136164898411,"ROA_SQ":-348.273215656178,"START_DATE":"2024-01-01 00:00:00","FISCAL_YEAR":"12-31","CURRENCY":"HKD","IS_CNY_CODE":0,"DPS_HKD_LY":null,"ORG_TYPE":"一般企业","PREMIUM_INCOME":null,"PREMIUM_INCOME_YOY":null,"NET_INTEREST_INCOME":null,"NET_INTEREST_INCOME_YOY":null,"FEE_COMMISSION_INCOME":null,"FEE_COMMISSION_INCOME_YOY":null,"ACCOUNTS_RECE_TDAYS":1.95398473808,"INVENTORY_TDAYS":29.464098073555,"CURRENT_ASSETS_TDAYS":1.870694864048,"TOTAL_ASSETS_TDAYS":1.818130049471,"PREMIUM_EXPENSE":null,"LOAN_DEPOSIT":null,"LOAN_EQUITY":null,"LOAN_ASSETS":null,"DEPOSIT_EQUITY":null,"DEPOSIT_ASSETS":null,"EQUITY_MULTIPLIER":-0.162411773315,"EQUITY_RATIO":-1.162088962148},{"SECUCODE":"00167.HK","SECURITY_CODE":"00167","SECURITY_NAME_ABBR":"IDT INT\u0027L","ORG_CODE":"10007440","STD_REPORT_DATE":"2023-12-31 00:00:00","REPORT_DATE":"2023-12-31 00:00:00","DATE_TYPE_CODE":"001","REPORT_TYPE":"2023年年报","PER_NETCASH_OPERATE":0.000249908257,"PER_OI":0.000425575985,"BPS":-7.131461503274,"BASIC_EPS":-0.004893588,"DILUTED_EPS":-0.004893588,"OPERATE_INCOME":1106494.62,"OPERATE_INCOME_YOY":-44.950405771,"GROSS_PROFIT":87903.34,"GROSS_PROFIT_YOY":103.247730618999,"HOLDER_PROFIT":-12830262.76,"HOLDER_PROFIT_YOY":34.9057471264,"GROSS_PROFIT_RATIO":7.944307944308,"EPS_TTM":-0.004934729565,"OPERATE_INCOME_QOQ":1210.05890972259,"NET_PROFIT_RATIO":-1159.5413595414,"ROE_AVG":4.234706467364,"GROSS_PROFIT_QOQ":-98.682555360551,"ROA":-553.804028945824,"HOLDER_PROFIT_QOQ":-175.653799303518,"ROE_YEARLY":4.234706467364,"ROIC_YEARLY":-726.423807080554,"TOTAL_ASSETS":1649320.4,"TOTAL_LIABILITIES":310594217.92,"TAX_EBT":-0.035328198968,"OCF_SALES":58.722358722359,"TOTAL_PARENT_EQUITY":-309029175.98,"DEBT_ASSET_RATIO":18831.6483516484,"OPERATE_PROFIT":-9633118.6,"PRETAX_PROFIT":-12825731.66,"NETCASH_OPERATE":649759.74,"NETCASH_INVEST":null,"NETCASH_FINANCE":-496608.56,"END_CASH":542825.78,"DIVI_RATIO":null,"DIVIDEND_RATE":null,"CURRENT_RATIO":0.005310209607,"COMMON_ACS":3500000000,"CURRENTDEBT_DEBT":100,"ISSUED_COMMON_SHARES":43333218,"HK_COMMON_SHARES":43333218,"PER_SHARES":18000,"TOTAL_MARKET_CAP":953330.796,"HKSK_MARKET_CAP":953330.796,"PE_TTM":-0.550421937644,"PB_TTM":-0.00284674931,"REPORT_DATE_SQ":"2022-12-31 00:00:00","REPORT_TYPE_SQ":"2022年年报","OPERATE_INCOME_SQ":1981272.86,"DPS_HKD":null,"OPERATE_INCOME_QOQ_SQ":-65.30778907099,"NET_PROFIT_RATIO_SQ":-980.6131650135,"HOLDER_PROFIT_SQ":-19428622.5,"HOLDER_PROFIT_QOQ_SQ":76.275847590173,"ROE_AVG_SQ":6.868489737529,"PE_TTM_SQ":-0.475125640447,"PB_TTM_SQ":-0.136164898411,"ROA_SQ":-51.422694549194,"START_DATE":"2023-01-01 00:00:00","FISCAL_YEAR":"12-31","CURRENCY":"HKD","IS_CNY_CODE":0,"DPS_HKD_LY":null,"ORG_TYPE":"一般企业","PREMIUM_INCOME":null,"PREMIUM_INCOME_YOY":null,"NET_INTEREST_INCOME":null,"NET_INTEREST_INCOME_YOY":null,"FEE_COMMISSION_INCOME":null,"FEE_COMMISSION_INCOME_YOY":null,"ACCOUNTS_RECE_TDAYS":1,"INVENTORY_TDAYS":null,"CURRENT_ASSETS_TDAYS":0.477606102093,"TOTAL_ASSETS_TDAYS":0.477606102093,"PREMIUM_EXPENSE":null,"LOAN_DEPOSIT":null,"LOAN_EQUITY":null,"LOAN_ASSETS":null,"DEPOSIT_EQUITY":null,"DEPOSIT_ASSETS":null,"EQUITY_MULTIPLIER":-0.005338558472,"EQUITY_RATIO":-1.005064382465},{"SECUCODE":"00167.HK","SECURITY_CODE":"00167","SECURITY_NAME_ABBR":"IDT INT\u0027L","ORG_CODE":"10007440","STD_REPORT_DATE":"2023-06-30 00:00:00","REPORT_DATE":"2023-06-30 00:00:00","DATE_TYPE_CODE":"002","REPORT_TYPE":"2023年中报","PER_NETCASH_OPERATE":0.00025709126,"PER_OI":null,"BPS":-7.117633622317,"BASIC_EPS":-0.002397148,"DILUTED_EPS":-0.002397148,"OPERATE_INCOME":null,"OPERATE_INCOME_YOY":null,"GROSS_PROFIT":null,"GROSS_PROFIT_YOY":null,"HOLDER_PROFIT":-6275917.86,"HOLDER_PROFIT_YOY":86.355436177,"GROSS_PROFIT_RATIO":null,"EPS_TTM":0.006522778248,"OPERATE_INCOME_QOQ":-95.737011206018,"NET_PROFIT_RATIO":null,"ROE_AVG":2.055917823693,"GROSS_PROFIT_QOQ":346.51742636845,"ROA":-348.273215656178,"HOLDER_PROFIT_QOQ":187.289659161374,"ROE_YEARLY":4.111835647386,"ROIC_YEARLY":-1017.10870377288,"TOTAL_ASSETS":567939.68,"TOTAL_LIABILITIES":308912164.94,"TAX_EBT":null,"OCF_SALES":null,"TOTAL_PARENT_EQUITY":-308429969.4,"DEBT_ASSET_RATIO":54391.7207792208,"OPERATE_PROFIT":-4614509.9,"PRETAX_PROFIT":-6275917.86,"NETCASH_OPERATE":668435.5,"NETCASH_INVEST":null,"NETCASH_FINANCE":-496947.22,"END_CASH":567939.68,"DIVI_RATIO":null,"DIVIDEND_RATE":null,"CURRENT_RATIO":0.001838515101,"COMMON_ACS":3500000000,"CURRENTDEBT_DEBT":100,"ISSUED_COMMON_SHARES":43333218,"HK_COMMON_SHARES":43333218,"PER_SHARES":18000,"TOTAL_MARKET_CAP":953330.796,"HKSK_MARKET_CAP":953330.796,"PE_TTM":-0.550421937644,"PB_TTM":-0.00284674931,"REPORT_DATE_SQ":"2022-06-30 00:00:00","REPORT_TYPE_SQ":"2022年中报","OPERATE_INCOME_SQ":1896811.42,"DPS_HKD":null,"OPERATE_INCOME_QOQ_SQ":-59.151574713038,"NET_PROFIT_RATIO_SQ":-2268.1818181818,"HOLDER_PROFIT_SQ":-42663718.72,"HOLDER_PROFIT_QOQ_SQ":-18.959280914884,"ROE_AVG_SQ":15.368718344367,"PE_TTM_SQ":-0.475125640447,"PB_TTM_SQ":-0.136164898411,"ROA_SQ":-95.961538461539,"START_DATE":"2023-01-01 00:00:00","FISCAL_YEAR":"12-31","CURRENCY":"HKD","IS_CNY_CODE":0,"DPS_HKD_LY":null,"ORG_TYPE":"一般企业","PREMIUM_INCOME":null,"PREMIUM_INCOME_YOY":null,"NET_INTEREST_INCOME":null,"NET_INTEREST_INCOME_YOY":null,"FEE_COMMISSION_INCOME":null,"FEE_COMMISSION_INCOME_YOY":null,"ACCOUNTS_RECE_TDAYS":null,"INVENTORY_TDAYS":null,"CURRENT_ASSETS_TDAYS":null,"TOTAL_ASSETS_TDAYS":null,"PREMIUM_EXPENSE":null,"LOAN_DEPOSIT":null,"LOAN_EQUITY":null,"LOAN_ASSETS":null,"DEPOSIT_EQUITY":null,"DEPOSIT_ASSETS":null,"EQUITY_MULTIPLIER":-0.001841901464,"EQUITY_RATIO":-1.001563387439},{"SECUCODE":"00167.HK","SECURITY_CODE":"00167","SECURITY_NAME_ABBR":"IDT INT\u0027L","ORG_CODE":"10007440","STD_REPORT_DATE":"2022-12-31 00:00:00","REPORT_DATE":"2022-12-31 00:00:00","DATE_TYPE_CODE":"001","REPORT_TYPE":"2022年年报","PER_NETCASH_OPERATE":-0.008711810618,"PER_OI":0.000762030049,"BPS":-6.754293556504,"BASIC_EPS":-0.007503468,"DILUTED_EPS":-0.007503468,"OPERATE_INCOME":1981272.86,"OPERATE_INCOME_YOY":-87.0625291647,"GROSS_PROFIT":-2706608.1,"GROSS_PROFIT_YOY":-278.171725009953,"HOLDER_PROFIT":-19428622.5,"HOLDER_PROFIT_YOY":74.1790725835,"GROSS_PROFIT_RATIO":-136.609558160505,"EPS_TTM":-0.007472566981,"OPERATE_INCOME_QOQ":-65.30778907099,"NET_PROFIT_RATIO":-980.6131650135,"ROE_AVG":6.868489737529,"GROSS_PROFIT_QOQ":66.245952856215,"ROA":-51.422694549194,"HOLDER_PROFIT_QOQ":76.275847590173,"ROE_YEARLY":6.868489737529,"ROIC_YEARLY":-126.196692776327,"TOTAL_ASSETS":2941538.11,"TOTAL_LIABILITIES":295543739.12,"TAX_EBT":null,"OCF_SALES":-1143.23715058611,"TOTAL_PARENT_EQUITY":-292685275.12,"DEBT_ASSET_RATIO":10047.2517461282,"OPERATE_PROFIT":-14825602.19,"PRETAX_PROFIT":-19428622.5,"NETCASH_OPERATE":-22650647.39,"NETCASH_INVEST":null,"NETCASH_FINANCE":-21167819.19,"END_CASH":384106.1,"DIVI_RATIO":null,"DIVIDEND_RATE":null,"CURRENT_RATIO":0.009952970477,"COMMON_ACS":3500000000,"CURRENTDEBT_DEBT":100,"ISSUED_COMMON_SHARES":43333218,"HK_COMMON_SHARES":43333218,"PER_SHARES":18000,"TOTAL_MARKET_CAP":953330.796,"HKSK_MARKET_CAP":953330.796,"PE_TTM":-0.550421937644,"PB_TTM":-0.00284674931,"REPORT_DATE_SQ":"2021-12-31 00:00:00","REPORT_TYPE_SQ":"2021年年报","OPERATE_INCOME_SQ":14016934.4,"DPS_HKD":null,"OPERATE_INCOME_QOQ_SQ":-49.080169843487,"NET_PROFIT_RATIO_SQ":-492.3976608187,"HOLDER_PROFIT_SQ":-68869718.4,"HOLDER_PROFIT_QOQ_SQ":9.523888129014,"ROE_AVG_SQ":31.948396888636,"PE_TTM_SQ":-0.475125640447,"PB_TTM_SQ":-0.136164898411,"ROA_SQ":-97.341040462428,"START_DATE":"2022-01-01 00:00:00","FISCAL_YEAR":"12-31","CURRENCY":"HKD","IS_CNY_CODE":0,"DPS_HKD_LY":null,"ORG_TYPE":"一般企业","PREMIUM_INCOME":null,"PREMIUM_INCOME_YOY":null,"NET_INTEREST_INCOME":null,"NET_INTEREST_INCOME_YOY":null,"FEE_COMMISSION_INCOME":null,"FEE_COMMISSION_INCOME_YOY":null,"ACCOUNTS_RECE_TDAYS":null,"INVENTORY_TDAYS":null,"CURRENT_ASSETS_TDAYS":0.060359490019,"TOTAL_ASSETS_TDAYS":0.052439327131,"PREMIUM_EXPENSE":null,"LOAN_DEPOSIT":null,"LOAN_EQUITY":null,"LOAN_ASSETS":null,"DEPOSIT_EQUITY":null,"DEPOSIT_ASSETS":null,"EQUITY_MULTIPLIER":-0.010053027967,"EQUITY_RATIO":-1.009766340308},{"SECUCODE":"00167.HK","SECURITY_CODE":"00167","SECURITY_NAME_ABBR":"IDT INT\u0027L","ORG_CODE":"10007440","STD_REPORT_DATE":"2022-06-30 00:00:00","REPORT_DATE":"2022-06-30 00:00:00","DATE_TYPE_CODE":"002","REPORT_TYPE":"2022年中报","PER_NETCASH_OPERATE":-0.010064955219,"PER_OI":0.000729544793,"BPS":-6.782990430113,"BASIC_EPS":-0.016419648,"DILUTED_EPS":-0.016419648,"OPERATE_INCOME":1896811.42,"OPERATE_INCOME_YOY":-81.9672131148,"GROSS_PROFIT":-9378868.73,"GROSS_PROFIT_YOY":-11371.594954812,"HOLDER_PROFIT":-42663718.72,"HOLDER_PROFIT_YOY":-40.1685393258,"GROSS_PROFIT_RATIO":-500,"EPS_TTM":-0.031497719505,"OPERATE_INCOME_QOQ":-59.151574713038,"NET_PROFIT_RATIO":-2268.1818181818,"ROE_AVG":15.368718344367,"GROSS_PROFIT_QOQ":-644.861518808437,"ROA":-95.961538461539,"HOLDER_PROFIT_QOQ":-18.959280914884,"ROE_YEARLY":30.737436688734,"ROIC_YEARLY":-386.073500967118,"TOTAL_ASSETS":19412813,"TOTAL_LIABILITIES":313256097,"TAX_EBT":null,"OCF_SALES":-1390.90909090909,"TOTAL_PARENT_EQUITY":-293928803,"DEBT_ASSET_RATIO":1613.6563876652,"OPERATE_PROFIT":-40991822.27,"PRETAX_PROFIT":-42663718.72,"NETCASH_OPERATE":-26145723.87,"NETCASH_INVEST":null,"NETCASH_FINANCE":-13908810.16,"END_CASH":2263687.93,"DIVI_RATIO":null,"DIVIDEND_RATE":null,"CURRENT_RATIO":0.064204923486,"COMMON_ACS":3500000000,"CURRENTDEBT_DEBT":82.063882063882,"ISSUED_COMMON_SHARES":43333218,"HK_COMMON_SHARES":43333218,"PER_SHARES":18000,"TOTAL_MARKET_CAP":953330.796,"HKSK_MARKET_CAP":953330.796,"PE_TTM":-0.550421937644,"PB_TTM":-0.00284674931,"REPORT_DATE_SQ":"2021-06-30 00:00:00","REPORT_TYPE_SQ":"2021年中报","OPERATE_INCOME_SQ":10151376,"DPS_HKD":null,"OPERATE_INCOME_QOQ_SQ":-41.113747836654,"NET_PROFIT_RATIO_SQ":-291.8032786885,"HOLDER_PROFIT_SQ":-29622048,"HOLDER_PROFIT_QOQ_SQ":5.631474646527,"ROE_AVG_SQ":14.942287513117,"PE_TTM_SQ":-0.475125640447,"PB_TTM_SQ":-0.136164898411,"ROA_SQ":-43.414634146342,"START_DATE":"2022-01-01 00:00:00","FISCAL_YEAR":"12-31","CURRENCY":"HKD","IS_CNY_CODE":0,"DPS_HKD_LY":null,"ORG_TYPE":"一般企业","PREMIUM_INCOME":null,"PREMIUM_INCOME_YOY":null,"NET_INTEREST_INCOME":null,"NET_INTEREST_INCOME_YOY":null,"FEE_COMMISSION_INCOME":null,"FEE_COMMISSION_INCOME_YOY":null,"ACCOUNTS_RECE_TDAYS":0.34715917984,"INVENTORY_TDAYS":2.538461538462,"CURRENT_ASSETS_TDAYS":0.049162011173,"TOTAL_ASSETS_TDAYS":0.042307692308,"PREMIUM_EXPENSE":null,"LOAN_DEPOSIT":null,"LOAN_EQUITY":null,"LOAN_ASSETS":null,"DEPOSIT_EQUITY":null,"DEPOSIT_ASSETS":null,"EQUITY_MULTIPLIER":-0.066065192084,"EQUITY_RATIO":-1.065755018912},{"SECUCODE":"00167.HK","SECURITY_CODE":"00167","SECURITY_NAME_ABBR":"IDT INT\u0027L","ORG_CODE":"10007440","STD_REPORT_DATE":"2021-12-31 00:00:00","REPORT_DATE":"2021-12-31 00:00:00","DATE_TYPE_CODE":"001","REPORT_TYPE":"2021年年报","PER_NETCASH_OPERATE":-0.010565935781,"PER_OI":0.005391142948,"BPS":-5.767868889866,"BASIC_EPS":-0.02649024,"DILUTED_EPS":-0.02649024,"OPERATE_INCOME":14016934.4,"OPERATE_INCOME_YOY":-69.1335740072,"GROSS_PROFIT":1519100.8,"GROSS_PROFIT_YOY":-67.769117437384,"HOLDER_PROFIT":-68869718.4,"HOLDER_PROFIT_YOY":12.108559499,"GROSS_PROFIT_RATIO":10.526315789474,"EPS_TTM":-0.026477731928,"OPERATE_INCOME_QOQ":-49.080169843487,"NET_PROFIT_RATIO":-492.3976608187,"ROE_AVG":31.948396888636,"GROSS_PROFIT_QOQ":-17.415995151624,"ROA":-97.341040462428,"HOLDER_PROFIT_QOQ":9.523888129014,"ROE_YEARLY":31.948396888636,"ROIC_YEARLY":-147.848990342406,"TOTAL_ASSETS":66443081.6,"TOTAL_LIABILITIES":316283654.4,"TAX_EBT":null,"OCF_SALES":-196.491228070175,"TOTAL_PARENT_EQUITY":-249916609.6,"DEBT_ASSET_RATIO":475.8917589176,"OPERATE_PROFIT":-63381169.6,"PRETAX_PROFIT":-68869718.4,"NETCASH_OPERATE":-27507334.4,"NETCASH_INVEST":null,"NETCASH_FINANCE":60302088,"END_CASH":40458118.4,"DIVI_RATIO":null,"DIVIDEND_RATE":null,"CURRENT_RATIO":0.217606943583,"COMMON_ACS":3500000000,"CURRENTDEBT_DEBT":83.367455615183,"ISSUED_COMMON_SHARES":43333218,"HK_COMMON_SHARES":43333218,"PER_SHARES":18000,"TOTAL_MARKET_CAP":953330.796,"HKSK_MARKET_CAP":953330.796,"PE_TTM":-0.550421937644,"PB_TTM":-0.00284674931,"REPORT_DATE_SQ":"2020-12-31 00:00:00","REPORT_TYPE_SQ":"2020年年报","OPERATE_INCOME_SQ":46626856,"DPS_HKD":null,"OPERATE_INCOME_QOQ_SQ":-72.871625005212,"NET_PROFIT_RATIO_SQ":-172.9241877256,"HOLDER_PROFIT_SQ":-80629112,"HOLDER_PROFIT_QOQ_SQ":1.504023134044,"ROE_AVG_SQ":55.279861511829,"PE_TTM_SQ":-0.475125640447,"PB_TTM_SQ":-0.136164898411,"ROA_SQ":-98.96694214876,"START_DATE":"2021-01-01 00:00:00","FISCAL_YEAR":"12-31","CURRENCY":"HKD","IS_CNY_CODE":0,"DPS_HKD_LY":null,"ORG_TYPE":"一般企业","PREMIUM_INCOME":null,"PREMIUM_INCOME_YOY":null,"NET_INTEREST_INCOME":null,"NET_INTEREST_INCOME_YOY":null,"FEE_COMMISSION_INCOME":null,"FEE_COMMISSION_INCOME_YOY":null,"ACCOUNTS_RECE_TDAYS":2.601912278039,"INVENTORY_TDAYS":2.487804878049,"CURRENT_ASSETS_TDAYS":0.315498154982,"TOTAL_ASSETS_TDAYS":0.197687861272,"PREMIUM_EXPENSE":null,"LOAN_DEPOSIT":null,"LOAN_EQUITY":null,"LOAN_ASSETS":null,"DEPOSIT_EQUITY":null,"DEPOSIT_ASSETS":null,"EQUITY_MULTIPLIER":-0.266034031414,"EQUITY_RATIO":-1.265556758737},{"SECUCODE":"00167.HK","SECURITY_CODE":"00167","SECURITY_NAME_ABBR":"IDT INT\u0027L","ORG_CODE":"10007440","STD_REPORT_DATE":"2021-06-30 00:00:00","REPORT_DATE":"2021-06-30 00:00:00","DATE_TYPE_CODE":"002","REPORT_TYPE":"2021年中报","PER_NETCASH_OPERATE":-0.011553141483,"PER_OI":0.003904385764,"BPS":-4.898403991137,"BASIC_EPS":-0.011399496,"DILUTED_EPS":null,"OPERATE_INCOME":10151376,"OPERATE_INCOME_YOY":-61.9937694704,"GROSS_PROFIT":83208,"GROSS_PROFIT_YOY":-97.239605726206,"HOLDER_PROFIT":-29622048,"HOLDER_PROFIT_YOY":4.8128342246,"GROSS_PROFIT_RATIO":0.819672131148,"EPS_TTM":-0.02926488703,"OPERATE_INCOME_QOQ":-41.113747836654,"NET_PROFIT_RATIO":-291.8032786885,"ROE_AVG":14.942287513117,"GROSS_PROFIT_QOQ":-62.19031550646,"ROA":-43.414634146342,"HOLDER_PROFIT_QOQ":5.631474646527,"ROE_YEARLY":29.884575026233,"ROIC_YEARLY":-93.315858453473,"TOTAL_ASSETS":60159384,"TOTAL_LIABILITIES":272339784,"TAX_EBT":null,"OCF_SALES":-295.901639344262,"TOTAL_PARENT_EQUITY":-212263608,"DEBT_ASSET_RATIO":452.6970954357,"OPERATE_PROFIT":-27874680,"PRETAX_PROFIT":-29622048,"NETCASH_OPERATE":-30038088,"NETCASH_INVEST":null,"NETCASH_FINANCE":25045608,"END_CASH":5907768,"DIVI_RATIO":null,"DIVIDEND_RATE":null,"CURRENT_RATIO":0.13566328448,"COMMON_ACS":3500000000,"CURRENTDEBT_DEBT":81.301558203483,"ISSUED_COMMON_SHARES":43333218,"HK_COMMON_SHARES":43333218,"PER_SHARES":18000,"TOTAL_MARKET_CAP":953330.796,"HKSK_MARKET_CAP":953330.796,"PE_TTM":-0.550421937644,"PB_TTM":-0.00284674931,"REPORT_DATE_SQ":"2020-06-30 00:00:00","REPORT_TYPE_SQ":"2020年中报","OPERATE_INCOME_SQ":29321424,"DPS_HKD":null,"OPERATE_INCOME_QOQ_SQ":-29.041520094021,"NET_PROFIT_RATIO_SQ":-116.5109034268,"HOLDER_PROFIT_SQ":-34162656,"HOLDER_PROFIT_QOQ_SQ":-9.969183221157,"ROE_AVG_SQ":25.520300238826,"PE_TTM_SQ":-0.475125640447,"PB_TTM_SQ":-0.136164898411,"ROA_SQ":-43.236994219653,"START_DATE":"2021-01-01 00:00:00","FISCAL_YEAR":"12-31","CURRENCY":"HKD","IS_CNY_CODE":0,"DPS_HKD_LY":null,"ORG_TYPE":"一般企业","PREMIUM_INCOME":null,"PREMIUM_INCOME_YOY":null,"NET_INTEREST_INCOME":null,"NET_INTEREST_INCOME_YOY":null,"FEE_COMMISSION_INCOME":null,"FEE_COMMISSION_INCOME_YOY":null,"ACCOUNTS_RECE_TDAYS":1.386363636364,"INVENTORY_TDAYS":1.905511811024,"CURRENT_ASSETS_TDAYS":0.328398384926,"TOTAL_ASSETS_TDAYS":0.148780487805,"PREMIUM_EXPENSE":null,"LOAN_DEPOSIT":null,"LOAN_EQUITY":null,"LOAN_ASSETS":null,"DEPOSIT_EQUITY":null,"DEPOSIT_ASSETS":null,"EQUITY_MULTIPLIER":-0.283529411765,"EQUITY_RATIO":-1.28302626421},{"SECUCODE":"00167.HK","SECURITY_CODE":"00167","SECURITY_NAME_ABBR":"IDT INT\u0027L","ORG_CODE":"10007440","STD_REPORT_DATE":"2020-12-31 00:00:00","REPORT_DATE":"2020-12-31 00:00:00","DATE_TYPE_CODE":"001","REPORT_TYPE":"2020年年报","PER_NETCASH_OPERATE":-0.017091811592,"PER_OI":0.017933453829,"BPS":-4.300144429615,"BASIC_EPS":-0.030972352,"DILUTED_EPS":-0.030972352,"OPERATE_INCOME":46626856,"OPERATE_INCOME_YOY":-79.5118343195,"GROSS_PROFIT":4713184,"GROSS_PROFIT_YOY":-82.749042962466,"HOLDER_PROFIT":-80629112,"HOLDER_PROFIT_YOY":-15.2827918171,"GROSS_PROFIT_RATIO":10.108303249098,"EPS_TTM":-0.031011279365,"OPERATE_INCOME_QOQ":-72.871625005212,"NET_PROFIT_RATIO":-172.9241877256,"ROE_AVG":55.279861511829,"GROSS_PROFIT_QOQ":-66.896832277651,"ROA":-98.96694214876,"HOLDER_PROFIT_QOQ":1.504023134044,"ROE_YEARLY":55.279861511829,"ROIC_YEARLY":-115.421686746988,"TOTAL_ASSETS":77178388,"TOTAL_LIABILITIES":263433320,"TAX_EBT":null,"OCF_SALES":-95.306859205776,"TOTAL_PARENT_EQUITY":-186339096,"DEBT_ASSET_RATIO":341.3304252999,"OPERATE_PROFIT":-77935864,"PRETAX_PROFIT":-80629112,"NETCASH_OPERATE":-44438592,"NETCASH_INVEST":-252492,"NETCASH_FINANCE":36695504,"END_CASH":7911416,"DIVI_RATIO":null,"DIVIDEND_RATE":null,"CURRENT_RATIO":0.160234899329,"COMMON_ACS":3500000000,"CURRENTDEBT_DEBT":76.166134185304,"ISSUED_COMMON_SHARES":43333218,"HK_COMMON_SHARES":43333218,"PER_SHARES":18000,"TOTAL_MARKET_CAP":953330.796,"HKSK_MARKET_CAP":953330.796,"PE_TTM":-0.550421937644,"PB_TTM":-0.00284674931,"REPORT_DATE_SQ":"2019-12-31 00:00:00","REPORT_TYPE_SQ":"2019年年报","OPERATE_INCOME_SQ":242218912,"DPS_HKD":null,"OPERATE_INCOME_QOQ_SQ":-16.367263208563,"NET_PROFIT_RATIO_SQ":-30.7322485207,"HOLDER_PROFIT_SQ":-74439318,"HOLDER_PROFIT_QOQ_SQ":52.598592043024,"ROE_AVG_SQ":98.752228163993,"PE_TTM_SQ":-0.475125640447,"PB_TTM_SQ":-0.136164898411,"ROA_SQ":-52.412488174078,"START_DATE":"2020-01-01 00:00:00","FISCAL_YEAR":"12-31","CURRENCY":"HKD","IS_CNY_CODE":0,"DPS_HKD_LY":null,"ORG_TYPE":"一般企业","PREMIUM_INCOME":null,"PREMIUM_INCOME_YOY":null,"NET_INTEREST_INCOME":null,"NET_INTEREST_INCOME_YOY":null,"FEE_COMMISSION_INCOME":null,"FEE_COMMISSION_INCOME_YOY":null,"ACCOUNTS_RECE_TDAYS":2.074906367041,"INVENTORY_TDAYS":4.167364016736,"CURRENT_ASSETS_TDAYS":0.922564529559,"TOTAL_ASSETS_TDAYS":0.572314049587,"PREMIUM_EXPENSE":null,"LOAN_DEPOSIT":null,"LOAN_EQUITY":null,"LOAN_ASSETS":null,"DEPOSIT_EQUITY":null,"DEPOSIT_ASSETS":null,"EQUITY_MULTIPLIER":-0.414369633981,"EQUITY_RATIO":-1.413730803975},{"SECUCODE":"00167.HK","SECURITY_CODE":"00167","SECURITY_NAME_ABBR":"IDT INT\u0027L","ORG_CODE":"10007440","STD_REPORT_DATE":"2020-06-30 00:00:00","REPORT_DATE":"2020-06-30 00:00:00","DATE_TYPE_CODE":"002","REPORT_TYPE":"2020年中报","PER_NETCASH_OPERATE":-0.00836151146,"PER_OI":0.01127750075,"BPS":-3.539238096741,"BASIC_EPS":-0.013153536,"DILUTED_EPS":null,"OPERATE_INCOME":29321424,"OPERATE_INCOME_YOY":-71.6681376876,"GROSS_PROFIT":3014352,"GROSS_PROFIT_YOY":-81.274732450653,"HOLDER_PROFIT":-34162656,"HOLDER_PROFIT_YOY":-23.0263157895,"GROSS_PROFIT_RATIO":10.280373831776,"EPS_TTM":-0.031484818317,"OPERATE_INCOME_QOQ":-29.041520094021,"NET_PROFIT_RATIO":-116.5109034268,"ROE_AVG":25.520300238826,"GROSS_PROFIT_QOQ":-47.887292291103,"ROA":-43.236994219653,"HOLDER_PROFIT_QOQ":-9.969183221157,"ROE_YEARLY":51.040600477653,"ROIC_YEARLY":-103.672903672904,"TOTAL_ASSETS":64945584,"TOTAL_LIABILITIES":218220816,"TAX_EBT":null,"OCF_SALES":-74.143302180685,"TOTAL_PARENT_EQUITY":-153366576,"DEBT_ASSET_RATIO":336.005625879,"OPERATE_PROFIT":null,"PRETAX_PROFIT":-34162656,"NETCASH_OPERATE":-21739872,"NETCASH_INVEST":null,"NETCASH_FINANCE":14889072,"END_CASH":9591120,"DIVI_RATIO":null,"DIVIDEND_RATE":null,"CURRENT_RATIO":0.246546672248,"COMMON_ACS":3500000000,"CURRENTDEBT_DEBT":100,"ISSUED_COMMON_SHARES":43333218,"HK_COMMON_SHARES":43333218,"PER_SHARES":18000,"TOTAL_MARKET_CAP":953330.796,"HKSK_MARKET_CAP":953330.796,"PE_TTM":-0.550421937644,"PB_TTM":-0.00284674931,"REPORT_DATE_SQ":"2019-06-30 00:00:00","REPORT_TYPE_SQ":"2019年中报","OPERATE_INCOME_SQ":99665478,"DPS_HKD":null,"OPERATE_INCOME_QOQ_SQ":-23.69727584257,"NET_PROFIT_RATIO_SQ":-26.8314210062,"HOLDER_PROFIT_SQ":-26741664,"HOLDER_PROFIT_QOQ_SQ":16.869740052233,"ROE_AVG_SQ":51.635111876076,"PE_TTM_SQ":-0.475125640447,"PB_TTM_SQ":-0.136164898411,"ROA_SQ":-14.177693761815,"START_DATE":"2020-01-01 00:00:00","FISCAL_YEAR":"12-31","CURRENCY":"HKD","IS_CNY_CODE":0,"DPS_HKD_LY":null,"ORG_TYPE":"一般企业","PREMIUM_INCOME":null,"PREMIUM_INCOME_YOY":null,"NET_INTEREST_INCOME":null,"NET_INTEREST_INCOME_YOY":null,"FEE_COMMISSION_INCOME":null,"FEE_COMMISSION_INCOME_YOY":null,"ACCOUNTS_RECE_TDAYS":0.745644599303,"INVENTORY_TDAYS":2.198473282443,"CURRENT_ASSETS_TDAYS":0.455965909091,"TOTAL_ASSETS_TDAYS":0.371098265896,"PREMIUM_EXPENSE":null,"LOAN_DEPOSIT":null,"LOAN_EQUITY":null,"LOAN_ASSETS":null,"DEPOSIT_EQUITY":null,"DEPOSIT_ASSETS":null,"EQUITY_MULTIPLIER":-0.423718712753,"EQUITY_RATIO":-1.422870756403}],"count":49},"success":true,"message":"ok","code":0}