{"version":"f2223519c96e6ce50f683b6bb7e67037","result":{"pages":5,"data":[{"SECUCODE":"00178.HK","SECURITY_CODE":"00178","SECURITY_NAME_ABBR":"莎莎国际","ORG_CODE":"10007448","STD_REPORT_DATE":"2024-06-30 00:00:00","REPORT_DATE":"2024-09-30 00:00:00","DATE_TYPE_CODE":"002","REPORT_TYPE":"2024年中报","PER_NETCASH_OPERATE":0.069390000483,"PER_OI":0.558111741294,"BPS":0.333004641004,"BASIC_EPS":0.0090179,"DILUTED_EPS":0.0090179,"OPERATE_INCOME":1731926471.97,"OPERATE_INCOME_YOY":-10.4406055674,"GROSS_PROFIT":682172572.35,"GROSS_PROFIT_YOY":-15.567601210827,"HOLDER_PROFIT":29225210.32,"HOLDER_PROFIT_YOY":-68.3583605085,"GROSS_PROFIT_RATIO":39.388079308821,"EPS_TTM":0.063943367408,"OPERATE_INCOME_QOQ":0,"NET_PROFIT_RATIO":1.6874394377,"ROE_AVG":2.702912336333,"GROSS_PROFIT_QOQ":0,"ROA":1.337137182196,"HOLDER_PROFIT_QOQ":0,"ROE_YEARLY":5.405824672666,"ROIC_YEARLY":3.199438459456,"TOTAL_ASSETS":2113122122.87,"TOTAL_LIABILITIES":1079745631.44,"TAX_EBT":26.138979419742,"OCF_SALES":12.432994210492,"TOTAL_PARENT_EQUITY":1033376491.43,"DEBT_ASSET_RATIO":51.0971713255,"OPERATE_PROFIT":45851512.55,"PRETAX_PROFIT":39567839.83,"NETCASH_OPERATE":215330317.99,"NETCASH_INVEST":-23083118.63,"NETCASH_FINANCE":-305732961.91,"END_CASH":304717546.37,"DIVI_RATIO":0.814641566615,"DIVIDEND_RATE":8.846153846154,"CURRENT_RATIO":1.58839358186,"COMMON_ACS":8000000000,"CURRENTDEBT_DEBT":64.309851203004,"ISSUED_COMMON_SHARES":3103189458,"HK_COMMON_SHARES":3103189458,"PER_SHARES":2000,"TOTAL_MARKET_CAP":2017073147.7,"HKSK_MARKET_CAP":2017073147.7,"PE_TTM":13.54931616186,"PB_TTM":1.760226218566,"REPORT_DATE_SQ":"2023-06-30 00:00:00","REPORT_TYPE_SQ":"2023年中报","OPERATE_INCOME_SQ":1967797889.05,"DPS_HKD":0.0575,"OPERATE_INCOME_QOQ_SQ":0,"NET_PROFIT_RATIO_SQ":4.7761764754,"HOLDER_PROFIT_SQ":93985499.86,"HOLDER_PROFIT_QOQ_SQ":0,"ROE_AVG_SQ":9.412060931842,"PE_TTM_SQ":9.08192877326,"PB_TTM_SQ":2.350863828692,"ROA_SQ":4.375845394942,"START_DATE":"2024-04-01 00:00:00","FISCAL_YEAR":"3-31","CURRENCY":"HKD","IS_CNY_CODE":0,"DPS_HKD_LY":0.0575,"ORG_TYPE":"一般企业","PREMIUM_INCOME":null,"PREMIUM_INCOME_YOY":null,"NET_INTEREST_INCOME":null,"NET_INTEREST_INCOME_YOY":null,"FEE_COMMISSION_INCOME":null,"FEE_COMMISSION_INCOME_YOY":null,"ACCOUNTS_RECE_TDAYS":26.85172809127,"INVENTORY_TDAYS":1.682138947794,"CURRENT_ASSETS_TDAYS":1.473141748654,"TOTAL_ASSETS_TDAYS":0.792406027927,"PREMIUM_EXPENSE":null,"LOAN_DEPOSIT":null,"LOAN_EQUITY":null,"LOAN_ASSETS":null,"DEPOSIT_EQUITY":null,"DEPOSIT_ASSETS":null,"EQUITY_MULTIPLIER":2.044871487202,"EQUITY_RATIO":1.044871487202},{"SECUCODE":"00178.HK","SECURITY_CODE":"00178","SECURITY_NAME_ABBR":"莎莎国际","ORG_CODE":"10007448","STD_REPORT_DATE":"2023-12-31 00:00:00","REPORT_DATE":"2024-03-31 00:00:00","DATE_TYPE_CODE":"001","REPORT_TYPE":"2023年年报","PER_NETCASH_OPERATE":0.170951219586,"PER_OI":1.275898088849,"BPS":0.365778918211,"BASIC_EPS":0.06436505,"DILUTED_EPS":0.06436505,"OPERATE_INCOME":3959353498.8,"OPERATE_INCOME_YOY":24.7668849673,"GROSS_PROFIT":1616700475.25,"GROSS_PROFIT_YOY":31.785717579978,"HOLDER_PROFIT":198428383.65,"HOLDER_PROFIT_YOY":275.7841605576,"GROSS_PROFIT_RATIO":40.832435793874,"EPS_TTM":0.085535073589,"OPERATE_INCOME_QOQ":0,"NET_PROFIT_RATIO":5.011635958,"ROE_AVG":19.089160892525,"GROSS_PROFIT_QOQ":0,"ROA":9.279726631683,"HOLDER_PROFIT_QOQ":0,"ROE_YEARLY":19.089160892525,"ROIC_YEARLY":11.064666345839,"TOTAL_ASSETS":2270108172.9,"TOTAL_LIABILITIES":1135026889.95,"TAX_EBT":17.943594492159,"OCF_SALES":13.398501109102,"TOTAL_PARENT_EQUITY":1135081282.95,"DEBT_ASSET_RATIO":49.9988019734,"OPERATE_PROFIT":258488227.7,"PRETAX_PROFIT":241819492.85,"NETCASH_OPERATE":530494022.45,"NETCASH_INVEST":-56113631.9,"NETCASH_FINANCE":-328677861.45,"END_CASH":414979608.35,"DIVI_RATIO":0.609000762078,"DIVIDEND_RATE":8.098591549296,"CURRENT_RATIO":1.697910023058,"COMMON_ACS":8000000000,"CURRENTDEBT_DEBT":65.119897382569,"ISSUED_COMMON_SHARES":3103189458,"HK_COMMON_SHARES":3103189458,"PER_SHARES":2000,"TOTAL_MARKET_CAP":2203264515.18,"HKSK_MARKET_CAP":2203264515.18,"PE_TTM":14.800022269109,"PB_TTM":1.922708638741,"REPORT_DATE_SQ":"2022-12-31 00:00:00","REPORT_TYPE_SQ":"2022年年报","OPERATE_INCOME_SQ":3064394590.25,"DPS_HKD":0.0575,"OPERATE_INCOME_QOQ_SQ":0,"NET_PROFIT_RATIO_SQ":1.6639504074,"HOLDER_PROFIT_SQ":50990006.27,"HOLDER_PROFIT_QOQ_SQ":0,"ROE_AVG_SQ":5.755379333616,"PE_TTM_SQ":10.560382294488,"PB_TTM_SQ":2.733562591502,"ROA_SQ":2.709068288316,"START_DATE":"2023-04-01 00:00:00","FISCAL_YEAR":"3-31","CURRENCY":"HKD","IS_CNY_CODE":0,"DPS_HKD_LY":null,"ORG_TYPE":"一般企业","PREMIUM_INCOME":null,"PREMIUM_INCOME_YOY":null,"NET_INTEREST_INCOME":null,"NET_INTEREST_INCOME_YOY":null,"FEE_COMMISSION_INCOME":null,"FEE_COMMISSION_INCOME_YOY":null,"ACCOUNTS_RECE_TDAYS":63.08584304719,"INVENTORY_TDAYS":3.75938759077,"CURRENT_ASSETS_TDAYS":3.368672741724,"TOTAL_ASSETS_TDAYS":1.851636214095,"PREMIUM_EXPENSE":null,"LOAN_DEPOSIT":null,"LOAN_EQUITY":null,"LOAN_ASSETS":null,"DEPOSIT_EQUITY":null,"DEPOSIT_ASSETS":null,"EQUITY_MULTIPLIER":1.999952080084,"EQUITY_RATIO":0.999952080084},{"SECUCODE":"00178.HK","SECURITY_CODE":"00178","SECURITY_NAME_ABBR":"莎莎国际","ORG_CODE":"10007448","STD_REPORT_DATE":"2023-06-30 00:00:00","REPORT_DATE":"2023-09-30 00:00:00","DATE_TYPE_CODE":"002","REPORT_TYPE":"2023年中报","PER_NETCASH_OPERATE":0.029255026165,"PER_OI":0.634121092406,"BPS":0.335690136693,"BASIC_EPS":0.03028179,"DILUTED_EPS":0.03028179,"OPERATE_INCOME":1967797889.05,"OPERATE_INCOME_YOY":38.3066547221,"GROSS_PROFIT":807951191.88,"GROSS_PROFIT_YOY":55.818992781493,"HOLDER_PROFIT":93985499.86,"HOLDER_PROFIT_YOY":176.9032083674,"GROSS_PROFIT_RATIO":41.058647149482,"EPS_TTM":0.016431483466,"OPERATE_INCOME_QOQ":0,"NET_PROFIT_RATIO":4.7761764754,"ROE_AVG":9.412060931842,"GROSS_PROFIT_QOQ":0,"ROA":4.375845394942,"HOLDER_PROFIT_QOQ":0,"ROE_YEARLY":18.824121863684,"ROIC_YEARLY":9.796967036078,"TOTAL_ASSETS":2264634676.71,"TOTAL_LIABILITIES":1222924583.37,"TAX_EBT":18.52517699467,"OCF_SALES":4.613476276968,"TOTAL_PARENT_EQUITY":1041710093.34,"DEBT_ASSET_RATIO":54.0009651864,"OPERATE_PROFIT":123940613.58,"PRETAX_PROFIT":115355267.3,"NETCASH_OPERATE":90783888.79,"NETCASH_INVEST":-27341703.48,"NETCASH_FINANCE":-155753010.42,"END_CASH":180042676.52,"DIVI_RATIO":3.170190026287,"DIVIDEND_RATE":8.455882352941,"CURRENT_RATIO":1.523980203959,"COMMON_ACS":8000000000,"CURRENTDEBT_DEBT":65.04394465667,"ISSUED_COMMON_SHARES":3103189458,"HK_COMMON_SHARES":3103189458,"PER_SHARES":2000,"TOTAL_MARKET_CAP":2110168831.44,"HKSK_MARKET_CAP":2110168831.44,"PE_TTM":14.174669215485,"PB_TTM":1.841467428653,"REPORT_DATE_SQ":"2022-06-30 00:00:00","REPORT_TYPE_SQ":"2022年中报","OPERATE_INCOME_SQ":1402327888.92,"DPS_HKD":0.0575,"OPERATE_INCOME_QOQ_SQ":0,"NET_PROFIT_RATIO_SQ":-8.5897195279,"HOLDER_PROFIT_SQ":-120456032.52,"HOLDER_PROFIT_QOQ_SQ":0,"ROE_AVG_SQ":-14.654368043238,"PE_TTM_SQ":10.243570825654,"PB_TTM_SQ":2.651555713757,"ROA_SQ":-6.453562098993,"START_DATE":"2023-04-01 00:00:00","FISCAL_YEAR":"3-31","CURRENCY":"HKD","IS_CNY_CODE":0,"DPS_HKD_LY":null,"ORG_TYPE":"一般企业","PREMIUM_INCOME":null,"PREMIUM_INCOME_YOY":null,"NET_INTEREST_INCOME":null,"NET_INTEREST_INCOME_YOY":null,"FEE_COMMISSION_INCOME":null,"FEE_COMMISSION_INCOME_YOY":null,"ACCOUNTS_RECE_TDAYS":30.664135672715,"INVENTORY_TDAYS":1.632735074974,"CURRENT_ASSETS_TDAYS":1.695397187192,"TOTAL_ASSETS_TDAYS":0.916181681621,"PREMIUM_EXPENSE":null,"LOAN_DEPOSIT":null,"LOAN_EQUITY":null,"LOAN_ASSETS":null,"DEPOSIT_EQUITY":null,"DEPOSIT_ASSETS":null,"EQUITY_MULTIPLIER":2.173958658159,"EQUITY_RATIO":1.173958658161},{"SECUCODE":"00178.HK","SECURITY_CODE":"00178","SECURITY_NAME_ABBR":"莎莎国际","ORG_CODE":"10007448","STD_REPORT_DATE":"2022-12-31 00:00:00","REPORT_DATE":"2023-03-31 00:00:00","DATE_TYPE_CODE":"001","REPORT_TYPE":"2022年年报","PER_NETCASH_OPERATE":0.138573766391,"PER_OI":0.987498388908,"BPS":0.293717245288,"BASIC_EPS":0.01663279,"DILUTED_EPS":0.01663279,"OPERATE_INCOME":3064394590.25,"OPERATE_INCOME_YOY":2.5726640308,"GROSS_PROFIT":1226764557.6,"GROSS_PROFIT_YOY":19.998636805056,"HOLDER_PROFIT":50990006.27,"HOLDER_PROFIT_YOY":116.9454691446,"GROSS_PROFIT_RATIO":40.032852215025,"EPS_TTM":-0.079898954329,"OPERATE_INCOME_QOQ":0,"NET_PROFIT_RATIO":1.6639504074,"ROE_AVG":5.755379333616,"GROSS_PROFIT_QOQ":0,"ROA":2.709068288316,"HOLDER_PROFIT_QOQ":0,"ROE_YEARLY":5.755379333616,"ROIC_YEARLY":3.148337578628,"TOTAL_ASSETS":1937568589.07,"TOTAL_LIABILITIES":1026108329.86,"TAX_EBT":505.591532623076,"OCF_SALES":14.03280936431,"TOTAL_PARENT_EQUITY":911460259.21,"DEBT_ASSET_RATIO":52.9585551525,"OPERATE_PROFIT":1300859.26,"PRETAX_PROFIT":-12571763.01,"NETCASH_OPERATE":430020651.02,"NETCASH_INVEST":-49810829,"NETCASH_FINANCE":-368720941.18,"END_CASH":265473334.96,"DIVI_RATIO":-0.651960034236,"DIVIDEND_RATE":8.098591549296,"CURRENT_RATIO":1.50369869967,"COMMON_ACS":8000000000,"CURRENTDEBT_DEBT":68.574733864212,"ISSUED_COMMON_SHARES":3103189458,"HK_COMMON_SHARES":3103189458,"PER_SHARES":2000,"TOTAL_MARKET_CAP":2203264515.18,"HKSK_MARKET_CAP":2203264515.18,"PE_TTM":14.800022269109,"PB_TTM":1.922708638741,"REPORT_DATE_SQ":"2021-12-31 00:00:00","REPORT_TYPE_SQ":"2021年年报","OPERATE_INCOME_SQ":2767755724.27,"DPS_HKD":0.0575,"OPERATE_INCOME_QOQ_SQ":0,"NET_PROFIT_RATIO_SQ":-10.0720626057,"HOLDER_PROFIT_SQ":-278770089.32,"HOLDER_PROFIT_QOQ_SQ":0,"ROE_AVG_SQ":-29.721091320511,"PE_TTM_SQ":10.560382294488,"PB_TTM_SQ":2.733562591502,"ROA_SQ":-14.952329477424,"START_DATE":"2022-04-01 00:00:00","FISCAL_YEAR":"3-31","CURRENCY":"HKD","IS_CNY_CODE":0,"DPS_HKD_LY":null,"ORG_TYPE":"一般企业","PREMIUM_INCOME":null,"PREMIUM_INCOME_YOY":null,"NET_INTEREST_INCOME":null,"NET_INTEREST_INCOME_YOY":null,"FEE_COMMISSION_INCOME":null,"FEE_COMMISSION_INCOME_YOY":null,"ACCOUNTS_RECE_TDAYS":50.395908465963,"INVENTORY_TDAYS":2.961972894223,"CURRENT_ASSETS_TDAYS":2.781422881718,"TOTAL_ASSETS_TDAYS":1.628094368801,"PREMIUM_EXPENSE":null,"LOAN_DEPOSIT":null,"LOAN_EQUITY":null,"LOAN_ASSETS":null,"DEPOSIT_EQUITY":null,"DEPOSIT_ASSETS":null,"EQUITY_MULTIPLIER":2.12578504602,"EQUITY_RATIO":1.12578504602},{"SECUCODE":"00178.HK","SECURITY_CODE":"00178","SECURITY_NAME_ABBR":"莎莎国际","ORG_CODE":"10007448","STD_REPORT_DATE":"2022-06-30 00:00:00","REPORT_DATE":"2022-09-30 00:00:00","DATE_TYPE_CODE":"002","REPORT_TYPE":"2022年中报","PER_NETCASH_OPERATE":0.044784096801,"PER_OI":0.451898895604,"BPS":0.243291455884,"BASIC_EPS":-0.03889092,"DILUTED_EPS":-0.03889092,"OPERATE_INCOME":1402327888.92,"OPERATE_INCOME_YOY":-2.9263714647,"GROSS_PROFIT":518519069.76,"GROSS_PROFIT_YOY":6.122410528074,"HOLDER_PROFIT":-120456032.52,"HOLDER_PROFIT_YOY":26.6617474573,"GROSS_PROFIT_RATIO":36.975594214227,"EPS_TTM":-0.089833409495,"OPERATE_INCOME_QOQ":0,"NET_PROFIT_RATIO":-8.5897195279,"ROE_AVG":-14.654368043238,"GROSS_PROFIT_QOQ":0,"ROA":-6.453562098993,"HOLDER_PROFIT_QOQ":0,"ROE_YEARLY":-29.308736086476,"ROIC_YEARLY":-14.685947189452,"TOTAL_ASSETS":1845602977.32,"TOTAL_LIABILITIES":1090623496.2,"TAX_EBT":-8.025923041983,"OCF_SALES":9.910202754866,"TOTAL_PARENT_EQUITY":754979481.12,"DEBT_ASSET_RATIO":59.0930719988,"OPERATE_PROFIT":-104788418.4,"PRETAX_PROFIT":-111506598.72,"NETCASH_OPERATE":138973537.08,"NETCASH_INVEST":-28176019.32,"NETCASH_FINANCE":-190146752.28,"END_CASH":183793061.28,"DIVI_RATIO":-0.57986138223,"DIVIDEND_RATE":8.098591549296,"CURRENT_RATIO":1.311136419043,"COMMON_ACS":8000000000,"CURRENTDEBT_DEBT":70.414519158605,"ISSUED_COMMON_SHARES":3103189458,"HK_COMMON_SHARES":3103189458,"PER_SHARES":2000,"TOTAL_MARKET_CAP":2203264515.18,"HKSK_MARKET_CAP":2203264515.18,"PE_TTM":14.800022269109,"PB_TTM":1.922708638741,"REPORT_DATE_SQ":"2021-06-30 00:00:00","REPORT_TYPE_SQ":"2021年中报","OPERATE_INCOME_SQ":1330591756.04,"DPS_HKD":0.0575,"OPERATE_INCOME_QOQ_SQ":0,"NET_PROFIT_RATIO_SQ":-11.3697178998,"HOLDER_PROFIT_SQ":-151284529.06,"HOLDER_PROFIT_QOQ_SQ":0,"ROE_AVG_SQ":-14.652036226476,"PE_TTM_SQ":10.560382294488,"PB_TTM_SQ":2.733562591502,"ROA_SQ":-7.632874221559,"START_DATE":"2022-04-01 00:00:00","FISCAL_YEAR":"3-31","CURRENCY":"HKD","IS_CNY_CODE":0,"DPS_HKD_LY":null,"ORG_TYPE":"一般企业","PREMIUM_INCOME":null,"PREMIUM_INCOME_YOY":null,"NET_INTEREST_INCOME":null,"NET_INTEREST_INCOME_YOY":null,"FEE_COMMISSION_INCOME":null,"FEE_COMMISSION_INCOME_YOY":null,"ACCOUNTS_RECE_TDAYS":23.65720170888,"INVENTORY_TDAYS":1.383592240639,"CURRENT_ASSETS_TDAYS":1.280504936635,"TOTAL_ASSETS_TDAYS":0.751312319106,"PREMIUM_EXPENSE":null,"LOAN_DEPOSIT":null,"LOAN_EQUITY":null,"LOAN_ASSETS":null,"DEPOSIT_EQUITY":null,"DEPOSIT_ASSETS":null,"EQUITY_MULTIPLIER":2.4445736917,"EQUITY_RATIO":1.444573691701},{"SECUCODE":"00178.HK","SECURITY_CODE":"00178","SECURITY_NAME_ABBR":"莎莎国际","ORG_CODE":"10007448","STD_REPORT_DATE":"2021-12-31 00:00:00","REPORT_DATE":"2022-03-31 00:00:00","DATE_TYPE_CODE":"001","REPORT_TYPE":"2021年年报","PER_NETCASH_OPERATE":0.032662132664,"PER_OI":0.891906782274,"BPS":0.25688029296,"BASIC_EPS":-0.09002211,"DILUTED_EPS":-0.09002211,"OPERATE_INCOME":2767755724.27,"OPERATE_INCOME_YOY":12.1490133679,"GROSS_PROFIT":1022315411.46,"GROSS_PROFIT_YOY":14.997852407604,"HOLDER_PROFIT":-278770089.32,"HOLDER_PROFIT_YOY":2.1732200997,"GROSS_PROFIT_RATIO":36.93661989371,"EPS_TTM":-0.075922730394,"OPERATE_INCOME_QOQ":0,"NET_PROFIT_RATIO":-10.0720626057,"ROE_AVG":-29.721091320511,"GROSS_PROFIT_QOQ":0,"ROA":-14.952329477424,"HOLDER_PROFIT_QOQ":0,"ROE_YEARLY":-29.721091320511,"ROIC_YEARLY":-18.212983583348,"TOTAL_ASSETS":1692434321.23,"TOTAL_LIABILITIES":895286104.15,"TAX_EBT":-2.050619758035,"OCF_SALES":3.662056765748,"TOTAL_PARENT_EQUITY":797148217.08,"DEBT_ASSET_RATIO":52.8993115372,"OPERATE_PROFIT":-266089136.96,"PRETAX_PROFIT":-273168443.25,"NETCASH_OPERATE":101356785.76,"NETCASH_INVEST":-30195524.32,"NETCASH_FINANCE":-240936472.82,"END_CASH":240446622.78,"DIVI_RATIO":-0.686104473982,"DIVIDEND_RATE":8.098591549296,"CURRENT_RATIO":1.530819189176,"COMMON_ACS":8000000000,"CURRENTDEBT_DEBT":77.425435835187,"ISSUED_COMMON_SHARES":3103189458,"HK_COMMON_SHARES":3103189458,"PER_SHARES":2000,"TOTAL_MARKET_CAP":2203264515.18,"HKSK_MARKET_CAP":2203264515.18,"PE_TTM":14.800022269109,"PB_TTM":1.922708638741,"REPORT_DATE_SQ":"2020-12-31 00:00:00","REPORT_TYPE_SQ":"2020年年报","OPERATE_INCOME_SQ":2571907250.22,"DPS_HKD":0.0575,"OPERATE_INCOME_QOQ_SQ":0,"NET_PROFIT_RATIO_SQ":-11.5466530224,"HOLDER_PROFIT_SQ":-296969206.24,"HOLDER_PROFIT_QOQ_SQ":0,"ROE_AVG_SQ":-23.467909853379,"PE_TTM_SQ":10.560382294488,"PB_TTM_SQ":2.733562591502,"ROA_SQ":-12.162125443639,"START_DATE":"2021-04-01 00:00:00","FISCAL_YEAR":"3-31","CURRENCY":"HKD","IS_CNY_CODE":0,"DPS_HKD_LY":null,"ORG_TYPE":"一般企业","PREMIUM_INCOME":null,"PREMIUM_INCOME_YOY":null,"NET_INTEREST_INCOME":null,"NET_INTEREST_INCOME_YOY":null,"FEE_COMMISSION_INCOME":null,"FEE_COMMISSION_INCOME_YOY":null,"ACCOUNTS_RECE_TDAYS":45.446672792404,"INVENTORY_TDAYS":2.842940108437,"CURRENT_ASSETS_TDAYS":2.36124794291,"TOTAL_ASSETS_TDAYS":1.484535001702,"PREMIUM_EXPENSE":null,"LOAN_DEPOSIT":null,"LOAN_EQUITY":null,"LOAN_ASSETS":null,"DEPOSIT_EQUITY":null,"DEPOSIT_ASSETS":null,"EQUITY_MULTIPLIER":2.123111216919,"EQUITY_RATIO":1.12311121692},{"SECUCODE":"00178.HK","SECURITY_CODE":"00178","SECURITY_NAME_ABBR":"莎莎国际","ORG_CODE":"10007448","STD_REPORT_DATE":"2021-06-30 00:00:00","REPORT_DATE":"2021-09-30 00:00:00","DATE_TYPE_CODE":"002","REPORT_TYPE":"2021年中报","PER_NETCASH_OPERATE":-0.004455780115,"PER_OI":0.428781991576,"BPS":0.308373647942,"BASIC_EPS":-0.04915054,"DILUTED_EPS":-0.04915054,"OPERATE_INCOME":1330591756.04,"OPERATE_INCOME_YOY":24.1893497381,"GROSS_PROFIT":488604685.08,"GROSS_PROFIT_YOY":32.733384294148,"HOLDER_PROFIT":-151284529.06,"HOLDER_PROFIT_YOY":24.9585745513,"GROSS_PROFIT_RATIO":36.720856180121,"EPS_TTM":-0.095698058484,"OPERATE_INCOME_QOQ":0,"NET_PROFIT_RATIO":-11.3697178998,"ROE_AVG":-14.652036226476,"GROSS_PROFIT_QOQ":0,"ROA":-7.632874221559,"HOLDER_PROFIT_QOQ":0,"ROE_YEARLY":-29.304072452952,"ROIC_YEARLY":-18.41064587708,"TOTAL_ASSETS":1872309847.54,"TOTAL_LIABILITIES":915367994.12,"TAX_EBT":-0.669649044032,"OCF_SALES":-1.039171467675,"TOTAL_PARENT_EQUITY":956941853.42,"DEBT_ASSET_RATIO":48.889770853,"OPERATE_PROFIT":-146707697.42,"PRETAX_PROFIT":-150278192.58,"NETCASH_OPERATE":-13827129.88,"NETCASH_INVEST":-16400452.22,"NETCASH_FINANCE":-161966024.38,"END_CASH":228632483.94,"DIVI_RATIO":-0.544325828809,"DIVIDEND_RATE":8.098591549296,"CURRENT_RATIO":1.652985606384,"COMMON_ACS":8000000000,"CURRENTDEBT_DEBT":76.632550723424,"ISSUED_COMMON_SHARES":3103189458,"HK_COMMON_SHARES":3103189458,"PER_SHARES":2000,"TOTAL_MARKET_CAP":2203264515.18,"HKSK_MARKET_CAP":2203264515.18,"PE_TTM":14.800022269109,"PB_TTM":1.922708638741,"REPORT_DATE_SQ":"2020-06-30 00:00:00","REPORT_TYPE_SQ":"2020年中报","OPERATE_INCOME_SQ":1130146396.16,"DPS_HKD":0.0575,"OPERATE_INCOME_QOQ_SQ":0,"NET_PROFIT_RATIO_SQ":-18.8162453504,"HOLDER_PROFIT_SQ":-212651118.72,"HOLDER_PROFIT_QOQ_SQ":0,"ROE_AVG_SQ":-15.63109476958,"PE_TTM_SQ":10.560382294488,"PB_TTM_SQ":2.733562591502,"ROA_SQ":-7.985384826314,"START_DATE":"2021-04-01 00:00:00","FISCAL_YEAR":"3-31","CURRENCY":"HKD","IS_CNY_CODE":0,"DPS_HKD_LY":null,"ORG_TYPE":"一般企业","PREMIUM_INCOME":null,"PREMIUM_INCOME_YOY":null,"NET_INTEREST_INCOME":null,"NET_INTEREST_INCOME_YOY":null,"FEE_COMMISSION_INCOME":null,"FEE_COMMISSION_INCOME_YOY":null,"ACCOUNTS_RECE_TDAYS":22.936900453788,"INVENTORY_TDAYS":1.267659088258,"CURRENT_ASSETS_TDAYS":1.074101110089,"TOTAL_ASSETS_TDAYS":0.671333650387,"PREMIUM_EXPENSE":null,"LOAN_DEPOSIT":null,"LOAN_EQUITY":null,"LOAN_ASSETS":null,"DEPOSIT_EQUITY":null,"DEPOSIT_ASSETS":null,"EQUITY_MULTIPLIER":1.956555501099,"EQUITY_RATIO":0.956555501098},{"SECUCODE":"00178.HK","SECURITY_CODE":"00178","SECURITY_NAME_ABBR":"莎莎国际","ORG_CODE":"10007448","STD_REPORT_DATE":"2020-12-31 00:00:00","REPORT_DATE":"2021-03-31 00:00:00","DATE_TYPE_CODE":"001","REPORT_TYPE":"2020年年报","PER_NETCASH_OPERATE":0.149276148598,"PER_OI":0.828794788404,"BPS":0.362275741122,"BASIC_EPS":-0.09550534,"DILUTED_EPS":-0.09550534,"OPERATE_INCOME":2571907250.22,"OPERATE_INCOME_YOY":-46.7749103901,"GROSS_PROFIT":888986524.58,"GROSS_PROFIT_YOY":-53.278815786473,"HOLDER_PROFIT":-296969206.24,"HOLDER_PROFIT_YOY":31.8969794703,"GROSS_PROFIT_RATIO":34.565263755291,"EPS_TTM":-0.209820065914,"OPERATE_INCOME_QOQ":0,"NET_PROFIT_RATIO":-11.5466530224,"ROE_AVG":-23.467909853379,"GROSS_PROFIT_QOQ":0,"ROA":-12.162125443639,"HOLDER_PROFIT_QOQ":0,"ROE_YEARLY":-23.467909853379,"ROIC_YEARLY":-15.243195358428,"TOTAL_ASSETS":2122147248.76,"TOTAL_LIABILITIES":997936988.02,"TAX_EBT":10.506848393822,"OCF_SALES":18.011231572226,"TOTAL_PARENT_EQUITY":1124210260.74,"DEBT_ASSET_RATIO":47.0248701452,"OPERATE_PROFIT":-330871911.58,"PRETAX_PROFIT":-339323711.58,"NETCASH_OPERATE":463232170.66,"NETCASH_INVEST":15764297.36,"NETCASH_FINANCE":-530302274.74,"END_CASH":427147210.56,"DIVI_RATIO":-0.248264744238,"DIVIDEND_RATE":8.098591549296,"CURRENT_RATIO":1.859986551524,"COMMON_ACS":8000000000,"CURRENTDEBT_DEBT":72.044202825519,"ISSUED_COMMON_SHARES":3103189458,"HK_COMMON_SHARES":3103189458,"PER_SHARES":2000,"TOTAL_MARKET_CAP":2203264515.18,"HKSK_MARKET_CAP":2203264515.18,"PE_TTM":14.800022269109,"PB_TTM":1.922708638741,"REPORT_DATE_SQ":"2019-12-31 00:00:00","REPORT_TYPE_SQ":"2019年年报","OPERATE_INCOME_SQ":5223881477.1,"DPS_HKD":0.0575,"OPERATE_INCOME_QOQ_SQ":0,"NET_PROFIT_RATIO_SQ":-9.0241466095,"HOLDER_PROFIT_SQ":-471410723.2,"HOLDER_PROFIT_QOQ_SQ":0,"ROE_AVG_SQ":-24.858874659112,"PE_TTM_SQ":10.560382294488,"PB_TTM_SQ":2.733562591502,"ROA_SQ":-15.461844290403,"START_DATE":"2020-04-01 00:00:00","FISCAL_YEAR":"3-31","CURRENCY":"HKD","IS_CNY_CODE":0,"DPS_HKD_LY":null,"ORG_TYPE":"一般企业","PREMIUM_INCOME":null,"PREMIUM_INCOME_YOY":null,"NET_INTEREST_INCOME":null,"NET_INTEREST_INCOME_YOY":null,"FEE_COMMISSION_INCOME":null,"FEE_COMMISSION_INCOME_YOY":null,"ACCOUNTS_RECE_TDAYS":44.2336087914,"INVENTORY_TDAYS":2.247392927906,"CURRENT_ASSETS_TDAYS":1.703114156253,"TOTAL_ASSETS_TDAYS":1.05330310178,"PREMIUM_EXPENSE":null,"LOAN_DEPOSIT":null,"LOAN_EQUITY":null,"LOAN_ASSETS":null,"DEPOSIT_EQUITY":null,"DEPOSIT_ASSETS":null,"EQUITY_MULTIPLIER":1.887678242113,"EQUITY_RATIO":0.887678242114},{"SECUCODE":"00178.HK","SECURITY_CODE":"00178","SECURITY_NAME_ABBR":"莎莎国际","ORG_CODE":"10007448","STD_REPORT_DATE":"2020-06-30 00:00:00","REPORT_DATE":"2020-09-30 00:00:00","DATE_TYPE_CODE":"002","REPORT_TYPE":"2020年中报","PER_NETCASH_OPERATE":0.083885877341,"PER_OI":0.3641886554,"BPS":0.405521086608,"BASIC_EPS":-0.06854016,"DILUTED_EPS":-0.06854016,"OPERATE_INCOME":1130146396.16,"OPERATE_INCOME_YOY":-62.1132459648,"GROSS_PROFIT":368109867.52,"GROSS_PROFIT_YOY":-68.146066054133,"HOLDER_PROFIT":-212651118.72,"HOLDER_PROFIT_YOY":-562.4719408705,"GROSS_PROFIT_RATIO":32.571874650113,"EPS_TTM":-0.151911679767,"OPERATE_INCOME_QOQ":0,"NET_PROFIT_RATIO":-18.8162453504,"ROE_AVG":-15.63109476958,"GROSS_PROFIT_QOQ":0,"ROA":-7.985384826314,"HOLDER_PROFIT_QOQ":0,"ROE_YEARLY":-31.262189539159,"ROIC_YEARLY":-20.058155979285,"TOTAL_ASSETS":2455065473.92,"TOTAL_LIABILITIES":1196656712.96,"TAX_EBT":14.79214074069,"OCF_SALES":23.033632733289,"TOTAL_PARENT_EQUITY":1258408760.96,"DEBT_ASSET_RATIO":48.7423543556,"OPERATE_PROFIT":-251352583.68,"PRETAX_PROFIT":-255635464.96,"NETCASH_OPERATE":260313770.24,"NETCASH_INVEST":42327063.68,"NETCASH_FINANCE":-295793847.68,"END_CASH":502974055.68,"DIVI_RATIO":-0.342902698989,"DIVIDEND_RATE":8.098591549296,"CURRENT_RATIO":1.811500210304,"COMMON_ACS":8000000000,"CURRENTDEBT_DEBT":70.357345842102,"ISSUED_COMMON_SHARES":3103189458,"HK_COMMON_SHARES":3103189458,"PER_SHARES":2000,"TOTAL_MARKET_CAP":2203264515.18,"HKSK_MARKET_CAP":2203264515.18,"PE_TTM":14.800022269109,"PB_TTM":1.922708638741,"REPORT_DATE_SQ":"2019-06-30 00:00:00","REPORT_TYPE_SQ":"2019年中报","OPERATE_INCOME_SQ":3062020874.64,"DPS_HKD":0.0575,"OPERATE_INCOME_QOQ_SQ":0,"NET_PROFIT_RATIO_SQ":-1.045468582,"HOLDER_PROFIT_SQ":-32950425.3,"HOLDER_PROFIT_QOQ_SQ":0,"ROE_AVG_SQ":-1.489940657291,"PE_TTM_SQ":10.560382294488,"PB_TTM_SQ":2.733562591502,"ROA_SQ":-0.914014458843,"START_DATE":"2020-04-01 00:00:00","FISCAL_YEAR":"3-31","CURRENCY":"HKD","IS_CNY_CODE":0,"DPS_HKD_LY":null,"ORG_TYPE":"一般企业","PREMIUM_INCOME":null,"PREMIUM_INCOME_YOY":null,"NET_INTEREST_INCOME":null,"NET_INTEREST_INCOME_YOY":null,"FEE_COMMISSION_INCOME":null,"FEE_COMMISSION_INCOME_YOY":null,"ACCOUNTS_RECE_TDAYS":20.400482202906,"INVENTORY_TDAYS":0.946943196752,"CURRENT_ASSETS_TDAYS":0.690176852291,"TOTAL_ASSETS_TDAYS":0.424387792443,"PREMIUM_EXPENSE":null,"LOAN_DEPOSIT":null,"LOAN_EQUITY":null,"LOAN_ASSETS":null,"DEPOSIT_EQUITY":null,"DEPOSIT_ASSETS":null,"EQUITY_MULTIPLIER":1.950928466238,"EQUITY_RATIO":0.950928466238}],"count":44},"success":true,"message":"ok","code":0}