{"version":"070c110a031ad5d7eb9c7c352a15ffe3","result":{"pages":9,"data":[{"SECUCODE":"00177.HK","SECURITY_CODE":"00177","SECURITY_NAME_ABBR":"江苏宁沪高速公路","ORG_CODE":"10002552","STD_REPORT_DATE":"2024-09-30 00:00:00","REPORT_DATE":"2024-09-30 00:00:00","DATE_TYPE_CODE":"004","REPORT_TYPE":"2024年三季报","PER_NETCASH_OPERATE":1.07564569864,"PER_OI":2.790620924068,"BPS":7.305584889953,"BASIC_EPS":0.8178,"DILUTED_EPS":0.8178,"OPERATE_INCOME":14058443583.67,"OPERATE_INCOME_YOY":21.0983423335,"GROSS_PROFIT":4919318817.35,"GROSS_PROFIT_YOY":-0.92253464291,"HOLDER_PROFIT":4119702513.15,"HOLDER_PROFIT_YOY":2.0544806056,"GROSS_PROFIT_RATIO":34.991916338905,"EPS_TTM":0.892503286614,"OPERATE_INCOME_QOQ":-2.079224448678,"NET_PROFIT_RATIO":30.8630945413,"ROE_AVG":11.639060661626,"GROSS_PROFIT_QOQ":3.208817287388,"ROA":5.065339698166,"HOLDER_PROFIT_QOQ":-3.924043598175,"ROE_YEARLY":15.518747548834,"ROIC_YEARLY":5.722795670547,"TOTAL_ASSETS":84000993666.34,"TOTAL_LIABILITIES":36994277697.92,"TAX_EBT":16.960573678634,"OCF_SALES":38.545030941437,"TOTAL_PARENT_EQUITY":36803692015.4,"DEBT_ASSET_RATIO":44.0402858148,"OPERATE_PROFIT":5945613566.91,"PRETAX_PROFIT":5225073108.62,"NETCASH_OPERATE":5418831429.21,"NETCASH_INVEST":-5022252674.88,"NETCASH_FINANCE":-521481847.73,"END_CASH":708700436.49,"DIVI_RATIO":0.523219547764,"DIVIDEND_RATE":5.984901277584,"CURRENT_RATIO":0.742122069156,"COMMON_ACS":null,"CURRENTDEBT_DEBT":34.554136962211,"ISSUED_COMMON_SHARES":5037747500,"HK_COMMON_SHARES":1222000000,"PER_SHARES":2000,"TOTAL_MARKET_CAP":43375005975,"HKSK_MARKET_CAP":10521420000,"PE_TTM":8.607491450992,"PB_TTM":1.062804965921,"REPORT_DATE_SQ":"2023-09-30 00:00:00","REPORT_TYPE_SQ":"2023年三季报","OPERATE_INCOME_SQ":11609113149.5,"DPS_HKD":0.5153,"OPERATE_INCOME_QOQ_SQ":-0.878415914026,"NET_PROFIT_RATIO_SQ":36.321756176,"HOLDER_PROFIT_SQ":4036767899.56,"HOLDER_PROFIT_QOQ_SQ":6.269639173517,"ROE_AVG_SQ":12.276960063848,"PE_TTM_SQ":8.061294621262,"PB_TTM_SQ":1.12217939126,"ROA_SQ":5.112144407355,"START_DATE":"2024-01-01 00:00:00","FISCAL_YEAR":"12-31","CURRENCY":"HKD","IS_CNY_CODE":0,"DPS_HKD_LY":0.5153,"ORG_TYPE":"一般企业","PREMIUM_INCOME":null,"PREMIUM_INCOME_YOY":null,"NET_INTEREST_INCOME":null,"NET_INTEREST_INCOME_YOY":null,"FEE_COMMISSION_INCOME":null,"FEE_COMMISSION_INCOME_YOY":null,"ACCOUNTS_RECE_TDAYS":8.082314303853,"INVENTORY_TDAYS":4.172602422735,"CURRENT_ASSETS_TDAYS":1.542903684766,"TOTAL_ASSETS_TDAYS":0.172854210107,"PREMIUM_EXPENSE":null,"LOAN_DEPOSIT":null,"LOAN_EQUITY":null,"LOAN_ASSETS":null,"DEPOSIT_EQUITY":null,"DEPOSIT_ASSETS":null,"EQUITY_MULTIPLIER":1.786999834721,"EQUITY_RATIO":1.005178439229},{"SECUCODE":"00177.HK","SECURITY_CODE":"00177","SECURITY_NAME_ABBR":"江苏宁沪高速公路","ORG_CODE":"10002552","STD_REPORT_DATE":"2024-06-30 00:00:00","REPORT_DATE":"2024-06-30 00:00:00","DATE_TYPE_CODE":"002","REPORT_TYPE":"2024年中报","PER_NETCASH_OPERATE":0.611001581522,"PER_OI":1.97706098952,"BPS":6.919304467552,"BASIC_EPS":0.5456,"DILUTED_EPS":0.5456,"OPERATE_INCOME":9959934057.3,"OPERATE_INCOME_YOY":39.5728331489,"GROSS_PROFIT":2990509683.92,"GROSS_PROFIT_YOY":-6.818826677012,"HOLDER_PROFIT":2748469162,"HOLDER_PROFIT_YOY":10.7407342388,"GROSS_PROFIT_RATIO":30.025396420453,"EPS_TTM":0.928955922001,"OPERATE_INCOME_QOQ":19.819447692346,"NET_PROFIT_RATIO":28.9143325926,"ROE_AVG":7.984513960604,"GROSS_PROFIT_QOQ":-3.259889835545,"ROA":3.368458927701,"HOLDER_PROFIT_QOQ":5.567500483493,"ROE_YEARLY":15.969027921208,"ROIC_YEARLY":7.583848304,"TOTAL_ASSETS":84527077631.32,"TOTAL_LIABILITIES":39899081474.46,"TAX_EBT":17.584167530883,"OCF_SALES":30.904538846359,"TOTAL_PARENT_EQUITY":34857708783.15,"DEBT_ASSET_RATIO":47.2027220064,"OPERATE_PROFIT":3968885055.77,"PRETAX_PROFIT":3494290323.9,"NETCASH_OPERATE":3078071689.81,"NETCASH_INVEST":-5522119761.32,"NETCASH_FINANCE":2290936316.02,"END_CASH":680491774.4,"DIVI_RATIO":0.502688184596,"DIVIDEND_RATE":6.433208489388,"CURRENT_RATIO":0.855626159414,"COMMON_ACS":null,"CURRENTDEBT_DEBT":31.287647969818,"ISSUED_COMMON_SHARES":5037747500,"HK_COMMON_SHARES":1222000000,"PER_SHARES":2000,"TOTAL_MARKET_CAP":40352357475,"HKSK_MARKET_CAP":9788220000,"PE_TTM":8.007666262769,"PB_TTM":0.988741902094,"REPORT_DATE_SQ":"2023-06-30 00:00:00","REPORT_TYPE_SQ":"2023年中报","OPERATE_INCOME_SQ":7136011953.47,"DPS_HKD":0.5153,"OPERATE_INCOME_QOQ_SQ":9.615778131951,"NET_PROFIT_RATIO_SQ":36.2614857743,"HOLDER_PROFIT_SQ":2481895375.62,"HOLDER_PROFIT_QOQ_SQ":6.467996549785,"ROE_AVG_SQ":7.73774162024,"PE_TTM_SQ":6.853573259003,"PB_TTM_SQ":0.954057509257,"ROA_SQ":3.136755300278,"START_DATE":"2024-01-01 00:00:00","FISCAL_YEAR":"12-31","CURRENCY":"HKD","IS_CNY_CODE":0,"DPS_HKD_LY":0.5153,"ORG_TYPE":"一般企业","PREMIUM_INCOME":null,"PREMIUM_INCOME_YOY":null,"NET_INTEREST_INCOME":null,"NET_INTEREST_INCOME_YOY":null,"FEE_COMMISSION_INCOME":null,"FEE_COMMISSION_INCOME_YOY":null,"ACCOUNTS_RECE_TDAYS":5.558472487446,"INVENTORY_TDAYS":3.180063622432,"CURRENT_ASSETS_TDAYS":1.025847190132,"TOTAL_ASSETS_TDAYS":0.122066600777,"PREMIUM_EXPENSE":null,"LOAN_DEPOSIT":null,"LOAN_EQUITY":null,"LOAN_ASSETS":null,"DEPOSIT_EQUITY":null,"DEPOSIT_ASSETS":null,"EQUITY_MULTIPLIER":1.894037037518,"EQUITY_RATIO":1.144627196316},{"SECUCODE":"00177.HK","SECURITY_CODE":"00177","SECURITY_NAME_ABBR":"江苏宁沪高速公路","ORG_CODE":"10002552","STD_REPORT_DATE":"2024-03-31 00:00:00","REPORT_DATE":"2024-03-31 00:00:00","DATE_TYPE_CODE":"003","REPORT_TYPE":"2024年一季报","PER_NETCASH_OPERATE":0.325477325666,"PER_OI":0.689473511187,"BPS":7.128413059009,"BASIC_EPS":0.2475,"DILUTED_EPS":0.2475,"OPERATE_INCOME":3473393457.3,"OPERATE_INCOME_YOY":-4.3011453966,"GROSS_PROFIT":1641170519.76,"GROSS_PROFIT_YOY":-2.212198165926,"HOLDER_PROFIT":1246836155.3,"HOLDER_PROFIT_YOY":1.6107031257,"GROSS_PROFIT_RATIO":47.249772878761,"EPS_TTM":0.879963926157,"OPERATE_INCOME_QOQ":-1.027581132959,"NET_PROFIT_RATIO":37.8526903794,"ROE_AVG":3.56756543159,"GROSS_PROFIT_QOQ":-0.661648901114,"ROA":1.557588171598,"HOLDER_PROFIT_QOQ":0.447841955997,"ROE_YEARLY":14.270261726361,"ROIC_YEARLY":6.899716487077,"TOTAL_ASSETS":81436864200.94,"TOTAL_LIABILITIES":38559842762.53,"TAX_EBT":20.229230913641,"OCF_SALES":47.206646866738,"TOTAL_PARENT_EQUITY":35911145066.99,"DEBT_ASSET_RATIO":47.349370756,"OPERATE_PROFIT":1894624063.61,"PRETAX_PROFIT":1648188786.58,"NETCASH_OPERATE":1639672583.68,"NETCASH_INVEST":-2238250411.49,"NETCASH_FINANCE":549163196.57,"END_CASH":784188898.65,"DIVI_RATIO":0.530675351703,"DIVIDEND_RATE":6.433208489388,"CURRENT_RATIO":1.06881995796,"COMMON_ACS":null,"CURRENTDEBT_DEBT":25.750765971351,"ISSUED_COMMON_SHARES":5037747500,"HK_COMMON_SHARES":1222000000,"PER_SHARES":2000,"TOTAL_MARKET_CAP":40352357475,"HKSK_MARKET_CAP":9788220000,"PE_TTM":8.007666262769,"PB_TTM":0.988741902094,"REPORT_DATE_SQ":"2023-03-31 00:00:00","REPORT_TYPE_SQ":"2023年一季报","OPERATE_INCOME_SQ":3629503688.1,"DPS_HKD":0.5153,"OPERATE_INCOME_QOQ_SQ":6.785734143972,"NET_PROFIT_RATIO_SQ":35.0629633364,"HOLDER_PROFIT_SQ":1227071673.5,"HOLDER_PROFIT_QOQ_SQ":10.40124182168,"ROE_AVG_SQ":3.773210755416,"PE_TTM_SQ":6.853573259003,"PB_TTM_SQ":0.954057509257,"ROA_SQ":1.548208229071,"START_DATE":"2024-01-01 00:00:00","FISCAL_YEAR":"12-31","CURRENCY":"HKD","IS_CNY_CODE":0,"DPS_HKD_LY":0.5153,"ORG_TYPE":"一般企业","PREMIUM_INCOME":null,"PREMIUM_INCOME_YOY":null,"NET_INTEREST_INCOME":null,"NET_INTEREST_INCOME_YOY":null,"FEE_COMMISSION_INCOME":null,"FEE_COMMISSION_INCOME_YOY":null,"ACCOUNTS_RECE_TDAYS":1.991578740716,"INVENTORY_TDAYS":0.82844201669,"CURRENT_ASSETS_TDAYS":0.359015014275,"TOTAL_ASSETS_TDAYS":0.04339075781,"PREMIUM_EXPENSE":null,"LOAN_DEPOSIT":null,"LOAN_EQUITY":null,"LOAN_ASSETS":null,"DEPOSIT_EQUITY":null,"DEPOSIT_ASSETS":null,"EQUITY_MULTIPLIER":1.899312533124,"EQUITY_RATIO":1.073756982424},{"SECUCODE":"00177.HK","SECURITY_CODE":"00177","SECURITY_NAME_ABBR":"江苏宁沪高速公路","ORG_CODE":"10002552","STD_REPORT_DATE":"2023-12-31 00:00:00","REPORT_DATE":"2023-12-31 00:00:00","DATE_TYPE_CODE":"001","REPORT_TYPE":"2023年年报","PER_NETCASH_OPERATE":1.467406629997,"PER_OI":3.015635504963,"BPS":6.74652457414,"BASIC_EPS":0.876,"DILUTED_EPS":0.876,"OPERATE_INCOME":15192010226.04,"OPERATE_INCOME_YOY":14.6082158811,"GROSS_PROFIT":5611325421.61,"GROSS_PROFIT_YOY":27.121203635775,"HOLDER_PROFIT":4413271587.29,"HOLDER_PROFIT_YOY":18.5052392508,"GROSS_PROFIT_RATIO":36.936029782233,"EPS_TTM":0.876040648582,"OPERATE_INCOME_QOQ":-1.221777006945,"NET_PROFIT_RATIO":30.3424306541,"ROE_AVG":13.388136229753,"GROSS_PROFIT_QOQ":-0.529690526593,"ROA":5.617715775792,"HOLDER_PROFIT_QOQ":-5.128600945019,"ROE_YEARLY":13.388136229753,"ROIC_YEARLY":6.1978079116,"TOTAL_ASSETS":78661443944.36,"TOTAL_LIABILITIES":37772936068.68,"TAX_EBT":18.734097312539,"OCF_SALES":48.659946720408,"TOTAL_PARENT_EQUITY":33987287307.06,"DEBT_ASSET_RATIO":48.0196322043,"OPERATE_PROFIT":6798644807.12,"PRETAX_PROFIT":5672274613.78,"NETCASH_OPERATE":7392424081.75,"NETCASH_INVEST":-2878558544.55,"NETCASH_FINANCE":-4605274861.8,"END_CASH":833603529.89,"DIVI_RATIO":0.533051938579,"DIVIDEND_RATE":6.433208489388,"CURRENT_RATIO":0.914899096588,"COMMON_ACS":null,"CURRENTDEBT_DEBT":25.281165370245,"ISSUED_COMMON_SHARES":5037747500,"HK_COMMON_SHARES":1222000000,"PER_SHARES":2000,"TOTAL_MARKET_CAP":40352357475,"HKSK_MARKET_CAP":9788220000,"PE_TTM":8.007666262769,"PB_TTM":0.988741902094,"REPORT_DATE_SQ":"2022-12-31 00:00:00","REPORT_TYPE_SQ":"2022年年报","OPERATE_INCOME_SQ":13255603107.72,"DPS_HKD":0.5153,"OPERATE_INCOME_QOQ_SQ":-13.489078848782,"NET_PROFIT_RATIO_SQ":28.2747517252,"HOLDER_PROFIT_SQ":3724115165.87,"HOLDER_PROFIT_QOQ_SQ":8.120129717663,"ROE_AVG_SQ":11.640916437945,"PE_TTM_SQ":6.853573259003,"PB_TTM_SQ":0.954057509257,"ROA_SQ":5.097325270943,"START_DATE":"2023-01-01 00:00:00","FISCAL_YEAR":"12-31","CURRENCY":"HKD","IS_CNY_CODE":0,"DPS_HKD_LY":0.5042,"ORG_TYPE":"一般企业","PREMIUM_INCOME":null,"PREMIUM_INCOME_YOY":null,"NET_INTEREST_INCOME":null,"NET_INTEREST_INCOME_YOY":null,"FEE_COMMISSION_INCOME":null,"FEE_COMMISSION_INCOME_YOY":null,"ACCOUNTS_RECE_TDAYS":10.900826847506,"INVENTORY_TDAYS":3.972697016363,"CURRENT_ASSETS_TDAYS":1.67658384844,"TOTAL_ASSETS_TDAYS":0.193381245239,"PREMIUM_EXPENSE":null,"LOAN_DEPOSIT":null,"LOAN_EQUITY":null,"LOAN_ASSETS":null,"DEPOSIT_EQUITY":null,"DEPOSIT_ASSETS":null,"EQUITY_MULTIPLIER":1.923803240351,"EQUITY_RATIO":1.111384257514},{"SECUCODE":"00177.HK","SECURITY_CODE":"00177","SECURITY_NAME_ABBR":"江苏宁沪高速公路","ORG_CODE":"10002552","STD_REPORT_DATE":"2023-09-30 00:00:00","REPORT_DATE":"2023-09-30 00:00:00","DATE_TYPE_CODE":"004","REPORT_TYPE":"2023年三季报","PER_NETCASH_OPERATE":1.102750916966,"PER_OI":2.304425370565,"BPS":6.713491941373,"BASIC_EPS":0.8013,"DILUTED_EPS":0.8013,"OPERATE_INCOME":11609113149.5,"OPERATE_INCOME_YOY":22.3970556752,"GROSS_PROFIT":4965123804.51,"GROSS_PROFIT_YOY":32.825821025366,"HOLDER_PROFIT":4036767899.56,"HOLDER_PROFIT_YOY":29.8398216377,"GROSS_PROFIT_RATIO":42.769191242863,"EPS_TTM":0.923398049684,"OPERATE_INCOME_QOQ":-0.878415914026,"NET_PROFIT_RATIO":36.321756176,"ROE_AVG":12.276960063848,"GROSS_PROFIT_QOQ":1.763139293476,"ROA":5.112144407355,"HOLDER_PROFIT_QOQ":6.269639173517,"ROE_YEARLY":16.369280085131,"ROIC_YEARLY":5.617896352305,"TOTAL_ASSETS":79470210064.25,"TOTAL_LIABILITIES":39071733618.54,"TAX_EBT":19.203943909295,"OCF_SALES":47.85361813197,"TOTAL_PARENT_EQUITY":33820877243.92,"DEBT_ASSET_RATIO":49.1652577575,"OPERATE_PROFIT":6097002109.54,"PRETAX_PROFIT":5218860890.47,"NETCASH_OPERATE":5555380675.07,"NETCASH_INVEST":-2277139103,"NETCASH_FINANCE":-3516817268.65,"END_CASH":686437157.91,"DIVI_RATIO":0.505713831819,"DIVIDEND_RATE":6.433208489388,"CURRENT_RATIO":0.859877437732,"COMMON_ACS":null,"CURRENTDEBT_DEBT":26.736954578624,"ISSUED_COMMON_SHARES":5037747500,"HK_COMMON_SHARES":1222000000,"PER_SHARES":2000,"TOTAL_MARKET_CAP":40352357475,"HKSK_MARKET_CAP":9788220000,"PE_TTM":8.007666262769,"PB_TTM":0.988741902094,"REPORT_DATE_SQ":"2022-09-30 00:00:00","REPORT_TYPE_SQ":"2022年三季报","OPERATE_INCOME_SQ":9484797722.84,"DPS_HKD":0.5153,"OPERATE_INCOME_QOQ_SQ":15.341338409198,"NET_PROFIT_RATIO_SQ":32.8485404556,"HOLDER_PROFIT_SQ":3109036849.13,"HOLDER_PROFIT_QOQ_SQ":6.0538912007,"ROE_AVG_SQ":9.80713978934,"PE_TTM_SQ":6.853573259003,"PB_TTM_SQ":0.954057509257,"ROA_SQ":4.307966056845,"START_DATE":"2023-01-01 00:00:00","FISCAL_YEAR":"12-31","CURRENCY":"HKD","IS_CNY_CODE":0,"DPS_HKD_LY":0.5042,"ORG_TYPE":"一般企业","PREMIUM_INCOME":null,"PREMIUM_INCOME_YOY":null,"NET_INTEREST_INCOME":null,"NET_INTEREST_INCOME_YOY":null,"FEE_COMMISSION_INCOME":null,"FEE_COMMISSION_INCOME_YOY":null,"ACCOUNTS_RECE_TDAYS":9.319591840542,"INVENTORY_TDAYS":2.685275800203,"CURRENT_ASSETS_TDAYS":1.26401766441,"TOTAL_ASSETS_TDAYS":0.147017278026,"PREMIUM_EXPENSE":null,"LOAN_DEPOSIT":null,"LOAN_EQUITY":null,"LOAN_ASSETS":null,"DEPOSIT_EQUITY":null,"DEPOSIT_ASSETS":null,"EQUITY_MULTIPLIER":1.967158592503,"EQUITY_RATIO":1.15525488404},{"SECUCODE":"00177.HK","SECURITY_CODE":"00177","SECURITY_NAME_ABBR":"江苏宁沪高速公路","ORG_CODE":"10002552","STD_REPORT_DATE":"2023-06-30 00:00:00","REPORT_DATE":"2023-06-30 00:00:00","DATE_TYPE_CODE":"002","REPORT_TYPE":"2023年中报","PER_NETCASH_OPERATE":0.720749588438,"PER_OI":1.416508460075,"BPS":6.393645882822,"BASIC_EPS":0.4927,"DILUTED_EPS":0.4927,"OPERATE_INCOME":7136011953.47,"OPERATE_INCOME_YOY":46.3677340939,"GROSS_PROFIT":3209349675.77,"GROSS_PROFIT_YOY":54.292975636685,"HOLDER_PROFIT":2481895375.62,"HOLDER_PROFIT_YOY":35.7256825261,"GROSS_PROFIT_RATIO":44.973995232861,"EPS_TTM":0.868919906819,"OPERATE_INCOME_QOQ":9.615778131951,"NET_PROFIT_RATIO":36.2614857743,"ROE_AVG":7.73774162024,"GROSS_PROFIT_QOQ":15.784805983801,"ROA":3.136755300278,"HOLDER_PROFIT_QOQ":6.467996549785,"ROE_YEARLY":15.47548324048,"ROIC_YEARLY":6.872798180088,"TOTAL_ASSETS":79787685491.34,"TOTAL_LIABILITIES":41263507870.23,"TAX_EBT":19.541954431598,"OCF_SALES":50.882123810266,"TOTAL_PARENT_EQUITY":32209573562.07,"DEBT_ASSET_RATIO":51.7166372431,"OPERATE_PROFIT":3749579040.77,"PRETAX_PROFIT":3216115854.02,"NETCASH_OPERATE":3630954437.28,"NETCASH_INVEST":-2279632859,"NETCASH_FINANCE":-1744002369.58,"END_CASH":532332063.19,"DIVI_RATIO":0.537420264325,"DIVIDEND_RATE":6.433208489388,"CURRENT_RATIO":0.686149886364,"COMMON_ACS":null,"CURRENTDEBT_DEBT":36.008992066619,"ISSUED_COMMON_SHARES":5037747500,"HK_COMMON_SHARES":1222000000,"PER_SHARES":2000,"TOTAL_MARKET_CAP":40352357475,"HKSK_MARKET_CAP":9788220000,"PE_TTM":8.007666262769,"PB_TTM":0.988741902094,"REPORT_DATE_SQ":"2022-06-30 00:00:00","REPORT_TYPE_SQ":"2022年中报","OPERATE_INCOME_SQ":4875399621.13,"DPS_HKD":0.5153,"OPERATE_INCOME_QOQ_SQ":-4.964683628212,"NET_PROFIT_RATIO_SQ":37.7566771161,"HOLDER_PROFIT_SQ":1828611453.21,"HOLDER_PROFIT_QOQ_SQ":-15.198910872932,"ROE_AVG_SQ":5.599657176714,"PE_TTM_SQ":6.853573259003,"PB_TTM_SQ":0.954057509257,"ROA_SQ":2.538804165256,"START_DATE":"2023-01-01 00:00:00","FISCAL_YEAR":"12-31","CURRENCY":"HKD","IS_CNY_CODE":0,"DPS_HKD_LY":0.5042,"ORG_TYPE":"一般企业","PREMIUM_INCOME":null,"PREMIUM_INCOME_YOY":null,"NET_INTEREST_INCOME":null,"NET_INTEREST_INCOME_YOY":null,"FEE_COMMISSION_INCOME":null,"FEE_COMMISSION_INCOME_YOY":null,"ACCOUNTS_RECE_TDAYS":5.893552531937,"INVENTORY_TDAYS":1.574147535628,"CURRENT_ASSETS_TDAYS":0.72887055592,"TOTAL_ASSETS_TDAYS":0.090188827208,"PREMIUM_EXPENSE":null,"LOAN_DEPOSIT":null,"LOAN_EQUITY":null,"LOAN_ASSETS":null,"DEPOSIT_EQUITY":null,"DEPOSIT_ASSETS":null,"EQUITY_MULTIPLIER":2.071106780683,"EQUITY_RATIO":1.281094510324},{"SECUCODE":"00177.HK","SECURITY_CODE":"00177","SECURITY_NAME_ABBR":"江苏宁沪高速公路","ORG_CODE":"10002552","STD_REPORT_DATE":"2023-03-31 00:00:00","REPORT_DATE":"2023-03-31 00:00:00","DATE_TYPE_CODE":"003","REPORT_TYPE":"2023年一季报","PER_NETCASH_OPERATE":0.322221232336,"PER_OI":0.720461612675,"BPS":6.570484092948,"BASIC_EPS":0.2436,"DILUTED_EPS":0.2436,"OPERATE_INCOME":3629503688.1,"OPERATE_INCOME_YOY":32.9481857692,"GROSS_PROFIT":1678297792.75,"GROSS_PROFIT_YOY":28.632929508987,"HOLDER_PROFIT":1227071673.5,"HOLDER_PROFIT_YOY":46.1291145499,"GROSS_PROFIT_RATIO":46.240421197328,"EPS_TTM":0.816132485796,"OPERATE_INCOME_QOQ":6.785734143972,"NET_PROFIT_RATIO":35.0629633364,"ROE_AVG":3.773210755416,"GROSS_PROFIT_QOQ":8.463211369388,"ROA":1.548208229071,"HOLDER_PROFIT_QOQ":10.40124182168,"ROE_YEARLY":15.092843021663,"ROIC_YEARLY":6.799443167527,"TOTAL_ASSETS":80056724211.66,"TOTAL_LIABILITIES":40689474269.11,"TAX_EBT":20.418727445587,"OCF_SALES":44.724274918695,"TOTAL_PARENT_EQUITY":33100439813.04,"DEBT_ASSET_RATIO":50.8258046651,"OPERATE_PROFIT":1863843022.22,"PRETAX_PROFIT":1599134452.87,"NETCASH_OPERATE":1623269207.65,"NETCASH_INVEST":-2060079127.24,"NETCASH_FINANCE":436449294.72,"END_CASH":924652229.62,"DIVI_RATIO":0.572180588479,"DIVIDEND_RATE":6.433208489388,"CURRENT_RATIO":0.808468308218,"COMMON_ACS":null,"CURRENTDEBT_DEBT":32.765871905505,"ISSUED_COMMON_SHARES":5037747500,"HK_COMMON_SHARES":1222000000,"PER_SHARES":2000,"TOTAL_MARKET_CAP":40352357475,"HKSK_MARKET_CAP":9788220000,"PE_TTM":8.007666262769,"PB_TTM":0.988741902094,"REPORT_DATE_SQ":"2022-03-31 00:00:00","REPORT_TYPE_SQ":"2022年一季报","OPERATE_INCOME_SQ":2730013702.03,"DPS_HKD":0.5153,"OPERATE_INCOME_QOQ_SQ":1.34744506424,"NET_PROFIT_RATIO_SQ":30.4634651705,"HOLDER_PROFIT_SQ":839717449.38,"HOLDER_PROFIT_QOQ_SQ":-8.348939872604,"ROE_AVG_SQ":2.49655631871,"PE_TTM_SQ":6.853573259003,"PB_TTM_SQ":0.954057509257,"ROA_SQ":1.167062033274,"START_DATE":"2023-01-01 00:00:00","FISCAL_YEAR":"12-31","CURRENCY":"HKD","IS_CNY_CODE":0,"DPS_HKD_LY":0.5042,"ORG_TYPE":"一般企业","PREMIUM_INCOME":null,"PREMIUM_INCOME_YOY":null,"NET_INTEREST_INCOME":null,"NET_INTEREST_INCOME_YOY":null,"FEE_COMMISSION_INCOME":null,"FEE_COMMISSION_INCOME_YOY":null,"ACCOUNTS_RECE_TDAYS":3.113328187647,"INVENTORY_TDAYS":0.765741989947,"CURRENT_ASSETS_TDAYS":0.359989183285,"TOTAL_ASSETS_TDAYS":0.045793799977,"PREMIUM_EXPENSE":null,"LOAN_DEPOSIT":null,"LOAN_EQUITY":null,"LOAN_ASSETS":null,"DEPOSIT_EQUITY":null,"DEPOSIT_ASSETS":null,"EQUITY_MULTIPLIER":2.033586911162,"EQUITY_RATIO":1.229272918999},{"SECUCODE":"00177.HK","SECURITY_CODE":"00177","SECURITY_NAME_ABBR":"江苏宁沪高速公路","ORG_CODE":"10002552","STD_REPORT_DATE":"2022-12-31 00:00:00","REPORT_DATE":"2022-12-31 00:00:00","DATE_TYPE_CODE":"001","REPORT_TYPE":"2022年年报","PER_NETCASH_OPERATE":1.097300141867,"PER_OI":2.631255954714,"BPS":6.340295481286,"BASIC_EPS":0.7392,"DILUTED_EPS":0.7392,"OPERATE_INCOME":13255603107.72,"OPERATE_INCOME_YOY":-7.046929876,"GROSS_PROFIT":4414153784.83,"GROSS_PROFIT_YOY":-16.111460692855,"HOLDER_PROFIT":3724115165.87,"HOLDER_PROFIT_YOY":-12.9881673856,"GROSS_PROFIT_RATIO":33.30028629372,"EPS_TTM":0.739242124753,"OPERATE_INCOME_QOQ":-13.489078848782,"NET_PROFIT_RATIO":28.2747517252,"ROE_AVG":11.640916437945,"GROSS_PROFIT_QOQ":2.058187034073,"ROA":5.097325270943,"HOLDER_PROFIT_QOQ":8.120129717663,"ROE_YEARLY":11.640916437945,"ROIC_YEARLY":5.577019172149,"TOTAL_ASSETS":78458345074.07,"TOTAL_LIABILITIES":40508013176.12,"TAX_EBT":18.184448831691,"OCF_SALES":41.702523842318,"TOTAL_PARENT_EQUITY":31940807710.11,"DEBT_ASSET_RATIO":51.6299612717,"OPERATE_PROFIT":5675249243.43,"PRETAX_PROFIT":4581022574.4,"NETCASH_OPERATE":5527921046.44,"NETCASH_INVEST":-6426644763.03,"NETCASH_FINANCE":1206429772.33,"END_CASH":925012854.49,"DIVI_RATIO":0.631694475144,"DIVIDEND_RATE":6.433208489388,"CURRENT_RATIO":0.687868774217,"COMMON_ACS":null,"CURRENTDEBT_DEBT":33.684102275112,"ISSUED_COMMON_SHARES":5037747500,"HK_COMMON_SHARES":1222000000,"PER_SHARES":2000,"TOTAL_MARKET_CAP":40352357475,"HKSK_MARKET_CAP":9788220000,"PE_TTM":8.007666262769,"PB_TTM":0.988741902094,"REPORT_DATE_SQ":"2021-12-31 00:00:00","REPORT_TYPE_SQ":"2021年年报","OPERATE_INCOME_SQ":14260532858.18,"DPS_HKD":0.5153,"OPERATE_INCOME_QOQ_SQ":33.402589186724,"NET_PROFIT_RATIO_SQ":29.9628249052,"HOLDER_PROFIT_SQ":4280010033.09,"HOLDER_PROFIT_QOQ_SQ":-4.093508039268,"ROE_AVG_SQ":14.301084834357,"PE_TTM_SQ":6.853573259003,"PB_TTM_SQ":0.954057509257,"ROA_SQ":6.490949055445,"START_DATE":"2022-01-01 00:00:00","FISCAL_YEAR":"12-31","CURRENCY":"HKD","IS_CNY_CODE":0,"DPS_HKD_LY":0.5369,"ORG_TYPE":"一般企业","PREMIUM_INCOME":null,"PREMIUM_INCOME_YOY":null,"NET_INTEREST_INCOME":null,"NET_INTEREST_INCOME_YOY":null,"FEE_COMMISSION_INCOME":null,"FEE_COMMISSION_INCOME_YOY":null,"ACCOUNTS_RECE_TDAYS":13.187571861366,"INVENTORY_TDAYS":2.731278808005,"CURRENT_ASSETS_TDAYS":1.486568010208,"TOTAL_ASSETS_TDAYS":0.181434025784,"PREMIUM_EXPENSE":null,"LOAN_DEPOSIT":null,"LOAN_EQUITY":null,"LOAN_ASSETS":null,"DEPOSIT_EQUITY":null,"DEPOSIT_ASSETS":null,"EQUITY_MULTIPLIER":2.067395491695,"EQUITY_RATIO":1.268221315621},{"SECUCODE":"00177.HK","SECURITY_CODE":"00177","SECURITY_NAME_ABBR":"江苏宁沪高速公路","ORG_CODE":"10002552","STD_REPORT_DATE":"2022-09-30 00:00:00","REPORT_DATE":"2022-09-30 00:00:00","DATE_TYPE_CODE":"004","REPORT_TYPE":"2022年三季报","PER_NETCASH_OPERATE":0.797229814073,"PER_OI":1.882745755487,"BPS":6.225232825073,"BASIC_EPS":0.6171,"DILUTED_EPS":0.6171,"OPERATE_INCOME":9484797722.84,"OPERATE_INCOME_YOY":19.2318000577,"GROSS_PROFIT":3738071232.07,"GROSS_PROFIT_YOY":-15.502128239947,"HOLDER_PROFIT":3109036849.13,"HOLDER_PROFIT_YOY":-19.1072875674,"GROSS_PROFIT_RATIO":39.41118557614,"EPS_TTM":0.683722935483,"OPERATE_INCOME_QOQ":15.341338409198,"NET_PROFIT_RATIO":32.8485404556,"ROE_AVG":9.80713978934,"GROSS_PROFIT_QOQ":5.831980249778,"ROA":4.307966056845,"HOLDER_PROFIT_QOQ":6.0538912007,"ROE_YEARLY":13.076186385787,"ROIC_YEARLY":4.709723676719,"TOTAL_ASSETS":76676946117.37,"TOTAL_LIABILITIES":39438889324.67,"TAX_EBT":20.154993564497,"OCF_SALES":42.343997417031,"TOTAL_PARENT_EQUITY":31361151101.43,"DEBT_ASSET_RATIO":51.435133142,"OPERATE_PROFIT":4719541564.22,"PRETAX_PROFIT":3902081991.36,"NETCASH_OPERATE":4016242502.77,"NETCASH_INVEST":-2689267770.59,"NETCASH_FINANCE":-1140307854.79,"END_CASH":803973676.14,"DIVI_RATIO":0.682988885945,"DIVIDEND_RATE":6.433208489388,"CURRENT_RATIO":0.618138306953,"COMMON_ACS":null,"CURRENTDEBT_DEBT":38.503628226876,"ISSUED_COMMON_SHARES":5037747500,"HK_COMMON_SHARES":1222000000,"PER_SHARES":2000,"TOTAL_MARKET_CAP":40352357475,"HKSK_MARKET_CAP":9788220000,"PE_TTM":8.007666262769,"PB_TTM":0.988741902094,"REPORT_DATE_SQ":"2021-09-30 00:00:00","REPORT_TYPE_SQ":"2021年三季报","OPERATE_INCOME_SQ":7954922863.07,"DPS_HKD":0.5153,"OPERATE_INCOME_QOQ_SQ":-0.832642032973,"NET_PROFIT_RATIO_SQ":49.4965806271,"HOLDER_PROFIT_SQ":3843407836.92,"HOLDER_PROFIT_QOQ_SQ":-6.456775210324,"ROE_AVG_SQ":13.019314843762,"PE_TTM_SQ":6.853573259003,"PB_TTM_SQ":0.954057509257,"ROA_SQ":5.8913288282,"START_DATE":"2022-01-01 00:00:00","FISCAL_YEAR":"12-31","CURRENCY":"HKD","IS_CNY_CODE":0,"DPS_HKD_LY":0.5369,"ORG_TYPE":"一般企业","PREMIUM_INCOME":null,"PREMIUM_INCOME_YOY":null,"NET_INTEREST_INCOME":null,"NET_INTEREST_INCOME_YOY":null,"FEE_COMMISSION_INCOME":null,"FEE_COMMISSION_INCOME_YOY":null,"ACCOUNTS_RECE_TDAYS":9.826731181235,"INVENTORY_TDAYS":1.531042714831,"CURRENT_ASSETS_TDAYS":1.063633634325,"TOTAL_ASSETS_TDAYS":0.131423938116,"PREMIUM_EXPENSE":null,"LOAN_DEPOSIT":null,"LOAN_EQUITY":null,"LOAN_ASSETS":null,"DEPOSIT_EQUITY":null,"DEPOSIT_ASSETS":null,"EQUITY_MULTIPLIER":2.059101701903,"EQUITY_RATIO":1.257571483812}],"count":79},"success":true,"message":"ok","code":0}