{"version":"7d958a7f623946d06c12c7e3f8e93648","result":{"pages":6,"data":[{"SECUCODE":"00176.HK","SECURITY_CODE":"00176","SECURITY_NAME_ABBR":"先机企业集团","ORG_CODE":"10007447","STD_REPORT_DATE":"2024-06-30 00:00:00","REPORT_DATE":"2024-06-30 00:00:00","DATE_TYPE_CODE":"002","REPORT_TYPE":"2024年中报","PER_NETCASH_OPERATE":0.016944942458,"PER_OI":0.0155893291,"BPS":-0.013742479898,"BASIC_EPS":-0.025281236,"DILUTED_EPS":-0.025281236,"OPERATE_INCOME":31686424.24,"OPERATE_INCOME_YOY":9.1074795726,"GROSS_PROFIT":9931783.76,"GROSS_PROFIT_YOY":0.431040562214,"HOLDER_PROFIT":-51466937.88,"HOLDER_PROFIT_YOY":-94.1103576469,"GROSS_PROFIT_RATIO":31.343971426926,"EPS_TTM":-0.118721021245,"OPERATE_INCOME_QOQ":3.832552537045,"NET_PROFIT_RATIO":-161.9044875857,"ROE_AVG":-2345.71547420965,"GROSS_PROFIT_QOQ":0.224876666225,"ROA":-6.268759254566,"HOLDER_PROFIT_QOQ":-11.394036361072,"ROE_YEARLY":-4691.4309484193,"ROIC_YEARLY":-12.776956118086,"TOTAL_ASSETS":812001356.52,"TOTAL_LIABILITIES":831407671.36,"TAX_EBT":-0.037373863212,"OCF_SALES":108.695777406533,"TOTAL_PARENT_EQUITY":-27932571.4,"DEBT_ASSET_RATIO":102.3899362586,"OPERATE_PROFIT":-15799403.48,"PRETAX_PROFIT":-51282576.52,"NETCASH_OPERATE":34441805.16,"NETCASH_INVEST":-561298.2,"NETCASH_FINANCE":-30627715.44,"END_CASH":8799147.88,"DIVI_RATIO":null,"DIVIDEND_RATE":null,"CURRENT_RATIO":0.652417905697,"COMMON_ACS":15000000000,"CURRENTDEBT_DEBT":99.332785920663,"ISSUED_COMMON_SHARES":2032571385,"HK_COMMON_SHARES":2032571385,"PER_SHARES":2000,"TOTAL_MARKET_CAP":32521142.16,"HKSK_MARKET_CAP":32521142.16,"PE_TTM":-0.122083691813,"PB_TTM":-1.062608794641,"REPORT_DATE_SQ":"2023-06-30 00:00:00","REPORT_TYPE_SQ":"2023年中报","OPERATE_INCOME_SQ":29337403.6,"DPS_HKD":null,"OPERATE_INCOME_QOQ_SQ":-15.687005734837,"NET_PROFIT_RATIO_SQ":-91.5713387806,"HOLDER_PROFIT_SQ":-26784440.98,"HOLDER_PROFIT_QOQ_SQ":2.064975186086,"ROE_AVG_SQ":-11.065909411223,"PE_TTM_SQ":-0.547236019385,"PB_TTM_SQ":0.204406070957,"ROA_SQ":-2.670515263009,"START_DATE":"2024-01-01 00:00:00","FISCAL_YEAR":"12-31","CURRENCY":"HKD","IS_CNY_CODE":0,"DPS_HKD_LY":null,"ORG_TYPE":"一般企业","PREMIUM_INCOME":null,"PREMIUM_INCOME_YOY":null,"NET_INTEREST_INCOME":null,"NET_INTEREST_INCOME_YOY":null,"FEE_COMMISSION_INCOME":null,"FEE_COMMISSION_INCOME_YOY":null,"ACCOUNTS_RECE_TDAYS":2.293433742899,"INVENTORY_TDAYS":0.043025930903,"CURRENT_ASSETS_TDAYS":0.058381272523,"TOTAL_ASSETS_TDAYS":0.038594595556,"PREMIUM_EXPENSE":null,"LOAN_DEPOSIT":null,"LOAN_EQUITY":null,"LOAN_ASSETS":null,"DEPOSIT_EQUITY":null,"DEPOSIT_ASSETS":null,"EQUITY_MULTIPLIER":-41.842120115195,"EQUITY_RATIO":-29.764809671622},{"SECUCODE":"00176.HK","SECURITY_CODE":"00176","SECURITY_NAME_ABBR":"先机企业集团","ORG_CODE":"10007447","STD_REPORT_DATE":"2023-12-31 00:00:00","REPORT_DATE":"2023-12-31 00:00:00","DATE_TYPE_CODE":"001","REPORT_TYPE":"2023年年报","PER_NETCASH_OPERATE":0.002157463503,"PER_OI":0.030154553947,"BPS":0.015788852041,"BASIC_EPS":-0.106571472,"DILUTED_EPS":-0.106571472,"OPERATE_INCOME":61291283.48,"OPERATE_INCOME_YOY":-23.7754987039,"GROSS_PROFIT":18955403.74,"GROSS_PROFIT_YOY":-36.306159353322,"HOLDER_PROFIT":-216626453.68,"HOLDER_PROFIT_YOY":-155.8645344979,"GROSS_PROFIT_RATIO":30.926752816631,"EPS_TTM":-0.106577537831,"OPERATE_INCOME_QOQ":-8.282760964558,"NET_PROFIT_RATIO":-355.3582517669,"ROE_AVG":-148.55942526164,"GROSS_PROFIT_QOQ":-12.774124953842,"ROA":-23.773964145715,"HOLDER_PROFIT_QOQ":-165.047033988909,"ROE_YEARLY":-148.55942526164,"ROIC_YEARLY":-24.171275047803,"TOTAL_ASSETS":824137311.06,"TOTAL_LIABILITIES":783959141.14,"TAX_EBT":1.776533573092,"OCF_SALES":7.154685513203,"TOTAL_PARENT_EQUITY":32091968.86,"DEBT_ASSET_RATIO":95.1248209029,"OPERATE_PROFIT":-169467671.1,"PRETAX_PROFIT":-221742971.8,"NETCASH_OPERATE":4385198.58,"NETCASH_INVEST":1592228.54,"NETCASH_FINANCE":-8191322.58,"END_CASH":5264231.98,"DIVI_RATIO":null,"DIVIDEND_RATE":null,"CURRENT_RATIO":0.694257003442,"COMMON_ACS":15000000000,"CURRENTDEBT_DEBT":99.734477572776,"ISSUED_COMMON_SHARES":2032571385,"HK_COMMON_SHARES":2032571385,"PER_SHARES":2000,"TOTAL_MARKET_CAP":44716570.47,"HKSK_MARKET_CAP":44716570.47,"PE_TTM":-0.167865076243,"PB_TTM":-1.461087092632,"REPORT_DATE_SQ":"2022-12-31 00:00:00","REPORT_TYPE_SQ":"2022年年报","OPERATE_INCOME_SQ":79259847.1,"DPS_HKD":null,"OPERATE_INCOME_QOQ_SQ":-24.668407701801,"NET_PROFIT_RATIO_SQ":-107.4337878959,"HOLDER_PROFIT_SQ":-83454643.02,"HOLDER_PROFIT_QOQ_SQ":32.946511568094,"ROE_AVG_SQ":-26.603186083629,"PE_TTM_SQ":-0.364824012923,"PB_TTM_SQ":0.136270713971,"ROA_SQ":-7.927645995892,"START_DATE":"2023-01-01 00:00:00","FISCAL_YEAR":"12-31","CURRENCY":"HKD","IS_CNY_CODE":0,"DPS_HKD_LY":null,"ORG_TYPE":"一般企业","PREMIUM_INCOME":null,"PREMIUM_INCOME_YOY":null,"NET_INTEREST_INCOME":null,"NET_INTEREST_INCOME_YOY":null,"FEE_COMMISSION_INCOME":null,"FEE_COMMISSION_INCOME_YOY":null,"ACCOUNTS_RECE_TDAYS":3.717481518125,"INVENTORY_TDAYS":0.08285249376,"CURRENT_ASSETS_TDAYS":0.109967099621,"TOTAL_ASSETS_TDAYS":0.067264950847,"PREMIUM_EXPENSE":null,"LOAN_DEPOSIT":null,"LOAN_EQUITY":null,"LOAN_ASSETS":null,"DEPOSIT_EQUITY":null,"DEPOSIT_ASSETS":null,"EQUITY_MULTIPLIER":20.51206694324,"EQUITY_RATIO":24.428514952136},{"SECUCODE":"00176.HK","SECURITY_CODE":"00176","SECURITY_NAME_ABBR":"先机企业集团","ORG_CODE":"10007447","STD_REPORT_DATE":"2023-06-30 00:00:00","REPORT_DATE":"2023-06-30 00:00:00","DATE_TYPE_CODE":"002","REPORT_TYPE":"2023年中报","PER_NETCASH_OPERATE":0.002761533632,"PER_OI":0.014433639978,"BPS":0.108252753435,"BASIC_EPS":-0.013184314,"DILUTED_EPS":-0.013184314,"OPERATE_INCOME":29337403.6,"OPERATE_INCOME_YOY":-34.8538203259,"GROSS_PROFIT":9889157.48,"GROSS_PROFIT_YOY":-44.808627586006,"HOLDER_PROFIT":-26784440.98,"HOLDER_PROFIT_YOY":12.8513574321,"GROSS_PROFIT_RATIO":33.708359522313,"EPS_TTM":-0.04021080192,"OPERATE_INCOME_QOQ":-15.687005734837,"NET_PROFIT_RATIO":-91.5713387806,"ROE_AVG":-11.065909411223,"GROSS_PROFIT_QOQ":-26.978272659377,"ROA":-2.670515263009,"HOLDER_PROFIT_QOQ":2.064975186086,"ROE_YEARLY":-22.131818822445,"ROIC_YEARLY":-5.430913170539,"TOTAL_ASSETS":990330987.3,"TOTAL_LIABILITIES":760828037.78,"TAX_EBT":9.142500779545,"OCF_SALES":19.132620993086,"TOTAL_PARENT_EQUITY":220031448.98,"DEBT_ASSET_RATIO":76.8256317874,"OPERATE_PROFIT":-5503298.62,"PRETAX_PROFIT":-29567898.6,"NETCASH_OPERATE":5613014.24,"NETCASH_INVEST":-756023.6,"NETCASH_FINANCE":-5383441.22,"END_CASH":6833715.76,"DIVI_RATIO":null,"DIVIDEND_RATE":null,"CURRENT_RATIO":0.817729692589,"COMMON_ACS":15000000000,"CURRENTDEBT_DEBT":89.593570614061,"ISSUED_COMMON_SHARES":2032571385,"HK_COMMON_SHARES":2032571385,"PER_SHARES":2000,"TOTAL_MARKET_CAP":44716570.47,"HKSK_MARKET_CAP":44716570.47,"PE_TTM":-0.167865076243,"PB_TTM":-1.461087092632,"REPORT_DATE_SQ":"2022-06-30 00:00:00","REPORT_TYPE_SQ":"2022年中报","OPERATE_INCOME_SQ":41770900.36,"DPS_HKD":null,"OPERATE_INCOME_QOQ_SQ":-2.669736012021,"NET_PROFIT_RATIO_SQ":-62.8695438539,"HOLDER_PROFIT_SQ":-28507758.65,"HOLDER_PROFIT_QOQ_SQ":-5.619938577133,"ROE_AVG_SQ":-8.561980287026,"PE_TTM_SQ":-0.364824012923,"PB_TTM_SQ":0.136270713971,"ROA_SQ":-2.713773243832,"START_DATE":"2023-01-01 00:00:00","FISCAL_YEAR":"12-31","CURRENCY":"HKD","IS_CNY_CODE":0,"DPS_HKD_LY":null,"ORG_TYPE":"一般企业","PREMIUM_INCOME":null,"PREMIUM_INCOME_YOY":null,"NET_INTEREST_INCOME":null,"NET_INTEREST_INCOME_YOY":null,"FEE_COMMISSION_INCOME":null,"FEE_COMMISSION_INCOME_YOY":null,"ACCOUNTS_RECE_TDAYS":1.752443893708,"INVENTORY_TDAYS":0.037710416041,"CURRENT_ASSETS_TDAYS":0.051503007309,"TOTAL_ASSETS_TDAYS":0.02925055787,"PREMIUM_EXPENSE":null,"LOAN_DEPOSIT":null,"LOAN_EQUITY":null,"LOAN_ASSETS":null,"DEPOSIT_EQUITY":null,"DEPOSIT_ASSETS":null,"EQUITY_MULTIPLIER":4.315112243087,"EQUITY_RATIO":3.457814968301},{"SECUCODE":"00176.HK","SECURITY_CODE":"00176","SECURITY_NAME_ABBR":"先机企业集团","ORG_CODE":"10007447","STD_REPORT_DATE":"2022-12-31 00:00:00","REPORT_DATE":"2022-12-31 00:00:00","DATE_TYPE_CODE":"001","REPORT_TYPE":"2022年年报","PER_NETCASH_OPERATE":0.01657007096,"PER_OI":0.038994865167,"BPS":0.125867760266,"BASIC_EPS":-0.04109042,"DILUTED_EPS":-0.04109042,"OPERATE_INCOME":79259847.1,"OPERATE_INCOME_YOY":-32.8906267727,"GROSS_PROFIT":29760183.32,"GROSS_PROFIT_YOY":-25.7184575357,"HOLDER_PROFIT":-83454643.02,"HOLDER_PROFIT_YOY":35.1775529745,"GROSS_PROFIT_RATIO":37.547616364251,"EPS_TTM":-0.041058652914,"OPERATE_INCOME_QOQ":-24.668407701801,"NET_PROFIT_RATIO":-107.4337878959,"ROE_AVG":-26.603186083629,"GROSS_PROFIT_QOQ":-21.879572070944,"ROA":-7.927645995892,"HOLDER_PROFIT_QOQ":32.946511568094,"ROE_YEARLY":-26.603186083629,"ROIC_YEARLY":-8.04781864886,"TOTAL_ASSETS":983981568.5,"TOTAL_LIABILITIES":719251178.03,"TAX_EBT":0.976461055824,"OCF_SALES":42.492956159135,"TOTAL_PARENT_EQUITY":255835207.81,"DEBT_ASSET_RATIO":73.0960010894,"OPERATE_PROFIT":-15830530.94,"PRETAX_PROFIT":-85991529.82,"NETCASH_OPERATE":33679852.08,"NETCASH_INVEST":-3292593.22,"NETCASH_FINANCE":-27643133.42,"END_CASH":7472203.55,"DIVI_RATIO":null,"DIVIDEND_RATE":null,"CURRENT_RATIO":0.881496204873,"COMMON_ACS":15000000000,"CURRENTDEBT_DEBT":88.913037808515,"ISSUED_COMMON_SHARES":2032571385,"HK_COMMON_SHARES":2032571385,"PER_SHARES":2000,"TOTAL_MARKET_CAP":44716570.47,"HKSK_MARKET_CAP":44716570.47,"PE_TTM":-0.167865076243,"PB_TTM":-1.461087092632,"REPORT_DATE_SQ":"2021-12-31 00:00:00","REPORT_TYPE_SQ":"2021年年报","OPERATE_INCOME_SQ":108100619.2,"DPS_HKD":null,"OPERATE_INCOME_QOQ_SQ":23.24913605165,"NET_PROFIT_RATIO_SQ":-108.6751325473,"HOLDER_PROFIT_SQ":-117837417.6,"HOLDER_PROFIT_QOQ_SQ":-38.52354291908,"ROE_AVG_SQ":-29.915158811289,"PE_TTM_SQ":-0.364824012923,"PB_TTM_SQ":0.136270713971,"ROA_SQ":-11.017286987537,"START_DATE":"2022-01-01 00:00:00","FISCAL_YEAR":"12-31","CURRENCY":"HKD","IS_CNY_CODE":0,"DPS_HKD_LY":null,"ORG_TYPE":"一般企业","PREMIUM_INCOME":null,"PREMIUM_INCOME_YOY":null,"NET_INTEREST_INCOME":null,"NET_INTEREST_INCOME_YOY":null,"FEE_COMMISSION_INCOME":null,"FEE_COMMISSION_INCOME_YOY":null,"ACCOUNTS_RECE_TDAYS":2.790602591521,"INVENTORY_TDAYS":0.093860706267,"CURRENT_ASSETS_TDAYS":0.125005547271,"TOTAL_ASSETS_TDAYS":0.075291677822,"PREMIUM_EXPENSE":null,"LOAN_DEPOSIT":null,"LOAN_EQUITY":null,"LOAN_ASSETS":null,"DEPOSIT_EQUITY":null,"DEPOSIT_ASSETS":null,"EQUITY_MULTIPLIER":3.716919567693,"EQUITY_RATIO":2.811384657284},{"SECUCODE":"00176.HK","SECURITY_CODE":"00176","SECURITY_NAME_ABBR":"先机企业集团","ORG_CODE":"10007447","STD_REPORT_DATE":"2022-06-30 00:00:00","REPORT_DATE":"2022-06-30 00:00:00","DATE_TYPE_CODE":"002","REPORT_TYPE":"2022年中报","PER_NETCASH_OPERATE":0.00243021105,"PER_OI":0.020550766713,"BPS":0.152608081753,"BASIC_EPS":-0.014025116,"DILUTED_EPS":-0.014025116,"OPERATE_INCOME":41770900.36,"OPERATE_INCOME_YOY":-8.9902923475,"GROSS_PROFIT":17917940.88,"GROSS_PROFIT_YOY":-9.899932779235,"HOLDER_PROFIT":-28507758.65,"HOLDER_PROFIT_YOY":-26.7394114516,"GROSS_PROFIT_RATIO":42.895749733847,"EPS_TTM":-0.061232687328,"OPERATE_INCOME_QOQ":-2.669736012021,"NET_PROFIT_RATIO":-62.8695438539,"ROE_AVG":-8.561980287026,"GROSS_PROFIT_QOQ":-4.914060978061,"ROA":-2.713773243832,"HOLDER_PROFIT_QOQ":-5.619938577133,"ROE_YEARLY":-17.123960574052,"ROIC_YEARLY":-5.516382008006,"TOTAL_ASSETS":1027348298.9,"TOTAL_LIABILITIES":705117838.04,"TAX_EBT":-0.329989871598,"OCF_SALES":11.825403324871,"TOTAL_PARENT_EQUITY":310186820.09,"DEBT_ASSET_RATIO":68.6347404084,"OPERATE_PROFIT":-9992895.15,"PRETAX_PROFIT":-26174800.33,"NETCASH_OPERATE":4939577.44,"NETCASH_INVEST":-3054738.68,"NETCASH_FINANCE":965509.51,"END_CASH":7361475.52,"DIVI_RATIO":null,"DIVIDEND_RATE":null,"CURRENT_RATIO":1.024150093809,"COMMON_ACS":15000000000,"CURRENTDEBT_DEBT":88.885479481296,"ISSUED_COMMON_SHARES":2032571385,"HK_COMMON_SHARES":2032571385,"PER_SHARES":2000,"TOTAL_MARKET_CAP":44716570.47,"HKSK_MARKET_CAP":44716570.47,"PE_TTM":-0.167865076243,"PB_TTM":-1.461087092632,"REPORT_DATE_SQ":"2021-06-30 00:00:00","REPORT_TYPE_SQ":"2021年中报","OPERATE_INCOME_SQ":44656901.52,"DPS_HKD":null,"OPERATE_INCOME_QOQ_SQ":3.048628839346,"NET_PROFIT_RATIO_SQ":-48.5531684958,"HOLDER_PROFIT_SQ":-21885368.16,"HOLDER_PROFIT_QOQ_SQ":6.636468592421,"ROE_AVG_SQ":-4.901721435667,"PE_TTM_SQ":-0.364824012923,"PB_TTM_SQ":0.136270713971,"ROA_SQ":-1.94574808695,"START_DATE":"2022-01-01 00:00:00","FISCAL_YEAR":"12-31","CURRENCY":"HKD","IS_CNY_CODE":0,"DPS_HKD_LY":null,"ORG_TYPE":"一般企业","PREMIUM_INCOME":null,"PREMIUM_INCOME_YOY":null,"NET_INTEREST_INCOME":null,"NET_INTEREST_INCOME_YOY":null,"FEE_COMMISSION_INCOME":null,"FEE_COMMISSION_INCOME_YOY":null,"ACCOUNTS_RECE_TDAYS":1.269318226115,"INVENTORY_TDAYS":0.046392258421,"CURRENT_ASSETS_TDAYS":0.06347036473,"TOTAL_ASSETS_TDAYS":0.039763473923,"PREMIUM_EXPENSE":null,"LOAN_DEPOSIT":null,"LOAN_EQUITY":null,"LOAN_ASSETS":null,"DEPOSIT_EQUITY":null,"DEPOSIT_ASSETS":null,"EQUITY_MULTIPLIER":3.188240789398,"EQUITY_RATIO":2.273203735205},{"SECUCODE":"00176.HK","SECURITY_CODE":"00176","SECURITY_NAME_ABBR":"先机企业集团","ORG_CODE":"10007447","STD_REPORT_DATE":"2021-12-31 00:00:00","REPORT_DATE":"2021-12-31 00:00:00","DATE_TYPE_CODE":"001","REPORT_TYPE":"2021年年报","PER_NETCASH_OPERATE":0.01390213097,"PER_OI":0.053184168585,"BPS":0.167321142524,"BASIC_EPS":-0.05796784,"DILUTED_EPS":-0.05796784,"OPERATE_INCOME":108100619.2,"OPERATE_INCOME_YOY":30.7409348456,"GROSS_PROFIT":40064035.2,"GROSS_PROFIT_YOY":12.622949568238,"HOLDER_PROFIT":-117837417.6,"HOLDER_PROFIT_YOY":-33.1331923109,"GROSS_PROFIT_RATIO":37.061799919829,"EPS_TTM":-0.057974553056,"OPERATE_INCOME_QOQ":23.24913605165,"NET_PROFIT_RATIO":-108.6751325473,"ROE_AVG":-29.915158811289,"GROSS_PROFIT_QOQ":21.048627043471,"ROA":-11.017286987537,"HOLDER_PROFIT_QOQ":-38.52354291908,"ROE_YEARLY":-29.915158811289,"ROIC_YEARLY":-11.185946590338,"TOTAL_ASSETS":1026428939.2,"TOTAL_LIABILITIES":677191099.2,"TAX_EBT":-17.446992856092,"OCF_SALES":26.139603833093,"TOTAL_PARENT_EQUITY":340092166.4,"DEBT_ASSET_RATIO":65.9754487951,"OPERATE_PROFIT":-75371273.6,"PRETAX_PROFIT":-100026819.2,"NETCASH_OPERATE":28257073.6,"NETCASH_INVEST":-3749513.6,"NETCASH_FINANCE":-29044422.4,"END_CASH":4648873.6,"DIVI_RATIO":null,"DIVIDEND_RATE":null,"CURRENT_RATIO":1.323536668675,"COMMON_ACS":15000000000,"CURRENTDEBT_DEBT":71.931031901549,"ISSUED_COMMON_SHARES":2032571385,"HK_COMMON_SHARES":2032571385,"PER_SHARES":2000,"TOTAL_MARKET_CAP":44716570.47,"HKSK_MARKET_CAP":44716570.47,"PE_TTM":-0.167865076243,"PB_TTM":-1.461087092632,"REPORT_DATE_SQ":"2020-12-31 00:00:00","REPORT_TYPE_SQ":"2020年年报","OPERATE_INCOME_SQ":85114211.56,"DPS_HKD":null,"OPERATE_INCOME_QOQ_SQ":4.659870960275,"NET_PROFIT_RATIO_SQ":-104.9639569263,"HOLDER_PROFIT_SQ":-91113421.48,"HOLDER_PROFIT_QOQ_SQ":3.240695882534,"ROE_AVG_SQ":-18.457071542315,"PE_TTM_SQ":-0.364824012923,"PB_TTM_SQ":0.136270713971,"ROA_SQ":-7.871330070608,"START_DATE":"2021-01-01 00:00:00","FISCAL_YEAR":"12-31","CURRENCY":"HKD","IS_CNY_CODE":0,"DPS_HKD_LY":null,"ORG_TYPE":"一般企业","PREMIUM_INCOME":null,"PREMIUM_INCOME_YOY":null,"NET_INTEREST_INCOME":null,"NET_INTEREST_INCOME_YOY":null,"FEE_COMMISSION_INCOME":null,"FEE_COMMISSION_INCOME_YOY":null,"ACCOUNTS_RECE_TDAYS":3.44171699292,"INVENTORY_TDAYS":0.143793831285,"CURRENT_ASSETS_TDAYS":0.159800480548,"TOTAL_ASSETS_TDAYS":0.101069386067,"PREMIUM_EXPENSE":null,"LOAN_DEPOSIT":null,"LOAN_EQUITY":null,"LOAN_ASSETS":null,"DEPOSIT_EQUITY":null,"DEPOSIT_ASSETS":null,"EQUITY_MULTIPLIER":2.939054196418,"EQUITY_RATIO":1.991198757585},{"SECUCODE":"00176.HK","SECURITY_CODE":"00176","SECURITY_NAME_ABBR":"先机企业集团","ORG_CODE":"10007447","STD_REPORT_DATE":"2021-06-30 00:00:00","REPORT_DATE":"2021-06-30 00:00:00","DATE_TYPE_CODE":"002","REPORT_TYPE":"2021年中报","PER_NETCASH_OPERATE":0.0113244874,"PER_OI":0.021970643614,"BPS":0.215155435655,"BASIC_EPS":-0.010733832,"DILUTED_EPS":-0.010733832,"OPERATE_INCOME":44656901.52,"OPERATE_INCOME_YOY":16.5501216122,"GROSS_PROFIT":19886712,"GROSS_PROFIT_YOY":-11.072503727577,"HOLDER_PROFIT":-21885368.16,"HOLDER_PROFIT_YOY":13.9867229144,"GROSS_PROFIT_RATIO":44.532225306974,"EPS_TTM":-0.041851768901,"OPERATE_INCOME_QOQ":3.048628839346,"NET_PROFIT_RATIO":-48.5531684958,"ROE_AVG":-4.901721435667,"GROSS_PROFIT_QOQ":-6.960572524468,"ROA":-1.94574808695,"HOLDER_PROFIT_QOQ":6.636468592421,"ROE_YEARLY":-9.803442871333,"ROIC_YEARLY":-3.964662918109,"TOTAL_ASSETS":1117143951.36,"TOTAL_LIABILITIES":670581592.8,"TAX_EBT":-13.079326505815,"OCF_SALES":51.543721701541,"TOTAL_PARENT_EQUITY":437318781.84,"DEBT_ASSET_RATIO":60.0264264944,"OPERATE_PROFIT":-9960829.68,"PRETAX_PROFIT":-19174451.52,"NETCASH_OPERATE":23017829.04,"NETCASH_INVEST":-2122636.08,"NETCASH_FINANCE":-17112557.28,"END_CASH":13485520.56,"DIVI_RATIO":null,"DIVIDEND_RATE":null,"CURRENT_RATIO":1.494521593217,"COMMON_ACS":15000000000,"CURRENTDEBT_DEBT":71.062897842191,"ISSUED_COMMON_SHARES":2032571385,"HK_COMMON_SHARES":2032571385,"PER_SHARES":2000,"TOTAL_MARKET_CAP":44716570.47,"HKSK_MARKET_CAP":44716570.47,"PE_TTM":-0.167865076243,"PB_TTM":-1.461087092632,"REPORT_DATE_SQ":"2020-06-30 00:00:00","REPORT_TYPE_SQ":"2020年中报","OPERATE_INCOME_SQ":42062085.12,"DPS_HKD":null,"OPERATE_INCOME_QOQ_SQ":-50.876380713238,"NET_PROFIT_RATIO_SQ":-69.5013898541,"HOLDER_PROFIT_SQ":-27932081.76,"HOLDER_PROFIT_QOQ_SQ":-11.492499558124,"ROE_AVG_SQ":-5.031344093983,"PE_TTM_SQ":-0.364824012923,"PB_TTM_SQ":0.136270713971,"ROA_SQ":-2.192975221725,"START_DATE":"2021-01-01 00:00:00","FISCAL_YEAR":"12-31","CURRENCY":"HKD","IS_CNY_CODE":0,"DPS_HKD_LY":null,"ORG_TYPE":"一般企业","PREMIUM_INCOME":null,"PREMIUM_INCOME_YOY":null,"NET_INTEREST_INCOME":null,"NET_INTEREST_INCOME_YOY":null,"FEE_COMMISSION_INCOME":null,"FEE_COMMISSION_INCOME_YOY":null,"ACCOUNTS_RECE_TDAYS":1.608228578278,"INVENTORY_TDAYS":0.053993465066,"CURRENT_ASSETS_TDAYS":0.062327723114,"TOTAL_ASSETS_TDAYS":0.039702818827,"PREMIUM_EXPENSE":null,"LOAN_DEPOSIT":null,"LOAN_EQUITY":null,"LOAN_ASSETS":null,"DEPOSIT_EQUITY":null,"DEPOSIT_ASSETS":null,"EQUITY_MULTIPLIER":2.501652747808,"EQUITY_RATIO":1.53339307765},{"SECUCODE":"00176.HK","SECURITY_CODE":"00176","SECURITY_NAME_ABBR":"先机企业集团","ORG_CODE":"10007447","STD_REPORT_DATE":"2020-12-31 00:00:00","REPORT_DATE":"2020-12-31 00:00:00","DATE_TYPE_CODE":"001","REPORT_TYPE":"2020年年报","PER_NETCASH_OPERATE":-0.007978425574,"PER_OI":0.041875140125,"BPS":0.226748693326,"BASIC_EPS":-0.044859412,"DILUTED_EPS":-0.044859412,"OPERATE_INCOME":85114211.56,"OPERATE_INCOME_YOY":-45.2800683938,"GROSS_PROFIT":35573597.88,"GROSS_PROFIT_YOY":-22.371470132157,"HOLDER_PROFIT":-91113421.48,"HOLDER_PROFIT_YOY":-14.8189001432,"GROSS_PROFIT_RATIO":41.795132949006,"EPS_TTM":-0.044826677258,"OPERATE_INCOME_QOQ":4.659870960275,"NET_PROFIT_RATIO":-104.9639569263,"ROE_AVG":-18.457071542315,"GROSS_PROFIT_QOQ":-23.832317080148,"ROA":-7.871330070608,"HOLDER_PROFIT_QOQ":3.240695882534,"ROE_YEARLY":-18.457071542315,"ROIC_YEARLY":-7.987960910591,"TOTAL_ASSETS":1145424908.16,"TOTAL_LIABILITIES":675301636.96,"TAX_EBT":-1.518730693088,"OCF_SALES":-19.052892839838,"TOTAL_PARENT_EQUITY":460882905.64,"DEBT_ASSET_RATIO":58.9564302425,"OPERATE_PROFIT":-63876267.8,"PRETAX_PROFIT":-88002720.04,"NETCASH_OPERATE":-16216719.52,"NETCASH_INVEST":-3043370.24,"NETCASH_FINANCE":7658924,"END_CASH":9761340.72,"DIVI_RATIO":null,"DIVIDEND_RATE":null,"CURRENT_RATIO":1.731537506671,"COMMON_ACS":15000000000,"CURRENTDEBT_DEBT":62.349631837919,"ISSUED_COMMON_SHARES":2032571385,"HK_COMMON_SHARES":2032571385,"PER_SHARES":2000,"TOTAL_MARKET_CAP":44716570.47,"HKSK_MARKET_CAP":44716570.47,"PE_TTM":-0.167865076243,"PB_TTM":-1.461087092632,"REPORT_DATE_SQ":"2019-12-31 00:00:00","REPORT_TYPE_SQ":"2019年年报","OPERATE_INCOME_SQ":165550893.36,"DPS_HKD":null,"OPERATE_INCOME_QOQ_SQ":-33.37023341669,"NET_PROFIT_RATIO_SQ":-51.4506633768,"HOLDER_PROFIT_SQ":-84458617.3,"HOLDER_PROFIT_QOQ_SQ":40.997737319514,"ROE_AVG_SQ":-14.039834503133,"PE_TTM_SQ":-0.364824012923,"PB_TTM_SQ":0.136270713971,"ROA_SQ":-6.559127629416,"START_DATE":"2020-01-01 00:00:00","FISCAL_YEAR":"12-31","CURRENCY":"HKD","IS_CNY_CODE":0,"DPS_HKD_LY":null,"ORG_TYPE":"一般企业","PREMIUM_INCOME":null,"PREMIUM_INCOME_YOY":null,"NET_INTEREST_INCOME":null,"NET_INTEREST_INCOME_YOY":null,"FEE_COMMISSION_INCOME":null,"FEE_COMMISSION_INCOME_YOY":null,"ACCOUNTS_RECE_TDAYS":3.626840246024,"INVENTORY_TDAYS":0.110807714861,"CURRENT_ASSETS_TDAYS":0.117325490674,"TOTAL_ASSETS_TDAYS":0.073530555873,"PREMIUM_EXPENSE":null,"LOAN_DEPOSIT":null,"LOAN_EQUITY":null,"LOAN_ASSETS":null,"DEPOSIT_EQUITY":null,"DEPOSIT_ASSETS":null,"EQUITY_MULTIPLIER":2.436435246516,"EQUITY_RATIO":1.465234723823},{"SECUCODE":"00176.HK","SECURITY_CODE":"00176","SECURITY_NAME_ABBR":"先机企业集团","ORG_CODE":"10007447","STD_REPORT_DATE":"2020-06-30 00:00:00","REPORT_DATE":"2020-06-30 00:00:00","DATE_TYPE_CODE":"002","REPORT_TYPE":"2020年中报","PER_NETCASH_OPERATE":-0.013637528524,"PER_OI":0.020694026016,"BPS":0.265179508625,"BASIC_EPS":-0.0137016,"DILUTED_EPS":-0.0137016,"OPERATE_INCOME":42062085.12,"OPERATE_INCOME_YOY":-67.9253299899,"GROSS_PROFIT":22362838.08,"GROSS_PROFIT_YOY":4.09097240206,"HOLDER_PROFIT":-27932081.76,"HOLDER_PROFIT_YOY":-47.5891693615,"GROSS_PROFIT_RATIO":53.166261292564,"EPS_TTM":-0.046328027746,"OPERATE_INCOME_QOQ":-50.876380713238,"NET_PROFIT_RATIO":-69.5013898541,"ROE_AVG":-5.031344093983,"GROSS_PROFIT_QOQ":1.917935392006,"ROA":-2.192975221725,"HOLDER_PROFIT_QOQ":-11.492499558124,"ROE_YEARLY":-10.062688187966,"ROIC_YEARLY":-4.413327877831,"TOTAL_ASSETS":1277986596.48,"TOTAL_LIABILITIES":747553815.36,"TAX_EBT":0.447928331467,"OCF_SALES":-65.900799166088,"TOTAL_PARENT_EQUITY":538996281.12,"DEBT_ASSET_RATIO":58.4946522459,"OPERATE_PROFIT":-16255578.24,"PRETAX_PROFIT":-29365269.12,"NETCASH_OPERATE":-27719250.24,"NETCASH_INVEST":-468594.72,"NETCASH_FINANCE":12705036.96,"END_CASH":8303169.6,"DIVI_RATIO":null,"DIVIDEND_RATE":null,"CURRENT_RATIO":1.557769620079,"COMMON_ACS":15000000000,"CURRENTDEBT_DEBT":69.267492185915,"ISSUED_COMMON_SHARES":2032571385,"HK_COMMON_SHARES":2032571385,"PER_SHARES":2000,"TOTAL_MARKET_CAP":44716570.47,"HKSK_MARKET_CAP":44716570.47,"PE_TTM":-0.167865076243,"PB_TTM":-1.461087092632,"REPORT_DATE_SQ":"2019-06-30 00:00:00","REPORT_TYPE_SQ":"2019年中报","OPERATE_INCOME_SQ":126288387.9,"DPS_HKD":null,"OPERATE_INCOME_QOQ_SQ":19.38524670489,"NET_PROFIT_RATIO_SQ":-14.9075331731,"HOLDER_PROFIT_SQ":-18225675.54,"HOLDER_PROFIT_QOQ_SQ":6.289132842724,"ROE_AVG_SQ":-2.978977925456,"PE_TTM_SQ":-0.364824012923,"PB_TTM_SQ":0.136270713971,"ROA_SQ":-1.426403788139,"START_DATE":"2020-01-01 00:00:00","FISCAL_YEAR":"12-31","CURRENCY":"HKD","IS_CNY_CODE":0,"DPS_HKD_LY":null,"ORG_TYPE":"一般企业","PREMIUM_INCOME":null,"PREMIUM_INCOME_YOY":null,"NET_INTEREST_INCOME":null,"NET_INTEREST_INCOME_YOY":null,"FEE_COMMISSION_INCOME":null,"FEE_COMMISSION_INCOME_YOY":null,"ACCOUNTS_RECE_TDAYS":1.972457218736,"INVENTORY_TDAYS":0.042103824603,"CURRENT_ASSETS_TDAYS":0.052906326458,"TOTAL_ASSETS_TDAYS":0.033023356882,"PREMIUM_EXPENSE":null,"LOAN_DEPOSIT":null,"LOAN_EQUITY":null,"LOAN_ASSETS":null,"DEPOSIT_EQUITY":null,"DEPOSIT_ASSETS":null,"EQUITY_MULTIPLIER":2.409328084479,"EQUITY_RATIO":1.386936870523}],"count":46},"success":true,"message":"ok","code":0}