{"version":"b0a66b5533fd40a276ecf6e5f1fa4b63","result":{"pages":6,"data":[{"SECUCODE":"00174.HK","SECURITY_CODE":"00174","SECURITY_NAME_ABBR":"盛洋投资","ORG_CODE":"10007445","STD_REPORT_DATE":"2024-06-30 00:00:00","REPORT_DATE":"2024-06-30 00:00:00","DATE_TYPE_CODE":"002","REPORT_TYPE":"2024年中报","PER_NETCASH_OPERATE":0.272343585632,"PER_OI":0.856305420583,"BPS":6.353474550781,"BASIC_EPS":-0.045634,"DILUTED_EPS":-0.045634,"OPERATE_INCOME":544242036.16,"OPERATE_INCOME_YOY":16.5543756365,"GROSS_PROFIT":274382639.12,"GROSS_PROFIT_YOY":107.868733822971,"HOLDER_PROFIT":-27663330.8,"HOLDER_PROFIT_YOY":92.0078049809,"GROSS_PROFIT_RATIO":50.415554273602,"EPS_TTM":-0.428559412055,"OPERATE_INCOME_QOQ":7.539246489566,"NET_PROFIT_RATIO":-8.9124485169,"ROE_AVG":-0.682433177105,"GROSS_PROFIT_QOQ":34.155170628546,"ROA":-0.289481087244,"HOLDER_PROFIT_QOQ":54.173600769254,"ROE_YEARLY":-1.364866354209,"ROIC_YEARLY":-0.668938910826,"TOTAL_ASSETS":9498023463.2,"TOTAL_LIABILITIES":4572332399.16,"TAX_EBT":-40.71700910824,"OCF_SALES":31.80449160842,"TOTAL_PARENT_EQUITY":4038077820.24,"DEBT_ASSET_RATIO":48.1398305329,"OPERATE_PROFIT":45013377.6,"PRETAX_PROFIT":-34470098.24,"NETCASH_OPERATE":173093412.72,"NETCASH_INVEST":-48114664.24,"NETCASH_FINANCE":-190519211.96,"END_CASH":350023732.16,"DIVI_RATIO":null,"DIVIDEND_RATE":null,"CURRENT_RATIO":0.657945177307,"COMMON_ACS":null,"CURRENTDEBT_DEBT":53.965408110165,"ISSUED_COMMON_SHARES":635570000,"HK_COMMON_SHARES":635570000,"PER_SHARES":2000,"TOTAL_MARKET_CAP":139825400,"HKSK_MARKET_CAP":139825400,"PE_TTM":-0.4555374561,"PB_TTM":0.031603117065,"REPORT_DATE_SQ":"2023-06-30 00:00:00","REPORT_TYPE_SQ":"2023年中报","OPERATE_INCOME_SQ":471700641.66,"DPS_HKD":null,"OPERATE_INCOME_QOQ_SQ":5.412894047344,"NET_PROFIT_RATIO_SQ":-80.4287191395,"HOLDER_PROFIT_SQ":-349656305.1,"HOLDER_PROFIT_QOQ_SQ":-84.775160380799,"ROE_AVG_SQ":-7.697518545074,"PE_TTM_SQ":-0.288896001697,"PB_TTM_SQ":0.032139920097,"ROA_SQ":-2.996550109537,"START_DATE":"2024-01-01 00:00:00","FISCAL_YEAR":"12-31","CURRENCY":"HKD","IS_CNY_CODE":0,"DPS_HKD_LY":null,"ORG_TYPE":"一般企业","PREMIUM_INCOME":null,"PREMIUM_INCOME_YOY":null,"NET_INTEREST_INCOME":null,"NET_INTEREST_INCOME_YOY":null,"FEE_COMMISSION_INCOME":null,"FEE_COMMISSION_INCOME_YOY":null,"ACCOUNTS_RECE_TDAYS":null,"INVENTORY_TDAYS":0.254901419864,"CURRENT_ASSETS_TDAYS":0.308999967613,"TOTAL_ASSETS_TDAYS":0.056951846287,"PREMIUM_EXPENSE":null,"LOAN_DEPOSIT":null,"LOAN_EQUITY":null,"LOAN_ASSETS":null,"DEPOSIT_EQUITY":null,"DEPOSIT_ASSETS":null,"EQUITY_MULTIPLIER":1.928262113826,"EQUITY_RATIO":1.132304181024},{"SECUCODE":"00174.HK","SECURITY_CODE":"00174","SECURITY_NAME_ABBR":"盛洋投资","ORG_CODE":"10007445","STD_REPORT_DATE":"2023-12-31 00:00:00","REPORT_DATE":"2023-12-31 00:00:00","DATE_TYPE_CODE":"001","REPORT_TYPE":"2023年年报","PER_NETCASH_OPERATE":0.900017603726,"PER_OI":1.513890863477,"BPS":6.357103999025,"BASIC_EPS":-0.9334066,"DILUTED_EPS":-0.9334066,"OPERATE_INCOME":962183616.1,"OPERATE_INCOME_YOY":-0.2679859629,"GROSS_PROFIT":416875699.52,"GROSS_PROFIT_YOY":-20.384291927318,"HOLDER_PROFIT":-594372479.82,"HOLDER_PROFIT_YOY":-121.7762223575,"GROSS_PROFIT_RATIO":43.326002703072,"EPS_TTM":-0.935180200167,"OPERATE_INCOME_QOQ":-4.017568700169,"NET_PROFIT_RATIO":-86.0930252271,"ROE_AVG":-13.712502646042,"GROSS_PROFIT_QOQ":-4.289865562832,"ROA":-5.500618365746,"HOLDER_PROFIT_QOQ":-21.764948023804,"ROE_YEARLY":-13.712502646042,"ROIC_YEARLY":-6.469670555601,"TOTAL_ASSETS":9546283693.38,"TOTAL_LIABILITIES":4595464275.5,"TAX_EBT":-2.660004582148,"OCF_SALES":59.450626556974,"TOTAL_PARENT_EQUITY":4040384588.66,"DEBT_ASSET_RATIO":48.1387775924,"OPERATE_PROFIT":-652271781.84,"PRETAX_PROFIT":-806909162.64,"NETCASH_OPERATE":572024188.4,"NETCASH_INVEST":654917944.24,"NETCASH_FINANCE":-1530560269,"END_CASH":413231788.9,"DIVI_RATIO":null,"DIVIDEND_RATE":null,"CURRENT_RATIO":2.484108688619,"COMMON_ACS":null,"CURRENTDEBT_DEBT":16.518534221385,"ISSUED_COMMON_SHARES":635570000,"HK_COMMON_SHARES":635570000,"PER_SHARES":2000,"TOTAL_MARKET_CAP":132834130,"HKSK_MARKET_CAP":132834130,"PE_TTM":-0.432760583295,"PB_TTM":0.030022961212,"REPORT_DATE_SQ":"2022-12-31 00:00:00","REPORT_TYPE_SQ":"2022年年报","OPERATE_INCOME_SQ":950982388.16,"DPS_HKD":null,"OPERATE_INCOME_QOQ_SQ":6.813653582881,"NET_PROFIT_RATIO_SQ":-30.977411404,"HOLDER_PROFIT_SQ":-264175669.8,"HOLDER_PROFIT_QOQ_SQ":-76.796679396677,"ROE_AVG_SQ":-5.625808945443,"PE_TTM_SQ":-0.288896001697,"PB_TTM_SQ":0.032139920097,"ROA_SQ":-2.016224079438,"START_DATE":"2023-01-01 00:00:00","FISCAL_YEAR":"12-31","CURRENCY":"HKD","IS_CNY_CODE":0,"DPS_HKD_LY":null,"ORG_TYPE":"一般企业","PREMIUM_INCOME":null,"PREMIUM_INCOME_YOY":null,"NET_INTEREST_INCOME":null,"NET_INTEREST_INCOME_YOY":null,"FEE_COMMISSION_INCOME":null,"FEE_COMMISSION_INCOME_YOY":null,"ACCOUNTS_RECE_TDAYS":null,"INVENTORY_TDAYS":0.361379844635,"CURRENT_ASSETS_TDAYS":0.37332534003,"TOTAL_ASSETS_TDAYS":0.089045254443,"PREMIUM_EXPENSE":null,"LOAN_DEPOSIT":null,"LOAN_EQUITY":null,"LOAN_ASSETS":null,"DEPOSIT_EQUITY":null,"DEPOSIT_ASSETS":null,"EQUITY_MULTIPLIER":1.928222964242,"EQUITY_RATIO":1.137382883896},{"SECUCODE":"00174.HK","SECURITY_CODE":"00174","SECURITY_NAME_ABBR":"盛洋投资","ORG_CODE":"10007445","STD_REPORT_DATE":"2023-06-30 00:00:00","REPORT_DATE":"2023-06-30 00:00:00","DATE_TYPE_CODE":"002","REPORT_TYPE":"2023年中报","PER_NETCASH_OPERATE":0.378537365011,"PER_OI":0.742169456803,"BPS":6.884746425319,"BASIC_EPS":-0.553188,"DILUTED_EPS":-0.553188,"OPERATE_INCOME":471700641.66,"OPERATE_INCOME_YOY":4.1179774595,"GROSS_PROFIT":131998032.64,"GROSS_PROFIT_YOY":-40.013771803537,"HOLDER_PROFIT":-349656305.1,"HOLDER_PROFIT_YOY":-158.0143687154,"GROSS_PROFIT_RATIO":27.983432919547,"EPS_TTM":-0.768020859323,"OPERATE_INCOME_QOQ":5.412894047344,"NET_PROFIT_RATIO":-80.4287191395,"ROE_AVG":-7.697518545074,"GROSS_PROFIT_QOQ":-16.81580164852,"ROA":-2.996550109537,"HOLDER_PROFIT_QOQ":-84.775160380799,"ROE_YEARLY":-15.395037090147,"ROIC_YEARLY":-7.045233690278,"TOTAL_ASSETS":11062607525,"TOTAL_LIABILITIES":5548237769.16,"TAX_EBT":-4.062484984434,"OCF_SALES":51.004169134333,"TOTAL_PARENT_EQUITY":4375738285.54,"DEBT_ASSET_RATIO":50.1530742786,"OPERATE_PROFIT":-290590578.38,"PRETAX_PROFIT":-364572097.54,"NETCASH_OPERATE":240586993.08,"NETCASH_INVEST":197711235.16,"NETCASH_FINANCE":-770940314.42,"END_CASH":399944782.22,"DIVI_RATIO":null,"DIVIDEND_RATE":null,"CURRENT_RATIO":2.152261592139,"COMMON_ACS":null,"CURRENTDEBT_DEBT":20.641928484139,"ISSUED_COMMON_SHARES":635570000,"HK_COMMON_SHARES":635570000,"PER_SHARES":2000,"TOTAL_MARKET_CAP":132834130,"HKSK_MARKET_CAP":132834130,"PE_TTM":-0.432760583295,"PB_TTM":0.030022961212,"REPORT_DATE_SQ":"2022-06-30 00:00:00","REPORT_TYPE_SQ":"2022年中报","OPERATE_INCOME_SQ":420224972.58,"DPS_HKD":null,"OPERATE_INCOME_QOQ_SQ":-11.259322271558,"NET_PROFIT_RATIO_SQ":-28.2242735794,"HOLDER_PROFIT_SQ":-125700957.34,"HOLDER_PROFIT_QOQ_SQ":-2153.21912711374,"ROE_AVG_SQ":-2.754687889904,"PE_TTM_SQ":-0.288896001697,"PB_TTM_SQ":0.032139920097,"ROA_SQ":-0.949658615282,"START_DATE":"2023-01-01 00:00:00","FISCAL_YEAR":"12-31","CURRENCY":"HKD","IS_CNY_CODE":0,"DPS_HKD_LY":null,"ORG_TYPE":"一般企业","PREMIUM_INCOME":null,"PREMIUM_INCOME_YOY":null,"NET_INTEREST_INCOME":null,"NET_INTEREST_INCOME_YOY":null,"FEE_COMMISSION_INCOME":null,"FEE_COMMISSION_INCOME_YOY":null,"ACCOUNTS_RECE_TDAYS":null,"INVENTORY_TDAYS":0.205785753801,"CURRENT_ASSETS_TDAYS":0.162915867864,"TOTAL_ASSETS_TDAYS":0.040424685293,"PREMIUM_EXPENSE":null,"LOAN_DEPOSIT":null,"LOAN_EQUITY":null,"LOAN_ASSETS":null,"DEPOSIT_EQUITY":null,"DEPOSIT_ASSETS":null,"EQUITY_MULTIPLIER":2.006141774097,"EQUITY_RATIO":1.267954664358},{"SECUCODE":"00174.HK","SECURITY_CODE":"00174","SECURITY_NAME_ABBR":"盛洋投资","ORG_CODE":"10007445","STD_REPORT_DATE":"2022-12-31 00:00:00","REPORT_DATE":"2022-12-31 00:00:00","DATE_TYPE_CODE":"001","REPORT_TYPE":"2022年年报","PER_NETCASH_OPERATE":0.898946664301,"PER_OI":1.496266954324,"BPS":7.178643056532,"BASIC_EPS":-0.4198369,"DILUTED_EPS":-0.4198369,"OPERATE_INCOME":950982388.16,"OPERATE_INCOME_YOY":-13.2423767792,"GROSS_PROFIT":523609862.44,"GROSS_PROFIT_YOY":-12.678121696015,"HOLDER_PROFIT":-264175669.8,"HOLDER_PROFIT_YOY":-3546.159536432,"GROSS_PROFIT_RATIO":55.059890588837,"EPS_TTM":-0.415651572289,"OPERATE_INCOME_QOQ":6.813653582881,"NET_PROFIT_RATIO":-30.977411404,"ROE_AVG":-5.625808945443,"GROSS_PROFIT_QOQ":-4.019236579165,"ROA":-2.016224079438,"HOLDER_PROFIT_QOQ":-76.796679396677,"ROE_YEARLY":-5.625808945443,"ROIC_YEARLY":-2.414367076047,"TOTAL_ASSETS":11892423300.66,"TOTAL_LIABILITIES":6150189854.83,"TAX_EBT":-11.579218037379,"OCF_SALES":60.07929679281,"TOTAL_PARENT_EQUITY":4562530167.44,"DEBT_ASSET_RATIO":51.7151946188,"OPERATE_PROFIT":-48867228.62,"PRETAX_PROFIT":-264018454.28,"NETCASH_OPERATE":571343531.43,"NETCASH_INVEST":1224912566.36,"NETCASH_FINANCE":-1832193243.16,"END_CASH":706284470.71,"DIVI_RATIO":null,"DIVIDEND_RATE":null,"CURRENT_RATIO":2.078170350493,"COMMON_ACS":null,"CURRENTDEBT_DEBT":25.211019445234,"ISSUED_COMMON_SHARES":635570000,"HK_COMMON_SHARES":635570000,"PER_SHARES":2000,"TOTAL_MARKET_CAP":132834130,"HKSK_MARKET_CAP":132834130,"PE_TTM":-0.432760583295,"PB_TTM":0.030022961212,"REPORT_DATE_SQ":"2021-12-31 00:00:00","REPORT_TYPE_SQ":"2021年年报","OPERATE_INCOME_SQ":1003281865.6,"DPS_HKD":null,"OPERATE_INCOME_QOQ_SQ":1.370925340417,"NET_PROFIT_RATIO_SQ":19.4453453899,"HOLDER_PROFIT_SQ":-6631553.6,"HOLDER_PROFIT_QOQ_SQ":89.536667653223,"ROE_AVG_SQ":-0.15022680803,"PE_TTM_SQ":-0.288896001697,"PB_TTM_SQ":0.032139920097,"ROA_SQ":-0.047742392855,"START_DATE":"2022-01-01 00:00:00","FISCAL_YEAR":"12-31","CURRENCY":"HKD","IS_CNY_CODE":0,"DPS_HKD_LY":null,"ORG_TYPE":"一般企业","PREMIUM_INCOME":null,"PREMIUM_INCOME_YOY":null,"NET_INTEREST_INCOME":null,"NET_INTEREST_INCOME_YOY":null,"FEE_COMMISSION_INCOME":null,"FEE_COMMISSION_INCOME_YOY":null,"ACCOUNTS_RECE_TDAYS":null,"INVENTORY_TDAYS":0.249050384661,"CURRENT_ASSETS_TDAYS":0.252676958876,"TOTAL_ASSETS_TDAYS":0.072580249028,"PREMIUM_EXPENSE":null,"LOAN_DEPOSIT":null,"LOAN_EQUITY":null,"LOAN_ASSETS":null,"DEPOSIT_EQUITY":null,"DEPOSIT_ASSETS":null,"EQUITY_MULTIPLIER":2.071044901404,"EQUITY_RATIO":1.347977904611},{"SECUCODE":"00174.HK","SECURITY_CODE":"00174","SECURITY_NAME_ABBR":"盛洋投资","ORG_CODE":"10007445","STD_REPORT_DATE":"2022-06-30 00:00:00","REPORT_DATE":"2022-06-30 00:00:00","DATE_TYPE_CODE":"002","REPORT_TYPE":"2022年中报","PER_NETCASH_OPERATE":-0.209527403134,"PER_OI":0.6611781119,"BPS":7.08522970683,"BASIC_EPS":-0.1966937,"DILUTED_EPS":-0.1966937,"OPERATE_INCOME":420224972.58,"OPERATE_INCOME_YOY":-23.3160993712,"GROSS_PROFIT":220047228.52,"GROSS_PROFIT_YOY":-19.73265496631,"HOLDER_PROFIT":-125700957.34,"HOLDER_PROFIT_YOY":-815.6085686465,"GROSS_PROFIT_RATIO":52.364148462907,"EPS_TTM":-0.235101458754,"OPERATE_INCOME_QOQ":-11.259322271558,"NET_PROFIT_RATIO":-28.2242735794,"ROE_AVG":-2.754687889904,"GROSS_PROFIT_QOQ":-9.021479730145,"ROA":-0.949658615282,"HOLDER_PROFIT_QOQ":-2153.21912711374,"ROE_YEARLY":-5.509375779808,"ROIC_YEARLY":-2.300368829631,"TOTAL_ASSETS":12770447936.82,"TOTAL_LIABILITIES":6663283010.58,"TAX_EBT":-20.48074500708,"OCF_SALES":-31.690008995039,"TOTAL_PARENT_EQUITY":4503159444.77,"DEBT_ASSET_RATIO":52.1773632651,"OPERATE_PROFIT":14528822.91,"PRETAX_PROFIT":-98443486.47,"NETCASH_OPERATE":-133169331.61,"NETCASH_INVEST":1116756703.02,"NETCASH_FINANCE":-1020121088.21,"END_CASH":679789675.81,"DIVI_RATIO":null,"DIVIDEND_RATE":null,"CURRENT_RATIO":1.717025829065,"COMMON_ACS":null,"CURRENTDEBT_DEBT":30.171536409422,"ISSUED_COMMON_SHARES":635570000,"HK_COMMON_SHARES":635570000,"PER_SHARES":2000,"TOTAL_MARKET_CAP":132834130,"HKSK_MARKET_CAP":132834130,"PE_TTM":-0.432760583295,"PB_TTM":0.030022961212,"REPORT_DATE_SQ":"2021-06-30 00:00:00","REPORT_TYPE_SQ":"2021年中报","OPERATE_INCOME_SQ":533187711.12,"DPS_HKD":null,"OPERATE_INCOME_QOQ_SQ":94.73759311388,"NET_PROFIT_RATIO_SQ":8.8539285163,"HOLDER_PROFIT_SQ":17090923.2,"HOLDER_PROFIT_QOQ_SQ":67.685616161664,"ROE_AVG_SQ":0.380013579843,"PE_TTM_SQ":-0.288896001697,"PB_TTM_SQ":0.032139920097,"ROA_SQ":0.115081465239,"START_DATE":"2022-01-01 00:00:00","FISCAL_YEAR":"12-31","CURRENCY":"HKD","IS_CNY_CODE":0,"DPS_HKD_LY":null,"ORG_TYPE":"一般企业","PREMIUM_INCOME":null,"PREMIUM_INCOME_YOY":null,"NET_INTEREST_INCOME":null,"NET_INTEREST_INCOME_YOY":null,"FEE_COMMISSION_INCOME":null,"FEE_COMMISSION_INCOME_YOY":null,"ACCOUNTS_RECE_TDAYS":null,"INVENTORY_TDAYS":0.119954964489,"CURRENT_ASSETS_TDAYS":0.110973712562,"TOTAL_ASSETS_TDAYS":0.031747591587,"PREMIUM_EXPENSE":null,"LOAN_DEPOSIT":null,"LOAN_EQUITY":null,"LOAN_ASSETS":null,"DEPOSIT_EQUITY":null,"DEPOSIT_ASSETS":null,"EQUITY_MULTIPLIER":2.091059942059,"EQUITY_RATIO":1.479690668808},{"SECUCODE":"00174.HK","SECURITY_CODE":"00174","SECURITY_NAME_ABBR":"盛洋投资","ORG_CODE":"10007445","STD_REPORT_DATE":"2021-12-31 00:00:00","REPORT_DATE":"2021-12-31 00:00:00","DATE_TYPE_CODE":"001","REPORT_TYPE":"2021年年报","PER_NETCASH_OPERATE":0.496878818069,"PER_OI":1.578554471734,"BPS":6.954322390295,"BASIC_EPS":-0.008176,"DILUTED_EPS":-0.008176,"OPERATE_INCOME":1003281865.6,"OPERATE_INCOME_YOY":103.2116928539,"GROSS_PROFIT":599631928,"GROSS_PROFIT_YOY":73.531600933858,"HOLDER_PROFIT":-6631553.6,"HOLDER_PROFIT_YOY":96.5194218919,"GROSS_PROFIT_RATIO":59.767045389722,"EPS_TTM":-0.01043402552,"OPERATE_INCOME_QOQ":1.370925340417,"NET_PROFIT_RATIO":19.4453453899,"ROE_AVG":-0.15022680803,"GROSS_PROFIT_QOQ":2.533783798122,"ROA":-0.047742392855,"HOLDER_PROFIT_QOQ":89.536667653223,"ROE_YEARLY":-0.15022680803,"ROIC_YEARLY":-0.0573311005,"TOTAL_ASSETS":13100132539.2,"TOTAL_LIABILITIES":7125587582.4,"TAX_EBT":16.029715025724,"OCF_SALES":31.476824333024,"TOTAL_PARENT_EQUITY":4419958681.6,"DEBT_ASSET_RATIO":54.3932480155,"OPERATE_PROFIT":421919209.6,"PRETAX_PROFIT":232334121.6,"NETCASH_OPERATE":315801270.4,"NETCASH_INVEST":510259254.4,"NETCASH_FINANCE":-1104705145.6,"END_CASH":674476667.2,"DIVI_RATIO":null,"DIVIDEND_RATE":null,"CURRENT_RATIO":1.512806693124,"COMMON_ACS":null,"CURRENTDEBT_DEBT":36.553367551518,"ISSUED_COMMON_SHARES":635570000,"HK_COMMON_SHARES":635570000,"PER_SHARES":2000,"TOTAL_MARKET_CAP":132834130,"HKSK_MARKET_CAP":132834130,"PE_TTM":-0.432760583295,"PB_TTM":0.030022961212,"REPORT_DATE_SQ":"2020-12-31 00:00:00","REPORT_TYPE_SQ":"2020年年报","OPERATE_INCOME_SQ":508229363.84,"DPS_HKD":null,"OPERATE_INCOME_QOQ_SQ":398.305847749561,"NET_PROFIT_RATIO_SQ":-38.6244402639,"HOLDER_PROFIT_SQ":-196132419.04,"HOLDER_PROFIT_QOQ_SQ":-382.740457880862,"ROE_AVG_SQ":-4.300189529715,"PE_TTM_SQ":-0.288896001697,"PB_TTM_SQ":0.032139920097,"ROA_SQ":-1.867392353048,"START_DATE":"2021-01-01 00:00:00","FISCAL_YEAR":"12-31","CURRENCY":"HKD","IS_CNY_CODE":0,"DPS_HKD_LY":null,"ORG_TYPE":"一般企业","PREMIUM_INCOME":null,"PREMIUM_INCOME_YOY":null,"NET_INTEREST_INCOME":null,"NET_INTEREST_INCOME_YOY":null,"FEE_COMMISSION_INCOME":null,"FEE_COMMISSION_INCOME_YOY":null,"ACCOUNTS_RECE_TDAYS":null,"INVENTORY_TDAYS":0.288255523378,"CURRENT_ASSETS_TDAYS":0.288413297454,"TOTAL_ASSETS_TDAYS":0.072229042938,"PREMIUM_EXPENSE":null,"LOAN_DEPOSIT":null,"LOAN_EQUITY":null,"LOAN_ASSETS":null,"DEPOSIT_EQUITY":null,"DEPOSIT_ASSETS":null,"EQUITY_MULTIPLIER":2.192657789662,"EQUITY_RATIO":1.612138957783},{"SECUCODE":"00174.HK","SECURITY_CODE":"00174","SECURITY_NAME_ABBR":"盛洋投资","ORG_CODE":"10007445","STD_REPORT_DATE":"2021-06-30 00:00:00","REPORT_DATE":"2021-06-30 00:00:00","DATE_TYPE_CODE":"002","REPORT_TYPE":"2021年中报","PER_NETCASH_OPERATE":0.029516930755,"PER_OI":0.838912647104,"BPS":7.092935741712,"BASIC_EPS":0.0249624,"DILUTED_EPS":0.0166416,"OPERATE_INCOME":533187711.12,"OPERATE_INCOME_YOY":1032.0760383725,"GROSS_PROFIT":274142901.36,"GROSS_PROFIT_YOY":686.069697923958,"HOLDER_PROFIT":17090923.2,"HOLDER_PROFIT_YOY":116.2213815815,"GROSS_PROFIT_RATIO":51.415832668788,"EPS_TTM":-0.099719909247,"OPERATE_INCOME_QOQ":94.73759311388,"NET_PROFIT_RATIO":8.8539285163,"ROE_AVG":0.380013579843,"GROSS_PROFIT_QOQ":69.243340590574,"ROA":0.115081465239,"HOLDER_PROFIT_QOQ":67.685616161664,"ROE_YEARLY":0.760027159685,"ROIC_YEARLY":0.276489696771,"TOTAL_ASSETS":14761873866.48,"TOTAL_LIABILITIES":8765584203.6,"TAX_EBT":28.546239971789,"OCF_SALES":3.518474880187,"TOTAL_PARENT_EQUITY":4508057169.36,"DEBT_ASSET_RATIO":59.379888237,"OPERATE_PROFIT":179856588.24,"PRETAX_PROFIT":66067984.08,"NETCASH_OPERATE":18760075.68,"NETCASH_INVEST":390897038.64,"NETCASH_FINANCE":-348706422.24,"END_CASH":1028400123.12,"DIVI_RATIO":null,"DIVIDEND_RATE":null,"CURRENT_RATIO":1.024981794614,"COMMON_ACS":null,"CURRENTDEBT_DEBT":38.402285053602,"ISSUED_COMMON_SHARES":635570000,"HK_COMMON_SHARES":635570000,"PER_SHARES":2000,"TOTAL_MARKET_CAP":132834130,"HKSK_MARKET_CAP":132834130,"PE_TTM":-0.432760583295,"PB_TTM":0.030022961212,"REPORT_DATE_SQ":"2020-06-30 00:00:00","REPORT_TYPE_SQ":"2020年中报","OPERATE_INCOME_SQ":51703444.32,"DPS_HKD":null,"OPERATE_INCOME_QOQ_SQ":-1.421050922358,"NET_PROFIT_RATIO_SQ":-182.9885341766,"HOLDER_PROFIT_SQ":-115662513.12,"HOLDER_PROFIT_QOQ_SQ":52.11221693819,"ROE_AVG_SQ":-2.314682622523,"PE_TTM_SQ":-0.288896001697,"PB_TTM_SQ":0.032139920097,"ROA_SQ":-1.78851388004,"START_DATE":"2021-01-01 00:00:00","FISCAL_YEAR":"12-31","CURRENCY":"HKD","IS_CNY_CODE":0,"DPS_HKD_LY":null,"ORG_TYPE":"一般企业","PREMIUM_INCOME":null,"PREMIUM_INCOME_YOY":null,"NET_INTEREST_INCOME":null,"NET_INTEREST_INCOME_YOY":null,"FEE_COMMISSION_INCOME":null,"FEE_COMMISSION_INCOME_YOY":null,"ACCOUNTS_RECE_TDAYS":null,"INVENTORY_TDAYS":0.191994938056,"CURRENT_ASSETS_TDAYS":0.163538463462,"TOTAL_ASSETS_TDAYS":0.035902111504,"PREMIUM_EXPENSE":null,"LOAN_DEPOSIT":null,"LOAN_EQUITY":null,"LOAN_ASSETS":null,"DEPOSIT_EQUITY":null,"DEPOSIT_ASSETS":null,"EQUITY_MULTIPLIER":2.46183468385,"EQUITY_RATIO":1.944426140639},{"SECUCODE":"00174.HK","SECURITY_CODE":"00174","SECURITY_NAME_ABBR":"盛洋投资","ORG_CODE":"10007445","STD_REPORT_DATE":"2020-12-31 00:00:00","REPORT_DATE":"2020-12-31 00:00:00","DATE_TYPE_CODE":"001","REPORT_TYPE":"2020年年报","PER_NETCASH_OPERATE":-0.113861151596,"PER_OI":0.799643412748,"BPS":7.140668580518,"BASIC_EPS":-0.3450724,"DILUTED_EPS":-0.3450724,"OPERATE_INCOME":508229363.84,"OPERATE_INCOME_YOY":422.8235742301,"GROSS_PROFIT":345546243.32,"GROSS_PROFIT_YOY":462.463918487383,"HOLDER_PROFIT":-196132419.04,"HOLDER_PROFIT_YOY":-146.0443656098,"GROSS_PROFIT_RATIO":67.990216210487,"EPS_TTM":-0.308592946552,"OPERATE_INCOME_QOQ":398.305847749561,"NET_PROFIT_RATIO":-38.6244402639,"ROE_AVG":-4.300189529715,"GROSS_PROFIT_QOQ":238.799223274428,"ROA":-1.867392353048,"HOLDER_PROFIT_QOQ":-382.740457880862,"ROE_YEARLY":-4.300189529715,"ROIC_YEARLY":-2.248737138342,"TOTAL_ASSETS":15112084694.44,"TOTAL_LIABILITIES":9063483131.04,"TAX_EBT":-69.680479571645,"OCF_SALES":-14.238990752762,"TOTAL_PARENT_EQUITY":4538394729.72,"DEBT_ASSET_RATIO":59.9750683926,"OPERATE_PROFIT":-79040937.32,"PRETAX_PROFIT":-115688467.84,"NETCASH_OPERATE":-72366732.12,"NETCASH_INVEST":431521452.6,"NETCASH_FINANCE":-200492955.88,"END_CASH":978144749.96,"DIVI_RATIO":null,"DIVIDEND_RATE":null,"CURRENT_RATIO":1.014941432949,"COMMON_ACS":null,"CURRENTDEBT_DEBT":33.760956151621,"ISSUED_COMMON_SHARES":635570000,"HK_COMMON_SHARES":635570000,"PER_SHARES":2000,"TOTAL_MARKET_CAP":132834130,"HKSK_MARKET_CAP":132834130,"PE_TTM":-0.432760583295,"PB_TTM":0.030022961212,"REPORT_DATE_SQ":"2019-12-31 00:00:00","REPORT_TYPE_SQ":"2019年年报","OPERATE_INCOME_SQ":103461694.22,"DPS_HKD":null,"OPERATE_INCOME_QOQ_SQ":-27.008044006824,"NET_PROFIT_RATIO_SQ":-44.9882682967,"HOLDER_PROFIT_SQ":-84842011.14,"HOLDER_PROFIT_QOQ_SQ":47.803628037817,"ROE_AVG_SQ":-1.725958821213,"PE_TTM_SQ":-0.288896001697,"PB_TTM_SQ":0.032139920097,"ROA_SQ":-1.39567237382,"START_DATE":"2020-01-01 00:00:00","FISCAL_YEAR":"12-31","CURRENCY":"HKD","IS_CNY_CODE":0,"DPS_HKD_LY":null,"ORG_TYPE":"一般企业","PREMIUM_INCOME":null,"PREMIUM_INCOME_YOY":null,"NET_INTEREST_INCOME":null,"NET_INTEREST_INCOME_YOY":null,"FEE_COMMISSION_INCOME":null,"FEE_COMMISSION_INCOME_YOY":null,"ACCOUNTS_RECE_TDAYS":null,"INVENTORY_TDAYS":0.171834558132,"CURRENT_ASSETS_TDAYS":0.200390522852,"TOTAL_ASSETS_TDAYS":0.048388921744,"PREMIUM_EXPENSE":null,"LOAN_DEPOSIT":null,"LOAN_EQUITY":null,"LOAN_ASSETS":null,"DEPOSIT_EQUITY":null,"DEPOSIT_ASSETS":null,"EQUITY_MULTIPLIER":2.498442745159,"EQUITY_RATIO":1.997068053972},{"SECUCODE":"00174.HK","SECURITY_CODE":"00174","SECURITY_NAME_ABBR":"盛洋投资","ORG_CODE":"10007445","STD_REPORT_DATE":"2020-06-30 00:00:00","REPORT_DATE":"2020-06-30 00:00:00","DATE_TYPE_CODE":"002","REPORT_TYPE":"2020年中报","PER_NETCASH_OPERATE":-0.46787012384,"PER_OI":0.08181623797,"BPS":7.897071597715,"BASIC_EPS":-0.22836,"DILUTED_EPS":-0.22836,"OPERATE_INCOME":51703444.32,"OPERATE_INCOME_YOY":-6.3608390683,"GROSS_PROFIT":34875139.2,"GROSS_PROFIT_YOY":-34.412788125813,"HOLDER_PROFIT":-115662513.12,"HOLDER_PROFIT_YOY":30.3300742241,"GROSS_PROFIT_RATIO":null,"EPS_TTM":-0.064291819617,"OPERATE_INCOME_QOQ":-1.421050922358,"NET_PROFIT_RATIO":-182.9885341766,"ROE_AVG":-2.314682622523,"GROSS_PROFIT_QOQ":-1.421050922358,"ROA":-1.78851388004,"HOLDER_PROFIT_QOQ":52.11221693819,"ROE_YEARLY":-4.629365245047,"ROIC_YEARLY":-4.348222115673,"TOTAL_ASSETS":6537177683.52,"TOTAL_LIABILITIES":1231859703.36,"TAX_EBT":-0.287567776917,"OCF_SALES":-571.854848682932,"TOTAL_PARENT_EQUITY":5019141795.36,"DEBT_ASSET_RATIO":18.8439073098,"OPERATE_PROFIT":-27440651.04,"PRETAX_PROFIT":-94340083.2,"NETCASH_OPERATE":-295668653.28,"NETCASH_INVEST":13382809.44,"NETCASH_FINANCE":231775352.16,"END_CASH":842266582.08,"DIVI_RATIO":null,"DIVIDEND_RATE":null,"CURRENT_RATIO":2.929594159187,"COMMON_ACS":null,"CURRENTDEBT_DEBT":66.625314957652,"ISSUED_COMMON_SHARES":635570000,"HK_COMMON_SHARES":635570000,"PER_SHARES":2000,"TOTAL_MARKET_CAP":132834130,"HKSK_MARKET_CAP":132834130,"PE_TTM":-0.432760583295,"PB_TTM":0.030022961212,"REPORT_DATE_SQ":"2019-06-30 00:00:00","REPORT_TYPE_SQ":"2019年中报","OPERATE_INCOME_SQ":53173687.68,"DPS_HKD":null,"OPERATE_INCOME_QOQ_SQ":-14.77425506327,"NET_PROFIT_RATIO_SQ":-268.7450370566,"HOLDER_PROFIT_SQ":-159875566.02,"HOLDER_PROFIT_QOQ_SQ":-1616.96808371343,"ROE_AVG_SQ":-3.346400930121,"PE_TTM_SQ":-0.288896001697,"PB_TTM_SQ":0.032139920097,"ROA_SQ":-2.74286405915,"START_DATE":"2020-01-01 00:00:00","FISCAL_YEAR":"12-31","CURRENCY":"HKD","IS_CNY_CODE":0,"DPS_HKD_LY":null,"ORG_TYPE":"一般企业","PREMIUM_INCOME":null,"PREMIUM_INCOME_YOY":null,"NET_INTEREST_INCOME":null,"NET_INTEREST_INCOME_YOY":null,"FEE_COMMISSION_INCOME":null,"FEE_COMMISSION_INCOME_YOY":null,"ACCOUNTS_RECE_TDAYS":null,"INVENTORY_TDAYS":null,"CURRENT_ASSETS_TDAYS":0.022782162351,"TOTAL_ASSETS_TDAYS":0.007995012845,"PREMIUM_EXPENSE":null,"LOAN_DEPOSIT":null,"LOAN_EQUITY":null,"LOAN_ASSETS":null,"DEPOSIT_EQUITY":null,"DEPOSIT_ASSETS":null,"EQUITY_MULTIPLIER":1.232193378034,"EQUITY_RATIO":0.245432337556}],"count":47},"success":true,"message":"ok","code":0}