{"version":"d26c3625dc3c258206ce48d41c00e37f","result":{"pages":6,"data":[{"SECUCODE":"00171.HK","SECURITY_CODE":"00171","SECURITY_NAME_ABBR":"银建国际","ORG_CODE":"10007442","STD_REPORT_DATE":"2024-06-30 00:00:00","REPORT_DATE":"2024-06-30 00:00:00","DATE_TYPE_CODE":"002","REPORT_TYPE":"2024年中报","PER_NETCASH_OPERATE":-0.021324842977,"PER_OI":0.033776511174,"BPS":1.105776640852,"BASIC_EPS":-0.121568976,"DILUTED_EPS":-0.121568976,"OPERATE_INCOME":77849778.64,"OPERATE_INCOME_YOY":-59.3501591719,"GROSS_PROFIT":null,"GROSS_PROFIT_YOY":null,"HOLDER_PROFIT":-280191847.32,"HOLDER_PROFIT_YOY":-225.6938255888,"GROSS_PROFIT_RATIO":null,"EPS_TTM":-0.456362528592,"OPERATE_INCOME_QOQ":-35.846317116527,"NET_PROFIT_RATIO":-392.5918544397,"ROE_AVG":-10.385128852976,"GROSS_PROFIT_QOQ":null,"ROA":-4.023431914726,"HOLDER_PROFIT_QOQ":-22.512787807337,"ROE_YEARLY":-20.770257705951,"ROIC_YEARLY":-8.502535259325,"TOTAL_ASSETS":6835449321.68,"TOTAL_LIABILITIES":3983714948.72,"TAX_EBT":1.893442238733,"OCF_SALES":-63.135126263218,"TOTAL_PARENT_EQUITY":2548648860.52,"DEBT_ASSET_RATIO":58.2802206738,"OPERATE_PROFIT":17942376.12,"PRETAX_PROFIT":-311530540.48,"NETCASH_OPERATE":-49150556.04,"NETCASH_INVEST":74108703.32,"NETCASH_FINANCE":-21221635.36,"END_CASH":56396322.56,"DIVI_RATIO":null,"DIVIDEND_RATE":null,"CURRENT_RATIO":0.75162073691,"COMMON_ACS":null,"CURRENTDEBT_DEBT":94.624470829952,"ISSUED_COMMON_SHARES":2304849611,"HK_COMMON_SHARES":2304849611,"PER_SHARES":2000,"TOTAL_MARKET_CAP":198217066.546,"HKSK_MARKET_CAP":198217066.546,"PE_TTM":-0.170854982766,"PB_TTM":0.070982219284,"REPORT_DATE_SQ":"2023-06-30 00:00:00","REPORT_TYPE_SQ":"2023年中报","OPERATE_INCOME_SQ":193464595.28,"DPS_HKD":null,"OPERATE_INCOME_QOQ_SQ":-18.717547470407,"NET_PROFIT_RATIO_SQ":-33.166377552,"HOLDER_PROFIT_SQ":-86905834.8,"HOLDER_PROFIT_QOQ_SQ":5.829399281072,"ROE_AVG_SQ":-2.374083949533,"PE_TTM_SQ":-0.4187725126,"PB_TTM_SQ":0.072939209556,"ROA_SQ":-0.98676870465,"START_DATE":"2024-01-01 00:00:00","FISCAL_YEAR":"12-31","CURRENCY":"HKD","IS_CNY_CODE":0,"DPS_HKD_LY":null,"ORG_TYPE":"证券","PREMIUM_INCOME":null,"PREMIUM_INCOME_YOY":null,"NET_INTEREST_INCOME":null,"NET_INTEREST_INCOME_YOY":null,"FEE_COMMISSION_INCOME":null,"FEE_COMMISSION_INCOME_YOY":null,"ACCOUNTS_RECE_TDAYS":9.227390739939,"INVENTORY_TDAYS":null,"CURRENT_ASSETS_TDAYS":0.026921262141,"TOTAL_ASSETS_TDAYS":0.011178886428,"PREMIUM_EXPENSE":null,"LOAN_DEPOSIT":null,"LOAN_EQUITY":null,"LOAN_ASSETS":null,"DEPOSIT_EQUITY":null,"DEPOSIT_ASSETS":null,"EQUITY_MULTIPLIER":2.396944605534,"EQUITY_RATIO":1.563069362135},{"SECUCODE":"00171.HK","SECURITY_CODE":"00171","SECURITY_NAME_ABBR":"银建国际","ORG_CODE":"10007442","STD_REPORT_DATE":"2023-12-31 00:00:00","REPORT_DATE":"2023-12-31 00:00:00","DATE_TYPE_CODE":"001","REPORT_TYPE":"2023年年报","PER_NETCASH_OPERATE":-0.177664522911,"PER_OI":0.139935002171,"BPS":1.226638776234,"BASIC_EPS":-0.372547042,"DILUTED_EPS":-0.372547042,"OPERATE_INCOME":322529135.32,"OPERATE_INCOME_YOY":-36.9751039034,"GROSS_PROFIT":null,"GROSS_PROFIT_YOY":null,"HOLDER_PROFIT":-858560983.98,"HOLDER_PROFIT_YOY":-28.9758672844,"GROSS_PROFIT_RATIO":null,"EPS_TTM":-0.37250195409,"OPERATE_INCOME_QOQ":-21.337773763985,"NET_PROFIT_RATIO":-268.6877995875,"ROE_AVG":-26.52993360999,"GROSS_PROFIT_QOQ":null,"ROA":-10.651082551851,"HOLDER_PROFIT_QOQ":-38.945347771358,"ROE_YEARLY":-26.52993360999,"ROIC_YEARLY":-11.281161770013,"TOTAL_ASSETS":7042351616.16,"TOTAL_LIABILITIES":3882875396.68,"TAX_EBT":1.646533680968,"OCF_SALES":-126.962175405866,"TOTAL_PARENT_EQUITY":2827217906.24,"DEBT_ASSET_RATIO":55.1360626154,"OPERATE_PROFIT":-333818824.08,"PRETAX_PROFIT":-881104112.7,"NETCASH_OPERATE":-409490006.52,"NETCASH_INVEST":715200604.86,"NETCASH_FINANCE":-333981943.68,"END_CASH":51956311.26,"DIVI_RATIO":null,"DIVIDEND_RATE":null,"CURRENT_RATIO":0.805397686926,"COMMON_ACS":null,"CURRENTDEBT_DEBT":93.671426710986,"ISSUED_COMMON_SHARES":2304849611,"HK_COMMON_SHARES":2304849611,"PER_SHARES":2000,"TOTAL_MARKET_CAP":225875261.878,"HKSK_MARKET_CAP":225875261.878,"PE_TTM":-0.194695212919,"PB_TTM":0.080886714998,"REPORT_DATE_SQ":"2022-12-31 00:00:00","REPORT_TYPE_SQ":"2022年年报","OPERATE_INCOME_SQ":504435821.89,"DPS_HKD":null,"OPERATE_INCOME_QOQ_SQ":5.422131956799,"NET_PROFIT_RATIO_SQ":-131.5120938823,"HOLDER_PROFIT_SQ":-656163091.01,"HOLDER_PROFIT_QOQ_SQ":40.547713320139,"ROE_AVG_SQ":-15.87602246486,"PE_TTM_SQ":-0.641667559629,"PB_TTM_SQ":0.111761692062,"ROA_SQ":-6.804426026879,"START_DATE":"2023-01-01 00:00:00","FISCAL_YEAR":"12-31","CURRENCY":"HKD","IS_CNY_CODE":0,"DPS_HKD_LY":null,"ORG_TYPE":"证券","PREMIUM_INCOME":null,"PREMIUM_INCOME_YOY":null,"NET_INTEREST_INCOME":null,"NET_INTEREST_INCOME_YOY":null,"FEE_COMMISSION_INCOME":null,"FEE_COMMISSION_INCOME_YOY":null,"ACCOUNTS_RECE_TDAYS":69.13480963481,"INVENTORY_TDAYS":null,"CURRENT_ASSETS_TDAYS":0.084705732273,"TOTAL_ASSETS_TDAYS":0.040012119229,"PREMIUM_EXPENSE":null,"LOAN_DEPOSIT":null,"LOAN_EQUITY":null,"LOAN_ASSETS":null,"DEPOSIT_EQUITY":null,"DEPOSIT_ASSETS":null,"EQUITY_MULTIPLIER":2.228961741426,"EQUITY_RATIO":1.373390918369},{"SECUCODE":"00171.HK","SECURITY_CODE":"00171","SECURITY_NAME_ABBR":"银建国际","ORG_CODE":"10007442","STD_REPORT_DATE":"2023-06-30 00:00:00","REPORT_DATE":"2023-06-30 00:00:00","DATE_TYPE_CODE":"002","REPORT_TYPE":"2023年中报","PER_NETCASH_OPERATE":-0.073781213442,"PER_OI":0.083938055809,"BPS":1.567408266361,"BASIC_EPS":-0.037708982,"DILUTED_EPS":-0.037708982,"OPERATE_INCOME":193464595.28,"OPERATE_INCOME_YOY":-37.6656863619,"GROSS_PROFIT":null,"GROSS_PROFIT_YOY":null,"HOLDER_PROFIT":-86905834.8,"HOLDER_PROFIT_YOY":35.5923169957,"GROSS_PROFIT_RATIO":null,"EPS_TTM":-0.268092426313,"OPERATE_INCOME_QOQ":-18.717547470407,"NET_PROFIT_RATIO":-33.166377552,"ROE_AVG":-2.374083949533,"GROSS_PROFIT_QOQ":null,"ROA":-0.98676870465,"HOLDER_PROFIT_QOQ":5.829399281072,"ROE_YEARLY":-4.748167899065,"ROIC_YEARLY":-2.082205706615,"TOTAL_ASSETS":8377109358.02,"TOTAL_LIABILITIES":4402448968.12,"TAX_EBT":9.240881052673,"OCF_SALES":-87.899597781124,"TOTAL_PARENT_EQUITY":3612640333,"DEBT_ASSET_RATIO":52.5533185729,"OPERATE_PROFIT":107097196.8,"PRETAX_PROFIT":-70698348.38,"NETCASH_OPERATE":-170054601.1,"NETCASH_INVEST":160095373.14,"NETCASH_FINANCE":-65417246.94,"END_CASH":32059088.56,"DIVI_RATIO":null,"DIVIDEND_RATE":null,"CURRENT_RATIO":1.777300890115,"COMMON_ACS":null,"CURRENTDEBT_DEBT":51.370577638422,"ISSUED_COMMON_SHARES":2304849611,"HK_COMMON_SHARES":2304849611,"PER_SHARES":2000,"TOTAL_MARKET_CAP":186692818.491,"HKSK_MARKET_CAP":186692818.491,"PE_TTM":-0.160921553535,"PB_TTM":0.06685534607,"REPORT_DATE_SQ":"2022-06-30 00:00:00","REPORT_TYPE_SQ":"2022年中报","OPERATE_INCOME_SQ":287882609.7,"DPS_HKD":null,"OPERATE_INCOME_QOQ_SQ":34.25406482274,"NET_PROFIT_RATIO_SQ":-37.3876362772,"HOLDER_PROFIT_SQ":-125156201.31,"HOLDER_PROFIT_QOQ_SQ":7.070495587392,"ROE_AVG_SQ":-2.883978439478,"PE_TTM_SQ":-0.445790094058,"PB_TTM_SQ":0.077644965011,"ROA_SQ":-1.260291662849,"START_DATE":"2023-01-01 00:00:00","FISCAL_YEAR":"12-31","CURRENCY":"HKD","IS_CNY_CODE":0,"DPS_HKD_LY":null,"ORG_TYPE":"证券","PREMIUM_INCOME":null,"PREMIUM_INCOME_YOY":null,"NET_INTEREST_INCOME":null,"NET_INTEREST_INCOME_YOY":null,"FEE_COMMISSION_INCOME":null,"FEE_COMMISSION_INCOME_YOY":null,"ACCOUNTS_RECE_TDAYS":42.736456211813,"INVENTORY_TDAYS":null,"CURRENT_ASSETS_TDAYS":0.044034736565,"TOTAL_ASSETS_TDAYS":0.021966857406,"PREMIUM_EXPENSE":null,"LOAN_DEPOSIT":null,"LOAN_EQUITY":null,"LOAN_ASSETS":null,"DEPOSIT_EQUITY":null,"DEPOSIT_ASSETS":null,"EQUITY_MULTIPLIER":2.107628963548,"EQUITY_RATIO":1.218623655365},{"SECUCODE":"00171.HK","SECURITY_CODE":"00171","SECURITY_NAME_ABBR":"银建国际","ORG_CODE":"10007442","STD_REPORT_DATE":"2022-12-31 00:00:00","REPORT_DATE":"2022-12-31 00:00:00","DATE_TYPE_CODE":"001","REPORT_TYPE":"2022年年报","PER_NETCASH_OPERATE":-0.198329730963,"PER_OI":0.218858453707,"BPS":1.558924517696,"BASIC_EPS":-0.284685149,"DILUTED_EPS":-0.284685149,"OPERATE_INCOME":504435821.89,"OPERATE_INCOME_YOY":29.5440207929,"GROSS_PROFIT":null,"GROSS_PROFIT_YOY":null,"HOLDER_PROFIT":-656163091.01,"HOLDER_PROFIT_YOY":49.4314712355,"GROSS_PROFIT_RATIO":null,"EPS_TTM":-0.284688028181,"OPERATE_INCOME_QOQ":5.422131956799,"NET_PROFIT_RATIO":-131.5120938823,"ROE_AVG":-15.87602246486,"GROSS_PROFIT_QOQ":null,"ROA":-6.804426026879,"HOLDER_PROFIT_QOQ":40.547713320139,"ROE_YEARLY":-15.87602246486,"ROIC_YEARLY":-7.195438179786,"TOTAL_ASSETS":8949477397.14,"TOTAL_LIABILITIES":4934663769.63,"TAX_EBT":6.615497397736,"OCF_SALES":-90.620091481069,"TOTAL_PARENT_EQUITY":3593086568.19,"DEBT_ASSET_RATIO":55.1391276904,"OPERATE_PROFIT":-91387773.89,"PRETAX_PROFIT":-710389939.63,"NETCASH_OPERATE":-457120203.26,"NETCASH_INVEST":962041964.03,"NETCASH_FINANCE":-550536593.32,"END_CASH":87109010.59,"DIVI_RATIO":null,"DIVIDEND_RATE":null,"CURRENT_RATIO":1.884072651167,"COMMON_ACS":null,"CURRENTDEBT_DEBT":49.680998517632,"ISSUED_COMMON_SHARES":2304849611,"HK_COMMON_SHARES":2304849611,"PER_SHARES":2000,"TOTAL_MARKET_CAP":225875261.878,"HKSK_MARKET_CAP":225875261.878,"PE_TTM":-0.194695212919,"PB_TTM":0.080886714998,"REPORT_DATE_SQ":"2021-12-31 00:00:00","REPORT_TYPE_SQ":"2021年年报","OPERATE_INCOME_SQ":356407374.4,"DPS_HKD":null,"OPERATE_INCOME_QOQ_SQ":19.420725213715,"NET_PROFIT_RATIO_SQ":-415.7868778374,"HOLDER_PROFIT_SQ":-1187653118.4,"HOLDER_PROFIT_QOQ_SQ":-250.959168407102,"ROE_AVG_SQ":-24.639079413978,"PE_TTM_SQ":-0.641667559629,"PB_TTM_SQ":0.111761692062,"ROA_SQ":-12.736139571653,"START_DATE":"2022-01-01 00:00:00","FISCAL_YEAR":"12-31","CURRENCY":"HKD","IS_CNY_CODE":0,"DPS_HKD_LY":null,"ORG_TYPE":"证券","PREMIUM_INCOME":null,"PREMIUM_INCOME_YOY":null,"NET_INTEREST_INCOME":null,"NET_INTEREST_INCOME_YOY":null,"FEE_COMMISSION_INCOME":null,"FEE_COMMISSION_INCOME_YOY":null,"ACCOUNTS_RECE_TDAYS":135.893875586572,"INVENTORY_TDAYS":null,"CURRENT_ASSETS_TDAYS":0.121360401647,"TOTAL_ASSETS_TDAYS":0.052310108301,"PREMIUM_EXPENSE":null,"LOAN_DEPOSIT":null,"LOAN_EQUITY":null,"LOAN_ASSETS":null,"DEPOSIT_EQUITY":null,"DEPOSIT_ASSETS":null,"EQUITY_MULTIPLIER":2.229114033046,"EQUITY_RATIO":1.373377366779},{"SECUCODE":"00171.HK","SECURITY_CODE":"00171","SECURITY_NAME_ABBR":"银建国际","ORG_CODE":"10007442","STD_REPORT_DATE":"2022-06-30 00:00:00","REPORT_DATE":"2022-06-30 00:00:00","DATE_TYPE_CODE":"002","REPORT_TYPE":"2022年中报","PER_NETCASH_OPERATE":-0.084148765956,"PER_OI":0.124902990775,"BPS":1.824683055033,"BASIC_EPS":-0.054304565,"DILUTED_EPS":-0.054304565,"OPERATE_INCOME":287882609.7,"OPERATE_INCOME_YOY":68.9417739815,"GROSS_PROFIT":null,"GROSS_PROFIT_YOY":null,"HOLDER_PROFIT":-125156201.31,"HOLDER_PROFIT_YOY":41.7708776802,"GROSS_PROFIT_RATIO":null,"EPS_TTM":-0.47885126726,"OPERATE_INCOME_QOQ":34.25406482274,"NET_PROFIT_RATIO":-37.3876362772,"ROE_AVG":-2.883978439478,"GROSS_PROFIT_QOQ":null,"ROA":-1.260291662849,"HOLDER_PROFIT_QOQ":7.070495587392,"ROE_YEARLY":-5.767956878956,"ROIC_YEARLY":-2.652849278838,"TOTAL_ASSETS":9965242581.35,"TOTAL_LIABILITIES":5362631381.1,"TAX_EBT":5.247387599,"OCF_SALES":-67.371297864124,"TOTAL_PARENT_EQUITY":4205620029.59,"DEBT_ASSET_RATIO":53.8133551424,"OPERATE_PROFIT":162651151.67,"PRETAX_PROFIT":-113593177.32,"NETCASH_OPERATE":-193950250.48,"NETCASH_INVEST":-283063614.05,"NETCASH_FINANCE":417803929.69,"END_CASH":77032949.63,"DIVI_RATIO":null,"DIVIDEND_RATE":null,"CURRENT_RATIO":1.898412299321,"COMMON_ACS":null,"CURRENTDEBT_DEBT":38.309643755312,"ISSUED_COMMON_SHARES":2304849611,"HK_COMMON_SHARES":2304849611,"PER_SHARES":2000,"TOTAL_MARKET_CAP":186692818.491,"HKSK_MARKET_CAP":186692818.491,"PE_TTM":-0.160921553535,"PB_TTM":0.06685534607,"REPORT_DATE_SQ":"2021-06-30 00:00:00","REPORT_TYPE_SQ":"2021年中报","OPERATE_INCOME_SQ":165798596.64,"DPS_HKD":null,"OPERATE_INCOME_QOQ_SQ":-5.269834589638,"NET_PROFIT_RATIO_SQ":-176.1299420851,"HOLDER_PROFIT_SQ":-209129162.64,"HOLDER_PROFIT_QOQ_SQ":-26.581459479907,"ROE_AVG_SQ":-3.901261224064,"PE_TTM_SQ":-0.445790094058,"PB_TTM_SQ":0.077644965011,"ROA_SQ":-2.273862697715,"START_DATE":"2022-01-01 00:00:00","FISCAL_YEAR":"12-31","CURRENCY":"HKD","IS_CNY_CODE":0,"DPS_HKD_LY":null,"ORG_TYPE":"证券","PREMIUM_INCOME":null,"PREMIUM_INCOME_YOY":null,"NET_INTEREST_INCOME":null,"NET_INTEREST_INCOME_YOY":null,"FEE_COMMISSION_INCOME":null,"FEE_COMMISSION_INCOME_YOY":null,"ACCOUNTS_RECE_TDAYS":110.989119683482,"INVENTORY_TDAYS":null,"CURRENT_ASSETS_TDAYS":0.07742236403,"TOTAL_ASSETS_TDAYS":0.028989059199,"PREMIUM_EXPENSE":null,"LOAN_DEPOSIT":null,"LOAN_EQUITY":null,"LOAN_ASSETS":null,"DEPOSIT_EQUITY":null,"DEPOSIT_ASSETS":null,"EQUITY_MULTIPLIER":2.165128043146,"EQUITY_RATIO":1.275110766871},{"SECUCODE":"00171.HK","SECURITY_CODE":"00171","SECURITY_NAME_ABBR":"银建国际","ORG_CODE":"10007442","STD_REPORT_DATE":"2021-12-31 00:00:00","REPORT_DATE":"2021-12-31 00:00:00","DATE_TYPE_CODE":"001","REPORT_TYPE":"2021年年报","PER_NETCASH_OPERATE":-0.258806262566,"PER_OI":0.154633678787,"BPS":1.855716240221,"BASIC_EPS":-0.51525152,"DILUTED_EPS":-0.51525152,"OPERATE_INCOME":356407374.4,"OPERATE_INCOME_YOY":16.4537517899,"GROSS_PROFIT":null,"GROSS_PROFIT_YOY":null,"HOLDER_PROFIT":-1187653118.4,"HOLDER_PROFIT_YOY":-357.3115561278,"GROSS_PROFIT_RATIO":null,"EPS_TTM":-0.515284430156,"OPERATE_INCOME_QOQ":19.420725213715,"NET_PROFIT_RATIO":-415.7868778374,"ROE_AVG":-24.639079413978,"GROSS_PROFIT_QOQ":null,"ROA":-12.736139571653,"HOLDER_PROFIT_QOQ":-250.959168407102,"ROE_YEARLY":-24.639079413978,"ROIC_YEARLY":-14.09398874147,"TOTAL_ASSETS":9461233678.4,"TOTAL_LIABILITIES":4786006377.6,"TAX_EBT":-0.848858081122,"OCF_SALES":-167.36733200434,"TOTAL_PARENT_EQUITY":4277146854.4,"DEBT_ASSET_RATIO":50.5854367441,"OPERATE_PROFIT":145847576,"PRETAX_PROFIT":-1469421788.8,"NETCASH_OPERATE":-596509513.6,"NETCASH_INVEST":-1402937827.2,"NETCASH_FINANCE":1462114080,"END_CASH":95458888,"DIVI_RATIO":null,"DIVIDEND_RATE":null,"CURRENT_RATIO":1.752926899157,"COMMON_ACS":null,"CURRENTDEBT_DEBT":40.301715522729,"ISSUED_COMMON_SHARES":2304849611,"HK_COMMON_SHARES":2304849611,"PER_SHARES":2000,"TOTAL_MARKET_CAP":225875261.878,"HKSK_MARKET_CAP":225875261.878,"PE_TTM":-0.194695212919,"PB_TTM":0.080886714998,"REPORT_DATE_SQ":"2020-12-31 00:00:00","REPORT_TYPE_SQ":"2020年年报","OPERATE_INCOME_SQ":315049417.92,"DPS_HKD":null,"OPERATE_INCOME_QOQ_SQ":-8.048369511703,"NET_PROFIT_RATIO_SQ":-117.8399692249,"HOLDER_PROFIT_SQ":-267339371.24,"HOLDER_PROFIT_QOQ_SQ":-107.537037584361,"ROE_AVG_SQ":-4.819329571525,"PE_TTM_SQ":-0.641667559629,"PB_TTM_SQ":0.111761692062,"ROA_SQ":-2.940191215498,"START_DATE":"2021-01-01 00:00:00","FISCAL_YEAR":"12-31","CURRENCY":"HKD","IS_CNY_CODE":0,"DPS_HKD_LY":null,"ORG_TYPE":"证券","PREMIUM_INCOME":null,"PREMIUM_INCOME_YOY":null,"NET_INTEREST_INCOME":null,"NET_INTEREST_INCOME_YOY":null,"FEE_COMMISSION_INCOME":null,"FEE_COMMISSION_INCOME_YOY":null,"ACCOUNTS_RECE_TDAYS":74.55430135112,"INVENTORY_TDAYS":null,"CURRENT_ASSETS_TDAYS":0.107352024922,"TOTAL_ASSETS_TDAYS":0.038220369184,"PREMIUM_EXPENSE":null,"LOAN_DEPOSIT":null,"LOAN_EQUITY":null,"LOAN_ASSETS":null,"DEPOSIT_EQUITY":null,"DEPOSIT_ASSETS":null,"EQUITY_MULTIPLIER":2.02369490715,"EQUITY_RATIO":1.118971721225},{"SECUCODE":"00171.HK","SECURITY_CODE":"00171","SECURITY_NAME_ABBR":"银建国际","ORG_CODE":"10007442","STD_REPORT_DATE":"2021-06-30 00:00:00","REPORT_DATE":"2021-06-30 00:00:00","DATE_TYPE_CODE":"002","REPORT_TYPE":"2021年中报","PER_NETCASH_OPERATE":-0.028170182631,"PER_OI":0.071934670205,"BPS":2.283387689575,"BASIC_EPS":-0.09069672,"DILUTED_EPS":-0.09069672,"OPERATE_INCOME":165798596.64,"OPERATE_INCOME_YOY":-0.2143365083,"GROSS_PROFIT":null,"GROSS_PROFIT_YOY":null,"HOLDER_PROFIT":-209129162.64,"HOLDER_PROFIT_YOY":-66.2805160437,"GROSS_PROFIT_RATIO":null,"EPS_TTM":-0.146821760632,"OPERATE_INCOME_QOQ":-5.269834589638,"NET_PROFIT_RATIO":-176.1299420851,"ROE_AVG":-3.901261224064,"GROSS_PROFIT_QOQ":null,"ROA":-2.273862697715,"HOLDER_PROFIT_QOQ":-26.581459479907,"ROE_YEARLY":-7.802522448127,"ROIC_YEARLY":-5.114206521497,"TOTAL_ASSETS":9042544527.84,"TOTAL_LIABILITIES":3168009803.04,"TAX_EBT":-2.192036106865,"OCF_SALES":-39.160786517982,"TOTAL_PARENT_EQUITY":5262865228.08,"DEBT_ASSET_RATIO":35.0344949177,"OPERATE_PROFIT":137726713.68,"PRETAX_PROFIT":-285757074,"NETCASH_OPERATE":-64928034.48,"NETCASH_INVEST":-340502945.52,"NETCASH_FINANCE":-94580037.36,"END_CASH":99442712.88,"DIVI_RATIO":null,"DIVIDEND_RATE":null,"CURRENT_RATIO":4.327154561768,"COMMON_ACS":null,"CURRENTDEBT_DEBT":22.247565096663,"ISSUED_COMMON_SHARES":2304849611,"HK_COMMON_SHARES":2304849611,"PER_SHARES":2000,"TOTAL_MARKET_CAP":225875261.878,"HKSK_MARKET_CAP":225875261.878,"PE_TTM":-0.194695212919,"PB_TTM":0.080886714998,"REPORT_DATE_SQ":"2020-06-30 00:00:00","REPORT_TYPE_SQ":"2020年中报","OPERATE_INCOME_SQ":182401179.84,"DPS_HKD":null,"OPERATE_INCOME_QOQ_SQ":32.172275931124,"NET_PROFIT_RATIO_SQ":-87.0286349569,"HOLDER_PROFIT_SQ":-138066456,"HOLDER_PROFIT_QOQ_SQ":-357.650257241289,"ROE_AVG_SQ":-2.316085354526,"PE_TTM_SQ":-0.641667559629,"PB_TTM_SQ":0.111761692062,"ROA_SQ":-1.468686753067,"START_DATE":"2021-01-01 00:00:00","FISCAL_YEAR":"12-31","CURRENCY":"HKD","IS_CNY_CODE":0,"DPS_HKD_LY":null,"ORG_TYPE":"证券","PREMIUM_INCOME":null,"PREMIUM_INCOME_YOY":null,"NET_INTEREST_INCOME":null,"NET_INTEREST_INCOME_YOY":null,"FEE_COMMISSION_INCOME":null,"FEE_COMMISSION_INCOME_YOY":null,"ACCOUNTS_RECE_TDAYS":26.447836474648,"INVENTORY_TDAYS":null,"CURRENT_ASSETS_TDAYS":0.05208575127,"TOTAL_ASSETS_TDAYS":0.018027291817,"PREMIUM_EXPENSE":null,"LOAN_DEPOSIT":null,"LOAN_EQUITY":null,"LOAN_ASSETS":null,"DEPOSIT_EQUITY":null,"DEPOSIT_ASSETS":null,"EQUITY_MULTIPLIER":1.539278419729,"EQUITY_RATIO":0.601955335306},{"SECUCODE":"00171.HK","SECURITY_CODE":"00171","SECURITY_NAME_ABBR":"银建国际","ORG_CODE":"10007442","STD_REPORT_DATE":"2020-12-31 00:00:00","REPORT_DATE":"2020-12-31 00:00:00","DATE_TYPE_CODE":"001","REPORT_TYPE":"2020年年报","PER_NETCASH_OPERATE":-0.06135536004,"PER_OI":0.136689793736,"BPS":2.395362946984,"BASIC_EPS":-0.115977992,"DILUTED_EPS":-0.115977992,"OPERATE_INCOME":315049417.92,"OPERATE_INCOME_YOY":29.3524911364,"GROSS_PROFIT":null,"GROSS_PROFIT_YOY":null,"HOLDER_PROFIT":-267339371.24,"HOLDER_PROFIT_YOY":-12928.7964458805,"GROSS_PROFIT_RATIO":null,"EPS_TTM":-0.115989941367,"OPERATE_INCOME_QOQ":-8.048369511703,"NET_PROFIT_RATIO":-117.8399692249,"ROE_AVG":-4.819329571525,"GROSS_PROFIT_QOQ":null,"ROA":-2.940191215498,"HOLDER_PROFIT_QOQ":-107.537037584361,"ROE_YEARLY":-4.819329571525,"ROIC_YEARLY":-3.36209639874,"TOTAL_ASSETS":9459075813.68,"TOTAL_LIABILITIES":3244411945.16,"TAX_EBT":0.765113867211,"OCF_SALES":-44.886570066893,"TOTAL_PARENT_EQUITY":5520951356.56,"DEBT_ASSET_RATIO":34.2994602123,"OPERATE_PROFIT":146082613.16,"PRETAX_PROFIT":-374116554.76,"NETCASH_OPERATE":-141414877.72,"NETCASH_INVEST":-159890559,"NETCASH_FINANCE":795067850.6,"END_CASH":647866697.88,"DIVI_RATIO":null,"DIVIDEND_RATE":null,"CURRENT_RATIO":5.212063953678,"COMMON_ACS":null,"CURRENTDEBT_DEBT":19.838313571745,"ISSUED_COMMON_SHARES":2304849611,"HK_COMMON_SHARES":2304849611,"PER_SHARES":2000,"TOTAL_MARKET_CAP":225875261.878,"HKSK_MARKET_CAP":225875261.878,"PE_TTM":-0.194695212919,"PB_TTM":0.080886714998,"REPORT_DATE_SQ":"2019-12-31 00:00:00","REPORT_TYPE_SQ":"2019年年报","OPERATE_INCOME_SQ":259226191.08,"DPS_HKD":null,"OPERATE_INCOME_QOQ_SQ":-52.674433952153,"NET_PROFIT_RATIO_SQ":52.214343472,"HOLDER_PROFIT_SQ":2217951.28,"HOLDER_PROFIT_QOQ_SQ":140.574780246367,"ROE_AVG_SQ":0.831521941554,"PE_TTM_SQ":-0.641667559629,"PB_TTM_SQ":0.111761692062,"ROA_SQ":0.51409808982,"START_DATE":"2020-01-01 00:00:00","FISCAL_YEAR":"12-31","CURRENCY":"HKD","IS_CNY_CODE":0,"DPS_HKD_LY":null,"ORG_TYPE":"证券","PREMIUM_INCOME":null,"PREMIUM_INCOME_YOY":null,"NET_INTEREST_INCOME":null,"NET_INTEREST_INCOME_YOY":null,"FEE_COMMISSION_INCOME":null,"FEE_COMMISSION_INCOME_YOY":null,"ACCOUNTS_RECE_TDAYS":46.639421878894,"INVENTORY_TDAYS":null,"CURRENT_ASSETS_TDAYS":0.10811741314,"TOTAL_ASSETS_TDAYS":0.034649050258,"PREMIUM_EXPENSE":null,"LOAN_DEPOSIT":null,"LOAN_EQUITY":null,"LOAN_ASSETS":null,"DEPOSIT_EQUITY":null,"DEPOSIT_ASSETS":null,"EQUITY_MULTIPLIER":1.522057510077,"EQUITY_RATIO":0.587654506556},{"SECUCODE":"00171.HK","SECURITY_CODE":"00171","SECURITY_NAME_ABBR":"银建国际","ORG_CODE":"10007442","STD_REPORT_DATE":"2020-06-30 00:00:00","REPORT_DATE":"2020-06-30 00:00:00","DATE_TYPE_CODE":"002","REPORT_TYPE":"2020年中报","PER_NETCASH_OPERATE":-0.034901233129,"PER_OI":0.079137996236,"BPS":2.548284219694,"BASIC_EPS":-0.059921664,"DILUTED_EPS":-0.059921664,"OPERATE_INCOME":182401179.84,"OPERATE_INCOME_YOY":77.426119098,"GROSS_PROFIT":null,"GROSS_PROFIT_YOY":null,"HOLDER_PROFIT":-138066456,"HOLDER_PROFIT_YOY":-426.3239707248,"GROSS_PROFIT_RATIO":null,"EPS_TTM":-0.055888791089,"OPERATE_INCOME_QOQ":32.172275931124,"NET_PROFIT_RATIO":-87.0286349569,"ROE_AVG":-2.316085354526,"GROSS_PROFIT_QOQ":null,"ROA":-1.468686753067,"HOLDER_PROFIT_QOQ":-357.650257241289,"ROE_YEARLY":-4.632170709052,"ROIC_YEARLY":-3.290156066371,"TOTAL_ASSETS":9330835272,"TOTAL_LIABILITIES":2646383657.28,"TAX_EBT":2.342753423657,"OCF_SALES":-44.101739731378,"TOTAL_PARENT_EQUITY":5873411892.48,"DEBT_ASSET_RATIO":28.3617016069,"OPERATE_PROFIT":82595071.68,"PRETAX_PROFIT":-162549388.32,"NETCASH_OPERATE":-80442093.6,"NETCASH_INVEST":7426267.2,"NETCASH_FINANCE":87767882.4,"END_CASH":184225319.52,"DIVI_RATIO":null,"DIVIDEND_RATE":null,"CURRENT_RATIO":5.314353809206,"COMMON_ACS":null,"CURRENTDEBT_DEBT":18.899702536482,"ISSUED_COMMON_SHARES":2304849611,"HK_COMMON_SHARES":2304849611,"PER_SHARES":2000,"TOTAL_MARKET_CAP":225875261.878,"HKSK_MARKET_CAP":225875261.878,"PE_TTM":-0.194695212919,"PB_TTM":0.080886714998,"REPORT_DATE_SQ":"2019-06-30 00:00:00","REPORT_TYPE_SQ":"2019年中报","OPERATE_INCOME_SQ":99002214.36,"DPS_HKD":null,"OPERATE_INCOME_QOQ_SQ":5.847112897768,"NET_PROFIT_RATIO_SQ":55.409343735,"HOLDER_PROFIT_SQ":40744971.54,"HOLDER_PROFIT_QOQ_SQ":-184.819811579924,"ROE_AVG_SQ":0.685346054333,"PE_TTM_SQ":-0.641667559629,"PB_TTM_SQ":0.111761692062,"ROA_SQ":0.406510843507,"START_DATE":"2020-01-01 00:00:00","FISCAL_YEAR":"12-31","CURRENCY":"HKD","IS_CNY_CODE":0,"DPS_HKD_LY":null,"ORG_TYPE":"证券","PREMIUM_INCOME":null,"PREMIUM_INCOME_YOY":null,"NET_INTEREST_INCOME":null,"NET_INTEREST_INCOME_YOY":null,"FEE_COMMISSION_INCOME":null,"FEE_COMMISSION_INCOME_YOY":null,"ACCOUNTS_RECE_TDAYS":20.799541690537,"INVENTORY_TDAYS":null,"CURRENT_ASSETS_TDAYS":0.068286297293,"TOTAL_ASSETS_TDAYS":0.01940298928,"PREMIUM_EXPENSE":null,"LOAN_DEPOSIT":null,"LOAN_EQUITY":null,"LOAN_ASSETS":null,"DEPOSIT_EQUITY":null,"DEPOSIT_ASSETS":null,"EQUITY_MULTIPLIER":1.395901385754,"EQUITY_RATIO":0.45057007847}],"count":49},"success":true,"message":"ok","code":0}