{"version":"4763770f721d8a365138f39f6d1e9138","result":{"pages":5,"data":[{"SECUCODE":"00173.HK","SECURITY_CODE":"00173","SECURITY_NAME_ABBR":"嘉华国际","ORG_CODE":"10007444","STD_REPORT_DATE":"2024-06-30 00:00:00","REPORT_DATE":"2024-06-30 00:00:00","DATE_TYPE_CODE":"002","REPORT_TYPE":"2024年中报","PER_NETCASH_OPERATE":0.19801161064,"PER_OI":0.353376063625,"BPS":11.901867401376,"BASIC_EPS":0.044812588,"DILUTED_EPS":0.044812588,"OPERATE_INCOME":1107089966.8,"OPERATE_INCOME_YOY":-60.8738005,"GROSS_PROFIT":624346134.4,"GROSS_PROFIT_YOY":-37.580911820114,"HOLDER_PROFIT":140358319.16,"HOLDER_PROFIT_YOY":-68.0878260743,"GROSS_PROFIT_RATIO":56.395248184269,"EPS_TTM":0.135012365751,"OPERATE_INCOME_QOQ":-31.665897543515,"NET_PROFIT_RATIO":14.6620390599,"ROE_AVG":0.368610502807,"GROSS_PROFIT_QOQ":-20.553452895977,"ROA":0.213616324901,"HOLDER_PROFIT_QOQ":-41.812881021649,"ROE_YEARLY":0.737221005614,"ROIC_YEARLY":0.504160185362,"TOTAL_ASSETS":65235945059.96,"TOTAL_LIABILITIES":25509551116.12,"TAX_EBT":56.969485817147,"OCF_SALES":56.034245389568,"TOTAL_PARENT_EQUITY":37523357833.04,"DEBT_ASSET_RATIO":39.1035204482,"OPERATE_PROFIT":549712640.08,"PRETAX_PROFIT":377225246.88,"NETCASH_OPERATE":620349508.68,"NETCASH_INVEST":1003780066.88,"NETCASH_FINANCE":-1345527616.8,"END_CASH":6103504604.04,"DIVI_RATIO":0.874490268674,"DIVIDEND_RATE":7.471264367816,"CURRENT_RATIO":2.747288651952,"COMMON_ACS":5000000000,"CURRENTDEBT_DEBT":44.363740471029,"ISSUED_COMMON_SHARES":3152728607,"HK_COMMON_SHARES":3152728607,"PER_SHARES":1000,"TOTAL_MARKET_CAP":5485747776.18,"HKSK_MARKET_CAP":5485747776.18,"PE_TTM":11.572428626054,"PB_TTM":0.133429750681,"REPORT_DATE_SQ":"2023-06-30 00:00:00","REPORT_TYPE_SQ":"2023年中报","OPERATE_INCOME_SQ":2858368495,"DPS_HKD":0.13,"OPERATE_INCOME_QOQ_SQ":-22.311261392916,"NET_PROFIT_RATIO_SQ":16.4697040561,"HOLDER_PROFIT_SQ":444308615.86,"HOLDER_PROFIT_QOQ_SQ":-39.172968581313,"ROE_AVG_SQ":1.10767122782,"PE_TTM_SQ":7.941564736739,"PB_TTM_SQ":0.142283913708,"ROA_SQ":0.635956871137,"START_DATE":"2024-01-01 00:00:00","FISCAL_YEAR":"12-31","CURRENCY":"HKD","IS_CNY_CODE":0,"DPS_HKD_LY":0.13,"ORG_TYPE":"一般企业","PREMIUM_INCOME":null,"PREMIUM_INCOME_YOY":null,"NET_INTEREST_INCOME":null,"NET_INTEREST_INCOME_YOY":null,"FEE_COMMISSION_INCOME":null,"FEE_COMMISSION_INCOME_YOY":null,"ACCOUNTS_RECE_TDAYS":2.337129612325,"INVENTORY_TDAYS":0.022742090365,"CURRENT_ASSETS_TDAYS":0.035942139795,"TOTAL_ASSETS_TDAYS":0.016849196503,"PREMIUM_EXPENSE":null,"LOAN_DEPOSIT":null,"LOAN_EQUITY":null,"LOAN_ASSETS":null,"DEPOSIT_EQUITY":null,"DEPOSIT_ASSETS":null,"EQUITY_MULTIPLIER":1.642131051516,"EQUITY_RATIO":0.67983124617},{"SECUCODE":"00173.HK","SECURITY_CODE":"00173","SECURITY_NAME_ABBR":"嘉华国际","ORG_CODE":"10007444","STD_REPORT_DATE":"2023-12-31 00:00:00","REPORT_DATE":"2023-12-31 00:00:00","DATE_TYPE_CODE":"001","REPORT_TYPE":"2023年年报","PER_NETCASH_OPERATE":0.206516059379,"PER_OI":1.765296395704,"BPS":12.166780867136,"BASIC_EPS":0.23199232,"DILUTED_EPS":0.23199232,"OPERATE_INCOME":5530487571.98,"OPERATE_INCOME_YOY":-30.6003084932,"GROSS_PROFIT":1828902392.52,"GROSS_PROFIT_YOY":-23.262186556552,"HOLDER_PROFIT":726929810.32,"HOLDER_PROFIT_YOY":-41.5503061454,"GROSS_PROFIT_RATIO":33.069460309179,"EPS_TTM":0.232031363851,"OPERATE_INCOME_QOQ":-9.374510810062,"NET_PROFIT_RATIO":13.8006940738,"ROE_AVG":1.861491063262,"GROSS_PROFIT_QOQ":-4.995768272466,"ROA":1.075687986599,"HOLDER_PROFIT_QOQ":-2.515288004689,"ROE_YEARLY":1.861491063262,"ROIC_YEARLY":1.258971685458,"TOTAL_ASSETS":65707263634.74,"TOTAL_LIABILITIES":24839060651.72,"TAX_EBT":43.434027297382,"OCF_SALES":11.698662042348,"TOTAL_PARENT_EQUITY":38358558094.92,"DEBT_ASSET_RATIO":37.8026100581,"OPERATE_PROFIT":1553909027.3,"PRETAX_PROFIT":1349301769.48,"NETCASH_OPERATE":646993050.34,"NETCASH_INVEST":-534363497.64,"NETCASH_FINANCE":-419917880.06,"END_CASH":5819068799.88,"DIVI_RATIO":0.508840693088,"DIVIDEND_RATE":7.602339181287,"CURRENT_RATIO":2.701226902163,"COMMON_ACS":5000000000,"CURRENTDEBT_DEBT":45.154739268384,"ISSUED_COMMON_SHARES":3152728607,"HK_COMMON_SHARES":3152728607,"PER_SHARES":1000,"TOTAL_MARKET_CAP":5391165917.97,"HKSK_MARKET_CAP":5391165917.97,"PE_TTM":11.37290399457,"PB_TTM":0.131129237738,"REPORT_DATE_SQ":"2022-12-31 00:00:00","REPORT_TYPE_SQ":"2022年年报","OPERATE_INCOME_SQ":7855159118.24,"DPS_HKD":0.13,"OPERATE_INCOME_QOQ_SQ":-50.224783004639,"NET_PROFIT_RATIO_SQ":16.2216251794,"HOLDER_PROFIT_SQ":1225912135.49,"HOLDER_PROFIT_QOQ_SQ":-59.427798149253,"ROE_AVG_SQ":3.127763156164,"PE_TTM_SQ":7.738973799578,"PB_TTM_SQ":0.138654222032,"ROA_SQ":1.769297976355,"START_DATE":"2023-01-01 00:00:00","FISCAL_YEAR":"12-31","CURRENCY":"HKD","IS_CNY_CODE":0,"DPS_HKD_LY":0.21,"ORG_TYPE":"一般企业","PREMIUM_INCOME":null,"PREMIUM_INCOME_YOY":null,"NET_INTEREST_INCOME":null,"NET_INTEREST_INCOME_YOY":null,"FEE_COMMISSION_INCOME":null,"FEE_COMMISSION_INCOME_YOY":null,"ACCOUNTS_RECE_TDAYS":11.296623864148,"INVENTORY_TDAYS":0.18158408418,"CURRENT_ASSETS_TDAYS":0.186341557697,"TOTAL_ASSETS_TDAYS":0.081838424519,"PREMIUM_EXPENSE":null,"LOAN_DEPOSIT":null,"LOAN_EQUITY":null,"LOAN_ASSETS":null,"DEPOSIT_EQUITY":null,"DEPOSIT_ASSETS":null,"EQUITY_MULTIPLIER":1.607784508215,"EQUITY_RATIO":0.647549383641},{"SECUCODE":"00173.HK","SECURITY_CODE":"00173","SECURITY_NAME_ABBR":"嘉华国际","ORG_CODE":"10007444","STD_REPORT_DATE":"2023-06-30 00:00:00","REPORT_DATE":"2023-06-30 00:00:00","DATE_TYPE_CODE":"002","REPORT_TYPE":"2023年中报","PER_NETCASH_OPERATE":0.499909780738,"PER_OI":0.912373011628,"BPS":12.620628058494,"BASIC_EPS":0.141800524,"DILUTED_EPS":0.141800524,"OPERATE_INCOME":2858368495,"OPERATE_INCOME_YOY":-42.4999026287,"GROSS_PROFIT":1000248726.16,"GROSS_PROFIT_YOY":-31.418752124337,"HOLDER_PROFIT":444308615.86,"HOLDER_PROFIT_YOY":-55.4238465544,"GROSS_PROFIT_RATIO":34.993694056931,"EPS_TTM":0.238018207267,"OPERATE_INCOME_QOQ":-22.311261392916,"NET_PROFIT_RATIO":16.4697040561,"ROE_AVG":1.10767122782,"GROSS_PROFIT_QOQ":-19.226952265108,"ROA":0.635956871137,"HOLDER_PROFIT_QOQ":-39.172968581313,"ROE_YEARLY":2.21534245564,"ROIC_YEARLY":1.496461300055,"TOTAL_ASSETS":69072390551,"TOTAL_LIABILITIES":26770282133.14,"TAX_EBT":38.149182714787,"OCF_SALES":54.792258688815,"TOTAL_PARENT_EQUITY":39789415118.32,"DEBT_ASSET_RATIO":38.7568490385,"OPERATE_PROFIT":831632413.86,"PRETAX_PROFIT":761129525.24,"NETCASH_OPERATE":1566164660.06,"NETCASH_INVEST":-763875181.68,"NETCASH_FINANCE":96957260.76,"END_CASH":7013827318.94,"DIVI_RATIO":0.496041884171,"DIVIDEND_RATE":7.602339181287,"CURRENT_RATIO":2.117427942572,"COMMON_ACS":5000000000,"CURRENTDEBT_DEBT":55.896478683114,"ISSUED_COMMON_SHARES":3152728607,"HK_COMMON_SHARES":3152728607,"PER_SHARES":1000,"TOTAL_MARKET_CAP":5391165917.97,"HKSK_MARKET_CAP":5391165917.97,"PE_TTM":11.37290399457,"PB_TTM":0.131129237738,"REPORT_DATE_SQ":"2022-06-30 00:00:00","REPORT_TYPE_SQ":"2022年中报","OPERATE_INCOME_SQ":4610953578.7,"DPS_HKD":0.13,"OPERATE_INCOME_QOQ_SQ":19.01773458056,"NET_PROFIT_RATIO_SQ":20.582020984,"HOLDER_PROFIT_SQ":924534791.53,"HOLDER_PROFIT_QOQ_SQ":10.157299761367,"ROE_AVG_SQ":2.441219498982,"PE_TTM_SQ":7.738973799578,"PB_TTM_SQ":0.138654222032,"ROA_SQ":1.432520167724,"START_DATE":"2023-01-01 00:00:00","FISCAL_YEAR":"12-31","CURRENCY":"HKD","IS_CNY_CODE":0,"DPS_HKD_LY":0.21,"ORG_TYPE":"一般企业","PREMIUM_INCOME":null,"PREMIUM_INCOME_YOY":null,"NET_INTEREST_INCOME":null,"NET_INTEREST_INCOME_YOY":null,"FEE_COMMISSION_INCOME":null,"FEE_COMMISSION_INCOME_YOY":null,"ACCOUNTS_RECE_TDAYS":5.796566278858,"INVENTORY_TDAYS":0.088871914355,"CURRENT_ASSETS_TDAYS":0.093332259396,"TOTAL_ASSETS_TDAYS":0.040912982998,"PREMIUM_EXPENSE":null,"LOAN_DEPOSIT":null,"LOAN_EQUITY":null,"LOAN_ASSETS":null,"DEPOSIT_EQUITY":null,"DEPOSIT_ASSETS":null,"EQUITY_MULTIPLIER":1.632835646599,"EQUITY_RATIO":0.672799086228},{"SECUCODE":"00173.HK","SECURITY_CODE":"00173","SECURITY_NAME_ABBR":"嘉华国际","ORG_CODE":"10007444","STD_REPORT_DATE":"2022-12-31 00:00:00","REPORT_DATE":"2022-12-31 00:00:00","DATE_TYPE_CODE":"001","REPORT_TYPE":"2022年年报","PER_NETCASH_OPERATE":1.299222946084,"PER_OI":2.507316741722,"BPS":12.425868236701,"BASIC_EPS":0.391341587,"DILUTED_EPS":0.391341587,"OPERATE_INCOME":7855159118.24,"OPERATE_INCOME_YOY":-45.7770707314,"GROSS_PROFIT":2383313141.79,"GROSS_PROFIT_YOY":-47.582149493158,"HOLDER_PROFIT":1225912135.49,"HOLDER_PROFIT_YOY":-59.0927774699,"GROSS_PROFIT_RATIO":30.340736653645,"EPS_TTM":0.3913033428,"OPERATE_INCOME_QOQ":-50.224783004639,"NET_PROFIT_RATIO":16.2216251794,"ROE_AVG":3.127763156164,"GROSS_PROFIT_QOQ":-52.148176170627,"ROA":1.769297976355,"HOLDER_PROFIT_QOQ":-59.427798149253,"ROE_YEARLY":3.127763156164,"ROIC_YEARLY":2.044776484883,"TOTAL_ASSETS":68456558432.43,"TOTAL_LIABILITIES":26791881054.26,"TAX_EBT":31.022665840122,"OCF_SALES":51.817264427127,"TOTAL_PARENT_EQUITY":39175390256.66,"DEBT_ASSET_RATIO":39.1370551891,"OPERATE_PROFIT":1954454214.79,"PRETAX_PROFIT":1847323450.42,"NETCASH_OPERATE":4070328571.47,"NETCASH_INVEST":-2130390887.45,"NETCASH_FINANCE":-2675078348.81,"END_CASH":6101913970.95,"DIVI_RATIO":0.301727552735,"DIVIDEND_RATE":7.602339181287,"CURRENT_RATIO":2.128772111312,"COMMON_ACS":5000000000,"CURRENTDEBT_DEBT":50.226902656543,"ISSUED_COMMON_SHARES":3152728607,"HK_COMMON_SHARES":3152728607,"PER_SHARES":1000,"TOTAL_MARKET_CAP":5391165917.97,"HKSK_MARKET_CAP":5391165917.97,"PE_TTM":11.37290399457,"PB_TTM":0.131129237738,"REPORT_DATE_SQ":"2021-12-31 00:00:00","REPORT_TYPE_SQ":"2021年年报","OPERATE_INCOME_SQ":13259591520,"DPS_HKD":0.13,"OPERATE_INCOME_QOQ_SQ":209.458550383762,"NET_PROFIT_RATIO_SQ":21.2070330565,"HOLDER_PROFIT_SQ":2742947435.2,"HOLDER_PROFIT_QOQ_SQ":158.254021018472,"ROE_AVG_SQ":7.670412842356,"PE_TTM_SQ":7.738973799578,"PB_TTM_SQ":0.138654222032,"ROA_SQ":4.18701052731,"START_DATE":"2022-01-01 00:00:00","FISCAL_YEAR":"12-31","CURRENCY":"HKD","IS_CNY_CODE":0,"DPS_HKD_LY":0.21,"ORG_TYPE":"一般企业","PREMIUM_INCOME":null,"PREMIUM_INCOME_YOY":null,"NET_INTEREST_INCOME":null,"NET_INTEREST_INCOME_YOY":null,"FEE_COMMISSION_INCOME":null,"FEE_COMMISSION_INCOME_YOY":null,"ACCOUNTS_RECE_TDAYS":16.439087950318,"INVENTORY_TDAYS":0.251806886811,"CURRENT_ASSETS_TDAYS":0.251914378506,"TOTAL_ASSETS_TDAYS":0.113369602352,"PREMIUM_EXPENSE":null,"LOAN_DEPOSIT":null,"LOAN_EQUITY":null,"LOAN_ASSETS":null,"DEPOSIT_EQUITY":null,"DEPOSIT_ASSETS":null,"EQUITY_MULTIPLIER":1.643035845714,"EQUITY_RATIO":0.683895702857},{"SECUCODE":"00173.HK","SECURITY_CODE":"00173","SECURITY_NAME_ABBR":"嘉华国际","ORG_CODE":"10007444","STD_REPORT_DATE":"2022-06-30 00:00:00","REPORT_DATE":"2022-06-30 00:00:00","DATE_TYPE_CODE":"002","REPORT_TYPE":"2022年中报","PER_NETCASH_OPERATE":0.211156871135,"PER_OI":1.471787003822,"BPS":12.117022829787,"BASIC_EPS":0.295126069,"DILUTED_EPS":0.295126069,"OPERATE_INCOME":4610953578.7,"OPERATE_INCOME_YOY":114.7319380369,"GROSS_PROFIT":1458487206.26,"GROSS_PROFIT_YOY":42.342127840901,"HOLDER_PROFIT":924534791.53,"HOLDER_PROFIT_YOY":39.2654435653,"GROSS_PROFIT_RATIO":31.630923655302,"EPS_TTM":0.96446168793,"OPERATE_INCOME_QOQ":19.01773458056,"NET_PROFIT_RATIO":20.582020984,"ROE_AVG":2.441219498982,"GROSS_PROFIT_QOQ":9.542011802413,"ROA":1.432520167724,"HOLDER_PROFIT_QOQ":10.157299761367,"ROE_YEARLY":4.882438997965,"ROIC_YEARLY":3.239682697568,"TOTAL_ASSETS":61947723002.2,"TOTAL_LIABILITIES":22694029937.32,"TAX_EBT":22.322947246406,"OCF_SALES":14.34697212212,"TOTAL_PARENT_EQUITY":38201684507.14,"DEBT_ASSET_RATIO":36.6341631903,"OPERATE_PROFIT":1245833950.48,"PRETAX_PROFIT":1221760351.98,"NETCASH_OPERATE":661532224.5,"NETCASH_INVEST":1827434986.44,"NETCASH_FINANCE":-3441250352.4,"END_CASH":5790703577.12,"DIVI_RATIO":0.122417511735,"DIVIDEND_RATE":7.602339181287,"CURRENT_RATIO":2.064249387112,"COMMON_ACS":5000000000,"CURRENTDEBT_DEBT":58.061909283205,"ISSUED_COMMON_SHARES":3152728607,"HK_COMMON_SHARES":3152728607,"PER_SHARES":1000,"TOTAL_MARKET_CAP":5391165917.97,"HKSK_MARKET_CAP":5391165917.97,"PE_TTM":11.37290399457,"PB_TTM":0.131129237738,"REPORT_DATE_SQ":"2021-06-30 00:00:00","REPORT_TYPE_SQ":"2021年中报","OPERATE_INCOME_SQ":2089279656.96,"DPS_HKD":0.13,"OPERATE_INCOME_QOQ_SQ":-56.607831218049,"NET_PROFIT_RATIO_SQ":32.3186157062,"HOLDER_PROFIT_SQ":645925398.24,"HOLDER_PROFIT_QOQ_SQ":-61.389658655366,"ROE_AVG_SQ":1.75309524761,"PE_TTM_SQ":7.738973799578,"PB_TTM_SQ":0.138654222032,"ROA_SQ":0.928212527975,"START_DATE":"2022-01-01 00:00:00","FISCAL_YEAR":"12-31","CURRENCY":"HKD","IS_CNY_CODE":0,"DPS_HKD_LY":0.21,"ORG_TYPE":"一般企业","PREMIUM_INCOME":null,"PREMIUM_INCOME_YOY":null,"NET_INTEREST_INCOME":null,"NET_INTEREST_INCOME_YOY":null,"FEE_COMMISSION_INCOME":null,"FEE_COMMISSION_INCOME_YOY":null,"ACCOUNTS_RECE_TDAYS":9.66884519479,"INVENTORY_TDAYS":0.147767460374,"CURRENT_ASSETS_TDAYS":0.155042676253,"TOTAL_ASSETS_TDAYS":0.071444407008,"PREMIUM_EXPENSE":null,"LOAN_DEPOSIT":null,"LOAN_EQUITY":null,"LOAN_ASSETS":null,"DEPOSIT_EQUITY":null,"DEPOSIT_ASSETS":null,"EQUITY_MULTIPLIER":1.578137448107,"EQUITY_RATIO":0.594058357115},{"SECUCODE":"00173.HK","SECURITY_CODE":"00173","SECURITY_NAME_ABBR":"嘉华国际","ORG_CODE":"10007444","STD_REPORT_DATE":"2021-12-31 00:00:00","REPORT_DATE":"2021-12-31 00:00:00","DATE_TYPE_CODE":"001","REPORT_TYPE":"2021年年报","PER_NETCASH_OPERATE":1.935568367101,"PER_OI":4.235973705121,"BPS":11.384372064855,"BASIC_EPS":0.87695776,"DILUTED_EPS":0.87622192,"OPERATE_INCOME":13259591520,"OPERATE_INCOME_YOY":38.2290517702,"GROSS_PROFIT":4546758630.4,"GROSS_PROFIT_YOY":-9.86042016176,"HOLDER_PROFIT":2742947435.2,"HOLDER_PROFIT_YOY":2.6446263797,"GROSS_PROFIT_RATIO":34.290337100822,"EPS_TTM":0.876275350754,"OPERATE_INCOME_QOQ":209.458550383762,"NET_PROFIT_RATIO":21.2070330565,"ROE_AVG":7.670412842356,"GROSS_PROFIT_QOQ":95.405944050525,"ROA":4.18701052731,"HOLDER_PROFIT_QOQ":158.254021018472,"ROE_YEARLY":7.670412842356,"ROIC_YEARLY":4.729274891562,"TOTAL_ASSETS":64179636124.8,"TOTAL_LIABILITIES":27211497286.4,"TAX_EBT":32.432012435065,"OCF_SALES":45.693587870043,"TOTAL_PARENT_EQUITY":35891835481.6,"DEBT_ASSET_RATIO":42.3989585006,"OPERATE_PROFIT":4183011660.8,"PRETAX_PROFIT":4161683747.2,"NETCASH_OPERATE":6058783102.4,"NETCASH_INVEST":-161582288,"NETCASH_FINANCE":-5640803907.2,"END_CASH":6652453908.8,"DIVI_RATIO":0.134737328739,"DIVIDEND_RATE":7.142857142857,"CURRENT_RATIO":2.69448521297,"COMMON_ACS":5000000000,"CURRENTDEBT_DEBT":42.090496279028,"ISSUED_COMMON_SHARES":3152728607,"HK_COMMON_SHARES":3152728607,"PER_SHARES":1000,"TOTAL_MARKET_CAP":5737966064.74,"HKSK_MARKET_CAP":5737966064.74,"PE_TTM":12.10449431001,"PB_TTM":0.139564451861,"REPORT_DATE_SQ":"2020-12-31 00:00:00","REPORT_TYPE_SQ":"2020年年报","OPERATE_INCOME_SQ":9874526992.12,"DPS_HKD":0.13,"OPERATE_INCOME_QOQ_SQ":-22.331490875303,"NET_PROFIT_RATIO_SQ":28.0888453024,"HOLDER_PROFIT_SQ":2750848999.96,"HOLDER_PROFIT_QOQ_SQ":-27.877611336451,"ROE_AVG_SQ":7.927062100529,"PE_TTM_SQ":7.374310112687,"PB_TTM_SQ":0.132120777015,"ROA_SQ":4.181912962448,"START_DATE":"2021-01-01 00:00:00","FISCAL_YEAR":"12-31","CURRENCY":"HKD","IS_CNY_CODE":0,"DPS_HKD_LY":0.21,"ORG_TYPE":"一般企业","PREMIUM_INCOME":null,"PREMIUM_INCOME_YOY":null,"NET_INTEREST_INCOME":null,"NET_INTEREST_INCOME_YOY":null,"FEE_COMMISSION_INCOME":null,"FEE_COMMISSION_INCOME_YOY":null,"ACCOUNTS_RECE_TDAYS":27.269677686221,"INVENTORY_TDAYS":0.39765445503,"CURRENT_ASSETS_TDAYS":0.411369960615,"TOTAL_ASSETS_TDAYS":0.202402891757,"PREMIUM_EXPENSE":null,"LOAN_DEPOSIT":null,"LOAN_EQUITY":null,"LOAN_ASSETS":null,"DEPOSIT_EQUITY":null,"DEPOSIT_ASSETS":null,"EQUITY_MULTIPLIER":1.736079720035,"EQUITY_RATIO":0.758152847891},{"SECUCODE":"00173.HK","SECURITY_CODE":"00173","SECURITY_NAME_ABBR":"嘉华国际","ORG_CODE":"10007444","STD_REPORT_DATE":"2021-06-30 00:00:00","REPORT_DATE":"2021-06-30 00:00:00","DATE_TYPE_CODE":"002","REPORT_TYPE":"2021年中报","PER_NETCASH_OPERATE":0.479350091763,"PER_OI":0.668147303447,"BPS":11.872366646141,"BASIC_EPS":0.206605464,"DILUTED_EPS":0.206189424,"OPERATE_INCOME":2089279656.96,"OPERATE_INCOME_YOY":-70.1320883612,"GROSS_PROFIT":1024634961.12,"GROSS_PROFIT_YOY":-72.617539190826,"HOLDER_PROFIT":645925398.24,"HOLDER_PROFIT_YOY":-69.6280098486,"GROSS_PROFIT_RATIO":49.04249929906,"EPS_TTM":0.339661276323,"OPERATE_INCOME_QOQ":-56.607831218049,"NET_PROFIT_RATIO":32.3186157062,"ROE_AVG":1.75309524761,"GROSS_PROFIT_QOQ":-53.870604972522,"ROA":0.928212527975,"HOLDER_PROFIT_QOQ":-61.389658655366,"ROE_YEARLY":3.50619049522,"ROIC_YEARLY":2.055388899279,"TOTAL_ASSETS":71150263817.76,"TOTAL_LIABILITIES":32634979725.12,"TAX_EBT":43.025805387151,"OCF_SALES":71.743175388066,"TOTAL_PARENT_EQUITY":37430349958.08,"DEBT_ASSET_RATIO":45.8676861813,"OPERATE_PROFIT":1164982726.8,"PRETAX_PROFIT":1185144025.2,"NETCASH_OPERATE":1498915568.64,"NETCASH_INVEST":190116966.72,"NETCASH_FINANCE":-3153596513.28,"END_CASH":4963928006.88,"DIVI_RATIO":0.347602179672,"DIVIDEND_RATE":7.142857142857,"CURRENT_RATIO":1.917133087496,"COMMON_ACS":5000000000,"CURRENTDEBT_DEBT":56.49191080566,"ISSUED_COMMON_SHARES":3152728607,"HK_COMMON_SHARES":3152728607,"PER_SHARES":1000,"TOTAL_MARKET_CAP":5737966064.74,"HKSK_MARKET_CAP":5737966064.74,"PE_TTM":12.10449431001,"PB_TTM":0.139564451861,"REPORT_DATE_SQ":"2020-06-30 00:00:00","REPORT_TYPE_SQ":"2020年中报","OPERATE_INCOME_SQ":7679035230.24,"DPS_HKD":0.13,"OPERATE_INCOME_QOQ_SQ":33.242148259578,"NET_PROFIT_RATIO_SQ":30.493232736,"HOLDER_PROFIT_SQ":2334662209.44,"HOLDER_PROFIT_QOQ_SQ":35.182619573324,"ROE_AVG_SQ":6.46173248438,"PE_TTM_SQ":7.374310112687,"PB_TTM_SQ":0.132120777015,"ROA_SQ":3.531532985447,"START_DATE":"2021-01-01 00:00:00","FISCAL_YEAR":"12-31","CURRENCY":"HKD","IS_CNY_CODE":0,"DPS_HKD_LY":0.21,"ORG_TYPE":"一般企业","PREMIUM_INCOME":null,"PREMIUM_INCOME_YOY":null,"NET_INTEREST_INCOME":null,"NET_INTEREST_INCOME_YOY":null,"FEE_COMMISSION_INCOME":null,"FEE_COMMISSION_INCOME_YOY":null,"ACCOUNTS_RECE_TDAYS":3.436625501449,"INVENTORY_TDAYS":0.042252250922,"CURRENT_ASSETS_TDAYS":0.060085101768,"TOTAL_ASSETS_TDAYS":0.030023522179,"PREMIUM_EXPENSE":null,"LOAN_DEPOSIT":null,"LOAN_EQUITY":null,"LOAN_ASSETS":null,"DEPOSIT_EQUITY":null,"DEPOSIT_ASSETS":null,"EQUITY_MULTIPLIER":1.84732543181,"EQUITY_RATIO":0.871885508997},{"SECUCODE":"00173.HK","SECURITY_CODE":"00173","SECURITY_NAME_ABBR":"嘉华国际","ORG_CODE":"10007444","STD_REPORT_DATE":"2020-12-31 00:00:00","REPORT_DATE":"2020-12-31 00:00:00","DATE_TYPE_CODE":"001","REPORT_TYPE":"2020年年报","PER_NETCASH_OPERATE":-0.050387379892,"PER_OI":3.157853263264,"BPS":11.633082994524,"BASIC_EPS":0.87993462,"DILUTED_EPS":0.8795138,"OPERATE_INCOME":9874526992.12,"OPERATE_INCOME_YOY":10.1441888799,"GROSS_PROFIT":5044131155.88,"GROSS_PROFIT_YOY":0.477787976457,"HOLDER_PROFIT":2750848999.96,"HOLDER_PROFIT_YOY":3.768599166,"GROSS_PROFIT_RATIO":51.082255989632,"EPS_TTM":0.879715807978,"OPERATE_INCOME_QOQ":-22.331490875303,"NET_PROFIT_RATIO":28.0888453024,"ROE_AVG":7.927062100529,"GROSS_PROFIT_QOQ":-25.82015345478,"ROA":4.181912962448,"HOLDER_PROFIT_QOQ":-27.877611336451,"ROE_YEARLY":7.927062100529,"ROIC_YEARLY":4.645425308776,"TOTAL_ASSETS":68807491266.6,"TOTAL_LIABILITIES":31081010248.92,"TAX_EBT":32.195487379031,"OCF_SALES":-1.595621319034,"TOTAL_PARENT_EQUITY":36675953544.44,"DEBT_ASSET_RATIO":45.1709685628,"OPERATE_PROFIT":4066198499.2,"PRETAX_PROFIT":4090643091.36,"NETCASH_OPERATE":-157560057.84,"NETCASH_INVEST":-1217324530.08,"NETCASH_FINANCE":3081525989.4,"END_CASH":6458305182.28,"DIVI_RATIO":0.134210388093,"DIVIDEND_RATE":7.142857142857,"CURRENT_RATIO":2.8195133419,"COMMON_ACS":5000000000,"CURRENTDEBT_DEBT":39.474072792941,"ISSUED_COMMON_SHARES":3152728607,"HK_COMMON_SHARES":3152728607,"PER_SHARES":1000,"TOTAL_MARKET_CAP":5737966064.74,"HKSK_MARKET_CAP":5737966064.74,"PE_TTM":12.10449431001,"PB_TTM":0.139564451861,"REPORT_DATE_SQ":"2019-12-31 00:00:00","REPORT_TYPE_SQ":"2019年年报","OPERATE_INCOME_SQ":9541786751.18,"DPS_HKD":0.13,"OPERATE_INCOME_QOQ_SQ":-28.845333036338,"NET_PROFIT_RATIO_SQ":30.3805385146,"HOLDER_PROFIT_SQ":2821472305.64,"HOLDER_PROFIT_QOQ_SQ":-35.880747227752,"ROE_AVG_SQ":8.452662427729,"PE_TTM_SQ":7.374310112687,"PB_TTM_SQ":0.132120777015,"ROA_SQ":4.360920773007,"START_DATE":"2020-01-01 00:00:00","FISCAL_YEAR":"12-31","CURRENCY":"HKD","IS_CNY_CODE":0,"DPS_HKD_LY":0.21,"ORG_TYPE":"一般企业","PREMIUM_INCOME":null,"PREMIUM_INCOME_YOY":null,"NET_INTEREST_INCOME":null,"NET_INTEREST_INCOME_YOY":null,"FEE_COMMISSION_INCOME":null,"FEE_COMMISSION_INCOME_YOY":null,"ACCOUNTS_RECE_TDAYS":19.933438444535,"INVENTORY_TDAYS":0.208580401583,"CURRENT_ASSETS_TDAYS":0.303641216656,"TOTAL_ASSETS_TDAYS":0.150115155092,"PREMIUM_EXPENSE":null,"LOAN_DEPOSIT":null,"LOAN_EQUITY":null,"LOAN_ASSETS":null,"DEPOSIT_EQUITY":null,"DEPOSIT_ASSETS":null,"EQUITY_MULTIPLIER":1.823851295176,"EQUITY_RATIO":0.847449275211},{"SECUCODE":"00173.HK","SECURITY_CODE":"00173","SECURITY_NAME_ABBR":"嘉华国际","ORG_CODE":"10007444","STD_REPORT_DATE":"2020-06-30 00:00:00","REPORT_DATE":"2020-06-30 00:00:00","DATE_TYPE_CODE":"002","REPORT_TYPE":"2020年中报","PER_NETCASH_OPERATE":0.20560602665,"PER_OI":2.456525140477,"BPS":11.653753694937,"BASIC_EPS":0.746919888,"DILUTED_EPS":0.746371824,"OPERATE_INCOME":7679035230.24,"OPERATE_INCOME_YOY":64.0742388846,"GROSS_PROFIT":3741938930.4,"GROSS_PROFIT_YOY":90.699537523168,"HOLDER_PROFIT":2334662209.44,"HOLDER_PROFIT_YOY":67.5360173783,"GROSS_PROFIT_RATIO":48.729284580754,"EPS_TTM":1.22014432075,"OPERATE_INCOME_QOQ":33.242148259578,"NET_PROFIT_RATIO":30.493232736,"ROE_AVG":6.46173248438,"GROSS_PROFIT_QOQ":35.45159858912,"ROA":3.531532985447,"HOLDER_PROFIT_QOQ":35.182619573324,"ROE_YEARLY":12.92346496876,"ROIC_YEARLY":7.752237094977,"TOTAL_ASSETS":64112850991.2,"TOTAL_LIABILITIES":26296883490.24,"TAX_EBT":24.705833630234,"OCF_SALES":8.369791265822,"TOTAL_PARENT_EQUITY":36741122652.96,"DEBT_ASSET_RATIO":41.016556094,"OPERATE_PROFIT":3105581820,"PRETAX_PROFIT":3109917006.24,"NETCASH_OPERATE":642719220,"NETCASH_INVEST":-3749671.2,"NETCASH_FINANCE":-923150780.64,"END_CASH":4582101860.16,"DIVI_RATIO":0.096764782651,"DIVIDEND_RATE":7.142857142857,"CURRENT_RATIO":3.950123592996,"COMMON_ACS":5000000000,"CURRENTDEBT_DEBT":28.827185361998,"ISSUED_COMMON_SHARES":3152728607,"HK_COMMON_SHARES":3152728607,"PER_SHARES":1000,"TOTAL_MARKET_CAP":5737966064.74,"HKSK_MARKET_CAP":5737966064.74,"PE_TTM":12.10449431001,"PB_TTM":0.139564451861,"REPORT_DATE_SQ":"2019-06-30 00:00:00","REPORT_TYPE_SQ":"2019年中报","OPERATE_INCOME_SQ":4507140331.8,"DPS_HKD":0.13,"OPERATE_INCOME_QOQ_SQ":42.239164034491,"NET_PROFIT_RATIO_SQ":30.7210957642,"HOLDER_PROFIT_SQ":1341994341.78,"HOLDER_PROFIT_QOQ_SQ":24.112736612688,"ROE_AVG_SQ":4.169210279481,"PE_TTM_SQ":7.374310112687,"PB_TTM_SQ":0.132120777015,"ROA_SQ":2.171537843344,"START_DATE":"2020-01-01 00:00:00","FISCAL_YEAR":"12-31","CURRENCY":"HKD","IS_CNY_CODE":0,"DPS_HKD_LY":0.21,"ORG_TYPE":"一般企业","PREMIUM_INCOME":null,"PREMIUM_INCOME_YOY":null,"NET_INTEREST_INCOME":null,"NET_INTEREST_INCOME_YOY":null,"FEE_COMMISSION_INCOME":null,"FEE_COMMISSION_INCOME_YOY":null,"ACCOUNTS_RECE_TDAYS":14.62454280478,"INVENTORY_TDAYS":0.161779279078,"CURRENT_ASSETS_TDAYS":0.243816213783,"TOTAL_ASSETS_TDAYS":0.116157130151,"PREMIUM_EXPENSE":null,"LOAN_DEPOSIT":null,"LOAN_EQUITY":null,"LOAN_ASSETS":null,"DEPOSIT_EQUITY":null,"DEPOSIT_ASSETS":null,"EQUITY_MULTIPLIER":1.695391000895,"EQUITY_RATIO":0.715734348638}],"count":45},"success":true,"message":"ok","code":0}