{"version":"b0b9edee930b5e56fe028a13e8042081","result":{"pages":6,"data":[{"SECUCODE":"00179.HK","SECURITY_CODE":"00179","SECURITY_NAME_ABBR":"德昌电机控股","ORG_CODE":"10007449","STD_REPORT_DATE":"2024-06-30 00:00:00","REPORT_DATE":"2024-09-30 00:00:00","DATE_TYPE_CODE":"002","REPORT_TYPE":"2024年中报","PER_NETCASH_OPERATE":1.670685431262,"PER_OI":13.904890316513,"BPS":19.743215219765,"BASIC_EPS":0.9845397,"DILUTED_EPS":0.97543008,"OPERATE_INCOME":12992896843.2,"OPERATE_INCOME_YOY":-4.27907092,"GROSS_PROFIT":3069598577.4,"GROSS_PROFIT_YOY":-0.476372863354,"HOLDER_PROFIT":908250136.2,"HOLDER_PROFIT_YOY":7.8768861996,"GROSS_PROFIT_RATIO":23.625205482998,"EPS_TTM":1.740538109337,"OPERATE_INCOME_QOQ":0,"NET_PROFIT_RATIO":7.0754645749,"ROE_AVG":4.999829305358,"GROSS_PROFIT_QOQ":0,"ROA":3.118279440546,"HOLDER_PROFIT_QOQ":0,"ROE_YEARLY":9.999658610715,"ROIC_YEARLY":7.708121067807,"TOTAL_ASSETS":28671772150.8,"TOTAL_LIABILITIES":9908940103.2,"TAX_EBT":15.768759109091,"OCF_SALES":12.015092483529,"TOTAL_PARENT_EQUITY":18448297891.2,"DEBT_ASSET_RATIO":34.5599150659,"OPERATE_PROFIT":1106146119.6,"PRETAX_PROFIT":1091409557.4,"NETCASH_OPERATE":1561108572,"NETCASH_INVEST":-107150153.4,"NETCASH_FINANCE":-1938933565.2,"END_CASH":4818694669.2,"DIVI_RATIO":0.317250335995,"DIVIDEND_RATE":5.231560891938,"CURRENT_RATIO":2.520655355791,"COMMON_ACS":1760000000,"CURRENTDEBT_DEBT":60.346319978954,"ISSUED_COMMON_SHARES":934412034,"HK_COMMON_SHARES":934412034,"PER_SHARES":500,"TOTAL_MARKET_CAP":10895244316.44,"HKSK_MARKET_CAP":10895244316.44,"PE_TTM":5.854147207045,"PB_TTM":0.532581511241,"REPORT_DATE_SQ":"2023-06-30 00:00:00","REPORT_TYPE_SQ":"2023年中报","OPERATE_INCOME_SQ":13907674668.8,"DPS_HKD":0.61,"OPERATE_INCOME_QOQ_SQ":0,"NET_PROFIT_RATIO_SQ":6.2892347975,"HOLDER_PROFIT_SQ":862645790.2,"HOLDER_PROFIT_QOQ_SQ":0,"ROE_AVG_SQ":4.909626769232,"PE_TTM_SQ":5.606101741367,"PB_TTM_SQ":0.509417411224,"ROA_SQ":2.967741871741,"START_DATE":"2024-04-01 00:00:00","FISCAL_YEAR":"3-31","CURRENCY":"HKD","IS_CNY_CODE":0,"DPS_HKD_LY":0.61,"ORG_TYPE":"一般企业","PREMIUM_INCOME":null,"PREMIUM_INCOME_YOY":null,"NET_INTEREST_INCOME":null,"NET_INTEREST_INCOME_YOY":null,"FEE_COMMISSION_INCOME":null,"FEE_COMMISSION_INCOME_YOY":null,"ACCOUNTS_RECE_TDAYS":2.373894139548,"INVENTORY_TDAYS":2.483287418524,"CURRENT_ASSETS_TDAYS":0.845929345294,"TOTAL_ASSETS_TDAYS":0.446082873918,"PREMIUM_EXPENSE":null,"LOAN_DEPOSIT":null,"LOAN_EQUITY":null,"LOAN_ASSETS":null,"DEPOSIT_EQUITY":null,"DEPOSIT_ASSETS":null,"EQUITY_MULTIPLIER":1.528115376083,"EQUITY_RATIO":0.537119476368},{"SECUCODE":"00179.HK","SECURITY_CODE":"00179","SECURITY_NAME_ABBR":"德昌电机控股","ORG_CODE":"10007449","STD_REPORT_DATE":"2023-12-31 00:00:00","REPORT_DATE":"2024-03-31 00:00:00","DATE_TYPE_CODE":"001","REPORT_TYPE":"2023年年报","PER_NETCASH_OPERATE":4.418243488718,"PER_OI":28.961357784697,"BPS":19.377430080272,"BASIC_EPS":1.7616885,"DILUTED_EPS":1.7531745,"OPERATE_INCOME":27061841235,"OPERATE_INCOME_YOY":4.6102170554,"GROSS_PROFIT":6035858400,"GROSS_PROFIT_YOY":22.691878604242,"HOLDER_PROFIT":1626379755,"HOLDER_PROFIT_YOY":45.2609232914,"GROSS_PROFIT_RATIO":22.303945794322,"EPS_TTM":1.665427682407,"OPERATE_INCOME_QOQ":0,"NET_PROFIT_RATIO":6.0914007687,"ROE_AVG":9.171091431856,"GROSS_PROFIT_QOQ":0,"ROA":5.508287939361,"HOLDER_PROFIT_QOQ":0,"ROE_YEARLY":9.171091431856,"ROIC_YEARLY":6.538728794607,"TOTAL_ASSETS":29951315460,"TOTAL_LIABILITIES":11527963095,"TAX_EBT":14.311899537148,"OCF_SALES":15.255650379253,"TOTAL_PARENT_EQUITY":18106503855,"DEBT_ASSET_RATIO":38.489004299,"OPERATE_PROFIT":2024359590,"PRETAX_PROFIT":1923773775,"NETCASH_OPERATE":4128459885,"NETCASH_INVEST":-1599248475,"NETCASH_FINANCE":-41647650,"END_CASH":5320249605,"DIVI_RATIO":0.331558257277,"DIVIDEND_RATE":5.765595463138,"CURRENT_RATIO":1.947346479198,"COMMON_ACS":1760000000,"CURRENTDEBT_DEBT":70.566857110502,"ISSUED_COMMON_SHARES":934412034,"HK_COMMON_SHARES":934412034,"PER_SHARES":500,"TOTAL_MARKET_CAP":9886079319.72,"HKSK_MARKET_CAP":9886079319.72,"PE_TTM":5.311910587525,"PB_TTM":0.483251491332,"REPORT_DATE_SQ":"2022-12-31 00:00:00","REPORT_TYPE_SQ":"2022年年报","OPERATE_INCOME_SQ":25055035932.3,"DPS_HKD":0.61,"OPERATE_INCOME_QOQ_SQ":0,"NET_PROFIT_RATIO_SQ":4.4229220165,"HOLDER_PROFIT_SQ":1084388618.5,"HOLDER_PROFIT_QOQ_SQ":0,"ROE_AVG_SQ":6.489729136418,"PE_TTM_SQ":6.462050140023,"PB_TTM_SQ":0.587196059829,"ROA_SQ":3.739292822136,"START_DATE":"2023-04-01 00:00:00","FISCAL_YEAR":"3-31","CURRENCY":"HKD","IS_CNY_CODE":0,"DPS_HKD_LY":0.51,"ORG_TYPE":"一般企业","PREMIUM_INCOME":null,"PREMIUM_INCOME_YOY":null,"NET_INTEREST_INCOME":null,"NET_INTEREST_INCOME_YOY":null,"FEE_COMMISSION_INCOME":null,"FEE_COMMISSION_INCOME_YOY":null,"ACCOUNTS_RECE_TDAYS":4.82370006709,"INVENTORY_TDAYS":5.196936018876,"CURRENT_ASSETS_TDAYS":1.850846773342,"TOTAL_ASSETS_TDAYS":0.916541252025,"PREMIUM_EXPENSE":null,"LOAN_DEPOSIT":null,"LOAN_EQUITY":null,"LOAN_ASSETS":null,"DEPOSIT_EQUITY":null,"DEPOSIT_ASSETS":null,"EQUITY_MULTIPLIER":1.625725593617,"EQUITY_RATIO":0.636675262509},{"SECUCODE":"00179.HK","SECURITY_CODE":"00179","SECURITY_NAME_ABBR":"德昌电机控股","ORG_CODE":"10007449","STD_REPORT_DATE":"2023-06-30 00:00:00","REPORT_DATE":"2023-09-30 00:00:00","DATE_TYPE_CODE":"002","REPORT_TYPE":"2023年中报","PER_NETCASH_OPERATE":2.230546487316,"PER_OI":14.940777129528,"BPS":18.80590844638,"BASIC_EPS":0.93552794,"DILUTED_EPS":0.93265602,"OPERATE_INCOME":13907674668.8,"OPERATE_INCOME_YOY":9.4444372249,"GROSS_PROFIT":3084291304.2,"GROSS_PROFIT_YOY":22.536672790867,"HOLDER_PROFIT":862645790.2,"HOLDER_PROFIT_YOY":114.9971369265,"GROSS_PROFIT_RATIO":22.176901442189,"EPS_TTM":1.167657680941,"OPERATE_INCOME_QOQ":0,"NET_PROFIT_RATIO":6.2892347975,"ROE_AVG":4.909626769232,"GROSS_PROFIT_QOQ":0,"ROA":2.967741871741,"HOLDER_PROFIT_QOQ":0,"ROE_YEARLY":9.819253538465,"ROIC_YEARLY":6.718240706531,"TOTAL_ASSETS":28686230358.4,"TOTAL_LIABILITIES":10782738516.8,"TAX_EBT":15.170632185109,"OCF_SALES":14.929253465052,"TOTAL_PARENT_EQUITY":17572467162.6,"DEBT_ASSET_RATIO":37.5885516573,"OPERATE_PROFIT":1087445328.2,"PRETAX_PROFIT":1031112617.4,"NETCASH_OPERATE":2076312002.4,"NETCASH_INVEST":-604682756,"NETCASH_FINANCE":-1150606028.8,"END_CASH":3160382824.6,"DIVI_RATIO":0.472900841585,"DIVIDEND_RATE":5.711610486891,"CURRENT_RATIO":1.601452344632,"COMMON_ACS":1760000000,"CURRENTDEBT_DEBT":80.489487393928,"ISSUED_COMMON_SHARES":934412034,"HK_COMMON_SHARES":934412034,"PER_SHARES":500,"TOTAL_MARKET_CAP":9979520523.12,"HKSK_MARKET_CAP":9979520523.12,"PE_TTM":5.362117681925,"PB_TTM":0.487819085768,"REPORT_DATE_SQ":"2022-06-30 00:00:00","REPORT_TYPE_SQ":"2022年中报","OPERATE_INCOME_SQ":12565928920.2,"DPS_HKD":0.61,"OPERATE_INCOME_QOQ_SQ":0,"NET_PROFIT_RATIO_SQ":3.3035218394,"HOLDER_PROFIT_SQ":396765223.2,"HOLDER_PROFIT_QOQ_SQ":0,"ROE_AVG_SQ":2.37599818369,"PE_TTM_SQ":6.857904204892,"PB_TTM_SQ":0.623166679388,"ROA_SQ":1.33467762785,"START_DATE":"2023-04-01 00:00:00","FISCAL_YEAR":"3-31","CURRENCY":"HKD","IS_CNY_CODE":0,"DPS_HKD_LY":0.51,"ORG_TYPE":"一般企业","PREMIUM_INCOME":null,"PREMIUM_INCOME_YOY":null,"NET_INTEREST_INCOME":null,"NET_INTEREST_INCOME_YOY":null,"FEE_COMMISSION_INCOME":null,"FEE_COMMISSION_INCOME_YOY":null,"ACCOUNTS_RECE_TDAYS":2.40900696316,"INVENTORY_TDAYS":2.513980529903,"CURRENT_ASSETS_TDAYS":1.012930306448,"TOTAL_ASSETS_TDAYS":0.478462758667,"PREMIUM_EXPENSE":null,"LOAN_DEPOSIT":null,"LOAN_EQUITY":null,"LOAN_ASSETS":null,"DEPOSIT_EQUITY":null,"DEPOSIT_ASSETS":null,"EQUITY_MULTIPLIER":1.60227013882,"EQUITY_RATIO":0.61361551665},{"SECUCODE":"00179.HK","SECURITY_CODE":"00179","SECURITY_NAME_ABBR":"德昌电机控股","ORG_CODE":"10007449","STD_REPORT_DATE":"2022-12-31 00:00:00","REPORT_DATE":"2023-03-31 00:00:00","DATE_TYPE_CODE":"001","REPORT_TYPE":"2022年年报","PER_NETCASH_OPERATE":3.200168598876,"PER_OI":26.978985811447,"BPS":17.994870830827,"BASIC_EPS":1.19705014,"DILUTED_EPS":1.19086561,"OPERATE_INCOME":25055035932.3,"OPERATE_INCOME_YOY":5.8055950935,"GROSS_PROFIT":4919525618.7,"GROSS_PROFIT_YOY":10.406095710878,"HOLDER_PROFIT":1084388618.5,"HOLDER_PROFIT_YOY":7.8256532196,"GROSS_PROFIT_RATIO":19.634877523197,"EPS_TTM":0.787515764883,"OPERATE_INCOME_QOQ":0,"NET_PROFIT_RATIO":4.4229220165,"ROE_AVG":6.489729136418,"GROSS_PROFIT_QOQ":0,"ROA":3.739292822136,"HOLDER_PROFIT_QOQ":0,"ROE_YEARLY":6.489729136418,"ROIC_YEARLY":4.178927643816,"TOTAL_ASSETS":28184896003,"TOTAL_LIABILITIES":11037317668.3,"TAX_EBT":10.920540227028,"OCF_SALES":11.861708298605,"TOTAL_PARENT_EQUITY":16814623854.6,"DEBT_ASSET_RATIO":39.1603987722,"OPERATE_PROFIT":1365502993.8,"PRETAX_PROFIT":1244018209.5,"NETCASH_OPERATE":2971955276.4,"NETCASH_INVEST":-1654705360,"NETCASH_FINANCE":-758450144.1,"END_CASH":2808216408.8,"DIVI_RATIO":0.701174915631,"DIVIDEND_RATE":5.765595463138,"CURRENT_RATIO":1.924592245247,"COMMON_ACS":1760000000,"CURRENTDEBT_DEBT":61.101457540442,"ISSUED_COMMON_SHARES":934412034,"HK_COMMON_SHARES":934412034,"PER_SHARES":500,"TOTAL_MARKET_CAP":9886079319.72,"HKSK_MARKET_CAP":9886079319.72,"PE_TTM":5.311910587525,"PB_TTM":0.483251491332,"REPORT_DATE_SQ":"2021-12-31 00:00:00","REPORT_TYPE_SQ":"2021年年报","OPERATE_INCOME_SQ":21876246351,"DPS_HKD":0.61,"OPERATE_INCOME_QOQ_SQ":0,"NET_PROFIT_RATIO_SQ":4.4164994465,"HOLDER_PROFIT_SQ":929071766.4,"HOLDER_PROFIT_QOQ_SQ":0,"ROE_AVG_SQ":6.307071537633,"PE_TTM_SQ":6.462050140023,"PB_TTM_SQ":0.587196059829,"ROA_SQ":3.502410372066,"START_DATE":"2022-04-01 00:00:00","FISCAL_YEAR":"3-31","CURRENCY":"HKD","IS_CNY_CODE":0,"DPS_HKD_LY":0.34,"ORG_TYPE":"一般企业","PREMIUM_INCOME":null,"PREMIUM_INCOME_YOY":null,"NET_INTEREST_INCOME":null,"NET_INTEREST_INCOME_YOY":null,"FEE_COMMISSION_INCOME":null,"FEE_COMMISSION_INCOME_YOY":null,"ACCOUNTS_RECE_TDAYS":4.439156563431,"INVENTORY_TDAYS":4.739661437504,"CURRENT_ASSETS_TDAYS":1.899638684468,"TOTAL_ASSETS_TDAYS":0.863971775632,"PREMIUM_EXPENSE":null,"LOAN_DEPOSIT":null,"LOAN_EQUITY":null,"LOAN_ASSETS":null,"DEPOSIT_EQUITY":null,"DEPOSIT_ASSETS":null,"EQUITY_MULTIPLIER":1.643666263123,"EQUITY_RATIO":0.656411809372},{"SECUCODE":"00179.HK","SECURITY_CODE":"00179","SECURITY_NAME_ABBR":"德昌电机控股","ORG_CODE":"10007449","STD_REPORT_DATE":"2022-06-30 00:00:00","REPORT_DATE":"2022-09-30 00:00:00","DATE_TYPE_CODE":"002","REPORT_TYPE":"2022年中报","PER_NETCASH_OPERATE":1.505873461914,"PER_OI":13.715041086647,"BPS":17.382729199954,"BASIC_EPS":0.44160756,"DILUTED_EPS":0.44089758,"OPERATE_INCOME":12565928920.2,"OPERATE_INCOME_YOY":5.7242494494,"GROSS_PROFIT":2517035295.6,"GROSS_PROFIT_YOY":8.602674992386,"HOLDER_PROFIT":396765223.2,"HOLDER_PROFIT_YOY":-40.0251129546,"GROSS_PROFIT_RATIO":20.030634516433,"EPS_TTM":1.025461639034,"OPERATE_INCOME_QOQ":0,"NET_PROFIT_RATIO":3.3035218394,"ROE_AVG":2.37599818369,"GROSS_PROFIT_QOQ":0,"ROA":1.33467762785,"HOLDER_PROFIT_QOQ":0,"ROE_YEARLY":4.751996367381,"ROIC_YEARLY":2.939962611276,"TOTAL_ASSETS":28650398023.8,"TOTAL_LIABILITIES":12111016335,"TAX_EBT":4.302923172608,"OCF_SALES":10.97972257174,"TOTAL_PARENT_EQUITY":16242631348.2,"DEBT_ASSET_RATIO":42.2717210593,"OPERATE_PROFIT":490106293.8,"PRETAX_PROFIT":433783580.4,"NETCASH_OPERATE":1379704134,"NETCASH_INVEST":-816860389.2,"NETCASH_FINANCE":-633337659,"END_CASH":2116911867,"DIVI_RATIO":0.538475822967,"DIVIDEND_RATE":5.765595463138,"CURRENT_RATIO":1.680167526338,"COMMON_ACS":1760000000,"CURRENTDEBT_DEBT":64.191344364164,"ISSUED_COMMON_SHARES":934412034,"HK_COMMON_SHARES":934412034,"PER_SHARES":500,"TOTAL_MARKET_CAP":9886079319.72,"HKSK_MARKET_CAP":9886079319.72,"PE_TTM":5.311910587525,"PB_TTM":0.483251491332,"REPORT_DATE_SQ":"2021-06-30 00:00:00","REPORT_TYPE_SQ":"2021年中报","OPERATE_INCOME_SQ":10857020063.4,"DPS_HKD":0.61,"OPERATE_INCOME_QOQ_SQ":0,"NET_PROFIT_RATIO_SQ":5.7538778224,"HOLDER_PROFIT_SQ":604303086.6,"HOLDER_PROFIT_QOQ_SQ":0,"ROE_AVG_SQ":4.114028422334,"PE_TTM_SQ":6.462050140023,"PB_TTM_SQ":0.587196059829,"ROA_SQ":2.251091161594,"START_DATE":"2022-04-01 00:00:00","FISCAL_YEAR":"3-31","CURRENCY":"HKD","IS_CNY_CODE":0,"DPS_HKD_LY":0.34,"ORG_TYPE":"一般企业","PREMIUM_INCOME":null,"PREMIUM_INCOME_YOY":null,"NET_INTEREST_INCOME":null,"NET_INTEREST_INCOME_YOY":null,"FEE_COMMISSION_INCOME":null,"FEE_COMMISSION_INCOME_YOY":null,"ACCOUNTS_RECE_TDAYS":2.171823097982,"INVENTORY_TDAYS":2.149475568947,"CURRENT_ASSETS_TDAYS":0.934056591227,"TOTAL_ASSETS_TDAYS":0.422704995858,"PREMIUM_EXPENSE":null,"LOAN_DEPOSIT":null,"LOAN_EQUITY":null,"LOAN_ASSETS":null,"DEPOSIT_EQUITY":null,"DEPOSIT_ASSETS":null,"EQUITY_MULTIPLIER":1.73225327058,"EQUITY_RATIO":0.74563142359},{"SECUCODE":"00179.HK","SECURITY_CODE":"00179","SECURITY_NAME_ABBR":"德昌电机控股","ORG_CODE":"10007449","STD_REPORT_DATE":"2021-12-31 00:00:00","REPORT_DATE":"2022-03-31 00:00:00","DATE_TYPE_CODE":"001","REPORT_TYPE":"2021年年报","PER_NETCASH_OPERATE":1.286374472837,"PER_OI":24.145875755036,"BPS":16.415735113489,"BASIC_EPS":1.03920034,"DILUTED_EPS":1.03031286,"OPERATE_INCOME":21876246351,"OPERATE_INCOME_YOY":9.1849502069,"GROSS_PROFIT":4455846017.4,"GROSS_PROFIT_YOY":-6.251566982889,"HOLDER_PROFIT":929071766.4,"HOLDER_PROFIT_YOY":-30.977432971,"GROSS_PROFIT_RATIO":20.368421281727,"EPS_TTM":1.448119486082,"OPERATE_INCOME_QOQ":0,"NET_PROFIT_RATIO":4.4164994465,"ROE_AVG":6.307071537633,"GROSS_PROFIT_QOQ":0,"ROA":3.502410372066,"HOLDER_PROFIT_QOQ":0,"ROE_YEARLY":6.307071537633,"ROIC_YEARLY":4.007731104771,"TOTAL_ASSETS":27543417803.2,"TOTAL_LIABILITIES":11662036988.4,"TAX_EBT":10.532472723853,"OCF_SALES":5.327512184222,"TOTAL_PARENT_EQUITY":15339060437,"DEBT_ASSET_RATIO":42.3405587198,"OPERATE_PROFIT":1190185928.8,"PRETAX_PROFIT":1079904998.4,"NETCASH_OPERATE":1165459689.8,"NETCASH_INVEST":-2229468795.4,"NETCASH_FINANCE":-152058434.6,"END_CASH":2192693672.8,"DIVI_RATIO":0.381312664671,"DIVIDEND_RATE":5.765595463138,"CURRENT_RATIO":1.846829218395,"COMMON_ACS":1760000000,"CURRENTDEBT_DEBT":57.473727070725,"ISSUED_COMMON_SHARES":934412034,"HK_COMMON_SHARES":934412034,"PER_SHARES":500,"TOTAL_MARKET_CAP":9886079319.72,"HKSK_MARKET_CAP":9886079319.72,"PE_TTM":5.311910587525,"PB_TTM":0.483251491332,"REPORT_DATE_SQ":"2020-12-31 00:00:00","REPORT_TYPE_SQ":"2020年年报","OPERATE_INCOME_SQ":20740093921.9,"DPS_HKD":0.61,"OPERATE_INCOME_QOQ_SQ":0,"NET_PROFIT_RATIO_SQ":6.9449201451,"HOLDER_PROFIT_SQ":1393345595.5,"HOLDER_PROFIT_QOQ_SQ":0,"ROE_AVG_SQ":10.463604264695,"PE_TTM_SQ":6.462050140023,"PB_TTM_SQ":0.587196059829,"ROA_SQ":5.670298490599,"START_DATE":"2021-04-01 00:00:00","FISCAL_YEAR":"3-31","CURRENCY":"HKD","IS_CNY_CODE":0,"DPS_HKD_LY":0.51,"ORG_TYPE":"一般企业","PREMIUM_INCOME":null,"PREMIUM_INCOME_YOY":null,"NET_INTEREST_INCOME":null,"NET_INTEREST_INCOME_YOY":null,"FEE_COMMISSION_INCOME":null,"FEE_COMMISSION_INCOME_YOY":null,"ACCOUNTS_RECE_TDAYS":4.348348102044,"INVENTORY_TDAYS":4.724516490583,"CURRENT_ASSETS_TDAYS":1.788509296623,"TOTAL_ASSETS_TDAYS":0.82468970528,"PREMIUM_EXPENSE":null,"LOAN_DEPOSIT":null,"LOAN_EQUITY":null,"LOAN_ASSETS":null,"DEPOSIT_EQUITY":null,"DEPOSIT_ASSETS":null,"EQUITY_MULTIPLIER":1.734321349283,"EQUITY_RATIO":0.760283658592},{"SECUCODE":"00179.HK","SECURITY_CODE":"00179","SECURITY_NAME_ABBR":"德昌电机控股","ORG_CODE":"10007449","STD_REPORT_DATE":"2021-06-30 00:00:00","REPORT_DATE":"2021-09-30 00:00:00","DATE_TYPE_CODE":"002","REPORT_TYPE":"2021年中报","PER_NETCASH_OPERATE":0.692985101591,"PER_OI":11.989894912051,"BPS":15.999638048112,"BASIC_EPS":0.67642722,"DILUTED_EPS":0.67188744,"OPERATE_INCOME":10857020063.4,"OPERATE_INCOME_YOY":25.8387768448,"GROSS_PROFIT":2317654971,"GROSS_PROFIT_YOY":13.580611340799,"HOLDER_PROFIT":604303086.6,"HOLDER_PROFIT_YOY":-7.5467579501,"GROSS_PROFIT_RATIO":21.347063535537,"EPS_TTM":1.541628406405,"OPERATE_INCOME_QOQ":0,"NET_PROFIT_RATIO":5.7538778224,"ROE_AVG":4.114028422334,"GROSS_PROFIT_QOQ":0,"ROA":2.251091161594,"HOLDER_PROFIT_QOQ":0,"ROE_YEARLY":8.228056844668,"ROIC_YEARLY":5.259227735245,"TOTAL_ASSETS":27628601704.2,"TOTAL_LIABILITIES":12144929707.8,"TAX_EBT":11.017090069284,"OCF_SALES":5.77974291413,"TOTAL_PARENT_EQUITY":14950254331.8,"DEBT_ASSET_RATIO":43.9578153025,"OPERATE_PROFIT":758311880.4,"PRETAX_PROFIT":702044550,"NETCASH_OPERATE":627507847.8,"NETCASH_INVEST":-1151567080.2,"NETCASH_FINANCE":193323288.6,"END_CASH":3155270322.6,"DIVI_RATIO":0.358183786512,"DIVIDEND_RATE":5.765595463138,"CURRENT_RATIO":1.815145080066,"COMMON_ACS":1760000000,"CURRENTDEBT_DEBT":57.20775347541,"ISSUED_COMMON_SHARES":934412034,"HK_COMMON_SHARES":934412034,"PER_SHARES":500,"TOTAL_MARKET_CAP":9886079319.72,"HKSK_MARKET_CAP":9886079319.72,"PE_TTM":5.311910587525,"PB_TTM":0.483251491332,"REPORT_DATE_SQ":"2020-06-30 00:00:00","REPORT_TYPE_SQ":"2020年中报","OPERATE_INCOME_SQ":9059680333,"DPS_HKD":0.61,"OPERATE_INCOME_QOQ_SQ":0,"NET_PROFIT_RATIO_SQ":7.7888193155,"HOLDER_PROFIT_SQ":686355928.5,"HOLDER_PROFIT_QOQ_SQ":0,"ROE_AVG_SQ":5.29075947872,"PE_TTM_SQ":6.462050140023,"PB_TTM_SQ":0.587196059829,"ROA_SQ":2.837041741122,"START_DATE":"2021-04-01 00:00:00","FISCAL_YEAR":"3-31","CURRENCY":"HKD","IS_CNY_CODE":0,"DPS_HKD_LY":0.51,"ORG_TYPE":"一般企业","PREMIUM_INCOME":null,"PREMIUM_INCOME_YOY":null,"NET_INTEREST_INCOME":null,"NET_INTEREST_INCOME_YOY":null,"FEE_COMMISSION_INCOME":null,"FEE_COMMISSION_INCOME_YOY":null,"ACCOUNTS_RECE_TDAYS":2.3003506718,"INVENTORY_TDAYS":2.250427497238,"CURRENT_ASSETS_TDAYS":0.870056312188,"TOTAL_ASSETS_TDAYS":0.404435165862,"PREMIUM_EXPENSE":null,"LOAN_DEPOSIT":null,"LOAN_EQUITY":null,"LOAN_ASSETS":null,"DEPOSIT_EQUITY":null,"DEPOSIT_ASSETS":null,"EQUITY_MULTIPLIER":1.784370122967,"EQUITY_RATIO":0.812356060189},{"SECUCODE":"00179.HK","SECURITY_CODE":"00179","SECURITY_NAME_ABBR":"德昌电机控股","ORG_CODE":"10007449","STD_REPORT_DATE":"2020-12-31 00:00:00","REPORT_DATE":"2021-03-31 00:00:00","DATE_TYPE_CODE":"001","REPORT_TYPE":"2020年年报","PER_NETCASH_OPERATE":3.158238838208,"PER_OI":22.947298965001,"BPS":15.644619310736,"BASIC_EPS":1.56199801,"DILUTED_EPS":1.5508268,"OPERATE_INCOME":20740093921.9,"OPERATE_INCOME_YOY":2.7903735078,"GROSS_PROFIT":4752981862.2,"GROSS_PROFIT_YOY":-0.211392235462,"HOLDER_PROFIT":1393345595.5,"HOLDER_PROFIT_YOY":142.9518876467,"GROSS_PROFIT_RATIO":22.916877233527,"EPS_TTM":-4.38419321236,"OPERATE_INCOME_QOQ":0,"NET_PROFIT_RATIO":6.9449201451,"ROE_AVG":10.463604264695,"GROSS_PROFIT_QOQ":0,"ROA":5.670298490599,"HOLDER_PROFIT_QOQ":0,"ROE_YEARLY":10.463604264695,"ROIC_YEARLY":6.628144332153,"TOTAL_ASSETS":26406374772,"TOTAL_LIABILITIES":11239597519.1,"TAX_EBT":11.751301428048,"OCF_SALES":13.763009071458,"TOTAL_PARENT_EQUITY":14618520551.3,"DEBT_ASSET_RATIO":42.5639551667,"OPERATE_PROFIT":1698628479.6,"PRETAX_PROFIT":1632186065.3,"NETCASH_OPERATE":2854461007.9,"NETCASH_INVEST":-1738943405.1,"NETCASH_FINANCE":-244090938.5,"END_CASH":3544999497.1,"DIVI_RATIO":-0.125949353337,"DIVIDEND_RATE":5.765595463138,"CURRENT_RATIO":1.984413374976,"COMMON_ACS":1760000000,"CURRENTDEBT_DEBT":56.085130615111,"ISSUED_COMMON_SHARES":934412034,"HK_COMMON_SHARES":934412034,"PER_SHARES":500,"TOTAL_MARKET_CAP":9886079319.72,"HKSK_MARKET_CAP":9886079319.72,"PE_TTM":5.311910587525,"PB_TTM":0.483251491332,"REPORT_DATE_SQ":"2019-12-31 00:00:00","REPORT_TYPE_SQ":"2019年年报","OPERATE_INCOME_SQ":21754693273.5,"DPS_HKD":0.61,"OPERATE_INCOME_QOQ_SQ":0,"NET_PROFIT_RATIO_SQ":-15.8564852132,"HOLDER_PROFIT_SQ":-3497609210.7,"HOLDER_PROFIT_QOQ_SQ":0,"ROE_AVG_SQ":-22.87881006848,"PE_TTM_SQ":6.462050140023,"PB_TTM_SQ":0.587196059829,"ROA_SQ":-12.758703171746,"START_DATE":"2020-04-01 00:00:00","FISCAL_YEAR":"3-31","CURRENCY":"HKD","IS_CNY_CODE":0,"DPS_HKD_LY":0.17,"ORG_TYPE":"一般企业","PREMIUM_INCOME":null,"PREMIUM_INCOME_YOY":null,"NET_INTEREST_INCOME":null,"NET_INTEREST_INCOME_YOY":null,"FEE_COMMISSION_INCOME":null,"FEE_COMMISSION_INCOME_YOY":null,"ACCOUNTS_RECE_TDAYS":4.697569401292,"INVENTORY_TDAYS":5.242788891499,"CURRENT_ASSETS_TDAYS":1.876332530067,"TOTAL_ASSETS_TDAYS":0.844029820312,"PREMIUM_EXPENSE":null,"LOAN_DEPOSIT":null,"LOAN_EQUITY":null,"LOAN_ASSETS":null,"DEPOSIT_EQUITY":null,"DEPOSIT_ASSETS":null,"EQUITY_MULTIPLIER":1.741066960482,"EQUITY_RATIO":0.768860123681},{"SECUCODE":"00179.HK","SECURITY_CODE":"00179","SECURITY_NAME_ABBR":"德昌电机控股","ORG_CODE":"10007449","STD_REPORT_DATE":"2020-06-30 00:00:00","REPORT_DATE":"2020-09-30 00:00:00","DATE_TYPE_CODE":"002","REPORT_TYPE":"2020年中报","PER_NETCASH_OPERATE":1.405050421933,"PER_OI":10.036785788821,"BPS":14.442422489285,"BASIC_EPS":0.7695413,"DILUTED_EPS":0.76749827,"OPERATE_INCOME":9059680333,"OPERATE_INCOME_YOY":-14.9954313391,"GROSS_PROFIT":2040537503.4,"GROSS_PROFIT_YOY":-19.160270236121,"HOLDER_PROFIT":686355928.5,"HOLDER_PROFIT_YOY":-37.8043136166,"GROSS_PROFIT_RATIO":22.523283696526,"EPS_TTM":-3.874833672987,"OPERATE_INCOME_QOQ":0,"NET_PROFIT_RATIO":7.7888193155,"ROE_AVG":5.29075947872,"GROSS_PROFIT_QOQ":0,"ROA":2.837041741122,"HOLDER_PROFIT_QOQ":0,"ROE_YEARLY":10.581518957439,"ROIC_YEARLY":6.609507992186,"TOTAL_ASSETS":24819961068.1,"TOTAL_LIABILITIES":10788015612,"TAX_EBT":11.394537463016,"OCF_SALES":13.999007764991,"TOTAL_PARENT_EQUITY":13495173374.1,"DEBT_ASSET_RATIO":43.4650787018,"OPERATE_PROFIT":828904941.7,"PRETAX_PROFIT":796386714.2,"NETCASH_OPERATE":1268265353.3,"NETCASH_INVEST":-811532376.6,"NETCASH_FINANCE":27601335.3,"END_CASH":3192881334.5,"DIVI_RATIO":-0.142505807114,"DIVIDEND_RATE":5.765595463138,"CURRENT_RATIO":2.061256705077,"COMMON_ACS":1760000000,"CURRENTDEBT_DEBT":50.427682246295,"ISSUED_COMMON_SHARES":934412034,"HK_COMMON_SHARES":934412034,"PER_SHARES":500,"TOTAL_MARKET_CAP":9886079319.72,"HKSK_MARKET_CAP":9886079319.72,"PE_TTM":5.311910587525,"PB_TTM":0.483251491332,"REPORT_DATE_SQ":"2019-06-30 00:00:00","REPORT_TYPE_SQ":"2019年中报","OPERATE_INCOME_SQ":11069159229,"DPS_HKD":0.61,"OPERATE_INCOME_QOQ_SQ":0,"NET_PROFIT_RATIO_SQ":10.6221046511,"HOLDER_PROFIT_SQ":1146128080.5,"HOLDER_PROFIT_QOQ_SQ":0,"ROE_AVG_SQ":6.438383405344,"PE_TTM_SQ":6.462050140023,"PB_TTM_SQ":0.587196059829,"ROA_SQ":3.775928707893,"START_DATE":"2020-04-01 00:00:00","FISCAL_YEAR":"3-31","CURRENCY":"HKD","IS_CNY_CODE":0,"DPS_HKD_LY":0.17,"ORG_TYPE":"一般企业","PREMIUM_INCOME":null,"PREMIUM_INCOME_YOY":null,"NET_INTEREST_INCOME":null,"NET_INTEREST_INCOME_YOY":null,"FEE_COMMISSION_INCOME":null,"FEE_COMMISSION_INCOME_YOY":null,"ACCOUNTS_RECE_TDAYS":2.092477130022,"INVENTORY_TDAYS":2.451120095125,"CURRENT_ASSETS_TDAYS":0.856296611934,"TOTAL_ASSETS_TDAYS":0.374480502006,"PREMIUM_EXPENSE":null,"LOAN_DEPOSIT":null,"LOAN_EQUITY":null,"LOAN_ASSETS":null,"DEPOSIT_EQUITY":null,"DEPOSIT_ASSETS":null,"EQUITY_MULTIPLIER":1.768818240191,"EQUITY_RATIO":0.799398074626}],"count":46},"success":true,"message":"ok","code":0}