{"version":"38517373ae937139454ab1de86816e82","result":{"pages":5,"data":[{"SECUCODE":"00189.HK","SECURITY_CODE":"00189","SECURITY_NAME_ABBR":"东岳集团","ORG_CODE":"10104849","STD_REPORT_DATE":"2024-06-30 00:00:00","REPORT_DATE":"2024-06-30 00:00:00","DATE_TYPE_CODE":"002","REPORT_TYPE":"2024年中报","PER_NETCASH_OPERATE":0.236344000499,"PER_OI":4.190548412644,"BPS":6.61337394827,"BASIC_EPS":0.17,"DILUTED_EPS":0.17,"OPERATE_INCOME":7261012000,"OPERATE_INCOME_YOY":0.8738542654,"GROSS_PROFIT":1439894000,"GROSS_PROFIT_YOY":27.158115978505,"HOLDER_PROFIT":307649000,"HOLDER_PROFIT_YOY":8.3763399572,"GROSS_PROFIT_RATIO":19.83048643908,"EPS_TTM":0.422211627358,"OPERATE_INCOME_QOQ":0.433999849448,"NET_PROFIT_RATIO":5.4428776595,"ROE_AVG":2.343698548117,"GROSS_PROFIT_QOQ":12.623664326754,"ROA":1.439605431249,"HOLDER_PROFIT_QOQ":3.359456790333,"ROE_YEARLY":4.687397096235,"ROIC_YEARLY":4.035500583897,"TOTAL_ASSETS":20791994000,"TOTAL_LIABILITIES":4099118000,"TAX_EBT":41.266024450198,"OCF_SALES":5.639930081372,"TOTAL_PARENT_EQUITY":11459070000,"DEBT_ASSET_RATIO":19.7148864125,"OPERATE_PROFIT":680285000,"PRETAX_PROFIT":672878000,"NETCASH_OPERATE":409516000,"NETCASH_INVEST":-177243000,"NETCASH_FINANCE":-455390000,"END_CASH":2321189000,"DIVI_RATIO":0.214636438525,"DIVIDEND_RATE":1.25786163522,"CURRENT_RATIO":1.889515601141,"COMMON_ACS":4000000000,"CURRENTDEBT_DEBT":87.134012731519,"ISSUED_COMMON_SHARES":1732711637,"HK_COMMON_SHARES":1732711637,"PER_SHARES":1000,"TOTAL_MARKET_CAP":13775057514.15,"HKSK_MARKET_CAP":13775057514.15,"PE_TTM":17.001434734979,"PB_TTM":1.097141346725,"REPORT_DATE_SQ":"2023-06-30 00:00:00","REPORT_TYPE_SQ":"2023年中报","OPERATE_INCOME_SQ":7198111000,"DPS_HKD":0.1,"OPERATE_INCOME_QOQ_SQ":-14.555516010894,"NET_PROFIT_RATIO_SQ":2.8906056047,"HOLDER_PROFIT_SQ":283871000,"HOLDER_PROFIT_QOQ_SQ":-36.542335585245,"ROE_AVG_SQ":1.852045525437,"PE_TTM_SQ":5.590152760632,"PB_TTM_SQ":0.935352037009,"ROA_SQ":1.184175397672,"START_DATE":"2024-01-01 00:00:00","FISCAL_YEAR":"12-31","CURRENCY":"HKD","IS_CNY_CODE":0,"DPS_HKD_LY":0.1,"ORG_TYPE":"一般企业","PREMIUM_INCOME":null,"PREMIUM_INCOME_YOY":null,"NET_INTEREST_INCOME":null,"NET_INTEREST_INCOME_YOY":null,"FEE_COMMISSION_INCOME":null,"FEE_COMMISSION_INCOME_YOY":null,"ACCOUNTS_RECE_TDAYS":2.72563682235,"INVENTORY_TDAYS":2.886879371952,"CURRENT_ASSETS_TDAYS":1.008679267195,"TOTAL_ASSETS_TDAYS":0.339770072764,"PREMIUM_EXPENSE":null,"LOAN_DEPOSIT":null,"LOAN_EQUITY":null,"LOAN_ASSETS":null,"DEPOSIT_EQUITY":null,"DEPOSIT_ASSETS":null,"EQUITY_MULTIPLIER":1.245560920718,"EQUITY_RATIO":0.357718209244},{"SECUCODE":"00189.HK","SECURITY_CODE":"00189","SECURITY_NAME_ABBR":"东岳集团","ORG_CODE":"10104849","STD_REPORT_DATE":"2023-12-31 00:00:00","REPORT_DATE":"2023-12-31 00:00:00","DATE_TYPE_CODE":"001","REPORT_TYPE":"2023年年报","PER_NETCASH_OPERATE":0.610532208396,"PER_OI":6.430931718585,"BPS":8.538189900782,"BASIC_EPS":0.32,"DILUTED_EPS":0.32,"OPERATE_INCOME":14493323000,"OPERATE_INCOME_YOY":-27.6346530665,"GROSS_PROFIT":2436131000,"GROSS_PROFIT_YOY":-62.603741788731,"HOLDER_PROFIT":707793000,"HOLDER_PROFIT_YOY":-81.6421776566,"GROSS_PROFIT_RATIO":16.808643538821,"EPS_TTM":0.314059684856,"OPERATE_INCOME_QOQ":-15.307175425475,"NET_PROFIT_RATIO":4.2163208534,"ROE_AVG":4.584709944757,"GROSS_PROFIT_QOQ":-37.837800597144,"ROA":3.038149325529,"HOLDER_PROFIT_QOQ":-71.070756365375,"ROE_YEARLY":4.584709944757,"ROIC_YEARLY":4.142197825787,"TOTAL_ASSETS":21948745000,"TOTAL_LIABILITIES":5010336000,"TAX_EBT":6.443335665545,"OCF_SALES":9.493682021714,"TOTAL_PARENT_EQUITY":14794221000,"DEBT_ASSET_RATIO":22.8274372863,"OPERATE_PROFIT":619865000,"PRETAX_PROFIT":653171000,"NETCASH_OPERATE":1375950000,"NETCASH_INVEST":-2634000000,"NETCASH_FINANCE":-1510647000,"END_CASH":2547297000,"DIVI_RATIO":0.288550248153,"DIVIDEND_RATE":1.345895020188,"CURRENT_RATIO":1.677322349784,"COMMON_ACS":4000000000,"CURRENTDEBT_DEBT":91.007648988012,"ISSUED_COMMON_SHARES":1732711637,"HK_COMMON_SHARES":1732711637,"PER_SHARES":1000,"TOTAL_MARKET_CAP":12874047462.91,"HKSK_MARKET_CAP":12874047462.91,"PE_TTM":15.889391205144,"PB_TTM":1.025378642285,"REPORT_DATE_SQ":"2022-12-31 00:00:00","REPORT_TYPE_SQ":"2022年年报","OPERATE_INCOME_SQ":20027988000,"DPS_HKD":0.1,"OPERATE_INCOME_QOQ_SQ":2.779539551698,"NET_PROFIT_RATIO_SQ":20.8514055431,"HOLDER_PROFIT_SQ":3855539000,"HOLDER_PROFIT_QOQ_SQ":21.841691779506,"ROE_AVG_SQ":26.402738735131,"PE_TTM_SQ":4.695387455957,"PB_TTM_SQ":0.785638677426,"ROA_SQ":16.673980064297,"START_DATE":"2023-01-01 00:00:00","FISCAL_YEAR":"12-31","CURRENCY":"HKD","IS_CNY_CODE":0,"DPS_HKD_LY":0.6,"ORG_TYPE":"一般企业","PREMIUM_INCOME":null,"PREMIUM_INCOME_YOY":null,"NET_INTEREST_INCOME":null,"NET_INTEREST_INCOME_YOY":null,"FEE_COMMISSION_INCOME":null,"FEE_COMMISSION_INCOME_YOY":null,"ACCOUNTS_RECE_TDAYS":5.238274368068,"INVENTORY_TDAYS":4.72111228057,"CURRENT_ASSETS_TDAYS":1.543496959215,"TOTAL_ASSETS_TDAYS":0.622115215849,"PREMIUM_EXPENSE":null,"LOAN_DEPOSIT":null,"LOAN_EQUITY":null,"LOAN_ASSETS":null,"DEPOSIT_EQUITY":null,"DEPOSIT_ASSETS":null,"EQUITY_MULTIPLIER":1.295797320752,"EQUITY_RATIO":0.338668457096},{"SECUCODE":"00189.HK","SECURITY_CODE":"00189","SECURITY_NAME_ABBR":"东岳集团","ORG_CODE":"10104849","STD_REPORT_DATE":"2023-06-30 00:00:00","REPORT_DATE":"2023-06-30 00:00:00","DATE_TYPE_CODE":"002","REPORT_TYPE":"2023年中报","PER_NETCASH_OPERATE":0.316418039947,"PER_OI":3.193923184062,"BPS":8.410426575787,"BASIC_EPS":0.13,"DILUTED_EPS":0.13,"OPERATE_INCOME":7198111000,"OPERATE_INCOME_YOY":-28.8252149054,"GROSS_PROFIT":1132365000,"GROSS_PROFIT_YOY":-69.623324556803,"HOLDER_PROFIT":283871000,"HOLDER_PROFIT_YOY":-83.2304352321,"GROSS_PROFIT_RATIO":15.731418979229,"EPS_TTM":1.08561319066,"OPERATE_INCOME_QOQ":-14.555516010894,"NET_PROFIT_RATIO":2.8906056047,"ROE_AVG":1.852045525437,"GROSS_PROFIT_QOQ":-39.840838048677,"ROA":1.184175397672,"HOLDER_PROFIT_QOQ":-36.542335585245,"ROE_YEARLY":3.704091050875,"ROIC_YEARLY":3.360792872971,"TOTAL_ASSETS":23299131000,"TOTAL_LIABILITIES":6556570000,"TAX_EBT":27.692307692308,"OCF_SALES":9.906876957024,"TOTAL_PARENT_EQUITY":14572844000,"DEBT_ASSET_RATIO":28.1408349522,"OPERATE_PROFIT":272386000,"PRETAX_PROFIT":287755000,"NETCASH_OPERATE":713108000,"NETCASH_INVEST":-996433000,"NETCASH_FINANCE":-771953000,"END_CASH":4260716000,"DIVI_RATIO":0.083475404297,"DIVIDEND_RATE":1.345895020188,"CURRENT_RATIO":1.578927392497,"COMMON_ACS":4000000000,"CURRENTDEBT_DEBT":90.416010200455,"ISSUED_COMMON_SHARES":1732711637,"HK_COMMON_SHARES":1732711637,"PER_SHARES":1000,"TOTAL_MARKET_CAP":12874047462.91,"HKSK_MARKET_CAP":12874047462.91,"PE_TTM":15.889391205144,"PB_TTM":1.025378642285,"REPORT_DATE_SQ":"2022-06-30 00:00:00","REPORT_TYPE_SQ":"2022年中报","OPERATE_INCOME_SQ":10113288000,"DPS_HKD":0.1,"OPERATE_INCOME_QOQ_SQ":22.989284172688,"NET_PROFIT_RATIO_SQ":19.4559870143,"HOLDER_PROFIT_SQ":1692775000,"HOLDER_PROFIT_QOQ_SQ":52.51197319508,"ROE_AVG_SQ":12.414452284508,"PE_TTM_SQ":4.695387455957,"PB_TTM_SQ":0.785638677426,"ROA_SQ":7.458914556801,"START_DATE":"2023-01-01 00:00:00","FISCAL_YEAR":"12-31","CURRENCY":"HKD","IS_CNY_CODE":0,"DPS_HKD_LY":0.6,"ORG_TYPE":"一般企业","PREMIUM_INCOME":null,"PREMIUM_INCOME_YOY":null,"NET_INTEREST_INCOME":null,"NET_INTEREST_INCOME_YOY":null,"FEE_COMMISSION_INCOME":null,"FEE_COMMISSION_INCOME_YOY":null,"ACCOUNTS_RECE_TDAYS":2.581754044913,"INVENTORY_TDAYS":2.365268327454,"CURRENT_ASSETS_TDAYS":0.702535848857,"TOTAL_ASSETS_TDAYS":0.300271107507,"PREMIUM_EXPENSE":null,"LOAN_DEPOSIT":null,"LOAN_EQUITY":null,"LOAN_ASSETS":null,"DEPOSIT_EQUITY":null,"DEPOSIT_ASSETS":null,"EQUITY_MULTIPLIER":1.391610936941,"EQUITY_RATIO":0.449916982574},{"SECUCODE":"00189.HK","SECURITY_CODE":"00189","SECURITY_NAME_ABBR":"东岳集团","ORG_CODE":"10104849","STD_REPORT_DATE":"2022-12-31 00:00:00","REPORT_DATE":"2022-12-31 00:00:00","DATE_TYPE_CODE":"001","REPORT_TYPE":"2022年年报","PER_NETCASH_OPERATE":2.255209114425,"PER_OI":8.886755872938,"BPS":9.281416282195,"BASIC_EPS":1.73,"DILUTED_EPS":1.73,"OPERATE_INCOME":20027988000,"OPERATE_INCOME_YOY":26.4078199706,"GROSS_PROFIT":6514371000,"GROSS_PROFIT_YOY":24.853520126357,"HOLDER_PROFIT":3855539000,"HOLDER_PROFIT_YOY":85.8231683072,"GROSS_PROFIT_RATIO":32.526337643102,"EPS_TTM":1.710767644338,"OPERATE_INCOME_QOQ":2.779539551698,"NET_PROFIT_RATIO":20.8514055431,"ROE_AVG":26.402738735131,"GROSS_PROFIT_QOQ":-10.140979862739,"ROA":16.673980064297,"HOLDER_PROFIT_QOQ":21.841691779506,"ROE_YEARLY":26.402738735131,"ROIC_YEARLY":24.95403404044,"TOTAL_ASSETS":24644949000,"TOTAL_LIABILITIES":6151472000,"TAX_EBT":18.51566470994,"OCF_SALES":25.377192157295,"TOTAL_PARENT_EQUITY":16082018000,"DEBT_ASSET_RATIO":24.9603762621,"OPERATE_PROFIT":5114956000,"PRETAX_PROFIT":5125055000,"NETCASH_OPERATE":5082541000,"NETCASH_INVEST":-2906415000,"NETCASH_FINANCE":-1962684000,"END_CASH":5315994000,"DIVI_RATIO":0.052971541927,"DIVIDEND_RATE":1.345895020188,"CURRENT_RATIO":1.9974327835,"COMMON_ACS":4000000000,"CURRENTDEBT_DEBT":90.595584276414,"ISSUED_COMMON_SHARES":1732711637,"HK_COMMON_SHARES":1732711637,"PER_SHARES":1000,"TOTAL_MARKET_CAP":12874047462.91,"HKSK_MARKET_CAP":12874047462.91,"PE_TTM":15.889391205144,"PB_TTM":1.025378642285,"REPORT_DATE_SQ":"2021-12-31 00:00:00","REPORT_TYPE_SQ":"2021年年报","OPERATE_INCOME_SQ":15843947000,"DPS_HKD":0.1,"OPERATE_INCOME_QOQ_SQ":33.379715574634,"NET_PROFIT_RATIO_SQ":16.9247284152,"HOLDER_PROFIT_SQ":2074843000,"HOLDER_PROFIT_QOQ_SQ":113.620990185046,"ROE_AVG_SQ":19.153086139515,"PE_TTM_SQ":4.695387455957,"PB_TTM_SQ":0.785638677426,"ROA_SQ":10.716310438592,"START_DATE":"2022-01-01 00:00:00","FISCAL_YEAR":"12-31","CURRENCY":"HKD","IS_CNY_CODE":0,"DPS_HKD_LY":0.34,"ORG_TYPE":"一般企业","PREMIUM_INCOME":null,"PREMIUM_INCOME_YOY":null,"NET_INTEREST_INCOME":null,"NET_INTEREST_INCOME_YOY":null,"FEE_COMMISSION_INCOME":null,"FEE_COMMISSION_INCOME_YOY":null,"ACCOUNTS_RECE_TDAYS":6.990762052161,"INVENTORY_TDAYS":4.68216958915,"CURRENT_ASSETS_TDAYS":1.805813690281,"TOTAL_ASSETS_TDAYS":0.866146789437,"PREMIUM_EXPENSE":null,"LOAN_DEPOSIT":null,"LOAN_EQUITY":null,"LOAN_ASSETS":null,"DEPOSIT_EQUITY":null,"DEPOSIT_ASSETS":null,"EQUITY_MULTIPLIER":1.332629283287,"EQUITY_RATIO":0.382506225276},{"SECUCODE":"00189.HK","SECURITY_CODE":"00189","SECURITY_NAME_ABBR":"东岳集团","ORG_CODE":"10104849","STD_REPORT_DATE":"2022-06-30 00:00:00","REPORT_DATE":"2022-06-30 00:00:00","DATE_TYPE_CODE":"002","REPORT_TYPE":"2022年中报","PER_NETCASH_OPERATE":1.129368109858,"PER_OI":4.487436357996,"BPS":8.16492294384,"BASIC_EPS":0.76,"DILUTED_EPS":0.76,"OPERATE_INCOME":10113288000,"OPERATE_INCOME_YOY":56.2892701732,"GROSS_PROFIT":3727745000,"GROSS_PROFIT_YOY":119.820911540798,"HOLDER_PROFIT":1692775000,"HOLDER_PROFIT_YOY":180.6166429611,"GROSS_PROFIT_RATIO":36.859871883407,"EPS_TTM":1.404090520537,"OPERATE_INCOME_QOQ":22.989284172688,"NET_PROFIT_RATIO":19.4559870143,"ROE_AVG":12.414452284508,"GROSS_PROFIT_QOQ":38.943780975623,"ROA":7.458914556801,"HOLDER_PROFIT_QOQ":52.51197319508,"ROE_YEARLY":24.828904569016,"ROIC_YEARLY":22.886440854415,"TOTAL_ASSETS":23788086000,"TOTAL_LIABILITIES":7126023000,"TAX_EBT":17.362785786823,"OCF_SALES":25.167334303147,"TOTAL_PARENT_EQUITY":14147457000,"DEBT_ASSET_RATIO":29.956268865,"OPERATE_PROFIT":2382535000,"PRETAX_PROFIT":2381058000,"NETCASH_OPERATE":2545245000,"NETCASH_INVEST":-1697560000,"NETCASH_FINANCE":-278765000,"END_CASH":5671472000,"DIVI_RATIO":0.064541422846,"DIVIDEND_RATE":1.345895020188,"CURRENT_RATIO":1.940289314034,"COMMON_ACS":4000000000,"CURRENTDEBT_DEBT":87.780786000831,"ISSUED_COMMON_SHARES":1732711637,"HK_COMMON_SHARES":1732711637,"PER_SHARES":1000,"TOTAL_MARKET_CAP":12874047462.91,"HKSK_MARKET_CAP":12874047462.91,"PE_TTM":15.889391205144,"PB_TTM":1.025378642285,"REPORT_DATE_SQ":"2021-06-30 00:00:00","REPORT_TYPE_SQ":"2021年中报","OPERATE_INCOME_SQ":6470878000,"DPS_HKD":0.1,"OPERATE_INCOME_QOQ_SQ":18.264215780611,"NET_PROFIT_RATIO_SQ":12.2825681461,"HOLDER_PROFIT_SQ":603234000,"HOLDER_PROFIT_QOQ_SQ":25.785354722489,"ROE_AVG_SQ":6.962066952566,"PE_TTM_SQ":4.695387455957,"PB_TTM_SQ":0.785638677426,"ROA_SQ":3.448653377332,"START_DATE":"2022-01-01 00:00:00","FISCAL_YEAR":"12-31","CURRENCY":"HKD","IS_CNY_CODE":0,"DPS_HKD_LY":0.34,"ORG_TYPE":"一般企业","PREMIUM_INCOME":null,"PREMIUM_INCOME_YOY":null,"NET_INTEREST_INCOME":null,"NET_INTEREST_INCOME_YOY":null,"FEE_COMMISSION_INCOME":null,"FEE_COMMISSION_INCOME_YOY":null,"ACCOUNTS_RECE_TDAYS":3.46202078283,"INVENTORY_TDAYS":2.071583422967,"CURRENT_ASSETS_TDAYS":0.872319798702,"TOTAL_ASSETS_TDAYS":0.445624203337,"PREMIUM_EXPENSE":null,"LOAN_DEPOSIT":null,"LOAN_EQUITY":null,"LOAN_ASSETS":null,"DEPOSIT_EQUITY":null,"DEPOSIT_ASSETS":null,"EQUITY_MULTIPLIER":1.427679513635,"EQUITY_RATIO":0.503696388687},{"SECUCODE":"00189.HK","SECURITY_CODE":"00189","SECURITY_NAME_ABBR":"东岳集团","ORG_CODE":"10104849","STD_REPORT_DATE":"2021-12-31 00:00:00","REPORT_DATE":"2021-12-31 00:00:00","DATE_TYPE_CODE":"001","REPORT_TYPE":"2021年年报","PER_NETCASH_OPERATE":1.735575366294,"PER_OI":7.025547205945,"BPS":7.574013309406,"BASIC_EPS":0.98,"DILUTED_EPS":0.98,"OPERATE_INCOME":15843947000,"OPERATE_INCOME_YOY":57.7404746348,"GROSS_PROFIT":5217611000,"GROSS_PROFIT_YOY":132.45212055978,"HOLDER_PROFIT":2074843000,"HOLDER_PROFIT_YOY":168.703920266,"GROSS_PROFIT_RATIO":32.931257596355,"EPS_TTM":0.920030055732,"OPERATE_INCOME_QOQ":33.379715574634,"NET_PROFIT_RATIO":16.9247284152,"ROE_AVG":19.153086139515,"GROSS_PROFIT_QOQ":77.832079645264,"ROA":10.716310438592,"HOLDER_PROFIT_QOQ":113.620990185046,"ROE_YEARLY":19.153086139515,"ROIC_YEARLY":16.704613160922,"TOTAL_ASSETS":21601226000,"TOTAL_LIABILITIES":5962603000,"TAX_EBT":17.343642163621,"OCF_SALES":24.703774886397,"TOTAL_PARENT_EQUITY":13123581000,"DEBT_ASSET_RATIO":27.6030767883,"OPERATE_PROFIT":3305524000,"PRETAX_PROFIT":3244209000,"NETCASH_OPERATE":3914053000,"NETCASH_INVEST":-4086745000,"NETCASH_FINANCE":999516000,"END_CASH":5102552000,"DIVI_RATIO":0.098498956024,"DIVIDEND_RATE":1.345895020188,"CURRENT_RATIO":2.105780899356,"COMMON_ACS":4000000000,"CURRENTDEBT_DEBT":88.006664203537,"ISSUED_COMMON_SHARES":1732711637,"HK_COMMON_SHARES":1732711637,"PER_SHARES":1000,"TOTAL_MARKET_CAP":12874047462.91,"HKSK_MARKET_CAP":12874047462.91,"PE_TTM":15.889391205144,"PB_TTM":1.025378642285,"REPORT_DATE_SQ":"2020-12-31 00:00:00","REPORT_TYPE_SQ":"2020年年报","OPERATE_INCOME_SQ":10044313000,"DPS_HKD":0.1,"OPERATE_INCOME_QOQ_SQ":-13.021852621837,"NET_PROFIT_RATIO_SQ":8.9887282485,"HOLDER_PROFIT_SQ":772167000,"HOLDER_PROFIT_QOQ_SQ":-25.021847714632,"ROE_AVG_SQ":9.403869427745,"PE_TTM_SQ":4.695387455957,"PB_TTM_SQ":0.785638677426,"ROA_SQ":4.818034069487,"START_DATE":"2021-01-01 00:00:00","FISCAL_YEAR":"12-31","CURRENCY":"HKD","IS_CNY_CODE":0,"DPS_HKD_LY":0.14,"ORG_TYPE":"一般企业","PREMIUM_INCOME":null,"PREMIUM_INCOME_YOY":null,"NET_INTEREST_INCOME":null,"NET_INTEREST_INCOME_YOY":null,"FEE_COMMISSION_INCOME":null,"FEE_COMMISSION_INCOME_YOY":null,"ACCOUNTS_RECE_TDAYS":7.174409045473,"INVENTORY_TDAYS":3.149886084797,"CURRENT_ASSETS_TDAYS":1.511639635507,"TOTAL_ASSETS_TDAYS":0.818320492802,"PREMIUM_EXPENSE":null,"LOAN_DEPOSIT":null,"LOAN_EQUITY":null,"LOAN_ASSETS":null,"DEPOSIT_EQUITY":null,"DEPOSIT_ASSETS":null,"EQUITY_MULTIPLIER":1.381274169727,"EQUITY_RATIO":0.454342682839},{"SECUCODE":"00189.HK","SECURITY_CODE":"00189","SECURITY_NAME_ABBR":"东岳集团","ORG_CODE":"10104849","STD_REPORT_DATE":"2021-06-30 00:00:00","REPORT_DATE":"2021-06-30 00:00:00","DATE_TYPE_CODE":"002","REPORT_TYPE":"2021年中报","PER_NETCASH_OPERATE":0.57273478216,"PER_OI":3.064313260967,"BPS":5.071160031691,"BASIC_EPS":0.29,"DILUTED_EPS":0.29,"OPERATE_INCOME":6470878000,"OPERATE_INCOME_YOY":39.5679760191,"GROSS_PROFIT":1695810000,"GROSS_PROFIT_YOY":68.50325319258,"HOLDER_PROFIT":603234000,"HOLDER_PROFIT_YOY":49.268053686,"GROSS_PROFIT_RATIO":26.206799139159,"EPS_TTM":0.459950679632,"OPERATE_INCOME_QOQ":18.264215780611,"NET_PROFIT_RATIO":12.2825681461,"ROE_AVG":6.962066952566,"GROSS_PROFIT_QOQ":30.71439136486,"ROA":3.448653377332,"HOLDER_PROFIT_QOQ":25.785354722489,"ROE_YEARLY":13.924133905132,"ROIC_YEARLY":10.815792354229,"TOTAL_ASSETS":17861883000,"TOTAL_LIABILITIES":6975302000,"TAX_EBT":20.353343788675,"OCF_SALES":18.690477551887,"TOTAL_PARENT_EQUITY":8786858000,"DEBT_ASSET_RATIO":39.0513251039,"OPERATE_PROFIT":1043630000,"PRETAX_PROFIT":997895000,"NETCASH_OPERATE":1209438000,"NETCASH_INVEST":-1128644000,"NETCASH_FINANCE":-45815000,"END_CASH":4310707000,"DIVI_RATIO":0.197025472541,"DIVIDEND_RATE":1.345895020188,"CURRENT_RATIO":1.787801112073,"COMMON_ACS":4000000000,"CURRENTDEBT_DEBT":77.008680054283,"ISSUED_COMMON_SHARES":1732711637,"HK_COMMON_SHARES":1732711637,"PER_SHARES":1000,"TOTAL_MARKET_CAP":12874047462.91,"HKSK_MARKET_CAP":12874047462.91,"PE_TTM":15.889391205144,"PB_TTM":1.025378642285,"REPORT_DATE_SQ":"2020-06-30 00:00:00","REPORT_TYPE_SQ":"2020年中报","OPERATE_INCOME_SQ":4636363000,"DPS_HKD":0.1,"OPERATE_INCOME_QOQ_SQ":-10.885388741395,"NET_PROFIT_RATIO_SQ":9.6357209304,"HOLDER_PROFIT_SQ":404128000,"HOLDER_PROFIT_QOQ_SQ":-29.605310825756,"ROE_AVG_SQ":5.006186380252,"PE_TTM_SQ":4.695387455957,"PB_TTM_SQ":0.785638677426,"ROA_SQ":2.53175357677,"START_DATE":"2021-01-01 00:00:00","FISCAL_YEAR":"12-31","CURRENCY":"HKD","IS_CNY_CODE":0,"DPS_HKD_LY":0.14,"ORG_TYPE":"一般企业","PREMIUM_INCOME":null,"PREMIUM_INCOME_YOY":null,"NET_INTEREST_INCOME":null,"NET_INTEREST_INCOME_YOY":null,"FEE_COMMISSION_INCOME":null,"FEE_COMMISSION_INCOME_YOY":null,"ACCOUNTS_RECE_TDAYS":3.534977047618,"INVENTORY_TDAYS":1.416356024418,"CURRENT_ASSETS_TDAYS":0.663140134831,"TOTAL_ASSETS_TDAYS":0.369936297838,"PREMIUM_EXPENSE":null,"LOAN_DEPOSIT":null,"LOAN_EQUITY":null,"LOAN_ASSETS":null,"DEPOSIT_EQUITY":null,"DEPOSIT_ASSETS":null,"EQUITY_MULTIPLIER":1.640724760144,"EQUITY_RATIO":0.79383347267},{"SECUCODE":"00189.HK","SECURITY_CODE":"00189","SECURITY_NAME_ABBR":"东岳集团","ORG_CODE":"10104849","STD_REPORT_DATE":"2020-12-31 00:00:00","REPORT_DATE":"2020-12-31 00:00:00","DATE_TYPE_CODE":"001","REPORT_TYPE":"2020年年报","PER_NETCASH_OPERATE":1.070500681171,"PER_OI":4.756529411187,"BPS":4.930021717168,"BASIC_EPS":0.37,"DILUTED_EPS":0.37,"OPERATE_INCOME":10044313000,"OPERATE_INCOME_YOY":-22.489762084,"GROSS_PROFIT":2244596000,"GROSS_PROFIT_YOY":-34.862251670235,"HOLDER_PROFIT":772167000,"HOLDER_PROFIT_YOY":-47.2193627501,"GROSS_PROFIT_RATIO":22.346934031227,"EPS_TTM":0.365663141506,"OPERATE_INCOME_QOQ":-13.021852621837,"NET_PROFIT_RATIO":8.9887282485,"ROE_AVG":9.403869427745,"GROSS_PROFIT_QOQ":-18.090033977771,"ROA":4.818034069487,"HOLDER_PROFIT_QOQ":-25.021847714632,"ROE_YEARLY":9.403869427745,"ROIC_YEARLY":7.093906127497,"TOTAL_ASSETS":17121859000,"TOTAL_LIABILITIES":6591347000,"TAX_EBT":11.190502655365,"OCF_SALES":22.505919518836,"TOTAL_PARENT_EQUITY":8542306000,"DEBT_ASSET_RATIO":38.4966784273,"OPERATE_PROFIT":1116676000,"PRETAX_PROFIT":1016621000,"NETCASH_OPERATE":2260565000,"NETCASH_INVEST":-1959724000,"NETCASH_FINANCE":1031095000,"END_CASH":4275728000,"DIVI_RATIO":0.247829189529,"DIVIDEND_RATE":1.345895020188,"CURRENT_RATIO":1.729612332765,"COMMON_ACS":4000000000,"CURRENTDEBT_DEBT":86.948464403407,"ISSUED_COMMON_SHARES":1732711637,"HK_COMMON_SHARES":1732711637,"PER_SHARES":1000,"TOTAL_MARKET_CAP":12874047462.91,"HKSK_MARKET_CAP":12874047462.91,"PE_TTM":15.889391205144,"PB_TTM":1.025378642285,"REPORT_DATE_SQ":"2019-12-31 00:00:00","REPORT_TYPE_SQ":"2019年年报","OPERATE_INCOME_SQ":12958692000,"DPS_HKD":0.1,"OPERATE_INCOME_QOQ_SQ":0.511496930134,"NET_PROFIT_RATIO_SQ":13.4448831719,"HOLDER_PROFIT_SQ":1462974000,"HOLDER_PROFIT_QOQ_SQ":-16.832625384294,"ROE_AVG_SQ":18.042891168785,"PE_TTM_SQ":4.695387455957,"PB_TTM_SQ":0.785638677426,"ROA_SQ":9.30195621136,"START_DATE":"2020-01-01 00:00:00","FISCAL_YEAR":"12-31","CURRENCY":"HKD","IS_CNY_CODE":0,"DPS_HKD_LY":0.23,"ORG_TYPE":"一般企业","PREMIUM_INCOME":null,"PREMIUM_INCOME_YOY":null,"NET_INTEREST_INCOME":null,"NET_INTEREST_INCOME_YOY":null,"FEE_COMMISSION_INCOME":null,"FEE_COMMISSION_INCOME_YOY":null,"ACCOUNTS_RECE_TDAYS":5.855567746178,"INVENTORY_TDAYS":2.164751924999,"CURRENT_ASSETS_TDAYS":1.088440159113,"TOTAL_ASSETS_TDAYS":0.626727666924,"PREMIUM_EXPENSE":null,"LOAN_DEPOSIT":null,"LOAN_EQUITY":null,"LOAN_ASSETS":null,"DEPOSIT_EQUITY":null,"DEPOSIT_ASSETS":null,"EQUITY_MULTIPLIER":1.625928444886,"EQUITY_RATIO":0.771612138455},{"SECUCODE":"00189.HK","SECURITY_CODE":"00189","SECURITY_NAME_ABBR":"东岳集团","ORG_CODE":"10104849","STD_REPORT_DATE":"2020-06-30 00:00:00","REPORT_DATE":"2020-06-30 00:00:00","DATE_TYPE_CODE":"002","REPORT_TYPE":"2020年中报","PER_NETCASH_OPERATE":0.490332987906,"PER_OI":2.195570465639,"BPS":4.770052225372,"BASIC_EPS":0.2,"DILUTED_EPS":0.2,"OPERATE_INCOME":4636363000,"OPERATE_INCOME_YOY":-23.3274631729,"GROSS_PROFIT":1006396000,"GROSS_PROFIT_YOY":-41.215083904937,"HOLDER_PROFIT":404128000,"HOLDER_PROFIT_YOY":-51.7312713348,"GROSS_PROFIT_RATIO":21.706583371492,"EPS_TTM":0.487692921685,"OPERATE_INCOME_QOQ":-10.885388741395,"NET_PROFIT_RATIO":9.6357209304,"ROE_AVG":5.006186380252,"GROSS_PROFIT_QOQ":-20.476406604676,"ROA":2.53175357677,"HOLDER_PROFIT_QOQ":-29.605310825756,"ROE_YEARLY":10.012372760503,"ROIC_YEARLY":7.603877652471,"TOTAL_ASSETS":16993411000,"TOTAL_LIABILITIES":6828115000,"TAX_EBT":11.663990698705,"OCF_SALES":22.332828555486,"TOTAL_PARENT_EQUITY":8265125000,"DEBT_ASSET_RATIO":40.1809560188,"OPERATE_PROFIT":564323000,"PRETAX_PROFIT":505736000,"NETCASH_OPERATE":1035431000,"NETCASH_INVEST":-1056216000,"NETCASH_FINANCE":1823128000,"END_CASH":4746135000,"DIVI_RATIO":0.185817747133,"DIVIDEND_RATE":1.345895020188,"CURRENT_RATIO":1.929561582634,"COMMON_ACS":4000000000,"CURRENTDEBT_DEBT":78.64037146416,"ISSUED_COMMON_SHARES":1732711637,"HK_COMMON_SHARES":1732711637,"PER_SHARES":1000,"TOTAL_MARKET_CAP":12874047462.91,"HKSK_MARKET_CAP":12874047462.91,"PE_TTM":15.889391205144,"PB_TTM":1.025378642285,"REPORT_DATE_SQ":"2019-06-30 00:00:00","REPORT_TYPE_SQ":"2019年中报","OPERATE_INCOME_SQ":6046967000,"DPS_HKD":0.1,"OPERATE_INCOME_QOQ_SQ":-9.326934917849,"NET_PROFIT_RATIO_SQ":15.7067667146,"HOLDER_PROFIT_SQ":837246000,"HOLDER_PROFIT_QOQ_SQ":-17.379472433866,"ROE_AVG_SQ":10.195288968566,"PE_TTM_SQ":4.695387455957,"PB_TTM_SQ":0.785638677426,"ROA_SQ":5.091953920227,"START_DATE":"2020-01-01 00:00:00","FISCAL_YEAR":"12-31","CURRENCY":"HKD","IS_CNY_CODE":0,"DPS_HKD_LY":0.23,"ORG_TYPE":"一般企业","PREMIUM_INCOME":null,"PREMIUM_INCOME_YOY":null,"NET_INTEREST_INCOME":null,"NET_INTEREST_INCOME_YOY":null,"FEE_COMMISSION_INCOME":null,"FEE_COMMISSION_INCOME_YOY":null,"ACCOUNTS_RECE_TDAYS":2.757851245323,"INVENTORY_TDAYS":1.007920718401,"CURRENT_ASSETS_TDAYS":0.490493621596,"TOTAL_ASSETS_TDAYS":0.290455712261,"PREMIUM_EXPENSE":null,"LOAN_DEPOSIT":null,"LOAN_EQUITY":null,"LOAN_ASSETS":null,"DEPOSIT_EQUITY":null,"DEPOSIT_ASSETS":null,"EQUITY_MULTIPLIER":1.671708428363,"EQUITY_RATIO":0.826135720875}],"count":39},"success":true,"message":"ok","code":0}