{"version":"ec2aa2bf3c13cdb85e3991b31484f901","result":{"pages":7,"data":[{"SECUCODE":"00183.HK","SECURITY_CODE":"00183","SECURITY_NAME_ABBR":"宏辉集团","ORG_CODE":"10010735","STD_REPORT_DATE":"2023-12-31 00:00:00","REPORT_DATE":"2024-06-30 00:00:00","DATE_TYPE_CODE":"001","REPORT_TYPE":"2023年年报","PER_NETCASH_OPERATE":0.015846375224,"PER_OI":0.066196409271,"BPS":2.23223153025,"BASIC_EPS":-0.389531824,"DILUTED_EPS":-0.389531824,"OPERATE_INCOME":37527576.24,"OPERATE_INCOME_YOY":8.1227484288,"GROSS_PROFIT":37527576.24,"GROSS_PROFIT_YOY":7.032115703188,"HOLDER_PROFIT":-220821100.64,"HOLDER_PROFIT_YOY":-257.8530120838,"GROSS_PROFIT_RATIO":null,"EPS_TTM":-0.263604829162,"OPERATE_INCOME_QOQ":3.717181676287,"NET_PROFIT_RATIO":-588.9415827618,"ROE_AVG":-16.108801723613,"GROSS_PROFIT_QOQ":14.440705613484,"ROA":-13.606714613462,"HOLDER_PROFIT_QOQ":-139.734526775649,"ROE_YEARLY":-16.108801723613,"ROIC_YEARLY":-15.178836655986,"TOTAL_ASSETS":1567133622.24,"TOTAL_LIABILITIES":302236720.04,"TAX_EBT":-0.089276488458,"OCF_SALES":23.938421129432,"TOTAL_PARENT_EQUITY":1265480104.72,"DEBT_ASSET_RATIO":19.2859572248,"OPERATE_PROFIT":-213087963,"PRETAX_PROFIT":-220818362.6,"NETCASH_OPERATE":8983509.24,"NETCASH_INVEST":-77463715,"NETCASH_FINANCE":93703942.92,"END_CASH":100932368.52,"DIVI_RATIO":null,"DIVIDEND_RATE":null,"CURRENT_RATIO":1.37057863734,"COMMON_ACS":10000000000,"CURRENTDEBT_DEBT":98.273909642975,"ISSUED_COMMON_SHARES":566912566,"HK_COMMON_SHARES":566912566,"PER_SHARES":8000,"TOTAL_MARKET_CAP":82202322.07,"HKSK_MARKET_CAP":82202322.07,"PE_TTM":-0.339752021385,"PB_TTM":0.059285337657,"REPORT_DATE_SQ":"2022-12-31 00:00:00","REPORT_TYPE_SQ":"2022年年报","OPERATE_INCOME_SQ":35061977.42,"DPS_HKD":null,"OPERATE_INCOME_QOQ_SQ":7.942097921996,"NET_PROFIT_RATIO_SQ":-177.4934918089,"HOLDER_PROFIT_SQ":-62335989.78,"HOLDER_PROFIT_QOQ_SQ":32.062732815191,"ROE_AVG_SQ":-4.093302424645,"PE_TTM_SQ":-1.542824572096,"PB_TTM_SQ":0.064494813579,"ROA_SQ":-3.560062596359,"START_DATE":"2023-07-01 00:00:00","FISCAL_YEAR":"6-30","CURRENCY":"HKD","IS_CNY_CODE":0,"DPS_HKD_LY":null,"ORG_TYPE":"一般企业","PREMIUM_INCOME":null,"PREMIUM_INCOME_YOY":null,"NET_INTEREST_INCOME":null,"NET_INTEREST_INCOME_YOY":null,"FEE_COMMISSION_INCOME":null,"FEE_COMMISSION_INCOME_YOY":null,"ACCOUNTS_RECE_TDAYS":21.398907103825,"INVENTORY_TDAYS":null,"CURRENT_ASSETS_TDAYS":0.101257655643,"TOTAL_ASSETS_TDAYS":0.023124013899,"PREMIUM_EXPENSE":null,"LOAN_DEPOSIT":null,"LOAN_EQUITY":null,"LOAN_ASSETS":null,"DEPOSIT_EQUITY":null,"DEPOSIT_ASSETS":null,"EQUITY_MULTIPLIER":1.238941782145,"EQUITY_RATIO":0.238831664688},{"SECUCODE":"00183.HK","SECURITY_CODE":"00183","SECURITY_NAME_ABBR":"宏辉集团","ORG_CODE":"10010735","STD_REPORT_DATE":"2023-06-30 00:00:00","REPORT_DATE":"2023-12-31 00:00:00","DATE_TYPE_CODE":"002","REPORT_TYPE":"2023年中报","PER_NETCASH_OPERATE":0.003153876219,"PER_OI":0.02966529897,"BPS":2.393935916637,"BASIC_EPS":-0.186137588,"DILUTED_EPS":-0.186137588,"OPERATE_INCOME":16817630.76,"OPERATE_INCOME_YOY":6.8516812529,"GROSS_PROFIT":12467774.76,"GROSS_PROFIT_YOY":37.376513824417,"HOLDER_PROFIT":-105541099.86,"HOLDER_PROFIT_YOY":-464.2860603711,"GROSS_PROFIT_RATIO":74.135143873262,"EPS_TTM":-0.109956973118,"OPERATE_INCOME_QOQ":43.590075283495,"NET_PROFIT_RATIO":-627.8424399181,"ROE_AVG":-7.477641810537,"GROSS_PROFIT_QOQ":41.899623846492,"ROA":-6.567450678425,"HOLDER_PROFIT_QOQ":25.517385997754,"ROE_YEARLY":-14.955283621073,"ROIC_YEARLY":-14.297521599646,"TOTAL_ASSETS":1547314464.36,"TOTAL_LIABILITIES":190595284.18,"TAX_EBT":null,"OCF_SALES":10.631533570428,"TOTAL_PARENT_EQUITY":1357152353.34,"DEBT_ASSET_RATIO":12.3178118327,"OPERATE_PROFIT":-37706001.76,"PRETAX_PROFIT":-105588223.3,"NETCASH_OPERATE":1787972.06,"NETCASH_INVEST":-32807882.66,"NETCASH_FINANCE":-10714239.06,"END_CASH":28089195.12,"DIVI_RATIO":null,"DIVIDEND_RATE":null,"CURRENT_RATIO":1.708097530275,"COMMON_ACS":10000000000,"CURRENTDEBT_DEBT":96.70215244462,"ISSUED_COMMON_SHARES":566912566,"HK_COMMON_SHARES":566912566,"PER_SHARES":8000,"TOTAL_MARKET_CAP":77100108.976,"HKSK_MARKET_CAP":77100108.976,"PE_TTM":-0.318663964885,"PB_TTM":0.055605558079,"REPORT_DATE_SQ":"2022-06-30 00:00:00","REPORT_TYPE_SQ":"2022年中报","OPERATE_INCOME_SQ":15514313.36,"DPS_HKD":null,"OPERATE_INCOME_QOQ_SQ":3.805873388486,"NET_PROFIT_RATIO_SQ":-118.9025794565,"HOLDER_PROFIT_SQ":-18436199.53,"HOLDER_PROFIT_QOQ_SQ":-708.556273065032,"ROE_AVG_SQ":-1.231646738962,"PE_TTM_SQ":-1.425435745958,"PB_TTM_SQ":0.059587599503,"ROA_SQ":-1.057226704669,"START_DATE":"2023-07-01 00:00:00","FISCAL_YEAR":"6-30","CURRENCY":"HKD","IS_CNY_CODE":0,"DPS_HKD_LY":null,"ORG_TYPE":"一般企业","PREMIUM_INCOME":null,"PREMIUM_INCOME_YOY":null,"NET_INTEREST_INCOME":null,"NET_INTEREST_INCOME_YOY":null,"FEE_COMMISSION_INCOME":null,"FEE_COMMISSION_INCOME_YOY":null,"ACCOUNTS_RECE_TDAYS":11.319304666057,"INVENTORY_TDAYS":0.056596432067,"CURRENT_ASSETS_TDAYS":0.052019111235,"TOTAL_ASSETS_TDAYS":0.010465018906,"PREMIUM_EXPENSE":null,"LOAN_DEPOSIT":null,"LOAN_EQUITY":null,"LOAN_ASSETS":null,"DEPOSIT_EQUITY":null,"DEPOSIT_ASSETS":null,"EQUITY_MULTIPLIER":1.140482486696,"EQUITY_RATIO":0.140437647778},{"SECUCODE":"00183.HK","SECURITY_CODE":"00183","SECURITY_NAME_ABBR":"宏辉集团","ORG_CODE":"10010735","STD_REPORT_DATE":"2022-12-31 00:00:00","REPORT_DATE":"2023-06-30 00:00:00","DATE_TYPE_CODE":"001","REPORT_TYPE":"2022年年报","PER_NETCASH_OPERATE":0.010504386703,"PER_OI":0.061847239809,"BPS":2.630356002058,"BASIC_EPS":-0.109992214,"DILUTED_EPS":-0.109992214,"OPERATE_INCOME":35061977.42,"OPERATE_INCOME_YOY":14.0197283603,"GROSS_PROFIT":35061977.42,"GROSS_PROFIT_YOY":54.108592035728,"HOLDER_PROFIT":-62335989.78,"HOLDER_PROFIT_YOY":53.0642138146,"GROSS_PROFIT_RATIO":66.996239711799,"EPS_TTM":-0.147627704252,"OPERATE_INCOME_QOQ":7.942097921996,"NET_PROFIT_RATIO":-177.4934918089,"ROE_AVG":-4.093302424645,"GROSS_PROFIT_QOQ":-1.754963558022,"ROA":-3.560062596359,"HOLDER_PROFIT_QOQ":32.062732815191,"ROE_YEARLY":-4.093302424645,"ROIC_YEARLY":-3.922384235973,"TOTAL_ASSETS":1695737885.3,"TOTAL_LIABILITIES":204948778.16,"TAX_EBT":2.671876802399,"OCF_SALES":16.98440663704,"TOTAL_PARENT_EQUITY":1491181870.62,"DEBT_ASSET_RATIO":12.0861118889,"OPERATE_PROFIT":-58361334,"PRETAX_PROFIT":-63941156.96,"NETCASH_OPERATE":-16280322.84,"NETCASH_INVEST":61304294.16,"NETCASH_FINANCE":-39542800.22,"END_CASH":76496680.6,"DIVI_RATIO":null,"DIVIDEND_RATE":null,"CURRENT_RATIO":1.704997508464,"COMMON_ACS":10000000000,"CURRENTDEBT_DEBT":96.59681859896,"ISSUED_COMMON_SHARES":566912566,"HK_COMMON_SHARES":566912566,"PER_SHARES":8000,"TOTAL_MARKET_CAP":77100108.976,"HKSK_MARKET_CAP":77100108.976,"PE_TTM":-0.318663964885,"PB_TTM":0.055605558079,"REPORT_DATE_SQ":"2021-12-31 00:00:00","REPORT_TYPE_SQ":"2021年年报","OPERATE_INCOME_SQ":28523152.07,"DPS_HKD":null,"OPERATE_INCOME_QOQ_SQ":-2.126698535913,"NET_PROFIT_RATIO_SQ":-538.8174807198,"HOLDER_PROFIT_SQ":-123190119.5,"HOLDER_PROFIT_QOQ_SQ":-150.66690909398,"ROE_AVG_SQ":-8.15703178043,"PE_TTM_SQ":-1.425435745958,"PB_TTM_SQ":0.059587599503,"ROA_SQ":-7.033430400044,"START_DATE":"2022-07-01 00:00:00","FISCAL_YEAR":"6-30","CURRENCY":"HKD","IS_CNY_CODE":0,"DPS_HKD_LY":null,"ORG_TYPE":"一般企业","PREMIUM_INCOME":null,"PREMIUM_INCOME_YOY":null,"NET_INTEREST_INCOME":null,"NET_INTEREST_INCOME_YOY":null,"FEE_COMMISSION_INCOME":null,"FEE_COMMISSION_INCOME_YOY":null,"ACCOUNTS_RECE_TDAYS":23.569259374032,"INVENTORY_TDAYS":0.123372570221,"CURRENT_ASSETS_TDAYS":0.087470443735,"TOTAL_ASSETS_TDAYS":0.020024200275,"PREMIUM_EXPENSE":null,"LOAN_DEPOSIT":null,"LOAN_EQUITY":null,"LOAN_ASSETS":null,"DEPOSIT_EQUITY":null,"DEPOSIT_ASSETS":null,"EQUITY_MULTIPLIER":1.137476707589,"EQUITY_RATIO":0.137440497499},{"SECUCODE":"00183.HK","SECURITY_CODE":"00183","SECURITY_NAME_ABBR":"宏辉集团","ORG_CODE":"10010735","STD_REPORT_DATE":"2022-06-30 00:00:00","REPORT_DATE":"2022-12-31 00:00:00","DATE_TYPE_CODE":"002","REPORT_TYPE":"2022年中报","PER_NETCASH_OPERATE":-0.003466485165,"PER_OI":0.027366324704,"BPS":2.62400794307,"BASIC_EPS":-0.032515028,"DILUTED_EPS":-0.032515028,"OPERATE_INCOME":15514313.36,"OPERATE_INCOME_YOY":3.5165097151,"GROSS_PROFIT":9075623.2,"GROSS_PROFIT_YOY":-3.155453517639,"HOLDER_PROFIT":-18436199.53,"HOLDER_PROFIT_YOY":70.8731424378,"GROSS_PROFIT_RATIO":58.498387839705,"EPS_TTM":-0.219663621981,"OPERATE_INCOME_QOQ":3.805873388486,"NET_PROFIT_RATIO":-118.9025794565,"ROE_AVG":-1.231646738962,"GROSS_PROFIT_QOQ":2.408409691329,"ROA":-1.057226704669,"HOLDER_PROFIT_QOQ":-708.556273065032,"ROE_YEARLY":-2.463293477924,"ROIC_YEARLY":-2.396994784774,"TOTAL_ASSETS":1737675451.19,"TOTAL_LIABILITIES":250583673.48,"TAX_EBT":-0.938462290435,"OCF_SALES":-12.666973744818,"TOTAL_PARENT_EQUITY":1487583076.21,"DEBT_ASSET_RATIO":14.4206257451,"OPERATE_PROFIT":-10280644.43,"PRETAX_PROFIT":-18275410.93,"NETCASH_OPERATE":-1965194,"NETCASH_INVEST":-2812907.23,"NETCASH_FINANCE":18419227.4,"END_CASH":83161650.46,"DIVI_RATIO":null,"DIVIDEND_RATE":null,"CURRENT_RATIO":1.804880109002,"COMMON_ACS":10000000000,"CURRENTDEBT_DEBT":97.064422295419,"ISSUED_COMMON_SHARES":566912566,"HK_COMMON_SHARES":566912566,"PER_SHARES":8000,"TOTAL_MARKET_CAP":77100108.976,"HKSK_MARKET_CAP":77100108.976,"PE_TTM":-0.318663964885,"PB_TTM":0.055605558079,"REPORT_DATE_SQ":"2021-06-30 00:00:00","REPORT_TYPE_SQ":"2021年中报","OPERATE_INCOME_SQ":13717692.8,"DPS_HKD":null,"OPERATE_INCOME_QOQ_SQ":-17.142502233262,"NET_PROFIT_RATIO_SQ":-455.1017719518,"HOLDER_PROFIT_SQ":-57934318.4,"HOLDER_PROFIT_QOQ_SQ":126.494558669768,"ROE_AVG_SQ":-3.917177558004,"PE_TTM_SQ":-1.425435745958,"PB_TTM_SQ":0.059587599503,"ROA_SQ":-3.372785388389,"START_DATE":"2022-07-01 00:00:00","FISCAL_YEAR":"6-30","CURRENCY":"HKD","IS_CNY_CODE":0,"DPS_HKD_LY":null,"ORG_TYPE":"一般企业","PREMIUM_INCOME":null,"PREMIUM_INCOME_YOY":null,"NET_INTEREST_INCOME":null,"NET_INTEREST_INCOME_YOY":null,"FEE_COMMISSION_INCOME":null,"FEE_COMMISSION_INCOME_YOY":null,"ACCOUNTS_RECE_TDAYS":11.715345699831,"INVENTORY_TDAYS":0.068852537313,"CURRENT_ASSETS_TDAYS":0.034915184728,"TOTAL_ASSETS_TDAYS":0.008896706917,"PREMIUM_EXPENSE":null,"LOAN_DEPOSIT":null,"LOAN_EQUITY":null,"LOAN_ASSETS":null,"DEPOSIT_EQUITY":null,"DEPOSIT_ASSETS":null,"EQUITY_MULTIPLIER":1.168505856354,"EQUITY_RATIO":0.168450204555},{"SECUCODE":"00183.HK","SECURITY_CODE":"00183","SECURITY_NAME_ABBR":"宏辉集团","ORG_CODE":"10010735","STD_REPORT_DATE":"2021-12-31 00:00:00","REPORT_DATE":"2022-06-30 00:00:00","DATE_TYPE_CODE":"001","REPORT_TYPE":"2021年年报","PER_NETCASH_OPERATE":0.004771450699,"PER_OI":0.050860401138,"BPS":2.543526683355,"BASIC_EPS":-0.219698311,"DILUTED_EPS":-0.219698311,"OPERATE_INCOME":28523152.07,"OPERATE_INCOME_YOY":-1.1472775515,"GROSS_PROFIT":22751474.76,"GROSS_PROFIT_YOY":33.386474577829,"HOLDER_PROFIT":-123190119.5,"HOLDER_PROFIT_YOY":-498.5998505769,"GROSS_PROFIT_RATIO":74.485861182519,"EPS_TTM":-0.027167388257,"OPERATE_INCOME_QOQ":-2.126698535913,"NET_PROFIT_RATIO":-538.8174807198,"ROE_AVG":-8.15703178043,"GROSS_PROFIT_QOQ":-3.536816518246,"ROA":-7.033430400044,"HOLDER_PROFIT_QOQ":-150.66690909398,"ROE_YEARLY":-8.15703178043,"ROIC_YEARLY":-7.777500320576,"TOTAL_ASSETS":1675376218.11,"TOTAL_LIABILITIES":233879071.58,"TAX_EBT":0.689116968721,"OCF_SALES":11.828973234538,"TOTAL_PARENT_EQUITY":1441957238.75,"DEBT_ASSET_RATIO":13.9597941675,"OPERATE_PROFIT":-120716054.83,"PRETAX_PROFIT":-122734303.23,"NETCASH_OPERATE":2675889.51,"NETCASH_INVEST":-86149275.03,"NETCASH_FINANCE":-6358337.65,"END_CASH":66534637.19,"DIVI_RATIO":null,"DIVIDEND_RATE":null,"CURRENT_RATIO":1.899543809736,"COMMON_ACS":10000000000,"CURRENTDEBT_DEBT":96.906194923249,"ISSUED_COMMON_SHARES":566912566,"HK_COMMON_SHARES":566912566,"PER_SHARES":8000,"TOTAL_MARKET_CAP":77100108.976,"HKSK_MARKET_CAP":77100108.976,"PE_TTM":-0.318663964885,"PB_TTM":0.055605558079,"REPORT_DATE_SQ":"2020-12-31 00:00:00","REPORT_TYPE_SQ":"2020年年报","OPERATE_INCOME_SQ":22265628.72,"DPS_HKD":null,"OPERATE_INCOME_QOQ_SQ":-12.781867726239,"NET_PROFIT_RATIO_SQ":134.8592996749,"HOLDER_PROFIT_SQ":30070539.12,"HOLDER_PROFIT_QOQ_SQ":18.987893805845,"ROE_AVG_SQ":1.984810343488,"PE_TTM_SQ":-1.425435745958,"PB_TTM_SQ":0.059587599503,"ROA_SQ":1.719964923928,"START_DATE":"2021-07-01 00:00:00","FISCAL_YEAR":"6-30","CURRENCY":"HKD","IS_CNY_CODE":0,"DPS_HKD_LY":null,"ORG_TYPE":"一般企业","PREMIUM_INCOME":null,"PREMIUM_INCOME_YOY":null,"NET_INTEREST_INCOME":null,"NET_INTEREST_INCOME_YOY":null,"FEE_COMMISSION_INCOME":null,"FEE_COMMISSION_INCOME_YOY":null,"ACCOUNTS_RECE_TDAYS":24.48825256975,"INVENTORY_TDAYS":0.063856863738,"CURRENT_ASSETS_TDAYS":0.050077097755,"TOTAL_ASSETS_TDAYS":0.012915536338,"PREMIUM_EXPENSE":null,"LOAN_DEPOSIT":null,"LOAN_EQUITY":null,"LOAN_ASSETS":null,"DEPOSIT_EQUITY":null,"DEPOSIT_ASSETS":null,"EQUITY_MULTIPLIER":1.162247335794,"EQUITY_RATIO":0.162195566758},{"SECUCODE":"00183.HK","SECURITY_CODE":"00183","SECURITY_NAME_ABBR":"宏辉集团","ORG_CODE":"10010735","STD_REPORT_DATE":"2021-06-30 00:00:00","REPORT_DATE":"2021-12-31 00:00:00","DATE_TYPE_CODE":"002","REPORT_TYPE":"2021年中报","PER_NETCASH_OPERATE":-0.006595469903,"PER_OI":0.024460387715,"BPS":2.555665186649,"BASIC_EPS":-0.10334464,"DILUTED_EPS":-0.10334464,"OPERATE_INCOME":13717692.8,"OPERATE_INCOME_YOY":-0.8425865447,"GROSS_PROFIT":9371331.2,"GROSS_PROFIT_YOY":8.102987094544,"HOLDER_PROFIT":-57934318.4,"HOLDER_PROFIT_YOY":-372.2673953612,"GROSS_PROFIT_RATIO":64.982543969436,"EPS_TTM":0.053619588688,"OPERATE_INCOME_QOQ":-17.142502233262,"NET_PROFIT_RATIO":-455.1017719518,"ROE_AVG":-3.917177558004,"GROSS_PROFIT_QOQ":-18.181379559616,"ROA":-3.372785388389,"HOLDER_PROFIT_QOQ":126.494558669768,"ROE_YEARLY":-7.834355116008,"ROIC_YEARLY":-7.339733679712,"TOTAL_ASSETS":1688119977.6,"TOTAL_LIABILITIES":240555089.6,"TAX_EBT":-0.14930565622,"OCF_SALES":-29.800408405243,"TOTAL_PARENT_EQUITY":1448838708.8,"DEBT_ASSET_RATIO":14.249881098,"OPERATE_PROFIT":-55126680,"PRETAX_PROFIT":-56402953.6,"NETCASH_OPERATE":-3698822.4,"NETCASH_INVEST":-12098027.2,"NETCASH_FINANCE":1535452.8,"END_CASH":132328560,"DIVI_RATIO":null,"DIVIDEND_RATE":null,"CURRENT_RATIO":1.802428137449,"COMMON_ACS":10000000000,"CURRENTDEBT_DEBT":94.875620706884,"ISSUED_COMMON_SHARES":566912566,"HK_COMMON_SHARES":566912566,"PER_SHARES":8000,"TOTAL_MARKET_CAP":77100108.976,"HKSK_MARKET_CAP":77100108.976,"PE_TTM":-0.318663964885,"PB_TTM":0.055605558079,"REPORT_DATE_SQ":"2020-06-30 00:00:00","REPORT_TYPE_SQ":"2020年中报","OPERATE_INCOME_SQ":12885508.4,"DPS_HKD":null,"OPERATE_INCOME_QOQ_SQ":-28.545670800097,"NET_PROFIT_RATIO_SQ":-105.4212932724,"HOLDER_PROFIT_SQ":-12627966.56,"HOLDER_PROFIT_QOQ_SQ":-583.193920408256,"ROE_AVG_SQ":-0.837269310095,"PE_TTM_SQ":-1.425435745958,"PB_TTM_SQ":0.059587599503,"ROA_SQ":-0.725594895688,"START_DATE":"2021-07-01 00:00:00","FISCAL_YEAR":"6-30","CURRENCY":"HKD","IS_CNY_CODE":0,"DPS_HKD_LY":null,"ORG_TYPE":"一般企业","PREMIUM_INCOME":null,"PREMIUM_INCOME_YOY":null,"NET_INTEREST_INCOME":null,"NET_INTEREST_INCOME_YOY":null,"FEE_COMMISSION_INCOME":null,"FEE_COMMISSION_INCOME_YOY":null,"ACCOUNTS_RECE_TDAYS":12.81252386407,"INVENTORY_TDAYS":0.050253821503,"CURRENT_ASSETS_TDAYS":0.028747293284,"TOTAL_ASSETS_TDAYS":0.007225935305,"PREMIUM_EXPENSE":null,"LOAN_DEPOSIT":null,"LOAN_EQUITY":null,"LOAN_ASSETS":null,"DEPOSIT_EQUITY":null,"DEPOSIT_ASSETS":null,"EQUITY_MULTIPLIER":1.166179140979,"EQUITY_RATIO":0.166033036072},{"SECUCODE":"00183.HK","SECURITY_CODE":"00183","SECURITY_NAME_ABBR":"宏辉集团","ORG_CODE":"10010735","STD_REPORT_DATE":"2020-12-31 00:00:00","REPORT_DATE":"2021-06-30 00:00:00","DATE_TYPE_CODE":"001","REPORT_TYPE":"2020年年报","PER_NETCASH_OPERATE":-0.015696107494,"PER_OI":0.039702442616,"BPS":2.709149276046,"BASIC_EPS":0.053752368,"DILUTED_EPS":0.053585952,"OPERATE_INCOME":22265628.72,"OPERATE_INCOME_YOY":-20.6670619626,"GROSS_PROFIT":17056807.92,"GROSS_PROFIT_YOY":-30.023772411065,"HOLDER_PROFIT":30070539.12,"HOLDER_PROFIT_YOY":123.5625101874,"GROSS_PROFIT_RATIO":76.606001719048,"EPS_TTM":-0.020237962549,"OPERATE_INCOME_QOQ":-12.781867726239,"NET_PROFIT_RATIO":134.8592996749,"ROE_AVG":1.984810343488,"GROSS_PROFIT_QOQ":-14.473958113335,"ROA":1.719964923928,"HOLDER_PROFIT_QOQ":18.987893805845,"ROE_YEARLY":1.984810343488,"ROIC_YEARLY":1.856727470951,"TOTAL_ASSETS":1778224022.64,"TOTAL_LIABILITIES":245142417.12,"TAX_EBT":-12.824761607003,"OCF_SALES":-39.534362270638,"TOTAL_PARENT_EQUITY":1535850767.76,"DEBT_ASSET_RATIO":13.7858005515,"OPERATE_PROFIT":28968033.12,"PRETAX_PROFIT":26614078.8,"NETCASH_OPERATE":-8803406.4,"NETCASH_INVEST":40953313.44,"NETCASH_FINANCE":13757610.72,"END_CASH":152419582.32,"DIVI_RATIO":null,"DIVIDEND_RATE":null,"CURRENT_RATIO":1.993604971828,"COMMON_ACS":10000000000,"CURRENTDEBT_DEBT":94.158118758783,"ISSUED_COMMON_SHARES":566912566,"HK_COMMON_SHARES":566912566,"PER_SHARES":8000,"TOTAL_MARKET_CAP":77100108.976,"HKSK_MARKET_CAP":77100108.976,"PE_TTM":-0.318663964885,"PB_TTM":0.055605558079,"REPORT_DATE_SQ":"2019-12-31 00:00:00","REPORT_TYPE_SQ":"2019年年报","OPERATE_INCOME_SQ":30810331.2,"DPS_HKD":null,"OPERATE_INCOME_QOQ_SQ":14.143315183708,"NET_PROFIT_RATIO_SQ":-461.8025496591,"HOLDER_PROFIT_SQ":-140098860,"HOLDER_PROFIT_QOQ_SQ":-154.217265451905,"ROE_AVG_SQ":-8.186437814697,"PE_TTM_SQ":-1.425435745958,"PB_TTM_SQ":0.059587599503,"ROA_SQ":-7.214148621104,"START_DATE":"2020-07-01 00:00:00","FISCAL_YEAR":"6-30","CURRENCY":"HKD","IS_CNY_CODE":0,"DPS_HKD_LY":null,"ORG_TYPE":"一般企业","PREMIUM_INCOME":null,"PREMIUM_INCOME_YOY":null,"NET_INTEREST_INCOME":null,"NET_INTEREST_INCOME_YOY":null,"FEE_COMMISSION_INCOME":null,"FEE_COMMISSION_INCOME_YOY":null,"ACCOUNTS_RECE_TDAYS":22.051091882983,"INVENTORY_TDAYS":0.064518123821,"CURRENT_ASSETS_TDAYS":0.049240570152,"TOTAL_ASSETS_TDAYS":0.012735421954,"PREMIUM_EXPENSE":null,"LOAN_DEPOSIT":null,"LOAN_EQUITY":null,"LOAN_ASSETS":null,"DEPOSIT_EQUITY":null,"DEPOSIT_ASSETS":null,"EQUITY_MULTIPLIER":1.159901740545,"EQUITY_RATIO":0.15961343528},{"SECUCODE":"00183.HK","SECURITY_CODE":"00183","SECURITY_NAME_ABBR":"宏辉集团","ORG_CODE":"10010735","STD_REPORT_DATE":"2020-06-30 00:00:00","REPORT_DATE":"2020-12-31 00:00:00","DATE_TYPE_CODE":"002","REPORT_TYPE":"2020年中报","PER_NETCASH_OPERATE":0.000185342744,"PER_OI":0.002297649725,"BPS":2.654873672495,"BASIC_EPS":-0.022640116,"DILUTED_EPS":-0.022640116,"OPERATE_INCOME":12885508.4,"OPERATE_INCOME_YOY":-18.4814440126,"GROSS_PROFIT":8668892,"GROSS_PROFIT_YOY":-28.925684156491,"HOLDER_PROFIT":-12627966.56,"HOLDER_PROFIT_YOY":65.7395990318,"GROSS_PROFIT_RATIO":67.276290006532,"EPS_TTM":-0.025251565733,"OPERATE_INCOME_QOQ":-28.545670800097,"NET_PROFIT_RATIO":-105.4212932724,"ROE_AVG":-0.837269310095,"GROSS_PROFIT_QOQ":-1.999104304131,"ROA":-0.725594895688,"HOLDER_PROFIT_QOQ":-583.193920408256,"ROE_YEARLY":-1.674538620191,"ROIC_YEARLY":-1.557809970856,"TOTAL_ASSETS":1742555863.56,"TOTAL_LIABILITIES":241187933.16,"TAX_EBT":-3.554471962017,"OCF_SALES":8.066623122142,"TOTAL_PARENT_EQUITY":1505081246.08,"DEBT_ASSET_RATIO":13.8410445371,"OPERATE_PROFIT":-12048076.6,"PRETAX_PROFIT":-13117801.04,"NETCASH_OPERATE":1039425.4,"NETCASH_INVEST":-30596138.92,"NETCASH_FINANCE":15665445.32,"END_CASH":76772717.52,"DIVI_RATIO":null,"DIVIDEND_RATE":null,"CURRENT_RATIO":1.899346271163,"COMMON_ACS":10000000000,"CURRENTDEBT_DEBT":91.865833359505,"ISSUED_COMMON_SHARES":566912566,"HK_COMMON_SHARES":566912566,"PER_SHARES":8000,"TOTAL_MARKET_CAP":77100108.976,"HKSK_MARKET_CAP":77100108.976,"PE_TTM":-0.318663964885,"PB_TTM":0.055605558079,"REPORT_DATE_SQ":"2019-06-30 00:00:00","REPORT_TYPE_SQ":"2019年中报","OPERATE_INCOME_SQ":16823644.18,"DPS_HKD":null,"OPERATE_INCOME_QOQ_SQ":38.197236117911,"NET_PROFIT_RATIO_SQ":-235.9672008945,"HOLDER_PROFIT_SQ":-39229789.32,"HOLDER_PROFIT_QOQ_SQ":-53.442990526744,"ROE_AVG_SQ":-2.267851289357,"PE_TTM_SQ":-1.425435745958,"PB_TTM_SQ":0.059587599503,"ROA_SQ":-1.994251851595,"START_DATE":"2020-07-01 00:00:00","FISCAL_YEAR":"6-30","CURRENCY":"HKD","IS_CNY_CODE":0,"DPS_HKD_LY":null,"ORG_TYPE":"一般企业","PREMIUM_INCOME":null,"PREMIUM_INCOME_YOY":null,"NET_INTEREST_INCOME":null,"NET_INTEREST_INCOME_YOY":null,"FEE_COMMISSION_INCOME":null,"FEE_COMMISSION_INCOME_YOY":null,"ACCOUNTS_RECE_TDAYS":12.248,"INVENTORY_TDAYS":0.051552756683,"CURRENT_ASSETS_TDAYS":0.029617277455,"TOTAL_ASSETS_TDAYS":0.007403930854,"PREMIUM_EXPENSE":null,"LOAN_DEPOSIT":null,"LOAN_EQUITY":null,"LOAN_ASSETS":null,"DEPOSIT_EQUITY":null,"DEPOSIT_ASSETS":null,"EQUITY_MULTIPLIER":1.160645454239,"EQUITY_RATIO":0.160249111992},{"SECUCODE":"00183.HK","SECURITY_CODE":"00183","SECURITY_NAME_ABBR":"宏辉集团","ORG_CODE":"10010735","STD_REPORT_DATE":"2019-12-31 00:00:00","REPORT_DATE":"2020-06-30 00:00:00","DATE_TYPE_CODE":"001","REPORT_TYPE":"2019年年报","PER_NETCASH_OPERATE":0.004303838173,"PER_OI":0.005553286469,"BPS":2.893425040785,"BASIC_EPS":-0.252474816,"DILUTED_EPS":-0.252474816,"OPERATE_INCOME":30810331.2,"OPERATE_INCOME_YOY":-21.4558494784,"GROSS_PROFIT":24375146.4,"GROSS_PROFIT_YOY":2.872497900122,"HOLDER_PROFIT":-140098860,"HOLDER_PROFIT_YOY":-456.7109333209,"GROSS_PROFIT_RATIO":79.113548769641,"EPS_TTM":-0.003696105158,"OPERATE_INCOME_QOQ":14.143315183708,"NET_PROFIT_RATIO":-461.8025496591,"ROE_AVG":-8.186437814697,"GROSS_PROFIT_QOQ":4.970977223893,"ROA":-7.214148621104,"HOLDER_PROFIT_QOQ":-154.217265451905,"ROE_YEARLY":-8.186437814697,"ROIC_YEARLY":-8.053605639283,"TOTAL_ASSETS":1886447249.28,"TOTAL_LIABILITIES":249120664.32,"TAX_EBT":-0.91739552964,"OCF_SALES":77.500741179959,"TOTAL_PARENT_EQUITY":1640319014.4,"DEBT_ASSET_RATIO":13.2058113162,"OPERATE_PROFIT":-137555843.04,"PRETAX_PROFIT":-140989464,"NETCASH_OPERATE":26914509.6,"NETCASH_INVEST":9690684.96,"NETCASH_FINANCE":38102322.72,"END_CASH":112428022.08,"DIVI_RATIO":null,"DIVIDEND_RATE":null,"CURRENT_RATIO":2.140644235126,"COMMON_ACS":10000000000,"CURRENTDEBT_DEBT":91.43945616145,"ISSUED_COMMON_SHARES":566912566,"HK_COMMON_SHARES":566912566,"PER_SHARES":8000,"TOTAL_MARKET_CAP":77100108.976,"HKSK_MARKET_CAP":77100108.976,"PE_TTM":-0.318663964885,"PB_TTM":0.055605558079,"REPORT_DATE_SQ":"2018-12-31 00:00:00","REPORT_TYPE_SQ":"2018年年报","OPERATE_INCOME_SQ":37776119.04,"DPS_HKD":null,"OPERATE_INCOME_QOQ_SQ":-94.918710151456,"NET_PROFIT_RATIO_SQ":100.3632637854,"HOLDER_PROFIT_SQ":37822741.02,"HOLDER_PROFIT_QOQ_SQ":-33.98040864842,"ROE_AVG_SQ":2.228829694645,"PE_TTM_SQ":-1.425435745958,"PB_TTM_SQ":0.059587599503,"ROA_SQ":1.998002787176,"START_DATE":"2019-07-01 00:00:00","FISCAL_YEAR":"6-30","CURRENCY":"HKD","IS_CNY_CODE":0,"DPS_HKD_LY":null,"ORG_TYPE":"一般企业","PREMIUM_INCOME":null,"PREMIUM_INCOME_YOY":null,"NET_INTEREST_INCOME":null,"NET_INTEREST_INCOME_YOY":null,"FEE_COMMISSION_INCOME":null,"FEE_COMMISSION_INCOME_YOY":null,"ACCOUNTS_RECE_TDAYS":23.38301559792,"INVENTORY_TDAYS":0.053068680439,"CURRENT_ASSETS_TDAYS":0.055807135305,"TOTAL_ASSETS_TDAYS":0.015865247465,"PREMIUM_EXPENSE":null,"LOAN_DEPOSIT":null,"LOAN_EQUITY":null,"LOAN_ASSETS":null,"DEPOSIT_EQUITY":null,"DEPOSIT_ASSETS":null,"EQUITY_MULTIPLIER":1.152150869966,"EQUITY_RATIO":0.151873301555}],"count":55},"success":true,"message":"ok","code":0}