{"version":"c828c0dc037e5b0c85b598ea1fed784f","result":{"pages":6,"data":[{"SECUCODE":"00184.HK","SECURITY_CODE":"00184","SECURITY_NAME_ABBR":"激成投资","ORG_CODE":"10007454","STD_REPORT_DATE":"2024-06-30 00:00:00","REPORT_DATE":"2024-06-30 00:00:00","DATE_TYPE_CODE":"002","REPORT_TYPE":"2024年中报","PER_NETCASH_OPERATE":0.145677356496,"PER_OI":2.170313871487,"BPS":8.490971632216,"BASIC_EPS":0.23455876,"DILUTED_EPS":0.23455876,"OPERATE_INCOME":738340779.08,"OPERATE_INCOME_YOY":-2.7130351961,"GROSS_PROFIT":670794244.96,"GROSS_PROFIT_YOY":-3.175541347147,"HOLDER_PROFIT":79704344.4,"HOLDER_PROFIT_YOY":92.9944751381,"GROSS_PROFIT_RATIO":90.851577478334,"EPS_TTM":0.696770751675,"OPERATE_INCOME_QOQ":-1.797932573504,"NET_PROFIT_RATIO":17.0138730081,"ROE_AVG":2.779715872486,"GROSS_PROFIT_QOQ":-1.522151629239,"ROA":1.532147464413,"HOLDER_PROFIT_QOQ":19.082380533732,"ROE_YEARLY":5.559431744973,"ROIC_YEARLY":4.859502614633,"TOTAL_ASSETS":5114247101.32,"TOTAL_LIABILITIES":1688280027.4,"TAX_EBT":22.584255759539,"OCF_SALES":6.712271363604,"TOTAL_PARENT_EQUITY":2888628549.28,"DEBT_ASSET_RATIO":33.0113112244,"OPERATE_PROFIT":228572491.88,"PRETAX_PROFIT":162267202.56,"NETCASH_OPERATE":49559436.68,"NETCASH_INVEST":166420809.24,"NETCASH_FINANCE":-290577233.04,"END_CASH":1081868967.68,"DIVI_RATIO":0.169541559711,"DIVIDEND_RATE":5.241935483871,"CURRENT_RATIO":2.304001741352,"COMMON_ACS":null,"CURRENTDEBT_DEBT":44.952738261601,"ISSUED_COMMON_SHARES":340200000,"HK_COMMON_SHARES":340200000,"PER_SHARES":2000,"TOTAL_MARKET_CAP":843696000,"HKSK_MARKET_CAP":843696000,"PE_TTM":3.223461808846,"PB_TTM":0.266570953012,"REPORT_DATE_SQ":"2023-06-30 00:00:00","REPORT_TYPE_SQ":"2023年中报","OPERATE_INCOME_SQ":766664171.18,"DPS_HKD":0.13,"OPERATE_INCOME_QOQ_SQ":20.719754201159,"NET_PROFIT_RATIO_SQ":10.7203373015,"HOLDER_PROFIT_SQ":41719595,"HOLDER_PROFIT_QOQ_SQ":52.493381746134,"ROE_AVG_SQ":1.534051970291,"PE_TTM_SQ":5.758806334802,"PB_TTM_SQ":0.222772487773,"ROA_SQ":0.802443827159,"START_DATE":"2024-01-01 00:00:00","FISCAL_YEAR":"12-31","CURRENCY":"HKD","IS_CNY_CODE":0,"DPS_HKD_LY":0.13,"ORG_TYPE":"一般企业","PREMIUM_INCOME":null,"PREMIUM_INCOME_YOY":null,"NET_INTEREST_INCOME":null,"NET_INTEREST_INCOME_YOY":null,"FEE_COMMISSION_INCOME":null,"FEE_COMMISSION_INCOME_YOY":null,"ACCOUNTS_RECE_TDAYS":8.387786101247,"INVENTORY_TDAYS":0.261335367264,"CURRENT_ASSETS_TDAYS":0.413794355743,"TOTAL_ASSETS_TDAYS":0.141930400539,"PREMIUM_EXPENSE":null,"LOAN_DEPOSIT":null,"LOAN_EQUITY":null,"LOAN_ASSETS":null,"DEPOSIT_EQUITY":null,"DEPOSIT_ASSETS":null,"EQUITY_MULTIPLIER":1.492789332464,"EQUITY_RATIO":0.584457294733},{"SECUCODE":"00184.HK","SECURITY_CODE":"00184","SECURITY_NAME_ABBR":"激成投资","ORG_CODE":"10007454","STD_REPORT_DATE":"2023-12-31 00:00:00","REPORT_DATE":"2023-12-31 00:00:00","DATE_TYPE_CODE":"001","REPORT_TYPE":"2023年年报","PER_NETCASH_OPERATE":0.920375358848,"PER_OI":4.630603062551,"BPS":8.306697012346,"BASIC_EPS":0.58541812,"DILUTED_EPS":0.58541812,"OPERATE_INCOME":1575331161.88,"OPERATE_INCOME_YOY":21.6067571046,"GROSS_PROFIT":1445320309.58,"GROSS_PROFIT_YOY":24.774480364576,"HOLDER_PROFIT":199056660.32,"HOLDER_PROFIT_YOY":187.8771198658,"GROSS_PROFIT_RATIO":91.747077982966,"EPS_TTM":0.585116579424,"OPERATE_INCOME_QOQ":2.195143726975,"NET_PROFIT_RATIO":18.0547805568,"ROE_AVG":7.255144728174,"GROSS_PROFIT_QOQ":3.521078672693,"ROA":3.842816059051,"HOLDER_PROFIT_QOQ":91.516875335543,"ROE_YEARLY":7.255144728174,"ROIC_YEARLY":5.983708901944,"TOTAL_ASSETS":5252575272.14,"TOTAL_LIABILITIES":1863495528.58,"TAX_EBT":8.196222618076,"OCF_SALES":19.875928608327,"TOTAL_PARENT_EQUITY":2825938323.6,"DEBT_ASSET_RATIO":35.4777500946,"OPERATE_PROFIT":328568185.4,"PRETAX_PROFIT":309815774.94,"NETCASH_OPERATE":313111697.08,"NETCASH_INVEST":-93791957.56,"NETCASH_FINANCE":-192173919.42,"END_CASH":1155776676.04,"DIVI_RATIO":0.201894125298,"DIVIDEND_RATE":6.31067961165,"CURRENT_RATIO":2.496695399601,"COMMON_ACS":null,"CURRENTDEBT_DEBT":38.842574108647,"ISSUED_COMMON_SHARES":340200000,"HK_COMMON_SHARES":340200000,"PER_SHARES":2000,"TOTAL_MARKET_CAP":700812000,"HKSK_MARKET_CAP":700812000,"PE_TTM":2.677552954122,"PB_TTM":0.22142587226,"REPORT_DATE_SQ":"2022-12-31 00:00:00","REPORT_TYPE_SQ":"2022年年报","OPERATE_INCOME_SQ":1276918745.76,"DPS_HKD":0.13,"OPERATE_INCOME_QOQ_SQ":82.252567378208,"NET_PROFIT_RATIO_SQ":8.6883555511,"HOLDER_PROFIT_SQ":68158287.54,"HOLDER_PROFIT_QOQ_SQ":202.653920639456,"ROE_AVG_SQ":2.611097489425,"PE_TTM_SQ":5.877544609747,"PB_TTM_SQ":0.227365734943,"ROA_SQ":1.360723036812,"START_DATE":"2023-01-01 00:00:00","FISCAL_YEAR":"12-31","CURRENCY":"HKD","IS_CNY_CODE":0,"DPS_HKD_LY":0.08,"ORG_TYPE":"一般企业","PREMIUM_INCOME":null,"PREMIUM_INCOME_YOY":null,"NET_INTEREST_INCOME":null,"NET_INTEREST_INCOME_YOY":null,"FEE_COMMISSION_INCOME":null,"FEE_COMMISSION_INCOME_YOY":null,"ACCOUNTS_RECE_TDAYS":20.200264943758,"INVENTORY_TDAYS":0.505910190494,"CURRENT_ASSETS_TDAYS":0.93179826977,"TOTAL_ASSETS_TDAYS":0.304119835903,"PREMIUM_EXPENSE":null,"LOAN_DEPOSIT":null,"LOAN_EQUITY":null,"LOAN_ASSETS":null,"DEPOSIT_EQUITY":null,"DEPOSIT_ASSETS":null,"EQUITY_MULTIPLIER":1.549852959973,"EQUITY_RATIO":0.659425406782},{"SECUCODE":"00184.HK","SECURITY_CODE":"00184","SECURITY_NAME_ABBR":"激成投资","ORG_CODE":"10007454","STD_REPORT_DATE":"2023-06-30 00:00:00","REPORT_DATE":"2023-06-30 00:00:00","DATE_TYPE_CODE":"002","REPORT_TYPE":"2023年中报","PER_NETCASH_OPERATE":0.318606151558,"PER_OI":2.253568992299,"BPS":8.029004020576,"BASIC_EPS":0.12262334,"DILUTED_EPS":0.12262334,"OPERATE_INCOME":766664171.18,"OPERATE_INCOME_YOY":41.6331550019,"GROSS_PROFIT":692794211.6,"GROSS_PROFIT_YOY":52.269192652701,"HOLDER_PROFIT":41719595,"HOLDER_PROFIT_YOY":551.3602994098,"GROSS_PROFIT_RATIO":90.36475651832,"EPS_TTM":0.305516982981,"OPERATE_INCOME_QOQ":20.719754201159,"NET_PROFIT_RATIO":10.7203373015,"ROE_AVG":1.534051970291,"GROSS_PROFIT_QOQ":20.530506409309,"ROA":0.802443827159,"HOLDER_PROFIT_QOQ":52.493381746134,"ROE_YEARLY":3.068103940581,"ROIC_YEARLY":2.461919478367,"TOTAL_ASSETS":5201951300.96,"TOTAL_LIABILITIES":1907248395.12,"TAX_EBT":2.007255139057,"OCF_SALES":14.137847682796,"TOTAL_PARENT_EQUITY":2731467167.8,"DEBT_ASSET_RATIO":36.6640955437,"OPERATE_PROFIT":114855658.5,"PRETAX_PROFIT":83872520.6,"NETCASH_OPERATE":108389812.76,"NETCASH_INVEST":83583940.86,"NETCASH_FINANCE":-100690357.78,"END_CASH":1245471434.68,"DIVI_RATIO":0.386661320256,"DIVIDEND_RATE":6.31067961165,"CURRENT_RATIO":0.970757232878,"COMMON_ACS":null,"CURRENTDEBT_DEBT":86.663099112269,"ISSUED_COMMON_SHARES":340200000,"HK_COMMON_SHARES":340200000,"PER_SHARES":2000,"TOTAL_MARKET_CAP":700812000,"HKSK_MARKET_CAP":700812000,"PE_TTM":2.677552954122,"PB_TTM":0.22142587226,"REPORT_DATE_SQ":"2022-06-30 00:00:00","REPORT_TYPE_SQ":"2022年中报","OPERATE_INCOME_SQ":502089745.71,"DPS_HKD":0.13,"OPERATE_INCOME_QOQ_SQ":77.46442474279,"NET_PROFIT_RATIO_SQ":4.4443195386,"HOLDER_PROFIT_SQ":5941004.93,"HOLDER_PROFIT_QOQ_SQ":58.295514821148,"ROE_AVG_SQ":0.239905791996,"PE_TTM_SQ":5.877544609747,"PB_TTM_SQ":0.227365734943,"ROA_SQ":0.12448113077,"START_DATE":"2023-01-01 00:00:00","FISCAL_YEAR":"12-31","CURRENCY":"HKD","IS_CNY_CODE":0,"DPS_HKD_LY":0.08,"ORG_TYPE":"一般企业","PREMIUM_INCOME":null,"PREMIUM_INCOME_YOY":null,"NET_INTEREST_INCOME":null,"NET_INTEREST_INCOME_YOY":null,"FEE_COMMISSION_INCOME":null,"FEE_COMMISSION_INCOME_YOY":null,"ACCOUNTS_RECE_TDAYS":10.239013458436,"INVENTORY_TDAYS":0.282538512671,"CURRENT_ASSETS_TDAYS":0.478266958732,"TOTAL_ASSETS_TDAYS":0.147461865741,"PREMIUM_EXPENSE":null,"LOAN_DEPOSIT":null,"LOAN_EQUITY":null,"LOAN_ASSETS":null,"DEPOSIT_EQUITY":null,"DEPOSIT_ASSETS":null,"EQUITY_MULTIPLIER":1.578883271005,"EQUITY_RATIO":0.698250529094},{"SECUCODE":"00184.HK","SECURITY_CODE":"00184","SECURITY_NAME_ABBR":"激成投资","ORG_CODE":"10007454","STD_REPORT_DATE":"2022-12-31 00:00:00","REPORT_DATE":"2022-12-31 00:00:00","DATE_TYPE_CODE":"001","REPORT_TYPE":"2022年年报","PER_NETCASH_OPERATE":0.818675915844,"PER_OI":3.753435466667,"BPS":7.711212353704,"BASIC_EPS":0.20009248,"DILUTED_EPS":0.20009248,"OPERATE_INCOME":1276918745.76,"OPERATE_INCOME_YOY":196.0350233392,"GROSS_PROFIT":1158346085.96,"GROSS_PROFIT_YOY":222.838490898202,"HOLDER_PROFIT":68158287.54,"HOLDER_PROFIT_YOY":139.1846921797,"GROSS_PROFIT_RATIO":90.714157796358,"EPS_TTM":0.2003477,"OPERATE_INCOME_QOQ":82.252567378208,"NET_PROFIT_RATIO":8.6883555511,"ROE_AVG":2.611097489425,"GROSS_PROFIT_QOQ":80.237131096425,"ROA":1.360723036812,"HOLDER_PROFIT_QOQ":202.653920639456,"ROE_YEARLY":2.611097489425,"ROIC_YEARLY":2.047611763664,"TOTAL_ASSETS":5034376819.92,"TOTAL_LIABILITIES":1860904727.5,"TAX_EBT":4.332052101708,"OCF_SALES":21.811375821273,"TOTAL_PARENT_EQUITY":2623354442.73,"DEBT_ASSET_RATIO":36.9639539126,"OPERATE_PROFIT":144822292.02,"PRETAX_PROFIT":115966991.21,"NETCASH_OPERATE":278513546.57,"NETCASH_INVEST":-44687618.29,"NETCASH_FINANCE":-148025558.24,"END_CASH":1114725032.05,"DIVI_RATIO":0.589632923163,"DIVIDEND_RATE":6.31067961165,"CURRENT_RATIO":0.944423118747,"COMMON_ACS":null,"CURRENTDEBT_DEBT":88.285131405256,"ISSUED_COMMON_SHARES":340200000,"HK_COMMON_SHARES":340200000,"PER_SHARES":2000,"TOTAL_MARKET_CAP":700812000,"HKSK_MARKET_CAP":700812000,"PE_TTM":2.677552954122,"PB_TTM":0.22142587226,"REPORT_DATE_SQ":"2021-12-31 00:00:00","REPORT_TYPE_SQ":"2021年年报","OPERATE_INCOME_SQ":394801052.8,"DPS_HKD":0.13,"OPERATE_INCOME_QOQ_SQ":8.236531270995,"NET_PROFIT_RATIO_SQ":-38.1471096219,"HOLDER_PROFIT_SQ":-159206342.4,"HOLDER_PROFIT_QOQ_SQ":62.473425306601,"ROE_AVG_SQ":-6.480956507225,"PE_TTM_SQ":5.877544609747,"PB_TTM_SQ":0.227365734943,"ROA_SQ":-3.436240189526,"START_DATE":"2022-01-01 00:00:00","FISCAL_YEAR":"12-31","CURRENCY":"HKD","IS_CNY_CODE":0,"DPS_HKD_LY":0.04,"ORG_TYPE":"一般企业","PREMIUM_INCOME":null,"PREMIUM_INCOME_YOY":null,"NET_INTEREST_INCOME":null,"NET_INTEREST_INCOME_YOY":null,"FEE_COMMISSION_INCOME":null,"FEE_COMMISSION_INCOME_YOY":null,"ACCOUNTS_RECE_TDAYS":19.74158265433,"INVENTORY_TDAYS":0.468462427542,"CURRENT_ASSETS_TDAYS":0.8629912209,"TOTAL_ASSETS_TDAYS":0.254926116281,"PREMIUM_EXPENSE":null,"LOAN_DEPOSIT":null,"LOAN_EQUITY":null,"LOAN_ASSETS":null,"DEPOSIT_EQUITY":null,"DEPOSIT_ASSETS":null,"EQUITY_MULTIPLIER":1.586393915972,"EQUITY_RATIO":0.709360770008},{"SECUCODE":"00184.HK","SECURITY_CODE":"00184","SECURITY_NAME_ABBR":"激成投资","ORG_CODE":"10007454","STD_REPORT_DATE":"2022-06-30 00:00:00","REPORT_DATE":"2022-06-30 00:00:00","DATE_TYPE_CODE":"002","REPORT_TYPE":"2022年中报","PER_NETCASH_OPERATE":0.382922508848,"PER_OI":1.475866389506,"BPS":7.249256090535,"BASIC_EPS":0.0171038,"DILUTED_EPS":0.0171038,"OPERATE_INCOME":502089745.71,"OPERATE_INCOME_YOY":148.9163338506,"GROSS_PROFIT":454979894.18,"GROSS_PROFIT_YOY":165.91236612934,"HOLDER_PROFIT":5941004.93,"HOLDER_PROFIT_YOY":106.6542145594,"GROSS_PROFIT_RATIO":90.617244838693,"EPS_TTM":-0.19516809368,"OPERATE_INCOME_QOQ":77.46442474279,"NET_PROFIT_RATIO":4.4443195386,"ROE_AVG":0.239905791996,"GROSS_PROFIT_QOQ":79.118747027485,"ROA":0.12448113077,"HOLDER_PROFIT_QOQ":58.295514821148,"ROE_YEARLY":0.479811583993,"ROIC_YEARLY":0.371369680288,"TOTAL_ASSETS":4774104161.33,"TOTAL_LIABILITIES":1766572824.52,"TAX_EBT":1.972349537907,"OCF_SALES":25.945608055744,"TOTAL_PARENT_EQUITY":2466196922,"DEBT_ASSET_RATIO":37.0032317022,"OPERATE_PROFIT":27943333.25,"PRETAX_PROFIT":22763447.42,"NETCASH_OPERATE":130270237.51,"NETCASH_INVEST":-150513.44,"NETCASH_FINANCE":-74820573.1,"END_CASH":1044210935.32,"DIVI_RATIO":-0.605281313008,"DIVIDEND_RATE":5.990783410138,"CURRENT_RATIO":2.110444017297,"COMMON_ACS":null,"CURRENTDEBT_DEBT":37.32405548122,"ISSUED_COMMON_SHARES":340200000,"HK_COMMON_SHARES":340200000,"PER_SHARES":2000,"TOTAL_MARKET_CAP":738234000,"HKSK_MARKET_CAP":738234000,"PE_TTM":2.82052908274,"PB_TTM":0.233249583886,"REPORT_DATE_SQ":"2021-06-30 00:00:00","REPORT_TYPE_SQ":"2021年中报","OPERATE_INCOME_SQ":196259381.28,"DPS_HKD":0.13,"OPERATE_INCOME_QOQ_SQ":-34.898103493902,"NET_PROFIT_RATIO_SQ":-41.0461872419,"HOLDER_PROFIT_SQ":-86869152,"HOLDER_PROFIT_QOQ_SQ":10.400383339274,"ROE_AVG_SQ":-3.424085258411,"PE_TTM_SQ":5.788490903538,"PB_TTM_SQ":0.223920799565,"ROA_SQ":-1.83424938922,"START_DATE":"2022-01-01 00:00:00","FISCAL_YEAR":"12-31","CURRENCY":"HKD","IS_CNY_CODE":0,"DPS_HKD_LY":0.04,"ORG_TYPE":"一般企业","PREMIUM_INCOME":null,"PREMIUM_INCOME_YOY":null,"NET_INTEREST_INCOME":null,"NET_INTEREST_INCOME_YOY":null,"FEE_COMMISSION_INCOME":null,"FEE_COMMISSION_INCOME_YOY":null,"ACCOUNTS_RECE_TDAYS":8.603779391399,"INVENTORY_TDAYS":0.194600418613,"CURRENT_ASSETS_TDAYS":0.366593715365,"TOTAL_ASSETS_TDAYS":0.105202234353,"PREMIUM_EXPENSE":null,"LOAN_DEPOSIT":null,"LOAN_EQUITY":null,"LOAN_ASSETS":null,"DEPOSIT_EQUITY":null,"DEPOSIT_ASSETS":null,"EQUITY_MULTIPLIER":1.587383015066,"EQUITY_RATIO":0.716314584923},{"SECUCODE":"00184.HK","SECURITY_CODE":"00184","SECURITY_NAME_ABBR":"激成投资","ORG_CODE":"10007454","STD_REPORT_DATE":"2021-12-31 00:00:00","REPORT_DATE":"2021-12-31 00:00:00","DATE_TYPE_CODE":"001","REPORT_TYPE":"2021年年报","PER_NETCASH_OPERATE":-0.065686781893,"PER_OI":1.160496921811,"BPS":6.987908477366,"BASIC_EPS":-0.4676672,"DILUTED_EPS":-0.4676672,"OPERATE_INCOME":394801052.8,"OPERATE_INCOME_YOY":-27.4641021828,"GROSS_PROFIT":358800489.6,"GROSS_PROFIT_YOY":-25.997674222439,"HOLDER_PROFIT":-159206342.4,"HOLDER_PROFIT_YOY":65.3876918373,"GROSS_PROFIT_RATIO":90.881340628482,"EPS_TTM":-0.467978666667,"OPERATE_INCOME_QOQ":8.236531270995,"NET_PROFIT_RATIO":-38.1471096219,"ROE_AVG":-6.480956507225,"GROSS_PROFIT_QOQ":15.874557745008,"ROA":-3.436240189526,"HOLDER_PROFIT_QOQ":62.473425306601,"ROE_YEARLY":-6.480956507225,"ROIC_YEARLY":-5.10282952007,"TOTAL_ASSETS":4561410022.4,"TOTAL_LIABILITIES":1669814731.2,"TAX_EBT":23.90654174722,"OCF_SALES":-5.660228877688,"TOTAL_PARENT_EQUITY":2377286464,"DEBT_ASSET_RATIO":36.6074245244,"OPERATE_PROFIT":-165608968,"PRETAX_PROFIT":-197921337.6,"NETCASH_OPERATE":-22346643.2,"NETCASH_INVEST":431953614.4,"NETCASH_FINANCE":-47216400,"END_CASH":942478588.8,"DIVI_RATIO":-0.252429455474,"DIVIDEND_RATE":5.990783410138,"CURRENT_RATIO":2.18788743775,"COMMON_ACS":null,"CURRENTDEBT_DEBT":35.267294281012,"ISSUED_COMMON_SHARES":340200000,"HK_COMMON_SHARES":340200000,"PER_SHARES":2000,"TOTAL_MARKET_CAP":738234000,"HKSK_MARKET_CAP":738234000,"PE_TTM":2.82052908274,"PB_TTM":0.233249583886,"REPORT_DATE_SQ":"2020-12-31 00:00:00","REPORT_TYPE_SQ":"2020年年报","OPERATE_INCOME_SQ":560287322.76,"DPS_HKD":0.13,"OPERATE_INCOME_QOQ_SQ":-57.77058374693,"NET_PROFIT_RATIO_SQ":-82.0119601808,"HOLDER_PROFIT_SQ":-473494881.04,"HOLDER_PROFIT_QOQ_SQ":-142.049581181309,"ROE_AVG_SQ":-16.544990126724,"PE_TTM_SQ":5.788490903538,"PB_TTM_SQ":0.223920799565,"ROA_SQ":-8.939410154269,"START_DATE":"2021-01-01 00:00:00","FISCAL_YEAR":"12-31","CURRENCY":"HKD","IS_CNY_CODE":0,"DPS_HKD_LY":null,"ORG_TYPE":"一般企业","PREMIUM_INCOME":null,"PREMIUM_INCOME_YOY":null,"NET_INTEREST_INCOME":null,"NET_INTEREST_INCOME_YOY":null,"FEE_COMMISSION_INCOME":null,"FEE_COMMISSION_INCOME_YOY":null,"ACCOUNTS_RECE_TDAYS":6.970098948447,"INVENTORY_TDAYS":0.155636301941,"CURRENT_ASSETS_TDAYS":0.297040531978,"TOTAL_ASSETS_TDAYS":0.08521213565,"PREMIUM_EXPENSE":null,"LOAN_DEPOSIT":null,"LOAN_EQUITY":null,"LOAN_ASSETS":null,"DEPOSIT_EQUITY":null,"DEPOSIT_ASSETS":null,"EQUITY_MULTIPLIER":1.577471797758,"EQUITY_RATIO":0.702403667579},{"SECUCODE":"00184.HK","SECURITY_CODE":"00184","SECURITY_NAME_ABBR":"激成投资","ORG_CODE":"10007454","STD_REPORT_DATE":"2021-06-30 00:00:00","REPORT_DATE":"2021-06-30 00:00:00","DATE_TYPE_CODE":"002","REPORT_TYPE":"2021年中报","PER_NETCASH_OPERATE":-0.054640409171,"PER_OI":0.576894124868,"BPS":7.329020318871,"BASIC_EPS":-0.25544856,"DILUTED_EPS":-0.25544856,"OPERATE_INCOME":196259381.28,"OPERATE_INCOME_YOY":-45.0088129144,"GROSS_PROFIT":171101442.48,"GROSS_PROFIT_YOY":-50.592427913419,"HOLDER_PROFIT":-86869152,"HOLDER_PROFIT_YOY":29.9389986109,"GROSS_PROFIT_RATIO":87.18128089678,"EPS_TTM":-1.247059371899,"OPERATE_INCOME_QOQ":-34.898103493902,"NET_PROFIT_RATIO":-41.0461872419,"ROE_AVG":-3.424085258411,"GROSS_PROFIT_QOQ":-36.135828936315,"ROA":-1.83424938922,"HOLDER_PROFIT_QOQ":10.400383339274,"ROE_YEARLY":-6.848170516822,"ROIC_YEARLY":-5.451398226207,"TOTAL_ASSETS":4683675974.16,"TOTAL_LIABILITIES":1668754745.76,"TAX_EBT":28.071205153161,"OCF_SALES":-9.471479568908,"TOTAL_PARENT_EQUITY":2493332712.48,"DEBT_ASSET_RATIO":35.6291672389,"OPERATE_PROFIT":-98503294.56,"PRETAX_PROFIT":-111995471.76,"NETCASH_OPERATE":-18588667.2,"NETCASH_INVEST":440339232.24,"NETCASH_FINANCE":-32575099.92,"END_CASH":981662189.52,"DIVI_RATIO":-0.094728128156,"DIVIDEND_RATE":5.990783410138,"CURRENT_RATIO":2.291209679515,"COMMON_ACS":null,"CURRENTDEBT_DEBT":34.542727529292,"ISSUED_COMMON_SHARES":340200000,"HK_COMMON_SHARES":340200000,"PER_SHARES":2000,"TOTAL_MARKET_CAP":738234000,"HKSK_MARKET_CAP":738234000,"PE_TTM":2.82052908274,"PB_TTM":0.233249583886,"REPORT_DATE_SQ":"2020-06-30 00:00:00","REPORT_TYPE_SQ":"2020年中报","OPERATE_INCOME_SQ":391789031.04,"DPS_HKD":0.13,"OPERATE_INCOME_QOQ_SQ":-23.786416672336,"NET_PROFIT_RATIO_SQ":-32.9409488105,"HOLDER_PROFIT_SQ":-136114434.72,"HOLDER_PROFIT_QOQ_SQ":-4058.99846546609,"ROE_AVG_SQ":-4.141031218567,"PE_TTM_SQ":5.788490903538,"PB_TTM_SQ":0.223920799565,"ROA_SQ":-2.245826123265,"START_DATE":"2021-01-01 00:00:00","FISCAL_YEAR":"12-31","CURRENCY":"HKD","IS_CNY_CODE":0,"DPS_HKD_LY":null,"ORG_TYPE":"一般企业","PREMIUM_INCOME":null,"PREMIUM_INCOME_YOY":null,"NET_INTEREST_INCOME":null,"NET_INTEREST_INCOME_YOY":null,"FEE_COMMISSION_INCOME":null,"FEE_COMMISSION_INCOME_YOY":null,"ACCOUNTS_RECE_TDAYS":3.790534351145,"INVENTORY_TDAYS":0.106894680368,"CURRENT_ASSETS_TDAYS":0.144586068084,"TOTAL_ASSETS_TDAYS":0.041440332034,"PREMIUM_EXPENSE":null,"LOAN_DEPOSIT":null,"LOAN_EQUITY":null,"LOAN_ASSETS":null,"DEPOSIT_EQUITY":null,"DEPOSIT_ASSETS":null,"EQUITY_MULTIPLIER":1.553498622134,"EQUITY_RATIO":0.669286829394},{"SECUCODE":"00184.HK","SECURITY_CODE":"00184","SECURITY_NAME_ABBR":"激成投资","ORG_CODE":"10007454","STD_REPORT_DATE":"2020-12-31 00:00:00","REPORT_DATE":"2020-12-31 00:00:00","DATE_TYPE_CODE":"001","REPORT_TYPE":"2020年年报","PER_NETCASH_OPERATE":-0.514679435509,"PER_OI":1.646935105115,"BPS":7.672909276073,"BASIC_EPS":-1.39207256,"DILUTED_EPS":-1.39207256,"OPERATE_INCOME":560287322.76,"OPERATE_INCOME_YOY":-65.7451197618,"GROSS_PROFIT":484850287.92,"GROSS_PROFIT_YOY":-68.927988825549,"HOLDER_PROFIT":-473494881.04,"HOLDER_PROFIT_YOY":-10299.166062364,"GROSS_PROFIT_RATIO":86.536008976895,"EPS_TTM":-1.391813289359,"OPERATE_INCOME_QOQ":-57.77058374693,"NET_PROFIT_RATIO":-82.0119601808,"ROE_AVG":-16.544990126724,"GROSS_PROFIT_QOQ":-59.196289969964,"ROA":-8.939410154269,"HOLDER_PROFIT_QOQ":-142.049581181309,"ROE_YEARLY":-16.544990126724,"ROIC_YEARLY":-14.006547339997,"TOTAL_ASSETS":4843239262.64,"TOTAL_LIABILITIES":1699487461.48,"TAX_EBT":27.952191676696,"OCF_SALES":-31.250741690438,"TOTAL_PARENT_EQUITY":2610323735.72,"DEBT_ASSET_RATIO":35.089892721,"OPERATE_PROFIT":-317196441.56,"PRETAX_PROFIT":-637774592.64,"NETCASH_OPERATE":-175093943.96,"NETCASH_INVEST":125246131.68,"NETCASH_FINANCE":-325267769.16,"END_CASH":597624998.08,"DIVI_RATIO":-0.084876039698,"DIVIDEND_RATE":6.07476635514,"CURRENT_RATIO":1.562596183082,"COMMON_ACS":null,"CURRENTDEBT_DEBT":53.097451191206,"ISSUED_COMMON_SHARES":340200000,"HK_COMMON_SHARES":340200000,"PER_SHARES":2000,"TOTAL_MARKET_CAP":728028000,"HKSK_MARKET_CAP":728028000,"PE_TTM":2.781535593117,"PB_TTM":0.230024935261,"REPORT_DATE_SQ":"2019-12-31 00:00:00","REPORT_TYPE_SQ":"2019年年报","OPERATE_INCOME_SQ":1740857956.22,"DPS_HKD":0.13,"OPERATE_INCOME_QOQ_SQ":-0.307648404136,"NET_PROFIT_RATIO_SQ":6.3972966951,"HOLDER_PROFIT_SQ":4941122.48,"HOLDER_PROFIT_QOQ_SQ":-96.905598366091,"ROE_AVG_SQ":0.148090555388,"PE_TTM_SQ":5.818175472274,"PB_TTM_SQ":0.225069111358,"ROA_SQ":0.082108240722,"START_DATE":"2020-01-01 00:00:00","FISCAL_YEAR":"12-31","CURRENCY":"HKD","IS_CNY_CODE":0,"DPS_HKD_LY":0.045,"ORG_TYPE":"一般企业","PREMIUM_INCOME":null,"PREMIUM_INCOME_YOY":null,"NET_INTEREST_INCOME":null,"NET_INTEREST_INCOME_YOY":null,"FEE_COMMISSION_INCOME":null,"FEE_COMMISSION_INCOME_YOY":null,"ACCOUNTS_RECE_TDAYS":7.288172890597,"INVENTORY_TDAYS":0.314811757805,"CURRENT_ASSETS_TDAYS":0.32732797628,"TOTAL_ASSETS_TDAYS":0.105780197061,"PREMIUM_EXPENSE":null,"LOAN_DEPOSIT":null,"LOAN_EQUITY":null,"LOAN_ASSETS":null,"DEPOSIT_EQUITY":null,"DEPOSIT_ASSETS":null,"EQUITY_MULTIPLIER":1.540592123353,"EQUITY_RATIO":0.65106386546},{"SECUCODE":"00184.HK","SECURITY_CODE":"00184","SECURITY_NAME_ABBR":"激成投资","ORG_CODE":"10007454","STD_REPORT_DATE":"2020-06-30 00:00:00","REPORT_DATE":"2020-06-30 00:00:00","DATE_TYPE_CODE":"002","REPORT_TYPE":"2020年中报","PER_NETCASH_OPERATE":-0.270501213404,"PER_OI":1.151643242328,"BPS":9.391341918871,"BASIC_EPS":-0.40008672,"DILUTED_EPS":-0.40008672,"OPERATE_INCOME":391789031.04,"OPERATE_INCOME_YOY":-53.1813959479,"GROSS_PROFIT":346306113.12,"GROSS_PROFIT_YOY":-51.799104462133,"HOLDER_PROFIT":-136114434.72,"HOLDER_PROFIT_YOY":-303.3973956485,"GROSS_PROFIT_RATIO":88.390966995869,"EPS_TTM":-0.5750116495,"OPERATE_INCOME_QOQ":-23.786416672336,"NET_PROFIT_RATIO":-32.9409488105,"ROE_AVG":-4.141031218567,"GROSS_PROFIT_QOQ":-23.850034343498,"ROA":-2.245826123265,"HOLDER_PROFIT_QOQ":-4058.99846546609,"ROE_YEARLY":-8.282062437134,"ROIC_YEARLY":-7.223895531223,"TOTAL_ASSETS":5880814410.24,"TOTAL_LIABILITIES":2095324487.52,"TAX_EBT":27.557847998072,"OCF_SALES":-23.488282087868,"TOTAL_PARENT_EQUITY":3194934520.8,"DEBT_ASSET_RATIO":35.6298352805,"OPERATE_PROFIT":-148426692.48,"PRETAX_PROFIT":-178154597.28,"NETCASH_OPERATE":-92024512.8,"NETCASH_INVEST":455726177.28,"NETCASH_FINANCE":-52555683.84,"END_CASH":1359881059.68,"DIVI_RATIO":-0.205442098613,"DIVIDEND_RATE":5.990783410138,"CURRENT_RATIO":1.023613181585,"COMMON_ACS":null,"CURRENTDEBT_DEBT":89.864696673719,"ISSUED_COMMON_SHARES":340200000,"HK_COMMON_SHARES":340200000,"PER_SHARES":2000,"TOTAL_MARKET_CAP":738234000,"HKSK_MARKET_CAP":738234000,"PE_TTM":2.82052908274,"PB_TTM":0.233249583886,"REPORT_DATE_SQ":"2019-06-30 00:00:00","REPORT_TYPE_SQ":"2019年中报","OPERATE_INCOME_SQ":805876758.18,"DPS_HKD":0.13,"OPERATE_INCOME_QOQ_SQ":-1.455820910803,"NET_PROFIT_RATIO_SQ":13.3943804489,"HOLDER_PROFIT_SQ":64445650.92,"HOLDER_PROFIT_QOQ_SQ":-7.293845384164,"ROE_AVG_SQ":1.945602688821,"PE_TTM_SQ":5.788490903538,"PB_TTM_SQ":0.223920799565,"ROA_SQ":1.088033480695,"START_DATE":"2020-01-01 00:00:00","FISCAL_YEAR":"12-31","CURRENCY":"HKD","IS_CNY_CODE":0,"DPS_HKD_LY":0.045,"ORG_TYPE":"一般企业","PREMIUM_INCOME":null,"PREMIUM_INCOME_YOY":null,"NET_INTEREST_INCOME":null,"NET_INTEREST_INCOME_YOY":null,"FEE_COMMISSION_INCOME":null,"FEE_COMMISSION_INCOME_YOY":null,"ACCOUNTS_RECE_TDAYS":5.045298954278,"INVENTORY_TDAYS":0.174047845418,"CURRENT_ASSETS_TDAYS":0.190535039659,"TOTAL_ASSETS_TDAYS":0.064643404098,"PREMIUM_EXPENSE":null,"LOAN_DEPOSIT":null,"LOAN_EQUITY":null,"LOAN_ASSETS":null,"DEPOSIT_EQUITY":null,"DEPOSIT_ASSETS":null,"EQUITY_MULTIPLIER":1.553514744537,"EQUITY_RATIO":0.655827051816}],"count":47},"success":true,"message":"ok","code":0}