{"version":"41958f4f3d6c415a10ac996dab28e1d2","result":{"pages":6,"data":[{"SECUCODE":"00185.HK","SECURITY_CODE":"00185","SECURITY_NAME_ABBR":"正商实业","ORG_CODE":"10007455","STD_REPORT_DATE":"2024-06-30 00:00:00","REPORT_DATE":"2024-06-30 00:00:00","DATE_TYPE_CODE":"002","REPORT_TYPE":"2024年中报","PER_NETCASH_OPERATE":0.640455491749,"PER_OI":0.096120142875,"BPS":0.673091864214,"BASIC_EPS":-0.835,"DILUTED_EPS":null,"OPERATE_INCOME":183915000,"OPERATE_INCOME_YOY":-96.8902194981,"GROSS_PROFIT":13474000,"GROSS_PROFIT_YOY":-97.498319711547,"HOLDER_PROFIT":-1597101000,"HOLDER_PROFIT_YOY":-326.4724652929,"GROSS_PROFIT_RATIO":7.326210477666,"EPS_TTM":-1.840228144706,"OPERATE_INCOME_QOQ":-28.600934229862,"NET_PROFIT_RATIO":-870.6337166626,"ROE_AVG":-73.321078729555,"GROSS_PROFIT_QOQ":-67.959446203064,"ROA":-3.535691260028,"HOLDER_PROFIT_QOQ":-53.192618703496,"ROE_YEARLY":-146.64215745911,"ROIC_YEARLY":-7.155333943395,"TOTAL_ASSETS":43942335000,"TOTAL_LIABILITIES":42601665000,"TAX_EBT":-0.014553467754,"OCF_SALES":666.307261506674,"TOTAL_PARENT_EQUITY":1287885000,"DEBT_ASSET_RATIO":96.9490242155,"OPERATE_PROFIT":-1514175000,"PRETAX_PROFIT":-1600993000,"NETCASH_OPERATE":1225439000,"NETCASH_INVEST":1567000,"NETCASH_FINANCE":-1339525000,"END_CASH":423326000,"DIVI_RATIO":null,"DIVIDEND_RATE":null,"CURRENT_RATIO":1.012908312042,"COMMON_ACS":null,"CURRENTDEBT_DEBT":97.919574270161,"ISSUED_COMMON_SHARES":1913386669,"HK_COMMON_SHARES":1913386669,"PER_SHARES":1000,"TOTAL_MARKET_CAP":225779626.942,"HKSK_MARKET_CAP":225779626.942,"PE_TTM":-0.058190105076,"PB_TTM":0.160002290513,"REPORT_DATE_SQ":"2023-06-30 00:00:00","REPORT_TYPE_SQ":"2023年中报","OPERATE_INCOME_SQ":5914083000,"DPS_HKD":null,"OPERATE_INCOME_QOQ_SQ":20.431237014676,"NET_PROFIT_RATIO_SQ":-6.3869242282,"HOLDER_PROFIT_SQ":-374491000,"HOLDER_PROFIT_QOQ_SQ":-14.861446251383,"ROE_AVG_SQ":-7.261215866981,"PE_TTM_SQ":-0.159517555045,"PB_TTM_SQ":0.11116535804,"ROA_SQ":-0.607773852966,"START_DATE":"2024-01-01 00:00:00","FISCAL_YEAR":"12-31","CURRENCY":"HKD","IS_CNY_CODE":0,"DPS_HKD_LY":null,"ORG_TYPE":"一般企业","PREMIUM_INCOME":null,"PREMIUM_INCOME_YOY":null,"NET_INTEREST_INCOME":null,"NET_INTEREST_INCOME_YOY":null,"FEE_COMMISSION_INCOME":null,"FEE_COMMISSION_INCOME_YOY":null,"ACCOUNTS_RECE_TDAYS":0.061658436434,"INVENTORY_TDAYS":0.004544488492,"CURRENT_ASSETS_TDAYS":0.004231502033,"TOTAL_ASSETS_TDAYS":0.004071543741,"PREMIUM_EXPENSE":null,"LOAN_DEPOSIT":null,"LOAN_EQUITY":null,"LOAN_ASSETS":null,"DEPOSIT_EQUITY":null,"DEPOSIT_ASSETS":null,"EQUITY_MULTIPLIER":32.776399114026,"EQUITY_RATIO":33.078780325883},{"SECUCODE":"00185.HK","SECURITY_CODE":"00185","SECURITY_NAME_ABBR":"正商实业","ORG_CODE":"10007455","STD_REPORT_DATE":"2023-12-31 00:00:00","REPORT_DATE":"2023-12-31 00:00:00","DATE_TYPE_CODE":"001","REPORT_TYPE":"2023年年报","PER_NETCASH_OPERATE":1.068895813447,"PER_OI":10.470909160494,"BPS":1.603739092425,"BASIC_EPS":-1.201,"DILUTED_EPS":null,"OPERATE_INCOME":20034898000,"OPERATE_INCOME_YOY":107.4638274853,"GROSS_PROFIT":772702000,"GROSS_PROFIT_YOY":-6.57051688969,"HOLDER_PROFIT":-2298458000,"HOLDER_PROFIT_YOY":21.9833726676,"GROSS_PROFIT_RATIO":3.856780304047,"EPS_TTM":-1.201251183171,"OPERATE_INCOME_QOQ":72.267455377902,"NET_PROFIT_RATIO":-11.2167878269,"ROE_AVG":-54.825658495383,"GROSS_PROFIT_QOQ":-0.226223894511,"ROA":-4.258642685095,"HOLDER_PROFIT_QOQ":32.077620578094,"ROE_YEARLY":-54.825658495383,"ROIC_YEARLY":-4.301531227123,"TOTAL_ASSETS":46399320000,"TOTAL_LIABILITIES":43275202000,"TAX_EBT":-46.116419950312,"OCF_SALES":10.208242637422,"TOTAL_PARENT_EQUITY":3068573000,"DEBT_ASSET_RATIO":93.2668883941,"OPERATE_PROFIT":-1099377000,"PRETAX_PROFIT":-1538001000,"NETCASH_OPERATE":2045211000,"NETCASH_INVEST":7934000,"NETCASH_FINANCE":-2018522000,"END_CASH":528296000,"DIVI_RATIO":null,"DIVIDEND_RATE":null,"CURRENT_RATIO":1.068706540703,"COMMON_ACS":null,"CURRENTDEBT_DEBT":96.592850103854,"ISSUED_COMMON_SHARES":1913386669,"HK_COMMON_SHARES":1913386669,"PER_SHARES":1000,"TOTAL_MARKET_CAP":309968640.378,"HKSK_MARKET_CAP":309968640.378,"PE_TTM":-0.079888110358,"PB_TTM":0.219664161552,"REPORT_DATE_SQ":"2022-12-31 00:00:00","REPORT_TYPE_SQ":"2022年年报","OPERATE_INCOME_SQ":9657056000,"DPS_HKD":null,"OPERATE_INCOME_QOQ_SQ":-17.931111143594,"NET_PROFIT_RATIO_SQ":-30.4702281938,"HOLDER_PROFIT_SQ":-2946113000,"HOLDER_PROFIT_QOQ_SQ":-938.23794687949,"ROE_AVG_SQ":-43.599270295192,"PE_TTM_SQ":-0.096216937964,"PB_TTM_SQ":0.067052120722,"ROA_SQ":-4.540032940328,"START_DATE":"2023-01-01 00:00:00","FISCAL_YEAR":"12-31","CURRENCY":"HKD","IS_CNY_CODE":0,"DPS_HKD_LY":null,"ORG_TYPE":"一般企业","PREMIUM_INCOME":null,"PREMIUM_INCOME_YOY":null,"NET_INTEREST_INCOME":null,"NET_INTEREST_INCOME_YOY":null,"FEE_COMMISSION_INCOME":null,"FEE_COMMISSION_INCOME_YOY":null,"ACCOUNTS_RECE_TDAYS":6.69213085245,"INVENTORY_TDAYS":0.422762479314,"CURRENT_ASSETS_TDAYS":0.384949480431,"TOTAL_ASSETS_TDAYS":0.37121179423,"PREMIUM_EXPENSE":null,"LOAN_DEPOSIT":null,"LOAN_EQUITY":null,"LOAN_ASSETS":null,"DEPOSIT_EQUITY":null,"DEPOSIT_ASSETS":null,"EQUITY_MULTIPLIER":14.851974221306,"EQUITY_RATIO":14.102712237903},{"SECUCODE":"00185.HK","SECURITY_CODE":"00185","SECURITY_NAME_ABBR":"正商实业","ORG_CODE":"10007455","STD_REPORT_DATE":"2023-06-30 00:00:00","REPORT_DATE":"2023-06-30 00:00:00","DATE_TYPE_CODE":"002","REPORT_TYPE":"2023年中报","PER_NETCASH_OPERATE":0.454869898542,"PER_OI":3.090897985137,"BPS":2.612537800638,"BASIC_EPS":-0.196,"DILUTED_EPS":null,"OPERATE_INCOME":5914083000,"OPERATE_INCOME_YOY":50.0645136407,"GROSS_PROFIT":538598000,"GROSS_PROFIT_YOY":-8.895493304149,"HOLDER_PROFIT":-374491000,"HOLDER_PROFIT_YOY":-691.2020080828,"GROSS_PROFIT_RATIO":9.10704161575,"EPS_TTM":-1.768564637156,"OPERATE_INCOME_QOQ":20.431237014676,"NET_PROFIT_RATIO":-6.3869242282,"ROE_AVG":-7.261215866981,"GROSS_PROFIT_QOQ":-6.358677843836,"ROA":-0.607773852966,"HOLDER_PROFIT_QOQ":-14.861446251383,"ROE_YEARLY":-14.522431733963,"ROIC_YEARLY":-1.225843419977,"TOTAL_ASSETS":61689767000,"TOTAL_LIABILITIES":56689274000,"TAX_EBT":-111.836622530298,"OCF_SALES":14.716431947269,"TOTAL_PARENT_EQUITY":4998795000,"DEBT_ASSET_RATIO":91.8941288917,"OPERATE_PROFIT":-102041000,"PRETAX_PROFIT":-178311000,"NETCASH_OPERATE":870342000,"NETCASH_INVEST":1616000,"NETCASH_FINANCE":-826993000,"END_CASH":540917000,"DIVI_RATIO":null,"DIVIDEND_RATE":null,"CURRENT_RATIO":1.101820198716,"COMMON_ACS":null,"CURRENTDEBT_DEBT":95.440800670688,"ISSUED_COMMON_SHARES":1913386669,"HK_COMMON_SHARES":1913386669,"PER_SHARES":1000,"TOTAL_MARKET_CAP":317622187.054,"HKSK_MARKET_CAP":317622187.054,"PE_TTM":-0.081860656293,"PB_TTM":0.22508796801,"REPORT_DATE_SQ":"2022-06-30 00:00:00","REPORT_TYPE_SQ":"2022年中报","OPERATE_INCOME_SQ":3941027000,"DPS_HKD":null,"OPERATE_INCOME_QOQ_SQ":-12.327120613082,"NET_PROFIT_RATIO_SQ":1.3864913892,"HOLDER_PROFIT_SQ":63344000,"HOLDER_PROFIT_QOQ_SQ":-12.017172753899,"ROE_AVG_SQ":0.775803608422,"PE_TTM_SQ":-0.096216937964,"PB_TTM_SQ":0.067052120722,"ROA_SQ":0.0925329108,"START_DATE":"2023-01-01 00:00:00","FISCAL_YEAR":"12-31","CURRENCY":"HKD","IS_CNY_CODE":0,"DPS_HKD_LY":null,"ORG_TYPE":"一般企业","PREMIUM_INCOME":null,"PREMIUM_INCOME_YOY":null,"NET_INTEREST_INCOME":null,"NET_INTEREST_INCOME_YOY":null,"FEE_COMMISSION_INCOME":null,"FEE_COMMISSION_INCOME_YOY":null,"ACCOUNTS_RECE_TDAYS":1.966308570129,"INVENTORY_TDAYS":0.102444347437,"CURRENT_ASSETS_TDAYS":0.099369662584,"TOTAL_ASSETS_TDAYS":0.095981612687,"PREMIUM_EXPENSE":null,"LOAN_DEPOSIT":null,"LOAN_EQUITY":null,"LOAN_ASSETS":null,"DEPOSIT_EQUITY":null,"DEPOSIT_ASSETS":null,"EQUITY_MULTIPLIER":12.336736997657,"EQUITY_RATIO":11.340587881679},{"SECUCODE":"00185.HK","SECURITY_CODE":"00185","SECURITY_NAME_ABBR":"正商实业","ORG_CODE":"10007455","STD_REPORT_DATE":"2022-12-31 00:00:00","REPORT_DATE":"2022-12-31 00:00:00","DATE_TYPE_CODE":"001","REPORT_TYPE":"2022年年报","PER_NETCASH_OPERATE":2.783128515672,"PER_OI":5.047101119946,"BPS":2.778337534241,"BASIC_EPS":-1.54,"DILUTED_EPS":null,"OPERATE_INCOME":9657056000,"OPERATE_INCOME_YOY":-28.0478420587,"GROSS_PROFIT":827043000,"GROSS_PROFIT_YOY":-34.503886798191,"HOLDER_PROFIT":-2946113000,"HOLDER_PROFIT_YOY":-837.5054447142,"GROSS_PROFIT_RATIO":8.564131760238,"EPS_TTM":-1.539737392202,"OPERATE_INCOME_QOQ":-17.931111143594,"NET_PROFIT_RATIO":-30.4702281938,"ROE_AVG":-43.599270295192,"GROSS_PROFIT_QOQ":-41.759832006625,"ROA":-4.540032940328,"HOLDER_PROFIT_QOQ":-938.23794687949,"ROE_YEARLY":-43.599270295192,"ROIC_YEARLY":-4.623086567114,"TOTAL_ASSETS":61543899000,"TOTAL_LIABILITIES":56223654000,"TAX_EBT":-7.057547133085,"OCF_SALES":55.143109867024,"TOTAL_PARENT_EQUITY":5316034000,"DEBT_ASSET_RATIO":91.3553657041,"OPERATE_PROFIT":-2633779000,"PRETAX_PROFIT":-2748547000,"NETCASH_OPERATE":5325201000,"NETCASH_INVEST":2684000,"NETCASH_FINANCE":-6680081000,"END_CASH":488199000,"DIVI_RATIO":null,"DIVIDEND_RATE":null,"CURRENT_RATIO":1.135305243648,"COMMON_ACS":null,"CURRENTDEBT_DEBT":93.086911426995,"ISSUED_COMMON_SHARES":1913386669,"HK_COMMON_SHARES":1913386669,"PER_SHARES":1000,"TOTAL_MARKET_CAP":309968640.378,"HKSK_MARKET_CAP":309968640.378,"PE_TTM":-0.079888110358,"PB_TTM":0.219664161552,"REPORT_DATE_SQ":"2021-12-31 00:00:00","REPORT_TYPE_SQ":"2021年年报","OPERATE_INCOME_SQ":13421496000,"DPS_HKD":null,"OPERATE_INCOME_QOQ_SQ":17.454147450133,"NET_PROFIT_RATIO_SQ":2.868845619,"HOLDER_PROFIT_SQ":399470000,"HOLDER_PROFIT_QOQ_SQ":-49.141645108065,"ROE_AVG_SQ":4.970881141475,"PE_TTM_SQ":-0.096216937964,"PB_TTM_SQ":0.067052120722,"ROA_SQ":0.590092951347,"START_DATE":"2022-01-01 00:00:00","FISCAL_YEAR":"12-31","CURRENCY":"HKD","IS_CNY_CODE":0,"DPS_HKD_LY":null,"ORG_TYPE":"一般企业","PREMIUM_INCOME":null,"PREMIUM_INCOME_YOY":null,"NET_INTEREST_INCOME":null,"NET_INTEREST_INCOME_YOY":null,"FEE_COMMISSION_INCOME":null,"FEE_COMMISSION_INCOME_YOY":null,"ACCOUNTS_RECE_TDAYS":3.355622711635,"INVENTORY_TDAYS":0.175681592842,"CURRENT_ASSETS_TDAYS":0.153870626465,"TOTAL_ASSETS_TDAYS":0.148817619509,"PREMIUM_EXPENSE":null,"LOAN_DEPOSIT":null,"LOAN_EQUITY":null,"LOAN_ASSETS":null,"DEPOSIT_EQUITY":null,"DEPOSIT_ASSETS":null,"EQUITY_MULTIPLIER":11.56786933687,"EQUITY_RATIO":10.576240483037},{"SECUCODE":"00185.HK","SECURITY_CODE":"00185","SECURITY_NAME_ABBR":"正商实业","ORG_CODE":"10007455","STD_REPORT_DATE":"2022-06-30 00:00:00","REPORT_DATE":"2022-06-30 00:00:00","DATE_TYPE_CODE":"002","REPORT_TYPE":"2022年中报","PER_NETCASH_OPERATE":1.616996214161,"PER_OI":2.05971279295,"BPS":4.249759931823,"BASIC_EPS":0.033,"DILUTED_EPS":null,"OPERATE_INCOME":3941027000,"OPERATE_INCOME_YOY":-29.5680591102,"GROSS_PROFIT":591187000,"GROSS_PROFIT_YOY":36.259959849447,"HOLDER_PROFIT":63344000,"HOLDER_PROFIT_YOY":-43.1121967867,"GROSS_PROFIT_RATIO":15.000836076485,"EPS_TTM":0.183687388281,"OPERATE_INCOME_QOQ":-12.327120613082,"NET_PROFIT_RATIO":1.3864913892,"ROE_AVG":0.775803608422,"GROSS_PROFIT_QOQ":12.458661192838,"ROA":0.0925329108,"HOLDER_PROFIT_QOQ":-12.017172753899,"ROE_YEARLY":1.551607216845,"ROIC_YEARLY":0.189276598044,"TOTAL_ASSETS":68671415000,"TOTAL_LIABILITIES":60548058000,"TAX_EBT":74.499719992533,"OCF_SALES":78.505907216571,"TOTAL_PARENT_EQUITY":8131434000,"DEBT_ASSET_RATIO":88.1706864494,"OPERATE_PROFIT":229828000,"PRETAX_PROFIT":214280000,"NETCASH_OPERATE":3093939000,"NETCASH_INVEST":693000,"NETCASH_FINANCE":-3724823000,"END_CASH":1214747000,"DIVI_RATIO":null,"DIVIDEND_RATE":null,"CURRENT_RATIO":1.203807927034,"COMMON_ACS":null,"CURRENTDEBT_DEBT":91.256783165531,"ISSUED_COMMON_SHARES":1913386669,"HK_COMMON_SHARES":1913386669,"PER_SHARES":1000,"TOTAL_MARKET_CAP":311882027.047,"HKSK_MARKET_CAP":311882027.047,"PE_TTM":-0.080381246842,"PB_TTM":0.221020113166,"REPORT_DATE_SQ":"2021-06-30 00:00:00","REPORT_TYPE_SQ":"2021年中报","OPERATE_INCOME_SQ":5595511000,"DPS_HKD":null,"OPERATE_INCOME_QOQ_SQ":41.615102426416,"NET_PROFIT_RATIO_SQ":1.8854756965,"HOLDER_PROFIT_SQ":111349000,"HOLDER_PROFIT_QOQ_SQ":0.315202787271,"ROE_AVG_SQ":1.415749107425,"PE_TTM_SQ":-0.096216937964,"PB_TTM_SQ":0.067052120722,"ROA_SQ":0.163329811822,"START_DATE":"2022-01-01 00:00:00","FISCAL_YEAR":"12-31","CURRENCY":"HKD","IS_CNY_CODE":0,"DPS_HKD_LY":null,"ORG_TYPE":"一般企业","PREMIUM_INCOME":null,"PREMIUM_INCOME_YOY":null,"NET_INTEREST_INCOME":null,"NET_INTEREST_INCOME_YOY":null,"FEE_COMMISSION_INCOME":null,"FEE_COMMISSION_INCOME_YOY":null,"ACCOUNTS_RECE_TDAYS":1.405474966865,"INVENTORY_TDAYS":0.067654963724,"CURRENT_ASSETS_TDAYS":0.059433865619,"TOTAL_ASSETS_TDAYS":0.057570519678,"PREMIUM_EXPENSE":null,"LOAN_DEPOSIT":null,"LOAN_EQUITY":null,"LOAN_ASSETS":null,"DEPOSIT_EQUITY":null,"DEPOSIT_ASSETS":null,"EQUITY_MULTIPLIER":8.453575904658,"EQUITY_RATIO":7.446172224973},{"SECUCODE":"00185.HK","SECURITY_CODE":"00185","SECURITY_NAME_ABBR":"正商实业","ORG_CODE":"10007455","STD_REPORT_DATE":"2021-12-31 00:00:00","REPORT_DATE":"2021-12-31 00:00:00","DATE_TYPE_CODE":"001","REPORT_TYPE":"2021年年报","PER_NETCASH_OPERATE":2.864418409931,"PER_OI":7.014523628418,"BPS":4.284796237388,"BASIC_EPS":0.209,"DILUTED_EPS":null,"OPERATE_INCOME":13421496000,"OPERATE_INCOME_YOY":66.3328112156,"GROSS_PROFIT":1262736000,"GROSS_PROFIT_YOY":-27.689863813207,"HOLDER_PROFIT":399470000,"HOLDER_PROFIT_YOY":-48.9813381559,"GROSS_PROFIT_RATIO":9.40831037017,"EPS_TTM":0.208776410159,"OPERATE_INCOME_QOQ":17.454147450133,"NET_PROFIT_RATIO":2.868845619,"ROE_AVG":4.970881141475,"GROSS_PROFIT_QOQ":-19.596459212301,"ROA":0.590092951347,"HOLDER_PROFIT_QOQ":-49.141645108065,"ROE_YEARLY":4.970881141475,"ROIC_YEARLY":0.613062130702,"TOTAL_ASSETS":68239873000,"TOTAL_LIABILITIES":60041216000,"TAX_EBT":41.540549732179,"OCF_SALES":40.835537260526,"TOTAL_PARENT_EQUITY":8198472000,"DEBT_ASSET_RATIO":87.9855330329,"OPERATE_PROFIT":748565000,"PRETAX_PROFIT":658648000,"NETCASH_OPERATE":5480740000,"NETCASH_INVEST":32154000,"NETCASH_FINANCE":-6891268000,"END_CASH":1838967000,"DIVI_RATIO":null,"DIVIDEND_RATE":null,"CURRENT_RATIO":1.230940384587,"COMMON_ACS":null,"CURRENTDEBT_DEBT":89.441196527399,"ISSUED_COMMON_SHARES":1913386669,"HK_COMMON_SHARES":1913386669,"PER_SHARES":1000,"TOTAL_MARKET_CAP":311882027.047,"HKSK_MARKET_CAP":311882027.047,"PE_TTM":-0.080381246842,"PB_TTM":0.221020113166,"REPORT_DATE_SQ":"2020-12-31 00:00:00","REPORT_TYPE_SQ":"2020年年报","OPERATE_INCOME_SQ":8069061000,"DPS_HKD":null,"OPERATE_INCOME_QOQ_SQ":-25.264736716484,"NET_PROFIT_RATIO_SQ":9.6463888425,"HOLDER_PROFIT_SQ":782988000,"HOLDER_PROFIT_QOQ_SQ":-36.001896269172,"ROE_AVG_SQ":13.48286513381,"PE_TTM_SQ":-0.096216937964,"PB_TTM_SQ":0.067052120722,"ROA_SQ":1.314901534743,"START_DATE":"2021-01-01 00:00:00","FISCAL_YEAR":"12-31","CURRENCY":"HKD","IS_CNY_CODE":0,"DPS_HKD_LY":0.0098,"ORG_TYPE":"一般企业","PREMIUM_INCOME":null,"PREMIUM_INCOME_YOY":null,"NET_INTEREST_INCOME":null,"NET_INTEREST_INCOME_YOY":null,"FEE_COMMISSION_INCOME":null,"FEE_COMMISSION_INCOME_YOY":null,"ACCOUNTS_RECE_TDAYS":5.595932019089,"INVENTORY_TDAYS":0.252566601137,"CURRENT_ASSETS_TDAYS":0.203850155943,"TOTAL_ASSETS_TDAYS":0.198260950412,"PREMIUM_EXPENSE":null,"LOAN_DEPOSIT":null,"LOAN_EQUITY":null,"LOAN_ASSETS":null,"DEPOSIT_EQUITY":null,"DEPOSIT_ASSETS":null,"EQUITY_MULTIPLIER":8.32329892569,"EQUITY_RATIO":7.323464177227},{"SECUCODE":"00185.HK","SECURITY_CODE":"00185","SECURITY_NAME_ABBR":"正商实业","ORG_CODE":"10007455","STD_REPORT_DATE":"2021-06-30 00:00:00","REPORT_DATE":"2021-06-30 00:00:00","DATE_TYPE_CODE":"002","REPORT_TYPE":"2021年中报","PER_NETCASH_OPERATE":0.158020960829,"PER_OI":0.292440157984,"BPS":4.105870040427,"BASIC_EPS":0.058,"DILUTED_EPS":null,"OPERATE_INCOME":5595511000,"OPERATE_INCOME_YOY":150.0716627867,"GROSS_PROFIT":433867000,"GROSS_PROFIT_YOY":-28.833078814462,"HOLDER_PROFIT":111349000,"HOLDER_PROFIT_YOY":2.266694832,"GROSS_PROFIT_RATIO":7.753840533957,"EPS_TTM":0.041050562983,"OPERATE_INCOME_QOQ":41.615102426416,"NET_PROFIT_RATIO":1.8854756965,"ROE_AVG":1.415749107425,"GROSS_PROFIT_QOQ":-10.065980330738,"ROA":0.163329811822,"HOLDER_PROFIT_QOQ":0.315202787271,"ROE_YEARLY":2.83149821485,"ROIC_YEARLY":0.338873067569,"TOTAL_ASSETS":69196298000,"TOTAL_LIABILITIES":61331222000,"TAX_EBT":48.03548296532,"OCF_SALES":54.035315094546,"TOTAL_PARENT_EQUITY":7856117000,"DEBT_ASSET_RATIO":88.6336751715,"OPERATE_PROFIT":224974000,"PRETAX_PROFIT":203027000,"NETCASH_OPERATE":3023552000,"NETCASH_INVEST":7593000,"NETCASH_FINANCE":-4577181000,"END_CASH":1671735000,"DIVI_RATIO":null,"DIVIDEND_RATE":null,"CURRENT_RATIO":1.243715624442,"COMMON_ACS":null,"CURRENTDEBT_DEBT":88.63649414975,"ISSUED_COMMON_SHARES":1913386669,"HK_COMMON_SHARES":1913386669,"PER_SHARES":1000,"TOTAL_MARKET_CAP":317622187.054,"HKSK_MARKET_CAP":317622187.054,"PE_TTM":-0.081860656293,"PB_TTM":0.22508796801,"REPORT_DATE_SQ":"2020-06-30 00:00:00","REPORT_TYPE_SQ":"2020年中报","OPERATE_INCOME_SQ":2237563000,"DPS_HKD":null,"OPERATE_INCOME_QOQ_SQ":21.487937801684,"NET_PROFIT_RATIO_SQ":4.8752146867,"HOLDER_PROFIT_SQ":108881000,"HOLDER_PROFIT_QOQ_SQ":6.242255145362,"ROE_AVG_SQ":2.812558443746,"PE_TTM_SQ":-0.096216937964,"PB_TTM_SQ":0.067052120722,"ROA_SQ":0.191497440478,"START_DATE":"2021-01-01 00:00:00","FISCAL_YEAR":"12-31","CURRENCY":"HKD","IS_CNY_CODE":0,"DPS_HKD_LY":0.0098,"ORG_TYPE":"一般企业","PREMIUM_INCOME":null,"PREMIUM_INCOME_YOY":null,"NET_INTEREST_INCOME":null,"NET_INTEREST_INCOME_YOY":null,"FEE_COMMISSION_INCOME":null,"FEE_COMMISSION_INCOME_YOY":null,"ACCOUNTS_RECE_TDAYS":2.300952762402,"INVENTORY_TDAYS":0.106601635597,"CURRENT_ASSETS_TDAYS":0.084024726482,"TOTAL_ASSETS_TDAYS":0.082076512468,"PREMIUM_EXPENSE":null,"LOAN_DEPOSIT":null,"LOAN_EQUITY":null,"LOAN_ASSETS":null,"DEPOSIT_EQUITY":null,"DEPOSIT_ASSETS":null,"EQUITY_MULTIPLIER":8.79791854525,"EQUITY_RATIO":7.806811176565},{"SECUCODE":"00185.HK","SECURITY_CODE":"00185","SECURITY_NAME_ABBR":"正商实业","ORG_CODE":"10007455","STD_REPORT_DATE":"2020-12-31 00:00:00","REPORT_DATE":"2020-12-31 00:00:00","DATE_TYPE_CODE":"001","REPORT_TYPE":"2020年年报","PER_NETCASH_OPERATE":0.096323813116,"PER_OI":0.421716170984,"BPS":4.115179711226,"BASIC_EPS":0.704,"DILUTED_EPS":null,"OPERATE_INCOME":8069061000,"OPERATE_INCOME_YOY":-9.2056698262,"GROSS_PROFIT":1746278000,"GROSS_PROFIT_YOY":-23.625889413373,"HOLDER_PROFIT":782988000,"HOLDER_PROFIT_YOY":-32.0069713461,"GROSS_PROFIT_RATIO":21.64165074474,"EPS_TTM":0.040921577032,"OPERATE_INCOME_QOQ":-25.264736716484,"NET_PROFIT_RATIO":9.6463888425,"ROE_AVG":13.48286513381,"GROSS_PROFIT_QOQ":-36.438795135466,"ROA":1.314901534743,"HOLDER_PROFIT_QOQ":-36.001896269172,"ROE_YEARLY":13.48286513381,"ROIC_YEARLY":1.389947342023,"TOTAL_ASSETS":67152356000,"TOTAL_LIABILITIES":59263541000,"TAX_EBT":36.296682467558,"OCF_SALES":22.840910485123,"TOTAL_PARENT_EQUITY":7873930000,"DEBT_ASSET_RATIO":88.2523630295,"OPERATE_PROFIT":1301558000,"PRETAX_PROFIT":1221872000,"NETCASH_OPERATE":1843047000,"NETCASH_INVEST":649520000,"NETCASH_FINANCE":-2460036000,"END_CASH":3218611000,"DIVI_RATIO":null,"DIVIDEND_RATE":null,"CURRENT_RATIO":1.31109479921,"COMMON_ACS":null,"CURRENTDEBT_DEBT":84.397000509976,"ISSUED_COMMON_SHARES":1913386669,"HK_COMMON_SHARES":1913386669,"PER_SHARES":1000,"TOTAL_MARKET_CAP":311882027.047,"HKSK_MARKET_CAP":311882027.047,"PE_TTM":-0.080381246842,"PB_TTM":0.221020113166,"REPORT_DATE_SQ":"2019-12-31 00:00:00","REPORT_TYPE_SQ":"2019年年报","OPERATE_INCOME_SQ":8887186000,"DPS_HKD":null,"OPERATE_INCOME_QOQ_SQ":1362.1242557504,"NET_PROFIT_RATIO_SQ":12.9563846194,"HOLDER_PROFIT_SQ":1151571000,"HOLDER_PROFIT_QOQ_SQ":2903.18424827227,"ROE_AVG_SQ":47.300223301615,"PE_TTM_SQ":-0.096216937964,"PB_TTM_SQ":0.067052120722,"ROA_SQ":2.516780195632,"START_DATE":"2020-01-01 00:00:00","FISCAL_YEAR":"12-31","CURRENCY":"HKD","IS_CNY_CODE":0,"DPS_HKD_LY":0.0183,"ORG_TYPE":"一般企业","PREMIUM_INCOME":null,"PREMIUM_INCOME_YOY":null,"NET_INTEREST_INCOME":null,"NET_INTEREST_INCOME_YOY":null,"FEE_COMMISSION_INCOME":null,"FEE_COMMISSION_INCOME_YOY":null,"ACCOUNTS_RECE_TDAYS":4.095237273534,"INVENTORY_TDAYS":0.145662475077,"CURRENT_ASSETS_TDAYS":0.138376322445,"TOTAL_ASSETS_TDAYS":0.135506810996,"PREMIUM_EXPENSE":null,"LOAN_DEPOSIT":null,"LOAN_EQUITY":null,"LOAN_ASSETS":null,"DEPOSIT_EQUITY":null,"DEPOSIT_ASSETS":null,"EQUITY_MULTIPLIER":8.512350207205,"EQUITY_RATIO":7.526551671148},{"SECUCODE":"00185.HK","SECURITY_CODE":"00185","SECURITY_NAME_ABBR":"正商实业","ORG_CODE":"10007455","STD_REPORT_DATE":"2020-06-30 00:00:00","REPORT_DATE":"2020-06-30 00:00:00","DATE_TYPE_CODE":"002","REPORT_TYPE":"2020年中报","PER_NETCASH_OPERATE":0.096248849096,"PER_OI":0.194063431595,"BPS":2.091503021755,"BASIC_EPS":0.103,"DILUTED_EPS":null,"OPERATE_INCOME":2237563000,"OPERATE_INCOME_YOY":582.4126993809,"GROSS_PROFIT":609647000,"GROSS_PROFIT_YOY":309.901835540913,"HOLDER_PROFIT":108881000,"HOLDER_PROFIT_YOY":194.2968348785,"GROSS_PROFIT_RATIO":27.246026145409,"EPS_TTM":0.106110029394,"OPERATE_INCOME_QOQ":21.487937801684,"NET_PROFIT_RATIO":4.8752146867,"ROE_AVG":2.812558443746,"GROSS_PROFIT_QOQ":20.158374513827,"ROA":0.191497440478,"HOLDER_PROFIT_QOQ":6.242255145362,"ROE_YEARLY":5.625116887491,"ROIC_YEARLY":0.403299536256,"TOTAL_ASSETS":61773169000,"TOTAL_LIABILITIES":57761413000,"TAX_EBT":69.68351193917,"OCF_SALES":49.596592364103,"TOTAL_PARENT_EQUITY":4001854000,"DEBT_ASSET_RATIO":93.505665866,"OPERATE_PROFIT":412802000,"PRETAX_PROFIT":359824000,"NETCASH_OPERATE":1109755000,"NETCASH_INVEST":544098000,"NETCASH_FINANCE":-2344148000,"END_CASH":2518613000,"DIVI_RATIO":null,"DIVIDEND_RATE":null,"CURRENT_RATIO":1.315211822469,"COMMON_ACS":null,"CURRENTDEBT_DEBT":78.961051385637,"ISSUED_COMMON_SHARES":1913386669,"HK_COMMON_SHARES":1913386669,"PER_SHARES":1000,"TOTAL_MARKET_CAP":317622187.054,"HKSK_MARKET_CAP":317622187.054,"PE_TTM":-0.081860656293,"PB_TTM":0.22508796801,"REPORT_DATE_SQ":"2019-06-30 00:00:00","REPORT_TYPE_SQ":"2019年中报","OPERATE_INCOME_SQ":327890000,"DPS_HKD":null,"OPERATE_INCOME_QOQ_SQ":1.056910569106,"NET_PROFIT_RATIO_SQ":11.4327975846,"HOLDER_PROFIT_SQ":36997000,"HOLDER_PROFIT_QOQ_SQ":27.94034233092,"ROE_AVG_SQ":3.224226536839,"PE_TTM_SQ":-0.096216937964,"PB_TTM_SQ":0.067052120722,"ROA_SQ":0.08615059101,"START_DATE":"2020-01-01 00:00:00","FISCAL_YEAR":"12-31","CURRENCY":"HKD","IS_CNY_CODE":0,"DPS_HKD_LY":0.0183,"ORG_TYPE":"一般企业","PREMIUM_INCOME":null,"PREMIUM_INCOME_YOY":null,"NET_INTEREST_INCOME":null,"NET_INTEREST_INCOME_YOY":null,"FEE_COMMISSION_INCOME":null,"FEE_COMMISSION_INCOME_YOY":null,"ACCOUNTS_RECE_TDAYS":1.039107901642,"INVENTORY_TDAYS":0.038988928513,"CURRENT_ASSETS_TDAYS":0.040304166757,"TOTAL_ASSETS_TDAYS":0.039353752024,"PREMIUM_EXPENSE":null,"LOAN_DEPOSIT":null,"LOAN_EQUITY":null,"LOAN_ASSETS":null,"DEPOSIT_EQUITY":null,"DEPOSIT_ASSETS":null,"EQUITY_MULTIPLIER":15.39803741795,"EQUITY_RATIO":14.433663247085}],"count":47},"success":true,"message":"ok","code":0}