{"version":"88cc911a0f0ea43e8d9c244c8aa33da8","result":{"pages":6,"data":[{"SECUCODE":"00188.HK","SECURITY_CODE":"00188","SECURITY_NAME_ABBR":"新华汇富金融","ORG_CODE":"10007457","STD_REPORT_DATE":"2023-12-31 00:00:00","REPORT_DATE":"2024-06-30 00:00:00","DATE_TYPE_CODE":"001","REPORT_TYPE":"2023年年报","PER_NETCASH_OPERATE":-0.041933156747,"PER_OI":0.0263389308,"BPS":0.851810242945,"BASIC_EPS":-0.069728752,"DILUTED_EPS":-0.069728752,"OPERATE_INCOME":19609842.48,"OPERATE_INCOME_YOY":72.5090325171,"GROSS_PROFIT":null,"GROSS_PROFIT_YOY":null,"HOLDER_PROFIT":-51706972.72,"HOLDER_PROFIT_YOY":27.8265411417,"GROSS_PROFIT_RATIO":null,"EPS_TTM":-0.078983154163,"OPERATE_INCOME_QOQ":12.528027382884,"NET_PROFIT_RATIO":-264.5443544634,"ROE_AVG":-7.483195369596,"GROSS_PROFIT_QOQ":null,"ROA":-4.277554015879,"HOLDER_PROFIT_QOQ":19.287645482316,"ROE_YEARLY":-7.483195369596,"ROIC_YEARLY":-4.760932354155,"TOTAL_ASSETS":1105224448.88,"TOTAL_LIABILITIES":457625966.12,"TAX_EBT":-0.764062472301,"OCF_SALES":-159.205994601136,"TOTAL_PARENT_EQUITY":647598482.76,"DEBT_ASSET_RATIO":41.4057042064,"OPERATE_PROFIT":-46661677.68,"PRETAX_PROFIT":-51483366.12,"NETCASH_OPERATE":-31220044.76,"NETCASH_INVEST":2444157.04,"NETCASH_FINANCE":-16218323.6,"END_CASH":32421131.64,"DIVI_RATIO":-0.230289612927,"DIVIDEND_RATE":8.620689655172,"CURRENT_RATIO":1.556259115869,"COMMON_ACS":10000000000,"CURRENTDEBT_DEBT":96.537158287945,"ISSUED_COMMON_SHARES":760261441,"HK_COMMON_SHARES":760261441,"PER_SHARES":5000,"TOTAL_MARKET_CAP":176380654.312,"HKSK_MARKET_CAP":176380654.312,"PE_TTM":-3.113295695132,"PB_TTM":0.248578555792,"REPORT_DATE_SQ":"2022-12-31 00:00:00","REPORT_TYPE_SQ":"2022年年报","OPERATE_INCOME_SQ":11483260.9,"DPS_HKD":0.02,"OPERATE_INCOME_QOQ_SQ":-73.741802698236,"NET_PROFIT_RATIO_SQ":-633.8016860699,"HOLDER_PROFIT_SQ":-72372664.06,"HOLDER_PROFIT_QOQ_SQ":-29.409374485911,"ROE_AVG_SQ":-9.156229915305,"PE_TTM_SQ":-2.105600034804,"PB_TTM_SQ":0.205420627823,"ROA_SQ":-5.058394468676,"START_DATE":"2023-07-01 00:00:00","FISCAL_YEAR":"6-30","CURRENCY":"HKD","IS_CNY_CODE":0,"DPS_HKD_LY":0.02,"ORG_TYPE":"证券","PREMIUM_INCOME":null,"PREMIUM_INCOME_YOY":null,"NET_INTEREST_INCOME":18882436.52,"NET_INTEREST_INCOME_YOY":null,"FEE_COMMISSION_INCOME":18894301.36,"FEE_COMMISSION_INCOME_YOY":35.060020876827,"ACCOUNTS_RECE_TDAYS":0.155282129113,"INVENTORY_TDAYS":null,"CURRENT_ASSETS_TDAYS":0.025610126763,"TOTAL_ASSETS_TDAYS":0.016222601332,"PREMIUM_EXPENSE":null,"LOAN_DEPOSIT":null,"LOAN_EQUITY":null,"LOAN_ASSETS":null,"DEPOSIT_EQUITY":null,"DEPOSIT_ASSETS":null,"EQUITY_MULTIPLIER":1.706650769424,"EQUITY_RATIO":0.706650769424},{"SECUCODE":"00188.HK","SECURITY_CODE":"00188","SECURITY_NAME_ABBR":"新华汇富金融","ORG_CODE":"10007457","STD_REPORT_DATE":"2023-06-30 00:00:00","REPORT_DATE":"2023-12-31 00:00:00","DATE_TYPE_CODE":"002","REPORT_TYPE":"2023年中报","PER_NETCASH_OPERATE":0.011137036506,"PER_OI":0.002494774598,"BPS":0.912364155425,"BASIC_EPS":-0.03670191,"DILUTED_EPS":-0.03670191,"OPERATE_INCOME":1845063.92,"OPERATE_INCOME_YOY":347.4725274725,"GROSS_PROFIT":null,"GROSS_PROFIT_YOY":null,"HOLDER_PROFIT":-27139476.56,"HOLDER_PROFIT_YOY":34.9083874894,"GROSS_PROFIT_RATIO":null,"EPS_TTM":-0.097857576619,"OPERATE_INCOME_QOQ":11.412645652037,"NET_PROFIT_RATIO":-1480.0589390963,"ROE_AVG":-3.814971099186,"GROSS_PROFIT_QOQ":null,"ROA":-2.151805463795,"HOLDER_PROFIT_QOQ":16.234035948621,"ROE_YEARLY":-7.629942198373,"ROIC_YEARLY":-4.854741145585,"TOTAL_ASSETS":1219402382.24,"TOTAL_LIABILITIES":525767094.72,"TAX_EBT":0.554418850241,"OCF_SALES":446.414538310413,"TOTAL_PARENT_EQUITY":693635287.52,"DEBT_ASSET_RATIO":43.1167842853,"OPERATE_PROFIT":-23700371.66,"PRETAX_PROFIT":-27460278.44,"NETCASH_OPERATE":8236633.58,"NETCASH_INVEST":2449512.66,"NETCASH_FINANCE":-1758973.02,"END_CASH":86480574.6,"DIVI_RATIO":-0.185872168803,"DIVIDEND_RATE":8.695652173913,"CURRENT_RATIO":1.512418300654,"COMMON_ACS":10000000000,"CURRENTDEBT_DEBT":96.123417721519,"ISSUED_COMMON_SHARES":760261441,"HK_COMMON_SHARES":760261441,"PER_SHARES":5000,"TOTAL_MARKET_CAP":174860131.43,"HKSK_MARKET_CAP":174860131.43,"PE_TTM":-3.086456939139,"PB_TTM":0.246435637207,"REPORT_DATE_SQ":"2022-06-30 00:00:00","REPORT_TYPE_SQ":"2022年中报","OPERATE_INCOME_SQ":406437.85,"DPS_HKD":0.02,"OPERATE_INCOME_QOQ_SQ":-66.584909812353,"NET_PROFIT_RATIO_SQ":-10180.2197802198,"HOLDER_PROFIT_SQ":-41098459.43,"HOLDER_PROFIT_QOQ_SQ":-2115.33615811558,"ROE_AVG_SQ":-5.270259898991,"PE_TTM_SQ":-2.148136580353,"PB_TTM_SQ":0.20957045863,"ROA_SQ":-2.915317408042,"START_DATE":"2023-07-01 00:00:00","FISCAL_YEAR":"6-30","CURRENCY":"HKD","IS_CNY_CODE":0,"DPS_HKD_LY":0.02,"ORG_TYPE":"证券","PREMIUM_INCOME":null,"PREMIUM_INCOME_YOY":null,"NET_INTEREST_INCOME":10713332.84,"NET_INTEREST_INCOME_YOY":null,"FEE_COMMISSION_INCOME":6192201.26,"FEE_COMMISSION_INCOME_YOY":-16.108041743401,"ACCOUNTS_RECE_TDAYS":0.01267367163,"INVENTORY_TDAYS":null,"CURRENT_ASSETS_TDAYS":0.002303060605,"TOTAL_ASSETS_TDAYS":0.001462894325,"PREMIUM_EXPENSE":null,"LOAN_DEPOSIT":null,"LOAN_EQUITY":null,"LOAN_ASSETS":null,"DEPOSIT_EQUITY":null,"DEPOSIT_ASSETS":null,"EQUITY_MULTIPLIER":1.757987813164,"EQUITY_RATIO":0.757987813163},{"SECUCODE":"00188.HK","SECURITY_CODE":"00188","SECURITY_NAME_ABBR":"新华汇富金融","ORG_CODE":"10007457","STD_REPORT_DATE":"2022-12-31 00:00:00","REPORT_DATE":"2023-06-30 00:00:00","DATE_TYPE_CODE":"001","REPORT_TYPE":"2022年年报","PER_NETCASH_OPERATE":-0.043408038751,"PER_OI":0.015526913344,"BPS":0.975760923564,"BASIC_EPS":-0.098559662,"DILUTED_EPS":-0.098559662,"OPERATE_INCOME":11483260.9,"OPERATE_INCOME_YOY":-72.8643325563,"GROSS_PROFIT":null,"GROSS_PROFIT_YOY":null,"HOLDER_PROFIT":-72372664.06,"HOLDER_PROFIT_YOY":-0.5482329734,"GROSS_PROFIT_RATIO":null,"EPS_TTM":-0.118290601932,"OPERATE_INCOME_QOQ":-73.741802698236,"NET_PROFIT_RATIO":-633.8016860699,"ROE_AVG":-9.156229915305,"GROSS_PROFIT_QOQ":null,"ROA":-5.058394468676,"HOLDER_PROFIT_QOQ":-29.409374485911,"ROE_YEARLY":-9.156229915305,"ROIC_YEARLY":-6.982144151653,"TOTAL_ASSETS":1325743623.38,"TOTAL_LIABILITIES":583593978.42,"TAX_EBT":0.304365946376,"OCF_SALES":-279.566439181052,"TOTAL_PARENT_EQUITY":741833405.82,"DEBT_ASSET_RATIO":44.0201233578,"OPERATE_PROFIT":-64000163.68,"PRETAX_PROFIT":-73003298.38,"NETCASH_OPERATE":-32103343.6,"NETCASH_INVEST":22216952.06,"NETCASH_FINANCE":-60094656.4,"END_CASH":77812346.06,"DIVI_RATIO":-0.153765385439,"DIVIDEND_RATE":8.695652173913,"CURRENT_RATIO":1.519000047642,"COMMON_ACS":10000000000,"CURRENTDEBT_DEBT":96.165749574631,"ISSUED_COMMON_SHARES":760261441,"HK_COMMON_SHARES":760261441,"PER_SHARES":5000,"TOTAL_MARKET_CAP":174860131.43,"HKSK_MARKET_CAP":174860131.43,"PE_TTM":-3.086456939139,"PB_TTM":0.246435637207,"REPORT_DATE_SQ":"2021-12-31 00:00:00","REPORT_TYPE_SQ":"2021年年报","OPERATE_INCOME_SQ":39252365.81,"DPS_HKD":0.02,"OPERATE_INCOME_QOQ_SQ":-21.12461710393,"NET_PROFIT_RATIO_SQ":-171.454715789,"HOLDER_PROFIT_SQ":-66763828.11,"HOLDER_PROFIT_QOQ_SQ":-87.463523071819,"ROE_AVG_SQ":-8.193252837555,"PE_TTM_SQ":-2.148136580353,"PB_TTM_SQ":0.20957045863,"ROA_SQ":-4.288879836485,"START_DATE":"2022-07-01 00:00:00","FISCAL_YEAR":"6-30","CURRENCY":"HKD","IS_CNY_CODE":0,"DPS_HKD_LY":0.02,"ORG_TYPE":"证券","PREMIUM_INCOME":null,"PREMIUM_INCOME_YOY":null,"NET_INTEREST_INCOME":16562448.72,"NET_INTEREST_INCOME_YOY":null,"FEE_COMMISSION_INCOME":14132109.44,"FEE_COMMISSION_INCOME_YOY":-65.652310312374,"ACCOUNTS_RECE_TDAYS":0.078136762861,"INVENTORY_TDAYS":null,"CURRENT_ASSETS_TDAYS":0.012437624638,"TOTAL_ASSETS_TDAYS":0.008026077826,"PREMIUM_EXPENSE":null,"LOAN_DEPOSIT":null,"LOAN_EQUITY":null,"LOAN_ASSETS":null,"DEPOSIT_EQUITY":null,"DEPOSIT_ASSETS":null,"EQUITY_MULTIPLIER":1.786356205091,"EQUITY_RATIO":0.786691424033},{"SECUCODE":"00188.HK","SECURITY_CODE":"00188","SECURITY_NAME_ABBR":"新华汇富金融","ORG_CODE":"10007457","STD_REPORT_DATE":"2022-06-30 00:00:00","REPORT_DATE":"2022-12-31 00:00:00","DATE_TYPE_CODE":"002","REPORT_TYPE":"2022年中报","PER_NETCASH_OPERATE":-0.025128955833,"PER_OI":0.000556464443,"BPS":0.982236777506,"BASIC_EPS":-0.05627601,"DILUTED_EPS":-0.05627601,"OPERATE_INCOME":406437.85,"OPERATE_INCOME_YOY":-98.7325905292,"GROSS_PROFIT":null,"GROSS_PROFIT_YOY":null,"HOLDER_PROFIT":-41098459.43,"HOLDER_PROFIT_YOY":-75.2590278836,"GROSS_PROFIT_RATIO":null,"EPS_TTM":-0.091408062517,"OPERATE_INCOME_QOQ":-66.584909812353,"NET_PROFIT_RATIO":-10180.2197802198,"ROE_AVG":-5.270259898991,"GROSS_PROFIT_QOQ":null,"ROA":-2.915317408042,"HOLDER_PROFIT_QOQ":-2115.33615811558,"ROE_YEARLY":-10.540519797982,"ROIC_YEARLY":-8.058941376102,"TOTAL_ASSETS":1331562751.47,"TOTAL_LIABILITIES":584374554.19,"TAX_EBT":0.064724919094,"OCF_SALES":-4515.82417582418,"TOTAL_PARENT_EQUITY":746756747.87,"DEBT_ASSET_RATIO":43.8863698722,"OPERATE_PROFIT":-35075139.82,"PRETAX_PROFIT":-41403064.5,"NETCASH_OPERATE":-18354018.69,"NETCASH_INVEST":21538526.24,"NETCASH_FINANCE":1038873.01,"END_CASH":148278353.65,"DIVI_RATIO":-0.198986823473,"DIVIDEND_RATE":8.695652173913,"CURRENT_RATIO":1.554613310096,"COMMON_ACS":10000000000,"CURRENTDEBT_DEBT":96.129453360379,"ISSUED_COMMON_SHARES":760261441,"HK_COMMON_SHARES":760261441,"PER_SHARES":5000,"TOTAL_MARKET_CAP":174860131.43,"HKSK_MARKET_CAP":174860131.43,"PE_TTM":-3.086456939139,"PB_TTM":0.246435637207,"REPORT_DATE_SQ":"2021-06-30 00:00:00","REPORT_TYPE_SQ":"2021年中报","OPERATE_INCOME_SQ":29351840,"DPS_HKD":0.02,"OPERATE_INCOME_QOQ_SQ":38.781626102638,"NET_PROFIT_RATIO_SQ":-73.7465181058,"HOLDER_PROFIT_SQ":-21463635.2,"HOLDER_PROFIT_QOQ_SQ":210.703672104513,"ROE_AVG_SQ":-2.680456265689,"PE_TTM_SQ":-2.148136580353,"PB_TTM_SQ":0.20957045863,"ROA_SQ":-1.374314629158,"START_DATE":"2022-07-01 00:00:00","FISCAL_YEAR":"6-30","CURRENCY":"HKD","IS_CNY_CODE":0,"DPS_HKD_LY":0.02,"ORG_TYPE":"证券","PREMIUM_INCOME":null,"PREMIUM_INCOME_YOY":null,"NET_INTEREST_INCOME":6445836.32,"NET_INTEREST_INCOME_YOY":null,"FEE_COMMISSION_INCOME":7275684.15,"FEE_COMMISSION_INCOME_YOY":-70.423762663859,"ACCOUNTS_RECE_TDAYS":0.002891918518,"INVENTORY_TDAYS":null,"CURRENT_ASSETS_TDAYS":0.000442644896,"TOTAL_ASSETS_TDAYS":0.00028830651,"PREMIUM_EXPENSE":null,"LOAN_DEPOSIT":null,"LOAN_EQUITY":null,"LOAN_ASSETS":null,"DEPOSIT_EQUITY":null,"DEPOSIT_ASSETS":null,"EQUITY_MULTIPLIER":1.782098213433,"EQUITY_RATIO":0.78255008188},{"SECUCODE":"00188.HK","SECURITY_CODE":"00188","SECURITY_NAME_ABBR":"新华汇富金融","ORG_CODE":"10007457","STD_REPORT_DATE":"2021-12-31 00:00:00","REPORT_DATE":"2022-06-30 00:00:00","DATE_TYPE_CODE":"001","REPORT_TYPE":"2021年年报","PER_NETCASH_OPERATE":0.083704958297,"PER_OI":0.053741416714,"BPS":1.023630995841,"BASIC_EPS":-0.092189482,"DILUTED_EPS":-0.092189482,"OPERATE_INCOME":39252365.81,"OPERATE_INCOME_YOY":-74.3559516161,"GROSS_PROFIT":null,"GROSS_PROFIT_YOY":null,"HOLDER_PROFIT":-66763828.11,"HOLDER_PROFIT_YOY":-345.8246740979,"GROSS_PROFIT_RATIO":null,"EPS_TTM":0.004604594446,"OPERATE_INCOME_QOQ":-21.12461710393,"NET_PROFIT_RATIO":-171.454715789,"ROE_AVG":-8.193252837555,"GROSS_PROFIT_QOQ":null,"ROA":-4.288879836485,"HOLDER_PROFIT_QOQ":-87.463523071819,"ROE_YEARLY":-8.193252837555,"ROIC_YEARLY":-5.62528101546,"TOTAL_ASSETS":1424491693.38,"TOTAL_LIABILITIES":645557275.3,"TAX_EBT":-4.052571035686,"OCF_SALES":155.755027342644,"TOTAL_PARENT_EQUITY":778227175.95,"DEBT_ASSET_RATIO":45.3184303075,"OPERATE_PROFIT":-62628129.27,"PRETAX_PROFIT":-64678874.89,"NETCASH_OPERATE":61137533.1,"NETCASH_INVEST":-32402293.91,"NETCASH_FINANCE":-33561931.55,"END_CASH":138993175.51,"DIVI_RATIO":3.950185019363,"DIVIDEND_RATE":8.695652173913,"CURRENT_RATIO":1.488039538806,"COMMON_ACS":10000000000,"CURRENTDEBT_DEBT":95.983944255302,"ISSUED_COMMON_SHARES":760261441,"HK_COMMON_SHARES":760261441,"PER_SHARES":5000,"TOTAL_MARKET_CAP":174860131.43,"HKSK_MARKET_CAP":174860131.43,"PE_TTM":-3.086456939139,"PB_TTM":0.246435637207,"REPORT_DATE_SQ":"2020-12-31 00:00:00","REPORT_TYPE_SQ":"2020年年报","OPERATE_INCOME_SQ":148929838.8,"DPS_HKD":0.02,"OPERATE_INCOME_QOQ_SQ":7.892113599921,"NET_PROFIT_RATIO_SQ":17.2964214878,"HOLDER_PROFIT_SQ":26425196.64,"HOLDER_PROFIT_QOQ_SQ":36.160130592888,"ROE_AVG_SQ":3.212545090748,"PE_TTM_SQ":-2.148136580353,"PB_TTM_SQ":0.20957045863,"ROA_SQ":1.59951971094,"START_DATE":"2021-07-01 00:00:00","FISCAL_YEAR":"6-30","CURRENCY":"HKD","IS_CNY_CODE":0,"DPS_HKD_LY":0.025,"ORG_TYPE":"证券","PREMIUM_INCOME":null,"PREMIUM_INCOME_YOY":null,"NET_INTEREST_INCOME":13638570.12,"NET_INTEREST_INCOME_YOY":null,"FEE_COMMISSION_INCOME":38163708.94,"FEE_COMMISSION_INCOME_YOY":-26.821029156144,"ACCOUNTS_RECE_TDAYS":0.186331344132,"INVENTORY_TDAYS":null,"CURRENT_ASSETS_TDAYS":0.03680193074,"TOTAL_ASSETS_TDAYS":0.025215552347,"PREMIUM_EXPENSE":null,"LOAN_DEPOSIT":null,"LOAN_EQUITY":null,"LOAN_ASSETS":null,"DEPOSIT_EQUITY":null,"DEPOSIT_ASSETS":null,"EQUITY_MULTIPLIER":1.828769740195,"EQUITY_RATIO":0.829522914709},{"SECUCODE":"00188.HK","SECURITY_CODE":"00188","SECURITY_NAME_ABBR":"新华汇富金融","ORG_CODE":"10007457","STD_REPORT_DATE":"2021-06-30 00:00:00","REPORT_DATE":"2021-12-31 00:00:00","DATE_TYPE_CODE":"002","REPORT_TYPE":"2021年中报","PER_NETCASH_OPERATE":0.109461026709,"PER_OI":0.040797446651,"BPS":1.035721491497,"BASIC_EPS":-0.0298424,"DILUTED_EPS":-0.0298424,"OPERATE_INCOME":29351840,"OPERATE_INCOME_YOY":-50.3148571033,"GROSS_PROFIT":null,"GROSS_PROFIT_YOY":null,"HOLDER_PROFIT":-21463635.2,"HOLDER_PROFIT_YOY":-1440.0714650332,"GROSS_PROFIT_RATIO":null,"EPS_TTM":0.036729573007,"OPERATE_INCOME_QOQ":38.781626102638,"NET_PROFIT_RATIO":-73.7465181058,"ROE_AVG":-2.680456265689,"GROSS_PROFIT_QOQ":null,"ROA":-1.374314629158,"HOLDER_PROFIT_QOQ":210.703672104513,"ROE_YEARLY":-5.360912531378,"ROIC_YEARLY":-3.043786901293,"TOTAL_ASSETS":1508920044.8,"TOTAL_LIABILITIES":720490377.6,"TAX_EBT":-8.021543106614,"OCF_SALES":268.303621169916,"TOTAL_PARENT_EQUITY":787419113.6,"DEBT_ASSET_RATIO":47.7487445463,"OPERATE_PROFIT":-20853705.6,"PRETAX_PROFIT":-20038558.4,"NETCASH_OPERATE":78752049.6,"NETCASH_INVEST":null,"NETCASH_FINANCE":-56927035.2,"END_CASH":159936459.2,"DIVI_RATIO":0.495214033573,"DIVIDEND_RATE":8.695652173913,"CURRENT_RATIO":1.532969758813,"COMMON_ACS":10000000000,"CURRENTDEBT_DEBT":96.527791962561,"ISSUED_COMMON_SHARES":760261441,"HK_COMMON_SHARES":760261441,"PER_SHARES":5000,"TOTAL_MARKET_CAP":174860131.43,"HKSK_MARKET_CAP":174860131.43,"PE_TTM":-3.086456939139,"PB_TTM":0.246435637207,"REPORT_DATE_SQ":"2020-06-30 00:00:00","REPORT_TYPE_SQ":"2020年中报","OPERATE_INCOME_SQ":60812698.2,"DPS_HKD":0.02,"OPERATE_INCOME_QOQ_SQ":-30.917769259514,"NET_PROFIT_RATIO_SQ":2.2102276659,"HOLDER_PROFIT_SQ":1648772.76,"HOLDER_PROFIT_QOQ_SQ":-800.525226601927,"ROE_AVG_SQ":0.201854506075,"PE_TTM_SQ":-2.148136580353,"PB_TTM_SQ":0.20957045863,"ROA_SQ":0.101021091698,"START_DATE":"2021-07-01 00:00:00","FISCAL_YEAR":"6-30","CURRENCY":"HKD","IS_CNY_CODE":0,"DPS_HKD_LY":0.025,"ORG_TYPE":"证券","PREMIUM_INCOME":null,"PREMIUM_INCOME_YOY":null,"NET_INTEREST_INCOME":5923512,"NET_INTEREST_INCOME_YOY":null,"FEE_COMMISSION_INCOME":22515886.4,"FEE_COMMISSION_INCOME_YOY":-1.835745348257,"ACCOUNTS_RECE_TDAYS":0.112110424083,"INVENTORY_TDAYS":null,"CURRENT_ASSETS_TDAYS":0.026395098599,"TOTAL_ASSETS_TDAYS":0.018793956722,"PREMIUM_EXPENSE":null,"LOAN_DEPOSIT":null,"LOAN_EQUITY":null,"LOAN_ASSETS":null,"DEPOSIT_EQUITY":null,"DEPOSIT_ASSETS":null,"EQUITY_MULTIPLIER":1.913829612929,"EQUITY_RATIO":0.91500239854},{"SECUCODE":"00188.HK","SECURITY_CODE":"00188","SECURITY_NAME_ABBR":"新华汇富金融","ORG_CODE":"10007457","STD_REPORT_DATE":"2020-12-31 00:00:00","REPORT_DATE":"2021-06-30 00:00:00","DATE_TYPE_CODE":"001","REPORT_TYPE":"2020年年报","PER_NETCASH_OPERATE":-0.027576671666,"PER_OI":0.207004302052,"BPS":1.089742988557,"BASIC_EPS":0.036944352,"DILUTED_EPS":0.036944352,"OPERATE_INCOME":148929838.8,"OPERATE_INCOME_YOY":64.3753214312,"GROSS_PROFIT":null,"GROSS_PROFIT_YOY":null,"HOLDER_PROFIT":26425196.64,"HOLDER_PROFIT_YOY":177.58342698,"GROSS_PROFIT_RATIO":null,"EPS_TTM":-0.03348975498,"OPERATE_INCOME_QOQ":7.892113599921,"NET_PROFIT_RATIO":17.2964214878,"ROE_AVG":3.212545090748,"GROSS_PROFIT_QOQ":null,"ROA":1.59951971094,"HOLDER_PROFIT_QOQ":36.160130592888,"ROE_YEARLY":3.212545090748,"ROIC_YEARLY":1.733043710541,"TOTAL_ASSETS":1643215714.32,"TOTAL_LIABILITIES":813667733.76,"TAX_EBT":8.732311320755,"OCF_SALES":-13.321786741906,"TOTAL_PARENT_EQUITY":828489574.8,"DEBT_ASSET_RATIO":49.5167936059,"OPERATE_PROFIT":31440974.88,"PRETAX_PROFIT":28224153.6,"NETCASH_OPERATE":-19840115.52,"NETCASH_INVEST":-183057.6,"NETCASH_FINANCE":46271968.8,"END_CASH":140297008.8,"DIVI_RATIO":-0.543121322059,"DIVIDEND_RATE":8.695652173913,"CURRENT_RATIO":1.495276235686,"COMMON_ACS":10000000000,"CURRENTDEBT_DEBT":96.855825711341,"ISSUED_COMMON_SHARES":760261441,"HK_COMMON_SHARES":760261441,"PER_SHARES":5000,"TOTAL_MARKET_CAP":174860131.43,"HKSK_MARKET_CAP":174860131.43,"PE_TTM":-3.086456939139,"PB_TTM":0.246435637207,"REPORT_DATE_SQ":"2019-12-31 00:00:00","REPORT_TYPE_SQ":"2019年年报","OPERATE_INCOME_SQ":99462654.72,"DPS_HKD":0.02,"OPERATE_INCOME_QOQ_SQ":22.463491423315,"NET_PROFIT_RATIO_SQ":-37.688266843,"HOLDER_PROFIT_SQ":-37390752.96,"HOLDER_PROFIT_QOQ_SQ":85.618583160313,"ROE_AVG_SQ":-3.966059736994,"PE_TTM_SQ":-2.148136580353,"PB_TTM_SQ":0.20957045863,"ROA_SQ":-2.054621593554,"START_DATE":"2020-07-01 00:00:00","FISCAL_YEAR":"6-30","CURRENCY":"HKD","IS_CNY_CODE":0,"DPS_HKD_LY":0.016,"ORG_TYPE":"证券","PREMIUM_INCOME":null,"PREMIUM_INCOME_YOY":null,"NET_INTEREST_INCOME":18832466.64,"NET_INTEREST_INCOME_YOY":null,"FEE_COMMISSION_INCOME":50741902.56,"FEE_COMMISSION_INCOME_YOY":-18.662469656147,"ACCOUNTS_RECE_TDAYS":0.480997010313,"INVENTORY_TDAYS":null,"CURRENT_ASSETS_TDAYS":0.12530067682,"TOTAL_ASSETS_TDAYS":0.09014737561,"PREMIUM_EXPENSE":null,"LOAN_DEPOSIT":null,"LOAN_EQUITY":null,"LOAN_ASSETS":null,"DEPOSIT_EQUITY":null,"DEPOSIT_ASSETS":null,"EQUITY_MULTIPLIER":1.98085674708,"EQUITY_RATIO":0.982109803803},{"SECUCODE":"00188.HK","SECURITY_CODE":"00188","SECURITY_NAME_ABBR":"新华汇富金融","ORG_CODE":"10007457","STD_REPORT_DATE":"2020-06-30 00:00:00","REPORT_DATE":"2020-12-31 00:00:00","DATE_TYPE_CODE":"002","REPORT_TYPE":"2020年中报","PER_NETCASH_OPERATE":-0.081582560122,"PER_OI":0.085319841969,"BPS":1.062274843582,"BASIC_EPS":0.00252492,"DILUTED_EPS":0.00252492,"OPERATE_INCOME":60812698.2,"OPERATE_INCOME_YOY":22.2071881607,"GROSS_PROFIT":null,"GROSS_PROFIT_YOY":null,"HOLDER_PROFIT":1648772.76,"HOLDER_PROFIT_YOY":114.7815588923,"GROSS_PROFIT_RATIO":null,"EPS_TTM":-0.005245899668,"OPERATE_INCOME_QOQ":-30.917769259514,"NET_PROFIT_RATIO":2.2102276659,"ROE_AVG":0.201854506075,"GROSS_PROFIT_QOQ":null,"ROA":0.101021091698,"HOLDER_PROFIT_QOQ":-800.525226601927,"ROE_YEARLY":0.403709012149,"ROIC_YEARLY":0.21638064437,"TOTAL_ASSETS":1584206347.4,"TOTAL_LIABILITIES":775159698.04,"TAX_EBT":54.950634696756,"OCF_SALES":-95.619680298941,"TOTAL_PARENT_EQUITY":807606603.32,"DEBT_ASSET_RATIO":48.9304754593,"OPERATE_PROFIT":4686251.52,"PRETAX_PROFIT":2983613.8,"NETCASH_OPERATE":-58148907.6,"NETCASH_INVEST":-110254.84,"NETCASH_FINANCE":43339410.16,"END_CASH":100347053.92,"DIVI_RATIO":-3.467279428219,"DIVIDEND_RATE":8.695652173913,"CURRENT_RATIO":1.517011285661,"COMMON_ACS":10000000000,"CURRENTDEBT_DEBT":97.04433497537,"ISSUED_COMMON_SHARES":760261441,"HK_COMMON_SHARES":760261441,"PER_SHARES":5000,"TOTAL_MARKET_CAP":174860131.43,"HKSK_MARKET_CAP":174860131.43,"PE_TTM":-3.086456939139,"PB_TTM":0.246435637207,"REPORT_DATE_SQ":"2019-06-30 00:00:00","REPORT_TYPE_SQ":"2019年中报","OPERATE_INCOME_SQ":52962992.5,"DPS_HKD":0.02,"OPERATE_INCOME_QOQ_SQ":6.902488711767,"NET_PROFIT_RATIO_SQ":-22.4135306554,"HOLDER_PROFIT_SQ":-11871772.34,"HOLDER_PROFIT_QOQ_SQ":3.521204841099,"ROE_AVG_SQ":-1.253672665906,"PE_TTM_SQ":-2.148136580353,"PB_TTM_SQ":0.20957045863,"ROA_SQ":-0.722923572092,"START_DATE":"2020-07-01 00:00:00","FISCAL_YEAR":"6-30","CURRENCY":"HKD","IS_CNY_CODE":0,"DPS_HKD_LY":0.016,"ORG_TYPE":"证券","PREMIUM_INCOME":null,"PREMIUM_INCOME_YOY":null,"NET_INTEREST_INCOME":9516423.48,"NET_INTEREST_INCOME_YOY":null,"FEE_COMMISSION_INCOME":23611368.56,"FEE_COMMISSION_INCOME_YOY":-4.30155210643,"ACCOUNTS_RECE_TDAYS":0.178486514393,"INVENTORY_TDAYS":null,"CURRENT_ASSETS_TDAYS":0.051674181253,"TOTAL_ASSETS_TDAYS":0.03726022961,"PREMIUM_EXPENSE":null,"LOAN_DEPOSIT":null,"LOAN_EQUITY":null,"LOAN_ASSETS":null,"DEPOSIT_EQUITY":null,"DEPOSIT_ASSETS":null,"EQUITY_MULTIPLIER":1.958114959937,"EQUITY_RATIO":0.959823377933},{"SECUCODE":"00188.HK","SECURITY_CODE":"00188","SECURITY_NAME_ABBR":"新华汇富金融","ORG_CODE":"10007457","STD_REPORT_DATE":"2019-12-31 00:00:00","REPORT_DATE":"2020-06-30 00:00:00","DATE_TYPE_CODE":"001","REPORT_TYPE":"2019年年报","PER_NETCASH_OPERATE":-0.010679033894,"PER_OI":0.013954549348,"BPS":1.179180728909,"BASIC_EPS":-0.05297952,"DILUTED_EPS":-0.05297952,"OPERATE_INCOME":99462654.72,"OPERATE_INCOME_YOY":-18.5281067856,"GROSS_PROFIT":null,"GROSS_PROFIT_YOY":null,"HOLDER_PROFIT":-37390752.96,"HOLDER_PROFIT_YOY":-24.7189299534,"GROSS_PROFIT_RATIO":null,"EPS_TTM":-0.000591934272,"OPERATE_INCOME_QOQ":22.463491423315,"NET_PROFIT_RATIO":-37.688266843,"ROE_AVG":-3.966059736994,"GROSS_PROFIT_QOQ":null,"ROA":-2.054621593554,"HOLDER_PROFIT_QOQ":85.618583160313,"ROE_YEARLY":-3.966059736994,"ROIC_YEARLY":-2.249942355327,"TOTAL_ASSETS":1823329458.72,"TOTAL_LIABILITIES":927029246.88,"TAX_EBT":-17.054108788043,"OCF_SALES":-76.527257365366,"TOTAL_PARENT_EQUITY":896485640.16,"DEBT_ASSET_RATIO":50.842662715,"OPERATE_PROFIT":-28777013.76,"PRETAX_PROFIT":-32024292.96,"NETCASH_OPERATE":-76116041.76,"NETCASH_INVEST":-2936709.6,"NETCASH_FINANCE":12019043.52,"END_CASH":124470815.04,"DIVI_RATIO":-30.728073808438,"DIVIDEND_RATE":8.695652173913,"CURRENT_RATIO":1.464685046655,"COMMON_ACS":10000000000,"CURRENTDEBT_DEBT":96.918739906412,"ISSUED_COMMON_SHARES":760261441,"HK_COMMON_SHARES":760261441,"PER_SHARES":5000,"TOTAL_MARKET_CAP":174860131.43,"HKSK_MARKET_CAP":174860131.43,"PE_TTM":-3.086456939139,"PB_TTM":0.246435637207,"REPORT_DATE_SQ":"2018-12-31 00:00:00","REPORT_TYPE_SQ":"2018年年报","OPERATE_INCOME_SQ":117567438.66,"DPS_HKD":0.02,"OPERATE_INCOME_QOQ_SQ":-31.029714246689,"NET_PROFIT_RATIO_SQ":-24.6477766721,"HOLDER_PROFIT_SQ":-28871320.86,"HOLDER_PROFIT_QOQ_SQ":-273.981967098752,"ROE_AVG_SQ":-2.921449927856,"PE_TTM_SQ":-2.148136580353,"PB_TTM_SQ":0.20957045863,"ROA_SQ":-1.478639224824,"START_DATE":"2019-07-01 00:00:00","FISCAL_YEAR":"6-30","CURRENCY":"HKD","IS_CNY_CODE":0,"DPS_HKD_LY":0.0045,"ORG_TYPE":"证券","PREMIUM_INCOME":null,"PREMIUM_INCOME_YOY":null,"NET_INTEREST_INCOME":29975447.04,"NET_INTEREST_INCOME_YOY":null,"FEE_COMMISSION_INCOME":68484250.56,"FEE_COMMISSION_INCOME_YOY":-42.656315729091,"ACCOUNTS_RECE_TDAYS":0.311254861213,"INVENTORY_TDAYS":null,"CURRENT_ASSETS_TDAYS":0.077998491433,"TOTAL_ASSETS_TDAYS":0.054654721278,"PREMIUM_EXPENSE":null,"LOAN_DEPOSIT":null,"LOAN_EQUITY":null,"LOAN_ASSETS":null,"DEPOSIT_EQUITY":null,"DEPOSIT_ASSETS":null,"EQUITY_MULTIPLIER":2.034284310809,"EQUITY_RATIO":1.034070380329}],"count":47},"success":true,"message":"ok","code":0}