{"version":"1eae393e5479f2c6eec42ea85b772e7c","result":{"pages":6,"data":[{"SECUCODE":"00182.HK","SECURITY_CODE":"00182","SECURITY_NAME_ABBR":"协合新能源","ORG_CODE":"10007452","STD_REPORT_DATE":"2024-06-30 00:00:00","REPORT_DATE":"2024-06-30 00:00:00","DATE_TYPE_CODE":"002","REPORT_TYPE":"2024年中报","PER_NETCASH_OPERATE":0.104767562072,"PER_OI":0.216329184504,"BPS":1.066710502349,"BASIC_EPS":0.0624,"DILUTED_EPS":0.0623,"OPERATE_INCOME":1753257000,"OPERATE_INCOME_YOY":31.7047061943,"GROSS_PROFIT":852093000,"GROSS_PROFIT_YOY":3.836662771186,"HOLDER_PROFIT":501370000,"HOLDER_PROFIT_YOY":1.0207453496,"GROSS_PROFIT_RATIO":48.600575956634,"EPS_TTM":0.119542295918,"OPERATE_INCOME_QOQ":16.304044662731,"NET_PROFIT_RATIO":31.2251997283,"ROE_AVG":5.969557127966,"GROSS_PROFIT_QOQ":2.239856121045,"ROA":1.576659985587,"HOLDER_PROFIT_QOQ":0.5256419036,"ROE_YEARLY":11.939114255933,"ROIC_YEARLY":3.433840945298,"TOTAL_ASSETS":32362633000,"TOTAL_LIABILITIES":23587412000,"TAX_EBT":-5.005552774373,"OCF_SALES":48.429693992381,"TOTAL_PARENT_EQUITY":8514525000,"DEBT_ASSET_RATIO":72.8847124398,"OPERATE_PROFIT":759253000,"PRETAX_PROFIT":521361000,"NETCASH_OPERATE":849097000,"NETCASH_INVEST":-2136256000,"NETCASH_FINANCE":1184739000,"END_CASH":2337058000,"DIVI_RATIO":0.26532617394,"DIVIDEND_RATE":7.608695652174,"CURRENT_RATIO":1.039721682513,"COMMON_ACS":10000000000,"CURRENTDEBT_DEBT":27.842478013273,"ISSUED_COMMON_SHARES":7982039158,"HK_COMMON_SHARES":7982039158,"PER_SHARES":10000,"TOTAL_MARKET_CAP":3671738012.68,"HKSK_MARKET_CAP":3671738012.68,"PE_TTM":3.41701388373,"PB_TTM":0.393577075575,"REPORT_DATE_SQ":"2023-06-30 00:00:00","REPORT_TYPE_SQ":"2023年中报","OPERATE_INCOME_SQ":1331203000,"DPS_HKD":0.035,"OPERATE_INCOME_QOQ_SQ":5.634127152373,"NET_PROFIT_RATIO_SQ":34.8687808738,"HOLDER_PROFIT_SQ":496304000,"HOLDER_PROFIT_QOQ_SQ":6.093595330213,"ROE_AVG_SQ":6.241217267748,"PE_TTM_SQ":5.341200074475,"PB_TTM_SQ":0.607642795408,"ROA_SQ":1.743197317739,"START_DATE":"2024-01-01 00:00:00","FISCAL_YEAR":"12-31","CURRENCY":"HKD","IS_CNY_CODE":0,"DPS_HKD_LY":0.035,"ORG_TYPE":"一般企业","PREMIUM_INCOME":null,"PREMIUM_INCOME_YOY":null,"NET_INTEREST_INCOME":null,"NET_INTEREST_INCOME_YOY":null,"FEE_COMMISSION_INCOME":null,"FEE_COMMISSION_INCOME_YOY":null,"ACCOUNTS_RECE_TDAYS":1.05831435176,"INVENTORY_TDAYS":22.73140954495,"CURRENT_ASSETS_TDAYS":0.253826235155,"TOTAL_ASSETS_TDAYS":0.055134733956,"PREMIUM_EXPENSE":null,"LOAN_DEPOSIT":null,"LOAN_EQUITY":null,"LOAN_ASSETS":null,"DEPOSIT_EQUITY":null,"DEPOSIT_ASSETS":null,"EQUITY_MULTIPLIER":3.687956462862,"EQUITY_RATIO":2.770255768819},{"SECUCODE":"00182.HK","SECURITY_CODE":"00182","SECURITY_NAME_ABBR":"协合新能源","ORG_CODE":"10007452","STD_REPORT_DATE":"2023-12-31 00:00:00","REPORT_DATE":"2023-12-31 00:00:00","DATE_TYPE_CODE":"001","REPORT_TYPE":"2023年年报","PER_NETCASH_OPERATE":0.187174252977,"PER_OI":0.306540211885,"BPS":1.037709266522,"BASIC_EPS":0.1142,"DILUTED_EPS":0.1139,"OPERATE_INCOME":2588646000,"OPERATE_INCOME_YOY":7.8478474975,"GROSS_PROFIT":1405626000,"GROSS_PROFIT_YOY":-3.703998032463,"HOLDER_PROFIT":963774000,"HOLDER_PROFIT_YOY":10.547741097,"GROSS_PROFIT_RATIO":54.299660903808,"EPS_TTM":0.114127418801,"OPERATE_INCOME_QOQ":-8.538978005015,"NET_PROFIT_RATIO":38.1956435913,"ROE_AVG":11.96136491568,"GROSS_PROFIT_QOQ":-17.498155540334,"ROA":3.300093869282,"HOLDER_PROFIT_QOQ":4.198317299896,"ROE_YEARLY":11.96136491568,"ROIC_YEARLY":3.701352406886,"TOTAL_ASSETS":31236368000,"TOTAL_LIABILITIES":22800954000,"TAX_EBT":14.669097768237,"OCF_SALES":61.06026084679,"TOTAL_PARENT_EQUITY":8283036000,"DEBT_ASSET_RATIO":72.994894925,"OPERATE_PROFIT":1502933000,"PRETAX_PROFIT":1048633000,"NETCASH_OPERATE":1580634000,"NETCASH_INVEST":-4587639000,"NETCASH_FINANCE":1973670000,"END_CASH":2445465000,"DIVI_RATIO":0.277914810773,"DIVIDEND_RATE":6.862745098039,"CURRENT_RATIO":1.015679678306,"COMMON_ACS":10000000000,"CURRENTDEBT_DEBT":30.167970164757,"ISSUED_COMMON_SHARES":7982039158,"HK_COMMON_SHARES":7982039158,"PER_SHARES":10000,"TOTAL_MARKET_CAP":4070839970.58,"HKSK_MARKET_CAP":4070839970.58,"PE_TTM":3.788428436309,"PB_TTM":0.436357192486,"REPORT_DATE_SQ":"2022-12-31 00:00:00","REPORT_TYPE_SQ":"2022年年报","OPERATE_INCOME_SQ":2400276000,"DPS_HKD":0.035,"OPERATE_INCOME_QOQ_SQ":5.105569712414,"NET_PROFIT_RATIO_SQ":34.5517674317,"HOLDER_PROFIT_SQ":871817000,"HOLDER_PROFIT_QOQ_SQ":6.668942422162,"ROE_AVG_SQ":11.436910656552,"PE_TTM_SQ":5.425981028038,"PB_TTM_SQ":0.617287919144,"ROA_SQ":3.405007912056,"START_DATE":"2023-01-01 00:00:00","FISCAL_YEAR":"12-31","CURRENCY":"HKD","IS_CNY_CODE":0,"DPS_HKD_LY":0.035,"ORG_TYPE":"一般企业","PREMIUM_INCOME":null,"PREMIUM_INCOME_YOY":null,"NET_INTEREST_INCOME":null,"NET_INTEREST_INCOME_YOY":null,"FEE_COMMISSION_INCOME":null,"FEE_COMMISSION_INCOME_YOY":null,"ACCOUNTS_RECE_TDAYS":1.858643370973,"INVENTORY_TDAYS":22.428832791423,"CURRENT_ASSETS_TDAYS":0.379262840184,"TOTAL_ASSETS_TDAYS":0.088638776252,"PREMIUM_EXPENSE":null,"LOAN_DEPOSIT":null,"LOAN_EQUITY":null,"LOAN_ASSETS":null,"DEPOSIT_EQUITY":null,"DEPOSIT_ASSETS":null,"EQUITY_MULTIPLIER":3.70300355145,"EQUITY_RATIO":2.752729071804},{"SECUCODE":"00182.HK","SECURITY_CODE":"00182","SECURITY_NAME_ABBR":"协合新能源","ORG_CODE":"10007452","STD_REPORT_DATE":"2023-06-30 00:00:00","REPORT_DATE":"2023-06-30 00:00:00","DATE_TYPE_CODE":"002","REPORT_TYPE":"2023年中报","PER_NETCASH_OPERATE":0.077657109249,"PER_OI":0.154251539949,"BPS":1.011311751322,"BASIC_EPS":0.0583,"DILUTED_EPS":0.0581,"OPERATE_INCOME":1331203000,"OPERATE_INCOME_YOY":11.2724782741,"GROSS_PROFIT":820609000,"GROSS_PROFIT_YOY":3.020917812656,"HOLDER_PROFIT":496304000,"HOLDER_PROFIT_YOY":11.9872557138,"GROSS_PROFIT_RATIO":60.754250772242,"EPS_TTM":0.10717653721,"OPERATE_INCOME_QOQ":5.634127152373,"NET_PROFIT_RATIO":34.8687808738,"ROE_AVG":6.241217267748,"GROSS_PROFIT_QOQ":6.820052753244,"ROA":1.743197317739,"HOLDER_PROFIT_QOQ":6.093595330213,"ROE_YEARLY":12.482434535497,"ROIC_YEARLY":3.942110146181,"TOTAL_ASSETS":29769288000,"TOTAL_LIABILITIES":21476129000,"TAX_EBT":8.121079109847,"OCF_SALES":44.974737289961,"TOTAL_PARENT_EQUITY":8072330000,"DEBT_ASSET_RATIO":72.1418967091,"OPERATE_PROFIT":712834000,"PRETAX_PROFIT":544041000,"NETCASH_OPERATE":670187000,"NETCASH_INVEST":-2474979000,"NETCASH_FINANCE":1015169000,"END_CASH":2694494000,"DIVI_RATIO":0.295938839094,"DIVIDEND_RATE":6.862745098039,"CURRENT_RATIO":1.030767315364,"COMMON_ACS":10000000000,"CURRENTDEBT_DEBT":37.287660173768,"ISSUED_COMMON_SHARES":7982039158,"HK_COMMON_SHARES":7982039158,"PER_SHARES":10000,"TOTAL_MARKET_CAP":4070839970.58,"HKSK_MARKET_CAP":4070839970.58,"PE_TTM":3.788428436309,"PB_TTM":0.436357192486,"REPORT_DATE_SQ":"2022-06-30 00:00:00","REPORT_TYPE_SQ":"2022年中报","OPERATE_INCOME_SQ":1339182000,"DPS_HKD":0.035,"OPERATE_INCOME_QOQ_SQ":16.773245480631,"NET_PROFIT_RATIO_SQ":35.110761644,"HOLDER_PROFIT_SQ":443179000,"HOLDER_PROFIT_QOQ_SQ":4.988593097282,"ROE_AVG_SQ":5.887553557755,"PE_TTM_SQ":5.425981028038,"PB_TTM_SQ":0.617287919144,"ROA_SQ":1.742898184144,"START_DATE":"2023-01-01 00:00:00","FISCAL_YEAR":"12-31","CURRENCY":"HKD","IS_CNY_CODE":0,"DPS_HKD_LY":0.035,"ORG_TYPE":"一般企业","PREMIUM_INCOME":null,"PREMIUM_INCOME_YOY":null,"NET_INTEREST_INCOME":null,"NET_INTEREST_INCOME_YOY":null,"FEE_COMMISSION_INCOME":null,"FEE_COMMISSION_INCOME_YOY":null,"ACCOUNTS_RECE_TDAYS":0.875706469274,"INVENTORY_TDAYS":8.195937186863,"CURRENT_ASSETS_TDAYS":0.199766549964,"TOTAL_ASSETS_TDAYS":0.052339086412,"PREMIUM_EXPENSE":null,"LOAN_DEPOSIT":null,"LOAN_EQUITY":null,"LOAN_ASSETS":null,"DEPOSIT_EQUITY":null,"DEPOSIT_ASSETS":null,"EQUITY_MULTIPLIER":3.589619830029,"EQUITY_RATIO":2.660462220945},{"SECUCODE":"00182.HK","SECURITY_CODE":"00182","SECURITY_NAME_ABBR":"协合新能源","ORG_CODE":"10007452","STD_REPORT_DATE":"2022-12-31 00:00:00","REPORT_DATE":"2022-12-31 00:00:00","DATE_TYPE_CODE":"001","REPORT_TYPE":"2022年年报","PER_NETCASH_OPERATE":0.267401063694,"PER_OI":0.267426243436,"BPS":0.981171207629,"BASIC_EPS":0.099,"DILUTED_EPS":0.0986,"OPERATE_INCOME":2400276000,"OPERATE_INCOME_YOY":22.0368565364,"GROSS_PROFIT":1459693000,"GROSS_PROFIT_YOY":10.61112618231,"HOLDER_PROFIT":871817000,"HOLDER_PROFIT_YOY":10.7021411139,"GROSS_PROFIT_RATIO":59.527955846304,"EPS_TTM":0.097133306867,"OPERATE_INCOME_QOQ":5.105569712414,"NET_PROFIT_RATIO":34.5517674317,"ROE_AVG":11.436910656552,"GROSS_PROFIT_QOQ":8.638212281979,"ROA":3.405007912056,"HOLDER_PROFIT_QOQ":6.668942422162,"ROE_YEARLY":11.436910656552,"ROIC_YEARLY":3.979567478566,"TOTAL_ASSETS":27172516000,"TOTAL_LIABILITIES":19077624000,"TAX_EBT":19.899752019094,"OCF_SALES":89.57522818814,"TOTAL_PARENT_EQUITY":7831747000,"DEBT_ASSET_RATIO":70.2092658626,"OPERATE_PROFIT":1491659000,"PRETAX_PROFIT":1117828000,"NETCASH_OPERATE":2400050000,"NETCASH_INVEST":-3771645000,"NETCASH_FINANCE":1277304000,"END_CASH":3471039000,"DIVI_RATIO":0.326537837772,"DIVIDEND_RATE":6.862745098039,"CURRENT_RATIO":1.022638465997,"COMMON_ACS":10000000000,"CURRENTDEBT_DEBT":34.16023399979,"ISSUED_COMMON_SHARES":7982039158,"HK_COMMON_SHARES":7982039158,"PER_SHARES":10000,"TOTAL_MARKET_CAP":4070839970.58,"HKSK_MARKET_CAP":4070839970.58,"PE_TTM":3.788428436309,"PB_TTM":0.436357192486,"REPORT_DATE_SQ":"2021-12-31 00:00:00","REPORT_TYPE_SQ":"2021年年报","OPERATE_INCOME_SQ":2195540000,"DPS_HKD":0.035,"OPERATE_INCOME_QOQ_SQ":10.731823362531,"NET_PROFIT_RATIO_SQ":37.0333588634,"HOLDER_PROFIT_SQ":787534000,"HOLDER_PROFIT_QOQ_SQ":11.652842896667,"ROE_AVG_SQ":11.262074009949,"PE_TTM_SQ":5.425981028038,"PB_TTM_SQ":0.617287919144,"ROA_SQ":3.57396697291,"START_DATE":"2022-01-01 00:00:00","FISCAL_YEAR":"12-31","CURRENCY":"HKD","IS_CNY_CODE":0,"DPS_HKD_LY":0.03,"ORG_TYPE":"一般企业","PREMIUM_INCOME":null,"PREMIUM_INCOME_YOY":null,"NET_INTEREST_INCOME":null,"NET_INTEREST_INCOME_YOY":null,"FEE_COMMISSION_INCOME":null,"FEE_COMMISSION_INCOME_YOY":null,"ACCOUNTS_RECE_TDAYS":1.51648897355,"INVENTORY_TDAYS":24.964489208633,"CURRENT_ASSETS_TDAYS":0.379567321518,"TOTAL_ASSETS_TDAYS":0.104646608627,"PREMIUM_EXPENSE":null,"LOAN_DEPOSIT":null,"LOAN_EQUITY":null,"LOAN_ASSETS":null,"DEPOSIT_EQUITY":null,"DEPOSIT_ASSETS":null,"EQUITY_MULTIPLIER":3.356748428514,"EQUITY_RATIO":2.435934664386},{"SECUCODE":"00182.HK","SECURITY_CODE":"00182","SECURITY_NAME_ABBR":"协合新能源","ORG_CODE":"10007452","STD_REPORT_DATE":"2022-06-30 00:00:00","REPORT_DATE":"2022-06-30 00:00:00","DATE_TYPE_CODE":"002","REPORT_TYPE":"2022年中报","PER_NETCASH_OPERATE":0.092610423519,"PER_OI":0.149204679602,"BPS":0.9572553891,"BASIC_EPS":0.0501,"DILUTED_EPS":0.0499,"OPERATE_INCOME":1339182000,"OPERATE_INCOME_YOY":37.6323465027,"GROSS_PROFIT":796546000,"GROSS_PROFIT_YOY":24.723205631871,"HOLDER_PROFIT":443179000,"HOLDER_PROFIT_YOY":9.6044457195,"GROSS_PROFIT_RATIO":59.480040801026,"EPS_TTM":0.091060532393,"OPERATE_INCOME_QOQ":16.773245480631,"NET_PROFIT_RATIO":35.110761644,"ROE_AVG":5.887553557755,"GROSS_PROFIT_QOQ":12.050698489455,"ROA":1.742898184144,"HOLDER_PROFIT_QOQ":4.988593097282,"ROE_YEARLY":11.775107115509,"ROIC_YEARLY":4.052280275732,"TOTAL_ASSETS":26819997000,"TOTAL_LIABILITIES":18987123000,"TAX_EBT":8.3667070074,"OCF_SALES":62.069382652993,"TOTAL_PARENT_EQUITY":7640850000,"DEBT_ASSET_RATIO":70.794649977,"OPERATE_PROFIT":658680000,"PRETAX_PROFIT":513129000,"NETCASH_OPERATE":831222000,"NETCASH_INVEST":-1982483000,"NETCASH_FINANCE":914831000,"END_CASH":3283280000,"DIVI_RATIO":0.348314458159,"DIVIDEND_RATE":6.862745098039,"CURRENT_RATIO":1.182200023511,"COMMON_ACS":10000000000,"CURRENTDEBT_DEBT":39.292382526832,"ISSUED_COMMON_SHARES":7982039158,"HK_COMMON_SHARES":7982039158,"PER_SHARES":10000,"TOTAL_MARKET_CAP":4070839970.58,"HKSK_MARKET_CAP":4070839970.58,"PE_TTM":3.788428436309,"PB_TTM":0.436357192486,"REPORT_DATE_SQ":"2021-06-30 00:00:00","REPORT_TYPE_SQ":"2021年中报","OPERATE_INCOME_SQ":973014000,"DPS_HKD":0.035,"OPERATE_INCOME_QOQ_SQ":-1.463498261156,"NET_PROFIT_RATIO_SQ":42.9443066233,"HOLDER_PROFIT_SQ":404344000,"HOLDER_PROFIT_QOQ_SQ":3.53784126937,"ROE_AVG_SQ":6.183412472685,"PE_TTM_SQ":5.425981028038,"PB_TTM_SQ":0.617287919144,"ROA_SQ":2.035781955394,"START_DATE":"2022-01-01 00:00:00","FISCAL_YEAR":"12-31","CURRENCY":"HKD","IS_CNY_CODE":0,"DPS_HKD_LY":0.03,"ORG_TYPE":"一般企业","PREMIUM_INCOME":null,"PREMIUM_INCOME_YOY":null,"NET_INTEREST_INCOME":null,"NET_INTEREST_INCOME_YOY":null,"FEE_COMMISSION_INCOME":null,"FEE_COMMISSION_INCOME_YOY":null,"ACCOUNTS_RECE_TDAYS":0.763324587738,"INVENTORY_TDAYS":18.693859271381,"CURRENT_ASSETS_TDAYS":0.164586287045,"TOTAL_ASSETS_TDAYS":0.052666256209,"PREMIUM_EXPENSE":null,"LOAN_DEPOSIT":null,"LOAN_EQUITY":null,"LOAN_ASSETS":null,"DEPOSIT_EQUITY":null,"DEPOSIT_ASSETS":null,"EQUITY_MULTIPLIER":3.424030183554,"EQUITY_RATIO":2.484949056715},{"SECUCODE":"00182.HK","SECURITY_CODE":"00182","SECURITY_NAME_ABBR":"协合新能源","ORG_CODE":"10007452","STD_REPORT_DATE":"2021-12-31 00:00:00","REPORT_DATE":"2021-12-31 00:00:00","DATE_TYPE_CODE":"001","REPORT_TYPE":"2021年年报","PER_NETCASH_OPERATE":0.143996950724,"PER_OI":0.244347197681,"BPS":0.927691264528,"BASIC_EPS":0.0946,"DILUTED_EPS":0.0939,"OPERATE_INCOME":2195540000,"OPERATE_INCOME_YOY":9.1112650531,"GROSS_PROFIT":1319662000,"GROSS_PROFIT_YOY":6.333970963391,"HOLDER_PROFIT":787534000,"HOLDER_PROFIT_YOY":15.6029432511,"GROSS_PROFIT_RATIO":60.019568969624,"EPS_TTM":0.086638562295,"OPERATE_INCOME_QOQ":10.731823362531,"NET_PROFIT_RATIO":37.0333588634,"ROE_AVG":11.262074009949,"GROSS_PROFIT_QOQ":5.997304473183,"ROA":3.57396697291,"HOLDER_PROFIT_QOQ":11.652842896667,"ROE_YEARLY":11.262074009949,"ROIC_YEARLY":4.146396876423,"TOTAL_ASSETS":24044818000,"TOTAL_LIABILITIES":16481931000,"TAX_EBT":12.955901212757,"OCF_SALES":59.26850898377,"TOTAL_PARENT_EQUITY":7413926000,"DEBT_ASSET_RATIO":68.5735322532,"OPERATE_PROFIT":1233204000,"PRETAX_PROFIT":939595000,"NETCASH_OPERATE":1303399000,"NETCASH_INVEST":-1959649000,"NETCASH_FINANCE":1890956000,"END_CASH":3510470000,"DIVI_RATIO":0.366092178352,"DIVIDEND_RATE":6.862745098039,"CURRENT_RATIO":1.305953547162,"COMMON_ACS":10000000000,"CURRENTDEBT_DEBT":34.627841846929,"ISSUED_COMMON_SHARES":7982039158,"HK_COMMON_SHARES":7982039158,"PER_SHARES":10000,"TOTAL_MARKET_CAP":4070839970.58,"HKSK_MARKET_CAP":4070839970.58,"PE_TTM":3.788428436309,"PB_TTM":0.436357192486,"REPORT_DATE_SQ":"2020-12-31 00:00:00","REPORT_TYPE_SQ":"2020年年报","OPERATE_INCOME_SQ":2000754000,"DPS_HKD":0.035,"OPERATE_INCOME_QOQ_SQ":6.871433508554,"NET_PROFIT_RATIO_SQ":34.1975075397,"HOLDER_PROFIT_SQ":673405000,"HOLDER_PROFIT_QOQ_SQ":15.22029258277,"ROE_AVG_SQ":10.893726213121,"PE_TTM_SQ":5.425981028038,"PB_TTM_SQ":0.617287919144,"ROA_SQ":3.41650296679,"START_DATE":"2021-01-01 00:00:00","FISCAL_YEAR":"12-31","CURRENCY":"HKD","IS_CNY_CODE":0,"DPS_HKD_LY":0.03,"ORG_TYPE":"一般企业","PREMIUM_INCOME":null,"PREMIUM_INCOME_YOY":null,"NET_INTEREST_INCOME":null,"NET_INTEREST_INCOME_YOY":null,"FEE_COMMISSION_INCOME":null,"FEE_COMMISSION_INCOME_YOY":null,"ACCOUNTS_RECE_TDAYS":1.491263818816,"INVENTORY_TDAYS":43.829161121852,"CURRENT_ASSETS_TDAYS":0.332858782392,"TOTAL_ASSETS_TDAYS":0.100223275378,"PREMIUM_EXPENSE":null,"LOAN_DEPOSIT":null,"LOAN_EQUITY":null,"LOAN_ASSETS":null,"DEPOSIT_EQUITY":null,"DEPOSIT_ASSETS":null,"EQUITY_MULTIPLIER":3.182031172122,"EQUITY_RATIO":2.223104330958},{"SECUCODE":"00182.HK","SECURITY_CODE":"00182","SECURITY_NAME_ABBR":"协合新能源","ORG_CODE":"10007452","STD_REPORT_DATE":"2021-06-30 00:00:00","REPORT_DATE":"2021-06-30 00:00:00","DATE_TYPE_CODE":"002","REPORT_TYPE":"2021年中报","PER_NETCASH_OPERATE":0.045002692359,"PER_OI":0.11629387674,"BPS":0.829599412998,"BASIC_EPS":0.0491,"DILUTED_EPS":0.0487,"OPERATE_INCOME":973014000,"OPERATE_INCOME_YOY":-2.9294475459,"GROSS_PROFIT":638651000,"GROSS_PROFIT_YOY":-0.591639531047,"HOLDER_PROFIT":404344000,"HOLDER_PROFIT_YOY":6.2795705727,"GROSS_PROFIT_RATIO":65.706167116203,"EPS_TTM":0.083332267969,"OPERATE_INCOME_QOQ":-1.463498261156,"NET_PROFIT_RATIO":42.9443066233,"ROE_AVG":6.183412472685,"GROSS_PROFIT_QOQ":-0.397404141963,"ROA":2.035781955394,"HOLDER_PROFIT_QOQ":3.53784126937,"ROE_YEARLY":12.36682494537,"ROIC_YEARLY":4.501845214145,"TOTAL_ASSETS":20084311000,"TOTAL_LIABILITIES":13377340000,"TAX_EBT":6.076029044804,"OCF_SALES":38.807266925635,"TOTAL_PARENT_EQUITY":6621895000,"DEBT_ASSET_RATIO":66.6059194164,"OPERATE_PROFIT":533261000,"PRETAX_PROFIT":444830000,"NETCASH_OPERATE":376531000,"NETCASH_INVEST":-509591000,"NETCASH_FINANCE":-796274000,"END_CASH":1350018000,"DIVI_RATIO":0.380617265953,"DIVIDEND_RATE":6.862745098039,"CURRENT_RATIO":1.248422269715,"COMMON_ACS":10000000000,"CURRENTDEBT_DEBT":38.507124734813,"ISSUED_COMMON_SHARES":7982039158,"HK_COMMON_SHARES":7982039158,"PER_SHARES":10000,"TOTAL_MARKET_CAP":4070839970.58,"HKSK_MARKET_CAP":4070839970.58,"PE_TTM":3.788428436309,"PB_TTM":0.436357192486,"REPORT_DATE_SQ":"2020-06-30 00:00:00","REPORT_TYPE_SQ":"2020年中报","OPERATE_INCOME_SQ":999540000,"DPS_HKD":0.035,"OPERATE_INCOME_QOQ_SQ":1.971271110646,"NET_PROFIT_RATIO_SQ":38.1745602977,"HOLDER_PROFIT_SQ":379389000,"HOLDER_PROFIT_QOQ_SQ":-3.283671993553,"ROE_AVG_SQ":6.290962291436,"PE_TTM_SQ":5.425981028038,"PB_TTM_SQ":0.617287919144,"ROA_SQ":1.9168323755,"START_DATE":"2021-01-01 00:00:00","FISCAL_YEAR":"12-31","CURRENCY":"HKD","IS_CNY_CODE":0,"DPS_HKD_LY":0.03,"ORG_TYPE":"一般企业","PREMIUM_INCOME":null,"PREMIUM_INCOME_YOY":null,"NET_INTEREST_INCOME":null,"NET_INTEREST_INCOME_YOY":null,"FEE_COMMISSION_INCOME":null,"FEE_COMMISSION_INCOME_YOY":null,"ACCOUNTS_RECE_TDAYS":0.76398112452,"INVENTORY_TDAYS":23.309211908932,"CURRENT_ASSETS_TDAYS":0.160448255442,"TOTAL_ASSETS_TDAYS":0.048987402794,"PREMIUM_EXPENSE":null,"LOAN_DEPOSIT":null,"LOAN_EQUITY":null,"LOAN_ASSETS":null,"DEPOSIT_EQUITY":null,"DEPOSIT_ASSETS":null,"EQUITY_MULTIPLIER":2.994542692968,"EQUITY_RATIO":2.020167942862},{"SECUCODE":"00182.HK","SECURITY_CODE":"00182","SECURITY_NAME_ABBR":"协合新能源","ORG_CODE":"10007452","STD_REPORT_DATE":"2020-12-31 00:00:00","REPORT_DATE":"2020-12-31 00:00:00","DATE_TYPE_CODE":"001","REPORT_TYPE":"2020年年报","PER_NETCASH_OPERATE":0.115354933728,"PER_OI":0.239128562449,"BPS":0.804289213937,"BASIC_EPS":0.0818,"DILUTED_EPS":0.0786,"OPERATE_INCOME":2000754000,"OPERATE_INCOME_YOY":8.9781592028,"GROSS_PROFIT":1241054000,"GROSS_PROFIT_YOY":10.701644842473,"HOLDER_PROFIT":673405000,"HOLDER_PROFIT_YOY":11.4368361043,"GROSS_PROFIT_RATIO":62.029314948265,"EPS_TTM":0.080484842013,"OPERATE_INCOME_QOQ":6.871433508554,"NET_PROFIT_RATIO":34.1975075397,"ROE_AVG":10.893726213121,"GROSS_PROFIT_QOQ":9.016339441555,"ROA":3.41650296679,"HOLDER_PROFIT_QOQ":15.22029258277,"ROE_YEARLY":10.893726213121,"ROIC_YEARLY":3.785551292111,"TOTAL_ASSETS":19528281000,"TOTAL_LIABILITIES":13033779000,"TAX_EBT":10.282628706601,"OCF_SALES":48.239713627962,"TOTAL_PARENT_EQUITY":6419868000,"DEBT_ASSET_RATIO":66.7430942846,"OPERATE_PROFIT":1052768000,"PRETAX_PROFIT":762626000,"NETCASH_OPERATE":965158000,"NETCASH_INVEST":-143537000,"NETCASH_FINANCE":-15146000,"END_CASH":2280459000,"DIVI_RATIO":0.394082900667,"DIVIDEND_RATE":6.862745098039,"CURRENT_RATIO":1.30816402991,"COMMON_ACS":10000000000,"CURRENTDEBT_DEBT":33.216061128549,"ISSUED_COMMON_SHARES":7982039158,"HK_COMMON_SHARES":7982039158,"PER_SHARES":10000,"TOTAL_MARKET_CAP":4070839970.58,"HKSK_MARKET_CAP":4070839970.58,"PE_TTM":3.788428436309,"PB_TTM":0.436357192486,"REPORT_DATE_SQ":"2019-12-31 00:00:00","REPORT_TYPE_SQ":"2019年年报","OPERATE_INCOME_SQ":1835922000,"DPS_HKD":0.035,"OPERATE_INCOME_QOQ_SQ":17.101051785612,"NET_PROFIT_RATIO_SQ":33.3956998173,"HOLDER_PROFIT_SQ":604293000,"HOLDER_PROFIT_QOQ_SQ":-3.456005112434,"ROE_AVG_SQ":10.544716931796,"PE_TTM_SQ":5.425981028038,"PB_TTM_SQ":0.617287919144,"ROA_SQ":3.155144941639,"START_DATE":"2020-01-01 00:00:00","FISCAL_YEAR":"12-31","CURRENCY":"HKD","IS_CNY_CODE":0,"DPS_HKD_LY":0.025,"ORG_TYPE":"一般企业","PREMIUM_INCOME":null,"PREMIUM_INCOME_YOY":null,"NET_INTEREST_INCOME":null,"NET_INTEREST_INCOME_YOY":null,"FEE_COMMISSION_INCOME":null,"FEE_COMMISSION_INCOME_YOY":null,"ACCOUNTS_RECE_TDAYS":2.272118832457,"INVENTORY_TDAYS":60.519397753525,"CURRENT_ASSETS_TDAYS":0.374402678515,"TOTAL_ASSETS_TDAYS":0.101507740169,"PREMIUM_EXPENSE":null,"LOAN_DEPOSIT":null,"LOAN_EQUITY":null,"LOAN_ASSETS":null,"DEPOSIT_EQUITY":null,"DEPOSIT_ASSETS":null,"EQUITY_MULTIPLIER":3.006894293046,"EQUITY_RATIO":2.030225387812},{"SECUCODE":"00182.HK","SECURITY_CODE":"00182","SECURITY_NAME_ABBR":"协合新能源","ORG_CODE":"10007452","STD_REPORT_DATE":"2020-06-30 00:00:00","REPORT_DATE":"2020-06-30 00:00:00","DATE_TYPE_CODE":"002","REPORT_TYPE":"2020年中报","PER_NETCASH_OPERATE":0.036152856477,"PER_OI":0.119146258447,"BPS":0.766482709355,"BASIC_EPS":0.046,"DILUTED_EPS":0.0431,"OPERATE_INCOME":999540000,"OPERATE_INCOME_YOY":3.7567901145,"GROSS_PROFIT":642452000,"GROSS_PROFIT_YOY":2.772423258857,"HOLDER_PROFIT":379389000,"HOLDER_PROFIT_YOY":-4.9702929625,"GROSS_PROFIT_RATIO":64.274766392541,"EPS_TTM":0.069667077605,"OPERATE_INCOME_QOQ":1.971271110646,"NET_PROFIT_RATIO":38.1745602977,"ROE_AVG":6.290962291436,"GROSS_PROFIT_QOQ":1.545920005709,"ROA":1.9168323755,"HOLDER_PROFIT_QOQ":-3.283671993553,"ROE_YEARLY":12.581924582872,"ROIC_YEARLY":4.123016603339,"TOTAL_ASSETS":19692558000,"TOTAL_LIABILITIES":13551834000,"TAX_EBT":10.038689234208,"OCF_SALES":30.343257898633,"TOTAL_PARENT_EQUITY":6118095000,"DEBT_ASSET_RATIO":68.8170323023,"OPERATE_PROFIT":536916000,"PRETAX_PROFIT":424149000,"NETCASH_OPERATE":303293000,"NETCASH_INVEST":-184358000,"NETCASH_FINANCE":-278880000,"END_CASH":1326466000,"DIVI_RATIO":0.455275304927,"DIVIDEND_RATE":6.862745098039,"CURRENT_RATIO":1.06106744868,"COMMON_ACS":10000000000,"CURRENTDEBT_DEBT":47.49449410316,"ISSUED_COMMON_SHARES":7982039158,"HK_COMMON_SHARES":7982039158,"PER_SHARES":10000,"TOTAL_MARKET_CAP":4070839970.58,"HKSK_MARKET_CAP":4070839970.58,"PE_TTM":3.788428436309,"PB_TTM":0.436357192486,"REPORT_DATE_SQ":"2019-06-30 00:00:00","REPORT_TYPE_SQ":"2019年中报","OPERATE_INCOME_SQ":963349000,"DPS_HKD":0.035,"OPERATE_INCOME_QOQ_SQ":10.872163329962,"NET_PROFIT_RATIO_SQ":41.8947857941,"HOLDER_PROFIT_SQ":399232000,"HOLDER_PROFIT_QOQ_SQ":24.585494599985,"ROE_AVG_SQ":7.078309848567,"PE_TTM_SQ":5.425981028038,"PB_TTM_SQ":0.617287919144,"ROA_SQ":2.165404261778,"START_DATE":"2020-01-01 00:00:00","FISCAL_YEAR":"12-31","CURRENCY":"HKD","IS_CNY_CODE":0,"DPS_HKD_LY":0.025,"ORG_TYPE":"一般企业","PREMIUM_INCOME":null,"PREMIUM_INCOME_YOY":null,"NET_INTEREST_INCOME":null,"NET_INTEREST_INCOME_YOY":null,"FEE_COMMISSION_INCOME":null,"FEE_COMMISSION_INCOME_YOY":null,"ACCOUNTS_RECE_TDAYS":1.996887417615,"INVENTORY_TDAYS":21.468646666266,"CURRENT_ASSETS_TDAYS":0.168646147889,"TOTAL_ASSETS_TDAYS":0.050500953707,"PREMIUM_EXPENSE":null,"LOAN_DEPOSIT":null,"LOAN_EQUITY":null,"LOAN_ASSETS":null,"DEPOSIT_EQUITY":null,"DEPOSIT_ASSETS":null,"EQUITY_MULTIPLIER":3.206878863149,"EQUITY_RATIO":2.215041446725}],"count":48},"success":true,"message":"ok","code":0}