{"version":"f22a233d728b53b1990424b874c7a13a","result":{"pages":6,"data":[{"SECUCODE":"00180.HK","SECURITY_CODE":"00180","SECURITY_NAME_ABBR":"开达集团","ORG_CODE":"10007450","STD_REPORT_DATE":"2024-06-30 00:00:00","REPORT_DATE":"2024-06-30 00:00:00","DATE_TYPE_CODE":"002","REPORT_TYPE":"2024年中报","PER_NETCASH_OPERATE":0.0102281747,"PER_OI":0.137258974482,"BPS":1.95048497582,"BASIC_EPS":-0.072831864,"DILUTED_EPS":-0.072831864,"OPERATE_INCOME":130476732.8,"OPERATE_INCOME_YOY":-6.5535408469,"GROSS_PROFIT":117621635,"GROSS_PROFIT_YOY":-13.750530991853,"HOLDER_PROFIT":-69222214.6,"HOLDER_PROFIT_YOY":-2837.4515879163,"GROSS_PROFIT_RATIO":90.147593732513,"EPS_TTM":-0.141466636433,"OPERATE_INCOME_QOQ":-3.131846609665,"NET_PROFIT_RATIO":-52.9357862339,"ROE_AVG":-3.664508884785,"GROSS_PROFIT_QOQ":-6.555783061527,"ROA":-2.569433046104,"HOLDER_PROFIT_QOQ":-98.827288667007,"ROE_YEARLY":-7.329017769571,"ROIC_YEARLY":-5.260112730572,"TOTAL_ASSETS":2653676424.2,"TOTAL_LIABILITIES":793274988.28,"TAX_EBT":-0.792466902853,"OCF_SALES":7.451734750979,"TOTAL_PARENT_EQUITY":1854107594.64,"DEBT_ASSET_RATIO":29.8934331649,"OPERATE_PROFIT":-13268541.84,"PRETAX_PROFIT":-68525839.76,"NETCASH_OPERATE":9722780.04,"NETCASH_INVEST":-18552959.04,"NETCASH_FINANCE":-25961182.6,"END_CASH":38493191.68,"DIVI_RATIO":null,"DIVIDEND_RATE":null,"CURRENT_RATIO":0.6125266176,"COMMON_ACS":1000000000,"CURRENTDEBT_DEBT":90.446413881733,"ISSUED_COMMON_SHARES":950587991,"HK_COMMON_SHARES":950587991,"PER_SHARES":2000,"TOTAL_MARKET_CAP":228141117.84,"HKSK_MARKET_CAP":228141117.84,"PE_TTM":-1.542567583115,"PB_TTM":0.112301916044,"REPORT_DATE_SQ":"2023-06-30 00:00:00","REPORT_TYPE_SQ":"2023年中报","OPERATE_INCOME_SQ":141050032.28,"DPS_HKD":null,"OPERATE_INCOME_QOQ_SQ":1.033117144332,"NET_PROFIT_RATIO_SQ":-1.1190566457,"HOLDER_PROFIT_SQ":-2380552.36,"HOLDER_PROFIT_QOQ_SQ":30.719481390708,"ROE_AVG_SQ":-0.118676740554,"PE_TTM_SQ":-4.471327612291,"PB_TTM_SQ":0.120018721681,"ROA_SQ":-0.086162680614,"START_DATE":"2024-01-01 00:00:00","FISCAL_YEAR":"12-31","CURRENCY":"HKD","IS_CNY_CODE":0,"DPS_HKD_LY":null,"ORG_TYPE":"一般企业","PREMIUM_INCOME":null,"PREMIUM_INCOME_YOY":null,"NET_INTEREST_INCOME":null,"NET_INTEREST_INCOME_YOY":null,"FEE_COMMISSION_INCOME":null,"FEE_COMMISSION_INCOME_YOY":null,"ACCOUNTS_RECE_TDAYS":1.576037526803,"INVENTORY_TDAYS":0.048649488809,"CURRENT_ASSETS_TDAYS":0.281812303859,"TOTAL_ASSETS_TDAYS":0.048431162011,"PREMIUM_EXPENSE":null,"LOAN_DEPOSIT":null,"LOAN_EQUITY":null,"LOAN_ASSETS":null,"DEPOSIT_EQUITY":null,"DEPOSIT_ASSETS":null,"EQUITY_MULTIPLIER":1.426399901099,"EQUITY_RATIO":0.427847332363},{"SECUCODE":"00180.HK","SECURITY_CODE":"00180","SECURITY_NAME_ABBR":"开达集团","ORG_CODE":"10007450","STD_REPORT_DATE":"2023-12-31 00:00:00","REPORT_DATE":"2023-12-31 00:00:00","DATE_TYPE_CODE":"001","REPORT_TYPE":"2023年年报","PER_NETCASH_OPERATE":0.013213094757,"PER_OI":0.355154831174,"BPS":2.009551553823,"BASIC_EPS":-0.07113827,"DILUTED_EPS":-0.07113827,"OPERATE_INCOME":337605917.46,"OPERATE_INCOME_YOY":5.8460026082,"GROSS_PROFIT":286039280.8,"GROSS_PROFIT_YOY":1.927981261564,"HOLDER_PROFIT":-67634823.48,"HOLDER_PROFIT_YOY":13.6020559363,"GROSS_PROFIT_RATIO":84.725790043029,"EPS_TTM":-0.071150513283,"OPERATE_INCOME_QOQ":6.282461158425,"NET_PROFIT_RATIO":-19.7126237777,"ROE_AVG":-3.486622677062,"GROSS_PROFIT_QOQ":-0.57589948126,"ROA":-2.508530917591,"HOLDER_PROFIT_QOQ":-26.515335668594,"ROE_YEARLY":-3.486622677062,"ROIC_YEARLY":-2.584139297137,"TOTAL_ASSETS":2715100367.84,"TOTAL_LIABILITIES":798608187.44,"TAX_EBT":14.86633743711,"OCF_SALES":3.720375902916,"TOTAL_PARENT_EQUITY":1910255574.36,"DEBT_ASSET_RATIO":29.4135788459,"OPERATE_PROFIT":21387698.22,"PRETAX_PROFIT":-78172349.64,"NETCASH_OPERATE":12560209.2,"NETCASH_INVEST":-102782566.18,"NETCASH_FINANCE":85250834.06,"END_CASH":72611783.72,"DIVI_RATIO":null,"DIVIDEND_RATE":null,"CURRENT_RATIO":0.649835848935,"COMMON_ACS":1000000000,"CURRENTDEBT_DEBT":93.081320666506,"ISSUED_COMMON_SHARES":950587991,"HK_COMMON_SHARES":950587991,"PER_SHARES":2000,"TOTAL_MARKET_CAP":289929337.255,"HKSK_MARKET_CAP":289929337.255,"PE_TTM":-1.960346303542,"PB_TTM":0.142717018306,"REPORT_DATE_SQ":"2022-12-31 00:00:00","REPORT_TYPE_SQ":"2022年年报","OPERATE_INCOME_SQ":314401562.09,"DPS_HKD":null,"OPERATE_INCOME_QOQ_SQ":-5.097574905132,"NET_PROFIT_RATIO_SQ":-24.1400472203,"HOLDER_PROFIT_SQ":-77164235.68,"HOLDER_PROFIT_QOQ_SQ":-173914.384896177,"ROE_AVG_SQ":-3.893090534951,"PE_TTM_SQ":-7.154124179666,"PB_TTM_SQ":0.19202995469,"ROA_SQ":-2.951483352379,"START_DATE":"2023-01-01 00:00:00","FISCAL_YEAR":"12-31","CURRENCY":"HKD","IS_CNY_CODE":0,"DPS_HKD_LY":null,"ORG_TYPE":"一般企业","PREMIUM_INCOME":null,"PREMIUM_INCOME_YOY":null,"NET_INTEREST_INCOME":null,"NET_INTEREST_INCOME_YOY":null,"FEE_COMMISSION_INCOME":null,"FEE_COMMISSION_INCOME_YOY":null,"ACCOUNTS_RECE_TDAYS":3.591381678837,"INVENTORY_TDAYS":0.210477062354,"CURRENT_ASSETS_TDAYS":0.721756659495,"TOTAL_ASSETS_TDAYS":0.125215804276,"PREMIUM_EXPENSE":null,"LOAN_DEPOSIT":null,"LOAN_EQUITY":null,"LOAN_ASSETS":null,"DEPOSIT_EQUITY":null,"DEPOSIT_ASSETS":null,"EQUITY_MULTIPLIER":1.416703076385,"EQUITY_RATIO":0.418063529383},{"SECUCODE":"00180.HK","SECURITY_CODE":"00180","SECURITY_NAME_ABBR":"开达集团","ORG_CODE":"10007450","STD_REPORT_DATE":"2023-06-30 00:00:00","REPORT_DATE":"2023-06-30 00:00:00","DATE_TYPE_CODE":"002","REPORT_TYPE":"2023年中报","PER_NETCASH_OPERATE":-0.010165573804,"PER_OI":0.148381879022,"BPS":2.112541247305,"BASIC_EPS":-0.002489346,"DILUTED_EPS":-0.002489346,"OPERATE_INCOME":141050032.28,"OPERATE_INCOME_YOY":-5.0578393407,"GROSS_PROFIT":136373749.72,"GROSS_PROFIT_YOY":5.465552549851,"HOLDER_PROFIT":-2380552.36,"HOLDER_PROFIT_YOY":91.5349813127,"GROSS_PROFIT_RATIO":96.684663956179,"EPS_TTM":-0.056238647202,"OPERATE_INCOME_QOQ":1.033117144332,"NET_PROFIT_RATIO":-1.1190566457,"ROE_AVG":-0.118676740554,"GROSS_PROFIT_QOQ":2.518384103814,"ROA":-0.086162680614,"HOLDER_PROFIT_QOQ":30.719481390708,"ROE_YEARLY":-0.237353481108,"ROIC_YEARLY":-0.177342198841,"TOTAL_ASSETS":2801870482.58,"TOTAL_LIABILITIES":787674251.42,"TAX_EBT":32.651455546814,"OCF_SALES":-6.850953682036,"TOTAL_PARENT_EQUITY":2008156340.18,"DEBT_ASSET_RATIO":28.1124433237,"OPERATE_PROFIT":3319128,"PRETAX_PROFIT":-2343673.16,"NETCASH_OPERATE":-9663272.38,"NETCASH_INVEST":-59244590.84,"NETCASH_FINANCE":60483731.96,"END_CASH":69979203.98,"DIVI_RATIO":null,"DIVIDEND_RATE":null,"CURRENT_RATIO":0.658857217233,"COMMON_ACS":1000000000,"CURRENTDEBT_DEBT":92.628132721703,"ISSUED_COMMON_SHARES":950587991,"HK_COMMON_SHARES":950587991,"PER_SHARES":2000,"TOTAL_MARKET_CAP":289929337.255,"HKSK_MARKET_CAP":289929337.255,"PE_TTM":-1.960346303542,"PB_TTM":0.142717018306,"REPORT_DATE_SQ":"2022-06-30 00:00:00","REPORT_TYPE_SQ":"2022年中报","OPERATE_INCOME_SQ":137801895.84,"DPS_HKD":null,"OPERATE_INCOME_QOQ_SQ":1.980032199275,"NET_PROFIT_RATIO_SQ":-18.3801261047,"HOLDER_PROFIT_SQ":-26085005.38,"HOLDER_PROFIT_QOQ_SQ":-99.881810318396,"ROE_AVG_SQ":-1.357824204901,"PE_TTM_SQ":-7.154124179666,"PB_TTM_SQ":0.19202995469,"ROA_SQ":-1.050979681416,"START_DATE":"2023-01-01 00:00:00","FISCAL_YEAR":"12-31","CURRENCY":"HKD","IS_CNY_CODE":0,"DPS_HKD_LY":null,"ORG_TYPE":"一般企业","PREMIUM_INCOME":null,"PREMIUM_INCOME_YOY":null,"NET_INTEREST_INCOME":null,"NET_INTEREST_INCOME_YOY":null,"FEE_COMMISSION_INCOME":null,"FEE_COMMISSION_INCOME_YOY":null,"ACCOUNTS_RECE_TDAYS":1.673798283379,"INVENTORY_TDAYS":0.018308949076,"CURRENT_ASSETS_TDAYS":0.299778280938,"TOTAL_ASSETS_TDAYS":0.051052222527,"PREMIUM_EXPENSE":null,"LOAN_DEPOSIT":null,"LOAN_EQUITY":null,"LOAN_ASSETS":null,"DEPOSIT_EQUITY":null,"DEPOSIT_ASSETS":null,"EQUITY_MULTIPLIER":1.39106132721,"EQUITY_RATIO":0.392237514411},{"SECUCODE":"00180.HK","SECURITY_CODE":"00180","SECURITY_NAME_ABBR":"开达集团","ORG_CODE":"10007450","STD_REPORT_DATE":"2022-12-31 00:00:00","REPORT_DATE":"2022-12-31 00:00:00","DATE_TYPE_CODE":"001","REPORT_TYPE":"2022年年报","PER_NETCASH_OPERATE":-0.002175411503,"PER_OI":0.330744302544,"BPS":2.042185167633,"BASIC_EPS":-0.081198243,"DILUTED_EPS":-0.081198243,"OPERATE_INCOME":314401562.09,"OPERATE_INCOME_YOY":-11.416958196,"GROSS_PROFIT":280628809.93,"GROSS_PROFIT_YOY":3.784435065658,"HOLDER_PROFIT":-77164235.68,"HOLDER_PROFIT_YOY":-288.0283836141,"GROSS_PROFIT_RATIO":89.258083854452,"EPS_TTM":-0.081175268792,"OPERATE_INCOME_QOQ":-5.097574905132,"NET_PROFIT_RATIO":-24.1400472203,"ROE_AVG":-3.893090534951,"GROSS_PROFIT_QOQ":-1.149065428096,"ROA":-2.951483352379,"HOLDER_PROFIT_QOQ":-173914.384896177,"ROE_YEARLY":-3.893090534951,"ROIC_YEARLY":-3.04516956875,"TOTAL_ASSETS":2639025971.61,"TOTAL_LIABILITIES":692500421.34,"TAX_EBT":6.802900172211,"OCF_SALES":-0.657732116931,"TOTAL_PARENT_EQUITY":1941276695.75,"DEBT_ASSET_RATIO":26.2407580975,"OPERATE_PROFIT":-18794400.8,"PRETAX_PROFIT":-81436746.09,"NETCASH_OPERATE":-2067920.05,"NETCASH_INVEST":-111129934.16,"NETCASH_FINANCE":112060721.5,"END_CASH":72548709.59,"DIVI_RATIO":null,"DIVIDEND_RATE":null,"CURRENT_RATIO":0.707993652837,"COMMON_ACS":1000000000,"CURRENTDEBT_DEBT":90.964756811422,"ISSUED_COMMON_SHARES":950587991,"HK_COMMON_SHARES":950587991,"PER_SHARES":2000,"TOTAL_MARKET_CAP":289929337.255,"HKSK_MARKET_CAP":289929337.255,"PE_TTM":-1.960346303542,"PB_TTM":0.142717018306,"REPORT_DATE_SQ":"2021-12-31 00:00:00","REPORT_TYPE_SQ":"2021年年报","OPERATE_INCOME_SQ":324857008,"DPS_HKD":null,"OPERATE_INCOME_QOQ_SQ":-4.540133326271,"NET_PROFIT_RATIO_SQ":11.8108373392,"HOLDER_PROFIT_SQ":37562179.2,"HOLDER_PROFIT_QOQ_SQ":475.690795879861,"ROE_AVG_SQ":2.057264606491,"PE_TTM_SQ":-7.154124179666,"PB_TTM_SQ":0.19202995469,"ROA_SQ":1.620569686225,"START_DATE":"2022-01-01 00:00:00","FISCAL_YEAR":"12-31","CURRENCY":"HKD","IS_CNY_CODE":0,"DPS_HKD_LY":null,"ORG_TYPE":"一般企业","PREMIUM_INCOME":null,"PREMIUM_INCOME_YOY":null,"NET_INTEREST_INCOME":null,"NET_INTEREST_INCOME_YOY":null,"FEE_COMMISSION_INCOME":null,"FEE_COMMISSION_INCOME_YOY":null,"ACCOUNTS_RECE_TDAYS":3.428439232036,"INVENTORY_TDAYS":0.158577965682,"CURRENT_ASSETS_TDAYS":0.727790236151,"TOTAL_ASSETS_TDAYS":0.120256614777,"PREMIUM_EXPENSE":null,"LOAN_DEPOSIT":null,"LOAN_EQUITY":null,"LOAN_ASSETS":null,"DEPOSIT_EQUITY":null,"DEPOSIT_ASSETS":null,"EQUITY_MULTIPLIER":1.355762307484,"EQUITY_RATIO":0.356724223217},{"SECUCODE":"00180.HK","SECURITY_CODE":"00180","SECURITY_NAME_ABBR":"开达集团","ORG_CODE":"10007450","STD_REPORT_DATE":"2022-06-30 00:00:00","REPORT_DATE":"2022-06-30 00:00:00","DATE_TYPE_CODE":"002","REPORT_TYPE":"2022年中报","PER_NETCASH_OPERATE":0.015943476378,"PER_OI":0.144964902928,"BPS":2.004575929994,"BASIC_EPS":-0.027451599,"DILUTED_EPS":-0.027451599,"OPERATE_INCOME":137801895.84,"OPERATE_INCOME_YOY":2.0616793661,"GROSS_PROFIT":129306438.38,"GROSS_PROFIT_YOY":11.652608318943,"HOLDER_PROFIT":-26085005.38,"HOLDER_PROFIT_YOY":-321.9941775837,"GROSS_PROFIT_RATIO":93.835021348426,"EPS_TTM":0.000046702273,"OPERATE_INCOME_QOQ":1.980032199275,"NET_PROFIT_RATIO":-18.3801261047,"ROE_AVG":-1.357824204901,"GROSS_PROFIT_QOQ":4.990848609697,"ROA":-1.050979681416,"HOLDER_PROFIT_QOQ":-99.881810318396,"ROE_YEARLY":-2.715648409803,"ROIC_YEARLY":-2.170295477027,"TOTAL_ASSETS":2484526209.27,"TOTAL_LIABILITIES":574211339.17,"TAX_EBT":-9.851266644412,"OCF_SALES":10.998163042399,"TOTAL_PARENT_EQUITY":1905525806.1,"DEBT_ASSET_RATIO":23.1115025886,"OPERATE_PROFIT":-11134573.8,"PRETAX_PROFIT":-23056777.59,"NETCASH_OPERATE":15155677.18,"NETCASH_INVEST":-48838190.52,"NETCASH_FINANCE":33734679.93,"END_CASH":71981342.3,"DIVI_RATIO":null,"DIVIDEND_RATE":null,"CURRENT_RATIO":0.760628919477,"COMMON_ACS":1000000000,"CURRENTDEBT_DEBT":89.200721431305,"ISSUED_COMMON_SHARES":950587991,"HK_COMMON_SHARES":950587991,"PER_SHARES":2000,"TOTAL_MARKET_CAP":275670517.39,"HKSK_MARKET_CAP":275670517.39,"PE_TTM":-1.863935829598,"PB_TTM":0.135698148553,"REPORT_DATE_SQ":"2021-06-30 00:00:00","REPORT_TYPE_SQ":"2021年中报","OPERATE_INCOME_SQ":131369622.48,"DPS_HKD":null,"OPERATE_INCOME_QOQ_SQ":8.60759038975,"NET_PROFIT_RATIO_SQ":9.13662822,"HOLDER_PROFIT_SQ":11432779.2,"HOLDER_PROFIT_QOQ_SQ":89.236375103116,"ROE_AVG_SQ":0.619116506326,"PE_TTM_SQ":-6.17856179153,"PB_TTM_SQ":0.165844051777,"ROA_SQ":0.491948725624,"START_DATE":"2022-01-01 00:00:00","FISCAL_YEAR":"12-31","CURRENCY":"HKD","IS_CNY_CODE":0,"DPS_HKD_LY":null,"ORG_TYPE":"一般企业","PREMIUM_INCOME":null,"PREMIUM_INCOME_YOY":null,"NET_INTEREST_INCOME":null,"NET_INTEREST_INCOME_YOY":null,"FEE_COMMISSION_INCOME":null,"FEE_COMMISSION_INCOME_YOY":null,"ACCOUNTS_RECE_TDAYS":1.782546890643,"INVENTORY_TDAYS":0.043211219084,"CURRENT_ASSETS_TDAYS":0.348963899726,"TOTAL_ASSETS_TDAYS":0.055521166463,"PREMIUM_EXPENSE":null,"LOAN_DEPOSIT":null,"LOAN_EQUITY":null,"LOAN_ASSETS":null,"DEPOSIT_EQUITY":null,"DEPOSIT_ASSETS":null,"EQUITY_MULTIPLIER":1.30058465657,"EQUITY_RATIO":0.301340101158},{"SECUCODE":"00180.HK","SECURITY_CODE":"00180","SECURITY_NAME_ABBR":"开达集团","ORG_CODE":"10007450","STD_REPORT_DATE":"2021-12-31 00:00:00","REPORT_DATE":"2021-12-31 00:00:00","DATE_TYPE_CODE":"001","REPORT_TYPE":"2021年年报","PER_NETCASH_OPERATE":0.047938490736,"PER_OI":0.341743227429,"BPS":1.947768676998,"BASIC_EPS":0.03949008,"DILUTED_EPS":0.03949008,"OPERATE_INCOME":324857008,"OPERATE_INCOME_YOY":6.7250794401,"GROSS_PROFIT":270395854.4,"GROSS_PROFIT_YOY":16.755066068933,"HOLDER_PROFIT":37562179.2,"HOLDER_PROFIT_YOY":141.6269503289,"GROSS_PROFIT_RATIO":83.23534593411,"EPS_TTM":0.039514678868,"OPERATE_INCOME_QOQ":-4.540133326271,"NET_PROFIT_RATIO":11.8108373392,"ROE_AVG":2.057264606491,"GROSS_PROFIT_QOQ":4.724534948677,"ROA":1.620569686225,"HOLDER_PROFIT_QOQ":475.690795879861,"ROE_YEARLY":2.057264606491,"ROIC_YEARLY":1.675469121872,"TOTAL_ASSETS":2370431705.6,"TOTAL_LIABILITIES":514862342.4,"TAX_EBT":13.19756580286,"OCF_SALES":14.027634460021,"TOTAL_PARENT_EQUITY":1851525513.6,"DEBT_ASSET_RATIO":21.7201930426,"OPERATE_PROFIT":18642097.6,"PRETAX_PROFIT":44201908.8,"NETCASH_OPERATE":45569753.6,"NETCASH_INVEST":-78871419.2,"NETCASH_FINANCE":32848715.2,"END_CASH":71989680,"DIVI_RATIO":null,"DIVIDEND_RATE":null,"CURRENT_RATIO":0.849388569323,"COMMON_ACS":1000000000,"CURRENTDEBT_DEBT":87.486105023788,"ISSUED_COMMON_SHARES":950587991,"HK_COMMON_SHARES":950587991,"PER_SHARES":2000,"TOTAL_MARKET_CAP":275670517.39,"HKSK_MARKET_CAP":275670517.39,"PE_TTM":-1.863935829598,"PB_TTM":0.135698148553,"REPORT_DATE_SQ":"2020-12-31 00:00:00","REPORT_TYPE_SQ":"2020年年报","OPERATE_INCOME_SQ":313336680.52,"DPS_HKD":null,"OPERATE_INCOME_QOQ_SQ":-5.001913274277,"NET_PROFIT_RATIO_SQ":-29.4112432949,"HOLDER_PROFIT_SQ":-92888440.24,"HOLDER_PROFIT_QOQ_SQ":-40.559608882654,"ROE_AVG_SQ":-4.88877706599,"PE_TTM_SQ":-6.17856179153,"PB_TTM_SQ":0.165844051777,"ROA_SQ":-3.910567116562,"START_DATE":"2021-01-01 00:00:00","FISCAL_YEAR":"12-31","CURRENCY":"HKD","IS_CNY_CODE":0,"DPS_HKD_LY":null,"ORG_TYPE":"一般企业","PREMIUM_INCOME":null,"PREMIUM_INCOME_YOY":null,"NET_INTEREST_INCOME":null,"NET_INTEREST_INCOME_YOY":null,"FEE_COMMISSION_INCOME":null,"FEE_COMMISSION_INCOME_YOY":null,"ACCOUNTS_RECE_TDAYS":3.705555115155,"INVENTORY_TDAYS":0.31427546933,"CURRENT_ASSETS_TDAYS":0.855200498488,"TOTAL_ASSETS_TDAYS":0.140155185544,"PREMIUM_EXPENSE":null,"LOAN_DEPOSIT":null,"LOAN_EQUITY":null,"LOAN_ASSETS":null,"DEPOSIT_EQUITY":null,"DEPOSIT_ASSETS":null,"EQUITY_MULTIPLIER":1.277468658736,"EQUITY_RATIO":0.278074667953},{"SECUCODE":"00180.HK","SECURITY_CODE":"00180","SECURITY_NAME_ABBR":"开达集团","ORG_CODE":"10007450","STD_REPORT_DATE":"2021-06-30 00:00:00","REPORT_DATE":"2021-06-30 00:00:00","DATE_TYPE_CODE":"002","REPORT_TYPE":"2021年中报","PER_NETCASH_OPERATE":0.055973974197,"PER_OI":0.138198276986,"BPS":1.957986178683,"BASIC_EPS":0.01206516,"DILUTED_EPS":0.01206516,"OPERATE_INCOME":131369622.48,"OPERATE_INCOME_YOY":38.1382773947,"GROSS_PROFIT":115811390.64,"GROSS_PROFIT_YOY":29.823863965936,"HOLDER_PROFIT":11432779.2,"HOLDER_PROFIT_YOY":117.5638190441,"GROSS_PROFIT_RATIO":88.156902983893,"EPS_TTM":-0.01051787249,"OPERATE_INCOME_QOQ":8.60759038975,"NET_PROFIT_RATIO":9.13662822,"ROE_AVG":0.619116506326,"GROSS_PROFIT_QOQ":11.487786626268,"ROA":0.491948725624,"HOLDER_PROFIT_QOQ":89.236375103116,"ROE_YEARLY":1.238233012653,"ROIC_YEARLY":1.020569792137,"TOTAL_ASSETS":2342593099.68,"TOTAL_LIABILITIES":477554842.32,"TAX_EBT":-4.954889406286,"OCF_SALES":40.502657064498,"TOTAL_PARENT_EQUITY":1861238148,"DEBT_ASSET_RATIO":20.3857358918,"OPERATE_PROFIT":2440490.64,"PRETAX_PROFIT":11436107.52,"NETCASH_OPERATE":53208187.68,"NETCASH_INVEST":-34953184.56,"NETCASH_FINANCE":-7130925.6,"END_CASH":86010445.44,"DIVI_RATIO":null,"DIVIDEND_RATE":null,"CURRENT_RATIO":0.87930726761,"COMMON_ACS":1000000000,"CURRENTDEBT_DEBT":88.837643680664,"ISSUED_COMMON_SHARES":950587991,"HK_COMMON_SHARES":950587991,"PER_SHARES":2000,"TOTAL_MARKET_CAP":275670517.39,"HKSK_MARKET_CAP":275670517.39,"PE_TTM":-1.863935829598,"PB_TTM":0.135698148553,"REPORT_DATE_SQ":"2020-06-30 00:00:00","REPORT_TYPE_SQ":"2020年中报","OPERATE_INCOME_SQ":104398884.48,"DPS_HKD":null,"OPERATE_INCOME_QOQ_SQ":-17.097374484899,"NET_PROFIT_RATIO_SQ":-68.042382669,"HOLDER_PROFIT_SQ":-71457497.76,"HOLDER_PROFIT_QOQ_SQ":-413.599239657712,"ROE_AVG_SQ":-3.442768685059,"PE_TTM_SQ":-6.17856179153,"PB_TTM_SQ":0.165844051777,"ROA_SQ":-2.758786802441,"START_DATE":"2021-01-01 00:00:00","FISCAL_YEAR":"12-31","CURRENCY":"HKD","IS_CNY_CODE":0,"DPS_HKD_LY":null,"ORG_TYPE":"一般企业","PREMIUM_INCOME":null,"PREMIUM_INCOME_YOY":null,"NET_INTEREST_INCOME":null,"NET_INTEREST_INCOME_YOY":null,"FEE_COMMISSION_INCOME":null,"FEE_COMMISSION_INCOME_YOY":null,"ACCOUNTS_RECE_TDAYS":1.845223346813,"INVENTORY_TDAYS":0.08815736122,"CURRENT_ASSETS_TDAYS":0.347147234306,"TOTAL_ASSETS_TDAYS":0.056527916121,"PREMIUM_EXPENSE":null,"LOAN_DEPOSIT":null,"LOAN_EQUITY":null,"LOAN_ASSETS":null,"DEPOSIT_EQUITY":null,"DEPOSIT_ASSETS":null,"EQUITY_MULTIPLIER":1.256056325084,"EQUITY_RATIO":0.256579117956},{"SECUCODE":"00180.HK","SECURITY_CODE":"00180","SECURITY_NAME_ABBR":"开达集团","ORG_CODE":"10007450","STD_REPORT_DATE":"2020-12-31 00:00:00","REPORT_DATE":"2020-12-31 00:00:00","DATE_TYPE_CODE":"001","REPORT_TYPE":"2020年年报","PER_NETCASH_OPERATE":0.086652120519,"PER_OI":0.329624067931,"BPS":1.949389829942,"BASIC_EPS":-0.097714404,"DILUTED_EPS":-0.097714404,"OPERATE_INCOME":313336680.52,"OPERATE_INCOME_YOY":-16.1779771112,"GROSS_PROFIT":231592395.52,"GROSS_PROFIT_YOY":-23.654508516512,"HOLDER_PROFIT":-92888440.24,"HOLDER_PROFIT_YOY":-668.3514341409,"GROSS_PROFIT_RATIO":73.911677093042,"EPS_TTM":-0.09771682487,"OPERATE_INCOME_QOQ":-5.001913274277,"NET_PROFIT_RATIO":-29.4112432949,"ROE_AVG":-4.88877706599,"GROSS_PROFIT_QOQ":-9.345578323017,"ROA":-3.910567116562,"HOLDER_PROFIT_QOQ":-40.559608882654,"ROE_YEARLY":-4.88877706599,"ROIC_YEARLY":-4.056819587389,"TOTAL_ASSETS":2331849467.28,"TOTAL_LIABILITIES":475566157.08,"TAX_EBT":0.648755568863,"OCF_SALES":26.288165504052,"TOTAL_PARENT_EQUITY":1853066562.12,"DEBT_ASSET_RATIO":20.3943763846,"OPERATE_PROFIT":-9482757.88,"PRETAX_PROFIT":-92757986.04,"NETCASH_OPERATE":82370465.16,"NETCASH_INVEST":-85310313.68,"NETCASH_FINANCE":-15055256.32,"END_CASH":74875660.96,"DIVI_RATIO":null,"DIVIDEND_RATE":null,"CURRENT_RATIO":0.929504721449,"COMMON_ACS":1000000000,"CURRENTDEBT_DEBT":87.823844742119,"ISSUED_COMMON_SHARES":950587991,"HK_COMMON_SHARES":950587991,"PER_SHARES":2000,"TOTAL_MARKET_CAP":275670517.39,"HKSK_MARKET_CAP":275670517.39,"PE_TTM":-1.863935829598,"PB_TTM":0.135698148553,"REPORT_DATE_SQ":"2019-12-31 00:00:00","REPORT_TYPE_SQ":"2019年年报","OPERATE_INCOME_SQ":397857999.66,"DPS_HKD":null,"OPERATE_INCOME_QOQ_SQ":-23.25649007132,"NET_PROFIT_RATIO_SQ":-3.1613407273,"HOLDER_PROFIT_SQ":-12866983.92,"HOLDER_PROFIT_QOQ_SQ":-109.675946513822,"ROE_AVG_SQ":-0.623710508701,"PE_TTM_SQ":-6.17856179153,"PB_TTM_SQ":0.165844051777,"ROA_SQ":-0.512245078815,"START_DATE":"2020-01-01 00:00:00","FISCAL_YEAR":"12-31","CURRENCY":"HKD","IS_CNY_CODE":0,"DPS_HKD_LY":null,"ORG_TYPE":"一般企业","PREMIUM_INCOME":null,"PREMIUM_INCOME_YOY":null,"NET_INTEREST_INCOME":null,"NET_INTEREST_INCOME_YOY":null,"FEE_COMMISSION_INCOME":null,"FEE_COMMISSION_INCOME_YOY":null,"ACCOUNTS_RECE_TDAYS":3.10345028801,"INVENTORY_TDAYS":0.439169635913,"CURRENT_ASSETS_TDAYS":0.758373997651,"TOTAL_ASSETS_TDAYS":0.131913520788,"PREMIUM_EXPENSE":null,"LOAN_DEPOSIT":null,"LOAN_EQUITY":null,"LOAN_ASSETS":null,"DEPOSIT_EQUITY":null,"DEPOSIT_ASSETS":null,"EQUITY_MULTIPLIER":1.25619265899,"EQUITY_RATIO":0.256637385187},{"SECUCODE":"00180.HK","SECURITY_CODE":"00180","SECURITY_NAME_ABBR":"开达集团","ORG_CODE":"10007450","STD_REPORT_DATE":"2020-06-30 00:00:00","REPORT_DATE":"2020-06-30 00:00:00","DATE_TYPE_CODE":"002","REPORT_TYPE":"2020年中报","PER_NETCASH_OPERATE":0.027742751318,"PER_OI":0.109825587393,"BPS":2.144004139518,"BASIC_EPS":-0.075176112,"DILUTED_EPS":-0.075176112,"OPERATE_INCOME":104398884.48,"OPERATE_INCOME_YOY":-41.6907300648,"GROSS_PROFIT":89206550.4,"GROSS_PROFIT_YOY":-34.927097979802,"HOLDER_PROFIT":-71457497.76,"HOLDER_PROFIT_YOY":-277.2799614179,"GROSS_PROFIT_RATIO":85.44780037098,"EPS_TTM":-0.06951984688,"OPERATE_INCOME_QOQ":-17.097374484899,"NET_PROFIT_RATIO":-68.042382669,"ROE_AVG":-3.442768685059,"GROSS_PROFIT_QOQ":-15.784040015699,"ROA":-2.758786802441,"HOLDER_PROFIT_QOQ":-413.599239657712,"ROE_YEARLY":-6.885537370119,"ROIC_YEARLY":-5.720590238199,"TOTAL_ASSETS":2555222345.28,"TOTAL_LIABILITIES":514278594.72,"TAX_EBT":-0.404110827072,"OCF_SALES":25.260735659539,"TOTAL_PARENT_EQUITY":2038064587.68,"DEBT_ASSET_RATIO":20.1265692463,"OPERATE_PROFIT":-39697188.96,"PRETAX_PROFIT":-70749581.76,"NETCASH_OPERATE":26371926.24,"NETCASH_INVEST":-30893454.24,"NETCASH_FINANCE":-12877677.12,"END_CASH":79843790.4,"DIVI_RATIO":null,"DIVIDEND_RATE":null,"CURRENT_RATIO":0.955147439319,"COMMON_ACS":1000000000,"CURRENTDEBT_DEBT":86.838669799809,"ISSUED_COMMON_SHARES":950587991,"HK_COMMON_SHARES":950587991,"PER_SHARES":2000,"TOTAL_MARKET_CAP":275670517.39,"HKSK_MARKET_CAP":275670517.39,"PE_TTM":-1.863935829598,"PB_TTM":0.135698148553,"REPORT_DATE_SQ":"2019-06-30 00:00:00","REPORT_TYPE_SQ":"2019年中报","OPERATE_INCOME_SQ":172422156.6,"DPS_HKD":null,"OPERATE_INCOME_QOQ_SQ":-10.850436220157,"NET_PROFIT_RATIO_SQ":-10.3418192949,"HOLDER_PROFIT_SQ":-18239750.1,"HOLDER_PROFIT_QOQ_SQ":-16.496317002236,"ROE_AVG_SQ":-0.910365144891,"PE_TTM_SQ":-6.17856179153,"PB_TTM_SQ":0.165844051777,"ROA_SQ":-0.752146983341,"START_DATE":"2020-01-01 00:00:00","FISCAL_YEAR":"12-31","CURRENCY":"HKD","IS_CNY_CODE":0,"DPS_HKD_LY":null,"ORG_TYPE":"一般企业","PREMIUM_INCOME":null,"PREMIUM_INCOME_YOY":null,"NET_INTEREST_INCOME":null,"NET_INTEREST_INCOME_YOY":null,"FEE_COMMISSION_INCOME":null,"FEE_COMMISSION_INCOME_YOY":null,"ACCOUNTS_RECE_TDAYS":1.061280961998,"INVENTORY_TDAYS":0.069573219832,"CURRENT_ASSETS_TDAYS":0.231468092432,"TOTAL_ASSETS_TDAYS":0.040305674523,"PREMIUM_EXPENSE":null,"LOAN_DEPOSIT":null,"LOAN_EQUITY":null,"LOAN_ASSETS":null,"DEPOSIT_EQUITY":null,"DEPOSIT_ASSETS":null,"EQUITY_MULTIPLIER":1.251980778294,"EQUITY_RATIO":0.252336750184}],"count":48},"success":true,"message":"ok","code":0}