{"version":"6ef1c6872fe4e13c53f1f74aab690485","result":{"pages":9,"data":[{"SECUCODE":"00187.HK","SECURITY_CODE":"00187","SECURITY_NAME_ABBR":"京城机电股份","ORG_CODE":"10004304","STD_REPORT_DATE":"2024-09-30 00:00:00","REPORT_DATE":"2024-09-30 00:00:00","DATE_TYPE_CODE":"004","REPORT_TYPE":"2024年三季报","PER_NETCASH_OPERATE":-0.250617843407,"PER_OI":2.035630865468,"BPS":1.92990288086,"BASIC_EPS":-0.03,"DILUTED_EPS":-0.03,"OPERATE_INCOME":1114845789.14,"OPERATE_INCOME_YOY":9.7555724267,"GROSS_PROFIT":173502179.78,"GROSS_PROFIT_YOY":45.982484572815,"HOLDER_PROFIT":-16066686.09,"HOLDER_PROFIT_YOY":67.7457968856,"GROSS_PROFIT_RATIO":15.562886048468,"EPS_TTM":-0.032737362631,"OPERATE_INCOME_QOQ":-1.550574655308,"NET_PROFIT_RATIO":-0.7548269422,"ROE_AVG":-1.513688223602,"GROSS_PROFIT_QOQ":3.981872161565,"ROA":-0.558725997276,"HOLDER_PROFIT_QOQ":29.299076328612,"ROE_YEARLY":-2.018250964802,"ROIC_YEARLY":-0.762373367136,"TOTAL_ASSETS":2938842586.59,"TOTAL_LIABILITIES":1560941917.69,"TAX_EBT":466.213851110668,"OCF_SALES":-12.311556464314,"TOTAL_PARENT_EQUITY":1056942167.99,"DEBT_ASSET_RATIO":53.1141723892,"OPERATE_PROFIT":9349541.86,"PRETAX_PROFIT":2297880.42,"NETCASH_OPERATE":-137254868.82,"NETCASH_INVEST":-49535019.05,"NETCASH_FINANCE":65513773.74,"END_CASH":310397498.91,"DIVI_RATIO":null,"DIVIDEND_RATE":null,"CURRENT_RATIO":1.626939648238,"COMMON_ACS":null,"CURRENTDEBT_DEBT":54.93580950078,"ISSUED_COMMON_SHARES":547665988,"HK_COMMON_SHARES":100000000,"PER_SHARES":2000,"TOTAL_MARKET_CAP":1768961141.24,"HKSK_MARKET_CAP":323000000,"PE_TTM":-86.059451486028,"PB_TTM":1.509289264703,"REPORT_DATE_SQ":"2023-09-30 00:00:00","REPORT_TYPE_SQ":"2023年三季报","OPERATE_INCOME_SQ":1015753245.59,"DPS_HKD":null,"OPERATE_INCOME_QOQ_SQ":-0.788299649175,"NET_PROFIT_RATIO_SQ":-5.9443723446,"HOLDER_PROFIT_SQ":-49812689.63,"HOLDER_PROFIT_QOQ_SQ":-137.784944563781,"ROE_AVG_SQ":-4.73523589714,"PE_TTM_SQ":-22.600290816683,"PB_TTM_SQ":1.143616046793,"ROA_SQ":-1.945296740763,"START_DATE":"2024-01-01 00:00:00","FISCAL_YEAR":"12-31","CURRENCY":"HKD","IS_CNY_CODE":0,"DPS_HKD_LY":null,"ORG_TYPE":"一般企业","PREMIUM_INCOME":null,"PREMIUM_INCOME_YOY":null,"NET_INTEREST_INCOME":null,"NET_INTEREST_INCOME_YOY":null,"FEE_COMMISSION_INCOME":null,"FEE_COMMISSION_INCOME_YOY":null,"ACCOUNTS_RECE_TDAYS":2.526518925492,"INVENTORY_TDAYS":3.065768516941,"CURRENT_ASSETS_TDAYS":0.834381733334,"TOTAL_ASSETS_TDAYS":0.387692472397,"PREMIUM_EXPENSE":null,"LOAN_DEPOSIT":null,"LOAN_EQUITY":null,"LOAN_ASSETS":null,"DEPOSIT_EQUITY":null,"DEPOSIT_ASSETS":null,"EQUITY_MULTIPLIER":2.132840670535,"EQUITY_RATIO":1.47684704515},{"SECUCODE":"00187.HK","SECURITY_CODE":"00187","SECURITY_NAME_ABBR":"京城机电股份","ORG_CODE":"10004304","STD_REPORT_DATE":"2024-06-30 00:00:00","REPORT_DATE":"2024-06-30 00:00:00","DATE_TYPE_CODE":"002","REPORT_TYPE":"2024年中报","PER_NETCASH_OPERATE":-0.261742554022,"PER_OI":1.36720829704,"BPS":1.950241408272,"BASIC_EPS":-0.01,"DILUTED_EPS":-0.01,"OPERATE_INCOME":748773482.8,"OPERATE_INCOME_YOY":19.6154858187,"GROSS_PROFIT":124208513.73,"GROSS_PROFIT_YOY":55.469970837419,"HOLDER_PROFIT":-3374923.71,"HOLDER_PROFIT_YOY":88.6331515189,"GROSS_PROFIT_RATIO":16.58826288366,"EPS_TTM":-0.046304009808,"OPERATE_INCOME_QOQ":5.303871243363,"NET_PROFIT_RATIO":0.4842298497,"ROE_AVG":-0.316301517375,"GROSS_PROFIT_QOQ":18.703302333435,"ROA":-0.116980760947,"HOLDER_PROFIT_QOQ":40.249843593307,"ROE_YEARLY":-0.63260303475,"ROIC_YEARLY":-0.321023841207,"TOTAL_ASSETS":2957705599.91,"TOTAL_LIABILITIES":1569490210.33,"TAX_EBT":65.227154961334,"OCF_SALES":-19.14430702246,"TOTAL_PARENT_EQUITY":1068080887.7,"DEBT_ASSET_RATIO":53.0644500378,"OPERATE_PROFIT":15184813.54,"PRETAX_PROFIT":10427057.97,"NETCASH_OPERATE":-143347494.45,"NETCASH_INVEST":-28164353.12,"NETCASH_FINANCE":61347479.15,"END_CASH":321321835.16,"DIVI_RATIO":null,"DIVIDEND_RATE":null,"CURRENT_RATIO":1.583654295375,"COMMON_ACS":null,"CURRENTDEBT_DEBT":57.124687885851,"ISSUED_COMMON_SHARES":547665988,"HK_COMMON_SHARES":100000000,"PER_SHARES":2000,"TOTAL_MARKET_CAP":1708717882.56,"HKSK_MARKET_CAP":312000000,"PE_TTM":-83.128634252757,"PB_TTM":1.457889320703,"REPORT_DATE_SQ":"2023-06-30 00:00:00","REPORT_TYPE_SQ":"2023年中报","OPERATE_INCOME_SQ":625983732.52,"DPS_HKD":null,"OPERATE_INCOME_QOQ_SQ":-0.486158693599,"NET_PROFIT_RATIO_SQ":-6.1917843207,"HOLDER_PROFIT_SQ":-29690936.02,"HOLDER_PROFIT_QOQ_SQ":-678.607114959592,"ROE_AVG_SQ":-2.795298078106,"PE_TTM_SQ":-26.585177301872,"PB_TTM_SQ":1.345258590514,"ROA_SQ":-1.149467284422,"START_DATE":"2024-01-01 00:00:00","FISCAL_YEAR":"12-31","CURRENCY":"HKD","IS_CNY_CODE":0,"DPS_HKD_LY":null,"ORG_TYPE":"一般企业","PREMIUM_INCOME":null,"PREMIUM_INCOME_YOY":null,"NET_INTEREST_INCOME":null,"NET_INTEREST_INCOME_YOY":null,"FEE_COMMISSION_INCOME":null,"FEE_COMMISSION_INCOME_YOY":null,"ACCOUNTS_RECE_TDAYS":1.545030269507,"INVENTORY_TDAYS":1.984460182016,"CURRENT_ASSETS_TDAYS":0.555265576695,"TOTAL_ASSETS_TDAYS":0.259537990549,"PREMIUM_EXPENSE":null,"LOAN_DEPOSIT":null,"LOAN_EQUITY":null,"LOAN_ASSETS":null,"DEPOSIT_EQUITY":null,"DEPOSIT_ASSETS":null,"EQUITY_MULTIPLIER":2.130581192306,"EQUITY_RATIO":1.469448829582},{"SECUCODE":"00187.HK","SECURITY_CODE":"00187","SECURITY_NAME_ABBR":"京城机电股份","ORG_CODE":"10004304","STD_REPORT_DATE":"2024-03-31 00:00:00","REPORT_DATE":"2024-03-31 00:00:00","DATE_TYPE_CODE":"003","REPORT_TYPE":"2024年一季报","PER_NETCASH_OPERATE":-0.097063874962,"PER_OI":0.585270504985,"BPS":1.939583260975,"BASIC_EPS":-0.01,"DILUTED_EPS":-0.01,"OPERATE_INCOME":320532749.36,"OPERATE_INCOME_YOY":16.6767537659,"GROSS_PROFIT":45698274.74,"GROSS_PROFIT_YOY":8.094573086443,"HOLDER_PROFIT":-6523098.03,"HOLDER_PROFIT_YOY":58.6000435255,"GROSS_PROFIT_RATIO":14.256975248627,"EPS_TTM":-0.077496047865,"OPERATE_INCOME_QOQ":3.259643229657,"NET_PROFIT_RATIO":-1.0413686235,"ROE_AVG":-0.613028652193,"GROSS_PROFIT_QOQ":1.590002998357,"ROA":-0.228226862597,"HOLDER_PROFIT_QOQ":17.867766451232,"ROE_YEARLY":-2.45211460877,"ROIC_YEARLY":-1.271522417625,"TOTAL_ASSETS":2903984439.44,"TOTAL_LIABILITIES":1526059300.42,"TAX_EBT":822.488760759185,"OCF_SALES":-16.58444670198,"TOTAL_PARENT_EQUITY":1062243782.93,"DEBT_ASSET_RATIO":52.5505329744,"OPERATE_PROFIT":3324741.61,"PRETAX_PROFIT":462004.07,"NETCASH_OPERATE":-53158582.98,"NETCASH_INVEST":-12414742.3,"NETCASH_FINANCE":41940569.9,"END_CASH":406535570.78,"DIVI_RATIO":null,"DIVIDEND_RATE":null,"CURRENT_RATIO":1.613568744422,"COMMON_ACS":null,"CURRENTDEBT_DEBT":55.714561583944,"ISSUED_COMMON_SHARES":547665988,"HK_COMMON_SHARES":100000000,"PER_SHARES":2000,"TOTAL_MARKET_CAP":1730624522.08,"HKSK_MARKET_CAP":316000000,"PE_TTM":-84.194385973947,"PB_TTM":1.47658020943,"REPORT_DATE_SQ":"2023-03-31 00:00:00","REPORT_TYPE_SQ":"2023年一季报","OPERATE_INCOME_SQ":274718604.19,"DPS_HKD":null,"OPERATE_INCOME_QOQ_SQ":-0.36774708866,"NET_PROFIT_RATIO_SQ":-7.0739921409,"HOLDER_PROFIT_SQ":-15756292,"HOLDER_PROFIT_QOQ_SQ":-79.258061780706,"ROE_AVG_SQ":-1.476184596417,"PE_TTM_SQ":-25.724506094257,"PB_TTM_SQ":1.301707053411,"ROA_SQ":-0.638618871065,"START_DATE":"2024-01-01 00:00:00","FISCAL_YEAR":"12-31","CURRENCY":"HKD","IS_CNY_CODE":0,"DPS_HKD_LY":null,"ORG_TYPE":"一般企业","PREMIUM_INCOME":null,"PREMIUM_INCOME_YOY":null,"NET_INTEREST_INCOME":null,"NET_INTEREST_INCOME_YOY":null,"FEE_COMMISSION_INCOME":null,"FEE_COMMISSION_INCOME_YOY":null,"ACCOUNTS_RECE_TDAYS":0.72873048241,"INVENTORY_TDAYS":0.878919809077,"CURRENT_ASSETS_TDAYS":0.241997595245,"TOTAL_ASSETS_TDAYS":0.112146381075,"PREMIUM_EXPENSE":null,"LOAN_DEPOSIT":null,"LOAN_EQUITY":null,"LOAN_ASSETS":null,"DEPOSIT_EQUITY":null,"DEPOSIT_ASSETS":null,"EQUITY_MULTIPLIER":2.107505231746,"EQUITY_RATIO":1.436637544925},{"SECUCODE":"00187.HK","SECURITY_CODE":"00187","SECURITY_NAME_ABBR":"京城机电股份","ORG_CODE":"10004304","STD_REPORT_DATE":"2023-12-31 00:00:00","REPORT_DATE":"2023-12-31 00:00:00","DATE_TYPE_CODE":"001","REPORT_TYPE":"2023年年报","PER_NETCASH_OPERATE":0.121168602349,"PER_OI":2.566337371456,"BPS":1.946278592966,"BASIC_EPS":-0.1,"DILUTED_EPS":-0.1,"OPERATE_INCOME":1405495692.08,"OPERATE_INCOME_YOY":2.4218755993,"GROSS_PROFIT":215224604.83,"GROSS_PROFIT_YOY":15.836974150251,"HOLDER_PROFIT":-51675143.59,"HOLDER_PROFIT_YOY":-382.1441768189,"GROSS_PROFIT_RATIO":15.313074671292,"EPS_TTM":-0.094355217819,"OPERATE_INCOME_QOQ":4.122932313315,"NET_PROFIT_RATIO":-5.4252743761,"ROE_AVG":-4.826005790532,"GROSS_PROFIT_QOQ":29.843956066886,"ROA":-1.969727720751,"HOLDER_PROFIT_QOQ":1.063655698899,"ROE_YEARLY":-4.826005790532,"ROIC_YEARLY":-2.74807410338,"TOTAL_ASSETS":2812343564.88,"TOTAL_LIABILITIES":1433936790.8,"TAX_EBT":-42.868301169343,"OCF_SALES":4.721460385396,"TOTAL_PARENT_EQUITY":1065910588.54,"DEBT_ASSET_RATIO":50.9872552097,"OPERATE_PROFIT":-39814004.57,"PRETAX_PROFIT":-53372229.54,"NETCASH_OPERATE":66359922.32,"NETCASH_INVEST":-157070258.23,"NETCASH_FINANCE":256190368.87,"END_CASH":429848818.45,"DIVI_RATIO":null,"DIVIDEND_RATE":null,"CURRENT_RATIO":1.647619837307,"COMMON_ACS":null,"CURRENTDEBT_DEBT":54.056988530683,"ISSUED_COMMON_SHARES":547665988,"HK_COMMON_SHARES":100000000,"PER_SHARES":2000,"TOTAL_MARKET_CAP":1730624522.08,"HKSK_MARKET_CAP":316000000,"PE_TTM":-84.194385973947,"PB_TTM":1.47658020943,"REPORT_DATE_SQ":"2022-12-31 00:00:00","REPORT_TYPE_SQ":"2022年年报","OPERATE_INCOME_SQ":1372261232.14,"DPS_HKD":null,"OPERATE_INCOME_QOQ_SQ":0.287163344244,"NET_PROFIT_RATIO_SQ":1.0241603735,"HOLDER_PROFIT_SQ":18315155.1,"HOLDER_PROFIT_QOQ_SQ":311.337042257565,"ROE_AVG_SQ":2.091799264463,"PE_TTM_SQ":-25.724506094257,"PB_TTM_SQ":1.301707053411,"ROA_SQ":0.914426222468,"START_DATE":"2023-01-01 00:00:00","FISCAL_YEAR":"12-31","CURRENCY":"HKD","IS_CNY_CODE":0,"DPS_HKD_LY":null,"ORG_TYPE":"一般企业","PREMIUM_INCOME":null,"PREMIUM_INCOME_YOY":null,"NET_INTEREST_INCOME":null,"NET_INTEREST_INCOME_YOY":null,"FEE_COMMISSION_INCOME":null,"FEE_COMMISSION_INCOME_YOY":null,"ACCOUNTS_RECE_TDAYS":3.62687566467,"INVENTORY_TDAYS":3.959758440181,"CURRENT_ASSETS_TDAYS":1.201191217204,"TOTAL_ASSETS_TDAYS":0.535739938732,"PREMIUM_EXPENSE":null,"LOAN_DEPOSIT":null,"LOAN_EQUITY":null,"LOAN_ASSETS":null,"DEPOSIT_EQUITY":null,"DEPOSIT_ASSETS":null,"EQUITY_MULTIPLIER":2.0402856528,"EQUITY_RATIO":1.345269299524},{"SECUCODE":"00187.HK","SECURITY_CODE":"00187","SECURITY_NAME_ABBR":"京城机电股份","ORG_CODE":"10004304","STD_REPORT_DATE":"2023-09-30 00:00:00","REPORT_DATE":"2023-09-30 00:00:00","DATE_TYPE_CODE":"004","REPORT_TYPE":"2023年三季报","PER_NETCASH_OPERATE":0.063606179095,"PER_OI":1.873164218424,"BPS":1.877600621312,"BASIC_EPS":-0.09,"DILUTED_EPS":-0.09,"OPERATE_INCOME":1015753245.59,"OPERATE_INCOME_YOY":-2.1594340007,"GROSS_PROFIT":118851367.88,"GROSS_PROFIT_YOY":-14.430527699158,"HOLDER_PROFIT":-49812689.63,"HOLDER_PROFIT_YOY":-340.4038294742,"GROSS_PROFIT_RATIO":11.700811038114,"EPS_TTM":-0.096319333216,"OPERATE_INCOME_QOQ":-0.788299649175,"NET_PROFIT_RATIO":-5.9443723446,"ROE_AVG":-4.73523589714,"GROSS_PROFIT_QOQ":-8.491850971709,"ROA":-1.945296740763,"HOLDER_PROFIT_QOQ":-137.784944563781,"ROE_YEARLY":-6.313647862853,"ROIC_YEARLY":-2.698491816714,"TOTAL_ASSETS":2686757025.84,"TOTAL_LIABILITIES":1331812194.8,"TAX_EBT":-8.609789292227,"OCF_SALES":3.395654180752,"TOTAL_PARENT_EQUITY":1028297999.34,"DEBT_ASSET_RATIO":49.5695063599,"OPERATE_PROFIT":-43941556.32,"PRETAX_PROFIT":-55593658.19,"NETCASH_OPERATE":34491467.55,"NETCASH_INVEST":-73706838.09,"NETCASH_FINANCE":126628445.26,"END_CASH":351782491.79,"DIVI_RATIO":null,"DIVIDEND_RATE":null,"CURRENT_RATIO":1.662129639272,"COMMON_ACS":null,"CURRENTDEBT_DEBT":55.080451285413,"ISSUED_COMMON_SHARES":547665988,"HK_COMMON_SHARES":100000000,"PER_SHARES":2000,"TOTAL_MARKET_CAP":1730624522.08,"HKSK_MARKET_CAP":316000000,"PE_TTM":-84.194385973947,"PB_TTM":1.47658020943,"REPORT_DATE_SQ":"2022-09-30 00:00:00","REPORT_TYPE_SQ":"2022年三季报","OPERATE_INCOME_SQ":1038171882.2,"DPS_HKD":null,"OPERATE_INCOME_QOQ_SQ":5.761759475346,"NET_PROFIT_RATIO_SQ":2.0588711567,"HOLDER_PROFIT_SQ":20720422.69,"HOLDER_PROFIT_QOQ_SQ":139.058157645459,"ROE_AVG_SQ":2.375107032724,"PE_TTM_SQ":-25.724506094257,"PB_TTM_SQ":1.301707053411,"ROA_SQ":1.012187482809,"START_DATE":"2023-01-01 00:00:00","FISCAL_YEAR":"12-31","CURRENCY":"HKD","IS_CNY_CODE":0,"DPS_HKD_LY":null,"ORG_TYPE":"一般企业","PREMIUM_INCOME":null,"PREMIUM_INCOME_YOY":null,"NET_INTEREST_INCOME":null,"NET_INTEREST_INCOME_YOY":null,"FEE_COMMISSION_INCOME":null,"FEE_COMMISSION_INCOME_YOY":null,"ACCOUNTS_RECE_TDAYS":2.671432732137,"INVENTORY_TDAYS":2.837910133751,"CURRENT_ASSETS_TDAYS":0.890108193906,"TOTAL_ASSETS_TDAYS":0.396674319886,"PREMIUM_EXPENSE":null,"LOAN_DEPOSIT":null,"LOAN_EQUITY":null,"LOAN_ASSETS":null,"DEPOSIT_EQUITY":null,"DEPOSIT_ASSETS":null,"EQUITY_MULTIPLIER":1.982927248614,"EQUITY_RATIO":1.295161709597},{"SECUCODE":"00187.HK","SECURITY_CODE":"00187","SECURITY_NAME_ABBR":"京城机电股份","ORG_CODE":"10004304","STD_REPORT_DATE":"2023-06-30 00:00:00","REPORT_DATE":"2023-06-30 00:00:00","DATE_TYPE_CODE":"002","REPORT_TYPE":"2023年中报","PER_NETCASH_OPERATE":-0.011925694757,"PER_OI":1.154385018372,"BPS":1.914909143381,"BASIC_EPS":-0.05,"DILUTED_EPS":-0.05,"OPERATE_INCOME":625983732.52,"OPERATE_INCOME_YOY":-1.8337314883,"GROSS_PROFIT":79892285.99,"GROSS_PROFIT_YOY":-5.512749899518,"HOLDER_PROFIT":-29690936.02,"HOLDER_PROFIT_YOY":-380.7123311183,"GROSS_PROFIT_RATIO":12.762677660709,"EPS_TTM":-0.040506909886,"OPERATE_INCOME_QOQ":-0.486158693599,"NET_PROFIT_RATIO":-6.1917843207,"ROE_AVG":-2.795298078106,"GROSS_PROFIT_QOQ":-6.418748168717,"ROA":-1.149467284422,"HOLDER_PROFIT_QOQ":-678.607114959592,"ROE_YEARLY":-5.590596156212,"ROIC_YEARLY":-3.210429047935,"TOTAL_ASSETS":2731445014.25,"TOTAL_LIABILITIES":1354037729.94,"TAX_EBT":-20.42865703322,"OCF_SALES":-1.033077748517,"TOTAL_PARENT_EQUITY":1048730607.94,"DEBT_ASSET_RATIO":49.5722126155,"OPERATE_PROFIT":-25894468.33,"PRETAX_PROFIT":-32184667.3,"NETCASH_OPERATE":-6466898.65,"NETCASH_INVEST":-48948528.84,"NETCASH_FINANCE":195759584.01,"END_CASH":405184602.66,"DIVI_RATIO":null,"DIVIDEND_RATE":null,"CURRENT_RATIO":1.699262601553,"COMMON_ACS":null,"CURRENTDEBT_DEBT":55.548409849209,"ISSUED_COMMON_SHARES":547665988,"HK_COMMON_SHARES":100000000,"PER_SHARES":2000,"TOTAL_MARKET_CAP":1708717882.56,"HKSK_MARKET_CAP":312000000,"PE_TTM":-83.128634252757,"PB_TTM":1.457889320703,"REPORT_DATE_SQ":"2022-06-30 00:00:00","REPORT_TYPE_SQ":"2022年中报","OPERATE_INCOME_SQ":637677016.77,"DPS_HKD":null,"OPERATE_INCOME_QOQ_SQ":6.46341617987,"NET_PROFIT_RATIO_SQ":1.3624493421,"HOLDER_PROFIT_SQ":10576997.42,"HOLDER_PROFIT_QOQ_SQ":43.750862881855,"ROE_AVG_SQ":1.329840220542,"PE_TTM_SQ":-26.585177301872,"PB_TTM_SQ":1.345258590514,"ROA_SQ":0.579341100602,"START_DATE":"2023-01-01 00:00:00","FISCAL_YEAR":"12-31","CURRENCY":"HKD","IS_CNY_CODE":0,"DPS_HKD_LY":null,"ORG_TYPE":"一般企业","PREMIUM_INCOME":null,"PREMIUM_INCOME_YOY":null,"NET_INTEREST_INCOME":null,"NET_INTEREST_INCOME_YOY":null,"FEE_COMMISSION_INCOME":null,"FEE_COMMISSION_INCOME_YOY":null,"ACCOUNTS_RECE_TDAYS":1.748442204509,"INVENTORY_TDAYS":1.629581879951,"CURRENT_ASSETS_TDAYS":0.534772183217,"TOTAL_ASSETS_TDAYS":0.242345953872,"PREMIUM_EXPENSE":null,"LOAN_DEPOSIT":null,"LOAN_EQUITY":null,"LOAN_ASSETS":null,"DEPOSIT_EQUITY":null,"DEPOSIT_ASSETS":null,"EQUITY_MULTIPLIER":1.983033664307,"EQUITY_RATIO":1.291120636404},{"SECUCODE":"00187.HK","SECURITY_CODE":"00187","SECURITY_NAME_ABBR":"京城机电股份","ORG_CODE":"10004304","STD_REPORT_DATE":"2023-03-31 00:00:00","REPORT_DATE":"2023-03-31 00:00:00","DATE_TYPE_CODE":"003","REPORT_TYPE":"2023年一季报","PER_NETCASH_OPERATE":0.006915067684,"PER_OI":0.506612271965,"BPS":1.933868622712,"BASIC_EPS":-0.03,"DILUTED_EPS":-0.03,"OPERATE_INCOME":274718604.19,"OPERATE_INCOME_YOY":-1.8038173965,"GROSS_PROFIT":42276197.07,"GROSS_PROFIT_YOY":22.493113296063,"HOLDER_PROFIT":-15756292,"HOLDER_PROFIT_YOY":-1160.3486295195,"GROSS_PROFIT_RATIO":15.388909387717,"EPS_TTM":0.007000762493,"OPERATE_INCOME_QOQ":-0.36774708866,"NET_PROFIT_RATIO":-7.0739921409,"ROE_AVG":-1.476184596417,"GROSS_PROFIT_QOQ":4.17819877149,"ROA":-0.638618871065,"HOLDER_PROFIT_QOQ":-79.258061780706,"ROE_YEARLY":-5.904738385668,"ROIC_YEARLY":-3.462729531582,"TOTAL_ASSETS":2499900848.67,"TOTAL_LIABILITIES":1107099728.17,"TAX_EBT":-21.577508811168,"OCF_SALES":1.364962529952,"TOTAL_PARENT_EQUITY":1059114069.92,"DEBT_ASSET_RATIO":44.285745523,"OPERATE_PROFIT":-11155205.54,"PRETAX_PROFIT":-15984512.81,"NETCASH_OPERATE":3749806.01,"NETCASH_INVEST":-22474117.32,"NETCASH_FINANCE":-6962983.09,"END_CASH":236956066,"DIVI_RATIO":null,"DIVIDEND_RATE":null,"CURRENT_RATIO":1.63163994253,"COMMON_ACS":null,"CURRENTDEBT_DEBT":58.670145190412,"ISSUED_COMMON_SHARES":547665988,"HK_COMMON_SHARES":100000000,"PER_SHARES":2000,"TOTAL_MARKET_CAP":1730624522.08,"HKSK_MARKET_CAP":316000000,"PE_TTM":-84.194385973947,"PB_TTM":1.47658020943,"REPORT_DATE_SQ":"2022-03-31 00:00:00","REPORT_TYPE_SQ":"2022年一季报","OPERATE_INCOME_SQ":279765054.92,"DPS_HKD":null,"OPERATE_INCOME_QOQ_SQ":2.75449363995,"NET_PROFIT_RATIO_SQ":-1.0491277157,"HOLDER_PROFIT_SQ":-1250153.46,"HOLDER_PROFIT_QOQ_SQ":13.012352549487,"ROE_AVG_SQ":-0.184652447656,"PE_TTM_SQ":-25.724506094257,"PB_TTM_SQ":1.301707053411,"ROA_SQ":-0.079413224617,"START_DATE":"2023-01-01 00:00:00","FISCAL_YEAR":"12-31","CURRENCY":"HKD","IS_CNY_CODE":0,"DPS_HKD_LY":null,"ORG_TYPE":"一般企业","PREMIUM_INCOME":null,"PREMIUM_INCOME_YOY":null,"NET_INTEREST_INCOME":null,"NET_INTEREST_INCOME_YOY":null,"FEE_COMMISSION_INCOME":null,"FEE_COMMISSION_INCOME_YOY":null,"ACCOUNTS_RECE_TDAYS":0.795115058614,"INVENTORY_TDAYS":0.698235856526,"CURRENT_ASSETS_TDAYS":0.258821861187,"TOTAL_ASSETS_TDAYS":0.111346302079,"PREMIUM_EXPENSE":null,"LOAN_DEPOSIT":null,"LOAN_EQUITY":null,"LOAN_ASSETS":null,"DEPOSIT_EQUITY":null,"DEPOSIT_ASSETS":null,"EQUITY_MULTIPLIER":1.794872801202,"EQUITY_RATIO":1.045307356037},{"SECUCODE":"00187.HK","SECURITY_CODE":"00187","SECURITY_NAME_ABBR":"京城机电股份","ORG_CODE":"10004304","STD_REPORT_DATE":"2022-12-31 00:00:00","REPORT_DATE":"2022-12-31 00:00:00","DATE_TYPE_CODE":"001","REPORT_TYPE":"2022年年报","PER_NETCASH_OPERATE":0.009633203733,"PER_OI":2.530605390172,"BPS":1.957881420655,"BASIC_EPS":0.04,"DILUTED_EPS":0.04,"OPERATE_INCOME":1372261232.14,"OPERATE_INCOME_YOY":16.0313207226,"GROSS_PROFIT":185799574.28,"GROSS_PROFIT_YOY":43.589278495114,"HOLDER_PROFIT":18315155.1,"HOLDER_PROFIT_YOY":178.6109464664,"GROSS_PROFIT_RATIO":13.539665038139,"EPS_TTM":0.03375172763,"OPERATE_INCOME_QOQ":0.287163344244,"NET_PROFIT_RATIO":1.0241603735,"ROE_AVG":2.091799264463,"GROSS_PROFIT_QOQ":12.773539824629,"ROA":0.914426222468,"HOLDER_PROFIT_QOQ":311.337042257565,"ROE_YEARLY":2.091799264463,"ROIC_YEARLY":1.243936594224,"TOTAL_ASSETS":2496004308.13,"TOTAL_LIABILITIES":1082843575.4,"TAX_EBT":36.743461686259,"OCF_SALES":0.38066795284,"TOTAL_PARENT_EQUITY":1075617865.13,"DEBT_ASSET_RATIO":42.2292054507,"OPERATE_PROFIT":30943426.46,"PRETAX_PROFIT":21777779.89,"NETCASH_OPERATE":5223758.74,"NETCASH_INVEST":-63409608.31,"NETCASH_FINANCE":242886708.61,"END_CASH":263802199.98,"DIVI_RATIO":null,"DIVIDEND_RATE":null,"CURRENT_RATIO":1.715433872872,"COMMON_ACS":null,"CURRENTDEBT_DEBT":57.227568203569,"ISSUED_COMMON_SHARES":547665988,"HK_COMMON_SHARES":100000000,"PER_SHARES":2000,"TOTAL_MARKET_CAP":1730624522.08,"HKSK_MARKET_CAP":316000000,"PE_TTM":-84.194385973947,"PB_TTM":1.47658020943,"REPORT_DATE_SQ":"2021-12-31 00:00:00","REPORT_TYPE_SQ":"2021年年报","OPERATE_INCOME_SQ":1182664494.03,"DPS_HKD":null,"OPERATE_INCOME_QOQ_SQ":5.104123712479,"NET_PROFIT_RATIO_SQ":-3.4866939862,"HOLDER_PROFIT_SQ":-23282271.43,"HOLDER_PROFIT_QOQ_SQ":-112.599593124235,"ROE_AVG_SQ":-3.381278616071,"PE_TTM_SQ":-25.724506094257,"PB_TTM_SQ":1.301707053411,"ROA_SQ":-1.422304674158,"START_DATE":"2022-01-01 00:00:00","FISCAL_YEAR":"12-31","CURRENCY":"HKD","IS_CNY_CODE":0,"DPS_HKD_LY":null,"ORG_TYPE":"一般企业","PREMIUM_INCOME":null,"PREMIUM_INCOME_YOY":null,"NET_INTEREST_INCOME":null,"NET_INTEREST_INCOME_YOY":null,"FEE_COMMISSION_INCOME":null,"FEE_COMMISSION_INCOME_YOY":null,"ACCOUNTS_RECE_TDAYS":5.084929889756,"INVENTORY_TDAYS":3.733990286116,"CURRENT_ASSETS_TDAYS":1.550438792717,"TOTAL_ASSETS_TDAYS":0.685609919841,"PREMIUM_EXPENSE":null,"LOAN_DEPOSIT":null,"LOAN_EQUITY":null,"LOAN_ASSETS":null,"DEPOSIT_EQUITY":null,"DEPOSIT_ASSETS":null,"EQUITY_MULTIPLIER":1.730978443003,"EQUITY_RATIO":1.006717729878},{"SECUCODE":"00187.HK","SECURITY_CODE":"00187","SECURITY_NAME_ABBR":"京城机电股份","ORG_CODE":"10004304","STD_REPORT_DATE":"2022-09-30 00:00:00","REPORT_DATE":"2022-09-30 00:00:00","DATE_TYPE_CODE":"004","REPORT_TYPE":"2022年三季报","PER_NETCASH_OPERATE":-0.080519687102,"PER_OI":1.914506727647,"BPS":1.948529718701,"BASIC_EPS":0.04,"DILUTED_EPS":0.03,"OPERATE_INCOME":1038171882.2,"OPERATE_INCOME_YOY":21.7790512918,"GROSS_PROFIT":138894590.19,"GROSS_PROFIT_YOY":34.150285808107,"HOLDER_PROFIT":20720422.69,"HOLDER_PROFIT_YOY":395.5272003498,"GROSS_PROFIT_RATIO":13.378766326792,"EPS_TTM":0.008205370332,"OPERATE_INCOME_QOQ":5.761759475346,"NET_PROFIT_RATIO":2.0588711567,"ROE_AVG":2.375107032724,"GROSS_PROFIT_QOQ":17.167291381508,"ROA":1.012187482809,"HOLDER_PROFIT_QOQ":139.058157645459,"ROE_YEARLY":3.166809376966,"ROIC_YEARLY":1.371256520826,"TOTAL_ASSETS":2525737950.38,"TOTAL_LIABILITIES":1121547838.35,"TAX_EBT":20.172184227356,"OCF_SALES":-4.205766735608,"TOTAL_PARENT_EQUITY":1067143453.54,"DEBT_ASSET_RATIO":44.4047585452,"OPERATE_PROFIT":30202259.78,"PRETAX_PROFIT":26775906.66,"NETCASH_OPERATE":-43663087.68,"NETCASH_INVEST":35051073.81,"NETCASH_FINANCE":251521532.76,"END_CASH":365648380.4,"DIVI_RATIO":null,"DIVIDEND_RATE":null,"CURRENT_RATIO":1.634282814738,"COMMON_ACS":null,"CURRENTDEBT_DEBT":66.627389556504,"ISSUED_COMMON_SHARES":547665988,"HK_COMMON_SHARES":100000000,"PER_SHARES":2000,"TOTAL_MARKET_CAP":1730624522.08,"HKSK_MARKET_CAP":316000000,"PE_TTM":-84.194385973947,"PB_TTM":1.47658020943,"REPORT_DATE_SQ":"2021-09-30 00:00:00","REPORT_TYPE_SQ":"2021年三季报","OPERATE_INCOME_SQ":852504491.69,"DPS_HKD":null,"OPERATE_INCOME_QOQ_SQ":3.135775948741,"NET_PROFIT_RATIO_SQ":-1.5679944071,"HOLDER_PROFIT_SQ":-7011341.99,"HOLDER_PROFIT_QOQ_SQ":3.112387283152,"ROE_AVG_SQ":-1.007631601812,"PE_TTM_SQ":-25.724506094257,"PB_TTM_SQ":1.301707053411,"ROA_SQ":-0.434758815892,"START_DATE":"2022-01-01 00:00:00","FISCAL_YEAR":"12-31","CURRENCY":"HKD","IS_CNY_CODE":0,"DPS_HKD_LY":null,"ORG_TYPE":"一般企业","PREMIUM_INCOME":null,"PREMIUM_INCOME_YOY":null,"NET_INTEREST_INCOME":null,"NET_INTEREST_INCOME_YOY":null,"FEE_COMMISSION_INCOME":null,"FEE_COMMISSION_INCOME_YOY":null,"ACCOUNTS_RECE_TDAYS":3.531813965897,"INVENTORY_TDAYS":2.635600512396,"CURRENT_ASSETS_TDAYS":1.076740286627,"TOTAL_ASSETS_TDAYS":0.507144376294,"PREMIUM_EXPENSE":null,"LOAN_DEPOSIT":null,"LOAN_EQUITY":null,"LOAN_ASSETS":null,"DEPOSIT_EQUITY":null,"DEPOSIT_ASSETS":null,"EQUITY_MULTIPLIER":1.798715094732,"EQUITY_RATIO":1.050981322736}],"count":79},"success":true,"message":"ok","code":0}