{"version":"766445fbccc539d7d4ebf070293b81eb","result":{"pages":6,"data":[{"SECUCODE":"00181.HK","SECURITY_CODE":"00181","SECURITY_NAME_ABBR":"闽港控股","ORG_CODE":"10007451","STD_REPORT_DATE":"2024-06-30 00:00:00","REPORT_DATE":"2024-06-30 00:00:00","DATE_TYPE_CODE":"002","REPORT_TYPE":"2024年中报","PER_NETCASH_OPERATE":-0.001942015818,"PER_OI":0.010228039844,"BPS":0.284832253183,"BASIC_EPS":-0.016975848,"DILUTED_EPS":-0.016975848,"OPERATE_INCOME":11716690.13168,"OPERATE_INCOME_YOY":-22.7380199081,"GROSS_PROFIT":11716690.13168,"GROSS_PROFIT_YOY":-23.517360473869,"HOLDER_PROFIT":-19396841.2216,"HOLDER_PROFIT_YOY":-4289.4254196794,"GROSS_PROFIT_RATIO":null,"EPS_TTM":-0.035400338291,"OPERATE_INCOME_QOQ":-11.292036742829,"NET_PROFIT_RATIO":-165.5488111711,"ROE_AVG":-5.771832845091,"GROSS_PROFIT_QOQ":-11.292036742829,"ROA":-5.592980747607,"HOLDER_PROFIT_QOQ":-96.018943863182,"ROE_YEARLY":-11.543665690181,"ROIC_YEARLY":-12.433198644424,"TOTAL_ASSETS":337485382.69204,"TOTAL_LIABILITIES":11196934.38724,"TAX_EBT":null,"OCF_SALES":-18.987174937271,"TOTAL_PARENT_EQUITY":326288448.3048,"DEBT_ASSET_RATIO":3.3177538825,"OPERATE_PROFIT":-18368974.61684,"PRETAX_PROFIT":-19396841.2216,"NETCASH_OPERATE":-2224668.45216,"NETCASH_INVEST":-85282.64456,"NETCASH_FINANCE":null,"END_CASH":33553425.265,"DIVI_RATIO":null,"DIVIDEND_RATE":null,"CURRENT_RATIO":3.457563908307,"COMMON_ACS":null,"CURRENTDEBT_DEBT":91.856029653267,"ISSUED_COMMON_SHARES":1145546000,"HK_COMMON_SHARES":1145546000,"PER_SHARES":20000,"TOTAL_MARKET_CAP":85915950,"HKSK_MARKET_CAP":85915950,"PE_TTM":-1.926842513389,"PB_TTM":0.240320396427,"REPORT_DATE_SQ":"2023-06-30 00:00:00","REPORT_TYPE_SQ":"2023年中报","OPERATE_INCOME_SQ":15319411.31252,"DPS_HKD":null,"OPERATE_INCOME_QOQ_SQ":53.090308217271,"NET_PROFIT_RATIO_SQ":3.0530747469,"HOLDER_PROFIT_SQ":467713.07816,"HOLDER_PROFIT_QOQ_SQ":24.015832853329,"ROE_AVG_SQ":0.126115497106,"PE_TTM_SQ":-10.328603981586,"PB_TTM_SQ":0.276437783461,"ROA_SQ":0.122395790793,"START_DATE":"2024-01-01 00:00:00","FISCAL_YEAR":"12-31","CURRENCY":"HKD","IS_CNY_CODE":0,"DPS_HKD_LY":null,"ORG_TYPE":"一般企业","PREMIUM_INCOME":null,"PREMIUM_INCOME_YOY":null,"NET_INTEREST_INCOME":null,"NET_INTEREST_INCOME_YOY":null,"FEE_COMMISSION_INCOME":null,"FEE_COMMISSION_INCOME_YOY":null,"ACCOUNTS_RECE_TDAYS":6.624963811551,"INVENTORY_TDAYS":null,"CURRENT_ASSETS_TDAYS":0.318872093271,"TOTAL_ASSETS_TDAYS":0.033784481495,"PREMIUM_EXPENSE":null,"LOAN_DEPOSIT":null,"LOAN_EQUITY":null,"LOAN_ASSETS":null,"DEPOSIT_EQUITY":null,"DEPOSIT_ASSETS":null,"EQUITY_MULTIPLIER":1.03431606128,"EQUITY_RATIO":0.034316061281},{"SECUCODE":"00181.HK","SECURITY_CODE":"00181","SECURITY_NAME_ABBR":"闽港控股","ORG_CODE":"10007451","STD_REPORT_DATE":"2023-12-31 00:00:00","REPORT_DATE":"2023-12-31 00:00:00","DATE_TYPE_CODE":"001","REPORT_TYPE":"2023年年报","PER_NETCASH_OPERATE":0.001292818259,"PER_OI":0.027851323452,"BPS":0.299756113332,"BASIC_EPS":-0.018033778,"DILUTED_EPS":-0.018033778,"OPERATE_INCOME":31904972.17544,"OPERATE_INCOME_YOY":86.2943135304,"GROSS_PROFIT":31904972.17544,"GROSS_PROFIT_YOY":88.995077420613,"HOLDER_PROFIT":-20688161.62784,"HOLDER_PROFIT_YOY":-59.5568625974,"GROSS_PROFIT_RATIO":null,"EPS_TTM":-0.018059651579,"OPERATE_INCOME_QOQ":23.453326093239,"NET_PROFIT_RATIO":-64.8430643164,"ROE_AVG":-5.842793598678,"GROSS_PROFIT_QOQ":23.453326093239,"ROA":-5.674373712333,"HOLDER_PROFIT_QOQ":-113.031229812173,"ROE_YEARLY":-5.842793598678,"ROIC_YEARLY":-6.293913054135,"TOTAL_ASSETS":353607652.07362,"TOTAL_LIABILITIES":10223235.4707,"TAX_EBT":3.898794539647,"OCF_SALES":4.641855749306,"TOTAL_PARENT_EQUITY":343384416.60292,"DEBT_ASSET_RATIO":2.8911239366,"OPERATE_PROFIT":-20777190.49308,"PRETAX_PROFIT":-21527473.5928,"NETCASH_OPERATE":1480982.78524,"NETCASH_INVEST":-23070.54876,"NETCASH_FINANCE":-1173036.54216,"END_CASH":35771484.8638,"DIVI_RATIO":null,"DIVIDEND_RATE":null,"CURRENT_RATIO":3.683632082977,"COMMON_ACS":null,"CURRENTDEBT_DEBT":100,"ISSUED_COMMON_SHARES":1145546000,"HK_COMMON_SHARES":1145546000,"PER_SHARES":20000,"TOTAL_MARKET_CAP":80188220,"HKSK_MARKET_CAP":80188220,"PE_TTM":-1.798386345829,"PB_TTM":0.224299036665,"REPORT_DATE_SQ":"2022-12-31 00:00:00","REPORT_TYPE_SQ":"2022年年报","OPERATE_INCOME_SQ":16881377.34108,"DPS_HKD":null,"OPERATE_INCOME_QOQ_SQ":16.724408662176,"NET_PROFIT_RATIO_SQ":-75.709022836,"HOLDER_PROFIT_SQ":-12780725.82619,"HOLDER_PROFIT_QOQ_SQ":-543.188209066416,"ROE_AVG_SQ":-3.438608638743,"PE_TTM_SQ":-10.648045341842,"PB_TTM_SQ":0.28498740563,"ROA_SQ":-3.342171065651,"START_DATE":"2023-01-01 00:00:00","FISCAL_YEAR":"12-31","CURRENCY":"HKD","IS_CNY_CODE":0,"DPS_HKD_LY":null,"ORG_TYPE":"一般企业","PREMIUM_INCOME":null,"PREMIUM_INCOME_YOY":null,"NET_INTEREST_INCOME":null,"NET_INTEREST_INCOME_YOY":null,"FEE_COMMISSION_INCOME":null,"FEE_COMMISSION_INCOME_YOY":null,"ACCOUNTS_RECE_TDAYS":24.583676590218,"INVENTORY_TDAYS":null,"CURRENT_ASSETS_TDAYS":0.85304643953,"TOTAL_ASSETS_TDAYS":0.087509339236,"PREMIUM_EXPENSE":null,"LOAN_DEPOSIT":null,"LOAN_EQUITY":null,"LOAN_ASSETS":null,"DEPOSIT_EQUITY":null,"DEPOSIT_ASSETS":null,"EQUITY_MULTIPLIER":1.029771984331,"EQUITY_RATIO":0.029771984331},{"SECUCODE":"00181.HK","SECURITY_CODE":"00181","SECURITY_NAME_ABBR":"闽港控股","ORG_CODE":"10007451","STD_REPORT_DATE":"2023-06-30 00:00:00","REPORT_DATE":"2023-06-30 00:00:00","DATE_TYPE_CODE":"002","REPORT_TYPE":"2023年中报","PER_NETCASH_OPERATE":-0.00035754164,"PER_OI":0.013373021522,"BPS":0.32351605081,"BASIC_EPS":0.000368792,"DILUTED_EPS":0.000368792,"OPERATE_INCOME":15319411.31252,"OPERATE_INCOME_YOY":123.5262416866,"GROSS_PROFIT":15319411.31252,"GROSS_PROFIT_YOY":140.983552555816,"HOLDER_PROFIT":467713.07816,"HOLDER_PROFIT_YOY":116.6750048484,"GROSS_PROFIT_RATIO":null,"EPS_TTM":-0.008477466705,"OPERATE_INCOME_QOQ":53.090308217271,"NET_PROFIT_RATIO":3.0530747469,"ROE_AVG":0.126115497106,"GROSS_PROFIT_QOQ":53.090308217271,"ROA":0.122395790793,"HOLDER_PROFIT_QOQ":24.015832853329,"ROE_YEARLY":0.252230994212,"ROIC_YEARLY":0.270194867193,"TOTAL_ASSETS":382160785.60236,"TOTAL_LIABILITIES":11558267.66092,"TAX_EBT":-285.395315621937,"OCF_SALES":-2.673604010262,"TOTAL_PARENT_EQUITY":370602517.94144,"DEBT_ASSET_RATIO":3.0244515127,"OPERATE_PROFIT":609490.55266,"PRETAX_PROFIT":121359.30542,"NETCASH_OPERATE":-409580.3952,"NETCASH_INVEST":-13453.53216,"NETCASH_FINANCE":null,"END_CASH":35223658.59874,"DIVI_RATIO":null,"DIVIDEND_RATE":null,"CURRENT_RATIO":3.470809702341,"COMMON_ACS":null,"CURRENTDEBT_DEBT":95.608731214833,"ISSUED_COMMON_SHARES":1145546000,"HK_COMMON_SHARES":1145546000,"PER_SHARES":20000,"TOTAL_MARKET_CAP":88207042,"HKSK_MARKET_CAP":88207042,"PE_TTM":-1.978224980412,"PB_TTM":0.246728940331,"REPORT_DATE_SQ":"2022-06-30 00:00:00","REPORT_TYPE_SQ":"2022年中报","OPERATE_INCOME_SQ":6357036.05082,"DPS_HKD":null,"OPERATE_INCOME_QOQ_SQ":-24.753770506333,"NET_PROFIT_RATIO_SQ":-40.9260644883,"HOLDER_PROFIT_SQ":-2601684.6737,"HOLDER_PROFIT_QOQ_SQ":-166.758428021392,"ROE_AVG_SQ":-0.71206605614,"PE_TTM_SQ":-13.523017584139,"PB_TTM_SQ":0.36193400515,"ROA_SQ":-0.691945898762,"START_DATE":"2023-01-01 00:00:00","FISCAL_YEAR":"12-31","CURRENCY":"HKD","IS_CNY_CODE":0,"DPS_HKD_LY":null,"ORG_TYPE":"一般企业","PREMIUM_INCOME":null,"PREMIUM_INCOME_YOY":null,"NET_INTEREST_INCOME":null,"NET_INTEREST_INCOME_YOY":null,"FEE_COMMISSION_INCOME":null,"FEE_COMMISSION_INCOME_YOY":null,"ACCOUNTS_RECE_TDAYS":8.027002128035,"INVENTORY_TDAYS":null,"CURRENT_ASSETS_TDAYS":0.402376426426,"TOTAL_ASSETS_TDAYS":0.040089352846,"PREMIUM_EXPENSE":null,"LOAN_DEPOSIT":null,"LOAN_EQUITY":null,"LOAN_ASSETS":null,"DEPOSIT_EQUITY":null,"DEPOSIT_ASSETS":null,"EQUITY_MULTIPLIER":1.031187774237,"EQUITY_RATIO":0.031187774236},{"SECUCODE":"00181.HK","SECURITY_CODE":"00181","SECURITY_NAME_ABBR":"闽港控股","ORG_CODE":"10007451","STD_REPORT_DATE":"2022-12-31 00:00:00","REPORT_DATE":"2022-12-31 00:00:00","DATE_TYPE_CODE":"001","REPORT_TYPE":"2022年年报","PER_NETCASH_OPERATE":-0.003554982944,"PER_OI":0.014736533794,"BPS":0.313878995575,"BASIC_EPS":-0.011165875,"DILUTED_EPS":-0.011165875,"OPERATE_INCOME":16881377.34108,"OPERATE_INCOME_YOY":-19.3314031848,"GROSS_PROFIT":16881377.34108,"GROSS_PROFIT_YOY":-11.865414044664,"HOLDER_PROFIT":-12780725.82619,"HOLDER_PROFIT_YOY":-493.0088318369,"GROSS_PROFIT_RATIO":null,"EPS_TTM":-0.011156885735,"OPERATE_INCOME_QOQ":16.724408662176,"NET_PROFIT_RATIO":-75.709022836,"ROE_AVG":-3.438608638743,"GROSS_PROFIT_QOQ":16.724408662176,"ROA":-3.342171065651,"HOLDER_PROFIT_QOQ":-543.188209066416,"ROE_YEARLY":-3.438608638743,"ROIC_YEARLY":-3.731106729119,"TOTAL_ASSETS":370204068.42167,"TOTAL_LIABILITIES":10641240.55687,"TAX_EBT":-10.900010378615,"OCF_SALES":-24.12360324184,"TOTAL_PARENT_EQUITY":359562827.8648,"DEBT_ASSET_RATIO":2.8744256113,"OPERATE_PROFIT":-15308350.30956,"PRETAX_PROFIT":-11524548.80983,"NETCASH_OPERATE":-4072396.49152,"NETCASH_INVEST":-551154.73616,"NETCASH_FINANCE":-1178482.1783,"END_CASH":35490471.95939,"DIVI_RATIO":null,"DIVIDEND_RATE":null,"CURRENT_RATIO":3.816966292888,"COMMON_ACS":null,"CURRENTDEBT_DEBT":90.141488721137,"ISSUED_COMMON_SHARES":1145546000,"HK_COMMON_SHARES":1145546000,"PER_SHARES":20000,"TOTAL_MARKET_CAP":80188220,"HKSK_MARKET_CAP":80188220,"PE_TTM":-1.798386345829,"PB_TTM":0.224299036665,"REPORT_DATE_SQ":"2021-12-31 00:00:00","REPORT_TYPE_SQ":"2021年年报","OPERATE_INCOME_SQ":19154089.3488,"DPS_HKD":null,"OPERATE_INCOME_QOQ_SQ":-25.660931144593,"NET_PROFIT_RATIO_SQ":15.5399577406,"HOLDER_PROFIT_SQ":2976537.3904,"HOLDER_PROFIT_QOQ_SQ":-48.172718266326,"ROE_AVG_SQ":0.854029796656,"PE_TTM_SQ":-10.648045341842,"PB_TTM_SQ":0.28498740563,"ROA_SQ":0.826213072907,"START_DATE":"2022-01-01 00:00:00","FISCAL_YEAR":"12-31","CURRENCY":"HKD","IS_CNY_CODE":0,"DPS_HKD_LY":null,"ORG_TYPE":"一般企业","PREMIUM_INCOME":null,"PREMIUM_INCOME_YOY":null,"NET_INTEREST_INCOME":null,"NET_INTEREST_INCOME_YOY":null,"FEE_COMMISSION_INCOME":null,"FEE_COMMISSION_INCOME_YOY":null,"ACCOUNTS_RECE_TDAYS":13.080987843344,"INVENTORY_TDAYS":null,"CURRENT_ASSETS_TDAYS":0.407644660178,"TOTAL_ASSETS_TDAYS":0.044144950502,"PREMIUM_EXPENSE":null,"LOAN_DEPOSIT":null,"LOAN_EQUITY":null,"LOAN_ASSETS":null,"DEPOSIT_EQUITY":null,"DEPOSIT_ASSETS":null,"EQUITY_MULTIPLIER":1.029594940667,"EQUITY_RATIO":0.029594940667},{"SECUCODE":"00181.HK","SECURITY_CODE":"00181","SECURITY_NAME_ABBR":"闽港控股","ORG_CODE":"10007451","STD_REPORT_DATE":"2022-06-30 00:00:00","REPORT_DATE":"2022-06-30 00:00:00","DATE_TYPE_CODE":"002","REPORT_TYPE":"2022年中报","PER_NETCASH_OPERATE":-0.002962985583,"PER_OI":0.005549350311,"BPS":0.317141961046,"BASIC_EPS":-0.002309013,"DILUTED_EPS":-0.002309013,"OPERATE_INCOME":6357036.05082,"OPERATE_INCOME_YOY":-44.2689851317,"GROSS_PROFIT":6357036.05082,"GROSS_PROFIT_YOY":-42.721124645231,"HOLDER_PROFIT":-2601684.6737,"HOLDER_PROFIT_YOY":-207.1736067075,"GROSS_PROFIT_RATIO":null,"EPS_TTM":-0.001734622242,"OPERATE_INCOME_QOQ":-24.753770506333,"NET_PROFIT_RATIO":-40.9260644883,"ROE_AVG":-0.71206605614,"GROSS_PROFIT_QOQ":-24.753770506333,"ROA":-0.691945898762,"HOLDER_PROFIT_QOQ":-166.758428021392,"ROE_YEARLY":-1.424132112281,"ROIC_YEARLY":-1.548163547841,"TOTAL_ASSETS":374201320.95913,"TOTAL_LIABILITIES":10900616.05094,"TAX_EBT":6.955826015044,"OCF_SALES":-53.393377904663,"TOTAL_PARENT_EQUITY":363300704.90819,"DEBT_ASSET_RATIO":2.9130351606,"OPERATE_PROFIT":-5479627.35943,"PRETAX_PROFIT":-2796182.24578,"NETCASH_OPERATE":-3394236.28215,"NETCASH_INVEST":-28223.83557,"NETCASH_FINANCE":null,"END_CASH":37442617.00795,"DIVI_RATIO":null,"DIVIDEND_RATE":null,"CURRENT_RATIO":4.256851327678,"COMMON_ACS":null,"CURRENTDEBT_DEBT":83.929118640786,"ISSUED_COMMON_SHARES":1145546000,"HK_COMMON_SHARES":1145546000,"PER_SHARES":20000,"TOTAL_MARKET_CAP":88207042,"HKSK_MARKET_CAP":88207042,"PE_TTM":-1.978224980412,"PB_TTM":0.246728940331,"REPORT_DATE_SQ":"2021-06-30 00:00:00","REPORT_TYPE_SQ":"2021年中报","OPERATE_INCOME_SQ":11098395.3708,"DPS_HKD":null,"OPERATE_INCOME_QOQ_SQ":19.17008291728,"NET_PROFIT_RATIO_SQ":21.2818358789,"HOLDER_PROFIT_SQ":2361942.288,"HOLDER_PROFIT_QOQ_SQ":236.584212781755,"ROE_AVG_SQ":0.667328996063,"PE_TTM_SQ":-13.523017584139,"PB_TTM_SQ":0.36193400515,"ROA_SQ":0.643903109182,"START_DATE":"2022-01-01 00:00:00","FISCAL_YEAR":"12-31","CURRENCY":"HKD","IS_CNY_CODE":0,"DPS_HKD_LY":null,"ORG_TYPE":"一般企业","PREMIUM_INCOME":null,"PREMIUM_INCOME_YOY":null,"NET_INTEREST_INCOME":null,"NET_INTEREST_INCOME_YOY":null,"FEE_COMMISSION_INCOME":null,"FEE_COMMISSION_INCOME_YOY":null,"ACCOUNTS_RECE_TDAYS":4.330084668012,"INVENTORY_TDAYS":null,"CURRENT_ASSETS_TDAYS":0.152838978288,"TOTAL_ASSETS_TDAYS":0.016907218112,"PREMIUM_EXPENSE":null,"LOAN_DEPOSIT":null,"LOAN_EQUITY":null,"LOAN_ASSETS":null,"DEPOSIT_EQUITY":null,"DEPOSIT_ASSETS":null,"EQUITY_MULTIPLIER":1.030004390038,"EQUITY_RATIO":0.030004390037},{"SECUCODE":"00181.HK","SECURITY_CODE":"00181","SECURITY_NAME_ABBR":"闽港控股","ORG_CODE":"10007451","STD_REPORT_DATE":"2021-12-31 00:00:00","REPORT_DATE":"2021-12-31 00:00:00","DATE_TYPE_CODE":"001","REPORT_TYPE":"2021年年报","PER_NETCASH_OPERATE":-0.003332338118,"PER_OI":0.01672048905,"BPS":0.306657999093,"BASIC_EPS":0.00261632,"DILUTED_EPS":0.00261632,"OPERATE_INCOME":19154089.3488,"OPERATE_INCOME_YOY":-8.8052486779,"GROSS_PROFIT":19154089.3488,"GROSS_PROFIT_YOY":-11.410070005078,"HOLDER_PROFIT":2976537.3904,"HOLDER_PROFIT_YOY":79.5716024069,"GROSS_PROFIT_RATIO":null,"EPS_TTM":0.002598356932,"OPERATE_INCOME_QOQ":-25.660931144593,"NET_PROFIT_RATIO":15.5399577406,"ROE_AVG":0.854029796656,"GROSS_PROFIT_QOQ":-25.660931144593,"ROA":0.826213072907,"HOLDER_PROFIT_QOQ":-48.172718266326,"ROE_YEARLY":0.854029796656,"ROIC_YEARLY":0.938236851407,"TOTAL_ASSETS":361183666.872,"TOTAL_LIABILITIES":9892822.6432,"TAX_EBT":-35.683932061486,"OCF_SALES":-19.929668970867,"TOTAL_PARENT_EQUITY":351290844.2288,"DEBT_ASSET_RATIO":2.7390005558,"OPERATE_PROFIT":-3789107.5152,"PRETAX_PROFIT":2193728.7232,"NETCASH_OPERATE":-3817346.6016,"NETCASH_INVEST":-956262.5072,"NETCASH_FINANCE":-1180287.36,"END_CASH":40487771.1168,"DIVI_RATIO":null,"DIVIDEND_RATE":null,"CURRENT_RATIO":4.837915862294,"COMMON_ACS":null,"CURRENTDEBT_DEBT":88.37406172251,"ISSUED_COMMON_SHARES":1145546000,"HK_COMMON_SHARES":1145546000,"PER_SHARES":20000,"TOTAL_MARKET_CAP":80188220,"HKSK_MARKET_CAP":80188220,"PE_TTM":-1.798386345829,"PB_TTM":0.224299036665,"REPORT_DATE_SQ":"2020-12-31 00:00:00","REPORT_TYPE_SQ":"2020年年报","OPERATE_INCOME_SQ":21621068.38768,"DPS_HKD":null,"OPERATE_INCOME_QOQ_SQ":-21.58221305366,"NET_PROFIT_RATIO_SQ":7.8919080897,"HOLDER_PROFIT_SQ":1706314.84516,"HOLDER_PROFIT_QOQ_SQ":-66.996877099,"ROE_AVG_SQ":0.486146005198,"PE_TTM_SQ":-10.648045341842,"PB_TTM_SQ":0.28498740563,"ROA_SQ":0.466163698528,"START_DATE":"2021-01-01 00:00:00","FISCAL_YEAR":"12-31","CURRENCY":"HKD","IS_CNY_CODE":0,"DPS_HKD_LY":null,"ORG_TYPE":"一般企业","PREMIUM_INCOME":null,"PREMIUM_INCOME_YOY":null,"NET_INTEREST_INCOME":null,"NET_INTEREST_INCOME_YOY":null,"FEE_COMMISSION_INCOME":null,"FEE_COMMISSION_INCOME_YOY":null,"ACCOUNTS_RECE_TDAYS":11.270265257981,"INVENTORY_TDAYS":null,"CURRENT_ASSETS_TDAYS":0.426117717373,"TOTAL_ASSETS_TDAYS":0.053167008991,"PREMIUM_EXPENSE":null,"LOAN_DEPOSIT":null,"LOAN_EQUITY":null,"LOAN_ASSETS":null,"DEPOSIT_EQUITY":null,"DEPOSIT_ASSETS":null,"EQUITY_MULTIPLIER":1.028161344953,"EQUITY_RATIO":0.028161344953},{"SECUCODE":"00181.HK","SECURITY_CODE":"00181","SECURITY_NAME_ABBR":"闽港控股","ORG_CODE":"10007451","STD_REPORT_DATE":"2021-06-30 00:00:00","REPORT_DATE":"2021-06-30 00:00:00","DATE_TYPE_CODE":"002","REPORT_TYPE":"2021年中报","PER_NETCASH_OPERATE":-0.002477900836,"PER_OI":0.009688301797,"BPS":0.310759736883,"BASIC_EPS":0.0020802,"DILUTED_EPS":0.0020802,"OPERATE_INCOME":11098395.3708,"OPERATE_INCOME_YOY":75.2121690437,"GROSS_PROFIT":11098395.3708,"GROSS_PROFIT_YOY":59.606040482046,"HOLDER_PROFIT":2361942.288,"HOLDER_PROFIT_YOY":254.8059880566,"GROSS_PROFIT_RATIO":null,"EPS_TTM":0.005013492596,"OPERATE_INCOME_QOQ":19.17008291728,"NET_PROFIT_RATIO":21.2818358789,"ROE_AVG":0.667328996063,"GROSS_PROFIT_QOQ":19.17008291728,"ROA":0.643903109182,"HOLDER_PROFIT_QOQ":236.584212781755,"ROE_YEARLY":1.334657992126,"ROIC_YEARLY":1.468873500157,"TOTAL_ASSETS":367927050.0396,"TOTAL_LIABILITIES":11937476.49192,"TAX_EBT":-17.649204274265,"OCF_SALES":-25.576214365802,"TOTAL_PARENT_EQUITY":355989573.54768,"DEBT_ASSET_RATIO":3.2445226549,"OPERATE_PROFIT":-1423618.1532,"PRETAX_PROFIT":2007614.33328,"NETCASH_OPERATE":-2838549.3912,"NETCASH_INVEST":-93370.19304,"NETCASH_FINANCE":null,"END_CASH":44086330.95072,"DIVI_RATIO":null,"DIVIDEND_RATE":null,"CURRENT_RATIO":4.512166091228,"COMMON_ACS":null,"CURRENTDEBT_DEBT":86.489210750265,"ISSUED_COMMON_SHARES":1145546000,"HK_COMMON_SHARES":1145546000,"PER_SHARES":20000,"TOTAL_MARKET_CAP":88207042,"HKSK_MARKET_CAP":88207042,"PE_TTM":-1.978224980412,"PB_TTM":0.246728940331,"REPORT_DATE_SQ":"2020-06-30 00:00:00","REPORT_TYPE_SQ":"2020年中报","OPERATE_INCOME_SQ":6953618.63328,"DPS_HKD":null,"OPERATE_INCOME_QOQ_SQ":-26.723566622936,"NET_PROFIT_RATIO_SQ":-24.087160144,"HOLDER_PROFIT_SQ":-1674929.256,"HOLDER_PROFIT_QOQ_SQ":-39.001547505059,"ROE_AVG_SQ":-0.447381309445,"PE_TTM_SQ":-13.523017584139,"PB_TTM_SQ":0.36193400515,"ROA_SQ":-0.428992927563,"START_DATE":"2021-01-01 00:00:00","FISCAL_YEAR":"12-31","CURRENCY":"HKD","IS_CNY_CODE":0,"DPS_HKD_LY":null,"ORG_TYPE":"一般企业","PREMIUM_INCOME":null,"PREMIUM_INCOME_YOY":null,"NET_INTEREST_INCOME":null,"NET_INTEREST_INCOME_YOY":null,"FEE_COMMISSION_INCOME":null,"FEE_COMMISSION_INCOME_YOY":null,"ACCOUNTS_RECE_TDAYS":5.388223469641,"INVENTORY_TDAYS":null,"CURRENT_ASSETS_TDAYS":0.233567837996,"TOTAL_ASSETS_TDAYS":0.030255994494,"PREMIUM_EXPENSE":null,"LOAN_DEPOSIT":null,"LOAN_EQUITY":null,"LOAN_ASSETS":null,"DEPOSIT_EQUITY":null,"DEPOSIT_ASSETS":null,"EQUITY_MULTIPLIER":1.033533219451,"EQUITY_RATIO":0.033533219451},{"SECUCODE":"00181.HK","SECURITY_CODE":"00181","SECURITY_NAME_ABBR":"闽港控股","ORG_CODE":"10007451","STD_REPORT_DATE":"2020-12-31 00:00:00","REPORT_DATE":"2020-12-31 00:00:00","DATE_TYPE_CODE":"001","REPORT_TYPE":"2020年年报","PER_NETCASH_OPERATE":-0.000433927897,"PER_OI":0.018874028968,"BPS":0.310710176353,"BASIC_EPS":0.001514952,"DILUTED_EPS":0.001514952,"OPERATE_INCOME":21621068.38768,"OPERATE_INCOME_YOY":-38.841912159,"GROSS_PROFIT":21621068.38768,"GROSS_PROFIT_YOY":-42.538242592498,"HOLDER_PROFIT":1706314.84516,"HOLDER_PROFIT_YOY":-78.5736177743,"GROSS_PROFIT_RATIO":null,"EPS_TTM":0.001489521019,"OPERATE_INCOME_QOQ":-21.58221305366,"NET_PROFIT_RATIO":7.8919080897,"ROE_AVG":0.486146005198,"GROSS_PROFIT_QOQ":-21.58221305366,"ROA":0.466163698528,"HOLDER_PROFIT_QOQ":-66.996877099,"ROE_YEARLY":0.486146005198,"ROIC_YEARLY":0.534826058836,"TOTAL_ASSETS":369907471.87964,"TOTAL_LIABILITIES":13974672.19908,"TAX_EBT":-82.929148834998,"OCF_SALES":-2.299074023758,"TOTAL_PARENT_EQUITY":355932799.68056,"DEBT_ASSET_RATIO":3.7778831901,"OPERATE_PROFIT":-7158330.83588,"PRETAX_PROFIT":932773.62084,"NETCASH_OPERATE":-497084.36696,"NETCASH_INVEST":-532114.2654,"NETCASH_FINANCE":-1214991.504,"END_CASH":46880718.18992,"DIVI_RATIO":null,"DIVIDEND_RATE":null,"CURRENT_RATIO":4.158810822023,"COMMON_ACS":null,"CURRENTDEBT_DEBT":84.317695807246,"ISSUED_COMMON_SHARES":1145546000,"HK_COMMON_SHARES":1145546000,"PER_SHARES":20000,"TOTAL_MARKET_CAP":80188220,"HKSK_MARKET_CAP":80188220,"PE_TTM":-1.798386345829,"PB_TTM":0.224299036665,"REPORT_DATE_SQ":"2019-12-31 00:00:00","REPORT_TYPE_SQ":"2019年年报","OPERATE_INCOME_SQ":37626883.27534,"DPS_HKD":null,"OPERATE_INCOME_QOQ_SQ":3.815309559638,"NET_PROFIT_RATIO_SQ":22.5261550502,"HOLDER_PROFIT_SQ":8475890.06716,"HOLDER_PROFIT_QOQ_SQ":-5.524106377854,"ROE_AVG_SQ":2.320355605858,"PE_TTM_SQ":-10.648045341842,"PB_TTM_SQ":0.28498740563,"ROA_SQ":2.223999364852,"START_DATE":"2020-01-01 00:00:00","FISCAL_YEAR":"12-31","CURRENCY":"HKD","IS_CNY_CODE":0,"DPS_HKD_LY":null,"ORG_TYPE":"一般企业","PREMIUM_INCOME":null,"PREMIUM_INCOME_YOY":null,"NET_INTEREST_INCOME":null,"NET_INTEREST_INCOME_YOY":null,"FEE_COMMISSION_INCOME":null,"FEE_COMMISSION_INCOME_YOY":null,"ACCOUNTS_RECE_TDAYS":13.199016080532,"INVENTORY_TDAYS":null,"CURRENT_ASSETS_TDAYS":0.442242353885,"TOTAL_ASSETS_TDAYS":0.059068566591,"PREMIUM_EXPENSE":null,"LOAN_DEPOSIT":null,"LOAN_EQUITY":null,"LOAN_ASSETS":null,"DEPOSIT_EQUITY":null,"DEPOSIT_ASSETS":null,"EQUITY_MULTIPLIER":1.039262108498,"EQUITY_RATIO":0.039262108498},{"SECUCODE":"00181.HK","SECURITY_CODE":"00181","SECURITY_NAME_ABBR":"闽港控股","ORG_CODE":"10007451","STD_REPORT_DATE":"2020-06-30 00:00:00","REPORT_DATE":"2020-06-30 00:00:00","DATE_TYPE_CODE":"002","REPORT_TYPE":"2020年中报","PER_NETCASH_OPERATE":-0.004399085946,"PER_OI":0.006070134794,"BPS":0.32578874845,"BASIC_EPS":-0.001461504,"DILUTED_EPS":-0.001461504,"OPERATE_INCOME":6953618.63328,"OPERATE_INCOME_YOY":-60.6295497066,"GROSS_PROFIT":6953618.63328,"GROSS_PROFIT_YOY":-59.117677152498,"HOLDER_PROFIT":-1674929.256,"HOLDER_PROFIT_YOY":-198.9078681286,"GROSS_PROFIT_RATIO":null,"EPS_TTM":0.004513272951,"OPERATE_INCOME_QOQ":-26.723566622936,"NET_PROFIT_RATIO":-24.087160144,"ROE_AVG":-0.447381309445,"GROSS_PROFIT_QOQ":-26.723566622936,"ROA":-0.428992927563,"HOLDER_PROFIT_QOQ":-39.001547505059,"ROE_YEARLY":-0.894762618889,"ROIC_YEARLY":-0.979397415412,"TOTAL_ASSETS":387810660.95376,"TOTAL_LIABILITIES":14604663.3216,"TAX_EBT":14.21616786525,"OCF_SALES":-72.470976262656,"TOTAL_PARENT_EQUITY":373205997.63216,"DEBT_ASSET_RATIO":3.7659262089,"OPERATE_PROFIT":-5810149.7784,"PRETAX_PROFIT":-1952499.92256,"NETCASH_OPERATE":-5039355.30912,"NETCASH_INVEST":-10941.18432,"NETCASH_FINANCE":null,"END_CASH":45678119.13456,"DIVI_RATIO":null,"DIVIDEND_RATE":null,"CURRENT_RATIO":4.35052251977,"COMMON_ACS":null,"CURRENTDEBT_DEBT":74.185033874051,"ISSUED_COMMON_SHARES":1145546000,"HK_COMMON_SHARES":1145546000,"PER_SHARES":20000,"TOTAL_MARKET_CAP":80188220,"HKSK_MARKET_CAP":80188220,"PE_TTM":-1.798386345829,"PB_TTM":0.224299036665,"REPORT_DATE_SQ":"2019-06-30 00:00:00","REPORT_TYPE_SQ":"2019年中报","OPERATE_INCOME_SQ":17008863.8535,"DPS_HKD":null,"OPERATE_INCOME_QOQ_SQ":5.668827884244,"NET_PROFIT_RATIO_SQ":9.5879363199,"HOLDER_PROFIT_SQ":1630799.03502,"HOLDER_PROFIT_QOQ_SQ":8.745433331743,"ROE_AVG_SQ":0.45744008296,"PE_TTM_SQ":-10.648045341842,"PB_TTM_SQ":0.28498740563,"ROA_SQ":0.439483201008,"START_DATE":"2020-01-01 00:00:00","FISCAL_YEAR":"12-31","CURRENCY":"HKD","IS_CNY_CODE":0,"DPS_HKD_LY":null,"ORG_TYPE":"一般企业","PREMIUM_INCOME":null,"PREMIUM_INCOME_YOY":null,"NET_INTEREST_INCOME":null,"NET_INTEREST_INCOME_YOY":null,"FEE_COMMISSION_INCOME":null,"FEE_COMMISSION_INCOME_YOY":null,"ACCOUNTS_RECE_TDAYS":5.107658842703,"INVENTORY_TDAYS":null,"CURRENT_ASSETS_TDAYS":0.138972108949,"TOTAL_ASSETS_TDAYS":0.017810025134,"PREMIUM_EXPENSE":null,"LOAN_DEPOSIT":null,"LOAN_EQUITY":null,"LOAN_ASSETS":null,"DEPOSIT_EQUITY":null,"DEPOSIT_ASSETS":null,"EQUITY_MULTIPLIER":1.039132981288,"EQUITY_RATIO":0.039132981287}],"count":50},"success":true,"message":"ok","code":0}