{"version":"0fb55ca49e56ea0b182aee2a72633e1b","result":{"pages":6,"data":[{"SECUCODE":"00186.HK","SECURITY_CODE":"00186","SECURITY_NAME_ABBR":"敏捷控股","ORG_CODE":"10007456","STD_REPORT_DATE":"2024-06-30 00:00:00","REPORT_DATE":"2024-09-30 00:00:00","DATE_TYPE_CODE":"002","REPORT_TYPE":"2024年中报","PER_NETCASH_OPERATE":-0.006403554021,"PER_OI":0.21887019256,"BPS":0.056318436645,"BASIC_EPS":0.004418771,"DILUTED_EPS":0.004418771,"OPERATE_INCOME":1202086070,"OPERATE_INCOME_YOY":23.8847583643,"GROSS_PROFIT":119036280,"GROSS_PROFIT_YOY":-24.139511950217,"HOLDER_PROFIT":24348330,"HOLDER_PROFIT_YOY":-74.2857142857,"GROSS_PROFIT_RATIO":9.902475618905,"EPS_TTM":0.021787969013,"OPERATE_INCOME_QOQ":0,"NET_PROFIT_RATIO":1.5003750938,"ROE_AVG":8.282208588957,"GROSS_PROFIT_QOQ":0,"ROA":0.743699214984,"HOLDER_PROFIT_QOQ":0,"ROE_YEARLY":16.564417177914,"ROIC_YEARLY":2.169546002411,"TOTAL_ASSETS":2710780740,"TOTAL_LIABILITIES":2350064740,"TAX_EBT":58.333333333333,"OCF_SALES":-2.925731432858,"TOTAL_PARENT_EQUITY":309313970,"DEBT_ASSET_RATIO":86.6932801065,"OPERATE_PROFIT":44187710,"PRETAX_PROFIT":43285920,"NETCASH_OPERATE":-35169810,"NETCASH_INVEST":174947260,"NETCASH_FINANCE":-303903230,"END_CASH":102804060,"DIVI_RATIO":null,"DIVIDEND_RATE":null,"CURRENT_RATIO":1.151806302844,"COMMON_ACS":20000000000,"CURRENTDEBT_DEBT":99.846508058327,"ISSUED_COMMON_SHARES":5492232889,"HK_COMMON_SHARES":5492232889,"PER_SHARES":30000,"TOTAL_MARKET_CAP":1263213564.47,"HKSK_MARKET_CAP":1263213564.47,"PE_TTM":23.392843786481,"PB_TTM":3.682838380379,"REPORT_DATE_SQ":"2023-06-30 00:00:00","REPORT_TYPE_SQ":"2023年中报","OPERATE_INCOME_SQ":987369880,"DPS_HKD":null,"OPERATE_INCOME_QOQ_SQ":0,"NET_PROFIT_RATIO_SQ":10.2230483271,"HOLDER_PROFIT_SQ":96351150,"HOLDER_PROFIT_QOQ_SQ":0,"ROE_AVG_SQ":44.21052631579,"PE_TTM_SQ":38.07115979875,"PB_TTM_SQ":5.83669348831,"ROA_SQ":1.586342347787,"START_DATE":"2024-04-01 00:00:00","FISCAL_YEAR":"3-31","CURRENCY":"HKD","IS_CNY_CODE":0,"DPS_HKD_LY":null,"ORG_TYPE":"一般企业","PREMIUM_INCOME":null,"PREMIUM_INCOME_YOY":null,"NET_INTEREST_INCOME":null,"NET_INTEREST_INCOME_YOY":null,"FEE_COMMISSION_INCOME":null,"FEE_COMMISSION_INCOME_YOY":null,"ACCOUNTS_RECE_TDAYS":35.078947368421,"INVENTORY_TDAYS":0.511390249095,"CURRENT_ASSETS_TDAYS":0.367927132211,"TOTAL_ASSETS_TDAYS":0.367167056879,"PREMIUM_EXPENSE":null,"LOAN_DEPOSIT":null,"LOAN_EQUITY":null,"LOAN_ASSETS":null,"DEPOSIT_EQUITY":null,"DEPOSIT_ASSETS":null,"EQUITY_MULTIPLIER":7.515000000026,"EQUITY_RATIO":7.597667638484},{"SECUCODE":"00186.HK","SECURITY_CODE":"00186","SECURITY_NAME_ABBR":"敏捷控股","ORG_CODE":"10007456","STD_REPORT_DATE":"2023-12-31 00:00:00","REPORT_DATE":"2024-03-31 00:00:00","DATE_TYPE_CODE":"001","REPORT_TYPE":"2023年年报","PER_NETCASH_OPERATE":0.103327792442,"PER_OI":0.36808462803,"BPS":0.051003654736,"BASIC_EPS":0.0217572,"DILUTED_EPS":0.0217572,"OPERATE_INCOME":2021606500,"OPERATE_INCOME_YOY":285.1468048359,"GROSS_PROFIT":367152750,"GROSS_PROFIT_YOY":451.850816970574,"HOLDER_PROFIT":119664600,"HOLDER_PROFIT_YOY":251.724137931,"GROSS_PROFIT_RATIO":18.161434977579,"EPS_TTM":0.007957768886,"OPERATE_INCOME_QOQ":0,"NET_PROFIT_RATIO":6.2331838565,"ROE_AVG":53.118712273642,"GROSS_PROFIT_QOQ":0,"ROA":2.154926128479,"HOLDER_PROFIT_QOQ":0,"ROE_YEARLY":53.118712273642,"ROIC_YEARLY":2.875190590285,"TOTAL_ASSETS":3857370250,"TOTAL_LIABILITIES":3519227100,"TAX_EBT":35.046728971963,"OCF_SALES":28.071748878924,"TOTAL_PARENT_EQUITY":280123950,"DEBT_ASSET_RATIO":91.2338425382,"OPERATE_PROFIT":194908250,"PRETAX_PROFIT":194001700,"NETCASH_OPERATE":567500300,"NETCASH_INVEST":14504800,"NETCASH_FINANCE":-612827800,"END_CASH":267432250,"DIVI_RATIO":null,"DIVIDEND_RATE":null,"CURRENT_RATIO":1.277510523151,"COMMON_ACS":20000000000,"CURRENTDEBT_DEBT":85.677485832045,"ISSUED_COMMON_SHARES":5492232889,"HK_COMMON_SHARES":5492232889,"PER_SHARES":30000,"TOTAL_MARKET_CAP":1482902880.03,"HKSK_MARKET_CAP":1482902880.03,"PE_TTM":27.461164445,"PB_TTM":4.323332011749,"REPORT_DATE_SQ":"2022-12-31 00:00:00","REPORT_TYPE_SQ":"2022年年报","OPERATE_INCOME_SQ":506862390,"DPS_HKD":null,"OPERATE_INCOME_QOQ_SQ":0,"NET_PROFIT_RATIO_SQ":-25.2158894646,"HOLDER_PROFIT_SQ":-76160670,"HOLDER_PROFIT_QOQ_SQ":0,"ROE_AVG_SQ":-36.786469344609,"PE_TTM_SQ":-18.307442963333,"PB_TTM_SQ":5.549642988885,"ROA_SQ":-1.007002720065,"START_DATE":"2023-04-01 00:00:00","FISCAL_YEAR":"3-31","CURRENCY":"HKD","IS_CNY_CODE":0,"DPS_HKD_LY":null,"ORG_TYPE":"一般企业","PREMIUM_INCOME":null,"PREMIUM_INCOME_YOY":null,"NET_INTEREST_INCOME":null,"NET_INTEREST_INCOME_YOY":null,"FEE_COMMISSION_INCOME":null,"FEE_COMMISSION_INCOME_YOY":null,"ACCOUNTS_RECE_TDAYS":45.979381443299,"INVENTORY_TDAYS":0.41420789832,"CURRENT_ASSETS_TDAYS":0.364826175869,"TOTAL_ASSETS_TDAYS":0.364051914129,"PREMIUM_EXPENSE":null,"LOAN_DEPOSIT":null,"LOAN_EQUITY":null,"LOAN_ASSETS":null,"DEPOSIT_EQUITY":null,"DEPOSIT_ASSETS":null,"EQUITY_MULTIPLIER":11.407506702425,"EQUITY_RATIO":12.563106796117},{"SECUCODE":"00186.HK","SECURITY_CODE":"00186","SECURITY_NAME_ABBR":"敏捷控股","ORG_CODE":"10007456","STD_REPORT_DATE":"2023-06-30 00:00:00","REPORT_DATE":"2023-09-30 00:00:00","DATE_TYPE_CODE":"002","REPORT_TYPE":"2023年中报","PER_NETCASH_OPERATE":0.076521616707,"PER_OI":0.179775675933,"BPS":0.047951318766,"BASIC_EPS":0.017526733,"DILUTED_EPS":0.017526733,"OPERATE_INCOME":987369880,"OPERATE_INCOME_YOY":361.8025751073,"GROSS_PROFIT":156914730,"GROSS_PROFIT_YOY":381.927214630047,"HOLDER_PROFIT":96351150,"HOLDER_PROFIT_YOY":503.8461538462,"GROSS_PROFIT_RATIO":15.89219330855,"EPS_TTM":-0.013866977519,"OPERATE_INCOME_QOQ":0,"NET_PROFIT_RATIO":10.2230483271,"ROE_AVG":44.21052631579,"GROSS_PROFIT_QOQ":0,"ROA":1.586342347787,"HOLDER_PROFIT_QOQ":0,"ROE_YEARLY":88.421052631579,"ROIC_YEARLY":4.166666666667,"TOTAL_ASSETS":4810216460,"TOTAL_LIABILITIES":4490881220,"TAX_EBT":27.631578947368,"OCF_SALES":42.565055762082,"TOTAL_PARENT_EQUITY":263359810,"DEBT_ASSET_RATIO":93.3613124762,"OPERATE_PROFIT":139479760,"PRETAX_PROFIT":139479760,"NETCASH_OPERATE":420274540,"NETCASH_INVEST":-24776010,"NETCASH_FINANCE":-366134370,"END_CASH":328511540,"DIVI_RATIO":null,"DIVIDEND_RATE":null,"CURRENT_RATIO":1.373424369748,"COMMON_ACS":20000000000,"CURRENTDEBT_DEBT":77.809562729873,"ISSUED_COMMON_SHARES":5492232889,"HK_COMMON_SHARES":5492232889,"PER_SHARES":30000,"TOTAL_MARKET_CAP":1482902880.03,"HKSK_MARKET_CAP":1482902880.03,"PE_TTM":27.461164445,"PB_TTM":4.323332011749,"REPORT_DATE_SQ":"2022-06-30 00:00:00","REPORT_TYPE_SQ":"2022年中报","OPERATE_INCOME_SQ":210734520,"DPS_HKD":null,"OPERATE_INCOME_QOQ_SQ":0,"NET_PROFIT_RATIO_SQ":-11.1587982833,"HOLDER_PROFIT_SQ":-23515440,"HOLDER_PROFIT_QOQ_SQ":0,"ROE_AVG_SQ":-9.792843691149,"PE_TTM_SQ":-18.307442963333,"PB_TTM_SQ":5.549642988885,"ROA_SQ":-0.287992910944,"START_DATE":"2023-04-01 00:00:00","FISCAL_YEAR":"3-31","CURRENCY":"HKD","IS_CNY_CODE":0,"DPS_HKD_LY":null,"ORG_TYPE":"一般企业","PREMIUM_INCOME":null,"PREMIUM_INCOME_YOY":null,"NET_INTEREST_INCOME":null,"NET_INTEREST_INCOME_YOY":null,"FEE_COMMISSION_INCOME":null,"FEE_COMMISSION_INCOME_YOY":null,"ACCOUNTS_RECE_TDAYS":18.877192982456,"INVENTORY_TDAYS":0.187448218724,"CURRENT_ASSETS_TDAYS":0.162956232016,"TOTAL_ASSETS_TDAYS":0.162562320592,"PREMIUM_EXPENSE":null,"LOAN_DEPOSIT":null,"LOAN_EQUITY":null,"LOAN_ASSETS":null,"DEPOSIT_EQUITY":null,"DEPOSIT_ASSETS":null,"EQUITY_MULTIPLIER":15.063218390909,"EQUITY_RATIO":17.052264808362},{"SECUCODE":"00186.HK","SECURITY_CODE":"00186","SECURITY_NAME_ABBR":"敏捷控股","ORG_CODE":"10007456","STD_REPORT_DATE":"2022-12-31 00:00:00","REPORT_DATE":"2023-03-31 00:00:00","DATE_TYPE_CODE":"001","REPORT_TYPE":"2022年年报","PER_NETCASH_OPERATE":0.210236130429,"PER_OI":0.092287126246,"BPS":0.029965422684,"BASIC_EPS":-0.013831478,"DILUTED_EPS":-0.013831478,"OPERATE_INCOME":506862390,"OPERATE_INCOME_YOY":36.8794326241,"GROSS_PROFIT":66531160,"GROSS_PROFIT_YOY":17.192777260101,"HOLDER_PROFIT":-76160670,"HOLDER_PROFIT_YOY":10.3092783505,"GROSS_PROFIT_RATIO":13.126079447323,"EPS_TTM":-0.010111015159,"OPERATE_INCOME_QOQ":0,"NET_PROFIT_RATIO":-25.2158894646,"ROE_AVG":-36.786469344609,"GROSS_PROFIT_QOQ":0,"ROA":-1.007002720065,"HOLDER_PROFIT_QOQ":0,"ROE_YEARLY":-36.786469344609,"ROIC_YEARLY":-1.259409380428,"TOTAL_ASSETS":6999778360,"TOTAL_LIABILITIES":6785302910,"TAX_EBT":-9.774436090226,"OCF_SALES":227.806563039724,"TOTAL_PARENT_EQUITY":164577080,"DEBT_ASSET_RATIO":96.935967984,"OPERATE_PROFIT":-116429530,"PRETAX_PROFIT":-116429530,"NETCASH_OPERATE":1154665790,"NETCASH_INVEST":-309895140,"NETCASH_FINANCE":-939314930,"END_CASH":291511530,"DIVI_RATIO":null,"DIVIDEND_RATE":null,"CURRENT_RATIO":1.260429835651,"COMMON_ACS":20000000000,"CURRENTDEBT_DEBT":81.641078570507,"ISSUED_COMMON_SHARES":5492232889,"HK_COMMON_SHARES":5492232889,"PER_SHARES":30000,"TOTAL_MARKET_CAP":1482902880.03,"HKSK_MARKET_CAP":1482902880.03,"PE_TTM":27.461164445,"PB_TTM":4.323332011749,"REPORT_DATE_SQ":"2021-12-31 00:00:00","REPORT_TYPE_SQ":"2021年年报","OPERATE_INCOME_SQ":343057230,"DPS_HKD":null,"OPERATE_INCOME_QOQ_SQ":0,"NET_PROFIT_RATIO_SQ":-24.8226950355,"HOLDER_PROFIT_SQ":-78667970,"HOLDER_PROFIT_QOQ_SQ":0,"ROE_AVG_SQ":-29.438543247345,"PE_TTM_SQ":-18.307442963333,"PB_TTM_SQ":5.549642988885,"ROA_SQ":-1.235354049924,"START_DATE":"2022-04-01 00:00:00","FISCAL_YEAR":"3-31","CURRENCY":"HKD","IS_CNY_CODE":0,"DPS_HKD_LY":null,"ORG_TYPE":"一般企业","PREMIUM_INCOME":null,"PREMIUM_INCOME_YOY":null,"NET_INTEREST_INCOME":null,"NET_INTEREST_INCOME_YOY":null,"FEE_COMMISSION_INCOME":null,"FEE_COMMISSION_INCOME_YOY":null,"ACCOUNTS_RECE_TDAYS":10.069565217391,"INVENTORY_TDAYS":0.074879047265,"CURRENT_ASSETS_TDAYS":0.067134326628,"TOTAL_ASSETS_TDAYS":0.067017767232,"PREMIUM_EXPENSE":null,"LOAN_DEPOSIT":null,"LOAN_EQUITY":null,"LOAN_ASSETS":null,"DEPOSIT_EQUITY":null,"DEPOSIT_ASSETS":null,"EQUITY_MULTIPLIER":32.636734693963,"EQUITY_RATIO":41.228723404255},{"SECUCODE":"00186.HK","SECURITY_CODE":"00186","SECURITY_NAME_ABBR":"敏捷控股","ORG_CODE":"10007456","STD_REPORT_DATE":"2022-06-30 00:00:00","REPORT_DATE":"2022-09-30 00:00:00","DATE_TYPE_CODE":"002","REPORT_TYPE":"2022年中报","PER_NETCASH_OPERATE":0.080361981897,"PER_OI":0.038369552832,"BPS":0.040510343333,"BASIC_EPS":-0.004250868,"DILUTED_EPS":-0.004250868,"OPERATE_INCOME":210734520,"OPERATE_INCOME_YOY":83.4645669291,"GROSS_PROFIT":32559840,"GROSS_PROFIT_YOY":200.650982753112,"HOLDER_PROFIT":-23515440,"HOLDER_PROFIT_YOY":53.5714285714,"GROSS_PROFIT_RATIO":15.450643776824,"EPS_TTM":-0.014323494941,"OPERATE_INCOME_QOQ":0,"NET_PROFIT_RATIO":-11.1587982833,"ROE_AVG":-9.792843691149,"GROSS_PROFIT_QOQ":0,"ROA":-0.287992910944,"HOLDER_PROFIT_QOQ":0,"ROE_YEARLY":-19.585687382298,"ROIC_YEARLY":-0.703748815807,"TOTAL_ASSETS":7934652120,"TOTAL_LIABILITIES":7609958160,"TAX_EBT":-23.809523809524,"OCF_SALES":209.442060085837,"TOTAL_PARENT_EQUITY":222492240,"DEBT_ASSET_RATIO":95.9078992363,"OPERATE_PROFIT":-18993240,"PRETAX_PROFIT":-18993240,"NETCASH_OPERATE":441366720,"NETCASH_INVEST":null,"NETCASH_FINANCE":-434131200,"END_CASH":398858040,"DIVI_RATIO":null,"DIVIDEND_RATE":null,"CURRENT_RATIO":1.572864321608,"COMMON_ACS":20000000000,"CURRENTDEBT_DEBT":66.222961730449,"ISSUED_COMMON_SHARES":5492232889,"HK_COMMON_SHARES":5492232889,"PER_SHARES":30000,"TOTAL_MARKET_CAP":1482902880.03,"HKSK_MARKET_CAP":1482902880.03,"PE_TTM":27.461164445,"PB_TTM":4.323332011749,"REPORT_DATE_SQ":"2021-06-30 00:00:00","REPORT_TYPE_SQ":"2021年中报","OPERATE_INCOME_SQ":105798620,"DPS_HKD":null,"OPERATE_INCOME_QOQ_SQ":0,"NET_PROFIT_RATIO_SQ":-52.7559055118,"HOLDER_PROFIT_SQ":-46651360,"HOLDER_PROFIT_QOQ_SQ":0,"ROE_AVG_SQ":-16.091954022989,"PE_TTM_SQ":-18.307442963333,"PB_TTM_SQ":5.549642988885,"ROA_SQ":-0.796472763476,"START_DATE":"2022-04-01 00:00:00","FISCAL_YEAR":"3-31","CURRENCY":"HKD","IS_CNY_CODE":0,"DPS_HKD_LY":null,"ORG_TYPE":"一般企业","PREMIUM_INCOME":null,"PREMIUM_INCOME_YOY":null,"NET_INTEREST_INCOME":null,"NET_INTEREST_INCOME_YOY":null,"FEE_COMMISSION_INCOME":null,"FEE_COMMISSION_INCOME_YOY":null,"ACCOUNTS_RECE_TDAYS":3.640625,"INVENTORY_TDAYS":0.027249464002,"CURRENT_ASSETS_TDAYS":0.025835782004,"TOTAL_ASSETS_TDAYS":0.025808595481,"PREMIUM_EXPENSE":null,"LOAN_DEPOSIT":null,"LOAN_EQUITY":null,"LOAN_ASSETS":null,"DEPOSIT_EQUITY":null,"DEPOSIT_ASSETS":null,"EQUITY_MULTIPLIER":24.437325905333,"EQUITY_RATIO":34.20325203252},{"SECUCODE":"00186.HK","SECURITY_CODE":"00186","SECURITY_NAME_ABBR":"敏捷控股","ORG_CODE":"10007456","STD_REPORT_DATE":"2021-12-31 00:00:00","REPORT_DATE":"2022-03-31 00:00:00","DATE_TYPE_CODE":"001","REPORT_TYPE":"2021年年报","PER_NETCASH_OPERATE":-0.0239217132,"PER_OI":0.062462251134,"BPS":0.042084495445,"BASIC_EPS":-0.014354877,"DILUTED_EPS":-0.014354877,"OPERATE_INCOME":343057230,"OPERATE_INCOME_YOY":111.5,"GROSS_PROFIT":56770700,"GROSS_PROFIT_YOY":109.906099884048,"HOLDER_PROFIT":-78667970,"HOLDER_PROFIT_YOY":-12.7906976744,"GROSS_PROFIT_RATIO":16.548463356974,"EPS_TTM":-0.018048448054,"OPERATE_INCOME_QOQ":0,"NET_PROFIT_RATIO":-24.8226950355,"ROE_AVG":-29.438543247345,"GROSS_PROFIT_QOQ":0,"ROA":-1.235354049924,"HOLDER_PROFIT_QOQ":0,"ROE_YEARLY":-29.438543247345,"ROIC_YEARLY":-1.44323761345,"TOTAL_ASSETS":7528605830,"TOTAL_LIABILITIES":7200957790,"TAX_EBT":-10.112359550562,"OCF_SALES":-38.297872340426,"TOTAL_PARENT_EQUITY":231137850,"DEBT_ASSET_RATIO":95.6479586341,"OPERATE_PROFIT":-72179890,"PRETAX_PROFIT":-72179890,"NETCASH_OPERATE":-131383620,"NETCASH_INVEST":-648808000,"NETCASH_FINANCE":1018628560,"END_CASH":372253590,"DIVI_RATIO":null,"DIVIDEND_RATE":null,"CURRENT_RATIO":1.715633672525,"COMMON_ACS":20000000000,"CURRENTDEBT_DEBT":60.873972294177,"ISSUED_COMMON_SHARES":5492232889,"HK_COMMON_SHARES":5492232889,"PER_SHARES":30000,"TOTAL_MARKET_CAP":1482902880.03,"HKSK_MARKET_CAP":1482902880.03,"PE_TTM":27.461164445,"PB_TTM":4.323332011749,"REPORT_DATE_SQ":"2020-12-31 00:00:00","REPORT_TYPE_SQ":"2020年年报","OPERATE_INCOME_SQ":169036000,"DPS_HKD":null,"OPERATE_INCOME_QOQ_SQ":0,"NET_PROFIT_RATIO_SQ":-29,"HOLDER_PROFIT_SQ":-72685480,"HOLDER_PROFIT_QOQ_SQ":0,"ROE_AVG_SQ":-20.697954271962,"PE_TTM_SQ":-18.307442963333,"PB_TTM_SQ":5.549642988885,"ROA_SQ":-2.360043907794,"START_DATE":"2021-04-01 00:00:00","FISCAL_YEAR":"3-31","CURRENCY":"HKD","IS_CNY_CODE":0,"DPS_HKD_LY":null,"ORG_TYPE":"一般企业","PREMIUM_INCOME":null,"PREMIUM_INCOME_YOY":null,"NET_INTEREST_INCOME":null,"NET_INTEREST_INCOME_YOY":null,"FEE_COMMISSION_INCOME":null,"FEE_COMMISSION_INCOME_YOY":null,"ACCOUNTS_RECE_TDAYS":6.768,"INVENTORY_TDAYS":0.05341201392,"CURRENT_ASSETS_TDAYS":0.053926568078,"TOTAL_ASSETS_TDAYS":0.053871625064,"PREMIUM_EXPENSE":null,"LOAN_DEPOSIT":null,"LOAN_EQUITY":null,"LOAN_ASSETS":null,"DEPOSIT_EQUITY":null,"DEPOSIT_ASSETS":null,"EQUITY_MULTIPLIER":22.977722772476,"EQUITY_RATIO":31.154385964912},{"SECUCODE":"00186.HK","SECURITY_CODE":"00186","SECURITY_NAME_ABBR":"敏捷控股","ORG_CODE":"10007456","STD_REPORT_DATE":"2021-06-30 00:00:00","REPORT_DATE":"2021-09-30 00:00:00","DATE_TYPE_CODE":"002","REPORT_TYPE":"2021年中报","PER_NETCASH_OPERATE":-0.160325397301,"PER_OI":0.019263316421,"BPS":0.048840849509,"BASIC_EPS":-0.008497212,"DILUTED_EPS":-0.008497212,"OPERATE_INCOME":105798620,"OPERATE_INCOME_YOY":81.4285714286,"GROSS_PROFIT":10829780,"GROSS_PROFIT_YOY":2.704122663268,"HOLDER_PROFIT":-46651360,"HOLDER_PROFIT_YOY":-143.4782608696,"GROSS_PROFIT_RATIO":10.236220472441,"EPS_TTM":-0.013234231226,"OPERATE_INCOME_QOQ":0,"NET_PROFIT_RATIO":-52.7559055118,"ROE_AVG":-16.091954022989,"GROSS_PROFIT_QOQ":0,"ROA":-0.796472763476,"HOLDER_PROFIT_QOQ":0,"ROE_YEARLY":-32.183908045977,"ROIC_YEARLY":-1.778483525208,"TOTAL_ASSETS":6365411460,"TOTAL_LIABILITIES":6002197300,"TAX_EBT":-3.448275862069,"OCF_SALES":-832.283464566929,"TOTAL_PARENT_EQUITY":268245320,"DEBT_ASSET_RATIO":94.2939405837,"OPERATE_PROFIT":-48317480,"PRETAX_PROFIT":-48317480,"NETCASH_OPERATE":-880544420,"NETCASH_INVEST":-1666120,"NETCASH_FINANCE":1140459140,"END_CASH":393204320,"DIVI_RATIO":null,"DIVIDEND_RATE":null,"CURRENT_RATIO":2.24316377536,"COMMON_ACS":20000000000,"CURRENTDEBT_DEBT":47.203331020125,"ISSUED_COMMON_SHARES":5492232889,"HK_COMMON_SHARES":5492232889,"PER_SHARES":30000,"TOTAL_MARKET_CAP":1482902880.03,"HKSK_MARKET_CAP":1482902880.03,"PE_TTM":27.461164445,"PB_TTM":4.323332011749,"REPORT_DATE_SQ":"2020-06-30 00:00:00","REPORT_TYPE_SQ":"2020年中报","OPERATE_INCOME_SQ":61510400,"DPS_HKD":null,"OPERATE_INCOME_QOQ_SQ":0,"NET_PROFIT_RATIO_SQ":-43.5897435897,"HOLDER_PROFIT_SQ":-20210560,"HOLDER_PROFIT_QOQ_SQ":0,"ROE_AVG_SQ":-5.15117581187,"PE_TTM_SQ":-18.307442963333,"PB_TTM_SQ":5.549642988885,"ROA_SQ":-1.629472192703,"START_DATE":"2021-04-01 00:00:00","FISCAL_YEAR":"3-31","CURRENCY":"HKD","IS_CNY_CODE":0,"DPS_HKD_LY":null,"ORG_TYPE":"一般企业","PREMIUM_INCOME":null,"PREMIUM_INCOME_YOY":null,"NET_INTEREST_INCOME":null,"NET_INTEREST_INCOME_YOY":null,"FEE_COMMISSION_INCOME":null,"FEE_COMMISSION_INCOME_YOY":null,"ACCOUNTS_RECE_TDAYS":1.628205128205,"INVENTORY_TDAYS":0.018348623853,"CURRENT_ASSETS_TDAYS":0.01808601538,"TOTAL_ASSETS_TDAYS":0.018062864457,"PREMIUM_EXPENSE":null,"LOAN_DEPOSIT":null,"LOAN_EQUITY":null,"LOAN_ASSETS":null,"DEPOSIT_EQUITY":null,"DEPOSIT_ASSETS":null,"EQUITY_MULTIPLIER":17.525229357819,"EQUITY_RATIO":22.375776397516},{"SECUCODE":"00186.HK","SECURITY_CODE":"00186","SECURITY_NAME_ABBR":"敏捷控股","ORG_CODE":"10007456","STD_REPORT_DATE":"2020-12-31 00:00:00","REPORT_DATE":"2021-03-31 00:00:00","DATE_TYPE_CODE":"001","REPORT_TYPE":"2020年年报","PER_NETCASH_OPERATE":-0.576920149607,"PER_OI":0.030777281921,"BPS":0.057553517192,"BASIC_EPS":-0.013269326,"DILUTED_EPS":-0.013269326,"OPERATE_INCOME":169036000,"OPERATE_INCOME_YOY":9.8901098901,"GROSS_PROFIT":27045760,"GROSS_PROFIT_YOY":-1.332457772427,"HOLDER_PROFIT":-72685480,"HOLDER_PROFIT_YOY":1.1494252874,"GROSS_PROFIT_RATIO":16,"EPS_TTM":-0.016675252461,"OPERATE_INCOME_QOQ":0,"NET_PROFIT_RATIO":-29,"ROE_AVG":-20.697954271962,"GROSS_PROFIT_QOQ":0,"ROA":-2.360043907794,"HOLDER_PROFIT_QOQ":0,"ROE_YEARLY":-20.697954271962,"ROIC_YEARLY":-2.752,"TOTAL_ASSETS":5426900780,"TOTAL_LIABILITIES":5006001140,"TAX_EBT":-4.615384615385,"OCF_SALES":-1874.5,"TOTAL_PARENT_EQUITY":316097320,"DEBT_ASSET_RATIO":92.2441987229,"OPERATE_PROFIT":-54936700,"PRETAX_PROFIT":-54936700,"NETCASH_OPERATE":-3168579820,"NETCASH_INVEST":11832520,"NETCASH_FINANCE":3120404560,"END_CASH":135228800,"DIVI_RATIO":null,"DIVIDEND_RATE":null,"CURRENT_RATIO":1.821925589321,"COMMON_ACS":20000000000,"CURRENTDEBT_DEBT":59.446226574371,"ISSUED_COMMON_SHARES":5492232889,"HK_COMMON_SHARES":5492232889,"PER_SHARES":30000,"TOTAL_MARKET_CAP":1482902880.03,"HKSK_MARKET_CAP":1482902880.03,"PE_TTM":27.461164445,"PB_TTM":4.323332011749,"REPORT_DATE_SQ":"2019-12-31 00:00:00","REPORT_TYPE_SQ":"2019年年报","OPERATE_INCOME_SQ":166293400,"DPS_HKD":null,"OPERATE_INCOME_QOQ_SQ":0,"NET_PROFIT_RATIO_SQ":-45,"HOLDER_PROFIT_SQ":-79491900,"HOLDER_PROFIT_QOQ_SQ":0,"ROE_AVG_SQ":-17.279046673287,"PE_TTM_SQ":-18.307442963333,"PB_TTM_SQ":5.549642988885,"ROA_SQ":-11.515552614163,"START_DATE":"2020-04-01 00:00:00","FISCAL_YEAR":"3-31","CURRENCY":"HKD","IS_CNY_CODE":0,"DPS_HKD_LY":null,"ORG_TYPE":"一般企业","PREMIUM_INCOME":null,"PREMIUM_INCOME_YOY":null,"NET_INTEREST_INCOME":null,"NET_INTEREST_INCOME_YOY":null,"FEE_COMMISSION_INCOME":null,"FEE_COMMISSION_INCOME_YOY":null,"ACCOUNTS_RECE_TDAYS":3.448275862069,"INVENTORY_TDAYS":0.055372445616,"CURRENT_ASSETS_TDAYS":0.055555555556,"TOTAL_ASSETS_TDAYS":0.054884742042,"PREMIUM_EXPENSE":null,"LOAN_DEPOSIT":null,"LOAN_EQUITY":null,"LOAN_ASSETS":null,"DEPOSIT_EQUITY":null,"DEPOSIT_ASSETS":null,"EQUITY_MULTIPLIER":12.893574297122,"EQUITY_RATIO":15.836898395722},{"SECUCODE":"00186.HK","SECURITY_CODE":"00186","SECURITY_NAME_ABBR":"敏捷控股","ORG_CODE":"10007456","STD_REPORT_DATE":"2020-06-30 00:00:00","REPORT_DATE":"2020-09-30 00:00:00","DATE_TYPE_CODE":"002","REPORT_TYPE":"2020年中报","PER_NETCASH_OPERATE":-0.095195963202,"PER_OI":0.011199525083,"BPS":0.069757041943,"BASIC_EPS":-0.003690624,"DILUTED_EPS":-0.003690624,"OPERATE_INCOME":61510400,"OPERATE_INCOME_YOY":-33.8983050847,"GROSS_PROFIT":10544640,"GROSS_PROFIT_YOY":-61.032804514362,"HOLDER_PROFIT":-20210560,"HOLDER_PROFIT_YOY":-155.5555555556,"GROSS_PROFIT_RATIO":25.641025641026,"EPS_TTM":-0.01447351225,"OPERATE_INCOME_QOQ":0,"NET_PROFIT_RATIO":-43.5897435897,"ROE_AVG":-5.15117581187,"GROSS_PROFIT_QOQ":0,"ROA":-1.629472192703,"HOLDER_PROFIT_QOQ":0,"ROE_YEARLY":-10.30235162374,"ROIC_YEARLY":-6.388888888889,"TOTAL_ASSETS":1718776320,"TOTAL_LIABILITIES":1312807680,"TAX_EBT":-6.25,"OCF_SALES":-762.820512820513,"TOTAL_PARENT_EQUITY":383121920,"DEBT_ASSET_RATIO":76.3803680982,"OPERATE_PROFIT":-28119040,"PRETAX_PROFIT":-28119040,"NETCASH_OPERATE":-511415040,"NETCASH_INVEST":10544640,"NETCASH_FINANCE":882234880,"END_CASH":559744640,"DIVI_RATIO":null,"DIVIDEND_RATE":null,"CURRENT_RATIO":1.514539579968,"COMMON_ACS":20000000000,"CURRENTDEBT_DEBT":82.864792503347,"ISSUED_COMMON_SHARES":5492232889,"HK_COMMON_SHARES":5492232889,"PER_SHARES":30000,"TOTAL_MARKET_CAP":1482902880.03,"HKSK_MARKET_CAP":1482902880.03,"PE_TTM":27.461164445,"PB_TTM":4.323332011749,"REPORT_DATE_SQ":"2019-06-30 00:00:00","REPORT_TYPE_SQ":"2019年中报","OPERATE_INCOME_SQ":106437180,"DPS_HKD":null,"OPERATE_INCOME_QOQ_SQ":0,"NET_PROFIT_RATIO_SQ":-11.0169491525,"HOLDER_PROFIT_SQ":-8118090,"HOLDER_PROFIT_QOQ_SQ":0,"ROE_AVG_SQ":-1.652892561983,"PE_TTM_SQ":-18.307442963333,"PB_TTM_SQ":5.549642988885,"ROA_SQ":-1.341281669151,"START_DATE":"2020-04-01 00:00:00","FISCAL_YEAR":"3-31","CURRENCY":"HKD","IS_CNY_CODE":0,"DPS_HKD_LY":null,"ORG_TYPE":"一般企业","PREMIUM_INCOME":null,"PREMIUM_INCOME_YOY":null,"NET_INTEREST_INCOME":null,"NET_INTEREST_INCOME_YOY":null,"FEE_COMMISSION_INCOME":null,"FEE_COMMISSION_INCOME_YOY":null,"ACCOUNTS_RECE_TDAYS":1.590909090909,"INVENTORY_TDAYS":0.181533646322,"CURRENT_ASSETS_TDAYS":0.058646616541,"TOTAL_ASSETS_TDAYS":0.055260361318,"PREMIUM_EXPENSE":null,"LOAN_DEPOSIT":null,"LOAN_EQUITY":null,"LOAN_ASSETS":null,"DEPOSIT_EQUITY":null,"DEPOSIT_ASSETS":null,"EQUITY_MULTIPLIER":4.233766233773,"EQUITY_RATIO":3.426605504587}],"count":47},"success":true,"message":"ok","code":0}