{"version":"90702590c1e77f119c89ecb9110fea15","result":{"pages":4,"data":[{"SECUCODE":"00195.HK","SECURITY_CODE":"00195","SECURITY_NAME_ABBR":"绿科科技国际","ORG_CODE":"10117924","STD_REPORT_DATE":"2023-12-31 00:00:00","REPORT_DATE":"2023-12-31 00:00:00","DATE_TYPE_CODE":"001","REPORT_TYPE":"2023年年报","PER_NETCASH_OPERATE":0.158481690761,"PER_OI":0.544577849561,"BPS":0.66654338552,"BASIC_EPS":0.045311,"DILUTED_EPS":0.045311,"OPERATE_INCOME":743893342.5,"OPERATE_INCOME_YOY":-11.8646524512,"GROSS_PROFIT":268277368.8,"GROSS_PROFIT_YOY":-26.30491772664,"HOLDER_PROFIT":61976385.8,"HOLDER_PROFIT_YOY":-68.3548110959,"GROSS_PROFIT_RATIO":36.063956144358,"EPS_TTM":0.045370707028,"OPERATE_INCOME_QOQ":27.043722795405,"NET_PROFIT_RATIO":12.522978529,"ROE_AVG":7.07229741084,"GROSS_PROFIT_QOQ":155.513956543767,"ROA":4.470858033424,"HOLDER_PROFIT_QOQ":690.403322248435,"ROE_YEARLY":7.07229741084,"ROIC_YEARLY":5.406689543048,"TOTAL_ASSETS":1508369659.86,"TOTAL_LIABILITIES":519222373.88,"TAX_EBT":45.632824027798,"OCF_SALES":29.101751180143,"TOTAL_PARENT_EQUITY":910498264.62,"DEBT_ASSET_RATIO":34.422753765,"OPERATE_PROFIT":177011046.38,"PRETAX_PROFIT":171348983.82,"NETCASH_OPERATE":216485989.58,"NETCASH_INVEST":-172648503.3,"NETCASH_FINANCE":-35300893.88,"END_CASH":182379493.66,"DIVI_RATIO":null,"DIVIDEND_RATE":null,"CURRENT_RATIO":1.263500022327,"COMMON_ACS":4000000000,"CURRENTDEBT_DEBT":54.719576091623,"ISSUED_COMMON_SHARES":1366000000,"HK_COMMON_SHARES":1366000000,"PER_SHARES":2000,"TOTAL_MARKET_CAP":382480000,"HKSK_MARKET_CAP":382480000,"PE_TTM":5.592630501535,"PB_TTM":0.380682796518,"REPORT_DATE_SQ":"2022-12-31 00:00:00","REPORT_TYPE_SQ":"2022年年报","OPERATE_INCOME_SQ":831973812.6,"DPS_HKD":null,"OPERATE_INCOME_QOQ_SQ":-67.648623184218,"NET_PROFIT_RATIO_SQ":28.2242478902,"HOLDER_PROFIT_SQ":193049046.05,"HOLDER_PROFIT_QOQ_SQ":-51.653594379862,"ROE_AVG_SQ":25.552440053182,"PE_TTM_SQ":-184.142156862745,"PB_TTM_SQ":0.403272557069,"ROA_SQ":15.912284557578,"START_DATE":"2023-01-01 00:00:00","FISCAL_YEAR":"12-31","CURRENCY":"HKD","IS_CNY_CODE":0,"DPS_HKD_LY":null,"ORG_TYPE":"一般企业","PREMIUM_INCOME":null,"PREMIUM_INCOME_YOY":null,"NET_INTEREST_INCOME":null,"NET_INTEREST_INCOME_YOY":null,"FEE_COMMISSION_INCOME":null,"FEE_COMMISSION_INCOME_YOY":null,"ACCOUNTS_RECE_TDAYS":21.73294326335,"INVENTORY_TDAYS":5.758811007725,"CURRENT_ASSETS_TDAYS":2.105636449218,"TOTAL_ASSETS_TDAYS":0.53663044132,"PREMIUM_EXPENSE":null,"LOAN_DEPOSIT":null,"LOAN_EQUITY":null,"LOAN_ASSETS":null,"DEPOSIT_EQUITY":null,"DEPOSIT_ASSETS":null,"EQUITY_MULTIPLIER":1.524919171532,"EQUITY_RATIO":0.57026179407},{"SECUCODE":"00195.HK","SECURITY_CODE":"00195","SECURITY_NAME_ABBR":"绿科科技国际","ORG_CODE":"10117924","STD_REPORT_DATE":"2023-06-30 00:00:00","REPORT_DATE":"2023-06-30 00:00:00","DATE_TYPE_CODE":"002","REPORT_TYPE":"2023年中报","PER_NETCASH_OPERATE":0.099484071816,"PER_OI":0.264637957745,"BPS":0.628717465534,"BASIC_EPS":0.0138297,"DILUTED_EPS":0.0138297,"OPERATE_INCOME":361495450.28,"OPERATE_INCOME_YOY":-44.844127399,"GROSS_PROFIT":82381678.94,"GROSS_PROFIT_YOY":-75.871115683118,"HOLDER_PROFIT":18718959.94,"HOLDER_PROFIT_YOY":-91.4857123686,"GROSS_PROFIT_RATIO":22.789132996332,"EPS_TTM":0.005740196903,"OPERATE_INCOME_QOQ":-29.620236370166,"NET_PROFIT_RATIO":7.4085787302,"ROE_AVG":2.182170326009,"GROSS_PROFIT_QOQ":-71.158099044685,"ROA":1.438532375304,"HOLDER_PROFIT_QOQ":-95.938281420997,"ROE_YEARLY":4.364340652018,"ROIC_YEARLY":3.511616674601,"TOTAL_ASSETS":1316433469.34,"TOTAL_LIABILITIES":403080436.2,"TAX_EBT":48.776186781407,"OCF_SALES":37.592517967997,"TOTAL_PARENT_EQUITY":858828057.92,"DEBT_ASSET_RATIO":30.6191270268,"OPERATE_PROFIT":53621434.82,"PRETAX_PROFIT":52283641.84,"NETCASH_OPERATE":135895242.1,"NETCASH_INVEST":-100457096.84,"NETCASH_FINANCE":-9844902.44,"END_CASH":193093959.32,"DIVI_RATIO":null,"DIVIDEND_RATE":null,"CURRENT_RATIO":1.831118967516,"COMMON_ACS":4000000000,"CURRENTDEBT_DEBT":48.135593220339,"ISSUED_COMMON_SHARES":1366000000,"HK_COMMON_SHARES":1366000000,"PER_SHARES":2000,"TOTAL_MARKET_CAP":382480000,"HKSK_MARKET_CAP":382480000,"PE_TTM":5.592630501535,"PB_TTM":0.380682796518,"REPORT_DATE_SQ":"2022-06-30 00:00:00","REPORT_TYPE_SQ":"2022年中报","OPERATE_INCOME_SQ":607928060.11,"DPS_HKD":null,"OPERATE_INCOME_QOQ_SQ":-40.109493467653,"NET_PROFIT_RATIO_SQ":32.1065047667,"HOLDER_PROFIT_SQ":203926897.02,"HOLDER_PROFIT_QOQ_SQ":39.6124529885,"ROE_AVG_SQ":27.752135021333,"PE_TTM_SQ":-297.975490196078,"PB_TTM_SQ":0.652568319621,"ROA_SQ":15.573301288697,"START_DATE":"2023-01-01 00:00:00","FISCAL_YEAR":"12-31","CURRENCY":"HKD","IS_CNY_CODE":0,"DPS_HKD_LY":null,"ORG_TYPE":"一般企业","PREMIUM_INCOME":null,"PREMIUM_INCOME_YOY":null,"NET_INTEREST_INCOME":null,"NET_INTEREST_INCOME_YOY":null,"FEE_COMMISSION_INCOME":null,"FEE_COMMISSION_INCOME_YOY":null,"ACCOUNTS_RECE_TDAYS":21.024505335407,"INVENTORY_TDAYS":4.044150847616,"CURRENT_ASSETS_TDAYS":1.019847550627,"TOTAL_ASSETS_TDAYS":0.277805449886,"PREMIUM_EXPENSE":null,"LOAN_DEPOSIT":null,"LOAN_EQUITY":null,"LOAN_ASSETS":null,"DEPOSIT_EQUITY":null,"DEPOSIT_ASSETS":null,"EQUITY_MULTIPLIER":1.441319425869,"EQUITY_RATIO":0.469337759151},{"SECUCODE":"00195.HK","SECURITY_CODE":"00195","SECURITY_NAME_ABBR":"绿科科技国际","ORG_CODE":"10117924","STD_REPORT_DATE":"2022-12-31 00:00:00","REPORT_DATE":"2022-12-31 00:00:00","DATE_TYPE_CODE":"001","REPORT_TYPE":"2022年年报","PER_NETCASH_OPERATE":0.123562913309,"PER_OI":0.609058427965,"BPS":0.607700866823,"BASIC_EPS":0.14113666,"DILUTED_EPS":0.14113666,"OPERATE_INCOME":831973812.6,"OPERATE_INCOME_YOY":-4.9499736704,"GROSS_PROFIT":364037002.91,"GROSS_PROFIT_YOY":4.560924083231,"HOLDER_PROFIT":193049046.05,"HOLDER_PROFIT_YOY":-38.2202021068,"GROSS_PROFIT_RATIO":43.755824690245,"EPS_TTM":0.14132433825,"OPERATE_INCOME_QOQ":-67.648623184218,"NET_PROFIT_RATIO":28.2242478902,"ROE_AVG":25.552440053182,"GROSS_PROFIT_QOQ":-36.523891362153,"ROA":15.912284557578,"HOLDER_PROFIT_QOQ":-51.653594379862,"ROE_YEARLY":25.552440053182,"ROIC_YEARLY":19.89980805983,"TOTAL_ASSETS":1246026789.35,"TOTAL_LIABILITIES":369708374.14,"TAX_EBT":32.967360031747,"OCF_SALES":20.287530331336,"TOTAL_PARENT_EQUITY":830119384.08,"DEBT_ASSET_RATIO":29.6709811779,"OPERATE_PROFIT":355217748.2,"PRETAX_PROFIT":351150689.89,"NETCASH_OPERATE":168786939.58,"NETCASH_INVEST":-242577294.47,"NETCASH_FINANCE":17670667.14,"END_CASH":169523887.33,"DIVI_RATIO":null,"DIVIDEND_RATE":null,"CURRENT_RATIO":2.061213632407,"COMMON_ACS":4000000000,"CURRENTDEBT_DEBT":44.961124185154,"ISSUED_COMMON_SHARES":1366000000,"HK_COMMON_SHARES":1366000000,"PER_SHARES":2000,"TOTAL_MARKET_CAP":382480000,"HKSK_MARKET_CAP":382480000,"PE_TTM":5.592630501535,"PB_TTM":0.380682796518,"REPORT_DATE_SQ":"2021-12-31 00:00:00","REPORT_TYPE_SQ":"2021年年报","OPERATE_INCOME_SQ":801153158.4,"DPS_HKD":null,"OPERATE_INCOME_QOQ_SQ":48.922877999339,"NET_PROFIT_RATIO_SQ":8.0768572402,"HOLDER_PROFIT_SQ":286008744,"HOLDER_PROFIT_QOQ_SQ":166.080516330106,"ROE_AVG_SQ":57.775729783697,"PE_TTM_SQ":-297.975490196078,"PB_TTM_SQ":0.652568319621,"ROA_SQ":29.493273663585,"START_DATE":"2022-01-01 00:00:00","FISCAL_YEAR":"12-31","CURRENCY":"HKD","IS_CNY_CODE":0,"DPS_HKD_LY":null,"ORG_TYPE":"一般企业","PREMIUM_INCOME":null,"PREMIUM_INCOME_YOY":null,"NET_INTEREST_INCOME":null,"NET_INTEREST_INCOME_YOY":null,"FEE_COMMISSION_INCOME":null,"FEE_COMMISSION_INCOME_YOY":null,"ACCOUNTS_RECE_TDAYS":17.927012357085,"INVENTORY_TDAYS":7.67772004778,"CURRENT_ASSETS_TDAYS":2.269660128521,"TOTAL_ASSETS_TDAYS":0.685763764257,"PREMIUM_EXPENSE":null,"LOAN_DEPOSIT":null,"LOAN_EQUITY":null,"LOAN_ASSETS":null,"DEPOSIT_EQUITY":null,"DEPOSIT_ASSETS":null,"EQUITY_MULTIPLIER":1.421888171836,"EQUITY_RATIO":0.445367716054},{"SECUCODE":"00195.HK","SECURITY_CODE":"00195","SECURITY_NAME_ABBR":"绿科科技国际","ORG_CODE":"10117924","STD_REPORT_DATE":"2022-06-30 00:00:00","REPORT_DATE":"2022-06-30 00:00:00","DATE_TYPE_CODE":"002","REPORT_TYPE":"2022年中报","PER_NETCASH_OPERATE":0.074303865549,"PER_OI":0.445042503741,"BPS":0.598662424546,"BASIC_EPS":0.14965825,"DILUTED_EPS":0.14965825,"OPERATE_INCOME":607928060.11,"OPERATE_INCOME_YOY":-70.0479261539,"GROSS_PROFIT":341423490.03,"GROSS_PROFIT_YOY":151.47567664616,"HOLDER_PROFIT":203926897.02,"HOLDER_PROFIT_YOY":118.9254696021,"GROSS_PROFIT_RATIO":44.982175892071,"EPS_TTM":0.292316122445,"OPERATE_INCOME_QOQ":-40.109493467653,"NET_PROFIT_RATIO":32.1065047667,"ROE_AVG":27.752135021333,"GROSS_PROFIT_QOQ":57.248484470934,"ROA":15.573301288697,"HOLDER_PROFIT_QOQ":39.6124529885,"ROE_YEARLY":55.504270042666,"ROIC_YEARLY":41.77262754063,"TOTAL_ASSETS":1488860989.49,"TOTAL_LIABILITIES":601538935.62,"TAX_EBT":30.983733354978,"OCF_SALES":13.250686337009,"TOTAL_PARENT_EQUITY":817772871.93,"DEBT_ASSET_RATIO":40.402625891,"OPERATE_PROFIT":360626781.48,"PRETAX_PROFIT":358233959.86,"NETCASH_OPERATE":101499080.34,"NETCASH_INVEST":-143685603.04,"NETCASH_FINANCE":165945343.55,"END_CASH":337696572.01,"DIVI_RATIO":null,"DIVIDEND_RATE":null,"CURRENT_RATIO":1.722955589969,"COMMON_ACS":4000000000,"CURRENTDEBT_DEBT":68.301587436985,"ISSUED_COMMON_SHARES":1366000000,"HK_COMMON_SHARES":1366000000,"PER_SHARES":2000,"TOTAL_MARKET_CAP":382480000,"HKSK_MARKET_CAP":382480000,"PE_TTM":5.592630501535,"PB_TTM":0.380682796518,"REPORT_DATE_SQ":"2021-06-30 00:00:00","REPORT_TYPE_SQ":"2021年中报","OPERATE_INCOME_SQ":2488280322.72,"DPS_HKD":null,"OPERATE_INCOME_QOQ_SQ":415.711554031164,"NET_PROFIT_RATIO_SQ":4.4089921396,"HOLDER_PROFIT_SQ":90631817.76,"HOLDER_PROFIT_QOQ_SQ":597.659666888802,"ROE_AVG_SQ":21.971775299756,"PE_TTM_SQ":-297.975490196078,"PB_TTM_SQ":0.652568319621,"ROA_SQ":9.555998994586,"START_DATE":"2022-01-01 00:00:00","FISCAL_YEAR":"12-31","CURRENCY":"HKD","IS_CNY_CODE":0,"DPS_HKD_LY":null,"ORG_TYPE":"一般企业","PREMIUM_INCOME":null,"PREMIUM_INCOME_YOY":null,"NET_INTEREST_INCOME":null,"NET_INTEREST_INCOME_YOY":null,"FEE_COMMISSION_INCOME":null,"FEE_COMMISSION_INCOME_YOY":null,"ACCOUNTS_RECE_TDAYS":11.852360071361,"INVENTORY_TDAYS":2.697700517048,"CURRENT_ASSETS_TDAYS":1.416209062693,"TOTAL_ASSETS_TDAYS":0.584965035536,"PREMIUM_EXPENSE":null,"LOAN_DEPOSIT":null,"LOAN_EQUITY":null,"LOAN_ASSETS":null,"DEPOSIT_EQUITY":null,"DEPOSIT_ASSETS":null,"EQUITY_MULTIPLIER":1.677926276032,"EQUITY_RATIO":0.735581915551},{"SECUCODE":"00195.HK","SECURITY_CODE":"00195","SECURITY_NAME_ABBR":"绿科科技国际","ORG_CODE":"10117924","STD_REPORT_DATE":"2021-12-31 00:00:00","REPORT_DATE":"2021-12-31 00:00:00","DATE_TYPE_CODE":"001","REPORT_TYPE":"2021年年报","PER_NETCASH_OPERATE":0.07409107959,"PER_OI":0.117299144714,"BPS":0.456226186823,"BASIC_EPS":0.2093056,"DILUTED_EPS":null,"OPERATE_INCOME":801153158.4,"OPERATE_INCOME_YOY":690.5944603342,"GROSS_PROFIT":348157790.4,"GROSS_PROFIT_YOY":1038.19592374093,"HOLDER_PROFIT":286008744,"HOLDER_PROFIT_YOY":1463.1103144605,"GROSS_PROFIT_RATIO":8.493562067503,"EPS_TTM":0.041875365154,"OPERATE_INCOME_QOQ":48.922877999339,"NET_PROFIT_RATIO":8.0768572402,"ROE_AVG":57.775729783697,"GROSS_PROFIT_QOQ":98.02211585595,"ROA":29.493273663585,"HOLDER_PROFIT_QOQ":166.080516330106,"ROE_YEARLY":57.775729783697,"ROIC_YEARLY":35.464041480403,"TOTAL_ASSETS":1080396262.4,"TOTAL_LIABILITIES":427962908.8,"TAX_EBT":31.954992739456,"OCF_SALES":11.784949463234,"TOTAL_PARENT_EQUITY":623204971.2,"DEBT_ASSET_RATIO":39.6116613593,"OPERATE_PROFIT":507989596.8,"PRETAX_PROFIT":503923672,"NETCASH_OPERATE":506042073.6,"NETCASH_INVEST":-145848393.6,"NETCASH_FINANCE":-218372784,"END_CASH":218340897.6,"DIVI_RATIO":null,"DIVIDEND_RATE":null,"CURRENT_RATIO":1.36625850085,"COMMON_ACS":4000000000,"CURRENTDEBT_DEBT":61.128156534298,"ISSUED_COMMON_SHARES":1366000000,"HK_COMMON_SHARES":1366000000,"PER_SHARES":2000,"TOTAL_MARKET_CAP":382480000,"HKSK_MARKET_CAP":382480000,"PE_TTM":5.592630501535,"PB_TTM":0.380682796518,"REPORT_DATE_SQ":"2020-12-31 00:00:00","REPORT_TYPE_SQ":"2020年年报","OPERATE_INCOME_SQ":559101452,"DPS_HKD":null,"OPERATE_INCOME_QOQ_SQ":64.910450293499,"NET_PROFIT_RATIO_SQ":-1.5792563601,"HOLDER_PROFIT_SQ":-21599007.32,"HOLDER_PROFIT_QOQ_SQ":81.891848979176,"ROE_AVG_SQ":-5.821888285443,"PE_TTM_SQ":-297.975490196078,"PB_TTM_SQ":0.652568319621,"ROA_SQ":-2.856872502199,"START_DATE":"2021-01-01 00:00:00","FISCAL_YEAR":"12-31","CURRENCY":"HKD","IS_CNY_CODE":0,"DPS_HKD_LY":null,"ORG_TYPE":"一般企业","PREMIUM_INCOME":null,"PREMIUM_INCOME_YOY":null,"NET_INTEREST_INCOME":null,"NET_INTEREST_INCOME_YOY":null,"FEE_COMMISSION_INCOME":null,"FEE_COMMISSION_INCOME_YOY":null,"ACCOUNTS_RECE_TDAYS":15.256574337895,"INVENTORY_TDAYS":36.423499452417,"CURRENT_ASSETS_TDAYS":11.570040359179,"TOTAL_ASSETS_TDAYS":4.427948610722,"PREMIUM_EXPENSE":null,"LOAN_DEPOSIT":null,"LOAN_EQUITY":null,"LOAN_ASSETS":null,"DEPOSIT_EQUITY":null,"DEPOSIT_ASSETS":null,"EQUITY_MULTIPLIER":1.655948851234,"EQUITY_RATIO":0.686712925245},{"SECUCODE":"00195.HK","SECURITY_CODE":"00195","SECURITY_NAME_ABBR":"绿科科技国际","ORG_CODE":"10117924","STD_REPORT_DATE":"2021-06-30 00:00:00","REPORT_DATE":"2021-06-30 00:00:00","DATE_TYPE_CODE":"002","REPORT_TYPE":"2021年中报","PER_NETCASH_OPERATE":0.022690443936,"PER_OI":0.364316299081,"BPS":0.330619617452,"BASIC_EPS":0.066316776,"DILUTED_EPS":null,"OPERATE_INCOME":2488280322.72,"OPERATE_INCOME_YOY":1565.2841431157,"GROSS_PROFIT":135767997.36,"GROSS_PROFIT_YOY":861.872639888345,"HOLDER_PROFIT":90631817.76,"HOLDER_PROFIT_YOY":358.7159449894,"GROSS_PROFIT_RATIO":5.456298316565,"EPS_TTM":0.015737854741,"OPERATE_INCOME_QOQ":415.711554031164,"NET_PROFIT_RATIO":4.4089921396,"ROE_AVG":21.971775299756,"GROSS_PROFIT_QOQ":502.110192281742,"ROA":9.555998994586,"HOLDER_PROFIT_QOQ":597.659666888802,"ROE_YEARLY":43.943550599513,"ROIC_YEARLY":21.982816905388,"TOTAL_ASSETS":1022553929.04,"TOTAL_LIABILITIES":557291404.56,"TAX_EBT":31.7023139203,"OCF_SALES":6.228226404595,"TOTAL_PARENT_EQUITY":451626397.44,"DEBT_ASSET_RATIO":54.499952397,"OPERATE_PROFIT":168244079.76,"PRETAX_PROFIT":160632211.92,"NETCASH_OPERATE":150207913.68,"NETCASH_INVEST":-66330921.36,"NETCASH_FINANCE":-16940316.72,"END_CASH":153718459.2,"DIVI_RATIO":null,"DIVIDEND_RATE":null,"CURRENT_RATIO":1.072001747981,"COMMON_ACS":4000000000,"CURRENTDEBT_DEBT":77.217259394079,"ISSUED_COMMON_SHARES":1366000000,"HK_COMMON_SHARES":1366000000,"PER_SHARES":2000,"TOTAL_MARKET_CAP":382480000,"HKSK_MARKET_CAP":382480000,"PE_TTM":5.592630501535,"PB_TTM":0.380682796518,"REPORT_DATE_SQ":"2020-06-30 00:00:00","REPORT_TYPE_SQ":"2020年中报","OPERATE_INCOME_SQ":164030988,"DPS_HKD":null,"OPERATE_INCOME_QOQ_SQ":-14.691986879657,"NET_PROFIT_RATIO_SQ":-26.4357510789,"HOLDER_PROFIT_SQ":-38456737.44,"HOLDER_PROFIT_QOQ_SQ":-116.19974102676,"ROE_AVG_SQ":-10.359153915901,"PE_TTM_SQ":-297.975490196078,"PB_TTM_SQ":0.652568319621,"ROA_SQ":-5.899898891308,"START_DATE":"2021-01-01 00:00:00","FISCAL_YEAR":"12-31","CURRENCY":"HKD","IS_CNY_CODE":0,"DPS_HKD_LY":null,"ORG_TYPE":"一般企业","PREMIUM_INCOME":null,"PREMIUM_INCOME_YOY":null,"NET_INTEREST_INCOME":null,"NET_INTEREST_INCOME_YOY":null,"FEE_COMMISSION_INCOME":null,"FEE_COMMISSION_INCOME_YOY":null,"ACCOUNTS_RECE_TDAYS":42.346625506245,"INVENTORY_TDAYS":12.420968234408,"CURRENT_ASSETS_TDAYS":5.834458108232,"TOTAL_ASSETS_TDAYS":2.623582407353,"PREMIUM_EXPENSE":null,"LOAN_DEPOSIT":null,"LOAN_EQUITY":null,"LOAN_ASSETS":null,"DEPOSIT_EQUITY":null,"DEPOSIT_ASSETS":null,"EQUITY_MULTIPLIER":2.19779989842,"EQUITY_RATIO":1.233965524865},{"SECUCODE":"00195.HK","SECURITY_CODE":"00195","SECURITY_NAME_ABBR":"绿科科技国际","ORG_CODE":"10117924","STD_REPORT_DATE":"2020-12-31 00:00:00","REPORT_DATE":"2020-12-31 00:00:00","DATE_TYPE_CODE":"001","REPORT_TYPE":"2020年年报","PER_NETCASH_OPERATE":-0.026670253072,"PER_OI":0.081859656223,"BPS":0.276462104363,"BASIC_EPS":-0.00336656,"DILUTED_EPS":null,"OPERATE_INCOME":559101452,"OPERATE_INCOME_YOY":49.7314390943,"GROSS_PROFIT":30588564.16,"GROSS_PROFIT_YOY":482.919202935236,"HOLDER_PROFIT":-21599007.32,"HOLDER_PROFIT_YOY":58.3318449723,"GROSS_PROFIT_RATIO":5.471022128556,"EPS_TTM":-0.00316237296,"OPERATE_INCOME_QOQ":64.910450293499,"NET_PROFIT_RATIO":-1.5792563601,"ROE_AVG":-5.821888285443,"GROSS_PROFIT_QOQ":175.021687558535,"ROA":-2.856872502199,"HOLDER_PROFIT_QOQ":81.891848979176,"ROE_YEARLY":-5.821888285443,"ROIC_YEARLY":-3.300998222995,"TOTAL_ASSETS":884348180.16,"TOTAL_LIABILITIES":511818958.44,"TAX_EBT":438.092168868837,"OCF_SALES":-32.580460635255,"TOTAL_PARENT_EQUITY":377647234.56,"DEBT_ASSET_RATIO":57.8752769466,"OPERATE_PROFIT":22641799.28,"PRETAX_PROFIT":2611608.92,"NETCASH_OPERATE":-182157828.48,"NETCASH_INVEST":-58733847.4,"NETCASH_FINANCE":182772225.68,"END_CASH":86404445.68,"DIVI_RATIO":null,"DIVIDEND_RATE":null,"CURRENT_RATIO":1.015766655229,"COMMON_ACS":4000000000,"CURRENTDEBT_DEBT":76.199144578135,"ISSUED_COMMON_SHARES":1366000000,"HK_COMMON_SHARES":1366000000,"PER_SHARES":2000,"TOTAL_MARKET_CAP":382480000,"HKSK_MARKET_CAP":382480000,"PE_TTM":5.592630501535,"PB_TTM":0.380682796518,"REPORT_DATE_SQ":"2019-12-31 00:00:00","REPORT_TYPE_SQ":"2019年年报","OPERATE_INCOME_SQ":397422650.58,"DPS_HKD":null,"OPERATE_INCOME_QOQ_SQ":0.397234208099,"NET_PROFIT_RATIO_SQ":-15.2862207857,"HOLDER_PROFIT_SQ":-55170194.42,"HOLDER_PROFIT_QOQ_SQ":-246.042054738132,"ROE_AVG_SQ":-13.201268491239,"PE_TTM_SQ":-297.975490196078,"PB_TTM_SQ":0.652568319621,"ROA_SQ":-7.873495331308,"START_DATE":"2020-01-01 00:00:00","FISCAL_YEAR":"12-31","CURRENCY":"HKD","IS_CNY_CODE":0,"DPS_HKD_LY":null,"ORG_TYPE":"一般企业","PREMIUM_INCOME":null,"PREMIUM_INCOME_YOY":null,"NET_INTEREST_INCOME":null,"NET_INTEREST_INCOME_YOY":null,"FEE_COMMISSION_INCOME":null,"FEE_COMMISSION_INCOME_YOY":null,"ACCOUNTS_RECE_TDAYS":21.104968865167,"INVENTORY_TDAYS":5.244197990697,"CURRENT_ASSETS_TDAYS":1.803171225263,"TOTAL_ASSETS_TDAYS":0.739516191876,"PREMIUM_EXPENSE":null,"LOAN_DEPOSIT":null,"LOAN_EQUITY":null,"LOAN_ASSETS":null,"DEPOSIT_EQUITY":null,"DEPOSIT_ASSETS":null,"EQUITY_MULTIPLIER":2.373902847343,"EQUITY_RATIO":1.355283215661},{"SECUCODE":"00195.HK","SECURITY_CODE":"00195","SECURITY_NAME_ABBR":"绿科科技国际","ORG_CODE":"10117924","STD_REPORT_DATE":"2020-06-30 00:00:00","REPORT_DATE":"2020-06-30 00:00:00","DATE_TYPE_CODE":"002","REPORT_TYPE":"2020年中报","PER_NETCASH_OPERATE":0.000164900662,"PER_OI":0.024016250073,"BPS":0.25405601675,"BASIC_EPS":-0.005663328,"DILUTED_EPS":null,"OPERATE_INCOME":164030988,"OPERATE_INCOME_YOY":-28.9790704297,"GROSS_PROFIT":-17820300.96,"GROSS_PROFIT_YOY":-163.192242247952,"HOLDER_PROFIT":-38456737.44,"HOLDER_PROFIT_YOY":-244.3792866941,"GROSS_PROFIT_RATIO":-10.863984407629,"EPS_TTM":-0.017463809291,"OPERATE_INCOME_QOQ":-14.691986879657,"NET_PROFIT_RATIO":-26.4357510789,"ROE_AVG":-10.359153915901,"GROSS_PROFIT_QOQ":-877.000920541041,"ROA":-5.899898891308,"HOLDER_PROFIT_QOQ":-116.19974102676,"ROE_YEARLY":-20.718307831802,"ROIC_YEARLY":-14.248763627595,"TOTAL_ASSETS":622364123.04,"TOTAL_LIABILITIES":292052344.32,"TAX_EBT":12.959295929593,"OCF_SALES":0.686621188918,"TOTAL_PARENT_EQUITY":347040518.88,"DEBT_ASSET_RATIO":46.9262821407,"OPERATE_PROFIT":-34741776.96,"PRETAX_PROFIT":-49819017.6,"NETCASH_OPERATE":1126271.52,"NETCASH_INVEST":-26756484.48,"NETCASH_FINANCE":-6504606.24,"END_CASH":108215236.8,"DIVI_RATIO":null,"DIVIDEND_RATE":null,"CURRENT_RATIO":1.066254029268,"COMMON_ACS":4000000000,"CURRENTDEBT_DEBT":62.0017639994,"ISSUED_COMMON_SHARES":1366000000,"HK_COMMON_SHARES":1366000000,"PER_SHARES":2000,"TOTAL_MARKET_CAP":382480000,"HKSK_MARKET_CAP":382480000,"PE_TTM":5.592630501535,"PB_TTM":0.380682796518,"REPORT_DATE_SQ":"2019-06-30 00:00:00","REPORT_TYPE_SQ":"2019年中报","OPERATE_INCOME_SQ":222420271.68,"DPS_HKD":null,"OPERATE_INCOME_QOQ_SQ":4.586357264411,"NET_PROFIT_RATIO_SQ":15.2854679491,"HOLDER_PROFIT_SQ":25650885.6,"HOLDER_PROFIT_QOQ_SQ":9.580627061675,"ROE_AVG_SQ":5.681635516067,"PE_TTM_SQ":-297.975490196078,"PB_TTM_SQ":0.652568319621,"ROA_SQ":3.495441002746,"START_DATE":"2020-01-01 00:00:00","FISCAL_YEAR":"12-31","CURRENCY":"HKD","IS_CNY_CODE":0,"DPS_HKD_LY":null,"ORG_TYPE":"一般企业","PREMIUM_INCOME":null,"PREMIUM_INCOME_YOY":null,"NET_INTEREST_INCOME":null,"NET_INTEREST_INCOME_YOY":null,"FEE_COMMISSION_INCOME":null,"FEE_COMMISSION_INCOME_YOY":null,"ACCOUNTS_RECE_TDAYS":10.772345530894,"INVENTORY_TDAYS":4.880287300673,"CURRENT_ASSETS_TDAYS":0.752154472822,"TOTAL_ASSETS_TDAYS":0.251650636186,"PREMIUM_EXPENSE":null,"LOAN_DEPOSIT":null,"LOAN_EQUITY":null,"LOAN_ASSETS":null,"DEPOSIT_EQUITY":null,"DEPOSIT_ASSETS":null,"EQUITY_MULTIPLIER":1.884171752676,"EQUITY_RATIO":0.841551140087},{"SECUCODE":"00195.HK","SECURITY_CODE":"00195","SECURITY_NAME_ABBR":"绿科科技国际","ORG_CODE":"10117924","STD_REPORT_DATE":"2019-12-31 00:00:00","REPORT_DATE":"2019-12-31 00:00:00","DATE_TYPE_CODE":"001","REPORT_TYPE":"2019年年报","PER_NETCASH_OPERATE":0.014451436436,"PER_OI":0.058187796571,"BPS":0.283882256223,"BASIC_EPS":-0.00806202,"DILUTED_EPS":null,"OPERATE_INCOME":397422650.58,"OPERATE_INCOME_YOY":2.7066757105,"GROSS_PROFIT":5247479.24,"GROSS_PROFIT_YOY":-58.822155012808,"HOLDER_PROFIT":-55170194.42,"HOLDER_PROFIT_YOY":-256.5357732876,"GROSS_PROFIT_RATIO":1.32037749543,"EPS_TTM":-0.008077627294,"OPERATE_INCOME_QOQ":0.397234208099,"NET_PROFIT_RATIO":-15.2862207857,"ROE_AVG":-13.201268491239,"GROSS_PROFIT_QOQ":144.039455237899,"ROA":-7.873495331308,"HOLDER_PROFIT_QOQ":-246.042054738132,"ROE_YEARLY":-13.201268491239,"ROIC_YEARLY":-9.679779399919,"TOTAL_ASSETS":668104972.08,"TOTAL_LIABILITIES":291385588.86,"TAX_EBT":14.616827607045,"OCF_SALES":24.835854402348,"TOTAL_PARENT_EQUITY":387783162,"DEBT_ASSET_RATIO":43.6137435039,"OPERATE_PROFIT":-17858270.08,"PRETAX_PROFIT":-71150909.62,"NETCASH_OPERATE":98703310.86,"NETCASH_INVEST":-59365132.16,"NETCASH_FINANCE":-24262201.3,"END_CASH":141073704.86,"DIVI_RATIO":null,"DIVIDEND_RATE":null,"CURRENT_RATIO":1.30330277386,"COMMON_ACS":4000000000,"CURRENTDEBT_DEBT":62.772874415516,"ISSUED_COMMON_SHARES":1366000000,"HK_COMMON_SHARES":1366000000,"PER_SHARES":2000,"TOTAL_MARKET_CAP":382480000,"HKSK_MARKET_CAP":382480000,"PE_TTM":5.592630501535,"PB_TTM":0.380682796518,"REPORT_DATE_SQ":"2018-12-31 00:00:00","REPORT_TYPE_SQ":"2018年年报","OPERATE_INCOME_SQ":378491237.8,"DPS_HKD":null,"OPERATE_INCOME_QOQ_SQ":0.715547551364,"NET_PROFIT_RATIO_SQ":10.2268912816,"HOLDER_PROFIT_SQ":34474089,"HOLDER_PROFIT_QOQ_SQ":-16.979652456501,"ROE_AVG_SQ":7.782312817526,"PE_TTM_SQ":-297.975490196078,"PB_TTM_SQ":0.652568319621,"ROA_SQ":4.69083359016,"START_DATE":"2019-01-01 00:00:00","FISCAL_YEAR":"12-31","CURRENCY":"HKD","IS_CNY_CODE":0,"DPS_HKD_LY":null,"ORG_TYPE":"一般企业","PREMIUM_INCOME":null,"PREMIUM_INCOME_YOY":null,"NET_INTEREST_INCOME":null,"NET_INTEREST_INCOME_YOY":null,"FEE_COMMISSION_INCOME":null,"FEE_COMMISSION_INCOME_YOY":null,"ACCOUNTS_RECE_TDAYS":20.860494639834,"INVENTORY_TDAYS":9.760079364195,"CURRENT_ASSETS_TDAYS":1.670885360861,"TOTAL_ASSETS_TDAYS":0.567173166017,"PREMIUM_EXPENSE":null,"LOAN_DEPOSIT":null,"LOAN_EQUITY":null,"LOAN_ASSETS":null,"DEPOSIT_EQUITY":null,"DEPOSIT_ASSETS":null,"EQUITY_MULTIPLIER":1.773481805924,"EQUITY_RATIO":0.751413721414}],"count":36},"success":true,"message":"ok","code":0}