{"version":"0402cb25876576057687aa8fc558494a","result":{"pages":6,"data":[{"SECUCODE":"00194.HK","SECURITY_CODE":"00194","SECURITY_NAME_ABBR":"廖创兴企业","ORG_CODE":"10007462","STD_REPORT_DATE":"2024-06-30 00:00:00","REPORT_DATE":"2024-06-30 00:00:00","DATE_TYPE_CODE":"002","REPORT_TYPE":"2024年中报","PER_NETCASH_OPERATE":0.203204337728,"PER_OI":0.876765604116,"BPS":26.60944047653,"BASIC_EPS":-1.003948,"DILUTED_EPS":null,"OPERATE_INCOME":331928938.48,"OPERATE_INCOME_YOY":-2.3881862882,"GROSS_PROFIT":216175559.44,"GROSS_PROFIT_YOY":3.16479368856,"HOLDER_PROFIT":-380332009.6,"HOLDER_PROFIT_YOY":-81.6216593156,"GROSS_PROFIT_RATIO":65.127060156289,"EPS_TTM":-2.396569270489,"OPERATE_INCOME_QOQ":-1.745848249781,"NET_PROFIT_RATIO":-115.0679432257,"ROE_AVG":-3.687054115252,"GROSS_PROFIT_QOQ":5.135625050909,"ROA":-2.735160407621,"HOLDER_PROFIT_QOQ":-22.855306739628,"ROE_YEARLY":-7.374108230504,"ROIC_YEARLY":-6.173575439356,"TOTAL_ASSETS":14122468065,"TOTAL_LIABILITIES":4016829717.16,"TAX_EBT":4.68613700602,"OCF_SALES":23.176586395957,"TOTAL_PARENT_EQUITY":10073893512.08,"DEBT_ASSET_RATIO":28.4428309462,"OPERATE_PROFIT":-268127130.4,"PRETAX_PROFIT":-400722193.48,"NETCASH_OPERATE":76929797.2,"NETCASH_INVEST":-84215721.64,"NETCASH_FINANCE":804323892.36,"END_CASH":1845824110.96,"DIVI_RATIO":-0.106173521931,"DIVIDEND_RATE":7.017543859649,"CURRENT_RATIO":1.427557092843,"COMMON_ACS":null,"CURRENTDEBT_DEBT":58.871128074404,"ISSUED_COMMON_SHARES":378583440,"HK_COMMON_SHARES":378583440,"PER_SHARES":2000,"TOTAL_MARKET_CAP":1510547925.6,"HKSK_MARKET_CAP":1510547925.6,"PE_TTM":-1.507212464416,"PB_TTM":0.136853430015,"REPORT_DATE_SQ":"2023-06-30 00:00:00","REPORT_TYPE_SQ":"2023年中报","OPERATE_INCOME_SQ":343514996.32,"DPS_HKD":0.28,"OPERATE_INCOME_QOQ_SQ":3.333831226777,"NET_PROFIT_RATIO_SQ":-60.9704120413,"HOLDER_PROFIT_SQ":-211542779.12,"HOLDER_PROFIT_QOQ_SQ":-407.695203676809,"ROE_AVG_SQ":-1.853525263778,"PE_TTM_SQ":-7.203073141218,"PB_TTM_SQ":0.15569048956,"ROA_SQ":-1.45639070097,"START_DATE":"2024-01-01 00:00:00","FISCAL_YEAR":"12-31","CURRENCY":"HKD","IS_CNY_CODE":0,"DPS_HKD_LY":0.28,"ORG_TYPE":"一般企业","PREMIUM_INCOME":null,"PREMIUM_INCOME_YOY":null,"NET_INTEREST_INCOME":null,"NET_INTEREST_INCOME_YOY":null,"FEE_COMMISSION_INCOME":null,"FEE_COMMISSION_INCOME_YOY":null,"ACCOUNTS_RECE_TDAYS":2.112359550562,"INVENTORY_TDAYS":0.096667903966,"CURRENT_ASSETS_TDAYS":0.113790681852,"TOTAL_ASSETS_TDAYS":0.023870693703,"PREMIUM_EXPENSE":null,"LOAN_DEPOSIT":null,"LOAN_EQUITY":null,"LOAN_ASSETS":null,"DEPOSIT_EQUITY":null,"DEPOSIT_ASSETS":null,"EQUITY_MULTIPLIER":1.397484016239,"EQUITY_RATIO":0.398736567182},{"SECUCODE":"00194.HK","SECURITY_CODE":"00194","SECURITY_NAME_ABBR":"廖创兴企业","ORG_CODE":"10007462","STD_REPORT_DATE":"2023-12-31 00:00:00","REPORT_DATE":"2023-12-31 00:00:00","DATE_TYPE_CODE":"001","REPORT_TYPE":"2023年年报","PER_NETCASH_OPERATE":0.404831878172,"PER_OI":1.752942163609,"BPS":27.68757247755,"BASIC_EPS":-1.948373,"DILUTED_EPS":null,"OPERATE_INCOME":663634874.42,"OPERATE_INCOME_YOY":2.3867513003,"GROSS_PROFIT":-129130006.46,"GROSS_PROFIT_YOY":-137.09193347798,"HOLDER_PROFIT":-738512208.14,"HOLDER_PROFIT_YOY":-1045.9732088963,"GROSS_PROFIT_RATIO":-19.457989843113,"EPS_TTM":-1.950725071704,"OPERATE_INCOME_QOQ":0.519917971948,"NET_PROFIT_RATIO":-119.2235266164,"ROE_AVG":-6.74444677047,"GROSS_PROFIT_QOQ":-135.891181886797,"ROA":-5.286587636343,"HOLDER_PROFIT_QOQ":-211.895424911329,"ROE_YEARLY":-6.74444677047,"ROIC_YEARLY":-5.842713256073,"TOTAL_ASSETS":13591228381.08,"TOTAL_LIABILITIES":3074922268.6,"TAX_EBT":1.341196624465,"OCF_SALES":23.094422997879,"TOTAL_PARENT_EQUITY":10482056433.8,"DEBT_ASSET_RATIO":22.6243146122,"OPERATE_PROFIT":-696480818.32,"PRETAX_PROFIT":-801964826.32,"NETCASH_OPERATE":153262645.06,"NETCASH_INVEST":-482495089.72,"NETCASH_FINANCE":-56314323.24,"END_CASH":1048471165.84,"DIVI_RATIO":-0.130439806045,"DIVIDEND_RATE":7.106598984772,"CURRENT_RATIO":1.143189298971,"COMMON_ACS":null,"CURRENTDEBT_DEBT":69.435447507169,"ISSUED_COMMON_SHARES":378583440,"HK_COMMON_SHARES":378583440,"PER_SHARES":2000,"TOTAL_MARKET_CAP":1491618753.6,"HKSK_MARKET_CAP":1491618753.6,"PE_TTM":-1.488325090175,"PB_TTM":0.135138474752,"REPORT_DATE_SQ":"2022-12-31 00:00:00","REPORT_TYPE_SQ":"2022年年报","OPERATE_INCOME_SQ":638902434.8,"DPS_HKD":0.28,"OPERATE_INCOME_QOQ_SQ":-6.138707761111,"NET_PROFIT_RATIO_SQ":12.415273195,"HOLDER_PROFIT_SQ":76953423.96,"HOLDER_PROFIT_QOQ_SQ":-70.167564947682,"ROE_AVG_SQ":0.669212633832,"PE_TTM_SQ":-7.779318992515,"PB_TTM_SQ":0.168145728725,"ROA_SQ":0.538147215134,"START_DATE":"2023-01-01 00:00:00","FISCAL_YEAR":"12-31","CURRENCY":"HKD","IS_CNY_CODE":0,"DPS_HKD_LY":0.31,"ORG_TYPE":"一般企业","PREMIUM_INCOME":null,"PREMIUM_INCOME_YOY":null,"NET_INTEREST_INCOME":null,"NET_INTEREST_INCOME_YOY":null,"FEE_COMMISSION_INCOME":null,"FEE_COMMISSION_INCOME_YOY":null,"ACCOUNTS_RECE_TDAYS":4.619850612564,"INVENTORY_TDAYS":0.551718657566,"CURRENT_ASSETS_TDAYS":0.230361417889,"TOTAL_ASSETS_TDAYS":0.047505835157,"PREMIUM_EXPENSE":null,"LOAN_DEPOSIT":null,"LOAN_EQUITY":null,"LOAN_ASSETS":null,"DEPOSIT_EQUITY":null,"DEPOSIT_ASSETS":null,"EQUITY_MULTIPLIER":1.292395660198,"EQUITY_RATIO":0.293351050724},{"SECUCODE":"00194.HK","SECURITY_CODE":"00194","SECURITY_NAME_ABBR":"廖创兴企业","ORG_CODE":"10007462","STD_REPORT_DATE":"2023-06-30 00:00:00","REPORT_DATE":"2023-06-30 00:00:00","DATE_TYPE_CODE":"002","REPORT_TYPE":"2023年中报","PER_NETCASH_OPERATE":0.139255267954,"PER_OI":0.907369314199,"BPS":29.609387272354,"BASIC_EPS":-0.5624078,"DILUTED_EPS":null,"OPERATE_INCOME":343514996.32,"OPERATE_INCOME_YOY":-1.1125974054,"GROSS_PROFIT":209543926.48,"GROSS_PROFIT_YOY":5.885373176732,"HOLDER_PROFIT":-211542779.12,"HOLDER_PROFIT_YOY":-292.0081675691,"GROSS_PROFIT_RATIO":60.999935584996,"EPS_TTM":-0.625442028288,"OPERATE_INCOME_QOQ":3.333831226777,"NET_PROFIT_RATIO":-60.9704120413,"ROE_AVG":-1.853525263778,"GROSS_PROFIT_QOQ":3.34553371625,"ROA":-1.45639070097,"HOLDER_PROFIT_QOQ":-407.695203676809,"ROE_YEARLY":-3.707050527556,"ROIC_YEARLY":-3.243117673796,"TOTAL_ASSETS":14452895785.36,"TOTAL_LIABILITIES":3191135970.46,"TAX_EBT":8.056760782282,"OCF_SALES":15.347143194555,"TOTAL_PARENT_EQUITY":11209623689.86,"DEBT_ASSET_RATIO":22.0795612025,"OPERATE_PROFIT":-181990554.18,"PRETAX_PROFIT":-227795442.56,"NETCASH_OPERATE":52719738.38,"NETCASH_INVEST":-405640774.66,"NETCASH_FINANCE":199344983.72,"END_CASH":1315710637.02,"DIVI_RATIO":-0.406835787317,"DIVIDEND_RATE":7.106598984772,"CURRENT_RATIO":1.228367141235,"COMMON_ACS":null,"CURRENTDEBT_DEBT":81.090652110539,"ISSUED_COMMON_SHARES":378583440,"HK_COMMON_SHARES":378583440,"PER_SHARES":2000,"TOTAL_MARKET_CAP":1491618753.6,"HKSK_MARKET_CAP":1491618753.6,"PE_TTM":-1.488325090175,"PB_TTM":0.135138474752,"REPORT_DATE_SQ":"2022-06-30 00:00:00","REPORT_TYPE_SQ":"2022年中报","OPERATE_INCOME_SQ":322215067.44,"DPS_HKD":0.28,"OPERATE_INCOME_QOQ_SQ":-0.31384488128,"NET_PROFIT_RATIO_SQ":31.6737265643,"HOLDER_PROFIT_SQ":102192639.43,"HOLDER_PROFIT_QOQ_SQ":-26.164803346714,"ROE_AVG_SQ":0.917083796779,"PE_TTM_SQ":-7.779318992515,"PB_TTM_SQ":0.168145728725,"ROA_SQ":0.739482317203,"START_DATE":"2023-01-01 00:00:00","FISCAL_YEAR":"12-31","CURRENCY":"HKD","IS_CNY_CODE":0,"DPS_HKD_LY":0.31,"ORG_TYPE":"一般企业","PREMIUM_INCOME":null,"PREMIUM_INCOME_YOY":null,"NET_INTEREST_INCOME":null,"NET_INTEREST_INCOME_YOY":null,"FEE_COMMISSION_INCOME":null,"FEE_COMMISSION_INCOME_YOY":null,"ACCOUNTS_RECE_TDAYS":2.459405849096,"INVENTORY_TDAYS":0.078950993041,"CURRENT_ASSETS_TDAYS":0.104773442307,"TOTAL_ASSETS_TDAYS":0.023649686761,"PREMIUM_EXPENSE":null,"LOAN_DEPOSIT":null,"LOAN_EQUITY":null,"LOAN_ASSETS":null,"DEPOSIT_EQUITY":null,"DEPOSIT_ASSETS":null,"EQUITY_MULTIPLIER":1.283360329372,"EQUITY_RATIO":0.284678242442},{"SECUCODE":"00194.HK","SECURITY_CODE":"00194","SECURITY_NAME_ABBR":"廖创兴企业","ORG_CODE":"10007462","STD_REPORT_DATE":"2022-12-31 00:00:00","REPORT_DATE":"2022-12-31 00:00:00","DATE_TYPE_CODE":"001","REPORT_TYPE":"2022年年报","PER_NETCASH_OPERATE":-0.537382271766,"PER_OI":1.687613263803,"BPS":29.728299578318,"BASIC_EPS":0.2054521,"DILUTED_EPS":null,"OPERATE_INCOME":638902434.8,"OPERATE_INCOME_YOY":-14.3594379554,"GROSS_PROFIT":348135010.37,"GROSS_PROFIT_YOY":-9.959010539698,"HOLDER_PROFIT":76953423.96,"HOLDER_PROFIT_YOY":-79.8390833649,"GROSS_PROFIT_RATIO":54.489541971926,"EPS_TTM":0.203266746057,"OPERATE_INCOME_QOQ":-6.138707761111,"NET_PROFIT_RATIO":12.415273195,"ROE_AVG":0.669212633832,"GROSS_PROFIT_QOQ":-10.414209303714,"ROA":0.538147215134,"HOLDER_PROFIT_QOQ":-70.167564947682,"ROE_YEARLY":0.669212633832,"ROIC_YEARLY":0.61041430663,"TOTAL_ASSETS":14142827692.42,"TOTAL_LIABILITIES":2834039318.39,"TAX_EBT":52.767745538683,"OCF_SALES":-31.842738101896,"TOTAL_PARENT_EQUITY":11254641919.71,"DEBT_ASSET_RATIO":20.0387035749,"OPERATE_PROFIT":242408466.44,"PRETAX_PROFIT":167939226.35,"NETCASH_OPERATE":-203444029.04,"NETCASH_INVEST":-114599394.84,"NETCASH_FINANCE":111978540.66,"END_CASH":1426362816.76,"DIVI_RATIO":1.251814204416,"DIVIDEND_RATE":7.106598984772,"CURRENT_RATIO":2.403120057079,"COMMON_ACS":null,"CURRENTDEBT_DEBT":48.064067436221,"ISSUED_COMMON_SHARES":378583440,"HK_COMMON_SHARES":378583440,"PER_SHARES":2000,"TOTAL_MARKET_CAP":1491618753.6,"HKSK_MARKET_CAP":1491618753.6,"PE_TTM":-1.488325090175,"PB_TTM":0.135138474752,"REPORT_DATE_SQ":"2021-12-31 00:00:00","REPORT_TYPE_SQ":"2021年年报","OPERATE_INCOME_SQ":682830904,"DPS_HKD":0.28,"OPERATE_INCOME_QOQ_SQ":10.432775149108,"NET_PROFIT_RATIO_SQ":50.3668137434,"HOLDER_PROFIT_SQ":349362115.2,"HOLDER_PROFIT_QOQ_SQ":11.067795215827,"ROE_AVG_SQ":3.322157031556,"PE_TTM_SQ":-7.779318992515,"PB_TTM_SQ":0.168145728725,"ROA_SQ":2.745854874184,"START_DATE":"2022-01-01 00:00:00","FISCAL_YEAR":"12-31","CURRENCY":"HKD","IS_CNY_CODE":0,"DPS_HKD_LY":0.46,"ORG_TYPE":"一般企业","PREMIUM_INCOME":null,"PREMIUM_INCOME_YOY":null,"NET_INTEREST_INCOME":null,"NET_INTEREST_INCOME_YOY":null,"FEE_COMMISSION_INCOME":null,"FEE_COMMISSION_INCOME_YOY":null,"ACCOUNTS_RECE_TDAYS":5.036901408451,"INVENTORY_TDAYS":0.176721747494,"CURRENT_ASSETS_TDAYS":0.187077296502,"TOTAL_ASSETS_TDAYS":0.044679437033,"PREMIUM_EXPENSE":null,"LOAN_DEPOSIT":null,"LOAN_EQUITY":null,"LOAN_ASSETS":null,"DEPOSIT_EQUITY":null,"DEPOSIT_ASSETS":null,"EQUITY_MULTIPLIER":1.250605036071,"EQUITY_RATIO":0.251810705184},{"SECUCODE":"00194.HK","SECURITY_CODE":"00194","SECURITY_NAME_ABBR":"廖创兴企业","ORG_CODE":"10007462","STD_REPORT_DATE":"2022-06-30 00:00:00","REPORT_DATE":"2022-06-30 00:00:00","DATE_TYPE_CODE":"002","REPORT_TYPE":"2022年中报","PER_NETCASH_OPERATE":-0.122114998506,"PER_OI":0.851107136223,"BPS":29.170596096068,"BASIC_EPS":0.2736608,"DILUTED_EPS":null,"OPERATE_INCOME":322215067.44,"OPERATE_INCOME_YOY":-3.3451679767,"GROSS_PROFIT":197896952.33,"GROSS_PROFIT_YOY":1.002681921061,"HOLDER_PROFIT":102192639.43,"HOLDER_PROFIT_YOY":-48.6416558862,"GROSS_PROFIT_RATIO":61.417659298894,"EPS_TTM":0.681361564019,"OPERATE_INCOME_QOQ":-0.31384488128,"NET_PROFIT_RATIO":31.6737265643,"ROE_AVG":0.917083796779,"GROSS_PROFIT_QOQ":0.50811491474,"ROA":0.739482317203,"HOLDER_PROFIT_QOQ":-26.164803346714,"ROE_YEARLY":1.834167593559,"ROIC_YEARLY":1.687959205734,"TOTAL_ASSETS":13798682212.56,"TOTAL_LIABILITIES":2689092788.41,"TAX_EBT":7.470497929815,"OCF_SALES":-14.347782236661,"TOTAL_PARENT_EQUITY":11043504616.9,"DEBT_ASSET_RATIO":19.4880405751,"OPERATE_PROFIT":123143939.24,"PRETAX_PROFIT":110297275.06,"NETCASH_OPERATE":-46230716.21,"NETCASH_INVEST":-206131576.84,"NETCASH_FINANCE":143258008.04,"END_CASH":1476490666.14,"DIVI_RATIO":0.373446659508,"DIVIDEND_RATE":6.947890818859,"CURRENT_RATIO":2.620671377243,"COMMON_ACS":null,"CURRENTDEBT_DEBT":46.317928253657,"ISSUED_COMMON_SHARES":378583440,"HK_COMMON_SHARES":378583440,"PER_SHARES":2000,"TOTAL_MARKET_CAP":1525691263.2,"HKSK_MARKET_CAP":1525691263.2,"PE_TTM":-1.522322363809,"PB_TTM":0.138225394226,"REPORT_DATE_SQ":"2021-06-30 00:00:00","REPORT_TYPE_SQ":"2021年中报","OPERATE_INCOME_SQ":324358097.28,"DPS_HKD":0.28,"OPERATE_INCOME_QOQ_SQ":-4.789638683573,"NET_PROFIT_RATIO_SQ":60.8853920824,"HOLDER_PROFIT_SQ":193602549.84,"HOLDER_PROFIT_QOQ_SQ":129.90456735528,"ROE_AVG_SQ":1.824078029112,"PE_TTM_SQ":-7.779318992515,"PB_TTM_SQ":0.168145728725,"ROA_SQ":1.528230838633,"START_DATE":"2022-01-01 00:00:00","FISCAL_YEAR":"12-31","CURRENCY":"HKD","IS_CNY_CODE":0,"DPS_HKD_LY":0.46,"ORG_TYPE":"一般企业","PREMIUM_INCOME":null,"PREMIUM_INCOME_YOY":null,"NET_INTEREST_INCOME":null,"NET_INTEREST_INCOME_YOY":null,"FEE_COMMISSION_INCOME":null,"FEE_COMMISSION_INCOME_YOY":null,"ACCOUNTS_RECE_TDAYS":2.628685050494,"INVENTORY_TDAYS":0.079889845011,"CURRENT_ASSETS_TDAYS":0.096624393366,"TOTAL_ASSETS_TDAYS":0.02331599869,"PREMIUM_EXPENSE":null,"LOAN_DEPOSIT":null,"LOAN_EQUITY":null,"LOAN_ASSETS":null,"DEPOSIT_EQUITY":null,"DEPOSIT_ASSETS":null,"EQUITY_MULTIPLIER":1.242051500352,"EQUITY_RATIO":0.243499946955},{"SECUCODE":"00194.HK","SECURITY_CODE":"00194","SECURITY_NAME_ABBR":"廖创兴企业","ORG_CODE":"10007462","STD_REPORT_DATE":"2021-12-31 00:00:00","REPORT_DATE":"2021-12-31 00:00:00","DATE_TYPE_CODE":"001","REPORT_TYPE":"2021年年报","PER_NETCASH_OPERATE":0.366288296181,"PER_OI":1.803647048059,"BPS":28.392010993402,"BASIC_EPS":0.923888,"DILUTED_EPS":null,"OPERATE_INCOME":682830904,"OPERATE_INCOME_YOY":8.2349907079,"GROSS_PROFIT":386640587.2,"GROSS_PROFIT_YOY":2.785039223048,"HOLDER_PROFIT":349362115.2,"HOLDER_PROFIT_YOY":162.8580216535,"GROSS_PROFIT_RATIO":56.623182245425,"EPS_TTM":0.922814043847,"OPERATE_INCOME_QOQ":10.432775149108,"NET_PROFIT_RATIO":50.3668137434,"ROE_AVG":3.322157031556,"GROSS_PROFIT_QOQ":5.550755225055,"ROA":2.745854874184,"HOLDER_PROFIT_QOQ":11.067795215827,"ROE_YEARLY":3.322157031556,"ROIC_YEARLY":3.165104695181,"TOTAL_ASSETS":13231933747.2,"TOTAL_LIABILITIES":2411479313.6,"TAX_EBT":37.095242581535,"OCF_SALES":20.30820257075,"TOTAL_PARENT_EQUITY":10748745190.4,"DEBT_ASSET_RATIO":18.2246930772,"OPERATE_PROFIT":543581360,"PRETAX_PROFIT":546731572.8,"NETCASH_OPERATE":138670683.2,"NETCASH_INVEST":68139601.6,"NETCASH_FINANCE":-219543587.2,"END_CASH":1533506094.4,"DIVI_RATIO":0.275735075443,"DIVIDEND_RATE":7.106598984772,"CURRENT_RATIO":3.25982734555,"COMMON_ACS":null,"CURRENTDEBT_DEBT":41.414855120987,"ISSUED_COMMON_SHARES":378583440,"HK_COMMON_SHARES":378583440,"PER_SHARES":2000,"TOTAL_MARKET_CAP":1491618753.6,"HKSK_MARKET_CAP":1491618753.6,"PE_TTM":-1.488325090175,"PB_TTM":0.135138474752,"REPORT_DATE_SQ":"2020-12-31 00:00:00","REPORT_TYPE_SQ":"2020年年报","OPERATE_INCOME_SQ":649427940.08,"DPS_HKD":0.28,"OPERATE_INCOME_QOQ_SQ":-16.387612897954,"NET_PROFIT_RATIO_SQ":22.4863987808,"HOLDER_PROFIT_SQ":136816998.4,"HOLDER_PROFIT_QOQ_SQ":-1.38964961983,"ROE_AVG_SQ":1.301953707441,"PE_TTM_SQ":-7.779318992515,"PB_TTM_SQ":0.168145728725,"ROA_SQ":1.090107043871,"START_DATE":"2021-01-01 00:00:00","FISCAL_YEAR":"12-31","CURRENCY":"HKD","IS_CNY_CODE":0,"DPS_HKD_LY":0.43,"ORG_TYPE":"一般企业","PREMIUM_INCOME":null,"PREMIUM_INCOME_YOY":null,"NET_INTEREST_INCOME":null,"NET_INTEREST_INCOME_YOY":null,"FEE_COMMISSION_INCOME":null,"FEE_COMMISSION_INCOME_YOY":null,"ACCOUNTS_RECE_TDAYS":7.716932316932,"INVENTORY_TDAYS":0.21031816989,"CURRENT_ASSETS_TDAYS":0.218434991028,"TOTAL_ASSETS_TDAYS":0.053667941784,"PREMIUM_EXPENSE":null,"LOAN_DEPOSIT":null,"LOAN_EQUITY":null,"LOAN_ASSETS":null,"DEPOSIT_EQUITY":null,"DEPOSIT_ASSETS":null,"EQUITY_MULTIPLIER":1.222863034857,"EQUITY_RATIO":0.224349844645},{"SECUCODE":"00194.HK","SECURITY_CODE":"00194","SECURITY_NAME_ABBR":"廖创兴企业","ORG_CODE":"10007462","STD_REPORT_DATE":"2021-06-30 00:00:00","REPORT_DATE":"2021-06-30 00:00:00","DATE_TYPE_CODE":"002","REPORT_TYPE":"2021年中报","PER_NETCASH_OPERATE":0.260147366826,"PER_OI":0.85676779016,"BPS":28.426537924004,"BASIC_EPS":0.5075688,"DILUTED_EPS":null,"OPERATE_INCOME":324358097.28,"OPERATE_INCOME_YOY":0.1716570559,"GROSS_PROFIT":195932373.84,"GROSS_PROFIT_YOY":-4.789628534363,"HOLDER_PROFIT":193602549.84,"HOLDER_PROFIT_YOY":1239.1251798561,"GROSS_PROFIT_RATIO":60.406191639132,"EPS_TTM":0.830856543118,"OPERATE_INCOME_QOQ":-4.789638683573,"NET_PROFIT_RATIO":60.8853920824,"ROE_AVG":1.824078029112,"GROSS_PROFIT_QOQ":-2.620271163489,"ROA":1.528230838633,"HOLDER_PROFIT_QOQ":129.90456735528,"ROE_YEARLY":3.648156058223,"ROIC_YEARLY":3.515491924366,"TOTAL_ASSETS":12905919426.48,"TOTAL_LIABILITIES":2065111061.28,"TAX_EBT":8.791825347111,"OCF_SALES":30.363812670593,"TOTAL_PARENT_EQUITY":10761816514.56,"DEBT_ASSET_RATIO":16.0012703709,"OPERATE_PROFIT":220928057.04,"PRETAX_PROFIT":216523025.52,"NETCASH_OPERATE":98487485.04,"NETCASH_INVEST":-183707454.48,"NETCASH_FINANCE":15244537.68,"END_CASH":1494317494.56,"DIVI_RATIO":0.306252868931,"DIVIDEND_RATE":6.947890818859,"CURRENT_RATIO":3.339078553358,"COMMON_ACS":null,"CURRENTDEBT_DEBT":44.578111791692,"ISSUED_COMMON_SHARES":378583440,"HK_COMMON_SHARES":378583440,"PER_SHARES":2000,"TOTAL_MARKET_CAP":1525691263.2,"HKSK_MARKET_CAP":1525691263.2,"PE_TTM":-1.522322363809,"PB_TTM":0.138225394226,"REPORT_DATE_SQ":"2020-06-30 00:00:00","REPORT_TYPE_SQ":"2020年中报","OPERATE_INCOME_SQ":355463349.12,"DPS_HKD":0.28,"OPERATE_INCOME_QOQ_SQ":-32.074093348673,"NET_PROFIT_RATIO_SQ":5.4557649018,"HOLDER_PROFIT_SQ":15871020,"HOLDER_PROFIT_QOQ_SQ":-63.978325367651,"ROE_AVG_SQ":0.141821915751,"PE_TTM_SQ":-7.779318992515,"PB_TTM_SQ":0.168145728725,"ROA_SQ":0.11836626084,"START_DATE":"2021-01-01 00:00:00","FISCAL_YEAR":"12-31","CURRENCY":"HKD","IS_CNY_CODE":0,"DPS_HKD_LY":0.43,"ORG_TYPE":"一般企业","PREMIUM_INCOME":null,"PREMIUM_INCOME_YOY":null,"NET_INTEREST_INCOME":null,"NET_INTEREST_INCOME_YOY":null,"FEE_COMMISSION_INCOME":null,"FEE_COMMISSION_INCOME_YOY":null,"ACCOUNTS_RECE_TDAYS":3.53584224514,"INVENTORY_TDAYS":0.093456534837,"CURRENT_ASSETS_TDAYS":0.105940769365,"TOTAL_ASSETS_TDAYS":0.025603694137,"PREMIUM_EXPENSE":null,"LOAN_DEPOSIT":null,"LOAN_EQUITY":null,"LOAN_ASSETS":null,"DEPOSIT_EQUITY":null,"DEPOSIT_ASSETS":null,"EQUITY_MULTIPLIER":1.190494194871,"EQUITY_RATIO":0.19189242434},{"SECUCODE":"00194.HK","SECURITY_CODE":"00194","SECURITY_NAME_ABBR":"廖创兴企业","ORG_CODE":"10007462","STD_REPORT_DATE":"2020-12-31 00:00:00","REPORT_DATE":"2020-12-31 00:00:00","DATE_TYPE_CODE":"001","REPORT_TYPE":"2020年年报","PER_NETCASH_OPERATE":0.633763078174,"PER_OI":1.715415603176,"BPS":27.961782094536,"BASIC_EPS":0.3619052,"DILUTED_EPS":null,"OPERATE_INCOME":649427940.08,"OPERATE_INCOME_YOY":-39.5521218825,"GROSS_PROFIT":376164264.88,"GROSS_PROFIT_YOY":-41.182007050689,"HOLDER_PROFIT":136816998.4,"HOLDER_PROFIT_YOY":-62.1939421002,"GROSS_PROFIT_RATIO":57.922402419838,"EPS_TTM":0.361391925648,"OPERATE_INCOME_QOQ":-16.387612897954,"NET_PROFIT_RATIO":22.4863987808,"ROE_AVG":1.301953707441,"GROSS_PROFIT_QOQ":-22.427032006752,"ROA":1.090107043871,"HOLDER_PROFIT_QOQ":-1.38964961983,"ROE_YEARLY":1.301953707441,"ROIC_YEARLY":1.266614280655,"TOTAL_ASSETS":12573722862,"TOTAL_LIABILITIES":1914029913.88,"TAX_EBT":29.643656534856,"OCF_SALES":36.945162268572,"TOTAL_PARENT_EQUITY":10585867653.88,"DEBT_ASSET_RATIO":15.2224598465,"OPERATE_PROFIT":206680693.16,"PRETAX_PROFIT":207561890.24,"NETCASH_OPERATE":239932206.28,"NETCASH_INVEST":-154822202.92,"NETCASH_FINANCE":-254872999.56,"END_CASH":1579563019.52,"DIVI_RATIO":0.704089333329,"DIVIDEND_RATE":7.106598984772,"CURRENT_RATIO":3.990233673249,"COMMON_ACS":null,"CURRENTDEBT_DEBT":40.386743805534,"ISSUED_COMMON_SHARES":378583440,"HK_COMMON_SHARES":378583440,"PER_SHARES":2000,"TOTAL_MARKET_CAP":1491618753.6,"HKSK_MARKET_CAP":1491618753.6,"PE_TTM":-1.488325090175,"PB_TTM":0.135138474752,"REPORT_DATE_SQ":"2019-12-31 00:00:00","REPORT_TYPE_SQ":"2019年年报","OPERATE_INCOME_SQ":1143470336.24,"DPS_HKD":0.28,"OPERATE_INCOME_QOQ_SQ":-41.116363491425,"NET_PROFIT_RATIO_SQ":34.9758090039,"HOLDER_PROFIT_SQ":385171067.52,"HOLDER_PROFIT_QOQ_SQ":-52.484766795633,"ROE_AVG_SQ":3.477877128338,"PE_TTM_SQ":-7.779318992515,"PB_TTM_SQ":0.168145728725,"ROA_SQ":2.925204002304,"START_DATE":"2020-01-01 00:00:00","FISCAL_YEAR":"12-31","CURRENCY":"HKD","IS_CNY_CODE":0,"DPS_HKD_LY":0.53,"ORG_TYPE":"一般企业","PREMIUM_INCOME":null,"PREMIUM_INCOME_YOY":null,"NET_INTEREST_INCOME":null,"NET_INTEREST_INCOME_YOY":null,"FEE_COMMISSION_INCOME":null,"FEE_COMMISSION_INCOME_YOY":null,"ACCOUNTS_RECE_TDAYS":9.347442125283,"INVENTORY_TDAYS":0.200963470922,"CURRENT_ASSETS_TDAYS":0.207672801398,"TOTAL_ASSETS_TDAYS":0.051744006976,"PREMIUM_EXPENSE":null,"LOAN_DEPOSIT":null,"LOAN_EQUITY":null,"LOAN_ASSETS":null,"DEPOSIT_EQUITY":null,"DEPOSIT_ASSETS":null,"EQUITY_MULTIPLIER":1.179557696755,"EQUITY_RATIO":0.180809922858},{"SECUCODE":"00194.HK","SECURITY_CODE":"00194","SECURITY_NAME_ABBR":"廖创兴企业","ORG_CODE":"10007462","STD_REPORT_DATE":"2020-06-30 00:00:00","REPORT_DATE":"2020-06-30 00:00:00","DATE_TYPE_CODE":"002","REPORT_TYPE":"2020年中报","PER_NETCASH_OPERATE":0.061523574724,"PER_OI":0.938929999474,"BPS":29.21525325038,"BASIC_EPS":0.045672,"DILUTED_EPS":null,"OPERATE_INCOME":355463349.12,"OPERATE_INCOME_YOY":-52.6020586512,"GROSS_PROFIT":205788897.6,"GROSS_PROFIT_YOY":-42.901708629983,"HOLDER_PROFIT":15871020,"HOLDER_PROFIT_YOY":-94.1729827621,"GROSS_PROFIT_RATIO":57.893140912969,"EPS_TTM":0.36648478,"OPERATE_INCOME_QOQ":-32.074093348673,"NET_PROFIT_RATIO":5.4557649018,"ROE_AVG":0.141821915751,"GROSS_PROFIT_QOQ":-24.17720441684,"ROA":0.11836626084,"HOLDER_PROFIT_QOQ":-63.978325367651,"ROE_YEARLY":0.283643831502,"ROIC_YEARLY":0.275480226446,"TOTAL_ASSETS":13220202504.96,"TOTAL_LIABILITIES":2103342663.84,"TAX_EBT":47.784062961141,"OCF_SALES":6.552519863908,"TOTAL_PARENT_EQUITY":11060411076,"DEBT_ASSET_RATIO":15.9100638818,"OPERATE_PROFIT":51614840.64,"PRETAX_PROFIT":37140470.4,"NETCASH_OPERATE":23291806.56,"NETCASH_INVEST":-61287256.8,"NETCASH_FINANCE":-114443070.72,"END_CASH":1702776387.84,"DIVI_RATIO":0.694304958585,"DIVIDEND_RATE":7.106598984772,"CURRENT_RATIO":4.082615813693,"COMMON_ACS":null,"CURRENTDEBT_DEBT":37.853466055142,"ISSUED_COMMON_SHARES":378583440,"HK_COMMON_SHARES":378583440,"PER_SHARES":2000,"TOTAL_MARKET_CAP":1491618753.6,"HKSK_MARKET_CAP":1491618753.6,"PE_TTM":-1.488325090175,"PB_TTM":0.135138474752,"REPORT_DATE_SQ":"2019-06-30 00:00:00","REPORT_TYPE_SQ":"2019年中报","OPERATE_INCOME_SQ":722221092.18,"DPS_HKD":0.28,"OPERATE_INCOME_QOQ_SQ":20.698294864248,"NET_PROFIT_RATIO_SQ":37.8043002449,"HOLDER_PROFIT_SQ":262297018.8,"HOLDER_PROFIT_QOQ_SQ":-8.785213133231,"ROE_AVG_SQ":2.408011641603,"PE_TTM_SQ":-7.779318992515,"PB_TTM_SQ":0.168145728725,"ROA_SQ":2.027122915487,"START_DATE":"2020-01-01 00:00:00","FISCAL_YEAR":"12-31","CURRENCY":"HKD","IS_CNY_CODE":0,"DPS_HKD_LY":0.53,"ORG_TYPE":"一般企业","PREMIUM_INCOME":null,"PREMIUM_INCOME_YOY":null,"NET_INTEREST_INCOME":null,"NET_INTEREST_INCOME_YOY":null,"FEE_COMMISSION_INCOME":null,"FEE_COMMISSION_INCOME_YOY":null,"ACCOUNTS_RECE_TDAYS":4.689292836787,"INVENTORY_TDAYS":0.105300735077,"CURRENT_ASSETS_TDAYS":0.10625472623,"TOTAL_ASSETS_TDAYS":0.026510499956,"PREMIUM_EXPENSE":null,"LOAN_DEPOSIT":null,"LOAN_EQUITY":null,"LOAN_ASSETS":null,"DEPOSIT_EQUITY":null,"DEPOSIT_ASSETS":null,"EQUITY_MULTIPLIER":1.189202948846,"EQUITY_RATIO":0.190168579575}],"count":50},"success":true,"message":"ok","code":0}