{"version":"b495e52ef1362660f88f36268037b1c9","result":{"pages":6,"data":[{"SECUCODE":"00191.HK","SECURITY_CODE":"00191","SECURITY_NAME_ABBR":"丽新国际","ORG_CODE":"10007459","STD_REPORT_DATE":"2024-12-31 00:00:00","REPORT_DATE":"2024-07-31 00:00:00","DATE_TYPE_CODE":"001","REPORT_TYPE":"2024年年报","PER_NETCASH_OPERATE":-0.784100438213,"PER_OI":6.303074312538,"BPS":16.503361205733,"BASIC_EPS":-2.24138544,"DILUTED_EPS":-2.24138544,"OPERATE_INCOME":5567971343.76,"OPERATE_INCOME_YOY":22.0548589464,"GROSS_PROFIT":1465044053.76,"GROSS_PROFIT_YOY":100.459438412575,"HOLDER_PROFIT":-1980014688.96,"HOLDER_PROFIT_YOY":-30.1690885073,"GROSS_PROFIT_RATIO":26.311989830944,"EPS_TTM":-2.241423124136,"OPERATE_INCOME_QOQ":0,"NET_PROFIT_RATIO":-69.8143136781,"ROE_AVG":-12.658059255351,"GROSS_PROFIT_QOQ":0,"ROA":-2.942159633084,"HOLDER_PROFIT_QOQ":0,"ROE_YEARLY":-12.658059255351,"ROIC_YEARLY":-4.245616113802,"TOTAL_ASSETS":64247173635.12,"TOTAL_LIABILITIES":33066176620.96,"TAX_EBT":-10.365343244135,"OCF_SALES":-12.439968170028,"TOTAL_PARENT_EQUITY":14578638567.92,"DEBT_ASSET_RATIO":51.4671303811,"OPERATE_PROFIT":-1523981347.84,"PRETAX_PROFIT":-3522157287.04,"NETCASH_OPERATE":-692653862.88,"NETCASH_INVEST":818781572,"NETCASH_FINANCE":-906579215.36,"END_CASH":2582189283.52,"DIVI_RATIO":null,"DIVIDEND_RATE":null,"CURRENT_RATIO":2.267718565847,"COMMON_ACS":null,"CURRENTDEBT_DEBT":18.199651816852,"ISSUED_COMMON_SHARES":883373901,"HK_COMMON_SHARES":883373901,"PER_SHARES":1000,"TOTAL_MARKET_CAP":450520689.51,"HKSK_MARKET_CAP":450520689.51,"PE_TTM":-0.20782046682,"PB_TTM":0.028225377497,"REPORT_DATE_SQ":"2023-12-31 00:00:00","REPORT_TYPE_SQ":"2023年年报","OPERATE_INCOME_SQ":4566904172.67,"DPS_HKD":null,"OPERATE_INCOME_QOQ_SQ":0,"NET_PROFIT_RATIO_SQ":-70.6573571289,"HOLDER_PROFIT_SQ":-1522791798,"HOLDER_PROFIT_QOQ_SQ":0,"ROE_AVG_SQ":-8.866693228413,"PE_TTM_SQ":-0.360690676522,"PB_TTM_SQ":0.03284148018,"ROA_SQ":-2.062070820444,"START_DATE":"2023-08-01 00:00:00","FISCAL_YEAR":"7-31","CURRENCY":"HKD","IS_CNY_CODE":0,"DPS_HKD_LY":null,"ORG_TYPE":"一般企业","PREMIUM_INCOME":null,"PREMIUM_INCOME_YOY":null,"NET_INTEREST_INCOME":null,"NET_INTEREST_INCOME_YOY":null,"FEE_COMMISSION_INCOME":null,"FEE_COMMISSION_INCOME_YOY":null,"ACCOUNTS_RECE_TDAYS":15.858600021852,"INVENTORY_TDAYS":0.488518078363,"CURRENT_ASSETS_TDAYS":0.387466240099,"TOTAL_ASSETS_TDAYS":0.082736055531,"PREMIUM_EXPENSE":null,"LOAN_DEPOSIT":null,"LOAN_EQUITY":null,"LOAN_ASSETS":null,"DEPOSIT_EQUITY":null,"DEPOSIT_ASSETS":null,"EQUITY_MULTIPLIER":2.060459247212,"EQUITY_RATIO":2.268125138497},{"SECUCODE":"00191.HK","SECURITY_CODE":"00191","SECURITY_NAME_ABBR":"丽新国际","ORG_CODE":"10007459","STD_REPORT_DATE":"2024-06-30 00:00:00","REPORT_DATE":"2024-01-31 00:00:00","DATE_TYPE_CODE":"002","REPORT_TYPE":"2024年中报","PER_NETCASH_OPERATE":-0.625609714046,"PER_OI":3.175722351322,"BPS":17.594448141773,"BASIC_EPS":-1.14869792,"DILUTED_EPS":-1.14869792,"OPERATE_INCOME":2805350241.98,"OPERATE_INCOME_YOY":22.8444994498,"GROSS_PROFIT":1006890980.02,"GROSS_PROFIT_YOY":22.494062952589,"HOLDER_PROFIT":-1014785551.88,"HOLDER_PROFIT_YOY":-36.4085687341,"GROSS_PROFIT_RATIO":35.891810047552,"EPS_TTM":-2.073179018677,"OPERATE_INCOME_QOQ":0,"NET_PROFIT_RATIO":-68.4394356743,"ROE_AVG":-6.309930319845,"GROSS_PROFIT_QOQ":0,"ROA":-1.474381676618,"HOLDER_PROFIT_QOQ":0,"ROE_YEARLY":-12.61986063969,"ROIC_YEARLY":-4.26233068409,"TOTAL_ASSETS":67659674293.12,"TOTAL_LIABILITIES":34436780410.04,"TAX_EBT":-5.500317347128,"OCF_SALES":-19.699761025559,"TOTAL_PARENT_EQUITY":15542476290.94,"DEBT_ASSET_RATIO":50.8970531854,"OPERATE_PROFIT":-876153889.22,"PRETAX_PROFIT":-1819867392.42,"NETCASH_OPERATE":-552647293.6,"NETCASH_INVEST":-555439065.76,"NETCASH_FINANCE":459287415.42,"END_CASH":2715283782.52,"DIVI_RATIO":null,"DIVIDEND_RATE":null,"CURRENT_RATIO":2.298384098932,"COMMON_ACS":null,"CURRENTDEBT_DEBT":17.904032832298,"ISSUED_COMMON_SHARES":883373901,"HK_COMMON_SHARES":883373901,"PER_SHARES":1000,"TOTAL_MARKET_CAP":530024340.6,"HKSK_MARKET_CAP":530024340.6,"PE_TTM":-0.244494666847,"PB_TTM":0.033206326467,"REPORT_DATE_SQ":"2023-06-30 00:00:00","REPORT_TYPE_SQ":"2023年中报","OPERATE_INCOME_SQ":2167790502.95,"DPS_HKD":null,"OPERATE_INCOME_QOQ_SQ":0,"NET_PROFIT_RATIO_SQ":-64.6244058124,"HOLDER_PROFIT_SQ":-706185112.68,"HOLDER_PROFIT_QOQ_SQ":0,"ROE_AVG_SQ":-4.288371623251,"PE_TTM_SQ":-0.482688993581,"PB_TTM_SQ":0.043949627888,"ROA_SQ":-0.988813680147,"START_DATE":"2023-08-01 00:00:00","FISCAL_YEAR":"7-31","CURRENCY":"HKD","IS_CNY_CODE":0,"DPS_HKD_LY":null,"ORG_TYPE":"一般企业","PREMIUM_INCOME":null,"PREMIUM_INCOME_YOY":null,"NET_INTEREST_INCOME":null,"NET_INTEREST_INCOME_YOY":null,"FEE_COMMISSION_INCOME":null,"FEE_COMMISSION_INCOME_YOY":null,"ACCOUNTS_RECE_TDAYS":8.929072249637,"INVENTORY_TDAYS":0.205813359905,"CURRENT_ASSETS_TDAYS":0.192222193924,"TOTAL_ASSETS_TDAYS":0.040758926707,"PREMIUM_EXPENSE":null,"LOAN_DEPOSIT":null,"LOAN_EQUITY":null,"LOAN_ASSETS":null,"DEPOSIT_EQUITY":null,"DEPOSIT_ASSETS":null,"EQUITY_MULTIPLIER":2.036537651754,"EQUITY_RATIO":2.215655971765},{"SECUCODE":"00191.HK","SECURITY_CODE":"00191","SECURITY_NAME_ABBR":"丽新国际","ORG_CODE":"10007459","STD_REPORT_DATE":"2023-12-31 00:00:00","REPORT_DATE":"2023-07-31 00:00:00","DATE_TYPE_CODE":"001","REPORT_TYPE":"2023年年报","PER_NETCASH_OPERATE":-0.435319845735,"PER_OI":5.169842767032,"BPS":18.932508418833,"BASIC_EPS":-1.97412483,"DILUTED_EPS":-1.97412483,"OPERATE_INCOME":4566904172.67,"OPERATE_INCOME_YOY":-3.7987486072,"GROSS_PROFIT":730843139.82,"GROSS_PROFIT_YOY":-47.555288919133,"HOLDER_PROFIT":-1522791798,"HOLDER_PROFIT_YOY":-39.2124557281,"GROSS_PROFIT_RATIO":16.003032080104,"EPS_TTM":-1.723836074709,"OPERATE_INCOME_QOQ":0,"NET_PROFIT_RATIO":-70.6573571289,"ROE_AVG":-8.866693228413,"GROSS_PROFIT_QOQ":0,"ROA":-2.062070820444,"HOLDER_PROFIT_QOQ":0,"ROE_YEARLY":-8.866693228413,"ROIC_YEARLY":-3.082879201477,"TOTAL_ASSETS":70426625341.77,"TOTAL_LIABILITIES":34930981274.43,"TAX_EBT":1.572422117998,"OCF_SALES":-8.420369155352,"TOTAL_PARENT_EQUITY":16724483817.66,"DEBT_ASSET_RATIO":49.5991127005,"OPERATE_PROFIT":-2156169496.41,"PRETAX_PROFIT":-3278404142.88,"NETCASH_OPERATE":-384550190.31,"NETCASH_INVEST":607654641.57,"NETCASH_FINANCE":-1718556586.26,"END_CASH":3391450449.09,"DIVI_RATIO":null,"DIVIDEND_RATE":null,"CURRENT_RATIO":1.48042117824,"COMMON_ACS":null,"CURRENTDEBT_DEBT":29.219478470882,"ISSUED_COMMON_SHARES":883373901,"HK_COMMON_SHARES":883373901,"PER_SHARES":1000,"TOTAL_MARKET_CAP":530024340.6,"HKSK_MARKET_CAP":530024340.6,"PE_TTM":-0.244494666847,"PB_TTM":0.033206326467,"REPORT_DATE_SQ":"2022-12-31 00:00:00","REPORT_TYPE_SQ":"2022年年报","OPERATE_INCOME_SQ":4460184430.2,"DPS_HKD":null,"OPERATE_INCOME_QOQ_SQ":0,"NET_PROFIT_RATIO_SQ":-47.7673992621,"HOLDER_PROFIT_SQ":-1027718263.08,"HOLDER_PROFIT_QOQ_SQ":0,"ROE_AVG_SQ":-5.835405698157,"PE_TTM_SQ":-0.482688993581,"PB_TTM_SQ":0.043949627888,"ROA_SQ":-1.374945345738,"START_DATE":"2022-08-01 00:00:00","FISCAL_YEAR":"7-31","CURRENCY":"HKD","IS_CNY_CODE":0,"DPS_HKD_LY":null,"ORG_TYPE":"一般企业","PREMIUM_INCOME":null,"PREMIUM_INCOME_YOY":null,"NET_INTEREST_INCOME":null,"NET_INTEREST_INCOME_YOY":null,"FEE_COMMISSION_INCOME":null,"FEE_COMMISSION_INCOME_YOY":null,"ACCOUNTS_RECE_TDAYS":13.171598179296,"INVENTORY_TDAYS":0.39339006459,"CURRENT_ASSETS_TDAYS":0.263730361964,"TOTAL_ASSETS_TDAYS":0.061842202241,"PREMIUM_EXPENSE":null,"LOAN_DEPOSIT":null,"LOAN_EQUITY":null,"LOAN_ASSETS":null,"DEPOSIT_EQUITY":null,"DEPOSIT_ASSETS":null,"EQUITY_MULTIPLIER":1.984092053891,"EQUITY_RATIO":2.088613415832},{"SECUCODE":"00191.HK","SECURITY_CODE":"00191","SECURITY_NAME_ABBR":"丽新国际","ORG_CODE":"10007459","STD_REPORT_DATE":"2023-06-30 00:00:00","REPORT_DATE":"2023-01-31 00:00:00","DATE_TYPE_CODE":"002","REPORT_TYPE":"2023年中报","PER_NETCASH_OPERATE":-1.050372283152,"PER_OI":2.45398975507,"BPS":18.460223467198,"BASIC_EPS":-1.06798546,"DILUTED_EPS":-1.06798546,"OPERATE_INCOME":2167790502.95,"OPERATE_INCOME_YOY":-9.3092062406,"GROSS_PROFIT":821991658.82,"GROSS_PROFIT_YOY":-0.442294644746,"HOLDER_PROFIT":-706185112.68,"HOLDER_PROFIT_YOY":-152.8233241194,"GROSS_PROFIT_RATIO":37.918408522475,"EPS_TTM":-1.662908011768,"OPERATE_INCOME_QOQ":0,"NET_PROFIT_RATIO":-64.6244058124,"ROE_AVG":-4.288371623251,"GROSS_PROFIT_QOQ":0,"ROA":-0.988813680147,"HOLDER_PROFIT_QOQ":0,"ROE_YEARLY":-8.576743246503,"ROIC_YEARLY":-3.005679599664,"TOTAL_ASSETS":69934955714.76,"TOTAL_LIABILITIES":33603905423.24,"TAX_EBT":-3.270245314503,"OCF_SALES":-42.802635218086,"TOTAL_PARENT_EQUITY":16307279617.55,"DEBT_ASSET_RATIO":48.0502276434,"OPERATE_PROFIT":-825221495.3,"PRETAX_PROFIT":-1356558927.04,"NETCASH_OPERATE":-927871461.27,"NETCASH_INVEST":883468973.7,"NETCASH_FINANCE":-1063942988.38,"END_CASH":3600476606.81,"DIVI_RATIO":null,"DIVIDEND_RATE":null,"CURRENT_RATIO":1.772524859502,"COMMON_ACS":null,"CURRENTDEBT_DEBT":27.299207883723,"ISSUED_COMMON_SHARES":883373901,"HK_COMMON_SHARES":883373901,"PER_SHARES":1000,"TOTAL_MARKET_CAP":530024340.6,"HKSK_MARKET_CAP":530024340.6,"PE_TTM":-0.244494666847,"PB_TTM":0.033206326467,"REPORT_DATE_SQ":"2022-06-30 00:00:00","REPORT_TYPE_SQ":"2022年中报","OPERATE_INCOME_SQ":2267201484.48,"DPS_HKD":null,"OPERATE_INCOME_QOQ_SQ":0,"NET_PROFIT_RATIO_SQ":-25.8107417027,"HOLDER_PROFIT_SQ":-264933838.4,"HOLDER_PROFIT_QOQ_SQ":0,"ROE_AVG_SQ":-1.530009312083,"PE_TTM_SQ":-0.482688993581,"PB_TTM_SQ":0.043949627888,"ROA_SQ":-0.365639220664,"START_DATE":"2022-08-01 00:00:00","FISCAL_YEAR":"7-31","CURRENCY":"HKD","IS_CNY_CODE":0,"DPS_HKD_LY":null,"ORG_TYPE":"一般企业","PREMIUM_INCOME":null,"PREMIUM_INCOME_YOY":null,"NET_INTEREST_INCOME":null,"NET_INTEREST_INCOME_YOY":null,"FEE_COMMISSION_INCOME":null,"FEE_COMMISSION_INCOME_YOY":null,"ACCOUNTS_RECE_TDAYS":6.404204592226,"INVENTORY_TDAYS":0.13583317004,"CURRENT_ASSETS_TDAYS":0.125018333213,"TOTAL_ASSETS_TDAYS":0.030353810446,"PREMIUM_EXPENSE":null,"LOAN_DEPOSIT":null,"LOAN_EQUITY":null,"LOAN_ASSETS":null,"DEPOSIT_EQUITY":null,"DEPOSIT_ASSETS":null,"EQUITY_MULTIPLIER":1.924936250222,"EQUITY_RATIO":2.060668990251},{"SECUCODE":"00191.HK","SECURITY_CODE":"00191","SECURITY_NAME_ABBR":"丽新国际","ORG_CODE":"10007459","STD_REPORT_DATE":"2022-12-31 00:00:00","REPORT_DATE":"2022-07-31 00:00:00","DATE_TYPE_CODE":"001","REPORT_TYPE":"2022年年报","PER_NETCASH_OPERATE":-6.310020591632,"PER_OI":7.573550268721,"BPS":18.74450755778,"BASIC_EPS":-1.65630624,"DILUTED_EPS":-1.65630624,"OPERATE_INCOME":4460184430.2,"OPERATE_INCOME_YOY":-14.7455123621,"GROSS_PROFIT":1393549749.36,"GROSS_PROFIT_YOY":19.672740761147,"HOLDER_PROFIT":-1027718263.08,"HOLDER_PROFIT_YOY":5.6518166131,"GROSS_PROFIT_RATIO":31.24421806247,"EPS_TTM":-1.16340120748,"OPERATE_INCOME_QOQ":0,"NET_PROFIT_RATIO":-47.7673992621,"ROE_AVG":-5.835405698157,"GROSS_PROFIT_QOQ":0,"ROA":-1.374945345738,"HOLDER_PROFIT_QOQ":0,"ROE_YEARLY":-5.835405698157,"ROIC_YEARLY":-2.137321037813,"TOTAL_ASSETS":72596490109.92,"TOTAL_LIABILITIES":35592747081.96,"TAX_EBT":-12.089054933691,"OCF_SALES":-83.316547296081,"TOTAL_PARENT_EQUITY":16558408763.64,"DEBT_ASSET_RATIO":49.028192724,"OPERATE_PROFIT":-1091745495.48,"PRETAX_PROFIT":-1900733399.76,"NETCASH_OPERATE":-3716071670.28,"NETCASH_INVEST":1370823647.04,"NETCASH_FINANCE":-410656562.52,"END_CASH":4680148427.88,"DIVI_RATIO":null,"DIVIDEND_RATE":null,"CURRENT_RATIO":1.641467411594,"COMMON_ACS":null,"CURRENTDEBT_DEBT":31.395268260998,"ISSUED_COMMON_SHARES":883373901,"HK_COMMON_SHARES":883373901,"PER_SHARES":1000,"TOTAL_MARKET_CAP":530024340.6,"HKSK_MARKET_CAP":530024340.6,"PE_TTM":-0.244494666847,"PB_TTM":0.033206326467,"REPORT_DATE_SQ":"2021-12-31 00:00:00","REPORT_TYPE_SQ":"2021年年报","OPERATE_INCOME_SQ":5061829292,"DPS_HKD":null,"OPERATE_INCOME_QOQ_SQ":0,"NET_PROFIT_RATIO_SQ":-45.3094649483,"HOLDER_PROFIT_SQ":-1053931676.8,"HOLDER_PROFIT_QOQ_SQ":0,"ROE_AVG_SQ":-5.816550735651,"PE_TTM_SQ":-0.482688993581,"PB_TTM_SQ":0.043949627888,"ROA_SQ":-1.49069724429,"START_DATE":"2021-08-01 00:00:00","FISCAL_YEAR":"7-31","CURRENCY":"HKD","IS_CNY_CODE":0,"DPS_HKD_LY":null,"ORG_TYPE":"一般企业","PREMIUM_INCOME":null,"PREMIUM_INCOME_YOY":null,"NET_INTEREST_INCOME":null,"NET_INTEREST_INCOME_YOY":null,"FEE_COMMISSION_INCOME":null,"FEE_COMMISSION_INCOME_YOY":null,"ACCOUNTS_RECE_TDAYS":13.744159450638,"INVENTORY_TDAYS":0.339828799131,"CURRENT_ASSETS_TDAYS":0.224089200003,"TOTAL_ASSETS_TDAYS":0.059671118474,"PREMIUM_EXPENSE":null,"LOAN_DEPOSIT":null,"LOAN_EQUITY":null,"LOAN_ASSETS":null,"DEPOSIT_EQUITY":null,"DEPOSIT_ASSETS":null,"EQUITY_MULTIPLIER":1.961868831892,"EQUITY_RATIO":2.149527022193},{"SECUCODE":"00191.HK","SECURITY_CODE":"00191","SECURITY_NAME_ABBR":"丽新国际","ORG_CODE":"10007459","STD_REPORT_DATE":"2022-06-30 00:00:00","REPORT_DATE":"2022-01-31 00:00:00","DATE_TYPE_CODE":"002","REPORT_TYPE":"2022年中报","PER_NETCASH_OPERATE":-3.411833709767,"PER_OI":3.849787980911,"BPS":19.078962056136,"BASIC_EPS":-0.42712128,"DILUTED_EPS":-0.42712128,"OPERATE_INCOME":2267201484.48,"OPERATE_INCOME_YOY":-0.8336080174,"GROSS_PROFIT":825643435.52,"GROSS_PROFIT_YOY":50.443802649953,"HOLDER_PROFIT":-264933838.4,"HOLDER_PROFIT_YOY":59.3823268557,"GROSS_PROFIT_RATIO":36.416853163334,"EPS_TTM":-1.109743582418,"OPERATE_INCOME_QOQ":0,"NET_PROFIT_RATIO":-25.8107417027,"ROE_AVG":-1.530009312083,"GROSS_PROFIT_QOQ":0,"ROA":-0.365639220664,"HOLDER_PROFIT_QOQ":0,"ROE_YEARLY":-3.060018624166,"ROIC_YEARLY":-1.1548331019,"TOTAL_ASSETS":71675257181.12,"TOTAL_LIABILITIES":33909442348.48,"TAX_EBT":-22.733575652735,"OCF_SALES":-88.623937907347,"TOTAL_PARENT_EQUITY":16853857138.56,"DEBT_ASSET_RATIO":47.3098300335,"OPERATE_PROFIT":-144335081.28,"PRETAX_PROFIT":-476790084.48,"NETCASH_OPERATE":-2009283235.84,"NETCASH_INVEST":1448366624,"NETCASH_FINANCE":-1215150222.72,"END_CASH":5380821518.08,"DIVI_RATIO":null,"DIVIDEND_RATE":null,"CURRENT_RATIO":1.763192914145,"COMMON_ACS":null,"CURRENTDEBT_DEBT":31.126964728257,"ISSUED_COMMON_SHARES":883373901,"HK_COMMON_SHARES":883373901,"PER_SHARES":1000,"TOTAL_MARKET_CAP":530024340.6,"HKSK_MARKET_CAP":530024340.6,"PE_TTM":-0.244494666847,"PB_TTM":0.033206326467,"REPORT_DATE_SQ":"2021-06-30 00:00:00","REPORT_TYPE_SQ":"2021年中报","OPERATE_INCOME_SQ":2332027599.78,"DPS_HKD":null,"OPERATE_INCOME_QOQ_SQ":0,"NET_PROFIT_RATIO_SQ":-58.8275588835,"HOLDER_PROFIT_SQ":-665319836.86,"HOLDER_PROFIT_QOQ_SQ":0,"ROE_AVG_SQ":-3.658966426086,"PE_TTM_SQ":-0.482688993581,"PB_TTM_SQ":0.043949627888,"ROA_SQ":-0.969950536846,"START_DATE":"2021-08-01 00:00:00","FISCAL_YEAR":"7-31","CURRENCY":"HKD","IS_CNY_CODE":0,"DPS_HKD_LY":null,"ORG_TYPE":"一般企业","PREMIUM_INCOME":null,"PREMIUM_INCOME_YOY":null,"NET_INTEREST_INCOME":null,"NET_INTEREST_INCOME_YOY":null,"FEE_COMMISSION_INCOME":null,"FEE_COMMISSION_INCOME_YOY":null,"ACCOUNTS_RECE_TDAYS":8.307803706513,"INVENTORY_TDAYS":0.173824550253,"CURRENT_ASSETS_TDAYS":0.116103615223,"TOTAL_ASSETS_TDAYS":0.031289992584,"PREMIUM_EXPENSE":null,"LOAN_DEPOSIT":null,"LOAN_EQUITY":null,"LOAN_ASSETS":null,"DEPOSIT_EQUITY":null,"DEPOSIT_ASSETS":null,"EQUITY_MULTIPLIER":1.897887216222,"EQUITY_RATIO":2.01196925248},{"SECUCODE":"00191.HK","SECURITY_CODE":"00191","SECURITY_NAME_ABBR":"丽新国际","ORG_CODE":"10007459","STD_REPORT_DATE":"2021-12-31 00:00:00","REPORT_DATE":"2021-07-31 00:00:00","DATE_TYPE_CODE":"001","REPORT_TYPE":"2021年年报","PER_NETCASH_OPERATE":1.695081312573,"PER_OI":8.595164436492,"BPS":20.443649955649,"BASIC_EPS":-2.1918744,"DILUTED_EPS":-2.1918744,"OPERATE_INCOME":5061829292,"OPERATE_INCOME_YOY":14.3803530815,"GROSS_PROFIT":1164467146.4,"GROSS_PROFIT_YOY":-22.106722269654,"HOLDER_PROFIT":-1053931676.8,"HOLDER_PROFIT_YOY":35.5023406499,"GROSS_PROFIT_RATIO":23.00486798795,"EPS_TTM":-1.789613111062,"OPERATE_INCOME_QOQ":0,"NET_PROFIT_RATIO":-45.3094649483,"ROE_AVG":-5.816550735651,"GROSS_PROFIT_QOQ":0,"ROA":-1.49069724429,"HOLDER_PROFIT_QOQ":0,"ROE_YEARLY":-5.816550735651,"ROIC_YEARLY":-2.32575428343,"TOTAL_ASSETS":74400222423.2,"TOTAL_LIABILITIES":36321671206.4,"TAX_EBT":-10.490925465199,"OCF_SALES":19.721336631753,"TOTAL_PARENT_EQUITY":18059386812,"DEBT_ASSET_RATIO":48.819304598,"OPERATE_PROFIT":-1042067959.2,"PRETAX_PROFIT":-2075725005.6,"NETCASH_OPERATE":998260394.4,"NETCASH_INVEST":-3871950699.2,"NETCASH_FINANCE":6565329619.2,"END_CASH":7263646506.4,"DIVI_RATIO":null,"DIVIDEND_RATE":null,"CURRENT_RATIO":2.141952710577,"COMMON_ACS":null,"CURRENTDEBT_DEBT":26.694512721352,"ISSUED_COMMON_SHARES":883373901,"HK_COMMON_SHARES":883373901,"PER_SHARES":1000,"TOTAL_MARKET_CAP":530024340.6,"HKSK_MARKET_CAP":530024340.6,"PE_TTM":-0.244494666847,"PB_TTM":0.033206326467,"REPORT_DATE_SQ":"2020-12-31 00:00:00","REPORT_TYPE_SQ":"2020年年报","OPERATE_INCOME_SQ":4798392891.25,"DPS_HKD":null,"OPERATE_INCOME_QOQ_SQ":0,"NET_PROFIT_RATIO_SQ":-81.9427991645,"HOLDER_PROFIT_SQ":-1771773683.75,"HOLDER_PROFIT_QOQ_SQ":0,"ROE_AVG_SQ":-8.838727760062,"PE_TTM_SQ":-0.482688993581,"PB_TTM_SQ":0.043949627888,"ROA_SQ":-2.407025334938,"START_DATE":"2020-08-01 00:00:00","FISCAL_YEAR":"7-31","CURRENCY":"HKD","IS_CNY_CODE":0,"DPS_HKD_LY":null,"ORG_TYPE":"一般企业","PREMIUM_INCOME":null,"PREMIUM_INCOME_YOY":null,"NET_INTEREST_INCOME":null,"NET_INTEREST_INCOME_YOY":null,"FEE_COMMISSION_INCOME":null,"FEE_COMMISSION_INCOME_YOY":null,"ACCOUNTS_RECE_TDAYS":18.424888697944,"INVENTORY_TDAYS":0.484274928936,"CURRENT_ASSETS_TDAYS":0.285080872903,"TOTAL_ASSETS_TDAYS":0.071595295433,"PREMIUM_EXPENSE":null,"LOAN_DEPOSIT":null,"LOAN_EQUITY":null,"LOAN_ASSETS":null,"DEPOSIT_EQUITY":null,"DEPOSIT_ASSETS":null,"EQUITY_MULTIPLIER":1.953861689736,"EQUITY_RATIO":2.011235020575},{"SECUCODE":"00191.HK","SECURITY_CODE":"00191","SECURITY_NAME_ABBR":"丽新国际","ORG_CODE":"10007459","STD_REPORT_DATE":"2021-06-30 00:00:00","REPORT_DATE":"2021-01-31 00:00:00","DATE_TYPE_CODE":"002","REPORT_TYPE":"2021年中报","PER_NETCASH_OPERATE":0.957695221915,"PER_OI":5.93979750716,"BPS":20.503288854082,"BASIC_EPS":-1.38379996,"DILUTED_EPS":-1.38379996,"OPERATE_INCOME":2332027599.78,"OPERATE_INCOME_YOY":-0.6055899682,"GROSS_PROFIT":548805215.62,"GROSS_PROFIT_YOY":-44.980640405582,"HOLDER_PROFIT":-665319836.86,"HOLDER_PROFIT_YOY":-5.8506795982,"GROSS_PROFIT_RATIO":23.53339281541,"EPS_TTM":-3.005363962609,"OPERATE_INCOME_QOQ":0,"NET_PROFIT_RATIO":-58.8275588835,"ROE_AVG":-3.658966426086,"GROSS_PROFIT_QOQ":0,"ROA":-0.969950536846,"HOLDER_PROFIT_QOQ":0,"ROE_YEARLY":-7.317932852171,"ROIC_YEARLY":-2.994151726091,"TOTAL_ASSETS":69909717533.84,"TOTAL_LIABILITIES":31170248503.7,"TAX_EBT":-13.694572830536,"OCF_SALES":16.123364824476,"TOTAL_PARENT_EQUITY":18112070258.36,"DEBT_ASSET_RATIO":44.5864317627,"OPERATE_PROFIT":-604504415.94,"PRETAX_PROFIT":-1206631834.12,"NETCASH_OPERATE":376001317.72,"NETCASH_INVEST":-939598503.6,"NETCASH_FINANCE":1061954630.22,"END_CASH":4092751967.22,"DIVI_RATIO":null,"DIVIDEND_RATE":null,"CURRENT_RATIO":1.899011355095,"COMMON_ACS":null,"CURRENTDEBT_DEBT":27.858306377536,"ISSUED_COMMON_SHARES":883373901,"HK_COMMON_SHARES":883373901,"PER_SHARES":1000,"TOTAL_MARKET_CAP":530024340.6,"HKSK_MARKET_CAP":530024340.6,"PE_TTM":-0.244494666847,"PB_TTM":0.033206326467,"REPORT_DATE_SQ":"2020-06-30 00:00:00","REPORT_TYPE_SQ":"2020年中报","OPERATE_INCOME_SQ":2490475917.99,"DPS_HKD":null,"OPERATE_INCOME_QOQ_SQ":0,"NET_PROFIT_RATIO_SQ":-63.4483553487,"HOLDER_PROFIT_SQ":-667186795.56,"HOLDER_PROFIT_QOQ_SQ":0,"ROE_AVG_SQ":-3.38772372327,"PE_TTM_SQ":-0.482688993581,"PB_TTM_SQ":0.043949627888,"ROA_SQ":-0.911589517979,"START_DATE":"2020-08-01 00:00:00","FISCAL_YEAR":"7-31","CURRENCY":"HKD","IS_CNY_CODE":0,"DPS_HKD_LY":null,"ORG_TYPE":"一般企业","PREMIUM_INCOME":null,"PREMIUM_INCOME_YOY":null,"NET_INTEREST_INCOME":null,"NET_INTEREST_INCOME_YOY":null,"FEE_COMMISSION_INCOME":null,"FEE_COMMISSION_INCOME_YOY":null,"ACCOUNTS_RECE_TDAYS":8.832840709,"INVENTORY_TDAYS":0.211546423457,"CURRENT_ASSETS_TDAYS":0.14903934127,"TOTAL_ASSETS_TDAYS":0.033997955525,"PREMIUM_EXPENSE":null,"LOAN_DEPOSIT":null,"LOAN_EQUITY":null,"LOAN_ASSETS":null,"DEPOSIT_EQUITY":null,"DEPOSIT_ASSETS":null,"EQUITY_MULTIPLIER":1.804612176783,"EQUITY_RATIO":1.720965525148},{"SECUCODE":"00191.HK","SECURITY_CODE":"00191","SECURITY_NAME_ABBR":"丽新国际","ORG_CODE":"10007459","STD_REPORT_DATE":"2020-12-31 00:00:00","REPORT_DATE":"2020-07-31 00:00:00","DATE_TYPE_CODE":"001","REPORT_TYPE":"2020年年报","PER_NETCASH_OPERATE":-0.63097729783,"PER_OI":12.221760212662,"BPS":22.314197281226,"BASIC_EPS":-3.7293725,"DILUTED_EPS":-3.7293725,"OPERATE_INCOME":4798392891.25,"OPERATE_INCOME_YOY":-19.4511915329,"GROSS_PROFIT":1494952042.5,"GROSS_PROFIT_YOY":-29.401120039976,"HOLDER_PROFIT":-1771773683.75,"HOLDER_PROFIT_YOY":-170.2740101119,"GROSS_PROFIT_RATIO":31.155265447856,"EPS_TTM":-4.512801182534,"OPERATE_INCOME_QOQ":0,"NET_PROFIT_RATIO":-81.9427991645,"ROE_AVG":-8.838727760062,"GROSS_PROFIT_QOQ":0,"ROA":-2.407025334938,"HOLDER_PROFIT_QOQ":0,"ROE_YEARLY":-8.838727760062,"ROIC_YEARLY":-3.831443326691,"TOTAL_ASSETS":72647503066.25,"TOTAL_LIABILITIES":31243603107.5,"TAX_EBT":1.864166055955,"OCF_SALES":-5.162736683187,"TOTAL_PARENT_EQUITY":19711779500,"DEBT_ASSET_RATIO":43.0071259008,"OPERATE_PROFIT":-2943620391.25,"PRETAX_PROFIT":-4006627642.5,"NETCASH_OPERATE":-247728390,"NETCASH_INVEST":-1531924922.5,"NETCASH_FINANCE":2120661978.75,"END_CASH":3774234922.5,"DIVI_RATIO":null,"DIVIDEND_RATE":null,"CURRENT_RATIO":1.286899089763,"COMMON_ACS":null,"CURRENTDEBT_DEBT":39.758630737977,"ISSUED_COMMON_SHARES":883373901,"HK_COMMON_SHARES":883373901,"PER_SHARES":1000,"TOTAL_MARKET_CAP":530024340.6,"HKSK_MARKET_CAP":530024340.6,"PE_TTM":-0.244494666847,"PB_TTM":0.033206326467,"REPORT_DATE_SQ":"2019-12-31 00:00:00","REPORT_TYPE_SQ":"2019年年报","OPERATE_INCOME_SQ":5815607784.48,"DPS_HKD":null,"OPERATE_INCOME_QOQ_SQ":0,"NET_PROFIT_RATIO_SQ":73.3201086198,"HOLDER_PROFIT_SQ":2461341841.92,"HOLDER_PROFIT_QOQ_SQ":0,"ROE_AVG_SQ":13.180255143979,"PE_TTM_SQ":-0.482688993581,"PB_TTM_SQ":0.043949627888,"ROA_SQ":4.192217197434,"START_DATE":"2019-08-01 00:00:00","FISCAL_YEAR":"7-31","CURRENCY":"HKD","IS_CNY_CODE":0,"DPS_HKD_LY":0.074,"ORG_TYPE":"一般企业","PREMIUM_INCOME":null,"PREMIUM_INCOME_YOY":null,"NET_INTEREST_INCOME":null,"NET_INTEREST_INCOME_YOY":null,"FEE_COMMISSION_INCOME":null,"FEE_COMMISSION_INCOME_YOY":null,"ACCOUNTS_RECE_TDAYS":17.327278940346,"INVENTORY_TDAYS":0.455858572122,"CURRENT_ASSETS_TDAYS":0.33726777874,"TOTAL_ASSETS_TDAYS":0.065188084472,"PREMIUM_EXPENSE":null,"LOAN_DEPOSIT":null,"LOAN_EQUITY":null,"LOAN_ASSETS":null,"DEPOSIT_EQUITY":null,"DEPOSIT_ASSETS":null,"EQUITY_MULTIPLIER":1.754605318306,"EQUITY_RATIO":1.585021946268}],"count":48},"success":true,"message":"ok","code":0}