{"version":"245fe11b1bf472c73aa0969f237cbee4","result":{"pages":5,"data":[{"SECUCODE":"00196.HK","SECURITY_CODE":"00196","SECURITY_NAME_ABBR":"宏华集团","ORG_CODE":"10014594","STD_REPORT_DATE":"2024-06-30 00:00:00","REPORT_DATE":"2024-06-30 00:00:00","DATE_TYPE_CODE":"002","REPORT_TYPE":"2024年中报","PER_NETCASH_OPERATE":0.004457944623,"PER_OI":0.307063030953,"BPS":0.379427146331,"BASIC_EPS":0.0003,"DILUTED_EPS":0.0003,"OPERATE_INCOME":2776000000,"OPERATE_INCOME_YOY":11.2876372504,"GROSS_PROFIT":301514000,"GROSS_PROFIT_YOY":98.101207605682,"HOLDER_PROFIT":2419000,"HOLDER_PROFIT_YOY":101.5688232853,"GROSS_PROFIT_RATIO":10.861455331412,"EPS_TTM":-0.025439552679,"OPERATE_INCOME_QOQ":5.144362546896,"NET_PROFIT_RATIO":-0.0942363112,"ROE_AVG":0.070996337775,"GROSS_PROFIT_QOQ":27.559882090839,"ROA":0.019129907891,"HOLDER_PROFIT_QOQ":40.510143637949,"ROE_YEARLY":0.141992675549,"ROIC_YEARLY":0.04177658602,"TOTAL_ASSETS":12770703000,"TOTAL_LIABILITIES":9147998000,"TAX_EBT":120.931349015843,"OCF_SALES":1.451801152738,"TOTAL_PARENT_EQUITY":3430207000,"DEBT_ASSET_RATIO":71.6326892889,"OPERATE_PROFIT":80970000,"PRETAX_PROFIT":12498000,"NETCASH_OPERATE":40302000,"NETCASH_INVEST":-45209000,"NETCASH_FINANCE":137620000,"END_CASH":961252000,"DIVI_RATIO":null,"DIVIDEND_RATE":null,"CURRENT_RATIO":1.201412902743,"COMMON_ACS":10000000000,"CURRENTDEBT_DEBT":76.617583431916,"ISSUED_COMMON_SHARES":9040489151,"HK_COMMON_SHARES":9040489151,"PER_SHARES":1000,"TOTAL_MARKET_CAP":1274708970.291,"HKSK_MARKET_CAP":1274708970.291,"PE_TTM":-4.965494308375,"PB_TTM":0.339163608204,"REPORT_DATE_SQ":"2023-06-30 00:00:00","REPORT_TYPE_SQ":"2023年中报","OPERATE_INCOME_SQ":2494437000,"DPS_HKD":null,"OPERATE_INCOME_QOQ_SQ":22.011552904043,"NET_PROFIT_RATIO_SQ":-6.7397973972,"HOLDER_PROFIT_SQ":-154192000,"HOLDER_PROFIT_QOQ_SQ":58.19349387943,"ROE_AVG_SQ":-5.335980929281,"PE_TTM_SQ":-3.099170440542,"PB_TTM_SQ":0.269397513532,"ROA_SQ":-1.210186563626,"START_DATE":"2024-01-01 00:00:00","FISCAL_YEAR":"12-31","CURRENCY":"HKD","IS_CNY_CODE":0,"DPS_HKD_LY":null,"ORG_TYPE":"一般企业","PREMIUM_INCOME":null,"PREMIUM_INCOME_YOY":null,"NET_INTEREST_INCOME":null,"NET_INTEREST_INCOME_YOY":null,"FEE_COMMISSION_INCOME":null,"FEE_COMMISSION_INCOME_YOY":null,"ACCOUNTS_RECE_TDAYS":0.638251301794,"INVENTORY_TDAYS":1.438067301001,"CURRENT_ASSETS_TDAYS":0.336752250181,"TOTAL_ASSETS_TDAYS":0.219531311721,"PREMIUM_EXPENSE":null,"LOAN_DEPOSIT":null,"LOAN_EQUITY":null,"LOAN_ASSETS":null,"DEPOSIT_EQUITY":null,"DEPOSIT_ASSETS":null,"EQUITY_MULTIPLIER":3.525184358095,"EQUITY_RATIO":2.66689386384},{"SECUCODE":"00196.HK","SECURITY_CODE":"00196","SECURITY_NAME_ABBR":"宏华集团","ORG_CODE":"10014594","STD_REPORT_DATE":"2023-12-31 00:00:00","REPORT_DATE":"2023-12-31 00:00:00","DATE_TYPE_CODE":"001","REPORT_TYPE":"2023年年报","PER_NETCASH_OPERATE":0.006862902987,"PER_OI":0.605413480242,"BPS":0.374341359574,"BASIC_EPS":-0.0554,"DILUTED_EPS":-0.0554,"OPERATE_INCOME":5473234000,"OPERATE_INCOME_YOY":22.2767388783,"GROSS_PROFIT":541773000,"GROSS_PROFIT_YOY":17.804141398108,"HOLDER_PROFIT":-386597000,"HOLDER_PROFIT_YOY":39.0627315114,"GROSS_PROFIT_RATIO":9.898590120576,"EPS_TTM":-0.042762840986,"OPERATE_INCOME_QOQ":0.217344970963,"NET_PROFIT_RATIO":-7.6602790964,"ROE_AVG":-12.180075592039,"GROSS_PROFIT_QOQ":-20.708449259221,"ROA":-3.112443405381,"HOLDER_PROFIT_QOQ":-45.760251557151,"ROE_YEARLY":-12.180075592039,"ROIC_YEARLY":-3.369678523986,"TOTAL_ASSETS":12519539000,"TOTAL_LIABILITIES":8937777000,"TAX_EBT":-2.009459715917,"OCF_SALES":1.133589391574,"TOTAL_PARENT_EQUITY":3384229000,"DEBT_ASSET_RATIO":71.390623888,"OPERATE_PROFIT":-199862000,"PRETAX_PROFIT":-411006000,"NETCASH_OPERATE":62044000,"NETCASH_INVEST":-51425000,"NETCASH_FINANCE":195356000,"END_CASH":811273000,"DIVI_RATIO":null,"DIVIDEND_RATE":null,"CURRENT_RATIO":1.19285728229,"COMMON_ACS":10000000000,"CURRENTDEBT_DEBT":75.657560039818,"ISSUED_COMMON_SHARES":9040489151,"HK_COMMON_SHARES":9040489151,"PER_SHARES":1000,"TOTAL_MARKET_CAP":1157182611.328,"HKSK_MARKET_CAP":1157182611.328,"PE_TTM":-4.507682776398,"PB_TTM":0.30789320461,"REPORT_DATE_SQ":"2022-12-31 00:00:00","REPORT_TYPE_SQ":"2022年年报","OPERATE_INCOME_SQ":4476104000,"DPS_HKD":null,"OPERATE_INCOME_QOQ_SQ":54.655431489339,"NET_PROFIT_RATIO_SQ":-13.9655155466,"HOLDER_PROFIT_SQ":-634418000,"HOLDER_PROFIT_QOQ_SQ":45.665108208498,"ROE_AVG_SQ":-19.516260268895,"PE_TTM_SQ":-3.746249983073,"PB_TTM_SQ":0.325645346028,"ROA_SQ":-5.271354685176,"START_DATE":"2023-01-01 00:00:00","FISCAL_YEAR":"12-31","CURRENCY":"HKD","IS_CNY_CODE":0,"DPS_HKD_LY":null,"ORG_TYPE":"一般企业","PREMIUM_INCOME":null,"PREMIUM_INCOME_YOY":null,"NET_INTEREST_INCOME":null,"NET_INTEREST_INCOME_YOY":null,"FEE_COMMISSION_INCOME":null,"FEE_COMMISSION_INCOME_YOY":null,"ACCOUNTS_RECE_TDAYS":1.229888265395,"INVENTORY_TDAYS":3.014966125305,"CURRENT_ASSETS_TDAYS":0.686183810165,"TOTAL_ASSETS_TDAYS":0.440643126289,"PREMIUM_EXPENSE":null,"LOAN_DEPOSIT":null,"LOAN_EQUITY":null,"LOAN_ASSETS":null,"DEPOSIT_EQUITY":null,"DEPOSIT_ASSETS":null,"EQUITY_MULTIPLIER":3.495357592159,"EQUITY_RATIO":2.64100833602},{"SECUCODE":"00196.HK","SECURITY_CODE":"00196","SECURITY_NAME_ABBR":"宏华集团","ORG_CODE":"10014594","STD_REPORT_DATE":"2023-06-30 00:00:00","REPORT_DATE":"2023-06-30 00:00:00","DATE_TYPE_CODE":"002","REPORT_TYPE":"2023年中报","PER_NETCASH_OPERATE":0.015075630487,"PER_OI":0.465728038688,"BPS":0.31143635626,"BASIC_EPS":-0.0291,"DILUTED_EPS":-0.0291,"OPERATE_INCOME":2494437000,"OPERATE_INCOME_YOY":65.2845888852,"GROSS_PROFIT":152202000,"GROSS_PROFIT_YOY":313.850952621818,"HOLDER_PROFIT":-154192000,"HOLDER_PROFIT_YOY":70.539300167,"GROSS_PROFIT_RATIO":6.101657408064,"EPS_TTM":-0.049519838042,"OPERATE_INCOME_QOQ":22.011552904043,"NET_PROFIT_RATIO":-6.7397973972,"ROE_AVG":-5.335980929281,"GROSS_PROFIT_QOQ":48.570863222532,"ROA":-1.210186563626,"HOLDER_PROFIT_QOQ":58.19349387943,"ROE_YEARLY":-10.671961858561,"ROIC_YEARLY":-2.628518329454,"TOTAL_ASSETS":13159865000,"TOTAL_LIABILITIES":10128055000,"TAX_EBT":-0.580918820932,"OCF_SALES":3.237002979029,"TOTAL_PARENT_EQUITY":2815537000,"DEBT_ASSET_RATIO":76.961693756,"OPERATE_PROFIT":-22563000,"PRETAX_PROFIT":-167149000,"NETCASH_OPERATE":80745000,"NETCASH_INVEST":-80723000,"NETCASH_FINANCE":177213000,"END_CASH":790403000,"DIVI_RATIO":null,"DIVIDEND_RATE":null,"CURRENT_RATIO":1.136572329528,"COMMON_ACS":10000000000,"CURRENTDEBT_DEBT":76.130481123967,"ISSUED_COMMON_SHARES":9040489151,"HK_COMMON_SHARES":9040489151,"PER_SHARES":1000,"TOTAL_MARKET_CAP":1157182611.328,"HKSK_MARKET_CAP":1157182611.328,"PE_TTM":-4.507682776398,"PB_TTM":0.30789320461,"REPORT_DATE_SQ":"2022-06-30 00:00:00","REPORT_TYPE_SQ":"2022年中报","OPERATE_INCOME_SQ":1509177000,"DPS_HKD":null,"OPERATE_INCOME_QOQ_SQ":-1.442516593998,"NET_PROFIT_RATIO_SQ":-36.3563717178,"HOLDER_PROFIT_SQ":-523382000,"HOLDER_PROFIT_QOQ_SQ":-62.802795907924,"ROE_AVG_SQ":-15.964597272778,"PE_TTM_SQ":-3.746249983073,"PB_TTM_SQ":0.325645346028,"ROA_SQ":-4.55151056169,"START_DATE":"2023-01-01 00:00:00","FISCAL_YEAR":"12-31","CURRENCY":"HKD","IS_CNY_CODE":0,"DPS_HKD_LY":null,"ORG_TYPE":"一般企业","PREMIUM_INCOME":null,"PREMIUM_INCOME_YOY":null,"NET_INTEREST_INCOME":null,"NET_INTEREST_INCOME_YOY":null,"FEE_COMMISSION_INCOME":null,"FEE_COMMISSION_INCOME_YOY":null,"ACCOUNTS_RECE_TDAYS":0.536570937943,"INVENTORY_TDAYS":1.448833981954,"CURRENT_ASSETS_TDAYS":0.299631460212,"TOTAL_ASSETS_TDAYS":0.195777611109,"PREMIUM_EXPENSE":null,"LOAN_DEPOSIT":null,"LOAN_EQUITY":null,"LOAN_ASSETS":null,"DEPOSIT_EQUITY":null,"DEPOSIT_ASSETS":null,"EQUITY_MULTIPLIER":4.34059687118,"EQUITY_RATIO":3.59720188369},{"SECUCODE":"00196.HK","SECURITY_CODE":"00196","SECURITY_NAME_ABBR":"宏华集团","ORG_CODE":"10014594","STD_REPORT_DATE":"2022-12-31 00:00:00","REPORT_DATE":"2022-12-31 00:00:00","DATE_TYPE_CODE":"001","REPORT_TYPE":"2022年年报","PER_NETCASH_OPERATE":-0.042197575655,"PER_OI":0.83571849555,"BPS":0.327835579524,"BASIC_EPS":-0.1198,"DILUTED_EPS":-0.1198,"OPERATE_INCOME":4476104000,"OPERATE_INCOME_YOY":52.4245012266,"GROSS_PROFIT":459893000,"GROSS_PROFIT_YOY":26.690890458507,"HOLDER_PROFIT":-634418000,"HOLDER_PROFIT_YOY":11.5412770099,"GROSS_PROFIT_RATIO":10.274403811886,"EPS_TTM":-0.118450075447,"OPERATE_INCOME_QOQ":54.655431489339,"NET_PROFIT_RATIO":-13.9655155466,"ROE_AVG":-19.516260268895,"GROSS_PROFIT_QOQ":1826.38987949998,"ROA":-5.271354685176,"HOLDER_PROFIT_QOQ":45.665108208498,"ROE_YEARLY":-19.516260268895,"ROIC_YEARLY":-5.705962912833,"TOTAL_ASSETS":12322487000,"TOTAL_LIABILITIES":9128492000,"TAX_EBT":-0.052498227385,"OCF_SALES":-5.049257121818,"TOTAL_PARENT_EQUITY":2963794000,"DEBT_ASSET_RATIO":74.0799483091,"OPERATE_PROFIT":-433203000,"PRETAX_PROFIT":-624783000,"NETCASH_OPERATE":-158650000,"NETCASH_INVEST":4079000,"NETCASH_FINANCE":25262000,"END_CASH":601001000,"DIVI_RATIO":null,"DIVIDEND_RATE":null,"CURRENT_RATIO":0.941433439651,"COMMON_ACS":10000000000,"CURRENTDEBT_DEBT":91.768355605723,"ISSUED_COMMON_SHARES":9040489151,"HK_COMMON_SHARES":9040489151,"PER_SHARES":1000,"TOTAL_MARKET_CAP":1157182611.328,"HKSK_MARKET_CAP":1157182611.328,"PE_TTM":-4.507682776398,"PB_TTM":0.30789320461,"REPORT_DATE_SQ":"2021-12-31 00:00:00","REPORT_TYPE_SQ":"2021年年报","OPERATE_INCOME_SQ":2936604000,"DPS_HKD":null,"OPERATE_INCOME_QOQ_SQ":-20.113537317477,"NET_PROFIT_RATIO_SQ":-24.994892059,"HOLDER_PROFIT_SQ":-717191000,"HOLDER_PROFIT_QOQ_SQ":-1216.74408357354,"ROE_AVG_SQ":-18.373019502237,"PE_TTM_SQ":-3.746249983073,"PB_TTM_SQ":0.325645346028,"ROA_SQ":-6.036888359135,"START_DATE":"2022-01-01 00:00:00","FISCAL_YEAR":"12-31","CURRENCY":"HKD","IS_CNY_CODE":0,"DPS_HKD_LY":null,"ORG_TYPE":"一般企业","PREMIUM_INCOME":null,"PREMIUM_INCOME_YOY":null,"NET_INTEREST_INCOME":null,"NET_INTEREST_INCOME_YOY":null,"FEE_COMMISSION_INCOME":null,"FEE_COMMISSION_INCOME_YOY":null,"ACCOUNTS_RECE_TDAYS":1.097389323405,"INVENTORY_TDAYS":2.42381526863,"CURRENT_ASSETS_TDAYS":0.611661835388,"TOTAL_ASSETS_TDAYS":0.37191775441,"PREMIUM_EXPENSE":null,"LOAN_DEPOSIT":null,"LOAN_EQUITY":null,"LOAN_ASSETS":null,"DEPOSIT_EQUITY":null,"DEPOSIT_ASSETS":null,"EQUITY_MULTIPLIER":3.858016997517,"EQUITY_RATIO":3.080002186387},{"SECUCODE":"00196.HK","SECURITY_CODE":"00196","SECURITY_NAME_ABBR":"宏华集团","ORG_CODE":"10014594","STD_REPORT_DATE":"2022-06-30 00:00:00","REPORT_DATE":"2022-06-30 00:00:00","DATE_TYPE_CODE":"002","REPORT_TYPE":"2022年中报","PER_NETCASH_OPERATE":-0.08336471717,"PER_OI":0.281773419911,"BPS":0.333958367691,"BASIC_EPS":-0.0988,"DILUTED_EPS":-0.0988,"OPERATE_INCOME":1509177000,"OPERATE_INCOME_YOY":-2.7302586208,"GROSS_PROFIT":-71172000,"GROSS_PROFIT_YOY":-122.348031688914,"HOLDER_PROFIT":-523382000,"HOLDER_PROFIT_YOY":-617.2957267769,"GROSS_PROFIT_RATIO":-4.715947831169,"EPS_TTM":-0.218000020874,"OPERATE_INCOME_QOQ":-1.442516593998,"NET_PROFIT_RATIO":-36.3563717178,"ROE_AVG":-15.964597272778,"GROSS_PROFIT_QOQ":-107.338486628247,"ROA":-4.55151056169,"HOLDER_PROFIT_QOQ":-62.802795907924,"ROE_YEARLY":-31.929194545557,"ROIC_YEARLY":-9.705558570489,"TOTAL_ASSETS":11250257000,"TOTAL_LIABILITIES":8062716000,"TAX_EBT":2.636201995251,"OCF_SALES":-29.585727850345,"TOTAL_PARENT_EQUITY":3019147000,"DEBT_ASSET_RATIO":71.666949475,"OPERATE_PROFIT":-416369000,"PRETAX_PROFIT":-563538000,"NETCASH_OPERATE":-446501000,"NETCASH_INVEST":40897000,"NETCASH_FINANCE":43166000,"END_CASH":347194000,"DIVI_RATIO":null,"DIVIDEND_RATE":null,"CURRENT_RATIO":0.815975596469,"COMMON_ACS":10000000000,"CURRENTDEBT_DEBT":98.23604105614,"ISSUED_COMMON_SHARES":9040489151,"HK_COMMON_SHARES":9040489151,"PER_SHARES":1000,"TOTAL_MARKET_CAP":1157182611.328,"HKSK_MARKET_CAP":1157182611.328,"PE_TTM":-4.507682776398,"PB_TTM":0.30789320461,"REPORT_DATE_SQ":"2021-06-30 00:00:00","REPORT_TYPE_SQ":"2021年中报","OPERATE_INCOME_SQ":1551538000,"DPS_HKD":null,"OPERATE_INCOME_QOQ_SQ":-6.499313746537,"NET_PROFIT_RATIO_SQ":-4.2800111889,"HOLDER_PROFIT_SQ":-72966000,"HOLDER_PROFIT_QOQ_SQ":-209.679822795006,"ROE_AVG_SQ":-1.723213013156,"PE_TTM_SQ":-3.746249983073,"PB_TTM_SQ":0.325645346028,"ROA_SQ":-0.591468524927,"START_DATE":"2022-01-01 00:00:00","FISCAL_YEAR":"12-31","CURRENCY":"HKD","IS_CNY_CODE":0,"DPS_HKD_LY":null,"ORG_TYPE":"一般企业","PREMIUM_INCOME":null,"PREMIUM_INCOME_YOY":null,"NET_INTEREST_INCOME":null,"NET_INTEREST_INCOME_YOY":null,"FEE_COMMISSION_INCOME":null,"FEE_COMMISSION_INCOME_YOY":null,"ACCOUNTS_RECE_TDAYS":0.430057646327,"INVENTORY_TDAYS":0.86192172643,"CURRENT_ASSETS_TDAYS":0.228449339391,"TOTAL_ASSETS_TDAYS":0.131243242124,"PREMIUM_EXPENSE":null,"LOAN_DEPOSIT":null,"LOAN_EQUITY":null,"LOAN_ASSETS":null,"DEPOSIT_EQUITY":null,"DEPOSIT_ASSETS":null,"EQUITY_MULTIPLIER":3.529446993777,"EQUITY_RATIO":2.670527801396},{"SECUCODE":"00196.HK","SECURITY_CODE":"00196","SECURITY_NAME_ABBR":"宏华集团","ORG_CODE":"10014594","STD_REPORT_DATE":"2021-12-31 00:00:00","REPORT_DATE":"2021-12-31 00:00:00","DATE_TYPE_CODE":"001","REPORT_TYPE":"2021年年报","PER_NETCASH_OPERATE":-0.183613132268,"PER_OI":0.548283569127,"BPS":0.391310242279,"BASIC_EPS":-0.1354,"DILUTED_EPS":-0.1354,"OPERATE_INCOME":2936604000,"OPERATE_INCOME_YOY":-25.3056091682,"GROSS_PROFIT":363004000,"GROSS_PROFIT_YOY":-69.246461899497,"HOLDER_PROFIT":-717191000,"HOLDER_PROFIT_YOY":-1544.2025775272,"GROSS_PROFIT_RATIO":12.361353454535,"EPS_TTM":-0.133904347071,"OPERATE_INCOME_QOQ":-20.113537317477,"NET_PROFIT_RATIO":-24.994892059,"ROE_AVG":-18.373019502237,"GROSS_PROFIT_QOQ":-59.256478204701,"ROA":-6.036888359135,"HOLDER_PROFIT_QOQ":-1216.74408357354,"ROE_YEARLY":-18.373019502237,"ROIC_YEARLY":-6.619064242507,"TOTAL_ASSETS":11747910000,"TOTAL_LIABILITIES":8001514000,"TAX_EBT":1.521847630088,"OCF_SALES":-33.48871689884,"TOTAL_PARENT_EQUITY":3537636000,"DEBT_ASSET_RATIO":68.1101063934,"OPERATE_PROFIT":-610213000,"PRETAX_PROFIT":-745344000,"NETCASH_OPERATE":-1016263000,"NETCASH_INVEST":41575000,"NETCASH_FINANCE":730691000,"END_CASH":703417000,"DIVI_RATIO":null,"DIVIDEND_RATE":null,"CURRENT_RATIO":0.866061407299,"COMMON_ACS":10000000000,"CURRENTDEBT_DEBT":97.39710509786,"ISSUED_COMMON_SHARES":9040489151,"HK_COMMON_SHARES":9040489151,"PER_SHARES":1000,"TOTAL_MARKET_CAP":1157182611.328,"HKSK_MARKET_CAP":1157182611.328,"PE_TTM":-4.507682776398,"PB_TTM":0.30789320461,"REPORT_DATE_SQ":"2020-12-31 00:00:00","REPORT_TYPE_SQ":"2020年年报","OPERATE_INCOME_SQ":3931492000,"DPS_HKD":null,"OPERATE_INCOME_QOQ_SQ":-6.04105953111,"NET_PROFIT_RATIO_SQ":1.5296991575,"HOLDER_PROFIT_SQ":49660000,"HOLDER_PROFIT_QOQ_SQ":-36.186890428034,"ROE_AVG_SQ":1.163686331466,"PE_TTM_SQ":-3.746249983073,"PB_TTM_SQ":0.325645346028,"ROA_SQ":0.417895539159,"START_DATE":"2021-01-01 00:00:00","FISCAL_YEAR":"12-31","CURRENCY":"HKD","IS_CNY_CODE":0,"DPS_HKD_LY":null,"ORG_TYPE":"一般企业","PREMIUM_INCOME":null,"PREMIUM_INCOME_YOY":null,"NET_INTEREST_INCOME":null,"NET_INTEREST_INCOME_YOY":null,"FEE_COMMISSION_INCOME":null,"FEE_COMMISSION_INCOME_YOY":null,"ACCOUNTS_RECE_TDAYS":0.815656608091,"INVENTORY_TDAYS":1.623989817882,"CURRENT_ASSETS_TDAYS":0.404467816541,"TOTAL_ASSETS_TDAYS":0.2471859031,"PREMIUM_EXPENSE":null,"LOAN_DEPOSIT":null,"LOAN_EQUITY":null,"LOAN_ASSETS":null,"DEPOSIT_EQUITY":null,"DEPOSIT_ASSETS":null,"EQUITY_MULTIPLIER":3.135789702958,"EQUITY_RATIO":2.261825128419},{"SECUCODE":"00196.HK","SECURITY_CODE":"00196","SECURITY_NAME_ABBR":"宏华集团","ORG_CODE":"10014594","STD_REPORT_DATE":"2021-06-30 00:00:00","REPORT_DATE":"2021-06-30 00:00:00","DATE_TYPE_CODE":"002","REPORT_TYPE":"2021年中报","PER_NETCASH_OPERATE":-0.153751079935,"PER_OI":0.289682501378,"BPS":0.464491791303,"BASIC_EPS":-0.0138,"DILUTED_EPS":-0.0138,"OPERATE_INCOME":1551538000,"OPERATE_INCOME_YOY":-14.1401106107,"GROSS_PROFIT":318471000,"GROSS_PROFIT_YOY":-47.610164389105,"HOLDER_PROFIT":-72966000,"HOLDER_PROFIT_YOY":-334.1580822182,"GROSS_PROFIT_RATIO":20.526148892261,"EPS_TTM":-0.010169352476,"OPERATE_INCOME_QOQ":-6.499313746537,"NET_PROFIT_RATIO":-4.2800111889,"ROE_AVG":-1.723213013156,"GROSS_PROFIT_QOQ":-24.519195333647,"ROA":-0.591468524927,"HOLDER_PROFIT_QOQ":-209.679822795006,"ROE_YEARLY":-3.446426026312,"ROIC_YEARLY":-1.28455647671,"TOTAL_ASSETS":12660449000,"TOTAL_LIABILITIES":8229483000,"TAX_EBT":7.349945586963,"OCF_SALES":-53.075722283309,"TOTAL_PARENT_EQUITY":4199233000,"DEBT_ASSET_RATIO":65.0015098201,"OPERATE_PROFIT":-14775000,"PRETAX_PROFIT":-71674000,"NETCASH_OPERATE":-823490000,"NETCASH_INVEST":36028000,"NETCASH_FINANCE":379642000,"END_CASH":542454000,"DIVI_RATIO":null,"DIVIDEND_RATE":null,"CURRENT_RATIO":1.460762928429,"COMMON_ACS":10000000000,"CURRENTDEBT_DEBT":70.60341457659,"ISSUED_COMMON_SHARES":9040489151,"HK_COMMON_SHARES":9040489151,"PER_SHARES":1000,"TOTAL_MARKET_CAP":1157182611.328,"HKSK_MARKET_CAP":1157182611.328,"PE_TTM":-4.507682776398,"PB_TTM":0.30789320461,"REPORT_DATE_SQ":"2020-06-30 00:00:00","REPORT_TYPE_SQ":"2020年中报","OPERATE_INCOME_SQ":1807058000,"DPS_HKD":null,"OPERATE_INCOME_QOQ_SQ":-5.454973534046,"NET_PROFIT_RATIO_SQ":2.1528362676,"HOLDER_PROFIT_SQ":31161000,"HOLDER_PROFIT_QOQ_SQ":-27.589511686765,"ROE_AVG_SQ":0.727376368076,"PE_TTM_SQ":-3.746249983073,"PB_TTM_SQ":0.325645346028,"ROA_SQ":0.259525502497,"START_DATE":"2021-01-01 00:00:00","FISCAL_YEAR":"12-31","CURRENCY":"HKD","IS_CNY_CODE":0,"DPS_HKD_LY":null,"ORG_TYPE":"一般企业","PREMIUM_INCOME":null,"PREMIUM_INCOME_YOY":null,"NET_INTEREST_INCOME":null,"NET_INTEREST_INCOME_YOY":null,"FEE_COMMISSION_INCOME":null,"FEE_COMMISSION_INCOME_YOY":null,"ACCOUNTS_RECE_TDAYS":0.383510182854,"INVENTORY_TDAYS":0.839032844344,"CURRENT_ASSETS_TDAYS":0.190854381182,"TOTAL_ASSETS_TDAYS":0.125768973526,"PREMIUM_EXPENSE":null,"LOAN_DEPOSIT":null,"LOAN_EQUITY":null,"LOAN_ASSETS":null,"DEPOSIT_EQUITY":null,"DEPOSIT_ASSETS":null,"EQUITY_MULTIPLIER":2.85726611308,"EQUITY_RATIO":1.959758603535},{"SECUCODE":"00196.HK","SECURITY_CODE":"00196","SECURITY_NAME_ABBR":"宏华集团","ORG_CODE":"10014594","STD_REPORT_DATE":"2020-12-31 00:00:00","REPORT_DATE":"2020-12-31 00:00:00","DATE_TYPE_CODE":"001","REPORT_TYPE":"2020年年报","PER_NETCASH_OPERATE":-0.030935429009,"PER_OI":0.734035799773,"BPS":0.47224944676,"BASIC_EPS":0.0094,"DILUTED_EPS":0.0094,"OPERATE_INCOME":3931492000,"OPERATE_INCOME_YOY":-11.1664948666,"GROSS_PROFIT":1180365000,"GROSS_PROFIT_YOY":-10.295295607197,"HOLDER_PROFIT":49660000,"HOLDER_PROFIT_YOY":-53.7926157511,"GROSS_PROFIT_RATIO":30.023334652595,"EPS_TTM":0.009271853489,"OPERATE_INCOME_QOQ":-6.04105953111,"NET_PROFIT_RATIO":1.5296991575,"ROE_AVG":1.163686331466,"GROSS_PROFIT_QOQ":-13.633556597161,"ROA":0.417895539159,"HOLDER_PROFIT_QOQ":-36.186890428034,"ROE_YEARLY":1.163686331466,"ROIC_YEARLY":0.46228760405,"TOTAL_ASSETS":12012377000,"TOTAL_LIABILITIES":7517750000,"TAX_EBT":30.142873736787,"OCF_SALES":-4.214430552065,"TOTAL_PARENT_EQUITY":4269366000,"DEBT_ASSET_RATIO":62.5833671387,"OPERATE_PROFIT":227416000,"PRETAX_PROFIT":86090000,"NETCASH_OPERATE":-165690000,"NETCASH_INVEST":-78923000,"NETCASH_FINANCE":326419000,"END_CASH":952384000,"DIVI_RATIO":null,"DIVIDEND_RATE":null,"CURRENT_RATIO":1.503087639924,"COMMON_ACS":10000000000,"CURRENTDEBT_DEBT":68.774460443617,"ISSUED_COMMON_SHARES":9040489151,"HK_COMMON_SHARES":9040489151,"PER_SHARES":1000,"TOTAL_MARKET_CAP":1157182611.328,"HKSK_MARKET_CAP":1157182611.328,"PE_TTM":-4.507682776398,"PB_TTM":0.30789320461,"REPORT_DATE_SQ":"2019-12-31 00:00:00","REPORT_TYPE_SQ":"2019年年报","OPERATE_INCOME_SQ":4425686000,"DPS_HKD":null,"OPERATE_INCOME_QOQ_SQ":-13.339378728889,"NET_PROFIT_RATIO_SQ":2.9936375965,"HOLDER_PROFIT_SQ":107472000,"HOLDER_PROFIT_QOQ_SQ":-58.903763866423,"ROE_AVG_SQ":2.56058767336,"PE_TTM_SQ":-3.746249983073,"PB_TTM_SQ":0.325645346028,"ROA_SQ":0.973856468262,"START_DATE":"2020-01-01 00:00:00","FISCAL_YEAR":"12-31","CURRENCY":"HKD","IS_CNY_CODE":0,"DPS_HKD_LY":null,"ORG_TYPE":"一般企业","PREMIUM_INCOME":null,"PREMIUM_INCOME_YOY":null,"NET_INTEREST_INCOME":null,"NET_INTEREST_INCOME_YOY":null,"FEE_COMMISSION_INCOME":null,"FEE_COMMISSION_INCOME_YOY":null,"ACCOUNTS_RECE_TDAYS":1.078220141928,"INVENTORY_TDAYS":2.104777264252,"CURRENT_ASSETS_TDAYS":0.552670179781,"TOTAL_ASSETS_TDAYS":0.330840307901,"PREMIUM_EXPENSE":null,"LOAN_DEPOSIT":null,"LOAN_EQUITY":null,"LOAN_ASSETS":null,"DEPOSIT_EQUITY":null,"DEPOSIT_ASSETS":null,"EQUITY_MULTIPLIER":2.672608205305,"EQUITY_RATIO":1.760858638027},{"SECUCODE":"00196.HK","SECURITY_CODE":"00196","SECURITY_NAME_ABBR":"宏华集团","ORG_CODE":"10014594","STD_REPORT_DATE":"2020-06-30 00:00:00","REPORT_DATE":"2020-06-30 00:00:00","DATE_TYPE_CODE":"002","REPORT_TYPE":"2020年中报","PER_NETCASH_OPERATE":-0.108674487349,"PER_OI":0.337389791017,"BPS":0.475911637981,"BASIC_EPS":0.0059,"DILUTED_EPS":0.0059,"OPERATE_INCOME":1807058000,"OPERATE_INCOME_YOY":-11.7853352587,"GROSS_PROFIT":607887000,"GROSS_PROFIT_YOY":9.130616648744,"HOLDER_PROFIT":31161000,"HOLDER_PROFIT_YOY":-48.7584687233,"GROSS_PROFIT_RATIO":33.63959540867,"EPS_TTM":0.014529700168,"OPERATE_INCOME_QOQ":-5.454973534046,"NET_PROFIT_RATIO":2.1528362676,"ROE_AVG":0.727376368076,"GROSS_PROFIT_QOQ":3.865229200644,"ROA":0.259525502497,"HOLDER_PROFIT_QOQ":-27.589511686765,"ROE_YEARLY":1.454752736152,"ROIC_YEARLY":0.573012791144,"TOTAL_ASSETS":12259497000,"TOTAL_LIABILITIES":7733624000,"TAX_EBT":25.2469159525,"OCF_SALES":-32.210366241703,"TOTAL_PARENT_EQUITY":4302474000,"DEBT_ASSET_RATIO":63.0827186466,"OPERATE_PROFIT":173489000,"PRETAX_PROFIT":52042000,"NETCASH_OPERATE":-582060000,"NETCASH_INVEST":-53217000,"NETCASH_FINANCE":676304000,"END_CASH":933433000,"DIVI_RATIO":null,"DIVIDEND_RATE":null,"CURRENT_RATIO":1.259196678094,"COMMON_ACS":10000000000,"CURRENTDEBT_DEBT":68.751040909152,"ISSUED_COMMON_SHARES":9040489151,"HK_COMMON_SHARES":9040489151,"PER_SHARES":1000,"TOTAL_MARKET_CAP":1157182611.328,"HKSK_MARKET_CAP":1157182611.328,"PE_TTM":-4.507682776398,"PB_TTM":0.30789320461,"REPORT_DATE_SQ":"2019-06-30 00:00:00","REPORT_TYPE_SQ":"2019年中报","OPERATE_INCOME_SQ":2048478000,"DPS_HKD":null,"OPERATE_INCOME_QOQ_SQ":21.44400144394,"NET_PROFIT_RATIO_SQ":3.4659391021,"HOLDER_PROFIT_SQ":60812000,"HOLDER_PROFIT_QOQ_SQ":217.805971781691,"ROE_AVG_SQ":1.460636118415,"PE_TTM_SQ":-3.746249983073,"PB_TTM_SQ":0.325645346028,"ROA_SQ":0.564184080132,"START_DATE":"2020-01-01 00:00:00","FISCAL_YEAR":"12-31","CURRENCY":"HKD","IS_CNY_CODE":0,"DPS_HKD_LY":null,"ORG_TYPE":"一般企业","PREMIUM_INCOME":null,"PREMIUM_INCOME_YOY":null,"NET_INTEREST_INCOME":null,"NET_INTEREST_INCOME_YOY":null,"FEE_COMMISSION_INCOME":null,"FEE_COMMISSION_INCOME_YOY":null,"ACCOUNTS_RECE_TDAYS":0.487419478567,"INVENTORY_TDAYS":0.953582501751,"CURRENT_ASSETS_TDAYS":0.274818011149,"TOTAL_ASSETS_TDAYS":0.150501471548,"PREMIUM_EXPENSE":null,"LOAN_DEPOSIT":null,"LOAN_EQUITY":null,"LOAN_ASSETS":null,"DEPOSIT_EQUITY":null,"DEPOSIT_ASSETS":null,"EQUITY_MULTIPLIER":2.708758509131,"EQUITY_RATIO":1.797483029531}],"count":38},"success":true,"message":"ok","code":0}