{"version":"c817ca82b099a6068e5b40a3a2ce9656","result":{"pages":6,"data":[{"SECUCODE":"00197.HK","SECURITY_CODE":"00197","SECURITY_NAME_ABBR":"亨泰","ORG_CODE":"10007463","STD_REPORT_DATE":"2023-12-31 00:00:00","REPORT_DATE":"2024-06-30 00:00:00","DATE_TYPE_CODE":"001","REPORT_TYPE":"2023年年报","PER_NETCASH_OPERATE":-0.129206926362,"PER_OI":2.559301286866,"BPS":4.021040040026,"BASIC_EPS":-1.5880632,"DILUTED_EPS":null,"OPERATE_INCOME":403359838.68,"OPERATE_INCOME_YOY":0.3066273264,"GROSS_PROFIT":33434206.44,"GROSS_PROFIT_YOY":15.209948583448,"HOLDER_PROFIT":-179294160.64,"HOLDER_PROFIT_YOY":-56.4126246059,"GROSS_PROFIT_RATIO":8.288927958077,"EPS_TTM":-1.008953962554,"OPERATE_INCOME_QOQ":0.129068321718,"NET_PROFIT_RATIO":-44.4501766033,"ROE_AVG":-22.362249361255,"GROSS_PROFIT_QOQ":9.200379155481,"ROA":-20.220424947184,"HOLDER_PROFIT_QOQ":8.450862296294,"ROE_YEARLY":-22.362249361255,"ROIC_YEARLY":-22.694432442798,"TOTAL_ASSETS":793626370.08,"TOTAL_LIABILITIES":75446692.2,"TAX_EBT":0.122020662165,"OCF_SALES":-5.048523478847,"TOTAL_PARENT_EQUITY":718179677.88,"DEBT_ASSET_RATIO":9.5065757697,"OPERATE_PROFIT":-179215670.16,"PRETAX_PROFIT":-179513203.84,"NETCASH_OPERATE":-20363716.16,"NETCASH_INVEST":-31937411.24,"NETCASH_FINANCE":5382073.96,"END_CASH":63099957.16,"DIVI_RATIO":null,"DIVIDEND_RATE":null,"CURRENT_RATIO":7.81479511995,"COMMON_ACS":100000000000,"CURRENTDEBT_DEBT":79.621363333938,"ISSUED_COMMON_SHARES":178605453,"HK_COMMON_SHARES":178605453,"PER_SHARES":5000,"TOTAL_MARKET_CAP":27683845.215,"HKSK_MARKET_CAP":27683845.215,"PE_TTM":-0.140922000809,"PB_TTM":0.035181296031,"REPORT_DATE_SQ":"2022-12-31 00:00:00","REPORT_TYPE_SQ":"2022年年报","OPERATE_INCOME_SQ":406224388,"DPS_HKD":null,"OPERATE_INCOME_QOQ_SQ":-1.550865065607,"NET_PROFIT_RATIO_SQ":-28.5056740808,"HOLDER_PROFIT_SQ":-115797000.08,"HOLDER_PROFIT_QOQ_SQ":1.76261488437,"ROE_AVG_SQ":-12.085486369716,"PE_TTM_SQ":-0.342995375569,"PB_TTM_SQ":0.044407977971,"ROA_SQ":-10.93058725493,"START_DATE":"2023-07-01 00:00:00","FISCAL_YEAR":"6-30","CURRENCY":"HKD","IS_CNY_CODE":0,"DPS_HKD_LY":null,"ORG_TYPE":"一般企业","PREMIUM_INCOME":null,"PREMIUM_INCOME_YOY":null,"NET_INTEREST_INCOME":null,"NET_INTEREST_INCOME_YOY":null,"FEE_COMMISSION_INCOME":null,"FEE_COMMISSION_INCOME_YOY":null,"ACCOUNTS_RECE_TDAYS":2.22286434246,"INVENTORY_TDAYS":3.990764444094,"CURRENT_ASSETS_TDAYS":0.799086914857,"TOTAL_ASSETS_TDAYS":0.454900891118,"PREMIUM_EXPENSE":null,"LOAN_DEPOSIT":null,"LOAN_EQUITY":null,"LOAN_ASSETS":null,"DEPOSIT_EQUITY":null,"DEPOSIT_ASSETS":null,"EQUITY_MULTIPLIER":1.105052669302,"EQUITY_RATIO":0.105052669302},{"SECUCODE":"00197.HK","SECURITY_CODE":"00197","SECURITY_NAME_ABBR":"亨泰","ORG_CODE":"10007463","STD_REPORT_DATE":"2023-06-30 00:00:00","REPORT_DATE":"2023-12-31 00:00:00","DATE_TYPE_CODE":"002","REPORT_TYPE":"2023年中报","PER_NETCASH_OPERATE":-0.305743628229,"PER_OI":2.083419139931,"BPS":4.709627677829,"BASIC_EPS":-0.36973776,"DILUTED_EPS":null,"OPERATE_INCOME":218905596.98,"OPERATE_INCOME_YOY":-1.1923558333,"GROSS_PROFIT":17626885.22,"GROSS_PROFIT_YOY":17.851092410722,"HOLDER_PROFIT":-38813402.6,"HOLDER_PROFIT_YOY":21.2770650296,"GROSS_PROFIT_RATIO":8.052277083445,"EPS_TTM":-0.055104503816,"OPERATE_INCOME_QOQ":-3.735797873642,"NET_PROFIT_RATIO":-17.7306579345,"ROE_AVG":-4.512498926662,"GROSS_PROFIT_QOQ":27.755783823601,"ROA":-4.085588451607,"HOLDER_PROFIT_QOQ":36.225528838078,"ROE_YEARLY":-9.024997853323,"ROIC_YEARLY":-9.111680310431,"TOTAL_ASSETS":927179962.38,"TOTAL_LIABILITIES":86014777.52,"TAX_EBT":null,"OCF_SALES":-14.675089729631,"TOTAL_PARENT_EQUITY":841165184.86,"DEBT_ASSET_RATIO":9.2770315376,"OPERATE_PROFIT":-38653001.66,"PRETAX_PROFIT":-38813402.6,"NETCASH_OPERATE":-32124592.78,"NETCASH_INVEST":6756776.32,"NETCASH_FINANCE":-5059426.26,"END_CASH":78780423.26,"DIVI_RATIO":null,"DIVIDEND_RATE":null,"CURRENT_RATIO":7.964689963831,"COMMON_ACS":100000000000,"CURRENTDEBT_DEBT":80.978970879515,"ISSUED_COMMON_SHARES":178605453,"HK_COMMON_SHARES":178605453,"PER_SHARES":5000,"TOTAL_MARKET_CAP":38400172.395,"HKSK_MARKET_CAP":38400172.395,"PE_TTM":-0.195472452736,"PB_TTM":0.048799862236,"REPORT_DATE_SQ":"2022-06-30 00:00:00","REPORT_TYPE_SQ":"2022年中报","OPERATE_INCOME_SQ":218381289.98,"DPS_HKD":null,"OPERATE_INCOME_QOQ_SQ":1.572451174386,"NET_PROFIT_RATIO_SQ":-22.2543092517,"HOLDER_PROFIT_SQ":-48599247.62,"HOLDER_PROFIT_QOQ_SQ":17.18682056991,"ROE_AVG_SQ":-5.051083193956,"PE_TTM_SQ":-0.485212970779,"PB_TTM_SQ":0.062821042067,"ROA_SQ":-4.571033931143,"START_DATE":"2023-07-01 00:00:00","FISCAL_YEAR":"6-30","CURRENCY":"HKD","IS_CNY_CODE":0,"DPS_HKD_LY":null,"ORG_TYPE":"一般企业","PREMIUM_INCOME":null,"PREMIUM_INCOME_YOY":null,"NET_INTEREST_INCOME":null,"NET_INTEREST_INCOME_YOY":null,"FEE_COMMISSION_INCOME":null,"FEE_COMMISSION_INCOME_YOY":null,"ACCOUNTS_RECE_TDAYS":1.117356189983,"INVENTORY_TDAYS":2.076571396516,"CURRENT_ASSETS_TDAYS":0.401274128709,"TOTAL_ASSETS_TDAYS":0.230425090073,"PREMIUM_EXPENSE":null,"LOAN_DEPOSIT":null,"LOAN_EQUITY":null,"LOAN_ASSETS":null,"DEPOSIT_EQUITY":null,"DEPOSIT_ASSETS":null,"EQUITY_MULTIPLIER":1.102256701857,"EQUITY_RATIO":0.102256701856},{"SECUCODE":"00197.HK","SECURITY_CODE":"00197","SECURITY_NAME_ABBR":"亨泰","ORG_CODE":"10007463","STD_REPORT_DATE":"2022-12-31 00:00:00","REPORT_DATE":"2023-06-30 00:00:00","DATE_TYPE_CODE":"001","REPORT_TYPE":"2022年年报","PER_NETCASH_OPERATE":-0.002934320532,"PER_OI":0.193310649873,"BPS":5.007602643577,"BASIC_EPS":-1.0879364,"DILUTED_EPS":null,"OPERATE_INCOME":406224388,"OPERATE_INCOME_YOY":-12.0941386782,"GROSS_PROFIT":29020242.48,"GROSS_PROFIT_YOY":71.005155829545,"HOLDER_PROFIT":-115797000.08,"HOLDER_PROFIT_YOY":41.8881403613,"GROSS_PROFIT_RATIO":7.14389468906,"EPS_TTM":-0.086405269714,"OPERATE_INCOME_QOQ":-1.550865065607,"NET_PROFIT_RATIO":-28.5056740808,"ROE_AVG":-12.085486369716,"GROSS_PROFIT_QOQ":33.853161642889,"ROA":-10.93058725493,"HOLDER_PROFIT_QOQ":1.76261488437,"ROE_YEARLY":-12.085486369716,"ROIC_YEARLY":-12.43705767077,"TOTAL_ASSETS":989753827.82,"TOTAL_LIABILITIES":95368689.22,"TAX_EBT":0.105783073118,"OCF_SALES":-1.517930095325,"TOTAL_PARENT_EQUITY":894385138.6,"DEBT_ASSET_RATIO":9.635596907,"OPERATE_PROFIT":-115412534.42,"PRETAX_PROFIT":-115919623.42,"NETCASH_OPERATE":-6166202.24,"NETCASH_INVEST":36387784.66,"NETCASH_FINANCE":-4065009.82,"END_CASH":111457240.22,"DIVI_RATIO":null,"DIVIDEND_RATE":null,"CURRENT_RATIO":6.930702113954,"COMMON_ACS":100000000000,"CURRENTDEBT_DEBT":82.54623497907,"ISSUED_COMMON_SHARES":178605453,"HK_COMMON_SHARES":178605453,"PER_SHARES":5000,"TOTAL_MARKET_CAP":29827110.651,"HKSK_MARKET_CAP":29827110.651,"PE_TTM":-0.151832091195,"PB_TTM":0.037905009272,"REPORT_DATE_SQ":"2021-12-31 00:00:00","REPORT_TYPE_SQ":"2021年年报","OPERATE_INCOME_SQ":428636621.42,"DPS_HKD":null,"OPERATE_INCOME_QOQ_SQ":-2.516115007711,"NET_PROFIT_RATIO_SQ":-41.7295468239,"HOLDER_PROFIT_SQ":-184830504.32,"HOLDER_PROFIT_QOQ_SQ":-8.502014473308,"ROE_AVG_SQ":-17.934824776394,"PE_TTM_SQ":null,"PB_TTM_SQ":null,"ROA_SQ":-16.42247011038,"START_DATE":"2022-07-01 00:00:00","FISCAL_YEAR":"6-30","CURRENCY":"HKD","IS_CNY_CODE":0,"DPS_HKD_LY":null,"ORG_TYPE":"一般企业","PREMIUM_INCOME":null,"PREMIUM_INCOME_YOY":null,"NET_INTEREST_INCOME":null,"NET_INTEREST_INCOME_YOY":null,"FEE_COMMISSION_INCOME":null,"FEE_COMMISSION_INCOME_YOY":null,"ACCOUNTS_RECE_TDAYS":1.935206170172,"INVENTORY_TDAYS":3.66665919815,"CURRENT_ASSETS_TDAYS":0.648183768778,"TOTAL_ASSETS_TDAYS":0.383453035489,"PREMIUM_EXPENSE":null,"LOAN_DEPOSIT":null,"LOAN_EQUITY":null,"LOAN_ASSETS":null,"DEPOSIT_EQUITY":null,"DEPOSIT_ASSETS":null,"EQUITY_MULTIPLIER":1.106630449349,"EQUITY_RATIO":0.106630449349},{"SECUCODE":"00197.HK","SECURITY_CODE":"00197","SECURITY_NAME_ABBR":"亨泰","ORG_CODE":"10007463","STD_REPORT_DATE":"2022-06-30 00:00:00","REPORT_DATE":"2022-12-31 00:00:00","DATE_TYPE_CODE":"002","REPORT_TYPE":"2022年中报","PER_NETCASH_OPERATE":-0.006131380244,"PER_OI":0.103921454086,"BPS":5.230626357584,"BASIC_EPS":-0.46271386,"DILUTED_EPS":null,"OPERATE_INCOME":218381289.98,"OPERATE_INCOME_YOY":-11.174976656,"GROSS_PROFIT":14956912.88,"GROSS_PROFIT_YOY":62.365138341939,"HOLDER_PROFIT":-48599247.62,"HOLDER_PROFIT_YOY":14.2212972598,"GROSS_PROFIT_RATIO":6.848990076654,"EPS_TTM":-0.087955588,"OPERATE_INCOME_QOQ":1.572451174386,"NET_PROFIT_RATIO":-22.2543092517,"ROE_AVG":-5.051083193956,"GROSS_PROFIT_QOQ":33.884903199039,"ROA":-4.571033931143,"HOLDER_PROFIT_QOQ":17.18682056991,"ROE_YEARLY":-10.102166387913,"ROIC_YEARLY":-10.453329541858,"TOTAL_ASSETS":1032541512.24,"TOTAL_LIABILITIES":98323122.17,"TAX_EBT":0.265806309692,"OCF_SALES":-5.900013907409,"TOTAL_PARENT_EQUITY":934218390.07,"DEBT_ASSET_RATIO":9.5224376942,"OPERATE_PROFIT":-48423273.43,"PRETAX_PROFIT":-48728771.77,"NETCASH_OPERATE":-12884526.48,"NETCASH_INVEST":41185106.62,"NETCASH_FINANCE":-3238103.75,"END_CASH":110528763.45,"DIVI_RATIO":null,"DIVIDEND_RATE":null,"CURRENT_RATIO":7.197043522256,"COMMON_ACS":100000000000,"CURRENTDEBT_DEBT":82.600321610597,"ISSUED_COMMON_SHARES":178605453,"HK_COMMON_SHARES":178605453,"PER_SHARES":5000,"TOTAL_MARKET_CAP":38400172.395,"HKSK_MARKET_CAP":38400172.395,"PE_TTM":-0.195472452736,"PB_TTM":0.048799862236,"REPORT_DATE_SQ":"2021-06-30 00:00:00","REPORT_TYPE_SQ":"2021年中报","OPERATE_INCOME_SQ":225028865.6,"DPS_HKD":null,"OPERATE_INCOME_QOQ_SQ":2.58036258644,"NET_PROFIT_RATIO_SQ":-20.290228935,"HOLDER_PROFIT_SQ":-51857097.6,"HOLDER_PROFIT_QOQ_SQ":27.562485201703,"ROE_AVG_SQ":-4.940777814563,"PE_TTM_SQ":-0.485212970779,"PB_TTM_SQ":0.062821042067,"ROA_SQ":-4.546428753191,"START_DATE":"2022-07-01 00:00:00","FISCAL_YEAR":"6-30","CURRENCY":"HKD","IS_CNY_CODE":0,"DPS_HKD_LY":null,"ORG_TYPE":"一般企业","PREMIUM_INCOME":null,"PREMIUM_INCOME_YOY":null,"NET_INTEREST_INCOME":null,"NET_INTEREST_INCOME_YOY":null,"FEE_COMMISSION_INCOME":null,"FEE_COMMISSION_INCOME_YOY":null,"ACCOUNTS_RECE_TDAYS":1.009353511541,"INVENTORY_TDAYS":1.901807188669,"CURRENT_ASSETS_TDAYS":0.343830538915,"TOTAL_ASSETS_TDAYS":0.205399946565,"PREMIUM_EXPENSE":null,"LOAN_DEPOSIT":null,"LOAN_EQUITY":null,"LOAN_ASSETS":null,"DEPOSIT_EQUITY":null,"DEPOSIT_ASSETS":null,"EQUITY_MULTIPLIER":1.105246399787,"EQUITY_RATIO":0.105246399787},{"SECUCODE":"00197.HK","SECURITY_CODE":"00197","SECURITY_NAME_ABBR":"亨泰","ORG_CODE":"10007463","STD_REPORT_DATE":"2021-12-31 00:00:00","REPORT_DATE":"2022-06-30 00:00:00","DATE_TYPE_CODE":"001","REPORT_TYPE":"2021年年报","PER_NETCASH_OPERATE":-0.000645032606,"PER_OI":0.203975995272,"BPS":5.307139441594,"BASIC_EPS":-0.0940709,"DILUTED_EPS":null,"OPERATE_INCOME":428636621.42,"OPERATE_INCOME_YOY":-3.6589819588,"GROSS_PROFIT":16970390.36,"GROSS_PROFIT_YOY":16.490419960366,"HOLDER_PROFIT":-184830504.32,"HOLDER_PROFIT_YOY":12.5741769244,"GROSS_PROFIT_RATIO":3.959155497209,"EPS_TTM":-0.106209649968,"OPERATE_INCOME_QOQ":-2.516115007711,"NET_PROFIT_RATIO":-41.7295468239,"ROE_AVG":-17.934824776394,"GROSS_PROFIT_QOQ":-12.992116977382,"ROA":-16.42247011038,"HOLDER_PROFIT_QOQ":-8.502014473308,"ROE_YEARLY":-17.934824776394,"ROIC_YEARLY":-18.998234474296,"TOTAL_ASSETS":1047228045.64,"TOTAL_LIABILITIES":99379064.33,"TAX_EBT":0.102688528975,"OCF_SALES":-0.316229664537,"TOTAL_PARENT_EQUITY":947884044.1,"DEBT_ASSET_RATIO":9.4897252555,"OPERATE_PROFIT":-178679122.65,"PRETAX_PROFIT":-179051985.49,"NETCASH_OPERATE":-1355476.15,"NETCASH_INVEST":-96945193.59,"NETCASH_FINANCE":-5125153.67,"END_CASH":85890152.46,"DIVI_RATIO":null,"DIVIDEND_RATE":null,"CURRENT_RATIO":8.076598565026,"COMMON_ACS":100000000000,"CURRENTDEBT_DEBT":81.797137866049,"ISSUED_COMMON_SHARES":178605453,"HK_COMMON_SHARES":178605453,"PER_SHARES":5000,"TOTAL_MARKET_CAP":29827110.651,"HKSK_MARKET_CAP":29827110.651,"PE_TTM":-0.151832091195,"PB_TTM":0.037905009272,"REPORT_DATE_SQ":"2020-12-31 00:00:00","REPORT_TYPE_SQ":"2020年年报","OPERATE_INCOME_SQ":432892948.32,"DPS_HKD":null,"OPERATE_INCOME_QOQ_SQ":-14.747900411629,"NET_PROFIT_RATIO_SQ":-47.5190964414,"HOLDER_PROFIT_SQ":-205700993.04,"HOLDER_PROFIT_QOQ_SQ":2.343091253631,"ROE_AVG_SQ":-17.513714635687,"PE_TTM_SQ":null,"PB_TTM_SQ":null,"ROA_SQ":-16.272947220036,"START_DATE":"2021-07-01 00:00:00","FISCAL_YEAR":"6-30","CURRENCY":"HKD","IS_CNY_CODE":0,"DPS_HKD_LY":null,"ORG_TYPE":"一般企业","PREMIUM_INCOME":null,"PREMIUM_INCOME_YOY":null,"NET_INTEREST_INCOME":null,"NET_INTEREST_INCOME_YOY":null,"FEE_COMMISSION_INCOME":null,"FEE_COMMISSION_INCOME_YOY":null,"ACCOUNTS_RECE_TDAYS":2.002145078403,"INVENTORY_TDAYS":3.859916126084,"CURRENT_ASSETS_TDAYS":0.64810102358,"TOTAL_ASSETS_TDAYS":0.380850126952,"PREMIUM_EXPENSE":null,"LOAN_DEPOSIT":null,"LOAN_EQUITY":null,"LOAN_ASSETS":null,"DEPOSIT_EQUITY":null,"DEPOSIT_ASSETS":null,"EQUITY_MULTIPLIER":1.104846939005,"EQUITY_RATIO":0.104843060656},{"SECUCODE":"00197.HK","SECURITY_CODE":"00197","SECURITY_NAME_ABBR":"亨泰","ORG_CODE":"10007463","STD_REPORT_DATE":"2021-06-30 00:00:00","REPORT_DATE":"2021-12-31 00:00:00","DATE_TYPE_CODE":"002","REPORT_TYPE":"2021年中报","PER_NETCASH_OPERATE":-0.011853875543,"PER_OI":0.107084846539,"BPS":5.793938226511,"BASIC_EPS":-0.02730784,"DILUTED_EPS":null,"OPERATE_INCOME":225028865.6,"OPERATE_INCOME_YOY":-1.812272797,"GROSS_PROFIT":9211899.2,"GROSS_PROFIT_YOY":-17.04428141144,"HOLDER_PROFIT":-51857097.6,"HOLDER_PROFIT_YOY":-55.3226398922,"GROSS_PROFIT_RATIO":4.093652241208,"EPS_TTM":-0.109842159672,"OPERATE_INCOME_QOQ":2.58036258644,"NET_PROFIT_RATIO":-20.290228935,"ROE_AVG":-4.940777814563,"GROSS_PROFIT_QOQ":-12.574438408443,"ROA":-4.546428753191,"HOLDER_PROFIT_QOQ":27.562485201703,"ROE_YEARLY":-9.881555629126,"ROIC_YEARLY":-10.588245605029,"TOTAL_ASSETS":1130414577.6,"TOTAL_LIABILITIES":95606056,"TAX_EBT":0.544959128065,"OCF_SALES":-11.06961061799,"TOTAL_PARENT_EQUITY":1034828961.6,"DEBT_ASSET_RATIO":8.4576099685,"OPERATE_PROFIT":-45783964.8,"PRETAX_PROFIT":-45909057.6,"NETCASH_OPERATE":-24909819.2,"NETCASH_INVEST":-37934187.2,"NETCASH_FINANCE":-3431467.2,"END_CASH":117240569.6,"DIVI_RATIO":null,"DIVIDEND_RATE":null,"CURRENT_RATIO":8.729244355202,"COMMON_ACS":100000000000,"CURRENTDEBT_DEBT":83.475435070766,"ISSUED_COMMON_SHARES":178605453,"HK_COMMON_SHARES":178605453,"PER_SHARES":5000,"TOTAL_MARKET_CAP":38400172.395,"HKSK_MARKET_CAP":38400172.395,"PE_TTM":-0.195472452736,"PB_TTM":0.048799862236,"REPORT_DATE_SQ":"2020-06-30 00:00:00","REPORT_TYPE_SQ":"2020年中报","OPERATE_INCOME_SQ":235920950.04,"DPS_HKD":null,"OPERATE_INCOME_QOQ_SQ":-23.820530841071,"NET_PROFIT_RATIO_SQ":-14.5688182055,"HOLDER_PROFIT_SQ":-34368369.4,"HOLDER_PROFIT_QOQ_SQ":-15.990205383849,"ROE_AVG_SQ":-2.700715903007,"PE_TTM_SQ":-0.485212970779,"PB_TTM_SQ":0.062821042067,"ROA_SQ":-2.523553058885,"START_DATE":"2021-07-01 00:00:00","FISCAL_YEAR":"6-30","CURRENCY":"HKD","IS_CNY_CODE":0,"DPS_HKD_LY":null,"ORG_TYPE":"一般企业","PREMIUM_INCOME":null,"PREMIUM_INCOME_YOY":null,"NET_INTEREST_INCOME":null,"NET_INTEREST_INCOME_YOY":null,"FEE_COMMISSION_INCOME":null,"FEE_COMMISSION_INCOME_YOY":null,"ACCOUNTS_RECE_TDAYS":1.05291728912,"INVENTORY_TDAYS":2.010235320996,"CURRENT_ASSETS_TDAYS":0.337480243321,"TOTAL_ASSETS_TDAYS":0.19728788386,"PREMIUM_EXPENSE":null,"LOAN_DEPOSIT":null,"LOAN_EQUITY":null,"LOAN_ASSETS":null,"DEPOSIT_EQUITY":null,"DEPOSIT_ASSETS":null,"EQUITY_MULTIPLIER":1.092390093437,"EQUITY_RATIO":0.092388268543},{"SECUCODE":"00197.HK","SECURITY_CODE":"00197","SECURITY_NAME_ABBR":"亨泰","ORG_CODE":"10007463","STD_REPORT_DATE":"2020-12-31 00:00:00","REPORT_DATE":"2021-06-30 00:00:00","DATE_TYPE_CODE":"001","REPORT_TYPE":"2020年年报","PER_NETCASH_OPERATE":-0.042283897389,"PER_OI":0.231160266401,"BPS":6.064583194557,"BASIC_EPS":-0.1081704,"DILUTED_EPS":null,"OPERATE_INCOME":432892948.32,"OPERATE_INCOME_YOY":-3.9971213198,"GROSS_PROFIT":14568056.64,"GROSS_PROFIT_YOY":-50.291221879927,"HOLDER_PROFIT":-205700993.04,"HOLDER_PROFIT_YOY":22.3428483472,"GROSS_PROFIT_RATIO":3.365279267435,"EPS_TTM":-0.151637117835,"OPERATE_INCOME_QOQ":-14.747900411629,"NET_PROFIT_RATIO":-47.5190964414,"ROE_AVG":-17.513714635687,"GROSS_PROFIT_QOQ":-43.141597016777,"ROA":-16.272947220036,"HOLDER_PROFIT_QOQ":2.343091253631,"ROE_YEARLY":-17.513714635687,"ROIC_YEARLY":-19.797970414322,"TOTAL_ASSETS":1171190043.6,"TOTAL_LIABILITIES":101248326.48,"TAX_EBT":1.164580443204,"OCF_SALES":-18.292026587013,"TOTAL_PARENT_EQUITY":1083167628.72,"DEBT_ASSET_RATIO":8.6449101094,"OPERATE_PROFIT":-207754566.48,"PRETAX_PROFIT":-208130666.64,"NETCASH_OPERATE":-79184893.2,"NETCASH_INVEST":-24701958.96,"NETCASH_FINANCE":-6366244.08,"END_CASH":185905809.84,"DIVI_RATIO":null,"DIVIDEND_RATE":null,"CURRENT_RATIO":7.290461751549,"COMMON_ACS":100000000000,"CURRENTDEBT_DEBT":87.814860167158,"ISSUED_COMMON_SHARES":178605453,"HK_COMMON_SHARES":178605453,"PER_SHARES":5000,"TOTAL_MARKET_CAP":38400172.395,"HKSK_MARKET_CAP":38400172.395,"PE_TTM":-0.195472452736,"PB_TTM":0.048799862236,"REPORT_DATE_SQ":"2019-12-31 00:00:00","REPORT_TYPE_SQ":"2019年年报","OPERATE_INCOME_SQ":495006837.6,"DPS_HKD":null,"OPERATE_INCOME_QOQ_SQ":-12.138050775747,"NET_PROFIT_RATIO_SQ":-58.7453751972,"HOLDER_PROFIT_SQ":-290783576.16,"HOLDER_PROFIT_QOQ_SQ":0.030979188756,"ROE_AVG_SQ":-18.873973116036,"PE_TTM_SQ":-0.485212970779,"PB_TTM_SQ":0.062821042067,"ROA_SQ":-17.623709316945,"START_DATE":"2020-07-01 00:00:00","FISCAL_YEAR":"6-30","CURRENCY":"HKD","IS_CNY_CODE":0,"DPS_HKD_LY":null,"ORG_TYPE":"一般企业","PREMIUM_INCOME":null,"PREMIUM_INCOME_YOY":null,"NET_INTEREST_INCOME":null,"NET_INTEREST_INCOME_YOY":null,"FEE_COMMISSION_INCOME":null,"FEE_COMMISSION_INCOME_YOY":null,"ACCOUNTS_RECE_TDAYS":2.291120956164,"INVENTORY_TDAYS":3.946448756594,"CURRENT_ASSETS_TDAYS":0.583456649869,"TOTAL_ASSETS_TDAYS":0.342460383678,"PREMIUM_EXPENSE":null,"LOAN_DEPOSIT":null,"LOAN_EQUITY":null,"LOAN_ASSETS":null,"DEPOSIT_EQUITY":null,"DEPOSIT_ASSETS":null,"EQUITY_MULTIPLIER":1.094629758668,"EQUITY_RATIO":0.093474291324},{"SECUCODE":"00197.HK","SECURITY_CODE":"00197","SECURITY_NAME_ABBR":"亨泰","ORG_CODE":"10007463","STD_REPORT_DATE":"2020-06-30 00:00:00","REPORT_DATE":"2020-12-31 00:00:00","DATE_TYPE_CODE":"002","REPORT_TYPE":"2020年中报","PER_NETCASH_OPERATE":-0.022815604929,"PER_OI":0.125979297821,"BPS":7.081119390683,"BASIC_EPS":-0.018347752,"DILUTED_EPS":null,"OPERATE_INCOME":235920950.04,"OPERATE_INCOME_YOY":-18.7188647185,"GROSS_PROFIT":11104598.16,"GROSS_PROFIT_YOY":-53.239905954313,"HOLDER_PROFIT":-34368369.4,"HOLDER_PROFIT_YOY":11.1761251169,"GROSS_PROFIT_RATIO":4.706914819611,"EPS_TTM":-0.155275361244,"OPERATE_INCOME_QOQ":-23.820530841071,"NET_PROFIT_RATIO":-14.5688182055,"ROE_AVG":-2.700715903007,"GROSS_PROFIT_QOQ":-42.45287287829,"ROA":-2.523553058885,"HOLDER_PROFIT_QOQ":-15.990205383849,"ROE_YEARLY":-5.401431806014,"ROIC_YEARLY":-6.213450709503,"TOTAL_ASSETS":1351273219.36,"TOTAL_LIABILITIES":99921184.08,"TAX_EBT":0.295417368588,"OCF_SALES":-18.110598585143,"TOTAL_PARENT_EQUITY":1264726536.52,"DEBT_ASSET_RATIO":7.3945951602,"OPERATE_PROFIT":-34246331.6,"PRETAX_PROFIT":-34472732.76,"NETCASH_OPERATE":-42726696.24,"NETCASH_INVEST":-7898791.4,"NETCASH_FINANCE":-9680543.28,"END_CASH":244026784.88,"DIVI_RATIO":null,"DIVIDEND_RATE":null,"CURRENT_RATIO":8.149971170479,"COMMON_ACS":100000000000,"CURRENTDEBT_DEBT":87.650140664746,"ISSUED_COMMON_SHARES":178605453,"HK_COMMON_SHARES":178605453,"PER_SHARES":5000,"TOTAL_MARKET_CAP":38400172.395,"HKSK_MARKET_CAP":38400172.395,"PE_TTM":-0.195472452736,"PB_TTM":0.048799862236,"REPORT_DATE_SQ":"2019-06-30 00:00:00","REPORT_TYPE_SQ":"2019年中报","OPERATE_INCOME_SQ":308924065.48,"DPS_HKD":null,"OPERATE_INCOME_QOQ_SQ":-8.890949783339,"NET_PROFIT_RATIO_SQ":-13.3315548648,"HOLDER_PROFIT_SQ":-41181693.94,"HOLDER_PROFIT_QOQ_SQ":-93.107474217996,"ROE_AVG_SQ":-2.523049381202,"PE_TTM_SQ":-0.485212970779,"PB_TTM_SQ":0.062821042067,"ROA_SQ":-2.360560418085,"START_DATE":"2020-07-01 00:00:00","FISCAL_YEAR":"6-30","CURRENCY":"HKD","IS_CNY_CODE":0,"DPS_HKD_LY":null,"ORG_TYPE":"一般企业","PREMIUM_INCOME":null,"PREMIUM_INCOME_YOY":null,"NET_INTEREST_INCOME":null,"NET_INTEREST_INCOME_YOY":null,"FEE_COMMISSION_INCOME":null,"FEE_COMMISSION_INCOME_YOY":null,"ACCOUNTS_RECE_TDAYS":1.180813688982,"INVENTORY_TDAYS":2.121196720335,"CURRENT_ASSETS_TDAYS":0.302642702365,"TOTAL_ASSETS_TDAYS":0.173228769803,"PREMIUM_EXPENSE":null,"LOAN_DEPOSIT":null,"LOAN_EQUITY":null,"LOAN_ASSETS":null,"DEPOSIT_EQUITY":null,"DEPOSIT_ASSETS":null,"EQUITY_MULTIPLIER":1.079850578624,"EQUITY_RATIO":0.079006157612},{"SECUCODE":"00197.HK","SECURITY_CODE":"00197","SECURITY_NAME_ABBR":"亨泰","ORG_CODE":"10007463","STD_REPORT_DATE":"2019-12-31 00:00:00","REPORT_DATE":"2020-06-30 00:00:00","DATE_TYPE_CODE":"001","REPORT_TYPE":"2019年年报","PER_NETCASH_OPERATE":0.002613457307,"PER_OI":0.264328427835,"BPS":7.78047096244,"BASIC_EPS":-0.1552848,"DILUTED_EPS":null,"OPERATE_INCOME":495006837.6,"OPERATE_INCOME_YOY":-35.5424796487,"GROSS_PROFIT":29306808.96,"GROSS_PROFIT_YOY":-53.792507571766,"HOLDER_PROFIT":-290783576.16,"HOLDER_PROFIT_YOY":-11.6661580393,"GROSS_PROFIT_RATIO":5.920485685024,"EPS_TTM":-0.133869373479,"OPERATE_INCOME_QOQ":-12.138050775747,"NET_PROFIT_RATIO":-58.7453751972,"ROE_AVG":-18.873973116036,"GROSS_PROFIT_QOQ":-19.704953593067,"ROA":-17.623709316945,"HOLDER_PROFIT_QOQ":0.030979188756,"ROE_YEARLY":-18.873973116036,"ROIC_YEARLY":-22.483068255615,"TOTAL_ASSETS":1489625163.84,"TOTAL_LIABILITIES":114503357.76,"TAX_EBT":0.262853669769,"OCF_SALES":0.988715942537,"TOTAL_PARENT_EQUITY":1389634540.8,"DEBT_ASSET_RATIO":7.6867228441,"OPERATE_PROFIT":-291065829.12,"PRETAX_PROFIT":-291560000.16,"NETCASH_OPERATE":4894211.52,"NETCASH_INVEST":-97002760.8,"NETCASH_FINANCE":-1011178.08,"END_CASH":308222059.2,"DIVI_RATIO":null,"DIVIDEND_RATE":null,"CURRENT_RATIO":9.111937725681,"COMMON_ACS":100000000000,"CURRENTDEBT_DEBT":87.928586243758,"ISSUED_COMMON_SHARES":178605453,"HK_COMMON_SHARES":178605453,"PER_SHARES":5000,"TOTAL_MARKET_CAP":38400172.395,"HKSK_MARKET_CAP":38400172.395,"PE_TTM":-0.195472452736,"PB_TTM":0.048799862236,"REPORT_DATE_SQ":"2018-12-31 00:00:00","REPORT_TYPE_SQ":"2018年年报","OPERATE_INCOME_SQ":739558311.12,"DPS_HKD":null,"OPERATE_INCOME_QOQ_SQ":-1.905311631708,"NET_PROFIT_RATIO_SQ":-34.0151201572,"HOLDER_PROFIT_SQ":-250774352.46,"HOLDER_PROFIT_QOQ_SQ":-0.361536792377,"ROE_AVG_SQ":-14.199339943199,"PE_TTM_SQ":-0.485212970779,"PB_TTM_SQ":0.062821042067,"ROA_SQ":-13.35726337303,"START_DATE":"2019-07-01 00:00:00","FISCAL_YEAR":"6-30","CURRENCY":"HKD","IS_CNY_CODE":0,"DPS_HKD_LY":null,"ORG_TYPE":"一般企业","PREMIUM_INCOME":null,"PREMIUM_INCOME_YOY":null,"NET_INTEREST_INCOME":null,"NET_INTEREST_INCOME_YOY":null,"FEE_COMMISSION_INCOME":null,"FEE_COMMISSION_INCOME_YOY":null,"ACCOUNTS_RECE_TDAYS":2.069329596246,"INVENTORY_TDAYS":3.807621501522,"CURRENT_ASSETS_TDAYS":0.513098126472,"TOTAL_ASSETS_TDAYS":0.300012013435,"PREMIUM_EXPENSE":null,"LOAN_DEPOSIT":null,"LOAN_EQUITY":null,"LOAN_ASSETS":null,"DEPOSIT_EQUITY":null,"DEPOSIT_ASSETS":null,"EQUITY_MULTIPLIER":1.0832677929,"EQUITY_RATIO":0.082398180527}],"count":46},"success":true,"message":"ok","code":0}