{"version":"b3c3d71a47da80c969d17edf4f02992a","result":{"pages":6,"data":[{"SECUCODE":"00193.HK","SECURITY_CODE":"00193","SECURITY_NAME_ABBR":"冠中地产","ORG_CODE":"10007461","STD_REPORT_DATE":"2024-12-31 00:00:00","REPORT_DATE":"2024-07-31 00:00:00","DATE_TYPE_CODE":"001","REPORT_TYPE":"2024年年报","PER_NETCASH_OPERATE":-0.070488552756,"PER_OI":0.265067601472,"BPS":3.868213253003,"BASIC_EPS":0.02648744,"DILUTED_EPS":null,"OPERATE_INCOME":51512590.64,"OPERATE_INCOME_YOY":52.9422930904,"GROSS_PROFIT":39046140,"GROSS_PROFIT_YOY":28.25197910429,"HOLDER_PROFIT":5086501.84,"HOLDER_PROFIT_YOY":118.5837754864,"GROSS_PROFIT_RATIO":75.799216298161,"EPS_TTM":0.026173539825,"OPERATE_INCOME_QOQ":0,"NET_PROFIT_RATIO":6.7146580613,"ROE_AVG":0.677901730421,"GROSS_PROFIT_QOQ":0,"ROA":0.691332767671,"HOLDER_PROFIT_QOQ":0,"ROE_YEARLY":0.677901730421,"ROIC_YEARLY":0.821737911496,"TOTAL_ASSETS":737217610.64,"TOTAL_LIABILITIES":37184712.32,"TAX_EBT":14.975303098339,"OCF_SALES":-26.592670082803,"TOTAL_PARENT_EQUITY":751739121.28,"DEBT_ASSET_RATIO":5.0439262144,"OPERATE_PROFIT":-14416474.24,"PRETAX_PROFIT":4068105.44,"NETCASH_OPERATE":-13698573.28,"NETCASH_INVEST":-917926.8,"NETCASH_FINANCE":-44754.64,"END_CASH":159872707.68,"DIVI_RATIO":null,"DIVIDEND_RATE":null,"CURRENT_RATIO":17.478951512064,"COMMON_ACS":null,"CURRENTDEBT_DEBT":53.038416191786,"ISSUED_COMMON_SHARES":194337559,"HK_COMMON_SHARES":194337559,"PER_SHARES":3000,"TOTAL_MARKET_CAP":86480213.755,"HKSK_MARKET_CAP":86480213.755,"PE_TTM":15.528858637996,"PB_TTM":0.10507311087,"REPORT_DATE_SQ":"2023-12-31 00:00:00","REPORT_TYPE_SQ":"2023年年报","OPERATE_INCOME_SQ":33718308.12,"DPS_HKD":null,"OPERATE_INCOME_QOQ_SQ":0,"NET_PROFIT_RATIO_SQ":-91.3792168348,"HOLDER_PROFIT_SQ":-27400925.79,"HOLDER_PROFIT_QOQ_SQ":0,"ROE_AVG_SQ":-3.559531311154,"PE_TTM_SQ":-0.849541836987,"PB_TTM_SQ":0.031048010982,"ROA_SQ":-3.357974390781,"START_DATE":"2023-08-01 00:00:00","FISCAL_YEAR":"7-31","CURRENCY":"HKD","IS_CNY_CODE":0,"DPS_HKD_LY":null,"ORG_TYPE":"一般企业","PREMIUM_INCOME":null,"PREMIUM_INCOME_YOY":null,"NET_INTEREST_INCOME":null,"NET_INTEREST_INCOME_YOY":null,"FEE_COMMISSION_INCOME":null,"FEE_COMMISSION_INCOME_YOY":null,"ACCOUNTS_RECE_TDAYS":0.72873044894,"INVENTORY_TDAYS":0.394839232249,"CURRENT_ASSETS_TDAYS":0.142705325989,"TOTAL_ASSETS_TDAYS":0.070013425685,"PREMIUM_EXPENSE":null,"LOAN_DEPOSIT":null,"LOAN_EQUITY":null,"LOAN_ASSETS":null,"DEPOSIT_EQUITY":null,"DEPOSIT_ASSETS":null,"EQUITY_MULTIPLIER":1.053118521157,"EQUITY_RATIO":0.049464915776},{"SECUCODE":"00193.HK","SECURITY_CODE":"00193","SECURITY_NAME_ABBR":"冠中地产","ORG_CODE":"10007461","STD_REPORT_DATE":"2024-06-30 00:00:00","REPORT_DATE":"2024-01-31 00:00:00","DATE_TYPE_CODE":"002","REPORT_TYPE":"2024年中报","PER_NETCASH_OPERATE":-0.075858877902,"PER_OI":0.116350927203,"BPS":3.860848393079,"BASIC_EPS":0.029626228,"DILUTED_EPS":null,"OPERATE_INCOME":22611355.18,"OPERATE_INCOME_YOY":47.6354358274,"GROSS_PROFIT":18254663.86,"GROSS_PROFIT_YOY":41.400981407497,"HOLDER_PROFIT":5748942.28,"HOLDER_PROFIT_YOY":164.4195519348,"GROSS_PROFIT_RATIO":80.732285679836,"EPS_TTM":-0.067823040373,"OPERATE_INCOME_QOQ":0,"NET_PROFIT_RATIO":19.8946987661,"ROE_AVG":0.768845589165,"GROSS_PROFIT_QOQ":0,"ROA":0.786221853512,"HOLDER_PROFIT_QOQ":0,"ROE_YEARLY":1.537691178329,"ROIC_YEARLY":1.86273448893,"TOTAL_ASSETS":731815996.94,"TOTAL_LIABILITIES":32057214.5,"TAX_EBT":-0.917431192661,"OCF_SALES":-65.198344118002,"TOTAL_PARENT_EQUITY":750307852.38,"DEBT_ASSET_RATIO":4.3805020161,"OPERATE_PROFIT":-3664200.96,"PRETAX_PROFIT":4457565.9,"NETCASH_OPERATE":-14742229.16,"NETCASH_INVEST":-5325450.8,"NETCASH_FINANCE":-1817.56,"END_CASH":153730133.58,"DIVI_RATIO":null,"DIVIDEND_RATE":null,"CURRENT_RATIO":26.869798568778,"COMMON_ACS":null,"CURRENTDEBT_DEBT":42.783841247342,"ISSUED_COMMON_SHARES":194337559,"HK_COMMON_SHARES":194337559,"PER_SHARES":3000,"TOTAL_MARKET_CAP":68018145.65,"HKSK_MARKET_CAP":68018145.65,"PE_TTM":12.21370904112,"PB_TTM":0.082641772594,"REPORT_DATE_SQ":"2023-06-30 00:00:00","REPORT_TYPE_SQ":"2023年中报","OPERATE_INCOME_SQ":14538577.51,"DPS_HKD":null,"OPERATE_INCOME_QOQ_SQ":0,"NET_PROFIT_RATIO_SQ":-70.5749718151,"HOLDER_PROFIT_SQ":-8471419.4,"HOLDER_PROFIT_QOQ_SQ":0,"ROE_AVG_SQ":-1.143732329365,"PE_TTM_SQ":-1.04409340271,"PB_TTM_SQ":0.038158242505,"ROA_SQ":-1.076662303005,"START_DATE":"2023-08-01 00:00:00","FISCAL_YEAR":"7-31","CURRENCY":"HKD","IS_CNY_CODE":0,"DPS_HKD_LY":null,"ORG_TYPE":"一般企业","PREMIUM_INCOME":null,"PREMIUM_INCOME_YOY":null,"NET_INTEREST_INCOME":null,"NET_INTEREST_INCOME_YOY":null,"FEE_COMMISSION_INCOME":null,"FEE_COMMISSION_INCOME_YOY":null,"ACCOUNTS_RECE_TDAYS":0.272061758161,"INVENTORY_TDAYS":0.125594372618,"CURRENT_ASSETS_TDAYS":0.060794945035,"TOTAL_ASSETS_TDAYS":0.030923151972,"PREMIUM_EXPENSE":null,"LOAN_DEPOSIT":null,"LOAN_EQUITY":null,"LOAN_ASSETS":null,"DEPOSIT_EQUITY":null,"DEPOSIT_ASSETS":null,"EQUITY_MULTIPLIER":1.045811807304,"EQUITY_RATIO":0.042725415172},{"SECUCODE":"00193.HK","SECURITY_CODE":"00193","SECURITY_NAME_ABBR":"冠中地产","ORG_CODE":"10007461","STD_REPORT_DATE":"2023-12-31 00:00:00","REPORT_DATE":"2023-07-31 00:00:00","DATE_TYPE_CODE":"001","REPORT_TYPE":"2023年年报","PER_NETCASH_OPERATE":-0.668866715723,"PER_OI":0.173503816213,"BPS":3.857975638718,"BASIC_EPS":-0.14081298,"DILUTED_EPS":null,"OPERATE_INCOME":33718308.12,"OPERATE_INCOME_YOY":-57.7463820426,"GROSS_PROFIT":30444863.52,"GROSS_PROFIT_YOY":-32.204167560709,"HOLDER_PROFIT":-27400925.79,"HOLDER_PROFIT_YOY":69.5007887639,"GROSS_PROFIT_RATIO":90.291788697256,"EPS_TTM":-0.140996552241,"OPERATE_INCOME_QOQ":0,"NET_PROFIT_RATIO":-91.3792168348,"ROE_AVG":-3.559531311154,"GROSS_PROFIT_QOQ":0,"ROA":-3.357974390781,"HOLDER_PROFIT_QOQ":0,"ROE_YEARLY":-3.559531311154,"ROIC_YEARLY":-4.416097897759,"TOTAL_ASSETS":735100446.54,"TOTAL_LIABILITIES":34775319.84,"TAX_EBT":2.494285135565,"OCF_SALES":-385.505477817551,"TOTAL_PARENT_EQUITY":749749568.31,"DEBT_ASSET_RATIO":4.7306895274,"OPERATE_PROFIT":-30663397.95,"PRETAX_PROFIT":-31599712.83,"NETCASH_OPERATE":-129985924.83,"NETCASH_INVEST":4014998.67,"NETCASH_FINANCE":-310885.8,"END_CASH":174916237.89,"DIVI_RATIO":null,"DIVIDEND_RATE":null,"CURRENT_RATIO":24.108516724068,"COMMON_ACS":null,"CURRENTDEBT_DEBT":45.043647454775,"ISSUED_COMMON_SHARES":194337559,"HK_COMMON_SHARES":194337559,"PER_SHARES":3000,"TOTAL_MARKET_CAP":68018145.65,"HKSK_MARKET_CAP":68018145.65,"PE_TTM":12.21370904112,"PB_TTM":0.082641772594,"REPORT_DATE_SQ":"2022-12-31 00:00:00","REPORT_TYPE_SQ":"2022年年报","OPERATE_INCOME_SQ":74974488.84,"DPS_HKD":null,"OPERATE_INCOME_QOQ_SQ":0,"NET_PROFIT_RATIO_SQ":-119.5283764738,"HOLDER_PROFIT_SQ":-84408905.4,"HOLDER_PROFIT_QOQ_SQ":0,"ROE_AVG_SQ":-10.713101920301,"PE_TTM_SQ":-1.04409340271,"PB_TTM_SQ":0.038158242505,"ROA_SQ":-9.320443791809,"START_DATE":"2022-08-01 00:00:00","FISCAL_YEAR":"7-31","CURRENCY":"HKD","IS_CNY_CODE":0,"DPS_HKD_LY":null,"ORG_TYPE":"一般企业","PREMIUM_INCOME":null,"PREMIUM_INCOME_YOY":null,"NET_INTEREST_INCOME":null,"NET_INTEREST_INCOME_YOY":null,"FEE_COMMISSION_INCOME":null,"FEE_COMMISSION_INCOME_YOY":null,"ACCOUNTS_RECE_TDAYS":0.442099962835,"INVENTORY_TDAYS":0.086482830259,"CURRENT_ASSETS_TDAYS":0.075516364336,"TOTAL_ASSETS_TDAYS":0.041321675054,"PREMIUM_EXPENSE":null,"LOAN_DEPOSIT":null,"LOAN_EQUITY":null,"LOAN_ASSETS":null,"DEPOSIT_EQUITY":null,"DEPOSIT_ASSETS":null,"EQUITY_MULTIPLIER":1.049655964801,"EQUITY_RATIO":0.046382580677},{"SECUCODE":"00193.HK","SECURITY_CODE":"00193","SECURITY_NAME_ABBR":"冠中地产","ORG_CODE":"10007461","STD_REPORT_DATE":"2023-06-30 00:00:00","REPORT_DATE":"2023-01-31 00:00:00","DATE_TYPE_CODE":"002","REPORT_TYPE":"2023年中报","PER_NETCASH_OPERATE":-0.572856652481,"PER_OI":0.074810950517,"BPS":3.788209376912,"BASIC_EPS":-0.043564835,"DILUTED_EPS":null,"OPERATE_INCOME":14538577.51,"OPERATE_INCOME_YOY":-73.1597388119,"GROSS_PROFIT":12909856.55,"GROSS_PROFIT_YOY":-53.232180462883,"HOLDER_PROFIT":-8471419.4,"HOLDER_PROFIT_YOY":82.9027091023,"GROSS_PROFIT_RATIO":88.797246780989,"EPS_TTM":-0.236104088145,"OPERATE_INCOME_QOQ":0,"NET_PROFIT_RATIO":-70.5749718151,"ROE_AVG":-1.143732329365,"GROSS_PROFIT_QOQ":0,"ROA":-1.076662303005,"HOLDER_PROFIT_QOQ":0,"ROE_YEARLY":-2.287464658729,"ROIC_YEARLY":-2.860792719253,"TOTAL_ASSETS":727465456.24,"TOTAL_LIABILITIES":32680527.61,"TAX_EBT":3.198502482298,"OCF_SALES":-765.739037560078,"TOTAL_PARENT_EQUITY":736191363.29,"DEBT_ASSET_RATIO":4.4923820547,"OPERATE_PROFIT":-6790075.57,"PRETAX_PROFIT":-10599626.29,"NETCASH_OPERATE":-111327563.5,"NETCASH_INVEST":1689107.86,"NETCASH_FINANCE":-55210.88,"END_CASH":180036640.99,"DIVI_RATIO":null,"DIVIDEND_RATE":null,"CURRENT_RATIO":28.794096282111,"COMMON_ACS":null,"CURRENTDEBT_DEBT":39.973074994061,"ISSUED_COMMON_SHARES":194337559,"HK_COMMON_SHARES":194337559,"PER_SHARES":3000,"TOTAL_MARKET_CAP":68018145.65,"HKSK_MARKET_CAP":68018145.65,"PE_TTM":12.21370904112,"PB_TTM":0.082641772594,"REPORT_DATE_SQ":"2022-06-30 00:00:00","REPORT_TYPE_SQ":"2022年中报","OPERATE_INCOME_SQ":51377289.6,"DPS_HKD":null,"OPERATE_INCOME_QOQ_SQ":0,"NET_PROFIT_RATIO_SQ":-89.8757763975,"HOLDER_PROFIT_SQ":-46996432.64,"HOLDER_PROFIT_QOQ_SQ":0,"ROE_AVG_SQ":-6.084692658716,"PE_TTM_SQ":-1.04409340271,"PB_TTM_SQ":0.038158242505,"ROA_SQ":-5.307945098126,"START_DATE":"2022-08-01 00:00:00","FISCAL_YEAR":"7-31","CURRENCY":"HKD","IS_CNY_CODE":0,"DPS_HKD_LY":null,"ORG_TYPE":"一般企业","PREMIUM_INCOME":null,"PREMIUM_INCOME_YOY":null,"NET_INTEREST_INCOME":null,"NET_INTEREST_INCOME_YOY":null,"FEE_COMMISSION_INCOME":null,"FEE_COMMISSION_INCOME_YOY":null,"ACCOUNTS_RECE_TDAYS":0.219961366781,"INVENTORY_TDAYS":0.044214938935,"CURRENT_ASSETS_TDAYS":0.03371739648,"TOTAL_ASSETS_TDAYS":0.018477586347,"PREMIUM_EXPENSE":null,"LOAN_DEPOSIT":null,"LOAN_EQUITY":null,"LOAN_ASSETS":null,"DEPOSIT_EQUITY":null,"DEPOSIT_ASSETS":null,"EQUITY_MULTIPLIER":1.047036897698,"EQUITY_RATIO":0.044391348825},{"SECUCODE":"00193.HK","SECURITY_CODE":"00193","SECURITY_NAME_ABBR":"冠中地产","ORG_CODE":"10007461","STD_REPORT_DATE":"2022-12-31 00:00:00","REPORT_DATE":"2022-07-31 00:00:00","DATE_TYPE_CODE":"001","REPORT_TYPE":"2022年年报","PER_NETCASH_OPERATE":0.567519779128,"PER_OI":0.385795155737,"BPS":3.818467154051,"BASIC_EPS":-0.43469448,"DILUTED_EPS":null,"OPERATE_INCOME":74974488.84,"OPERATE_INCOME_YOY":-33.915631176,"GROSS_PROFIT":44906688.84,"GROSS_PROFIT_YOY":-20.891536557971,"HOLDER_PROFIT":-84408905.4,"HOLDER_PROFIT_YOY":-188.4084771633,"GROSS_PROFIT_RATIO":59.895958658463,"EPS_TTM":-0.434341698199,"OPERATE_INCOME_QOQ":0,"NET_PROFIT_RATIO":-119.5283764738,"ROE_AVG":-10.713101920301,"GROSS_PROFIT_QOQ":0,"ROA":-9.320443791809,"HOLDER_PROFIT_QOQ":0,"ROE_YEARLY":-10.713101920301,"ROIC_YEARLY":-12.033238215375,"TOTAL_ASSETS":842657826.72,"TOTAL_LIABILITIES":139868532.96,"TAX_EBT":-36.006988357084,"OCF_SALES":147.103915300265,"TOTAL_PARENT_EQUITY":742071585.84,"DEBT_ASSET_RATIO":16.5984968661,"OPERATE_PROFIT":-44100012.72,"PRETAX_PROFIT":-65890576.92,"NETCASH_OPERATE":110290408.56,"NETCASH_INVEST":85048.92,"NETCASH_FINANCE":-8143219.32,"END_CASH":288768573.96,"DIVI_RATIO":null,"DIVIDEND_RATE":null,"CURRENT_RATIO":4.04168369725,"COMMON_ACS":null,"CURRENTDEBT_DEBT":85.654005847235,"ISSUED_COMMON_SHARES":194337559,"HK_COMMON_SHARES":194337559,"PER_SHARES":3000,"TOTAL_MARKET_CAP":68018145.65,"HKSK_MARKET_CAP":68018145.65,"PE_TTM":12.21370904112,"PB_TTM":0.082641772594,"REPORT_DATE_SQ":"2021-12-31 00:00:00","REPORT_TYPE_SQ":"2021年年报","OPERATE_INCOME_SQ":109770765.6,"DPS_HKD":null,"OPERATE_INCOME_QOQ_SQ":0,"NET_PROFIT_RATIO_SQ":-25.3592430282,"HOLDER_PROFIT_SQ":-28317321.6,"HOLDER_PROFIT_QOQ_SQ":0,"ROE_AVG_SQ":-3.486410439173,"PE_TTM_SQ":-1.04409340271,"PB_TTM_SQ":0.038158242505,"ROA_SQ":-2.932003139588,"START_DATE":"2021-08-01 00:00:00","FISCAL_YEAR":"7-31","CURRENCY":"HKD","IS_CNY_CODE":0,"DPS_HKD_LY":null,"ORG_TYPE":"一般企业","PREMIUM_INCOME":null,"PREMIUM_INCOME_YOY":null,"NET_INTEREST_INCOME":null,"NET_INTEREST_INCOME_YOY":null,"FEE_COMMISSION_INCOME":null,"FEE_COMMISSION_INCOME_YOY":null,"ACCOUNTS_RECE_TDAYS":1.137863596657,"INVENTORY_TDAYS":0.570329813584,"CURRENT_ASSETS_TDAYS":0.140875035209,"TOTAL_ASSETS_TDAYS":0.082786941229,"PREMIUM_EXPENSE":null,"LOAN_DEPOSIT":null,"LOAN_EQUITY":null,"LOAN_ASSETS":null,"DEPOSIT_EQUITY":null,"DEPOSIT_ASSETS":null,"EQUITY_MULTIPLIER":1.199019157238,"EQUITY_RATIO":0.188483881648},{"SECUCODE":"00193.HK","SECURITY_CODE":"00193","SECURITY_NAME_ABBR":"冠中地产","ORG_CODE":"10007461","STD_REPORT_DATE":"2022-06-30 00:00:00","REPORT_DATE":"2022-01-31 00:00:00","DATE_TYPE_CODE":"002","REPORT_TYPE":"2022年中报","PER_NETCASH_OPERATE":0.531306906865,"PER_OI":0.264371384844,"BPS":3.862571613756,"BASIC_EPS":-0.241871744,"DILUTED_EPS":null,"OPERATE_INCOME":51377289.6,"OPERATE_INCOME_YOY":47.2630048314,"GROSS_PROFIT":27604144.64,"GROSS_PROFIT_YOY":77.074137781827,"HOLDER_PROFIT":-46996432.64,"HOLDER_PROFIT_YOY":-1677.6539770969,"GROSS_PROFIT_RATIO":53.728300684822,"EPS_TTM":-0.373664758339,"OPERATE_INCOME_QOQ":0,"NET_PROFIT_RATIO":-89.8757763975,"ROE_AVG":-6.084692658716,"GROSS_PROFIT_QOQ":0,"ROA":-5.307945098126,"HOLDER_PROFIT_QOQ":0,"ROE_YEARLY":-12.169385317432,"ROIC_YEARLY":-13.743078182959,"TOTAL_ASSETS":848236678.4,"TOTAL_LIABILITIES":125745486.72,"TAX_EBT":-7.438221071469,"OCF_SALES":200.969899665552,"TOTAL_PARENT_EQUITY":750642738.88,"DEBT_ASSET_RATIO":14.8243397064,"OPERATE_PROFIT":-33931594.56,"PRETAX_PROFIT":-42978874.24,"NETCASH_OPERATE":103252887.36,"NETCASH_INVEST":175921.6,"NETCASH_FINANCE":-7020499.2,"END_CASH":279793076.8,"DIVI_RATIO":null,"DIVIDEND_RATE":null,"CURRENT_RATIO":4.549305359992,"COMMON_ACS":null,"CURRENTDEBT_DEBT":83.184320462265,"ISSUED_COMMON_SHARES":194337559,"HK_COMMON_SHARES":194337559,"PER_SHARES":3000,"TOTAL_MARKET_CAP":68018145.65,"HKSK_MARKET_CAP":68018145.65,"PE_TTM":12.21370904112,"PB_TTM":0.082641772594,"REPORT_DATE_SQ":"2021-06-30 00:00:00","REPORT_TYPE_SQ":"2021年中报","OPERATE_INCOME_SQ":35586527.56,"DPS_HKD":null,"OPERATE_INCOME_QOQ_SQ":0,"NET_PROFIT_RATIO_SQ":-4.7422486983,"HOLDER_PROFIT_SQ":-2696657.22,"HOLDER_PROFIT_QOQ_SQ":0,"ROE_AVG_SQ":-0.325546317805,"PE_TTM_SQ":-1.04409340271,"PB_TTM_SQ":0.038158242505,"ROA_SQ":-0.278684395744,"START_DATE":"2021-08-01 00:00:00","FISCAL_YEAR":"7-31","CURRENCY":"HKD","IS_CNY_CODE":0,"DPS_HKD_LY":null,"ORG_TYPE":"一般企业","PREMIUM_INCOME":null,"PREMIUM_INCOME_YOY":null,"NET_INTEREST_INCOME":null,"NET_INTEREST_INCOME_YOY":null,"FEE_COMMISSION_INCOME":null,"FEE_COMMISSION_INCOME_YOY":null,"ACCOUNTS_RECE_TDAYS":0.788809185814,"INVENTORY_TDAYS":0.43870324792,"CURRENT_ASSETS_TDAYS":0.099908906118,"TOTAL_ASSETS_TDAYS":0.058027347432,"PREMIUM_EXPENSE":null,"LOAN_DEPOSIT":null,"LOAN_EQUITY":null,"LOAN_ASSETS":null,"DEPOSIT_EQUITY":null,"DEPOSIT_ASSETS":null,"EQUITY_MULTIPLIER":1.174044318005,"EQUITY_RATIO":0.167517089298},{"SECUCODE":"00193.HK","SECURITY_CODE":"00193","SECURITY_NAME_ABBR":"冠中地产","ORG_CODE":"10007461","STD_REPORT_DATE":"2021-12-31 00:00:00","REPORT_DATE":"2021-07-31 00:00:00","DATE_TYPE_CODE":"001","REPORT_TYPE":"2021年年报","PER_NETCASH_OPERATE":-0.061478948596,"PER_OI":0.564845859775,"BPS":4.150911134991,"BASIC_EPS":-0.14546,"DILUTED_EPS":null,"OPERATE_INCOME":109770765.6,"OPERATE_INCOME_YOY":15.7788233418,"GROSS_PROFIT":56765972.8,"GROSS_PROFIT_YOY":86.923738134094,"HOLDER_PROFIT":-28317321.6,"HOLDER_PROFIT_YOY":-15.4964911686,"GROSS_PROFIT_RATIO":45.096300377969,"EPS_TTM":-0.145712037064,"OPERATE_INCOME_QOQ":0,"NET_PROFIT_RATIO":-25.3592430282,"ROE_AVG":-3.486410439173,"GROSS_PROFIT_QOQ":0,"ROA":-2.932003139588,"HOLDER_PROFIT_QOQ":0,"ROE_YEARLY":-3.486410439173,"ROIC_YEARLY":-3.673325476606,"TOTAL_ASSETS":937171350.4,"TOTAL_LIABILITIES":161123132.8,"TAX_EBT":-71.984117715754,"OCF_SALES":-12.375696315876,"TOTAL_PARENT_EQUITY":806677937.6,"DEBT_ASSET_RATIO":17.1924944922,"OPERATE_PROFIT":-423080.8,"PRETAX_PROFIT":-14235131.2,"NETCASH_OPERATE":-11947668.8,"NETCASH_INVEST":12623434.4,"NETCASH_FINANCE":-96428343.2,"END_CASH":184322756,"DIVI_RATIO":null,"DIVIDEND_RATE":null,"CURRENT_RATIO":4.062875980557,"COMMON_ACS":null,"CURRENTDEBT_DEBT":85.755556014114,"ISSUED_COMMON_SHARES":194337559,"HK_COMMON_SHARES":194337559,"PER_SHARES":3000,"TOTAL_MARKET_CAP":68018145.65,"HKSK_MARKET_CAP":68018145.65,"PE_TTM":12.21370904112,"PB_TTM":0.082641772594,"REPORT_DATE_SQ":"2020-12-31 00:00:00","REPORT_TYPE_SQ":"2020年年报","OPERATE_INCOME_SQ":90411597.5,"DPS_HKD":null,"OPERATE_INCOME_QOQ_SQ":0,"NET_PROFIT_RATIO_SQ":-32.1019159074,"HOLDER_PROFIT_SQ":-26584171.25,"HOLDER_PROFIT_QOQ_SQ":0,"ROE_AVG_SQ":-2.938868799041,"PE_TTM_SQ":-1.04409340271,"PB_TTM_SQ":0.038158242505,"ROA_SQ":-2.339195663087,"START_DATE":"2020-08-01 00:00:00","FISCAL_YEAR":"7-31","CURRENCY":"HKD","IS_CNY_CODE":0,"DPS_HKD_LY":null,"ORG_TYPE":"一般企业","PREMIUM_INCOME":null,"PREMIUM_INCOME_YOY":null,"NET_INTEREST_INCOME":null,"NET_INTEREST_INCOME_YOY":null,"FEE_COMMISSION_INCOME":null,"FEE_COMMISSION_INCOME_YOY":null,"ACCOUNTS_RECE_TDAYS":2.706209016393,"INVENTORY_TDAYS":0.608221660547,"CURRENT_ASSETS_TDAYS":0.166402097451,"TOTAL_ASSETS_TDAYS":0.099959894521,"PREMIUM_EXPENSE":null,"LOAN_DEPOSIT":null,"LOAN_EQUITY":null,"LOAN_ASSETS":null,"DEPOSIT_EQUITY":null,"DEPOSIT_ASSETS":null,"EQUITY_MULTIPLIER":1.207620002399,"EQUITY_RATIO":0.19973663006},{"SECUCODE":"00193.HK","SECURITY_CODE":"00193","SECURITY_NAME_ABBR":"冠中地产","ORG_CODE":"10007461","STD_REPORT_DATE":"2021-06-30 00:00:00","REPORT_DATE":"2021-01-31 00:00:00","DATE_TYPE_CODE":"002","REPORT_TYPE":"2021年中报","PER_NETCASH_OPERATE":0.028220422487,"PER_OI":0.183117086286,"BPS":4.299579565883,"BASIC_EPS":-0.013854692,"DILUTED_EPS":null,"OPERATE_INCOME":35586527.56,"OPERATE_INCOME_YOY":-48.7345348739,"GROSS_PROFIT":15589032.36,"GROSS_PROFIT_YOY":-40.351746197188,"HOLDER_PROFIT":-2696657.22,"HOLDER_PROFIT_YOY":81.955769016,"GROSS_PROFIT_RATIO":43.805994652657,"EPS_TTM":-0.069041547908,"OPERATE_INCOME_QOQ":0,"NET_PROFIT_RATIO":-4.7422486983,"ROE_AVG":-0.325546317805,"GROSS_PROFIT_QOQ":0,"ROA":-0.278684395744,"HOLDER_PROFIT_QOQ":0,"ROE_YEARLY":-0.65109263561,"ROIC_YEARLY":-0.702245512073,"TOTAL_ASSETS":936754118.64,"TOTAL_LIABILITIES":134837034.1,"TAX_EBT":199.704142011834,"OCF_SALES":15.411135606736,"TOTAL_PARENT_EQUITY":835569797.56,"DEBT_ASSET_RATIO":14.3940689896,"OPERATE_PROFIT":13149438.1,"PRETAX_PROFIT":1692609.36,"NETCASH_OPERATE":5484288.02,"NETCASH_INVEST":4672202.76,"NETCASH_FINANCE":-95475520.28,"END_CASH":195810198.2,"DIVI_RATIO":null,"DIVIDEND_RATE":null,"CURRENT_RATIO":4.93950002693,"COMMON_ACS":null,"CURRENTDEBT_DEBT":80.447525610473,"ISSUED_COMMON_SHARES":194337559,"HK_COMMON_SHARES":194337559,"PER_SHARES":3000,"TOTAL_MARKET_CAP":68018145.65,"HKSK_MARKET_CAP":68018145.65,"PE_TTM":12.21370904112,"PB_TTM":0.082641772594,"REPORT_DATE_SQ":"2020-06-30 00:00:00","REPORT_TYPE_SQ":"2020年中报","OPERATE_INCOME_SQ":73683684.03,"DPS_HKD":null,"OPERATE_INCOME_QOQ_SQ":0,"NET_PROFIT_RATIO_SQ":-24.8752570006,"HOLDER_PROFIT_SQ":-15863462.58,"HOLDER_PROFIT_QOQ_SQ":0,"ROE_AVG_SQ":-1.771241219096,"PE_TTM_SQ":-1.04409340271,"PB_TTM_SQ":0.038158242505,"ROA_SQ":-1.459925430146,"START_DATE":"2020-08-01 00:00:00","FISCAL_YEAR":"7-31","CURRENCY":"HKD","IS_CNY_CODE":0,"DPS_HKD_LY":null,"ORG_TYPE":"一般企业","PREMIUM_INCOME":null,"PREMIUM_INCOME_YOY":null,"NET_INTEREST_INCOME":null,"NET_INTEREST_INCOME_YOY":null,"FEE_COMMISSION_INCOME":null,"FEE_COMMISSION_INCOME_YOY":null,"ACCOUNTS_RECE_TDAYS":1.621525004754,"INVENTORY_TDAYS":0.192859528879,"CURRENT_ASSETS_TDAYS":0.062584582686,"TOTAL_ASSETS_TDAYS":0.036776679869,"PREMIUM_EXPENSE":null,"LOAN_DEPOSIT":null,"LOAN_EQUITY":null,"LOAN_ASSETS":null,"DEPOSIT_EQUITY":null,"DEPOSIT_ASSETS":null,"EQUITY_MULTIPLIER":1.168143361327,"EQUITY_RATIO":0.161371359393},{"SECUCODE":"00193.HK","SECURITY_CODE":"00193","SECURITY_NAME_ABBR":"冠中地产","ORG_CODE":"10007461","STD_REPORT_DATE":"2020-12-31 00:00:00","REPORT_DATE":"2020-07-31 00:00:00","DATE_TYPE_CODE":"001","REPORT_TYPE":"2020年年报","PER_NETCASH_OPERATE":0.087965034078,"PER_OI":0.465229665152,"BPS":4.562573986277,"BASIC_EPS":-0.13699,"DILUTED_EPS":null,"OPERATE_INCOME":90411597.5,"OPERATE_INCOME_YOY":-76.7896310144,"GROSS_PROFIT":30368520,"GROSS_PROFIT_YOY":-78.016853948571,"HOLDER_PROFIT":-26584171.25,"HOLDER_PROFIT_YOY":-119.6703054876,"GROSS_PROFIT_RATIO":33.589186387288,"EPS_TTM":-0.136793790077,"OPERATE_INCOME_QOQ":0,"NET_PROFIT_RATIO":-32.1019159074,"ROE_AVG":-2.938868799041,"GROSS_PROFIT_QOQ":0,"ROA":-2.339195663087,"HOLDER_PROFIT_QOQ":0,"ROE_YEARLY":-2.938868799041,"ROIC_YEARLY":-3.065985151847,"TOTAL_ASSETS":1078237475,"TOTAL_LIABILITIES":235155952.5,"TAX_EBT":-8.266935619432,"OCF_SALES":18.907872963975,"TOTAL_PARENT_EQUITY":886679491.25,"DEBT_ASSET_RATIO":21.8092913623,"OPERATE_PROFIT":-7663328.75,"PRETAX_PROFIT":-26807681.25,"NETCASH_OPERATE":17094910,"NETCASH_INVEST":3405823.75,"NETCASH_FINANCE":-37820956.25,"END_CASH":299625970,"DIVI_RATIO":null,"DIVIDEND_RATE":null,"CURRENT_RATIO":3.152989564418,"COMMON_ACS":null,"CURRENTDEBT_DEBT":87.591310813193,"ISSUED_COMMON_SHARES":194337559,"HK_COMMON_SHARES":194337559,"PER_SHARES":3000,"TOTAL_MARKET_CAP":68018145.65,"HKSK_MARKET_CAP":68018145.65,"PE_TTM":12.21370904112,"PB_TTM":0.082641772594,"REPORT_DATE_SQ":"2019-12-31 00:00:00","REPORT_TYPE_SQ":"2019年年报","OPERATE_INCOME_SQ":380277406.08,"DPS_HKD":null,"OPERATE_INCOME_QOQ_SQ":0,"NET_PROFIT_RATIO_SQ":37.3437109567,"HOLDER_PROFIT_SQ":131938166.88,"HOLDER_PROFIT_QOQ_SQ":0,"ROE_AVG_SQ":15.665002914526,"PE_TTM_SQ":-1.04409340271,"PB_TTM_SQ":0.038158242505,"ROA_SQ":11.478467874037,"START_DATE":"2019-08-01 00:00:00","FISCAL_YEAR":"7-31","CURRENCY":"HKD","IS_CNY_CODE":0,"DPS_HKD_LY":null,"ORG_TYPE":"一般企业","PREMIUM_INCOME":null,"PREMIUM_INCOME_YOY":null,"NET_INTEREST_INCOME":null,"NET_INTEREST_INCOME_YOY":null,"FEE_COMMISSION_INCOME":null,"FEE_COMMISSION_INCOME_YOY":null,"ACCOUNTS_RECE_TDAYS":7.952279032897,"INVENTORY_TDAYS":0.432029674399,"CURRENT_ASSETS_TDAYS":0.130652677313,"TOTAL_ASSETS_TDAYS":0.079555015944,"PREMIUM_EXPENSE":null,"LOAN_DEPOSIT":null,"LOAN_EQUITY":null,"LOAN_ASSETS":null,"DEPOSIT_EQUITY":null,"DEPOSIT_ASSETS":null,"EQUITY_MULTIPLIER":1.278924334391,"EQUITY_RATIO":0.26520964432}],"count":49},"success":true,"message":"ok","code":0}