{"version":"d48544ed934a9c63b13e4402ab4dd7cc","result":{"pages":6,"data":[{"SECUCODE":"00199.HK","SECURITY_CODE":"00199","SECURITY_NAME_ABBR":"德祥地产","ORG_CODE":"10007465","STD_REPORT_DATE":"2024-06-30 00:00:00","REPORT_DATE":"2024-09-30 00:00:00","DATE_TYPE_CODE":"002","REPORT_TYPE":"2024年中报","PER_NETCASH_OPERATE":-0.05822380759,"PER_OI":0.004603391545,"BPS":2.454593779381,"BASIC_EPS":-0.5050024,"DILUTED_EPS":-0.5050024,"OPERATE_INCOME":4176189.49,"OPERATE_INCOME_YOY":-95.1323340831,"GROSS_PROFIT":-74427434.07,"GROSS_PROFIT_YOY":-7737.31892296115,"HOLDER_PROFIT":-454770893.42,"HOLDER_PROFIT_YOY":-213.1527145598,"GROSS_PROFIT_RATIO":-1782.18527315914,"EPS_TTM":-0.644425074885,"OPERATE_INCOME_QOQ":0,"NET_PROFIT_RATIO":-11437.7024400777,"ROE_AVG":-18.679706583354,"GROSS_PROFIT_QOQ":0,"ROA":-11.39281242393,"HOLDER_PROFIT_QOQ":0,"ROE_YEARLY":-37.359413166708,"ROIC_YEARLY":-23.586110985416,"TOTAL_ASSETS":3700060602.22,"TOTAL_LIABILITIES":1365187416.56,"TAX_EBT":-0.008118768137,"OCF_SALES":-1264.80241848413,"TOTAL_PARENT_EQUITY":2226803573.85,"DEBT_ASSET_RATIO":36.8963528798,"OPERATE_PROFIT":-397274566.6,"PRETAX_PROFIT":-477621350.23,"NETCASH_OPERATE":-52820545.67,"NETCASH_INVEST":274085543.65,"NETCASH_FINANCE":-223034309.96,"END_CASH":15530627.38,"DIVI_RATIO":null,"DIVIDEND_RATE":null,"CURRENT_RATIO":1.187133084943,"COMMON_ACS":40000000000,"CURRENTDEBT_DEBT":86.358682153747,"ISSUED_COMMON_SHARES":907198410,"HK_COMMON_SHARES":907198410,"PER_SHARES":1000,"TOTAL_MARKET_CAP":175996491.54,"HKSK_MARKET_CAP":175996491.54,"PE_TTM":-0.178107961423,"PB_TTM":0.071273406406,"REPORT_DATE_SQ":"2023-06-30 00:00:00","REPORT_TYPE_SQ":"2023年中报","OPERATE_INCOME_SQ":87301482.94,"DPS_HKD":null,"OPERATE_INCOME_QOQ_SQ":0,"NET_PROFIT_RATIO_SQ":-193.4074712523,"HOLDER_PROFIT_SQ":-147774217.57,"HOLDER_PROFIT_QOQ_SQ":0,"ROE_AVG_SQ":-4.599006626677,"PE_TTM_SQ":-1.088342565134,"PB_TTM_SQ":0.138958514267,"ROA_SQ":-2.922625442825,"START_DATE":"2024-04-01 00:00:00","FISCAL_YEAR":"3-31","CURRENCY":"HKD","IS_CNY_CODE":0,"DPS_HKD_LY":null,"ORG_TYPE":"一般企业","PREMIUM_INCOME":null,"PREMIUM_INCOME_YOY":null,"NET_INTEREST_INCOME":null,"NET_INTEREST_INCOME_YOY":null,"FEE_COMMISSION_INCOME":null,"FEE_COMMISSION_INCOME_YOY":null,"ACCOUNTS_RECE_TDAYS":0.04252700984,"INVENTORY_TDAYS":0.09063674696,"CURRENT_ASSETS_TDAYS":0.002980221203,"TOTAL_ASSETS_TDAYS":0.001046209074,"PREMIUM_EXPENSE":null,"LOAN_DEPOSIT":null,"LOAN_EQUITY":null,"LOAN_ASSETS":null,"DEPOSIT_EQUITY":null,"DEPOSIT_ASSETS":null,"EQUITY_MULTIPLIER":1.584694460045,"EQUITY_RATIO":0.613070426414},{"SECUCODE":"00199.HK","SECURITY_CODE":"00199","SECURITY_NAME_ABBR":"德祥地产","ORG_CODE":"10007465","STD_REPORT_DATE":"2023-12-31 00:00:00","REPORT_DATE":"2024-03-31 00:00:00","DATE_TYPE_CODE":"001","REPORT_TYPE":"2023年年报","PER_NETCASH_OPERATE":-0.046459769644,"PER_OI":0.100009468215,"BPS":2.92801173924,"BASIC_EPS":-0.6436505,"DILUTED_EPS":-0.6436505,"OPERATE_INCOME":90728430.55,"OPERATE_INCOME_YOY":29.155105886,"GROSS_PROFIT":-51391412.95,"GROSS_PROFIT_YOY":-177.292218764967,"HOLDER_PROFIT":-584621403.3,"HOLDER_PROFIT_YOY":-338.9577505054,"GROSS_PROFIT_RATIO":-56.64311907355,"EPS_TTM":-0.429773286816,"OPERATE_INCOME_QOQ":0,"NET_PROFIT_RATIO":-681.7507818667,"ROE_AVG":-19.725914262751,"GROSS_PROFIT_QOQ":0,"ROA":-12.371119781378,"HOLDER_PROFIT_QOQ":0,"ROE_YEARLY":-19.725914262751,"ROIC_YEARLY":-12.879566251369,"TOTAL_ASSETS":4306019125.35,"TOTAL_LIABILITIES":1524034747.35,"TAX_EBT":9.808169707417,"OCF_SALES":-46.455371149369,"TOTAL_PARENT_EQUITY":2656287594.3,"DEBT_ASSET_RATIO":35.3931253667,"OPERATE_PROFIT":-573735550.9,"PRETAX_PROFIT":-685806888.1,"NETCASH_OPERATE":-42148229.15,"NETCASH_INVEST":18947801.55,"NETCASH_FINANCE":-9794366.2,"END_CASH":22430766.65,"DIVI_RATIO":null,"DIVIDEND_RATE":null,"CURRENT_RATIO":1.147820255456,"COMMON_ACS":40000000000,"CURRENTDEBT_DEBT":80.62739681537,"ISSUED_COMMON_SHARES":907198410,"HK_COMMON_SHARES":907198410,"PER_SHARES":1000,"TOTAL_MARKET_CAP":187790070.87,"HKSK_MARKET_CAP":187790070.87,"PE_TTM":-0.190043031003,"PB_TTM":0.076049459413,"REPORT_DATE_SQ":"2022-12-31 00:00:00","REPORT_TYPE_SQ":"2022年年报","OPERATE_INCOME_SQ":67834645.49,"DPS_HKD":null,"OPERATE_INCOME_QOQ_SQ":0,"NET_PROFIT_RATIO_SQ":-196.8847191214,"HOLDER_PROFIT_SQ":-128609109.33,"HOLDER_PROFIT_QOQ_SQ":0,"ROE_AVG_SQ":-3.86476314768,"PE_TTM_SQ":-4.013797053358,"PB_TTM_SQ":0.173698142833,"ROA_SQ":-2.372268136557,"START_DATE":"2023-04-01 00:00:00","FISCAL_YEAR":"3-31","CURRENCY":"HKD","IS_CNY_CODE":0,"DPS_HKD_LY":null,"ORG_TYPE":"一般企业","PREMIUM_INCOME":null,"PREMIUM_INCOME_YOY":null,"NET_INTEREST_INCOME":null,"NET_INTEREST_INCOME_YOY":null,"FEE_COMMISSION_INCOME":null,"FEE_COMMISSION_INCOME_YOY":null,"ACCOUNTS_RECE_TDAYS":1.098970000439,"INVENTORY_TDAYS":0.15489744479,"CURRENT_ASSETS_TDAYS":0.060560640213,"TOTAL_ASSETS_TDAYS":0.019198959798,"PREMIUM_EXPENSE":null,"LOAN_DEPOSIT":null,"LOAN_EQUITY":null,"LOAN_ASSETS":null,"DEPOSIT_EQUITY":null,"DEPOSIT_ASSETS":null,"EQUITY_MULTIPLIER":1.547822899151,"EQUITY_RATIO":0.573746137512},{"SECUCODE":"00199.HK","SECURITY_CODE":"00199","SECURITY_NAME_ABBR":"德祥地产","ORG_CODE":"10007465","STD_REPORT_DATE":"2023-06-30 00:00:00","REPORT_DATE":"2023-09-30 00:00:00","DATE_TYPE_CODE":"002","REPORT_TYPE":"2023年中报","PER_NETCASH_OPERATE":0.033851826537,"PER_OI":0.096231962025,"BPS":3.433885303955,"BASIC_EPS":-0.1651734,"DILUTED_EPS":-0.1651734,"OPERATE_INCOME":87301482.94,"OPERATE_INCOME_YOY":35.1776072748,"GROSS_PROFIT":974523.06,"GROSS_PROFIT_YOY":-85.867159056246,"HOLDER_PROFIT":-147774217.57,"HOLDER_PROFIT_YOY":-228.3189507486,"GROSS_PROFIT_RATIO":1.116273203137,"EPS_TTM":-0.140920732246,"OPERATE_INCOME_QOQ":0,"NET_PROFIT_RATIO":-193.4074712523,"ROE_AVG":-4.599006626677,"GROSS_PROFIT_QOQ":0,"ROA":-2.922625442825,"HOLDER_PROFIT_QOQ":0,"ROE_YEARLY":-9.198013253355,"ROIC_YEARLY":-6.099050728973,"TOTAL_ASSETS":4904170760.44,"TOTAL_LIABILITIES":1650029961.09,"TAX_EBT":-0.035337802206,"OCF_SALES":35.177321364754,"TOTAL_PARENT_EQUITY":3115215287.87,"DEBT_ASSET_RATIO":33.6454426587,"OPERATE_PROFIT":-100619047.13,"PRETAX_PROFIT":-168787944.57,"NETCASH_OPERATE":30710323.21,"NETCASH_INVEST":111276401.95,"NETCASH_FINANCE":-143175973.64,"END_CASH":54148428.67,"DIVI_RATIO":null,"DIVIDEND_RATE":null,"CURRENT_RATIO":1.113671747636,"COMMON_ACS":40000000000,"CURRENTDEBT_DEBT":81.871130382845,"ISSUED_COMMON_SHARES":907198410,"HK_COMMON_SHARES":907198410,"PER_SHARES":1000,"TOTAL_MARKET_CAP":198676451.79,"HKSK_MARKET_CAP":198676451.79,"PE_TTM":-0.201060018307,"PB_TTM":0.080458123727,"REPORT_DATE_SQ":"2022-06-30 00:00:00","REPORT_TYPE_SQ":"2022年中报","OPERATE_INCOME_SQ":63654487.2,"DPS_HKD":null,"OPERATE_INCOME_QOQ_SQ":0,"NET_PROFIT_RATIO_SQ":166.4506962205,"HOLDER_PROFIT_SQ":113506315.56,"HOLDER_PROFIT_QOQ_SQ":0,"ROE_AVG_SQ":3.201234793695,"PE_TTM_SQ":-1.360428206418,"PB_TTM_SQ":0.173698142833,"ROA_SQ":1.902790437879,"START_DATE":"2023-04-01 00:00:00","FISCAL_YEAR":"3-31","CURRENCY":"HKD","IS_CNY_CODE":0,"DPS_HKD_LY":null,"ORG_TYPE":"一般企业","PREMIUM_INCOME":null,"PREMIUM_INCOME_YOY":null,"NET_INTEREST_INCOME":null,"NET_INTEREST_INCOME_YOY":null,"FEE_COMMISSION_INCOME":null,"FEE_COMMISSION_INCOME_YOY":null,"ACCOUNTS_RECE_TDAYS":null,"INVENTORY_TDAYS":0.09431291404,"CURRENT_ASSETS_TDAYS":0.056147958943,"TOTAL_ASSETS_TDAYS":0.017266173994,"PREMIUM_EXPENSE":null,"LOAN_DEPOSIT":null,"LOAN_EQUITY":null,"LOAN_ASSETS":null,"DEPOSIT_EQUITY":null,"DEPOSIT_ASSETS":null,"EQUITY_MULTIPLIER":1.507055491089,"EQUITY_RATIO":0.529668035309},{"SECUCODE":"00199.HK","SECURITY_CODE":"00199","SECURITY_NAME_ABBR":"德祥地产","ORG_CODE":"10007465","STD_REPORT_DATE":"2022-12-31 00:00:00","REPORT_DATE":"2023-03-31 00:00:00","DATE_TYPE_CODE":"001","REPORT_TYPE":"2022年年报","PER_NETCASH_OPERATE":-0.27545790774,"PER_OI":0.074328389053,"BPS":3.481921393789,"BASIC_EPS":-0.1400656,"DILUTED_EPS":-0.1400656,"OPERATE_INCOME":67834645.49,"OPERATE_INCOME_YOY":-75.5844033084,"GROSS_PROFIT":-18533305.11,"GROSS_PROFIT_YOY":-190.679453048099,"HOLDER_PROFIT":-128609109.33,"HOLDER_PROFIT_YOY":-125.9488416784,"GROSS_PROFIT_RATIO":-27.321297216379,"EPS_TTM":0.117082768545,"OPERATE_INCOME_QOQ":0,"NET_PROFIT_RATIO":-196.8847191214,"ROE_AVG":-3.86476314768,"GROSS_PROFIT_QOQ":0,"ROA":-2.372268136557,"HOLDER_PROFIT_QOQ":0,"ROE_YEARLY":-3.86476314768,"ROIC_YEARLY":-2.52356464134,"TOTAL_ASSETS":4968627566.52,"TOTAL_LIABILITIES":1646041301.69,"TAX_EBT":-0.094475790579,"OCF_SALES":-370.595826504407,"TOTAL_PARENT_EQUITY":3158793552.19,"DEBT_ASSET_RATIO":33.1286915683,"OPERATE_PROFIT":-255765038.06,"PRETAX_PROFIT":-133429992.2,"NETCASH_OPERATE":-251392365.11,"NETCASH_INVEST":189500002.7,"NETCASH_FINANCE":-130700463.82,"END_CASH":53463914.93,"DIVI_RATIO":null,"DIVIDEND_RATE":null,"CURRENT_RATIO":1.186358963091,"COMMON_ACS":40000000000,"CURRENTDEBT_DEBT":78.419876733026,"ISSUED_COMMON_SHARES":907198410,"HK_COMMON_SHARES":907198410,"PER_SHARES":1000,"TOTAL_MARKET_CAP":187790070.87,"HKSK_MARKET_CAP":187790070.87,"PE_TTM":-0.190043031003,"PB_TTM":0.076049459413,"REPORT_DATE_SQ":"2021-12-31 00:00:00","REPORT_TYPE_SQ":"2021年年报","OPERATE_INCOME_SQ":257394298.75,"DPS_HKD":null,"OPERATE_INCOME_QOQ_SQ":0,"NET_PROFIT_RATIO_SQ":168,"HOLDER_PROFIT_SQ":459164665.64,"HOLDER_PROFIT_QOQ_SQ":0,"ROE_AVG_SQ":15.126996565884,"PE_TTM_SQ":-4.013797053358,"PB_TTM_SQ":0.173698142833,"ROA_SQ":8.507639969306,"START_DATE":"2022-04-01 00:00:00","FISCAL_YEAR":"3-31","CURRENCY":"HKD","IS_CNY_CODE":0,"DPS_HKD_LY":0.05,"ORG_TYPE":"一般企业","PREMIUM_INCOME":null,"PREMIUM_INCOME_YOY":null,"NET_INTEREST_INCOME":null,"NET_INTEREST_INCOME_YOY":null,"FEE_COMMISSION_INCOME":null,"FEE_COMMISSION_INCOME_YOY":null,"ACCOUNTS_RECE_TDAYS":0.682343721106,"INVENTORY_TDAYS":0.09708379603,"CURRENT_ASSETS_TDAYS":0.04119852079,"TOTAL_ASSETS_TDAYS":0.012512486004,"PREMIUM_EXPENSE":null,"LOAN_DEPOSIT":null,"LOAN_EQUITY":null,"LOAN_ASSETS":null,"DEPOSIT_EQUITY":null,"DEPOSIT_ASSETS":null,"EQUITY_MULTIPLIER":1.495409650944,"EQUITY_RATIO":0.521098094729},{"SECUCODE":"00199.HK","SECURITY_CODE":"00199","SECURITY_NAME_ABBR":"德祥地产","ORG_CODE":"10007465","STD_REPORT_DATE":"2022-06-30 00:00:00","REPORT_DATE":"2022-09-30 00:00:00","DATE_TYPE_CODE":"002","REPORT_TYPE":"2022年中报","PER_NETCASH_OPERATE":-0.14189926646,"PER_OI":0.068386827634,"BPS":3.834634923137,"BASIC_EPS":0.1175772,"DILUTED_EPS":0.1175772,"OPERATE_INCOME":63654487.2,"OPERATE_INCOME_YOY":-73.5216439304,"GROSS_PROFIT":6895450.56,"GROSS_PROFIT_YOY":-62.741917483612,"HOLDER_PROFIT":113506315.56,"HOLDER_PROFIT_YOY":-77.5407758963,"GROSS_PROFIT_RATIO":10.832622904234,"EPS_TTM":0.479707962452,"OPERATE_INCOME_QOQ":0,"NET_PROFIT_RATIO":166.4506962205,"ROE_AVG":3.201234793695,"GROSS_PROFIT_QOQ":0,"ROA":1.902790437879,"HOLDER_PROFIT_QOQ":0,"ROE_YEARLY":6.402469587389,"ROIC_YEARLY":4.110319900068,"TOTAL_ASSETS":5861632226.88,"TOTAL_LIABILITIES":2223317019,"TAX_EBT":0.071652791047,"OCF_SALES":-207.495026996306,"TOTAL_PARENT_EQUITY":3478774705.2,"DEBT_ASSET_RATIO":37.9299985558,"OPERATE_PROFIT":-103107064.44,"PRETAX_PROFIT":106029310.08,"NETCASH_OPERATE":-132079895.4,"NETCASH_INVEST":249845218.92,"NETCASH_FINANCE":-95529666.12,"END_CASH":277833114.72,"DIVI_RATIO":null,"DIVIDEND_RATE":null,"CURRENT_RATIO":0.99506236534,"COMMON_ACS":40000000000,"CURRENTDEBT_DEBT":80.582859583643,"ISSUED_COMMON_SHARES":907198410,"HK_COMMON_SHARES":907198410,"PER_SHARES":1000,"TOTAL_MARKET_CAP":187790070.87,"HKSK_MARKET_CAP":187790070.87,"PE_TTM":-0.190043031003,"PB_TTM":0.076049459413,"REPORT_DATE_SQ":"2021-06-30 00:00:00","REPORT_TYPE_SQ":"2021年中报","OPERATE_INCOME_SQ":221429014.12,"DPS_HKD":null,"OPERATE_INCOME_QOQ_SQ":0,"NET_PROFIT_RATIO_SQ":210.309553728,"HOLDER_PROFIT_SQ":465502265.16,"HOLDER_PROFIT_QOQ_SQ":0,"ROE_AVG_SQ":14.824853157185,"PE_TTM_SQ":-4.013797053358,"PB_TTM_SQ":0.173698142833,"ROA_SQ":7.469852314994,"START_DATE":"2022-04-01 00:00:00","FISCAL_YEAR":"3-31","CURRENCY":"HKD","IS_CNY_CODE":0,"DPS_HKD_LY":0.05,"ORG_TYPE":"一般企业","PREMIUM_INCOME":null,"PREMIUM_INCOME_YOY":null,"NET_INTEREST_INCOME":null,"NET_INTEREST_INCOME_YOY":null,"FEE_COMMISSION_INCOME":null,"FEE_COMMISSION_INCOME_YOY":null,"ACCOUNTS_RECE_TDAYS":null,"INVENTORY_TDAYS":0.063986166035,"CURRENT_ASSETS_TDAYS":0.035335449544,"TOTAL_ASSETS_TDAYS":0.010670873156,"PREMIUM_EXPENSE":null,"LOAN_DEPOSIT":null,"LOAN_EQUITY":null,"LOAN_ASSETS":null,"DEPOSIT_EQUITY":null,"DEPOSIT_ASSETS":null,"EQUITY_MULTIPLIER":1.611084222221,"EQUITY_RATIO":0.639109228797},{"SECUCODE":"00199.HK","SECURITY_CODE":"00199","SECURITY_NAME_ABBR":"德祥地产","ORG_CODE":"10007465","STD_REPORT_DATE":"2021-12-31 00:00:00","REPORT_DATE":"2022-03-31 00:00:00","DATE_TYPE_CODE":"001","REPORT_TYPE":"2021年年报","PER_NETCASH_OPERATE":-0.047671074382,"PER_OI":0.268070079768,"BPS":3.57082106804,"BASIC_EPS":0.4784959,"DILUTED_EPS":0.4784959,"OPERATE_INCOME":257394298.75,"OPERATE_INCOME_YOY":39.1117013816,"GROSS_PROFIT":20438263.01,"GROSS_PROFIT_YOY":-36.591388212537,"HOLDER_PROFIT":459164665.64,"HOLDER_PROFIT_YOY":185.5025975595,"GROSS_PROFIT_RATIO":7.940448995668,"EPS_TTM":0.178350757847,"OPERATE_INCOME_QOQ":0,"NET_PROFIT_RATIO":168,"ROE_AVG":15.126996565884,"GROSS_PROFIT_QOQ":0,"ROA":8.507639969306,"HOLDER_PROFIT_QOQ":0,"ROE_YEARLY":15.126996565884,"ROIC_YEARLY":9.047392928315,"TOTAL_ASSETS":5441954956.96,"TOTAL_LIABILITIES":2031845250.27,"TAX_EBT":1.559895059255,"OCF_SALES":-17.783064198503,"TOTAL_PARENT_EQUITY":3239443195.32,"DEBT_ASSET_RATIO":37.3366789387,"OPERATE_PROFIT":-225636769.17,"PRETAX_PROFIT":439274645.39,"NETCASH_OPERATE":-45772593.39,"NETCASH_INVEST":363193797.29,"NETCASH_FINANCE":-328317123.25,"END_CASH":230296021.62,"DIVI_RATIO":null,"DIVIDEND_RATE":null,"CURRENT_RATIO":1.061956728232,"COMMON_ACS":40000000000,"CURRENTDEBT_DEBT":75.638828783628,"ISSUED_COMMON_SHARES":907198410,"HK_COMMON_SHARES":907198410,"PER_SHARES":1000,"TOTAL_MARKET_CAP":187790070.87,"HKSK_MARKET_CAP":187790070.87,"PE_TTM":-0.190043031003,"PB_TTM":0.076049459413,"REPORT_DATE_SQ":"2020-12-31 00:00:00","REPORT_TYPE_SQ":"2020年年报","OPERATE_INCOME_SQ":192822745.92,"DPS_HKD":null,"OPERATE_INCOME_QOQ_SQ":0,"NET_PROFIT_RATIO_SQ":-291.0574023424,"HOLDER_PROFIT_SQ":-559644388.8,"HOLDER_PROFIT_QOQ_SQ":0,"ROE_AVG_SQ":-17.537338287273,"PE_TTM_SQ":-4.013797053358,"PB_TTM_SQ":0.173698142833,"ROA_SQ":-9.138853265481,"START_DATE":"2021-04-01 00:00:00","FISCAL_YEAR":"3-31","CURRENCY":"HKD","IS_CNY_CODE":0,"DPS_HKD_LY":0.1,"ORG_TYPE":"一般企业","PREMIUM_INCOME":null,"PREMIUM_INCOME_YOY":null,"NET_INTEREST_INCOME":null,"NET_INTEREST_INCOME_YOY":null,"FEE_COMMISSION_INCOME":null,"FEE_COMMISSION_INCOME_YOY":null,"ACCOUNTS_RECE_TDAYS":null,"INVENTORY_TDAYS":0.250984656961,"CURRENT_ASSETS_TDAYS":0.139104079875,"TOTAL_ASSETS_TDAYS":0.047691344474,"PREMIUM_EXPENSE":null,"LOAN_DEPOSIT":null,"LOAN_EQUITY":null,"LOAN_ASSETS":null,"DEPOSIT_EQUITY":null,"DEPOSIT_ASSETS":null,"EQUITY_MULTIPLIER":1.595829877931,"EQUITY_RATIO":0.627220521479},{"SECUCODE":"00199.HK","SECURITY_CODE":"00199","SECURITY_NAME_ABBR":"德祥地产","ORG_CODE":"10007465","STD_REPORT_DATE":"2021-06-30 00:00:00","REPORT_DATE":"2021-09-30 00:00:00","DATE_TYPE_CODE":"002","REPORT_TYPE":"2021年中报","PER_NETCASH_OPERATE":0.10597884297,"PER_OI":0.230613085707,"BPS":3.716597367515,"BASIC_EPS":0.4831748,"DILUTED_EPS":0.4831748,"OPERATE_INCOME":221429014.12,"OPERATE_INCOME_YOY":2177.8472876853,"GROSS_PROFIT":18507260.96,"GROSS_PROFIT_YOY":516.016772089137,"HOLDER_PROFIT":465502265.16,"HOLDER_PROFIT_YOY":285.0168366891,"GROSS_PROFIT_RATIO":8.358101142956,"EPS_TTM":-0.582856406206,"OPERATE_INCOME_QOQ":0,"NET_PROFIT_RATIO":210.309553728,"ROE_AVG":14.824853157185,"GROSS_PROFIT_QOQ":0,"ROA":7.469852314994,"HOLDER_PROFIT_QOQ":0,"ROE_YEARLY":29.64970631437,"ROIC_YEARLY":17.248803947754,"TOTAL_ASSETS":6965757815.12,"TOTAL_LIABILITIES":3399832822.28,"TAX_EBT":0.227920126222,"OCF_SALES":45.955259930324,"TOTAL_PARENT_EQUITY":3371691222.42,"DEBT_ASSET_RATIO":48.8077953974,"OPERATE_PROFIT":-116956625.64,"PRETAX_PROFIT":466750189.04,"NETCASH_OPERATE":101758279,"NETCASH_INVEST":119793194.94,"NETCASH_FINANCE":754705708.64,"END_CASH":1224648183.6,"DIVI_RATIO":null,"DIVIDEND_RATE":null,"CURRENT_RATIO":1.000024460434,"COMMON_ACS":40000000000,"CURRENTDEBT_DEBT":86.1495494639,"ISSUED_COMMON_SHARES":907198410,"HK_COMMON_SHARES":907198410,"PER_SHARES":1000,"TOTAL_MARKET_CAP":187790070.87,"HKSK_MARKET_CAP":187790070.87,"PE_TTM":-0.190043031003,"PB_TTM":0.076049459413,"REPORT_DATE_SQ":"2020-06-30 00:00:00","REPORT_TYPE_SQ":"2020年中报","OPERATE_INCOME_SQ":10253783.68,"DPS_HKD":null,"OPERATE_INCOME_QOQ_SQ":0,"NET_PROFIT_RATIO_SQ":-2593.3841803068,"HOLDER_PROFIT_SQ":-265390135.68,"HOLDER_PROFIT_QOQ_SQ":0,"ROE_AVG_SQ":-7.698865827025,"PE_TTM_SQ":-4.013797053358,"PB_TTM_SQ":0.173698142833,"ROA_SQ":-3.88637545005,"START_DATE":"2021-04-01 00:00:00","FISCAL_YEAR":"3-31","CURRENCY":"HKD","IS_CNY_CODE":0,"DPS_HKD_LY":0.1,"ORG_TYPE":"一般企业","PREMIUM_INCOME":null,"PREMIUM_INCOME_YOY":null,"NET_INTEREST_INCOME":null,"NET_INTEREST_INCOME_YOY":null,"FEE_COMMISSION_INCOME":null,"FEE_COMMISSION_INCOME_YOY":null,"ACCOUNTS_RECE_TDAYS":1.625312616562,"INVENTORY_TDAYS":0.191988965517,"CURRENT_ASSETS_TDAYS":0.087626695941,"TOTAL_ASSETS_TDAYS":0.035532416435,"PREMIUM_EXPENSE":null,"LOAN_DEPOSIT":null,"LOAN_EQUITY":null,"LOAN_ASSETS":null,"DEPOSIT_EQUITY":null,"DEPOSIT_ASSETS":null,"EQUITY_MULTIPLIER":1.953422416094,"EQUITY_RATIO":1.008346434476},{"SECUCODE":"00199.HK","SECURITY_CODE":"00199","SECURITY_NAME_ABBR":"德祥地产","ORG_CODE":"10007465","STD_REPORT_DATE":"2020-12-31 00:00:00","REPORT_DATE":"2021-03-31 00:00:00","DATE_TYPE_CODE":"001","REPORT_TYPE":"2020年年报","PER_NETCASH_OPERATE":-0.028114705833,"PER_OI":0.20082033336,"BPS":3.252482305695,"BASIC_EPS":-0.5831742,"DILUTED_EPS":-0.5831742,"OPERATE_INCOME":192822745.92,"OPERATE_INCOME_YOY":100.3371970495,"GROSS_PROFIT":32232629.66,"GROSS_PROFIT_YOY":302.172262267874,"HOLDER_PROFIT":-559644388.8,"HOLDER_PROFIT_YOY":31.8063851699,"GROSS_PROFIT_RATIO":16.716196787994,"EPS_TTM":-0.711370754704,"OPERATE_INCOME_QOQ":0,"NET_PROFIT_RATIO":-291.0574023424,"ROE_AVG":-17.537338287273,"GROSS_PROFIT_QOQ":0,"ROA":-9.138853265481,"HOLDER_PROFIT_QOQ":0,"ROE_YEARLY":-17.537338287273,"ROIC_YEARLY":-9.683708800803,"TOTAL_ASSETS":5577720615.46,"TOTAL_LIABILITIES":2625970879.28,"TAX_EBT":4.076007662016,"OCF_SALES":-13.999929868855,"TOTAL_PARENT_EQUITY":2950646776.28,"DEBT_ASSET_RATIO":47.079641673,"OPERATE_PROFIT":-309898769.88,"PRETAX_PROFIT":-585072474.28,"NETCASH_OPERATE":-26995049.2,"NETCASH_INVEST":306828230.94,"NETCASH_FINANCE":-477782789.54,"END_CASH":252135787.96,"DIVI_RATIO":null,"DIVIDEND_RATE":null,"CURRENT_RATIO":0.878080803943,"COMMON_ACS":40000000000,"CURRENTDEBT_DEBT":93.494906333964,"ISSUED_COMMON_SHARES":907198410,"HK_COMMON_SHARES":907198410,"PER_SHARES":1000,"TOTAL_MARKET_CAP":187790070.87,"HKSK_MARKET_CAP":187790070.87,"PE_TTM":-0.190043031003,"PB_TTM":0.076049459413,"REPORT_DATE_SQ":"2019-12-31 00:00:00","REPORT_TYPE_SQ":"2019年年报","OPERATE_INCOME_SQ":104052156,"DPS_HKD":null,"OPERATE_INCOME_QOQ_SQ":0,"NET_PROFIT_RATIO_SQ":-554.2906021898,"HOLDER_PROFIT_SQ":-887202700,"HOLDER_PROFIT_QOQ_SQ":0,"ROE_AVG_SQ":-20.667469881313,"PE_TTM_SQ":-4.013797053358,"PB_TTM_SQ":0.173698142833,"ROA_SQ":-11.381468191815,"START_DATE":"2020-04-01 00:00:00","FISCAL_YEAR":"3-31","CURRENCY":"HKD","IS_CNY_CODE":0,"DPS_HKD_LY":0.05,"ORG_TYPE":"一般企业","PREMIUM_INCOME":null,"PREMIUM_INCOME_YOY":null,"NET_INTEREST_INCOME":null,"NET_INTEREST_INCOME_YOY":null,"FEE_COMMISSION_INCOME":null,"FEE_COMMISSION_INCOME_YOY":null,"ACCOUNTS_RECE_TDAYS":null,"INVENTORY_TDAYS":0.143307359203,"CURRENT_ASSETS_TDAYS":0.084080876764,"TOTAL_ASSETS_TDAYS":0.031487473411,"PREMIUM_EXPENSE":null,"LOAN_DEPOSIT":null,"LOAN_EQUITY":null,"LOAN_ASSETS":null,"DEPOSIT_EQUITY":null,"DEPOSIT_ASSETS":null,"EQUITY_MULTIPLIER":1.889631951887,"EQUITY_RATIO":0.889964498763},{"SECUCODE":"00199.HK","SECURITY_CODE":"00199","SECURITY_NAME_ABBR":"德祥地产","ORG_CODE":"10007465","STD_REPORT_DATE":"2020-06-30 00:00:00","REPORT_DATE":"2020-09-30 00:00:00","DATE_TYPE_CODE":"002","REPORT_TYPE":"2020年中报","PER_NETCASH_OPERATE":-0.152862026575,"PER_OI":0.0106790734,"BPS":3.66668646873,"BASIC_EPS":-0.2811904,"DILUTED_EPS":-0.2811904,"OPERATE_INCOME":10253783.68,"OPERATE_INCOME_YOY":-84.2097428958,"GROSS_PROFIT":3004343.68,"GROSS_PROFIT_YOY":170.131470732756,"HOLDER_PROFIT":-265390135.68,"HOLDER_PROFIT_YOY":41.9821270089,"GROSS_PROFIT_RATIO":29.299854314851,"EPS_TTM":-0.926686974921,"OPERATE_INCOME_QOQ":0,"NET_PROFIT_RATIO":-2593.3841803068,"ROE_AVG":-7.698865827025,"GROSS_PROFIT_QOQ":0,"ROA":-3.88637545005,"HOLDER_PROFIT_QOQ":0,"ROE_YEARLY":-15.39773165405,"ROIC_YEARLY":-8.228475682229,"TOTAL_ASSETS":6722912733.44,"TOTAL_LIABILITIES":3394587625.6,"TAX_EBT":9.482689000224,"OCF_SALES":-1431.41657382809,"TOTAL_PARENT_EQUITY":3326412134.4,"DEBT_ASSET_RATIO":50.4928110805,"OPERATE_PROFIT":-175599889.92,"PRETAX_PROFIT":-293778064,"NETCASH_OPERATE":-146774359.04,"NETCASH_INVEST":-40484387.84,"NETCASH_FINANCE":34084670.08,"END_CASH":302759461.12,"DIVI_RATIO":null,"DIVIDEND_RATE":null,"CURRENT_RATIO":1.299310065543,"COMMON_ACS":40000000000,"CURRENTDEBT_DEBT":60.469984636711,"ISSUED_COMMON_SHARES":907198410,"HK_COMMON_SHARES":907198410,"PER_SHARES":1000,"TOTAL_MARKET_CAP":187790070.87,"HKSK_MARKET_CAP":187790070.87,"PE_TTM":-0.190043031003,"PB_TTM":0.076049459413,"REPORT_DATE_SQ":"2019-06-30 00:00:00","REPORT_TYPE_SQ":"2019年中报","OPERATE_INCOME_SQ":66658539,"DPS_HKD":null,"OPERATE_INCOME_QOQ_SQ":0,"NET_PROFIT_RATIO_SQ":-470.0376323223,"HOLDER_PROFIT_SQ":-469552129.62,"HOLDER_PROFIT_QOQ_SQ":0,"ROE_AVG_SQ":-10.475373378435,"PE_TTM_SQ":-4.013797053358,"PB_TTM_SQ":0.173698142833,"ROA_SQ":-5.757613010943,"START_DATE":"2020-04-01 00:00:00","FISCAL_YEAR":"3-31","CURRENCY":"HKD","IS_CNY_CODE":0,"DPS_HKD_LY":0.05,"ORG_TYPE":"一般企业","PREMIUM_INCOME":null,"PREMIUM_INCOME_YOY":null,"NET_INTEREST_INCOME":null,"NET_INTEREST_INCOME_YOY":null,"FEE_COMMISSION_INCOME":null,"FEE_COMMISSION_INCOME_YOY":null,"ACCOUNTS_RECE_TDAYS":0.057172814373,"INVENTORY_TDAYS":0.006071178497,"CURRENT_ASSETS_TDAYS":0.003948054444,"TOTAL_ASSETS_TDAYS":0.001501564972,"PREMIUM_EXPENSE":null,"LOAN_DEPOSIT":null,"LOAN_EQUITY":null,"LOAN_ASSETS":null,"DEPOSIT_EQUITY":null,"DEPOSIT_ASSETS":null,"EQUITY_MULTIPLIER":2.019908667458,"EQUITY_RATIO":1.020495202773}],"count":47},"success":true,"message":"ok","code":0}