{"version":"21d4b4cd1fd67b63860e00626cbb4ea0","result":{"pages":6,"data":[{"SECUCODE":"00200.HK","SECURITY_CODE":"00200","SECURITY_NAME_ABBR":"新濠国际发展","ORG_CODE":"10007466","STD_REPORT_DATE":"2024-06-30 00:00:00","REPORT_DATE":"2024-06-30 00:00:00","DATE_TYPE_CODE":"002","REPORT_TYPE":"2024年中报","PER_NETCASH_OPERATE":2.432825234975,"PER_OI":10.690648798464,"BPS":0.181051005534,"BASIC_EPS":-0.1551556,"DILUTED_EPS":-0.1551556,"OPERATE_INCOME":16214333363.04,"OPERATE_INCOME_YOY":36.2563120336,"GROSS_PROFIT":16214333363.04,"GROSS_PROFIT_YOY":34.881896426022,"HOLDER_PROFIT":-231105178.88,"HOLDER_PROFIT_YOY":65.4665270141,"GROSS_PROFIT_RATIO":null,"EPS_TTM":-0.748640737488,"OPERATE_INCOME_QOQ":15.668390533239,"NET_PROFIT_RATIO":-2.497119719,"ROE_AVG":-52.432891899195,"GROSS_PROFIT_QOQ":15.668390533239,"ROA":-0.287897464407,"HOLDER_PROFIT_QOQ":28.153552113295,"ROE_YEARLY":-104.86578379839,"ROIC_YEARLY":-0.740998481671,"TOTAL_ASSETS":78942825199.64,"TOTAL_LIABILITIES":69957091758.48,"TAX_EBT":-26.167886740724,"OCF_SALES":22.7565724105,"TOTAL_PARENT_EQUITY":274597118.92,"DEBT_ASSET_RATIO":88.6174159356,"OPERATE_PROFIT":1661252834.56,"PRETAX_PROFIT":-320914716.24,"NETCASH_OPERATE":3689826512.64,"NETCASH_INVEST":-904278780.6,"NETCASH_FINANCE":-4080987470.44,"END_CASH":8396416877.84,"DIVI_RATIO":null,"DIVIDEND_RATE":null,"CURRENT_RATIO":0.685267352091,"COMMON_ACS":null,"CURRENTDEBT_DEBT":21.287990090461,"ISSUED_COMMON_SHARES":1516683755,"HK_COMMON_SHARES":1516683755,"PER_SHARES":1000,"TOTAL_MARKET_CAP":6188069720.4,"HKSK_MARKET_CAP":6188069720.4,"PE_TTM":-4.896012121529,"PB_TTM":20.567322390808,"REPORT_DATE_SQ":"2023-06-30 00:00:00","REPORT_TYPE_SQ":"2023年中报","OPERATE_INCOME_SQ":12021133890.22,"DPS_HKD":null,"OPERATE_INCOME_QOQ_SQ":72.775312218455,"NET_PROFIT_RATIO_SQ":-10.7576327106,"HOLDER_PROFIT_SQ":-676039991.04,"HOLDER_PROFIT_QOQ_SQ":29.659735696431,"ROE_AVG_SQ":-44.493797854098,"PE_TTM_SQ":-2.372144641629,"PB_TTM_SQ":5.473423929968,"ROA_SQ":-0.76764717577,"START_DATE":"2024-01-01 00:00:00","FISCAL_YEAR":"12-31","CURRENCY":"HKD","IS_CNY_CODE":0,"DPS_HKD_LY":null,"ORG_TYPE":"一般企业","PREMIUM_INCOME":null,"PREMIUM_INCOME_YOY":null,"NET_INTEREST_INCOME":null,"NET_INTEREST_INCOME_YOY":null,"FEE_COMMISSION_INCOME":null,"FEE_COMMISSION_INCOME_YOY":null,"ACCOUNTS_RECE_TDAYS":24.25763938433,"INVENTORY_TDAYS":null,"CURRENT_ASSETS_TDAYS":1.485963660209,"TOTAL_ASSETS_TDAYS":0.201988786443,"PREMIUM_EXPENSE":null,"LOAN_DEPOSIT":null,"LOAN_EQUITY":null,"LOAN_ASSETS":null,"DEPOSIT_EQUITY":null,"DEPOSIT_ASSETS":null,"EQUITY_MULTIPLIER":8.785351325694,"EQUITY_RATIO":254.762657502102},{"SECUCODE":"00200.HK","SECURITY_CODE":"00200","SECURITY_NAME_ABBR":"新濠国际发展","ORG_CODE":"10007466","STD_REPORT_DATE":"2023-12-31 00:00:00","REPORT_DATE":"2023-12-31 00:00:00","DATE_TYPE_CODE":"001","REPORT_TYPE":"2023年年报","PER_NETCASH_OPERATE":5.083333226932,"PER_OI":17.645180270095,"BPS":0.397336943561,"BASIC_EPS":-1.0512152,"DILUTED_EPS":-1.0512152,"OPERATE_INCOME":26762158269.7,"OPERATE_INCOME_YOY":179.5059029457,"GROSS_PROFIT":26762158269.7,"GROSS_PROFIT_YOY":183.557982880305,"HOLDER_PROFIT":-1580386057.04,"HOLDER_PROFIT_YOY":65.8930435329,"GROSS_PROFIT_RATIO":null,"EPS_TTM":-1.042001044601,"OPERATE_INCOME_QOQ":64.119502514212,"NET_PROFIT_RATIO":-11.8317898755,"ROE_AVG":-141.996488218269,"GROSS_PROFIT_QOQ":64.119502514212,"ROA":-1.870137610123,"HOLDER_PROFIT_QOQ":50.808522730688,"ROE_YEARLY":-141.996488218269,"ROIC_YEARLY":-2.489249100577,"TOTAL_ASSETS":81026443312.78,"TOTAL_LIABILITIES":71626035665.24,"TAX_EBT":-2.896643400384,"OCF_SALES":28.80862166961,"TOTAL_PARENT_EQUITY":602634487.56,"DEBT_ASSET_RATIO":88.3983459434,"OPERATE_PROFIT":648056046.4,"PRETAX_PROFIT":-3077303814.76,"NETCASH_OPERATE":7709808926.54,"NETCASH_INVEST":-1378231936.76,"NETCASH_FINANCE":-9570910221.88,"END_CASH":9755891473.16,"DIVI_RATIO":null,"DIVIDEND_RATE":null,"CURRENT_RATIO":1.458788299121,"COMMON_ACS":null,"CURRENTDEBT_DEBT":11.040369546681,"ISSUED_COMMON_SHARES":1516683755,"HK_COMMON_SHARES":1516683755,"PER_SHARES":1000,"TOTAL_MARKET_CAP":6142569207.75,"HKSK_MARKET_CAP":6142569207.75,"PE_TTM":-4.8600120324,"PB_TTM":20.416092079111,"REPORT_DATE_SQ":"2022-12-31 00:00:00","REPORT_TYPE_SQ":"2022年年报","OPERATE_INCOME_SQ":9437984428.39,"DPS_HKD":null,"OPERATE_INCOME_QOQ_SQ":-13.638232037295,"NET_PROFIT_RATIO_SQ":-94.5262277585,"HOLDER_PROFIT_SQ":-4567402955.29,"HOLDER_PROFIT_QOQ_SQ":-21.023526686851,"ROE_AVG_SQ":-118.16832779214,"PE_TTM_SQ":-2.525045309137,"PB_TTM_SQ":5.826222894146,"ROA_SQ":-5.346085481554,"START_DATE":"2023-01-01 00:00:00","FISCAL_YEAR":"12-31","CURRENCY":"HKD","IS_CNY_CODE":0,"DPS_HKD_LY":null,"ORG_TYPE":"一般企业","PREMIUM_INCOME":null,"PREMIUM_INCOME_YOY":null,"NET_INTEREST_INCOME":null,"NET_INTEREST_INCOME_YOY":null,"FEE_COMMISSION_INCOME":null,"FEE_COMMISSION_INCOME_YOY":null,"ACCOUNTS_RECE_TDAYS":51.219957853841,"INVENTORY_TDAYS":null,"CURRENT_ASSETS_TDAYS":1.966579325324,"TOTAL_ASSETS_TDAYS":0.316687928783,"PREMIUM_EXPENSE":null,"LOAN_DEPOSIT":null,"LOAN_EQUITY":null,"LOAN_ASSETS":null,"DEPOSIT_EQUITY":null,"DEPOSIT_ASSETS":null,"EQUITY_MULTIPLIER":8.619460596923,"EQUITY_RATIO":118.854856706336},{"SECUCODE":"00200.HK","SECURITY_CODE":"00200","SECURITY_NAME_ABBR":"新濠国际发展","ORG_CODE":"10007466","STD_REPORT_DATE":"2023-06-30 00:00:00","REPORT_DATE":"2023-06-30 00:00:00","DATE_TYPE_CODE":"002","REPORT_TYPE":"2023年中报","PER_NETCASH_OPERATE":2.147421833881,"PER_OI":7.925933043451,"BPS":0.914665383872,"BASIC_EPS":-0.4517702,"DILUTED_EPS":-0.4517702,"OPERATE_INCOME":12021133890.22,"OPERATE_INCOME_YOY":116.4009535432,"GROSS_PROFIT":12021133890.22,"GROSS_PROFIT_YOY":133.301782232941,"HOLDER_PROFIT":-676039991.04,"HOLDER_PROFIT_YOY":69.1209782939,"GROSS_PROFIT_RATIO":null,"EPS_TTM":-2.118255239412,"OPERATE_INCOME_QOQ":72.775312218455,"NET_PROFIT_RATIO":-10.7576327106,"ROE_AVG":-44.493797854098,"GROSS_PROFIT_QOQ":72.775312218455,"ROA":-0.76764717577,"HOLDER_PROFIT_QOQ":29.659735696431,"ROE_YEARLY":-88.987595708195,"ROIC_YEARLY":-2.054610275024,"TOTAL_ASSETS":86616467689.08,"TOTAL_LIABILITIES":75455381636.32,"TAX_EBT":0.809648171839,"OCF_SALES":27.093615629968,"TOTAL_PARENT_EQUITY":1387258128.98,"DEBT_ASSET_RATIO":87.1143601782,"OPERATE_PROFIT":585535668.3,"PRETAX_PROFIT":-1303745180.58,"NETCASH_OPERATE":3256959810.58,"NETCASH_INVEST":-756077074.84,"NETCASH_FINANCE":-4910019241.68,"END_CASH":10854325789.14,"DIVI_RATIO":null,"DIVIDEND_RATE":null,"CURRENT_RATIO":1.692639379903,"COMMON_ACS":null,"CURRENTDEBT_DEBT":10.154110092861,"ISSUED_COMMON_SHARES":1516683755,"HK_COMMON_SHARES":1516683755,"PER_SHARES":1000,"TOTAL_MARKET_CAP":6142569207.75,"HKSK_MARKET_CAP":6142569207.75,"PE_TTM":-4.8600120324,"PB_TTM":20.416092079111,"REPORT_DATE_SQ":"2022-06-30 00:00:00","REPORT_TYPE_SQ":"2022年中报","OPERATE_INCOME_SQ":5152611255.33,"DPS_HKD":null,"OPERATE_INCOME_QOQ_SQ":-14.530306573976,"NET_PROFIT_RATIO_SQ":-76.0048908675,"HOLDER_PROFIT_SQ":-2030719635.77,"HOLDER_PROFIT_QOQ_SQ":-21.185683695339,"ROE_AVG_SQ":-42.678839790817,"PE_TTM_SQ":-2.525045309137,"PB_TTM_SQ":5.826222894146,"ROA_SQ":-2.510378259339,"START_DATE":"2023-01-01 00:00:00","FISCAL_YEAR":"12-31","CURRENCY":"HKD","IS_CNY_CODE":0,"DPS_HKD_LY":null,"ORG_TYPE":"一般企业","PREMIUM_INCOME":null,"PREMIUM_INCOME_YOY":null,"NET_INTEREST_INCOME":null,"NET_INTEREST_INCOME_YOY":null,"FEE_COMMISSION_INCOME":null,"FEE_COMMISSION_INCOME_YOY":null,"ACCOUNTS_RECE_TDAYS":23.028495986294,"INVENTORY_TDAYS":null,"CURRENT_ASSETS_TDAYS":0.831262321647,"TOTAL_ASSETS_TDAYS":0.136500644972,"PREMIUM_EXPENSE":null,"LOAN_DEPOSIT":null,"LOAN_EQUITY":null,"LOAN_ASSETS":null,"DEPOSIT_EQUITY":null,"DEPOSIT_ASSETS":null,"EQUITY_MULTIPLIER":7.760576997567,"EQUITY_RATIO":54.391738682259},{"SECUCODE":"00200.HK","SECURITY_CODE":"00200","SECURITY_NAME_ABBR":"新濠国际发展","ORG_CODE":"10007466","STD_REPORT_DATE":"2022-12-31 00:00:00","REPORT_DATE":"2022-12-31 00:00:00","DATE_TYPE_CODE":"001","REPORT_TYPE":"2022年年报","PER_NETCASH_OPERATE":-1.213022648772,"PER_OI":6.222776763631,"BPS":1.055011641072,"BASIC_EPS":-3.037118,"DILUTED_EPS":-3.037118,"OPERATE_INCOME":9437984428.39,"OPERATE_INCOME_YOY":-32.4396633869,"GROSS_PROFIT":9437984428.39,"GROSS_PROFIT_YOY":-26.186861684982,"HOLDER_PROFIT":-4567402955.29,"HOLDER_PROFIT_YOY":-34.2391692448,"GROSS_PROFIT_RATIO":null,"EPS_TTM":-3.011440546015,"OPERATE_INCOME_QOQ":-13.638232037295,"NET_PROFIT_RATIO":-94.5262277585,"ROE_AVG":-118.16832779214,"GROSS_PROFIT_QOQ":-13.638232037295,"ROA":-5.346085481554,"HOLDER_PROFIT_QOQ":-21.023526686851,"ROE_YEARLY":-118.16832779214,"ROIC_YEARLY":-7.50193654608,"TOTAL_ASSETS":86729029610.86,"TOTAL_LIABILITIES":74771659328.31,"TAX_EBT":-0.056443387353,"OCF_SALES":-19.49326956194,"TOTAL_PARENT_EQUITY":1600119017.35,"DEBT_ASSET_RATIO":86.2129550668,"OPERATE_PROFIT":-6074853249.57,"PRETAX_PROFIT":-8916337973.41,"NETCASH_OPERATE":-1839771745.84,"NETCASH_INVEST":-3673228966.05,"NETCASH_FINANCE":6449818517.66,"END_CASH":12789398584.62,"DIVI_RATIO":null,"DIVIDEND_RATE":null,"CURRENT_RATIO":1.998362179205,"COMMON_ACS":null,"CURRENTDEBT_DEBT":8.693310944377,"ISSUED_COMMON_SHARES":1516683755,"HK_COMMON_SHARES":1516683755,"PER_SHARES":1000,"TOTAL_MARKET_CAP":6142569207.75,"HKSK_MARKET_CAP":6142569207.75,"PE_TTM":-4.8600120324,"PB_TTM":20.416092079111,"REPORT_DATE_SQ":"2021-12-31 00:00:00","REPORT_TYPE_SQ":"2021年年报","OPERATE_INCOME_SQ":12786320489.6,"DPS_HKD":null,"OPERATE_INCOME_QOQ_SQ":13.237849528808,"NET_PROFIT_RATIO_SQ":-50.7918614967,"HOLDER_PROFIT_SQ":-3114212236.8,"HOLDER_PROFIT_QOQ_SQ":7.284987741306,"ROE_AVG_SQ":-43.217785771641,"PE_TTM_SQ":-2.525045309137,"PB_TTM_SQ":5.826222894146,"ROA_SQ":-4.015187847066,"START_DATE":"2022-01-01 00:00:00","FISCAL_YEAR":"12-31","CURRENCY":"HKD","IS_CNY_CODE":0,"DPS_HKD_LY":null,"ORG_TYPE":"一般企业","PREMIUM_INCOME":null,"PREMIUM_INCOME_YOY":null,"NET_INTEREST_INCOME":null,"NET_INTEREST_INCOME_YOY":null,"FEE_COMMISSION_INCOME":null,"FEE_COMMISSION_INCOME_YOY":null,"ACCOUNTS_RECE_TDAYS":24.503739109965,"INVENTORY_TDAYS":null,"CURRENT_ASSETS_TDAYS":0.6498422224,"TOTAL_ASSETS_TDAYS":0.110470374569,"PREMIUM_EXPENSE":null,"LOAN_DEPOSIT":null,"LOAN_EQUITY":null,"LOAN_ASSETS":null,"DEPOSIT_EQUITY":null,"DEPOSIT_ASSETS":null,"EQUITY_MULTIPLIER":7.253185906372,"EQUITY_RATIO":46.728811118151},{"SECUCODE":"00200.HK","SECURITY_CODE":"00200","SECURITY_NAME_ABBR":"新濠国际发展","ORG_CODE":"10007466","STD_REPORT_DATE":"2022-06-30 00:00:00","REPORT_DATE":"2022-06-30 00:00:00","DATE_TYPE_CODE":"002","REPORT_TYPE":"2022年中报","PER_NETCASH_OPERATE":0.113360265766,"PER_OI":3.397287825061,"BPS":2.404851387783,"BASIC_EPS":-1.3512002,"DILUTED_EPS":-1.3512002,"OPERATE_INCOME":5152611255.33,"OPERATE_INCOME_YOY":-28.4877110836,"GROSS_PROFIT":5152611255.33,"GROSS_PROFIT_YOY":-26.501545093737,"HOLDER_PROFIT":-2030719635.77,"HOLDER_PROFIT_YOY":-44.1219188151,"GROSS_PROFIT_RATIO":null,"EPS_TTM":-2.488310024056,"OPERATE_INCOME_QOQ":-14.530306573976,"NET_PROFIT_RATIO":-76.0048908675,"ROE_AVG":-42.678839790817,"GROSS_PROFIT_QOQ":-14.530306573976,"ROA":-2.510378259339,"HOLDER_PROFIT_QOQ":-21.185683695339,"ROE_YEARLY":-85.357679581634,"ROIC_YEARLY":-7.147869001464,"TOTAL_ASSETS":81232799692.66,"TOTAL_LIABILITIES":65548496221.25,"TAX_EBT":-0.514361245161,"OCF_SALES":3.336787213903,"TOTAL_PARENT_EQUITY":3647399033.04,"DEBT_ASSET_RATIO":80.6921544859,"OPERATE_PROFIT":-2586198893.18,"PRETAX_PROFIT":-3896196038.98,"NETCASH_OPERATE":171931673.55,"NETCASH_INVEST":-2211083482.72,"NETCASH_FINANCE":1889218187.99,"END_CASH":11258564377.34,"DIVI_RATIO":null,"DIVIDEND_RATE":null,"CURRENT_RATIO":0.983543125095,"COMMON_ACS":null,"CURRENTDEBT_DEBT":19.641988770074,"ISSUED_COMMON_SHARES":1516683755,"HK_COMMON_SHARES":1516683755,"PER_SHARES":1000,"TOTAL_MARKET_CAP":6142569207.75,"HKSK_MARKET_CAP":6142569207.75,"PE_TTM":-4.8600120324,"PB_TTM":20.416092079111,"REPORT_DATE_SQ":"2021-06-30 00:00:00","REPORT_TYPE_SQ":"2021年中报","OPERATE_INCOME_SQ":7010502822,"DPS_HKD":null,"OPERATE_INCOME_QOQ_SQ":-0.061784928404,"NET_PROFIT_RATIO_SQ":-44.5654889603,"HOLDER_PROFIT_SQ":-1370952481.68,"HOLDER_PROFIT_QOQ_SQ":37.050793232656,"ROE_AVG_SQ":-16.559228865958,"PE_TTM_SQ":-2.525045309137,"PB_TTM_SQ":5.826222894146,"ROA_SQ":-1.722512889083,"START_DATE":"2022-01-01 00:00:00","FISCAL_YEAR":"12-31","CURRENCY":"HKD","IS_CNY_CODE":0,"DPS_HKD_LY":null,"ORG_TYPE":"一般企业","PREMIUM_INCOME":null,"PREMIUM_INCOME_YOY":null,"NET_INTEREST_INCOME":null,"NET_INTEREST_INCOME_YOY":null,"FEE_COMMISSION_INCOME":null,"FEE_COMMISSION_INCOME_YOY":null,"ACCOUNTS_RECE_TDAYS":14.796395391956,"INVENTORY_TDAYS":null,"CURRENT_ASSETS_TDAYS":0.40139200943,"TOTAL_ASSETS_TDAYS":0.063696647466,"PREMIUM_EXPENSE":null,"LOAN_DEPOSIT":null,"LOAN_EQUITY":null,"LOAN_ASSETS":null,"DEPOSIT_EQUITY":null,"DEPOSIT_ASSETS":null,"EQUITY_MULTIPLIER":5.179241771278,"EQUITY_RATIO":17.971298349174},{"SECUCODE":"00200.HK","SECURITY_CODE":"00200","SECURITY_NAME_ABBR":"新濠国际发展","ORG_CODE":"10007466","STD_REPORT_DATE":"2021-12-31 00:00:00","REPORT_DATE":"2021-12-31 00:00:00","DATE_TYPE_CODE":"001","REPORT_TYPE":"2021年年报","PER_NETCASH_OPERATE":0.292013451169,"PER_OI":8.433103783859,"BPS":3.699463728482,"BASIC_EPS":-2.060352,"DILUTED_EPS":-2.060352,"OPERATE_INCOME":12786320489.6,"OPERATE_INCOME_YOY":16.495375783,"GROSS_PROFIT":12786320489.6,"GROSS_PROFIT_YOY":13.16788560455,"HOLDER_PROFIT":-3114212236.8,"HOLDER_PROFIT_YOY":39.9205695622,"GROSS_PROFIT_RATIO":null,"EPS_TTM":-2.053950940715,"OPERATE_INCOME_QOQ":13.237849528808,"NET_PROFIT_RATIO":-50.7918614967,"ROE_AVG":-43.217785771641,"GROSS_PROFIT_QOQ":13.237849528808,"ROA":-4.015187847066,"HOLDER_PROFIT_QOQ":7.284987741306,"ROE_YEARLY":-43.217785771641,"ROIC_YEARLY":-6.008009805899,"TOTAL_ASSETS":77012423275.2,"TOTAL_LIABILITIES":58642579934.4,"TAX_EBT":-0.547874874098,"OCF_SALES":3.462704345321,"TOTAL_PARENT_EQUITY":5610916539.2,"DEBT_ASSET_RATIO":76.1469090835,"OPERATE_PROFIT":-4312880062.4,"PRETAX_PROFIT":-6459022830.4,"NETCASH_OPERATE":442752475.2,"NETCASH_INVEST":-3434296096,"NETCASH_FINANCE":2633358784,"END_CASH":10998708403.2,"DIVI_RATIO":null,"DIVIDEND_RATE":null,"CURRENT_RATIO":1.194956828515,"COMMON_ACS":null,"CURRENTDEBT_DEBT":17.750441619118,"ISSUED_COMMON_SHARES":1516683755,"HK_COMMON_SHARES":1516683755,"PER_SHARES":1000,"TOTAL_MARKET_CAP":6142569207.75,"HKSK_MARKET_CAP":6142569207.75,"PE_TTM":-4.8600120324,"PB_TTM":20.416092079111,"REPORT_DATE_SQ":"2020-12-31 00:00:00","REPORT_TYPE_SQ":"2020年年报","OPERATE_INCOME_SQ":11298541473.4,"DPS_HKD":null,"OPERATE_INCOME_QOQ_SQ":-59.143459033922,"NET_PROFIT_RATIO_SQ":-92.2044614913,"HOLDER_PROFIT_SQ":-5335902494.68,"HOLDER_PROFIT_QOQ_SQ":-70.120540547414,"ROE_AVG_SQ":-45.751391599563,"PE_TTM_SQ":-2.525045309137,"PB_TTM_SQ":5.826222894146,"ROA_SQ":-6.472696835845,"START_DATE":"2021-01-01 00:00:00","FISCAL_YEAR":"12-31","CURRENCY":"HKD","IS_CNY_CODE":0,"DPS_HKD_LY":null,"ORG_TYPE":"一般企业","PREMIUM_INCOME":null,"PREMIUM_INCOME_YOY":null,"NET_INTEREST_INCOME":null,"NET_INTEREST_INCOME_YOY":null,"FEE_COMMISSION_INCOME":null,"FEE_COMMISSION_INCOME_YOY":null,"ACCOUNTS_RECE_TDAYS":21.869896676691,"INVENTORY_TDAYS":null,"CURRENT_ASSETS_TDAYS":1.006728292984,"TOTAL_ASSETS_TDAYS":0.16485542646,"PREMIUM_EXPENSE":null,"LOAN_DEPOSIT":null,"LOAN_EQUITY":null,"LOAN_ASSETS":null,"DEPOSIT_EQUITY":null,"DEPOSIT_ASSETS":null,"EQUITY_MULTIPLIER":4.192328799234,"EQUITY_RATIO":10.451515278244},{"SECUCODE":"00200.HK","SECURITY_CODE":"00200","SECURITY_NAME_ABBR":"新濠国际发展","ORG_CODE":"10007466","STD_REPORT_DATE":"2021-06-30 00:00:00","REPORT_DATE":"2021-06-30 00:00:00","DATE_TYPE_CODE":"002","REPORT_TYPE":"2021年中报","PER_NETCASH_OPERATE":0.21050300425,"PER_OI":4.623906818062,"BPS":5.011923828194,"BASIC_EPS":-0.9069672,"DILUTED_EPS":-0.9069672,"OPERATE_INCOME":7010502822,"OPERATE_INCOME_YOY":9.6687019906,"GROSS_PROFIT":7010502822,"GROSS_PROFIT_YOY":-0.099477193539,"HOLDER_PROFIT":-1370952481.68,"HOLDER_PROFIT_YOY":55.0469864321,"GROSS_PROFIT_RATIO":null,"EPS_TTM":-2.215430099311,"OPERATE_INCOME_QOQ":-0.061784928404,"NET_PROFIT_RATIO":-44.5654889603,"ROE_AVG":-16.559228865958,"GROSS_PROFIT_QOQ":-0.061784928404,"ROA":-1.722512889083,"HOLDER_PROFIT_QOQ":37.050793232656,"ROE_YEARLY":-33.118457731916,"ROIC_YEARLY":-5.282669684103,"TOTAL_ASSETS":79687978752.96,"TOTAL_LIABILITIES":57108973727.52,"TAX_EBT":-0.639927738422,"OCF_SALES":4.552492351882,"TOTAL_PARENT_EQUITY":7601503451.52,"DEBT_ASSET_RATIO":71.6657325499,"OPERATE_PROFIT":-2142399644.16,"PRETAX_PROFIT":-3104398951.2,"NETCASH_OPERATE":319152604.8,"NETCASH_INVEST":-3447048663.12,"NETCASH_FINANCE":1738457255.28,"END_CASH":10128553709.76,"DIVI_RATIO":null,"DIVIDEND_RATE":null,"CURRENT_RATIO":1.79182799675,"COMMON_ACS":null,"CURRENTDEBT_DEBT":13.696188218334,"ISSUED_COMMON_SHARES":1516683755,"HK_COMMON_SHARES":1516683755,"PER_SHARES":1000,"TOTAL_MARKET_CAP":6142569207.75,"HKSK_MARKET_CAP":6142569207.75,"PE_TTM":-4.8600120324,"PB_TTM":20.416092079111,"REPORT_DATE_SQ":"2020-06-30 00:00:00","REPORT_TYPE_SQ":"2020年中报","OPERATE_INCOME_SQ":7017483617.76,"DPS_HKD":null,"OPERATE_INCOME_QOQ_SQ":-31.377745796036,"NET_PROFIT_RATIO_SQ":-91.918116535,"HOLDER_PROFIT_SQ":-3347946682.08,"HOLDER_PROFIT_QOQ_SQ":-607.626409233098,"ROE_AVG_SQ":-24.325464429187,"PE_TTM_SQ":-2.525045309137,"PB_TTM_SQ":5.826222894146,"ROA_SQ":-3.817968859238,"START_DATE":"2021-01-01 00:00:00","FISCAL_YEAR":"12-31","CURRENCY":"HKD","IS_CNY_CODE":0,"DPS_HKD_LY":null,"ORG_TYPE":"一般企业","PREMIUM_INCOME":null,"PREMIUM_INCOME_YOY":null,"NET_INTEREST_INCOME":null,"NET_INTEREST_INCOME_YOY":null,"FEE_COMMISSION_INCOME":null,"FEE_COMMISSION_INCOME_YOY":null,"ACCOUNTS_RECE_TDAYS":10.519686779526,"INVENTORY_TDAYS":null,"CURRENT_ASSETS_TDAYS":0.515329197602,"TOTAL_ASSETS_TDAYS":0.088082421756,"PREMIUM_EXPENSE":null,"LOAN_DEPOSIT":null,"LOAN_EQUITY":null,"LOAN_ASSETS":null,"DEPOSIT_EQUITY":null,"DEPOSIT_ASSETS":null,"EQUITY_MULTIPLIER":3.529295407976,"EQUITY_RATIO":7.512852436593},{"SECUCODE":"00200.HK","SECURITY_CODE":"00200","SECURITY_NAME_ABBR":"新濠国际发展","ORG_CODE":"10007466","STD_REPORT_DATE":"2020-12-31 00:00:00","REPORT_DATE":"2020-12-31 00:00:00","DATE_TYPE_CODE":"001","REPORT_TYPE":"2020年年报","PER_NETCASH_OPERATE":-2.935530946694,"PER_OI":7.454025362547,"BPS":5.973275784628,"BASIC_EPS":-3.5264716,"DILUTED_EPS":-3.534888,"OPERATE_INCOME":11298541473.4,"OPERATE_INCOME_YOY":-70.1598109957,"GROSS_PROFIT":11298541473.4,"GROSS_PROFIT_YOY":-71.963320599311,"HOLDER_PROFIT":-5335902494.68,"HOLDER_PROFIT_YOY":-1019.1279147312,"GROSS_PROFIT_RATIO":null,"EPS_TTM":-3.520273180486,"OPERATE_INCOME_QOQ":-59.143459033922,"NET_PROFIT_RATIO":-92.2044614913,"ROE_AVG":-45.751391599563,"GROSS_PROFIT_QOQ":-59.143459033922,"ROA":-6.472696835845,"HOLDER_PROFIT_QOQ":-70.120540547414,"ROE_YEARLY":-45.751391599563,"ROIC_YEARLY":-10.055978777319,"TOTAL_ASSETS":80405852682.12,"TOTAL_LIABILITIES":54502449276.68,"TAX_EBT":-0.266162929817,"OCF_SALES":-39.381821283354,"TOTAL_PARENT_EQUITY":9059570346.68,"DEBT_ASSET_RATIO":67.7841816965,"OPERATE_PROFIT":-6928880414.16,"PRETAX_PROFIT":-10390104714.8,"NETCASH_OPERATE":-4449571410.68,"NETCASH_INVEST":-308204359.8,"NETCASH_FINANCE":6822478602.08,"END_CASH":11632556407.08,"DIVI_RATIO":null,"DIVIDEND_RATE":null,"CURRENT_RATIO":1.214470453665,"COMMON_ACS":null,"CURRENTDEBT_DEBT":20.159956299691,"ISSUED_COMMON_SHARES":1516683755,"HK_COMMON_SHARES":1516683755,"PER_SHARES":1000,"TOTAL_MARKET_CAP":6142569207.75,"HKSK_MARKET_CAP":6142569207.75,"PE_TTM":-4.8600120324,"PB_TTM":20.416092079111,"REPORT_DATE_SQ":"2019-12-31 00:00:00","REPORT_TYPE_SQ":"2019年年报","OPERATE_INCOME_SQ":40299142819.04,"DPS_HKD":null,"OPERATE_INCOME_QOQ_SQ":4.252458234588,"NET_PROFIT_RATIO_SQ":3.9303083451,"HOLDER_PROFIT_SQ":617883962.16,"HOLDER_PROFIT_QOQ_SQ":7.675793298013,"ROE_AVG_SQ":4.157437795699,"PE_TTM_SQ":-2.525045309137,"PB_TTM_SQ":5.826222894146,"ROA_SQ":0.695377388452,"START_DATE":"2020-01-01 00:00:00","FISCAL_YEAR":"12-31","CURRENCY":"HKD","IS_CNY_CODE":0,"DPS_HKD_LY":0.0301,"ORG_TYPE":"一般企业","PREMIUM_INCOME":null,"PREMIUM_INCOME_YOY":null,"NET_INTEREST_INCOME":null,"NET_INTEREST_INCOME_YOY":null,"FEE_COMMISSION_INCOME":null,"FEE_COMMISSION_INCOME_YOY":null,"ACCOUNTS_RECE_TDAYS":8.335266927591,"INVENTORY_TDAYS":null,"CURRENT_ASSETS_TDAYS":0.865944029344,"TOTAL_ASSETS_TDAYS":0.137056540515,"PREMIUM_EXPENSE":null,"LOAN_DEPOSIT":null,"LOAN_EQUITY":null,"LOAN_ASSETS":null,"DEPOSIT_EQUITY":null,"DEPOSIT_ASSETS":null,"EQUITY_MULTIPLIER":3.104065184932,"EQUITY_RATIO":6.016008176001},{"SECUCODE":"00200.HK","SECURITY_CODE":"00200","SECURITY_NAME_ABBR":"新濠国际发展","ORG_CODE":"10007466","STD_REPORT_DATE":"2020-06-30 00:00:00","REPORT_DATE":"2020-06-30 00:00:00","DATE_TYPE_CODE":"002","REPORT_TYPE":"2020年中报","PER_NETCASH_OPERATE":-2.249630067823,"PER_OI":4.633027602045,"BPS":7.940461117314,"BASIC_EPS":-2.2196592,"DILUTED_EPS":-2.2196592,"OPERATE_INCOME":7017483617.76,"OPERATE_INCOME_YOY":-65.6300675657,"GROSS_PROFIT":7017483617.76,"GROSS_PROFIT_YOY":-64.31022090034,"HOLDER_PROFIT":-3347946682.08,"HOLDER_PROFIT_YOY":-893.1854823875,"GROSS_PROFIT_RATIO":null,"EPS_TTM":-2.070783095722,"OPERATE_INCOME_QOQ":-31.377745796036,"NET_PROFIT_RATIO":-91.918116535,"ROE_AVG":-24.325464429187,"GROSS_PROFIT_QOQ":-31.377745796036,"ROA":-3.817968859238,"HOLDER_PROFIT_QOQ":-607.626409233098,"ROE_YEARLY":-48.650928858373,"ROIC_YEARLY":-11.638051417897,"TOTAL_ASSETS":83704142211.36,"TOTAL_LIABILITIES":52626988793.28,"TAX_EBT":0.885749948384,"OCF_SALES":-48.556370931831,"TOTAL_PARENT_EQUITY":12043168383.84,"DEBT_ASSET_RATIO":62.8726218356,"OPERATE_PROFIT":-4167490530.72,"PRETAX_PROFIT":-6507983227.68,"NETCASH_OPERATE":-3407435375.52,"NETCASH_INVEST":1375681744.8,"NETCASH_FINANCE":223905153.12,"END_CASH":8425862860.8,"DIVI_RATIO":null,"DIVIDEND_RATE":null,"CURRENT_RATIO":0.891148828063,"COMMON_ACS":null,"CURRENTDEBT_DEBT":23.809595303313,"ISSUED_COMMON_SHARES":1516683755,"HK_COMMON_SHARES":1516683755,"PER_SHARES":1000,"TOTAL_MARKET_CAP":6142569207.75,"HKSK_MARKET_CAP":6142569207.75,"PE_TTM":-4.8600120324,"PB_TTM":20.416092079111,"REPORT_DATE_SQ":"2019-06-30 00:00:00","REPORT_TYPE_SQ":"2019年中报","OPERATE_INCOME_SQ":19662446209.5,"DPS_HKD":null,"OPERATE_INCOME_QOQ_SQ":8.329976684107,"NET_PROFIT_RATIO_SQ":4.5779085621,"HOLDER_PROFIT_SQ":406479450.42,"HOLDER_PROFIT_QOQ_SQ":25.325743248515,"ROE_AVG_SQ":2.811441458861,"PE_TTM_SQ":-2.525045309137,"PB_TTM_SQ":5.826222894146,"ROA_SQ":0.457490895492,"START_DATE":"2020-01-01 00:00:00","FISCAL_YEAR":"12-31","CURRENCY":"HKD","IS_CNY_CODE":0,"DPS_HKD_LY":0.0301,"ORG_TYPE":"一般企业","PREMIUM_INCOME":null,"PREMIUM_INCOME_YOY":null,"NET_INTEREST_INCOME":null,"NET_INTEREST_INCOME_YOY":null,"FEE_COMMISSION_INCOME":null,"FEE_COMMISSION_INCOME_YOY":null,"ACCOUNTS_RECE_TDAYS":4.286390832315,"INVENTORY_TDAYS":null,"CURRENT_ASSETS_TDAYS":0.561280900214,"TOTAL_ASSETS_TDAYS":0.080026764065,"PREMIUM_EXPENSE":null,"LOAN_DEPOSIT":null,"LOAN_EQUITY":null,"LOAN_ASSETS":null,"DEPOSIT_EQUITY":null,"DEPOSIT_ASSETS":null,"EQUITY_MULTIPLIER":2.693430157045,"EQUITY_RATIO":4.36986240796}],"count":48},"success":true,"message":"ok","code":0}