{"version":"7ea6dc0439edb2151228080e45ab4a76","result":{"pages":6,"data":[{"SECUCODE":"00201.HK","SECURITY_CODE":"00201","SECURITY_NAME_ABBR":"华大酒店","ORG_CODE":"10007467","STD_REPORT_DATE":"2024-06-30 00:00:00","REPORT_DATE":"2024-06-30 00:00:00","DATE_TYPE_CODE":"002","REPORT_TYPE":"2024年中报","PER_NETCASH_OPERATE":0.006321397394,"PER_OI":0.024887040306,"BPS":0.424939819809,"BASIC_EPS":-0.003285648,"DILUTED_EPS":null,"OPERATE_INCOME":222665626.92,"OPERATE_INCOME_YOY":37.0974358398,"GROSS_PROFIT":17999874.96,"GROSS_PROFIT_YOY":-59.821645061323,"HOLDER_PROFIT":-29534324.8,"HOLDER_PROFIT_YOY":-80.5803571429,"GROSS_PROFIT_RATIO":8.083813927179,"EPS_TTM":-0.004787839934,"OPERATE_INCOME_QOQ":14.311375647039,"NET_PROFIT_RATIO":-13.3402194541,"ROE_AVG":-0.77245726749,"GROSS_PROFIT_QOQ":-26.385551389886,"ROA":-0.626841261458,"HOLDER_PROFIT_QOQ":-43.629890757834,"ROE_YEARLY":-1.544914534979,"ROIC_YEARLY":-1.31391745545,"TOTAL_ASSETS":4598456951.48,"TOTAL_LIABILITIES":790039537.68,"TAX_EBT":-10.389037750568,"OCF_SALES":25.400358242236,"TOTAL_PARENT_EQUITY":3801958377.44,"DEBT_ASSET_RATIO":17.1805356887,"OPERATE_PROFIT":-5708813.4,"PRETAX_PROFIT":-26908544.44,"NETCASH_OPERATE":56557866.92,"NETCASH_INVEST":-6642485.04,"NETCASH_FINANCE":-193853232,"END_CASH":136666528.56,"DIVI_RATIO":null,"DIVIDEND_RATE":null,"CURRENT_RATIO":0.31564114696,"COMMON_ACS":null,"CURRENTDEBT_DEBT":61.528650941631,"ISSUED_COMMON_SHARES":8947051324,"HK_COMMON_SHARES":8947051324,"PER_SHARES":2000,"TOTAL_MARKET_CAP":671028849.3,"HKSK_MARKET_CAP":671028849.3,"PE_TTM":-14.171376513696,"PB_TTM":0.161083986036,"REPORT_DATE_SQ":"2023-06-30 00:00:00","REPORT_TYPE_SQ":"2023年中报","OPERATE_INCOME_SQ":164069106.94,"DPS_HKD":null,"OPERATE_INCOME_QOQ_SQ":-18.200567169677,"NET_PROFIT_RATIO_SQ":-10.0369198609,"HOLDER_PROFIT_SQ":-16521881.6,"HOLDER_PROFIT_QOQ_SQ":-20.232317732679,"ROE_AVG_SQ":-0.42187675831,"PE_TTM_SQ":1.469166345606,"PB_TTM_SQ":0.161339854147,"ROA_SQ":-0.339611245567,"START_DATE":"2024-01-01 00:00:00","FISCAL_YEAR":"12-31","CURRENCY":"HKD","IS_CNY_CODE":0,"DPS_HKD_LY":null,"ORG_TYPE":"一般企业","PREMIUM_INCOME":null,"PREMIUM_INCOME_YOY":null,"NET_INTEREST_INCOME":null,"NET_INTEREST_INCOME_YOY":null,"FEE_COMMISSION_INCOME":null,"FEE_COMMISSION_INCOME_YOY":null,"ACCOUNTS_RECE_TDAYS":18.789248719627,"INVENTORY_TDAYS":171.311688311688,"CURRENT_ASSETS_TDAYS":0.966179423308,"TOTAL_ASSETS_TDAYS":0.047258910914,"PREMIUM_EXPENSE":null,"LOAN_DEPOSIT":null,"LOAN_EQUITY":null,"LOAN_ASSETS":null,"DEPOSIT_EQUITY":null,"DEPOSIT_ASSETS":null,"EQUITY_MULTIPLIER":1.207445626841,"EQUITY_RATIO":0.207798050175},{"SECUCODE":"00201.HK","SECURITY_CODE":"00201","SECURITY_NAME_ABBR":"华大酒店","ORG_CODE":"10007467","STD_REPORT_DATE":"2023-12-31 00:00:00","REPORT_DATE":"2023-12-31 00:00:00","DATE_TYPE_CODE":"001","REPORT_TYPE":"2023年年报","PER_NETCASH_OPERATE":0.009443493576,"PER_OI":0.045762581391,"BPS":0.42669671387,"BASIC_EPS":-0.003353014,"DILUTED_EPS":null,"OPERATE_INCOME":409440164.42,"OPERATE_INCOME_YOY":2.8053481144,"GROSS_PROFIT":101570950.04,"GROSS_PROFIT_YOY":-34.223288300482,"HOLDER_PROFIT":-29824606.42,"HOLDER_PROFIT_YOY":-105.5517974895,"GROSS_PROFIT_RATIO":24.807275608606,"EPS_TTM":-0.003333456503,"OPERATE_INCOME_QOQ":27.501798134694,"NET_PROFIT_RATIO":-7.3152269422,"ROE_AVG":-0.780056197419,"GROSS_PROFIT_QOQ":38.84668031133,"ROA":-0.623794053761,"HOLDER_PROFIT_QOQ":-107.060858963783,"ROE_YEARLY":-0.780056197419,"ROIC_YEARLY":-0.660726731145,"TOTAL_ASSETS":4790616033.84,"TOTAL_LIABILITIES":966356759.2,"TAX_EBT":214.150031083788,"OCF_SALES":20.635841092846,"TOTAL_PARENT_EQUITY":3817677398.78,"DEBT_ASSET_RATIO":20.1718683437,"OPERATE_PROFIT":65913005.48,"PRETAX_PROFIT":26238693.88,"NETCASH_OPERATE":84491421.7,"NETCASH_INVEST":-20186956.72,"NETCASH_FINANCE":-33576357.22,"END_CASH":280244003.9,"DIVI_RATIO":null,"DIVIDEND_RATE":null,"CURRENT_RATIO":0.461700908862,"COMMON_ACS":null,"CURRENTDEBT_DEBT":68.429423459245,"ISSUED_COMMON_SHARES":8947051324,"HK_COMMON_SHARES":8947051324,"PER_SHARES":2000,"TOTAL_MARKET_CAP":671028849.3,"HKSK_MARKET_CAP":671028849.3,"PE_TTM":-14.171376513696,"PB_TTM":0.161083986036,"REPORT_DATE_SQ":"2022-12-31 00:00:00","REPORT_TYPE_SQ":"2022年年报","OPERATE_INCOME_SQ":392576086.14,"DPS_HKD":null,"OPERATE_INCOME_QOQ_SQ":2.27816747712,"NET_PROFIT_RATIO_SQ":134.7411270541,"HOLDER_PROFIT_SQ":529529562.73,"HOLDER_PROFIT_QOQ_SQ":286.797493523292,"ROE_AVG_SQ":14.81153057613,"PE_TTM_SQ":1.564566757659,"PB_TTM_SQ":0.171816468053,"ROA_SQ":12.201892675651,"START_DATE":"2023-01-01 00:00:00","FISCAL_YEAR":"12-31","CURRENCY":"HKD","IS_CNY_CODE":0,"DPS_HKD_LY":null,"ORG_TYPE":"一般企业","PREMIUM_INCOME":null,"PREMIUM_INCOME_YOY":null,"NET_INTEREST_INCOME":null,"NET_INTEREST_INCOME_YOY":null,"FEE_COMMISSION_INCOME":null,"FEE_COMMISSION_INCOME_YOY":null,"ACCOUNTS_RECE_TDAYS":26.177525420783,"INVENTORY_TDAYS":266.349666797334,"CURRENT_ASSETS_TDAYS":1.432892291494,"TOTAL_ASSETS_TDAYS":0.085636114133,"PREMIUM_EXPENSE":null,"LOAN_DEPOSIT":null,"LOAN_EQUITY":null,"LOAN_ASSETS":null,"DEPOSIT_EQUITY":null,"DEPOSIT_ASSETS":null,"EQUITY_MULTIPLIER":1.252691224574,"EQUITY_RATIO":0.253126877485},{"SECUCODE":"00201.HK","SECURITY_CODE":"00201","SECURITY_NAME_ABBR":"华大酒店","ORG_CODE":"10007467","STD_REPORT_DATE":"2023-06-30 00:00:00","REPORT_DATE":"2023-06-30 00:00:00","DATE_TYPE_CODE":"002","REPORT_TYPE":"2023年中报","PER_NETCASH_OPERATE":0.000690733932,"PER_OI":0.018337785377,"BPS":0.44001812432,"BASIC_EPS":-0.00184396,"DILUTED_EPS":null,"OPERATE_INCOME":164069106.94,"OPERATE_INCOME_YOY":-35.3840399999,"GROSS_PROFIT":44799930.18,"GROSS_PROFIT_YOY":-64.462667074794,"HOLDER_PROFIT":-16521881.6,"HOLDER_PROFIT_YOY":-116.9123615017,"GROSS_PROFIT_RATIO":27.305524492422,"EPS_TTM":0.047210353871,"OPERATE_INCOME_QOQ":-18.200567169677,"NET_PROFIT_RATIO":-10.0369198609,"ROE_AVG":-0.42187675831,"GROSS_PROFIT_QOQ":-52.626370647084,"ROA":-0.339611245567,"HOLDER_PROFIT_QOQ":-20.232317732679,"ROE_YEARLY":-0.843753516621,"ROIC_YEARLY":-0.716304746898,"TOTAL_ASSETS":4875185915.3,"TOTAL_LIABILITIES":931441358.76,"TAX_EBT":2.648934430697,"OCF_SALES":3.766724921749,"TOTAL_PARENT_EQUITY":3936864741.78,"DEBT_ASSET_RATIO":19.1057607842,"OPERATE_PROFIT":1013256.02,"PRETAX_PROFIT":-16915567.06,"NETCASH_OPERATE":6180031.94,"NETCASH_INVEST":199147.68,"NETCASH_FINANCE":-14547922.42,"END_CASH":244837320.88,"DIVI_RATIO":null,"DIVIDEND_RATE":null,"CURRENT_RATIO":0.404549490327,"COMMON_ACS":null,"CURRENTDEBT_DEBT":69.566508489877,"ISSUED_COMMON_SHARES":8947051324,"HK_COMMON_SHARES":8947051324,"PER_SHARES":2000,"TOTAL_MARKET_CAP":671028849.3,"HKSK_MARKET_CAP":671028849.3,"PE_TTM":-14.171376513696,"PB_TTM":0.161083986036,"REPORT_DATE_SQ":"2022-06-30 00:00:00","REPORT_TYPE_SQ":"2022年中报","OPERATE_INCOME_SQ":235520181.19,"DPS_HKD":null,"OPERATE_INCOME_QOQ_SQ":43.831010295961,"NET_PROFIT_RATIO_SQ":38.4911456385,"HOLDER_PROFIT_SQ":90614222.02,"HOLDER_PROFIT_QOQ_SQ":155.55155721139,"ROE_AVG_SQ":2.815754224342,"PE_TTM_SQ":1.564566757659,"PB_TTM_SQ":0.171816468053,"ROA_SQ":2.380172046827,"START_DATE":"2023-01-01 00:00:00","FISCAL_YEAR":"12-31","CURRENCY":"HKD","IS_CNY_CODE":0,"DPS_HKD_LY":null,"ORG_TYPE":"一般企业","PREMIUM_INCOME":null,"PREMIUM_INCOME_YOY":null,"NET_INTEREST_INCOME":null,"NET_INTEREST_INCOME_YOY":null,"FEE_COMMISSION_INCOME":null,"FEE_COMMISSION_INCOME_YOY":null,"ACCOUNTS_RECE_TDAYS":15.602384814344,"INVENTORY_TDAYS":79.680936248845,"CURRENT_ASSETS_TDAYS":0.615709585117,"TOTAL_ASSETS_TDAYS":0.033724799097,"PREMIUM_EXPENSE":null,"LOAN_DEPOSIT":null,"LOAN_EQUITY":null,"LOAN_ASSETS":null,"DEPOSIT_EQUITY":null,"DEPOSIT_ASSETS":null,"EQUITY_MULTIPLIER":1.236181970056,"EQUITY_RATIO":0.236594706665},{"SECUCODE":"00201.HK","SECURITY_CODE":"00201","SECURITY_NAME_ABBR":"华大酒店","ORG_CODE":"10007467","STD_REPORT_DATE":"2022-12-31 00:00:00","REPORT_DATE":"2022-12-31 00:00:00","DATE_TYPE_CODE":"001","REPORT_TYPE":"2022年年报","PER_NETCASH_OPERATE":0.018867088035,"PER_OI":0.043877705841,"BPS":0.421858340115,"BASIC_EPS":0.059223801,"DILUTED_EPS":null,"OPERATE_INCOME":392576086.14,"OPERATE_INCOME_YOY":34.6460456253,"GROSS_PROFIT":154417798.36,"GROSS_PROFIT_YOY":284.626853627972,"HOLDER_PROFIT":529529562.73,"HOLDER_PROFIT_YOY":804.7327615152,"GROSS_PROFIT_RATIO":39.334489239605,"EPS_TTM":0.05918481336,"OPERATE_INCOME_QOQ":2.27816747712,"NET_PROFIT_RATIO":134.7411270541,"ROE_AVG":14.81153057613,"GROSS_PROFIT_QOQ":6.396396547105,"ROA":12.201892675651,"HOLDER_PROFIT_QOQ":286.797493523292,"ROE_YEARLY":14.81153057613,"ROIC_YEARLY":12.904725068265,"TOTAL_ASSETS":4703520331.16,"TOTAL_LIABILITIES":922519232.88,"TAX_EBT":3.917839914718,"OCF_SALES":42.999258217629,"TOTAL_PARENT_EQUITY":3774388220.47,"DEBT_ASSET_RATIO":19.6133782344,"OPERATE_PROFIT":571163090.89,"PRETAX_PROFIT":550530340.43,"NETCASH_OPERATE":168804804.98,"NETCASH_INVEST":-451469377.24,"NETCASH_FINANCE":317404735.83,"END_CASH":237527639.16,"DIVI_RATIO":null,"DIVIDEND_RATE":null,"CURRENT_RATIO":0.402917735497,"COMMON_ACS":null,"CURRENTDEBT_DEBT":70.587677101005,"ISSUED_COMMON_SHARES":8947051324,"HK_COMMON_SHARES":8947051324,"PER_SHARES":2000,"TOTAL_MARKET_CAP":671028849.3,"HKSK_MARKET_CAP":671028849.3,"PE_TTM":-14.171376513696,"PB_TTM":0.161083986036,"REPORT_DATE_SQ":"2021-12-31 00:00:00","REPORT_TYPE_SQ":"2021年年报","OPERATE_INCOME_SQ":266863004.8,"DPS_HKD":null,"OPERATE_INCOME_QOQ_SQ":19.081886568424,"NET_PROFIT_RATIO_SQ":20.0978559918,"HOLDER_PROFIT_SQ":53570787.2,"HOLDER_PROFIT_QOQ_SQ":344.144889988644,"ROE_AVG_SQ":1.743029160264,"PE_TTM_SQ":1.564566757659,"PB_TTM_SQ":0.171816468053,"ROA_SQ":1.485443180529,"START_DATE":"2022-01-01 00:00:00","FISCAL_YEAR":"12-31","CURRENCY":"HKD","IS_CNY_CODE":0,"DPS_HKD_LY":null,"ORG_TYPE":"一般企业","PREMIUM_INCOME":null,"PREMIUM_INCOME_YOY":null,"NET_INTEREST_INCOME":null,"NET_INTEREST_INCOME_YOY":null,"FEE_COMMISSION_INCOME":null,"FEE_COMMISSION_INCOME_YOY":null,"ACCOUNTS_RECE_TDAYS":39.248225050234,"INVENTORY_TDAYS":245.727188940092,"CURRENT_ASSETS_TDAYS":1.544437337907,"TOTAL_ASSETS_TDAYS":0.090460884665,"PREMIUM_EXPENSE":null,"LOAN_DEPOSIT":null,"LOAN_EQUITY":null,"LOAN_ASSETS":null,"DEPOSIT_EQUITY":null,"DEPOSIT_ASSETS":null,"EQUITY_MULTIPLIER":1.243988089108,"EQUITY_RATIO":0.244415565913},{"SECUCODE":"00201.HK","SECURITY_CODE":"00201","SECURITY_NAME_ABBR":"华大酒店","ORG_CODE":"10007467","STD_REPORT_DATE":"2022-06-30 00:00:00","REPORT_DATE":"2022-06-30 00:00:00","DATE_TYPE_CODE":"002","REPORT_TYPE":"2022年中报","PER_NETCASH_OPERATE":0.013951264242,"PER_OI":0.026323776702,"BPS":0.358139990119,"BASIC_EPS":0.010091242,"DILUTED_EPS":null,"OPERATE_INCOME":235520181.19,"OPERATE_INCOME_YOY":93.2964148348,"GROSS_PROFIT":126064413.09,"GROSS_PROFIT_YOY":498.101770430854,"HOLDER_PROFIT":90614222.02,"HOLDER_PROFIT_YOY":1110.3952478867,"GROSS_PROFIT_RATIO":53.525949433735,"EPS_TTM":0.015301240145,"OPERATE_INCOME_QOQ":43.831010295961,"NET_PROFIT_RATIO":38.4911456385,"ROE_AVG":2.815754224342,"GROSS_PROFIT_QOQ":261.50364684361,"ROA":2.380172046827,"HOLDER_PROFIT_QOQ":155.55155721139,"ROE_YEARLY":5.631508448684,"ROIC_YEARLY":5.04769942088,"TOTAL_ASSETS":3807638548.91,"TOTAL_LIABILITIES":596426609.8,"TAX_EBT":17.538564460798,"OCF_SALES":52.998718232686,"TOTAL_PARENT_EQUITY":3204296872.77,"DEBT_ASSET_RATIO":15.6639502972,"OPERATE_PROFIT":113654751,"PRETAX_PROFIT":109935529.69,"NETCASH_OPERATE":124822677.21,"NETCASH_INVEST":-115029041.33,"NETCASH_FINANCE":6359192.84,"END_CASH":212152114.44,"DIVI_RATIO":null,"DIVIDEND_RATE":null,"CURRENT_RATIO":1.134251396195,"COMMON_ACS":null,"CURRENTDEBT_DEBT":86.702274095954,"ISSUED_COMMON_SHARES":8947051324,"HK_COMMON_SHARES":8947051324,"PER_SHARES":2000,"TOTAL_MARKET_CAP":671028849.3,"HKSK_MARKET_CAP":671028849.3,"PE_TTM":-14.171376513696,"PB_TTM":0.161083986036,"REPORT_DATE_SQ":"2021-06-30 00:00:00","REPORT_TYPE_SQ":"2021年中报","OPERATE_INCOME_SQ":118551430.08,"DPS_HKD":null,"OPERATE_INCOME_QOQ_SQ":19.182828780123,"NET_PROFIT_RATIO_SQ":6.1505095595,"HOLDER_PROFIT_SQ":7284028.32,"HOLDER_PROFIT_QOQ_SQ":87.07511783707,"ROE_AVG_SQ":0.234018837795,"PE_TTM_SQ":1.564566757659,"PB_TTM_SQ":0.171816468053,"ROA_SQ":0.198821583521,"START_DATE":"2022-01-01 00:00:00","FISCAL_YEAR":"12-31","CURRENCY":"HKD","IS_CNY_CODE":0,"DPS_HKD_LY":null,"ORG_TYPE":"一般企业","PREMIUM_INCOME":null,"PREMIUM_INCOME_YOY":null,"NET_INTEREST_INCOME":null,"NET_INTEREST_INCOME_YOY":null,"FEE_COMMISSION_INCOME":null,"FEE_COMMISSION_INCOME_YOY":null,"ACCOUNTS_RECE_TDAYS":9.459076077623,"INVENTORY_TDAYS":122.890062409986,"CURRENT_ASSETS_TDAYS":0.57300538569,"TOTAL_ASSETS_TDAYS":0.061864301126,"PREMIUM_EXPENSE":null,"LOAN_DEPOSIT":null,"LOAN_EQUITY":null,"LOAN_ASSETS":null,"DEPOSIT_EQUITY":null,"DEPOSIT_ASSETS":null,"EQUITY_MULTIPLIER":1.185732558644,"EQUITY_RATIO":0.186133380733},{"SECUCODE":"00201.HK","SECURITY_CODE":"00201","SECURITY_NAME_ABBR":"华大酒店","ORG_CODE":"10007467","STD_REPORT_DATE":"2021-12-31 00:00:00","REPORT_DATE":"2021-12-31 00:00:00","DATE_TYPE_CODE":"001","REPORT_TYPE":"2021年年报","PER_NETCASH_OPERATE":0.009230045186,"PER_OI":0.029826922316,"BPS":0.345351089214,"BASIC_EPS":0.00596848,"DILUTED_EPS":null,"OPERATE_INCOME":266863004.8,"OPERATE_INCOME_YOY":46.0982050938,"GROSS_PROFIT":40147430.4,"GROSS_PROFIT_YOY":443.420239682424,"HOLDER_PROFIT":53570787.2,"HOLDER_PROFIT_YOY":132.4832680581,"GROSS_PROFIT_RATIO":15.044209829717,"EPS_TTM":0.005987535475,"OPERATE_INCOME_QOQ":19.081886568424,"NET_PROFIT_RATIO":20.0978559918,"ROE_AVG":1.743029160264,"GROSS_PROFIT_QOQ":-25.82305210138,"ROA":1.485443180529,"HOLDER_PROFIT_QOQ":344.144889988644,"ROE_YEARLY":1.743029160264,"ROIC_YEARLY":1.555846647879,"TOTAL_ASSETS":3639138417.6,"TOTAL_LIABILITIES":542691811.2,"TAX_EBT":11.194292521796,"OCF_SALES":30.945348929834,"TOTAL_PARENT_EQUITY":3089873920,"DEBT_ASSET_RATIO":14.9126454926,"OPERATE_PROFIT":65715417.6,"PRETAX_PROFIT":60394476.8,"NETCASH_OPERATE":82581688,"NETCASH_INVEST":-16299673.6,"NETCASH_FINANCE":20830812.8,"END_CASH":202635619.2,"DIVI_RATIO":null,"DIVIDEND_RATE":null,"CURRENT_RATIO":0.481116484162,"COMMON_ACS":null,"CURRENTDEBT_DEBT":86.236331697205,"ISSUED_COMMON_SHARES":8947051324,"HK_COMMON_SHARES":8947051324,"PER_SHARES":2000,"TOTAL_MARKET_CAP":671028849.3,"HKSK_MARKET_CAP":671028849.3,"PE_TTM":-14.171376513696,"PB_TTM":0.161083986036,"REPORT_DATE_SQ":"2020-12-31 00:00:00","REPORT_TYPE_SQ":"2020年年报","OPERATE_INCOME_SQ":188030792.4,"DPS_HKD":null,"OPERATE_INCOME_QOQ_SQ":-17.953659028218,"NET_PROFIT_RATIO_SQ":-90.2869164317,"HOLDER_PROFIT_SQ":-169767204.4,"HOLDER_PROFIT_QOQ_SQ":-4.346955594574,"ROE_AVG_SQ":-5.21876187714,"PE_TTM_SQ":1.564566757659,"PB_TTM_SQ":0.171816468053,"ROA_SQ":-4.509757036309,"START_DATE":"2021-01-01 00:00:00","FISCAL_YEAR":"12-31","CURRENCY":"HKD","IS_CNY_CODE":0,"DPS_HKD_LY":null,"ORG_TYPE":"一般企业","PREMIUM_INCOME":null,"PREMIUM_INCOME_YOY":null,"NET_INTEREST_INCOME":null,"NET_INTEREST_INCOME_YOY":null,"FEE_COMMISSION_INCOME":null,"FEE_COMMISSION_INCOME_YOY":null,"ACCOUNTS_RECE_TDAYS":51.928724842892,"INVENTORY_TDAYS":269.348227294803,"CURRENT_ASSETS_TDAYS":1.487610010437,"TOTAL_ASSETS_TDAYS":0.073997387631,"PREMIUM_EXPENSE":null,"LOAN_DEPOSIT":null,"LOAN_EQUITY":null,"LOAN_ASSETS":null,"DEPOSIT_EQUITY":null,"DEPOSIT_ASSETS":null,"EQUITY_MULTIPLIER":1.175262770584,"EQUITY_RATIO":0.175635584251},{"SECUCODE":"00201.HK","SECURITY_CODE":"00201","SECURITY_NAME_ABBR":"华大酒店","ORG_CODE":"10007467","STD_REPORT_DATE":"2021-06-30 00:00:00","REPORT_DATE":"2021-06-30 00:00:00","DATE_TYPE_CODE":"002","REPORT_TYPE":"2021年中报","PER_NETCASH_OPERATE":0.004522333973,"PER_OI":0.01325033531,"BPS":0.348051757062,"BASIC_EPS":0.00083208,"DILUTED_EPS":null,"OPERATE_INCOME":118551430.08,"OPERATE_INCOME_YOY":57.7842255642,"GROSS_PROFIT":21077418.48,"GROSS_PROFIT_YOY":182.14585484275,"HOLDER_PROFIT":7284028.32,"HOLDER_PROFIT_YOY":105.6896249163,"GROSS_PROFIT_RATIO":17.779134731464,"EPS_TTM":-0.002452451688,"OPERATE_INCOME_QOQ":19.182828780123,"NET_PROFIT_RATIO":6.1505095595,"ROE_AVG":0.234018837795,"GROSS_PROFIT_QOQ":632.599891310079,"ROA":0.198821583521,"HOLDER_PROFIT_QOQ":87.07511783707,"ROE_YEARLY":0.468037675589,"ROIC_YEARLY":0.416256841027,"TOTAL_ASSETS":3690280624.56,"TOTAL_LIABILITIES":569611181.04,"TAX_EBT":32.685512367491,"OCF_SALES":34.129958729891,"TOTAL_PARENT_EQUITY":3114036933.84,"DEBT_ASSET_RATIO":15.4354435066,"OPERATE_PROFIT":13364036.88,"PRETAX_PROFIT":10832017.44,"NETCASH_OPERATE":40461554.16,"NETCASH_INVEST":-368611.44,"NETCASH_FINANCE":41203769.52,"END_CASH":201765254.64,"DIVI_RATIO":null,"DIVIDEND_RATE":null,"CURRENT_RATIO":0.434864819813,"COMMON_ACS":null,"CURRENTDEBT_DEBT":86.757683368806,"ISSUED_COMMON_SHARES":8947051324,"HK_COMMON_SHARES":8947051324,"PER_SHARES":2000,"TOTAL_MARKET_CAP":671028849.3,"HKSK_MARKET_CAP":671028849.3,"PE_TTM":-14.171376513696,"PB_TTM":0.161083986036,"REPORT_DATE_SQ":"2020-06-30 00:00:00","REPORT_TYPE_SQ":"2020年中报","OPERATE_INCOME_SQ":82481805.12,"DPS_HKD":null,"OPERATE_INCOME_QOQ_SQ":-40.167408993276,"NET_PROFIT_RATIO_SQ":-170.3902633502,"HOLDER_PROFIT_SQ":-140540964.96,"HOLDER_PROFIT_QOQ_SQ":-670.587653441195,"ROE_AVG_SQ":-4.008550727281,"PE_TTM_SQ":1.564566757659,"PB_TTM_SQ":0.171816468053,"ROA_SQ":-3.354242437917,"START_DATE":"2021-01-01 00:00:00","FISCAL_YEAR":"12-31","CURRENCY":"HKD","IS_CNY_CODE":0,"DPS_HKD_LY":null,"ORG_TYPE":"一般企业","PREMIUM_INCOME":null,"PREMIUM_INCOME_YOY":null,"NET_INTEREST_INCOME":null,"NET_INTEREST_INCOME_YOY":null,"FEE_COMMISSION_INCOME":null,"FEE_COMMISSION_INCOME_YOY":null,"ACCOUNTS_RECE_TDAYS":21.808663707332,"INVENTORY_TDAYS":113.567619970916,"CURRENT_ASSETS_TDAYS":0.675722077306,"TOTAL_ASSETS_TDAYS":0.03235926883,"PREMIUM_EXPENSE":null,"LOAN_DEPOSIT":null,"LOAN_EQUITY":null,"LOAN_ASSETS":null,"DEPOSIT_EQUITY":null,"DEPOSIT_ASSETS":null,"EQUITY_MULTIPLIER":1.182528521956,"EQUITY_RATIO":0.182917284908},{"SECUCODE":"00201.HK","SECURITY_CODE":"00201","SECURITY_NAME_ABBR":"华大酒店","ORG_CODE":"10007467","STD_REPORT_DATE":"2020-12-31 00:00:00","REPORT_DATE":"2020-12-31 00:00:00","DATE_TYPE_CODE":"001","REPORT_TYPE":"2020年年报","PER_NETCASH_OPERATE":0.004752553052,"PER_OI":0.02101595102,"BPS":0.351721661884,"BASIC_EPS":-0.0189369,"DILUTED_EPS":null,"OPERATE_INCOME":188030792.4,"OPERATE_INCOME_YOY":-47.7517171703,"GROSS_PROFIT":7387915.92,"GROSS_PROFIT_YOY":-90.377698662169,"HOLDER_PROFIT":-169767204.4,"HOLDER_PROFIT_YOY":-733.6904275706,"GROSS_PROFIT_RATIO":3.929098966027,"EPS_TTM":-0.018974654135,"OPERATE_INCOME_QOQ":-17.953659028218,"NET_PROFIT_RATIO":-90.2869164317,"ROE_AVG":-5.21876187714,"GROSS_PROFIT_QOQ":130.78780562753,"ROA":-4.509757036309,"HOLDER_PROFIT_QOQ":-4.346955594574,"ROE_YEARLY":-5.21876187714,"ROIC_YEARLY":-4.626549111813,"TOTAL_ASSETS":3678705759.92,"TOTAL_LIABILITIES":531833999.28,"TAX_EBT":1.086183645948,"OCF_SALES":22.614028020232,"TOTAL_PARENT_EQUITY":3146871760.64,"DEBT_ASSET_RATIO":14.4570953479,"OPERATE_PROFIT":-164625625.64,"PRETAX_PROFIT":-171631437,"NETCASH_OPERATE":42521336.08,"NETCASH_INVEST":-28125083.88,"NETCASH_FINANCE":35481017.48,"END_CASH":120621319.88,"DIVI_RATIO":null,"DIVIDEND_RATE":null,"CURRENT_RATIO":0.568442764076,"COMMON_ACS":null,"CURRENTDEBT_DEBT":45.498036087874,"ISSUED_COMMON_SHARES":8947051324,"HK_COMMON_SHARES":8947051324,"PER_SHARES":2000,"TOTAL_MARKET_CAP":671028849.3,"HKSK_MARKET_CAP":671028849.3,"PE_TTM":-14.171376513696,"PB_TTM":0.161083986036,"REPORT_DATE_SQ":"2019-12-31 00:00:00","REPORT_TYPE_SQ":"2019年年报","OPERATE_INCOME_SQ":383029257.54,"DPS_HKD":null,"OPERATE_INCOME_QOQ_SQ":-26.452478245766,"NET_PROFIT_RATIO_SQ":7.444228507,"HOLDER_PROFIT_SQ":28513573.18,"HOLDER_PROFIT_QOQ_SQ":-87.436879275889,"ROE_AVG_SQ":0.790550351545,"PE_TTM_SQ":1.564566757659,"PB_TTM_SQ":0.171816468053,"ROA_SQ":0.688539306399,"START_DATE":"2020-01-01 00:00:00","FISCAL_YEAR":"12-31","CURRENCY":"HKD","IS_CNY_CODE":0,"DPS_HKD_LY":0.0008,"ORG_TYPE":"一般企业","PREMIUM_INCOME":null,"PREMIUM_INCOME_YOY":null,"NET_INTEREST_INCOME":null,"NET_INTEREST_INCOME_YOY":null,"FEE_COMMISSION_INCOME":null,"FEE_COMMISSION_INCOME_YOY":null,"ACCOUNTS_RECE_TDAYS":35.714171529054,"INVENTORY_TDAYS":195.653600729262,"CURRENT_ASSETS_TDAYS":1.706716169915,"TOTAL_ASSETS_TDAYS":0.049949175523,"PREMIUM_EXPENSE":null,"LOAN_DEPOSIT":null,"LOAN_EQUITY":null,"LOAN_ASSETS":null,"DEPOSIT_EQUITY":null,"DEPOSIT_ASSETS":null,"EQUITY_MULTIPLIER":1.169004026771,"EQUITY_RATIO":0.169004026771},{"SECUCODE":"00201.HK","SECURITY_CODE":"00201","SECURITY_NAME_ABBR":"华大酒店","ORG_CODE":"10007467","STD_REPORT_DATE":"2020-06-30 00:00:00","REPORT_DATE":"2020-06-30 00:00:00","DATE_TYPE_CODE":"002","REPORT_TYPE":"2020年中报","PER_NETCASH_OPERATE":-0.002522639934,"PER_OI":0.009218881409,"BPS":0.376249974801,"BASIC_EPS":-0.015711168,"DILUTED_EPS":null,"OPERATE_INCOME":82481805.12,"OPERATE_INCOME_YOY":-66.3902391817,"GROSS_PROFIT":-25658529.6,"GROSS_PROFIT_YOY":-134.158174230942,"HOLDER_PROFIT":-140540964.96,"HOLDER_PROFIT_YOY":-367.1209569611,"GROSS_PROFIT_RATIO":-31.108108706727,"EPS_TTM":-0.018184195242,"OPERATE_INCOME_QOQ":-40.167408993276,"NET_PROFIT_RATIO":-170.3902633502,"ROE_AVG":-4.008550727281,"GROSS_PROFIT_QOQ":-131.253612076942,"ROA":-3.354242437917,"HOLDER_PROFIT_QOQ":-670.587653441195,"ROE_YEARLY":-8.017101454562,"ROIC_YEARLY":-7.073311957565,"TOTAL_ASSETS":4201256753.76,"TOTAL_LIABILITIES":834928918.56,"TAX_EBT":3.065679634588,"OCF_SALES":-27.36383973067,"TOTAL_PARENT_EQUITY":3366327835.2,"DEBT_ASSET_RATIO":19.8733133321,"OPERATE_PROFIT":-140800381.92,"PRETAX_PROFIT":-144985764,"NETCASH_OPERATE":-22570188.96,"NETCASH_INVEST":-26762878.56,"NETCASH_FINANCE":331587854.4,"END_CASH":356857258.56,"DIVI_RATIO":null,"DIVIDEND_RATE":null,"CURRENT_RATIO":0.708470914771,"COMMON_ACS":null,"CURRENTDEBT_DEBT":64.012760803852,"ISSUED_COMMON_SHARES":8947051324,"HK_COMMON_SHARES":8947051324,"PER_SHARES":2000,"TOTAL_MARKET_CAP":671028849.3,"HKSK_MARKET_CAP":671028849.3,"PE_TTM":-14.171376513696,"PB_TTM":0.161083986036,"REPORT_DATE_SQ":"2019-06-30 00:00:00","REPORT_TYPE_SQ":"2019年中报","OPERATE_INCOME_SQ":236334733.56,"DPS_HKD":null,"OPERATE_INCOME_QOQ_SQ":2.536286346547,"NET_PROFIT_RATIO_SQ":21.4388869451,"HOLDER_PROFIT_SQ":50667536.34,"HOLDER_PROFIT_QOQ_SQ":-0.506445087319,"ROE_AVG_SQ":1.417023296538,"PE_TTM_SQ":1.564566757659,"PB_TTM_SQ":0.171816468053,"ROA_SQ":1.23841918207,"START_DATE":"2020-01-01 00:00:00","FISCAL_YEAR":"12-31","CURRENCY":"HKD","IS_CNY_CODE":0,"DPS_HKD_LY":0.0008,"ORG_TYPE":"一般企业","PREMIUM_INCOME":null,"PREMIUM_INCOME_YOY":null,"NET_INTEREST_INCOME":null,"NET_INTEREST_INCOME_YOY":null,"FEE_COMMISSION_INCOME":null,"FEE_COMMISSION_INCOME_YOY":null,"ACCOUNTS_RECE_TDAYS":9.889168765743,"INVENTORY_TDAYS":108.31473010064,"CURRENT_ASSETS_TDAYS":0.352104877326,"TOTAL_ASSETS_TDAYS":0.019685646186,"PREMIUM_EXPENSE":null,"LOAN_DEPOSIT":null,"LOAN_EQUITY":null,"LOAN_ASSETS":null,"DEPOSIT_EQUITY":null,"DEPOSIT_ASSETS":null,"EQUITY_MULTIPLIER":1.248023650528,"EQUITY_RATIO":0.248023650528}],"count":46},"success":true,"message":"ok","code":0}