{"version":"e42e8f0b7c53a92f5966f8c8a0c8781a","result":{"pages":6,"data":[{"SECUCODE":"00207.HK","SECURITY_CODE":"00207","SECURITY_NAME_ABBR":"大悦城地产","ORG_CODE":"10007472","STD_REPORT_DATE":"2024-06-30 00:00:00","REPORT_DATE":"2024-06-30 00:00:00","DATE_TYPE_CODE":"002","REPORT_TYPE":"2024年中报","PER_NETCASH_OPERATE":0.126009364537,"PER_OI":0.605864545918,"BPS":2.118180980125,"BASIC_EPS":0.009,"DILUTED_EPS":0.009,"OPERATE_INCOME":8622134000,"OPERATE_INCOME_YOY":126.1628767093,"GROSS_PROFIT":2716743000,"GROSS_PROFIT_YOY":27.696558259252,"HOLDER_PROFIT":142585000,"HOLDER_PROFIT_YOY":-85.1477516684,"GROSS_PROFIT_RATIO":31.508939666213,"EPS_TTM":-0.033546961661,"OPERATE_INCOME_QOQ":36.239782509075,"NET_PROFIT_RATIO":8.799712461,"ROE_AVG":0.474804872463,"GROSS_PROFIT_QOQ":10.444827440122,"ROA":0.099489159779,"HOLDER_PROFIT_QOQ":-240.403850282478,"ROE_YEARLY":0.949609744927,"ROIC_YEARLY":0.292682367597,"TOTAL_ASSETS":143015165000,"TOTAL_LIABILITIES":86851766000,"TAX_EBT":42.645123395802,"OCF_SALES":20.798273374086,"TOTAL_PARENT_EQUITY":30144098000,"DEBT_ASSET_RATIO":60.7290604461,"OPERATE_PROFIT":1917171000,"PRETAX_PROFIT":1322857000,"NETCASH_OPERATE":1793255000,"NETCASH_INVEST":-1815722000,"NETCASH_FINANCE":383792000,"END_CASH":19795243000,"DIVI_RATIO":-0.194497017822,"DIVIDEND_RATE":3.412322274882,"CURRENT_RATIO":1.595587168691,"COMMON_ACS":28904699222,"CURRENTDEBT_DEBT":49.997835392317,"ISSUED_COMMON_SHARES":14231124858,"HK_COMMON_SHARES":14231124858,"PER_SHARES":2000,"TOTAL_MARKET_CAP":3002767345.038,"HKSK_MARKET_CAP":3002767345.038,"PE_TTM":-5.889847037479,"PB_TTM":0.090915498632,"REPORT_DATE_SQ":"2023-06-30 00:00:00","REPORT_TYPE_SQ":"2023年中报","OPERATE_INCOME_SQ":3812356000,"DPS_HKD":0.0072,"OPERATE_INCOME_QOQ_SQ":-25.547639551278,"NET_PROFIT_RATIO_SQ":32.8379091564,"HOLDER_PROFIT_SQ":960023000,"HOLDER_PROFIT_QOQ_SQ":17.698149679807,"ROE_AVG_SQ":3.177717294468,"PE_TTM_SQ":5.827630296353,"PB_TTM_SQ":0.109706344069,"ROA_SQ":0.672714180214,"START_DATE":"2024-01-01 00:00:00","FISCAL_YEAR":"12-31","CURRENCY":"HKD","IS_CNY_CODE":0,"DPS_HKD_LY":0.0072,"ORG_TYPE":"一般企业","PREMIUM_INCOME":null,"PREMIUM_INCOME_YOY":null,"NET_INTEREST_INCOME":null,"NET_INTEREST_INCOME_YOY":null,"FEE_COMMISSION_INCOME":null,"FEE_COMMISSION_INCOME_YOY":null,"ACCOUNTS_RECE_TDAYS":71.282342971705,"INVENTORY_TDAYS":0.138864159798,"CURRENT_ASSETS_TDAYS":0.122086105049,"TOTAL_ASSETS_TDAYS":0.06016122784,"PREMIUM_EXPENSE":null,"LOAN_DEPOSIT":null,"LOAN_EQUITY":null,"LOAN_ASSETS":null,"DEPOSIT_EQUITY":null,"DEPOSIT_ASSETS":null,"EQUITY_MULTIPLIER":2.546412210555,"EQUITY_RATIO":2.8812196006},{"SECUCODE":"00207.HK","SECURITY_CODE":"00207","SECURITY_NAME_ABBR":"大悦城地产","ORG_CODE":"10007472","STD_REPORT_DATE":"2023-12-31 00:00:00","REPORT_DATE":"2023-12-31 00:00:00","DATE_TYPE_CODE":"001","REPORT_TYPE":"2023年年报","PER_NETCASH_OPERATE":0.556566194101,"PER_OI":0.93261032648,"BPS":2.102178450299,"BASIC_EPS":0.022,"DILUTED_EPS":0.022,"OPERATE_INCOME":13272094000,"OPERATE_INCOME_YOY":-36.2879048158,"GROSS_PROFIT":5641491000,"GROSS_PROFIT_YOY":-11.939186039869,"HOLDER_PROFIT":340027000,"HOLDER_PROFIT_YOY":-35.9373969663,"GROSS_PROFIT_RATIO":42.506412326495,"EPS_TTM":0.023893192098,"OPERATE_INCOME_QOQ":-14.425688050443,"NET_PROFIT_RATIO":10.6963226752,"ROE_AVG":1.136440659046,"GROSS_PROFIT_QOQ":27.00531502839,"ROA":0.239774288767,"HOLDER_PROFIT_QOQ":-45.57042467705,"ROE_YEARLY":1.136440659046,"ROIC_YEARLY":0.353074704462,"TOTAL_ASSETS":143619078000,"TOTAL_LIABILITIES":87181750000,"TAX_EBT":61.24431956853,"OCF_SALES":59.678322049256,"TOTAL_PARENT_EQUITY":29916364000,"DEBT_ASSET_RATIO":60.7034603021,"OPERATE_PROFIT":4300978000,"PRETAX_PROFIT":3663014000,"NETCASH_OPERATE":7920563000,"NETCASH_INVEST":5162058000,"NETCASH_FINANCE":-10547434000,"END_CASH":19432196000,"DIVI_RATIO":0.273081301707,"DIVIDEND_RATE":3.512195121951,"CURRENT_RATIO":1.631033837407,"COMMON_ACS":28904699222,"CURRENTDEBT_DEBT":50.606060327993,"ISSUED_COMMON_SHARES":14231124858,"HK_COMMON_SHARES":14231124858,"PER_SHARES":2000,"TOTAL_MARKET_CAP":2917380595.89,"HKSK_MARKET_CAP":2917380595.89,"PE_TTM":-5.722363235466,"PB_TTM":0.088330223789,"REPORT_DATE_SQ":"2022-12-31 00:00:00","REPORT_TYPE_SQ":"2022年年报","OPERATE_INCOME_SQ":20831357000,"DPS_HKD":0.0072,"OPERATE_INCOME_QOQ_SQ":24.177271865356,"NET_PROFIT_RATIO_SQ":5.2832755927,"HOLDER_PROFIT_SQ":530773000,"HOLDER_PROFIT_QOQ_SQ":-37.130453837452,"ROE_AVG_SQ":1.775681866999,"PE_TTM_SQ":4.753518045653,"PB_TTM_SQ":0.089485959083,"ROA_SQ":0.391679872729,"START_DATE":"2023-01-01 00:00:00","FISCAL_YEAR":"12-31","CURRENCY":"HKD","IS_CNY_CODE":0,"DPS_HKD_LY":0.012,"ORG_TYPE":"一般企业","PREMIUM_INCOME":null,"PREMIUM_INCOME_YOY":null,"NET_INTEREST_INCOME":null,"NET_INTEREST_INCOME_YOY":null,"FEE_COMMISSION_INCOME":null,"FEE_COMMISSION_INCOME_YOY":null,"ACCOUNTS_RECE_TDAYS":114.383542400124,"INVENTORY_TDAYS":0.185819898811,"CURRENT_ASSETS_TDAYS":0.198797378742,"TOTAL_ASSETS_TDAYS":0.093589829611,"PREMIUM_EXPENSE":null,"LOAN_DEPOSIT":null,"LOAN_EQUITY":null,"LOAN_ASSETS":null,"DEPOSIT_EQUITY":null,"DEPOSIT_ASSETS":null,"EQUITY_MULTIPLIER":2.544753323544,"EQUITY_RATIO":2.914182686105},{"SECUCODE":"00207.HK","SECURITY_CODE":"00207","SECURITY_NAME_ABBR":"大悦城地产","ORG_CODE":"10007472","STD_REPORT_DATE":"2023-06-30 00:00:00","REPORT_DATE":"2023-06-30 00:00:00","DATE_TYPE_CODE":"002","REPORT_TYPE":"2023年中报","PER_NETCASH_OPERATE":0.302607070275,"PER_OI":0.267888591945,"BPS":2.143038326507,"BASIC_EPS":0.063,"DILUTED_EPS":0.063,"OPERATE_INCOME":3812356000,"OPERATE_INCOME_YOY":-58.2631836393,"GROSS_PROFIT":2127499000,"GROSS_PROFIT_YOY":-48.007367683271,"HOLDER_PROFIT":960023000,"HOLDER_PROFIT_YOY":10.8461515369,"GROSS_PROFIT_RATIO":55.805360254919,"EPS_TTM":0.043897443542,"OPERATE_INCOME_QOQ":-25.547639551278,"NET_PROFIT_RATIO":32.8379091564,"ROE_AVG":3.177717294468,"GROSS_PROFIT_QOQ":-30.663678177211,"ROA":0.672714180214,"HOLDER_PROFIT_QOQ":17.698149679807,"ROE_YEARLY":6.355434588935,"ROIC_YEARLY":1.950316135116,"TOTAL_ASSETS":145414306000,"TOTAL_LIABILITIES":88032028000,"TAX_EBT":25.805098055485,"OCF_SALES":112.960043605581,"TOTAL_PARENT_EQUITY":30497846000,"DEBT_ASSET_RATIO":60.5387670729,"OPERATE_PROFIT":1867643000,"PRETAX_PROFIT":1687310000,"NETCASH_OPERATE":4306439000,"NETCASH_INVEST":-294190000,"NETCASH_FINANCE":-4446137000,"END_CASH":16577179000,"DIVI_RATIO":0.148636992805,"DIVIDEND_RATE":3.512195121951,"CURRENT_RATIO":1.75280382686,"COMMON_ACS":28904699222,"CURRENTDEBT_DEBT":43.206755386801,"ISSUED_COMMON_SHARES":14231124858,"HK_COMMON_SHARES":14231124858,"PER_SHARES":2000,"TOTAL_MARKET_CAP":2917380595.89,"HKSK_MARKET_CAP":2917380595.89,"PE_TTM":-5.722363235466,"PB_TTM":0.088330223789,"REPORT_DATE_SQ":"2022-06-30 00:00:00","REPORT_TYPE_SQ":"2022年中报","OPERATE_INCOME_SQ":9134276000,"DPS_HKD":0.0072,"OPERATE_INCOME_QOQ_SQ":36.238888739547,"NET_PROFIT_RATIO_SQ":17.0435292299,"HOLDER_PROFIT_SQ":866086000,"HOLDER_PROFIT_QOQ_SQ":42.6894565515,"ROE_AVG_SQ":2.524726048147,"PE_TTM_SQ":4.753518045653,"PB_TTM_SQ":0.089485959083,"ROA_SQ":0.643463449823,"START_DATE":"2023-01-01 00:00:00","FISCAL_YEAR":"12-31","CURRENCY":"HKD","IS_CNY_CODE":0,"DPS_HKD_LY":0.012,"ORG_TYPE":"一般企业","PREMIUM_INCOME":null,"PREMIUM_INCOME_YOY":null,"NET_INTEREST_INCOME":null,"NET_INTEREST_INCOME_YOY":null,"FEE_COMMISSION_INCOME":null,"FEE_COMMISSION_INCOME_YOY":null,"ACCOUNTS_RECE_TDAYS":32.740807536897,"INVENTORY_TDAYS":0.042521108538,"CURRENT_ASSETS_TDAYS":0.059459775565,"TOTAL_ASSETS_TDAYS":0.026714213526,"PREMIUM_EXPENSE":null,"LOAN_DEPOSIT":null,"LOAN_EQUITY":null,"LOAN_ASSETS":null,"DEPOSIT_EQUITY":null,"DEPOSIT_ASSETS":null,"EQUITY_MULTIPLIER":2.534132681174,"EQUITY_RATIO":2.886499853137},{"SECUCODE":"00207.HK","SECURITY_CODE":"00207","SECURITY_NAME_ABBR":"大悦城地产","ORG_CODE":"10007472","STD_REPORT_DATE":"2022-12-31 00:00:00","REPORT_DATE":"2022-12-31 00:00:00","DATE_TYPE_CODE":"001","REPORT_TYPE":"2022年年报","PER_NETCASH_OPERATE":0.462128473021,"PER_OI":1.46378850638,"BPS":2.10273834982,"BASIC_EPS":0.035,"DILUTED_EPS":0.035,"OPERATE_INCOME":20831357000,"OPERATE_INCOME_YOY":69.1777352564,"GROSS_PROFIT":6406358000,"GROSS_PROFIT_YOY":35.91255748275,"HOLDER_PROFIT":530773000,"HOLDER_PROFIT_YOY":-10.2917862443,"GROSS_PROFIT_RATIO":30.753435793933,"EPS_TTM":0.037296630119,"OPERATE_INCOME_QOQ":24.177271865356,"NET_PROFIT_RATIO":5.2832755927,"ROE_AVG":1.775681866999,"GROSS_PROFIT_QOQ":-3.892337830008,"ROA":0.391679872729,"HOLDER_PROFIT_QOQ":-37.130453837452,"ROE_YEARLY":1.775681866999,"ROIC_YEARLY":0.542266717236,"TOTAL_ASSETS":140003492000,"TOTAL_LIABILITIES":81914214000,"TAX_EBT":57.677743762572,"OCF_SALES":31.570713324149,"TOTAL_PARENT_EQUITY":29924332000,"DEBT_ASSET_RATIO":58.5086934832,"OPERATE_PROFIT":3824330000,"PRETAX_PROFIT":2600471000,"NETCASH_OPERATE":6576608000,"NETCASH_INVEST":-3887522000,"NETCASH_FINANCE":3772668000,"END_CASH":16895367000,"DIVI_RATIO":0.174942990272,"DIVIDEND_RATE":3.512195121951,"CURRENT_RATIO":1.786482764841,"COMMON_ACS":28904699222,"CURRENTDEBT_DEBT":42.0695277623,"ISSUED_COMMON_SHARES":14231124858,"HK_COMMON_SHARES":14231124858,"PER_SHARES":2000,"TOTAL_MARKET_CAP":2917380595.89,"HKSK_MARKET_CAP":2917380595.89,"PE_TTM":-5.722363235466,"PB_TTM":0.088330223789,"REPORT_DATE_SQ":"2021-12-31 00:00:00","REPORT_TYPE_SQ":"2021年年报","OPERATE_INCOME_SQ":12313297000,"DPS_HKD":0.0072,"OPERATE_INCOME_QOQ_SQ":-19.291844805756,"NET_PROFIT_RATIO_SQ":12.0591747279,"HOLDER_PROFIT_SQ":591666000,"HOLDER_PROFIT_QOQ_SQ":-63.099312024877,"ROE_AVG_SQ":1.582503423026,"PE_TTM_SQ":4.753518045653,"PB_TTM_SQ":0.089485959083,"ROA_SQ":0.463710392026,"START_DATE":"2022-01-01 00:00:00","FISCAL_YEAR":"12-31","CURRENCY":"HKD","IS_CNY_CODE":0,"DPS_HKD_LY":null,"ORG_TYPE":"一般企业","PREMIUM_INCOME":null,"PREMIUM_INCOME_YOY":null,"NET_INTEREST_INCOME":null,"NET_INTEREST_INCOME_YOY":null,"FEE_COMMISSION_INCOME":null,"FEE_COMMISSION_INCOME_YOY":null,"ACCOUNTS_RECE_TDAYS":175.197700627407,"INVENTORY_TDAYS":0.368215263176,"CURRENT_ASSETS_TDAYS":0.351036674539,"TOTAL_ASSETS_TDAYS":0.153723404516,"PREMIUM_EXPENSE":null,"LOAN_DEPOSIT":null,"LOAN_EQUITY":null,"LOAN_ASSETS":null,"DEPOSIT_EQUITY":null,"DEPOSIT_ASSETS":null,"EQUITY_MULTIPLIER":2.410143434734,"EQUITY_RATIO":2.737378197782},{"SECUCODE":"00207.HK","SECURITY_CODE":"00207","SECURITY_NAME_ABBR":"大悦城地产","ORG_CODE":"10007472","STD_REPORT_DATE":"2022-06-30 00:00:00","REPORT_DATE":"2022-06-30 00:00:00","DATE_TYPE_CODE":"002","REPORT_TYPE":"2022年中报","PER_NETCASH_OPERATE":0.171352863834,"PER_OI":0.641852003348,"BPS":2.154400674994,"BASIC_EPS":0.057,"DILUTED_EPS":0.057,"OPERATE_INCOME":9134276000,"OPERATE_INCOME_YOY":95.5079478621,"GROSS_PROFIT":4091924000,"GROSS_PROFIT_YOY":91.23838971668,"HOLDER_PROFIT":866086000,"HOLDER_PROFIT_YOY":41.1697014052,"GROSS_PROFIT_RATIO":44.797463969777,"EPS_TTM":0.05932384182,"OPERATE_INCOME_QOQ":36.238888739547,"NET_PROFIT_RATIO":17.0435292299,"ROE_AVG":2.524726048147,"GROSS_PROFIT_QOQ":41.416984259125,"ROA":0.643463449823,"HOLDER_PROFIT_QOQ":42.6894565515,"ROE_YEARLY":5.049452096295,"ROIC_YEARLY":1.684349109487,"TOTAL_ASSETS":138174697000,"TOTAL_LIABILITIES":79054024000,"TAX_EBT":43.820157005903,"OCF_SALES":26.696631457162,"TOTAL_PARENT_EQUITY":38750204000,"DEBT_ASSET_RATIO":57.2130974168,"OPERATE_PROFIT":3368403000,"PRETAX_PROFIT":2771106000,"NETCASH_OPERATE":2438544000,"NETCASH_INVEST":-715948000,"NETCASH_FINANCE":843030000,"END_CASH":12943410000,"DIVI_RATIO":0.109985864027,"DIVIDEND_RATE":3.529411764706,"CURRENT_RATIO":1.541571503548,"COMMON_ACS":28904699222,"CURRENTDEBT_DEBT":50.739767529101,"ISSUED_COMMON_SHARES":14231124858,"HK_COMMON_SHARES":14231124858,"PER_SHARES":2000,"TOTAL_MARKET_CAP":2903149471.032,"HKSK_MARKET_CAP":2903149471.032,"PE_TTM":-5.694449268463,"PB_TTM":0.087899344649,"REPORT_DATE_SQ":"2021-06-30 00:00:00","REPORT_TYPE_SQ":"2021年中报","OPERATE_INCOME_SQ":4672074000,"DPS_HKD":0.0072,"OPERATE_INCOME_QOQ_SQ":8.127233548918,"NET_PROFIT_RATIO_SQ":20.3469594018,"HOLDER_PROFIT_SQ":613507000,"HOLDER_PROFIT_QOQ_SQ":45.165513388916,"ROE_AVG_SQ":1.641818686705,"PE_TTM_SQ":5.096319827791,"PB_TTM_SQ":0.09593927344,"ROA_SQ":0.485632202878,"START_DATE":"2022-01-01 00:00:00","FISCAL_YEAR":"12-31","CURRENCY":"HKD","IS_CNY_CODE":0,"DPS_HKD_LY":null,"ORG_TYPE":"一般企业","PREMIUM_INCOME":null,"PREMIUM_INCOME_YOY":null,"NET_INTEREST_INCOME":null,"NET_INTEREST_INCOME_YOY":null,"FEE_COMMISSION_INCOME":null,"FEE_COMMISSION_INCOME_YOY":null,"ACCOUNTS_RECE_TDAYS":62.378960882867,"INVENTORY_TDAYS":0.120901700196,"CURRENT_ASSETS_TDAYS":0.153573774333,"TOTAL_ASSETS_TDAYS":0.067863615699,"PREMIUM_EXPENSE":null,"LOAN_DEPOSIT":null,"LOAN_EQUITY":null,"LOAN_ASSETS":null,"DEPOSIT_EQUITY":null,"DEPOSIT_ASSETS":null,"EQUITY_MULTIPLIER":2.337163803936,"EQUITY_RATIO":2.040093105058},{"SECUCODE":"00207.HK","SECURITY_CODE":"00207","SECURITY_NAME_ABBR":"大悦城地产","ORG_CODE":"10007472","STD_REPORT_DATE":"2021-12-31 00:00:00","REPORT_DATE":"2021-12-31 00:00:00","DATE_TYPE_CODE":"001","REPORT_TYPE":"2021年年报","PER_NETCASH_OPERATE":-0.366572428536,"PER_OI":0.865237085815,"BPS":2.098085098538,"BASIC_EPS":0.039,"DILUTED_EPS":0.039,"OPERATE_INCOME":12313297000,"OPERATE_INCOME_YOY":-12.7325045401,"GROSS_PROFIT":4713588000,"GROSS_PROFIT_YOY":-13.632031867692,"HOLDER_PROFIT":591666000,"HOLDER_PROFIT_YOY":-46.4329268569,"GROSS_PROFIT_RATIO":38.280470291588,"EPS_TTM":0.041575490757,"OPERATE_INCOME_QOQ":-19.291844805756,"NET_PROFIT_RATIO":12.0591747279,"ROE_AVG":1.582503423026,"GROSS_PROFIT_QOQ":-14.158118758437,"ROA":0.463710392026,"HOLDER_PROFIT_QOQ":-63.099312024877,"ROE_YEARLY":1.582503423026,"ROIC_YEARLY":0.616489440514,"TOTAL_ASSETS":131020391000,"TOTAL_LIABILITIES":73000971000,"TAX_EBT":39.610442163964,"OCF_SALES":-42.366703247717,"TOTAL_PARENT_EQUITY":29858111000,"DEBT_ASSET_RATIO":55.7172593081,"OPERATE_PROFIT":3074788000,"PRETAX_PROFIT":2458839000,"NETCASH_OPERATE":-5216738000,"NETCASH_INVEST":-2738133000,"NETCASH_FINANCE":2253309000,"END_CASH":10352897000,"DIVI_RATIO":0.156938231664,"DIVIDEND_RATE":3.512195121951,"CURRENT_RATIO":1.37567323966,"COMMON_ACS":28904699222,"CURRENTDEBT_DEBT":56.878935213067,"ISSUED_COMMON_SHARES":14231124858,"HK_COMMON_SHARES":14231124858,"PER_SHARES":2000,"TOTAL_MARKET_CAP":2917380595.89,"HKSK_MARKET_CAP":2917380595.89,"PE_TTM":-5.722363235466,"PB_TTM":0.088330223789,"REPORT_DATE_SQ":"2020-12-31 00:00:00","REPORT_TYPE_SQ":"2020年年报","OPERATE_INCOME_SQ":14109832000,"DPS_HKD":0.0072,"OPERATE_INCOME_QOQ_SQ":97.86421893607,"NET_PROFIT_RATIO_SQ":15.3729115981,"HOLDER_PROFIT_SQ":1104533000,"HOLDER_PROFIT_QOQ_SQ":26.509652014358,"ROE_AVG_SQ":3.112610429906,"PE_TTM_SQ":4.753518045653,"PB_TTM_SQ":0.089485959083,"ROA_SQ":0.939449608017,"START_DATE":"2021-01-01 00:00:00","FISCAL_YEAR":"12-31","CURRENCY":"HKD","IS_CNY_CODE":0,"DPS_HKD_LY":0.03,"ORG_TYPE":"一般企业","PREMIUM_INCOME":null,"PREMIUM_INCOME_YOY":null,"NET_INTEREST_INCOME":null,"NET_INTEREST_INCOME_YOY":null,"FEE_COMMISSION_INCOME":null,"FEE_COMMISSION_INCOME_YOY":null,"ACCOUNTS_RECE_TDAYS":89.176385810918,"INVENTORY_TDAYS":0.213247114972,"CURRENT_ASSETS_TDAYS":0.223380107415,"TOTAL_ASSETS_TDAYS":0.096503834579,"PREMIUM_EXPENSE":null,"LOAN_DEPOSIT":null,"LOAN_EQUITY":null,"LOAN_ASSETS":null,"DEPOSIT_EQUITY":null,"DEPOSIT_ASSETS":null,"EQUITY_MULTIPLIER":2.258216145558,"EQUITY_RATIO":2.444929319206},{"SECUCODE":"00207.HK","SECURITY_CODE":"00207","SECURITY_NAME_ABBR":"大悦城地产","ORG_CODE":"10007472","STD_REPORT_DATE":"2021-06-30 00:00:00","REPORT_DATE":"2021-06-30 00:00:00","DATE_TYPE_CODE":"002","REPORT_TYPE":"2021年中报","PER_NETCASH_OPERATE":-0.429136070475,"PER_OI":0.328299698486,"BPS":2.093294261504,"BASIC_EPS":0.04,"DILUTED_EPS":0.04,"OPERATE_INCOME":4672074000,"OPERATE_INCOME_YOY":32.5285114748,"GROSS_PROFIT":2139698000,"GROSS_PROFIT_YOY":1.587987376623,"HOLDER_PROFIT":613507000,"HOLDER_PROFIT_YOY":435.1642983627,"GROSS_PROFIT_RATIO":45.797605089303,"EPS_TTM":0.112668606031,"OPERATE_INCOME_QOQ":8.127233548918,"NET_PROFIT_RATIO":20.3469594018,"ROE_AVG":1.641818686705,"GROSS_PROFIT_QOQ":0.61285573328,"ROA":0.485632202878,"HOLDER_PROFIT_QOQ":45.165513388916,"ROE_YEARLY":3.28363737341,"ROIC_YEARLY":1.281924532282,"TOTAL_ASSETS":128495894000,"TOTAL_LIABILITIES":72142720000,"TAX_EBT":31.592191957077,"OCF_SALES":-130.714731830018,"TOTAL_PARENT_EQUITY":38128706000,"DEBT_ASSET_RATIO":56.1439885387,"OPERATE_PROFIT":1610299000,"PRETAX_PROFIT":1389644000,"NETCASH_OPERATE":-6107089000,"NETCASH_INVEST":-1441180000,"NETCASH_FINANCE":1478623000,"END_CASH":9967473000,"DIVI_RATIO":0.05791128718,"DIVIDEND_RATE":3.529411764706,"CURRENT_RATIO":1.493749112666,"COMMON_ACS":28904699222,"CURRENTDEBT_DEBT":52.10718836218,"ISSUED_COMMON_SHARES":14231124858,"HK_COMMON_SHARES":14231124858,"PER_SHARES":2000,"TOTAL_MARKET_CAP":2903149471.032,"HKSK_MARKET_CAP":2903149471.032,"PE_TTM":-5.694449268463,"PB_TTM":0.087899344649,"REPORT_DATE_SQ":"2020-06-30 00:00:00","REPORT_TYPE_SQ":"2020年中报","OPERATE_INCOME_SQ":3525335000,"DPS_HKD":0.0072,"OPERATE_INCOME_QOQ_SQ":-31.01926837592,"NET_PROFIT_RATIO_SQ":12.5761948864,"HOLDER_PROFIT_SQ":114639000,"HOLDER_PROFIT_QOQ_SQ":-46.630063096535,"ROE_AVG_SQ":0.337201274134,"PE_TTM_SQ":5.096319827791,"PB_TTM_SQ":0.09593927344,"ROA_SQ":0.101415376092,"START_DATE":"2021-01-01 00:00:00","FISCAL_YEAR":"12-31","CURRENCY":"HKD","IS_CNY_CODE":0,"DPS_HKD_LY":0.03,"ORG_TYPE":"一般企业","PREMIUM_INCOME":null,"PREMIUM_INCOME_YOY":null,"NET_INTEREST_INCOME":null,"NET_INTEREST_INCOME_YOY":null,"FEE_COMMISSION_INCOME":null,"FEE_COMMISSION_INCOME_YOY":null,"ACCOUNTS_RECE_TDAYS":29.929718804752,"INVENTORY_TDAYS":0.071573144955,"CURRENT_ASSETS_TDAYS":0.085509114936,"TOTAL_ASSETS_TDAYS":0.03698261941,"PREMIUM_EXPENSE":null,"LOAN_DEPOSIT":null,"LOAN_EQUITY":null,"LOAN_ASSETS":null,"DEPOSIT_EQUITY":null,"DEPOSIT_ASSETS":null,"EQUITY_MULTIPLIER":2.280189115881,"EQUITY_RATIO":1.892084142588},{"SECUCODE":"00207.HK","SECURITY_CODE":"00207","SECURITY_NAME_ABBR":"大悦城地产","ORG_CODE":"10007472","STD_REPORT_DATE":"2020-12-31 00:00:00","REPORT_DATE":"2020-12-31 00:00:00","DATE_TYPE_CODE":"001","REPORT_TYPE":"2020年年报","PER_NETCASH_OPERATE":0.254920186296,"PER_OI":0.991476931078,"BPS":2.069246830018,"BASIC_EPS":0.072,"DILUTED_EPS":0.072,"OPERATE_INCOME":14109832000,"OPERATE_INCOME_YOY":36.4881858444,"GROSS_PROFIT":5457565000,"GROSS_PROFIT_YOY":-5.030198558042,"HOLDER_PROFIT":1104533000,"HOLDER_PROFIT_YOY":-32.4818785431,"GROSS_PROFIT_RATIO":38.679163578985,"EPS_TTM":0.07761389286,"OPERATE_INCOME_QOQ":97.86421893607,"NET_PROFIT_RATIO":15.3729115981,"ROE_AVG":3.112610429906,"GROSS_PROFIT_QOQ":27.519040591578,"ROA":0.939449608017,"HOLDER_PROFIT_QOQ":26.509652014358,"ROE_YEARLY":3.112610429906,"ROIC_YEARLY":1.263177553142,"TOTAL_ASSETS":124167334000,"TOTAL_LIABILITIES":70572441000,"TAX_EBT":44.463965580897,"OCF_SALES":25.711156589249,"TOTAL_PARENT_EQUITY":36606343000,"DEBT_ASSET_RATIO":56.836559767,"OPERATE_PROFIT":5058835000,"PRETAX_PROFIT":3905738000,"NETCASH_OPERATE":3627801000,"NETCASH_INVEST":49096000,"NETCASH_FINANCE":672361000,"END_CASH":16049627000,"DIVI_RATIO":0.084067217345,"DIVIDEND_RATE":3.512195121951,"CURRENT_RATIO":1.51476442243,"COMMON_ACS":28904699222,"CURRENTDEBT_DEBT":49.695030387287,"ISSUED_COMMON_SHARES":14231124858,"HK_COMMON_SHARES":14231124858,"PER_SHARES":2000,"TOTAL_MARKET_CAP":2917380595.89,"HKSK_MARKET_CAP":2917380595.89,"PE_TTM":-5.722363235466,"PB_TTM":0.088330223789,"REPORT_DATE_SQ":"2019-12-31 00:00:00","REPORT_TYPE_SQ":"2019年年报","OPERATE_INCOME_SQ":10337768000,"DPS_HKD":0.0072,"OPERATE_INCOME_QOQ_SQ":-4.582082664156,"NET_PROFIT_RATIO_SQ":25.8131058851,"HOLDER_PROFIT_SQ":1635906000,"HOLDER_PROFIT_QOQ_SQ":26.542205720253,"ROE_AVG_SQ":5.009090291269,"PE_TTM_SQ":4.753518045653,"PB_TTM_SQ":0.089485959083,"ROA_SQ":1.559209580002,"START_DATE":"2020-01-01 00:00:00","FISCAL_YEAR":"12-31","CURRENCY":"HKD","IS_CNY_CODE":0,"DPS_HKD_LY":0.04,"ORG_TYPE":"一般企业","PREMIUM_INCOME":null,"PREMIUM_INCOME_YOY":null,"NET_INTEREST_INCOME":null,"NET_INTEREST_INCOME_YOY":null,"FEE_COMMISSION_INCOME":null,"FEE_COMMISSION_INCOME_YOY":null,"ACCOUNTS_RECE_TDAYS":93.487792111418,"INVENTORY_TDAYS":0.328178587668,"CURRENT_ASSETS_TDAYS":0.303141739529,"TOTAL_ASSETS_TDAYS":0.12000977917,"PREMIUM_EXPENSE":null,"LOAN_DEPOSIT":null,"LOAN_EQUITY":null,"LOAN_ASSETS":null,"DEPOSIT_EQUITY":null,"DEPOSIT_ASSETS":null,"EQUITY_MULTIPLIER":2.316775480828,"EQUITY_RATIO":1.927874658225},{"SECUCODE":"00207.HK","SECURITY_CODE":"00207","SECURITY_NAME_ABBR":"大悦城地产","ORG_CODE":"10007472","STD_REPORT_DATE":"2020-06-30 00:00:00","REPORT_DATE":"2020-06-30 00:00:00","DATE_TYPE_CODE":"002","REPORT_TYPE":"2020年中报","PER_NETCASH_OPERATE":-0.035151332378,"PER_OI":0.247720052714,"BPS":1.982376536043,"BASIC_EPS":0.007,"DILUTED_EPS":0.007,"OPERATE_INCOME":3525335000,"OPERATE_INCOME_YOY":-47.633442191,"GROSS_PROFIT":2106251000,"GROSS_PROFIT_YOY":-41.052212951351,"HOLDER_PROFIT":114639000,"HOLDER_PROFIT_YOY":-86.9351756142,"GROSS_PROFIT_RATIO":59.746123418058,"EPS_TTM":0.061350174966,"OPERATE_INCOME_QOQ":-31.01926837592,"NET_PROFIT_RATIO":12.5761948864,"ROE_AVG":0.337201274134,"GROSS_PROFIT_QOQ":-25.525003167072,"ROA":0.101415376092,"HOLDER_PROFIT_QOQ":-46.630063096535,"ROE_YEARLY":0.674402548268,"ROIC_YEARLY":0.270543271215,"TOTAL_ASSETS":115100774000,"TOTAL_LIABILITIES":66139163000,"TAX_EBT":58.445174902124,"OCF_SALES":-14.18994223244,"TOTAL_PARENT_EQUITY":33629258000,"DEBT_ASSET_RATIO":57.4619619847,"OPERATE_PROFIT":1698646000,"PRETAX_PROFIT":1066911000,"NETCASH_OPERATE":-500243000,"NETCASH_INVEST":-412108000,"NETCASH_FINANCE":3173022000,"END_CASH":14026421000,"DIVI_RATIO":0.106353144121,"DIVIDEND_RATE":3.529411764706,"CURRENT_RATIO":1.696776634223,"COMMON_ACS":28904699222,"CURRENTDEBT_DEBT":40.826121431262,"ISSUED_COMMON_SHARES":14231124858,"HK_COMMON_SHARES":14231124858,"PER_SHARES":2000,"TOTAL_MARKET_CAP":2903149471.032,"HKSK_MARKET_CAP":2903149471.032,"PE_TTM":-5.694449268463,"PB_TTM":0.087899344649,"REPORT_DATE_SQ":"2019-06-30 00:00:00","REPORT_TYPE_SQ":"2019年中报","OPERATE_INCOME_SQ":6732035000,"DPS_HKD":0.0072,"OPERATE_INCOME_QOQ_SQ":33.279796046557,"NET_PROFIT_RATIO_SQ":25.1115153145,"HOLDER_PROFIT_SQ":877463000,"HOLDER_PROFIT_QOQ_SQ":-38.535024730527,"ROE_AVG_SQ":2.884048537412,"PE_TTM_SQ":5.096319827791,"PB_TTM_SQ":0.09593927344,"ROA_SQ":0.870795216532,"START_DATE":"2020-01-01 00:00:00","FISCAL_YEAR":"12-31","CURRENCY":"HKD","IS_CNY_CODE":0,"DPS_HKD_LY":0.04,"ORG_TYPE":"一般企业","PREMIUM_INCOME":null,"PREMIUM_INCOME_YOY":null,"NET_INTEREST_INCOME":null,"NET_INTEREST_INCOME_YOY":null,"FEE_COMMISSION_INCOME":null,"FEE_COMMISSION_INCOME_YOY":null,"ACCOUNTS_RECE_TDAYS":18.565387400434,"INVENTORY_TDAYS":0.060032847319,"CURRENT_ASSETS_TDAYS":0.082192101479,"TOTAL_ASSETS_TDAYS":0.031186871385,"PREMIUM_EXPENSE":null,"LOAN_DEPOSIT":null,"LOAN_EQUITY":null,"LOAN_ASSETS":null,"DEPOSIT_EQUITY":null,"DEPOSIT_ASSETS":null,"EQUITY_MULTIPLIER":2.350837148719,"EQUITY_RATIO":1.966714906407}],"count":48},"success":true,"message":"ok","code":0}