{"version":"c7a2c3dfa5e7570504a389a8134eb32a","result":{"pages":6,"data":[{"SECUCODE":"00206.HK","SECURITY_CODE":"00206","SECURITY_NAME_ABBR":"华商能源","ORG_CODE":"10010866","STD_REPORT_DATE":"2024-06-30 00:00:00","REPORT_DATE":"2024-06-30 00:00:00","DATE_TYPE_CODE":"002","REPORT_TYPE":"2024年中报","PER_NETCASH_OPERATE":0.004932940342,"PER_OI":0.17051274096,"BPS":0.387406107637,"BASIC_EPS":0.0106902,"DILUTED_EPS":0.0106902,"OPERATE_INCOME":553046806.8,"OPERATE_INCOME_YOY":-16.4574541383,"GROSS_PROFIT":124989818.4,"GROSS_PROFIT_YOY":1.901110612842,"HOLDER_PROFIT":34108864.8,"HOLDER_PROFIT_YOY":-0.1043623461,"GROSS_PROFIT_RATIO":22.600224223915,"EPS_TTM":0.020592333364,"OPERATE_INCOME_QOQ":-9.198644547413,"NET_PROFIT_RATIO":6.1648690094,"ROE_AVG":2.72434118588,"GROSS_PROFIT_QOQ":0.803067741714,"ROA":1.50978156117,"HOLDER_PROFIT_QOQ":-0.757718274514,"ROE_YEARLY":5.448682371759,"ROIC_YEARLY":3.920628971777,"TOTAL_ASSETS":2192902106.4,"TOTAL_LIABILITIES":930809967.6,"TAX_EBT":21.419185282523,"OCF_SALES":2.893003956135,"TOTAL_PARENT_EQUITY":1256526108,"DEBT_ASSET_RATIO":42.4464897399,"OPERATE_PROFIT":40729662,"PRETAX_PROFIT":43387958.4,"NETCASH_OPERATE":15999666,"NETCASH_INVEST":105326977.2,"NETCASH_FINANCE":-134283165.6,"END_CASH":504434904,"DIVI_RATIO":null,"DIVIDEND_RATE":null,"CURRENT_RATIO":2.071849733432,"COMMON_ACS":10000000000,"CURRENTDEBT_DEBT":86.742670760373,"ISSUED_COMMON_SHARES":3243433914,"HK_COMMON_SHARES":3243433914,"PER_SHARES":1000,"TOTAL_MARKET_CAP":677877688.026,"HKSK_MARKET_CAP":677877688.026,"PE_TTM":9.149603822287,"PB_TTM":0.492377678978,"REPORT_DATE_SQ":"2023-06-30 00:00:00","REPORT_TYPE_SQ":"2023年中报","OPERATE_INCOME_SQ":671190110.4,"DPS_HKD":null,"OPERATE_INCOME_QOQ_SQ":41.711448945358,"NET_PROFIT_RATIO_SQ":5.1578244768,"HOLDER_PROFIT_SQ":34618807.8,"HOLDER_PROFIT_QOQ_SQ":13.018678839406,"ROE_AVG_SQ":2.86000823797,"PE_TTM_SQ":3.268128103353,"PB_TTM_SQ":0.568873199948,"ROA_SQ":1.572206306546,"START_DATE":"2024-01-01 00:00:00","FISCAL_YEAR":"12-31","CURRENCY":"HKD","IS_CNY_CODE":0,"DPS_HKD_LY":null,"ORG_TYPE":"一般企业","PREMIUM_INCOME":null,"PREMIUM_INCOME_YOY":null,"NET_INTEREST_INCOME":null,"NET_INTEREST_INCOME_YOY":null,"FEE_COMMISSION_INCOME":null,"FEE_COMMISSION_INCOME_YOY":null,"ACCOUNTS_RECE_TDAYS":0.718268403077,"INVENTORY_TDAYS":1.600037295044,"CURRENT_ASSETS_TDAYS":0.323621342886,"TOTAL_ASSETS_TDAYS":0.244798493373,"PREMIUM_EXPENSE":null,"LOAN_DEPOSIT":null,"LOAN_EQUITY":null,"LOAN_ASSETS":null,"DEPOSIT_EQUITY":null,"DEPOSIT_ASSETS":null,"EQUITY_MULTIPLIER":1.737513481768,"EQUITY_RATIO":0.740780443537},{"SECUCODE":"00206.HK","SECURITY_CODE":"00206","SECURITY_NAME_ABBR":"华商能源","ORG_CODE":"10010866","STD_REPORT_DATE":"2023-12-31 00:00:00","REPORT_DATE":"2023-12-31 00:00:00","DATE_TYPE_CODE":"001","REPORT_TYPE":"2023年年报","PER_NETCASH_OPERATE":0.121116965295,"PER_OI":0.395986353955,"BPS":0.382237752818,"BASIC_EPS":0.0212481,"DILUTED_EPS":0.0212481,"OPERATE_INCOME":1284355569.9,"OPERATE_INCOME_YOY":60.4184359519,"GROSS_PROFIT":290369451.9,"GROSS_PROFIT_YOY":50.263798928667,"HOLDER_PROFIT":67299815.4,"HOLDER_PROFIT_YOY":-63.2829707485,"GROSS_PROFIT_RATIO":22.608182555132,"EPS_TTM":0.020749556545,"OPERATE_INCOME_QOQ":15.120325151214,"NET_PROFIT_RATIO":5.298973734,"ROE_AVG":5.521080277042,"GROSS_PROFIT_QOQ":20.058031565087,"ROA":3.141286830034,"HOLDER_PROFIT_QOQ":-66.961526150831,"ROE_YEARLY":5.521080277042,"ROIC_YEARLY":3.755345300483,"TOTAL_ASSETS":2311092092.7,"TOTAL_LIABILITIES":1065783447.9,"TAX_EBT":31.14295951272,"OCF_SALES":30.586146236014,"TOTAL_PARENT_EQUITY":1239762890.7,"DEBT_ASSET_RATIO":46.1160094514,"OPERATE_PROFIT":100276866.6,"PRETAX_PROFIT":98839078.5,"NETCASH_OPERATE":392834872.8,"NETCASH_INVEST":237405021.3,"NETCASH_FINANCE":-288492536.4,"END_CASH":519629368.2,"DIVI_RATIO":null,"DIVIDEND_RATE":null,"CURRENT_RATIO":1.907847063682,"COMMON_ACS":10000000000,"CURRENTDEBT_DEBT":85.289446227663,"ISSUED_COMMON_SHARES":3243433914,"HK_COMMON_SHARES":3243433914,"PER_SHARES":1000,"TOTAL_MARKET_CAP":544896897.552,"HKSK_MARKET_CAP":544896897.552,"PE_TTM":7.354705464805,"PB_TTM":0.395786842432,"REPORT_DATE_SQ":"2022-12-31 00:00:00","REPORT_TYPE_SQ":"2022年年报","OPERATE_INCOME_SQ":787278384,"DPS_HKD":null,"OPERATE_INCOME_QOQ_SQ":40.533646543932,"NET_PROFIT_RATIO_SQ":22.9033970276,"HOLDER_PROFIT_SQ":180236883.4,"HOLDER_PROFIT_QOQ_SQ":509.677163932502,"ROE_AVG_SQ":16.282449760284,"PE_TTM_SQ":3.210792522592,"PB_TTM_SQ":0.55889296837,"ROA_SQ":10.177143407705,"START_DATE":"2023-01-01 00:00:00","FISCAL_YEAR":"12-31","CURRENCY":"HKD","IS_CNY_CODE":0,"DPS_HKD_LY":0.01,"ORG_TYPE":"一般企业","PREMIUM_INCOME":null,"PREMIUM_INCOME_YOY":null,"NET_INTEREST_INCOME":null,"NET_INTEREST_INCOME_YOY":null,"FEE_COMMISSION_INCOME":null,"FEE_COMMISSION_INCOME_YOY":null,"ACCOUNTS_RECE_TDAYS":1.318042891253,"INVENTORY_TDAYS":3.683948024675,"CURRENT_ASSETS_TDAYS":0.7481933353,"TOTAL_ASSETS_TDAYS":0.599485929171,"PREMIUM_EXPENSE":null,"LOAN_DEPOSIT":null,"LOAN_EQUITY":null,"LOAN_ASSETS":null,"DEPOSIT_EQUITY":null,"DEPOSIT_ASSETS":null,"EQUITY_MULTIPLIER":1.855838793339,"EQUITY_RATIO":0.859667163693},{"SECUCODE":"00206.HK","SECURITY_CODE":"00206","SECURITY_NAME_ABBR":"华商能源","ORG_CODE":"10010866","STD_REPORT_DATE":"2023-06-30 00:00:00","REPORT_DATE":"2023-06-30 00:00:00","DATE_TYPE_CODE":"002","REPORT_TYPE":"2023年中报","PER_NETCASH_OPERATE":0.079286029257,"PER_OI":0.206938118117,"BPS":0.369522487703,"BASIC_EPS":0.0108387,"DILUTED_EPS":0.0108387,"OPERATE_INCOME":671190110.4,"OPERATE_INCOME_YOY":81.8552018482,"GROSS_PROFIT":122657955,"GROSS_PROFIT_YOY":65.664076155595,"HOLDER_PROFIT":34618807.8,"HOLDER_PROFIT_YOY":188.2671480144,"GROSS_PROFIT_RATIO":18.274696408578,"EPS_TTM":0.062804222254,"OPERATE_INCOME_QOQ":41.711448945358,"NET_PROFIT_RATIO":5.1578244768,"ROE_AVG":2.86000823797,"GROSS_PROFIT_QOQ":25.159305853857,"ROA":1.572206306546,"HOLDER_PROFIT_QOQ":13.018678839406,"ROE_YEARLY":5.72001647594,"ROIC_YEARLY":3.791885554863,"TOTAL_ASSETS":2390207930.4,"TOTAL_LIABILITIES":1192704999.6,"TAX_EBT":9.977452085682,"OCF_SALES":38.313883386444,"TOTAL_PARENT_EQUITY":1198521768.6,"DEBT_ASSET_RATIO":49.8996336022,"OPERATE_PROFIT":46880990.4,"PRETAX_PROFIT":38455707.6,"NETCASH_OPERATE":257158996.2,"NETCASH_INVEST":299068636.2,"NETCASH_FINANCE":-155080119.6,"END_CASH":573974197.2,"DIVI_RATIO":null,"DIVIDEND_RATE":null,"CURRENT_RATIO":1.891638187055,"COMMON_ACS":10000000000,"CURRENTDEBT_DEBT":81.190098266106,"ISSUED_COMMON_SHARES":3243433914,"HK_COMMON_SHARES":3243433914,"PER_SHARES":1000,"TOTAL_MARKET_CAP":544896897.552,"HKSK_MARKET_CAP":544896897.552,"PE_TTM":7.354705464805,"PB_TTM":0.395786842432,"REPORT_DATE_SQ":"2022-06-30 00:00:00","REPORT_TYPE_SQ":"2022年中报","OPERATE_INCOME_SQ":342804889.2,"DPS_HKD":null,"OPERATE_INCOME_QOQ_SQ":54.077638243369,"NET_PROFIT_RATIO_SQ":3.2264379968,"HOLDER_PROFIT_SQ":11154346.8,"HOLDER_PROFIT_QOQ_SQ":-49.709616675326,"ROE_AVG_SQ":1.124762713642,"PE_TTM_SQ":3.210792522592,"PB_TTM_SQ":0.55889296837,"ROA_SQ":0.726968928858,"START_DATE":"2023-01-01 00:00:00","FISCAL_YEAR":"12-31","CURRENCY":"HKD","IS_CNY_CODE":0,"DPS_HKD_LY":0.01,"ORG_TYPE":"一般企业","PREMIUM_INCOME":null,"PREMIUM_INCOME_YOY":null,"NET_INTEREST_INCOME":null,"NET_INTEREST_INCOME_YOY":null,"FEE_COMMISSION_INCOME":null,"FEE_COMMISSION_INCOME_YOY":null,"ACCOUNTS_RECE_TDAYS":0.618270283582,"INVENTORY_TDAYS":2.448727460405,"CURRENT_ASSETS_TDAYS":0.376534301883,"TOTAL_ASSETS_TDAYS":0.304819660619,"PREMIUM_EXPENSE":null,"LOAN_DEPOSIT":null,"LOAN_EQUITY":null,"LOAN_ASSETS":null,"DEPOSIT_EQUITY":null,"DEPOSIT_ASSETS":null,"EQUITY_MULTIPLIER":1.995993386675,"EQUITY_RATIO":0.995146713933},{"SECUCODE":"00206.HK","SECURITY_CODE":"00206","SECURITY_NAME_ABBR":"华商能源","ORG_CODE":"10010866","STD_REPORT_DATE":"2022-12-31 00:00:00","REPORT_DATE":"2022-12-31 00:00:00","DATE_TYPE_CODE":"001","REPORT_TYPE":"2022年年报","PER_NETCASH_OPERATE":0.034096851156,"PER_OI":0.242729898273,"BPS":0.363250961616,"BASIC_EPS":0.05710972,"DILUTED_EPS":0.05710972,"OPERATE_INCOME":787278384,"OPERATE_INCOME_YOY":98.2218948919,"GROSS_PROFIT":193239791.6,"GROSS_PROFIT_YOY":46.674390959514,"HOLDER_PROFIT":180236883.4,"HOLDER_PROFIT_YOY":180.68329718,"GROSS_PROFIT_RATIO":24.545293701345,"EPS_TTM":0.055569772093,"OPERATE_INCOME_QOQ":40.533646543932,"NET_PROFIT_RATIO":22.9033970276,"ROE_AVG":16.282449760284,"GROSS_PROFIT_QOQ":25.614558939136,"ROA":10.177143407705,"HOLDER_PROFIT_QOQ":509.677163932502,"ROE_YEARLY":16.282449760284,"ROIC_YEARLY":11.491129331264,"TOTAL_ASSETS":1940852940.4,"TOTAL_LIABILITIES":763654460.8,"TAX_EBT":2.135702135702,"OCF_SALES":14.047239915074,"TOTAL_PARENT_EQUITY":1178180488.2,"DEBT_ASSET_RATIO":39.3463329912,"OPERATE_PROFIT":50966942.8,"PRETAX_PROFIT":184248493,"NETCASH_OPERATE":110590883.4,"NETCASH_INVEST":-34419053.2,"NETCASH_FINANCE":-131080736.6,"END_CASH":173523009,"DIVI_RATIO":null,"DIVIDEND_RATE":null,"CURRENT_RATIO":2.218709534204,"COMMON_ACS":10000000000,"CURRENTDEBT_DEBT":98.602801692689,"ISSUED_COMMON_SHARES":3243433914,"HK_COMMON_SHARES":3243433914,"PER_SHARES":1000,"TOTAL_MARKET_CAP":544896897.552,"HKSK_MARKET_CAP":544896897.552,"PE_TTM":7.354705464805,"PB_TTM":0.395786842432,"REPORT_DATE_SQ":"2021-12-31 00:00:00","REPORT_TYPE_SQ":"2021年年报","OPERATE_INCOME_SQ":363587043.9,"DPS_HKD":null,"OPERATE_INCOME_QOQ_SQ":5.336269916907,"NET_PROFIT_RATIO_SQ":16.3852210356,"HOLDER_PROFIT_SQ":58783954,"HOLDER_PROFIT_QOQ_SQ":-35.607700756719,"ROE_AVG_SQ":6.485764029334,"PE_TTM_SQ":3.210792522592,"PB_TTM_SQ":0.55889296837,"ROA_SQ":4.01020383753,"START_DATE":"2022-01-01 00:00:00","FISCAL_YEAR":"12-31","CURRENCY":"HKD","IS_CNY_CODE":0,"DPS_HKD_LY":null,"ORG_TYPE":"一般企业","PREMIUM_INCOME":null,"PREMIUM_INCOME_YOY":null,"NET_INTEREST_INCOME":null,"NET_INTEREST_INCOME_YOY":null,"FEE_COMMISSION_INCOME":null,"FEE_COMMISSION_INCOME_YOY":null,"ACCOUNTS_RECE_TDAYS":0.985570425912,"INVENTORY_TDAYS":2.449885826715,"CURRENT_ASSETS_TDAYS":0.575128149684,"TOTAL_ASSETS_TDAYS":0.444539700455,"PREMIUM_EXPENSE":null,"LOAN_DEPOSIT":null,"LOAN_EQUITY":null,"LOAN_ASSETS":null,"DEPOSIT_EQUITY":null,"DEPOSIT_ASSETS":null,"EQUITY_MULTIPLIER":1.648704932968,"EQUITY_RATIO":0.64816424007},{"SECUCODE":"00206.HK","SECURITY_CODE":"00206","SECURITY_NAME_ABBR":"华商能源","ORG_CODE":"10010866","STD_REPORT_DATE":"2022-06-30 00:00:00","REPORT_DATE":"2022-06-30 00:00:00","DATE_TYPE_CODE":"002","REPORT_TYPE":"2022年中报","PER_NETCASH_OPERATE":0.002398233726,"PER_OI":0.105691960524,"BPS":0.303803861625,"BASIC_EPS":0.0033557,"DILUTED_EPS":0.0033557,"OPERATE_INCOME":342804889.2,"OPERATE_INCOME_YOY":125.7192098634,"GROSS_PROFIT":74040164.8,"GROSS_PROFIT_YOY":42.516145278233,"HOLDER_PROFIT":11154346.8,"HOLDER_PROFIT_YOY":-73.408,"GROSS_PROFIT_RATIO":21.598339794041,"EPS_TTM":0.009114622522,"OPERATE_INCOME_QOQ":54.077638243369,"NET_PROFIT_RATIO":3.2264379968,"ROE_AVG":1.124762713642,"GROSS_PROFIT_QOQ":16.76543881397,"ROA":0.726968928858,"HOLDER_PROFIT_QOQ":-49.709616675326,"ROE_YEARLY":2.249525427285,"ROIC_YEARLY":1.637506989209,"TOTAL_ASSETS":1525796521.6,"TOTAL_LIABILITIES":541838167.6,"TAX_EBT":8.546059933407,"OCF_SALES":2.269078664004,"TOTAL_PARENT_EQUITY":985367748,"DEBT_ASSET_RATIO":35.5118234922,"OPERATE_PROFIT":10127502.6,"PRETAX_PROFIT":12093942.8,"NETCASH_OPERATE":7778512.6,"NETCASH_INVEST":-41859001.8,"NETCASH_FINANCE":-65093868.6,"END_CASH":121395803.2,"DIVI_RATIO":null,"DIVIDEND_RATE":null,"CURRENT_RATIO":1.879913860112,"COMMON_ACS":10000000000,"CURRENTDEBT_DEBT":97.204399633364,"ISSUED_COMMON_SHARES":3243433914,"HK_COMMON_SHARES":3243433914,"PER_SHARES":1000,"TOTAL_MARKET_CAP":544896897.552,"HKSK_MARKET_CAP":544896897.552,"PE_TTM":7.354705464805,"PB_TTM":0.395786842432,"REPORT_DATE_SQ":"2021-06-30 00:00:00","REPORT_TYPE_SQ":"2021年中报","OPERATE_INCOME_SQ":146185602.9,"DPS_HKD":null,"OPERATE_INCOME_QOQ_SQ":-18.7951101053,"NET_PROFIT_RATIO_SQ":28.6926994907,"HOLDER_PROFIT_SQ":40375625,"HOLDER_PROFIT_QOQ_SQ":28.170321896971,"ROE_AVG_SQ":4.503108946417,"PE_TTM_SQ":3.210792522592,"PB_TTM_SQ":0.55889296837,"ROA_SQ":2.645351482561,"START_DATE":"2022-01-01 00:00:00","FISCAL_YEAR":"12-31","CURRENCY":"HKD","IS_CNY_CODE":0,"DPS_HKD_LY":null,"ORG_TYPE":"一般企业","PREMIUM_INCOME":null,"PREMIUM_INCOME_YOY":null,"NET_INTEREST_INCOME":null,"NET_INTEREST_INCOME_YOY":null,"FEE_COMMISSION_INCOME":null,"FEE_COMMISSION_INCOME_YOY":null,"ACCOUNTS_RECE_TDAYS":0.652925047457,"INVENTORY_TDAYS":1.341709384528,"CURRENT_ASSETS_TDAYS":0.339674211214,"TOTAL_ASSETS_TDAYS":0.223418284887,"PREMIUM_EXPENSE":null,"LOAN_DEPOSIT":null,"LOAN_EQUITY":null,"LOAN_ASSETS":null,"DEPOSIT_EQUITY":null,"DEPOSIT_ASSETS":null,"EQUITY_MULTIPLIER":1.550671850489,"EQUITY_RATIO":0.54988421196},{"SECUCODE":"00206.HK","SECURITY_CODE":"00206","SECURITY_NAME_ABBR":"华商能源","ORG_CODE":"10010866","STD_REPORT_DATE":"2021-12-31 00:00:00","REPORT_DATE":"2021-12-31 00:00:00","DATE_TYPE_CODE":"001","REPORT_TYPE":"2021年年报","PER_NETCASH_OPERATE":0.027634165818,"PER_OI":0.112099414861,"BPS":0.292321038886,"BASIC_EPS":0.01848953,"DILUTED_EPS":0.01848953,"OPERATE_INCOME":363587043.9,"OPERATE_INCOME_YOY":-13.4406970037,"GROSS_PROFIT":131747464.8,"GROSS_PROFIT_YOY":73.809863071169,"HOLDER_PROFIT":58783954,"HOLDER_PROFIT_YOY":-15.5368266764,"GROSS_PROFIT_RATIO":36.235467410174,"EPS_TTM":0.018123986971,"OPERATE_INCOME_QOQ":5.336269916907,"NET_PROFIT_RATIO":16.3852210356,"ROE_AVG":6.485764029334,"GROSS_PROFIT_QOQ":158.39459294036,"ROA":4.01020383753,"HOLDER_PROFIT_QOQ":-35.607700756719,"ROE_YEARLY":6.485764029334,"ROIC_YEARLY":4.560461981724,"TOTAL_ASSETS":1465754302.9,"TOTAL_LIABILITIES":518465548.3,"TAX_EBT":40.635324015248,"OCF_SALES":24.651480877479,"TOTAL_PARENT_EQUITY":948123971.3,"DEBT_ASSET_RATIO":35.3719274284,"OPERATE_PROFIT":93110722.8,"PRETAX_PROFIT":100353518,"NETCASH_OPERATE":89629590.6,"NETCASH_INVEST":153099684.1,"NETCASH_FINANCE":-174139494.1,"END_CASH":213656082.7,"DIVI_RATIO":null,"DIVIDEND_RATE":null,"CURRENT_RATIO":1.935560075292,"COMMON_ACS":10000000000,"CURRENTDEBT_DEBT":97.343794193239,"ISSUED_COMMON_SHARES":3243433914,"HK_COMMON_SHARES":3243433914,"PER_SHARES":1000,"TOTAL_MARKET_CAP":544896897.552,"HKSK_MARKET_CAP":544896897.552,"PE_TTM":7.354705464805,"PB_TTM":0.395786842432,"REPORT_DATE_SQ":"2020-12-31 00:00:00","REPORT_TYPE_SQ":"2020年年报","OPERATE_INCOME_SQ":429873461.8,"DPS_HKD":null,"OPERATE_INCOME_QOQ_SQ":-12.912425061612,"NET_PROFIT_RATIO_SQ":16.6247083385,"HOLDER_PROFIT_SQ":71225808.4,"HOLDER_PROFIT_QOQ_SQ":97.205317424527,"ROE_AVG_SQ":8.506128682859,"PE_TTM_SQ":3.210792522592,"PB_TTM_SQ":0.55889296837,"ROA_SQ":3.724910767299,"START_DATE":"2021-01-01 00:00:00","FISCAL_YEAR":"12-31","CURRENCY":"HKD","IS_CNY_CODE":0,"DPS_HKD_LY":null,"ORG_TYPE":"一般企业","PREMIUM_INCOME":null,"PREMIUM_INCOME_YOY":null,"NET_INTEREST_INCOME":null,"NET_INTEREST_INCOME_YOY":null,"FEE_COMMISSION_INCOME":null,"FEE_COMMISSION_INCOME_YOY":null,"ACCOUNTS_RECE_TDAYS":0.932552758313,"INVENTORY_TDAYS":1.289490948421,"CURRENT_ASSETS_TDAYS":0.367308293051,"TOTAL_ASSETS_TDAYS":0.248036761652,"PREMIUM_EXPENSE":null,"LOAN_DEPOSIT":null,"LOAN_EQUITY":null,"LOAN_ASSETS":null,"DEPOSIT_EQUITY":null,"DEPOSIT_ASSETS":null,"EQUITY_MULTIPLIER":1.547315214905,"EQUITY_RATIO":0.54683307668},{"SECUCODE":"00206.HK","SECURITY_CODE":"00206","SECURITY_NAME_ABBR":"华商能源","ORG_CODE":"10010866","STD_REPORT_DATE":"2021-06-30 00:00:00","REPORT_DATE":"2021-06-30 00:00:00","DATE_TYPE_CODE":"002","REPORT_TYPE":"2021年中报","PER_NETCASH_OPERATE":0.001667092299,"PER_OI":0.045071244482,"BPS":0.28278824922,"BASIC_EPS":0.0129202,"DILUTED_EPS":0.0129202,"OPERATE_INCOME":146185602.9,"OPERATE_INCOME_YOY":-30.0856565397,"GROSS_PROFIT":51952124.2,"GROSS_PROFIT_YOY":-27.693478199616,"HOLDER_PROFIT":40375625,"HOLDER_PROFIT_YOY":117.8459393517,"GROSS_PROFIT_RATIO":35.185610058276,"EPS_TTM":0.02814620255,"OPERATE_INCOME_QOQ":-18.7951101053,"NET_PROFIT_RATIO":28.6926994907,"ROE_AVG":4.503108946417,"GROSS_PROFIT_QOQ":-30.44144271825,"ROA":2.645351482561,"HOLDER_PROFIT_QOQ":28.170321896971,"ROE_YEARLY":9.006217892833,"ROIC_YEARLY":6.130486172075,"TOTAL_ASSETS":1567200879.7,"TOTAL_LIABILITIES":651985592.5,"TAX_EBT":42.790484903934,"OCF_SALES":3.840682788051,"TOTAL_PARENT_EQUITY":917204998,"DEBT_ASSET_RATIO":41.6019159347,"OPERATE_PROFIT":69685098.7,"PRETAX_PROFIT":70608893,"NETCASH_OPERATE":5407103.7,"NETCASH_INVEST":195179001.3,"NETCASH_FINANCE":-68005472.7,"END_CASH":277364393.5,"DIVI_RATIO":null,"DIVIDEND_RATE":null,"CURRENT_RATIO":1.756864181905,"COMMON_ACS":10000000000,"CURRENTDEBT_DEBT":89.243497646767,"ISSUED_COMMON_SHARES":3243433914,"HK_COMMON_SHARES":3243433914,"PER_SHARES":1000,"TOTAL_MARKET_CAP":544896897.552,"HKSK_MARKET_CAP":544896897.552,"PE_TTM":7.354705464805,"PB_TTM":0.395786842432,"REPORT_DATE_SQ":"2020-06-30 00:00:00","REPORT_TYPE_SQ":"2020年中报","OPERATE_INCOME_SQ":220675094.5,"DPS_HKD":null,"OPERATE_INCOME_QOQ_SQ":-0.401783311215,"NET_PROFIT_RATIO_SQ":9.2874787463,"HOLDER_PROFIT_SQ":20311085.5,"HOLDER_PROFIT_QOQ_SQ":-46.631703726521,"ROE_AVG_SQ":2.382306660743,"PE_TTM_SQ":3.210792522592,"PB_TTM_SQ":0.55889296837,"ROA_SQ":0.781450026965,"START_DATE":"2021-01-01 00:00:00","FISCAL_YEAR":"12-31","CURRENCY":"HKD","IS_CNY_CODE":0,"DPS_HKD_LY":null,"ORG_TYPE":"一般企业","PREMIUM_INCOME":null,"PREMIUM_INCOME_YOY":null,"NET_INTEREST_INCOME":null,"NET_INTEREST_INCOME_YOY":null,"FEE_COMMISSION_INCOME":null,"FEE_COMMISSION_INCOME_YOY":null,"ACCOUNTS_RECE_TDAYS":0.396679872384,"INVENTORY_TDAYS":0.624654505252,"CURRENT_ASSETS_TDAYS":0.13813364603,"TOTAL_ASSETS_TDAYS":0.092240231775,"PREMIUM_EXPENSE":null,"LOAN_DEPOSIT":null,"LOAN_EQUITY":null,"LOAN_ASSETS":null,"DEPOSIT_EQUITY":null,"DEPOSIT_ASSETS":null,"EQUITY_MULTIPLIER":1.712384945509,"EQUITY_RATIO":0.710839554867},{"SECUCODE":"00206.HK","SECURITY_CODE":"00206","SECURITY_NAME_ABBR":"华商能源","ORG_CODE":"10010866","STD_REPORT_DATE":"2020-12-31 00:00:00","REPORT_DATE":"2020-12-31 00:00:00","DATE_TYPE_CODE":"001","REPORT_TYPE":"2020年年报","PER_NETCASH_OPERATE":0.007807508206,"PER_OI":0.132536525546,"BPS":0.272802101989,"BASIC_EPS":0.02348964,"DILUTED_EPS":0.02348964,"OPERATE_INCOME":429873461.8,"OPERATE_INCOME_YOY":-7.2630470062,"GROSS_PROFIT":75799763.3,"GROSS_PROFIT_YOY":-54.794973177209,"HOLDER_PROFIT":71225808.4,"HOLDER_PROFIT_YOY":12.5244820122,"GROSS_PROFIT_RATIO":17.244872896967,"EPS_TTM":0.021959999892,"OPERATE_INCOME_QOQ":-12.912425061612,"NET_PROFIT_RATIO":16.6247083385,"ROE_AVG":8.506128682859,"GROSS_PROFIT_QOQ":-57.277331167701,"ROA":3.724910767299,"HOLDER_PROFIT_QOQ":97.205317424527,"ROE_YEARLY":8.506128682859,"ROIC_YEARLY":4.122146340727,"TOTAL_ASSETS":1500270257,"TOTAL_LIABILITIES":617555685.4,"TAX_EBT":-9.604291063658,"OCF_SALES":5.957570919808,"TOTAL_PARENT_EQUITY":884815589.4,"DEBT_ASSET_RATIO":41.1629626408,"OPERATE_PROFIT":60727244.3,"PRETAX_PROFIT":64472536.9,"NETCASH_OPERATE":25323136.9,"NETCASH_INVEST":21936713.8,"NETCASH_FINANCE":-131829079.6,"END_CASH":146314357.6,"DIVI_RATIO":null,"DIVIDEND_RATE":null,"CURRENT_RATIO":1.683714756695,"COMMON_ACS":10000000000,"CURRENTDEBT_DEBT":98.706759926463,"ISSUED_COMMON_SHARES":3243433914,"HK_COMMON_SHARES":3243433914,"PER_SHARES":1000,"TOTAL_MARKET_CAP":544896897.552,"HKSK_MARKET_CAP":544896897.552,"PE_TTM":7.354705464805,"PB_TTM":0.395786842432,"REPORT_DATE_SQ":"2019-12-31 00:00:00","REPORT_TYPE_SQ":"2019年年报","OPERATE_INCOME_SQ":490050145.2,"DPS_HKD":null,"OPERATE_INCOME_QOQ_SQ":13.725102960546,"NET_PROFIT_RATIO_SQ":13.2648122313,"HOLDER_PROFIT_SQ":67676116.2,"HOLDER_PROFIT_QOQ_SQ":136.256061745456,"ROE_AVG_SQ":12.959808695536,"PE_TTM_SQ":3.210792522592,"PB_TTM_SQ":0.55889296837,"ROA_SQ":3.046031147953,"START_DATE":"2020-01-01 00:00:00","FISCAL_YEAR":"12-31","CURRENCY":"HKD","IS_CNY_CODE":0,"DPS_HKD_LY":null,"ORG_TYPE":"一般企业","PREMIUM_INCOME":null,"PREMIUM_INCOME_YOY":null,"NET_INTEREST_INCOME":null,"NET_INTEREST_INCOME_YOY":null,"FEE_COMMISSION_INCOME":null,"FEE_COMMISSION_INCOME_YOY":null,"ACCOUNTS_RECE_TDAYS":1.076142795305,"INVENTORY_TDAYS":0.626729289219,"CURRENT_ASSETS_TDAYS":0.31327740468,"TOTAL_ASSETS_TDAYS":0.222293502221,"PREMIUM_EXPENSE":null,"LOAN_DEPOSIT":null,"LOAN_EQUITY":null,"LOAN_ASSETS":null,"DEPOSIT_EQUITY":null,"DEPOSIT_ASSETS":null,"EQUITY_MULTIPLIER":1.699609709943,"EQUITY_RATIO":0.697948468357},{"SECUCODE":"00206.HK","SECURITY_CODE":"00206","SECURITY_NAME_ABBR":"华商能源","ORG_CODE":"10010866","STD_REPORT_DATE":"2020-06-30 00:00:00","REPORT_DATE":"2020-06-30 00:00:00","DATE_TYPE_CODE":"002","REPORT_TYPE":"2020年中报","PER_NETCASH_OPERATE":-0.008458845101,"PER_OI":0.071903643482,"BPS":0.261496105976,"BASIC_EPS":0.0070795,"DILUTED_EPS":0.0070795,"OPERATE_INCOME":220675094.5,"OPERATE_INCOME_YOY":-3.7516210708,"GROSS_PROFIT":71849845.5,"GROSS_PROFIT_YOY":5.729313877302,"HOLDER_PROFIT":20311085.5,"HOLDER_PROFIT_YOY":-61.9748177601,"GROSS_PROFIT_RATIO":32.559109428636,"EPS_TTM":0.011768370758,"OPERATE_INCOME_QOQ":-0.401783311215,"NET_PROFIT_RATIO":9.2874787463,"ROE_AVG":2.382306660743,"GROSS_PROFIT_QOQ":2.321944965926,"ROA":0.781450026965,"HOLDER_PROFIT_QOQ":-46.631703726521,"ROE_YEARLY":4.764613321487,"ROIC_YEARLY":1.71197983098,"TOTAL_ASSETS":2676744791,"TOTAL_LIABILITIES":1832960424.5,"TAX_EBT":9.105180533752,"OCF_SALES":-11.764139745276,"TOTAL_PARENT_EQUITY":848145338.5,"DEBT_ASSET_RATIO":68.4772201916,"OPERATE_PROFIT":25861413.5,"PRETAX_PROFIT":22548207.5,"NETCASH_OPERATE":-25960526.5,"NETCASH_INVEST":32006419.5,"NETCASH_FINANCE":-37910722.5,"END_CASH":213645151,"DIVI_RATIO":null,"DIVIDEND_RATE":null,"CURRENT_RATIO":1.129280676453,"COMMON_ACS":10000000000,"CURRENTDEBT_DEBT":97.749805917864,"ISSUED_COMMON_SHARES":3243433914,"HK_COMMON_SHARES":3243433914,"PER_SHARES":1000,"TOTAL_MARKET_CAP":544896897.552,"HKSK_MARKET_CAP":544896897.552,"PE_TTM":7.354705464805,"PB_TTM":0.395786842432,"REPORT_DATE_SQ":"2019-06-30 00:00:00","REPORT_TYPE_SQ":"2019年中报","OPERATE_INCOME_SQ":222644034.2,"DPS_HKD":null,"OPERATE_INCOME_QOQ_SQ":6.70683672847,"NET_PROFIT_RATIO_SQ":23.2168220836,"HOLDER_PROFIT_SQ":51869611.5,"HOLDER_PROFIT_QOQ_SQ":34.238968622956,"ROE_AVG_SQ":10.169148864479,"PE_TTM_SQ":3.210792522592,"PB_TTM_SQ":0.55889296837,"ROA_SQ":2.324556809149,"START_DATE":"2020-01-01 00:00:00","FISCAL_YEAR":"12-31","CURRENCY":"HKD","IS_CNY_CODE":0,"DPS_HKD_LY":null,"ORG_TYPE":"一般企业","PREMIUM_INCOME":null,"PREMIUM_INCOME_YOY":null,"NET_INTEREST_INCOME":null,"NET_INTEREST_INCOME_YOY":null,"FEE_COMMISSION_INCOME":null,"FEE_COMMISSION_INCOME_YOY":null,"ACCOUNTS_RECE_TDAYS":0.439226130087,"INVENTORY_TDAYS":0.14018732099,"CURRENT_ASSETS_TDAYS":0.114516114219,"TOTAL_ASSETS_TDAYS":0.084902679646,"PREMIUM_EXPENSE":null,"LOAN_DEPOSIT":null,"LOAN_EQUITY":null,"LOAN_ASSETS":null,"DEPOSIT_EQUITY":null,"DEPOSIT_ASSETS":null,"EQUITY_MULTIPLIER":3.172309060553,"EQUITY_RATIO":2.161139537407}],"count":48},"success":true,"message":"ok","code":0}