{"version":"ab1fa84baca69200c483de433995d736","result":{"pages":6,"data":[{"SECUCODE":"00205.HK","SECURITY_CODE":"00205","SECURITY_NAME_ABBR":"财讯传媒","ORG_CODE":"10007471","STD_REPORT_DATE":"2024-06-30 00:00:00","REPORT_DATE":"2024-06-30 00:00:00","DATE_TYPE_CODE":"002","REPORT_TYPE":"2024年中报","PER_NETCASH_OPERATE":0.008523720665,"PER_OI":0.019007587129,"BPS":0.207489057727,"BASIC_EPS":-0.0273804,"DILUTED_EPS":-0.0273804,"OPERATE_INCOME":13992297.08,"OPERATE_INCOME_YOY":-29.7645226315,"GROSS_PROFIT":9522903.12,"GROSS_PROFIT_YOY":598.833043352218,"HOLDER_PROFIT":-22969417.56,"HOLDER_PROFIT_YOY":-424.3125,"GROSS_PROFIT_RATIO":68.058182766943,"EPS_TTM":-0.0538479935,"OPERATE_INCOME_QOQ":-17.632876829096,"NET_PROFIT_RATIO":-167.6407279369,"ROE_AVG":-13.435799971171,"GROSS_PROFIT_QOQ":80.176966539077,"ROA":-7.129986911217,"HOLDER_PROFIT_QOQ":-87.902946170185,"ROE_YEARLY":-26.871599942343,"ROIC_YEARLY":-14.584893823862,"TOTAL_ASSETS":298448185.36,"TOTAL_LIABILITIES":169470985.8,"TAX_EBT":null,"OCF_SALES":44.843780575305,"TOTAL_PARENT_EQUITY":152741561.4,"DEBT_ASSET_RATIO":56.7840563666,"OPERATE_PROFIT":-15599526.56,"PRETAX_PROFIT":-23456788.68,"NETCASH_OPERATE":6274675,"NETCASH_INVEST":null,"NETCASH_FINANCE":-3226323.8,"END_CASH":21304689.24,"DIVI_RATIO":null,"DIVIDEND_RATE":null,"CURRENT_RATIO":1.87817611621,"COMMON_ACS":100000000000,"CURRENTDEBT_DEBT":89.125669817164,"ISSUED_COMMON_SHARES":736142730,"HK_COMMON_SHARES":736142730,"PER_SHARES":10000,"TOTAL_MARKET_CAP":104532267.66,"HKSK_MARKET_CAP":104532267.66,"PE_TTM":-2.395002237548,"PB_TTM":0.624613950345,"REPORT_DATE_SQ":"2023-06-30 00:00:00","REPORT_TYPE_SQ":"2023年中报","OPERATE_INCOME_SQ":20124979.44,"DPS_HKD":null,"OPERATE_INCOME_QOQ_SQ":-10.964607399214,"NET_PROFIT_RATIO_SQ":-41.0390324354,"HOLDER_PROFIT_SQ":-4425504,"HOLDER_PROFIT_QOQ_SQ":31.438860537341,"ROE_AVG_SQ":-2.243609219364,"PE_TTM_SQ":-3.318429465419,"PB_TTM_SQ":0.867762743555,"ROA_SQ":-1.155813259104,"START_DATE":"2024-01-01 00:00:00","FISCAL_YEAR":"12-31","CURRENCY":"HKD","IS_CNY_CODE":0,"DPS_HKD_LY":null,"ORG_TYPE":"一般企业","PREMIUM_INCOME":null,"PREMIUM_INCOME_YOY":null,"NET_INTEREST_INCOME":null,"NET_INTEREST_INCOME_YOY":null,"FEE_COMMISSION_INCOME":null,"FEE_COMMISSION_INCOME_YOY":null,"ACCOUNTS_RECE_TDAYS":0.240390118462,"INVENTORY_TDAYS":null,"CURRENT_ASSETS_TDAYS":0.04606656831,"TOTAL_ASSETS_TDAYS":0.04343379399,"PREMIUM_EXPENSE":null,"LOAN_DEPOSIT":null,"LOAN_EQUITY":null,"LOAN_ASSETS":null,"DEPOSIT_EQUITY":null,"DEPOSIT_ASSETS":null,"EQUITY_MULTIPLIER":2.313960811507,"EQUITY_RATIO":1.109527650802},{"SECUCODE":"00205.HK","SECURITY_CODE":"00205","SECURITY_NAME_ABBR":"财讯传媒","ORG_CODE":"10007471","STD_REPORT_DATE":"2023-12-31 00:00:00","REPORT_DATE":"2023-12-31 00:00:00","DATE_TYPE_CODE":"001","REPORT_TYPE":"2023年年报","PER_NETCASH_OPERATE":-0.040877862531,"PER_OI":0.047246024395,"BPS":0.255158569073,"BASIC_EPS":-0.02899904,"DILUTED_EPS":-0.02899904,"OPERATE_INCOME":34779817.38,"OPERATE_INCOME_YOY":-47.5431570603,"GROSS_PROFIT":10177756.82,"GROSS_PROFIT_YOY":-72.37393221533,"HOLDER_PROFIT":-21095895.38,"HOLDER_PROFIT_YOY":71.7737926352,"GROSS_PROFIT_RATIO":29.263399254801,"EPS_TTM":-0.028657343909,"OPERATE_INCOME_QOQ":-40.229021529353,"NET_PROFIT_RATIO":-97.4413090492,"ROE_AVG":-10.960781036281,"GROSS_PROFIT_QOQ":-53.341400072767,"ROA":-5.775423623688,"HOLDER_PROFIT_QOQ":58.23375853276,"ROE_YEARLY":-10.960781036281,"ROIC_YEARLY":-6.557317018208,"TOTAL_ASSETS":343408444.12,"TOTAL_LIABILITIES":178979356.22,"TAX_EBT":7.581860867416,"OCF_SALES":-86.521274655411,"TOTAL_PARENT_EQUITY":187833125.62,"DEBT_ASSET_RATIO":52.1185076502,"OPERATE_PROFIT":-30214281.02,"PRETAX_PROFIT":-36670192.3,"NETCASH_OPERATE":-30091941.32,"NETCASH_INVEST":null,"NETCASH_FINANCE":-8667994.3,"END_CASH":37179487.94,"DIVI_RATIO":null,"DIVIDEND_RATE":null,"CURRENT_RATIO":2.003484300881,"COMMON_ACS":100000000000,"CURRENTDEBT_DEBT":89.66030551744,"ISSUED_COMMON_SHARES":736142730,"HK_COMMON_SHARES":736142730,"PER_SHARES":10000,"TOTAL_MARKET_CAP":159742972.41,"HKSK_MARKET_CAP":159742972.41,"PE_TTM":-3.659968208083,"PB_TTM":0.954515684682,"REPORT_DATE_SQ":"2022-12-31 00:00:00","REPORT_TYPE_SQ":"2022年年报","OPERATE_INCOME_SQ":65354313.01,"DPS_HKD":null,"OPERATE_INCOME_QOQ_SQ":23.653482406788,"NET_PROFIT_RATIO_SQ":-122.0056585979,"HOLDER_PROFIT_SQ":-73670656.71,"HOLDER_PROFIT_QOQ_SQ":-72.060430583193,"ROE_AVG_SQ":-34.391693250766,"PE_TTM_SQ":-3.077575713896,"PB_TTM_SQ":0.804779963781,"ROA_SQ":-17.706294877341,"START_DATE":"2023-01-01 00:00:00","FISCAL_YEAR":"12-31","CURRENCY":"HKD","IS_CNY_CODE":0,"DPS_HKD_LY":null,"ORG_TYPE":"一般企业","PREMIUM_INCOME":null,"PREMIUM_INCOME_YOY":null,"NET_INTEREST_INCOME":null,"NET_INTEREST_INCOME_YOY":null,"FEE_COMMISSION_INCOME":null,"FEE_COMMISSION_INCOME_YOY":null,"ACCOUNTS_RECE_TDAYS":0.608046769172,"INVENTORY_TDAYS":null,"CURRENT_ASSETS_TDAYS":0.10245601858,"TOTAL_ASSETS_TDAYS":0.095216711737,"PREMIUM_EXPENSE":null,"LOAN_DEPOSIT":null,"LOAN_EQUITY":null,"LOAN_ASSETS":null,"DEPOSIT_EQUITY":null,"DEPOSIT_ASSETS":null,"EQUITY_MULTIPLIER":2.088489624957,"EQUITY_RATIO":0.952863642285},{"SECUCODE":"00205.HK","SECURITY_CODE":"00205","SECURITY_NAME_ABBR":"财讯传媒","ORG_CODE":"10007471","STD_REPORT_DATE":"2023-06-30 00:00:00","REPORT_DATE":"2023-06-30 00:00:00","DATE_TYPE_CODE":"002","REPORT_TYPE":"2023年中报","PER_NETCASH_OPERATE":-0.018658960389,"PER_OI":0.027338420417,"BPS":0.263494880021,"BASIC_EPS":-0.0092198,"DILUTED_EPS":-0.0092198,"OPERATE_INCOME":20124979.44,"OPERATE_INCOME_YOY":-31.5993983454,"GROSS_PROFIT":1362686.44,"GROSS_PROFIT_YOY":-91.686156662234,"HOLDER_PROFIT":-4425504,"HOLDER_PROFIT_YOY":85.1199702399,"GROSS_PROFIT_RATIO":6.771119662818,"EPS_TTM":-0.068613652803,"OPERATE_INCOME_QOQ":-10.964607399214,"NET_PROFIT_RATIO":-41.0390324354,"ROE_AVG":-2.243609219364,"GROSS_PROFIT_QOQ":-40.791048536059,"ROA":-1.155813259104,"HOLDER_PROFIT_QOQ":31.438860537341,"ROE_YEARLY":-4.487218438728,"ROIC_YEARLY":-2.542564785743,"TOTAL_ASSETS":371917512.2,"TOTAL_LIABILITIES":192354531.36,"TAX_EBT":-0.190135331618,"OCF_SALES":-68.251786695987,"TOTAL_PARENT_EQUITY":193969840.32,"DEBT_ASSET_RATIO":51.719675748,"OPERATE_PROFIT":-3527495.48,"PRETAX_PROFIT":-8243423.18,"NETCASH_OPERATE":-13735658.04,"NETCASH_INVEST":null,"NETCASH_FINANCE":-5262661.84,"END_CASH":48697139.64,"DIVI_RATIO":null,"DIVIDEND_RATE":null,"CURRENT_RATIO":1.950595082918,"COMMON_ACS":100000000000,"CURRENTDEBT_DEBT":90.090206679704,"ISSUED_COMMON_SHARES":736142730,"HK_COMMON_SHARES":736142730,"PER_SHARES":10000,"TOTAL_MARKET_CAP":132505691.4,"HKSK_MARKET_CAP":132505691.4,"PE_TTM":-3.035918329286,"PB_TTM":0.791764162409,"REPORT_DATE_SQ":"2022-06-30 00:00:00","REPORT_TYPE_SQ":"2022年中报","OPERATE_INCOME_SQ":27290823.28,"DPS_HKD":null,"OPERATE_INCOME_QOQ_SQ":-5.422354005586,"NET_PROFIT_RATIO_SQ":-93.1436450238,"HOLDER_PROFIT_SQ":-27586719.02,"HOLDER_PROFIT_QOQ_SQ":-30.478382733052,"ROE_AVG_SQ":-12.998164590498,"PE_TTM_SQ":-4.817075030446,"PB_TTM_SQ":1.259655595483,"ROA_SQ":-6.484828260004,"START_DATE":"2023-01-01 00:00:00","FISCAL_YEAR":"12-31","CURRENCY":"HKD","IS_CNY_CODE":0,"DPS_HKD_LY":null,"ORG_TYPE":"一般企业","PREMIUM_INCOME":null,"PREMIUM_INCOME_YOY":null,"NET_INTEREST_INCOME":null,"NET_INTEREST_INCOME_YOY":null,"FEE_COMMISSION_INCOME":null,"FEE_COMMISSION_INCOME_YOY":null,"ACCOUNTS_RECE_TDAYS":0.362811339101,"INVENTORY_TDAYS":null,"CURRENT_ASSETS_TDAYS":0.05736428608,"TOTAL_ASSETS_TDAYS":0.052560607958,"PREMIUM_EXPENSE":null,"LOAN_DEPOSIT":null,"LOAN_EQUITY":null,"LOAN_ASSETS":null,"DEPOSIT_EQUITY":null,"DEPOSIT_ASSETS":null,"EQUITY_MULTIPLIER":2.071237125046,"EQUITY_RATIO":0.991672370522},{"SECUCODE":"00205.HK","SECURITY_CODE":"00205","SECURITY_NAME_ABBR":"财讯传媒","ORG_CODE":"10007471","STD_REPORT_DATE":"2022-12-31 00:00:00","REPORT_DATE":"2022-12-31 00:00:00","DATE_TYPE_CODE":"001","REPORT_TYPE":"2022年年报","PER_NETCASH_OPERATE":-0.00948187287,"PER_OI":0.088779404247,"BPS":0.26392224027,"BASIC_EPS":-0.1161251,"DILUTED_EPS":-0.1161251,"OPERATE_INCOME":65354313.01,"OPERATE_INCOME_YOY":7.041697147,"GROSS_PROFIT":36841134.61,"GROSS_PROFIT_YOY":8.164132953888,"HOLDER_PROFIT":-73670656.71,"HOLDER_PROFIT_YOY":-105.4838548934,"GROSS_PROFIT_RATIO":56.371389910201,"EPS_TTM":-0.100076593448,"OPERATE_INCOME_QOQ":23.653482406788,"NET_PROFIT_RATIO":-122.0056585979,"ROE_AVG":-34.391693250766,"GROSS_PROFIT_QOQ":18.32366585849,"ROA":-17.706294877341,"HOLDER_PROFIT_QOQ":-72.060430583193,"ROE_YEARLY":-34.391693250766,"ROIC_YEARLY":-20.461768624445,"TOTAL_ASSETS":381599584.38,"TOTAL_LIABILITIES":197945952.19,"TAX_EBT":-2.255596031801,"OCF_SALES":-10.680261881005,"TOTAL_PARENT_EQUITY":194284438.46,"DEBT_ASSET_RATIO":51.8726854778,"OPERATE_PROFIT":-74061908.97,"PRETAX_PROFIT":-77977111.38,"NETCASH_OPERATE":-6980011.78,"NETCASH_INVEST":-3410504.86,"NETCASH_FINANCE":65104197.41,"END_CASH":74136050.38,"DIVI_RATIO":null,"DIVIDEND_RATE":null,"CURRENT_RATIO":1.982691795318,"COMMON_ACS":100000000000,"CURRENTDEBT_DEBT":89.76791202047,"ISSUED_COMMON_SHARES":736142730,"HK_COMMON_SHARES":736142730,"PER_SHARES":10000,"TOTAL_MARKET_CAP":159742972.41,"HKSK_MARKET_CAP":159742972.41,"PE_TTM":-3.659968208083,"PB_TTM":0.954515684682,"REPORT_DATE_SQ":"2021-12-31 00:00:00","REPORT_TYPE_SQ":"2021年年报","OPERATE_INCOME_SQ":55882960,"DPS_HKD":null,"OPERATE_INCOME_QOQ_SQ":-12.196693770493,"NET_PROFIT_RATIO_SQ":-65.2392099488,"HOLDER_PROFIT_SQ":-32815193.6,"HOLDER_PROFIT_QOQ_SQ":67.771020886757,"ROE_AVG_SQ":-14.965174722964,"PE_TTM_SQ":-3.077575713896,"PB_TTM_SQ":0.804779963781,"ROA_SQ":-7.970102187926,"START_DATE":"2022-01-01 00:00:00","FISCAL_YEAR":"12-31","CURRENCY":"HKD","IS_CNY_CODE":0,"DPS_HKD_LY":null,"ORG_TYPE":"一般企业","PREMIUM_INCOME":null,"PREMIUM_INCOME_YOY":null,"NET_INTEREST_INCOME":null,"NET_INTEREST_INCOME_YOY":null,"FEE_COMMISSION_INCOME":null,"FEE_COMMISSION_INCOME_YOY":null,"ACCOUNTS_RECE_TDAYS":0.769849161629,"INVENTORY_TDAYS":null,"CURRENT_ASSETS_TDAYS":0.168402953606,"TOTAL_ASSETS_TDAYS":0.157075121811,"PREMIUM_EXPENSE":null,"LOAN_DEPOSIT":null,"LOAN_EQUITY":null,"LOAN_ASSETS":null,"DEPOSIT_EQUITY":null,"DEPOSIT_ASSETS":null,"EQUITY_MULTIPLIER":2.077822147211,"EQUITY_RATIO":1.018846150309},{"SECUCODE":"00205.HK","SECURITY_CODE":"00205","SECURITY_NAME_ABBR":"财讯传媒","ORG_CODE":"10007471","STD_REPORT_DATE":"2022-06-30 00:00:00","REPORT_DATE":"2022-06-30 00:00:00","DATE_TYPE_CODE":"002","REPORT_TYPE":"2022年中报","PER_NETCASH_OPERATE":-0.019684245207,"PER_OI":0.044293021651,"BPS":0.272114932997,"BASIC_EPS":-0.0427595,"DILUTED_EPS":-0.0427595,"OPERATE_INCOME":27290823.28,"OPERATE_INCOME_YOY":-12.4259055982,"GROSS_PROFIT":16390571.54,"GROSS_PROFIT_YOY":-15.141032570488,"HOLDER_PROFIT":-27586719.02,"HOLDER_PROFIT_YOY":-52.6355635469,"GROSS_PROFIT_RATIO":60.058912008022,"EPS_TTM":-0.069491583387,"OPERATE_INCOME_QOQ":-5.422354005586,"NET_PROFIT_RATIO":-93.1436450238,"ROE_AVG":-12.998164590498,"GROSS_PROFIT_QOQ":-8.586222232797,"ROA":-6.484828260004,"HOLDER_PROFIT_QOQ":-30.478382733052,"ROE_YEARLY":-25.996329180996,"ROIC_YEARLY":-13.916067022139,"TOTAL_ASSETS":419473260.57,"TOTAL_LIABILITIES":221539535.07,"TAX_EBT":null,"OCF_SALES":-44.44096264728,"TOTAL_PARENT_EQUITY":200315429.65,"DEBT_ASSET_RATIO":52.8137442584,"OPERATE_PROFIT":-10880582.37,"PRETAX_PROFIT":-25419667.56,"NETCASH_OPERATE":-12128304.58,"NETCASH_INVEST":null,"NETCASH_FINANCE":14929051.83,"END_CASH":22896001.87,"DIVI_RATIO":null,"DIVIDEND_RATE":null,"CURRENT_RATIO":2.001053969171,"COMMON_ACS":100000000000,"CURRENTDEBT_DEBT":90.831219866205,"ISSUED_COMMON_SHARES":736142730,"HK_COMMON_SHARES":736142730,"PER_SHARES":10000,"TOTAL_MARKET_CAP":132505691.4,"HKSK_MARKET_CAP":132505691.4,"PE_TTM":-3.035918329286,"PB_TTM":0.791764162409,"REPORT_DATE_SQ":"2021-06-30 00:00:00","REPORT_TYPE_SQ":"2021年中报","OPERATE_INCOME_SQ":30320995.2,"DPS_HKD":null,"OPERATE_INCOME_QOQ_SQ":-5.670717151958,"NET_PROFIT_RATIO_SQ":-58.0927552141,"HOLDER_PROFIT_SQ":-17585178.72,"HOLDER_PROFIT_QOQ_SQ":12.228171261494,"ROE_AVG_SQ":-7.544085100307,"PE_TTM_SQ":-4.817075030446,"PB_TTM_SQ":1.259655595483,"ROA_SQ":-4.040110532408,"START_DATE":"2022-01-01 00:00:00","FISCAL_YEAR":"12-31","CURRENCY":"HKD","IS_CNY_CODE":0,"DPS_HKD_LY":null,"ORG_TYPE":"一般企业","PREMIUM_INCOME":null,"PREMIUM_INCOME_YOY":null,"NET_INTEREST_INCOME":null,"NET_INTEREST_INCOME_YOY":null,"FEE_COMMISSION_INCOME":null,"FEE_COMMISSION_INCOME_YOY":null,"ACCOUNTS_RECE_TDAYS":0.254030925989,"INVENTORY_TDAYS":null,"CURRENT_ASSETS_TDAYS":0.067513547878,"TOTAL_ASSETS_TDAYS":0.06415271853,"PREMIUM_EXPENSE":null,"LOAN_DEPOSIT":null,"LOAN_EQUITY":null,"LOAN_ASSETS":null,"DEPOSIT_EQUITY":null,"DEPOSIT_ASSETS":null,"EQUITY_MULTIPLIER":2.119261179518,"EQUITY_RATIO":1.105953422845},{"SECUCODE":"00205.HK","SECURITY_CODE":"00205","SECURITY_NAME_ABBR":"财讯传媒","ORG_CODE":"10007471","STD_REPORT_DATE":"2021-12-31 00:00:00","REPORT_DATE":"2021-12-31 00:00:00","DATE_TYPE_CODE":"001","REPORT_TYPE":"2021年年报","PER_NETCASH_OPERATE":-0.026533997407,"PER_OI":0.090698075753,"BPS":0.291115788374,"BASIC_EPS":-0.065408,"DILUTED_EPS":-0.065408,"OPERATE_INCOME":55882960,"OPERATE_INCOME_YOY":-14.7404792496,"GROSS_PROFIT":34060398.4,"GROSS_PROFIT_YOY":-27.956345098262,"HOLDER_PROFIT":-32815193.6,"HOLDER_PROFIT_YOY":70.8802809237,"GROSS_PROFIT_RATIO":60.949524506218,"EPS_TTM":-0.053259077811,"OPERATE_INCOME_QOQ":-12.196693770493,"NET_PROFIT_RATIO":-65.2392099488,"ROE_AVG":-14.965174722964,"GROSS_PROFIT_QOQ":-18.89670304591,"ROA":-7.970102187926,"HOLDER_PROFIT_QOQ":67.771020886757,"ROE_YEARLY":-14.965174722964,"ROIC_YEARLY":-9.082731472629,"TOTAL_ASSETS":402444795.2,"TOTAL_LIABILITIES":192558699.2,"TAX_EBT":-2.420929324483,"OCF_SALES":-29.255303584492,"TOTAL_PARENT_EQUITY":214302771.2,"DEBT_ASSET_RATIO":49.1031439034,"OPERATE_PROFIT":-24241022.4,"PRETAX_PROFIT":-35595851.2,"NETCASH_OPERATE":-16348729.6,"NETCASH_INVEST":-10903513.6,"NETCASH_FINANCE":1543628.8,"END_CASH":20522577.6,"DIVI_RATIO":null,"DIVIDEND_RATE":null,"CURRENT_RATIO":1.969096251048,"COMMON_ACS":100000000000,"CURRENTDEBT_DEBT":97.159865317578,"ISSUED_COMMON_SHARES":736142730,"HK_COMMON_SHARES":736142730,"PER_SHARES":10000,"TOTAL_MARKET_CAP":159742972.41,"HKSK_MARKET_CAP":159742972.41,"PE_TTM":-3.659968208083,"PB_TTM":0.954515684682,"REPORT_DATE_SQ":"2020-12-31 00:00:00","REPORT_TYPE_SQ":"2020年年报","OPERATE_INCOME_SQ":67471753.88,"DPS_HKD":null,"OPERATE_INCOME_QOQ_SQ":-16.264958094527,"NET_PROFIT_RATIO_SQ":-178.8678633353,"HOLDER_PROFIT_SQ":-116004082.84,"HOLDER_PROFIT_QOQ_SQ":-60.477391872669,"ROE_AVG_SQ":-41.064272881927,"PE_TTM_SQ":-3.077575713896,"PB_TTM_SQ":0.804779963781,"ROA_SQ":-24.052932471485,"START_DATE":"2021-01-01 00:00:00","FISCAL_YEAR":"12-31","CURRENCY":"HKD","IS_CNY_CODE":0,"DPS_HKD_LY":null,"ORG_TYPE":"一般企业","PREMIUM_INCOME":null,"PREMIUM_INCOME_YOY":null,"NET_INTEREST_INCOME":null,"NET_INTEREST_INCOME_YOY":null,"FEE_COMMISSION_INCOME":null,"FEE_COMMISSION_INCOME_YOY":null,"ACCOUNTS_RECE_TDAYS":0.522006766613,"INVENTORY_TDAYS":null,"CURRENT_ASSETS_TDAYS":0.14289074137,"TOTAL_ASSETS_TDAYS":0.135727647136,"PREMIUM_EXPENSE":null,"LOAN_DEPOSIT":null,"LOAN_EQUITY":null,"LOAN_ASSETS":null,"DEPOSIT_EQUITY":null,"DEPOSIT_ASSETS":null,"EQUITY_MULTIPLIER":1.964757898016,"EQUITY_RATIO":0.898535740447},{"SECUCODE":"00205.HK","SECURITY_CODE":"00205","SECURITY_NAME_ABBR":"财讯传媒","ORG_CODE":"10007471","STD_REPORT_DATE":"2021-06-30 00:00:00","REPORT_DATE":"2021-06-30 00:00:00","DATE_TYPE_CODE":"002","REPORT_TYPE":"2021年中报","PER_NETCASH_OPERATE":0.037533510198,"PER_OI":0.049210992395,"BPS":0.323272743589,"BASIC_EPS":-0.041604,"DILUTED_EPS":-0.041604,"OPERATE_INCOME":30320995.2,"OPERATE_INCOME_YOY":-2.5225369821,"GROSS_PROFIT":19315073.04,"GROSS_PROFIT_YOY":-21.471308903321,"HOLDER_PROFIT":-17585178.72,"HOLDER_PROFIT_YOY":39.2369397085,"GROSS_PROFIT_RATIO":63.701975850714,"EPS_TTM":-0.165252140393,"OPERATE_INCOME_QOQ":-5.670717151958,"NET_PROFIT_RATIO":-58.0927552141,"ROE_AVG":-7.544085100307,"GROSS_PROFIT_QOQ":-11.170497862104,"ROA":-4.040110532408,"HOLDER_PROFIT_QOQ":12.228171261494,"ROE_YEARLY":-15.088170200614,"ROIC_YEARLY":-9.596614348605,"TOTAL_ASSETS":452167249.44,"TOTAL_LIABILITIES":214959547.2,"TAX_EBT":-6.763163203551,"OCF_SALES":76.270581778266,"TOTAL_PARENT_EQUITY":237974880,"DEBT_ASSET_RATIO":47.5398312165,"OPERATE_PROFIT":-6276379.44,"PRETAX_PROFIT":-16498482.24,"NETCASH_OPERATE":23125999.44,"NETCASH_INVEST":-36013254.48,"NETCASH_FINANCE":22600956.96,"END_CASH":55701099.36,"DIVI_RATIO":null,"DIVIDEND_RATE":null,"CURRENT_RATIO":2.051814612885,"COMMON_ACS":100000000000,"CURRENTDEBT_DEBT":98.402879925679,"ISSUED_COMMON_SHARES":736142730,"HK_COMMON_SHARES":736142730,"PER_SHARES":10000,"TOTAL_MARKET_CAP":159742972.41,"HKSK_MARKET_CAP":159742972.41,"PE_TTM":-3.659968208083,"PB_TTM":0.954515684682,"REPORT_DATE_SQ":"2020-06-30 00:00:00","REPORT_TYPE_SQ":"2020年中报","OPERATE_INCOME_SQ":34147127.52,"DPS_HKD":null,"OPERATE_INCOME_QOQ_SQ":3.129372614372,"NET_PROFIT_RATIO_SQ":-90.2736537999,"HOLDER_PROFIT_SQ":-31770356.64,"HOLDER_PROFIT_QOQ_SQ":15.317728570803,"ROE_AVG_SQ":-9.194864453671,"PE_TTM_SQ":-3.077575713896,"PB_TTM_SQ":0.804779963781,"ROA_SQ":-5.657742449986,"START_DATE":"2021-01-01 00:00:00","FISCAL_YEAR":"12-31","CURRENCY":"HKD","IS_CNY_CODE":0,"DPS_HKD_LY":null,"ORG_TYPE":"一般企业","PREMIUM_INCOME":null,"PREMIUM_INCOME_YOY":null,"NET_INTEREST_INCOME":null,"NET_INTEREST_INCOME_YOY":null,"FEE_COMMISSION_INCOME":null,"FEE_COMMISSION_INCOME_YOY":null,"ACCOUNTS_RECE_TDAYS":0.263803725395,"INVENTORY_TDAYS":null,"CURRENT_ASSETS_TDAYS":0.072605985013,"TOTAL_ASSETS_TDAYS":0.069661033312,"PREMIUM_EXPENSE":null,"LOAN_DEPOSIT":null,"LOAN_EQUITY":null,"LOAN_ASSETS":null,"DEPOSIT_EQUITY":null,"DEPOSIT_ASSETS":null,"EQUITY_MULTIPLIER":1.906208125496,"EQUITY_RATIO":0.903286713287},{"SECUCODE":"00205.HK","SECURITY_CODE":"00205","SECURITY_NAME_ABBR":"财讯传媒","ORG_CODE":"10007471","STD_REPORT_DATE":"2020-12-31 00:00:00","REPORT_DATE":"2020-12-31 00:00:00","DATE_TYPE_CODE":"001","REPORT_TYPE":"2020年年报","PER_NETCASH_OPERATE":-0.048851166443,"PER_OI":0.176439514337,"BPS":0.313587310982,"BASIC_EPS":-0.336656,"DILUTED_EPS":-0.336656,"OPERATE_INCOME":67471753.88,"OPERATE_INCOME_YOY":-8.089609392,"GROSS_PROFIT":47277443.72,"GROSS_PROFIT_YOY":3.918175605726,"HOLDER_PROFIT":-116004082.84,"HOLDER_PROFIT_YOY":-44.6376477008,"GROSS_PROFIT_RATIO":70.069978919007,"EPS_TTM":-0.303352186069,"OPERATE_INCOME_QOQ":-16.264958094527,"NET_PROFIT_RATIO":-178.8678633353,"ROE_AVG":-41.064272881927,"GROSS_PROFIT_QOQ":-2.700376064899,"ROA":-24.052932471485,"HOLDER_PROFIT_QOQ":-60.477391872669,"ROE_YEARLY":-41.064272881927,"ROIC_YEARLY":-28.264039126022,"TOTAL_ASSETS":423169017.24,"TOTAL_LIABILITIES":193071374.36,"TAX_EBT":1.719647434579,"OCF_SALES":-27.687202963813,"TOTAL_PARENT_EQUITY":230845019.2,"DEBT_ASSET_RATIO":45.6251205769,"OPERATE_PROFIT":-81202268.84,"PRETAX_PROFIT":-122796959.28,"NETCASH_OPERATE":-18681041.44,"NETCASH_INVEST":2916282.6,"NETCASH_FINANCE":1381131.24,"END_CASH":48234388.4,"DIVI_RATIO":null,"DIVIDEND_RATE":null,"CURRENT_RATIO":2.197813918719,"COMMON_ACS":100000000000,"CURRENTDEBT_DEBT":95.635987951125,"ISSUED_COMMON_SHARES":736142730,"HK_COMMON_SHARES":736142730,"PER_SHARES":10000,"TOTAL_MARKET_CAP":159742972.41,"HKSK_MARKET_CAP":159742972.41,"PE_TTM":-3.659968208083,"PB_TTM":0.954515684682,"REPORT_DATE_SQ":"2019-12-31 00:00:00","REPORT_TYPE_SQ":"2019年年报","OPERATE_INCOME_SQ":78132618.94,"DPS_HKD":null,"OPERATE_INCOME_QOQ_SQ":-34.884867412683,"NET_PROFIT_RATIO_SQ":-113.9401304702,"HOLDER_PROFIT_SQ":-85362459.32,"HOLDER_PROFIT_QOQ_SQ":-17.177099207981,"ROE_AVG_SQ":-21.256795130036,"PE_TTM_SQ":-3.077575713896,"PB_TTM_SQ":0.804779963781,"ROA_SQ":-13.587805851822,"START_DATE":"2020-01-01 00:00:00","FISCAL_YEAR":"12-31","CURRENCY":"HKD","IS_CNY_CODE":0,"DPS_HKD_LY":null,"ORG_TYPE":"一般企业","PREMIUM_INCOME":null,"PREMIUM_INCOME_YOY":null,"NET_INTEREST_INCOME":null,"NET_INTEREST_INCOME_YOY":null,"FEE_COMMISSION_INCOME":null,"FEE_COMMISSION_INCOME_YOY":null,"ACCOUNTS_RECE_TDAYS":0.563508688073,"INVENTORY_TDAYS":null,"CURRENT_ASSETS_TDAYS":0.158827678299,"TOTAL_ASSETS_TDAYS":0.139899691466,"PREMIUM_EXPENSE":null,"LOAN_DEPOSIT":null,"LOAN_EQUITY":null,"LOAN_ASSETS":null,"DEPOSIT_EQUITY":null,"DEPOSIT_ASSETS":null,"EQUITY_MULTIPLIER":1.839084537951,"EQUITY_RATIO":0.836367945166},{"SECUCODE":"00205.HK","SECURITY_CODE":"00205","SECURITY_NAME_ABBR":"财讯传媒","ORG_CODE":"10007471","STD_REPORT_DATE":"2020-06-30 00:00:00","REPORT_DATE":"2020-06-30 00:00:00","DATE_TYPE_CODE":"002","REPORT_TYPE":"2020年中报","PER_NETCASH_OPERATE":-0.084130182926,"PER_OI":0.107152690822,"BPS":0.446105347641,"BASIC_EPS":-0.1004784,"DILUTED_EPS":-0.1004784,"OPERATE_INCOME":34147127.52,"OPERATE_INCOME_YOY":3.7292932656,"GROSS_PROFIT":24596198.88,"GROSS_PROFIT_YOY":14.392787812008,"HOLDER_PROFIT":-31770356.64,"HOLDER_PROFIT_YOY":31.7765442027,"GROSS_PROFIT_RATIO":72.030067142819,"EPS_TTM":-0.22683408944,"OPERATE_INCOME_QOQ":3.129372614372,"NET_PROFIT_RATIO":-90.2736537999,"ROE_AVG":-9.194864453671,"GROSS_PROFIT_QOQ":6.802237668502,"ROA":-5.657742449986,"HOLDER_PROFIT_QOQ":15.317728570803,"ROE_YEARLY":-18.389728907342,"ROIC_YEARLY":-13.119942361427,"TOTAL_ASSETS":535484104.32,"TOTAL_LIABILITIES":200587770.24,"TAX_EBT":1.336101040814,"OCF_SALES":-78.514297942915,"TOTAL_PARENT_EQUITY":328397208.48,"DEBT_ASSET_RATIO":37.4591455884,"OPERATE_PROFIT":-7376028,"PRETAX_PROFIT":-31243301.76,"NETCASH_OPERATE":-26338128.96,"NETCASH_INVEST":24186064.32,"NETCASH_FINANCE":-1968463.2,"END_CASH":58679385.6,"DIVI_RATIO":null,"DIVIDEND_RATE":null,"CURRENT_RATIO":2.324115509128,"COMMON_ACS":100000000000,"CURRENTDEBT_DEBT":98.606987376819,"ISSUED_COMMON_SHARES":736142730,"HK_COMMON_SHARES":736142730,"PER_SHARES":10000,"TOTAL_MARKET_CAP":159742972.41,"HKSK_MARKET_CAP":159742972.41,"PE_TTM":-3.659968208083,"PB_TTM":0.954515684682,"REPORT_DATE_SQ":"2019-06-30 00:00:00","REPORT_TYPE_SQ":"2019年中报","OPERATE_INCOME_SQ":31702066.74,"DPS_HKD":null,"OPERATE_INCOME_QOQ_SQ":-24.093428583925,"NET_PROFIT_RATIO_SQ":-139.9067676684,"HOLDER_PROFIT_SQ":-44845946.46,"HOLDER_PROFIT_QOQ_SQ":33.527276747854,"ROE_AVG_SQ":-10.698651467521,"PE_TTM_SQ":-3.077575713896,"PB_TTM_SQ":0.804779963781,"ROA_SQ":-6.828627972314,"START_DATE":"2020-01-01 00:00:00","FISCAL_YEAR":"12-31","CURRENCY":"HKD","IS_CNY_CODE":0,"DPS_HKD_LY":null,"ORG_TYPE":"一般企业","PREMIUM_INCOME":null,"PREMIUM_INCOME_YOY":null,"NET_INTEREST_INCOME":null,"NET_INTEREST_INCOME_YOY":null,"FEE_COMMISSION_INCOME":null,"FEE_COMMISSION_INCOME_YOY":null,"ACCOUNTS_RECE_TDAYS":0.2431770503,"INVENTORY_TDAYS":null,"CURRENT_ASSETS_TDAYS":0.07254841267,"TOTAL_ASSETS_TDAYS":0.060810035941,"PREMIUM_EXPENSE":null,"LOAN_DEPOSIT":null,"LOAN_EQUITY":null,"LOAN_ASSETS":null,"DEPOSIT_EQUITY":null,"DEPOSIT_ASSETS":null,"EQUITY_MULTIPLIER":1.598954810273,"EQUITY_RATIO":0.610808390146}],"count":48},"success":true,"message":"ok","code":0}