{"version":"8a75ff4b92a73963d5ee9e4b56773bda","result":{"pages":6,"data":[{"SECUCODE":"00202.HK","SECURITY_CODE":"00202","SECURITY_NAME_ABBR":"润中国际控股","ORG_CODE":"10007468","STD_REPORT_DATE":"2024-06-30 00:00:00","REPORT_DATE":"2024-09-30 00:00:00","DATE_TYPE_CODE":"002","REPORT_TYPE":"2024年中报","PER_NETCASH_OPERATE":-0.028276002346,"PER_OI":0.005702970419,"BPS":0.133093334856,"BASIC_EPS":-0.0083776291,"DILUTED_EPS":-0.0083776291,"OPERATE_INCOME":41599572.7,"OPERATE_INCOME_YOY":3.4188992265,"GROSS_PROFIT":14360103.96,"GROSS_PROFIT_YOY":-25.02696233589,"HOLDER_PROFIT":-61078236.7,"HOLDER_PROFIT_YOY":63.7582671604,"GROSS_PROFIT_RATIO":34.519835248212,"EPS_TTM":-0.039750714129,"OPERATE_INCOME_QOQ":0,"NET_PROFIT_RATIO":-146.848038153,"ROE_AVG":-6.11216219204,"GROSS_PROFIT_QOQ":0,"ROA":-4.497957722651,"HOLDER_PROFIT_QOQ":0,"ROE_YEARLY":-12.22432438408,"ROIC_YEARLY":-9.611812893921,"TOTAL_ASSETS":1304811674.27,"TOTAL_LIABILITIES":307746658.98,"TAX_EBT":-19.520784081954,"OCF_SALES":-495.811836115326,"TOTAL_PARENT_EQUITY":970831944.19,"DEBT_ASSET_RATIO":23.5855231102,"OPERATE_PROFIT":-59126763.14,"PRETAX_PROFIT":-73239776.64,"NETCASH_OPERATE":-206255605.22,"NETCASH_INVEST":305741078.02,"NETCASH_FINANCE":-24650429.65,"END_CASH":99075158.35,"DIVI_RATIO":null,"DIVIDEND_RATE":null,"CURRENT_RATIO":1.11123678545,"COMMON_ACS":null,"CURRENTDEBT_DEBT":91.193862779917,"ISSUED_COMMON_SHARES":7294369363,"HK_COMMON_SHARES":7294369363,"PER_SHARES":5000,"TOTAL_MARKET_CAP":744025675.026,"HKSK_MARKET_CAP":744025675.026,"PE_TTM":-3.707301113278,"PB_TTM":0.691113346133,"REPORT_DATE_SQ":"2023-06-30 00:00:00","REPORT_TYPE_SQ":"2023年中报","OPERATE_INCOME_SQ":40930886.15,"DPS_HKD":null,"OPERATE_INCOME_QOQ_SQ":0,"NET_PROFIT_RATIO_SQ":-419.0023539962,"HOLDER_PROFIT_SQ":-171490364.92,"HOLDER_PROFIT_QOQ_SQ":0,"ROE_AVG_SQ":-13.656943147833,"PE_TTM_SQ":-2.591903397407,"PB_TTM_SQ":0.684452605086,"ROA_SQ":-8.709172839687,"START_DATE":"2024-04-01 00:00:00","FISCAL_YEAR":"3-31","CURRENCY":"HKD","IS_CNY_CODE":0,"DPS_HKD_LY":null,"ORG_TYPE":"一般企业","PREMIUM_INCOME":null,"PREMIUM_INCOME_YOY":null,"NET_INTEREST_INCOME":null,"NET_INTEREST_INCOME_YOY":null,"FEE_COMMISSION_INCOME":null,"FEE_COMMISSION_INCOME_YOY":null,"ACCOUNTS_RECE_TDAYS":null,"INVENTORY_TDAYS":3.480354879594,"CURRENT_ASSETS_TDAYS":0.112052506546,"TOTAL_ASSETS_TDAYS":0.030634990366,"PREMIUM_EXPENSE":null,"LOAN_DEPOSIT":null,"LOAN_EQUITY":null,"LOAN_ASSETS":null,"DEPOSIT_EQUITY":null,"DEPOSIT_ASSETS":null,"EQUITY_MULTIPLIER":1.308652549493,"EQUITY_RATIO":0.316992720338},{"SECUCODE":"00202.HK","SECURITY_CODE":"00202","SECURITY_NAME_ABBR":"润中国际控股","ORG_CODE":"10007468","STD_REPORT_DATE":"2023-12-31 00:00:00","REPORT_DATE":"2024-03-31 00:00:00","DATE_TYPE_CODE":"001","REPORT_TYPE":"2023年年报","PER_NETCASH_OPERATE":-0.003891728714,"PER_OI":0.012736792665,"BPS":0.141639835657,"BASIC_EPS":-0.0397522175,"DILUTED_EPS":-0.0397522175,"OPERATE_INCOME":92906870.2,"OPERATE_INCOME_YOY":-12.9847083896,"GROSS_PROFIT":41227174.35,"GROSS_PROFIT_YOY":-27.353257973932,"HOLDER_PROFIT":-289956391.3,"HOLDER_PROFIT_YOY":-62.7350618691,"GROSS_PROFIT_RATIO":44.374731665431,"EPS_TTM":-0.040382667872,"OPERATE_INCOME_QOQ":0,"NET_PROFIT_RATIO":-314.7047343976,"ROE_AVG":-24.326450830255,"GROSS_PROFIT_QOQ":0,"ROA":-15.515030510203,"HOLDER_PROFIT_QOQ":0,"ROE_YEARLY":-24.326450830255,"ROIC_YEARLY":-16.086789781479,"TOTAL_ASSETS":1418457027.8,"TOTAL_LIABILITIES":358902238.45,"TAX_EBT":-0.55557374723,"OCF_SALES":-30.555013465517,"TOTAL_PARENT_EQUITY":1033173277.8,"DEBT_ASSET_RATIO":25.3022990063,"OPERATE_PROFIT":-222670437.2,"PRETAX_PROFIT":-249166174.05,"NETCASH_OPERATE":-28387706.7,"NETCASH_INVEST":58021013.1,"NETCASH_FINANCE":-58989208.5,"END_CASH":22589412.9,"DIVI_RATIO":null,"DIVIDEND_RATE":null,"CURRENT_RATIO":1.420046270689,"COMMON_ACS":null,"CURRENTDEBT_DEBT":84.941361306798,"ISSUED_COMMON_SHARES":7294369363,"HK_COMMON_SHARES":7294369363,"PER_SHARES":5000,"TOTAL_MARKET_CAP":860735584.834,"HKSK_MARKET_CAP":860735584.834,"PE_TTM":-4.288838542812,"PB_TTM":0.799523282781,"REPORT_DATE_SQ":"2022-12-31 00:00:00","REPORT_TYPE_SQ":"2022年年报","OPERATE_INCOME_SQ":103103163.57,"DPS_HKD":null,"OPERATE_INCOME_QOQ_SQ":0,"NET_PROFIT_RATIO_SQ":-134.8564129187,"HOLDER_PROFIT_SQ":-172056583.04,"HOLDER_PROFIT_QOQ_SQ":0,"ROE_AVG_SQ":-11.897239338541,"PE_TTM_SQ":-2.569750376916,"PB_TTM_SQ":0.67860258282,"ROA_SQ":-7.198810063185,"START_DATE":"2023-04-01 00:00:00","FISCAL_YEAR":"3-31","CURRENCY":"HKD","IS_CNY_CODE":0,"DPS_HKD_LY":null,"ORG_TYPE":"一般企业","PREMIUM_INCOME":null,"PREMIUM_INCOME_YOY":null,"NET_INTEREST_INCOME":null,"NET_INTEREST_INCOME_YOY":null,"FEE_COMMISSION_INCOME":null,"FEE_COMMISSION_INCOME_YOY":null,"ACCOUNTS_RECE_TDAYS":null,"INVENTORY_TDAYS":6.581654447844,"CURRENT_ASSETS_TDAYS":0.161462432067,"TOTAL_ASSETS_TDAYS":0.049712748848,"PREMIUM_EXPENSE":null,"LOAN_DEPOSIT":null,"LOAN_EQUITY":null,"LOAN_ASSETS":null,"DEPOSIT_EQUITY":null,"DEPOSIT_ASSETS":null,"EQUITY_MULTIPLIER":1.338729287109,"EQUITY_RATIO":0.347378553203},{"SECUCODE":"00202.HK","SECURITY_CODE":"00202","SECURITY_NAME_ABBR":"润中国际控股","ORG_CODE":"10007468","STD_REPORT_DATE":"2023-06-30 00:00:00","REPORT_DATE":"2023-09-30 00:00:00","DATE_TYPE_CODE":"002","REPORT_TYPE":"2023年中报","PER_NETCASH_OPERATE":0.001801955929,"PER_OI":0.005611298813,"BPS":0.156859232038,"BASIC_EPS":-0.0235096806,"DILUTED_EPS":-0.0235096806,"OPERATE_INCOME":40930886.15,"OPERATE_INCOME_YOY":-39.517003851,"GROSS_PROFIT":19153690.99,"GROSS_PROFIT_YOY":-54.063027512941,"HOLDER_PROFIT":-171490364.92,"HOLDER_PROFIT_YOY":-245.0845705,"GROSS_PROFIT_RATIO":46.795202331577,"EPS_TTM":-0.023587588519,"OPERATE_INCOME_QOQ":0,"NET_PROFIT_RATIO":-419.0023539962,"ROE_AVG":-13.656943147833,"GROSS_PROFIT_QOQ":0,"ROA":-8.709172839687,"HOLDER_PROFIT_QOQ":0,"ROE_YEARLY":-27.313886295666,"ROIC_YEARLY":-18.254477381777,"TOTAL_ASSETS":1590517067.44,"TOTAL_LIABILITIES":417179374.01,"TAX_EBT":-22.68582932384,"OCF_SALES":32.112991817061,"TOTAL_PARENT_EQUITY":1144189176.48,"DEBT_ASSET_RATIO":26.2291667628,"OPERATE_PROFIT":-105336582.96,"PRETAX_PROFIT":-118055852.39,"NETCASH_OPERATE":13144132.12,"NETCASH_INVEST":38119267.83,"NETCASH_FINANCE":-40291298.04,"END_CASH":66333637.44,"DIVI_RATIO":null,"DIVIDEND_RATE":null,"CURRENT_RATIO":0.324484517748,"COMMON_ACS":null,"CURRENTDEBT_DEBT":86.579107708077,"ISSUED_COMMON_SHARES":7294369363,"HK_COMMON_SHARES":7294369363,"PER_SHARES":5000,"TOTAL_MARKET_CAP":875324323.56,"HKSK_MARKET_CAP":875324323.56,"PE_TTM":-4.361530721504,"PB_TTM":0.813074524862,"REPORT_DATE_SQ":"2022-06-30 00:00:00","REPORT_TYPE_SQ":"2022年中报","OPERATE_INCOME_SQ":66700641.12,"DPS_HKD":null,"OPERATE_INCOME_QOQ_SQ":0,"NET_PROFIT_RATIO_SQ":-73.455551337,"HOLDER_PROFIT_SQ":-48980852.64,"HOLDER_PROFIT_QOQ_SQ":0,"ROE_AVG_SQ":-3.143725479554,"PE_TTM_SQ":-2.569750376916,"PB_TTM_SQ":0.67860258282,"ROA_SQ":-1.942030274386,"START_DATE":"2023-04-01 00:00:00","FISCAL_YEAR":"3-31","CURRENCY":"HKD","IS_CNY_CODE":0,"DPS_HKD_LY":null,"ORG_TYPE":"一般企业","PREMIUM_INCOME":null,"PREMIUM_INCOME_YOY":null,"NET_INTEREST_INCOME":null,"NET_INTEREST_INCOME_YOY":null,"FEE_COMMISSION_INCOME":null,"FEE_COMMISSION_INCOME_YOY":null,"ACCOUNTS_RECE_TDAYS":1.753341194969,"INVENTORY_TDAYS":2.556914291871,"CURRENT_ASSETS_TDAYS":0.097006193782,"TOTAL_ASSETS_TDAYS":0.02078683325,"PREMIUM_EXPENSE":null,"LOAN_DEPOSIT":null,"LOAN_EQUITY":null,"LOAN_ASSETS":null,"DEPOSIT_EQUITY":null,"DEPOSIT_ASSETS":null,"EQUITY_MULTIPLIER":1.355549281631,"EQUITY_RATIO":0.364606992083},{"SECUCODE":"00202.HK","SECURITY_CODE":"00202","SECURITY_NAME_ABBR":"润中国际控股","ORG_CODE":"10007468","STD_REPORT_DATE":"2022-12-31 00:00:00","REPORT_DATE":"2023-03-31 00:00:00","DATE_TYPE_CODE":"001","REPORT_TYPE":"2022年年报","PER_NETCASH_OPERATE":0.00451496188,"PER_OI":0.014134623357,"BPS":0.178810180165,"BASIC_EPS":-0.0235835454,"DILUTED_EPS":-0.0235835454,"OPERATE_INCOME":103103163.57,"OPERATE_INCOME_YOY":-1.9786135644,"GROSS_PROFIT":56750204.07,"GROSS_PROFIT_YOY":-20.333889799229,"HOLDER_PROFIT":-172056583.04,"HOLDER_PROFIT_YOY":15.7858654761,"GROSS_PROFIT_RATIO":58.572872834581,"EPS_TTM":-0.030598830785,"OPERATE_INCOME_QOQ":0,"NET_PROFIT_RATIO":-134.8564129187,"ROE_AVG":-11.897239338541,"GROSS_PROFIT_QOQ":0,"ROA":-7.198810063185,"HOLDER_PROFIT_QOQ":0,"ROE_YEARLY":-11.897239338541,"ROIC_YEARLY":-7.424659878433,"TOTAL_ASSETS":2239623557.11,"TOTAL_LIABILITIES":907498153.55,"TAX_EBT":1.417640017486,"OCF_SALES":25.69880867807,"TOTAL_PARENT_EQUITY":1304307499.99,"DEBT_ASSET_RATIO":40.5201200295,"OPERATE_PROFIT":-170072028.57,"PRETAX_PROFIT":-214276731.93,"NETCASH_OPERATE":32933799.61,"NETCASH_INVEST":1687790.48,"NETCASH_FINANCE":-15880812.81,"END_CASH":53177655.86,"DIVI_RATIO":null,"DIVIDEND_RATE":null,"CURRENT_RATIO":0.818840197578,"COMMON_ACS":null,"CURRENTDEBT_DEBT":93.29169299333,"ISSUED_COMMON_SHARES":7294369363,"HK_COMMON_SHARES":7294369363,"PER_SHARES":5000,"TOTAL_MARKET_CAP":875324323.56,"HKSK_MARKET_CAP":875324323.56,"PE_TTM":-4.361530721504,"PB_TTM":0.813074524862,"REPORT_DATE_SQ":"2021-12-31 00:00:00","REPORT_TYPE_SQ":"2021年年报","OPERATE_INCOME_SQ":121121910.47,"DPS_HKD":null,"OPERATE_INCOME_QOQ_SQ":0,"NET_PROFIT_RATIO_SQ":-159.7862695602,"HOLDER_PROFIT_SQ":-189278379.86,"HOLDER_PROFIT_QOQ_SQ":0,"ROE_AVG_SQ":-12.313775292832,"PE_TTM_SQ":-4.193787335248,"PB_TTM_SQ":0.661052516023,"ROA_SQ":-7.730839353194,"START_DATE":"2022-04-01 00:00:00","FISCAL_YEAR":"3-31","CURRENCY":"HKD","IS_CNY_CODE":0,"DPS_HKD_LY":null,"ORG_TYPE":"一般企业","PREMIUM_INCOME":null,"PREMIUM_INCOME_YOY":null,"NET_INTEREST_INCOME":null,"NET_INTEREST_INCOME_YOY":null,"FEE_COMMISSION_INCOME":null,"FEE_COMMISSION_INCOME_YOY":null,"ACCOUNTS_RECE_TDAYS":2.737058597971,"INVENTORY_TDAYS":7.726589374443,"CURRENT_ASSETS_TDAYS":0.183528196436,"TOTAL_ASSETS_TDAYS":0.053618945517,"PREMIUM_EXPENSE":null,"LOAN_DEPOSIT":null,"LOAN_EQUITY":null,"LOAN_ASSETS":null,"DEPOSIT_EQUITY":null,"DEPOSIT_ASSETS":null,"EQUITY_MULTIPLIER":1.681240783431,"EQUITY_RATIO":0.695770095286},{"SECUCODE":"00202.HK","SECURITY_CODE":"00202","SECURITY_NAME_ABBR":"润中国际控股","ORG_CODE":"10007468","STD_REPORT_DATE":"2022-06-30 00:00:00","REPORT_DATE":"2022-09-30 00:00:00","DATE_TYPE_CODE":"002","REPORT_TYPE":"2022年中报","PER_NETCASH_OPERATE":0.002140837715,"PER_OI":0.009144127175,"BPS":0.202261303345,"BASIC_EPS":-0.0067109448,"DILUTED_EPS":-0.0067109448,"OPERATE_INCOME":66700641.12,"OPERATE_INCOME_YOY":13.6367838762,"GROSS_PROFIT":41695588.44,"GROSS_PROFIT_YOY":32.733432948738,"HOLDER_PROFIT":-48980852.64,"HOLDER_PROFIT_YOY":-199.5685363425,"GROSS_PROFIT_RATIO":62.511525736291,"EPS_TTM":-0.025948559833,"OPERATE_INCOME_QOQ":0,"NET_PROFIT_RATIO":-73.455551337,"ROE_AVG":-3.143725479554,"GROSS_PROFIT_QOQ":0,"ROA":-1.942030274386,"HOLDER_PROFIT_QOQ":0,"ROE_YEARLY":-6.287450959107,"ROIC_YEARLY":-3.994783383542,"TOTAL_ASSETS":2419529850.36,"TOTAL_LIABILITIES":914643892.08,"TAX_EBT":6.338393443757,"OCF_SALES":23.412160329772,"TOTAL_PARENT_EQUITY":1475368654.44,"DEBT_ASSET_RATIO":37.8025463064,"OPERATE_PROFIT":-29669249.76,"PRETAX_PROFIT":-52311000.72,"NETCASH_OPERATE":15616061.04,"NETCASH_INVEST":-2468216.76,"NETCASH_FINANCE":-6188178.48,"END_CASH":43747762.8,"DIVI_RATIO":null,"DIVIDEND_RATE":null,"CURRENT_RATIO":1.10412719567,"COMMON_ACS":null,"CURRENTDEBT_DEBT":70.042381847991,"ISSUED_COMMON_SHARES":7294369363,"HK_COMMON_SHARES":7294369363,"PER_SHARES":5000,"TOTAL_MARKET_CAP":875324323.56,"HKSK_MARKET_CAP":875324323.56,"PE_TTM":-4.361530721504,"PB_TTM":0.813074524862,"REPORT_DATE_SQ":"2021-06-30 00:00:00","REPORT_TYPE_SQ":"2021年中报","OPERATE_INCOME_SQ":54063927.88,"DPS_HKD":null,"OPERATE_INCOME_QOQ_SQ":0,"NET_PROFIT_RATIO_SQ":-27.8745107707,"HOLDER_PROFIT_SQ":-15060058.68,"HOLDER_PROFIT_QOQ_SQ":0,"ROE_AVG_SQ":-0.917821982745,"PE_TTM_SQ":-4.193787335248,"PB_TTM_SQ":0.661052516023,"ROA_SQ":-0.576283348558,"START_DATE":"2022-04-01 00:00:00","FISCAL_YEAR":"3-31","CURRENCY":"HKD","IS_CNY_CODE":0,"DPS_HKD_LY":null,"ORG_TYPE":"一般企业","PREMIUM_INCOME":null,"PREMIUM_INCOME_YOY":null,"NET_INTEREST_INCOME":null,"NET_INTEREST_INCOME_YOY":null,"FEE_COMMISSION_INCOME":null,"FEE_COMMISSION_INCOME_YOY":null,"ACCOUNTS_RECE_TDAYS":1.614200976208,"INVENTORY_TDAYS":3.846806734382,"CURRENT_ASSETS_TDAYS":0.093029299032,"TOTAL_ASSETS_TDAYS":0.026445979887,"PREMIUM_EXPENSE":null,"LOAN_DEPOSIT":null,"LOAN_EQUITY":null,"LOAN_ASSETS":null,"DEPOSIT_EQUITY":null,"DEPOSIT_ASSETS":null,"EQUITY_MULTIPLIER":1.607782860254,"EQUITY_RATIO":0.619942608464},{"SECUCODE":"00202.HK","SECURITY_CODE":"00202","SECURITY_NAME_ABBR":"润中国际控股","ORG_CODE":"10007468","STD_REPORT_DATE":"2021-12-31 00:00:00","REPORT_DATE":"2022-03-31 00:00:00","DATE_TYPE_CODE":"001","REPORT_TYPE":"2021年年报","PER_NETCASH_OPERATE":0.011091840239,"PER_OI":0.016604850185,"BPS":0.201695778712,"BASIC_EPS":-0.02595232,"DILUTED_EPS":-0.02595232,"OPERATE_INCOME":121121910.47,"OPERATE_INCOME_YOY":17.5100123532,"GROSS_PROFIT":71235063.35,"GROSS_PROFIT_YOY":21.648114530272,"HOLDER_PROFIT":-189278379.86,"HOLDER_PROFIT_YOY":-72.8081152123,"GROSS_PROFIT_RATIO":58.812697945054,"EPS_TTM":-0.011100620222,"OPERATE_INCOME_QOQ":0,"NET_PROFIT_RATIO":-159.7862695602,"ROE_AVG":-12.313775292832,"GROSS_PROFIT_QOQ":0,"ROA":-7.730839353194,"HOLDER_PROFIT_QOQ":0,"ROE_YEARLY":-12.313775292832,"ROIC_YEARLY":-7.920923131382,"TOTAL_ASSETS":2353621577.87,"TOTAL_LIABILITIES":855896970.47,"TAX_EBT":4.882695726346,"OCF_SALES":66.798797431485,"TOTAL_PARENT_EQUITY":1471243508.88,"DEBT_ASSET_RATIO":36.3651055258,"OPERATE_PROFIT":-172118219.27,"PRETAX_PROFIT":-203471054.86,"NETCASH_OPERATE":80907979.62,"NETCASH_INVEST":-6298303.66,"NETCASH_FINANCE":-68535211.06,"END_CASH":33191395.26,"DIVI_RATIO":null,"DIVIDEND_RATE":null,"CURRENT_RATIO":1.090987976545,"COMMON_ACS":null,"CURRENTDEBT_DEBT":69.777428656167,"ISSUED_COMMON_SHARES":7294369363,"HK_COMMON_SHARES":7294369363,"PER_SHARES":5000,"TOTAL_MARKET_CAP":875324323.56,"HKSK_MARKET_CAP":875324323.56,"PE_TTM":-4.361530721504,"PB_TTM":0.813074524862,"REPORT_DATE_SQ":"2020-12-31 00:00:00","REPORT_TYPE_SQ":"2020年年报","OPERATE_INCOME_SQ":107416461.74,"DPS_HKD":null,"OPERATE_INCOME_QOQ_SQ":0,"NET_PROFIT_RATIO_SQ":-106.2930295138,"HOLDER_PROFIT_SQ":-114145784.9,"HOLDER_PROFIT_QOQ_SQ":0,"ROE_AVG_SQ":-6.876229898401,"PE_TTM_SQ":-4.193787335248,"PB_TTM_SQ":0.661052516023,"ROA_SQ":-4.404613959908,"START_DATE":"2021-04-01 00:00:00","FISCAL_YEAR":"3-31","CURRENCY":"HKD","IS_CNY_CODE":0,"DPS_HKD_LY":null,"ORG_TYPE":"一般企业","PREMIUM_INCOME":null,"PREMIUM_INCOME_YOY":null,"NET_INTEREST_INCOME":null,"NET_INTEREST_INCOME_YOY":null,"FEE_COMMISSION_INCOME":null,"FEE_COMMISSION_INCOME_YOY":null,"ACCOUNTS_RECE_TDAYS":2.318080928803,"INVENTORY_TDAYS":8.315803704204,"CURRENT_ASSETS_TDAYS":0.175223683068,"TOTAL_ASSETS_TDAYS":0.049470733672,"PREMIUM_EXPENSE":null,"LOAN_DEPOSIT":null,"LOAN_EQUITY":null,"LOAN_ASSETS":null,"DEPOSIT_EQUITY":null,"DEPOSIT_ASSETS":null,"EQUITY_MULTIPLIER":1.571464851577,"EQUITY_RATIO":0.581750719921},{"SECUCODE":"00202.HK","SECURITY_CODE":"00202","SECURITY_NAME_ABBR":"润中国际控股","ORG_CODE":"10007468","STD_REPORT_DATE":"2021-06-30 00:00:00","REPORT_DATE":"2021-09-30 00:00:00","DATE_TYPE_CODE":"002","REPORT_TYPE":"2021年中报","PER_NETCASH_OPERATE":0.006990542988,"PER_OI":0.007411734338,"BPS":0.224159338461,"BASIC_EPS":-0.0020659888,"DILUTED_EPS":-0.0020659888,"OPERATE_INCOME":54063927.88,"OPERATE_INCOME_YOY":17.9663358418,"GROSS_PROFIT":31413026.48,"GROSS_PROFIT_YOY":23.432839552724,"HOLDER_PROFIT":-15060058.68,"HOLDER_PROFIT_YOY":67.0656391758,"GROSS_PROFIT_RATIO":58.103485469506,"EPS_TTM":-0.015648478877,"OPERATE_INCOME_QOQ":0,"NET_PROFIT_RATIO":-27.8745107707,"ROE_AVG":-0.917821982745,"GROSS_PROFIT_QOQ":0,"ROA":-0.576283348558,"HOLDER_PROFIT_QOQ":0,"ROE_YEARLY":-1.835643965491,"ROIC_YEARLY":-1.19045894372,"TOTAL_ASSETS":2614385533.52,"TOTAL_LIABILITIES":947719879.22,"TAX_EBT":12.815075425322,"OCF_SALES":94.317236278468,"TOTAL_PARENT_EQUITY":1635101010.9,"DEBT_ASSET_RATIO":36.2501959665,"OPERATE_PROFIT":-6303765.02,"PRETAX_PROFIT":-17285161.94,"NETCASH_OPERATE":47243665.66,"NETCASH_INVEST":-1483679.86,"NETCASH_FINANCE":1784414.52,"END_CASH":75388597.76,"DIVI_RATIO":null,"DIVIDEND_RATE":null,"CURRENT_RATIO":1.150793014959,"COMMON_ACS":null,"CURRENTDEBT_DEBT":70.220114148889,"ISSUED_COMMON_SHARES":7294369363,"HK_COMMON_SHARES":7294369363,"PER_SHARES":5000,"TOTAL_MARKET_CAP":875324323.56,"HKSK_MARKET_CAP":875324323.56,"PE_TTM":-4.361530721504,"PB_TTM":0.813074524862,"REPORT_DATE_SQ":"2020-06-30 00:00:00","REPORT_TYPE_SQ":"2020年中报","OPERATE_INCOME_SQ":48341902.08,"DPS_HKD":null,"OPERATE_INCOME_QOQ_SQ":0,"NET_PROFIT_RATIO_SQ":-99.8036863344,"HOLDER_PROFIT_SQ":-48233819.52,"HOLDER_PROFIT_QOQ_SQ":0,"ROE_AVG_SQ":-2.836819687966,"PE_TTM_SQ":-4.193787335248,"PB_TTM_SQ":0.661052516023,"ROA_SQ":-1.826440108812,"START_DATE":"2021-04-01 00:00:00","FISCAL_YEAR":"3-31","CURRENCY":"HKD","IS_CNY_CODE":0,"DPS_HKD_LY":null,"ORG_TYPE":"一般企业","PREMIUM_INCOME":null,"PREMIUM_INCOME_YOY":null,"NET_INTEREST_INCOME":null,"NET_INTEREST_INCOME_YOY":null,"FEE_COMMISSION_INCOME":null,"FEE_COMMISSION_INCOME_YOY":null,"ACCOUNTS_RECE_TDAYS":0.921486635192,"INVENTORY_TDAYS":3.939437844103,"CURRENT_ASSETS_TDAYS":0.071294625055,"TOTAL_ASSETS_TDAYS":0.020687928286,"PREMIUM_EXPENSE":null,"LOAN_DEPOSIT":null,"LOAN_EQUITY":null,"LOAN_ASSETS":null,"DEPOSIT_EQUITY":null,"DEPOSIT_ASSETS":null,"EQUITY_MULTIPLIER":1.568632272931,"EQUITY_RATIO":0.579609377587},{"SECUCODE":"00202.HK","SECURITY_CODE":"00202","SECURITY_NAME_ABBR":"润中国际控股","ORG_CODE":"10007468","STD_REPORT_DATE":"2020-12-31 00:00:00","REPORT_DATE":"2021-03-31 00:00:00","DATE_TYPE_CODE":"001","REPORT_TYPE":"2020年年报","PER_NETCASH_OPERATE":0.004646169002,"PER_OI":0.014725942216,"BPS":0.22901908895,"BASIC_EPS":-0.0156442818,"DILUTED_EPS":-0.0156442818,"OPERATE_INCOME":107416461.74,"OPERATE_INCOME_YOY":-7.3659429005,"GROSS_PROFIT":58558296.3,"GROSS_PROFIT_YOY":-22.130185147746,"HOLDER_PROFIT":-114145784.9,"HOLDER_PROFIT_YOY":74.4731320997,"GROSS_PROFIT_RATIO":54.515197532516,"EPS_TTM":-0.03979134534,"OPERATE_INCOME_QOQ":0,"NET_PROFIT_RATIO":-106.2930295138,"ROE_AVG":-6.876229898401,"GROSS_PROFIT_QOQ":0,"ROA":-4.404613959908,"HOLDER_PROFIT_QOQ":0,"ROE_YEARLY":-6.876229898401,"ROIC_YEARLY":-4.496593303271,"TOTAL_ASSETS":2650235151.9,"TOTAL_LIABILITIES":947651313.56,"TAX_EBT":9.998734168782,"OCF_SALES":31.550911537221,"TOTAL_PARENT_EQUITY":1670549825.98,"DEBT_ASSET_RATIO":35.7572539509,"OPERATE_PROFIT":-36844776.92,"PRETAX_PROFIT":-126860672.82,"NETCASH_OPERATE":33833400.58,"NETCASH_INVEST":-6874694.12,"NETCASH_FINANCE":-12475701.98,"END_CASH":28239999.34,"DIVI_RATIO":null,"DIVIDEND_RATE":null,"CURRENT_RATIO":1.096407542579,"COMMON_ACS":null,"CURRENTDEBT_DEBT":73.311559859513,"ISSUED_COMMON_SHARES":7294369363,"HK_COMMON_SHARES":7294369363,"PER_SHARES":5000,"TOTAL_MARKET_CAP":875324323.56,"HKSK_MARKET_CAP":875324323.56,"PE_TTM":-4.361530721504,"PB_TTM":0.813074524862,"REPORT_DATE_SQ":"2019-12-31 00:00:00","REPORT_TYPE_SQ":"2019年年报","OPERATE_INCOME_SQ":125358726.3,"DPS_HKD":null,"OPERATE_INCOME_QOQ_SQ":0,"NET_PROFIT_RATIO_SQ":-385.6522277859,"HOLDER_PROFIT_SQ":-483411259,"HOLDER_PROFIT_QOQ_SQ":0,"ROE_AVG_SQ":-23.523181940855,"PE_TTM_SQ":-4.193787335248,"PB_TTM_SQ":0.661052516023,"ROA_SQ":-15.826731881724,"START_DATE":"2020-04-01 00:00:00","FISCAL_YEAR":"3-31","CURRENCY":"HKD","IS_CNY_CODE":0,"DPS_HKD_LY":null,"ORG_TYPE":"一般企业","PREMIUM_INCOME":null,"PREMIUM_INCOME_YOY":null,"NET_INTEREST_INCOME":null,"NET_INTEREST_INCOME_YOY":null,"FEE_COMMISSION_INCOME":null,"FEE_COMMISSION_INCOME_YOY":null,"ACCOUNTS_RECE_TDAYS":1.184431003793,"INVENTORY_TDAYS":8.879877112135,"CURRENT_ASSETS_TDAYS":0.149306614083,"TOTAL_ASSETS_TDAYS":0.041449454075,"PREMIUM_EXPENSE":null,"LOAN_DEPOSIT":null,"LOAN_EQUITY":null,"LOAN_ASSETS":null,"DEPOSIT_EQUITY":null,"DEPOSIT_ASSETS":null,"EQUITY_MULTIPLIER":1.556595976199,"EQUITY_RATIO":0.567269110339},{"SECUCODE":"00202.HK","SECURITY_CODE":"00202","SECURITY_NAME_ABBR":"润中国际控股","ORG_CODE":"10007468","STD_REPORT_DATE":"2020-06-30 00:00:00","REPORT_DATE":"2020-09-30 00:00:00","DATE_TYPE_CODE":"002","REPORT_TYPE":"2020年中报","PER_NETCASH_OPERATE":0.000990106111,"PER_OI":0.006627290129,"BPS":0.231087561854,"BASIC_EPS":-0.0066167616,"DILUTED_EPS":-0.0066167616,"OPERATE_INCOME":48341902.08,"OPERATE_INCOME_YOY":-21.2758650296,"GROSS_PROFIT":25449488.64,"GROSS_PROFIT_YOY":-39.304726489457,"HOLDER_PROFIT":-48233819.52,"HOLDER_PROFIT_YOY":79.4888945355,"GROSS_PROFIT_RATIO":52.644781328389,"EPS_TTM":-0.066271837214,"OPERATE_INCOME_QOQ":0,"NET_PROFIT_RATIO":-99.8036863344,"ROE_AVG":-2.836819687966,"GROSS_PROFIT_QOQ":0,"ROA":-1.826440108812,"HOLDER_PROFIT_QOQ":0,"ROE_YEARLY":-5.673639375932,"ROIC_YEARLY":-3.719856975494,"TOTAL_ASSETS":2648445384.32,"TOTAL_LIABILITIES":929483654.4,"TAX_EBT":10.716144139456,"OCF_SALES":14.939833496928,"TOTAL_PARENT_EQUITY":1685638031.36,"DEBT_ASSET_RATIO":35.0954435346,"OPERATE_PROFIT":-8807410.56,"PRETAX_PROFIT":-54037765.12,"NETCASH_OPERATE":7222199.68,"NETCASH_INVEST":-1977120,"NETCASH_FINANCE":-5378645.12,"END_CASH":14213296,"DIVI_RATIO":null,"DIVIDEND_RATE":null,"CURRENT_RATIO":1.069504922554,"COMMON_ACS":null,"CURRENTDEBT_DEBT":76.378985979939,"ISSUED_COMMON_SHARES":7294369363,"HK_COMMON_SHARES":7294369363,"PER_SHARES":5000,"TOTAL_MARKET_CAP":875324323.56,"HKSK_MARKET_CAP":875324323.56,"PE_TTM":-4.361530721504,"PB_TTM":0.813074524862,"REPORT_DATE_SQ":"2019-06-30 00:00:00","REPORT_TYPE_SQ":"2019年中报","OPERATE_INCOME_SQ":63034262.82,"DPS_HKD":null,"OPERATE_INCOME_QOQ_SQ":0,"NET_PROFIT_RATIO_SQ":-382.9798803698,"HOLDER_PROFIT_SQ":-241392308.16,"HOLDER_PROFIT_QOQ_SQ":0,"ROE_AVG_SQ":-11.332582954545,"PE_TTM_SQ":-4.193787335248,"PB_TTM_SQ":0.661052516023,"ROA_SQ":-7.709613840868,"START_DATE":"2020-04-01 00:00:00","FISCAL_YEAR":"3-31","CURRENCY":"HKD","IS_CNY_CODE":0,"DPS_HKD_LY":null,"ORG_TYPE":"一般企业","PREMIUM_INCOME":null,"PREMIUM_INCOME_YOY":null,"NET_INTEREST_INCOME":null,"NET_INTEREST_INCOME_YOY":null,"FEE_COMMISSION_INCOME":null,"FEE_COMMISSION_INCOME_YOY":null,"ACCOUNTS_RECE_TDAYS":0.403689517017,"INVENTORY_TDAYS":3.736660929432,"CURRENT_ASSETS_TDAYS":0.066072406537,"TOTAL_ASSETS_TDAYS":0.01830532804,"PREMIUM_EXPENSE":null,"LOAN_DEPOSIT":null,"LOAN_EQUITY":null,"LOAN_ASSETS":null,"DEPOSIT_EQUITY":null,"DEPOSIT_ASSETS":null,"EQUITY_MULTIPLIER":1.540723878967,"EQUITY_RATIO":0.551413552084}],"count":51},"success":true,"message":"ok","code":0}