{"version":"15f473dce745f3bf12e178a7b7bc11dd","result":{"pages":6,"data":[{"SECUCODE":"00209.HK","SECURITY_CODE":"00209","SECURITY_NAME_ABBR":"瀛晟科学","ORG_CODE":"10007474","STD_REPORT_DATE":"2024-06-30 00:00:00","REPORT_DATE":"2024-06-30 00:00:00","DATE_TYPE_CODE":"002","REPORT_TYPE":"2024年中报","PER_NETCASH_OPERATE":-0.784565910968,"PER_OI":1.42567042963,"BPS":-0.590692151358,"BASIC_EPS":-0.200698332,"DILUTED_EPS":-0.200698332,"OPERATE_INCOME":174441441.08,"OPERATE_INCOME_YOY":-5.7009364238,"GROSS_PROFIT":3714607.6,"GROSS_PROFIT_YOY":-63.108268802118,"HOLDER_PROFIT":-24245344.2,"HOLDER_PROFIT_YOY":-26.1995249406,"GROSS_PROFIT_RATIO":2.129429553552,"EPS_TTM":-0.251728526936,"OPERATE_INCOME_QOQ":-2.621519720785,"NET_PROFIT_RATIO":-13.9825564665,"ROE_AVG":29.481452709264,"GROSS_PROFIT_QOQ":-17.857467528868,"ROA":-6.553264236051,"HOLDER_PROFIT_QOQ":-18.632775008538,"ROE_YEARLY":58.962905418528,"ROIC_YEARLY":-15.696922067869,"TOTAL_ASSETS":361800954.88,"TOTAL_LIABILITIES":454004451.88,"TAX_EBT":-0.05990490097,"OCF_SALES":-55.031365921802,"TOTAL_PARENT_EQUITY":-91414028.8,"DEBT_ASSET_RATIO":125.4845919438,"OPERATE_PROFIT":-17469607.88,"PRETAX_PROFIT":-24376770.12,"NETCASH_OPERATE":-95997507.76,"NETCASH_INVEST":-3274695.84,"NETCASH_FINANCE":8322728.92,"END_CASH":14727917.16,"DIVI_RATIO":null,"DIVIDEND_RATE":null,"CURRENT_RATIO":0.578848475875,"COMMON_ACS":70000000000,"CURRENTDEBT_DEBT":96.397562726032,"ISSUED_COMMON_SHARES":154757480,"HK_COMMON_SHARES":154757480,"PER_SHARES":10000,"TOTAL_MARKET_CAP":26773044.04,"HKSK_MARKET_CAP":26773044.04,"PE_TTM":-0.783639515293,"PB_TTM":-0.26730275599,"REPORT_DATE_SQ":"2023-06-30 00:00:00","REPORT_TYPE_SQ":"2023年中报","OPERATE_INCOME_SQ":186872438.28,"DPS_HKD":null,"OPERATE_INCOME_QOQ_SQ":-31.420773936607,"NET_PROFIT_RATIO_SQ":-10.414631499,"HOLDER_PROFIT_SQ":-19407679,"HOLDER_PROFIT_QOQ_SQ":-422.811763789922,"ROE_AVG_SQ":24.713824479014,"PE_TTM_SQ":-2.286218661633,"PB_TTM_SQ":-0.735339617358,"ROA_SQ":-5.504325667808,"START_DATE":"2024-01-01 00:00:00","FISCAL_YEAR":"12-31","CURRENCY":"HKD","IS_CNY_CODE":0,"DPS_HKD_LY":null,"ORG_TYPE":"一般企业","PREMIUM_INCOME":null,"PREMIUM_INCOME_YOY":null,"NET_INTEREST_INCOME":null,"NET_INTEREST_INCOME_YOY":null,"FEE_COMMISSION_INCOME":null,"FEE_COMMISSION_INCOME_YOY":null,"ACCOUNTS_RECE_TDAYS":1.957547266433,"INVENTORY_TDAYS":2.053573094889,"CURRENT_ASSETS_TDAYS":0.671250989943,"TOTAL_ASSETS_TDAYS":0.471497062564,"PREMIUM_EXPENSE":null,"LOAN_DEPOSIT":null,"LOAN_EQUITY":null,"LOAN_ASSETS":null,"DEPOSIT_EQUITY":null,"DEPOSIT_ASSETS":null,"EQUITY_MULTIPLIER":-3.923939618909,"EQUITY_RATIO":-4.966463658147},{"SECUCODE":"00209.HK","SECURITY_CODE":"00209","SECURITY_NAME_ABBR":"瀛晟科学","ORG_CODE":"10007474","STD_REPORT_DATE":"2023-12-31 00:00:00","REPORT_DATE":"2023-12-31 00:00:00","DATE_TYPE_CODE":"001","REPORT_TYPE":"2023年年报","PER_NETCASH_OPERATE":0.016863326957,"PER_OI":0.930108378865,"BPS":-0.468781490239,"BASIC_EPS":-0.057635592,"DILUTED_EPS":-0.057635592,"OPERATE_INCOME":474190489.64,"OPERATE_INCOME_YOY":-38.3742238805,"GROSS_PROFIT":35583634.52,"GROSS_PROFIT_YOY":-59.303197856205,"HOLDER_PROFIT":-25963203,"HOLDER_PROFIT_YOY":-454.6230969179,"GROSS_PROFIT_RATIO":7.504080173986,"EPS_TTM":-0.050925932046,"OPERATE_INCOME_QOQ":-8.836557579221,"NET_PROFIT_RATIO":-5.6111469971,"ROE_AVG":33.764871569742,"GROSS_PROFIT_QOQ":4.528329358218,"ROA":-7.586680807286,"HOLDER_PROFIT_QOQ":-11.447045441671,"ROE_YEARLY":33.764871569742,"ROIC_YEARLY":-9.761748596642,"TOTAL_ASSETS":375469601.5,"TOTAL_LIABILITIES":448754706.68,"TAX_EBT":-27.667623271589,"OCF_SALES":1.813049676835,"TOTAL_PARENT_EQUITY":-72547442.1,"DEBT_ASSET_RATIO":119.5182525795,"OPERATE_PROFIT":-6715996.42,"PRETAX_PROFIT":-20841247.56,"NETCASH_OPERATE":8597309.14,"NETCASH_INVEST":-11103007.44,"NETCASH_FINANCE":65181685.94,"END_CASH":108143763.7,"DIVI_RATIO":null,"DIVIDEND_RATE":null,"CURRENT_RATIO":0.611847634938,"COMMON_ACS":70000000000,"CURRENTDEBT_DEBT":96.344261037089,"ISSUED_COMMON_SHARES":154757480,"HK_COMMON_SHARES":154757480,"PER_SHARES":10000,"TOTAL_MARKET_CAP":26773044.04,"HKSK_MARKET_CAP":26773044.04,"PE_TTM":-0.783639515293,"PB_TTM":-0.26730275599,"REPORT_DATE_SQ":"2022-12-31 00:00:00","REPORT_TYPE_SQ":"2022年年报","OPERATE_INCOME_SQ":758471983.92,"DPS_HKD":null,"OPERATE_INCOME_QOQ_SQ":-5.003833433168,"NET_PROFIT_RATIO_SQ":0.9514825179,"HOLDER_PROFIT_SQ":7216728.33,"HOLDER_PROFIT_QOQ_SQ":109.736502866934,"ROE_AVG_SQ":-8.567792565884,"PE_TTM_SQ":-2.026956751551,"PB_TTM_SQ":-0.651950588585,"ROA_SQ":1.812869827464,"START_DATE":"2023-01-01 00:00:00","FISCAL_YEAR":"12-31","CURRENCY":"HKD","IS_CNY_CODE":0,"DPS_HKD_LY":null,"ORG_TYPE":"一般企业","PREMIUM_INCOME":null,"PREMIUM_INCOME_YOY":null,"NET_INTEREST_INCOME":null,"NET_INTEREST_INCOME_YOY":null,"FEE_COMMISSION_INCOME":null,"FEE_COMMISSION_INCOME_YOY":null,"ACCOUNTS_RECE_TDAYS":7.370665915414,"INVENTORY_TDAYS":6.161002062171,"CURRENT_ASSETS_TDAYS":2.049985994206,"TOTAL_ASSETS_TDAYS":1.385627145753,"PREMIUM_EXPENSE":null,"LOAN_DEPOSIT":null,"LOAN_EQUITY":null,"LOAN_ASSETS":null,"DEPOSIT_EQUITY":null,"DEPOSIT_ASSETS":null,"EQUITY_MULTIPLIER":-5.123409464689,"EQUITY_RATIO":-6.185672350259},{"SECUCODE":"00209.HK","SECURITY_CODE":"00209","SECURITY_NAME_ABBR":"瀛晟科学","ORG_CODE":"10007474","STD_REPORT_DATE":"2023-06-30 00:00:00","REPORT_DATE":"2023-06-30 00:00:00","DATE_TYPE_CODE":"002","REPORT_TYPE":"2023年中报","PER_NETCASH_OPERATE":-0.222686717167,"PER_OI":0.36654387724,"BPS":-0.480788585857,"BASIC_EPS":-0.24847361,"DILUTED_EPS":-0.24847361,"OPERATE_INCOME":186872438.28,"OPERATE_INCOME_YOY":-59.2335293692,"GROSS_PROFIT":10068943.58,"GROSS_PROFIT_YOY":-84.134099946258,"HOLDER_PROFIT":-19407679,"HOLDER_PROFIT_YOY":-262.0976436162,"GROSS_PROFIT_RATIO":5.388137315848,"EPS_TTM":-0.045695183614,"OPERATE_INCOME_QOQ":-31.420773936607,"NET_PROFIT_RATIO":-10.414631499,"ROE_AVG":24.713824479014,"GROSS_PROFIT_QOQ":-61.066246448533,"ROA":-5.504325667808,"HOLDER_PROFIT_QOQ":-422.811763789922,"ROE_YEARLY":49.427648958028,"ROIC_YEARLY":-12.446912145792,"TOTAL_ASSETS":390833775.86,"TOTAL_LIABILITIES":465399830.34,"TAX_EBT":null,"OCF_SALES":-60.753086054291,"TOTAL_PARENT_EQUITY":-74405629.96,"DEBT_ASSET_RATIO":119.0787130196,"OPERATE_PROFIT":-13372397.92,"PRETAX_PROFIT":-19462075.82,"NETCASH_OPERATE":-113530773.24,"NETCASH_INVEST":-3271185.04,"NETCASH_FINANCE":113589779.96,"END_CASH":35762682.22,"DIVI_RATIO":null,"DIVIDEND_RATE":null,"CURRENT_RATIO":0.628346339559,"COMMON_ACS":70000000000,"CURRENTDEBT_DEBT":95.882587171121,"ISSUED_COMMON_SHARES":154757480,"HK_COMMON_SHARES":154757480,"PER_SHARES":10000,"TOTAL_MARKET_CAP":26773044.04,"HKSK_MARKET_CAP":26773044.04,"PE_TTM":-0.783639515293,"PB_TTM":-0.26730275599,"REPORT_DATE_SQ":"2022-06-30 00:00:00","REPORT_TYPE_SQ":"2022年中报","OPERATE_INCOME_SQ":425190205.72,"DPS_HKD":null,"OPERATE_INCOME_QOQ_SQ":34.765295680282,"NET_PROFIT_RATIO_SQ":2.6118892652,"HOLDER_PROFIT_SQ":11105497.34,"HOLDER_PROFIT_QOQ_SQ":33.348539228111,"ROE_AVG_SQ":-12.988143043602,"PE_TTM_SQ":-2.026956751551,"PB_TTM_SQ":-0.651950588585,"ROA_SQ":2.119128784479,"START_DATE":"2023-01-01 00:00:00","FISCAL_YEAR":"12-31","CURRENCY":"HKD","IS_CNY_CODE":0,"DPS_HKD_LY":null,"ORG_TYPE":"一般企业","PREMIUM_INCOME":null,"PREMIUM_INCOME_YOY":null,"NET_INTEREST_INCOME":null,"NET_INTEREST_INCOME_YOY":null,"FEE_COMMISSION_INCOME":null,"FEE_COMMISSION_INCOME_YOY":null,"ACCOUNTS_RECE_TDAYS":2.031074479545,"INVENTORY_TDAYS":1.999624610925,"CURRENT_ASSETS_TDAYS":0.775512468554,"TOTAL_ASSETS_TDAYS":0.52999988233,"PREMIUM_EXPENSE":null,"LOAN_DEPOSIT":null,"LOAN_EQUITY":null,"LOAN_ASSETS":null,"DEPOSIT_EQUITY":null,"DEPOSIT_ASSETS":null,"EQUITY_MULTIPLIER":-5.241443691578,"EQUITY_RATIO":-6.254900745954},{"SECUCODE":"00209.HK","SECURITY_CODE":"00209","SECURITY_NAME_ABBR":"瀛晟科学","ORG_CODE":"10007474","STD_REPORT_DATE":"2022-12-31 00:00:00","REPORT_DATE":"2022-12-31 00:00:00","DATE_TYPE_CODE":"001","REPORT_TYPE":"2022年年报","PER_NETCASH_OPERATE":0.085559009892,"PER_OI":2.071272539855,"BPS":-0.517453947686,"BASIC_EPS":0.019741267,"DILUTED_EPS":0.019741267,"OPERATE_INCOME":758471983.92,"OPERATE_INCOME_YOY":17.1769751886,"GROSS_PROFIT":87435947.41,"GROSS_PROFIT_YOY":187.039229503989,"HOLDER_PROFIT":7216728.33,"HOLDER_PROFIT_YOY":105.939786053,"GROSS_PROFIT_RATIO":11.527907327322,"EPS_TTM":0.019707796114,"OPERATE_INCOME_QOQ":-5.003833433168,"NET_PROFIT_RATIO":0.9514825179,"ROE_AVG":-8.567792565884,"GROSS_PROFIT_QOQ":-1.512288727367,"ROA":1.812869827464,"HOLDER_PROFIT_QOQ":109.736502866934,"ROE_YEARLY":-8.567792565884,"ROIC_YEARLY":2.085185734841,"TOTAL_ASSETS":304556833.42,"TOTAL_LIABILITIES":384636702.38,"TAX_EBT":31.353555952078,"OCF_SALES":4.130746111158,"TOTAL_PARENT_EQUITY":-80079868.96,"DEBT_ASSET_RATIO":126.2938999138,"OPERATE_PROFIT":23332212.4,"PRETAX_PROFIT":10512894.63,"NETCASH_OPERATE":31330551.98,"NETCASH_INVEST":34711578.93,"NETCASH_FINANCE":-69370454.93,"END_CASH":44453581.55,"DIVI_RATIO":null,"DIVIDEND_RATE":null,"CURRENT_RATIO":0.53139312142,"COMMON_ACS":70000000000,"CURRENTDEBT_DEBT":95.534076183133,"ISSUED_COMMON_SHARES":154757480,"HK_COMMON_SHARES":154757480,"PER_SHARES":10000,"TOTAL_MARKET_CAP":26773044.04,"HKSK_MARKET_CAP":26773044.04,"PE_TTM":-0.783639515293,"PB_TTM":-0.26730275599,"REPORT_DATE_SQ":"2021-12-31 00:00:00","REPORT_TYPE_SQ":"2021年年报","OPERATE_INCOME_SQ":592455035.2,"DPS_HKD":null,"OPERATE_INCOME_QOQ_SQ":39.844198604595,"NET_PROFIT_RATIO_SQ":-18.7703466749,"HOLDER_PROFIT_SQ":-111205864,"HOLDER_PROFIT_QOQ_SQ":-51.96469541646,"ROE_AVG_SQ":445.651283563507,"PE_TTM_SQ":-2.026956751551,"PB_TTM_SQ":-0.651950588585,"ROA_SQ":-26.28217762474,"START_DATE":"2022-01-01 00:00:00","FISCAL_YEAR":"12-31","CURRENCY":"HKD","IS_CNY_CODE":0,"DPS_HKD_LY":null,"ORG_TYPE":"一般企业","PREMIUM_INCOME":null,"PREMIUM_INCOME_YOY":null,"NET_INTEREST_INCOME":null,"NET_INTEREST_INCOME_YOY":null,"FEE_COMMISSION_INCOME":null,"FEE_COMMISSION_INCOME_YOY":null,"ACCOUNTS_RECE_TDAYS":8.257078258333,"INVENTORY_TDAYS":7.671779736313,"CURRENT_ASSETS_TDAYS":2.813924201652,"TOTAL_ASSETS_TDAYS":1.905310705558,"PREMIUM_EXPENSE":null,"LOAN_DEPOSIT":null,"LOAN_EQUITY":null,"LOAN_ASSETS":null,"DEPOSIT_EQUITY":null,"DEPOSIT_ASSETS":null,"EQUITY_MULTIPLIER":-3.803163483844,"EQUITY_RATIO":-4.803163483848},{"SECUCODE":"00209.HK","SECURITY_CODE":"00209","SECURITY_NAME_ABBR":"瀛晟科学","ORG_CODE":"10007474","STD_REPORT_DATE":"2022-06-30 00:00:00","REPORT_DATE":"2022-06-30 00:00:00","DATE_TYPE_CODE":"002","REPORT_TYPE":"2022年中报","PER_NETCASH_OPERATE":-0.00123612449,"PER_OI":0.116113029068,"BPS":-0.558264258051,"BASIC_EPS":0.030359245,"DILUTED_EPS":0.030359245,"OPERATE_INCOME":425190205.72,"OPERATE_INCOME_YOY":88.7133628379,"GROSS_PROFIT":63462794.71,"GROSS_PROFIT_YOY":1133.34514598961,"HOLDER_PROFIT":11105497.34,"HOLDER_PROFIT_YOY":141.5911347404,"GROSS_PROFIT_RATIO":14.925742375118,"EPS_TTM":-0.020241144418,"OPERATE_INCOME_QOQ":34.765295680282,"NET_PROFIT_RATIO":2.6118892652,"ROE_AVG":-12.988143043602,"GROSS_PROFIT_QOQ":191.446745786802,"ROA":2.119128784479,"HOLDER_PROFIT_QOQ":33.348539228111,"ROE_YEARLY":-25.976286087204,"ROIC_YEARLY":4.675814738934,"TOTAL_ASSETS":577467047.5,"TOTAL_LIABILITIES":663862617.25,"TAX_EBT":3.621790114294,"OCF_SALES":-1.06458723863,"TOTAL_PARENT_EQUITY":-86395569.75,"DEBT_ASSET_RATIO":114.9611255091,"OPERATE_PROFIT":17982935.32,"PRETAX_PROFIT":11522830.06,"NETCASH_OPERATE":-4526520.67,"NETCASH_INVEST":7364041.09,"NETCASH_FINANCE":-12967245.97,"END_CASH":42396044.25,"DIVI_RATIO":null,"DIVIDEND_RATE":null,"CURRENT_RATIO":0.728117521703,"COMMON_ACS":70000000000,"CURRENTDEBT_DEBT":95.872854336414,"ISSUED_COMMON_SHARES":154757480,"HK_COMMON_SHARES":154757480,"PER_SHARES":10000,"TOTAL_MARKET_CAP":26773044.04,"HKSK_MARKET_CAP":26773044.04,"PE_TTM":-0.783639515293,"PB_TTM":-0.26730275599,"REPORT_DATE_SQ":"2021-06-30 00:00:00","REPORT_TYPE_SQ":"2021年中报","OPERATE_INCOME_SQ":219221460.96,"DPS_HKD":null,"OPERATE_INCOME_QOQ_SQ":38.169532493543,"NET_PROFIT_RATIO_SQ":-11.8510449325,"HOLDER_PROFIT_SQ":-25980033.84,"HOLDER_PROFIT_QOQ_SQ":9.220388750006,"ROE_AVG_SQ":-132.974170056004,"PE_TTM_SQ":-2.026956751551,"PB_TTM_SQ":-0.651950588585,"ROA_SQ":-5.8370294207,"START_DATE":"2022-01-01 00:00:00","FISCAL_YEAR":"12-31","CURRENCY":"HKD","IS_CNY_CODE":0,"DPS_HKD_LY":null,"ORG_TYPE":"一般企业","PREMIUM_INCOME":null,"PREMIUM_INCOME_YOY":null,"NET_INTEREST_INCOME":null,"NET_INTEREST_INCOME_YOY":null,"FEE_COMMISSION_INCOME":null,"FEE_COMMISSION_INCOME_YOY":null,"ACCOUNTS_RECE_TDAYS":2.763982855332,"INVENTORY_TDAYS":2.787487973007,"CURRENT_ASSETS_TDAYS":1.0729225112,"TOTAL_ASSETS_TDAYS":0.811339444092,"PREMIUM_EXPENSE":null,"LOAN_DEPOSIT":null,"LOAN_EQUITY":null,"LOAN_ASSETS":null,"DEPOSIT_EQUITY":null,"DEPOSIT_ASSETS":null,"EQUITY_MULTIPLIER":-6.683989111593,"EQUITY_RATIO":-7.683989111606},{"SECUCODE":"00209.HK","SECURITY_CODE":"00209","SECURITY_NAME_ABBR":"瀛晟科学","ORG_CODE":"10007474","STD_REPORT_DATE":"2021-12-31 00:00:00","REPORT_DATE":"2021-12-31 00:00:00","DATE_TYPE_CODE":"001","REPORT_TYPE":"2021年年报","PER_NETCASH_OPERATE":-0.003385730309,"PER_OI":0.161790529975,"BPS":-0.522720964441,"BASIC_EPS":-0.30365664,"DILUTED_EPS":-0.30365664,"OPERATE_INCOME":592455035.2,"OPERATE_INCOME_YOY":98.9034094496,"GROSS_PROFIT":30461323.2,"GROSS_PROFIT_YOY":95.478357179866,"HOLDER_PROFIT":-111205864,"HOLDER_PROFIT_YOY":-42.0092086992,"GROSS_PROFIT_RATIO":5.141541786326,"EPS_TTM":-0.030368643363,"OPERATE_INCOME_QOQ":39.844198604595,"NET_PROFIT_RATIO":-18.7703466749,"ROE_AVG":445.651283563507,"GROSS_PROFIT_QOQ":6.748048647381,"ROA":-26.28217762474,"HOLDER_PROFIT_QOQ":-51.96469541646,"ROE_YEARLY":445.651283563507,"ROIC_YEARLY":-29.819349746783,"TOTAL_ASSETS":449964524.8,"TOTAL_LIABILITIES":530859504,"TAX_EBT":-4.729235483896,"OCF_SALES":-2.09266284585,"TOTAL_PARENT_EQUITY":-80894979.2,"DEBT_ASSET_RATIO":117.9780793244,"OPERATE_PROFIT":-93037974.4,"PRETAX_PROFIT":-106184164.8,"NETCASH_OPERATE":-12398086.4,"NETCASH_INVEST":19080331.2,"NETCASH_FINANCE":1884568,"END_CASH":55438185.6,"DIVI_RATIO":null,"DIVIDEND_RATE":null,"CURRENT_RATIO":0.62348239784,"COMMON_ACS":70000000000,"CURRENTDEBT_DEBT":95.079086386669,"ISSUED_COMMON_SHARES":154757480,"HK_COMMON_SHARES":154757480,"PER_SHARES":10000,"TOTAL_MARKET_CAP":26773044.04,"HKSK_MARKET_CAP":26773044.04,"PE_TTM":-0.783639515293,"PB_TTM":-0.26730275599,"REPORT_DATE_SQ":"2020-12-31 00:00:00","REPORT_TYPE_SQ":"2020年年报","OPERATE_INCOME_SQ":306618710.04,"DPS_HKD":null,"OPERATE_INCOME_QOQ_SQ":-43.059446343656,"NET_PROFIT_RATIO_SQ":-26.2904496433,"HOLDER_PROFIT_SQ":-80611437.56,"HOLDER_PROFIT_QOQ_SQ":-125.262778023271,"ROE_AVG_SQ":-121.101277026173,"PE_TTM_SQ":-2.026956751551,"PB_TTM_SQ":-0.651950588585,"ROA_SQ":-17.729628669801,"START_DATE":"2021-01-01 00:00:00","FISCAL_YEAR":"12-31","CURRENCY":"HKD","IS_CNY_CODE":0,"DPS_HKD_LY":null,"ORG_TYPE":"一般企业","PREMIUM_INCOME":null,"PREMIUM_INCOME_YOY":null,"NET_INTEREST_INCOME":null,"NET_INTEREST_INCOME_YOY":null,"FEE_COMMISSION_INCOME":null,"FEE_COMMISSION_INCOME_YOY":null,"ACCOUNTS_RECE_TDAYS":7.630142467542,"INVENTORY_TDAYS":6.634077133923,"CURRENT_ASSETS_TDAYS":2.386455738099,"TOTAL_ASSETS_TDAYS":1.400196708134,"PREMIUM_EXPENSE":null,"LOAN_DEPOSIT":null,"LOAN_EQUITY":null,"LOAN_ASSETS":null,"DEPOSIT_EQUITY":null,"DEPOSIT_ASSETS":null,"EQUITY_MULTIPLIER":-5.56232944552,"EQUITY_RATIO":-6.562329445534},{"SECUCODE":"00209.HK","SECURITY_CODE":"00209","SECURITY_NAME_ABBR":"瀛晟科学","ORG_CODE":"10007474","STD_REPORT_DATE":"2021-06-30 00:00:00","REPORT_DATE":"2021-06-30 00:00:00","DATE_TYPE_CODE":"002","REPORT_TYPE":"2021年中报","PER_NETCASH_OPERATE":-0.006422840553,"PER_OI":0.059866072939,"BPS":0.048712636055,"BASIC_EPS":-0.00707268,"DILUTED_EPS":-0.00707268,"OPERATE_INCOME":219221460.96,"OPERATE_INCOME_YOY":135.5072852418,"GROSS_PROFIT":5145582.72,"GROSS_PROFIT_YOY":165.908409996692,"HOLDER_PROFIT":-25980033.84,"HOLDER_PROFIT_YOY":14.6422810902,"GROSS_PROFIT_RATIO":2.347207566936,"EPS_TTM":-0.01998401226,"OPERATE_INCOME_QOQ":38.169532493543,"NET_PROFIT_RATIO":-11.8510449325,"ROE_AVG":-132.974170056004,"GROSS_PROFIT_QOQ":83.121246389792,"ROA":-5.8370294207,"HOLDER_PROFIT_QOQ":9.220388750006,"ROE_YEARLY":-265.948340112008,"ROIC_YEARLY":-12.916436986192,"TOTAL_ASSETS":486880794.96,"TOTAL_LIABILITIES":479342150.16,"TAX_EBT":3.220507098134,"OCF_SALES":-10.728681935156,"TOTAL_PARENT_EQUITY":7538644.8,"DEBT_ASSET_RATIO":98.4516446576,"OPERATE_PROFIT":-20639744.4,"PRETAX_PROFIT":-26844564.96,"NETCASH_OPERATE":-23519573.28,"NETCASH_INVEST":916120.08,"NETCASH_FINANCE":15948477.36,"END_CASH":39199288.8,"DIVI_RATIO":null,"DIVIDEND_RATE":null,"CURRENT_RATIO":0.658564534177,"COMMON_ACS":70000000000,"CURRENTDEBT_DEBT":96.648017539322,"ISSUED_COMMON_SHARES":154757480,"HK_COMMON_SHARES":154757480,"PER_SHARES":10000,"TOTAL_MARKET_CAP":26773044.04,"HKSK_MARKET_CAP":26773044.04,"PE_TTM":-0.783639515293,"PB_TTM":-0.26730275599,"REPORT_DATE_SQ":"2020-06-30 00:00:00","REPORT_TYPE_SQ":"2020年中报","OPERATE_INCOME_SQ":102186532.8,"DPS_HKD":null,"OPERATE_INCOME_QOQ_SQ":-7.44430718284,"NET_PROFIT_RATIO_SQ":-32.6977742022,"HOLDER_PROFIT_SQ":-33412721.76,"HOLDER_PROFIT_QOQ_SQ":5.829531943734,"ROE_AVG_SQ":-36.419301363521,"PE_TTM_SQ":-2.026956751551,"PB_TTM_SQ":-0.651950588585,"ROA_SQ":-6.532996732519,"START_DATE":"2021-01-01 00:00:00","FISCAL_YEAR":"12-31","CURRENCY":"HKD","IS_CNY_CODE":0,"DPS_HKD_LY":null,"ORG_TYPE":"一般企业","PREMIUM_INCOME":null,"PREMIUM_INCOME_YOY":null,"NET_INTEREST_INCOME":null,"NET_INTEREST_INCOME_YOY":null,"FEE_COMMISSION_INCOME":null,"FEE_COMMISSION_INCOME_YOY":null,"ACCOUNTS_RECE_TDAYS":3.891725014033,"INVENTORY_TDAYS":1.922143900425,"CURRENT_ASSETS_TDAYS":0.894531873355,"TOTAL_ASSETS_TDAYS":0.492532890893,"PREMIUM_EXPENSE":null,"LOAN_DEPOSIT":null,"LOAN_EQUITY":null,"LOAN_ASSETS":null,"DEPOSIT_EQUITY":null,"DEPOSIT_ASSETS":null,"EQUITY_MULTIPLIER":64.584657837649,"EQUITY_RATIO":63.584657836645},{"SECUCODE":"00209.HK","SECURITY_CODE":"00209","SECURITY_NAME_ABBR":"瀛晟科学","ORG_CODE":"10007474","STD_REPORT_DATE":"2020-12-31 00:00:00","REPORT_DATE":"2020-12-31 00:00:00","DATE_TYPE_CODE":"001","REPORT_TYPE":"2020年年报","PER_NETCASH_OPERATE":-0.011320499152,"PER_OI":0.08373294284,"BPS":0.206122493336,"BASIC_EPS":-0.022050968,"DILUTED_EPS":-0.022050968,"OPERATE_INCOME":306618710.04,"OPERATE_INCOME_YOY":-43.9081433124,"GROSS_PROFIT":15582964.6,"GROSS_PROFIT_YOY":-76.786489151002,"HOLDER_PROFIT":-80611437.56,"HOLDER_PROFIT_YOY":-125.7767196266,"GROSS_PROFIT_RATIO":5.082196255397,"EPS_TTM":-0.022013767172,"OPERATE_INCOME_QOQ":-43.059446343656,"NET_PROFIT_RATIO":-26.2904496433,"ROE_AVG":-121.101277026173,"GROSS_PROFIT_QOQ":-68.209286962962,"ROA":-17.729628669801,"HOLDER_PROFIT_QOQ":-125.262778023271,"ROE_YEARLY":-121.101277026173,"ROIC_YEARLY":-20.487092227102,"TOTAL_ASSETS":407932808.32,"TOTAL_LIABILITIES":376033810.68,"TAX_EBT":6.209361535448,"OCF_SALES":-13.519767451436,"TOTAL_PARENT_EQUITY":31898997.64,"DEBT_ASSET_RATIO":92.1803304394,"OPERATE_PROFIT":-74629060.44,"PRETAX_PROFIT":-85948276.8,"NETCASH_OPERATE":-41454136.56,"NETCASH_INVEST":50745000.52,"NETCASH_FINANCE":-39496481.92,"END_CASH":47251352.88,"DIVI_RATIO":null,"DIVIDEND_RATE":null,"CURRENT_RATIO":0.526199597275,"COMMON_ACS":70000000000,"CURRENTDEBT_DEBT":94.591158650543,"ISSUED_COMMON_SHARES":154757480,"HK_COMMON_SHARES":154757480,"PER_SHARES":10000,"TOTAL_MARKET_CAP":26773044.04,"HKSK_MARKET_CAP":26773044.04,"PE_TTM":-0.783639515293,"PB_TTM":-0.26730275599,"REPORT_DATE_SQ":"2019-12-31 00:00:00","REPORT_TYPE_SQ":"2019年年报","OPERATE_INCOME_SQ":581800152.2,"DPS_HKD":null,"OPERATE_INCOME_QOQ_SQ":25.888116503718,"NET_PROFIT_RATIO_SQ":-6.5315863216,"HOLDER_PROFIT_SQ":-38000779.16,"HOLDER_PROFIT_QOQ_SQ":76.191526180523,"ROE_AVG_SQ":-29.809989600023,"PE_TTM_SQ":-2.026956751551,"PB_TTM_SQ":-0.651950588585,"ROA_SQ":-7.571314601668,"START_DATE":"2020-01-01 00:00:00","FISCAL_YEAR":"12-31","CURRENCY":"HKD","IS_CNY_CODE":0,"DPS_HKD_LY":null,"ORG_TYPE":"一般企业","PREMIUM_INCOME":null,"PREMIUM_INCOME_YOY":null,"NET_INTEREST_INCOME":null,"NET_INTEREST_INCOME_YOY":null,"FEE_COMMISSION_INCOME":null,"FEE_COMMISSION_INCOME_YOY":null,"ACCOUNTS_RECE_TDAYS":5.183892426452,"INVENTORY_TDAYS":4.298245505,"CURRENT_ASSETS_TDAYS":1.311067806034,"TOTAL_ASSETS_TDAYS":0.674375254526,"PREMIUM_EXPENSE":null,"LOAN_DEPOSIT":null,"LOAN_EQUITY":null,"LOAN_ASSETS":null,"DEPOSIT_EQUITY":null,"DEPOSIT_ASSETS":null,"EQUITY_MULTIPLIER":12.788264161936,"EQUITY_RATIO":11.788264161895},{"SECUCODE":"00209.HK","SECURITY_CODE":"00209","SECURITY_NAME_ABBR":"瀛晟科学","ORG_CODE":"10007474","STD_REPORT_DATE":"2020-06-30 00:00:00","REPORT_DATE":"2020-06-30 00:00:00","DATE_TYPE_CODE":"002","REPORT_TYPE":"2020年中报","PER_NETCASH_OPERATE":-0.021411505242,"PER_OI":0.027905600114,"BPS":0.475721348784,"BASIC_EPS":-0.0091344,"DILUTED_EPS":-0.0091344,"OPERATE_INCOME":102186532.8,"OPERATE_INCOME_YOY":-32.3647839808,"GROSS_PROFIT":-7807171.68,"GROSS_PROFIT_YOY":-175.765878951376,"HOLDER_PROFIT":-33412721.76,"HOLDER_PROFIT_YOY":9.685941435,"GROSS_PROFIT_RATIO":-7.6401179941,"EPS_TTM":-0.009772483215,"OPERATE_INCOME_QOQ":-7.44430718284,"NET_PROFIT_RATIO":-32.6977742022,"ROE_AVG":-36.419301363521,"GROSS_PROFIT_QOQ":-26.980213303324,"ROA":-6.532996732519,"HOLDER_PROFIT_QOQ":5.829531943734,"ROE_YEARLY":-72.838602727042,"ROIC_YEARLY":-14.546112496856,"TOTAL_ASSETS":478707414.24,"TOTAL_LIABILITIES":405085977.12,"TAX_EBT":-1.687423551651,"OCF_SALES":-76.728345400912,"TOTAL_PARENT_EQUITY":73621437.12,"DEBT_ASSET_RATIO":84.6207861149,"OPERATE_PROFIT":-27334692,"PRETAX_PROFIT":-32858263.68,"NETCASH_OPERATE":-78406035.84,"NETCASH_INVEST":18089765.76,"NETCASH_FINANCE":2614265.28,"END_CASH":22530911.04,"DIVI_RATIO":null,"DIVIDEND_RATE":null,"CURRENT_RATIO":0.638600209011,"COMMON_ACS":70000000000,"CURRENTDEBT_DEBT":93.213341060222,"ISSUED_COMMON_SHARES":154757480,"HK_COMMON_SHARES":154757480,"PER_SHARES":10000,"TOTAL_MARKET_CAP":26773044.04,"HKSK_MARKET_CAP":26773044.04,"PE_TTM":-0.783639515293,"PB_TTM":-0.26730275599,"REPORT_DATE_SQ":"2019-06-30 00:00:00","REPORT_TYPE_SQ":"2019年中报","OPERATE_INCOME_SQ":145497523.32,"DPS_HKD":null,"OPERATE_INCOME_QOQ_SQ":-17.181593290889,"NET_PROFIT_RATIO_SQ":-24.4870074122,"HOLDER_PROFIT_SQ":-35627989.32,"HOLDER_PROFIT_QOQ_SQ":-18.575727994749,"ROE_AVG_SQ":-28.022763046374,"PE_TTM_SQ":-2.026956751551,"PB_TTM_SQ":-0.651950588585,"ROA_SQ":-7.247798030844,"START_DATE":"2020-01-01 00:00:00","FISCAL_YEAR":"12-31","CURRENCY":"HKD","IS_CNY_CODE":0,"DPS_HKD_LY":null,"ORG_TYPE":"一般企业","PREMIUM_INCOME":null,"PREMIUM_INCOME_YOY":null,"NET_INTEREST_INCOME":null,"NET_INTEREST_INCOME_YOY":null,"FEE_COMMISSION_INCOME":null,"FEE_COMMISSION_INCOME_YOY":null,"ACCOUNTS_RECE_TDAYS":1.39616731044,"INVENTORY_TDAYS":1.447258829256,"CURRENT_ASSETS_TDAYS":0.374556789532,"TOTAL_ASSETS_TDAYS":0.199799432589,"PREMIUM_EXPENSE":null,"LOAN_DEPOSIT":null,"LOAN_EQUITY":null,"LOAN_ASSETS":null,"DEPOSIT_EQUITY":null,"DEPOSIT_ASSETS":null,"EQUITY_MULTIPLIER":6.502282935078,"EQUITY_RATIO":5.50228293506}],"count":48},"success":true,"message":"ok","code":0}