{"version":"2b1eba85c176ee52a642754d9bae2700","result":{"pages":6,"data":[{"SECUCODE":"00204.HK","SECURITY_CODE":"00204","SECURITY_NAME_ABBR":"资本界金控","ORG_CODE":"10007470","STD_REPORT_DATE":"2024-06-30 00:00:00","REPORT_DATE":"2024-09-30 00:00:00","DATE_TYPE_CODE":"002","REPORT_TYPE":"2024年中报","PER_NETCASH_OPERATE":0.023222828489,"PER_OI":0.007955409005,"BPS":0.321637043433,"BASIC_EPS":-0.011092017,"DILUTED_EPS":-0.011092017,"OPERATE_INCOME":6879755.91,"OPERATE_INCOME_YOY":61.802757158,"GROSS_PROFIT":null,"GROSS_PROFIT_YOY":null,"HOLDER_PROFIT":-9556268.63,"HOLDER_PROFIT_YOY":-152.0558039004,"GROSS_PROFIT_RATIO":null,"EPS_TTM":-0.030114213095,"OPERATE_INCOME_QOQ":0,"NET_PROFIT_RATIO":-138.904181413,"ROE_AVG":-2.832487133259,"GROSS_PROFIT_QOQ":null,"ROA":-2.2849934773,"HOLDER_PROFIT_QOQ":0,"ROE_YEARLY":-5.664974266519,"ROIC_YEARLY":-4.687926829943,"TOTAL_ASSETS":366874323.91,"TOTAL_LIABILITIES":33102005.53,"TAX_EBT":null,"OCF_SALES":291.912439376065,"TOTAL_PARENT_EQUITY":333772318.38,"DEBT_ASSET_RATIO":9.0227097872,"OPERATE_PROFIT":-9084632.46,"PRETAX_PROFIT":-9556268.63,"NETCASH_OPERATE":20082863.3,"NETCASH_INVEST":null,"NETCASH_FINANCE":-28196267.93,"END_CASH":6464932.51,"DIVI_RATIO":null,"DIVIDEND_RATE":null,"CURRENT_RATIO":8.523496880704,"COMMON_ACS":3000000000,"CURRENTDEBT_DEBT":100,"ISSUED_COMMON_SHARES":1037729718,"HK_COMMON_SHARES":1037729718,"PER_SHARES":20000,"TOTAL_MARKET_CAP":60188323.644,"HKSK_MARKET_CAP":60188323.644,"PE_TTM":-1.008500588864,"PB_TTM":0.162617525151,"REPORT_DATE_SQ":"2023-06-30 00:00:00","REPORT_TYPE_SQ":"2023年中报","OPERATE_INCOME_SQ":4326625.45,"DPS_HKD":null,"OPERATE_INCOME_QOQ_SQ":0,"NET_PROFIT_RATIO_SQ":431.7497348887,"HOLDER_PROFIT_SQ":18680193.91,"HOLDER_PROFIT_QOQ_SQ":0,"ROE_AVG_SQ":6.654364955487,"PE_TTM_SQ":33.508478801215,"PB_TTM_SQ":1.598614539438,"ROA_SQ":6.00781485176,"START_DATE":"2024-04-01 00:00:00","FISCAL_YEAR":"3-31","CURRENCY":"HKD","IS_CNY_CODE":0,"DPS_HKD_LY":null,"ORG_TYPE":"证券","PREMIUM_INCOME":null,"PREMIUM_INCOME_YOY":null,"NET_INTEREST_INCOME":null,"NET_INTEREST_INCOME_YOY":null,"FEE_COMMISSION_INCOME":null,"FEE_COMMISSION_INCOME_YOY":null,"ACCOUNTS_RECE_TDAYS":null,"INVENTORY_TDAYS":null,"CURRENT_ASSETS_TDAYS":0.022621536272,"TOTAL_ASSETS_TDAYS":0.016450141774,"PREMIUM_EXPENSE":null,"LOAN_DEPOSIT":null,"LOAN_EQUITY":null,"LOAN_ASSETS":null,"DEPOSIT_EQUITY":null,"DEPOSIT_ASSETS":null,"EQUITY_MULTIPLIER":1.099175407028,"EQUITY_RATIO":0.099175407028},{"SECUCODE":"00204.HK","SECURITY_CODE":"00204","SECURITY_NAME_ABBR":"资本界金控","ORG_CODE":"10007470","STD_REPORT_DATE":"2023-12-31 00:00:00","REPORT_DATE":"2024-03-31 00:00:00","DATE_TYPE_CODE":"001","REPORT_TYPE":"2023年年报","PER_NETCASH_OPERATE":-0.029184380289,"PER_OI":0.008472275916,"BPS":0.330326107853,"BASIC_EPS":-0.038709685,"DILUTED_EPS":-0.038709685,"OPERATE_INCOME":7326737.1,"OPERATE_INCOME_YOY":-21.7694318072,"GROSS_PROFIT":null,"GROSS_PROFIT_YOY":null,"HOLDER_PROFIT":-26042461.85,"HOLDER_PROFIT_YOY":-25.9845627577,"GROSS_PROFIT_RATIO":null,"EPS_TTM":0.021534410137,"OPERATE_INCOME_QOQ":0,"NET_PROFIT_RATIO":-355.4441969809,"ROE_AVG":-8.814653552235,"GROSS_PROFIT_QOQ":null,"ROA":-6.788460538691,"HOLDER_PROFIT_QOQ":0,"ROE_YEARLY":-8.814653552235,"ROIC_YEARLY":-6.954132549005,"TOTAL_ASSETS":472041491.55,"TOTAL_LIABILITIES":129252272.8,"TAX_EBT":null,"OCF_SALES":-344.469190794358,"TOTAL_PARENT_EQUITY":342789218.75,"DEBT_ASSET_RATIO":27.381549104,"OPERATE_PROFIT":-23989126.1,"PRETAX_PROFIT":-26042461.85,"NETCASH_OPERATE":-25238352,"NETCASH_INVEST":-172480203,"NETCASH_FINANCE":210158234.1,"END_CASH":14655287.3,"DIVI_RATIO":null,"DIVIDEND_RATE":null,"CURRENT_RATIO":2.536317472786,"COMMON_ACS":3000000000,"CURRENTDEBT_DEBT":100,"ISSUED_COMMON_SHARES":1037729718,"HK_COMMON_SHARES":1037729718,"PER_SHARES":20000,"TOTAL_MARKET_CAP":87169296.312,"HKSK_MARKET_CAP":87169296.312,"PE_TTM":-1.460587059734,"PB_TTM":0.235515036426,"REPORT_DATE_SQ":"2022-12-31 00:00:00","REPORT_TYPE_SQ":"2022年年报","OPERATE_INCOME_SQ":9043860.71,"DPS_HKD":null,"OPERATE_INCOME_QOQ_SQ":0,"NET_PROFIT_RATIO_SQ":null,"HOLDER_PROFIT_SQ":-19961098.82,"HOLDER_PROFIT_QOQ_SQ":0,"ROE_AVG_SQ":-9.163096855083,"PE_TTM_SQ":-23.075892208578,"PB_TTM_SQ":1.555984818386,"ROA_SQ":-8.124580222302,"START_DATE":"2023-04-01 00:00:00","FISCAL_YEAR":"3-31","CURRENCY":"HKD","IS_CNY_CODE":0,"DPS_HKD_LY":null,"ORG_TYPE":"证券","PREMIUM_INCOME":null,"PREMIUM_INCOME_YOY":null,"NET_INTEREST_INCOME":null,"NET_INTEREST_INCOME_YOY":null,"FEE_COMMISSION_INCOME":null,"FEE_COMMISSION_INCOME_YOY":null,"ACCOUNTS_RECE_TDAYS":null,"INVENTORY_TDAYS":null,"CURRENT_ASSETS_TDAYS":0.025298348032,"TOTAL_ASSETS_TDAYS":0.019098526847,"PREMIUM_EXPENSE":null,"LOAN_DEPOSIT":null,"LOAN_EQUITY":null,"LOAN_ASSETS":null,"DEPOSIT_EQUITY":null,"DEPOSIT_ASSETS":null,"EQUITY_MULTIPLIER":1.377060495868,"EQUITY_RATIO":0.377060495868},{"SECUCODE":"00204.HK","SECURITY_CODE":"00204","SECURITY_NAME_ABBR":"资本界金控","ORG_CODE":"10007470","STD_REPORT_DATE":"2023-06-30 00:00:00","REPORT_DATE":"2023-09-30 00:00:00","DATE_TYPE_CODE":"002","REPORT_TYPE":"2023年中报","PER_NETCASH_OPERATE":-0.009541807657,"PER_OI":0.006002618159,"BPS":0.299026334418,"BASIC_EPS":0.041018061,"DILUTED_EPS":0.041018061,"OPERATE_INCOME":4326625.45,"OPERATE_INCOME_YOY":-23.1458842706,"GROSS_PROFIT":null,"GROSS_PROFIT_YOY":null,"HOLDER_PROFIT":18680193.91,"HOLDER_PROFIT_YOY":209.5758423942,"GROSS_PROFIT_RATIO":null,"EPS_TTM":-0.055386746846,"OPERATE_INCOME_QOQ":null,"NET_PROFIT_RATIO":431.7497348887,"ROE_AVG":6.654364955487,"GROSS_PROFIT_QOQ":null,"ROA":6.00781485176,"HOLDER_PROFIT_QOQ":0,"ROE_YEARLY":13.308729910973,"ROIC_YEARLY":12.232505945147,"TOTAL_ASSETS":323039712.31,"TOTAL_LIABILITIES":12731198.62,"TAX_EBT":null,"OCF_SALES":-158.960763520679,"TOTAL_PARENT_EQUITY":310308513.69,"DEBT_ASSET_RATIO":3.9410630133,"OPERATE_PROFIT":20083250.18,"PRETAX_PROFIT":18680193.91,"NETCASH_OPERATE":-6877636.85,"NETCASH_INVEST":-50469.65,"NETCASH_FINANCE":10513286.91,"END_CASH":7357557.34,"DIVI_RATIO":null,"DIVIDEND_RATE":null,"CURRENT_RATIO":22.736125126135,"COMMON_ACS":3000000000,"CURRENTDEBT_DEBT":100,"ISSUED_COMMON_SHARES":1037729718,"HK_COMMON_SHARES":1037729718,"PER_SHARES":20000,"TOTAL_MARKET_CAP":87169296.312,"HKSK_MARKET_CAP":87169296.312,"PE_TTM":-1.460587059734,"PB_TTM":0.235515036426,"REPORT_DATE_SQ":"2022-06-30 00:00:00","REPORT_TYPE_SQ":"2022年中报","OPERATE_INCOME_SQ":5548739.4,"DPS_HKD":null,"OPERATE_INCOME_QOQ_SQ":0,"NET_PROFIT_RATIO_SQ":-302.8198859006,"HOLDER_PROFIT_SQ":-16802686.32,"HOLDER_PROFIT_QOQ_SQ":0,"ROE_AVG_SQ":-8.681186712336,"PE_TTM_SQ":-23.075892208578,"PB_TTM_SQ":1.555984818386,"ROA_SQ":-7.989867516488,"START_DATE":"2023-04-01 00:00:00","FISCAL_YEAR":"3-31","CURRENCY":"HKD","IS_CNY_CODE":0,"DPS_HKD_LY":null,"ORG_TYPE":"证券","PREMIUM_INCOME":null,"PREMIUM_INCOME_YOY":null,"NET_INTEREST_INCOME":null,"NET_INTEREST_INCOME_YOY":null,"FEE_COMMISSION_INCOME":null,"FEE_COMMISSION_INCOME_YOY":null,"ACCOUNTS_RECE_TDAYS":null,"INVENTORY_TDAYS":null,"CURRENT_ASSETS_TDAYS":0.015908684488,"TOTAL_ASSETS_TDAYS":0.013915040048,"PREMIUM_EXPENSE":null,"LOAN_DEPOSIT":null,"LOAN_EQUITY":null,"LOAN_ASSETS":null,"DEPOSIT_EQUITY":null,"DEPOSIT_ASSETS":null,"EQUITY_MULTIPLIER":1.041027551802,"EQUITY_RATIO":0.041027551802},{"SECUCODE":"00204.HK","SECURITY_CODE":"00204","SECURITY_NAME_ABBR":"资本界金控","ORG_CODE":"10007470","STD_REPORT_DATE":"2022-12-31 00:00:00","REPORT_DATE":"2023-03-31 00:00:00","DATE_TYPE_CODE":"001","REPORT_TYPE":"2022年年报","PER_NETCASH_OPERATE":-0.055887127069,"PER_OI":0.025094311098,"BPS":0.230868118166,"BASIC_EPS":-0.048935419,"DILUTED_EPS":-0.048935419,"OPERATE_INCOME":9043860.71,"OPERATE_INCOME_YOY":2.2871287129,"GROSS_PROFIT":null,"GROSS_PROFIT_YOY":null,"HOLDER_PROFIT":-19961098.82,"HOLDER_PROFIT_YOY":-13.9530234883,"GROSS_PROFIT_RATIO":null,"EPS_TTM":-0.012817694116,"OPERATE_INCOME_QOQ":0,"NET_PROFIT_RATIO":-220.7143548543,"ROE_AVG":-9.163096855083,"GROSS_PROFIT_QOQ":null,"ROA":-8.124580222302,"HOLDER_PROFIT_QOQ":0,"ROE_YEARLY":-9.163096855083,"ROIC_YEARLY":-9.017317267043,"TOTAL_ASSETS":285074640.27,"TOTAL_LIABILITIES":45495933.11,"TAX_EBT":null,"OCF_SALES":-222.708353499177,"TOTAL_PARENT_EQUITY":239578707.16,"DEBT_ASSET_RATIO":15.9593056285,"OPERATE_PROFIT":-17481937.7,"PRETAX_PROFIT":-19961098.82,"NETCASH_OPERATE":-20141433.28,"NETCASH_INVEST":-88496947.72,"NETCASH_FINANCE":68826485.02,"END_CASH":3499013.77,"DIVI_RATIO":null,"DIVIDEND_RATE":null,"CURRENT_RATIO":5.335995074176,"COMMON_ACS":3000000000,"CURRENTDEBT_DEBT":100,"ISSUED_COMMON_SHARES":1037729718,"HK_COMMON_SHARES":1037729718,"PER_SHARES":20000,"TOTAL_MARKET_CAP":69527891.106,"HKSK_MARKET_CAP":69527891.106,"PE_TTM":-1.16499205955,"PB_TTM":0.187851279054,"REPORT_DATE_SQ":"2021-12-31 00:00:00","REPORT_TYPE_SQ":"2021年年报","OPERATE_INCOME_SQ":8191201,"DPS_HKD":null,"OPERATE_INCOME_QOQ_SQ":0,"NET_PROFIT_RATIO_SQ":-198.1188118812,"HOLDER_PROFIT_SQ":-16228310.1,"HOLDER_PROFIT_QOQ_SQ":0,"ROE_AVG_SQ":-14.640731378065,"PE_TTM_SQ":31.274580214467,"PB_TTM_SQ":1.492040236809,"ROA_SQ":-13.79186755396,"START_DATE":"2022-04-01 00:00:00","FISCAL_YEAR":"3-31","CURRENCY":"HKD","IS_CNY_CODE":0,"DPS_HKD_LY":null,"ORG_TYPE":"证券","PREMIUM_INCOME":null,"PREMIUM_INCOME_YOY":null,"NET_INTEREST_INCOME":null,"NET_INTEREST_INCOME_YOY":null,"FEE_COMMISSION_INCOME":null,"FEE_COMMISSION_INCOME_YOY":null,"ACCOUNTS_RECE_TDAYS":null,"INVENTORY_TDAYS":null,"CURRENT_ASSETS_TDAYS":0.046485571969,"TOTAL_ASSETS_TDAYS":0.036810384298,"PREMIUM_EXPENSE":null,"LOAN_DEPOSIT":null,"LOAN_EQUITY":null,"LOAN_ASSETS":null,"DEPOSIT_EQUITY":null,"DEPOSIT_ASSETS":null,"EQUITY_MULTIPLIER":1.189899735454,"EQUITY_RATIO":0.189899735454},{"SECUCODE":"00204.HK","SECURITY_CODE":"00204","SECURITY_NAME_ABBR":"资本界金控","ORG_CODE":"10007470","STD_REPORT_DATE":"2022-06-30 00:00:00","REPORT_DATE":"2022-09-30 00:00:00","DATE_TYPE_CODE":"002","REPORT_TYPE":"2022年中报","PER_NETCASH_OPERATE":-0.041105787526,"PER_OI":0.002254642395,"BPS":0.177788794519,"BASIC_EPS":-0.06873744,"DILUTED_EPS":-0.06873744,"OPERATE_INCOME":5548739.4,"OPERATE_INCOME_YOY":5.921961326,"GROSS_PROFIT":null,"GROSS_PROFIT_YOY":null,"HOLDER_PROFIT":-16802686.32,"HOLDER_PROFIT_YOY":-420.9189842805,"GROSS_PROFIT_RATIO":null,"EPS_TTM":-0.006594116845,"OPERATE_INCOME_QOQ":0,"NET_PROFIT_RATIO":-302.8198859006,"ROE_AVG":-8.681186712336,"GROSS_PROFIT_QOQ":null,"ROA":-7.989867516488,"HOLDER_PROFIT_QOQ":0,"ROE_YEARLY":-17.362373424672,"ROIC_YEARLY":-18.164263488393,"TOTAL_ASSETS":207457733.88,"TOTAL_LIABILITIES":22961018.28,"TAX_EBT":null,"OCF_SALES":-1823.16218418908,"TOTAL_PARENT_EQUITY":184496715.6,"DEBT_ASSET_RATIO":11.0678054033,"OPERATE_PROFIT":-15743587.08,"PRETAX_PROFIT":-16802686.32,"NETCASH_OPERATE":-101162518.44,"NETCASH_INVEST":42055555.56,"NETCASH_FINANCE":17405947.8,"END_CASH":3937931.76,"DIVI_RATIO":null,"DIVIDEND_RATE":null,"CURRENT_RATIO":9.097880447726,"COMMON_ACS":3000000000,"CURRENTDEBT_DEBT":99.239768385394,"ISSUED_COMMON_SHARES":1037729718,"HK_COMMON_SHARES":1037729718,"PER_SHARES":20000,"TOTAL_MARKET_CAP":148395349.674,"HKSK_MARKET_CAP":148395349.674,"PE_TTM":-2.486475589786,"PB_TTM":0.400936312011,"REPORT_DATE_SQ":"2021-06-30 00:00:00","REPORT_TYPE_SQ":"2021年中报","OPERATE_INCOME_SQ":4825083.52,"DPS_HKD":null,"OPERATE_INCOME_QOQ_SQ":null,"NET_PROFIT_RATIO_SQ":99.9482044199,"HOLDER_PROFIT_SQ":4822584.34,"HOLDER_PROFIT_QOQ_SQ":0,"ROE_AVG_SQ":4.892808695321,"PE_TTM_SQ":-28.133622007719,"PB_TTM_SQ":1.8970225868,"ROA_SQ":3.901364028467,"START_DATE":"2022-04-01 00:00:00","FISCAL_YEAR":"3-31","CURRENCY":"HKD","IS_CNY_CODE":0,"DPS_HKD_LY":null,"ORG_TYPE":"证券","PREMIUM_INCOME":null,"PREMIUM_INCOME_YOY":null,"NET_INTEREST_INCOME":null,"NET_INTEREST_INCOME_YOY":null,"FEE_COMMISSION_INCOME":null,"FEE_COMMISSION_INCOME_YOY":null,"ACCOUNTS_RECE_TDAYS":null,"INVENTORY_TDAYS":null,"CURRENT_ASSETS_TDAYS":0.030955378339,"TOTAL_ASSETS_TDAYS":0.026384883848,"PREMIUM_EXPENSE":null,"LOAN_DEPOSIT":null,"LOAN_EQUITY":null,"LOAN_ASSETS":null,"DEPOSIT_EQUITY":null,"DEPOSIT_ASSETS":null,"EQUITY_MULTIPLIER":1.124452179028,"EQUITY_RATIO":0.124452179028},{"SECUCODE":"00204.HK","SECURITY_CODE":"00204","SECURITY_NAME_ABBR":"资本界金控","ORG_CODE":"10007470","STD_REPORT_DATE":"2021-12-31 00:00:00","REPORT_DATE":"2022-03-31 00:00:00","DATE_TYPE_CODE":"001","REPORT_TYPE":"2021年年报","PER_NETCASH_OPERATE":-0.012264618563,"PER_OI":0.003583863196,"BPS":0.175073733563,"BASIC_EPS":-0.087102474,"DILUTED_EPS":-0.087102474,"OPERATE_INCOME":8191201,"OPERATE_INCOME_YOY":868.3604985618,"GROSS_PROFIT":null,"GROSS_PROFIT_YOY":null,"HOLDER_PROFIT":-16228310.1,"HOLDER_PROFIT_YOY":-29.5145631068,"GROSS_PROFIT_RATIO":null,"EPS_TTM":-0.003508259504,"OPERATE_INCOME_QOQ":0,"NET_PROFIT_RATIO":-198.1188118812,"ROE_AVG":-14.640731378065,"GROSS_PROFIT_QOQ":null,"ROA":-13.79186755396,"HOLDER_PROFIT_QOQ":0,"ROE_YEARLY":-14.640731378065,"ROIC_YEARLY":-17.392967191527,"TOTAL_ASSETS":191124238.62,"TOTAL_LIABILITIES":9445022.46,"TAX_EBT":null,"OCF_SALES":-342.217821782178,"TOTAL_PARENT_EQUITY":181679216.16,"DEBT_ASSET_RATIO":4.941823459,"OPERATE_PROFIT":-14385695.38,"PRETAX_PROFIT":-16228310.1,"NETCASH_OPERATE":-28031749.64,"NETCASH_INVEST":-93661922.88,"NETCASH_FINANCE":157607628.35,"END_CASH":41827029.74,"DIVI_RATIO":null,"DIVIDEND_RATE":null,"CURRENT_RATIO":16.519913034885,"COMMON_ACS":3000000000,"CURRENTDEBT_DEBT":86.888201957754,"ISSUED_COMMON_SHARES":1037729718,"HK_COMMON_SHARES":1037729718,"PER_SHARES":20000,"TOTAL_MARKET_CAP":69527891.106,"HKSK_MARKET_CAP":69527891.106,"PE_TTM":-1.16499205955,"PB_TTM":0.187851279054,"REPORT_DATE_SQ":"2020-12-31 00:00:00","REPORT_TYPE_SQ":"2020年年报","OPERATE_INCOME_SQ":881522.74,"DPS_HKD":null,"OPERATE_INCOME_QOQ_SQ":0,"NET_PROFIT_RATIO_SQ":-1481.3039309684,"HOLDER_PROFIT_SQ":-13058031,"HOLDER_PROFIT_QOQ_SQ":0,"ROE_AVG_SQ":-34.181037820378,"PE_TTM_SQ":31.274580214467,"PB_TTM_SQ":1.492040236809,"ROA_SQ":-30.76831162624,"START_DATE":"2021-04-01 00:00:00","FISCAL_YEAR":"3-31","CURRENCY":"HKD","IS_CNY_CODE":0,"DPS_HKD_LY":null,"ORG_TYPE":"证券","PREMIUM_INCOME":null,"PREMIUM_INCOME_YOY":null,"NET_INTEREST_INCOME":null,"NET_INTEREST_INCOME_YOY":null,"FEE_COMMISSION_INCOME":null,"FEE_COMMISSION_INCOME_YOY":null,"ACCOUNTS_RECE_TDAYS":null,"INVENTORY_TDAYS":null,"CURRENT_ASSETS_TDAYS":0.095173031167,"TOTAL_ASSETS_TDAYS":0.069614124085,"PREMIUM_EXPENSE":null,"LOAN_DEPOSIT":null,"LOAN_EQUITY":null,"LOAN_ASSETS":null,"DEPOSIT_EQUITY":null,"DEPOSIT_ASSETS":null,"EQUITY_MULTIPLIER":1.051987358046,"EQUITY_RATIO":0.051987358046},{"SECUCODE":"00204.HK","SECURITY_CODE":"00204","SECURITY_NAME_ABBR":"资本界金控","ORG_CODE":"10007470","STD_REPORT_DATE":"2021-06-30 00:00:00","REPORT_DATE":"2021-09-30 00:00:00","DATE_TYPE_CODE":"002","REPORT_TYPE":"2021年中报","PER_NETCASH_OPERATE":-0.033271601567,"PER_OI":0.00253327965,"BPS":0.150360735954,"BASIC_EPS":0.00249918,"DILUTED_EPS":0.00249918,"OPERATE_INCOME":4825083.52,"OPERATE_INCOME_YOY":488.6178861789,"GROSS_PROFIT":null,"GROSS_PROFIT_YOY":null,"HOLDER_PROFIT":4822584.34,"HOLDER_PROFIT_YOY":2443.7246963563,"GROSS_PROFIT_RATIO":null,"EPS_TTM":-0.006855766137,"OPERATE_INCOME_QOQ":null,"NET_PROFIT_RATIO":99.9482044199,"ROE_AVG":4.892808695321,"GROSS_PROFIT_QOQ":null,"ROA":3.901364028467,"HOLDER_PROFIT_QOQ":0,"ROE_YEARLY":9.785617390643,"ROIC_YEARLY":10.537189142454,"TOTAL_ASSETS":201816282.54,"TOTAL_LIABILITIES":45782478.42,"TAX_EBT":null,"OCF_SALES":-1313.38052486188,"TOTAL_PARENT_EQUITY":156033804.12,"DEBT_ASSET_RATIO":22.6852253167,"OPERATE_PROFIT":5421554.48,"PRETAX_PROFIT":4822584.34,"NETCASH_OPERATE":-63371707.26,"NETCASH_INVEST":-27308539.86,"NETCASH_FINANCE":140726326.62,"END_CASH":57072107.54,"DIVI_RATIO":null,"DIVIDEND_RATE":null,"CURRENT_RATIO":3.62376039449,"COMMON_ACS":3000000000,"CURRENTDEBT_DEBT":100,"ISSUED_COMMON_SHARES":1037729718,"HK_COMMON_SHARES":1037729718,"PER_SHARES":20000,"TOTAL_MARKET_CAP":148395349.674,"HKSK_MARKET_CAP":148395349.674,"PE_TTM":-2.486475589786,"PB_TTM":0.400936312011,"REPORT_DATE_SQ":"2020-06-30 00:00:00","REPORT_TYPE_SQ":"2020年中报","OPERATE_INCOME_SQ":864660.48,"DPS_HKD":null,"OPERATE_INCOME_QOQ_SQ":0,"NET_PROFIT_RATIO_SQ":-25.1016260163,"HOLDER_PROFIT_SQ":-217043.84,"HOLDER_PROFIT_QOQ_SQ":0,"ROE_AVG_SQ":-0.597022140578,"PE_TTM_SQ":-28.133622007719,"PB_TTM_SQ":1.8970225868,"ROA_SQ":-0.540044165555,"START_DATE":"2021-04-01 00:00:00","FISCAL_YEAR":"3-31","CURRENCY":"HKD","IS_CNY_CODE":0,"DPS_HKD_LY":null,"ORG_TYPE":"证券","PREMIUM_INCOME":null,"PREMIUM_INCOME_YOY":null,"NET_INTEREST_INCOME":null,"NET_INTEREST_INCOME_YOY":null,"FEE_COMMISSION_INCOME":null,"FEE_COMMISSION_INCOME_YOY":null,"ACCOUNTS_RECE_TDAYS":null,"INVENTORY_TDAYS":null,"CURRENT_ASSETS_TDAYS":0.047430506365,"TOTAL_ASSETS_TDAYS":0.039033858098,"PREMIUM_EXPENSE":null,"LOAN_DEPOSIT":null,"LOAN_EQUITY":null,"LOAN_ASSETS":null,"DEPOSIT_EQUITY":null,"DEPOSIT_ASSETS":null,"EQUITY_MULTIPLIER":1.29341384502,"EQUITY_RATIO":0.29341384502},{"SECUCODE":"00204.HK","SECURITY_CODE":"00204","SECURITY_NAME_ABBR":"资本界金控","ORG_CODE":"10007470","STD_REPORT_DATE":"2020-12-31 00:00:00","REPORT_DATE":"2021-03-31 00:00:00","DATE_TYPE_CODE":"001","REPORT_TYPE":"2020年年报","PER_NETCASH_OPERATE":-0.012432898606,"PER_OI":0.000694229522,"BPS":0.040177681969,"BASIC_EPS":-0.011663484,"DILUTED_EPS":-0.011663484,"OPERATE_INCOME":881522.74,"OPERATE_INCOME_YOY":1058.8888888889,"GROSS_PROFIT":null,"GROSS_PROFIT_YOY":null,"HOLDER_PROFIT":-13058031,"HOLDER_PROFIT_YOY":70.5943929503,"GROSS_PROFIT_RATIO":null,"EPS_TTM":-0.017180543356,"OPERATE_INCOME_QOQ":0,"NET_PROFIT_RATIO":-1481.3039309684,"ROE_AVG":-34.181037820378,"GROSS_PROFIT_QOQ":null,"ROA":-30.76831162624,"HOLDER_PROFIT_QOQ":0,"ROE_YEARLY":-34.181037820378,"ROIC_YEARLY":-34.47852623827,"TOTAL_ASSETS":46069916.62,"TOTAL_LIABILITIES":4376342.04,"TAX_EBT":null,"OCF_SALES":-1790.89165867689,"TOTAL_PARENT_EQUITY":41693574.58,"DEBT_ASSET_RATIO":9.4993487314,"OPERATE_PROFIT":-13058031,"PRETAX_PROFIT":-13058031,"NETCASH_OPERATE":-15787117.22,"NETCASH_INVEST":2763738.6,"NETCASH_FINANCE":18264339.8,"END_CASH":7187410.72,"DIVI_RATIO":null,"DIVIDEND_RATE":null,"CURRENT_RATIO":8.70606411742,"COMMON_ACS":3000000000,"CURRENTDEBT_DEBT":100,"ISSUED_COMMON_SHARES":1037729718,"HK_COMMON_SHARES":1037729718,"PER_SHARES":20000,"TOTAL_MARKET_CAP":69527891.106,"HKSK_MARKET_CAP":69527891.106,"PE_TTM":-1.16499205955,"PB_TTM":0.187851279054,"REPORT_DATE_SQ":"2019-12-31 00:00:00","REPORT_TYPE_SQ":"2019年年报","OPERATE_INCOME_SQ":82233,"DPS_HKD":null,"OPERATE_INCOME_QOQ_SQ":0,"NET_PROFIT_RATIO_SQ":-58378.8888888889,"HOLDER_PROFIT_SQ":-48006711.7,"HOLDER_PROFIT_QOQ_SQ":0,"ROE_AVG_SQ":-71.513056260676,"PE_TTM_SQ":31.274580214467,"PB_TTM_SQ":1.492040236809,"ROA_SQ":-67.624251082753,"START_DATE":"2020-04-01 00:00:00","FISCAL_YEAR":"3-31","CURRENCY":"HKD","IS_CNY_CODE":0,"DPS_HKD_LY":null,"ORG_TYPE":"证券","PREMIUM_INCOME":null,"PREMIUM_INCOME_YOY":null,"NET_INTEREST_INCOME":null,"NET_INTEREST_INCOME_YOY":null,"FEE_COMMISSION_INCOME":null,"FEE_COMMISSION_INCOME_YOY":null,"ACCOUNTS_RECE_TDAYS":null,"INVENTORY_TDAYS":null,"CURRENT_ASSETS_TDAYS":0.025354612084,"TOTAL_ASSETS_TDAYS":0.020771099693,"PREMIUM_EXPENSE":null,"LOAN_DEPOSIT":null,"LOAN_EQUITY":null,"LOAN_ASSETS":null,"DEPOSIT_EQUITY":null,"DEPOSIT_ASSETS":null,"EQUITY_MULTIPLIER":1.104964423993,"EQUITY_RATIO":0.104964423993},{"SECUCODE":"00204.HK","SECURITY_CODE":"00204","SECURITY_NAME_ABBR":"资本界金控","ORG_CODE":"10007470","STD_REPORT_DATE":"2020-06-30 00:00:00","REPORT_DATE":"2020-09-30 00:00:00","DATE_TYPE_CODE":"002","REPORT_TYPE":"2020年中报","PER_NETCASH_OPERATE":-0.000384476325,"PER_OI":0.00081711599,"BPS":0.035288357503,"BASIC_EPS":-0.000175744,"DILUTED_EPS":-0.000175744,"OPERATE_INCOME":864660.48,"OPERATE_INCOME_YOY":151.6624040921,"GROSS_PROFIT":null,"GROSS_PROFIT_YOY":null,"HOLDER_PROFIT":-217043.84,"HOLDER_PROFIT_YOY":99.1563343239,"GROSS_PROFIT_RATIO":null,"EPS_TTM":-0.045366999747,"OPERATE_INCOME_QOQ":0,"NET_PROFIT_RATIO":-25.1016260163,"ROE_AVG":-0.597022140578,"GROSS_PROFIT_QOQ":null,"ROA":-0.540044165555,"HOLDER_PROFIT_QOQ":0,"ROE_YEARLY":-1.194044281156,"ROIC_YEARLY":-1.136925927205,"TOTAL_ASSETS":40030089.6,"TOTAL_LIABILITIES":3410312.32,"TAX_EBT":null,"OCF_SALES":-47.052845528455,"TOTAL_PARENT_EQUITY":36619777.28,"DEBT_ASSET_RATIO":8.5193721875,"OPERATE_PROFIT":-217043.84,"PRETAX_PROFIT":-217043.84,"NETCASH_OPERATE":-406847.36,"NETCASH_INVEST":377849.6,"NETCASH_FINANCE":null,"END_CASH":1994694.4,"DIVI_RATIO":null,"DIVIDEND_RATE":null,"CURRENT_RATIO":9.546250966246,"COMMON_ACS":3000000000,"CURRENTDEBT_DEBT":100,"ISSUED_COMMON_SHARES":1037729718,"HK_COMMON_SHARES":1037729718,"PER_SHARES":20000,"TOTAL_MARKET_CAP":148395349.674,"HKSK_MARKET_CAP":148395349.674,"PE_TTM":-2.486475589786,"PB_TTM":0.400936312011,"REPORT_DATE_SQ":"2019-06-30 00:00:00","REPORT_TYPE_SQ":"2019年中报","OPERATE_INCOME_SQ":352685.91,"DPS_HKD":null,"OPERATE_INCOME_QOQ_SQ":0,"NET_PROFIT_RATIO_SQ":-7487.7237851662,"HOLDER_PROFIT_SQ":-26408146.77,"HOLDER_PROFIT_QOQ_SQ":0,"ROE_AVG_SQ":-33.82727603598,"PE_TTM_SQ":-28.133622007719,"PB_TTM_SQ":1.8970225868,"ROA_SQ":-32.231677914414,"START_DATE":"2020-04-01 00:00:00","FISCAL_YEAR":"3-31","CURRENCY":"HKD","IS_CNY_CODE":0,"DPS_HKD_LY":null,"ORG_TYPE":"证券","PREMIUM_INCOME":null,"PREMIUM_INCOME_YOY":null,"NET_INTEREST_INCOME":null,"NET_INTEREST_INCOME_YOY":null,"FEE_COMMISSION_INCOME":null,"FEE_COMMISSION_INCOME_YOY":null,"ACCOUNTS_RECE_TDAYS":null,"INVENTORY_TDAYS":null,"CURRENT_ASSETS_TDAYS":0.026507906576,"TOTAL_ASSETS_TDAYS":0.021514310077,"PREMIUM_EXPENSE":null,"LOAN_DEPOSIT":null,"LOAN_EQUITY":null,"LOAN_ASSETS":null,"DEPOSIT_EQUITY":null,"DEPOSIT_ASSETS":null,"EQUITY_MULTIPLIER":1.093127609541,"EQUITY_RATIO":0.093127609541}],"count":49},"success":true,"message":"ok","code":0}