{"version":"1e39965115265d1911b0237281f8230d","result":{"pages":5,"data":[{"SECUCODE":"00216.HK","SECURITY_CODE":"00216","SECURITY_NAME_ABBR":"建业实业","ORG_CODE":"10007480","STD_REPORT_DATE":"2024-06-30 00:00:00","REPORT_DATE":"2024-09-30 00:00:00","DATE_TYPE_CODE":"002","REPORT_TYPE":"2024年中报","PER_NETCASH_OPERATE":0.489533100255,"PER_OI":0.528153334583,"BPS":12.701466106077,"BASIC_EPS":-0.11362554,"DILUTED_EPS":-0.11362554,"OPERATE_INCOME":291206928.59,"OPERATE_INCOME_YOY":-50.3772558517,"GROSS_PROFIT":175251163.23,"GROSS_PROFIT_YOY":-47.965740851339,"HOLDER_PROFIT":-62465189.72,"HOLDER_PROFIT_YOY":-3004.7960555805,"GROSS_PROFIT_RATIO":60.180973055329,"EPS_TTM":-0.109612730661,"OPERATE_INCOME_QOQ":0,"NET_PROFIT_RATIO":-15.2080539822,"ROE_AVG":-0.905186166051,"GROSS_PROFIT_QOQ":0,"ROA":-0.332045443651,"HOLDER_PROFIT_QOQ":0,"ROE_YEARLY":-1.810372332102,"ROIC_YEARLY":-0.885446649916,"TOTAL_ASSETS":19070941294.46,"TOTAL_LIABILITIES":8454385857.64,"TAX_EBT":-63.672721213131,"OCF_SALES":92.687685223321,"TOTAL_PARENT_EQUITY":7003183907.3,"DEBT_ASSET_RATIO":44.3312457791,"OPERATE_PROFIT":98175171.93,"PRETAX_PROFIT":-27058208.95,"NETCASH_OPERATE":269912961.32,"NETCASH_INVEST":-63936911,"NETCASH_FINANCE":-259913913.8,"END_CASH":1172907752.76,"DIVI_RATIO":-0.206762023565,"DIVIDEND_RATE":3.676470588235,"CURRENT_RATIO":1.089707555963,"COMMON_ACS":null,"CURRENTDEBT_DEBT":29.832985533192,"ISSUED_COMMON_SHARES":551368153,"HK_COMMON_SHARES":551368153,"PER_SHARES":4000,"TOTAL_MARKET_CAP":374930344.04,"HKSK_MARKET_CAP":374930344.04,"PE_TTM":-2.804181954467,"PB_TTM":0.048279245473,"REPORT_DATE_SQ":"2023-06-30 00:00:00","REPORT_TYPE_SQ":"2023年中报","OPERATE_INCOME_SQ":597149557.76,"DPS_HKD":0.025,"OPERATE_INCOME_QOQ_SQ":0,"NET_PROFIT_RATIO_SQ":4.1215393883,"HOLDER_PROFIT_SQ":-2047232.53,"HOLDER_PROFIT_QOQ_SQ":0,"ROE_AVG_SQ":-0.028424196801,"PE_TTM_SQ":-37.446364408779,"PB_TTM_SQ":0.067987770678,"ROA_SQ":-0.010496297997,"START_DATE":"2024-04-01 00:00:00","FISCAL_YEAR":"3-31","CURRENCY":"HKD","IS_CNY_CODE":0,"DPS_HKD_LY":0.025,"ORG_TYPE":"一般企业","PREMIUM_INCOME":null,"PREMIUM_INCOME_YOY":null,"NET_INTEREST_INCOME":null,"NET_INTEREST_INCOME_YOY":null,"FEE_COMMISSION_INCOME":null,"FEE_COMMISSION_INCOME_YOY":null,"ACCOUNTS_RECE_TDAYS":14.461955304761,"INVENTORY_TDAYS":0.101138420746,"CURRENT_ASSETS_TDAYS":0.108115899135,"TOTAL_ASSETS_TDAYS":0.015479651023,"PREMIUM_EXPENSE":null,"LOAN_DEPOSIT":null,"LOAN_EQUITY":null,"LOAN_ASSETS":null,"DEPOSIT_EQUITY":null,"DEPOSIT_ASSETS":null,"EQUITY_MULTIPLIER":1.796339821135,"EQUITY_RATIO":1.20722031144},{"SECUCODE":"00216.HK","SECURITY_CODE":"00216","SECURITY_NAME_ABBR":"建业实业","ORG_CODE":"10007480","STD_REPORT_DATE":"2023-12-31 00:00:00","REPORT_DATE":"2024-03-31 00:00:00","DATE_TYPE_CODE":"001","REPORT_TYPE":"2023年年报","PER_NETCASH_OPERATE":0.103077104274,"PER_OI":1.812920280962,"BPS":12.395209225749,"BASIC_EPS":-0.108786,"DILUTED_EPS":-0.108786,"OPERATE_INCOME":999586506.85,"OPERATE_INCOME_YOY":3.3959670371,"GROSS_PROFIT":540172350.25,"GROSS_PROFIT_YOY":8.131769120098,"HOLDER_PROFIT":-60436968.85,"HOLDER_PROFIT_YOY":-302.1743745262,"GROSS_PROFIT_RATIO":54.039580021168,"EPS_TTM":-0.024734830595,"OPERATE_INCOME_QOQ":0,"NET_PROFIT_RATIO":-3.9773196194,"ROE_AVG":-0.858425135541,"GROSS_PROFIT_QOQ":0,"ROA":-0.317566762282,"HOLDER_PROFIT_QOQ":0,"ROE_YEARLY":-0.858425135541,"ROIC_YEARLY":-0.429034654972,"TOTAL_ASSETS":18651473925.3,"TOTAL_LIABILITIES":8369796305.55,"TAX_EBT":3273.2995658466,"OCF_SALES":5.685694255628,"TOTAL_PARENT_EQUITY":6834323616.85,"DEBT_ASSET_RATIO":44.874717886,"OPERATE_PROFIT":322955717.85,"PRETAX_PROFIT":1252852.1,"NETCASH_OPERATE":56833432.6,"NETCASH_INVEST":-493420660.2,"NETCASH_FINANCE":-8388307.15,"END_CASH":1174915089.95,"DIVI_RATIO":-0.916268656575,"DIVIDEND_RATE":3.846153846154,"CURRENT_RATIO":1.0286155247,"COMMON_ACS":null,"CURRENTDEBT_DEBT":30.808665529173,"ISSUED_COMMON_SHARES":551368153,"HK_COMMON_SHARES":551368153,"PER_SHARES":4000,"TOTAL_MARKET_CAP":358389299.45,"HKSK_MARKET_CAP":358389299.45,"PE_TTM":-2.680468044711,"PB_TTM":0.046149278761,"REPORT_DATE_SQ":"2022-12-31 00:00:00","REPORT_TYPE_SQ":"2022年年报","OPERATE_INCOME_SQ":933547728.92,"DPS_HKD":0.025,"OPERATE_INCOME_QOQ_SQ":0,"NET_PROFIT_RATIO_SQ":7.9620259337,"HOLDER_PROFIT_SQ":28866644.75,"HOLDER_PROFIT_QOQ_SQ":0,"ROE_AVG_SQ":0.401108482602,"PE_TTM_SQ":-39.417225693452,"PB_TTM_SQ":0.071566074397,"ROA_SQ":0.152460394049,"START_DATE":"2023-04-01 00:00:00","FISCAL_YEAR":"3-31","CURRENCY":"HKD","IS_CNY_CODE":0,"DPS_HKD_LY":0.05,"ORG_TYPE":"一般企业","PREMIUM_INCOME":null,"PREMIUM_INCOME_YOY":null,"NET_INTEREST_INCOME":null,"NET_INTEREST_INCOME_YOY":null,"FEE_COMMISSION_INCOME":null,"FEE_COMMISSION_INCOME_YOY":null,"ACCOUNTS_RECE_TDAYS":79.220246434601,"INVENTORY_TDAYS":0.392987560652,"CURRENT_ASSETS_TDAYS":0.336312059204,"TOTAL_ASSETS_TDAYS":0.052523390342,"PREMIUM_EXPENSE":null,"LOAN_DEPOSIT":null,"LOAN_EQUITY":null,"LOAN_ASSETS":null,"DEPOSIT_EQUITY":null,"DEPOSIT_ASSETS":null,"EQUITY_MULTIPLIER":1.814049673128,"EQUITY_RATIO":1.224670761114},{"SECUCODE":"00216.HK","SECURITY_CODE":"00216","SECURITY_NAME_ABBR":"建业实业","ORG_CODE":"10007480","STD_REPORT_DATE":"2023-06-30 00:00:00","REPORT_DATE":"2023-09-30 00:00:00","DATE_TYPE_CODE":"002","REPORT_TYPE":"2023年中报","PER_NETCASH_OPERATE":0.550291924224,"PER_OI":1.083032370497,"BPS":12.822136853613,"BASIC_EPS":-0.00367052,"DILUTED_EPS":-0.00367052,"OPERATE_INCOME":597149557.76,"OPERATE_INCOME_YOY":2.0662569913,"GROSS_PROFIT":336799574.16,"GROSS_PROFIT_YOY":5.213614890101,"HOLDER_PROFIT":-2047232.53,"HOLDER_PROFIT_YOY":-104.9874809979,"GROSS_PROFIT_RATIO":56.401209677419,"EPS_TTM":0.052354573968,"OPERATE_INCOME_QOQ":0,"NET_PROFIT_RATIO":4.1215393883,"ROE_AVG":-0.028424196801,"GROSS_PROFIT_QOQ":0,"ROA":-0.010496297997,"HOLDER_PROFIT_QOQ":0,"ROE_YEARLY":-0.056848393603,"ROIC_YEARLY":-0.028702239067,"TOTAL_ASSETS":19360359618.6,"TOTAL_LIABILITIES":8814359199.1,"TAX_EBT":82.95921673772,"OCF_SALES":50.810293322187,"TOTAL_PARENT_EQUITY":7069717914.49,"DEBT_ASSET_RATIO":45.5278691757,"OPERATE_PROFIT":314537870.36,"PRETAX_PROFIT":144428538.59,"NETCASH_OPERATE":303413441.87,"NETCASH_INVEST":-269199607.32,"NETCASH_FINANCE":-2608822.09,"END_CASH":1668131130.47,"DIVI_RATIO":0.432889588859,"DIVIDEND_RATE":3.846153846154,"CURRENT_RATIO":1.689087630515,"COMMON_ACS":null,"CURRENTDEBT_DEBT":21.476913915572,"ISSUED_COMMON_SHARES":551368153,"HK_COMMON_SHARES":551368153,"PER_SHARES":4000,"TOTAL_MARKET_CAP":358389299.45,"HKSK_MARKET_CAP":358389299.45,"PE_TTM":-2.680468044711,"PB_TTM":0.046149278761,"REPORT_DATE_SQ":"2022-06-30 00:00:00","REPORT_TYPE_SQ":"2022年中报","OPERATE_INCOME_SQ":576651046.32,"DPS_HKD":0.025,"OPERATE_INCOME_QOQ_SQ":0,"NET_PROFIT_RATIO_SQ":13.0104865601,"HOLDER_PROFIT_SQ":40457410.08,"HOLDER_PROFIT_QOQ_SQ":0,"ROE_AVG_SQ":0.548741741027,"PE_TTM_SQ":-39.417225693452,"PB_TTM_SQ":0.071566074397,"ROA_SQ":0.210408533672,"START_DATE":"2023-04-01 00:00:00","FISCAL_YEAR":"3-31","CURRENCY":"HKD","IS_CNY_CODE":0,"DPS_HKD_LY":0.05,"ORG_TYPE":"一般企业","PREMIUM_INCOME":null,"PREMIUM_INCOME_YOY":null,"NET_INTEREST_INCOME":null,"NET_INTEREST_INCOME_YOY":null,"FEE_COMMISSION_INCOME":null,"FEE_COMMISSION_INCOME_YOY":null,"ACCOUNTS_RECE_TDAYS":56.070308461141,"INVENTORY_TDAYS":0.212465538564,"CURRENT_ASSETS_TDAYS":0.182901084755,"TOTAL_ASSETS_TDAYS":0.030616256898,"PREMIUM_EXPENSE":null,"LOAN_DEPOSIT":null,"LOAN_EQUITY":null,"LOAN_ASSETS":null,"DEPOSIT_EQUITY":null,"DEPOSIT_ASSETS":null,"EQUITY_MULTIPLIER":1.83580114247,"EQUITY_RATIO":1.246776647345},{"SECUCODE":"00216.HK","SECURITY_CODE":"00216","SECURITY_NAME_ABBR":"建业实业","ORG_CODE":"10007480","STD_REPORT_DATE":"2022-12-31 00:00:00","REPORT_DATE":"2023-03-31 00:00:00","DATE_TYPE_CODE":"001","REPORT_TYPE":"2022年年报","PER_NETCASH_OPERATE":0.245835486566,"PER_OI":1.693147715987,"BPS":12.691431443085,"BASIC_EPS":0.0525246,"DILUTED_EPS":0.0525246,"OPERATE_INCOME":933547728.92,"OPERATE_INCOME_YOY":-4.1428277368,"GROSS_PROFIT":499550090.27,"GROSS_PROFIT_YOY":3.060466085306,"HOLDER_PROFIT":28866644.75,"HOLDER_PROFIT_YOY":-40.8031739193,"GROSS_PROFIT_RATIO":53.510931985011,"EPS_TTM":0.066955980644,"OPERATE_INCOME_QOQ":0,"NET_PROFIT_RATIO":7.9620259337,"ROE_AVG":0.401108482602,"GROSS_PROFIT_QOQ":0,"ROA":0.152460394049,"HOLDER_PROFIT_QOQ":0,"ROE_YEARLY":0.401108482602,"ROIC_YEARLY":0.210638593615,"TOTAL_ASSETS":18744284172.46,"TOTAL_LIABILITIES":8301317813.57,"TAX_EBT":63.153486636261,"OCF_SALES":14.51943526517,"TOTAL_PARENT_EQUITY":6997651113.7,"DEBT_ASSET_RATIO":44.2871956976,"OPERATE_PROFIT":414586297.31,"PRETAX_PROFIT":201726854.17,"NETCASH_OPERATE":135545858.17,"NETCASH_INVEST":-472791432.8,"NETCASH_FINANCE":297265599.93,"END_CASH":1615445722.19,"DIVI_RATIO":0.338487313336,"DIVIDEND_RATE":3.731343283582,"CURRENT_RATIO":1.248452385455,"COMMON_ACS":null,"CURRENTDEBT_DEBT":30.673187822512,"ISSUED_COMMON_SHARES":551368153,"HK_COMMON_SHARES":551368153,"PER_SHARES":4000,"TOTAL_MARKET_CAP":369416662.51,"HKSK_MARKET_CAP":369416662.51,"PE_TTM":-2.762943984548,"PB_TTM":0.047569256569,"REPORT_DATE_SQ":"2021-12-31 00:00:00","REPORT_TYPE_SQ":"2021年年报","OPERATE_INCOME_SQ":902249436.01,"DPS_HKD":0.025,"OPERATE_INCOME_QOQ_SQ":0,"NET_PROFIT_RATIO_SQ":8.5879473367,"HOLDER_PROFIT_SQ":45176501.04,"HOLDER_PROFIT_QOQ_SQ":0,"ROE_AVG_SQ":0.667808172989,"PE_TTM_SQ":16.720793115997,"PB_TTM_SQ":0.071566074397,"ROA_SQ":0.258253354914,"START_DATE":"2022-04-01 00:00:00","FISCAL_YEAR":"3-31","CURRENCY":"HKD","IS_CNY_CODE":0,"DPS_HKD_LY":0.05,"ORG_TYPE":"一般企业","PREMIUM_INCOME":null,"PREMIUM_INCOME_YOY":null,"NET_INTEREST_INCOME":null,"NET_INTEREST_INCOME_YOY":null,"FEE_COMMISSION_INCOME":null,"FEE_COMMISSION_INCOME_YOY":null,"ACCOUNTS_RECE_TDAYS":84.47162263852,"INVENTORY_TDAYS":0.293321350367,"CURRENT_ASSETS_TDAYS":0.270111785862,"TOTAL_ASSETS_TDAYS":0.049305714553,"PREMIUM_EXPENSE":null,"LOAN_DEPOSIT":null,"LOAN_EQUITY":null,"LOAN_ASSETS":null,"DEPOSIT_EQUITY":null,"DEPOSIT_ASSETS":null,"EQUITY_MULTIPLIER":1.794919520784,"EQUITY_RATIO":1.186300614119},{"SECUCODE":"00216.HK","SECURITY_CODE":"00216","SECURITY_NAME_ABBR":"建业实业","ORG_CODE":"10007480","STD_REPORT_DATE":"2022-06-30 00:00:00","REPORT_DATE":"2022-09-30 00:00:00","DATE_TYPE_CODE":"002","REPORT_TYPE":"2022年中报","PER_NETCASH_OPERATE":0.178636397304,"PER_OI":1.04585483072,"BPS":12.885182554532,"BASIC_EPS":0.07325964,"DILUTED_EPS":0.07325964,"OPERATE_INCOME":576651046.32,"OPERATE_INCOME_YOY":4.5936847907,"GROSS_PROFIT":320110258.08,"GROSS_PROFIT_YOY":9.538351539527,"HOLDER_PROFIT":40457410.08,"HOLDER_PROFIT_YOY":-23.507583919,"GROSS_PROFIT_RATIO":55.511953047313,"EPS_TTM":0.081935274633,"OPERATE_INCOME_QOQ":0,"NET_PROFIT_RATIO":13.0104865601,"ROE_AVG":0.548741741027,"GROSS_PROFIT_QOQ":0,"ROA":0.210408533672,"HOLDER_PROFIT_QOQ":0,"ROE_YEARLY":1.097483482054,"ROIC_YEARLY":0.587564702456,"TOTAL_ASSETS":18698445017.52,"TOTAL_LIABILITIES":8131071163.68,"TAX_EBT":53.673370229924,"OCF_SALES":17.080419964302,"TOTAL_PARENT_EQUITY":7104479306.16,"DEBT_ASSET_RATIO":43.4852799581,"OPERATE_PROFIT":244713426.36,"PRETAX_PROFIT":161948121.96,"NETCASH_OPERATE":98494420.44,"NETCASH_INVEST":-87532607.64,"NETCASH_FINANCE":201641280.24,"END_CASH":1855450520.04,"DIVI_RATIO":0.2766055292,"DIVIDEND_RATE":3.731343283582,"CURRENT_RATIO":1.130166796449,"COMMON_ACS":null,"CURRENTDEBT_DEBT":40.682113757112,"ISSUED_COMMON_SHARES":551368153,"HK_COMMON_SHARES":551368153,"PER_SHARES":4000,"TOTAL_MARKET_CAP":369416662.51,"HKSK_MARKET_CAP":369416662.51,"PE_TTM":-2.762943984548,"PB_TTM":0.047569256569,"REPORT_DATE_SQ":"2021-06-30 00:00:00","REPORT_TYPE_SQ":"2021年中报","OPERATE_INCOME_SQ":507813382.56,"DPS_HKD":0.025,"OPERATE_INCOME_QOQ_SQ":0,"NET_PROFIT_RATIO_SQ":15.7908119742,"HOLDER_PROFIT_SQ":48716515.74,"HOLDER_PROFIT_QOQ_SQ":0,"ROE_AVG_SQ":0.70544960696,"PE_TTM_SQ":16.720793115997,"PB_TTM_SQ":0.071566074397,"ROA_SQ":0.274969424528,"START_DATE":"2022-04-01 00:00:00","FISCAL_YEAR":"3-31","CURRENCY":"HKD","IS_CNY_CODE":0,"DPS_HKD_LY":0.05,"ORG_TYPE":"一般企业","PREMIUM_INCOME":null,"PREMIUM_INCOME_YOY":null,"NET_INTEREST_INCOME":null,"NET_INTEREST_INCOME_YOY":null,"FEE_COMMISSION_INCOME":null,"FEE_COMMISSION_INCOME_YOY":null,"ACCOUNTS_RECE_TDAYS":43.02726413821,"INVENTORY_TDAYS":0.152413038981,"CURRENT_ASSETS_TDAYS":0.151836713698,"TOTAL_ASSETS_TDAYS":0.029990130574,"PREMIUM_EXPENSE":null,"LOAN_DEPOSIT":null,"LOAN_EQUITY":null,"LOAN_ASSETS":null,"DEPOSIT_EQUITY":null,"DEPOSIT_ASSETS":null,"EQUITY_MULTIPLIER":1.76945050645,"EQUITY_RATIO":1.144499239604},{"SECUCODE":"00216.HK","SECURITY_CODE":"00216","SECURITY_NAME_ABBR":"建业实业","ORG_CODE":"10007480","STD_REPORT_DATE":"2021-12-31 00:00:00","REPORT_DATE":"2022-03-31 00:00:00","DATE_TYPE_CODE":"001","REPORT_TYPE":"2021年年报","PER_NETCASH_OPERATE":0.393806782507,"PER_OI":1.636382934163,"BPS":12.426741139073,"BASIC_EPS":0.081101,"DILUTED_EPS":0.081101,"OPERATE_INCOME":902249436.01,"OPERATE_INCOME_YOY":-12.9486174297,"GROSS_PROFIT":484715535.69,"GROSS_PROFIT_YOY":-10.283057511215,"HOLDER_PROFIT":45176501.04,"HOLDER_PROFIT_YOY":-28.4709024603,"GROSS_PROFIT_RATIO":53.723007889431,"EPS_TTM":0.122476253611,"OPERATE_INCOME_QOQ":0,"NET_PROFIT_RATIO":8.5879473367,"ROE_AVG":0.667808172989,"GROSS_PROFIT_QOQ":0,"ROA":0.258253354914,"HOLDER_PROFIT_QOQ":0,"ROE_YEARLY":0.667808172989,"ROIC_YEARLY":0.360350674304,"TOTAL_ASSETS":17716618881.3,"TOTAL_LIABILITIES":7489964447.54,"TAX_EBT":58.234538110476,"OCF_SALES":24.065686233091,"TOTAL_PARENT_EQUITY":6851709309.66,"DEBT_ASSET_RATIO":42.2764890848,"OPERATE_PROFIT":286019707.71,"PRETAX_PROFIT":185523403.56,"NETCASH_OPERATE":217132518.31,"NETCASH_INVEST":-177453043.05,"NETCASH_FINANCE":-128172020.4,"END_CASH":1598615062.41,"DIVI_RATIO":0.185046074906,"DIVIDEND_RATE":3.731343283582,"CURRENT_RATIO":0.876047700128,"COMMON_ACS":null,"CURRENTDEBT_DEBT":52.712251203365,"ISSUED_COMMON_SHARES":551368153,"HK_COMMON_SHARES":551368153,"PER_SHARES":4000,"TOTAL_MARKET_CAP":369416662.51,"HKSK_MARKET_CAP":369416662.51,"PE_TTM":-2.762943984548,"PB_TTM":0.047569256569,"REPORT_DATE_SQ":"2020-12-31 00:00:00","REPORT_TYPE_SQ":"2020年年报","OPERATE_INCOME_SQ":1080124826.76,"DPS_HKD":0.025,"OPERATE_INCOME_QOQ_SQ":0,"NET_PROFIT_RATIO_SQ":9.2286902319,"HOLDER_PROFIT_SQ":65819237.68,"HOLDER_PROFIT_QOQ_SQ":0,"ROE_AVG_SQ":0.976097726088,"PE_TTM_SQ":16.720793115997,"PB_TTM_SQ":0.071566074397,"ROA_SQ":0.372071138993,"START_DATE":"2021-04-01 00:00:00","FISCAL_YEAR":"3-31","CURRENCY":"HKD","IS_CNY_CODE":0,"DPS_HKD_LY":0.05,"ORG_TYPE":"一般企业","PREMIUM_INCOME":null,"PREMIUM_INCOME_YOY":null,"NET_INTEREST_INCOME":null,"NET_INTEREST_INCOME_YOY":null,"FEE_COMMISSION_INCOME":null,"FEE_COMMISSION_INCOME_YOY":null,"ACCOUNTS_RECE_TDAYS":66.547091371317,"INVENTORY_TDAYS":0.25267890228,"CURRENT_ASSETS_TDAYS":0.253707576568,"TOTAL_ASSETS_TDAYS":0.051577465818,"PREMIUM_EXPENSE":null,"LOAN_DEPOSIT":null,"LOAN_EQUITY":null,"LOAN_ASSETS":null,"DEPOSIT_EQUITY":null,"DEPOSIT_ASSETS":null,"EQUITY_MULTIPLIER":1.732396356606,"EQUITY_RATIO":1.093152687751},{"SECUCODE":"00216.HK","SECURITY_CODE":"00216","SECURITY_NAME_ABBR":"建业实业","ORG_CODE":"10007480","STD_REPORT_DATE":"2021-06-30 00:00:00","REPORT_DATE":"2021-09-30 00:00:00","DATE_TYPE_CODE":"002","REPORT_TYPE":"2021年中报","PER_NETCASH_OPERATE":0.157979297727,"PER_OI":0.921006009863,"BPS":12.608344975812,"BASIC_EPS":0.0916366,"DILUTED_EPS":0.0916366,"OPERATE_INCOME":507813382.56,"OPERATE_INCOME_YOY":-18.7315435615,"GROSS_PROFIT":292235781.88,"GROSS_PROFIT_YOY":1.245084553643,"HOLDER_PROFIT":48716515.74,"HOLDER_PROFIT_YOY":9.3188021086,"GROSS_PROFIT_RATIO":57.547869338688,"EPS_TTM":0.119374391361,"OPERATE_INCOME_QOQ":0,"NET_PROFIT_RATIO":15.7908119742,"ROE_AVG":0.70544960696,"GROSS_PROFIT_QOQ":0,"ROA":0.274969424528,"HOLDER_PROFIT_QOQ":0,"ROE_YEARLY":1.410899213919,"ROIC_YEARLY":0.763813033449,"TOTAL_ASSETS":17695034124.48,"TOTAL_LIABILITIES":7316012893.76,"TAX_EBT":49.377054353257,"OCF_SALES":17.1529062824,"TOTAL_PARENT_EQUITY":6951839881.7,"DEBT_ASSET_RATIO":41.3450058491,"OPERATE_PROFIT":209304658.88,"PRETAX_PROFIT":158402193.7,"NETCASH_OPERATE":87104753.6,"NETCASH_INVEST":40633334.56,"NETCASH_FINANCE":-366041565.64,"END_CASH":1443430566.1,"DIVI_RATIO":0.189854371123,"DIVIDEND_RATE":3.731343283582,"CURRENT_RATIO":1.238783079376,"COMMON_ACS":null,"CURRENTDEBT_DEBT":39.527978286733,"ISSUED_COMMON_SHARES":551368153,"HK_COMMON_SHARES":551368153,"PER_SHARES":4000,"TOTAL_MARKET_CAP":369416662.51,"HKSK_MARKET_CAP":369416662.51,"PE_TTM":-2.762943984548,"PB_TTM":0.047569256569,"REPORT_DATE_SQ":"2020-06-30 00:00:00","REPORT_TYPE_SQ":"2020年中报","OPERATE_INCOME_SQ":659107661.44,"DPS_HKD":0.025,"OPERATE_INCOME_QOQ_SQ":0,"NET_PROFIT_RATIO_SQ":11.1509884985,"HOLDER_PROFIT_SQ":47006247.68,"HOLDER_PROFIT_QOQ_SQ":0,"ROE_AVG_SQ":0.685437283078,"PE_TTM_SQ":16.720793115997,"PB_TTM_SQ":0.071566074397,"ROA_SQ":0.259655643922,"START_DATE":"2021-04-01 00:00:00","FISCAL_YEAR":"3-31","CURRENCY":"HKD","IS_CNY_CODE":0,"DPS_HKD_LY":0.05,"ORG_TYPE":"一般企业","PREMIUM_INCOME":null,"PREMIUM_INCOME_YOY":null,"NET_INTEREST_INCOME":null,"NET_INTEREST_INCOME_YOY":null,"FEE_COMMISSION_INCOME":null,"FEE_COMMISSION_INCOME_YOY":null,"ACCOUNTS_RECE_TDAYS":36.549706199784,"INVENTORY_TDAYS":0.123080098758,"CURRENT_ASSETS_TDAYS":0.138453513754,"TOTAL_ASSETS_TDAYS":0.028662385117,"PREMIUM_EXPENSE":null,"LOAN_DEPOSIT":null,"LOAN_EQUITY":null,"LOAN_ASSETS":null,"DEPOSIT_EQUITY":null,"DEPOSIT_ASSETS":null,"EQUITY_MULTIPLIER":1.704884664087,"EQUITY_RATIO":1.052385126565},{"SECUCODE":"00216.HK","SECURITY_CODE":"00216","SECURITY_NAME_ABBR":"建业实业","ORG_CODE":"10007480","STD_REPORT_DATE":"2020-12-31 00:00:00","REPORT_DATE":"2021-03-31 00:00:00","DATE_TYPE_CODE":"001","REPORT_TYPE":"2020年年报","PER_NETCASH_OPERATE":0.290055735482,"PER_OI":1.958990233446,"BPS":12.622128129007,"BASIC_EPS":0.1183252,"DILUTED_EPS":0.1183252,"OPERATE_INCOME":1080124826.76,"OPERATE_INCOME_YOY":99.8589395129,"GROSS_PROFIT":540272018.02,"GROSS_PROFIT_YOY":57.368134186802,"HOLDER_PROFIT":65819237.68,"HOLDER_PROFIT_YOY":271.4461836515,"GROSS_PROFIT_RATIO":50.019405594132,"EPS_TTM":-0.21380524194,"OPERATE_INCOME_QOQ":0,"NET_PROFIT_RATIO":9.2286902319,"ROE_AVG":0.976097726088,"GROSS_PROFIT_QOQ":0,"ROA":0.372071138993,"HOLDER_PROFIT_QOQ":0,"ROE_YEARLY":0.976097726088,"ROIC_YEARLY":0.523317378994,"TOTAL_ASSETS":17997180937.54,"TOTAL_LIABILITIES":7605972592.12,"TAX_EBT":64.693503048954,"OCF_SALES":14.806390074352,"TOTAL_PARENT_EQUITY":6959439473.42,"DEBT_ASSET_RATIO":42.2620221384,"OPERATE_PROFIT":355345788.84,"PRETAX_PROFIT":282331533.82,"NETCASH_OPERATE":159927495.14,"NETCASH_INVEST":-32453221.64,"NETCASH_FINANCE":-407096160.24,"END_CASH":1688250430.72,"DIVI_RATIO":-0.106001844456,"DIVIDEND_RATE":3.731343283582,"CURRENT_RATIO":1.663102141225,"COMMON_ACS":null,"CURRENTDEBT_DEBT":30.101628649727,"ISSUED_COMMON_SHARES":551368153,"HK_COMMON_SHARES":551368153,"PER_SHARES":4000,"TOTAL_MARKET_CAP":369416662.51,"HKSK_MARKET_CAP":369416662.51,"PE_TTM":-2.762943984548,"PB_TTM":0.047569256569,"REPORT_DATE_SQ":"2019-12-31 00:00:00","REPORT_TYPE_SQ":"2019年年报","OPERATE_INCOME_SQ":584258155.4,"DPS_HKD":0.025,"OPERATE_INCOME_QOQ_SQ":0,"NET_PROFIT_RATIO_SQ":-5.3504461703,"HOLDER_PROFIT_SQ":-41502995.1,"HOLDER_PROFIT_QOQ_SQ":0,"ROE_AVG_SQ":-0.574680069079,"PE_TTM_SQ":16.720793115997,"PB_TTM_SQ":0.071566074397,"ROA_SQ":-0.222234546026,"START_DATE":"2020-04-01 00:00:00","FISCAL_YEAR":"3-31","CURRENCY":"HKD","IS_CNY_CODE":0,"DPS_HKD_LY":0.05,"ORG_TYPE":"一般企业","PREMIUM_INCOME":null,"PREMIUM_INCOME_YOY":null,"NET_INTEREST_INCOME":null,"NET_INTEREST_INCOME_YOY":null,"FEE_COMMISSION_INCOME":null,"FEE_COMMISSION_INCOME_YOY":null,"ACCOUNTS_RECE_TDAYS":64.07048855689,"INVENTORY_TDAYS":0.304536100021,"CURRENT_ASSETS_TDAYS":0.281727933619,"TOTAL_ASSETS_TDAYS":0.061058634027,"PREMIUM_EXPENSE":null,"LOAN_DEPOSIT":null,"LOAN_EQUITY":null,"LOAN_ASSETS":null,"DEPOSIT_EQUITY":null,"DEPOSIT_ASSETS":null,"EQUITY_MULTIPLIER":1.731962283814,"EQUITY_RATIO":1.092900171223},{"SECUCODE":"00216.HK","SECURITY_CODE":"00216","SECURITY_NAME_ABBR":"建业实业","ORG_CODE":"10007480","STD_REPORT_DATE":"2020-06-30 00:00:00","REPORT_DATE":"2020-09-30 00:00:00","DATE_TYPE_CODE":"002","REPORT_TYPE":"2020年中报","PER_NETCASH_OPERATE":0.107823928525,"PER_OI":1.195403938102,"BPS":12.568608361825,"BASIC_EPS":0.087872,"DILUTED_EPS":0.087872,"OPERATE_INCOME":659107661.44,"OPERATE_INCOME_YOY":100.167856876,"GROSS_PROFIT":288641945.6,"GROSS_PROFIT_YOY":21.290617117234,"HOLDER_PROFIT":47006247.68,"HOLDER_PROFIT_YOY":-60.8941978025,"GROSS_PROFIT_RATIO":43.792837268707,"EPS_TTM":-0.075272746302,"OPERATE_INCOME_QOQ":0,"NET_PROFIT_RATIO":11.1509884985,"ROE_AVG":0.685437283078,"GROSS_PROFIT_QOQ":0,"ROA":0.259655643922,"HOLDER_PROFIT_QOQ":0,"ROE_YEARLY":1.370874566156,"ROIC_YEARLY":0.731154231117,"TOTAL_ASSETS":18134051495.68,"TOTAL_LIABILITIES":7792208648.32,"TAX_EBT":62.334223479134,"OCF_SALES":9.019873959607,"TOTAL_PARENT_EQUITY":6929930378.24,"DEBT_ASSET_RATIO":42.9700370608,"OPERATE_PROFIT":233308947.2,"PRETAX_PROFIT":195129441.92,"NETCASH_OPERATE":59450680.32,"NETCASH_INVEST":-8101798.4,"NETCASH_FINANCE":-266706458.24,"END_CASH":1770745578.24,"DIVI_RATIO":-0.301088390065,"DIVIDEND_RATE":3.731343283582,"CURRENT_RATIO":1.074713341743,"COMMON_ACS":null,"CURRENTDEBT_DEBT":45.306952291135,"ISSUED_COMMON_SHARES":551368153,"HK_COMMON_SHARES":551368153,"PER_SHARES":4000,"TOTAL_MARKET_CAP":369416662.51,"HKSK_MARKET_CAP":369416662.51,"PE_TTM":-2.762943984548,"PB_TTM":0.047569256569,"REPORT_DATE_SQ":"2019-06-30 00:00:00","REPORT_TYPE_SQ":"2019年中报","OPERATE_INCOME_SQ":338004795.24,"DPS_HKD":0.025,"OPERATE_INCOME_QOQ_SQ":0,"NET_PROFIT_RATIO_SQ":59.6324227965,"HOLDER_PROFIT_SQ":123388653.93,"HOLDER_PROFIT_QOQ_SQ":0,"ROE_AVG_SQ":1.718527802096,"PE_TTM_SQ":16.720793115997,"PB_TTM_SQ":0.071566074397,"ROA_SQ":0.68411875569,"START_DATE":"2020-04-01 00:00:00","FISCAL_YEAR":"3-31","CURRENCY":"HKD","IS_CNY_CODE":0,"DPS_HKD_LY":0.05,"ORG_TYPE":"一般企业","PREMIUM_INCOME":null,"PREMIUM_INCOME_YOY":null,"NET_INTEREST_INCOME":null,"NET_INTEREST_INCOME_YOY":null,"FEE_COMMISSION_INCOME":null,"FEE_COMMISSION_INCOME_YOY":null,"ACCOUNTS_RECE_TDAYS":36.561477906948,"INVENTORY_TDAYS":0.203183928307,"CURRENT_ASSETS_TDAYS":0.168839273746,"TOTAL_ASSETS_TDAYS":0.036408144171,"PREMIUM_EXPENSE":null,"LOAN_DEPOSIT":null,"LOAN_EQUITY":null,"LOAN_ASSETS":null,"DEPOSIT_EQUITY":null,"DEPOSIT_ASSETS":null,"EQUITY_MULTIPLIER":1.753464229086,"EQUITY_RATIO":1.124428128858}],"count":44},"success":true,"message":"ok","code":0}