{"version":"5b52fc1b0254da17d38ee31ba11392d8","result":{"pages":5,"data":[{"SECUCODE":"00211.HK","SECURITY_CODE":"00211","SECURITY_NAME_ABBR":"STYLAND HOLD","ORG_CODE":"10007476","STD_REPORT_DATE":"2024-06-30 00:00:00","REPORT_DATE":"2024-09-30 00:00:00","DATE_TYPE_CODE":"002","REPORT_TYPE":"2024年中报","PER_NETCASH_OPERATE":0.025757865965,"PER_OI":0.018968088493,"BPS":0.391076447928,"BASIC_EPS":-0.02254475,"DILUTED_EPS":-0.02254475,"OPERATE_INCOME":13672038.19,"OPERATE_INCOME_YOY":17.2000618429,"GROSS_PROFIT":null,"GROSS_PROFIT_YOY":null,"HOLDER_PROFIT":-16250255.8,"HOLDER_PROFIT_YOY":32.4030309851,"GROSS_PROFIT_RATIO":null,"EPS_TTM":-0.097917470731,"OPERATE_INCOME_QOQ":0,"NET_PROFIT_RATIO":-118.8575951454,"ROE_AVG":-5.523659470379,"GROSS_PROFIT_QOQ":null,"ROA":-2.693506064499,"HOLDER_PROFIT_QOQ":0,"ROE_YEARLY":-11.047318940757,"ROIC_YEARLY":-5.552162054115,"TOTAL_ASSETS":610610125.11,"TOTAL_LIABILITIES":323932887.69,"TAX_EBT":null,"OCF_SALES":135.795791834312,"TOTAL_PARENT_EQUITY":286677237.42,"DEBT_ASSET_RATIO":53.0506905092,"OPERATE_PROFIT":-8998962.41,"PRETAX_PROFIT":-16250255.8,"NETCASH_OPERATE":18566052.52,"NETCASH_INVEST":-68536.04,"NETCASH_FINANCE":-17635405.24,"END_CASH":17757146.89,"DIVI_RATIO":null,"DIVIDEND_RATE":null,"CURRENT_RATIO":0.65973944517,"COMMON_ACS":20000000000,"CURRENTDEBT_DEBT":96.758172773106,"ISSUED_COMMON_SHARES":733046541,"HK_COMMON_SHARES":733046541,"PER_SHARES":10000,"TOTAL_MARKET_CAP":151007587.446,"HKSK_MARKET_CAP":151007587.446,"PE_TTM":-2.215519409704,"PB_TTM":0.475018991771,"REPORT_DATE_SQ":"2023-06-30 00:00:00","REPORT_TYPE_SQ":"2023年中报","OPERATE_INCOME_SQ":11870461.68,"DPS_HKD":null,"OPERATE_INCOME_QOQ_SQ":0,"NET_PROFIT_RATIO_SQ":-206.0760667904,"HOLDER_PROFIT_SQ":-24462180.54,"HOLDER_PROFIT_QOQ_SQ":0,"ROE_AVG_SQ":-6.701306928304,"PE_TTM_SQ":-1.874208455174,"PB_TTM_SQ":0.343970975967,"ROA_SQ":-3.504836932656,"START_DATE":"2024-04-01 00:00:00","FISCAL_YEAR":"3-31","CURRENCY":"HKD","IS_CNY_CODE":0,"DPS_HKD_LY":null,"ORG_TYPE":"证券","PREMIUM_INCOME":null,"PREMIUM_INCOME_YOY":null,"NET_INTEREST_INCOME":null,"NET_INTEREST_INCOME_YOY":null,"FEE_COMMISSION_INCOME":null,"FEE_COMMISSION_INCOME_YOY":null,"ACCOUNTS_RECE_TDAYS":0.820733522804,"INVENTORY_TDAYS":null,"CURRENT_ASSETS_TDAYS":0.068382275004,"TOTAL_ASSETS_TDAYS":0.022661623443,"PREMIUM_EXPENSE":null,"LOAN_DEPOSIT":null,"LOAN_EQUITY":null,"LOAN_ASSETS":null,"DEPOSIT_EQUITY":null,"DEPOSIT_ASSETS":null,"EQUITY_MULTIPLIER":2.129956778589,"EQUITY_RATIO":1.129956778589},{"SECUCODE":"00211.HK","SECURITY_CODE":"00211","SECURITY_NAME_ABBR":"STYLAND HOLD","ORG_CODE":"10007476","STD_REPORT_DATE":"2023-12-31 00:00:00","REPORT_DATE":"2024-03-31 00:00:00","DATE_TYPE_CODE":"001","REPORT_TYPE":"2023年年报","PER_NETCASH_OPERATE":-0.047212599759,"PER_OI":0.021130854622,"BPS":0.413756294363,"BASIC_EPS":-0.09808871,"DILUTED_EPS":-0.09808871,"OPERATE_INCOME":15024253.15,"OPERATE_INCOME_YOY":5.1386157457,"GROSS_PROFIT":null,"GROSS_PROFIT_YOY":null,"HOLDER_PROFIT":-69620320.35,"HOLDER_PROFIT_YOY":-11.7957900253,"GROSS_PROFIT_RATIO":null,"EPS_TTM":-0.087448633337,"OPERATE_INCOME_QOQ":0,"NET_PROFIT_RATIO":-463.3862306161,"ROE_AVG":-20.597291135846,"GROSS_PROFIT_QOQ":null,"ROA":-10.585834414817,"HOLDER_PROFIT_QOQ":0,"ROE_YEARLY":-20.597291135846,"ROIC_YEARLY":-11.209988957438,"TOTAL_ASSETS":599160652.2,"TOTAL_LIABILITIES":295858031.8,"TAX_EBT":null,"OCF_SALES":-223.42967477222,"TOTAL_PARENT_EQUITY":303302620.4,"DEBT_ASSET_RATIO":49.3787485399,"OPERATE_PROFIT":-36615554.5,"PRETAX_PROFIT":-55285951.75,"NETCASH_OPERATE":-33568639.95,"NETCASH_INVEST":26074191.1,"NETCASH_FINANCE":-32242357.3,"END_CASH":16984214.25,"DIVI_RATIO":null,"DIVIDEND_RATE":null,"CURRENT_RATIO":0.739616436842,"COMMON_ACS":20000000000,"CURRENTDEBT_DEBT":88.705585311746,"ISSUED_COMMON_SHARES":733046541,"HK_COMMON_SHARES":733046541,"PER_SHARES":10000,"TOTAL_MARKET_CAP":153939773.61,"HKSK_MARKET_CAP":153939773.61,"PE_TTM":-2.258539204067,"PB_TTM":0.484242661514,"REPORT_DATE_SQ":"2022-12-31 00:00:00","REPORT_TYPE_SQ":"2022年年报","OPERATE_INCOME_SQ":13799087.83,"DPS_HKD":null,"OPERATE_INCOME_QOQ_SQ":0,"NET_PROFIT_RATIO_SQ":-234.2346643025,"HOLDER_PROFIT_SQ":-60135414.54,"HOLDER_PROFIT_QOQ_SQ":0,"ROE_AVG_SQ":-15.420255500259,"PE_TTM_SQ":-1.874208455174,"PB_TTM_SQ":0.343970975967,"ROA_SQ":-8.216661304039,"START_DATE":"2023-04-01 00:00:00","FISCAL_YEAR":"3-31","CURRENCY":"HKD","IS_CNY_CODE":0,"DPS_HKD_LY":null,"ORG_TYPE":"证券","PREMIUM_INCOME":null,"PREMIUM_INCOME_YOY":null,"NET_INTEREST_INCOME":null,"NET_INTEREST_INCOME_YOY":null,"FEE_COMMISSION_INCOME":null,"FEE_COMMISSION_INCOME_YOY":null,"ACCOUNTS_RECE_TDAYS":1.234258052504,"INVENTORY_TDAYS":null,"CURRENT_ASSETS_TDAYS":0.063864017772,"TOTAL_ASSETS_TDAYS":0.022844516551,"PREMIUM_EXPENSE":null,"LOAN_DEPOSIT":null,"LOAN_EQUITY":null,"LOAN_ASSETS":null,"DEPOSIT_EQUITY":null,"DEPOSIT_ASSETS":null,"EQUITY_MULTIPLIER":1.975454914994,"EQUITY_RATIO":0.975454914995},{"SECUCODE":"00211.HK","SECURITY_CODE":"00211","SECURITY_NAME_ABBR":"STYLAND HOLD","ORG_CODE":"10007476","STD_REPORT_DATE":"2023-06-30 00:00:00","REPORT_DATE":"2023-09-30 00:00:00","DATE_TYPE_CODE":"002","REPORT_TYPE":"2023年中报","PER_NETCASH_OPERATE":-0.04490509061,"PER_OI":0.016735105648,"BPS":0.481285780489,"BASIC_EPS":-0.03486994,"DILUTED_EPS":-0.03486994,"OPERATE_INCOME":11870461.68,"OPERATE_INCOME_YOY":-10.5394190871,"GROSS_PROFIT":null,"GROSS_PROFIT_YOY":null,"HOLDER_PROFIT":-24462180.54,"HOLDER_PROFIT_YOY":-7.5352964905,"GROSS_PROFIT_RATIO":null,"EPS_TTM":-0.084779559769,"OPERATE_INCOME_QOQ":0,"NET_PROFIT_RATIO":-206.0760667904,"ROE_AVG":-6.701306928304,"GROSS_PROFIT_QOQ":null,"ROA":-3.504836932656,"HOLDER_PROFIT_QOQ":0,"ROE_YEARLY":-13.402613856607,"ROIC_YEARLY":-7.48999058764,"TOTAL_ASSETS":670968303.11,"TOTAL_LIABILITIES":318163426.49,"TAX_EBT":null,"OCF_SALES":-268.328695114409,"TOTAL_PARENT_EQUITY":352804876.62,"DEBT_ASSET_RATIO":47.4185479426,"OPERATE_PROFIT":-13818590.17,"PRETAX_PROFIT":-24462180.54,"NETCASH_OPERATE":-31851854.93,"NETCASH_INVEST":26190077.83,"NETCASH_FINANCE":-26825995.42,"END_CASH":24926501.32,"DIVI_RATIO":null,"DIVIDEND_RATE":null,"CURRENT_RATIO":0.876724365773,"COMMON_ACS":20000000000,"CURRENTDEBT_DEBT":84.026441857044,"ISSUED_COMMON_SHARES":733046541,"HK_COMMON_SHARES":733046541,"PER_SHARES":10000,"TOTAL_MARKET_CAP":153939773.61,"HKSK_MARKET_CAP":153939773.61,"PE_TTM":-2.258539204067,"PB_TTM":0.484242661514,"REPORT_DATE_SQ":"2022-06-30 00:00:00","REPORT_TYPE_SQ":"2022年中报","OPERATE_INCOME_SQ":13078202.4,"DPS_HKD":null,"OPERATE_INCOME_QOQ_SQ":0,"NET_PROFIT_RATIO_SQ":-171.438450899,"HOLDER_PROFIT_SQ":-22421067.6,"HOLDER_PROFIT_QOQ_SQ":0,"ROE_AVG_SQ":-5.303456552946,"PE_TTM_SQ":-1.874208455174,"PB_TTM_SQ":0.343970975967,"ROA_SQ":-2.930686139947,"START_DATE":"2023-04-01 00:00:00","FISCAL_YEAR":"3-31","CURRENCY":"HKD","IS_CNY_CODE":0,"DPS_HKD_LY":null,"ORG_TYPE":"证券","PREMIUM_INCOME":null,"PREMIUM_INCOME_YOY":null,"NET_INTEREST_INCOME":null,"NET_INTEREST_INCOME_YOY":null,"FEE_COMMISSION_INCOME":null,"FEE_COMMISSION_INCOME_YOY":null,"ACCOUNTS_RECE_TDAYS":0.459954843642,"INVENTORY_TDAYS":null,"CURRENT_ASSETS_TDAYS":0.046173862296,"TOTAL_ASSETS_TDAYS":0.017007491395,"PREMIUM_EXPENSE":null,"LOAN_DEPOSIT":null,"LOAN_EQUITY":null,"LOAN_ASSETS":null,"DEPOSIT_EQUITY":null,"DEPOSIT_ASSETS":null,"EQUITY_MULTIPLIER":1.901811305835,"EQUITY_RATIO":0.901811305836},{"SECUCODE":"00211.HK","SECURITY_CODE":"00211","SECURITY_NAME_ABBR":"STYLAND HOLD","ORG_CODE":"10007476","STD_REPORT_DATE":"2022-12-31 00:00:00","REPORT_DATE":"2023-03-31 00:00:00","DATE_TYPE_CODE":"001","REPORT_TYPE":"2022年年报","PER_NETCASH_OPERATE":-0.003895016896,"PER_OI":0.019454103716,"BPS":0.490977098983,"BASIC_EPS":-0.084827229,"DILUTED_EPS":-0.084827229,"OPERATE_INCOME":13799087.83,"OPERATE_INCOME_YOY":-31.0747608639,"GROSS_PROFIT":null,"GROSS_PROFIT_YOY":null,"HOLDER_PROFIT":-60135414.54,"HOLDER_PROFIT_YOY":-1029.6792529436,"GROSS_PROFIT_RATIO":null,"EPS_TTM":0.007586186661,"OPERATE_INCOME_QOQ":0,"NET_PROFIT_RATIO":-234.2346643025,"ROE_AVG":-15.420255500259,"GROSS_PROFIT_QOQ":null,"ROA":-8.216661304039,"HOLDER_PROFIT_QOQ":0,"ROE_YEARLY":-15.420255500259,"ROIC_YEARLY":-9.050145743787,"TOTAL_ASSETS":691587031.15,"TOTAL_LIABILITIES":331677967.03,"TAX_EBT":null,"OCF_SALES":-10.76141439629,"TOTAL_PARENT_EQUITY":359909064.12,"DEBT_ASSET_RATIO":47.9589628045,"OPERATE_PROFIT":-28321264.32,"PRETAX_PROFIT":-40232968.19,"NETCASH_OPERATE":-2762793.96,"NETCASH_INVEST":-11430228.37,"NETCASH_FINANCE":-11066933.22,"END_CASH":54772652.88,"DIVI_RATIO":null,"DIVIDEND_RATE":null,"CURRENT_RATIO":0.8798712917,"COMMON_ACS":20000000000,"CURRENTDEBT_DEBT":91.281477395397,"ISSUED_COMMON_SHARES":733046541,"HK_COMMON_SHARES":733046541,"PER_SHARES":10000,"TOTAL_MARKET_CAP":153939773.61,"HKSK_MARKET_CAP":153939773.61,"PE_TTM":-2.258539204067,"PB_TTM":0.484242661514,"REPORT_DATE_SQ":"2021-12-31 00:00:00","REPORT_TYPE_SQ":"2021年年报","OPERATE_INCOME_SQ":34507664.49,"DPS_HKD":null,"OPERATE_INCOME_QOQ_SQ":0,"NET_PROFIT_RATIO_SQ":17.3658605373,"HOLDER_PROFIT_SQ":5992552.89,"HOLDER_PROFIT_QOQ_SQ":0,"ROE_AVG_SQ":1.555338279235,"PE_TTM_SQ":-1.874208455174,"PB_TTM_SQ":0.343970975967,"ROA_SQ":0.865435294393,"START_DATE":"2022-04-01 00:00:00","FISCAL_YEAR":"3-31","CURRENCY":"HKD","IS_CNY_CODE":0,"DPS_HKD_LY":null,"ORG_TYPE":"证券","PREMIUM_INCOME":null,"PREMIUM_INCOME_YOY":null,"NET_INTEREST_INCOME":null,"NET_INTEREST_INCOME_YOY":null,"FEE_COMMISSION_INCOME":null,"FEE_COMMISSION_INCOME_YOY":null,"ACCOUNTS_RECE_TDAYS":0.655917110519,"INVENTORY_TDAYS":null,"CURRENT_ASSETS_TDAYS":0.090877399023,"TOTAL_ASSETS_TDAYS":0.035078758853,"PREMIUM_EXPENSE":null,"LOAN_DEPOSIT":null,"LOAN_EQUITY":null,"LOAN_ASSETS":null,"DEPOSIT_EQUITY":null,"DEPOSIT_ASSETS":null,"EQUITY_MULTIPLIER":1.921560472062,"EQUITY_RATIO":0.921560472063},{"SECUCODE":"00211.HK","SECURITY_CODE":"00211","SECURITY_NAME_ABBR":"STYLAND HOLD","ORG_CODE":"10007476","STD_REPORT_DATE":"2022-06-30 00:00:00","REPORT_DATE":"2022-09-30 00:00:00","DATE_TYPE_CODE":"002","REPORT_TYPE":"2022年中报","PER_NETCASH_OPERATE":-0.002990084463,"PER_OI":0.018437791616,"BPS":0.56142787234,"BASIC_EPS":-0.0316554,"DILUTED_EPS":-0.0316554,"OPERATE_INCOME":13078202.4,"OPERATE_INCOME_YOY":-35.2585627938,"GROSS_PROFIT":null,"GROSS_PROFIT_YOY":null,"HOLDER_PROFIT":-22421067.6,"HOLDER_PROFIT_YOY":5.3093964859,"GROSS_PROFIT_RATIO":null,"EPS_TTM":0.008448366072,"OPERATE_INCOME_QOQ":0,"NET_PROFIT_RATIO":-171.438450899,"ROE_AVG":-5.303456552946,"GROSS_PROFIT_QOQ":null,"ROA":-2.930686139947,"HOLDER_PROFIT_QOQ":0,"ROE_YEARLY":-10.606913105892,"ROIC_YEARLY":-6.380262622831,"TOTAL_ASSETS":732327781.32,"TOTAL_LIABILITIES":320775021.48,"TAX_EBT":null,"OCF_SALES":-16.217150760719,"TOTAL_PARENT_EQUITY":411552759.84,"DEBT_ASSET_RATIO":43.8021101564,"OPERATE_PROFIT":-16704102.36,"PRETAX_PROFIT":-22421067.6,"NETCASH_OPERATE":-2120911.8,"NETCASH_INVEST":-11876201.64,"NETCASH_FINANCE":-29188992.12,"END_CASH":39500512.56,"DIVI_RATIO":null,"DIVIDEND_RATE":null,"CURRENT_RATIO":0.820880567456,"COMMON_ACS":20000000000,"CURRENTDEBT_DEBT":95.956488762699,"ISSUED_COMMON_SHARES":733046541,"HK_COMMON_SHARES":733046541,"PER_SHARES":10000,"TOTAL_MARKET_CAP":153939773.61,"HKSK_MARKET_CAP":153939773.61,"PE_TTM":-2.258539204067,"PB_TTM":0.484242661514,"REPORT_DATE_SQ":"2021-06-30 00:00:00","REPORT_TYPE_SQ":"2021年中报","OPERATE_INCOME_SQ":18606395.1,"DPS_HKD":null,"OPERATE_INCOME_QOQ_SQ":0,"NET_PROFIT_RATIO_SQ":-117.1679197995,"HOLDER_PROFIT_SQ":-21809510.8,"HOLDER_PROFIT_QOQ_SQ":0,"ROE_AVG_SQ":-5.724819432023,"PE_TTM_SQ":-1.874208455174,"PB_TTM_SQ":0.343970975967,"ROA_SQ":-3.145300131074,"START_DATE":"2022-04-01 00:00:00","FISCAL_YEAR":"3-31","CURRENCY":"HKD","IS_CNY_CODE":0,"DPS_HKD_LY":null,"ORG_TYPE":"证券","PREMIUM_INCOME":null,"PREMIUM_INCOME_YOY":null,"NET_INTEREST_INCOME":null,"NET_INTEREST_INCOME_YOY":null,"FEE_COMMISSION_INCOME":null,"FEE_COMMISSION_INCOME_YOY":null,"ACCOUNTS_RECE_TDAYS":0.695643807279,"INVENTORY_TDAYS":null,"CURRENT_ASSETS_TDAYS":0.046653212732,"TOTAL_ASSETS_TDAYS":0.017094683979,"PREMIUM_EXPENSE":null,"LOAN_DEPOSIT":null,"LOAN_EQUITY":null,"LOAN_ASSETS":null,"DEPOSIT_EQUITY":null,"DEPOSIT_ASSETS":null,"EQUITY_MULTIPLIER":1.779426243197,"EQUITY_RATIO":0.779426243198},{"SECUCODE":"00211.HK","SECURITY_CODE":"00211","SECURITY_NAME_ABBR":"STYLAND HOLD","ORG_CODE":"10007476","STD_REPORT_DATE":"2021-12-31 00:00:00","REPORT_DATE":"2022-03-31 00:00:00","DATE_TYPE_CODE":"001","REPORT_TYPE":"2021年年报","PER_NETCASH_OPERATE":0.017655930286,"PER_OI":0.048649279738,"BPS":0.530858086758,"BASIC_EPS":0.0081101,"DILUTED_EPS":0.0081101,"OPERATE_INCOME":34507664.49,"OPERATE_INCOME_YOY":-16.3935392596,"GROSS_PROFIT":null,"GROSS_PROFIT_YOY":null,"HOLDER_PROFIT":5992552.89,"HOLDER_PROFIT_YOY":118.9973004242,"GROSS_PROFIT_RATIO":null,"EPS_TTM":-0.059417961303,"OPERATE_INCOME_QOQ":0,"NET_PROFIT_RATIO":17.3658605373,"ROE_AVG":1.555338279235,"GROSS_PROFIT_QOQ":null,"ROA":0.865435294393,"HOLDER_PROFIT_QOQ":0,"ROE_YEARLY":1.555338279235,"ROIC_YEARLY":0.984187599023,"TOTAL_ASSETS":715352181.51,"TOTAL_LIABILITIES":326208497.25,"TAX_EBT":-0.081267777326,"OCF_SALES":36.292274789067,"TOTAL_PARENT_EQUITY":389143684.26,"DEBT_ASSET_RATIO":45.601104698,"OPERATE_PROFIT":14133471.27,"PRETAX_PROFIT":5987686.83,"NETCASH_OPERATE":12523616.42,"NETCASH_INVEST":-20800784.48,"NETCASH_FINANCE":-10530964.85,"END_CASH":74144967.23,"DIVI_RATIO":null,"DIVIDEND_RATE":null,"CURRENT_RATIO":0.936516972902,"COMMON_ACS":20000000000,"CURRENTDEBT_DEBT":90.399403319038,"ISSUED_COMMON_SHARES":733046541,"HK_COMMON_SHARES":733046541,"PER_SHARES":10000,"TOTAL_MARKET_CAP":153939773.61,"HKSK_MARKET_CAP":153939773.61,"PE_TTM":-2.258539204067,"PB_TTM":0.484242661514,"REPORT_DATE_SQ":"2020-12-31 00:00:00","REPORT_TYPE_SQ":"2020年年报","OPERATE_INCOME_SQ":43012900.56,"DPS_HKD":null,"OPERATE_INCOME_QOQ_SQ":0,"NET_PROFIT_RATIO_SQ":-76.4265503419,"HOLDER_PROFIT_SQ":-32873276.1,"HOLDER_PROFIT_QOQ_SQ":0,"ROE_AVG_SQ":-8.02326840664,"PE_TTM_SQ":-1.874208455174,"PB_TTM_SQ":0.343970975967,"ROA_SQ":-4.921399324834,"START_DATE":"2021-04-01 00:00:00","FISCAL_YEAR":"3-31","CURRENCY":"HKD","IS_CNY_CODE":0,"DPS_HKD_LY":null,"ORG_TYPE":"证券","PREMIUM_INCOME":null,"PREMIUM_INCOME_YOY":null,"NET_INTEREST_INCOME":null,"NET_INTEREST_INCOME_YOY":null,"FEE_COMMISSION_INCOME":null,"FEE_COMMISSION_INCOME_YOY":null,"ACCOUNTS_RECE_TDAYS":2.523890025803,"INVENTORY_TDAYS":null,"CURRENT_ASSETS_TDAYS":0.116584101446,"TOTAL_ASSETS_TDAYS":0.049835439628,"PREMIUM_EXPENSE":null,"LOAN_DEPOSIT":null,"LOAN_EQUITY":null,"LOAN_ASSETS":null,"DEPOSIT_EQUITY":null,"DEPOSIT_ASSETS":null,"EQUITY_MULTIPLIER":1.838272623825,"EQUITY_RATIO":0.838272623826},{"SECUCODE":"00211.HK","SECURITY_CODE":"00211","SECURITY_NAME_ABBR":"STYLAND HOLD","ORG_CODE":"10007476","STD_REPORT_DATE":"2021-06-30 00:00:00","REPORT_DATE":"2021-09-30 00:00:00","DATE_TYPE_CODE":"002","REPORT_TYPE":"2021年中报","PER_NETCASH_OPERATE":0.014349212945,"PER_OI":0.026488938849,"BPS":0.50491026951,"BASIC_EPS":-0.03082322,"DILUTED_EPS":-0.03082322,"OPERATE_INCOME":18606395.1,"OPERATE_INCOME_YOY":4.1435562806,"GROSS_PROFIT":null,"GROSS_PROFIT_YOY":null,"HOLDER_PROFIT":-21809510.8,"HOLDER_PROFIT_YOY":-77.6963279712,"GROSS_PROFIT_RATIO":null,"EPS_TTM":-0.046805035359,"OPERATE_INCOME_QOQ":0,"NET_PROFIT_RATIO":-117.1679197995,"ROE_AVG":-5.724819432023,"GROSS_PROFIT_QOQ":null,"ROA":-3.145300131074,"HOLDER_PROFIT_QOQ":0,"ROE_YEARLY":-11.449638864045,"ROIC_YEARLY":-7.056213874975,"TOTAL_ASSETS":699084791.62,"TOTAL_LIABILITIES":328962065.04,"TAX_EBT":null,"OCF_SALES":54.148764769066,"TOTAL_PARENT_EQUITY":370122726.58,"DEBT_ASSET_RATIO":47.0561037779,"OPERATE_PROFIT":-16190521.1,"PRETAX_PROFIT":-21809510.8,"NETCASH_OPERATE":10079192.94,"NETCASH_INVEST":-14311137.74,"NETCASH_FINANCE":-36258103.44,"END_CASH":54990290.6,"DIVI_RATIO":null,"DIVIDEND_RATE":null,"CURRENT_RATIO":1.037094418012,"COMMON_ACS":20000000000,"CURRENTDEBT_DEBT":94.477112265881,"ISSUED_COMMON_SHARES":733046541,"HK_COMMON_SHARES":733046541,"PER_SHARES":10000,"TOTAL_MARKET_CAP":153939773.61,"HKSK_MARKET_CAP":153939773.61,"PE_TTM":-2.258539204067,"PB_TTM":0.484242661514,"REPORT_DATE_SQ":"2020-06-30 00:00:00","REPORT_TYPE_SQ":"2020年中报","OPERATE_INCOME_SQ":18852937.6,"DPS_HKD":null,"OPERATE_INCOME_QOQ_SQ":0,"NET_PROFIT_RATIO_SQ":-68.6693078536,"HOLDER_PROFIT_SQ":-12946181.76,"HOLDER_PROFIT_QOQ_SQ":0,"ROE_AVG_SQ":-2.973366242919,"PE_TTM_SQ":-1.874208455174,"PB_TTM_SQ":0.343970975967,"ROA_SQ":-1.731999193544,"START_DATE":"2021-04-01 00:00:00","FISCAL_YEAR":"3-31","CURRENCY":"HKD","IS_CNY_CODE":0,"DPS_HKD_LY":null,"ORG_TYPE":"证券","PREMIUM_INCOME":null,"PREMIUM_INCOME_YOY":null,"NET_INTEREST_INCOME":null,"NET_INTEREST_INCOME_YOY":null,"FEE_COMMISSION_INCOME":null,"FEE_COMMISSION_INCOME_YOY":null,"ACCOUNTS_RECE_TDAYS":1.0397318623,"INVENTORY_TDAYS":null,"CURRENT_ASSETS_TDAYS":0.057564187779,"TOTAL_ASSETS_TDAYS":0.026844379728,"PREMIUM_EXPENSE":null,"LOAN_DEPOSIT":null,"LOAN_EQUITY":null,"LOAN_ASSETS":null,"DEPOSIT_EQUITY":null,"DEPOSIT_ASSETS":null,"EQUITY_MULTIPLIER":1.888791855826,"EQUITY_RATIO":0.888791855825},{"SECUCODE":"00211.HK","SECURITY_CODE":"00211","SECURITY_NAME_ABBR":"STYLAND HOLD","ORG_CODE":"10007476","STD_REPORT_DATE":"2020-12-31 00:00:00","REPORT_DATE":"2021-03-31 00:00:00","DATE_TYPE_CODE":"001","REPORT_TYPE":"2020年年报","PER_NETCASH_OPERATE":0.015066275677,"PER_OI":0.061281401993,"BPS":0.542265573258,"BASIC_EPS":-0.0507108,"DILUTED_EPS":-0.0507108,"OPERATE_INCOME":43012900.56,"OPERATE_INCOME_YOY":-32.6460117259,"GROSS_PROFIT":null,"GROSS_PROFIT_YOY":null,"HOLDER_PROFIT":-32873276.1,"HOLDER_PROFIT_YOY":41.6525404659,"GROSS_PROFIT_RATIO":null,"EPS_TTM":-0.067941265457,"OPERATE_INCOME_QOQ":0,"NET_PROFIT_RATIO":-76.4265503419,"ROE_AVG":-8.02326840664,"GROSS_PROFIT_QOQ":null,"ROA":-4.921399324834,"HOLDER_PROFIT_QOQ":0,"ROE_YEARLY":-8.02326840664,"ROIC_YEARLY":-5.506375617069,"TOTAL_ASSETS":697720600.22,"TOTAL_LIABILITIES":300214697.44,"TAX_EBT":null,"OCF_SALES":24.585396525977,"TOTAL_PARENT_EQUITY":397505902.78,"DEBT_ASSET_RATIO":43.0279251244,"OPERATE_PROFIT":-24518671.8,"PRETAX_PROFIT":-32873276.1,"NETCASH_OPERATE":10574892.16,"NETCASH_INVEST":-20679019.06,"NETCASH_FINANCE":61918731.98,"END_CASH":96869460.52,"DIVI_RATIO":null,"DIVIDEND_RATE":null,"CURRENT_RATIO":1.167419159487,"COMMON_ACS":20000000000,"CURRENTDEBT_DEBT":93.904979617576,"ISSUED_COMMON_SHARES":733046541,"HK_COMMON_SHARES":733046541,"PER_SHARES":10000,"TOTAL_MARKET_CAP":153939773.61,"HKSK_MARKET_CAP":153939773.61,"PE_TTM":-2.258539204067,"PB_TTM":0.484242661514,"REPORT_DATE_SQ":"2019-12-31 00:00:00","REPORT_TYPE_SQ":"2019年年报","OPERATE_INCOME_SQ":69038258.3,"DPS_HKD":null,"OPERATE_INCOME_QOQ_SQ":0,"NET_PROFIT_RATIO_SQ":-84.707267388,"HOLDER_PROFIT_SQ":-60908155.7,"HOLDER_PROFIT_QOQ_SQ":0,"ROE_AVG_SQ":-12.685903937976,"PE_TTM_SQ":-1.874208455174,"PB_TTM_SQ":0.343970975967,"ROA_SQ":-7.221181380984,"START_DATE":"2020-04-01 00:00:00","FISCAL_YEAR":"3-31","CURRENCY":"HKD","IS_CNY_CODE":0,"DPS_HKD_LY":0.00725,"ORG_TYPE":"证券","PREMIUM_INCOME":null,"PREMIUM_INCOME_YOY":null,"NET_INTEREST_INCOME":null,"NET_INTEREST_INCOME_YOY":null,"FEE_COMMISSION_INCOME":null,"FEE_COMMISSION_INCOME_YOY":null,"ACCOUNTS_RECE_TDAYS":3.857500189494,"INVENTORY_TDAYS":null,"CURRENT_ASSETS_TDAYS":0.144071611166,"TOTAL_ASSETS_TDAYS":0.064393843538,"PREMIUM_EXPENSE":null,"LOAN_DEPOSIT":null,"LOAN_EQUITY":null,"LOAN_ASSETS":null,"DEPOSIT_EQUITY":null,"DEPOSIT_ASSETS":null,"EQUITY_MULTIPLIER":1.755245885258,"EQUITY_RATIO":0.755245885257},{"SECUCODE":"00211.HK","SECURITY_CODE":"00211","SECURITY_NAME_ABBR":"STYLAND HOLD","ORG_CODE":"10007476","STD_REPORT_DATE":"2020-06-30 00:00:00","REPORT_DATE":"2020-09-30 00:00:00","DATE_TYPE_CODE":"002","REPORT_TYPE":"2020年中报","PER_NETCASH_OPERATE":0.01825099754,"PER_OI":0.029481640733,"BPS":0.589488985911,"BASIC_EPS":-0.02021056,"DILUTED_EPS":-0.02021056,"OPERATE_INCOME":18852937.6,"OPERATE_INCOME_YOY":-60.0406019519,"GROSS_PROFIT":null,"GROSS_PROFIT_YOY":null,"HOLDER_PROFIT":-12946181.76,"HOLDER_PROFIT_YOY":50.2448414441,"GROSS_PROFIT_RATIO":null,"EPS_TTM":-0.009549738909,"OPERATE_INCOME_QOQ":0,"NET_PROFIT_RATIO":-68.6693078536,"ROE_AVG":-2.973366242919,"GROSS_PROFIT_QOQ":null,"ROA":-1.731999193544,"HOLDER_PROFIT_QOQ":0,"ROE_YEARLY":-5.946732485838,"ROIC_YEARLY":-3.8690210455,"TOTAL_ASSETS":831402685.44,"TOTAL_LIABILITIES":399279823.36,"TAX_EBT":null,"OCF_SALES":61.906315544162,"TOTAL_PARENT_EQUITY":432122862.08,"DEBT_ASSET_RATIO":48.0248416745,"OPERATE_PROFIT":-10107037.44,"PRETAX_PROFIT":-12946181.76,"NETCASH_OPERATE":11671159.04,"NETCASH_INVEST":-8824984.96,"NETCASH_FINANCE":59963852.8,"END_CASH":109652832.64,"DIVI_RATIO":null,"DIVIDEND_RATE":null,"CURRENT_RATIO":1.175068449398,"COMMON_ACS":20000000000,"CURRENTDEBT_DEBT":95.088558676726,"ISSUED_COMMON_SHARES":733046541,"HK_COMMON_SHARES":733046541,"PER_SHARES":10000,"TOTAL_MARKET_CAP":153939773.61,"HKSK_MARKET_CAP":153939773.61,"PE_TTM":-2.258539204067,"PB_TTM":0.484242661514,"REPORT_DATE_SQ":"2019-06-30 00:00:00","REPORT_TYPE_SQ":"2019年中报","OPERATE_INCOME_SQ":48430720.92,"DPS_HKD":null,"OPERATE_INCOME_QOQ_SQ":0,"NET_PROFIT_RATIO_SQ":-50.2626089548,"HOLDER_PROFIT_SQ":-26709418.11,"HOLDER_PROFIT_QOQ_SQ":0,"ROE_AVG_SQ":-5.443303593176,"PE_TTM_SQ":-1.874208455174,"PB_TTM_SQ":0.343970975967,"ROA_SQ":-3.116288027481,"START_DATE":"2020-04-01 00:00:00","FISCAL_YEAR":"3-31","CURRENCY":"HKD","IS_CNY_CODE":0,"DPS_HKD_LY":0.00725,"ORG_TYPE":"证券","PREMIUM_INCOME":null,"PREMIUM_INCOME_YOY":null,"NET_INTEREST_INCOME":null,"NET_INTEREST_INCOME_YOY":null,"FEE_COMMISSION_INCOME":null,"FEE_COMMISSION_INCOME_YOY":null,"ACCOUNTS_RECE_TDAYS":0.319625179701,"INVENTORY_TDAYS":null,"CURRENT_ASSETS_TDAYS":0.052025174801,"TOTAL_ASSETS_TDAYS":0.025222319078,"PREMIUM_EXPENSE":null,"LOAN_DEPOSIT":null,"LOAN_EQUITY":null,"LOAN_ASSETS":null,"DEPOSIT_EQUITY":null,"DEPOSIT_ASSETS":null,"EQUITY_MULTIPLIER":1.923996063153,"EQUITY_RATIO":0.923996063152}],"count":44},"success":true,"message":"ok","code":0}