{"version":"56c689c359472f4b23d2aca7ae0917dd","result":{"pages":6,"data":[{"SECUCODE":"00219.HK","SECURITY_CODE":"00219","SECURITY_NAME_ABBR":"顺豪物业","ORG_CODE":"10007483","STD_REPORT_DATE":"2024-06-30 00:00:00","REPORT_DATE":"2024-06-30 00:00:00","DATE_TYPE_CODE":"002","REPORT_TYPE":"2024年中报","PER_NETCASH_OPERATE":0.169254542202,"PER_OI":0.503092809535,"BPS":11.388941268361,"BASIC_EPS":-0.16565142,"DILUTED_EPS":null,"OPERATE_INCOME":291669711,"OPERATE_INCOME_YOY":27.3039799548,"GROSS_PROFIT":51922365.2,"GROSS_PROFIT_YOY":-37.173096682739,"HOLDER_PROFIT":-84730473.16,"HOLDER_PROFIT_YOY":-1113.283125955,"GROSS_PROFIT_RATIO":17.801767973089,"EPS_TTM":-0.274776733315,"OPERATE_INCOME_QOQ":10.965439160895,"NET_PROFIT_RATIO":-32.5598059923,"ROE_AVG":-1.274245451158,"GROSS_PROFIT_QOQ":-17.493422694106,"ROA":-0.943393925623,"HOLDER_PROFIT_QOQ":-140.911255985631,"ROE_YEARLY":-2.548490902315,"ROIC_YEARLY":-2.21952542603,"TOTAL_ASSETS":8925490172.4,"TOTAL_LIABILITIES":1220038680.2,"TAX_EBT":-7.974638884277,"OCF_SALES":33.642806852851,"TOTAL_PARENT_EQUITY":6602776158.56,"DEBT_ASSET_RATIO":13.6691504515,"OPERATE_PROFIT":-58991984.48,"PRETAX_PROFIT":-87953146.24,"NETCASH_OPERATE":98125877.52,"NETCASH_INVEST":-206277544.84,"NETCASH_FINANCE":-26967868.64,"END_CASH":168515409.84,"DIVI_RATIO":null,"DIVIDEND_RATE":null,"CURRENT_RATIO":0.801680232823,"COMMON_ACS":null,"CURRENTDEBT_DEBT":19.741091366097,"ISSUED_COMMON_SHARES":579753289,"HK_COMMON_SHARES":579753289,"PER_SHARES":2000,"TOTAL_MARKET_CAP":342054440.51,"HKSK_MARKET_CAP":342054440.51,"PE_TTM":-1.954965453543,"PB_TTM":0.047281058644,"REPORT_DATE_SQ":"2023-06-30 00:00:00","REPORT_TYPE_SQ":"2023年中报","OPERATE_INCOME_SQ":231447405.34,"DPS_HKD":null,"OPERATE_INCOME_QOQ_SQ":-14.52499285574,"NET_PROFIT_RATIO_SQ":1.4117665805,"HOLDER_PROFIT_SQ":8447180.76,"HOLDER_PROFIT_QOQ_SQ":-10.16936469584,"ROE_AVG_SQ":0.123735983983,"PE_TTM_SQ":1.199352016685,"PB_TTM_SQ":0.069462863046,"ROA_SQ":0.091915402316,"START_DATE":"2024-01-01 00:00:00","FISCAL_YEAR":"12-31","CURRENCY":"HKD","IS_CNY_CODE":0,"DPS_HKD_LY":null,"ORG_TYPE":"一般企业","PREMIUM_INCOME":null,"PREMIUM_INCOME_YOY":null,"NET_INTEREST_INCOME":null,"NET_INTEREST_INCOME_YOY":null,"FEE_COMMISSION_INCOME":null,"FEE_COMMISSION_INCOME_YOY":null,"ACCOUNTS_RECE_TDAYS":18.744501143762,"INVENTORY_TDAYS":161.602583820363,"CURRENT_ASSETS_TDAYS":1.094329995754,"TOTAL_ASSETS_TDAYS":0.032474672144,"PREMIUM_EXPENSE":null,"LOAN_DEPOSIT":null,"LOAN_EQUITY":null,"LOAN_ASSETS":null,"DEPOSIT_EQUITY":null,"DEPOSIT_ASSETS":null,"EQUITY_MULTIPLIER":1.158334483247,"EQUITY_RATIO":0.184776622878},{"SECUCODE":"00219.HK","SECURITY_CODE":"00219","SECURITY_NAME_ABBR":"顺豪物业","ORG_CODE":"10007483","STD_REPORT_DATE":"2023-12-31 00:00:00","REPORT_DATE":"2023-12-31 00:00:00","DATE_TYPE_CODE":"001","REPORT_TYPE":"2023年年报","PER_NETCASH_OPERATE":0.260753849281,"PER_OI":0.947301288531,"BPS":11.468245561881,"BASIC_EPS":-0.129226972,"DILUTED_EPS":null,"OPERATE_INCOME":549201037.7,"OPERATE_INCOME_YOY":-1.0857093426,"GROSS_PROFIT":175615467.58,"GROSS_PROFIT_YOY":-29.76420568544,"HOLDER_PROFIT":-66125060.96,"HOLDER_PROFIT_YOY":-115.1340050524,"GROSS_PROFIT_RATIO":31.976536008646,"EPS_TTM":-0.114057241614,"OPERATE_INCOME_QOQ":17.400727773949,"NET_PROFIT_RATIO":-14.0028216192,"ROE_AVG":-0.991574713268,"GROSS_PROFIT_QOQ":10.695889533094,"ROA":-0.734273948243,"HOLDER_PROFIT_QOQ":-117.091504649999,"ROE_YEARLY":-0.991574713268,"ROIC_YEARLY":-0.868298518432,"TOTAL_ASSETS":8973446625.64,"TOTAL_LIABILITIES":1216170801.72,"TAX_EBT":-617.831162239892,"OCF_SALES":27.525967972147,"TOTAL_PARENT_EQUITY":6648753083.56,"DEBT_ASSET_RATIO":13.5529953256,"OPERATE_PROFIT":43698834.62,"PRETAX_PROFIT":-10713332.84,"NETCASH_OPERATE":151172901.74,"NETCASH_INVEST":-22345572.76,"NETCASH_FINANCE":-94052042.7,"END_CASH":303111559.38,"DIVI_RATIO":null,"DIVIDEND_RATE":null,"CURRENT_RATIO":1.494743304736,"COMMON_ACS":null,"CURRENTDEBT_DEBT":18.569386882221,"ISSUED_COMMON_SHARES":579753289,"HK_COMMON_SHARES":579753289,"PER_SHARES":2000,"TOTAL_MARKET_CAP":405827302.3,"HKSK_MARKET_CAP":405827302.3,"PE_TTM":-2.319450538101,"PB_TTM":0.056096171272,"REPORT_DATE_SQ":"2022-12-31 00:00:00","REPORT_TYPE_SQ":"2022年年报","OPERATE_INCOME_SQ":547294916.49,"DPS_HKD":null,"OPERATE_INCOME_QOQ_SQ":1.691175979378,"NET_PROFIT_RATIO_SQ":106.3077884793,"HOLDER_PROFIT_SQ":430686557.42,"HOLDER_PROFIT_QOQ_SQ":348.32114801307,"ROE_AVG_SQ":6.708125727305,"PE_TTM_SQ":1.131972689905,"PB_TTM_SQ":0.06556045501,"ROA_SQ":5.049740857592,"START_DATE":"2023-01-01 00:00:00","FISCAL_YEAR":"12-31","CURRENCY":"HKD","IS_CNY_CODE":0,"DPS_HKD_LY":null,"ORG_TYPE":"一般企业","PREMIUM_INCOME":null,"PREMIUM_INCOME_YOY":null,"NET_INTEREST_INCOME":null,"NET_INTEREST_INCOME_YOY":null,"FEE_COMMISSION_INCOME":null,"FEE_COMMISSION_INCOME_YOY":null,"ACCOUNTS_RECE_TDAYS":25.792016002043,"INVENTORY_TDAYS":252.756591048437,"CURRENT_ASSETS_TDAYS":1.732258594693,"TOTAL_ASSETS_TDAYS":0.060985049916,"PREMIUM_EXPENSE":null,"LOAN_DEPOSIT":null,"LOAN_EQUITY":null,"LOAN_ASSETS":null,"DEPOSIT_EQUITY":null,"DEPOSIT_ASSETS":null,"EQUITY_MULTIPLIER":1.15677807897,"EQUITY_RATIO":0.182917125427},{"SECUCODE":"00219.HK","SECURITY_CODE":"00219","SECURITY_NAME_ABBR":"顺豪物业","ORG_CODE":"10007483","STD_REPORT_DATE":"2023-06-30 00:00:00","REPORT_DATE":"2023-06-30 00:00:00","DATE_TYPE_CODE":"002","REPORT_TYPE":"2023年中报","PER_NETCASH_OPERATE":0.069313101042,"PER_OI":0.39921706307,"BPS":11.81296255318,"BASIC_EPS":0.016503442,"DILUTED_EPS":null,"OPERATE_INCOME":231447405.34,"OPERATE_INCOME_YOY":-30.9578815932,"GROSS_PROFIT":82643521.26,"GROSS_PROFIT_YOY":-52.512928965366,"HOLDER_PROFIT":8447180.76,"HOLDER_PROFIT_YOY":-85.002946376,"GROSS_PROFIT_RATIO":35.707257611549,"EPS_TTM":0.667332946687,"OPERATE_INCOME_QOQ":-14.52499285574,"NET_PROFIT_RATIO":1.4117665805,"ROE_AVG":0.123735983983,"GROSS_PROFIT_QOQ":-36.55067535858,"ROA":0.091915402316,"HOLDER_PROFIT_QOQ":-10.16936469584,"ROE_YEARLY":0.247471967965,"ROIC_YEARLY":0.216708581714,"TOTAL_ASSETS":9185607449.72,"TOTAL_LIABILITIES":1199957891.98,"TAX_EBT":60.792123022458,"OCF_SALES":17.362259145212,"TOTAL_PARENT_EQUITY":6848603893.04,"DEBT_ASSET_RATIO":13.0634571371,"OPERATE_PROFIT":32775467.02,"PRETAX_PROFIT":8333777.22,"NETCASH_OPERATE":40184498.3,"NETCASH_INVEST":-1198574,"NETCASH_FINANCE":-51844779.36,"END_CASH":259294889.26,"DIVI_RATIO":null,"DIVIDEND_RATE":null,"CURRENT_RATIO":2.315648106232,"COMMON_ACS":null,"CURRENTDEBT_DEBT":10.183626443622,"ISSUED_COMMON_SHARES":579753289,"HK_COMMON_SHARES":579753289,"PER_SHARES":2000,"TOTAL_MARKET_CAP":376839637.85,"HKSK_MARKET_CAP":376839637.85,"PE_TTM":-2.153775499666,"PB_TTM":0.052089301896,"REPORT_DATE_SQ":"2022-06-30 00:00:00","REPORT_TYPE_SQ":"2022年中报","OPERATE_INCOME_SQ":310941952.86,"DPS_HKD":null,"OPERATE_INCOME_QOQ_SQ":27.964264109876,"NET_PROFIT_RATIO_SQ":24.8507951176,"HOLDER_PROFIT_SQ":52245267.48,"HOLDER_PROFIT_QOQ_SQ":72.219093280001,"ROE_AVG_SQ":0.875524837313,"PE_TTM_SQ":1.199352016685,"PB_TTM_SQ":0.069462863046,"ROA_SQ":0.668211191356,"START_DATE":"2023-01-01 00:00:00","FISCAL_YEAR":"12-31","CURRENCY":"HKD","IS_CNY_CODE":0,"DPS_HKD_LY":null,"ORG_TYPE":"一般企业","PREMIUM_INCOME":null,"PREMIUM_INCOME_YOY":null,"NET_INTEREST_INCOME":null,"NET_INTEREST_INCOME_YOY":null,"FEE_COMMISSION_INCOME":null,"FEE_COMMISSION_INCOME_YOY":null,"ACCOUNTS_RECE_TDAYS":15.687601549806,"INVENTORY_TDAYS":83.065362840968,"CURRENT_ASSETS_TDAYS":0.791749852552,"TOTAL_ASSETS_TDAYS":0.025184238364,"PREMIUM_EXPENSE":null,"LOAN_DEPOSIT":null,"LOAN_EQUITY":null,"LOAN_ASSETS":null,"DEPOSIT_EQUITY":null,"DEPOSIT_ASSETS":null,"EQUITY_MULTIPLIER":1.150264281359,"EQUITY_RATIO":0.175212044779},{"SECUCODE":"00219.HK","SECURITY_CODE":"00219","SECURITY_NAME_ABBR":"顺豪物业","ORG_CODE":"10007483","STD_REPORT_DATE":"2022-12-31 00:00:00","REPORT_DATE":"2022-12-31 00:00:00","DATE_TYPE_CODE":"001","REPORT_TYPE":"2022年年报","PER_NETCASH_OPERATE":0.439224414801,"PER_OI":0.944013474135,"BPS":11.372163172911,"BASIC_EPS":0.841817648,"DILUTED_EPS":null,"OPERATE_INCOME":547294916.49,"OPERATE_INCOME_YOY":19.1050312106,"GROSS_PROFIT":250036992.24,"GROSS_PROFIT_YOY":77.370250809716,"HOLDER_PROFIT":430686557.42,"HOLDER_PROFIT_YOY":606.68953185,"GROSS_PROFIT_RATIO":45.685970160947,"EPS_TTM":0.742879023874,"OPERATE_INCOME_QOQ":1.691175979378,"NET_PROFIT_RATIO":106.3077884793,"ROE_AVG":6.708125727305,"GROSS_PROFIT_QOQ":3.43445797112,"ROA":5.049740857592,"HOLDER_PROFIT_QOQ":348.32114801307,"ROE_YEARLY":6.708125727305,"ROIC_YEARLY":5.941242881601,"TOTAL_ASSETS":8908411095.43,"TOTAL_LIABILITIES":1222575772.04,"TAX_EBT":5.952833035646,"OCF_SALES":46.527345936832,"TOTAL_PARENT_EQUITY":6593049002.54,"DEBT_ASSET_RATIO":13.7238364838,"OPERATE_PROFIT":640798847.01,"PRETAX_PROFIT":618643964.47,"NETCASH_OPERATE":254641799.09,"NETCASH_INVEST":-497406680.26,"NETCASH_FINANCE":283096914.94,"END_CASH":256079070.52,"DIVI_RATIO":null,"DIVIDEND_RATE":null,"CURRENT_RATIO":1.678797362818,"COMMON_ACS":null,"CURRENTDEBT_DEBT":14.240654308035,"ISSUED_COMMON_SHARES":579753289,"HK_COMMON_SHARES":579753289,"PER_SHARES":2000,"TOTAL_MARKET_CAP":405827302.3,"HKSK_MARKET_CAP":405827302.3,"PE_TTM":-2.319450538101,"PB_TTM":0.056096171272,"REPORT_DATE_SQ":"2021-12-31 00:00:00","REPORT_TYPE_SQ":"2021年年报","OPERATE_INCOME_SQ":420580798.4,"DPS_HKD":null,"OPERATE_INCOME_QOQ_SQ":15.573436178284,"NET_PROFIT_RATIO_SQ":15.9876674008,"HOLDER_PROFIT_SQ":55781577.6,"HOLDER_PROFIT_QOQ_SQ":2345.8749098998,"ROE_AVG_SQ":0.979733210602,"PE_TTM_SQ":1.131972689905,"PB_TTM_SQ":0.06556045501,"ROA_SQ":0.747556069855,"START_DATE":"2022-01-01 00:00:00","FISCAL_YEAR":"12-31","CURRENCY":"HKD","IS_CNY_CODE":0,"DPS_HKD_LY":null,"ORG_TYPE":"一般企业","PREMIUM_INCOME":null,"PREMIUM_INCOME_YOY":null,"NET_INTEREST_INCOME":null,"NET_INTEREST_INCOME_YOY":null,"FEE_COMMISSION_INCOME":null,"FEE_COMMISSION_INCOME_YOY":null,"ACCOUNTS_RECE_TDAYS":34.94180045054,"INVENTORY_TDAYS":236.261980830671,"CURRENT_ASSETS_TDAYS":1.953696381424,"TOTAL_ASSETS_TDAYS":0.064169578858,"PREMIUM_EXPENSE":null,"LOAN_DEPOSIT":null,"LOAN_EQUITY":null,"LOAN_ASSETS":null,"DEPOSIT_EQUITY":null,"DEPOSIT_ASSETS":null,"EQUITY_MULTIPLIER":1.159068692029,"EQUITY_RATIO":0.185434049037},{"SECUCODE":"00219.HK","SECURITY_CODE":"00219","SECURITY_NAME_ABBR":"顺豪物业","ORG_CODE":"10007483","STD_REPORT_DATE":"2022-06-30 00:00:00","REPORT_DATE":"2022-06-30 00:00:00","DATE_TYPE_CODE":"002","REPORT_TYPE":"2022年中报","PER_NETCASH_OPERATE":0.313116509305,"PER_OI":0.536334952746,"BPS":10.268613358863,"BASIC_EPS":0.102109686,"DILUTED_EPS":null,"OPERATE_INCOME":310941952.86,"OPERATE_INCOME_YOY":56.4888420237,"GROSS_PROFIT":174033730.57,"GROSS_PROFIT_YOY":137.530431181994,"HOLDER_PROFIT":52245267.48,"HOLDER_PROFIT_YOY":325.0173925143,"GROSS_PROFIT_RATIO":55.969845486999,"EPS_TTM":0.165702427192,"OPERATE_INCOME_QOQ":27.964264109876,"NET_PROFIT_RATIO":24.8507951176,"ROE_AVG":0.875524837313,"GROSS_PROFIT_QOQ":71.480814313581,"ROA":0.668211191356,"HOLDER_PROFIT_QOQ":72.219093280001,"ROE_YEARLY":1.751049674627,"ROIC_YEARLY":1.572533129195,"TOTAL_ASSETS":7835400438.25,"TOTAL_LIABILITIES":955047115.54,"TAX_EBT":26.022597019813,"OCF_SALES":58.380776360446,"TOTAL_PARENT_EQUITY":5953262368.27,"DEBT_ASSET_RATIO":12.1888743666,"OPERATE_PROFIT":108651889.5,"PRETAX_PROFIT":104452906.6,"NETCASH_OPERATE":181530326.11,"NETCASH_INVEST":-158097264.92,"NETCASH_FINANCE":34312788.37,"END_CASH":266152231.8,"DIVI_RATIO":null,"DIVIDEND_RATE":null,"CURRENT_RATIO":0.803752473322,"COMMON_ACS":null,"CURRENTDEBT_DEBT":84.717478863074,"ISSUED_COMMON_SHARES":579753289,"HK_COMMON_SHARES":579753289,"PER_SHARES":2000,"TOTAL_MARKET_CAP":405827302.3,"HKSK_MARKET_CAP":405827302.3,"PE_TTM":-2.319450538101,"PB_TTM":0.056096171272,"REPORT_DATE_SQ":"2021-06-30 00:00:00","REPORT_TYPE_SQ":"2021年中报","OPERATE_INCOME_SQ":193329627.6,"DPS_HKD":null,"OPERATE_INCOME_QOQ_SQ":11.46357100604,"NET_PROFIT_RATIO_SQ":6.1907938626,"HOLDER_PROFIT_SQ":11960317.92,"HOLDER_PROFIT_QOQ_SQ":98.280615500197,"ROE_AVG_SQ":0.206972052437,"PE_TTM_SQ":1.131972689905,"PB_TTM_SQ":0.06556045501,"ROA_SQ":0.157299104126,"START_DATE":"2022-01-01 00:00:00","FISCAL_YEAR":"12-31","CURRENCY":"HKD","IS_CNY_CODE":0,"DPS_HKD_LY":null,"ORG_TYPE":"一般企业","PREMIUM_INCOME":null,"PREMIUM_INCOME_YOY":null,"NET_INTEREST_INCOME":null,"NET_INTEREST_INCOME_YOY":null,"FEE_COMMISSION_INCOME":null,"FEE_COMMISSION_INCOME_YOY":null,"ACCOUNTS_RECE_TDAYS":10.412497494201,"INVENTORY_TDAYS":118.850037119525,"CURRENT_ASSETS_TDAYS":0.685748880877,"TOTAL_ASSETS_TDAYS":0.039769131786,"PREMIUM_EXPENSE":null,"LOAN_DEPOSIT":null,"LOAN_EQUITY":null,"LOAN_ASSETS":null,"DEPOSIT_EQUITY":null,"DEPOSIT_ASSETS":null,"EQUITY_MULTIPLIER":1.13880785924,"EQUITY_RATIO":0.160424160143},{"SECUCODE":"00219.HK","SECURITY_CODE":"00219","SECURITY_NAME_ABBR":"顺豪物业","ORG_CODE":"10007483","STD_REPORT_DATE":"2021-12-31 00:00:00","REPORT_DATE":"2021-12-31 00:00:00","DATE_TYPE_CODE":"001","REPORT_TYPE":"2021年年报","PER_NETCASH_OPERATE":0.306909574428,"PER_OI":0.725447886851,"BPS":9.863580443094,"BASIC_EPS":0.10906784,"DILUTED_EPS":null,"OPERATE_INCOME":420580798.4,"OPERATE_INCOME_YOY":32.6100574616,"GROSS_PROFIT":140968956.8,"GROSS_PROFIT_YOY":39.365115016133,"HOLDER_PROFIT":55781577.6,"HOLDER_PROFIT_YOY":139.750633612,"GROSS_PROFIT_RATIO":33.517687287742,"EPS_TTM":0.096216060622,"OPERATE_INCOME_QOQ":15.573436178284,"NET_PROFIT_RATIO":15.9876674008,"ROE_AVG":0.979733210602,"GROSS_PROFIT_QOQ":-7.698933614245,"ROA":0.747556069855,"HOLDER_PROFIT_QOQ":2345.8749098998,"ROE_YEARLY":0.979733210602,"ROIC_YEARLY":0.871896259348,"TOTAL_ASSETS":7459015491.2,"TOTAL_LIABILITIES":846924041.6,"TAX_EBT":25.916117176522,"OCF_SALES":42.30621937019,"TOTAL_PARENT_EQUITY":5718443203.2,"DEBT_ASSET_RATIO":11.3543676454,"OPERATE_PROFIT":97578924.8,"PRETAX_PROFIT":90763411.2,"NETCASH_OPERATE":177931835.2,"NETCASH_INVEST":-25511572.8,"NETCASH_FINANCE":-78263942.4,"END_CASH":214497360,"DIVI_RATIO":null,"DIVIDEND_RATE":null,"CURRENT_RATIO":0.351869705862,"COMMON_ACS":null,"CURRENTDEBT_DEBT":82.30736407991,"ISSUED_COMMON_SHARES":579753289,"HK_COMMON_SHARES":579753289,"PER_SHARES":2000,"TOTAL_MARKET_CAP":405827302.3,"HKSK_MARKET_CAP":405827302.3,"PE_TTM":-2.319450538101,"PB_TTM":0.056096171272,"REPORT_DATE_SQ":"2020-12-31 00:00:00","REPORT_TYPE_SQ":"2020年年报","OPERATE_INCOME_SQ":326481414.04,"DPS_HKD":null,"OPERATE_INCOME_QOQ_SQ":-14.807695424951,"NET_PROFIT_RATIO_SQ":-60.6984591826,"HOLDER_PROFIT_SQ":-144454881.4,"HOLDER_PROFIT_QOQ_SQ":25.906500671332,"ROE_AVG_SQ":-2.445159148326,"PE_TTM_SQ":1.131972689905,"PB_TTM_SQ":0.06556045501,"ROA_SQ":-1.847086008874,"START_DATE":"2021-01-01 00:00:00","FISCAL_YEAR":"12-31","CURRENCY":"HKD","IS_CNY_CODE":0,"DPS_HKD_LY":null,"ORG_TYPE":"一般企业","PREMIUM_INCOME":null,"PREMIUM_INCOME_YOY":null,"NET_INTEREST_INCOME":null,"NET_INTEREST_INCOME_YOY":null,"FEE_COMMISSION_INCOME":null,"FEE_COMMISSION_INCOME_YOY":null,"ACCOUNTS_RECE_TDAYS":41.509703449667,"INVENTORY_TDAYS":270.991283676704,"CURRENT_ASSETS_TDAYS":2.036976979474,"TOTAL_ASSETS_TDAYS":0.056364079726,"PREMIUM_EXPENSE":null,"LOAN_DEPOSIT":null,"LOAN_EQUITY":null,"LOAN_ASSETS":null,"DEPOSIT_EQUITY":null,"DEPOSIT_ASSETS":null,"EQUITY_MULTIPLIER":1.128087163956,"EQUITY_RATIO":0.148103952685},{"SECUCODE":"00219.HK","SECURITY_CODE":"00219","SECURITY_NAME_ABBR":"顺豪物业","ORG_CODE":"10007483","STD_REPORT_DATE":"2021-06-30 00:00:00","REPORT_DATE":"2021-06-30 00:00:00","DATE_TYPE_CODE":"002","REPORT_TYPE":"2021年中报","PER_NETCASH_OPERATE":0.167165681815,"PER_OI":0.333468789687,"BPS":9.984207267171,"BASIC_EPS":0.023381448,"DILUTED_EPS":null,"OPERATE_INCOME":193329627.6,"OPERATE_INCOME_YOY":36.1314061063,"GROSS_PROFIT":73267972.32,"GROSS_PROFIT_YOY":237.773360580038,"HOLDER_PROFIT":11960317.92,"HOLDER_PROFIT_YOY":110.0989945971,"GROSS_PROFIT_RATIO":37.897953474359,"EPS_TTM":-0.004284123759,"OPERATE_INCOME_QOQ":11.46357100604,"NET_PROFIT_RATIO":6.1907938626,"ROE_AVG":0.206972052437,"GROSS_PROFIT_QOQ":50.989712766355,"ROA":0.157299104126,"HOLDER_PROFIT_QOQ":98.280615500197,"ROE_YEARLY":0.413944104875,"ROIC_YEARLY":0.366622694389,"TOTAL_ASSETS":7610197855.44,"TOTAL_LIABILITIES":918523959.12,"TAX_EBT":50.756590208833,"OCF_SALES":50.129333534184,"TOTAL_PARENT_EQUITY":5788377001.2,"DEBT_ASSET_RATIO":12.0696462374,"OPERATE_PROFIT":27876344.16,"PRETAX_PROFIT":24305056.8,"NETCASH_OPERATE":96914853.84,"NETCASH_INVEST":-366947.28,"NETCASH_FINANCE":-25829427.36,"END_CASH":216444810,"DIVI_RATIO":null,"DIVIDEND_RATE":null,"CURRENT_RATIO":0.528771404196,"COMMON_ACS":null,"CURRENTDEBT_DEBT":49.163366968962,"ISSUED_COMMON_SHARES":579753289,"HK_COMMON_SHARES":579753289,"PER_SHARES":2000,"TOTAL_MARKET_CAP":405827302.3,"HKSK_MARKET_CAP":405827302.3,"PE_TTM":-2.319450538101,"PB_TTM":0.056096171272,"REPORT_DATE_SQ":"2020-06-30 00:00:00","REPORT_TYPE_SQ":"2020年中报","OPERATE_INCOME_SQ":155903198.88,"DPS_HKD":null,"OPERATE_INCOME_QOQ_SQ":-30.696666373173,"NET_PROFIT_RATIO_SQ":-110.8292271366,"HOLDER_PROFIT_SQ":-130010828.64,"HOLDER_PROFIT_QOQ_SQ":-1357.27012930374,"ROE_AVG_SQ":-2.035443903986,"PE_TTM_SQ":1.131972689905,"PB_TTM_SQ":0.06556045501,"ROA_SQ":-1.503799515656,"START_DATE":"2021-01-01 00:00:00","FISCAL_YEAR":"12-31","CURRENCY":"HKD","IS_CNY_CODE":0,"DPS_HKD_LY":null,"ORG_TYPE":"一般企业","PREMIUM_INCOME":null,"PREMIUM_INCOME_YOY":null,"NET_INTEREST_INCOME":null,"NET_INTEREST_INCOME_YOY":null,"FEE_COMMISSION_INCOME":null,"FEE_COMMISSION_INCOME_YOY":null,"ACCOUNTS_RECE_TDAYS":17.437427295583,"INVENTORY_TDAYS":115.756919374248,"CURRENT_ASSETS_TDAYS":0.944418926993,"TOTAL_ASSETS_TDAYS":0.025426228154,"PREMIUM_EXPENSE":null,"LOAN_DEPOSIT":null,"LOAN_EQUITY":null,"LOAN_ASSETS":null,"DEPOSIT_EQUITY":null,"DEPOSIT_ASSETS":null,"EQUITY_MULTIPLIER":1.137263706114,"EQUITY_RATIO":0.158684197475},{"SECUCODE":"00219.HK","SECURITY_CODE":"00219","SECURITY_NAME_ABBR":"顺豪物业","ORG_CODE":"10007483","STD_REPORT_DATE":"2020-12-31 00:00:00","REPORT_DATE":"2020-12-31 00:00:00","DATE_TYPE_CODE":"001","REPORT_TYPE":"2020年年报","PER_NETCASH_OPERATE":0.206855719278,"PER_OI":0.563138528465,"BPS":10.065192237521,"BASIC_EPS":-0.28237022,"DILUTED_EPS":null,"OPERATE_INCOME":326481414.04,"OPERATE_INCOME_YOY":-37.1609680079,"GROSS_PROFIT":101150820.12,"GROSS_PROFIT_YOY":-44.432503149367,"HOLDER_PROFIT":-144454881.4,"HOLDER_PROFIT_YOY":-1091.4794061579,"GROSS_PROFIT_RATIO":30.982106720356,"EPS_TTM":-0.249166126594,"OPERATE_INCOME_QOQ":-14.807695424951,"NET_PROFIT_RATIO":-60.6984591826,"ROE_AVG":-2.445159148326,"GROSS_PROFIT_QOQ":39.802323864477,"ROA":-1.847086008874,"HOLDER_PROFIT_QOQ":25.906500671332,"ROE_YEARLY":-2.445159148326,"ROIC_YEARLY":-2.139222657077,"TOTAL_ASSETS":7684187507.88,"TOTAL_LIABILITIES":944924377.52,"TAX_EBT":-6.999677350456,"OCF_SALES":36.732652592992,"TOTAL_PARENT_EQUITY":5835328304.12,"DEBT_ASSET_RATIO":12.2969979136,"OPERATE_PROFIT":-171448801.12,"PRETAX_PROFIT":-185205406.92,"NETCASH_OPERATE":119925283.6,"NETCASH_INVEST":-28117509.12,"NETCASH_FINANCE":-75022947.96,"END_CASH":146169302.08,"DIVI_RATIO":null,"DIVIDEND_RATE":null,"CURRENT_RATIO":0.707712854988,"COMMON_ACS":null,"CURRENTDEBT_DEBT":25.809063362305,"ISSUED_COMMON_SHARES":579753289,"HK_COMMON_SHARES":579753289,"PER_SHARES":2000,"TOTAL_MARKET_CAP":405827302.3,"HKSK_MARKET_CAP":405827302.3,"PE_TTM":-2.319450538101,"PB_TTM":0.056096171272,"REPORT_DATE_SQ":"2019-12-31 00:00:00","REPORT_TYPE_SQ":"2019年年报","OPERATE_INCOME_SQ":552973056.02,"DPS_HKD":null,"OPERATE_INCOME_QOQ_SQ":-22.145556462372,"NET_PROFIT_RATIO_SQ":3.8969138632,"HOLDER_PROFIT_SQ":15506847.58,"HOLDER_PROFIT_QOQ_SQ":-95.865085140754,"ROE_AVG_SQ":0.243169437095,"PE_TTM_SQ":1.131972689905,"PB_TTM_SQ":0.06556045501,"ROA_SQ":0.181223929955,"START_DATE":"2020-01-01 00:00:00","FISCAL_YEAR":"12-31","CURRENCY":"HKD","IS_CNY_CODE":0,"DPS_HKD_LY":0.0195,"ORG_TYPE":"一般企业","PREMIUM_INCOME":null,"PREMIUM_INCOME_YOY":null,"NET_INTEREST_INCOME":null,"NET_INTEREST_INCOME_YOY":null,"FEE_COMMISSION_INCOME":null,"FEE_COMMISSION_INCOME_YOY":null,"ACCOUNTS_RECE_TDAYS":34.187723086414,"INVENTORY_TDAYS":209.1625,"CURRENT_ASSETS_TDAYS":2.036577554706,"TOTAL_ASSETS_TDAYS":0.041745854912,"PREMIUM_EXPENSE":null,"LOAN_DEPOSIT":null,"LOAN_EQUITY":null,"LOAN_ASSETS":null,"DEPOSIT_EQUITY":null,"DEPOSIT_ASSETS":null,"EQUITY_MULTIPLIER":1.140211824237,"EQUITY_RATIO":0.161931656331},{"SECUCODE":"00219.HK","SECURITY_CODE":"00219","SECURITY_NAME_ABBR":"顺豪物业","ORG_CODE":"10007483","STD_REPORT_DATE":"2020-06-30 00:00:00","REPORT_DATE":"2020-06-30 00:00:00","DATE_TYPE_CODE":"002","REPORT_TYPE":"2020年中报","PER_NETCASH_OPERATE":0.019214036404,"PER_OI":0.268913004614,"BPS":10.839549400676,"BASIC_EPS":-0.254119008,"DILUTED_EPS":null,"OPERATE_INCOME":155903198.88,"OPERATE_INCOME_YOY":-53.8956285437,"GROSS_PROFIT":21691459.68,"GROSS_PROFIT_YOY":-83.488403669798,"HOLDER_PROFIT":-130010828.64,"HOLDER_PROFIT_YOY":-255.6108280673,"GROSS_PROFIT_RATIO":13.913415398677,"EPS_TTM":-0.336286082924,"OPERATE_INCOME_QOQ":-30.696666373173,"NET_PROFIT_RATIO":-110.8292271366,"ROE_AVG":-2.035443903986,"GROSS_PROFIT_QOQ":-60.252808884279,"ROA":-1.503799515656,"HOLDER_PROFIT_QOQ":-1357.27012930374,"ROE_YEARLY":-4.070887807973,"ROIC_YEARLY":-3.539952207375,"TOTAL_ASSETS":8654960006.88,"TOTAL_LIABILITIES":1404888988.8,"TAX_EBT":-1.830866875898,"OCF_SALES":7.145075200525,"TOTAL_PARENT_EQUITY":6284264416.32,"DEBT_ASSET_RATIO":16.2321834842,"OPERATE_PROFIT":-160474966.08,"PRETAX_PROFIT":-169679700.96,"NETCASH_OPERATE":11139400.8,"NETCASH_INVEST":-26389281.6,"NETCASH_FINANCE":332935178.4,"END_CASH":455930787.84,"DIVI_RATIO":null,"DIVIDEND_RATE":null,"CURRENT_RATIO":0.770467169191,"COMMON_ACS":null,"CURRENTDEBT_DEBT":45.172299449942,"ISSUED_COMMON_SHARES":579753289,"HK_COMMON_SHARES":579753289,"PER_SHARES":2000,"TOTAL_MARKET_CAP":405827302.3,"HKSK_MARKET_CAP":405827302.3,"PE_TTM":-2.319450538101,"PB_TTM":0.056096171272,"REPORT_DATE_SQ":"2019-06-30 00:00:00","REPORT_TYPE_SQ":"2019年中报","OPERATE_INCOME_SQ":325647493.02,"DPS_HKD":null,"OPERATE_INCOME_QOQ_SQ":2.983998097297,"NET_PROFIT_RATIO_SQ":29.1366488653,"HOLDER_PROFIT_SQ":80458981.56,"HOLDER_PROFIT_QOQ_SQ":-29.143787652272,"ROE_AVG_SQ":1.276626599421,"PE_TTM_SQ":1.131972689905,"PB_TTM_SQ":0.06556045501,"ROA_SQ":0.95138854506,"START_DATE":"2020-01-01 00:00:00","FISCAL_YEAR":"12-31","CURRENCY":"HKD","IS_CNY_CODE":0,"DPS_HKD_LY":0.0195,"ORG_TYPE":"一般企业","PREMIUM_INCOME":null,"PREMIUM_INCOME_YOY":null,"NET_INTEREST_INCOME":null,"NET_INTEREST_INCOME_YOY":null,"FEE_COMMISSION_INCOME":null,"FEE_COMMISSION_INCOME_YOY":null,"ACCOUNTS_RECE_TDAYS":11.512782462057,"INVENTORY_TDAYS":116.703733121525,"CURRENT_ASSETS_TDAYS":0.479993362994,"TOTAL_ASSETS_TDAYS":0.018032894446,"PREMIUM_EXPENSE":null,"LOAN_DEPOSIT":null,"LOAN_EQUITY":null,"LOAN_ASSETS":null,"DEPOSIT_EQUITY":null,"DEPOSIT_ASSETS":null,"EQUITY_MULTIPLIER":1.193775893408,"EQUITY_RATIO":0.223556632205}],"count":48},"success":true,"message":"ok","code":0}