{"version":"3da131018d800769eccd2bfc475e7c28","result":{"pages":6,"data":[{"SECUCODE":"00217.HK","SECURITY_CODE":"00217","SECURITY_NAME_ABBR":"中国诚通发展集团","ORG_CODE":"10007481","STD_REPORT_DATE":"2024-06-30 00:00:00","REPORT_DATE":"2024-06-30 00:00:00","DATE_TYPE_CODE":"002","REPORT_TYPE":"2024年中报","PER_NETCASH_OPERATE":0.266738749237,"PER_OI":0.049495989286,"BPS":0.424257675936,"BASIC_EPS":0.00410706,"DILUTED_EPS":0.00410706,"OPERATE_INCOME":295225512.28,"OPERATE_INCOME_YOY":-13.2359844106,"GROSS_PROFIT":108566024.04,"GROSS_PROFIT_YOY":-14.740228750227,"HOLDER_PROFIT":24363079.92,"HOLDER_PROFIT_YOY":-31.096254614,"GROSS_PROFIT_RATIO":36.773930275048,"EPS_TTM":0.008428064923,"OPERATE_INCOME_QOQ":-7.232833561204,"NET_PROFIT_RATIO":8.3021352764,"ROE_AVG":0.948665820968,"GROSS_PROFIT_QOQ":-6.979914656785,"ROA":0.27486373039,"HOLDER_PROFIT_QOQ":-18.426324069629,"ROE_YEARLY":1.897331641936,"ROIC_YEARLY":0.600860977463,"TOTAL_ASSETS":8080181471.96,"TOTAL_LIABILITIES":5544874167.68,"TAX_EBT":48.511225722338,"OCF_SALES":538.909824992039,"TOTAL_PARENT_EQUITY":2530542202,"DEBT_ASSET_RATIO":68.6231390585,"OPERATE_PROFIT":61613201.44,"PRETAX_PROFIT":47602650.76,"NETCASH_OPERATE":1590999291.56,"NETCASH_INVEST":-5483381.44,"NETCASH_FINANCE":-1347437856.04,"END_CASH":861645672.44,"DIVI_RATIO":0.365581901448,"DIVIDEND_RATE":3.578947368421,"CURRENT_RATIO":1.352971362757,"COMMON_ACS":null,"CURRENTDEBT_DEBT":55.906926583639,"ISSUED_COMMON_SHARES":5964635045,"HK_COMMON_SHARES":5964635045,"PER_SHARES":2000,"TOTAL_MARKET_CAP":566640329.275,"HKSK_MARKET_CAP":566640329.275,"PE_TTM":10.126533870809,"PB_TTM":0.204367781464,"REPORT_DATE_SQ":"2023-06-30 00:00:00","REPORT_TYPE_SQ":"2023年中报","OPERATE_INCOME_SQ":343729817.66,"DPS_HKD":0.0034,"OPERATE_INCOME_QOQ_SQ":-5.56357804919,"NET_PROFIT_RATIO_SQ":10.4354146941,"HOLDER_PROFIT_SQ":35718427.18,"HOLDER_PROFIT_QOQ_SQ":26.033802413589,"ROE_AVG_SQ":1.359410843601,"PE_TTM_SQ":5.409378275007,"PB_TTM_SQ":0.182849052465,"ROA_SQ":0.371213740341,"START_DATE":"2024-01-01 00:00:00","FISCAL_YEAR":"12-31","CURRENCY":"HKD","IS_CNY_CODE":0,"DPS_HKD_LY":0.0034,"ORG_TYPE":"一般企业","PREMIUM_INCOME":null,"PREMIUM_INCOME_YOY":null,"NET_INTEREST_INCOME":null,"NET_INTEREST_INCOME_YOY":null,"FEE_COMMISSION_INCOME":null,"FEE_COMMISSION_INCOME_YOY":null,"ACCOUNTS_RECE_TDAYS":6.540052567732,"INVENTORY_TDAYS":1.135476205678,"CURRENT_ASSETS_TDAYS":0.067712611542,"TOTAL_ASSETS_TDAYS":0.033307277191,"PREMIUM_EXPENSE":null,"LOAN_DEPOSIT":null,"LOAN_EQUITY":null,"LOAN_ASSETS":null,"DEPOSIT_EQUITY":null,"DEPOSIT_ASSETS":null,"EQUITY_MULTIPLIER":3.187061962203,"EQUITY_RATIO":2.191180278795},{"SECUCODE":"00217.HK","SECURITY_CODE":"00217","SECURITY_NAME_ABBR":"中国诚通发展集团","ORG_CODE":"10007481","STD_REPORT_DATE":"2023-12-31 00:00:00","REPORT_DATE":"2023-12-31 00:00:00","DATE_TYPE_CODE":"001","REPORT_TYPE":"2023年年报","PER_NETCASH_OPERATE":-0.057011942483,"PER_OI":0.112431483798,"BPS":0.433772904451,"BASIC_EPS":0.010330908,"DILUTED_EPS":0.010330908,"OPERATE_INCOME":670612768.42,"OPERATE_INCOME_YOY":-42.0685147058,"GROSS_PROFIT":268908097.92,"GROSS_PROFIT_YOY":19.295677268284,"HOLDER_PROFIT":61625678.66,"HOLDER_PROFIT_YOY":-10.6000052586,"GROSS_PROFIT_RATIO":40.098863395274,"EPS_TTM":0.010331843976,"OPERATE_INCOME_QOQ":-37.766241036798,"NET_PROFIT_RATIO":9.2454031089,"ROE_AVG":2.352242452921,"GROSS_PROFIT_QOQ":2.889822474486,"ROA":0.660867133131,"HOLDER_PROFIT_QOQ":-28.038310968205,"ROE_YEARLY":2.352242452921,"ROIC_YEARLY":0.701238285777,"TOTAL_ASSETS":9578923019.12,"TOTAL_LIABILITIES":6987040478.46,"TAX_EBT":43.690175389503,"OCF_SALES":-50.708165148896,"TOTAL_PARENT_EQUITY":2587297067.46,"DEBT_ASSET_RATIO":72.9418167837,"OPERATE_PROFIT":138269235.16,"PRETAX_PROFIT":110106636.22,"NETCASH_OPERATE":-340055430.12,"NETCASH_INVEST":66150435.12,"NETCASH_FINANCE":485038849.26,"END_CASH":633066261.38,"DIVI_RATIO":0.298218595547,"DIVIDEND_RATE":3.148148148148,"CURRENT_RATIO":1.208087342658,"COMMON_ACS":null,"CURRENTDEBT_DEBT":53.237503101454,"ISSUED_COMMON_SHARES":5964635045,"HK_COMMON_SHARES":5964635045,"PER_SHARES":2000,"TOTAL_MARKET_CAP":644180584.86,"HKSK_MARKET_CAP":644180584.86,"PE_TTM":11.512270084709,"PB_TTM":0.232333898927,"REPORT_DATE_SQ":"2022-12-31 00:00:00","REPORT_TYPE_SQ":"2022年年报","OPERATE_INCOME_SQ":1141054165.3,"DPS_HKD":0.0034,"OPERATE_INCOME_QOQ_SQ":17.417142265497,"NET_PROFIT_RATIO_SQ":6.0504622707,"HOLDER_PROFIT_SQ":67947475.82,"HOLDER_PROFIT_QOQ_SQ":16.038787586805,"ROE_AVG_SQ":2.509794553588,"PE_TTM_SQ":5.727576997066,"PB_TTM_SQ":0.19360487908,"ROA_SQ":0.836922881923,"START_DATE":"2023-01-01 00:00:00","FISCAL_YEAR":"12-31","CURRENCY":"HKD","IS_CNY_CODE":0,"DPS_HKD_LY":0.0039,"ORG_TYPE":"一般企业","PREMIUM_INCOME":null,"PREMIUM_INCOME_YOY":null,"NET_INTEREST_INCOME":null,"NET_INTEREST_INCOME_YOY":null,"FEE_COMMISSION_INCOME":null,"FEE_COMMISSION_INCOME_YOY":null,"ACCOUNTS_RECE_TDAYS":9.179854240968,"INVENTORY_TDAYS":1.943029596381,"CURRENT_ASSETS_TDAYS":0.161235208932,"TOTAL_ASSETS_TDAYS":0.071915790194,"PREMIUM_EXPENSE":null,"LOAN_DEPOSIT":null,"LOAN_EQUITY":null,"LOAN_ASSETS":null,"DEPOSIT_EQUITY":null,"DEPOSIT_ASSETS":null,"EQUITY_MULTIPLIER":3.695739628955,"EQUITY_RATIO":2.700517295186},{"SECUCODE":"00217.HK","SECURITY_CODE":"00217","SECURITY_NAME_ABBR":"中国诚通发展集团","ORG_CODE":"10007481","STD_REPORT_DATE":"2023-06-30 00:00:00","REPORT_DATE":"2023-06-30 00:00:00","DATE_TYPE_CODE":"002","REPORT_TYPE":"2023年中报","PER_NETCASH_OPERATE":-0.160708705406,"PER_OI":0.057627971379,"BPS":0.428595603552,"BASIC_EPS":0.00599287,"DILUTED_EPS":0.00599287,"OPERATE_INCOME":343729817.66,"OPERATE_INCOME_YOY":-21.7045700353,"GROSS_PROFIT":127335579.78,"GROSS_PROFIT_YOY":39.327039976388,"HOLDER_PROFIT":35718427.18,"HOLDER_PROFIT_YOY":83.7634000569,"GROSS_PROFIT_RATIO":37.045252764761,"EPS_TTM":0.014357422839,"OPERATE_INCOME_QOQ":-5.56357804919,"NET_PROFIT_RATIO":10.4354146941,"ROE_AVG":1.359410843601,"GROSS_PROFIT_QOQ":15.945070561149,"ROA":0.371213740341,"HOLDER_PROFIT_QOQ":26.033802413589,"ROE_YEARLY":2.718821687201,"ROIC_YEARLY":0.790190267459,"TOTAL_ASSETS":10015354414.48,"TOTAL_LIABILITIES":7451115057.1,"TAX_EBT":44.108435811976,"OCF_SALES":-278.872744536864,"TOTAL_PARENT_EQUITY":2556416357.08,"DEBT_ASSET_RATIO":74.3969184588,"OPERATE_PROFIT":78022557.5,"PRETAX_PROFIT":64177183.84,"NETCASH_OPERATE":-958568776.3,"NETCASH_INVEST":58616722.46,"NETCASH_FINANCE":1183598278.86,"END_CASH":711750120.4,"DIVI_RATIO":0.214603138363,"DIVIDEND_RATE":3.148148148148,"CURRENT_RATIO":1.030305950746,"COMMON_ACS":null,"CURRENTDEBT_DEBT":54.438162032606,"ISSUED_COMMON_SHARES":5964635045,"HK_COMMON_SHARES":5964635045,"PER_SHARES":2000,"TOTAL_MARKET_CAP":644180584.86,"HKSK_MARKET_CAP":644180584.86,"PE_TTM":11.512270084709,"PB_TTM":0.232333898927,"REPORT_DATE_SQ":"2022-06-30 00:00:00","REPORT_TYPE_SQ":"2022年中报","OPERATE_INCOME_SQ":407213256.73,"DPS_HKD":0.0034,"OPERATE_INCOME_QOQ_SQ":1.35722778841,"NET_PROFIT_RATIO_SQ":4.5694052717,"HOLDER_PROFIT_SQ":18029115.58,"HOLDER_PROFIT_QOQ_SQ":-31.282103095564,"ROE_AVG_SQ":0.689123939506,"PE_TTM_SQ":5.727576997066,"PB_TTM_SQ":0.19360487908,"ROA_SQ":0.258443199071,"START_DATE":"2023-01-01 00:00:00","FISCAL_YEAR":"12-31","CURRENCY":"HKD","IS_CNY_CODE":0,"DPS_HKD_LY":0.0039,"ORG_TYPE":"一般企业","PREMIUM_INCOME":null,"PREMIUM_INCOME_YOY":null,"NET_INTEREST_INCOME":null,"NET_INTEREST_INCOME_YOY":null,"FEE_COMMISSION_INCOME":null,"FEE_COMMISSION_INCOME_YOY":null,"ACCOUNTS_RECE_TDAYS":4.160927237317,"INVENTORY_TDAYS":0.994761424418,"CURRENT_ASSETS_TDAYS":0.085183051813,"TOTAL_ASSETS_TDAYS":0.035723082273,"PREMIUM_EXPENSE":null,"LOAN_DEPOSIT":null,"LOAN_EQUITY":null,"LOAN_ASSETS":null,"DEPOSIT_EQUITY":null,"DEPOSIT_ASSETS":null,"EQUITY_MULTIPLIER":3.905779850722,"EQUITY_RATIO":2.914671953363},{"SECUCODE":"00217.HK","SECURITY_CODE":"00217","SECURITY_NAME_ABBR":"中国诚通发展集团","ORG_CODE":"10007481","STD_REPORT_DATE":"2022-12-31 00:00:00","REPORT_DATE":"2022-12-31 00:00:00","DATE_TYPE_CODE":"001","REPORT_TYPE":"2022年年报","PER_NETCASH_OPERATE":-0.340899128471,"PER_OI":0.191303266116,"BPS":0.438339956779,"BASIC_EPS":0.011433856,"DILUTED_EPS":0.011433856,"OPERATE_INCOME":1141054165.3,"OPERATE_INCOME_YOY":8.9292125125,"GROSS_PROFIT":225413111.42,"GROSS_PROFIT_YOY":1.246747401619,"HOLDER_PROFIT":67947475.82,"HOLDER_PROFIT_YOY":-27.0154094145,"GROSS_PROFIT_RATIO":19.75481254746,"EPS_TTM":0.011391723937,"OPERATE_INCOME_QOQ":17.417142265497,"NET_PROFIT_RATIO":6.0504622707,"ROE_AVG":2.509794553588,"GROSS_PROFIT_QOQ":5.580103452084,"ROA":0.836922881923,"HOLDER_PROFIT_QOQ":16.038787586805,"ROE_YEARLY":2.509794553588,"ROIC_YEARLY":0.93280953289,"TOTAL_ASSETS":8941395983.45,"TOTAL_LIABILITIES":6319425215.95,"TAX_EBT":36.768904778657,"OCF_SALES":-178.198279303893,"TOTAL_PARENT_EQUITY":2614537867.83,"DEBT_ASSET_RATIO":70.6760468684,"OPERATE_PROFIT":123085459.84,"PRETAX_PROFIT":109185285.37,"NETCASH_OPERATE":-2033338888.49,"NETCASH_INVEST":-435018916.92,"NETCASH_FINANCE":1665458144.77,"END_CASH":422384506.04,"DIVI_RATIO":0.270472495377,"DIVIDEND_RATE":3.148148148148,"CURRENT_RATIO":0.968728130085,"COMMON_ACS":null,"CURRENTDEBT_DEBT":58.014088658044,"ISSUED_COMMON_SHARES":5964635045,"HK_COMMON_SHARES":5964635045,"PER_SHARES":2000,"TOTAL_MARKET_CAP":644180584.86,"HKSK_MARKET_CAP":644180584.86,"PE_TTM":11.512270084709,"PB_TTM":0.232333898927,"REPORT_DATE_SQ":"2021-12-31 00:00:00","REPORT_TYPE_SQ":"2021年年报","OPERATE_INCOME_SQ":958782350.4,"DPS_HKD":0.0034,"OPERATE_INCOME_QOQ_SQ":37.571976726176,"NET_PROFIT_RATIO_SQ":9.0128671188,"HOLDER_PROFIT_SQ":85211907.2,"HOLDER_PROFIT_QOQ_SQ":-36.029717557247,"ROE_AVG_SQ":3.409154657412,"PE_TTM_SQ":5.727576997066,"PB_TTM_SQ":0.19360487908,"ROA_SQ":1.726308211989,"START_DATE":"2022-01-01 00:00:00","FISCAL_YEAR":"12-31","CURRENCY":"HKD","IS_CNY_CODE":0,"DPS_HKD_LY":0.0054,"ORG_TYPE":"一般企业","PREMIUM_INCOME":null,"PREMIUM_INCOME_YOY":null,"NET_INTEREST_INCOME":null,"NET_INTEREST_INCOME_YOY":null,"FEE_COMMISSION_INCOME":null,"FEE_COMMISSION_INCOME_YOY":null,"ACCOUNTS_RECE_TDAYS":13.57380428661,"INVENTORY_TDAYS":3.719871243545,"CURRENT_ASSETS_TDAYS":0.318523479758,"TOTAL_ASSETS_TDAYS":0.140545962735,"PREMIUM_EXPENSE":null,"LOAN_DEPOSIT":null,"LOAN_EQUITY":null,"LOAN_ASSETS":null,"DEPOSIT_EQUITY":null,"DEPOSIT_ASSETS":null,"EQUITY_MULTIPLIER":3.410181415555,"EQUITY_RATIO":2.417033347922},{"SECUCODE":"00217.HK","SECURITY_CODE":"00217","SECURITY_NAME_ABBR":"中国诚通发展集团","ORG_CODE":"10007481","STD_REPORT_DATE":"2022-06-30 00:00:00","REPORT_DATE":"2022-06-30 00:00:00","DATE_TYPE_CODE":"002","REPORT_TYPE":"2022年中报","PER_NETCASH_OPERATE":-0.010044831873,"PER_OI":0.0682712779,"BPS":0.427820456717,"BASIC_EPS":0.002993165,"DILUTED_EPS":0.002993165,"OPERATE_INCOME":407213256.73,"OPERATE_INCOME_YOY":0.5095482245,"GROSS_PROFIT":91393300.11,"GROSS_PROFIT_YOY":-9.089501474569,"HOLDER_PROFIT":18029115.58,"HOLDER_PROFIT_YOY":-60.7433476715,"GROSS_PROFIT_RATIO":22.443596469306,"EPS_TTM":0.009817169047,"OPERATE_INCOME_QOQ":1.35722778841,"NET_PROFIT_RATIO":4.5694052717,"ROE_AVG":0.689123939506,"GROSS_PROFIT_QOQ":-4.104330180385,"ROA":0.258443199071,"HOLDER_PROFIT_QOQ":-31.282103095564,"ROE_YEARLY":1.378247879012,"ROIC_YEARLY":0.622100364807,"TOTAL_ASSETS":6967065312.76,"TOTAL_LIABILITIES":4408623321.41,"TAX_EBT":46.199495573908,"OCF_SALES":-14.713115356587,"TOTAL_PARENT_EQUITY":2551792889.1,"DEBT_ASSET_RATIO":63.2780535778,"OPERATE_PROFIT":38681098.89,"PRETAX_PROFIT":34585593.98,"NETCASH_OPERATE":-59913756.21,"NETCASH_INVEST":6022247.98,"NETCASH_FINANCE":80423777.98,"END_CASH":1166571520.52,"DIVI_RATIO":0.313853004392,"DIVIDEND_RATE":3.148148148148,"CURRENT_RATIO":1.204032586236,"COMMON_ACS":null,"CURRENTDEBT_DEBT":66.307678609636,"ISSUED_COMMON_SHARES":5964635045,"HK_COMMON_SHARES":5964635045,"PER_SHARES":2000,"TOTAL_MARKET_CAP":644180584.86,"HKSK_MARKET_CAP":644180584.86,"PE_TTM":11.512270084709,"PB_TTM":0.232333898927,"REPORT_DATE_SQ":"2021-06-30 00:00:00","REPORT_TYPE_SQ":"2021年中报","OPERATE_INCOME_SQ":394200396.24,"DPS_HKD":0.0034,"OPERATE_INCOME_QOQ_SQ":-11.122222976499,"NET_PROFIT_RATIO_SQ":11.4770777177,"HOLDER_PROFIT_SQ":44685192.24,"HOLDER_PROFIT_QOQ_SQ":30.399864882768,"ROE_AVG_SQ":1.796558628269,"PE_TTM_SQ":5.727576997066,"PB_TTM_SQ":0.19360487908,"ROA_SQ":1.106200432321,"START_DATE":"2022-01-01 00:00:00","FISCAL_YEAR":"12-31","CURRENCY":"HKD","IS_CNY_CODE":0,"DPS_HKD_LY":0.0054,"ORG_TYPE":"一般企业","PREMIUM_INCOME":null,"PREMIUM_INCOME_YOY":null,"NET_INTEREST_INCOME":null,"NET_INTEREST_INCOME_YOY":null,"FEE_COMMISSION_INCOME":null,"FEE_COMMISSION_INCOME_YOY":null,"ACCOUNTS_RECE_TDAYS":4.46166747873,"INVENTORY_TDAYS":1.208392368076,"CURRENT_ASSETS_TDAYS":0.120306471785,"TOTAL_ASSETS_TDAYS":0.058373077873,"PREMIUM_EXPENSE":null,"LOAN_DEPOSIT":null,"LOAN_EQUITY":null,"LOAN_ASSETS":null,"DEPOSIT_EQUITY":null,"DEPOSIT_ASSETS":null,"EQUITY_MULTIPLIER":2.723167199535,"EQUITY_RATIO":1.727657185754},{"SECUCODE":"00217.HK","SECURITY_CODE":"00217","SECURITY_NAME_ABBR":"中国诚通发展集团","ORG_CODE":"10007481","STD_REPORT_DATE":"2021-12-31 00:00:00","REPORT_DATE":"2021-12-31 00:00:00","DATE_TYPE_CODE":"001","REPORT_TYPE":"2021年年报","PER_NETCASH_OPERATE":-0.471491410754,"PER_OI":0.16074451214,"BPS":0.42967447186,"BASIC_EPS":0.01455328,"DILUTED_EPS":0.01455328,"OPERATE_INCOME":958782350.4,"OPERATE_INCOME_YOY":25.8660624587,"GROSS_PROFIT":222637385.6,"GROSS_PROFIT_YOY":42.054413770056,"HOLDER_PROFIT":85211907.2,"HOLDER_PROFIT_YOY":-14.1301123818,"GROSS_PROFIT_RATIO":23.220847307746,"EPS_TTM":0.014286189609,"OPERATE_INCOME_QOQ":37.571976726176,"NET_PROFIT_RATIO":9.0128671188,"ROE_AVG":3.409154657412,"GROSS_PROFIT_QOQ":17.124953266732,"ROA":1.726308211989,"HOLDER_PROFIT_QOQ":-36.029717557247,"ROE_YEARLY":3.409154657412,"ROIC_YEARLY":2.12222667031,"TOTAL_ASSETS":6677998185.6,"TOTAL_LIABILITIES":4109342630.4,"TAX_EBT":37.759404517938,"OCF_SALES":-293.317267555742,"TOTAL_PARENT_EQUITY":2562851412.8,"DEBT_ASSET_RATIO":61.5355457757,"OPERATE_PROFIT":144039044.8,"PRETAX_PROFIT":138838291.2,"NETCASH_OPERATE":-2812274192,"NETCASH_INVEST":38849081.6,"NETCASH_FINANCE":3188412707.2,"END_CASH":1128499758.4,"DIVI_RATIO":0.215673183989,"DIVIDEND_RATE":3.177570093458,"CURRENT_RATIO":1.173409069576,"COMMON_ACS":null,"CURRENTDEBT_DEBT":64.435753816475,"ISSUED_COMMON_SHARES":5964635045,"HK_COMMON_SHARES":5964635045,"PER_SHARES":2000,"TOTAL_MARKET_CAP":638215949.815,"HKSK_MARKET_CAP":638215949.815,"PE_TTM":11.405674991332,"PB_TTM":0.230182659122,"REPORT_DATE_SQ":"2020-12-31 00:00:00","REPORT_TYPE_SQ":"2020年年报","OPERATE_INCOME_SQ":784145888.32,"DPS_HKD":0.0034,"OPERATE_INCOME_QOQ_SQ":-23.832176770997,"NET_PROFIT_RATIO_SQ":12.9829943071,"HOLDER_PROFIT_SQ":102151530.08,"HOLDER_PROFIT_QOQ_SQ":157.068538244291,"ROE_AVG_SQ":4.213955124218,"PE_TTM_SQ":6.236694952361,"PB_TTM_SQ":0.210814201665,"ROA_SQ":3.233392936683,"START_DATE":"2021-01-01 00:00:00","FISCAL_YEAR":"12-31","CURRENCY":"HKD","IS_CNY_CODE":0,"DPS_HKD_LY":0.009,"ORG_TYPE":"一般企业","PREMIUM_INCOME":null,"PREMIUM_INCOME_YOY":null,"NET_INTEREST_INCOME":null,"NET_INTEREST_INCOME_YOY":null,"FEE_COMMISSION_INCOME":null,"FEE_COMMISSION_INCOME_YOY":null,"ACCOUNTS_RECE_TDAYS":12.910488101595,"INVENTORY_TDAYS":3.142619300254,"CURRENT_ASSETS_TDAYS":0.402780530311,"TOTAL_ASSETS_TDAYS":0.194239737073,"PREMIUM_EXPENSE":null,"LOAN_DEPOSIT":null,"LOAN_EQUITY":null,"LOAN_ASSETS":null,"DEPOSIT_EQUITY":null,"DEPOSIT_ASSETS":null,"EQUITY_MULTIPLIER":2.599802909379,"EQUITY_RATIO":1.60342601599},{"SECUCODE":"00217.HK","SECURITY_CODE":"00217","SECURITY_NAME_ABBR":"中国诚通发展集团","ORG_CODE":"10007481","STD_REPORT_DATE":"2021-06-30 00:00:00","REPORT_DATE":"2021-06-30 00:00:00","DATE_TYPE_CODE":"002","REPORT_TYPE":"2021年中报","PER_NETCASH_OPERATE":-0.193892659987,"PER_OI":0.067863383584,"BPS":0.418337947649,"BASIC_EPS":0.007738344,"DILUTED_EPS":0.007738344,"OPERATE_INCOME":394200396.24,"OPERATE_INCOME_YOY":-10.1097650061,"GROSS_PROFIT":100531073.52,"GROSS_PROFIT_YOY":49.660944005314,"HOLDER_PROFIT":44685192.24,"HOLDER_PROFIT_YOY":259.8673189037,"GROSS_PROFIT_RATIO":25.502529799284,"EPS_TTM":0.022931922757,"OPERATE_INCOME_QOQ":-11.122222976499,"NET_PROFIT_RATIO":11.4770777177,"ROE_AVG":1.796558628269,"GROSS_PROFIT_QOQ":21.284499850815,"ROA":1.106200432321,"HOLDER_PROFIT_QOQ":30.399864882768,"ROE_YEARLY":3.593117256537,"ROIC_YEARLY":2.842098870673,"TOTAL_ASSETS":4828314776.4,"TOTAL_LIABILITIES":2327840321.28,"TAX_EBT":32.781555198418,"OCF_SALES":-285.710275185592,"TOTAL_PARENT_EQUITY":2495233183.2,"DEBT_ASSET_RATIO":48.2122734139,"OPERATE_PROFIT":68953637.52,"PRETAX_PROFIT":67306951.2,"NETCASH_OPERATE":-1126271036.88,"NETCASH_INVEST":17073449.52,"NETCASH_FINANCE":1463024629.92,"END_CASH":1064803623.12,"DIVI_RATIO":0.134360647933,"DIVIDEND_RATE":3.148148148148,"CURRENT_RATIO":1.737194413391,"COMMON_ACS":null,"CURRENTDEBT_DEBT":64.842780424476,"ISSUED_COMMON_SHARES":5964635045,"HK_COMMON_SHARES":5964635045,"PER_SHARES":2000,"TOTAL_MARKET_CAP":644180584.86,"HKSK_MARKET_CAP":644180584.86,"PE_TTM":11.512270084709,"PB_TTM":0.232333898927,"REPORT_DATE_SQ":"2020-06-30 00:00:00","REPORT_TYPE_SQ":"2020年中报","OPERATE_INCOME_SQ":481414850.4,"DPS_HKD":0.0034,"OPERATE_INCOME_QOQ_SQ":3.48253916695,"NET_PROFIT_RATIO_SQ":2.7193639891,"HOLDER_PROFIT_SQ":13631265.12,"HOLDER_PROFIT_QOQ_SQ":-6.686486009909,"ROE_AVG_SQ":0.546455791294,"PE_TTM_SQ":5.727576997066,"PB_TTM_SQ":0.19360487908,"ROA_SQ":0.415268744105,"START_DATE":"2021-01-01 00:00:00","FISCAL_YEAR":"12-31","CURRENCY":"HKD","IS_CNY_CODE":0,"DPS_HKD_LY":0.009,"ORG_TYPE":"一般企业","PREMIUM_INCOME":null,"PREMIUM_INCOME_YOY":null,"NET_INTEREST_INCOME":null,"NET_INTEREST_INCOME_YOY":null,"FEE_COMMISSION_INCOME":null,"FEE_COMMISSION_INCOME_YOY":null,"ACCOUNTS_RECE_TDAYS":4.012407683447,"INVENTORY_TDAYS":1.25154566425,"CURRENT_ASSETS_TDAYS":0.183125962613,"TOTAL_ASSETS_TDAYS":0.097585939969,"PREMIUM_EXPENSE":null,"LOAN_DEPOSIT":null,"LOAN_EQUITY":null,"LOAN_ASSETS":null,"DEPOSIT_EQUITY":null,"DEPOSIT_ASSETS":null,"EQUITY_MULTIPLIER":1.930959449122,"EQUITY_RATIO":0.93291494236},{"SECUCODE":"00217.HK","SECURITY_CODE":"00217","SECURITY_NAME_ABBR":"中国诚通发展集团","ORG_CODE":"10007481","STD_REPORT_DATE":"2020-12-31 00:00:00","REPORT_DATE":"2020-12-31 00:00:00","DATE_TYPE_CODE":"001","REPORT_TYPE":"2020年年报","PER_NETCASH_OPERATE":-0.087145666105,"PER_OI":0.134994266146,"BPS":0.42044218811,"BASIC_EPS":0.017590276,"DILUTED_EPS":0.017590276,"OPERATE_INCOME":784145888.32,"OPERATE_INCOME_YOY":-16.1093392929,"GROSS_PROFIT":156726834.24,"GROSS_PROFIT_YOY":13.129332863734,"HOLDER_PROFIT":102151530.08,"HOLDER_PROFIT_YOY":155.3103767433,"GROSS_PROFIT_RATIO":19.986948420501,"EPS_TTM":0.017585848557,"OPERATE_INCOME_QOQ":-23.832176770997,"NET_PROFIT_RATIO":12.9829943071,"ROE_AVG":4.213955124218,"GROSS_PROFIT_QOQ":-0.422831053147,"ROA":3.233392936683,"HOLDER_PROFIT_QOQ":157.068538244291,"ROE_YEARLY":4.213955124218,"ROIC_YEARLY":4.203889980224,"TOTAL_ASSETS":3288074545.08,"TOTAL_LIABILITIES":775552743.92,"TAX_EBT":23.481148785425,"OCF_SALES":-64.555087110707,"TOTAL_PARENT_EQUITY":2507784209.6,"DEBT_ASSET_RATIO":23.5868357997,"OPERATE_PROFIT":139957998.88,"PRETAX_PROFIT":133046451.2,"NETCASH_OPERATE":-506206061.28,"NETCASH_INVEST":499748999.2,"NETCASH_FINANCE":49093702.84,"END_CASH":723488893.52,"DIVI_RATIO":0.17520610336,"DIVIDEND_RATE":3.177570093458,"CURRENT_RATIO":2.320673517645,"COMMON_ACS":null,"CURRENTDEBT_DEBT":94.587499647306,"ISSUED_COMMON_SHARES":5964635045,"HK_COMMON_SHARES":5964635045,"PER_SHARES":2000,"TOTAL_MARKET_CAP":638215949.815,"HKSK_MARKET_CAP":638215949.815,"PE_TTM":11.405674991332,"PB_TTM":0.230182659122,"REPORT_DATE_SQ":"2019-12-31 00:00:00","REPORT_TYPE_SQ":"2019年年报","OPERATE_INCOME_SQ":994851476.44,"DPS_HKD":0.0034,"OPERATE_INCOME_QOQ_SQ":27.223018034528,"NET_PROFIT_RATIO_SQ":3.970833731,"HOLDER_PROFIT_SQ":42584485.42,"HOLDER_PROFIT_QOQ_SQ":-58.993437777626,"ROE_AVG_SQ":1.715421654749,"PE_TTM_SQ":6.236694952361,"PB_TTM_SQ":0.210814201665,"ROA_SQ":1.322187122617,"START_DATE":"2020-01-01 00:00:00","FISCAL_YEAR":"12-31","CURRENCY":"HKD","IS_CNY_CODE":0,"DPS_HKD_LY":null,"ORG_TYPE":"一般企业","PREMIUM_INCOME":null,"PREMIUM_INCOME_YOY":null,"NET_INTEREST_INCOME":null,"NET_INTEREST_INCOME_YOY":null,"FEE_COMMISSION_INCOME":null,"FEE_COMMISSION_INCOME_YOY":null,"ACCOUNTS_RECE_TDAYS":7.834940230165,"INVENTORY_TDAYS":1.704939478665,"CURRENT_ASSETS_TDAYS":0.405201714073,"TOTAL_ASSETS_TDAYS":0.248204973008,"PREMIUM_EXPENSE":null,"LOAN_DEPOSIT":null,"LOAN_EQUITY":null,"LOAN_ASSETS":null,"DEPOSIT_EQUITY":null,"DEPOSIT_ASSETS":null,"EQUITY_MULTIPLIER":1.308675030625,"EQUITY_RATIO":0.309258165416},{"SECUCODE":"00217.HK","SECURITY_CODE":"00217","SECURITY_NAME_ABBR":"中国诚通发展集团","ORG_CODE":"10007481","STD_REPORT_DATE":"2020-06-30 00:00:00","REPORT_DATE":"2020-06-30 00:00:00","DATE_TYPE_CODE":"002","REPORT_TYPE":"2020年中报","PER_NETCASH_OPERATE":-0.055145266243,"PER_OI":0.08287774687,"BPS":0.410560428996,"BASIC_EPS":0.002374944,"DILUTED_EPS":0.002374944,"OPERATE_INCOME":481414850.4,"OPERATE_INCOME_YOY":3.7699256529,"GROSS_PROFIT":67172550.72,"GROSS_PROFIT_YOY":39.021896809839,"HOLDER_PROFIT":13631265.12,"HOLDER_PROFIT_YOY":-20.3384401858,"GROSS_PROFIT_RATIO":13.953153016403,"EPS_TTM":0.006840918254,"OPERATE_INCOME_QOQ":3.48253916695,"NET_PROFIT_RATIO":2.7193639891,"ROE_AVG":0.546455791294,"GROSS_PROFIT_QOQ":13.609709996991,"ROA":0.415268744105,"HOLDER_PROFIT_QOQ":-6.686486009909,"ROE_YEARLY":1.092911582589,"ROIC_YEARLY":1.076308218814,"TOTAL_ASSETS":3276045252.48,"TOTAL_LIABILITIES":729369051.84,"TAX_EBT":51.155340467589,"OCF_SALES":-66.538085705883,"TOTAL_PARENT_EQUITY":2448843122.88,"DEBT_ASSET_RATIO":22.2637050354,"OPERATE_PROFIT":30371880,"PRETAX_PROFIT":26802156.48,"NETCASH_OPERATE":-320324225.76,"NETCASH_INVEST":203110691.52,"NETCASH_FINANCE":15906644.16,"END_CASH":608959391.04,"DIVI_RATIO":0.450399768823,"DIVIDEND_RATE":3.148148148148,"CURRENT_RATIO":3.014681388029,"COMMON_ACS":null,"CURRENTDEBT_DEBT":93.987120625784,"ISSUED_COMMON_SHARES":5964635045,"HK_COMMON_SHARES":5964635045,"PER_SHARES":2000,"TOTAL_MARKET_CAP":644180584.86,"HKSK_MARKET_CAP":644180584.86,"PE_TTM":11.512270084709,"PB_TTM":0.232333898927,"REPORT_DATE_SQ":"2019-06-30 00:00:00","REPORT_TYPE_SQ":"2019年中报","OPERATE_INCOME_SQ":446768758.08,"DPS_HKD":0.0034,"OPERATE_INCOME_QOQ_SQ":-12.580261000463,"NET_PROFIT_RATIO_SQ":3.3830293293,"HOLDER_PROFIT_SQ":16478670.78,"HOLDER_PROFIT_QOQ_SQ":4.478896079332,"ROE_AVG_SQ":0.667502484917,"PE_TTM_SQ":5.727576997066,"PB_TTM_SQ":0.19360487908,"ROA_SQ":0.52412894305,"START_DATE":"2020-01-01 00:00:00","FISCAL_YEAR":"12-31","CURRENCY":"HKD","IS_CNY_CODE":0,"DPS_HKD_LY":null,"ORG_TYPE":"一般企业","PREMIUM_INCOME":null,"PREMIUM_INCOME_YOY":null,"NET_INTEREST_INCOME":null,"NET_INTEREST_INCOME_YOY":null,"FEE_COMMISSION_INCOME":null,"FEE_COMMISSION_INCOME_YOY":null,"ACCOUNTS_RECE_TDAYS":3.35545750885,"INVENTORY_TDAYS":1.10207037501,"CURRENT_ASSETS_TDAYS":0.217856336801,"TOTAL_ASSETS_TDAYS":0.146660297895,"PREMIUM_EXPENSE":null,"LOAN_DEPOSIT":null,"LOAN_EQUITY":null,"LOAN_ASSETS":null,"DEPOSIT_EQUITY":null,"DEPOSIT_ASSETS":null,"EQUITY_MULTIPLIER":1.286400387947,"EQUITY_RATIO":0.297842293377}],"count":50},"success":true,"message":"ok","code":0}