{"version":"cb7d8e024c19fb23160ebaa8a74a2c70","result":{"pages":6,"data":[{"SECUCODE":"00218.HK","SECURITY_CODE":"00218","SECURITY_NAME_ABBR":"申万宏源香港","ORG_CODE":"10007482","STD_REPORT_DATE":"2024-06-30 00:00:00","REPORT_DATE":"2024-06-30 00:00:00","DATE_TYPE_CODE":"002","REPORT_TYPE":"2024年中报","PER_NETCASH_OPERATE":-0.141925209081,"PER_OI":0.118206991179,"BPS":1.609327562261,"BASIC_EPS":-0.021813052,"DILUTED_EPS":-0.021813052,"OPERATE_INCOME":184537507.24,"OPERATE_INCOME_YOY":-35.8964034798,"GROSS_PROFIT":null,"GROSS_PROFIT_YOY":null,"HOLDER_PROFIT":-34057566.88,"HOLDER_PROFIT_YOY":47.6956716753,"GROSS_PROFIT_RATIO":null,"EPS_TTM":-0.091398343174,"OPERATE_INCOME_QOQ":-20.41745484775,"NET_PROFIT_RATIO":-18.4556339735,"ROE_AVG":-1.346435424429,"GROSS_PROFIT_QOQ":null,"ROA":-0.302813513747,"HOLDER_PROFIT_QOQ":18.187582635977,"ROE_YEARLY":-2.692870848858,"ROIC_YEARLY":-0.655850505595,"TOTAL_ASSETS":10764449104.4,"TOTAL_LIABILITIES":8252065583.68,"TAX_EBT":-0.82135523614,"OCF_SALES":-120.064987413016,"TOTAL_PARENT_EQUITY":2512383520.72,"DEBT_ASSET_RATIO":76.660361377,"OPERATE_PROFIT":-33780112.16,"PRETAX_PROFIT":-33780112.16,"NETCASH_OPERATE":-221564934.84,"NETCASH_INVEST":57187616.12,"NETCASH_FINANCE":-462760703.8,"END_CASH":547702918.72,"DIVI_RATIO":null,"DIVIDEND_RATE":null,"CURRENT_RATIO":1.292409024588,"COMMON_ACS":null,"CURRENTDEBT_DEBT":99.717516061359,"ISSUED_COMMON_SHARES":1561138689,"HK_COMMON_SHARES":1561138689,"PER_SHARES":5000,"TOTAL_MARKET_CAP":2544656063.07,"HKSK_MARKET_CAP":2544656063.07,"PE_TTM":-16.062111415235,"PB_TTM":0.924403729164,"REPORT_DATE_SQ":"2023-06-30 00:00:00","REPORT_TYPE_SQ":"2023年中报","OPERATE_INCOME_SQ":290807243.68,"DPS_HKD":null,"OPERATE_INCOME_QOQ_SQ":29.294132012692,"NET_PROFIT_RATIO_SQ":-22.6190174246,"HOLDER_PROFIT_SQ":-65777741.12,"HOLDER_PROFIT_QOQ_SQ":5.06079759563,"ROE_AVG_SQ":-2.430265774552,"PE_TTM_SQ":-0.537453615762,"PB_TTM_SQ":0.152821031454,"ROA_SQ":-0.443505003682,"START_DATE":"2024-01-01 00:00:00","FISCAL_YEAR":"12-31","CURRENCY":"HKD","IS_CNY_CODE":0,"DPS_HKD_LY":null,"ORG_TYPE":"证券","PREMIUM_INCOME":null,"PREMIUM_INCOME_YOY":null,"NET_INTEREST_INCOME":67510939.6,"NET_INTEREST_INCOME_YOY":null,"FEE_COMMISSION_INCOME":null,"FEE_COMMISSION_INCOME_YOY":null,"ACCOUNTS_RECE_TDAYS":0.067285815213,"INVENTORY_TDAYS":null,"CURRENT_ASSETS_TDAYS":0.016780289565,"TOTAL_ASSETS_TDAYS":0.01640764626,"PREMIUM_EXPENSE":null,"LOAN_DEPOSIT":null,"LOAN_EQUITY":null,"LOAN_ASSETS":null,"DEPOSIT_EQUITY":null,"DEPOSIT_ASSETS":null,"EQUITY_MULTIPLIER":4.284556484155,"EQUITY_RATIO":3.284556484161},{"SECUCODE":"00218.HK","SECURITY_CODE":"00218","SECURITY_NAME_ABBR":"申万宏源香港","ORG_CODE":"10007482","STD_REPORT_DATE":"2023-12-31 00:00:00","REPORT_DATE":"2023-12-31 00:00:00","DATE_TYPE_CODE":"001","REPORT_TYPE":"2023年年报","PER_NETCASH_OPERATE":1.515367665621,"PER_OI":0.333400704247,"BPS":1.619660780286,"BASIC_EPS":-0.111736926,"DILUTED_EPS":-0.111736926,"OPERATE_INCOME":520484738.34,"OPERATE_INCOME_YOY":87.202620557,"GROSS_PROFIT":null,"GROSS_PROFIT_YOY":null,"HOLDER_PROFIT":-174405663.88,"HOLDER_PROFIT_YOY":78.1283383565,"GROSS_PROFIT_RATIO":null,"EPS_TTM":-0.111716957058,"OPERATE_INCOME_QOQ":46.887217143654,"NET_PROFIT_RATIO":-33.50831466,"ROE_AVG":-6.693981159504,"GROSS_PROFIT_QOQ":null,"ROA":-1.310613106642,"HOLDER_PROFIT_QOQ":76.628472702245,"ROE_YEARLY":-6.693981159504,"ROIC_YEARLY":-1.433933546292,"TOTAL_ASSETS":11646614381.64,"TOTAL_LIABILITIES":9118099274.48,"TAX_EBT":-54.548009668586,"OCF_SALES":454.518435719173,"TOTAL_PARENT_EQUITY":2528515107.16,"DEBT_ASSET_RATIO":78.289698411,"OPERATE_PROFIT":-112848857.94,"PRETAX_PROFIT":-112848857.94,"NETCASH_OPERATE":2365699090.86,"NETCASH_INVEST":164670142.42,"NETCASH_FINANCE":-2486193726.94,"END_CASH":1166525351.46,"DIVI_RATIO":null,"DIVIDEND_RATE":null,"CURRENT_RATIO":1.242812629964,"COMMON_ACS":null,"CURRENTDEBT_DEBT":99.533587021815,"ISSUED_COMMON_SHARES":1561138689,"HK_COMMON_SHARES":1561138689,"PER_SHARES":5000,"TOTAL_MARKET_CAP":2950552122.21,"HKSK_MARKET_CAP":2950552122.21,"PE_TTM":-18.624165996806,"PB_TTM":1.071854630748,"REPORT_DATE_SQ":"2022-12-31 00:00:00","REPORT_TYPE_SQ":"2022年年报","OPERATE_INCOME_SQ":274059702.35,"DPS_HKD":null,"OPERATE_INCOME_QOQ_SQ":-37.458807254341,"NET_PROFIT_RATIO_SQ":-286.8023663239,"HOLDER_PROFIT_SQ":-786009711.48,"HOLDER_PROFIT_QOQ_SQ":-243.993207517373,"ROE_AVG_SQ":-25.834845878898,"PE_TTM_SQ":-0.688317788607,"PB_TTM_SQ":0.19571816309,"ROA_SQ":-4.463904012093,"START_DATE":"2023-01-01 00:00:00","FISCAL_YEAR":"12-31","CURRENCY":"HKD","IS_CNY_CODE":0,"DPS_HKD_LY":null,"ORG_TYPE":"证券","PREMIUM_INCOME":null,"PREMIUM_INCOME_YOY":null,"NET_INTEREST_INCOME":181522209.54,"NET_INTEREST_INCOME_YOY":null,"FEE_COMMISSION_INCOME":null,"FEE_COMMISSION_INCOME_YOY":null,"ACCOUNTS_RECE_TDAYS":0.2076130984,"INVENTORY_TDAYS":null,"CURRENT_ASSETS_TDAYS":0.040536583372,"TOTAL_ASSETS_TDAYS":0.039113071485,"PREMIUM_EXPENSE":null,"LOAN_DEPOSIT":null,"LOAN_EQUITY":null,"LOAN_ASSETS":null,"DEPOSIT_EQUITY":null,"DEPOSIT_ASSETS":null,"EQUITY_MULTIPLIER":4.606108284128,"EQUITY_RATIO":3.606108284131},{"SECUCODE":"00218.HK","SECURITY_CODE":"00218","SECURITY_NAME_ABBR":"申万宏源香港","ORG_CODE":"10007482","STD_REPORT_DATE":"2023-06-30 00:00:00","REPORT_DATE":"2023-06-30 00:00:00","DATE_TYPE_CODE":"002","REPORT_TYPE":"2023年中报","PER_NETCASH_OPERATE":0.434376411691,"PER_OI":0.186278929431,"BPS":1.71942498686,"BASIC_EPS":-0.042134486,"DILUTED_EPS":-0.042134486,"OPERATE_INCOME":290807243.68,"OPERATE_INCOME_YOY":28.1283005378,"GROSS_PROFIT":null,"GROSS_PROFIT_YOY":null,"HOLDER_PROFIT":-65777741.12,"HOLDER_PROFIT_YOY":42.1988171433,"GROSS_PROFIT_RATIO":null,"EPS_TTM":-0.478004520776,"OPERATE_INCOME_QOQ":29.294132012692,"NET_PROFIT_RATIO":-22.6190174246,"ROE_AVG":-2.430265774552,"GROSS_PROFIT_QOQ":null,"ROA":-0.443505003682,"HOLDER_PROFIT_QOQ":5.06079759563,"ROE_YEARLY":-4.860531549104,"ROIC_YEARLY":-0.963095198762,"TOTAL_ASSETS":14434631361.56,"TOTAL_LIABILITIES":11750370491.74,"TAX_EBT":-0.634750472536,"OCF_SALES":233.186014660005,"TOTAL_PARENT_EQUITY":2684260869.82,"DEBT_ASSET_RATIO":81.4040220177,"OPERATE_PROFIT":-65362850.12,"PRETAX_PROFIT":-65362850.12,"NETCASH_OPERATE":678121821.88,"NETCASH_INVEST":47327999.34,"NETCASH_FINANCE":-665814310.86,"END_CASH":1201504052.44,"DIVI_RATIO":null,"DIVIDEND_RATE":null,"CURRENT_RATIO":1.199995160174,"COMMON_ACS":null,"CURRENTDEBT_DEBT":99.542508332671,"ISSUED_COMMON_SHARES":1561138689,"HK_COMMON_SHARES":1561138689,"PER_SHARES":5000,"TOTAL_MARKET_CAP":2950552122.21,"HKSK_MARKET_CAP":2950552122.21,"PE_TTM":-18.624165996806,"PB_TTM":1.071854630748,"REPORT_DATE_SQ":"2022-06-30 00:00:00","REPORT_TYPE_SQ":"2022年中报","OPERATE_INCOME_SQ":210523832.68,"DPS_HKD":null,"OPERATE_INCOME_QOQ_SQ":-27.804112247233,"NET_PROFIT_RATIO_SQ":-50.1397396942,"HOLDER_PROFIT_SQ":-105556101.7,"HOLDER_PROFIT_QOQ_SQ":-191.875995692672,"ROE_AVG_SQ":-3.270955594452,"PE_TTM_SQ":-0.688317788607,"PB_TTM_SQ":0.19571816309,"ROA_SQ":-0.541201810463,"START_DATE":"2023-01-01 00:00:00","FISCAL_YEAR":"12-31","CURRENCY":"HKD","IS_CNY_CODE":0,"DPS_HKD_LY":null,"ORG_TYPE":"证券","PREMIUM_INCOME":null,"PREMIUM_INCOME_YOY":null,"NET_INTEREST_INCOME":103111477.26,"NET_INTEREST_INCOME_YOY":null,"FEE_COMMISSION_INCOME":null,"FEE_COMMISSION_INCOME_YOY":null,"ACCOUNTS_RECE_TDAYS":0.104628706352,"INVENTORY_TDAYS":null,"CURRENT_ASSETS_TDAYS":0.020274611923,"TOTAL_ASSETS_TDAYS":0.019607615811,"PREMIUM_EXPENSE":null,"LOAN_DEPOSIT":null,"LOAN_EQUITY":null,"LOAN_ASSETS":null,"DEPOSIT_EQUITY":null,"DEPOSIT_ASSETS":null,"EQUITY_MULTIPLIER":5.377506904729,"EQUITY_RATIO":4.377506904732},{"SECUCODE":"00218.HK","SECURITY_CODE":"00218","SECURITY_NAME_ABBR":"申万宏源香港","ORG_CODE":"10007482","STD_REPORT_DATE":"2022-12-31 00:00:00","REPORT_DATE":"2022-12-31 00:00:00","DATE_TYPE_CODE":"001","REPORT_TYPE":"2022年年报","PER_NETCASH_OPERATE":0.702394021426,"PER_OI":0.175551156525,"BPS":1.693619347237,"BASIC_EPS":-0.503446972,"DILUTED_EPS":-0.503446972,"OPERATE_INCOME":274059702.35,"OPERATE_INCOME_YOY":-58.6727264645,"GROSS_PROFIT":null,"GROSS_PROFIT_YOY":null,"HOLDER_PROFIT":-786009711.48,"HOLDER_PROFIT_YOY":-818.9806788512,"GROSS_PROFIT_RATIO":null,"EPS_TTM":-0.503484871023,"OPERATE_INCOME_QOQ":-37.458807254341,"NET_PROFIT_RATIO":-286.8023663239,"ROE_AVG":-25.834845878898,"GROSS_PROFIT_QOQ":null,"ROA":-4.463904012093,"HOLDER_PROFIT_QOQ":-243.993207517373,"ROE_YEARLY":-25.834845878898,"ROIC_YEARLY":-4.679682875173,"TOTAL_ASSETS":14753857423.41,"TOTAL_LIABILITIES":12109882736,"TAX_EBT":-1.012392306324,"OCF_SALES":400.107886116589,"TOTAL_PARENT_EQUITY":2643974687.41,"DEBT_ASSET_RATIO":82.0794344724,"OPERATE_PROFIT":-778131963.35,"PRETAX_PROFIT":-778131963.35,"NETCASH_OPERATE":1666143282.86,"NETCASH_INVEST":37587015.06,"NETCASH_FINANCE":-1112573144.62,"END_CASH":1106311321.92,"DIVI_RATIO":null,"DIVIDEND_RATE":null,"CURRENT_RATIO":1.178826987047,"COMMON_ACS":null,"CURRENTDEBT_DEBT":99.434534698454,"ISSUED_COMMON_SHARES":1561138689,"HK_COMMON_SHARES":1561138689,"PER_SHARES":5000,"TOTAL_MARKET_CAP":2950552122.21,"HKSK_MARKET_CAP":2950552122.21,"PE_TTM":-18.624165996806,"PB_TTM":1.071854630748,"REPORT_DATE_SQ":"2021-12-31 00:00:00","REPORT_TYPE_SQ":"2021年年报","OPERATE_INCOME_SQ":606969070.4,"DPS_HKD":null,"OPERATE_INCOME_QOQ_SQ":-23.665110809508,"NET_PROFIT_RATIO_SQ":-12.8977247471,"HOLDER_PROFIT_SQ":-78285200,"HOLDER_PROFIT_QOQ_SQ":-165.920823808197,"ROE_AVG_SQ":-2.427715869262,"PE_TTM_SQ":-0.688317788607,"PB_TTM_SQ":0.19571816309,"ROA_SQ":-0.488572044744,"START_DATE":"2022-01-01 00:00:00","FISCAL_YEAR":"12-31","CURRENCY":"HKD","IS_CNY_CODE":0,"DPS_HKD_LY":null,"ORG_TYPE":"证券","PREMIUM_INCOME":null,"PREMIUM_INCOME_YOY":null,"NET_INTEREST_INCOME":86773141.07,"NET_INTEREST_INCOME_YOY":null,"FEE_COMMISSION_INCOME":null,"FEE_COMMISSION_INCOME_YOY":null,"ACCOUNTS_RECE_TDAYS":0.079379165689,"INVENTORY_TDAYS":null,"CURRENT_ASSETS_TDAYS":0.016275175849,"TOTAL_ASSETS_TDAYS":0.015564390452,"PREMIUM_EXPENSE":null,"LOAN_DEPOSIT":null,"LOAN_EQUITY":null,"LOAN_ASSETS":null,"DEPOSIT_EQUITY":null,"DEPOSIT_ASSETS":null,"EQUITY_MULTIPLIER":5.580181040938,"EQUITY_RATIO":4.58018104094},{"SECUCODE":"00218.HK","SECURITY_CODE":"00218","SECURITY_NAME_ABBR":"申万宏源香港","ORG_CODE":"10007482","STD_REPORT_DATE":"2022-06-30 00:00:00","REPORT_DATE":"2022-06-30 00:00:00","DATE_TYPE_CODE":"002","REPORT_TYPE":"2022年中报","PER_NETCASH_OPERATE":-0.549825719552,"PER_OI":0.134852741889,"BPS":2.024115158182,"BASIC_EPS":-0.067645529,"DILUTED_EPS":-0.067645529,"OPERATE_INCOME":210523832.68,"OPERATE_INCOME_YOY":-45.9946602783,"GROSS_PROFIT":null,"GROSS_PROFIT_YOY":null,"HOLDER_PROFIT":-105556101.7,"HOLDER_PROFIT_YOY":-329.9966459211,"GROSS_PROFIT_RATIO":null,"EPS_TTM":-0.14636477117,"OPERATE_INCOME_QOQ":-27.804112247233,"NET_PROFIT_RATIO":-50.1397396942,"ROE_AVG":-3.270955594452,"GROSS_PROFIT_QOQ":null,"ROA":-0.541201810463,"HOLDER_PROFIT_QOQ":-191.875995692672,"ROE_YEARLY":-6.541911188905,"ROIC_YEARLY":-1.11041289853,"TOTAL_ASSETS":19417957823.04,"TOTAL_LIABILITIES":16258033338.61,"TAX_EBT":3.211894045136,"OCF_SALES":-407.723055424662,"TOTAL_PARENT_EQUITY":3159924484.43,"DEBT_ASSET_RATIO":83.7267929345,"OPERATE_PROFIT":-109058959.94,"PRETAX_PROFIT":-109058959.94,"NETCASH_OPERATE":-893448635.03,"NETCASH_INVEST":43648897.6,"NETCASH_FINANCE":845114151.42,"END_CASH":488507618.13,"DIVI_RATIO":null,"DIVIDEND_RATE":null,"CURRENT_RATIO":1.161513255546,"COMMON_ACS":null,"CURRENTDEBT_DEBT":99.545858115233,"ISSUED_COMMON_SHARES":1561138689,"HK_COMMON_SHARES":1561138689,"PER_SHARES":5000,"TOTAL_MARKET_CAP":2950552122.21,"HKSK_MARKET_CAP":2950552122.21,"PE_TTM":-18.624165996806,"PB_TTM":1.071854630748,"REPORT_DATE_SQ":"2021-06-30 00:00:00","REPORT_TYPE_SQ":"2021年中报","OPERATE_INCOME_SQ":379286194.32,"DPS_HKD":null,"OPERATE_INCOME_QOQ_SQ":10.639214341504,"NET_PROFIT_RATIO_SQ":10.0385710384,"HOLDER_PROFIT_SQ":44654405.28,"HOLDER_PROFIT_QOQ_SQ":-19.658143759117,"ROE_AVG_SQ":1.332260064533,"PE_TTM_SQ":-0.688317788607,"PB_TTM_SQ":0.19571816309,"ROA_SQ":0.246108393261,"START_DATE":"2022-01-01 00:00:00","FISCAL_YEAR":"12-31","CURRENCY":"HKD","IS_CNY_CODE":0,"DPS_HKD_LY":null,"ORG_TYPE":"证券","PREMIUM_INCOME":null,"PREMIUM_INCOME_YOY":null,"NET_INTEREST_INCOME":47289441.43,"NET_INTEREST_INCOME_YOY":null,"FEE_COMMISSION_INCOME":null,"FEE_COMMISSION_INCOME_YOY":null,"ACCOUNTS_RECE_TDAYS":0.047188373471,"INVENTORY_TDAYS":null,"CURRENT_ASSETS_TDAYS":0.011242599483,"TOTAL_ASSETS_TDAYS":0.010793869569,"PREMIUM_EXPENSE":null,"LOAN_DEPOSIT":null,"LOAN_EQUITY":null,"LOAN_ASSETS":null,"DEPOSIT_EQUITY":null,"DEPOSIT_ASSETS":null,"EQUITY_MULTIPLIER":6.145070212497,"EQUITY_RATIO":5.145070212506},{"SECUCODE":"00218.HK","SECURITY_CODE":"00218","SECURITY_NAME_ABBR":"申万宏源香港","ORG_CODE":"10007482","STD_REPORT_DATE":"2021-12-31 00:00:00","REPORT_DATE":"2021-12-31 00:00:00","DATE_TYPE_CODE":"001","REPORT_TYPE":"2021年年报","PER_NETCASH_OPERATE":0.507790285633,"PER_OI":0.388798941873,"BPS":2.017387822742,"BASIC_EPS":-0.05011888,"DILUTED_EPS":-0.05011888,"OPERATE_INCOME":606969070.4,"OPERATE_INCOME_YOY":-13.0603980316,"GROSS_PROFIT":null,"GROSS_PROFIT_YOY":null,"HOLDER_PROFIT":-78285200,"HOLDER_PROFIT_YOY":-154.5192625238,"GROSS_PROFIT_RATIO":null,"EPS_TTM":-0.050146217342,"OPERATE_INCOME_QOQ":-23.665110809508,"NET_PROFIT_RATIO":-12.8977247471,"ROE_AVG":-2.427715869262,"GROSS_PROFIT_QOQ":null,"ROA":-0.488572044744,"HOLDER_PROFIT_QOQ":-165.920823808197,"ROE_YEARLY":-2.427715869262,"ROIC_YEARLY":-0.501322417856,"TOTAL_ASSETS":18728994580.8,"TOTAL_LIABILITIES":15577425382.4,"TAX_EBT":18.971295105274,"OCF_SALES":130.604852777355,"TOTAL_PARENT_EQUITY":3149422180.8,"DEBT_ASSET_RATIO":83.1727795915,"OPERATE_PROFIT":-96614156.8,"PRETAX_PROFIT":-96614156.8,"NETCASH_OPERATE":792731060.8,"NETCASH_INVEST":111288441.6,"NETCASH_FINANCE":-771750627.2,"END_CASH":471514825.6,"DIVI_RATIO":null,"DIVIDEND_RATE":null,"CURRENT_RATIO":1.151287973878,"COMMON_ACS":null,"CURRENTDEBT_DEBT":99.436487068658,"ISSUED_COMMON_SHARES":1561138689,"HK_COMMON_SHARES":1561138689,"PER_SHARES":5000,"TOTAL_MARKET_CAP":2435376354.84,"HKSK_MARKET_CAP":2435376354.84,"PE_TTM":-15.372327489427,"PB_TTM":0.884705409506,"REPORT_DATE_SQ":"2020-12-31 00:00:00","REPORT_TYPE_SQ":"2020年年报","OPERATE_INCOME_SQ":718678079.28,"DPS_HKD":null,"OPERATE_INCOME_QOQ_SQ":11.100548133494,"NET_PROFIT_RATIO_SQ":20.5674655874,"HOLDER_PROFIT_SQ":147813866.64,"HOLDER_PROFIT_QOQ_SQ":16.024579605894,"ROE_AVG_SQ":4.416746901159,"PE_TTM_SQ":-0.518595594156,"PB_TTM_SQ":0.14745889,"ROA_SQ":1.3244660038,"START_DATE":"2021-01-01 00:00:00","FISCAL_YEAR":"12-31","CURRENCY":"HKD","IS_CNY_CODE":0,"DPS_HKD_LY":0.04,"ORG_TYPE":"证券","PREMIUM_INCOME":null,"PREMIUM_INCOME_YOY":null,"NET_INTEREST_INCOME":139041873.6,"NET_INTEREST_INCOME_YOY":null,"FEE_COMMISSION_INCOME":null,"FEE_COMMISSION_INCOME_YOY":null,"ACCOUNTS_RECE_TDAYS":0.214883568395,"INVENTORY_TDAYS":null,"CURRENT_ASSETS_TDAYS":0.039950680179,"TOTAL_ASSETS_TDAYS":0.037880483134,"PREMIUM_EXPENSE":null,"LOAN_DEPOSIT":null,"LOAN_EQUITY":null,"LOAN_ASSETS":null,"DEPOSIT_EQUITY":null,"DEPOSIT_ASSETS":null,"EQUITY_MULTIPLIER":5.942752134481,"EQUITY_RATIO":4.946121697296},{"SECUCODE":"00218.HK","SECURITY_CODE":"00218","SECURITY_NAME_ABBR":"申万宏源香港","ORG_CODE":"10007482","STD_REPORT_DATE":"2021-06-30 00:00:00","REPORT_DATE":"2021-06-30 00:00:00","DATE_TYPE_CODE":"002","REPORT_TYPE":"2021年中报","PER_NETCASH_OPERATE":-2.176950569137,"PER_OI":0.242954836103,"BPS":2.142826060984,"BASIC_EPS":0.028623552,"DILUTED_EPS":0.028623552,"OPERATE_INCOME":379286194.32,"OPERATE_INCOME_YOY":32.5644598958,"GROSS_PROFIT":null,"GROSS_PROFIT_YOY":null,"HOLDER_PROFIT":44654405.28,"HOLDER_PROFIT_YOY":-33.4969081874,"GROSS_PROFIT_RATIO":null,"EPS_TTM":0.076070374193,"OPERATE_INCOME_QOQ":10.639214341504,"NET_PROFIT_RATIO":10.0385710384,"ROE_AVG":1.332260064533,"GROSS_PROFIT_QOQ":null,"ROA":0.246108393261,"HOLDER_PROFIT_QOQ":-19.658143759117,"ROE_YEARLY":2.664520129065,"ROIC_YEARLY":0.503073681673,"TOTAL_ASSETS":22735008376.32,"TOTAL_LIABILITIES":19387574666.64,"TAX_EBT":11.203401889571,"OCF_SALES":-764.0075346335,"TOTAL_PARENT_EQUITY":3345248667.6,"DEBT_ASSET_RATIO":85.2763031609,"OPERATE_PROFIT":50288418.96,"PRETAX_PROFIT":50288418.96,"NETCASH_OPERATE":-3464063867.04,"NETCASH_INVEST":545844.48,"NETCASH_FINANCE":3551784236.88,"END_CASH":433520336.64,"DIVI_RATIO":null,"DIVIDEND_RATE":null,"CURRENT_RATIO":1.137579358471,"COMMON_ACS":null,"CURRENTDEBT_DEBT":99.896545654911,"ISSUED_COMMON_SHARES":1561138689,"HK_COMMON_SHARES":1561138689,"PER_SHARES":5000,"TOTAL_MARKET_CAP":2435376354.84,"HKSK_MARKET_CAP":2435376354.84,"PE_TTM":-15.372327489427,"PB_TTM":0.884705409506,"REPORT_DATE_SQ":"2020-06-30 00:00:00","REPORT_TYPE_SQ":"2020年中报","OPERATE_INCOME_SQ":368366602.56,"DPS_HKD":null,"OPERATE_INCOME_QOQ_SQ":9.093662369986,"NET_PROFIT_RATIO_SQ":19.6460176991,"HOLDER_PROFIT_SQ":73711867.68,"HOLDER_PROFIT_QOQ_SQ":4.066197158995,"ROE_AVG_SQ":2.056775485689,"PE_TTM_SQ":-0.518595594156,"PB_TTM_SQ":0.14745889,"ROA_SQ":0.638491250011,"START_DATE":"2021-01-01 00:00:00","FISCAL_YEAR":"12-31","CURRENCY":"HKD","IS_CNY_CODE":0,"DPS_HKD_LY":0.04,"ORG_TYPE":"证券","PREMIUM_INCOME":null,"PREMIUM_INCOME_YOY":null,"NET_INTEREST_INCOME":87057202.08,"NET_INTEREST_INCOME_YOY":null,"FEE_COMMISSION_INCOME":null,"FEE_COMMISSION_INCOME_YOY":null,"ACCOUNTS_RECE_TDAYS":0.115646351701,"INVENTORY_TDAYS":null,"CURRENT_ASSETS_TDAYS":0.025559496776,"TOTAL_ASSETS_TDAYS":0.024516277498,"PREMIUM_EXPENSE":null,"LOAN_DEPOSIT":null,"LOAN_EQUITY":null,"LOAN_ASSETS":null,"DEPOSIT_EQUITY":null,"DEPOSIT_ASSETS":null,"EQUITY_MULTIPLIER":6.791772548212,"EQUITY_RATIO":5.795555605303},{"SECUCODE":"00218.HK","SECURITY_CODE":"00218","SECURITY_NAME_ABBR":"申万宏源香港","ORG_CODE":"10007482","STD_REPORT_DATE":"2020-12-31 00:00:00","REPORT_DATE":"2020-12-31 00:00:00","DATE_TYPE_CODE":"001","REPORT_TYPE":"2020年年报","PER_NETCASH_OPERATE":-2.195694901621,"PER_OI":0.460355050031,"BPS":2.175907066768,"BASIC_EPS":0.0946845,"DILUTED_EPS":0.0946845,"OPERATE_INCOME":718678079.28,"OPERATE_INCOME_YOY":29.0002991217,"GROSS_PROFIT":null,"GROSS_PROFIT_YOY":null,"HOLDER_PROFIT":147813866.64,"HOLDER_PROFIT_YOY":28.5093367675,"GROSS_PROFIT_RATIO":null,"EPS_TTM":0.094683366495,"OPERATE_INCOME_QOQ":11.100548133494,"NET_PROFIT_RATIO":20.5674655874,"ROE_AVG":4.416746901159,"GROSS_PROFIT_QOQ":null,"ROA":1.3244660038,"HOLDER_PROFIT_QOQ":16.024579605894,"ROE_YEARLY":4.416746901159,"ROIC_YEARLY":1.395934703613,"TOTAL_ASSETS":13709115421.36,"TOTAL_LIABILITIES":10310012569.12,"TAX_EBT":15.952335375191,"OCF_SALES":-476.956840480524,"TOTAL_PARENT_EQUITY":3396892705.6,"DEBT_ASSET_RATIO":75.2055275066,"OPERATE_PROFIT":175869094.4,"PRETAX_PROFIT":175869094.4,"NETCASH_OPERATE":-3427784260.16,"NETCASH_INVEST":195443957.52,"NETCASH_FINANCE":2792442007.12,"END_CASH":349220843.56,"DIVI_RATIO":null,"DIVIDEND_RATE":null,"CURRENT_RATIO":1.254740441418,"COMMON_ACS":null,"CURRENTDEBT_DEBT":99.888546101734,"ISSUED_COMMON_SHARES":1561138689,"HK_COMMON_SHARES":1561138689,"PER_SHARES":5000,"TOTAL_MARKET_CAP":2435376354.84,"HKSK_MARKET_CAP":2435376354.84,"PE_TTM":-15.372327489427,"PB_TTM":0.884705409506,"REPORT_DATE_SQ":"2019-12-31 00:00:00","REPORT_TYPE_SQ":"2019年年报","OPERATE_INCOME_SQ":592950821.64,"DPS_HKD":null,"OPERATE_INCOME_QOQ_SQ":12.353574210728,"NET_PROFIT_RATIO_SQ":20.645891307,"HOLDER_PROFIT_SQ":122420877.92,"HOLDER_PROFIT_QOQ_SQ":12.437591382453,"ROE_AVG_SQ":4.464557851508,"PE_TTM_SQ":-0.518595594156,"PB_TTM_SQ":0.14745889,"ROA_SQ":1.510487083564,"START_DATE":"2020-01-01 00:00:00","FISCAL_YEAR":"12-31","CURRENCY":"HKD","IS_CNY_CODE":0,"DPS_HKD_LY":0.03,"ORG_TYPE":"证券","PREMIUM_INCOME":null,"PREMIUM_INCOME_YOY":null,"NET_INTEREST_INCOME":246950642.24,"NET_INTEREST_INCOME_YOY":null,"FEE_COMMISSION_INCOME":null,"FEE_COMMISSION_INCOME_YOY":null,"ACCOUNTS_RECE_TDAYS":0.460817889126,"INVENTORY_TDAYS":null,"CURRENT_ASSETS_TDAYS":0.070208944503,"TOTAL_ASSETS_TDAYS":0.064396169677,"PREMIUM_EXPENSE":null,"LOAN_DEPOSIT":null,"LOAN_EQUITY":null,"LOAN_ASSETS":null,"DEPOSIT_EQUITY":null,"DEPOSIT_ASSETS":null,"EQUITY_MULTIPLIER":4.033156987979,"EQUITY_RATIO":3.035130474425},{"SECUCODE":"00218.HK","SECURITY_CODE":"00218","SECURITY_NAME_ABBR":"申万宏源香港","ORG_CODE":"10007482","STD_REPORT_DATE":"2020-06-30 00:00:00","REPORT_DATE":"2020-06-30 00:00:00","DATE_TYPE_CODE":"002","REPORT_TYPE":"2020年中报","PER_NETCASH_OPERATE":-2.067121827227,"PER_OI":0.235960203379,"BPS":2.299635139515,"BASIC_EPS":0.047224848,"DILUTED_EPS":0.047224848,"OPERATE_INCOME":368366602.56,"OPERATE_INCOME_YOY":12.5297526865,"GROSS_PROFIT":null,"GROSS_PROFIT_YOY":null,"HOLDER_PROFIT":73711867.68,"HOLDER_PROFIT_YOY":3.2762967608,"GROSS_PROFIT_RATIO":null,"EPS_TTM":0.08160629999,"OPERATE_INCOME_QOQ":8.958916449947,"NET_PROFIT_RATIO":20.0104643493,"ROE_AVG":2.056775485689,"GROSS_PROFIT_QOQ":null,"ROA":0.638491250011,"HOLDER_PROFIT_QOQ":4.066197158995,"ROE_YEARLY":4.113550971378,"ROIC_YEARLY":1.378743520722,"TOTAL_ASSETS":13743346948.32,"TOTAL_LIABILITIES":10150898868,"TAX_EBT":13.065445731215,"OCF_SALES":-876.046806885641,"TOTAL_PARENT_EQUITY":3590049386.88,"DEBT_ASSET_RATIO":73.8604570355,"OPERATE_PROFIT":84790068,"PRETAX_PROFIT":84790068,"NETCASH_OPERATE":-3227063859.36,"NETCASH_INVEST":29257483.2,"NETCASH_FINANCE":3184292031.36,"END_CASH":842924258.88,"DIVI_RATIO":null,"DIVIDEND_RATE":null,"CURRENT_RATIO":1.229789048494,"COMMON_ACS":null,"CURRENTDEBT_DEBT":99.779156065177,"ISSUED_COMMON_SHARES":1561138689,"HK_COMMON_SHARES":1561138689,"PER_SHARES":5000,"TOTAL_MARKET_CAP":2435376354.84,"HKSK_MARKET_CAP":2435376354.84,"PE_TTM":-15.372327489427,"PB_TTM":0.884705409506,"REPORT_DATE_SQ":"2019-06-30 00:00:00","REPORT_TYPE_SQ":"2019年中报","OPERATE_INCOME_SQ":315244633.86,"DPS_HKD":null,"OPERATE_INCOME_QOQ_SQ":15.433301541209,"NET_PROFIT_RATIO_SQ":21.8033825282,"HOLDER_PROFIT_SQ":68733993.42,"HOLDER_PROFIT_QOQ_SQ":29.133596763648,"ROE_AVG_SQ":2.575392194654,"PE_TTM_SQ":-0.518595594156,"PB_TTM_SQ":0.14745889,"ROA_SQ":0.927190777005,"START_DATE":"2020-01-01 00:00:00","FISCAL_YEAR":"12-31","CURRENCY":"HKD","IS_CNY_CODE":0,"DPS_HKD_LY":0.03,"ORG_TYPE":"证券","PREMIUM_INCOME":null,"PREMIUM_INCOME_YOY":null,"NET_INTEREST_INCOME":130694995.2,"NET_INTEREST_INCOME_YOY":null,"FEE_COMMISSION_INCOME":null,"FEE_COMMISSION_INCOME_YOY":null,"ACCOUNTS_RECE_TDAYS":0.203818108534,"INVENTORY_TDAYS":null,"CURRENT_ASSETS_TDAYS":0.035676096775,"TOTAL_ASSETS_TDAYS":0.031907867747,"PREMIUM_EXPENSE":null,"LOAN_DEPOSIT":null,"LOAN_EQUITY":null,"LOAN_ASSETS":null,"DEPOSIT_EQUITY":null,"DEPOSIT_ASSETS":null,"EQUITY_MULTIPLIER":3.825621593148,"EQUITY_RATIO":2.82750953374}],"count":49},"success":true,"message":"ok","code":0}