{"version":"4154e0874f234a7ecb446c51e5d31299","result":{"pages":4,"data":[{"SECUCODE":"00215.HK","SECURITY_CODE":"00215","SECURITY_NAME_ABBR":"和记电讯香港","ORG_CODE":"10129756","STD_REPORT_DATE":"2024-06-30 00:00:00","REPORT_DATE":"2024-06-30 00:00:00","DATE_TYPE_CODE":"002","REPORT_TYPE":"2024年中报","PER_NETCASH_OPERATE":0.100186362579,"PER_OI":0.389760934194,"BPS":1.81717986569,"BASIC_EPS":-0.0022817,"DILUTED_EPS":-0.0022817,"OPERATE_INCOME":1878295440,"OPERATE_INCOME_YOY":-11.5979381443,"GROSS_PROFIT":1608142160,"GROSS_PROFIT_YOY":-3.366940197776,"HOLDER_PROFIT":-10952160,"HOLDER_PROFIT_YOY":36.8421052632,"GROSS_PROFIT_RATIO":85.617103984451,"EPS_TTM":-0.008416096764,"OPERATE_INCOME_QOQ":-6.041985000396,"NET_PROFIT_RATIO":-0.583090379,"ROE_AVG":-0.123374286742,"GROSS_PROFIT_QOQ":-1.738756290453,"ROA":-0.083368070029,"HOLDER_PROFIT_QOQ":13.93247182294,"ROE_YEARLY":-0.246748573485,"ROIC_YEARLY":-0.223526124616,"TOTAL_ASSETS":12985611040,"TOTAL_LIABILITIES":4228446440,"TAX_EBT":163.157894736842,"OCF_SALES":25.704567541302,"TOTAL_PARENT_EQUITY":8757164600,"DEBT_ASSET_RATIO":32.562552713,"OPERATE_PROFIT":-33769160,"PRETAX_PROFIT":17340920,"NETCASH_OPERATE":482807720,"NETCASH_INVEST":-1045931280,"NETCASH_FINANCE":-409793320,"END_CASH":770301920,"DIVI_RATIO":-8.082507593493,"DIVIDEND_RATE":7.802083333333,"CURRENT_RATIO":2.302093244529,"COMMON_ACS":10000000000,"CURRENTDEBT_DEBT":45.370170515865,"ISSUED_COMMON_SHARES":4819096208,"HK_COMMON_SHARES":4819096208,"PER_SHARES":2000,"TOTAL_MARKET_CAP":4626332359.68,"HKSK_MARKET_CAP":4626332359.68,"PE_TTM":-102.807385770667,"PB_TTM":0.482160746189,"REPORT_DATE_SQ":"2023-06-30 00:00:00","REPORT_TYPE_SQ":"2023年中报","OPERATE_INCOME_SQ":2146369440,"DPS_HKD":0.0749,"OPERATE_INCOME_QOQ_SQ":4.153752356938,"NET_PROFIT_RATIO_SQ":-0.8161512027,"HOLDER_PROFIT_SQ":-17517620,"HOLDER_PROFIT_QOQ_SQ":45.757509069578,"ROE_AVG_SQ":-0.187496916169,"PE_TTM_SQ":-63.659665957531,"PB_TTM_SQ":0.515746443545,"ROA_SQ":-0.127920285464,"START_DATE":"2024-01-01 00:00:00","FISCAL_YEAR":"12-31","CURRENCY":"HKD","IS_CNY_CODE":0,"DPS_HKD_LY":0.0749,"ORG_TYPE":"一般企业","PREMIUM_INCOME":null,"PREMIUM_INCOME_YOY":null,"NET_INTEREST_INCOME":null,"NET_INTEREST_INCOME_YOY":null,"FEE_COMMISSION_INCOME":null,"FEE_COMMISSION_INCOME_YOY":null,"ACCOUNTS_RECE_TDAYS":2.206970509383,"INVENTORY_TDAYS":3.382857142857,"CURRENT_ASSETS_TDAYS":0.425030978934,"TOTAL_ASSETS_TDAYS":0.1429762401,"PREMIUM_EXPENSE":null,"LOAN_DEPOSIT":null,"LOAN_EQUITY":null,"LOAN_ASSETS":null,"DEPOSIT_EQUITY":null,"DEPOSIT_ASSETS":null,"EQUITY_MULTIPLIER":1.482855653987,"EQUITY_RATIO":0.482855653986},{"SECUCODE":"00215.HK","SECURITY_CODE":"00215","SECURITY_NAME_ABBR":"和记电讯香港","ORG_CODE":"10129756","STD_REPORT_DATE":"2023-12-31 00:00:00","REPORT_DATE":"2023-12-31 00:00:00","DATE_TYPE_CODE":"001","REPORT_TYPE":"2023年年报","PER_NETCASH_OPERATE":0.211929767724,"PER_OI":0.920681581877,"BPS":1.85377431253,"BASIC_EPS":-0.009787176,"DILUTED_EPS":-0.009787176,"OPERATE_INCOME":4436853120,"OPERATE_INCOME_YOY":0.2867677181,"GROSS_PROFIT":3222518320,"GROSS_PROFIT_YOY":8.956580675827,"HOLDER_PROFIT":-47123440,"HOLDER_PROFIT_YOY":67.0886075949,"GROSS_PROFIT_RATIO":72.630718954248,"EPS_TTM":-0.009778480853,"OPERATE_INCOME_QOQ":-2.316860970007,"NET_PROFIT_RATIO":-1.0620915033,"ROE_AVG":-0.516718835395,"GROSS_PROFIT_QOQ":-1.598486475153,"ROA":-0.352351267109,"HOLDER_PROFIT_QOQ":38.445823477808,"ROE_YEARLY":-0.516718835395,"ROIC_YEARLY":-0.469907825773,"TOTAL_ASSETS":13194563200,"TOTAL_LIABILITIES":4261046440,"TAX_EBT":300,"OCF_SALES":23.018790849673,"TOTAL_PARENT_EQUITY":8933516760,"DEBT_ASSET_RATIO":32.293956044,"OPERATE_PROFIT":-77934920,"PRETAX_PROFIT":23561720,"NETCASH_OPERATE":1021309940,"NETCASH_INVEST":-1398297460,"NETCASH_FINANCE":-689633420,"END_CASH":1730880200,"DIVI_RATIO":-6.956414500443,"DIVIDEND_RATE":7.968085106383,"CURRENT_RATIO":2.239944521498,"COMMON_ACS":10000000000,"CURRENTDEBT_DEBT":46.001701403658,"ISSUED_COMMON_SHARES":4819096208,"HK_COMMON_SHARES":4819096208,"PER_SHARES":2000,"TOTAL_MARKET_CAP":4529950435.52,"HKSK_MARKET_CAP":4529950435.52,"PE_TTM":-100.665565233778,"PB_TTM":0.472115730643,"REPORT_DATE_SQ":"2022-12-31 00:00:00","REPORT_TYPE_SQ":"2022年年报","OPERATE_INCOME_SQ":4360944140,"DPS_HKD":0.0749,"OPERATE_INCOME_QOQ_SQ":3.005082941979,"NET_PROFIT_RATIO_SQ":-3.2363785334,"HOLDER_PROFIT_SQ":-141136660,"HOLDER_PROFIT_QOQ_SQ":-34.901099497698,"ROE_AVG_SQ":-1.498766837412,"PE_TTM_SQ":-61.279865360988,"PB_TTM_SQ":0.496466202665,"ROA_SQ":-1.039405302283,"START_DATE":"2023-01-01 00:00:00","FISCAL_YEAR":"12-31","CURRENCY":"HKD","IS_CNY_CODE":0,"DPS_HKD_LY":0.0749,"ORG_TYPE":"一般企业","PREMIUM_INCOME":null,"PREMIUM_INCOME_YOY":null,"NET_INTEREST_INCOME":null,"NET_INTEREST_INCOME_YOY":null,"FEE_COMMISSION_INCOME":null,"FEE_COMMISSION_INCOME_YOY":null,"ACCOUNTS_RECE_TDAYS":5.852958756724,"INVENTORY_TDAYS":13.20197044335,"CURRENT_ASSETS_TDAYS":1.017667844523,"TOTAL_ASSETS_TDAYS":0.331752269955,"PREMIUM_EXPENSE":null,"LOAN_DEPOSIT":null,"LOAN_EQUITY":null,"LOAN_ASSETS":null,"DEPOSIT_EQUITY":null,"DEPOSIT_ASSETS":null,"EQUITY_MULTIPLIER":1.47697301684,"EQUITY_RATIO":0.476973016839},{"SECUCODE":"00215.HK","SECURITY_CODE":"00215","SECURITY_NAME_ABBR":"和记电讯香港","ORG_CODE":"10129756","STD_REPORT_DATE":"2023-06-30 00:00:00","REPORT_DATE":"2023-06-30 00:00:00","DATE_TYPE_CODE":"002","REPORT_TYPE":"2023年中报","PER_NETCASH_OPERATE":0.117277953294,"PER_OI":0.445388377272,"BPS":1.91279767868,"BASIC_EPS":-0.003595722,"DILUTED_EPS":-0.003595722,"OPERATE_INCOME":2146369440,"OPERATE_INCOME_YOY":1.3054830287,"GROSS_PROFIT":1664173900,"GROSS_PROFIT_YOY":23.553637110624,"HOLDER_PROFIT":-17517620,"HOLDER_PROFIT_YOY":80.2083333333,"GROSS_PROFIT_RATIO":77.534364261168,"EPS_TTM":-0.015885974609,"OPERATE_INCOME_QOQ":4.153752356938,"NET_PROFIT_RATIO":-0.8161512027,"ROE_AVG":-0.187496916169,"GROSS_PROFIT_QOQ":10.726529270624,"ROA":-0.127920285464,"HOLDER_PROFIT_QOQ":45.757509069578,"ROE_YEARLY":-0.374993832338,"ROIC_YEARLY":-0.340990667624,"TOTAL_ASSETS":13599205000,"TOTAL_LIABILITIES":4381248960,"TAX_EBT":337.5,"OCF_SALES":26.331615120275,"TOTAL_PARENT_EQUITY":9217956040,"DEBT_ASSET_RATIO":32.2169491525,"OPERATE_PROFIT":-39645140,"PRETAX_PROFIT":7375840,"NETCASH_OPERATE":565173740,"NETCASH_INVEST":-2241333380,"NETCASH_FINANCE":-419500900,"END_CASH":750491720,"DIVI_RATIO":-4.281963661218,"DIVIDEND_RATE":7.968085106383,"CURRENT_RATIO":2.279211637729,"COMMON_ACS":10000000000,"CURRENTDEBT_DEBT":44.844276094276,"ISSUED_COMMON_SHARES":4819096208,"HK_COMMON_SHARES":4819096208,"PER_SHARES":2000,"TOTAL_MARKET_CAP":4529950435.52,"HKSK_MARKET_CAP":4529950435.52,"PE_TTM":-100.665565233778,"PB_TTM":0.472115730643,"REPORT_DATE_SQ":"2022-06-30 00:00:00","REPORT_TYPE_SQ":"2022年中报","OPERATE_INCOME_SQ":1965226620,"DPS_HKD":0.0749,"OPERATE_INCOME_QOQ_SQ":-3.839817878538,"NET_PROFIT_RATIO_SQ":-4.1775456919,"HOLDER_PROFIT_SQ":-82098240,"HOLDER_PROFIT_QOQ_SQ":-3299.06800391389,"ROE_AVG_SQ":-0.902128459334,"PE_TTM_SQ":-61.279865360988,"PB_TTM_SQ":0.496466202665,"ROA_SQ":-0.627922948622,"START_DATE":"2023-01-01 00:00:00","FISCAL_YEAR":"12-31","CURRENCY":"HKD","IS_CNY_CODE":0,"DPS_HKD_LY":0.0749,"ORG_TYPE":"一般企业","PREMIUM_INCOME":null,"PREMIUM_INCOME_YOY":null,"NET_INTEREST_INCOME":null,"NET_INTEREST_INCOME_YOY":null,"FEE_COMMISSION_INCOME":null,"FEE_COMMISSION_INCOME_YOY":null,"ACCOUNTS_RECE_TDAYS":2.793041391722,"INVENTORY_TDAYS":6.189349112426,"CURRENT_ASSETS_TDAYS":0.483288353747,"TOTAL_ASSETS_TDAYS":0.156736012927,"PREMIUM_EXPENSE":null,"LOAN_DEPOSIT":null,"LOAN_EQUITY":null,"LOAN_ASSETS":null,"DEPOSIT_EQUITY":null,"DEPOSIT_ASSETS":null,"EQUITY_MULTIPLIER":1.475295059011,"EQUITY_RATIO":0.475295059012},{"SECUCODE":"00215.HK","SECURITY_CODE":"00215","SECURITY_NAME_ABBR":"和记电讯香港","ORG_CODE":"10129756","STD_REPORT_DATE":"2022-12-31 00:00:00","REPORT_DATE":"2022-12-31 00:00:00","DATE_TYPE_CODE":"001","REPORT_TYPE":"2022年年报","PER_NETCASH_OPERATE":0.209271985134,"PER_OI":0.904929877258,"BPS":1.903466798354,"BASIC_EPS":-0.029299256,"DILUTED_EPS":-0.029299256,"OPERATE_INCOME":4360944140,"OPERATE_INCOME_YOY":-9.3407613742,"GROSS_PROFIT":2957616970,"GROSS_PROFIT_YOY":9.519757360473,"HOLDER_PROFIT":-141136660,"HOLDER_PROFIT_YOY":-4050,"GROSS_PROFIT_RATIO":67.820565342073,"EPS_TTM":-0.02928695629,"OPERATE_INCOME_QOQ":3.005082941979,"NET_PROFIT_RATIO":-3.2363785334,"ROE_AVG":-1.498766837412,"GROSS_PROFIT_QOQ":10.722543824019,"ROA":-1.039405302283,"HOLDER_PROFIT_QOQ":-34.901099497698,"ROE_YEARLY":-1.498766837412,"ROIC_YEARLY":-1.390416685,"TOTAL_ASSETS":13359746120,"TOTAL_LIABILITIES":4186756490,"TAX_EBT":-44.954128440367,"OCF_SALES":23.125768127817,"TOTAL_PARENT_EQUITY":9172989630,"DEBT_ASSET_RATIO":31.3385932067,"OPERATE_PROFIT":-83967380,"PRETAX_PROFIT":-97366430,"NETCASH_OPERATE":1008501830,"NETCASH_INVEST":1167503890,"NETCASH_FINANCE":-681565010,"END_CASH":2757524490,"DIVI_RATIO":-2.32264375058,"DIVIDEND_RATE":7.968085106383,"CURRENT_RATIO":2.256495040151,"COMMON_ACS":10000000000,"CURRENTDEBT_DEBT":45.167484531683,"ISSUED_COMMON_SHARES":4819096208,"HK_COMMON_SHARES":4819096208,"PER_SHARES":2000,"TOTAL_MARKET_CAP":4529950435.52,"HKSK_MARKET_CAP":4529950435.52,"PE_TTM":-100.665565233778,"PB_TTM":0.472115730643,"REPORT_DATE_SQ":"2021-12-31 00:00:00","REPORT_TYPE_SQ":"2021年年报","OPERATE_INCOME_SQ":4402776000,"DPS_HKD":0.0749,"OPERATE_INCOME_QOQ_SQ":6.113977097477,"NET_PROFIT_RATIO_SQ":0.0742804085,"HOLDER_PROFIT_SQ":3270400,"HOLDER_PROFIT_QOQ_SQ":-98.333675389123,"ROE_AVG_SQ":0.03499256408,"PE_TTM_SQ":-61.279865360988,"PB_TTM_SQ":0.496466202665,"ROA_SQ":0.026437541309,"START_DATE":"2022-01-01 00:00:00","FISCAL_YEAR":"12-31","CURRENCY":"HKD","IS_CNY_CODE":0,"DPS_HKD_LY":0.0749,"ORG_TYPE":"一般企业","PREMIUM_INCOME":null,"PREMIUM_INCOME_YOY":null,"NET_INTEREST_INCOME":null,"NET_INTEREST_INCOME_YOY":null,"FEE_COMMISSION_INCOME":null,"FEE_COMMISSION_INCOME_YOY":null,"ACCOUNTS_RECE_TDAYS":6.453403833443,"INVENTORY_TDAYS":16.030612244898,"CURRENT_ASSETS_TDAYS":1.001025220422,"TOTAL_ASSETS_TDAYS":0.321163081376,"PREMIUM_EXPENSE":null,"LOAN_DEPOSIT":null,"LOAN_EQUITY":null,"LOAN_ASSETS":null,"DEPOSIT_EQUITY":null,"DEPOSIT_ASSETS":null,"EQUITY_MULTIPLIER":1.456422241697,"EQUITY_RATIO":0.456422241698},{"SECUCODE":"00215.HK","SECURITY_CODE":"00215","SECURITY_NAME_ABBR":"和记电讯香港","ORG_CODE":"10129756","STD_REPORT_DATE":"2022-06-30 00:00:00","REPORT_DATE":"2022-06-30 00:00:00","DATE_TYPE_CODE":"002","REPORT_TYPE":"2022年中报","PER_NETCASH_OPERATE":0.097424763843,"PER_OI":0.407799831167,"BPS":1.857636480703,"BASIC_EPS":-0.017018281,"DILUTED_EPS":-0.017018281,"OPERATE_INCOME":1965226620,"OPERATE_INCOME_YOY":-10.4093567251,"GROSS_PROFIT":1346924250,"GROSS_PROFIT_YOY":-2.131578566474,"HOLDER_PROFIT":-82098240,"HOLDER_PROFIT_YOY":-409.6774193548,"GROSS_PROFIT_RATIO":68.537859007833,"EPS_TTM":-0.021709946323,"OPERATE_INCOME_QOQ":-3.839817878538,"NET_PROFIT_RATIO":-4.1775456919,"ROE_AVG":-0.902128459334,"GROSS_PROFIT_QOQ":-1.08630674658,"ROA":-0.627922948622,"HOLDER_PROFIT_QOQ":-3299.06800391389,"ROE_YEARLY":-1.804256918667,"ROIC_YEARLY":-1.681040143589,"TOTAL_ASSETS":12939879890,"TOTAL_LIABILITIES":3987750970,"TAX_EBT":-31.506849315069,"OCF_SALES":23.890339425588,"TOTAL_PARENT_EQUITY":8952128920,"DEBT_ASSET_RATIO":30.8175269315,"OPERATE_PROFIT":-41049120,"PRETAX_PROFIT":-62428870,"NETCASH_OPERATE":469499310,"NETCASH_INVEST":-812430500,"NETCASH_FINANCE":-387401070,"END_CASH":478906400,"DIVI_RATIO":-3.133271956947,"DIVIDEND_RATE":7.968085106383,"CURRENT_RATIO":2.357563850688,"COMMON_ACS":10000000000,"CURRENTDEBT_DEBT":43.662877975552,"ISSUED_COMMON_SHARES":4819096208,"HK_COMMON_SHARES":4819096208,"PER_SHARES":2000,"TOTAL_MARKET_CAP":4529950435.52,"HKSK_MARKET_CAP":4529950435.52,"PE_TTM":-100.665565233778,"PB_TTM":0.472115730643,"REPORT_DATE_SQ":"2021-06-30 00:00:00","REPORT_TYPE_SQ":"2021年中报","OPERATE_INCOME_SQ":2134285200,"DPS_HKD":0.0749,"OPERATE_INCOME_QOQ_SQ":8.466029626583,"NET_PROFIT_RATIO_SQ":1.2085769981,"HOLDER_PROFIT_SQ":25794480,"HOLDER_PROFIT_QOQ_SQ":-35.403692118843,"ROE_AVG_SQ":0.259696741225,"PE_TTM_SQ":-61.279865360988,"PB_TTM_SQ":0.496466202665,"ROA_SQ":0.208754208754,"START_DATE":"2022-01-01 00:00:00","FISCAL_YEAR":"12-31","CURRENCY":"HKD","IS_CNY_CODE":0,"DPS_HKD_LY":0.0749,"ORG_TYPE":"一般企业","PREMIUM_INCOME":null,"PREMIUM_INCOME_YOY":null,"NET_INTEREST_INCOME":null,"NET_INTEREST_INCOME_YOY":null,"FEE_COMMISSION_INCOME":null,"FEE_COMMISSION_INCOME_YOY":null,"ACCOUNTS_RECE_TDAYS":2.976683937824,"INVENTORY_TDAYS":9.329032258065,"CURRENT_ASSETS_TDAYS":0.470082847499,"TOTAL_ASSETS_TDAYS":0.150309055826,"PREMIUM_EXPENSE":null,"LOAN_DEPOSIT":null,"LOAN_EQUITY":null,"LOAN_ASSETS":null,"DEPOSIT_EQUITY":null,"DEPOSIT_ASSETS":null,"EQUITY_MULTIPLIER":1.44545280856,"EQUITY_RATIO":0.445452808559},{"SECUCODE":"00215.HK","SECURITY_CODE":"00215","SECURITY_NAME_ABBR":"和记电讯香港","ORG_CODE":"10129756","STD_REPORT_DATE":"2021-12-31 00:00:00","REPORT_DATE":"2021-12-31 00:00:00","DATE_TYPE_CODE":"001","REPORT_TYPE":"2021年年报","PER_NETCASH_OPERATE":0.57276665185,"PER_OI":0.913610314044,"BPS":1.834855254668,"BASIC_EPS":0.00065408,"DILUTED_EPS":0.00065408,"OPERATE_INCOME":4402776000,"OPERATE_INCOME_YOY":18.4818481848,"GROSS_PROFIT":2700532800,"GROSS_PROFIT_YOY":-2.973828782767,"HOLDER_PROFIT":3270400,"HOLDER_PROFIT_YOY":-98.891966759,"GROSS_PROFIT_RATIO":61.33704735376,"EPS_TTM":0.000678633474,"OPERATE_INCOME_QOQ":6.113977097477,"NET_PROFIT_RATIO":0.0742804085,"ROE_AVG":0.03499256408,"GROSS_PROFIT_QOQ":2.414746949792,"ROA":0.026437541309,"HOLDER_PROFIT_QOQ":-98.333675389123,"ROE_YEARLY":0.03499256408,"ROIC_YEARLY":0.038033659789,"TOTAL_ASSETS":12628649600,"TOTAL_LIABILITIES":3786305600,"TAX_EBT":95.348837209302,"OCF_SALES":62.692664809656,"TOTAL_PARENT_EQUITY":8842344000,"DEBT_ASSET_RATIO":29.9818723294,"OPERATE_PROFIT":98112000,"PRETAX_PROFIT":70313600,"NETCASH_OPERATE":2760217600,"NETCASH_INVEST":-4496800000,"NETCASH_FINANCE":-1400548800,"END_CASH":1156086400,"DIVI_RATIO":100.235500650304,"DIVIDEND_RATE":7.968085106383,"CURRENT_RATIO":2.32027972028,"COMMON_ACS":10000000000,"CURRENTDEBT_DEBT":46.318289786223,"ISSUED_COMMON_SHARES":4819096208,"HK_COMMON_SHARES":4819096208,"PER_SHARES":2000,"TOTAL_MARKET_CAP":4529950435.52,"HKSK_MARKET_CAP":4529950435.52,"PE_TTM":-100.665565233778,"PB_TTM":0.472115730643,"REPORT_DATE_SQ":"2020-12-31 00:00:00","REPORT_TYPE_SQ":"2020年年报","OPERATE_INCOME_SQ":3825253800,"DPS_HKD":0.0749,"OPERATE_INCOME_QOQ_SQ":-16.812237042715,"NET_PROFIT_RATIO_SQ":7.9427942794,"HOLDER_PROFIT_SQ":303832040,"HOLDER_PROFIT_QOQ_SQ":-13.751652185682,"ROE_AVG_SQ":3.007080383174,"PE_TTM_SQ":-61.279865360988,"PB_TTM_SQ":0.496466202665,"ROA_SQ":2.465005121202,"START_DATE":"2021-01-01 00:00:00","FISCAL_YEAR":"12-31","CURRENCY":"HKD","IS_CNY_CODE":0,"DPS_HKD_LY":0.2501,"ORG_TYPE":"一般企业","PREMIUM_INCOME":null,"PREMIUM_INCOME_YOY":null,"NET_INTEREST_INCOME":null,"NET_INTEREST_INCOME_YOY":null,"FEE_COMMISSION_INCOME":null,"FEE_COMMISSION_INCOME_YOY":null,"ACCOUNTS_RECE_TDAYS":6.86862244898,"INVENTORY_TDAYS":22.148936170213,"CURRENT_ASSETS_TDAYS":0.944736842105,"TOTAL_ASSETS_TDAYS":0.355915399868,"PREMIUM_EXPENSE":null,"LOAN_DEPOSIT":null,"LOAN_EQUITY":null,"LOAN_ASSETS":null,"DEPOSIT_EQUITY":null,"DEPOSIT_ASSETS":null,"EQUITY_MULTIPLIER":1.428201571891,"EQUITY_RATIO":0.428201571891},{"SECUCODE":"00215.HK","SECURITY_CODE":"00215","SECURITY_NAME_ABBR":"和记电讯香港","ORG_CODE":"10129756","STD_REPORT_DATE":"2021-06-30 00:00:00","REPORT_DATE":"2021-06-30 00:00:00","DATE_TYPE_CODE":"002","REPORT_TYPE":"2021年中报","PER_NETCASH_OPERATE":0.19856254341,"PER_OI":0.442880803346,"BPS":2.042086261665,"BASIC_EPS":0.005325312,"DILUTED_EPS":0.005325312,"OPERATE_INCOME":2134285200,"OPERATE_INCOME_YOY":29.4147325933,"GROSS_PROFIT":1376260320,"GROSS_PROFIT_YOY":-9.617372374185,"HOLDER_PROFIT":25794480,"HOLDER_PROFIT_YOY":-78.7671232877,"GROSS_PROFIT_RATIO":64.48343079922,"EPS_TTM":0.040726366839,"OPERATE_INCOME_QOQ":8.466029626583,"NET_PROFIT_RATIO":1.2085769981,"ROE_AVG":0.259696741225,"GROSS_PROFIT_QOQ":-5.261523260123,"ROA":0.208754208754,"HOLDER_PROFIT_QOQ":-35.403692118843,"ROE_YEARLY":0.51939348245,"ROIC_YEARLY":0.641058780954,"TOTAL_ASSETS":12386342880,"TOTAL_LIABILITIES":2545332720,"TAX_EBT":58.108108108108,"OCF_SALES":44.834307992203,"TOTAL_PARENT_EQUITY":9841010160,"DEBT_ASSET_RATIO":20.5495096063,"OPERATE_PROFIT":71558880,"PRETAX_PROFIT":61573920,"NETCASH_OPERATE":956892000,"NETCASH_INVEST":-700611360,"NETCASH_FINANCE":-376932240,"END_CASH":4248600480,"DIVI_RATIO":1.670248816172,"DIVIDEND_RATE":7.968085106383,"CURRENT_RATIO":3.218124341412,"COMMON_ACS":10000000000,"CURRENTDEBT_DEBT":62.046420398823,"ISSUED_COMMON_SHARES":4819096208,"HK_COMMON_SHARES":4819096208,"PER_SHARES":2000,"TOTAL_MARKET_CAP":4529950435.52,"HKSK_MARKET_CAP":4529950435.52,"PE_TTM":-100.665565233778,"PB_TTM":0.472115730643,"REPORT_DATE_SQ":"2020-06-30 00:00:00","REPORT_TYPE_SQ":"2020年中报","OPERATE_INCOME_SQ":1810438080,"DPS_HKD":0.0749,"OPERATE_INCOME_QOQ_SQ":-8.037744222384,"NET_PROFIT_RATIO_SQ":7.36629667,"HOLDER_PROFIT_SQ":133362240,"HOLDER_PROFIT_QOQ_SQ":-8.330654364279,"ROE_AVG_SQ":1.22221757147,"PE_TTM_SQ":-61.279865360988,"PB_TTM_SQ":0.496466202665,"ROA_SQ":0.997506234414,"START_DATE":"2021-01-01 00:00:00","FISCAL_YEAR":"12-31","CURRENCY":"HKD","IS_CNY_CODE":0,"DPS_HKD_LY":0.2501,"ORG_TYPE":"一般企业","PREMIUM_INCOME":null,"PREMIUM_INCOME_YOY":null,"NET_INTEREST_INCOME":null,"NET_INTEREST_INCOME_YOY":null,"FEE_COMMISSION_INCOME":null,"FEE_COMMISSION_INCOME_YOY":null,"ACCOUNTS_RECE_TDAYS":3.316095669037,"INVENTORY_TDAYS":9.39175257732,"CURRENT_ASSETS_TDAYS":0.40938472588,"TOTAL_ASSETS_TDAYS":0.172727272727,"PREMIUM_EXPENSE":null,"LOAN_DEPOSIT":null,"LOAN_EQUITY":null,"LOAN_ASSETS":null,"DEPOSIT_EQUITY":null,"DEPOSIT_ASSETS":null,"EQUITY_MULTIPLIER":1.258645472224,"EQUITY_RATIO":0.258645472225},{"SECUCODE":"00215.HK","SECURITY_CODE":"00215","SECURITY_NAME_ABBR":"和记电讯香港","ORG_CODE":"10129756","STD_REPORT_DATE":"2020-12-31 00:00:00","REPORT_DATE":"2020-12-31 00:00:00","DATE_TYPE_CODE":"001","REPORT_TYPE":"2020年年报","PER_NETCASH_OPERATE":0.226516971831,"PER_OI":0.793769959116,"BPS":2.10397067051,"BASIC_EPS":0.063038836,"DILUTED_EPS":0.063038836,"OPERATE_INCOME":3825253800,"OPERATE_INCOME_YOY":-18.5775707632,"GROSS_PROFIT":2783303480,"GROSS_PROFIT_YOY":-14.662773906537,"HOLDER_PROFIT":303832040,"HOLDER_PROFIT_YOY":-15.8508158508,"GROSS_PROFIT_RATIO":72.761276127613,"EPS_TTM":0.063047514904,"OPERATE_INCOME_QOQ":-16.812237042715,"NET_PROFIT_RATIO":7.9427942794,"ROE_AVG":3.007080383174,"GROSS_PROFIT_QOQ":-13.259446209954,"ROA":2.465005121202,"HOLDER_PROFIT_QOQ":-13.751652185682,"ROE_YEARLY":3.007080383174,"ROIC_YEARLY":3.876926381356,"TOTAL_ASSETS":12468054960,"TOTAL_LIABILITIES":2328817880,"TAX_EBT":18.693693693694,"OCF_SALES":28.536853685369,"TOTAL_PARENT_EQUITY":10139237080,"DEBT_ASSET_RATIO":18.6782773053,"OPERATE_PROFIT":324873040,"PRETAX_PROFIT":373688160,"NETCASH_OPERATE":1091607080,"NETCASH_INVEST":-630388360,"NETCASH_FINANCE":-600089320,"END_CASH":4419451640,"DIVI_RATIO":1.078919067676,"DIVIDEND_RATE":7.968085106383,"CURRENT_RATIO":3.190760059613,"COMMON_ACS":10000000000,"CURRENTDEBT_DEBT":72.750271051681,"ISSUED_COMMON_SHARES":4819096208,"HK_COMMON_SHARES":4819096208,"PER_SHARES":2000,"TOTAL_MARKET_CAP":4529950435.52,"HKSK_MARKET_CAP":4529950435.52,"PE_TTM":-100.665565233778,"PB_TTM":0.472115730643,"REPORT_DATE_SQ":"2019-12-31 00:00:00","REPORT_TYPE_SQ":"2019年年报","OPERATE_INCOME_SQ":5000243960,"DPS_HKD":0.0749,"OPERATE_INCOME_QOQ_SQ":-13.1107747774,"NET_PROFIT_RATIO_SQ":7.8287352204,"HOLDER_PROFIT_SQ":384289620,"HOLDER_PROFIT_QOQ_SQ":9.040888685398,"ROE_AVG_SQ":3.070976054977,"PE_TTM_SQ":-61.279865360988,"PB_TTM_SQ":0.496466202665,"ROA_SQ":2.614737611995,"START_DATE":"2020-01-01 00:00:00","FISCAL_YEAR":"12-31","CURRENCY":"HKD","IS_CNY_CODE":0,"DPS_HKD_LY":0.0603,"ORG_TYPE":"一般企业","PREMIUM_INCOME":null,"PREMIUM_INCOME_YOY":null,"NET_INTEREST_INCOME":null,"NET_INTEREST_INCOME_YOY":null,"FEE_COMMISSION_INCOME":null,"FEE_COMMISSION_INCOME_YOY":null,"ACCOUNTS_RECE_TDAYS":6.47897362794,"INVENTORY_TDAYS":16.843537414966,"CURRENT_ASSETS_TDAYS":0.715860765475,"TOTAL_ASSETS_TDAYS":0.310344827586,"PREMIUM_EXPENSE":null,"LOAN_DEPOSIT":null,"LOAN_EQUITY":null,"LOAN_ASSETS":null,"DEPOSIT_EQUITY":null,"DEPOSIT_ASSETS":null,"EQUITY_MULTIPLIER":1.229683738691,"EQUITY_RATIO":0.22968373869},{"SECUCODE":"00215.HK","SECURITY_CODE":"00215","SECURITY_NAME_ABBR":"和记电讯香港","ORG_CODE":"10129756","STD_REPORT_DATE":"2020-06-30 00:00:00","REPORT_DATE":"2020-06-30 00:00:00","DATE_TYPE_CODE":"002","REPORT_TYPE":"2020年中报","PER_NETCASH_OPERATE":0.148983089154,"PER_OI":0.37568000344,"BPS":2.260903673579,"BASIC_EPS":0.027677232,"DILUTED_EPS":0.027677232,"OPERATE_INCOME":1810438080,"OPERATE_INCOME_YOY":-21.1928429423,"GROSS_PROFIT":1522704480,"GROSS_PROFIT_YOY":-3.349257332597,"HOLDER_PROFIT":133362240,"HOLDER_PROFIT_YOY":-22.3404255319,"GROSS_PROFIT_RATIO":84.106962663976,"EPS_TTM":0.073099968292,"OPERATE_INCOME_QOQ":-8.037744222384,"NET_PROFIT_RATIO":7.36629667,"ROE_AVG":1.22221757147,"GROSS_PROFIT_QOQ":-1.61784498169,"ROA":0.997506234414,"HOLDER_PROFIT_QOQ":-8.330654364279,"ROE_YEARLY":2.444435142941,"ROIC_YEARLY":3.187598930189,"TOTAL_ASSETS":13516171680,"TOTAL_LIABILITIES":2620659360,"TAX_EBT":21.92513368984,"OCF_SALES":39.656912209889,"TOTAL_PARENT_EQUITY":10895512320,"DEBT_ASSET_RATIO":19.3890653511,"OPERATE_PROFIT":125141280,"PRETAX_PROFIT":170813280,"NETCASH_OPERATE":717963840,"NETCASH_INVEST":-246628800,"NETCASH_FINANCE":-361722240,"END_CASH":5056803840,"DIVI_RATIO":0.930549870124,"DIVIDEND_RATE":7.968085106383,"CURRENT_RATIO":3.170956775134,"COMMON_ACS":10000000000,"CURRENTDEBT_DEBT":71.767166260021,"ISSUED_COMMON_SHARES":4819096208,"HK_COMMON_SHARES":4819096208,"PER_SHARES":2000,"TOTAL_MARKET_CAP":4529950435.52,"HKSK_MARKET_CAP":4529950435.52,"PE_TTM":-100.665565233778,"PB_TTM":0.472115730643,"REPORT_DATE_SQ":"2019-06-30 00:00:00","REPORT_TYPE_SQ":"2019年中报","OPERATE_INCOME_SQ":2212344900,"DPS_HKD":0.0749,"OPERATE_INCOME_QOQ_SQ":-16.988981628315,"NET_PROFIT_RATIO_SQ":7.7932405567,"HOLDER_PROFIT_SQ":165376080,"HOLDER_PROFIT_QOQ_SQ":-0.440052793227,"ROE_AVG_SQ":1.351011462039,"PE_TTM_SQ":-61.279865360988,"PB_TTM_SQ":0.496466202665,"ROA_SQ":1.151996078311,"START_DATE":"2020-01-01 00:00:00","FISCAL_YEAR":"12-31","CURRENCY":"HKD","IS_CNY_CODE":0,"DPS_HKD_LY":0.0603,"ORG_TYPE":"一般企业","PREMIUM_INCOME":null,"PREMIUM_INCOME_YOY":null,"NET_INTEREST_INCOME":null,"NET_INTEREST_INCOME_YOY":null,"FEE_COMMISSION_INCOME":null,"FEE_COMMISSION_INCOME_YOY":null,"ACCOUNTS_RECE_TDAYS":3.141045958796,"INVENTORY_TDAYS":5.08064516129,"CURRENT_ASSETS_TDAYS":0.30959075289,"TOTAL_ASSETS_TDAYS":0.135414887439,"PREMIUM_EXPENSE":null,"LOAN_DEPOSIT":null,"LOAN_EQUITY":null,"LOAN_ASSETS":null,"DEPOSIT_EQUITY":null,"DEPOSIT_ASSETS":null,"EQUITY_MULTIPLIER":1.240526492287,"EQUITY_RATIO":0.240526492287}],"count":35},"success":true,"message":"ok","code":0}