{"version":"ad827721c9f705500da9cb0b2657bf38","result":{"pages":6,"data":[{"SECUCODE":"00214.HK","SECURITY_CODE":"00214","SECURITY_NAME_ABBR":"汇汉控股","ORG_CODE":"10007479","STD_REPORT_DATE":"2024-06-30 00:00:00","REPORT_DATE":"2024-09-30 00:00:00","DATE_TYPE_CODE":"002","REPORT_TYPE":"2024年中报","PER_NETCASH_OPERATE":0.792319243536,"PER_OI":1.750146574826,"BPS":9.908177364317,"BASIC_EPS":-0.2525012,"DILUTED_EPS":-0.2525012,"OPERATE_INCOME":1471652743.96,"OPERATE_INCOME_YOY":63.1209530226,"GROSS_PROFIT":836249706.38,"GROSS_PROFIT_YOY":-1.476083706774,"HOLDER_PROFIT":-215911070.75,"HOLDER_PROFIT_YOY":61.2984829749,"GROSS_PROFIT_RATIO":56.823847188962,"EPS_TTM":-4.063634430669,"OPERATE_INCOME_QOQ":0,"NET_PROFIT_RATIO":-25.3033229489,"ROE_AVG":-2.554466796066,"GROSS_PROFIT_QOQ":0,"ROA":-0.633999187168,"HOLDER_PROFIT_QOQ":0,"ROE_YEARLY":-5.108933592132,"ROIC_YEARLY":-1.69363136954,"TOTAL_ASSETS":33651474293.11,"TOTAL_LIABILITIES":17733124106.19,"TAX_EBT":-5.520702634881,"OCF_SALES":45.271593530091,"TOTAL_PARENT_EQUITY":8331528693.41,"DEBT_ASSET_RATIO":52.6964255763,"OPERATE_PROFIT":17310760.84,"PRETAX_PROFIT":-352894775.33,"NETCASH_OPERATE":666240648.42,"NETCASH_INVEST":-288401459.9,"NETCASH_FINANCE":-620129420.35,"END_CASH":761824075.89,"DIVI_RATIO":null,"DIVIDEND_RATE":null,"CURRENT_RATIO":1.819528422065,"COMMON_ACS":3000000000,"CURRENTDEBT_DEBT":31.233397312021,"ISSUED_COMMON_SHARES":840873996,"HK_COMMON_SHARES":840873996,"PER_SHARES":2000,"TOTAL_MARKET_CAP":319532118.48,"HKSK_MARKET_CAP":319532118.48,"PE_TTM":-0.094256706002,"PB_TTM":0.03458559404,"REPORT_DATE_SQ":"2023-06-30 00:00:00","REPORT_TYPE_SQ":"2023年中报","OPERATE_INCOME_SQ":918031921.94,"DPS_HKD":null,"OPERATE_INCOME_QOQ_SQ":0,"NET_PROFIT_RATIO_SQ":-113.1245514465,"HOLDER_PROFIT_SQ":-567687211.35,"HOLDER_PROFIT_QOQ_SQ":0,"ROE_AVG_SQ":-5.23917694503,"PE_TTM_SQ":-2.397395285304,"PB_TTM_SQ":0.033371425311,"ROA_SQ":-1.487432452644,"START_DATE":"2024-04-01 00:00:00","FISCAL_YEAR":"3-31","CURRENCY":"HKD","IS_CNY_CODE":0,"DPS_HKD_LY":null,"ORG_TYPE":"一般企业","PREMIUM_INCOME":null,"PREMIUM_INCOME_YOY":null,"NET_INTEREST_INCOME":null,"NET_INTEREST_INCOME_YOY":null,"FEE_COMMISSION_INCOME":null,"FEE_COMMISSION_INCOME_YOY":null,"ACCOUNTS_RECE_TDAYS":2.537666746232,"INVENTORY_TDAYS":0.108929765005,"CURRENT_ASSETS_TDAYS":0.1428640963,"TOTAL_ASSETS_TDAYS":0.043213469334,"PREMIUM_EXPENSE":null,"LOAN_DEPOSIT":null,"LOAN_EQUITY":null,"LOAN_ASSETS":null,"DEPOSIT_EQUITY":null,"DEPOSIT_ASSETS":null,"EQUITY_MULTIPLIER":2.11400515116,"EQUITY_RATIO":2.128435819973},{"SECUCODE":"00214.HK","SECURITY_CODE":"00214","SECURITY_NAME_ABBR":"汇汉控股","ORG_CODE":"10007479","STD_REPORT_DATE":"2023-12-31 00:00:00","REPORT_DATE":"2024-03-31 00:00:00","DATE_TYPE_CODE":"001","REPORT_TYPE":"2023年年报","PER_NETCASH_OPERATE":-0.873606366524,"PER_OI":2.052096360107,"BPS":10.249232858665,"BASIC_EPS":-4.061344,"DILUTED_EPS":-4.061344,"OPERATE_INCOME":1725554466.5,"OPERATE_INCOME_YOY":-17.348112072,"GROSS_PROFIT":1588526714.35,"GROSS_PROFIT_YOY":-17.45455822922,"HOLDER_PROFIT":-3417004522,"HOLDER_PROFIT_YOY":-979.1476379514,"GROSS_PROFIT_RATIO":92.058914696101,"EPS_TTM":-0.188613539014,"OPERATE_INCOME_QOQ":0,"NET_PROFIT_RATIO":-363.4789826786,"ROE_AVG":-34.015418318334,"GROSS_PROFIT_QOQ":0,"ROA":-9.319175352225,"HOLDER_PROFIT_QOQ":0,"ROE_YEARLY":-34.015418318334,"ROIC_YEARLY":-12.812471053528,"TOTAL_ASSETS":34641250872.45,"TOTAL_LIABILITIES":18216514861.5,"TAX_EBT":3.063858131214,"OCF_SALES":-42.571410558833,"TOTAL_PARENT_EQUITY":8618313389.8,"DEBT_ASSET_RATIO":52.5861924807,"OPERATE_PROFIT":-5895248415.95,"PRETAX_PROFIT":-6470267641.65,"NETCASH_OPERATE":-734592876.35,"NETCASH_INVEST":-175373004.05,"NETCASH_FINANCE":988456792.5,"END_CASH":1008410864.55,"DIVI_RATIO":null,"DIVIDEND_RATE":null,"CURRENT_RATIO":1.590379819629,"COMMON_ACS":3000000000,"CURRENTDEBT_DEBT":36.518858802458,"ISSUED_COMMON_SHARES":840873996,"HK_COMMON_SHARES":840873996,"PER_SHARES":2000,"TOTAL_MARKET_CAP":302714638.56,"HKSK_MARKET_CAP":302714638.56,"PE_TTM":-0.089295826738,"PB_TTM":0.032765299617,"REPORT_DATE_SQ":"2022-12-31 00:00:00","REPORT_TYPE_SQ":"2022年年报","OPERATE_INCOME_SQ":2016023708.68,"DPS_HKD":null,"OPERATE_INCOME_QOQ_SQ":0,"NET_PROFIT_RATIO_SQ":32.4222257732,"HOLDER_PROFIT_SQ":375321532.58,"HOLDER_PROFIT_QOQ_SQ":0,"ROE_AVG_SQ":3.70683000058,"PE_TTM_SQ":-2.259613947068,"PB_TTM_SQ":0.031453527304,"ROA_SQ":1.043166031704,"START_DATE":"2023-04-01 00:00:00","FISCAL_YEAR":"3-31","CURRENCY":"HKD","IS_CNY_CODE":0,"DPS_HKD_LY":null,"ORG_TYPE":"一般企业","PREMIUM_INCOME":null,"PREMIUM_INCOME_YOY":null,"NET_INTEREST_INCOME":null,"NET_INTEREST_INCOME_YOY":null,"FEE_COMMISSION_INCOME":null,"FEE_COMMISSION_INCOME_YOY":null,"ACCOUNTS_RECE_TDAYS":2.085722112645,"INVENTORY_TDAYS":0.025699404377,"CURRENT_ASSETS_TDAYS":0.144473583531,"TOTAL_ASSETS_TDAYS":0.04706094051,"PREMIUM_EXPENSE":null,"LOAN_DEPOSIT":null,"LOAN_EQUITY":null,"LOAN_ASSETS":null,"DEPOSIT_EQUITY":null,"DEPOSIT_ASSETS":null,"EQUITY_MULTIPLIER":2.109090267836,"EQUITY_RATIO":2.113698358087},{"SECUCODE":"00214.HK","SECURITY_CODE":"00214","SECURITY_NAME_ABBR":"汇汉控股","ORG_CODE":"10007479","STD_REPORT_DATE":"2023-06-30 00:00:00","REPORT_DATE":"2023-09-30 00:00:00","DATE_TYPE_CODE":"002","REPORT_TYPE":"2023年中报","PER_NETCASH_OPERATE":-0.505639696759,"PER_OI":1.091759200911,"BPS":11.961402495791,"BASIC_EPS":-0.6790462,"DILUTED_EPS":-0.6790462,"OPERATE_INCOME":918031921.94,"OPERATE_INCOME_YOY":-16.7846005788,"GROSS_PROFIT":848778385.84,"GROSS_PROFIT_YOY":-18.482412131958,"HOLDER_PROFIT":-567687211.35,"HOLDER_PROFIT_YOY":-1557.0996169609,"GROSS_PROFIT_RATIO":92.456304138787,"EPS_TTM":0.446346937074,"OPERATE_INCOME_QOQ":0,"NET_PROFIT_RATIO":-113.1245514465,"ROE_AVG":-5.23917694503,"GROSS_PROFIT_QOQ":0,"ROA":-1.487432452644,"HOLDER_PROFIT_QOQ":0,"ROE_YEARLY":-10.47835389006,"ROIC_YEARLY":-4.140452457095,"TOTAL_ASSETS":37166749537.4,"TOTAL_LIABILITIES":17965505125.54,"TAX_EBT":2.90877083714,"OCF_SALES":-46.314214374104,"TOTAL_PARENT_EQUITY":10058032314.4,"DEBT_ASSET_RATIO":48.3375741736,"OPERATE_PROFIT":-847054159.07,"PRETAX_PROFIT":-1069632656.61,"NETCASH_OPERATE":-425179272.35,"NETCASH_INVEST":-152737678.24,"NETCASH_FINANCE":669426684.71,"END_CASH":1029095433.73,"DIVI_RATIO":null,"DIVIDEND_RATE":null,"CURRENT_RATIO":1.805440880901,"COMMON_ACS":3000000000,"CURRENTDEBT_DEBT":35.53017091802,"ISSUED_COMMON_SHARES":840873996,"HK_COMMON_SHARES":840873996,"PER_SHARES":2000,"TOTAL_MARKET_CAP":332145228.42,"HKSK_MARKET_CAP":332145228.42,"PE_TTM":-0.097977365449,"PB_TTM":0.035950814858,"REPORT_DATE_SQ":"2022-06-30 00:00:00","REPORT_TYPE_SQ":"2022年中报","OPERATE_INCOME_SQ":1087342187.88,"DPS_HKD":null,"OPERATE_INCOME_QOQ_SQ":0,"NET_PROFIT_RATIO_SQ":-4.3732173708,"HOLDER_PROFIT_SQ":-33765458.52,"HOLDER_PROFIT_QOQ_SQ":0,"ROE_AVG_SQ":-0.374630435901,"PE_TTM_SQ":-2.232057679421,"PB_TTM_SQ":0.031069947703,"ROA_SQ":-0.096268353871,"START_DATE":"2023-04-01 00:00:00","FISCAL_YEAR":"3-31","CURRENCY":"HKD","IS_CNY_CODE":0,"DPS_HKD_LY":null,"ORG_TYPE":"一般企业","PREMIUM_INCOME":null,"PREMIUM_INCOME_YOY":null,"NET_INTEREST_INCOME":null,"NET_INTEREST_INCOME_YOY":null,"FEE_COMMISSION_INCOME":null,"FEE_COMMISSION_INCOME_YOY":null,"ACCOUNTS_RECE_TDAYS":0.94673403831,"INVENTORY_TDAYS":0.013762621853,"CURRENT_ASSETS_TDAYS":0.073458357342,"TOTAL_ASSETS_TDAYS":0.024053923463,"PREMIUM_EXPENSE":null,"LOAN_DEPOSIT":null,"LOAN_EQUITY":null,"LOAN_ASSETS":null,"DEPOSIT_EQUITY":null,"DEPOSIT_ASSETS":null,"EQUITY_MULTIPLIER":1.935642750033,"EQUITY_RATIO":1.786184868368},{"SECUCODE":"00214.HK","SECURITY_CODE":"00214","SECURITY_NAME_ABBR":"汇汉控股","ORG_CODE":"10007479","STD_REPORT_DATE":"2022-12-31 00:00:00","REPORT_DATE":"2023-03-31 00:00:00","DATE_TYPE_CODE":"001","REPORT_TYPE":"2022年年报","PER_NETCASH_OPERATE":0.954264928155,"PER_OI":2.397533659347,"BPS":13.175004160719,"BASIC_EPS":0.4464591,"DILUTED_EPS":0.4464591,"OPERATE_INCOME":2016023708.68,"OPERATE_INCOME_YOY":-17.4177825797,"GROSS_PROFIT":1924426934.15,"GROSS_PROFIT_YOY":-12.346910403359,"HOLDER_PROFIT":375321532.58,"HOLDER_PROFIT_YOY":147.3309561397,"GROSS_PROFIT_RATIO":95.456562631896,"EPS_TTM":-0.957032873044,"OPERATE_INCOME_QOQ":0,"NET_PROFIT_RATIO":32.4222257732,"ROE_AVG":3.70683000058,"GROSS_PROFIT_QOQ":0,"ROA":1.043166031704,"HOLDER_PROFIT_QOQ":0,"ROE_YEARLY":3.70683000058,"ROIC_YEARLY":1.443251796049,"TOTAL_ASSETS":37362461157.37,"TOTAL_LIABILITIES":16391315154.78,"TAX_EBT":10.789062425326,"OCF_SALES":39.801940816727,"TOTAL_PARENT_EQUITY":11078518395.94,"DEBT_ASSET_RATIO":43.8710798139,"OPERATE_PROFIT":720155161.09,"PRETAX_PROFIT":732690156.88,"NETCASH_OPERATE":802416563.38,"NETCASH_INVEST":13619628.78,"NETCASH_FINANCE":-682357583.52,"END_CASH":902571346.07,"DIVI_RATIO":null,"DIVIDEND_RATE":null,"CURRENT_RATIO":2.890632670603,"COMMON_ACS":3000000000,"CURRENTDEBT_DEBT":27.121299660044,"ISSUED_COMMON_SHARES":840873996,"HK_COMMON_SHARES":840873996,"PER_SHARES":2000,"TOTAL_MARKET_CAP":302714638.56,"HKSK_MARKET_CAP":302714638.56,"PE_TTM":-0.089295826738,"PB_TTM":0.032765299617,"REPORT_DATE_SQ":"2021-12-31 00:00:00","REPORT_TYPE_SQ":"2021年年报","OPERATE_INCOME_SQ":2261641689.73,"DPS_HKD":null,"OPERATE_INCOME_QOQ_SQ":0,"NET_PROFIT_RATIO_SQ":-52.7420030961,"HOLDER_PROFIT_SQ":-734637188.3,"HOLDER_PROFIT_QOQ_SQ":0,"ROE_AVG_SQ":-7.202219017808,"PE_TTM_SQ":-2.259613947068,"PB_TTM_SQ":0.031453527304,"ROA_SQ":-2.056739097527,"START_DATE":"2022-04-01 00:00:00","FISCAL_YEAR":"3-31","CURRENCY":"HKD","IS_CNY_CODE":0,"DPS_HKD_LY":null,"ORG_TYPE":"一般企业","PREMIUM_INCOME":null,"PREMIUM_INCOME_YOY":null,"NET_INTEREST_INCOME":null,"NET_INTEREST_INCOME_YOY":null,"FEE_COMMISSION_INCOME":null,"FEE_COMMISSION_INCOME_YOY":null,"ACCOUNTS_RECE_TDAYS":3.329388480316,"INVENTORY_TDAYS":0.021687870272,"CURRENT_ASSETS_TDAYS":0.16849222321,"TOTAL_ASSETS_TDAYS":0.05603322137,"PREMIUM_EXPENSE":null,"LOAN_DEPOSIT":null,"LOAN_EQUITY":null,"LOAN_ASSETS":null,"DEPOSIT_EQUITY":null,"DEPOSIT_ASSETS":null,"EQUITY_MULTIPLIER":1.781612752721,"EQUITY_RATIO":1.47955841828},{"SECUCODE":"00214.HK","SECURITY_CODE":"00214","SECURITY_NAME_ABBR":"汇汉控股","ORG_CODE":"10007479","STD_REPORT_DATE":"2022-06-30 00:00:00","REPORT_DATE":"2022-09-30 00:00:00","DATE_TYPE_CODE":"002","REPORT_TYPE":"2022年中报","PER_NETCASH_OPERATE":-0.237410741621,"PER_OI":1.293109542039,"BPS":10.168120556935,"BASIC_EPS":-0.0361776,"DILUTED_EPS":-0.0361776,"OPERATE_INCOME":1087342187.88,"OPERATE_INCOME_YOY":-15.9207734388,"GROSS_PROFIT":1041221174.52,"GROSS_PROFIT_YOY":-10.384119877502,"HOLDER_PROFIT":-33765458.52,"HOLDER_PROFIT_YOY":-185.5790390611,"GROSS_PROFIT_RATIO":95.758371755085,"EPS_TTM":-0.873659064015,"OPERATE_INCOME_QOQ":0,"NET_PROFIT_RATIO":-4.3732173708,"ROE_AVG":-0.374630435901,"GROSS_PROFIT_QOQ":0,"ROA":-0.096268353871,"HOLDER_PROFIT_QOQ":0,"ROE_YEARLY":-0.749260871801,"ROIC_YEARLY":-0.259684802207,"TOTAL_ASSETS":34405669087.32,"TOTAL_LIABILITIES":17974996123.68,"TAX_EBT":38.66112887043,"OCF_SALES":-18.359677498509,"TOTAL_PARENT_EQUITY":8550108164.52,"DEBT_ASSET_RATIO":52.2442858997,"OPERATE_PROFIT":-88248019.68,"PRETAX_PROFIT":-77523170.16,"NETCASH_OPERATE":-199632519,"NETCASH_INVEST":-179687808.12,"NETCASH_FINANCE":403921999.56,"END_CASH":802212051.24,"DIVI_RATIO":null,"DIVIDEND_RATE":null,"CURRENT_RATIO":1.933383238938,"COMMON_ACS":3000000000,"CURRENTDEBT_DEBT":29.964735134626,"ISSUED_COMMON_SHARES":840873996,"HK_COMMON_SHARES":840873996,"PER_SHARES":2000,"TOTAL_MARKET_CAP":302714638.56,"HKSK_MARKET_CAP":302714638.56,"PE_TTM":-0.089295826738,"PB_TTM":0.032765299617,"REPORT_DATE_SQ":"2021-06-30 00:00:00","REPORT_TYPE_SQ":"2021年中报","OPERATE_INCOME_SQ":1191170834.44,"DPS_HKD":null,"OPERATE_INCOME_QOQ_SQ":0,"NET_PROFIT_RATIO_SQ":5.3321481473,"HOLDER_PROFIT_SQ":36341409.44,"HOLDER_PROFIT_QOQ_SQ":0,"ROE_AVG_SQ":0.333493464831,"PE_TTM_SQ":-2.259613947068,"PB_TTM_SQ":0.031453527304,"ROA_SQ":0.095930969109,"START_DATE":"2022-04-01 00:00:00","FISCAL_YEAR":"3-31","CURRENCY":"HKD","IS_CNY_CODE":0,"DPS_HKD_LY":null,"ORG_TYPE":"一般企业","PREMIUM_INCOME":null,"PREMIUM_INCOME_YOY":null,"NET_INTEREST_INCOME":null,"NET_INTEREST_INCOME_YOY":null,"FEE_COMMISSION_INCOME":null,"FEE_COMMISSION_INCOME_YOY":null,"ACCOUNTS_RECE_TDAYS":1.410813687472,"INVENTORY_TDAYS":0.011127570458,"CURRENT_ASSETS_TDAYS":0.099479235169,"TOTAL_ASSETS_TDAYS":0.031001102046,"PREMIUM_EXPENSE":null,"LOAN_DEPOSIT":null,"LOAN_EQUITY":null,"LOAN_ASSETS":null,"DEPOSIT_EQUITY":null,"DEPOSIT_ASSETS":null,"EQUITY_MULTIPLIER":2.093990256118,"EQUITY_RATIO":2.102312131941},{"SECUCODE":"00214.HK","SECURITY_CODE":"00214","SECURITY_NAME_ABBR":"汇汉控股","ORG_CODE":"10007479","STD_REPORT_DATE":"2021-12-31 00:00:00","REPORT_DATE":"2022-03-31 00:00:00","DATE_TYPE_CODE":"001","REPORT_TYPE":"2021年年报","PER_NETCASH_OPERATE":-0.414298207814,"PER_OI":2.689632097661,"BPS":10.104993641544,"BASIC_EPS":-0.8758908,"DILUTED_EPS":-0.8758908,"OPERATE_INCOME":2261641689.73,"OPERATE_INCOME_YOY":1.7629051334,"GROSS_PROFIT":2195503824.23,"GROSS_PROFIT_YOY":-2.864434612817,"HOLDER_PROFIT":-734637188.3,"HOLDER_PROFIT_YOY":-189.9728938071,"GROSS_PROFIT_RATIO":97.075670040912,"EPS_TTM":0.575999212301,"OPERATE_INCOME_QOQ":0,"NET_PROFIT_RATIO":-52.7420030961,"ROE_AVG":-7.202219017808,"GROSS_PROFIT_QOQ":0,"ROA":-2.056739097527,"HOLDER_PROFIT_QOQ":0,"ROE_YEARLY":-7.202219017808,"ROIC_YEARLY":-2.890150864037,"TOTAL_ASSETS":32050646436.22,"TOTAL_LIABILITIES":15789423117.39,"TAX_EBT":8.104224213392,"OCF_SALES":-15.403527053907,"TOTAL_PARENT_EQUITY":8497026382.92,"DEBT_ASSET_RATIO":49.2639770895,"OPERATE_PROFIT":-1044282428.32,"PRETAX_PROFIT":-1298030426.11,"NETCASH_OPERATE":-348372589.54,"NETCASH_INVEST":-246328878.31,"NETCASH_FINANCE":-389425915.74,"END_CASH":714919102.17,"DIVI_RATIO":null,"DIVIDEND_RATE":null,"CURRENT_RATIO":2.42729307689,"COMMON_ACS":3000000000,"CURRENTDEBT_DEBT":26.782819458315,"ISSUED_COMMON_SHARES":840873996,"HK_COMMON_SHARES":840873996,"PER_SHARES":2000,"TOTAL_MARKET_CAP":302714638.56,"HKSK_MARKET_CAP":302714638.56,"PE_TTM":-0.089295826738,"PB_TTM":0.032765299617,"REPORT_DATE_SQ":"2020-12-31 00:00:00","REPORT_TYPE_SQ":"2020年年报","OPERATE_INCOME_SQ":2316100000.34,"DPS_HKD":null,"OPERATE_INCOME_QOQ_SQ":0,"NET_PROFIT_RATIO_SQ":62.4216937683,"HOLDER_PROFIT_SQ":850911165.58,"HOLDER_PROFIT_QOQ_SQ":0,"ROE_AVG_SQ":7.483474425405,"PE_TTM_SQ":-2.176945144127,"PB_TTM_SQ":0.030302788501,"ROA_SQ":2.177823063181,"START_DATE":"2021-04-01 00:00:00","FISCAL_YEAR":"3-31","CURRENCY":"HKD","IS_CNY_CODE":0,"DPS_HKD_LY":0.036,"ORG_TYPE":"一般企业","PREMIUM_INCOME":null,"PREMIUM_INCOME_YOY":null,"NET_INTEREST_INCOME":null,"NET_INTEREST_INCOME_YOY":null,"FEE_COMMISSION_INCOME":null,"FEE_COMMISSION_INCOME_YOY":null,"ACCOUNTS_RECE_TDAYS":6.487737807893,"INVENTORY_TDAYS":0.020161315245,"CURRENT_ASSETS_TDAYS":0.177040623716,"TOTAL_ASSETS_TDAYS":0.063318423869,"PREMIUM_EXPENSE":null,"LOAN_DEPOSIT":null,"LOAN_EQUITY":null,"LOAN_ASSETS":null,"DEPOSIT_EQUITY":null,"DEPOSIT_ASSETS":null,"EQUITY_MULTIPLIER":1.9709861803,"EQUITY_RATIO":1.858229268198},{"SECUCODE":"00214.HK","SECURITY_CODE":"00214","SECURITY_NAME_ABBR":"汇汉控股","ORG_CODE":"10007479","STD_REPORT_DATE":"2021-06-30 00:00:00","REPORT_DATE":"2021-09-30 00:00:00","DATE_TYPE_CODE":"002","REPORT_TYPE":"2021年中报","PER_NETCASH_OPERATE":-0.788003627002,"PER_OI":1.416586599308,"BPS":11.378007746026,"BASIC_EPS":0.041653,"DILUTED_EPS":0.041653,"OPERATE_INCOME":1191170834.44,"OPERATE_INCOME_YOY":1.8528886742,"GROSS_PROFIT":1161871281.18,"GROSS_PROFIT_YOY":-3.662267874345,"HOLDER_PROFIT":36341409.44,"HOLDER_PROFIT_YOY":-90.4858904429,"GROSS_PROFIT_RATIO":97.54027277928,"EPS_TTM":1.011936591722,"OPERATE_INCOME_QOQ":0,"NET_PROFIT_RATIO":5.3321481473,"ROE_AVG":0.333493464831,"GROSS_PROFIT_QOQ":0,"ROA":0.095930969109,"HOLDER_PROFIT_QOQ":0,"ROE_YEARLY":0.666986929662,"ROIC_YEARLY":0.274122676967,"TOTAL_ASSETS":35308465023.6,"TOTAL_LIABILITIES":17237646696.78,"TAX_EBT":-80.490980540694,"OCF_SALES":-55.626929365804,"TOTAL_PARENT_EQUITY":9567470839.92,"DEBT_ASSET_RATIO":48.8201531425,"OPERATE_PROFIT":195971533.58,"PRETAX_PROFIT":35190120.52,"NETCASH_OPERATE":-662611758.7,"NETCASH_INVEST":-274997271.3,"NETCASH_FINANCE":568672580.86,"END_CASH":1369156602.62,"DIVI_RATIO":null,"DIVIDEND_RATE":null,"CURRENT_RATIO":2.620527290955,"COMMON_ACS":3000000000,"CURRENTDEBT_DEBT":24.440262144293,"ISSUED_COMMON_SHARES":840873996,"HK_COMMON_SHARES":840873996,"PER_SHARES":2000,"TOTAL_MARKET_CAP":302714638.56,"HKSK_MARKET_CAP":302714638.56,"PE_TTM":-0.089295826738,"PB_TTM":0.032765299617,"REPORT_DATE_SQ":"2020-06-30 00:00:00","REPORT_TYPE_SQ":"2020年中报","OPERATE_INCOME_SQ":1233601616.64,"DPS_HKD":null,"OPERATE_INCOME_QOQ_SQ":0,"NET_PROFIT_RATIO_SQ":56.8366406385,"HOLDER_PROFIT_SQ":402909815.68,"HOLDER_PROFIT_QOQ_SQ":0,"ROE_AVG_SQ":3.517347822518,"PE_TTM_SQ":-2.259613947068,"PB_TTM_SQ":0.031453527304,"ROA_SQ":1.009115611742,"START_DATE":"2021-04-01 00:00:00","FISCAL_YEAR":"3-31","CURRENCY":"HKD","IS_CNY_CODE":0,"DPS_HKD_LY":0.036,"ORG_TYPE":"一般企业","PREMIUM_INCOME":null,"PREMIUM_INCOME_YOY":null,"NET_INTEREST_INCOME":null,"NET_INTEREST_INCOME_YOY":null,"FEE_COMMISSION_INCOME":null,"FEE_COMMISSION_INCOME_YOY":null,"ACCOUNTS_RECE_TDAYS":1.94136954646,"INVENTORY_TDAYS":0.009174843227,"CURRENT_ASSETS_TDAYS":0.089091478749,"TOTAL_ASSETS_TDAYS":0.031443516992,"PREMIUM_EXPENSE":null,"LOAN_DEPOSIT":null,"LOAN_EQUITY":null,"LOAN_ASSETS":null,"DEPOSIT_EQUITY":null,"DEPOSIT_ASSETS":null,"EQUITY_MULTIPLIER":1.9538940841,"EQUITY_RATIO":1.801693152265},{"SECUCODE":"00214.HK","SECURITY_CODE":"00214","SECURITY_NAME_ABBR":"汇汉控股","ORG_CODE":"10007479","STD_REPORT_DATE":"2020-12-31 00:00:00","REPORT_DATE":"2021-03-31 00:00:00","DATE_TYPE_CODE":"001","REPORT_TYPE":"2020年年报","PER_NETCASH_OPERATE":2.268805056828,"PER_OI":2.75439603479,"BPS":14.752259478839,"BASIC_EPS":1.014216,"DILUTED_EPS":1.014216,"OPERATE_INCOME":2316100000.34,"OPERATE_INCOME_YOY":4.1156320691,"GROSS_PROFIT":2260247125.22,"GROSS_PROFIT_YOY":3.462872328508,"HOLDER_PROFIT":850911165.58,"HOLDER_PROFIT_YOY":81.8682857127,"GROSS_PROFIT_RATIO":97.588494662933,"EPS_TTM":0.627486817704,"OPERATE_INCOME_QOQ":0,"NET_PROFIT_RATIO":62.4216937683,"ROE_AVG":7.483474425405,"GROSS_PROFIT_QOQ":0,"ROA":2.177823063181,"HOLDER_PROFIT_QOQ":0,"ROE_YEARLY":7.483474425405,"ROIC_YEARLY":3.074266385599,"TOTAL_ASSETS":41045889480.96,"TOTAL_LIABILITIES":17847710009.36,"TAX_EBT":3.931085260564,"OCF_SALES":82.37032831052,"TOTAL_PARENT_EQUITY":12404791378,"DEBT_ASSET_RATIO":43.4823321776,"OPERATE_PROFIT":1846481649.6,"PRETAX_PROFIT":1504908068.86,"NETCASH_OPERATE":1907779174.28,"NETCASH_INVEST":-42816818.8,"NETCASH_FINANCE":-919191567.42,"END_CASH":1765149133.02,"DIVI_RATIO":null,"DIVIDEND_RATE":null,"CURRENT_RATIO":2.656166010702,"COMMON_ACS":3000000000,"CURRENTDEBT_DEBT":33.600324514994,"ISSUED_COMMON_SHARES":840873996,"HK_COMMON_SHARES":840873996,"PER_SHARES":2000,"TOTAL_MARKET_CAP":302714638.56,"HKSK_MARKET_CAP":302714638.56,"PE_TTM":-0.089295826738,"PB_TTM":0.032765299617,"REPORT_DATE_SQ":"2019-12-31 00:00:00","REPORT_TYPE_SQ":"2019年年报","OPERATE_INCOME_SQ":2404893120.6,"DPS_HKD":null,"OPERATE_INCOME_QOQ_SQ":0,"NET_PROFIT_RATIO_SQ":34.7815647039,"HOLDER_PROFIT_SQ":505803304.9,"HOLDER_PROFIT_QOQ_SQ":0,"ROE_AVG_SQ":4.37156912132,"PE_TTM_SQ":-2.259613947068,"PB_TTM_SQ":0.031453527304,"ROA_SQ":1.264371604387,"START_DATE":"2020-04-01 00:00:00","FISCAL_YEAR":"3-31","CURRENCY":"HKD","IS_CNY_CODE":0,"DPS_HKD_LY":null,"ORG_TYPE":"一般企业","PREMIUM_INCOME":null,"PREMIUM_INCOME_YOY":null,"NET_INTEREST_INCOME":null,"NET_INTEREST_INCOME_YOY":null,"FEE_COMMISSION_INCOME":null,"FEE_COMMISSION_INCOME_YOY":null,"ACCOUNTS_RECE_TDAYS":3.839143003844,"INVENTORY_TDAYS":0.027510882127,"CURRENT_ASSETS_TDAYS":0.145320791866,"TOTAL_ASSETS_TDAYS":0.059278291335,"PREMIUM_EXPENSE":null,"LOAN_DEPOSIT":null,"LOAN_EQUITY":null,"LOAN_ASSETS":null,"DEPOSIT_EQUITY":null,"DEPOSIT_ASSETS":null,"EQUITY_MULTIPLIER":1.76935821758,"EQUITY_RATIO":1.438775507423},{"SECUCODE":"00214.HK","SECURITY_CODE":"00214","SECURITY_NAME_ABBR":"汇汉控股","ORG_CODE":"10007479","STD_REPORT_DATE":"2020-06-30 00:00:00","REPORT_DATE":"2020-09-30 00:00:00","DATE_TYPE_CODE":"002","REPORT_TYPE":"2020年中报","PER_NETCASH_OPERATE":0.961686319338,"PER_OI":1.467046932725,"BPS":14.465187968068,"BASIC_EPS":0.483296,"DILUTED_EPS":0.483296,"OPERATE_INCOME":1233601616.64,"OPERATE_INCOME_YOY":1.5975689451,"GROSS_PROFIT":1206039685.12,"GROSS_PROFIT_YOY":8.511228711085,"HOLDER_PROFIT":402909815.68,"HOLDER_PROFIT_YOY":8.5318859859,"GROSS_PROFIT_RATIO":97.765734808692,"EPS_TTM":0.60152092621,"OPERATE_INCOME_QOQ":0,"NET_PROFIT_RATIO":56.8366406385,"ROE_AVG":3.517347822518,"GROSS_PROFIT_QOQ":0,"ROA":1.009115611742,"HOLDER_PROFIT_QOQ":0,"ROE_YEARLY":7.034695645036,"ROIC_YEARLY":2.798557853338,"TOTAL_ASSETS":41284488761.6,"TOTAL_LIABILITIES":18441014753.28,"TAX_EBT":0.866462413124,"OCF_SALES":65.552525818065,"TOTAL_PARENT_EQUITY":12163400409.6,"DEBT_ASSET_RATIO":44.6681436696,"OPERATE_PROFIT":864350291.84,"PRETAX_PROFIT":707265911.04,"NETCASH_OPERATE":808657018.24,"NETCASH_INVEST":-55340906.88,"NETCASH_FINANCE":-615999415.68,"END_CASH":976842268.8,"DIVI_RATIO":null,"DIVIDEND_RATE":null,"CURRENT_RATIO":2.453207400356,"COMMON_ACS":3000000000,"CURRENTDEBT_DEBT":42.511559011283,"ISSUED_COMMON_SHARES":840873996,"HK_COMMON_SHARES":840873996,"PER_SHARES":2000,"TOTAL_MARKET_CAP":302714638.56,"HKSK_MARKET_CAP":302714638.56,"PE_TTM":-0.089295826738,"PB_TTM":0.032765299617,"REPORT_DATE_SQ":"2019-06-30 00:00:00","REPORT_TYPE_SQ":"2019年中报","OPERATE_INCOME_SQ":1246385691.87,"DPS_HKD":null,"OPERATE_INCOME_QOQ_SQ":0,"NET_PROFIT_RATIO_SQ":53.9909551906,"HOLDER_PROFIT_SQ":381075772.74,"HOLDER_PROFIT_QOQ_SQ":0,"ROE_AVG_SQ":3.230729130203,"PE_TTM_SQ":-2.259613947068,"PB_TTM_SQ":0.031453527304,"ROA_SQ":0.974193647765,"START_DATE":"2020-04-01 00:00:00","FISCAL_YEAR":"3-31","CURRENCY":"HKD","IS_CNY_CODE":0,"DPS_HKD_LY":null,"ORG_TYPE":"一般企业","PREMIUM_INCOME":null,"PREMIUM_INCOME_YOY":null,"NET_INTEREST_INCOME":null,"NET_INTEREST_INCOME_YOY":null,"FEE_COMMISSION_INCOME":null,"FEE_COMMISSION_INCOME_YOY":null,"ACCOUNTS_RECE_TDAYS":1.524347989433,"INVENTORY_TDAYS":0.023498809926,"CURRENT_ASSETS_TDAYS":0.068893457646,"TOTAL_ASSETS_TDAYS":0.030896409111,"PREMIUM_EXPENSE":null,"LOAN_DEPOSIT":null,"LOAN_EQUITY":null,"LOAN_ASSETS":null,"DEPOSIT_EQUITY":null,"DEPOSIT_ASSETS":null,"EQUITY_MULTIPLIER":1.807277156994,"EQUITY_RATIO":1.516106856001}],"count":48},"success":true,"message":"ok","code":0}