{"version":"6dece23016a081a1ae9eb18e95a2995a","result":{"pages":6,"data":[{"SECUCODE":"00210.HK","SECURITY_CODE":"00210","SECURITY_NAME_ABBR":"达芙妮国际","ORG_CODE":"10007475","STD_REPORT_DATE":"2024-06-30 00:00:00","REPORT_DATE":"2024-06-30 00:00:00","DATE_TYPE_CODE":"002","REPORT_TYPE":"2024年中报","PER_NETCASH_OPERATE":0.023207336732,"PER_OI":0.085310893573,"BPS":0.357346892445,"BASIC_EPS":0.028,"DILUTED_EPS":0.028,"OPERATE_INCOME":168796000,"OPERATE_INCOME_YOY":54.4421468699,"GROSS_PROFIT":85769000,"GROSS_PROFIT_YOY":51.588900671615,"HOLDER_PROFIT":56055000,"HOLDER_PROFIT_YOY":82.6907408011,"GROSS_PROFIT_RATIO":50.812223038461,"EPS_TTM":0.044378383563,"OPERATE_INCOME_QOQ":22.655000685338,"NET_PROFIT_RATIO":33.0932012607,"ROE_AVG":8.152683746264,"GROSS_PROFIT_QOQ":22.216386954371,"ROA":6.803852299782,"HOLDER_PROFIT_QOQ":40.63746296148,"ROE_YEARLY":16.305367492528,"ROIC_YEARLY":25.980767604108,"TOTAL_ASSETS":831268000,"TOTAL_LIABILITIES":120196000,"TAX_EBT":1.293469041561,"OCF_SALES":27.203251261878,"TOTAL_PARENT_EQUITY":707046000,"DEBT_ASSET_RATIO":14.4593560681,"OPERATE_PROFIT":56732000,"PRETAX_PROFIT":56592000,"NETCASH_OPERATE":45918000,"NETCASH_INVEST":15427000,"NETCASH_FINANCE":-18055000,"END_CASH":410200000,"DIVI_RATIO":0.204203021209,"DIVIDEND_RATE":3.77358490566,"CURRENT_RATIO":3.847983163802,"COMMON_ACS":10000000000,"CURRENTDEBT_DEBT":94.878365336617,"ISSUED_COMMON_SHARES":1978598429,"HK_COMMON_SHARES":1978598429,"PER_SHARES":2000,"TOTAL_MARKET_CAP":524328583.685,"HKSK_MARKET_CAP":524328583.685,"PE_TTM":5.403520109877,"PB_TTM":0.676821892434,"REPORT_DATE_SQ":"2023-06-30 00:00:00","REPORT_TYPE_SQ":"2023年中报","OPERATE_INCOME_SQ":109294000,"DPS_HKD":0.01,"OPERATE_INCOME_QOQ_SQ":38.352107628155,"NET_PROFIT_RATIO_SQ":28.3680967632,"HOLDER_PROFIT_SQ":30683000,"HOLDER_PROFIT_QOQ_SQ":40.28626003849,"ROE_AVG_SQ":6.109631616048,"PE_TTM_SQ":6.691190096193,"PB_TTM_SQ":0.652197237705,"ROA_SQ":3.99882370512,"START_DATE":"2024-01-01 00:00:00","FISCAL_YEAR":"12-31","CURRENCY":"HKD","IS_CNY_CODE":0,"DPS_HKD_LY":0.01,"ORG_TYPE":"一般企业","PREMIUM_INCOME":null,"PREMIUM_INCOME_YOY":null,"NET_INTEREST_INCOME":null,"NET_INTEREST_INCOME_YOY":null,"FEE_COMMISSION_INCOME":null,"FEE_COMMISSION_INCOME_YOY":null,"ACCOUNTS_RECE_TDAYS":58.245686680469,"INVENTORY_TDAYS":23.136965305838,"CURRENT_ASSETS_TDAYS":0.395930823054,"TOTAL_ASSETS_TDAYS":0.204881465131,"PREMIUM_EXPENSE":null,"LOAN_DEPOSIT":null,"LOAN_EQUITY":null,"LOAN_ASSETS":null,"DEPOSIT_EQUITY":null,"DEPOSIT_ASSETS":null,"EQUITY_MULTIPLIER":1.169034921921,"EQUITY_RATIO":0.16999742591},{"SECUCODE":"00210.HK","SECURITY_CODE":"00210","SECURITY_NAME_ABBR":"达芙妮国际","ORG_CODE":"10007475","STD_REPORT_DATE":"2023-12-31 00:00:00","REPORT_DATE":"2023-12-31 00:00:00","DATE_TYPE_CODE":"001","REPORT_TYPE":"2023年年报","PER_NETCASH_OPERATE":0.058572774698,"PER_OI":0.132742448468,"BPS":0.337655175607,"BASIC_EPS":0.034,"DILUTED_EPS":0.034,"OPERATE_INCOME":262644000,"OPERATE_INCOME_YOY":52.6174800834,"GROSS_PROFIT":131385000,"GROSS_PROFIT_YOY":33.518627670169,"HOLDER_PROFIT":62435000,"HOLDER_PROFIT_YOY":68.1252692805,"GROSS_PROFIT_RATIO":50.023986841504,"EPS_TTM":0.031555165053,"OPERATE_INCOME_QOQ":6.384261261938,"NET_PROFIT_RATIO":23.938106334,"ROE_AVG":10.422822534064,"GROSS_PROFIT_QOQ":0.597290464809,"ROA":7.402778872883,"HOLDER_PROFIT_QOQ":15.57993092168,"ROE_YEARLY":10.422822534064,"ROIC_YEARLY":13.892782917896,"TOTAL_ASSETS":816475000,"TOTAL_LIABILITIES":144170000,"TAX_EBT":0.895334174023,"OCF_SALES":44.125127549078,"TOTAL_PARENT_EQUITY":668084000,"DEBT_ASSET_RATIO":17.6576135215,"OPERATE_PROFIT":67637000,"PRETAX_PROFIT":63440000,"NETCASH_OPERATE":115892000,"NETCASH_INVEST":17818000,"NETCASH_FINANCE":-47745000,"END_CASH":366273000,"DIVI_RATIO":0.287185948319,"DIVIDEND_RATE":4.081632653061,"CURRENT_RATIO":3.029457841027,"COMMON_ACS":10000000000,"CURRENTDEBT_DEBT":94.750641603662,"ISSUED_COMMON_SHARES":1978598429,"HK_COMMON_SHARES":1978598429,"PER_SHARES":2000,"TOTAL_MARKET_CAP":484756615.105,"HKSK_MARKET_CAP":484756615.105,"PE_TTM":4.995707271395,"PB_TTM":0.625740994891,"REPORT_DATE_SQ":"2022-12-31 00:00:00","REPORT_TYPE_SQ":"2022年年报","OPERATE_INCOME_SQ":172093000,"DPS_HKD":0.01,"OPERATE_INCOME_QOQ_SQ":99.336248035673,"NET_PROFIT_RATIO_SQ":21.8335452479,"HOLDER_PROFIT_SQ":37136000,"HOLDER_PROFIT_QOQ_SQ":73.524318043566,"ROE_AVG_SQ":7.330418080576,"PE_TTM_SQ":6.893953432441,"PB_TTM_SQ":0.671960790363,"ROA_SQ":5.050481973234,"START_DATE":"2023-01-01 00:00:00","FISCAL_YEAR":"12-31","CURRENCY":"HKD","IS_CNY_CODE":0,"DPS_HKD_LY":null,"ORG_TYPE":"一般企业","PREMIUM_INCOME":null,"PREMIUM_INCOME_YOY":null,"NET_INTEREST_INCOME":null,"NET_INTEREST_INCOME_YOY":null,"FEE_COMMISSION_INCOME":null,"FEE_COMMISSION_INCOME_YOY":null,"ACCOUNTS_RECE_TDAYS":35.836266884977,"INVENTORY_TDAYS":25.950771055753,"CURRENT_ASSETS_TDAYS":0.660043048908,"TOTAL_ASSETS_TDAYS":0.311411140272,"PREMIUM_EXPENSE":null,"LOAN_DEPOSIT":null,"LOAN_EQUITY":null,"LOAN_ASSETS":null,"DEPOSIT_EQUITY":null,"DEPOSIT_ASSETS":null,"EQUITY_MULTIPLIER":1.214441362179,"EQUITY_RATIO":0.215796217242},{"SECUCODE":"00210.HK","SECURITY_CODE":"00210","SECURITY_NAME_ABBR":"达芙妮国际","ORG_CODE":"10007475","STD_REPORT_DATE":"2023-06-30 00:00:00","REPORT_DATE":"2023-06-30 00:00:00","DATE_TYPE_CODE":"002","REPORT_TYPE":"2023年中报","PER_NETCASH_OPERATE":0.020632597476,"PER_OI":0.060248395047,"BPS":0.27990311741,"BASIC_EPS":0.017,"DILUTED_EPS":0.017,"OPERATE_INCOME":109294000,"OPERATE_INCOME_YOY":133.8643449167,"GROSS_PROFIT":56580000,"GROSS_PROFIT_YOY":71.730094509336,"HOLDER_PROFIT":30683000,"HOLDER_PROFIT_YOY":80.8608681992,"GROSS_PROFIT_RATIO":54.237453463608,"EPS_TTM":0.029777953469,"OPERATE_INCOME_QOQ":38.352107628155,"NET_PROFIT_RATIO":28.3680967632,"ROE_AVG":6.109631616048,"GROSS_PROFIT_QOQ":28.001655500988,"ROA":3.99882370512,"HOLDER_PROFIT_QOQ":40.28626003849,"ROE_YEARLY":12.219263232096,"ROIC_YEARLY":16.236264704845,"TOTAL_ASSETS":790260405.32,"TOTAL_LIABILITIES":141621659.88,"TAX_EBT":1.195104850532,"OCF_SALES":32.998975792948,"TOTAL_PARENT_EQUITY":553815868.38,"DEBT_ASSET_RATIO":17.9208851825,"OPERATE_PROFIT":33932000,"PRETAX_PROFIT":31378000,"NETCASH_OPERATE":35523000,"NETCASH_INVEST":14772000,"NETCASH_FINANCE":-2047000,"END_CASH":329487000,"DIVI_RATIO":0.304325816394,"DIVIDEND_RATE":4.081632653061,"CURRENT_RATIO":2.755264678883,"COMMON_ACS":10000000000,"CURRENTDEBT_DEBT":95.741702798068,"ISSUED_COMMON_SHARES":1978598429,"HK_COMMON_SHARES":1978598429,"PER_SHARES":2000,"TOTAL_MARKET_CAP":484756615.105,"HKSK_MARKET_CAP":484756615.105,"PE_TTM":4.995707271395,"PB_TTM":0.625740994891,"REPORT_DATE_SQ":"2022-06-30 00:00:00","REPORT_TYPE_SQ":"2022年中报","OPERATE_INCOME_SQ":44986414.76,"DPS_HKD":0.01,"OPERATE_INCOME_QOQ_SQ":3.569607302012,"NET_PROFIT_RATIO_SQ":37.0694243784,"HOLDER_PROFIT_SQ":16331563.43,"HOLDER_PROFIT_QOQ_SQ":-48.521106327302,"ROE_AVG_SQ":3.2503733836,"PE_TTM_SQ":6.893953432441,"PB_TTM_SQ":0.671960790363,"ROA_SQ":2.284040540314,"START_DATE":"2023-01-01 00:00:00","FISCAL_YEAR":"12-31","CURRENCY":"HKD","IS_CNY_CODE":0,"DPS_HKD_LY":null,"ORG_TYPE":"一般企业","PREMIUM_INCOME":null,"PREMIUM_INCOME_YOY":null,"NET_INTEREST_INCOME":null,"NET_INTEREST_INCOME_YOY":null,"FEE_COMMISSION_INCOME":null,"FEE_COMMISSION_INCOME_YOY":null,"ACCOUNTS_RECE_TDAYS":12.532996961183,"INVENTORY_TDAYS":37.936657681941,"CURRENT_ASSETS_TDAYS":0.31255112981,"TOTAL_ASSETS_TDAYS":0.14243124869,"PREMIUM_EXPENSE":null,"LOAN_DEPOSIT":null,"LOAN_EQUITY":null,"LOAN_ASSETS":null,"DEPOSIT_EQUITY":null,"DEPOSIT_ASSETS":null,"EQUITY_MULTIPLIER":1.21833672576,"EQUITY_RATIO":0.255719758075},{"SECUCODE":"00210.HK","SECURITY_CODE":"00210","SECURITY_NAME_ABBR":"达芙妮国际","ORG_CODE":"10007475","STD_REPORT_DATE":"2022-12-31 00:00:00","REPORT_DATE":"2022-12-31 00:00:00","DATE_TYPE_CODE":"001","REPORT_TYPE":"2022年年报","PER_NETCASH_OPERATE":0.067844545665,"PER_OI":0.094866388355,"BPS":0.264586639612,"BASIC_EPS":0.021,"DILUTED_EPS":0.021,"OPERATE_INCOME":172093000,"OPERATE_INCOME_YOY":88.9629860855,"GROSS_PROFIT":98402000,"GROSS_PROFIT_YOY":117.199698031455,"HOLDER_PROFIT":37136000,"HOLDER_PROFIT_YOY":-18.2387193445,"GROSS_PROFIT_RATIO":57.179399897881,"EPS_TTM":0.021226564498,"OPERATE_INCOME_QOQ":99.336248035673,"NET_PROFIT_RATIO":21.8335452479,"ROE_AVG":7.330418080576,"GROSS_PROFIT_QOQ":45.072401109089,"ROA":5.050481973234,"HOLDER_PROFIT_QOQ":73.524318043566,"ROE_YEARLY":7.330418080576,"ROIC_YEARLY":9.071491102544,"TOTAL_ASSETS":778118000,"TOTAL_LIABILITIES":160525000,"TAX_EBT":0.870597546498,"OCF_SALES":68.9701951283,"TOTAL_PARENT_EQUITY":529960000,"DEBT_ASSET_RATIO":20.6297884466,"OPERATE_PROFIT":42422000,"PRETAX_PROFIT":37905000,"NETCASH_OPERATE":120307000,"NETCASH_INVEST":-26351000,"NETCASH_FINANCE":-3105000,"END_CASH":279639000,"DIVI_RATIO":0.426927306151,"DIVIDEND_RATE":4.081632653061,"CURRENT_RATIO":2.235107920404,"COMMON_ACS":10000000000,"CURRENTDEBT_DEBT":95.192026164149,"ISSUED_COMMON_SHARES":1978598429,"HK_COMMON_SHARES":1978598429,"PER_SHARES":2000,"TOTAL_MARKET_CAP":484756615.105,"HKSK_MARKET_CAP":484756615.105,"PE_TTM":4.995707271395,"PB_TTM":0.625740994891,"REPORT_DATE_SQ":"2021-12-31 00:00:00","REPORT_TYPE_SQ":"2021年年报","OPERATE_INCOME_SQ":86434219.2,"DPS_HKD":0.01,"OPERATE_INCOME_QOQ_SQ":-42.835188967811,"NET_PROFIT_RATIO_SQ":50.6786987902,"HOLDER_PROFIT_SQ":43106324.8,"HOLDER_PROFIT_QOQ_SQ":215.29172281838,"ROE_AVG_SQ":9.429285278669,"PE_TTM_SQ":6.893953432441,"PB_TTM_SQ":0.671960790363,"ROA_SQ":6.219538881408,"START_DATE":"2022-01-01 00:00:00","FISCAL_YEAR":"12-31","CURRENCY":"HKD","IS_CNY_CODE":0,"DPS_HKD_LY":null,"ORG_TYPE":"一般企业","PREMIUM_INCOME":null,"PREMIUM_INCOME_YOY":null,"NET_INTEREST_INCOME":null,"NET_INTEREST_INCOME_YOY":null,"FEE_COMMISSION_INCOME":null,"FEE_COMMISSION_INCOME_YOY":null,"ACCOUNTS_RECE_TDAYS":18.076995798319,"INVENTORY_TDAYS":null,"CURRENT_ASSETS_TDAYS":0.62031520978,"TOTAL_ASSETS_TDAYS":0.234048897364,"PREMIUM_EXPENSE":null,"LOAN_DEPOSIT":null,"LOAN_EQUITY":null,"LOAN_ASSETS":null,"DEPOSIT_EQUITY":null,"DEPOSIT_ASSETS":null,"EQUITY_MULTIPLIER":1.259918526647,"EQUITY_RATIO":0.302900218884},{"SECUCODE":"00210.HK","SECURITY_CODE":"00210","SECURITY_NAME_ABBR":"达芙妮国际","ORG_CODE":"10007475","STD_REPORT_DATE":"2022-06-30 00:00:00","REPORT_DATE":"2022-06-30 00:00:00","DATE_TYPE_CODE":"002","REPORT_TYPE":"2022年中报","PER_NETCASH_OPERATE":0.02007040939,"PER_OI":0.024798793056,"BPS":0.252854374156,"BASIC_EPS":0.00940709,"DILUTED_EPS":0.00940709,"OPERATE_INCOME":44986414.76,"OPERATE_INCOME_YOY":4.4621403181,"GROSS_PROFIT":32947049.94,"GROSS_PROFIT_YOY":316.055609231324,"HOLDER_PROFIT":16331563.43,"HOLDER_PROFIT_YOY":-57.3384862836,"GROSS_PROFIT_RATIO":73.237776594936,"EPS_TTM":0.012232616579,"OPERATE_INCOME_QOQ":3.569607302012,"NET_PROFIT_RATIO":37.0694243784,"ROE_AVG":3.2503733836,"GROSS_PROFIT_QOQ":55.243851192695,"ROA":2.284040540314,"HOLDER_PROFIT_QOQ":-48.521106327302,"ROE_YEARLY":6.5007467672,"ROIC_YEARLY":7.657745261778,"TOTAL_ASSETS":714503548.29,"TOTAL_LIABILITIES":120866568.27,"TAX_EBT":1.010203563633,"OCF_SALES":80.933008896662,"TOTAL_PARENT_EQUITY":500297267.47,"DEBT_ASSET_RATIO":16.9161606768,"OPERATE_PROFIT":19059619.53,"PRETAX_PROFIT":16846387.81,"NETCASH_OPERATE":36408859.06,"NETCASH_INVEST":-28149434.04,"NETCASH_FINANCE":-1269101.96,"END_CASH":193591925.87,"DIVI_RATIO":0.740822696541,"DIVIDEND_RATE":4.081632653061,"CURRENT_RATIO":2.883754812192,"COMMON_ACS":10000000000,"CURRENTDEBT_DEBT":73.332484274727,"ISSUED_COMMON_SHARES":1978598429,"HK_COMMON_SHARES":1978598429,"PER_SHARES":2000,"TOTAL_MARKET_CAP":484756615.105,"HKSK_MARKET_CAP":484756615.105,"PE_TTM":4.995707271395,"PB_TTM":0.625740994891,"REPORT_DATE_SQ":"2021-06-30 00:00:00","REPORT_TYPE_SQ":"2021年中报","OPERATE_INCOME_SQ":41901052.56,"DPS_HKD":0.01,"OPERATE_INCOME_QOQ_SQ":-50.634509554675,"NET_PROFIT_RATIO_SQ":92.2592688206,"HOLDER_PROFIT_SQ":37247229.12,"HOLDER_PROFIT_QOQ_SQ":81.642038073561,"ROE_AVG_SQ":8.077971809026,"PE_TTM_SQ":6.893953432441,"PB_TTM_SQ":0.671960790363,"ROA_SQ":5.282822918511,"START_DATE":"2022-01-01 00:00:00","FISCAL_YEAR":"12-31","CURRENCY":"HKD","IS_CNY_CODE":0,"DPS_HKD_LY":null,"ORG_TYPE":"一般企业","PREMIUM_INCOME":null,"PREMIUM_INCOME_YOY":null,"NET_INTEREST_INCOME":null,"NET_INTEREST_INCOME_YOY":null,"FEE_COMMISSION_INCOME":null,"FEE_COMMISSION_INCOME_YOY":null,"ACCOUNTS_RECE_TDAYS":5.901278887144,"INVENTORY_TDAYS":null,"CURRENT_ASSETS_TDAYS":0.187552923517,"TOTAL_ASSETS_TDAYS":0.062915467656,"PREMIUM_EXPENSE":null,"LOAN_DEPOSIT":null,"LOAN_EQUITY":null,"LOAN_ASSETS":null,"DEPOSIT_EQUITY":null,"DEPOSIT_ASSETS":null,"EQUITY_MULTIPLIER":1.203603502373,"EQUITY_RATIO":0.241589503139},{"SECUCODE":"00210.HK","SECURITY_CODE":"00210","SECURITY_NAME_ABBR":"达芙妮国际","ORG_CODE":"10007475","STD_REPORT_DATE":"2021-12-31 00:00:00","REPORT_DATE":"2021-12-31 00:00:00","DATE_TYPE_CODE":"001","REPORT_TYPE":"2021年年报","PER_NETCASH_OPERATE":-0.012972121661,"PER_OI":0.047646924661,"BPS":0.243822348249,"BASIC_EPS":0.0237104,"DILUTED_EPS":0.0237104,"OPERATE_INCOME":86434219.2,"OPERATE_INCOME_YOY":-70.9505634465,"GROSS_PROFIT":45304851.2,"GROSS_PROFIT_YOY":-59.597355394025,"HOLDER_PROFIT":43106324.8,"HOLDER_PROFIT_YOY":121.7875340411,"GROSS_PROFIT_RATIO":52.415410955665,"EPS_TTM":0.023762392131,"OPERATE_INCOME_QOQ":-42.835188967811,"NET_PROFIT_RATIO":50.6786987902,"ROE_AVG":9.429285278669,"GROSS_PROFIT_QOQ":-19.839913051762,"ROA":6.219538881408,"HOLDER_PROFIT_QOQ":215.29172281838,"ROE_YEARLY":9.429285278669,"ROIC_YEARLY":9.394966174166,"TOTAL_ASSETS":684103089.6,"TOTAL_LIABILITIES":110367824,"TAX_EBT":32.883181960539,"OCF_SALES":-27.225517182667,"TOTAL_PARENT_EQUITY":482426515.2,"DEBT_ASSET_RATIO":16.1332152534,"OPERATE_PROFIT":69161601.6,"PRETAX_PROFIT":65264920,"NETCASH_OPERATE":-23532163.2,"NETCASH_INVEST":108940294.4,"NETCASH_FINANCE":-2910656,"END_CASH":185995006.4,"DIVI_RATIO":0.381367328255,"DIVIDEND_RATE":4.081632653061,"CURRENT_RATIO":2.71397947454,"COMMON_ACS":10000000000,"CURRENTDEBT_DEBT":71.533446921994,"ISSUED_COMMON_SHARES":1978598429,"HK_COMMON_SHARES":1978598429,"PER_SHARES":2000,"TOTAL_MARKET_CAP":484756615.105,"HKSK_MARKET_CAP":484756615.105,"PE_TTM":4.995707271395,"PB_TTM":0.625740994891,"REPORT_DATE_SQ":"2020-12-31 00:00:00","REPORT_TYPE_SQ":"2020年年报","OPERATE_INCOME_SQ":306290470.44,"DPS_HKD":0.01,"OPERATE_INCOME_QOQ_SQ":-64.571669219255,"NET_PROFIT_RATIO_SQ":-66.4223828798,"HOLDER_PROFIT_SQ":-203665938.68,"HOLDER_PROFIT_QOQ_SQ":72.65049247158,"ROE_AVG_SQ":-39.639425656113,"PE_TTM_SQ":6.893953432441,"PB_TTM_SQ":0.671960790363,"ROA_SQ":-23.156185378093,"START_DATE":"2021-01-01 00:00:00","FISCAL_YEAR":"12-31","CURRENCY":"HKD","IS_CNY_CODE":0,"DPS_HKD_LY":null,"ORG_TYPE":"一般企业","PREMIUM_INCOME":null,"PREMIUM_INCOME_YOY":null,"NET_INTEREST_INCOME":null,"NET_INTEREST_INCOME_YOY":null,"FEE_COMMISSION_INCOME":null,"FEE_COMMISSION_INCOME_YOY":null,"ACCOUNTS_RECE_TDAYS":6.627194082247,"INVENTORY_TDAYS":null,"CURRENT_ASSETS_TDAYS":0.381917989346,"TOTAL_ASSETS_TDAYS":0.124710466386,"PREMIUM_EXPENSE":null,"LOAN_DEPOSIT":null,"LOAN_EQUITY":null,"LOAN_ASSETS":null,"DEPOSIT_EQUITY":null,"DEPOSIT_ASSETS":null,"EQUITY_MULTIPLIER":1.192367160636,"EQUITY_RATIO":0.228776446822},{"SECUCODE":"00210.HK","SECURITY_CODE":"00210","SECURITY_NAME_ABBR":"达芙妮国际","ORG_CODE":"10007475","STD_REPORT_DATE":"2021-06-30 00:00:00","REPORT_DATE":"2021-06-30 00:00:00","DATE_TYPE_CODE":"002","REPORT_TYPE":"2021年中报","PER_NETCASH_OPERATE":-0.033621587805,"PER_OI":0.023097984954,"BPS":0.243941860241,"BASIC_EPS":0.020802,"DILUTED_EPS":0.01996992,"OPERATE_INCOME":41901052.56,"OPERATE_INCOME_YOY":-76.6494943359,"GROSS_PROFIT":7918905.36,"GROSS_PROFIT_YOY":-87.53601917875,"HOLDER_PROFIT":37247229.12,"HOLDER_PROFIT_YOY":131.6897569678,"GROSS_PROFIT_RATIO":18.899060706555,"EPS_TTM":-0.020610666187,"OPERATE_INCOME_QOQ":-50.634509554675,"NET_PROFIT_RATIO":92.2592688206,"ROE_AVG":8.077971809026,"GROSS_PROFIT_QOQ":-49.59755391475,"ROA":5.282822918511,"HOLDER_PROFIT_QOQ":81.642038073561,"ROE_YEARLY":16.155943618052,"ROIC_YEARLY":14.60451276965,"TOTAL_ASSETS":695637185.76,"TOTAL_LIABILITIES":119650607.76,"TAX_EBT":35.884130773796,"OCF_SALES":-145.56069662609,"TOTAL_PARENT_EQUITY":482662981.44,"DEBT_ASSET_RATIO":17.2001454507,"OPERATE_PROFIT":62189659.2,"PRETAX_PROFIT":60293348.88,"NETCASH_OPERATE":-60991464,"NETCASH_INVEST":59799093.36,"NETCASH_FINANCE":-1543508.4,"END_CASH":102052115.76,"DIVI_RATIO":-0.439684963012,"DIVIDEND_RATE":4.081632653061,"CURRENT_RATIO":2.250272597383,"COMMON_ACS":10000000000,"CURRENTDEBT_DEBT":73.98207194865,"ISSUED_COMMON_SHARES":1978598429,"HK_COMMON_SHARES":1978598429,"PER_SHARES":2000,"TOTAL_MARKET_CAP":484756615.105,"HKSK_MARKET_CAP":484756615.105,"PE_TTM":4.995707271395,"PB_TTM":0.625740994891,"REPORT_DATE_SQ":"2020-06-30 00:00:00","REPORT_TYPE_SQ":"2020年中报","OPERATE_INCOME_SQ":196989730.08,"DPS_HKD":0.01,"OPERATE_INCOME_QOQ_SQ":-54.611667277787,"NET_PROFIT_RATIO_SQ":-65.70988149,"HOLDER_PROFIT_SQ":-129029794.08,"HOLDER_PROFIT_QOQ_SQ":22.315887393546,"ROE_AVG_SQ":-22.907122505275,"PE_TTM_SQ":6.893953432441,"PB_TTM_SQ":0.671960790363,"ROA_SQ":-13.044277239718,"START_DATE":"2021-01-01 00:00:00","FISCAL_YEAR":"12-31","CURRENCY":"HKD","IS_CNY_CODE":0,"DPS_HKD_LY":null,"ORG_TYPE":"一般企业","PREMIUM_INCOME":null,"PREMIUM_INCOME_YOY":null,"NET_INTEREST_INCOME":null,"NET_INTEREST_INCOME_YOY":null,"FEE_COMMISSION_INCOME":null,"FEE_COMMISSION_INCOME_YOY":null,"ACCOUNTS_RECE_TDAYS":2.22971507007,"INVENTORY_TDAYS":null,"CURRENT_ASSETS_TDAYS":0.189692127458,"TOTAL_ASSETS_TDAYS":0.059428807459,"PREMIUM_EXPENSE":null,"LOAN_DEPOSIT":null,"LOAN_EQUITY":null,"LOAN_ASSETS":null,"DEPOSIT_EQUITY":null,"DEPOSIT_ASSETS":null,"EQUITY_MULTIPLIER":1.207731590162,"EQUITY_RATIO":0.247896798306},{"SECUCODE":"00210.HK","SECURITY_CODE":"00210","SECURITY_NAME_ABBR":"达芙妮国际","ORG_CODE":"10007475","STD_REPORT_DATE":"2020-12-31 00:00:00","REPORT_DATE":"2020-12-31 00:00:00","DATE_TYPE_CODE":"001","REPORT_TYPE":"2020年年报","PER_NETCASH_OPERATE":-0.056904037475,"PER_OI":0.168842839151,"BPS":0.224694152529,"BASIC_EPS":-0.12119616,"DILUTED_EPS":-0.12119616,"OPERATE_INCOME":306290470.44,"OPERATE_INCOME_YOY":-82.8852754141,"GROSS_PROFIT":112133380.48,"GROSS_PROFIT_YOY":-83.974714044776,"HOLDER_PROFIT":-203665938.68,"HOLDER_PROFIT_YOY":77.3870764872,"GROSS_PROFIT_RATIO":36.610143410246,"EPS_TTM":-0.112270993204,"OPERATE_INCOME_QOQ":-64.571669219255,"NET_PROFIT_RATIO":-66.4223828798,"ROE_AVG":-39.639425656113,"GROSS_PROFIT_QOQ":-40.081887603186,"ROA":-23.156185378093,"HOLDER_PROFIT_QOQ":72.65049247158,"ROE_YEARLY":-39.639425656113,"ROIC_YEARLY":-30.817006552786,"TOTAL_ASSETS":722697751.92,"TOTAL_LIABILITIES":186129527.64,"TAX_EBT":-0.815785193249,"OCF_SALES":-33.702369470297,"TOTAL_PARENT_EQUITY":444579497.2,"DEBT_ASSET_RATIO":25.7548231118,"OPERATE_PROFIT":-199587351.24,"PRETAX_PROFIT":-201799181.16,"NETCASH_OPERATE":-103227146,"NETCASH_INVEST":11767810.48,"NETCASH_FINANCE":37469812.8,"END_CASH":104840569.88,"DIVI_RATIO":-0.080717198106,"DIVIDEND_RATE":4.081632653061,"CURRENT_RATIO":1.518126431993,"COMMON_ACS":10000000000,"CURRENTDEBT_DEBT":86.836595810103,"ISSUED_COMMON_SHARES":1978598429,"HK_COMMON_SHARES":1978598429,"PER_SHARES":2000,"TOTAL_MARKET_CAP":484756615.105,"HKSK_MARKET_CAP":484756615.105,"PE_TTM":4.995707271395,"PB_TTM":0.625740994891,"REPORT_DATE_SQ":"2019-12-31 00:00:00","REPORT_TYPE_SQ":"2019年年报","OPERATE_INCOME_SQ":1904752552.36,"DPS_HKD":0.01,"OPERATE_INCOME_QOQ_SQ":-35.335034056344,"NET_PROFIT_RATIO_SQ":-51.5634684969,"HOLDER_PROFIT_SQ":-958598364.06,"HOLDER_PROFIT_QOQ_SQ":-19.989587007487,"ROE_AVG_SQ":-86.561085460434,"PE_TTM_SQ":6.893953432441,"PB_TTM_SQ":0.671960790363,"ROA_SQ":-50.949524535474,"START_DATE":"2020-01-01 00:00:00","FISCAL_YEAR":"12-31","CURRENCY":"HKD","IS_CNY_CODE":0,"DPS_HKD_LY":null,"ORG_TYPE":"一般企业","PREMIUM_INCOME":null,"PREMIUM_INCOME_YOY":null,"NET_INTEREST_INCOME":null,"NET_INTEREST_INCOME_YOY":null,"FEE_COMMISSION_INCOME":null,"FEE_COMMISSION_INCOME_YOY":null,"ACCOUNTS_RECE_TDAYS":8.166438525234,"INVENTORY_TDAYS":2.266300557024,"CURRENT_ASSETS_TDAYS":0.795551377761,"TOTAL_ASSETS_TDAYS":0.348242762586,"PREMIUM_EXPENSE":null,"LOAN_DEPOSIT":null,"LOAN_EQUITY":null,"LOAN_ASSETS":null,"DEPOSIT_EQUITY":null,"DEPOSIT_ASSETS":null,"EQUITY_MULTIPLIER":1.346888837649,"EQUITY_RATIO":0.418664218238},{"SECUCODE":"00210.HK","SECURITY_CODE":"00210","SECURITY_NAME_ABBR":"达芙妮国际","ORG_CODE":"10007475","STD_REPORT_DATE":"2020-06-30 00:00:00","REPORT_DATE":"2020-06-30 00:00:00","DATE_TYPE_CODE":"002","REPORT_TYPE":"2020年中报","PER_NETCASH_OPERATE":-0.050885126824,"PER_OI":0.119449801297,"BPS":0.249569309165,"BASIC_EPS":-0.07855584,"DILUTED_EPS":-0.07855584,"OPERATE_INCOME":196989730.08,"OPERATE_INCOME_YOY":-84.8778373569,"GROSS_PROFIT":63534319.2,"GROSS_PROFIT_YOY":-88.910044697276,"HOLDER_PROFIT":-129029794.08,"HOLDER_PROFIT_YOY":63.7678074005,"GROSS_PROFIT_RATIO":31.127494885308,"EPS_TTM":-0.451555086938,"OPERATE_INCOME_QOQ":-54.611667277787,"NET_PROFIT_RATIO":-65.70988149,"ROE_AVG":-22.907122505275,"GROSS_PROFIT_QOQ":-73.254688250032,"ROA":-13.044277239718,"HOLDER_PROFIT_QOQ":22.315887393546,"ROE_YEARLY":-45.814245010549,"ROIC_YEARLY":-33.580170020159,"TOTAL_ASSETS":853558527.36,"TOTAL_LIABILITIES":264487465.44,"TAX_EBT":-0.645492025213,"OCF_SALES":-43.307060631488,"TOTAL_PARENT_EQUITY":493797443.04,"DEBT_ASSET_RATIO":30.986447556,"OPERATE_PROFIT":-125428100.16,"PRETAX_PROFIT":-126510526.56,"NETCASH_OPERATE":-83916819.36,"NETCASH_INVEST":12502253.28,"NETCASH_FINANCE":-7907650.08,"END_CASH":85395678.72,"DIVI_RATIO":-0.020068869252,"DIVIDEND_RATE":4.048582995951,"CURRENT_RATIO":1.352115392859,"COMMON_ACS":10000000000,"CURRENTDEBT_DEBT":96.68348581079,"ISSUED_COMMON_SHARES":1978598429,"HK_COMMON_SHARES":1978598429,"PER_SHARES":2000,"TOTAL_MARKET_CAP":488713811.963,"HKSK_MARKET_CAP":488713811.963,"PE_TTM":5.036488555244,"PB_TTM":0.630849084646,"REPORT_DATE_SQ":"2019-06-30 00:00:00","REPORT_TYPE_SQ":"2019年中报","OPERATE_INCOME_SQ":1233988807.32,"DPS_HKD":0.01,"OPERATE_INCOME_QOQ_SQ":-18.544082812966,"NET_PROFIT_RATIO_SQ":-28.115657092,"HOLDER_PROFIT_SQ":-342949525.56,"HOLDER_PROFIT_QOQ_SQ":8.308290307452,"ROE_AVG_SQ":-24.364850934291,"PE_TTM_SQ":6.285663423696,"PB_TTM_SQ":0.61267013239,"ROA_SQ":-14.301464404718,"START_DATE":"2020-01-01 00:00:00","FISCAL_YEAR":"12-31","CURRENCY":"HKD","IS_CNY_CODE":0,"DPS_HKD_LY":null,"ORG_TYPE":"一般企业","PREMIUM_INCOME":null,"PREMIUM_INCOME_YOY":null,"NET_INTEREST_INCOME":null,"NET_INTEREST_INCOME_YOY":null,"FEE_COMMISSION_INCOME":null,"FEE_COMMISSION_INCOME_YOY":null,"ACCOUNTS_RECE_TDAYS":3.521419299005,"INVENTORY_TDAYS":1.189402172807,"CURRENT_ASSETS_TDAYS":0.423475677008,"TOTAL_ASSETS_TDAYS":0.195893634154,"PREMIUM_EXPENSE":null,"LOAN_DEPOSIT":null,"LOAN_EQUITY":null,"LOAN_ASSETS":null,"DEPOSIT_EQUITY":null,"DEPOSIT_ASSETS":null,"EQUITY_MULTIPLIER":1.448990762809,"EQUITY_RATIO":0.535619349934}],"count":50},"success":true,"message":"ok","code":0}