{"version":"41379f4d9377789ddfd9ee557737a4d6","result":{"pages":6,"data":[{"SECUCODE":"00213.HK","SECURITY_CODE":"00213","SECURITY_NAME_ABBR":"NATIONAL ELEC H","ORG_CODE":"10007478","STD_REPORT_DATE":"2024-06-30 00:00:00","REPORT_DATE":"2024-09-30 00:00:00","DATE_TYPE_CODE":"002","REPORT_TYPE":"2024年中报","PER_NETCASH_OPERATE":-0.177521872051,"PER_OI":0.24757447633,"BPS":2.523350992705,"BASIC_EPS":0.021011707,"DILUTED_EPS":0.021011707,"OPERATE_INCOME":226728943.59,"OPERATE_INCOME_YOY":-6.6671368805,"GROSS_PROFIT":52521151.39,"GROSS_PROFIT_YOY":-0.314107479969,"HOLDER_PROFIT":19239689.65,"HOLDER_PROFIT_YOY":5.3996640648,"GROSS_PROFIT_RATIO":23.164731665215,"EPS_TTM":0.040717661535,"OPERATE_INCOME_QOQ":0,"NET_PROFIT_RATIO":8.4857669009,"ROE_AVG":0.834883943892,"GROSS_PROFIT_QOQ":0,"ROA":0.241008111425,"HOLDER_PROFIT_QOQ":0,"ROE_YEARLY":1.669767887785,"ROIC_YEARLY":0.510296378012,"TOTAL_ASSETS":8228113219.79,"TOTAL_LIABILITIES":5917665016.28,"TAX_EBT":-5.285234899329,"OCF_SALES":-71.704432008464,"TOTAL_PARENT_EQUITY":2310448203.51,"DEBT_ASSET_RATIO":71.9200727823,"OPERATE_PROFIT":94926924.35,"PRETAX_PROFIT":18273872.56,"NETCASH_OPERATE":-162574701.2,"NETCASH_INVEST":-47863406.04,"NETCASH_FINANCE":244849511.85,"END_CASH":456448222.82,"DIVI_RATIO":0.267171531708,"DIVIDEND_RATE":2.89156626506,"CURRENT_RATIO":1.357430137866,"COMMON_ACS":1500000000,"CURRENTDEBT_DEBT":36.078518383964,"ISSUED_COMMON_SHARES":915626962,"HK_COMMON_SHARES":915626962,"PER_SHARES":2000,"TOTAL_MARKET_CAP":379985189.23,"HKSK_MARKET_CAP":379985189.23,"PE_TTM":8.998789076456,"PB_TTM":0.148311848444,"REPORT_DATE_SQ":"2023-06-30 00:00:00","REPORT_TYPE_SQ":"2023年中报","OPERATE_INCOME_SQ":247192087.03,"DPS_HKD":0.012,"OPERATE_INCOME_QOQ_SQ":0,"NET_PROFIT_RATIO_SQ":7.5265144906,"HOLDER_PROFIT_SQ":18574666.46,"HOLDER_PROFIT_QOQ_SQ":0,"ROE_AVG_SQ":0.797378043099,"PE_TTM_SQ":11.310792062674,"PB_TTM_SQ":0.213416421175,"ROA_SQ":0.236341575027,"START_DATE":"2024-04-01 00:00:00","FISCAL_YEAR":"3-31","CURRENCY":"HKD","IS_CNY_CODE":0,"DPS_HKD_LY":0.012,"ORG_TYPE":"一般企业","PREMIUM_INCOME":null,"PREMIUM_INCOME_YOY":null,"NET_INTEREST_INCOME":null,"NET_INTEREST_INCOME_YOY":null,"FEE_COMMISSION_INCOME":null,"FEE_COMMISSION_INCOME_YOY":null,"ACCOUNTS_RECE_TDAYS":1.610676728818,"INVENTORY_TDAYS":0.084523801153,"CURRENT_ASSETS_TDAYS":0.082512152821,"TOTAL_ASSETS_TDAYS":0.028401453191,"PREMIUM_EXPENSE":null,"LOAN_DEPOSIT":null,"LOAN_EQUITY":null,"LOAN_ASSETS":null,"DEPOSIT_EQUITY":null,"DEPOSIT_ASSETS":null,"EQUITY_MULTIPLIER":3.561262791912,"EQUITY_RATIO":2.561262791908},{"SECUCODE":"00213.HK","SECURITY_CODE":"00213","SECURITY_NAME_ABBR":"NATIONAL ELEC H","ORG_CODE":"10007478","STD_REPORT_DATE":"2023-12-31 00:00:00","REPORT_DATE":"2024-03-31 00:00:00","DATE_TYPE_CODE":"001","REPORT_TYPE":"2023年年报","PER_NETCASH_OPERATE":-0.218565417685,"PER_OI":0.57235541148,"BPS":2.523553825099,"BASIC_EPS":0.04079475,"DILUTED_EPS":0.04079475,"OPERATE_INCOME":524187675.36625,"OPERATE_INCOME_YOY":15.3415890018,"GROSS_PROFIT":109626461.59845,"GROSS_PROFIT_YOY":16.167768817232,"HOLDER_PROFIT":37289355.0399,"HOLDER_PROFIT_YOY":-15.8302080466,"GROSS_PROFIT_RATIO":20.91359006521,"EPS_TTM":0.045919426022,"OPERATE_INCOME_QOQ":0,"NET_PROFIT_RATIO":7.0969837177,"ROE_AVG":1.615092454728,"GROSS_PROFIT_QOQ":0,"ROA":0.481403106959,"HOLDER_PROFIT_QOQ":0,"ROE_YEARLY":1.615092454728,"ROIC_YEARLY":0.521988564729,"TOTAL_ASSETS":7778740210.35,"TOTAL_LIABILITIES":5468106532.8,"TAX_EBT":2.85756868767,"OCF_SALES":-38.187009907041,"TOTAL_PARENT_EQUITY":2310633677.55,"DEBT_ASSET_RATIO":70.2955262592,"OPERATE_PROFIT":248533040.43655,"PRETAX_PROFIT":38295844.01845,"NETCASH_OPERATE":-200171599.5236,"NETCASH_INVEST":104931277.78255,"NETCASH_FINANCE":-249968884.1868,"END_CASH":430634467.65205,"DIVI_RATIO":0.236906271321,"DIVIDEND_RATE":2.857142857143,"CURRENT_RATIO":1.132799710386,"COMMON_ACS":1500000000,"CURRENTDEBT_DEBT":42.155726605232,"ISSUED_COMMON_SHARES":915626962,"HK_COMMON_SHARES":915626962,"PER_SHARES":2000,"TOTAL_MARKET_CAP":384563324.04,"HKSK_MARKET_CAP":384563324.04,"PE_TTM":9.107208221955,"PB_TTM":0.150098738184,"REPORT_DATE_SQ":"2022-12-31 00:00:00","REPORT_TYPE_SQ":"2022年年报","OPERATE_INCOME_SQ":438854561.27429,"DPS_HKD":0.012,"OPERATE_INCOME_QOQ_SQ":0,"NET_PROFIT_RATIO_SQ":9.7431936802,"HOLDER_PROFIT_SQ":42780746.57203,"HOLDER_PROFIT_QOQ_SQ":0,"ROE_AVG_SQ":1.894158653652,"PE_TTM_SQ":11.311088412405,"PB_TTM_SQ":0.213422012817,"ROA_SQ":0.580152316099,"START_DATE":"2023-04-01 00:00:00","FISCAL_YEAR":"3-31","CURRENCY":"HKD","IS_CNY_CODE":0,"DPS_HKD_LY":0.018,"ORG_TYPE":"一般企业","PREMIUM_INCOME":null,"PREMIUM_INCOME_YOY":null,"NET_INTEREST_INCOME":null,"NET_INTEREST_INCOME_YOY":null,"FEE_COMMISSION_INCOME":null,"FEE_COMMISSION_INCOME_YOY":null,"ACCOUNTS_RECE_TDAYS":3.46611021365,"INVENTORY_TDAYS":0.238619405095,"CURRENT_ASSETS_TDAYS":0.200262061492,"TOTAL_ASSETS_TDAYS":0.067672282152,"PREMIUM_EXPENSE":null,"LOAN_DEPOSIT":null,"LOAN_EQUITY":null,"LOAN_ASSETS":null,"DEPOSIT_EQUITY":null,"DEPOSIT_ASSETS":null,"EQUITY_MULTIPLIER":3.366496268293,"EQUITY_RATIO":2.366496509563},{"SECUCODE":"00213.HK","SECURITY_CODE":"00213","SECURITY_NAME_ABBR":"NATIONAL ELEC H","ORG_CODE":"10007478","STD_REPORT_DATE":"2023-06-30 00:00:00","REPORT_DATE":"2023-09-30 00:00:00","DATE_TYPE_CODE":"002","REPORT_TYPE":"2023年中报","PER_NETCASH_OPERATE":-0.21654600586,"PER_OI":0.269805876851,"BPS":2.537890805503,"BASIC_EPS":0.02018786,"DILUTED_EPS":0.02018786,"OPERATE_INCOME":247192087.03,"OPERATE_INCOME_YOY":1.1603846919,"GROSS_PROFIT":52686644.08,"GROSS_PROFIT_YOY":27.835441939171,"HOLDER_PROFIT":18574666.46,"HOLDER_PROFIT_YOY":-5.1007969995,"GROSS_PROFIT_RATIO":21.314049617456,"EPS_TTM":0.046551969981,"OPERATE_INCOME_QOQ":0,"NET_PROFIT_RATIO":7.5265144906,"ROE_AVG":0.797378043099,"GROSS_PROFIT_QOQ":0,"ROA":0.236341575027,"HOLDER_PROFIT_QOQ":0,"ROE_YEARLY":1.594756086198,"ROIC_YEARLY":0.514580145675,"TOTAL_ASSETS":7911014862.94,"TOTAL_LIABILITIES":5585975356.22,"TAX_EBT":-16.946415181404,"OCF_SALES":-80.259929245196,"TOTAL_PARENT_EQUITY":2323761248.13,"DEBT_ASSET_RATIO":70.61009811,"OPERATE_PROFIT":118295353.82,"PRETAX_PROFIT":15908951.31,"NETCASH_OPERATE":-198396194.15,"NETCASH_INVEST":-45811760.12,"NETCASH_FINANCE":-44279318.02,"END_CASH":495169665.34,"DIVI_RATIO":0.233687210324,"DIVIDEND_RATE":2.857142857143,"CURRENT_RATIO":1.263640735696,"COMMON_ACS":1500000000,"CURRENTDEBT_DEBT":36.582994299367,"ISSUED_COMMON_SHARES":915626962,"HK_COMMON_SHARES":915626962,"PER_SHARES":2000,"TOTAL_MARKET_CAP":384563324.04,"HKSK_MARKET_CAP":384563324.04,"PE_TTM":9.107208221955,"PB_TTM":0.150098738184,"REPORT_DATE_SQ":"2022-06-30 00:00:00","REPORT_TYPE_SQ":"2022年中报","OPERATE_INCOME_SQ":240844232.04,"DPS_HKD":0.012,"OPERATE_INCOME_QOQ_SQ":0,"NET_PROFIT_RATIO_SQ":8.0006459099,"HOLDER_PROFIT_SQ":19291705.2,"HOLDER_PROFIT_QOQ_SQ":0,"ROE_AVG_SQ":0.831977514549,"PE_TTM_SQ":11.311088412405,"PB_TTM_SQ":0.213422012817,"ROA_SQ":0.25732113394,"START_DATE":"2023-04-01 00:00:00","FISCAL_YEAR":"3-31","CURRENCY":"HKD","IS_CNY_CODE":0,"DPS_HKD_LY":0.018,"ORG_TYPE":"一般企业","PREMIUM_INCOME":null,"PREMIUM_INCOME_YOY":null,"NET_INTEREST_INCOME":null,"NET_INTEREST_INCOME_YOY":null,"FEE_COMMISSION_INCOME":null,"FEE_COMMISSION_INCOME_YOY":null,"ACCOUNTS_RECE_TDAYS":2.904228593099,"INVENTORY_TDAYS":0.11608996523,"CURRENT_ASSETS_TDAYS":0.094382027923,"TOTAL_ASSETS_TDAYS":0.03145239098,"PREMIUM_EXPENSE":null,"LOAN_DEPOSIT":null,"LOAN_EQUITY":null,"LOAN_ASSETS":null,"DEPOSIT_EQUITY":null,"DEPOSIT_ASSETS":null,"EQUITY_MULTIPLIER":3.402529221577,"EQUITY_RATIO":2.403850808991},{"SECUCODE":"00213.HK","SECURITY_CODE":"00213","SECURITY_NAME_ABBR":"NATIONAL ELEC H","ORG_CODE":"10007478","STD_REPORT_DATE":"2022-12-31 00:00:00","REPORT_DATE":"2023-03-31 00:00:00","DATE_TYPE_CODE":"001","REPORT_TYPE":"2022年年报","PER_NETCASH_OPERATE":-0.08276748287,"PER_OI":0.477316245129,"BPS":2.433014619863,"BASIC_EPS":0.04552132,"DILUTED_EPS":0.04552132,"OPERATE_INCOME":438854561.27429,"OPERATE_INCOME_YOY":-27.8233204549,"GROSS_PROFIT":94369085.94752,"GROSS_PROFIT_YOY":32.495426848771,"HOLDER_PROFIT":42780746.57203,"HOLDER_PROFIT_YOY":-46.5072211456,"GROSS_PROFIT_RATIO":21.503498943592,"EPS_TTM":0.043249982835,"OPERATE_INCOME_QOQ":0,"NET_PROFIT_RATIO":9.7431936802,"ROE_AVG":1.894158653652,"GROSS_PROFIT_QOQ":0,"ROA":0.580152316099,"HOLDER_PROFIT_QOQ":0,"ROE_YEARLY":1.894158653652,"ROIC_YEARLY":0.656324224708,"TOTAL_ASSETS":7448256991.47655,"TOTAL_LIABILITIES":5219333067.4358,"TAX_EBT":25.427371208166,"OCF_SALES":-17.340177233605,"TOTAL_PARENT_EQUITY":2227733784.88673,"DEBT_ASSET_RATIO":70.0745566836,"OPERATE_PROFIT":189473772.79017,"PRETAX_PROFIT":57337994.61286,"NETCASH_OPERATE":-76098158.72272,"NETCASH_INVEST":-125525900.42803,"NETCASH_FINANCE":-28775882.2412,"END_CASH":746116229.88277,"DIVI_RATIO":0.251528423525,"DIVIDEND_RATE":2.857142857143,"CURRENT_RATIO":1.229820154096,"COMMON_ACS":1500000000,"CURRENTDEBT_DEBT":39.472099582165,"ISSUED_COMMON_SHARES":915626962,"HK_COMMON_SHARES":915626962,"PER_SHARES":2000,"TOTAL_MARKET_CAP":384563324.04,"HKSK_MARKET_CAP":384563324.04,"PE_TTM":9.107208221955,"PB_TTM":0.150098738184,"REPORT_DATE_SQ":"2021-12-31 00:00:00","REPORT_TYPE_SQ":"2021年年报","OPERATE_INCOME_SQ":563298278.27112,"DPS_HKD":0.012,"OPERATE_INCOME_QOQ_SQ":0,"NET_PROFIT_RATIO_SQ":13.1417691623,"HOLDER_PROFIT_SQ":74091417.86172,"HOLDER_PROFIT_QOQ_SQ":0,"ROE_AVG_SQ":3.532775613255,"PE_TTM_SQ":11.311088412405,"PB_TTM_SQ":0.213422012817,"ROA_SQ":1.163678304837,"START_DATE":"2022-04-01 00:00:00","FISCAL_YEAR":"3-31","CURRENCY":"HKD","IS_CNY_CODE":0,"DPS_HKD_LY":0.035,"ORG_TYPE":"一般企业","PREMIUM_INCOME":null,"PREMIUM_INCOME_YOY":null,"NET_INTEREST_INCOME":null,"NET_INTEREST_INCOME_YOY":null,"FEE_COMMISSION_INCOME":null,"FEE_COMMISSION_INCOME_YOY":null,"ACCOUNTS_RECE_TDAYS":5.394569508198,"INVENTORY_TDAYS":0.24789834241,"CURRENT_ASSETS_TDAYS":0.163761066041,"TOTAL_ASSETS_TDAYS":0.059513334982,"PREMIUM_EXPENSE":null,"LOAN_DEPOSIT":null,"LOAN_EQUITY":null,"LOAN_ASSETS":null,"DEPOSIT_EQUITY":null,"DEPOSIT_ASSETS":null,"EQUITY_MULTIPLIER":3.341638048356,"EQUITY_RATIO":2.342889039455},{"SECUCODE":"00213.HK","SECURITY_CODE":"00213","SECURITY_NAME_ABBR":"NATIONAL ELEC H","ORG_CODE":"10007478","STD_REPORT_DATE":"2022-06-30 00:00:00","REPORT_DATE":"2022-09-30 00:00:00","DATE_TYPE_CODE":"002","REPORT_TYPE":"2022年中报","PER_NETCASH_OPERATE":0.111111178075,"PER_OI":0.259606804486,"BPS":2.481626911375,"BASIC_EPS":0.020440344,"DILUTED_EPS":0.020440344,"OPERATE_INCOME":240844232.04,"OPERATE_INCOME_YOY":-28.8218454556,"GROSS_PROFIT":41214426.36,"GROSS_PROFIT_YOY":9.454732196408,"HOLDER_PROFIT":19291705.2,"HOLDER_PROFIT_YOY":-66.8552071355,"GROSS_PROFIT_RATIO":17.112482209312,"EPS_TTM":0.078127569182,"OPERATE_INCOME_QOQ":0,"NET_PROFIT_RATIO":8.0006459099,"ROE_AVG":0.831977514549,"GROSS_PROFIT_QOQ":0,"ROA":0.25732113394,"HOLDER_PROFIT_QOQ":0,"ROE_YEARLY":1.663955029098,"ROIC_YEARLY":0.585503060338,"TOTAL_ASSETS":7452337783.44,"TOTAL_LIABILITIES":5178863235.36,"TAX_EBT":11.132893968466,"OCF_SALES":42.799794210094,"TOTAL_PARENT_EQUITY":2272244509.68,"DEBT_ASSET_RATIO":69.4931360582,"OPERATE_PROFIT":70005464.88,"PRETAX_PROFIT":21683044.56,"NETCASH_OPERATE":103080835.68,"NETCASH_INVEST":-89672512.68,"NETCASH_FINANCE":-109632599.04,"END_CASH":817144355.64,"DIVI_RATIO":0.139241500969,"DIVIDEND_RATE":2.857142857143,"CURRENT_RATIO":1.342557576094,"COMMON_ACS":1500000000,"CURRENTDEBT_DEBT":38.398220481715,"ISSUED_COMMON_SHARES":915626962,"HK_COMMON_SHARES":915626962,"PER_SHARES":2000,"TOTAL_MARKET_CAP":384563324.04,"HKSK_MARKET_CAP":384563324.04,"PE_TTM":9.107208221955,"PB_TTM":0.150098738184,"REPORT_DATE_SQ":"2021-06-30 00:00:00","REPORT_TYPE_SQ":"2021年中报","OPERATE_INCOME_SQ":311663574.14,"DPS_HKD":0.012,"OPERATE_INCOME_QOQ_SQ":0,"NET_PROFIT_RATIO_SQ":17.1910541833,"HOLDER_PROFIT_SQ":53610743.24,"HOLDER_PROFIT_QOQ_SQ":0,"ROE_AVG_SQ":null,"PE_TTM_SQ":11.311088412405,"PB_TTM_SQ":0.213422012817,"ROA_SQ":null,"START_DATE":"2022-04-01 00:00:00","FISCAL_YEAR":"3-31","CURRENCY":"HKD","IS_CNY_CODE":0,"DPS_HKD_LY":0.035,"ORG_TYPE":"一般企业","PREMIUM_INCOME":null,"PREMIUM_INCOME_YOY":null,"NET_INTEREST_INCOME":null,"NET_INTEREST_INCOME_YOY":null,"FEE_COMMISSION_INCOME":null,"FEE_COMMISSION_INCOME_YOY":null,"ACCOUNTS_RECE_TDAYS":null,"INVENTORY_TDAYS":0.146995864474,"CURRENT_ASSETS_TDAYS":0.086176506525,"TOTAL_ASSETS_TDAYS":0.032124848607,"PREMIUM_EXPENSE":null,"LOAN_DEPOSIT":null,"LOAN_EQUITY":null,"LOAN_ASSETS":null,"DEPOSIT_EQUITY":null,"DEPOSIT_ASSETS":null,"EQUITY_MULTIPLIER":3.277950830698,"EQUITY_RATIO":2.279183958107},{"SECUCODE":"00213.HK","SECURITY_CODE":"00213","SECURITY_NAME_ABBR":"NATIONAL ELEC H","ORG_CODE":"10007478","STD_REPORT_DATE":"2021-12-31 00:00:00","REPORT_DATE":"2022-03-31 00:00:00","DATE_TYPE_CODE":"001","REPORT_TYPE":"2021年年报","PER_NETCASH_OPERATE":-0.356583914793,"PER_OI":0.593378433762,"BPS":2.316412690397,"BASIC_EPS":0.07704595,"DILUTED_EPS":0.07704595,"OPERATE_INCOME":563298278.27112,"OPERATE_INCOME_YOY":-51.8609702416,"GROSS_PROFIT":71224409.92264,"GROSS_PROFIT_YOY":-47.527539054552,"HOLDER_PROFIT":74091417.86172,"HOLDER_PROFIT_YOY":-21.4218093909,"GROSS_PROFIT_RATIO":12.644173197412,"EPS_TTM":0.086212387971,"OPERATE_INCOME_QOQ":0,"NET_PROFIT_RATIO":13.1417691623,"ROE_AVG":3.532775613255,"GROSS_PROFIT_QOQ":0,"ROA":1.163678304837,"HOLDER_PROFIT_QOQ":0,"ROE_YEARLY":3.532775613255,"ROIC_YEARLY":1.35310403346,"TOTAL_ASSETS":6762834084.58544,"TOTAL_LIABILITIES":4640740927.7773,"TAX_EBT":-8.569269644189,"OCF_SALES":-60.093844754779,"TOTAL_PARENT_EQUITY":2120969914.44622,"DEBT_ASSET_RATIO":68.6212447287,"OPERATE_PROFIT":50336515.66955,"PRETAX_PROFIT":68184450.04601,"NETCASH_OPERATE":-338507592.85059,"NETCASH_INVEST":51597373.45231,"NETCASH_FINANCE":279369104.55004,"END_CASH":892269773.04972,"DIVI_RATIO":0.126183722038,"DIVIDEND_RATE":2.857142857143,"CURRENT_RATIO":1.394505899283,"COMMON_ACS":1500000000,"CURRENTDEBT_DEBT":40.456254068285,"ISSUED_COMMON_SHARES":915626962,"HK_COMMON_SHARES":915626962,"PER_SHARES":2000,"TOTAL_MARKET_CAP":384563324.04,"HKSK_MARKET_CAP":384563324.04,"PE_TTM":9.107208221955,"PB_TTM":0.150098738184,"REPORT_DATE_SQ":"2020-12-31 00:00:00","REPORT_TYPE_SQ":"2020年年报","OPERATE_INCOME_SQ":1219450267.46634,"DPS_HKD":0.012,"OPERATE_INCOME_QOQ_SQ":0,"NET_PROFIT_RATIO_SQ":8.052664933,"HOLDER_PROFIT_SQ":98262743.13072,"HOLDER_PROFIT_QOQ_SQ":0,"ROE_AVG_SQ":4.689440300604,"PE_TTM_SQ":11.311088412405,"PB_TTM_SQ":0.213422012817,"ROA_SQ":1.601373120356,"START_DATE":"2021-04-01 00:00:00","FISCAL_YEAR":"3-31","CURRENCY":"HKD","IS_CNY_CODE":0,"DPS_HKD_LY":0.035,"ORG_TYPE":"一般企业","PREMIUM_INCOME":null,"PREMIUM_INCOME_YOY":null,"NET_INTEREST_INCOME":null,"NET_INTEREST_INCOME_YOY":null,"FEE_COMMISSION_INCOME":null,"FEE_COMMISSION_INCOME_YOY":null,"ACCOUNTS_RECE_TDAYS":4.584576494574,"INVENTORY_TDAYS":0.497247437316,"CURRENT_ASSETS_TDAYS":0.236639648023,"TOTAL_ASSETS_TDAYS":0.088471513232,"PREMIUM_EXPENSE":null,"LOAN_DEPOSIT":null,"LOAN_EQUITY":null,"LOAN_ASSETS":null,"DEPOSIT_EQUITY":null,"DEPOSIT_ASSETS":null,"EQUITY_MULTIPLIER":3.186869559847,"EQUITY_RATIO":2.188027701934},{"SECUCODE":"00213.HK","SECURITY_CODE":"00213","SECURITY_NAME_ABBR":"NATIONAL ELEC H","ORG_CODE":"10007478","STD_REPORT_DATE":"2021-06-30 00:00:00","REPORT_DATE":"2021-09-30 00:00:00","DATE_TYPE_CODE":"002","REPORT_TYPE":"2021年中报","PER_NETCASH_OPERATE":-0.226826072883,"PER_OI":0.322667516724,"BPS":null,"BASIC_EPS":0.05539849,"DILUTED_EPS":0.05539849,"OPERATE_INCOME":311663574.14,"OPERATE_INCOME_YOY":-65.9703417619,"GROSS_PROFIT":37654312,"GROSS_PROFIT_YOY":-63.090071145709,"HOLDER_PROFIT":53610743.24,"HOLDER_PROFIT_YOY":-17.7689752108,"GROSS_PROFIT_RATIO":12.081717314544,"EPS_TTM":0.101401634582,"OPERATE_INCOME_QOQ":0,"NET_PROFIT_RATIO":17.1910541833,"ROE_AVG":null,"GROSS_PROFIT_QOQ":0,"ROA":null,"HOLDER_PROFIT_QOQ":0,"ROE_YEARLY":null,"ROIC_YEARLY":null,"TOTAL_ASSETS":null,"TOTAL_LIABILITIES":null,"TAX_EBT":-0.971803566943,"OCF_SALES":-70.297151441119,"TOTAL_PARENT_EQUITY":null,"DEBT_ASSET_RATIO":null,"OPERATE_PROFIT":33711439.02,"PRETAX_PROFIT":53062589.76,"NETCASH_OPERATE":-219090614.7,"NETCASH_INVEST":-7876582.3,"NETCASH_FINANCE":165309927.22,"END_CASH":848823994.38,"DIVI_RATIO":0.107282294263,"DIVIDEND_RATE":2.857142857143,"CURRENT_RATIO":null,"COMMON_ACS":1500000000,"CURRENTDEBT_DEBT":null,"ISSUED_COMMON_SHARES":915626962,"HK_COMMON_SHARES":915626962,"PER_SHARES":2000,"TOTAL_MARKET_CAP":384563324.04,"HKSK_MARKET_CAP":384563324.04,"PE_TTM":9.107208221955,"PB_TTM":0.150098738184,"REPORT_DATE_SQ":"2020-06-30 00:00:00","REPORT_TYPE_SQ":"2020年中报","OPERATE_INCOME_SQ":966056859.52,"DPS_HKD":0.012,"OPERATE_INCOME_QOQ_SQ":0,"NET_PROFIT_RATIO_SQ":7.1155758052,"HOLDER_PROFIT_SQ":68768627.2,"HOLDER_PROFIT_QOQ_SQ":0,"ROE_AVG_SQ":3.203967758956,"PE_TTM_SQ":11.311088412405,"PB_TTM_SQ":0.213422012817,"ROA_SQ":1.04454560275,"START_DATE":"2021-04-01 00:00:00","FISCAL_YEAR":"3-31","CURRENCY":"HKD","IS_CNY_CODE":0,"DPS_HKD_LY":0.035,"ORG_TYPE":"一般企业","PREMIUM_INCOME":null,"PREMIUM_INCOME_YOY":null,"NET_INTEREST_INCOME":null,"NET_INTEREST_INCOME_YOY":null,"FEE_COMMISSION_INCOME":null,"FEE_COMMISSION_INCOME_YOY":null,"ACCOUNTS_RECE_TDAYS":null,"INVENTORY_TDAYS":null,"CURRENT_ASSETS_TDAYS":0.283211665694,"TOTAL_ASSETS_TDAYS":0.101626408692,"PREMIUM_EXPENSE":null,"LOAN_DEPOSIT":null,"LOAN_EQUITY":null,"LOAN_ASSETS":null,"DEPOSIT_EQUITY":null,"DEPOSIT_ASSETS":null,"EQUITY_MULTIPLIER":null,"EQUITY_RATIO":null},{"SECUCODE":"00213.HK","SECURITY_CODE":"00213","SECURITY_NAME_ABBR":"NATIONAL ELEC H","ORG_CODE":"10007478","STD_REPORT_DATE":"2020-12-31 00:00:00","REPORT_DATE":"2021-03-31 00:00:00","DATE_TYPE_CODE":"001","REPORT_TYPE":"2020年年报","PER_NETCASH_OPERATE":0.550832365957,"PER_OI":1.25694109734,"BPS":2.360033166619,"BASIC_EPS":0.09973124,"DILUTED_EPS":0.09973124,"OPERATE_INCOME":1219450267.46634,"OPERATE_INCOME_YOY":114.108053632,"GROSS_PROFIT":135736743.88302,"GROSS_PROFIT_YOY":30.283472596566,"HOLDER_PROFIT":98262743.13072,"HOLDER_PROFIT_YOY":-3.7760228173,"GROSS_PROFIT_RATIO":11.130978237025,"EPS_TTM":0.125358481999,"OPERATE_INCOME_QOQ":0,"NET_PROFIT_RATIO":8.052664933,"ROE_AVG":4.689440300604,"GROSS_PROFIT_QOQ":0,"ROA":1.601373120356,"HOLDER_PROFIT_QOQ":0,"ROE_YEARLY":4.689440300604,"ROIC_YEARLY":1.885456622161,"TOTAL_ASSETS":6222750572.23302,"TOTAL_LIABILITIES":4060603248.73672,"TAX_EBT":-29.724603800822,"OCF_SALES":43.823244153767,"TOTAL_PARENT_EQUITY":2160909998.57026,"DEBT_ASSET_RATIO":65.2541541172,"OPERATE_PROFIT":153846100.49088,"PRETAX_PROFIT":75697470.78586,"NETCASH_OPERATE":534402668.04554,"NETCASH_INVEST":-330958576.3372,"NETCASH_FINANCE":-162132058.4261,"END_CASH":925514893.99894,"DIVI_RATIO":0.086779927664,"DIVIDEND_RATE":2.857142857143,"CURRENT_RATIO":1.726506147284,"COMMON_ACS":1500000000,"CURRENTDEBT_DEBT":31.850712135826,"ISSUED_COMMON_SHARES":915626962,"HK_COMMON_SHARES":915626962,"PER_SHARES":2000,"TOTAL_MARKET_CAP":384563324.04,"HKSK_MARKET_CAP":384563324.04,"PE_TTM":9.107208221955,"PB_TTM":0.150098738184,"REPORT_DATE_SQ":"2019-12-31 00:00:00","REPORT_TYPE_SQ":"2019年年报","OPERATE_INCOME_SQ":615723179.2547,"DPS_HKD":0.012,"OPERATE_INCOME_QOQ_SQ":0,"NET_PROFIT_RATIO_SQ":17.9240033252,"HOLDER_PROFIT_SQ":110397691.9423,"HOLDER_PROFIT_QOQ_SQ":0,"ROE_AVG_SQ":5.059582021035,"PE_TTM_SQ":11.311088412405,"PB_TTM_SQ":0.213422012817,"ROA_SQ":1.72030760292,"START_DATE":"2020-04-01 00:00:00","FISCAL_YEAR":"3-31","CURRENCY":"HKD","IS_CNY_CODE":0,"DPS_HKD_LY":0.035,"ORG_TYPE":"一般企业","PREMIUM_INCOME":null,"PREMIUM_INCOME_YOY":null,"NET_INTEREST_INCOME":null,"NET_INTEREST_INCOME_YOY":null,"FEE_COMMISSION_INCOME":null,"FEE_COMMISSION_INCOME_YOY":null,"ACCOUNTS_RECE_TDAYS":6.345648763304,"INVENTORY_TDAYS":1.117452368335,"CURRENT_ASSETS_TDAYS":0.523435326312,"TOTAL_ASSETS_TDAYS":0.198731972843,"PREMIUM_EXPENSE":null,"LOAN_DEPOSIT":null,"LOAN_EQUITY":null,"LOAN_ASSETS":null,"DEPOSIT_EQUITY":null,"DEPOSIT_ASSETS":null,"EQUITY_MULTIPLIER":2.878041891319,"EQUITY_RATIO":1.879117247559},{"SECUCODE":"00213.HK","SECURITY_CODE":"00213","SECURITY_NAME_ABBR":"NATIONAL ELEC H","ORG_CODE":"10007478","STD_REPORT_DATE":"2020-06-30 00:00:00","REPORT_DATE":"2020-09-30 00:00:00","DATE_TYPE_CODE":"002","REPORT_TYPE":"2020年中报","PER_NETCASH_OPERATE":-0.132446944025,"PER_OI":0.987896321029,"BPS":2.383354166716,"BASIC_EPS":0.069331008,"DILUTED_EPS":0.069331008,"OPERATE_INCOME":966056859.52,"OPERATE_INCOME_YOY":187.2437542131,"GROSS_PROFIT":102016755.84,"GROSS_PROFIT_YOY":57.086811241148,"HOLDER_PROFIT":68768627.2,"HOLDER_PROFIT_YOY":23.7723196634,"GROSS_PROFIT_RATIO":10.560119193263,"EPS_TTM":0.111096381306,"OPERATE_INCOME_QOQ":0,"NET_PROFIT_RATIO":7.1155758052,"ROE_AVG":3.203967758956,"GROSS_PROFIT_QOQ":0,"ROA":1.04454560275,"HOLDER_PROFIT_QOQ":0,"ROE_YEARLY":6.407935517911,"ROIC_YEARLY":2.468961532592,"TOTAL_ASSETS":6877555151.36,"TOTAL_LIABILITIES":4693966706.56,"TAX_EBT":22.326588160534,"OCF_SALES":-13.406968039578,"TOTAL_PARENT_EQUITY":2182263335.04,"DEBT_ASSET_RATIO":68.2505134929,"OPERATE_PROFIT":128591006.08,"PRETAX_PROFIT":88499406.08,"NETCASH_OPERATE":-129518934.4,"NETCASH_INVEST":-171079754.24,"NETCASH_FINANCE":394172702.72,"END_CASH":1065626380.16,"DIVI_RATIO":0.097920381133,"DIVIDEND_RATE":2.857142857143,"CURRENT_RATIO":1.439150841724,"COMMON_ACS":1500000000,"CURRENTDEBT_DEBT":42.556820021929,"ISSUED_COMMON_SHARES":915626962,"HK_COMMON_SHARES":915626962,"PER_SHARES":2000,"TOTAL_MARKET_CAP":384563324.04,"HKSK_MARKET_CAP":384563324.04,"PE_TTM":9.107208221955,"PB_TTM":0.150098738184,"REPORT_DATE_SQ":"2019-06-30 00:00:00","REPORT_TYPE_SQ":"2019年中报","OPERATE_INCOME_SQ":345233503.38,"DPS_HKD":0.012,"OPERATE_INCOME_QOQ_SQ":0,"NET_PROFIT_RATIO_SQ":16.5188719176,"HOLDER_PROFIT_SQ":57033190.29,"HOLDER_PROFIT_QOQ_SQ":0,"ROE_AVG_SQ":2.6419447735,"PE_TTM_SQ":11.311088412405,"PB_TTM_SQ":0.213422012817,"ROA_SQ":0.90679593308,"START_DATE":"2020-04-01 00:00:00","FISCAL_YEAR":"3-31","CURRENCY":"HKD","IS_CNY_CODE":0,"DPS_HKD_LY":0.035,"ORG_TYPE":"一般企业","PREMIUM_INCOME":null,"PREMIUM_INCOME_YOY":null,"NET_INTEREST_INCOME":null,"NET_INTEREST_INCOME_YOY":null,"FEE_COMMISSION_INCOME":null,"FEE_COMMISSION_INCOME_YOY":null,"ACCOUNTS_RECE_TDAYS":1.938712179067,"INVENTORY_TDAYS":0.914182642423,"CURRENT_ASSETS_TDAYS":0.357957201792,"TOTAL_ASSETS_TDAYS":0.146737034852,"PREMIUM_EXPENSE":null,"LOAN_DEPOSIT":null,"LOAN_EQUITY":null,"LOAN_ASSETS":null,"DEPOSIT_EQUITY":null,"DEPOSIT_ASSETS":null,"EQUITY_MULTIPLIER":3.149657238634,"EQUITY_RATIO":2.150962549382}],"count":46},"success":true,"message":"ok","code":0}