{"version":"d931bc5884c65d0bf0d9135121d57b01","result":{"pages":6,"data":[{"SECUCODE":"00212.HK","SECURITY_CODE":"00212","SECURITY_NAME_ABBR":"NANYANG HOLD","ORG_CODE":"10007477","STD_REPORT_DATE":"2024-06-30 00:00:00","REPORT_DATE":"2024-06-30 00:00:00","DATE_TYPE_CODE":"002","REPORT_TYPE":"2024年中报","PER_NETCASH_OPERATE":0.527868864274,"PER_OI":3.874110363192,"BPS":133.389715987564,"BASIC_EPS":-1.1773572,"DILUTED_EPS":-1.1773572,"OPERATE_INCOME":131594765.8,"OPERATE_INCOME_YOY":1.1363237821,"GROSS_PROFIT":121566237.96,"GROSS_PROFIT_YOY":-0.424088183225,"HOLDER_PROFIT":-39920623.2,"HOLDER_PROFIT_YOY":-134.7669880533,"GROSS_PROFIT_RATIO":92.379235010577,"EPS_TTM":-3.283838552923,"OPERATE_INCOME_QOQ":0.085957071827,"NET_PROFIT_RATIO":-30.3360266325,"ROE_AVG":-0.85974677961,"GROSS_PROFIT_QOQ":-0.324864157155,"ROA":-0.84333971783,"HOLDER_PROFIT_QOQ":-351.399553580366,"ROE_YEARLY":-1.719493559221,"ROIC_YEARLY":-1.724366822969,"TOTAL_ASSETS":4628756102.12,"TOTAL_LIABILITIES":97809177.56,"TAX_EBT":-83.043187144292,"OCF_SALES":13.625550508028,"TOTAL_PARENT_EQUITY":4530946924.56,"DEBT_ASSET_RATIO":2.1130769348,"OPERATE_PROFIT":-24057332.12,"PRETAX_PROFIT":-21809401.28,"NETCASH_OPERATE":17930511.28,"NETCASH_INVEST":2021586.2,"NETCASH_FINANCE":-41684833.64,"END_CASH":92575870.44,"DIVI_RATIO":-0.165578176648,"DIVIDEND_RATE":2.4,"CURRENT_RATIO":8.029983718658,"COMMON_ACS":60000000,"CURRENTDEBT_DEBT":71.640523668667,"ISSUED_COMMON_SHARES":33967738,"HK_COMMON_SHARES":33967738,"PER_SHARES":500,"TOTAL_MARKET_CAP":849193450,"HKSK_MARKET_CAP":849193450,"PE_TTM":-7.042105765084,"PB_TTM":0.171055165918,"REPORT_DATE_SQ":"2023-06-30 00:00:00","REPORT_TYPE_SQ":"2023年中报","OPERATE_INCOME_SQ":131442078.7,"DPS_HKD":0.6,"OPERATE_INCOME_QOQ_SQ":98.835871321817,"NET_PROFIT_RATIO_SQ":88.2467646337,"HOLDER_PROFIT_SQ":115993381.82,"HOLDER_PROFIT_QOQ_SQ":1138.95385684647,"ROE_AVG_SQ":2.451860825341,"PE_TTM_SQ":5.447986497833,"PB_TTM_SQ":0.155555373393,"ROA_SQ":2.404256797153,"START_DATE":"2024-01-01 00:00:00","FISCAL_YEAR":"12-31","CURRENCY":"HKD","IS_CNY_CODE":0,"DPS_HKD_LY":0.6,"ORG_TYPE":"一般企业","PREMIUM_INCOME":null,"PREMIUM_INCOME_YOY":null,"NET_INTEREST_INCOME":null,"NET_INTEREST_INCOME_YOY":null,"FEE_COMMISSION_INCOME":null,"FEE_COMMISSION_INCOME_YOY":null,"ACCOUNTS_RECE_TDAYS":2.816085780412,"INVENTORY_TDAYS":null,"CURRENT_ASSETS_TDAYS":0.248386696665,"TOTAL_ASSETS_TDAYS":0.027799939921,"PREMIUM_EXPENSE":null,"LOAN_DEPOSIT":null,"LOAN_EQUITY":null,"LOAN_ASSETS":null,"DEPOSIT_EQUITY":null,"DEPOSIT_ASSETS":null,"EQUITY_MULTIPLIER":1.021586917523,"EQUITY_RATIO":0.021586917523},{"SECUCODE":"00212.HK","SECURITY_CODE":"00212","SECURITY_NAME_ABBR":"NANYANG HOLD","ORG_CODE":"10007477","STD_REPORT_DATE":"2023-12-31 00:00:00","REPORT_DATE":"2023-12-31 00:00:00","DATE_TYPE_CODE":"001","REPORT_TYPE":"2023年年报","PER_NETCASH_OPERATE":-0.186725232631,"PER_OI":5.229427025138,"BPS":139.014041039177,"BASIC_EPS":1.3049568,"DILUTED_EPS":1.3049568,"OPERATE_INCOME":177631807.08,"OPERATE_INCOME_YOY":106.1786052382,"GROSS_PROFIT":159372380.3,"GROSS_PROFIT_YOY":132.449861948824,"HOLDER_PROFIT":44369437.42,"HOLDER_PROFIT_YOY":299.0952070427,"GROSS_PROFIT_RATIO":89.720632199741,"EPS_TTM":1.306222905393,"OPERATE_INCOME_QOQ":5.196127946913,"NET_PROFIT_RATIO":24.9783178753,"ROE_AVG":0.952928233572,"GROSS_PROFIT_QOQ":5.870011109423,"ROA":0.936177283422,"HOLDER_PROFIT_QOQ":-67.320735446792,"ROE_YEARLY":0.952928233572,"ROIC_YEARLY":0.956500249572,"TOTAL_ASSETS":4804266425.7,"TOTAL_LIABILITIES":82273901.36,"TAX_EBT":30.481761774269,"OCF_SALES":-3.570663319967,"TOTAL_PARENT_EQUITY":4721992524.34,"DEBT_ASSET_RATIO":1.7125174599,"OPERATE_PROFIT":59399096.12,"PRETAX_PROFIT":63824168.38,"NETCASH_OPERATE":-6342633.78,"NETCASH_INVEST":66030814.08,"NETCASH_FINANCE":-34034904.54,"END_CASH":113529429.16,"DIVI_RATIO":0.41626279692,"DIVIDEND_RATE":2.448979591837,"CURRENT_RATIO":8.936138784487,"COMMON_ACS":60000000,"CURRENTDEBT_DEBT":67.111292241265,"ISSUED_COMMON_SHARES":33967738,"HK_COMMON_SHARES":33967738,"PER_SHARES":500,"TOTAL_MARKET_CAP":832209581,"HKSK_MARKET_CAP":832209581,"PE_TTM":-6.901263649783,"PB_TTM":0.1676340626,"REPORT_DATE_SQ":"2022-12-31 00:00:00","REPORT_TYPE_SQ":"2022年年报","OPERATE_INCOME_SQ":84923178.9,"DPS_HKD":0.6,"OPERATE_INCOME_QOQ_SQ":16.739234999137,"NET_PROFIT_RATIO_SQ":12.9041758704,"HOLDER_PROFIT_SQ":10958636.36,"HOLDER_PROFIT_QOQ_SQ":-46.587890677546,"ROE_AVG_SQ":0.232961840725,"PE_TTM_SQ":5.493767896975,"PB_TTM_SQ":0.156862561405,"ROA_SQ":0.229054182479,"START_DATE":"2023-01-01 00:00:00","FISCAL_YEAR":"12-31","CURRENCY":"HKD","IS_CNY_CODE":0,"DPS_HKD_LY":0.3,"ORG_TYPE":"一般企业","PREMIUM_INCOME":null,"PREMIUM_INCOME_YOY":null,"NET_INTEREST_INCOME":null,"NET_INTEREST_INCOME_YOY":null,"FEE_COMMISSION_INCOME":null,"FEE_COMMISSION_INCOME_YOY":null,"ACCOUNTS_RECE_TDAYS":19.021251819505,"INVENTORY_TDAYS":null,"CURRENT_ASSETS_TDAYS":0.392934499891,"TOTAL_ASSETS_TDAYS":0.037479596829,"PREMIUM_EXPENSE":null,"LOAN_DEPOSIT":null,"LOAN_EQUITY":null,"LOAN_ASSETS":null,"DEPOSIT_EQUITY":null,"DEPOSIT_ASSETS":null,"EQUITY_MULTIPLIER":1.017423556038,"EQUITY_RATIO":0.017423556038},{"SECUCODE":"00212.HK","SECURITY_CODE":"00212","SECURITY_NAME_ABBR":"NANYANG HOLD","ORG_CODE":"10007477","STD_REPORT_DATE":"2023-06-30 00:00:00","REPORT_DATE":"2023-06-30 00:00:00","DATE_TYPE_CODE":"002","REPORT_TYPE":"2023年中报","PER_NETCASH_OPERATE":-0.302398092567,"PER_OI":3.869615300848,"BPS":141.063105191167,"BASIC_EPS":3.411326,"DILUTED_EPS":3.411326,"OPERATE_INCOME":131442078.7,"OPERATE_INCOME_YOY":156.6334245392,"GROSS_PROFIT":122083981.7,"GROSS_PROFIT_YOY":204.372007612209,"HOLDER_PROFIT":115993381.82,"HOLDER_PROFIT_YOY":1319.7886368043,"GROSS_PROFIT_RATIO":92.880440500824,"EPS_TTM":3.997100067128,"OPERATE_INCOME_QOQ":98.835871321817,"NET_PROFIT_RATIO":88.2467646337,"ROE_AVG":2.451860825341,"GROSS_PROFIT_QOQ":119.561573209409,"ROA":2.404256797153,"HOLDER_PROFIT_QOQ":1138.95385684647,"ROE_YEARLY":4.903721650682,"ROIC_YEARLY":4.876967146595,"TOTAL_ASSETS":4893118426.3,"TOTAL_LIABILITIES":101523827.7,"TAX_EBT":13.38272046927,"OCF_SALES":-7.814681022691,"TOTAL_PARENT_EQUITY":4791594598.6,"DEBT_ASSET_RATIO":2.0748287463,"OPERATE_PROFIT":133060153.6,"PRETAX_PROFIT":133914829.06,"NETCASH_OPERATE":-10271779.18,"NETCASH_INVEST":533826.42,"NETCASH_FINANCE":-33844963.82,"END_CASH":46036305.36,"DIVI_RATIO":0.136031620642,"DIVIDEND_RATE":2.448979591837,"CURRENT_RATIO":6.824520582971,"COMMON_ACS":60000000,"CURRENTDEBT_DEBT":71.034827226082,"ISSUED_COMMON_SHARES":33967738,"HK_COMMON_SHARES":33967738,"PER_SHARES":500,"TOTAL_MARKET_CAP":832209581,"HKSK_MARKET_CAP":832209581,"PE_TTM":-6.901263649783,"PB_TTM":0.1676340626,"REPORT_DATE_SQ":"2022-06-30 00:00:00","REPORT_TYPE_SQ":"2022年中报","OPERATE_INCOME_SQ":47507514.88,"DPS_HKD":0.6,"OPERATE_INCOME_QOQ_SQ":-54.488669338892,"NET_PROFIT_RATIO_SQ":-18.5663882488,"HOLDER_PROFIT_SQ":-8820429.66,"HOLDER_PROFIT_QOQ_SQ":-86.842102547368,"ROE_AVG_SQ":-0.187646377,"PE_TTM_SQ":5.493767896975,"PB_TTM_SQ":0.156862561405,"ROA_SQ":-0.184357810017,"START_DATE":"2023-01-01 00:00:00","FISCAL_YEAR":"12-31","CURRENCY":"HKD","IS_CNY_CODE":0,"DPS_HKD_LY":0.3,"ORG_TYPE":"一般企业","PREMIUM_INCOME":null,"PREMIUM_INCOME_YOY":null,"NET_INTEREST_INCOME":null,"NET_INTEREST_INCOME_YOY":null,"FEE_COMMISSION_INCOME":null,"FEE_COMMISSION_INCOME_YOY":null,"ACCOUNTS_RECE_TDAYS":2.696060818094,"INVENTORY_TDAYS":null,"CURRENT_ASSETS_TDAYS":0.288874682509,"TOTAL_ASSETS_TDAYS":0.027244701912,"PREMIUM_EXPENSE":null,"LOAN_DEPOSIT":null,"LOAN_EQUITY":null,"LOAN_ASSETS":null,"DEPOSIT_EQUITY":null,"DEPOSIT_ASSETS":null,"EQUITY_MULTIPLIER":1.021187900105,"EQUITY_RATIO":0.021187900105},{"SECUCODE":"00212.HK","SECURITY_CODE":"00212","SECURITY_NAME_ABBR":"NANYANG HOLD","ORG_CODE":"10007477","STD_REPORT_DATE":"2022-12-31 00:00:00","REPORT_DATE":"2022-12-31 00:00:00","DATE_TYPE_CODE":"001","REPORT_TYPE":"2022年年报","PER_NETCASH_OPERATE":1.572333527184,"PER_OI":2.500112868864,"BPS":133.204130744885,"BASIC_EPS":0.3215772,"DILUTED_EPS":0.3215772,"OPERATE_INCOME":84923178.9,"OPERATE_INCOME_YOY":-51.371092731,"GROSS_PROFIT":68562045.58,"GROSS_PROFIT_YOY":-53.013006195738,"HOLDER_PROFIT":10958636.36,"HOLDER_PROFIT_YOY":-93.5674323736,"GROSS_PROFIT_RATIO":80.734195855685,"EPS_TTM":0.322618961557,"OPERATE_INCOME_QOQ":16.739234999137,"NET_PROFIT_RATIO":12.9041758704,"ROE_AVG":0.232961840725,"GROSS_PROFIT_QOQ":17.396881444548,"ROA":0.229054182479,"HOLDER_PROFIT_QOQ":-46.587890677546,"ROE_YEARLY":0.232961840725,"ROIC_YEARLY":0.234321265763,"TOTAL_ASSETS":4607786798.72,"TOTAL_LIABILITIES":83143785.06,"TAX_EBT":65.08921203153,"OCF_SALES":62.890501735563,"TOTAL_PARENT_EQUITY":4524643013.66,"DEBT_ASSET_RATIO":1.8044190995,"OPERATE_PROFIT":31336804.87,"PRETAX_PROFIT":31390401.07,"NETCASH_OPERATE":54425154.56,"NETCASH_INVEST":-50617144.55,"NETCASH_FINANCE":-45696120.12,"END_CASH":86614139.01,"DIVI_RATIO":1.685369010476,"DIVIDEND_RATE":2.448979591837,"CURRENT_RATIO":7.590403617485,"COMMON_ACS":60000000,"CURRENTDEBT_DEBT":64.150497432261,"ISSUED_COMMON_SHARES":33967738,"HK_COMMON_SHARES":33967738,"PER_SHARES":500,"TOTAL_MARKET_CAP":832209581,"HKSK_MARKET_CAP":832209581,"PE_TTM":-6.901263649783,"PB_TTM":0.1676340626,"REPORT_DATE_SQ":"2021-12-31 00:00:00","REPORT_TYPE_SQ":"2021年年报","OPERATE_INCOME_SQ":159841617.6,"DPS_HKD":0.6,"OPERATE_INCOME_QOQ_SQ":-27.87679181017,"NET_PROFIT_RATIO_SQ":97.5529536933,"HOLDER_PROFIT_SQ":155930219.2,"HOLDER_PROFIT_QOQ_SQ":-2.869520386121,"ROE_AVG_SQ":3.65153730473,"PE_TTM_SQ":5.493767896975,"PB_TTM_SQ":0.156862561405,"ROA_SQ":3.590967798179,"START_DATE":"2022-01-01 00:00:00","FISCAL_YEAR":"12-31","CURRENCY":"HKD","IS_CNY_CODE":0,"DPS_HKD_LY":0.7,"ORG_TYPE":"一般企业","PREMIUM_INCOME":null,"PREMIUM_INCOME_YOY":null,"NET_INTEREST_INCOME":null,"NET_INTEREST_INCOME_YOY":null,"FEE_COMMISSION_INCOME":null,"FEE_COMMISSION_INCOME_YOY":null,"ACCOUNTS_RECE_TDAYS":9.508901780356,"INVENTORY_TDAYS":null,"CURRENT_ASSETS_TDAYS":0.179573703701,"TOTAL_ASSETS_TDAYS":0.017750392182,"PREMIUM_EXPENSE":null,"LOAN_DEPOSIT":null,"LOAN_EQUITY":null,"LOAN_ASSETS":null,"DEPOSIT_EQUITY":null,"DEPOSIT_ASSETS":null,"EQUITY_MULTIPLIER":1.018375766842,"EQUITY_RATIO":0.018375766841},{"SECUCODE":"00212.HK","SECURITY_CODE":"00212","SECURITY_NAME_ABBR":"NANYANG HOLD","ORG_CODE":"10007477","STD_REPORT_DATE":"2022-06-30 00:00:00","REPORT_DATE":"2022-06-30 00:00:00","DATE_TYPE_CODE":"002","REPORT_TYPE":"2022年中报","PER_NETCASH_OPERATE":0.711161630192,"PER_OI":1.398606962878,"BPS":139.127530364548,"BASIC_EPS":-0.256557,"DILUTED_EPS":-0.256557,"OPERATE_INCOME":47507514.88,"OPERATE_INCOME_YOY":-65.6592506506,"GROSS_PROFIT":40110121.38,"GROSS_PROFIT_YOY":-68.571957776553,"HOLDER_PROFIT":-8820429.66,"HOLDER_PROFIT_YOY":-106.77928224,"GROSS_PROFIT_RATIO":84.429003456221,"EPS_TTM":0.604018387683,"OPERATE_INCOME_QOQ":-54.488669338892,"NET_PROFIT_RATIO":-18.5663882488,"ROE_AVG":-0.187646377,"GROSS_PROFIT_QOQ":-59.975943801833,"ROA":-0.184357810017,"HOLDER_PROFIT_QOQ":-86.842102547368,"ROE_YEARLY":-0.375292754001,"ROIC_YEARLY":-0.377615188376,"TOTAL_ASSETS":4819483963.49,"TOTAL_LIABILITIES":93636463.48,"TAX_EBT":206.858682138417,"OCF_SALES":50.847854262673,"TOTAL_PARENT_EQUITY":4725847500.01,"DEBT_ASSET_RATIO":1.9428732244,"OPERATE_PROFIT":9898824.25,"PRETAX_PROFIT":8254293.88,"NETCASH_OPERATE":24156551.93,"NETCASH_INVEST":4275.95,"NETCASH_FINANCE":-44771762.07,"END_CASH":102523597.96,"DIVI_RATIO":0.900191138362,"DIVIDEND_RATE":2.448979591837,"CURRENT_RATIO":7.855985963018,"COMMON_ACS":60000000,"CURRENTDEBT_DEBT":67.66704416761,"ISSUED_COMMON_SHARES":33967738,"HK_COMMON_SHARES":33967738,"PER_SHARES":500,"TOTAL_MARKET_CAP":832209581,"HKSK_MARKET_CAP":832209581,"PE_TTM":-6.901263649783,"PB_TTM":0.1676340626,"REPORT_DATE_SQ":"2021-06-30 00:00:00","REPORT_TYPE_SQ":"2021年中报","OPERATE_INCOME_SQ":134603085.36,"DPS_HKD":0.6,"OPERATE_INCOME_QOQ_SQ":16.926860744976,"NET_PROFIT_RATIO_SQ":94.0488480345,"HOLDER_PROFIT_SQ":126592651.2,"HOLDER_PROFIT_QOQ_SQ":119.835999341922,"ROE_AVG_SQ":2.958820680278,"PE_TTM_SQ":5.493767896975,"PB_TTM_SQ":0.156862561405,"ROA_SQ":2.903950233157,"START_DATE":"2022-01-01 00:00:00","FISCAL_YEAR":"12-31","CURRENCY":"HKD","IS_CNY_CODE":0,"DPS_HKD_LY":0.7,"ORG_TYPE":"一般企业","PREMIUM_INCOME":null,"PREMIUM_INCOME_YOY":null,"NET_INTEREST_INCOME":null,"NET_INTEREST_INCOME_YOY":null,"FEE_COMMISSION_INCOME":null,"FEE_COMMISSION_INCOME_YOY":null,"ACCOUNTS_RECE_TDAYS":1.082536805901,"INVENTORY_TDAYS":null,"CURRENT_ASSETS_TDAYS":0.093548028574,"TOTAL_ASSETS_TDAYS":0.009929653929,"PREMIUM_EXPENSE":null,"LOAN_DEPOSIT":null,"LOAN_EQUITY":null,"LOAN_ASSETS":null,"DEPOSIT_EQUITY":null,"DEPOSIT_ASSETS":null,"EQUITY_MULTIPLIER":1.019813687065,"EQUITY_RATIO":0.019813687065},{"SECUCODE":"00212.HK","SECURITY_CODE":"00212","SECURITY_NAME_ABBR":"NANYANG HOLD","ORG_CODE":"10007477","STD_REPORT_DATE":"2021-12-31 00:00:00","REPORT_DATE":"2021-12-31 00:00:00","DATE_TYPE_CODE":"001","REPORT_TYPE":"2021年年报","PER_NETCASH_OPERATE":0.258245939132,"PER_OI":4.705689192492,"BPS":131.588665880548,"BASIC_EPS":4.570384,"DILUTED_EPS":4.570384,"OPERATE_INCOME":159841617.6,"OPERATE_INCOME_YOY":-13.1889894895,"GROSS_PROFIT":145917072,"GROSS_PROFIT_YOY":-16.981199893725,"HOLDER_PROFIT":155930219.2,"HOLDER_PROFIT_YOY":119.8061452643,"GROSS_PROFIT_RATIO":91.288535608514,"EPS_TTM":4.590538798904,"OPERATE_INCOME_QOQ":-27.87679181017,"NET_PROFIT_RATIO":97.5529536933,"ROE_AVG":3.65153730473,"GROSS_PROFIT_QOQ":-29.907118071858,"ROA":3.590967798179,"HOLDER_PROFIT_QOQ":-2.869520386121,"ROE_YEARLY":3.65153730473,"ROIC_YEARLY":3.68358133485,"TOTAL_ASSETS":4540574304,"TOTAL_LIABILITIES":70804977.6,"TAX_EBT":10.140878251037,"OCF_SALES":5.487951468279,"TOTAL_PARENT_EQUITY":4469769326.4,"DEBT_ASSET_RATIO":1.5593837444,"OPERATE_PROFIT":164472504,"PRETAX_PROFIT":173527424,"NETCASH_OPERATE":8772030.4,"NETCASH_INVEST":57859099.2,"NETCASH_FINANCE":-49922656,"END_CASH":117586414.4,"DIVI_RATIO":0.118446226863,"DIVIDEND_RATE":2.448979591837,"CURRENT_RATIO":10.464061096137,"COMMON_ACS":60000000,"CURRENTDEBT_DEBT":66.830637059618,"ISSUED_COMMON_SHARES":33967738,"HK_COMMON_SHARES":33967738,"PER_SHARES":500,"TOTAL_MARKET_CAP":832209581,"HKSK_MARKET_CAP":832209581,"PE_TTM":-6.901263649783,"PB_TTM":0.1676340626,"REPORT_DATE_SQ":"2020-12-31 00:00:00","REPORT_TYPE_SQ":"2020年年报","OPERATE_INCOME_SQ":189539852.92,"DPS_HKD":0.6,"OPERATE_INCOME_QOQ_SQ":14.865237512273,"NET_PROFIT_RATIO_SQ":38.5279059338,"HOLDER_PROFIT_SQ":73025736.24,"HOLDER_PROFIT_QOQ_SQ":356.813591852419,"ROE_AVG_SQ":1.684675127839,"PE_TTM_SQ":5.493767896975,"PB_TTM_SQ":0.156862561405,"ROA_SQ":1.653747892932,"START_DATE":"2021-01-01 00:00:00","FISCAL_YEAR":"12-31","CURRENCY":"HKD","IS_CNY_CODE":0,"DPS_HKD_LY":0.7,"ORG_TYPE":"一般企业","PREMIUM_INCOME":null,"PREMIUM_INCOME_YOY":null,"NET_INTEREST_INCOME":null,"NET_INTEREST_INCOME_YOY":null,"FEE_COMMISSION_INCOME":null,"FEE_COMMISSION_INCOME_YOY":null,"ACCOUNTS_RECE_TDAYS":19.829698752409,"INVENTORY_TDAYS":null,"CURRENT_ASSETS_TDAYS":0.339849545638,"TOTAL_ASSETS_TDAYS":0.036810446657,"PREMIUM_EXPENSE":null,"LOAN_DEPOSIT":null,"LOAN_EQUITY":null,"LOAN_ASSETS":null,"DEPOSIT_EQUITY":null,"DEPOSIT_ASSETS":null,"EQUITY_MULTIPLIER":1.015840857196,"EQUITY_RATIO":0.015840857196},{"SECUCODE":"00212.HK","SECURITY_CODE":"00212","SECURITY_NAME_ABBR":"NANYANG HOLD","ORG_CODE":"10007477","STD_REPORT_DATE":"2021-06-30 00:00:00","REPORT_DATE":"2021-06-30 00:00:00","DATE_TYPE_CODE":"002","REPORT_TYPE":"2021年中报","PER_NETCASH_OPERATE":-0.084136307995,"PER_OI":3.943922960132,"BPS":129.950278158646,"BASIC_EPS":3.702756,"DILUTED_EPS":3.702756,"OPERATE_INCOME":134603085.36,"OPERATE_INCOME_YOY":44.1324007662,"GROSS_PROFIT":127625262.48,"GROSS_PROFIT_YOY":34.042664417817,"HOLDER_PROFIT":126592651.2,"HOLDER_PROFIT_YOY":255.5919130536,"GROSS_PROFIT_RATIO":94.816000791262,"EPS_TTM":4.703792596834,"OPERATE_INCOME_QOQ":16.926860744976,"NET_PROFIT_RATIO":94.0488480345,"ROE_AVG":2.958820680278,"GROSS_PROFIT_QOQ":18.441128146769,"ROA":2.903950233157,"HOLDER_PROFIT_QOQ":119.835999341922,"ROE_YEARLY":5.917641360556,"ROIC_YEARLY":5.91457647255,"TOTAL_ASSETS":4501254915.36,"TOTAL_LIABILITIES":87137913.84,"TAX_EBT":11.457969597505,"OCF_SALES":-2.133315200257,"TOTAL_PARENT_EQUITY":4414117001.52,"DEBT_ASSET_RATIO":1.9358582324,"OPERATE_PROFIT":140103134.16,"PRETAX_PROFIT":142974642.24,"NETCASH_OPERATE":-2871508.08,"NETCASH_INVEST":-21634.08,"NETCASH_FINANCE":-44978916.48,"END_CASH":54702603.36,"DIVI_RATIO":0.115594382364,"DIVIDEND_RATE":2.448979591837,"CURRENT_RATIO":8.138438745542,"COMMON_ACS":60000000,"CURRENTDEBT_DEBT":72.832138116746,"ISSUED_COMMON_SHARES":33967738,"HK_COMMON_SHARES":33967738,"PER_SHARES":500,"TOTAL_MARKET_CAP":832209581,"HKSK_MARKET_CAP":832209581,"PE_TTM":-6.901263649783,"PB_TTM":0.1676340626,"REPORT_DATE_SQ":"2020-06-30 00:00:00","REPORT_TYPE_SQ":"2020年中报","OPERATE_INCOME_SQ":102519938.4,"DPS_HKD":0.6,"OPERATE_INCOME_QOQ_SQ":-19.523243975041,"NET_PROFIT_RATIO_SQ":38.1209070254,"HOLDER_PROFIT_SQ":39081530.4,"HOLDER_PROFIT_QOQ_SQ":-152.65942700796,"ROE_AVG_SQ":0.8252679951,"PE_TTM_SQ":5.493767896975,"PB_TTM_SQ":0.156862561405,"ROA_SQ":0.808158996428,"START_DATE":"2021-01-01 00:00:00","FISCAL_YEAR":"12-31","CURRENCY":"HKD","IS_CNY_CODE":0,"DPS_HKD_LY":0.7,"ORG_TYPE":"一般企业","PREMIUM_INCOME":null,"PREMIUM_INCOME_YOY":null,"NET_INTEREST_INCOME":null,"NET_INTEREST_INCOME_YOY":null,"FEE_COMMISSION_INCOME":null,"FEE_COMMISSION_INCOME_YOY":null,"ACCOUNTS_RECE_TDAYS":3.156521654292,"INVENTORY_TDAYS":null,"CURRENT_ASSETS_TDAYS":0.277561014111,"TOTAL_ASSETS_TDAYS":0.030877042025,"PREMIUM_EXPENSE":null,"LOAN_DEPOSIT":null,"LOAN_EQUITY":null,"LOAN_ASSETS":null,"DEPOSIT_EQUITY":null,"DEPOSIT_ASSETS":null,"EQUITY_MULTIPLIER":1.019740734967,"EQUITY_RATIO":0.019740734967},{"SECUCODE":"00212.HK","SECURITY_CODE":"00212","SECURITY_NAME_ABBR":"NANYANG HOLD","ORG_CODE":"10007477","STD_REPORT_DATE":"2020-12-31 00:00:00","REPORT_DATE":"2020-12-31 00:00:00","DATE_TYPE_CODE":"001","REPORT_TYPE":"2020年年报","PER_NETCASH_OPERATE":0.784983558108,"PER_OI":5.544494173772,"BPS":123.365533763832,"BASIC_EPS":2.1293492,"DILUTED_EPS":2.1293492,"OPERATE_INCOME":189539852.92,"OPERATE_INCOME_YOY":-1.6138263062,"GROSS_PROFIT":175763889.4,"GROSS_PROFIT_YOY":-7.543406201939,"HOLDER_PROFIT":73025736.24,"HOLDER_PROFIT_YOY":43.9359002007,"GROSS_PROFIT_RATIO":92.731890782983,"EPS_TTM":2.136177499773,"OPERATE_INCOME_QOQ":14.865237512273,"NET_PROFIT_RATIO":38.5279059338,"ROE_AVG":1.684675127839,"GROSS_PROFIT_QOQ":17.263712539851,"ROA":1.653747892932,"HOLDER_PROFIT_QOQ":356.813591852419,"ROE_YEARLY":1.684675127839,"ROIC_YEARLY":1.686555114087,"TOTAL_ASSETS":4265851498.36,"TOTAL_LIABILITIES":75403369.24,"TAX_EBT":22.982832998988,"OCF_SALES":14.157893100891,"TOTAL_PARENT_EQUITY":4190448129.12,"DEBT_ASSET_RATIO":1.7676041763,"OPERATE_PROFIT":111121729.2,"PRETAX_PROFIT":94817479.12,"NETCASH_OPERATE":26834849.76,"NETCASH_INVEST":66663779.48,"NETCASH_FINANCE":-57755020.08,"END_CASH":103726238.52,"DIVI_RATIO":0.254535028132,"DIVIDEND_RATE":2.448979591837,"CURRENT_RATIO":8.881197639926,"COMMON_ACS":60000000,"CURRENTDEBT_DEBT":68.482325233561,"ISSUED_COMMON_SHARES":33967738,"HK_COMMON_SHARES":33967738,"PER_SHARES":500,"TOTAL_MARKET_CAP":832209581,"HKSK_MARKET_CAP":832209581,"PE_TTM":-6.901263649783,"PB_TTM":0.1676340626,"REPORT_DATE_SQ":"2019-12-31 00:00:00","REPORT_TYPE_SQ":"2019年年报","OPERATE_INCOME_SQ":205041354.66,"DPS_HKD":0.6,"OPERATE_INCOME_QOQ_SQ":29.724631498598,"NET_PROFIT_RATIO_SQ":26.3354259776,"HOLDER_PROFIT_SQ":53998514.18,"HOLDER_PROFIT_QOQ_SQ":-68.663323862352,"ROE_AVG_SQ":1.19727879807,"PE_TTM_SQ":5.493767896975,"PB_TTM_SQ":0.156862561405,"ROA_SQ":1.175318754592,"START_DATE":"2020-01-01 00:00:00","FISCAL_YEAR":"12-31","CURRENCY":"HKD","IS_CNY_CODE":0,"DPS_HKD_LY":0.7,"ORG_TYPE":"一般企业","PREMIUM_INCOME":null,"PREMIUM_INCOME_YOY":null,"NET_INTEREST_INCOME":null,"NET_INTEREST_INCOME_YOY":null,"FEE_COMMISSION_INCOME":null,"FEE_COMMISSION_INCOME_YOY":null,"ACCOUNTS_RECE_TDAYS":21.830457541683,"INVENTORY_TDAYS":null,"CURRENT_ASSETS_TDAYS":0.444215852101,"TOTAL_ASSETS_TDAYS":0.042923378597,"PREMIUM_EXPENSE":null,"LOAN_DEPOSIT":null,"LOAN_EQUITY":null,"LOAN_ASSETS":null,"DEPOSIT_EQUITY":null,"DEPOSIT_ASSETS":null,"EQUITY_MULTIPLIER":1.017994106338,"EQUITY_RATIO":0.017994106338},{"SECUCODE":"00212.HK","SECURITY_CODE":"00212","SECURITY_NAME_ABBR":"NANYANG HOLD","ORG_CODE":"10007477","STD_REPORT_DATE":"2020-06-30 00:00:00","REPORT_DATE":"2020-06-30 00:00:00","DATE_TYPE_CODE":"002","REPORT_TYPE":"2020年中报","PER_NETCASH_OPERATE":0.338480026817,"PER_OI":2.982594473562,"BPS":135.721967050029,"BASIC_EPS":1.1326656,"DILUTED_EPS":1.1326656,"OPERATE_INCOME":102519938.4,"OPERATE_INCOME_YOY":-30.7413669686,"GROSS_PROFIT":95212418.4,"GROSS_PROFIT_YOY":-29.695660363776,"HOLDER_PROFIT":39081530.4,"HOLDER_PROFIT_YOY":-69.0275736758,"GROSS_PROFIT_RATIO":92.872098721433,"EPS_TTM":-0.827263401595,"OPERATE_INCOME_QOQ":-19.523243975041,"NET_PROFIT_RATIO":38.1209070254,"ROE_AVG":0.8252679951,"GROSS_PROFIT_QOQ":-21.154983246296,"ROA":0.808158996428,"HOLDER_PROFIT_QOQ":-152.65942700796,"ROE_YEARLY":1.650535990201,"ROIC_YEARLY":1.634968024309,"TOTAL_ASSETS":4716552920.64,"TOTAL_LIABILITIES":106384703.04,"TAX_EBT":34.742156399189,"OCF_SALES":11.348509823139,"TOTAL_PARENT_EQUITY":4610168217.6,"DEBT_ASSET_RATIO":2.2555604661,"OPERATE_PROFIT":65414178.72,"PRETAX_PROFIT":59887866.72,"NETCASH_OPERATE":11634485.28,"NETCASH_INVEST":55719.84,"NETCASH_FINANCE":-49016103.84,"END_CASH":36451736.64,"DIVI_RATIO":-0.657265870764,"DIVIDEND_RATE":2.448979591837,"CURRENT_RATIO":5.6858753123,"COMMON_ACS":60000000,"CURRENTDEBT_DEBT":73.88851682036,"ISSUED_COMMON_SHARES":33967738,"HK_COMMON_SHARES":33967738,"PER_SHARES":500,"TOTAL_MARKET_CAP":832209581,"HKSK_MARKET_CAP":832209581,"PE_TTM":-6.901263649783,"PB_TTM":0.1676340626,"REPORT_DATE_SQ":"2019-06-30 00:00:00","REPORT_TYPE_SQ":"2019年中报","OPERATE_INCOME_SQ":142550662.32,"DPS_HKD":0.6,"OPERATE_INCOME_QOQ_SQ":47.904213991589,"NET_PROFIT_RATIO_SQ":85.2436255029,"HOLDER_PROFIT_SQ":121515352.74,"HOLDER_PROFIT_QOQ_SQ":-41.209637192286,"ROE_AVG_SQ":2.705227104911,"PE_TTM_SQ":5.493767896975,"PB_TTM_SQ":0.156862561405,"ROA_SQ":2.653202472563,"START_DATE":"2020-01-01 00:00:00","FISCAL_YEAR":"12-31","CURRENCY":"HKD","IS_CNY_CODE":0,"DPS_HKD_LY":0.7,"ORG_TYPE":"一般企业","PREMIUM_INCOME":null,"PREMIUM_INCOME_YOY":null,"NET_INTEREST_INCOME":null,"NET_INTEREST_INCOME_YOY":null,"FEE_COMMISSION_INCOME":null,"FEE_COMMISSION_INCOME_YOY":null,"ACCOUNTS_RECE_TDAYS":1.93909813407,"INVENTORY_TDAYS":null,"CURRENT_ASSETS_TDAYS":0.23422891345,"TOTAL_ASSETS_TDAYS":0.021199888971,"PREMIUM_EXPENSE":null,"LOAN_DEPOSIT":null,"LOAN_EQUITY":null,"LOAN_ASSETS":null,"DEPOSIT_EQUITY":null,"DEPOSIT_ASSETS":null,"EQUITY_MULTIPLIER":1.023076100051,"EQUITY_RATIO":0.023076100051}],"count":48},"success":true,"message":"ok","code":0}