{"version":"e82d163d95267f047062ccd6e324e30c","result":{"pages":6,"data":[{"SECUCODE":"00222.HK","SECURITY_CODE":"00222","SECURITY_NAME_ABBR":"闽信集团","ORG_CODE":"10057818","STD_REPORT_DATE":"2024-06-30 00:00:00","REPORT_DATE":"2024-06-30 00:00:00","DATE_TYPE_CODE":"002","REPORT_TYPE":"2024年中报","PER_NETCASH_OPERATE":-0.032461826416,"PER_OI":0.186351024232,"BPS":12.274791049134,"BASIC_EPS":0.050836276,"DILUTED_EPS":0.050836276,"OPERATE_INCOME":111299500.64,"OPERATE_INCOME_YOY":-3.3462788301,"GROSS_PROFIT":null,"GROSS_PROFIT_YOY":null,"HOLDER_PROFIT":30384942.56,"HOLDER_PROFIT_YOY":-71.1812468621,"GROSS_PROFIT_RATIO":null,"EPS_TTM":-0.067660638502,"OPERATE_INCOME_QOQ":-2.228675018877,"NET_PROFIT_RATIO":27.3001607242,"ROE_AVG":0.413512154279,"GROSS_PROFIT_QOQ":null,"ROA":0.362530118737,"HOLDER_PROFIT_QOQ":-213.153623550287,"ROE_YEARLY":0.827024308558,"ROIC_YEARLY":0.769266095721,"TOTAL_ASSETS":8379998677.32,"TOTAL_LIABILITIES":1048790706.44,"TAX_EBT":9.110267820579,"OCF_SALES":-17.419719880605,"TOTAL_PARENT_EQUITY":7331207970.88,"DEBT_ASSET_RATIO":12.5154042002,"OPERATE_PROFIT":-12641530.68,"PRETAX_PROFIT":33430555.72,"NETCASH_OPERATE":-19388061.24,"NETCASH_INVEST":264770293.36,"NETCASH_FINANCE":-32591802.8,"END_CASH":584127977.52,"DIVI_RATIO":-1.20542462806,"DIVIDEND_RATE":4.347826086957,"CURRENT_RATIO":null,"COMMON_ACS":null,"CURRENTDEBT_DEBT":null,"ISSUED_COMMON_SHARES":597257252,"HK_COMMON_SHARES":597257252,"PER_SHARES":2000,"TOTAL_MARKET_CAP":1236322511.64,"HKSK_MARKET_CAP":1236322511.64,"PE_TTM":-28.871873885243,"PB_TTM":0.153912811423,"REPORT_DATE_SQ":"2023-06-30 00:00:00","REPORT_TYPE_SQ":"2023年中报","OPERATE_INCOME_SQ":116326216.6,"DPS_HKD":0.09,"OPERATE_INCOME_QOQ_SQ":9.217115164124,"NET_PROFIT_RATIO_SQ":91.5605928509,"HOLDER_PROFIT_SQ":106508973.56,"HOLDER_PROFIT_QOQ_SQ":-24.719582538893,"ROE_AVG_SQ":1.409742356716,"PE_TTM_SQ":4.988115147567,"PB_TTM_SQ":0.197672283613,"ROA_SQ":1.24094877442,"START_DATE":"2024-01-01 00:00:00","FISCAL_YEAR":"12-31","CURRENCY":"HKD","IS_CNY_CODE":0,"DPS_HKD_LY":0.09,"ORG_TYPE":"银行","PREMIUM_INCOME":null,"PREMIUM_INCOME_YOY":null,"NET_INTEREST_INCOME":5834763.24,"NET_INTEREST_INCOME_YOY":39.008480104371,"FEE_COMMISSION_INCOME":null,"FEE_COMMISSION_INCOME_YOY":null,"ACCOUNTS_RECE_TDAYS":null,"INVENTORY_TDAYS":null,"CURRENT_ASSETS_TDAYS":null,"TOTAL_ASSETS_TDAYS":0.013279413348,"PREMIUM_EXPENSE":null,"LOAN_DEPOSIT":null,"LOAN_EQUITY":0.001837259493,"LOAN_ASSETS":0.160731904129,"DEPOSIT_EQUITY":null,"DEPOSIT_ASSETS":null,"EQUITY_MULTIPLIER":1.143058376001,"EQUITY_RATIO":0.143058376001},{"SECUCODE":"00222.HK","SECURITY_CODE":"00222","SECURITY_NAME_ABBR":"闽信集团","ORG_CODE":"10057818","STD_REPORT_DATE":"2023-12-31 00:00:00","REPORT_DATE":"2023-12-31 00:00:00","DATE_TYPE_CODE":"001","REPORT_TYPE":"2023年年报","PER_NETCASH_OPERATE":-0.024272290192,"PER_OI":0.37763841729,"BPS":12.243797717838,"BASIC_EPS":0.05981052,"DILUTED_EPS":0.05981052,"OPERATE_INCOME":225547283.36,"OPERATE_INCOME_YOY":2.8263105926,"GROSS_PROFIT":null,"GROSS_PROFIT_YOY":null,"HOLDER_PROFIT":35713223.98,"HOLDER_PROFIT_YOY":-91.3760014355,"GROSS_PROFIT_RATIO":null,"EPS_TTM":0.059795379395,"OPERATE_INCOME_QOQ":7.41161739683,"NET_PROFIT_RATIO":15.8340297644,"ROE_AVG":0.48263288861,"GROSS_PROFIT_QOQ":null,"ROA":0.425479770034,"HOLDER_PROFIT_QOQ":-88.101994746862,"ROE_YEARLY":0.48263288861,"ROIC_YEARLY":0.461486639471,"TOTAL_ASSETS":8323381489.5,"TOTAL_LIABILITIES":1010684510.5,"TAX_EBT":-32.418265515272,"OCF_SALES":-6.427389026389,"TOTAL_PARENT_EQUITY":7312696979,"DEBT_ASSET_RATIO":12.1427152147,"OPERATE_PROFIT":3297734.58,"PRETAX_PROFIT":26970013.42,"NETCASH_OPERATE":-14496801.34,"NETCASH_INVEST":98650202.98,"NETCASH_FINANCE":81877883.22,"END_CASH":376457381.3,"DIVI_RATIO":1.363981645817,"DIVIDEND_RATE":4.615384615385,"CURRENT_RATIO":null,"COMMON_ACS":null,"CURRENTDEBT_DEBT":null,"ISSUED_COMMON_SHARES":597257252,"HK_COMMON_SHARES":597257252,"PER_SHARES":2000,"TOTAL_MARKET_CAP":1164651641.4,"HKSK_MARKET_CAP":1164651641.4,"PE_TTM":-27.198142065809,"PB_TTM":0.144990329601,"REPORT_DATE_SQ":"2022-12-31 00:00:00","REPORT_TYPE_SQ":"2022年年报","OPERATE_INCOME_SQ":216213323.69,"DPS_HKD":0.09,"OPERATE_INCOME_QOQ_SQ":0.063798560404,"NET_PROFIT_RATIO_SQ":207.3849513323,"HOLDER_PROFIT_SQ":408196698.63,"HOLDER_PROFIT_QOQ_SQ":2.351172726088,"ROE_AVG_SQ":5.261665496039,"PE_TTM_SQ":5.451694622248,"PB_TTM_SQ":0.216043313688,"ROA_SQ":4.695358919646,"START_DATE":"2023-01-01 00:00:00","FISCAL_YEAR":"12-31","CURRENCY":"HKD","IS_CNY_CODE":0,"DPS_HKD_LY":0.12,"ORG_TYPE":"银行","PREMIUM_INCOME":null,"PREMIUM_INCOME_YOY":null,"NET_INTEREST_INCOME":9829768.34,"NET_INTEREST_INCOME_YOY":183.804290947148,"FEE_COMMISSION_INCOME":null,"FEE_COMMISSION_INCOME_YOY":null,"ACCOUNTS_RECE_TDAYS":null,"INVENTORY_TDAYS":null,"CURRENT_ASSETS_TDAYS":null,"TOTAL_ASSETS_TDAYS":0.026871224594,"PREMIUM_EXPENSE":null,"LOAN_DEPOSIT":null,"LOAN_EQUITY":0.001871503014,"LOAN_ASSETS":0.164425173318,"DEPOSIT_EQUITY":null,"DEPOSIT_ASSETS":null,"EQUITY_MULTIPLIER":1.138209543402,"EQUITY_RATIO":0.138209543401},{"SECUCODE":"00222.HK","SECURITY_CODE":"00222","SECURITY_NAME_ABBR":"闽信集团","ORG_CODE":"10057818","STD_REPORT_DATE":"2023-06-30 00:00:00","REPORT_DATE":"2023-06-30 00:00:00","DATE_TYPE_CODE":"002","REPORT_TYPE":"2023年中报","PER_NETCASH_OPERATE":0.021253522829,"PER_OI":0.194767357299,"BPS":12.546656287231,"BASIC_EPS":0.178310932,"DILUTED_EPS":0.178310932,"OPERATE_INCOME":116326216.6,"OPERATE_INCOME_YOY":9.4256821217,"GROSS_PROFIT":null,"GROSS_PROFIT_YOY":null,"HOLDER_PROFIT":106508973.56,"HOLDER_PROFIT_YOY":-51.8250853847,"GROSS_PROFIT_RATIO":null,"EPS_TTM":0.502566422885,"OPERATE_INCOME_QOQ":9.217115164124,"NET_PROFIT_RATIO":91.5605928509,"ROE_AVG":1.409742356716,"GROSS_PROFIT_QOQ":null,"ROA":1.24094877442,"HOLDER_PROFIT_QOQ":-24.719582538893,"ROE_YEARLY":2.819484713432,"ROIC_YEARLY":2.816045133948,"TOTAL_ASSETS":8554646748.8,"TOTAL_LIABILITIES":1061065292.9,"TAX_EBT":3.734073314834,"OCF_SALES":10.912261234842,"TOTAL_PARENT_EQUITY":7493581455.9,"DEBT_ASSET_RATIO":12.4033794037,"OPERATE_PROFIT":-8659236.16,"PRETAX_PROFIT":110640365.94,"NETCASH_OPERATE":12693820.64,"NETCASH_INVEST":136184743.82,"NETCASH_FINANCE":103424028.48,"END_CASH":460788086.38,"DIVI_RATIO":0.162286607871,"DIVIDEND_RATE":4.615384615385,"CURRENT_RATIO":null,"COMMON_ACS":null,"CURRENTDEBT_DEBT":null,"ISSUED_COMMON_SHARES":597257252,"HK_COMMON_SHARES":597257252,"PER_SHARES":2000,"TOTAL_MARKET_CAP":1164651641.4,"HKSK_MARKET_CAP":1164651641.4,"PE_TTM":-27.198142065809,"PB_TTM":0.144990329601,"REPORT_DATE_SQ":"2022-06-30 00:00:00","REPORT_TYPE_SQ":"2022年中报","OPERATE_INCOME_SQ":98605117.38,"DPS_HKD":0.09,"OPERATE_INCOME_QOQ_SQ":7.872870846221,"NET_PROFIT_RATIO_SQ":227.6505035398,"HOLDER_PROFIT_SQ":205071996.43,"HOLDER_PROFIT_QOQ_SQ":-3.923334845548,"ROE_AVG_SQ":2.764307888243,"PE_TTM_SQ":5.451694622248,"PB_TTM_SQ":0.216043313688,"ROA_SQ":2.470805602112,"START_DATE":"2023-01-01 00:00:00","FISCAL_YEAR":"12-31","CURRENCY":"HKD","IS_CNY_CODE":0,"DPS_HKD_LY":0.12,"ORG_TYPE":"银行","PREMIUM_INCOME":null,"PREMIUM_INCOME_YOY":null,"NET_INTEREST_INCOME":4240186.02,"NET_INTEREST_INCOME_YOY":96.119402985075,"FEE_COMMISSION_INCOME":null,"FEE_COMMISSION_INCOME_YOY":null,"ACCOUNTS_RECE_TDAYS":null,"INVENTORY_TDAYS":null,"CURRENT_ASSETS_TDAYS":null,"TOTAL_ASSETS_TDAYS":0.013553306458,"PREMIUM_EXPENSE":null,"LOAN_DEPOSIT":null,"LOAN_EQUITY":0.001849107466,"LOAN_ASSETS":0.161975565174,"DEPOSIT_EQUITY":null,"DEPOSIT_ASSETS":null,"EQUITY_MULTIPLIER":1.141596551548,"EQUITY_RATIO":0.141596551548},{"SECUCODE":"00222.HK","SECURITY_CODE":"00222","SECURITY_NAME_ABBR":"闽信集团","ORG_CODE":"10057818","STD_REPORT_DATE":"2022-12-31 00:00:00","REPORT_DATE":"2022-12-31 00:00:00","DATE_TYPE_CODE":"001","REPORT_TYPE":"2022年年报","PER_NETCASH_OPERATE":0.063765766464,"PER_OI":0.362010378218,"BPS":12.342007304752,"BASIC_EPS":0.683440877,"DILUTED_EPS":0.683440877,"OPERATE_INCOME":216213323.69,"OPERATE_INCOME_YOY":-1.2021812774,"GROSS_PROFIT":null,"GROSS_PROFIT_YOY":null,"HOLDER_PROFIT":408196698.63,"HOLDER_PROFIT_YOY":-9.9945355301,"GROSS_PROFIT_RATIO":null,"EPS_TTM":0.667592502585,"OPERATE_INCOME_QOQ":0.063798560404,"NET_PROFIT_RATIO":207.3849513323,"ROE_AVG":5.261665496039,"GROSS_PROFIT_QOQ":null,"ROA":4.695358919646,"HOLDER_PROFIT_QOQ":2.351172726088,"ROE_YEARLY":5.261665496039,"ROIC_YEARLY":5.22707777703,"TOTAL_ASSETS":8190264892.39,"TOTAL_LIABILITIES":810613940.36,"TAX_EBT":3.278591369833,"OCF_SALES":19.808581318094,"TOTAL_PARENT_EQUITY":7379650952.03,"DEBT_ASSET_RATIO":11.6456231547,"OPERATE_PROFIT":15851969.42,"PRETAX_PROFIT":422033450.93,"NETCASH_OPERATE":38809008.42,"NETCASH_INVEST":-19486685.05,"NETCASH_FINANCE":-200992002.89,"END_CASH":211040397.12,"DIVI_RATIO":0.122170035889,"DIVIDEND_RATE":4.615384615385,"CURRENT_RATIO":null,"COMMON_ACS":null,"CURRENTDEBT_DEBT":null,"ISSUED_COMMON_SHARES":597257252,"HK_COMMON_SHARES":597257252,"PER_SHARES":2000,"TOTAL_MARKET_CAP":1164651641.4,"HKSK_MARKET_CAP":1164651641.4,"PE_TTM":-27.198142065809,"PB_TTM":0.144990329601,"REPORT_DATE_SQ":"2021-12-31 00:00:00","REPORT_TYPE_SQ":"2021年年报","OPERATE_INCOME_SQ":178117430.4,"DPS_HKD":0.09,"OPERATE_INCOME_QOQ_SQ":-6.977724174671,"NET_PROFIT_RATIO_SQ":227.6437430573,"HOLDER_PROFIT_SQ":405473185.6,"HOLDER_PROFIT_QOQ_SQ":5.146033476731,"ROE_AVG_SQ":6.080315965404,"PE_TTM_SQ":5.451694622248,"PB_TTM_SQ":0.216043313688,"ROA_SQ":5.486229721703,"START_DATE":"2022-01-01 00:00:00","FISCAL_YEAR":"12-31","CURRENCY":"HKD","IS_CNY_CODE":0,"DPS_HKD_LY":0.12,"ORG_TYPE":"银行","PREMIUM_INCOME":null,"PREMIUM_INCOME_YOY":null,"NET_INTEREST_INCOME":3414077.94,"NET_INTEREST_INCOME_YOY":-46.56787361946,"FEE_COMMISSION_INCOME":null,"FEE_COMMISSION_INCOME_YOY":null,"ACCOUNTS_RECE_TDAYS":null,"INVENTORY_TDAYS":null,"CURRENT_ASSETS_TDAYS":null,"TOTAL_ASSETS_TDAYS":0.022640788975,"PREMIUM_EXPENSE":null,"LOAN_DEPOSIT":null,"LOAN_EQUITY":0.00192715777,"LOAN_ASSETS":0.173642145362,"DEPOSIT_EQUITY":null,"DEPOSIT_ASSETS":null,"EQUITY_MULTIPLIER":1.131805843361,"EQUITY_RATIO":0.109844482568},{"SECUCODE":"00222.HK","SECURITY_CODE":"00222","SECURITY_NAME_ABBR":"闽信集团","ORG_CODE":"10057818","STD_REPORT_DATE":"2022-06-30 00:00:00","REPORT_DATE":"2022-06-30 00:00:00","DATE_TYPE_CODE":"002","REPORT_TYPE":"2022年中报","PER_NETCASH_OPERATE":0.067634004467,"PER_OI":0.165096559397,"BPS":11.806374239069,"BASIC_EPS":0.343358785,"DILUTED_EPS":0.343358785,"OPERATE_INCOME":98605117.38,"OPERATE_INCOME_YOY":15.7263593248,"GROSS_PROFIT":null,"GROSS_PROFIT_YOY":null,"HOLDER_PROFIT":205071996.43,"HOLDER_PROFIT_YOY":-9.8556777148,"GROSS_PROFIT_RATIO":null,"EPS_TTM":0.652256818173,"OPERATE_INCOME_QOQ":7.872870846221,"NET_PROFIT_RATIO":227.6505035398,"ROE_AVG":2.764307888243,"GROSS_PROFIT_QOQ":null,"ROA":2.470805602112,"HOLDER_PROFIT_QOQ":-3.923334845548,"ROE_YEARLY":5.528615776487,"ROIC_YEARLY":5.546953374655,"TOTAL_ASSETS":7954504459.93,"TOTAL_LIABILITIES":903061825.82,"TAX_EBT":1.635464181406,"OCF_SALES":45.872138757514,"TOTAL_PARENT_EQUITY":7051442634.11,"DEBT_ASSET_RATIO":11.352835747,"OPERATE_PROFIT":4056166.17,"PRETAX_PROFIT":208481638.96,"NETCASH_OPERATE":40394899.65,"NETCASH_INVEST":266377146.77,"NETCASH_FINANCE":-191571111.9,"END_CASH":471722804,"DIVI_RATIO":0.125042464452,"DIVIDEND_RATE":4.615384615385,"CURRENT_RATIO":null,"COMMON_ACS":null,"CURRENTDEBT_DEBT":null,"ISSUED_COMMON_SHARES":597257252,"HK_COMMON_SHARES":597257252,"PER_SHARES":2000,"TOTAL_MARKET_CAP":1164651641.4,"HKSK_MARKET_CAP":1164651641.4,"PE_TTM":-27.198142065809,"PB_TTM":0.144990329601,"REPORT_DATE_SQ":"2021-06-30 00:00:00","REPORT_TYPE_SQ":"2021年中报","OPERATE_INCOME_SQ":74036814.24,"DPS_HKD":0.09,"OPERATE_INCOME_QOQ_SQ":17.840965494999,"NET_PROFIT_RATIO_SQ":253.238481989,"HOLDER_PROFIT_SQ":216376579.44,"HOLDER_PROFIT_QOQ_SQ":5.073847472199,"ROE_AVG_SQ":3.363030883038,"PE_TTM_SQ":5.451694622248,"PB_TTM_SQ":0.216043313688,"ROA_SQ":3.027416347545,"START_DATE":"2022-01-01 00:00:00","FISCAL_YEAR":"12-31","CURRENCY":"HKD","IS_CNY_CODE":0,"DPS_HKD_LY":0.12,"ORG_TYPE":"银行","PREMIUM_INCOME":null,"PREMIUM_INCOME_YOY":null,"NET_INTEREST_INCOME":2005420.55,"NET_INTEREST_INCOME_YOY":5.725879170424,"FEE_COMMISSION_INCOME":null,"FEE_COMMISSION_INCOME_YOY":null,"ACCOUNTS_RECE_TDAYS":null,"INVENTORY_TDAYS":null,"CURRENT_ASSETS_TDAYS":null,"TOTAL_ASSETS_TDAYS":0.010853503786,"PREMIUM_EXPENSE":null,"LOAN_DEPOSIT":null,"LOAN_EQUITY":0.002085751581,"LOAN_ASSETS":0.184895962961,"DEPOSIT_EQUITY":null,"DEPOSIT_ASSETS":null,"EQUITY_MULTIPLIER":1.12806766965,"EQUITY_RATIO":0.12806766965},{"SECUCODE":"00222.HK","SECURITY_CODE":"00222","SECURITY_NAME_ABBR":"闽信集团","ORG_CODE":"10057818","STD_REPORT_DATE":"2021-12-31 00:00:00","REPORT_DATE":"2021-12-31 00:00:00","DATE_TYPE_CODE":"001","REPORT_TYPE":"2021年年报","PER_NETCASH_OPERATE":0.038824063705,"PER_OI":0.298225646995,"BPS":11.929602196944,"BASIC_EPS":0.67885328,"DILUTED_EPS":0.67885328,"OPERATE_INCOME":178117430.4,"OPERATE_INCOME_YOY":12.8414706157,"GROSS_PROFIT":null,"GROSS_PROFIT_YOY":null,"HOLDER_PROFIT":405473185.6,"HOLDER_PROFIT_YOY":13.7294696626,"GROSS_PROFIT_RATIO":null,"EPS_TTM":0.678892025576,"OPERATE_INCOME_QOQ":-6.977724174671,"NET_PROFIT_RATIO":227.6437430573,"ROE_AVG":6.080315965404,"GROSS_PROFIT_QOQ":null,"ROA":5.486229721703,"HOLDER_PROFIT_QOQ":5.146033476731,"ROE_YEARLY":6.080315965404,"ROIC_YEARLY":6.085296436582,"TOTAL_ASSETS":7908853288,"TOTAL_LIABILITIES":783811862.4,"TAX_EBT":2.753479105757,"OCF_SALES":13.018351740156,"TOTAL_PARENT_EQUITY":7125041425.6,"DEBT_ASSET_RATIO":9.9105626803,"OPERATE_PROFIT":49366688,"PRETAX_PROFIT":416953924.8,"NETCASH_OPERATE":23187953.6,"NETCASH_INVEST":-119937832,"NETCASH_FINANCE":211576075.2,"END_CASH":381810206.4,"DIVI_RATIO":0.120136629873,"DIVIDEND_RATE":4.615384615385,"CURRENT_RATIO":null,"COMMON_ACS":null,"CURRENTDEBT_DEBT":null,"ISSUED_COMMON_SHARES":597257252,"HK_COMMON_SHARES":597257252,"PER_SHARES":2000,"TOTAL_MARKET_CAP":1164651641.4,"HKSK_MARKET_CAP":1164651641.4,"PE_TTM":-27.198142065809,"PB_TTM":0.144990329601,"REPORT_DATE_SQ":"2020-12-31 00:00:00","REPORT_TYPE_SQ":"2020年年报","OPERATE_INCOME_SQ":162488701.68,"DPS_HKD":0.09,"OPERATE_INCOME_QOQ_SQ":25.36472157867,"NET_PROFIT_RATIO_SQ":225.866302017,"HOLDER_PROFIT_SQ":367007221.68,"HOLDER_PROFIT_QOQ_SQ":-21.840500961778,"ROE_AVG_SQ":5.956550139781,"PE_TTM_SQ":5.451694622248,"PB_TTM_SQ":0.216043313688,"ROA_SQ":5.413862271931,"START_DATE":"2021-01-01 00:00:00","FISCAL_YEAR":"12-31","CURRENCY":"HKD","IS_CNY_CODE":0,"DPS_HKD_LY":0.1,"ORG_TYPE":"银行","PREMIUM_INCOME":null,"PREMIUM_INCOME_YOY":null,"NET_INTEREST_INCOME":5848292.8,"NET_INTEREST_INCOME_YOY":58.63827899756,"FEE_COMMISSION_INCOME":null,"FEE_COMMISSION_INCOME_YOY":null,"ACCOUNTS_RECE_TDAYS":null,"INVENTORY_TDAYS":null,"CURRENT_ASSETS_TDAYS":null,"TOTAL_ASSETS_TDAYS":0.02410006815,"PREMIUM_EXPENSE":null,"LOAN_DEPOSIT":null,"LOAN_EQUITY":0.002063094026,"LOAN_ASSETS":0.185862979938,"DEPOSIT_EQUITY":null,"DEPOSIT_ASSETS":null,"EQUITY_MULTIPLIER":1.110008042842,"EQUITY_RATIO":0.110008042842},{"SECUCODE":"00222.HK","SECURITY_CODE":"00222","SECURITY_NAME_ABBR":"闽信集团","ORG_CODE":"10057818","STD_REPORT_DATE":"2021-06-30 00:00:00","REPORT_DATE":"2021-06-30 00:00:00","DATE_TYPE_CODE":"002","REPORT_TYPE":"2021年中报","PER_NETCASH_OPERATE":-0.303269102273,"PER_OI":0.1239613483,"BPS":10.959651310722,"BASIC_EPS":0.362287632,"DILUTED_EPS":0.362287632,"OPERATE_INCOME":74036814.24,"OPERATE_INCOME_YOY":66.1494401657,"GROSS_PROFIT":null,"GROSS_PROFIT_YOY":null,"HOLDER_PROFIT":216376579.44,"HOLDER_PROFIT_YOY":20.1150142036,"GROSS_PROFIT_RATIO":null,"EPS_TTM":0.645665845042,"OPERATE_INCOME_QOQ":17.840965494999,"NET_PROFIT_RATIO":253.238481989,"ROE_AVG":3.363030883038,"GROSS_PROFIT_QOQ":null,"ROA":3.027416347545,"HOLDER_PROFIT_QOQ":5.073847472199,"ROE_YEARLY":6.726061766075,"ROIC_YEARLY":6.761793266485,"TOTAL_ASSETS":7300119915.12,"TOTAL_LIABILITIES":754388690.4,"TAX_EBT":2.728391505852,"OCF_SALES":-211.986911683076,"TOTAL_PARENT_EQUITY":6545731224.72,"DEBT_ASSET_RATIO":10.3339218968,"OPERATE_PROFIT":18281629.68,"PRETAX_PROFIT":222445770.96,"NETCASH_OPERATE":-9185331.12,"NETCASH_INVEST":100780697.52,"NETCASH_FINANCE":4358435.04,"END_CASH":367819299.84,"DIVI_RATIO":0.126318901064,"DIVIDEND_RATE":4.615384615385,"CURRENT_RATIO":null,"COMMON_ACS":null,"CURRENTDEBT_DEBT":null,"ISSUED_COMMON_SHARES":597257252,"HK_COMMON_SHARES":597257252,"PER_SHARES":2000,"TOTAL_MARKET_CAP":1164651641.4,"HKSK_MARKET_CAP":1164651641.4,"PE_TTM":-27.198142065809,"PB_TTM":0.144990329601,"REPORT_DATE_SQ":"2020-06-30 00:00:00","REPORT_TYPE_SQ":"2020年中报","OPERATE_INCOME_SQ":56454245.76,"DPS_HKD":0.09,"OPERATE_INCOME_QOQ_SQ":-5.10961900783,"NET_PROFIT_RATIO_SQ":302.2195853982,"HOLDER_PROFIT_SQ":197755192.8,"HOLDER_PROFIT_QOQ_SQ":-8.275387555951,"ROE_AVG_SQ":3.094365608955,"PE_TTM_SQ":5.451694622248,"PB_TTM_SQ":0.216043313688,"ROA_SQ":2.812468030171,"START_DATE":"2021-01-01 00:00:00","FISCAL_YEAR":"12-31","CURRENCY":"HKD","IS_CNY_CODE":0,"DPS_HKD_LY":0.1,"ORG_TYPE":"银行","PREMIUM_INCOME":null,"PREMIUM_INCOME_YOY":null,"NET_INTEREST_INCOME":1845553.44,"NET_INTEREST_INCOME_YOY":null,"FEE_COMMISSION_INCOME":null,"FEE_COMMISSION_INCOME_YOY":null,"ACCOUNTS_RECE_TDAYS":null,"INVENTORY_TDAYS":null,"CURRENT_ASSETS_TDAYS":null,"TOTAL_ASSETS_TDAYS":0.011954803724,"PREMIUM_EXPENSE":null,"LOAN_DEPOSIT":null,"LOAN_EQUITY":0.002479817164,"LOAN_ASSETS":0.222355479482,"DEPOSIT_EQUITY":null,"DEPOSIT_ASSETS":null,"EQUITY_MULTIPLIER":1.115248956076,"EQUITY_RATIO":0.115248956076},{"SECUCODE":"00222.HK","SECURITY_CODE":"00222","SECURITY_NAME_ABBR":"闽信集团","ORG_CODE":"10057818","STD_REPORT_DATE":"2020-12-31 00:00:00","REPORT_DATE":"2020-12-31 00:00:00","DATE_TYPE_CODE":"001","REPORT_TYPE":"2020年年报","PER_NETCASH_OPERATE":-0.362404585755,"PER_OI":0.272058147701,"BPS":10.707040036477,"BASIC_EPS":0.614481364,"DILUTED_EPS":0.614481364,"OPERATE_INCOME":162488701.68,"OPERATE_INCOME_YOY":26.6113165972,"GROSS_PROFIT":null,"GROSS_PROFIT_YOY":null,"HOLDER_PROFIT":367007221.68,"HOLDER_PROFIT_YOY":-23.6968184697,"GROSS_PROFIT_RATIO":null,"EPS_TTM":0.614487677548,"OPERATE_INCOME_QOQ":25.36472157867,"NET_PROFIT_RATIO":225.866302017,"ROE_AVG":5.956550139781,"GROSS_PROFIT_QOQ":null,"ROA":5.413862271931,"HOLDER_PROFIT_QOQ":-21.840500961778,"ROE_YEARLY":5.956550139781,"ROIC_YEARLY":6.282954254421,"TOTAL_ASSETS":7074711376.96,"TOTAL_LIABILITIES":679854067.72,"TAX_EBT":7.650570642563,"OCF_SALES":-133.208502967958,"TOTAL_PARENT_EQUITY":6394857309.24,"DEBT_ASSET_RATIO":9.6096367964,"OPERATE_PROFIT":33313794.48,"PRETAX_PROFIT":397411466.68,"NETCASH_OPERATE":10131662.32,"NETCASH_INVEST":-78822952.56,"NETCASH_FINANCE":1416480.12,"END_CASH":268484843.28,"DIVI_RATIO":0.132728129432,"DIVIDEND_RATE":4.615384615385,"CURRENT_RATIO":null,"COMMON_ACS":null,"CURRENTDEBT_DEBT":null,"ISSUED_COMMON_SHARES":597257252,"HK_COMMON_SHARES":597257252,"PER_SHARES":2000,"TOTAL_MARKET_CAP":1164651641.4,"HKSK_MARKET_CAP":1164651641.4,"PE_TTM":-27.198142065809,"PB_TTM":0.144990329601,"REPORT_DATE_SQ":"2019-12-31 00:00:00","REPORT_TYPE_SQ":"2019年年报","OPERATE_INCOME_SQ":136592117.52,"DPS_HKD":0.09,"OPERATE_INCOME_QOQ_SQ":-66.274476108404,"NET_PROFIT_RATIO_SQ":374.7842396579,"HOLDER_PROFIT_SQ":511925729.08,"HOLDER_PROFIT_QOQ_SQ":-8.183159942562,"ROE_AVG_SQ":8.297342817944,"PE_TTM_SQ":5.451694622248,"PB_TTM_SQ":0.216043313688,"ROA_SQ":7.619753899253,"START_DATE":"2020-01-01 00:00:00","FISCAL_YEAR":"12-31","CURRENCY":"HKD","IS_CNY_CODE":0,"DPS_HKD_LY":0.1,"ORG_TYPE":"银行","PREMIUM_INCOME":null,"PREMIUM_INCOME_YOY":null,"NET_INTEREST_INCOME":3794954.76,"NET_INTEREST_INCOME_YOY":null,"FEE_COMMISSION_INCOME":null,"FEE_COMMISSION_INCOME_YOY":null,"ACCOUNTS_RECE_TDAYS":null,"INVENTORY_TDAYS":null,"CURRENT_ASSETS_TDAYS":null,"TOTAL_ASSETS_TDAYS":0.023969322664,"PREMIUM_EXPENSE":null,"LOAN_DEPOSIT":null,"LOAN_EQUITY":0.002768326939,"LOAN_ASSETS":0.250230077479,"DEPOSIT_EQUITY":null,"DEPOSIT_ASSETS":null,"EQUITY_MULTIPLIER":1.106312625105,"EQUITY_RATIO":0.106312625105},{"SECUCODE":"00222.HK","SECURITY_CODE":"00222","SECURITY_NAME_ABBR":"闽信集团","ORG_CODE":"10057818","STD_REPORT_DATE":"2020-06-30 00:00:00","REPORT_DATE":"2020-06-30 00:00:00","DATE_TYPE_CODE":"002","REPORT_TYPE":"2020年中报","PER_NETCASH_OPERATE":-0.330579442575,"PER_OI":0.094522495241,"BPS":10.62852725579,"BASIC_EPS":0.331122,"DILUTED_EPS":0.331122,"OPERATE_INCOME":56454245.76,"OPERATE_INCOME_YOY":-12.9798347911,"GROSS_PROFIT":null,"GROSS_PROFIT_YOY":null,"HOLDER_PROFIT":197755192.8,"HOLDER_PROFIT_YOY":-20.6885056124,"GROSS_PROFIT_RATIO":null,"EPS_TTM":0.786197052321,"OPERATE_INCOME_QOQ":-5.10961900783,"NET_PROFIT_RATIO":302.2195853982,"ROE_AVG":3.094365608955,"GROSS_PROFIT_QOQ":null,"ROA":2.812468030171,"HOLDER_PROFIT_QOQ":-8.275387555951,"ROE_YEARLY":6.18873121791,"ROIC_YEARLY":6.698206718704,"TOTAL_ASSETS":7026315669.12,"TOTAL_LIABILITIES":678350687.52,"TAX_EBT":3.511117647845,"OCF_SALES":-301.739373211419,"TOTAL_PARENT_EQUITY":6347964981.6,"DEBT_ASSET_RATIO":9.654429426,"OPERATE_PROFIT":5619482.88,"PRETAX_PROFIT":204951273.12,"NETCASH_OPERATE":-197440969.44,"NETCASH_INVEST":181145199.84,"NETCASH_FINANCE":164419.2,"END_CASH":300200229.12,"DIVI_RATIO":0.103739641047,"DIVIDEND_RATE":4.615384615385,"CURRENT_RATIO":null,"COMMON_ACS":null,"CURRENTDEBT_DEBT":null,"ISSUED_COMMON_SHARES":597257252,"HK_COMMON_SHARES":597257252,"PER_SHARES":2000,"TOTAL_MARKET_CAP":1164651641.4,"HKSK_MARKET_CAP":1164651641.4,"PE_TTM":-27.198142065809,"PB_TTM":0.144990329601,"REPORT_DATE_SQ":"2019-06-30 00:00:00","REPORT_TYPE_SQ":"2019年中报","OPERATE_INCOME_SQ":72413611.2,"DPS_HKD":0.09,"OPERATE_INCOME_QOQ_SQ":-55.003508073621,"NET_PROFIT_RATIO_SQ":331.5937803693,"HOLDER_PROFIT_SQ":240119030.88,"HOLDER_PROFIT_QOQ_SQ":10.074294253701,"ROE_AVG_SQ":4.005051945598,"PE_TTM_SQ":5.451694622248,"PB_TTM_SQ":0.216043313688,"ROA_SQ":3.665965351089,"START_DATE":"2020-01-01 00:00:00","FISCAL_YEAR":"12-31","CURRENCY":"HKD","IS_CNY_CODE":0,"DPS_HKD_LY":0.1,"ORG_TYPE":"银行","PREMIUM_INCOME":null,"PREMIUM_INCOME_YOY":null,"NET_INTEREST_INCOME":null,"NET_INTEREST_INCOME_YOY":null,"FEE_COMMISSION_INCOME":null,"FEE_COMMISSION_INCOME_YOY":null,"ACCOUNTS_RECE_TDAYS":null,"INVENTORY_TDAYS":null,"CURRENT_ASSETS_TDAYS":null,"TOTAL_ASSETS_TDAYS":0.009306041587,"PREMIUM_EXPENSE":null,"LOAN_DEPOSIT":null,"LOAN_EQUITY":0.002851422006,"LOAN_ASSETS":0.257613348053,"DEPOSIT_EQUITY":null,"DEPOSIT_ASSETS":null,"EQUITY_MULTIPLIER":1.106861126281,"EQUITY_RATIO":0.10686112628}],"count":50},"success":true,"message":"ok","code":0}