{"version":"ea90f9c3dfba2192009e342b6fdc699c","result":{"pages":6,"data":[{"SECUCODE":"00227.HK","SECURITY_CODE":"00227","SECURITY_NAME_ABBR":"第一上海","ORG_CODE":"10007489","STD_REPORT_DATE":"2024-06-30 00:00:00","REPORT_DATE":"2024-06-30 00:00:00","DATE_TYPE_CODE":"002","REPORT_TYPE":"2024年中报","PER_NETCASH_OPERATE":-0.059891971648,"PER_OI":0.109346791201,"BPS":0.997759577258,"BASIC_EPS":0.027562936,"DILUTED_EPS":0.027562936,"OPERATE_INCOME":239543818.16,"OPERATE_INCOME_YOY":70.7258688766,"GROSS_PROFIT":null,"GROSS_PROFIT_YOY":null,"HOLDER_PROFIT":60475089.48,"HOLDER_PROFIT_YOY":3531.4344899016,"GROSS_PROFIT_RATIO":null,"EPS_TTM":0.024021410138,"OPERATE_INCOME_QOQ":34.495055561893,"NET_PROFIT_RATIO":25.1876462116,"ROE_AVG":2.783461046731,"GROSS_PROFIT_QOQ":null,"ROA":1.210816709676,"HOLDER_PROFIT_QOQ":646.325375770006,"ROE_YEARLY":5.566922093462,"ROIC_YEARLY":2.594281332566,"TOTAL_ASSETS":4862815626.16,"TOTAL_LIABILITIES":2614299758.28,"TAX_EBT":0.24294919193,"OCF_SALES":-54.772500400058,"TOTAL_PARENT_EQUITY":2185771855.92,"DEBT_ASSET_RATIO":53.7610298078,"OPERATE_PROFIT":31473769.8,"PRETAX_PROFIT":60482390.92,"NETCASH_OPERATE":-131204138.76,"NETCASH_INVEST":84989674.28,"NETCASH_FINANCE":-38832708.64,"END_CASH":225110696.64,"DIVI_RATIO":null,"DIVIDEND_RATE":null,"CURRENT_RATIO":1.487495936474,"COMMON_ACS":null,"CURRENTDEBT_DEBT":96.330218218621,"ISSUED_COMMON_SHARES":2190679905,"HK_COMMON_SHARES":2190679905,"PER_SHARES":8000,"TOTAL_MARKET_CAP":569576775.3,"HKSK_MARKET_CAP":569576775.3,"PE_TTM":9.894841743829,"PB_TTM":0.237829638932,"REPORT_DATE_SQ":"2023-06-30 00:00:00","REPORT_TYPE_SQ":"2023年中报","OPERATE_INCOME_SQ":141738751.34,"DPS_HKD":null,"OPERATE_INCOME_QOQ_SQ":-3.115795003224,"NET_PROFIT_RATIO_SQ":null,"HOLDER_PROFIT_SQ":-1780343.38,"HOLDER_PROFIT_QOQ_SQ":53.741459471491,"ROE_AVG_SQ":-0.083782181947,"PE_TTM_SQ":-9.778608379417,"PB_TTM_SQ":0.103166024618,"ROA_SQ":-0.033520720701,"START_DATE":"2024-01-01 00:00:00","FISCAL_YEAR":"12-31","CURRENCY":"HKD","IS_CNY_CODE":0,"DPS_HKD_LY":null,"ORG_TYPE":"证券","PREMIUM_INCOME":null,"PREMIUM_INCOME_YOY":null,"NET_INTEREST_INCOME":null,"NET_INTEREST_INCOME_YOY":null,"FEE_COMMISSION_INCOME":null,"FEE_COMMISSION_INCOME_YOY":null,"ACCOUNTS_RECE_TDAYS":1.14021704187,"INVENTORY_TDAYS":null,"CURRENT_ASSETS_TDAYS":0.062160377573,"TOTAL_ASSETS_TDAYS":0.047960848049,"PREMIUM_EXPENSE":null,"LOAN_DEPOSIT":null,"LOAN_EQUITY":null,"LOAN_ASSETS":null,"DEPOSIT_EQUITY":null,"DEPOSIT_ASSETS":null,"EQUITY_MULTIPLIER":2.162677922634,"EQUITY_RATIO":1.19605335351},{"SECUCODE":"00227.HK","SECURITY_CODE":"00227","SECURITY_NAME_ABBR":"第一上海","ORG_CODE":"10007489","STD_REPORT_DATE":"2023-12-31 00:00:00","REPORT_DATE":"2023-12-31 00:00:00","DATE_TYPE_CODE":"001","REPORT_TYPE":"2023年年报","PER_NETCASH_OPERATE":0.002486988002,"PER_OI":0.12942720744,"BPS":0.978809725531,"BASIC_EPS":-0.00589043,"DILUTED_EPS":-0.00589043,"OPERATE_INCOME":283533582.5,"OPERATE_INCOME_YOY":-8.5650076129,"GROSS_PROFIT":null,"GROSS_PROFIT_YOY":null,"HOLDER_PROFIT":-9632212.38,"HOLDER_PROFIT_YOY":81.0345442866,"GROSS_PROFIT_RATIO":null,"EPS_TTM":-0.004396905435,"OPERATE_INCOME_QOQ":5.144524011055,"NET_PROFIT_RATIO":-3.1542948462,"ROE_AVG":-0.453997755853,"GROSS_PROFIT_QOQ":null,"ROA":-0.184570775703,"HOLDER_PROFIT_QOQ":57.99987660294,"ROE_YEARLY":-0.453997755853,"ROIC_YEARLY":-0.196934517559,"TOTAL_ASSETS":5090040184.04,"TOTAL_LIABILITIES":2886397697.12,"TAX_EBT":265.36528150134,"OCF_SALES":1.921534159009,"TOTAL_PARENT_EQUITY":2144258796.54,"DEBT_ASSET_RATIO":56.7067762288,"OPERATE_PROFIT":-56458412.22,"PRETAX_PROFIT":5408320.96,"NETCASH_OPERATE":5448194.64,"NETCASH_INVEST":104118334.46,"NETCASH_FINANCE":-22602939.24,"END_CASH":308678468.84,"DIVI_RATIO":null,"DIVIDEND_RATE":null,"CURRENT_RATIO":1.422363067626,"COMMON_ACS":null,"CURRENTDEBT_DEBT":95.802920853877,"ISSUED_COMMON_SHARES":2190679905,"HK_COMMON_SHARES":2190679905,"PER_SHARES":8000,"TOTAL_MARKET_CAP":591483574.35,"HKSK_MARKET_CAP":591483574.35,"PE_TTM":10.27541258013,"PB_TTM":0.246976932737,"REPORT_DATE_SQ":"2022-12-31 00:00:00","REPORT_TYPE_SQ":"2022年年报","OPERATE_INCOME_SQ":305661808.41,"DPS_HKD":null,"OPERATE_INCOME_QOQ_SQ":-29.441938603944,"NET_PROFIT_RATIO_SQ":-18.8851339425,"HOLDER_PROFIT_SQ":-50062423.88,"HOLDER_PROFIT_QOQ_SQ":57.340715486629,"ROE_AVG_SQ":-2.311708006967,"PE_TTM_SQ":-9.869151049597,"PB_TTM_SQ":0.104121265587,"ROA_SQ":-0.852967562843,"START_DATE":"2023-01-01 00:00:00","FISCAL_YEAR":"12-31","CURRENCY":"HKD","IS_CNY_CODE":0,"DPS_HKD_LY":null,"ORG_TYPE":"证券","PREMIUM_INCOME":null,"PREMIUM_INCOME_YOY":null,"NET_INTEREST_INCOME":null,"NET_INTEREST_INCOME_YOY":null,"FEE_COMMISSION_INCOME":null,"FEE_COMMISSION_INCOME_YOY":null,"ACCOUNTS_RECE_TDAYS":1.533122301876,"INVENTORY_TDAYS":null,"CURRENT_ASSETS_TDAYS":0.070145502454,"TOTAL_ASSETS_TDAYS":0.054330211166,"PREMIUM_EXPENSE":null,"LOAN_DEPOSIT":null,"LOAN_EQUITY":null,"LOAN_ASSETS":null,"DEPOSIT_EQUITY":null,"DEPOSIT_ASSETS":null,"EQUITY_MULTIPLIER":2.309830298813,"EQUITY_RATIO":1.346105097844},{"SECUCODE":"00227.HK","SECURITY_CODE":"00227","SECURITY_NAME_ABBR":"第一上海","ORG_CODE":"10007489","STD_REPORT_DATE":"2023-06-30 00:00:00","REPORT_DATE":"2023-06-30 00:00:00","DATE_TYPE_CODE":"002","REPORT_TYPE":"2023年中报","PER_NETCASH_OPERATE":0.003271297704,"PER_OI":0.090581125698,"BPS":0.965180546293,"BASIC_EPS":-0.001106376,"DILUTED_EPS":-0.001106376,"OPERATE_INCOME":141738751.34,"OPERATE_INCOME_YOY":-151.0472404831,"GROSS_PROFIT":null,"GROSS_PROFIT_YOY":null,"HOLDER_PROFIT":-1780343.38,"HOLDER_PROFIT_YOY":94.1902097061,"GROSS_PROFIT_RATIO":null,"EPS_TTM":-0.014656308386,"OPERATE_INCOME_QOQ":-3.115795003224,"NET_PROFIT_RATIO":null,"ROE_AVG":-0.083782181947,"GROSS_PROFIT_QOQ":null,"ROA":-0.033520720701,"HOLDER_PROFIT_QOQ":53.741459471491,"ROE_YEARLY":-0.167564363893,"ROIC_YEARLY":-0.070973996815,"TOTAL_ASSETS":5181971072.38,"TOTAL_LIABILITIES":3012594543.46,"TAX_EBT":358.662613981763,"OCF_SALES":null,"TOTAL_PARENT_EQUITY":2114401627.46,"DEBT_ASSET_RATIO":58.1360741189,"OPERATE_PROFIT":-23840558.84,"PRETAX_PROFIT":1213325.68,"NETCASH_OPERATE":5118832.96,"NETCASH_INVEST":37694230.32,"NETCASH_FINANCE":-32024053.32,"END_CASH":236613259.28,"DIVI_RATIO":null,"DIVIDEND_RATE":null,"CURRENT_RATIO":1.389713493746,"COMMON_ACS":null,"CURRENTDEBT_DEBT":95.879268939476,"ISSUED_COMMON_SHARES":2190679905,"HK_COMMON_SHARES":2190679905,"PER_SHARES":8000,"TOTAL_MARKET_CAP":591483574.35,"HKSK_MARKET_CAP":591483574.35,"PE_TTM":10.27541258013,"PB_TTM":0.246976932737,"REPORT_DATE_SQ":"2022-06-30 00:00:00","REPORT_TYPE_SQ":"2022年中报","OPERATE_INCOME_SQ":5593797.79,"DPS_HKD":null,"OPERATE_INCOME_QOQ_SQ":-10.791027083007,"NET_PROFIT_RATIO_SQ":-18.3584600666,"HOLDER_PROFIT_SQ":-28423950.03,"HOLDER_PROFIT_QOQ_SQ":-1.604863509723,"ROE_AVG_SQ":-1.36679823904,"PE_TTM_SQ":-9.869151049597,"PB_TTM_SQ":0.104121265587,"ROA_SQ":-0.493972405644,"START_DATE":"2023-01-01 00:00:00","FISCAL_YEAR":"12-31","CURRENCY":"HKD","IS_CNY_CODE":0,"DPS_HKD_LY":null,"ORG_TYPE":"证券","PREMIUM_INCOME":null,"PREMIUM_INCOME_YOY":null,"NET_INTEREST_INCOME":null,"NET_INTEREST_INCOME_YOY":null,"FEE_COMMISSION_INCOME":null,"FEE_COMMISSION_INCOME_YOY":null,"ACCOUNTS_RECE_TDAYS":1.128282472441,"INVENTORY_TDAYS":null,"CURRENT_ASSETS_TDAYS":-0.000747453922,"TOTAL_ASSETS_TDAYS":-0.000579625512,"PREMIUM_EXPENSE":null,"LOAN_DEPOSIT":null,"LOAN_EQUITY":null,"LOAN_ASSETS":null,"DEPOSIT_EQUITY":null,"DEPOSIT_ASSETS":null,"EQUITY_MULTIPLIER":2.388691406631,"EQUITY_RATIO":1.424797684761},{"SECUCODE":"00227.HK","SECURITY_CODE":"00227","SECURITY_NAME_ABBR":"第一上海","ORG_CODE":"10007489","STD_REPORT_DATE":"2022-12-31 00:00:00","REPORT_DATE":"2022-12-31 00:00:00","DATE_TYPE_CODE":"001","REPORT_TYPE":"2022年年报","PER_NETCASH_OPERATE":-0.037968095008,"PER_OI":0.195339597866,"BPS":0.944691742521,"BASIC_EPS":-0.031979066,"DILUTED_EPS":-0.031979066,"OPERATE_INCOME":305661808.41,"OPERATE_INCOME_YOY":-42.3879520746,"GROSS_PROFIT":null,"GROSS_PROFIT_YOY":null,"HOLDER_PROFIT":-50062423.88,"HOLDER_PROFIT_YOY":60.3278079186,"GROSS_PROFIT_RATIO":null,"EPS_TTM":-0.031683464758,"OPERATE_INCOME_QOQ":-29.441938603944,"NET_PROFIT_RATIO":-18.8851339425,"ROE_AVG":-2.311708006967,"GROSS_PROFIT_QOQ":null,"ROA":-0.852967562843,"HOLDER_PROFIT_QOQ":57.340715486629,"ROE_YEARLY":-2.311708006967,"ROIC_YEARLY":-0.903667227202,"TOTAL_ASSETS":5270997790.03,"TOTAL_LIABILITIES":3145488623.13,"TAX_EBT":7.775569152406,"OCF_SALES":-21.345426186419,"TOTAL_PARENT_EQUITY":2069032171.15,"DEBT_ASSET_RATIO":59.6659306587,"OPERATE_PROFIT":-86867827.69,"PRETAX_PROFIT":-57521228.38,"NETCASH_OPERATE":-59411387.7,"NETCASH_INVEST":77458121.51,"NETCASH_FINANCE":-82496164.31,"END_CASH":220635010.19,"DIVI_RATIO":null,"DIVIDEND_RATE":null,"CURRENT_RATIO":1.362422491324,"COMMON_ACS":null,"CURRENTDEBT_DEBT":95.476808548161,"ISSUED_COMMON_SHARES":2190679905,"HK_COMMON_SHARES":2190679905,"PER_SHARES":8000,"TOTAL_MARKET_CAP":591483574.35,"HKSK_MARKET_CAP":591483574.35,"PE_TTM":10.27541258013,"PB_TTM":0.246976932737,"REPORT_DATE_SQ":"2021-12-31 00:00:00","REPORT_TYPE_SQ":"2021年年报","OPERATE_INCOME_SQ":442190784,"DPS_HKD":null,"OPERATE_INCOME_QOQ_SQ":9.484255641152,"NET_PROFIT_RATIO_SQ":-27.5493676503,"HOLDER_PROFIT_SQ":-114381422.4,"HOLDER_PROFIT_QOQ_SQ":-75.498109100588,"ROE_AVG_SQ":-5.496106732877,"PE_TTM_SQ":-9.869151049597,"PB_TTM_SQ":0.104121265587,"ROA_SQ":-2.019725598321,"START_DATE":"2022-01-01 00:00:00","FISCAL_YEAR":"12-31","CURRENCY":"HKD","IS_CNY_CODE":0,"DPS_HKD_LY":null,"ORG_TYPE":"证券","PREMIUM_INCOME":null,"PREMIUM_INCOME_YOY":null,"NET_INTEREST_INCOME":null,"NET_INTEREST_INCOME_YOY":null,"FEE_COMMISSION_INCOME":null,"FEE_COMMISSION_INCOME_YOY":null,"ACCOUNTS_RECE_TDAYS":1.657859355961,"INVENTORY_TDAYS":null,"CURRENT_ASSETS_TDAYS":0.06145759646,"TOTAL_ASSETS_TDAYS":0.047886580411,"PREMIUM_EXPENSE":null,"LOAN_DEPOSIT":null,"LOAN_EQUITY":null,"LOAN_ASSETS":null,"DEPOSIT_EQUITY":null,"DEPOSIT_ASSETS":null,"EQUITY_MULTIPLIER":2.4792936005,"EQUITY_RATIO":1.520270524059},{"SECUCODE":"00227.HK","SECURITY_CODE":"00227","SECURITY_NAME_ABBR":"第一上海","ORG_CODE":"10007489","STD_REPORT_DATE":"2022-06-30 00:00:00","REPORT_DATE":"2022-06-30 00:00:00","DATE_TYPE_CODE":"002","REPORT_TYPE":"2022年中报","PER_NETCASH_OPERATE":0.013248910669,"PER_OI":0.003574833953,"BPS":0.928526170326,"BASIC_EPS":-0.018130028,"DILUTED_EPS":-0.018130028,"OPERATE_INCOME":5593797.79,"OPERATE_INCOME_YOY":-25.5440567227,"GROSS_PROFIT":null,"GROSS_PROFIT_YOY":null,"HOLDER_PROFIT":-28423950.03,"HOLDER_PROFIT_YOY":-4.0151467735,"GROSS_PROFIT_RATIO":null,"EPS_TTM":-0.074270970831,"OPERATE_INCOME_QOQ":-10.791027083007,"NET_PROFIT_RATIO":-18.3584600666,"ROE_AVG":-1.36679823904,"GROSS_PROFIT_QOQ":null,"ROA":-0.493972405644,"HOLDER_PROFIT_QOQ":-1.604863509723,"ROE_YEARLY":-2.73359647808,"ROIC_YEARLY":-1.052521243911,"TOTAL_ASSETS":5425456204.07,"TOTAL_LIABILITIES":3331126680.91,"TAX_EBT":-4.428598236067,"OCF_SALES":13.328714852813,"TOTAL_PARENT_EQUITY":2034103622.6,"DEBT_ASSET_RATIO":61.3980936462,"OPERATE_PROFIT":-30856965.58,"PRETAX_PROFIT":-27343845.06,"NETCASH_OPERATE":20731515.98,"NETCASH_INVEST":53344186.63,"NETCASH_FINANCE":-62851333.86,"END_CASH":287549085.6,"DIVI_RATIO":null,"DIVIDEND_RATE":null,"CURRENT_RATIO":1.323275864389,"COMMON_ACS":null,"CURRENTDEBT_DEBT":95.387258487329,"ISSUED_COMMON_SHARES":2190679905,"HK_COMMON_SHARES":2190679905,"PER_SHARES":8000,"TOTAL_MARKET_CAP":591483574.35,"HKSK_MARKET_CAP":591483574.35,"PE_TTM":10.27541258013,"PB_TTM":0.246976932737,"REPORT_DATE_SQ":"2021-06-30 00:00:00","REPORT_TYPE_SQ":"2021年中报","OPERATE_INCOME_SQ":203257174.08,"DPS_HKD":null,"OPERATE_INCOME_QOQ_SQ":10.356817040033,"NET_PROFIT_RATIO_SQ":-11.9770322521,"HOLDER_PROFIT_SQ":-26588284.32,"HOLDER_PROFIT_QOQ_SQ":14.272557893425,"ROE_AVG_SQ":-1.234475134621,"PE_TTM_SQ":-9.869151049597,"PB_TTM_SQ":0.104121265587,"ROA_SQ":-0.391024426728,"START_DATE":"2022-01-01 00:00:00","FISCAL_YEAR":"12-31","CURRENCY":"HKD","IS_CNY_CODE":0,"DPS_HKD_LY":null,"ORG_TYPE":"证券","PREMIUM_INCOME":null,"PREMIUM_INCOME_YOY":null,"NET_INTEREST_INCOME":null,"NET_INTEREST_INCOME_YOY":null,"FEE_COMMISSION_INCOME":null,"FEE_COMMISSION_INCOME_YOY":null,"ACCOUNTS_RECE_TDAYS":0.021647399896,"INVENTORY_TDAYS":null,"CURRENT_ASSETS_TDAYS":0.034722483399,"TOTAL_ASSETS_TDAYS":0.027030933355,"PREMIUM_EXPENSE":null,"LOAN_DEPOSIT":null,"LOAN_EQUITY":null,"LOAN_ASSETS":null,"DEPOSIT_EQUITY":null,"DEPOSIT_ASSETS":null,"EQUITY_MULTIPLIER":2.590545634805,"EQUITY_RATIO":1.637638635465},{"SECUCODE":"00227.HK","SECURITY_CODE":"00227","SECURITY_NAME_ABBR":"第一上海","ORG_CODE":"10007489","STD_REPORT_DATE":"2021-12-31 00:00:00","REPORT_DATE":"2021-12-31 00:00:00","DATE_TYPE_CODE":"001","REPORT_TYPE":"2021年年报","PER_NETCASH_OPERATE":0.001913411297,"PER_OI":0.282591306961,"BPS":0.927424126255,"BASIC_EPS":-0.07857136,"DILUTED_EPS":-0.07857136,"OPERATE_INCOME":442190784,"OPERATE_INCOME_YOY":24.3759241841,"GROSS_PROFIT":null,"GROSS_PROFIT_YOY":null,"HOLDER_PROFIT":-114381422.4,"HOLDER_PROFIT_YOY":-54.8737421262,"GROSS_PROFIT_RATIO":null,"EPS_TTM":-0.073097850108,"OPERATE_INCOME_QOQ":9.484255641152,"NET_PROFIT_RATIO":-27.5493676503,"ROE_AVG":-5.496106732877,"GROSS_PROFIT_QOQ":null,"ROA":-2.019725598321,"HOLDER_PROFIT_QOQ":-75.498109100588,"ROE_YEARLY":-5.496106732877,"ROIC_YEARLY":-2.149580198891,"TOTAL_ASSETS":5815485782.4,"TOTAL_LIABILITIES":3723418260.8,"TAX_EBT":-68.668070366094,"OCF_SALES":0.677094889431,"TOTAL_PARENT_EQUITY":2031689396.8,"DEBT_ASSET_RATIO":64.0259197618,"OPERATE_PROFIT":-62019048,"PRETAX_PROFIT":-72225148.8,"NETCASH_OPERATE":2994051.2,"NETCASH_INVEST":40281516.8,"NETCASH_FINANCE":-36715963.2,"END_CASH":268355124.8,"DIVI_RATIO":null,"DIVIDEND_RATE":null,"CURRENT_RATIO":1.275727116708,"COMMON_ACS":null,"CURRENTDEBT_DEBT":95.691338958908,"ISSUED_COMMON_SHARES":2190679905,"HK_COMMON_SHARES":2190679905,"PER_SHARES":8000,"TOTAL_MARKET_CAP":451280060.43,"HKSK_MARKET_CAP":451280060.43,"PE_TTM":7.839759227803,"PB_TTM":0.188434252384,"REPORT_DATE_SQ":"2020-12-31 00:00:00","REPORT_TYPE_SQ":"2020年年报","OPERATE_INCOME_SQ":365981262.52,"DPS_HKD":null,"OPERATE_INCOME_QOQ_SQ":-18.08257970647,"NET_PROFIT_RATIO_SQ":-20.8866188486,"HOLDER_PROFIT_SQ":-76026182.84,"HOLDER_PROFIT_QOQ_SQ":-85.638994953475,"ROE_AVG_SQ":-3.447568475917,"PE_TTM_SQ":-11.861089793552,"PB_TTM_SQ":0.125136566898,"ROA_SQ":-1.41716260141,"START_DATE":"2021-01-01 00:00:00","FISCAL_YEAR":"12-31","CURRENCY":"HKD","IS_CNY_CODE":0,"DPS_HKD_LY":null,"ORG_TYPE":"证券","PREMIUM_INCOME":null,"PREMIUM_INCOME_YOY":null,"NET_INTEREST_INCOME":null,"NET_INTEREST_INCOME_YOY":null,"FEE_COMMISSION_INCOME":null,"FEE_COMMISSION_INCOME_YOY":null,"ACCOUNTS_RECE_TDAYS":1.693734772233,"INVENTORY_TDAYS":null,"CURRENT_ASSETS_TDAYS":0.104265217369,"TOTAL_ASSETS_TDAYS":0.078081215205,"PREMIUM_EXPENSE":null,"LOAN_DEPOSIT":null,"LOAN_EQUITY":null,"LOAN_ASSETS":null,"DEPOSIT_EQUITY":null,"DEPOSIT_ASSETS":null,"EQUITY_MULTIPLIER":2.779779200409,"EQUITY_RATIO":1.832671010965},{"SECUCODE":"00227.HK","SECURITY_CODE":"00227","SECURITY_NAME_ABBR":"第一上海","ORG_CODE":"10007489","STD_REPORT_DATE":"2021-06-30 00:00:00","REPORT_DATE":"2021-06-30 00:00:00","DATE_TYPE_CODE":"002","REPORT_TYPE":"2021年中报","PER_NETCASH_OPERATE":-1.682332982215,"PER_OI":0.143242452366,"BPS":0.976551142099,"BASIC_EPS":-0.0187218,"DILUTED_EPS":-0.0187218,"OPERATE_INCOME":203257174.08,"OPERATE_INCOME_YOY":33.1904526952,"GROSS_PROFIT":null,"GROSS_PROFIT_YOY":null,"HOLDER_PROFIT":-26588284.32,"HOLDER_PROFIT_YOY":22.038695196,"GROSS_PROFIT_RATIO":null,"EPS_TTM":-0.045931318869,"OPERATE_INCOME_QOQ":10.356817040033,"NET_PROFIT_RATIO":-11.9770322521,"ROE_AVG":-1.234475134621,"GROSS_PROFIT_QOQ":null,"ROA":-0.391024426728,"HOLDER_PROFIT_QOQ":14.272557893425,"ROE_YEARLY":-2.468950269242,"ROIC_YEARLY":-0.819571481893,"TOTAL_ASSETS":7990748811.36,"TOTAL_LIABILITIES":5781888441.36,"TAX_EBT":20.466367713005,"OCF_SALES":-1107.0736187323,"TOTAL_PARENT_EQUITY":2139310963.2,"DEBT_ASSET_RATIO":72.3572793721,"OPERATE_PROFIT":-22785678.72,"PRETAX_PROFIT":-32471922,"NETCASH_OPERATE":-2387185098.96,"NETCASH_INVEST":-16540086.24,"NETCASH_FINANCE":2300304297.84,"END_CASH":161463459.84,"DIVI_RATIO":null,"DIVIDEND_RATE":null,"CURRENT_RATIO":1.184655567248,"COMMON_ACS":null,"CURRENTDEBT_DEBT":93.993365969574,"ISSUED_COMMON_SHARES":2190679905,"HK_COMMON_SHARES":2190679905,"PER_SHARES":8000,"TOTAL_MARKET_CAP":591483574.35,"HKSK_MARKET_CAP":591483574.35,"PE_TTM":10.27541258013,"PB_TTM":0.246976932737,"REPORT_DATE_SQ":"2020-06-30 00:00:00","REPORT_TYPE_SQ":"2020年中报","OPERATE_INCOME_SQ":177726193.92,"DPS_HKD":null,"OPERATE_INCOME_QOQ_SQ":-15.96579260161,"NET_PROFIT_RATIO_SQ":-22.3197053053,"HOLDER_PROFIT_SQ":-37439165.28,"HOLDER_PROFIT_QOQ_SQ":-530.576074961158,"ROE_AVG_SQ":-1.581126929538,"PE_TTM_SQ":-9.869151049597,"PB_TTM_SQ":0.104121265587,"ROA_SQ":-0.649867959648,"START_DATE":"2021-01-01 00:00:00","FISCAL_YEAR":"12-31","CURRENCY":"HKD","IS_CNY_CODE":0,"DPS_HKD_LY":null,"ORG_TYPE":"证券","PREMIUM_INCOME":null,"PREMIUM_INCOME_YOY":null,"NET_INTEREST_INCOME":null,"NET_INTEREST_INCOME_YOY":null,"FEE_COMMISSION_INCOME":null,"FEE_COMMISSION_INCOME_YOY":null,"ACCOUNTS_RECE_TDAYS":0.595470517901,"INVENTORY_TDAYS":null,"CURRENT_ASSETS_TDAYS":0.041290767893,"TOTAL_ASSETS_TDAYS":0.031711965979,"PREMIUM_EXPENSE":null,"LOAN_DEPOSIT":null,"LOAN_EQUITY":null,"LOAN_ASSETS":null,"DEPOSIT_EQUITY":null,"DEPOSIT_ASSETS":null,"EQUITY_MULTIPLIER":3.617588924987,"EQUITY_RATIO":2.702687239405},{"SECUCODE":"00227.HK","SECURITY_CODE":"00227","SECURITY_NAME_ABBR":"第一上海","ORG_CODE":"10007489","STD_REPORT_DATE":"2020-12-31 00:00:00","REPORT_DATE":"2020-12-31 00:00:00","DATE_TYPE_CODE":"001","REPORT_TYPE":"2020年年报","PER_NETCASH_OPERATE":0.01697606525,"PER_OI":0.25791981907,"BPS":1.001162765073,"BASIC_EPS":-0.053612468,"DILUTED_EPS":-0.053612468,"OPERATE_INCOME":365981262.52,"OPERATE_INCOME_YOY":-26.7331754018,"GROSS_PROFIT":null,"GROSS_PROFIT_YOY":null,"HOLDER_PROFIT":-76026182.84,"HOLDER_PROFIT_YOY":-950.7346016199,"GROSS_PROFIT_RATIO":null,"EPS_TTM":-0.053578314878,"OPERATE_INCOME_QOQ":-18.08257970647,"NET_PROFIT_RATIO":-20.8866188486,"ROE_AVG":-3.447568475917,"GROSS_PROFIT_QOQ":null,"ROA":-1.41716260141,"HOLDER_PROFIT_QOQ":-85.638994953475,"ROE_YEARLY":-3.447568475917,"ROIC_YEARLY":-1.502853985119,"TOTAL_ASSETS":5672985206.16,"TOTAL_LIABILITIES":3410969976.24,"TAX_EBT":-17.556303391147,"OCF_SALES":6.581915771899,"TOTAL_PARENT_EQUITY":2193227151.08,"DEBT_ASSET_RATIO":60.1265445314,"OPERATE_PROFIT":-64234806.44,"PRETAX_PROFIT":-65025106.4,"NETCASH_OPERATE":24088578.44,"NETCASH_INVEST":188577858.4,"NETCASH_FINANCE":-127663321.76,"END_CASH":266858794.8,"DIVI_RATIO":null,"DIVIDEND_RATE":null,"CURRENT_RATIO":1.340689458915,"COMMON_ACS":null,"CURRENTDEBT_DEBT":88.614491929709,"ISSUED_COMMON_SHARES":2190679905,"HK_COMMON_SHARES":2190679905,"PER_SHARES":8000,"TOTAL_MARKET_CAP":451280060.43,"HKSK_MARKET_CAP":451280060.43,"PE_TTM":7.839759227803,"PB_TTM":0.188434252384,"REPORT_DATE_SQ":"2019-12-31 00:00:00","REPORT_TYPE_SQ":"2019年年报","OPERATE_INCOME_SQ":531650804.68,"DPS_HKD":null,"OPERATE_INCOME_QOQ_SQ":9.735437229996,"NET_PROFIT_RATIO_SQ":2.6259212207,"HOLDER_PROFIT_SQ":9511392.04,"HOLDER_PROFIT_QOQ_SQ":-62.875952102027,"ROE_AVG_SQ":0.398040163894,"PE_TTM_SQ":-11.861089793552,"PB_TTM_SQ":0.125136566898,"ROA_SQ":0.164993846917,"START_DATE":"2020-01-01 00:00:00","FISCAL_YEAR":"12-31","CURRENCY":"HKD","IS_CNY_CODE":0,"DPS_HKD_LY":null,"ORG_TYPE":"证券","PREMIUM_INCOME":null,"PREMIUM_INCOME_YOY":null,"NET_INTEREST_INCOME":null,"NET_INTEREST_INCOME_YOY":null,"FEE_COMMISSION_INCOME":null,"FEE_COMMISSION_INCOME_YOY":null,"ACCOUNTS_RECE_TDAYS":1.529997906489,"INVENTORY_TDAYS":null,"CURRENT_ASSETS_TDAYS":0.096666878595,"TOTAL_ASSETS_TDAYS":0.068220570688,"PREMIUM_EXPENSE":null,"LOAN_DEPOSIT":null,"LOAN_EQUITY":null,"LOAN_ASSETS":null,"DEPOSIT_EQUITY":null,"DEPOSIT_ASSETS":null,"EQUITY_MULTIPLIER":2.507934133743,"EQUITY_RATIO":1.555228775351},{"SECUCODE":"00227.HK","SECURITY_CODE":"00227","SECURITY_NAME_ABBR":"第一上海","ORG_CODE":"10007489","STD_REPORT_DATE":"2020-06-30 00:00:00","REPORT_DATE":"2020-06-30 00:00:00","DATE_TYPE_CODE":"002","REPORT_TYPE":"2020年中报","PER_NETCASH_OPERATE":0.11973758892,"PER_OI":0.125249876084,"BPS":1.063328633473,"BASIC_EPS":-0.026398416,"DILUTED_EPS":-0.026398416,"OPERATE_INCOME":177726193.92,"OPERATE_INCOME_YOY":-35.6623944854,"GROSS_PROFIT":null,"GROSS_PROFIT_YOY":null,"HOLDER_PROFIT":-37439165.28,"HOLDER_PROFIT_YOY":-376.7895732037,"GROSS_PROFIT_RATIO":null,"EPS_TTM":-0.028861562675,"OPERATE_INCOME_QOQ":-15.96579260161,"NET_PROFIT_RATIO":-22.3197053053,"ROE_AVG":-1.581126929538,"GROSS_PROFIT_QOQ":null,"ROA":-0.649867959648,"HOLDER_PROFIT_QOQ":-530.576074961158,"ROE_YEARLY":-3.162253859077,"ROIC_YEARLY":-1.399061137029,"TOTAL_ASSETS":6034360020.48,"TOTAL_LIABILITIES":3636393678.72,"TAX_EBT":17.104505470503,"OCF_SALES":99.446110745772,"TOTAL_PARENT_EQUITY":2329412669.76,"DEBT_ASSET_RATIO":60.2614637903,"OPERATE_PROFIT":-53232542.88,"PRETAX_PROFIT":-46001751.84,"NETCASH_OPERATE":169904407.2,"NETCASH_INVEST":185286736.8,"NETCASH_FINANCE":-102098842.56,"END_CASH":441094695.36,"DIVI_RATIO":null,"DIVIDEND_RATE":null,"CURRENT_RATIO":1.381254879805,"COMMON_ACS":null,"CURRENTDEBT_DEBT":88.120863464045,"ISSUED_COMMON_SHARES":2190679905,"HK_COMMON_SHARES":2190679905,"PER_SHARES":8000,"TOTAL_MARKET_CAP":591483574.35,"HKSK_MARKET_CAP":591483574.35,"PE_TTM":10.27541258013,"PB_TTM":0.246976932737,"REPORT_DATE_SQ":"2019-06-30 00:00:00","REPORT_TYPE_SQ":"2019年中报","OPERATE_INCOME_SQ":255732995.88,"DPS_HKD":null,"OPERATE_INCOME_QOQ_SQ":8.96357905695,"NET_PROFIT_RATIO_SQ":6.4103357893,"HOLDER_PROFIT_SQ":13026005.28,"HOLDER_PROFIT_QOQ_SQ":-12.461311440008,"ROE_AVG_SQ":0.550677953433,"PE_TTM_SQ":-9.869151049597,"PB_TTM_SQ":0.104121265587,"ROA_SQ":0.224073969832,"START_DATE":"2020-01-01 00:00:00","FISCAL_YEAR":"12-31","CURRENCY":"HKD","IS_CNY_CODE":0,"DPS_HKD_LY":null,"ORG_TYPE":"证券","PREMIUM_INCOME":null,"PREMIUM_INCOME_YOY":null,"NET_INTEREST_INCOME":null,"NET_INTEREST_INCOME_YOY":null,"FEE_COMMISSION_INCOME":null,"FEE_COMMISSION_INCOME_YOY":null,"ACCOUNTS_RECE_TDAYS":0.519520606011,"INVENTORY_TDAYS":null,"CURRENT_ASSETS_TDAYS":0.041438431392,"TOTAL_ASSETS_TDAYS":0.029656221007,"PREMIUM_EXPENSE":null,"LOAN_DEPOSIT":null,"LOAN_EQUITY":null,"LOAN_ASSETS":null,"DEPOSIT_EQUITY":null,"DEPOSIT_ASSETS":null,"EQUITY_MULTIPLIER":2.516449007389,"EQUITY_RATIO":1.561077487869}],"count":47},"success":true,"message":"ok","code":0}