{"version":"0e74b0f1c65104a9c90984a052a68fb1","result":{"pages":5,"data":[{"SECUCODE":"00220.HK","SECURITY_CODE":"00220","SECURITY_NAME_ABBR":"统一企业中国","ORG_CODE":"10106413","STD_REPORT_DATE":"2024-06-30 00:00:00","REPORT_DATE":"2024-06-30 00:00:00","DATE_TYPE_CODE":"002","REPORT_TYPE":"2024年中报","PER_NETCASH_OPERATE":0.344198202778,"PER_OI":3.576606254575,"BPS":2.897347137313,"BASIC_EPS":0.2236,"DILUTED_EPS":0.2236,"OPERATE_INCOME":15448557000,"OPERATE_INCOME_YOY":6.0162462255,"GROSS_PROFIT":5227978000,"GROSS_PROFIT_YOY":15.334170472916,"HOLDER_PROFIT":965693000,"HOLDER_PROFIT_YOY":10.1620901403,"GROSS_PROFIT_RATIO":33.841206010374,"EPS_TTM":0.406577032478,"OPERATE_INCOME_QOQ":3.066250534997,"NET_PROFIT_RATIO":6.251023963,"ROE_AVG":7.457956402419,"GROSS_PROFIT_QOQ":7.97868988379,"ROA":4.411280296938,"HOLDER_PROFIT_QOQ":5.3436588965,"ROE_YEARLY":14.915912804837,"ROIC_YEARLY":9.971686792179,"TOTAL_ASSETS":21648672000,"TOTAL_LIABILITIES":9134062000,"TAX_EBT":27.020184653799,"OCF_SALES":9.623597854479,"TOTAL_PARENT_EQUITY":12514610000,"DEBT_ASSET_RATIO":42.1922508688,"OPERATE_PROFIT":1233258000,"PRETAX_PROFIT":1323233000,"NETCASH_OPERATE":1486707000,"NETCASH_INVEST":-974198000,"NETCASH_FINANCE":-1131147000,"END_CASH":313570000,"DIVI_RATIO":1.039336588751,"DIVIDEND_RATE":5.49234393404,"CURRENT_RATIO":0.887950002039,"COMMON_ACS":50000000000,"CURRENTDEBT_DEBT":90.99324046629,"ISSUED_COMMON_SHARES":4319334000,"HK_COMMON_SHARES":4319334000,"PER_SHARES":1000,"TOTAL_MARKET_CAP":36671145660,"HKSK_MARKET_CAP":36671145660,"PE_TTM":18.835963524467,"PB_TTM":2.674395863792,"REPORT_DATE_SQ":"2023-06-30 00:00:00","REPORT_TYPE_SQ":"2023年中报","OPERATE_INCOME_SQ":14571877000,"DPS_HKD":0.4663,"OPERATE_INCOME_QOQ_SQ":2.236494809578,"NET_PROFIT_RATIO_SQ":6.0157727107,"HOLDER_PROFIT_SQ":876611000,"HOLDER_PROFIT_QOQ_SQ":21.457472321478,"ROE_AVG_SQ":6.802528512973,"PE_TTM_SQ":12.494569129137,"PB_TTM_SQ":1.464311697106,"ROA_SQ":3.981764148752,"START_DATE":"2024-01-01 00:00:00","FISCAL_YEAR":"12-31","CURRENCY":"HKD","IS_CNY_CODE":0,"DPS_HKD_LY":0.4663,"ORG_TYPE":"一般企业","PREMIUM_INCOME":null,"PREMIUM_INCOME_YOY":null,"NET_INTEREST_INCOME":null,"NET_INTEREST_INCOME_YOY":null,"FEE_COMMISSION_INCOME":null,"FEE_COMMISSION_INCOME_YOY":null,"ACCOUNTS_RECE_TDAYS":25.083855285922,"INVENTORY_TDAYS":5.317987489909,"CURRENT_ASSETS_TDAYS":2.056369487309,"TOTAL_ASSETS_TDAYS":0.70568923157,"PREMIUM_EXPENSE":null,"LOAN_DEPOSIT":null,"LOAN_EQUITY":null,"LOAN_ASSETS":null,"DEPOSIT_EQUITY":null,"DEPOSIT_ASSETS":null,"EQUITY_MULTIPLIER":1.72987188574,"EQUITY_RATIO":0.72987188574},{"SECUCODE":"00220.HK","SECURITY_CODE":"00220","SECURITY_NAME_ABBR":"统一企业中国","ORG_CODE":"10106413","STD_REPORT_DATE":"2023-12-31 00:00:00","REPORT_DATE":"2023-12-31 00:00:00","DATE_TYPE_CODE":"001","REPORT_TYPE":"2023年年报","PER_NETCASH_OPERATE":0.706938616,"PER_OI":6.619370254766,"BPS":3.098250100594,"BASIC_EPS":0.386,"DILUTED_EPS":0.386,"OPERATE_INCOME":28591271000,"OPERATE_INCOME_YOY":1.1814201659,"GROSS_PROFIT":8711731000,"GROSS_PROFIT_YOY":6.397402416268,"HOLDER_PROFIT":1667060000,"HOLDER_PROFIT_YOY":36.4030971471,"GROSS_PROFIT_RATIO":30.469897613156,"EPS_TTM":0.385953019609,"OPERATE_INCOME_QOQ":-1.031994148167,"NET_PROFIT_RATIO":5.8306606936,"ROE_AVG":12.55139997282,"GROSS_PROFIT_QOQ":2.226594966593,"ROA":7.591594562965,"HOLDER_PROFIT_QOQ":12.305232885184,"ROE_YEARLY":12.55139997282,"ROIC_YEARLY":8.70498981874,"TOTAL_ASSETS":22134218000,"TOTAL_LIABILITIES":8751841000,"TAX_EBT":25.575153442706,"OCF_SALES":10.679847006452,"TOTAL_PARENT_EQUITY":13382377000,"DEBT_ASSET_RATIO":39.5398698974,"OPERATE_PROFIT":1996460000,"PRETAX_PROFIT":2239924000,"NETCASH_OPERATE":3053504000,"NETCASH_INVEST":-946969000,"NETCASH_FINANCE":-1282465000,"END_CASH":931995000,"DIVI_RATIO":1.094875190841,"DIVIDEND_RATE":6.217333333333,"CURRENT_RATIO":0.953814364151,"COMMON_ACS":50000000000,"CURRENTDEBT_DEBT":91.582742419566,"ISSUED_COMMON_SHARES":4319334000,"HK_COMMON_SHARES":4319334000,"PER_SHARES":1000,"TOTAL_MARKET_CAP":32395005000,"HKSK_MARKET_CAP":32395005000,"PE_TTM":16.63954374953,"PB_TTM":2.362540515717,"REPORT_DATE_SQ":"2022-12-31 00:00:00","REPORT_TYPE_SQ":"2022年年报","OPERATE_INCOME_SQ":28257432000,"DPS_HKD":0.4663,"OPERATE_INCOME_QOQ_SQ":8.002084102208,"NET_PROFIT_RATIO_SQ":4.3250816281,"HOLDER_PROFIT_SQ":1222157000,"HOLDER_PROFIT_QOQ_SQ":-3.601770281451,"ROE_AVG_SQ":9.070936970505,"PE_TTM_SQ":14.032777423653,"PB_TTM_SQ":1.644583331522,"ROA_SQ":5.574300267179,"START_DATE":"2023-01-01 00:00:00","FISCAL_YEAR":"12-31","CURRENCY":"HKD","IS_CNY_CODE":0,"DPS_HKD_LY":0.3758,"ORG_TYPE":"一般企业","PREMIUM_INCOME":null,"PREMIUM_INCOME_YOY":null,"NET_INTEREST_INCOME":null,"NET_INTEREST_INCOME_YOY":null,"FEE_COMMISSION_INCOME":null,"FEE_COMMISSION_INCOME_YOY":null,"ACCOUNTS_RECE_TDAYS":40.680006004267,"INVENTORY_TDAYS":8.553258929445,"CURRENT_ASSETS_TDAYS":3.558814386207,"TOTAL_ASSETS_TDAYS":1.302012749822,"PREMIUM_EXPENSE":null,"LOAN_DEPOSIT":null,"LOAN_EQUITY":null,"LOAN_ASSETS":null,"DEPOSIT_EQUITY":null,"DEPOSIT_ASSETS":null,"EQUITY_MULTIPLIER":1.653982547347,"EQUITY_RATIO":0.653982547346},{"SECUCODE":"00220.HK","SECURITY_CODE":"00220","SECURITY_NAME_ABBR":"统一企业中国","ORG_CODE":"10106413","STD_REPORT_DATE":"2023-06-30 00:00:00","REPORT_DATE":"2023-06-30 00:00:00","DATE_TYPE_CODE":"002","REPORT_TYPE":"2023年中报","PER_NETCASH_OPERATE":0.197527905923,"PER_OI":3.373639778725,"BPS":2.915204056922,"BASIC_EPS":0.203,"DILUTED_EPS":0.203,"OPERATE_INCOME":14571877000,"OPERATE_INCOME_YOY":4.5335759558,"GROSS_PROFIT":4532896000,"GROSS_PROFIT_YOY":7.956117320245,"HOLDER_PROFIT":876611000,"HOLDER_PROFIT_YOY":42.6852353723,"GROSS_PROFIT_RATIO":31.107152496552,"EPS_TTM":0.343664324176,"OPERATE_INCOME_QOQ":2.236494809578,"NET_PROFIT_RATIO":6.0157727107,"ROE_AVG":6.802528512973,"GROSS_PROFIT_QOQ":4.079963194546,"ROA":3.981764148752,"HOLDER_PROFIT_QOQ":21.457472321478,"ROE_YEARLY":13.605057025946,"ROIC_YEARLY":8.958050795118,"TOTAL_ASSETS":22246932000,"TOTAL_LIABILITIES":9655192000,"TAX_EBT":27.289791253153,"OCF_SALES":5.855038441513,"TOTAL_PARENT_EQUITY":12591740000,"DEBT_ASSET_RATIO":43.4001056865,"OPERATE_PROFIT":1092407000,"PRETAX_PROFIT":1205623000,"NETCASH_OPERATE":853189000,"NETCASH_INVEST":-1206502000,"NETCASH_FINANCE":346358000,"END_CASH":101520000,"DIVI_RATIO":1.229602132876,"DIVIDEND_RATE":6.217333333333,"CURRENT_RATIO":0.815592167984,"COMMON_ACS":50000000000,"CURRENTDEBT_DEBT":92.093031396994,"ISSUED_COMMON_SHARES":4319334000,"HK_COMMON_SHARES":4319334000,"PER_SHARES":1000,"TOTAL_MARKET_CAP":32395005000,"HKSK_MARKET_CAP":32395005000,"PE_TTM":16.63954374953,"PB_TTM":2.362540515717,"REPORT_DATE_SQ":"2022-06-30 00:00:00","REPORT_TYPE_SQ":"2022年中报","OPERATE_INCOME_SQ":13939901000,"DPS_HKD":0.4663,"OPERATE_INCOME_QOQ_SQ":3.698566499355,"NET_PROFIT_RATIO_SQ":4.4072551161,"HOLDER_PROFIT_SQ":614367000,"HOLDER_PROFIT_QOQ_SQ":-15.518869338948,"ROE_AVG_SQ":4.665322226374,"PE_TTM_SQ":14.032777423653,"PB_TTM_SQ":1.644583331522,"ROA_SQ":2.762029353623,"START_DATE":"2023-01-01 00:00:00","FISCAL_YEAR":"12-31","CURRENCY":"HKD","IS_CNY_CODE":0,"DPS_HKD_LY":0.3758,"ORG_TYPE":"一般企业","PREMIUM_INCOME":null,"PREMIUM_INCOME_YOY":null,"NET_INTEREST_INCOME":null,"NET_INTEREST_INCOME_YOY":null,"FEE_COMMISSION_INCOME":null,"FEE_COMMISSION_INCOME_YOY":null,"ACCOUNTS_RECE_TDAYS":19.556114591854,"INVENTORY_TDAYS":4.568155586059,"CURRENT_ASSETS_TDAYS":1.859259905727,"TOTAL_ASSETS_TDAYS":0.661887398386,"PREMIUM_EXPENSE":null,"LOAN_DEPOSIT":null,"LOAN_EQUITY":null,"LOAN_ASSETS":null,"DEPOSIT_EQUITY":null,"DEPOSIT_ASSETS":null,"EQUITY_MULTIPLIER":1.766787751336,"EQUITY_RATIO":0.766787751335},{"SECUCODE":"00220.HK","SECURITY_CODE":"00220","SECURITY_NAME_ABBR":"统一企业中国","ORG_CODE":"10106413","STD_REPORT_DATE":"2022-12-31 00:00:00","REPORT_DATE":"2022-12-31 00:00:00","DATE_TYPE_CODE":"001","REPORT_TYPE":"2022年年报","PER_NETCASH_OPERATE":0.331134383217,"PER_OI":6.542080793011,"BPS":3.051709592266,"BASIC_EPS":0.283,"DILUTED_EPS":0.283,"OPERATE_INCOME":28257432000,"OPERATE_INCOME_YOY":11.9966130034,"GROSS_PROFIT":8187917000,"GROSS_PROFIT_YOY":-0.377093799543,"HOLDER_PROFIT":1222157000,"HOLDER_PROFIT_YOY":-18.5616855965,"GROSS_PROFIT_RATIO":28.976153954825,"EPS_TTM":0.282950334473,"OPERATE_INCOME_QOQ":8.002084102208,"NET_PROFIT_RATIO":4.3250816281,"ROE_AVG":9.070936970505,"GROSS_PROFIT_QOQ":3.841673577467,"ROA":5.574300267179,"HOLDER_PROFIT_QOQ":-3.601770281451,"ROE_YEARLY":9.070936970505,"ROIC_YEARLY":6.332519434503,"TOTAL_ASSETS":21784355000,"TOTAL_LIABILITIES":8603002000,"TAX_EBT":29.388922880308,"OCF_SALES":5.061606447465,"TOTAL_PARENT_EQUITY":13181353000,"DEBT_ASSET_RATIO":39.4916535284,"OPERATE_PROFIT":1495817000,"PRETAX_PROFIT":1730829000,"NETCASH_OPERATE":1430280000,"NETCASH_INVEST":-416768000,"NETCASH_FINANCE":-1190718000,"END_CASH":108519000,"DIVI_RATIO":1.493443670202,"DIVIDEND_RATE":6.217333333333,"CURRENT_RATIO":1.062398802245,"COMMON_ACS":50000000000,"CURRENTDEBT_DEBT":92.155796313891,"ISSUED_COMMON_SHARES":4319334000,"HK_COMMON_SHARES":4319334000,"PER_SHARES":1000,"TOTAL_MARKET_CAP":32395005000,"HKSK_MARKET_CAP":32395005000,"PE_TTM":16.63954374953,"PB_TTM":2.362540515717,"REPORT_DATE_SQ":"2021-12-31 00:00:00","REPORT_TYPE_SQ":"2021年年报","OPERATE_INCOME_SQ":25230613000,"DPS_HKD":0.4663,"OPERATE_INCOME_QOQ_SQ":5.338085497795,"NET_PROFIT_RATIO_SQ":5.9479926231,"HOLDER_PROFIT_SQ":1500715000,"HOLDER_PROFIT_QOQ_SQ":6.595849714637,"ROE_AVG_SQ":10.854361414147,"PE_TTM_SQ":14.032777423653,"PB_TTM_SQ":1.644583331522,"ROA_SQ":6.795221259851,"START_DATE":"2022-01-01 00:00:00","FISCAL_YEAR":"12-31","CURRENCY":"HKD","IS_CNY_CODE":0,"DPS_HKD_LY":0.4896,"ORG_TYPE":"一般企业","PREMIUM_INCOME":null,"PREMIUM_INCOME_YOY":null,"NET_INTEREST_INCOME":null,"NET_INTEREST_INCOME_YOY":null,"FEE_COMMISSION_INCOME":null,"FEE_COMMISSION_INCOME_YOY":null,"ACCOUNTS_RECE_TDAYS":38.487167054388,"INVENTORY_TDAYS":8.166579044385,"CURRENT_ASSETS_TDAYS":3.579955973689,"TOTAL_ASSETS_TDAYS":1.28883122829,"PREMIUM_EXPENSE":null,"LOAN_DEPOSIT":null,"LOAN_EQUITY":null,"LOAN_ASSETS":null,"DEPOSIT_EQUITY":null,"DEPOSIT_ASSETS":null,"EQUITY_MULTIPLIER":1.652664563341,"EQUITY_RATIO":0.652664563342},{"SECUCODE":"00220.HK","SECURITY_CODE":"00220","SECURITY_NAME_ABBR":"统一企业中国","ORG_CODE":"10106413","STD_REPORT_DATE":"2022-06-30 00:00:00","REPORT_DATE":"2022-06-30 00:00:00","DATE_TYPE_CODE":"002","REPORT_TYPE":"2022年中报","PER_NETCASH_OPERATE":0.041764772069,"PER_OI":3.227326481351,"BPS":2.910703594582,"BASIC_EPS":0.1422,"DILUTED_EPS":0.1422,"OPERATE_INCOME":13939901000,"OPERATE_INCOME_YOY":7.1745242655,"GROSS_PROFIT":4198832000,"GROSS_PROFIT_YOY":-7.366602239131,"HOLDER_PROFIT":614367000,"HOLDER_PROFIT_YOY":-27.4878697355,"GROSS_PROFIT_RATIO":30.120959969515,"EPS_TTM":0.293522334693,"OPERATE_INCOME_QOQ":3.698566499355,"NET_PROFIT_RATIO":4.4072551161,"ROE_AVG":4.665322226374,"GROSS_PROFIT_QOQ":-4.062692011471,"ROA":2.762029353623,"HOLDER_PROFIT_QOQ":-15.518869338948,"ROE_YEARLY":9.330644452749,"ROIC_YEARLY":6.27924903343,"TOTAL_ASSETS":22421292000,"TOTAL_LIABILITIES":9848991000,"TAX_EBT":28.187969669944,"OCF_SALES":1.294098143165,"TOTAL_PARENT_EQUITY":12572301000,"DEBT_ASSET_RATIO":43.9269556812,"OPERATE_PROFIT":731297000,"PRETAX_PROFIT":855521000,"NETCASH_OPERATE":180396000,"NETCASH_INVEST":-1219568000,"NETCASH_FINANCE":805224000,"END_CASH":51794000,"DIVI_RATIO":1.439653259918,"DIVIDEND_RATE":6.217333333333,"CURRENT_RATIO":0.860515859657,"COMMON_ACS":50000000000,"CURRENTDEBT_DEBT":92.591230918985,"ISSUED_COMMON_SHARES":4319334000,"HK_COMMON_SHARES":4319334000,"PER_SHARES":1000,"TOTAL_MARKET_CAP":32395005000,"HKSK_MARKET_CAP":32395005000,"PE_TTM":16.63954374953,"PB_TTM":2.362540515717,"REPORT_DATE_SQ":"2021-06-30 00:00:00","REPORT_TYPE_SQ":"2021年中报","OPERATE_INCOME_SQ":13006730000,"DPS_HKD":0.4663,"OPERATE_INCOME_QOQ_SQ":5.228979472733,"NET_PROFIT_RATIO_SQ":6.5140200496,"HOLDER_PROFIT_SQ":847261000,"HOLDER_PROFIT_QOQ_SQ":-13.400233622008,"ROE_AVG_SQ":6.276450013364,"PE_TTM_SQ":14.032777423653,"PB_TTM_SQ":1.644583331522,"ROA_SQ":3.883826304707,"START_DATE":"2022-01-01 00:00:00","FISCAL_YEAR":"12-31","CURRENCY":"HKD","IS_CNY_CODE":0,"DPS_HKD_LY":0.4896,"ORG_TYPE":"一般企业","PREMIUM_INCOME":null,"PREMIUM_INCOME_YOY":null,"NET_INTEREST_INCOME":null,"NET_INTEREST_INCOME_YOY":null,"FEE_COMMISSION_INCOME":null,"FEE_COMMISSION_INCOME_YOY":null,"ACCOUNTS_RECE_TDAYS":19.666473151335,"INVENTORY_TDAYS":4.547358293443,"CURRENT_ASSETS_TDAYS":1.832883129861,"TOTAL_ASSETS_TDAYS":0.626700583667,"PREMIUM_EXPENSE":null,"LOAN_DEPOSIT":null,"LOAN_EQUITY":null,"LOAN_ASSETS":null,"DEPOSIT_EQUITY":null,"DEPOSIT_ASSETS":null,"EQUITY_MULTIPLIER":1.783388100554,"EQUITY_RATIO":0.783388100555},{"SECUCODE":"00220.HK","SECURITY_CODE":"00220","SECURITY_NAME_ABBR":"统一企业中国","ORG_CODE":"10106413","STD_REPORT_DATE":"2021-12-31 00:00:00","REPORT_DATE":"2021-12-31 00:00:00","DATE_TYPE_CODE":"001","REPORT_TYPE":"2021年年报","PER_NETCASH_OPERATE":0.56058642374,"PER_OI":5.841320212792,"BPS":3.186903582821,"BASIC_EPS":0.3474,"DILUTED_EPS":0.3474,"OPERATE_INCOME":25230613000,"OPERATE_INCOME_YOY":10.8461923654,"GROSS_PROFIT":8218910000,"GROSS_PROFIT_YOY":1.896606851708,"HOLDER_PROFIT":1500715000,"HOLDER_PROFIT_YOY":-7.6882431785,"GROSS_PROFIT_RATIO":32.575149878443,"EPS_TTM":0.347441295348,"OPERATE_INCOME_QOQ":5.338085497795,"NET_PROFIT_RATIO":5.9479926231,"ROE_AVG":10.854361414147,"GROSS_PROFIT_QOQ":-1.835149803065,"ROA":6.795221259851,"HOLDER_PROFIT_QOQ":6.595849714637,"ROE_YEARLY":10.854361414147,"ROIC_YEARLY":7.375786729,"TOTAL_ASSETS":22065346000,"TOTAL_LIABILITIES":8300045000,"TAX_EBT":29.933440468531,"OCF_SALES":9.596913083325,"TOTAL_PARENT_EQUITY":13765301000,"DEBT_ASSET_RATIO":37.6157482416,"OPERATE_PROFIT":1905835000,"PRETAX_PROFIT":2141842000,"NETCASH_OPERATE":2421360000,"NETCASH_INVEST":-579877000,"NETCASH_FINANCE":-2042043000,"END_CASH":285573000,"DIVI_RATIO":1.216235351578,"DIVIDEND_RATE":6.217333333333,"CURRENT_RATIO":0.958442146695,"COMMON_ACS":50000000000,"CURRENTDEBT_DEBT":92.564317422375,"ISSUED_COMMON_SHARES":4319334000,"HK_COMMON_SHARES":4319334000,"PER_SHARES":1000,"TOTAL_MARKET_CAP":32395005000,"HKSK_MARKET_CAP":32395005000,"PE_TTM":16.63954374953,"PB_TTM":2.362540515717,"REPORT_DATE_SQ":"2020-12-31 00:00:00","REPORT_TYPE_SQ":"2020年年报","OPERATE_INCOME_SQ":22761822000,"DPS_HKD":0.4663,"OPERATE_INCOME_QOQ_SQ":1.7664772379,"NET_PROFIT_RATIO_SQ":7.1422358017,"HOLDER_PROFIT_SQ":1625703000,"HOLDER_PROFIT_QOQ_SQ":13.380507125237,"ROE_AVG_SQ":11.814932580625,"PE_TTM_SQ":14.032777423653,"PB_TTM_SQ":1.644583331522,"ROA_SQ":7.412907559544,"START_DATE":"2021-01-01 00:00:00","FISCAL_YEAR":"12-31","CURRENCY":"HKD","IS_CNY_CODE":0,"DPS_HKD_LY":0.449025,"ORG_TYPE":"一般企业","PREMIUM_INCOME":null,"PREMIUM_INCOME_YOY":null,"NET_INTEREST_INCOME":null,"NET_INTEREST_INCOME_YOY":null,"FEE_COMMISSION_INCOME":null,"FEE_COMMISSION_INCOME_YOY":null,"ACCOUNTS_RECE_TDAYS":41.057431816702,"INVENTORY_TDAYS":7.846730095355,"CURRENT_ASSETS_TDAYS":3.731058995364,"TOTAL_ASSETS_TDAYS":1.14243942292,"PREMIUM_EXPENSE":null,"LOAN_DEPOSIT":null,"LOAN_EQUITY":null,"LOAN_ASSETS":null,"DEPOSIT_EQUITY":null,"DEPOSIT_ASSETS":null,"EQUITY_MULTIPLIER":1.602968652847,"EQUITY_RATIO":0.602968652847},{"SECUCODE":"00220.HK","SECURITY_CODE":"00220","SECURITY_NAME_ABBR":"统一企业中国","ORG_CODE":"10106413","STD_REPORT_DATE":"2021-06-30 00:00:00","REPORT_DATE":"2021-06-30 00:00:00","DATE_TYPE_CODE":"002","REPORT_TYPE":"2021年中报","PER_NETCASH_OPERATE":0.1023699487,"PER_OI":3.011281368841,"BPS":3.035552008712,"BASIC_EPS":0.1962,"DILUTED_EPS":0.1962,"OPERATE_INCOME":13006730000,"OPERATE_INCOME_YOY":10.0724333452,"GROSS_PROFIT":4532741000,"GROSS_PROFIT_YOY":7.255556110308,"HOLDER_PROFIT":847261000,"HOLDER_PROFIT_YOY":-20.4531179438,"GROSS_PROFIT_RATIO":34.849197300167,"EPS_TTM":0.325942610597,"OPERATE_INCOME_QOQ":5.228979472733,"NET_PROFIT_RATIO":6.5140200496,"ROE_AVG":6.276450013364,"GROSS_PROFIT_QOQ":3.801520246082,"ROA":3.883826304707,"HOLDER_PROFIT_QOQ":-13.400233622008,"ROE_YEARLY":12.552900026728,"ROIC_YEARLY":8.275988647904,"TOTAL_ASSETS":21525850000,"TOTAL_LIABILITIES":8414287000,"TAX_EBT":28.28039398926,"OCF_SALES":3.399547772576,"TOTAL_PARENT_EQUITY":13111563000,"DEBT_ASSET_RATIO":39.0892206347,"OPERATE_PROFIT":1057563000,"PRETAX_PROFIT":1181352000,"NETCASH_OPERATE":442170000,"NETCASH_INVEST":16823000,"NETCASH_FINANCE":-465641000,"END_CASH":479676000,"DIVI_RATIO":1.296456407544,"DIVIDEND_RATE":6.217333333333,"CURRENT_RATIO":0.764675435655,"COMMON_ACS":50000000000,"CURRENTDEBT_DEBT":93.291136848553,"ISSUED_COMMON_SHARES":4319334000,"HK_COMMON_SHARES":4319334000,"PER_SHARES":1000,"TOTAL_MARKET_CAP":32395005000,"HKSK_MARKET_CAP":32395005000,"PE_TTM":16.63954374953,"PB_TTM":2.362540515717,"REPORT_DATE_SQ":"2020-06-30 00:00:00","REPORT_TYPE_SQ":"2020年中报","OPERATE_INCOME_SQ":11816519000,"DPS_HKD":0.4663,"OPERATE_INCOME_QOQ_SQ":1.575777222044,"NET_PROFIT_RATIO_SQ":9.0137290009,"HOLDER_PROFIT_SQ":1065109000,"HOLDER_PROFIT_QOQ_SQ":4.950549402289,"ROE_AVG_SQ":7.901397680973,"PE_TTM_SQ":14.032777423653,"PB_TTM_SQ":1.644583331522,"ROA_SQ":4.8671217531,"START_DATE":"2021-01-01 00:00:00","FISCAL_YEAR":"12-31","CURRENCY":"HKD","IS_CNY_CODE":0,"DPS_HKD_LY":0.449025,"ORG_TYPE":"一般企业","PREMIUM_INCOME":null,"PREMIUM_INCOME_YOY":null,"NET_INTEREST_INCOME":null,"NET_INTEREST_INCOME_YOY":null,"FEE_COMMISSION_INCOME":null,"FEE_COMMISSION_INCOME_YOY":null,"ACCOUNTS_RECE_TDAYS":19.244439939959,"INVENTORY_TDAYS":4.866152774081,"CURRENT_ASSETS_TDAYS":2.138635171553,"TOTAL_ASSETS_TDAYS":0.596225721616,"PREMIUM_EXPENSE":null,"LOAN_DEPOSIT":null,"LOAN_EQUITY":null,"LOAN_ASSETS":null,"DEPOSIT_EQUITY":null,"DEPOSIT_ASSETS":null,"EQUITY_MULTIPLIER":1.641745534075,"EQUITY_RATIO":0.641745534076},{"SECUCODE":"00220.HK","SECURITY_CODE":"00220","SECURITY_NAME_ABBR":"统一企业中国","ORG_CODE":"10106413","STD_REPORT_DATE":"2020-12-31 00:00:00","REPORT_DATE":"2020-12-31 00:00:00","DATE_TYPE_CODE":"001","REPORT_TYPE":"2020年年报","PER_NETCASH_OPERATE":0.744380267884,"PER_OI":5.269752697985,"BPS":3.214970872824,"BASIC_EPS":0.3764,"DILUTED_EPS":0.3764,"OPERATE_INCOME":22761822000,"OPERATE_INCOME_YOY":3.3700902059,"GROSS_PROFIT":8065931000,"GROSS_PROFIT_YOY":1.864556615128,"HOLDER_PROFIT":1625703000,"HOLDER_PROFIT_YOY":18.993465143,"GROSS_PROFIT_RATIO":35.436227381095,"EPS_TTM":0.376378163856,"OPERATE_INCOME_QOQ":1.7664772379,"NET_PROFIT_RATIO":7.1422358017,"ROE_AVG":11.814932580625,"GROSS_PROFIT_QOQ":1.470032306896,"ROA":7.412907559544,"HOLDER_PROFIT_QOQ":13.380507125237,"ROE_YEARLY":11.814932580625,"ROIC_YEARLY":8.432182776729,"TOTAL_ASSETS":22104371000,"TOTAL_LIABILITIES":8217838000,"TAX_EBT":30.121141184951,"OCF_SALES":14.125525627957,"TOTAL_PARENT_EQUITY":13886533000,"DEBT_ASSET_RATIO":37.1774342731,"OPERATE_PROFIT":2108273000,"PRETAX_PROFIT":2326459000,"NETCASH_OPERATE":3215227000,"NETCASH_INVEST":-1700794000,"NETCASH_FINANCE":-2083963000,"END_CASH":486300000,"DIVI_RATIO":1.122728220126,"DIVIDEND_RATE":6.217333333333,"CURRENT_RATIO":0.803681988348,"COMMON_ACS":50000000000,"CURRENTDEBT_DEBT":93.285131685487,"ISSUED_COMMON_SHARES":4319334000,"HK_COMMON_SHARES":4319334000,"PER_SHARES":1000,"TOTAL_MARKET_CAP":32395005000,"HKSK_MARKET_CAP":32395005000,"PE_TTM":16.63954374953,"PB_TTM":2.362540515717,"REPORT_DATE_SQ":"2019-12-31 00:00:00","REPORT_TYPE_SQ":"2019年年报","OPERATE_INCOME_SQ":22019737000,"DPS_HKD":0.4663,"OPERATE_INCOME_QOQ_SQ":0.00834321166,"NET_PROFIT_RATIO_SQ":6.2044882734,"HOLDER_PROFIT_SQ":1366212000,"HOLDER_PROFIT_QOQ_SQ":4.061501010367,"ROE_AVG_SQ":10.174641169616,"PE_TTM_SQ":14.032777423653,"PB_TTM_SQ":1.644583331522,"ROA_SQ":6.282936610132,"START_DATE":"2020-01-01 00:00:00","FISCAL_YEAR":"12-31","CURRENCY":"HKD","IS_CNY_CODE":0,"DPS_HKD_LY":0.3456,"ORG_TYPE":"一般企业","PREMIUM_INCOME":null,"PREMIUM_INCOME_YOY":null,"NET_INTEREST_INCOME":null,"NET_INTEREST_INCOME_YOY":null,"FEE_COMMISSION_INCOME":null,"FEE_COMMISSION_INCOME_YOY":null,"ACCOUNTS_RECE_TDAYS":39.600481222158,"INVENTORY_TDAYS":7.981574786813,"CURRENT_ASSETS_TDAYS":3.454268111546,"TOTAL_ASSETS_TDAYS":1.037897342705,"PREMIUM_EXPENSE":null,"LOAN_DEPOSIT":null,"LOAN_EQUITY":null,"LOAN_ASSETS":null,"DEPOSIT_EQUITY":null,"DEPOSIT_ASSETS":null,"EQUITY_MULTIPLIER":1.591784716892,"EQUITY_RATIO":0.591784716891},{"SECUCODE":"00220.HK","SECURITY_CODE":"00220","SECURITY_NAME_ABBR":"统一企业中国","ORG_CODE":"10106413","STD_REPORT_DATE":"2020-06-30 00:00:00","REPORT_DATE":"2020-06-30 00:00:00","DATE_TYPE_CODE":"002","REPORT_TYPE":"2020年中报","PER_NETCASH_OPERATE":0.254028514581,"PER_OI":2.735727081999,"BPS":3.085449053025,"BASIC_EPS":0.2466,"DILUTED_EPS":0.2466,"OPERATE_INCOME":11816519000,"OPERATE_INCOME_YOY":3.0252485344,"GROSS_PROFIT":4226113000,"GROSS_PROFIT_YOY":0.733840469132,"HOLDER_PROFIT":1065109000,"HOLDER_PROFIT_YOY":6.780627866,"GROSS_PROFIT_RATIO":35.764449750388,"EPS_TTM":0.331960204976,"OPERATE_INCOME_QOQ":1.575777222044,"NET_PROFIT_RATIO":9.0137290009,"ROE_AVG":7.901397680973,"GROSS_PROFIT_QOQ":0.388808694807,"ROA":4.8671217531,"HOLDER_PROFIT_QOQ":4.950549402289,"ROE_YEARLY":15.802795361946,"ROIC_YEARLY":11.342956163349,"TOTAL_ASSETS":22010468000,"TOTAL_LIABILITIES":8683383000,"TAX_EBT":28.733465681483,"OCF_SALES":9.285594175408,"TOTAL_PARENT_EQUITY":13327085000,"DEBT_ASSET_RATIO":39.4511511523,"OPERATE_PROFIT":1389273000,"PRETAX_PROFIT":1494543000,"NETCASH_OPERATE":1097234000,"NETCASH_INVEST":-1760797000,"NETCASH_FINANCE":-97514000,"END_CASH":295548000,"DIVI_RATIO":1.272954949617,"DIVIDEND_RATE":6.217333333333,"CURRENT_RATIO":0.791399244925,"COMMON_ACS":50000000000,"CURRENTDEBT_DEBT":94.204286509071,"ISSUED_COMMON_SHARES":4319334000,"HK_COMMON_SHARES":4319334000,"PER_SHARES":1000,"TOTAL_MARKET_CAP":32395005000,"HKSK_MARKET_CAP":32395005000,"PE_TTM":16.63954374953,"PB_TTM":2.362540515717,"REPORT_DATE_SQ":"2019-06-30 00:00:00","REPORT_TYPE_SQ":"2019年中报","OPERATE_INCOME_SQ":11469537000,"DPS_HKD":0.4663,"OPERATE_INCOME_QOQ_SQ":1.128317527273,"NET_PROFIT_RATIO_SQ":8.6967242008,"HOLDER_PROFIT_SQ":997474000,"HOLDER_PROFIT_QOQ_SQ":27.501592690715,"ROE_AVG_SQ":7.557938984589,"PE_TTM_SQ":14.032777423653,"PB_TTM_SQ":1.644583331522,"ROA_SQ":4.720648073139,"START_DATE":"2020-01-01 00:00:00","FISCAL_YEAR":"12-31","CURRENCY":"HKD","IS_CNY_CODE":0,"DPS_HKD_LY":0.3456,"ORG_TYPE":"一般企业","PREMIUM_INCOME":null,"PREMIUM_INCOME_YOY":null,"NET_INTEREST_INCOME":null,"NET_INTEREST_INCOME_YOY":null,"FEE_COMMISSION_INCOME":null,"FEE_COMMISSION_INCOME_YOY":null,"ACCOUNTS_RECE_TDAYS":19.347269544943,"INVENTORY_TDAYS":5.178425065239,"CURRENT_ASSETS_TDAYS":1.751678593548,"TOTAL_ASSETS_TDAYS":0.539967615247,"PREMIUM_EXPENSE":null,"LOAN_DEPOSIT":null,"LOAN_EQUITY":null,"LOAN_ASSETS":null,"DEPOSIT_EQUITY":null,"DEPOSIT_ASSETS":null,"EQUITY_MULTIPLIER":1.651559061866,"EQUITY_RATIO":0.651559061865}],"count":39},"success":true,"message":"ok","code":0}