{"version":"d74ff3c1e30f5feaa2ed9fc5e4cefa0e","result":{"pages":6,"data":[{"SECUCODE":"00228.HK","SECURITY_CODE":"00228","SECURITY_NAME_ABBR":"中能控股","ORG_CODE":"10007490","STD_REPORT_DATE":"2024-06-30 00:00:00","REPORT_DATE":"2024-06-30 00:00:00","DATE_TYPE_CODE":"002","REPORT_TYPE":"2024年中报","PER_NETCASH_OPERATE":0.00508325503,"PER_OI":0.012439330344,"BPS":0.135398119945,"BASIC_EPS":0.00319438,"DILUTED_EPS":0.002646772,"OPERATE_INCOME":151328732.76,"OPERATE_INCOME_YOY":-1.4701600299,"GROSS_PROFIT":124161899.88,"GROSS_PROFIT_YOY":-8.183732244736,"HOLDER_PROFIT":30685214.28,"HOLDER_PROFIT_YOY":-4.3254318318,"GROSS_PROFIT_RATIO":82.047802565634,"EPS_TTM":0.005038450658,"OPERATE_INCOME_QOQ":-1.27053384126,"NET_PROFIT_RATIO":19.8489810442,"ROE_AVG":1.906697657616,"GROSS_PROFIT_QOQ":-4.305044723659,"ROA":1.435506290187,"HOLDER_PROFIT_QOQ":-2.720399605423,"ROE_YEARLY":3.813395315232,"ROIC_YEARLY":2.938145444797,"TOTAL_ASSETS":2115392363.08,"TOTAL_LIABILITIES":459955125.48,"TAX_EBT":21.515274366251,"OCF_SALES":40.864378464118,"TOTAL_PARENT_EQUITY":1647164706.08,"DEBT_ASSET_RATIO":21.7432535688,"OPERATE_PROFIT":56638182.76,"PRETAX_PROFIT":38271410.44,"NETCASH_OPERATE":61839546.08,"NETCASH_INVEST":4613597.4,"NETCASH_FINANCE":-63658517.32,"END_CASH":39035323.6,"DIVI_RATIO":null,"DIVIDEND_RATE":null,"CURRENT_RATIO":0.696605020084,"COMMON_ACS":25000000000,"CURRENTDEBT_DEBT":48.657535007669,"ISSUED_COMMON_SHARES":12165344000,"HK_COMMON_SHARES":12165344000,"PER_SHARES":2000,"TOTAL_MARKET_CAP":632597888,"HKSK_MARKET_CAP":632597888,"PE_TTM":9.301679013072,"PB_TTM":0.350517126969,"REPORT_DATE_SQ":"2023-06-30 00:00:00","REPORT_TYPE_SQ":"2023年中报","OPERATE_INCOME_SQ":155151716.38,"DPS_HKD":null,"OPERATE_INCOME_QOQ_SQ":-1.224414871959,"NET_PROFIT_RATIO_SQ":20.4978577498,"HOLDER_PROFIT_SQ":32399299.18,"HOLDER_PROFIT_QOQ_SQ":-27.582816375737,"ROE_AVG_SQ":2.075414421416,"PE_TTM_SQ":11.770074472413,"PB_TTM_SQ":0.398214178629,"ROA_SQ":1.395342650309,"START_DATE":"2024-01-01 00:00:00","FISCAL_YEAR":"12-31","CURRENCY":"HKD","IS_CNY_CODE":0,"DPS_HKD_LY":null,"ORG_TYPE":"一般企业","PREMIUM_INCOME":null,"PREMIUM_INCOME_YOY":null,"NET_INTEREST_INCOME":null,"NET_INTEREST_INCOME_YOY":null,"FEE_COMMISSION_INCOME":null,"FEE_COMMISSION_INCOME_YOY":null,"ACCOUNTS_RECE_TDAYS":2.453328795804,"INVENTORY_TDAYS":null,"CURRENT_ASSETS_TDAYS":1.047207616882,"TOTAL_ASSETS_TDAYS":0.070794143975,"PREMIUM_EXPENSE":null,"LOAN_DEPOSIT":null,"LOAN_EQUITY":null,"LOAN_ASSETS":null,"DEPOSIT_EQUITY":null,"DEPOSIT_ASSETS":null,"EQUITY_MULTIPLIER":1.277845100395,"EQUITY_RATIO":0.279240517832},{"SECUCODE":"00228.HK","SECURITY_CODE":"00228","SECURITY_NAME_ABBR":"中能控股","ORG_CODE":"10007490","STD_REPORT_DATE":"2023-12-31 00:00:00","REPORT_DATE":"2023-12-31 00:00:00","DATE_TYPE_CODE":"001","REPORT_TYPE":"2023年年报","PER_NETCASH_OPERATE":0.014805697441,"PER_OI":0.031655440506,"BPS":0.128265053606,"BASIC_EPS":0.006615406,"DILUTED_EPS":0.00543732,"OPERATE_INCOME":300895851.48,"OPERATE_INCOME_YOY":2.7879936105,"GROSS_PROFIT":257064708.74,"GROSS_PROFIT_YOY":5.069243539355,"HOLDER_PROFIT":63008570.38,"HOLDER_PROFIT_YOY":-16.4967273164,"GROSS_PROFIT_RATIO":85.433118295114,"EPS_TTM":0.006628752245,"OPERATE_INCOME_QOQ":5.570765782021,"NET_PROFIT_RATIO":20.7448634778,"ROE_AVG":4.045467213673,"GROSS_PROFIT_QOQ":4.29167023616,"ROA":2.822636383547,"HOLDER_PROFIT_QOQ":16.980307908395,"ROE_YEARLY":4.045467213673,"ROIC_YEARLY":2.94057815144,"TOTAL_ASSETS":2144497132.4,"TOTAL_LIABILITIES":575054588.08,"TAX_EBT":24.111717071558,"OCF_SALES":46.771414975575,"TOTAL_PARENT_EQUITY":1560388500.3,"DEBT_ASSET_RATIO":26.8153582204,"OPERATE_PROFIT":126817333.02,"PRETAX_PROFIT":82253058.3,"NETCASH_OPERATE":140733247.34,"NETCASH_INVEST":-76912703.84,"NETCASH_FINANCE":-140875523.88,"END_CASH":40963862.66,"DIVI_RATIO":null,"DIVIDEND_RATE":null,"CURRENT_RATIO":0.478660837944,"COMMON_ACS":25000000000,"CURRENTDEBT_DEBT":48.016906096154,"ISSUED_COMMON_SHARES":12165344000,"HK_COMMON_SHARES":12165344000,"PER_SHARES":2000,"TOTAL_MARKET_CAP":729920640,"HKSK_MARKET_CAP":729920640,"PE_TTM":10.732706553544,"PB_TTM":0.40444283881,"REPORT_DATE_SQ":"2022-12-31 00:00:00","REPORT_TYPE_SQ":"2022年年报","OPERATE_INCOME_SQ":288551221.56,"DPS_HKD":null,"OPERATE_INCOME_QOQ_SQ":3.338603642719,"NET_PROFIT_RATIO_SQ":25.6829129363,"HOLDER_PROFIT_SQ":74378126.55,"HOLDER_PROFIT_QOQ_SQ":-34.826190874258,"ROE_AVG_SQ":4.782578353384,"PE_TTM_SQ":13.451513682758,"PB_TTM_SQ":0.455101918433,"ROA_SQ":3.077228967603,"START_DATE":"2023-01-01 00:00:00","FISCAL_YEAR":"12-31","CURRENCY":"HKD","IS_CNY_CODE":0,"DPS_HKD_LY":null,"ORG_TYPE":"一般企业","PREMIUM_INCOME":null,"PREMIUM_INCOME_YOY":null,"NET_INTEREST_INCOME":null,"NET_INTEREST_INCOME_YOY":null,"FEE_COMMISSION_INCOME":null,"FEE_COMMISSION_INCOME_YOY":null,"ACCOUNTS_RECE_TDAYS":13.324798844232,"INVENTORY_TDAYS":null,"CURRENT_ASSETS_TDAYS":1.962509272202,"TOTAL_ASSETS_TDAYS":0.13479429432,"PREMIUM_EXPENSE":null,"LOAN_DEPOSIT":null,"LOAN_EQUITY":null,"LOAN_ASSETS":null,"DEPOSIT_EQUITY":null,"DEPOSIT_ASSETS":null,"EQUITY_MULTIPLIER":1.366406906809,"EQUITY_RATIO":0.368532956997},{"SECUCODE":"00228.HK","SECURITY_CODE":"00228","SECURITY_NAME_ABBR":"中能控股","ORG_CODE":"10007490","STD_REPORT_DATE":"2023-06-30 00:00:00","REPORT_DATE":"2023-06-30 00:00:00","DATE_TYPE_CODE":"002","REPORT_TYPE":"2023年中报","PER_NETCASH_OPERATE":0.005478623008,"PER_OI":0.016322577739,"BPS":0.12663281631,"BASIC_EPS":0.003411326,"DILUTED_EPS":0.00276594,"OPERATE_INCOME":155151716.38,"OPERATE_INCOME_YOY":-9.3093691897,"GROSS_PROFIT":135228650.56,"GROSS_PROFIT_YOY":1.367376347013,"HOLDER_PROFIT":32399299.18,"HOLDER_PROFIT_YOY":-43.2064646465,"GROSS_PROFIT_RATIO":87.158978137758,"EPS_TTM":0.005666553939,"OPERATE_INCOME_QOQ":-1.224414871959,"NET_PROFIT_RATIO":20.4978577498,"ROE_AVG":2.075414421416,"GROSS_PROFIT_QOQ":0.745575654733,"ROA":1.395342650309,"HOLDER_PROFIT_QOQ":-27.582816375737,"ROE_YEARLY":4.150828842833,"ROIC_YEARLY":2.958968634267,"TOTAL_ASSETS":2283550844.2,"TOTAL_LIABILITIES":733898845.94,"TAX_EBT":25.100968428367,"OCF_SALES":33.564692389515,"TOTAL_PARENT_EQUITY":1540531772.1,"DEBT_ASSET_RATIO":32.1384937762,"OPERATE_PROFIT":66955109.58,"PRETAX_PROFIT":42460866.92,"NETCASH_OPERATE":52076196.34,"NETCASH_INVEST":-14553454.3,"NETCASH_FINANCE":-25596008.76,"END_CASH":123699290.66,"DIVI_RATIO":null,"DIVIDEND_RATE":null,"CURRENT_RATIO":0.471912932148,"COMMON_ACS":25000000000,"CURRENTDEBT_DEBT":64.075009767551,"ISSUED_COMMON_SHARES":12165344000,"HK_COMMON_SHARES":12165344000,"PER_SHARES":2000,"TOTAL_MARKET_CAP":729920640,"HKSK_MARKET_CAP":729920640,"PE_TTM":10.732706553544,"PB_TTM":0.40444283881,"REPORT_DATE_SQ":"2022-06-30 00:00:00","REPORT_TYPE_SQ":"2022年中报","OPERATE_INCOME_SQ":158684780.45,"DPS_HKD":null,"OPERATE_INCOME_QOQ_SQ":-3.412276998552,"NET_PROFIT_RATIO_SQ":33.2553690281,"HOLDER_PROFIT_SQ":52914881.25,"HOLDER_PROFIT_QOQ_SQ":12.771228854911,"ROE_AVG_SQ":3.515596036283,"PE_TTM_SQ":13.451513682758,"PB_TTM_SQ":0.455101918433,"ROA_SQ":2.204939456372,"START_DATE":"2023-01-01 00:00:00","FISCAL_YEAR":"12-31","CURRENCY":"HKD","IS_CNY_CODE":0,"DPS_HKD_LY":null,"ORG_TYPE":"一般企业","PREMIUM_INCOME":null,"PREMIUM_INCOME_YOY":null,"NET_INTEREST_INCOME":null,"NET_INTEREST_INCOME_YOY":null,"FEE_COMMISSION_INCOME":null,"FEE_COMMISSION_INCOME_YOY":null,"ACCOUNTS_RECE_TDAYS":5.909988059282,"INVENTORY_TDAYS":null,"CURRENT_ASSETS_TDAYS":0.776877550644,"TOTAL_ASSETS_TDAYS":0.066819287026,"PREMIUM_EXPENSE":null,"LOAN_DEPOSIT":null,"LOAN_EQUITY":null,"LOAN_ASSETS":null,"DEPOSIT_EQUITY":null,"DEPOSIT_ASSETS":null,"EQUITY_MULTIPLIER":1.473589455415,"EQUITY_RATIO":0.476393190476},{"SECUCODE":"00228.HK","SECURITY_CODE":"00228","SECURITY_NAME_ABBR":"中能控股","ORG_CODE":"10007490","STD_REPORT_DATE":"2022-12-31 00:00:00","REPORT_DATE":"2022-12-31 00:00:00","DATE_TYPE_CODE":"001","REPORT_TYPE":"2022年年报","PER_NETCASH_OPERATE":0.019627734904,"PER_OI":0.030356736333,"BPS":0.125965718479,"BASIC_EPS":0.007860776,"DILUTED_EPS":0.006163563,"OPERATE_INCOME":288551221.56,"OPERATE_INCOME_YOY":-8.6428272453,"GROSS_PROFIT":244662186.65,"GROSS_PROFIT_YOY":-2.177356549049,"HOLDER_PROFIT":74378126.55,"HOLDER_PROFIT_YOY":-32.7287416683,"GROSS_PROFIT_RATIO":84.789863417413,"EPS_TTM":0.007824874781,"OPERATE_INCOME_QOQ":3.338603642719,"NET_PROFIT_RATIO":25.6829129363,"ROE_AVG":4.782578353384,"GROSS_PROFIT_QOQ":4.992865253568,"ROA":3.077228967603,"HOLDER_PROFIT_QOQ":-34.826190874258,"ROE_YEARLY":4.782578353384,"ROIC_YEARLY":3.272016507641,"TOTAL_ASSETS":2286868566.43,"TOTAL_LIABILITIES":744532505.57,"TAX_EBT":9.645062568749,"OCF_SALES":64.656933764256,"TOTAL_PARENT_EQUITY":1532416297.51,"DEBT_ASSET_RATIO":32.5568559776,"OPERATE_PROFIT":130805992.45,"PRETAX_PROFIT":82019158.13,"NETCASH_OPERATE":186568372.2,"NETCASH_INVEST":-213363792.39,"NETCASH_FINANCE":8775484.48,"END_CASH":117282777.92,"DIVI_RATIO":null,"DIVIDEND_RATE":null,"CURRENT_RATIO":0.353953829551,"COMMON_ACS":25000000000,"CURRENTDEBT_DEBT":65.260572699645,"ISSUED_COMMON_SHARES":12165344000,"HK_COMMON_SHARES":12165344000,"PER_SHARES":2000,"TOTAL_MARKET_CAP":729920640,"HKSK_MARKET_CAP":729920640,"PE_TTM":10.732706553544,"PB_TTM":0.40444283881,"REPORT_DATE_SQ":"2021-12-31 00:00:00","REPORT_TYPE_SQ":"2021年年报","OPERATE_INCOME_SQ":289093548.8,"DPS_HKD":null,"OPERATE_INCOME_QOQ_SQ":16.274350992268,"NET_PROFIT_RATIO_SQ":35.2724074346,"HOLDER_PROFIT_SQ":101198440,"HOLDER_PROFIT_QOQ_SQ":84.590926058513,"ROE_AVG_SQ":7.352936808407,"PE_TTM_SQ":13.451513682758,"PB_TTM_SQ":0.455101918433,"ROA_SQ":4.413485171724,"START_DATE":"2022-01-01 00:00:00","FISCAL_YEAR":"12-31","CURRENCY":"HKD","IS_CNY_CODE":0,"DPS_HKD_LY":null,"ORG_TYPE":"一般企业","PREMIUM_INCOME":null,"PREMIUM_INCOME_YOY":null,"NET_INTEREST_INCOME":null,"NET_INTEREST_INCOME_YOY":null,"FEE_COMMISSION_INCOME":null,"FEE_COMMISSION_INCOME_YOY":null,"ACCOUNTS_RECE_TDAYS":461.468571428571,"INVENTORY_TDAYS":null,"CURRENT_ASSETS_TDAYS":1.492580484931,"TOTAL_ASSETS_TDAYS":0.119381627208,"PREMIUM_EXPENSE":null,"LOAN_DEPOSIT":null,"LOAN_EQUITY":null,"LOAN_ASSETS":null,"DEPOSIT_EQUITY":null,"DEPOSIT_ASSETS":null,"EQUITY_MULTIPLIER":1.482730401281,"EQUITY_RATIO":0.485855251461},{"SECUCODE":"00228.HK","SECURITY_CODE":"00228","SECURITY_NAME_ABBR":"中能控股","ORG_CODE":"10007490","STD_REPORT_DATE":"2022-06-30 00:00:00","REPORT_DATE":"2022-06-30 00:00:00","DATE_TYPE_CODE":"002","REPORT_TYPE":"2022年中报","PER_NETCASH_OPERATE":-0.00357718294,"PER_OI":0.016694270134,"BPS":0.123268233558,"BASIC_EPS":0.005558735,"DILUTED_EPS":0.00427595,"OPERATE_INCOME":158684780.45,"OPERATE_INCOME_YOY":-8.3968523528,"GROSS_PROFIT":133404508.86,"GROSS_PROFIT_YOY":-11.350292638928,"HOLDER_PROFIT":52914881.25,"HOLDER_PROFIT_YOY":28.7426395622,"GROSS_PROFIT_RATIO":84.068874457708,"EPS_TTM":0.012006164571,"OPERATE_INCOME_QOQ":-3.412276998552,"NET_PROFIT_RATIO":33.2553690281,"ROE_AVG":3.515596036283,"GROSS_PROFIT_QOQ":-6.829246716242,"ROA":2.204939456372,"HOLDER_PROFIT_QOQ":12.771228854911,"ROE_YEARLY":7.031192072565,"ROIC_YEARLY":4.69645706869,"TOTAL_ASSETS":2361026510.99,"TOTAL_LIABILITIES":851405784.25,"TAX_EBT":13.176778478163,"OCF_SALES":-21.427609064698,"TOTAL_PARENT_EQUITY":1499600465.51,"DEBT_ASSET_RATIO":36.0608311803,"OPERATE_PROFIT":83770136.45,"PRETAX_PROFIT":60780063.68,"NETCASH_OPERATE":-34002354.4,"NETCASH_INVEST":879990.51,"NETCASH_FINANCE":30957022.81,"END_CASH":129123427.72,"DIVI_RATIO":null,"DIVIDEND_RATE":null,"CURRENT_RATIO":0.586431035425,"COMMON_ACS":25000000000,"CURRENTDEBT_DEBT":47.811365291415,"ISSUED_COMMON_SHARES":12165344000,"HK_COMMON_SHARES":12165344000,"PER_SHARES":2000,"TOTAL_MARKET_CAP":729920640,"HKSK_MARKET_CAP":729920640,"PE_TTM":10.732706553544,"PB_TTM":0.40444283881,"REPORT_DATE_SQ":"2021-06-30 00:00:00","REPORT_TYPE_SQ":"2021年中报","OPERATE_INCOME_SQ":168549453.12,"DPS_HKD":null,"OPERATE_INCOME_QOQ_SQ":70.285902386939,"NET_PROFIT_RATIO_SQ":23.3659485397,"HOLDER_PROFIT_SQ":39990596.88,"HOLDER_PROFIT_QOQ_SQ":559.595020212542,"ROE_AVG_SQ":2.94690771208,"PE_TTM_SQ":13.451513682758,"PB_TTM_SQ":0.455101918433,"ROA_SQ":1.749686775814,"START_DATE":"2022-01-01 00:00:00","FISCAL_YEAR":"12-31","CURRENCY":"HKD","IS_CNY_CODE":0,"DPS_HKD_LY":null,"ORG_TYPE":"一般企业","PREMIUM_INCOME":null,"PREMIUM_INCOME_YOY":null,"NET_INTEREST_INCOME":null,"NET_INTEREST_INCOME_YOY":null,"FEE_COMMISSION_INCOME":null,"FEE_COMMISSION_INCOME_YOY":null,"ACCOUNTS_RECE_TDAYS":5.693530323254,"INVENTORY_TDAYS":null,"CURRENT_ASSETS_TDAYS":0.714421845973,"TOTAL_ASSETS_TDAYS":0.066123238922,"PREMIUM_EXPENSE":null,"LOAN_DEPOSIT":null,"LOAN_EQUITY":null,"LOAN_ASSETS":null,"DEPOSIT_EQUITY":null,"DEPOSIT_ASSETS":null,"EQUITY_MULTIPLIER":1.563986549184,"EQUITY_RATIO":0.567755081325},{"SECUCODE":"00228.HK","SECURITY_CODE":"00228","SECURITY_NAME_ABBR":"中能控股","ORG_CODE":"10007490","STD_REPORT_DATE":"2021-12-31 00:00:00","REPORT_DATE":"2021-12-31 00:00:00","DATE_TYPE_CODE":"001","REPORT_TYPE":"2021年年报","PER_NETCASH_OPERATE":0.021107681069,"PER_OI":0.030413791316,"BPS":0.118721706513,"BASIC_EPS":0.0106288,"DILUTED_EPS":0.00801248,"OPERATE_INCOME":289093548.8,"OPERATE_INCOME_YOY":103.8206133272,"GROSS_PROFIT":250107928,"GROSS_PROFIT_YOY":132.02785066491,"HOLDER_PROFIT":101198440,"HOLDER_PROFIT_YOY":973.3154589713,"GROSS_PROFIT_RATIO":86.514531036121,"EPS_TTM":0.010646478444,"OPERATE_INCOME_QOQ":16.274350992268,"NET_PROFIT_RATIO":35.2724074346,"ROE_AVG":7.352936808407,"GROSS_PROFIT_QOQ":16.062768552682,"ROA":4.413485171724,"HOLDER_PROFIT_QOQ":84.590926058513,"ROE_YEARLY":7.352936808407,"ROIC_YEARLY":4.715229113849,"TOTAL_ASSETS":2331450172.8,"TOTAL_LIABILITIES":876952854.4,"TAX_EBT":38.186927560366,"OCF_SALES":69.401676527484,"TOTAL_PARENT_EQUITY":1444290400,"DEBT_ASSET_RATIO":37.6140508869,"OPERATE_PROFIT":202802409.6,"PRETAX_PROFIT":164965516.8,"NETCASH_OPERATE":200635769.6,"NETCASH_INVEST":-209401259.2,"NETCASH_FINANCE":3426561.6,"END_CASH":136768128,"DIVI_RATIO":null,"DIVIDEND_RATE":null,"CURRENT_RATIO":0.404687889423,"COMMON_ACS":25000000000,"CURRENTDEBT_DEBT":55.363725696769,"ISSUED_COMMON_SHARES":12165344000,"HK_COMMON_SHARES":12165344000,"PER_SHARES":2000,"TOTAL_MARKET_CAP":729920640,"HKSK_MARKET_CAP":729920640,"PE_TTM":10.732706553544,"PB_TTM":0.40444283881,"REPORT_DATE_SQ":"2020-12-31 00:00:00","REPORT_TYPE_SQ":"2020年年报","OPERATE_INCOME_SQ":146007707.2,"DPS_HKD":null,"OPERATE_INCOME_QOQ_SQ":8.436717237681,"NET_PROFIT_RATIO_SQ":-8.4712935209,"HOLDER_PROFIT_SQ":-11928563.72,"HOLDER_PROFIT_QOQ_SQ":81.995749189583,"ROE_AVG_SQ":-0.911480356515,"PE_TTM_SQ":13.451513682758,"PB_TTM_SQ":0.455101918433,"ROA_SQ":-0.547794097753,"START_DATE":"2021-01-01 00:00:00","FISCAL_YEAR":"12-31","CURRENCY":"HKD","IS_CNY_CODE":0,"DPS_HKD_LY":null,"ORG_TYPE":"一般企业","PREMIUM_INCOME":null,"PREMIUM_INCOME_YOY":null,"NET_INTEREST_INCOME":null,"NET_INTEREST_INCOME_YOY":null,"FEE_COMMISSION_INCOME":null,"FEE_COMMISSION_INCOME_YOY":null,"ACCOUNTS_RECE_TDAYS":8.850763454318,"INVENTORY_TDAYS":null,"CURRENT_ASSETS_TDAYS":1.229048376305,"TOTAL_ASSETS_TDAYS":0.126080015746,"PREMIUM_EXPENSE":null,"LOAN_DEPOSIT":null,"LOAN_EQUITY":null,"LOAN_ASSETS":null,"DEPOSIT_EQUITY":null,"DEPOSIT_ASSETS":null,"EQUITY_MULTIPLIER":1.60292504036,"EQUITY_RATIO":0.60718596094},{"SECUCODE":"00228.HK","SECURITY_CODE":"00228","SECURITY_NAME_ABBR":"中能控股","ORG_CODE":"10007490","STD_REPORT_DATE":"2021-06-30 00:00:00","REPORT_DATE":"2021-06-30 00:00:00","DATE_TYPE_CODE":"002","REPORT_TYPE":"2021年中报","PER_NETCASH_OPERATE":0.006843905761,"PER_OI":0.017732072939,"BPS":0.113650090684,"BASIC_EPS":0.004243608,"DILUTED_EPS":0.004243608,"OPERATE_INCOME":168549453.12,"OPERATE_INCOME_YOY":180.6606257101,"GROSS_PROFIT":150484996.32,"GROSS_PROFIT_YOY":249.889251731155,"HOLDER_PROFIT":39990596.88,"HOLDER_PROFIT_YOY":264.0475133973,"GROSS_PROFIT_RATIO":89.282399636658,"EPS_TTM":0.005767606605,"OPERATE_INCOME_QOQ":70.285902386939,"NET_PROFIT_RATIO":23.3659485397,"ROE_AVG":2.94690771208,"GROSS_PROFIT_QOQ":99.706354044164,"ROA":1.749686775814,"HOLDER_PROFIT_QOQ":559.595020212542,"ROE_YEARLY":5.893815424159,"ROIC_YEARLY":3.752365430316,"TOTAL_ASSETS":2276821336.08,"TOTAL_LIABILITIES":885434633.76,"TAX_EBT":36.359969343713,"OCF_SALES":38.596196757568,"TOTAL_PARENT_EQUITY":1382592448.8,"DEBT_ASSET_RATIO":38.889069587,"OPERATE_PROFIT":80016141.12,"PRETAX_PROFIT":61884285.84,"NETCASH_OPERATE":65053678.56,"NETCASH_INVEST":-37535960.88,"NETCASH_FINANCE":-18370662.24,"END_CASH":150317748.24,"DIVI_RATIO":null,"DIVIDEND_RATE":null,"CURRENT_RATIO":0.547388346127,"COMMON_ACS":25000000000,"CURRENTDEBT_DEBT":53.866004085998,"ISSUED_COMMON_SHARES":12165344000,"HK_COMMON_SHARES":12165344000,"PER_SHARES":2000,"TOTAL_MARKET_CAP":669093920,"HKSK_MARKET_CAP":669093920,"PE_TTM":9.838314340749,"PB_TTM":0.370739268909,"REPORT_DATE_SQ":"2020-06-30 00:00:00","REPORT_TYPE_SQ":"2020年中报","OPERATE_INCOME_SQ":65926618.56,"DPS_HKD":null,"OPERATE_INCOME_QOQ_SQ":-4.900971506514,"NET_PROFIT_RATIO_SQ":-42.3088646881,"HOLDER_PROFIT_SQ":-26761051.68,"HOLDER_PROFIT_QOQ_SQ":-2.225960093941,"ROE_AVG_SQ":-1.978319316552,"PE_TTM_SQ":13.283369761724,"PB_TTM_SQ":0.449413144453,"ROA_SQ":-1.22060305632,"START_DATE":"2021-01-01 00:00:00","FISCAL_YEAR":"12-31","CURRENCY":"HKD","IS_CNY_CODE":0,"DPS_HKD_LY":null,"ORG_TYPE":"一般企业","PREMIUM_INCOME":null,"PREMIUM_INCOME_YOY":null,"NET_INTEREST_INCOME":null,"NET_INTEREST_INCOME_YOY":null,"FEE_COMMISSION_INCOME":null,"FEE_COMMISSION_INCOME_YOY":null,"ACCOUNTS_RECE_TDAYS":2.931716212696,"INVENTORY_TDAYS":null,"CURRENT_ASSETS_TDAYS":0.624394875107,"TOTAL_ASSETS_TDAYS":0.073744523014,"PREMIUM_EXPENSE":null,"LOAN_DEPOSIT":null,"LOAN_EQUITY":null,"LOAN_ASSETS":null,"DEPOSIT_EQUITY":null,"DEPOSIT_ASSETS":null,"EQUITY_MULTIPLIER":1.636368474906,"EQUITY_RATIO":0.64041622282},{"SECUCODE":"00228.HK","SECURITY_CODE":"00228","SECURITY_NAME_ABBR":"中能控股","ORG_CODE":"10007490","STD_REPORT_DATE":"2020-12-31 00:00:00","REPORT_DATE":"2020-12-31 00:00:00","DATE_TYPE_CODE":"001","REPORT_TYPE":"2020年年报","PER_NETCASH_OPERATE":0.005181321989,"PER_OI":0.0153605916,"BPS":0.110706049782,"BASIC_EPS":-0.00126246,"DILUTED_EPS":-0.00126246,"OPERATE_INCOME":146007707.2,"OPERATE_INCOME_YOY":9.7557889409,"GROSS_PROFIT":107792201.36,"GROSS_PROFIT_YOY":3.846648394721,"HOLDER_PROFIT":-11928563.72,"HOLDER_PROFIT_YOY":80.4110459973,"GROSS_PROFIT_RATIO":73.826377680424,"EPS_TTM":-0.001254932354,"OPERATE_INCOME_QOQ":8.436717237681,"NET_PROFIT_RATIO":-8.4712935209,"ROE_AVG":-0.911480356515,"GROSS_PROFIT_QOQ":12.007007186512,"ROA":-0.547794097753,"HOLDER_PROFIT_QOQ":81.995749189583,"ROE_YEARLY":-0.911480356515,"ROIC_YEARLY":-0.595779812426,"TOTAL_ASSETS":2320711203.52,"TOTAL_LIABILITIES":964518598.36,"TAX_EBT":23.029382496203,"OCF_SALES":33.731265851971,"TOTAL_PARENT_EQUITY":1346777178.48,"DEBT_ASSET_RATIO":41.561336753,"OPERATE_PROFIT":5128954.16,"PRETAX_PROFIT":-16069432.52,"NETCASH_OPERATE":49250247.88,"NETCASH_INVEST":-397717823.64,"NETCASH_FINANCE":284957421.36,"END_CASH":141382895.4,"DIVI_RATIO":null,"DIVIDEND_RATE":null,"CURRENT_RATIO":0.504172472216,"COMMON_ACS":25000000000,"CURRENTDEBT_DEBT":57.992546241314,"ISSUED_COMMON_SHARES":12165344000,"HK_COMMON_SHARES":12165344000,"PER_SHARES":2000,"TOTAL_MARKET_CAP":729920640,"HKSK_MARKET_CAP":729920640,"PE_TTM":10.732706553544,"PB_TTM":0.40444283881,"REPORT_DATE_SQ":"2019-12-31 00:00:00","REPORT_TYPE_SQ":"2019年年报","OPERATE_INCOME_SQ":141586986.8,"DPS_HKD":null,"OPERATE_INCOME_QOQ_SQ":-30.036486330324,"NET_PROFIT_RATIO_SQ":-46.4956345692,"HOLDER_PROFIT_SQ":-64811474.56,"HOLDER_PROFIT_QOQ_SQ":38.785642577844,"ROE_AVG_SQ":-4.620094717306,"PE_TTM_SQ":13.451513682758,"PB_TTM_SQ":0.455101918433,"ROA_SQ":-2.996700820933,"START_DATE":"2020-01-01 00:00:00","FISCAL_YEAR":"12-31","CURRENCY":"HKD","IS_CNY_CODE":0,"DPS_HKD_LY":null,"ORG_TYPE":"一般企业","PREMIUM_INCOME":null,"PREMIUM_INCOME_YOY":null,"NET_INTEREST_INCOME":null,"NET_INTEREST_INCOME_YOY":null,"FEE_COMMISSION_INCOME":null,"FEE_COMMISSION_INCOME_YOY":null,"ACCOUNTS_RECE_TDAYS":1.528249446111,"INVENTORY_TDAYS":null,"CURRENT_ASSETS_TDAYS":0.442174833401,"TOTAL_ASSETS_TDAYS":0.067050956098,"PREMIUM_EXPENSE":null,"LOAN_DEPOSIT":null,"LOAN_EQUITY":null,"LOAN_ASSETS":null,"DEPOSIT_EQUITY":null,"DEPOSIT_ASSETS":null,"EQUITY_MULTIPLIER":1.711195883748,"EQUITY_RATIO":0.7161679109},{"SECUCODE":"00228.HK","SECURITY_CODE":"00228","SECURITY_NAME_ABBR":"中能控股","ORG_CODE":"10007490","STD_REPORT_DATE":"2020-06-30 00:00:00","REPORT_DATE":"2020-06-30 00:00:00","DATE_TYPE_CODE":"002","REPORT_TYPE":"2020年中报","PER_NETCASH_OPERATE":0.010746585836,"PER_OI":0.006935742521,"BPS":0.109031767973,"BASIC_EPS":-0.002831664,"DILUTED_EPS":-0.002831664,"OPERATE_INCOME":65926618.56,"OPERATE_INCOME_YOY":-12.8691117174,"GROSS_PROFIT":43009322.4,"GROSS_PROFIT_YOY":-11.290513600699,"HOLDER_PROFIT":-26761051.68,"HOLDER_PROFIT_YOY":-1.7893127649,"GROSS_PROFIT_RATIO":65.238174411838,"EPS_TTM":-0.006970200355,"OPERATE_INCOME_QOQ":-4.900971506514,"NET_PROFIT_RATIO":-42.3088646881,"ROE_AVG":-1.978319316552,"GROSS_PROFIT_QOQ":-5.273650894923,"ROA":-1.22060305632,"HOLDER_PROFIT_QOQ":-2.225960093941,"ROE_YEARLY":-3.956638633105,"ROIC_YEARLY":-2.68824641173,"TOTAL_ASSETS":2176919342.4,"TOTAL_LIABILITIES":841977935.04,"TAX_EBT":-9.996037606714,"OCF_SALES":154.944994042176,"TOTAL_PARENT_EQUITY":1326408964.32,"DEBT_ASSET_RATIO":38.6774979964,"OPERATE_PROFIT":-18919169.28,"PRETAX_PROFIT":-25358007.84,"NETCASH_OPERATE":102149995.2,"NETCASH_INVEST":-134139577.44,"NETCASH_FINANCE":-5687077.44,"END_CASH":177388221.12,"DIVI_RATIO":null,"DIVIDEND_RATE":null,"CURRENT_RATIO":0.423261925886,"COMMON_ACS":25000000000,"CURRENTDEBT_DEBT":84.12720798988,"ISSUED_COMMON_SHARES":12165344000,"HK_COMMON_SHARES":12165344000,"PER_SHARES":2000,"TOTAL_MARKET_CAP":669093920,"HKSK_MARKET_CAP":669093920,"PE_TTM":9.838314340749,"PB_TTM":0.370739268909,"REPORT_DATE_SQ":"2019-06-30 00:00:00","REPORT_TYPE_SQ":"2019年中报","OPERATE_INCOME_SQ":72865756.44,"DPS_HKD":null,"OPERATE_INCOME_QOQ_SQ":-51.659367181834,"NET_PROFIT_RATIO_SQ":-35.5071588961,"HOLDER_PROFIT_SQ":-25318374.12,"HOLDER_PROFIT_QOQ_SQ":-538.700721745334,"ROE_AVG_SQ":-1.797490370699,"PE_TTM_SQ":13.283369761724,"PB_TTM_SQ":0.449413144453,"ROA_SQ":-1.189764355806,"START_DATE":"2020-01-01 00:00:00","FISCAL_YEAR":"12-31","CURRENCY":"HKD","IS_CNY_CODE":0,"DPS_HKD_LY":null,"ORG_TYPE":"一般企业","PREMIUM_INCOME":null,"PREMIUM_INCOME_YOY":null,"NET_INTEREST_INCOME":null,"NET_INTEREST_INCOME_YOY":null,"FEE_COMMISSION_INCOME":null,"FEE_COMMISSION_INCOME_YOY":null,"ACCOUNTS_RECE_TDAYS":0.624185974107,"INVENTORY_TDAYS":null,"CURRENT_ASSETS_TDAYS":0.185580688542,"TOTAL_ASSETS_TDAYS":0.030069906471,"PREMIUM_EXPENSE":null,"LOAN_DEPOSIT":null,"LOAN_EQUITY":null,"LOAN_ASSETS":null,"DEPOSIT_EQUITY":null,"DEPOSIT_ASSETS":null,"EQUITY_MULTIPLIER":1.630722764608,"EQUITY_RATIO":0.634780039708}],"count":46},"success":true,"message":"ok","code":0}