{"version":"3c96fb8f397a1cbf85bb5a85b29152f1","result":{"pages":6,"data":[{"SECUCODE":"00223.HK","SECURITY_CODE":"00223","SECURITY_NAME_ABBR":"易生活控股","ORG_CODE":"10007485","STD_REPORT_DATE":"2023-12-31 00:00:00","REPORT_DATE":"2024-03-31 00:00:00","DATE_TYPE_CODE":"001","REPORT_TYPE":"2023年年报","PER_NETCASH_OPERATE":-0.023184901859,"PER_OI":0.147661771505,"BPS":0.082952857496,"BASIC_EPS":-0.0308227,"DILUTED_EPS":-0.0308227,"OPERATE_INCOME":166883163.3,"OPERATE_INCOME_YOY":-22.9249706917,"GROSS_PROFIT":28882683,"GROSS_PROFIT_YOY":1667.18376239675,"HOLDER_PROFIT":-29016852.4,"HOLDER_PROFIT_YOY":-47.6860609976,"GROSS_PROFIT_RATIO":17.307128190085,"EPS_TTM":-0.012464487276,"OPERATE_INCOME_QOQ":0,"NET_PROFIT_RATIO":-16.789978597,"ROE_AVG":-28.717028530415,"GROSS_PROFIT_QOQ":0,"ROA":-19.177433801965,"HOLDER_PROFIT_QOQ":0,"ROE_YEARLY":-28.717028530415,"ROIC_YEARLY":-14.242647402368,"TOTAL_ASSETS":231767666.45,"TOTAL_LIABILITIES":184414027.2,"TAX_EBT":-21.855140776903,"OCF_SALES":-15.701356974458,"TOTAL_PARENT_EQUITY":112498322.25,"DEBT_ASSET_RATIO":79.5684877121,"OPERATE_PROFIT":-21205111.05,"PRETAX_PROFIT":-21540534.55,"NETCASH_OPERATE":-26202921.2,"NETCASH_INVEST":1813.1,"NETCASH_FINANCE":49254674.6,"END_CASH":24665412.4,"DIVI_RATIO":null,"DIVIDEND_RATE":null,"CURRENT_RATIO":1.240326897011,"COMMON_ACS":3000000000,"CURRENTDEBT_DEBT":99.00945807771,"ISSUED_COMMON_SHARES":1356171754,"HK_COMMON_SHARES":1356171754,"PER_SHARES":20000,"TOTAL_MARKET_CAP":147822721.186,"HKSK_MARKET_CAP":147822721.186,"PE_TTM":-4.618305460697,"PB_TTM":1.191206101664,"REPORT_DATE_SQ":"2022-12-31 00:00:00","REPORT_TYPE_SQ":"2022年年报","OPERATE_INCOME_SQ":209082924.4,"DPS_HKD":null,"OPERATE_INCOME_QOQ_SQ":0,"NET_PROFIT_RATIO_SQ":-10.5660693351,"HOLDER_PROFIT_SQ":-18972760.93,"HOLDER_PROFIT_QOQ_SQ":0,"ROE_AVG_SQ":-20.024946872401,"PE_TTM_SQ":-17.787118888032,"PB_TTM_SQ":2.640361591414,"ROA_SQ":-24.148996623843,"START_DATE":"2023-04-01 00:00:00","FISCAL_YEAR":"3-31","CURRENCY":"HKD","IS_CNY_CODE":0,"DPS_HKD_LY":null,"ORG_TYPE":"一般企业","PREMIUM_INCOME":null,"PREMIUM_INCOME_YOY":null,"NET_INTEREST_INCOME":null,"NET_INTEREST_INCOME_YOY":null,"FEE_COMMISSION_INCOME":null,"FEE_COMMISSION_INCOME_YOY":null,"ACCOUNTS_RECE_TDAYS":2.106837729112,"INVENTORY_TDAYS":67.716192170819,"CURRENT_ASSETS_TDAYS":1.138262055149,"TOTAL_ASSETS_TDAYS":1.102942101621,"PREMIUM_EXPENSE":null,"LOAN_DEPOSIT":null,"LOAN_EQUITY":null,"LOAN_ASSETS":null,"DEPOSIT_EQUITY":null,"DEPOSIT_ASSETS":null,"EQUITY_MULTIPLIER":4.894400306297,"EQUITY_RATIO":1.639260244168},{"SECUCODE":"00223.HK","SECURITY_CODE":"00223","SECURITY_NAME_ABBR":"易生活控股","ORG_CODE":"10007485","STD_REPORT_DATE":"2023-06-30 00:00:00","REPORT_DATE":"2023-09-30 00:00:00","DATE_TYPE_CODE":"002","REPORT_TYPE":"2023年中报","PER_NETCASH_OPERATE":-0.006313217249,"PER_OI":0.074292566999,"BPS":0.070957782586,"BASIC_EPS":-0.00458815,"DILUTED_EPS":-0.00458815,"OPERATE_INCOME":67101693.75,"OPERATE_INCOME_YOY":-45.4783367258,"GROSS_PROFIT":5930642.69,"GROSS_PROFIT_YOY":542.238380979225,"HOLDER_PROFIT":-4130252.63,"HOLDER_PROFIT_YOY":57.5657584614,"GROSS_PROFIT_RATIO":8.838290598291,"EPS_TTM":-0.021005954303,"OPERATE_INCOME_QOQ":0,"NET_PROFIT_RATIO":-7.174017094,"ROE_AVG":-4.419374159278,"GROSS_PROFIT_QOQ":0,"ROA":-5.129753940485,"HOLDER_PROFIT_QOQ":0,"ROE_YEARLY":-8.838748318556,"ROIC_YEARLY":-5.760450495129,"TOTAL_ASSETS":89318433.68,"TOTAL_LIABILITIES":60048789.57,"TAX_EBT":null,"OCF_SALES":-8.497777777778,"TOTAL_PARENT_EQUITY":96230940.47,"DEBT_ASSET_RATIO":67.2300073971,"OPERATE_PROFIT":-3962326.34,"PRETAX_PROFIT":-4813886.98,"NETCASH_OPERATE":-5702152.82,"NETCASH_INVEST":-917.63,"NETCASH_FINANCE":11351083.1,"END_CASH":6279342.09,"DIVI_RATIO":null,"DIVIDEND_RATE":null,"CURRENT_RATIO":1.437165454981,"COMMON_ACS":3000000000,"CURRENTDEBT_DEBT":95.638686410245,"ISSUED_COMMON_SHARES":1356171754,"HK_COMMON_SHARES":1356171754,"PER_SHARES":20000,"TOTAL_MARKET_CAP":147822721.186,"HKSK_MARKET_CAP":147822721.186,"PE_TTM":-4.618305460697,"PB_TTM":1.191206101664,"REPORT_DATE_SQ":"2022-06-30 00:00:00","REPORT_TYPE_SQ":"2022年中报","OPERATE_INCOME_SQ":121304397.24,"DPS_HKD":null,"OPERATE_INCOME_QOQ_SQ":0,"NET_PROFIT_RATIO_SQ":-8.8718396075,"HOLDER_PROFIT_SQ":-9593395.08,"HOLDER_PROFIT_QOQ_SQ":0,"ROE_AVG_SQ":-9.342164366429,"PE_TTM_SQ":-25.761162936982,"PB_TTM_SQ":3.82404736805,"ROA_SQ":-10.924633725571,"START_DATE":"2023-04-01 00:00:00","FISCAL_YEAR":"3-31","CURRENCY":"HKD","IS_CNY_CODE":0,"DPS_HKD_LY":null,"ORG_TYPE":"一般企业","PREMIUM_INCOME":null,"PREMIUM_INCOME_YOY":null,"NET_INTEREST_INCOME":null,"NET_INTEREST_INCOME_YOY":null,"FEE_COMMISSION_INCOME":null,"FEE_COMMISSION_INCOME_YOY":null,"ACCOUNTS_RECE_TDAYS":6.955012364466,"INVENTORY_TDAYS":25.807975222609,"CURRENT_ASSETS_TDAYS":0.894041556885,"TOTAL_ASSETS_TDAYS":0.83339981537,"PREMIUM_EXPENSE":null,"LOAN_DEPOSIT":null,"LOAN_EQUITY":null,"LOAN_ASSETS":null,"DEPOSIT_EQUITY":null,"DEPOSIT_ASSETS":null,"EQUITY_MULTIPLIER":3.051572248178,"EQUITY_RATIO":0.624007094566},{"SECUCODE":"00223.HK","SECURITY_CODE":"00223","SECURITY_NAME_ABBR":"易生活控股","ORG_CODE":"10007485","STD_REPORT_DATE":"2022-12-31 00:00:00","REPORT_DATE":"2023-03-31 00:00:00","DATE_TYPE_CODE":"001","REPORT_TYPE":"2022年年报","PER_NETCASH_OPERATE":-0.019071593543,"PER_OI":0.277781400288,"BPS":0.063791620047,"BASIC_EPS":-0.0262623,"DILUTED_EPS":-0.0262623,"OPERATE_INCOME":209082924.4,"OPERATE_INCOME_YOY":56.5137614679,"GROSS_PROFIT":1634390.47,"GROSS_PROFIT_YOY":-74.324714411956,"HOLDER_PROFIT":-18972760.93,"HOLDER_PROFIT_YOY":46.9319294809,"GROSS_PROFIT_RATIO":0.781694858483,"EPS_TTM":-0.033385842619,"OPERATE_INCOME_QOQ":0,"NET_PROFIT_RATIO":-10.5660693351,"ROE_AVG":-20.024946872401,"GROSS_PROFIT_QOQ":0,"ROA":-24.148996623843,"HOLDER_PROFIT_QOQ":0,"ROE_YEARLY":-20.024946872401,"ROIC_YEARLY":-13.810308187863,"TOTAL_ASSETS":68413291.5,"TOTAL_LIABILITIES":45992290.58,"TAX_EBT":-0.144426451923,"OCF_SALES":-6.86568414001,"TOTAL_PARENT_EQUITY":86512393.25,"DEBT_ASSET_RATIO":67.2271273193,"OPERATE_PROFIT":-19727364.35,"PRETAX_PROFIT":-20002243.09,"NETCASH_OPERATE":-14354973.18,"NETCASH_INVEST":-35891.81,"NETCASH_FINANCE":7019037.38,"END_CASH":1998561.03,"DIVI_RATIO":null,"DIVIDEND_RATE":null,"CURRENT_RATIO":1.891889114405,"COMMON_ACS":3000000000,"CURRENTDEBT_DEBT":74.085423883665,"ISSUED_COMMON_SHARES":1356171754,"HK_COMMON_SHARES":1356171754,"PER_SHARES":20000,"TOTAL_MARKET_CAP":147822721.186,"HKSK_MARKET_CAP":147822721.186,"PE_TTM":-4.618305460697,"PB_TTM":1.191206101664,"REPORT_DATE_SQ":"2021-12-31 00:00:00","REPORT_TYPE_SQ":"2021年年报","OPERATE_INCOME_SQ":123760126,"DPS_HKD":null,"OPERATE_INCOME_QOQ_SQ":0,"NET_PROFIT_RATIO_SQ":-32.3558322412,"HOLDER_PROFIT_SQ":-33121648.4,"HOLDER_PROFIT_QOQ_SQ":0,"ROE_AVG_SQ":-32.236548700158,"PE_TTM_SQ":-25.761162936982,"PB_TTM_SQ":3.82404736805,"ROA_SQ":-36.319009675583,"START_DATE":"2022-04-01 00:00:00","FISCAL_YEAR":"3-31","CURRENCY":"HKD","IS_CNY_CODE":0,"DPS_HKD_LY":null,"ORG_TYPE":"一般企业","PREMIUM_INCOME":null,"PREMIUM_INCOME_YOY":null,"NET_INTEREST_INCOME":null,"NET_INTEREST_INCOME_YOY":null,"FEE_COMMISSION_INCOME":null,"FEE_COMMISSION_INCOME_YOY":null,"ACCOUNTS_RECE_TDAYS":17.382823871907,"INVENTORY_TDAYS":147.508870214753,"CURRENT_ASSETS_TDAYS":2.868931718128,"TOTAL_ASSETS_TDAYS":2.661258872163,"PREMIUM_EXPENSE":null,"LOAN_DEPOSIT":null,"LOAN_EQUITY":null,"LOAN_ASSETS":null,"DEPOSIT_EQUITY":null,"DEPOSIT_ASSETS":null,"EQUITY_MULTIPLIER":3.051304076218,"EQUITY_RATIO":0.531626612699},{"SECUCODE":"00223.HK","SECURITY_CODE":"00223","SECURITY_NAME_ABBR":"易生活控股","ORG_CODE":"10007485","STD_REPORT_DATE":"2022-06-30 00:00:00","REPORT_DATE":"2022-09-30 00:00:00","DATE_TYPE_CODE":"002","REPORT_TYPE":"2022年中报","PER_NETCASH_OPERATE":-0.009235591991,"PER_OI":0.161161440721,"BPS":0.07298826762,"BASIC_EPS":-0.0135666,"DILUTED_EPS":-0.0135666,"OPERATE_INCOME":121304397.24,"OPERATE_INCOME_YOY":19.9747743557,"GROSS_PROFIT":923433.24,"GROSS_PROFIT_YOY":-92.738398489497,"HOLDER_PROFIT":-9593395.08,"HOLDER_PROFIT_YOY":49.7536712459,"GROSS_PROFIT_RATIO":0.761252898502,"EPS_TTM":-0.048813923146,"OPERATE_INCOME_QOQ":0,"NET_PROFIT_RATIO":-8.8718396075,"ROE_AVG":-9.342164366429,"GROSS_PROFIT_QOQ":0,"ROA":-10.924633725571,"HOLDER_PROFIT_QOQ":0,"ROE_YEARLY":-18.684328732858,"ROIC_YEARLY":-13.181760281357,"TOTAL_ASSETS":83969114.04,"TOTAL_LIABILITIES":51252805.92,"TAX_EBT":-0.067277773106,"OCF_SALES":-5.730646207529,"TOTAL_PARENT_EQUITY":98984626.92,"DEBT_ASSET_RATIO":61.0376880904,"OPERATE_PROFIT":-9873771.48,"PRETAX_PROFIT":-10754696.04,"NETCASH_OPERATE":-6951525.84,"NETCASH_INVEST":-12662.16,"NETCASH_FINANCE":5752238.4,"END_CASH":8166188.76,"DIVI_RATIO":null,"DIVIDEND_RATE":null,"CURRENT_RATIO":1.543138659979,"COMMON_ACS":3000000000,"CURRENTDEBT_DEBT":98.503564622009,"ISSUED_COMMON_SHARES":1356171754,"HK_COMMON_SHARES":1356171754,"PER_SHARES":20000,"TOTAL_MARKET_CAP":147822721.186,"HKSK_MARKET_CAP":147822721.186,"PE_TTM":-4.618305460697,"PB_TTM":1.191206101664,"REPORT_DATE_SQ":"2021-06-30 00:00:00","REPORT_TYPE_SQ":"2021年中报","OPERATE_INCOME_SQ":93128610.46,"DPS_HKD":null,"OPERATE_INCOME_QOQ_SQ":0,"NET_PROFIT_RATIO_SQ":-13.5985902264,"HOLDER_PROFIT_SQ":-17585896.6,"HOLDER_PROFIT_QOQ_SQ":0,"ROE_AVG_SQ":-15.662386900279,"PE_TTM_SQ":-25.761162936982,"PB_TTM_SQ":3.82404736805,"ROA_SQ":-15.503192805814,"START_DATE":"2022-04-01 00:00:00","FISCAL_YEAR":"3-31","CURRENCY":"HKD","IS_CNY_CODE":0,"DPS_HKD_LY":null,"ORG_TYPE":"一般企业","PREMIUM_INCOME":null,"PREMIUM_INCOME_YOY":null,"NET_INTEREST_INCOME":null,"NET_INTEREST_INCOME_YOY":null,"FEE_COMMISSION_INCOME":null,"FEE_COMMISSION_INCOME_YOY":null,"ACCOUNTS_RECE_TDAYS":7.084354532009,"INVENTORY_TDAYS":79.438973440764,"CURRENT_ASSETS_TDAYS":1.498550287429,"TOTAL_ASSETS_TDAYS":1.381373432551,"PREMIUM_EXPENSE":null,"LOAN_DEPOSIT":null,"LOAN_EQUITY":null,"LOAN_ASSETS":null,"DEPOSIT_EQUITY":null,"DEPOSIT_ASSETS":null,"EQUITY_MULTIPLIER":2.566582810384,"EQUITY_RATIO":0.51778551392},{"SECUCODE":"00223.HK","SECURITY_CODE":"00223","SECURITY_NAME_ABBR":"易生活控股","ORG_CODE":"10007485","STD_REPORT_DATE":"2021-12-31 00:00:00","REPORT_DATE":"2022-03-31 00:00:00","DATE_TYPE_CODE":"001","REPORT_TYPE":"2021年年报","PER_NETCASH_OPERATE":-0.017609586918,"PER_OI":0.182394825468,"BPS":0.07034740332,"BASIC_EPS":-0.05109363,"DILUTED_EPS":-0.05109363,"OPERATE_INCOME":123760126,"OPERATE_INCOME_YOY":-44.7181567889,"GROSS_PROFIT":6365617.49,"GROSS_PROFIT_YOY":-20.367194369579,"HOLDER_PROFIT":-33121648.4,"HOLDER_PROFIT_YOY":-54.6793924933,"GROSS_PROFIT_RATIO":5.143512450852,"EPS_TTM":-0.00929648077,"OPERATE_INCOME_QOQ":0,"NET_PROFIT_RATIO":-32.3558322412,"ROE_AVG":-32.236548700158,"GROSS_PROFIT_QOQ":0,"ROA":-36.319009675583,"HOLDER_PROFIT_QOQ":0,"ROE_YEARLY":-32.236548700158,"ROIC_YEARLY":-24.068268074774,"TOTAL_ASSETS":82190997.44,"TOTAL_LIABILITIES":47005328.59,"TAX_EBT":-3.662473561171,"OCF_SALES":-9.654652686763,"TOTAL_PARENT_EQUITY":95403161.35,"DEBT_ASSET_RATIO":57.1903615409,"OPERATE_PROFIT":-34407910.26,"PRETAX_PROFIT":-36426514.15,"NETCASH_OPERATE":-11948610.33,"NETCASH_INVEST":4745219.51,"NETCASH_FINANCE":4108576.66,"END_CASH":8764585.07,"DIVI_RATIO":null,"DIVIDEND_RATE":null,"CURRENT_RATIO":1.649431616341,"COMMON_ACS":3000000000,"CURRENTDEBT_DEBT":97.137631774185,"ISSUED_COMMON_SHARES":1356171754,"HK_COMMON_SHARES":1356171754,"PER_SHARES":20000,"TOTAL_MARKET_CAP":147822721.186,"HKSK_MARKET_CAP":147822721.186,"PE_TTM":-4.618305460697,"PB_TTM":1.191206101664,"REPORT_DATE_SQ":"2020-12-31 00:00:00","REPORT_TYPE_SQ":"2020年年报","OPERATE_INCOME_SQ":233303487.2,"DPS_HKD":null,"OPERATE_INCOME_QOQ_SQ":0,"NET_PROFIT_RATIO_SQ":-11.1012896682,"HOLDER_PROFIT_SQ":-22315287.54,"HOLDER_PROFIT_QOQ_SQ":0,"ROE_AVG_SQ":-20.363100701059,"PE_TTM_SQ":-25.761162936982,"PB_TTM_SQ":3.82404736805,"ROA_SQ":-20.440346517407,"START_DATE":"2021-04-01 00:00:00","FISCAL_YEAR":"3-31","CURRENCY":"HKD","IS_CNY_CODE":0,"DPS_HKD_LY":null,"ORG_TYPE":"一般企业","PREMIUM_INCOME":null,"PREMIUM_INCOME_YOY":null,"NET_INTEREST_INCOME":null,"NET_INTEREST_INCOME_YOY":null,"FEE_COMMISSION_INCOME":null,"FEE_COMMISSION_INCOME_YOY":null,"ACCOUNTS_RECE_TDAYS":8.329921668168,"INVENTORY_TDAYS":509.68661971831,"CURRENT_ASSETS_TDAYS":1.516875990915,"TOTAL_ASSETS_TDAYS":1.357071713147,"PREMIUM_EXPENSE":null,"LOAN_DEPOSIT":null,"LOAN_EQUITY":null,"LOAN_ASSETS":null,"DEPOSIT_EQUITY":null,"DEPOSIT_ASSETS":null,"EQUITY_MULTIPLIER":2.335922553879,"EQUITY_RATIO":0.492702001955},{"SECUCODE":"00223.HK","SECURITY_CODE":"00223","SECURITY_NAME_ABBR":"易生活控股","ORG_CODE":"10007485","STD_REPORT_DATE":"2021-06-30 00:00:00","REPORT_DATE":"2021-09-30 00:00:00","DATE_TYPE_CODE":"002","REPORT_TYPE":"2021年中报","PER_NETCASH_OPERATE":-0.002146643659,"PER_OI":0.028011607477,"BPS":0.08220265754,"BASIC_EPS":-0.02749098,"DILUTED_EPS":-0.02749098,"OPERATE_INCOME":93128610.46,"OPERATE_INCOME_YOY":-13.1031963186,"GROSS_PROFIT":12716660.9,"GROSS_PROFIT_YOY":386.1202860251,"HOLDER_PROFIT":-17585896.6,"HOLDER_PROFIT_YOY":-106.2530532487,"GROSS_PROFIT_RATIO":13.654945389164,"EPS_TTM":-0.007018172668,"OPERATE_INCOME_QOQ":0,"NET_PROFIT_RATIO":-13.5985902264,"ROE_AVG":-15.662386900279,"GROSS_PROFIT_QOQ":0,"ROA":-15.503192805814,"HOLDER_PROFIT_QOQ":0,"ROE_YEARLY":-31.324773800559,"ROIC_YEARLY":-22.723969966899,"TOTAL_ASSETS":123941833.74,"TOTAL_LIABILITIES":62523652.18,"TAX_EBT":-49.679043423537,"OCF_SALES":-7.663407608842,"TOTAL_PARENT_EQUITY":111480922.26,"DEBT_ASSET_RATIO":50.445963476,"OPERATE_PROFIT":-5655644.34,"PRETAX_PROFIT":-6618661.7,"NETCASH_OPERATE":-7136825.02,"NETCASH_INVEST":102466.38,"NETCASH_FINANCE":5902230.1,"END_CASH":9884256.9,"DIVI_RATIO":null,"DIVIDEND_RATE":null,"CURRENT_RATIO":2.385623790252,"COMMON_ACS":3000000000,"CURRENTDEBT_DEBT":75.719824657242,"ISSUED_COMMON_SHARES":1356171754,"HK_COMMON_SHARES":1356171754,"PER_SHARES":20000,"TOTAL_MARKET_CAP":147822721.186,"HKSK_MARKET_CAP":147822721.186,"PE_TTM":-4.618305460697,"PB_TTM":1.191206101664,"REPORT_DATE_SQ":"2020-06-30 00:00:00","REPORT_TYPE_SQ":"2020年中报","OPERATE_INCOME_SQ":113045570.56,"DPS_HKD":null,"OPERATE_INCOME_QOQ_SQ":0,"NET_PROFIT_RATIO_SQ":-9.6814563771,"HOLDER_PROFIT_SQ":-8993699.2,"HOLDER_PROFIT_QOQ_SQ":0,"ROE_AVG_SQ":-8.445276915968,"PE_TTM_SQ":-25.761162936982,"PB_TTM_SQ":3.82404736805,"ROA_SQ":-7.513498236328,"START_DATE":"2021-04-01 00:00:00","FISCAL_YEAR":"3-31","CURRENCY":"HKD","IS_CNY_CODE":0,"DPS_HKD_LY":null,"ORG_TYPE":"一般企业","PREMIUM_INCOME":null,"PREMIUM_INCOME_YOY":null,"NET_INTEREST_INCOME":null,"NET_INTEREST_INCOME_YOY":null,"FEE_COMMISSION_INCOME":null,"FEE_COMMISSION_INCOME_YOY":null,"ACCOUNTS_RECE_TDAYS":2.740143391139,"INVENTORY_TDAYS":216.668911335578,"CURRENT_ASSETS_TDAYS":0.916638993092,"TOTAL_ASSETS_TDAYS":0.820993570324,"PREMIUM_EXPENSE":null,"LOAN_DEPOSIT":null,"LOAN_EQUITY":null,"LOAN_ASSETS":null,"DEPOSIT_EQUITY":null,"DEPOSIT_ASSETS":null,"EQUITY_MULTIPLIER":2.017999077665,"EQUITY_RATIO":0.560846205005},{"SECUCODE":"00223.HK","SECURITY_CODE":"00223","SECURITY_NAME_ABBR":"易生活控股","ORG_CODE":"10007485","STD_REPORT_DATE":"2020-12-31 00:00:00","REPORT_DATE":"2021-03-31 00:00:00","DATE_TYPE_CODE":"001","REPORT_TYPE":"2020年年报","PER_NETCASH_OPERATE":-0.002964611514,"PER_OI":0.075340762516,"BPS":0.084595791957,"BASIC_EPS":-0.03718792,"DILUTED_EPS":-0.03718792,"OPERATE_INCOME":233303487.2,"OPERATE_INCOME_YOY":403.8237602438,"GROSS_PROFIT":7993712.44,"GROSS_PROFIT_YOY":607.172616515426,"HOLDER_PROFIT":-22315287.54,"HOLDER_PROFIT_YOY":65.6800811106,"GROSS_PROFIT_RATIO":3.426315026808,"EPS_TTM":-0.019013045689,"OPERATE_INCOME_QOQ":0,"NET_PROFIT_RATIO":-11.1012896682,"ROE_AVG":-20.363100701059,"GROSS_PROFIT_QOQ":0,"ROA":-20.440346517407,"HOLDER_PROFIT_QOQ":0,"ROE_YEARLY":-20.363100701059,"ROIC_YEARLY":-14.869861258557,"TOTAL_ASSETS":104423679.36,"TOTAL_LIABILITIES":45157122.22,"TAX_EBT":-6.119824229217,"OCF_SALES":-3.934936965657,"TOTAL_PARENT_EQUITY":114726423.56,"DEBT_ASSET_RATIO":43.2441401191,"OPERATE_PROFIT":-22197807.52,"PRETAX_PROFIT":-23657433.38,"NETCASH_OPERATE":-9180345.16,"NETCASH_INVEST":223972.7,"NETCASH_FINANCE":6939772.98,"END_CASH":12331176.2,"DIVI_RATIO":null,"DIVIDEND_RATE":null,"CURRENT_RATIO":3.080378721105,"COMMON_ACS":3000000000,"CURRENTDEBT_DEBT":65.82754683786,"ISSUED_COMMON_SHARES":1356171754,"HK_COMMON_SHARES":1356171754,"PER_SHARES":20000,"TOTAL_MARKET_CAP":147822721.186,"HKSK_MARKET_CAP":147822721.186,"PE_TTM":-4.618305460697,"PB_TTM":1.191206101664,"REPORT_DATE_SQ":"2019-12-31 00:00:00","REPORT_TYPE_SQ":"2019年年报","OPERATE_INCOME_SQ":50060709.3,"DPS_HKD":null,"OPERATE_INCOME_QOQ_SQ":0,"NET_PROFIT_RATIO_SQ":-175.1172680648,"HOLDER_PROFIT_SQ":-70292768.4,"HOLDER_PROFIT_QOQ_SQ":0,"ROE_AVG_SQ":-49.890079959534,"PE_TTM_SQ":-25.761162936982,"PB_TTM_SQ":3.82404736805,"ROA_SQ":-42.472306490481,"START_DATE":"2020-04-01 00:00:00","FISCAL_YEAR":"3-31","CURRENCY":"HKD","IS_CNY_CODE":0,"DPS_HKD_LY":null,"ORG_TYPE":"一般企业","PREMIUM_INCOME":null,"PREMIUM_INCOME_YOY":null,"NET_INTEREST_INCOME":null,"NET_INTEREST_INCOME_YOY":null,"FEE_COMMISSION_INCOME":null,"FEE_COMMISSION_INCOME_YOY":null,"ACCOUNTS_RECE_TDAYS":17.405340647561,"INVENTORY_TDAYS":330.132507739938,"CURRENT_ASSETS_TDAYS":2.449508394562,"TOTAL_ASSETS_TDAYS":2.137012177656,"PREMIUM_EXPENSE":null,"LOAN_DEPOSIT":null,"LOAN_EQUITY":null,"LOAN_ASSETS":null,"DEPOSIT_EQUITY":null,"DEPOSIT_ASSETS":null,"EQUITY_MULTIPLIER":1.761932604137,"EQUITY_RATIO":0.393606989731},{"SECUCODE":"00223.HK","SECURITY_CODE":"00223","SECURITY_NAME_ABBR":"易生活控股","ORG_CODE":"10007485","STD_REPORT_DATE":"2020-06-30 00:00:00","REPORT_DATE":"2020-09-30 00:00:00","DATE_TYPE_CODE":"002","REPORT_TYPE":"2020年中报","PER_NETCASH_OPERATE":-0.001538813511,"PER_OI":0.038114224219,"BPS":0.076978045422,"BASIC_EPS":-0.00263616,"DILUTED_EPS":-0.00263616,"OPERATE_INCOME":113045570.56,"OPERATE_INCOME_YOY":207.2264412284,"GROSS_PROFIT":2615949.44,"GROSS_PROFIT_YOY":376.21240131668,"HOLDER_PROFIT":-8993699.2,"HOLDER_PROFIT_YOY":55.5521778781,"GROSS_PROFIT_RATIO":2.31406628941,"EPS_TTM":-0.023699772777,"OPERATE_INCOME_QOQ":0,"NET_PROFIT_RATIO":-9.6814563771,"ROE_AVG":-8.445276915968,"GROSS_PROFIT_QOQ":0,"ROA":-7.513498236328,"HOLDER_PROFIT_QOQ":0,"ROE_YEARLY":-16.890553831936,"ROIC_YEARLY":-11.057005425873,"TOTAL_ASSETS":120958444.16,"TOTAL_LIABILITIES":73961862.4,"TAX_EBT":-1.05563002681,"OCF_SALES":-4.03737329768,"TOTAL_PARENT_EQUITY":104395450.88,"DEBT_ASSET_RATIO":61.1465060696,"OPERATE_PROFIT":-10430406.4,"PRETAX_PROFIT":-10488401.92,"NETCASH_OPERATE":-4564071.68,"NETCASH_INVEST":16695.68,"NETCASH_FINANCE":-269767.04,"END_CASH":11643918.72,"DIVI_RATIO":null,"DIVIDEND_RATE":null,"CURRENT_RATIO":1.923714492637,"COMMON_ACS":3000000000,"CURRENTDEBT_DEBT":73.820838778662,"ISSUED_COMMON_SHARES":1356171754,"HK_COMMON_SHARES":1356171754,"PER_SHARES":20000,"TOTAL_MARKET_CAP":147822721.186,"HKSK_MARKET_CAP":147822721.186,"PE_TTM":-4.618305460697,"PB_TTM":1.191206101664,"REPORT_DATE_SQ":"2019-06-30 00:00:00","REPORT_TYPE_SQ":"2019年中报","OPERATE_INCOME_SQ":37770766.74,"DPS_HKD":null,"OPERATE_INCOME_QOQ_SQ":0,"NET_PROFIT_RATIO_SQ":-78.7600897932,"HOLDER_PROFIT_SQ":-20770584.27,"HOLDER_PROFIT_QOQ_SQ":0,"ROE_AVG_SQ":-12.691247795415,"PE_TTM_SQ":-25.761162936982,"PB_TTM_SQ":3.82404736805,"ROA_SQ":-11.013777385573,"START_DATE":"2020-04-01 00:00:00","FISCAL_YEAR":"3-31","CURRENCY":"HKD","IS_CNY_CODE":0,"DPS_HKD_LY":null,"ORG_TYPE":"一般企业","PREMIUM_INCOME":null,"PREMIUM_INCOME_YOY":null,"NET_INTEREST_INCOME":null,"NET_INTEREST_INCOME_YOY":null,"FEE_COMMISSION_INCOME":null,"FEE_COMMISSION_INCOME_YOY":null,"ACCOUNTS_RECE_TDAYS":7.135416955545,"INVENTORY_TDAYS":54.532870470818,"CURRENT_ASSETS_TDAYS":1.087592043082,"TOTAL_ASSETS_TDAYS":0.944403049445,"PREMIUM_EXPENSE":null,"LOAN_DEPOSIT":null,"LOAN_EQUITY":null,"LOAN_ASSETS":null,"DEPOSIT_EQUITY":null,"DEPOSIT_ASSETS":null,"EQUITY_MULTIPLIER":2.573771104836,"EQUITY_RATIO":0.708477829029},{"SECUCODE":"00223.HK","SECURITY_CODE":"00223","SECURITY_NAME_ABBR":"易生活控股","ORG_CODE":"10007485","STD_REPORT_DATE":"2019-12-31 00:00:00","REPORT_DATE":"2020-03-31 00:00:00","DATE_TYPE_CODE":"001","REPORT_TYPE":"2019年年报","PER_NETCASH_OPERATE":-0.007074011884,"PER_OI":0.016878371168,"BPS":0.083260136975,"BASIC_EPS":-0.0237562,"DILUTED_EPS":-0.0237562,"OPERATE_INCOME":50060709.3,"OPERATE_INCOME_YOY":-38.6962505455,"GROSS_PROFIT":-1576132.5,"GROSS_PROFIT_YOY":-131.745576837242,"HOLDER_PROFIT":-70292768.4,"HOLDER_PROFIT_YOY":44.4971105772,"GROSS_PROFIT_RATIO":-3.148442205552,"EPS_TTM":-0.040486138236,"OPERATE_INCOME_QOQ":0,"NET_PROFIT_RATIO":-175.1172680648,"ROE_AVG":-49.890079959534,"GROSS_PROFIT_QOQ":0,"ROA":-42.472306490481,"HOLDER_PROFIT_QOQ":0,"ROE_YEARLY":-49.890079959534,"ROIC_YEARLY":-34.833477846475,"TOTAL_ASSETS":123157623,"TOTAL_LIABILITIES":66847205.7,"TAX_EBT":-0.004169229005,"OCF_SALES":-41.911697603534,"TOTAL_PARENT_EQUITY":112915046,"DEBT_ASSET_RATIO":54.2777654129,"OPERATE_PROFIT":-87140482.7,"PRETAX_PROFIT":-87661291.7,"NETCASH_OPERATE":-20981293.1,"NETCASH_INVEST":826898.5,"NETCASH_FINANCE":18079381.9,"END_CASH":14802853.7,"DIVI_RATIO":null,"DIVIDEND_RATE":null,"CURRENT_RATIO":1.628551551412,"COMMON_ACS":3000000000,"CURRENTDEBT_DEBT":98.235398641353,"ISSUED_COMMON_SHARES":1356171754,"HK_COMMON_SHARES":1356171754,"PER_SHARES":20000,"TOTAL_MARKET_CAP":147822721.186,"HKSK_MARKET_CAP":147822721.186,"PE_TTM":-4.618305460697,"PB_TTM":1.191206101664,"REPORT_DATE_SQ":"2018-12-31 00:00:00","REPORT_TYPE_SQ":"2018年年报","OPERATE_INCOME_SQ":76663265.67,"DPS_HKD":null,"OPERATE_INCOME_QOQ_SQ":0,"NET_PROFIT_RATIO_SQ":-180.3419377217,"HOLDER_PROFIT_SQ":-118897414.11,"HOLDER_PROFIT_QOQ_SQ":0,"ROE_AVG_SQ":-58.819735158635,"PE_TTM_SQ":-25.761162936982,"PB_TTM_SQ":3.82404736805,"ROA_SQ":-52.0414427234,"START_DATE":"2019-04-01 00:00:00","FISCAL_YEAR":"3-31","CURRENCY":"HKD","IS_CNY_CODE":0,"DPS_HKD_LY":null,"ORG_TYPE":"一般企业","PREMIUM_INCOME":null,"PREMIUM_INCOME_YOY":null,"NET_INTEREST_INCOME":null,"NET_INTEREST_INCOME_YOY":null,"FEE_COMMISSION_INCOME":null,"FEE_COMMISSION_INCOME_YOY":null,"ACCOUNTS_RECE_TDAYS":2.410638859556,"INVENTORY_TDAYS":9.034289824954,"CURRENT_ASSETS_TDAYS":0.369096139207,"TOTAL_ASSETS_TDAYS":0.302476888721,"PREMIUM_EXPENSE":null,"LOAN_DEPOSIT":null,"LOAN_EQUITY":null,"LOAN_ASSETS":null,"DEPOSIT_EQUITY":null,"DEPOSIT_ASSETS":null,"EQUITY_MULTIPLIER":2.187119700143,"EQUITY_RATIO":0.592013270756}],"count":46},"success":true,"message":"ok","code":0}