{"version":"c2d55c0776a7ebb680333c26251a3f60","result":{"pages":6,"data":[{"SECUCODE":"00224.HK","SECURITY_CODE":"00224","SECURITY_NAME_ABBR":"建生国际","ORG_CODE":"10007486","STD_REPORT_DATE":"2024-06-30 00:00:00","REPORT_DATE":"2024-09-30 00:00:00","DATE_TYPE_CODE":"002","REPORT_TYPE":"2024年中报","PER_NETCASH_OPERATE":0.063510770336,"PER_OI":0.095277095397,"BPS":5.800680051345,"BASIC_EPS":-0.067093176,"DILUTED_EPS":null,"OPERATE_INCOME":109953451.12,"OPERATE_INCOME_YOY":-2.7896704856,"GROSS_PROFIT":88750564.64,"GROSS_PROFIT_YOY":-0.940075946422,"HOLDER_PROFIT":-77415966.13,"HOLDER_PROFIT_YOY":-574.3452315173,"GROSS_PROFIT_RATIO":80.716488419395,"EPS_TTM":-0.044123311369,"OPERATE_INCOME_QOQ":0,"NET_PROFIT_RATIO":-68.401843711,"ROE_AVG":-1.152595249181,"GROSS_PROFIT_QOQ":0,"ROA":-0.780009967395,"HOLDER_PROFIT_QOQ":0,"ROE_YEARLY":-2.305190498363,"ROIC_YEARLY":-1.798918044475,"TOTAL_ASSETS":9911233915.17,"TOTAL_LIABILITIES":2205248989.27,"TAX_EBT":-3.224169513342,"OCF_SALES":66.659011875861,"TOTAL_PARENT_EQUITY":6694209010.34,"DEBT_ASSET_RATIO":22.2499943816,"OPERATE_PROFIT":78965241.35,"PRETAX_PROFIT":-72861024.84,"NETCASH_OPERATE":73293884.04,"NETCASH_INVEST":57307852.71,"NETCASH_FINANCE":-55508781.66,"END_CASH":347813188.68,"DIVI_RATIO":null,"DIVIDEND_RATE":null,"CURRENT_RATIO":0.3877184259,"COMMON_ACS":2000000000,"CURRENTDEBT_DEBT":43.91626281532,"ISSUED_COMMON_SHARES":1154038656,"HK_COMMON_SHARES":1154038656,"PER_SHARES":4000,"TOTAL_MARKET_CAP":784746286.08,"HKSK_MARKET_CAP":784746286.08,"PE_TTM":-4.901172202806,"PB_TTM":0.105714708374,"REPORT_DATE_SQ":"2023-06-30 00:00:00","REPORT_TYPE_SQ":"2023年中报","OPERATE_INCOME_SQ":115095578.01,"DPS_HKD":null,"OPERATE_INCOME_QOQ_SQ":0,"NET_PROFIT_RATIO_SQ":21.988088689,"HOLDER_PROFIT_SQ":16607267.74,"HOLDER_PROFIT_QOQ_SQ":0,"ROE_AVG_SQ":0.239293348153,"PE_TTM_SQ":11.523178613271,"PB_TTM_SQ":0.114482767779,"ROA_SQ":0.162626055861,"START_DATE":"2024-04-01 00:00:00","FISCAL_YEAR":"3-31","CURRENCY":"HKD","IS_CNY_CODE":0,"DPS_HKD_LY":null,"ORG_TYPE":"一般企业","PREMIUM_INCOME":null,"PREMIUM_INCOME_YOY":null,"NET_INTEREST_INCOME":null,"NET_INTEREST_INCOME_YOY":null,"FEE_COMMISSION_INCOME":null,"FEE_COMMISSION_INCOME_YOY":null,"ACCOUNTS_RECE_TDAYS":4.184285934899,"INVENTORY_TDAYS":null,"CURRENT_ASSETS_TDAYS":0.325839934152,"TOTAL_ASSETS_TDAYS":0.011078436673,"PREMIUM_EXPENSE":null,"LOAN_DEPOSIT":null,"LOAN_EQUITY":null,"LOAN_ASSETS":null,"DEPOSIT_EQUITY":null,"DEPOSIT_ASSETS":null,"EQUITY_MULTIPLIER":1.286173540499,"EQUITY_RATIO":0.329426372237},{"SECUCODE":"00224.HK","SECURITY_CODE":"00224","SECURITY_NAME_ABBR":"建生国际","ORG_CODE":"10007486","STD_REPORT_DATE":"2023-12-31 00:00:00","REPORT_DATE":"2024-03-31 00:00:00","DATE_TYPE_CODE":"001","REPORT_TYPE":"2023年年报","PER_NETCASH_OPERATE":0.111219904102,"PER_OI":0.195977918785,"BPS":5.870421620868,"BASIC_EPS":-0.044148985,"DILUTED_EPS":null,"OPERATE_INCOME":226166094,"OPERATE_INCOME_YOY":4.6489678981,"GROSS_PROFIT":180041736.55,"GROSS_PROFIT_YOY":12.745381763257,"HOLDER_PROFIT":-50920006.95,"HOLDER_PROFIT_YOY":-193.8731511657,"GROSS_PROFIT_RATIO":79.605980439314,"EPS_TTM":0.057568262124,"OPERATE_INCOME_QOQ":0,"NET_PROFIT_RATIO":-19.8677248677,"ROE_AVG":-0.746982278172,"GROSS_PROFIT_QOQ":0,"ROA":-0.506899670794,"HOLDER_PROFIT_QOQ":0,"ROE_YEARLY":-0.746982278172,"ROIC_YEARLY":-0.579724414934,"TOTAL_ASSETS":9991220812.85,"TOTAL_LIABILITIES":2207512708.5,"TAX_EBT":27.59225173109,"OCF_SALES":56.751242584576,"TOTAL_PARENT_EQUITY":6774693477.5,"DEBT_ASSET_RATIO":22.0945242814,"OPERATE_PROFIT":158202947.05,"PRETAX_PROFIT":-62056973.7,"NETCASH_OPERATE":128352068.65,"NETCASH_INVEST":41309670.4,"NETCASH_FINANCE":-126288760.85,"END_CASH":274233188.1,"DIVI_RATIO":null,"DIVIDEND_RATE":null,"CURRENT_RATIO":0.19972916896,"COMMON_ACS":2000000000,"CURRENTDEBT_DEBT":68.264608409615,"ISSUED_COMMON_SHARES":1154038656,"HK_COMMON_SHARES":1154038656,"PER_SHARES":4000,"TOTAL_MARKET_CAP":853988605.44,"HKSK_MARKET_CAP":853988605.44,"PE_TTM":-5.333628573641,"PB_TTM":0.11504247676,"REPORT_DATE_SQ":"2022-12-31 00:00:00","REPORT_TYPE_SQ":"2022年年报","OPERATE_INCOME_SQ":208695117.77,"DPS_HKD":null,"OPERATE_INCOME_QOQ_SQ":0,"NET_PROFIT_RATIO_SQ":27.0116654153,"HOLDER_PROFIT_SQ":52380157.35,"HOLDER_PROFIT_QOQ_SQ":0,"ROE_AVG_SQ":0.791250503086,"PE_TTM_SQ":11.21589385025,"PB_TTM_SQ":0.111429893972,"ROA_SQ":0.537281846824,"START_DATE":"2023-04-01 00:00:00","FISCAL_YEAR":"3-31","CURRENCY":"HKD","IS_CNY_CODE":0,"DPS_HKD_LY":0.015,"ORG_TYPE":"一般企业","PREMIUM_INCOME":null,"PREMIUM_INCOME_YOY":null,"NET_INTEREST_INCOME":null,"NET_INTEREST_INCOME_YOY":null,"FEE_COMMISSION_INCOME":null,"FEE_COMMISSION_INCOME_YOY":null,"ACCOUNTS_RECE_TDAYS":9.028499050032,"INVENTORY_TDAYS":null,"CURRENT_ASSETS_TDAYS":0.801306603842,"TOTAL_ASSETS_TDAYS":0.022514434985,"PREMIUM_EXPENSE":null,"LOAN_DEPOSIT":null,"LOAN_EQUITY":null,"LOAN_ASSETS":null,"DEPOSIT_EQUITY":null,"DEPOSIT_ASSETS":null,"EQUITY_MULTIPLIER":1.283606820671,"EQUITY_RATIO":0.325846876443},{"SECUCODE":"00224.HK","SECURITY_CODE":"00224","SECURITY_NAME_ABBR":"建生国际","ORG_CODE":"10007486","STD_REPORT_DATE":"2023-06-30 00:00:00","REPORT_DATE":"2023-09-30 00:00:00","DATE_TYPE_CODE":"002","REPORT_TYPE":"2023年中报","PER_NETCASH_OPERATE":0.055226117157,"PER_OI":0.09973286199,"BPS":6.011581597393,"BASIC_EPS":0.014406791,"DILUTED_EPS":null,"OPERATE_INCOME":115095578.01,"OPERATE_INCOME_YOY":6.2139572695,"GROSS_PROFIT":89592805.05,"GROSS_PROFIT_YOY":7.276229952019,"HOLDER_PROFIT":16607267.74,"HOLDER_PROFIT_YOY":541.545551223,"GROSS_PROFIT_RATIO":77.842091415724,"EPS_TTM":0.04538856396,"OPERATE_INCOME_QOQ":0,"NET_PROFIT_RATIO":21.988088689,"ROE_AVG":0.239293348153,"GROSS_PROFIT_QOQ":0,"ROA":0.162626055861,"HOLDER_PROFIT_QOQ":0,"ROE_YEARLY":0.478586696305,"ROIC_YEARLY":0.370110234485,"TOTAL_ASSETS":10200889870.43,"TOTAL_LIABILITIES":2240758861.74,"TAX_EBT":-216.81792073521,"OCF_SALES":55.3740422716,"TOTAL_PARENT_EQUITY":6937597547.09,"DEBT_ASSET_RATIO":21.9663077457,"OPERATE_PROFIT":79468593.26,"PRETAX_PROFIT":7987969.15,"NETCASH_OPERATE":63733074.02,"NETCASH_INVEST":-56371846.16,"NETCASH_FINANCE":-52096607.99,"END_CASH":188963875.38,"DIVI_RATIO":null,"DIVIDEND_RATE":null,"CURRENT_RATIO":0.184447357058,"COMMON_ACS":2000000000,"CURRENTDEBT_DEBT":53.772229634489,"ISSUED_COMMON_SHARES":1154038656,"HK_COMMON_SHARES":1154038656,"PER_SHARES":4000,"TOTAL_MARKET_CAP":853988605.44,"HKSK_MARKET_CAP":853988605.44,"PE_TTM":-5.333628573641,"PB_TTM":0.11504247676,"REPORT_DATE_SQ":"2022-06-30 00:00:00","REPORT_TYPE_SQ":"2022年中报","OPERATE_INCOME_SQ":106804415.16,"DPS_HKD":null,"OPERATE_INCOME_QOQ_SQ":0,"NET_PROFIT_RATIO_SQ":10.0077060522,"HOLDER_PROFIT_SQ":2551425.24,"HOLDER_PROFIT_QOQ_SQ":0,"ROE_AVG_SQ":0.037568624166,"PE_TTM_SQ":15.364238151028,"PB_TTM_SQ":0.152643690372,"ROA_SQ":0.025435234643,"START_DATE":"2023-04-01 00:00:00","FISCAL_YEAR":"3-31","CURRENCY":"HKD","IS_CNY_CODE":0,"DPS_HKD_LY":0.015,"ORG_TYPE":"一般企业","PREMIUM_INCOME":null,"PREMIUM_INCOME_YOY":null,"NET_INTEREST_INCOME":null,"NET_INTEREST_INCOME_YOY":null,"FEE_COMMISSION_INCOME":null,"FEE_COMMISSION_INCOME_YOY":null,"ACCOUNTS_RECE_TDAYS":null,"INVENTORY_TDAYS":null,"CURRENT_ASSETS_TDAYS":0.470763756742,"TOTAL_ASSETS_TDAYS":0.01127069196,"PREMIUM_EXPENSE":null,"LOAN_DEPOSIT":null,"LOAN_EQUITY":null,"LOAN_ASSETS":null,"DEPOSIT_EQUITY":null,"DEPOSIT_ASSETS":null,"EQUITY_MULTIPLIER":1.281497736569,"EQUITY_RATIO":0.32298772688},{"SECUCODE":"00224.HK","SECURITY_CODE":"00224","SECURITY_NAME_ABBR":"建生国际","ORG_CODE":"10007486","STD_REPORT_DATE":"2022-12-31 00:00:00","REPORT_DATE":"2023-03-31 00:00:00","DATE_TYPE_CODE":"001","REPORT_TYPE":"2022年年报","PER_NETCASH_OPERATE":0.103679510879,"PER_OI":0.180838931768,"BPS":5.739175497783,"BASIC_EPS":0.045346238,"DILUTED_EPS":null,"OPERATE_INCOME":208695117.77,"OPERATE_INCOME_YOY":-9.3626793094,"GROSS_PROFIT":159688790.56,"GROSS_PROFIT_YOY":-9.32942088519,"HOLDER_PROFIT":52380157.35,"HOLDER_PROFIT_YOY":-71.7511590358,"GROSS_PROFIT_RATIO":76.517741414531,"EPS_TTM":0.045011364351,"OPERATE_INCOME_QOQ":0,"NET_PROFIT_RATIO":27.0116654153,"ROE_AVG":0.791250503086,"GROSS_PROFIT_QOQ":0,"ROA":0.537281846824,"HOLDER_PROFIT_QOQ":0,"ROE_YEARLY":0.791250503086,"ROIC_YEARLY":0.611738290109,"TOTAL_ASSETS":9752623285.35,"TOTAL_LIABILITIES":2161494090.02,"TAX_EBT":16.372302018129,"OCF_SALES":57.332516768248,"TOTAL_PARENT_EQUITY":6623230378.01,"DEBT_ASSET_RATIO":22.1632070344,"OPERATE_PROFIT":137930475.01,"PRETAX_PROFIT":67408320.82,"NETCASH_OPERATE":119650163.39,"NETCASH_INVEST":4860276.32,"NETCASH_FINANCE":-93444765.04,"END_CASH":222972179.46,"DIVI_RATIO":null,"DIVIDEND_RATE":null,"CURRENT_RATIO":0.402332260632,"COMMON_ACS":2000000000,"CURRENTDEBT_DEBT":29.260401065642,"ISSUED_COMMON_SHARES":1154038656,"HK_COMMON_SHARES":1154038656,"PER_SHARES":4000,"TOTAL_MARKET_CAP":750125126.4,"HKSK_MARKET_CAP":750125126.4,"PE_TTM":-4.684944017388,"PB_TTM":0.101050824181,"REPORT_DATE_SQ":"2021-12-31 00:00:00","REPORT_TYPE_SQ":"2021年年报","OPERATE_INCOME_SQ":213314283.23,"DPS_HKD":null,"OPERATE_INCOME_QOQ_SQ":0,"NET_PROFIT_RATIO_SQ":89.1260460112,"HOLDER_PROFIT_SQ":171783272.14,"HOLDER_PROFIT_QOQ_SQ":0,"ROE_AVG_SQ":2.836052521346,"PE_TTM_SQ":14.07952233442,"PB_TTM_SQ":0.111429893972,"ROA_SQ":1.917822569587,"START_DATE":"2022-04-01 00:00:00","FISCAL_YEAR":"3-31","CURRENCY":"HKD","IS_CNY_CODE":0,"DPS_HKD_LY":0.02,"ORG_TYPE":"一般企业","PREMIUM_INCOME":null,"PREMIUM_INCOME_YOY":null,"NET_INTEREST_INCOME":null,"NET_INTEREST_INCOME_YOY":null,"FEE_COMMISSION_INCOME":null,"FEE_COMMISSION_INCOME_YOY":null,"ACCOUNTS_RECE_TDAYS":8.842618694362,"INVENTORY_TDAYS":null,"CURRENT_ASSETS_TDAYS":0.881339327305,"TOTAL_ASSETS_TDAYS":0.021406598218,"PREMIUM_EXPENSE":null,"LOAN_DEPOSIT":null,"LOAN_EQUITY":null,"LOAN_ASSETS":null,"DEPOSIT_EQUITY":null,"DEPOSIT_ASSETS":null,"EQUITY_MULTIPLIER":1.284739468187,"EQUITY_RATIO":0.326350431233},{"SECUCODE":"00224.HK","SECURITY_CODE":"00224","SECURITY_NAME_ABBR":"建生国际","ORG_CODE":"10007486","STD_REPORT_DATE":"2022-06-30 00:00:00","REPORT_DATE":"2022-09-30 00:00:00","DATE_TYPE_CODE":"002","REPORT_TYPE":"2022年中报","PER_NETCASH_OPERATE":0.064162931125,"PER_OI":0.092548386143,"BPS":5.846178783841,"BASIC_EPS":0.002170656,"DILUTED_EPS":null,"OPERATE_INCOME":106804415.16,"OPERATE_INCOME_YOY":-12.6780247571,"GROSS_PROFIT":83515989.6,"GROSS_PROFIT_YOY":-11.211422980024,"HOLDER_PROFIT":2551425.24,"HOLDER_PROFIT_YOY":-98.0798551553,"GROSS_PROFIT_RATIO":78.19525950766,"EPS_TTM":0.148854001768,"OPERATE_INCOME_QOQ":0,"NET_PROFIT_RATIO":10.0077060522,"ROE_AVG":0.037568624166,"GROSS_PROFIT_QOQ":0,"ROA":0.025435234643,"HOLDER_PROFIT_QOQ":0,"ROE_YEARLY":0.075137248332,"ROIC_YEARLY":0.058059394081,"TOTAL_ASSETS":9993371912.28,"TOTAL_LIABILITIES":2240158596.24,"TAX_EBT":39.310840651158,"OCF_SALES":69.329065365953,"TOTAL_PARENT_EQUITY":6746716306.44,"DEBT_ASSET_RATIO":22.416443778,"OPERATE_PROFIT":73483036.68,"PRETAX_PROFIT":17612160.12,"NETCASH_OPERATE":74046502.8,"NETCASH_INVEST":10393824.48,"NETCASH_FINANCE":-26538982.92,"END_CASH":263376545.76,"DIVI_RATIO":null,"DIVIDEND_RATE":null,"CURRENT_RATIO":0.931189068902,"COMMON_ACS":2000000000,"CURRENTDEBT_DEBT":13.71615352751,"ISSUED_COMMON_SHARES":1154038656,"HK_COMMON_SHARES":1154038656,"PER_SHARES":4000,"TOTAL_MARKET_CAP":750125126.4,"HKSK_MARKET_CAP":750125126.4,"PE_TTM":-4.684944017388,"PB_TTM":0.101050824181,"REPORT_DATE_SQ":"2021-06-30 00:00:00","REPORT_TYPE_SQ":"2021年中报","OPERATE_INCOME_SQ":112658036.04,"DPS_HKD":null,"OPERATE_INCOME_QOQ_SQ":0,"NET_PROFIT_RATIO_SQ":137.8536462724,"HOLDER_PROFIT_SQ":122389842.96,"HOLDER_PROFIT_QOQ_SQ":0,"ROE_AVG_SQ":1.975936281986,"PE_TTM_SQ":14.07952233442,"PB_TTM_SQ":0.111429893972,"ROA_SQ":1.332514139528,"START_DATE":"2022-04-01 00:00:00","FISCAL_YEAR":"3-31","CURRENCY":"HKD","IS_CNY_CODE":0,"DPS_HKD_LY":0.02,"ORG_TYPE":"一般企业","PREMIUM_INCOME":null,"PREMIUM_INCOME_YOY":null,"NET_INTEREST_INCOME":null,"NET_INTEREST_INCOME_YOY":null,"FEE_COMMISSION_INCOME":null,"FEE_COMMISSION_INCOME_YOY":null,"ACCOUNTS_RECE_TDAYS":null,"INVENTORY_TDAYS":null,"CURRENT_ASSETS_TDAYS":0.416786667231,"TOTAL_ASSETS_TDAYS":0.01064736414,"PREMIUM_EXPENSE":null,"LOAN_DEPOSIT":null,"LOAN_EQUITY":null,"LOAN_ASSETS":null,"DEPOSIT_EQUITY":null,"DEPOSIT_ASSETS":null,"EQUITY_MULTIPLIER":1.288932924315,"EQUITY_RATIO":0.332036874605},{"SECUCODE":"00224.HK","SECURITY_CODE":"00224","SECURITY_NAME_ABBR":"建生国际","ORG_CODE":"10007486","STD_REPORT_DATE":"2021-12-31 00:00:00","REPORT_DATE":"2022-03-31 00:00:00","DATE_TYPE_CODE":"001","REPORT_TYPE":"2021年年报","PER_NETCASH_OPERATE":0.116688764055,"PER_OI":0.184841540724,"BPS":5.311656460665,"BASIC_EPS":0.148820335,"DILUTED_EPS":null,"OPERATE_INCOME":213314283.23,"OPERATE_INCOME_YOY":-4.1401981901,"GROSS_PROFIT":176119742.61,"GROSS_PROFIT_YOY":-11.419815013012,"HOLDER_PROFIT":171783272.14,"HOLDER_PROFIT_YOY":-27.5921361643,"GROSS_PROFIT_RATIO":82.563502051151,"EPS_TTM":0.31112603547,"OPERATE_INCOME_QOQ":0,"NET_PROFIT_RATIO":89.1260460112,"ROE_AVG":2.836052521346,"GROSS_PROFIT_QOQ":0,"ROA":1.917822569587,"HOLDER_PROFIT_QOQ":0,"ROE_YEARLY":2.836052521346,"ROIC_YEARLY":2.179975663693,"TOTAL_ASSETS":9028642626.91,"TOTAL_LIABILITIES":1994359557.06,"TAX_EBT":8.689640129162,"OCF_SALES":63.129079966391,"TOTAL_PARENT_EQUITY":6129856883,"DEBT_ASSET_RATIO":22.0892512803,"OPERATE_PROFIT":155250022.28,"PRETAX_PROFIT":208211408.31,"NETCASH_OPERATE":134663344.44,"NETCASH_INVEST":-34715283.05,"NETCASH_FINANCE":-73592669.42,"END_CASH":177878012.29,"DIVI_RATIO":null,"DIVIDEND_RATE":null,"CURRENT_RATIO":4.108543290931,"COMMON_ACS":2000000000,"CURRENTDEBT_DEBT":2.477526385605,"ISSUED_COMMON_SHARES":1154038656,"HK_COMMON_SHARES":1154038656,"PER_SHARES":4000,"TOTAL_MARKET_CAP":750125126.4,"HKSK_MARKET_CAP":750125126.4,"PE_TTM":-4.684944017388,"PB_TTM":0.101050824181,"REPORT_DATE_SQ":"2020-12-31 00:00:00","REPORT_TYPE_SQ":"2020年年报","OPERATE_INCOME_SQ":231903023.94,"DPS_HKD":null,"OPERATE_INCOME_QOQ_SQ":0,"NET_PROFIT_RATIO_SQ":129.3487570294,"HOLDER_PROFIT_SQ":247239660.22,"HOLDER_PROFIT_QOQ_SQ":0,"ROE_AVG_SQ":4.061001157583,"PE_TTM_SQ":14.07952233442,"PB_TTM_SQ":0.111429893972,"ROA_SQ":2.719453604841,"START_DATE":"2021-04-01 00:00:00","FISCAL_YEAR":"3-31","CURRENCY":"HKD","IS_CNY_CODE":0,"DPS_HKD_LY":0.01,"ORG_TYPE":"一般企业","PREMIUM_INCOME":null,"PREMIUM_INCOME_YOY":null,"NET_INTEREST_INCOME":null,"NET_INTEREST_INCOME_YOY":null,"FEE_COMMISSION_INCOME":null,"FEE_COMMISSION_INCOME_YOY":null,"ACCOUNTS_RECE_TDAYS":null,"INVENTORY_TDAYS":null,"CURRENT_ASSETS_TDAYS":1.140019417644,"TOTAL_ASSETS_TDAYS":0.023814830262,"PREMIUM_EXPENSE":null,"LOAN_DEPOSIT":null,"LOAN_EQUITY":null,"LOAN_ASSETS":null,"DEPOSIT_EQUITY":null,"DEPOSIT_ASSETS":null,"EQUITY_MULTIPLIER":1.283519946134,"EQUITY_RATIO":0.325351732532},{"SECUCODE":"00224.HK","SECURITY_CODE":"00224","SECURITY_NAME_ABBR":"建生国际","ORG_CODE":"10007486","STD_REPORT_DATE":"2021-06-30 00:00:00","REPORT_DATE":"2021-09-30 00:00:00","DATE_TYPE_CODE":"002","REPORT_TYPE":"2021年中报","PER_NETCASH_OPERATE":0.07150216216,"PER_OI":0.097620678003,"BPS":5.407907932107,"BASIC_EPS":0.106048538,"DILUTED_EPS":null,"OPERATE_INCOME":112658036.04,"OPERATE_INCOME_YOY":-1.4681345584,"GROSS_PROFIT":94061637.66,"GROSS_PROFIT_YOY":-9.161638774618,"HOLDER_PROFIT":122389842.96,"HOLDER_PROFIT_YOY":1120.4352882539,"GROSS_PROFIT_RATIO":83.493056479879,"EPS_TTM":0.214238629646,"OPERATE_INCOME_QOQ":0,"NET_PROFIT_RATIO":137.8536462724,"ROE_AVG":1.975936281986,"GROSS_PROFIT_QOQ":0,"ROA":1.332514139528,"HOLDER_PROFIT_QOQ":0,"ROE_YEARLY":3.951872563972,"ROIC_YEARLY":3.035104473745,"TOTAL_ASSETS":9242409161.8,"TOTAL_LIABILITIES":2049491712.82,"TAX_EBT":5.974176627831,"OCF_SALES":73.244894035524,"TOTAL_PARENT_EQUITY":6240934801.74,"DEBT_ASSET_RATIO":22.1748645504,"OPERATE_PROFIT":84956291.86,"PRETAX_PROFIT":165170806.2,"NETCASH_OPERATE":82516259.12,"NETCASH_INVEST":-2141797.26,"NETCASH_FINANCE":-42612685.12,"END_CASH":193403209.6,"DIVI_RATIO":null,"DIVIDEND_RATE":null,"CURRENT_RATIO":0.170464012432,"COMMON_ACS":2000000000,"CURRENTDEBT_DEBT":60.158800291196,"ISSUED_COMMON_SHARES":1154038656,"HK_COMMON_SHARES":1154038656,"PER_SHARES":4000,"TOTAL_MARKET_CAP":750125126.4,"HKSK_MARKET_CAP":750125126.4,"PE_TTM":-4.684944017388,"PB_TTM":0.101050824181,"REPORT_DATE_SQ":"2020-06-30 00:00:00","REPORT_TYPE_SQ":"2020年中报","OPERATE_INCOME_SQ":120603441.28,"DPS_HKD":null,"OPERATE_INCOME_QOQ_SQ":0,"NET_PROFIT_RATIO_SQ":16.9589578066,"HOLDER_PROFIT_SQ":10578031.36,"HOLDER_PROFIT_QOQ_SQ":0,"ROE_AVG_SQ":0.171376129105,"PE_TTM_SQ":14.07952233442,"PB_TTM_SQ":0.111429893972,"ROA_SQ":0.113974507317,"START_DATE":"2021-04-01 00:00:00","FISCAL_YEAR":"3-31","CURRENCY":"HKD","IS_CNY_CODE":0,"DPS_HKD_LY":0.01,"ORG_TYPE":"一般企业","PREMIUM_INCOME":null,"PREMIUM_INCOME_YOY":null,"NET_INTEREST_INCOME":null,"NET_INTEREST_INCOME_YOY":null,"FEE_COMMISSION_INCOME":null,"FEE_COMMISSION_INCOME_YOY":null,"ACCOUNTS_RECE_TDAYS":6.816573415999,"INVENTORY_TDAYS":null,"CURRENT_ASSETS_TDAYS":0.583642272353,"TOTAL_ASSETS_TDAYS":0.012265595112,"PREMIUM_EXPENSE":null,"LOAN_DEPOSIT":null,"LOAN_EQUITY":null,"LOAN_ASSETS":null,"DEPOSIT_EQUITY":null,"DEPOSIT_ASSETS":null,"EQUITY_MULTIPLIER":1.28493191078,"EQUITY_RATIO":0.32839498856},{"SECUCODE":"00224.HK","SECURITY_CODE":"00224","SECURITY_NAME_ABBR":"建生国际","ORG_CODE":"10007486","STD_REPORT_DATE":"2020-12-31 00:00:00","REPORT_DATE":"2021-03-31 00:00:00","DATE_TYPE_CODE":"001","REPORT_TYPE":"2020年年报","PER_NETCASH_OPERATE":0.126553775665,"PER_OI":0.200949095365,"BPS":5.404093980696,"BASIC_EPS":0.21425313,"DILUTED_EPS":null,"OPERATE_INCOME":231903023.94,"OPERATE_INCOME_YOY":-7.2265651415,"GROSS_PROFIT":198825214.28,"GROSS_PROFIT_YOY":-13.779372857155,"HOLDER_PROFIT":247239660.22,"HOLDER_PROFIT_YOY":660.7245020024,"GROSS_PROFIT_RATIO":85.736361217714,"EPS_TTM":-0.025362093347,"OPERATE_INCOME_QOQ":0,"NET_PROFIT_RATIO":129.3487570294,"ROE_AVG":4.061001157583,"GROSS_PROFIT_QOQ":0,"ROA":2.719453604841,"HOLDER_PROFIT_QOQ":0,"ROE_YEARLY":4.061001157583,"ROIC_YEARLY":3.122899924556,"TOTAL_ASSETS":9260145365.24,"TOTAL_LIABILITIES":2071115280.36,"TAX_EBT":5.84066899073,"OCF_SALES":62.978027064359,"TOTAL_PARENT_EQUITY":6236533354.38,"DEBT_ASSET_RATIO":22.3659046232,"OPERATE_PROFIT":176301167.28,"PRETAX_PROFIT":318570316.68,"NETCASH_OPERATE":146047949.18,"NETCASH_INVEST":-243908805.84,"NETCASH_FINANCE":-74143415.5,"END_CASH":157901598.68,"DIVI_RATIO":null,"DIVIDEND_RATE":null,"CURRENT_RATIO":0.090675330922,"COMMON_ACS":2000000000,"CURRENTDEBT_DEBT":95.014817372114,"ISSUED_COMMON_SHARES":1154038656,"HK_COMMON_SHARES":1154038656,"PER_SHARES":4000,"TOTAL_MARKET_CAP":750125126.4,"HKSK_MARKET_CAP":750125126.4,"PE_TTM":-4.684944017388,"PB_TTM":0.101050824181,"REPORT_DATE_SQ":"2019-12-31 00:00:00","REPORT_TYPE_SQ":"2019年年报","OPERATE_INCOME_SQ":270232257.2,"DPS_HKD":null,"OPERATE_INCOME_QOQ_SQ":0,"NET_PROFIT_RATIO_SQ":25.3999918852,"HOLDER_PROFIT_SQ":35135419.8,"HOLDER_PROFIT_QOQ_SQ":0,"ROE_AVG_SQ":0.544550077429,"PE_TTM_SQ":14.07952233442,"PB_TTM_SQ":0.111429893972,"ROA_SQ":0.363433044451,"START_DATE":"2020-04-01 00:00:00","FISCAL_YEAR":"3-31","CURRENCY":"HKD","IS_CNY_CODE":0,"DPS_HKD_LY":null,"ORG_TYPE":"一般企业","PREMIUM_INCOME":null,"PREMIUM_INCOME_YOY":null,"NET_INTEREST_INCOME":null,"NET_INTEREST_INCOME_YOY":null,"FEE_COMMISSION_INCOME":null,"FEE_COMMISSION_INCOME_YOY":null,"ACCOUNTS_RECE_TDAYS":null,"INVENTORY_TDAYS":null,"CURRENT_ASSETS_TDAYS":0.876466191352,"TOTAL_ASSETS_TDAYS":0.025507619363,"PREMIUM_EXPENSE":null,"LOAN_DEPOSIT":null,"LOAN_EQUITY":null,"LOAN_ASSETS":null,"DEPOSIT_EQUITY":null,"DEPOSIT_ASSETS":null,"EQUITY_MULTIPLIER":1.288093839629,"EQUITY_RATIO":0.332093995602},{"SECUCODE":"00224.HK","SECURITY_CODE":"00224","SECURITY_NAME_ABBR":"建生国际","ORG_CODE":"10007486","STD_REPORT_DATE":"2020-06-30 00:00:00","REPORT_DATE":"2020-09-30 00:00:00","DATE_TYPE_CODE":"002","REPORT_TYPE":"2020年中报","PER_NETCASH_OPERATE":0.068630758656,"PER_OI":0.104505547239,"BPS":5.345871931416,"BASIC_EPS":0.009138688,"DILUTED_EPS":null,"OPERATE_INCOME":120603441.28,"OPERATE_INCOME_YOY":-7.783839714,"GROSS_PROFIT":103548364.8,"GROSS_PROFIT_YOY":-11.194982632581,"HOLDER_PROFIT":10578031.36,"HOLDER_PROFIT_YOY":-85.5187181215,"GROSS_PROFIT_RATIO":85.858549060467,"EPS_TTM":0.030445617759,"OPERATE_INCOME_QOQ":0,"NET_PROFIT_RATIO":16.9589578066,"ROE_AVG":0.171376129105,"GROSS_PROFIT_QOQ":0,"ROA":0.113974507317,"HOLDER_PROFIT_QOQ":0,"ROE_YEARLY":0.342752258209,"ROIC_YEARLY":0.264958836241,"TOTAL_ASSETS":9285111749.76,"TOTAL_LIABILITIES":2159421887.36,"TAX_EBT":32.993637907707,"OCF_SALES":65.671881033742,"TOTAL_PARENT_EQUITY":6169342858.88,"DEBT_ASSET_RATIO":23.2568217331,"OPERATE_PROFIT":94943938.56,"PRETAX_PROFIT":30524096.64,"NETCASH_OPERATE":79202548.48,"NETCASH_INVEST":-43095064.96,"NETCASH_FINANCE":-30470494.72,"END_CASH":348616343.04,"DIVI_RATIO":null,"DIVIDEND_RATE":null,"CURRENT_RATIO":0.463512894991,"COMMON_ACS":2000000000,"CURRENTDEBT_DEBT":37.251140708934,"ISSUED_COMMON_SHARES":1154038656,"HK_COMMON_SHARES":1154038656,"PER_SHARES":4000,"TOTAL_MARKET_CAP":750125126.4,"HKSK_MARKET_CAP":750125126.4,"PE_TTM":-4.684944017388,"PB_TTM":0.101050824181,"REPORT_DATE_SQ":"2019-06-30 00:00:00","REPORT_TYPE_SQ":"2019年中报","OPERATE_INCOME_SQ":134249756.34,"DPS_HKD":null,"OPERATE_INCOME_QOQ_SQ":0,"NET_PROFIT_RATIO_SQ":75.3537498152,"HOLDER_PROFIT_SQ":74982287.28,"HOLDER_PROFIT_QOQ_SQ":0,"ROE_AVG_SQ":1.165330410942,"PE_TTM_SQ":14.07952233442,"PB_TTM_SQ":0.111429893972,"ROA_SQ":0.77968215534,"START_DATE":"2020-04-01 00:00:00","FISCAL_YEAR":"3-31","CURRENCY":"HKD","IS_CNY_CODE":0,"DPS_HKD_LY":null,"ORG_TYPE":"一般企业","PREMIUM_INCOME":null,"PREMIUM_INCOME_YOY":null,"NET_INTEREST_INCOME":null,"NET_INTEREST_INCOME_YOY":null,"FEE_COMMISSION_INCOME":null,"FEE_COMMISSION_INCOME_YOY":null,"ACCOUNTS_RECE_TDAYS":5.356267561661,"INVENTORY_TDAYS":null,"CURRENT_ASSETS_TDAYS":0.327054321199,"TOTAL_ASSETS_TDAYS":0.012994589761,"PREMIUM_EXPENSE":null,"LOAN_DEPOSIT":null,"LOAN_EQUITY":null,"LOAN_ASSETS":null,"DEPOSIT_EQUITY":null,"DEPOSIT_ASSETS":null,"EQUITY_MULTIPLIER":1.303047414224,"EQUITY_RATIO":0.3500246196}],"count":48},"success":true,"message":"ok","code":0}