{"version":"261579f6f6241531a3f73920ccea6b79","result":{"pages":6,"data":[{"SECUCODE":"00226.HK","SECURITY_CODE":"00226","SECURITY_NAME_ABBR":"力宝","ORG_CODE":"10007488","STD_REPORT_DATE":"2024-06-30 00:00:00","REPORT_DATE":"2024-06-30 00:00:00","DATE_TYPE_CODE":"002","REPORT_TYPE":"2024年中报","PER_NETCASH_OPERATE":-0.012830900752,"PER_OI":0.758801666738,"BPS":15.371354326309,"BASIC_EPS":-0.80863448,"DILUTED_EPS":-0.80863448,"OPERATE_INCOME":374206101.44,"OPERATE_INCOME_YOY":5.972054939,"GROSS_PROFIT":242912520.04,"GROSS_PROFIT_YOY":13.536524902679,"HOLDER_PROFIT":-398788224.56,"HOLDER_PROFIT_YOY":-16217.373662855,"GROSS_PROFIT_RATIO":64.914099237088,"EPS_TTM":-0.878732919211,"OPERATE_INCOME_QOQ":2.37242077644,"NET_PROFIT_RATIO":-145.0818032819,"ROE_AVG":-5.02783222762,"GROSS_PROFIT_QOQ":6.363543700103,"ROA":-2.986302499905,"HOLDER_PROFIT_QOQ":-1251.56127019054,"ROE_YEARLY":-10.055664455239,"ROIC_YEARLY":-8.325009996816,"TOTAL_ASSETS":12899092626.72,"TOTAL_LIABILITIES":2084023551.48,"TAX_EBT":-0.869737739055,"OCF_SALES":-1.690942615754,"TOTAL_PARENT_EQUITY":7580445363.32,"DEBT_ASSET_RATIO":16.1563577516,"OPERATE_PROFIT":-109444022.2,"PRETAX_PROFIT":-538223824.24,"NETCASH_OPERATE":-6327610.44,"NETCASH_INVEST":-13118862.32,"NETCASH_FINANCE":4988708.88,"END_CASH":397606303.96,"DIVI_RATIO":null,"DIVIDEND_RATE":null,"CURRENT_RATIO":0.74021694931,"COMMON_ACS":null,"CURRENTDEBT_DEBT":56.541945361567,"ISSUED_COMMON_SHARES":493154032,"HK_COMMON_SHARES":493154032,"PER_SHARES":1000,"TOTAL_MARKET_CAP":199727382.96,"HKSK_MARKET_CAP":199727382.96,"PE_TTM":-0.4204486057,"PB_TTM":0.024047028788,"REPORT_DATE_SQ":"2023-06-30 00:00:00","REPORT_TYPE_SQ":"2023年中报","OPERATE_INCOME_SQ":356715905.96,"DPS_HKD":null,"OPERATE_INCOME_QOQ_SQ":14.432158533752,"NET_PROFIT_RATIO_SQ":-2.123018232,"HOLDER_PROFIT_SQ":2499487.78,"HOLDER_PROFIT_QOQ_SQ":-78.357513853519,"ROE_AVG_SQ":0.029478955386,"PE_TTM_SQ":20.793410430074,"PB_TTM_SQ":0.051524026705,"ROA_SQ":0.017567977006,"START_DATE":"2024-01-01 00:00:00","FISCAL_YEAR":"12-31","CURRENCY":"HKD","IS_CNY_CODE":0,"DPS_HKD_LY":null,"ORG_TYPE":"一般企业","PREMIUM_INCOME":null,"PREMIUM_INCOME_YOY":null,"NET_INTEREST_INCOME":null,"NET_INTEREST_INCOME_YOY":null,"FEE_COMMISSION_INCOME":null,"FEE_COMMISSION_INCOME_YOY":null,"ACCOUNTS_RECE_TDAYS":2.157953878583,"INVENTORY_TDAYS":1.295681661585,"CURRENT_ASSETS_TDAYS":0.411268125537,"TOTAL_ASSETS_TDAYS":0.028022206961,"PREMIUM_EXPENSE":null,"LOAN_DEPOSIT":null,"LOAN_EQUITY":null,"LOAN_ASSETS":null,"DEPOSIT_EQUITY":null,"DEPOSIT_ASSETS":null,"EQUITY_MULTIPLIER":1.19269627748,"EQUITY_RATIO":0.274920990997},{"SECUCODE":"00226.HK","SECURITY_CODE":"00226","SECURITY_NAME_ABBR":"力宝","ORG_CODE":"10007488","STD_REPORT_DATE":"2023-12-31 00:00:00","REPORT_DATE":"2023-12-31 00:00:00","DATE_TYPE_CODE":"001","REPORT_TYPE":"2023年年报","PER_NETCASH_OPERATE":-0.184741309141,"PER_OI":1.494928275959,"BPS":16.676647260627,"BASIC_EPS":-0.0634354,"DILUTED_EPS":-0.0634354,"OPERATE_INCOME":737229906.84,"OPERATE_INCOME_YOY":20.0286821694,"GROSS_PROFIT":455116371.08,"GROSS_PROFIT_YOY":32.304338235024,"HOLDER_PROFIT":-32062969.82,"HOLDER_PROFIT_YOY":-128.2413135272,"GROSS_PROFIT_RATIO":61.733302848602,"EPS_TTM":-0.065016136419,"OPERATE_INCOME_QOQ":6.411322758899,"NET_PROFIT_RATIO":-8.442549802,"ROE_AVG":-0.385094310882,"GROSS_PROFIT_QOQ":11.764594309859,"ROA":-0.230332680699,"HOLDER_PROFIT_QOQ":-232.381908564576,"ROE_YEARLY":-0.385094310882,"ROIC_YEARLY":-0.326890849121,"TOTAL_ASSETS":13710993510.06,"TOTAL_LIABILITIES":2011996893.76,"TAX_EBT":-2.44164367216,"OCF_SALES":-12.357871084003,"TOTAL_PARENT_EQUITY":8224155836.82,"DEBT_ASSET_RATIO":14.6743333536,"OPERATE_PROFIT":-114801762.04,"PRETAX_PROFIT":-60757519.9,"NETCASH_OPERATE":-91105921.48,"NETCASH_INVEST":-11477276.3,"NETCASH_FINANCE":-272349015.26,"END_CASH":412073639.74,"DIVI_RATIO":null,"DIVIDEND_RATE":null,"CURRENT_RATIO":1.320080258475,"COMMON_ACS":null,"CURRENTDEBT_DEBT":35.422762191651,"ISSUED_COMMON_SHARES":493154032,"HK_COMMON_SHARES":493154032,"PER_SHARES":1000,"TOTAL_MARKET_CAP":216987774.08,"HKSK_MARKET_CAP":216987774.08,"PE_TTM":-0.45678367039,"PB_TTM":0.026125167079,"REPORT_DATE_SQ":"2022-12-31 00:00:00","REPORT_TYPE_SQ":"2022年年报","OPERATE_INCOME_SQ":605434287.71,"DPS_HKD":null,"OPERATE_INCOME_QOQ_SQ":7.335738700812,"NET_PROFIT_RATIO_SQ":21.2624285712,"HOLDER_PROFIT_SQ":111909758.87,"HOLDER_PROFIT_QOQ_SQ":-62.874320814023,"ROE_AVG_SQ":1.301770499734,"PE_TTM_SQ":20.793410430074,"PB_TTM_SQ":0.051524026705,"ROA_SQ":0.778423645672,"START_DATE":"2023-01-01 00:00:00","FISCAL_YEAR":"12-31","CURRENCY":"HKD","IS_CNY_CODE":0,"DPS_HKD_LY":null,"ORG_TYPE":"一般企业","PREMIUM_INCOME":null,"PREMIUM_INCOME_YOY":null,"NET_INTEREST_INCOME":null,"NET_INTEREST_INCOME_YOY":null,"FEE_COMMISSION_INCOME":null,"FEE_COMMISSION_INCOME_YOY":null,"ACCOUNTS_RECE_TDAYS":5.767450763537,"INVENTORY_TDAYS":2.715763761668,"CURRENT_ASSETS_TDAYS":0.664160315066,"TOTAL_ASSETS_TDAYS":0.052960827299,"PREMIUM_EXPENSE":null,"LOAN_DEPOSIT":null,"LOAN_EQUITY":null,"LOAN_ASSETS":null,"DEPOSIT_EQUITY":null,"DEPOSIT_ASSETS":null,"EQUITY_MULTIPLIER":1.171980295383,"EQUITY_RATIO":0.244644791962},{"SECUCODE":"00226.HK","SECURITY_CODE":"00226","SECURITY_NAME_ABBR":"力宝","ORG_CODE":"10007488","STD_REPORT_DATE":"2023-06-30 00:00:00","REPORT_DATE":"2023-06-30 00:00:00","DATE_TYPE_CODE":"002","REPORT_TYPE":"2023年中报","PER_NETCASH_OPERATE":0.000650606138,"PER_OI":0.723335677726,"BPS":16.999467161449,"BASIC_EPS":0.00553188,"DILUTED_EPS":0.00553188,"OPERATE_INCOME":356715905.96,"OPERATE_INCOME_YOY":22.8470912474,"GROSS_PROFIT":213950990.88,"GROSS_PROFIT_YOY":41.940167830085,"HOLDER_PROFIT":2499487.78,"HOLDER_PROFIT_YOY":-97.4293814775,"GROSS_PROFIT_RATIO":59.977978919726,"EPS_TTM":0.049112554067,"OPERATE_INCOME_QOQ":14.432158533752,"NET_PROFIT_RATIO":-2.123018232,"ROE_AVG":0.029478955386,"GROSS_PROFIT_QOQ":18.377683963331,"ROA":0.017567977006,"HOLDER_PROFIT_QOQ":-78.357513853519,"ROE_YEARLY":0.058957910772,"ROIC_YEARLY":0.050634795696,"TOTAL_ASSETS":14079737288.08,"TOTAL_LIABILITIES":2158407732.86,"TAX_EBT":-94.644549763033,"OCF_SALES":0.089945257455,"TOTAL_PARENT_EQUITY":8383355772.52,"DEBT_ASSET_RATIO":15.3298864084,"OPERATE_PROFIT":-30531367.7,"PRETAX_PROFIT":-3890755.6,"NETCASH_OPERATE":320849.04,"NETCASH_INVEST":-1171836.58,"NETCASH_FINANCE":-35975659.6,"END_CASH":759699534.26,"DIVI_RATIO":null,"DIVIDEND_RATE":null,"CURRENT_RATIO":1.138548398175,"COMMON_ACS":null,"CURRENTDEBT_DEBT":49.132464523504,"ISSUED_COMMON_SHARES":493154032,"HK_COMMON_SHARES":493154032,"PER_SHARES":1000,"TOTAL_MARKET_CAP":216987774.08,"HKSK_MARKET_CAP":216987774.08,"PE_TTM":-0.45678367039,"PB_TTM":0.026125167079,"REPORT_DATE_SQ":"2022-06-30 00:00:00","REPORT_TYPE_SQ":"2022年中报","OPERATE_INCOME_SQ":269338669.74,"DPS_HKD":null,"OPERATE_INCOME_QOQ_SQ":-5.25711342301,"NET_PROFIT_RATIO_SQ":48.4362398633,"HOLDER_PROFIT_SQ":90189192.59,"HOLDER_PROFIT_QOQ_SQ":-26.273796886146,"ROE_AVG_SQ":1.086150787012,"PE_TTM_SQ":20.793410430074,"PB_TTM_SQ":0.051524026705,"ROA_SQ":0.650095291132,"START_DATE":"2023-01-01 00:00:00","FISCAL_YEAR":"12-31","CURRENCY":"HKD","IS_CNY_CODE":0,"DPS_HKD_LY":null,"ORG_TYPE":"一般企业","PREMIUM_INCOME":null,"PREMIUM_INCOME_YOY":null,"NET_INTEREST_INCOME":null,"NET_INTEREST_INCOME_YOY":null,"FEE_COMMISSION_INCOME":null,"FEE_COMMISSION_INCOME_YOY":null,"ACCOUNTS_RECE_TDAYS":null,"INVENTORY_TDAYS":1.35707211905,"CURRENT_ASSETS_TDAYS":0.284364759678,"TOTAL_ASSETS_TDAYS":0.025072244336,"PREMIUM_EXPENSE":null,"LOAN_DEPOSIT":null,"LOAN_EQUITY":null,"LOAN_ASSETS":null,"DEPOSIT_EQUITY":null,"DEPOSIT_ASSETS":null,"EQUITY_MULTIPLIER":1.181054279463,"EQUITY_RATIO":0.257463453947},{"SECUCODE":"00226.HK","SECURITY_CODE":"00226","SECURITY_NAME_ABBR":"力宝","ORG_CODE":"10007488","STD_REPORT_DATE":"2022-12-31 00:00:00","REPORT_DATE":"2022-12-31 00:00:00","DATE_TYPE_CODE":"001","REPORT_TYPE":"2022年年报","PER_NETCASH_OPERATE":-0.071671131262,"PER_OI":1.227677862137,"BPS":16.845483575322,"BASIC_EPS":0.2233175,"DILUTED_EPS":0.2233175,"OPERATE_INCOME":605434287.71,"OPERATE_INCOME_YOY":-6.9215599568,"GROSS_PROFIT":343992024.11,"GROSS_PROFIT_YOY":3.305379371687,"HOLDER_PROFIT":111909758.87,"HOLDER_PROFIT_YOY":-74.947307377,"GROSS_PROFIT_RATIO":56.817400516102,"EPS_TTM":0.226926581977,"OPERATE_INCOME_QOQ":7.335738700812,"NET_PROFIT_RATIO":21.2624285712,"ROE_AVG":1.301770499734,"GROSS_PROFIT_QOQ":8.964761611543,"ROA":0.778423645672,"HOLDER_PROFIT_QOQ":-62.874320814023,"ROE_YEARLY":1.301770499734,"ROIC_YEARLY":1.129686639348,"TOTAL_ASSETS":13927666640.79,"TOTAL_LIABILITIES":2121335809.46,"TAX_EBT":0.059640630526,"OCF_SALES":-5.837942792056,"TOTAL_PARENT_EQUITY":8307418146.16,"DEBT_ASSET_RATIO":15.2310926458,"OPERATE_PROFIT":-263319917.14,"PRETAX_PROFIT":128806854.19,"NETCASH_OPERATE":-35344907.36,"NETCASH_INVEST":131323195.78,"NETCASH_FINANCE":-162895823.93,"END_CASH":775846978.69,"DIVI_RATIO":null,"DIVIDEND_RATE":null,"CURRENT_RATIO":1.142594075066,"COMMON_ACS":null,"CURRENTDEBT_DEBT":52.022235154316,"ISSUED_COMMON_SHARES":493154032,"HK_COMMON_SHARES":493154032,"PER_SHARES":1000,"TOTAL_MARKET_CAP":216987774.08,"HKSK_MARKET_CAP":216987774.08,"PE_TTM":-0.45678367039,"PB_TTM":0.026125167079,"REPORT_DATE_SQ":"2021-12-31 00:00:00","REPORT_TYPE_SQ":"2021年年报","OPERATE_INCOME_SQ":595355062.4,"DPS_HKD":null,"OPERATE_INCOME_QOQ_SQ":-15.984354120485,"NET_PROFIT_RATIO_SQ":92.8173760667,"HOLDER_PROFIT_SQ":408857232,"HOLDER_PROFIT_QOQ_SQ":176.224123729364,"ROE_AVG_SQ":5.116065486088,"PE_TTM_SQ":20.793410430074,"PB_TTM_SQ":0.051524026705,"ROA_SQ":3.038069919472,"START_DATE":"2022-01-01 00:00:00","FISCAL_YEAR":"12-31","CURRENCY":"HKD","IS_CNY_CODE":0,"DPS_HKD_LY":0.04,"ORG_TYPE":"一般企业","PREMIUM_INCOME":null,"PREMIUM_INCOME_YOY":null,"NET_INTEREST_INCOME":null,"NET_INTEREST_INCOME_YOY":null,"FEE_COMMISSION_INCOME":null,"FEE_COMMISSION_INCOME_YOY":null,"ACCOUNTS_RECE_TDAYS":5.836782321888,"INVENTORY_TDAYS":2.496683798597,"CURRENT_ASSETS_TDAYS":0.4260781801,"TOTAL_ASSETS_TDAYS":0.042112892585,"PREMIUM_EXPENSE":null,"LOAN_DEPOSIT":null,"LOAN_EQUITY":null,"LOAN_ASSETS":null,"DEPOSIT_EQUITY":null,"DEPOSIT_ASSETS":null,"EQUITY_MULTIPLIER":1.179677821989,"EQUITY_RATIO":0.255354403996},{"SECUCODE":"00226.HK","SECURITY_CODE":"00226","SECURITY_NAME_ABBR":"力宝","ORG_CODE":"10007488","STD_REPORT_DATE":"2022-06-30 00:00:00","REPORT_DATE":"2022-06-30 00:00:00","DATE_TYPE_CODE":"002","REPORT_TYPE":"2022年中报","PER_NETCASH_OPERATE":-0.228200248923,"PER_OI":0.546155262379,"BPS":16.424648493577,"BASIC_EPS":0.18301066,"DILUTED_EPS":0.18301066,"OPERATE_INCOME":269338669.74,"OPERATE_INCOME_YOY":-12.8317114484,"GROSS_PROFIT":150733223.83,"GROSS_PROFIT_YOY":-10.292654794407,"HOLDER_PROFIT":90189192.59,"HOLDER_PROFIT_YOY":-55.5936856555,"GROSS_PROFIT_RATIO":55.964197036952,"EPS_TTM":0.61123887011,"OPERATE_INCOME_QOQ":-5.25711342301,"NET_PROFIT_RATIO":48.4362398633,"ROE_AVG":1.086150787012,"GROSS_PROFIT_QOQ":-5.193772882312,"ROA":0.650095291132,"HOLDER_PROFIT_QOQ":-26.273796886146,"ROE_YEARLY":2.172301574023,"ROIC_YEARLY":1.883617611747,"TOTAL_ASSETS":13553199923.06,"TOTAL_LIABILITIES":2023263234.16,"TAX_EBT":2.41924134843,"OCF_SALES":-41.783035822014,"TOTAL_PARENT_EQUITY":8099881628.79,"DEBT_ASSET_RATIO":14.9283065671,"OPERATE_PROFIT":-97403575.43,"PRETAX_PROFIT":133691852.7,"NETCASH_OPERATE":-112537872.86,"NETCASH_INVEST":-13604362.52,"NETCASH_FINANCE":-49665159.25,"END_CASH":634331196.17,"DIVI_RATIO":null,"DIVIDEND_RATE":null,"CURRENT_RATIO":1.025157917962,"COMMON_ACS":null,"CURRENTDEBT_DEBT":62.069670953191,"ISSUED_COMMON_SHARES":493154032,"HK_COMMON_SHARES":493154032,"PER_SHARES":1000,"TOTAL_MARKET_CAP":216987774.08,"HKSK_MARKET_CAP":216987774.08,"PE_TTM":-0.45678367039,"PB_TTM":0.026125167079,"REPORT_DATE_SQ":"2021-06-30 00:00:00","REPORT_TYPE_SQ":"2021年中报","OPERATE_INCOME_SQ":300637160.64,"DPS_HKD":null,"OPERATE_INCOME_QOQ_SQ":0,"NET_PROFIT_RATIO_SQ":85.3695462043,"HOLDER_PROFIT_SQ":197611511.28,"HOLDER_PROFIT_QOQ_SQ":0,"ROE_AVG_SQ":2.463161760614,"PE_TTM_SQ":20.793410430074,"PB_TTM_SQ":0.051524026705,"ROA_SQ":1.464503830116,"START_DATE":"2022-01-01 00:00:00","FISCAL_YEAR":"12-31","CURRENCY":"HKD","IS_CNY_CODE":0,"DPS_HKD_LY":0.04,"ORG_TYPE":"一般企业","PREMIUM_INCOME":null,"PREMIUM_INCOME_YOY":null,"NET_INTEREST_INCOME":null,"NET_INTEREST_INCOME_YOY":null,"FEE_COMMISSION_INCOME":null,"FEE_COMMISSION_INCOME_YOY":null,"ACCOUNTS_RECE_TDAYS":null,"INVENTORY_TDAYS":1.214046237209,"CURRENT_ASSETS_TDAYS":0.19231640557,"TOTAL_ASSETS_TDAYS":0.019414277464,"PREMIUM_EXPENSE":null,"LOAN_DEPOSIT":null,"LOAN_EQUITY":null,"LOAN_ASSETS":null,"DEPOSIT_EQUITY":null,"DEPOSIT_ASSETS":null,"EQUITY_MULTIPLIER":1.175479127836,"EQUITY_RATIO":0.249789234817},{"SECUCODE":"00226.HK","SECURITY_CODE":"00226","SECURITY_NAME_ABBR":"力宝","ORG_CODE":"10007488","STD_REPORT_DATE":"2021-12-31 00:00:00","REPORT_DATE":"2021-12-31 00:00:00","DATE_TYPE_CODE":"001","REPORT_TYPE":"2021年年报","PER_NETCASH_OPERATE":0.160262547747,"PER_OI":1.207239571753,"BPS":16.492419741181,"BASIC_EPS":0.825776,"DILUTED_EPS":0.825776,"OPERATE_INCOME":595355062.4,"OPERATE_INCOME_YOY":null,"GROSS_PROFIT":332985587.2,"GROSS_PROFIT_YOY":null,"HOLDER_PROFIT":408857232,"HOLDER_PROFIT_YOY":null,"GROSS_PROFIT_RATIO":55.930588018798,"EPS_TTM":0.82906598237,"OPERATE_INCOME_QOQ":-15.984354120485,"NET_PROFIT_RATIO":92.8173760667,"ROE_AVG":5.116065486088,"GROSS_PROFIT_QOQ":-23.74129801637,"ROA":3.038069919472,"HOLDER_PROFIT_QOQ":176.224123729364,"ROE_YEARLY":5.116065486088,"ROIC_YEARLY":4.468301037698,"TOTAL_ASSETS":13569386700.8,"TOTAL_LIABILITIES":2010618209.6,"TAX_EBT":-2.543593073659,"OCF_SALES":13.275123802827,"TOTAL_PARENT_EQUITY":8133303292.8,"DEBT_ASSET_RATIO":14.8173108626,"OPERATE_PROFIT":12875564.8,"PRETAX_PROFIT":538885883.2,"NETCASH_OPERATE":79034121.6,"NETCASH_INVEST":-98945134.4,"NETCASH_FINANCE":-182630582.4,"END_CASH":782446470.4,"DIVI_RATIO":null,"DIVIDEND_RATE":null,"CURRENT_RATIO":1.940121217702,"COMMON_ACS":null,"CURRENTDEBT_DEBT":37.09554967914,"ISSUED_COMMON_SHARES":493154032,"HK_COMMON_SHARES":493154032,"PER_SHARES":1000,"TOTAL_MARKET_CAP":216987774.08,"HKSK_MARKET_CAP":216987774.08,"PE_TTM":-0.45678367039,"PB_TTM":0.026125167079,"REPORT_DATE_SQ":"2020-12-31 00:00:00","REPORT_TYPE_SQ":"2020年年报","OPERATE_INCOME_SQ":null,"DPS_HKD":null,"OPERATE_INCOME_QOQ_SQ":0,"NET_PROFIT_RATIO_SQ":null,"HOLDER_PROFIT_SQ":null,"HOLDER_PROFIT_QOQ_SQ":0,"ROE_AVG_SQ":null,"PE_TTM_SQ":20.793410430074,"PB_TTM_SQ":0.051524026705,"ROA_SQ":null,"START_DATE":"2021-01-01 00:00:00","FISCAL_YEAR":"12-31","CURRENCY":"HKD","IS_CNY_CODE":0,"DPS_HKD_LY":0.07,"ORG_TYPE":"一般企业","PREMIUM_INCOME":null,"PREMIUM_INCOME_YOY":null,"NET_INTEREST_INCOME":null,"NET_INTEREST_INCOME_YOY":null,"FEE_COMMISSION_INCOME":null,"FEE_COMMISSION_INCOME_YOY":null,"ACCOUNTS_RECE_TDAYS":null,"INVENTORY_TDAYS":2.730650918792,"CURRENT_ASSETS_TDAYS":0.364085088553,"TOTAL_ASSETS_TDAYS":0.044238677096,"PREMIUM_EXPENSE":null,"LOAN_DEPOSIT":null,"LOAN_EQUITY":null,"LOAN_ASSETS":null,"DEPOSIT_EQUITY":null,"DEPOSIT_ASSETS":null,"EQUITY_MULTIPLIER":1.173947441818,"EQUITY_RATIO":0.247208069983},{"SECUCODE":"00226.HK","SECURITY_CODE":"00226","SECURITY_NAME_ABBR":"力宝","ORG_CODE":"10007488","STD_REPORT_DATE":"2021-06-30 00:00:00","REPORT_DATE":"2021-06-30 00:00:00","DATE_TYPE_CODE":"002","REPORT_TYPE":"2021年中报","PER_NETCASH_OPERATE":-0.009580272964,"PER_OI":0.609621215953,"BPS":16.336403616467,"BASIC_EPS":0.3993984,"DILUTED_EPS":0.3993984,"OPERATE_INCOME":300637160.64,"OPERATE_INCOME_YOY":-6.7418978494,"GROSS_PROFIT":168027738.96,"GROSS_PROFIT_YOY":-15.379075714822,"HOLDER_PROFIT":197611511.28,"HOLDER_PROFIT_YOY":146.6960551644,"GROSS_PROFIT_RATIO":55.890542141331,"EPS_TTM":-1.087668761289,"OPERATE_INCOME_QOQ":0,"NET_PROFIT_RATIO":85.3695462043,"ROE_AVG":2.463161760614,"GROSS_PROFIT_QOQ":0,"ROA":1.464503830116,"HOLDER_PROFIT_QOQ":0,"ROE_YEARLY":4.926323521229,"ROIC_YEARLY":4.287788299807,"TOTAL_ASSETS":13404250474.32,"TOTAL_LIABILITIES":1983903381.6,"TAX_EBT":1.760336843178,"OCF_SALES":-1.571512393858,"TOTAL_PARENT_EQUITY":8056363311.84,"DEBT_ASSET_RATIO":14.8005543868,"OPERATE_PROFIT":110613386.88,"PRETAX_PROFIT":261251485.92,"NETCASH_OPERATE":-4724550.24,"NETCASH_INVEST":-47330374.56,"NETCASH_FINANCE":-241928092.08,"END_CASH":704245053.36,"DIVI_RATIO":null,"DIVIDEND_RATE":null,"CURRENT_RATIO":2.057409319231,"COMMON_ACS":null,"CURRENTDEBT_DEBT":37.45708330013,"ISSUED_COMMON_SHARES":493154032,"HK_COMMON_SHARES":493154032,"PER_SHARES":1000,"TOTAL_MARKET_CAP":216987774.08,"HKSK_MARKET_CAP":216987774.08,"PE_TTM":-0.45678367039,"PB_TTM":0.026125167079,"REPORT_DATE_SQ":"2020-06-30 00:00:00","REPORT_TYPE_SQ":"2020年中报","OPERATE_INCOME_SQ":340440732.16,"DPS_HKD":null,"OPERATE_INCOME_QOQ_SQ":0,"NET_PROFIT_RATIO_SQ":-177.0917434981,"HOLDER_PROFIT_SQ":-446907326.08,"HOLDER_PROFIT_QOQ_SQ":0,"ROE_AVG_SQ":-5.413780775777,"PE_TTM_SQ":20.793410430074,"PB_TTM_SQ":0.051524026705,"ROA_SQ":-3.157074723883,"START_DATE":"2021-01-01 00:00:00","FISCAL_YEAR":"12-31","CURRENCY":"HKD","IS_CNY_CODE":0,"DPS_HKD_LY":0.07,"ORG_TYPE":"一般企业","PREMIUM_INCOME":null,"PREMIUM_INCOME_YOY":null,"NET_INTEREST_INCOME":null,"NET_INTEREST_INCOME_YOY":null,"FEE_COMMISSION_INCOME":null,"FEE_COMMISSION_INCOME_YOY":null,"ACCOUNTS_RECE_TDAYS":null,"INVENTORY_TDAYS":1.376391539784,"CURRENT_ASSETS_TDAYS":0.177652297948,"TOTAL_ASSETS_TDAYS":0.022280294826,"PREMIUM_EXPENSE":null,"LOAN_DEPOSIT":null,"LOAN_EQUITY":null,"LOAN_ASSETS":null,"DEPOSIT_EQUITY":null,"DEPOSIT_ASSETS":null,"EQUITY_MULTIPLIER":1.173716557429,"EQUITY_RATIO":0.246252968592},{"SECUCODE":"00226.HK","SECURITY_CODE":"00226","SECURITY_NAME_ABBR":"力宝","ORG_CODE":"10007488","STD_REPORT_DATE":"2020-06-30 00:00:00","REPORT_DATE":"2020-09-30 00:00:00","DATE_TYPE_CODE":"002","REPORT_TYPE":"2020年中报","PER_NETCASH_OPERATE":-0.040103800753,"PER_OI":0.690333465955,"BPS":16.536331033871,"BASIC_EPS":-0.9050816,"DILUTED_EPS":-0.9050816,"OPERATE_INCOME":340440732.16,"OPERATE_INCOME_YOY":-26.7572084301,"GROSS_PROFIT":198565237.12,"GROSS_PROFIT_YOY":-42.754505737353,"HOLDER_PROFIT":-446907326.08,"HOLDER_PROFIT_YOY":-673.0386578482,"GROSS_PROFIT_RATIO":58.325934109047,"EPS_TTM":-0.01911130172,"OPERATE_INCOME_QOQ":0,"NET_PROFIT_RATIO":-177.0917434981,"ROE_AVG":-5.413780775777,"GROSS_PROFIT_QOQ":0,"ROA":-3.157074723883,"HOLDER_PROFIT_QOQ":0,"ROE_YEARLY":-10.827561551553,"ROIC_YEARLY":-9.492129303664,"TOTAL_ASSETS":14113489224.96,"TOTAL_LIABILITIES":2509072483.84,"TAX_EBT":-1.587116898549,"OCF_SALES":-5.809337476899,"TOTAL_PARENT_EQUITY":8154958323.84,"DEBT_ASSET_RATIO":17.7778325675,"OPERATE_PROFIT":-62877688.32,"PRETAX_PROFIT":-709900313.6,"NETCASH_OPERATE":-19777351.04,"NETCASH_INVEST":176436431.36,"NETCASH_FINANCE":144291096.32,"END_CASH":1344728062.72,"DIVI_RATIO":null,"DIVIDEND_RATE":null,"CURRENT_RATIO":2.572324667788,"COMMON_ACS":null,"CURRENTDEBT_DEBT":33.555137474207,"ISSUED_COMMON_SHARES":493154032,"HK_COMMON_SHARES":493154032,"PER_SHARES":1000,"TOTAL_MARKET_CAP":216987774.08,"HKSK_MARKET_CAP":216987774.08,"PE_TTM":-0.45678367039,"PB_TTM":0.026125167079,"REPORT_DATE_SQ":"2019-06-30 00:00:00","REPORT_TYPE_SQ":"2019年中报","OPERATE_INCOME_SQ":477130817.64,"DPS_HKD":null,"OPERATE_INCOME_QOQ_SQ":0,"NET_PROFIT_RATIO_SQ":25.7467426895,"HOLDER_PROFIT_SQ":80056093.53,"HOLDER_PROFIT_QOQ_SQ":0,"ROE_AVG_SQ":0.880007563347,"PE_TTM_SQ":20.793410430074,"PB_TTM_SQ":0.051524026705,"ROA_SQ":0.491538090879,"START_DATE":"2020-04-01 00:00:00","FISCAL_YEAR":"3-31","CURRENCY":"HKD","IS_CNY_CODE":0,"DPS_HKD_LY":0.09,"ORG_TYPE":"一般企业","PREMIUM_INCOME":null,"PREMIUM_INCOME_YOY":null,"NET_INTEREST_INCOME":null,"NET_INTEREST_INCOME_YOY":null,"FEE_COMMISSION_INCOME":null,"FEE_COMMISSION_INCOME_YOY":null,"ACCOUNTS_RECE_TDAYS":null,"INVENTORY_TDAYS":1.36420438943,"CURRENT_ASSETS_TDAYS":0.16814469815,"TOTAL_ASSETS_TDAYS":0.024049657899,"PREMIUM_EXPENSE":null,"LOAN_DEPOSIT":null,"LOAN_EQUITY":null,"LOAN_ASSETS":null,"DEPOSIT_EQUITY":null,"DEPOSIT_ASSETS":null,"EQUITY_MULTIPLIER":1.216217026656,"EQUITY_RATIO":0.307674470451},{"SECUCODE":"00226.HK","SECURITY_CODE":"00226","SECURITY_NAME_ABBR":"力宝","ORG_CODE":"10007488","STD_REPORT_DATE":"2019-12-31 00:00:00","REPORT_DATE":"2020-03-31 00:00:00","DATE_TYPE_CODE":"001","REPORT_TYPE":"2019年年报","PER_NETCASH_OPERATE":-0.364028147295,"PER_OI":1.714097561104,"BPS":17.616458868981,"BASIC_EPS":-0.018274,"DILUTED_EPS":-0.018274,"OPERATE_INCOME":845314123.5,"OPERATE_INCOME_YOY":-63.7792115762,"GROSS_PROFIT":584953481.1,"GROSS_PROFIT_YOY":-40.591473564181,"HOLDER_PROFIT":-9424815.5,"HOLDER_PROFIT_YOY":90.8058578674,"GROSS_PROFIT_RATIO":69.199539536618,"EPS_TTM":0.523302042961,"OPERATE_INCOME_QOQ":0,"NET_PROFIT_RATIO":19.8561322157,"ROE_AVG":-0.104624520448,"GROSS_PROFIT_QOQ":0,"ROA":-0.059187703142,"HOLDER_PROFIT_QOQ":0,"ROE_YEARLY":-0.104624520448,"ROIC_YEARLY":-0.095104795296,"TOTAL_ASSETS":14763185414.5,"TOTAL_LIABILITIES":2402177604.2,"TAX_EBT":1.21512221146,"OCF_SALES":-21.237306181126,"TOTAL_PARENT_EQUITY":8687627720.8,"DEBT_ASSET_RATIO":16.2714044209,"OPERATE_PROFIT":-120060180,"PRETAX_PROFIT":176405317.9,"NETCASH_OPERATE":-179521948.6,"NETCASH_INVEST":476579524.1,"NETCASH_FINANCE":-1779937853.5,"END_CASH":1073787549.6,"DIVI_RATIO":null,"DIVIDEND_RATE":null,"CURRENT_RATIO":1.46844739337,"COMMON_ACS":null,"CURRENTDEBT_DEBT":55.526030917444,"ISSUED_COMMON_SHARES":493154032,"HK_COMMON_SHARES":493154032,"PER_SHARES":1000,"TOTAL_MARKET_CAP":216987774.08,"HKSK_MARKET_CAP":216987774.08,"PE_TTM":-0.45678367039,"PB_TTM":0.026125167079,"REPORT_DATE_SQ":"2018-12-31 00:00:00","REPORT_TYPE_SQ":"2018年年报","OPERATE_INCOME_SQ":2190975795.9,"DPS_HKD":null,"OPERATE_INCOME_QOQ_SQ":0,"NET_PROFIT_RATIO_SQ":17.0306670164,"HOLDER_PROFIT_SQ":-96236317.89,"HOLDER_PROFIT_QOQ_SQ":0,"ROE_AVG_SQ":-1.092258034241,"PE_TTM_SQ":20.793410430074,"PB_TTM_SQ":0.051524026705,"ROA_SQ":-0.586328896013,"START_DATE":"2019-04-01 00:00:00","FISCAL_YEAR":"3-31","CURRENCY":"HKD","IS_CNY_CODE":0,"DPS_HKD_LY":0.09,"ORG_TYPE":"一般企业","PREMIUM_INCOME":null,"PREMIUM_INCOME_YOY":null,"NET_INTEREST_INCOME":null,"NET_INTEREST_INCOME_YOY":null,"FEE_COMMISSION_INCOME":null,"FEE_COMMISSION_INCOME_YOY":null,"ACCOUNTS_RECE_TDAYS":null,"INVENTORY_TDAYS":2.287301332477,"CURRENT_ASSETS_TDAYS":0.300002480686,"TOTAL_ASSETS_TDAYS":0.053085603006,"PREMIUM_EXPENSE":null,"LOAN_DEPOSIT":null,"LOAN_EQUITY":null,"LOAN_ASSETS":null,"DEPOSIT_EQUITY":null,"DEPOSIT_ASSETS":null,"EQUITY_MULTIPLIER":1.194335093147,"EQUITY_RATIO":0.276505587187}],"count":47},"success":true,"message":"ok","code":0}