{"version":"f9c88690b5eb6cb7fdaaad760a66681d","result":{"pages":6,"data":[{"SECUCODE":"00225.HK","SECURITY_CODE":"00225","SECURITY_NAME_ABBR":"博富临置业","ORG_CODE":"10007487","STD_REPORT_DATE":"2024-12-31 00:00:00","REPORT_DATE":"2024-09-30 00:00:00","DATE_TYPE_CODE":"001","REPORT_TYPE":"2024年年报","PER_NETCASH_OPERATE":0.588360283097,"PER_OI":1.370109684493,"BPS":37.838879271381,"BASIC_EPS":-4.8877018,"DILUTED_EPS":null,"OPERATE_INCOME":150957842.42,"OPERATE_INCOME_YOY":-7.0124762529,"GROSS_PROFIT":98464646.52,"GROSS_PROFIT_YOY":-6.877484551725,"HOLDER_PROFIT":-538462416.16,"HOLDER_PROFIT_YOY":-228.467145254,"GROSS_PROFIT_RATIO":65.226585741765,"EPS_TTM":-4.887143054574,"OPERATE_INCOME_QOQ":0,"NET_PROFIT_RATIO":-356.703186418,"ROE_AVG":-12.095262875742,"GROSS_PROFIT_QOQ":0,"ROA":-10.990385179958,"HOLDER_PROFIT_QOQ":0,"ROE_YEARLY":-12.095262875742,"ROIC_YEARLY":-11.179424155857,"TOTAL_ASSETS":4614309732.86,"TOTAL_LIABILITIES":445230857.01,"TAX_EBT":-1.747265105817,"OCF_SALES":42.942568011565,"TOTAL_PARENT_EQUITY":4169064447.21,"DEBT_ASSET_RATIO":9.6489157162,"OPERATE_PROFIT":-523974258.02,"PRETAX_PROFIT":-529224479.4,"NETCASH_OPERATE":64825174.15,"NETCASH_INVEST":-18327979.96,"NETCASH_FINANCE":-67288864.43,"END_CASH":34604387.67,"DIVI_RATIO":-0.066467217426,"DIVIDEND_RATE":7.894736842105,"CURRENT_RATIO":0.404389798917,"COMMON_ACS":null,"CURRENTDEBT_DEBT":87.25955452393,"ISSUED_COMMON_SHARES":110179385,"HK_COMMON_SHARES":110179385,"PER_SHARES":2000,"TOTAL_MARKET_CAP":502417995.6,"HKSK_MARKET_CAP":502417995.6,"PE_TTM":-0.841424602079,"PB_TTM":0.108675586571,"REPORT_DATE_SQ":"2023-12-31 00:00:00","REPORT_TYPE_SQ":"2023年年报","OPERATE_INCOME_SQ":165193587.86,"DPS_HKD":0.36,"OPERATE_INCOME_QOQ_SQ":0,"NET_PROFIT_RATIO_SQ":-100.9521058537,"HOLDER_PROFIT_SQ":-166811369.55,"HOLDER_PROFIT_QOQ_SQ":0,"ROE_AVG_SQ":-3.387676988349,"PE_TTM_SQ":-3.697193104492,"PB_TTM_SQ":0.128011758764,"ROA_SQ":-3.118865071791,"START_DATE":"2023-10-01 00:00:00","FISCAL_YEAR":"9-30","CURRENCY":"HKD","IS_CNY_CODE":0,"DPS_HKD_LY":0.38,"ORG_TYPE":"一般企业","PREMIUM_INCOME":null,"PREMIUM_INCOME_YOY":null,"NET_INTEREST_INCOME":null,"NET_INTEREST_INCOME_YOY":null,"FEE_COMMISSION_INCOME":null,"FEE_COMMISSION_INCOME_YOY":null,"ACCOUNTS_RECE_TDAYS":13.60793399179,"INVENTORY_TDAYS":3.264539285514,"CURRENT_ASSETS_TDAYS":0.948430594901,"TOTAL_ASSETS_TDAYS":0.030811525268,"PREMIUM_EXPENSE":null,"LOAN_DEPOSIT":null,"LOAN_EQUITY":null,"LOAN_ASSETS":null,"DEPOSIT_EQUITY":null,"DEPOSIT_ASSETS":null,"EQUITY_MULTIPLIER":1.106793579653,"EQUITY_RATIO":0.106793949254},{"SECUCODE":"00225.HK","SECURITY_CODE":"00225","SECURITY_NAME_ABBR":"博富临置业","ORG_CODE":"10007487","STD_REPORT_DATE":"2024-06-30 00:00:00","REPORT_DATE":"2024-03-31 00:00:00","DATE_TYPE_CODE":"002","REPORT_TYPE":"2024年中报","PER_NETCASH_OPERATE":0.302771946857,"PER_OI":0.607033151891,"BPS":41.101509826453,"BASIC_EPS":-1.794969,"DILUTED_EPS":null,"OPERATE_INCOME":66882539.35,"OPERATE_INCOME_YOY":4.12832383,"GROSS_PROFIT":46923934.55,"GROSS_PROFIT_YOY":-3.454183547326,"HOLDER_PROFIT":-198030408.2,"HOLDER_PROFIT_YOY":-1362.9740980574,"GROSS_PROFIT_RATIO":70.158721552788,"EPS_TTM":-3.448765566353,"OPERATE_INCOME_QOQ":0,"NET_PROFIT_RATIO":-296.0949889532,"ROE_AVG":-4.264148670909,"GROSS_PROFIT_QOQ":0,"ROA":-3.880157825247,"HOLDER_PROFIT_QOQ":0,"ROE_YEARLY":-8.528297341817,"ROIC_YEARLY":-7.890527972816,"TOTAL_ASSETS":4995491195.1,"TOTAL_LIABILITIES":466933988.85,"TAX_EBT":-2.018895328473,"OCF_SALES":49.877333044174,"TOTAL_PARENT_EQUITY":4528539075.25,"DEBT_ASSET_RATIO":9.3471086348,"OPERATE_PROFIT":-190917616.9,"PRETAX_PROFIT":-194116831.85,"NETCASH_OPERATE":33359226.9,"NETCASH_INVEST":-14656193.85,"NETCASH_FINANCE":-33681052.15,"END_CASH":40480177.15,"DIVI_RATIO":-0.184654186476,"DIVIDEND_RATE":14,"CURRENT_RATIO":0.380075549179,"COMMON_ACS":null,"CURRENTDEBT_DEBT":88.50537891187,"ISSUED_COMMON_SHARES":110179385,"HK_COMMON_SHARES":110179385,"PER_SHARES":2000,"TOTAL_MARKET_CAP":550896925,"HKSK_MARKET_CAP":550896925,"PE_TTM":-0.922614695262,"PB_TTM":0.11916182738,"REPORT_DATE_SQ":"2023-06-30 00:00:00","REPORT_TYPE_SQ":"2023年中报","OPERATE_INCOME_SQ":62024549.32,"DPS_HKD":0.7,"OPERATE_INCOME_QOQ_SQ":0,"NET_PROFIT_RATIO_SQ":21.5432106672,"HOLDER_PROFIT_SQ":15141091.36,"HOLDER_PROFIT_QOQ_SQ":0,"ROE_AVG_SQ":0.316012743557,"PE_TTM_SQ":-3.775985744423,"PB_TTM_SQ":0.130739878214,"ROA_SQ":0.291665296535,"START_DATE":"2023-10-01 00:00:00","FISCAL_YEAR":"9-30","CURRENCY":"HKD","IS_CNY_CODE":0,"DPS_HKD_LY":0.38,"ORG_TYPE":"一般企业","PREMIUM_INCOME":null,"PREMIUM_INCOME_YOY":null,"NET_INTEREST_INCOME":null,"NET_INTEREST_INCOME_YOY":null,"FEE_COMMISSION_INCOME":null,"FEE_COMMISSION_INCOME_YOY":null,"ACCOUNTS_RECE_TDAYS":6.273821165866,"INVENTORY_TDAYS":1.105859306326,"CURRENT_ASSETS_TDAYS":0.419135108111,"TOTAL_ASSETS_TDAYS":0.013104795914,"PREMIUM_EXPENSE":null,"LOAN_DEPOSIT":null,"LOAN_EQUITY":null,"LOAN_ASSETS":null,"DEPOSIT_EQUITY":null,"DEPOSIT_ASSETS":null,"EQUITY_MULTIPLIER":1.103108775617,"EQUITY_RATIO":0.103109188436},{"SECUCODE":"00225.HK","SECURITY_CODE":"00225","SECURITY_NAME_ABBR":"博富临置业","ORG_CODE":"10007487","STD_REPORT_DATE":"2023-12-31 00:00:00","REPORT_DATE":"2023-09-30 00:00:00","DATE_TYPE_CODE":"001","REPORT_TYPE":"2023年年报","PER_NETCASH_OPERATE":0.623122386642,"PER_OI":1.499314847873,"BPS":43.726787710968,"BASIC_EPS":-1.5140895,"DILUTED_EPS":null,"OPERATE_INCOME":165193587.86,"OPERATE_INCOME_YOY":10.071537756,"GROSS_PROFIT":105736669.64,"GROSS_PROFIT_YOY":15.527881994151,"HOLDER_PROFIT":-166811369.55,"HOLDER_PROFIT_YOY":-1328.6921257181,"GROSS_PROFIT_RATIO":64.007732388264,"EPS_TTM":-1.513998009246,"OPERATE_INCOME_QOQ":0,"NET_PROFIT_RATIO":-100.9521058537,"ROE_AVG":-3.387676988349,"GROSS_PROFIT_QOQ":0,"ROA":-3.118865071791,"HOLDER_PROFIT_QOQ":0,"ROE_YEARLY":-3.387676988349,"ROIC_YEARLY":-3.155101937033,"TOTAL_ASSETS":5275546633,"TOTAL_LIABILITIES":457732196.6,"TAX_EBT":-4.891464322612,"OCF_SALES":41.560475941829,"TOTAL_PARENT_EQUITY":4817790578.02,"DEBT_ASSET_RATIO":8.6764884939,"OPERATE_PROFIT":-154189368.9,"PRETAX_PROFIT":-158989491.43,"NETCASH_OPERATE":68655241.34,"NETCASH_INVEST":-47392836.61,"NETCASH_FINANCE":9530505.18,"END_CASH":56076369.3,"DIVI_RATIO":-0.420627369462,"DIVIDEND_RATE":14,"CURRENT_RATIO":0.405245143595,"COMMON_ACS":null,"CURRENTDEBT_DEBT":88.4427248306,"ISSUED_COMMON_SHARES":110179385,"HK_COMMON_SHARES":110179385,"PER_SHARES":2000,"TOTAL_MARKET_CAP":550896925,"HKSK_MARKET_CAP":550896925,"PE_TTM":-0.922614695262,"PB_TTM":0.11916182738,"REPORT_DATE_SQ":"2022-12-31 00:00:00","REPORT_TYPE_SQ":"2022年年报","OPERATE_INCOME_SQ":147921162,"DPS_HKD":0.7,"OPERATE_INCOME_QOQ_SQ":0,"NET_PROFIT_RATIO_SQ":8.1895444818,"HOLDER_PROFIT_SQ":13381189.8,"HOLDER_PROFIT_QOQ_SQ":0,"ROE_AVG_SQ":0.268857969667,"PE_TTM_SQ":-3.775985744423,"PB_TTM_SQ":0.130739878214,"ROA_SQ":0.254811998433,"START_DATE":"2022-10-01 00:00:00","FISCAL_YEAR":"9-30","CURRENCY":"HKD","IS_CNY_CODE":0,"DPS_HKD_LY":0.38,"ORG_TYPE":"一般企业","PREMIUM_INCOME":null,"PREMIUM_INCOME_YOY":null,"NET_INTEREST_INCOME":null,"NET_INTEREST_INCOME_YOY":null,"FEE_COMMISSION_INCOME":null,"FEE_COMMISSION_INCOME_YOY":null,"ACCOUNTS_RECE_TDAYS":13.178287763991,"INVENTORY_TDAYS":3.458908314427,"CURRENT_ASSETS_TDAYS":1.264692348493,"TOTAL_ASSETS_TDAYS":0.030886174764,"PREMIUM_EXPENSE":null,"LOAN_DEPOSIT":null,"LOAN_EQUITY":null,"LOAN_ASSETS":null,"DEPOSIT_EQUITY":null,"DEPOSIT_ASSETS":null,"EQUITY_MULTIPLIER":1.095008266226,"EQUITY_RATIO":0.09500873672},{"SECUCODE":"00225.HK","SECURITY_CODE":"00225","SECURITY_NAME_ABBR":"博富临置业","ORG_CODE":"10007487","STD_REPORT_DATE":"2023-06-30 00:00:00","REPORT_DATE":"2023-03-31 00:00:00","DATE_TYPE_CODE":"002","REPORT_TYPE":"2023年中报","PER_NETCASH_OPERATE":0.359549372417,"PER_OI":0.562941509612,"BPS":43.417296948517,"BASIC_EPS":0.1400656,"DILUTED_EPS":null,"OPERATE_INCOME":62024549.32,"OPERATE_INCOME_YOY":-5.6748985115,"GROSS_PROFIT":48602763.2,"GROSS_PROFIT_YOY":10.976992030278,"HOLDER_PROFIT":15141091.36,"HOLDER_PROFIT_YOY":36.8462694833,"GROSS_PROFIT_RATIO":71.114754518323,"EPS_TTM":0.165837972049,"OPERATE_INCOME_QOQ":0,"NET_PROFIT_RATIO":21.5432106672,"ROE_AVG":0.316012743557,"GROSS_PROFIT_QOQ":0,"ROA":0.291665296535,"HOLDER_PROFIT_QOQ":0,"ROE_YEARLY":0.632025487115,"ROIC_YEARLY":0.588865451769,"TOTAL_ASSETS":5210567254.45,"TOTAL_LIABILITIES":426863047.15,"TAX_EBT":19.699212222488,"OCF_SALES":57.963904650895,"TOTAL_PARENT_EQUITY":4783691076.15,"DEBT_ASSET_RATIO":8.1922567411,"OPERATE_PROFIT":20940682.61,"PRETAX_PROFIT":18335462.45,"NETCASH_OPERATE":39614928.73,"NETCASH_INVEST":-32292999.49,"NETCASH_FINANCE":1815600.34,"END_CASH":33736550.58,"DIVI_RATIO":3.840067459412,"DIVIDEND_RATE":14,"CURRENT_RATIO":0.349944590422,"COMMON_ACS":null,"CURRENTDEBT_DEBT":88.272715154374,"ISSUED_COMMON_SHARES":110179385,"HK_COMMON_SHARES":110179385,"PER_SHARES":2000,"TOTAL_MARKET_CAP":550896925,"HKSK_MARKET_CAP":550896925,"PE_TTM":-0.922614695262,"PB_TTM":0.11916182738,"REPORT_DATE_SQ":"2022-06-30 00:00:00","REPORT_TYPE_SQ":"2022年中报","OPERATE_INCOME_SQ":67125675.68,"DPS_HKD":0.7,"OPERATE_INCOME_QOQ_SQ":0,"NET_PROFIT_RATIO_SQ":14.3811618017,"HOLDER_PROFIT_SQ":10250355.39,"HOLDER_PROFIT_QOQ_SQ":0,"ROE_AVG_SQ":0.229224625352,"PE_TTM_SQ":-3.775985744423,"PB_TTM_SQ":0.130739878214,"ROA_SQ":0.216554335923,"START_DATE":"2022-10-01 00:00:00","FISCAL_YEAR":"9-30","CURRENCY":"HKD","IS_CNY_CODE":0,"DPS_HKD_LY":0.38,"ORG_TYPE":"一般企业","PREMIUM_INCOME":null,"PREMIUM_INCOME_YOY":null,"NET_INTEREST_INCOME":null,"NET_INTEREST_INCOME_YOY":null,"FEE_COMMISSION_INCOME":null,"FEE_COMMISSION_INCOME_YOY":null,"ACCOUNTS_RECE_TDAYS":6.756818615297,"INVENTORY_TDAYS":0.966050506565,"CURRENT_ASSETS_TDAYS":0.608660060655,"TOTAL_ASSETS_TDAYS":0.013165241308,"PREMIUM_EXPENSE":null,"LOAN_DEPOSIT":null,"LOAN_EQUITY":null,"LOAN_ASSETS":null,"DEPOSIT_EQUITY":null,"DEPOSIT_ASSETS":null,"EQUITY_MULTIPLIER":1.089232742798,"EQUITY_RATIO":0.08923298774},{"SECUCODE":"00225.HK","SECURITY_CODE":"00225","SECURITY_NAME_ABBR":"博富临置业","ORG_CODE":"10007487","STD_REPORT_DATE":"2022-12-31 00:00:00","REPORT_DATE":"2022-09-30 00:00:00","DATE_TYPE_CODE":"001","REPORT_TYPE":"2022年年报","PER_NETCASH_OPERATE":0.396296002923,"PER_OI":1.342548444975,"BPS":44.999621687487,"BASIC_EPS":0.1175772,"DILUTED_EPS":null,"OPERATE_INCOME":147921162,"OPERATE_INCOME_YOY":6.1055281272,"GROSS_PROFIT":91524805.8,"GROSS_PROFIT_YOY":24.305081172345,"HOLDER_PROFIT":13381189.8,"HOLDER_PROFIT_YOY":-89.2102595518,"GROSS_PROFIT_RATIO":61.874044634668,"EPS_TTM":0.121449124081,"OPERATE_INCOME_QOQ":0,"NET_PROFIT_RATIO":8.1895444818,"ROE_AVG":0.268857969667,"GROSS_PROFIT_QOQ":0,"ROA":0.254811998433,"HOLDER_PROFIT_QOQ":0,"ROE_YEARLY":0.268857969667,"ROIC_YEARLY":0.257042164818,"TOTAL_ASSETS":5343454131,"TOTAL_LIABILITIES":387587813.16,"TAX_EBT":37.393661774329,"OCF_SALES":29.518190155916,"TOTAL_PARENT_EQUITY":4958030642.76,"DEBT_ASSET_RATIO":7.2535068826,"OPERATE_PROFIT":22712297.28,"PRETAX_PROFIT":19349589.36,"NETCASH_OPERATE":43663649.88,"NETCASH_INVEST":-270158941.32,"NETCASH_FINANCE":182592869.4,"END_CASH":25331555.52,"DIVI_RATIO":5.243586603201,"DIVIDEND_RATE":14,"CURRENT_RATIO":0.283642489461,"COMMON_ACS":null,"CURRENTDEBT_DEBT":87.129059432164,"ISSUED_COMMON_SHARES":110179385,"HK_COMMON_SHARES":110179385,"PER_SHARES":2000,"TOTAL_MARKET_CAP":550896925,"HKSK_MARKET_CAP":550896925,"PE_TTM":-0.922614695262,"PB_TTM":0.11916182738,"REPORT_DATE_SQ":"2021-12-31 00:00:00","REPORT_TYPE_SQ":"2021年年报","OPERATE_INCOME_SQ":128407035.34,"DPS_HKD":0.7,"OPERATE_INCOME_QOQ_SQ":0,"NET_PROFIT_RATIO_SQ":88.9275264534,"HOLDER_PROFIT_SQ":114230020.26,"HOLDER_PROFIT_QOQ_SQ":0,"ROE_AVG_SQ":2.504720748598,"PE_TTM_SQ":-3.775985744423,"PB_TTM_SQ":0.130739878214,"ROA_SQ":2.426159441676,"START_DATE":"2021-10-01 00:00:00","FISCAL_YEAR":"9-30","CURRENCY":"HKD","IS_CNY_CODE":0,"DPS_HKD_LY":0.38,"ORG_TYPE":"一般企业","PREMIUM_INCOME":null,"PREMIUM_INCOME_YOY":null,"NET_INTEREST_INCOME":null,"NET_INTEREST_INCOME_YOY":null,"FEE_COMMISSION_INCOME":null,"FEE_COMMISSION_INCOME_YOY":null,"ACCOUNTS_RECE_TDAYS":14.46449102326,"INVENTORY_TDAYS":3.623289462216,"CURRENT_ASSETS_TDAYS":1.257399861613,"TOTAL_ASSETS_TDAYS":0.028167963734,"PREMIUM_EXPENSE":null,"LOAN_DEPOSIT":null,"LOAN_EQUITY":null,"LOAN_ASSETS":null,"DEPOSIT_EQUITY":null,"DEPOSIT_ASSETS":null,"EQUITY_MULTIPLIER":1.078207883002,"EQUITY_RATIO":0.078173742981},{"SECUCODE":"00225.HK","SECURITY_CODE":"00225","SECURITY_NAME_ABBR":"博富临置业","ORG_CODE":"10007487","STD_REPORT_DATE":"2022-06-30 00:00:00","REPORT_DATE":"2022-03-31 00:00:00","DATE_TYPE_CODE":"002","REPORT_TYPE":"2022年中报","PER_NETCASH_OPERATE":0.232535486652,"PER_OI":0.609239883486,"BPS":40.511559451798,"BASIC_EPS":0.0892111,"DILUTED_EPS":null,"OPERATE_INCOME":67125675.68,"OPERATE_INCOME_YOY":8.0338845888,"GROSS_PROFIT":43795351.01,"GROSS_PROFIT_YOY":4.602082555623,"HOLDER_PROFIT":10250355.39,"HOLDER_PROFIT_YOY":93.0207697007,"GROSS_PROFIT_RATIO":65.243814034409,"EPS_TTM":1.07956798824,"OPERATE_INCOME_QOQ":0,"NET_PROFIT_RATIO":14.3811618017,"ROE_AVG":0.229224625352,"GROSS_PROFIT_QOQ":0,"ROA":0.216554335923,"HOLDER_PROFIT_QOQ":0,"ROE_YEARLY":0.458449250704,"ROIC_YEARLY":0.438002684885,"TOTAL_ASSETS":4840402076.63,"TOTAL_LIABILITIES":378264796.12,"TAX_EBT":33.857523894199,"OCF_SALES":38.168132611637,"TOTAL_PARENT_EQUITY":4463538705.79,"DEBT_ASSET_RATIO":7.8147391504,"OPERATE_PROFIT":16114768.7,"PRETAX_PROFIT":14594935.96,"NETCASH_OPERATE":25620616.91,"NETCASH_INVEST":-226732443.68,"NETCASH_FINANCE":198398998.32,"END_CASH":52523440.63,"DIVI_RATIO":0.589892444883,"DIVIDEND_RATE":14,"CURRENT_RATIO":0.307072533022,"COMMON_ACS":null,"CURRENTDEBT_DEBT":88.479927617643,"ISSUED_COMMON_SHARES":110179385,"HK_COMMON_SHARES":110179385,"PER_SHARES":2000,"TOTAL_MARKET_CAP":550896925,"HKSK_MARKET_CAP":550896925,"PE_TTM":-0.922614695262,"PB_TTM":0.11916182738,"REPORT_DATE_SQ":"2021-06-30 00:00:00","REPORT_TYPE_SQ":"2021年中报","OPERATE_INCOME_SQ":64751775.34,"DPS_HKD":0.7,"OPERATE_INCOME_QOQ_SQ":0,"NET_PROFIT_RATIO_SQ":8.5337997468,"HOLDER_PROFIT_SQ":5534238.64,"HOLDER_PROFIT_QOQ_SQ":0,"ROE_AVG_SQ":0.120981695883,"PE_TTM_SQ":-3.775985744423,"PB_TTM_SQ":0.130739878214,"ROA_SQ":0.117153202234,"START_DATE":"2021-10-01 00:00:00","FISCAL_YEAR":"9-30","CURRENCY":"HKD","IS_CNY_CODE":0,"DPS_HKD_LY":0.38,"ORG_TYPE":"一般企业","PREMIUM_INCOME":null,"PREMIUM_INCOME_YOY":null,"NET_INTEREST_INCOME":null,"NET_INTEREST_INCOME_YOY":null,"FEE_COMMISSION_INCOME":null,"FEE_COMMISSION_INCOME_YOY":null,"ACCOUNTS_RECE_TDAYS":8.607321131448,"INVENTORY_TDAYS":1.722059263694,"CURRENT_ASSETS_TDAYS":0.589188342659,"TOTAL_ASSETS_TDAYS":0.014181319152,"PREMIUM_EXPENSE":null,"LOAN_DEPOSIT":null,"LOAN_EQUITY":null,"LOAN_ASSETS":null,"DEPOSIT_EQUITY":null,"DEPOSIT_ASSETS":null,"EQUITY_MULTIPLIER":1.084772110838,"EQUITY_RATIO":0.084745494786},{"SECUCODE":"00225.HK","SECURITY_CODE":"00225","SECURITY_NAME_ABBR":"博富临置业","ORG_CODE":"10007487","STD_REPORT_DATE":"2021-12-31 00:00:00","REPORT_DATE":"2021-09-30 00:00:00","DATE_TYPE_CODE":"001","REPORT_TYPE":"2021年年报","PER_NETCASH_OPERATE":0.337558280072,"PER_OI":1.165436123464,"BPS":41.766132493116,"BASIC_EPS":1.0329944,"DILUTED_EPS":null,"OPERATE_INCOME":128407035.34,"OPERATE_INCOME_YOY":10.0914220413,"GROSS_PROFIT":73629175.04,"GROSS_PROFIT_YOY":-10.937910031312,"HOLDER_PROFIT":114230020.26,"HOLDER_PROFIT_YOY":330.3199798438,"GROSS_PROFIT_RATIO":57.340452448764,"EPS_TTM":1.036764003175,"OPERATE_INCOME_QOQ":0,"NET_PROFIT_RATIO":88.9275264534,"ROE_AVG":2.504720748598,"GROSS_PROFIT_QOQ":0,"ROA":2.426159441676,"HOLDER_PROFIT_QOQ":0,"ROE_YEARLY":2.504720748598,"ROIC_YEARLY":2.46779489952,"TOTAL_ASSETS":4752155781.48,"TOTAL_LIABILITIES":151215385.08,"TAX_EBT":7.159838258502,"OCF_SALES":28.964116803664,"TOTAL_PARENT_EQUITY":4601766791.92,"DEBT_ASSET_RATIO":3.1820376274,"OPERATE_PROFIT":138853607.74,"PRETAX_PROFIT":122995477.58,"NETCASH_OPERATE":42988395.18,"NETCASH_INVEST":-61446505.6,"NETCASH_FINANCE":-27721737.62,"END_CASH":56967141.98,"DIVI_RATIO":0.614246827677,"DIVIDEND_RATE":14,"CURRENT_RATIO":1.19018883067,"COMMON_ACS":null,"CURRENTDEBT_DEBT":71.390716072235,"ISSUED_COMMON_SHARES":110179385,"HK_COMMON_SHARES":110179385,"PER_SHARES":2000,"TOTAL_MARKET_CAP":550896925,"HKSK_MARKET_CAP":550896925,"PE_TTM":-0.922614695262,"PB_TTM":0.11916182738,"REPORT_DATE_SQ":"2020-12-31 00:00:00","REPORT_TYPE_SQ":"2020年年报","OPERATE_INCOME_SQ":123029587.2,"DPS_HKD":0.7,"OPERATE_INCOME_QOQ_SQ":0,"NET_PROFIT_RATIO_SQ":-42.5676737376,"HOLDER_PROFIT_SQ":-52314595.2,"HOLDER_PROFIT_QOQ_SQ":0,"ROE_AVG_SQ":-1.086275470044,"PE_TTM_SQ":-3.775985744423,"PB_TTM_SQ":0.130739878214,"ROA_SQ":-1.053285992225,"START_DATE":"2020-10-01 00:00:00","FISCAL_YEAR":"9-30","CURRENCY":"HKD","IS_CNY_CODE":0,"DPS_HKD_LY":0.38,"ORG_TYPE":"一般企业","PREMIUM_INCOME":null,"PREMIUM_INCOME_YOY":null,"NET_INTEREST_INCOME":null,"NET_INTEREST_INCOME_YOY":null,"FEE_COMMISSION_INCOME":null,"FEE_COMMISSION_INCOME_YOY":null,"ACCOUNTS_RECE_TDAYS":15.852213709055,"INVENTORY_TDAYS":4.052946252465,"CURRENT_ASSETS_TDAYS":0.832589719768,"TOTAL_ASSETS_TDAYS":0.027272685452,"PREMIUM_EXPENSE":null,"LOAN_DEPOSIT":null,"LOAN_EQUITY":null,"LOAN_ASSETS":null,"DEPOSIT_EQUITY":null,"DEPOSIT_ASSETS":null,"EQUITY_MULTIPLIER":1.032866190833,"EQUITY_RATIO":0.032860288649},{"SECUCODE":"00225.HK","SECURITY_CODE":"00225","SECURITY_NAME_ABBR":"博富临置业","ORG_CODE":"10007487","STD_REPORT_DATE":"2021-06-30 00:00:00","REPORT_DATE":"2021-03-31 00:00:00","DATE_TYPE_CODE":"002","REPORT_TYPE":"2021年中报","PER_NETCASH_OPERATE":0.070917886318,"PER_OI":0.587694107568,"BPS":41.420839950232,"BASIC_EPS":0.0507108,"DILUTED_EPS":null,"OPERATE_INCOME":64751775.34,"OPERATE_INCOME_YOY":5.9668875088,"GROSS_PROFIT":41868526.84,"GROSS_PROFIT_YOY":-8.844304388586,"HOLDER_PROFIT":5534238.64,"HOLDER_PROFIT_YOY":114.3335595298,"GROSS_PROFIT_RATIO":64.660044639944,"EPS_TTM":-0.045741764306,"OPERATE_INCOME_QOQ":0,"NET_PROFIT_RATIO":8.5337997468,"ROE_AVG":0.120981695883,"GROSS_PROFIT_QOQ":0,"ROA":0.117153202234,"HOLDER_PROFIT_QOQ":0,"ROE_YEARLY":0.241963391767,"ROIC_YEARLY":0.238519669996,"TOTAL_ASSETS":4715630254.02,"TOTAL_LIABILITIES":151892368.88,"TAX_EBT":55.080728272072,"OCF_SALES":12.06714265203,"TOTAL_PARENT_EQUITY":4563722671.9,"DEBT_ASSET_RATIO":3.2210406817,"OPERATE_PROFIT":28001658.58,"PRETAX_PROFIT":12301594.9,"NETCASH_OPERATE":7813689.1,"NETCASH_INVEST":-26127049.34,"NETCASH_FINANCE":-23659123.74,"END_CASH":62648967.5,"DIVI_RATIO":-13.922265782013,"DIVIDEND_RATE":14,"CURRENT_RATIO":1.350920505043,"COMMON_ACS":null,"CURRENTDEBT_DEBT":70.997017516526,"ISSUED_COMMON_SHARES":110179385,"HK_COMMON_SHARES":110179385,"PER_SHARES":2000,"TOTAL_MARKET_CAP":550896925,"HKSK_MARKET_CAP":550896925,"PE_TTM":-0.922614695262,"PB_TTM":0.11916182738,"REPORT_DATE_SQ":"2020-06-30 00:00:00","REPORT_TYPE_SQ":"2020年中报","OPERATE_INCOME_SQ":66059596.3,"DPS_HKD":0.7,"OPERATE_INCOME_QOQ_SQ":0,"NET_PROFIT_RATIO_SQ":-63.2747340904,"HOLDER_PROFIT_SQ":-41740557.1,"HOLDER_PROFIT_QOQ_SQ":0,"ROE_AVG_SQ":-0.831882914706,"PE_TTM_SQ":-3.775985744423,"PB_TTM_SQ":0.130739878214,"ROA_SQ":-0.807037227536,"START_DATE":"2020-10-01 00:00:00","FISCAL_YEAR":"9-30","CURRENCY":"HKD","IS_CNY_CODE":0,"DPS_HKD_LY":0.38,"ORG_TYPE":"一般企业","PREMIUM_INCOME":null,"PREMIUM_INCOME_YOY":null,"NET_INTEREST_INCOME":null,"NET_INTEREST_INCOME_YOY":null,"FEE_COMMISSION_INCOME":null,"FEE_COMMISSION_INCOME_YOY":null,"ACCOUNTS_RECE_TDAYS":6.446192679849,"INVENTORY_TDAYS":1.648552379213,"CURRENT_ASSETS_TDAYS":0.394506679986,"TOTAL_ASSETS_TDAYS":0.013707175142,"PREMIUM_EXPENSE":null,"LOAN_DEPOSIT":null,"LOAN_EQUITY":null,"LOAN_ASSETS":null,"DEPOSIT_EQUITY":null,"DEPOSIT_ASSETS":null,"EQUITY_MULTIPLIER":1.033282448007,"EQUITY_RATIO":0.033282558955},{"SECUCODE":"00225.HK","SECURITY_CODE":"00225","SECURITY_NAME_ABBR":"博富临置业","ORG_CODE":"10007487","STD_REPORT_DATE":"2020-12-31 00:00:00","REPORT_DATE":"2020-09-30 00:00:00","DATE_TYPE_CODE":"001","REPORT_TYPE":"2020年年报","PER_NETCASH_OPERATE":0.477133746209,"PER_OI":1.116629823265,"BPS":43.266897401542,"BASIC_EPS":-0.4745088,"DILUTED_EPS":null,"OPERATE_INCOME":123029587.2,"OPERATE_INCOME_YOY":0.565280162,"GROSS_PROFIT":82671735.04,"GROSS_PROFIT_YOY":21.075301050204,"HOLDER_PROFIT":-52314595.2,"HOLDER_PROFIT_YOY":-143.504790021,"GROSS_PROFIT_RATIO":48.284408256553,"EPS_TTM":-0.474812917135,"OPERATE_INCOME_QOQ":0,"NET_PROFIT_RATIO":-42.5676737376,"ROE_AVG":-1.086275470044,"GROSS_PROFIT_QOQ":0,"ROA":-1.053285992225,"HOLDER_PROFIT_QOQ":0,"ROE_YEARLY":-1.086275470044,"ROIC_YEARLY":-1.083516194322,"TOTAL_ASSETS":4920028849.92,"TOTAL_LIABILITIES":152884099.2,"TAX_EBT":-19.56866285485,"OCF_SALES":42.729805013928,"TOTAL_PARENT_EQUITY":4767120146.56,"DEBT_ASSET_RATIO":3.1073821692,"OPERATE_PROFIT":-43454461.44,"PRETAX_PROFIT":-43799798.4,"NETCASH_OPERATE":52570302.72,"NETCASH_INVEST":-56517512.96,"NETCASH_FINANCE":-52291748.48,"END_CASH":108336510.08,"DIVI_RATIO":-1.341220883043,"DIVIDEND_RATE":14,"CURRENT_RATIO":1.705059194949,"COMMON_ACS":null,"CURRENTDEBT_DEBT":72.822369744518,"ISSUED_COMMON_SHARES":110179385,"HK_COMMON_SHARES":110179385,"PER_SHARES":2000,"TOTAL_MARKET_CAP":550896925,"HKSK_MARKET_CAP":550896925,"PE_TTM":-0.922614695262,"PB_TTM":0.11916182738,"REPORT_DATE_SQ":"2019-12-31 00:00:00","REPORT_TYPE_SQ":"2019年年报","OPERATE_INCOME_SQ":125580538.23,"DPS_HKD":0.7,"OPERATE_INCOME_QOQ_SQ":0,"NET_PROFIT_RATIO_SQ":97.7934680333,"HOLDER_PROFIT_SQ":123437362.47,"HOLDER_PROFIT_QOQ_SQ":0,"ROE_AVG_SQ":2.49340672145,"PE_TTM_SQ":-3.775985744423,"PB_TTM_SQ":0.130739878214,"ROA_SQ":2.423315265353,"START_DATE":"2019-10-01 00:00:00","FISCAL_YEAR":"9-30","CURRENCY":"HKD","IS_CNY_CODE":0,"DPS_HKD_LY":0.38,"ORG_TYPE":"一般企业","PREMIUM_INCOME":null,"PREMIUM_INCOME_YOY":null,"NET_INTEREST_INCOME":null,"NET_INTEREST_INCOME_YOY":null,"FEE_COMMISSION_INCOME":null,"FEE_COMMISSION_INCOME_YOY":null,"ACCOUNTS_RECE_TDAYS":14.703843730309,"INVENTORY_TDAYS":5.098366427264,"CURRENT_ASSETS_TDAYS":0.604955528142,"TOTAL_ASSETS_TDAYS":0.024770399223,"PREMIUM_EXPENSE":null,"LOAN_DEPOSIT":null,"LOAN_EQUITY":null,"LOAN_ASSETS":null,"DEPOSIT_EQUITY":null,"DEPOSIT_ASSETS":null,"EQUITY_MULTIPLIER":1.032070370672,"EQUITY_RATIO":0.032070536194}],"count":48},"success":true,"message":"ok","code":0}