{"version":"8b18320ff7da00906aee455d3781252e","result":{"pages":6,"data":[{"SECUCODE":"00232.HK","SECURITY_CODE":"00232","SECURITY_NAME_ABBR":"大陆航空科技控股","ORG_CODE":"10029819","STD_REPORT_DATE":"2024-06-30 00:00:00","REPORT_DATE":"2024-06-30 00:00:00","DATE_TYPE_CODE":"002","REPORT_TYPE":"2024年中报","PER_NETCASH_OPERATE":-0.013857206771,"PER_OI":0.076696661593,"BPS":0.288574494054,"BASIC_EPS":0.000730144,"DILUTED_EPS":0.000730144,"OPERATE_INCOME":713537787.4,"OPERATE_INCOME_YOY":-15.8169088701,"GROSS_PROFIT":183312690.68,"GROSS_PROFIT_YOY":-32.903056227517,"HOLDER_PROFIT":6437132.04,"HOLDER_PROFIT_YOY":-91.236332008,"GROSS_PROFIT_RATIO":25.690677342816,"EPS_TTM":0.008516610743,"OPERATE_INCOME_QOQ":-8.603976433564,"NET_PROFIT_RATIO":0.9021431175,"ROE_AVG":0.237593304134,"GROSS_PROFIT_QOQ":-17.477121184817,"ROA":0.179129678153,"HOLDER_PROFIT_QOQ":-46.098763872538,"ROE_YEARLY":0.475186608267,"ROIC_YEARLY":0.444375978747,"TOTAL_ASSETS":3555507397.04,"TOTAL_LIABILITIES":870790726.04,"TAX_EBT":17.672464106455,"OCF_SALES":-18.067548813323,"TOTAL_PARENT_EQUITY":2684716671,"DEBT_ASSET_RATIO":24.4913208946,"OPERATE_PROFIT":15815831.72,"PRETAX_PROFIT":7818929.56,"NETCASH_OPERATE":-128918788.04,"NETCASH_INVEST":46654376.24,"NETCASH_FINANCE":-45496185.32,"END_CASH":95674419.04,"DIVI_RATIO":0.532030890798,"DIVIDEND_RATE":4.62962962963,"CURRENT_RATIO":3.54277084834,"COMMON_ACS":10000000000,"CURRENTDEBT_DEBT":49.762551841887,"ISSUED_COMMON_SHARES":9303374783,"HK_COMMON_SHARES":9303374783,"PER_SHARES":2000,"TOTAL_MARKET_CAP":1004764476.564,"HKSK_MARKET_CAP":1004764476.564,"PE_TTM":11.317209305535,"PB_TTM":0.341573638804,"REPORT_DATE_SQ":"2023-06-30 00:00:00","REPORT_TYPE_SQ":"2023年中报","OPERATE_INCOME_SQ":856239138.08,"DPS_HKD":0.005,"OPERATE_INCOME_QOQ_SQ":8.494552066912,"NET_PROFIT_RATIO_SQ":8.6659143573,"HOLDER_PROFIT_SQ":74200950.4,"HOLDER_PROFIT_QOQ_SQ":53.517682539112,"ROE_AVG_SQ":2.81306979912,"PE_TTM_SQ":10.328299079288,"PB_TTM_SQ":0.259586850105,"ROA_SQ":2.08767265355,"START_DATE":"2024-01-01 00:00:00","FISCAL_YEAR":"12-31","CURRENCY":"HKD","IS_CNY_CODE":0,"DPS_HKD_LY":0.005,"ORG_TYPE":"一般企业","PREMIUM_INCOME":null,"PREMIUM_INCOME_YOY":null,"NET_INTEREST_INCOME":null,"NET_INTEREST_INCOME_YOY":null,"FEE_COMMISSION_INCOME":null,"FEE_COMMISSION_INCOME_YOY":null,"ACCOUNTS_RECE_TDAYS":5.600021488817,"INVENTORY_TDAYS":0.810534716235,"CURRENT_ASSETS_TDAYS":0.456698212211,"TOTAL_ASSETS_TDAYS":0.198560156003,"PREMIUM_EXPENSE":null,"LOAN_DEPOSIT":null,"LOAN_EQUITY":null,"LOAN_ASSETS":null,"DEPOSIT_EQUITY":null,"DEPOSIT_ASSETS":null,"EQUITY_MULTIPLIER":1.32435107043,"EQUITY_RATIO":0.32435107043},{"SECUCODE":"00232.HK","SECURITY_CODE":"00232","SECURITY_NAME_ABBR":"大陆航空科技控股","ORG_CODE":"10029819","STD_REPORT_DATE":"2023-12-31 00:00:00","REPORT_DATE":"2023-12-31 00:00:00","DATE_TYPE_CODE":"001","REPORT_TYPE":"2023年年报","PER_NETCASH_OPERATE":0.013525151481,"PER_OI":0.178274141976,"BPS":0.291780857026,"BASIC_EPS":0.015768228,"DILUTED_EPS":0.015768228,"OPERATE_INCOME":1658551156.92,"OPERATE_INCOME_YOY":9.8870919806,"GROSS_PROFIT":514346910.28,"GROSS_PROFIT_YOY":13.238127258732,"HOLDER_PROFIT":146997039.98,"HOLDER_PROFIT_YOY":219.1080421782,"GROSS_PROFIT_RATIO":31.01182065648,"EPS_TTM":0.015800399684,"OPERATE_INCOME_QOQ":2.751848461745,"NET_PROFIT_RATIO":8.8629789541,"ROE_AVG":5.579607151407,"GROSS_PROFIT_QOQ":-1.639371611017,"ROA":4.17048039623,"HOLDER_PROFIT_QOQ":110.877496787872,"ROE_YEARLY":5.579607151407,"ROIC_YEARLY":5.336805464164,"TOTAL_ASSETS":3605907378.08,"TOTAL_LIABILITIES":891360710.66,"TAX_EBT":-78.835319669691,"OCF_SALES":7.586715230037,"TOTAL_PARENT_EQUITY":2714546667.42,"DEBT_ASSET_RATIO":24.719456636,"OPERATE_PROFIT":98169906.38,"PRETAX_PROFIT":82196872.66,"NETCASH_OPERATE":125829553.22,"NETCASH_INVEST":-414039230.92,"NETCASH_FINANCE":-12882823.52,"END_CASH":223308013.74,"DIVI_RATIO":0.28677122672,"DIVIDEND_RATE":4.545454545455,"CURRENT_RATIO":3.43620020558,"COMMON_ACS":10000000000,"CURRENTDEBT_DEBT":51.530851369913,"ISSUED_COMMON_SHARES":9303374783,"HK_COMMON_SHARES":9303374783,"PER_SHARES":2000,"TOTAL_MARKET_CAP":1023371226.13,"HKSK_MARKET_CAP":1023371226.13,"PE_TTM":11.526787255637,"PB_TTM":0.347899076559,"REPORT_DATE_SQ":"2022-12-31 00:00:00","REPORT_TYPE_SQ":"2022年年报","OPERATE_INCOME_SQ":1487754584.05,"DPS_HKD":0.005,"OPERATE_INCOME_QOQ_SQ":16.134097403735,"NET_PROFIT_RATIO_SQ":3.052028952,"HOLDER_PROFIT_SQ":45406700.64,"HOLDER_PROFIT_QOQ_SQ":347.076020670795,"ROE_AVG_SQ":1.814342557812,"PE_TTM_SQ":9.308220157877,"PB_TTM_SQ":0.233948642687,"ROA_SQ":1.344209640854,"START_DATE":"2023-01-01 00:00:00","FISCAL_YEAR":"12-31","CURRENCY":"HKD","IS_CNY_CODE":0,"DPS_HKD_LY":null,"ORG_TYPE":"一般企业","PREMIUM_INCOME":null,"PREMIUM_INCOME_YOY":null,"NET_INTEREST_INCOME":null,"NET_INTEREST_INCOME_YOY":null,"FEE_COMMISSION_INCOME":null,"FEE_COMMISSION_INCOME_YOY":null,"ACCOUNTS_RECE_TDAYS":16.183232161568,"INVENTORY_TDAYS":2.16169592045,"CURRENT_ASSETS_TDAYS":1.125963777797,"TOTAL_ASSETS_TDAYS":0.470550637416,"PREMIUM_EXPENSE":null,"LOAN_DEPOSIT":null,"LOAN_EQUITY":null,"LOAN_ASSETS":null,"DEPOSIT_EQUITY":null,"DEPOSIT_ASSETS":null,"EQUITY_MULTIPLIER":1.328364482128,"EQUITY_RATIO":0.328364482128},{"SECUCODE":"00232.HK","SECURITY_CODE":"00232","SECURITY_NAME_ABBR":"大陆航空科技控股","ORG_CODE":"10029819","STD_REPORT_DATE":"2023-06-30 00:00:00","REPORT_DATE":"2023-06-30 00:00:00","DATE_TYPE_CODE":"002","REPORT_TYPE":"2023年中报","PER_NETCASH_OPERATE":0.006010516431,"PER_OI":0.092035326755,"BPS":0.287689380143,"BASIC_EPS":0.008021226,"DILUTED_EPS":0.008021226,"OPERATE_INCOME":856239138.08,"OPERATE_INCOME_YOY":8.8168127211,"GROSS_PROFIT":273205723.5,"GROSS_PROFIT_YOY":33.594778212803,"HOLDER_PROFIT":74200950.4,"HOLDER_PROFIT_YOY":37.9263067695,"GROSS_PROFIT_RATIO":31.907642543954,"EPS_TTM":0.007492691219,"OPERATE_INCOME_QOQ":8.494552066912,"NET_PROFIT_RATIO":8.6659143573,"ROE_AVG":2.81306979912,"GROSS_PROFIT_QOQ":15.125461389809,"ROA":2.08767265355,"HOLDER_PROFIT_QOQ":53.517682539112,"ROE_YEARLY":5.626139598239,"ROIC_YEARLY":5.333956335192,"TOTAL_ASSETS":3605101302.54,"TOTAL_LIABILITIES":928619177.98,"TAX_EBT":-130.304764630133,"OCF_SALES":6.530662348067,"TOTAL_PARENT_EQUITY":2676482124.56,"DEBT_ASSET_RATIO":25.758476671,"OPERATE_PROFIT":40554212.28,"PRETAX_PROFIT":32218591.1,"NETCASH_OPERATE":55918087,"NETCASH_INVEST":-193073675.76,"NETCASH_FINANCE":-3344943.44,"END_CASH":391729018.44,"DIVI_RATIO":0.604735984415,"DIVIDEND_RATE":4.545454545455,"CURRENT_RATIO":3.289102433855,"COMMON_ACS":10000000000,"CURRENTDEBT_DEBT":49.841292850186,"ISSUED_COMMON_SHARES":9303374783,"HK_COMMON_SHARES":9303374783,"PER_SHARES":2000,"TOTAL_MARKET_CAP":1023371226.13,"HKSK_MARKET_CAP":1023371226.13,"PE_TTM":11.526787255637,"PB_TTM":0.347899076559,"REPORT_DATE_SQ":"2022-06-30 00:00:00","REPORT_TYPE_SQ":"2022年中报","OPERATE_INCOME_SQ":729861050.31,"DPS_HKD":0.005,"OPERATE_INCOME_QOQ_SQ":10.622122681455,"NET_PROFIT_RATIO_SQ":6.8369638959,"HOLDER_PROFIT_SQ":49900336.5,"HOLDER_PROFIT_QOQ_SQ":59.84148547051,"ROE_AVG_SQ":2.078929118137,"PE_TTM_SQ":9.308220157877,"PB_TTM_SQ":0.233948642687,"ROA_SQ":1.538199747429,"START_DATE":"2023-01-01 00:00:00","FISCAL_YEAR":"12-31","CURRENCY":"HKD","IS_CNY_CODE":0,"DPS_HKD_LY":null,"ORG_TYPE":"一般企业","PREMIUM_INCOME":null,"PREMIUM_INCOME_YOY":null,"NET_INTEREST_INCOME":null,"NET_INTEREST_INCOME_YOY":null,"FEE_COMMISSION_INCOME":null,"FEE_COMMISSION_INCOME_YOY":null,"ACCOUNTS_RECE_TDAYS":8.043269459781,"INVENTORY_TDAYS":1.136528002933,"CURRENT_ASSETS_TDAYS":0.587717927088,"TOTAL_ASSETS_TDAYS":0.240906218025,"PREMIUM_EXPENSE":null,"LOAN_DEPOSIT":null,"LOAN_EQUITY":null,"LOAN_ASSETS":null,"DEPOSIT_EQUITY":null,"DEPOSIT_ASSETS":null,"EQUITY_MULTIPLIER":1.346955120477,"EQUITY_RATIO":0.346955120477},{"SECUCODE":"00232.HK","SECURITY_CODE":"00232","SECURITY_NAME_ABBR":"大陆航空科技控股","ORG_CODE":"10029819","STD_REPORT_DATE":"2022-12-31 00:00:00","REPORT_DATE":"2022-12-31 00:00:00","DATE_TYPE_CODE":"001","REPORT_TYPE":"2022年年报","PER_NETCASH_OPERATE":0.026667783322,"PER_OI":0.159915581039,"BPS":0.270657779817,"BASIC_EPS":0.004912985,"DILUTED_EPS":0.004912985,"OPERATE_INCOME":1487754584.05,"OPERATE_INCOME_YOY":17.5871517337,"GROSS_PROFIT":454217075.76,"GROSS_PROFIT_YOY":72.182717846498,"HOLDER_PROFIT":45406700.64,"HOLDER_PROFIT_YOY":190.8168369899,"GROSS_PROFIT_RATIO":30.530376490155,"EPS_TTM":0.004880669832,"OPERATE_INCOME_QOQ":16.134097403735,"NET_PROFIT_RATIO":3.052028952,"ROE_AVG":1.814342557812,"GROSS_PROFIT_QOQ":45.261566617987,"ROA":1.344209640854,"HOLDER_PROFIT_QOQ":347.076020670795,"ROE_YEARLY":1.814342557812,"ROIC_YEARLY":1.662470861709,"TOTAL_ASSETS":3394290222.96,"TOTAL_LIABILITIES":876259459.39,"TAX_EBT":-86.436823766734,"OCF_SALES":16.676163228791,"TOTAL_PARENT_EQUITY":2518030763.57,"DEBT_ASSET_RATIO":25.8156905224,"OPERATE_PROFIT":44423210.37,"PRETAX_PROFIT":24355006.55,"NETCASH_OPERATE":248100382.88,"NETCASH_INVEST":-284141147.57,"NETCASH_FINANCE":-1010288.37,"END_CASH":517116682.81,"DIVI_RATIO":0.928376668754,"DIVIDEND_RATE":4.545454545455,"CURRENT_RATIO":3.569703606815,"COMMON_ACS":10000000000,"CURRENTDEBT_DEBT":43.09903492202,"ISSUED_COMMON_SHARES":9303374783,"HK_COMMON_SHARES":9303374783,"PER_SHARES":2000,"TOTAL_MARKET_CAP":1023371226.13,"HKSK_MARKET_CAP":1023371226.13,"PE_TTM":11.526787255637,"PB_TTM":0.347899076559,"REPORT_DATE_SQ":"2021-12-31 00:00:00","REPORT_TYPE_SQ":"2021年年报","OPERATE_INCOME_SQ":1158055998.4,"DPS_HKD":0.005,"OPERATE_INCOME_QOQ_SQ":9.12792074349,"NET_PROFIT_RATIO_SQ":-3.9516834474,"HOLDER_PROFIT_SQ":-45762707.2,"HOLDER_PROFIT_QOQ_SQ":81.897567817995,"ROE_AVG_SQ":-1.988135902366,"PE_TTM_SQ":9.308220157877,"PB_TTM_SQ":0.233948642687,"ROA_SQ":-1.40955202426,"START_DATE":"2022-01-01 00:00:00","FISCAL_YEAR":"12-31","CURRENCY":"HKD","IS_CNY_CODE":0,"DPS_HKD_LY":null,"ORG_TYPE":"一般企业","PREMIUM_INCOME":null,"PREMIUM_INCOME_YOY":null,"NET_INTEREST_INCOME":null,"NET_INTEREST_INCOME_YOY":null,"FEE_COMMISSION_INCOME":null,"FEE_COMMISSION_INCOME_YOY":null,"ACCOUNTS_RECE_TDAYS":15.552914919645,"INVENTORY_TDAYS":2.27950805542,"CURRENT_ASSETS_TDAYS":1.189666742739,"TOTAL_ASSETS_TDAYS":0.440431484102,"PREMIUM_EXPENSE":null,"LOAN_DEPOSIT":null,"LOAN_EQUITY":null,"LOAN_ASSETS":null,"DEPOSIT_EQUITY":null,"DEPOSIT_ASSETS":null,"EQUITY_MULTIPLIER":1.347993945137,"EQUITY_RATIO":0.347993945137},{"SECUCODE":"00232.HK","SECURITY_CODE":"00232","SECURITY_NAME_ABBR":"大陆航空科技控股","ORG_CODE":"10029819","STD_REPORT_DATE":"2022-06-30 00:00:00","REPORT_DATE":"2022-06-30 00:00:00","DATE_TYPE_CODE":"002","REPORT_TYPE":"2022年中报","PER_NETCASH_OPERATE":0.013715213214,"PER_OI":0.078451214461,"BPS":0.260049465659,"BASIC_EPS":0.005387697,"DILUTED_EPS":0.005387697,"OPERATE_INCOME":729861050.31,"OPERATE_INCOME_YOY":17.0201475899,"GROSS_PROFIT":204503295.08,"GROSS_PROFIT_YOY":15.218435798796,"HOLDER_PROFIT":49900336.5,"HOLDER_PROFIT_YOY":115.6398980007,"GROSS_PROFIT_RATIO":28.13161653479,"EPS_TTM":-0.001975371717,"OPERATE_INCOME_QOQ":10.622122681455,"NET_PROFIT_RATIO":6.8369638959,"ROE_AVG":2.078929118137,"GROSS_PROFIT_QOQ":9.769702079594,"ROA":1.538199747429,"HOLDER_PROFIT_QOQ":59.84148547051,"ROE_YEARLY":4.157858236274,"ROIC_YEARLY":3.750655038886,"TOTAL_ASSETS":3269847186.27,"TOTAL_LIABILITIES":850509545.13,"TAX_EBT":-15.259259259259,"OCF_SALES":17.482474055275,"TOTAL_PARENT_EQUITY":2419337641.14,"DEBT_ASSET_RATIO":26.0106817438,"OPERATE_PROFIT":50869266.77,"PRETAX_PROFIT":43293993.75,"NETCASH_OPERATE":127597768.76,"NETCASH_INVEST":-269408795.32,"NETCASH_FINANCE":-1956674.72,"END_CASH":385281053.99,"DIVI_RATIO":-2.293796129992,"DIVIDEND_RATE":4.545454545455,"CURRENT_RATIO":3.369476543305,"COMMON_ACS":10000000000,"CURRENTDEBT_DEBT":41.906152371932,"ISSUED_COMMON_SHARES":9303374783,"HK_COMMON_SHARES":9303374783,"PER_SHARES":2000,"TOTAL_MARKET_CAP":1023371226.13,"HKSK_MARKET_CAP":1023371226.13,"PE_TTM":11.526787255637,"PB_TTM":0.347899076559,"REPORT_DATE_SQ":"2021-06-30 00:00:00","REPORT_TYPE_SQ":"2021年中报","OPERATE_INCOME_SQ":606850921.44,"DPS_HKD":0.005,"OPERATE_INCOME_QOQ_SQ":1.127060520202,"NET_PROFIT_RATIO_SQ":3.7101785504,"HOLDER_PROFIT_SQ":22515252.72,"HOLDER_PROFIT_QOQ_SQ":60.308010428531,"ROE_AVG_SQ":0.945204742546,"PE_TTM_SQ":9.308220157877,"PB_TTM_SQ":0.233948642687,"ROA_SQ":0.662590823415,"START_DATE":"2022-01-01 00:00:00","FISCAL_YEAR":"12-31","CURRENCY":"HKD","IS_CNY_CODE":0,"DPS_HKD_LY":null,"ORG_TYPE":"一般企业","PREMIUM_INCOME":null,"PREMIUM_INCOME_YOY":null,"NET_INTEREST_INCOME":null,"NET_INTEREST_INCOME_YOY":null,"FEE_COMMISSION_INCOME":null,"FEE_COMMISSION_INCOME_YOY":null,"ACCOUNTS_RECE_TDAYS":6.236998169348,"INVENTORY_TDAYS":1.287553017414,"CURRENT_ASSETS_TDAYS":0.633345813007,"TOTAL_ASSETS_TDAYS":0.224982868251,"PREMIUM_EXPENSE":null,"LOAN_DEPOSIT":null,"LOAN_EQUITY":null,"LOAN_ASSETS":null,"DEPOSIT_EQUITY":null,"DEPOSIT_ASSETS":null,"EQUITY_MULTIPLIER":1.351546444228,"EQUITY_RATIO":0.351546444228},{"SECUCODE":"00232.HK","SECURITY_CODE":"00232","SECURITY_NAME_ABBR":"大陆航空科技控股","ORG_CODE":"10029819","STD_REPORT_DATE":"2021-12-31 00:00:00","REPORT_DATE":"2021-12-31 00:00:00","DATE_TYPE_CODE":"001","REPORT_TYPE":"2021年年报","PER_NETCASH_OPERATE":-0.001208906,"PER_OI":0.124476980172,"BPS":0.244704246223,"BASIC_EPS":-0.0049056,"DILUTED_EPS":null,"OPERATE_INCOME":1158055998.4,"OPERATE_INCOME_YOY":13.6027250365,"GROSS_PROFIT":263799457.6,"GROSS_PROFIT_YOY":72.028951176124,"HOLDER_PROFIT":-45762707.2,"HOLDER_PROFIT_YOY":92.6035166729,"GROSS_PROFIT_RATIO":24.598050421877,"EPS_TTM":-0.004918936221,"OPERATE_INCOME_QOQ":9.12792074349,"NET_PROFIT_RATIO":-3.9516834474,"ROE_AVG":-1.988135902366,"GROSS_PROFIT_QOQ":67.164355306684,"ROA":-1.40955202426,"HOLDER_PROFIT_QOQ":81.897567817995,"ROE_YEARLY":-1.988135902366,"ROIC_YEARLY":-1.747862442489,"TOTAL_ASSETS":3076839740.8,"TOTAL_LIABILITIES":800264427.2,"TAX_EBT":-125.78459056071,"OCF_SALES":-0.971188406738,"TOTAL_PARENT_EQUITY":2276575313.6,"DEBT_ASSET_RATIO":26.0092983261,"OPERATE_PROFIT":-4987360,"PRETAX_PROFIT":-20268304,"NETCASH_OPERATE":-11246905.6,"NETCASH_INVEST":-44304108.8,"NETCASH_FINANCE":-193813715.2,"END_CASH":509462094.4,"DIVI_RATIO":-0.92115445214,"DIVIDEND_RATE":4.545454545455,"CURRENT_RATIO":3.302330995771,"COMMON_ACS":10000000000,"CURRENTDEBT_DEBT":39.932999385981,"ISSUED_COMMON_SHARES":9303374783,"HK_COMMON_SHARES":9303374783,"PER_SHARES":2000,"TOTAL_MARKET_CAP":1023371226.13,"HKSK_MARKET_CAP":1023371226.13,"PE_TTM":11.526787255637,"PB_TTM":0.347899076559,"REPORT_DATE_SQ":"2020-12-31 00:00:00","REPORT_TYPE_SQ":"2020年年报","OPERATE_INCOME_SQ":1049364326.76,"DPS_HKD":0.005,"OPERATE_INCOME_QOQ_SQ":-14.588563456903,"NET_PROFIT_RATIO_SQ":-60.6939795911,"HOLDER_PROFIT_SQ":-636900970.32,"HOLDER_PROFIT_QOQ_SQ":-43.670011729198,"ROE_AVG_SQ":-23.57500209507,"PE_TTM_SQ":9.308220157877,"PB_TTM_SQ":0.233948642687,"ROA_SQ":-16.954851432929,"START_DATE":"2021-01-01 00:00:00","FISCAL_YEAR":"12-31","CURRENCY":"HKD","IS_CNY_CODE":0,"DPS_HKD_LY":null,"ORG_TYPE":"一般企业","PREMIUM_INCOME":null,"PREMIUM_INCOME_YOY":null,"NET_INTEREST_INCOME":null,"NET_INTEREST_INCOME_YOY":null,"FEE_COMMISSION_INCOME":null,"FEE_COMMISSION_INCOME_YOY":null,"ACCOUNTS_RECE_TDAYS":11.7842589126,"INVENTORY_TDAYS":2.282417054015,"CURRENT_ASSETS_TDAYS":0.996142118842,"TOTAL_ASSETS_TDAYS":0.356696593499,"PREMIUM_EXPENSE":null,"LOAN_DEPOSIT":null,"LOAN_EQUITY":null,"LOAN_ASSETS":null,"DEPOSIT_EQUITY":null,"DEPOSIT_ASSETS":null,"EQUITY_MULTIPLIER":1.351521174116,"EQUITY_RATIO":0.351521174116},{"SECUCODE":"00232.HK","SECURITY_CODE":"00232","SECURITY_NAME_ABBR":"大陆航空科技控股","ORG_CODE":"10029819","STD_REPORT_DATE":"2021-06-30 00:00:00","REPORT_DATE":"2021-06-30 00:00:00","DATE_TYPE_CODE":"002","REPORT_TYPE":"2021年中报","PER_NETCASH_OPERATE":-0.001398460578,"PER_OI":0.065229116917,"BPS":0.257528536821,"BASIC_EPS":0.002413032,"DILUTED_EPS":null,"OPERATE_INCOME":606850921.44,"OPERATE_INCOME_YOY":11.9599023656,"GROSS_PROFIT":177491816.88,"GROSS_PROFIT_YOY":10.634280816534,"HOLDER_PROFIT":22515252.72,"HOLDER_PROFIT_YOY":106.8356355406,"GROSS_PROFIT_RATIO":29.248009784484,"EPS_TTM":-0.027172791876,"OPERATE_INCOME_QOQ":1.127060520202,"NET_PROFIT_RATIO":3.7101785504,"ROE_AVG":0.945204742546,"GROSS_PROFIT_QOQ":11.125624184954,"ROA":0.662590823415,"HOLDER_PROFIT_QOQ":60.308010428531,"ROE_YEARLY":1.890409485092,"ROIC_YEARLY":1.64848604477,"TOTAL_ASSETS":3319232854.32,"TOTAL_LIABILITIES":923348358.96,"TAX_EBT":-10.874820733456,"OCF_SALES":-2.143920758846,"TOTAL_PARENT_EQUITY":2395884495.36,"DEBT_ASSET_RATIO":27.818125437,"OPERATE_PROFIT":28706760,"PRETAX_PROFIT":20306912.4,"NETCASH_OPERATE":-13010402.88,"NETCASH_INVEST":-12650944.32,"NETCASH_FINANCE":-166128100.32,"END_CASH":572288814.48,"DIVI_RATIO":-0.16675135999,"DIVIDEND_RATE":4.545454545455,"CURRENT_RATIO":3.482818760311,"COMMON_ACS":10000000000,"CURRENTDEBT_DEBT":36.324206735773,"ISSUED_COMMON_SHARES":9303374783,"HK_COMMON_SHARES":9303374783,"PER_SHARES":2000,"TOTAL_MARKET_CAP":1023371226.13,"HKSK_MARKET_CAP":1023371226.13,"PE_TTM":11.526787255637,"PB_TTM":0.347899076559,"REPORT_DATE_SQ":"2020-06-30 00:00:00","REPORT_TYPE_SQ":"2020年中报","OPERATE_INCOME_SQ":595023950.4,"DPS_HKD":0.005,"OPERATE_INCOME_QOQ_SQ":-5.930141554216,"NET_PROFIT_RATIO_SQ":-60.7684868209,"HOLDER_PROFIT_SQ":-361587050.88,"HOLDER_PROFIT_QOQ_SQ":-816.182518739592,"ROE_AVG_SQ":-11.742505087726,"PE_TTM_SQ":9.308220157877,"PB_TTM_SQ":0.233948642687,"ROA_SQ":-8.624790291304,"START_DATE":"2021-01-01 00:00:00","FISCAL_YEAR":"12-31","CURRENCY":"HKD","IS_CNY_CODE":0,"DPS_HKD_LY":null,"ORG_TYPE":"一般企业","PREMIUM_INCOME":null,"PREMIUM_INCOME_YOY":null,"NET_INTEREST_INCOME":null,"NET_INTEREST_INCOME_YOY":null,"FEE_COMMISSION_INCOME":null,"FEE_COMMISSION_INCOME_YOY":null,"ACCOUNTS_RECE_TDAYS":5.978016393443,"INVENTORY_TDAYS":1.084905303349,"CURRENT_ASSETS_TDAYS":0.493298729549,"TOTAL_ASSETS_TDAYS":0.178587314443,"PREMIUM_EXPENSE":null,"LOAN_DEPOSIT":null,"LOAN_EQUITY":null,"LOAN_ASSETS":null,"DEPOSIT_EQUITY":null,"DEPOSIT_ASSETS":null,"EQUITY_MULTIPLIER":1.385389346085,"EQUITY_RATIO":0.385389346084},{"SECUCODE":"00232.HK","SECURITY_CODE":"00232","SECURITY_NAME_ABBR":"大陆航空科技控股","ORG_CODE":"10029819","STD_REPORT_DATE":"2020-12-31 00:00:00","REPORT_DATE":"2020-12-31 00:00:00","DATE_TYPE_CODE":"001","REPORT_TYPE":"2020年年报","PER_NETCASH_OPERATE":-0.000017098092,"PER_OI":0.112793943191,"BPS":0.257479175619,"BASIC_EPS":-0.068425332,"DILUTED_EPS":null,"OPERATE_INCOME":1049364326.76,"OPERATE_INCOME_YOY":-14.4851553803,"GROSS_PROFIT":153345966.36,"GROSS_PROFIT_YOY":-54.534760350872,"HOLDER_PROFIT":-636900970.32,"HOLDER_PROFIT_YOY":-1300.9515699052,"GROSS_PROFIT_RATIO":14.613224639861,"EPS_TTM":-0.06845913286,"OPERATE_INCOME_QOQ":-14.588563456903,"NET_PROFIT_RATIO":-60.6939795911,"ROE_AVG":-23.57500209507,"GROSS_PROFIT_QOQ":-51.122399342467,"ROA":-16.954851432929,"HOLDER_PROFIT_QOQ":-43.670011729198,"ROE_YEARLY":-23.57500209507,"ROIC_YEARLY":-21.553196225204,"TOTAL_ASSETS":3516839871.84,"TOTAL_LIABILITIES":1121414602.24,"TAX_EBT":6.405699231939,"OCF_SALES":-0.015158697122,"TOTAL_PARENT_EQUITY":2395425269.6,"DEBT_ASSET_RATIO":31.8869963691,"OPERATE_PROFIT":-663707204.32,"PRETAX_PROFIT":-680491189.2,"NETCASH_OPERATE":-159069.96,"NETCASH_INVEST":-81806566.36,"NETCASH_FINANCE":14775831.84,"END_CASH":769319558.08,"DIVI_RATIO":-0.066186932418,"DIVIDEND_RATE":4.545454545455,"CURRENT_RATIO":2.53665667595,"COMMON_ACS":10000000000,"CURRENTDEBT_DEBT":45.949238075796,"ISSUED_COMMON_SHARES":9303374783,"HK_COMMON_SHARES":9303374783,"PER_SHARES":2000,"TOTAL_MARKET_CAP":1023371226.13,"HKSK_MARKET_CAP":1023371226.13,"PE_TTM":11.526787255637,"PB_TTM":0.347899076559,"REPORT_DATE_SQ":"2019-12-31 00:00:00","REPORT_TYPE_SQ":"2019年年报","OPERATE_INCOME_SQ":1306049927.34,"DPS_HKD":0.005,"OPERATE_INCOME_QOQ_SQ":-2.180068415171,"NET_PROFIT_RATIO_SQ":-3.7047934744,"HOLDER_PROFIT_SQ":-48386452.48,"HOLDER_PROFIT_QOQ_SQ":-110.117916415013,"ROE_AVG_SQ":-1.501933444573,"PE_TTM_SQ":9.308220157877,"PB_TTM_SQ":0.233948642687,"ROA_SQ":-1.166373396253,"START_DATE":"2020-01-01 00:00:00","FISCAL_YEAR":"12-31","CURRENCY":"HKD","IS_CNY_CODE":0,"DPS_HKD_LY":null,"ORG_TYPE":"一般企业","PREMIUM_INCOME":null,"PREMIUM_INCOME_YOY":null,"NET_INTEREST_INCOME":null,"NET_INTEREST_INCOME_YOY":null,"FEE_COMMISSION_INCOME":null,"FEE_COMMISSION_INCOME_YOY":null,"ACCOUNTS_RECE_TDAYS":11.003181439105,"INVENTORY_TDAYS":2.281772461456,"CURRENT_ASSETS_TDAYS":0.777479812516,"TOTAL_ASSETS_TDAYS":0.279349806145,"PREMIUM_EXPENSE":null,"LOAN_DEPOSIT":null,"LOAN_EQUITY":null,"LOAN_ASSETS":null,"DEPOSIT_EQUITY":null,"DEPOSIT_ASSETS":null,"EQUITY_MULTIPLIER":1.468148439641,"EQUITY_RATIO":0.468148439641},{"SECUCODE":"00232.HK","SECURITY_CODE":"00232","SECURITY_NAME_ABBR":"大陆航空科技控股","ORG_CODE":"10029819","STD_REPORT_DATE":"2020-06-30 00:00:00","REPORT_DATE":"2020-06-30 00:00:00","DATE_TYPE_CODE":"002","REPORT_TYPE":"2020年中报","PER_NETCASH_OPERATE":-0.00348365678,"PER_OI":0.063957860914,"BPS":0.311096412026,"BASIC_EPS":-0.0388212,"DILUTED_EPS":null,"OPERATE_INCOME":595023950.4,"OPERATE_INCOME_YOY":-14.7894426342,"GROSS_PROFIT":160431120.96,"GROSS_PROFIT_YOY":-12.798865658001,"HOLDER_PROFIT":-361587050.88,"HOLDER_PROFIT_YOY":-1144.6021902626,"GROSS_PROFIT_RATIO":26.962128306289,"EPS_TTM":-0.047650259116,"OPERATE_INCOME_QOQ":-5.930141554216,"NET_PROFIT_RATIO":-60.7684868209,"ROE_AVG":-11.742505087726,"GROSS_PROFIT_QOQ":-6.981441319745,"ROA":-8.624790291304,"HOLDER_PROFIT_QOQ":-816.182518739592,"ROE_YEARLY":-23.485010175451,"ROIC_YEARLY":-21.836116594399,"TOTAL_ASSETS":4047862774.56,"TOTAL_LIABILITIES":1153616259.84,"TAX_EBT":2.666843702207,"OCF_SALES":-5.446800018422,"TOTAL_PARENT_EQUITY":2894246514.72,"DEBT_ASSET_RATIO":28.4993915083,"OPERATE_PROFIT":-362735244.96,"PRETAX_PROFIT":-371494221.12,"NETCASH_OPERATE":-32409764.64,"NETCASH_INVEST":-87692066.88,"NETCASH_FINANCE":76411082.88,"END_CASH":856521726.72,"DIVI_RATIO":-0.095090773568,"DIVIDEND_RATE":4.545454545455,"CURRENT_RATIO":2.828196119542,"COMMON_ACS":10000000000,"CURRENTDEBT_DEBT":47.282364268657,"ISSUED_COMMON_SHARES":9303374783,"HK_COMMON_SHARES":9303374783,"PER_SHARES":2000,"TOTAL_MARKET_CAP":1023371226.13,"HKSK_MARKET_CAP":1023371226.13,"PE_TTM":11.526787255637,"PB_TTM":0.347899076559,"REPORT_DATE_SQ":"2019-06-30 00:00:00","REPORT_TYPE_SQ":"2019年中报","OPERATE_INCOME_SQ":672474559.86,"DPS_HKD":0.005,"OPERATE_INCOME_QOQ_SQ":13.613040735847,"NET_PROFIT_RATIO_SQ":4.9570225685,"HOLDER_PROFIT_SQ":33334715.7,"HOLDER_PROFIT_QOQ_SQ":36.801664798261,"ROE_AVG_SQ":1.057311028846,"PE_TTM_SQ":9.308220157877,"PB_TTM_SQ":0.233948642687,"ROA_SQ":0.840029517966,"START_DATE":"2020-01-01 00:00:00","FISCAL_YEAR":"12-31","CURRENCY":"HKD","IS_CNY_CODE":0,"DPS_HKD_LY":null,"ORG_TYPE":"一般企业","PREMIUM_INCOME":null,"PREMIUM_INCOME_YOY":null,"NET_INTEREST_INCOME":null,"NET_INTEREST_INCOME_YOY":null,"FEE_COMMISSION_INCOME":null,"FEE_COMMISSION_INCOME_YOY":null,"ACCOUNTS_RECE_TDAYS":4.653959090942,"INVENTORY_TDAYS":0.949225448426,"CURRENT_ASSETS_TDAYS":0.389701252571,"TOTAL_ASSETS_TDAYS":0.141928666362,"PREMIUM_EXPENSE":null,"LOAN_DEPOSIT":null,"LOAN_EQUITY":null,"LOAN_ASSETS":null,"DEPOSIT_EQUITY":null,"DEPOSIT_ASSETS":null,"EQUITY_MULTIPLIER":1.398589496083,"EQUITY_RATIO":0.398589496082}],"count":49},"success":true,"message":"ok","code":0}