{"version":"780e13b0361451c7d6d0e2ee7a5a07a4","result":{"pages":6,"data":[{"SECUCODE":"00237.HK","SECURITY_CODE":"00237","SECURITY_NAME_ABBR":"安全货仓","ORG_CODE":"10007498","STD_REPORT_DATE":"2024-06-30 00:00:00","REPORT_DATE":"2024-09-30 00:00:00","DATE_TYPE_CODE":"002","REPORT_TYPE":"2024年中报","PER_NETCASH_OPERATE":0.044223336272,"PER_OI":0.207988400272,"BPS":8.598540930296,"BASIC_EPS":0.000450895,"DILUTED_EPS":null,"OPERATE_INCOME":84235302.11,"OPERATE_INCOME_YOY":5.114557076,"GROSS_PROFIT":84235302.11,"GROSS_PROFIT_YOY":3.300084375564,"HOLDER_PROFIT":165929.36,"HOLDER_PROFIT_YOY":100.3556242752,"GROSS_PROFIT_RATIO":null,"EPS_TTM":-0.274536915926,"OPERATE_INCOME_QOQ":0,"NET_PROFIT_RATIO":0.1969831601,"ROE_AVG":0.004753682392,"GROSS_PROFIT_QOQ":0,"ROA":0.00455838649,"HOLDER_PROFIT_QOQ":0,"ROE_YEARLY":0.009507364785,"ROIC_YEARLY":0.011591149905,"TOTAL_ASSETS":3631606625.11,"TOTAL_LIABILITIES":149197548.34,"TAX_EBT":97.496939191947,"OCF_SALES":21.262405121562,"TOTAL_PARENT_EQUITY":3482409076.77,"DEBT_ASSET_RATIO":4.1083069765,"OPERATE_PROFIT":6629058.29,"PRETAX_PROFIT":6629058.29,"NETCASH_OPERATE":17910451.19,"NETCASH_INVEST":-5857126.05,"NETCASH_FINANCE":-16617284.33,"END_CASH":11921663.8,"DIVI_RATIO":-0.24713780211,"DIVIDEND_RATE":3.947368421053,"CURRENT_RATIO":18.814086593495,"COMMON_ACS":null,"CURRENTDEBT_DEBT":35.905370936741,"ISSUED_COMMON_SHARES":405000000,"HK_COMMON_SHARES":405000000,"PER_SHARES":2000,"TOTAL_MARKET_CAP":769500000,"HKSK_MARKET_CAP":769500000,"PE_TTM":-10.880169671262,"PB_TTM":0.199266481824,"REPORT_DATE_SQ":"2023-06-30 00:00:00","REPORT_TYPE_SQ":"2023年中报","OPERATE_INCOME_SQ":81544272.32,"DPS_HKD":0.075,"OPERATE_INCOME_QOQ_SQ":0,"NET_PROFIT_RATIO_SQ":-58.2238026647,"HOLDER_PROFIT_SQ":-47478176.2,"HOLDER_PROFIT_QOQ_SQ":0,"ROE_AVG_SQ":-1.316236170012,"PE_TTM_SQ":-8.078073799687,"PB_TTM_SQ":0.214732708904,"ROA_SQ":-1.26465542295,"START_DATE":"2024-04-01 00:00:00","FISCAL_YEAR":"3-31","CURRENCY":"HKD","IS_CNY_CODE":0,"DPS_HKD_LY":0.075,"ORG_TYPE":"一般企业","PREMIUM_INCOME":null,"PREMIUM_INCOME_YOY":null,"NET_INTEREST_INCOME":null,"NET_INTEREST_INCOME_YOY":null,"FEE_COMMISSION_INCOME":null,"FEE_COMMISSION_INCOME_YOY":null,"ACCOUNTS_RECE_TDAYS":3.767327431487,"INVENTORY_TDAYS":null,"CURRENT_ASSETS_TDAYS":0.08578542119,"TOTAL_ASSETS_TDAYS":0.023140995849,"PREMIUM_EXPENSE":null,"LOAN_DEPOSIT":null,"LOAN_EQUITY":null,"LOAN_ASSETS":null,"DEPOSIT_EQUITY":null,"DEPOSIT_ASSETS":null,"EQUITY_MULTIPLIER":1.042843199937,"EQUITY_RATIO":0.042843199937},{"SECUCODE":"00237.HK","SECURITY_CODE":"00237","SECURITY_NAME_ABBR":"安全货仓","ORG_CODE":"10007498","STD_REPORT_DATE":"2023-12-31 00:00:00","REPORT_DATE":"2024-03-31 00:00:00","DATE_TYPE_CODE":"001","REPORT_TYPE":"2023年年报","PER_NETCASH_OPERATE":0.172967501605,"PER_OI":0.396625697778,"BPS":8.684310274568,"BASIC_EPS":-0.271965,"DILUTED_EPS":null,"OPERATE_INCOME":160633407.6,"OPERATE_INCOME_YOY":20.2500118762,"GROSS_PROFIT":160633407.6,"GROSS_PROFIT_YOY":24.527533688681,"HOLDER_PROFIT":-111187450.95,"HOLDER_PROFIT_YOY":34.8613036343,"GROSS_PROFIT_RATIO":null,"EPS_TTM":-0.223309595877,"OPERATE_INCOME_QOQ":0,"NET_PROFIT_RATIO":-69.218136259,"ROE_AVG":-3.152615734907,"GROSS_PROFIT_QOQ":0,"ROA":-3.027452043251,"HOLDER_PROFIT_QOQ":0,"ROE_YEARLY":-3.152615734907,"ROIC_YEARLY":-3.826909335988,"TOTAL_ASSETS":3667831495.65,"TOTAL_LIABILITIES":150685834.45,"TAX_EBT":-11.732713856245,"OCF_SALES":43.609756648156,"TOTAL_PARENT_EQUITY":3517145661.2,"DEBT_ASSET_RATIO":4.1083085368,"OPERATE_PROFIT":-99511993.5,"PRETAX_PROFIT":-99511993.5,"NETCASH_OPERATE":70051838.15,"NETCASH_INVEST":-123354258.5,"NETCASH_FINANCE":-20150793.4,"END_CASH":16572640.55,"DIVI_RATIO":-0.303831323207,"DIVIDEND_RATE":4.032258064516,"CURRENT_RATIO":17.124414434788,"COMMON_ACS":null,"CURRENTDEBT_DEBT":37.24363640739,"ISSUED_COMMON_SHARES":405000000,"HK_COMMON_SHARES":405000000,"PER_SHARES":2000,"TOTAL_MARKET_CAP":753300000,"HKSK_MARKET_CAP":753300000,"PE_TTM":-10.651113467656,"PB_TTM":0.195071397996,"REPORT_DATE_SQ":"2022-12-31 00:00:00","REPORT_TYPE_SQ":"2022年年报","OPERATE_INCOME_SQ":128994289.73,"DPS_HKD":0.075,"OPERATE_INCOME_QOQ_SQ":0,"NET_PROFIT_RATIO_SQ":-127.7809070735,"HOLDER_PROFIT_SQ":-164830073.49,"HOLDER_PROFIT_QOQ_SQ":0,"ROE_AVG_SQ":-4.749250524233,"PE_TTM_SQ":-7.50106852828,"PB_TTM_SQ":0.199394658268,"ROA_SQ":-4.574288180471,"START_DATE":"2023-04-01 00:00:00","FISCAL_YEAR":"3-31","CURRENCY":"HKD","IS_CNY_CODE":0,"DPS_HKD_LY":0.055,"ORG_TYPE":"一般企业","PREMIUM_INCOME":null,"PREMIUM_INCOME_YOY":null,"NET_INTEREST_INCOME":null,"NET_INTEREST_INCOME_YOY":null,"FEE_COMMISSION_INCOME":null,"FEE_COMMISSION_INCOME_YOY":null,"ACCOUNTS_RECE_TDAYS":9.212675800036,"INVENTORY_TDAYS":null,"CURRENT_ASSETS_TDAYS":0.173658143607,"TOTAL_ASSETS_TDAYS":0.043737843965,"PREMIUM_EXPENSE":null,"LOAN_DEPOSIT":null,"LOAN_EQUITY":null,"LOAN_ASSETS":null,"DEPOSIT_EQUITY":null,"DEPOSIT_ASSETS":null,"EQUITY_MULTIPLIER":1.042843216906,"EQUITY_RATIO":0.042843216905},{"SECUCODE":"00237.HK","SECURITY_CODE":"00237","SECURITY_NAME_ABBR":"安全货仓","ORG_CODE":"10007498","STD_REPORT_DATE":"2023-06-30 00:00:00","REPORT_DATE":"2023-09-30 00:00:00","DATE_TYPE_CODE":"002","REPORT_TYPE":"2023年中报","PER_NETCASH_OPERATE":0.14357624158,"PER_OI":0.201343882272,"BPS":8.974054348,"BASIC_EPS":-0.117273114,"DILUTED_EPS":null,"OPERATE_INCOME":81544272.32,"OPERATE_INCOME_YOY":30.2170185953,"GROSS_PROFIT":81544272.32,"GROSS_PROFIT_YOY":32.116052776987,"HOLDER_PROFIT":-47478176.2,"HOLDER_PROFIT_YOY":61.6012586831,"GROSS_PROFIT_RATIO":null,"EPS_TTM":-0.406987835778,"OPERATE_INCOME_QOQ":0,"NET_PROFIT_RATIO":-58.2238026647,"ROE_AVG":-1.316236170012,"GROSS_PROFIT_QOQ":0,"ROA":-1.26465542295,"HOLDER_PROFIT_QOQ":0,"ROE_YEARLY":-2.632472340024,"ROIC_YEARLY":-3.191628483094,"TOTAL_ASSETS":3786078981.16,"TOTAL_LIABILITIES":151586970.22,"TAX_EBT":-16.539405815708,"OCF_SALES":71.308966510623,"TOTAL_PARENT_EQUITY":3634492010.94,"DEBT_ASSET_RATIO":4.0037984145,"OPERATE_PROFIT":-40740019.11,"PRETAX_PROFIT":-40740019.11,"NETCASH_OPERATE":58148377.84,"NETCASH_INVEST":-119638764.14,"NETCASH_FINANCE":-11066617.8,"END_CASH":18569160.68,"DIVI_RATIO":-0.166708790867,"DIVIDEND_RATE":4.032258064516,"CURRENT_RATIO":16.927825654624,"COMMON_ACS":null,"CURRENTDEBT_DEBT":36.526750366236,"ISSUED_COMMON_SHARES":405000000,"HK_COMMON_SHARES":405000000,"PER_SHARES":2000,"TOTAL_MARKET_CAP":753300000,"HKSK_MARKET_CAP":753300000,"PE_TTM":-10.651113467656,"PB_TTM":0.195071397996,"REPORT_DATE_SQ":"2022-06-30 00:00:00","REPORT_TYPE_SQ":"2022年中报","OPERATE_INCOME_SQ":61721698.92,"DPS_HKD":0.075,"OPERATE_INCOME_QOQ_SQ":0,"NET_PROFIT_RATIO_SQ":-197.4473572381,"HOLDER_PROFIT_SQ":-121867863.36,"HOLDER_PROFIT_QOQ_SQ":0,"ROE_AVG_SQ":-3.412437883267,"PE_TTM_SQ":-7.50106852828,"PB_TTM_SQ":0.199394658268,"ROA_SQ":-3.28660696199,"START_DATE":"2023-04-01 00:00:00","FISCAL_YEAR":"3-31","CURRENCY":"HKD","IS_CNY_CODE":0,"DPS_HKD_LY":0.055,"ORG_TYPE":"一般企业","PREMIUM_INCOME":null,"PREMIUM_INCOME_YOY":null,"NET_INTEREST_INCOME":null,"NET_INTEREST_INCOME_YOY":null,"FEE_COMMISSION_INCOME":null,"FEE_COMMISSION_INCOME_YOY":null,"ACCOUNTS_RECE_TDAYS":4.294191553107,"INVENTORY_TDAYS":null,"CURRENT_ASSETS_TDAYS":0.088774337919,"TOTAL_ASSETS_TDAYS":0.021720591323,"PREMIUM_EXPENSE":null,"LOAN_DEPOSIT":null,"LOAN_EQUITY":null,"LOAN_ASSETS":null,"DEPOSIT_EQUITY":null,"DEPOSIT_ASSETS":null,"EQUITY_MULTIPLIER":1.041707883733,"EQUITY_RATIO":0.041707883733},{"SECUCODE":"00237.HK","SECURITY_CODE":"00237","SECURITY_NAME_ABBR":"安全货仓","ORG_CODE":"10007498","STD_REPORT_DATE":"2022-12-31 00:00:00","REPORT_DATE":"2023-03-31 00:00:00","DATE_TYPE_CODE":"001","REPORT_TYPE":"2022年年报","PER_NETCASH_OPERATE":0.552483139284,"PER_OI":0.318504419086,"BPS":8.432193370198,"BASIC_EPS":-0.4026886,"DILUTED_EPS":null,"OPERATE_INCOME":128994289.73,"OPERATE_INCOME_YOY":19.9454619455,"GROSS_PROFIT":128994289.73,"GROSS_PROFIT_YOY":29.469990310449,"HOLDER_PROFIT":-164830073.49,"HOLDER_PROFIT_YOY":-122.7270576545,"GROSS_PROFIT_RATIO":null,"EPS_TTM":-0.314931256198,"OPERATE_INCOME_QOQ":0,"NET_PROFIT_RATIO":-127.7809070735,"ROE_AVG":-4.749250524233,"GROSS_PROFIT_QOQ":0,"ROA":-4.574288180471,"HOLDER_PROFIT_QOQ":0,"ROE_YEARLY":-4.749250524233,"ROIC_YEARLY":-5.545675710701,"TOTAL_ASSETS":3551130428.94,"TOTAL_LIABILITIES":136092114.01,"TAX_EBT":-7.413872773014,"OCF_SALES":173.461687240843,"TOTAL_PARENT_EQUITY":3415038314.93,"DEBT_ASSET_RATIO":3.8323603352,"OPERATE_PROFIT":-153453245.13,"PRETAX_PROFIT":-153453245.13,"NETCASH_OPERATE":223755671.41,"NETCASH_INVEST":-230425420.2,"NETCASH_FINANCE":-28224969.22,"END_CASH":86933465.46,"DIVI_RATIO":-0.215438920923,"DIVIDEND_RATE":4.032258064516,"CURRENT_RATIO":20.23764807859,"COMMON_ACS":null,"CURRENTDEBT_DEBT":31.167945658397,"ISSUED_COMMON_SHARES":405000000,"HK_COMMON_SHARES":405000000,"PER_SHARES":2000,"TOTAL_MARKET_CAP":753300000,"HKSK_MARKET_CAP":753300000,"PE_TTM":-10.651113467656,"PB_TTM":0.195071397996,"REPORT_DATE_SQ":"2021-12-31 00:00:00","REPORT_TYPE_SQ":"2021年年报","OPERATE_INCOME_SQ":99632578.5,"DPS_HKD":0.075,"OPERATE_INCOME_QOQ_SQ":0,"NET_PROFIT_RATIO_SQ":-68.814000814,"HOLDER_PROFIT_SQ":-68561163.38,"HOLDER_PROFIT_QOQ_SQ":0,"ROE_AVG_SQ":-2.024520410326,"PE_TTM_SQ":-7.50106852828,"PB_TTM_SQ":0.199394658268,"ROA_SQ":-1.956254667157,"START_DATE":"2022-04-01 00:00:00","FISCAL_YEAR":"3-31","CURRENCY":"HKD","IS_CNY_CODE":0,"DPS_HKD_LY":0.08,"ORG_TYPE":"一般企业","PREMIUM_INCOME":null,"PREMIUM_INCOME_YOY":null,"NET_INTEREST_INCOME":null,"NET_INTEREST_INCOME_YOY":null,"FEE_COMMISSION_INCOME":null,"FEE_COMMISSION_INCOME_YOY":null,"ACCOUNTS_RECE_TDAYS":7.598257103078,"INVENTORY_TDAYS":null,"CURRENT_ASSETS_TDAYS":0.151327542233,"TOTAL_ASSETS_TDAYS":0.035797900369,"PREMIUM_EXPENSE":null,"LOAN_DEPOSIT":null,"LOAN_EQUITY":null,"LOAN_ASSETS":null,"DEPOSIT_EQUITY":null,"DEPOSIT_ASSETS":null,"EQUITY_MULTIPLIER":1.039850830784,"EQUITY_RATIO":0.039850830784},{"SECUCODE":"00237.HK","SECURITY_CODE":"00237","SECURITY_NAME_ABBR":"安全货仓","ORG_CODE":"10007498","STD_REPORT_DATE":"2022-06-30 00:00:00","REPORT_DATE":"2022-09-30 00:00:00","DATE_TYPE_CODE":"002","REPORT_TYPE":"2022年中报","PER_NETCASH_OPERATE":0.37383966637,"PER_OI":0.152399256593,"BPS":8.640398934519,"BASIC_EPS":-0.2984652,"DILUTED_EPS":null,"OPERATE_INCOME":61721698.92,"OPERATE_INCOME_YOY":13.6379531414,"GROSS_PROFIT":61721698.92,"GROSS_PROFIT_YOY":23.374919380597,"HOLDER_PROFIT":-121867863.36,"HOLDER_PROFIT_YOY":-78.509068267,"GROSS_PROFIT_RATIO":null,"EPS_TTM":-0.16928682316,"OPERATE_INCOME_QOQ":0,"NET_PROFIT_RATIO":-197.4473572381,"ROE_AVG":-3.412437883267,"GROSS_PROFIT_QOQ":0,"ROA":-3.28660696199,"HOLDER_PROFIT_QOQ":0,"ROE_YEARLY":-6.824875766535,"ROIC_YEARLY":-7.890996908612,"TOTAL_ASSETS":3639123777.24,"TOTAL_LIABILITIES":139762208.76,"TAX_EBT":-4.98987065607,"OCF_SALES":245.302814940727,"TOTAL_PARENT_EQUITY":3499361568.48,"DEBT_ASSET_RATIO":3.840545618,"OPERATE_PROFIT":-116075829.6,"PRETAX_PROFIT":-116075829.6,"NETCASH_OPERATE":151405064.88,"NETCASH_INVEST":-240664248.48,"NETCASH_FINANCE":-21844939.32,"END_CASH":14764078.56,"DIVI_RATIO":-0.400789906345,"DIVIDEND_RATE":4.032258064516,"CURRENT_RATIO":18.051989816428,"COMMON_ACS":null,"CURRENTDEBT_DEBT":33.806599408525,"ISSUED_COMMON_SHARES":405000000,"HK_COMMON_SHARES":405000000,"PER_SHARES":2000,"TOTAL_MARKET_CAP":753300000,"HKSK_MARKET_CAP":753300000,"PE_TTM":-10.651113467656,"PB_TTM":0.195071397996,"REPORT_DATE_SQ":"2021-06-30 00:00:00","REPORT_TYPE_SQ":"2021年中报","OPERATE_INCOME_SQ":50027752.18,"DPS_HKD":0.075,"OPERATE_INCOME_QOQ_SQ":0,"NET_PROFIT_RATIO_SQ":-125.6939703262,"HOLDER_PROFIT_SQ":-62881867.98,"HOLDER_PROFIT_QOQ_SQ":0,"ROE_AVG_SQ":-1.802220812221,"PE_TTM_SQ":-7.50106852828,"PB_TTM_SQ":0.199394658268,"ROA_SQ":-1.740654615088,"START_DATE":"2022-04-01 00:00:00","FISCAL_YEAR":"3-31","CURRENCY":"HKD","IS_CNY_CODE":0,"DPS_HKD_LY":0.08,"ORG_TYPE":"一般企业","PREMIUM_INCOME":null,"PREMIUM_INCOME_YOY":null,"NET_INTEREST_INCOME":null,"NET_INTEREST_INCOME_YOY":null,"FEE_COMMISSION_INCOME":null,"FEE_COMMISSION_INCOME_YOY":null,"ACCOUNTS_RECE_TDAYS":3.646628192797,"INVENTORY_TDAYS":null,"CURRENT_ASSETS_TDAYS":0.071461257742,"TOTAL_ASSETS_TDAYS":0.01664548469,"PREMIUM_EXPENSE":null,"LOAN_DEPOSIT":null,"LOAN_EQUITY":null,"LOAN_ASSETS":null,"DEPOSIT_EQUITY":null,"DEPOSIT_ASSETS":null,"EQUITY_MULTIPLIER":1.039939344942,"EQUITY_RATIO":0.039939344942},{"SECUCODE":"00237.HK","SECURITY_CODE":"00237","SECURITY_NAME_ABBR":"安全货仓","ORG_CODE":"10007498","STD_REPORT_DATE":"2021-12-31 00:00:00","REPORT_DATE":"2022-03-31 00:00:00","DATE_TYPE_CODE":"001","REPORT_TYPE":"2021年年报","PER_NETCASH_OPERATE":0.431607507037,"PER_OI":0.246006366667,"BPS":8.066317474963,"BASIC_EPS":-0.1703121,"DILUTED_EPS":null,"OPERATE_INCOME":99632578.5,"OPERATE_INCOME_YOY":11.9015521387,"GROSS_PROFIT":99632578.5,"GROSS_PROFIT_YOY":7.377455453328,"HOLDER_PROFIT":-68561163.38,"HOLDER_PROFIT_YOY":42.7175584933,"GROSS_PROFIT_RATIO":null,"EPS_TTM":-0.24745561116,"OPERATE_INCOME_QOQ":0,"NET_PROFIT_RATIO":-68.814000814,"ROE_AVG":-2.024520410326,"GROSS_PROFIT_QOQ":0,"ROA":-1.956254667157,"HOLDER_PROFIT_QOQ":0,"ROE_YEARLY":-2.024520410326,"ROIC_YEARLY":-2.282380692233,"TOTAL_ASSETS":3386745319.6,"TOTAL_LIABILITIES":119886742.24,"TAX_EBT":-16.581625617122,"OCF_SALES":175.445665445665,"TOTAL_PARENT_EQUITY":3266858577.36,"DEBT_ASSET_RATIO":3.5398806502,"OPERATE_PROFIT":-58809579.14,"PRETAX_PROFIT":-58809579.14,"NETCASH_OPERATE":174801040.35,"NETCASH_INVEST":-92696009.97,"NETCASH_FINANCE":-170348595.45,"END_CASH":112865828.67,"DIVI_RATIO":-0.274184326158,"DIVIDEND_RATE":4.032258064516,"CURRENT_RATIO":18.550603403619,"COMMON_ACS":null,"CURRENTDEBT_DEBT":35.258821301007,"ISSUED_COMMON_SHARES":405000000,"HK_COMMON_SHARES":405000000,"PER_SHARES":2000,"TOTAL_MARKET_CAP":753300000,"HKSK_MARKET_CAP":753300000,"PE_TTM":-10.651113467656,"PB_TTM":0.195071397996,"REPORT_DATE_SQ":"2020-12-31 00:00:00","REPORT_TYPE_SQ":"2020年年报","OPERATE_INCOME_SQ":92787241.12,"DPS_HKD":0.075,"OPERATE_INCOME_QOQ_SQ":0,"NET_PROFIT_RATIO_SQ":-134.4285141733,"HOLDER_PROFIT_SQ":-124732509.58,"HOLDER_PROFIT_QOQ_SQ":0,"ROE_AVG_SQ":-3.3379062052,"PE_TTM_SQ":-7.50106852828,"PB_TTM_SQ":0.199394658268,"ROA_SQ":-3.234605972737,"START_DATE":"2021-04-01 00:00:00","FISCAL_YEAR":"3-31","CURRENCY":"HKD","IS_CNY_CODE":0,"DPS_HKD_LY":0.47,"ORG_TYPE":"一般企业","PREMIUM_INCOME":null,"PREMIUM_INCOME_YOY":null,"NET_INTEREST_INCOME":null,"NET_INTEREST_INCOME_YOY":null,"FEE_COMMISSION_INCOME":null,"FEE_COMMISSION_INCOME_YOY":null,"ACCOUNTS_RECE_TDAYS":6.011744555909,"INVENTORY_TDAYS":null,"CURRENT_ASSETS_TDAYS":0.118158913881,"TOTAL_ASSETS_TDAYS":0.028428148982,"PREMIUM_EXPENSE":null,"LOAN_DEPOSIT":null,"LOAN_EQUITY":null,"LOAN_ASSETS":null,"DEPOSIT_EQUITY":null,"DEPOSIT_ASSETS":null,"EQUITY_MULTIPLIER":1.036697867202,"EQUITY_RATIO":0.036697867202},{"SECUCODE":"00237.HK","SECURITY_CODE":"00237","SECURITY_NAME_ABBR":"安全货仓","ORG_CODE":"10007498","STD_REPORT_DATE":"2021-06-30 00:00:00","REPORT_DATE":"2021-09-30 00:00:00","DATE_TYPE_CODE":"002","REPORT_TYPE":"2021年中报","PER_NETCASH_OPERATE":0.284172193037,"PER_OI":0.123525314025,"BPS":8.337575077679,"BASIC_EPS":-0.1582814,"DILUTED_EPS":null,"OPERATE_INCOME":50027752.18,"OPERATE_INCOME_YOY":6.791265071,"GROSS_PROFIT":50027752.18,"GROSS_PROFIT_YOY":1.242183266579,"HOLDER_PROFIT":-62881867.98,"HOLDER_PROFIT_YOY":24.1048895503,"GROSS_PROFIT_RATIO":null,"EPS_TTM":-0.307981505136,"OPERATE_INCOME_QOQ":0,"NET_PROFIT_RATIO":-125.6939703262,"ROE_AVG":-1.802220812221,"GROSS_PROFIT_QOQ":0,"ROA":-1.740654615088,"HOLDER_PROFIT_QOQ":0,"ROE_YEARLY":-3.604441624441,"ROIC_YEARLY":-4.028313413596,"TOTAL_ASSETS":3503902009.72,"TOTAL_LIABILITIES":127184103.26,"TAX_EBT":-9.155194354466,"OCF_SALES":230.051787587631,"TOTAL_PARENT_EQUITY":3376717906.46,"DEBT_ASSET_RATIO":3.6297848201,"OPERATE_PROFIT":-57607765.12,"PRETAX_PROFIT":-57607765.12,"NETCASH_OPERATE":115089738.18,"NETCASH_INVEST":59251392.5,"NETCASH_FINANCE":-158945348.82,"END_CASH":221973002.3,"DIVI_RATIO":-0.220300403981,"DIVIDEND_RATE":4.010695187166,"CURRENT_RATIO":15.607738153715,"COMMON_ACS":null,"CURRENTDEBT_DEBT":40.003668018157,"ISSUED_COMMON_SHARES":405000000,"HK_COMMON_SHARES":405000000,"PER_SHARES":2000,"TOTAL_MARKET_CAP":757350000,"HKSK_MARKET_CAP":757350000,"PE_TTM":-10.708377518558,"PB_TTM":0.196120168953,"REPORT_DATE_SQ":"2020-06-30 00:00:00","REPORT_TYPE_SQ":"2020年中报","OPERATE_INCOME_SQ":49413940.48,"DPS_HKD":0.075,"OPERATE_INCOME_QOQ_SQ":0,"NET_PROFIT_RATIO_SQ":-176.8627520717,"HOLDER_PROFIT_SQ":-87394855.04,"HOLDER_PROFIT_QOQ_SQ":0,"ROE_AVG_SQ":-2.228153340376,"PE_TTM_SQ":-4.366426079059,"PB_TTM_SQ":0.207574951941,"ROA_SQ":-2.160383441615,"START_DATE":"2021-04-01 00:00:00","FISCAL_YEAR":"3-31","CURRENCY":"HKD","IS_CNY_CODE":0,"DPS_HKD_LY":0.47,"ORG_TYPE":"一般企业","PREMIUM_INCOME":null,"PREMIUM_INCOME_YOY":null,"NET_INTEREST_INCOME":null,"NET_INTEREST_INCOME_YOY":null,"FEE_COMMISSION_INCOME":null,"FEE_COMMISSION_INCOME_YOY":null,"ACCOUNTS_RECE_TDAYS":3.356979149198,"INVENTORY_TDAYS":null,"CURRENT_ASSETS_TDAYS":0.05814148248,"TOTAL_ASSETS_TDAYS":0.013848354146,"PREMIUM_EXPENSE":null,"LOAN_DEPOSIT":null,"LOAN_EQUITY":null,"LOAN_ASSETS":null,"DEPOSIT_EQUITY":null,"DEPOSIT_ASSETS":null,"EQUITY_MULTIPLIER":1.037665006904,"EQUITY_RATIO":0.037665006904},{"SECUCODE":"00237.HK","SECURITY_CODE":"00237","SECURITY_NAME_ABBR":"安全货仓","ORG_CODE":"10007498","STD_REPORT_DATE":"2020-12-31 00:00:00","REPORT_DATE":"2021-03-31 00:00:00","DATE_TYPE_CODE":"001","REPORT_TYPE":"2020年年报","PER_NETCASH_OPERATE":-0.268948797185,"PER_OI":0.229104299062,"BPS":9.022085726716,"BASIC_EPS":-0.3042648,"DILUTED_EPS":null,"OPERATE_INCOME":92787241.12,"OPERATE_INCOME_YOY":-20.2220736564,"GROSS_PROFIT":92787241.12,"GROSS_PROFIT_YOY":-26.204763284326,"HOLDER_PROFIT":-124732509.58,"HOLDER_PROFIT_YOY":49.5496142236,"GROSS_PROFIT_RATIO":null,"EPS_TTM":-0.802114381086,"OPERATE_INCOME_QOQ":0,"NET_PROFIT_RATIO":-134.4285141733,"ROE_AVG":-3.3379062052,"GROSS_PROFIT_QOQ":0,"ROA":-3.234605972737,"HOLDER_PROFIT_QOQ":0,"ROE_YEARLY":-3.3379062052,"ROIC_YEARLY":-3.829858681819,"TOTAL_ASSETS":3775319328.76,"TOTAL_LIABILITIES":121374609.44,"TAX_EBT":-8.52741111152,"OCF_SALES":-117.391423158202,"TOTAL_PARENT_EQUITY":3653944719.32,"DEBT_ASSET_RATIO":3.2149494883,"OPERATE_PROFIT":-114931802.3,"PRETAX_PROFIT":-114931802.3,"NETCASH_OPERATE":-108924262.86,"NETCASH_INVEST":222681264.96,"NETCASH_FINANCE":-40984468.56,"END_CASH":209582665.32,"DIVI_RATIO":-0.084587001056,"DIVIDEND_RATE":4.032258064516,"CURRENT_RATIO":21.054238186257,"COMMON_ACS":null,"CURRENTDEBT_DEBT":36.795303882792,"ISSUED_COMMON_SHARES":405000000,"HK_COMMON_SHARES":405000000,"PER_SHARES":2000,"TOTAL_MARKET_CAP":753300000,"HKSK_MARKET_CAP":753300000,"PE_TTM":-10.651113467656,"PB_TTM":0.195071397996,"REPORT_DATE_SQ":"2019-12-31 00:00:00","REPORT_TYPE_SQ":"2019年年报","OPERATE_INCOME_SQ":125736084.4,"DPS_HKD":0.075,"OPERATE_INCOME_QOQ_SQ":0,"NET_PROFIT_RATIO_SQ":-212.5737581025,"HOLDER_PROFIT_SQ":-267281919.9,"HOLDER_PROFIT_QOQ_SQ":0,"ROE_AVG_SQ":-6.219635565122,"PE_TTM_SQ":-7.50106852828,"PB_TTM_SQ":0.199394658268,"ROA_SQ":-6.043717768522,"START_DATE":"2020-04-01 00:00:00","FISCAL_YEAR":"3-31","CURRENCY":"HKD","IS_CNY_CODE":0,"DPS_HKD_LY":0.12,"ORG_TYPE":"一般企业","PREMIUM_INCOME":null,"PREMIUM_INCOME_YOY":null,"NET_INTEREST_INCOME":null,"NET_INTEREST_INCOME_YOY":null,"FEE_COMMISSION_INCOME":null,"FEE_COMMISSION_INCOME_YOY":null,"ACCOUNTS_RECE_TDAYS":4.470942781511,"INVENTORY_TDAYS":null,"CURRENT_ASSETS_TDAYS":0.100474256355,"TOTAL_ASSETS_TDAYS":0.024061903776,"PREMIUM_EXPENSE":null,"LOAN_DEPOSIT":null,"LOAN_EQUITY":null,"LOAN_ASSETS":null,"DEPOSIT_EQUITY":null,"DEPOSIT_ASSETS":null,"EQUITY_MULTIPLIER":1.033217418096,"EQUITY_RATIO":0.033217418096},{"SECUCODE":"00237.HK","SECURITY_CODE":"00237","SECURITY_NAME_ABBR":"安全货仓","ORG_CODE":"10007498","STD_REPORT_DATE":"2020-06-30 00:00:00","REPORT_DATE":"2020-09-30 00:00:00","DATE_TYPE_CODE":"002","REPORT_TYPE":"2020年中报","PER_NETCASH_OPERATE":-0.443096187259,"PER_OI":0.12200972958,"BPS":9.56361529521,"BASIC_EPS":-0.21968,"DILUTED_EPS":null,"OPERATE_INCOME":49413940.48,"OPERATE_INCOME_YOY":-22.4978637779,"GROSS_PROFIT":49413940.48,"GROSS_PROFIT_YOY":-24.498977682015,"HOLDER_PROFIT":-87394855.04,"HOLDER_PROFIT_YOY":-200.8378705384,"GROSS_PROFIT_RATIO":null,"EPS_TTM":-1.979866073333,"OPERATE_INCOME_QOQ":0,"NET_PROFIT_RATIO":-176.8627520717,"ROE_AVG":-2.228153340376,"GROSS_PROFIT_QOQ":0,"ROA":-2.160383441615,"HOLDER_PROFIT_QOQ":0,"ROE_YEARLY":-4.456306680752,"ROIC_YEARLY":-5.091136185346,"TOTAL_ASSETS":3997384273.28,"TOTAL_LIABILITIES":124120078.72,"TAX_EBT":-6.433731071753,"OCF_SALES":-363.16463349575,"TOTAL_PARENT_EQUITY":3873264194.56,"DEBT_ASSET_RATIO":3.1050324471,"OPERATE_PROFIT":-82111990.4,"PRETAX_PROFIT":-82111990.4,"NETCASH_OPERATE":-179453955.84,"NETCASH_INVEST":209963114.24,"NETCASH_FINANCE":-10676448,"END_CASH":162071995.52,"DIVI_RATIO":-0.0342692119,"DIVIDEND_RATE":4.010695187166,"CURRENT_RATIO":22.051081695726,"COMMON_ACS":null,"CURRENTDEBT_DEBT":36.422397009579,"ISSUED_COMMON_SHARES":405000000,"HK_COMMON_SHARES":405000000,"PER_SHARES":2000,"TOTAL_MARKET_CAP":757350000,"HKSK_MARKET_CAP":757350000,"PE_TTM":-10.708377518558,"PB_TTM":0.196120168953,"REPORT_DATE_SQ":"2019-06-30 00:00:00","REPORT_TYPE_SQ":"2019年中报","OPERATE_INCOME_SQ":65448041.58,"DPS_HKD":0.075,"OPERATE_INCOME_QOQ_SQ":0,"NET_PROFIT_RATIO_SQ":-45.5635491607,"HOLDER_PROFIT_SQ":-29820450.6,"HOLDER_PROFIT_QOQ_SQ":0,"ROE_AVG_SQ":-0.68328154124,"PE_TTM_SQ":-4.366426079059,"PB_TTM_SQ":0.207574951941,"ROA_SQ":-0.664215204923,"START_DATE":"2020-04-01 00:00:00","FISCAL_YEAR":"3-31","CURRENCY":"HKD","IS_CNY_CODE":0,"DPS_HKD_LY":0.12,"ORG_TYPE":"一般企业","PREMIUM_INCOME":null,"PREMIUM_INCOME_YOY":null,"NET_INTEREST_INCOME":null,"NET_INTEREST_INCOME_YOY":null,"FEE_COMMISSION_INCOME":null,"FEE_COMMISSION_INCOME_YOY":null,"ACCOUNTS_RECE_TDAYS":1.899508520664,"INVENTORY_TDAYS":null,"CURRENT_ASSETS_TDAYS":0.050953878829,"TOTAL_ASSETS_TDAYS":0.012215027847,"PREMIUM_EXPENSE":null,"LOAN_DEPOSIT":null,"LOAN_EQUITY":null,"LOAN_ASSETS":null,"DEPOSIT_EQUITY":null,"DEPOSIT_ASSETS":null,"EQUITY_MULTIPLIER":1.032045342762,"EQUITY_RATIO":0.032045342761}],"count":48},"success":true,"message":"ok","code":0}