{"version":"e3b61e803a2e7c775c98c8f0cec18a80","result":{"pages":6,"data":[{"SECUCODE":"00239.HK","SECURITY_CODE":"00239","SECURITY_NAME_ABBR":"白花油","ORG_CODE":"10007500","STD_REPORT_DATE":"2024-06-30 00:00:00","REPORT_DATE":"2024-06-30 00:00:00","DATE_TYPE_CODE":"002","REPORT_TYPE":"2024年中报","PER_NETCASH_OPERATE":0.258250016301,"PER_OI":0.387950501348,"BPS":2.200606080092,"BASIC_EPS":0.13872736,"DILUTED_EPS":0.13872736,"OPERATE_INCOME":120900894.24,"OPERATE_INCOME_YOY":4.7890265319,"GROSS_PROFIT":104584001.2,"GROSS_PROFIT_YOY":10.573593334201,"HOLDER_PROFIT":43267420.76,"HOLDER_PROFIT_YOY":-15.3340596146,"GROSS_PROFIT_RATIO":86.503910378356,"EPS_TTM":0.278627381594,"OPERATE_INCOME_QOQ":1.852091727429,"NET_PROFIT_RATIO":35.787510946,"ROE_AVG":6.251776185173,"GROSS_PROFIT_QOQ":5.04241260706,"ROA":5.145853640534,"HOLDER_PROFIT_QOQ":-8.779432831855,"ROE_YEARLY":12.503552370346,"ROIC_YEARLY":15.48314823252,"TOTAL_ASSETS":853416949.56,"TOTAL_LIABILITIES":167620070.76,"TAX_EBT":21.567427162782,"OCF_SALES":66.567774858834,"TOTAL_PARENT_EQUITY":685796878.8,"DEBT_ASSET_RATIO":19.6410524593,"OPERATE_PROFIT":55566696.44,"PRETAX_PROFIT":55165117.24,"NETCASH_OPERATE":80481035.08,"NETCASH_INVEST":-10228404.76,"NETCASH_FINANCE":-805896.44,"END_CASH":309114676.52,"DIVI_RATIO":0.479616322112,"DIVIDEND_RATE":5.927419354839,"CURRENT_RATIO":4.351110518538,"COMMON_ACS":600000000,"CURRENTDEBT_DEBT":49.00602754047,"ISSUED_COMMON_SHARES":311640000,"HK_COMMON_SHARES":311640000,"PER_SHARES":2500,"TOTAL_MARKET_CAP":772867200,"HKSK_MARKET_CAP":772867200,"PE_TTM":8.012889179186,"PB_TTM":1.02855591488,"REPORT_DATE_SQ":"2023-06-30 00:00:00","REPORT_TYPE_SQ":"2023年中报","OPERATE_INCOME_SQ":116551179.72,"DPS_HKD":0.147,"OPERATE_INCOME_QOQ_SQ":52.086191364678,"NET_PROFIT_RATIO_SQ":44.2933535843,"HOLDER_PROFIT_SQ":51624426.14,"HOLDER_PROFIT_QOQ_SQ":199.985143716149,"ROE_AVG_SQ":7.643271237641,"PE_TTM_SQ":6.469300663604,"PB_TTM_SQ":0.752442762091,"ROA_SQ":6.448217507141,"START_DATE":"2024-01-01 00:00:00","FISCAL_YEAR":"12-31","CURRENCY":"HKD","IS_CNY_CODE":0,"DPS_HKD_LY":0.147,"ORG_TYPE":"一般企业","PREMIUM_INCOME":null,"PREMIUM_INCOME_YOY":null,"NET_INTEREST_INCOME":null,"NET_INTEREST_INCOME_YOY":null,"FEE_COMMISSION_INCOME":null,"FEE_COMMISSION_INCOME_YOY":null,"ACCOUNTS_RECE_TDAYS":6.186768792471,"INVENTORY_TDAYS":1.513994156751,"CURRENT_ASSETS_TDAYS":0.373735165125,"TOTAL_ASSETS_TDAYS":0.14378909023,"PREMIUM_EXPENSE":null,"LOAN_DEPOSIT":null,"LOAN_EQUITY":null,"LOAN_ASSETS":null,"DEPOSIT_EQUITY":null,"DEPOSIT_ASSETS":null,"EQUITY_MULTIPLIER":1.244416496985,"EQUITY_RATIO":0.244416496986},{"SECUCODE":"00239.HK","SECURITY_CODE":"00239","SECURITY_NAME_ABBR":"白花油","ORG_CODE":"10007500","STD_REPORT_DATE":"2023-12-31 00:00:00","REPORT_DATE":"2023-12-31 00:00:00","DATE_TYPE_CODE":"001","REPORT_TYPE":"2023年年报","PER_NETCASH_OPERATE":0.430076472147,"PER_OI":0.753607247978,"BPS":2.22508066442,"BASIC_EPS":0.30539614,"DILUTED_EPS":0.30539614,"OPERATE_INCOME":234854162.76,"OPERATE_INCOME_YOY":76.058423913,"GROSS_PROFIT":198334402.98,"GROSS_PROFIT_YOY":91.115163761999,"HOLDER_PROFIT":95188442.58,"HOLDER_PROFIT_YOY":250.655983976,"GROSS_PROFIT_RATIO":84.450026624685,"EPS_TTM":0.305443597035,"OPERATE_INCOME_QOQ":17.440507566379,"NET_PROFIT_RATIO":40.5308730581,"ROE_AVG":14.267648640866,"GROSS_PROFIT_QOQ":25.359232119083,"ROA":12.139019912736,"HOLDER_PROFIT_QOQ":18.585721719699,"ROE_YEARLY":14.267648640866,"ROIC_YEARLY":16.214138573238,"TOTAL_ASSETS":822362932.3,"TOTAL_LIABILITIES":128938794.04,"TAX_EBT":18.451780196575,"OCF_SALES":57.069046681947,"TOTAL_PARENT_EQUITY":693424138.26,"DEBT_ASSET_RATIO":15.6790620024,"OPERATE_PROFIT":117283898.62,"PRETAX_PROFIT":116726573.32,"NETCASH_OPERATE":134029031.78,"NETCASH_INVEST":15090375.44,"NETCASH_FINANCE":-44371249.86,"END_CASH":238027745.2,"DIVI_RATIO":0.437508729262,"DIVIDEND_RATE":5.975609756098,"CURRENT_RATIO":7.180581645355,"COMMON_ACS":600000000,"CURRENTDEBT_DEBT":31.054525519743,"ISSUED_COMMON_SHARES":311640000,"HK_COMMON_SHARES":311640000,"PER_SHARES":2500,"TOTAL_MARKET_CAP":766634400,"HKSK_MARKET_CAP":766634400,"PE_TTM":7.94826910516,"PB_TTM":1.020261109115,"REPORT_DATE_SQ":"2022-12-31 00:00:00","REPORT_TYPE_SQ":"2022年年报","OPERATE_INCOME_SQ":131489344,"DPS_HKD":0.147,"OPERATE_INCOME_QOQ_SQ":14.058914617951,"NET_PROFIT_RATIO_SQ":20.3498641304,"HOLDER_PROFIT_SQ":26757902.85,"HOLDER_PROFIT_QOQ_SQ":28.779832534893,"ROE_AVG_SQ":4.234080852498,"PE_TTM_SQ":5.691570529182,"PB_TTM_SQ":0.661985162277,"ROA_SQ":3.607113075258,"START_DATE":"2023-01-01 00:00:00","FISCAL_YEAR":"12-31","CURRENCY":"HKD","IS_CNY_CODE":0,"DPS_HKD_LY":0.068,"ORG_TYPE":"一般企业","PREMIUM_INCOME":null,"PREMIUM_INCOME_YOY":null,"NET_INTEREST_INCOME":null,"NET_INTEREST_INCOME_YOY":null,"FEE_COMMISSION_INCOME":null,"FEE_COMMISSION_INCOME_YOY":null,"ACCOUNTS_RECE_TDAYS":11.521461755618,"INVENTORY_TDAYS":2.876137458516,"CURRENT_ASSETS_TDAYS":0.976192045684,"TOTAL_ASSETS_TDAYS":0.299500578123,"PREMIUM_EXPENSE":null,"LOAN_DEPOSIT":null,"LOAN_EQUITY":null,"LOAN_ASSETS":null,"DEPOSIT_EQUITY":null,"DEPOSIT_ASSETS":null,"EQUITY_MULTIPLIER":1.185945061508,"EQUITY_RATIO":0.185945061508},{"SECUCODE":"00239.HK","SECURITY_CODE":"00239","SECURITY_NAME_ABBR":"白花油","ORG_CODE":"10007500","STD_REPORT_DATE":"2023-06-30 00:00:00","REPORT_DATE":"2023-06-30 00:00:00","DATE_TYPE_CODE":"002","REPORT_TYPE":"2023年中报","PER_NETCASH_OPERATE":0.180618023938,"PER_OI":0.373993003851,"BPS":2.242327901874,"BASIC_EPS":0.1659564,"DILUTED_EPS":0.1659564,"OPERATE_INCOME":116551179.72,"OPERATE_INCOME_YOY":124.9279385075,"GROSS_PROFIT":94583162.26,"GROSS_PROFIT_YOY":135.587705095623,"HOLDER_PROFIT":51624426.14,"HOLDER_PROFIT_YOY":2637.0638876303,"GROSS_PROFIT_RATIO":81.151612954261,"EPS_TTM":0.257571984726,"OPERATE_INCOME_QOQ":52.086191364678,"NET_PROFIT_RATIO":44.2933535843,"ROE_AVG":7.643271237641,"GROSS_PROFIT_QOQ":52.454000021675,"ROA":6.448217507141,"HOLDER_PROFIT_QOQ":199.985143716149,"ROE_YEARLY":15.286542475283,"ROIC_YEARLY":16.741902521541,"TOTAL_ASSETS":842284970.78,"TOTAL_LIABILITIES":143485903.44,"TAX_EBT":17.491121818959,"OCF_SALES":48.294492698594,"TOTAL_PARENT_EQUITY":698799067.34,"DEBT_ASSET_RATIO":17.0353156494,"OPERATE_PROFIT":62968468.06,"PRETAX_PROFIT":62568328.74,"NETCASH_OPERATE":56287800.98,"NETCASH_INVEST":-581769.38,"NETCASH_FINANCE":-527372.56,"END_CASH":211560296.74,"DIVI_RATIO":0.518822884182,"DIVIDEND_RATE":6.049382716049,"CURRENT_RATIO":5.263938498359,"COMMON_ACS":600000000,"CURRENTDEBT_DEBT":35.438995553499,"ISSUED_COMMON_SHARES":311640000,"HK_COMMON_SHARES":311640000,"PER_SHARES":2500,"TOTAL_MARKET_CAP":757285200,"HKSK_MARKET_CAP":757285200,"PE_TTM":7.851338994121,"PB_TTM":1.007818900467,"REPORT_DATE_SQ":"2022-06-30 00:00:00","REPORT_TYPE_SQ":"2022年中报","OPERATE_INCOME_SQ":48063388.38,"DPS_HKD":0.147,"OPERATE_INCOME_QOQ_SQ":0.842087056164,"NET_PROFIT_RATIO_SQ":-3.9269065158,"HOLDER_PROFIT_SQ":-1887404.33,"HOLDER_PROFIT_QOQ_SQ":-33.448298160369,"ROE_AVG_SQ":-0.318568333413,"PE_TTM_SQ":6.292543814872,"PB_TTM_SQ":0.731884216679,"ROA_SQ":-0.265707055263,"START_DATE":"2023-01-01 00:00:00","FISCAL_YEAR":"12-31","CURRENCY":"HKD","IS_CNY_CODE":0,"DPS_HKD_LY":0.068,"ORG_TYPE":"一般企业","PREMIUM_INCOME":null,"PREMIUM_INCOME_YOY":null,"NET_INTEREST_INCOME":null,"NET_INTEREST_INCOME_YOY":null,"FEE_COMMISSION_INCOME":null,"FEE_COMMISSION_INCOME_YOY":null,"ACCOUNTS_RECE_TDAYS":4.671791270926,"INVENTORY_TDAYS":1.66809017082,"CURRENT_ASSETS_TDAYS":0.501637880577,"TOTAL_ASSETS_TDAYS":0.145579798894,"PREMIUM_EXPENSE":null,"LOAN_DEPOSIT":null,"LOAN_EQUITY":null,"LOAN_ASSETS":null,"DEPOSIT_EQUITY":null,"DEPOSIT_ASSETS":null,"EQUITY_MULTIPLIER":1.205332133579,"EQUITY_RATIO":0.205332133579},{"SECUCODE":"00239.HK","SECURITY_CODE":"00239","SECURITY_NAME_ABBR":"白花油","ORG_CODE":"10007500","STD_REPORT_DATE":"2022-12-31 00:00:00","REPORT_DATE":"2022-12-31 00:00:00","DATE_TYPE_CODE":"001","REPORT_TYPE":"2022年年报","PER_NETCASH_OPERATE":0.114424779874,"PER_OI":0.421927044025,"BPS":2.027155935535,"BASIC_EPS":0.08575392,"DILUTED_EPS":0.08575392,"OPERATE_INCOME":131489344,"OPERATE_INCOME_YOY":5.2759560301,"GROSS_PROFIT":103777428.79,"GROSS_PROFIT_YOY":14.874418969877,"HOLDER_PROFIT":26757902.85,"HOLDER_PROFIT_YOY":-21.5550201645,"GROSS_PROFIT_RATIO":78.924592391304,"EPS_TTM":0.085861580189,"OPERATE_INCOME_QOQ":14.058914617951,"NET_PROFIT_RATIO":20.3498641304,"ROE_AVG":4.234080852498,"GROSS_PROFIT_QOQ":12.473246584364,"ROA":3.607113075258,"HOLDER_PROFIT_QOQ":28.779832534893,"ROE_YEARLY":4.234080852498,"ROIC_YEARLY":4.515429791134,"TOTAL_ASSETS":735282694.72,"TOTAL_LIABILITIES":103539818.97,"TAX_EBT":20.691024622716,"OCF_SALES":27.119565217391,"TOTAL_PARENT_EQUITY":631742875.75,"DEBT_ASSET_RATIO":14.0816341407,"OPERATE_PROFIT":34314073.78,"PRETAX_PROFIT":33738807.9,"NETCASH_OPERATE":35659338.4,"NETCASH_INVEST":-5955431.09,"NETCASH_FINANCE":-30287212.62,"END_CASH":131199031.25,"DIVI_RATIO":1.556391574746,"DIVIDEND_RATE":6.049382716049,"CURRENT_RATIO":10.825421753888,"COMMON_ACS":600000000,"CURRENTDEBT_DEBT":17.02944500522,"ISSUED_COMMON_SHARES":311640000,"HK_COMMON_SHARES":311640000,"PER_SHARES":2500,"TOTAL_MARKET_CAP":757285200,"HKSK_MARKET_CAP":757285200,"PE_TTM":7.851338994121,"PB_TTM":1.007818900467,"REPORT_DATE_SQ":"2021-12-31 00:00:00","REPORT_TYPE_SQ":"2021年年报","OPERATE_INCOME_SQ":114319284.8,"DPS_HKD":0.147,"OPERATE_INCOME_QOQ_SQ":16.29292027901,"NET_PROFIT_RATIO_SQ":27.3102422348,"HOLDER_PROFIT_SQ":31220873.6,"HOLDER_PROFIT_QOQ_SQ":60.957185951395,"ROE_AVG_SQ":5.530539917765,"PE_TTM_SQ":6.292543814872,"PB_TTM_SQ":0.731884216679,"ROA_SQ":4.676375949472,"START_DATE":"2022-01-01 00:00:00","FISCAL_YEAR":"12-31","CURRENCY":"HKD","IS_CNY_CODE":0,"DPS_HKD_LY":0.041,"ORG_TYPE":"一般企业","PREMIUM_INCOME":null,"PREMIUM_INCOME_YOY":null,"NET_INTEREST_INCOME":null,"NET_INTEREST_INCOME_YOY":null,"FEE_COMMISSION_INCOME":null,"FEE_COMMISSION_INCOME_YOY":null,"ACCOUNTS_RECE_TDAYS":9.644869610798,"INVENTORY_TDAYS":2.003552053733,"CURRENT_ASSETS_TDAYS":0.700748830102,"TOTAL_ASSETS_TDAYS":0.177254897239,"PREMIUM_EXPENSE":null,"LOAN_DEPOSIT":null,"LOAN_EQUITY":null,"LOAN_ASSETS":null,"DEPOSIT_EQUITY":null,"DEPOSIT_ASSETS":null,"EQUITY_MULTIPLIER":1.163895507088,"EQUITY_RATIO":0.163895507088},{"SECUCODE":"00239.HK","SECURITY_CODE":"00239","SECURITY_NAME_ABBR":"白花油","ORG_CODE":"10007500","STD_REPORT_DATE":"2022-06-30 00:00:00","REPORT_DATE":"2022-06-30 00:00:00","DATE_TYPE_CODE":"002","REPORT_TYPE":"2022年中报","PER_NETCASH_OPERATE":0.023833028976,"PER_OI":0.15422727628,"BPS":1.860134295597,"BASIC_EPS":-0.00598633,"DILUTED_EPS":-0.00598633,"OPERATE_INCOME":48063388.38,"OPERATE_INCOME_YOY":-0.7137052609,"GROSS_PROFIT":40147749.74,"GROSS_PROFIT_YOY":5.046302117702,"HOLDER_PROFIT":-1887404.33,"HOLDER_PROFIT_YOY":-121.4646955845,"GROSS_PROFIT_RATIO":83.530835201594,"EPS_TTM":0.066673157201,"OPERATE_INCOME_QOQ":0.842087056164,"NET_PROFIT_RATIO":-3.9269065158,"ROE_AVG":-0.318568333413,"GROSS_PROFIT_QOQ":2.134883146377,"ROA":-0.265707055263,"HOLDER_PROFIT_QOQ":-33.448298160369,"ROE_YEARLY":-0.637136666825,"ROIC_YEARLY":-0.666099259957,"TOTAL_ASSETS":704231006.01,"TOTAL_LIABILITIES":124538754.13,"TAX_EBT":401.502732240437,"OCF_SALES":15.453186719334,"TOTAL_PARENT_EQUITY":579692251.88,"DEBT_ASSET_RATIO":17.684361107,"OPERATE_PROFIT":1016820.91,"PRETAX_PROFIT":625999.08,"NETCASH_OPERATE":7427325.15,"NETCASH_INVEST":-59008.11,"NETCASH_FINANCE":-862031.52,"END_CASH":146442735.6,"DIVI_RATIO":2.004318463545,"DIVIDEND_RATE":5.975609756098,"CURRENT_RATIO":4.24653411518,"COMMON_ACS":600000000,"CURRENTDEBT_DEBT":35.365694548401,"ISSUED_COMMON_SHARES":311640000,"HK_COMMON_SHARES":311640000,"PER_SHARES":2500,"TOTAL_MARKET_CAP":766634400,"HKSK_MARKET_CAP":766634400,"PE_TTM":7.94826910516,"PB_TTM":1.020261109115,"REPORT_DATE_SQ":"2021-06-30 00:00:00","REPORT_TYPE_SQ":"2021年中报","OPERATE_INCOME_SQ":47100720.48,"DPS_HKD":0.147,"OPERATE_INCOME_QOQ_SQ":6.819088902352,"NET_PROFIT_RATIO_SQ":18.16415221,"HOLDER_PROFIT_SQ":8555446.56,"HOLDER_PROFIT_QOQ_SQ":160.086236492257,"ROE_AVG_SQ":1.511146579896,"PE_TTM_SQ":5.691570529182,"PB_TTM_SQ":0.661985162277,"ROA_SQ":1.262299036702,"START_DATE":"2022-01-01 00:00:00","FISCAL_YEAR":"12-31","CURRENCY":"HKD","IS_CNY_CODE":0,"DPS_HKD_LY":0.041,"ORG_TYPE":"一般企业","PREMIUM_INCOME":null,"PREMIUM_INCOME_YOY":null,"NET_INTEREST_INCOME":null,"NET_INTEREST_INCOME_YOY":null,"FEE_COMMISSION_INCOME":null,"FEE_COMMISSION_INCOME_YOY":null,"ACCOUNTS_RECE_TDAYS":3.791668072188,"INVENTORY_TDAYS":0.508375899379,"CURRENT_ASSETS_TDAYS":0.264390418305,"TOTAL_ASSETS_TDAYS":0.06766319855,"PREMIUM_EXPENSE":null,"LOAN_DEPOSIT":null,"LOAN_EQUITY":null,"LOAN_ASSETS":null,"DEPOSIT_EQUITY":null,"DEPOSIT_ASSETS":null,"EQUITY_MULTIPLIER":1.214835981896,"EQUITY_RATIO":0.214835981896},{"SECUCODE":"00239.HK","SECURITY_CODE":"00239","SECURITY_NAME_ABBR":"白花油","ORG_CODE":"10007500","STD_REPORT_DATE":"2021-12-31 00:00:00","REPORT_DATE":"2021-12-31 00:00:00","DATE_TYPE_CODE":"001","REPORT_TYPE":"2021年年报","PER_NETCASH_OPERATE":0.184587026056,"PER_OI":0.366831230907,"BPS":1.856736963163,"BASIC_EPS":0.1005648,"DILUTED_EPS":0.1005648,"OPERATE_INCOME":114319284.8,"OPERATE_INCOME_YOY":27.8755841709,"GROSS_PROFIT":90339894.4,"GROSS_PROFIT_YOY":27.640412878047,"HOLDER_PROFIT":31220873.6,"HOLDER_PROFIT_YOY":199.5567838148,"GROSS_PROFIT_RATIO":79.024194874949,"EPS_TTM":0.100182497754,"OPERATE_INCOME_QOQ":16.29292027901,"NET_PROFIT_RATIO":27.3102422348,"ROE_AVG":5.530539917765,"GROSS_PROFIT_QOQ":18.064048325484,"ROA":4.676375949472,"HOLDER_PROFIT_QOQ":60.957185951395,"ROE_YEARLY":5.530539917765,"ROIC_YEARLY":5.652236338258,"TOTAL_ASSETS":684943582.4,"TOTAL_LIABILITIES":106310075.2,"TAX_EBT":18.618132219428,"OCF_SALES":50.319332298692,"TOTAL_PARENT_EQUITY":578633507.2,"DEBT_ASSET_RATIO":15.5209973393,"OPERATE_PROFIT":38827006.4,"PRETAX_PROFIT":38363427.2,"NETCASH_OPERATE":57524700.8,"NETCASH_INVEST":-461944,"NETCASH_FINANCE":-18319145.6,"END_CASH":134626016,"DIVI_RATIO":1.333908047775,"DIVIDEND_RATE":6.049382716049,"CURRENT_RATIO":6.497718044758,"COMMON_ACS":600000000,"CURRENTDEBT_DEBT":24.434155982988,"ISSUED_COMMON_SHARES":311640000,"HK_COMMON_SHARES":311640000,"PER_SHARES":2500,"TOTAL_MARKET_CAP":757285200,"HKSK_MARKET_CAP":757285200,"PE_TTM":7.851338994121,"PB_TTM":1.007818900467,"REPORT_DATE_SQ":"2020-12-31 00:00:00","REPORT_TYPE_SQ":"2020年年报","OPERATE_INCOME_SQ":92027442.52,"DPS_HKD":0.147,"OPERATE_INCOME_QOQ_SQ":-14.32419982187,"NET_PROFIT_RATIO_SQ":-35.078605855,"HOLDER_PROFIT_SQ":-32281943.84,"HOLDER_PROFIT_QOQ_SQ":-9.067091486284,"ROE_AVG_SQ":-5.352090861077,"PE_TTM_SQ":6.292543814872,"PB_TTM_SQ":0.731884216679,"ROA_SQ":-4.493318479001,"START_DATE":"2021-01-01 00:00:00","FISCAL_YEAR":"12-31","CURRENCY":"HKD","IS_CNY_CODE":0,"DPS_HKD_LY":0.066,"ORG_TYPE":"一般企业","PREMIUM_INCOME":null,"PREMIUM_INCOME_YOY":null,"NET_INTEREST_INCOME":null,"NET_INTEREST_INCOME_YOY":null,"FEE_COMMISSION_INCOME":null,"FEE_COMMISSION_INCOME_YOY":null,"ACCOUNTS_RECE_TDAYS":7.259384247962,"INVENTORY_TDAYS":1.747906671832,"CURRENT_ASSETS_TDAYS":0.727218353262,"TOTAL_ASSETS_TDAYS":0.171231580784,"PREMIUM_EXPENSE":null,"LOAN_DEPOSIT":null,"LOAN_EQUITY":null,"LOAN_ASSETS":null,"DEPOSIT_EQUITY":null,"DEPOSIT_ASSETS":null,"EQUITY_MULTIPLIER":1.18372609584,"EQUITY_RATIO":0.18372609584},{"SECUCODE":"00239.HK","SECURITY_CODE":"00239","SECURITY_NAME_ABBR":"白花油","ORG_CODE":"10007500","STD_REPORT_DATE":"2021-06-30 00:00:00","REPORT_DATE":"2021-06-30 00:00:00","DATE_TYPE_CODE":"002","REPORT_TYPE":"2021年中报","PER_NETCASH_OPERATE":0.10015451444,"PER_OI":0.151138237967,"BPS":1.835972077782,"BASIC_EPS":0.02745864,"DILUTED_EPS":0.02745864,"OPERATE_INCOME":47100720.48,"OPERATE_INCOME_YOY":26.6523470712,"GROSS_PROFIT":38219098.56,"GROSS_PROFIT_YOY":17.675896694486,"HOLDER_PROFIT":8555446.56,"HOLDER_PROFIT_YOY":121.77928405,"GROSS_PROFIT_RATIO":81.143341695227,"EPS_TTM":0.062241705558,"OPERATE_INCOME_QOQ":6.819088902352,"NET_PROFIT_RATIO":18.16415221,"ROE_AVG":1.511146579896,"GROSS_PROFIT_QOQ":8.111160584773,"ROA":1.262299036702,"HOLDER_PROFIT_QOQ":160.086236492257,"ROE_YEARLY":3.022293159791,"ROIC_YEARLY":3.027530297019,"TOTAL_ASSETS":693700935.6,"TOTAL_LIABILITIES":121538597.28,"TAX_EBT":25.842048323116,"OCF_SALES":66.266826838144,"TOTAL_PARENT_EQUITY":572162338.32,"DEBT_ASSET_RATIO":17.5203161828,"OPERATE_PROFIT":11889591.12,"PRETAX_PROFIT":11536789.2,"NETCASH_OPERATE":31212152.88,"NETCASH_INVEST":-436842,"NETCASH_FINANCE":-918616.32,"END_CASH":127575337.68,"DIVI_RATIO":2.147020856878,"DIVIDEND_RATE":5.975609756098,"CURRENT_RATIO":4.252822285056,"COMMON_ACS":600000000,"CURRENTDEBT_DEBT":32.687278353621,"ISSUED_COMMON_SHARES":311640000,"HK_COMMON_SHARES":311640000,"PER_SHARES":2500,"TOTAL_MARKET_CAP":766634400,"HKSK_MARKET_CAP":766634400,"PE_TTM":7.94826910516,"PB_TTM":1.020261109115,"REPORT_DATE_SQ":"2020-06-30 00:00:00","REPORT_TYPE_SQ":"2020年中报","OPERATE_INCOME_SQ":40825287.36,"DPS_HKD":0.147,"OPERATE_INCOME_QOQ_SQ":-18.848229311385,"NET_PROFIT_RATIO_SQ":-105.6293909697,"HOLDER_PROFIT_SQ":-43123502.4,"HOLDER_PROFIT_QOQ_SQ":-191.665836432552,"ROE_AVG_SQ":-6.578800682267,"PE_TTM_SQ":5.691570529182,"PB_TTM_SQ":0.661985162277,"ROA_SQ":-5.455788295537,"START_DATE":"2021-01-01 00:00:00","FISCAL_YEAR":"12-31","CURRENCY":"HKD","IS_CNY_CODE":0,"DPS_HKD_LY":0.066,"ORG_TYPE":"一般企业","PREMIUM_INCOME":null,"PREMIUM_INCOME_YOY":null,"NET_INTEREST_INCOME":null,"NET_INTEREST_INCOME_YOY":null,"FEE_COMMISSION_INCOME":null,"FEE_COMMISSION_INCOME_YOY":null,"ACCOUNTS_RECE_TDAYS":3.103569274631,"INVENTORY_TDAYS":0.500903352965,"CURRENT_ASSETS_TDAYS":0.297024299889,"TOTAL_ASSETS_TDAYS":0.069493969336,"PREMIUM_EXPENSE":null,"LOAN_DEPOSIT":null,"LOAN_EQUITY":null,"LOAN_ASSETS":null,"DEPOSIT_EQUITY":null,"DEPOSIT_ASSETS":null,"EQUITY_MULTIPLIER":1.212419778689,"EQUITY_RATIO":0.212419778689},{"SECUCODE":"00239.HK","SECURITY_CODE":"00239","SECURITY_NAME_ABBR":"白花油","ORG_CODE":"10007500","STD_REPORT_DATE":"2020-12-31 00:00:00","REPORT_DATE":"2020-12-31 00:00:00","DATE_TYPE_CODE":"001","REPORT_TYPE":"2020年年报","PER_NETCASH_OPERATE":0.022307619048,"PER_OI":0.295300482993,"BPS":1.818076353742,"BASIC_EPS":-0.10352172,"DILUTED_EPS":-0.10352172,"OPERATE_INCOME":92027442.52,"OPERATE_INCOME_YOY":-26.0000947476,"GROSS_PROFIT":70776874.16,"GROSS_PROFIT_YOY":-33.784666092024,"HOLDER_PROFIT":-32281943.84,"HOLDER_PROFIT_YOY":-206.4084780558,"GROSS_PROFIT_RATIO":76.908444070494,"EPS_TTM":-0.103587292517,"OPERATE_INCOME_QOQ":-14.32419982187,"NET_PROFIT_RATIO":-35.078605855,"ROE_AVG":-5.352090861077,"GROSS_PROFIT_QOQ":-16.128813586564,"ROA":-4.493318479001,"HOLDER_PROFIT_QOQ":-9.067091486284,"ROE_YEARLY":-5.352090861077,"ROIC_YEARLY":-5.283290196656,"TOTAL_ASSETS":669437089.44,"TOTAL_LIABILITIES":102851774.56,"TAX_EBT":-13.27485898231,"OCF_SALES":7.554210146054,"TOTAL_PARENT_EQUITY":566585314.88,"DEBT_ASSET_RATIO":15.3639193559,"OPERATE_PROFIT":-27982005.08,"PRETAX_PROFIT":-28498772.04,"NETCASH_OPERATE":6951946.4,"NETCASH_INVEST":-536124.68,"NETCASH_FINANCE":-24470683,"END_CASH":98726896.92,"DIVI_RATIO":-1.290064029602,"DIVIDEND_RATE":6.049382716049,"CURRENT_RATIO":5.794794208557,"COMMON_ACS":600000000,"CURRENTDEBT_DEBT":25.150567902851,"ISSUED_COMMON_SHARES":311640000,"HK_COMMON_SHARES":311640000,"PER_SHARES":2500,"TOTAL_MARKET_CAP":757285200,"HKSK_MARKET_CAP":757285200,"PE_TTM":7.851338994121,"PB_TTM":1.007818900467,"REPORT_DATE_SQ":"2019-12-31 00:00:00","REPORT_TYPE_SQ":"2019年年报","OPERATE_INCOME_SQ":132361348.58,"DPS_HKD":0.147,"OPERATE_INCOME_QOQ_SQ":-12.510906080965,"NET_PROFIT_RATIO_SQ":24.3947997103,"HOLDER_PROFIT_SQ":32289285.88,"HOLDER_PROFIT_QOQ_SQ":-18.601916968108,"ROE_AVG_SQ":4.752841308027,"PE_TTM_SQ":6.292543814872,"PB_TTM_SQ":0.731884216679,"ROA_SQ":3.946589762582,"START_DATE":"2020-01-01 00:00:00","FISCAL_YEAR":"12-31","CURRENCY":"HKD","IS_CNY_CODE":0,"DPS_HKD_LY":0.085,"ORG_TYPE":"一般企业","PREMIUM_INCOME":null,"PREMIUM_INCOME_YOY":null,"NET_INTEREST_INCOME":null,"NET_INTEREST_INCOME_YOY":null,"FEE_COMMISSION_INCOME":null,"FEE_COMMISSION_INCOME_YOY":null,"ACCOUNTS_RECE_TDAYS":5.565803873661,"INVENTORY_TDAYS":1.389368843889,"CURRENT_ASSETS_TDAYS":0.596246704347,"TOTAL_ASSETS_TDAYS":0.128092846608,"PREMIUM_EXPENSE":null,"LOAN_DEPOSIT":null,"LOAN_EQUITY":null,"LOAN_ASSETS":null,"DEPOSIT_EQUITY":null,"DEPOSIT_ASSETS":null,"EQUITY_MULTIPLIER":1.181529192266,"EQUITY_RATIO":0.181529192266},{"SECUCODE":"00239.HK","SECURITY_CODE":"00239","SECURITY_NAME_ABBR":"白花油","ORG_CODE":"10007500","STD_REPORT_DATE":"2020-06-30 00:00:00","REPORT_DATE":"2020-06-30 00:00:00","DATE_TYPE_CODE":"002","REPORT_TYPE":"2020年中报","PER_NETCASH_OPERATE":-0.032048366577,"PER_OI":0.131001435503,"BPS":1.978765340008,"BASIC_EPS":-0.13792944,"DILUTED_EPS":-0.13792944,"OPERATE_INCOME":40825287.36,"OPERATE_INCOME_YOY":-40.2254884915,"GROSS_PROFIT":32478272.64,"GROSS_PROFIT_YOY":-40.926716238634,"HOLDER_PROFIT":-43123502.4,"HOLDER_PROFIT_YOY":-321.3210819933,"GROSS_PROFIT_RATIO":79.554302590952,"EPS_TTM":-0.094975754011,"OPERATE_INCOME_QOQ":-18.848229311385,"NET_PROFIT_RATIO":-105.6293909697,"ROE_AVG":-6.578800682267,"GROSS_PROFIT_QOQ":-21.05115387116,"ROA":-5.455788295537,"HOLDER_PROFIT_QOQ":-191.665836432552,"ROE_YEARLY":-13.157601364533,"ROIC_YEARLY":-12.794488694724,"TOTAL_ASSETS":747914624.16,"TOTAL_LIABILITIES":131252193.6,"TAX_EBT":-3.498925768404,"OCF_SALES":-24.464133888218,"TOTAL_PARENT_EQUITY":616662430.56,"DEBT_ASSET_RATIO":17.5490877381,"OPERATE_PROFIT":-41237248.8,"PRETAX_PROFIT":-41665652.16,"NETCASH_OPERATE":-9987552.96,"NETCASH_INVEST":-567246.24,"NETCASH_FINANCE":-7568763.84,"END_CASH":106618543.68,"DIVI_RATIO":-1.407035315397,"DIVIDEND_RATE":5.975609756098,"CURRENT_RATIO":3.16326824959,"COMMON_ACS":600000000,"CURRENTDEBT_DEBT":38.601851207461,"ISSUED_COMMON_SHARES":311640000,"HK_COMMON_SHARES":311640000,"PER_SHARES":2500,"TOTAL_MARKET_CAP":766634400,"HKSK_MARKET_CAP":766634400,"PE_TTM":7.94826910516,"PB_TTM":1.020261109115,"REPORT_DATE_SQ":"2019-06-30 00:00:00","REPORT_TYPE_SQ":"2019年中报","OPERATE_INCOME_SQ":65773057.86,"DPS_HKD":0.147,"OPERATE_INCOME_QOQ_SQ":22.420029232668,"NET_PROFIT_RATIO_SQ":28.5284401707,"HOLDER_PROFIT_SQ":18764027.46,"HOLDER_PROFIT_QOQ_SQ":21.440937284783,"ROE_AVG_SQ":2.790813903437,"PE_TTM_SQ":5.691570529182,"PB_TTM_SQ":0.661985162277,"ROA_SQ":2.297895902547,"START_DATE":"2020-01-01 00:00:00","FISCAL_YEAR":"12-31","CURRENCY":"HKD","IS_CNY_CODE":0,"DPS_HKD_LY":0.085,"ORG_TYPE":"一般企业","PREMIUM_INCOME":null,"PREMIUM_INCOME_YOY":null,"NET_INTEREST_INCOME":null,"NET_INTEREST_INCOME_YOY":null,"FEE_COMMISSION_INCOME":null,"FEE_COMMISSION_INCOME_YOY":null,"ACCOUNTS_RECE_TDAYS":2.797308715381,"INVENTORY_TDAYS":0.416717969765,"CURRENT_ASSETS_TDAYS":0.245487126674,"TOTAL_ASSETS_TDAYS":0.051650286397,"PREMIUM_EXPENSE":null,"LOAN_DEPOSIT":null,"LOAN_EQUITY":null,"LOAN_ASSETS":null,"DEPOSIT_EQUITY":null,"DEPOSIT_ASSETS":null,"EQUITY_MULTIPLIER":1.212842857122,"EQUITY_RATIO":0.212842857122}],"count":48},"success":true,"message":"ok","code":0}