{"version":"d0ce4dd9d3dd5a22afc8a431aa68865e","result":{"pages":6,"data":[{"SECUCODE":"00236.HK","SECURITY_CODE":"00236","SECURITY_NAME_ABBR":"香港生力啤","ORG_CODE":"10007497","STD_REPORT_DATE":"2024-06-30 00:00:00","REPORT_DATE":"2024-06-30 00:00:00","DATE_TYPE_CODE":"002","REPORT_TYPE":"2024年中报","PER_NETCASH_OPERATE":0.090402996532,"PER_OI":0.923731334503,"BPS":1.74595077792,"BASIC_EPS":0.09218068,"DILUTED_EPS":null,"OPERATE_INCOME":345078831.92,"OPERATE_INCOME_YOY":-9.0763929136,"GROSS_PROFIT":127349891.12,"GROSS_PROFIT_YOY":-16.20773434432,"HOLDER_PROFIT":34333196.24,"HOLDER_PROFIT_YOY":-22.4658889484,"GROSS_PROFIT_RATIO":36.904579284517,"EPS_TTM":0.180536325346,"OPERATE_INCOME_QOQ":-5.700978624255,"NET_PROFIT_RATIO":10.185297836,"ROE_AVG":5.331311427782,"GROSS_PROFIT_QOQ":-9.522917026832,"ROA":4.602437512961,"HOLDER_PROFIT_QOQ":-13.359580343801,"ROE_YEARLY":10.662622855564,"ROIC_YEARLY":11.5342838943,"TOTAL_ASSETS":754916873.24,"TOTAL_LIABILITIES":123714686.68,"TAX_EBT":8.609805875931,"OCF_SALES":9.786719704624,"TOTAL_PARENT_EQUITY":652235809.84,"DEBT_ASSET_RATIO":16.3878555461,"OPERATE_PROFIT":38669338.92,"PRETAX_PROFIT":38458509.84,"NETCASH_OPERATE":33771898.04,"NETCASH_INVEST":-1641911.32,"NETCASH_FINANCE":-17587343.6,"END_CASH":180074502.04,"DIVI_RATIO":0.250979961584,"DIVIDEND_RATE":6.172839506173,"CURRENT_RATIO":3.626692803018,"COMMON_ACS":null,"CURRENTDEBT_DEBT":70.000959048624,"ISSUED_COMMON_SHARES":373570560,"HK_COMMON_SHARES":373570560,"PER_SHARES":2000,"TOTAL_MARKET_CAP":302592153.6,"HKSK_MARKET_CAP":302592153.6,"PE_TTM":4.03466963919,"PB_TTM":0.423420184205,"REPORT_DATE_SQ":"2023-06-30 00:00:00","REPORT_TYPE_SQ":"2023年中报","OPERATE_INCOME_SQ":383393397.26,"DPS_HKD":0.05,"OPERATE_INCOME_QOQ_SQ":19.020500923826,"NET_PROFIT_RATIO_SQ":12.1982892335,"HOLDER_PROFIT_SQ":44732625.64,"HOLDER_PROFIT_QOQ_SQ":141.681401640142,"ROE_AVG_SQ":7.610678604986,"PE_TTM_SQ":4.307191614695,"PB_TTM_SQ":0.500245134077,"ROA_SQ":6.568420596611,"START_DATE":"2024-01-01 00:00:00","FISCAL_YEAR":"12-31","CURRENCY":"HKD","IS_CNY_CODE":0,"DPS_HKD_LY":0.05,"ORG_TYPE":"一般企业","PREMIUM_INCOME":null,"PREMIUM_INCOME_YOY":null,"NET_INTEREST_INCOME":null,"NET_INTEREST_INCOME_YOY":null,"FEE_COMMISSION_INCOME":null,"FEE_COMMISSION_INCOME_YOY":null,"ACCOUNTS_RECE_TDAYS":9.121138652675,"INVENTORY_TDAYS":2.963238993125,"CURRENT_ASSETS_TDAYS":1.130919211724,"TOTAL_ASSETS_TDAYS":0.462585466805,"PREMIUM_EXPENSE":null,"LOAN_DEPOSIT":null,"LOAN_EQUITY":null,"LOAN_ASSETS":null,"DEPOSIT_EQUITY":null,"DEPOSIT_ASSETS":null,"EQUITY_MULTIPLIER":1.19599850779,"EQUITY_RATIO":0.189677850884},{"SECUCODE":"00236.HK","SECURITY_CODE":"00236","SECURITY_NAME_ABBR":"香港生力啤","ORG_CODE":"10007497","STD_REPORT_DATE":"2023-12-31 00:00:00","REPORT_DATE":"2023-12-31 00:00:00","DATE_TYPE_CODE":"001","REPORT_TYPE":"2023年年报","PER_NETCASH_OPERATE":0.215188417256,"PER_OI":1.799044256003,"BPS":1.689767731804,"BASIC_EPS":0.2084306,"DILUTED_EPS":null,"OPERATE_INCOME":672069970.18,"OPERATE_INCOME_YOY":8.875408676,"GROSS_PROFIT":258670530.58,"GROSS_PROFIT_YOY":17.200679057393,"HOLDER_PROFIT":77842485.56,"HOLDER_PROFIT_YOY":165.8969199814,"GROSS_PROFIT_RATIO":38.488630954709,"EPS_TTM":0.208374250797,"OPERATE_INCOME_QOQ":-7.197661836056,"NET_PROFIT_RATIO":12.0789785591,"ROE_AVG":13.070218684001,"GROSS_PROFIT_QOQ":-8.857411629702,"ROA":11.25129347043,"HOLDER_PROFIT_QOQ":11.61459037598,"ROE_YEARLY":13.070218684001,"ROIC_YEARLY":13.367965314069,"TOTAL_ASSETS":731823398.32,"TOTAL_LIABILITIES":122415822.48,"TAX_EBT":-34.818270750245,"OCF_SALES":11.961263128372,"TOTAL_PARENT_EQUITY":631247477.84,"DEBT_ASSET_RATIO":16.7275086805,"OPERATE_PROFIT":60520996.48,"PRETAX_PROFIT":60213787.9,"NETCASH_OPERATE":80388057.54,"NETCASH_INVEST":-15914129.42,"NETCASH_FINANCE":-3919401.5,"END_CASH":163100569.38,"DIVI_RATIO":0.21745009197,"DIVIDEND_RATE":6.024096385542,"CURRENT_RATIO":3.111080220876,"COMMON_ACS":null,"CURRENTDEBT_DEBT":77.220100085873,"ISSUED_COMMON_SHARES":373570560,"HK_COMMON_SHARES":373570560,"PER_SHARES":2000,"TOTAL_MARKET_CAP":310063564.8,"HKSK_MARKET_CAP":310063564.8,"PE_TTM":4.134291111763,"PB_TTM":0.433875003568,"REPORT_DATE_SQ":"2022-12-31 00:00:00","REPORT_TYPE_SQ":"2022年年报","OPERATE_INCOME_SQ":608462473.01,"DPS_HKD":0.05,"OPERATE_INCOME_QOQ_SQ":14.163529270777,"NET_PROFIT_RATIO_SQ":4.8644744356,"HOLDER_PROFIT_SQ":28857087.35,"HOLDER_PROFIT_QOQ_SQ":54.074803985228,"ROE_AVG_SQ":5.292990494572,"PE_TTM_SQ":4.307191614695,"PB_TTM_SQ":0.500245134077,"ROA_SQ":4.485484829467,"START_DATE":"2023-01-01 00:00:00","FISCAL_YEAR":"12-31","CURRENCY":"HKD","IS_CNY_CODE":0,"DPS_HKD_LY":0.01,"ORG_TYPE":"一般企业","PREMIUM_INCOME":null,"PREMIUM_INCOME_YOY":null,"NET_INTEREST_INCOME":null,"NET_INTEREST_INCOME_YOY":null,"FEE_COMMISSION_INCOME":null,"FEE_COMMISSION_INCOME_YOY":null,"ACCOUNTS_RECE_TDAYS":17.08602695542,"INVENTORY_TDAYS":5.119233315752,"CURRENT_ASSETS_TDAYS":2.505088753399,"TOTAL_ASSETS_TDAYS":0.971404807126,"PREMIUM_EXPENSE":null,"LOAN_DEPOSIT":null,"LOAN_EQUITY":null,"LOAN_ASSETS":null,"DEPOSIT_EQUITY":null,"DEPOSIT_ASSETS":null,"EQUITY_MULTIPLIER":1.200876765129,"EQUITY_RATIO":0.193926830249},{"SECUCODE":"00236.HK","SECURITY_CODE":"00236","SECURITY_NAME_ABBR":"香港生力啤","ORG_CODE":"10007497","STD_REPORT_DATE":"2023-06-30 00:00:00","REPORT_DATE":"2023-06-30 00:00:00","DATE_TYPE_CODE":"002","REPORT_TYPE":"2023年中报","PER_NETCASH_OPERATE":0.148273767719,"PER_OI":1.026294462979,"BPS":1.621889639162,"BASIC_EPS":0.1198574,"DILUTED_EPS":null,"OPERATE_INCOME":383393397.26,"OPERATE_INCOME_YOY":32.8620632365,"GROSS_PROFIT":151982871.12,"GROSS_PROFIT_YOY":70.994737958782,"HOLDER_PROFIT":44732625.64,"HOLDER_PROFIT_YOY":978.4174260947,"GROSS_PROFIT_RATIO":39.641494143138,"EPS_TTM":0.186690870876,"OPERATE_INCOME_QOQ":19.020500923826,"NET_PROFIT_RATIO":12.1982892335,"ROE_AVG":7.610678604986,"GROSS_PROFIT_QOQ":28.590465942469,"ROA":6.568420596611,"HOLDER_PROFIT_QOQ":141.681401640142,"ROE_YEARLY":15.221357209972,"ROIC_YEARLY":15.452798068639,"TOTAL_ASSETS":698830414.66,"TOTAL_LIABILITIES":116126146.94,"TAX_EBT":3.650730336012,"OCF_SALES":14.447487837783,"TOTAL_PARENT_EQUITY":605890220.76,"DEBT_ASSET_RATIO":16.6172142059,"OPERATE_PROFIT":48753380.42,"PRETAX_PROFIT":48539481.06,"NETCASH_OPERATE":55390714.44,"NETCASH_INVEST":-6108117.5,"NETCASH_FINANCE":-4075151.6,"END_CASH":148132682.64,"DIVI_RATIO":0.242706029424,"DIVIDEND_RATE":6.024096385542,"CURRENT_RATIO":2.842524504207,"COMMON_ACS":null,"CURRENTDEBT_DEBT":86.914166395402,"ISSUED_COMMON_SHARES":373570560,"HK_COMMON_SHARES":373570560,"PER_SHARES":2000,"TOTAL_MARKET_CAP":310063564.8,"HKSK_MARKET_CAP":310063564.8,"PE_TTM":4.134291111763,"PB_TTM":0.433875003568,"REPORT_DATE_SQ":"2022-06-30 00:00:00","REPORT_TYPE_SQ":"2022年中报","OPERATE_INCOME_SQ":267660786.96,"DPS_HKD":0.05,"OPERATE_INCOME_QOQ_SQ":9.445818523667,"NET_PROFIT_RATIO_SQ":1.3824987859,"HOLDER_PROFIT_SQ":3847499.81,"HOLDER_PROFIT_QOQ_SQ":18.300045975221,"ROE_AVG_SQ":0.744885431852,"PE_TTM_SQ":4.307191614695,"PB_TTM_SQ":0.500245134077,"ROA_SQ":0.635029073153,"START_DATE":"2023-01-01 00:00:00","FISCAL_YEAR":"12-31","CURRENCY":"HKD","IS_CNY_CODE":0,"DPS_HKD_LY":0.01,"ORG_TYPE":"一般企业","PREMIUM_INCOME":null,"PREMIUM_INCOME_YOY":null,"NET_INTEREST_INCOME":null,"NET_INTEREST_INCOME_YOY":null,"FEE_COMMISSION_INCOME":null,"FEE_COMMISSION_INCOME_YOY":null,"ACCOUNTS_RECE_TDAYS":9.711393173671,"INVENTORY_TDAYS":3.109504695359,"CURRENT_ASSETS_TDAYS":1.437040057642,"TOTAL_ASSETS_TDAYS":0.56296473796,"PREMIUM_EXPENSE":null,"LOAN_DEPOSIT":null,"LOAN_EQUITY":null,"LOAN_ASSETS":null,"DEPOSIT_EQUITY":null,"DEPOSIT_ASSETS":null,"EQUITY_MULTIPLIER":1.199288306905,"EQUITY_RATIO":0.191662025498},{"SECUCODE":"00236.HK","SECURITY_CODE":"00236","SECURITY_NAME_ABBR":"香港生力啤","ORG_CODE":"10007497","STD_REPORT_DATE":"2022-12-31 00:00:00","REPORT_DATE":"2022-12-31 00:00:00","DATE_TYPE_CODE":"001","REPORT_TYPE":"2022年年报","PER_NETCASH_OPERATE":0.088853414814,"PER_OI":1.628775225248,"BPS":1.477349724025,"BASIC_EPS":0.0803943,"DILUTED_EPS":null,"OPERATE_INCOME":608462473.01,"OPERATE_INCOME_YOY":14.3627773599,"GROSS_PROFIT":220707365.06,"GROSS_PROFIT_YOY":11.068533830506,"HOLDER_PROFIT":28857087.35,"HOLDER_PROFIT_YOY":66.8302003718,"GROSS_PROFIT_RATIO":36.272962565495,"EPS_TTM":0.077246684937,"OPERATE_INCOME_QOQ":14.163529270777,"NET_PROFIT_RATIO":4.8644744356,"ROE_AVG":5.292990494572,"GROSS_PROFIT_QOQ":12.56287852711,"ROA":4.485484829467,"HOLDER_PROFIT_QOQ":54.074803985228,"ROE_YEARLY":5.292990494572,"ROIC_YEARLY":5.15279747217,"TOTAL_ASSETS":642568414.88,"TOTAL_LIABILITIES":115790123.75,"TAX_EBT":5.323161323504,"OCF_SALES":5.45522877784,"TOTAL_PARENT_EQUITY":551894363.72,"DEBT_ASSET_RATIO":18.0198903445,"OPERATE_PROFIT":32222928.71,"PRETAX_PROFIT":31262663.46,"NETCASH_OPERATE":33193019.93,"NETCASH_INVEST":15776934.74,"NETCASH_FINANCE":-35584303.72,"END_CASH":101838139.62,"DIVI_RATIO":0.586575333777,"DIVIDEND_RATE":6.024096385542,"CURRENT_RATIO":2.346461457511,"COMMON_ACS":null,"CURRENTDEBT_DEBT":87.969141755063,"ISSUED_COMMON_SHARES":373570560,"HK_COMMON_SHARES":373570560,"PER_SHARES":2000,"TOTAL_MARKET_CAP":310063564.8,"HKSK_MARKET_CAP":310063564.8,"PE_TTM":4.134291111763,"PB_TTM":0.433875003568,"REPORT_DATE_SQ":"2021-12-31 00:00:00","REPORT_TYPE_SQ":"2021年年报","OPERATE_INCOME_SQ":486975641.6,"DPS_HKD":0.05,"OPERATE_INCOME_QOQ_SQ":4.430197607422,"NET_PROFIT_RATIO_SQ":3.7117874604,"HOLDER_PROFIT_SQ":15832006.4,"HOLDER_PROFIT_QOQ_SQ":22.670925439129,"ROE_AVG_SQ":3.283803812903,"PE_TTM_SQ":4.307191614695,"PB_TTM_SQ":0.500245134077,"ROA_SQ":2.643867113046,"START_DATE":"2022-01-01 00:00:00","FISCAL_YEAR":"12-31","CURRENCY":"HKD","IS_CNY_CODE":0,"DPS_HKD_LY":null,"ORG_TYPE":"一般企业","PREMIUM_INCOME":null,"PREMIUM_INCOME_YOY":null,"NET_INTEREST_INCOME":null,"NET_INTEREST_INCOME_YOY":null,"FEE_COMMISSION_INCOME":null,"FEE_COMMISSION_INCOME_YOY":null,"ACCOUNTS_RECE_TDAYS":15.946133227207,"INVENTORY_TDAYS":5.459604947899,"CURRENT_ASSETS_TDAYS":2.595138993396,"TOTAL_ASSETS_TDAYS":0.94578124219,"PREMIUM_EXPENSE":null,"LOAN_DEPOSIT":null,"LOAN_EQUITY":null,"LOAN_ASSETS":null,"DEPOSIT_EQUITY":null,"DEPOSIT_ASSETS":null,"EQUITY_MULTIPLIER":1.219808078084,"EQUITY_RATIO":0.209804867311},{"SECUCODE":"00236.HK","SECURITY_CODE":"00236","SECURITY_NAME_ABBR":"香港生力啤","ORG_CODE":"10007497","STD_REPORT_DATE":"2022-06-30 00:00:00","REPORT_DATE":"2022-06-30 00:00:00","DATE_TYPE_CODE":"002","REPORT_TYPE":"2022年中报","PER_NETCASH_OPERATE":-0.013195138182,"PER_OI":0.716493256214,"BPS":1.385297213571,"BASIC_EPS":0.01026228,"DILUTED_EPS":null,"OPERATE_INCOME":267660786.96,"OPERATE_INCOME_YOY":17.4886916046,"GROSS_PROFIT":88881607.08,"GROSS_PROFIT_YOY":-2.882484934127,"HOLDER_PROFIT":3847499.81,"HOLDER_PROFIT_YOY":293.9579684764,"GROSS_PROFIT_RATIO":33.206809293766,"EPS_TTM":0.050135832037,"OPERATE_INCOME_QOQ":9.445818523667,"NET_PROFIT_RATIO":1.3824987859,"ROE_AVG":0.744885431852,"GROSS_PROFIT_QOQ":-1.32756439437,"ROA":0.635029073153,"HOLDER_PROFIT_QOQ":18.300045975221,"ROE_YEARLY":1.489770863705,"ROIC_YEARLY":1.431696858318,"TOTAL_ASSETS":595095078.97,"TOTAL_LIABILITIES":105988827.84,"TAX_EBT":null,"OCF_SALES":-1.841627687038,"TOTAL_PARENT_EQUITY":517506255.84,"DEBT_ASSET_RATIO":17.8104023349,"OPERATE_PROFIT":4114319.09,"PRETAX_PROFIT":3700407.13,"NETCASH_OPERATE":-4929315.16,"NETCASH_INVEST":-168472.43,"NETCASH_FINANCE":-22672797.28,"END_CASH":59130402.17,"DIVI_RATIO":0.903764795743,"DIVIDEND_RATE":6.024096385542,"CURRENT_RATIO":2.016438658429,"COMMON_ACS":null,"CURRENTDEBT_DEBT":95.074877356055,"ISSUED_COMMON_SHARES":373570560,"HK_COMMON_SHARES":373570560,"PER_SHARES":2000,"TOTAL_MARKET_CAP":310063564.8,"HKSK_MARKET_CAP":310063564.8,"PE_TTM":4.134291111763,"PB_TTM":0.433875003568,"REPORT_DATE_SQ":"2021-06-30 00:00:00","REPORT_TYPE_SQ":"2021年中报","OPERATE_INCOME_SQ":221661951.6,"DPS_HKD":0.05,"OPERATE_INCOME_QOQ_SQ":-0.288052294497,"NET_PROFIT_RATIO_SQ":0.5326676552,"HOLDER_PROFIT_SQ":950235.36,"HOLDER_PROFIT_QOQ_SQ":-10.991171647178,"ROE_AVG_SQ":0.197697054366,"PE_TTM_SQ":4.307191614695,"PB_TTM_SQ":0.500245134077,"ROA_SQ":0.156724539467,"START_DATE":"2022-01-01 00:00:00","FISCAL_YEAR":"12-31","CURRENCY":"HKD","IS_CNY_CODE":0,"DPS_HKD_LY":null,"ORG_TYPE":"一般企业","PREMIUM_INCOME":null,"PREMIUM_INCOME_YOY":null,"NET_INTEREST_INCOME":null,"NET_INTEREST_INCOME_YOY":null,"FEE_COMMISSION_INCOME":null,"FEE_COMMISSION_INCOME_YOY":null,"ACCOUNTS_RECE_TDAYS":7.304603535796,"INVENTORY_TDAYS":3.080160010608,"CURRENT_ASSETS_TDAYS":1.264615030294,"TOTAL_ASSETS_TDAYS":0.441773592869,"PREMIUM_EXPENSE":null,"LOAN_DEPOSIT":null,"LOAN_EQUITY":null,"LOAN_ASSETS":null,"DEPOSIT_EQUITY":null,"DEPOSIT_ASSETS":null,"EQUITY_MULTIPLIER":1.21669898431,"EQUITY_RATIO":0.204806853335},{"SECUCODE":"00236.HK","SECURITY_CODE":"00236","SECURITY_NAME_ABBR":"香港生力啤","ORG_CODE":"10007497","STD_REPORT_DATE":"2021-12-31 00:00:00","REPORT_DATE":"2021-12-31 00:00:00","DATE_TYPE_CODE":"001","REPORT_TYPE":"2021年年报","PER_NETCASH_OPERATE":0.081046390808,"PER_OI":1.303570713924,"BPS":1.319370284425,"BASIC_EPS":0.04088,"DILUTED_EPS":null,"OPERATE_INCOME":486975641.6,"OPERATE_INCOME_YOY":7.1911139586,"GROSS_PROFIT":198712774.4,"GROSS_PROFIT_YOY":-2.994824837032,"HOLDER_PROFIT":15832006.4,"HOLDER_PROFIT_YOY":12.3984211748,"GROSS_PROFIT_RATIO":40.805485413421,"EPS_TTM":0.042380230391,"OPERATE_INCOME_QOQ":4.430197607422,"NET_PROFIT_RATIO":3.7117874604,"ROE_AVG":3.283803812903,"GROSS_PROFIT_QOQ":-1.525249462061,"ROA":2.643867113046,"HOLDER_PROFIT_QOQ":22.670925439129,"ROE_YEARLY":3.283803812903,"ROIC_YEARLY":3.119251276599,"TOTAL_ASSETS":589555008,"TOTAL_LIABILITIES":122622012.8,"TAX_EBT":-0.440688746536,"OCF_SALES":6.217260785473,"TOTAL_PARENT_EQUITY":492877896,"DEBT_ASSET_RATIO":20.799079159,"OPERATE_PROFIT":19256115.2,"PRETAX_PROFIT":17996193.6,"NETCASH_OPERATE":30276545.6,"NETCASH_INVEST":3680835.2,"NETCASH_FINANCE":-43872416,"END_CASH":83237403.2,"DIVI_RATIO":1.069154168871,"DIVIDEND_RATE":6.024096385542,"CURRENT_RATIO":1.775969971089,"COMMON_ACS":null,"CURRENTDEBT_DEBT":96.632172718665,"ISSUED_COMMON_SHARES":373570560,"HK_COMMON_SHARES":373570560,"PER_SHARES":2000,"TOTAL_MARKET_CAP":310063564.8,"HKSK_MARKET_CAP":310063564.8,"PE_TTM":4.134291111763,"PB_TTM":0.433875003568,"REPORT_DATE_SQ":"2020-12-31 00:00:00","REPORT_TYPE_SQ":"2020年年报","OPERATE_INCOME_SQ":467663999.12,"DPS_HKD":0.05,"OPERATE_INCOME_QOQ_SQ":-7.973791435726,"NET_PROFIT_RATIO_SQ":2.4927203424,"HOLDER_PROFIT_SQ":14499773.92,"HOLDER_PROFIT_QOQ_SQ":-22.490254317867,"ROE_AVG_SQ":3.074745697221,"PE_TTM_SQ":4.307191614695,"PB_TTM_SQ":0.500245134077,"ROA_SQ":2.334736867783,"START_DATE":"2021-01-01 00:00:00","FISCAL_YEAR":"12-31","CURRENCY":"HKD","IS_CNY_CODE":0,"DPS_HKD_LY":null,"ORG_TYPE":"一般企业","PREMIUM_INCOME":null,"PREMIUM_INCOME_YOY":null,"NET_INTEREST_INCOME":null,"NET_INTEREST_INCOME_YOY":null,"FEE_COMMISSION_INCOME":null,"FEE_COMMISSION_INCOME_YOY":null,"ACCOUNTS_RECE_TDAYS":14.010373419582,"INVENTORY_TDAYS":5.592696874281,"CURRENT_ASSETS_TDAYS":2.243087514217,"TOTAL_ASSETS_TDAYS":0.813225343113,"PREMIUM_EXPENSE":null,"LOAN_DEPOSIT":null,"LOAN_EQUITY":null,"LOAN_ASSETS":null,"DEPOSIT_EQUITY":null,"DEPOSIT_ASSETS":null,"EQUITY_MULTIPLIER":1.262611582519,"EQUITY_RATIO":0.248787810927},{"SECUCODE":"00236.HK","SECURITY_CODE":"00236","SECURITY_NAME_ABBR":"香港生力啤","ORG_CODE":"10007497","STD_REPORT_DATE":"2021-06-30 00:00:00","REPORT_DATE":"2021-06-30 00:00:00","DATE_TYPE_CODE":"002","REPORT_TYPE":"2021年中报","PER_NETCASH_OPERATE":0.05282431592,"PER_OI":0.593360332249,"BPS":1.289144064029,"BASIC_EPS":0.00249624,"DILUTED_EPS":null,"OPERATE_INCOME":221661951.6,"OPERATE_INCOME_YOY":9.1147774656,"GROSS_PROFIT":91519647.12,"GROSS_PROFIT_YOY":-3.232316414574,"HOLDER_PROFIT":950235.36,"HOLDER_PROFIT_YOY":-58.9946140036,"GROSS_PROFIT_RATIO":41.287937085906,"EPS_TTM":0.034547901419,"OPERATE_INCOME_QOQ":-0.288052294497,"NET_PROFIT_RATIO":0.5326676552,"ROE_AVG":0.197697054366,"GROSS_PROFIT_QOQ":-1.492337240707,"ROA":0.156724539467,"HOLDER_PROFIT_QOQ":-10.991171647178,"ROE_YEARLY":0.395394108732,"ROIC_YEARLY":0.374487006908,"TOTAL_ASSETS":593763967.2,"TOTAL_LIABILITIES":140143906.08,"TAX_EBT":null,"OCF_SALES":8.902569492671,"TOTAL_PARENT_EQUITY":481586269.92,"DEBT_ASSET_RATIO":23.6026289606,"OPERATE_PROFIT":2087688.72,"PRETAX_PROFIT":1180721.52,"NETCASH_OPERATE":19733609.28,"NETCASH_INVEST":-7029411.84,"NETCASH_FINANCE":-22886360.4,"END_CASH":83728882.08,"DIVI_RATIO":1.311541313326,"DIVIDEND_RATE":6.024096385542,"CURRENT_RATIO":1.655324537121,"COMMON_ACS":null,"CURRENTDEBT_DEBT":88.153254248157,"ISSUED_COMMON_SHARES":373570560,"HK_COMMON_SHARES":373570560,"PER_SHARES":2000,"TOTAL_MARKET_CAP":310063564.8,"HKSK_MARKET_CAP":310063564.8,"PE_TTM":4.134291111763,"PB_TTM":0.433875003568,"REPORT_DATE_SQ":"2020-06-30 00:00:00","REPORT_TYPE_SQ":"2020年中报","OPERATE_INCOME_SQ":223009068.48,"DPS_HKD":0.05,"OPERATE_INCOME_QOQ_SQ":-2.196225299441,"NET_PROFIT_RATIO_SQ":0.2449394205,"HOLDER_PROFIT_SQ":2543930.4,"HOLDER_PROFIT_QOQ_SQ":80.294509241349,"ROE_AVG_SQ":0.511370887114,"PE_TTM_SQ":4.307191614695,"PB_TTM_SQ":0.500245134077,"ROA_SQ":0.387995137871,"START_DATE":"2021-01-01 00:00:00","FISCAL_YEAR":"12-31","CURRENCY":"HKD","IS_CNY_CODE":0,"DPS_HKD_LY":null,"ORG_TYPE":"一般企业","PREMIUM_INCOME":null,"PREMIUM_INCOME_YOY":null,"NET_INTEREST_INCOME":null,"NET_INTEREST_INCOME_YOY":null,"FEE_COMMISSION_INCOME":null,"FEE_COMMISSION_INCOME_YOY":null,"ACCOUNTS_RECE_TDAYS":7.303896032682,"INVENTORY_TDAYS":2.76812530419,"CURRENT_ASSETS_TDAYS":1.025675085138,"TOTAL_ASSETS_TDAYS":0.365592238979,"PREMIUM_EXPENSE":null,"LOAN_DEPOSIT":null,"LOAN_EQUITY":null,"LOAN_ASSETS":null,"DEPOSIT_EQUITY":null,"DEPOSIT_ASSETS":null,"EQUITY_MULTIPLIER":1.308945565004,"EQUITY_RATIO":0.291004779067},{"SECUCODE":"00236.HK","SECURITY_CODE":"00236","SECURITY_NAME_ABBR":"香港生力啤","ORG_CODE":"10007497","STD_REPORT_DATE":"2020-12-31 00:00:00","REPORT_DATE":"2020-12-31 00:00:00","DATE_TYPE_CODE":"001","REPORT_TYPE":"2020年年报","PER_NETCASH_OPERATE":0.101849619734,"PER_OI":1.251875948469,"BPS":1.298897502951,"BASIC_EPS":0.042082,"DILUTED_EPS":null,"OPERATE_INCOME":467663999.12,"OPERATE_INCOME_YOY":-4.205154728,"GROSS_PROFIT":204847601.24,"GROSS_PROFIT_YOY":-11.653761605196,"HOLDER_PROFIT":14499773.92,"HOLDER_PROFIT_YOY":48.7352154019,"GROSS_PROFIT_RATIO":43.802302855354,"EPS_TTM":0.038814016608,"OPERATE_INCOME_QOQ":-7.973791435726,"NET_PROFIT_RATIO":2.4927203424,"ROE_AVG":3.074745697221,"GROSS_PROFIT_QOQ":-7.064266293576,"ROA":2.334736867783,"HOLDER_PROFIT_QOQ":-22.490254317867,"ROE_YEARLY":3.074745697221,"ROIC_YEARLY":2.752111848075,"TOTAL_ASSETS":625964700.16,"TOTAL_LIABILITIES":168944922.12,"TAX_EBT":-10.392922610983,"OCF_SALES":8.135759765899,"TOTAL_PARENT_EQUITY":485229867.56,"DEBT_ASSET_RATIO":26.989528655,"OPERATE_PROFIT":12557268.8,"PRETAX_PROFIT":10560057.08,"NETCASH_OPERATE":38048019.48,"NETCASH_INVEST":-26059699.32,"NETCASH_FINANCE":-10151020.04,"END_CASH":94548995.96,"DIVI_RATIO":1.167387556354,"DIVIDEND_RATE":6.024096385542,"CURRENT_RATIO":1.708782357863,"COMMON_ACS":null,"CURRENTDEBT_DEBT":79.78857487309,"ISSUED_COMMON_SHARES":373570560,"HK_COMMON_SHARES":373570560,"PER_SHARES":2000,"TOTAL_MARKET_CAP":310063564.8,"HKSK_MARKET_CAP":310063564.8,"PE_TTM":4.134291111763,"PB_TTM":0.433875003568,"REPORT_DATE_SQ":"2019-12-31 00:00:00","REPORT_TYPE_SQ":"2019年年报","OPERATE_INCOME_SQ":519597189,"DPS_HKD":0.05,"OPERATE_INCOME_QOQ_SQ":-0.543526195836,"NET_PROFIT_RATIO_SQ":1.4309111284,"HOLDER_PROFIT_SQ":10375819.74,"HOLDER_PROFIT_QOQ_SQ":115.825137160338,"ROE_AVG_SQ":2.164557174919,"PE_TTM_SQ":4.307191614695,"PB_TTM_SQ":0.500245134077,"ROA_SQ":1.583280081194,"START_DATE":"2020-01-01 00:00:00","FISCAL_YEAR":"12-31","CURRENCY":"HKD","IS_CNY_CODE":0,"DPS_HKD_LY":null,"ORG_TYPE":"一般企业","PREMIUM_INCOME":null,"PREMIUM_INCOME_YOY":null,"NET_INTEREST_INCOME":null,"NET_INTEREST_INCOME_YOY":null,"FEE_COMMISSION_INCOME":null,"FEE_COMMISSION_INCOME_YOY":null,"ACCOUNTS_RECE_TDAYS":11.800666850723,"INVENTORY_TDAYS":5.796892403653,"CURRENT_ASSETS_TDAYS":2.110408896519,"TOTAL_ASSETS_TDAYS":0.753027175806,"PREMIUM_EXPENSE":null,"LOAN_DEPOSIT":null,"LOAN_EQUITY":null,"LOAN_ASSETS":null,"DEPOSIT_EQUITY":null,"DEPOSIT_ASSETS":null,"EQUITY_MULTIPLIER":1.369666544508,"EQUITY_RATIO":0.348175026755},{"SECUCODE":"00236.HK","SECURITY_CODE":"00236","SECURITY_NAME_ABBR":"香港生力啤","ORG_CODE":"10007497","STD_REPORT_DATE":"2020-06-30 00:00:00","REPORT_DATE":"2020-06-30 00:00:00","DATE_TYPE_CODE":"002","REPORT_TYPE":"2020年中报","PER_NETCASH_OPERATE":0.019512381275,"PER_OI":0.596966389643,"BPS":1.332967053935,"BASIC_EPS":0.00730752,"DILUTED_EPS":null,"OPERATE_INCOME":223009068.48,"OPERATE_INCOME_YOY":-8.3860557619,"GROSS_PROFIT":94576664.16,"GROSS_PROFIT_YOY":-10.799603512077,"HOLDER_PROFIT":2543930.4,"HOLDER_PROFIT_YOY":142.3316613467,"GROSS_PROFIT_RATIO":42.409335550622,"EPS_TTM":0.050076304942,"OPERATE_INCOME_QOQ":-2.196225299441,"NET_PROFIT_RATIO":0.2449394205,"ROE_AVG":0.511370887114,"GROSS_PROFIT_QOQ":-4.938353772638,"ROA":0.387995137871,"HOLDER_PROFIT_QOQ":80.294509241349,"ROE_YEARLY":1.022741774227,"ROIC_YEARLY":0.896024914962,"TOTAL_ASSETS":642633356.64,"TOTAL_LIABILITIES":171842726.88,"TAX_EBT":null,"OCF_SALES":3.268589591303,"TOTAL_PARENT_EQUITY":497957248.8,"DEBT_ASSET_RATIO":26.7403994991,"OPERATE_PROFIT":1839668.16,"PRETAX_PROFIT":546237.12,"NETCASH_OPERATE":7289251.2,"NETCASH_INVEST":3942407.04,"NETCASH_FINANCE":-11638139.04,"END_CASH":96397150.08,"DIVI_RATIO":0.904839126055,"DIVIDEND_RATE":6.024096385542,"CURRENT_RATIO":2.071461502997,"COMMON_ACS":null,"CURRENTDEBT_DEBT":59.953116777496,"ISSUED_COMMON_SHARES":373570560,"HK_COMMON_SHARES":373570560,"PER_SHARES":2000,"TOTAL_MARKET_CAP":310063564.8,"HKSK_MARKET_CAP":310063564.8,"PE_TTM":4.134291111763,"PB_TTM":0.433875003568,"REPORT_DATE_SQ":"2019-06-30 00:00:00","REPORT_TYPE_SQ":"2019年中报","OPERATE_INCOME_SQ":234420593.4,"DPS_HKD":0.05,"OPERATE_INCOME_QOQ_SQ":1.991737334408,"NET_PROFIT_RATIO_SQ":-3.1149386469,"HOLDER_PROFIT_SQ":-5787283.14,"HOLDER_PROFIT_QOQ_SQ":-1.731062947889,"ROE_AVG_SQ":-1.25876172974,"PE_TTM_SQ":4.307191614695,"PB_TTM_SQ":0.500245134077,"ROA_SQ":-0.90635127828,"START_DATE":"2020-01-01 00:00:00","FISCAL_YEAR":"12-31","CURRENCY":"HKD","IS_CNY_CODE":0,"DPS_HKD_LY":null,"ORG_TYPE":"一般企业","PREMIUM_INCOME":null,"PREMIUM_INCOME_YOY":null,"NET_INTEREST_INCOME":null,"NET_INTEREST_INCOME_YOY":null,"FEE_COMMISSION_INCOME":null,"FEE_COMMISSION_INCOME_YOY":null,"ACCOUNTS_RECE_TDAYS":4.845673682853,"INVENTORY_TDAYS":2.878201060367,"CURRENT_ASSETS_TDAYS":1.003580369218,"TOTAL_ASSETS_TDAYS":0.340128936984,"PREMIUM_EXPENSE":null,"LOAN_DEPOSIT":null,"LOAN_EQUITY":null,"LOAN_ASSETS":null,"DEPOSIT_EQUITY":null,"DEPOSIT_ASSETS":null,"EQUITY_MULTIPLIER":1.365008808624,"EQUITY_RATIO":0.345095341606}],"count":48},"success":true,"message":"ok","code":0}