{"version":"db8b7accd9fd02c8693b5d27228e852a","result":{"pages":6,"data":[{"SECUCODE":"00230.HK","SECURITY_CODE":"00230","SECURITY_NAME_ABBR":"五矿地产","ORG_CODE":"10007492","STD_REPORT_DATE":"2024-06-30 00:00:00","REPORT_DATE":"2024-06-30 00:00:00","DATE_TYPE_CODE":"002","REPORT_TYPE":"2024年中报","PER_NETCASH_OPERATE":0.264860087137,"PER_OI":1.369807796329,"BPS":1.148143174512,"BASIC_EPS":-0.284847428,"DILUTED_EPS":-0.284847428,"OPERATE_INCOME":4584620722.68,"OPERATE_INCOME_YOY":-39.7915883835,"GROSS_PROFIT":342431147.24,"GROSS_PROFIT_YOY":-79.40080480359,"HOLDER_PROFIT":-953284220.52,"HOLDER_PROFIT_YOY":-1035.1427573796,"GROSS_PROFIT_RATIO":7.469127065321,"EPS_TTM":-0.590558698587,"OPERATE_INCOME_QOQ":-27.149163416114,"NET_PROFIT_RATIO":-20.9018024383,"ROE_AVG":-21.995148381423,"GROSS_PROFIT_QOQ":-67.041062896507,"ROA":-2.064337775307,"HOLDER_PROFIT_QOQ":-114.775916949782,"ROE_YEARLY":-43.990296762847,"ROIC_YEARLY":-5.377013088737,"TOTAL_ASSETS":43460416985.48,"TOTAL_LIABILITIES":32258975784.4,"TAX_EBT":-3.662828984717,"OCF_SALES":19.335565752139,"TOTAL_PARENT_EQUITY":3842729618.4,"DEBT_ASSET_RATIO":74.2261073914,"OPERATE_PROFIT":-678398694.72,"PRETAX_PROFIT":-924408850.68,"NETCASH_OPERATE":886462354.32,"NETCASH_INVEST":63918631.12,"NETCASH_FINANCE":-1348379741.8,"END_CASH":2700830036.4,"DIVI_RATIO":null,"DIVIDEND_RATE":null,"CURRENT_RATIO":1.469112148759,"COMMON_ACS":10000000000,"CURRENTDEBT_DEBT":79.808147214922,"ISSUED_COMMON_SHARES":3346908037,"HK_COMMON_SHARES":3346908037,"PER_SHARES":2000,"TOTAL_MARKET_CAP":1271825054.06,"HKSK_MARKET_CAP":1271825054.06,"PE_TTM":-0.585635702012,"PB_TTM":0.302068947235,"REPORT_DATE_SQ":"2023-06-30 00:00:00","REPORT_TYPE_SQ":"2023年中报","OPERATE_INCOME_SQ":7692175947.9,"DPS_HKD":null,"OPERATE_INCOME_QOQ_SQ":25.792540867416,"NET_PROFIT_RATIO_SQ":7.1093315978,"HOLDER_PROFIT_SQ":102978712.14,"HOLDER_PROFIT_QOQ_SQ":2.116675861623,"ROE_AVG_SQ":1.702578539215,"PE_TTM_SQ":-0.661361414787,"PB_TTM_SQ":0.140762016899,"ROA_SQ":0.175980613378,"START_DATE":"2024-01-01 00:00:00","FISCAL_YEAR":"12-31","CURRENCY":"HKD","IS_CNY_CODE":0,"DPS_HKD_LY":null,"ORG_TYPE":"一般企业","PREMIUM_INCOME":null,"PREMIUM_INCOME_YOY":null,"NET_INTEREST_INCOME":null,"NET_INTEREST_INCOME_YOY":null,"FEE_COMMISSION_INCOME":null,"FEE_COMMISSION_INCOME_YOY":null,"ACCOUNTS_RECE_TDAYS":null,"INVENTORY_TDAYS":0.146828799693,"CURRENT_ASSETS_TDAYS":0.113488896854,"TOTAL_ASSETS_TDAYS":0.099280000021,"PREMIUM_EXPENSE":null,"LOAN_DEPOSIT":null,"LOAN_EQUITY":null,"LOAN_ASSETS":null,"DEPOSIT_EQUITY":null,"DEPOSIT_ASSETS":null,"EQUITY_MULTIPLIER":3.879895113966,"EQUITY_RATIO":8.394807594564},{"SECUCODE":"00230.HK","SECURITY_CODE":"00230","SECURITY_NAME_ABBR":"五矿地产","ORG_CODE":"10007492","STD_REPORT_DATE":"2023-12-31 00:00:00","REPORT_DATE":"2023-12-31 00:00:00","DATE_TYPE_CODE":"001","REPORT_TYPE":"2023年年报","PER_NETCASH_OPERATE":0.114126747965,"PER_OI":3.419941082946,"BPS":1.431544463192,"BASIC_EPS":-0.274947148,"DILUTED_EPS":-0.274947148,"OPERATE_INCOME":11446228296.58,"OPERATE_INCOME_YOY":25.4975667515,"GROSS_PROFIT":1968824572.96,"GROSS_PROFIT_YOY":109.250457352133,"HOLDER_PROFIT":-920282721.96,"HOLDER_PROFIT_YOY":25.4648182563,"GROSS_PROFIT_RATIO":17.200640437586,"EPS_TTM":-0.274965045883,"OPERATE_INCOME_QOQ":1.211837603842,"NET_PROFIT_RATIO":-4.1619575862,"ROE_AVG":-16.776273565869,"GROSS_PROFIT_QOQ":4.796662769217,"ROA":-1.679066989022,"HOLDER_PROFIT_QOQ":22.749108660712,"ROE_YEARLY":-16.776273565869,"ROIC_YEARLY":-2.236899468669,"TOTAL_ASSETS":48550875151.66,"TOTAL_LIABILITIES":35548752299.76,"TAX_EBT":525.439654265435,"OCF_SALES":3.337096903039,"TOTAL_PARENT_EQUITY":4791247669.18,"DEBT_ASSET_RATIO":73.2195911788,"OPERATE_PROFIT":537001504.06,"PRETAX_PROFIT":111975261.86,"NETCASH_OPERATE":381971730,"NETCASH_INVEST":1180962342.28,"NETCASH_FINANCE":-5354361902.54,"END_CASH":3090884427.68,"DIVI_RATIO":null,"DIVIDEND_RATE":null,"CURRENT_RATIO":1.533775516035,"COMMON_ACS":10000000000,"CURRENTDEBT_DEBT":78.254438186591,"ISSUED_COMMON_SHARES":3346908037,"HK_COMMON_SHARES":3346908037,"PER_SHARES":2000,"TOTAL_MARKET_CAP":1137948732.58,"HKSK_MARKET_CAP":1137948732.58,"PE_TTM":-0.523989838643,"PB_TTM":0.270272215947,"REPORT_DATE_SQ":"2022-12-31 00:00:00","REPORT_TYPE_SQ":"2022年年报","OPERATE_INCOME_SQ":8990341819.83,"DPS_HKD":null,"OPERATE_INCOME_QOQ_SQ":-23.874813326232,"NET_PROFIT_RATIO_SQ":-13.5150288702,"HOLDER_PROFIT_SQ":-1217051790.36,"HOLDER_PROFIT_QOQ_SQ":-1328.59760279944,"ROE_AVG_SQ":-16.181339775142,"PE_TTM_SQ":-0.723754001087,"PB_TTM_SQ":0.154041452455,"ROA_SQ":-1.884982657303,"START_DATE":"2023-01-01 00:00:00","FISCAL_YEAR":"12-31","CURRENCY":"HKD","IS_CNY_CODE":0,"DPS_HKD_LY":null,"ORG_TYPE":"一般企业","PREMIUM_INCOME":null,"PREMIUM_INCOME_YOY":null,"NET_INTEREST_INCOME":null,"NET_INTEREST_INCOME_YOY":null,"FEE_COMMISSION_INCOME":null,"FEE_COMMISSION_INCOME_YOY":null,"ACCOUNTS_RECE_TDAYS":null,"INVENTORY_TDAYS":0.286102244426,"CURRENT_ASSETS_TDAYS":0.235593160051,"TOTAL_ASSETS_TDAYS":0.208837823671,"PREMIUM_EXPENSE":null,"LOAN_DEPOSIT":null,"LOAN_EQUITY":null,"LOAN_ASSETS":null,"DEPOSIT_EQUITY":null,"DEPOSIT_ASSETS":null,"EQUITY_MULTIPLIER":3.734072943683,"EQUITY_RATIO":7.419518829809},{"SECUCODE":"00230.HK","SECURITY_CODE":"00230","SECURITY_NAME_ABBR":"五矿地产","ORG_CODE":"10007492","STD_REPORT_DATE":"2023-06-30 00:00:00","REPORT_DATE":"2023-06-30 00:00:00","DATE_TYPE_CODE":"002","REPORT_TYPE":"2023年中报","PER_NETCASH_OPERATE":0.126483044147,"PER_OI":2.298293189673,"BPS":1.735728894645,"BASIC_EPS":0.030794132,"DILUTED_EPS":0.030794132,"OPERATE_INCOME":7692175947.9,"OPERATE_INCOME_YOY":32.784118309,"GROSS_PROFIT":1662352067.52,"GROSS_PROFIT_YOY":129.436578052724,"HOLDER_PROFIT":102978712.14,"HOLDER_PROFIT_YOY":23.7006190956,"GROSS_PROFIT_RATIO":21.610947003544,"EPS_TTM":-0.355937700027,"OPERATE_INCOME_QOQ":25.792540867416,"NET_PROFIT_RATIO":7.1093315978,"ROE_AVG":1.702578539215,"GROSS_PROFIT_QOQ":99.672825281606,"ROA":0.175980613378,"HOLDER_PROFIT_QOQ":2.116675861623,"ROE_YEARLY":3.40515707843,"ROIC_YEARLY":0.484849742398,"TOTAL_ASSETS":54904665945.58,"TOTAL_LIABILITIES":39816665159.2,"TAX_EBT":42.458381839348,"OCF_SALES":5.503346775571,"TOTAL_PARENT_EQUITY":5809324987.54,"DEBT_ASSET_RATIO":72.5196383103,"OPERATE_PROFIT":1140693017.58,"PRETAX_PROFIT":950376984,"NETCASH_OPERATE":423327117,"NETCASH_INVEST":4736211.26,"NETCASH_FINANCE":-828169456.98,"END_CASH":6484812712.56,"DIVI_RATIO":null,"DIVIDEND_RATE":null,"CURRENT_RATIO":1.783322454294,"COMMON_ACS":10000000000,"CURRENTDEBT_DEBT":68.646472332263,"ISSUED_COMMON_SHARES":3346908037,"HK_COMMON_SHARES":3346908037,"PER_SHARES":2000,"TOTAL_MARKET_CAP":1137948732.58,"HKSK_MARKET_CAP":1137948732.58,"PE_TTM":-0.523989838643,"PB_TTM":0.270272215947,"REPORT_DATE_SQ":"2022-06-30 00:00:00","REPORT_TYPE_SQ":"2022年中报","OPERATE_INCOME_SQ":5373338359.9,"DPS_HKD":null,"OPERATE_INCOME_QOQ_SQ":12.098815711628,"NET_PROFIT_RATIO_SQ":0.7981907337,"HOLDER_PROFIT_SQ":77217670.67,"HOLDER_PROFIT_QOQ_SQ":35.815658005139,"ROE_AVG_SQ":0.942316276086,"PE_TTM_SQ":-0.723754001087,"PB_TTM_SQ":0.154041452455,"ROA_SQ":0.121717176156,"START_DATE":"2023-01-01 00:00:00","FISCAL_YEAR":"12-31","CURRENCY":"HKD","IS_CNY_CODE":0,"DPS_HKD_LY":null,"ORG_TYPE":"一般企业","PREMIUM_INCOME":null,"PREMIUM_INCOME_YOY":null,"NET_INTEREST_INCOME":null,"NET_INTEREST_INCOME_YOY":null,"FEE_COMMISSION_INCOME":null,"FEE_COMMISSION_INCOME_YOY":null,"ACCOUNTS_RECE_TDAYS":null,"INVENTORY_TDAYS":0.178682779975,"CURRENT_ASSETS_TDAYS":0.147652350536,"TOTAL_ASSETS_TDAYS":0.131451813039,"PREMIUM_EXPENSE":null,"LOAN_DEPOSIT":null,"LOAN_EQUITY":null,"LOAN_ASSETS":null,"DEPOSIT_EQUITY":null,"DEPOSIT_ASSETS":null,"EQUITY_MULTIPLIER":3.63896229348,"EQUITY_RATIO":6.853922830036},{"SECUCODE":"00230.HK","SECURITY_CODE":"00230","SECURITY_NAME_ABBR":"五矿地产","ORG_CODE":"10007492","STD_REPORT_DATE":"2022-12-31 00:00:00","REPORT_DATE":"2022-12-31 00:00:00","DATE_TYPE_CODE":"001","REPORT_TYPE":"2022年年报","PER_NETCASH_OPERATE":-0.818148376074,"PER_OI":2.686163384366,"BPS":1.820092037931,"BASIC_EPS":-0.363650217,"DILUTED_EPS":-0.363650217,"OPERATE_INCOME":8990341819.83,"OPERATE_INCOME_YOY":-21.8934367084,"GROSS_PROFIT":940893796.78,"GROSS_PROFIT_YOY":-51.758009686302,"HOLDER_PROFIT":-1217051790.36,"HOLDER_PROFIT_YOY":-1627.2763958793,"GROSS_PROFIT_RATIO":10.465606487894,"EPS_TTM":-0.363634667253,"OPERATE_INCOME_QOQ":-23.874813326232,"NET_PROFIT_RATIO":-13.5150288702,"ROE_AVG":-16.181339775142,"GROSS_PROFIT_QOQ":-47.269610232747,"ROA":-1.884982657303,"HOLDER_PROFIT_QOQ":-1328.59760279944,"ROE_YEARLY":-16.181339775142,"ROIC_YEARLY":-2.588743621863,"TOTAL_ASSETS":60194807821.75,"TOTAL_LIABILITIES":45177065041.29,"TAX_EBT":-32.995814254999,"OCF_SALES":-30.457878356752,"TOTAL_PARENT_EQUITY":6091680669.83,"DEBT_ASSET_RATIO":75.0514316369,"OPERATE_PROFIT":-370552514.29,"PRETAX_PROFIT":-913598145.39,"NETCASH_OPERATE":-2738267375.34,"NETCASH_INVEST":-430515049.58,"NETCASH_FINANCE":1070764535.54,"END_CASH":6879394740.47,"DIVI_RATIO":null,"DIVIDEND_RATE":null,"CURRENT_RATIO":1.832387057552,"COMMON_ACS":10000000000,"CURRENTDEBT_DEBT":64.897428324514,"ISSUED_COMMON_SHARES":3346908037,"HK_COMMON_SHARES":3346908037,"PER_SHARES":2000,"TOTAL_MARKET_CAP":1037541491.47,"HKSK_MARKET_CAP":1037541491.47,"PE_TTM":-0.477755441115,"PB_TTM":0.246424667481,"REPORT_DATE_SQ":"2021-12-31 00:00:00","REPORT_TYPE_SQ":"2021年年报","OPERATE_INCOME_SQ":10535297628.8,"DPS_HKD":null,"OPERATE_INCOME_QOQ_SQ":29.980359706285,"NET_PROFIT_RATIO_SQ":4.9031875643,"HOLDER_PROFIT_SQ":72937278.4,"HOLDER_PROFIT_QOQ_SQ":-24.080470502842,"ROE_AVG_SQ":0.685823901035,"PE_TTM_SQ":-0.723754001087,"PB_TTM_SQ":0.154041452455,"ROA_SQ":0.122572683129,"START_DATE":"2022-01-01 00:00:00","FISCAL_YEAR":"12-31","CURRENCY":"HKD","IS_CNY_CODE":0,"DPS_HKD_LY":0.01,"ORG_TYPE":"一般企业","PREMIUM_INCOME":null,"PREMIUM_INCOME_YOY":null,"NET_INTEREST_INCOME":null,"NET_INTEREST_INCOME_YOY":null,"FEE_COMMISSION_INCOME":null,"FEE_COMMISSION_INCOME_YOY":null,"ACCOUNTS_RECE_TDAYS":null,"INVENTORY_TDAYS":0.218137049229,"CURRENT_ASSETS_TDAYS":0.155807521103,"TOTAL_ASSETS_TDAYS":0.139243362919,"PREMIUM_EXPENSE":null,"LOAN_DEPOSIT":null,"LOAN_EQUITY":null,"LOAN_ASSETS":null,"DEPOSIT_EQUITY":null,"DEPOSIT_ASSETS":null,"EQUITY_MULTIPLIER":4.008246026169,"EQUITY_RATIO":7.416190619616},{"SECUCODE":"00230.HK","SECURITY_CODE":"00230","SECURITY_NAME_ABBR":"五矿地产","ORG_CODE":"10007492","STD_REPORT_DATE":"2022-06-30 00:00:00","REPORT_DATE":"2022-06-30 00:00:00","DATE_TYPE_CODE":"002","REPORT_TYPE":"2022年中报","PER_NETCASH_OPERATE":-0.505633546366,"PER_OI":1.605463400995,"BPS":2.33633825944,"BASIC_EPS":0.02309013,"DILUTED_EPS":0.02309013,"OPERATE_INCOME":5373338359.9,"OPERATE_INCOME_YOY":27.5561381523,"GROSS_PROFIT":724536637.37,"GROSS_PROFIT_YOY":-18.641766596904,"HOLDER_PROFIT":77217670.67,"HOLDER_PROFIT_YOY":47.0426342703,"GROSS_PROFIT_RATIO":13.48391984352,"EPS_TTM":0.029597540026,"OPERATE_INCOME_QOQ":12.098815711628,"NET_PROFIT_RATIO":0.7981907337,"ROE_AVG":0.942316276086,"GROSS_PROFIT_QOQ":-8.511978525791,"ROA":0.121717176156,"HOLDER_PROFIT_QOQ":35.815658005139,"ROE_YEARLY":1.884632552173,"ROIC_YEARLY":0.334892108675,"TOTAL_ASSETS":60882696742.28,"TOTAL_LIABILITIES":44173479697.9,"TAX_EBT":81.489423740574,"OCF_SALES":-31.494554535023,"TOTAL_PARENT_EQUITY":7819509297.67,"DEBT_ASSET_RATIO":72.5550641833,"OPERATE_PROFIT":185019501.31,"PRETAX_PROFIT":231702613.03,"NETCASH_OPERATE":-1692308980.11,"NETCASH_INVEST":-23466413.6,"NETCASH_FINANCE":32330457.95,"END_CASH":7284150950.58,"DIVI_RATIO":null,"DIVIDEND_RATE":null,"CURRENT_RATIO":1.80798788224,"COMMON_ACS":10000000000,"CURRENTDEBT_DEBT":68.040251359978,"ISSUED_COMMON_SHARES":3346908037,"HK_COMMON_SHARES":3346908037,"PER_SHARES":2000,"TOTAL_MARKET_CAP":1137948732.58,"HKSK_MARKET_CAP":1137948732.58,"PE_TTM":-0.523989838643,"PB_TTM":0.270272215947,"REPORT_DATE_SQ":"2021-06-30 00:00:00","REPORT_TYPE_SQ":"2021年中报","OPERATE_INCOME_SQ":4098692115.12,"DPS_HKD":null,"OPERATE_INCOME_QOQ_SQ":25.695759109665,"NET_PROFIT_RATIO_SQ":8.0532067735,"HOLDER_PROFIT_SQ":51094704.48,"HOLDER_PROFIT_QOQ_SQ":1.58259369422,"ROE_AVG_SQ":0.47898325068,"PE_TTM_SQ":-0.723754001087,"PB_TTM_SQ":0.154041452455,"ROA_SQ":0.08475771328,"START_DATE":"2022-01-01 00:00:00","FISCAL_YEAR":"12-31","CURRENCY":"HKD","IS_CNY_CODE":0,"DPS_HKD_LY":0.01,"ORG_TYPE":"一般企业","PREMIUM_INCOME":null,"PREMIUM_INCOME_YOY":null,"NET_INTEREST_INCOME":null,"NET_INTEREST_INCOME_YOY":null,"FEE_COMMISSION_INCOME":null,"FEE_COMMISSION_INCOME_YOY":null,"ACCOUNTS_RECE_TDAYS":null,"INVENTORY_TDAYS":0.128145274468,"CURRENT_ASSETS_TDAYS":0.094775480537,"TOTAL_ASSETS_TDAYS":0.084699210171,"PREMIUM_EXPENSE":null,"LOAN_DEPOSIT":null,"LOAN_EQUITY":null,"LOAN_ASSETS":null,"DEPOSIT_EQUITY":null,"DEPOSIT_ASSETS":null,"EQUITY_MULTIPLIER":3.643659459358,"EQUITY_RATIO":5.649137051485},{"SECUCODE":"00230.HK","SECURITY_CODE":"00230","SECURITY_NAME_ABBR":"五矿地产","ORG_CODE":"10007492","STD_REPORT_DATE":"2021-12-31 00:00:00","REPORT_DATE":"2021-12-31 00:00:00","DATE_TYPE_CODE":"001","REPORT_TYPE":"2021年年报","PER_NETCASH_OPERATE":0.676130784528,"PER_OI":3.147770274036,"BPS":2.447850022477,"BASIC_EPS":0.02182992,"DILUTED_EPS":0.02182992,"OPERATE_INCOME":10535297628.8,"OPERATE_INCOME_YOY":68.1836775022,"GROSS_PROFIT":1950362724.8,"GROSS_PROFIT_YOY":88.331791670009,"HOLDER_PROFIT":72937278.4,"HOLDER_PROFIT_YOY":-20.6113731423,"GROSS_PROFIT_RATIO":18.512649509477,"EPS_TTM":0.021792435763,"OPERATE_INCOME_QOQ":29.980359706285,"NET_PROFIT_RATIO":4.9031875643,"ROE_AVG":0.685823901035,"GROSS_PROFIT_QOQ":29.76755036972,"ROA":0.122572683129,"HOLDER_PROFIT_QOQ":-24.080470502842,"ROE_YEARLY":0.685823901035,"ROIC_YEARLY":0.166974324504,"TOTAL_ASSETS":63096844294.4,"TOTAL_LIABILITIES":44195640260.8,"TAX_EBT":40.615959260631,"OCF_SALES":21.479673726672,"TOTAL_PARENT_EQUITY":8192728913.6,"DEBT_ASSET_RATIO":70.0441373179,"OPERATE_PROFIT":975927422.4,"PRETAX_PROFIT":869872438.4,"NETCASH_OPERATE":2262947556.8,"NETCASH_INVEST":-480450376,"NETCASH_FINANCE":439420755.2,"END_CASH":8957728617.6,"DIVI_RATIO":null,"DIVIDEND_RATE":null,"CURRENT_RATIO":1.761702612744,"COMMON_ACS":10000000000,"CURRENTDEBT_DEBT":72.508614459928,"ISSUED_COMMON_SHARES":3346908037,"HK_COMMON_SHARES":3346908037,"PER_SHARES":2000,"TOTAL_MARKET_CAP":1037541491.47,"HKSK_MARKET_CAP":1037541491.47,"PE_TTM":-0.477755441115,"PB_TTM":0.246424667481,"REPORT_DATE_SQ":"2020-12-31 00:00:00","REPORT_TYPE_SQ":"2020年年报","OPERATE_INCOME_SQ":6448347739.44,"DPS_HKD":null,"OPERATE_INCOME_QOQ_SQ":-15.186050467312,"NET_PROFIT_RATIO_SQ":5.7081728913,"HOLDER_PROFIT_SQ":94575086.8,"HOLDER_PROFIT_QOQ_SQ":-46.840139960889,"ROE_AVG_SQ":0.846670254674,"PE_TTM_SQ":-0.723754001087,"PB_TTM_SQ":0.154041452455,"ROA_SQ":0.191514034764,"START_DATE":"2021-01-01 00:00:00","FISCAL_YEAR":"12-31","CURRENCY":"HKD","IS_CNY_CODE":0,"DPS_HKD_LY":0.01,"ORG_TYPE":"一般企业","PREMIUM_INCOME":null,"PREMIUM_INCOME_YOY":null,"NET_INTEREST_INCOME":null,"NET_INTEREST_INCOME_YOY":null,"FEE_COMMISSION_INCOME":null,"FEE_COMMISSION_INCOME_YOY":null,"ACCOUNTS_RECE_TDAYS":null,"INVENTORY_TDAYS":0.27129612711,"CURRENT_ASSETS_TDAYS":0.198642813392,"TOTAL_ASSETS_TDAYS":0.177047968645,"PREMIUM_EXPENSE":null,"LOAN_DEPOSIT":null,"LOAN_EQUITY":null,"LOAN_ASSETS":null,"DEPOSIT_EQUITY":null,"DEPOSIT_ASSETS":null,"EQUITY_MULTIPLIER":3.338244705593,"EQUITY_RATIO":5.394495622507},{"SECUCODE":"00230.HK","SECURITY_CODE":"00230","SECURITY_NAME_ABBR":"五矿地产","ORG_CODE":"10007492","STD_REPORT_DATE":"2021-06-30 00:00:00","REPORT_DATE":"2021-06-30 00:00:00","DATE_TYPE_CODE":"002","REPORT_TYPE":"2021年中报","PER_NETCASH_OPERATE":0.988289341157,"PER_OI":1.224620476514,"BPS":2.39385005073,"BASIC_EPS":0.015227064,"DILUTED_EPS":0.015227064,"OPERATE_INCOME":4098692115.12,"OPERATE_INCOME_YOY":84.2726081748,"GROSS_PROFIT":890551093.68,"GROSS_PROFIT_YOY":110.440652240004,"HOLDER_PROFIT":51094704.48,"HOLDER_PROFIT_YOY":13.0907215735,"GROSS_PROFIT_RATIO":21.727689435241,"EPS_TTM":0.02870465071,"OPERATE_INCOME_QOQ":25.695759109665,"NET_PROFIT_RATIO":8.0532067735,"ROE_AVG":0.47898325068,"GROSS_PROFIT_QOQ":45.130112368951,"ROA":0.08475771328,"HOLDER_PROFIT_QOQ":1.58259369422,"ROE_YEARLY":0.957966501359,"ROIC_YEARLY":0.232842276886,"TOTAL_ASSETS":63662432479.2,"TOTAL_LIABILITIES":46002333276,"TAX_EBT":36.679053493213,"OCF_SALES":80.701683510159,"TOTAL_PARENT_EQUITY":10062888452.4,"DEBT_ASSET_RATIO":72.2597794092,"OPERATE_PROFIT":535807098.96,"PRETAX_PROFIT":521274821.76,"NETCASH_OPERATE":3307713538.8,"NETCASH_INVEST":-636051936.96,"NETCASH_FINANCE":1361707240.8,"END_CASH":10963382070,"DIVI_RATIO":null,"DIVIDEND_RATE":null,"CURRENT_RATIO":1.739986873558,"COMMON_ACS":10000000000,"CURRENTDEBT_DEBT":71.240794451393,"ISSUED_COMMON_SHARES":3346908037,"HK_COMMON_SHARES":3346908037,"PER_SHARES":2000,"TOTAL_MARKET_CAP":1137948732.58,"HKSK_MARKET_CAP":1137948732.58,"PE_TTM":-0.523989838643,"PB_TTM":0.270272215947,"REPORT_DATE_SQ":"2020-06-30 00:00:00","REPORT_TYPE_SQ":"2020年中报","OPERATE_INCOME_SQ":2441740213.44,"DPS_HKD":null,"OPERATE_INCOME_QOQ_SQ":-24.632133739025,"NET_PROFIT_RATIO_SQ":9.392636187,"HOLDER_PROFIT_SQ":49597965.12,"HOLDER_PROFIT_QOQ_SQ":-78.932009274272,"ROE_AVG_SQ":0.430303551902,"PE_TTM_SQ":-0.723754001087,"PB_TTM_SQ":0.154041452455,"ROA_SQ":0.110283945412,"START_DATE":"2021-01-01 00:00:00","FISCAL_YEAR":"12-31","CURRENCY":"HKD","IS_CNY_CODE":0,"DPS_HKD_LY":0.01,"ORG_TYPE":"一般企业","PREMIUM_INCOME":null,"PREMIUM_INCOME_YOY":null,"NET_INTEREST_INCOME":null,"NET_INTEREST_INCOME_YOY":null,"FEE_COMMISSION_INCOME":null,"FEE_COMMISSION_INCOME_YOY":null,"ACCOUNTS_RECE_TDAYS":null,"INVENTORY_TDAYS":0.101323822123,"CURRENT_ASSETS_TDAYS":0.076240393073,"TOTAL_ASSETS_TDAYS":0.067990562751,"PREMIUM_EXPENSE":null,"LOAN_DEPOSIT":null,"LOAN_EQUITY":null,"LOAN_ASSETS":null,"DEPOSIT_EQUITY":null,"DEPOSIT_ASSETS":null,"EQUITY_MULTIPLIER":3.604874001368,"EQUITY_RATIO":4.571483972381},{"SECUCODE":"00230.HK","SECURITY_CODE":"00230","SECURITY_NAME_ABBR":"五矿地产","ORG_CODE":"10007492","STD_REPORT_DATE":"2020-12-31 00:00:00","REPORT_DATE":"2020-12-31 00:00:00","DATE_TYPE_CODE":"001","REPORT_TYPE":"2020年年报","PER_NETCASH_OPERATE":-0.581462731526,"PER_OI":1.926658177683,"BPS":2.413828234994,"BASIC_EPS":0.028279104,"DILUTED_EPS":0.028279104,"OPERATE_INCOME":6448347739.44,"OPERATE_INCOME_YOY":-31.9656089888,"GROSS_PROFIT":1035599304.56,"GROSS_PROFIT_YOY":-56.755294616862,"HOLDER_PROFIT":94575086.8,"HOLDER_PROFIT_YOY":-88.0798439358,"GROSS_PROFIT_RATIO":16.059917150962,"EPS_TTM":0.028257450087,"OPERATE_INCOME_QOQ":-15.186050467312,"NET_PROFIT_RATIO":5.7081728913,"ROE_AVG":0.846670254674,"GROSS_PROFIT_QOQ":-3.307761861846,"ROA":0.191514034764,"HOLDER_PROFIT_QOQ":-46.840139960889,"ROE_YEARLY":0.846670254674,"ROIC_YEARLY":0.241324430222,"TOTAL_ASSETS":57557854968.68,"TOTAL_LIABILITIES":38696696677.2,"TAX_EBT":45.901213493153,"OCF_SALES":-30.179859523659,"TOTAL_PARENT_EQUITY":11401267843.6,"DEBT_ASSET_RATIO":67.2309569185,"OPERATE_PROFIT":549484031.72,"PRETAX_PROFIT":680390192.4,"NETCASH_OPERATE":-1946102289.36,"NETCASH_INVEST":194143623.72,"NETCASH_FINANCE":5445426791.16,"END_CASH":6933864606.24,"DIVI_RATIO":null,"DIVIDEND_RATE":null,"CURRENT_RATIO":2.01956330317,"COMMON_ACS":10000000000,"CURRENTDEBT_DEBT":65.357032632973,"ISSUED_COMMON_SHARES":3346908037,"HK_COMMON_SHARES":3346908037,"PER_SHARES":2000,"TOTAL_MARKET_CAP":1137948732.58,"HKSK_MARKET_CAP":1137948732.58,"PE_TTM":-0.523989838643,"PB_TTM":0.270272215947,"REPORT_DATE_SQ":"2019-12-31 00:00:00","REPORT_TYPE_SQ":"2019年年报","OPERATE_INCOME_SQ":10087764661.18,"DPS_HKD":null,"OPERATE_INCOME_QOQ_SQ":6.352910520924,"NET_PROFIT_RATIO_SQ":12.0107560043,"HOLDER_PROFIT_SQ":844441952.42,"HOLDER_PROFIT_QOQ_SQ":-9.586837245068,"ROE_AVG_SQ":7.475877088548,"PE_TTM_SQ":-0.723754001087,"PB_TTM_SQ":0.154041452455,"ROA_SQ":1.959564322675,"START_DATE":"2020-01-01 00:00:00","FISCAL_YEAR":"12-31","CURRENCY":"HKD","IS_CNY_CODE":0,"DPS_HKD_LY":0.08,"ORG_TYPE":"一般企业","PREMIUM_INCOME":null,"PREMIUM_INCOME_YOY":null,"NET_INTEREST_INCOME":null,"NET_INTEREST_INCOME_YOY":null,"FEE_COMMISSION_INCOME":null,"FEE_COMMISSION_INCOME_YOY":null,"ACCOUNTS_RECE_TDAYS":null,"INVENTORY_TDAYS":0.217943197823,"CURRENT_ASSETS_TDAYS":0.147661675974,"TOTAL_ASSETS_TDAYS":0.130578689899,"PREMIUM_EXPENSE":null,"LOAN_DEPOSIT":null,"LOAN_EQUITY":null,"LOAN_ASSETS":null,"DEPOSIT_EQUITY":null,"DEPOSIT_ASSETS":null,"EQUITY_MULTIPLIER":3.051660671057,"EQUITY_RATIO":3.394069607699},{"SECUCODE":"00230.HK","SECURITY_CODE":"00230","SECURITY_NAME_ABBR":"五矿地产","ORG_CODE":"10007492","STD_REPORT_DATE":"2020-06-30 00:00:00","REPORT_DATE":"2020-06-30 00:00:00","DATE_TYPE_CODE":"002","REPORT_TYPE":"2020年中报","PER_NETCASH_OPERATE":-0.60293554493,"PER_OI":0.72955103231,"BPS":2.299457204859,"BASIC_EPS":0.014797728,"DILUTED_EPS":0.014797728,"OPERATE_INCOME":2441740213.44,"OPERATE_INCOME_YOY":-52.2702181807,"GROSS_PROFIT":423183963.84,"GROSS_PROFIT_YOY":-75.775147727478,"HOLDER_PROFIT":49597965.12,"HOLDER_PROFIT_YOY":-93.3303197879,"GROSS_PROFIT_RATIO":17.331244393268,"EPS_TTM":0.053155614153,"OPERATE_INCOME_QOQ":-24.632133739025,"NET_PROFIT_RATIO":9.392636187,"ROE_AVG":0.430303551902,"GROSS_PROFIT_QOQ":-55.275928848239,"ROA":0.110283945412,"HOLDER_PROFIT_QOQ":-78.932009274272,"ROE_YEARLY":0.860607103805,"ROIC_YEARLY":0.260992440362,"TOTAL_ASSETS":45222669729.6,"TOTAL_LIABILITIES":29862934981.44,"TAX_EBT":38.938784841034,"OCF_SALES":-82.644738781487,"TOTAL_PARENT_EQUITY":11180118301.44,"DEBT_ASSET_RATIO":66.035320692,"OPERATE_PROFIT":315703132.8,"PRETAX_PROFIT":375596480.16,"NETCASH_OPERATE":-2017969821.12,"NETCASH_INVEST":194979248.64,"NETCASH_FINANCE":1607491807.68,"END_CASH":3248838442.08,"DIVI_RATIO":null,"DIVIDEND_RATE":null,"CURRENT_RATIO":2.720566616108,"COMMON_ACS":10000000000,"CURRENTDEBT_DEBT":49.56111166407,"ISSUED_COMMON_SHARES":3346908037,"HK_COMMON_SHARES":3346908037,"PER_SHARES":2000,"TOTAL_MARKET_CAP":1137948732.58,"HKSK_MARKET_CAP":1137948732.58,"PE_TTM":-0.523989838643,"PB_TTM":0.270272215947,"REPORT_DATE_SQ":"2019-06-30 00:00:00","REPORT_TYPE_SQ":"2019年中报","OPERATE_INCOME_SQ":4926571896.06,"DPS_HKD":null,"OPERATE_INCOME_QOQ_SQ":-0.964839015293,"NET_PROFIT_RATIO_SQ":19.5400230085,"HOLDER_PROFIT_SQ":716132965.32,"HOLDER_PROFIT_QOQ_SQ":14.009227153537,"ROE_AVG_SQ":6.460830862712,"PE_TTM_SQ":-0.723754001087,"PB_TTM_SQ":0.154041452455,"ROA_SQ":1.701429528549,"START_DATE":"2020-01-01 00:00:00","FISCAL_YEAR":"12-31","CURRENCY":"HKD","IS_CNY_CODE":0,"DPS_HKD_LY":0.08,"ORG_TYPE":"一般企业","PREMIUM_INCOME":null,"PREMIUM_INCOME_YOY":null,"NET_INTEREST_INCOME":null,"NET_INTEREST_INCOME_YOY":null,"FEE_COMMISSION_INCOME":null,"FEE_COMMISSION_INCOME_YOY":null,"ACCOUNTS_RECE_TDAYS":null,"INVENTORY_TDAYS":0.0828950705,"CURRENT_ASSETS_TDAYS":0.061333515696,"TOTAL_ASSETS_TDAYS":0.05429350655,"PREMIUM_EXPENSE":null,"LOAN_DEPOSIT":null,"LOAN_EQUITY":null,"LOAN_ASSETS":null,"DEPOSIT_EQUITY":null,"DEPOSIT_ASSETS":null,"EQUITY_MULTIPLIER":2.94423507118,"EQUITY_RATIO":2.671075043776}],"count":49},"success":true,"message":"ok","code":0}