{"version":"0768a1232621ab8a00ce96673eafdddd","result":{"pages":6,"data":[{"SECUCODE":"00235.HK","SECURITY_CODE":"00235","SECURITY_NAME_ABBR":"中策资本控股","ORG_CODE":"10007496","STD_REPORT_DATE":"2024-06-30 00:00:00","REPORT_DATE":"2024-06-30 00:00:00","DATE_TYPE_CODE":"002","REPORT_TYPE":"2024年中报","PER_NETCASH_OPERATE":-0.006800578974,"PER_OI":0.001791669043,"BPS":0.098951725969,"BASIC_EPS":-0.000091268,"DILUTED_EPS":null,"OPERATE_INCOME":36523628.24,"OPERATE_INCOME_YOY":-44.2117883232,"GROSS_PROFIT":null,"GROSS_PROFIT_YOY":null,"HOLDER_PROFIT":-1757821.68,"HOLDER_PROFIT_YOY":83.9446482161,"GROSS_PROFIT_RATIO":null,"EPS_TTM":0.001647174572,"OPERATE_INCOME_QOQ":-28.719275013109,"NET_PROFIT_RATIO":-4.8128342246,"ROE_AVG":-0.087112387191,"GROSS_PROFIT_QOQ":null,"ROA":-0.084766407152,"HOLDER_PROFIT_QOQ":38.318993462885,"ROE_YEARLY":-0.174224774383,"ROIC_YEARLY":-0.370343485892,"TOTAL_ASSETS":2068063516.32,"TOTAL_LIABILITIES":50907465.04,"TAX_EBT":-124.214202561118,"OCF_SALES":-379.566694987256,"TOTAL_PARENT_EQUITY":2017156051.28,"DEBT_ASSET_RATIO":2.4616006539,"OPERATE_PROFIT":-46546.68,"PRETAX_PROFIT":-783992.12,"NETCASH_OPERATE":-138631528.6,"NETCASH_INVEST":-912.68,"NETCASH_FINANCE":-5085452.96,"END_CASH":1036363655.56,"DIVI_RATIO":null,"DIVIDEND_RATE":null,"CURRENT_RATIO":55.787050036503,"COMMON_ACS":null,"CURRENTDEBT_DEBT":63.84954641615,"ISSUED_COMMON_SHARES":20385253835,"HK_COMMON_SHARES":20385253835,"PER_SHARES":5000,"TOTAL_MARKET_CAP":509631345.875,"HKSK_MARKET_CAP":509631345.875,"PE_TTM":13.826885503147,"PB_TTM":0.230587185586,"REPORT_DATE_SQ":"2023-06-30 00:00:00","REPORT_TYPE_SQ":"2023年中报","OPERATE_INCOME_SQ":66135469.36,"DPS_HKD":null,"OPERATE_INCOME_QOQ_SQ":-52.541026490535,"NET_PROFIT_RATIO_SQ":-16.7235923102,"HOLDER_PROFIT_SQ":-11060072.08,"HOLDER_PROFIT_QOQ_SQ":46.245959394841,"ROE_AVG_SQ":-0.549328393835,"PE_TTM_SQ":-5.470009801435,"PB_TTM_SQ":0.243531500369,"ROA_SQ":-0.535723337035,"START_DATE":"2024-01-01 00:00:00","FISCAL_YEAR":"12-31","CURRENCY":"HKD","IS_CNY_CODE":0,"DPS_HKD_LY":null,"ORG_TYPE":"证券","PREMIUM_INCOME":null,"PREMIUM_INCOME_YOY":null,"NET_INTEREST_INCOME":17734285.08,"NET_INTEREST_INCOME_YOY":null,"FEE_COMMISSION_INCOME":417094.76,"FEE_COMMISSION_INCOME_YOY":-53.509664292981,"ACCOUNTS_RECE_TDAYS":0.245764767657,"INVENTORY_TDAYS":null,"CURRENT_ASSETS_TDAYS":0.019608510872,"TOTAL_ASSETS_TDAYS":0.017612575708,"PREMIUM_EXPENSE":null,"LOAN_DEPOSIT":null,"LOAN_EQUITY":null,"LOAN_ASSETS":null,"DEPOSIT_EQUITY":null,"DEPOSIT_ASSETS":null,"EQUITY_MULTIPLIER":1.025237246771,"EQUITY_RATIO":0.02523724677},{"SECUCODE":"00235.HK","SECURITY_CODE":"00235","SECURITY_NAME_ABBR":"中策资本控股","ORG_CODE":"10007496","STD_REPORT_DATE":"2023-12-31 00:00:00","REPORT_DATE":"2023-12-31 00:00:00","DATE_TYPE_CODE":"001","REPORT_TYPE":"2023年年报","PER_NETCASH_OPERATE":0.013953702673,"PER_OI":0.005057964939,"BPS":0.098321667436,"BASIC_EPS":0.001178086,"DILUTED_EPS":null,"OPERATE_INCOME":103107899.16,"OPERATE_INCOME_YOY":-65.8145697752,"GROSS_PROFIT":null,"GROSS_PROFIT_YOY":null,"HOLDER_PROFIT":24275821.36,"HOLDER_PROFIT_YOY":114.1548964592,"GROSS_PROFIT_RATIO":null,"EPS_TTM":0.001190852052,"OPERATE_INCOME_QOQ":-26.924195833841,"NET_PROFIT_RATIO":23.5440946404,"ROE_AVG":1.216844032238,"GROSS_PROFIT_QOQ":null,"ROA":1.185731561139,"HOLDER_PROFIT_QOQ":126.714464675932,"ROE_YEARLY":1.216844032238,"ROIC_YEARLY":2.435401139333,"TOTAL_ASSETS":2064667306.38,"TOTAL_LIABILITIES":60355158.22,"TAX_EBT":-98.224063933698,"OCF_SALES":275.875828367523,"TOTAL_PARENT_EQUITY":2004312148.16,"DEBT_ASSET_RATIO":2.9232389176,"OPERATE_PROFIT":13060442.64,"PRETAX_PROFIT":12246657.08,"NETCASH_OPERATE":284449770.92,"NETCASH_INVEST":97871.76,"NETCASH_FINANCE":-9226225.82,"END_CASH":1171462438.02,"DIVI_RATIO":null,"DIVIDEND_RATE":null,"CURRENT_RATIO":51.322872262237,"COMMON_ACS":null,"CURRENTDEBT_DEBT":61.287368057537,"ISSUED_COMMON_SHARES":20385253835,"HK_COMMON_SHARES":20385253835,"PER_SHARES":5000,"TOTAL_MARKET_CAP":509631345.875,"HKSK_MARKET_CAP":509631345.875,"PE_TTM":13.826885503147,"PB_TTM":0.230587185586,"REPORT_DATE_SQ":"2022-12-31 00:00:00","REPORT_TYPE_SQ":"2022年年报","OPERATE_INCOME_SQ":297303481.02,"DPS_HKD":null,"OPERATE_INCOME_QOQ_SQ":-0.414418965442,"NET_PROFIT_RATIO_SQ":-56.8612428116,"HOLDER_PROFIT_SQ":-169050454.23,"HOLDER_PROFIT_QOQ_SQ":94.079487843385,"ROE_AVG_SQ":-8.218896091107,"PE_TTM_SQ":-5.89077978616,"PB_TTM_SQ":0.262264692705,"ROA_SQ":-7.00918977227,"START_DATE":"2023-01-01 00:00:00","FISCAL_YEAR":"12-31","CURRENCY":"HKD","IS_CNY_CODE":0,"DPS_HKD_LY":null,"ORG_TYPE":"证券","PREMIUM_INCOME":null,"PREMIUM_INCOME_YOY":null,"NET_INTEREST_INCOME":63294935.9,"NET_INTEREST_INCOME_YOY":null,"FEE_COMMISSION_INCOME":1711849.58,"FEE_COMMISSION_INCOME_YOY":-99.018038155638,"ACCOUNTS_RECE_TDAYS":0.849657047058,"INVENTORY_TDAYS":null,"CURRENT_ASSETS_TDAYS":0.053111138341,"TOTAL_ASSETS_TDAYS":0.050362164239,"PREMIUM_EXPENSE":null,"LOAN_DEPOSIT":null,"LOAN_EQUITY":null,"LOAN_ASSETS":null,"DEPOSIT_EQUITY":null,"DEPOSIT_ASSETS":null,"EQUITY_MULTIPLIER":1.030112653997,"EQUITY_RATIO":0.030112653997},{"SECUCODE":"00235.HK","SECURITY_CODE":"00235","SECURITY_NAME_ABBR":"中策资本控股","ORG_CODE":"10007496","STD_REPORT_DATE":"2023-06-30 00:00:00","REPORT_DATE":"2023-06-30 00:00:00","DATE_TYPE_CODE":"002","REPORT_TYPE":"2023年中报","PER_NETCASH_OPERATE":0.002490830134,"PER_OI":0.003244279904,"BPS":0.098432769328,"BASIC_EPS":-0.000553188,"DILUTED_EPS":null,"OPERATE_INCOME":66135469.36,"OPERATE_INCOME_YOY":-72.4100926959,"GROSS_PROFIT":null,"GROSS_PROFIT_YOY":null,"HOLDER_PROFIT":-11060072.08,"HOLDER_PROFIT_YOY":88.5040728318,"GROSS_PROFIT_RATIO":null,"EPS_TTM":-0.004457705091,"OPERATE_INCOME_QOQ":-52.541026490535,"NET_PROFIT_RATIO":-16.7235923102,"ROE_AVG":-0.549328393835,"GROSS_PROFIT_QOQ":null,"ROA":-0.535723337035,"HOLDER_PROFIT_QOQ":46.245959394841,"ROE_YEARLY":-1.09865678767,"ROIC_YEARLY":-1.988329586016,"TOTAL_ASSETS":2063730528.64,"TOTAL_LIABILITIES":57153540.2,"TAX_EBT":46.2352097526,"OCF_SALES":76.777125649998,"TOTAL_PARENT_EQUITY":2006576988.44,"DEBT_ASSET_RATIO":2.7694284407,"OPERATE_PROFIT":-20304765.54,"PRETAX_PROFIT":-20571217.76,"NETCASH_OPERATE":50776204.54,"NETCASH_INVEST":-21205.54,"NETCASH_FINANCE":-3736784.94,"END_CASH":958798349.32,"DIVI_RATIO":null,"DIVIDEND_RATE":null,"CURRENT_RATIO":41.508785772167,"COMMON_ACS":null,"CURRENTDEBT_DEBT":75.647685110502,"ISSUED_COMMON_SHARES":20385253835,"HK_COMMON_SHARES":20385253835,"PER_SHARES":5000,"TOTAL_MARKET_CAP":509631345.875,"HKSK_MARKET_CAP":509631345.875,"PE_TTM":13.826885503147,"PB_TTM":0.230587185586,"REPORT_DATE_SQ":"2022-06-30 00:00:00","REPORT_TYPE_SQ":"2022年中报","OPERATE_INCOME_SQ":222340848.1,"DPS_HKD":null,"OPERATE_INCOME_QOQ_SQ":-14.298822264034,"NET_PROFIT_RATIO_SQ":-40.136159083,"HOLDER_PROFIT_SQ":-89239076.5,"HOLDER_PROFIT_QOQ_SQ":2.538436066008,"ROE_AVG_SQ":-4.437616615015,"PE_TTM_SQ":-5.89077978616,"PB_TTM_SQ":0.262264692705,"ROA_SQ":-3.800821647673,"START_DATE":"2023-01-01 00:00:00","FISCAL_YEAR":"12-31","CURRENCY":"HKD","IS_CNY_CODE":0,"DPS_HKD_LY":null,"ORG_TYPE":"证券","PREMIUM_INCOME":null,"PREMIUM_INCOME_YOY":null,"NET_INTEREST_INCOME":46360842.32,"NET_INTEREST_INCOME_YOY":null,"FEE_COMMISSION_INCOME":906306.34,"FEE_COMMISSION_INCOME_YOY":-99.485121962717,"ACCOUNTS_RECE_TDAYS":0.531241899768,"INVENTORY_TDAYS":null,"CURRENT_ASSETS_TDAYS":0.03468498777,"TOTAL_ASSETS_TDAYS":0.032033986903,"PREMIUM_EXPENSE":null,"LOAN_DEPOSIT":null,"LOAN_EQUITY":null,"LOAN_ASSETS":null,"DEPOSIT_EQUITY":null,"DEPOSIT_ASSETS":null,"EQUITY_MULTIPLIER":1.028483103578,"EQUITY_RATIO":0.028483103579},{"SECUCODE":"00235.HK","SECURITY_CODE":"00235","SECURITY_NAME_ABBR":"中策资本控股","ORG_CODE":"10007496","STD_REPORT_DATE":"2022-12-31 00:00:00","REPORT_DATE":"2022-12-31 00:00:00","DATE_TYPE_CODE":"001","REPORT_TYPE":"2022年年报","PER_NETCASH_OPERATE":0.008217105281,"PER_OI":0.014584242287,"BPS":0.096014352523,"BASIC_EPS":-0.008307411,"DILUTED_EPS":null,"OPERATE_INCOME":297303481.02,"OPERATE_INCOME_YOY":-21.883750132,"GROSS_PROFIT":null,"GROSS_PROFIT_YOY":null,"HOLDER_PROFIT":-169050454.23,"HOLDER_PROFIT_YOY":94.718579007,"GROSS_PROFIT_RATIO":null,"EPS_TTM":-0.008292781419,"OPERATE_INCOME_QOQ":-0.414418965442,"NET_PROFIT_RATIO":-56.8612428116,"ROE_AVG":-8.218896091107,"GROSS_PROFIT_QOQ":null,"ROA":-7.00918977227,"HOLDER_PROFIT_QOQ":94.079487843385,"ROE_YEARLY":-8.218896091107,"ROIC_YEARLY":-13.198334176613,"TOTAL_ASSETS":2000981076.01,"TOTAL_LIABILITIES":43704128.02,"TAX_EBT":-22.214401033258,"OCF_SALES":56.342353061359,"TOTAL_PARENT_EQUITY":1957276947.99,"DEBT_ASSET_RATIO":2.1841349998,"OPERATE_PROFIT":-126622809.04,"PRETAX_PROFIT":-138322859.5,"NETCASH_OPERATE":167507776.94,"NETCASH_INVEST":4578902.02,"NETCASH_FINANCE":-636787171.44,"END_CASH":883379714.56,"DIVI_RATIO":null,"DIVIDEND_RATE":null,"CURRENT_RATIO":45.58021607444,"COMMON_ACS":null,"CURRENTDEBT_DEBT":98.187058005968,"ISSUED_COMMON_SHARES":20385253835,"HK_COMMON_SHARES":20385253835,"PER_SHARES":5000,"TOTAL_MARKET_CAP":509631345.875,"HKSK_MARKET_CAP":509631345.875,"PE_TTM":13.826885503147,"PB_TTM":0.230587185586,"REPORT_DATE_SQ":"2021-12-31 00:00:00","REPORT_TYPE_SQ":"2021年年报","OPERATE_INCOME_SQ":348350744,"DPS_HKD":null,"OPERATE_INCOME_QOQ_SQ":-5.035491254994,"NET_PROFIT_RATIO_SQ":-841.0212056846,"HOLDER_PROFIT_SQ":-2929703627.2,"HOLDER_PROFIT_QOQ_SQ":-271.244209711953,"ROE_AVG_SQ":-85.795333197336,"PE_TTM_SQ":-5.89077978616,"PB_TTM_SQ":0.262264692705,"ROA_SQ":-61.55989781526,"START_DATE":"2022-01-01 00:00:00","FISCAL_YEAR":"12-31","CURRENCY":"HKD","IS_CNY_CODE":0,"DPS_HKD_LY":null,"ORG_TYPE":"证券","PREMIUM_INCOME":null,"PREMIUM_INCOME_YOY":null,"NET_INTEREST_INCOME":116722697.63,"NET_INTEREST_INCOME_YOY":null,"FEE_COMMISSION_INCOME":171838349.9,"FEE_COMMISSION_INCOME_YOY":-15.99269843488,"ACCOUNTS_RECE_TDAYS":1.773416810976,"INVENTORY_TDAYS":null,"CURRENT_ASSETS_TDAYS":0.127617184489,"TOTAL_ASSETS_TDAYS":0.123268318202,"PREMIUM_EXPENSE":null,"LOAN_DEPOSIT":null,"LOAN_EQUITY":null,"LOAN_ASSETS":null,"DEPOSIT_EQUITY":null,"DEPOSIT_ASSETS":null,"EQUITY_MULTIPLIER":1.022329046518,"EQUITY_RATIO":0.022329046518},{"SECUCODE":"00235.HK","SECURITY_CODE":"00235","SECURITY_NAME_ABBR":"中策资本控股","ORG_CODE":"10007496","STD_REPORT_DATE":"2022-06-30 00:00:00","REPORT_DATE":"2022-06-30 00:00:00","DATE_TYPE_CODE":"002","REPORT_TYPE":"2022年中报","PER_NETCASH_OPERATE":0.003491573325,"PER_OI":0.01090694528,"BPS":0.096022356694,"BASIC_EPS":-0.004361469,"DILUTED_EPS":null,"OPERATE_INCOME":222340848.1,"OPERATE_INCOME_YOY":-20.5101001917,"GROSS_PROFIT":null,"GROSS_PROFIT_YOY":null,"HOLDER_PROFIT":-89239076.5,"HOLDER_PROFIT_YOY":46.9294342022,"GROSS_PROFIT_RATIO":null,"EPS_TTM":-0.140068649466,"OPERATE_INCOME_QOQ":-14.298822264034,"NET_PROFIT_RATIO":-40.136159083,"ROE_AVG":-4.437616615015,"GROSS_PROFIT_QOQ":null,"ROA":-3.800821647673,"HOLDER_PROFIT_QOQ":2.538436066008,"ROE_YEARLY":-8.87523323003,"ROIC_YEARLY":-13.615765320835,"TOTAL_ASSETS":1993410261.64,"TOTAL_LIABILITIES":35970146.59,"TAX_EBT":-43.768427433799,"OCF_SALES":32.012385091734,"TOTAL_PARENT_EQUITY":1957440115.05,"DEBT_ASSET_RATIO":1.8044527653,"OPERATE_PROFIT":-50992414.13,"PRETAX_PROFIT":-62071400.58,"NETCASH_OPERATE":71176608.51,"NETCASH_INVEST":1281074.62,"NETCASH_FINANCE":-606337406.71,"END_CASH":756731975.3,"DIVI_RATIO":null,"DIVIDEND_RATE":null,"CURRENT_RATIO":58.965291027417,"COMMON_ACS":null,"CURRENTDEBT_DEBT":90.965502484487,"ISSUED_COMMON_SHARES":20385253835,"HK_COMMON_SHARES":20385253835,"PER_SHARES":5000,"TOTAL_MARKET_CAP":509631345.875,"HKSK_MARKET_CAP":509631345.875,"PE_TTM":13.826885503147,"PB_TTM":0.230587185586,"REPORT_DATE_SQ":"2021-06-30 00:00:00","REPORT_TYPE_SQ":"2021年中报","OPERATE_INCOME_SQ":272150901.84,"DPS_HKD":null,"OPERATE_INCOME_QOQ_SQ":57.742298178919,"NET_PROFIT_RATIO_SQ":-59.9656598434,"HOLDER_PROFIT_SQ":-163607730,"HOLDER_PROFIT_QOQ_SQ":-10.969268334438,"ROE_AVG_SQ":-3.370778041573,"PE_TTM_SQ":-5.89077978616,"PB_TTM_SQ":0.262264692705,"ROA_SQ":-2.354261203799,"START_DATE":"2022-01-01 00:00:00","FISCAL_YEAR":"12-31","CURRENCY":"HKD","IS_CNY_CODE":0,"DPS_HKD_LY":null,"ORG_TYPE":"证券","PREMIUM_INCOME":null,"PREMIUM_INCOME_YOY":null,"NET_INTEREST_INCOME":58008392.89,"NET_INTEREST_INCOME_YOY":null,"FEE_COMMISSION_INCOME":163272019.61,"FEE_COMMISSION_INCOME_YOY":-15.414776352166,"ACCOUNTS_RECE_TDAYS":1.368645751902,"INVENTORY_TDAYS":null,"CURRENT_ASSETS_TDAYS":0.09843540373,"TOTAL_ASSETS_TDAYS":0.094698190721,"PREMIUM_EXPENSE":null,"LOAN_DEPOSIT":null,"LOAN_EQUITY":null,"LOAN_ASSETS":null,"DEPOSIT_EQUITY":null,"DEPOSIT_ASSETS":null,"EQUITY_MULTIPLIER":1.018376115986,"EQUITY_RATIO":0.018376115986},{"SECUCODE":"00235.HK","SECURITY_CODE":"00235","SECURITY_NAME_ABBR":"中策资本控股","ORG_CODE":"10007496","STD_REPORT_DATE":"2021-12-31 00:00:00","REPORT_DATE":"2021-12-31 00:00:00","DATE_TYPE_CODE":"001","REPORT_TYPE":"2021年年报","PER_NETCASH_OPERATE":0.025627400013,"PER_OI":0.017088369211,"BPS":0.096822527891,"BASIC_EPS":-0.14373408,"DILUTED_EPS":null,"OPERATE_INCOME":348350744,"OPERATE_INCOME_YOY":54.2037640246,"GROSS_PROFIT":null,"GROSS_PROFIT_YOY":null,"HOLDER_PROFIT":-2929703627.2,"HOLDER_PROFIT_YOY":-256.9427734128,"GROSS_PROFIT_RATIO":null,"EPS_TTM":-0.143716808773,"OPERATE_INCOME_QOQ":-5.035491254994,"NET_PROFIT_RATIO":-841.0212056846,"ROE_AVG":-85.795333197336,"GROSS_PROFIT_QOQ":null,"ROA":-61.55989781526,"HOLDER_PROFIT_QOQ":-271.244209711953,"ROE_YEARLY":-85.795333197336,"ROIC_YEARLY":-91.437497519999,"TOTAL_ASSETS":2583584931.2,"TOTAL_LIABILITIES":609833123.2,"TAX_EBT":11.099354053762,"OCF_SALES":149.969840282586,"TOTAL_PARENT_EQUITY":1973751808,"DEBT_ASSET_RATIO":23.6041446068,"OPERATE_PROFIT":-199618675.2,"PRETAX_PROFIT":-3295480697.6,"NETCASH_OPERATE":522421054.4,"NETCASH_INVEST":58023436.8,"NETCASH_FINANCE":-1178584299.2,"END_CASH":1233882675.2,"DIVI_RATIO":null,"DIVIDEND_RATE":null,"CURRENT_RATIO":4.100838764753,"COMMON_ACS":null,"CURRENTDEBT_DEBT":98.941923789554,"ISSUED_COMMON_SHARES":20385253835,"HK_COMMON_SHARES":20385253835,"PER_SHARES":5000,"TOTAL_MARKET_CAP":509631345.875,"HKSK_MARKET_CAP":509631345.875,"PE_TTM":13.826885503147,"PB_TTM":0.230587185586,"REPORT_DATE_SQ":"2020-12-31 00:00:00","REPORT_TYPE_SQ":"2020年年报","OPERATE_INCOME_SQ":232545132,"DPS_HKD":null,"OPERATE_INCOME_QOQ_SQ":-23.831205956004,"NET_PROFIT_RATIO_SQ":826.3434672457,"HOLDER_PROFIT_SQ":1921621506.68,"HOLDER_PROFIT_QOQ_SQ":1709.46503959981,"ROE_AVG_SQ":49.054183675147,"PE_TTM_SQ":-5.89077978616,"PB_TTM_SQ":0.262264692705,"ROA_SQ":33.387275518025,"START_DATE":"2021-01-01 00:00:00","FISCAL_YEAR":"12-31","CURRENCY":"HKD","IS_CNY_CODE":0,"DPS_HKD_LY":null,"ORG_TYPE":"证券","PREMIUM_INCOME":null,"PREMIUM_INCOME_YOY":null,"NET_INTEREST_INCOME":158626664,"NET_INTEREST_INCOME_YOY":null,"FEE_COMMISSION_INCOME":187223859.2,"FEE_COMMISSION_INCOME_YOY":null,"ACCOUNTS_RECE_TDAYS":2.077357575226,"INVENTORY_TDAYS":null,"CURRENT_ASSETS_TDAYS":0.077278899078,"TOTAL_ASSETS_TDAYS":0.073196605982,"PREMIUM_EXPENSE":null,"LOAN_DEPOSIT":null,"LOAN_EQUITY":null,"LOAN_ASSETS":null,"DEPOSIT_EQUITY":null,"DEPOSIT_ASSETS":null,"EQUITY_MULTIPLIER":1.308971533669,"EQUITY_RATIO":0.308971533669},{"SECUCODE":"00235.HK","SECURITY_CODE":"00235","SECURITY_NAME_ABBR":"中策资本控股","ORG_CODE":"10007496","STD_REPORT_DATE":"2021-06-30 00:00:00","REPORT_DATE":"2021-06-30 00:00:00","DATE_TYPE_CODE":"002","REPORT_TYPE":"2021年中报","PER_NETCASH_OPERATE":-0.00161821932,"PER_OI":0.013350380821,"BPS":0.233779445005,"BASIC_EPS":-0.007987968,"DILUTED_EPS":null,"OPERATE_INCOME":272150901.84,"OPERATE_INCOME_YOY":116.1633341903,"GROSS_PROFIT":null,"GROSS_PROFIT_YOY":null,"HOLDER_PROFIT":-163607730,"HOLDER_PROFIT_YOY":-480.6799481133,"GROSS_PROFIT_RATIO":null,"EPS_TTM":0.083925061767,"OPERATE_INCOME_QOQ":57.742298178919,"NET_PROFIT_RATIO":-59.9656598434,"ROE_AVG":-3.370778041573,"GROSS_PROFIT_QOQ":null,"ROA":-2.354261203799,"HOLDER_PROFIT_QOQ":-10.969268334438,"ROE_YEARLY":-6.741556083146,"ROIC_YEARLY":-6.455915699613,"TOTAL_ASSETS":6841408356.48,"TOTAL_LIABILITIES":2075755028.64,"TAX_EBT":12.357141583611,"OCF_SALES":-12.090723888062,"TOTAL_PARENT_EQUITY":4765653327.84,"DEBT_ASSET_RATIO":30.3410485163,"OPERATE_PROFIT":-125705653.92,"PRETAX_PROFIT":-186675483.84,"NETCASH_OPERATE":-32987811.6,"NETCASH_INVEST":57941058.72,"NETCASH_FINANCE":-41921854.56,"END_CASH":1847499675.12,"DIVI_RATIO":null,"DIVIDEND_RATE":null,"CURRENT_RATIO":4.817399536346,"COMMON_ACS":null,"CURRENTDEBT_DEBT":64.15027631042,"ISSUED_COMMON_SHARES":20385253835,"HK_COMMON_SHARES":20385253835,"PER_SHARES":5000,"TOTAL_MARKET_CAP":570787107.38,"HKSK_MARKET_CAP":570787107.38,"PE_TTM":15.486111763525,"PB_TTM":0.258257647857,"REPORT_DATE_SQ":"2020-06-30 00:00:00","REPORT_TYPE_SQ":"2020年中报","OPERATE_INCOME_SQ":138558800.16,"DPS_HKD":null,"OPERATE_INCOME_QOQ_SQ":-56.380694334878,"NET_PROFIT_RATIO_SQ":34.0975706364,"HOLDER_PROFIT_SQ":47180089.44,"HOLDER_PROFIT_QOQ_SQ":58.728173715886,"ROE_AVG_SQ":1.532229822904,"PE_TTM_SQ":-6.101164778523,"PB_TTM_SQ":0.271631288873,"ROA_SQ":0.990360138019,"START_DATE":"2021-01-01 00:00:00","FISCAL_YEAR":"12-31","CURRENCY":"HKD","IS_CNY_CODE":0,"DPS_HKD_LY":null,"ORG_TYPE":"证券","PREMIUM_INCOME":null,"PREMIUM_INCOME_YOY":null,"NET_INTEREST_INCOME":82786135.44,"NET_INTEREST_INCOME_YOY":null,"FEE_COMMISSION_INCOME":187810440.96,"FEE_COMMISSION_INCOME_YOY":null,"ACCOUNTS_RECE_TDAYS":2.021983388817,"INVENTORY_TDAYS":null,"CURRENT_ASSETS_TDAYS":0.041744306954,"TOTAL_ASSETS_TDAYS":0.039260156729,"PREMIUM_EXPENSE":null,"LOAN_DEPOSIT":null,"LOAN_EQUITY":null,"LOAN_ASSETS":null,"DEPOSIT_EQUITY":null,"DEPOSIT_ASSETS":null,"EQUITY_MULTIPLIER":1.435565679214,"EQUITY_RATIO":0.435565679214},{"SECUCODE":"00235.HK","SECURITY_CODE":"00235","SECURITY_NAME_ABBR":"中策资本控股","ORG_CODE":"10007496","STD_REPORT_DATE":"2020-12-31 00:00:00","REPORT_DATE":"2020-12-31 00:00:00","DATE_TYPE_CODE":"001","REPORT_TYPE":"2020年年报","PER_NETCASH_OPERATE":0.047257177575,"PER_OI":0.011407517114,"BPS":0.245203733992,"BASIC_EPS":0.111853956,"DILUTED_EPS":null,"OPERATE_INCOME":232545132,"OPERATE_INCOME_YOY":-64.6384883754,"GROSS_PROFIT":null,"GROSS_PROFIT_YOY":null,"HOLDER_PROFIT":1921621506.68,"HOLDER_PROFIT_YOY":806.985047082,"GROSS_PROFIT_RATIO":null,"EPS_TTM":0.094265272448,"OPERATE_INCOME_QOQ":-23.831205956004,"NET_PROFIT_RATIO":826.3434672457,"ROE_AVG":49.054183675147,"GROSS_PROFIT_QOQ":null,"ROA":33.387275518025,"HOLDER_PROFIT_QOQ":1709.46503959981,"ROE_YEARLY":49.054183675147,"ROIC_YEARLY":40.662601867459,"TOTAL_ASSETS":7138536304.72,"TOTAL_LIABILITIES":2139995946,"TAX_EBT":15.841448396382,"OCF_SALES":414.263481722765,"TOTAL_PARENT_EQUITY":4998540358.72,"DEBT_ASSET_RATIO":29.9780775029,"OPERATE_PROFIT":-28680566.28,"PRETAX_PROFIT":2283334812.76,"NETCASH_OPERATE":963349560.4,"NETCASH_INVEST":471324291.48,"NETCASH_FINANCE":336927008.08,"END_CASH":1885889680.48,"DIVI_RATIO":null,"DIVIDEND_RATE":null,"CURRENT_RATIO":4.963455475164,"COMMON_ACS":null,"CURRENTDEBT_DEBT":63.392208915895,"ISSUED_COMMON_SHARES":20385253835,"HK_COMMON_SHARES":20385253835,"PER_SHARES":5000,"TOTAL_MARKET_CAP":570787107.38,"HKSK_MARKET_CAP":570787107.38,"PE_TTM":15.486111763525,"PB_TTM":0.258257647857,"REPORT_DATE_SQ":"2019-12-31 00:00:00","REPORT_TYPE_SQ":"2019年年报","OPERATE_INCOME_SQ":699924869.24,"DPS_HKD":null,"OPERATE_INCOME_QOQ_SQ":-20.340754773586,"NET_PROFIT_RATIO_SQ":-41.3315023331,"HOLDER_PROFIT_SQ":-289289463.66,"HOLDER_PROFIT_QOQ_SQ":-323.002105986335,"ROE_AVG_SQ":-9.206315314454,"PE_TTM_SQ":-6.101164778523,"PB_TTM_SQ":0.271631288873,"ROA_SQ":-5.737366351166,"START_DATE":"2020-01-01 00:00:00","FISCAL_YEAR":"12-31","CURRENCY":"HKD","IS_CNY_CODE":0,"DPS_HKD_LY":null,"ORG_TYPE":"证券","PREMIUM_INCOME":null,"PREMIUM_INCOME_YOY":null,"NET_INTEREST_INCOME":201298405.36,"NET_INTEREST_INCOME_YOY":null,"FEE_COMMISSION_INCOME":null,"FEE_COMMISSION_INCOME_YOY":null,"ACCOUNTS_RECE_TDAYS":1.913342151004,"INVENTORY_TDAYS":null,"CURRENT_ASSETS_TDAYS":0.045347387577,"TOTAL_ASSETS_TDAYS":0.040403629776,"PREMIUM_EXPENSE":null,"LOAN_DEPOSIT":null,"LOAN_EQUITY":null,"LOAN_ASSETS":null,"DEPOSIT_EQUITY":null,"DEPOSIT_ASSETS":null,"EQUITY_MULTIPLIER":1.428124170743,"EQUITY_RATIO":0.428124170743},{"SECUCODE":"00235.HK","SECURITY_CODE":"00235","SECURITY_NAME_ABBR":"中策资本控股","ORG_CODE":"10007496","STD_REPORT_DATE":"2020-06-30 00:00:00","REPORT_DATE":"2020-06-30 00:00:00","DATE_TYPE_CODE":"002","REPORT_TYPE":"2020年中报","PER_NETCASH_OPERATE":0.083172188557,"PER_OI":0.008156412423,"BPS":0.151102199704,"BASIC_EPS":0.00274032,"DILUTED_EPS":null,"OPERATE_INCOME":138558800.16,"OPERATE_INCOME_YOY":-74.9993810911,"GROSS_PROFIT":null,"GROSS_PROFIT_YOY":null,"HOLDER_PROFIT":47180089.44,"HOLDER_PROFIT_YOY":137.0252756233,"GROSS_PROFIT_RATIO":null,"EPS_TTM":-0.00702831741,"OPERATE_INCOME_QOQ":-56.380694334878,"NET_PROFIT_RATIO":34.0975706364,"ROE_AVG":1.532229822904,"GROSS_PROFIT_QOQ":null,"ROA":0.990360138019,"HOLDER_PROFIT_QOQ":58.728173715886,"ROE_YEARLY":3.064459645808,"ROIC_YEARLY":2.404584310589,"TOTAL_ASSETS":4782278582.4,"TOTAL_LIABILITIES":1702021886.4,"TAX_EBT":19.286484459238,"OCF_SALES":1021.1222603644,"TOTAL_PARENT_EQUITY":3080256696,"DEBT_ASSET_RATIO":35.5901869177,"OPERATE_PROFIT":-108829068.48,"PRETAX_PROFIT":58453765.92,"NETCASH_OPERATE":1409434266.24,"NETCASH_INVEST":316745367.84,"NETCASH_FINANCE":-350556349.44,"END_CASH":1499662042.56,"DIVI_RATIO":null,"DIVIDEND_RATE":null,"CURRENT_RATIO":2.475819823734,"COMMON_ACS":null,"CURRENTDEBT_DEBT":99.817636356806,"ISSUED_COMMON_SHARES":20385253835,"HK_COMMON_SHARES":20385253835,"PER_SHARES":5000,"TOTAL_MARKET_CAP":570787107.38,"HKSK_MARKET_CAP":570787107.38,"PE_TTM":15.486111763525,"PB_TTM":0.258257647857,"REPORT_DATE_SQ":"2019-06-30 00:00:00","REPORT_TYPE_SQ":"2019年中报","OPERATE_INCOME_SQ":532990392.3,"DPS_HKD":null,"OPERATE_INCOME_QOQ_SQ":-32.22057191647,"NET_PROFIT_RATIO_SQ":-23.0237413456,"HOLDER_PROFIT_SQ":-122714329.32,"HOLDER_PROFIT_QOQ_SQ":-79.111713221595,"ROE_AVG_SQ":-3.874643336556,"PE_TTM_SQ":-6.101164778523,"PB_TTM_SQ":0.271631288873,"ROA_SQ":-2.331575540001,"START_DATE":"2020-01-01 00:00:00","FISCAL_YEAR":"12-31","CURRENCY":"HKD","IS_CNY_CODE":0,"DPS_HKD_LY":null,"ORG_TYPE":"证券","PREMIUM_INCOME":null,"PREMIUM_INCOME_YOY":null,"NET_INTEREST_INCOME":120405093.6,"NET_INTEREST_INCOME_YOY":null,"FEE_COMMISSION_INCOME":null,"FEE_COMMISSION_INCOME_YOY":null,"ACCOUNTS_RECE_TDAYS":1.422886972183,"INVENTORY_TDAYS":null,"CURRENT_ASSETS_TDAYS":0.034464757067,"TOTAL_ASSETS_TDAYS":0.029044888522,"PREMIUM_EXPENSE":null,"LOAN_DEPOSIT":null,"LOAN_EQUITY":null,"LOAN_ASSETS":null,"DEPOSIT_EQUITY":null,"DEPOSIT_ASSETS":null,"EQUITY_MULTIPLIER":1.552558456772,"EQUITY_RATIO":0.552558456771}],"count":47},"success":true,"message":"ok","code":0}