{"version":"9eab27172941e187201ddd97ea4f564f","result":{"pages":6,"data":[{"SECUCODE":"00234.HK","SECURITY_CODE":"00234","SECURITY_NAME_ABBR":"新世纪集团","ORG_CODE":"10007495","STD_REPORT_DATE":"2024-06-30 00:00:00","REPORT_DATE":"2024-09-30 00:00:00","DATE_TYPE_CODE":"002","REPORT_TYPE":"2024年中报","PER_NETCASH_OPERATE":0.005009919565,"PER_OI":0.007597174137,"BPS":0.244337987886,"BASIC_EPS":-0.000631253,"DILUTED_EPS":-0.000631253,"OPERATE_INCOME":43914467.63,"OPERATE_INCOME_YOY":11.2514849676,"GROSS_PROFIT":43914467.63,"GROSS_PROFIT_YOY":9.331077481006,"HOLDER_PROFIT":-3829902.13,"HOLDER_PROFIT_YOY":-116.5704252829,"GROSS_PROFIT_RATIO":null,"EPS_TTM":0.003515088083,"OPERATE_INCOME_QOQ":0,"NET_PROFIT_RATIO":4.8914717539,"ROE_AVG":-0.271542626822,"GROSS_PROFIT_QOQ":0,"ROA":-0.20811501552,"HOLDER_PROFIT_QOQ":0,"ROE_YEARLY":-0.543085253643,"ROIC_YEARLY":-0.738157456789,"TOTAL_ASSETS":1844349925.9,"TOTAL_LIABILITIES":97634097.93,"TAX_EBT":54.697603651579,"OCF_SALES":65.944514035772,"TOTAL_PARENT_EQUITY":1412363658.62,"DEBT_ASSET_RATIO":5.2936862229,"OPERATE_PROFIT":4741611.82,"PRETAX_PROFIT":4741611.82,"NETCASH_OPERATE":28959182.27,"NETCASH_INVEST":86845082.37,"NETCASH_FINANCE":null,"END_CASH":364556723.61,"DIVI_RATIO":null,"DIVIDEND_RATE":null,"CURRENT_RATIO":14.577624213325,"COMMON_ACS":40000000000,"CURRENTDEBT_DEBT":82.334413995031,"ISSUED_COMMON_SHARES":5780368705,"HK_COMMON_SHARES":5780368705,"PER_SHARES":24000,"TOTAL_MARKET_CAP":150289586.33,"HKSK_MARKET_CAP":150289586.33,"PE_TTM":-20.135260762326,"PB_TTM":0.095959454372,"REPORT_DATE_SQ":"2023-06-30 00:00:00","REPORT_TYPE_SQ":"2023年中报","OPERATE_INCOME_SQ":40166500.36,"DPS_HKD":null,"OPERATE_INCOME_QOQ_SQ":0,"NET_PROFIT_RATIO_SQ":93.2536781504,"HOLDER_PROFIT_SQ":23518856.9,"HOLDER_PROFIT_QOQ_SQ":0,"ROE_AVG_SQ":1.647811345853,"PE_TTM_SQ":-86.340244923401,"PB_TTM_SQ":0.1442645228,"ROA_SQ":1.243083137187,"START_DATE":"2024-04-01 00:00:00","FISCAL_YEAR":"3-31","CURRENCY":"HKD","IS_CNY_CODE":0,"DPS_HKD_LY":null,"ORG_TYPE":"一般企业","PREMIUM_INCOME":null,"PREMIUM_INCOME_YOY":null,"NET_INTEREST_INCOME":null,"NET_INTEREST_INCOME_YOY":null,"FEE_COMMISSION_INCOME":null,"FEE_COMMISSION_INCOME_YOY":null,"ACCOUNTS_RECE_TDAYS":4.993283773391,"INVENTORY_TDAYS":null,"CURRENT_ASSETS_TDAYS":0.037760969966,"TOTAL_ASSETS_TDAYS":0.023862907725,"PREMIUM_EXPENSE":null,"LOAN_DEPOSIT":null,"LOAN_EQUITY":null,"LOAN_ASSETS":null,"DEPOSIT_EQUITY":null,"DEPOSIT_ASSETS":null,"EQUITY_MULTIPLIER":1.055895811079,"EQUITY_RATIO":0.069128157847},{"SECUCODE":"00234.HK","SECURITY_CODE":"00234","SECURITY_NAME_ABBR":"新世纪集团","ORG_CODE":"10007495","STD_REPORT_DATE":"2023-12-31 00:00:00","REPORT_DATE":"2024-03-31 00:00:00","DATE_TYPE_CODE":"001","REPORT_TYPE":"2023年年报","PER_NETCASH_OPERATE":0.010383883548,"PER_OI":0.013846903223,"BPS":0.244953005606,"BASIC_EPS":0.003535545,"DILUTED_EPS":0.003535545,"OPERATE_INCOME":80040206.05,"OPERATE_INCOME_YOY":10.2700204826,"GROSS_PROFIT":80040206.05,"GROSS_PROFIT_YOY":14.192535004731,"HOLDER_PROFIT":20318505.15,"HOLDER_PROFIT_YOY":160.7958552596,"GROSS_PROFIT_RATIO":null,"EPS_TTM":-0.000164905252,"OPERATE_INCOME_QOQ":0,"NET_PROFIT_RATIO":39.6314460137,"ROE_AVG":1.441339822889,"GROSS_PROFIT_QOQ":0,"ROA":1.088654181444,"HOLDER_PROFIT_QOQ":0,"ROE_YEARLY":1.441339822889,"ROIC_YEARLY":1.813405266505,"TOTAL_ASSETS":1845905324.85,"TOTAL_LIABILITIES":121715216.1,"TAX_EBT":10.279068142922,"OCF_SALES":74.990655899242,"TOTAL_PARENT_EQUITY":1415918687.8,"DEBT_ASSET_RATIO":6.5937951671,"OPERATE_PROFIT":25956339.6,"PRETAX_PROFIT":25955433.05,"NETCASH_OPERATE":60022675.5,"NETCASH_INVEST":-118351915.6,"NETCASH_FINANCE":-43340342.4,"END_CASH":249546018.5,"DIVI_RATIO":null,"DIVIDEND_RATE":null,"CURRENT_RATIO":11.148609211524,"COMMON_ACS":40000000000,"CURRENTDEBT_DEBT":85.497758114731,"ISSUED_COMMON_SHARES":5780368705,"HK_COMMON_SHARES":5780368705,"PER_SHARES":24000,"TOTAL_MARKET_CAP":173411061.15,"HKSK_MARKET_CAP":173411061.15,"PE_TTM":-23.232993187299,"PB_TTM":0.110722447353,"REPORT_DATE_SQ":"2022-12-31 00:00:00","REPORT_TYPE_SQ":"2022年年报","OPERATE_INCOME_SQ":70092327.88,"DPS_HKD":null,"OPERATE_INCOME_QOQ_SQ":0,"NET_PROFIT_RATIO_SQ":-54.8134086027,"HOLDER_PROFIT_SQ":-32272865.06,"HOLDER_PROFIT_QOQ_SQ":0,"ROE_AVG_SQ":-2.35727341232,"PE_TTM_SQ":-90.767949791268,"PB_TTM_SQ":0.151662703456,"ROA_SQ":-1.775643541943,"START_DATE":"2023-04-01 00:00:00","FISCAL_YEAR":"3-31","CURRENCY":"HKD","IS_CNY_CODE":0,"DPS_HKD_LY":null,"ORG_TYPE":"一般企业","PREMIUM_INCOME":null,"PREMIUM_INCOME_YOY":null,"NET_INTEREST_INCOME":null,"NET_INTEREST_INCOME_YOY":null,"FEE_COMMISSION_INCOME":null,"FEE_COMMISSION_INCOME_YOY":null,"ACCOUNTS_RECE_TDAYS":9.451985868751,"INVENTORY_TDAYS":null,"CURRENT_ASSETS_TDAYS":0.069980802856,"TOTAL_ASSETS_TDAYS":0.042885096299,"PREMIUM_EXPENSE":null,"LOAN_DEPOSIT":null,"LOAN_EQUITY":null,"LOAN_ASSETS":null,"DEPOSIT_EQUITY":null,"DEPOSIT_ASSETS":null,"EQUITY_MULTIPLIER":1.070592688986,"EQUITY_RATIO":0.085962009788},{"SECUCODE":"00234.HK","SECURITY_CODE":"00234","SECURITY_NAME_ABBR":"新世纪集团","ORG_CODE":"10007495","STD_REPORT_DATE":"2023-06-30 00:00:00","REPORT_DATE":"2023-09-30 00:00:00","DATE_TYPE_CODE":"002","REPORT_TYPE":"2023年中报","PER_NETCASH_OPERATE":-0.000760250824,"PER_OI":0.006948778254,"BPS":0.248069097693,"BASIC_EPS":0.004037572,"DILUTED_EPS":0.004037572,"OPERATE_INCOME":40166500.36,"OPERATE_INCOME_YOY":50.8391054137,"GROSS_PROFIT":40166500.36,"GROSS_PROFIT_YOY":53.038884061705,"HOLDER_PROFIT":23518856.9,"HOLDER_PROFIT_YOY":397.1594202899,"GROSS_PROFIT_RATIO":null,"EPS_TTM":-0.005583184518,"OPERATE_INCOME_QOQ":0,"NET_PROFIT_RATIO":93.2536781504,"ROE_AVG":1.647811345853,"GROSS_PROFIT_QOQ":0,"ROA":1.243083137187,"HOLDER_PROFIT_QOQ":0,"ROE_YEARLY":3.295622691706,"ROIC_YEARLY":4.026768663476,"TOTAL_ASSETS":1874024361.72,"TOTAL_LIABILITIES":125658416.94,"TAX_EBT":15.085544927927,"OCF_SALES":-10.940784062871,"TOTAL_PARENT_EQUITY":1433930848.98,"DEBT_ASSET_RATIO":6.7052712604,"OPERATE_PROFIT":34058755.08,"PRETAX_PROFIT":34057837.45,"NETCASH_OPERATE":-4394530.07,"NETCASH_INVEST":103687601.85,"NETCASH_FINANCE":-43867302.15,"END_CASH":410785328.17,"DIVI_RATIO":null,"DIVIDEND_RATE":null,"CURRENT_RATIO":10.435297422452,"COMMON_ACS":40000000000,"CURRENTDEBT_DEBT":85.787728753158,"ISSUED_COMMON_SHARES":5780368705,"HK_COMMON_SHARES":5780368705,"PER_SHARES":24000,"TOTAL_MARKET_CAP":173411061.15,"HKSK_MARKET_CAP":173411061.15,"PE_TTM":-23.232993187299,"PB_TTM":0.110722447353,"REPORT_DATE_SQ":"2022-06-30 00:00:00","REPORT_TYPE_SQ":"2022年中报","OPERATE_INCOME_SQ":26245944.36,"DPS_HKD":null,"OPERATE_INCOME_QOQ_SQ":0,"NET_PROFIT_RATIO_SQ":-22.4578810681,"HOLDER_PROFIT_SQ":-7800795,"HOLDER_PROFIT_QOQ_SQ":0,"ROE_AVG_SQ":-0.549658542554,"PE_TTM_SQ":-90.767949791268,"PB_TTM_SQ":0.151662703456,"ROA_SQ":-0.414334882025,"START_DATE":"2023-04-01 00:00:00","FISCAL_YEAR":"3-31","CURRENCY":"HKD","IS_CNY_CODE":0,"DPS_HKD_LY":null,"ORG_TYPE":"一般企业","PREMIUM_INCOME":null,"PREMIUM_INCOME_YOY":null,"NET_INTEREST_INCOME":null,"NET_INTEREST_INCOME_YOY":null,"FEE_COMMISSION_INCOME":null,"FEE_COMMISSION_INCOME_YOY":null,"ACCOUNTS_RECE_TDAYS":4.724956822107,"INVENTORY_TDAYS":null,"CURRENT_ASSETS_TDAYS":0.035451110358,"TOTAL_ASSETS_TDAYS":0.021229900539,"PREMIUM_EXPENSE":null,"LOAN_DEPOSIT":null,"LOAN_EQUITY":null,"LOAN_ASSETS":null,"DEPOSIT_EQUITY":null,"DEPOSIT_ASSETS":null,"EQUITY_MULTIPLIER":1.071871919786,"EQUITY_RATIO":0.087632131654},{"SECUCODE":"00234.HK","SECURITY_CODE":"00234","SECURITY_NAME_ABBR":"新世纪集团","ORG_CODE":"10007495","STD_REPORT_DATE":"2022-12-31 00:00:00","REPORT_DATE":"2023-03-31 00:00:00","DATE_TYPE_CODE":"001","REPORT_TYPE":"2022年年报","PER_NETCASH_OPERATE":0.003298934204,"PER_OI":0.012125926815,"BPS":0.234459674536,"BASIC_EPS":-0.005602624,"DILUTED_EPS":-0.005602624,"OPERATE_INCOME":70092327.88,"OPERATE_INCOME_YOY":-0.8335294336,"GROSS_PROFIT":70092327.88,"GROSS_PROFIT_YOY":7.040998259595,"HOLDER_PROFIT":-32272865.06,"HOLDER_PROFIT_YOY":-2356.0959360426,"GROSS_PROFIT_RATIO":null,"EPS_TTM":-0.001997673809,"OPERATE_INCOME_QOQ":0,"NET_PROFIT_RATIO":-54.8134086027,"ROE_AVG":-2.35727341232,"GROSS_PROFIT_QOQ":0,"ROA":-1.775643541943,"HOLDER_PROFIT_QOQ":0,"ROE_YEARLY":-2.35727341232,"ROIC_YEARLY":-2.808329921252,"TOTAL_ASSETS":1822055613.34,"TOTAL_LIABILITIES":176745279,"TAX_EBT":35.36449744986,"OCF_SALES":27.205625218564,"TOTAL_PARENT_EQUITY":1355263365.27,"DEBT_ASSET_RATIO":9.7003229597,"OPERATE_PROFIT":22831568.21,"PRETAX_PROFIT":22828066.57,"NETCASH_OPERATE":19069056.03,"NETCASH_INVEST":21512325.34,"NETCASH_FINANCE":34899095.06,"END_CASH":339306289.77,"DIVI_RATIO":null,"DIVIDEND_RATE":null,"CURRENT_RATIO":6.798080076972,"COMMON_ACS":40000000000,"CURRENTDEBT_DEBT":90.601287766221,"ISSUED_COMMON_SHARES":5780368705,"HK_COMMON_SHARES":5780368705,"PER_SHARES":24000,"TOTAL_MARKET_CAP":173411061.15,"HKSK_MARKET_CAP":173411061.15,"PE_TTM":-23.232993187299,"PB_TTM":0.110722447353,"REPORT_DATE_SQ":"2021-12-31 00:00:00","REPORT_TYPE_SQ":"2021年年报","OPERATE_INCOME_SQ":65481758.41,"DPS_HKD":null,"OPERATE_INCOME_QOQ_SQ":0,"NET_PROFIT_RATIO_SQ":-8.4653397902,"HOLDER_PROFIT_SQ":-1217326.01,"HOLDER_PROFIT_QOQ_SQ":0,"ROE_AVG_SQ":-0.094932555827,"PE_TTM_SQ":-95.195654659134,"PB_TTM_SQ":0.159060884113,"ROA_SQ":-0.071453767603,"START_DATE":"2022-04-01 00:00:00","FISCAL_YEAR":"3-31","CURRENCY":"HKD","IS_CNY_CODE":0,"DPS_HKD_LY":null,"ORG_TYPE":"一般企业","PREMIUM_INCOME":null,"PREMIUM_INCOME_YOY":null,"NET_INTEREST_INCOME":null,"NET_INTEREST_INCOME_YOY":null,"FEE_COMMISSION_INCOME":null,"FEE_COMMISSION_INCOME_YOY":null,"ACCOUNTS_RECE_TDAYS":null,"INVENTORY_TDAYS":null,"CURRENT_ASSETS_TDAYS":0.069659783455,"TOTAL_ASSETS_TDAYS":0.03856459261,"PREMIUM_EXPENSE":null,"LOAN_DEPOSIT":null,"LOAN_EQUITY":null,"LOAN_ASSETS":null,"DEPOSIT_EQUITY":null,"DEPOSIT_ASSETS":null,"EQUITY_MULTIPLIER":1.107423672793,"EQUITY_RATIO":0.130413972317},{"SECUCODE":"00234.HK","SECURITY_CODE":"00234","SECURITY_NAME_ABBR":"新世纪集团","ORG_CODE":"10007495","STD_REPORT_DATE":"2022-06-30 00:00:00","REPORT_DATE":"2022-09-30 00:00:00","DATE_TYPE_CODE":"002","REPORT_TYPE":"2022年中报","PER_NETCASH_OPERATE":-0.004355273631,"PER_OI":0.004540531184,"BPS":0.243871540288,"BASIC_EPS":-0.00135666,"DILUTED_EPS":-0.00135666,"OPERATE_INCOME":26245944.36,"OPERATE_INCOME_YOY":-15.5897810629,"GROSS_PROFIT":26245944.36,"GROSS_PROFIT_YOY":-0.17279142844,"HOLDER_PROFIT":-7800795,"HOLDER_PROFIT_YOY":-384.0909090909,"GROSS_PROFIT_RATIO":89.102350669242,"EPS_TTM":-0.000210596602,"OPERATE_INCOME_QOQ":0,"NET_PROFIT_RATIO":-22.4578810681,"ROE_AVG":-0.549658542554,"GROSS_PROFIT_QOQ":0,"ROA":-0.414334882025,"HOLDER_PROFIT_QOQ":0,"ROE_YEARLY":-1.099317085108,"ROIC_YEARLY":-1.290859442992,"TOTAL_ASSETS":1892326347.72,"TOTAL_LIABILITIES":176953686,"TAX_EBT":52.68283884931,"OCF_SALES":-92.678297929014,"TOTAL_PARENT_EQUITY":1409667419.52,"DEBT_ASSET_RATIO":9.3511188603,"OPERATE_PROFIT":10031144.04,"PRETAX_PROFIT":10029335.16,"NETCASH_OPERATE":-25175087.4,"NETCASH_INVEST":-54836197.2,"NETCASH_FINANCE":36117002.52,"END_CASH":227971337.52,"DIVI_RATIO":null,"DIVIDEND_RATE":null,"CURRENT_RATIO":6.155325519719,"COMMON_ACS":40000000000,"CURRENTDEBT_DEBT":89.61666240736,"ISSUED_COMMON_SHARES":5780368705,"HK_COMMON_SHARES":5780368705,"PER_SHARES":24000,"TOTAL_MARKET_CAP":173411061.15,"HKSK_MARKET_CAP":173411061.15,"PE_TTM":-23.232993187299,"PB_TTM":0.110722447353,"REPORT_DATE_SQ":"2021-06-30 00:00:00","REPORT_TYPE_SQ":"2021年中报","OPERATE_INCOME_SQ":29641107.86,"DPS_HKD":null,"OPERATE_INCOME_QOQ_SQ":0,"NET_PROFIT_RATIO_SQ":2.4535566735,"HOLDER_PROFIT_SQ":2529170.16,"HOLDER_PROFIT_QOQ_SQ":0,"ROE_AVG_SQ":0.191912615283,"PE_TTM_SQ":-95.195654659134,"PB_TTM_SQ":0.159060884113,"ROA_SQ":0.145325077503,"START_DATE":"2022-04-01 00:00:00","FISCAL_YEAR":"3-31","CURRENCY":"HKD","IS_CNY_CODE":0,"DPS_HKD_LY":null,"ORG_TYPE":"一般企业","PREMIUM_INCOME":null,"PREMIUM_INCOME_YOY":null,"NET_INTEREST_INCOME":null,"NET_INTEREST_INCOME_YOY":null,"FEE_COMMISSION_INCOME":null,"FEE_COMMISSION_INCOME_YOY":null,"ACCOUNTS_RECE_TDAYS":4.365728900256,"INVENTORY_TDAYS":null,"CURRENT_ASSETS_TDAYS":0.028140931404,"TOTAL_ASSETS_TDAYS":0.014427981272,"PREMIUM_EXPENSE":null,"LOAN_DEPOSIT":null,"LOAN_EQUITY":null,"LOAN_ASSETS":null,"DEPOSIT_EQUITY":null,"DEPOSIT_ASSETS":null,"EQUITY_MULTIPLIER":1.103157576163,"EQUITY_RATIO":0.125528676871},{"SECUCODE":"00234.HK","SECURITY_CODE":"00234","SECURITY_NAME_ABBR":"新世纪集团","ORG_CODE":"10007495","STD_REPORT_DATE":"2021-12-31 00:00:00","REPORT_DATE":"2022-03-31 00:00:00","DATE_TYPE_CODE":"001","REPORT_TYPE":"2021年年报","PER_NETCASH_OPERATE":-0.005636159971,"PER_OI":0.011328301316,"BPS":0.221639104082,"BASIC_EPS":-0.000243303,"DILUTED_EPS":-0.000243303,"OPERATE_INCOME":65481758.41,"OPERATE_INCOME_YOY":-19.5486249502,"GROSS_PROFIT":65481758.41,"GROSS_PROFIT_YOY":-8.519457202297,"HOLDER_PROFIT":-1217326.01,"HOLDER_PROFIT_YOY":97.3532938355,"GROSS_PROFIT_RATIO":90.364251123964,"EPS_TTM":0.001125372822,"OPERATE_INCOME_QOQ":0,"NET_PROFIT_RATIO":-8.4653397902,"ROE_AVG":-0.094932555827,"GROSS_PROFIT_QOQ":0,"ROA":-0.071453767603,"HOLDER_PROFIT_QOQ":0,"ROE_YEARLY":-0.094932555827,"ROIC_YEARLY":-0.114402348716,"TOTAL_ASSETS":1679630906.36,"TOTAL_LIABILITIES":124313234.82,"TAX_EBT":12.01475465073,"OCF_SALES":-49.752913637433,"TOTAL_PARENT_EQUITY":1281155741.04,"DEBT_ASSET_RATIO":7.4012233491,"OPERATE_PROFIT":45738530.97,"PRETAX_PROFIT":45732042.89,"NETCASH_OPERATE":-32579082.71,"NETCASH_INVEST":-3130498.6,"NETCASH_FINANCE":-32592869.88,"END_CASH":244216197.26,"DIVI_RATIO":null,"DIVIDEND_RATE":null,"CURRENT_RATIO":7.863973053937,"COMMON_ACS":40000000000,"CURRENTDEBT_DEBT":87.547135345311,"ISSUED_COMMON_SHARES":5780368705,"HK_COMMON_SHARES":5780368705,"PER_SHARES":24000,"TOTAL_MARKET_CAP":173411061.15,"HKSK_MARKET_CAP":173411061.15,"PE_TTM":-23.232993187299,"PB_TTM":0.110722447353,"REPORT_DATE_SQ":"2020-12-31 00:00:00","REPORT_TYPE_SQ":"2020年年报","OPERATE_INCOME_SQ":84822264.8,"DPS_HKD":null,"OPERATE_INCOME_QOQ_SQ":0,"NET_PROFIT_RATIO_SQ":-79.6482662415,"HOLDER_PROFIT_SQ":-47931848.16,"HOLDER_PROFIT_QOQ_SQ":0,"ROE_AVG_SQ":-3.544756994882,"PE_TTM_SQ":-95.195654659134,"PB_TTM_SQ":0.159060884113,"ROA_SQ":-2.638419070012,"START_DATE":"2021-04-01 00:00:00","FISCAL_YEAR":"3-31","CURRENCY":"HKD","IS_CNY_CODE":0,"DPS_HKD_LY":null,"ORG_TYPE":"一般企业","PREMIUM_INCOME":null,"PREMIUM_INCOME_YOY":null,"NET_INTEREST_INCOME":null,"NET_INTEREST_INCOME_YOY":null,"FEE_COMMISSION_INCOME":null,"FEE_COMMISSION_INCOME_YOY":null,"ACCOUNTS_RECE_TDAYS":3.090268873792,"INVENTORY_TDAYS":null,"CURRENT_ASSETS_TDAYS":0.070184481894,"TOTAL_ASSETS_TDAYS":0.038436033645,"PREMIUM_EXPENSE":null,"LOAN_DEPOSIT":null,"LOAN_EQUITY":null,"LOAN_ASSETS":null,"DEPOSIT_EQUITY":null,"DEPOSIT_ASSETS":null,"EQUITY_MULTIPLIER":1.079927873961,"EQUITY_RATIO":0.097032102217},{"SECUCODE":"00234.HK","SECURITY_CODE":"00234","SECURITY_NAME_ABBR":"新世纪集团","ORG_CODE":"10007495","STD_REPORT_DATE":"2021-06-30 00:00:00","REPORT_DATE":"2021-09-30 00:00:00","DATE_TYPE_CODE":"002","REPORT_TYPE":"2021年中报","PER_NETCASH_OPERATE":0.021478894599,"PER_OI":0.005127892246,"BPS":0.227909380556,"BASIC_EPS":0.00041653,"DILUTED_EPS":0.00041653,"OPERATE_INCOME":29641107.86,"OPERATE_INCOME_YOY":-14.9959386497,"GROSS_PROFIT":26291373.6,"GROSS_PROFIT_YOY":-8.096568906044,"HOLDER_PROFIT":2529170.16,"HOLDER_PROFIT_YOY":105.1394907909,"GROSS_PROFIT_RATIO":88.699024760406,"EPS_TTM":-0.008292178338,"OPERATE_INCOME_QOQ":0,"NET_PROFIT_RATIO":2.4535566735,"ROE_AVG":0.191912615283,"GROSS_PROFIT_QOQ":0,"ROA":0.145325077503,"HOLDER_PROFIT_QOQ":0,"ROE_YEARLY":0.383825230567,"ROIC_YEARLY":0.495894901642,"TOTAL_ASSETS":1706054397.22,"TOTAL_LIABILITIES":104677321.24,"TAX_EBT":84.407929987498,"OCF_SALES":418.864000449678,"TOTAL_PARENT_EQUITY":1317400250.94,"DEBT_ASSET_RATIO":6.1356379615,"OPERATE_PROFIT":4667635.18,"PRETAX_PROFIT":4664302.94,"NETCASH_OPERATE":124155930.16,"NETCASH_INVEST":-19525260.28,"NETCASH_FINANCE":-66722274.58,"END_CASH":358866419.86,"DIVI_RATIO":null,"DIVIDEND_RATE":null,"CURRENT_RATIO":10.571154767609,"COMMON_ACS":40000000000,"CURRENTDEBT_DEBT":83.045505913063,"ISSUED_COMMON_SHARES":5780368705,"HK_COMMON_SHARES":5780368705,"PER_SHARES":24000,"TOTAL_MARKET_CAP":173411061.15,"HKSK_MARKET_CAP":173411061.15,"PE_TTM":-23.232993187299,"PB_TTM":0.110722447353,"REPORT_DATE_SQ":"2020-06-30 00:00:00","REPORT_TYPE_SQ":"2020年中报","OPERATE_INCOME_SQ":36781461.76,"DPS_HKD":null,"OPERATE_INCOME_QOQ_SQ":0,"NET_PROFIT_RATIO_SQ":-194.4478952649,"HOLDER_PROFIT_SQ":-51907747.84,"HOLDER_PROFIT_QOQ_SQ":0,"ROE_AVG_SQ":-3.707934850018,"PE_TTM_SQ":-95.195654659134,"PB_TTM_SQ":0.159060884113,"ROA_SQ":-2.750400417179,"START_DATE":"2021-04-01 00:00:00","FISCAL_YEAR":"3-31","CURRENCY":"HKD","IS_CNY_CODE":0,"DPS_HKD_LY":null,"ORG_TYPE":"一般企业","PREMIUM_INCOME":null,"PREMIUM_INCOME_YOY":null,"NET_INTEREST_INCOME":null,"NET_INTEREST_INCOME_YOY":null,"FEE_COMMISSION_INCOME":null,"FEE_COMMISSION_INCOME_YOY":null,"ACCOUNTS_RECE_TDAYS":0.945976125276,"INVENTORY_TDAYS":null,"CURRENT_ASSETS_TDAYS":0.030299443419,"TOTAL_ASSETS_TDAYS":0.017031658704,"PREMIUM_EXPENSE":null,"LOAN_DEPOSIT":null,"LOAN_EQUITY":null,"LOAN_ASSETS":null,"DEPOSIT_EQUITY":null,"DEPOSIT_ASSETS":null,"EQUITY_MULTIPLIER":1.065367066139,"EQUITY_RATIO":0.079457493017},{"SECUCODE":"00234.HK","SECURITY_CODE":"00234","SECURITY_NAME_ABBR":"新世纪集团","ORG_CODE":"10007495","STD_REPORT_DATE":"2020-12-31 00:00:00","REPORT_DATE":"2021-03-31 00:00:00","DATE_TYPE_CODE":"001","REPORT_TYPE":"2020年年报","PER_NETCASH_OPERATE":0.003834357539,"PER_OI":0.014674196254,"BPS":0.231392160369,"BASIC_EPS":-0.008282764,"DILUTED_EPS":-0.008282764,"OPERATE_INCOME":84822264.8,"OPERATE_INCOME_YOY":-30.9595223026,"GROSS_PROFIT":71579984.56,"GROSS_PROFIT_YOY":-37.758077953033,"HOLDER_PROFIT":-47931848.16,"HOLDER_PROFIT_YOY":-466.8068042171,"GROSS_PROFIT_RATIO":84.388202471104,"EPS_TTM":-0.008411468334,"OPERATE_INCOME_QOQ":0,"NET_PROFIT_RATIO":-79.6482662415,"ROE_AVG":-3.544756994882,"GROSS_PROFIT_QOQ":0,"ROA":-2.638419070012,"HOLDER_PROFIT_QOQ":0,"ROE_YEARLY":-3.544756994882,"ROIC_YEARLY":-4.323803409974,"TOTAL_ASSETS":1800471740.76,"TOTAL_LIABILITIES":138939140.2,"TAX_EBT":-12.331365935919,"OCF_SALES":26.129932243922,"TOTAL_PARENT_EQUITY":1337532002.38,"DEBT_ASSET_RATIO":7.7168187123,"OPERATE_PROFIT":-60134557,"PRETAX_PROFIT":-60143008.8,"NETCASH_OPERATE":22164000.32,"NETCASH_INVEST":-68702991.84,"NETCASH_FINANCE":-156358.3,"END_CASH":325688422.64,"DIVI_RATIO":null,"DIVIDEND_RATE":null,"CURRENT_RATIO":8.732246643531,"COMMON_ACS":40000000000,"CURRENTDEBT_DEBT":86.766226656123,"ISSUED_COMMON_SHARES":5780368705,"HK_COMMON_SHARES":5780368705,"PER_SHARES":24000,"TOTAL_MARKET_CAP":173411061.15,"HKSK_MARKET_CAP":173411061.15,"PE_TTM":-23.232993187299,"PB_TTM":0.110722447353,"REPORT_DATE_SQ":"2019-12-31 00:00:00","REPORT_TYPE_SQ":"2019年年报","OPERATE_INCOME_SQ":132819086.8,"DPS_HKD":null,"OPERATE_INCOME_QOQ_SQ":0,"NET_PROFIT_RATIO_SQ":33.4573897251,"HOLDER_PROFIT_SQ":14126715.7,"HOLDER_PROFIT_QOQ_SQ":0,"ROE_AVG_SQ":0.824495642348,"PE_TTM_SQ":-95.195654659134,"PB_TTM_SQ":0.159060884113,"ROA_SQ":0.764172229128,"START_DATE":"2020-04-01 00:00:00","FISCAL_YEAR":"3-31","CURRENCY":"HKD","IS_CNY_CODE":0,"DPS_HKD_LY":null,"ORG_TYPE":"一般企业","PREMIUM_INCOME":null,"PREMIUM_INCOME_YOY":null,"NET_INTEREST_INCOME":null,"NET_INTEREST_INCOME_YOY":null,"FEE_COMMISSION_INCOME":null,"FEE_COMMISSION_INCOME_YOY":null,"ACCOUNTS_RECE_TDAYS":1.254884308319,"INVENTORY_TDAYS":null,"CURRENT_ASSETS_TDAYS":0.084000063611,"TOTAL_ASSETS_TDAYS":0.04669060126,"PREMIUM_EXPENSE":null,"LOAN_DEPOSIT":null,"LOAN_EQUITY":null,"LOAN_ASSETS":null,"DEPOSIT_EQUITY":null,"DEPOSIT_ASSETS":null,"EQUITY_MULTIPLIER":1.083621073793,"EQUITY_RATIO":0.103877245518},{"SECUCODE":"00234.HK","SECURITY_CODE":"00234","SECURITY_NAME_ABBR":"新世纪集团","ORG_CODE":"10007495","STD_REPORT_DATE":"2020-06-30 00:00:00","REPORT_DATE":"2020-09-30 00:00:00","DATE_TYPE_CODE":"002","REPORT_TYPE":"2020年中报","PER_NETCASH_OPERATE":-0.002424686852,"PER_OI":0.006363168794,"BPS":0.238519410004,"BASIC_EPS":-0.008962944,"DILUTED_EPS":-0.008962944,"OPERATE_INCOME":36781461.76,"OPERATE_INCOME_YOY":-47.5838060533,"GROSS_PROFIT":28607608.32,"GROSS_PROFIT_YOY":-55.081790182616,"HOLDER_PROFIT":-51907747.84,"HOLDER_PROFIT_YOY":-591.5293726078,"GROSS_PROFIT_RATIO":77.777246882316,"EPS_TTM":0.002443912564,"OPERATE_INCOME_QOQ":0,"NET_PROFIT_RATIO":-194.4478952649,"ROE_AVG":-3.707934850018,"GROSS_PROFIT_QOQ":0,"ROA":-2.750400417179,"HOLDER_PROFIT_QOQ":0,"ROE_YEARLY":-7.415869700036,"ROIC_YEARLY":-8.863364836199,"TOTAL_ASSETS":1868917934.08,"TOTAL_LIABILITIES":156722348.16,"TAX_EBT":-6.507543935409,"OCF_SALES":-38.105021740169,"TOTAL_PARENT_EQUITY":1378730133.12,"DEBT_ASSET_RATIO":8.3857265909,"OPERATE_PROFIT":-67147388.8,"PRETAX_PROFIT":-67150903.68,"NETCASH_OPERATE":-14015584,"NETCASH_INVEST":-10686113.92,"NETCASH_FINANCE":-81720.96,"END_CASH":362112603.52,"DIVI_RATIO":null,"DIVIDEND_RATE":null,"CURRENT_RATIO":7.287196965814,"COMMON_ACS":40000000000,"CURRENTDEBT_DEBT":87.516329974825,"ISSUED_COMMON_SHARES":5780368705,"HK_COMMON_SHARES":5780368705,"PER_SHARES":24000,"TOTAL_MARKET_CAP":173411061.15,"HKSK_MARKET_CAP":173411061.15,"PE_TTM":-23.232993187299,"PB_TTM":0.110722447353,"REPORT_DATE_SQ":"2019-06-30 00:00:00","REPORT_TYPE_SQ":"2019年中报","OPERATE_INCOME_SQ":72031812.57,"DPS_HKD":null,"OPERATE_INCOME_QOQ_SQ":0,"NET_PROFIT_RATIO_SQ":40.9231501309,"HOLDER_PROFIT_SQ":10840356.18,"HOLDER_PROFIT_QOQ_SQ":0,"ROE_AVG_SQ":0.635393949007,"PE_TTM_SQ":-95.195654659134,"PB_TTM_SQ":0.159060884113,"ROA_SQ":0.580403346036,"START_DATE":"2020-04-01 00:00:00","FISCAL_YEAR":"3-31","CURRENCY":"HKD","IS_CNY_CODE":0,"DPS_HKD_LY":null,"ORG_TYPE":"一般企业","PREMIUM_INCOME":null,"PREMIUM_INCOME_YOY":null,"NET_INTEREST_INCOME":null,"NET_INTEREST_INCOME_YOY":null,"FEE_COMMISSION_INCOME":null,"FEE_COMMISSION_INCOME_YOY":null,"ACCOUNTS_RECE_TDAYS":0.474435263581,"INVENTORY_TDAYS":null,"CURRENT_ASSETS_TDAYS":0.036694336301,"TOTAL_ASSETS_TDAYS":0.019489142176,"PREMIUM_EXPENSE":null,"LOAN_DEPOSIT":null,"LOAN_EQUITY":null,"LOAN_ASSETS":null,"DEPOSIT_EQUITY":null,"DEPOSIT_ASSETS":null,"EQUITY_MULTIPLIER":1.091532970561,"EQUITY_RATIO":0.113671518737}],"count":48},"success":true,"message":"ok","code":0}