{"version":"f8ebbdee691369f36e856df03f8f1e7f","result":{"pages":6,"data":[{"SECUCODE":"00244.HK","SECURITY_CODE":"00244","SECURITY_NAME_ABBR":"先施","ORG_CODE":"10007505","STD_REPORT_DATE":"2024-06-30 00:00:00","REPORT_DATE":"2024-06-30 00:00:00","DATE_TYPE_CODE":"002","REPORT_TYPE":"2024年中报","PER_NETCASH_OPERATE":-0.0016482887,"PER_OI":0.045183809499,"BPS":0.038696234084,"BASIC_EPS":-0.0182536,"DILUTED_EPS":-0.0182536,"OPERATE_INCOME":59369834,"OPERATE_INCOME_YOY":-12.5154661359,"GROSS_PROFIT":32796243.12,"GROSS_PROFIT_YOY":-19.015722111303,"HOLDER_PROFIT":-24879656.8,"HOLDER_PROFIT_YOY":-55.8337620763,"GROSS_PROFIT_RATIO":55.240584166026,"EPS_TTM":-0.041473577147,"OPERATE_INCOME_QOQ":-6.93507878471,"NET_PROFIT_RATIO":-40.9869331284,"ROE_AVG":-39.843607264223,"GROSS_PROFIT_QOQ":-10.124291525194,"ROA":-4.883366190661,"HOLDER_PROFIT_QOQ":-19.131691384175,"ROE_YEARLY":-79.687214528447,"ROIC_YEARLY":-11.838251100336,"TOTAL_ASSETS":478086426.36,"TOTAL_LIABILITIES":386115662.76,"TAX_EBT":null,"OCF_SALES":-3.647963105304,"TOTAL_PARENT_EQUITY":50845402.8,"DEBT_ASSET_RATIO":80.7627327343,"OPERATE_PROFIT":-11305367.16,"PRETAX_PROFIT":-24333874.16,"NETCASH_OPERATE":-2165789.64,"NETCASH_INVEST":9096681.56,"NETCASH_FINANCE":-79494428,"END_CASH":12036423.84,"DIVI_RATIO":null,"DIVIDEND_RATE":null,"CURRENT_RATIO":0.614201214758,"COMMON_ACS":null,"CURRENTDEBT_DEBT":98.226952869235,"ISSUED_COMMON_SHARES":1313962560,"HK_COMMON_SHARES":1313962560,"PER_SHARES":1000,"TOTAL_MARKET_CAP":315351014.4,"HKSK_MARKET_CAP":315351014.4,"PE_TTM":-5.234563017064,"PB_TTM":5.66058184168,"REPORT_DATE_SQ":"2023-06-30 00:00:00","REPORT_TYPE_SQ":"2023年中报","OPERATE_INCOME_SQ":68554744.88,"DPS_HKD":null,"OPERATE_INCOME_QOQ_SQ":7.241354039127,"NET_PROFIT_RATIO_SQ":-25.567539943,"HOLDER_PROFIT_SQ":-16128196.14,"HOLDER_PROFIT_QOQ_SQ":31.180128933944,"ROE_AVG_SQ":-14.599338176689,"PE_TTM_SQ":-8.202866881698,"PB_TTM_SQ":2.817344587785,"ROA_SQ":-2.873713806492,"START_DATE":"2024-01-01 00:00:00","FISCAL_YEAR":"12-31","CURRENCY":"HKD","IS_CNY_CODE":0,"DPS_HKD_LY":null,"ORG_TYPE":"一般企业","PREMIUM_INCOME":null,"PREMIUM_INCOME_YOY":null,"NET_INTEREST_INCOME":null,"NET_INTEREST_INCOME_YOY":null,"FEE_COMMISSION_INCOME":null,"FEE_COMMISSION_INCOME_YOY":null,"ACCOUNTS_RECE_TDAYS":null,"INVENTORY_TDAYS":0.907577693962,"CURRENT_ASSETS_TDAYS":0.303519519968,"TOTAL_ASSETS_TDAYS":0.116530803633,"PREMIUM_EXPENSE":null,"LOAN_DEPOSIT":null,"LOAN_EQUITY":null,"LOAN_ASSETS":null,"DEPOSIT_EQUITY":null,"DEPOSIT_ASSETS":null,"EQUITY_MULTIPLIER":5.198243524864,"EQUITY_RATIO":7.593914916532},{"SECUCODE":"00244.HK","SECURITY_CODE":"00244","SECURITY_NAME_ABBR":"先施","ORG_CODE":"10007505","STD_REPORT_DATE":"2023-12-31 00:00:00","REPORT_DATE":"2023-12-31 00:00:00","DATE_TYPE_CODE":"001","REPORT_TYPE":"2023年年报","PER_NETCASH_OPERATE":-0.010250095437,"PER_OI":0.100795363865,"BPS":0.055950679067,"BASIC_EPS":-0.0362488,"DILUTED_EPS":-0.0362488,"OPERATE_INCOME":132441334.34,"OPERATE_INCOME_YOY":-0.2518496273,"GROSS_PROFIT":76062669.48,"GROSS_PROFIT_YOY":3.917228347524,"HOLDER_PROFIT":-45743266.94,"HOLDER_PROFIT_YOY":16.9184936467,"GROSS_PROFIT_RATIO":57.431216514879,"EPS_TTM":-0.034813219442,"OPERATE_INCOME_QOQ":-5.638799709636,"NET_PROFIT_RATIO":-35.3151279191,"ROE_AVG":-48.341745118132,"GROSS_PROFIT_QOQ":-6.160196789951,"ROA":-7.916036101026,"HOLDER_PROFIT_QOQ":-26.037255659688,"ROE_YEARLY":-48.341745118132,"ROIC_YEARLY":-10.15554111448,"TOTAL_ASSETS":537040471.52,"TOTAL_LIABILITIES":423269987.84,"TAX_EBT":-0.027132834606,"OCF_SALES":-10.16921318946,"TOTAL_PARENT_EQUITY":73517097.5,"DEBT_ASSET_RATIO":78.8152867962,"OPERATE_PROFIT":-22412633.04,"PRETAX_PROFIT":-46759139.56,"NETCASH_OPERATE":-13468241.64,"NETCASH_INVEST":65585860.06,"NETCASH_FINANCE":-57096391.1,"END_CASH":84001156.68,"DIVI_RATIO":null,"DIVIDEND_RATE":null,"CURRENT_RATIO":0.685024532461,"COMMON_ACS":null,"CURRENTDEBT_DEBT":54.195926966292,"ISSUED_COMMON_SHARES":1313962560,"HK_COMMON_SHARES":1313962560,"PER_SHARES":1000,"TOTAL_MARKET_CAP":289071763.2,"HKSK_MARKET_CAP":289071763.2,"PE_TTM":-4.798349432309,"PB_TTM":5.188866688207,"REPORT_DATE_SQ":"2022-12-31 00:00:00","REPORT_TYPE_SQ":"2022年年报","OPERATE_INCOME_SQ":130878347.32,"DPS_HKD":null,"OPERATE_INCOME_QOQ_SQ":-8.050398551307,"NET_PROFIT_RATIO_SQ":-42.4875098965,"HOLDER_PROFIT_SQ":-54271512.12,"HOLDER_PROFIT_QOQ_SQ":51.027028132838,"ROE_AVG_SQ":-37.149859833814,"PE_TTM_SQ":-8.544653001769,"PB_TTM_SQ":2.93473394561,"ROA_SQ":-8.45725745801,"START_DATE":"2023-01-01 00:00:00","FISCAL_YEAR":"12-31","CURRENCY":"HKD","IS_CNY_CODE":0,"DPS_HKD_LY":null,"ORG_TYPE":"一般企业","PREMIUM_INCOME":null,"PREMIUM_INCOME_YOY":null,"NET_INTEREST_INCOME":null,"NET_INTEREST_INCOME_YOY":null,"FEE_COMMISSION_INCOME":null,"FEE_COMMISSION_INCOME_YOY":null,"ACCOUNTS_RECE_TDAYS":null,"INVENTORY_TDAYS":2.101187159093,"CURRENT_ASSETS_TDAYS":0.691698968701,"TOTAL_ASSETS_TDAYS":0.229194470364,"PREMIUM_EXPENSE":null,"LOAN_DEPOSIT":null,"LOAN_EQUITY":null,"LOAN_ASSETS":null,"DEPOSIT_EQUITY":null,"DEPOSIT_ASSETS":null,"EQUITY_MULTIPLIER":4.720384884987,"EQUITY_RATIO":5.75743605547},{"SECUCODE":"00244.HK","SECURITY_CODE":"00244","SECURITY_NAME_ABBR":"先施","ORG_CODE":"10007505","STD_REPORT_DATE":"2023-06-30 00:00:00","REPORT_DATE":"2023-06-30 00:00:00","DATE_TYPE_CODE":"002","REPORT_TYPE":"2023年中报","PER_NETCASH_OPERATE":-0.004619854861,"PER_OI":0.052174047394,"BPS":0.078540339353,"BASIC_EPS":-0.0092198,"DILUTED_EPS":-0.0092198,"OPERATE_INCOME":68554744.88,"OPERATE_INCOME_YOY":7.635963579,"GROSS_PROFIT":40497049.52,"GROSS_PROFIT_YOY":24.084707670751,"HOLDER_PROFIT":-16128196.14,"HOLDER_PROFIT_YOY":54.0709428414,"GROSS_PROFIT_RATIO":59.072569799344,"EPS_TTM":-0.027621372157,"OPERATE_INCOME_QOQ":7.241354039127,"NET_PROFIT_RATIO":-25.567539943,"ROE_AVG":-14.599338176689,"GROSS_PROFIT_QOQ":10.738966614111,"ROA":-2.873713806492,"HOLDER_PROFIT_QOQ":31.180128933944,"ROE_YEARLY":-29.198676353379,"ROIC_YEARLY":-6.962318782898,"TOTAL_ASSETS":493033414.9,"TOTAL_LIABILITIES":349255243.8,"TAX_EBT":-0.073695846713,"OCF_SALES":-8.854699015547,"TOTAL_PARENT_EQUITY":103199065.36,"DEBT_ASSET_RATIO":70.8380473301,"OPERATE_PROFIT":-5836133.4,"PRETAX_PROFIT":-17514854.06,"NETCASH_OPERATE":-6070316.32,"NETCASH_INVEST":56388296.8,"NETCASH_FINANCE":-118434784.86,"END_CASH":22410567.86,"DIVI_RATIO":null,"DIVIDEND_RATE":null,"CURRENT_RATIO":0.31030358613,"COMMON_ACS":null,"CURRENTDEBT_DEBT":98.442226973945,"ISSUED_COMMON_SHARES":1313962560,"HK_COMMON_SHARES":1313962560,"PER_SHARES":1000,"TOTAL_MARKET_CAP":289071763.2,"HKSK_MARKET_CAP":289071763.2,"PE_TTM":-4.798349432309,"PB_TTM":5.188866688207,"REPORT_DATE_SQ":"2022-06-30 00:00:00","REPORT_TYPE_SQ":"2022年中报","OPERATE_INCOME_SQ":59077380.39,"DPS_HKD":null,"OPERATE_INCOME_QOQ_SQ":0,"NET_PROFIT_RATIO_SQ":-57.1488542436,"HOLDER_PROFIT_SQ":-32571621.53,"HOLDER_PROFIT_QOQ_SQ":0,"ROE_AVG_SQ":-22.193669440366,"PE_TTM_SQ":-8.544653001769,"PB_TTM_SQ":2.93473394561,"ROA_SQ":-5.222798922173,"START_DATE":"2023-01-01 00:00:00","FISCAL_YEAR":"12-31","CURRENCY":"HKD","IS_CNY_CODE":0,"DPS_HKD_LY":null,"ORG_TYPE":"一般企业","PREMIUM_INCOME":null,"PREMIUM_INCOME_YOY":null,"NET_INTEREST_INCOME":null,"NET_INTEREST_INCOME_YOY":null,"FEE_COMMISSION_INCOME":null,"FEE_COMMISSION_INCOME_YOY":null,"ACCOUNTS_RECE_TDAYS":null,"INVENTORY_TDAYS":1.095839109847,"CURRENT_ASSETS_TDAYS":0.407557428896,"TOTAL_ASSETS_TDAYS":0.122150496653,"PREMIUM_EXPENSE":null,"LOAN_DEPOSIT":null,"LOAN_EQUITY":null,"LOAN_ASSETS":null,"DEPOSIT_EQUITY":null,"DEPOSIT_ASSETS":null,"EQUITY_MULTIPLIER":3.429125653277,"EQUITY_RATIO":3.384286888468},{"SECUCODE":"00244.HK","SECURITY_CODE":"00244","SECURITY_NAME_ABBR":"先施","ORG_CODE":"10007505","STD_REPORT_DATE":"2022-12-31 00:00:00","REPORT_DATE":"2022-12-31 00:00:00","DATE_TYPE_CODE":"001","REPORT_TYPE":"2022年年报","PER_NETCASH_OPERATE":-0.028667713812,"PER_OI":0.099605842133,"BPS":0.087689797463,"BASIC_EPS":-0.0446635,"DILUTED_EPS":-0.0446635,"OPERATE_INCOME":130878347.32,"OPERATE_INCOME_YOY":null,"GROSS_PROFIT":73195437.07,"GROSS_PROFIT_YOY":null,"HOLDER_PROFIT":-54271512.12,"HOLDER_PROFIT_YOY":null,"GROSS_PROFIT_RATIO":55.926315214721,"EPS_TTM":-0.040135751098,"OPERATE_INCOME_QOQ":-8.050398551307,"NET_PROFIT_RATIO":-42.4875098965,"ROE_AVG":-37.149859833814,"GROSS_PROFIT_QOQ":0.240124781361,"ROA":-8.45725745801,"HOLDER_PROFIT_QOQ":51.027028132838,"ROE_YEARLY":-37.149859833814,"ROIC_YEARLY":-10.27139925589,"TOTAL_ASSETS":609830069.38,"TOTAL_LIABILITIES":454722666.58,"TAX_EBT":-0.035967847872,"OCF_SALES":-28.781157006743,"TOTAL_PARENT_EQUITY":114078618.43,"DEBT_ASSET_RATIO":74.3781254852,"OPERATE_PROFIT":-32316722.06,"PRETAX_PROFIT":-57121043.42,"NETCASH_OPERATE":-37668302.63,"NETCASH_INVEST":39353009.85,"NETCASH_FINANCE":37704926.7,"END_CASH":87708394.76,"DIVI_RATIO":null,"DIVIDEND_RATE":null,"CURRENT_RATIO":0.509273036454,"COMMON_ACS":null,"CURRENTDEBT_DEBT":96.152471054151,"ISSUED_COMMON_SHARES":1313962560,"HK_COMMON_SHARES":1313962560,"PER_SHARES":1000,"TOTAL_MARKET_CAP":289071763.2,"HKSK_MARKET_CAP":289071763.2,"PE_TTM":-4.798349432309,"PB_TTM":5.188866688207,"REPORT_DATE_SQ":"2021-12-31 00:00:00","REPORT_TYPE_SQ":"2021年年报","OPERATE_INCOME_SQ":null,"DPS_HKD":null,"OPERATE_INCOME_QOQ_SQ":0,"NET_PROFIT_RATIO_SQ":null,"HOLDER_PROFIT_SQ":null,"HOLDER_PROFIT_QOQ_SQ":0,"ROE_AVG_SQ":null,"PE_TTM_SQ":-8.544653001769,"PB_TTM_SQ":2.93473394561,"ROA_SQ":null,"START_DATE":"2022-01-01 00:00:00","FISCAL_YEAR":"12-31","CURRENCY":"HKD","IS_CNY_CODE":0,"DPS_HKD_LY":null,"ORG_TYPE":"一般企业","PREMIUM_INCOME":null,"PREMIUM_INCOME_YOY":null,"NET_INTEREST_INCOME":null,"NET_INTEREST_INCOME_YOY":null,"FEE_COMMISSION_INCOME":null,"FEE_COMMISSION_INCOME_YOY":null,"ACCOUNTS_RECE_TDAYS":null,"INVENTORY_TDAYS":2.025119954841,"CURRENT_ASSETS_TDAYS":0.586451057698,"TOTAL_ASSETS_TDAYS":0.209885757261,"PREMIUM_EXPENSE":null,"LOAN_DEPOSIT":null,"LOAN_EQUITY":null,"LOAN_ASSETS":null,"DEPOSIT_EQUITY":null,"DEPOSIT_ASSETS":null,"EQUITY_MULTIPLIER":3.902915063542,"EQUITY_RATIO":3.986046402368},{"SECUCODE":"00244.HK","SECURITY_CODE":"00244","SECURITY_NAME_ABBR":"先施","ORG_CODE":"10007505","STD_REPORT_DATE":"2022-06-30 00:00:00","REPORT_DATE":"2022-06-30 00:00:00","DATE_TYPE_CODE":"002","REPORT_TYPE":"2022年中报","PER_NETCASH_OPERATE":-0.019242974122,"PER_OI":0.044961235722,"BPS":0.100474671249,"BASIC_EPS":-0.0256557,"DILUTED_EPS":-0.0256557,"OPERATE_INCOME":59077380.39,"OPERATE_INCOME_YOY":-13.8469021251,"GROSS_PROFIT":32636615.97,"GROSS_PROFIT_YOY":-3.321793575213,"HOLDER_PROFIT":-32571621.53,"HOLDER_PROFIT_YOY":37.1034596648,"GROSS_PROFIT_RATIO":55.243844182916,"EPS_TTM":-0.081954901995,"OPERATE_INCOME_QOQ":0,"NET_PROFIT_RATIO":-57.1488542436,"ROE_AVG":-22.193669440366,"GROSS_PROFIT_QOQ":0,"ROA":-5.222798922173,"HOLDER_PROFIT_QOQ":0,"ROE_YEARLY":-44.387338880731,"ROIC_YEARLY":-12.678508418607,"TOTAL_ASSETS":637145626.46,"TOTAL_LIABILITIES":464282651,"TAX_EBT":-0.09127094795,"OCF_SALES":-42.799033019209,"TOTAL_PARENT_EQUITY":132019956.25,"DEBT_ASSET_RATIO":72.8691576492,"OPERATE_PROFIT":-22051929.34,"PRETAX_PROFIT":-33731259.17,"NETCASH_OPERATE":-25261457.41,"NETCASH_INVEST":6180458.13,"NETCASH_FINANCE":64016957.83,"END_CASH":91194896.03,"DIVI_RATIO":null,"DIVIDEND_RATE":null,"CURRENT_RATIO":0.579136437826,"COMMON_ACS":null,"CURRENTDEBT_DEBT":94.345920058943,"ISSUED_COMMON_SHARES":1313962560,"HK_COMMON_SHARES":1313962560,"PER_SHARES":1000,"TOTAL_MARKET_CAP":289071763.2,"HKSK_MARKET_CAP":289071763.2,"PE_TTM":-4.798349432309,"PB_TTM":5.188866688207,"REPORT_DATE_SQ":"2021-06-30 00:00:00","REPORT_TYPE_SQ":"2021年中报","OPERATE_INCOME_SQ":66608848.8,"DPS_HKD":null,"OPERATE_INCOME_QOQ_SQ":0,"NET_PROFIT_RATIO_SQ":-76.2346602814,"HOLDER_PROFIT_SQ":-50303038.5,"HOLDER_PROFIT_QOQ_SQ":0,"ROE_AVG_SQ":-302.457419709305,"PE_TTM_SQ":-8.544653001769,"PB_TTM_SQ":2.93473394561,"ROA_SQ":-10.627730206061,"START_DATE":"2022-01-01 00:00:00","FISCAL_YEAR":"12-31","CURRENCY":"HKD","IS_CNY_CODE":0,"DPS_HKD_LY":null,"ORG_TYPE":"一般企业","PREMIUM_INCOME":null,"PREMIUM_INCOME_YOY":null,"NET_INTEREST_INCOME":null,"NET_INTEREST_INCOME_YOY":null,"FEE_COMMISSION_INCOME":null,"FEE_COMMISSION_INCOME_YOY":null,"ACCOUNTS_RECE_TDAYS":null,"INVENTORY_TDAYS":0.925065449921,"CURRENT_ASSETS_TDAYS":0.252519030952,"TOTAL_ASSETS_TDAYS":0.09472948049,"PREMIUM_EXPENSE":null,"LOAN_DEPOSIT":null,"LOAN_EQUITY":null,"LOAN_ASSETS":null,"DEPOSIT_EQUITY":null,"DEPOSIT_ASSETS":null,"EQUITY_MULTIPLIER":3.685842065167,"EQUITY_RATIO":3.516761133603},{"SECUCODE":"00244.HK","SECURITY_CODE":"00244","SECURITY_NAME_ABBR":"先施","ORG_CODE":"10007505","STD_REPORT_DATE":"2021-06-30 00:00:00","REPORT_DATE":"2021-08-31 00:00:00","DATE_TYPE_CODE":"002","REPORT_TYPE":"2021年中报","PER_NETCASH_OPERATE":-0.031434103191,"PER_OI":0.05069311016,"BPS":0.027197033148,"BASIC_EPS":-0.041535,"DILUTED_EPS":-0.041535,"OPERATE_INCOME":66608848.8,"OPERATE_INCOME_YOY":-1.9227946573,"GROSS_PROFIT":33757986.6,"GROSS_PROFIT_YOY":4.588210849867,"HOLDER_PROFIT":-50303038.5,"HOLDER_PROFIT_YOY":15.7612853864,"GROSS_PROFIT_RATIO":50.68093385214,"EPS_TTM":-0.092099455505,"OPERATE_INCOME_QOQ":0,"NET_PROFIT_RATIO":-76.2346602814,"ROE_AVG":-302.457419709305,"GROSS_PROFIT_QOQ":0,"ROA":-10.627730206061,"HOLDER_PROFIT_QOQ":0,"ROE_YEARLY":-604.91483941861,"ROIC_YEARLY":-28.354033268171,"TOTAL_ASSETS":471559315.5,"TOTAL_LIABILITIES":395200540.8,"TAX_EBT":null,"OCF_SALES":-62.008630150654,"TOTAL_PARENT_EQUITY":35735883.3,"DEBT_ASSET_RATIO":83.8071750064,"OPERATE_PROFIT":-37505274.3,"PRETAX_PROFIT":-50779029.6,"NETCASH_OPERATE":-41303234.7,"NETCASH_INVEST":1316659.5,"NETCASH_FINANCE":64171575,"END_CASH":97244234.1,"DIVI_RATIO":null,"DIVIDEND_RATE":null,"CURRENT_RATIO":0.63807790132,"COMMON_ACS":null,"CURRENTDEBT_DEBT":99.419645859958,"ISSUED_COMMON_SHARES":1313962560,"HK_COMMON_SHARES":1313962560,"PER_SHARES":1000,"TOTAL_MARKET_CAP":289071763.2,"HKSK_MARKET_CAP":289071763.2,"PE_TTM":-4.798349432309,"PB_TTM":5.188866688207,"REPORT_DATE_SQ":"2020-06-30 00:00:00","REPORT_TYPE_SQ":"2020年中报","OPERATE_INCOME_SQ":72370411.2,"DPS_HKD":null,"OPERATE_INCOME_QOQ_SQ":0,"NET_PROFIT_RATIO_SQ":-88.4314301091,"HOLDER_PROFIT_SQ":-63632602,"HOLDER_PROFIT_QOQ_SQ":0,"ROE_AVG_SQ":-71.208871762614,"PE_TTM_SQ":-8.544653001769,"PB_TTM_SQ":2.93473394561,"ROA_SQ":-11.969591891615,"START_DATE":"2021-03-01 00:00:00","FISCAL_YEAR":"2-28","CURRENCY":"HKD","IS_CNY_CODE":0,"DPS_HKD_LY":null,"ORG_TYPE":"一般企业","PREMIUM_INCOME":null,"PREMIUM_INCOME_YOY":null,"NET_INTEREST_INCOME":null,"NET_INTEREST_INCOME_YOY":null,"FEE_COMMISSION_INCOME":null,"FEE_COMMISSION_INCOME_YOY":null,"ACCOUNTS_RECE_TDAYS":null,"INVENTORY_TDAYS":0.992944484897,"CURRENT_ASSETS_TDAYS":0.278354810042,"TOTAL_ASSETS_TDAYS":0.140727259325,"PREMIUM_EXPENSE":null,"LOAN_DEPOSIT":null,"LOAN_EQUITY":null,"LOAN_ASSETS":null,"DEPOSIT_EQUITY":null,"DEPOSIT_ASSETS":null,"EQUITY_MULTIPLIER":6.175574678262,"EQUITY_RATIO":11.058927450661},{"SECUCODE":"00244.HK","SECURITY_CODE":"00244","SECURITY_NAME_ABBR":"先施","ORG_CODE":"10007505","STD_REPORT_DATE":"2020-12-31 00:00:00","REPORT_DATE":"2021-02-28 00:00:00","DATE_TYPE_CODE":"001","REPORT_TYPE":"2020年年报","PER_NETCASH_OPERATE":-0.006189628067,"PER_OI":0.112711437744,"BPS":-0.001890675431,"BASIC_EPS":-0.1168286,"DILUTED_EPS":-0.1168286,"OPERATE_INCOME":148098609.28,"OPERATE_INCOME_YOY":-32.6001093759,"GROSS_PROFIT":71539158.72,"GROSS_PROFIT_YOY":-40.054910552113,"HOLDER_PROFIT":-121015236.33,"HOLDER_PROFIT_YOY":1.5926549225,"GROSS_PROFIT_RATIO":48.305084745763,"EPS_TTM":-0.092877430906,"OPERATE_INCOME_QOQ":0,"NET_PROFIT_RATIO":-82.0957672196,"ROE_AVG":-207.705694049571,"GROSS_PROFIT_QOQ":0,"ROA":-24.213568695025,"HOLDER_PROFIT_QOQ":0,"ROE_YEARLY":-207.705694049571,"ROIC_YEARLY":-28.099794895544,"TOTAL_ASSETS":477245665.49,"TOTAL_LIABILITIES":453541977.04,"TAX_EBT":-0.010296399006,"OCF_SALES":-5.491570501262,"TOTAL_PARENT_EQUITY":-2484276.73,"DEBT_ASSET_RATIO":95.033231276,"OPERATE_PROFIT":-104665908.25,"PRETAX_PROFIT":-121570172.18,"NETCASH_OPERATE":-8132939.54,"NETCASH_INVEST":12756848.63,"NETCASH_FINANCE":57285235.03,"END_CASH":73392561.01,"DIVI_RATIO":null,"DIVIDEND_RATE":null,"CURRENT_RATIO":0.529584599406,"COMMON_ACS":null,"CURRENTDEBT_DEBT":95.309993081826,"ISSUED_COMMON_SHARES":1313962560,"HK_COMMON_SHARES":1313962560,"PER_SHARES":1000,"TOTAL_MARKET_CAP":289071763.2,"HKSK_MARKET_CAP":289071763.2,"PE_TTM":-4.798349432309,"PB_TTM":5.188866688207,"REPORT_DATE_SQ":"2019-12-31 00:00:00","REPORT_TYPE_SQ":"2019年年报","OPERATE_INCOME_SQ":236627961.92,"DPS_HKD":null,"OPERATE_INCOME_QOQ_SQ":0,"NET_PROFIT_RATIO_SQ":-56.6829464665,"HOLDER_PROFIT_SQ":-132430132.24,"HOLDER_PROFIT_QOQ_SQ":0,"ROE_AVG_SQ":-172.196450063684,"PE_TTM_SQ":-8.544653001769,"PB_TTM_SQ":2.93473394561,"ROA_SQ":-28.751034041424,"START_DATE":"2020-03-01 00:00:00","FISCAL_YEAR":"2-28","CURRENCY":"HKD","IS_CNY_CODE":0,"DPS_HKD_LY":null,"ORG_TYPE":"一般企业","PREMIUM_INCOME":null,"PREMIUM_INCOME_YOY":null,"NET_INTEREST_INCOME":null,"NET_INTEREST_INCOME_YOY":null,"FEE_COMMISSION_INCOME":null,"FEE_COMMISSION_INCOME_YOY":null,"ACCOUNTS_RECE_TDAYS":null,"INVENTORY_TDAYS":1.680046879578,"CURRENT_ASSETS_TDAYS":0.710381004417,"TOTAL_ASSETS_TDAYS":0.29632597995,"PREMIUM_EXPENSE":null,"LOAN_DEPOSIT":null,"LOAN_EQUITY":null,"LOAN_ASSETS":null,"DEPOSIT_EQUITY":null,"DEPOSIT_ASSETS":null,"EQUITY_MULTIPLIER":20.133814469111,"EQUITY_RATIO":-182.564998320457},{"SECUCODE":"00244.HK","SECURITY_CODE":"00244","SECURITY_NAME_ABBR":"先施","ORG_CODE":"10007505","STD_REPORT_DATE":"2020-06-30 00:00:00","REPORT_DATE":"2020-08-31 00:00:00","DATE_TYPE_CODE":"002","REPORT_TYPE":"2020年中报","PER_NETCASH_OPERATE":-0.025410140758,"PER_OI":0.055077985784,"BPS":0.039939556573,"BASIC_EPS":-0.061964,"DILUTED_EPS":-0.061964,"OPERATE_INCOME":72370411.2,"OPERATE_INCOME_YOY":-40.7994207096,"GROSS_PROFIT":32277047.6,"GROSS_PROFIT_YOY":-53.153661264609,"HOLDER_PROFIT":-63632602,"HOLDER_PROFIT_YOY":12.2797383707,"GROSS_PROFIT_RATIO":44.59978472528,"EPS_TTM":-0.100786838432,"OPERATE_INCOME_QOQ":0,"NET_PROFIT_RATIO":-88.4314301091,"ROE_AVG":-71.208871762614,"GROSS_PROFIT_QOQ":0,"ROA":-11.969591891615,"HOLDER_PROFIT_QOQ":0,"ROE_YEARLY":-142.417743525228,"ROIC_YEARLY":-26.093245648025,"TOTAL_ASSETS":509177662.4,"TOTAL_LIABILITIES":428487256.4,"TAX_EBT":null,"OCF_SALES":-46.134840256373,"TOTAL_PARENT_EQUITY":52479082,"DEBT_ASSET_RATIO":84.1527993157,"OPERATE_PROFIT":-54611528.8,"PRETAX_PROFIT":-63998189.6,"NETCASH_OPERATE":-33387973.6,"NETCASH_INVEST":-1511036.4,"NETCASH_FINANCE":41269794.4,"END_CASH":18552021.6,"DIVI_RATIO":null,"DIVIDEND_RATE":null,"CURRENT_RATIO":0.669980770261,"COMMON_ACS":null,"CURRENTDEBT_DEBT":69.400504486042,"ISSUED_COMMON_SHARES":1313962560,"HK_COMMON_SHARES":1313962560,"PER_SHARES":1000,"TOTAL_MARKET_CAP":289071763.2,"HKSK_MARKET_CAP":289071763.2,"PE_TTM":-4.798349432309,"PB_TTM":5.188866688207,"REPORT_DATE_SQ":"2019-06-30 00:00:00","REPORT_TYPE_SQ":"2019年中报","OPERATE_INCOME_SQ":124748492,"DPS_HKD":null,"OPERATE_INCOME_QOQ_SQ":0,"NET_PROFIT_RATIO_SQ":-58.0521361332,"HOLDER_PROFIT_SQ":-74025267.36,"HOLDER_PROFIT_QOQ_SQ":0,"ROE_AVG_SQ":-232.926073483842,"PE_TTM_SQ":-8.544653001769,"PB_TTM_SQ":2.93473394561,"ROA_SQ":-16.690139058059,"START_DATE":"2020-03-01 00:00:00","FISCAL_YEAR":"2-28","CURRENCY":"HKD","IS_CNY_CODE":0,"DPS_HKD_LY":null,"ORG_TYPE":"一般企业","PREMIUM_INCOME":null,"PREMIUM_INCOME_YOY":null,"NET_INTEREST_INCOME":null,"NET_INTEREST_INCOME_YOY":null,"FEE_COMMISSION_INCOME":null,"FEE_COMMISSION_INCOME_YOY":null,"ACCOUNTS_RECE_TDAYS":null,"INVENTORY_TDAYS":0.756282455877,"CURRENT_ASSETS_TDAYS":0.363039718293,"TOTAL_ASSETS_TDAYS":0.136132149223,"PREMIUM_EXPENSE":null,"LOAN_DEPOSIT":null,"LOAN_EQUITY":null,"LOAN_ASSETS":null,"DEPOSIT_EQUITY":null,"DEPOSIT_ASSETS":null,"EQUITY_MULTIPLIER":6.310262739278,"EQUITY_RATIO":8.164915239943},{"SECUCODE":"00244.HK","SECURITY_CODE":"00244","SECURITY_NAME_ABBR":"先施","ORG_CODE":"10007505","STD_REPORT_DATE":"2019-12-31 00:00:00","REPORT_DATE":"2020-02-29 00:00:00","DATE_TYPE_CODE":"001","REPORT_TYPE":"2019年年报","PER_NETCASH_OPERATE":0.03817635606,"PER_OI":0.180087294055,"BPS":0.097538165197,"BASIC_EPS":-0.1527722,"DILUTED_EPS":-0.1527722,"OPERATE_INCOME":236627961.92,"OPERATE_INCOME_YOY":-15.5685953858,"GROSS_PROFIT":119341149.34,"GROSS_PROFIT_YOY":-17.51447701263,"HOLDER_PROFIT":-132430132.24,"HOLDER_PROFIT_YOY":-11.5819123482,"GROSS_PROFIT_RATIO":50.434085799356,"EPS_TTM":-0.094688695209,"OPERATE_INCOME_QOQ":0,"NET_PROFIT_RATIO":-56.6829464665,"ROE_AVG":-172.196450063684,"GROSS_PROFIT_QOQ":0,"ROA":-28.751034041424,"HOLDER_PROFIT_QOQ":0,"ROE_YEARLY":-172.196450063684,"ROIC_YEARLY":-32.304410826594,"TOTAL_ASSETS":562484773.9,"TOTAL_LIABILITIES":405056616.44,"TAX_EBT":-0.008710801394,"OCF_SALES":21.198805979219,"TOTAL_PARENT_EQUITY":128161497.24,"DEBT_ASSET_RATIO":72.0120144109,"OPERATE_PROFIT":-116853658.46,"PRETAX_PROFIT":-134116018.4,"NETCASH_OPERATE":50162302.54,"NETCASH_INVEST":-37750909.28,"NETCASH_FINANCE":-29087826.88,"END_CASH":12366460.26,"DIVI_RATIO":null,"DIVIDEND_RATE":null,"CURRENT_RATIO":0.668073032175,"COMMON_ACS":null,"CURRENTDEBT_DEBT":74.828169164075,"ISSUED_COMMON_SHARES":1313962560,"HK_COMMON_SHARES":1313962560,"PER_SHARES":1000,"TOTAL_MARKET_CAP":289071763.2,"HKSK_MARKET_CAP":289071763.2,"PE_TTM":-4.798349432309,"PB_TTM":5.188866688207,"REPORT_DATE_SQ":"2018-12-31 00:00:00","REPORT_TYPE_SQ":"2018年年报","OPERATE_INCOME_SQ":265805658.15,"DPS_HKD":null,"OPERATE_INCOME_QOQ_SQ":0,"NET_PROFIT_RATIO_SQ":-43.2055536851,"HOLDER_PROFIT_SQ":-112562877.08,"HOLDER_PROFIT_QOQ_SQ":0,"ROE_AVG_SQ":-134.16363599423,"PE_TTM_SQ":-8.544653001769,"PB_TTM_SQ":2.93473394561,"ROA_SQ":-30.757263826656,"START_DATE":"2019-03-01 00:00:00","FISCAL_YEAR":"2-29","CURRENCY":"HKD","IS_CNY_CODE":0,"DPS_HKD_LY":null,"ORG_TYPE":"一般企业","PREMIUM_INCOME":null,"PREMIUM_INCOME_YOY":null,"NET_INTEREST_INCOME":null,"NET_INTEREST_INCOME_YOY":null,"FEE_COMMISSION_INCOME":null,"FEE_COMMISSION_INCOME_YOY":null,"ACCOUNTS_RECE_TDAYS":null,"INVENTORY_TDAYS":1.959875361339,"CURRENT_ASSETS_TDAYS":0.986083856375,"TOTAL_ASSETS_TDAYS":0.51372738766,"PREMIUM_EXPENSE":null,"LOAN_DEPOSIT":null,"LOAN_EQUITY":null,"LOAN_ASSETS":null,"DEPOSIT_EQUITY":null,"DEPOSIT_ASSETS":null,"EQUITY_MULTIPLIER":3.572961679634,"EQUITY_RATIO":3.160517200275}],"count":47},"success":true,"message":"ok","code":0}