{"version":"3f2fefd23d5f0edf85ea93e89a731051","result":{"pages":6,"data":[{"SECUCODE":"00248.HK","SECURITY_CODE":"00248","SECURITY_NAME_ABBR":"香港通讯国际控股","ORG_CODE":"10007508","STD_REPORT_DATE":"2024-06-30 00:00:00","REPORT_DATE":"2024-09-30 00:00:00","DATE_TYPE_CODE":"002","REPORT_TYPE":"2024年中报","PER_NETCASH_OPERATE":0.028375294509,"PER_OI":0.034852696815,"BPS":0.173409002833,"BASIC_EPS":-0.002254475,"DILUTED_EPS":-0.002254475,"OPERATE_INCOME":43403152.7,"OPERATE_INCOME_YOY":-52.5934243445,"GROSS_PROFIT":16960866.32,"GROSS_PROFIT_YOY":-8.216610640333,"HOLDER_PROFIT":-2763084.56,"HOLDER_PROFIT_YOY":-372.8395061728,"GROSS_PROFIT_RATIO":39.07749844172,"EPS_TTM":-0.015991801622,"OPERATE_INCOME_QOQ":0,"NET_PROFIT_RATIO":-6.3660918346,"ROE_AVG":-1.27181522152,"GROSS_PROFIT_QOQ":0,"ROA":-0.765415413978,"HOLDER_PROFIT_QOQ":0,"ROE_YEARLY":-2.543630443039,"ROIC_YEARLY":-1.607860886449,"TOTAL_ASSETS":347573312.54,"TOTAL_LIABILITIES":131621661.24,"TAX_EBT":null,"OCF_SALES":81.414917930605,"TOTAL_PARENT_EQUITY":215951651.3,"DEBT_ASSET_RATIO":37.8687478271,"OPERATE_PROFIT":585261.71,"PRETAX_PROFIT":-2763084.56,"NETCASH_OPERATE":35336641.15,"NETCASH_INVEST":-114527.33,"NETCASH_FINANCE":-24362758.64,"END_CASH":12226468.82,"DIVI_RATIO":null,"DIVIDEND_RATE":null,"CURRENT_RATIO":1.103218539226,"COMMON_ACS":2000000000,"CURRENTDEBT_DEBT":99.751980048782,"ISSUED_COMMON_SHARES":1245331256,"HK_COMMON_SHARES":1245331256,"PER_SHARES":4000,"TOTAL_MARKET_CAP":36114606.424,"HKSK_MARKET_CAP":36114606.424,"PE_TTM":-1.481078019357,"PB_TTM":0.150810566768,"REPORT_DATE_SQ":"2023-06-30 00:00:00","REPORT_TYPE_SQ":"2023年中报","OPERATE_INCOME_SQ":93163303.38,"DPS_HKD":null,"OPERATE_INCOME_QOQ_SQ":0,"NET_PROFIT_RATIO_SQ":-0.6382601501,"HOLDER_PROFIT_SQ":-594624.24,"HOLDER_PROFIT_QOQ_SQ":0,"ROE_AVG_SQ":-0.245408996058,"PE_TTM_SQ":-1.48183157544,"PB_TTM_SQ":0.117586136647,"ROA_SQ":-0.151352538133,"START_DATE":"2024-04-01 00:00:00","FISCAL_YEAR":"3-31","CURRENCY":"HKD","IS_CNY_CODE":0,"DPS_HKD_LY":null,"ORG_TYPE":"一般企业","PREMIUM_INCOME":null,"PREMIUM_INCOME_YOY":null,"NET_INTEREST_INCOME":null,"NET_INTEREST_INCOME_YOY":null,"FEE_COMMISSION_INCOME":null,"FEE_COMMISSION_INCOME_YOY":null,"ACCOUNTS_RECE_TDAYS":3.021533052922,"INVENTORY_TDAYS":2.161353333579,"CURRENT_ASSETS_TDAYS":0.273874386514,"TOTAL_ASSETS_TDAYS":0.120233171915,"PREMIUM_EXPENSE":null,"LOAN_DEPOSIT":null,"LOAN_EQUITY":null,"LOAN_ASSETS":null,"DEPOSIT_EQUITY":null,"DEPOSIT_ASSETS":null,"EQUITY_MULTIPLIER":1.609495970268,"EQUITY_RATIO":0.609495970268},{"SECUCODE":"00248.HK","SECURITY_CODE":"00248","SECURITY_NAME_ABBR":"香港通讯国际控股","ORG_CODE":"10007508","STD_REPORT_DATE":"2023-12-31 00:00:00","REPORT_DATE":"2024-03-31 00:00:00","DATE_TYPE_CODE":"001","REPORT_TYPE":"2023年年报","PER_NETCASH_OPERATE":-0.025424693348,"PER_OI":0.128340614057,"BPS":0.176428852557,"BASIC_EPS":-0.01595528,"DILUTED_EPS":-0.01595528,"OPERATE_INCOME":159826578.1,"OPERATE_INCOME_YOY":3.9982539345,"GROSS_PROFIT":41132893.15,"GROSS_PROFIT_YOY":64.055039891345,"HOLDER_PROFIT":-19915090.4,"HOLDER_PROFIT_YOY":-12.2649223222,"GROSS_PROFIT_RATIO":25.73595308051,"EPS_TTM":-0.014809531513,"OPERATE_INCOME_QOQ":0,"NET_PROFIT_RATIO":-12.4604372043,"ROE_AVG":-8.688344021721,"GROSS_PROFIT_QOQ":0,"ROA":-5.213835365933,"HOLDER_PROFIT_QOQ":0,"ROE_YEARLY":-8.688344021721,"ROIC_YEARLY":-5.600374242052,"TOTAL_ASSETS":376385961.75,"TOTAL_LIABILITIES":156673597.2,"TAX_EBT":0.109130592943,"OCF_SALES":-19.81032546426,"TOTAL_PARENT_EQUITY":219712364.55,"DEBT_ASSET_RATIO":41.6257812782,"OPERATE_PROFIT":-11152378.1,"PRETAX_PROFIT":-19936847.6,"NETCASH_OPERATE":-31662165.3,"NETCASH_INVEST":18304151.05,"NETCASH_FINANCE":1679837.15,"END_CASH":1368890.5,"DIVI_RATIO":null,"DIVIDEND_RATE":null,"CURRENT_RATIO":1.10520890639,"COMMON_ACS":2000000000,"CURRENTDEBT_DEBT":99.91957135583,"ISSUED_COMMON_SHARES":1245331256,"HK_COMMON_SHARES":1245331256,"PER_SHARES":4000,"TOTAL_MARKET_CAP":37359937.68,"HKSK_MARKET_CAP":37359937.68,"PE_TTM":-1.532149675197,"PB_TTM":0.15601093114,"REPORT_DATE_SQ":"2022-12-31 00:00:00","REPORT_TYPE_SQ":"2022年年报","OPERATE_INCOME_SQ":148403004.84,"DPS_HKD":null,"OPERATE_INCOME_QOQ_SQ":0,"NET_PROFIT_RATIO_SQ":-11.5429083788,"HOLDER_PROFIT_SQ":-17130022.88,"HOLDER_PROFIT_QOQ_SQ":0,"ROE_AVG_SQ":-7.192398875269,"PE_TTM_SQ":-1.845595177024,"PB_TTM_SQ":0.13639991851,"ROA_SQ":-4.842581456239,"START_DATE":"2023-04-01 00:00:00","FISCAL_YEAR":"3-31","CURRENCY":"HKD","IS_CNY_CODE":0,"DPS_HKD_LY":null,"ORG_TYPE":"一般企业","PREMIUM_INCOME":null,"PREMIUM_INCOME_YOY":null,"NET_INTEREST_INCOME":null,"NET_INTEREST_INCOME_YOY":null,"FEE_COMMISSION_INCOME":null,"FEE_COMMISSION_INCOME_YOY":null,"ACCOUNTS_RECE_TDAYS":8.186575654152,"INVENTORY_TDAYS":9.18864481718,"CURRENT_ASSETS_TDAYS":0.990672165968,"TOTAL_ASSETS_TDAYS":0.418431173837,"PREMIUM_EXPENSE":null,"LOAN_DEPOSIT":null,"LOAN_EQUITY":null,"LOAN_ASSETS":null,"DEPOSIT_EQUITY":null,"DEPOSIT_ASSETS":null,"EQUITY_MULTIPLIER":1.713085026055,"EQUITY_RATIO":0.713085026056},{"SECUCODE":"00248.HK","SECURITY_CODE":"00248","SECURITY_NAME_ABBR":"香港通讯国际控股","ORG_CODE":"10007508","STD_REPORT_DATE":"2023-06-30 00:00:00","REPORT_DATE":"2023-09-30 00:00:00","DATE_TYPE_CODE":"002","REPORT_TYPE":"2023年中报","PER_NETCASH_OPERATE":-0.019708691556,"PER_OI":0.074810057911,"BPS":0.195097403947,"BASIC_EPS":-0.000458815,"DILUTED_EPS":-0.000458815,"OPERATE_INCOME":93163303.38,"OPERATE_INCOME_YOY":4.5743420714,"GROSS_PROFIT":18479232.94,"GROSS_PROFIT_YOY":31.132050145013,"HOLDER_PROFIT":-594624.24,"HOLDER_PROFIT_YOY":-181.6120906801,"GROSS_PROFIT_RATIO":19.835313121762,"EPS_TTM":-0.013755394637,"OPERATE_INCOME_QOQ":0,"NET_PROFIT_RATIO":-0.6382601501,"ROE_AVG":-0.245408996058,"GROSS_PROFIT_QOQ":0,"ROA":-0.151352538133,"HOLDER_PROFIT_QOQ":0,"ROE_YEARLY":-0.490817992115,"ROIC_YEARLY":-0.32414586564,"TOTAL_ASSETS":393464144.29,"TOTAL_LIABILITIES":150503249.19,"TAX_EBT":null,"OCF_SALES":-26.344975671257,"TOTAL_PARENT_EQUITY":242960895.1,"DEBT_ASSET_RATIO":38.2508168467,"OPERATE_PROFIT":4828569.06,"PRETAX_PROFIT":-594624.24,"NETCASH_OPERATE":-24543849.61,"NETCASH_INVEST":-172514.44,"NETCASH_FINANCE":19228019.02,"END_CASH":7738373.79,"DIVI_RATIO":null,"DIVIDEND_RATE":null,"CURRENT_RATIO":1.141550227795,"COMMON_ACS":2000000000,"CURRENTDEBT_DEBT":99.969514611647,"ISSUED_COMMON_SHARES":1245331256,"HK_COMMON_SHARES":1245331256,"PER_SHARES":4000,"TOTAL_MARKET_CAP":37359937.68,"HKSK_MARKET_CAP":37359937.68,"PE_TTM":-1.532149675197,"PB_TTM":0.15601093114,"REPORT_DATE_SQ":"2022-06-30 00:00:00","REPORT_TYPE_SQ":"2022年中报","OPERATE_INCOME_SQ":87807557.4,"DPS_HKD":null,"OPERATE_INCOME_QOQ_SQ":0,"NET_PROFIT_RATIO_SQ":0.8178400371,"HOLDER_PROFIT_SQ":718125.36,"HOLDER_PROFIT_QOQ_SQ":0,"ROE_AVG_SQ":0.27981244813,"PE_TTM_SQ":-1.845595177024,"PB_TTM_SQ":0.13639991851,"ROA_SQ":0.198844249106,"START_DATE":"2023-04-01 00:00:00","FISCAL_YEAR":"3-31","CURRENCY":"HKD","IS_CNY_CODE":0,"DPS_HKD_LY":null,"ORG_TYPE":"一般企业","PREMIUM_INCOME":null,"PREMIUM_INCOME_YOY":null,"NET_INTEREST_INCOME":null,"NET_INTEREST_INCOME_YOY":null,"FEE_COMMISSION_INCOME":null,"FEE_COMMISSION_INCOME_YOY":null,"ACCOUNTS_RECE_TDAYS":7.041614648356,"INVENTORY_TDAYS":5.128095268099,"CURRENT_ASSETS_TDAYS":0.576454322726,"TOTAL_ASSETS_TDAYS":0.237132990532,"PREMIUM_EXPENSE":null,"LOAN_DEPOSIT":null,"LOAN_EQUITY":null,"LOAN_ASSETS":null,"DEPOSIT_EQUITY":null,"DEPOSIT_ASSETS":null,"EQUITY_MULTIPLIER":1.61945462099,"EQUITY_RATIO":0.619454620992},{"SECUCODE":"00248.HK","SECURITY_CODE":"00248","SECURITY_NAME_ABBR":"香港通讯国际控股","ORG_CODE":"10007508","STD_REPORT_DATE":"2022-12-31 00:00:00","REPORT_DATE":"2023-03-31 00:00:00","DATE_TYPE_CODE":"001","REPORT_TYPE":"2022年年报","PER_NETCASH_OPERATE":-0.03223815175,"PER_OI":0.11916749389,"BPS":0.185107346635,"BASIC_EPS":-0.013743937,"DILUTED_EPS":-0.013743937,"OPERATE_INCOME":148403004.84,"OPERATE_INCOME_YOY":-14.8531361755,"GROSS_PROFIT":25072617.81,"GROSS_PROFIT_YOY":-27.794982155755,"HOLDER_PROFIT":-17130022.88,"HOLDER_PROFIT_YOY":-907.1024189398,"GROSS_PROFIT_RATIO":16.894952927019,"EPS_TTM":0.001221805269,"OPERATE_INCOME_QOQ":0,"NET_PROFIT_RATIO":-11.5429083788,"ROE_AVG":-7.192398875269,"GROSS_PROFIT_QOQ":0,"ROA":-4.842581456239,"HOLDER_PROFIT_QOQ":0,"ROE_YEARLY":-7.192398875269,"ROIC_YEARLY":-5.239405318928,"TOTAL_ASSETS":374234273.36,"TOTAL_LIABILITIES":143714308.88,"TAX_EBT":null,"OCF_SALES":-27.05280668224,"TOTAL_PARENT_EQUITY":230519964.48,"DEBT_ASSET_RATIO":38.4022306641,"OPERATE_PROFIT":-12872028.64,"PRETAX_PROFIT":-17130022.88,"NETCASH_OPERATE":-40147178.01,"NETCASH_INVEST":-5623633.84,"NETCASH_FINANCE":48809359.96,"END_CASH":12628664.66,"DIVI_RATIO":null,"DIVIDEND_RATE":null,"CURRENT_RATIO":1.005806797548,"COMMON_ACS":2000000000,"CURRENTDEBT_DEBT":99.969543394571,"ISSUED_COMMON_SHARES":1245331256,"HK_COMMON_SHARES":1245331256,"PER_SHARES":4000,"TOTAL_MARKET_CAP":37359937.68,"HKSK_MARKET_CAP":37359937.68,"PE_TTM":-1.532149675197,"PB_TTM":0.15601093114,"REPORT_DATE_SQ":"2021-12-31 00:00:00","REPORT_TYPE_SQ":"2021年年报","OPERATE_INCOME_SQ":161468846.96,"DPS_HKD":null,"OPERATE_INCOME_QOQ_SQ":0,"NET_PROFIT_RATIO_SQ":-0.9759111183,"HOLDER_PROFIT_SQ":-1575792.43,"HOLDER_PROFIT_QOQ_SQ":0,"ROE_AVG_SQ":-0.691523059073,"PE_TTM_SQ":-1.845595177024,"PB_TTM_SQ":0.13639991851,"ROA_SQ":-0.503109152418,"START_DATE":"2022-04-01 00:00:00","FISCAL_YEAR":"3-31","CURRENCY":"HKD","IS_CNY_CODE":0,"DPS_HKD_LY":null,"ORG_TYPE":"一般企业","PREMIUM_INCOME":null,"PREMIUM_INCOME_YOY":null,"NET_INTEREST_INCOME":null,"NET_INTEREST_INCOME_YOY":null,"FEE_COMMISSION_INCOME":null,"FEE_COMMISSION_INCOME_YOY":null,"ACCOUNTS_RECE_TDAYS":10.451541307028,"INVENTORY_TDAYS":8.866142227816,"CURRENT_ASSETS_TDAYS":1.205967091363,"TOTAL_ASSETS_TDAYS":0.419528709519,"PREMIUM_EXPENSE":null,"LOAN_DEPOSIT":null,"LOAN_EQUITY":null,"LOAN_ASSETS":null,"DEPOSIT_EQUITY":null,"DEPOSIT_ASSETS":null,"EQUITY_MULTIPLIER":1.623435411349,"EQUITY_RATIO":0.62343541135},{"SECUCODE":"00248.HK","SECURITY_CODE":"00248","SECURITY_NAME_ABBR":"香港通讯国际控股","ORG_CODE":"10007508","STD_REPORT_DATE":"2022-06-30 00:00:00","REPORT_DATE":"2022-09-30 00:00:00","DATE_TYPE_CODE":"002","REPORT_TYPE":"2022年中报","PER_NETCASH_OPERATE":-0.020606305348,"PER_OI":0.070509398184,"BPS":0.208235310879,"BASIC_EPS":0.000542664,"DILUTED_EPS":0.000542664,"OPERATE_INCOME":87807557.4,"OPERATE_INCOME_YOY":-13.9210540315,"GROSS_PROFIT":14092079.64,"GROSS_PROFIT_YOY":-18.696318223388,"HOLDER_PROFIT":718125.36,"HOLDER_PROFIT_YOY":127.8011204482,"GROSS_PROFIT_RATIO":16.048823196168,"EPS_TTM":-0.001265360058,"OPERATE_INCOME_QOQ":0,"NET_PROFIT_RATIO":0.8178400371,"ROE_AVG":0.27981244813,"GROSS_PROFIT_QOQ":0,"ROA":0.198844249106,"HOLDER_PROFIT_QOQ":0,"ROE_YEARLY":0.55962489626,"ROIC_YEARLY":0.429876410532,"TOTAL_ASSETS":378007984.68,"TOTAL_LIABILITIES":118686043.44,"TAX_EBT":4.567307692308,"OCF_SALES":-29.224906010197,"TOTAL_PARENT_EQUITY":259321941.24,"DEBT_ASSET_RATIO":31.3977609601,"OPERATE_PROFIT":1878521.88,"PRETAX_PROFIT":752494.08,"NETCASH_OPERATE":-25661676.12,"NETCASH_INVEST":-372629.28,"NETCASH_FINANCE":33611703.72,"END_CASH":30797990.88,"DIVI_RATIO":null,"DIVIDEND_RATE":null,"CURRENT_RATIO":1.115018192081,"COMMON_ACS":2000000000,"CURRENTDEBT_DEBT":99.904744486611,"ISSUED_COMMON_SHARES":1245331256,"HK_COMMON_SHARES":1245331256,"PER_SHARES":4000,"TOTAL_MARKET_CAP":37359937.68,"HKSK_MARKET_CAP":37359937.68,"PE_TTM":-1.532149675197,"PB_TTM":0.15601093114,"REPORT_DATE_SQ":"2021-06-30 00:00:00","REPORT_TYPE_SQ":"2021年中报","OPERATE_INCOME_SQ":93957505.16,"DPS_HKD":null,"OPERATE_INCOME_QOQ_SQ":0,"NET_PROFIT_RATIO_SQ":-2.5322291774,"HOLDER_PROFIT_SQ":-2379219.36,"HOLDER_PROFIT_QOQ_SQ":0,"ROE_AVG_SQ":-1.021572491943,"PE_TTM_SQ":-1.845595177024,"PB_TTM_SQ":0.13639991851,"ROA_SQ":-0.734979058501,"START_DATE":"2022-04-01 00:00:00","FISCAL_YEAR":"3-31","CURRENCY":"HKD","IS_CNY_CODE":0,"DPS_HKD_LY":null,"ORG_TYPE":"一般企业","PREMIUM_INCOME":null,"PREMIUM_INCOME_YOY":null,"NET_INTEREST_INCOME":null,"NET_INTEREST_INCOME_YOY":null,"FEE_COMMISSION_INCOME":null,"FEE_COMMISSION_INCOME_YOY":null,"ACCOUNTS_RECE_TDAYS":7.939240299301,"INVENTORY_TDAYS":4.76158205293,"CURRENT_ASSETS_TDAYS":0.740397558065,"TOTAL_ASSETS_TDAYS":0.243133424742,"PREMIUM_EXPENSE":null,"LOAN_DEPOSIT":null,"LOAN_EQUITY":null,"LOAN_ASSETS":null,"DEPOSIT_EQUITY":null,"DEPOSIT_ASSETS":null,"EQUITY_MULTIPLIER":1.457678370262,"EQUITY_RATIO":0.457678370262},{"SECUCODE":"00248.HK","SECURITY_CODE":"00248","SECURITY_NAME_ABBR":"香港通讯国际控股","ORG_CODE":"10007508","STD_REPORT_DATE":"2021-12-31 00:00:00","REPORT_DATE":"2022-03-31 00:00:00","DATE_TYPE_CODE":"001","REPORT_TYPE":"2021年年报","PER_NETCASH_OPERATE":-0.00120023602,"PER_OI":0.129659354635,"BPS":0.182869601098,"BASIC_EPS":-0.001297616,"DILUTED_EPS":-0.001297616,"OPERATE_INCOME":161468846.96,"OPERATE_INCOME_YOY":-8.3022448209,"GROSS_PROFIT":34724204.16,"GROSS_PROFIT_YOY":3.374046154077,"HOLDER_PROFIT":-1575792.43,"HOLDER_PROFIT_YOY":-140.931114388,"GROSS_PROFIT_RATIO":21.50520351991,"EPS_TTM":0.000482789472,"OPERATE_INCOME_QOQ":0,"NET_PROFIT_RATIO":-0.9759111183,"ROE_AVG":-0.691523059073,"GROSS_PROFIT_QOQ":0,"ROA":-0.503109152418,"HOLDER_PROFIT_QOQ":0,"ROE_YEARLY":-0.691523059073,"ROIC_YEARLY":-0.535578186008,"TOTAL_ASSETS":308725554.68,"TOTAL_LIABILITIES":80992324.66,"TAX_EBT":null,"OCF_SALES":-0.925684092096,"TOTAL_PARENT_EQUITY":227733230.02,"DEBT_ASSET_RATIO":26.2344089863,"OPERATE_PROFIT":598525.38,"PRETAX_PROFIT":-1575792.43,"NETCASH_OPERATE":-1496313.45,"NETCASH_INVEST":9999753.3,"NETCASH_FINANCE":-14279453.07,"END_CASH":8913810.91,"DIVI_RATIO":null,"DIVIDEND_RATE":null,"CURRENT_RATIO":1.163724045277,"COMMON_ACS":2000000000,"CURRENTDEBT_DEBT":99.874832275249,"ISSUED_COMMON_SHARES":1245331256,"HK_COMMON_SHARES":1245331256,"PER_SHARES":4000,"TOTAL_MARKET_CAP":37359937.68,"HKSK_MARKET_CAP":37359937.68,"PE_TTM":-1.532149675197,"PB_TTM":0.15601093114,"REPORT_DATE_SQ":"2020-12-31 00:00:00","REPORT_TYPE_SQ":"2020年年报","OPERATE_INCOME_SQ":183507171.96,"DPS_HKD":null,"OPERATE_INCOME_QOQ_SQ":0,"NET_PROFIT_RATIO_SQ":2.1863284237,"HOLDER_PROFIT_SQ":4012069.46,"HOLDER_PROFIT_QOQ_SQ":0,"ROE_AVG_SQ":1.708408160915,"PE_TTM_SQ":-1.845595177024,"PB_TTM_SQ":0.13639991851,"ROA_SQ":1.266851432514,"START_DATE":"2021-04-01 00:00:00","FISCAL_YEAR":"3-31","CURRENCY":"HKD","IS_CNY_CODE":0,"DPS_HKD_LY":null,"ORG_TYPE":"一般企业","PREMIUM_INCOME":null,"PREMIUM_INCOME_YOY":null,"NET_INTEREST_INCOME":null,"NET_INTEREST_INCOME_YOY":null,"FEE_COMMISSION_INCOME":null,"FEE_COMMISSION_INCOME_YOY":null,"ACCOUNTS_RECE_TDAYS":13.015362489377,"INVENTORY_TDAYS":7.290199188319,"CURRENT_ASSETS_TDAYS":1.706751705929,"TOTAL_ASSETS_TDAYS":0.515527636695,"PREMIUM_EXPENSE":null,"LOAN_DEPOSIT":null,"LOAN_EQUITY":null,"LOAN_ASSETS":null,"DEPOSIT_EQUITY":null,"DEPOSIT_ASSETS":null,"EQUITY_MULTIPLIER":1.35564561506,"EQUITY_RATIO":0.35564561506},{"SECUCODE":"00248.HK","SECURITY_CODE":"00248","SECURITY_NAME_ABBR":"香港通讯国际控股","ORG_CODE":"10007508","STD_REPORT_DATE":"2021-06-30 00:00:00","REPORT_DATE":"2021-09-30 00:00:00","DATE_TYPE_CODE":"002","REPORT_TYPE":"2021年中报","PER_NETCASH_OPERATE":-0.005819165708,"PER_OI":0.075447801304,"BPS":0.185961778767,"BASIC_EPS":-0.001832732,"DILUTED_EPS":-0.001832732,"OPERATE_INCOME":93957505.16,"OPERATE_INCOME_YOY":26.4388690837,"GROSS_PROFIT":17332646.36,"GROSS_PROFIT_YOY":3.244594502379,"HOLDER_PROFIT":-2379219.36,"HOLDER_PROFIT_YOY":-343.2708688245,"GROSS_PROFIT_RATIO":18.447325022609,"EPS_TTM":0.003221688559,"OPERATE_INCOME_QOQ":0,"NET_PROFIT_RATIO":-2.5322291774,"ROE_AVG":-1.021572491943,"GROSS_PROFIT_QOQ":0,"ROA":-0.734979058501,"HOLDER_PROFIT_QOQ":0,"ROE_YEARLY":-2.043144983886,"ROIC_YEARLY":-1.547227410195,"TOTAL_ASSETS":321091314.16,"TOTAL_LIABILITIES":89507298.64,"TAX_EBT":-1.312522170983,"OCF_SALES":-7.71283669959,"TOTAL_PARENT_EQUITY":231584015.52,"DEBT_ASSET_RATIO":27.8759638435,"OPERATE_PROFIT":-1282079.34,"PRETAX_PROFIT":-2348396.14,"NETCASH_OPERATE":-7246788.94,"NETCASH_INVEST":-838058.36,"NETCASH_FINANCE":5292430.18,"END_CASH":14771819.92,"DIVI_RATIO":null,"DIVIDEND_RATE":null,"CURRENT_RATIO":1.032259267199,"COMMON_ACS":2000000000,"CURRENTDEBT_DEBT":99.853877368676,"ISSUED_COMMON_SHARES":1245331256,"HK_COMMON_SHARES":1245331256,"PER_SHARES":4000,"TOTAL_MARKET_CAP":37359937.68,"HKSK_MARKET_CAP":37359937.68,"PE_TTM":-1.532149675197,"PB_TTM":0.15601093114,"REPORT_DATE_SQ":"2020-06-30 00:00:00","REPORT_TYPE_SQ":"2020年中报","OPERATE_INCOME_SQ":78383581.44,"DPS_HKD":null,"OPERATE_INCOME_QOQ_SQ":0,"NET_PROFIT_RATIO_SQ":1.3161139885,"HOLDER_PROFIT_SQ":1031617.28,"HOLDER_PROFIT_QOQ_SQ":0,"ROE_AVG_SQ":0.426909867109,"PE_TTM_SQ":-1.845595177024,"PB_TTM_SQ":0.13639991851,"ROA_SQ":0.333324815663,"START_DATE":"2021-04-01 00:00:00","FISCAL_YEAR":"3-31","CURRENCY":"HKD","IS_CNY_CODE":0,"DPS_HKD_LY":null,"ORG_TYPE":"一般企业","PREMIUM_INCOME":null,"PREMIUM_INCOME_YOY":null,"NET_INTEREST_INCOME":null,"NET_INTEREST_INCOME_YOY":null,"FEE_COMMISSION_INCOME":null,"FEE_COMMISSION_INCOME_YOY":null,"ACCOUNTS_RECE_TDAYS":6.724660147865,"INVENTORY_TDAYS":3.203538590137,"CURRENT_ASSETS_TDAYS":0.98943332997,"TOTAL_ASSETS_TDAYS":0.29024981825,"PREMIUM_EXPENSE":null,"LOAN_DEPOSIT":null,"LOAN_EQUITY":null,"LOAN_ASSETS":null,"DEPOSIT_EQUITY":null,"DEPOSIT_ASSETS":null,"EQUITY_MULTIPLIER":1.386500330944,"EQUITY_RATIO":0.386500330945},{"SECUCODE":"00248.HK","SECURITY_CODE":"00248","SECURITY_NAME_ABBR":"香港通讯国际控股","ORG_CODE":"10007508","STD_REPORT_DATE":"2020-12-31 00:00:00","REPORT_DATE":"2021-03-31 00:00:00","DATE_TYPE_CODE":"001","REPORT_TYPE":"2020年年报","PER_NETCASH_OPERATE":-0.014575307247,"PER_OI":0.147356111939,"BPS":0.190807847418,"BASIC_EPS":0.003211684,"DILUTED_EPS":0.003211684,"OPERATE_INCOME":183507171.96,"OPERATE_INCOME_YOY":-6.5076323552,"GROSS_PROFIT":33590833.92,"GROSS_PROFIT_YOY":-8.917755781301,"HOLDER_PROFIT":4012069.46,"HOLDER_PROFIT_YOY":120.6086654511,"GROSS_PROFIT_RATIO":18.304916130102,"EPS_TTM":-0.012884687863,"OPERATE_INCOME_QOQ":0,"NET_PROFIT_RATIO":2.1863284237,"ROE_AVG":1.708408160915,"GROSS_PROFIT_QOQ":0,"ROA":1.266851432514,"HOLDER_PROFIT_QOQ":0,"ROE_YEARLY":1.708408160915,"ROIC_YEARLY":1.335326806257,"TOTAL_ASSETS":331081516.22,"TOTAL_LIABILITIES":93462539.94,"TAX_EBT":-5.138427464009,"OCF_SALES":-9.891213234955,"TOTAL_PARENT_EQUITY":237618976.28,"DEBT_ASSET_RATIO":28.2294647575,"OPERATE_PROFIT":5607769.3,"PRETAX_PROFIT":3815987.7,"NETCASH_OPERATE":-18151085.68,"NETCASH_INVEST":-278064.22,"NETCASH_FINANCE":21558851.44,"END_CASH":15294377.28,"DIVI_RATIO":null,"DIVIDEND_RATE":null,"CURRENT_RATIO":1.061498899865,"COMMON_ACS":2000000000,"CURRENTDEBT_DEBT":99.871589665681,"ISSUED_COMMON_SHARES":1245331256,"HK_COMMON_SHARES":1245331256,"PER_SHARES":4000,"TOTAL_MARKET_CAP":37359937.68,"HKSK_MARKET_CAP":37359937.68,"PE_TTM":-1.532149675197,"PB_TTM":0.15601093114,"REPORT_DATE_SQ":"2019-12-31 00:00:00","REPORT_TYPE_SQ":"2019年年报","OPERATE_INCOME_SQ":212193119.5,"DPS_HKD":null,"OPERATE_INCOME_QOQ_SQ":0,"NET_PROFIT_RATIO_SQ":-9.918401619,"HOLDER_PROFIT_SQ":-21046165.8,"HOLDER_PROFIT_QOQ_SQ":0,"ROE_AVG_SQ":-8.07427180297,"PE_TTM_SQ":-1.845595177024,"PB_TTM_SQ":0.13639991851,"ROA_SQ":-6.174747443608,"START_DATE":"2020-04-01 00:00:00","FISCAL_YEAR":"3-31","CURRENCY":"HKD","IS_CNY_CODE":0,"DPS_HKD_LY":null,"ORG_TYPE":"一般企业","PREMIUM_INCOME":null,"PREMIUM_INCOME_YOY":null,"NET_INTEREST_INCOME":null,"NET_INTEREST_INCOME_YOY":null,"FEE_COMMISSION_INCOME":null,"FEE_COMMISSION_INCOME_YOY":null,"ACCOUNTS_RECE_TDAYS":12.768502455232,"INVENTORY_TDAYS":7.980114722753,"CURRENT_ASSETS_TDAYS":2.093468577048,"TOTAL_ASSETS_TDAYS":0.579442419908,"PREMIUM_EXPENSE":null,"LOAN_DEPOSIT":null,"LOAN_EQUITY":null,"LOAN_ASSETS":null,"DEPOSIT_EQUITY":null,"DEPOSIT_ASSETS":null,"EQUITY_MULTIPLIER":1.393329444487,"EQUITY_RATIO":0.393329444488},{"SECUCODE":"00248.HK","SECURITY_CODE":"00248","SECURITY_NAME_ABBR":"香港通讯国际控股","ORG_CODE":"10007508","STD_REPORT_DATE":"2020-06-30 00:00:00","REPORT_DATE":"2020-09-30 00:00:00","DATE_TYPE_CODE":"002","REPORT_TYPE":"2020年中报","PER_NETCASH_OPERATE":0.004570245397,"PER_OI":0.062941953044,"BPS":0.19434162388,"BASIC_EPS":0.000790848,"DILUTED_EPS":0.000790848,"OPERATE_INCOME":78383581.44,"OPERATE_INCOME_YOY":-19.8328390402,"GROSS_PROFIT":16787945.6,"GROSS_PROFIT_YOY":-15.335910731803,"HOLDER_PROFIT":1031617.28,"HOLDER_PROFIT_YOY":126.6818181818,"GROSS_PROFIT_RATIO":21.41768121791,"EPS_TTM":-0.016900054262,"OPERATE_INCOME_QOQ":0,"NET_PROFIT_RATIO":1.3161139885,"ROE_AVG":0.426909867109,"GROSS_PROFIT_QOQ":0,"ROA":0.333324815663,"HOLDER_PROFIT_QOQ":0,"ROE_YEARLY":0.853819734218,"ROIC_YEARLY":0.697735924188,"TOTAL_ASSETS":304678585.6,"TOTAL_LIABILITIES":62658887.04,"TAX_EBT":9.273570324575,"OCF_SALES":7.261047958566,"TOTAL_PARENT_EQUITY":242019698.56,"DEBT_ASSET_RATIO":20.5655697517,"OPERATE_PROFIT":2022813.44,"PRETAX_PROFIT":1137063.68,"NETCASH_OPERATE":5691469.44,"NETCASH_INVEST":-643223.04,"NETCASH_FINANCE":-7961203.2,"END_CASH":12331956.48,"DIVI_RATIO":null,"DIVIDEND_RATE":null,"CURRENT_RATIO":1.121420098288,"COMMON_ACS":2000000000,"CURRENTDEBT_DEBT":99.305818503092,"ISSUED_COMMON_SHARES":1245331256,"HK_COMMON_SHARES":1245331256,"PER_SHARES":4000,"TOTAL_MARKET_CAP":37359937.68,"HKSK_MARKET_CAP":37359937.68,"PE_TTM":-1.532149675197,"PB_TTM":0.15601093114,"REPORT_DATE_SQ":"2019-06-30 00:00:00","REPORT_TYPE_SQ":"2019年中报","OPERATE_INCOME_SQ":100366652.7,"DPS_HKD":null,"OPERATE_INCOME_QOQ_SQ":0,"NET_PROFIT_RATIO_SQ":-3.9543452862,"HOLDER_PROFIT_SQ":-3968844,"HOLDER_PROFIT_QOQ_SQ":0,"ROE_AVG_SQ":-1.504607861576,"PE_TTM_SQ":-1.845595177024,"PB_TTM_SQ":0.13639991851,"ROA_SQ":-1.161098451913,"START_DATE":"2020-04-01 00:00:00","FISCAL_YEAR":"3-31","CURRENCY":"HKD","IS_CNY_CODE":0,"DPS_HKD_LY":null,"ORG_TYPE":"一般企业","PREMIUM_INCOME":null,"PREMIUM_INCOME_YOY":null,"NET_INTEREST_INCOME":null,"NET_INTEREST_INCOME_YOY":null,"FEE_COMMISSION_INCOME":null,"FEE_COMMISSION_INCOME_YOY":null,"ACCOUNTS_RECE_TDAYS":5.342236861806,"INVENTORY_TDAYS":3.725294289586,"CURRENT_ASSETS_TDAYS":1.051879366764,"TOTAL_ASSETS_TDAYS":0.253264396992,"PREMIUM_EXPENSE":null,"LOAN_DEPOSIT":null,"LOAN_EQUITY":null,"LOAN_ASSETS":null,"DEPOSIT_EQUITY":null,"DEPOSIT_ASSETS":null,"EQUITY_MULTIPLIER":1.258899946628,"EQUITY_RATIO":0.258899946628}],"count":47},"success":true,"message":"ok","code":0}