{"version":"102fee23b708d1a43088614c699d6c60","result":{"pages":6,"data":[{"SECUCODE":"00247.HK","SECURITY_CODE":"00247","SECURITY_NAME_ABBR":"TST PROPERTIES","ORG_CODE":"10007507","STD_REPORT_DATE":"2023-12-31 00:00:00","REPORT_DATE":"2024-06-30 00:00:00","DATE_TYPE_CODE":"001","REPORT_TYPE":"2023年年报","PER_NETCASH_OPERATE":0.495669186798,"PER_OI":3.793246137858,"BPS":39.90178264074,"BASIC_EPS":1.095216,"DILUTED_EPS":null,"OPERATE_INCOME":8046186880,"OPERATE_INCOME_YOY":-26.0960684047,"GROSS_PROFIT":3135968480,"GROSS_PROFIT_YOY":-37.070469681959,"HOLDER_PROFIT":2289001440,"HOLDER_PROFIT_YOY":-23.6994219653,"GROSS_PROFIT_RATIO":38.974591651543,"EPS_TTM":1.491113268807,"OPERATE_INCOME_QOQ":-11.254339099811,"NET_PROFIT_RATIO":48.6274954628,"ROE_AVG":2.690150060603,"GROSS_PROFIT_QOQ":-14.960762821514,"ROA":1.380970772614,"HOLDER_PROFIT_QOQ":3.56257319076,"ROE_YEARLY":2.690150060603,"ROIC_YEARLY":3.97054132928,"TOTAL_ASSETS":166265653640,"TOTAL_LIABILITIES":13677422480,"TAX_EBT":10.817557728313,"OCF_SALES":13.067150635209,"TOTAL_PARENT_EQUITY":86584126240,"DEBT_ASSET_RATIO":8.22624648,"OPERATE_PROFIT":1682069240,"PRETAX_PROFIT":4387252760,"NETCASH_OPERATE":1051407360,"NETCASH_INVEST":-6253683360,"NETCASH_FINANCE":-1238506760,"END_CASH":6136860320,"DIVI_RATIO":0.354356312866,"DIVIDEND_RATE":2.929292929293,"CURRENT_RATIO":9.055872291904,"COMMON_ACS":null,"CURRENTDEBT_DEBT":52.669157880689,"ISSUED_COMMON_SHARES":2169931279,"HK_COMMON_SHARES":2169931279,"PER_SHARES":2000,"TOTAL_MARKET_CAP":42964639324.2,"HKSK_MARKET_CAP":42964639324.2,"PE_TTM":17.131036413158,"PB_TTM":0.452888638152,"REPORT_DATE_SQ":"2022-12-31 00:00:00","REPORT_TYPE_SQ":"2022年年报","OPERATE_INCOME_SQ":10998299420,"DPS_HKD":0.58,"OPERATE_INCOME_QOQ_SQ":-23.995604352784,"NET_PROFIT_RATIO_SQ":49.5468140942,"HOLDER_PROFIT_SQ":3030548260,"HOLDER_PROFIT_QOQ_SQ":-24.853256648805,"ROE_AVG_SQ":3.655439038585,"PE_TTM_SQ":12.29461480878,"PB_TTM_SQ":0.441248384052,"ROA_SQ":1.8172664926,"START_DATE":"2023-07-01 00:00:00","FISCAL_YEAR":"6-30","CURRENCY":"HKD","IS_CNY_CODE":0,"DPS_HKD_LY":0.58,"ORG_TYPE":"一般企业","PREMIUM_INCOME":null,"PREMIUM_INCOME_YOY":null,"NET_INTEREST_INCOME":null,"NET_INTEREST_INCOME_YOY":null,"FEE_COMMISSION_INCOME":null,"FEE_COMMISSION_INCOME_YOY":null,"ACCOUNTS_RECE_TDAYS":4.648563142631,"INVENTORY_TDAYS":0.332239806326,"CURRENT_ASSETS_TDAYS":0.125832147321,"TOTAL_ASSETS_TDAYS":0.048543215037,"PREMIUM_EXPENSE":null,"LOAN_DEPOSIT":null,"LOAN_EQUITY":null,"LOAN_ASSETS":null,"DEPOSIT_EQUITY":null,"DEPOSIT_ASSETS":null,"EQUITY_MULTIPLIER":1.089636155921,"EQUITY_RATIO":0.157966859215},{"SECUCODE":"00247.HK","SECURITY_CODE":"00247","SECURITY_NAME_ABBR":"TST PROPERTIES","ORG_CODE":"10007507","STD_REPORT_DATE":"2023-06-30 00:00:00","REPORT_DATE":"2023-12-31 00:00:00","DATE_TYPE_CODE":"002","REPORT_TYPE":"2023年中报","PER_NETCASH_OPERATE":0.667189399976,"PER_OI":2.13058299927,"BPS":39.13639920665,"BASIC_EPS":0.6434162,"DILUTED_EPS":null,"OPERATE_INCOME":4484658330.14906,"OPERATE_INCOME_YOY":-22.7501840948,"GROSS_PROFIT":1740745659.8147,"GROSS_PROFIT_YOY":-29.985303114123,"HOLDER_PROFIT":1330751359.08288,"HOLDER_PROFIT_YOY":7.274663767,"GROSS_PROFIT_RATIO":38.81556925111,"EPS_TTM":1.47267343698,"OPERATE_INCOME_QOQ":8.483263388446,"NET_PROFIT_RATIO":53.218660424,"ROE_AVG":1.584944933882,"GROSS_PROFIT_QOQ":-0.878429775099,"ROA":0.811417934506,"HOLDER_PROFIT_QOQ":49.273466831781,"ROE_YEARLY":3.169889867763,"ROIC_YEARLY":4.614603281552,"TOTAL_ASSETS":163935492015.829,"TOTAL_LIABILITIES":13402921883.287,"TAX_EBT":11.136631225078,"OCF_SALES":31.314874858408,"TOTAL_PARENT_EQUITY":84923296785.9409,"DEBT_ASSET_RATIO":8.175729196,"OPERATE_PROFIT":1300726977.3701,"PRETAX_PROFIT":2685780564.92746,"NETCASH_OPERATE":1404365143.91334,"NETCASH_INVEST":-2129796535.7753,"NETCASH_FINANCE":-1580821686.96242,"END_CASH":10236415265.2327,"DIVI_RATIO":0.358793325616,"DIVIDEND_RATE":2.959183673469,"CURRENT_RATIO":7.899429142415,"COMMON_ACS":null,"CURRENTDEBT_DEBT":57.961134809851,"ISSUED_COMMON_SHARES":2169931279,"HK_COMMON_SHARES":2169931279,"PER_SHARES":2000,"TOTAL_MARKET_CAP":42530653068.4,"HKSK_MARKET_CAP":42530653068.4,"PE_TTM":16.957995641308,"PB_TTM":0.448314005443,"REPORT_DATE_SQ":"2022-06-30 00:00:00","REPORT_TYPE_SQ":"2022年中报","OPERATE_INCOME_SQ":5722436922.04107,"DPS_HKD":0.58,"OPERATE_INCOME_QOQ_SQ":-48.52790794588,"NET_PROFIT_RATIO_SQ":38.4582986172,"HOLDER_PROFIT_SQ":1222781508.19986,"HOLDER_PROFIT_QOQ_SQ":-52.811322996465,"ROE_AVG_SQ":1.538056877857,"PE_TTM_SQ":11.526201383231,"PB_TTM_SQ":0.413670360049,"ROA_SQ":0.756557795065,"START_DATE":"2023-07-01 00:00:00","FISCAL_YEAR":"6-30","CURRENCY":"HKD","IS_CNY_CODE":0,"DPS_HKD_LY":0.58,"ORG_TYPE":"一般企业","PREMIUM_INCOME":null,"PREMIUM_INCOME_YOY":null,"NET_INTEREST_INCOME":null,"NET_INTEREST_INCOME_YOY":null,"FEE_COMMISSION_INCOME":null,"FEE_COMMISSION_INCOME_YOY":null,"ACCOUNTS_RECE_TDAYS":2.661170433697,"INVENTORY_TDAYS":0.191920727534,"CURRENT_ASSETS_TDAYS":0.072582418686,"TOTAL_ASSETS_TDAYS":0.027344944451,"PREMIUM_EXPENSE":null,"LOAN_DEPOSIT":null,"LOAN_EQUITY":null,"LOAN_ASSETS":null,"DEPOSIT_EQUITY":null,"DEPOSIT_ASSETS":null,"EQUITY_MULTIPLIER":1.089036690675,"EQUITY_RATIO":0.157823852706},{"SECUCODE":"00247.HK","SECURITY_CODE":"00247","SECURITY_NAME_ABBR":"TST PROPERTIES","ORG_CODE":"10007507","STD_REPORT_DATE":"2022-12-31 00:00:00","REPORT_DATE":"2023-06-30 00:00:00","DATE_TYPE_CODE":"001","REPORT_TYPE":"2022年年报","PER_NETCASH_OPERATE":-0.256536190118,"PER_OI":5.34433023497,"BPS":38.915671162623,"BASIC_EPS":1.4843878,"DILUTED_EPS":null,"OPERATE_INCOME":10998299420,"OPERATE_INCOME_YOY":-23.5209358749,"GROSS_PROFIT":4983301900,"GROSS_PROFIT_YOY":-29.510636481022,"HOLDER_PROFIT":3030548260,"HOLDER_PROFIT_YOY":4.0480384533,"GROSS_PROFIT_RATIO":45.308307881624,"EPS_TTM":0.993159550705,"OPERATE_INCOME_QOQ":-23.995604352784,"NET_PROFIT_RATIO":49.5468140942,"ROE_AVG":3.655439038585,"GROSS_PROFIT_QOQ":-28.888632427412,"ROA":1.8172664926,"HOLDER_PROFIT_QOQ":-24.853256648805,"ROE_YEARLY":3.655439038585,"ROIC_YEARLY":5.13486104961,"TOTAL_ASSETS":166923557020,"TOTAL_LIABILITIES":15729900780,"TAX_EBT":12.741768787834,"OCF_SALES":-4.800184418963,"TOTAL_PARENT_EQUITY":84444148200,"DEBT_ASSET_RATIO":9.423783608,"OPERATE_PROFIT":4124016540,"PRETAX_PROFIT":6244570540,"NETCASH_OPERATE":-528294540,"NETCASH_INVEST":496947220,"NETCASH_FINANCE":-1248360920,"END_CASH":12738075680,"DIVI_RATIO":0.532024687902,"DIVIDEND_RATE":2.929292929293,"CURRENT_RATIO":6.253821771233,"COMMON_ACS":null,"CURRENTDEBT_DEBT":64.333860852236,"ISSUED_COMMON_SHARES":2169931279,"HK_COMMON_SHARES":2169931279,"PER_SHARES":2000,"TOTAL_MARKET_CAP":42964639324.2,"HKSK_MARKET_CAP":42964639324.2,"PE_TTM":17.131036413158,"PB_TTM":0.452888638152,"REPORT_DATE_SQ":"2021-12-31 00:00:00","REPORT_TYPE_SQ":"2021年年报","OPERATE_INCOME_SQ":13338946150.1185,"DPS_HKD":0.58,"OPERATE_INCOME_QOQ_SQ":26.68106948378,"NET_PROFIT_RATIO_SQ":38.190943675,"HOLDER_PROFIT_SQ":2701754743.52266,"HOLDER_PROFIT_QOQ_SQ":29.708115421966,"ROE_AVG_SQ":3.64545629306,"PE_TTM_SQ":11.654270287489,"PB_TTM_SQ":0.418266697383,"ROA_SQ":1.738807721682,"START_DATE":"2022-07-01 00:00:00","FISCAL_YEAR":"6-30","CURRENCY":"HKD","IS_CNY_CODE":0,"DPS_HKD_LY":0.57,"ORG_TYPE":"一般企业","PREMIUM_INCOME":null,"PREMIUM_INCOME_YOY":null,"NET_INTEREST_INCOME":null,"NET_INTEREST_INCOME_YOY":null,"FEE_COMMISSION_INCOME":null,"FEE_COMMISSION_INCOME_YOY":null,"ACCOUNTS_RECE_TDAYS":7.593631802004,"INVENTORY_TDAYS":0.352995634902,"CURRENT_ASSETS_TDAYS":0.169172211119,"TOTAL_ASSETS_TDAYS":0.065948190427,"PREMIUM_EXPENSE":null,"LOAN_DEPOSIT":null,"LOAN_EQUITY":null,"LOAN_ASSETS":null,"DEPOSIT_EQUITY":null,"DEPOSIT_ASSETS":null,"EQUITY_MULTIPLIER":1.104042584062,"EQUITY_RATIO":0.186275794301},{"SECUCODE":"00247.HK","SECURITY_CODE":"00247","SECURITY_NAME_ABBR":"TST PROPERTIES","ORG_CODE":"10007507","STD_REPORT_DATE":"2022-06-30 00:00:00","REPORT_DATE":"2022-12-31 00:00:00","DATE_TYPE_CODE":"002","REPORT_TYPE":"2022年中报","PER_NETCASH_OPERATE":0.802281931939,"PER_OI":2.799264591231,"BPS":36.943389891027,"BASIC_EPS":0.6074236,"DILUTED_EPS":null,"OPERATE_INCOME":5722436922.04107,"OPERATE_INCOME_YOY":-41.3026310625,"GROSS_PROFIT":2486257510.55108,"GROSS_PROFIT_YOY":-45.098306012784,"HOLDER_PROFIT":1222781508.19986,"HOLDER_PROFIT_YOY":-40.916198767,"GROSS_PROFIT_RATIO":43.447530211732,"EPS_TTM":1.346936823228,"OPERATE_INCOME_QOQ":-48.52790794588,"NET_PROFIT_RATIO":38.4582986172,"ROE_AVG":1.538056877857,"GROSS_PROFIT_QOQ":-49.292305193777,"ROA":0.756557795065,"HOLDER_PROFIT_QOQ":-52.811322996465,"ROE_YEARLY":3.076113755714,"ROIC_YEARLY":4.251294116942,"TOTAL_ASSETS":161819644028.159,"TOTAL_LIABILITIES":18033296869.2731,"TAX_EBT":15.566995245754,"OCF_SALES":28.660453693898,"TOTAL_PARENT_EQUITY":80164617276.8312,"DEBT_ASSET_RATIO":11.1440715233,"OPERATE_PROFIT":1958872316.59749,"PRETAX_PROFIT":2606506645.19476,"NETCASH_OPERATE":1640076384.20409,"NETCASH_INVEST":-7093743187.06081,"NETCASH_FINANCE":-625016575.87502,"END_CASH":7561295869.21233,"DIVI_RATIO":0.392286698892,"DIVIDEND_RATE":2.929292929293,"CURRENT_RATIO":4.923170872805,"COMMON_ACS":null,"CURRENTDEBT_DEBT":68.945947228512,"ISSUED_COMMON_SHARES":2169931279,"HK_COMMON_SHARES":2169931279,"PER_SHARES":2000,"TOTAL_MARKET_CAP":42964639324.2,"HKSK_MARKET_CAP":42964639324.2,"PE_TTM":17.131036413158,"PB_TTM":0.452888638152,"REPORT_DATE_SQ":"2021-06-30 00:00:00","REPORT_TYPE_SQ":"2021年中报","OPERATE_INCOME_SQ":8923197665.0544,"DPS_HKD":0.58,"OPERATE_INCOME_QOQ_SQ":239.554455241155,"NET_PROFIT_RATIO_SQ":40.1148919195,"HOLDER_PROFIT_SQ":1894255548.6288,"HOLDER_PROFIT_QOQ_SQ":6185.10616897316,"ROE_AVG_SQ":2.683206692389,"PE_TTM_SQ":11.654270287489,"PB_TTM_SQ":0.418266697383,"ROA_SQ":1.276220078368,"START_DATE":"2022-07-01 00:00:00","FISCAL_YEAR":"6-30","CURRENCY":"HKD","IS_CNY_CODE":0,"DPS_HKD_LY":0.57,"ORG_TYPE":"一般企业","PREMIUM_INCOME":null,"PREMIUM_INCOME_YOY":null,"NET_INTEREST_INCOME":null,"NET_INTEREST_INCOME_YOY":null,"FEE_COMMISSION_INCOME":null,"FEE_COMMISSION_INCOME_YOY":null,"ACCOUNTS_RECE_TDAYS":4.248211578518,"INVENTORY_TDAYS":0.19729560224,"CURRENT_ASSETS_TDAYS":0.090927975597,"TOTAL_ASSETS_TDAYS":0.035405787797,"PREMIUM_EXPENSE":null,"LOAN_DEPOSIT":null,"LOAN_EQUITY":null,"LOAN_ASSETS":null,"DEPOSIT_EQUITY":null,"DEPOSIT_ASSETS":null,"EQUITY_MULTIPLIER":1.125417309957,"EQUITY_RATIO":0.224953320827},{"SECUCODE":"00247.HK","SECURITY_CODE":"00247","SECURITY_NAME_ABBR":"TST PROPERTIES","ORG_CODE":"10007507","STD_REPORT_DATE":"2021-12-31 00:00:00","REPORT_DATE":"2022-06-30 00:00:00","DATE_TYPE_CODE":"001","REPORT_TYPE":"2021年年报","PER_NETCASH_OPERATE":2.754222986313,"PER_OI":6.650018028366,"BPS":34.783549518327,"BASIC_EPS":1.368304,"DILUTED_EPS":null,"OPERATE_INCOME":13338946150.1185,"OPERATE_INCOME_YOY":-36.5566640326,"GROSS_PROFIT":7069579935.50095,"GROSS_PROFIT_YOY":-37.271584835565,"HOLDER_PROFIT":2701754743.52266,"HOLDER_PROFIT_YOY":-40.4464821772,"GROSS_PROFIT_RATIO":52.999538763699,"EPS_TTM":2.873173391949,"OPERATE_INCOME_QOQ":26.68106948378,"NET_PROFIT_RATIO":38.190943675,"ROE_AVG":3.64545629306,"GROSS_PROFIT_QOQ":23.705909732534,"ROA":1.738807721682,"HOLDER_PROFIT_QOQ":29.708115421966,"ROE_YEARLY":3.64545629306,"ROIC_YEARLY":4.808089557926,"TOTAL_ASSETS":154547325452.534,"TOTAL_LIABILITIES":18458619569.3256,"TAX_EBT":18.486297707854,"OCF_SALES":41.416774730009,"TOTAL_PARENT_EQUITY":75477912094.4631,"DEBT_ASSET_RATIO":11.943668074,"OPERATE_PROFIT":5714112252.73714,"PRETAX_PROFIT":6249586594.37798,"NETCASH_OPERATE":5524561278.35185,"NETCASH_INVEST":-12210189342.3411,"NETCASH_FINANCE":-4527118806.13461,"END_CASH":13125865026.5329,"DIVI_RATIO":0.183903067417,"DIVIDEND_RATE":2.929292929293,"CURRENT_RATIO":4.769400153846,"COMMON_ACS":null,"CURRENTDEBT_DEBT":70.312007692705,"ISSUED_COMMON_SHARES":2169931279,"HK_COMMON_SHARES":2169931279,"PER_SHARES":2000,"TOTAL_MARKET_CAP":42964639324.2,"HKSK_MARKET_CAP":42964639324.2,"PE_TTM":17.131036413158,"PB_TTM":0.452888638152,"REPORT_DATE_SQ":"2020-12-31 00:00:00","REPORT_TYPE_SQ":"2020年年报","OPERATE_INCOME_SQ":20456813124.7214,"DPS_HKD":0.58,"OPERATE_INCOME_QOQ_SQ":11.138375193503,"NET_PROFIT_RATIO_SQ":42.5982264398,"HOLDER_PROFIT_SQ":4414087844.60472,"HOLDER_PROFIT_QOQ_SQ":-91.473964787986,"ROE_AVG_SQ":6.471364733825,"PE_TTM_SQ":11.654270287489,"PB_TTM_SQ":0.418266697383,"ROA_SQ":2.864083923606,"START_DATE":"2021-07-01 00:00:00","FISCAL_YEAR":"6-30","CURRENCY":"HKD","IS_CNY_CODE":0,"DPS_HKD_LY":0.43,"ORG_TYPE":"一般企业","PREMIUM_INCOME":null,"PREMIUM_INCOME_YOY":null,"NET_INTEREST_INCOME":null,"NET_INTEREST_INCOME_YOY":null,"FEE_COMMISSION_INCOME":null,"FEE_COMMISSION_INCOME_YOY":null,"ACCOUNTS_RECE_TDAYS":10.23990716267,"INVENTORY_TDAYS":0.335238808513,"CURRENT_ASSETS_TDAYS":0.211691996978,"TOTAL_ASSETS_TDAYS":0.085847402028,"PREMIUM_EXPENSE":null,"LOAN_DEPOSIT":null,"LOAN_EQUITY":null,"LOAN_ASSETS":null,"DEPOSIT_EQUITY":null,"DEPOSIT_ASSETS":null,"EQUITY_MULTIPLIER":1.135636674987,"EQUITY_RATIO":0.244556573667},{"SECUCODE":"00247.HK","SECURITY_CODE":"00247","SECURITY_NAME_ABBR":"TST PROPERTIES","ORG_CODE":"10007507","STD_REPORT_DATE":"2021-06-30 00:00:00","REPORT_DATE":"2021-12-31 00:00:00","DATE_TYPE_CODE":"002","REPORT_TYPE":"2021年中报","PER_NETCASH_OPERATE":1.72627977022,"PER_OI":4.477898324215,"BPS":33.016297649162,"BASIC_EPS":0.972944,"DILUTED_EPS":null,"OPERATE_INCOME":8923197665.0544,"OPERATE_INCOME_YOY":165.0880087473,"GROSS_PROFIT":4528562472.28,"GROSS_PROFIT_YOY":143.881062045696,"HOLDER_PROFIT":1894255548.6288,"HOLDER_PROFIT_YOY":234.5184959553,"GROSS_PROFIT_RATIO":50.750444428851,"EPS_TTM":2.280632115196,"OPERATE_INCOME_QOQ":239.554455241155,"NET_PROFIT_RATIO":40.1148919195,"ROE_AVG":2.683206692389,"GROSS_PROFIT_QOQ":237.807407282497,"ROA":1.276220078368,"HOLDER_PROFIT_QOQ":6185.10616897316,"ROE_YEARLY":5.366413384779,"ROIC_YEARLY":6.968465633343,"TOTAL_ASSETS":147508250795.517,"TOTAL_LIABILITIES":17232086403.6944,"TAX_EBT":17.593249673686,"OCF_SALES":38.551115841227,"TOTAL_PARENT_EQUITY":71643096985.6896,"DEBT_ASSET_RATIO":11.6821169736,"OPERATE_PROFIT":4032770609,"PRETAX_PROFIT":4343735294.6512,"NETCASH_OPERATE":3439992268.5968,"NETCASH_INVEST":-5306579582.416,"NETCASH_FINANCE":-3289758311.112,"END_CASH":18262369192.8832,"DIVI_RATIO":0.231683749641,"DIVIDEND_RATE":2.929292929293,"CURRENT_RATIO":5.299685854668,"COMMON_ACS":null,"CURRENTDEBT_DEBT":63.167280557883,"ISSUED_COMMON_SHARES":2169931279,"HK_COMMON_SHARES":2169931279,"PER_SHARES":2000,"TOTAL_MARKET_CAP":42964639324.2,"HKSK_MARKET_CAP":42964639324.2,"PE_TTM":17.131036413158,"PB_TTM":0.452888638152,"REPORT_DATE_SQ":"2020-06-30 00:00:00","REPORT_TYPE_SQ":"2020年中报","OPERATE_INCOME_SQ":3465101141.08052,"DPS_HKD":0.58,"OPERATE_INCOME_QOQ_SQ":-8.136520926155,"NET_PROFIT_RATIO_SQ":30.8736328919,"HOLDER_PROFIT_SQ":582913236.92664,"HOLDER_PROFIT_QOQ_SQ":-73.813391737639,"ROE_AVG_SQ":0.870005582497,"PE_TTM_SQ":11.654270287489,"PB_TTM_SQ":0.418266697383,"ROA_SQ":0.367216471234,"START_DATE":"2021-07-01 00:00:00","FISCAL_YEAR":"6-30","CURRENCY":"HKD","IS_CNY_CODE":0,"DPS_HKD_LY":0.43,"ORG_TYPE":"一般企业","PREMIUM_INCOME":null,"PREMIUM_INCOME_YOY":null,"NET_INTEREST_INCOME":null,"NET_INTEREST_INCOME_YOY":null,"FEE_COMMISSION_INCOME":null,"FEE_COMMISSION_INCOME_YOY":null,"ACCOUNTS_RECE_TDAYS":7.796180199097,"INVENTORY_TDAYS":0.245615160474,"CURRENT_ASSETS_TDAYS":0.149981367494,"TOTAL_ASSETS_TDAYS":0.060118414496,"PREMIUM_EXPENSE":null,"LOAN_DEPOSIT":null,"LOAN_EQUITY":null,"LOAN_ASSETS":null,"DEPOSIT_EQUITY":null,"DEPOSIT_ASSETS":null,"EQUITY_MULTIPLIER":1.13227351668,"EQUITY_RATIO":0.240526821546},{"SECUCODE":"00247.HK","SECURITY_CODE":"00247","SECURITY_NAME_ABBR":"TST PROPERTIES","ORG_CODE":"10007507","STD_REPORT_DATE":"2020-12-31 00:00:00","REPORT_DATE":"2021-06-30 00:00:00","DATE_TYPE_CODE":"001","REPORT_TYPE":"2020年年报","PER_NETCASH_OPERATE":0.951235741935,"PER_OI":10.569446424551,"BPS":32.619501959852,"BASIC_EPS":2.3048616,"DILUTED_EPS":null,"OPERATE_INCOME":20456813124.7214,"OPERATE_INCOME_YOY":314.2747068777,"GROSS_PROFIT":11270139564.293,"GROSS_PROFIT_YOY":256.16143409502,"HOLDER_PROFIT":4414087844.60472,"HOLDER_PROFIT_YOY":488.2672655007,"GROSS_PROFIT_RATIO":55.092352340421,"EPS_TTM":0.036494368079,"OPERATE_INCOME_QOQ":11.138375193503,"NET_PROFIT_RATIO":42.5982264398,"ROE_AVG":6.471364733825,"GROSS_PROFIT_QOQ":5.433281336301,"ROA":2.864083923606,"HOLDER_PROFIT_QOQ":-91.473964787986,"ROE_YEARLY":6.471364733825,"ROIC_YEARLY":7.322924477019,"TOTAL_ASSETS":151990777427.316,"TOTAL_LIABILITIES":21921506459.4624,"TAX_EBT":19.466727712889,"OCF_SALES":8.999863415039,"TOTAL_PARENT_EQUITY":70782077608.0836,"DEBT_ASSET_RATIO":14.4229188313,"OPERATE_PROFIT":10067092336.0687,"PRETAX_PROFIT":10820669929.0301,"NETCASH_OPERATE":1841085240.29472,"NETCASH_INVEST":3531047353.79664,"NETCASH_FINANCE":-1046741461.19664,"END_CASH":23803418528.7163,"DIVI_RATIO":14.478546356952,"DIVIDEND_RATE":2.959183673469,"CURRENT_RATIO":4.157197031135,"COMMON_ACS":null,"CURRENTDEBT_DEBT":68.460197596735,"ISSUED_COMMON_SHARES":2169931279,"HK_COMMON_SHARES":2169931279,"PER_SHARES":2000,"TOTAL_MARKET_CAP":42530653068.4,"HKSK_MARKET_CAP":42530653068.4,"PE_TTM":16.957995641308,"PB_TTM":0.448314005443,"REPORT_DATE_SQ":"2019-12-31 00:00:00","REPORT_TYPE_SQ":"2019年年报","OPERATE_INCOME_SQ":5420813943.93792,"DPS_HKD":0.58,"OPERATE_INCOME_QOQ_SQ":-16.773773420267,"NET_PROFIT_RATIO_SQ":28.1999029173,"HOLDER_PROFIT_SQ":823723074.1344,"HOLDER_PROFIT_QOQ_SQ":-3.737907020912,"ROE_AVG_SQ":1.150814991924,"PE_TTM_SQ":11.526201383231,"PB_TTM_SQ":0.413670360049,"ROA_SQ":0.488020654407,"START_DATE":"2020-07-01 00:00:00","FISCAL_YEAR":"6-30","CURRENCY":"HKD","IS_CNY_CODE":0,"DPS_HKD_LY":0.55,"ORG_TYPE":"一般企业","PREMIUM_INCOME":null,"PREMIUM_INCOME_YOY":null,"NET_INTEREST_INCOME":null,"NET_INTEREST_INCOME_YOY":null,"FEE_COMMISSION_INCOME":null,"FEE_COMMISSION_INCOME_YOY":null,"ACCOUNTS_RECE_TDAYS":15.118977418826,"INVENTORY_TDAYS":0.406980551232,"CURRENT_ASSETS_TDAYS":0.315906543394,"TOTAL_ASSETS_TDAYS":0.132734172181,"PREMIUM_EXPENSE":null,"LOAN_DEPOSIT":null,"LOAN_EQUITY":null,"LOAN_ASSETS":null,"DEPOSIT_EQUITY":null,"DEPOSIT_ASSETS":null,"EQUITY_MULTIPLIER":1.168537167129,"EQUITY_RATIO":0.30970419632},{"SECUCODE":"00247.HK","SECURITY_CODE":"00247","SECURITY_NAME_ABBR":"TST PROPERTIES","ORG_CODE":"10007507","STD_REPORT_DATE":"2020-06-30 00:00:00","REPORT_DATE":"2020-12-31 00:00:00","DATE_TYPE_CODE":"002","REPORT_TYPE":"2020年中报","PER_NETCASH_OPERATE":0.091835552719,"PER_OI":1.800584096631,"BPS":31.158160629823,"BASIC_EPS":0.3029904,"DILUTED_EPS":null,"OPERATE_INCOME":3465101141.08052,"OPERATE_INCOME_YOY":28.8919856068,"GROSS_PROFIT":1856873360.43808,"GROSS_PROFIT_YOY":10.203720845014,"HOLDER_PROFIT":582913236.92664,"HOLDER_PROFIT_YOY":-53.5761993721,"GROSS_PROFIT_RATIO":53.587854577285,"EPS_TTM":0.435260899472,"OPERATE_INCOME_QOQ":-8.136520926155,"NET_PROFIT_RATIO":30.8736328919,"ROE_AVG":0.870005582497,"GROSS_PROFIT_QOQ":-14.466771329491,"ROA":0.367216471234,"HOLDER_PROFIT_QOQ":-73.813391737639,"ROE_YEARLY":1.740011164994,"ROIC_YEARLY":1.755366173211,"TOTAL_ASSETS":159434920458.405,"TOTAL_LIABILITIES":35413495989.4042,"TAX_EBT":31.163592308108,"OCF_SALES":5.100320106718,"TOTAL_PARENT_EQUITY":67611067346.7598,"DEBT_ASSET_RATIO":22.2118817431,"OPERATE_PROFIT":1310714699.69812,"PRETAX_PROFIT":1554123234.3502,"NETCASH_OPERATE":176731250.21664,"NETCASH_INVEST":-8564601811.33996,"NETCASH_FINANCE":-207261078.84596,"END_CASH":11092891160.5349,"DIVI_RATIO":1.213950990407,"DIVIDEND_RATE":2.959183673469,"CURRENT_RATIO":2.408215857782,"COMMON_ACS":null,"CURRENTDEBT_DEBT":80.281789410157,"ISSUED_COMMON_SHARES":2169931279,"HK_COMMON_SHARES":2169931279,"PER_SHARES":2000,"TOTAL_MARKET_CAP":42530653068.4,"HKSK_MARKET_CAP":42530653068.4,"PE_TTM":16.957995641308,"PB_TTM":0.448314005443,"REPORT_DATE_SQ":"2019-06-30 00:00:00","REPORT_TYPE_SQ":"2019年中报","OPERATE_INCOME_SQ":2861310545.46298,"DPS_HKD":0.58,"OPERATE_INCOME_QOQ_SQ":-27.904299995196,"NET_PROFIT_RATIO_SQ":87.1120671759,"HOLDER_PROFIT_SQ":1336405391.71086,"HOLDER_PROFIT_QOQ_SQ":4.670148648476,"ROE_AVG_SQ":1.894083330895,"PE_TTM_SQ":11.526201383231,"PB_TTM_SQ":0.413670360049,"ROA_SQ":0.804450251605,"START_DATE":"2020-07-01 00:00:00","FISCAL_YEAR":"6-30","CURRENCY":"HKD","IS_CNY_CODE":0,"DPS_HKD_LY":0.55,"ORG_TYPE":"一般企业","PREMIUM_INCOME":null,"PREMIUM_INCOME_YOY":null,"NET_INTEREST_INCOME":null,"NET_INTEREST_INCOME_YOY":null,"FEE_COMMISSION_INCOME":null,"FEE_COMMISSION_INCOME_YOY":null,"ACCOUNTS_RECE_TDAYS":2.702522287252,"INVENTORY_TDAYS":0.060861783469,"CURRENT_ASSETS_TDAYS":0.050822530805,"TOTAL_ASSETS_TDAYS":0.021829015587,"PREMIUM_EXPENSE":null,"LOAN_DEPOSIT":null,"LOAN_EQUITY":null,"LOAN_ASSETS":null,"DEPOSIT_EQUITY":null,"DEPOSIT_ASSETS":null,"EQUITY_MULTIPLIER":1.285543373986,"EQUITY_RATIO":0.523782531161},{"SECUCODE":"00247.HK","SECURITY_CODE":"00247","SECURITY_NAME_ABBR":"TST PROPERTIES","ORG_CODE":"10007507","STD_REPORT_DATE":"2019-12-31 00:00:00","REPORT_DATE":"2020-06-30 00:00:00","DATE_TYPE_CODE":"001","REPORT_TYPE":"2019年年报","PER_NETCASH_OPERATE":2.843419830275,"PER_OI":2.864395119185,"BPS":33.206082715519,"BASIC_EPS":0.4384512,"DILUTED_EPS":null,"OPERATE_INCOME":5420813943.93792,"OPERATE_INCOME_YOY":-26.3728632017,"GROSS_PROFIT":3164334620.59968,"GROSS_PROFIT_YOY":-20.230849168045,"HOLDER_PROFIT":823723074.1344,"HOLDER_PROFIT_YOY":-75.7244336945,"GROSS_PROFIT_RATIO":58.373791340659,"EPS_TTM":1.671549785693,"OPERATE_INCOME_QOQ":-16.773773420267,"NET_PROFIT_RATIO":28.1999029173,"ROE_AVG":1.150814991924,"GROSS_PROFIT_QOQ":-6.738992468949,"ROA":0.488020654407,"HOLDER_PROFIT_QOQ":-3.737907020912,"ROE_YEARLY":1.150814991924,"ROIC_YEARLY":1.180533821591,"TOTAL_ASSETS":171524188740.923,"TOTAL_LIABILITIES":38826017003.9174,"TAX_EBT":23.965802334221,"OCF_SALES":99.267723619221,"TOTAL_PARENT_EQUITY":72054917537.4653,"DEBT_ASSET_RATIO":22.6358843548,"OPERATE_PROFIT":710991349.69632,"PRETAX_PROFIT":2010495693.31776,"NETCASH_OPERATE":5381118603.78048,"NETCASH_INVEST":2885297077.1856,"NETCASH_FINANCE":-2119226944.24848,"END_CASH":21204547199.616,"DIVI_RATIO":0.316105092724,"DIVIDEND_RATE":2.959183673469,"CURRENT_RATIO":2.481543140746,"COMMON_ACS":null,"CURRENTDEBT_DEBT":76.478491416729,"ISSUED_COMMON_SHARES":2169931279,"HK_COMMON_SHARES":2169931279,"PER_SHARES":2000,"TOTAL_MARKET_CAP":42530653068.4,"HKSK_MARKET_CAP":42530653068.4,"PE_TTM":16.957995641308,"PB_TTM":0.448314005443,"REPORT_DATE_SQ":"2018-12-31 00:00:00","REPORT_TYPE_SQ":"2018年年报","OPERATE_INCOME_SQ":7090247703.85542,"DPS_HKD":0.58,"OPERATE_INCOME_QOQ_SQ":8.200977133604,"NET_PROFIT_RATIO_SQ":86.9446588852,"HOLDER_PROFIT_SQ":3267733873.59234,"HOLDER_PROFIT_QOQ_SQ":-49.468872540396,"ROE_AVG_SQ":4.891575649069,"PE_TTM_SQ":11.526201383231,"PB_TTM_SQ":0.413670360049,"ROA_SQ":2.172891322022,"START_DATE":"2019-07-01 00:00:00","FISCAL_YEAR":"6-30","CURRENCY":"HKD","IS_CNY_CODE":0,"DPS_HKD_LY":0.55,"ORG_TYPE":"一般企业","PREMIUM_INCOME":null,"PREMIUM_INCOME_YOY":null,"NET_INTEREST_INCOME":null,"NET_INTEREST_INCOME_YOY":null,"FEE_COMMISSION_INCOME":null,"FEE_COMMISSION_INCOME_YOY":null,"ACCOUNTS_RECE_TDAYS":4.204180017057,"INVENTORY_TDAYS":0.0841457136,"CURRENT_ASSETS_TDAYS":0.0763408566,"TOTAL_ASSETS_TDAYS":0.032116001741,"PREMIUM_EXPENSE":null,"LOAN_DEPOSIT":null,"LOAN_EQUITY":null,"LOAN_ASSETS":null,"DEPOSIT_EQUITY":null,"DEPOSIT_ASSETS":null,"EQUITY_MULTIPLIER":1.292588936951,"EQUITY_RATIO":0.538839239997}],"count":47},"success":true,"message":"ok","code":0}