{"version":"8a4c0e332eb27df0bd31b529ddaab1e5","result":{"pages":6,"data":[{"SECUCODE":"00242.HK","SECURITY_CODE":"00242","SECURITY_NAME_ABBR":"信德集团","ORG_CODE":"10007503","STD_REPORT_DATE":"2024-06-30 00:00:00","REPORT_DATE":"2024-06-30 00:00:00","DATE_TYPE_CODE":"002","REPORT_TYPE":"2024年中报","PER_NETCASH_OPERATE":0.217178066879,"PER_OI":0.654032405318,"BPS":9.340253791125,"BASIC_EPS":-0.12960056,"DILUTED_EPS":-0.12960056,"OPERATE_INCOME":1973648595.68,"OPERATE_INCOME_YOY":44.6329059063,"GROSS_PROFIT":892915001.92,"GROSS_PROFIT_YOY":30.394189143214,"HOLDER_PROFIT":-390725609.44,"HOLDER_PROFIT_YOY":-0.7948541669,"GROSS_PROFIT_RATIO":45.241843146467,"EPS_TTM":-0.202936538098,"OPERATE_INCOME_QOQ":16.143533865528,"NET_PROFIT_RATIO":-19.1054605924,"ROE_AVG":-1.367809409976,"GROSS_PROFIT_QOQ":12.429074638386,"ROA":-0.826839676175,"HOLDER_PROFIT_QOQ":0.141668490692,"ROE_YEARLY":-2.735618819952,"ROIC_YEARLY":-2.025168600355,"TOTAL_ASSETS":47213981418.6,"TOTAL_LIABILITIES":16974952660.92,"TAX_EBT":-9.263363341126,"OCF_SALES":33.206010147627,"TOTAL_PARENT_EQUITY":28185726927.68,"DEBT_ASSET_RATIO":35.9532328156,"OPERATE_PROFIT":182279536.92,"PRETAX_PROFIT":-345106212.32,"NETCASH_OPERATE":655369952.96,"NETCASH_INVEST":-528349539.32,"NETCASH_FINANCE":393698208.2,"END_CASH":4918415179.08,"DIVI_RATIO":null,"DIVIDEND_RATE":null,"CURRENT_RATIO":2.137729794478,"COMMON_ACS":null,"CURRENTDEBT_DEBT":49.248624349489,"ISSUED_COMMON_SHARES":3017661785,"HK_COMMON_SHARES":3017661785,"PER_SHARES":2000,"TOTAL_MARKET_CAP":1810597071,"HKSK_MARKET_CAP":1810597071,"PE_TTM":-2.662243414958,"PB_TTM":0.058628813761,"REPORT_DATE_SQ":"2023-06-30 00:00:00","REPORT_TYPE_SQ":"2023年中报","OPERATE_INCOME_SQ":1378496553.04,"DPS_HKD":null,"OPERATE_INCOME_QOQ_SQ":-7.613448194565,"NET_PROFIT_RATIO_SQ":-27.9403109257,"HOLDER_PROFIT_SQ":-391594409.36,"HOLDER_PROFIT_QOQ_SQ":-117.730342206539,"ROE_AVG_SQ":-1.301463275953,"PE_TTM_SQ":-2.117201178735,"PB_TTM_SQ":0.080464402416,"ROA_SQ":-0.785519717847,"START_DATE":"2024-01-01 00:00:00","FISCAL_YEAR":"12-31","CURRENCY":"HKD","IS_CNY_CODE":0,"DPS_HKD_LY":null,"ORG_TYPE":"一般企业","PREMIUM_INCOME":null,"PREMIUM_INCOME_YOY":null,"NET_INTEREST_INCOME":null,"NET_INTEREST_INCOME_YOY":null,"FEE_COMMISSION_INCOME":null,"FEE_COMMISSION_INCOME_YOY":null,"ACCOUNTS_RECE_TDAYS":2.468533412327,"INVENTORY_TDAYS":0.121125812573,"CURRENT_ASSETS_TDAYS":0.112300476515,"TOTAL_ASSETS_TDAYS":0.041765651555,"PREMIUM_EXPENSE":null,"LOAN_DEPOSIT":null,"LOAN_EQUITY":null,"LOAN_ASSETS":null,"DEPOSIT_EQUITY":null,"DEPOSIT_ASSETS":null,"EQUITY_MULTIPLIER":1.561359056767,"EQUITY_RATIO":0.602253498889},{"SECUCODE":"00242.HK","SECURITY_CODE":"00242","SECURITY_NAME_ABBR":"信德集团","ORG_CODE":"10007503","STD_REPORT_DATE":"2023-12-31 00:00:00","REPORT_DATE":"2023-12-31 00:00:00","DATE_TYPE_CODE":"001","REPORT_TYPE":"2023年年报","PER_NETCASH_OPERATE":0.515985565513,"PER_OI":1.221683634888,"BPS":9.52425467239,"BASIC_EPS":-0.20299328,"DILUTED_EPS":-0.20299328,"OPERATE_INCOME":3686628018.36,"OPERATE_INCOME_YOY":16.5413488602,"GROSS_PROFIT":1674571314.08,"GROSS_PROFIT_YOY":-1.695861903662,"HOLDER_PROFIT":-613262635.72,"HOLDER_PROFIT_YOY":-21.228830107,"GROSS_PROFIT_RATIO":45.422844554437,"EPS_TTM":-0.2032244431,"OPERATE_INCOME_QOQ":27.974127221796,"NET_PROFIT_RATIO":-15.5723822545,"ROE_AVG":-2.078794400864,"GROSS_PROFIT_QOQ":46.786200592105,"ROA":-1.266759442733,"HOLDER_PROFIT_QOQ":43.514386121381,"ROE_YEARLY":-2.078794400864,"ROIC_YEARLY":-1.521858349059,"TOTAL_ASSETS":46961860067.78,"TOTAL_LIABILITIES":16090407334.4,"TAX_EBT":-10.418838129434,"OCF_SALES":42.235612459558,"TOTAL_PARENT_EQUITY":28740979355.48,"DEBT_ASSET_RATIO":34.2627129998,"OPERATE_PROFIT":361487533.12,"PRETAX_PROFIT":-519925600.6,"NETCASH_OPERATE":1557069922.66,"NETCASH_INVEST":-840295213.66,"NETCASH_FINANCE":-1215970527.1,"END_CASH":4427354121.96,"DIVI_RATIO":null,"DIVIDEND_RATE":null,"CURRENT_RATIO":3.632794001692,"COMMON_ACS":null,"CURRENTDEBT_DEBT":29.349762777998,"ISSUED_COMMON_SHARES":3017661785,"HK_COMMON_SHARES":3017661785,"PER_SHARES":2000,"TOTAL_MARKET_CAP":2021833395.95,"HKSK_MARKET_CAP":2021833395.95,"PE_TTM":-2.972838480037,"PB_TTM":0.065468842033,"REPORT_DATE_SQ":"2022-12-31 00:00:00","REPORT_TYPE_SQ":"2022年年报","OPERATE_INCOME_SQ":3118159920.75,"DPS_HKD":null,"OPERATE_INCOME_QOQ_SQ":-21.703138235872,"NET_PROFIT_RATIO_SQ":-13.6470217505,"HOLDER_PROFIT_SQ":-498642965.94,"HOLDER_PROFIT_QOQ_SQ":-184.332233961893,"ROE_AVG_SQ":-1.623750879891,"PE_TTM_SQ":-2.465916666997,"PB_TTM_SQ":0.093717362814,"ROA_SQ":-0.97440274865,"START_DATE":"2023-01-01 00:00:00","FISCAL_YEAR":"12-31","CURRENCY":"HKD","IS_CNY_CODE":0,"DPS_HKD_LY":null,"ORG_TYPE":"一般企业","PREMIUM_INCOME":null,"PREMIUM_INCOME_YOY":null,"NET_INTEREST_INCOME":null,"NET_INTEREST_INCOME_YOY":null,"FEE_COMMISSION_INCOME":null,"FEE_COMMISSION_INCOME_YOY":null,"ACCOUNTS_RECE_TDAYS":4.438131727747,"INVENTORY_TDAYS":0.198746049291,"CURRENT_ASSETS_TDAYS":0.209681044356,"TOTAL_ASSETS_TDAYS":0.076151237367,"PREMIUM_EXPENSE":null,"LOAN_DEPOSIT":null,"LOAN_EQUITY":null,"LOAN_ASSETS":null,"DEPOSIT_EQUITY":null,"DEPOSIT_ASSETS":null,"EQUITY_MULTIPLIER":1.52120667833,"EQUITY_RATIO":0.559841998959},{"SECUCODE":"00242.HK","SECURITY_CODE":"00242","SECURITY_NAME_ABBR":"信德集团","ORG_CODE":"10007503","STD_REPORT_DATE":"2023-06-30 00:00:00","REPORT_DATE":"2023-06-30 00:00:00","DATE_TYPE_CODE":"002","REPORT_TYPE":"2023年中报","PER_NETCASH_OPERATE":0.148073958282,"PER_OI":0.456398417141,"BPS":9.739499411754,"BASIC_EPS":-0.12999918,"DILUTED_EPS":-0.12999918,"OPERATE_INCOME":1378496553.04,"OPERATE_INCOME_YOY":-20.871418463,"GROSS_PROFIT":684781283.42,"GROSS_PROFIT_YOY":-22.227320669989,"HOLDER_PROFIT":-391594409.36,"HOLDER_PROFIT_YOY":-285.8319806438,"GROSS_PROFIT_RATIO":49.675951812128,"EPS_TTM":-0.35945712573,"OPERATE_INCOME_QOQ":-7.613448194565,"NET_PROFIT_RATIO":-27.9403109257,"ROE_AVG":-1.301463275953,"GROSS_PROFIT_QOQ":-14.64307477115,"ROA":-0.785519717847,"HOLDER_PROFIT_QOQ":-117.730342206539,"ROE_YEARLY":-2.602926551906,"ROIC_YEARLY":-1.891794585071,"TOTAL_ASSETS":48974130091.4,"TOTAL_LIABILITIES":17450581912.22,"TAX_EBT":-0.325653889475,"OCF_SALES":32.444012231565,"TOTAL_PARENT_EQUITY":29390515179.88,"DEBT_ASSET_RATIO":35.6322447783,"OPERATE_PROFIT":-107666980.44,"PRETAX_PROFIT":-383906018.14,"NETCASH_OPERATE":447239590.28,"NETCASH_INVEST":-1295964591.36,"NETCASH_FINANCE":203504035.5,"END_CASH":4320352181,"DIVI_RATIO":null,"DIVIDEND_RATE":null,"CURRENT_RATIO":3.603948261609,"COMMON_ACS":null,"CURRENTDEBT_DEBT":29.443640872182,"ISSUED_COMMON_SHARES":3017661785,"HK_COMMON_SHARES":3017661785,"PER_SHARES":2000,"TOTAL_MARKET_CAP":2021833395.95,"HKSK_MARKET_CAP":2021833395.95,"PE_TTM":-2.972838480037,"PB_TTM":0.065468842033,"REPORT_DATE_SQ":"2022-06-30 00:00:00","REPORT_TYPE_SQ":"2022年中报","OPERATE_INCOME_SQ":1615896043.23,"DPS_HKD":null,"OPERATE_INCOME_QOQ_SQ":0.852005599015,"NET_PROFIT_RATIO_SQ":16.1789494352,"HOLDER_PROFIT_SQ":195459660.83,"HOLDER_PROFIT_QOQ_SQ":-24.85750586103,"ROE_AVG_SQ":0.656382478654,"PE_TTM_SQ":-2.465916666997,"PB_TTM_SQ":0.093717362814,"ROA_SQ":0.389484025049,"START_DATE":"2023-01-01 00:00:00","FISCAL_YEAR":"12-31","CURRENCY":"HKD","IS_CNY_CODE":0,"DPS_HKD_LY":null,"ORG_TYPE":"一般企业","PREMIUM_INCOME":null,"PREMIUM_INCOME_YOY":null,"NET_INTEREST_INCOME":null,"NET_INTEREST_INCOME_YOY":null,"FEE_COMMISSION_INCOME":null,"FEE_COMMISSION_INCOME_YOY":null,"ACCOUNTS_RECE_TDAYS":null,"INVENTORY_TDAYS":0.064082038609,"CURRENT_ASSETS_TDAYS":0.074839232959,"TOTAL_ASSETS_TDAYS":0.027651983724,"PREMIUM_EXPENSE":null,"LOAN_DEPOSIT":null,"LOAN_EQUITY":null,"LOAN_ASSETS":null,"DEPOSIT_EQUITY":null,"DEPOSIT_ASSETS":null,"EQUITY_MULTIPLIER":1.553572897728,"EQUITY_RATIO":0.593748758925},{"SECUCODE":"00242.HK","SECURITY_CODE":"00242","SECURITY_NAME_ABBR":"信德集团","ORG_CODE":"10007503","STD_REPORT_DATE":"2022-12-31 00:00:00","REPORT_DATE":"2022-12-31 00:00:00","DATE_TYPE_CODE":"001","REPORT_TYPE":"2022年年报","PER_NETCASH_OPERATE":0.291299532453,"PER_OI":1.032373457217,"BPS":9.884590047579,"BASIC_EPS":-0.16525495,"DILUTED_EPS":-0.16525495,"OPERATE_INCOME":3118159920.75,"OPERATE_INCOME_YOY":-27.7251783409,"GROSS_PROFIT":1703459637.11,"GROSS_PROFIT_YOY":-21.425852329173,"HOLDER_PROFIT":-498642965.94,"HOLDER_PROFIT_YOY":-158.0012489207,"GROSS_PROFIT_RATIO":54.630284539745,"EPS_TTM":-0.165092803367,"OPERATE_INCOME_QOQ":-21.703138235872,"NET_PROFIT_RATIO":-13.6470217505,"ROE_AVG":-1.623750879891,"GROSS_PROFIT_QOQ":9.191407910694,"ROA":-0.97440274865,"HOLDER_PROFIT_QOQ":-184.332233961893,"ROE_YEARLY":-1.623750879891,"ROIC_YEARLY":-1.175438605357,"TOTAL_ASSETS":49149456383.23,"TOTAL_LIABILITIES":17189296442.78,"TAX_EBT":-18.761872946385,"OCF_SALES":28.216487978858,"TOTAL_PARENT_EQUITY":29828349646.97,"DEBT_ASSET_RATIO":34.9735230208,"OPERATE_PROFIT":326058735.59,"PRETAX_PROFIT":-358310248.94,"NETCASH_OPERATE":879835219.2,"NETCASH_INVEST":-116427918.53,"NETCASH_FINANCE":-1423888458.86,"END_CASH":4891466125.7,"DIVI_RATIO":null,"DIVIDEND_RATE":null,"CURRENT_RATIO":3.018619489718,"COMMON_ACS":null,"CURRENTDEBT_DEBT":34.210169934035,"ISSUED_COMMON_SHARES":3017661785,"HK_COMMON_SHARES":3017661785,"PER_SHARES":2000,"TOTAL_MARKET_CAP":1810597071,"HKSK_MARKET_CAP":1810597071,"PE_TTM":-2.662243414958,"PB_TTM":0.058628813761,"REPORT_DATE_SQ":"2021-12-31 00:00:00","REPORT_TYPE_SQ":"2021年年报","OPERATE_INCOME_SQ":3948839574.4,"DPS_HKD":null,"OPERATE_INCOME_QOQ_SQ":25.243193073154,"NET_PROFIT_RATIO_SQ":24.4488067193,"HOLDER_PROFIT_SQ":786883585.6,"HOLDER_PROFIT_QOQ_SQ":-9.233099227535,"ROE_AVG_SQ":2.73225079994,"PE_TTM_SQ":-2.167017677058,"PB_TTM_SQ":0.082357682473,"ROA_SQ":1.597497149176,"START_DATE":"2022-01-01 00:00:00","FISCAL_YEAR":"12-31","CURRENCY":"HKD","IS_CNY_CODE":0,"DPS_HKD_LY":null,"ORG_TYPE":"一般企业","PREMIUM_INCOME":null,"PREMIUM_INCOME_YOY":null,"NET_INTEREST_INCOME":null,"NET_INTEREST_INCOME_YOY":null,"FEE_COMMISSION_INCOME":null,"FEE_COMMISSION_INCOME_YOY":null,"ACCOUNTS_RECE_TDAYS":3.585644172535,"INVENTORY_TDAYS":0.125451273261,"CURRENT_ASSETS_TDAYS":0.167286825242,"TOTAL_ASSETS_TDAYS":0.060932246217,"PREMIUM_EXPENSE":null,"LOAN_DEPOSIT":null,"LOAN_EQUITY":null,"LOAN_ASSETS":null,"DEPOSIT_EQUITY":null,"DEPOSIT_ASSETS":null,"EQUITY_MULTIPLIER":1.537835119562,"EQUITY_RATIO":0.576273801475},{"SECUCODE":"00242.HK","SECURITY_CODE":"00242","SECURITY_NAME_ABBR":"信德集团","ORG_CODE":"10007503","STD_REPORT_DATE":"2022-06-30 00:00:00","REPORT_DATE":"2022-06-30 00:00:00","DATE_TYPE_CODE":"002","REPORT_TYPE":"2022年中报","PER_NETCASH_OPERATE":0.163660519202,"PER_OI":0.534997635481,"BPS":9.713819753926,"BASIC_EPS":0.06499444,"DILUTED_EPS":0.06499444,"OPERATE_INCOME":1615896043.23,"OPERATE_INCOME_YOY":-0.6334266251,"GROSS_PROFIT":880490796.15,"GROSS_PROFIT_YOY":-12.419027587438,"HOLDER_PROFIT":195459660.83,"HOLDER_PROFIT_YOY":-51.3685746992,"GROSS_PROFIT_RATIO":54.48932187432,"EPS_TTM":0.195764769426,"OPERATE_INCOME_QOQ":0.852005599015,"NET_PROFIT_RATIO":16.1789494352,"ROE_AVG":0.656382478654,"GROSS_PROFIT_QOQ":-7.410081263355,"ROA":0.389484025049,"HOLDER_PROFIT_QOQ":-24.85750586103,"ROE_YEARLY":1.312764957308,"ROIC_YEARLY":0.950980456099,"TOTAL_ASSETS":49437403338.82,"TOTAL_LIABILITIES":17905818561.75,"TAX_EBT":16.763370916843,"OCF_SALES":30.590886454052,"TOTAL_PARENT_EQUITY":29313022657.8,"DEBT_ASSET_RATIO":36.2191728377,"OPERATE_PROFIT":296442206.41,"PRETAX_PROFIT":314086486.49,"NETCASH_OPERATE":494316923.8,"NETCASH_INVEST":427512901.76,"NETCASH_FINANCE":415387162.75,"END_CASH":6656640749.85,"DIVI_RATIO":null,"DIVIDEND_RATE":null,"CURRENT_RATIO":4.743499943534,"COMMON_ACS":null,"CURRENTDEBT_DEBT":21.441868962034,"ISSUED_COMMON_SHARES":3017661785,"HK_COMMON_SHARES":3017661785,"PER_SHARES":2000,"TOTAL_MARKET_CAP":1810597071,"HKSK_MARKET_CAP":1810597071,"PE_TTM":-2.662243414958,"PB_TTM":0.058628813761,"REPORT_DATE_SQ":"2021-06-30 00:00:00","REPORT_TYPE_SQ":"2021年中报","OPERATE_INCOME_SQ":1582251708.96,"DPS_HKD":null,"OPERATE_INCOME_QOQ_SQ":-10.598883697421,"NET_PROFIT_RATIO_SQ":31.5624207888,"HOLDER_PROFIT_SQ":391059294.24,"HOLDER_PROFIT_QOQ_SQ":292.488180206533,"ROE_AVG_SQ":1.328811656248,"PE_TTM_SQ":-2.167017677058,"PB_TTM_SQ":0.082357682473,"ROA_SQ":0.76889707619,"START_DATE":"2022-01-01 00:00:00","FISCAL_YEAR":"12-31","CURRENCY":"HKD","IS_CNY_CODE":0,"DPS_HKD_LY":null,"ORG_TYPE":"一般企业","PREMIUM_INCOME":null,"PREMIUM_INCOME_YOY":null,"NET_INTEREST_INCOME":null,"NET_INTEREST_INCOME_YOY":null,"FEE_COMMISSION_INCOME":null,"FEE_COMMISSION_INCOME_YOY":null,"ACCOUNTS_RECE_TDAYS":null,"INVENTORY_TDAYS":0.067550214791,"CURRENT_ASSETS_TDAYS":0.087564209894,"TOTAL_ASSETS_TDAYS":0.032199262615,"PREMIUM_EXPENSE":null,"LOAN_DEPOSIT":null,"LOAN_EQUITY":null,"LOAN_ASSETS":null,"DEPOSIT_EQUITY":null,"DEPOSIT_ASSETS":null,"EQUITY_MULTIPLIER":1.567869286887,"EQUITY_RATIO":0.610848590089},{"SECUCODE":"00242.HK","SECURITY_CODE":"00242","SECURITY_NAME_ABBR":"信德集团","ORG_CODE":"10007503","STD_REPORT_DATE":"2021-12-31 00:00:00","REPORT_DATE":"2021-12-31 00:00:00","DATE_TYPE_CODE":"001","REPORT_TYPE":"2021年年报","PER_NETCASH_OPERATE":0.562257787194,"PER_OI":1.307398358978,"BPS":9.58167373578,"BASIC_EPS":0.2608144,"DILUTED_EPS":0.2608144,"OPERATE_INCOME":3948839574.4,"OPERATE_INCOME_YOY":15.2610463811,"GROSS_PROFIT":2167964512,"GROSS_PROFIT_YOY":-6.314905846121,"HOLDER_PROFIT":786883585.6,"HOLDER_PROFIT_YOY":266.7242036275,"GROSS_PROFIT_RATIO":54.901306349712,"EPS_TTM":0.260524715967,"OPERATE_INCOME_QOQ":25.243193073154,"NET_PROFIT_RATIO":24.4488067193,"ROE_AVG":2.73225079994,"GROSS_PROFIT_QOQ":8.078937755877,"ROA":1.597497149176,"HOLDER_PROFIT_QOQ":-9.233099227535,"ROE_YEARLY":2.73225079994,"ROIC_YEARLY":1.895595502955,"TOTAL_ASSETS":48692424726.4,"TOTAL_LIABILITIES":17445540000,"TAX_EBT":27.855207833103,"OCF_SALES":43.005850767134,"TOTAL_PARENT_EQUITY":28914250668.8,"DEBT_ASSET_RATIO":35.8280371085,"OPERATE_PROFIT":1567763534.4,"PRETAX_PROFIT":1338203529.6,"NETCASH_OPERATE":1698232054.4,"NETCASH_INVEST":202540777.6,"NETCASH_FINANCE":-637281590.4,"END_CASH":5135637483.2,"DIVI_RATIO":null,"DIVIDEND_RATE":null,"CURRENT_RATIO":5.239907174335,"COMMON_ACS":null,"CURRENTDEBT_DEBT":19.553002929115,"ISSUED_COMMON_SHARES":3017661785,"HK_COMMON_SHARES":3017661785,"PER_SHARES":2000,"TOTAL_MARKET_CAP":1810597071,"HKSK_MARKET_CAP":1810597071,"PE_TTM":-2.662243414958,"PB_TTM":0.058628813761,"REPORT_DATE_SQ":"2020-12-31 00:00:00","REPORT_TYPE_SQ":"2020年年报","OPERATE_INCOME_SQ":3526731666.76,"DPS_HKD":null,"OPERATE_INCOME_QOQ_SQ":-24.807341580427,"NET_PROFIT_RATIO_SQ":15.1070959206,"HOLDER_PROFIT_SQ":220880001.6,"HOLDER_PROFIT_QOQ_SQ":239.378782895639,"ROE_AVG_SQ":0.740883681643,"PE_TTM_SQ":-2.167017677058,"PB_TTM_SQ":0.082357682473,"ROA_SQ":0.415694251018,"START_DATE":"2021-01-01 00:00:00","FISCAL_YEAR":"12-31","CURRENCY":"HKD","IS_CNY_CODE":0,"DPS_HKD_LY":null,"ORG_TYPE":"一般企业","PREMIUM_INCOME":null,"PREMIUM_INCOME_YOY":null,"NET_INTEREST_INCOME":null,"NET_INTEREST_INCOME_YOY":null,"FEE_COMMISSION_INCOME":null,"FEE_COMMISSION_INCOME_YOY":null,"ACCOUNTS_RECE_TDAYS":null,"INVENTORY_TDAYS":0.141949773997,"CURRENT_ASSETS_TDAYS":0.210912497253,"TOTAL_ASSETS_TDAYS":0.08016763951,"PREMIUM_EXPENSE":null,"LOAN_DEPOSIT":null,"LOAN_EQUITY":null,"LOAN_ASSETS":null,"DEPOSIT_EQUITY":null,"DEPOSIT_ASSETS":null,"EQUITY_MULTIPLIER":1.558312937522,"EQUITY_RATIO":0.603354387421},{"SECUCODE":"00242.HK","SECURITY_CODE":"00242","SECURITY_NAME_ABBR":"信德集团","ORG_CODE":"10007503","STD_REPORT_DATE":"2021-06-30 00:00:00","REPORT_DATE":"2021-06-30 00:00:00","DATE_TYPE_CODE":"002","REPORT_TYPE":"2021年中报","PER_NETCASH_OPERATE":0.329115958853,"PER_OI":0.523858528261,"BPS":9.830478692747,"BASIC_EPS":0.12980448,"DILUTED_EPS":0.12980448,"OPERATE_INCOME":1582251708.96,"OPERATE_INCOME_YOY":-11.2003048464,"GROSS_PROFIT":1005344850.48,"GROSS_PROFIT_YOY":-23.462595607201,"HOLDER_PROFIT":391059294.24,"HOLDER_PROFIT_YOY":268.3591734969,"GROSS_PROFIT_RATIO":63.538869624025,"EPS_TTM":0.287026122683,"OPERATE_INCOME_QOQ":-10.598883697421,"NET_PROFIT_RATIO":31.5624207888,"ROE_AVG":1.328811656248,"GROSS_PROFIT_QOQ":-13.317898844001,"ROA":0.76889707619,"HOLDER_PROFIT_QOQ":292.488180206533,"ROE_YEARLY":2.657623312496,"ROIC_YEARLY":1.799622163128,"TOTAL_ASSETS":51015046133.28,"TOTAL_LIABILITIES":19053502867.44,"TAX_EBT":20.105668675854,"OCF_SALES":62.825350948326,"TOTAL_PARENT_EQUITY":29665059879.36,"DEBT_ASSET_RATIO":37.3487908208,"OPERATE_PROFIT":602782050.24,"PRETAX_PROFIT":625071809.28,"NETCASH_OPERATE":994055189.04,"NETCASH_INVEST":339394614.96,"NETCASH_FINANCE":-10062343.44,"END_CASH":5241657173.04,"DIVI_RATIO":null,"DIVIDEND_RATE":null,"CURRENT_RATIO":3.667138531473,"COMMON_ACS":null,"CURRENTDEBT_DEBT":27.829544309678,"ISSUED_COMMON_SHARES":3017661785,"HK_COMMON_SHARES":3017661785,"PER_SHARES":2000,"TOTAL_MARKET_CAP":1810597071,"HKSK_MARKET_CAP":1810597071,"PE_TTM":-2.662243414958,"PB_TTM":0.058628813761,"REPORT_DATE_SQ":"2020-06-30 00:00:00","REPORT_TYPE_SQ":"2020年中报","OPERATE_INCOME_SQ":1956045896.64,"DPS_HKD":null,"OPERATE_INCOME_QOQ_SQ":-64.257725802454,"NET_PROFIT_RATIO_SQ":-10.248920569,"HOLDER_PROFIT_SQ":-254988602.88,"HOLDER_PROFIT_QOQ_SQ":-105.119296332819,"ROE_AVG_SQ":-0.795394682114,"PE_TTM_SQ":-2.167017677058,"PB_TTM_SQ":0.082357682473,"ROA_SQ":-0.434227486331,"START_DATE":"2021-01-01 00:00:00","FISCAL_YEAR":"12-31","CURRENCY":"HKD","IS_CNY_CODE":0,"DPS_HKD_LY":null,"ORG_TYPE":"一般企业","PREMIUM_INCOME":null,"PREMIUM_INCOME_YOY":null,"NET_INTEREST_INCOME":null,"NET_INTEREST_INCOME_YOY":null,"FEE_COMMISSION_INCOME":null,"FEE_COMMISSION_INCOME_YOY":null,"ACCOUNTS_RECE_TDAYS":null,"INVENTORY_TDAYS":0.04354899591,"CURRENT_ASSETS_TDAYS":0.080392989892,"TOTAL_ASSETS_TDAYS":0.031110083068,"PREMIUM_EXPENSE":null,"LOAN_DEPOSIT":null,"LOAN_EQUITY":null,"LOAN_ASSETS":null,"DEPOSIT_EQUITY":null,"DEPOSIT_ASSETS":null,"EQUITY_MULTIPLIER":1.596138387592,"EQUITY_RATIO":0.642287692825},{"SECUCODE":"00242.HK","SECURITY_CODE":"00242","SECURITY_NAME_ABBR":"信德集团","ORG_CODE":"10007503","STD_REPORT_DATE":"2020-12-31 00:00:00","REPORT_DATE":"2020-12-31 00:00:00","DATE_TYPE_CODE":"001","REPORT_TYPE":"2020年年报","PER_NETCASH_OPERATE":0.286012996033,"PER_OI":1.167220010628,"BPS":9.785341197924,"BASIC_EPS":0.07322268,"DILUTED_EPS":0.07322268,"OPERATE_INCOME":3526731666.76,"OPERATE_INCOME_YOY":-71.3956149366,"GROSS_PROFIT":2314097596.4,"GROSS_PROFIT_YOY":-69.564161274089,"HOLDER_PROFIT":220880001.6,"HOLDER_PROFIT_YOY":-92.4058017314,"GROSS_PROFIT_RATIO":65.615924744452,"EPS_TTM":0.073103253147,"OPERATE_INCOME_QOQ":-24.807341580427,"NET_PROFIT_RATIO":15.1070959206,"ROE_AVG":0.740883681643,"GROSS_PROFIT_QOQ":-20.146102209649,"ROA":0.415694251018,"HOLDER_PROFIT_QOQ":239.378782895639,"ROE_YEARLY":0.740883681643,"ROIC_YEARLY":0.519642852263,"TOTAL_ASSETS":51287054553.8,"TOTAL_LIABILITIES":19375811893.44,"TAX_EBT":32.892262352779,"OCF_SALES":24.503777645038,"TOTAL_PARENT_EQUITY":29528850186.16,"DEBT_ASSET_RATIO":37.7791473151,"OPERATE_PROFIT":1470041247.96,"PRETAX_PROFIT":793927428.4,"NETCASH_OPERATE":864182485.76,"NETCASH_INVEST":-561501809.28,"NETCASH_FINANCE":-4934191930.88,"END_CASH":3955913360.16,"DIVI_RATIO":null,"DIVIDEND_RATE":null,"CURRENT_RATIO":3.925225174702,"COMMON_ACS":null,"CURRENTDEBT_DEBT":26.489920550776,"ISSUED_COMMON_SHARES":3017661785,"HK_COMMON_SHARES":3017661785,"PER_SHARES":2000,"TOTAL_MARKET_CAP":1810597071,"HKSK_MARKET_CAP":1810597071,"PE_TTM":-2.662243414958,"PB_TTM":0.058628813761,"REPORT_DATE_SQ":"2019-12-31 00:00:00","REPORT_TYPE_SQ":"2019年年报","OPERATE_INCOME_SQ":13122446043.52,"DPS_HKD":null,"OPERATE_INCOME_QOQ_SQ":-9.38137827452,"NET_PROFIT_RATIO_SQ":34.8753145568,"HOLDER_PROFIT_SQ":3095632940.88,"HOLDER_PROFIT_QOQ_SQ":-54.558387781347,"ROE_AVG_SQ":10.066943591929,"PE_TTM_SQ":-2.167017677058,"PB_TTM_SQ":0.082357682473,"ROA_SQ":5.311675705515,"START_DATE":"2020-01-01 00:00:00","FISCAL_YEAR":"12-31","CURRENCY":"HKD","IS_CNY_CODE":0,"DPS_HKD_LY":0.18,"ORG_TYPE":"一般企业","PREMIUM_INCOME":null,"PREMIUM_INCOME_YOY":null,"NET_INTEREST_INCOME":null,"NET_INTEREST_INCOME_YOY":null,"FEE_COMMISSION_INCOME":null,"FEE_COMMISSION_INCOME_YOY":null,"ACCOUNTS_RECE_TDAYS":null,"INVENTORY_TDAYS":0.080457327181,"CURRENT_ASSETS_TDAYS":0.15057908301,"TOTAL_ASSETS_TDAYS":0.066372784686,"PREMIUM_EXPENSE":null,"LOAN_DEPOSIT":null,"LOAN_EQUITY":null,"LOAN_ASSETS":null,"DEPOSIT_EQUITY":null,"DEPOSIT_ASSETS":null,"EQUITY_MULTIPLIER":1.607178231813,"EQUITY_RATIO":0.6561654711},{"SECUCODE":"00242.HK","SECURITY_CODE":"00242","SECURITY_NAME_ABBR":"信德集团","ORG_CODE":"10007503","STD_REPORT_DATE":"2020-06-30 00:00:00","REPORT_DATE":"2020-06-30 00:00:00","DATE_TYPE_CODE":"002","REPORT_TYPE":"2020年中报","PER_NETCASH_OPERATE":0.102208921209,"PER_OI":0.647380103733,"BPS":10.422445759885,"BASIC_EPS":-0.08403648,"DILUTED_EPS":-0.08403648,"OPERATE_INCOME":1956045896.64,"OPERATE_INCOME_YOY":-81.8668919793,"GROSS_PROFIT":1313534027.52,"GROSS_PROFIT_YOY":-78.176217695178,"HOLDER_PROFIT":-254988602.88,"HOLDER_PROFIT_YOY":-108.1876995032,"GROSS_PROFIT_RATIO":67.152515683621,"EPS_TTM":-0.052449341017,"OPERATE_INCOME_QOQ":-64.257725802454,"NET_PROFIT_RATIO":-10.248920569,"ROE_AVG":-0.795394682114,"GROSS_PROFIT_QOQ":-61.885594106104,"ROA":-0.434227486331,"HOLDER_PROFIT_QOQ":-105.119296332819,"ROE_YEARLY":-1.590789364229,"ROIC_YEARLY":-1.132407462153,"TOTAL_ASSETS":57770738419.68,"TOTAL_LIABILITIES":22662082850.88,"TAX_EBT":-75.727222502462,"OCF_SALES":15.788085024512,"TOTAL_PARENT_EQUITY":31451416275.84,"DEBT_ASSET_RATIO":39.2276150016,"OPERATE_PROFIT":310048939.2,"PRETAX_PROFIT":-114082261.92,"NETCASH_OPERATE":308822189.28,"NETCASH_INVEST":12363410.4,"NETCASH_FINANCE":-2113664535.84,"END_CASH":7499217258.72,"DIVI_RATIO":null,"DIVIDEND_RATE":null,"CURRENT_RATIO":3.65977111701,"COMMON_ACS":null,"CURRENTDEBT_DEBT":31.476292928843,"ISSUED_COMMON_SHARES":3017661785,"HK_COMMON_SHARES":3017661785,"PER_SHARES":2000,"TOTAL_MARKET_CAP":1810597071,"HKSK_MARKET_CAP":1810597071,"PE_TTM":-2.662243414958,"PB_TTM":0.058628813761,"REPORT_DATE_SQ":"2019-06-30 00:00:00","REPORT_TYPE_SQ":"2019年中报","OPERATE_INCOME_SQ":10388231293.86,"DPS_HKD":null,"OPERATE_INCOME_QOQ_SQ":150.72892308635,"NET_PROFIT_RATIO_SQ":42.0172420699,"HOLDER_PROFIT_SQ":2999118961.62,"HOLDER_PROFIT_QOQ_SQ":67.297457521192,"ROE_AVG_SQ":10.01054505139,"PE_TTM_SQ":-2.167017677058,"PB_TTM_SQ":0.082357682473,"ROA_SQ":5.201255203371,"START_DATE":"2020-01-01 00:00:00","FISCAL_YEAR":"12-31","CURRENCY":"HKD","IS_CNY_CODE":0,"DPS_HKD_LY":0.18,"ORG_TYPE":"一般企业","PREMIUM_INCOME":null,"PREMIUM_INCOME_YOY":null,"NET_INTEREST_INCOME":null,"NET_INTEREST_INCOME_YOY":null,"FEE_COMMISSION_INCOME":null,"FEE_COMMISSION_INCOME_YOY":null,"ACCOUNTS_RECE_TDAYS":null,"INVENTORY_TDAYS":0.039873403568,"CURRENT_ASSETS_TDAYS":0.071027311457,"TOTAL_ASSETS_TDAYS":0.033310072813,"PREMIUM_EXPENSE":null,"LOAN_DEPOSIT":null,"LOAN_EQUITY":null,"LOAN_ASSETS":null,"DEPOSIT_EQUITY":null,"DEPOSIT_ASSETS":null,"EQUITY_MULTIPLIER":1.645484211334,"EQUITY_RATIO":0.720542523495}],"count":49},"success":true,"message":"ok","code":0}