{"version":"c443f1bdc87dfc6bef03fcc4acc4f572","result":{"pages":6,"data":[{"SECUCODE":"00240.HK","SECURITY_CODE":"00240","SECURITY_NAME_ABBR":"利基控股","ORG_CODE":"10007501","STD_REPORT_DATE":"2024-06-30 00:00:00","REPORT_DATE":"2024-06-30 00:00:00","DATE_TYPE_CODE":"002","REPORT_TYPE":"2024年中报","PER_NETCASH_OPERATE":0.024302308628,"PER_OI":4.756643362595,"BPS":1.776202000333,"BASIC_EPS":0.10860892,"DILUTED_EPS":null,"OPERATE_INCOME":5907170707.8,"OPERATE_INCOME_YOY":8.3501826557,"GROSS_PROFIT":481281719.04,"GROSS_PROFIT_YOY":-22.928540395224,"HOLDER_PROFIT":135257350.64,"HOLDER_PROFIT_YOY":-40.7804932628,"GROSS_PROFIT_RATIO":8.147415113711,"EPS_TTM":0.268658834273,"OPERATE_INCOME_QOQ":3.526441979707,"NET_PROFIT_RATIO":2.2501152984,"ROE_AVG":6.183500137795,"GROSS_PROFIT_QOQ":-12.091299797106,"ROA":1.846580599316,"HOLDER_PROFIT_QOQ":-22.248294984775,"ROE_YEARLY":12.367000275591,"ROIC_YEARLY":4.379598067454,"TOTAL_ASSETS":7058056537.08,"TOTAL_LIABILITIES":4831860258.6,"TAX_EBT":13.254669779853,"OCF_SALES":0.510912985808,"TOTAL_PARENT_EQUITY":2205826173.56,"DEBT_ASSET_RATIO":68.4587922074,"OPERATE_PROFIT":198973366.8,"PRETAX_PROFIT":153228019.84,"NETCASH_OPERATE":30180502.24,"NETCASH_INVEST":-17353697.52,"NETCASH_FINANCE":-169356900.8,"END_CASH":1032467424.64,"DIVI_RATIO":0.371765180439,"DIVIDEND_RATE":11.827956989247,"CURRENT_RATIO":1.31065105461,"COMMON_ACS":1700000000,"CURRENTDEBT_DEBT":98.695955626452,"ISSUED_COMMON_SHARES":1241877992,"HK_COMMON_SHARES":1241877992,"PER_SHARES":10000,"TOTAL_MARKET_CAP":1154946532.56,"HKSK_MARKET_CAP":1154946532.56,"PE_TTM":3.109174866367,"PB_TTM":0.477869296308,"REPORT_DATE_SQ":"2023-06-30 00:00:00","REPORT_TYPE_SQ":"2023年中报","OPERATE_INCOME_SQ":5507478877.32,"DPS_HKD":0.11,"OPERATE_INCOME_QOQ_SQ":4.678314986354,"NET_PROFIT_RATIO_SQ":4.134219375,"HOLDER_PROFIT_SQ":230727338.96,"HOLDER_PROFIT_QOQ_SQ":15.557582726345,"ROE_AVG_SQ":11.668144308964,"PE_TTM_SQ":2.712183218958,"PB_TTM_SQ":0.59929320392,"ROA_SQ":3.35618673714,"START_DATE":"2024-01-01 00:00:00","FISCAL_YEAR":"12-31","CURRENCY":"HKD","IS_CNY_CODE":0,"DPS_HKD_LY":0.11,"ORG_TYPE":"一般企业","PREMIUM_INCOME":null,"PREMIUM_INCOME_YOY":null,"NET_INTEREST_INCOME":null,"NET_INTEREST_INCOME_YOY":null,"FEE_COMMISSION_INCOME":null,"FEE_COMMISSION_INCOME_YOY":null,"ACCOUNTS_RECE_TDAYS":7.049632968616,"INVENTORY_TDAYS":12.763030835189,"CURRENT_ASSETS_TDAYS":0.960744657322,"TOTAL_ASSETS_TDAYS":0.80646758008,"PREMIUM_EXPENSE":null,"LOAN_DEPOSIT":null,"LOAN_EQUITY":null,"LOAN_ASSETS":null,"DEPOSIT_EQUITY":null,"DEPOSIT_ASSETS":null,"EQUITY_MULTIPLIER":3.17045563561,"EQUITY_RATIO":2.190499104833},{"SECUCODE":"00240.HK","SECURITY_CODE":"00240","SECURITY_NAME_ABBR":"利基控股","ORG_CODE":"10007501","STD_REPORT_DATE":"2023-12-31 00:00:00","REPORT_DATE":"2023-12-31 00:00:00","DATE_TYPE_CODE":"001","REPORT_TYPE":"2023年年报","PER_NETCASH_OPERATE":0.185190604843,"PER_OI":9.126612214737,"BPS":1.734151548923,"BASIC_EPS":0.34526982,"DILUTED_EPS":null,"OPERATE_INCOME":11334138851,"OPERATE_INCOME_YOY":0.6801497727,"GROSS_PROFIT":1184156767.78,"GROSS_PROFIT_YOY":35.145540093188,"HOLDER_PROFIT":429111481.96,"HOLDER_PROFIT_YOY":9.0233856058,"GROSS_PROFIT_RATIO":10.447699497483,"EPS_TTM":0.345534331653,"OPERATE_INCOME_QOQ":-2.425120461761,"NET_PROFIT_RATIO":3.737484059,"ROE_AVG":21.189384052272,"GROSS_PROFIT_QOQ":9.22711940996,"ROA":6.055885319832,"HOLDER_PROFIT_QOQ":-4.286739703769,"ROE_YEARLY":21.189384052272,"ROIC_YEARLY":7.910476522523,"TOTAL_ASSETS":7537704155.24,"TOTAL_LIABILITIES":5360757097.08,"TAX_EBT":27.07503900156,"OCF_SALES":2.029127572049,"TOTAL_PARENT_EQUITY":2153604643.4,"DEBT_ASSET_RATIO":71.1192292331,"OPERATE_PROFIT":608333705.14,"PRETAX_PROFIT":580887020,"NETCASH_OPERATE":229984136.48,"NETCASH_INVEST":-623010844.26,"NETCASH_FINANCE":-278935422.22,"END_CASH":1177767916.78,"DIVI_RATIO":0.289053766444,"DIVIDEND_RATE":11.95652173913,"CURRENT_RATIO":1.204567375479,"COMMON_ACS":1700000000,"CURRENTDEBT_DEBT":92.978209501321,"ISSUED_COMMON_SHARES":1241877992,"HK_COMMON_SHARES":1241877992,"PER_SHARES":10000,"TOTAL_MARKET_CAP":1142527752.64,"HKSK_MARKET_CAP":1142527752.64,"PE_TTM":3.075742878556,"PB_TTM":0.472730916778,"REPORT_DATE_SQ":"2022-12-31 00:00:00","REPORT_TYPE_SQ":"2022年年报","OPERATE_INCOME_SQ":11096698384.66,"DPS_HKD":0.11,"OPERATE_INCOME_QOQ_SQ":19.363262933058,"NET_PROFIT_RATIO_SQ":3.4547313041,"HOLDER_PROFIT_SQ":387971279.29,"HOLDER_PROFIT_QOQ_SQ":34.458257400271,"ROE_AVG_SQ":22.510842030929,"PE_TTM_SQ":2.865703023805,"PB_TTM_SQ":0.633215460745,"ROA_SQ":6.012809131481,"START_DATE":"2023-01-01 00:00:00","FISCAL_YEAR":"12-31","CURRENCY":"HKD","IS_CNY_CODE":0,"DPS_HKD_LY":0.145,"ORG_TYPE":"一般企业","PREMIUM_INCOME":null,"PREMIUM_INCOME_YOY":null,"NET_INTEREST_INCOME":null,"NET_INTEREST_INCOME_YOY":null,"FEE_COMMISSION_INCOME":null,"FEE_COMMISSION_INCOME_YOY":null,"ACCOUNTS_RECE_TDAYS":15.003406852572,"INVENTORY_TDAYS":37.635145419997,"CURRENT_ASSETS_TDAYS":1.934470929265,"TOTAL_ASSETS_TDAYS":1.599543427904,"PREMIUM_EXPENSE":null,"LOAN_DEPOSIT":null,"LOAN_EQUITY":null,"LOAN_ASSETS":null,"DEPOSIT_EQUITY":null,"DEPOSIT_ASSETS":null,"EQUITY_MULTIPLIER":3.462511468517,"EQUITY_RATIO":2.489202051783},{"SECUCODE":"00240.HK","SECURITY_CODE":"00240","SECURITY_NAME_ABBR":"利基控股","ORG_CODE":"10007501","STD_REPORT_DATE":"2023-06-30 00:00:00","REPORT_DATE":"2023-06-30 00:00:00","DATE_TYPE_CODE":"002","REPORT_TYPE":"2023年中报","PER_NETCASH_OPERATE":-0.02663907934,"PER_OI":4.43479867813,"BPS":1.630752348947,"BASIC_EPS":0.18623996,"DILUTED_EPS":null,"OPERATE_INCOME":5507478877.32,"OPERATE_INCOME_YOY":2.4089408231,"GROSS_PROFIT":624461663.9,"GROSS_PROFIT_YOY":49.913926434037,"HOLDER_PROFIT":230727338.96,"HOLDER_PROFIT_YOY":25.6177936622,"GROSS_PROFIT_RATIO":11.33843048353,"EPS_TTM":0.36100988576,"OPERATE_INCOME_QOQ":4.678314986354,"NET_PROFIT_RATIO":4.134219375,"ROE_AVG":11.668144308964,"GROSS_PROFIT_QOQ":23.728924486188,"ROA":3.35618673714,"HOLDER_PROFIT_QOQ":15.557582726345,"ROE_YEARLY":23.336288617927,"ROIC_YEARLY":8.854482388876,"TOTAL_ASSETS":6999989321.12,"TOTAL_LIABILITIES":4949103817.84,"TAX_EBT":25.047194721475,"OCF_SALES":-0.600682945807,"TOTAL_PARENT_EQUITY":2025195452.56,"DEBT_ASSET_RATIO":70.7015909711,"OPERATE_PROFIT":317906079.84,"PRETAX_PROFIT":303779502.28,"NETCASH_OPERATE":-33082486.36,"NETCASH_INVEST":-604746965.56,"NETCASH_FINANCE":-100549294.84,"END_CASH":1144081294.08,"DIVI_RATIO":0.276662783873,"DIVIDEND_RATE":11.95652173913,"CURRENT_RATIO":1.269468644829,"COMMON_ACS":1700000000,"CURRENTDEBT_DEBT":92.402682758348,"ISSUED_COMMON_SHARES":1241877992,"HK_COMMON_SHARES":1241877992,"PER_SHARES":10000,"TOTAL_MARKET_CAP":1142527752.64,"HKSK_MARKET_CAP":1142527752.64,"PE_TTM":3.075742878556,"PB_TTM":0.472730916778,"REPORT_DATE_SQ":"2022-06-30 00:00:00","REPORT_TYPE_SQ":"2022年中报","OPERATE_INCOME_SQ":4988340373.8,"DPS_HKD":0.11,"OPERATE_INCOME_QOQ_SQ":13.365405984048,"NET_PROFIT_RATIO_SQ":3.3609519597,"HOLDER_PROFIT_SQ":170368386.23,"HOLDER_PROFIT_QOQ_SQ":19.819749594393,"ROE_AVG_SQ":10.950552744097,"PE_TTM_SQ":2.865703023805,"PB_TTM_SQ":0.633215460745,"ROA_SQ":2.875082343082,"START_DATE":"2023-01-01 00:00:00","FISCAL_YEAR":"12-31","CURRENCY":"HKD","IS_CNY_CODE":0,"DPS_HKD_LY":0.145,"ORG_TYPE":"一般企业","PREMIUM_INCOME":null,"PREMIUM_INCOME_YOY":null,"NET_INTEREST_INCOME":null,"NET_INTEREST_INCOME_YOY":null,"FEE_COMMISSION_INCOME":null,"FEE_COMMISSION_INCOME_YOY":null,"ACCOUNTS_RECE_TDAYS":null,"INVENTORY_TDAYS":18.163522940059,"CURRENT_ASSETS_TDAYS":0.948021168834,"TOTAL_ASSETS_TDAYS":0.801124290102,"PREMIUM_EXPENSE":null,"LOAN_DEPOSIT":null,"LOAN_EQUITY":null,"LOAN_ASSETS":null,"DEPOSIT_EQUITY":null,"DEPOSIT_ASSETS":null,"EQUITY_MULTIPLIER":3.41315461537,"EQUITY_RATIO":2.443766013588},{"SECUCODE":"00240.HK","SECURITY_CODE":"00240","SECURITY_NAME_ABBR":"利基控股","ORG_CODE":"10007501","STD_REPORT_DATE":"2022-12-31 00:00:00","REPORT_DATE":"2022-12-31 00:00:00","DATE_TYPE_CODE":"001","REPORT_TYPE":"2022年年报","PER_NETCASH_OPERATE":0.799377529842,"PER_OI":8.935417533883,"BPS":1.505414998231,"BASIC_EPS":0.3126445,"DILUTED_EPS":null,"OPERATE_INCOME":11096698384.66,"OPERATE_INCOME_YOY":23.8538080245,"GROSS_PROFIT":876208543,"GROSS_PROFIT_YOY":44.899850149152,"HOLDER_PROFIT":387971279.29,"HOLDER_PROFIT_YOY":47.4599289058,"GROSS_PROFIT_RATIO":7.896119301677,"EPS_TTM":0.312406920639,"OPERATE_INCOME_QOQ":19.363262933058,"NET_PROFIT_RATIO":3.4547313041,"ROE_AVG":22.510842030929,"GROSS_PROFIT_QOQ":18.994776582757,"ROA":6.012809131481,"HOLDER_PROFIT_QOQ":34.458257400271,"ROE_YEARLY":22.510842030929,"ROIC_YEARLY":8.413060023055,"TOTAL_ASSETS":6539212512.91,"TOTAL_LIABILITIES":4640170516.03,"TAX_EBT":22.177815656337,"OCF_SALES":8.94616873594,"TOTAL_PARENT_EQUITY":1869541755.13,"DEBT_ASSET_RATIO":70.9591637658,"OPERATE_PROFIT":497614812.17,"PRETAX_PROFIT":492611606.9,"NETCASH_OPERATE":992729361.61,"NETCASH_INVEST":-198733816.33,"NETCASH_FINANCE":-540078188.16,"END_CASH":1819701755.48,"DIVI_RATIO":0.319704825347,"DIVIDEND_RATE":11.95652173913,"CURRENT_RATIO":1.234546898415,"COMMON_ACS":1700000000,"CURRENTDEBT_DEBT":98.323197465671,"ISSUED_COMMON_SHARES":1241877992,"HK_COMMON_SHARES":1241877992,"PER_SHARES":10000,"TOTAL_MARKET_CAP":1142527752.64,"HKSK_MARKET_CAP":1142527752.64,"PE_TTM":3.075742878556,"PB_TTM":0.472730916778,"REPORT_DATE_SQ":"2021-12-31 00:00:00","REPORT_TYPE_SQ":"2021年年报","OPERATE_INCOME_SQ":8200541899.2,"DPS_HKD":0.11,"OPERATE_INCOME_QOQ_SQ":18.582771620793,"NET_PROFIT_RATIO_SQ":2.9101745291,"HOLDER_PROFIT_SQ":240815086.4,"HOLDER_PROFIT_QOQ_SQ":-20.443438307276,"ROE_AVG_SQ":17.601183694678,"PE_TTM_SQ":2.865703023805,"PB_TTM_SQ":0.633215460745,"ROA_SQ":4.686590551875,"START_DATE":"2022-01-01 00:00:00","FISCAL_YEAR":"12-31","CURRENCY":"HKD","IS_CNY_CODE":0,"DPS_HKD_LY":0.06,"ORG_TYPE":"一般企业","PREMIUM_INCOME":null,"PREMIUM_INCOME_YOY":null,"NET_INTEREST_INCOME":null,"NET_INTEREST_INCOME_YOY":null,"FEE_COMMISSION_INCOME":null,"FEE_COMMISSION_INCOME_YOY":null,"ACCOUNTS_RECE_TDAYS":17.619674939968,"INVENTORY_TDAYS":151.617433478215,"CURRENT_ASSETS_TDAYS":2.03301945307,"TOTAL_ASSETS_TDAYS":1.719774966299,"PREMIUM_EXPENSE":null,"LOAN_DEPOSIT":null,"LOAN_EQUITY":null,"LOAN_ASSETS":null,"DEPOSIT_EQUITY":null,"DEPOSIT_ASSETS":null,"EQUITY_MULTIPLIER":3.443427014069,"EQUITY_RATIO":2.481982819211},{"SECUCODE":"00240.HK","SECURITY_CODE":"00240","SECURITY_NAME_ABBR":"利基控股","ORG_CODE":"10007501","STD_REPORT_DATE":"2022-06-30 00:00:00","REPORT_DATE":"2022-06-30 00:00:00","DATE_TYPE_CODE":"002","REPORT_TYPE":"2022年中报","PER_NETCASH_OPERATE":0.407129025449,"PER_OI":4.016771700549,"BPS":1.289506002156,"BASIC_EPS":0.1368304,"DILUTED_EPS":null,"OPERATE_INCOME":4988340373.8,"OPERATE_INCOME_YOY":24.6957705127,"GROSS_PROFIT":416546800.39,"GROSS_PROFIT_YOY":46.205921880574,"HOLDER_PROFIT":170368386.23,"HOLDER_PROFIT_YOY":35.1640895861,"GROSS_PROFIT_RATIO":8.35040853623,"EPS_TTM":0.232344912599,"OPERATE_INCOME_QOQ":13.365405984048,"NET_PROFIT_RATIO":3.3609519597,"ROE_AVG":10.950552744097,"GROSS_PROFIT_QOQ":21.769924958326,"ROA":2.875082343082,"HOLDER_PROFIT_QOQ":19.819749594393,"ROE_YEARLY":21.901105488194,"ROIC_YEARLY":7.82135999174,"TOTAL_ASSETS":5757126252.15,"TOTAL_LIABILITIES":4124223900.58,"TAX_EBT":25.188797685964,"OCF_SALES":10.135727290495,"TOTAL_PARENT_EQUITY":1601409124.63,"DEBT_ASSET_RATIO":71.6368500524,"OPERATE_PROFIT":222538396.99,"PRETAX_PROFIT":224105105.07,"NETCASH_OPERATE":505604576.61,"NETCASH_INVEST":-100665270.09,"NETCASH_FINANCE":-432980986.62,"END_CASH":1472543109.1,"DIVI_RATIO":0.429869536986,"DIVIDEND_RATE":11.95652173913,"CURRENT_RATIO":1.173503927498,"COMMON_ACS":1700000000,"CURRENTDEBT_DEBT":98.805847158224,"ISSUED_COMMON_SHARES":1241877992,"HK_COMMON_SHARES":1241877992,"PER_SHARES":10000,"TOTAL_MARKET_CAP":1142527752.64,"HKSK_MARKET_CAP":1142527752.64,"PE_TTM":3.075742878556,"PB_TTM":0.472730916778,"REPORT_DATE_SQ":"2021-06-30 00:00:00","REPORT_TYPE_SQ":"2021年中报","OPERATE_INCOME_SQ":3892304656.08,"DPS_HKD":0.11,"OPERATE_INCOME_QOQ_SQ":7.711435295938,"NET_PROFIT_RATIO_SQ":3.1394452222,"HOLDER_PROFIT_SQ":122639439.12,"HOLDER_PROFIT_QOQ_SQ":-18.429274714203,"ROE_AVG_SQ":9.23450629923,"PE_TTM_SQ":2.865703023805,"PB_TTM_SQ":0.633215460745,"ROA_SQ":2.61485067494,"START_DATE":"2022-01-01 00:00:00","FISCAL_YEAR":"12-31","CURRENCY":"HKD","IS_CNY_CODE":0,"DPS_HKD_LY":0.06,"ORG_TYPE":"一般企业","PREMIUM_INCOME":null,"PREMIUM_INCOME_YOY":null,"NET_INTEREST_INCOME":null,"NET_INTEREST_INCOME_YOY":null,"FEE_COMMISSION_INCOME":null,"FEE_COMMISSION_INCOME_YOY":null,"ACCOUNTS_RECE_TDAYS":null,"INVENTORY_TDAYS":109.758225288206,"CURRENT_ASSETS_TDAYS":1.013812077636,"TOTAL_ASSETS_TDAYS":0.841816351458,"PREMIUM_EXPENSE":null,"LOAN_DEPOSIT":null,"LOAN_EQUITY":null,"LOAN_ASSETS":null,"DEPOSIT_EQUITY":null,"DEPOSIT_ASSETS":null,"EQUITY_MULTIPLIER":3.525701488895,"EQUITY_RATIO":2.575371800465},{"SECUCODE":"00240.HK","SECURITY_CODE":"00240","SECURITY_NAME_ABBR":"利基控股","ORG_CODE":"10007501","STD_REPORT_DATE":"2021-12-31 00:00:00","REPORT_DATE":"2021-12-31 00:00:00","DATE_TYPE_CODE":"001","REPORT_TYPE":"2021年年报","PER_NETCASH_OPERATE":0.011790528936,"PER_OI":6.603339419836,"BPS":1.162597900036,"BASIC_EPS":0.1937712,"DILUTED_EPS":null,"OPERATE_INCOME":8200541899.2,"OPERATE_INCOME_YOY":31.4827850917,"GROSS_PROFIT":604699412.8,"GROSS_PROFIT_YOY":4.332817077881,"HOLDER_PROFIT":240815086.4,"HOLDER_PROFIT_YOY":-33.1970234086,"GROSS_PROFIT_RATIO":7.373895777046,"EPS_TTM":0.193912033188,"OPERATE_INCOME_QOQ":18.582771620793,"NET_PROFIT_RATIO":2.9101745291,"ROE_AVG":17.601183694678,"GROSS_PROFIT_QOQ":24.617214782314,"ROA":4.686590551875,"HOLDER_PROFIT_QOQ":-20.443438307276,"ROE_YEARLY":17.601183694678,"ROIC_YEARLY":6.43805173847,"TOTAL_ASSETS":5826374579.2,"TOTAL_LIABILITIES":4349276344,"TAX_EBT":22.545541388598,"OCF_SALES":0.178554034355,"TOTAL_PARENT_EQUITY":1443804745.6,"DEBT_ASSET_RATIO":74.6480729119,"OPERATE_PROFIT":303656640,"PRETAX_PROFIT":308116648,"NETCASH_OPERATE":14642398.4,"NETCASH_INVEST":53590409.6,"NETCASH_FINANCE":128151441.6,"END_CASH":1435278812.8,"DIVI_RATIO":0.515068602799,"DIVIDEND_RATE":11.95652173913,"CURRENT_RATIO":1.128982327698,"COMMON_ACS":1700000000,"CURRENTDEBT_DEBT":98.495929648383,"ISSUED_COMMON_SHARES":1241877992,"HK_COMMON_SHARES":1241877992,"PER_SHARES":10000,"TOTAL_MARKET_CAP":1142527752.64,"HKSK_MARKET_CAP":1142527752.64,"PE_TTM":3.075742878556,"PB_TTM":0.472730916778,"REPORT_DATE_SQ":"2020-12-31 00:00:00","REPORT_TYPE_SQ":"2020年年报","OPERATE_INCOME_SQ":6420356476.32,"DPS_HKD":0.11,"OPERATE_INCOME_QOQ_SQ":-8.763587165791,"NET_PROFIT_RATIO_SQ":5.7708784608,"HOLDER_PROFIT_SQ":371084967.48,"HOLDER_PROFIT_QOQ_SQ":18.840553538999,"ROE_AVG_SQ":31.959185093586,"PE_TTM_SQ":2.865703023805,"PB_TTM_SQ":0.633215460745,"ROA_SQ":8.23162518154,"START_DATE":"2021-01-01 00:00:00","FISCAL_YEAR":"12-31","CURRENCY":"HKD","IS_CNY_CODE":0,"DPS_HKD_LY":0.07,"ORG_TYPE":"一般企业","PREMIUM_INCOME":null,"PREMIUM_INCOME_YOY":null,"NET_INTEREST_INCOME":null,"NET_INTEREST_INCOME_YOY":null,"FEE_COMMISSION_INCOME":null,"FEE_COMMISSION_INCOME_YOY":null,"ACCOUNTS_RECE_TDAYS":null,"INVENTORY_TDAYS":377.843419554254,"CURRENT_ASSETS_TDAYS":1.924535133452,"TOTAL_ASSETS_TDAYS":1.595937478818,"PREMIUM_EXPENSE":null,"LOAN_DEPOSIT":null,"LOAN_EQUITY":null,"LOAN_ASSETS":null,"DEPOSIT_EQUITY":null,"DEPOSIT_ASSETS":null,"EQUITY_MULTIPLIER":3.944473319621,"EQUITY_RATIO":3.012371553186},{"SECUCODE":"00240.HK","SECURITY_CODE":"00240","SECURITY_NAME_ABBR":"利基控股","ORG_CODE":"10007501","STD_REPORT_DATE":"2021-06-30 00:00:00","REPORT_DATE":"2021-06-30 00:00:00","DATE_TYPE_CODE":"002","REPORT_TYPE":"2021年中报","PER_NETCASH_OPERATE":0.140228634698,"PER_OI":3.134208578583,"BPS":1.079554322789,"BASIC_EPS":0.09901752,"DILUTED_EPS":null,"OPERATE_INCOME":3892304656.08,"OPERATE_INCOME_YOY":25.7767204221,"GROSS_PROFIT":284904192,"GROSS_PROFIT_YOY":-24.876086317259,"HOLDER_PROFIT":122639439.12,"HOLDER_PROFIT_YOY":-29.5227848707,"GROSS_PROFIT_RATIO":7.319678626774,"EPS_TTM":0.243741093207,"OPERATE_INCOME_QOQ":7.711435295938,"NET_PROFIT_RATIO":3.1394452222,"ROE_AVG":9.23450629923,"GROSS_PROFIT_QOQ":-16.277364038241,"ROA":2.61485067494,"HOLDER_PROFIT_QOQ":-18.429274714203,"ROE_YEARLY":18.469012598461,"ROIC_YEARLY":7.528319178586,"TOTAL_ASSETS":4851010590.48,"TOTAL_LIABILITIES":3475479172.56,"TAX_EBT":21.185726629207,"OCF_SALES":4.474132183049,"TOTAL_PARENT_EQUITY":1340674754.64,"DEBT_ASSET_RATIO":71.644435891,"OPERATE_PROFIT":160413374.88,"PRETAX_PROFIT":155043962.64,"NETCASH_OPERATE":174146855.28,"NETCASH_INVEST":-284646247.2,"NETCASH_FINANCE":126457022.16,"END_CASH":1276447331.52,"DIVI_RATIO":0.409770870746,"DIVIDEND_RATE":11.95652173913,"CURRENT_RATIO":1.173219316512,"COMMON_ACS":1700000000,"CURRENTDEBT_DEBT":98.391829071477,"ISSUED_COMMON_SHARES":1241877992,"HK_COMMON_SHARES":1241877992,"PER_SHARES":10000,"TOTAL_MARKET_CAP":1142527752.64,"HKSK_MARKET_CAP":1142527752.64,"PE_TTM":3.075742878556,"PB_TTM":0.472730916778,"REPORT_DATE_SQ":"2020-06-30 00:00:00","REPORT_TYPE_SQ":"2020年中报","OPERATE_INCOME_SQ":3397203020.64,"DPS_HKD":0.11,"OPERATE_INCOME_QOQ_SQ":3.796330732999,"NET_PROFIT_RATIO_SQ":5.6031099738,"HOLDER_PROFIT_SQ":191027707.2,"HOLDER_PROFIT_QOQ_SQ":17.598368341758,"ROE_AVG_SQ":16.723122097263,"PE_TTM_SQ":2.865703023805,"PB_TTM_SQ":0.633215460745,"ROA_SQ":4.161806366849,"START_DATE":"2021-01-01 00:00:00","FISCAL_YEAR":"12-31","CURRENCY":"HKD","IS_CNY_CODE":0,"DPS_HKD_LY":0.07,"ORG_TYPE":"一般企业","PREMIUM_INCOME":null,"PREMIUM_INCOME_YOY":null,"NET_INTEREST_INCOME":null,"NET_INTEREST_INCOME_YOY":null,"FEE_COMMISSION_INCOME":null,"FEE_COMMISSION_INCOME_YOY":null,"ACCOUNTS_RECE_TDAYS":null,"INVENTORY_TDAYS":274.080225060058,"CURRENT_ASSETS_TDAYS":1.002796502111,"TOTAL_ASSETS_TDAYS":0.829895792908,"PREMIUM_EXPENSE":null,"LOAN_DEPOSIT":null,"LOAN_EQUITY":null,"LOAN_ASSETS":null,"DEPOSIT_EQUITY":null,"DEPOSIT_ASSETS":null,"EQUITY_MULTIPLIER":3.526644704214,"EQUITY_RATIO":2.592335807422},{"SECUCODE":"00240.HK","SECURITY_CODE":"00240","SECURITY_NAME_ABBR":"利基控股","ORG_CODE":"10007501","STD_REPORT_DATE":"2020-12-31 00:00:00","REPORT_DATE":"2020-12-31 00:00:00","DATE_TYPE_CODE":"001","REPORT_TYPE":"2020年年报","PER_NETCASH_OPERATE":0.089650921006,"PER_OI":5.169877006984,"BPS":1.071402512559,"BASIC_EPS":0.2987822,"DILUTED_EPS":null,"OPERATE_INCOME":6420356476.32,"OPERATE_INCOME_YOY":0.7917990196,"GROSS_PROFIT":579586969.6,"GROSS_PROFIT_YOY":-12.069216787808,"HOLDER_PROFIT":371084967.48,"HOLDER_PROFIT_YOY":48.7445136783,"GROSS_PROFIT_RATIO":9.027333166588,"EPS_TTM":0.298809520638,"OPERATE_INCOME_QOQ":-8.763587165791,"NET_PROFIT_RATIO":5.7708784608,"ROE_AVG":31.959185093586,"GROSS_PROFIT_QOQ":-20.330216774639,"ROA":8.23162518154,"HOLDER_PROFIT_QOQ":18.840553538999,"ROE_YEARLY":31.959185093586,"ROIC_YEARLY":12.016633875141,"TOTAL_ASSETS":4581251880.16,"TOTAL_LIABILITIES":3243638478,"TAX_EBT":5.857584000547,"OCF_SALES":1.73410162147,"TOTAL_PARENT_EQUITY":1330551200.92,"DEBT_ASSET_RATIO":70.802447952,"OPERATE_PROFIT":395447920.56,"PRETAX_PROFIT":393564330.24,"NETCASH_OPERATE":111335505.76,"NETCASH_INVEST":-311443832.16,"NETCASH_FINANCE":41564391.4,"END_CASH":1275214212.56,"DIVI_RATIO":0.334253071277,"DIVIDEND_RATE":11.95652173913,"CURRENT_RATIO":1.192639994582,"COMMON_ACS":1700000000,"CURRENTDEBT_DEBT":98.076181579938,"ISSUED_COMMON_SHARES":1241877992,"HK_COMMON_SHARES":1241877992,"PER_SHARES":10000,"TOTAL_MARKET_CAP":1142527752.64,"HKSK_MARKET_CAP":1142527752.64,"PE_TTM":3.075742878556,"PB_TTM":0.472730916778,"REPORT_DATE_SQ":"2019-12-31 00:00:00","REPORT_TYPE_SQ":"2019年年报","OPERATE_INCOME_SQ":6779675994.58,"DPS_HKD":0.11,"OPERATE_INCOME_QOQ_SQ":12.498915342058,"NET_PROFIT_RATIO_SQ":3.9327017738,"HOLDER_PROFIT_SQ":265526211.82,"HOLDER_PROFIT_QOQ_SQ":-14.476910499058,"ROE_AVG_SQ":27.978322908993,"PE_TTM_SQ":2.865703023805,"PB_TTM_SQ":0.633215460745,"ROA_SQ":6.197668705243,"START_DATE":"2020-01-01 00:00:00","FISCAL_YEAR":"12-31","CURRENCY":"HKD","IS_CNY_CODE":0,"DPS_HKD_LY":0.048,"ORG_TYPE":"一般企业","PREMIUM_INCOME":null,"PREMIUM_INCOME_YOY":null,"NET_INTEREST_INCOME":null,"NET_INTEREST_INCOME_YOY":null,"FEE_COMMISSION_INCOME":null,"FEE_COMMISSION_INCOME_YOY":null,"ACCOUNTS_RECE_TDAYS":null,"INVENTORY_TDAYS":300.408986623956,"CURRENT_ASSETS_TDAYS":1.664791579918,"TOTAL_ASSETS_TDAYS":1.424201265921,"PREMIUM_EXPENSE":null,"LOAN_DEPOSIT":null,"LOAN_EQUITY":null,"LOAN_ASSETS":null,"DEPOSIT_EQUITY":null,"DEPOSIT_ASSETS":null,"EQUITY_MULTIPLIER":3.424944660963,"EQUITY_RATIO":2.437815602855},{"SECUCODE":"00240.HK","SECURITY_CODE":"00240","SECURITY_NAME_ABBR":"利基控股","ORG_CODE":"10007501","STD_REPORT_DATE":"2020-06-30 00:00:00","REPORT_DATE":"2020-06-30 00:00:00","DATE_TYPE_CODE":"002","REPORT_TYPE":"2020年中报","PER_NETCASH_OPERATE":-0.038946376626,"PER_OI":2.73553685831,"BPS":0.972962867612,"BASIC_EPS":0.15345792,"DILUTED_EPS":null,"OPERATE_INCOME":3397203020.64,"OPERATE_INCOME_YOY":4.195989142,"GROSS_PROFIT":379245672.96,"GROSS_PROFIT_YOY":21.98351701276,"HOLDER_PROFIT":191027707.2,"HOLDER_PROFIT_YOY":27.4871982443,"GROSS_PROFIT_RATIO":11.163468025192,"EPS_TTM":0.251437334933,"OPERATE_INCOME_QOQ":3.796330732999,"NET_PROFIT_RATIO":5.6031099738,"ROE_AVG":16.723122097263,"GROSS_PROFIT_QOQ":10.369050413334,"ROA":4.161806366849,"HOLDER_PROFIT_QOQ":17.598368341758,"ROE_YEARLY":33.446244194527,"ROIC_YEARLY":12.415053898449,"TOTAL_ASSETS":4366876213.92,"TOTAL_LIABILITIES":3153667128.48,"TAX_EBT":5.950661635947,"OCF_SALES":-1.423719680753,"TOTAL_PARENT_EQUITY":1208301172.32,"DEBT_ASSET_RATIO":72.2179190339,"OPERATE_PROFIT":213360401.76,"PRETAX_PROFIT":202392727.68,"NETCASH_OPERATE":-48366648,"NETCASH_INVEST":43149992.16,"NETCASH_FINANCE":-131584685.76,"END_CASH":1402318568.64,"DIVI_RATIO":0.397228200127,"DIVIDEND_RATE":11.95652173913,"CURRENT_RATIO":1.184969204637,"COMMON_ACS":1700000000,"CURRENTDEBT_DEBT":98.935761938319,"ISSUED_COMMON_SHARES":1241877992,"HK_COMMON_SHARES":1241877992,"PER_SHARES":10000,"TOTAL_MARKET_CAP":1142527752.64,"HKSK_MARKET_CAP":1142527752.64,"PE_TTM":3.075742878556,"PB_TTM":0.472730916778,"REPORT_DATE_SQ":"2019-06-30 00:00:00","REPORT_TYPE_SQ":"2019年中报","OPERATE_INCOME_SQ":3139824097.26,"DPS_HKD":0.11,"OPERATE_INCOME_QOQ_SQ":9.080794936864,"NET_PROFIT_RATIO_SQ":4.4560356882,"HOLDER_PROFIT_SQ":144299426.4,"HOLDER_PROFIT_QOQ_SQ":-14.034256151162,"ROE_AVG_SQ":16.483781502472,"PE_TTM_SQ":2.865703023805,"PB_TTM_SQ":0.633215460745,"ROA_SQ":3.626628392959,"START_DATE":"2020-01-01 00:00:00","FISCAL_YEAR":"12-31","CURRENCY":"HKD","IS_CNY_CODE":0,"DPS_HKD_LY":0.048,"ORG_TYPE":"一般企业","PREMIUM_INCOME":null,"PREMIUM_INCOME_YOY":null,"NET_INTEREST_INCOME":null,"NET_INTEREST_INCOME_YOY":null,"FEE_COMMISSION_INCOME":null,"FEE_COMMISSION_INCOME_YOY":null,"ACCOUNTS_RECE_TDAYS":null,"INVENTORY_TDAYS":98.169600808189,"CURRENT_ASSETS_TDAYS":0.854578358904,"TOTAL_ASSETS_TDAYS":0.74012829699,"PREMIUM_EXPENSE":null,"LOAN_DEPOSIT":null,"LOAN_EQUITY":null,"LOAN_ASSETS":null,"DEPOSIT_EQUITY":null,"DEPOSIT_ASSETS":null,"EQUITY_MULTIPLIER":3.599442393175,"EQUITY_RATIO":2.610000884485}],"count":47},"success":true,"message":"ok","code":0}