{"version":"3679455ff07a106e1b8d50eb22fc90ec","result":{"pages":6,"data":[{"SECUCODE":"00241.HK","SECURITY_CODE":"00241","SECURITY_NAME_ABBR":"阿里健康","ORG_CODE":"10007502","STD_REPORT_DATE":"2024-06-30 00:00:00","REPORT_DATE":"2024-09-30 00:00:00","DATE_TYPE_CODE":"002","REPORT_TYPE":"2024年中报","PER_NETCASH_OPERATE":0.034934505927,"PER_OI":0.887017033731,"BPS":0.949299647497,"BASIC_EPS":0.0479,"DILUTED_EPS":0.0478,"OPERATE_INCOME":14273724000,"OPERATE_INCOME_YOY":10.170762581,"GROSS_PROFIT":3533765000,"GROSS_PROFIT_YOY":23.184871863876,"HOLDER_PROFIT":768953000,"HOLDER_PROFIT_YOY":72.4531331648,"GROSS_PROFIT_RATIO":24.757134157841,"EPS_TTM":0.05490252795,"OPERATE_INCOME_QOQ":0,"NET_PROFIT_RATIO":5.3878581371,"ROE_AVG":5.157266504488,"GROSS_PROFIT_QOQ":0,"ROA":3.847274095984,"HOLDER_PROFIT_QOQ":0,"ROE_YEARLY":10.314533008976,"ROIC_YEARLY":13.355106323956,"TOTAL_ASSETS":20268576000,"TOTAL_LIABILITIES":5019078000,"TAX_EBT":6.335764716485,"OCF_SALES":3.938425599374,"TOTAL_PARENT_EQUITY":15275965000,"DEBT_ASSET_RATIO":24.7628545784,"OPERATE_PROFIT":844005000,"PRETAX_PROFIT":821069000,"NETCASH_OPERATE":562160000,"NETCASH_INVEST":-733871000,"NETCASH_FINANCE":-38693000,"END_CASH":3229062000,"DIVI_RATIO":null,"DIVIDEND_RATE":null,"CURRENT_RATIO":2.446426363997,"COMMON_ACS":20000000000,"CURRENTDEBT_DEBT":97.028059735274,"ISSUED_COMMON_SHARES":16091826264,"HK_COMMON_SHARES":16091826264,"PER_SHARES":2000,"TOTAL_MARKET_CAP":92367082755.36,"HKSK_MARKET_CAP":92367082755.36,"PE_TTM":68.862362970892,"PB_TTM":5.45272992953,"REPORT_DATE_SQ":"2023-06-30 00:00:00","REPORT_TYPE_SQ":"2023年中报","OPERATE_INCOME_SQ":12956000000,"DPS_HKD":null,"OPERATE_INCOME_QOQ_SQ":0,"NET_PROFIT_RATIO_SQ":3.4358058043,"HOLDER_PROFIT_SQ":445891000,"HOLDER_PROFIT_QOQ_SQ":0,"ROE_AVG_SQ":2.852577434742,"PE_TTM_SQ":60.437949555246,"PB_TTM_SQ":3.157232915153,"ROA_SQ":2.113866406778,"START_DATE":"2024-04-01 00:00:00","FISCAL_YEAR":"3-31","CURRENCY":"HKD","IS_CNY_CODE":0,"DPS_HKD_LY":null,"ORG_TYPE":"一般企业","PREMIUM_INCOME":null,"PREMIUM_INCOME_YOY":null,"NET_INTEREST_INCOME":null,"NET_INTEREST_INCOME_YOY":null,"FEE_COMMISSION_INCOME":null,"FEE_COMMISSION_INCOME_YOY":null,"ACCOUNTS_RECE_TDAYS":17.530527952485,"INVENTORY_TDAYS":7.079917677514,"CURRENT_ASSETS_TDAYS":1.122760556141,"TOTAL_ASSETS_TDAYS":0.714151952049,"PREMIUM_EXPENSE":null,"LOAN_DEPOSIT":null,"LOAN_EQUITY":null,"LOAN_ASSETS":null,"DEPOSIT_EQUITY":null,"DEPOSIT_ASSETS":null,"EQUITY_MULTIPLIER":1.329130703187,"EQUITY_RATIO":0.328560454282},{"SECUCODE":"00241.HK","SECURITY_CODE":"00241","SECURITY_NAME_ABBR":"阿里健康","ORG_CODE":"10007502","STD_REPORT_DATE":"2023-12-31 00:00:00","REPORT_DATE":"2024-03-31 00:00:00","DATE_TYPE_CODE":"001","REPORT_TYPE":"2023年年报","PER_NETCASH_OPERATE":0.067104753787,"PER_OI":1.679530074108,"BPS":0.903826064325,"BASIC_EPS":0.0629,"DILUTED_EPS":0.0627,"OPERATE_INCOME":27026555000,"OPERATE_INCOME_YOY":0.9847133821,"GROSS_PROFIT":5895321000,"GROSS_PROFIT_YOY":3.402484401019,"HOLDER_PROFIT":883477000,"HOLDER_PROFIT_YOY":64.9345751821,"GROSS_PROFIT_RATIO":21.813068665244,"EPS_TTM":0.060376401349,"OPERATE_INCOME_QOQ":0,"NET_PROFIT_RATIO":3.2676602697,"ROE_AVG":5.945779606387,"GROSS_PROFIT_QOQ":0,"ROA":4.367929986316,"HOLDER_PROFIT_QOQ":0,"ROE_YEARLY":5.945779606387,"ROIC_YEARLY":8.81907513294,"TOTAL_ASSETS":19705337000,"TOTAL_LIABILITIES":5187733000,"TAX_EBT":5.989254832079,"OCF_SALES":3.995448180502,"TOTAL_PARENT_EQUITY":14544212000,"DEBT_ASSET_RATIO":26.3265378308,"OPERATE_PROFIT":951294000,"PRETAX_PROFIT":939399000,"NETCASH_OPERATE":1079832000,"NETCASH_INVEST":-4880900000,"NETCASH_FINANCE":-1982395000,"END_CASH":3490169000,"DIVI_RATIO":null,"DIVIDEND_RATE":null,"CURRENT_RATIO":2.688757323213,"COMMON_ACS":20000000000,"CURRENTDEBT_DEBT":96.871947727456,"ISSUED_COMMON_SHARES":16091826264,"HK_COMMON_SHARES":16091826264,"PER_SHARES":2000,"TOTAL_MARKET_CAP":60666185015.28,"HKSK_MARKET_CAP":60666185015.28,"PE_TTM":45.228416097607,"PB_TTM":3.581322619221,"REPORT_DATE_SQ":"2022-12-31 00:00:00","REPORT_TYPE_SQ":"2022年年报","OPERATE_INCOME_SQ":26763016000,"DPS_HKD":null,"OPERATE_INCOME_QOQ_SQ":0,"NET_PROFIT_RATIO_SQ":1.9962735142,"HOLDER_PROFIT_SQ":535653000,"HOLDER_PROFIT_QOQ_SQ":0,"ROE_AVG_SQ":3.644470510956,"PE_TTM_SQ":94.395618251662,"PB_TTM_SQ":3.280532282157,"ROA_SQ":2.670404783797,"START_DATE":"2023-04-01 00:00:00","FISCAL_YEAR":"3-31","CURRENCY":"HKD","IS_CNY_CODE":0,"DPS_HKD_LY":null,"ORG_TYPE":"一般企业","PREMIUM_INCOME":null,"PREMIUM_INCOME_YOY":null,"NET_INTEREST_INCOME":null,"NET_INTEREST_INCOME_YOY":null,"FEE_COMMISSION_INCOME":null,"FEE_COMMISSION_INCOME_YOY":null,"ACCOUNTS_RECE_TDAYS":39.630616977645,"INVENTORY_TDAYS":12.067922502534,"CURRENT_ASSETS_TDAYS":1.90153587063,"TOTAL_ASSETS_TDAYS":1.336198905136,"PREMIUM_EXPENSE":null,"LOAN_DEPOSIT":null,"LOAN_EQUITY":null,"LOAN_ASSETS":null,"DEPOSIT_EQUITY":null,"DEPOSIT_ASSETS":null,"EQUITY_MULTIPLIER":1.357340853214,"EQUITY_RATIO":0.356687113747},{"SECUCODE":"00241.HK","SECURITY_CODE":"00241","SECURITY_NAME_ABBR":"阿里健康","ORG_CODE":"10007502","STD_REPORT_DATE":"2023-06-30 00:00:00","REPORT_DATE":"2023-09-30 00:00:00","DATE_TYPE_CODE":"002","REPORT_TYPE":"2023年中报","PER_NETCASH_OPERATE":0.067254481939,"PER_OI":0.957340240414,"BPS":0.999808892791,"BASIC_EPS":0.033,"DILUTED_EPS":0.0329,"OPERATE_INCOME":12956000000,"OPERATE_INCOME_YOY":12.6552955771,"GROSS_PROFIT":2868668000,"GROSS_PROFIT_YOY":24.68913214318,"HOLDER_PROFIT":445891000,"HOLDER_PROFIT_YOY":174.9121422494,"GROSS_PROFIT_RATIO":22.141617783266,"EPS_TTM":0.039414469919,"OPERATE_INCOME_QOQ":0,"NET_PROFIT_RATIO":3.4358058043,"ROE_AVG":2.852577434742,"GROSS_PROFIT_QOQ":0,"ROA":2.113866406778,"HOLDER_PROFIT_QOQ":0,"ROE_YEARLY":5.705154869484,"ROIC_YEARLY":9.087765763663,"TOTAL_ASSETS":21439690000,"TOTAL_LIABILITIES":5377931000,"TAX_EBT":7.506789314129,"OCF_SALES":7.025138931769,"TOTAL_PARENT_EQUITY":16088751000,"DEBT_ASSET_RATIO":25.0839960839,"OPERATE_PROFIT":491915000,"PRETAX_PROFIT":481271000,"NETCASH_OPERATE":910177000,"NETCASH_INVEST":-979406000,"NETCASH_FINANCE":-30112000,"END_CASH":9320681000,"DIVI_RATIO":null,"DIVIDEND_RATE":null,"CURRENT_RATIO":3.009988015226,"COMMON_ACS":20000000000,"CURRENTDEBT_DEBT":96.876363791205,"ISSUED_COMMON_SHARES":16091826264,"HK_COMMON_SHARES":16091826264,"PER_SHARES":2000,"TOTAL_MARKET_CAP":54873127560.24,"HKSK_MARKET_CAP":54873127560.24,"PE_TTM":40.909522252742,"PB_TTM":3.239339557439,"REPORT_DATE_SQ":"2022-06-30 00:00:00","REPORT_TYPE_SQ":"2022年中报","OPERATE_INCOME_SQ":11500569000,"DPS_HKD":null,"OPERATE_INCOME_QOQ_SQ":0,"NET_PROFIT_RATIO_SQ":1.4084172705,"HOLDER_PROFIT_SQ":162194000,"HOLDER_PROFIT_QOQ_SQ":0,"ROE_AVG_SQ":1.106377355311,"PE_TTM_SQ":58.513176021723,"PB_TTM_SQ":3.056684197021,"ROA_SQ":0.812969890927,"START_DATE":"2023-04-01 00:00:00","FISCAL_YEAR":"3-31","CURRENCY":"HKD","IS_CNY_CODE":0,"DPS_HKD_LY":null,"ORG_TYPE":"一般企业","PREMIUM_INCOME":null,"PREMIUM_INCOME_YOY":null,"NET_INTEREST_INCOME":null,"NET_INTEREST_INCOME_YOY":null,"FEE_COMMISSION_INCOME":null,"FEE_COMMISSION_INCOME_YOY":null,"ACCOUNTS_RECE_TDAYS":21.85672508454,"INVENTORY_TDAYS":5.268434539884,"CURRENT_ASSETS_TDAYS":0.846917531667,"TOTAL_ASSETS_TDAYS":0.614214082953,"PREMIUM_EXPENSE":null,"LOAN_DEPOSIT":null,"LOAN_EQUITY":null,"LOAN_ASSETS":null,"DEPOSIT_EQUITY":null,"DEPOSIT_ASSETS":null,"EQUITY_MULTIPLIER":1.3348282713,"EQUITY_RATIO":0.334266531939},{"SECUCODE":"00241.HK","SECURITY_CODE":"00241","SECURITY_NAME_ABBR":"阿里健康","ORG_CODE":"10007502","STD_REPORT_DATE":"2022-12-31 00:00:00","REPORT_DATE":"2023-03-31 00:00:00","DATE_TYPE_CODE":"001","REPORT_TYPE":"2022年年报","PER_NETCASH_OPERATE":0.018910076496,"PER_OI":1.97931354306,"BPS":0.94294499276,"BASIC_EPS":0.0397,"DILUTED_EPS":0.0396,"OPERATE_INCOME":26763016000,"OPERATE_INCOME_YOY":30.0588756249,"GROSS_PROFIT":5701334000,"GROSS_PROFIT_YOY":38.786361125737,"HOLDER_PROFIT":535653000,"HOLDER_PROFIT_YOY":300.8649808891,"GROSS_PROFIT_RATIO":21.303032513227,"EPS_TTM":0.009383482528,"OPERATE_INCOME_QOQ":0,"NET_PROFIT_RATIO":1.9962735142,"ROE_AVG":3.644470510956,"GROSS_PROFIT_QOQ":0,"ROA":2.670404783797,"HOLDER_PROFIT_QOQ":0,"ROE_YEARLY":3.644470510956,"ROIC_YEARLY":5.755032498945,"TOTAL_ASSETS":20747820000,"TOTAL_LIABILITIES":5600621000,"TAX_EBT":2.628885251019,"OCF_SALES":0.955385596302,"TOTAL_PARENT_EQUITY":15173573000,"DEBT_ASSET_RATIO":26.9922022137,"OPERATE_PROFIT":545446000,"PRETAX_PROFIT":550994000,"NETCASH_OPERATE":255690000,"NETCASH_INVEST":-532436000,"NETCASH_FINANCE":-111278000,"END_CASH":9236850000,"DIVI_RATIO":null,"DIVIDEND_RATE":null,"CURRENT_RATIO":2.742794224639,"COMMON_ACS":20000000000,"CURRENTDEBT_DEBT":97.086448092096,"ISSUED_COMMON_SHARES":16091826264,"HK_COMMON_SHARES":16091826264,"PER_SHARES":2000,"TOTAL_MARKET_CAP":59700675439.44,"HKSK_MARKET_CAP":59700675439.44,"PE_TTM":44.508600456796,"PB_TTM":3.524325442257,"REPORT_DATE_SQ":"2021-12-31 00:00:00","REPORT_TYPE_SQ":"2021年年报","OPERATE_INCOME_SQ":20577616000,"DPS_HKD":null,"OPERATE_INCOME_QOQ_SQ":0,"NET_PROFIT_RATIO_SQ":-1.2923800308,"HOLDER_PROFIT_SQ":-265555000,"HOLDER_PROFIT_QOQ_SQ":0,"ROE_AVG_SQ":-1.870081335915,"PE_TTM_SQ":94.395618251662,"PB_TTM_SQ":3.280532282157,"ROA_SQ":-1.437718287939,"START_DATE":"2022-04-01 00:00:00","FISCAL_YEAR":"3-31","CURRENCY":"HKD","IS_CNY_CODE":0,"DPS_HKD_LY":null,"ORG_TYPE":"一般企业","PREMIUM_INCOME":null,"PREMIUM_INCOME_YOY":null,"NET_INTEREST_INCOME":null,"NET_INTEREST_INCOME_YOY":null,"FEE_COMMISSION_INCOME":null,"FEE_COMMISSION_INCOME_YOY":null,"ACCOUNTS_RECE_TDAYS":48.892401340188,"INVENTORY_TDAYS":11.532868514443,"CURRENT_ASSETS_TDAYS":1.879471409779,"TOTAL_ASSETS_TDAYS":1.339841546047,"PREMIUM_EXPENSE":null,"LOAN_DEPOSIT":null,"LOAN_EQUITY":null,"LOAN_ASSETS":null,"DEPOSIT_EQUITY":null,"DEPOSIT_ASSETS":null,"EQUITY_MULTIPLIER":1.369716701943,"EQUITY_RATIO":0.36910363828},{"SECUCODE":"00241.HK","SECURITY_CODE":"00241","SECURITY_NAME_ABBR":"阿里健康","ORG_CODE":"10007502","STD_REPORT_DATE":"2022-06-30 00:00:00","REPORT_DATE":"2022-09-30 00:00:00","DATE_TYPE_CODE":"002","REPORT_TYPE":"2022年中报","PER_NETCASH_OPERATE":0.037281399753,"PER_OI":0.850626249196,"BPS":0.928688500287,"BASIC_EPS":0.012,"DILUTED_EPS":0.012,"OPERATE_INCOME":11500569000,"OPERATE_INCOME_YOY":22.8993295906,"GROSS_PROFIT":2300656000,"GROSS_PROFIT_YOY":22.978765484893,"HOLDER_PROFIT":162194000,"HOLDER_PROFIT_YOY":169.3188535235,"GROSS_PROFIT_RATIO":20.004714549341,"EPS_TTM":-0.019641600547,"OPERATE_INCOME_QOQ":0,"NET_PROFIT_RATIO":1.4084172705,"ROE_AVG":1.106377355311,"GROSS_PROFIT_QOQ":0,"ROA":0.812969890927,"HOLDER_PROFIT_QOQ":0,"ROE_YEARLY":2.212754710622,"ROIC_YEARLY":3.615720974123,"TOTAL_ASSETS":20322496000,"TOTAL_LIABILITIES":5404040000,"TAX_EBT":6.015806868803,"OCF_SALES":4.3828179284,"TOTAL_PARENT_EQUITY":14944294000,"DEBT_ASSET_RATIO":26.5914186919,"OPERATE_PROFIT":176952000,"PRETAX_PROFIT":173975000,"NETCASH_OPERATE":504049000,"NETCASH_INVEST":-736551000,"NETCASH_FINANCE":-16010000,"END_CASH":9402825000,"DIVI_RATIO":null,"DIVIDEND_RATE":null,"CURRENT_RATIO":2.787303552411,"COMMON_ACS":20000000000,"CURRENTDEBT_DEBT":96.766881814346,"ISSUED_COMMON_SHARES":16091826264,"HK_COMMON_SHARES":16091826264,"PER_SHARES":2000,"TOTAL_MARKET_CAP":59700675439.44,"HKSK_MARKET_CAP":59700675439.44,"PE_TTM":44.508600456796,"PB_TTM":3.524325442257,"REPORT_DATE_SQ":"2021-06-30 00:00:00","REPORT_TYPE_SQ":"2021年中报","OPERATE_INCOME_SQ":9357715000,"DPS_HKD":null,"OPERATE_INCOME_QOQ_SQ":0,"NET_PROFIT_RATIO_SQ":-2.4746212083,"HOLDER_PROFIT_SQ":-231771000,"HOLDER_PROFIT_QOQ_SQ":0,"ROE_AVG_SQ":-1.6335716593,"PE_TTM_SQ":94.395618251662,"PB_TTM_SQ":3.280532282157,"ROA_SQ":-1.23950192207,"START_DATE":"2022-04-01 00:00:00","FISCAL_YEAR":"3-31","CURRENCY":"HKD","IS_CNY_CODE":0,"DPS_HKD_LY":null,"ORG_TYPE":"一般企业","PREMIUM_INCOME":null,"PREMIUM_INCOME_YOY":null,"NET_INTEREST_INCOME":null,"NET_INTEREST_INCOME_YOY":null,"FEE_COMMISSION_INCOME":null,"FEE_COMMISSION_INCOME_YOY":null,"ACCOUNTS_RECE_TDAYS":21.925077139091,"INVENTORY_TDAYS":5.824652250727,"CURRENT_ASSETS_TDAYS":0.817346983158,"TOTAL_ASSETS_TDAYS":0.581946852412,"PREMIUM_EXPENSE":null,"LOAN_DEPOSIT":null,"LOAN_EQUITY":null,"LOAN_ASSETS":null,"DEPOSIT_EQUITY":null,"DEPOSIT_ASSETS":null,"EQUITY_MULTIPLIER":1.362238558736,"EQUITY_RATIO":0.361612264855},{"SECUCODE":"00241.HK","SECURITY_CODE":"00241","SECURITY_NAME_ABBR":"阿里健康","ORG_CODE":"10007502","STD_REPORT_DATE":"2021-12-31 00:00:00","REPORT_DATE":"2022-03-31 00:00:00","DATE_TYPE_CODE":"001","REPORT_TYPE":"2021年年报","PER_NETCASH_OPERATE":0.031392888978,"PER_OI":1.522259986194,"BPS":0.876122993668,"BASIC_EPS":-0.0197,"DILUTED_EPS":-0.0197,"OPERATE_INCOME":20577616000,"OPERATE_INCOME_YOY":32.6008211635,"GROSS_PROFIT":4107993000,"GROSS_PROFIT_YOY":13.566774087159,"HOLDER_PROFIT":-265555000,"HOLDER_PROFIT_YOY":-176.1801897943,"GROSS_PROFIT_RATIO":19.963405867813,"EPS_TTM":-0.012350636577,"OPERATE_INCOME_QOQ":0,"NET_PROFIT_RATIO":-1.2923800308,"ROE_AVG":-1.870081335915,"GROSS_PROFIT_QOQ":0,"ROA":-1.437718287939,"HOLDER_PROFIT_QOQ":0,"ROE_YEARLY":-1.870081335915,"ROIC_YEARLY":-3.587832969423,"TOTAL_ASSETS":19201969000,"TOTAL_LIABILITIES":5129737000,"TAX_EBT":-5.317328940178,"OCF_SALES":2.062255413844,"TOTAL_PARENT_EQUITY":14098419000,"DEBT_ASSET_RATIO":26.7146405663,"OPERATE_PROFIT":-203079000,"PRETAX_PROFIT":-252514000,"NETCASH_OPERATE":424363000,"NETCASH_INVEST":1872308000,"NETCASH_FINANCE":-58628000,"END_CASH":9341427000,"DIVI_RATIO":null,"DIVIDEND_RATE":null,"CURRENT_RATIO":2.813176451168,"COMMON_ACS":20000000000,"CURRENTDEBT_DEBT":94.003513240542,"ISSUED_COMMON_SHARES":16091826264,"HK_COMMON_SHARES":16091826264,"PER_SHARES":2000,"TOTAL_MARKET_CAP":59700675439.44,"HKSK_MARKET_CAP":59700675439.44,"PE_TTM":44.508600456796,"PB_TTM":3.524325442257,"REPORT_DATE_SQ":"2020-12-31 00:00:00","REPORT_TYPE_SQ":"2020年年报","OPERATE_INCOME_SQ":15518468000,"DPS_HKD":null,"OPERATE_INCOME_QOQ_SQ":0,"NET_PROFIT_RATIO_SQ":2.2082076659,"HOLDER_PROFIT_SQ":348588000,"HOLDER_PROFIT_QOQ_SQ":0,"ROE_AVG_SQ":3.562273853354,"PE_TTM_SQ":94.395618251662,"PB_TTM_SQ":3.280532282157,"ROA_SQ":2.722367951237,"START_DATE":"2021-04-01 00:00:00","FISCAL_YEAR":"3-31","CURRENCY":"HKD","IS_CNY_CODE":0,"DPS_HKD_LY":null,"ORG_TYPE":"一般企业","PREMIUM_INCOME":null,"PREMIUM_INCOME_YOY":null,"NET_INTEREST_INCOME":null,"NET_INTEREST_INCOME_YOY":null,"FEE_COMMISSION_INCOME":null,"FEE_COMMISSION_INCOME_YOY":null,"ACCOUNTS_RECE_TDAYS":49.608524590164,"INVENTORY_TDAYS":10.911518938743,"CURRENT_ASSETS_TDAYS":1.482257543849,"TOTAL_ASSETS_TDAYS":1.114074856259,"PREMIUM_EXPENSE":null,"LOAN_DEPOSIT":null,"LOAN_EQUITY":null,"LOAN_ASSETS":null,"DEPOSIT_EQUITY":null,"DEPOSIT_ASSETS":null,"EQUITY_MULTIPLIER":1.364529024252,"EQUITY_RATIO":0.363851932617},{"SECUCODE":"00241.HK","SECURITY_CODE":"00241","SECURITY_NAME_ABBR":"阿里健康","ORG_CODE":"10007502","STD_REPORT_DATE":"2021-06-30 00:00:00","REPORT_DATE":"2021-09-30 00:00:00","DATE_TYPE_CODE":"002","REPORT_TYPE":"2021年中报","PER_NETCASH_OPERATE":0.044307782403,"PER_OI":0.693687176277,"BPS":0.874607503779,"BASIC_EPS":-0.0172,"DILUTED_EPS":-0.0172,"OPERATE_INCOME":9357715000,"OPERATE_INCOME_YOY":30.6572814332,"GROSS_PROFIT":1870775000,"GROSS_PROFIT_YOY":0.562216311637,"HOLDER_PROFIT":-231771000,"HOLDER_PROFIT_YOY":-181.7733416599,"GROSS_PROFIT_RATIO":19.991792868238,"EPS_TTM":0.025843606613,"OPERATE_INCOME_QOQ":0,"NET_PROFIT_RATIO":-2.4746212083,"ROE_AVG":-1.6335716593,"GROSS_PROFIT_QOQ":0,"ROA":-1.23950192207,"HOLDER_PROFIT_QOQ":0,"ROE_YEARLY":-3.2671433186,"ROIC_YEARLY":-6.371653973425,"TOTAL_ASSETS":19658237000,"TOTAL_LIABILITIES":5609769000,"TAX_EBT":-0.742184441099,"OCF_SALES":6.387285785045,"TOTAL_PARENT_EQUITY":14074032000,"DEBT_ASSET_RATIO":28.536480662,"OPERATE_PROFIT":-204740000,"PRETAX_PROFIT":-229862000,"NETCASH_OPERATE":597704000,"NETCASH_INVEST":1341079000,"NETCASH_FINANCE":-20816000,"END_CASH":9046333000,"DIVI_RATIO":null,"DIVIDEND_RATE":null,"CURRENT_RATIO":2.732708586965,"COMMON_ACS":20000000000,"CURRENTDEBT_DEBT":95.40949012339,"ISSUED_COMMON_SHARES":16091826264,"HK_COMMON_SHARES":16091826264,"PER_SHARES":2000,"TOTAL_MARKET_CAP":50850170994.24,"HKSK_MARKET_CAP":50850170994.24,"PE_TTM":37.910290416031,"PB_TTM":3.00185132009,"REPORT_DATE_SQ":"2020-06-30 00:00:00","REPORT_TYPE_SQ":"2020年中报","OPERATE_INCOME_SQ":7162031000,"DPS_HKD":null,"OPERATE_INCOME_QOQ_SQ":0,"NET_PROFIT_RATIO_SQ":3.8893157541,"HOLDER_PROFIT_SQ":283431000,"HOLDER_PROFIT_QOQ_SQ":0,"ROE_AVG_SQ":2.872104453317,"PE_TTM_SQ":54.22812020195,"PB_TTM_SQ":2.832836111886,"ROA_SQ":2.263270545757,"START_DATE":"2021-04-01 00:00:00","FISCAL_YEAR":"3-31","CURRENCY":"HKD","IS_CNY_CODE":0,"DPS_HKD_LY":null,"ORG_TYPE":"一般企业","PREMIUM_INCOME":null,"PREMIUM_INCOME_YOY":null,"NET_INTEREST_INCOME":null,"NET_INTEREST_INCOME_YOY":null,"FEE_COMMISSION_INCOME":null,"FEE_COMMISSION_INCOME_YOY":null,"ACCOUNTS_RECE_TDAYS":22.86152816307,"INVENTORY_TDAYS":4.638301576273,"CURRENT_ASSETS_TDAYS":0.649258091802,"TOTAL_ASSETS_TDAYS":0.500446808647,"PREMIUM_EXPENSE":null,"LOAN_DEPOSIT":null,"LOAN_EQUITY":null,"LOAN_ASSETS":null,"DEPOSIT_EQUITY":null,"DEPOSIT_ASSETS":null,"EQUITY_MULTIPLIER":1.399315355951,"EQUITY_RATIO":0.398590041574},{"SECUCODE":"00241.HK","SECURITY_CODE":"00241","SECURITY_NAME_ABBR":"阿里健康","ORG_CODE":"10007502","STD_REPORT_DATE":"2020-12-31 00:00:00","REPORT_DATE":"2021-03-31 00:00:00","DATE_TYPE_CODE":"001","REPORT_TYPE":"2020年年报","PER_NETCASH_OPERATE":0.074839087798,"PER_OI":1.150541831305,"BPS":0.888771091942,"BASIC_EPS":0.0263,"DILUTED_EPS":0.0262,"OPERATE_INCOME":15518468000,"OPERATE_INCOME_YOY":61.7100694046,"GROSS_PROFIT":3617249000,"GROSS_PROFIT_YOY":62.108157283833,"HOLDER_PROFIT":348588000,"HOLDER_PROFIT_YOY":5392.863650167,"GROSS_PROFIT_RATIO":23.309317646562,"EPS_TTM":0.020656616926,"OPERATE_INCOME_QOQ":0,"NET_PROFIT_RATIO":2.2082076659,"ROE_AVG":3.562273853354,"GROSS_PROFIT_QOQ":0,"ROA":2.722367951237,"HOLDER_PROFIT_QOQ":0,"ROE_YEARLY":3.562273853354,"ROIC_YEARLY":6.081224297613,"TOTAL_ASSETS":17739204000,"TOTAL_LIABILITIES":3457600000,"TAX_EBT":14.590286103101,"OCF_SALES":6.504682034335,"TOTAL_PARENT_EQUITY":14301950000,"DEBT_ASSET_RATIO":19.4912917175,"OPERATE_PROFIT":442081000,"PRETAX_PROFIT":401219000,"NETCASH_OPERATE":1009427000,"NETCASH_INVEST":-4961484000,"NETCASH_FINANCE":8922408000,"END_CASH":7252275000,"DIVI_RATIO":null,"DIVIDEND_RATE":null,"CURRENT_RATIO":4.175319153441,"COMMON_ACS":20000000000,"CURRENTDEBT_DEBT":98.359324386858,"ISSUED_COMMON_SHARES":16091826264,"HK_COMMON_SHARES":16091826264,"PER_SHARES":2000,"TOTAL_MARKET_CAP":59700675439.44,"HKSK_MARKET_CAP":59700675439.44,"PE_TTM":44.508600456796,"PB_TTM":3.524325442257,"REPORT_DATE_SQ":"2019-12-31 00:00:00","REPORT_TYPE_SQ":"2019年年报","OPERATE_INCOME_SQ":9596476000,"DPS_HKD":null,"OPERATE_INCOME_QOQ_SQ":0,"NET_PROFIT_RATIO_SQ":-0.1635600402,"HOLDER_PROFIT_SQ":-6586000,"HOLDER_PROFIT_QOQ_SQ":0,"ROE_AVG_SQ":-0.163350060221,"PE_TTM_SQ":94.395618251662,"PB_TTM_SQ":3.280532282157,"ROA_SQ":-0.095091943268,"START_DATE":"2020-04-01 00:00:00","FISCAL_YEAR":"3-31","CURRENCY":"HKD","IS_CNY_CODE":0,"DPS_HKD_LY":null,"ORG_TYPE":"一般企业","PREMIUM_INCOME":null,"PREMIUM_INCOME_YOY":null,"NET_INTEREST_INCOME":null,"NET_INTEREST_INCOME_YOY":null,"FEE_COMMISSION_INCOME":null,"FEE_COMMISSION_INCOME_YOY":null,"ACCOUNTS_RECE_TDAYS":48.635343082256,"INVENTORY_TDAYS":8.862105979187,"CURRENT_ASSETS_TDAYS":1.615436688253,"TOTAL_ASSETS_TDAYS":1.211945905639,"PREMIUM_EXPENSE":null,"LOAN_DEPOSIT":null,"LOAN_EQUITY":null,"LOAN_ASSETS":null,"DEPOSIT_EQUITY":null,"DEPOSIT_ASSETS":null,"EQUITY_MULTIPLIER":1.242101657489,"EQUITY_RATIO":0.241757242893},{"SECUCODE":"00241.HK","SECURITY_CODE":"00241","SECURITY_NAME_ABBR":"阿里健康","ORG_CODE":"10007502","STD_REPORT_DATE":"2020-06-30 00:00:00","REPORT_DATE":"2020-09-30 00:00:00","DATE_TYPE_CODE":"002","REPORT_TYPE":"2020年中报","PER_NETCASH_OPERATE":0.042103306062,"PER_OI":0.532389094659,"BPS":0.899069612277,"BASIC_EPS":0.0217,"DILUTED_EPS":0.0216,"OPERATE_INCOME":7162031000,"OPERATE_INCOME_YOY":73.968882975,"GROSS_PROFIT":1860316000,"GROSS_PROFIT_YOY":80.322586898785,"HOLDER_PROFIT":283431000,"HOLDER_PROFIT_YOY":25819.6914700544,"GROSS_PROFIT_RATIO":25.974699076282,"EPS_TTM":-0.000508553367,"OPERATE_INCOME_QOQ":0,"NET_PROFIT_RATIO":3.8893157541,"ROE_AVG":2.872104453317,"GROSS_PROFIT_QOQ":0,"ROA":2.263270545757,"HOLDER_PROFIT_QOQ":0,"ROE_YEARLY":5.744208906634,"ROIC_YEARLY":11.028232241075,"TOTAL_ASSETS":17176172000,"TOTAL_LIABILITIES":2738532000,"TAX_EBT":14.14340357723,"OCF_SALES":7.908371242738,"TOTAL_PARENT_EQUITY":14467672000,"DEBT_ASSET_RATIO":15.943785379,"OPERATE_PROFIT":364922000,"PRETAX_PROFIT":324441000,"NETCASH_OPERATE":566400000,"NETCASH_INVEST":-4396292000,"NETCASH_FINANCE":8957393000,"END_CASH":7513277000,"DIVI_RATIO":null,"DIVIDEND_RATE":null,"CURRENT_RATIO":5.353642158229,"COMMON_ACS":20000000000,"CURRENTDEBT_DEBT":97.854288355951,"ISSUED_COMMON_SHARES":16091826264,"HK_COMMON_SHARES":16091826264,"PER_SHARES":2000,"TOTAL_MARKET_CAP":50850170994.24,"HKSK_MARKET_CAP":50850170994.24,"PE_TTM":37.910290416031,"PB_TTM":3.00185132009,"REPORT_DATE_SQ":"2019-06-30 00:00:00","REPORT_TYPE_SQ":"2019年中报","OPERATE_INCOME_SQ":4116846000,"DPS_HKD":null,"OPERATE_INCOME_QOQ_SQ":0,"NET_PROFIT_RATIO_SQ":-0.1853117654,"HOLDER_PROFIT_SQ":-1102000,"HOLDER_PROFIT_QOQ_SQ":0,"ROE_AVG_SQ":-0.028201576269,"PE_TTM_SQ":54.22812020195,"PB_TTM_SQ":2.832836111886,"ROA_SQ":-0.015748409582,"START_DATE":"2020-04-01 00:00:00","FISCAL_YEAR":"3-31","CURRENCY":"HKD","IS_CNY_CODE":0,"DPS_HKD_LY":null,"ORG_TYPE":"一般企业","PREMIUM_INCOME":null,"PREMIUM_INCOME_YOY":null,"NET_INTEREST_INCOME":null,"NET_INTEREST_INCOME_YOY":null,"FEE_COMMISSION_INCOME":null,"FEE_COMMISSION_INCOME_YOY":null,"ACCOUNTS_RECE_TDAYS":21.546325753644,"INVENTORY_TDAYS":4.419939316357,"CURRENT_ASSETS_TDAYS":0.739897159699,"TOTAL_ASSETS_TDAYS":0.571906877162,"PREMIUM_EXPENSE":null,"LOAN_DEPOSIT":null,"LOAN_EQUITY":null,"LOAN_ASSETS":null,"DEPOSIT_EQUITY":null,"DEPOSIT_ASSETS":null,"EQUITY_MULTIPLIER":1.189680030809,"EQUITY_RATIO":0.189286292916}],"count":50},"success":true,"message":"ok","code":0}