{"version":"4965644e24ccb2f8267f8fa55dba82cc","result":{"pages":6,"data":[{"SECUCODE":"00245.HK","SECURITY_CODE":"00245","SECURITY_NAME_ABBR":"中薇金融","ORG_CODE":"10007506","STD_REPORT_DATE":"2024-06-30 00:00:00","REPORT_DATE":"2024-06-30 00:00:00","DATE_TYPE_CODE":"002","REPORT_TYPE":"2024年中报","PER_NETCASH_OPERATE":-0.002570845205,"PER_OI":0.001235127801,"BPS":0.098116766744,"BASIC_EPS":-0.000547608,"DILUTED_EPS":-0.000547608,"OPERATE_INCOME":42876793.72,"OPERATE_INCOME_YOY":-15.9648683457,"GROSS_PROFIT":null,"GROSS_PROFIT_YOY":null,"HOLDER_PROFIT":-18966403.08,"HOLDER_PROFIT_YOY":44.7049119259,"GROSS_PROFIT_RATIO":null,"EPS_TTM":-0.000196506538,"OPERATE_INCOME_QOQ":-8.908617324147,"NET_PROFIT_RATIO":-43.8174503502,"ROE_AVG":-0.520854089423,"GROSS_PROFIT_QOQ":0,"ROA":-0.48283200102,"HOLDER_PROFIT_QOQ":69.688523680001,"ROE_YEARLY":-1.041708178845,"ROIC_YEARLY":-1.130382504283,"TOTAL_ASSETS":3914910741.56,"TOTAL_LIABILITIES":260090983,"TAX_EBT":-103.993657714795,"OCF_SALES":-208.144064369186,"TOTAL_PARENT_EQUITY":3648173622.8,"DEBT_ASSET_RATIO":6.6435993097,"OPERATE_PROFIT":-145022113.96,"PRETAX_PROFIT":-9209853.88,"NETCASH_OPERATE":-89245501.12,"NETCASH_INVEST":-14602.88,"NETCASH_FINANCE":-26710492.88,"END_CASH":502747039.96,"DIVI_RATIO":null,"DIVIDEND_RATE":null,"CURRENT_RATIO":5.023791560663,"COMMON_ACS":null,"CURRENTDEBT_DEBT":100,"ISSUED_COMMON_SHARES":37181959250,"HK_COMMON_SHARES":37181959250,"PER_SHARES":10000,"TOTAL_MARKET_CAP":1673188166.25,"HKSK_MARKET_CAP":1673188166.25,"PE_TTM":-208.289327306112,"PB_TTM":0.418589007395,"REPORT_DATE_SQ":"2023-06-30 00:00:00","REPORT_TYPE_SQ":"2023年中报","OPERATE_INCOME_SQ":51542369.92,"DPS_HKD":null,"OPERATE_INCOME_QOQ_SQ":-37.867919633241,"NET_PROFIT_RATIO_SQ":-65.1098311391,"HOLDER_PROFIT_SQ":-34649852.36,"HOLDER_PROFIT_QOQ_SQ":39.859691514642,"ROE_AVG_SQ":-0.923860992623,"PE_TTM_SQ":-5.195119097371,"PB_TTM_SQ":0.470258185451,"ROA_SQ":-0.852047781512,"START_DATE":"2024-01-01 00:00:00","FISCAL_YEAR":"12-31","CURRENCY":"HKD","IS_CNY_CODE":0,"DPS_HKD_LY":null,"ORG_TYPE":"证券","PREMIUM_INCOME":null,"PREMIUM_INCOME_YOY":null,"NET_INTEREST_INCOME":27984594.16,"NET_INTEREST_INCOME_YOY":null,"FEE_COMMISSION_INCOME":9809484.64,"FEE_COMMISSION_INCOME_YOY":-30.653590554229,"ACCOUNTS_RECE_TDAYS":null,"INVENTORY_TDAYS":null,"CURRENT_ASSETS_TDAYS":0.031149908978,"TOTAL_ASSETS_TDAYS":0.010915242085,"PREMIUM_EXPENSE":null,"LOAN_DEPOSIT":null,"LOAN_EQUITY":null,"LOAN_ASSETS":null,"DEPOSIT_EQUITY":null,"DEPOSIT_ASSETS":null,"EQUITY_MULTIPLIER":1.071163833016,"EQUITY_RATIO":0.0712934772},{"SECUCODE":"00245.HK","SECURITY_CODE":"00245","SECURITY_NAME_ABBR":"中薇金融","ORG_CODE":"10007506","STD_REPORT_DATE":"2023-12-31 00:00:00","REPORT_DATE":"2023-12-31 00:00:00","DATE_TYPE_CODE":"001","REPORT_TYPE":"2023年年报","PER_NETCASH_OPERATE":-0.008174041162,"PER_OI":0.002802055526,"BPS":0.097060748049,"BASIC_EPS":-0.000724976,"DILUTED_EPS":-0.000724976,"OPERATE_INCOME":97271842.36,"OPERATE_INCOME_YOY":-53.5363504534,"GROSS_PROFIT":null,"GROSS_PROFIT_YOY":null,"HOLDER_PROFIT":-22505067.48,"HOLDER_PROFIT_YOY":96.0154862394,"GROSS_PROFIT_RATIO":null,"EPS_TTM":-0.000648290884,"OPERATE_INCOME_QOQ":-24.133802425492,"NET_PROFIT_RATIO":-21.9502878757,"ROE_AVG":-0.610775862917,"GROSS_PROFIT_QOQ":0,"ROA":-0.565518149116,"HOLDER_PROFIT_QOQ":93.278587124598,"ROE_YEARLY":-0.610775862917,"ROIC_YEARLY":-0.704254010134,"TOTAL_ASSETS":3913507445.12,"TOTAL_LIABILITIES":298634832.58,"TAX_EBT":-54.559170821307,"OCF_SALES":-291.715888129088,"TOTAL_PARENT_EQUITY":3608908778.72,"DEBT_ASSET_RATIO":7.6308742673,"OPERATE_PROFIT":-80165127.42,"PRETAX_PROFIT":-13814417.68,"NETCASH_OPERATE":-283757418.84,"NETCASH_INVEST":-24488783.06,"NETCASH_FINANCE":16240368.62,"END_CASH":624961935.92,"DIVI_RATIO":null,"DIVIDEND_RATE":null,"CURRENT_RATIO":4.894950792935,"COMMON_ACS":null,"CURRENTDEBT_DEBT":98.238448256504,"ISSUED_COMMON_SHARES":37181959250,"HK_COMMON_SHARES":37181959250,"PER_SHARES":10000,"TOTAL_MARKET_CAP":1710370125.5,"HKSK_MARKET_CAP":1710370125.5,"PE_TTM":-212.917979024026,"PB_TTM":0.427890985337,"REPORT_DATE_SQ":"2022-12-31 00:00:00","REPORT_TYPE_SQ":"2022年年报","OPERATE_INCOME_SQ":206358769.05,"DPS_HKD":null,"OPERATE_INCOME_QOQ_SQ":211.196000118848,"NET_PROFIT_RATIO_SQ":-269.5963465576,"HOLDER_PROFIT_SQ":-556742140.01,"HOLDER_PROFIT_QOQ_SQ":-34.991031920517,"ROE_AVG_SQ":-13.721819119704,"PE_TTM_SQ":-4.810295460529,"PB_TTM_SQ":0.435424245788,"ROA_SQ":-12.550580098568,"START_DATE":"2023-01-01 00:00:00","FISCAL_YEAR":"12-31","CURRENCY":"HKD","IS_CNY_CODE":0,"DPS_HKD_LY":null,"ORG_TYPE":"证券","PREMIUM_INCOME":null,"PREMIUM_INCOME_YOY":null,"NET_INTEREST_INCOME":69091119.02,"NET_INTEREST_INCOME_YOY":null,"FEE_COMMISSION_INCOME":24250447.2,"FEE_COMMISSION_INCOME_YOY":-12.155729901848,"ACCOUNTS_RECE_TDAYS":null,"INVENTORY_TDAYS":null,"CURRENT_ASSETS_TDAYS":0.060567006674,"TOTAL_ASSETS_TDAYS":0.02444293593,"PREMIUM_EXPENSE":null,"LOAN_DEPOSIT":null,"LOAN_EQUITY":null,"LOAN_ASSETS":null,"DEPOSIT_EQUITY":null,"DEPOSIT_ASSETS":null,"EQUITY_MULTIPLIER":1.082612823352,"EQUITY_RATIO":0.082749343608},{"SECUCODE":"00245.HK","SECURITY_CODE":"00245","SECURITY_NAME_ABBR":"中薇金融","ORG_CODE":"10007506","STD_REPORT_DATE":"2023-06-30 00:00:00","REPORT_DATE":"2023-06-30 00:00:00","DATE_TYPE_CODE":"002","REPORT_TYPE":"2023年中报","PER_NETCASH_OPERATE":-0.007948778584,"PER_OI":0.001484752205,"BPS":0.098845529083,"BASIC_EPS":-0.001014178,"DILUTED_EPS":-0.001014178,"OPERATE_INCOME":51542369.92,"OPERATE_INCOME_YOY":-63.1351964444,"GROSS_PROFIT":null,"GROSS_PROFIT_YOY":null,"HOLDER_PROFIT":-34649852.36,"HOLDER_PROFIT_YOY":87.4730842305,"GROSS_PROFIT_RATIO":null,"EPS_TTM":-0.009645157888,"OPERATE_INCOME_QOQ":-37.867919633241,"NET_PROFIT_RATIO":-65.1098311391,"ROE_AVG":-0.923860992623,"GROSS_PROFIT_QOQ":0,"ROA":-0.852047781512,"HOLDER_PROFIT_QOQ":39.859691514642,"ROE_YEARLY":-1.847721985247,"ROIC_YEARLY":-2.132928639513,"TOTAL_ASSETS":4017366503.5,"TOTAL_LIABILITIES":336270077.48,"TAX_EBT":-75.93407124559,"OCF_SALES":-535.360618202633,"TOTAL_PARENT_EQUITY":3675270434.4,"DEBT_ASSET_RATIO":8.3704107451,"OPERATE_PROFIT":-44217238.82,"PRETAX_PROFIT":-19074844.22,"NETCASH_OPERATE":-275937550.24,"NETCASH_INVEST":1796939.02,"NETCASH_FINANCE":17039112.38,"END_CASH":676119281.32,"DIVI_RATIO":null,"DIVIDEND_RATE":null,"CURRENT_RATIO":4.584160235208,"COMMON_ACS":null,"CURRENTDEBT_DEBT":98.477213031152,"ISSUED_COMMON_SHARES":37181959250,"HK_COMMON_SHARES":37181959250,"PER_SHARES":10000,"TOTAL_MARKET_CAP":1598824247.75,"HKSK_MARKET_CAP":1598824247.75,"PE_TTM":-199.032023870285,"PB_TTM":0.399985051511,"REPORT_DATE_SQ":"2022-06-30 00:00:00","REPORT_TYPE_SQ":"2022年中报","OPERATE_INCOME_SQ":129686142.74,"DPS_HKD":null,"OPERATE_INCOME_QOQ_SQ":5.294900699124,"NET_PROFIT_RATIO_SQ":-197.8766337391,"HOLDER_PROFIT_SQ":-256565551.9,"HOLDER_PROFIT_QOQ_SQ":-808.590624839272,"ROE_AVG_SQ":-6.469583136602,"PE_TTM_SQ":-4.810295460529,"PB_TTM_SQ":0.435424245788,"ROA_SQ":-5.907512313307,"START_DATE":"2023-01-01 00:00:00","FISCAL_YEAR":"12-31","CURRENCY":"HKD","IS_CNY_CODE":0,"DPS_HKD_LY":null,"ORG_TYPE":"证券","PREMIUM_INCOME":null,"PREMIUM_INCOME_YOY":null,"NET_INTEREST_INCOME":37936711.06,"NET_INTEREST_INCOME_YOY":null,"FEE_COMMISSION_INCOME":14289768.02,"FEE_COMMISSION_INCOME_YOY":-4.303531736231,"ACCOUNTS_RECE_TDAYS":null,"INVENTORY_TDAYS":null,"CURRENT_ASSETS_TDAYS":0.031003710751,"TOTAL_ASSETS_TDAYS":0.012674386456,"PREMIUM_EXPENSE":null,"LOAN_DEPOSIT":null,"LOAN_EQUITY":null,"LOAN_ASSETS":null,"DEPOSIT_EQUITY":null,"DEPOSIT_ASSETS":null,"EQUITY_MULTIPLIER":1.091350521302,"EQUITY_RATIO":0.091495328978},{"SECUCODE":"00245.HK","SECURITY_CODE":"00245","SECURITY_NAME_ABBR":"中薇金融","ORG_CODE":"10007506","STD_REPORT_DATE":"2022-12-31 00:00:00","REPORT_DATE":"2022-12-31 00:00:00","DATE_TYPE_CODE":"001","REPORT_TYPE":"2022年年报","PER_NETCASH_OPERATE":0.012195544812,"PER_OI":0.005944461573,"BPS":0.099690598029,"BASIC_EPS":-0.016882803,"DILUTED_EPS":-0.016882803,"OPERATE_INCOME":206358769.05,"OPERATE_INCOME_YOY":-25.5124315226,"GROSS_PROFIT":null,"GROSS_PROFIT_YOY":null,"HOLDER_PROFIT":-556742140.01,"HOLDER_PROFIT_YOY":-975.5046425712,"GROSS_PROFIT_RATIO":null,"EPS_TTM":-0.016037759252,"OPERATE_INCOME_QOQ":215.04759965779,"NET_PROFIT_RATIO":-269.5963465576,"ROE_AVG":-13.721819119704,"GROSS_PROFIT_QOQ":0,"ROA":-12.550580098568,"HOLDER_PROFIT_QOQ":-34.991031920517,"ROE_YEARLY":-13.721819119704,"ROIC_YEARLY":-15.367863724104,"TOTAL_ASSETS":3987777024.42,"TOTAL_LIABILITIES":276061520.42,"TAX_EBT":1.27760482383,"OCF_SALES":205.158106616453,"TOTAL_PARENT_EQUITY":3706691753.52,"DEBT_ASSET_RATIO":6.9226919843,"OPERATE_PROFIT":-126985476.66,"PRETAX_PROFIT":-563535458.36,"NETCASH_OPERATE":423361743.42,"NETCASH_INVEST":-16360240.05,"NETCASH_FINANCE":-158194543.92,"END_CASH":918578125.64,"DIVI_RATIO":null,"DIVIDEND_RATE":null,"CURRENT_RATIO":6.432285888709,"COMMON_ACS":null,"CURRENTDEBT_DEBT":98.586618173346,"ISSUED_COMMON_SHARES":37181959250,"HK_COMMON_SHARES":37181959250,"PER_SHARES":10000,"TOTAL_MARKET_CAP":1598824247.75,"HKSK_MARKET_CAP":1598824247.75,"PE_TTM":-199.032023870285,"PB_TTM":0.399985051511,"REPORT_DATE_SQ":"2021-12-31 00:00:00","REPORT_TYPE_SQ":"2021年年报","OPERATE_INCOME_SQ":253569646.4,"DPS_HKD":null,"OPERATE_INCOME_QOQ_SQ":3.79711997875,"NET_PROFIT_RATIO_SQ":22.6285633216,"HOLDER_PROFIT_SQ":58204126.4,"HOLDER_PROFIT_QOQ_SQ":-86.277081573709,"ROE_AVG_SQ":1.357970055186,"PE_TTM_SQ":-4.810295460529,"PB_TTM_SQ":0.435424245788,"ROA_SQ":1.221623747642,"START_DATE":"2022-01-01 00:00:00","FISCAL_YEAR":"12-31","CURRENCY":"HKD","IS_CNY_CODE":0,"DPS_HKD_LY":null,"ORG_TYPE":"证券","PREMIUM_INCOME":null,"PREMIUM_INCOME_YOY":null,"NET_INTEREST_INCOME":174098323,"NET_INTEREST_INCOME_YOY":null,"FEE_COMMISSION_INCOME":27211684.01,"FEE_COMMISSION_INCOME_YOY":-56.38235420455,"ACCOUNTS_RECE_TDAYS":null,"INVENTORY_TDAYS":null,"CURRENT_ASSETS_TDAYS":0.096274943385,"TOTAL_ASSETS_TDAYS":0.046519242462,"PREMIUM_EXPENSE":null,"LOAN_DEPOSIT":null,"LOAN_EQUITY":null,"LOAN_ASSETS":null,"DEPOSIT_EQUITY":null,"DEPOSIT_ASSETS":null,"EQUITY_MULTIPLIER":1.074375721987,"EQUITY_RATIO":0.07447652483},{"SECUCODE":"00245.HK","SECURITY_CODE":"00245","SECURITY_NAME_ABBR":"中薇金融","ORG_CODE":"10007506","STD_REPORT_DATE":"2022-06-30 00:00:00","REPORT_DATE":"2022-06-30 00:00:00","DATE_TYPE_CODE":"002","REPORT_TYPE":"2022年中报","PER_NETCASH_OPERATE":-0.003243268987,"PER_OI":0.003735796136,"BPS":0.099815769264,"BASIC_EPS":-0.007782229,"DILUTED_EPS":-0.007782229,"OPERATE_INCOME":129686142.74,"OPERATE_INCOME_YOY":8.5340891198,"GROSS_PROFIT":null,"GROSS_PROFIT_YOY":null,"HOLDER_PROFIT":-256565551.9,"HOLDER_PROFIT_YOY":-216.6138035045,"GROSS_PROFIT_RATIO":null,"EPS_TTM":-0.0118806109,"OPERATE_INCOME_QOQ":5.294900699124,"NET_PROFIT_RATIO":-197.8766337391,"ROE_AVG":-6.469583136602,"GROSS_PROFIT_QOQ":0,"ROA":-5.907512313307,"HOLDER_PROFIT_QOQ":-808.590624839272,"ROE_YEARLY":-12.939166273203,"ROIC_YEARLY":-13.467998352919,"TOTAL_ASSETS":4010092808.75,"TOTAL_LIABILITIES":294452179.28,"TAX_EBT":5.657316406029,"OCF_SALES":-86.81600569748,"TOTAL_PARENT_EQUITY":3711345865.29,"DEBT_ASSET_RATIO":7.3427771706,"OPERATE_PROFIT":-48956206.74,"PRETAX_PROFIT":-272006862.54,"NETCASH_OPERATE":-112588329.07,"NETCASH_INVEST":-14273121.1,"NETCASH_FINANCE":-141638278.18,"END_CASH":388903638.83,"DIVI_RATIO":null,"DIVIDEND_RATE":null,"CURRENT_RATIO":6.459402276925,"COMMON_ACS":null,"CURRENTDEBT_DEBT":96.227839866168,"ISSUED_COMMON_SHARES":37181959250,"HK_COMMON_SHARES":37181959250,"PER_SHARES":10000,"TOTAL_MARKET_CAP":1598824247.75,"HKSK_MARKET_CAP":1598824247.75,"PE_TTM":-199.032023870285,"PB_TTM":0.399985051511,"REPORT_DATE_SQ":"2021-06-30 00:00:00","REPORT_TYPE_SQ":"2021年中报","OPERATE_INCOME_SQ":116259881.76,"DPS_HKD":null,"OPERATE_INCOME_QOQ_SQ":-10.03544769888,"NET_PROFIT_RATIO_SQ":183.0527762271,"HOLDER_PROFIT_SQ":214067557.44,"HOLDER_PROFIT_QOQ_SQ":55.80130279687,"ROE_AVG_SQ":4.664146481481,"PE_TTM_SQ":-4.810295460529,"PB_TTM_SQ":0.435424245788,"ROA_SQ":4.280869272648,"START_DATE":"2022-01-01 00:00:00","FISCAL_YEAR":"12-31","CURRENCY":"HKD","IS_CNY_CODE":0,"DPS_HKD_LY":null,"ORG_TYPE":"证券","PREMIUM_INCOME":null,"PREMIUM_INCOME_YOY":null,"NET_INTEREST_INCOME":111196079.75,"NET_INTEREST_INCOME_YOY":null,"FEE_COMMISSION_INCOME":13850657.24,"FEE_COMMISSION_INCOME_YOY":3.363328865914,"ACCOUNTS_RECE_TDAYS":null,"INVENTORY_TDAYS":null,"CURRENT_ASSETS_TDAYS":0.060908771597,"TOTAL_ASSETS_TDAYS":0.029860691719,"PREMIUM_EXPENSE":null,"LOAN_DEPOSIT":null,"LOAN_EQUITY":null,"LOAN_ASSETS":null,"DEPOSIT_EQUITY":null,"DEPOSIT_ASSETS":null,"EQUITY_MULTIPLIER":1.079246678741,"EQUITY_RATIO":0.079338382885},{"SECUCODE":"00245.HK","SECURITY_CODE":"00245","SECURITY_NAME_ABBR":"中薇金融","ORG_CODE":"10007506","STD_REPORT_DATE":"2021-12-31 00:00:00","REPORT_DATE":"2021-12-31 00:00:00","DATE_TYPE_CODE":"001","REPORT_TYPE":"2021年年报","PER_NETCASH_OPERATE":0.011814133086,"PER_OI":0.007304438896,"BPS":0.108509593227,"BASIC_EPS":0.00179872,"DILUTED_EPS":0.00179872,"OPERATE_INCOME":253569646.4,"OPERATE_INCOME_YOY":-9.875014893,"GROSS_PROFIT":null,"GROSS_PROFIT_YOY":null,"HOLDER_PROFIT":58204126.4,"HOLDER_PROFIT_YOY":-77.990861086,"GROSS_PROFIT_RATIO":null,"EPS_TTM":0.001676653696,"OPERATE_INCOME_QOQ":3.79711997875,"NET_PROFIT_RATIO":22.6285633216,"ROE_AVG":1.357970055186,"GROSS_PROFIT_QOQ":0,"ROA":1.221623747642,"HOLDER_PROFIT_QOQ":-86.277081573709,"ROE_YEARLY":1.357970055186,"ROIC_YEARLY":1.279305933986,"TOTAL_ASSETS":4470451204.8,"TOTAL_LIABILITIES":430955324.8,"TAX_EBT":34.084718700103,"OCF_SALES":161.739091181696,"TOTAL_PARENT_EQUITY":4034599273.6,"DEBT_ASSET_RATIO":9.6400856436,"OPERATE_PROFIT":-265236798.4,"PRETAX_PROFIT":87049872,"NETCASH_OPERATE":410121241.6,"NETCASH_INVEST":-2260664,"NETCASH_FINANCE":-286946531.2,"END_CASH":638400884.8,"DIVI_RATIO":null,"DIVIDEND_RATE":null,"CURRENT_RATIO":5.469980811763,"COMMON_ACS":null,"CURRENTDEBT_DEBT":98.476564130389,"ISSUED_COMMON_SHARES":37181959250,"HK_COMMON_SHARES":37181959250,"PER_SHARES":10000,"TOTAL_MARKET_CAP":1598824247.75,"HKSK_MARKET_CAP":1598824247.75,"PE_TTM":-199.032023870285,"PB_TTM":0.399985051511,"REPORT_DATE_SQ":"2020-12-31 00:00:00","REPORT_TYPE_SQ":"2020年年报","OPERATE_INCOME_SQ":289625998.44,"DPS_HKD":null,"OPERATE_INCOME_QOQ_SQ":3.618429444363,"NET_PROFIT_RATIO_SQ":99.892758735,"HOLDER_PROFIT_SQ":272230141.28,"HOLDER_PROFIT_QOQ_SQ":176.331517300341,"ROE_AVG_SQ":5.885268451735,"PE_TTM_SQ":-4.810295460529,"PB_TTM_SQ":0.435424245788,"ROA_SQ":5.425218244387,"START_DATE":"2021-01-01 00:00:00","FISCAL_YEAR":"12-31","CURRENCY":"HKD","IS_CNY_CODE":0,"DPS_HKD_LY":null,"ORG_TYPE":"证券","PREMIUM_INCOME":null,"PREMIUM_INCOME_YOY":null,"NET_INTEREST_INCOME":179181128,"NET_INTEREST_INCOME_YOY":null,"FEE_COMMISSION_INCOME":57102001.6,"FEE_COMMISSION_INCOME_YOY":144.455722786139,"ACCOUNTS_RECE_TDAYS":null,"INVENTORY_TDAYS":null,"CURRENT_ASSETS_TDAYS":0.110147417739,"TOTAL_ASSETS_TDAYS":0.053220745827,"PREMIUM_EXPENSE":null,"LOAN_DEPOSIT":null,"LOAN_EQUITY":null,"LOAN_ASSETS":null,"DEPOSIT_EQUITY":null,"DEPOSIT_ASSETS":null,"EQUITY_MULTIPLIER":1.106685422538,"EQUITY_RATIO":0.106814901698},{"SECUCODE":"00245.HK","SECURITY_CODE":"00245","SECURITY_NAME_ABBR":"中薇金融","ORG_CODE":"10007506","STD_REPORT_DATE":"2021-06-30 00:00:00","REPORT_DATE":"2021-06-30 00:00:00","DATE_TYPE_CODE":"002","REPORT_TYPE":"2021年中报","PER_NETCASH_OPERATE":0.004337525752,"PER_OI":0.00334903335,"BPS":0.122674869093,"BASIC_EPS":0.006490224,"DILUTED_EPS":0.006490224,"OPERATE_INCOME":116259881.76,"OPERATE_INCOME_YOY":-11.0674050029,"GROSS_PROFIT":null,"GROSS_PROFIT_YOY":null,"HOLDER_PROFIT":214067557.44,"HOLDER_PROFIT_YOY":278.0573108009,"GROSS_PROFIT_RATIO":null,"EPS_TTM":0.012217909075,"OPERATE_INCOME_QOQ":-10.03544769888,"NET_PROFIT_RATIO":183.0527762271,"ROE_AVG":4.664146481481,"GROSS_PROFIT_QOQ":0,"ROA":4.280869272648,"HOLDER_PROFIT_QOQ":55.80130279687,"ROE_YEARLY":9.328292962962,"ROIC_YEARLY":8.564040686084,"TOTAL_ASSETS":4853010910.8,"TOTAL_LIABILITIES":507831737.28,"TAX_EBT":18.709794299372,"OCF_SALES":129.515752708951,"TOTAL_PARENT_EQUITY":4561291983.6,"DEBT_ASSET_RATIO":10.4642611899,"OPERATE_PROFIT":28606078.32,"PRETAX_PROFIT":261798994.56,"NETCASH_OPERATE":150574860.96,"NETCASH_INVEST":-12854803.92,"NETCASH_FINANCE":-242014628.4,"END_CASH":423155948.16,"DIVI_RATIO":null,"DIVIDEND_RATE":null,"CURRENT_RATIO":4.89442280175,"COMMON_ACS":null,"CURRENTDEBT_DEBT":99.049508779059,"ISSUED_COMMON_SHARES":37181959250,"HK_COMMON_SHARES":37181959250,"PER_SHARES":10000,"TOTAL_MARKET_CAP":1598824247.75,"HKSK_MARKET_CAP":1598824247.75,"PE_TTM":-199.032023870285,"PB_TTM":0.399985051511,"REPORT_DATE_SQ":"2020-06-30 00:00:00","REPORT_TYPE_SQ":"2020年中报","OPERATE_INCOME_SQ":143510558.4,"DPS_HKD":null,"OPERATE_INCOME_QOQ_SQ":55.381850162837,"NET_PROFIT_RATIO_SQ":42.9145184902,"HOLDER_PROFIT_SQ":62159592,"HOLDER_PROFIT_QOQ_SQ":30.00614539663,"ROE_AVG_SQ":1.269977179602,"PE_TTM_SQ":-4.810295460529,"PB_TTM_SQ":0.435424245788,"ROA_SQ":1.215386272261,"START_DATE":"2021-01-01 00:00:00","FISCAL_YEAR":"12-31","CURRENCY":"HKD","IS_CNY_CODE":0,"DPS_HKD_LY":null,"ORG_TYPE":"证券","PREMIUM_INCOME":null,"PREMIUM_INCOME_YOY":null,"NET_INTEREST_INCOME":95460378,"NET_INTEREST_INCOME_YOY":null,"FEE_COMMISSION_INCOME":13037861.52,"FEE_COMMISSION_INCOME_YOY":30.924131016043,"ACCOUNTS_RECE_TDAYS":null,"INVENTORY_TDAYS":null,"CURRENT_ASSETS_TDAYS":0.04859216207,"TOTAL_ASSETS_TDAYS":0.023249359287,"PREMIUM_EXPENSE":null,"LOAN_DEPOSIT":null,"LOAN_EQUITY":null,"LOAN_ASSETS":null,"DEPOSIT_EQUITY":null,"DEPOSIT_ASSETS":null,"EQUITY_MULTIPLIER":1.116872450364,"EQUITY_RATIO":0.111335064518},{"SECUCODE":"00245.HK","SECURITY_CODE":"00245","SECURITY_NAME_ABBR":"中薇金融","ORG_CODE":"10007506","STD_REPORT_DATE":"2020-12-31 00:00:00","REPORT_DATE":"2020-12-31 00:00:00","DATE_TYPE_CODE":"001","REPORT_TYPE":"2020年年报","PER_NETCASH_OPERATE":-0.036210188529,"PER_OI":0.008343094051,"BPS":0.125626689555,"BASIC_EPS":0.008248072,"DILUTED_EPS":0.008248072,"OPERATE_INCOME":289625998.44,"OPERATE_INCOME_YOY":71.3611183403,"GROSS_PROFIT":null,"GROSS_PROFIT_YOY":null,"HOLDER_PROFIT":272230141.28,"HOLDER_PROFIT_YOY":156.864182555,"GROSS_PROFIT_RATIO":null,"EPS_TTM":0.007841981329,"OPERATE_INCOME_QOQ":3.618429444363,"NET_PROFIT_RATIO":99.892758735,"ROE_AVG":5.885268451735,"GROSS_PROFIT_QOQ":0,"ROA":5.425218244387,"HOLDER_PROFIT_QOQ":176.331517300341,"ROE_YEARLY":5.885268451735,"ROIC_YEARLY":5.204503794783,"TOTAL_ASSETS":5207262870.52,"TOTAL_LIABILITIES":756147050.44,"TAX_EBT":14.708497631461,"OCF_SALES":-462.914358861507,"TOTAL_PARENT_EQUITY":4671046451.76,"DEBT_ASSET_RATIO":14.5210078546,"OPERATE_PROFIT":60667094.48,"PRETAX_PROFIT":318030506.8,"NETCASH_OPERATE":-1257017114.12,"NETCASH_INVEST":-8977773.88,"NETCASH_FINANCE":-9370819.76,"END_CASH":527688080.64,"DIVI_RATIO":null,"DIVIDEND_RATE":null,"CURRENT_RATIO":3.424469290736,"COMMON_ACS":null,"CURRENTDEBT_DEBT":90.750772744626,"ISSUED_COMMON_SHARES":37181959250,"HK_COMMON_SHARES":37181959250,"PER_SHARES":10000,"TOTAL_MARKET_CAP":1598824247.75,"HKSK_MARKET_CAP":1598824247.75,"PE_TTM":-199.032023870285,"PB_TTM":0.399985051511,"REPORT_DATE_SQ":"2019-12-31 00:00:00","REPORT_TYPE_SQ":"2019年年报","OPERATE_INCOME_SQ":168656562.62,"DPS_HKD":null,"OPERATE_INCOME_QOQ_SQ":-7.963500779604,"NET_PROFIT_RATIO_SQ":-303.0576962911,"HOLDER_PROFIT_SQ":-509533100.7,"HOLDER_PROFIT_QOQ_SQ":-347.269376871114,"ROE_AVG_SQ":-10.298226083191,"PE_TTM_SQ":-4.810295460529,"PB_TTM_SQ":0.435424245788,"ROA_SQ":-9.670380972021,"START_DATE":"2020-01-01 00:00:00","FISCAL_YEAR":"12-31","CURRENCY":"HKD","IS_CNY_CODE":0,"DPS_HKD_LY":null,"ORG_TYPE":"证券","PREMIUM_INCOME":null,"PREMIUM_INCOME_YOY":null,"NET_INTEREST_INCOME":230317310.92,"NET_INTEREST_INCOME_YOY":null,"FEE_COMMISSION_INCOME":24045654.8,"FEE_COMMISSION_INCOME_YOY":926.959022286125,"ACCOUNTS_RECE_TDAYS":null,"INVENTORY_TDAYS":null,"CURRENT_ASSETS_TDAYS":0.118031938867,"TOTAL_ASSETS_TDAYS":0.054115483556,"PREMIUM_EXPENSE":null,"LOAN_DEPOSIT":null,"LOAN_EQUITY":null,"LOAN_ASSETS":null,"DEPOSIT_EQUITY":null,"DEPOSIT_ASSETS":null,"EQUITY_MULTIPLIER":1.169878089226,"EQUITY_RATIO":0.161879582712},{"SECUCODE":"00245.HK","SECURITY_CODE":"00245","SECURITY_NAME_ABBR":"中薇金融","ORG_CODE":"10007506","STD_REPORT_DATE":"2020-06-30 00:00:00","REPORT_DATE":"2020-06-30 00:00:00","DATE_TYPE_CODE":"002","REPORT_TYPE":"2020年中报","PER_NETCASH_OPERATE":-0.040993689173,"PER_OI":0.004134028342,"BPS":0.129583282583,"BASIC_EPS":0.00182688,"DILUTED_EPS":0.00182688,"OPERATE_INCOME":143510558.4,"OPERATE_INCOME_YOY":175.8251404494,"GROSS_PROFIT":null,"GROSS_PROFIT_YOY":null,"HOLDER_PROFIT":62159592,"HOLDER_PROFIT_YOY":165.9757232607,"GROSS_PROFIT_RATIO":null,"EPS_TTM":-0.010273582402,"OPERATE_INCOME_QOQ":55.381850162837,"NET_PROFIT_RATIO":42.9145184902,"ROE_AVG":1.269977179602,"GROSS_PROFIT_QOQ":0,"ROA":1.215386272261,"HOLDER_PROFIT_QOQ":30.00614539663,"ROE_YEARLY":2.539954359204,"ROIC_YEARLY":2.329937861191,"TOTAL_ASSETS":4988397231.84,"TOTAL_LIABILITIES":389702734.08,"TAX_EBT":18.134243182205,"OCF_SALES":-991.616065177264,"TOTAL_PARENT_EQUITY":4818160332.48,"DEBT_ASSET_RATIO":7.8121832719,"OPERATE_PROFIT":44240639.52,"PRETAX_PROFIT":75229091.52,"NETCASH_OPERATE":-1423073752.32,"NETCASH_INVEST":-3364199.52,"NETCASH_FINANCE":-206731567.68,"END_CASH":288244212.96,"DIVI_RATIO":null,"DIVIDEND_RATE":null,"CURRENT_RATIO":4.487976800817,"COMMON_ACS":null,"CURRENTDEBT_DEBT":96.832398882409,"ISSUED_COMMON_SHARES":37181959250,"HK_COMMON_SHARES":37181959250,"PER_SHARES":10000,"TOTAL_MARKET_CAP":1598824247.75,"HKSK_MARKET_CAP":1598824247.75,"PE_TTM":-199.032023870285,"PB_TTM":0.399985051511,"REPORT_DATE_SQ":"2019-06-30 00:00:00","REPORT_TYPE_SQ":"2019年中报","OPERATE_INCOME_SQ":50105433.6,"DPS_HKD":null,"OPERATE_INCOME_QOQ_SQ":-59.282503520798,"NET_PROFIT_RATIO_SQ":-907.3204660059,"HOLDER_PROFIT_SQ":-90731651.04,"HOLDER_PROFIT_QOQ_SQ":-190.773044276182,"ROE_AVG_SQ":-1.865914613205,"PE_TTM_SQ":-4.810295460529,"PB_TTM_SQ":0.435424245788,"ROA_SQ":-1.735512528008,"START_DATE":"2020-01-01 00:00:00","FISCAL_YEAR":"12-31","CURRENCY":"HKD","IS_CNY_CODE":0,"DPS_HKD_LY":null,"ORG_TYPE":"证券","PREMIUM_INCOME":null,"PREMIUM_INCOME_YOY":null,"NET_INTEREST_INCOME":127928185.44,"NET_INTEREST_INCOME_YOY":null,"FEE_COMMISSION_INCOME":10932049.92,"FEE_COMMISSION_INCOME_YOY":218.319327731092,"ACCOUNTS_RECE_TDAYS":null,"INVENTORY_TDAYS":null,"CURRENT_ASSETS_TDAYS":0.069380228026,"TOTAL_ASSETS_TDAYS":0.028060152422,"PREMIUM_EXPENSE":null,"LOAN_DEPOSIT":null,"LOAN_EQUITY":null,"LOAN_ASSETS":null,"DEPOSIT_EQUITY":null,"DEPOSIT_ASSETS":null,"EQUITY_MULTIPLIER":1.084742035869,"EQUITY_RATIO":0.080882060203}],"count":50},"success":true,"message":"ok","code":0}