{"version":"fa35aef2a05eb3f836b7b39fdf4e5e66","result":{"pages":6,"data":[{"SECUCODE":"00243.HK","SECURITY_CODE":"00243","SECURITY_NAME_ABBR":"QPL INT\u0027L","ORG_CODE":"10007504","STD_REPORT_DATE":"2024-06-30 00:00:00","REPORT_DATE":"2024-10-31 00:00:00","DATE_TYPE_CODE":"002","REPORT_TYPE":"2024年中报","PER_NETCASH_OPERATE":-0.026040206987,"PER_OI":0.490236581473,"BPS":1.066889694765,"BASIC_EPS":0.03575247,"DILUTED_EPS":0.03575247,"OPERATE_INCOME":141554112.76,"OPERATE_INCOME_YOY":16.4767026982,"GROSS_PROFIT":85663834.85,"GROSS_PROFIT_YOY":27.09954397596,"HOLDER_PROFIT":10322379.8,"HOLDER_PROFIT_YOY":155.4161129977,"GROSS_PROFIT_RATIO":60.516669688884,"EPS_TTM":-0.193071831249,"OPERATE_INCOME_QOQ":-2.800939577234,"NET_PROFIT_RATIO":7.2921793643,"ROE_AVG":3.409507256558,"GROSS_PROFIT_QOQ":6.627398252221,"ROA":2.391003372037,"HOLDER_PROFIT_QOQ":29.862704165633,"ROE_YEARLY":6.819014513116,"ROIC_YEARLY":5.372496254521,"TOTAL_ASSETS":440561186.67,"TOTAL_LIABILITIES":132500487.28,"TAX_EBT":4.251700680272,"OCF_SALES":-5.311763334456,"TOTAL_PARENT_EQUITY":308060699.39,"DEBT_ASSET_RATIO":30.0753882296,"OPERATE_PROFIT":11412371.77,"PRETAX_PROFIT":10780744.8,"NETCASH_OPERATE":-7519019.46,"NETCASH_INVEST":-3801679.31,"NETCASH_FINANCE":-1106493.11,"END_CASH":41236348.86,"DIVI_RATIO":null,"DIVIDEND_RATE":null,"CURRENT_RATIO":2.500881612091,"COMMON_ACS":120000000000,"CURRENTDEBT_DEBT":98.881939447612,"ISSUED_COMMON_SHARES":288746532,"HK_COMMON_SHARES":288746532,"PER_SHARES":9000,"TOTAL_MARKET_CAP":60636771.72,"HKSK_MARKET_CAP":60636771.72,"PE_TTM":-2.033767288949,"PB_TTM":0.18044349003,"REPORT_DATE_SQ":"2023-06-30 00:00:00","REPORT_TYPE_SQ":"2023年中报","OPERATE_INCOME_SQ":121675805.27,"DPS_HKD":null,"OPERATE_INCOME_QOQ_SQ":-25.394395730482,"NET_PROFIT_RATIO_SQ":-15.3271126734,"HOLDER_PROFIT_SQ":-18649387.77,"HOLDER_PROFIT_QOQ_SQ":-262.07666561608,"ROE_AVG_SQ":-5.385355458904,"PE_TTM_SQ":-0.622955716443,"PB_TTM_SQ":0.1494193135,"ROA_SQ":-3.973319566824,"START_DATE":"2024-05-01 00:00:00","FISCAL_YEAR":"4-30","CURRENCY":"HKD","IS_CNY_CODE":0,"DPS_HKD_LY":null,"ORG_TYPE":"一般企业","PREMIUM_INCOME":null,"PREMIUM_INCOME_YOY":null,"NET_INTEREST_INCOME":null,"NET_INTEREST_INCOME_YOY":null,"FEE_COMMISSION_INCOME":null,"FEE_COMMISSION_INCOME_YOY":null,"ACCOUNTS_RECE_TDAYS":2.355996338114,"INVENTORY_TDAYS":0.705102034916,"CURRENT_ASSETS_TDAYS":0.445197916036,"TOTAL_ASSETS_TDAYS":0.327885979292,"PREMIUM_EXPENSE":null,"LOAN_DEPOSIT":null,"LOAN_EQUITY":null,"LOAN_ASSETS":null,"DEPOSIT_EQUITY":null,"DEPOSIT_ASSETS":null,"EQUITY_MULTIPLIER":1.430111622619,"EQUITY_RATIO":0.43011162262},{"SECUCODE":"00243.HK","SECURITY_CODE":"00243","SECURITY_NAME_ABBR":"QPL INT\u0027L","ORG_CODE":"10007504","STD_REPORT_DATE":"2023-12-31 00:00:00","REPORT_DATE":"2024-04-30 00:00:00","DATE_TYPE_CODE":"001","REPORT_TYPE":"2023年年报","PER_NETCASH_OPERATE":0.009255145444,"PER_OI":0.826135729831,"BPS":1.02037113696,"BASIC_EPS":-0.19305143,"DILUTED_EPS":-0.19305143,"OPERATE_INCOME":238543826.95,"OPERATE_INCOME_YOY":-16.0512961448,"GROSS_PROFIT":142352274.35,"GROSS_PROFIT_YOY":-10.852137853497,"HOLDER_PROFIT":-55748821.7,"HOLDER_PROFIT_YOY":-78.8921588624,"GROSS_PROFIT_RATIO":59.67552217557,"EPS_TTM":-0.275276982028,"OPERATE_INCOME_QOQ":-11.087348215495,"NET_PROFIT_RATIO":-23.3704734316,"ROE_AVG":-17.247976535964,"GROSS_PROFIT_QOQ":-4.668923796127,"ROA":-12.389737711469,"HOLDER_PROFIT_QOQ":-162.575331483143,"ROE_YEARLY":-17.247976535964,"ROIC_YEARLY":-14.239988124452,"TOTAL_ASSETS":418869844.25,"TOTAL_LIABILITIES":124241217.1,"TAX_EBT":-0.153344208809,"OCF_SALES":1.120293567924,"TOTAL_PARENT_EQUITY":294628627.15,"DEBT_ASSET_RATIO":29.6610555297,"OPERATE_PROFIT":-54344068.35,"PRETAX_PROFIT":-55663465,"NETCASH_OPERATE":2672391.15,"NETCASH_INVEST":-3295313.45,"NETCASH_FINANCE":-9738836.25,"END_CASH":53155430.9,"DIVI_RATIO":null,"DIVIDEND_RATE":null,"CURRENT_RATIO":2.495302551316,"COMMON_ACS":120000000000,"CURRENTDEBT_DEBT":98.488547163468,"ISSUED_COMMON_SHARES":288746532,"HK_COMMON_SHARES":288746532,"PER_SHARES":9000,"TOTAL_MARKET_CAP":60348025.188,"HKSK_MARKET_CAP":60348025.188,"PE_TTM":-2.024082682811,"PB_TTM":0.179584235315,"REPORT_DATE_SQ":"2022-12-31 00:00:00","REPORT_TYPE_SQ":"2022年年报","OPERATE_INCOME_SQ":276021271.68,"DPS_HKD":null,"OPERATE_INCOME_QOQ_SQ":-10.115405227215,"NET_PROFIT_RATIO_SQ":-10.9670595153,"HOLDER_PROFIT_SQ":-30271417.14,"HOLDER_PROFIT_QOQ_SQ":119.220718689993,"ROE_AVG_SQ":-8.601953793229,"PE_TTM_SQ":-0.62623443074,"PB_TTM_SQ":0.15020573094,"ROA_SQ":-5.920233228105,"START_DATE":"2023-05-01 00:00:00","FISCAL_YEAR":"4-30","CURRENCY":"HKD","IS_CNY_CODE":0,"DPS_HKD_LY":null,"ORG_TYPE":"一般企业","PREMIUM_INCOME":null,"PREMIUM_INCOME_YOY":null,"NET_INTEREST_INCOME":null,"NET_INTEREST_INCOME_YOY":null,"FEE_COMMISSION_INCOME":null,"FEE_COMMISSION_INCOME_YOY":null,"ACCOUNTS_RECE_TDAYS":3.871247734273,"INVENTORY_TDAYS":1.241650110472,"CURRENT_ASSETS_TDAYS":0.716091819294,"TOTAL_ASSETS_TDAYS":0.530144917592,"PREMIUM_EXPENSE":null,"LOAN_DEPOSIT":null,"LOAN_EQUITY":null,"LOAN_ASSETS":null,"DEPOSIT_EQUITY":null,"DEPOSIT_ASSETS":null,"EQUITY_MULTIPLIER":1.421687526776,"EQUITY_RATIO":0.421687526775},{"SECUCODE":"00243.HK","SECURITY_CODE":"00243","SECURITY_NAME_ABBR":"QPL INT\u0027L","ORG_CODE":"10007504","STD_REPORT_DATE":"2023-06-30 00:00:00","REPORT_DATE":"2023-10-31 00:00:00","DATE_TYPE_CODE":"002","REPORT_TYPE":"2023年中报","PER_NETCASH_OPERATE":0.005330629945,"PER_OI":0.421393131295,"BPS":1.167102805619,"BASIC_EPS":-0.064615232,"DILUTED_EPS":-0.064615232,"OPERATE_INCOME":121675805.27,"OPERATE_INCOME_YOY":-20.4033599318,"GROSS_PROFIT":67399010.39,"GROSS_PROFIT_YOY":-8.843274091375,"HOLDER_PROFIT":-18649387.77,"HOLDER_PROFIT_YOY":-160.7825540698,"GROSS_PROFIT_RATIO":55.392286281106,"EPS_TTM":-0.104837335813,"OPERATE_INCOME_QOQ":-25.394395730482,"NET_PROFIT_RATIO":-15.3271126734,"ROE_AVG":-5.385355458904,"GROSS_PROFIT_QOQ":-22.969305493293,"ROA":-3.973319566824,"HOLDER_PROFIT_QOQ":-262.07666561608,"ROE_YEARLY":-10.770710917808,"ROIC_YEARLY":-9.134793158908,"TOTAL_ASSETS":452500286.13,"TOTAL_LIABILITIES":115503398.52,"TAX_EBT":null,"OCF_SALES":1.265001621797,"TOTAL_PARENT_EQUITY":336996887.61,"DEBT_ASSET_RATIO":25.525596792,"OPERATE_PROFIT":-17976618.38,"PRETAX_PROFIT":-18649387.77,"NETCASH_OPERATE":1539200.91,"NETCASH_INVEST":-496546.03,"NETCASH_FINANCE":-7864885.27,"END_CASH":57638806.17,"DIVI_RATIO":null,"DIVIDEND_RATE":null,"CURRENT_RATIO":2.930564826293,"COMMON_ACS":120000000000,"CURRENTDEBT_DEBT":100,"ISSUED_COMMON_SHARES":288746532,"HK_COMMON_SHARES":288746532,"PER_SHARES":9000,"TOTAL_MARKET_CAP":60348025.188,"HKSK_MARKET_CAP":60348025.188,"PE_TTM":-2.024082682811,"PB_TTM":0.179584235315,"REPORT_DATE_SQ":"2022-06-30 00:00:00","REPORT_TYPE_SQ":"2022年中报","OPERATE_INCOME_SQ":152279244.81,"DPS_HKD":null,"OPERATE_INCOME_QOQ_SQ":14.819914445264,"NET_PROFIT_RATIO_SQ":20.0713295027,"HOLDER_PROFIT_SQ":30564468.99,"HOLDER_PROFIT_QOQ_SQ":-47.537606728314,"ROE_AVG_SQ":7.773011056468,"PE_TTM_SQ":-0.62623443074,"PB_TTM_SQ":0.15020573094,"ROA_SQ":5.37549165592,"START_DATE":"2023-05-01 00:00:00","FISCAL_YEAR":"4-30","CURRENCY":"HKD","IS_CNY_CODE":0,"DPS_HKD_LY":null,"ORG_TYPE":"一般企业","PREMIUM_INCOME":null,"PREMIUM_INCOME_YOY":null,"NET_INTEREST_INCOME":null,"NET_INTEREST_INCOME_YOY":null,"FEE_COMMISSION_INCOME":null,"FEE_COMMISSION_INCOME_YOY":null,"ACCOUNTS_RECE_TDAYS":2.157224568169,"INVENTORY_TDAYS":0.677442635721,"CURRENT_ASSETS_TDAYS":0.346022937863,"TOTAL_ASSETS_TDAYS":0.259234707247,"PREMIUM_EXPENSE":null,"LOAN_DEPOSIT":null,"LOAN_EQUITY":null,"LOAN_ASSETS":null,"DEPOSIT_EQUITY":null,"DEPOSIT_ASSETS":null,"EQUITY_MULTIPLIER":1.342743220388,"EQUITY_RATIO":0.342743220387},{"SECUCODE":"00243.HK","SECURITY_CODE":"00243","SECURITY_NAME_ABBR":"QPL INT\u0027L","ORG_CODE":"10007504","STD_REPORT_DATE":"2022-12-31 00:00:00","REPORT_DATE":"2023-04-30 00:00:00","DATE_TYPE_CODE":"001","REPORT_TYPE":"2022年年报","PER_NETCASH_OPERATE":0.106263922713,"PER_OI":0.955929305083,"BPS":1.183532538843,"BASIC_EPS":-0.11731398,"DILUTED_EPS":-0.11731398,"OPERATE_INCOME":276021271.68,"OPERATE_INCOME_YOY":-35.8817165525,"GROSS_PROFIT":159681085.92,"GROSS_PROFIT_YOY":-18.180383245018,"HOLDER_PROFIT":-30271417.14,"HOLDER_PROFIT_YOY":-439.7248069689,"GROSS_PROFIT_RATIO":50.736271602413,"EPS_TTM":0.06468379357,"OPERATE_INCOME_QOQ":-10.115405227215,"NET_PROFIT_RATIO":-10.9670595153,"ROE_AVG":-8.601953793229,"GROSS_PROFIT_QOQ":-6.846054920586,"ROA":-5.920233228105,"HOLDER_PROFIT_QOQ":119.220718689993,"ROE_YEARLY":-8.601953793229,"ROIC_YEARLY":-6.840733048162,"TOTAL_ASSETS":467280987.66,"TOTAL_LIABILITIES":125540071.56,"TAX_EBT":-2.203758301319,"OCF_SALES":11.116295122201,"TOTAL_PARENT_EQUITY":341740916.1,"DEBT_ASSET_RATIO":26.8660773443,"OPERATE_PROFIT":-28045097.7,"PRETAX_PROFIT":-29618692.74,"NETCASH_OPERATE":30683339.16,"NETCASH_INVEST":-7302574.74,"NETCASH_FINANCE":-38034427.2,"END_CASH":61948837.92,"DIVI_RATIO":null,"DIVIDEND_RATE":null,"CURRENT_RATIO":2.801251735585,"COMMON_ACS":120000000000,"CURRENTDEBT_DEBT":99.688742745528,"ISSUED_COMMON_SHARES":288746532,"HK_COMMON_SHARES":288746532,"PER_SHARES":9000,"TOTAL_MARKET_CAP":60348025.188,"HKSK_MARKET_CAP":60348025.188,"PE_TTM":-2.024082682811,"PB_TTM":0.179584235315,"REPORT_DATE_SQ":"2021-12-31 00:00:00","REPORT_TYPE_SQ":"2021年年报","OPERATE_INCOME_SQ":411609922.24,"DPS_HKD":null,"OPERATE_INCOME_QOQ_SQ":16.833087372429,"NET_PROFIT_RATIO_SQ":2.0698783726,"HOLDER_PROFIT_SQ":8519824.76,"HOLDER_PROFIT_QOQ_SQ":259.723382075548,"ROE_AVG_SQ":2.517873989155,"PE_TTM_SQ":-0.62623443074,"PB_TTM_SQ":0.15020573094,"ROA_SQ":1.628264951686,"START_DATE":"2022-05-01 00:00:00","FISCAL_YEAR":"4-30","CURRENCY":"HKD","IS_CNY_CODE":0,"DPS_HKD_LY":null,"ORG_TYPE":"一般企业","PREMIUM_INCOME":null,"PREMIUM_INCOME_YOY":null,"NET_INTEREST_INCOME":null,"NET_INTEREST_INCOME_YOY":null,"FEE_COMMISSION_INCOME":null,"FEE_COMMISSION_INCOME_YOY":null,"ACCOUNTS_RECE_TDAYS":3.347306830398,"INVENTORY_TDAYS":1.666891932074,"CURRENT_ASSETS_TDAYS":0.712601719974,"TOTAL_ASSETS_TDAYS":0.53981955873,"PREMIUM_EXPENSE":null,"LOAN_DEPOSIT":null,"LOAN_EQUITY":null,"LOAN_ASSETS":null,"DEPOSIT_EQUITY":null,"DEPOSIT_ASSETS":null,"EQUITY_MULTIPLIER":1.367354523984,"EQUITY_RATIO":0.367354523985},{"SECUCODE":"00243.HK","SECURITY_CODE":"00243","SECURITY_NAME_ABBR":"QPL INT\u0027L","ORG_CODE":"10007504","STD_REPORT_DATE":"2022-06-30 00:00:00","REPORT_DATE":"2022-10-31 00:00:00","DATE_TYPE_CODE":"002","REPORT_TYPE":"2022年中报","PER_NETCASH_OPERATE":0.072094832033,"PER_OI":0.625063319622,"BPS":1.423744217645,"BASIC_EPS":0.132757812,"DILUTED_EPS":0.132757812,"OPERATE_INCOME":152279244.81,"OPERATE_INCOME_YOY":-29.4305326046,"GROSS_PROFIT":73937506.77,"GROSS_PROFIT_YOY":-15.304882162257,"HOLDER_PROFIT":30564468.99,"HOLDER_PROFIT_YOY":34.5935499456,"GROSS_PROFIT_RATIO":48.553896404104,"EPS_TTM":0.037761479848,"OPERATE_INCOME_QOQ":14.819914445264,"NET_PROFIT_RATIO":20.0713295027,"ROE_AVG":7.773011056468,"GROSS_PROFIT_QOQ":6.123397933191,"ROA":5.37549165592,"HOLDER_PROFIT_QOQ":-47.537606728314,"ROE_YEARLY":15.546022112936,"ROIC_YEARLY":12.320274054138,"TOTAL_ASSETS":561511600.47,"TOTAL_LIABILITIES":150410395.17,"TAX_EBT":2.013717903623,"OCF_SALES":11.534004599192,"TOTAL_PARENT_EQUITY":411101205.3,"DEBT_ASSET_RATIO":26.7866941741,"OPERATE_PROFIT":31882904.01,"PRETAX_PROFIT":31192599.96,"NETCASH_OPERATE":17563895.1,"NETCASH_INVEST":-8143759.17,"NETCASH_FINANCE":-21424111.92,"END_CASH":66421878.57,"DIVI_RATIO":null,"DIVIDEND_RATE":null,"CURRENT_RATIO":2.92702016467,"COMMON_ACS":120000000000,"CURRENTDEBT_DEBT":98.636532184041,"ISSUED_COMMON_SHARES":288746532,"HK_COMMON_SHARES":288746532,"PER_SHARES":9000,"TOTAL_MARKET_CAP":60348025.188,"HKSK_MARKET_CAP":60348025.188,"PE_TTM":-2.024082682811,"PB_TTM":0.179584235315,"REPORT_DATE_SQ":"2021-06-30 00:00:00","REPORT_TYPE_SQ":"2021年中报","OPERATE_INCOME_SQ":193915256.4,"DPS_HKD":null,"OPERATE_INCOME_QOQ_SQ":13.124971479226,"NET_PROFIT_RATIO_SQ":10.5237066226,"HOLDER_PROFIT_SQ":20407072.68,"HOLDER_PROFIT_QOQ_SQ":78.148214990362,"ROE_AVG_SQ":6.06447580143,"PE_TTM_SQ":-0.62623443074,"PB_TTM_SQ":0.15020573094,"ROA_SQ":3.944074400199,"START_DATE":"2022-05-01 00:00:00","FISCAL_YEAR":"4-30","CURRENCY":"HKD","IS_CNY_CODE":0,"DPS_HKD_LY":null,"ORG_TYPE":"一般企业","PREMIUM_INCOME":null,"PREMIUM_INCOME_YOY":null,"NET_INTEREST_INCOME":null,"NET_INTEREST_INCOME_YOY":null,"FEE_COMMISSION_INCOME":null,"FEE_COMMISSION_INCOME_YOY":null,"ACCOUNTS_RECE_TDAYS":1.773366127899,"INVENTORY_TDAYS":0.877671533856,"CURRENT_ASSETS_TDAYS":0.348517267248,"TOTAL_ASSETS_TDAYS":0.267819411524,"PREMIUM_EXPENSE":null,"LOAN_DEPOSIT":null,"LOAN_EQUITY":null,"LOAN_ASSETS":null,"DEPOSIT_EQUITY":null,"DEPOSIT_ASSETS":null,"EQUITY_MULTIPLIER":1.36587193915,"EQUITY_RATIO":0.36587193915},{"SECUCODE":"00243.HK","SECURITY_CODE":"00243","SECURITY_NAME_ABBR":"QPL INT\u0027L","ORG_CODE":"10007504","STD_REPORT_DATE":"2021-12-31 00:00:00","REPORT_DATE":"2022-04-30 00:00:00","DATE_TYPE_CODE":"001","REPORT_TYPE":"2021年年报","PER_NETCASH_OPERATE":-0.192227687703,"PER_OI":1.824333272302,"BPS":1.199001378829,"BASIC_EPS":0.03963886,"DILUTED_EPS":0.033819538,"OPERATE_INCOME":411609922.24,"OPERATE_INCOME_YOY":32.5061563147,"GROSS_PROFIT":195162348.9,"GROSS_PROFIT_YOY":13.251857441257,"HOLDER_PROFIT":8519824.76,"HOLDER_PROFIT_YOY":182.769356821,"GROSS_PROFIT_RATIO":47.414393666197,"EPS_TTM":0.071978187599,"OPERATE_INCOME_QOQ":16.833087372429,"NET_PROFIT_RATIO":2.0698783726,"ROE_AVG":2.517873989155,"GROSS_PROFIT_QOQ":6.717142163647,"ROA":1.628264951686,"HOLDER_PROFIT_QOQ":259.723382075548,"ROE_YEARLY":2.517873989155,"ROIC_YEARLY":2.088635729275,"TOTAL_ASSETS":531008072.22,"TOTAL_LIABILITIES":184800582.22,"TAX_EBT":6.704839305504,"OCF_SALES":-10.536873422286,"TOTAL_PARENT_EQUITY":346207490,"DEBT_ASSET_RATIO":34.8018404781,"OPERATE_PROFIT":10403092.3,"PRETAX_PROFIT":9132118.64,"NETCASH_OPERATE":-52262571.84,"NETCASH_INVEST":-31881450.76,"NETCASH_FINANCE":-3774968.88,"END_CASH":72341762.88,"DIVI_RATIO":null,"DIVIDEND_RATE":null,"CURRENT_RATIO":2.264062720723,"COMMON_ACS":120000000000,"CURRENTDEBT_DEBT":96.919938480917,"ISSUED_COMMON_SHARES":288746532,"HK_COMMON_SHARES":288746532,"PER_SHARES":9000,"TOTAL_MARKET_CAP":60348025.188,"HKSK_MARKET_CAP":60348025.188,"PE_TTM":-2.024082682811,"PB_TTM":0.179584235315,"REPORT_DATE_SQ":"2020-12-31 00:00:00","REPORT_TYPE_SQ":"2020年年报","OPERATE_INCOME_SQ":306833492.26,"DPS_HKD":null,"OPERATE_INCOME_QOQ_SQ":8.485465396848,"NET_PROFIT_RATIO_SQ":-3.3136856166,"HOLDER_PROFIT_SQ":-10167497.3,"HOLDER_PROFIT_QOQ_SQ":25.013241136625,"ROE_AVG_SQ":-3.081253707981,"PE_TTM_SQ":-0.62623443074,"PB_TTM_SQ":0.15020573094,"ROA_SQ":-2.156973980231,"START_DATE":"2021-05-01 00:00:00","FISCAL_YEAR":"4-30","CURRENCY":"HKD","IS_CNY_CODE":0,"DPS_HKD_LY":null,"ORG_TYPE":"一般企业","PREMIUM_INCOME":null,"PREMIUM_INCOME_YOY":null,"NET_INTEREST_INCOME":null,"NET_INTEREST_INCOME_YOY":null,"FEE_COMMISSION_INCOME":null,"FEE_COMMISSION_INCOME_YOY":null,"ACCOUNTS_RECE_TDAYS":4.451510217856,"INVENTORY_TDAYS":3.075281444158,"CURRENT_ASSETS_TDAYS":1.045265392054,"TOTAL_ASSETS_TDAYS":0.786647647139,"PREMIUM_EXPENSE":null,"LOAN_DEPOSIT":null,"LOAN_EQUITY":null,"LOAN_ASSETS":null,"DEPOSIT_EQUITY":null,"DEPOSIT_ASSETS":null,"EQUITY_MULTIPLIER":1.533785627283,"EQUITY_RATIO":0.533785627284},{"SECUCODE":"00243.HK","SECURITY_CODE":"00243","SECURITY_NAME_ABBR":"QPL INT\u0027L","ORG_CODE":"10007504","STD_REPORT_DATE":"2021-06-30 00:00:00","REPORT_DATE":"2021-10-31 00:00:00","DATE_TYPE_CODE":"002","REPORT_TYPE":"2021年中报","PER_NETCASH_OPERATE":-0.016453039642,"PER_OI":0.859469208935,"BPS":1.215543835519,"BASIC_EPS":0.099664932,"DILUTED_EPS":0.099664932,"OPERATE_INCOME":193915256.4,"OPERATE_INCOME_YOY":43.8664293378,"GROSS_PROFIT":87298428.36,"GROSS_PROFIT_YOY":15.286468007574,"HOLDER_PROFIT":20407072.68,"HOLDER_PROFIT_YOY":458.9680589681,"GROSS_PROFIT_RATIO":45.018855133257,"EPS_TTM":-0.054076072755,"OPERATE_INCOME_QOQ":13.124971479226,"NET_PROFIT_RATIO":10.5237066226,"ROE_AVG":6.06447580143,"GROSS_PROFIT_QOQ":17.143441741486,"ROA":3.944074400199,"HOLDER_PROFIT_QOQ":78.148214990362,"ROE_YEARLY":12.128951602861,"ROIC_YEARLY":10.304419528487,"TOTAL_ASSETS":532626486.72,"TOTAL_LIABILITIES":181642419.72,"TAX_EBT":0.092518101368,"OCF_SALES":-1.914325664167,"TOTAL_PARENT_EQUITY":350984067,"DEBT_ASSET_RATIO":34.1031518801,"OPERATE_PROFIT":21152300.16,"PRETAX_PROFIT":20425970.4,"NETCASH_OPERATE":-3712169.52,"NETCASH_INVEST":-70760458.44,"NETCASH_FINANCE":8643652.8,"END_CASH":88412572.2,"DIVI_RATIO":null,"DIVIDEND_RATE":null,"CURRENT_RATIO":2.421723366733,"COMMON_ACS":120000000000,"CURRENTDEBT_DEBT":91.823967648695,"ISSUED_COMMON_SHARES":288746532,"HK_COMMON_SHARES":288746532,"PER_SHARES":9000,"TOTAL_MARKET_CAP":60348025.188,"HKSK_MARKET_CAP":60348025.188,"PE_TTM":-2.024082682811,"PB_TTM":0.179584235315,"REPORT_DATE_SQ":"2020-06-30 00:00:00","REPORT_TYPE_SQ":"2020年中报","OPERATE_INCOME_SQ":142265706.56,"DPS_HKD":null,"OPERATE_INCOME_QOQ_SQ":13.131338143202,"NET_PROFIT_RATIO_SQ":-4.2176679996,"HOLDER_PROFIT_SQ":-6000295.18,"HOLDER_PROFIT_QOQ_SQ":-103.02416586066,"ROE_AVG_SQ":-1.741286019882,"PE_TTM_SQ":-0.62623443074,"PB_TTM_SQ":0.15020573094,"ROA_SQ":-1.323386101099,"START_DATE":"2021-05-01 00:00:00","FISCAL_YEAR":"4-30","CURRENCY":"HKD","IS_CNY_CODE":0,"DPS_HKD_LY":null,"ORG_TYPE":"一般企业","PREMIUM_INCOME":null,"PREMIUM_INCOME_YOY":null,"NET_INTEREST_INCOME":null,"NET_INTEREST_INCOME_YOY":null,"FEE_COMMISSION_INCOME":null,"FEE_COMMISSION_INCOME_YOY":null,"ACCOUNTS_RECE_TDAYS":2.380945175007,"INVENTORY_TDAYS":1.716562931998,"CURRENT_ASSETS_TDAYS":0.499697230186,"TOTAL_ASSETS_TDAYS":0.374779965048,"PREMIUM_EXPENSE":null,"LOAN_DEPOSIT":null,"LOAN_EQUITY":null,"LOAN_ASSETS":null,"DEPOSIT_EQUITY":null,"DEPOSIT_ASSETS":null,"EQUITY_MULTIPLIER":1.517523263299,"EQUITY_RATIO":0.5175232633},{"SECUCODE":"00243.HK","SECURITY_CODE":"00243","SECURITY_NAME_ABBR":"QPL INT\u0027L","ORG_CODE":"10007504","STD_REPORT_DATE":"2020-12-31 00:00:00","REPORT_DATE":"2021-04-30 00:00:00","DATE_TYPE_CODE":"001","REPORT_TYPE":"2020年年报","PER_NETCASH_OPERATE":-0.036539563459,"PER_OI":1.631901121948,"BPS":1.130733491823,"BASIC_EPS":-0.054065594,"DILUTED_EPS":-0.054065594,"OPERATE_INCOME":306833492.26,"OPERATE_INCOME_YOY":34.1412427115,"GROSS_PROFIT":172325958.54,"GROSS_PROFIT_YOY":25.095991694708,"HOLDER_PROFIT":-10167497.3,"HOLDER_PROFIT_YOY":82.0896617507,"GROSS_PROFIT_RATIO":56.162695040467,"EPS_TTM":-0.247467530601,"OPERATE_INCOME_QOQ":8.485465396848,"NET_PROFIT_RATIO":-3.3136856166,"ROE_AVG":-3.081253707981,"GROSS_PROFIT_QOQ":6.788728276203,"ROA":-2.156973980231,"HOLDER_PROFIT_QOQ":25.013241136625,"ROE_YEARLY":-3.081253707981,"ROIC_YEARLY":-3.093546514723,"TOTAL_ASSETS":509175435.66,"TOTAL_LIABILITIES":182680061.28,"TAX_EBT":-3.039257070494,"OCF_SALES":-2.23907949859,"TOTAL_PARENT_EQUITY":326495374.38,"DEBT_ASSET_RATIO":35.877626548,"OPERATE_PROFIT":-8153158.22,"PRETAX_PROFIT":-9867595.7,"NETCASH_OPERATE":-6870245.82,"NETCASH_INVEST":-13476411.62,"NETCASH_FINANCE":47686020.52,"END_CASH":156385355.44,"DIVI_RATIO":null,"DIVIDEND_RATE":null,"CURRENT_RATIO":2.403436914735,"COMMON_ACS":120000000000,"CURRENTDEBT_DEBT":85.95226368976,"ISSUED_COMMON_SHARES":288746532,"HK_COMMON_SHARES":288746532,"PER_SHARES":9000,"TOTAL_MARKET_CAP":60348025.188,"HKSK_MARKET_CAP":60348025.188,"PE_TTM":-2.024082682811,"PB_TTM":0.179584235315,"REPORT_DATE_SQ":"2019-12-31 00:00:00","REPORT_TYPE_SQ":"2019年年报","OPERATE_INCOME_SQ":250018833.12,"DPS_HKD":null,"OPERATE_INCOME_QOQ_SQ":-8.884629567563,"NET_PROFIT_RATIO_SQ":-24.8181748653,"HOLDER_PROFIT_SQ":-62050111.2,"HOLDER_PROFIT_QOQ_SQ":21.562763652008,"ROE_AVG_SQ":-15.700455265971,"PE_TTM_SQ":-0.62623443074,"PB_TTM_SQ":0.15020573094,"ROA_SQ":-12.919352866401,"START_DATE":"2020-05-01 00:00:00","FISCAL_YEAR":"4-30","CURRENCY":"HKD","IS_CNY_CODE":0,"DPS_HKD_LY":null,"ORG_TYPE":"一般企业","PREMIUM_INCOME":null,"PREMIUM_INCOME_YOY":null,"NET_INTEREST_INCOME":null,"NET_INTEREST_INCOME_YOY":null,"FEE_COMMISSION_INCOME":null,"FEE_COMMISSION_INCOME_YOY":null,"ACCOUNTS_RECE_TDAYS":4.326926917519,"INVENTORY_TDAYS":2.735902128236,"CURRENT_ASSETS_TDAYS":0.906262648631,"TOTAL_ASSETS_TDAYS":0.650928974496,"PREMIUM_EXPENSE":null,"LOAN_DEPOSIT":null,"LOAN_EQUITY":null,"LOAN_ASSETS":null,"DEPOSIT_EQUITY":null,"DEPOSIT_ASSETS":null,"EQUITY_MULTIPLIER":1.559518068601,"EQUITY_RATIO":0.5595180686},{"SECUCODE":"00243.HK","SECURITY_CODE":"00243","SECURITY_NAME_ABBR":"QPL INT\u0027L","ORG_CODE":"10007504","STD_REPORT_DATE":"2020-06-30 00:00:00","REPORT_DATE":"2020-10-31 00:00:00","DATE_TYPE_CODE":"002","REPORT_TYPE":"2020年中报","PER_NETCASH_OPERATE":0.020317313214,"PER_OI":0.756643495597,"BPS":1.184578181739,"BASIC_EPS":-0.031913696,"DILUTED_EPS":-0.031913696,"OPERATE_INCOME":142265706.56,"OPERATE_INCOME_YOY":21.969680072,"GROSS_PROFIT":75723048.74,"GROSS_PROFIT_YOY":14.090156593879,"HOLDER_PROFIT":-6000295.18,"HOLDER_PROFIT_YOY":71.0647373704,"GROSS_PROFIT_RATIO":53.226494684483,"EPS_TTM":-0.330014971112,"OPERATE_INCOME_QOQ":13.131338143202,"NET_PROFIT_RATIO":-4.2176679996,"ROE_AVG":-1.741286019882,"GROSS_PROFIT_QOQ":17.091340005339,"ROA":-1.323386101099,"HOLDER_PROFIT_QOQ":-103.02416586066,"ROE_YEARLY":-3.482572039763,"ROIC_YEARLY":-3.77291614409,"TOTAL_ASSETS":455450068.48,"TOTAL_LIABILITIES":113407226.62,"TAX_EBT":-11.184316246184,"OCF_SALES":2.685189700575,"TOTAL_PARENT_EQUITY":342042841.86,"DEBT_ASSET_RATIO":24.9000350353,"OPERATE_PROFIT":27250654.06,"PRETAX_PROFIT":-5396710.06,"NETCASH_OPERATE":3820104.1,"NETCASH_INVEST":4055120.72,"NETCASH_FINANCE":-5860672.76,"END_CASH":136339992.3,"DIVI_RATIO":null,"DIVIDEND_RATE":null,"CURRENT_RATIO":3.369904125959,"COMMON_ACS":120000000000,"CURRENTDEBT_DEBT":83.828218794687,"ISSUED_COMMON_SHARES":288746532,"HK_COMMON_SHARES":288746532,"PER_SHARES":9000,"TOTAL_MARKET_CAP":60348025.188,"HKSK_MARKET_CAP":60348025.188,"PE_TTM":-2.024082682811,"PB_TTM":0.179584235315,"REPORT_DATE_SQ":"2019-06-30 00:00:00","REPORT_TYPE_SQ":"2019年中报","OPERATE_INCOME_SQ":121050444.99,"DPS_HKD":null,"OPERATE_INCOME_QOQ_SQ":-9.838296724321,"NET_PROFIT_RATIO_SQ":-17.7785708444,"HOLDER_PROFIT_SQ":-21521039.12,"HOLDER_PROFIT_QOQ_SQ":-65.09722546281,"ROE_AVG_SQ":-5.25713506805,"PE_TTM_SQ":-0.62623443074,"PB_TTM_SQ":0.15020573094,"ROA_SQ":-4.348885679886,"START_DATE":"2020-05-01 00:00:00","FISCAL_YEAR":"4-30","CURRENCY":"HKD","IS_CNY_CODE":0,"DPS_HKD_LY":null,"ORG_TYPE":"一般企业","PREMIUM_INCOME":null,"PREMIUM_INCOME_YOY":null,"NET_INTEREST_INCOME":null,"NET_INTEREST_INCOME_YOY":null,"FEE_COMMISSION_INCOME":null,"FEE_COMMISSION_INCOME_YOY":null,"ACCOUNTS_RECE_TDAYS":2.264276989117,"INVENTORY_TDAYS":1.42443959716,"CURRENT_ASSETS_TDAYS":0.449910661271,"TOTAL_ASSETS_TDAYS":0.313771994671,"PREMIUM_EXPENSE":null,"LOAN_DEPOSIT":null,"LOAN_EQUITY":null,"LOAN_ASSETS":null,"DEPOSIT_EQUITY":null,"DEPOSIT_ASSETS":null,"EQUITY_MULTIPLIER":1.331558543962,"EQUITY_RATIO":0.331558543963}],"count":48},"success":true,"message":"ok","code":0}