{"version":"363496af01ae0685eea0d84bfe38935b","result":{"pages":6,"data":[{"SECUCODE":"00257.HK","SECURITY_CODE":"00257","SECURITY_NAME_ABBR":"光大环境","ORG_CODE":"10007515","STD_REPORT_DATE":"2024-06-30 00:00:00","REPORT_DATE":"2024-06-30 00:00:00","DATE_TYPE_CODE":"002","REPORT_TYPE":"2024年中报","PER_NETCASH_OPERATE":0.320532187496,"PER_OI":2.319540754949,"BPS":7.429831796061,"BASIC_EPS":0.36461566,"DILUTED_EPS":0.36461566,"OPERATE_INCOME":14248881546.44,"OPERATE_INCOME_YOY":-4.2033931419,"GROSS_PROFIT":5518086097,"GROSS_PROFIT_YOY":-16.798574113058,"HOLDER_PROFIT":2239640967.56,"HOLDER_PROFIT_YOY":-11.8856427987,"GROSS_PROFIT_RATIO":38.72645076749,"EPS_TTM":0.600000953938,"OPERATE_INCOME_QOQ":-2.671112284095,"NET_PROFIT_RATIO":19.2300244944,"ROE_AVG":5.00039852731,"GROSS_PROFIT_QOQ":-8.901479672101,"ROA":1.296188518541,"HOLDER_PROFIT_QOQ":-8.17187905104,"ROE_YEARLY":10.000797054621,"ROIC_YEARLY":3.002402749785,"TOTAL_ASSETS":172909958563.92,"TOTAL_LIABILITIES":111134034494.04,"TAX_EBT":22.687554110938,"OCF_SALES":13.818777997856,"TOTAL_PARENT_EQUITY":45641273146.92,"DEBT_ASSET_RATIO":64.2727783969,"OPERATE_PROFIT":4966631150.8,"PRETAX_PROFIT":3544142705.68,"NETCASH_OPERATE":1969021308.08,"NETCASH_INVEST":-916830868.64,"NETCASH_FINANCE":-1218546448.4,"END_CASH":7454750161.04,"DIVI_RATIO":0.333787469312,"DIVIDEND_RATE":6.567164179104,"CURRENT_RATIO":1.408561938919,"COMMON_ACS":null,"CURRENTDEBT_DEBT":28.27116539404,"ISSUED_COMMON_SHARES":6142975292,"HK_COMMON_SHARES":6142975292,"PER_SHARES":1000,"TOTAL_MARKET_CAP":20578967228.2,"HKSK_MARKET_CAP":20578967228.2,"PE_TTM":5.021521208866,"PB_TTM":0.411513757501,"REPORT_DATE_SQ":"2023-06-30 00:00:00","REPORT_TYPE_SQ":"2023年中报","OPERATE_INCOME_SQ":15025662030.66,"DPS_HKD":0.22,"OPERATE_INCOME_QOQ_SQ":-9.949738221157,"NET_PROFIT_RATIO_SQ":20.8111692051,"HOLDER_PROFIT_SQ":2567643307.54,"HOLDER_PROFIT_QOQ_SQ":3.979242045641,"ROE_AVG_SQ":5.815668673636,"PE_TTM_SQ":3.960426091185,"PB_TTM_SQ":0.374424703611,"ROA_SQ":1.465668150483,"START_DATE":"2024-01-01 00:00:00","FISCAL_YEAR":"12-31","CURRENCY":"HKD","IS_CNY_CODE":0,"DPS_HKD_LY":0.22,"ORG_TYPE":"一般企业","PREMIUM_INCOME":null,"PREMIUM_INCOME_YOY":null,"NET_INTEREST_INCOME":null,"NET_INTEREST_INCOME_YOY":null,"FEE_COMMISSION_INCOME":null,"FEE_COMMISSION_INCOME_YOY":null,"ACCOUNTS_RECE_TDAYS":0.626469059335,"INVENTORY_TDAYS":9.996888939747,"CURRENT_ASSETS_TDAYS":0.326467836511,"TOTAL_ASSETS_TDAYS":0.082465167096,"PREMIUM_EXPENSE":null,"LOAN_DEPOSIT":null,"LOAN_EQUITY":null,"LOAN_ASSETS":null,"DEPOSIT_EQUITY":null,"DEPOSIT_ASSETS":null,"EQUITY_MULTIPLIER":2.798986193523,"EQUITY_RATIO":2.43494597831},{"SECUCODE":"00257.HK","SECURITY_CODE":"00257","SECURITY_NAME_ABBR":"光大环境","ORG_CODE":"10007515","STD_REPORT_DATE":"2023-12-31 00:00:00","REPORT_DATE":"2023-12-31 00:00:00","DATE_TYPE_CODE":"001","REPORT_TYPE":"2023年年报","PER_NETCASH_OPERATE":0.368076681543,"PER_OI":4.733990616145,"BPS":7.10180872454,"BASIC_EPS":0.65338462,"DILUTED_EPS":0.65338462,"OPERATE_INCOME":29080787387.54,"OPERATE_INCOME_YOY":-14.0162104522,"GROSS_PROFIT":12516068130.02,"GROSS_PROFIT_YOY":-2.457998444747,"HOLDER_PROFIT":4013793375.2,"HOLDER_PROFIT_YOY":-3.7544826213,"GROSS_PROFIT_RATIO":43.038958894843,"EPS_TTM":0.653395656731,"OPERATE_INCOME_QOQ":-3.131517541863,"NET_PROFIT_RATIO":16.5070639775,"ROE_AVG":9.274271445292,"GROSS_PROFIT_QOQ":-3.273024098943,"ROA":2.33248340933,"HOLDER_PROFIT_QOQ":-6.095856004387,"ROE_YEARLY":9.274271445292,"ROIC_YEARLY":2.699896105302,"TOTAL_ASSETS":171441258765.28,"TOTAL_LIABILITIES":112062805430.66,"TAX_EBT":25.648636448619,"OCF_SALES":7.775188237334,"TOTAL_PARENT_EQUITY":43626235523.36,"DEBT_ASSET_RATIO":65.3651321961,"OPERATE_PROFIT":9530094979.3,"PRETAX_PROFIT":6456349890.48,"NETCASH_OPERATE":2261085960.28,"NETCASH_INVEST":-3479133543.62,"NETCASH_FINANCE":-497857331.16,"END_CASH":7642349003.52,"DIVI_RATIO":0.306510761032,"DIVIDEND_RATE":5.898123324397,"CURRENT_RATIO":1.144914007276,"COMMON_ACS":null,"CURRENTDEBT_DEBT":33.3050398035,"ISSUED_COMMON_SHARES":6142975292,"HK_COMMON_SHARES":6142975292,"PER_SHARES":1000,"TOTAL_MARKET_CAP":22913297839.16,"HKSK_MARKET_CAP":22913297839.16,"PE_TTM":5.591126599723,"PB_TTM":0.458192929994,"REPORT_DATE_SQ":"2022-12-31 00:00:00","REPORT_TYPE_SQ":"2022年年报","OPERATE_INCOME_SQ":33337934228.83,"DPS_HKD":0.22,"OPERATE_INCOME_QOQ_SQ":-10.118379737086,"NET_PROFIT_RATIO_SQ":14.7770160516,"HOLDER_PROFIT_SQ":4110774050.53,"HOLDER_PROFIT_QOQ_SQ":-13.137139017779,"ROE_AVG_SQ":9.282632316707,"PE_TTM_SQ":3.262317085281,"PB_TTM_SQ":0.308424416873,"ROA_SQ":2.35493624335,"START_DATE":"2023-01-01 00:00:00","FISCAL_YEAR":"12-31","CURRENCY":"HKD","IS_CNY_CODE":0,"DPS_HKD_LY":0.23,"ORG_TYPE":"一般企业","PREMIUM_INCOME":null,"PREMIUM_INCOME_YOY":null,"NET_INTEREST_INCOME":null,"NET_INTEREST_INCOME_YOY":null,"FEE_COMMISSION_INCOME":null,"FEE_COMMISSION_INCOME_YOY":null,"ACCOUNTS_RECE_TDAYS":1.429535810131,"INVENTORY_TDAYS":19.149650613391,"CURRENT_ASSETS_TDAYS":0.689081675429,"TOTAL_ASSETS_TDAYS":0.168993387978,"PREMIUM_EXPENSE":null,"LOAN_DEPOSIT":null,"LOAN_EQUITY":null,"LOAN_ASSETS":null,"DEPOSIT_EQUITY":null,"DEPOSIT_ASSETS":null,"EQUITY_MULTIPLIER":2.887263799192,"EQUITY_RATIO":2.568702160209},{"SECUCODE":"00257.HK","SECURITY_CODE":"00257","SECURITY_NAME_ABBR":"光大环境","ORG_CODE":"10007515","STD_REPORT_DATE":"2023-06-30 00:00:00","REPORT_DATE":"2023-06-30 00:00:00","DATE_TYPE_CODE":"002","REPORT_TYPE":"2023年中报","PER_NETCASH_OPERATE":-0.024360151351,"PER_OI":2.445990959825,"BPS":7.264053289671,"BASIC_EPS":0.418025732,"DILUTED_EPS":0.418025732,"OPERATE_INCOME":15025662030.66,"OPERATE_INCOME_YOY":-24.0178662718,"GROSS_PROFIT":6632201357.34,"GROSS_PROFIT_YOY":1.657221103008,"HOLDER_PROFIT":2567643307.54,"HOLDER_PROFIT_YOY":-0.9328928964,"GROSS_PROFIT_RATIO":44.139162346437,"EPS_TTM":0.695811312397,"OPERATE_INCOME_QOQ":-9.949738221157,"NET_PROFIT_RATIO":20.8111692051,"ROE_AVG":5.815668673636,"GROSS_PROFIT_QOQ":0.842604295859,"ROA":1.465668150483,"HOLDER_PROFIT_QOQ":3.979242045641,"ROE_YEARLY":11.631337347272,"ROIC_YEARLY":3.395555198989,"TOTAL_ASSETS":174644355837,"TOTAL_LIABILITIES":113848317903.68,"TAX_EBT":24.724917542401,"OCF_SALES":-0.995921561091,"TOTAL_PARENT_EQUITY":44622899878.22,"DEBT_ASSET_RATIO":65.1886614704,"OPERATE_PROFIT":5708900160,"PRETAX_PROFIT":4154118265.02,"NETCASH_OPERATE":-149643807.86,"NETCASH_INVEST":-1929696764.16,"NETCASH_FINANCE":328466438.76,"END_CASH":7869010789.92,"DIVI_RATIO":0.287826306402,"DIVIDEND_RATE":5.898123324397,"CURRENT_RATIO":1.137821704556,"COMMON_ACS":null,"CURRENTDEBT_DEBT":32.964216540758,"ISSUED_COMMON_SHARES":6142975292,"HK_COMMON_SHARES":6142975292,"PER_SHARES":1000,"TOTAL_MARKET_CAP":22913297839.16,"HKSK_MARKET_CAP":22913297839.16,"PE_TTM":5.591126599723,"PB_TTM":0.458192929994,"REPORT_DATE_SQ":"2022-06-30 00:00:00","REPORT_TYPE_SQ":"2022年中报","OPERATE_INCOME_SQ":18342699214.77,"DPS_HKD":0.22,"OPERATE_INCOME_QOQ_SQ":-9.078510754196,"NET_PROFIT_RATIO_SQ":15.5848869602,"HOLDER_PROFIT_SQ":2404065658.12,"HOLDER_PROFIT_QOQ_SQ":-14.929698881791,"ROE_AVG_SQ":5.32433271119,"PE_TTM_SQ":3.262317085281,"PB_TTM_SQ":0.308424416873,"ROA_SQ":1.4047051021,"START_DATE":"2023-01-01 00:00:00","FISCAL_YEAR":"12-31","CURRENCY":"HKD","IS_CNY_CODE":0,"DPS_HKD_LY":0.23,"ORG_TYPE":"一般企业","PREMIUM_INCOME":null,"PREMIUM_INCOME_YOY":null,"NET_INTEREST_INCOME":null,"NET_INTEREST_INCOME_YOY":null,"FEE_COMMISSION_INCOME":null,"FEE_COMMISSION_INCOME_YOY":null,"ACCOUNTS_RECE_TDAYS":0.752682173476,"INVENTORY_TDAYS":8.652982818993,"CURRENT_ASSETS_TDAYS":0.353131074457,"TOTAL_ASSETS_TDAYS":0.085769834983,"PREMIUM_EXPENSE":null,"LOAN_DEPOSIT":null,"LOAN_EQUITY":null,"LOAN_ASSETS":null,"DEPOSIT_EQUITY":null,"DEPOSIT_ASSETS":null,"EQUITY_MULTIPLIER":2.872627259505,"EQUITY_RATIO":2.551342880323},{"SECUCODE":"00257.HK","SECURITY_CODE":"00257","SECURITY_NAME_ABBR":"光大环境","ORG_CODE":"10007515","STD_REPORT_DATE":"2022-12-31 00:00:00","REPORT_DATE":"2022-12-31 00:00:00","DATE_TYPE_CODE":"001","REPORT_TYPE":"2022年年报","PER_NETCASH_OPERATE":0.583003887866,"PER_OI":5.427001191466,"BPS":6.888822995637,"BASIC_EPS":0.669148557,"DILUTED_EPS":0.669148557,"OPERATE_INCOME":33337934228.83,"OPERATE_INCOME_YOY":-25.2010386372,"GROSS_PROFIT":12831465348.73,"GROSS_PROFIT_YOY":-4.672914016191,"HOLDER_PROFIT":4110774050.53,"HOLDER_PROFIT_YOY":-32.3651963324,"GROSS_PROFIT_RATIO":38.489083518659,"EPS_TTM":0.669182904884,"OPERATE_INCOME_QOQ":-10.118379737086,"NET_PROFIT_RATIO":14.7770160516,"ROE_AVG":9.282632316707,"GROSS_PROFIT_QOQ":-0.617984630433,"ROA":2.35493624335,"HOLDER_PROFIT_QOQ":-13.137139017779,"ROE_YEARLY":9.282632316707,"ROIC_YEARLY":2.72809562639,"TOTAL_ASSETS":170255295019.46,"TOTAL_LIABILITIES":114337581869.35,"TAX_EBT":24.067131427505,"OCF_SALES":10.742652660233,"TOTAL_PARENT_EQUITY":42317869453.16,"DEBT_ASSET_RATIO":67.156549731,"OPERATE_PROFIT":9468607510.53,"PRETAX_PROFIT":6487772666.69,"NETCASH_OPERATE":3581378478.3,"NETCASH_INVEST":-5480824233.22,"NETCASH_FINANCE":-1026894259.3,"END_CASH":9460838741.34,"DIVI_RATIO":0.299279611805,"DIVIDEND_RATE":5.898123324397,"CURRENT_RATIO":1.074109578134,"COMMON_ACS":null,"CURRENTDEBT_DEBT":33.447980668272,"ISSUED_COMMON_SHARES":6142975292,"HK_COMMON_SHARES":6142975292,"PER_SHARES":1000,"TOTAL_MARKET_CAP":22913297839.16,"HKSK_MARKET_CAP":22913297839.16,"PE_TTM":5.591126599723,"PB_TTM":0.458192929994,"REPORT_DATE_SQ":"2021-12-31 00:00:00","REPORT_TYPE_SQ":"2021年年报","OPERATE_INCOME_SQ":40794465958.4,"DPS_HKD":0.22,"OPERATE_INCOME_QOQ_SQ":-1.434356916078,"NET_PROFIT_RATIO_SQ":16.2747379597,"HOLDER_PROFIT_SQ":5563031342.4,"HOLDER_PROFIT_QOQ_SQ":0.575091397333,"ROE_AVG_SQ":14.052315240146,"PE_TTM_SQ":3.262317085281,"PB_TTM_SQ":0.308424416873,"ROA_SQ":3.796689371867,"START_DATE":"2022-01-01 00:00:00","FISCAL_YEAR":"12-31","CURRENCY":"HKD","IS_CNY_CODE":0,"DPS_HKD_LY":0.3,"ORG_TYPE":"一般企业","PREMIUM_INCOME":null,"PREMIUM_INCOME_YOY":null,"NET_INTEREST_INCOME":null,"NET_INTEREST_INCOME_YOY":null,"FEE_COMMISSION_INCOME":null,"FEE_COMMISSION_INCOME_YOY":null,"ACCOUNTS_RECE_TDAYS":1.837817095799,"INVENTORY_TDAYS":20.199668187584,"CURRENT_ASSETS_TDAYS":0.783931261659,"TOTAL_ASSETS_TDAYS":0.190982789686,"PREMIUM_EXPENSE":null,"LOAN_DEPOSIT":null,"LOAN_EQUITY":null,"LOAN_ASSETS":null,"DEPOSIT_EQUITY":null,"DEPOSIT_ASSETS":null,"EQUITY_MULTIPLIER":3.044747101202,"EQUITY_RATIO":2.70187472448},{"SECUCODE":"00257.HK","SECURITY_CODE":"00257","SECURITY_NAME_ABBR":"光大环境","ORG_CODE":"10007515","STD_REPORT_DATE":"2022-06-30 00:00:00","REPORT_DATE":"2022-06-30 00:00:00","DATE_TYPE_CODE":"002","REPORT_TYPE":"2022年中报","PER_NETCASH_OPERATE":-0.130155763923,"PER_OI":2.985963371635,"BPS":7.009033456682,"BASIC_EPS":0.391334944,"DILUTED_EPS":0.391334944,"OPERATE_INCOME":18342699214.77,"OPERATE_INCOME_YOY":-19.04728925,"GROSS_PROFIT":6524082879.09,"GROSS_PROFIT_YOY":-7.764509509786,"HOLDER_PROFIT":2404065658.12,"HOLDER_PROFIT_YOY":-27.6852418262,"GROSS_PROFIT_RATIO":35.567736256814,"EPS_TTM":0.770390126824,"OPERATE_INCOME_QOQ":-9.078510754196,"NET_PROFIT_RATIO":15.5848869602,"ROE_AVG":5.32433271119,"GROSS_PROFIT_QOQ":-4.08014404888,"ROA":1.4047051021,"HOLDER_PROFIT_QOQ":-14.929698881791,"ROE_YEARLY":10.64866542238,"ROIC_YEARLY":3.247616483594,"TOTAL_ASSETS":171048088676.43,"TOTAL_LIABILITIES":114542601561.29,"TAX_EBT":22.730422746442,"OCF_SALES":-4.358920312263,"TOTAL_PARENT_EQUITY":46025273061.11,"DEBT_ASSET_RATIO":66.9651455609,"OPERATE_PROFIT":5059871030.97,"PRETAX_PROFIT":3699630617.48,"NETCASH_OPERATE":-799543641.89,"NETCASH_INVEST":-2839434335.22,"NETCASH_FINANCE":3286170197.8,"END_CASH":12036233969.41,"DIVI_RATIO":0.25996283315,"DIVIDEND_RATE":5.898123324397,"CURRENT_RATIO":1.235324243973,"COMMON_ACS":null,"CURRENTDEBT_DEBT":29.969627557535,"ISSUED_COMMON_SHARES":6142975292,"HK_COMMON_SHARES":6142975292,"PER_SHARES":1000,"TOTAL_MARKET_CAP":22913297839.16,"HKSK_MARKET_CAP":22913297839.16,"PE_TTM":5.591126599723,"PB_TTM":0.458192929994,"REPORT_DATE_SQ":"2021-06-30 00:00:00","REPORT_TYPE_SQ":"2021年中报","OPERATE_INCOME_SQ":22046229193.92,"DPS_HKD":0.22,"OPERATE_INCOME_QOQ_SQ":14.557781210031,"NET_PROFIT_RATIO_SQ":17.3774549804,"HOLDER_PROFIT_SQ":3234609486.24,"HOLDER_PROFIT_QOQ_SQ":9.243791761735,"ROE_AVG_SQ":8.216742552119,"PE_TTM_SQ":3.262317085281,"PB_TTM_SQ":0.308424416873,"ROA_SQ":2.268673329329,"START_DATE":"2022-01-01 00:00:00","FISCAL_YEAR":"12-31","CURRENCY":"HKD","IS_CNY_CODE":0,"DPS_HKD_LY":0.3,"ORG_TYPE":"一般企业","PREMIUM_INCOME":null,"PREMIUM_INCOME_YOY":null,"NET_INTEREST_INCOME":null,"NET_INTEREST_INCOME_YOY":null,"FEE_COMMISSION_INCOME":null,"FEE_COMMISSION_INCOME_YOY":null,"ACCOUNTS_RECE_TDAYS":1.041457885846,"INVENTORY_TDAYS":12.162120276739,"CURRENT_ASSETS_TDAYS":0.434111218675,"TOTAL_ASSETS_TDAYS":0.107177119253,"PREMIUM_EXPENSE":null,"LOAN_DEPOSIT":null,"LOAN_EQUITY":null,"LOAN_ASSETS":null,"DEPOSIT_EQUITY":null,"DEPOSIT_ASSETS":null,"EQUITY_MULTIPLIER":3.0271058159,"EQUITY_RATIO":2.488689234048},{"SECUCODE":"00257.HK","SECURITY_CODE":"00257","SECURITY_NAME_ABBR":"光大环境","ORG_CODE":"10007515","STD_REPORT_DATE":"2021-12-31 00:00:00","REPORT_DATE":"2021-12-31 00:00:00","DATE_TYPE_CODE":"001","REPORT_TYPE":"2021年年报","PER_NETCASH_OPERATE":-0.207980149043,"PER_OI":6.640831847643,"BPS":6.891330561972,"BASIC_EPS":0.90557376,"DILUTED_EPS":0.90557376,"OPERATE_INCOME":40794465958.4,"OPERATE_INCOME_YOY":16.2346569454,"GROSS_PROFIT":13460461123.2,"GROSS_PROFIT_YOY":13.395654856514,"HOLDER_PROFIT":5563031342.4,"HOLDER_PROFIT_YOY":13.1026255086,"GROSS_PROFIT_RATIO":32.995801775972,"EPS_TTM":0.90559233563,"OPERATE_INCOME_QOQ":-1.434356916078,"NET_PROFIT_RATIO":16.2747379597,"ROE_AVG":14.052315240146,"GROSS_PROFIT_QOQ":3.413735368745,"ROA":3.796689371867,"HOLDER_PROFIT_QOQ":0.575091397333,"ROE_YEARLY":14.052315240146,"ROIC_YEARLY":4.397459597926,"TOTAL_ASSETS":163712649452.8,"TOTAL_LIABILITIES":111106448745.6,"TAX_EBT":21.319011672878,"OCF_SALES":-3.131838808977,"TOTAL_PARENT_EQUITY":42333273371.2,"DEBT_ASSET_RATIO":67.8667464713,"OPERATE_PROFIT":10814252120,"PRETAX_PROFIT":8438115201.6,"NETCASH_OPERATE":-1277616916.8,"NETCASH_INVEST":-8523426856,"NETCASH_FINANCE":12961721035.2,"END_CASH":12302380596.8,"DIVI_RATIO":0.221151164956,"DIVIDEND_RATE":5.898123324397,"CURRENT_RATIO":1.237908905668,"COMMON_ACS":null,"CURRENTDEBT_DEBT":29.264408900017,"ISSUED_COMMON_SHARES":6142975292,"HK_COMMON_SHARES":6142975292,"PER_SHARES":1000,"TOTAL_MARKET_CAP":22913297839.16,"HKSK_MARKET_CAP":22913297839.16,"PE_TTM":5.591126599723,"PB_TTM":0.458192929994,"REPORT_DATE_SQ":"2020-12-31 00:00:00","REPORT_TYPE_SQ":"2020年年报","OPERATE_INCOME_SQ":36128597178.64,"DPS_HKD":0.22,"OPERATE_INCOME_QOQ_SQ":-0.078471918378,"NET_PROFIT_RATIO_SQ":16.835689978,"HOLDER_PROFIT_SQ":5063190935.32,"HOLDER_PROFIT_QOQ_SQ":-0.988783811692,"ROE_AVG_SQ":14.779354638494,"PE_TTM_SQ":3.262317085281,"PB_TTM_SQ":0.308424416873,"ROA_SQ":4.335153898027,"START_DATE":"2021-01-01 00:00:00","FISCAL_YEAR":"12-31","CURRENCY":"HKD","IS_CNY_CODE":0,"DPS_HKD_LY":0.35,"ORG_TYPE":"一般企业","PREMIUM_INCOME":null,"PREMIUM_INCOME_YOY":null,"NET_INTEREST_INCOME":null,"NET_INTEREST_INCOME_YOY":null,"FEE_COMMISSION_INCOME":null,"FEE_COMMISSION_INCOME_YOY":null,"ACCOUNTS_RECE_TDAYS":2.4776146914,"INVENTORY_TDAYS":28.84955336783,"CURRENT_ASSETS_TDAYS":1.138327893037,"TOTAL_ASSETS_TDAYS":0.278416398906,"PREMIUM_EXPENSE":null,"LOAN_DEPOSIT":null,"LOAN_EQUITY":null,"LOAN_ASSETS":null,"DEPOSIT_EQUITY":null,"DEPOSIT_ASSETS":null,"EQUITY_MULTIPLIER":3.11204092392,"EQUITY_RATIO":2.624565498901},{"SECUCODE":"00257.HK","SECURITY_CODE":"00257","SECURITY_NAME_ABBR":"光大环境","ORG_CODE":"10007515","STD_REPORT_DATE":"2021-06-30 00:00:00","REPORT_DATE":"2021-06-30 00:00:00","DATE_TYPE_CODE":"002","REPORT_TYPE":"2021年中报","PER_NETCASH_OPERATE":-0.384622027407,"PER_OI":3.588852005091,"BPS":6.712858609961,"BASIC_EPS":0.526540224,"DILUTED_EPS":0.526540224,"OPERATE_INCOME":22046229193.92,"OPERATE_INCOME_YOY":44.1729379359,"GROSS_PROFIT":7073289082.56,"GROSS_PROFIT_YOY":19.329773771512,"HOLDER_PROFIT":3234609486.24,"HOLDER_PROFIT_YOY":28.3493801232,"GROSS_PROFIT_RATIO":32.083895256386,"EPS_TTM":0.90041413142,"OPERATE_INCOME_QOQ":14.557781210031,"NET_PROFIT_RATIO":17.3774549804,"ROE_AVG":8.216742552119,"GROSS_PROFIT_QOQ":9.652411695774,"ROA":2.268673329329,"HOLDER_PROFIT_QOQ":9.243791761735,"ROE_YEARLY":16.433485104238,"ROIC_YEARLY":5.274931153543,"TOTAL_ASSETS":153529943987.28,"TOTAL_LIABILITIES":102515092560.72,"TAX_EBT":23.05780925436,"OCF_SALES":-10.717132577809,"TOTAL_PARENT_EQUITY":41236924579.68,"DEBT_ASSET_RATIO":66.7720510399,"OPERATE_PROFIT":6117953072.16,"PRETAX_PROFIT":4979158399.2,"NETCASH_OPERATE":-2362723611.12,"NETCASH_INVEST":-4538863267.2,"NETCASH_FINANCE":9979870166.64,"END_CASH":12309938798.16,"DIVI_RATIO":0.222422986281,"DIVIDEND_RATE":5.898123324397,"CURRENT_RATIO":1.317318320474,"COMMON_ACS":null,"CURRENTDEBT_DEBT":28.674478479731,"ISSUED_COMMON_SHARES":6142975292,"HK_COMMON_SHARES":6142975292,"PER_SHARES":1000,"TOTAL_MARKET_CAP":22913297839.16,"HKSK_MARKET_CAP":22913297839.16,"PE_TTM":5.591126599723,"PB_TTM":0.458192929994,"REPORT_DATE_SQ":"2020-06-30 00:00:00","REPORT_TYPE_SQ":"2020年中报","OPERATE_INCOME_SQ":16786707062.4,"DPS_HKD":0.22,"OPERATE_INCOME_QOQ_SQ":7.471282894298,"NET_PROFIT_RATIO_SQ":19.7532466402,"HOLDER_PROFIT_SQ":2766578659.68,"HOLDER_PROFIT_QOQ_SQ":9.713591813187,"ROE_AVG_SQ":8.157220463595,"PE_TTM_SQ":3.262317085281,"PB_TTM_SQ":0.308424416873,"ROA_SQ":2.422535477132,"START_DATE":"2021-01-01 00:00:00","FISCAL_YEAR":"12-31","CURRENCY":"HKD","IS_CNY_CODE":0,"DPS_HKD_LY":0.35,"ORG_TYPE":"一般企业","PREMIUM_INCOME":null,"PREMIUM_INCOME_YOY":null,"NET_INTEREST_INCOME":null,"NET_INTEREST_INCOME_YOY":null,"FEE_COMMISSION_INCOME":null,"FEE_COMMISSION_INCOME_YOY":null,"ACCOUNTS_RECE_TDAYS":null,"INVENTORY_TDAYS":14.365161995921,"CURRENT_ASSETS_TDAYS":0.623618792178,"TOTAL_ASSETS_TDAYS":0.15462667873,"PREMIUM_EXPENSE":null,"LOAN_DEPOSIT":null,"LOAN_EQUITY":null,"LOAN_ASSETS":null,"DEPOSIT_EQUITY":null,"DEPOSIT_ASSETS":null,"EQUITY_MULTIPLIER":3.009514674531,"EQUITY_RATIO":2.48600237786},{"SECUCODE":"00257.HK","SECURITY_CODE":"00257","SECURITY_NAME_ABBR":"光大环境","ORG_CODE":"10007515","STD_REPORT_DATE":"2020-12-31 00:00:00","REPORT_DATE":"2020-12-31 00:00:00","DATE_TYPE_CODE":"001","REPORT_TYPE":"2020年年报","PER_NETCASH_OPERATE":-1.121547285865,"PER_OI":5.881286422508,"BPS":6.17388608137,"BASIC_EPS":0.824218052,"DILUTED_EPS":0.824218052,"OPERATE_INCOME":36128597178.64,"OPERATE_INCOME_YOY":14.2948058364,"GROSS_PROFIT":11870350006.12,"GROSS_PROFIT_YOY":15.653051845439,"HOLDER_PROFIT":5063190935.32,"HOLDER_PROFIT_YOY":15.616501172,"GROSS_PROFIT_RATIO":32.855828714927,"EPS_TTM":0.82422453203,"OPERATE_INCOME_QOQ":-0.078471918378,"NET_PROFIT_RATIO":16.835689978,"ROE_AVG":14.779354638494,"GROSS_PROFIT_QOQ":5.812125489429,"ROA":4.335153898027,"HOLDER_PROFIT_QOQ":-0.988783811692,"ROE_YEARLY":14.779354638494,"ROIC_YEARLY":5.097256768223,"TOTAL_ASSETS":133136599260.4,"TOTAL_LIABILITIES":86388038749.84,"TAX_EBT":23.00870889567,"OCF_SALES":-19.069761363315,"TOTAL_PARENT_EQUITY":37926029653.48,"DEBT_ASSET_RATIO":64.8867698512,"OPERATE_PROFIT":9633908849.24,"PRETAX_PROFIT":7900242387.36,"NETCASH_OPERATE":-6889637265.88,"NETCASH_INVEST":-6940261070.24,"NETCASH_FINANCE":12596208116.24,"END_CASH":9140793656.52,"DIVI_RATIO":0.242983303963,"DIVIDEND_RATE":5.898123324397,"CURRENT_RATIO":1.329653551405,"COMMON_ACS":null,"CURRENTDEBT_DEBT":28.161616591863,"ISSUED_COMMON_SHARES":6142975292,"HK_COMMON_SHARES":6142975292,"PER_SHARES":1000,"TOTAL_MARKET_CAP":22913297839.16,"HKSK_MARKET_CAP":22913297839.16,"PE_TTM":5.591126599723,"PB_TTM":0.458192929994,"REPORT_DATE_SQ":"2019-12-31 00:00:00","REPORT_TYPE_SQ":"2019年年报","OPERATE_INCOME_SQ":33643378280.3,"DPS_HKD":0.22,"OPERATE_INCOME_QOQ_SQ":19.324476344881,"NET_PROFIT_RATIO_SQ":16.9557055443,"HOLDER_PROFIT_SQ":4661004011.98,"HOLDER_PROFIT_QOQ_SQ":9.857759476507,"ROE_AVG_SQ":14.808779205254,"PE_TTM_SQ":3.262317085281,"PB_TTM_SQ":0.308424416873,"ROA_SQ":4.852160974563,"START_DATE":"2020-01-01 00:00:00","FISCAL_YEAR":"12-31","CURRENCY":"HKD","IS_CNY_CODE":0,"DPS_HKD_LY":0.27,"ORG_TYPE":"一般企业","PREMIUM_INCOME":null,"PREMIUM_INCOME_YOY":null,"NET_INTEREST_INCOME":null,"NET_INTEREST_INCOME_YOY":null,"FEE_COMMISSION_INCOME":null,"FEE_COMMISSION_INCOME_YOY":null,"ACCOUNTS_RECE_TDAYS":null,"INVENTORY_TDAYS":30.618880227422,"CURRENT_ASSETS_TDAYS":1.250689323985,"TOTAL_ASSETS_TDAYS":0.309336603912,"PREMIUM_EXPENSE":null,"LOAN_DEPOSIT":null,"LOAN_EQUITY":null,"LOAN_ASSETS":null,"DEPOSIT_EQUITY":null,"DEPOSIT_ASSETS":null,"EQUITY_MULTIPLIER":2.847929386622,"EQUITY_RATIO":2.277803385673},{"SECUCODE":"00257.HK","SECURITY_CODE":"00257","SECURITY_NAME_ABBR":"光大环境","ORG_CODE":"10007515","STD_REPORT_DATE":"2020-06-30 00:00:00","REPORT_DATE":"2020-06-30 00:00:00","DATE_TYPE_CODE":"002","REPORT_TYPE":"2020年中报","PER_NETCASH_OPERATE":-0.808291035972,"PER_OI":2.732667195367,"BPS":5.637438747517,"BASIC_EPS":0.45032592,"DILUTED_EPS":0.45032592,"OPERATE_INCOME":16786707062.4,"OPERATE_INCOME_YOY":13.2613052932,"GROSS_PROFIT":5927514030.24,"GROSS_PROFIT_YOY":19.195226620167,"HOLDER_PROFIT":2766578659.68,"HOLDER_PROFIT_YOY":15.1454588449,"GROSS_PROFIT_RATIO":35.310761117151,"EPS_TTM":0.832455719423,"OPERATE_INCOME_QOQ":7.471282894298,"NET_PROFIT_RATIO":19.7532466402,"ROE_AVG":8.157220463595,"GROSS_PROFIT_QOQ":9.300376786206,"ROA":2.422535477132,"HOLDER_PROFIT_QOQ":9.713591813187,"ROE_YEARLY":16.314440927189,"ROIC_YEARLY":5.741459604737,"TOTAL_ASSETS":119383125053.28,"TOTAL_LIABILITIES":76788282447.36,"TAX_EBT":22.694366390642,"OCF_SALES":-29.578831895159,"TOTAL_PARENT_EQUITY":34630646936.16,"DEBT_ASSET_RATIO":64.3208848931,"OPERATE_PROFIT":5221460534.4,"PRETAX_PROFIT":4289363522.4,"NETCASH_OPERATE":-4965311862.72,"NETCASH_INVEST":-3239765242.56,"NETCASH_FINANCE":6867113124.96,"END_CASH":9289531342.08,"DIVI_RATIO":0.240580724388,"DIVIDEND_RATE":5.898123324397,"CURRENT_RATIO":1.227263748899,"COMMON_ACS":null,"CURRENTDEBT_DEBT":31.376351122056,"ISSUED_COMMON_SHARES":6142975292,"HK_COMMON_SHARES":6142975292,"PER_SHARES":1000,"TOTAL_MARKET_CAP":22913297839.16,"HKSK_MARKET_CAP":22913297839.16,"PE_TTM":5.591126599723,"PB_TTM":0.458192929994,"REPORT_DATE_SQ":"2019-06-30 00:00:00","REPORT_TYPE_SQ":"2019年中报","OPERATE_INCOME_SQ":14273115095.88,"DPS_HKD":0.22,"OPERATE_INCOME_QOQ_SQ":18.181936713158,"NET_PROFIT_RATIO_SQ":20.0329378336,"HOLDER_PROFIT_SQ":2313827755.56,"HOLDER_PROFIT_QOQ_SQ":12.108529682754,"ROE_AVG_SQ":7.575120883763,"PE_TTM_SQ":3.262317085281,"PB_TTM_SQ":0.308424416873,"ROA_SQ":2.624655406,"START_DATE":"2020-01-01 00:00:00","FISCAL_YEAR":"12-31","CURRENCY":"HKD","IS_CNY_CODE":0,"DPS_HKD_LY":0.27,"ORG_TYPE":"一般企业","PREMIUM_INCOME":null,"PREMIUM_INCOME_YOY":null,"NET_INTEREST_INCOME":null,"NET_INTEREST_INCOME_YOY":null,"FEE_COMMISSION_INCOME":null,"FEE_COMMISSION_INCOME_YOY":null,"ACCOUNTS_RECE_TDAYS":null,"INVENTORY_TDAYS":11.789624684328,"CURRENT_ASSETS_TDAYS":0.587320569021,"TOTAL_ASSETS_TDAYS":0.146991639875,"PREMIUM_EXPENSE":null,"LOAN_DEPOSIT":null,"LOAN_EQUITY":null,"LOAN_ASSETS":null,"DEPOSIT_EQUITY":null,"DEPOSIT_ASSETS":null,"EQUITY_MULTIPLIER":2.802760093696,"EQUITY_RATIO":2.217350504278}],"count":49},"success":true,"message":"ok","code":0}