{"version":"1d7396a006706bf83821bd044144ca6a","result":{"pages":6,"data":[{"SECUCODE":"00258.HK","SECURITY_CODE":"00258","SECURITY_NAME_ABBR":"汤臣集团","ORG_CODE":"10007516","STD_REPORT_DATE":"2024-06-30 00:00:00","REPORT_DATE":"2024-06-30 00:00:00","DATE_TYPE_CODE":"002","REPORT_TYPE":"2024年中报","PER_NETCASH_OPERATE":-0.150571655545,"PER_OI":0.054584315782,"BPS":4.96619029008,"BASIC_EPS":0.045907804,"DILUTED_EPS":null,"OPERATE_INCOME":118251384.2,"OPERATE_INCOME_YOY":-57.4206926922,"GROSS_PROFIT":97171214.24,"GROSS_PROFIT_YOY":-41.417803155082,"HOLDER_PROFIT":94616622.92,"HOLDER_PROFIT_YOY":434.7346159798,"GROSS_PROFIT_RATIO":82.173426465481,"EPS_TTM":0.053278880537,"OPERATE_INCOME_QOQ":-34.85613260962,"NET_PROFIT_RATIO":79.2119785436,"ROE_AVG":0.871364197395,"GROSS_PROFIT_QOQ":-21.205125307072,"ROA":0.523342687158,"HOLDER_PROFIT_QOQ":198.397169706973,"ROE_YEARLY":1.74272839479,"ROIC_YEARLY":1.296538604365,"TOTAL_ASSETS":19400662612.76,"TOTAL_LIABILITIES":8518180254.68,"TAX_EBT":30.757190373704,"OCF_SALES":-275.851503106549,"TOTAL_PARENT_EQUITY":10758747592.44,"DEBT_ASSET_RATIO":43.9066459982,"OPERATE_PROFIT":135491909.4,"PRETAX_PROFIT":135276516.92,"NETCASH_OPERATE":-326198220.76,"NETCASH_INVEST":68487507.2,"NETCASH_FINANCE":574767531.44,"END_CASH":3479722100.56,"DIVI_RATIO":1.700899100846,"DIVIDEND_RATE":3.412969283276,"CURRENT_RATIO":1.582850878321,"COMMON_ACS":3000000000,"CURRENTDEBT_DEBT":89.162534710946,"ISSUED_COMMON_SHARES":2166398580,"HK_COMMON_SHARES":2166398580,"PER_SHARES":2000,"TOTAL_MARKET_CAP":6347547839.4,"HKSK_MARKET_CAP":6347547839.4,"PE_TTM":49.994075889608,"PB_TTM":0.538471593676,"REPORT_DATE_SQ":"2023-06-30 00:00:00","REPORT_TYPE_SQ":"2023年中报","OPERATE_INCOME_SQ":280550216.18,"DPS_HKD":0.1,"OPERATE_INCOME_QOQ_SQ":5.468083457724,"NET_PROFIT_RATIO_SQ":6.7248127615,"HOLDER_PROFIT_SQ":17874426.26,"HOLDER_PROFIT_QOQ_SQ":-58.245682629716,"ROE_AVG_SQ":0.159476743208,"PE_TTM_SQ":575.184275872528,"PB_TTM_SQ":0.251249978869,"ROA_SQ":0.104927126062,"START_DATE":"2024-01-01 00:00:00","FISCAL_YEAR":"12-31","CURRENCY":"HKD","IS_CNY_CODE":0,"DPS_HKD_LY":0.1,"ORG_TYPE":"一般企业","PREMIUM_INCOME":null,"PREMIUM_INCOME_YOY":null,"NET_INTEREST_INCOME":null,"NET_INTEREST_INCOME_YOY":null,"FEE_COMMISSION_INCOME":null,"FEE_COMMISSION_INCOME_YOY":null,"ACCOUNTS_RECE_TDAYS":0.82130258533,"INVENTORY_TDAYS":0.003647930557,"CURRENT_ASSETS_TDAYS":0.010963721392,"TOTAL_ASSETS_TDAYS":0.006540710845,"PREMIUM_EXPENSE":null,"LOAN_DEPOSIT":null,"LOAN_EQUITY":null,"LOAN_ASSETS":null,"DEPOSIT_EQUITY":null,"DEPOSIT_ASSETS":null,"EQUITY_MULTIPLIER":1.782742390423,"EQUITY_RATIO":0.791744594944},{"SECUCODE":"00258.HK","SECURITY_CODE":"00258","SECURITY_NAME_ABBR":"汤臣集团","ORG_CODE":"10007516","STD_REPORT_DATE":"2023-12-31 00:00:00","REPORT_DATE":"2023-12-31 00:00:00","DATE_TYPE_CODE":"001","REPORT_TYPE":"2023年年报","PER_NETCASH_OPERATE":-0.132435966768,"PER_OI":0.226896443466,"BPS":5.022429807538,"BASIC_EPS":0.019211864,"DILUTED_EPS":null,"OPERATE_INCOME":465624898.2,"OPERATE_INCOME_YOY":11.6859291076,"GROSS_PROFIT":323979993.54,"GROSS_PROFIT_YOY":15.38176457964,"HOLDER_PROFIT":38681094.48,"HOLDER_PROFIT_YOY":148.6253494874,"GROSS_PROFIT_RATIO":69.579611140305,"EPS_TTM":0.018849083889,"OPERATE_INCOME_QOQ":7.430674206333,"NET_PROFIT_RATIO":8.7510947627,"ROE_AVG":0.349941895659,"GROSS_PROFIT_QOQ":11.06620232462,"ROA":0.22975237862,"HOLDER_PROFIT_QOQ":504.080633499863,"ROE_YEARLY":0.349941895659,"ROIC_YEARLY":0.292506113836,"TOTAL_ASSETS":16639296632.42,"TOTAL_LIABILITIES":5634912208.8,"TAX_EBT":66.733991787815,"OCF_SALES":-58.368463050544,"TOTAL_PARENT_EQUITY":10880584803.2,"DEBT_ASSET_RATIO":33.8650865675,"OPERATE_PROFIT":120317016.96,"PRETAX_PROFIT":122489226.3,"NETCASH_OPERATE":-271778096.66,"NETCASH_INVEST":93168478.2,"NETCASH_FINANCE":-91168450.66,"END_CASH":3208961268.8,"DIVI_RATIO":4.807766814263,"DIVIDEND_RATE":3.731343283582,"CURRENT_RATIO":2.051784988036,"COMMON_ACS":3000000000,"CURRENTDEBT_DEBT":82.012756431287,"ISSUED_COMMON_SHARES":2166398580,"HK_COMMON_SHARES":2166398580,"PER_SHARES":2000,"TOTAL_MARKET_CAP":5805948194.4,"HKSK_MARKET_CAP":5805948194.4,"PE_TTM":45.728369755683,"PB_TTM":0.492526918448,"REPORT_DATE_SQ":"2022-12-31 00:00:00","REPORT_TYPE_SQ":"2022年年报","OPERATE_INCOME_SQ":410947970.23,"DPS_HKD":0.1,"OPERATE_INCOME_QOQ_SQ":-27.089414288515,"NET_PROFIT_RATIO_SQ":4.0767396516,"HOLDER_PROFIT_SQ":15335659.36,"HOLDER_PROFIT_QOQ_SQ":-89.697869084214,"ROE_AVG_SQ":0.132626235467,"PE_TTM_SQ":646.097405774621,"PB_TTM_SQ":0.282226003662,"ROA_SQ":0.087302493555,"START_DATE":"2023-01-01 00:00:00","FISCAL_YEAR":"12-31","CURRENCY":"HKD","IS_CNY_CODE":0,"DPS_HKD_LY":0.085,"ORG_TYPE":"一般企业","PREMIUM_INCOME":null,"PREMIUM_INCOME_YOY":null,"NET_INTEREST_INCOME":null,"NET_INTEREST_INCOME_YOY":null,"FEE_COMMISSION_INCOME":null,"FEE_COMMISSION_INCOME_YOY":null,"ACCOUNTS_RECE_TDAYS":2.970094424967,"INVENTORY_TDAYS":0.025780107491,"CURRENT_ASSETS_TDAYS":0.050075301535,"TOTAL_ASSETS_TDAYS":0.027656515242,"PREMIUM_EXPENSE":null,"LOAN_DEPOSIT":null,"LOAN_EQUITY":null,"LOAN_ASSETS":null,"DEPOSIT_EQUITY":null,"DEPOSIT_ASSETS":null,"EQUITY_MULTIPLIER":1.51206064709,"EQUITY_RATIO":0.517886888501},{"SECUCODE":"00258.HK","SECURITY_CODE":"00258","SECURITY_NAME_ABBR":"汤臣集团","ORG_CODE":"10007516","STD_REPORT_DATE":"2023-06-30 00:00:00","REPORT_DATE":"2023-06-30 00:00:00","DATE_TYPE_CODE":"002","REPORT_TYPE":"2023年中报","PER_NETCASH_OPERATE":-0.093354112928,"PER_OI":0.136710572203,"BPS":5.075028277428,"BASIC_EPS":0.009035404,"DILUTED_EPS":null,"OPERATE_INCOME":280550216.18,"OPERATE_INCOME_YOY":0.8320630923,"GROSS_PROFIT":165871577.84,"GROSS_PROFIT_YOY":7.040658431192,"HOLDER_PROFIT":17874426.26,"HOLDER_PROFIT_YOY":-38.1515982901,"GROSS_PROFIT_RATIO":59.123667804832,"EPS_TTM":0.003120292697,"OPERATE_INCOME_QOQ":5.468083457724,"NET_PROFIT_RATIO":6.7248127615,"ROE_AVG":0.159476743208,"GROSS_PROFIT_QOQ":3.885576498246,"ROA":0.104927126062,"HOLDER_PROFIT_QOQ":-58.245682629716,"ROE_YEARLY":0.318953486416,"ROIC_YEARLY":0.271492664555,"TOTAL_ASSETS":16741268584.96,"TOTAL_LIABILITIES":5461611294.3,"TAX_EBT":78.106008730634,"OCF_SALES":-68.285949962372,"TOTAL_PARENT_EQUITY":10994534053.68,"DEBT_ASSET_RATIO":32.6236405956,"OPERATE_PROFIT":85440808.58,"PRETAX_PROFIT":86171938.72,"NETCASH_OPERATE":-191576380.24,"NETCASH_INVEST":41478958.22,"NETCASH_FINANCE":106739468.56,"END_CASH":3477641255.46,"DIVI_RATIO":29.042788228796,"DIVIDEND_RATE":3.731343283582,"CURRENT_RATIO":2.094123729615,"COMMON_ACS":3000000000,"CURRENTDEBT_DEBT":78.754056739061,"ISSUED_COMMON_SHARES":2166398580,"HK_COMMON_SHARES":2166398580,"PER_SHARES":2000,"TOTAL_MARKET_CAP":5805948194.4,"HKSK_MARKET_CAP":5805948194.4,"PE_TTM":45.728369755683,"PB_TTM":0.492526918448,"REPORT_DATE_SQ":"2022-06-30 00:00:00","REPORT_TYPE_SQ":"2022年中报","OPERATE_INCOME_SQ":258079238.2,"DPS_HKD":0.1,"OPERATE_INCOME_QOQ_SQ":-11.512664378239,"NET_PROFIT_RATIO_SQ":10.4062562131,"HOLDER_PROFIT_SQ":26806785.74,"HOLDER_PROFIT_QOQ_SQ":-35.766570652456,"ROE_AVG_SQ":0.237642608973,"PE_TTM_SQ":646.097405774621,"PB_TTM_SQ":0.282226003662,"ROA_SQ":0.156987624541,"START_DATE":"2023-01-01 00:00:00","FISCAL_YEAR":"12-31","CURRENCY":"HKD","IS_CNY_CODE":0,"DPS_HKD_LY":0.085,"ORG_TYPE":"一般企业","PREMIUM_INCOME":null,"PREMIUM_INCOME_YOY":null,"NET_INTEREST_INCOME":null,"NET_INTEREST_INCOME_YOY":null,"FEE_COMMISSION_INCOME":null,"FEE_COMMISSION_INCOME_YOY":null,"ACCOUNTS_RECE_TDAYS":1.725475185992,"INVENTORY_TDAYS":0.021309442024,"CURRENT_ASSETS_TDAYS":0.030693385395,"TOTAL_ASSETS_TDAYS":0.016468963799,"PREMIUM_EXPENSE":null,"LOAN_DEPOSIT":null,"LOAN_EQUITY":null,"LOAN_ASSETS":null,"DEPOSIT_EQUITY":null,"DEPOSIT_ASSETS":null,"EQUITY_MULTIPLIER":1.484200109415,"EQUITY_RATIO":0.496756958288},{"SECUCODE":"00258.HK","SECURITY_CODE":"00258","SECURITY_NAME_ABBR":"汤臣集团","ORG_CODE":"10007516","STD_REPORT_DATE":"2022-12-31 00:00:00","REPORT_DATE":"2022-12-31 00:00:00","DATE_TYPE_CODE":"001","REPORT_TYPE":"2022年年报","PER_NETCASH_OPERATE":0.052048742753,"PER_OI":0.208494536684,"BPS":5.108080676775,"BASIC_EPS":0.007771449,"DILUTED_EPS":null,"OPERATE_INCOME":410947970.23,"OPERATE_INCOME_YOY":-40.9486487666,"GROSS_PROFIT":280789598.53,"GROSS_PROFIT_YOY":-49.231370028358,"HOLDER_PROFIT":15335659.36,"HOLDER_PROFIT_YOY":-93.9431571223,"GROSS_PROFIT_RATIO":68.327286875963,"EPS_TTM":0.007780549911,"OPERATE_INCOME_QOQ":-27.089414288515,"NET_PROFIT_RATIO":4.0767396516,"ROE_AVG":0.132626235467,"GROSS_PROFIT_QOQ":-33.405576140734,"ROA":0.087302493555,"HOLDER_PROFIT_QOQ":-89.697869084214,"ROE_YEARLY":0.132626235467,"ROIC_YEARLY":0.113558409788,"TOTAL_ASSETS":16789290136.78,"TOTAL_LIABILITIES":5438881633.64,"TAX_EBT":85.181058936007,"OCF_SALES":24.964079913227,"TOTAL_PARENT_EQUITY":11066138724.69,"DEBT_ASSET_RATIO":32.3949469533,"OPERATE_PROFIT":140171035.13,"PRETAX_PROFIT":113053144.47,"NETCASH_OPERATE":102589379.69,"NETCASH_INVEST":-79726134.04,"NETCASH_FINANCE":-144567710.07,"END_CASH":3542772242.17,"DIVI_RATIO":11.647248721737,"DIVIDEND_RATE":3.731343283582,"CURRENT_RATIO":2.11960007991,"COMMON_ACS":3000000000,"CURRENTDEBT_DEBT":77.936555591542,"ISSUED_COMMON_SHARES":2166398580,"HK_COMMON_SHARES":2166398580,"PER_SHARES":2000,"TOTAL_MARKET_CAP":5805948194.4,"HKSK_MARKET_CAP":5805948194.4,"PE_TTM":45.728369755683,"PB_TTM":0.492526918448,"REPORT_DATE_SQ":"2021-12-31 00:00:00","REPORT_TYPE_SQ":"2021年年报","OPERATE_INCOME_SQ":636964361.6,"DPS_HKD":0.1,"OPERATE_INCOME_QOQ_SQ":-23.447089354817,"NET_PROFIT_RATIO_SQ":37.413133162,"HOLDER_PROFIT_SQ":231747084.8,"HOLDER_PROFIT_QOQ_SQ":-7.946581743193,"ROE_AVG_SQ":2.148180237118,"PE_TTM_SQ":646.097405774621,"PB_TTM_SQ":0.282226003662,"ROA_SQ":1.385316760569,"START_DATE":"2022-01-01 00:00:00","FISCAL_YEAR":"12-31","CURRENCY":"HKD","IS_CNY_CODE":0,"DPS_HKD_LY":0.055,"ORG_TYPE":"一般企业","PREMIUM_INCOME":null,"PREMIUM_INCOME_YOY":null,"NET_INTEREST_INCOME":null,"NET_INTEREST_INCOME_YOY":null,"FEE_COMMISSION_INCOME":null,"FEE_COMMISSION_INCOME_YOY":null,"ACCOUNTS_RECE_TDAYS":2.131548891828,"INVENTORY_TDAYS":0.023993838766,"CURRENT_ASSETS_TDAYS":0.043496522942,"TOTAL_ASSETS_TDAYS":0.023394352783,"PREMIUM_EXPENSE":null,"LOAN_DEPOSIT":null,"LOAN_EQUITY":null,"LOAN_ASSETS":null,"DEPOSIT_EQUITY":null,"DEPOSIT_ASSETS":null,"EQUITY_MULTIPLIER":1.479179373337,"EQUITY_RATIO":0.49148865462},{"SECUCODE":"00258.HK","SECURITY_CODE":"00258","SECURITY_NAME_ABBR":"汤臣集团","ORG_CODE":"10007516","STD_REPORT_DATE":"2022-06-30 00:00:00","REPORT_DATE":"2022-06-30 00:00:00","DATE_TYPE_CODE":"002","REPORT_TYPE":"2022年中报","PER_NETCASH_OPERATE":-0.020898737519,"PER_OI":0.130936554246,"BPS":5.084341970345,"BASIC_EPS":0.013597521,"DILUTED_EPS":null,"OPERATE_INCOME":258079238.2,"OPERATE_INCOME_YOY":-24.2314683699,"GROSS_PROFIT":154961283.19,"GROSS_PROFIT_YOY":-45.892829272049,"HOLDER_PROFIT":26806785.74,"HOLDER_PROFIT_YOY":-76.2227683719,"GROSS_PROFIT_RATIO":60.044071840414,"EPS_TTM":0.075523694798,"OPERATE_INCOME_QOQ":-11.512664378239,"NET_PROFIT_RATIO":10.4062562131,"ROE_AVG":0.237642608973,"GROSS_PROFIT_QOQ":-23.764442982596,"ROA":0.156987624541,"HOLDER_PROFIT_QOQ":-35.766570652456,"ROE_YEARLY":0.475285217945,"ROIC_YEARLY":0.405552994201,"TOTAL_ASSETS":16590474768.07,"TOTAL_LIABILITIES":5298262940.18,"TAX_EBT":70.843932782472,"OCF_SALES":-15.960964941348,"TOTAL_PARENT_EQUITY":11014711224.79,"DEBT_ASSET_RATIO":31.9355715508,"OPERATE_PROFIT":109357421.25,"PRETAX_PROFIT":92112514.9,"NETCASH_OPERATE":-41191936.73,"NETCASH_INVEST":-179291438.69,"NETCASH_FINANCE":-106607130.21,"END_CASH":3320989258.65,"DIVI_RATIO":1.199914811401,"DIVIDEND_RATE":3.731343283582,"CURRENT_RATIO":2.127416498307,"COMMON_ACS":3000000000,"CURRENTDEBT_DEBT":77.05697852382,"ISSUED_COMMON_SHARES":2166398580,"HK_COMMON_SHARES":2166398580,"PER_SHARES":2000,"TOTAL_MARKET_CAP":5805948194.4,"HKSK_MARKET_CAP":5805948194.4,"PE_TTM":45.728369755683,"PB_TTM":0.492526918448,"REPORT_DATE_SQ":"2021-06-30 00:00:00","REPORT_TYPE_SQ":"2021年中报","OPERATE_INCOME_SQ":331410807.36,"DPS_HKD":0.1,"OPERATE_INCOME_QOQ_SQ":6.308713081244,"NET_PROFIT_RATIO_SQ":33.9017605174,"HOLDER_PROFIT_SQ":109694770.56,"HOLDER_PROFIT_QOQ_SQ":70.933551281503,"ROE_AVG_SQ":1.013942166256,"PE_TTM_SQ":646.097405774621,"PB_TTM_SQ":0.282226003662,"ROA_SQ":0.656915811359,"START_DATE":"2022-01-01 00:00:00","FISCAL_YEAR":"12-31","CURRENCY":"HKD","IS_CNY_CODE":0,"DPS_HKD_LY":0.055,"ORG_TYPE":"一般企业","PREMIUM_INCOME":null,"PREMIUM_INCOME_YOY":null,"NET_INTEREST_INCOME":null,"NET_INTEREST_INCOME_YOY":null,"FEE_COMMISSION_INCOME":null,"FEE_COMMISSION_INCOME_YOY":null,"ACCOUNTS_RECE_TDAYS":1.348472255735,"INVENTORY_TDAYS":0.019611949205,"CURRENT_ASSETS_TDAYS":0.028400917661,"TOTAL_ASSETS_TDAYS":0.015113802506,"PREMIUM_EXPENSE":null,"LOAN_DEPOSIT":null,"LOAN_EQUITY":null,"LOAN_ASSETS":null,"DEPOSIT_EQUITY":null,"DEPOSIT_ASSETS":null,"EQUITY_MULTIPLIER":1.469196205396,"EQUITY_RATIO":0.481016962865},{"SECUCODE":"00258.HK","SECURITY_CODE":"00258","SECURITY_NAME_ABBR":"汤臣集团","ORG_CODE":"10007516","STD_REPORT_DATE":"2021-12-31 00:00:00","REPORT_DATE":"2021-12-31 00:00:00","DATE_TYPE_CODE":"001","REPORT_TYPE":"2021年年报","PER_NETCASH_OPERATE":0.034676417227,"PER_OI":0.323163999038,"BPS":5.095265858234,"BASIC_EPS":0.11757088,"DILUTED_EPS":null,"OPERATE_INCOME":636964361.6,"OPERATE_INCOME_YOY":-16.2246880736,"GROSS_PROFIT":553076966.4,"GROSS_PROFIT_YOY":30.552127825558,"HOLDER_PROFIT":231747084.8,"HOLDER_PROFIT_YOY":61.9767647849,"GROSS_PROFIT_RATIO":86.830127357631,"EPS_TTM":0.117576930837,"OPERATE_INCOME_QOQ":-23.447089354817,"NET_PROFIT_RATIO":37.413133162,"ROE_AVG":2.148180237118,"GROSS_PROFIT_QOQ":-2.564416281903,"ROA":1.385316760569,"HOLDER_PROFIT_QOQ":-7.946581743193,"ROE_YEARLY":2.148180237118,"ROIC_YEARLY":1.767538791655,"TOTAL_ASSETS":16789093048,"TOTAL_LIABILITIES":5474788592,"TAX_EBT":50.471877655055,"OCF_SALES":10.730284725556,"TOTAL_PARENT_EQUITY":11038376720,"DEBT_ASSET_RATIO":32.6091979855,"OPERATE_PROFIT":498719648,"PRETAX_PROFIT":481157600,"NETCASH_OPERATE":68348089.6,"NETCASH_INVEST":1173867564.8,"NETCASH_FINANCE":-719234544,"END_CASH":3634942494.4,"DIVI_RATIO":0.770746432612,"DIVIDEND_RATE":3.731343283582,"CURRENT_RATIO":2.152266788747,"COMMON_ACS":3000000000,"CURRENTDEBT_DEBT":76.985650005899,"ISSUED_COMMON_SHARES":2166398580,"HK_COMMON_SHARES":2166398580,"PER_SHARES":2000,"TOTAL_MARKET_CAP":5805948194.4,"HKSK_MARKET_CAP":5805948194.4,"PE_TTM":45.728369755683,"PB_TTM":0.492526918448,"REPORT_DATE_SQ":"2020-12-31 00:00:00","REPORT_TYPE_SQ":"2020年年报","OPERATE_INCOME_SQ":782680593.08,"DPS_HKD":0.1,"OPERATE_INCOME_QOQ_SQ":14.094919646773,"NET_PROFIT_RATIO_SQ":19.3690608174,"HOLDER_PROFIT_SQ":147281108.52,"HOLDER_PROFIT_QOQ_SQ":37.641348683198,"ROE_AVG_SQ":1.391701397964,"PE_TTM_SQ":646.097405774621,"PB_TTM_SQ":0.282226003662,"ROA_SQ":0.869763963706,"START_DATE":"2021-01-01 00:00:00","FISCAL_YEAR":"12-31","CURRENCY":"HKD","IS_CNY_CODE":0,"DPS_HKD_LY":0.055,"ORG_TYPE":"一般企业","PREMIUM_INCOME":null,"PREMIUM_INCOME_YOY":null,"NET_INTEREST_INCOME":null,"NET_INTEREST_INCOME_YOY":null,"FEE_COMMISSION_INCOME":null,"FEE_COMMISSION_INCOME_YOY":null,"ACCOUNTS_RECE_TDAYS":2.992132395443,"INVENTORY_TDAYS":0.016804132491,"CURRENT_ASSETS_TDAYS":0.070757168347,"TOTAL_ASSETS_TDAYS":0.038075879434,"PREMIUM_EXPENSE":null,"LOAN_DEPOSIT":null,"LOAN_EQUITY":null,"LOAN_ASSETS":null,"DEPOSIT_EQUITY":null,"DEPOSIT_ASSETS":null,"EQUITY_MULTIPLIER":1.483882028567,"EQUITY_RATIO":0.495977690459},{"SECUCODE":"00258.HK","SECURITY_CODE":"00258","SECURITY_NAME_ABBR":"汤臣集团","ORG_CODE":"10007516","STD_REPORT_DATE":"2021-06-30 00:00:00","REPORT_DATE":"2021-06-30 00:00:00","DATE_TYPE_CODE":"002","REPORT_TYPE":"2021年中报","PER_NETCASH_OPERATE":-0.110398426748,"PER_OI":0.168141340847,"BPS":5.037347408453,"BASIC_EPS":0.055666152,"DILUTED_EPS":null,"OPERATE_INCOME":331410807.36,"OPERATE_INCOME_YOY":28.9972794403,"GROSS_PROFIT":286396943.52,"GROSS_PROFIT_YOY":101.110099486554,"HOLDER_PROFIT":109694770.56,"HOLDER_PROFIT_YOY":2205.5613850997,"GROSS_PROFIT_RATIO":86.417502736686,"EPS_TTM":0.127726849327,"OPERATE_INCOME_QOQ":6.308713081244,"NET_PROFIT_RATIO":33.9017605174,"ROE_AVG":1.013942166256,"GROSS_PROFIT_QOQ":33.98814154311,"ROA":0.656915811359,"HOLDER_PROFIT_QOQ":70.933551281503,"ROE_YEARLY":2.027884332512,"ROIC_YEARLY":1.654221763553,"TOTAL_ASSETS":16433159799.6,"TOTAL_LIABILITIES":5246525673.12,"TAX_EBT":54.780849809784,"OCF_SALES":-65.658110130256,"TOTAL_PARENT_EQUITY":10912902272.64,"DEBT_ASSET_RATIO":31.9264568537,"OPERATE_PROFIT":259409260.8,"PRETAX_PROFIT":248465744.64,"NETCASH_OPERATE":-217598072.88,"NETCASH_INVEST":1010560327.92,"NETCASH_FINANCE":-698036072.4,"END_CASH":3215529891.84,"DIVI_RATIO":0.709498437311,"DIVIDEND_RATE":3.731343283582,"CURRENT_RATIO":2.169174255441,"COMMON_ACS":3000000000,"CURRENTDEBT_DEBT":75.52483508355,"ISSUED_COMMON_SHARES":2166398580,"HK_COMMON_SHARES":2166398580,"PER_SHARES":2000,"TOTAL_MARKET_CAP":5805948194.4,"HKSK_MARKET_CAP":5805948194.4,"PE_TTM":45.728369755683,"PB_TTM":0.492526918448,"REPORT_DATE_SQ":"2020-06-30 00:00:00","REPORT_TYPE_SQ":"2020年中报","OPERATE_INCOME_SQ":282033734.4,"DPS_HKD":0.1,"OPERATE_INCOME_QOQ_SQ":-16.374900068599,"NET_PROFIT_RATIO_SQ":3.1007902578,"HOLDER_PROFIT_SQ":5223049.92,"HOLDER_PROFIT_QOQ_SQ":-30.757149912801,"ROE_AVG_SQ":0.047564852968,"PE_TTM_SQ":646.097405774621,"PB_TTM_SQ":0.282226003662,"ROA_SQ":0.029702934037,"START_DATE":"2021-01-01 00:00:00","FISCAL_YEAR":"12-31","CURRENCY":"HKD","IS_CNY_CODE":0,"DPS_HKD_LY":0.055,"ORG_TYPE":"一般企业","PREMIUM_INCOME":null,"PREMIUM_INCOME_YOY":null,"NET_INTEREST_INCOME":null,"NET_INTEREST_INCOME_YOY":null,"FEE_COMMISSION_INCOME":null,"FEE_COMMISSION_INCOME_YOY":null,"ACCOUNTS_RECE_TDAYS":1.462279373296,"INVENTORY_TDAYS":0.009043308014,"CURRENT_ASSETS_TDAYS":0.037476634265,"TOTAL_ASSETS_TDAYS":0.019846798375,"PREMIUM_EXPENSE":null,"LOAN_DEPOSIT":null,"LOAN_EQUITY":null,"LOAN_ASSETS":null,"DEPOSIT_EQUITY":null,"DEPOSIT_ASSETS":null,"EQUITY_MULTIPLIER":1.468999487585,"EQUITY_RATIO":0.480763553273},{"SECUCODE":"00258.HK","SECURITY_CODE":"00258","SECURITY_NAME_ABBR":"汤臣集团","ORG_CODE":"10007516","STD_REPORT_DATE":"2020-12-31 00:00:00","REPORT_DATE":"2020-12-31 00:00:00","DATE_TYPE_CODE":"001","REPORT_TYPE":"2020年年报","PER_NETCASH_OPERATE":0.137366621889,"PER_OI":0.397093158861,"BPS":5.007202623296,"BASIC_EPS":0.074737632,"DILUTED_EPS":null,"OPERATE_INCOME":782680593.08,"OPERATE_INCOME_YOY":1.5495377049,"GROSS_PROFIT":423644543.84,"GROSS_PROFIT_YOY":-15.826979124263,"HOLDER_PROFIT":147281108.52,"HOLDER_PROFIT_YOY":1.4375728206,"GROSS_PROFIT_RATIO":54.127385754242,"EPS_TTM":0.074723100508,"OPERATE_INCOME_QOQ":14.094919646773,"NET_PROFIT_RATIO":19.3690608174,"ROE_AVG":1.391701397964,"GROSS_PROFIT_QOQ":5.414818338735,"ROA":0.869763963706,"HOLDER_PROFIT_QOQ":37.641348683198,"ROE_YEARLY":1.391701397964,"ROIC_YEARLY":1.08661486556,"TOTAL_ASSETS":17158645134.2,"TOTAL_LIABILITIES":6035216120.84,"TAX_EBT":55.717976895523,"OCF_SALES":34.593046700511,"TOTAL_PARENT_EQUITY":10847596652.88,"DEBT_ASSET_RATIO":35.1730341973,"OPERATE_PROFIT":376575826.84,"PRETAX_PROFIT":342346328.04,"NETCASH_OPERATE":270753063.08,"NETCASH_INVEST":140394810.04,"NETCASH_FINANCE":-470770492.36,"END_CASH":3123767901,"DIVI_RATIO":1.212770875183,"DIVIDEND_RATE":3.731343283582,"CURRENT_RATIO":1.941322547682,"COMMON_ACS":3000000000,"CURRENTDEBT_DEBT":78.484770347888,"ISSUED_COMMON_SHARES":2166398580,"HK_COMMON_SHARES":2166398580,"PER_SHARES":2000,"TOTAL_MARKET_CAP":5805948194.4,"HKSK_MARKET_CAP":5805948194.4,"PE_TTM":45.728369755683,"PB_TTM":0.492526918448,"REPORT_DATE_SQ":"2019-12-31 00:00:00","REPORT_TYPE_SQ":"2019年年报","OPERATE_INCOME_SQ":820316805.46,"DPS_HKD":0.1,"OPERATE_INCOME_QOQ_SQ":15.798627885473,"NET_PROFIT_RATIO_SQ":25.1751283364,"HOLDER_PROFIT_SQ":154533695.14,"HOLDER_PROFIT_QOQ_SQ":-29.235171789176,"ROE_AVG_SQ":1.364468177107,"PE_TTM_SQ":646.097405774621,"PB_TTM_SQ":0.282226003662,"ROA_SQ":0.825851285588,"START_DATE":"2020-01-01 00:00:00","FISCAL_YEAR":"12-31","CURRENCY":"HKD","IS_CNY_CODE":0,"DPS_HKD_LY":0.11,"ORG_TYPE":"一般企业","PREMIUM_INCOME":null,"PREMIUM_INCOME_YOY":null,"NET_INTEREST_INCOME":null,"NET_INTEREST_INCOME_YOY":null,"FEE_COMMISSION_INCOME":null,"FEE_COMMISSION_INCOME_YOY":null,"ACCOUNTS_RECE_TDAYS":2.276503189734,"INVENTORY_TDAYS":0.076717880139,"CURRENT_ASSETS_TDAYS":0.086721367344,"TOTAL_ASSETS_TDAYS":0.046220956767,"PREMIUM_EXPENSE":null,"LOAN_DEPOSIT":null,"LOAN_EQUITY":null,"LOAN_ASSETS":null,"DEPOSIT_EQUITY":null,"DEPOSIT_ASSETS":null,"EQUITY_MULTIPLIER":1.542567953965,"EQUITY_RATIO":0.556364355531},{"SECUCODE":"00258.HK","SECURITY_CODE":"00258","SECURITY_NAME_ABBR":"汤臣集团","ORG_CODE":"10007516","STD_REPORT_DATE":"2020-06-30 00:00:00","REPORT_DATE":"2020-06-30 00:00:00","DATE_TYPE_CODE":"002","REPORT_TYPE":"2020年中报","PER_NETCASH_OPERATE":-0.042189638389,"PER_OI":0.143089872789,"BPS":4.968409345394,"BASIC_EPS":0.002648976,"DILUTED_EPS":null,"OPERATE_INCOME":282033734.4,"OPERATE_INCOME_YOY":-34.7670387202,"GROSS_PROFIT":142408036.32,"GROSS_PROFIT_YOY":-41.594591892032,"HOLDER_PROFIT":5223049.92,"HOLDER_PROFIT_YOY":-90.4652326163,"GROSS_PROFIT_RATIO":50.493263376085,"EPS_TTM":0.05428826528,"OPERATE_INCOME_QOQ":-16.374900068599,"NET_PROFIT_RATIO":3.1007902578,"ROE_AVG":0.047564852968,"GROSS_PROFIT_QOQ":-20.150675016809,"ROA":0.029702934037,"HOLDER_PROFIT_QOQ":-30.757149912801,"ROE_YEARLY":0.095129705935,"ROIC_YEARLY":0.073938367625,"TOTAL_ASSETS":17034933468.96,"TOTAL_LIABILITIES":5985703812,"TAX_EBT":65.743523686847,"OCF_SALES":-29.484713045731,"TOTAL_PARENT_EQUITY":10763554950.72,"DEBT_ASSET_RATIO":35.1378173734,"OPERATE_PROFIT":55471384.32,"PRETAX_PROFIT":25528821.12,"NETCASH_OPERATE":-83156837.28,"NETCASH_INVEST":247967903.04,"NETCASH_FINANCE":-479402542.08,"END_CASH":2982539625.12,"DIVI_RATIO":1.669274189039,"DIVIDEND_RATE":3.54609929078,"CURRENT_RATIO":2.017227949343,"COMMON_ACS":3000000000,"CURRENTDEBT_DEBT":76.542963638375,"ISSUED_COMMON_SHARES":2166398580,"HK_COMMON_SHARES":2166398580,"PER_SHARES":2000,"TOTAL_MARKET_CAP":6109243995.6,"HKSK_MARKET_CAP":6109243995.6,"PE_TTM":48.117165190681,"PB_TTM":0.518255936576,"REPORT_DATE_SQ":"2019-06-30 00:00:00","REPORT_TYPE_SQ":"2019年中报","OPERATE_INCOME_SQ":416359791.54,"DPS_HKD":0.1,"OPERATE_INCOME_QOQ_SQ":19.229863012376,"NET_PROFIT_RATIO_SQ":14.1371886613,"HOLDER_PROFIT_SQ":52753210.2,"HOLDER_PROFIT_QOQ_SQ":-38.866112669143,"ROE_AVG_SQ":0.472864109208,"PE_TTM_SQ":598.821985839893,"PB_TTM_SQ":0.261575320467,"ROA_SQ":0.279676930939,"START_DATE":"2020-01-01 00:00:00","FISCAL_YEAR":"12-31","CURRENCY":"HKD","IS_CNY_CODE":0,"DPS_HKD_LY":0.11,"ORG_TYPE":"一般企业","PREMIUM_INCOME":null,"PREMIUM_INCOME_YOY":null,"NET_INTEREST_INCOME":null,"NET_INTEREST_INCOME_YOY":null,"FEE_COMMISSION_INCOME":null,"FEE_COMMISSION_INCOME_YOY":null,"ACCOUNTS_RECE_TDAYS":0.84558883941,"INVENTORY_TDAYS":0.028021610024,"CURRENT_ASSETS_TDAYS":0.029919923795,"TOTAL_ASSETS_TDAYS":0.016038961024,"PREMIUM_EXPENSE":null,"LOAN_DEPOSIT":null,"LOAN_EQUITY":null,"LOAN_ASSETS":null,"DEPOSIT_EQUITY":null,"DEPOSIT_ASSETS":null,"EQUITY_MULTIPLIER":1.541730419028,"EQUITY_RATIO":0.556108445528}],"count":48},"success":true,"message":"ok","code":0}