{"version":"af5c183eb524dfc9b1ddf9761e40e8da","result":{"pages":6,"data":[{"SECUCODE":"00252.HK","SECURITY_CODE":"00252","SECURITY_NAME_ABBR":"华信地产财务","ORG_CODE":"10007511","STD_REPORT_DATE":"2024-06-30 00:00:00","REPORT_DATE":"2024-09-30 00:00:00","DATE_TYPE_CODE":"002","REPORT_TYPE":"2024年中报","PER_NETCASH_OPERATE":0.079179494343,"PER_OI":0.408024169098,"BPS":4.417017547979,"BASIC_EPS":-0.1352685,"DILUTED_EPS":-0.1352685,"OPERATE_INCOME":91976822.07085,"OPERATE_INCOME_YOY":2.7916130177,"GROSS_PROFIT":32558197.30272,"GROSS_PROFIT_YOY":9.751151867077,"HOLDER_PROFIT":-30512310.83867,"HOLDER_PROFIT_YOY":-697.479340908,"GROSS_PROFIT_RATIO":35.398262920674,"EPS_TTM":0.226777638807,"OPERATE_INCOME_QOQ":0,"NET_PROFIT_RATIO":-32.9028214168,"ROE_AVG":-3.021367665711,"GROSS_PROFIT_QOQ":0,"ROA":-2.034347290178,"HOLDER_PROFIT_QOQ":0,"ROE_YEARLY":-6.042735331422,"ROIC_YEARLY":-4.33512340967,"TOTAL_ASSETS":1524999758.23916,"TOTAL_LIABILITIES":519835093.32203,"TAX_EBT":-6.545480417935,"OCF_SALES":19.405589261642,"TOTAL_PARENT_EQUITY":995684245.84403,"DEBT_ASSET_RATIO":34.087552507,"OPERATE_PROFIT":-29567148.34683,"PRETAX_PROFIT":-28403804.07702,"NETCASH_OPERATE":17848644.30698,"NETCASH_INVEST":-19175683.30117,"NETCASH_FINANCE":10356661.3624,"END_CASH":47580149.29205,"DIVI_RATIO":0.119925845172,"DIVIDEND_RATE":1.666666666667,"CURRENT_RATIO":1.784139136401,"COMMON_ACS":null,"CURRENTDEBT_DEBT":33.545049489169,"ISSUED_COMMON_SHARES":225420034,"HK_COMMON_SHARES":225420034,"PER_SHARES":2000,"TOTAL_MARKET_CAP":405756061.2,"HKSK_MARKET_CAP":405756061.2,"PE_TTM":24.021203772602,"PB_TTM":0.367492766865,"REPORT_DATE_SQ":"2023-06-30 00:00:00","REPORT_TYPE_SQ":"2023年中报","OPERATE_INCOME_SQ":91050619.97262,"DPS_HKD":0.03,"OPERATE_INCOME_QOQ_SQ":0,"NET_PROFIT_RATIO_SQ":4.8651171695,"HOLDER_PROFIT_SQ":5196541.44289,"HOLDER_PROFIT_QOQ_SQ":0,"ROE_AVG_SQ":0.529689572107,"PE_TTM_SQ":22.480010058713,"PB_TTM_SQ":0.65362302991,"ROA_SQ":0.377283360258,"START_DATE":"2024-04-01 00:00:00","FISCAL_YEAR":"3-31","CURRENCY":"HKD","IS_CNY_CODE":0,"DPS_HKD_LY":0.03,"ORG_TYPE":"一般企业","PREMIUM_INCOME":null,"PREMIUM_INCOME_YOY":null,"NET_INTEREST_INCOME":null,"NET_INTEREST_INCOME_YOY":null,"FEE_COMMISSION_INCOME":null,"FEE_COMMISSION_INCOME_YOY":null,"ACCOUNTS_RECE_TDAYS":0.73224144728,"INVENTORY_TDAYS":1.524404930575,"CURRENT_ASSETS_TDAYS":0.322614290673,"TOTAL_ASSETS_TDAYS":0.061323706267,"PREMIUM_EXPENSE":null,"LOAN_DEPOSIT":null,"LOAN_EQUITY":null,"LOAN_ASSETS":null,"DEPOSIT_EQUITY":null,"DEPOSIT_ASSETS":null,"EQUITY_MULTIPLIER":1.517164113965,"EQUITY_RATIO":0.522088298064},{"SECUCODE":"00252.HK","SECURITY_CODE":"00252","SECURITY_NAME_ABBR":"华信地产财务","ORG_CODE":"10007511","STD_REPORT_DATE":"2023-12-31 00:00:00","REPORT_DATE":"2024-03-31 00:00:00","DATE_TYPE_CODE":"001","REPORT_TYPE":"2023年年报","PER_NETCASH_OPERATE":0.078110507081,"PER_OI":0.77491260572,"BPS":4.566982785896,"BASIC_EPS":0.2266375,"DILUTED_EPS":0.2266375,"OPERATE_INCOME":174680825.9285,"OPERATE_INCOME_YOY":-19.220008953,"GROSS_PROFIT":58416305.162,"GROSS_PROFIT_YOY":-3.948956033226,"HOLDER_PROFIT":51120223.05025,"HOLDER_PROFIT_YOY":103.0150092525,"GROSS_PROFIT_RATIO":33.441738583209,"EPS_TTM":0.121290727324,"OPERATE_INCOME_QOQ":0,"NET_PROFIT_RATIO":28.996086253,"ROE_AVG":5.11536160684,"GROSS_PROFIT_QOQ":0,"ROA":3.564206892756,"HOLDER_PROFIT_QOQ":0,"ROE_YEARLY":5.11536160684,"ROIC_YEARLY":3.935623246071,"TOTAL_ASSETS":1482499407.6454,"TOTAL_LIABILITIES":443850634.9301,"TAX_EBT":7.225570261823,"OCF_SALES":10.079911786688,"TOTAL_PARENT_EQUITY":1029489414.87415,"DEBT_ASSET_RATIO":29.939346528,"OPERATE_PROFIT":-190927603.4548,"PRETAX_PROFIT":54595434.4281,"NETCASH_OPERATE":17607673.16185,"NETCASH_INVEST":-92734806.10345,"NETCASH_FINANCE":24526716.59585,"END_CASH":37933794.2384,"DIVI_RATIO":0.224225714529,"DIVIDEND_RATE":1.764705882353,"CURRENT_RATIO":1.689268147693,"COMMON_ACS":null,"CURRENTDEBT_DEBT":34.736470836474,"ISSUED_COMMON_SHARES":225420034,"HK_COMMON_SHARES":225420034,"PER_SHARES":2000,"TOTAL_MARKET_CAP":383214057.8,"HKSK_MARKET_CAP":383214057.8,"PE_TTM":22.686692451902,"PB_TTM":0.34707650204,"REPORT_DATE_SQ":"2022-12-31 00:00:00","REPORT_TYPE_SQ":"2022年年报","OPERATE_INCOME_SQ":208814752.17601,"DPS_HKD":0.03,"OPERATE_INCOME_QOQ_SQ":0,"NET_PROFIT_RATIO_SQ":12.7866326589,"HOLDER_PROFIT_SQ":24315563.242,"HOLDER_PROFIT_QOQ_SQ":0,"ROE_AVG_SQ":2.738184349852,"PE_TTM_SQ":23.20517167351,"PB_TTM_SQ":0.674707643779,"ROA_SQ":1.881340903067,"START_DATE":"2023-04-01 00:00:00","FISCAL_YEAR":"3-31","CURRENCY":"HKD","IS_CNY_CODE":0,"DPS_HKD_LY":0.03,"ORG_TYPE":"一般企业","PREMIUM_INCOME":null,"PREMIUM_INCOME_YOY":null,"NET_INTEREST_INCOME":null,"NET_INTEREST_INCOME_YOY":null,"FEE_COMMISSION_INCOME":null,"FEE_COMMISSION_INCOME_YOY":null,"ACCOUNTS_RECE_TDAYS":1.944651400184,"INVENTORY_TDAYS":3.029483131739,"CURRENT_ASSETS_TDAYS":0.595859519485,"TOTAL_ASSETS_TDAYS":0.121791057757,"PREMIUM_EXPENSE":null,"LOAN_DEPOSIT":null,"LOAN_EQUITY":null,"LOAN_ASSETS":null,"DEPOSIT_EQUITY":null,"DEPOSIT_ASSETS":null,"EQUITY_MULTIPLIER":1.427334674233,"EQUITY_RATIO":0.431136666893},{"SECUCODE":"00252.HK","SECURITY_CODE":"00252","SECURITY_NAME_ABBR":"华信地产财务","ORG_CODE":"10007511","STD_REPORT_DATE":"2023-06-30 00:00:00","REPORT_DATE":"2023-09-30 00:00:00","DATE_TYPE_CODE":"002","REPORT_TYPE":"2023年中报","PER_NETCASH_OPERATE":0.125729872487,"PER_OI":0.403915385678,"BPS":4.352130922299,"BASIC_EPS":0.02294075,"DILUTED_EPS":0.02294075,"OPERATE_INCOME":91050619.97262,"OPERATE_INCOME_YOY":-28.2989223298,"GROSS_PROFIT":29665472.06917,"GROSS_PROFIT_YOY":-21.225495872129,"HOLDER_PROFIT":5196541.44289,"HOLDER_PROFIT_YOY":49.0722933114,"GROSS_PROFIT_RATIO":32.581296072548,"EPS_TTM":0.113479852636,"OPERATE_INCOME_QOQ":0,"NET_PROFIT_RATIO":4.8651171695,"ROE_AVG":0.529689572107,"GROSS_PROFIT_QOQ":0,"ROA":0.377283360258,"HOLDER_PROFIT_QOQ":0,"ROE_YEARLY":1.059379144213,"ROIC_YEARLY":0.842306342212,"TOTAL_ASSETS":1351741634.17895,"TOTAL_LIABILITIES":361909402.35429,"TAX_EBT":21.174521104829,"OCF_SALES":31.127775010629,"TOTAL_PARENT_EQUITY":981057500.47711,"DEBT_ASSET_RATIO":26.7735633203,"OPERATE_PROFIT":13952964.23668,"PRETAX_PROFIT":5619654.21248,"NETCASH_OPERATE":28342032.13086,"NETCASH_INVEST":-27353630.83474,"NETCASH_FINANCE":-43852776.0671,"END_CASH":46480113.17761,"DIVI_RATIO":0.239659281963,"DIVIDEND_RATE":1.764705882353,"CURRENT_RATIO":1.698701821076,"COMMON_ACS":null,"CURRENTDEBT_DEBT":40.546621666084,"ISSUED_COMMON_SHARES":225420034,"HK_COMMON_SHARES":225420034,"PER_SHARES":2000,"TOTAL_MARKET_CAP":383214057.8,"HKSK_MARKET_CAP":383214057.8,"PE_TTM":22.686692451902,"PB_TTM":0.34707650204,"REPORT_DATE_SQ":"2022-06-30 00:00:00","REPORT_TYPE_SQ":"2022年中报","OPERATE_INCOME_SQ":125161103.05248,"DPS_HKD":0.03,"OPERATE_INCOME_QOQ_SQ":0,"NET_PROFIT_RATIO_SQ":3.2773788398,"HOLDER_PROFIT_SQ":3435813.8052,"HOLDER_PROFIT_QOQ_SQ":0,"ROE_AVG_SQ":0.358779790841,"PE_TTM_SQ":23.20517167351,"PB_TTM_SQ":0.674707643779,"ROA_SQ":0.248552240352,"START_DATE":"2023-04-01 00:00:00","FISCAL_YEAR":"3-31","CURRENCY":"HKD","IS_CNY_CODE":0,"DPS_HKD_LY":0.03,"ORG_TYPE":"一般企业","PREMIUM_INCOME":null,"PREMIUM_INCOME_YOY":null,"NET_INTEREST_INCOME":null,"NET_INTEREST_INCOME_YOY":null,"FEE_COMMISSION_INCOME":null,"FEE_COMMISSION_INCOME_YOY":null,"ACCOUNTS_RECE_TDAYS":1.102580260082,"INVENTORY_TDAYS":1.571255182701,"CURRENT_ASSETS_TDAYS":0.314444107772,"TOTAL_ASSETS_TDAYS":0.066105282204,"PREMIUM_EXPENSE":null,"LOAN_DEPOSIT":null,"LOAN_EQUITY":null,"LOAN_ASSETS":null,"DEPOSIT_EQUITY":null,"DEPOSIT_ASSETS":null,"EQUITY_MULTIPLIER":1.365627013061,"EQUITY_RATIO":0.368897238111},{"SECUCODE":"00252.HK","SECURITY_CODE":"00252","SECURITY_NAME_ABBR":"华信地产财务","ORG_CODE":"10007511","STD_REPORT_DATE":"2022-12-31 00:00:00","REPORT_DATE":"2023-03-31 00:00:00","DATE_TYPE_CODE":"001","REPORT_TYPE":"2022年年报","PER_NETCASH_OPERATE":0.268044354051,"PER_OI":0.92633626422,"BPS":4.157147580969,"BASIC_EPS":0.10767543,"DILUTED_EPS":0.10767543,"OPERATE_INCOME":208814752.17601,"OPERATE_INCOME_YOY":-13.0755736833,"GROSS_PROFIT":60817980.4711,"GROSS_PROFIT_YOY":-9.117113227462,"HOLDER_PROFIT":24315563.242,"HOLDER_PROFIT_YOY":10.2162256701,"GROSS_PROFIT_RATIO":29.135082951668,"EPS_TTM":-0.078670018923,"OPERATE_INCOME_QOQ":0,"NET_PROFIT_RATIO":12.7866326589,"ROE_AVG":2.738184349852,"GROSS_PROFIT_QOQ":0,"ROA":1.881340903067,"HOLDER_PROFIT_QOQ":0,"ROE_YEARLY":2.738184349852,"ROIC_YEARLY":2.135974053774,"TOTAL_ASSETS":1338519947.95748,"TOTAL_LIABILITIES":393090821.86168,"TAX_EBT":9.215042223629,"OCF_SALES":28.935966819375,"TOTAL_PARENT_EQUITY":935912788.22519,"DEBT_ASSET_RATIO":29.2715149145,"OPERATE_PROFIT":44581126.15836,"PRETAX_PROFIT":27990705.12695,"NETCASH_OPERATE":60422567.40361,"NETCASH_INVEST":18280256.46917,"NETCASH_FINANCE":-67395273.70936,"END_CASH":85981413.3145,"DIVI_RATIO":-0.345703488728,"DIVIDEND_RATE":1.764705882353,"CURRENT_RATIO":1.036808694537,"COMMON_ACS":null,"CURRENTDEBT_DEBT":77.209213185836,"ISSUED_COMMON_SHARES":225420034,"HK_COMMON_SHARES":225420034,"PER_SHARES":2000,"TOTAL_MARKET_CAP":383214057.8,"HKSK_MARKET_CAP":383214057.8,"PE_TTM":22.686692451902,"PB_TTM":0.34707650204,"REPORT_DATE_SQ":"2021-12-31 00:00:00","REPORT_TYPE_SQ":"2021年年报","OPERATE_INCOME_SQ":222553305.90596,"DPS_HKD":0.03,"OPERATE_INCOME_QOQ_SQ":0,"NET_PROFIT_RATIO_SQ":9.743496671,"HOLDER_PROFIT_SQ":21502078.61417,"HOLDER_PROFIT_QOQ_SQ":0,"ROE_AVG_SQ":2.52275313326,"PE_TTM_SQ":23.20517167351,"PB_TTM_SQ":0.674707643779,"ROA_SQ":1.73271856631,"START_DATE":"2022-04-01 00:00:00","FISCAL_YEAR":"3-31","CURRENCY":"HKD","IS_CNY_CODE":0,"DPS_HKD_LY":0.03,"ORG_TYPE":"一般企业","PREMIUM_INCOME":null,"PREMIUM_INCOME_YOY":null,"NET_INTEREST_INCOME":null,"NET_INTEREST_INCOME_YOY":null,"FEE_COMMISSION_INCOME":null,"FEE_COMMISSION_INCOME_YOY":null,"ACCOUNTS_RECE_TDAYS":1.897968270194,"INVENTORY_TDAYS":3.176827814816,"CURRENT_ASSETS_TDAYS":0.601729247152,"TOTAL_ASSETS_TDAYS":0.153573895576,"PREMIUM_EXPENSE":null,"LOAN_DEPOSIT":null,"LOAN_EQUITY":null,"LOAN_ASSETS":null,"DEPOSIT_EQUITY":null,"DEPOSIT_ASSETS":null,"EQUITY_MULTIPLIER":1.4138575127,"EQUITY_RATIO":0.420007961006},{"SECUCODE":"00252.HK","SECURITY_CODE":"00252","SECURITY_NAME_ABBR":"华信地产财务","ORG_CODE":"10007511","STD_REPORT_DATE":"2022-06-30 00:00:00","REPORT_DATE":"2022-09-30 00:00:00","DATE_TYPE_CODE":"002","REPORT_TYPE":"2022年中报","PER_NETCASH_OPERATE":0.198632880623,"PER_OI":0.555235046467,"BPS":4.227927326213,"BASIC_EPS":0.01537548,"DILUTED_EPS":0.01537548,"OPERATE_INCOME":125161103.05248,"OPERATE_INCOME_YOY":11.0105881822,"GROSS_PROFIT":37658722.70172,"GROSS_PROFIT_YOY":10.217205057367,"HOLDER_PROFIT":3435813.8052,"HOLDER_PROFIT_YOY":-92.5837170652,"GROSS_PROFIT_RATIO":30.088199754783,"EPS_TTM":0.095386724208,"OPERATE_INCOME_QOQ":0,"NET_PROFIT_RATIO":3.2773788398,"ROE_AVG":0.358779790841,"GROSS_PROFIT_QOQ":0,"ROA":0.248552240352,"HOLDER_PROFIT_QOQ":0,"ROE_YEARLY":0.717559581682,"ROIC_YEARLY":0.556418333883,"TOTAL_ASSETS":1337884703.81124,"TOTAL_LIABILITIES":375613109.86404,"TAX_EBT":30.337104366389,"OCF_SALES":35.774557439643,"TOTAL_PARENT_EQUITY":953059521.62448,"DEBT_ASSET_RATIO":28.0751479402,"OPERATE_PROFIT":8876935.69848,"PRETAX_PROFIT":5888362.04664,"NETCASH_OPERATE":44775830.7036,"NETCASH_INVEST":-12134249.22528,"NETCASH_FINANCE":-48347415.42384,"END_CASH":55158536.90268,"DIVI_RATIO":0.285118293198,"DIVIDEND_RATE":1.764705882353,"CURRENT_RATIO":0.965290042902,"COMMON_ACS":null,"CURRENTDEBT_DEBT":81.957806644946,"ISSUED_COMMON_SHARES":225420034,"HK_COMMON_SHARES":225420034,"PER_SHARES":2000,"TOTAL_MARKET_CAP":383214057.8,"HKSK_MARKET_CAP":383214057.8,"PE_TTM":22.686692451902,"PB_TTM":0.34707650204,"REPORT_DATE_SQ":"2021-06-30 00:00:00","REPORT_TYPE_SQ":"2021年中报","OPERATE_INCOME_SQ":103848803.91618,"DPS_HKD":0.03,"OPERATE_INCOME_QOQ_SQ":0,"NET_PROFIT_RATIO_SQ":41.9439992248,"HOLDER_PROFIT_SQ":42671690.7598,"HOLDER_PROFIT_QOQ_SQ":0,"ROE_AVG_SQ":4.812333177801,"PE_TTM_SQ":23.20517167351,"PB_TTM_SQ":0.674707643779,"ROA_SQ":3.347926711708,"START_DATE":"2022-04-01 00:00:00","FISCAL_YEAR":"3-31","CURRENCY":"HKD","IS_CNY_CODE":0,"DPS_HKD_LY":0.03,"ORG_TYPE":"一般企业","PREMIUM_INCOME":null,"PREMIUM_INCOME_YOY":null,"NET_INTEREST_INCOME":null,"NET_INTEREST_INCOME_YOY":null,"FEE_COMMISSION_INCOME":null,"FEE_COMMISSION_INCOME_YOY":null,"ACCOUNTS_RECE_TDAYS":1.062875685922,"INVENTORY_TDAYS":1.737342055494,"CURRENT_ASSETS_TDAYS":0.363251871549,"TOTAL_ASSETS_TDAYS":0.090543534465,"PREMIUM_EXPENSE":null,"LOAN_DEPOSIT":null,"LOAN_EQUITY":null,"LOAN_ASSETS":null,"DEPOSIT_EQUITY":null,"DEPOSIT_ASSETS":null,"EQUITY_MULTIPLIER":1.390340016506,"EQUITY_RATIO":0.394112960777},{"SECUCODE":"00252.HK","SECURITY_CODE":"00252","SECURITY_NAME_ABBR":"华信地产财务","ORG_CODE":"10007511","STD_REPORT_DATE":"2021-12-31 00:00:00","REPORT_DATE":"2022-03-31 00:00:00","DATE_TYPE_CODE":"001","REPORT_TYPE":"2021年年报","PER_NETCASH_OPERATE":-0.093011068253,"PER_OI":0.98728272708,"BPS":3.82760645682,"BASIC_EPS":0.09569918,"DILUTED_EPS":0.09569918,"OPERATE_INCOME":222553305.90596,"OPERATE_INCOME_YOY":5.4136448347,"GROSS_PROFIT":66919067.63846,"GROSS_PROFIT_YOY":-7.877803732281,"HOLDER_PROFIT":21502078.61417,"HOLDER_PROFIT_YOY":323.1127887776,"GROSS_PROFIT_RATIO":30.068781663813,"EPS_TTM":0.299192322904,"OPERATE_INCOME_QOQ":0,"NET_PROFIT_RATIO":9.743496671,"ROE_AVG":2.52275313326,"GROSS_PROFIT_QOQ":0,"ROA":1.73271856631,"HOLDER_PROFIT_QOQ":0,"ROE_YEARLY":2.52275313326,"ROIC_YEARLY":2.027683502824,"TOTAL_ASSETS":1279388451.30678,"TOTAL_LIABILITIES":408189971.87852,"TAX_EBT":13.601617015265,"OCF_SALES":-9.420915174767,"TOTAL_PARENT_EQUITY":862819177.63492,"DEBT_ASSET_RATIO":31.9050849225,"OPERATE_PROFIT":32975276.50419,"PRETAX_PROFIT":25098240.50294,"NETCASH_OPERATE":-20966558.16804,"NETCASH_INVEST":-81569642.93951,"NETCASH_FINANCE":39277243.49636,"END_CASH":67748740.60058,"DIVI_RATIO":0.090899725421,"DIVIDEND_RATE":1.764705882353,"CURRENT_RATIO":0.891254222944,"COMMON_ACS":null,"CURRENTDEBT_DEBT":96.60942562368,"ISSUED_COMMON_SHARES":225420034,"HK_COMMON_SHARES":225420034,"PER_SHARES":2000,"TOTAL_MARKET_CAP":383214057.8,"HKSK_MARKET_CAP":383214057.8,"PE_TTM":22.686692451902,"PB_TTM":0.34707650204,"REPORT_DATE_SQ":"2020-12-31 00:00:00","REPORT_TYPE_SQ":"2020年年报","OPERATE_INCOME_SQ":220019018.10994,"DPS_HKD":0.03,"OPERATE_INCOME_QOQ_SQ":0,"NET_PROFIT_RATIO_SQ":3.2815713909,"HOLDER_PROFIT_SQ":5295991.69498,"HOLDER_PROFIT_QOQ_SQ":0,"ROE_AVG_SQ":0.606302664251,"PE_TTM_SQ":23.20517167351,"PB_TTM_SQ":0.674707643779,"ROA_SQ":0.415823177916,"START_DATE":"2021-04-01 00:00:00","FISCAL_YEAR":"3-31","CURRENCY":"HKD","IS_CNY_CODE":0,"DPS_HKD_LY":0.03,"ORG_TYPE":"一般企业","PREMIUM_INCOME":null,"PREMIUM_INCOME_YOY":null,"NET_INTEREST_INCOME":null,"NET_INTEREST_INCOME_YOY":null,"FEE_COMMISSION_INCOME":null,"FEE_COMMISSION_INCOME_YOY":null,"ACCOUNTS_RECE_TDAYS":1.995722079135,"INVENTORY_TDAYS":3.502692923884,"CURRENT_ASSETS_TDAYS":0.618962960639,"TOTAL_ASSETS_TDAYS":0.179341845064,"PREMIUM_EXPENSE":null,"LOAN_DEPOSIT":null,"LOAN_EQUITY":null,"LOAN_ASSETS":null,"DEPOSIT_EQUITY":null,"DEPOSIT_ASSETS":null,"EQUITY_MULTIPLIER":1.468538434716,"EQUITY_RATIO":0.473088663835},{"SECUCODE":"00252.HK","SECURITY_CODE":"00252","SECURITY_NAME_ABBR":"华信地产财务","ORG_CODE":"10007511","STD_REPORT_DATE":"2021-06-30 00:00:00","REPORT_DATE":"2021-09-30 00:00:00","DATE_TYPE_CODE":"002","REPORT_TYPE":"2021年中报","PER_NETCASH_OPERATE":-0.130778408084,"PER_OI":0.460690214944,"BPS":4.031184655324,"BASIC_EPS":0.18910462,"DILUTED_EPS":0.18910462,"OPERATE_INCOME":103848803.91618,"OPERATE_INCOME_YOY":-1.8155321878,"GROSS_PROFIT":34167735.1391,"GROSS_PROFIT_YOY":-13.980420132045,"HOLDER_PROFIT":42671690.7598,"HOLDER_PROFIT_YOY":331.1045474188,"GROSS_PROFIT_RATIO":32.901423849501,"EPS_TTM":0.02349388207,"OPERATE_INCOME_QOQ":0,"NET_PROFIT_RATIO":41.9439992248,"ROE_AVG":4.812333177801,"GROSS_PROFIT_QOQ":0,"ROA":3.347926711708,"HOLDER_PROFIT_QOQ":0,"ROE_YEARLY":9.624666355603,"ROIC_YEARLY":7.793716760558,"TOTAL_ASSETS":1313946411.67098,"TOTAL_LIABILITIES":394938127.79112,"TAX_EBT":4.329092131843,"OCF_SALES":-28.38749420792,"TOTAL_PARENT_EQUITY":908709782.06344,"DEBT_ASSET_RATIO":30.0573999277,"OPERATE_PROFIT":48081237.51296,"PRETAX_PROFIT":45529348.9737,"NETCASH_OPERATE":-29480073.1967,"NETCASH_INVEST":-80280441.87534,"NETCASH_FINANCE":29294671.5284,"END_CASH":52684368.0241,"DIVI_RATIO":1.157599238778,"DIVIDEND_RATE":1.764705882353,"CURRENT_RATIO":1.394518137017,"COMMON_ACS":null,"CURRENTDEBT_DEBT":61.825390007197,"ISSUED_COMMON_SHARES":225420034,"HK_COMMON_SHARES":225420034,"PER_SHARES":2000,"TOTAL_MARKET_CAP":383214057.8,"HKSK_MARKET_CAP":383214057.8,"PE_TTM":22.686692451902,"PB_TTM":0.34707650204,"REPORT_DATE_SQ":"2020-06-30 00:00:00","REPORT_TYPE_SQ":"2020年中报","OPERATE_INCOME_SQ":111566276.1952,"DPS_HKD":0.03,"OPERATE_INCOME_QOQ_SQ":0,"NET_PROFIT_RATIO_SQ":-17.5407927891,"HOLDER_PROFIT_SQ":-19476261.14688,"HOLDER_PROFIT_QOQ_SQ":0,"ROE_AVG_SQ":-2.173738072707,"PE_TTM_SQ":23.20517167351,"PB_TTM_SQ":0.674707643779,"ROA_SQ":-1.441710807256,"START_DATE":"2021-04-01 00:00:00","FISCAL_YEAR":"3-31","CURRENCY":"HKD","IS_CNY_CODE":0,"DPS_HKD_LY":0.03,"ORG_TYPE":"一般企业","PREMIUM_INCOME":null,"PREMIUM_INCOME_YOY":null,"NET_INTEREST_INCOME":null,"NET_INTEREST_INCOME_YOY":null,"FEE_COMMISSION_INCOME":null,"FEE_COMMISSION_INCOME_YOY":null,"ACCOUNTS_RECE_TDAYS":0.876973876996,"INVENTORY_TDAYS":1.628929630714,"CURRENT_ASSETS_TDAYS":0.289212512031,"TOTAL_ASSETS_TDAYS":0.081477480367,"PREMIUM_EXPENSE":null,"LOAN_DEPOSIT":null,"LOAN_EQUITY":null,"LOAN_ASSETS":null,"DEPOSIT_EQUITY":null,"DEPOSIT_ASSETS":null,"EQUITY_MULTIPLIER":1.429743817025,"EQUITY_RATIO":0.434614148088},{"SECUCODE":"00252.HK","SECURITY_CODE":"00252","SECURITY_NAME_ABBR":"华信地产财务","ORG_CODE":"10007511","STD_REPORT_DATE":"2020-12-31 00:00:00","REPORT_DATE":"2021-03-31 00:00:00","DATE_TYPE_CODE":"001","REPORT_TYPE":"2020年年报","PER_NETCASH_OPERATE":0.013087124035,"PER_OI":0.976040213488,"BPS":3.891851436378,"BASIC_EPS":0.02366504,"DILUTED_EPS":0.02366504,"OPERATE_INCOME":220019018.10994,"OPERATE_INCOME_YOY":-19.8885613629,"GROSS_PROFIT":72641632.90678,"GROSS_PROFIT_YOY":-13.521787370094,"HOLDER_PROFIT":5295991.69498,"HOLDER_PROFIT_YOY":103.374758487,"GROSS_PROFIT_RATIO":33.016069942864,"EPS_TTM":-0.736102821899,"OPERATE_INCOME_QOQ":0,"NET_PROFIT_RATIO":3.2815713909,"ROE_AVG":0.606302664251,"GROSS_PROFIT_QOQ":0,"ROA":0.415823177916,"HOLDER_PROFIT_QOQ":0,"ROE_YEARLY":0.606302664251,"ROIC_YEARLY":0.488843220607,"TOTAL_ASSETS":1253165427.36434,"TOTAL_LIABILITIES":366394318.18164,"TAX_EBT":50.684854720536,"OCF_SALES":1.3408386103,"TOTAL_PARENT_EQUITY":877301283.11126,"DEBT_ASSET_RATIO":29.237506093,"OPERATE_PROFIT":23675942.822,"PRETAX_PROFIT":14640697.31922,"NETCASH_OPERATE":2950099.94482,"NETCASH_INVEST":126544158.82626,"NETCASH_FINANCE":-84235835.81182,"END_CASH":134870248.44342,"DIVI_RATIO":-0.036946604728,"DIVIDEND_RATE":1.764705882353,"CURRENT_RATIO":1.821527276234,"COMMON_ACS":null,"CURRENTDEBT_DEBT":57.408196238929,"ISSUED_COMMON_SHARES":225420034,"HK_COMMON_SHARES":225420034,"PER_SHARES":2000,"TOTAL_MARKET_CAP":383214057.8,"HKSK_MARKET_CAP":383214057.8,"PE_TTM":22.686692451902,"PB_TTM":0.34707650204,"REPORT_DATE_SQ":"2019-12-31 00:00:00","REPORT_TYPE_SQ":"2019年年报","OPERATE_INCOME_SQ":296906772.9698,"DPS_HKD":0.03,"OPERATE_INCOME_QOQ_SQ":0,"NET_PROFIT_RATIO_SQ":-57.0662201109,"HOLDER_PROFIT_SQ":-169652010.4395,"HOLDER_PROFIT_QOQ_SQ":0,"ROE_AVG_SQ":-16.454708465095,"PE_TTM_SQ":23.20517167351,"PB_TTM_SQ":0.674707643779,"ROA_SQ":-11.209502998092,"START_DATE":"2020-04-01 00:00:00","FISCAL_YEAR":"3-31","CURRENCY":"HKD","IS_CNY_CODE":0,"DPS_HKD_LY":0.03,"ORG_TYPE":"一般企业","PREMIUM_INCOME":null,"PREMIUM_INCOME_YOY":null,"NET_INTEREST_INCOME":null,"NET_INTEREST_INCOME_YOY":null,"FEE_COMMISSION_INCOME":null,"FEE_COMMISSION_INCOME_YOY":null,"ACCOUNTS_RECE_TDAYS":2.351783038982,"INVENTORY_TDAYS":1.61554922974,"CURRENT_ASSETS_TDAYS":0.567124156121,"TOTAL_ASSETS_TDAYS":0.172751417641,"PREMIUM_EXPENSE":null,"LOAN_DEPOSIT":null,"LOAN_EQUITY":null,"LOAN_ASSETS":null,"DEPOSIT_EQUITY":null,"DEPOSIT_ASSETS":null,"EQUITY_MULTIPLIER":1.413178005448,"EQUITY_RATIO":0.417637959997},{"SECUCODE":"00252.HK","SECURITY_CODE":"00252","SECURITY_NAME_ABBR":"华信地产财务","ORG_CODE":"10007511","STD_REPORT_DATE":"2020-06-30 00:00:00","REPORT_DATE":"2020-09-30 00:00:00","DATE_TYPE_CODE":"002","REPORT_TYPE":"2020年中报","PER_NETCASH_OPERATE":0.037850517203,"PER_OI":0.494926179433,"BPS":3.938291616424,"BASIC_EPS":-0.08611456,"DILUTED_EPS":-0.08611456,"OPERATE_INCOME":111566276.1952,"OPERATE_INCOME_YOY":-31.8858676244,"GROSS_PROFIT":39720881.2128,"GROSS_PROFIT_YOY":-15.930610991089,"HOLDER_PROFIT":-19476261.14688,"HOLDER_PROFIT_YOY":13.8105130829,"GROSS_PROFIT_RATIO":35.602946129799,"EPS_TTM":-0.752603960833,"OPERATE_INCOME_QOQ":0,"NET_PROFIT_RATIO":-17.5407927891,"ROE_AVG":-2.173738072707,"GROSS_PROFIT_QOQ":0,"ROA":-1.441710807256,"HOLDER_PROFIT_QOQ":0,"ROE_YEARLY":-4.347476145414,"ROIC_YEARLY":-3.295921020156,"TOTAL_ASSETS":1356405630.26496,"TOTAL_LIABILITIES":461232897.89184,"TAX_EBT":-22.984774642543,"OCF_SALES":7.647709653723,"TOTAL_PARENT_EQUITY":887769830.07616,"DEBT_ASSET_RATIO":34.0040536253,"OPERATE_PROFIT":-13040467.53728,"PRETAX_PROFIT":-15912221.15648,"NETCASH_OPERATE":8532264.87488,"NETCASH_INVEST":-16433425.13728,"NETCASH_FINANCE":15318941.0464,"END_CASH":98790458.91136,"DIVI_RATIO":-0.036136535835,"DIVIDEND_RATE":1.764705882353,"CURRENT_RATIO":1.477722362954,"COMMON_ACS":null,"CURRENTDEBT_DEBT":63.984153670445,"ISSUED_COMMON_SHARES":225420034,"HK_COMMON_SHARES":225420034,"PER_SHARES":2000,"TOTAL_MARKET_CAP":383214057.8,"HKSK_MARKET_CAP":383214057.8,"PE_TTM":22.686692451902,"PB_TTM":0.34707650204,"REPORT_DATE_SQ":"2019-06-30 00:00:00","REPORT_TYPE_SQ":"2019年中报","OPERATE_INCOME_SQ":168134388.88695,"DPS_HKD":0.03,"OPERATE_INCOME_QOQ_SQ":0,"NET_PROFIT_RATIO_SQ":-13.4974228364,"HOLDER_PROFIT_SQ":-23195948.44644,"HOLDER_PROFIT_QOQ_SQ":0,"ROE_AVG_SQ":-2.123951073459,"PE_TTM_SQ":23.20517167351,"PB_TTM_SQ":0.674707643779,"ROA_SQ":-1.469675551363,"START_DATE":"2020-04-01 00:00:00","FISCAL_YEAR":"3-31","CURRENCY":"HKD","IS_CNY_CODE":0,"DPS_HKD_LY":0.03,"ORG_TYPE":"一般企业","PREMIUM_INCOME":null,"PREMIUM_INCOME_YOY":null,"NET_INTEREST_INCOME":null,"NET_INTEREST_INCOME_YOY":null,"FEE_COMMISSION_INCOME":null,"FEE_COMMISSION_INCOME_YOY":null,"ACCOUNTS_RECE_TDAYS":1.227003464252,"INVENTORY_TDAYS":0.483443998065,"CURRENT_ASSETS_TDAYS":0.264232087348,"TOTAL_ASSETS_TDAYS":0.082585823276,"PREMIUM_EXPENSE":null,"LOAN_DEPOSIT":null,"LOAN_EQUITY":null,"LOAN_ASSETS":null,"DEPOSIT_EQUITY":null,"DEPOSIT_ASSETS":null,"EQUITY_MULTIPLIER":1.515244579299,"EQUITY_RATIO":0.519541081783}],"count":48},"success":true,"message":"ok","code":0}