{"version":"fde95bf23ffa7426dd8a15bd31bddcc7","result":{"pages":6,"data":[{"SECUCODE":"00253.HK","SECURITY_CODE":"00253","SECURITY_NAME_ABBR":"顺豪控股","ORG_CODE":"10007512","STD_REPORT_DATE":"2024-06-30 00:00:00","REPORT_DATE":"2024-06-30 00:00:00","DATE_TYPE_CODE":"002","REPORT_TYPE":"2024年中报","PER_NETCASH_OPERATE":0.319776654338,"PER_OI":0.958277454568,"BPS":12.48600964442,"BASIC_EPS":-0.20398398,"DILUTED_EPS":null,"OPERATE_INCOME":291669711,"OPERATE_INCOME_YOY":27.3039799548,"GROSS_PROFIT":51922365.2,"GROSS_PROFIT_YOY":-37.173096682739,"HOLDER_PROFIT":-49315751.12,"HOLDER_PROFIT_YOY":-1860.6386445096,"GROSS_PROFIT_RATIO":17.801767973089,"EPS_TTM":-0.305358285632,"OPERATE_INCOME_QOQ":10.965439160895,"NET_PROFIT_RATIO":-33.3317687554,"ROE_AVG":-1.288468169347,"GROSS_PROFIT_QOQ":-17.493422694106,"ROA":-0.551521181954,"HOLDER_PROFIT_QOQ":-127.818994055447,"ROE_YEARLY":-2.576936338694,"ROIC_YEARLY":-2.033888288778,"TOTAL_ASSETS":8885533954.68,"TOTAL_LIABILITIES":1257752443.16,"TAX_EBT":-7.775585571913,"OCF_SALES":33.369944457483,"TOTAL_PARENT_EQUITY":3800351147.96,"DEBT_ASSET_RATIO":14.1550575303,"OPERATE_PROFIT":-59627209.76,"PRETAX_PROFIT":-90204727.8,"NETCASH_OPERATE":97330020.56,"NETCASH_INVEST":-206277544.84,"NETCASH_FINANCE":-26218558.36,"END_CASH":168678779.56,"DIVI_RATIO":null,"DIVIDEND_RATE":null,"CURRENT_RATIO":0.695335076373,"COMMON_ACS":null,"CURRENTDEBT_DEBT":22.147658311848,"ISSUED_COMMON_SHARES":304368750,"HK_COMMON_SHARES":304368750,"PER_SHARES":2000,"TOTAL_MARKET_CAP":197839687.5,"HKSK_MARKET_CAP":197839687.5,"PE_TTM":-1.937306601972,"PB_TTM":0.047512537383,"REPORT_DATE_SQ":"2023-06-30 00:00:00","REPORT_TYPE_SQ":"2023年中报","OPERATE_INCOME_SQ":231447405.34,"DPS_HKD":null,"OPERATE_INCOME_QOQ_SQ":-14.52499285574,"NET_PROFIT_RATIO_SQ":0.5927507539,"HOLDER_PROFIT_SQ":2829556.62,"HOLDER_PROFIT_QOQ_SQ":-10.330337566481,"ROE_AVG_SQ":0.072114783049,"PE_TTM_SQ":0.913344513786,"PB_TTM_SQ":0.049212291331,"ROA_SQ":0.030994560298,"START_DATE":"2024-01-01 00:00:00","FISCAL_YEAR":"12-31","CURRENCY":"HKD","IS_CNY_CODE":0,"DPS_HKD_LY":null,"ORG_TYPE":"一般企业","PREMIUM_INCOME":null,"PREMIUM_INCOME_YOY":null,"NET_INTEREST_INCOME":null,"NET_INTEREST_INCOME_YOY":null,"FEE_COMMISSION_INCOME":null,"FEE_COMMISSION_INCOME_YOY":null,"ACCOUNTS_RECE_TDAYS":18.470408045313,"INVENTORY_TDAYS":161.602583820363,"CURRENT_ASSETS_TDAYS":1.091879111737,"TOTAL_ASSETS_TDAYS":0.032618792191,"PREMIUM_EXPENSE":null,"LOAN_DEPOSIT":null,"LOAN_EQUITY":null,"LOAN_ASSETS":null,"DEPOSIT_EQUITY":null,"DEPOSIT_ASSETS":null,"EQUITY_MULTIPLIER":1.164890989767,"EQUITY_RATIO":0.330956902189},{"SECUCODE":"00253.HK","SECURITY_CODE":"00253","SECURITY_NAME_ABBR":"顺豪控股","ORG_CODE":"10007512","STD_REPORT_DATE":"2023-12-31 00:00:00","REPORT_DATE":"2023-12-31 00:00:00","DATE_TYPE_CODE":"001","REPORT_TYPE":"2023年年报","PER_NETCASH_OPERATE":0.492892572316,"PER_OI":1.804393643237,"BPS":12.574578385396,"BASIC_EPS":-0.168738164,"DILUTED_EPS":null,"OPERATE_INCOME":549201037.7,"OPERATE_INCOME_YOY":-1.0857093426,"GROSS_PROFIT":175615467.58,"GROSS_PROFIT_YOY":-29.76420568544,"HOLDER_PROFIT":-40796211.96,"HOLDER_PROFIT_YOY":-117.4474170707,"GROSS_PROFIT_RATIO":31.976536008646,"EPS_TTM":-0.134035481501,"OPERATE_INCOME_QOQ":17.400727773949,"NET_PROFIT_RATIO":-14.7176318199,"ROE_AVG":-1.063339288802,"GROSS_PROFIT_QOQ":10.695889533094,"ROA":-0.455511212124,"HOLDER_PROFIT_QOQ":-119.739516094855,"ROE_YEARLY":-1.063339288802,"ROIC_YEARLY":-0.847028223173,"TOTAL_ASSETS":8934316046.04,"TOTAL_LIABILITIES":1251357511.88,"TAX_EBT":-452.14807478024,"OCF_SALES":27.316244111314,"TOTAL_PARENT_EQUITY":3827308704.94,"DEBT_ASSET_RATIO":14.0061925886,"OPERATE_PROFIT":42611370.62,"PRETAX_PROFIT":-14639077.88,"NETCASH_OPERATE":150021096.12,"NETCASH_INVEST":-22345572.76,"NETCASH_FINANCE":-92892081.1,"END_CASH":303319989.98,"DIVI_RATIO":null,"DIVIDEND_RATE":null,"CURRENT_RATIO":1.295475534138,"COMMON_ACS":null,"CURRENTDEBT_DEBT":20.859120515275,"ISSUED_COMMON_SHARES":304368750,"HK_COMMON_SHARES":304368750,"PER_SHARES":2000,"TOTAL_MARKET_CAP":206970750,"HKSK_MARKET_CAP":206970750,"PE_TTM":-2.026720752832,"PB_TTM":0.049705423724,"REPORT_DATE_SQ":"2022-12-31 00:00:00","REPORT_TYPE_SQ":"2022年年报","OPERATE_INCOME_SQ":547294916.49,"DPS_HKD":null,"OPERATE_INCOME_QOQ_SQ":1.691175979378,"NET_PROFIT_RATIO_SQ":105.6358303669,"HOLDER_PROFIT_SQ":230482418.67,"HOLDER_PROFIT_QOQ_SQ":380.845712407095,"ROE_AVG_SQ":6.232264852597,"PE_TTM_SQ":0.939818267809,"PB_TTM_SQ":0.050638734558,"ROA_SQ":2.719679230457,"START_DATE":"2023-01-01 00:00:00","FISCAL_YEAR":"12-31","CURRENCY":"HKD","IS_CNY_CODE":0,"DPS_HKD_LY":null,"ORG_TYPE":"一般企业","PREMIUM_INCOME":null,"PREMIUM_INCOME_YOY":null,"NET_INTEREST_INCOME":null,"NET_INTEREST_INCOME_YOY":null,"FEE_COMMISSION_INCOME":null,"FEE_COMMISSION_INCOME_YOY":null,"ACCOUNTS_RECE_TDAYS":25.542536825912,"INVENTORY_TDAYS":252.756591048437,"CURRENT_ASSETS_TDAYS":1.729208961122,"TOTAL_ASSETS_TDAYS":0.061321190955,"PREMIUM_EXPENSE":null,"LOAN_DEPOSIT":null,"LOAN_EQUITY":null,"LOAN_ASSETS":null,"DEPOSIT_EQUITY":null,"DEPOSIT_ASSETS":null,"EQUITY_MULTIPLIER":1.162874432592,"EQUITY_RATIO":0.326954946243},{"SECUCODE":"00253.HK","SECURITY_CODE":"00253","SECURITY_NAME_ABBR":"顺豪控股","ORG_CODE":"10007512","STD_REPORT_DATE":"2023-06-30 00:00:00","REPORT_DATE":"2023-06-30 00:00:00","DATE_TYPE_CODE":"002","REPORT_TYPE":"2023年中报","PER_NETCASH_OPERATE":0.12948424265,"PER_OI":0.760417767396,"BPS":12.926977850387,"BASIC_EPS":0.011709146,"DILUTED_EPS":null,"OPERATE_INCOME":231447405.34,"OPERATE_INCOME_YOY":-30.9578815932,"GROSS_PROFIT":82643521.26,"GROSS_PROFIT_YOY":-52.512928965366,"HOLDER_PROFIT":2829556.62,"HOLDER_PROFIT_YOY":-90.1476725522,"GROSS_PROFIT_RATIO":35.707257611549,"EPS_TTM":0.679021111037,"OPERATE_INCOME_QOQ":-14.52499285574,"NET_PROFIT_RATIO":0.5927507539,"ROE_AVG":0.072114783049,"GROSS_PROFIT_QOQ":-36.55067535858,"ROA":0.030994560298,"HOLDER_PROFIT_QOQ":-10.330337566481,"ROE_YEARLY":0.144229566098,"ROIC_YEARLY":0.114898312747,"TOTAL_ASSETS":9124313297.34,"TOTAL_LIABILITIES":1233530871.7,"TAX_EBT":78.69110697408,"OCF_SALES":17.028040138149,"TOTAL_PARENT_EQUITY":3934568089.6,"DEBT_ASSET_RATIO":13.519163925,"OPERATE_PROFIT":32262846.14,"PRETAX_PROFIT":6438186.34,"NETCASH_OPERATE":39410957.08,"NETCASH_INVEST":-1198574,"NETCASH_FINANCE":-51201237.32,"END_CASH":259368647.66,"DIVI_RATIO":null,"DIVIDEND_RATE":null,"CURRENT_RATIO":1.819548516164,"COMMON_ACS":null,"CURRENTDEBT_DEBT":12.628156497236,"ISSUED_COMMON_SHARES":304368750,"HK_COMMON_SHARES":304368750,"PER_SHARES":2000,"TOTAL_MARKET_CAP":188708625,"HKSK_MARKET_CAP":188708625,"PE_TTM":-1.847892451112,"PB_TTM":0.045319651043,"REPORT_DATE_SQ":"2022-06-30 00:00:00","REPORT_TYPE_SQ":"2022年中报","OPERATE_INCOME_SQ":310941952.86,"DPS_HKD":null,"OPERATE_INCOME_QOQ_SQ":27.964264109876,"NET_PROFIT_RATIO_SQ":24.4874777912,"HOLDER_PROFIT_SQ":26639168.5,"HOLDER_PROFIT_QOQ_SQ":92.766654480655,"ROE_AVG_SQ":0.773094907389,"PE_TTM_SQ":1.111897668957,"PB_TTM_SQ":0.059910615533,"ROA_SQ":0.34275874021,"START_DATE":"2023-01-01 00:00:00","FISCAL_YEAR":"12-31","CURRENCY":"HKD","IS_CNY_CODE":0,"DPS_HKD_LY":null,"ORG_TYPE":"一般企业","PREMIUM_INCOME":null,"PREMIUM_INCOME_YOY":null,"NET_INTEREST_INCOME":null,"NET_INTEREST_INCOME_YOY":null,"FEE_COMMISSION_INCOME":null,"FEE_COMMISSION_INCOME_YOY":null,"ACCOUNTS_RECE_TDAYS":15.483439215444,"INVENTORY_TDAYS":83.065362840968,"CURRENT_ASSETS_TDAYS":0.79038377376,"TOTAL_ASSETS_TDAYS":0.025352419209,"PREMIUM_EXPENSE":null,"LOAN_DEPOSIT":null,"LOAN_EQUITY":null,"LOAN_ASSETS":null,"DEPOSIT_EQUITY":null,"DEPOSIT_ASSETS":null,"EQUITY_MULTIPLIER":1.156325546081,"EQUITY_RATIO":0.3135111259},{"SECUCODE":"00253.HK","SECURITY_CODE":"00253","SECURITY_NAME_ABBR":"顺豪控股","ORG_CODE":"10007512","STD_REPORT_DATE":"2022-12-31 00:00:00","REPORT_DATE":"2022-12-31 00:00:00","DATE_TYPE_CODE":"001","REPORT_TYPE":"2022年年报","PER_NETCASH_OPERATE":0.831789017105,"PER_OI":1.798131104097,"BPS":12.455149810781,"BASIC_EPS":0.953297744,"DILUTED_EPS":null,"OPERATE_INCOME":547294916.49,"OPERATE_INCOME_YOY":19.1050312106,"GROSS_PROFIT":250036992.24,"GROSS_PROFIT_YOY":77.370250809716,"HOLDER_PROFIT":230482418.67,"HOLDER_PROFIT_YOY":748.3904909085,"GROSS_PROFIT_RATIO":45.685970160947,"EPS_TTM":0.757247314877,"OPERATE_INCOME_QOQ":1.691175979378,"NET_PROFIT_RATIO":105.6358303669,"ROE_AVG":6.232264852597,"GROSS_PROFIT_QOQ":3.43445797112,"ROA":2.719679230457,"HOLDER_PROFIT_QOQ":380.845712407095,"ROE_YEARLY":6.232264852597,"ROIC_YEARLY":5.059444120194,"TOTAL_ASSETS":8849663407.34,"TOTAL_LIABILITIES":1253345350.46,"TAX_EBT":5.988431884075,"OCF_SALES":46.258530048785,"TOTAL_PARENT_EQUITY":3790958378.97,"DEBT_ASSET_RATIO":14.1626330039,"OPERATE_PROFIT":639405345.81,"PRETAX_PROFIT":614966371.88,"NETCASH_OPERATE":253170583.4,"NETCASH_INVEST":-497406680.26,"NETCASH_FINANCE":284440393.02,"END_CASH":256276483.19,"DIVI_RATIO":null,"DIVIDEND_RATE":null,"CURRENT_RATIO":1.429241642722,"COMMON_ACS":null,"CURRENTDEBT_DEBT":16.346042828085,"ISSUED_COMMON_SHARES":304368750,"HK_COMMON_SHARES":304368750,"PER_SHARES":2000,"TOTAL_MARKET_CAP":206970750,"HKSK_MARKET_CAP":206970750,"PE_TTM":-2.026720752832,"PB_TTM":0.049705423724,"REPORT_DATE_SQ":"2021-12-31 00:00:00","REPORT_TYPE_SQ":"2021年年报","OPERATE_INCOME_SQ":420580798.4,"DPS_HKD":null,"OPERATE_INCOME_QOQ_SQ":15.573436178284,"NET_PROFIT_RATIO_SQ":15.4812610199,"HOLDER_PROFIT_SQ":24865668.8,"HOLDER_PROFIT_QOQ_SQ":440.792786405258,"ROE_AVG_SQ":0.767716865879,"PE_TTM_SQ":0.939818267809,"PB_TTM_SQ":0.050638734558,"ROA_SQ":0.335317845772,"START_DATE":"2022-01-01 00:00:00","FISCAL_YEAR":"12-31","CURRENCY":"HKD","IS_CNY_CODE":0,"DPS_HKD_LY":null,"ORG_TYPE":"一般企业","PREMIUM_INCOME":null,"PREMIUM_INCOME_YOY":null,"NET_INTEREST_INCOME":null,"NET_INTEREST_INCOME_YOY":null,"FEE_COMMISSION_INCOME":null,"FEE_COMMISSION_INCOME_YOY":null,"ACCOUNTS_RECE_TDAYS":34.484550008443,"INVENTORY_TDAYS":236.261980830671,"CURRENT_ASSETS_TDAYS":1.949962524407,"TOTAL_ASSETS_TDAYS":0.064580484095,"PREMIUM_EXPENSE":null,"LOAN_DEPOSIT":null,"LOAN_EQUITY":null,"LOAN_ASSETS":null,"DEPOSIT_EQUITY":null,"DEPOSIT_ASSETS":null,"EQUITY_MULTIPLIER":1.16499379582,"EQUITY_RATIO":0.330614379048},{"SECUCODE":"00253.HK","SECURITY_CODE":"00253","SECURITY_NAME_ABBR":"顺豪控股","ORG_CODE":"10007512","STD_REPORT_DATE":"2022-06-30 00:00:00","REPORT_DATE":"2022-06-30 00:00:00","DATE_TYPE_CODE":"002","REPORT_TYPE":"2022年中报","PER_NETCASH_OPERATE":0.594631612017,"PER_OI":1.021596181803,"BPS":11.301417243985,"BASIC_EPS":0.110148472,"DILUTED_EPS":null,"OPERATE_INCOME":310941952.86,"OPERATE_INCOME_YOY":56.4888420237,"GROSS_PROFIT":174033730.57,"GROSS_PROFIT_YOY":137.530431181994,"HOLDER_PROFIT":26639168.5,"HOLDER_PROFIT_YOY":625.5998136501,"GROSS_PROFIT_RATIO":55.969845486999,"EPS_TTM":0.157482388911,"OPERATE_INCOME_QOQ":27.964264109876,"NET_PROFIT_RATIO":24.4874777912,"ROE_AVG":0.773094907389,"GROSS_PROFIT_QOQ":71.480814313581,"ROA":0.34275874021,"HOLDER_PROFIT_QOQ":92.766654480655,"ROE_YEARLY":1.546189814779,"ROIC_YEARLY":1.284014931259,"TOTAL_ASSETS":7789687967.18,"TOTAL_LIABILITIES":983007552.59,"TAX_EBT":26.307120568785,"OCF_SALES":58.206131014263,"TOTAL_PARENT_EQUITY":3439798239.78,"DEBT_ASSET_RATIO":12.6193444042,"OPERATE_PROFIT":108150748.16,"PRETAX_PROFIT":103323200.61,"NETCASH_OPERATE":180987280.46,"NETCASH_INVEST":-158097264.92,"NETCASH_FINANCE":35814502.01,"END_CASH":267198984.36,"DIVI_RATIO":null,"DIVIDEND_RATE":null,"CURRENT_RATIO":0.778576836117,"COMMON_ACS":null,"CURRENTDEBT_DEBT":85.152171322037,"ISSUED_COMMON_SHARES":304368750,"HK_COMMON_SHARES":304368750,"PER_SHARES":2000,"TOTAL_MARKET_CAP":206970750,"HKSK_MARKET_CAP":206970750,"PE_TTM":-2.026720752832,"PB_TTM":0.049705423724,"REPORT_DATE_SQ":"2021-06-30 00:00:00","REPORT_TYPE_SQ":"2021年中报","OPERATE_INCOME_SQ":193329627.6,"DPS_HKD":null,"OPERATE_INCOME_QOQ_SQ":11.46357100604,"NET_PROFIT_RATIO_SQ":5.592545568,"HOLDER_PROFIT_SQ":3572119.44,"HOLDER_PROFIT_QOQ_SQ":90.970151073776,"ROE_AVG_SQ":0.110286056546,"PE_TTM_SQ":0.939818267809,"PB_TTM_SQ":0.050638734558,"ROA_SQ":0.047269042884,"START_DATE":"2022-01-01 00:00:00","FISCAL_YEAR":"12-31","CURRENCY":"HKD","IS_CNY_CODE":0,"DPS_HKD_LY":null,"ORG_TYPE":"一般企业","PREMIUM_INCOME":null,"PREMIUM_INCOME_YOY":null,"NET_INTEREST_INCOME":null,"NET_INTEREST_INCOME_YOY":null,"FEE_COMMISSION_INCOME":null,"FEE_COMMISSION_INCOME_YOY":null,"ACCOUNTS_RECE_TDAYS":10.343626872253,"INVENTORY_TDAYS":118.850037119525,"CURRENT_ASSETS_TDAYS":0.684299527137,"TOTAL_ASSETS_TDAYS":0.040008032548,"PREMIUM_EXPENSE":null,"LOAN_DEPOSIT":null,"LOAN_EQUITY":null,"LOAN_ASSETS":null,"DEPOSIT_EQUITY":null,"DEPOSIT_ASSETS":null,"EQUITY_MULTIPLIER":1.144418055898,"EQUITY_RATIO":0.285774770515},{"SECUCODE":"00253.HK","SECURITY_CODE":"00253","SECURITY_NAME_ABBR":"顺豪控股","ORG_CODE":"10007512","STD_REPORT_DATE":"2021-12-31 00:00:00","REPORT_DATE":"2021-12-31 00:00:00","DATE_TYPE_CODE":"001","REPORT_TYPE":"2021年年报","PER_NETCASH_OPERATE":0.580316527239,"PER_OI":1.381813337933,"BPS":10.842255399741,"BASIC_EPS":0.10285408,"DILUTED_EPS":null,"OPERATE_INCOME":420580798.4,"OPERATE_INCOME_YOY":32.6100574616,"GROSS_PROFIT":140968956.8,"GROSS_PROFIT_YOY":39.365115016133,"HOLDER_PROFIT":24865668.8,"HOLDER_PROFIT_YOY":131.6778984866,"GROSS_PROFIT_RATIO":33.517687287742,"EPS_TTM":0.081695866609,"OPERATE_INCOME_QOQ":15.573436178284,"NET_PROFIT_RATIO":15.4812610199,"ROE_AVG":0.767716865879,"GROSS_PROFIT_QOQ":-7.698933614245,"ROA":0.335317845772,"HOLDER_PROFIT_QOQ":440.792786405258,"ROE_YEARLY":0.767716865879,"ROIC_YEARLY":0.627691832679,"TOTAL_ASSETS":7413447372.8,"TOTAL_LIABILITIES":871286068.8,"TAX_EBT":26.538876640807,"OCF_SALES":41.996738004195,"TOTAL_PARENT_EQUITY":3300043723.2,"DEBT_ASSET_RATIO":11.7527787679,"OPERATE_PROFIT":96624785.6,"PRETAX_PROFIT":88633563.2,"NETCASH_OPERATE":176630216,"NETCASH_INVEST":-25511572.8,"NETCASH_FINANCE":-80800137.6,"END_CASH":214581572.8,"DIVI_RATIO":null,"DIVIDEND_RATE":null,"CURRENT_RATIO":0.340677772099,"COMMON_ACS":null,"CURRENTDEBT_DEBT":82.80206782069,"ISSUED_COMMON_SHARES":304368750,"HK_COMMON_SHARES":304368750,"PER_SHARES":2000,"TOTAL_MARKET_CAP":206970750,"HKSK_MARKET_CAP":206970750,"PE_TTM":-2.026720752832,"PB_TTM":0.049705423724,"REPORT_DATE_SQ":"2020-12-31 00:00:00","REPORT_TYPE_SQ":"2020年年报","OPERATE_INCOME_SQ":326481414.04,"DPS_HKD":null,"OPERATE_INCOME_QOQ_SQ":-14.807695424951,"NET_PROFIT_RATIO_SQ":-61.4109937589,"HOLDER_PROFIT_SQ":-80803331.48,"HOLDER_PROFIT_QOQ_SQ":24.370684394553,"ROE_AVG_SQ":-2.465195454562,"PE_TTM_SQ":0.939818267809,"PB_TTM_SQ":0.050638734558,"ROA_SQ":-1.04230335721,"START_DATE":"2021-01-01 00:00:00","FISCAL_YEAR":"12-31","CURRENCY":"HKD","IS_CNY_CODE":0,"DPS_HKD_LY":null,"ORG_TYPE":"一般企业","PREMIUM_INCOME":null,"PREMIUM_INCOME_YOY":null,"NET_INTEREST_INCOME":null,"NET_INTEREST_INCOME_YOY":null,"FEE_COMMISSION_INCOME":null,"FEE_COMMISSION_INCOME_YOY":null,"ACCOUNTS_RECE_TDAYS":41.011639958543,"INVENTORY_TDAYS":270.991283676704,"CURRENT_ASSETS_TDAYS":2.014359500491,"TOTAL_ASSETS_TDAYS":0.05671604831,"PREMIUM_EXPENSE":null,"LOAN_DEPOSIT":null,"LOAN_EQUITY":null,"LOAN_ASSETS":null,"DEPOSIT_EQUITY":null,"DEPOSIT_ASSETS":null,"EQUITY_MULTIPLIER":1.13318015688,"EQUITY_RATIO":0.264022583299},{"SECUCODE":"00253.HK","SECURITY_CODE":"00253","SECURITY_NAME_ABBR":"顺豪控股","ORG_CODE":"10007512","STD_REPORT_DATE":"2021-06-30 00:00:00","REPORT_DATE":"2021-06-30 00:00:00","DATE_TYPE_CODE":"002","REPORT_TYPE":"2021年中报","PER_NETCASH_OPERATE":0.31349454213,"PER_OI":0.635182250477,"BPS":10.657658039598,"BASIC_EPS":0.014811024,"DILUTED_EPS":null,"OPERATE_INCOME":193329627.6,"OPERATE_INCOME_YOY":36.1314061063,"GROSS_PROFIT":73267972.32,"GROSS_PROFIT_YOY":237.773360580038,"HOLDER_PROFIT":3572119.44,"HOLDER_PROFIT_YOY":105.6072202921,"GROSS_PROFIT_RATIO":37.897953474359,"EPS_TTM":-0.023972299259,"OPERATE_INCOME_QOQ":11.46357100604,"NET_PROFIT_RATIO":5.592545568,"ROE_AVG":0.110286056546,"GROSS_PROFIT_QOQ":50.989712766355,"ROA":0.047269042884,"HOLDER_PROFIT_QOQ":90.970151073776,"ROE_YEARLY":0.220572113093,"ROIC_YEARLY":0.178688995923,"TOTAL_ASSETS":7564965154.56,"TOTAL_LIABILITIES":932710091.04,"TAX_EBT":53.292595255212,"OCF_SALES":49.355053906906,"TOTAL_PARENT_EQUITY":3243858055.44,"DEBT_ASSET_RATIO":12.3293375711,"OPERATE_PROFIT":27352965.84,"PRETAX_PROFIT":23148465.6,"NETCASH_OPERATE":95417941.92,"NETCASH_INVEST":-366947.28,"NETCASH_FINANCE":-28099341.6,"END_CASH":216669471.6,"DIVI_RATIO":null,"DIVIDEND_RATE":null,"CURRENT_RATIO":0.513968536403,"COMMON_ACS":null,"CURRENTDEBT_DEBT":49.936570978948,"ISSUED_COMMON_SHARES":304368750,"HK_COMMON_SHARES":304368750,"PER_SHARES":2000,"TOTAL_MARKET_CAP":206970750,"HKSK_MARKET_CAP":206970750,"PE_TTM":-2.026720752832,"PB_TTM":0.049705423724,"REPORT_DATE_SQ":"2020-06-30 00:00:00","REPORT_TYPE_SQ":"2020年中报","OPERATE_INCOME_SQ":155903198.88,"DPS_HKD":null,"OPERATE_INCOME_QOQ_SQ":-30.696666373173,"NET_PROFIT_RATIO_SQ":-111.5832830434,"HOLDER_PROFIT_SQ":-69934793.28,"HOLDER_PROFIT_QOQ_SQ":-3483.59686150142,"ROE_AVG_SQ":-1.988777571456,"PE_TTM_SQ":0.939818267809,"PB_TTM_SQ":0.050638734558,"ROA_SQ":-0.815801326452,"START_DATE":"2021-01-01 00:00:00","FISCAL_YEAR":"12-31","CURRENCY":"HKD","IS_CNY_CODE":0,"DPS_HKD_LY":null,"ORG_TYPE":"一般企业","PREMIUM_INCOME":null,"PREMIUM_INCOME_YOY":null,"NET_INTEREST_INCOME":null,"NET_INTEREST_INCOME_YOY":null,"FEE_COMMISSION_INCOME":null,"FEE_COMMISSION_INCOME_YOY":null,"ACCOUNTS_RECE_TDAYS":17.212653257769,"INVENTORY_TDAYS":115.756919374248,"CURRENT_ASSETS_TDAYS":0.933432965938,"TOTAL_ASSETS_TDAYS":0.02558286925,"PREMIUM_EXPENSE":null,"LOAN_DEPOSIT":null,"LOAN_EQUITY":null,"LOAN_ASSETS":null,"DEPOSIT_EQUITY":null,"DEPOSIT_ASSETS":null,"EQUITY_MULTIPLIER":1.140632421719,"EQUITY_RATIO":0.287531104968},{"SECUCODE":"00253.HK","SECURITY_CODE":"00253","SECURITY_NAME_ABBR":"顺豪控股","ORG_CODE":"10007512","STD_REPORT_DATE":"2020-12-31 00:00:00","REPORT_DATE":"2020-12-31 00:00:00","DATE_TYPE_CODE":"001","REPORT_TYPE":"2020年年报","PER_NETCASH_OPERATE":0.392945762533,"PER_OI":1.072650901382,"BPS":10.747541113337,"BASIC_EPS":-0.334215244,"DILUTED_EPS":null,"OPERATE_INCOME":326481414.04,"OPERATE_INCOME_YOY":-37.1609680079,"GROSS_PROFIT":101150820.12,"GROSS_PROFIT_YOY":-44.432503149367,"HOLDER_PROFIT":-80803331.48,"HOLDER_PROFIT_YOY":-2823.6028368794,"GROSS_PROFIT_RATIO":30.982106720356,"EPS_TTM":-0.265478408937,"OPERATE_INCOME_QOQ":-14.807695424951,"NET_PROFIT_RATIO":-61.4109937589,"ROE_AVG":-2.465195454562,"GROSS_PROFIT_QOQ":39.802323864477,"ROA":-1.04230335721,"HOLDER_PROFIT_QOQ":24.370684394553,"ROE_YEARLY":-2.465195454562,"ROIC_YEARLY":-1.955963670216,"TOTAL_ASSETS":7635758700.64,"TOTAL_LIABILITIES":961750444.4,"TAX_EBT":-6.912847762962,"OCF_SALES":36.633145231767,"TOTAL_PARENT_EQUITY":3271215654.24,"DEBT_ASSET_RATIO":12.5953488331,"OPERATE_PROFIT":-172548824.6,"PRETAX_PROFIT":-187531699.88,"NETCASH_OPERATE":119600410.56,"NETCASH_INVEST":-28117509.12,"NETCASH_FINANCE":-73706623,"END_CASH":150206649.16,"DIVI_RATIO":null,"DIVIDEND_RATE":null,"CURRENT_RATIO":0.678378072993,"COMMON_ACS":null,"CURRENTDEBT_DEBT":27.107052533014,"ISSUED_COMMON_SHARES":304368750,"HK_COMMON_SHARES":304368750,"PER_SHARES":2000,"TOTAL_MARKET_CAP":188708625,"HKSK_MARKET_CAP":188708625,"PE_TTM":-1.847892451112,"PB_TTM":0.045319651043,"REPORT_DATE_SQ":"2019-12-31 00:00:00","REPORT_TYPE_SQ":"2019年年报","OPERATE_INCOME_SQ":552973056.02,"DPS_HKD":null,"OPERATE_INCOME_QOQ_SQ":-22.145556462372,"NET_PROFIT_RATIO_SQ":3.2260990849,"HOLDER_PROFIT_SQ":3157624.5,"HOLDER_PROFIT_QOQ_SQ":-98.353777096773,"ROE_AVG_SQ":0.090536345013,"PE_TTM_SQ":1.111897668957,"PB_TTM_SQ":0.059910615533,"ROA_SQ":0.037376288461,"START_DATE":"2020-01-01 00:00:00","FISCAL_YEAR":"12-31","CURRENCY":"HKD","IS_CNY_CODE":0,"DPS_HKD_LY":null,"ORG_TYPE":"一般企业","PREMIUM_INCOME":null,"PREMIUM_INCOME_YOY":null,"NET_INTEREST_INCOME":null,"NET_INTEREST_INCOME_YOY":null,"FEE_COMMISSION_INCOME":null,"FEE_COMMISSION_INCOME_YOY":null,"ACCOUNTS_RECE_TDAYS":32.772441177713,"INVENTORY_TDAYS":209.1625,"CURRENT_ASSETS_TDAYS":1.985326707235,"TOTAL_ASSETS_TDAYS":0.042113693543,"PREMIUM_EXPENSE":null,"LOAN_DEPOSIT":null,"LOAN_EQUITY":null,"LOAN_ASSETS":null,"DEPOSIT_EQUITY":null,"DEPOSIT_ASSETS":null,"EQUITY_MULTIPLIER":1.144103873935,"EQUITY_RATIO":0.294003986913},{"SECUCODE":"00253.HK","SECURITY_CODE":"00253","SECURITY_NAME_ABBR":"顺豪控股","ORG_CODE":"10007512","STD_REPORT_DATE":"2020-06-30 00:00:00","REPORT_DATE":"2020-06-30 00:00:00","DATE_TYPE_CODE":"002","REPORT_TYPE":"2020年中报","PER_NETCASH_OPERATE":0.031733594727,"PER_OI":0.512218152751,"BPS":11.395529664856,"BASIC_EPS":-0.289286448,"DILUTED_EPS":null,"OPERATE_INCOME":155903198.88,"OPERATE_INCOME_YOY":-53.8956285437,"GROSS_PROFIT":21691459.68,"GROSS_PROFIT_YOY":-83.488403669798,"HOLDER_PROFIT":-69934793.28,"HOLDER_PROFIT_YOY":-268.1018772642,"GROSS_PROFIT_RATIO":13.913415398677,"EPS_TTM":-0.351025798411,"OPERATE_INCOME_QOQ":-30.696666373173,"NET_PROFIT_RATIO":-111.5832830434,"ROE_AVG":-1.988777571456,"GROSS_PROFIT_QOQ":-60.252808884279,"ROA":-0.815801326452,"HOLDER_PROFIT_QOQ":-3483.59686150142,"ROE_YEARLY":-3.977555142912,"ROIC_YEARLY":-3.122244760304,"TOTAL_ASSETS":8604749123.52,"TOTAL_LIABILITIES":1423352351.52,"TAX_EBT":-1.818269302738,"OCF_SALES":6.195328017249,"TOTAL_PARENT_EQUITY":3468443119.68,"DEBT_ASSET_RATIO":16.5414741451,"OPERATE_PROFIT":-161062308,"PRETAX_PROFIT":-170855298.24,"NETCASH_OPERATE":9658714.56,"NETCASH_INVEST":-26389281.6,"NETCASH_FINANCE":343466228.16,"END_CASH":468286890.72,"DIVI_RATIO":null,"DIVIDEND_RATE":null,"CURRENT_RATIO":0.769869309567,"COMMON_ACS":null,"CURRENTDEBT_DEBT":45.883510360774,"ISSUED_COMMON_SHARES":304368750,"HK_COMMON_SHARES":304368750,"PER_SHARES":2000,"TOTAL_MARKET_CAP":188708625,"HKSK_MARKET_CAP":188708625,"PE_TTM":-1.847892451112,"PB_TTM":0.045319651043,"REPORT_DATE_SQ":"2019-06-30 00:00:00","REPORT_TYPE_SQ":"2019年中报","OPERATE_INCOME_SQ":325647493.02,"DPS_HKD":null,"OPERATE_INCOME_QOQ_SQ":2.983998097297,"NET_PROFIT_RATIO_SQ":28.5926142027,"HOLDER_PROFIT_SQ":40064114.7,"HOLDER_PROFIT_QOQ_SQ":-29.437785379592,"ROE_AVG_SQ":1.164633001882,"PE_TTM_SQ":1.111897668957,"PB_TTM_SQ":0.059910615533,"ROA_SQ":0.479458399917,"START_DATE":"2020-01-01 00:00:00","FISCAL_YEAR":"12-31","CURRENCY":"HKD","IS_CNY_CODE":0,"DPS_HKD_LY":null,"ORG_TYPE":"一般企业","PREMIUM_INCOME":null,"PREMIUM_INCOME_YOY":null,"NET_INTEREST_INCOME":null,"NET_INTEREST_INCOME_YOY":null,"FEE_COMMISSION_INCOME":null,"FEE_COMMISSION_INCOME_YOY":null,"ACCOUNTS_RECE_TDAYS":10.655325259084,"INVENTORY_TDAYS":116.703733121525,"CURRENT_ASSETS_TDAYS":0.466916159884,"TOTAL_ASSETS_TDAYS":0.018186374833,"PREMIUM_EXPENSE":null,"LOAN_DEPOSIT":null,"LOAN_EQUITY":null,"LOAN_ASSETS":null,"DEPOSIT_EQUITY":null,"DEPOSIT_ASSETS":null,"EQUITY_MULTIPLIER":1.19819993195,"EQUITY_RATIO":0.410372118673}],"count":48},"success":true,"message":"ok","code":0}