{"version":"4cd919027e905a7e35bad6852b30f46c","result":{"pages":6,"data":[{"SECUCODE":"00259.HK","SECURITY_CODE":"00259","SECURITY_NAME_ABBR":"亿都(国际控股)","ORG_CODE":"10007517","STD_REPORT_DATE":"2024-06-30 00:00:00","REPORT_DATE":"2024-09-30 00:00:00","DATE_TYPE_CODE":"002","REPORT_TYPE":"2024年中报","PER_NETCASH_OPERATE":-0.018690765911,"PER_OI":0.504365645654,"BPS":2.389601173436,"BASIC_EPS":0.08657184,"DILUTED_EPS":0.08657184,"OPERATE_INCOME":475521983.11,"OPERATE_INCOME_YOY":2.4378351076,"GROSS_PROFIT":73934154.94,"GROSS_PROFIT_YOY":3.912672916046,"HOLDER_PROFIT":80175443.53,"HOLDER_PROFIT_YOY":-21.5731764332,"GROSS_PROFIT_RATIO":15.547999370388,"EPS_TTM":0.169965384615,"OPERATE_INCOME_QOQ":0,"NET_PROFIT_RATIO":16.590651781,"ROE_AVG":3.645298181595,"GROSS_PROFIT_QOQ":0,"ROA":2.947544307071,"HOLDER_PROFIT_QOQ":0,"ROE_YEARLY":7.290596363189,"ROIC_YEARLY":6.405813051807,"TOTAL_ASSETS":2818702458.25,"TOTAL_LIABILITIES":504295396.64,"TAX_EBT":9.739589781685,"OCF_SALES":-3.705796790876,"TOTAL_PARENT_EQUITY":2230219554.37,"DEBT_ASSET_RATIO":17.8910475337,"OPERATE_PROFIT":72170253.7,"PRETAX_PROFIT":87405093.96,"NETCASH_OPERATE":-17621878.39,"NETCASH_INVEST":-28540751.71,"NETCASH_FINANCE":29521899.23,"END_CASH":124672467.5,"DIVI_RATIO":0.266686655654,"DIVIDEND_RATE":111.44578313253,"CURRENT_RATIO":3.515555581836,"COMMON_ACS":2000000000,"CURRENTDEBT_DEBT":90.723799032932,"ISSUED_COMMON_SHARES":933302000,"HK_COMMON_SHARES":933302000,"PER_SHARES":2000,"TOTAL_MARKET_CAP":1549281320,"HKSK_MARKET_CAP":1549281320,"PE_TTM":10.172028521155,"PB_TTM":0.626452404126,"REPORT_DATE_SQ":"2023-06-30 00:00:00","REPORT_TYPE_SQ":"2023年中报","OPERATE_INCOME_SQ":472359218.8,"DPS_HKD":1.85,"OPERATE_INCOME_QOQ_SQ":0,"NET_PROFIT_RATIO_SQ":23.2446188515,"HOLDER_PROFIT_SQ":104025289.69,"HOLDER_PROFIT_QOQ_SQ":0,"ROE_AVG_SQ":4.620170570097,"PE_TTM_SQ":6.483995884841,"PB_TTM_SQ":1.18531132152,"ROA_SQ":3.746942014665,"START_DATE":"2024-04-01 00:00:00","FISCAL_YEAR":"3-31","CURRENCY":"HKD","IS_CNY_CODE":0,"DPS_HKD_LY":1.85,"ORG_TYPE":"一般企业","PREMIUM_INCOME":null,"PREMIUM_INCOME_YOY":null,"NET_INTEREST_INCOME":null,"NET_INTEREST_INCOME_YOY":null,"FEE_COMMISSION_INCOME":null,"FEE_COMMISSION_INCOME_YOY":null,"ACCOUNTS_RECE_TDAYS":2.233612477179,"INVENTORY_TDAYS":3.0014052564,"CURRENT_ASSETS_TDAYS":0.264848503265,"TOTAL_ASSETS_TDAYS":0.174819377666,"PREMIUM_EXPENSE":null,"LOAN_DEPOSIT":null,"LOAN_EQUITY":null,"LOAN_ASSETS":null,"DEPOSIT_EQUITY":null,"DEPOSIT_ASSETS":null,"EQUITY_MULTIPLIER":1.217893993241,"EQUITY_RATIO":0.226119170936},{"SECUCODE":"00259.HK","SECURITY_CODE":"00259","SECURITY_NAME_ABBR":"亿都(国际控股)","ORG_CODE":"10007517","STD_REPORT_DATE":"2023-12-31 00:00:00","REPORT_DATE":"2024-03-31 00:00:00","DATE_TYPE_CODE":"001","REPORT_TYPE":"2023年年报","PER_NETCASH_OPERATE":0.134794434015,"PER_OI":0.887998498024,"BPS":2.33586633303,"BASIC_EPS":0.16952485,"DILUTED_EPS":0.1686183,"OPERATE_INCOME":849081075.85,"OPERATE_INCOME_YOY":-29.3556523353,"GROSS_PROFIT":130462517.05,"GROSS_PROFIT_YOY":-33.257712682259,"HOLDER_PROFIT":160245404.2,"HOLDER_PROFIT_YOY":-71.2629794069,"GROSS_PROFIT_RATIO":15.365142477048,"EPS_TTM":0.390193856997,"OPERATE_INCOME_QOQ":0,"NET_PROFIT_RATIO":19.941875301,"ROE_AVG":7.132495740008,"GROSS_PROFIT_QOQ":0,"ROA":5.871573041732,"HOLDER_PROFIT_QOQ":0,"ROE_YEARLY":7.132495740008,"ROIC_YEARLY":6.59043249387,"TOTAL_ASSETS":2635286457,"TOTAL_LIABILITIES":367738381.3,"TAX_EBT":6.364771172038,"OCF_SALES":15.179579055036,"TOTAL_PARENT_EQUITY":2180068720.35,"DEBT_ASSET_RATIO":13.9543987836,"OPERATE_PROFIT":44184340.45,"PRETAX_PROFIT":180832248.15,"NETCASH_OPERATE":128886933.15,"NETCASH_INVEST":-95352742.1,"NETCASH_FINANCE":-163368468.95,"END_CASH":138581578.85,"DIVI_RATIO":0.116166616125,"DIVIDEND_RATE":47.19387755102,"CURRENT_RATIO":5.740130135985,"COMMON_ACS":2000000000,"CURRENTDEBT_DEBT":94.413355487297,"ISSUED_COMMON_SHARES":933302000,"HK_COMMON_SHARES":933302000,"PER_SHARES":2000,"TOTAL_MARKET_CAP":3658543840,"HKSK_MARKET_CAP":3658543840,"PE_TTM":24.020693857184,"PB_TTM":1.479333388055,"REPORT_DATE_SQ":"2022-12-31 00:00:00","REPORT_TYPE_SQ":"2022年年报","OPERATE_INCOME_SQ":1160623830.46,"DPS_HKD":1.85,"OPERATE_INCOME_QOQ_SQ":0,"NET_PROFIT_RATIO_SQ":49.8748685705,"HOLDER_PROFIT_SQ":538472569.69,"HOLDER_PROFIT_QOQ_SQ":0,"ROE_AVG_SQ":24.722821873288,"PE_TTM_SQ":6.461790419482,"PB_TTM_SQ":1.181252036172,"ROA_SQ":20.193057379813,"START_DATE":"2023-04-01 00:00:00","FISCAL_YEAR":"3-31","CURRENCY":"HKD","IS_CNY_CODE":0,"DPS_HKD_LY":0.05,"ORG_TYPE":"一般企业","PREMIUM_INCOME":null,"PREMIUM_INCOME_YOY":null,"NET_INTEREST_INCOME":null,"NET_INTEREST_INCOME_YOY":null,"FEE_COMMISSION_INCOME":null,"FEE_COMMISSION_INCOME_YOY":null,"ACCOUNTS_RECE_TDAYS":3.784538300688,"INVENTORY_TDAYS":4.919254195847,"CURRENT_ASSETS_TDAYS":0.628850007369,"TOTAL_ASSETS_TDAYS":0.311112919593,"PREMIUM_EXPENSE":null,"LOAN_DEPOSIT":null,"LOAN_EQUITY":null,"LOAN_ASSETS":null,"DEPOSIT_EQUITY":null,"DEPOSIT_ASSETS":null,"EQUITY_MULTIPLIER":1.1621744585,"EQUITY_RATIO":0.168682013492},{"SECUCODE":"00259.HK","SECURITY_CODE":"00259","SECURITY_NAME_ABBR":"亿都(国际控股)","ORG_CODE":"10007517","STD_REPORT_DATE":"2023-06-30 00:00:00","REPORT_DATE":"2023-09-30 00:00:00","DATE_TYPE_CODE":"002","REPORT_TYPE":"2023年中报","PER_NETCASH_OPERATE":0.054083086811,"PER_OI":0.491982430003,"BPS":2.315969075915,"BASIC_EPS":0.10919797,"DILUTED_EPS":0.10919797,"OPERATE_INCOME":472359218.8,"OPERATE_INCOME_YOY":-29.9612906737,"GROSS_PROFIT":71150277.31,"GROSS_PROFIT_YOY":-35.273108534788,"HOLDER_PROFIT":104025289.69,"HOLDER_PROFIT_YOY":-61.9419946352,"GROSS_PROFIT_RATIO":15.062747688243,"EPS_TTM":0.554125507012,"OPERATE_INCOME_QOQ":0,"NET_PROFIT_RATIO":23.2446188515,"ROE_AVG":4.620170570097,"GROSS_PROFIT_QOQ":0,"ROA":3.746942014665,"HOLDER_PROFIT_QOQ":0,"ROE_YEARLY":9.240341140193,"ROIC_YEARLY":8.555250980279,"TOTAL_ASSETS":2694979288.33,"TOTAL_LIABILITIES":449011041.08,"TAX_EBT":7.619496151263,"OCF_SALES":10.992889890434,"TOTAL_PARENT_EQUITY":2161498570.49,"DEBT_ASSET_RATIO":16.661020106,"OPERATE_PROFIT":21667997.19,"PRETAX_PROFIT":118854190.49,"NETCASH_OPERATE":51925928.81,"NETCASH_INVEST":-42844144.7,"NETCASH_FINANCE":-49725452.07,"END_CASH":230551784.61,"DIVI_RATIO":0.081800060503,"DIVIDEND_RATE":47.19387755102,"CURRENT_RATIO":1.690781706993,"COMMON_ACS":2000000000,"CURRENTDEBT_DEBT":76.862395670691,"ISSUED_COMMON_SHARES":933302000,"HK_COMMON_SHARES":933302000,"PER_SHARES":2000,"TOTAL_MARKET_CAP":3658543840,"HKSK_MARKET_CAP":3658543840,"PE_TTM":24.020693857184,"PB_TTM":1.479333388055,"REPORT_DATE_SQ":"2022-06-30 00:00:00","REPORT_TYPE_SQ":"2022年中报","OPERATE_INCOME_SQ":664731744.6,"DPS_HKD":1.85,"OPERATE_INCOME_QOQ_SQ":0,"NET_PROFIT_RATIO_SQ":42.4248773751,"HOLDER_PROFIT_SQ":269404638.36,"HOLDER_PROFIT_QOQ_SQ":0,"ROE_AVG_SQ":12.369833816267,"PE_TTM_SQ":6.461790419482,"PB_TTM_SQ":1.181252036172,"ROA_SQ":10.055075750888,"START_DATE":"2023-04-01 00:00:00","FISCAL_YEAR":"3-31","CURRENCY":"HKD","IS_CNY_CODE":0,"DPS_HKD_LY":0.05,"ORG_TYPE":"一般企业","PREMIUM_INCOME":null,"PREMIUM_INCOME_YOY":null,"NET_INTEREST_INCOME":null,"NET_INTEREST_INCOME_YOY":null,"FEE_COMMISSION_INCOME":null,"FEE_COMMISSION_INCOME_YOY":null,"ACCOUNTS_RECE_TDAYS":1.905710356164,"INVENTORY_TDAYS":2.694508040884,"CURRENT_ASSETS_TDAYS":0.726898902648,"TOTAL_ASSETS_TDAYS":0.170141569248,"PREMIUM_EXPENSE":null,"LOAN_DEPOSIT":null,"LOAN_EQUITY":null,"LOAN_ASSETS":null,"DEPOSIT_EQUITY":null,"DEPOSIT_ASSETS":null,"EQUITY_MULTIPLIER":1.199918695036,"EQUITY_RATIO":0.20773136157},{"SECUCODE":"00259.HK","SECURITY_CODE":"00259","SECURITY_NAME_ABBR":"亿都(国际控股)","ORG_CODE":"10007517","STD_REPORT_DATE":"2022-12-31 00:00:00","REPORT_DATE":"2023-03-31 00:00:00","DATE_TYPE_CODE":"001","REPORT_TYPE":"2022年年报","PER_NETCASH_OPERATE":0.214847976914,"PER_OI":1.188942052261,"BPS":2.393499753402,"BASIC_EPS":0.55676076,"DILUTED_EPS":0.55325912,"OPERATE_INCOME":1160623830.46,"OPERATE_INCOME_YOY":4.6710157022,"GROSS_PROFIT":195472049.72,"GROSS_PROFIT_YOY":20.719128572023,"HOLDER_PROFIT":538472569.69,"HOLDER_PROFIT_YOY":130.7417313442,"GROSS_PROFIT_RATIO":16.841981406028,"EPS_TTM":0.391499681128,"OPERATE_INCOME_QOQ":0,"NET_PROFIT_RATIO":49.8748685705,"ROE_AVG":24.722821873288,"GROSS_PROFIT_QOQ":0,"ROA":20.193057379813,"HOLDER_PROFIT_QOQ":0,"ROE_YEARLY":24.722821873288,"ROIC_YEARLY":22.315438676432,"TOTAL_ASSETS":2726088018.7,"TOTAL_LIABILITIES":398498012.33,"TAX_EBT":10.282620788842,"OCF_SALES":18.070517104312,"TOTAL_PARENT_EQUITY":2233858106.85,"DEBT_ASSET_RATIO":14.61794372,"OPERATE_PROFIT":433678989.41,"PRETAX_PROFIT":645203432.3,"NETCASH_OPERATE":209730727.8,"NETCASH_INVEST":248443984.23,"NETCASH_FINANCE":-286451660.2,"END_CASH":262897003.33,"DIVI_RATIO":0.115779149218,"DIVIDEND_RATE":47.19387755102,"CURRENT_RATIO":2.3161907645,"COMMON_ACS":2000000000,"CURRENTDEBT_DEBT":74.017877345331,"ISSUED_COMMON_SHARES":933302000,"HK_COMMON_SHARES":933302000,"PER_SHARES":2000,"TOTAL_MARKET_CAP":3658543840,"HKSK_MARKET_CAP":3658543840,"PE_TTM":24.020693857184,"PB_TTM":1.479333388055,"REPORT_DATE_SQ":"2021-12-31 00:00:00","REPORT_TYPE_SQ":"2021年年报","OPERATE_INCOME_SQ":1027258517.41,"DPS_HKD":1.85,"OPERATE_INCOME_QOQ_SQ":0,"NET_PROFIT_RATIO_SQ":22.2914780115,"HOLDER_PROFIT_SQ":216198234.79,"HOLDER_PROFIT_QOQ_SQ":0,"ROE_AVG_SQ":11.775621835825,"PE_TTM_SQ":6.461790419482,"PB_TTM_SQ":1.181252036172,"ROA_SQ":9.675816465864,"START_DATE":"2022-04-01 00:00:00","FISCAL_YEAR":"3-31","CURRENCY":"HKD","IS_CNY_CODE":0,"DPS_HKD_LY":0.25,"ORG_TYPE":"一般企业","PREMIUM_INCOME":null,"PREMIUM_INCOME_YOY":null,"NET_INTEREST_INCOME":null,"NET_INTEREST_INCOME_YOY":null,"FEE_COMMISSION_INCOME":null,"FEE_COMMISSION_INCOME_YOY":null,"ACCOUNTS_RECE_TDAYS":4.18842454599,"INVENTORY_TDAYS":4.78018578536,"CURRENT_ASSETS_TDAYS":1.741163059616,"TOTAL_ASSETS_TDAYS":0.435241178921,"PREMIUM_EXPENSE":null,"LOAN_DEPOSIT":null,"LOAN_EQUITY":null,"LOAN_ASSETS":null,"DEPOSIT_EQUITY":null,"DEPOSIT_ASSETS":null,"EQUITY_MULTIPLIER":1.171206273975,"EQUITY_RATIO":0.178390028941},{"SECUCODE":"00259.HK","SECURITY_CODE":"00259","SECURITY_NAME_ABBR":"亿都(国际控股)","ORG_CODE":"10007517","STD_REPORT_DATE":"2022-06-30 00:00:00","REPORT_DATE":"2022-09-30 00:00:00","DATE_TYPE_CODE":"002","REPORT_TYPE":"2022年中报","PER_NETCASH_OPERATE":0.072799322082,"PER_OI":0.673704702327,"BPS":2.317832580579,"BASIC_EPS":0.27675864,"DILUTED_EPS":0.27494976,"OPERATE_INCOME":664731744.6,"OPERATE_INCOME_YOY":18.8098725198,"GROSS_PROFIT":109923828.72,"GROSS_PROFIT_YOY":33.279336874161,"HOLDER_PROFIT":269404638.36,"HOLDER_PROFIT_YOY":144.7205836442,"GROSS_PROFIT_RATIO":16.536569768628,"EPS_TTM":0.217704494963,"OPERATE_INCOME_QOQ":0,"NET_PROFIT_RATIO":42.4248773751,"ROE_AVG":12.369833816267,"GROSS_PROFIT_QOQ":0,"ROA":10.055075750888,"HOLDER_PROFIT_QOQ":0,"ROE_YEARLY":24.739667632533,"ROIC_YEARLY":22.329253204027,"TOTAL_ASSETS":2664965924.28,"TOTAL_LIABILITIES":436432999.8,"TAX_EBT":11.923122553091,"OCF_SALES":10.805820685339,"TOTAL_PARENT_EQUITY":2163237783.12,"DEBT_ASSET_RATIO":16.3766821866,"OPERATE_PROFIT":192558893.76,"PRETAX_PROFIT":320188039.92,"NETCASH_OPERATE":71829720.36,"NETCASH_INVEST":189311049.72,"NETCASH_FINANCE":-38433273.36,"END_CASH":311644699.68,"DIVI_RATIO":0.208206541659,"DIVIDEND_RATE":47.19387755102,"CURRENT_RATIO":2.403040922818,"COMMON_ACS":2000000000,"CURRENTDEBT_DEBT":82.964075889295,"ISSUED_COMMON_SHARES":933302000,"HK_COMMON_SHARES":933302000,"PER_SHARES":2000,"TOTAL_MARKET_CAP":3658543840,"HKSK_MARKET_CAP":3658543840,"PE_TTM":24.020693857184,"PB_TTM":1.479333388055,"REPORT_DATE_SQ":"2021-06-30 00:00:00","REPORT_TYPE_SQ":"2021年中报","OPERATE_INCOME_SQ":515335914.36,"DPS_HKD":1.85,"OPERATE_INCOME_QOQ_SQ":0,"NET_PROFIT_RATIO_SQ":21.3053219658,"HOLDER_PROFIT_SQ":101398397.08,"HOLDER_PROFIT_QOQ_SQ":0,"ROE_AVG_SQ":5.628307355392,"PE_TTM_SQ":6.461790419482,"PB_TTM_SQ":1.181252036172,"ROA_SQ":4.586739199535,"START_DATE":"2022-04-01 00:00:00","FISCAL_YEAR":"3-31","CURRENCY":"HKD","IS_CNY_CODE":0,"DPS_HKD_LY":0.25,"ORG_TYPE":"一般企业","PREMIUM_INCOME":null,"PREMIUM_INCOME_YOY":null,"NET_INTEREST_INCOME":null,"NET_INTEREST_INCOME_YOY":null,"FEE_COMMISSION_INCOME":null,"FEE_COMMISSION_INCOME_YOY":null,"ACCOUNTS_RECE_TDAYS":2.095102215926,"INVENTORY_TDAYS":2.542165179589,"CURRENT_ASSETS_TDAYS":0.86237535296,"TOTAL_ASSETS_TDAYS":0.248099961703,"PREMIUM_EXPENSE":null,"LOAN_DEPOSIT":null,"LOAN_EQUITY":null,"LOAN_ASSETS":null,"DEPOSIT_EQUITY":null,"DEPOSIT_ASSETS":null,"EQUITY_MULTIPLIER":1.195838704022,"EQUITY_RATIO":0.201749896939},{"SECUCODE":"00259.HK","SECURITY_CODE":"00259","SECURITY_NAME_ABBR":"亿都(国际控股)","ORG_CODE":"10007517","STD_REPORT_DATE":"2021-12-31 00:00:00","REPORT_DATE":"2022-03-31 00:00:00","DATE_TYPE_CODE":"001","REPORT_TYPE":"2021年年报","PER_NETCASH_OPERATE":0.026353628952,"PER_OI":1.0344154611,"BPS":2.106602867636,"BASIC_EPS":0.22140573,"DILUTED_EPS":0.21978371,"OPERATE_INCOME":1027258517.41,"OPERATE_INCOME_YOY":42.0050472606,"GROSS_PROFIT":161923012.56,"GROSS_PROFIT_YOY":75.419178803328,"HOLDER_PROFIT":216198234.79,"HOLDER_PROFIT_YOY":41.9982528471,"GROSS_PROFIT_RATIO":15.762635190239,"EPS_TTM":0.189962008413,"OPERATE_INCOME_QOQ":0,"NET_PROFIT_RATIO":22.2914780115,"ROE_AVG":11.775621835825,"GROSS_PROFIT_QOQ":0,"ROA":9.675816465864,"HOLDER_PROFIT_QOQ":0,"ROE_YEARLY":11.775621835825,"ROIC_YEARLY":10.3693143694,"TOTAL_ASSETS":2415359714.12,"TOTAL_LIABILITIES":394351990.48,"TAX_EBT":7.844628379702,"OCF_SALES":2.547683203054,"TOTAL_PARENT_EQUITY":1966096669.57,"DEBT_ASSET_RATIO":16.3268430857,"OPERATE_PROFIT":78167576.83,"PRETAX_PROFIT":248483731.88,"NETCASH_OPERATE":26171292.7,"NETCASH_INVEST":-20015726.8,"NETCASH_FINANCE":-38394024.41,"END_CASH":84615917.34,"DIVI_RATIO":0.238613501609,"DIVIDEND_RATE":47.19387755102,"CURRENT_RATIO":1.870575697798,"COMMON_ACS":2000000000,"CURRENTDEBT_DEBT":81.630567118014,"ISSUED_COMMON_SHARES":933302000,"HK_COMMON_SHARES":933302000,"PER_SHARES":2000,"TOTAL_MARKET_CAP":3658543840,"HKSK_MARKET_CAP":3658543840,"PE_TTM":24.020693857184,"PB_TTM":1.479333388055,"REPORT_DATE_SQ":"2020-12-31 00:00:00","REPORT_TYPE_SQ":"2020年年报","OPERATE_INCOME_SQ":753874359.42,"DPS_HKD":1.85,"OPERATE_INCOME_QOQ_SQ":0,"NET_PROFIT_RATIO_SQ":22.1992019902,"HOLDER_PROFIT_SQ":158669022.12,"HOLDER_PROFIT_QOQ_SQ":0,"ROE_AVG_SQ":9.605599608068,"PE_TTM_SQ":6.461790419482,"PB_TTM_SQ":1.181252036172,"ROA_SQ":8.051363283812,"START_DATE":"2021-04-01 00:00:00","FISCAL_YEAR":"3-31","CURRENCY":"HKD","IS_CNY_CODE":0,"DPS_HKD_LY":0.02,"ORG_TYPE":"一般企业","PREMIUM_INCOME":null,"PREMIUM_INCOME_YOY":null,"NET_INTEREST_INCOME":null,"NET_INTEREST_INCOME_YOY":null,"FEE_COMMISSION_INCOME":null,"FEE_COMMISSION_INCOME_YOY":null,"ACCOUNTS_RECE_TDAYS":4.262481049803,"INVENTORY_TDAYS":4.50115377963,"CURRENT_ASSETS_TDAYS":1.892179439012,"TOTAL_ASSETS_TDAYS":0.459743109702,"PREMIUM_EXPENSE":null,"LOAN_DEPOSIT":null,"LOAN_EQUITY":null,"LOAN_ASSETS":null,"DEPOSIT_EQUITY":null,"DEPOSIT_ASSETS":null,"EQUITY_MULTIPLIER":1.195126414346,"EQUITY_RATIO":0.200576094036},{"SECUCODE":"00259.HK","SECURITY_CODE":"00259","SECURITY_NAME_ABBR":"亿都(国际控股)","ORG_CODE":"10007517","STD_REPORT_DATE":"2021-06-30 00:00:00","REPORT_DATE":"2021-09-30 00:00:00","DATE_TYPE_CODE":"002","REPORT_TYPE":"2021年中报","PER_NETCASH_OPERATE":-0.006387110163,"PER_OI":0.518926276531,"BPS":1.98318643738,"BASIC_EPS":0.10329944,"DILUTED_EPS":0.10329944,"OPERATE_INCOME":515335914.36,"OPERATE_INCOME_YOY":42.0146788401,"GROSS_PROFIT":82476272.24,"GROSS_PROFIT_YOY":52.920524670391,"HOLDER_PROFIT":101398397.08,"HOLDER_PROFIT_YOY":49.7570038264,"GROSS_PROFIT_RATIO":16.004371118289,"EPS_TTM":0.158725977604,"OPERATE_INCOME_QOQ":0,"NET_PROFIT_RATIO":21.3053219658,"ROE_AVG":5.628307355392,"GROSS_PROFIT_QOQ":0,"ROA":4.586739199535,"HOLDER_PROFIT_QOQ":0,"ROE_YEARLY":11.256614710784,"ROIC_YEARLY":9.827231413424,"TOTAL_ASSETS":2312063894.22,"TOTAL_LIABILITIES":411454165.42,"TAX_EBT":9.899710822617,"OCF_SALES":-1.230831902697,"TOTAL_PARENT_EQUITY":1850911868.38,"DEBT_ASSET_RATIO":17.7959686343,"OPERATE_PROFIT":39931898.04,"PRETAX_PROFIT":121857517.62,"NETCASH_OPERATE":-6342918.84,"NETCASH_INVEST":-7561685.62,"NETCASH_FINANCE":-22815014.22,"END_CASH":80751838.04,"DIVI_RATIO":0.285570772247,"DIVIDEND_RATE":47.19387755102,"CURRENT_RATIO":1.798103683791,"COMMON_ACS":2000000000,"CURRENTDEBT_DEBT":83.151483983827,"ISSUED_COMMON_SHARES":933302000,"HK_COMMON_SHARES":933302000,"PER_SHARES":2000,"TOTAL_MARKET_CAP":3658543840,"HKSK_MARKET_CAP":3658543840,"PE_TTM":24.020693857184,"PB_TTM":1.479333388055,"REPORT_DATE_SQ":"2020-06-30 00:00:00","REPORT_TYPE_SQ":"2020年中报","OPERATE_INCOME_SQ":382764280.96,"DPS_HKD":1.85,"OPERATE_INCOME_QOQ_SQ":0,"NET_PROFIT_RATIO_SQ":19.6724924413,"HOLDER_PROFIT_SQ":71419725.44,"HOLDER_PROFIT_QOQ_SQ":0,"ROE_AVG_SQ":4.371309319467,"PE_TTM_SQ":6.461790419482,"PB_TTM_SQ":1.181252036172,"ROA_SQ":3.633376621345,"START_DATE":"2021-04-01 00:00:00","FISCAL_YEAR":"3-31","CURRENCY":"HKD","IS_CNY_CODE":0,"DPS_HKD_LY":0.02,"ORG_TYPE":"一般企业","PREMIUM_INCOME":null,"PREMIUM_INCOME_YOY":null,"NET_INTEREST_INCOME":null,"NET_INTEREST_INCOME_YOY":null,"FEE_COMMISSION_INCOME":null,"FEE_COMMISSION_INCOME_YOY":null,"ACCOUNTS_RECE_TDAYS":2.022566470057,"INVENTORY_TDAYS":2.256132588529,"CURRENT_ASSETS_TDAYS":0.926889421636,"TOTAL_ASSETS_TDAYS":0.233111322012,"PREMIUM_EXPENSE":null,"LOAN_DEPOSIT":null,"LOAN_EQUITY":null,"LOAN_ASSETS":null,"DEPOSIT_EQUITY":null,"DEPOSIT_ASSETS":null,"EQUITY_MULTIPLIER":1.216485351614,"EQUITY_RATIO":0.222298085851},{"SECUCODE":"00259.HK","SECURITY_CODE":"00259","SECURITY_NAME_ABBR":"亿都(国际控股)","ORG_CODE":"10007517","STD_REPORT_DATE":"2020-12-31 00:00:00","REPORT_DATE":"2021-03-31 00:00:00","DATE_TYPE_CODE":"001","REPORT_TYPE":"2020年年报","PER_NETCASH_OPERATE":0.010053642919,"PER_OI":0.754144968505,"BPS":1.904784233078,"BASIC_EPS":0.16142938,"DILUTED_EPS":0.1605842,"OPERATE_INCOME":753874359.42,"OPERATE_INCOME_YOY":9.6926408683,"GROSS_PROFIT":92306333.7,"GROSS_PROFIT_YOY":-4.486365246664,"HOLDER_PROFIT":158669022.12,"HOLDER_PROFIT_YOY":51.6160294616,"GROSS_PROFIT_RATIO":12.244259609919,"EPS_TTM":0.127660509863,"OPERATE_INCOME_QOQ":0,"NET_PROFIT_RATIO":22.1992019902,"ROE_AVG":9.605599608068,"GROSS_PROFIT_QOQ":0,"ROA":8.051363283812,"HOLDER_PROFIT_QOQ":0,"ROE_YEARLY":9.605599608068,"ROIC_YEARLY":8.932104982945,"TOTAL_ASSETS":2139995760,"TOTAL_LIABILITIES":316366087.24,"TAX_EBT":7.759030307548,"OCF_SALES":1.333118079216,"TOTAL_PARENT_EQUITY":1777738934.3,"DEBT_ASSET_RATIO":14.7834913112,"OPERATE_PROFIT":27737962.42,"PRETAX_PROFIT":181431409.88,"NETCASH_OPERATE":10050035.38,"NETCASH_INVEST":-38743051.2,"NETCASH_FINANCE":-52827975.9,"END_CASH":120171073.12,"DIVI_RATIO":0.355062815029,"DIVIDEND_RATE":47.19387755102,"CURRENT_RATIO":2.034488405495,"COMMON_ACS":2000000000,"CURRENTDEBT_DEBT":78.305878958533,"ISSUED_COMMON_SHARES":933302000,"HK_COMMON_SHARES":933302000,"PER_SHARES":2000,"TOTAL_MARKET_CAP":3658543840,"HKSK_MARKET_CAP":3658543840,"PE_TTM":24.020693857184,"PB_TTM":1.479333388055,"REPORT_DATE_SQ":"2019-12-31 00:00:00","REPORT_TYPE_SQ":"2019年年报","OPERATE_INCOME_SQ":742977896.1,"DPS_HKD":1.85,"OPERATE_INCOME_QOQ_SQ":0,"NET_PROFIT_RATIO_SQ":16.9146519782,"HOLDER_PROFIT_SQ":113136161.4,"HOLDER_PROFIT_QOQ_SQ":0,"ROE_AVG_SQ":6.64626800259,"PE_TTM_SQ":6.461790419482,"PB_TTM_SQ":1.181252036172,"ROA_SQ":5.554789178699,"START_DATE":"2020-04-01 00:00:00","FISCAL_YEAR":"3-31","CURRENCY":"HKD","IS_CNY_CODE":0,"DPS_HKD_LY":0.05,"ORG_TYPE":"一般企业","PREMIUM_INCOME":null,"PREMIUM_INCOME_YOY":null,"NET_INTEREST_INCOME":null,"NET_INTEREST_INCOME_YOY":null,"FEE_COMMISSION_INCOME":null,"FEE_COMMISSION_INCOME_YOY":null,"ACCOUNTS_RECE_TDAYS":4.179916023881,"INVENTORY_TDAYS":5.067320079497,"CURRENT_ASSETS_TDAYS":1.601045741779,"TOTAL_ASSETS_TDAYS":0.382539468445,"PREMIUM_EXPENSE":null,"LOAN_DEPOSIT":null,"LOAN_EQUITY":null,"LOAN_ASSETS":null,"DEPOSIT_EQUITY":null,"DEPOSIT_ASSETS":null,"EQUITY_MULTIPLIER":1.173481541765,"EQUITY_RATIO":0.177959812398},{"SECUCODE":"00259.HK","SECURITY_CODE":"00259","SECURITY_NAME_ABBR":"亿都(国际控股)","ORG_CODE":"10007517","STD_REPORT_DATE":"2020-06-30 00:00:00","REPORT_DATE":"2020-09-30 00:00:00","DATE_TYPE_CODE":"002","REPORT_TYPE":"2020年中报","PER_NETCASH_OPERATE":0.041847360366,"PER_OI":0.382901677186,"BPS":1.801308116601,"BASIC_EPS":0.07293376,"DILUTED_EPS":0.07205504,"OPERATE_INCOME":382764280.96,"OPERATE_INCOME_YOY":-3.4069767184,"GROSS_PROFIT":53934076.16,"GROSS_PROFIT_YOY":-18.585551907007,"HOLDER_PROFIT":71419725.44,"HOLDER_PROFIT_YOY":28.7515643069,"GROSS_PROFIT_RATIO":14.09067638828,"EPS_TTM":0.113176772508,"OPERATE_INCOME_QOQ":0,"NET_PROFIT_RATIO":19.6724924413,"ROE_AVG":4.371309319467,"GROSS_PROFIT_QOQ":0,"ROA":3.633376621345,"HOLDER_PROFIT_QOQ":0,"ROE_YEARLY":8.742618638933,"ROIC_YEARLY":8.26306133933,"TOTAL_ASSETS":2058402478.72,"TOTAL_LIABILITIES":343438924.8,"TAX_EBT":9.719968815188,"OCF_SALES":10.929009419343,"TOTAL_PARENT_EQUITY":1681164467.84,"DEBT_ASSET_RATIO":16.6847314046,"OPERATE_PROFIT":17227305.6,"PRETAX_PROFIT":83406344.96,"NETCASH_OPERATE":41832344.32,"NETCASH_INVEST":-30966092.8,"NETCASH_FINANCE":-6577219.2,"END_CASH":208803203.84,"DIVI_RATIO":0.400501790213,"DIVIDEND_RATE":47.19387755102,"CURRENT_RATIO":1.885311984225,"COMMON_ACS":2000000000,"CURRENTDEBT_DEBT":82.006191792038,"ISSUED_COMMON_SHARES":933302000,"HK_COMMON_SHARES":933302000,"PER_SHARES":2000,"TOTAL_MARKET_CAP":3658543840,"HKSK_MARKET_CAP":3658543840,"PE_TTM":24.020693857184,"PB_TTM":1.479333388055,"REPORT_DATE_SQ":"2019-06-30 00:00:00","REPORT_TYPE_SQ":"2019年中报","OPERATE_INCOME_SQ":406767723.57,"DPS_HKD":1.85,"OPERATE_INCOME_QOQ_SQ":0,"NET_PROFIT_RATIO_SQ":14.7940934502,"HOLDER_PROFIT_SQ":56941185.27,"HOLDER_PROFIT_QOQ_SQ":0,"ROE_AVG_SQ":3.437663454017,"PE_TTM_SQ":6.461790419482,"PB_TTM_SQ":1.181252036172,"ROA_SQ":2.775760605763,"START_DATE":"2020-04-01 00:00:00","FISCAL_YEAR":"3-31","CURRENCY":"HKD","IS_CNY_CODE":0,"DPS_HKD_LY":0.05,"ORG_TYPE":"一般企业","PREMIUM_INCOME":null,"PREMIUM_INCOME_YOY":null,"NET_INTEREST_INCOME":null,"NET_INTEREST_INCOME_YOY":null,"FEE_COMMISSION_INCOME":null,"FEE_COMMISSION_INCOME_YOY":null,"ACCOUNTS_RECE_TDAYS":2.194815697518,"INVENTORY_TDAYS":3.04649752309,"CURRENT_ASSETS_TDAYS":0.77634394229,"TOTAL_ASSETS_TDAYS":0.194725866189,"PREMIUM_EXPENSE":null,"LOAN_DEPOSIT":null,"LOAN_EQUITY":null,"LOAN_ASSETS":null,"DEPOSIT_EQUITY":null,"DEPOSIT_ASSETS":null,"EQUITY_MULTIPLIER":1.200260188629,"EQUITY_RATIO":0.204286333294}],"count":48},"success":true,"message":"ok","code":0}