{"version":"5b919f0fd517c47bf852448eade920a6","result":{"pages":6,"data":[{"SECUCODE":"00255.HK","SECURITY_CODE":"00255","SECURITY_NAME_ABBR":"龙记集团","ORG_CODE":"10007514","STD_REPORT_DATE":"2024-06-30 00:00:00","REPORT_DATE":"2024-06-30 00:00:00","DATE_TYPE_CODE":"002","REPORT_TYPE":"2024年中报","PER_NETCASH_OPERATE":0.134543141754,"PER_OI":1.134514861871,"BPS":2.461850957213,"BASIC_EPS":-0.034590572,"DILUTED_EPS":-0.034590572,"OPERATE_INCOME":716647288.16,"OPERATE_INCOME_YOY":10.7612533378,"GROSS_PROFIT":430114140.2,"GROSS_PROFIT_YOY":14.367928780211,"HOLDER_PROFIT":-21826742.2,"HOLDER_PROFIT_YOY":24.0938233987,"GROSS_PROFIT_RATIO":60.017549400671,"EPS_TTM":-0.092479594981,"OPERATE_INCOME_QOQ":4.799258247646,"NET_PROFIT_RATIO":-3.0456742892,"ROE_AVG":-1.365541420186,"GROSS_PROFIT_QOQ":7.323100967767,"ROA":-1.16920152556,"HOLDER_PROFIT_QOQ":11.001422017453,"ROE_YEARLY":-2.731082840372,"ROIC_YEARLY":-2.997311318375,"TOTAL_ASSETS":1823389523.88,"TOTAL_LIABILITIES":268294150.84,"TAX_EBT":13.841553482005,"OCF_SALES":11.859090283898,"TOTAL_PARENT_EQUITY":1555095373.04,"DEBT_ASSET_RATIO":14.7140337995,"OPERATE_PROFIT":-25215523.04,"PRETAX_PROFIT":-25333258.76,"NETCASH_OPERATE":84987848.92,"NETCASH_INVEST":-6715499.44,"NETCASH_FINANCE":-30676087.48,"END_CASH":429453359.88,"DIVI_RATIO":-0.983406123469,"DIVIDEND_RATE":8.403361344538,"CURRENT_RATIO":5.705795779298,"COMMON_ACS":1000000000,"CURRENTDEBT_DEBT":67.492507560475,"ISSUED_COMMON_SHARES":631677303,"HK_COMMON_SHARES":631677303,"PER_SHARES":2000,"TOTAL_MARKET_CAP":751695990.57,"HKSK_MARKET_CAP":751695990.57,"PE_TTM":-11.593090539328,"PB_TTM":0.441167730653,"REPORT_DATE_SQ":"2023-06-30 00:00:00","REPORT_TYPE_SQ":"2023年中报","OPERATE_INCOME_SQ":653612827.54,"DPS_HKD":0.1,"OPERATE_INCOME_QOQ_SQ":-8.564525327405,"NET_PROFIT_RATIO_SQ":-4.4442062114,"HOLDER_PROFIT_SQ":-29047901.88,"HOLDER_PROFIT_QOQ_SQ":-453.770707296326,"ROE_AVG_SQ":-1.643535484477,"PE_TTM_SQ":-13.707887838567,"PB_TTM_SQ":0.42058272838,"ROA_SQ":-1.419974332655,"START_DATE":"2024-01-01 00:00:00","FISCAL_YEAR":"12-31","CURRENCY":"HKD","IS_CNY_CODE":0,"DPS_HKD_LY":0.1,"ORG_TYPE":"一般企业","PREMIUM_INCOME":null,"PREMIUM_INCOME_YOY":null,"NET_INTEREST_INCOME":null,"NET_INTEREST_INCOME_YOY":null,"FEE_COMMISSION_INCOME":null,"FEE_COMMISSION_INCOME_YOY":null,"ACCOUNTS_RECE_TDAYS":4.381910108597,"INVENTORY_TDAYS":0.621181512575,"CURRENT_ASSETS_TDAYS":0.692276326178,"TOTAL_ASSETS_TDAYS":0.383889219439,"PREMIUM_EXPENSE":null,"LOAN_DEPOSIT":null,"LOAN_EQUITY":null,"LOAN_ASSETS":null,"DEPOSIT_EQUITY":null,"DEPOSIT_ASSETS":null,"EQUITY_MULTIPLIER":1.172525849856,"EQUITY_RATIO":0.172525849855},{"SECUCODE":"00255.HK","SECURITY_CODE":"00255","SECURITY_NAME_ABBR":"龙记集团","ORG_CODE":"10007514","STD_REPORT_DATE":"2023-12-31 00:00:00","REPORT_DATE":"2023-12-31 00:00:00","DATE_TYPE_CODE":"001","REPORT_TYPE":"2023年年报","PER_NETCASH_OPERATE":0.110773128538,"PER_OI":2.079259280905,"BPS":2.580548789545,"BASIC_EPS":-0.103943434,"DILUTED_EPS":-0.103943434,"OPERATE_INCOME":1313420894.8,"OPERATE_INCOME_YOY":-9.4973064749,"GROSS_PROFIT":737867885.72,"GROSS_PROFIT_YOY":-14.218442602244,"HOLDER_PROFIT":-65638420.82,"HOLDER_PROFIT_YOY":-558.0182117111,"GROSS_PROFIT_RATIO":56.179088412657,"EPS_TTM":-0.103911317548,"OPERATE_INCOME_QOQ":0.414787839668,"NET_PROFIT_RATIO":-4.9975161108,"ROE_AVG":-3.826918723085,"GROSS_PROFIT_QOQ":-3.090947477404,"ROA":-3.296467235352,"HOLDER_PROFIT_QOQ":-31.344463496427,"ROE_YEARLY":-3.826918723085,"ROIC_YEARLY":-4.224538437782,"TOTAL_ASSETS":1896704866.7,"TOTAL_LIABILITIES":266630767.06,"TAX_EBT":35.682064396967,"OCF_SALES":5.327528392234,"TOTAL_PARENT_EQUITY":1630074099.64,"DEBT_ASSET_RATIO":14.0575780524,"OPERATE_PROFIT":-101685133.76,"PRETAX_PROFIT":-102053059.08,"NETCASH_OPERATE":69972871.08,"NETCASH_INVEST":-88874807.84,"NETCASH_FINANCE":-66933409.2,"END_CASH":388549074.76,"DIVI_RATIO":-0.87521746568,"DIVIDEND_RATE":9.259259259259,"CURRENT_RATIO":5.87903054758,"COMMON_ACS":1000000000,"CURRENTDEBT_DEBT":65.700166200467,"ISSUED_COMMON_SHARES":631677303,"HK_COMMON_SHARES":631677303,"PER_SHARES":2000,"TOTAL_MARKET_CAP":682211487.24,"HKSK_MARKET_CAP":682211487.24,"PE_TTM":-10.521460321407,"PB_TTM":0.400387520257,"REPORT_DATE_SQ":"2022-12-31 00:00:00","REPORT_TYPE_SQ":"2022年年报","OPERATE_INCOME_SQ":1430512055.91,"DPS_HKD":0.1,"OPERATE_INCOME_QOQ_SQ":-13.064975623936,"NET_PROFIT_RATIO_SQ":0.9874905788,"HOLDER_PROFIT_SQ":14126171.78,"HOLDER_PROFIT_QOQ_SQ":-89.252548268411,"ROE_AVG_SQ":0.742815686685,"PE_TTM_SQ":-15.825366447777,"PB_TTM_SQ":0.485550792113,"ROA_SQ":0.626643358735,"START_DATE":"2023-01-01 00:00:00","FISCAL_YEAR":"12-31","CURRENCY":"HKD","IS_CNY_CODE":0,"DPS_HKD_LY":0.11,"ORG_TYPE":"一般企业","PREMIUM_INCOME":null,"PREMIUM_INCOME_YOY":null,"NET_INTEREST_INCOME":null,"NET_INTEREST_INCOME_YOY":null,"FEE_COMMISSION_INCOME":null,"FEE_COMMISSION_INCOME_YOY":null,"ACCOUNTS_RECE_TDAYS":8.846123328389,"INVENTORY_TDAYS":1.116747770202,"CURRENT_ASSETS_TDAYS":1.192620161826,"TOTAL_ASSETS_TDAYS":0.659621132234,"PREMIUM_EXPENSE":null,"LOAN_DEPOSIT":null,"LOAN_EQUITY":null,"LOAN_ASSETS":null,"DEPOSIT_EQUITY":null,"DEPOSIT_ASSETS":null,"EQUITY_MULTIPLIER":1.163569721842,"EQUITY_RATIO":0.163569721842},{"SECUCODE":"00255.HK","SECURITY_CODE":"00255","SECURITY_NAME_ABBR":"龙记集团","ORG_CODE":"10007514","STD_REPORT_DATE":"2023-06-30 00:00:00","REPORT_DATE":"2023-06-30 00:00:00","DATE_TYPE_CODE":"002","REPORT_TYPE":"2023年中报","PER_NETCASH_OPERATE":-0.006121454897,"PER_OI":1.034725839342,"BPS":2.696343248255,"BASIC_EPS":-0.046006802,"DILUTED_EPS":null,"OPERATE_INCOME":653612827.54,"OPERATE_INCOME_YOY":-21.8862390254,"GROSS_PROFIT":376079329.92,"GROSS_PROFIT_YOY":-20.800004915665,"HOLDER_PROFIT":-29047901.88,"HOLDER_PROFIT_YOY":-176.8663999219,"GROSS_PROFIT_RATIO":57.538547909999,"EPS_TTM":-0.079113587876,"OPERATE_INCOME_QOQ":-8.564525327405,"NET_PROFIT_RATIO":-4.4442062114,"ROE_AVG":-1.643535484477,"GROSS_PROFIT_QOQ":-11.482410399426,"ROA":-1.419974332655,"HOLDER_PROFIT_QOQ":-453.770707296326,"ROE_YEARLY":-3.287070968954,"ROIC_YEARLY":-3.617364866921,"TOTAL_ASSETS":1969411974.64,"TOTAL_LIABILITIES":266193143.62,"TAX_EBT":38.885009310987,"OCF_SALES":-0.591601626693,"TOTAL_PARENT_EQUITY":1703218831.02,"DEBT_ASSET_RATIO":13.5163768195,"OPERATE_PROFIT":-47317857.56,"PRETAX_PROFIT":-47529912.96,"NETCASH_OPERATE":-3866784.12,"NETCASH_INVEST":-56515530.04,"NETCASH_FINANCE":-37011043.14,"END_CASH":384502539.2,"DIVI_RATIO":-1.149549684725,"DIVIDEND_RATE":8,"CURRENT_RATIO":6.281991752443,"COMMON_ACS":1000000000,"CURRENTDEBT_DEBT":64.000637297857,"ISSUED_COMMON_SHARES":631677303,"HK_COMMON_SHARES":631677303,"PER_SHARES":2000,"TOTAL_MARKET_CAP":789596628.75,"HKSK_MARKET_CAP":789596628.75,"PE_TTM":-12.177616112739,"PB_TTM":0.463411481779,"REPORT_DATE_SQ":"2022-06-30 00:00:00","REPORT_TYPE_SQ":"2022年中报","OPERATE_INCOME_SQ":776129394.88,"DPS_HKD":0.1,"OPERATE_INCOME_QOQ_SQ":-11.472093413746,"NET_PROFIT_RATIO_SQ":4.5163252354,"HOLDER_PROFIT_SQ":35052527.72,"HOLDER_PROFIT_QOQ_SQ":-29.442006996313,"ROE_AVG_SQ":1.873413417019,"PE_TTM_SQ":-15.268135234827,"PB_TTM_SQ":0.468453933236,"ROA_SQ":1.55878817796,"START_DATE":"2023-01-01 00:00:00","FISCAL_YEAR":"12-31","CURRENCY":"HKD","IS_CNY_CODE":0,"DPS_HKD_LY":0.11,"ORG_TYPE":"一般企业","PREMIUM_INCOME":null,"PREMIUM_INCOME_YOY":null,"NET_INTEREST_INCOME":null,"NET_INTEREST_INCOME_YOY":null,"FEE_COMMISSION_INCOME":null,"FEE_COMMISSION_INCOME_YOY":null,"ACCOUNTS_RECE_TDAYS":4.731184159156,"INVENTORY_TDAYS":0.501070742229,"CURRENT_ASSETS_TDAYS":0.577565301908,"TOTAL_ASSETS_TDAYS":0.319511351434,"PREMIUM_EXPENSE":null,"LOAN_DEPOSIT":null,"LOAN_EQUITY":null,"LOAN_ASSETS":null,"DEPOSIT_EQUITY":null,"DEPOSIT_ASSETS":null,"EQUITY_MULTIPLIER":1.156288281208,"EQUITY_RATIO":0.156288281207},{"SECUCODE":"00255.HK","SECURITY_CODE":"00255","SECURITY_NAME_ABBR":"龙记集团","ORG_CODE":"10007514","STD_REPORT_DATE":"2022-12-31 00:00:00","REPORT_DATE":"2022-12-31 00:00:00","DATE_TYPE_CODE":"001","REPORT_TYPE":"2022年年报","PER_NETCASH_OPERATE":0.108696637071,"PER_OI":2.264624752411,"BPS":2.809271761772,"BASIC_EPS":0.02233175,"DILUTED_EPS":null,"OPERATE_INCOME":1430512055.91,"OPERATE_INCOME_YOY":-29.5577679061,"GROSS_PROFIT":860170773.42,"GROSS_PROFIT_YOY":-27.532148890865,"HOLDER_PROFIT":14126171.78,"HOLDER_PROFIT_YOY":-93.0591947893,"GROSS_PROFIT_RATIO":60.130270826191,"EPS_TTM":0.022362956074,"OPERATE_INCOME_QOQ":-13.064975623936,"NET_PROFIT_RATIO":0.9874905788,"ROE_AVG":0.742815686685,"GROSS_PROFIT_QOQ":-15.834646342671,"ROA":0.626643358735,"HOLDER_PROFIT_QOQ":-89.252548268411,"ROE_YEARLY":0.742815686685,"ROIC_YEARLY":0.860162415896,"TOTAL_ASSETS":2055840359.79,"TOTAL_LIABILITIES":281287149.92,"TAX_EBT":27.023534840794,"OCF_SALES":4.799763711626,"TOTAL_PARENT_EQUITY":1774553209.87,"DEBT_ASSET_RATIO":13.6823439904,"OPERATE_PROFIT":19681417.91,"PRETAX_PROFIT":19357160.9,"NETCASH_OPERATE":68661198.55,"NETCASH_INVEST":-140915129.04,"NETCASH_FINANCE":-150872409.73,"END_CASH":479367092.61,"DIVI_RATIO":4.066770050373,"DIVIDEND_RATE":9.174311926606,"CURRENT_RATIO":6.545415920609,"COMMON_ACS":1000000000,"CURRENTDEBT_DEBT":62.784538387277,"ISSUED_COMMON_SHARES":631677303,"HK_COMMON_SHARES":631677303,"PER_SHARES":2000,"TOTAL_MARKET_CAP":688528260.27,"HKSK_MARKET_CAP":688528260.27,"PE_TTM":-10.618881250308,"PB_TTM":0.404094812111,"REPORT_DATE_SQ":"2021-12-31 00:00:00","REPORT_TYPE_SQ":"2021年年报","OPERATE_INCOME_SQ":1858731022.4,"DPS_HKD":0.1,"OPERATE_INCOME_QOQ_SQ":0.233464092082,"NET_PROFIT_RATIO_SQ":10.0220418853,"HOLDER_PROFIT_SQ":186282801.6,"HOLDER_PROFIT_QOQ_SQ":2.926900129851,"ROE_AVG_SQ":10.024537658508,"PE_TTM_SQ":-16.159705175547,"PB_TTM_SQ":0.49580890744,"ROA_SQ":8.298138754294,"START_DATE":"2022-01-01 00:00:00","FISCAL_YEAR":"12-31","CURRENCY":"HKD","IS_CNY_CODE":0,"DPS_HKD_LY":0.26,"ORG_TYPE":"一般企业","PREMIUM_INCOME":null,"PREMIUM_INCOME_YOY":null,"NET_INTEREST_INCOME":null,"NET_INTEREST_INCOME_YOY":null,"FEE_COMMISSION_INCOME":null,"FEE_COMMISSION_INCOME_YOY":null,"ACCOUNTS_RECE_TDAYS":7.431088445949,"INVENTORY_TDAYS":1.054305692128,"CURRENT_ASSETS_TDAYS":1.063214268049,"TOTAL_ASSETS_TDAYS":0.634581607379,"PREMIUM_EXPENSE":null,"LOAN_DEPOSIT":null,"LOAN_EQUITY":null,"LOAN_ASSETS":null,"DEPOSIT_EQUITY":null,"DEPOSIT_ASSETS":null,"EQUITY_MULTIPLIER":1.158511533132,"EQUITY_RATIO":0.158511533132},{"SECUCODE":"00255.HK","SECURITY_CODE":"00255","SECURITY_NAME_ABBR":"龙记集团","ORG_CODE":"10007514","STD_REPORT_DATE":"2022-06-30 00:00:00","REPORT_DATE":"2022-06-30 00:00:00","DATE_TYPE_CODE":"002","REPORT_TYPE":"2022年中报","PER_NETCASH_OPERATE":0.023976506403,"PER_OI":1.228680199833,"BPS":2.849134618915,"BASIC_EPS":0.055501831,"DILUTED_EPS":null,"OPERATE_INCOME":776129394.88,"OPERATE_INCOME_YOY":-23.6726530791,"GROSS_PROFIT":474847668.26,"GROSS_PROFIT_YOY":-25.783649091174,"HOLDER_PROFIT":35052527.72,"HOLDER_PROFIT_YOY":-62.0621991855,"GROSS_PROFIT_RATIO":61.181508056839,"EPS_TTM":0.208076822605,"OPERATE_INCOME_QOQ":-11.472093413746,"NET_PROFIT_RATIO":4.5163252354,"ROE_AVG":1.873413417019,"GROSS_PROFIT_QOQ":-13.898239643618,"ROA":1.55878817796,"HOLDER_PROFIT_QOQ":-29.442006996313,"ROE_YEARLY":3.746826834037,"ROIC_YEARLY":4.289909011603,"TOTAL_ASSETS":2149284887.75,"TOTAL_LIABILITIES":349551215.79,"TAX_EBT":23.956883916811,"OCF_SALES":1.951403335566,"TOTAL_PARENT_EQUITY":1799733671.96,"DEBT_ASSET_RATIO":16.2636055268,"OPERATE_PROFIT":46239268.11,"PRETAX_PROFIT":46095596.19,"NETCASH_OPERATE":15145414.9,"NETCASH_INVEST":-84095108.65,"NETCASH_FINANCE":-109808961.57,"END_CASH":516162752.35,"DIVI_RATIO":0.437074148199,"DIVIDEND_RATE":8,"CURRENT_RATIO":5.224992944829,"COMMON_ACS":1000000000,"CURRENTDEBT_DEBT":69.354432268845,"ISSUED_COMMON_SHARES":631677303,"HK_COMMON_SHARES":631677303,"PER_SHARES":2000,"TOTAL_MARKET_CAP":789596628.75,"HKSK_MARKET_CAP":789596628.75,"PE_TTM":-12.177616112739,"PB_TTM":0.463411481779,"REPORT_DATE_SQ":"2021-06-30 00:00:00","REPORT_TYPE_SQ":"2021年中报","OPERATE_INCOME_SQ":989364754.08,"DPS_HKD":0.1,"OPERATE_INCOME_QOQ_SQ":6.704368852136,"NET_PROFIT_RATIO_SQ":9.086428724,"HOLDER_PROFIT_SQ":89897923.2,"HOLDER_PROFIT_QOQ_SQ":18.753007100892,"ROE_AVG_SQ":4.811760577055,"PE_TTM_SQ":-15.268135234827,"PB_TTM_SQ":0.468453933236,"ROA_SQ":3.94221322579,"START_DATE":"2022-01-01 00:00:00","FISCAL_YEAR":"12-31","CURRENCY":"HKD","IS_CNY_CODE":0,"DPS_HKD_LY":0.26,"ORG_TYPE":"一般企业","PREMIUM_INCOME":null,"PREMIUM_INCOME_YOY":null,"NET_INTEREST_INCOME":null,"NET_INTEREST_INCOME_YOY":null,"FEE_COMMISSION_INCOME":null,"FEE_COMMISSION_INCOME_YOY":null,"ACCOUNTS_RECE_TDAYS":3.267743369922,"INVENTORY_TDAYS":0.583788065336,"CURRENT_ASSETS_TDAYS":0.567299776531,"TOTAL_ASSETS_TDAYS":0.34514524458,"PREMIUM_EXPENSE":null,"LOAN_DEPOSIT":null,"LOAN_EQUITY":null,"LOAN_ASSETS":null,"DEPOSIT_EQUITY":null,"DEPOSIT_ASSETS":null,"EQUITY_MULTIPLIER":1.19422385725,"EQUITY_RATIO":0.19422385725},{"SECUCODE":"00255.HK","SECURITY_CODE":"00255","SECURITY_NAME_ABBR":"龙记集团","ORG_CODE":"10007514","STD_REPORT_DATE":"2021-12-31 00:00:00","REPORT_DATE":"2021-12-31 00:00:00","DATE_TYPE_CODE":"001","REPORT_TYPE":"2021年年报","PER_NETCASH_OPERATE":0.457863391049,"PER_OI":2.942532545609,"BPS":2.93977950194,"BASIC_EPS":0.29490832,"DILUTED_EPS":null,"OPERATE_INCOME":1858731022.4,"OPERATE_INCOME_YOY":10.0982525878,"GROSS_PROFIT":1186968787.2,"GROSS_PROFIT_YOY":8.169449429589,"HOLDER_PROFIT":186282801.6,"HOLDER_PROFIT_YOY":25.8226981296,"GROSS_PROFIT_RATIO":63.859093806235,"EPS_TTM":0.29490184421,"OPERATE_INCOME_QOQ":0.233464092082,"NET_PROFIT_RATIO":10.0220418853,"ROE_AVG":10.024537658508,"GROSS_PROFIT_QOQ":-0.310528603834,"ROA":8.298138754294,"HOLDER_PROFIT_QOQ":2.926900129851,"ROE_YEARLY":10.024537658508,"ROIC_YEARLY":12.186725011212,"TOTAL_ASSETS":2244910483.2,"TOTAL_LIABILITIES":387918496,"TAX_EBT":27.781634224965,"OCF_SALES":15.560181032894,"TOTAL_PARENT_EQUITY":1856991987.2,"DEBT_ASSET_RATIO":17.2799093284,"OPERATE_PROFIT":258315814.4,"PRETAX_PROFIT":257943806.4,"NETCASH_OPERATE":289221912,"NETCASH_INVEST":-144577843.2,"NETCASH_FINANCE":-227099846.4,"END_CASH":681539913.6,"DIVI_RATIO":0.308390746907,"DIVIDEND_RATE":9.174311926606,"CURRENT_RATIO":5.039530409587,"COMMON_ACS":1000000000,"CURRENTDEBT_DEBT":71.866543017325,"ISSUED_COMMON_SHARES":631677303,"HK_COMMON_SHARES":631677303,"PER_SHARES":2000,"TOTAL_MARKET_CAP":688528260.27,"HKSK_MARKET_CAP":688528260.27,"PE_TTM":-10.618881250308,"PB_TTM":0.404094812111,"REPORT_DATE_SQ":"2020-12-31 00:00:00","REPORT_TYPE_SQ":"2020年年报","OPERATE_INCOME_SQ":1737887286.48,"DPS_HKD":0.1,"OPERATE_INCOME_QOQ_SQ":-9.815796560092,"NET_PROFIT_RATIO_SQ":8.7695568076,"HOLDER_PROFIT_SQ":152405012.84,"HOLDER_PROFIT_QOQ_SQ":14.259466604992,"ROE_AVG_SQ":8.250711248572,"PE_TTM_SQ":-16.159705175547,"PB_TTM_SQ":0.49580890744,"ROA_SQ":6.812501857551,"START_DATE":"2021-01-01 00:00:00","FISCAL_YEAR":"12-31","CURRENCY":"HKD","IS_CNY_CODE":0,"DPS_HKD_LY":0.25,"ORG_TYPE":"一般企业","PREMIUM_INCOME":null,"PREMIUM_INCOME_YOY":null,"NET_INTEREST_INCOME":null,"NET_INTEREST_INCOME_YOY":null,"FEE_COMMISSION_INCOME":null,"FEE_COMMISSION_INCOME_YOY":null,"ACCOUNTS_RECE_TDAYS":8.253699535289,"INVENTORY_TDAYS":1.39093433824,"CURRENT_ASSETS_TDAYS":1.304866821333,"TOTAL_ASSETS_TDAYS":0.827988831943,"PREMIUM_EXPENSE":null,"LOAN_DEPOSIT":null,"LOAN_EQUITY":null,"LOAN_ASSETS":null,"DEPOSIT_EQUITY":null,"DEPOSIT_ASSETS":null,"EQUITY_MULTIPLIER":1.20889616039,"EQUITY_RATIO":0.208896160389},{"SECUCODE":"00255.HK","SECURITY_CODE":"00255","SECURITY_NAME_ABBR":"龙记集团","ORG_CODE":"10007514","STD_REPORT_DATE":"2021-06-30 00:00:00","REPORT_DATE":"2021-06-30 00:00:00","DATE_TYPE_CODE":"002","REPORT_TYPE":"2021年中报","PER_NETCASH_OPERATE":0.353954285548,"PER_OI":1.566250282195,"BPS":2.919392437945,"BASIC_EPS":0.14228568,"DILUTED_EPS":null,"OPERATE_INCOME":989364754.08,"OPERATE_INCOME_YOY":24.431853858,"GROSS_PROFIT":639815434.8,"GROSS_PROFIT_YOY":17.080932374256,"HOLDER_PROFIT":89897923.2,"HOLDER_PROFIT_YOY":60.9462519366,"GROSS_PROFIT_RATIO":64.669317575898,"EPS_TTM":0.286515812521,"OPERATE_INCOME_QOQ":6.704368852136,"NET_PROFIT_RATIO":9.086428724,"ROE_AVG":4.811760577055,"GROSS_PROFIT_QOQ":8.506392816273,"ROA":3.94221322579,"HOLDER_PROFIT_QOQ":18.753007100892,"ROE_YEARLY":9.62352115411,"ROIC_YEARLY":11.912864300137,"TOTAL_ASSETS":2276188955.28,"TOTAL_LIABILITIES":432075013.68,"TAX_EBT":29.553679131484,"OCF_SALES":22.598832994401,"TOTAL_PARENT_EQUITY":1844113941.6,"DEBT_ASSET_RATIO":18.9823877617,"OPERATE_PROFIT":127818305.04,"PRETAX_PROFIT":127611949.2,"NETCASH_OPERATE":223584888.48,"NETCASH_INVEST":-62674761.84,"NETCASH_FINANCE":-149628786,"END_CASH":777900774.96,"DIVI_RATIO":0.317417036079,"DIVIDEND_RATE":8,"CURRENT_RATIO":4.481335706329,"COMMON_ACS":1000000000,"CURRENTDEBT_DEBT":75.202543565884,"ISSUED_COMMON_SHARES":631677303,"HK_COMMON_SHARES":631677303,"PER_SHARES":2000,"TOTAL_MARKET_CAP":789596628.75,"HKSK_MARKET_CAP":789596628.75,"PE_TTM":-12.177616112739,"PB_TTM":0.463411481779,"REPORT_DATE_SQ":"2020-06-30 00:00:00","REPORT_TYPE_SQ":"2020年中报","OPERATE_INCOME_SQ":872850380.16,"DPS_HKD":0.1,"OPERATE_INCOME_QOQ_SQ":-5.559482702824,"NET_PROFIT_RATIO_SQ":7.0249611748,"HOLDER_PROFIT_SQ":61317400.32,"HOLDER_PROFIT_QOQ_SQ":-0.29143662289,"ROE_AVG_SQ":3.199708666736,"PE_TTM_SQ":-15.268135234827,"PB_TTM_SQ":0.468453933236,"ROA_SQ":2.637069430493,"START_DATE":"2021-01-01 00:00:00","FISCAL_YEAR":"12-31","CURRENCY":"HKD","IS_CNY_CODE":0,"DPS_HKD_LY":0.25,"ORG_TYPE":"一般企业","PREMIUM_INCOME":null,"PREMIUM_INCOME_YOY":null,"NET_INTEREST_INCOME":null,"NET_INTEREST_INCOME_YOY":null,"FEE_COMMISSION_INCOME":null,"FEE_COMMISSION_INCOME_YOY":null,"ACCOUNTS_RECE_TDAYS":4.394457708427,"INVENTORY_TDAYS":0.749193231257,"CURRENT_ASSETS_TDAYS":0.676330953523,"TOTAL_ASSETS_TDAYS":0.433857277213,"PREMIUM_EXPENSE":null,"LOAN_DEPOSIT":null,"LOAN_EQUITY":null,"LOAN_ASSETS":null,"DEPOSIT_EQUITY":null,"DEPOSIT_ASSETS":null,"EQUITY_MULTIPLIER":1.234299521268,"EQUITY_RATIO":0.234299521268},{"SECUCODE":"00255.HK","SECURITY_CODE":"00255","SECURITY_NAME_ABBR":"龙记集团","ORG_CODE":"10007514","STD_REPORT_DATE":"2020-12-31 00:00:00","REPORT_DATE":"2020-12-31 00:00:00","DATE_TYPE_CODE":"001","REPORT_TYPE":"2020年年报","PER_NETCASH_OPERATE":0.472579786581,"PER_OI":2.751226422457,"BPS":3.030377943087,"BASIC_EPS":0.241298188,"DILUTED_EPS":null,"OPERATE_INCOME":1737887286.48,"OPERATE_INCOME_YOY":-9.3508314518,"GROSS_PROFIT":1097323498.88,"GROSS_PROFIT_YOY":-11.757811152517,"HOLDER_PROFIT":152405012.84,"HOLDER_PROFIT_YOY":21.2549970202,"GROSS_PROFIT_RATIO":63.141235189226,"EPS_TTM":0.241270364023,"OPERATE_INCOME_QOQ":-9.815796560092,"NET_PROFIT_RATIO":8.7695568076,"ROE_AVG":8.250711248572,"GROSS_PROFIT_QOQ":-8.961781681847,"ROA":6.812501857551,"HOLDER_PROFIT_QOQ":14.259466604992,"ROE_YEARLY":8.250711248572,"ROIC_YEARLY":9.939200400464,"TOTAL_ASSETS":2310843816.16,"TOTAL_LIABILITIES":396622850,"TAX_EBT":18.013184464789,"OCF_SALES":17.17705902807,"TOTAL_PARENT_EQUITY":1914220966.16,"DEBT_ASSET_RATIO":17.1635507007,"OPERATE_PROFIT":495501242.12,"PRETAX_PROFIT":185889660.24,"NETCASH_OPERATE":298517925.04,"NETCASH_INVEST":-79245455.84,"NETCASH_FINANCE":-117333032.4,"END_CASH":773149861.72,"DIVI_RATIO":0.376942275394,"DIVIDEND_RATE":9.174311926606,"CURRENT_RATIO":5.164525165803,"COMMON_ACS":1000000000,"CURRENTDEBT_DEBT":72.56700265252,"ISSUED_COMMON_SHARES":631677303,"HK_COMMON_SHARES":631677303,"PER_SHARES":2000,"TOTAL_MARKET_CAP":688528260.27,"HKSK_MARKET_CAP":688528260.27,"PE_TTM":-10.618881250308,"PB_TTM":0.404094812111,"REPORT_DATE_SQ":"2019-12-31 00:00:00","REPORT_TYPE_SQ":"2019年年报","OPERATE_INCOME_SQ":2040482033.74,"DPS_HKD":0.1,"OPERATE_INCOME_QOQ_SQ":-2.615233099869,"NET_PROFIT_RATIO_SQ":6.5560434842,"HOLDER_PROFIT_SQ":133774889.42,"HOLDER_PROFIT_QOQ_SQ":25.389835347281,"ROE_AVG_SQ":6.97535977595,"PE_TTM_SQ":-16.159705175547,"PB_TTM_SQ":0.49580890744,"ROA_SQ":5.743166003952,"START_DATE":"2020-01-01 00:00:00","FISCAL_YEAR":"12-31","CURRENCY":"HKD","IS_CNY_CODE":0,"DPS_HKD_LY":0.21,"ORG_TYPE":"一般企业","PREMIUM_INCOME":null,"PREMIUM_INCOME_YOY":null,"NET_INTEREST_INCOME":null,"NET_INTEREST_INCOME_YOY":null,"FEE_COMMISSION_INCOME":null,"FEE_COMMISSION_INCOME_YOY":null,"ACCOUNTS_RECE_TDAYS":7.188836995556,"INVENTORY_TDAYS":1.365662757074,"CURRENT_ASSETS_TDAYS":1.228569167637,"TOTAL_ASSETS_TDAYS":0.776835364319,"PREMIUM_EXPENSE":null,"LOAN_DEPOSIT":null,"LOAN_EQUITY":null,"LOAN_ASSETS":null,"DEPOSIT_EQUITY":null,"DEPOSIT_ASSETS":null,"EQUITY_MULTIPLIER":1.207198049239,"EQUITY_RATIO":0.207198049239},{"SECUCODE":"00255.HK","SECURITY_CODE":"00255","SECURITY_NAME_ABBR":"龙记集团","ORG_CODE":"10007514","STD_REPORT_DATE":"2020-06-30 00:00:00","REPORT_DATE":"2020-06-30 00:00:00","DATE_TYPE_CODE":"002","REPORT_TYPE":"2020年中报","PER_NETCASH_OPERATE":0.242992157532,"PER_OI":1.381797914876,"BPS":3.008968193495,"BASIC_EPS":0.097098672,"DILUTED_EPS":null,"OPERATE_INCOME":872850380.16,"OPERATE_INCOME_YOY":-14.7744684798,"GROSS_PROFIT":546472787.52,"GROSS_PROFIT_YOY":-6.53234633813,"HOLDER_PROFIT":61317400.32,"HOLDER_PROFIT_YOY":-4.3065474918,"GROSS_PROFIT_RATIO":62.607842070233,"EPS_TTM":0.211160065063,"OPERATE_INCOME_QOQ":-5.559482702824,"NET_PROFIT_RATIO":7.0249611748,"ROE_AVG":3.199708666736,"GROSS_PROFIT_QOQ":-3.07126998125,"ROA":2.637069430493,"HOLDER_PROFIT_QOQ":-0.29143662289,"ROE_YEARLY":6.399417333471,"ROIC_YEARLY":7.615272633011,"TOTAL_ASSETS":2302427825.28,"TOTAL_LIABILITIES":401730912,"TAX_EBT":25.10209091112,"OCF_SALES":17.585216688783,"TOTAL_PARENT_EQUITY":1900696913.28,"DEBT_ASSET_RATIO":17.4481435461,"OPERATE_PROFIT":82098160.32,"PRETAX_PROFIT":81867973.44,"NETCASH_OPERATE":153492630.72,"NETCASH_INVEST":-26045828.16,"NETCASH_FINANCE":-66707609.76,"END_CASH":741163389.12,"DIVI_RATIO":0.430692233274,"DIVIDEND_RATE":8,"CURRENT_RATIO":5.004252602724,"COMMON_ACS":1000000000,"CURRENTDEBT_DEBT":72.662346521146,"ISSUED_COMMON_SHARES":631677303,"HK_COMMON_SHARES":631677303,"PER_SHARES":2000,"TOTAL_MARKET_CAP":789596628.75,"HKSK_MARKET_CAP":789596628.75,"PE_TTM":-12.177616112739,"PB_TTM":0.463411481779,"REPORT_DATE_SQ":"2019-06-30 00:00:00","REPORT_TYPE_SQ":"2019年中报","OPERATE_INCOME_SQ":986290625.88,"DPS_HKD":0.1,"OPERATE_INCOME_QOQ_SQ":-7.329278564154,"NET_PROFIT_RATIO_SQ":6.2564996281,"HOLDER_PROFIT_SQ":61707269.34,"HOLDER_PROFIT_QOQ_SQ":-28.594584786752,"ROE_AVG_SQ":3.243609904919,"PE_TTM_SQ":-15.268135234827,"PB_TTM_SQ":0.468453933236,"ROA_SQ":2.677700297891,"START_DATE":"2020-01-01 00:00:00","FISCAL_YEAR":"12-31","CURRENCY":"HKD","IS_CNY_CODE":0,"DPS_HKD_LY":0.21,"ORG_TYPE":"一般企业","PREMIUM_INCOME":null,"PREMIUM_INCOME_YOY":null,"NET_INTEREST_INCOME":null,"NET_INTEREST_INCOME_YOY":null,"FEE_COMMISSION_INCOME":null,"FEE_COMMISSION_INCOME_YOY":null,"ACCOUNTS_RECE_TDAYS":3.177433915962,"INVENTORY_TDAYS":0.695205342854,"CURRENT_ASSETS_TDAYS":0.598251444738,"TOTAL_ASSETS_TDAYS":0.375385623477,"PREMIUM_EXPENSE":null,"LOAN_DEPOSIT":null,"LOAN_EQUITY":null,"LOAN_ASSETS":null,"DEPOSIT_EQUITY":null,"DEPOSIT_ASSETS":null,"EQUITY_MULTIPLIER":1.21135979608,"EQUITY_RATIO":0.21135979608}],"count":47},"success":true,"message":"ok","code":0}