{"version":"2f09b87c0de7b51bfea31e6c1c4f73cb","result":{"pages":6,"data":[{"SECUCODE":"00256.HK","SECURITY_CODE":"00256","SECURITY_NAME_ABBR":"冠城钟表珠宝","ORG_CODE":"10056233","STD_REPORT_DATE":"2024-06-30 00:00:00","REPORT_DATE":"2024-06-30 00:00:00","DATE_TYPE_CODE":"002","REPORT_TYPE":"2024年中报","PER_NETCASH_OPERATE":-0.143518002953,"PER_OI":0.148967169687,"BPS":0.803393576062,"BASIC_EPS":0.001460288,"DILUTED_EPS":0.001460288,"OPERATE_INCOME":648288468.84,"OPERATE_INCOME_YOY":-12.3334452338,"GROSS_PROFIT":422175649.56,"GROSS_PROFIT_YOY":-16.984942960694,"HOLDER_PROFIT":6410664.32,"HOLDER_PROFIT_YOY":-64.7407258672,"GROSS_PROFIT_RATIO":65.121573165633,"EPS_TTM":0.006644109722,"OPERATE_INCOME_QOQ":-6.688426532165,"NET_PROFIT_RATIO":0.5220233897,"ROE_AVG":0.175655265538,"GROSS_PROFIT_QOQ":-8.548094245787,"ROA":0.041224709589,"HOLDER_PROFIT_QOQ":-29.253600577942,"ROE_YEARLY":0.351310531076,"ROIC_YEARLY":0.098332976753,"TOTAL_ASSETS":16013558365.92,"TOTAL_LIABILITIES":12337091663.12,"TAX_EBT":71.892055791389,"OCF_SALES":-96.342035130992,"TOTAL_PARENT_EQUITY":3496279028.44,"DEBT_ASSET_RATIO":77.0415380592,"OPERATE_PROFIT":6878869.16,"PRETAX_PROFIT":12040074.56,"NETCASH_OPERATE":-624574304.4,"NETCASH_INVEST":-1172049053.12,"NETCASH_FINANCE":-62299536.8,"END_CASH":1195582506.92,"DIVI_RATIO":null,"DIVIDEND_RATE":null,"CURRENT_RATIO":1.210306076094,"COMMON_ACS":6000000000,"CURRENTDEBT_DEBT":87.920969320065,"ISSUED_COMMON_SHARES":4351888206,"HK_COMMON_SHARES":4351888206,"PER_SHARES":2000,"TOTAL_MARKET_CAP":2393538513.3,"HKSK_MARKET_CAP":2393538513.3,"PE_TTM":74.326569366208,"PB_TTM":0.624817044792,"REPORT_DATE_SQ":"2023-06-30 00:00:00","REPORT_TYPE_SQ":"2023年中报","OPERATE_INCOME_SQ":747028763.12,"DPS_HKD":null,"OPERATE_INCOME_QOQ_SQ":0.938242532587,"NET_PROFIT_RATIO_SQ":3.2381603566,"HOLDER_PROFIT_SQ":18366763.58,"HOLDER_PROFIT_QOQ_SQ":63.425368791896,"ROE_AVG_SQ":0.496402941339,"PE_TTM_SQ":-123.747205365816,"PB_TTM_SQ":1.203638453837,"ROA_SQ":0.124604960492,"START_DATE":"2024-01-01 00:00:00","FISCAL_YEAR":"12-31","CURRENCY":"HKD","IS_CNY_CODE":0,"DPS_HKD_LY":null,"ORG_TYPE":"一般企业","PREMIUM_INCOME":null,"PREMIUM_INCOME_YOY":null,"NET_INTEREST_INCOME":null,"NET_INTEREST_INCOME_YOY":null,"FEE_COMMISSION_INCOME":null,"FEE_COMMISSION_INCOME_YOY":null,"ACCOUNTS_RECE_TDAYS":0.104332142929,"INVENTORY_TDAYS":0.142888040294,"CURRENT_ASSETS_TDAYS":0.051240300238,"TOTAL_ASSETS_TDAYS":0.041689133175,"PREMIUM_EXPENSE":null,"LOAN_DEPOSIT":null,"LOAN_EQUITY":null,"LOAN_ASSETS":null,"DEPOSIT_EQUITY":null,"DEPOSIT_ASSETS":null,"EQUITY_MULTIPLIER":4.355692478784,"EQUITY_RATIO":3.528634746474},{"SECUCODE":"00256.HK","SECURITY_CODE":"00256","SECURITY_NAME_ABBR":"冠城钟表珠宝","ORG_CODE":"10056233","STD_REPORT_DATE":"2023-12-31 00:00:00","REPORT_DATE":"2023-12-31 00:00:00","DATE_TYPE_CODE":"001","REPORT_TYPE":"2023年年报","PER_NETCASH_OPERATE":-0.037956225592,"PER_OI":0.339228807612,"BPS":0.867657139904,"BASIC_EPS":0.009424688,"DILUTED_EPS":0.009424688,"OPERATE_INCOME":1476285846.98,"OPERATE_INCOME_YOY":1.3482121305,"GROSS_PROFIT":1010487860.76,"GROSS_PROFIT_YOY":12.822112995826,"HOLDER_PROFIT":40870522,"HOLDER_PROFIT_YOY":140.6119710764,"GROSS_PROFIT_RATIO":68.447981319277,"EPS_TTM":0.009391445751,"OPERATE_INCOME_QOQ":1.86177669305,"NET_PROFIT_RATIO":3.8831619972,"ROE_AVG":1.102755139579,"GROSS_PROFIT_QOQ":5.030030050171,"ROA":0.275940139834,"HOLDER_PROFIT_QOQ":212.64839452801,"ROE_YEARLY":1.102755139579,"ROIC_YEARLY":0.371996530122,"TOTAL_ASSETS":14980728257.32,"TOTAL_LIABILITIES":11024811528.64,"TAX_EBT":24.510131506719,"OCF_SALES":-11.188974739405,"TOTAL_PARENT_EQUITY":3775946874,"DEBT_ASSET_RATIO":73.5932949271,"OPERATE_PROFIT":63390995.22,"PRETAX_PROFIT":75939423.56,"NETCASH_OPERATE":-165181250.5,"NETCASH_INVEST":-178997480.62,"NETCASH_FINANCE":-318471988.38,"END_CASH":3360171325.56,"DIVI_RATIO":null,"DIVIDEND_RATE":null,"CURRENT_RATIO":1.259911385872,"COMMON_ACS":6000000000,"CURRENTDEBT_DEBT":87.036459518358,"ISSUED_COMMON_SHARES":4351888206,"HK_COMMON_SHARES":4351888206,"PER_SHARES":2000,"TOTAL_MARKET_CAP":3350953918.62,"HKSK_MARKET_CAP":3350953918.62,"PE_TTM":104.057197112691,"PB_TTM":0.874743862709,"REPORT_DATE_SQ":"2022-12-31 00:00:00","REPORT_TYPE_SQ":"2022年年报","OPERATE_INCOME_SQ":1435831478.76,"DPS_HKD":null,"OPERATE_INCOME_QOQ_SQ":-3.301207321469,"NET_PROFIT_RATIO_SQ":-7.4305021563,"HOLDER_PROFIT_SQ":-99198526.77,"HOLDER_PROFIT_QOQ_SQ":4.851166829839,"ROE_AVG_SQ":-2.652297972784,"PE_TTM_SQ":-124.862045053797,"PB_TTM_SQ":1.214482043511,"ROA_SQ":-0.61490608633,"START_DATE":"2023-01-01 00:00:00","FISCAL_YEAR":"12-31","CURRENCY":"HKD","IS_CNY_CODE":0,"DPS_HKD_LY":null,"ORG_TYPE":"一般企业","PREMIUM_INCOME":null,"PREMIUM_INCOME_YOY":null,"NET_INTEREST_INCOME":null,"NET_INTEREST_INCOME_YOY":null,"FEE_COMMISSION_INCOME":null,"FEE_COMMISSION_INCOME_YOY":null,"ACCOUNTS_RECE_TDAYS":0.310625623874,"INVENTORY_TDAYS":0.274733004403,"CURRENT_ASSETS_TDAYS":0.123108368432,"TOTAL_ASSETS_TDAYS":0.099672454159,"PREMIUM_EXPENSE":null,"LOAN_DEPOSIT":null,"LOAN_EQUITY":null,"LOAN_ASSETS":null,"DEPOSIT_EQUITY":null,"DEPOSIT_ASSETS":null,"EQUITY_MULTIPLIER":3.786916986573,"EQUITY_RATIO":2.91974752202},{"SECUCODE":"00256.HK","SECURITY_CODE":"00256","SECURITY_NAME_ABBR":"冠城钟表珠宝","ORG_CODE":"10056233","STD_REPORT_DATE":"2023-06-30 00:00:00","REPORT_DATE":"2023-06-30 00:00:00","DATE_TYPE_CODE":"002","REPORT_TYPE":"2023年中报","PER_NETCASH_OPERATE":-0.624341616697,"PER_OI":0.17165623926,"BPS":0.850253493263,"BASIC_EPS":0.004241108,"DILUTED_EPS":0.004241108,"OPERATE_INCOME":747028763.12,"OPERATE_INCOME_YOY":-5.5407562158,"GROSS_PROFIT":508553104.24,"GROSS_PROFIT_YOY":15.029712506149,"HOLDER_PROFIT":18366763.58,"HOLDER_PROFIT_YOY":138.240488348,"GROSS_PROFIT_RATIO":68.076776872152,"EPS_TTM":-0.008336954814,"OPERATE_INCOME_QOQ":0.938242532587,"NET_PROFIT_RATIO":3.2381603566,"ROE_AVG":0.496402941339,"GROSS_PROFIT_QOQ":7.418909565134,"ROA":0.124604960492,"HOLDER_PROFIT_QOQ":63.425368791896,"ROE_YEARLY":0.992805882678,"ROIC_YEARLY":0.299462621609,"TOTAL_ASSETS":14583332905.86,"TOTAL_LIABILITIES":10717795302.82,"TAX_EBT":29.79315512028,"OCF_SALES":-363.716238565173,"TOTAL_PARENT_EQUITY":3700208149.44,"DEBT_ASSET_RATIO":73.4934556593,"OPERATE_PROFIT":32642701.9,"PRETAX_PROFIT":34455314.58,"NETCASH_OPERATE":-2717064918.22,"NETCASH_INVEST":-497872887.92,"NETCASH_FINANCE":-141702794.12,"END_CASH":607168085.04,"DIVI_RATIO":null,"DIVIDEND_RATE":null,"CURRENT_RATIO":1.273642713305,"COMMON_ACS":6000000000,"CURRENTDEBT_DEBT":85.197671624848,"ISSUED_COMMON_SHARES":4351888206,"HK_COMMON_SHARES":4351888206,"PER_SHARES":2000,"TOTAL_MARKET_CAP":3350953918.62,"HKSK_MARKET_CAP":3350953918.62,"PE_TTM":104.057197112691,"PB_TTM":0.874743862709,"REPORT_DATE_SQ":"2022-06-30 00:00:00","REPORT_TYPE_SQ":"2022年中报","OPERATE_INCOME_SQ":733557181.49,"DPS_HKD":null,"OPERATE_INCOME_QOQ_SQ":-5.954721490715,"NET_PROFIT_RATIO_SQ":-6.3711643317,"HOLDER_PROFIT_SQ":-44550267.86,"HOLDER_PROFIT_QOQ_SQ":-26.368717556615,"ROE_AVG_SQ":-1.227273969466,"PE_TTM_SQ":-124.862045053797,"PB_TTM_SQ":1.214482043511,"ROA_SQ":-0.282328921486,"START_DATE":"2023-01-01 00:00:00","FISCAL_YEAR":"12-31","CURRENCY":"HKD","IS_CNY_CODE":0,"DPS_HKD_LY":null,"ORG_TYPE":"一般企业","PREMIUM_INCOME":null,"PREMIUM_INCOME_YOY":null,"NET_INTEREST_INCOME":null,"NET_INTEREST_INCOME_YOY":null,"FEE_COMMISSION_INCOME":null,"FEE_COMMISSION_INCOME_YOY":null,"ACCOUNTS_RECE_TDAYS":0.12957584845,"INVENTORY_TDAYS":0.138759854189,"CURRENT_ASSETS_TDAYS":0.062958636472,"TOTAL_ASSETS_TDAYS":0.050680398378,"PREMIUM_EXPENSE":null,"LOAN_DEPOSIT":null,"LOAN_EQUITY":null,"LOAN_ASSETS":null,"DEPOSIT_EQUITY":null,"DEPOSIT_ASSETS":null,"EQUITY_MULTIPLIER":3.772653225357,"EQUITY_RATIO":2.896538483772},{"SECUCODE":"00256.HK","SECURITY_CODE":"00256","SECURITY_NAME_ABBR":"冠城钟表珠宝","ORG_CODE":"10056233","STD_REPORT_DATE":"2022-12-31 00:00:00","REPORT_DATE":"2022-12-31 00:00:00","DATE_TYPE_CODE":"001","REPORT_TYPE":"2022年年报","PER_NETCASH_OPERATE":-0.402076451104,"PER_OI":0.329932987888,"BPS":0.823671312045,"BASIC_EPS":-0.022778385,"DILUTED_EPS":-0.022778385,"OPERATE_INCOME":1435831478.76,"OPERATE_INCOME_YOY":-16.7630452918,"GROSS_PROFIT":895646991.47,"GROSS_PROFIT_YOY":-7.624441947236,"HOLDER_PROFIT":-99198526.77,"HOLDER_PROFIT_YOY":-10.0528209143,"GROSS_PROFIT_RATIO":62.378280788459,"EPS_TTM":-0.02279436467,"OPERATE_INCOME_QOQ":-3.301207321469,"NET_PROFIT_RATIO":-7.4305021563,"ROE_AVG":-2.652297972784,"GROSS_PROFIT_QOQ":0.945873615083,"ROA":-0.61490608633,"HOLDER_PROFIT_QOQ":4.851166829839,"ROE_YEARLY":-2.652297972784,"ROIC_YEARLY":-0.893964849747,"TOTAL_ASSETS":14432780454.61,"TOTAL_LIABILITIES":10699929289.14,"TAX_EBT":-8.303409503083,"OCF_SALES":-121.866095802631,"TOTAL_PARENT_EQUITY":3584525468.51,"DEBT_ASSET_RATIO":74.1362991198,"OPERATE_PROFIT":-113438143.84,"PRETAX_PROFIT":-98509815.6,"NETCASH_OPERATE":-1749791765.47,"NETCASH_INVEST":213860450.51,"NETCASH_FINANCE":-256040659.91,"END_CASH":3807782226.15,"DIVI_RATIO":null,"DIVIDEND_RATE":null,"CURRENT_RATIO":1.265312070147,"COMMON_ACS":6000000000,"CURRENTDEBT_DEBT":86.595435009503,"ISSUED_COMMON_SHARES":4351888206,"HK_COMMON_SHARES":4351888206,"PER_SHARES":2000,"TOTAL_MARKET_CAP":3350953918.62,"HKSK_MARKET_CAP":3350953918.62,"PE_TTM":104.057197112691,"PB_TTM":0.874743862709,"REPORT_DATE_SQ":"2021-12-31 00:00:00","REPORT_TYPE_SQ":"2021年年报","OPERATE_INCOME_SQ":1578866542.4,"DPS_HKD":null,"OPERATE_INCOME_QOQ_SQ":-0.943394261735,"NET_PROFIT_RATIO_SQ":-5.4567891133,"HOLDER_PROFIT_SQ":-82501563.2,"HOLDER_PROFIT_QOQ_SQ":-12.84247136209,"ROE_AVG_SQ":-2.29861413889,"PE_TTM_SQ":-124.862045053797,"PB_TTM_SQ":1.214482043511,"ROA_SQ":-0.488091041964,"START_DATE":"2022-01-01 00:00:00","FISCAL_YEAR":"12-31","CURRENCY":"HKD","IS_CNY_CODE":0,"DPS_HKD_LY":null,"ORG_TYPE":"一般企业","PREMIUM_INCOME":null,"PREMIUM_INCOME_YOY":null,"NET_INTEREST_INCOME":null,"NET_INTEREST_INCOME_YOY":null,"FEE_COMMISSION_INCOME":null,"FEE_COMMISSION_INCOME_YOY":null,"ACCOUNTS_RECE_TDAYS":0.308336661491,"INVENTORY_TDAYS":0.292902457713,"CURRENT_ASSETS_TDAYS":0.107844454448,"TOTAL_ASSETS_TDAYS":0.089003490675,"PREMIUM_EXPENSE":null,"LOAN_DEPOSIT":null,"LOAN_EQUITY":null,"LOAN_ASSETS":null,"DEPOSIT_EQUITY":null,"DEPOSIT_ASSETS":null,"EQUITY_MULTIPLIER":3.866422692684,"EQUITY_RATIO":2.98503369083},{"SECUCODE":"00256.HK","SECURITY_CODE":"00256","SECURITY_NAME_ABBR":"冠城钟表珠宝","ORG_CODE":"10056233","STD_REPORT_DATE":"2022-06-30 00:00:00","REPORT_DATE":"2022-06-30 00:00:00","DATE_TYPE_CODE":"002","REPORT_TYPE":"2022年中报","PER_NETCASH_OPERATE":-0.564216860342,"PER_OI":0.168560667638,"BPS":0.811243029594,"BASIC_EPS":-0.01026228,"DILUTED_EPS":-0.01026228,"OPERATE_INCOME":733557181.49,"OPERATE_INCOME_YOY":-13.7558881342,"GROSS_PROFIT":442105863.92,"GROSS_PROFIT_YOY":-15.696638466104,"HOLDER_PROFIT":-44550267.86,"HOLDER_PROFIT_YOY":-90.151846985,"GROSS_PROFIT_RATIO":60.268766372377,"EPS_TTM":-0.023956536208,"OPERATE_INCOME_QOQ":-5.954721490715,"NET_PROFIT_RATIO":-6.3711643317,"ROE_AVG":-1.227273969466,"GROSS_PROFIT_QOQ":-8.490010790335,"ROA":-0.282328921486,"HOLDER_PROFIT_QOQ":-26.368717556615,"ROE_YEARLY":-2.454547938932,"ROIC_YEARLY":-0.790731918823,"TOTAL_ASSETS":14487463356.03,"TOTAL_LIABILITIES":10767971805.99,"TAX_EBT":-6.339508094645,"OCF_SALES":-334.726284754323,"TOTAL_PARENT_EQUITY":3530438972.69,"DEBT_ASSET_RATIO":74.3261366146,"OPERATE_PROFIT":-19223816.01,"PRETAX_PROFIT":-43949924.48,"NETCASH_OPERATE":-2455408700.15,"NETCASH_INVEST":189816262.02,"NETCASH_FINANCE":-72908368.26,"END_CASH":2977288397.65,"DIVI_RATIO":null,"DIVIDEND_RATE":null,"CURRENT_RATIO":1.167288930542,"COMMON_ACS":6000000000,"CURRENTDEBT_DEBT":93.282928772922,"ISSUED_COMMON_SHARES":4351888206,"HK_COMMON_SHARES":4351888206,"PER_SHARES":2000,"TOTAL_MARKET_CAP":3350953918.62,"HKSK_MARKET_CAP":3350953918.62,"PE_TTM":104.057197112691,"PB_TTM":0.874743862709,"REPORT_DATE_SQ":"2021-06-30 00:00:00","REPORT_TYPE_SQ":"2021年中报","OPERATE_INCOME_SQ":827574286.8,"DPS_HKD":null,"OPERATE_INCOME_QOQ_SQ":6.720442119377,"NET_PROFIT_RATIO_SQ":-2.7670837586,"HOLDER_PROFIT_SQ":-22795663.68,"HOLDER_PROFIT_QOQ_SQ":48.669184099425,"ROE_AVG_SQ":-0.630391395604,"PE_TTM_SQ":-124.862045053797,"PB_TTM_SQ":1.214482043511,"ROA_SQ":-0.125765491154,"START_DATE":"2022-01-01 00:00:00","FISCAL_YEAR":"12-31","CURRENCY":"HKD","IS_CNY_CODE":0,"DPS_HKD_LY":null,"ORG_TYPE":"一般企业","PREMIUM_INCOME":null,"PREMIUM_INCOME_YOY":null,"NET_INTEREST_INCOME":null,"NET_INTEREST_INCOME_YOY":null,"FEE_COMMISSION_INCOME":null,"FEE_COMMISSION_INCOME_YOY":null,"ACCOUNTS_RECE_TDAYS":0.147270008809,"INVENTORY_TDAYS":0.161053853799,"CURRENT_ASSETS_TDAYS":0.056441422377,"TOTAL_ASSETS_TDAYS":0.04648780307,"PREMIUM_EXPENSE":null,"LOAN_DEPOSIT":null,"LOAN_EQUITY":null,"LOAN_ASSETS":null,"DEPOSIT_EQUITY":null,"DEPOSIT_ASSETS":null,"EQUITY_MULTIPLIER":3.895011767371,"EQUITY_RATIO":3.050037655172},{"SECUCODE":"00256.HK","SECURITY_CODE":"00256","SECURITY_NAME_ABBR":"冠城钟表珠宝","ORG_CODE":"10056233","STD_REPORT_DATE":"2021-12-31 00:00:00","REPORT_DATE":"2021-12-31 00:00:00","DATE_TYPE_CODE":"001","REPORT_TYPE":"2021年年报","PER_NETCASH_OPERATE":0.374851800501,"PER_OI":0.362800344968,"BPS":0.819336842312,"BASIC_EPS":-0.01896832,"DILUTED_EPS":-0.01896832,"OPERATE_INCOME":1578866542.4,"OPERATE_INCOME_YOY":8.8219598332,"GROSS_PROFIT":969571400,"GROSS_PROFIT_YOY":2.205443039371,"HOLDER_PROFIT":-82501563.2,"HOLDER_PROFIT_YOY":40.3739223438,"GROSS_PROFIT_RATIO":61.409332198919,"EPS_TTM":-0.018957647645,"OPERATE_INCOME_QOQ":-0.943394261735,"NET_PROFIT_RATIO":-5.4567891133,"ROE_AVG":-2.29861413889,"GROSS_PROFIT_QOQ":-4.078044684757,"ROA":-0.488091041964,"HOLDER_PROFIT_QOQ":-12.84247136209,"ROE_YEARLY":-2.29861413889,"ROIC_YEARLY":-0.705075204086,"TOTAL_ASSETS":16321273774.4,"TOTAL_LIABILITIES":12541067470.4,"TAX_EBT":-41.878500646273,"OCF_SALES":103.321787231002,"TOTAL_PARENT_EQUITY":3565662340.8,"DEBT_ASSET_RATIO":76.8387789075,"OPERATE_PROFIT":-60921011.2,"PRETAX_PROFIT":-60724787.2,"NETCASH_OPERATE":1631313129.6,"NETCASH_INVEST":-474234163.2,"NETCASH_FINANCE":-361468318.4,"END_CASH":5192842502.4,"DIVI_RATIO":null,"DIVIDEND_RATE":null,"CURRENT_RATIO":1.153956612216,"COMMON_ACS":6000000000,"CURRENTDEBT_DEBT":87.147906962432,"ISSUED_COMMON_SHARES":4351888206,"HK_COMMON_SHARES":4351888206,"PER_SHARES":2000,"TOTAL_MARKET_CAP":3350953918.62,"HKSK_MARKET_CAP":3350953918.62,"PE_TTM":104.057197112691,"PB_TTM":0.874743862709,"REPORT_DATE_SQ":"2020-12-31 00:00:00","REPORT_TYPE_SQ":"2020年年报","OPERATE_INCOME_SQ":1493531420.36,"DPS_HKD":null,"OPERATE_INCOME_QOQ_SQ":-21.772556398901,"NET_PROFIT_RATIO_SQ":-8.9503868307,"HOLDER_PROFIT_SQ":-142433262.12,"HOLDER_PROFIT_QOQ_SQ":-9.205348838072,"ROE_AVG_SQ":-3.902187185221,"PE_TTM_SQ":-124.862045053797,"PB_TTM_SQ":1.214482043511,"ROA_SQ":-0.825883852815,"START_DATE":"2021-01-01 00:00:00","FISCAL_YEAR":"12-31","CURRENCY":"HKD","IS_CNY_CODE":0,"DPS_HKD_LY":null,"ORG_TYPE":"一般企业","PREMIUM_INCOME":null,"PREMIUM_INCOME_YOY":null,"NET_INTEREST_INCOME":null,"NET_INTEREST_INCOME_YOY":null,"FEE_COMMISSION_INCOME":null,"FEE_COMMISSION_INCOME_YOY":null,"ACCOUNTS_RECE_TDAYS":0.279821404559,"INVENTORY_TDAYS":0.335019917578,"CURRENT_ASSETS_TDAYS":0.110643848006,"TOTAL_ASSETS_TDAYS":0.093408001729,"PREMIUM_EXPENSE":null,"LOAN_DEPOSIT":null,"LOAN_EQUITY":null,"LOAN_ASSETS":null,"DEPOSIT_EQUITY":null,"DEPOSIT_ASSETS":null,"EQUITY_MULTIPLIER":4.317561651893,"EQUITY_RATIO":3.517177531619},{"SECUCODE":"00256.HK","SECURITY_CODE":"00256","SECURITY_NAME_ABBR":"冠城钟表珠宝","ORG_CODE":"10056233","STD_REPORT_DATE":"2021-06-30 00:00:00","REPORT_DATE":"2021-06-30 00:00:00","DATE_TYPE_CODE":"002","REPORT_TYPE":"2021年中报","PER_NETCASH_OPERATE":0.574360842081,"PER_OI":0.190164417748,"BPS":0.817008830378,"BASIC_EPS":-0.005242104,"DILUTED_EPS":-0.005242104,"OPERATE_INCOME":827574286.8,"OPERATE_INCOME_YOY":24.9299723406,"GROSS_PROFIT":524422580.4,"GROSS_PROFIT_YOY":13.442601114027,"HOLDER_PROFIT":-22795663.68,"HOLDER_PROFIT_YOY":72.8338258334,"GROSS_PROFIT_RATIO":63.368641192055,"EPS_TTM":-0.016800099658,"OPERATE_INCOME_QOQ":6.720442119377,"NET_PROFIT_RATIO":-2.7670837586,"ROE_AVG":-0.630391395604,"GROSS_PROFIT_QOQ":6.550625144658,"ROA":-0.125765491154,"HOLDER_PROFIT_QOQ":48.669184099425,"ROE_YEARLY":-1.260782791208,"ROIC_YEARLY":-0.364559654427,"TOTAL_ASSETS":18456869888.4,"TOTAL_LIABILITIES":14685061233.36,"TAX_EBT":-341.749598715891,"OCF_SALES":302.033813097925,"TOTAL_PARENT_EQUITY":3555531093.12,"DEBT_ASSET_RATIO":79.5642019592,"OPERATE_PROFIT":27272254.08,"PRETAX_PROFIT":-5183858.4,"NETCASH_OPERATE":2499554174.64,"NETCASH_INVEST":-589239948.24,"NETCASH_FINANCE":-154789346.16,"END_CASH":6104710518.96,"DIVI_RATIO":null,"DIVIDEND_RATE":null,"CURRENT_RATIO":1.038992288764,"COMMON_ACS":6000000000,"CURRENTDEBT_DEBT":91.285606118598,"ISSUED_COMMON_SHARES":4351888206,"HK_COMMON_SHARES":4351888206,"PER_SHARES":2000,"TOTAL_MARKET_CAP":3350953918.62,"HKSK_MARKET_CAP":3350953918.62,"PE_TTM":104.057197112691,"PB_TTM":0.874743862709,"REPORT_DATE_SQ":"2020-06-30 00:00:00","REPORT_TYPE_SQ":"2020年中报","OPERATE_INCOME_SQ":727202372.16,"DPS_HKD":null,"OPERATE_INCOME_QOQ_SQ":-21.533961680596,"NET_PROFIT_RATIO_SQ":-11.6157987424,"HOLDER_PROFIT_SQ":-92116770.24,"HOLDER_PROFIT_QOQ_SQ":-429.072911534619,"ROE_AVG_SQ":-2.417051808451,"PE_TTM_SQ":-124.862045053797,"PB_TTM_SQ":1.214482043511,"ROA_SQ":-0.531888368,"START_DATE":"2021-01-01 00:00:00","FISCAL_YEAR":"12-31","CURRENCY":"HKD","IS_CNY_CODE":0,"DPS_HKD_LY":null,"ORG_TYPE":"一般企业","PREMIUM_INCOME":null,"PREMIUM_INCOME_YOY":null,"NET_INTEREST_INCOME":null,"NET_INTEREST_INCOME_YOY":null,"FEE_COMMISSION_INCOME":null,"FEE_COMMISSION_INCOME_YOY":null,"ACCOUNTS_RECE_TDAYS":0.134394715368,"INVENTORY_TDAYS":0.278735061685,"CURRENT_ASSETS_TDAYS":0.056897184305,"TOTAL_ASSETS_TDAYS":0.045657932187,"PREMIUM_EXPENSE":null,"LOAN_DEPOSIT":null,"LOAN_EQUITY":null,"LOAN_ASSETS":null,"DEPOSIT_EQUITY":null,"DEPOSIT_ASSETS":null,"EQUITY_MULTIPLIER":4.893373862883,"EQUITY_RATIO":4.130201887919},{"SECUCODE":"00256.HK","SECURITY_CODE":"00256","SECURITY_NAME_ABBR":"冠城钟表珠宝","ORG_CODE":"10056233","STD_REPORT_DATE":"2020-12-31 00:00:00","REPORT_DATE":"2020-12-31 00:00:00","DATE_TYPE_CODE":"001","REPORT_TYPE":"2020年年报","PER_NETCASH_OPERATE":0.253273232598,"PER_OI":0.343191587114,"BPS":0.854557106599,"BASIC_EPS":-0.032739796,"DILUTED_EPS":-0.032739796,"OPERATE_INCOME":1493531420.36,"OPERATE_INCOME_YOY":-34.6695186221,"GROSS_PROFIT":948649476.16,"GROSS_PROFIT_YOY":-38.149809842005,"HOLDER_PROFIT":-142433262.12,"HOLDER_PROFIT_YOY":-482.4820322741,"GROSS_PROFIT_RATIO":63.517209161314,"EPS_TTM":-0.032729071929,"OPERATE_INCOME_QOQ":-21.772556398901,"NET_PROFIT_RATIO":-8.9503868307,"ROE_AVG":-3.902187185221,"GROSS_PROFIT_QOQ":-19.9009608592,"ROA":-0.825883852815,"HOLDER_PROFIT_QOQ":-9.205348838072,"ROE_YEARLY":-3.902187185221,"ROIC_YEARLY":-1.137738318775,"TOTAL_ASSETS":17998635519.8,"TOTAL_LIABILITIES":14012437427.52,"TAX_EBT":-18.836838679267,"OCF_SALES":73.799370995109,"TOTAL_PARENT_EQUITY":3718936993.56,"DEBT_ASSET_RATIO":77.8527761846,"OPERATE_PROFIT":-114748355.96,"PRETAX_PROFIT":-112487710.92,"NETCASH_OPERATE":1102216793.84,"NETCASH_INVEST":-186594954.56,"NETCASH_FINANCE":-269399705.96,"END_CASH":4584913855.8,"DIVI_RATIO":null,"DIVIDEND_RATE":null,"CURRENT_RATIO":1.140616652267,"COMMON_ACS":6000000000,"CURRENTDEBT_DEBT":95.955010544798,"ISSUED_COMMON_SHARES":4351888206,"HK_COMMON_SHARES":4351888206,"PER_SHARES":2000,"TOTAL_MARKET_CAP":3350953918.62,"HKSK_MARKET_CAP":3350953918.62,"PE_TTM":104.057197112691,"PB_TTM":0.874743862709,"REPORT_DATE_SQ":"2019-12-31 00:00:00","REPORT_TYPE_SQ":"2019年年报","OPERATE_INCOME_SQ":2433175861.7,"DPS_HKD":null,"OPERATE_INCOME_QOQ_SQ":-5.667667747267,"NET_PROFIT_RATIO_SQ":2.6205469643,"HOLDER_PROFIT_SQ":39634681.88,"HOLDER_PROFIT_QOQ_SQ":-65.081128996692,"ROE_AVG_SQ":1.017750365934,"PE_TTM_SQ":-124.862045053797,"PB_TTM_SQ":1.214482043511,"ROA_SQ":0.22203314941,"START_DATE":"2020-01-01 00:00:00","FISCAL_YEAR":"12-31","CURRENCY":"HKD","IS_CNY_CODE":0,"DPS_HKD_LY":null,"ORG_TYPE":"一般企业","PREMIUM_INCOME":null,"PREMIUM_INCOME_YOY":null,"NET_INTEREST_INCOME":null,"NET_INTEREST_INCOME_YOY":null,"FEE_COMMISSION_INCOME":null,"FEE_COMMISSION_INCOME_YOY":null,"ACCOUNTS_RECE_TDAYS":0.224712614495,"INVENTORY_TDAYS":0.286873723142,"CURRENT_ASSETS_TDAYS":0.101907767546,"TOTAL_ASSETS_TDAYS":0.086600802747,"PREMIUM_EXPENSE":null,"LOAN_DEPOSIT":null,"LOAN_EQUITY":null,"LOAN_ASSETS":null,"DEPOSIT_EQUITY":null,"DEPOSIT_ASSETS":null,"EQUITY_MULTIPLIER":4.515238606586,"EQUITY_RATIO":3.767860937624},{"SECUCODE":"00256.HK","SECURITY_CODE":"00256","SECURITY_NAME_ABBR":"冠城钟表珠宝","ORG_CODE":"10056233","STD_REPORT_DATE":"2020-06-30 00:00:00","REPORT_DATE":"2020-06-30 00:00:00","DATE_TYPE_CODE":"002","REPORT_TYPE":"2020年中报","PER_NETCASH_OPERATE":-0.497613210572,"PER_OI":0.167100425778,"BPS":0.858360544604,"BASIC_EPS":-0.021191808,"DILUTED_EPS":-0.021191808,"OPERATE_INCOME":727202372.16,"OPERATE_INCOME_YOY":-44.0272399256,"GROSS_PROFIT":462280109.28,"GROSS_PROFIT_YOY":-43.049337715181,"HOLDER_PROFIT":-92116770.24,"HOLDER_PROFIT_YOY":-213.8113940051,"GROSS_PROFIT_RATIO":63.569664646018,"EPS_TTM":-0.029970209589,"OPERATE_INCOME_QOQ":-21.533961680596,"NET_PROFIT_RATIO":-11.6157987424,"ROE_AVG":-2.417051808451,"GROSS_PROFIT_QOQ":-22.782856297099,"ROA":-0.531888368,"HOLDER_PROFIT_QOQ":-429.072911534619,"ROE_YEARLY":-4.834103616901,"ROIC_YEARLY":-1.351004349475,"TOTAL_ASSETS":16736875256.64,"TOTAL_LIABILITIES":12694658454.72,"TAX_EBT":-7.41166631821,"OCF_SALES":-297.792904031332,"TOTAL_PARENT_EQUITY":3735489130.56,"DEBT_ASSET_RATIO":75.8484380152,"OPERATE_PROFIT":-34573704,"PRETAX_PROFIT":-78641703.36,"NETCASH_OPERATE":-2165557062.24,"NETCASH_INVEST":46668563.04,"NETCASH_FINANCE":-21901550.88,"END_CASH":2115706074.24,"DIVI_RATIO":null,"DIVIDEND_RATE":null,"CURRENT_RATIO":1.148404125998,"COMMON_ACS":6000000000,"CURRENTDEBT_DEBT":95.624083747181,"ISSUED_COMMON_SHARES":4351888206,"HK_COMMON_SHARES":4351888206,"PER_SHARES":2000,"TOTAL_MARKET_CAP":3350953918.62,"HKSK_MARKET_CAP":3350953918.62,"PE_TTM":104.057197112691,"PB_TTM":0.874743862709,"REPORT_DATE_SQ":"2019-06-30 00:00:00","REPORT_TYPE_SQ":"2019年中报","OPERATE_INCOME_SQ":1251161529.84,"DPS_HKD":null,"OPERATE_INCOME_QOQ_SQ":0.202881018806,"NET_PROFIT_RATIO_SQ":7.7330481662,"HOLDER_PROFIT_SQ":77944913.28,"HOLDER_PROFIT_QOQ_SQ":-35.670103772893,"ROE_AVG_SQ":1.979552576615,"PE_TTM_SQ":-124.862045053797,"PB_TTM_SQ":1.214482043511,"ROA_SQ":0.441793777069,"START_DATE":"2020-01-01 00:00:00","FISCAL_YEAR":"12-31","CURRENCY":"HKD","IS_CNY_CODE":0,"DPS_HKD_LY":null,"ORG_TYPE":"一般企业","PREMIUM_INCOME":null,"PREMIUM_INCOME_YOY":null,"NET_INTEREST_INCOME":null,"NET_INTEREST_INCOME_YOY":null,"FEE_COMMISSION_INCOME":null,"FEE_COMMISSION_INCOME_YOY":null,"ACCOUNTS_RECE_TDAYS":0.097460614748,"INVENTORY_TDAYS":0.131596034156,"CURRENT_ASSETS_TDAYS":0.049965840121,"TOTAL_ASSETS_TDAYS":0.041989149416,"PREMIUM_EXPENSE":null,"LOAN_DEPOSIT":null,"LOAN_EQUITY":null,"LOAN_ASSETS":null,"DEPOSIT_EQUITY":null,"DEPOSIT_ASSETS":null,"EQUITY_MULTIPLIER":4.140518947095,"EQUITY_RATIO":3.398392556109}],"count":48},"success":true,"message":"ok","code":0}