{"version":"c86abff1504e24685e734d939badec78","result":{"pages":5,"data":[{"SECUCODE":"00254.HK","SECURITY_CODE":"00254","SECURITY_NAME_ABBR":"国家联合资源","ORG_CODE":"10007513","STD_REPORT_DATE":"2023-12-31 00:00:00","REPORT_DATE":"2024-06-30 00:00:00","DATE_TYPE_CODE":"001","REPORT_TYPE":"2023年年报","PER_NETCASH_OPERATE":-0.02323225252,"PER_OI":0.017626533204,"BPS":0.029795035717,"BASIC_EPS":-0.001916628,"DILUTED_EPS":-0.001916628,"OPERATE_INCOME":77338677.84,"OPERATE_INCOME_YOY":9.9436904793,"GROSS_PROFIT":5759923.48,"GROSS_PROFIT_YOY":170.425214952471,"HOLDER_PROFIT":-7875515.72,"HOLDER_PROFIT_YOY":-102.8736225494,"GROSS_PROFIT_RATIO":7.447662205858,"EPS_TTM":-0.00714815335,"OPERATE_INCOME_QOQ":-6.914898950549,"NET_PROFIT_RATIO":-12.0642450848,"ROE_AVG":-8.147676038052,"GROSS_PROFIT_QOQ":-5.963985739233,"ROA":-1.819782676318,"HOLDER_PROFIT_QOQ":-111.692576120791,"ROE_YEARLY":-8.147676038052,"ROIC_YEARLY":-2.153938319833,"TOTAL_ASSETS":430860712.44,"TOTAL_LIABILITIES":336627415.12,"TAX_EBT":-27.072715972654,"OCF_SALES":-131.802733130355,"TOTAL_PARENT_EQUITY":130729545.16,"DEBT_ASSET_RATIO":78.129057814,"OPERATE_PROFIT":-397015.8,"PRETAX_PROFIT":-7342510.6,"NETCASH_OPERATE":-101934491.16,"NETCASH_INVEST":-71134279.2,"NETCASH_FINANCE":84940389.56,"END_CASH":41762411.44,"DIVI_RATIO":null,"DIVIDEND_RATE":null,"CURRENT_RATIO":0.596076087821,"COMMON_ACS":null,"CURRENTDEBT_DEBT":98.903300671847,"ISSUED_COMMON_SHARES":4387628409,"HK_COMMON_SHARES":4387628409,"PER_SHARES":20000,"TOTAL_MARKET_CAP":136016480.679,"HKSK_MARKET_CAP":136016480.679,"PE_TTM":-15.762716500058,"PB_TTM":0.949590403869,"REPORT_DATE_SQ":"2022-12-31 00:00:00","REPORT_TYPE_SQ":"2022年年报","OPERATE_INCOME_SQ":68847891.98,"DPS_HKD":null,"OPERATE_INCOME_QOQ_SQ":-24.105036980464,"NET_PROFIT_RATIO_SQ":379.7545216286,"HOLDER_PROFIT_SQ":268233795.41,"HOLDER_PROFIT_QOQ_SQ":-18.083791115832,"ROE_AVG_SQ":-218.142523491786,"PE_TTM_SQ":1.329659638471,"PB_TTM_SQ":3.173552695024,"ROA_SQ":75.942954836295,"START_DATE":"2023-07-01 00:00:00","FISCAL_YEAR":"6-30","CURRENCY":"HKD","IS_CNY_CODE":0,"DPS_HKD_LY":null,"ORG_TYPE":"一般企业","PREMIUM_INCOME":null,"PREMIUM_INCOME_YOY":null,"NET_INTEREST_INCOME":null,"NET_INTEREST_INCOME_YOY":null,"FEE_COMMISSION_INCOME":null,"FEE_COMMISSION_INCOME_YOY":null,"ACCOUNTS_RECE_TDAYS":1.722107060115,"INVENTORY_TDAYS":null,"CURRENT_ASSETS_TDAYS":0.333942199129,"TOTAL_ASSETS_TDAYS":0.178705231691,"PREMIUM_EXPENSE":null,"LOAN_DEPOSIT":null,"LOAN_EQUITY":null,"LOAN_ASSETS":null,"DEPOSIT_EQUITY":null,"DEPOSIT_ASSETS":null,"EQUITY_MULTIPLIER":4.572276729075,"EQUITY_RATIO":2.574991098669},{"SECUCODE":"00254.HK","SECURITY_CODE":"00254","SECURITY_NAME_ABBR":"国家联合资源","ORG_CODE":"10007513","STD_REPORT_DATE":"2023-06-30 00:00:00","REPORT_DATE":"2023-12-31 00:00:00","DATE_TYPE_CODE":"002","REPORT_TYPE":"2023年中报","PER_NETCASH_OPERATE":-0.001088464873,"PER_OI":0.007033713711,"BPS":0.025985394895,"BASIC_EPS":-0.00543732,"DILUTED_EPS":-0.00543732,"OPERATE_INCOME":30861322.1,"OPERATE_INCOME_YOY":-18.2431459164,"GROSS_PROFIT":-6065330.46,"GROSS_PROFIT_YOY":-8.745441129396,"HOLDER_PROFIT":-20673596.86,"HOLDER_PROFIT_YOY":-106.9945485875,"GROSS_PROFIT_RATIO":-19.653501688445,"EPS_TTM":0.072738835278,"OPERATE_INCOME_QOQ":0,"NET_PROFIT_RATIO":-70.3597122302,"ROE_AVG":-23.471251241055,"GROSS_PROFIT_QOQ":0,"ROA":-4.51875900018,"HOLDER_PROFIT_QOQ":0,"ROE_YEARLY":-46.942502482111,"ROIC_YEARLY":-14.913552322132,"TOTAL_ASSETS":483404934.6,"TOTAL_LIABILITIES":406106181.04,"TAX_EBT":null,"OCF_SALES":-15.474966965203,"TOTAL_PARENT_EQUITY":114014256.86,"DEBT_ASSET_RATIO":84.0095232739,"OPERATE_PROFIT":-18164273.68,"PRETAX_PROFIT":-21713937.42,"NETCASH_OPERATE":-4775779.4,"NETCASH_INVEST":-33018125.7,"NETCASH_FINANCE":184671324.04,"END_CASH":269137371.58,"DIVI_RATIO":null,"DIVIDEND_RATE":null,"CURRENT_RATIO":0.756826512445,"COMMON_ACS":null,"CURRENTDEBT_DEBT":95.883578945489,"ISSUED_COMMON_SHARES":4387628409,"HK_COMMON_SHARES":4387628409,"PER_SHARES":20000,"TOTAL_MARKET_CAP":131628852.27,"HKSK_MARKET_CAP":131628852.27,"PE_TTM":-15.25424177425,"PB_TTM":0.918958455357,"REPORT_DATE_SQ":"2022-06-30 00:00:00","REPORT_TYPE_SQ":"2022年中报","OPERATE_INCOME_SQ":35622084.26,"DPS_HKD":null,"OPERATE_INCOME_QOQ_SQ":-22.309837896387,"NET_PROFIT_RATIO_SQ":764.6180438853,"HOLDER_PROFIT_SQ":278923639.26,"HOLDER_PROFIT_QOQ_SQ":631.427108569825,"ROE_AVG_SQ":-206.266008107612,"PE_TTM_SQ":1.227378127819,"PB_TTM_SQ":2.929433256945,"ROA_SQ":84.29668761889,"START_DATE":"2023-07-01 00:00:00","FISCAL_YEAR":"6-30","CURRENCY":"HKD","IS_CNY_CODE":0,"DPS_HKD_LY":null,"ORG_TYPE":"一般企业","PREMIUM_INCOME":null,"PREMIUM_INCOME_YOY":null,"NET_INTEREST_INCOME":null,"NET_INTEREST_INCOME_YOY":null,"FEE_COMMISSION_INCOME":null,"FEE_COMMISSION_INCOME_YOY":null,"ACCOUNTS_RECE_TDAYS":1.693015162814,"INVENTORY_TDAYS":null,"CURRENT_ASSETS_TDAYS":0.110701886694,"TOTAL_ASSETS_TDAYS":0.06745554629,"PREMIUM_EXPENSE":null,"LOAN_DEPOSIT":null,"LOAN_EQUITY":null,"LOAN_ASSETS":null,"DEPOSIT_EQUITY":null,"DEPOSIT_ASSETS":null,"EQUITY_MULTIPLIER":6.253722244364,"EQUITY_RATIO":3.561889470881},{"SECUCODE":"00254.HK","SECURITY_CODE":"00254","SECURITY_NAME_ABBR":"国家联合资源","ORG_CODE":"10007513","STD_REPORT_DATE":"2022-12-31 00:00:00","REPORT_DATE":"2022-12-31 00:00:00","DATE_TYPE_CODE":"001","REPORT_TYPE":"2022年年报","PER_NETCASH_OPERATE":-0.019021931038,"PER_OI":0.018669964634,"BPS":0.034984010194,"BASIC_EPS":0.098617008,"DILUTED_EPS":0.098617008,"OPERATE_INCOME":68847891.98,"OPERATE_INCOME_YOY":-46.0319016343,"GROSS_PROFIT":-8178780.12,"GROSS_PROFIT_YOY":-127.088930736747,"HOLDER_PROFIT":268233795.41,"HOLDER_PROFIT_YOY":448.4020016071,"GROSS_PROFIT_RATIO":-11.879492435841,"EPS_TTM":0.072738835278,"OPERATE_INCOME_QOQ":-24.105036980464,"NET_PROFIT_RATIO":379.7545216286,"ROE_AVG":-218.142523491786,"GROSS_PROFIT_QOQ":-201.278562111765,"ROA":75.942954836295,"HOLDER_PROFIT_QOQ":-18.083791115832,"ROE_YEARLY":-218.142523491786,"ROIC_YEARLY":89.553578618059,"TOTAL_ASSETS":318214943.14,"TOTAL_LIABILITIES":290879158.12,"TAX_EBT":-1.724533416745,"OCF_SALES":-101.885201235177,"TOTAL_PARENT_EQUITY":63227544.44,"DEBT_ASSET_RATIO":70.8414519434,"OPERATE_PROFIT":267087730,"PRETAX_PROFIT":257020577.1,"NETCASH_OPERATE":-70145813.29,"NETCASH_INVEST":1810658.29,"NETCASH_FINANCE":223179043.15,"END_CASH":155713039.86,"DIVI_RATIO":null,"DIVIDEND_RATE":null,"CURRENT_RATIO":0.861412131561,"COMMON_ACS":null,"CURRENTDEBT_DEBT":99.833277336495,"ISSUED_COMMON_SHARES":4387628409,"HK_COMMON_SHARES":4387628409,"PER_SHARES":20000,"TOTAL_MARKET_CAP":131628852.27,"HKSK_MARKET_CAP":131628852.27,"PE_TTM":-15.25424177425,"PB_TTM":0.918958455357,"REPORT_DATE_SQ":"2021-12-31 00:00:00","REPORT_TYPE_SQ":"2021年年报","OPERATE_INCOME_SQ":116764726.4,"DPS_HKD":null,"OPERATE_INCOME_QOQ_SQ":-1.466331957351,"NET_PROFIT_RATIO_SQ":41.0400941084,"HOLDER_PROFIT_SQ":44768505.6,"HOLDER_PROFIT_QOQ_SQ":23.570334318193,"ROE_AVG_SQ":-11.572296738238,"PE_TTM_SQ":1.227378127819,"PB_TTM_SQ":2.929433256945,"ROA_SQ":17.060415293804,"START_DATE":"2022-01-01 00:00:00","FISCAL_YEAR":"12-31","CURRENCY":"HKD","IS_CNY_CODE":0,"DPS_HKD_LY":null,"ORG_TYPE":"一般企业","PREMIUM_INCOME":null,"PREMIUM_INCOME_YOY":null,"NET_INTEREST_INCOME":null,"NET_INTEREST_INCOME_YOY":null,"FEE_COMMISSION_INCOME":null,"FEE_COMMISSION_INCOME_YOY":null,"ACCOUNTS_RECE_TDAYS":1.921685470299,"INVENTORY_TDAYS":null,"CURRENT_ASSETS_TDAYS":0.408684424719,"TOTAL_ASSETS_TDAYS":0.194923698679,"PREMIUM_EXPENSE":null,"LOAN_DEPOSIT":null,"LOAN_EQUITY":null,"LOAN_ASSETS":null,"DEPOSIT_EQUITY":null,"DEPOSIT_ASSETS":null,"EQUITY_MULTIPLIER":3.429526045189,"EQUITY_RATIO":4.600513284144},{"SECUCODE":"00254.HK","SECURITY_CODE":"00254","SECURITY_NAME_ABBR":"国家联合资源","ORG_CODE":"10007513","STD_REPORT_DATE":"2022-06-30 00:00:00","REPORT_DATE":"2022-06-30 00:00:00","DATE_TYPE_CODE":"002","REPORT_TYPE":"2022年中报","PER_NETCASH_OPERATE":-0.020016863199,"PER_OI":0.011574524122,"BPS":0.025513639845,"BASIC_EPS":0.128192981,"DILUTED_EPS":0.128192981,"OPERATE_INCOME":35622084.26,"OPERATE_INCOME_YOY":-43.8004263472,"GROSS_PROFIT":-5577549.18,"GROSS_PROFIT_YOY":-133.723099760382,"HOLDER_PROFIT":278923639.26,"HOLDER_PROFIT_YOY":7323.7873754153,"GROSS_PROFIT_RATIO":-15.657559898209,"EPS_TTM":0.106396530882,"OPERATE_INCOME_QOQ":-22.309837896387,"NET_PROFIT_RATIO":764.6180438853,"ROE_AVG":-206.266008107612,"GROSS_PROFIT_QOQ":-73.253045687149,"ROA":84.29668761889,"HOLDER_PROFIT_QOQ":631.427108569825,"ROE_YEARLY":-412.532016215225,"ROIC_YEARLY":186.046007532446,"TOTAL_ASSETS":392775083.96,"TOTAL_LIABILITIES":308365265.39,"TAX_EBT":null,"OCF_SALES":-172.938973447928,"TOTAL_PARENT_EQUITY":111944371,"DEBT_ASSET_RATIO":78.5093754627,"OPERATE_PROFIT":278342110.06,"PRETAX_PROFIT":272372883.86,"NETCASH_OPERATE":-61604466.84,"NETCASH_INVEST":129133.69,"NETCASH_FINANCE":168108119.06,"END_CASH":107713746.07,"DIVI_RATIO":null,"DIVIDEND_RATE":null,"CURRENT_RATIO":0.702035025247,"COMMON_ACS":null,"CURRENTDEBT_DEBT":99.687726197443,"ISSUED_COMMON_SHARES":4387628409,"HK_COMMON_SHARES":4387628409,"PER_SHARES":20000,"TOTAL_MARKET_CAP":131628852.27,"HKSK_MARKET_CAP":131628852.27,"PE_TTM":-15.25424177425,"PB_TTM":0.918958455357,"REPORT_DATE_SQ":"2021-06-30 00:00:00","REPORT_TYPE_SQ":"2021年中报","OPERATE_INCOME_SQ":61672105.44,"DPS_HKD":null,"OPERATE_INCOME_QOQ_SQ":4.66252084195,"NET_PROFIT_RATIO_SQ":-6.0970344586,"HOLDER_PROFIT_SQ":-3756841.2,"HOLDER_PROFIT_QOQ_SQ":17.208303086557,"ROE_AVG_SQ":0.897712473531,"PE_TTM_SQ":1.227378127819,"PB_TTM_SQ":2.929433256945,"ROA_SQ":-1.390552864108,"START_DATE":"2022-01-01 00:00:00","FISCAL_YEAR":"12-31","CURRENCY":"HKD","IS_CNY_CODE":0,"DPS_HKD_LY":null,"ORG_TYPE":"一般企业","PREMIUM_INCOME":null,"PREMIUM_INCOME_YOY":null,"NET_INTEREST_INCOME":null,"NET_INTEREST_INCOME_YOY":null,"FEE_COMMISSION_INCOME":null,"FEE_COMMISSION_INCOME_YOY":null,"ACCOUNTS_RECE_TDAYS":0.930379040004,"INVENTORY_TDAYS":null,"CURRENT_ASSETS_TDAYS":0.245404628364,"TOTAL_ASSETS_TDAYS":0.107657555206,"PREMIUM_EXPENSE":null,"LOAN_DEPOSIT":null,"LOAN_EQUITY":null,"LOAN_ASSETS":null,"DEPOSIT_EQUITY":null,"DEPOSIT_ASSETS":null,"EQUITY_MULTIPLIER":4.653191898934,"EQUITY_RATIO":2.754629488159},{"SECUCODE":"00254.HK","SECURITY_CODE":"00254","SECURITY_NAME_ABBR":"国家联合资源","ORG_CODE":"10007513","STD_REPORT_DATE":"2021-12-31 00:00:00","REPORT_DATE":"2021-12-31 00:00:00","DATE_TYPE_CODE":"001","REPORT_TYPE":"2021年年报","PER_NETCASH_OPERATE":0.001670835349,"PER_OI":0.018210995918,"BPS":-0.083322135678,"BASIC_EPS":0.06982304,"DILUTED_EPS":0.06982304,"OPERATE_INCOME":116764726.4,"OPERATE_INCOME_YOY":6.1601016896,"GROSS_PROFIT":30192332.8,"GROSS_PROFIT_YOY":15.873300660135,"HOLDER_PROFIT":44768505.6,"HOLDER_PROFIT_YOY":49.0932854109,"GROSS_PROFIT_RATIO":25.857408937499,"EPS_TTM":0.006982237683,"OPERATE_INCOME_QOQ":-1.466331957351,"NET_PROFIT_RATIO":41.0400941084,"ROE_AVG":-11.572296738238,"GROSS_PROFIT_QOQ":-6.292676485044,"ROA":17.060415293804,"HOLDER_PROFIT_QOQ":23.570334318193,"ROE_YEARLY":-11.572296738238,"ROIC_YEARLY":15.993387203479,"TOTAL_ASSETS":257167904,"TOTAL_LIABILITIES":641805371.2,"TAX_EBT":4.54700910379,"OCF_SALES":9.174870810985,"TOTAL_PARENT_EQUITY":-365586569.6,"DEBT_ASSET_RATIO":249.5666687862,"OPERATE_PROFIT":67124960,"PRETAX_PROFIT":50203092.8,"NETCASH_OPERATE":10713012.8,"NETCASH_INVEST":-692507.2,"NETCASH_FINANCE":-13357948.8,"END_CASH":1746393.6,"DIVI_RATIO":null,"DIVIDEND_RATE":null,"CURRENT_RATIO":0.111220899653,"COMMON_ACS":null,"CURRENTDEBT_DEBT":99.788149357887,"ISSUED_COMMON_SHARES":4387628409,"HK_COMMON_SHARES":4387628409,"PER_SHARES":20000,"TOTAL_MARKET_CAP":131628852.27,"HKSK_MARKET_CAP":131628852.27,"PE_TTM":-15.25424177425,"PB_TTM":0.918958455357,"REPORT_DATE_SQ":"2020-12-31 00:00:00","REPORT_TYPE_SQ":"2020年年报","OPERATE_INCOME_SQ":113223304.28,"DPS_HKD":null,"OPERATE_INCOME_QOQ_SQ":-3.040191639413,"NET_PROFIT_RATIO_SQ":29.7419848804,"HOLDER_PROFIT_SQ":30910070.64,"HOLDER_PROFIT_QOQ_SQ":-48.739714907251,"ROE_AVG_SQ":-7.098155786023,"PE_TTM_SQ":1.227378127819,"PB_TTM_SQ":2.929433256945,"ROA_SQ":10.355313632692,"START_DATE":"2021-01-01 00:00:00","FISCAL_YEAR":"12-31","CURRENCY":"HKD","IS_CNY_CODE":0,"DPS_HKD_LY":null,"ORG_TYPE":"一般企业","PREMIUM_INCOME":null,"PREMIUM_INCOME_YOY":null,"NET_INTEREST_INCOME":null,"NET_INTEREST_INCOME_YOY":null,"FEE_COMMISSION_INCOME":null,"FEE_COMMISSION_INCOME_YOY":null,"ACCOUNTS_RECE_TDAYS":2.531669355268,"INVENTORY_TDAYS":null,"CURRENT_ASSETS_TDAYS":1.660106710684,"TOTAL_ASSETS_TDAYS":0.444967884756,"PREMIUM_EXPENSE":null,"LOAN_DEPOSIT":null,"LOAN_EQUITY":null,"LOAN_ASSETS":null,"DEPOSIT_EQUITY":null,"DEPOSIT_ASSETS":null,"EQUITY_MULTIPLIER":-0.668598163024,"EQUITY_RATIO":-1.755549641504},{"SECUCODE":"00254.HK","SECURITY_CODE":"00254","SECURITY_NAME_ABBR":"国家联合资源","ORG_CODE":"10007513","STD_REPORT_DATE":"2021-06-30 00:00:00","REPORT_DATE":"2021-06-30 00:00:00","DATE_TYPE_CODE":"002","REPORT_TYPE":"2021年中报","PER_NETCASH_OPERATE":0.000854430881,"PER_OI":0.00961857656,"BPS":-0.096093087486,"BASIC_EPS":-0.00582456,"DILUTED_EPS":-0.00582456,"OPERATE_INCOME":61672105.44,"OPERATE_INCOME_YOY":20.0544244132,"GROSS_PROFIT":16539254.16,"GROSS_PROFIT_YOY":59.402744990476,"HOLDER_PROFIT":-3756841.2,"HOLDER_PROFIT_YOY":54.559178744,"GROSS_PROFIT_RATIO":26.818046898189,"EPS_TTM":0.005650415791,"OPERATE_INCOME_QOQ":4.66252084195,"NET_PROFIT_RATIO":-6.0970344586,"ROE_AVG":0.897712473531,"GROSS_PROFIT_QOQ":23.654476847416,"ROA":-1.390552864108,"HOLDER_PROFIT_QOQ":17.208303086557,"ROE_YEARLY":1.795424947062,"ROIC_YEARLY":-2.592462336805,"TOTAL_ASSETS":267942241.2,"TOTAL_LIABILITIES":711406765.92,"TAX_EBT":null,"OCF_SALES":8.883132302545,"TOTAL_PARENT_EQUITY":-421620760.56,"DEBT_ASSET_RATIO":265.5075074143,"OPERATE_PROFIT":5074023.84,"PRETAX_PROFIT":-3760169.52,"NETCASH_OPERATE":5478414.72,"NETCASH_INVEST":5824.56,"NETCASH_FINANCE":-8692739.76,"END_CASH":549172.8,"DIVI_RATIO":null,"DIVIDEND_RATE":null,"CURRENT_RATIO":0.110456793991,"COMMON_ACS":null,"CURRENTDEBT_DEBT":98.950962251484,"ISSUED_COMMON_SHARES":4387628409,"HK_COMMON_SHARES":4387628409,"PER_SHARES":20000,"TOTAL_MARKET_CAP":131628852.27,"HKSK_MARKET_CAP":131628852.27,"PE_TTM":-15.25424177425,"PB_TTM":0.918958455357,"REPORT_DATE_SQ":"2020-06-30 00:00:00","REPORT_TYPE_SQ":"2020年中报","OPERATE_INCOME_SQ":56393045.28,"DPS_HKD":null,"OPERATE_INCOME_QOQ_SQ":33.336922122677,"NET_PROFIT_RATIO_SQ":-17.2862302995,"HOLDER_PROFIT_SQ":-9075939.84,"HOLDER_PROFIT_QOQ_SQ":9.357161127206,"ROE_AVG_SQ":1.839354522811,"PE_TTM_SQ":1.227378127819,"PB_TTM_SQ":2.929433256945,"ROA_SQ":-2.613787624494,"START_DATE":"2021-01-01 00:00:00","FISCAL_YEAR":"12-31","CURRENCY":"HKD","IS_CNY_CODE":0,"DPS_HKD_LY":null,"ORG_TYPE":"一般企业","PREMIUM_INCOME":null,"PREMIUM_INCOME_YOY":null,"NET_INTEREST_INCOME":null,"NET_INTEREST_INCOME_YOY":null,"FEE_COMMISSION_INCOME":null,"FEE_COMMISSION_INCOME_YOY":null,"ACCOUNTS_RECE_TDAYS":1.497923424379,"INVENTORY_TDAYS":null,"CURRENT_ASSETS_TDAYS":0.831017104031,"TOTAL_ASSETS_TDAYS":0.228272419008,"PREMIUM_EXPENSE":null,"LOAN_DEPOSIT":null,"LOAN_EQUITY":null,"LOAN_ASSETS":null,"DEPOSIT_EQUITY":null,"DEPOSIT_ASSETS":null,"EQUITY_MULTIPLIER":-0.604202199419,"EQUITY_RATIO":-1.687314365106},{"SECUCODE":"00254.HK","SECURITY_CODE":"00254","SECURITY_NAME_ABBR":"国家联合资源","ORG_CODE":"10007513","STD_REPORT_DATE":"2020-12-31 00:00:00","REPORT_DATE":"2020-12-31 00:00:00","DATE_TYPE_CODE":"001","REPORT_TYPE":"2020年年报","PER_NETCASH_OPERATE":0.003006227263,"PER_OI":0.017658664526,"BPS":-0.095753865404,"BASIC_EPS":0.048225972,"DILUTED_EPS":0.048225972,"OPERATE_INCOME":113223304.28,"OPERATE_INCOME_YOY":37.5995990467,"GROSS_PROFIT":26056332.76,"GROSS_PROFIT_YOY":-44.921853673635,"HOLDER_PROFIT":30910070.64,"HOLDER_PROFIT_YOY":-40.3372538826,"GROSS_PROFIT_RATIO":23.013224111145,"EPS_TTM":0.004820832349,"OPERATE_INCOME_QOQ":-3.040191639413,"NET_PROFIT_RATIO":29.7419848804,"ROE_AVG":-7.098155786023,"GROSS_PROFIT_QOQ":-29.017688770373,"ROA":10.355313632692,"HOLDER_PROFIT_QOQ":-48.739714907251,"ROE_YEARLY":-7.098155786023,"ROIC_YEARLY":9.718161154346,"TOTAL_ASSETS":275525161.88,"TOTAL_LIABILITIES":717732075.92,"TAX_EBT":5.092746335215,"OCF_SALES":17.024091817999,"TOTAL_PARENT_EQUITY":-420132380.12,"DEBT_ASSET_RATIO":260.4960182303,"OPERATE_PROFIT":56559891.28,"PRETAX_PROFIT":35481859.12,"NETCASH_OPERATE":19275239.28,"NETCASH_INVEST":7574.76,"NETCASH_FINANCE":-21549350.56,"END_CASH":3843769.88,"DIVI_RATIO":null,"DIVIDEND_RATE":null,"CURRENT_RATIO":0.100868639891,"COMMON_ACS":null,"CURRENTDEBT_DEBT":98.736834205385,"ISSUED_COMMON_SHARES":4387628409,"HK_COMMON_SHARES":4387628409,"PER_SHARES":20000,"TOTAL_MARKET_CAP":131628852.27,"HKSK_MARKET_CAP":131628852.27,"PE_TTM":-15.25424177425,"PB_TTM":0.918958455357,"REPORT_DATE_SQ":"2019-12-31 00:00:00","REPORT_TYPE_SQ":"2019年年报","OPERATE_INCOME_SQ":87577723.26,"DPS_HKD":null,"OPERATE_INCOME_QOQ_SQ":69.142758783562,"NET_PROFIT_RATIO_SQ":70.9492978203,"HOLDER_PROFIT_SQ":55140633.68,"HOLDER_PROFIT_QOQ_SQ":455.006778697346,"ROE_AVG_SQ":-10.846633334068,"PE_TTM_SQ":1.227378127819,"PB_TTM_SQ":2.929433256945,"ROA_SQ":16.475651601368,"START_DATE":"2020-01-01 00:00:00","FISCAL_YEAR":"12-31","CURRENCY":"HKD","IS_CNY_CODE":0,"DPS_HKD_LY":null,"ORG_TYPE":"一般企业","PREMIUM_INCOME":null,"PREMIUM_INCOME_YOY":null,"NET_INTEREST_INCOME":null,"NET_INTEREST_INCOME_YOY":null,"FEE_COMMISSION_INCOME":null,"FEE_COMMISSION_INCOME_YOY":null,"ACCOUNTS_RECE_TDAYS":2.839350351945,"INVENTORY_TDAYS":null,"CURRENT_ASSETS_TDAYS":1.257161814248,"TOTAL_ASSETS_TDAYS":0.379314185336,"PREMIUM_EXPENSE":null,"LOAN_DEPOSIT":null,"LOAN_EQUITY":null,"LOAN_ASSETS":null,"DEPOSIT_EQUITY":null,"DEPOSIT_ASSETS":null,"EQUITY_MULTIPLIER":-0.623068416916,"EQUITY_RATIO":-1.708347439716},{"SECUCODE":"00254.HK","SECURITY_CODE":"00254","SECURITY_NAME_ABBR":"国家联合资源","ORG_CODE":"10007513","STD_REPORT_DATE":"2020-06-30 00:00:00","REPORT_DATE":"2020-06-30 00:00:00","DATE_TYPE_CODE":"002","REPORT_TYPE":"2020年中报","PER_NETCASH_OPERATE":0.000452035069,"PER_OI":0.008795237646,"BPS":-0.113410640359,"BASIC_EPS":-0.00137016,"DILUTED_EPS":-0.00137016,"OPERATE_INCOME":56393045.28,"OPERATE_INCOME_YOY":99.6797981758,"GROSS_PROFIT":10375764.96,"GROSS_PROFIT_YOY":-50.533867745572,"HOLDER_PROFIT":-9075939.84,"HOLDER_PROFIT_YOY":38.6022369153,"GROSS_PROFIT_RATIO":18.399015177284,"EPS_TTM":0.009404614782,"OPERATE_INCOME_QOQ":33.336922122677,"NET_PROFIT_RATIO":-17.2862302995,"ROE_AVG":1.839354522811,"GROSS_PROFIT_QOQ":-22.405814389183,"ROA":-2.613787624494,"HOLDER_PROFIT_QOQ":9.357161127206,"ROE_YEARLY":3.678709045622,"ROIC_YEARLY":-4.893508565856,"TOTAL_ASSETS":345578101.44,"TOTAL_LIABILITIES":869456037.12,"TAX_EBT":null,"OCF_SALES":5.139543547629,"TOTAL_PARENT_EQUITY":-497603747.52,"DEBT_ASSET_RATIO":251.5946564603,"OPERATE_PROFIT":-2111873.28,"PRETAX_PROFIT":-9748231.68,"NETCASH_OPERATE":2898345.12,"NETCASH_INVEST":6394.08,"NETCASH_FINANCE":-4294994.88,"END_CASH":1558328.64,"DIVI_RATIO":null,"DIVIDEND_RATE":null,"CURRENT_RATIO":0.154964072768,"COMMON_ACS":null,"CURRENTDEBT_DEBT":97.244623091082,"ISSUED_COMMON_SHARES":4387628409,"HK_COMMON_SHARES":4387628409,"PER_SHARES":20000,"TOTAL_MARKET_CAP":131628852.27,"HKSK_MARKET_CAP":131628852.27,"PE_TTM":-15.25424177425,"PB_TTM":0.918958455357,"REPORT_DATE_SQ":"2019-06-30 00:00:00","REPORT_TYPE_SQ":"2019年中报","OPERATE_INCOME_SQ":27197327.88,"DPS_HKD":null,"OPERATE_INCOME_QOQ_SQ":8.037241059049,"NET_PROFIT_RATIO_SQ":-52.8624102465,"HOLDER_PROFIT_SQ":-14235537.78,"HOLDER_PROFIT_QOQ_SQ":-20.812797428746,"ROE_AVG_SQ":2.660472105156,"PE_TTM_SQ":1.227378127819,"PB_TTM_SQ":2.929433256945,"ROA_SQ":-4.555890098969,"START_DATE":"2020-01-01 00:00:00","FISCAL_YEAR":"12-31","CURRENCY":"HKD","IS_CNY_CODE":0,"DPS_HKD_LY":null,"ORG_TYPE":"一般企业","PREMIUM_INCOME":null,"PREMIUM_INCOME_YOY":null,"NET_INTEREST_INCOME":null,"NET_INTEREST_INCOME_YOY":null,"FEE_COMMISSION_INCOME":null,"FEE_COMMISSION_INCOME_YOY":null,"ACCOUNTS_RECE_TDAYS":1.421299813523,"INVENTORY_TDAYS":null,"CURRENT_ASSETS_TDAYS":0.453077354939,"TOTAL_ASSETS_TDAYS":0.162406810158,"PREMIUM_EXPENSE":null,"LOAN_DEPOSIT":null,"LOAN_EQUITY":null,"LOAN_ASSETS":null,"DEPOSIT_EQUITY":null,"DEPOSIT_ASSETS":null,"EQUITY_MULTIPLIER":-0.659653858091,"EQUITY_RATIO":-1.747285950826},{"SECUCODE":"00254.HK","SECURITY_CODE":"00254","SECURITY_NAME_ABBR":"国家联合资源","ORG_CODE":"10007513","STD_REPORT_DATE":"2019-12-31 00:00:00","REPORT_DATE":"2019-12-31 00:00:00","DATE_TYPE_CODE":"001","REPORT_TYPE":"2019年年报","PER_NETCASH_OPERATE":0.004331108822,"PER_OI":0.013658898624,"BPS":-0.109352601145,"BASIC_EPS":0.008599488,"DILUTED_EPS":0.008599488,"OPERATE_INCOME":87577723.26,"OPERATE_INCOME_YOY":78.7428926632,"GROSS_PROFIT":47307933.36,"GROSS_PROFIT_YOY":27.556613019978,"HOLDER_PROFIT":55140633.68,"HOLDER_PROFIT_YOY":519.5188441355,"GROSS_PROFIT_RATIO":54.018227009114,"EPS_TTM":0.008599907573,"OPERATE_INCOME_QOQ":69.142758783562,"NET_PROFIT_RATIO":70.9492978203,"ROE_AVG":-10.846633334068,"GROSS_PROFIT_QOQ":19.217553039846,"ROA":16.475651601368,"HOLDER_PROFIT_QOQ":455.006778697346,"ROE_YEARLY":-10.846633334068,"ROIC_YEARLY":15.96897314335,"TOTAL_ASSETS":342143171,"TOTAL_LIABILITIES":847160644.72,"TAX_EBT":4.011679397764,"OCF_SALES":31.709063385396,"TOTAL_PARENT_EQUITY":-479798579.38,"DEBT_ASSET_RATIO":247.6041366671,"OPERATE_PROFIT":9272218.78,"PRETAX_PROFIT":64732645.92,"NETCASH_OPERATE":27770075.78,"NETCASH_INVEST":-5318245.86,"NETCASH_FINANCE":-17159561.68,"END_CASH":2964136.02,"DIVI_RATIO":null,"DIVIDEND_RATE":null,"CURRENT_RATIO":0.142806411215,"COMMON_ACS":null,"CURRENTDEBT_DEBT":95.579259910925,"ISSUED_COMMON_SHARES":4387628409,"HK_COMMON_SHARES":4387628409,"PER_SHARES":20000,"TOTAL_MARKET_CAP":131628852.27,"HKSK_MARKET_CAP":131628852.27,"PE_TTM":-15.25424177425,"PB_TTM":0.918958455357,"REPORT_DATE_SQ":"2018-12-31 00:00:00","REPORT_TYPE_SQ":"2018年年报","OPERATE_INCOME_SQ":47925511.4,"DPS_HKD":null,"OPERATE_INCOME_QOQ_SQ":3.812015149587,"NET_PROFIT_RATIO_SQ":-27.9869097025,"HOLDER_PROFIT_SQ":-12856482.6,"HOLDER_PROFIT_QOQ_SQ":44.721762054997,"ROE_AVG_SQ":2.454171405633,"PE_TTM_SQ":1.227378127819,"PB_TTM_SQ":2.929433256945,"ROA_SQ":-4.036005803839,"START_DATE":"2019-01-01 00:00:00","FISCAL_YEAR":"12-31","CURRENCY":"HKD","IS_CNY_CODE":0,"DPS_HKD_LY":null,"ORG_TYPE":"一般企业","PREMIUM_INCOME":null,"PREMIUM_INCOME_YOY":null,"NET_INTEREST_INCOME":null,"NET_INTEREST_INCOME_YOY":null,"FEE_COMMISSION_INCOME":null,"FEE_COMMISSION_INCOME_YOY":null,"ACCOUNTS_RECE_TDAYS":4.610998443616,"INVENTORY_TDAYS":null,"CURRENT_ASSETS_TDAYS":0.600018411685,"TOTAL_ASSETS_TDAYS":0.261676364629,"PREMIUM_EXPENSE":null,"LOAN_DEPOSIT":null,"LOAN_EQUITY":null,"LOAN_ASSETS":null,"DEPOSIT_EQUITY":null,"DEPOSIT_ASSETS":null,"EQUITY_MULTIPLIER":-0.67748778766,"EQUITY_RATIO":-1.765658926741}],"count":45},"success":true,"message":"ok","code":0}