{"version":"136b925867acc4d5b6c480a7041c8a49","result":{"pages":6,"data":[{"SECUCODE":"00251.HK","SECURITY_CODE":"00251","SECURITY_NAME_ABBR":"爪哇控股","ORG_CODE":"10007510","STD_REPORT_DATE":"2024-06-30 00:00:00","REPORT_DATE":"2024-06-30 00:00:00","DATE_TYPE_CODE":"002","REPORT_TYPE":"2024年中报","PER_NETCASH_OPERATE":0.363205949214,"PER_OI":0.308527551906,"BPS":6.048275329638,"BASIC_EPS":-0.1095216,"DILUTED_EPS":-0.1095216,"OPERATE_INCOME":185771450.6,"OPERATE_INCOME_YOY":3.6511775939,"GROSS_PROFIT":185771450.6,"GROSS_PROFIT_YOY":2.605649543798,"HOLDER_PROFIT":-65754943.28,"HOLDER_PROFIT_YOY":83.5080667314,"GROSS_PROFIT_RATIO":null,"EPS_TTM":-0.725212399939,"OPERATE_INCOME_QOQ":1.258085242287,"NET_PROFIT_RATIO":-35.3956127638,"ROE_AVG":-1.783921996311,"GROSS_PROFIT_QOQ":1.258085242287,"ROA":-0.61066986363,"HOLDER_PROFIT_QOQ":43.560079978272,"ROE_YEARLY":-3.567843992622,"ROIC_YEARLY":-1.52578831302,"TOTAL_ASSETS":10451980328.88,"TOTAL_LIABILITIES":6810176299.8,"TAX_EBT":-0.72560012303,"OCF_SALES":117.722370974477,"TOTAL_PARENT_EQUITY":3641804029.08,"DEBT_ASSET_RATIO":65.156803644,"OPERATE_PROFIT":87376332.48,"PRETAX_PROFIT":-65281262.36,"NETCASH_OPERATE":218694556.24,"NETCASH_INVEST":327206732.16,"NETCASH_FINANCE":-712341263.92,"END_CASH":2064949452.16,"DIVI_RATIO":-0.062657781367,"DIVIDEND_RATE":3.571428571429,"CURRENT_RATIO":1.548918262197,"COMMON_ACS":1000000000,"CURRENTDEBT_DEBT":26.336033107582,"ISSUED_COMMON_SHARES":602122726,"HK_COMMON_SHARES":602122726,"PER_SHARES":2000,"TOTAL_MARKET_CAP":842971816.4,"HKSK_MARKET_CAP":842971816.4,"PE_TTM":-1.724083814954,"PB_TTM":0.211258901151,"REPORT_DATE_SQ":"2023-06-30 00:00:00","REPORT_TYPE_SQ":"2023年中报","OPERATE_INCOME_SQ":181053822.5,"DPS_HKD":0.05,"OPERATE_INCOME_QOQ_SQ":5.721182671942,"NET_PROFIT_RATIO_SQ":-222.4600891152,"HOLDER_PROFIT_SQ":-402772494.88,"HOLDER_PROFIT_QOQ_SQ":-101.240114627421,"ROE_AVG_SQ":-9.512975446256,"PE_TTM_SQ":-1.474905817124,"PB_TTM_SQ":0.24772122534,"ROA_SQ":-3.260601071628,"START_DATE":"2024-01-01 00:00:00","FISCAL_YEAR":"12-31","CURRENCY":"HKD","IS_CNY_CODE":0,"DPS_HKD_LY":0.05,"ORG_TYPE":"一般企业","PREMIUM_INCOME":null,"PREMIUM_INCOME_YOY":null,"NET_INTEREST_INCOME":null,"NET_INTEREST_INCOME_YOY":null,"FEE_COMMISSION_INCOME":null,"FEE_COMMISSION_INCOME_YOY":null,"ACCOUNTS_RECE_TDAYS":1.925421772794,"INVENTORY_TDAYS":null,"CURRENT_ASSETS_TDAYS":0.059998959462,"TOTAL_ASSETS_TDAYS":0.017252699302,"PREMIUM_EXPENSE":null,"LOAN_DEPOSIT":null,"LOAN_EQUITY":null,"LOAN_ASSETS":null,"DEPOSIT_EQUITY":null,"DEPOSIT_ASSETS":null,"EQUITY_MULTIPLIER":2.870000759353,"EQUITY_RATIO":1.870000759355},{"SECUCODE":"00251.HK","SECURITY_CODE":"00251","SECURITY_NAME_ABBR":"爪哇控股","ORG_CODE":"10007510","STD_REPORT_DATE":"2023-12-31 00:00:00","REPORT_DATE":"2023-12-31 00:00:00","DATE_TYPE_CODE":"001","REPORT_TYPE":"2023年年报","PER_NETCASH_OPERATE":0.344106785832,"PER_OI":0.622771334826,"BPS":6.15114885094,"BASIC_EPS":-1.28501996,"DILUTED_EPS":-1.28501996,"OPERATE_INCOME":374984773.8,"OPERATE_INCOME_YOY":11.317358987,"GROSS_PROFIT":374984773.8,"GROSS_PROFIT_YOY":12.931159740261,"HOLDER_PROFIT":-773684418.78,"HOLDER_PROFIT_YOY":-122.5280783195,"GROSS_PROFIT_RATIO":null,"EPS_TTM":-1.284928114107,"OPERATE_INCOME_QOQ":6.81980364398,"NET_PROFIT_RATIO":-206.3242224317,"ROE_AVG":-19.459207754609,"GROSS_PROFIT_QOQ":7.899996666526,"ROA":-6.585074890033,"HOLDER_PROFIT_QOQ":-12.181477464067,"ROE_YEARLY":-19.459207754609,"ROIC_YEARLY":-8.12051302489,"TOTAL_ASSETS":11004919999.64,"TOTAL_LIABILITIES":7301173485.48,"TAX_EBT":-0.424400187734,"OCF_SALES":55.254114405858,"TOTAL_PARENT_EQUITY":3703746514.16,"DEBT_ASSET_RATIO":66.3446302719,"OPERATE_PROFIT":-481115822.88,"PRETAX_PROFIT":-770414777.02,"NETCASH_OPERATE":207194515.92,"NETCASH_INVEST":797657562.66,"NETCASH_FINANCE":-1021213880.68,"END_CASH":2216313254.96,"DIVI_RATIO":-0.035364001691,"DIVIDEND_RATE":3.676470588235,"CURRENT_RATIO":1.515239134793,"COMMON_ACS":1000000000,"CURRENTDEBT_DEBT":30.645234160641,"ISSUED_COMMON_SHARES":602122726,"HK_COMMON_SHARES":602122726,"PER_SHARES":2000,"TOTAL_MARKET_CAP":818886907.36,"HKSK_MARKET_CAP":818886907.36,"PE_TTM":-1.674824277384,"PB_TTM":0.205222932547,"REPORT_DATE_SQ":"2022-12-31 00:00:00","REPORT_TYPE_SQ":"2022年年报","OPERATE_INCOME_SQ":332047217.67,"DPS_HKD":0.05,"OPERATE_INCOME_QOQ_SQ":-9.306468159723,"NET_PROFIT_RATIO_SQ":-103.2115484463,"HOLDER_PROFIT_SQ":-342711074.93,"HOLDER_PROFIT_QOQ_SQ":-545.968064592602,"ROE_AVG_SQ":-7.564647729629,"PE_TTM_SQ":-1.379236250607,"PB_TTM_SQ":0.231652821534,"ROA_SQ":-2.725237572775,"START_DATE":"2023-01-01 00:00:00","FISCAL_YEAR":"12-31","CURRENCY":"HKD","IS_CNY_CODE":0,"DPS_HKD_LY":0.05,"ORG_TYPE":"一般企业","PREMIUM_INCOME":null,"PREMIUM_INCOME_YOY":null,"NET_INTEREST_INCOME":null,"NET_INTEREST_INCOME_YOY":null,"FEE_COMMISSION_INCOME":null,"FEE_COMMISSION_INCOME_YOY":null,"ACCOUNTS_RECE_TDAYS":2.525727888665,"INVENTORY_TDAYS":null,"CURRENT_ASSETS_TDAYS":0.094725105701,"TOTAL_ASSETS_TDAYS":0.031916150282,"PREMIUM_EXPENSE":null,"LOAN_DEPOSIT":null,"LOAN_EQUITY":null,"LOAN_ASSETS":null,"DEPOSIT_EQUITY":null,"DEPOSIT_ASSETS":null,"EQUITY_MULTIPLIER":2.97129405524,"EQUITY_RATIO":1.97129405524},{"SECUCODE":"00251.HK","SECURITY_CODE":"00251","SECURITY_NAME_ABBR":"爪哇控股","ORG_CODE":"10007510","STD_REPORT_DATE":"2023-06-30 00:00:00","REPORT_DATE":"2023-06-30 00:00:00","DATE_TYPE_CODE":"002","REPORT_TYPE":"2023年中报","PER_NETCASH_OPERATE":0.144542204275,"PER_OI":0.30069255765,"BPS":6.885413220693,"BASIC_EPS":-0.66935748,"DILUTED_EPS":-0.66935748,"OPERATE_INCOME":181053822.5,"OPERATE_INCOME_YOY":3.6290620481,"GROSS_PROFIT":181053822.5,"GROSS_PROFIT_YOY":11.722450715223,"HOLDER_PROFIT":-402772494.88,"HOLDER_PROFIT_YOY":-569.3880052711,"GROSS_PROFIT_RATIO":null,"EPS_TTM":-1.145401311476,"OPERATE_INCOME_QOQ":5.721182671942,"NET_PROFIT_RATIO":-222.4600891152,"ROE_AVG":-9.512975446256,"GROSS_PROFIT_QOQ":5.781639935397,"ROA":-3.260601071628,"HOLDER_PROFIT_QOQ":-101.240114627421,"ROE_YEARLY":-19.025950892511,"ROIC_YEARLY":-7.931757861111,"TOTAL_ASSETS":11994945048.32,"TOTAL_LIABILITIES":7849081270.24,"TAX_EBT":-0.697044017039,"OCF_SALES":48.069764481222,"TOTAL_PARENT_EQUITY":4145863778.08,"DEBT_ASSET_RATIO":65.4365754793,"OPERATE_PROFIT":-249260058.94,"PRETAX_PROFIT":-399984427.36,"NETCASH_OPERATE":87032146.06,"NETCASH_INVEST":148631473.82,"NETCASH_FINANCE":-376699822.46,"END_CASH":2128053385.32,"DIVI_RATIO":-0.039671859587,"DIVIDEND_RATE":3.676470588235,"CURRENT_RATIO":1.850878799323,"COMMON_ACS":1000000000,"CURRENTDEBT_DEBT":27.774615401241,"ISSUED_COMMON_SHARES":602122726,"HK_COMMON_SHARES":602122726,"PER_SHARES":2000,"TOTAL_MARKET_CAP":818886907.36,"HKSK_MARKET_CAP":818886907.36,"PE_TTM":-1.674824277384,"PB_TTM":0.205222932547,"REPORT_DATE_SQ":"2022-06-30 00:00:00","REPORT_TYPE_SQ":"2022年中报","OPERATE_INCOME_SQ":162056794.62,"DPS_HKD":0.05,"OPERATE_INCOME_QOQ_SQ":-15.60191529068,"NET_PROFIT_RATIO_SQ":-34.4394136086,"HOLDER_PROFIT_SQ":-55811409.78,"HOLDER_PROFIT_QOQ_SQ":-192.485627649481,"ROE_AVG_SQ":-1.250261021826,"PE_TTM_SQ":-1.379236250607,"PB_TTM_SQ":0.231652821534,"ROA_SQ":-0.466689769224,"START_DATE":"2023-01-01 00:00:00","FISCAL_YEAR":"12-31","CURRENCY":"HKD","IS_CNY_CODE":0,"DPS_HKD_LY":0.05,"ORG_TYPE":"一般企业","PREMIUM_INCOME":null,"PREMIUM_INCOME_YOY":null,"NET_INTEREST_INCOME":null,"NET_INTEREST_INCOME_YOY":null,"FEE_COMMISSION_INCOME":null,"FEE_COMMISSION_INCOME_YOY":null,"ACCOUNTS_RECE_TDAYS":null,"INVENTORY_TDAYS":null,"CURRENT_ASSETS_TDAYS":0.041906832921,"TOTAL_ASSETS_TDAYS":0.014657015938,"PREMIUM_EXPENSE":null,"LOAN_DEPOSIT":null,"LOAN_EQUITY":null,"LOAN_ASSETS":null,"DEPOSIT_EQUITY":null,"DEPOSIT_ASSETS":null,"EQUITY_MULTIPLIER":2.893231830663,"EQUITY_RATIO":1.89323183066},{"SECUCODE":"00251.HK","SECURITY_CODE":"00251","SECURITY_NAME_ABBR":"爪哇控股","ORG_CODE":"10007510","STD_REPORT_DATE":"2022-12-31 00:00:00","REPORT_DATE":"2022-12-31 00:00:00","DATE_TYPE_CODE":"001","REPORT_TYPE":"2022年年报","PER_NETCASH_OPERATE":0.471121686395,"PER_OI":0.551461028345,"BPS":6.95440748164,"BASIC_EPS":-0.56901299,"DILUTED_EPS":-0.56901299,"OPERATE_INCOME":332047217.67,"OPERATE_INCOME_YOY":-29.9404989643,"GROSS_PROFIT":332047217.67,"GROSS_PROFIT_YOY":-23.456396171569,"HOLDER_PROFIT":-342711074.93,"HOLDER_PROFIT_YOY":-646.8187907984,"GROSS_PROFIT_RATIO":null,"EPS_TTM":-0.569171466433,"OPERATE_INCOME_QOQ":-9.306468159723,"NET_PROFIT_RATIO":-103.2115484463,"ROE_AVG":-7.564647729629,"GROSS_PROFIT_QOQ":-8.426720861686,"ROA":-2.725237572775,"HOLDER_PROFIT_QOQ":-545.968064592602,"ROE_YEARLY":-7.564647729629,"ROIC_YEARLY":-3.334166022451,"TOTAL_ASSETS":12314671136.39,"TOTAL_LIABILITIES":8127264345.83,"TAX_EBT":1.755127230079,"OCF_SALES":85.431546778363,"TOTAL_PARENT_EQUITY":4187406790.56,"DEBT_ASSET_RATIO":65.9966007684,"OPERATE_PROFIT":-112860198.15,"PRETAX_PROFIT":-348833547.51,"NETCASH_OPERATE":283673074.09,"NETCASH_INVEST":-655931734.08,"NETCASH_FINANCE":175311383.66,"END_CASH":2195633541.71,"DIVI_RATIO":-0.079835695708,"DIVIDEND_RATE":3.676470588235,"CURRENT_RATIO":2.145505662133,"COMMON_ACS":1000000000,"CURRENTDEBT_DEBT":25.591105795361,"ISSUED_COMMON_SHARES":602122726,"HK_COMMON_SHARES":602122726,"PER_SHARES":2000,"TOTAL_MARKET_CAP":818886907.36,"HKSK_MARKET_CAP":818886907.36,"PE_TTM":-1.674824277384,"PB_TTM":0.205222932547,"REPORT_DATE_SQ":"2021-12-31 00:00:00","REPORT_TYPE_SQ":"2021年年报","OPERATE_INCOME_SQ":433801390.4,"DPS_HKD":0.05,"OPERATE_INCOME_QOQ_SQ":-3.457681055514,"NET_PROFIT_RATIO_SQ":13.2236669751,"HOLDER_PROFIT_SQ":57364451.2,"HOLDER_PROFIT_QOQ_SQ":-56.061450104214,"ROE_AVG_SQ":1.199724700441,"PE_TTM_SQ":-1.379236250607,"PB_TTM_SQ":0.231652821534,"ROA_SQ":0.447866971471,"START_DATE":"2022-01-01 00:00:00","FISCAL_YEAR":"12-31","CURRENCY":"HKD","IS_CNY_CODE":0,"DPS_HKD_LY":0.05,"ORG_TYPE":"一般企业","PREMIUM_INCOME":null,"PREMIUM_INCOME_YOY":null,"NET_INTEREST_INCOME":null,"NET_INTEREST_INCOME_YOY":null,"FEE_COMMISSION_INCOME":null,"FEE_COMMISSION_INCOME_YOY":null,"ACCOUNTS_RECE_TDAYS":2.462674404738,"INVENTORY_TDAYS":null,"CURRENT_ASSETS_TDAYS":0.082994037806,"TOTAL_ASSETS_TDAYS":0.026404386077,"PREMIUM_EXPENSE":null,"LOAN_DEPOSIT":null,"LOAN_EQUITY":null,"LOAN_ASSETS":null,"DEPOSIT_EQUITY":null,"DEPOSIT_ASSETS":null,"EQUITY_MULTIPLIER":2.940882448807,"EQUITY_RATIO":1.940882448811},{"SECUCODE":"00251.HK","SECURITY_CODE":"00251","SECURITY_NAME_ABBR":"爪哇控股","ORG_CODE":"10007510","STD_REPORT_DATE":"2022-06-30 00:00:00","REPORT_DATE":"2022-06-30 00:00:00","DATE_TYPE_CODE":"002","REPORT_TYPE":"2022年中报","PER_NETCASH_OPERATE":0.167608641133,"PER_OI":0.269142464854,"BPS":7.078727475319,"BASIC_EPS":-0.09236052,"DILUTED_EPS":-0.09236052,"OPERATE_INCOME":162056794.62,"OPERATE_INCOME_YOY":-31.3664202593,"GROSS_PROFIT":162056794.62,"GROSS_PROFIT_YOY":-29.460206880962,"HOLDER_PROFIT":-55811409.78,"HOLDER_PROFIT_YOY":-199.4438264739,"GROSS_PROFIT_RATIO":null,"EPS_TTM":-0.088111393988,"OPERATE_INCOME_QOQ":-15.60191529068,"NET_PROFIT_RATIO":-34.4394136086,"ROE_AVG":-1.250261021826,"GROSS_PROFIT_QOQ":-15.746416490106,"ROA":-0.466689769224,"HOLDER_PROFIT_QOQ":-192.485627649481,"ROE_YEARLY":-2.500522043652,"ROIC_YEARLY":-1.145416285772,"TOTAL_ASSETS":11628956573.43,"TOTAL_LIABILITIES":7366693889.38,"TAX_EBT":-16.321183495232,"OCF_SALES":62.275063589062,"TOTAL_PARENT_EQUITY":4262262684.05,"DEBT_ASSET_RATIO":63.3478493351,"OPERATE_PROFIT":46496680.3,"PRETAX_PROFIT":-47980434.95,"NETCASH_OPERATE":100920971.9,"NETCASH_INVEST":-127383971.26,"NETCASH_FINANCE":-139637988.77,"END_CASH":2131427665.36,"DIVI_RATIO":-0.515713098421,"DIVIDEND_RATE":3.676470588235,"CURRENT_RATIO":1.034143124835,"COMMON_ACS":1000000000,"CURRENTDEBT_DEBT":32.252299775415,"ISSUED_COMMON_SHARES":602122726,"HK_COMMON_SHARES":602122726,"PER_SHARES":2000,"TOTAL_MARKET_CAP":818886907.36,"HKSK_MARKET_CAP":818886907.36,"PE_TTM":-1.674824277384,"PB_TTM":0.205222932547,"REPORT_DATE_SQ":"2021-06-30 00:00:00","REPORT_TYPE_SQ":"2021年中报","OPERATE_INCOME_SQ":229738120.08,"DPS_HKD":0.05,"OPERATE_INCOME_QOQ_SQ":-11.454546538477,"NET_PROFIT_RATIO_SQ":23.7692004013,"HOLDER_PROFIT_SQ":54606914.16,"HOLDER_PROFIT_QOQ_SQ":2.7509519097,"ROE_AVG_SQ":1.083913667111,"PE_TTM_SQ":-1.379236250607,"PB_TTM_SQ":0.231652821534,"ROA_SQ":0.393150705694,"START_DATE":"2022-01-01 00:00:00","FISCAL_YEAR":"12-31","CURRENCY":"HKD","IS_CNY_CODE":0,"DPS_HKD_LY":0.05,"ORG_TYPE":"一般企业","PREMIUM_INCOME":null,"PREMIUM_INCOME_YOY":null,"NET_INTEREST_INCOME":null,"NET_INTEREST_INCOME_YOY":null,"FEE_COMMISSION_INCOME":null,"FEE_COMMISSION_INCOME_YOY":null,"ACCOUNTS_RECE_TDAYS":null,"INVENTORY_TDAYS":null,"CURRENT_ASSETS_TDAYS":0.055446352235,"TOTAL_ASSETS_TDAYS":0.013551037034,"PREMIUM_EXPENSE":null,"LOAN_DEPOSIT":null,"LOAN_EQUITY":null,"LOAN_ASSETS":null,"DEPOSIT_EQUITY":null,"DEPOSIT_ASSETS":null,"EQUITY_MULTIPLIER":2.728352857497,"EQUITY_RATIO":1.728352857497},{"SECUCODE":"00251.HK","SECURITY_CODE":"00251","SECURITY_NAME_ABBR":"爪哇控股","ORG_CODE":"10007510","STD_REPORT_DATE":"2021-12-31 00:00:00","REPORT_DATE":"2021-12-31 00:00:00","DATE_TYPE_CODE":"001","REPORT_TYPE":"2021年年报","PER_NETCASH_OPERATE":0.192563943185,"PER_OI":0.720453441912,"BPS":7.408152722673,"BASIC_EPS":0.0923888,"DILUTED_EPS":0.0923888,"OPERATE_INCOME":433801390.4,"OPERATE_INCOME_YOY":-12.0026735263,"GROSS_PROFIT":433801390.4,"GROSS_PROFIT_YOY":-14.516165908334,"HOLDER_PROFIT":57364451.2,"HOLDER_PROFIT_YOY":-53.5252503842,"GROSS_PROFIT_RATIO":null,"EPS_TTM":0.095270363869,"OPERATE_INCOME_QOQ":-3.457681055514,"NET_PROFIT_RATIO":13.2236669751,"ROE_AVG":1.199724700441,"GROSS_PROFIT_QOQ":-2.552711621654,"ROA":0.447866971471,"HOLDER_PROFIT_QOQ":-56.061450104214,"ROE_YEARLY":1.199724700441,"ROIC_YEARLY":0.554812790617,"TOTAL_ASSETS":11748868667.2,"TOTAL_LIABILITIES":7288251555.2,"TAX_EBT":45.768502415459,"OCF_SALES":26.728159237361,"TOTAL_PARENT_EQUITY":4460617112,"DEBT_ASSET_RATIO":62.0336456356,"OPERATE_PROFIT":278557955.2,"PRETAX_PROFIT":105777000,"NETCASH_OPERATE":115947126.4,"NETCASH_INVEST":1334325652.8,"NETCASH_FINANCE":-1999852870.4,"END_CASH":2197940180.8,"DIVI_RATIO":0.476960495945,"DIVIDEND_RATE":3.676470588235,"CURRENT_RATIO":2.294585261529,"COMMON_ACS":1000000000,"CURRENTDEBT_DEBT":19.371189928162,"ISSUED_COMMON_SHARES":602122726,"HK_COMMON_SHARES":602122726,"PER_SHARES":2000,"TOTAL_MARKET_CAP":818886907.36,"HKSK_MARKET_CAP":818886907.36,"PE_TTM":-1.674824277384,"PB_TTM":0.205222932547,"REPORT_DATE_SQ":"2020-12-31 00:00:00","REPORT_TYPE_SQ":"2020年年报","OPERATE_INCOME_SQ":507465996.36,"DPS_HKD":0.05,"OPERATE_INCOME_QOQ_SQ":-20.404673801387,"NET_PROFIT_RATIO_SQ":25.0382702351,"HOLDER_PROFIT_SQ":127060707.52,"HOLDER_PROFIT_QOQ_SQ":2.512223974487,"ROE_AVG_SQ":2.417229952593,"PE_TTM_SQ":-1.379236250607,"PB_TTM_SQ":0.231652821534,"ROA_SQ":0.805174390006,"START_DATE":"2021-01-01 00:00:00","FISCAL_YEAR":"12-31","CURRENCY":"HKD","IS_CNY_CODE":0,"DPS_HKD_LY":0.05,"ORG_TYPE":"一般企业","PREMIUM_INCOME":null,"PREMIUM_INCOME_YOY":null,"NET_INTEREST_INCOME":null,"NET_INTEREST_INCOME_YOY":null,"FEE_COMMISSION_INCOME":null,"FEE_COMMISSION_INCOME_YOY":null,"ACCOUNTS_RECE_TDAYS":null,"INVENTORY_TDAYS":null,"CURRENT_ASSETS_TDAYS":0.128359003328,"TOTAL_ASSETS_TDAYS":0.03386859124,"PREMIUM_EXPENSE":null,"LOAN_DEPOSIT":null,"LOAN_EQUITY":null,"LOAN_ASSETS":null,"DEPOSIT_EQUITY":null,"DEPOSIT_ASSETS":null,"EQUITY_MULTIPLIER":2.633911042398,"EQUITY_RATIO":1.633911042397},{"SECUCODE":"00251.HK","SECURITY_CODE":"00251","SECURITY_NAME_ABBR":"爪哇控股","ORG_CODE":"10007510","STD_REPORT_DATE":"2021-06-30 00:00:00","REPORT_DATE":"2021-06-30 00:00:00","DATE_TYPE_CODE":"002","REPORT_TYPE":"2021年中报","PER_NETCASH_OPERATE":0.280330049359,"PER_OI":0.357714523867,"BPS":8.109968393653,"BASIC_EPS":0.08570424,"DILUTED_EPS":0.08570424,"OPERATE_INCOME":229738120.08,"OPERATE_INCOME_YOY":-12.3892176617,"GROSS_PROFIT":229738120.08,"GROSS_PROFIT_YOY":-20.192700376551,"HOLDER_PROFIT":54606914.16,"HOLDER_PROFIT_YOY":17.2853185596,"GROSS_PROFIT_RATIO":null,"EPS_TTM":0.203282799985,"OPERATE_INCOME_QOQ":-11.454546538477,"NET_PROFIT_RATIO":23.7692004013,"ROE_AVG":1.083913667111,"GROSS_PROFIT_QOQ":-11.554715036134,"ROA":0.393150705694,"HOLDER_PROFIT_QOQ":2.7509519097,"ROE_YEARLY":2.167827334223,"ROIC_YEARLY":0.989282981256,"TOTAL_ASSETS":13665652566.72,"TOTAL_LIABILITIES":8782456289.76,"TAX_EBT":10.56676796446,"OCF_SALES":78.366974404294,"TOTAL_PARENT_EQUITY":4883196276.96,"DEBT_ASSET_RATIO":64.2666440324,"OPERATE_PROFIT":151353687.84,"PRETAX_PROFIT":61058862.48,"NETCASH_OPERATE":180038813.76,"NETCASH_INVEST":545574886.08,"NETCASH_FINANCE":-611206028.16,"END_CASH":2908558938.24,"DIVI_RATIO":0.223531946645,"DIVIDEND_RATE":3.676470588235,"CURRENT_RATIO":1.268147146191,"COMMON_ACS":1000000000,"CURRENTDEBT_DEBT":33.508684466683,"ISSUED_COMMON_SHARES":602122726,"HK_COMMON_SHARES":602122726,"PER_SHARES":2000,"TOTAL_MARKET_CAP":818886907.36,"HKSK_MARKET_CAP":818886907.36,"PE_TTM":-1.674824277384,"PB_TTM":0.205222932547,"REPORT_DATE_SQ":"2020-06-30 00:00:00","REPORT_TYPE_SQ":"2020年中报","OPERATE_INCOME_SQ":287866048.8,"DPS_HKD":0.05,"OPERATE_INCOME_QOQ_SQ":-12.823466528296,"NET_PROFIT_RATIO_SQ":17.7553189802,"HOLDER_PROFIT_SQ":51111535.2,"HOLDER_PROFIT_QOQ_SQ":-20.073273565407,"ROE_AVG_SQ":0.904276173426,"PE_TTM_SQ":-1.379236250607,"PB_TTM_SQ":0.231652821534,"ROA_SQ":0.290964354306,"START_DATE":"2021-01-01 00:00:00","FISCAL_YEAR":"12-31","CURRENCY":"HKD","IS_CNY_CODE":0,"DPS_HKD_LY":0.05,"ORG_TYPE":"一般企业","PREMIUM_INCOME":null,"PREMIUM_INCOME_YOY":null,"NET_INTEREST_INCOME":null,"NET_INTEREST_INCOME_YOY":null,"FEE_COMMISSION_INCOME":null,"FEE_COMMISSION_INCOME_YOY":null,"ACCOUNTS_RECE_TDAYS":11.948286307772,"INVENTORY_TDAYS":null,"CURRENT_ASSETS_TDAYS":0.062821544003,"TOTAL_ASSETS_TDAYS":0.016540342084,"PREMIUM_EXPENSE":null,"LOAN_DEPOSIT":null,"LOAN_EQUITY":null,"LOAN_ASSETS":null,"DEPOSIT_EQUITY":null,"DEPOSIT_ASSETS":null,"EQUITY_MULTIPLIER":2.798505690052,"EQUITY_RATIO":1.798505690053},{"SECUCODE":"00251.HK","SECURITY_CODE":"00251","SECURITY_NAME_ABBR":"爪哇控股","ORG_CODE":"10007510","STD_REPORT_DATE":"2020-12-31 00:00:00","REPORT_DATE":"2020-12-31 00:00:00","DATE_TYPE_CODE":"001","REPORT_TYPE":"2020年年报","PER_NETCASH_OPERATE":0.603546084762,"PER_OI":0.790151661393,"BPS":8.723043601248,"BASIC_EPS":0.1935772,"DILUTED_EPS":0.1935772,"OPERATE_INCOME":507465996.36,"OPERATE_INCOME_YOY":-26.1480177701,"GROSS_PROFIT":507465996.36,"GROSS_PROFIT_YOY":-30.611553814554,"HOLDER_PROFIT":127060707.52,"HOLDER_PROFIT_YOY":-12.7947411592,"GROSS_PROFIT_RATIO":null,"EPS_TTM":0.197840308247,"OPERATE_INCOME_QOQ":-20.404673801387,"NET_PROFIT_RATIO":25.0382702351,"ROE_AVG":2.417229952593,"GROSS_PROFIT_QOQ":-19.779614553433,"ROA":0.805174390006,"HOLDER_PROFIT_QOQ":2.512223974487,"ROE_YEARLY":2.417229952593,"ROIC_YEARLY":1.036940739085,"TOTAL_ASSETS":14275626671.92,"TOTAL_LIABILITIES":9023283879.72,"TAX_EBT":14.573171421781,"OCF_SALES":76.383574730201,"TOTAL_PARENT_EQUITY":5252342792.2,"DEBT_ASSET_RATIO":63.2076201423,"OPERATE_PROFIT":379126837.68,"PRETAX_PROFIT":148736304.08,"NETCASH_OPERATE":387620668.56,"NETCASH_INVEST":1663049499.32,"NETCASH_FINANCE":-3448875758.56,"END_CASH":2823244347.84,"DIVI_RATIO":0.229681203,"DIVIDEND_RATE":3.676470588235,"CURRENT_RATIO":1.161603732804,"COMMON_ACS":1000000000,"CURRENTDEBT_DEBT":34.567006492727,"ISSUED_COMMON_SHARES":602122726,"HK_COMMON_SHARES":602122726,"PER_SHARES":2000,"TOTAL_MARKET_CAP":818886907.36,"HKSK_MARKET_CAP":818886907.36,"PE_TTM":-1.674824277384,"PB_TTM":0.205222932547,"REPORT_DATE_SQ":"2019-12-31 00:00:00","REPORT_TYPE_SQ":"2019年年报","OPERATE_INCOME_SQ":731340769.62,"DPS_HKD":0.05,"OPERATE_INCOME_QOQ_SQ":-1.61974735071,"NET_PROFIT_RATIO_SQ":21.2042933311,"HOLDER_PROFIT_SQ":155075642.04,"HOLDER_PROFIT_QOQ_SQ":30.230026905099,"ROE_AVG_SQ":2.823663888123,"PE_TTM_SQ":-1.379236250607,"PB_TTM_SQ":0.231652821534,"ROA_SQ":0.854400303703,"START_DATE":"2020-01-01 00:00:00","FISCAL_YEAR":"12-31","CURRENCY":"HKD","IS_CNY_CODE":0,"DPS_HKD_LY":0.05,"ORG_TYPE":"一般企业","PREMIUM_INCOME":null,"PREMIUM_INCOME_YOY":null,"NET_INTEREST_INCOME":null,"NET_INTEREST_INCOME_YOY":null,"FEE_COMMISSION_INCOME":null,"FEE_COMMISSION_INCOME_YOY":null,"ACCOUNTS_RECE_TDAYS":15.607905568067,"INVENTORY_TDAYS":null,"CURRENT_ASSETS_TDAYS":0.097982757639,"TOTAL_ASSETS_TDAYS":0.032157748217,"PREMIUM_EXPENSE":null,"LOAN_DEPOSIT":null,"LOAN_EQUITY":null,"LOAN_ASSETS":null,"DEPOSIT_EQUITY":null,"DEPOSIT_ASSETS":null,"EQUITY_MULTIPLIER":2.717954108616,"EQUITY_RATIO":1.717954108616},{"SECUCODE":"00251.HK","SECURITY_CODE":"00251","SECURITY_NAME_ABBR":"爪哇控股","ORG_CODE":"10007510","STD_REPORT_DATE":"2020-06-30 00:00:00","REPORT_DATE":"2020-06-30 00:00:00","DATE_TYPE_CODE":"002","REPORT_TYPE":"2020年中报","PER_NETCASH_OPERATE":0.370888054767,"PER_OI":0.434653403416,"BPS":9.292216540719,"BASIC_EPS":0.07672896,"DILUTED_EPS":0.07672896,"OPERATE_INCOME":287866048.8,"OPERATE_INCOME_YOY":-27.3625132531,"GROSS_PROFIT":287866048.8,"GROSS_PROFIT_YOY":-24.573146563369,"HOLDER_PROFIT":51111535.2,"HOLDER_PROFIT_YOY":-40.1493191858,"GROSS_PROFIT_RATIO":null,"EPS_TTM":0.187149319193,"OPERATE_INCOME_QOQ":-12.823466528296,"NET_PROFIT_RATIO":17.7553189802,"ROE_AVG":0.904276173426,"GROSS_PROFIT_QOQ":-12.887174008429,"ROA":0.290964354306,"HOLDER_PROFIT_QOQ":-20.073273565407,"ROE_YEARLY":1.808552346852,"ROIC_YEARLY":0.769960623714,"TOTAL_ASSETS":16372480291.2,"TOTAL_LIABILITIES":10777425537.12,"TAX_EBT":21.47217739106,"OCF_SALES":85.329610179441,"TOTAL_PARENT_EQUITY":5595054754.08,"DEBT_ASSET_RATIO":65.8264682286,"OPERATE_PROFIT":213933128.64,"PRETAX_PROFIT":65087167.2,"NETCASH_OPERATE":245634977.28,"NETCASH_INVEST":1399222920.48,"NETCASH_FINANCE":-2226267024.96,"END_CASH":3987805008,"DIVI_RATIO":0.242801845051,"DIVIDEND_RATE":3.676470588235,"CURRENT_RATIO":1.275625627157,"COMMON_ACS":1000000000,"CURRENTDEBT_DEBT":40.162354858233,"ISSUED_COMMON_SHARES":602122726,"HK_COMMON_SHARES":602122726,"PER_SHARES":2000,"TOTAL_MARKET_CAP":818886907.36,"HKSK_MARKET_CAP":818886907.36,"PE_TTM":-1.674824277384,"PB_TTM":0.205222932547,"REPORT_DATE_SQ":"2019-06-30 00:00:00","REPORT_TYPE_SQ":"2019年中报","OPERATE_INCOME_SQ":381649287.6,"DPS_HKD":0.05,"OPERATE_INCOME_QOQ_SQ":8.939517511982,"NET_PROFIT_RATIO_SQ":21.5486562486,"HOLDER_PROFIT_SQ":82240293.06,"HOLDER_PROFIT_QOQ_SQ":12.292442660976,"ROE_AVG_SQ":1.537637422099,"PE_TTM_SQ":-1.379236250607,"PB_TTM_SQ":0.231652821534,"ROA_SQ":0.462065240008,"START_DATE":"2020-01-01 00:00:00","FISCAL_YEAR":"12-31","CURRENCY":"HKD","IS_CNY_CODE":0,"DPS_HKD_LY":0.05,"ORG_TYPE":"一般企业","PREMIUM_INCOME":null,"PREMIUM_INCOME_YOY":null,"NET_INTEREST_INCOME":null,"NET_INTEREST_INCOME_YOY":null,"FEE_COMMISSION_INCOME":null,"FEE_COMMISSION_INCOME_YOY":null,"ACCOUNTS_RECE_TDAYS":6.547719221699,"INVENTORY_TDAYS":null,"CURRENT_ASSETS_TDAYS":0.044869650991,"TOTAL_ASSETS_TDAYS":0.016387447313,"PREMIUM_EXPENSE":null,"LOAN_DEPOSIT":null,"LOAN_EQUITY":null,"LOAN_ASSETS":null,"DEPOSIT_EQUITY":null,"DEPOSIT_ASSETS":null,"EQUITY_MULTIPLIER":2.926241298937,"EQUITY_RATIO":1.926241298937}],"count":48},"success":true,"message":"ok","code":0}