{"version":"a2a43e1260b786cd98dbab80eed6a684","result":{"pages":6,"data":[{"SECUCODE":"00269.HK","SECURITY_CODE":"00269","SECURITY_NAME_ABBR":"中国资源交通","ORG_CODE":"10007526","STD_REPORT_DATE":"2024-06-30 00:00:00","REPORT_DATE":"2024-09-30 00:00:00","DATE_TYPE_CODE":"002","REPORT_TYPE":"2024年中报","PER_NETCASH_OPERATE":0.014735885486,"PER_OI":0.025416886217,"BPS":-1.012890234405,"BASIC_EPS":-0.0090179,"DILUTED_EPS":null,"OPERATE_INCOME":270539705.37,"OPERATE_INCOME_YOY":-7.5046863824,"GROSS_PROFIT":91400925.45,"GROSS_PROFIT_YOY":-29.850394925652,"HOLDER_PROFIT":-99046301.07,"HOLDER_PROFIT_YOY":-113.3868891782,"GROSS_PROFIT_RATIO":33.784662153379,"EPS_TTM":0.147497987876,"OPERATE_INCOME_QOQ":0,"NET_PROFIT_RATIO":-35.6379769536,"ROE_AVG":0.9279853054,"GROSS_PROFIT_QOQ":0,"ROA":-1.739915206995,"HOLDER_PROFIT_QOQ":0,"ROE_YEARLY":1.855970610799,"ROIC_YEARLY":-2.985458620501,"TOTAL_ASSETS":5703376265.74,"TOTAL_LIABILITIES":17445567623.52,"TAX_EBT":null,"OCF_SALES":57.976753565798,"TOTAL_PARENT_EQUITY":-10781298041.18,"DEBT_ASSET_RATIO":305.8814079708,"OPERATE_PROFIT":67483651.07,"PRETAX_PROFIT":-96414877.85,"NETCASH_OPERATE":156850138.28,"NETCASH_INVEST":-3158068.58,"NETCASH_FINANCE":-156257662.25,"END_CASH":9710474.72,"DIVI_RATIO":null,"DIVIDEND_RATE":null,"CURRENT_RATIO":0.029458931077,"COMMON_ACS":20000000000,"CURRENTDEBT_DEBT":99.982207737536,"ISSUED_COMMON_SHARES":10644093185,"HK_COMMON_SHARES":10644093185,"PER_SHARES":5000,"TOTAL_MARKET_CAP":106440931.85,"HKSK_MARKET_CAP":106440931.85,"PE_TTM":0.132796196116,"PB_TTM":-0.008903136484,"REPORT_DATE_SQ":"2023-06-30 00:00:00","REPORT_TYPE_SQ":"2023年中报","OPERATE_INCOME_SQ":297627784.72,"DPS_HKD":null,"OPERATE_INCOME_QOQ_SQ":0,"NET_PROFIT_RATIO_SQ":297.3417112695,"HOLDER_PROFIT_SQ":752871368.76,"HOLDER_PROFIT_QOQ_SQ":0,"ROE_AVG_SQ":-6.215723214812,"PE_TTM_SQ":-0.02406196826,"PB_TTM_SQ":-0.008711631944,"ROA_SQ":10.89659522239,"START_DATE":"2024-04-01 00:00:00","FISCAL_YEAR":"3-31","CURRENCY":"HKD","IS_CNY_CODE":0,"DPS_HKD_LY":null,"ORG_TYPE":"一般企业","PREMIUM_INCOME":null,"PREMIUM_INCOME_YOY":null,"NET_INTEREST_INCOME":null,"NET_INTEREST_INCOME_YOY":null,"FEE_COMMISSION_INCOME":null,"FEE_COMMISSION_INCOME_YOY":null,"ACCOUNTS_RECE_TDAYS":0.975913079544,"INVENTORY_TDAYS":266.641610738255,"CURRENT_ASSETS_TDAYS":0.543916759811,"TOTAL_ASSETS_TDAYS":0.047524858817,"PREMIUM_EXPENSE":null,"LOAN_DEPOSIT":null,"LOAN_EQUITY":null,"LOAN_ASSETS":null,"DEPOSIT_EQUITY":null,"DEPOSIT_ASSETS":null,"EQUITY_MULTIPLIER":-0.485716515083,"EQUITY_RATIO":-1.618132395272},{"SECUCODE":"00269.HK","SECURITY_CODE":"00269","SECURITY_NAME_ABBR":"中国资源交通","ORG_CODE":"10007526","STD_REPORT_DATE":"2023-12-31 00:00:00","REPORT_DATE":"2024-03-31 00:00:00","DATE_TYPE_CODE":"001","REPORT_TYPE":"2023年年报","PER_NETCASH_OPERATE":0.08930103646,"PER_OI":0.050518001868,"BPS":-0.997829759126,"BASIC_EPS":0.145048,"DILUTED_EPS":null,"OPERATE_INCOME":537718319.4,"OPERATE_INCOME_YOY":-19.3138628542,"GROSS_PROFIT":199812685.5,"GROSS_PROFIT_YOY":-16.796534353174,"HOLDER_PROFIT":1569982327.55,"HOLDER_PROFIT_YOY":229.0530535901,"GROSS_PROFIT_RATIO":37.159359889943,"EPS_TTM":0.009937608211,"OPERATE_INCOME_QOQ":0,"NET_PROFIT_RATIO":345.2956091903,"ROE_AVG":-13.550530943081,"GROSS_PROFIT_QOQ":0,"ROA":24.74273715961,"HOLDER_PROFIT_QOQ":0,"ROE_YEARLY":-13.550530943081,"ROIC_YEARLY":21.065628343351,"TOTAL_ASSETS":5711801677.6,"TOTAL_LIABILITIES":17283974979.55,"TAX_EBT":null,"OCF_SALES":176.770721641142,"TOTAL_PARENT_EQUITY":-10620992938.9,"DEBT_ASSET_RATIO":302.6011047851,"OPERATE_PROFIT":165209672,"PRETAX_PROFIT":1856717746.7,"NETCASH_OPERATE":950528553.6,"NETCASH_INVEST":-310946.65,"NETCASH_FINANCE":-955749375.05,"END_CASH":12122386.6,"DIVI_RATIO":null,"DIVIDEND_RATE":null,"CURRENT_RATIO":0.027978752883,"COMMON_ACS":20000000000,"CURRENTDEBT_DEBT":99.979675501416,"ISSUED_COMMON_SHARES":10644093185,"HK_COMMON_SHARES":10644093185,"PER_SHARES":5000,"TOTAL_MARKET_CAP":106440931.85,"HKSK_MARKET_CAP":106440931.85,"PE_TTM":0.061461855382,"PB_TTM":-0.008903136484,"REPORT_DATE_SQ":"2022-12-31 00:00:00","REPORT_TYPE_SQ":"2022年年报","OPERATE_INCOME_SQ":643540153.3,"DPS_HKD":null,"OPERATE_INCOME_QOQ_SQ":0,"NET_PROFIT_RATIO_SQ":-205.5114061459,"HOLDER_PROFIT_SQ":-1174752072.45,"HOLDER_PROFIT_QOQ_SQ":0,"ROE_AVG_SQ":9.975224822499,"PE_TTM_SQ":-0.02406196826,"PB_TTM_SQ":-0.008711631944,"ROA_SQ":-15.418670247193,"START_DATE":"2023-04-01 00:00:00","FISCAL_YEAR":"3-31","CURRENCY":"HKD","IS_CNY_CODE":0,"DPS_HKD_LY":null,"ORG_TYPE":"一般企业","PREMIUM_INCOME":null,"PREMIUM_INCOME_YOY":null,"NET_INTEREST_INCOME":null,"NET_INTEREST_INCOME_YOY":null,"FEE_COMMISSION_INCOME":null,"FEE_COMMISSION_INCOME_YOY":null,"ACCOUNTS_RECE_TDAYS":0.751579919704,"INVENTORY_TDAYS":1104.40888888889,"CURRENT_ASSETS_TDAYS":0.646885771355,"TOTAL_ASSETS_TDAYS":0.084743775833,"PREMIUM_EXPENSE":null,"LOAN_DEPOSIT":null,"LOAN_EQUITY":null,"LOAN_ASSETS":null,"DEPOSIT_EQUITY":null,"DEPOSIT_ASSETS":null,"EQUITY_MULTIPLIER":-0.493580724084,"EQUITY_RATIO":-1.62734078433},{"SECUCODE":"00269.HK","SECURITY_CODE":"00269","SECURITY_NAME_ABBR":"中国资源交通","ORG_CODE":"10007526","STD_REPORT_DATE":"2023-06-30 00:00:00","REPORT_DATE":"2023-09-30 00:00:00","DATE_TYPE_CODE":"002","REPORT_TYPE":"2023年中报","PER_NETCASH_OPERATE":-0.000489501834,"PER_OI":0.027961779322,"BPS":-1.082296573499,"BASIC_EPS":0.0734104,"DILUTED_EPS":null,"OPERATE_INCOME":297627784.72,"OPERATE_INCOME_YOY":-13.5999659029,"GROSS_PROFIT":130294283.7,"GROSS_PROFIT_YOY":223.572002039538,"HOLDER_PROFIT":752871368.76,"HOLDER_PROFIT_YOY":240.6309135288,"GROSS_PROFIT_RATIO":43.777594159288,"EPS_TTM":-0.110366571584,"OPERATE_INCOME_QOQ":0,"NET_PROFIT_RATIO":297.3417112695,"ROE_AVG":-6.215723214812,"GROSS_PROFIT_QOQ":0,"ROA":10.89659522239,"HOLDER_PROFIT_QOQ":0,"ROE_YEARLY":-12.431446429623,"ROIC_YEARLY":18.573261428006,"TOTAL_ASSETS":6754527609.2,"TOTAL_LIABILITIES":19387880259.93,"TAX_EBT":null,"OCF_SALES":-1.750610462965,"TOTAL_PARENT_EQUITY":-11520065582.13,"DEBT_ASSET_RATIO":287.0353247727,"OPERATE_PROFIT":104128064.25,"PRETAX_PROFIT":884971548.3,"NETCASH_OPERATE":-5210303.14,"NETCASH_INVEST":-184443.63,"NETCASH_FINANCE":-677210.94,"END_CASH":9385519.64,"DIVI_RATIO":null,"DIVIDEND_RATE":null,"CURRENT_RATIO":0.071191006802,"COMMON_ACS":20000000000,"CURRENTDEBT_DEBT":99.979482408615,"ISSUED_COMMON_SHARES":10644093185,"HK_COMMON_SHARES":10644093185,"PER_SHARES":5000,"TOTAL_MARKET_CAP":106440931.85,"HKSK_MARKET_CAP":106440931.85,"PE_TTM":0.061461855382,"PB_TTM":-0.008903136484,"REPORT_DATE_SQ":"2022-06-30 00:00:00","REPORT_TYPE_SQ":"2022年中报","OPERATE_INCOME_SQ":339524967.12,"DPS_HKD":null,"OPERATE_INCOME_QOQ_SQ":0,"NET_PROFIT_RATIO_SQ":-174.4681644548,"HOLDER_PROFIT_SQ":-527657531.52,"HOLDER_PROFIT_QOQ_SQ":0,"ROE_AVG_SQ":4.615803514411,"PE_TTM_SQ":-0.02406196826,"PB_TTM_SQ":-0.008711631944,"ROA_SQ":-6.157999389064,"START_DATE":"2023-04-01 00:00:00","FISCAL_YEAR":"3-31","CURRENCY":"HKD","IS_CNY_CODE":0,"DPS_HKD_LY":null,"ORG_TYPE":"一般企业","PREMIUM_INCOME":null,"PREMIUM_INCOME_YOY":null,"NET_INTEREST_INCOME":null,"NET_INTEREST_INCOME_YOY":null,"FEE_COMMISSION_INCOME":null,"FEE_COMMISSION_INCOME_YOY":null,"ACCOUNTS_RECE_TDAYS":0.250271708203,"INVENTORY_TDAYS":1470.59677419355,"CURRENT_ASSETS_TDAYS":0.231313931654,"TOTAL_ASSETS_TDAYS":0.043076807428,"PREMIUM_EXPENSE":null,"LOAN_DEPOSIT":null,"LOAN_EQUITY":null,"LOAN_ASSETS":null,"DEPOSIT_EQUITY":null,"DEPOSIT_ASSETS":null,"EQUITY_MULTIPLIER":-0.534658359973,"EQUITY_RATIO":-1.682966136061},{"SECUCODE":"00269.HK","SECURITY_CODE":"00269","SECURITY_NAME_ABBR":"中国资源交通","ORG_CODE":"10007526","STD_REPORT_DATE":"2022-12-31 00:00:00","REPORT_DATE":"2023-03-31 00:00:00","DATE_TYPE_CODE":"001","REPORT_TYPE":"2022年年报","PER_NETCASH_OPERATE":-0.002264910272,"PER_OI":0.060459838346,"BPS":-1.138672269012,"BASIC_EPS":-0.1138033,"DILUTED_EPS":null,"OPERATE_INCOME":643540153.3,"OPERATE_INCOME_YOY":53.2810949216,"GROSS_PROFIT":240149474.48,"GROSS_PROFIT_YOY":168.734008446265,"HOLDER_PROFIT":-1174752072.45,"HOLDER_PROFIT_YOY":69.2074399893,"GROSS_PROFIT_RATIO":37.31693714037,"EPS_TTM":-0.341098833231,"OPERATE_INCOME_QOQ":0,"NET_PROFIT_RATIO":-205.5114061459,"ROE_AVG":9.975224822499,"GROSS_PROFIT_QOQ":0,"ROA":-15.418670247193,"HOLDER_PROFIT_QOQ":0,"ROE_YEARLY":9.975224822499,"ROIC_YEARLY":-13.345224528434,"TOTAL_ASSETS":6738931566.89,"TOTAL_LIABILITIES":20106910611.24,"TAX_EBT":null,"OCF_SALES":-3.746140138479,"TOTAL_PARENT_EQUITY":-12120133738.54,"DEBT_ASSET_RATIO":298.3694137811,"OPERATE_PROFIT":-943177238.92,"PRETAX_PROFIT":-1322548418.16,"NETCASH_OPERATE":-24107915.99,"NETCASH_INVEST":10420880.64,"NETCASH_FINANCE":-8312017.95,"END_CASH":15557786.52,"DIVI_RATIO":null,"DIVIDEND_RATE":null,"CURRENT_RATIO":0.056931927462,"COMMON_ACS":20000000000,"CURRENTDEBT_DEBT":99.456073962656,"ISSUED_COMMON_SHARES":10644093185,"HK_COMMON_SHARES":10644093185,"PER_SHARES":5000,"TOTAL_MARKET_CAP":106440931.85,"HKSK_MARKET_CAP":106440931.85,"PE_TTM":0.061461855382,"PB_TTM":-0.008903136484,"REPORT_DATE_SQ":"2021-12-31 00:00:00","REPORT_TYPE_SQ":"2021年年报","OPERATE_INCOME_SQ":388957151.96,"DPS_HKD":null,"OPERATE_INCOME_QOQ_SQ":0,"NET_PROFIT_RATIO_SQ":-1057.4543991193,"HOLDER_PROFIT_SQ":-3534395367.17,"HOLDER_PROFIT_QOQ_SQ":0,"ROE_AVG_SQ":40.258404740607,"PE_TTM_SQ":-0.02406196826,"PB_TTM_SQ":-0.008711631944,"ROA_SQ":-36.976076368281,"START_DATE":"2022-04-01 00:00:00","FISCAL_YEAR":"3-31","CURRENCY":"HKD","IS_CNY_CODE":0,"DPS_HKD_LY":null,"ORG_TYPE":"一般企业","PREMIUM_INCOME":null,"PREMIUM_INCOME_YOY":null,"NET_INTEREST_INCOME":null,"NET_INTEREST_INCOME_YOY":null,"FEE_COMMISSION_INCOME":null,"FEE_COMMISSION_INCOME_YOY":null,"ACCOUNTS_RECE_TDAYS":0.740108711301,"INVENTORY_TDAYS":5177.55056179775,"CURRENT_ASSETS_TDAYS":0.665820122688,"TOTAL_ASSETS_TDAYS":0.08446491517,"PREMIUM_EXPENSE":null,"LOAN_DEPOSIT":null,"LOAN_EQUITY":null,"LOAN_ASSETS":null,"DEPOSIT_EQUITY":null,"DEPOSIT_ASSETS":null,"EQUITY_MULTIPLIER":-0.504109973881,"EQUITY_RATIO":-1.658967718096},{"SECUCODE":"00269.HK","SECURITY_CODE":"00269","SECURITY_NAME_ABBR":"中国资源交通","ORG_CODE":"10007526","STD_REPORT_DATE":"2022-06-30 00:00:00","REPORT_DATE":"2022-09-30 00:00:00","DATE_TYPE_CODE":"002","REPORT_TYPE":"2022年中报","PER_NETCASH_OPERATE":0.001092048207,"PER_OI":0.03189797019,"BPS":-1.038198130709,"BASIC_EPS":-0.045222,"DILUTED_EPS":null,"OPERATE_INCOME":339524967.12,"OPERATE_INCOME_YOY":91.5618445963,"GROSS_PROFIT":40267477.68,"GROSS_PROFIT_YOY":122.002288540891,"HOLDER_PROFIT":-527657531.52,"HOLDER_PROFIT_YOY":-12.6687884312,"GROSS_PROFIT_RATIO":11.859945977336,"EPS_TTM":-0.332052275919,"OPERATE_INCOME_QOQ":0,"NET_PROFIT_RATIO":-174.4681644548,"ROE_AVG":4.615803514411,"GROSS_PROFIT_QOQ":0,"ROA":-6.157999389064,"HOLDER_PROFIT_QOQ":0,"ROE_YEARLY":9.231607028821,"ROIC_YEARLY":-10.912852045248,"TOTAL_ASSETS":8356344556.68,"TOTAL_LIABILITIES":20486406224.76,"TAX_EBT":null,"OCF_SALES":3.423566454803,"TOTAL_PARENT_EQUITY":-11050677647.76,"DEBT_ASSET_RATIO":245.1599031826,"OPERATE_PROFIT":1425397.44,"PRETAX_PROFIT":-592362978,"NETCASH_OPERATE":11623862.88,"NETCASH_INVEST":12335657.16,"NETCASH_FINANCE":-7699497.72,"END_CASH":48805391.28,"DIVI_RATIO":null,"DIVIDEND_RATE":null,"CURRENT_RATIO":0.044624765446,"COMMON_ACS":20000000000,"CURRENTDEBT_DEBT":99.468595747221,"ISSUED_COMMON_SHARES":10644093185,"HK_COMMON_SHARES":10644093185,"PER_SHARES":5000,"TOTAL_MARKET_CAP":106440931.85,"HKSK_MARKET_CAP":106440931.85,"PE_TTM":0.061461855382,"PB_TTM":-0.008903136484,"REPORT_DATE_SQ":"2021-06-30 00:00:00","REPORT_TYPE_SQ":"2021年中报","OPERATE_INCOME_SQ":163252269.02,"DPS_HKD":null,"OPERATE_INCOME_QOQ_SQ":0,"NET_PROFIT_RATIO_SQ":-315.4832191134,"HOLDER_PROFIT_SQ":-431365132.48,"HOLDER_PROFIT_QOQ_SQ":0,"ROE_AVG_SQ":5.846045340699,"PE_TTM_SQ":-0.02406196826,"PB_TTM_SQ":-0.008711631944,"ROA_SQ":-3.736882908301,"START_DATE":"2022-04-01 00:00:00","FISCAL_YEAR":"3-31","CURRENCY":"HKD","IS_CNY_CODE":0,"DPS_HKD_LY":null,"ORG_TYPE":"一般企业","PREMIUM_INCOME":null,"PREMIUM_INCOME_YOY":null,"NET_INTEREST_INCOME":null,"NET_INTEREST_INCOME_YOY":null,"FEE_COMMISSION_INCOME":null,"FEE_COMMISSION_INCOME_YOY":null,"ACCOUNTS_RECE_TDAYS":0.447579344711,"INVENTORY_TDAYS":3847.39534883721,"CURRENT_ASSETS_TDAYS":0.392453437723,"TOTAL_ASSETS_TDAYS":0.039624082197,"PREMIUM_EXPENSE":null,"LOAN_DEPOSIT":null,"LOAN_EQUITY":null,"LOAN_ASSETS":null,"DEPOSIT_EQUITY":null,"DEPOSIT_ASSETS":null,"EQUITY_MULTIPLIER":-0.688895471873,"EQUITY_RATIO":-1.853859724966},{"SECUCODE":"00269.HK","SECURITY_CODE":"00269","SECURITY_NAME_ABBR":"中国资源交通","ORG_CODE":"10007526","STD_REPORT_DATE":"2021-12-31 00:00:00","REPORT_DATE":"2022-03-31 00:00:00","DATE_TYPE_CODE":"001","REPORT_TYPE":"2021年年报","PER_NETCASH_OPERATE":0.000751952989,"PER_OI":0.036542065651,"BPS":-0.995121663777,"BASIC_EPS":-0.3892848,"DILUTED_EPS":null,"OPERATE_INCOME":388957151.96,"OPERATE_INCOME_YOY":-19.8156882349,"GROSS_PROFIT":-349389596.08,"GROSS_PROFIT_YOY":-110.846952678461,"HOLDER_PROFIT":-3534395367.17,"HOLDER_PROFIT_YOY":-227.0647665264,"GROSS_PROFIT_RATIO":-89.827271286666,"EPS_TTM":-0.071031036463,"OPERATE_INCOME_QOQ":0,"NET_PROFIT_RATIO":-1057.4543991193,"ROE_AVG":40.258404740607,"GROSS_PROFIT_QOQ":0,"ROA":-36.976076368281,"HOLDER_PROFIT_QOQ":0,"ROE_YEARLY":40.258404740607,"ROIC_YEARLY":-34.277103581888,"TOTAL_ASSETS":7873873062.25,"TOTAL_LIABILITIES":19551345718.04,"TAX_EBT":null,"OCF_SALES":2.057773626135,"TOTAL_PARENT_EQUITY":-10592167719.65,"DEBT_ASSET_RATIO":248.3065902062,"OPERATE_PROFIT":-3035432818.81,"PRETAX_PROFIT":-4113044514.09,"NETCASH_OPERATE":5822240.79,"NETCASH_INVEST":-2323543.65,"NETCASH_FINANCE":-1235979.24,"END_CASH":33574191.98,"DIVI_RATIO":null,"DIVIDEND_RATE":null,"CURRENT_RATIO":0.03788834255,"COMMON_ACS":20000000000,"CURRENTDEBT_DEBT":99.372931237225,"ISSUED_COMMON_SHARES":10644093185,"HK_COMMON_SHARES":10644093185,"PER_SHARES":5000,"TOTAL_MARKET_CAP":106440931.85,"HKSK_MARKET_CAP":106440931.85,"PE_TTM":0.132796196116,"PB_TTM":-0.008903136484,"REPORT_DATE_SQ":"2020-12-31 00:00:00","REPORT_TYPE_SQ":"2020年年报","OPERATE_INCOME_SQ":505516526.06,"DPS_HKD":null,"OPERATE_INCOME_QOQ_SQ":0,"NET_PROFIT_RATIO_SQ":-250.9425413422,"HOLDER_PROFIT_SQ":-1126171078.34,"HOLDER_PROFIT_QOQ_SQ":0,"ROE_AVG_SQ":16.977167401048,"PE_TTM_SQ":-0.02406196826,"PB_TTM_SQ":-0.008711631944,"ROA_SQ":-9.926977509761,"START_DATE":"2021-04-01 00:00:00","FISCAL_YEAR":"3-31","CURRENCY":"HKD","IS_CNY_CODE":0,"DPS_HKD_LY":null,"ORG_TYPE":"一般企业","PREMIUM_INCOME":null,"PREMIUM_INCOME_YOY":null,"NET_INTEREST_INCOME":null,"NET_INTEREST_INCOME_YOY":null,"FEE_COMMISSION_INCOME":null,"FEE_COMMISSION_INCOME_YOY":null,"ACCOUNTS_RECE_TDAYS":0.611864607879,"INVENTORY_TDAYS":10404.6171428571,"CURRENT_ASSETS_TDAYS":0.535604123159,"TOTAL_ASSETS_TDAYS":0.040691852101,"PREMIUM_EXPENSE":null,"LOAN_DEPOSIT":null,"LOAN_EQUITY":null,"LOAN_ASSETS":null,"DEPOSIT_EQUITY":null,"DEPOSIT_ASSETS":null,"EQUITY_MULTIPLIER":-0.67427886961,"EQUITY_RATIO":-1.845830450907},{"SECUCODE":"00269.HK","SECURITY_CODE":"00269","SECURITY_NAME_ABBR":"中国资源交通","ORG_CODE":"10007526","STD_REPORT_DATE":"2021-06-30 00:00:00","REPORT_DATE":"2021-09-30 00:00:00","DATE_TYPE_CODE":"002","REPORT_TYPE":"2021年中报","PER_NETCASH_OPERATE":-0.001412367111,"PER_OI":0.018296909212,"BPS":-0.714172548026,"BASIC_EPS":-0.0499836,"DILUTED_EPS":null,"OPERATE_INCOME":163252269.02,"OPERATE_INCOME_YOY":-32.0498061706,"GROSS_PROFIT":-183014951.4,"GROSS_PROFIT_YOY":-109.635011605876,"HOLDER_PROFIT":-431365132.48,"HOLDER_PROFIT_YOY":43.2286584497,"GROSS_PROFIT_RATIO":-112.105609617946,"EPS_TTM":-0.126218459944,"OPERATE_INCOME_QOQ":0,"NET_PROFIT_RATIO":-315.4832191134,"ROE_AVG":5.846045340699,"GROSS_PROFIT_QOQ":0,"ROA":-3.736882908301,"HOLDER_PROFIT_QOQ":0,"ROE_YEARLY":11.692090681398,"ROIC_YEARLY":-7.153521341769,"TOTAL_ASSETS":11537881000,"TOTAL_LIABILITIES":19727662203.72,"TAX_EBT":null,"OCF_SALES":-7.719156796808,"TOTAL_PARENT_EQUITY":-7601719151.36,"DEBT_ASSET_RATIO":170.9816750903,"OPERATE_PROFIT":20122564.3,"PRETAX_PROFIT":-515033513.58,"NETCASH_OPERATE":-12601698.62,"NETCASH_INVEST":140787.14,"NETCASH_FINANCE":-628960.3,"END_CASH":20407470.82,"DIVI_RATIO":null,"DIVIDEND_RATE":null,"CURRENT_RATIO":0.045070437199,"COMMON_ACS":20000000000,"CURRENTDEBT_DEBT":98.153461839937,"ISSUED_COMMON_SHARES":10644093185,"HK_COMMON_SHARES":10644093185,"PER_SHARES":5000,"TOTAL_MARKET_CAP":106440931.85,"HKSK_MARKET_CAP":106440931.85,"PE_TTM":0.132796196116,"PB_TTM":-0.008903136484,"REPORT_DATE_SQ":"2020-06-30 00:00:00","REPORT_TYPE_SQ":"2020年中报","OPERATE_INCOME_SQ":253421090.56,"DPS_HKD":null,"OPERATE_INCOME_QOQ_SQ":0,"NET_PROFIT_RATIO_SQ":-357.4834083454,"HOLDER_PROFIT_SQ":-801475239.68,"HOLDER_PROFIT_QOQ_SQ":0,"ROE_AVG_SQ":11.99994842659,"PE_TTM_SQ":-0.02406196826,"PB_TTM_SQ":-0.008711631944,"ROA_SQ":-6.913672067846,"START_DATE":"2021-04-01 00:00:00","FISCAL_YEAR":"3-31","CURRENCY":"HKD","IS_CNY_CODE":0,"DPS_HKD_LY":null,"ORG_TYPE":"一般企业","PREMIUM_INCOME":null,"PREMIUM_INCOME_YOY":null,"NET_INTEREST_INCOME":null,"NET_INTEREST_INCOME_YOY":null,"FEE_COMMISSION_INCOME":null,"FEE_COMMISSION_INCOME_YOY":null,"ACCOUNTS_RECE_TDAYS":0.27861471049,"INVENTORY_TDAYS":4890.08235294118,"CURRENT_ASSETS_TDAYS":0.202990365139,"TOTAL_ASSETS_TDAYS":0.014142418288,"PREMIUM_EXPENSE":null,"LOAN_DEPOSIT":null,"LOAN_EQUITY":null,"LOAN_ASSETS":null,"DEPOSIT_EQUITY":null,"DEPOSIT_ASSETS":null,"EQUITY_MULTIPLIER":-1.408814315424,"EQUITY_RATIO":-2.595157991359},{"SECUCODE":"00269.HK","SECURITY_CODE":"00269","SECURITY_NAME_ABBR":"中国资源交通","ORG_CODE":"10007526","STD_REPORT_DATE":"2020-12-31 00:00:00","REPORT_DATE":"2021-03-31 00:00:00","DATE_TYPE_CODE":"001","REPORT_TYPE":"2020年年报","PER_NETCASH_OPERATE":0.000722941362,"PER_OI":0.06792389549,"BPS":-0.682058179601,"BASIC_EPS":-0.1521324,"DILUTED_EPS":null,"OPERATE_INCOME":505516526.06,"OPERATE_INCOME_YOY":5.3835528101,"GROSS_PROFIT":-165707681.16,"GROSS_PROFIT_YOY":7.114013719873,"HOLDER_PROFIT":-1126171078.34,"HOLDER_PROFIT_YOY":57.7625412282,"GROSS_PROFIT_RATIO":-32.779874171776,"EPS_TTM":-0.428790982089,"OPERATE_INCOME_QOQ":0,"NET_PROFIT_RATIO":-250.9425413422,"ROE_AVG":16.977167401048,"GROSS_PROFIT_QOQ":0,"ROA":-9.926977509761,"HOLDER_PROFIT_QOQ":0,"ROE_YEARLY":16.977167401048,"ROIC_YEARLY":-9.593116378892,"TOTAL_ASSETS":11717038830.7,"TOTAL_LIABILITIES":19482978641.42,"TAX_EBT":null,"OCF_SALES":1.064340254499,"TOTAL_PARENT_EQUITY":-7259890821.26,"DEBT_ASSET_RATIO":166.279031101,"OPERATE_PROFIT":-185029341.14,"PRETAX_PROFIT":-1268556017.4,"NETCASH_OPERATE":5380415.88,"NETCASH_INVEST":-18593.96,"NETCASH_FINANCE":-1229736.9,"END_CASH":33385455.18,"DIVI_RATIO":null,"DIVIDEND_RATE":null,"CURRENT_RATIO":0.039607765633,"COMMON_ACS":20000000000,"CURRENTDEBT_DEBT":96.732317019501,"ISSUED_COMMON_SHARES":10644093185,"HK_COMMON_SHARES":10644093185,"PER_SHARES":5000,"TOTAL_MARKET_CAP":106440931.85,"HKSK_MARKET_CAP":106440931.85,"PE_TTM":0.061461855382,"PB_TTM":-0.008903136484,"REPORT_DATE_SQ":"2019-12-31 00:00:00","REPORT_TYPE_SQ":"2019年年报","OPERATE_INCOME_SQ":518581399.4,"DPS_HKD":null,"OPERATE_INCOME_QOQ_SQ":0,"NET_PROFIT_RATIO_SQ":-632.5680718582,"HOLDER_PROFIT_SQ":-2882444821.5,"HOLDER_PROFIT_QOQ_SQ":0,"ROE_AVG_SQ":57.0948679963,"PE_TTM_SQ":-0.02406196826,"PB_TTM_SQ":-0.008711631944,"ROA_SQ":-21.44499103302,"START_DATE":"2020-04-01 00:00:00","FISCAL_YEAR":"3-31","CURRENCY":"HKD","IS_CNY_CODE":0,"DPS_HKD_LY":null,"ORG_TYPE":"一般企业","PREMIUM_INCOME":null,"PREMIUM_INCOME_YOY":null,"NET_INTEREST_INCOME":null,"NET_INTEREST_INCOME_YOY":null,"FEE_COMMISSION_INCOME":null,"FEE_COMMISSION_INCOME_YOY":null,"ACCOUNTS_RECE_TDAYS":1.160292771122,"INVENTORY_TDAYS":12506.7559055118,"CURRENT_ASSETS_TDAYS":0.999309976108,"TOTAL_ASSETS_TDAYS":0.044560291785,"PREMIUM_EXPENSE":null,"LOAN_DEPOSIT":null,"LOAN_EQUITY":null,"LOAN_ASSETS":null,"DEPOSIT_EQUITY":null,"DEPOSIT_ASSETS":null,"EQUITY_MULTIPLIER":-1.508772810025,"EQUITY_RATIO":-2.683646231203},{"SECUCODE":"00269.HK","SECURITY_CODE":"00269","SECURITY_NAME_ABBR":"中国资源交通","ORG_CODE":"10007526","STD_REPORT_DATE":"2020-06-30 00:00:00","REPORT_DATE":"2020-09-30 00:00:00","DATE_TYPE_CODE":"002","REPORT_TYPE":"2020年中报","PER_NETCASH_OPERATE":0.002230923276,"PER_OI":0.034051008786,"BPS":-0.668220175218,"BASIC_EPS":-0.1054464,"DILUTED_EPS":null,"OPERATE_INCOME":253421090.56,"OPERATE_INCOME_YOY":-17.2214456496,"GROSS_PROFIT":-87301710.72,"GROSS_PROFIT_YOY":-299.034203122406,"HOLDER_PROFIT":-801475239.68,"HOLDER_PROFIT_YOY":-66.9856520649,"GROSS_PROFIT_RATIO":-34.449268025437,"EPS_TTM":-0.387300653327,"OPERATE_INCOME_QOQ":0,"NET_PROFIT_RATIO":-357.4834083454,"ROE_AVG":11.99994842659,"GROSS_PROFIT_QOQ":0,"ROA":-6.913672067846,"HOLDER_PROFIT_QOQ":0,"ROE_YEARLY":23.99989685318,"ROIC_YEARLY":-13.392028519144,"TOTAL_ASSETS":11777747776,"TOTAL_LIABILITIES":19363017864.32,"TAX_EBT":null,"OCF_SALES":6.551709789943,"TOTAL_PARENT_EQUITY":-7112597813.12,"DEBT_ASSET_RATIO":164.4034006551,"OPERATE_PROFIT":-116563086.72,"PRETAX_PROFIT":-905938352,"NETCASH_OPERATE":16603414.4,"NETCASH_INVEST":-628284.8,"NETCASH_FINANCE":-1197695.36,"END_CASH":48567733.12,"DIVI_RATIO":null,"DIVIDEND_RATE":null,"CURRENT_RATIO":0.02836474131,"COMMON_ACS":20000000000,"CURRENTDEBT_DEBT":96.658929296801,"ISSUED_COMMON_SHARES":10644093185,"HK_COMMON_SHARES":10644093185,"PER_SHARES":5000,"TOTAL_MARKET_CAP":106440931.85,"HKSK_MARKET_CAP":106440931.85,"PE_TTM":0.132796196116,"PB_TTM":-0.008903136484,"REPORT_DATE_SQ":"2019-06-30 00:00:00","REPORT_TYPE_SQ":"2019年中报","OPERATE_INCOME_SQ":314257577.97,"DPS_HKD":null,"OPERATE_INCOME_QOQ_SQ":0,"NET_PROFIT_RATIO_SQ":-175.56982408,"HOLDER_PROFIT_SQ":-492687784.11,"HOLDER_PROFIT_QOQ_SQ":0,"ROE_AVG_SQ":12.850274380299,"PE_TTM_SQ":-0.02406196826,"PB_TTM_SQ":-0.008711631944,"ROA_SQ":-3.443835652022,"START_DATE":"2020-04-01 00:00:00","FISCAL_YEAR":"3-31","CURRENCY":"HKD","IS_CNY_CODE":0,"DPS_HKD_LY":null,"ORG_TYPE":"一般企业","PREMIUM_INCOME":null,"PREMIUM_INCOME_YOY":null,"NET_INTEREST_INCOME":null,"NET_INTEREST_INCOME_YOY":null,"FEE_COMMISSION_INCOME":null,"FEE_COMMISSION_INCOME_YOY":null,"ACCOUNTS_RECE_TDAYS":0.782780872763,"INVENTORY_TDAYS":6986.46846846847,"CURRENT_ASSETS_TDAYS":0.62831123844,"TOTAL_ASSETS_TDAYS":0.02186056697,"PREMIUM_EXPENSE":null,"LOAN_DEPOSIT":null,"LOAN_EQUITY":null,"LOAN_ASSETS":null,"DEPOSIT_EQUITY":null,"DEPOSIT_ASSETS":null,"EQUITY_MULTIPLIER":-1.552713039728,"EQUITY_RATIO":-2.722355231249}],"count":48},"success":true,"message":"ok","code":0}