{"version":"b2f923bd3e9e0d18efaff3765a9b5c5d","result":{"pages":6,"data":[{"SECUCODE":"00266.HK","SECURITY_CODE":"00266","SECURITY_NAME_ABBR":"天德地产","ORG_CODE":"10007524","STD_REPORT_DATE":"2024-06-30 00:00:00","REPORT_DATE":"2024-09-30 00:00:00","DATE_TYPE_CODE":"002","REPORT_TYPE":"2024年中报","PER_NETCASH_OPERATE":0.15593063702,"PER_OI":0.297071161844,"BPS":7.636898936988,"BASIC_EPS":-0.5320561,"DILUTED_EPS":-0.5320561,"OPERATE_INCOME":141029134.52,"OPERATE_INCOME_YOY":1.9159585006,"GROSS_PROFIT":96058670.8,"GROSS_PROFIT_YOY":0.004076102197,"HOLDER_PROFIT":-250543413.91,"HOLDER_PROFIT_YOY":-219.0559650326,"GROSS_PROFIT_RATIO":68.112642913779,"EPS_TTM":0.369951487811,"OPERATE_INCOME_QOQ":0,"NET_PROFIT_RATIO":-334.5678696575,"ROE_AVG":-6.641915483395,"GROSS_PROFIT_QOQ":0,"ROA":-3.273265326897,"HOLDER_PROFIT_QOQ":0,"ROE_YEARLY":-13.28383096679,"ROIC_YEARLY":-13.579229564244,"TOTAL_ASSETS":7422875169.72,"TOTAL_LIABILITIES":517500307.61,"TAX_EBT":-2.631981577306,"OCF_SALES":52.489321431312,"TOTAL_PARENT_EQUITY":3625478962.06,"DEBT_ASSET_RATIO":6.9716962198,"OPERATE_PROFIT":-454781714.9,"PRETAX_PROFIT":-459737952.74,"NETCASH_OPERATE":74025235.73,"NETCASH_INVEST":8640049.99,"NETCASH_FINANCE":-5170863.86,"END_CASH":592072929.87,"DIVI_RATIO":0.391301034783,"DIVIDEND_RATE":8.290155440415,"CURRENT_RATIO":3.192474974955,"COMMON_ACS":null,"CURRENTDEBT_DEBT":42.789953629724,"ISSUED_COMMON_SHARES":474731824,"HK_COMMON_SHARES":474731824,"PER_SHARES":2000,"TOTAL_MARKET_CAP":916232420.32,"HKSK_MARKET_CAP":916232420.32,"PE_TTM":-2.886162284404,"PB_TTM":0.227900711318,"REPORT_DATE_SQ":"2023-06-30 00:00:00","REPORT_TYPE_SQ":"2023年中报","OPERATE_INCOME_SQ":140808488.24,"DPS_HKD":0.16,"OPERATE_INCOME_QOQ_SQ":0,"NET_PROFIT_RATIO_SQ":300.9918669517,"HOLDER_PROFIT_SQ":214138136.8,"HOLDER_PROFIT_QOQ_SQ":0,"ROE_AVG_SQ":5.403839514118,"PE_TTM_SQ":33.965402927903,"PB_TTM_SQ":0.237703213936,"ROA_SQ":2.671995237675,"START_DATE":"2024-04-01 00:00:00","FISCAL_YEAR":"3-31","CURRENCY":"HKD","IS_CNY_CODE":0,"DPS_HKD_LY":0.16,"ORG_TYPE":"一般企业","PREMIUM_INCOME":null,"PREMIUM_INCOME_YOY":null,"NET_INTEREST_INCOME":null,"NET_INTEREST_INCOME_YOY":null,"FEE_COMMISSION_INCOME":null,"FEE_COMMISSION_INCOME_YOY":null,"ACCOUNTS_RECE_TDAYS":1.344070680853,"INVENTORY_TDAYS":null,"CURRENT_ASSETS_TDAYS":0.21158532048,"TOTAL_ASSETS_TDAYS":0.018424981479,"PREMIUM_EXPENSE":null,"LOAN_DEPOSIT":null,"LOAN_EQUITY":null,"LOAN_ASSETS":null,"DEPOSIT_EQUITY":null,"DEPOSIT_ASSETS":null,"EQUITY_MULTIPLIER":1.074941667606,"EQUITY_RATIO":0.142739845694},{"SECUCODE":"00266.HK","SECURITY_CODE":"00266","SECURITY_NAME_ABBR":"天德地产","ORG_CODE":"10007524","STD_REPORT_DATE":"2023-12-31 00:00:00","REPORT_DATE":"2024-03-31 00:00:00","DATE_TYPE_CODE":"001","REPORT_TYPE":"2023年年报","PER_NETCASH_OPERATE":0.358186414842,"PER_OI":0.581583400126,"BPS":8.298407618024,"BASIC_EPS":0.3716855,"DILUTED_EPS":0.3716855,"OPERATE_INCOME":276096148.35,"OPERATE_INCOME_YOY":-1.7168102182,"GROSS_PROFIT":188283182.6,"GROSS_PROFIT_YOY":-3.184713478636,"HOLDER_PROFIT":175627744.6,"HOLDER_PROFIT_YOY":125.5130408444,"GROSS_PROFIT_RATIO":68.194787839386,"EPS_TTM":0.111766366246,"OPERATE_INCOME_QOQ":0,"NET_PROFIT_RATIO":125.4543484471,"ROE_AVG":4.521847512636,"GROSS_PROFIT_QOQ":0,"ROA":2.247773091082,"HOLDER_PROFIT_QOQ":0,"ROE_YEARLY":4.521847512636,"ROIC_YEARLY":4.602443215719,"TOTAL_ASSETS":7927217689,"TOTAL_LIABILITIES":427239790.55,"TAX_EBT":6.382311431708,"OCF_SALES":61.588142777871,"TOTAL_PARENT_EQUITY":3939518184.8,"DEBT_ASSET_RATIO":5.3895301897,"OPERATE_PROFIT":380442773,"PRETAX_PROFIT":369988438.4,"NETCASH_OPERATE":170042490.05,"NETCASH_INVEST":22314728.25,"NETCASH_FINANCE":-138831786.65,"END_CASH":517256579.35,"DIVI_RATIO":1.295223284623,"DIVIDEND_RATE":8.205128205128,"CURRENT_RATIO":4.720056287857,"COMMON_ACS":null,"CURRENTDEBT_DEBT":31.213013043174,"ISSUED_COMMON_SHARES":474731824,"HK_COMMON_SHARES":474731824,"PER_SHARES":2000,"TOTAL_MARKET_CAP":925727056.8,"HKSK_MARKET_CAP":925727056.8,"PE_TTM":-2.916070701859,"PB_TTM":0.23026237672,"REPORT_DATE_SQ":"2022-12-31 00:00:00","REPORT_TYPE_SQ":"2022年年报","OPERATE_INCOME_SQ":271269424.57,"DPS_HKD":0.16,"OPERATE_INCOME_QOQ_SQ":0,"NET_PROFIT_RATIO_SQ":-500.7006005609,"HOLDER_PROFIT_SQ":-664738206.45,"HOLDER_PROFIT_QOQ_SQ":0,"ROE_AVG_SQ":-16.396111590163,"PE_TTM_SQ":35.655988593998,"PB_TTM_SQ":0.249534595625,"ROA_SQ":-8.127642993165,"START_DATE":"2023-04-01 00:00:00","FISCAL_YEAR":"3-31","CURRENCY":"HKD","IS_CNY_CODE":0,"DPS_HKD_LY":0.15,"ORG_TYPE":"一般企业","PREMIUM_INCOME":null,"PREMIUM_INCOME_YOY":null,"NET_INTEREST_INCOME":null,"NET_INTEREST_INCOME_YOY":null,"FEE_COMMISSION_INCOME":null,"FEE_COMMISSION_INCOME_YOY":null,"ACCOUNTS_RECE_TDAYS":2.341602371149,"INVENTORY_TDAYS":null,"CURRENT_ASSETS_TDAYS":0.44659005427,"TOTAL_ASSETS_TDAYS":0.035336187584,"PREMIUM_EXPENSE":null,"LOAN_DEPOSIT":null,"LOAN_EQUITY":null,"LOAN_ASSETS":null,"DEPOSIT_EQUITY":null,"DEPOSIT_ASSETS":null,"EQUITY_MULTIPLIER":1.056965473277,"EQUITY_RATIO":0.108449757181},{"SECUCODE":"00266.HK","SECURITY_CODE":"00266","SECURITY_NAME_ABBR":"天德地产","ORG_CODE":"10007524","STD_REPORT_DATE":"2023-06-30 00:00:00","REPORT_DATE":"2023-09-30 00:00:00","DATE_TYPE_CODE":"002","REPORT_TYPE":"2023年中报","PER_NETCASH_OPERATE":0.209467335415,"PER_OI":0.296606380953,"BPS":8.531488768783,"BASIC_EPS":0.4496387,"DILUTED_EPS":0.4496387,"OPERATE_INCOME":140808488.24,"OPERATE_INCOME_YOY":-3.0485300715,"GROSS_PROFIT":96054755.51,"GROSS_PROFIT_YOY":-6.7449018593,"HOLDER_PROFIT":214138136.8,"HOLDER_PROFIT_YOY":141.9053502229,"GROSS_PROFIT_RATIO":68.216594546687,"EPS_TTM":-1.400239404321,"OPERATE_INCOME_QOQ":0,"NET_PROFIT_RATIO":300.9918669517,"ROE_AVG":5.403839514118,"GROSS_PROFIT_QOQ":0,"ROA":2.671995237675,"HOLDER_PROFIT_QOQ":0,"ROE_YEARLY":10.807679028235,"ROIC_YEARLY":10.945506284778,"TOTAL_ASSETS":8234622588.22,"TOTAL_LIABILITIES":517203796.9,"TAX_EBT":2.824176448435,"OCF_SALES":70.621317970909,"TOTAL_PARENT_EQUITY":4050169224.64,"DEBT_ASSET_RATIO":6.2808439775,"OPERATE_PROFIT":441060694.76,"PRETAX_PROFIT":436139445.07,"NETCASH_OPERATE":99440810.21,"NETCASH_INVEST":6690440.33,"NETCASH_FINANCE":-5095599.39,"END_CASH":570427254.53,"DIVI_RATIO":-0.103384035297,"DIVIDEND_RATE":8.247422680412,"CURRENT_RATIO":3.152115717817,"COMMON_ACS":null,"CURRENTDEBT_DEBT":43.212391107642,"ISSUED_COMMON_SHARES":474731824,"HK_COMMON_SHARES":474731824,"PER_SHARES":2000,"TOTAL_MARKET_CAP":920979738.56,"HKSK_MARKET_CAP":920979738.56,"PE_TTM":-2.901116493131,"PB_TTM":0.229081544019,"REPORT_DATE_SQ":"2022-06-30 00:00:00","REPORT_TYPE_SQ":"2022年中报","OPERATE_INCOME_SQ":143148432.12,"DPS_HKD":0.16,"OPERATE_INCOME_QOQ_SQ":0,"NET_PROFIT_RATIO_SQ":-706.7130843542,"HOLDER_PROFIT_SQ":-503659120.56,"HOLDER_PROFIT_QOQ_SQ":0,"ROE_AVG_SQ":-11.743489877278,"PE_TTM_SQ":36.117057412024,"PB_TTM_SQ":0.252761336086,"ROA_SQ":-5.784930668748,"START_DATE":"2023-04-01 00:00:00","FISCAL_YEAR":"3-31","CURRENCY":"HKD","IS_CNY_CODE":0,"DPS_HKD_LY":0.15,"ORG_TYPE":"一般企业","PREMIUM_INCOME":null,"PREMIUM_INCOME_YOY":null,"NET_INTEREST_INCOME":null,"NET_INTEREST_INCOME_YOY":null,"FEE_COMMISSION_INCOME":null,"FEE_COMMISSION_INCOME_YOY":null,"ACCOUNTS_RECE_TDAYS":null,"INVENTORY_TDAYS":null,"CURRENT_ASSETS_TDAYS":0.213519605933,"TOTAL_ASSETS_TDAYS":0.017569948801,"PREMIUM_EXPENSE":null,"LOAN_DEPOSIT":null,"LOAN_EQUITY":null,"LOAN_ASSETS":null,"DEPOSIT_EQUITY":null,"DEPOSIT_ASSETS":null,"EQUITY_MULTIPLIER":1.067017718085,"EQUITY_RATIO":0.12769930544},{"SECUCODE":"00266.HK","SECURITY_CODE":"00266","SECURITY_NAME_ABBR":"天德地产","ORG_CODE":"10007524","STD_REPORT_DATE":"2022-12-31 00:00:00","REPORT_DATE":"2023-03-31 00:00:00","DATE_TYPE_CODE":"001","REPORT_TYPE":"2022年年报","PER_NETCASH_OPERATE":0.263060865222,"PER_OI":0.571416136134,"BPS":7.787425514031,"BASIC_EPS":-1.400656,"DILUTED_EPS":-1.400656,"OPERATE_INCOME":271269424.57,"OPERATE_INCOME_YOY":-0.1517651153,"GROSS_PROFIT":194476708.55,"GROSS_PROFIT_YOY":9.356435136062,"HOLDER_PROFIT":-664738206.45,"HOLDER_PROFIT_YOY":-37.0599468615,"GROSS_PROFIT_RATIO":71.691348502793,"EPS_TTM":-1.578475252883,"OPERATE_INCOME_QOQ":0,"NET_PROFIT_RATIO":-500.7006005609,"ROE_AVG":-16.396111590163,"GROSS_PROFIT_QOQ":0,"ROA":-8.127642993165,"HOLDER_PROFIT_QOQ":0,"ROE_YEARLY":-16.396111590163,"ROIC_YEARLY":-16.485135763102,"TOTAL_ASSETS":7435122379.23,"TOTAL_LIABILITIES":403464213.26,"TAX_EBT":-1.919485527167,"OCF_SALES":46.036653252742,"TOTAL_PARENT_EQUITY":3696938718.54,"DEBT_ASSET_RATIO":5.4264636502,"OPERATE_PROFIT":-1327364923.98,"PRETAX_PROFIT":-1332667282.35,"NETCASH_OPERATE":124883364.37,"NETCASH_INVEST":-2841580.86,"NETCASH_FINANCE":-105556062.39,"END_CASH":447895647.81,"DIVI_RATIO":-0.091710275302,"DIVIDEND_RATE":8.205128205128,"CURRENT_RATIO":4.620969745487,"COMMON_ACS":null,"CURRENTDEBT_DEBT":31.440312788846,"ISSUED_COMMON_SHARES":474731824,"HK_COMMON_SHARES":474731824,"PER_SHARES":2000,"TOTAL_MARKET_CAP":925727056.8,"HKSK_MARKET_CAP":925727056.8,"PE_TTM":-2.916070701859,"PB_TTM":0.23026237672,"REPORT_DATE_SQ":"2021-12-31 00:00:00","REPORT_TYPE_SQ":"2021年年报","OPERATE_INCOME_SQ":251695331.48,"DPS_HKD":0.16,"OPERATE_INCOME_QOQ_SQ":0,"NET_PROFIT_RATIO_SQ":-359.0517741374,"HOLDER_PROFIT_SQ":-449319004.24,"HOLDER_PROFIT_QOQ_SQ":0,"ROE_AVG_SQ":-10.347082902691,"PE_TTM_SQ":35.655988593998,"PB_TTM_SQ":0.249534595625,"ROA_SQ":-5.119662774844,"START_DATE":"2022-04-01 00:00:00","FISCAL_YEAR":"3-31","CURRENCY":"HKD","IS_CNY_CODE":0,"DPS_HKD_LY":0.12,"ORG_TYPE":"一般企业","PREMIUM_INCOME":null,"PREMIUM_INCOME_YOY":null,"NET_INTEREST_INCOME":null,"NET_INTEREST_INCOME_YOY":null,"FEE_COMMISSION_INCOME":null,"FEE_COMMISSION_INCOME_YOY":null,"ACCOUNTS_RECE_TDAYS":2.127092757463,"INVENTORY_TDAYS":null,"CURRENT_ASSETS_TDAYS":0.466599309159,"TOTAL_ASSETS_TDAYS":0.033167659335,"PREMIUM_EXPENSE":null,"LOAN_DEPOSIT":null,"LOAN_EQUITY":null,"LOAN_ASSETS":null,"DEPOSIT_EQUITY":null,"DEPOSIT_ASSETS":null,"EQUITY_MULTIPLIER":1.057378246174,"EQUITY_RATIO":0.109134677087},{"SECUCODE":"00266.HK","SECURITY_CODE":"00266","SECURITY_NAME_ABBR":"天德地产","ORG_CODE":"10007524","STD_REPORT_DATE":"2022-06-30 00:00:00","REPORT_DATE":"2022-09-30 00:00:00","DATE_TYPE_CODE":"002","REPORT_TYPE":"2022年中报","PER_NETCASH_OPERATE":0.152264183747,"PER_OI":0.301535361404,"BPS":8.467585732698,"BASIC_EPS":-1.0581948,"DILUTED_EPS":-1.0581948,"OPERATE_INCOME":143148432.12,"OPERATE_INCOME_YOY":-3.614905395,"GROSS_PROFIT":103002149.4,"GROSS_PROFIT_YOY":4.261891261438,"HOLDER_PROFIT":-503659120.56,"HOLDER_PROFIT_YOY":-127.8246212633,"GROSS_PROFIT_RATIO":71.954786981987,"EPS_TTM":-0.946469104292,"OPERATE_INCOME_QOQ":0,"NET_PROFIT_RATIO":-706.7130843542,"ROE_AVG":-11.743489877278,"GROSS_PROFIT_QOQ":0,"ROA":-5.784930668748,"HOLDER_PROFIT_QOQ":0,"ROE_YEARLY":-23.486979754556,"ROIC_YEARLY":-23.517316324679,"TOTAL_ASSETS":8194574609.4,"TOTAL_LIABILITIES":503016063.72,"TAX_EBT":-1.394273696806,"OCF_SALES":50.496294377437,"TOTAL_PARENT_EQUITY":4019832419.76,"DEBT_ASSET_RATIO":6.1384036109,"OPERATE_PROFIT":-996121273.92,"PRETAX_PROFIT":-997737508.2,"NETCASH_OPERATE":72284653.68,"NETCASH_INVEST":-1589101.08,"NETCASH_FINANCE":-1623469.8,"END_CASH":514745746.08,"DIVI_RATIO":-0.211121735611,"DIVIDEND_RATE":11,"CURRENT_RATIO":2.972764428879,"COMMON_ACS":null,"CURRENTDEBT_DEBT":43.948087161498,"ISSUED_COMMON_SHARES":474731824,"HK_COMMON_SHARES":474731824,"PER_SHARES":2000,"TOTAL_MARKET_CAP":949463648,"HKSK_MARKET_CAP":949463648,"PE_TTM":-2.990841745496,"PB_TTM":0.236166540225,"REPORT_DATE_SQ":"2021-06-30 00:00:00","REPORT_TYPE_SQ":"2021年中报","OPERATE_INCOME_SQ":136795949.54,"DPS_HKD":0.22,"OPERATE_INCOME_QOQ_SQ":0,"NET_PROFIT_RATIO_SQ":-298.4416201304,"HOLDER_PROFIT_SQ":-203625688.86,"HOLDER_PROFIT_QOQ_SQ":0,"ROE_AVG_SQ":-4.421542408863,"PE_TTM_SQ":-1.481690697746,"PB_TTM_SQ":0.254912496393,"ROA_SQ":-2.181171311776,"START_DATE":"2022-04-01 00:00:00","FISCAL_YEAR":"3-31","CURRENCY":"HKD","IS_CNY_CODE":0,"DPS_HKD_LY":0.12,"ORG_TYPE":"一般企业","PREMIUM_INCOME":null,"PREMIUM_INCOME_YOY":null,"NET_INTEREST_INCOME":null,"NET_INTEREST_INCOME_YOY":null,"FEE_COMMISSION_INCOME":null,"FEE_COMMISSION_INCOME_YOY":null,"ACCOUNTS_RECE_TDAYS":null,"INVENTORY_TDAYS":null,"CURRENT_ASSETS_TDAYS":0.22851165601,"TOTAL_ASSETS_TDAYS":0.016441750409,"PREMIUM_EXPENSE":null,"LOAN_DEPOSIT":null,"LOAN_EQUITY":null,"LOAN_ASSETS":null,"DEPOSIT_EQUITY":null,"DEPOSIT_ASSETS":null,"EQUITY_MULTIPLIER":1.065398457378,"EQUITY_RATIO":0.125133590457},{"SECUCODE":"00266.HK","SECURITY_CODE":"00266","SECURITY_NAME_ABBR":"天德地产","ORG_CODE":"10007524","STD_REPORT_DATE":"2021-12-31 00:00:00","REPORT_DATE":"2022-03-31 00:00:00","DATE_TYPE_CODE":"001","REPORT_TYPE":"2021年年报","PER_NETCASH_OPERATE":0.325436307742,"PER_OI":0.530184240355,"BPS":8.609090995067,"BASIC_EPS":-0.9488817,"DILUTED_EPS":-0.9488817,"OPERATE_INCOME":251695331.48,"OPERATE_INCOME_YOY":-30.2403783475,"GROSS_PROFIT":177837461.79,"GROSS_PROFIT_YOY":-39.626502695186,"HOLDER_PROFIT":-449319004.24,"HOLDER_PROFIT_YOY":28.754164936,"GROSS_PROFIT_RATIO":70.655844406924,"EPS_TTM":-1.22886996849,"OPERATE_INCOME_QOQ":0,"NET_PROFIT_RATIO":-359.0517741374,"ROE_AVG":-10.347082902691,"GROSS_PROFIT_QOQ":0,"ROA":-5.119662774844,"HOLDER_PROFIT_QOQ":0,"ROE_YEARLY":-10.347082902691,"ROIC_YEARLY":-10.286156268909,"TOTAL_ASSETS":8265966389.88,"TOTAL_LIABILITIES":400360763.57,"TAX_EBT":-2.709618190583,"OCF_SALES":61.381739208888,"TOTAL_PARENT_EQUITY":4087009471.07,"DEBT_ASSET_RATIO":4.8434840488,"OPERATE_PROFIT":-877457671.32,"PRETAX_PROFIT":-879875292.13,"NETCASH_OPERATE":154494971.97,"NETCASH_INVEST":15198327.4,"NETCASH_FINANCE":-119436631.69,"END_CASH":399764671.22,"DIVI_RATIO":-0.162604836251,"DIVIDEND_RATE":11,"CURRENT_RATIO":3.539072029231,"COMMON_ACS":null,"CURRENTDEBT_DEBT":37.699252720006,"ISSUED_COMMON_SHARES":474731824,"HK_COMMON_SHARES":474731824,"PER_SHARES":2000,"TOTAL_MARKET_CAP":949463648,"HKSK_MARKET_CAP":949463648,"PE_TTM":-2.990841745496,"PB_TTM":0.236166540225,"REPORT_DATE_SQ":"2020-12-31 00:00:00","REPORT_TYPE_SQ":"2020年年报","OPERATE_INCOME_SQ":376005368.76,"DPS_HKD":0.22,"OPERATE_INCOME_QOQ_SQ":0,"NET_PROFIT_RATIO_SQ":-346.2142770442,"HOLDER_PROFIT_SQ":-657231407.14,"HOLDER_PROFIT_QOQ_SQ":0,"ROE_AVG_SQ":-12.736072441476,"PE_TTM_SQ":-1.481690697746,"PB_TTM_SQ":0.254912496393,"ROA_SQ":-6.309724725709,"START_DATE":"2021-04-01 00:00:00","FISCAL_YEAR":"3-31","CURRENCY":"HKD","IS_CNY_CODE":0,"DPS_HKD_LY":0.16,"ORG_TYPE":"一般企业","PREMIUM_INCOME":null,"PREMIUM_INCOME_YOY":null,"NET_INTEREST_INCOME":null,"NET_INTEREST_INCOME_YOY":null,"FEE_COMMISSION_INCOME":null,"FEE_COMMISSION_INCOME_YOY":null,"ACCOUNTS_RECE_TDAYS":null,"INVENTORY_TDAYS":null,"CURRENT_ASSETS_TDAYS":0.473570809478,"TOTAL_ASSETS_TDAYS":0.028678849704,"PREMIUM_EXPENSE":null,"LOAN_DEPOSIT":null,"LOAN_EQUITY":null,"LOAN_ASSETS":null,"DEPOSIT_EQUITY":null,"DEPOSIT_ASSETS":null,"EQUITY_MULTIPLIER":1.050900182719,"EQUITY_RATIO":0.097959343232},{"SECUCODE":"00266.HK","SECURITY_CODE":"00266","SECURITY_NAME_ABBR":"天德地产","ORG_CODE":"10007524","STD_REPORT_DATE":"2021-06-30 00:00:00","REPORT_DATE":"2021-09-30 00:00:00","DATE_TYPE_CODE":"002","REPORT_TYPE":"2021年中报","PER_NETCASH_OPERATE":0.204127255855,"PER_OI":0.288154159094,"BPS":9.45307750369,"BASIC_EPS":-0.4248606,"DILUTED_EPS":-0.4248606,"OPERATE_INCOME":136795949.54,"OPERATE_INCOME_YOY":-33.789897263,"GROSS_PROFIT":98791752.34,"GROSS_PROFIT_YOY":-41.587623617955,"HOLDER_PROFIT":-203625688.86,"HOLDER_PROFIT_YOY":22.5920765114,"GROSS_PROFIT_RATIO":72.218331516543,"EPS_TTM":-1.38442668874,"OPERATE_INCOME_QOQ":0,"NET_PROFIT_RATIO":-298.4416201304,"ROE_AVG":-4.421542408863,"GROSS_PROFIT_QOQ":0,"ROA":-2.181171311776,"HOLDER_PROFIT_QOQ":0,"ROE_YEARLY":-8.843084817727,"ROIC_YEARLY":-8.786606366462,"TOTAL_ASSETS":9132020381.2,"TOTAL_LIABILITIES":472406666.44,"TAX_EBT":-3.496208129449,"OCF_SALES":70.839600752699,"TOTAL_PARENT_EQUITY":4487676725.74,"DEBT_ASSET_RATIO":5.1730794142,"OPERATE_PROFIT":-393600023.5,"PRETAX_PROFIT":-394464739.78,"NETCASH_OPERATE":96905704.5,"NETCASH_INVEST":10514050.26,"NETCASH_FINANCE":-980511.62,"END_CASH":465431455.06,"DIVI_RATIO":-0.144334258813,"DIVIDEND_RATE":11,"CURRENT_RATIO":2.795203105924,"COMMON_ACS":null,"CURRENTDEBT_DEBT":46.51139004786,"ISSUED_COMMON_SHARES":474731824,"HK_COMMON_SHARES":474731824,"PER_SHARES":2000,"TOTAL_MARKET_CAP":949463648,"HKSK_MARKET_CAP":949463648,"PE_TTM":-2.990841745496,"PB_TTM":0.236166540225,"REPORT_DATE_SQ":"2020-06-30 00:00:00","REPORT_TYPE_SQ":"2020年中报","OPERATE_INCOME_SQ":217933104.64,"DPS_HKD":0.22,"OPERATE_INCOME_QOQ_SQ":0,"NET_PROFIT_RATIO_SQ":-255.5513442898,"HOLDER_PROFIT_SQ":-277473414.4,"HOLDER_PROFIT_QOQ_SQ":0,"ROE_AVG_SQ":-4.964674431927,"PE_TTM_SQ":-1.481690697746,"PB_TTM_SQ":0.254912496393,"ROA_SQ":-2.45040361586,"START_DATE":"2021-04-01 00:00:00","FISCAL_YEAR":"3-31","CURRENCY":"HKD","IS_CNY_CODE":0,"DPS_HKD_LY":0.16,"ORG_TYPE":"一般企业","PREMIUM_INCOME":null,"PREMIUM_INCOME_YOY":null,"NET_INTEREST_INCOME":null,"NET_INTEREST_INCOME_YOY":null,"FEE_COMMISSION_INCOME":null,"FEE_COMMISSION_INCOME_YOY":null,"ACCOUNTS_RECE_TDAYS":0.913269207774,"INVENTORY_TDAYS":null,"CURRENT_ASSETS_TDAYS":0.236394561496,"TOTAL_ASSETS_TDAYS":0.014653131556,"PREMIUM_EXPENSE":null,"LOAN_DEPOSIT":null,"LOAN_EQUITY":null,"LOAN_ASSETS":null,"DEPOSIT_EQUITY":null,"DEPOSIT_ASSETS":null,"EQUITY_MULTIPLIER":1.054552856744,"EQUITY_RATIO":0.105267534921},{"SECUCODE":"00266.HK","SECURITY_CODE":"00266","SECURITY_NAME_ABBR":"天德地产","ORG_CODE":"10007524","STD_REPORT_DATE":"2020-12-31 00:00:00","REPORT_DATE":"2021-03-31 00:00:00","DATE_TYPE_CODE":"001","REPORT_TYPE":"2020年年报","PER_NETCASH_OPERATE":0.268094773145,"PER_OI":0.792037419341,"BPS":10.09339157979,"BASIC_EPS":-1.3860952,"DILUTED_EPS":-1.3860952,"OPERATE_INCOME":376005368.76,"OPERATE_INCOME_YOY":-25.8596726295,"GROSS_PROFIT":294562133.6,"GROSS_PROFIT_YOY":-36.524490529229,"HOLDER_PROFIT":-657231407.14,"HOLDER_PROFIT_YOY":-69.0029209517,"GROSS_PROFIT_RATIO":78.339874393659,"EPS_TTM":-1.115040980842,"OPERATE_INCOME_QOQ":0,"NET_PROFIT_RATIO":-346.2142770442,"ROE_AVG":-12.736072441476,"GROSS_PROFIT_QOQ":0,"ROA":-6.309724725709,"HOLDER_PROFIT_QOQ":0,"ROE_YEARLY":-12.736072441476,"ROIC_YEARLY":-12.635053860686,"TOTAL_ASSETS":9677987144,"TOTAL_LIABILITIES":417191835.34,"TAX_EBT":-3.421429003082,"OCF_SALES":33.848750904734,"TOTAL_PARENT_EQUITY":4791654195.02,"DEBT_ASSET_RATIO":4.3107293814,"OPERATE_PROFIT":-1256142858.74,"PRETAX_PROFIT":-1258718122.2,"NETCASH_OPERATE":127273120.66,"NETCASH_INVEST":-10078771.5,"NETCASH_FINANCE":-158945395.98,"END_CASH":364203275.24,"DIVI_RATIO":-0.179204355206,"DIVIDEND_RATE":11,"CURRENT_RATIO":1.652900795482,"COMMON_ACS":null,"CURRENTDEBT_DEBT":79.916452767654,"ISSUED_COMMON_SHARES":474731824,"HK_COMMON_SHARES":474731824,"PER_SHARES":2000,"TOTAL_MARKET_CAP":949463648,"HKSK_MARKET_CAP":949463648,"PE_TTM":-2.990841745496,"PB_TTM":0.236166540225,"REPORT_DATE_SQ":"2019-12-31 00:00:00","REPORT_TYPE_SQ":"2019年年报","OPERATE_INCOME_SQ":548269339.8,"DPS_HKD":0.22,"OPERATE_INCOME_QOQ_SQ":0,"NET_PROFIT_RATIO_SQ":-152.7325874005,"HOLDER_PROFIT_SQ":-420415298.8,"HOLDER_PROFIT_QOQ_SQ":0,"ROE_AVG_SQ":-6.693601150698,"PE_TTM_SQ":-1.481690697746,"PB_TTM_SQ":0.254912496393,"ROA_SQ":-3.318566327187,"START_DATE":"2020-04-01 00:00:00","FISCAL_YEAR":"3-31","CURRENCY":"HKD","IS_CNY_CODE":0,"DPS_HKD_LY":0.2,"ORG_TYPE":"一般企业","PREMIUM_INCOME":null,"PREMIUM_INCOME_YOY":null,"NET_INTEREST_INCOME":null,"NET_INTEREST_INCOME_YOY":null,"FEE_COMMISSION_INCOME":null,"FEE_COMMISSION_INCOME_YOY":null,"ACCOUNTS_RECE_TDAYS":2.992141024391,"INVENTORY_TDAYS":null,"CURRENT_ASSETS_TDAYS":0.716432476043,"TOTAL_ASSETS_TDAYS":0.036098250121,"PREMIUM_EXPENSE":null,"LOAN_DEPOSIT":null,"LOAN_EQUITY":null,"LOAN_ASSETS":null,"DEPOSIT_EQUITY":null,"DEPOSIT_ASSETS":null,"EQUITY_MULTIPLIER":1.045049244848,"EQUITY_RATIO":0.087066348772},{"SECUCODE":"00266.HK","SECURITY_CODE":"00266","SECURITY_NAME_ABBR":"天德地产","ORG_CODE":"10007524","STD_REPORT_DATE":"2020-06-30 00:00:00","REPORT_DATE":"2020-09-30 00:00:00","DATE_TYPE_CODE":"002","REPORT_TYPE":"2020年中报","PER_NETCASH_OPERATE":0.181038983896,"PER_OI":0.459065715889,"BPS":11.436689453539,"BASIC_EPS":-0.5887424,"DILUTED_EPS":-0.5887424,"OPERATE_INCOME":217933104.64,"OPERATE_INCOME_YOY":-18.8625604821,"GROSS_PROFIT":169128117.12,"GROSS_PROFIT_YOY":-27.785207030432,"HOLDER_PROFIT":-277473414.4,"HOLDER_PROFIT_YOY":-68.9938079667,"GROSS_PROFIT_RATIO":77.605519087786,"EPS_TTM":-0.885584823991,"OPERATE_INCOME_QOQ":0,"NET_PROFIT_RATIO":-255.5513442898,"ROE_AVG":-4.964674431927,"GROSS_PROFIT_QOQ":0,"ROA":-2.45040361586,"HOLDER_PROFIT_QOQ":0,"ROE_YEARLY":-9.929348863853,"ROIC_YEARLY":-9.864893878663,"TOTAL_ASSETS":11050167616,"TOTAL_LIABILITIES":544104302.72,"TAX_EBT":-4.753939854719,"OCF_SALES":39.436398238795,"TOTAL_PARENT_EQUITY":5429360444.8,"DEBT_ASSET_RATIO":4.9239461484,"OPERATE_PROFIT":-530058842.24,"PRETAX_PROFIT":-531656355.2,"NETCASH_OPERATE":85944967.04,"NETCASH_INVEST":-4505197.44,"NETCASH_FINANCE":-1725806.08,"END_CASH":501769330.56,"DIVI_RATIO":-0.225636432092,"DIVIDEND_RATE":11,"CURRENT_RATIO":2.325562738171,"COMMON_ACS":null,"CURRENTDEBT_DEBT":52.339224258359,"ISSUED_COMMON_SHARES":474731824,"HK_COMMON_SHARES":474731824,"PER_SHARES":2000,"TOTAL_MARKET_CAP":949463648,"HKSK_MARKET_CAP":949463648,"PE_TTM":-2.990841745496,"PB_TTM":0.236166540225,"REPORT_DATE_SQ":"2019-06-30 00:00:00","REPORT_TYPE_SQ":"2019年中报","OPERATE_INCOME_SQ":275716494.69,"DPS_HKD":0.22,"OPERATE_INCOME_QOQ_SQ":0,"NET_PROFIT_RATIO_SQ":-121.584131855,"HOLDER_PROFIT_SQ":-168543274.53,"HOLDER_PROFIT_QOQ_SQ":0,"ROE_AVG_SQ":-2.646429395927,"PE_TTM_SQ":-1.481690697746,"PB_TTM_SQ":0.254912496393,"ROA_SQ":-1.301746464963,"START_DATE":"2020-04-01 00:00:00","FISCAL_YEAR":"3-31","CURRENCY":"HKD","IS_CNY_CODE":0,"DPS_HKD_LY":0.2,"ORG_TYPE":"一般企业","PREMIUM_INCOME":null,"PREMIUM_INCOME_YOY":null,"NET_INTEREST_INCOME":null,"NET_INTEREST_INCOME_YOY":null,"FEE_COMMISSION_INCOME":null,"FEE_COMMISSION_INCOME_YOY":null,"ACCOUNTS_RECE_TDAYS":1.79705818419,"INVENTORY_TDAYS":null,"CURRENT_ASSETS_TDAYS":0.369179746112,"TOTAL_ASSETS_TDAYS":0.019245954384,"PREMIUM_EXPENSE":null,"LOAN_DEPOSIT":null,"LOAN_EQUITY":null,"LOAN_ASSETS":null,"DEPOSIT_EQUITY":null,"DEPOSIT_ASSETS":null,"EQUITY_MULTIPLIER":1.05178955109,"EQUITY_RATIO":0.100215174191}],"count":48},"success":true,"message":"ok","code":0}