{"version":"79752538e69dce5214fa48e9476ac092","result":{"pages":6,"data":[{"SECUCODE":"00261.HK","SECURITY_CODE":"00261","SECURITY_NAME_ABBR":"GBA集团","ORG_CODE":"10007519","STD_REPORT_DATE":"2024-06-30 00:00:00","REPORT_DATE":"2024-06-30 00:00:00","DATE_TYPE_CODE":"002","REPORT_TYPE":"2024年中报","PER_NETCASH_OPERATE":-0.001089393491,"PER_OI":0.027623368804,"BPS":0.454222623865,"BASIC_EPS":-0.02236066,"DILUTED_EPS":-0.02236066,"OPERATE_INCOME":26799022.84,"OPERATE_INCOME_YOY":42.8786920345,"GROSS_PROFIT":3724647.08,"GROSS_PROFIT_YOY":-39.963813237227,"HOLDER_PROFIT":-21701705.04,"HOLDER_PROFIT_YOY":-41.249851491,"GROSS_PROFIT_RATIO":13.898443619521,"EPS_TTM":-0.098292771569,"OPERATE_INCOME_QOQ":11.053589116519,"NET_PROFIT_RATIO":-90.9546027313,"ROE_AVG":-3.980520926277,"GROSS_PROFIT_QOQ":-59.476783639255,"ROA":-3.307265677973,"HOLDER_PROFIT_QOQ":-6.931156318543,"ROE_YEARLY":-7.961041852554,"ROIC_YEARLY":-6.918056467785,"TOTAL_ASSETS":645932841.76,"TOTAL_LIABILITIES":125965355.56,"TAX_EBT":-4.267197626298,"OCF_SALES":-3.943738718796,"TOTAL_PARENT_EQUITY":528794014.48,"DEBT_ASSET_RATIO":19.5013084049,"OPERATE_PROFIT":-22629900.6,"PRETAX_PROFIT":-23377385.52,"NETCASH_OPERATE":-1056883.44,"NETCASH_INVEST":5605680.56,"NETCASH_FINANCE":-4493123.64,"END_CASH":36425058.8,"DIVI_RATIO":null,"DIVIDEND_RATE":null,"CURRENT_RATIO":3.687628418037,"COMMON_ACS":75000000000,"CURRENTDEBT_DEBT":98.384257011817,"ISSUED_COMMON_SHARES":1164173660,"HK_COMMON_SHARES":1164173660,"PER_SHARES":16000,"TOTAL_MARKET_CAP":103611455.74,"HKSK_MARKET_CAP":103611455.74,"PE_TTM":-0.983488108703,"PB_TTM":0.178829753808,"REPORT_DATE_SQ":"2023-06-30 00:00:00","REPORT_TYPE_SQ":"2023年中报","OPERATE_INCOME_SQ":18947610.98,"DPS_HKD":null,"OPERATE_INCOME_QOQ_SQ":21.939204531825,"NET_PROFIT_RATIO_SQ":-88.3411999416,"HOLDER_PROFIT_SQ":-15520611.32,"HOLDER_PROFIT_QOQ_SQ":-2.214385431377,"ROE_AVG_SQ":-2.559364127092,"PE_TTM_SQ":-0.79694270822,"PB_TTM_SQ":0.222400026316,"ROA_SQ":-2.214981056083,"START_DATE":"2024-01-01 00:00:00","FISCAL_YEAR":"12-31","CURRENCY":"HKD","IS_CNY_CODE":0,"DPS_HKD_LY":null,"ORG_TYPE":"一般企业","PREMIUM_INCOME":null,"PREMIUM_INCOME_YOY":null,"NET_INTEREST_INCOME":null,"NET_INTEREST_INCOME_YOY":null,"FEE_COMMISSION_INCOME":null,"FEE_COMMISSION_INCOME_YOY":null,"ACCOUNTS_RECE_TDAYS":37.16835443038,"INVENTORY_TDAYS":0.063338882563,"CURRENT_ASSETS_TDAYS":0.057684732887,"TOTAL_ASSETS_TDAYS":0.040840794895,"PREMIUM_EXPENSE":null,"LOAN_DEPOSIT":null,"LOAN_EQUITY":null,"LOAN_ASSETS":null,"DEPOSIT_EQUITY":null,"DEPOSIT_ASSETS":null,"EQUITY_MULTIPLIER":1.242256215828,"EQUITY_RATIO":0.238212521531},{"SECUCODE":"00261.HK","SECURITY_CODE":"00261","SECURITY_NAME_ABBR":"GBA集团","ORG_CODE":"10007519","STD_REPORT_DATE":"2023-12-31 00:00:00","REPORT_DATE":"2023-12-31 00:00:00","DATE_TYPE_CODE":"001","REPORT_TYPE":"2023年年报","PER_NETCASH_OPERATE":-0.026641340563,"PER_OI":0.073215347101,"BPS":0.478988817734,"BASIC_EPS":-0.1314019,"DILUTED_EPS":-0.1314019,"OPERATE_INCOME":71030429.82,"OPERATE_INCOME_YOY":41.1837815444,"GROSS_PROFIT":-4168612,"GROSS_PROFIT_YOY":92.62195449294,"HOLDER_PROFIT":-89178391.54,"HOLDER_PROFIT_YOY":44.1104308416,"GROSS_PROFIT_RATIO":-5.86876921703,"EPS_TTM":-0.091921545556,"OPERATE_INCOME_QOQ":16.447537610409,"NET_PROFIT_RATIO":-128.93303224,"ROE_AVG":-15.210548321356,"GROSS_PROFIT_QOQ":92.075003175317,"ROA":-13.26067431931,"HOLDER_PROFIT_QOQ":44.188098919771,"ROE_YEARLY":-15.210548321356,"ROIC_YEARLY":-13.818568363346,"TOTAL_ASSETS":661715500.46,"TOTAL_LIABILITIES":110199070.66,"TAX_EBT":-0.22413297234,"OCF_SALES":-36.387644964979,"TOTAL_PARENT_EQUITY":557626165.04,"DEBT_ASSET_RATIO":16.6535422827,"OPERATE_PROFIT":-88942774.34,"PRETAX_PROFIT":-91376881.26,"NETCASH_OPERATE":-25846300.62,"NETCASH_INVEST":-4287326.82,"NETCASH_FINANCE":41489470.26,"END_CASH":35989621.08,"DIVI_RATIO":null,"DIVIDEND_RATE":null,"CURRENT_RATIO":4.498230511717,"COMMON_ACS":75000000000,"CURRENTDEBT_DEBT":94.574147019399,"ISSUED_COMMON_SHARES":1164173660,"HK_COMMON_SHARES":1164173660,"PER_SHARES":16000,"TOTAL_MARKET_CAP":110596497.7,"HKSK_MARKET_CAP":110596497.7,"PE_TTM":-1.049790677829,"PB_TTM":0.190885692267,"REPORT_DATE_SQ":"2022-12-31 00:00:00","REPORT_TYPE_SQ":"2022年年报","OPERATE_INCOME_SQ":49591670.59,"DPS_HKD":null,"OPERATE_INCOME_QOQ_SQ":-86.67264131321,"NET_PROFIT_RATIO_SQ":-312.5,"HOLDER_PROFIT_SQ":-157281621.98,"HOLDER_PROFIT_QOQ_SQ":-354.39740597231,"ROE_AVG_SQ":-22.464698331194,"PE_TTM_SQ":-0.82969377842,"PB_TTM_SQ":0.231539753424,"ROA_SQ":-20.207852193995,"START_DATE":"2023-01-01 00:00:00","FISCAL_YEAR":"12-31","CURRENCY":"HKD","IS_CNY_CODE":0,"DPS_HKD_LY":null,"ORG_TYPE":"一般企业","PREMIUM_INCOME":null,"PREMIUM_INCOME_YOY":null,"NET_INTEREST_INCOME":null,"NET_INTEREST_INCOME_YOY":null,"FEE_COMMISSION_INCOME":null,"FEE_COMMISSION_INCOME_YOY":null,"ACCOUNTS_RECE_TDAYS":5.863330341113,"INVENTORY_TDAYS":0.204339892586,"CURRENT_ASSETS_TDAYS":0.142340230215,"TOTAL_ASSETS_TDAYS":0.105621034461,"PREMIUM_EXPENSE":null,"LOAN_DEPOSIT":null,"LOAN_EQUITY":null,"LOAN_ASSETS":null,"DEPOSIT_EQUITY":null,"DEPOSIT_ASSETS":null,"EQUITY_MULTIPLIER":1.199811038631,"EQUITY_RATIO":0.197621771661},{"SECUCODE":"00261.HK","SECURITY_CODE":"00261","SECURITY_NAME_ABBR":"GBA集团","ORG_CODE":"10007519","STD_REPORT_DATE":"2023-06-30 00:00:00","REPORT_DATE":"2023-06-30 00:00:00","DATE_TYPE_CODE":"002","REPORT_TYPE":"2023年中报","PER_NETCASH_OPERATE":-0.00715383394,"PER_OI":0.00858852911,"BPS":0.504387215151,"BASIC_EPS":-0.007007048,"DILUTED_EPS":-0.007007048,"OPERATE_INCOME":18947610.98,"OPERATE_INCOME_YOY":120.4333369087,"GROSS_PROFIT":6204003.42,"GROSS_PROFIT_YOY":145.334197923682,"HOLDER_PROFIT":-15520611.32,"HOLDER_PROFIT_YOY":-19.3816041416,"GROSS_PROFIT_RATIO":32.74293221741,"EPS_TTM":-0.072426442157,"OPERATE_INCOME_QOQ":21.939204531825,"NET_PROFIT_RATIO":-88.3411999416,"ROE_AVG":-2.559364127092,"GROSS_PROFIT_QOQ":6.530680817634,"ROA":-2.214981056083,"HOLDER_PROFIT_QOQ":-2.214385431377,"ROE_YEARLY":-5.118728254185,"ROIC_YEARLY":-4.526230032722,"TOTAL_ASSETS":706248665.74,"TOTAL_LIABILITIES":119054355.42,"TAX_EBT":-0.470392916436,"OCF_SALES":-83.295216777772,"TOTAL_PARENT_EQUITY":587194310.32,"DEBT_ASSET_RATIO":16.8572857119,"OPERATE_PROFIT":-14772885.54,"PRETAX_PROFIT":-16660178.6,"NETCASH_OPERATE":-15782453.64,"NETCASH_INVEST":-5400036.86,"NETCASH_FINANCE":1534174.72,"END_CASH":4913231.42,"DIVI_RATIO":null,"DIVIDEND_RATE":null,"CURRENT_RATIO":4.162829946668,"COMMON_ACS":75000000000,"CURRENTDEBT_DEBT":91.771794097376,"ISSUED_COMMON_SHARES":1164173660,"HK_COMMON_SHARES":1164173660,"PER_SHARES":16000,"TOTAL_MARKET_CAP":110596497.7,"HKSK_MARKET_CAP":110596497.7,"PE_TTM":-1.049790677829,"PB_TTM":0.190885692267,"REPORT_DATE_SQ":"2022-06-30 00:00:00","REPORT_TYPE_SQ":"2022年中报","OPERATE_INCOME_SQ":7972936.37,"DPS_HKD":null,"OPERATE_INCOME_QOQ_SQ":-2.115717018764,"NET_PROFIT_RATIO_SQ":-155.5555555556,"HOLDER_PROFIT_SQ":-12059034.19,"HOLDER_PROFIT_QOQ_SQ":29.871779191129,"ROE_AVG_SQ":-1.628853984875,"PE_TTM_SQ":-0.82969377842,"PB_TTM_SQ":0.231539753424,"ROA_SQ":-1.471361008933,"START_DATE":"2023-01-01 00:00:00","FISCAL_YEAR":"12-31","CURRENCY":"HKD","IS_CNY_CODE":0,"DPS_HKD_LY":null,"ORG_TYPE":"一般企业","PREMIUM_INCOME":null,"PREMIUM_INCOME_YOY":null,"NET_INTEREST_INCOME":null,"NET_INTEREST_INCOME_YOY":null,"FEE_COMMISSION_INCOME":null,"FEE_COMMISSION_INCOME_YOY":null,"ACCOUNTS_RECE_TDAYS":1.463694312881,"INVENTORY_TDAYS":0.032817556514,"CURRENT_ASSETS_TDAYS":0.038152364403,"TOTAL_ASSETS_TDAYS":0.027040558206,"PREMIUM_EXPENSE":null,"LOAN_DEPOSIT":null,"LOAN_EQUITY":null,"LOAN_ASSETS":null,"DEPOSIT_EQUITY":null,"DEPOSIT_ASSETS":null,"EQUITY_MULTIPLIER":1.202751207442,"EQUITY_RATIO":0.202751207441},{"SECUCODE":"00261.HK","SECURITY_CODE":"00261","SECURITY_NAME_ABBR":"GBA集团","ORG_CODE":"10007519","STD_REPORT_DATE":"2022-12-31 00:00:00","REPORT_DATE":"2022-12-31 00:00:00","DATE_TYPE_CODE":"001","REPORT_TYPE":"2022年年报","PER_NETCASH_OPERATE":-0.022674363684,"PER_OI":0.022478797297,"BPS":0.520996437937,"BASIC_EPS":-0.3215772,"DILUTED_EPS":-0.3215772,"OPERATE_INCOME":49591670.59,"OPERATE_INCOME_YOY":-88.0597014925,"GROSS_PROFIT":-56500220.77,"GROSS_PROFIT_YOY":-309.408989985471,"HOLDER_PROFIT":-157281621.98,"HOLDER_PROFIT_YOY":-191.6666666667,"GROSS_PROFIT_RATIO":-112.5,"EPS_TTM":-0.070857386513,"OPERATE_INCOME_QOQ":-86.67264131321,"NET_PROFIT_RATIO":-312.5,"ROE_AVG":-22.464698331194,"GROSS_PROFIT_QOQ":-229.489059492569,"ROA":-20.207852193995,"HOLDER_PROFIT_QOQ":-354.39740597231,"ROE_YEARLY":-22.464698331194,"ROIC_YEARLY":-21.122510561255,"TOTAL_ASSETS":673238840.33,"TOTAL_LIABILITIES":67066711.6,"TAX_EBT":-0.18891329335,"OCF_SALES":-100,"TOTAL_PARENT_EQUITY":606172128.73,"DEBT_ASSET_RATIO":9.9469496021,"OPERATE_PROFIT":-156910021.66,"PRETAX_PROFIT":-156985056.34,"NETCASH_OPERATE":-52827094.53,"NETCASH_INVEST":16059208.06,"NETCASH_FINANCE":19145455.91,"END_CASH":24615841.39,"DIVI_RATIO":null,"DIVIDEND_RATE":null,"CURRENT_RATIO":7.786666666667,"COMMON_ACS":75000000000,"CURRENTDEBT_DEBT":100,"ISSUED_COMMON_SHARES":1164173660,"HK_COMMON_SHARES":1164173660,"PER_SHARES":16000,"TOTAL_MARKET_CAP":110596497.7,"HKSK_MARKET_CAP":110596497.7,"PE_TTM":-1.049790677829,"PB_TTM":0.190885692267,"REPORT_DATE_SQ":"2021-12-31 00:00:00","REPORT_TYPE_SQ":"2021年年报","OPERATE_INCOME_SQ":383454400,"DPS_HKD":null,"OPERATE_INCOME_QOQ_SQ":514.289742143846,"NET_PROFIT_RATIO_SQ":-12.7931769723,"HOLDER_PROFIT_SQ":-49056000,"HOLDER_PROFIT_QOQ_SQ":40.645667119181,"ROE_AVG_SQ":-6.648199445983,"PE_TTM_SQ":-0.82969377842,"PB_TTM_SQ":0.231539753424,"ROA_SQ":-4.88003253355,"START_DATE":"2022-01-01 00:00:00","FISCAL_YEAR":"12-31","CURRENCY":"HKD","IS_CNY_CODE":0,"DPS_HKD_LY":null,"ORG_TYPE":"一般企业","PREMIUM_INCOME":null,"PREMIUM_INCOME_YOY":null,"NET_INTEREST_INCOME":null,"NET_INTEREST_INCOME_YOY":null,"FEE_COMMISSION_INCOME":null,"FEE_COMMISSION_INCOME_YOY":null,"ACCOUNTS_RECE_TDAYS":4.152356020942,"INVENTORY_TDAYS":0.252118644068,"CURRENT_ASSETS_TDAYS":0.088050314465,"TOTAL_ASSETS_TDAYS":0.064665127021,"PREMIUM_EXPENSE":null,"LOAN_DEPOSIT":null,"LOAN_EQUITY":null,"LOAN_ASSETS":null,"DEPOSIT_EQUITY":null,"DEPOSIT_ASSETS":null,"EQUITY_MULTIPLIER":1.110456553755,"EQUITY_RATIO":0.11063971506},{"SECUCODE":"00261.HK","SECURITY_CODE":"00261","SECURITY_NAME_ABBR":"GBA集团","ORG_CODE":"10007519","STD_REPORT_DATE":"2022-06-30 00:00:00","REPORT_DATE":"2022-06-30 00:00:00","DATE_TYPE_CODE":"002","REPORT_TYPE":"2022年中报","PER_NETCASH_OPERATE":-0.000176763173,"PER_OI":0.000043367449,"BPS":0.617055362685,"BASIC_EPS":-0.006584963,"DILUTED_EPS":-0.006584963,"OPERATE_INCOME":7972936.37,"OPERATE_INCOME_YOY":-52.6315789474,"GROSS_PROFIT":2528796.83,"GROSS_PROFIT_YOY":403.912704307278,"HOLDER_PROFIT":-12059034.19,"HOLDER_PROFIT_YOY":56.25,"GROSS_PROFIT_RATIO":33.333333333333,"EPS_TTM":-0.000187124448,"OPERATE_INCOME_QOQ":-2.115717018764,"NET_PROFIT_RATIO":-155.5555555556,"ROE_AVG":-1.628853984875,"GROSS_PROFIT_QOQ":8.480894804106,"ROA":-1.471361008933,"HOLDER_PROFIT_QOQ":29.871779191129,"ROE_YEARLY":-3.25770796975,"ROIC_YEARLY":-3.025391680173,"TOTAL_ASSETS":791050750,"TOTAL_LIABILITIES":72691150,"TAX_EBT":-0.836670480549,"OCF_SALES":-422.222222222222,"TOTAL_PARENT_EQUITY":718359600,"DEBT_ASSET_RATIO":9.1891891892,"OPERATE_PROFIT":-11929900.5,"PRETAX_PROFIT":-11958976.96,"NETCASH_OPERATE":-32872648.41,"NETCASH_INVEST":1559866.56,"NETCASH_FINANCE":-401939.3,"END_CASH":2973495.63,"DIVI_RATIO":null,"DIVIDEND_RATE":null,"CURRENT_RATIO":8.294117647059,"COMMON_ACS":75000000000,"CURRENTDEBT_DEBT":100,"ISSUED_COMMON_SHARES":1164173660,"HK_COMMON_SHARES":1164173660,"PER_SHARES":16000,"TOTAL_MARKET_CAP":110596497.7,"HKSK_MARKET_CAP":110596497.7,"PE_TTM":-1.049790677829,"PB_TTM":0.190885692267,"REPORT_DATE_SQ":"2021-06-30 00:00:00","REPORT_TYPE_SQ":"2021年中报","OPERATE_INCOME_SQ":15809520,"DPS_HKD":null,"OPERATE_INCOME_QOQ_SQ":-81.175741729285,"NET_PROFIT_RATIO_SQ":-168.4210526316,"HOLDER_PROFIT_SQ":-26626560,"HOLDER_PROFIT_QOQ_SQ":20.162261600754,"ROE_AVG_SQ":-3.510696653867,"PE_TTM_SQ":-0.82969377842,"PB_TTM_SQ":0.231539753424,"ROA_SQ":-2.194034967432,"START_DATE":"2022-01-01 00:00:00","FISCAL_YEAR":"12-31","CURRENCY":"HKD","IS_CNY_CODE":0,"DPS_HKD_LY":null,"ORG_TYPE":"一般企业","PREMIUM_INCOME":null,"PREMIUM_INCOME_YOY":null,"NET_INTEREST_INCOME":null,"NET_INTEREST_INCOME_YOY":null,"FEE_COMMISSION_INCOME":null,"FEE_COMMISSION_INCOME_YOY":null,"ACCOUNTS_RECE_TDAYS":null,"INVENTORY_TDAYS":0.01108033241,"CURRENT_ASSETS_TDAYS":0.012921751615,"TOTAL_ASSETS_TDAYS":0.009458749343,"PREMIUM_EXPENSE":null,"LOAN_DEPOSIT":null,"LOAN_EQUITY":null,"LOAN_ASSETS":null,"DEPOSIT_EQUITY":null,"DEPOSIT_ASSETS":null,"EQUITY_MULTIPLIER":1.101190476191,"EQUITY_RATIO":0.10119047619},{"SECUCODE":"00261.HK","SECURITY_CODE":"00261","SECURITY_NAME_ABBR":"GBA集团","ORG_CODE":"10007519","STD_REPORT_DATE":"2021-12-31 00:00:00","REPORT_DATE":"2021-12-31 00:00:00","DATE_TYPE_CODE":"001","REPORT_TYPE":"2021年年报","PER_NETCASH_OPERATE":-0.000604818922,"PER_OI":0.002085735841,"BPS":0.617322333165,"BASIC_EPS":-0.02665376,"DILUTED_EPS":-0.02665376,"OPERATE_INCOME":383454400,"OPERATE_INCOME_YOY":19.0355329949,"GROSS_PROFIT":26980800,"GROSS_PROFIT_YOY":228.229646879901,"HOLDER_PROFIT":-49056000,"HOLDER_PROFIT_YOY":51.2195121951,"GROSS_PROFIT_RATIO":10.44776119403,"EPS_TTM":-0.000266831877,"OPERATE_INCOME_QOQ":514.289742143846,"NET_PROFIT_RATIO":-12.7931769723,"ROE_AVG":-6.648199445983,"GROSS_PROFIT_QOQ":414.494123409961,"ROA":-4.88003253355,"HOLDER_PROFIT_QOQ":40.645667119181,"ROE_YEARLY":-6.648199445983,"ROIC_YEARLY":-5.305039787798,"TOTAL_ASSETS":799612800,"TOTAL_LIABILITIES":80942400,"TAX_EBT":-1.694915254237,"OCF_SALES":-28.997867803838,"TOTAL_PARENT_EQUITY":718670400,"DEBT_ASSET_RATIO":10.1226993865,"OPERATE_PROFIT":-48238400,"PRETAX_PROFIT":-48238400,"NETCASH_OPERATE":-111193600,"NETCASH_INVEST":26980800,"NETCASH_FINANCE":-817600,"END_CASH":39244800,"DIVI_RATIO":null,"DIVIDEND_RATE":null,"CURRENT_RATIO":7.020408163265,"COMMON_ACS":75000000000,"CURRENTDEBT_DEBT":98.989898989899,"ISSUED_COMMON_SHARES":1164173660,"HK_COMMON_SHARES":1164173660,"PER_SHARES":16000,"TOTAL_MARKET_CAP":110596497.7,"HKSK_MARKET_CAP":110596497.7,"PE_TTM":-1.049790677829,"PB_TTM":0.190885692267,"REPORT_DATE_SQ":"2020-12-31 00:00:00","REPORT_TYPE_SQ":"2020年年报","OPERATE_INCOME_SQ":331606160,"DPS_HKD":null,"OPERATE_INCOME_QOQ_SQ":-22.078310501167,"NET_PROFIT_RATIO_SQ":-31.2182741117,"HOLDER_PROFIT_SQ":-103521720,"HOLDER_PROFIT_QOQ_SQ":38.409799818517,"ROE_AVG_SQ":-12.647814910026,"PE_TTM_SQ":-0.82969377842,"PB_TTM_SQ":0.231539753424,"ROA_SQ":-7.077100115075,"START_DATE":"2021-01-01 00:00:00","FISCAL_YEAR":"12-31","CURRENCY":"HKD","IS_CNY_CODE":0,"DPS_HKD_LY":null,"ORG_TYPE":"一般企业","PREMIUM_INCOME":null,"PREMIUM_INCOME_YOY":null,"NET_INTEREST_INCOME":null,"NET_INTEREST_INCOME_YOY":null,"FEE_COMMISSION_INCOME":null,"FEE_COMMISSION_INCOME_YOY":null,"ACCOUNTS_RECE_TDAYS":117.25,"INVENTORY_TDAYS":0.586592178771,"CURRENT_ASSETS_TDAYS":0.491356731273,"TOTAL_ASSETS_TDAYS":0.381455876373,"PREMIUM_EXPENSE":null,"LOAN_DEPOSIT":null,"LOAN_EQUITY":null,"LOAN_ASSETS":null,"DEPOSIT_EQUITY":null,"DEPOSIT_ASSETS":null,"EQUITY_MULTIPLIER":1.112627986348,"EQUITY_RATIO":0.112627986348},{"SECUCODE":"00261.HK","SECURITY_CODE":"00261","SECURITY_NAME_ABBR":"GBA集团","ORG_CODE":"10007519","STD_REPORT_DATE":"2021-06-30 00:00:00","REPORT_DATE":"2021-06-30 00:00:00","DATE_TYPE_CODE":"002","REPORT_TYPE":"2021年中报","PER_NETCASH_OPERATE":-0.000538589179,"PER_OI":0.00008599323,"BPS":0.641120638308,"BASIC_EPS":-0.014644608,"DILUTED_EPS":-0.014644608,"OPERATE_INCOME":15809520,"OPERATE_INCOME_YOY":-93.9102564103,"GROSS_PROFIT":-832080,"GROSS_PROFIT_YOY":90.890698896479,"HOLDER_PROFIT":-26626560,"HOLDER_PROFIT_YOY":38.4615384615,"GROSS_PROFIT_RATIO":-5.263157894737,"EPS_TTM":-0.000449557538,"OPERATE_INCOME_QOQ":-81.175741729285,"NET_PROFIT_RATIO":-168.4210526316,"ROE_AVG":-3.510696653867,"GROSS_PROFIT_QOQ":39.457820445796,"ROA":-2.194034967432,"HOLDER_PROFIT_QOQ":20.162261600754,"ROE_YEARLY":-7.021393307735,"ROIC_YEARLY":-4.676653270004,"TOTAL_ASSETS":1194866880,"TOTAL_LIABILITIES":448491120,"TAX_EBT":null,"OCF_SALES":-626.315789473684,"TOTAL_PARENT_EQUITY":746375760,"DEBT_ASSET_RATIO":37.5348189415,"OPERATE_PROFIT":-26626560,"PRETAX_PROFIT":-26626560,"NETCASH_OPERATE":-99017520,"NETCASH_INVEST":null,"NETCASH_FINANCE":null,"END_CASH":25794480,"DIVI_RATIO":null,"DIVIDEND_RATE":null,"CURRENT_RATIO":2.051948051948,"COMMON_ACS":75000000000,"CURRENTDEBT_DEBT":100,"ISSUED_COMMON_SHARES":1164173660,"HK_COMMON_SHARES":1164173660,"PER_SHARES":16000,"TOTAL_MARKET_CAP":110596497.7,"HKSK_MARKET_CAP":110596497.7,"PE_TTM":-1.049790677829,"PB_TTM":0.190885692267,"REPORT_DATE_SQ":"2020-06-30 00:00:00","REPORT_TYPE_SQ":"2020年中报","OPERATE_INCOME_SQ":284993280,"DPS_HKD":null,"OPERATE_INCOME_QOQ_SQ":67.871291592845,"NET_PROFIT_RATIO_SQ":-15.8536585366,"HOLDER_PROFIT_SQ":-47498880,"HOLDER_PROFIT_QOQ_SQ":-11.68869588515,"ROE_AVG_SQ":-5.28186896902,"PE_TTM_SQ":-0.82969377842,"PB_TTM_SQ":0.231539753424,"ROA_SQ":-2.952867688813,"START_DATE":"2021-01-01 00:00:00","FISCAL_YEAR":"12-31","CURRENCY":"HKD","IS_CNY_CODE":0,"DPS_HKD_LY":null,"ORG_TYPE":"一般企业","PREMIUM_INCOME":null,"PREMIUM_INCOME_YOY":null,"NET_INTEREST_INCOME":null,"NET_INTEREST_INCOME_YOY":null,"FEE_COMMISSION_INCOME":null,"FEE_COMMISSION_INCOME_YOY":null,"ACCOUNTS_RECE_TDAYS":2.533333333333,"INVENTORY_TDAYS":0.022321428571,"CURRENT_ASSETS_TDAYS":0.016330038676,"TOTAL_ASSETS_TDAYS":0.013027082619,"PREMIUM_EXPENSE":null,"LOAN_DEPOSIT":null,"LOAN_EQUITY":null,"LOAN_ASSETS":null,"DEPOSIT_EQUITY":null,"DEPOSIT_ASSETS":null,"EQUITY_MULTIPLIER":1.600891861761,"EQUITY_RATIO":0.600891861761},{"SECUCODE":"00261.HK","SECURITY_CODE":"00261","SECURITY_NAME_ABBR":"GBA集团","ORG_CODE":"10007519","STD_REPORT_DATE":"2020-12-31 00:00:00","REPORT_DATE":"2020-12-31 00:00:00","DATE_TYPE_CODE":"001","REPORT_TYPE":"2020年年报","PER_NETCASH_OPERATE":0.000077825311,"PER_OI":0.001803716043,"BPS":0.66945221901,"BASIC_EPS":-0.000589148,"DILUTED_EPS":-0.000589148,"OPERATE_INCOME":331606160,"OPERATE_INCOME_YOY":194.0298507463,"GROSS_PROFIT":-21041000,"GROSS_PROFIT_YOY":-267.778759453054,"HOLDER_PROFIT":-103521720,"HOLDER_PROFIT_YOY":26.7857142857,"GROSS_PROFIT_RATIO":-6.345177664975,"EPS_TTM":-0.000563089018,"OPERATE_INCOME_QOQ":-22.078310501167,"NET_PROFIT_RATIO":-31.2182741117,"ROE_AVG":-12.647814910026,"GROSS_PROFIT_QOQ":-2540.68775100402,"ROA":-7.077100115075,"HOLDER_PROFIT_QOQ":38.409799818517,"ROE_YEARLY":-12.647814910026,"ROIC_YEARLY":-7.899807321773,"TOTAL_ASSETS":1246468840,"TOTAL_LIABILITIES":467110200,"TAX_EBT":18.518518518519,"OCF_SALES":4.314720812183,"TOTAL_PARENT_EQUITY":779358640,"DEBT_ASSET_RATIO":37.4746792708,"OPERATE_PROFIT":-113621400,"PRETAX_PROFIT":-113621400,"NETCASH_OPERATE":14307880,"NETCASH_INVEST":39557080,"NETCASH_FINANCE":-81639080,"END_CASH":125404360,"DIVI_RATIO":null,"DIVIDEND_RATE":null,"CURRENT_RATIO":2.2,"COMMON_ACS":75000000000,"CURRENTDEBT_DEBT":100,"ISSUED_COMMON_SHARES":1164173660,"HK_COMMON_SHARES":1164173660,"PER_SHARES":16000,"TOTAL_MARKET_CAP":110596497.7,"HKSK_MARKET_CAP":110596497.7,"PE_TTM":-1.049790677829,"PB_TTM":0.190885692267,"REPORT_DATE_SQ":"2019-12-31 00:00:00","REPORT_TYPE_SQ":"2019年年报","OPERATE_INCOME_SQ":120034520,"DPS_HKD":null,"OPERATE_INCOME_QOQ_SQ":-13.638934434188,"NET_PROFIT_RATIO_SQ":-58.6572438163,"HOLDER_PROFIT_SQ":-150491040,"HOLDER_PROFIT_QOQ_SQ":-90.033758571285,"ROE_AVG_SQ":-15.328467153285,"PE_TTM_SQ":-0.82969377842,"PB_TTM_SQ":0.231539753424,"ROA_SQ":-8.489135927236,"START_DATE":"2020-01-01 00:00:00","FISCAL_YEAR":"12-31","CURRENCY":"HKD","IS_CNY_CODE":0,"DPS_HKD_LY":null,"ORG_TYPE":"一般企业","PREMIUM_INCOME":null,"PREMIUM_INCOME_YOY":null,"NET_INTEREST_INCOME":null,"NET_INTEREST_INCOME_YOY":null,"FEE_COMMISSION_INCOME":null,"FEE_COMMISSION_INCOME_YOY":null,"ACCOUNTS_RECE_TDAYS":20.205128205128,"INVENTORY_TDAYS":0.387604070305,"CURRENT_ASSETS_TDAYS":0.248502049827,"TOTAL_ASSETS_TDAYS":0.22669735328,"PREMIUM_EXPENSE":null,"LOAN_DEPOSIT":null,"LOAN_EQUITY":null,"LOAN_ASSETS":null,"DEPOSIT_EQUITY":null,"DEPOSIT_ASSETS":null,"EQUITY_MULTIPLIER":1.599352051837,"EQUITY_RATIO":0.599352051836},{"SECUCODE":"00261.HK","SECURITY_CODE":"00261","SECURITY_NAME_ABBR":"GBA集团","ORG_CODE":"10007519","STD_REPORT_DATE":"2020-06-30 00:00:00","REPORT_DATE":"2020-06-30 00:00:00","DATE_TYPE_CODE":"002","REPORT_TYPE":"2020年中报","PER_NETCASH_OPERATE":-0.000124212589,"PER_OI":0.001550173107,"BPS":0.745393947497,"BASIC_EPS":-0.000274032,"DILUTED_EPS":-0.000274032,"OPERATE_INCOME":284993280,"OPERATE_INCOME_YOY":126.2068965517,"GROSS_PROFIT":-9134400,"GROSS_PROFIT_YOY":-164.900075028988,"HOLDER_PROFIT":-47498880,"HOLDER_PROFIT_YOY":-52.9411764706,"GROSS_PROFIT_RATIO":-2.743902439024,"EPS_TTM":-0.000914250996,"OPERATE_INCOME_QOQ":67.871291592845,"NET_PROFIT_RATIO":-15.8536585366,"ROE_AVG":-5.28186896902,"GROSS_PROFIT_QOQ":-103.706267163813,"ROA":-2.952867688813,"HOLDER_PROFIT_QOQ":-11.68869588515,"ROE_YEARLY":-10.56373793804,"ROIC_YEARLY":-6.551181102362,"TOTAL_ASSETS":1394822880,"TOTAL_LIABILITIES":492344160,"TAX_EBT":19.148936170213,"OCF_SALES":-7.621951219512,"TOTAL_PARENT_EQUITY":867768000,"DEBT_ASSET_RATIO":35.2979698756,"OPERATE_PROFIT":-42931680,"PRETAX_PROFIT":-42931680,"NETCASH_OPERATE":-22836000,"NETCASH_INVEST":-36537600,"NETCASH_FINANCE":-10961280,"END_CASH":87690240,"DIVI_RATIO":null,"DIVIDEND_RATE":null,"CURRENT_RATIO":2.88326848249,"COMMON_ACS":75000000000,"CURRENTDEBT_DEBT":95.361781076067,"ISSUED_COMMON_SHARES":1164173660,"HK_COMMON_SHARES":1164173660,"PER_SHARES":16000,"TOTAL_MARKET_CAP":110596497.7,"HKSK_MARKET_CAP":110596497.7,"PE_TTM":-1.049790677829,"PB_TTM":0.190885692267,"REPORT_DATE_SQ":"2019-06-30 00:00:00","REPORT_TYPE_SQ":"2019年中报","OPERATE_INCOME_SQ":127550700,"DPS_HKD":null,"OPERATE_INCOME_QOQ_SQ":-22.089121629871,"NET_PROFIT_RATIO_SQ":-22.7586206897,"HOLDER_PROFIT_SQ":-29908440,"HOLDER_PROFIT_QOQ_SQ":-2.705562241912,"ROE_AVG_SQ":-2.912205567452,"PE_TTM_SQ":-0.82969377842,"PB_TTM_SQ":0.231539753424,"ROA_SQ":-1.697877652934,"START_DATE":"2020-01-01 00:00:00","FISCAL_YEAR":"12-31","CURRENCY":"HKD","IS_CNY_CODE":0,"DPS_HKD_LY":null,"ORG_TYPE":"一般企业","PREMIUM_INCOME":null,"PREMIUM_INCOME_YOY":null,"NET_INTEREST_INCOME":null,"NET_INTEREST_INCOME_YOY":null,"FEE_COMMISSION_INCOME":null,"FEE_COMMISSION_INCOME_YOY":null,"ACCOUNTS_RECE_TDAYS":10.758620689655,"INVENTORY_TDAYS":0.307762557078,"CURRENT_ASSETS_TDAYS":0.191142191142,"TOTAL_ASSETS_TDAYS":0.186257808064,"PREMIUM_EXPENSE":null,"LOAN_DEPOSIT":null,"LOAN_EQUITY":null,"LOAN_ASSETS":null,"DEPOSIT_EQUITY":null,"DEPOSIT_ASSETS":null,"EQUITY_MULTIPLIER":1.545546558705,"EQUITY_RATIO":0.567368421053}],"count":47},"success":true,"message":"ok","code":0}