{"version":"81c06931122a42d3cc8649e0b7ae4ce8","result":{"pages":6,"data":[{"SECUCODE":"00267.HK","SECURITY_CODE":"00267","SECURITY_NAME_ABBR":"中信股份","ORG_CODE":"10026449","STD_REPORT_DATE":"2024-06-30 00:00:00","REPORT_DATE":"2024-06-30 00:00:00","DATE_TYPE_CODE":"002","REPORT_TYPE":"2024年中报","PER_NETCASH_OPERATE":-10.174469848023,"PER_OI":12.98190411009,"BPS":25.214004057962,"BASIC_EPS":1.1,"DILUTED_EPS":1.09,"OPERATE_INCOME":377647000000,"OPERATE_INCOME_YOY":13.0727036463,"GROSS_PROFIT":null,"GROSS_PROFIT_YOY":null,"HOLDER_PROFIT":32113000000,"HOLDER_PROFIT_YOY":0.065436869,"GROSS_PROFIT_RATIO":null,"EPS_TTM":1.980559637182,"OPERATE_INCOME_QOQ":6.41288893589,"NET_PROFIT_RATIO":15.0269961101,"ROE_AVG":4.470507983796,"GROSS_PROFIT_QOQ":0,"ROA":0.282185767918,"HOLDER_PROFIT_QOQ":0.036462131472,"ROE_YEARLY":8.941015967592,"ROIC_YEARLY":0.634444876292,"TOTAL_ASSETS":11429264000000,"TOTAL_LIABILITIES":10024187000000,"TAX_EBT":20.90400992376,"OCF_SALES":-78.374248967952,"TOTAL_PARENT_EQUITY":733482000000,"DEBT_ASSET_RATIO":87.7063212469,"OPERATE_PROFIT":73057000000,"PRETAX_PROFIT":71747000000,"NETCASH_OPERATE":-295978000000,"NETCASH_INVEST":19849000000,"NETCASH_FINANCE":232749000000,"END_CASH":318598000000,"DIVI_RATIO":0.263881918667,"DIVIDEND_RATE":6.178691729323,"CURRENT_RATIO":null,"COMMON_ACS":null,"CURRENTDEBT_DEBT":null,"ISSUED_COMMON_SHARES":29090262630,"HK_COMMON_SHARES":29090262630,"PER_SHARES":1000,"TOTAL_MARKET_CAP":270830345085.3,"HKSK_MARKET_CAP":270830345085.3,"PE_TTM":4.236238683751,"PB_TTM":0.336997280577,"REPORT_DATE_SQ":"2023-06-30 00:00:00","REPORT_TYPE_SQ":"2023年中报","OPERATE_INCOME_SQ":333986000000,"DPS_HKD":0.5752362,"OPERATE_INCOME_QOQ_SQ":1.326742495664,"NET_PROFIT_RATIO_SQ":17.2076075045,"HOLDER_PROFIT_SQ":32092000000,"HOLDER_PROFIT_QOQ_SQ":-14.198016122701,"ROE_AVG_SQ":4.773031154395,"PE_TTM_SQ":3.742088428214,"PB_TTM_SQ":0.310276713252,"ROA_SQ":0.281873427132,"START_DATE":"2024-01-01 00:00:00","FISCAL_YEAR":"12-31","CURRENCY":"HKD","IS_CNY_CODE":0,"DPS_HKD_LY":0.5752362,"ORG_TYPE":"银行","PREMIUM_INCOME":null,"PREMIUM_INCOME_YOY":null,"NET_INTEREST_INCOME":74136000000,"NET_INTEREST_INCOME_YOY":-2.088038353342,"FEE_COMMISSION_INCOME":29031000000,"FEE_COMMISSION_INCOME_YOY":null,"ACCOUNTS_RECE_TDAYS":null,"INVENTORY_TDAYS":null,"CURRENT_ASSETS_TDAYS":null,"TOTAL_ASSETS_TDAYS":0.033184881106,"PREMIUM_EXPENSE":null,"LOAN_DEPOSIT":103.49990103398,"LOAN_EQUITY":4.108589778354,"LOAN_ASSETS":50.509682863218,"DEPOSIT_EQUITY":3.969655755521,"DEPOSIT_ASSETS":48.801672618639,"EQUITY_MULTIPLIER":8.134261681011,"EQUITY_RATIO":13.666575321548},{"SECUCODE":"00267.HK","SECURITY_CODE":"00267","SECURITY_NAME_ABBR":"中信股份","ORG_CODE":"10026449","STD_REPORT_DATE":"2023-12-31 00:00:00","REPORT_DATE":"2023-12-31 00:00:00","DATE_TYPE_CODE":"001","REPORT_TYPE":"2023年年报","PER_NETCASH_OPERATE":-0.783698665425,"PER_OI":23.404120088551,"BPS":24.172280908693,"BASIC_EPS":1.98,"DILUTED_EPS":1.98,"OPERATE_INCOME":680832000000,"OPERATE_INCOME_YOY":2.6217973646,"GROSS_PROFIT":null,"GROSS_PROFIT_YOY":null,"HOLDER_PROFIT":57594000000,"HOLDER_PROFIT_YOY":-11.2996873604,"GROSS_PROFIT_RATIO":null,"EPS_TTM":1.97983774614,"OPERATE_INCOME_QOQ":-2.455263131461,"NET_PROFIT_RATIO":15.4625517014,"ROE_AVG":8.449284706742,"GROSS_PROFIT_QOQ":0,"ROA":0.498107707035,"HOLDER_PROFIT_QOQ":-0.445815630297,"ROE_YEARLY":8.449284706742,"ROIC_YEARLY":0.562834455976,"TOTAL_ASSETS":11330920000000,"TOTAL_LIABILITIES":9994138000000,"TAX_EBT":14.610623991175,"OCF_SALES":-3.3485500094,"TOTAL_PARENT_EQUITY":703178000000,"DEBT_ASSET_RATIO":88.2023525009,"OPERATE_PROFIT":124224000000,"PRETAX_PROFIT":123287000000,"NETCASH_OPERATE":-22798000000,"NETCASH_INVEST":-38280000000,"NETCASH_FINANCE":-11058000000,"END_CASH":359383000000,"DIVI_RATIO":0.263978135639,"DIVIDEND_RATE":6.420046875,"CURRENT_RATIO":null,"COMMON_ACS":null,"CURRENTDEBT_DEBT":null,"ISSUED_COMMON_SHARES":29090262630,"HK_COMMON_SHARES":29090262630,"PER_SHARES":1000,"TOTAL_MARKET_CAP":260648753164.8,"HKSK_MARKET_CAP":260648753164.8,"PE_TTM":4.076981590376,"PB_TTM":0.324328209879,"REPORT_DATE_SQ":"2022-12-31 00:00:00","REPORT_TYPE_SQ":"2022年年报","OPERATE_INCOME_SQ":663438000000,"DPS_HKD":0.5752362,"OPERATE_INCOME_QOQ_SQ":10.824527829774,"NET_PROFIT_RATIO_SQ":15.9519823429,"HOLDER_PROFIT_SQ":64931000000,"HOLDER_PROFIT_QOQ_SQ":6.248750363182,"ROE_AVG_SQ":10.140811388512,"PE_TTM_SQ":3.430247725863,"PB_TTM_SQ":0.284420320481,"ROA_SQ":0.671547510378,"START_DATE":"2023-01-01 00:00:00","FISCAL_YEAR":"12-31","CURRENCY":"HKD","IS_CNY_CODE":0,"DPS_HKD_LY":0.6474844,"ORG_TYPE":"银行","PREMIUM_INCOME":null,"PREMIUM_INCOME_YOY":null,"NET_INTEREST_INCOME":148519000000,"NET_INTEREST_INCOME_YOY":-5.743515539224,"FEE_COMMISSION_INCOME":61590000000,"FEE_COMMISSION_INCOME_YOY":null,"ACCOUNTS_RECE_TDAYS":null,"INVENTORY_TDAYS":null,"CURRENT_ASSETS_TDAYS":null,"TOTAL_ASSETS_TDAYS":0.058882464562,"PREMIUM_EXPENSE":null,"LOAN_DEPOSIT":102.891743634104,"LOAN_EQUITY":4.202541626084,"LOAN_ASSETS":49.580104704649,"DEPOSIT_EQUITY":4.084430370846,"DEPOSIT_ASSETS":48.186669749676,"EQUITY_MULTIPLIER":8.476266137603,"EQUITY_RATIO":14.212813825233},{"SECUCODE":"00267.HK","SECURITY_CODE":"00267","SECURITY_NAME_ABBR":"中信股份","ORG_CODE":"10026449","STD_REPORT_DATE":"2023-06-30 00:00:00","REPORT_DATE":"2023-06-30 00:00:00","DATE_TYPE_CODE":"002","REPORT_TYPE":"2023年中报","PER_NETCASH_OPERATE":-4.548360449092,"PER_OI":11.481023882389,"BPS":23.534094851862,"BASIC_EPS":1.1,"DILUTED_EPS":1.1,"OPERATE_INCOME":333986000000,"OPERATE_INCOME_YOY":2.8133244266,"GROSS_PROFIT":null,"GROSS_PROFIT_YOY":null,"HOLDER_PROFIT":32092000000,"HOLDER_PROFIT_YOY":-22.9761190448,"GROSS_PROFIT_RATIO":null,"EPS_TTM":1.988703698066,"OPERATE_INCOME_QOQ":1.326742495664,"NET_PROFIT_RATIO":17.2076075045,"ROE_AVG":4.773031154395,"GROSS_PROFIT_QOQ":0,"ROA":0.281873427132,"HOLDER_PROFIT_QOQ":-14.198016122701,"ROE_YEARLY":9.546062308789,"ROIC_YEARLY":0.637543720377,"TOTAL_ASSETS":10976305000000,"TOTAL_LIABILITIES":9700131000000,"TAX_EBT":17.024962822864,"OCF_SALES":-39.616331223465,"TOTAL_PARENT_EQUITY":684613000000,"DEBT_ASSET_RATIO":88.3733733711,"OPERATE_PROFIT":69574000000,"PRETAX_PROFIT":69263000000,"NETCASH_OPERATE":-132313000000,"NETCASH_INVEST":26738000000,"NETCASH_FINANCE":31521000000,"END_CASH":356027000000,"DIVI_RATIO":0.26280127985,"DIVIDEND_RATE":6.420046875,"CURRENT_RATIO":null,"COMMON_ACS":null,"CURRENTDEBT_DEBT":null,"ISSUED_COMMON_SHARES":29090262630,"HK_COMMON_SHARES":29090262630,"PER_SHARES":1000,"TOTAL_MARKET_CAP":260648753164.8,"HKSK_MARKET_CAP":260648753164.8,"PE_TTM":4.076981590376,"PB_TTM":0.324328209879,"REPORT_DATE_SQ":"2022-06-30 00:00:00","REPORT_TYPE_SQ":"2022年中报","OPERATE_INCOME_SQ":324847000000,"DPS_HKD":0.5752362,"OPERATE_INCOME_QOQ_SQ":7.232945265836,"NET_PROFIT_RATIO_SQ":18.7366688158,"HOLDER_PROFIT_SQ":41665000000,"HOLDER_PROFIT_QOQ_SQ":10.53058937671,"ROE_AVG_SQ":6.658299061405,"PE_TTM_SQ":3.430247725863,"PB_TTM_SQ":0.284420320481,"ROA_SQ":0.439628893871,"START_DATE":"2023-01-01 00:00:00","FISCAL_YEAR":"12-31","CURRENCY":"HKD","IS_CNY_CODE":0,"DPS_HKD_LY":0.6474844,"ORG_TYPE":"银行","PREMIUM_INCOME":null,"PREMIUM_INCOME_YOY":null,"NET_INTEREST_INCOME":75717000000,"NET_INTEREST_INCOME_YOY":-1.446087363982,"FEE_COMMISSION_INCOME":34499000000,"FEE_COMMISSION_INCOME_YOY":null,"ACCOUNTS_RECE_TDAYS":null,"INVENTORY_TDAYS":null,"CURRENT_ASSETS_TDAYS":null,"TOTAL_ASSETS_TDAYS":0.029334967728,"PREMIUM_EXPENSE":null,"LOAN_DEPOSIT":98.043445383262,"LOAN_EQUITY":4.282311032822,"LOAN_ASSETS":49.788831487463,"DEPOSIT_EQUITY":4.367768815224,"DEPOSIT_ASSETS":50.782417215994,"EQUITY_MULTIPLIER":8.600947049545,"EQUITY_RATIO":14.168780026088},{"SECUCODE":"00267.HK","SECURITY_CODE":"00267","SECURITY_NAME_ABBR":"中信股份","ORG_CODE":"10026449","STD_REPORT_DATE":"2022-12-31 00:00:00","REPORT_DATE":"2022-12-31 00:00:00","DATE_TYPE_CODE":"001","REPORT_TYPE":"2022年年报","PER_NETCASH_OPERATE":5.957710122262,"PER_OI":22.806188051249,"BPS":22.638647479615,"BASIC_EPS":2.23,"DILUTED_EPS":2.23,"OPERATE_INCOME":663438000000,"OPERATE_INCOME_YOY":8.773288421,"GROSS_PROFIT":null,"GROSS_PROFIT_YOY":null,"HOLDER_PROFIT":64931000000,"HOLDER_PROFIT_YOY":7.4891059782,"GROSS_PROFIT_RATIO":null,"EPS_TTM":2.317782885895,"OPERATE_INCOME_QOQ":10.824527829774,"NET_PROFIT_RATIO":15.9519823429,"ROE_AVG":10.140811388512,"GROSS_PROFIT_QOQ":0,"ROA":0.671547510378,"HOLDER_PROFIT_QOQ":6.248750363182,"ROE_YEARLY":10.140811388512,"ROIC_YEARLY":0.756905872361,"TOTAL_ASSETS":10542043000000,"TOTAL_LIABILITIES":9307366000000,"TAX_EBT":16.865946013889,"OCF_SALES":25.160251214771,"TOTAL_PARENT_EQUITY":660109000000,"DEBT_ASSET_RATIO":88.298756024,"OPERATE_PROFIT":123191000000,"PRETAX_PROFIT":127292000000,"NETCASH_OPERATE":166193000000,"NETCASH_INVEST":48345000000,"NETCASH_FINANCE":-93804000000,"END_CASH":427809000000,"DIVI_RATIO":0.225488711766,"DIVIDEND_RATE":6.420046875,"CURRENT_RATIO":null,"COMMON_ACS":null,"CURRENTDEBT_DEBT":null,"ISSUED_COMMON_SHARES":29090262630,"HK_COMMON_SHARES":29090262630,"PER_SHARES":1000,"TOTAL_MARKET_CAP":260648753164.8,"HKSK_MARKET_CAP":260648753164.8,"PE_TTM":4.076981590376,"PB_TTM":0.324328209879,"REPORT_DATE_SQ":"2021-12-31 00:00:00","REPORT_TYPE_SQ":"2021年年报","OPERATE_INCOME_SQ":579626073600,"DPS_HKD":0.5752362,"OPERATE_INCOME_QOQ_SQ":10.324540196858,"NET_PROFIT_RATIO_SQ":14.1448593385,"HOLDER_PROFIT_SQ":57413507200,"HOLDER_PROFIT_QOQ_SQ":-3.897348902842,"ROE_AVG_SQ":9.850997732315,"PE_TTM_SQ":3.430247725863,"PB_TTM_SQ":0.284420320481,"ROA_SQ":0.687562912002,"START_DATE":"2022-01-01 00:00:00","FISCAL_YEAR":"12-31","CURRENCY":"HKD","IS_CNY_CODE":0,"DPS_HKD_LY":0.656,"ORG_TYPE":"银行","PREMIUM_INCOME":null,"PREMIUM_INCOME_YOY":null,"NET_INTEREST_INCOME":157569000000,"NET_INTEREST_INCOME_YOY":-13.410780720217,"FEE_COMMISSION_INCOME":65254000000,"FEE_COMMISSION_INCOME_YOY":null,"ACCOUNTS_RECE_TDAYS":null,"INVENTORY_TDAYS":null,"CURRENT_ASSETS_TDAYS":null,"TOTAL_ASSETS_TDAYS":0.068606993326,"PREMIUM_EXPENSE":null,"LOAN_DEPOSIT":102.122322634355,"LOAN_EQUITY":4.260294797749,"LOAN_ASSETS":49.896286706476,"DEPOSIT_EQUITY":4.171756661864,"DEPOSIT_ASSETS":48.859334001958,"EQUITY_MULTIPLIER":8.546099902293,"EQUITY_RATIO":14.099741103363},{"SECUCODE":"00267.HK","SECURITY_CODE":"00267","SECURITY_NAME_ABBR":"中信股份","ORG_CODE":"10026449","STD_REPORT_DATE":"2022-06-30 00:00:00","REPORT_DATE":"2022-06-30 00:00:00","DATE_TYPE_CODE":"002","REPORT_TYPE":"2022年中报","PER_NETCASH_OPERATE":0.45181493468,"PER_OI":11.166863776094,"BPS":22.107446745317,"BASIC_EPS":1.43,"DILUTED_EPS":1.43,"OPERATE_INCOME":324847000000,"OPERATE_INCOME_YOY":11.1883396001,"GROSS_PROFIT":null,"GROSS_PROFIT_YOY":null,"HOLDER_PROFIT":41665000000,"HOLDER_PROFIT_YOY":13.3016411998,"GROSS_PROFIT_RATIO":null,"EPS_TTM":2.181468373013,"OPERATE_INCOME_QOQ":7.232945265836,"NET_PROFIT_RATIO":18.7366688158,"ROE_AVG":6.658299061405,"GROSS_PROFIT_QOQ":0,"ROA":0.439628893871,"HOLDER_PROFIT_QOQ":10.53058937671,"ROE_YEARLY":13.31659812281,"ROIC_YEARLY":0.991545043451,"TOTAL_ASSETS":10334233976220,"TOTAL_LIABILITIES":9134723102470,"TAX_EBT":16.186073309921,"OCF_SALES":3.916596798732,"TOTAL_PARENT_EQUITY":643111431900,"DEBT_ASSET_RATIO":88.3928419222,"OPERATE_PROFIT":70425000000,"PRETAX_PROFIT":72896000000,"NETCASH_OPERATE":12803000000,"NETCASH_INVEST":169385000000,"NETCASH_FINANCE":-58977000000,"END_CASH":420362000000,"DIVI_RATIO":0.239578938462,"DIVIDEND_RATE":6.420046875,"CURRENT_RATIO":null,"COMMON_ACS":null,"CURRENTDEBT_DEBT":null,"ISSUED_COMMON_SHARES":29090262630,"HK_COMMON_SHARES":29090262630,"PER_SHARES":1000,"TOTAL_MARKET_CAP":260648753164.8,"HKSK_MARKET_CAP":260648753164.8,"PE_TTM":4.076981590376,"PB_TTM":0.324328209879,"REPORT_DATE_SQ":"2021-06-30 00:00:00","REPORT_TYPE_SQ":"2021年中报","OPERATE_INCOME_SQ":293658505680,"DPS_HKD":0.5752362,"OPERATE_INCOME_QOQ_SQ":12.89230555182,"NET_PROFIT_RATIO_SQ":16.6295006531,"HOLDER_PROFIT_SQ":36757134000,"HOLDER_PROFIT_QOQ_SQ":25.349070497072,"ROE_AVG_SQ":6.359116244789,"PE_TTM_SQ":3.430247725863,"PB_TTM_SQ":0.284420320481,"ROA_SQ":0.442387347451,"START_DATE":"2022-01-01 00:00:00","FISCAL_YEAR":"12-31","CURRENCY":"HKD","IS_CNY_CODE":0,"DPS_HKD_LY":0.656,"ORG_TYPE":"银行","PREMIUM_INCOME":null,"PREMIUM_INCOME_YOY":null,"NET_INTEREST_INCOME":76828000000,"NET_INTEREST_INCOME_YOY":-15.419336371843,"FEE_COMMISSION_INCOME":28263000000,"FEE_COMMISSION_INCOME_YOY":null,"ACCOUNTS_RECE_TDAYS":null,"INVENTORY_TDAYS":null,"CURRENT_ASSETS_TDAYS":null,"TOTAL_ASSETS_TDAYS":0.034467534187,"PREMIUM_EXPENSE":null,"LOAN_DEPOSIT":99.656290617005,"LOAN_EQUITY":4.270936280189,"LOAN_ASSETS":49.573432544382,"DEPOSIT_EQUITY":4.285666518136,"DEPOSIT_ASSETS":49.744408744753,"EQUITY_MULTIPLIER":8.615373317889,"EQUITY_RATIO":14.203950745336},{"SECUCODE":"00267.HK","SECURITY_CODE":"00267","SECURITY_NAME_ABBR":"中信股份","ORG_CODE":"10026449","STD_REPORT_DATE":"2021-12-31 00:00:00","REPORT_DATE":"2021-12-31 00:00:00","DATE_TYPE_CODE":"001","REPORT_TYPE":"2021年年报","PER_NETCASH_OPERATE":-1.143730286082,"PER_OI":19.925089057197,"BPS":21.118763038132,"BASIC_EPS":1.970416,"DILUTED_EPS":1.970416,"OPERATE_INCOME":579626073600,"OPERATE_INCOME_YOY":28.2100157519,"GROSS_PROFIT":null,"GROSS_PROFIT_YOY":null,"HOLDER_PROFIT":57413507200,"HOLDER_PROFIT_YOY":24.0057921876,"GROSS_PROFIT_RATIO":null,"EPS_TTM":1.973633168261,"OPERATE_INCOME_QOQ":10.324540196858,"NET_PROFIT_RATIO":14.1448593385,"ROE_AVG":9.850997732315,"GROSS_PROFIT_QOQ":0,"ROA":0.687562912002,"HOLDER_PROFIT_QOQ":-3.897348902842,"ROE_YEARLY":9.850997732315,"ROIC_YEARLY":0.771577952288,"TOTAL_ASSETS":8736481969600,"TOTAL_LIABILITIES":7783495585600,"TAX_EBT":17.222080055473,"OCF_SALES":-5.740151438212,"TOTAL_PARENT_EQUITY":614350363200,"DEBT_ASSET_RATIO":89.0918748838,"OPERATE_PROFIT":90733160000,"PRETAX_PROFIT":99044881600,"NETCASH_OPERATE":-33271414400,"NETCASH_INVEST":-220251628800,"NETCASH_FINANCE":170187528000,"END_CASH":295115172800,"DIVI_RATIO":0.264808012704,"DIVIDEND_RATE":6.420046875,"CURRENT_RATIO":null,"COMMON_ACS":null,"CURRENTDEBT_DEBT":null,"ISSUED_COMMON_SHARES":29090262630,"HK_COMMON_SHARES":29090262630,"PER_SHARES":1000,"TOTAL_MARKET_CAP":260648753164.8,"HKSK_MARKET_CAP":260648753164.8,"PE_TTM":4.076981590376,"PB_TTM":0.324328209879,"REPORT_DATE_SQ":"2020-12-31 00:00:00","REPORT_TYPE_SQ":"2020年年报","OPERATE_INCOME_SQ":465383996360,"DPS_HKD":0.5752362,"OPERATE_INCOME_QOQ_SQ":-6.417070815404,"NET_PROFIT_RATIO_SQ":14.6357078139,"HOLDER_PROFIT_SQ":47660389920,"HOLDER_PROFIT_QOQ_SQ":9.62345350559,"ROE_AVG_SQ":8.94737091583,"PE_TTM_SQ":3.430247725863,"PB_TTM_SQ":0.284420320481,"ROA_SQ":0.628126880121,"START_DATE":"2021-01-01 00:00:00","FISCAL_YEAR":"12-31","CURRENCY":"HKD","IS_CNY_CODE":0,"DPS_HKD_LY":0.538,"ORG_TYPE":"银行","PREMIUM_INCOME":null,"PREMIUM_INCOME_YOY":null,"NET_INTEREST_INCOME":148781124800,"NET_INTEREST_INCOME_YOY":5.787185062028,"FEE_COMMISSION_INCOME":40651072000,"FEE_COMMISSION_INCOME_YOY":null,"ACCOUNTS_RECE_TDAYS":null,"INVENTORY_TDAYS":null,"CURRENT_ASSETS_TDAYS":null,"TOTAL_ASSETS_TDAYS":0.069413873228,"PREMIUM_EXPENSE":null,"LOAN_DEPOSIT":102.2271597336,"LOAN_EQUITY":5.133065657736,"LOAN_ASSETS":55.992122424353,"DEPOSIT_EQUITY":5.021234739488,"DEPOSIT_ASSETS":54.772256776249,"EQUITY_MULTIPLIER":9.167478272823,"EQUITY_RATIO":12.669473401233},{"SECUCODE":"00267.HK","SECURITY_CODE":"00267","SECURITY_NAME_ABBR":"中信股份","ORG_CODE":"10026449","STD_REPORT_DATE":"2021-06-30 00:00:00","REPORT_DATE":"2021-06-30 00:00:00","DATE_TYPE_CODE":"002","REPORT_TYPE":"2021年中报","PER_NETCASH_OPERATE":-6.485302830007,"PER_OI":10.094735458908,"BPS":20.453365753611,"BASIC_EPS":1.2647616,"DILUTED_EPS":1.2647616,"OPERATE_INCOME":293658505680,"OPERATE_INCOME_YOY":37.9664740698,"GROSS_PROFIT":null,"GROSS_PROFIT_YOY":null,"HOLDER_PROFIT":36757134000,"HOLDER_PROFIT_YOY":63.5263196861,"GROSS_PROFIT_RATIO":null,"EPS_TTM":2.05367192864,"OPERATE_INCOME_QOQ":12.89230555182,"NET_PROFIT_RATIO":16.6295006531,"ROE_AVG":6.359116244789,"GROSS_PROFIT_QOQ":0,"ROA":0.442387347451,"HOLDER_PROFIT_QOQ":25.349070497072,"ROE_YEARLY":12.718232489578,"ROIC_YEARLY":0.993621199322,"TOTAL_ASSETS":8512476284640,"TOTAL_LIABILITIES":7589786100960,"TAX_EBT":15.112023952442,"OCF_SALES":-64.244405971875,"TOTAL_PARENT_EQUITY":594993781440,"DEBT_ASSET_RATIO":89.1607312276,"OPERATE_PROFIT":53650854240,"PRETAX_PROFIT":57527514960,"NETCASH_OPERATE":-188659162560,"NETCASH_INVEST":-123701173200,"NETCASH_FINANCE":185596276080,"END_CASH":251526966960,"DIVI_RATIO":0.254487520526,"DIVIDEND_RATE":6.420046875,"CURRENT_RATIO":null,"COMMON_ACS":null,"CURRENTDEBT_DEBT":null,"ISSUED_COMMON_SHARES":29090262630,"HK_COMMON_SHARES":29090262630,"PER_SHARES":1000,"TOTAL_MARKET_CAP":260648753164.8,"HKSK_MARKET_CAP":260648753164.8,"PE_TTM":4.076981590376,"PB_TTM":0.324328209879,"REPORT_DATE_SQ":"2020-06-30 00:00:00","REPORT_TYPE_SQ":"2020年中报","OPERATE_INCOME_SQ":233659778880,"DPS_HKD":0.5752362,"OPERATE_INCOME_QOQ_SQ":-2.002311059683,"NET_PROFIT_RATIO_SQ":14.8196652098,"HOLDER_PROFIT_SQ":24675668160,"HOLDER_PROFIT_QOQ_SQ":-9.95910299222,"ROE_AVG_SQ":4.545940265329,"PE_TTM_SQ":3.430247725863,"PB_TTM_SQ":0.284420320481,"ROA_SQ":0.322224803986,"START_DATE":"2021-01-01 00:00:00","FISCAL_YEAR":"12-31","CURRENCY":"HKD","IS_CNY_CODE":0,"DPS_HKD_LY":0.538,"ORG_TYPE":"银行","PREMIUM_INCOME":null,"PREMIUM_INCOME_YOY":null,"NET_INTEREST_INCOME":75581154720,"NET_INTEREST_INCOME_YOY":9.422734062545,"FEE_COMMISSION_INCOME":21887032320,"FEE_COMMISSION_INCOME_YOY":null,"ACCOUNTS_RECE_TDAYS":null,"INVENTORY_TDAYS":null,"CURRENT_ASSETS_TDAYS":null,"TOTAL_ASSETS_TDAYS":0.035343018687,"PREMIUM_EXPENSE":null,"LOAN_DEPOSIT":101.102857332208,"LOAN_EQUITY":5.145278727671,"LOAN_ASSETS":55.771059038208,"DEPOSIT_EQUITY":5.089152634693,"DEPOSIT_ASSETS":55.162693231263,"EQUITY_MULTIPLIER":9.225714584606,"EQUITY_RATIO":12.756076345187},{"SECUCODE":"00267.HK","SECURITY_CODE":"00267","SECURITY_NAME_ABBR":"中信股份","ORG_CODE":"10026449","STD_REPORT_DATE":"2020-12-31 00:00:00","REPORT_DATE":"2020-12-31 00:00:00","DATE_TYPE_CODE":"001","REPORT_TYPE":"2020年年报","PER_NETCASH_OPERATE":5.590389164527,"PER_OI":15.997930382384,"BPS":19.508165321779,"BASIC_EPS":1.641198,"DILUTED_EPS":1.641198,"OPERATE_INCOME":465383996360,"OPERATE_INCOME_YOY":-2.3915395845,"GROSS_PROFIT":null,"GROSS_PROFIT_YOY":null,"HOLDER_PROFIT":47660389920,"HOLDER_PROFIT_YOY":5.0553772517,"GROSS_PROFIT_RATIO":null,"EPS_TTM":1.638362311341,"OPERATE_INCOME_QOQ":-6.417070815404,"NET_PROFIT_RATIO":14.6357078139,"ROE_AVG":8.94737091583,"GROSS_PROFIT_QOQ":0,"ROA":0.628126880121,"HOLDER_PROFIT_QOQ":9.62345350559,"ROE_YEARLY":8.94737091583,"ROIC_YEARLY":0.712409375477,"TOTAL_ASSETS":8198270477920,"TOTAL_LIABILITIES":7349357025040,"TAX_EBT":17.182095417426,"OCF_SALES":34.944452381684,"TOTAL_PARENT_EQUITY":567497652640,"DEBT_ASSET_RATIO":89.6452129121,"OPERATE_PROFIT":78364258760,"PRETAX_PROFIT":82243377520,"NETCASH_OPERATE":162625889000,"NETCASH_INVEST":-215600393880,"NETCASH_FINANCE":30314189520,"END_CASH":381012111280,"DIVI_RATIO":0.318997741511,"DIVIDEND_RATE":6.420046875,"CURRENT_RATIO":null,"COMMON_ACS":null,"CURRENTDEBT_DEBT":null,"ISSUED_COMMON_SHARES":29090262630,"HK_COMMON_SHARES":29090262630,"PER_SHARES":1000,"TOTAL_MARKET_CAP":260648753164.8,"HKSK_MARKET_CAP":260648753164.8,"PE_TTM":4.076981590376,"PB_TTM":0.324328209879,"REPORT_DATE_SQ":"2019-12-31 00:00:00","REPORT_TYPE_SQ":"2019年年报","OPERATE_INCOME_SQ":507456682660,"DPS_HKD":0.5752362,"OPERATE_INCOME_QOQ_SQ":2.871285729359,"NET_PROFIT_RATIO_SQ":13.8020148386,"HOLDER_PROFIT_SQ":48285229340,"HOLDER_PROFIT_QOQ_SQ":1.338081229386,"ROE_AVG_SQ":9.373856048887,"PE_TTM_SQ":3.430247725863,"PB_TTM_SQ":0.284420320481,"ROA_SQ":0.675872693987,"START_DATE":"2020-01-01 00:00:00","FISCAL_YEAR":"12-31","CURRENCY":"HKD","IS_CNY_CODE":0,"DPS_HKD_LY":0.385,"ORG_TYPE":"银行","PREMIUM_INCOME":null,"PREMIUM_INCOME_YOY":null,"NET_INTEREST_INCOME":144777229520,"NET_INTEREST_INCOME_YOY":1.102608409446,"FEE_COMMISSION_INCOME":32973771920,"FEE_COMMISSION_INCOME_YOY":null,"ACCOUNTS_RECE_TDAYS":null,"INVENTORY_TDAYS":null,"CURRENT_ASSETS_TDAYS":null,"TOTAL_ASSETS_TDAYS":0.06133399206,"PREMIUM_EXPENSE":null,"LOAN_DEPOSIT":99.575768272861,"LOAN_EQUITY":5.358361043859,"LOAN_ASSETS":55.484687749337,"DEPOSIT_EQUITY":5.38118975811,"DEPOSIT_ASSETS":55.721074224902,"EQUITY_MULTIPLIER":9.657369016969,"EQUITY_RATIO":12.950462421916},{"SECUCODE":"00267.HK","SECURITY_CODE":"00267","SECURITY_NAME_ABBR":"中信股份","ORG_CODE":"10026449","STD_REPORT_DATE":"2020-06-30 00:00:00","REPORT_DATE":"2020-06-30 00:00:00","DATE_TYPE_CODE":"002","REPORT_TYPE":"2020年中报","PER_NETCASH_OPERATE":2.306595728387,"PER_OI":8.032233392043,"BPS":18.744756266231,"BASIC_EPS":0.8494992,"DILUTED_EPS":0.8494992,"OPERATE_INCOME":233659778880,"OPERATE_INCOME_YOY":-7.7113458597,"GROSS_PROFIT":null,"GROSS_PROFIT_YOY":null,"HOLDER_PROFIT":24675668160,"HOLDER_PROFIT_YOY":-19.4044990751,"GROSS_PROFIT_RATIO":null,"EPS_TTM":1.494536304913,"OPERATE_INCOME_QOQ":-2.002311059683,"NET_PROFIT_RATIO":14.8196652098,"ROE_AVG":4.545940265329,"GROSS_PROFIT_QOQ":0,"ROA":0.322224803986,"HOLDER_PROFIT_QOQ":-9.95910299222,"ROE_YEARLY":9.091880530657,"ROIC_YEARLY":0.732597951145,"TOTAL_ASSETS":7743461066880,"TOTAL_LIABILITIES":6926337834240,"TAX_EBT":18.552337573049,"OCF_SALES":28.716741855029,"TOTAL_PARENT_EQUITY":545289882720,"DEBT_ASSET_RATIO":89.4475709817,"OPERATE_PROFIT":42309627360,"PRETAX_PROFIT":42515151360,"NETCASH_OPERATE":67099475520,"NETCASH_INVEST":-115293483360,"NETCASH_FINANCE":-22771145760,"END_CASH":347160179520,"DIVI_RATIO":0.349696340849,"DIVIDEND_RATE":6.420046875,"CURRENT_RATIO":null,"COMMON_ACS":null,"CURRENTDEBT_DEBT":null,"ISSUED_COMMON_SHARES":29090262630,"HK_COMMON_SHARES":29090262630,"PER_SHARES":1000,"TOTAL_MARKET_CAP":260648753164.8,"HKSK_MARKET_CAP":260648753164.8,"PE_TTM":4.076981590376,"PB_TTM":0.324328209879,"REPORT_DATE_SQ":"2019-06-30 00:00:00","REPORT_TYPE_SQ":"2019年中报","OPERATE_INCOME_SQ":243820640160,"DPS_HKD":0.5752362,"OPERATE_INCOME_QOQ_SQ":5.570405852326,"NET_PROFIT_RATIO_SQ":17.0180679424,"HOLDER_PROFIT_SQ":29484443880,"HOLDER_PROFIT_QOQ_SQ":8.242393370645,"ROE_AVG_SQ":5.884129107462,"PE_TTM_SQ":3.430247725863,"PB_TTM_SQ":0.284420320481,"ROA_SQ":0.427877499481,"START_DATE":"2020-01-01 00:00:00","FISCAL_YEAR":"12-31","CURRENCY":"HKD","IS_CNY_CODE":0,"DPS_HKD_LY":0.385,"ORG_TYPE":"银行","PREMIUM_INCOME":null,"PREMIUM_INCOME_YOY":null,"NET_INTEREST_INCOME":75826481280,"NET_INTEREST_INCOME_YOY":14.871652944025,"FEE_COMMISSION_INCOME":18990417600,"FEE_COMMISSION_INCOME_YOY":null,"ACCOUNTS_RECE_TDAYS":null,"INVENTORY_TDAYS":null,"CURRENT_ASSETS_TDAYS":null,"TOTAL_ASSETS_TDAYS":0.030512234141,"PREMIUM_EXPENSE":null,"LOAN_DEPOSIT":96.719241509566,"LOAN_EQUITY":5.290055625361,"LOAN_ASSETS":55.822936489325,"DEPOSIT_EQUITY":5.46949659943,"DEPOSIT_ASSETS":57.716474631166,"EQUITY_MULTIPLIER":9.47649113077,"EQUITY_RATIO":12.702120566936}],"count":49},"success":true,"message":"ok","code":0}