{"version":"6638444a3e96b387a3acda0c6475e597","result":{"pages":5,"data":[{"SECUCODE":"00264.HK","SECURITY_CODE":"00264","SECURITY_NAME_ABBR":"中联发展控股","ORG_CODE":"10007522","STD_REPORT_DATE":"2024-06-30 00:00:00","REPORT_DATE":"2024-06-30 00:00:00","DATE_TYPE_CODE":"002","REPORT_TYPE":"2024年中报","PER_NETCASH_OPERATE":-0.000641324533,"PER_OI":0.019131374254,"BPS":-0.145634637345,"BASIC_EPS":-0.02099164,"DILUTED_EPS":-0.02099164,"OPERATE_INCOME":7895594.68,"OPERATE_INCOME_YOY":-48.8530211659,"GROSS_PROFIT":1871906.68,"GROSS_PROFIT_YOY":-58.189629524854,"HOLDER_PROFIT":-8715181.32,"HOLDER_PROFIT_YOY":-13.0996091437,"GROSS_PROFIT_RATIO":23.708241821755,"EPS_TTM":-0.063538512251,"OPERATE_INCOME_QOQ":-28.039742801052,"NET_PROFIT_RATIO":-110.3803028552,"ROE_AVG":15.064246669349,"GROSS_PROFIT_QOQ":-50.604290306189,"ROA":-89.163826509174,"HOLDER_PROFIT_QOQ":-3.680671530883,"ROE_YEARLY":30.128493338697,"ROIC_YEARLY":-195.196238757155,"TOTAL_ASSETS":6741054.48,"TOTAL_LIABILITIES":68303145.84,"TAX_EBT":null,"OCF_SALES":-3.352213616923,"TOTAL_PARENT_EQUITY":-61562091.36,"DEBT_ASSET_RATIO":1013.2412672624,"OPERATE_PROFIT":-7378105.12,"PRETAX_PROFIT":-8715181.32,"NETCASH_OPERATE":-264677.2,"NETCASH_INVEST":912.68,"NETCASH_FINANCE":304835.12,"END_CASH":779428.72,"DIVI_RATIO":null,"DIVIDEND_RATE":null,"CURRENT_RATIO":0.116821701398,"COMMON_ACS":2000000000,"CURRENTDEBT_DEBT":77.138619417943,"ISSUED_COMMON_SHARES":422716000,"HK_COMMON_SHARES":422716000,"PER_SHARES":4000,"TOTAL_MARKET_CAP":870794960,"HKSK_MARKET_CAP":870794960,"PE_TTM":-30.011889022919,"PB_TTM":-12.909846409298,"REPORT_DATE_SQ":"2023-06-30 00:00:00","REPORT_TYPE_SQ":"2023年中报","OPERATE_INCOME_SQ":15594369.72,"DPS_HKD":null,"OPERATE_INCOME_QOQ_SQ":-2.355796894854,"NET_PROFIT_RATIO_SQ":-49.9172283316,"HOLDER_PROFIT_SQ":-7784277.14,"HOLDER_PROFIT_QOQ_SQ":3.810091614567,"ROE_AVG_SQ":17.093688313003,"PE_TTM_SQ":-27.791515151515,"PB_TTM_SQ":-9.228727472569,"ROA_SQ":-33.12409274589,"START_DATE":"2024-01-01 00:00:00","FISCAL_YEAR":"12-31","CURRENCY":"HKD","IS_CNY_CODE":0,"DPS_HKD_LY":null,"ORG_TYPE":"一般企业","PREMIUM_INCOME":null,"PREMIUM_INCOME_YOY":null,"NET_INTEREST_INCOME":null,"NET_INTEREST_INCOME_YOY":null,"FEE_COMMISSION_INCOME":null,"FEE_COMMISSION_INCOME_YOY":null,"ACCOUNTS_RECE_TDAYS":2.467132468273,"INVENTORY_TDAYS":1.764705882353,"CURRENT_ASSETS_TDAYS":0.865273054611,"TOTAL_ASSETS_TDAYS":0.807787478407,"PREMIUM_EXPENSE":null,"LOAN_DEPOSIT":null,"LOAN_EQUITY":null,"LOAN_ASSETS":null,"DEPOSIT_EQUITY":null,"DEPOSIT_ASSETS":null,"EQUITY_MULTIPLIER":-0.109500088952,"EQUITY_RATIO":-1.109500088952},{"SECUCODE":"00264.HK","SECURITY_CODE":"00264","SECURITY_NAME_ABBR":"中联发展控股","ORG_CODE":"10007522","STD_REPORT_DATE":"2023-12-31 00:00:00","REPORT_DATE":"2023-12-31 00:00:00","DATE_TYPE_CODE":"001","REPORT_TYPE":"2023年年报","PER_NETCASH_OPERATE":-0.023861878586,"PER_OI":0.06652868293,"BPS":-0.127181136981,"BASIC_EPS":-0.06524784,"DILUTED_EPS":-0.06524784,"OPERATE_INCOME":27456653.56,"OPERATE_INCOME_YOY":-45.9369758395,"GROSS_PROFIT":5148235.82,"GROSS_PROFIT_YOY":-43.832383382388,"HOLDER_PROFIT":-25291693.98,"HOLDER_PROFIT_YOY":-47.3859315589,"GROSS_PROFIT_RATIO":18.750412568486,"EPS_TTM":-0.061282890352,"OPERATE_INCOME_QOQ":-43.829955998888,"NET_PROFIT_RATIO":-92.1149910885,"ROE_AVG":52.987915436535,"GROSS_PROFIT_QOQ":-43.363410821462,"ROA":-125.110388882663,"HOLDER_PROFIT_QOQ":-55.445234963927,"ROE_YEARLY":52.987915436535,"ROIC_YEARLY":-135.734260632736,"TOTAL_ASSETS":12716985.26,"TOTAL_LIABILITIES":66478486.76,"TAX_EBT":-0.969574183278,"OCF_SALES":-35.867053930953,"TOTAL_PARENT_EQUITY":-53761501.5,"DEBT_ASSET_RATIO":522.7535095846,"OPERATE_PROFIT":-22392696.2,"PRETAX_PROFIT":-25048827.02,"NETCASH_OPERATE":-9847892.74,"NETCASH_INVEST":-52560.76,"NETCASH_FINANCE":8537498.62,"END_CASH":903501.34,"DIVI_RATIO":null,"DIVIDEND_RATE":null,"CURRENT_RATIO":0.199629423196,"COMMON_ACS":2000000000,"CURRENTDEBT_DEBT":90.491834564737,"ISSUED_COMMON_SHARES":422716000,"HK_COMMON_SHARES":422716000,"PER_SHARES":4000,"TOTAL_MARKET_CAP":629846840,"HKSK_MARKET_CAP":629846840,"PE_TTM":-21.707628468034,"PB_TTM":-9.337704441677,"REPORT_DATE_SQ":"2022-12-31 00:00:00","REPORT_TYPE_SQ":"2022年年报","OPERATE_INCOME_SQ":50060637.34,"DPS_HKD":null,"OPERATE_INCOME_QOQ_SQ":39.736754535769,"NET_PROFIT_RATIO_SQ":-33.7889440063,"HOLDER_PROFIT_SQ":-16914960.72,"HOLDER_PROFIT_QOQ_SQ":7.980401585057,"ROE_AVG_SQ":49.472900419328,"PE_TTM_SQ":-30.382249614792,"PB_TTM_SQ":-10.089032575944,"ROA_SQ":-52.770036785197,"START_DATE":"2023-01-01 00:00:00","FISCAL_YEAR":"12-31","CURRENCY":"HKD","IS_CNY_CODE":0,"DPS_HKD_LY":null,"ORG_TYPE":"一般企业","PREMIUM_INCOME":null,"PREMIUM_INCOME_YOY":null,"NET_INTEREST_INCOME":null,"NET_INTEREST_INCOME_YOY":null,"FEE_COMMISSION_INCOME":null,"FEE_COMMISSION_INCOME_YOY":null,"ACCOUNTS_RECE_TDAYS":4.49825551184,"INVENTORY_TDAYS":4.774437548487,"CURRENT_ASSETS_TDAYS":1.949490074961,"TOTAL_ASSETS_TDAYS":1.358197915499,"PREMIUM_EXPENSE":null,"LOAN_DEPOSIT":null,"LOAN_EQUITY":null,"LOAN_ASSETS":null,"DEPOSIT_EQUITY":null,"DEPOSIT_ASSETS":null,"EQUITY_MULTIPLIER":-0.236544458491,"EQUITY_RATIO":-1.236544458491},{"SECUCODE":"00264.HK","SECURITY_CODE":"00264","SECURITY_NAME_ABBR":"中联发展控股","ORG_CODE":"10007522","STD_REPORT_DATE":"2023-06-30 00:00:00","REPORT_DATE":"2023-06-30 00:00:00","DATE_TYPE_CODE":"002","REPORT_TYPE":"2023年中报","PER_NETCASH_OPERATE":0.005095289571,"PER_OI":0.040747861846,"BPS":-0.115093733429,"BASIC_EPS":-0.02028356,"DILUTED_EPS":-0.02028356,"OPERATE_INCOME":15594369.72,"OPERATE_INCOME_YOY":-13.7656775772,"GROSS_PROFIT":4477134.88,"GROSS_PROFIT_YOY":-1.666948251947,"HOLDER_PROFIT":-7784277.14,"HOLDER_PROFIT_YOY":14.3364448052,"GROSS_PROFIT_RATIO":28.709944424737,"EPS_TTM":-0.042514541839,"OPERATE_INCOME_QOQ":-2.355796894854,"NET_PROFIT_RATIO":-49.9172283316,"ROE_AVG":17.093688313003,"GROSS_PROFIT_QOQ":-0.828038142353,"ROA":-33.12409274589,"HOLDER_PROFIT_QOQ":3.810091614567,"ROE_YEARLY":34.187376626006,"ROIC_YEARLY":-72.028494038859,"TOTAL_ASSETS":18804704.08,"TOTAL_LIABILITIES":67456666.7,"TAX_EBT":-3.278287461774,"OCF_SALES":12.504434196524,"TOTAL_PARENT_EQUITY":-48651962.62,"DEBT_ASSET_RATIO":358.7222984899,"OPERATE_PROFIT":-6183719.86,"PRETAX_PROFIT":-7537186.5,"NETCASH_OPERATE":1949987.7,"NETCASH_INVEST":6453.86,"NETCASH_FINANCE":-2842464.34,"END_CASH":1471480.08,"DIVI_RATIO":null,"DIVIDEND_RATE":null,"CURRENT_RATIO":0.188061933507,"COMMON_ACS":2000000000,"CURRENTDEBT_DEBT":74.944303970478,"ISSUED_COMMON_SHARES":422716000,"HK_COMMON_SHARES":422716000,"PER_SHARES":4000,"TOTAL_MARKET_CAP":629846840,"HKSK_MARKET_CAP":629846840,"PE_TTM":-21.707628468034,"PB_TTM":-9.337704441677,"REPORT_DATE_SQ":"2022-06-30 00:00:00","REPORT_TYPE_SQ":"2022年中报","OPERATE_INCOME_SQ":16773696.66,"DPS_HKD":null,"OPERATE_INCOME_QOQ_SQ":-10.926122251037,"NET_PROFIT_RATIO_SQ":-50.249821556,"HOLDER_PROFIT_SQ":-8428752.64,"HOLDER_PROFIT_QOQ_SQ":-7.127116339003,"ROE_AVG_SQ":28.595468128935,"PE_TTM_SQ":-30.382249614792,"PB_TTM_SQ":-10.089032575944,"ROA_SQ":-24.81713228166,"START_DATE":"2023-01-01 00:00:00","FISCAL_YEAR":"12-31","CURRENCY":"HKD","IS_CNY_CODE":0,"DPS_HKD_LY":null,"ORG_TYPE":"一般企业","PREMIUM_INCOME":null,"PREMIUM_INCOME_YOY":null,"NET_INTEREST_INCOME":null,"NET_INTEREST_INCOME_YOY":null,"FEE_COMMISSION_INCOME":null,"FEE_COMMISSION_INCOME_YOY":null,"ACCOUNTS_RECE_TDAYS":3.399115755627,"INVENTORY_TDAYS":2.218379173949,"CURRENT_ASSETS_TDAYS":1.202004050741,"TOTAL_ASSETS_TDAYS":0.663580368002,"PREMIUM_EXPENSE":null,"LOAN_DEPOSIT":null,"LOAN_EQUITY":null,"LOAN_ASSETS":null,"DEPOSIT_EQUITY":null,"DEPOSIT_ASSETS":null,"EQUITY_MULTIPLIER":-0.386514809832,"EQUITY_RATIO":-1.386514809832},{"SECUCODE":"00264.HK","SECURITY_CODE":"00264","SECURITY_NAME_ABBR":"中联发展控股","ORG_CODE":"10007522","STD_REPORT_DATE":"2022-12-31 00:00:00","REPORT_DATE":"2022-12-31 00:00:00","DATE_TYPE_CODE":"001","REPORT_TYPE":"2022年年报","PER_NETCASH_OPERATE":-0.008356083553,"PER_OI":0.130807719125,"BPS":-0.09723954693,"BASIC_EPS":-0.04377023,"DILUTED_EPS":-0.04377023,"OPERATE_INCOME":50060637.34,"OPERATE_INCOME_YOY":13.9250284599,"GROSS_PROFIT":9165843.47,"GROSS_PROFIT_YOY":14.161604950758,"HOLDER_PROFIT":-16914960.72,"HOLDER_PROFIT_YOY":9.7727164435,"GROSS_PROFIT_RATIO":18.309482174084,"EPS_TTM":-0.044198546971,"OPERATE_INCOME_QOQ":39.736754535769,"NET_PROFIT_RATIO":-33.7889440063,"ROE_AVG":49.472900419328,"GROSS_PROFIT_QOQ":52.44412943665,"ROA":-52.770036785197,"HOLDER_PROFIT_QOQ":7.980401585057,"ROE_YEARLY":49.472900419328,"ROIC_YEARLY":-55.855111792815,"TOTAL_ASSETS":27317983.14,"TOTAL_LIABILITIES":68422695.46,"TAX_EBT":null,"OCF_SALES":-6.388066093287,"TOTAL_PARENT_EQUITY":-41104712.32,"DEBT_ASSET_RATIO":250.4675953175,"OPERATE_PROFIT":-14735381.92,"PRETAX_PROFIT":-16914960.72,"NETCASH_OPERATE":-3197906.6,"NETCASH_INVEST":-25904.83,"NETCASH_FINANCE":4224273.83,"END_CASH":2228708.65,"DIVI_RATIO":null,"DIVIDEND_RATE":null,"CURRENT_RATIO":0.314258019034,"COMMON_ACS":2000000000,"CURRENTDEBT_DEBT":74.075041123789,"ISSUED_COMMON_SHARES":422716000,"HK_COMMON_SHARES":422716000,"PER_SHARES":4000,"TOTAL_MARKET_CAP":629846840,"HKSK_MARKET_CAP":629846840,"PE_TTM":-21.707628468034,"PB_TTM":-9.337704441677,"REPORT_DATE_SQ":"2021-12-31 00:00:00","REPORT_TYPE_SQ":"2021年年报","OPERATE_INCOME_SQ":40219379.2,"DPS_HKD":null,"OPERATE_INCOME_QOQ_SQ":1.514206345985,"NET_PROFIT_RATIO_SQ":-42.66344121,"HOLDER_PROFIT_SQ":-17158971.2,"HOLDER_PROFIT_QOQ_SQ":10.421308166958,"ROE_AVG_SQ":101.332625175028,"PE_TTM_SQ":-30.382249614792,"PB_TTM_SQ":-10.089032575944,"ROA_SQ":-57.28049346325,"START_DATE":"2022-01-01 00:00:00","FISCAL_YEAR":"12-31","CURRENCY":"HKD","IS_CNY_CODE":0,"DPS_HKD_LY":null,"ORG_TYPE":"一般企业","PREMIUM_INCOME":null,"PREMIUM_INCOME_YOY":null,"NET_INTEREST_INCOME":null,"NET_INTEREST_INCOME_YOY":null,"FEE_COMMISSION_INCOME":null,"FEE_COMMISSION_INCOME_YOY":null,"ACCOUNTS_RECE_TDAYS":7.455863766381,"INVENTORY_TDAYS":5.622819945959,"CURRENT_ASSETS_TDAYS":2.614874953341,"TOTAL_ASSETS_TDAYS":1.561754542414,"PREMIUM_EXPENSE":null,"LOAN_DEPOSIT":null,"LOAN_EQUITY":null,"LOAN_ASSETS":null,"DEPOSIT_EQUITY":null,"DEPOSIT_ASSETS":null,"EQUITY_MULTIPLIER":-0.664594923505,"EQUITY_RATIO":-1.664594923505},{"SECUCODE":"00264.HK","SECURITY_CODE":"00264","SECURITY_NAME_ABBR":"中联发展控股","ORG_CODE":"10007522","STD_REPORT_DATE":"2022-06-30 00:00:00","REPORT_DATE":"2022-06-30 00:00:00","DATE_TYPE_CODE":"002","REPORT_TYPE":"2022年中报","PER_NETCASH_OPERATE":0.002134042106,"PER_OI":0.043829426032,"BPS":-0.077684404683,"BASIC_EPS":-0.022063902,"DILUTED_EPS":-0.022063902,"OPERATE_INCOME":16773696.66,"OPERATE_INCOME_YOY":-22.9009433962,"GROSS_PROFIT":4553031.56,"GROSS_PROFIT_YOY":-30.691987830127,"HOLDER_PROFIT":-8428752.64,"HOLDER_PROFIT_YOY":-13.8106235566,"GROSS_PROFIT_RATIO":27.143876822678,"EPS_TTM":-0.048031666876,"OPERATE_INCOME_QOQ":-10.926122251037,"NET_PROFIT_RATIO":-50.249821556,"ROE_AVG":28.595468128935,"GROSS_PROFIT_QOQ":-25.112495067776,"ROA":-24.81713228166,"HOLDER_PROFIT_QOQ":-7.127116339003,"ROE_YEARLY":57.19093625787,"ROIC_YEARLY":-51.650770359501,"TOTAL_ASSETS":32705031.17,"TOTAL_LIABILITIES":65543471.98,"TAX_EBT":null,"OCF_SALES":4.868971143061,"TOTAL_PARENT_EQUITY":-32838440.81,"DEBT_ASSET_RATIO":200.4079177889,"OPERATE_PROFIT":-7542775.8,"PRETAX_PROFIT":-8428752.64,"NETCASH_OPERATE":816706.45,"NETCASH_INVEST":-5986.33,"NETCASH_FINANCE":-909066.97,"END_CASH":1395670.08,"DIVI_RATIO":null,"DIVIDEND_RATE":null,"CURRENT_RATIO":0.363547486034,"COMMON_ACS":2000000000,"CURRENTDEBT_DEBT":84.07922548994,"ISSUED_COMMON_SHARES":422716000,"HK_COMMON_SHARES":422716000,"PER_SHARES":4000,"TOTAL_MARKET_CAP":629846840,"HKSK_MARKET_CAP":629846840,"PE_TTM":-21.707628468034,"PB_TTM":-9.337704441677,"REPORT_DATE_SQ":"2021-06-30 00:00:00","REPORT_TYPE_SQ":"2021年中报","OPERATE_INCOME_SQ":21168115.2,"DPS_HKD":null,"OPERATE_INCOME_QOQ_SQ":18.362917255013,"NET_PROFIT_RATIO_SQ":-34.0408805031,"HOLDER_PROFIT_SQ":-7205812.8,"HOLDER_PROFIT_QOQ_SQ":-4.602289248862,"ROE_AVG_SQ":57.928358807987,"PE_TTM_SQ":-30.382249614792,"PB_TTM_SQ":-10.089032575944,"ROA_SQ":-22.665113783582,"START_DATE":"2022-01-01 00:00:00","FISCAL_YEAR":"12-31","CURRENCY":"HKD","IS_CNY_CODE":0,"DPS_HKD_LY":null,"ORG_TYPE":"一般企业","PREMIUM_INCOME":null,"PREMIUM_INCOME_YOY":null,"NET_INTEREST_INCOME":null,"NET_INTEREST_INCOME_YOY":null,"FEE_COMMISSION_INCOME":null,"FEE_COMMISSION_INCOME_YOY":null,"ACCOUNTS_RECE_TDAYS":3.679924953096,"INVENTORY_TDAYS":1.212044105174,"CURRENT_ASSETS_TDAYS":0.809492364837,"TOTAL_ASSETS_TDAYS":0.493875033048,"PREMIUM_EXPENSE":null,"LOAN_DEPOSIT":null,"LOAN_EQUITY":null,"LOAN_ASSETS":null,"DEPOSIT_EQUITY":null,"DEPOSIT_ASSETS":null,"EQUITY_MULTIPLIER":-0.995937394203,"EQUITY_RATIO":-1.995937394203},{"SECUCODE":"00264.HK","SECURITY_CODE":"00264","SECURITY_NAME_ABBR":"中联发展控股","ORG_CODE":"10007522","STD_REPORT_DATE":"2021-12-31 00:00:00","REPORT_DATE":"2021-12-31 00:00:00","DATE_TYPE_CODE":"001","REPORT_TYPE":"2021年年报","PER_NETCASH_OPERATE":-0.011555662862,"PER_OI":0.105092654375,"BPS":-0.059059548255,"BASIC_EPS":-0.044968,"DILUTED_EPS":-0.044968,"OPERATE_INCOME":40219379.2,"OPERATE_INCOME_YOY":23.6881144553,"GROSS_PROFIT":8028832,"GROSS_PROFIT_YOY":-20.064449652341,"HOLDER_PROFIT":-17158971.2,"HOLDER_PROFIT_YOY":3.543524221,"GROSS_PROFIT_RATIO":19.962595543991,"EPS_TTM":-0.044836142815,"OPERATE_INCOME_QOQ":1.514206345985,"NET_PROFIT_RATIO":-42.66344121,"ROE_AVG":101.332625175028,"GROSS_PROFIT_QOQ":-37.071641643966,"ROA":-57.28049346325,"HOLDER_PROFIT_QOQ":10.421308166958,"ROE_YEARLY":101.332625175028,"ROIC_YEARLY":-60.369054639072,"TOTAL_ASSETS":33673673.6,"TOTAL_LIABILITIES":58639089.6,"TAX_EBT":null,"OCF_SALES":-10.995690356156,"TOTAL_PARENT_EQUITY":-24965416,"DEBT_ASSET_RATIO":174.1392706259,"OPERATE_PROFIT":-15587544,"PRETAX_PROFIT":-17158971.2,"NETCASH_OPERATE":-4422398.4,"NETCASH_INVEST":-4606358.4,"NETCASH_FINANCE":8113044.8,"END_CASH":1201054.4,"DIVI_RATIO":null,"DIVIDEND_RATE":null,"CURRENT_RATIO":0.429441432787,"COMMON_ACS":2000000000,"CURRENTDEBT_DEBT":81.276055827442,"ISSUED_COMMON_SHARES":422716000,"HK_COMMON_SHARES":422716000,"PER_SHARES":4000,"TOTAL_MARKET_CAP":629846840,"HKSK_MARKET_CAP":629846840,"PE_TTM":-21.707628468034,"PB_TTM":-9.337704441677,"REPORT_DATE_SQ":"2020-12-31 00:00:00","REPORT_TYPE_SQ":"2020年年报","OPERATE_INCOME_SQ":33472864.44,"DPS_HKD":null,"OPERATE_INCOME_QOQ_SQ":-27.635761087247,"NET_PROFIT_RATIO_SQ":-54.7082044706,"HOLDER_PROFIT_SQ":-18312403.12,"HOLDER_PROFIT_QOQ_SQ":-32.273029718026,"ROE_AVG_SQ":3148.76989869754,"PE_TTM_SQ":-30.382249614792,"PB_TTM_SQ":-10.089032575944,"ROA_SQ":-53.900463249684,"START_DATE":"2021-01-01 00:00:00","FISCAL_YEAR":"12-31","CURRENCY":"HKD","IS_CNY_CODE":0,"DPS_HKD_LY":null,"ORG_TYPE":"一般企业","PREMIUM_INCOME":null,"PREMIUM_INCOME_YOY":null,"NET_INTEREST_INCOME":null,"NET_INTEREST_INCOME_YOY":null,"FEE_COMMISSION_INCOME":null,"FEE_COMMISSION_INCOME_YOY":null,"ACCOUNTS_RECE_TDAYS":5.813626425575,"INVENTORY_TDAYS":3.606980898722,"CURRENT_ASSETS_TDAYS":1.843709006409,"TOTAL_ASSETS_TDAYS":1.342613062584,"PREMIUM_EXPENSE":null,"LOAN_DEPOSIT":null,"LOAN_EQUITY":null,"LOAN_ASSETS":null,"DEPOSIT_EQUITY":null,"DEPOSIT_ASSETS":null,"EQUITY_MULTIPLIER":-1.348812837728,"EQUITY_RATIO":-2.348812837727},{"SECUCODE":"00264.HK","SECURITY_CODE":"00264","SECURITY_NAME_ABBR":"中联发展控股","ORG_CODE":"10007522","STD_REPORT_DATE":"2021-06-30 00:00:00","REPORT_DATE":"2021-06-30 00:00:00","DATE_TYPE_CODE":"002","REPORT_TYPE":"2021年中报","PER_NETCASH_OPERATE":-0.011371133827,"PER_OI":0.055311977925,"BPS":-0.037423482811,"BASIC_EPS":-0.018805008,"DILUTED_EPS":-0.018805008,"OPERATE_INCOME":21168115.2,"OPERATE_INCOME_YOY":54.6974764366,"GROSS_PROFIT":6569271.6,"GROSS_PROFIT_YOY":70.421640313499,"HOLDER_PROFIT":-7205812.8,"HOLDER_PROFIT_YOY":-24.3181165662,"GROSS_PROFIT_RATIO":31.033805031447,"EPS_TTM":-0.050052241105,"OPERATE_INCOME_QOQ":18.362917255013,"NET_PROFIT_RATIO":-34.0408805031,"ROE_AVG":57.928358807987,"GROSS_PROFIT_QOQ":27.026276286125,"ROA":-22.665113783582,"HOLDER_PROFIT_QOQ":-4.602289248862,"ROE_YEARLY":115.856717615974,"ROIC_YEARLY":-47.327576784348,"TOTAL_ASSETS":36881946,"TOTAL_LIABILITIES":52701450.96,"TAX_EBT":null,"OCF_SALES":-20.558176100629,"TOTAL_PARENT_EQUITY":-15819504.96,"DEBT_ASSET_RATIO":142.8922729836,"OPERATE_PROFIT":-6479406.96,"PRETAX_PROFIT":-7205812.8,"NETCASH_OPERATE":-4351778.4,"NETCASH_INVEST":-244631.52,"NETCASH_FINANCE":3668640.72,"END_CASH":786315.6,"DIVI_RATIO":null,"DIVIDEND_RATE":null,"CURRENT_RATIO":0.597522016923,"COMMON_ACS":2000000000,"CURRENTDEBT_DEBT":73.14523895985,"ISSUED_COMMON_SHARES":422716000,"HK_COMMON_SHARES":422716000,"PER_SHARES":4000,"TOTAL_MARKET_CAP":629846840,"HKSK_MARKET_CAP":629846840,"PE_TTM":-21.707628468034,"PB_TTM":-9.337704441677,"REPORT_DATE_SQ":"2020-06-30 00:00:00","REPORT_TYPE_SQ":"2020年中报","OPERATE_INCOME_SQ":15021520.8,"DPS_HKD":null,"OPERATE_INCOME_QOQ_SQ":-15.627308459171,"NET_PROFIT_RATIO_SQ":-42.3593797507,"HOLDER_PROFIT_SQ":-6363023.04,"HOLDER_PROFIT_QOQ_SQ":15.670155927759,"ROE_AVG_SQ":-122.350048300694,"PE_TTM_SQ":-30.382249614792,"PB_TTM_SQ":-10.089032575944,"ROA_SQ":-16.199246546672,"START_DATE":"2021-01-01 00:00:00","FISCAL_YEAR":"12-31","CURRENCY":"HKD","IS_CNY_CODE":0,"DPS_HKD_LY":null,"ORG_TYPE":"一般企业","PREMIUM_INCOME":null,"PREMIUM_INCOME_YOY":null,"NET_INTEREST_INCOME":null,"NET_INTEREST_INCOME_YOY":null,"FEE_COMMISSION_INCOME":null,"FEE_COMMISSION_INCOME_YOY":null,"ACCOUNTS_RECE_TDAYS":2.280489444669,"INVENTORY_TDAYS":1.791037158024,"CURRENT_ASSETS_TDAYS":0.908392994233,"TOTAL_ASSETS_TDAYS":0.665820432626,"PREMIUM_EXPENSE":null,"LOAN_DEPOSIT":null,"LOAN_EQUITY":null,"LOAN_ASSETS":null,"DEPOSIT_EQUITY":null,"DEPOSIT_ASSETS":null,"EQUITY_MULTIPLIER":-2.331422259628,"EQUITY_RATIO":-3.331422259625},{"SECUCODE":"00264.HK","SECURITY_CODE":"00264","SECURITY_NAME_ABBR":"中联发展控股","ORG_CODE":"10007522","STD_REPORT_DATE":"2020-12-31 00:00:00","REPORT_DATE":"2020-12-31 00:00:00","DATE_TYPE_CODE":"001","REPORT_TYPE":"2020年年报","PER_NETCASH_OPERATE":-0.018242306848,"PER_OI":0.087464109181,"BPS":-0.021676337494,"BASIC_EPS":-0.04797348,"DILUTED_EPS":-0.04797348,"OPERATE_INCOME":33472864.44,"OPERATE_INCOME_YOY":-35.0168295154,"GROSS_PROFIT":10044131.76,"GROSS_PROFIT_YOY":-61.049356981445,"HOLDER_PROFIT":-18312403.12,"HOLDER_PROFIT_YOY":-18.7210127135,"GROSS_PROFIT_RATIO":30.006788866259,"EPS_TTM":-0.047850043689,"OPERATE_INCOME_QOQ":-27.635761087247,"NET_PROFIT_RATIO":-54.7082044706,"ROE_AVG":3148.76989869754,"GROSS_PROFIT_QOQ":-45.361154905811,"ROA":-53.900463249684,"HOLDER_PROFIT_QOQ":-32.273029718026,"ROE_YEARLY":3148.76989869754,"ROIC_YEARLY":-69.090562682586,"TOTAL_ASSETS":27009910.88,"TOTAL_LIABILITIES":36172845.56,"TAX_EBT":null,"OCF_SALES":-20.856905785623,"TOTAL_PARENT_EQUITY":-9162934.68,"DEBT_ASSET_RATIO":133.9243425153,"OPERATE_PROFIT":-17861284.08,"PRETAX_PROFIT":-18312403.12,"NETCASH_OPERATE":-7423264.8,"NETCASH_INVEST":-1314641.68,"NETCASH_FINANCE":-3066936.16,"END_CASH":1918939.2,"DIVI_RATIO":null,"DIVIDEND_RATE":null,"CURRENT_RATIO":0.74837533682,"COMMON_ACS":2000000000,"CURRENTDEBT_DEBT":88.075571790875,"ISSUED_COMMON_SHARES":422716000,"HK_COMMON_SHARES":422716000,"PER_SHARES":4000,"TOTAL_MARKET_CAP":646755480,"HKSK_MARKET_CAP":646755480,"PE_TTM":-22.290383594692,"PB_TTM":-9.588381070984,"REPORT_DATE_SQ":"2019-12-31 00:00:00","REPORT_TYPE_SQ":"2019年年报","OPERATE_INCOME_SQ":54823527.56,"DPS_HKD":null,"OPERATE_INCOME_QOQ_SQ":8.809306244041,"NET_PROFIT_RATIO_SQ":-29.9450998333,"HOLDER_PROFIT_SQ":-16416960.06,"HOLDER_PROFIT_QOQ_SQ":43.445648275492,"ROE_AVG_SQ":-97.582663329961,"PE_TTM_SQ":-25.907344632768,"PB_TTM_SQ":-8.603051033751,"ROA_SQ":-36.337140137997,"START_DATE":"2020-01-01 00:00:00","FISCAL_YEAR":"12-31","CURRENCY":"HKD","IS_CNY_CODE":0,"DPS_HKD_LY":null,"ORG_TYPE":"一般企业","PREMIUM_INCOME":null,"PREMIUM_INCOME_YOY":null,"NET_INTEREST_INCOME":null,"NET_INTEREST_INCOME_YOY":null,"FEE_COMMISSION_INCOME":null,"FEE_COMMISSION_INCOME_YOY":null,"ACCOUNTS_RECE_TDAYS":3.703762339356,"INVENTORY_TDAYS":2.266303020435,"CURRENT_ASSETS_TDAYS":1.116770796771,"TOTAL_ASSETS_TDAYS":0.985235464612,"PREMIUM_EXPENSE":null,"LOAN_DEPOSIT":null,"LOAN_EQUITY":null,"LOAN_ASSETS":null,"DEPOSIT_EQUITY":null,"DEPOSIT_ASSETS":null,"EQUITY_MULTIPLIER":-2.947735831723,"EQUITY_RATIO":-3.947735831726},{"SECUCODE":"00264.HK","SECURITY_CODE":"00264","SECURITY_NAME_ABBR":"中联发展控股","ORG_CODE":"10007522","STD_REPORT_DATE":"2020-06-30 00:00:00","REPORT_DATE":"2020-06-30 00:00:00","DATE_TYPE_CODE":"002","REPORT_TYPE":"2020年中报","PER_NETCASH_OPERATE":-0.00313387558,"PER_OI":0.039251015929,"BPS":0.004066782615,"BASIC_EPS":-0.016624608,"DILUTED_EPS":-0.016624608,"OPERATE_INCOME":15021520.8,"OPERATE_INCOME_YOY":-38.6746718377,"GROSS_PROFIT":3854716.8,"GROSS_PROFIT_YOY":-65.762535620304,"HOLDER_PROFIT":-6363023.04,"HOLDER_PROFIT_YOY":31.4235085647,"GROSS_PROFIT_RATIO":25.661295226513,"EPS_TTM":-0.036175208046,"OPERATE_INCOME_QOQ":-15.627308459171,"NET_PROFIT_RATIO":-42.3593797507,"ROE_AVG":-122.350048300694,"GROSS_PROFIT_QOQ":-28.712543335405,"ROA":-16.199246546672,"HOLDER_PROFIT_QOQ":15.670155927759,"ROE_YEARLY":-244.700096601388,"ROIC_YEARLY":-47.872998419353,"TOTAL_ASSETS":34127945.28,"TOTAL_LIABILITIES":32408851.2,"TAX_EBT":null,"OCF_SALES":-7.98418972332,"TOTAL_PARENT_EQUITY":1719094.08,"DEBT_ASSET_RATIO":94.9627964242,"OPERATE_PROFIT":-6205911.36,"PRETAX_PROFIT":-6363023.04,"NETCASH_OPERATE":-1199346.72,"NETCASH_INVEST":32883.84,"NETCASH_FINANCE":-1814091.84,"END_CASH":11262715.2,"DIVI_RATIO":null,"DIVIDEND_RATE":null,"CURRENT_RATIO":0.922990815155,"COMMON_ACS":2000000000,"CURRENTDEBT_DEBT":98.196166854566,"ISSUED_COMMON_SHARES":422716000,"HK_COMMON_SHARES":422716000,"PER_SHARES":4000,"TOTAL_MARKET_CAP":646755480,"HKSK_MARKET_CAP":646755480,"PE_TTM":-22.290383594692,"PB_TTM":-9.588381070984,"REPORT_DATE_SQ":"2019-06-30 00:00:00","REPORT_TYPE_SQ":"2019年中报","OPERATE_INCOME_SQ":23588962.56,"DPS_HKD":null,"OPERATE_INCOME_QOQ_SQ":-10.009466186145,"NET_PROFIT_RATIO_SQ":-37.8803699284,"HOLDER_PROFIT_SQ":-8935586.28,"HOLDER_PROFIT_QOQ_SQ":-5.288739389695,"ROE_AVG_SQ":-43.879049676026,"PE_TTM_SQ":-25.907344632768,"PB_TTM_SQ":-8.603051033751,"ROA_SQ":-18.843563915633,"START_DATE":"2020-01-01 00:00:00","FISCAL_YEAR":"12-31","CURRENCY":"HKD","IS_CNY_CODE":0,"DPS_HKD_LY":null,"ORG_TYPE":"一般企业","PREMIUM_INCOME":null,"PREMIUM_INCOME_YOY":null,"NET_INTEREST_INCOME":null,"NET_INTEREST_INCOME_YOY":null,"FEE_COMMISSION_INCOME":null,"FEE_COMMISSION_INCOME_YOY":null,"ACCOUNTS_RECE_TDAYS":1.950192706789,"INVENTORY_TDAYS":0.990279465371,"CURRENT_ASSETS_TDAYS":0.438223655284,"TOTAL_ASSETS_TDAYS":0.382424073299,"PREMIUM_EXPENSE":null,"LOAN_DEPOSIT":null,"LOAN_EQUITY":null,"LOAN_ASSETS":null,"DEPOSIT_EQUITY":null,"DEPOSIT_ASSETS":null,"EQUITY_MULTIPLIER":19.852284803502,"EQUITY_RATIO":18.852284803401}],"count":45},"success":true,"message":"ok","code":0}