{"version":"cd7cbf40285ae5faf3a60f8489153b56","result":{"pages":6,"data":[{"SECUCODE":"00265.HK","SECURITY_CODE":"00265","SECURITY_NAME_ABBR":"港誉智慧城市服务","ORG_CODE":"10007523","STD_REPORT_DATE":"2024-06-30 00:00:00","REPORT_DATE":"2024-06-30 00:00:00","DATE_TYPE_CODE":"002","REPORT_TYPE":"2024年中报","PER_NETCASH_OPERATE":0.004307623837,"PER_OI":0.01184746643,"BPS":1.00556308172,"BASIC_EPS":0.000730144,"DILUTED_EPS":0.000730144,"OPERATE_INCOME":153093855.88,"OPERATE_INCOME_YOY":-1.1532251411,"GROSS_PROFIT":43065718.48,"GROSS_PROFIT_YOY":-1.119762388166,"HOLDER_PROFIT":21919835.56,"HOLDER_PROFIT_YOY":32.2594856545,"GROSS_PROFIT_RATIO":28.13027226498,"EPS_TTM":0.002749950229,"OPERATE_INCOME_QOQ":-1.084338547066,"NET_PROFIT_RATIO":14.2076176963,"ROE_AVG":4.085107396295,"GROSS_PROFIT_QOQ":-0.631788468174,"ROA":2.994026159239,"HOLDER_PROFIT_QOQ":17.055445664111,"ROE_YEARLY":8.170214792589,"ROIC_YEARLY":9.420841999767,"TOTAL_ASSETS":720644826.56,"TOTAL_LIABILITIES":166455491.08,"TAX_EBT":-11.146348288406,"OCF_SALES":36.359029694589,"TOTAL_PARENT_EQUITY":530282595.56,"DEBT_ASSET_RATIO":23.0981316933,"OPERATE_PROFIT":20391096.56,"PRETAX_PROFIT":19569684.56,"NETCASH_OPERATE":55663440.52,"NETCASH_INVEST":-3557626.64,"NETCASH_FINANCE":-27528254.16,"END_CASH":210014969.44,"DIVI_RATIO":null,"DIVIDEND_RATE":null,"CURRENT_RATIO":3.784509252838,"COMMON_ACS":400000000,"CURRENTDEBT_DEBT":75.109249318734,"ISSUED_COMMON_SHARES":258441510,"HK_COMMON_SHARES":258441510,"PER_SHARES":2000,"TOTAL_MARKET_CAP":237766189.2,"HKSK_MARKET_CAP":237766189.2,"PE_TTM":6.041268114948,"PB_TTM":0.835020313757,"REPORT_DATE_SQ":"2023-06-30 00:00:00","REPORT_TYPE_SQ":"2023年中报","OPERATE_INCOME_SQ":156458162.04,"DPS_HKD":null,"OPERATE_INCOME_QOQ_SQ":34.610522319702,"NET_PROFIT_RATIO_SQ":12.1604261688,"HOLDER_PROFIT_SQ":16742234.82,"HOLDER_PROFIT_QOQ_SQ":52.571112158014,"ROE_AVG_SQ":3.095598927391,"PE_TTM_SQ":7.792206341307,"PB_TTM_SQ":1.212353845009,"ROA_SQ":2.242663086771,"START_DATE":"2024-01-01 00:00:00","FISCAL_YEAR":"12-31","CURRENCY":"HKD","IS_CNY_CODE":0,"DPS_HKD_LY":null,"ORG_TYPE":"一般企业","PREMIUM_INCOME":null,"PREMIUM_INCOME_YOY":null,"NET_INTEREST_INCOME":null,"NET_INTEREST_INCOME_YOY":null,"FEE_COMMISSION_INCOME":null,"FEE_COMMISSION_INCOME_YOY":null,"ACCOUNTS_RECE_TDAYS":1.832163707559,"INVENTORY_TDAYS":7.941961197668,"CURRENT_ASSETS_TDAYS":0.321653782247,"TOTAL_ASSETS_TDAYS":0.209110605811,"PREMIUM_EXPENSE":null,"LOAN_DEPOSIT":null,"LOAN_EQUITY":null,"LOAN_ASSETS":null,"DEPOSIT_EQUITY":null,"DEPOSIT_ASSETS":null,"EQUITY_MULTIPLIER":1.300358524466,"EQUITY_RATIO":0.313899593299},{"SECUCODE":"00265.HK","SECURITY_CODE":"00265","SECURITY_NAME_ABBR":"港誉智慧城市服务","ORG_CODE":"10007523","STD_REPORT_DATE":"2023-12-31 00:00:00","REPORT_DATE":"2023-12-31 00:00:00","DATE_TYPE_CODE":"001","REPORT_TYPE":"2023年年报","PER_NETCASH_OPERATE":-0.002579156336,"PER_OI":0.024010341623,"BPS":1.04682806187,"BASIC_EPS":0.001540574,"DILUTED_EPS":0.001540574,"OPERATE_INCOME":310263447.62,"OPERATE_INCOME_YOY":50.8461582521,"GROSS_PROFIT":77192725.82,"GROSS_PROFIT_YOY":26.195119905543,"HOLDER_PROFIT":30357463.78,"HOLDER_PROFIT_YOY":12.3411247862,"GROSS_PROFIT_RATIO":24.879735725281,"EPS_TTM":0.002349271504,"OPERATE_INCOME_QOQ":13.685778117084,"NET_PROFIT_RATIO":11.0900163857,"ROE_AVG":5.65875346609,"GROSS_PROFIT_QOQ":-4.271552007767,"ROA":4.119009735908,"HOLDER_PROFIT_QOQ":-25.300559349833,"ROE_YEARLY":5.65875346609,"ROIC_YEARLY":6.068142748715,"TOTAL_ASSETS":738330057.92,"TOTAL_LIABILITIES":174537972,"TAX_EBT":8.997435467248,"OCF_SALES":-10.741856056734,"TOTAL_PARENT_EQUITY":539033249.3,"DEBT_ASSET_RATIO":23.6395593174,"OPERATE_PROFIT":41912675,"PRETAX_PROFIT":37810217.06,"NETCASH_OPERATE":-33328052.94,"NETCASH_INVEST":57573062.82,"NETCASH_FINANCE":-19090430.52,"END_CASH":182488240.06,"DIVI_RATIO":null,"DIVIDEND_RATE":null,"CURRENT_RATIO":3.749606862044,"COMMON_ACS":400000000,"CURRENTDEBT_DEBT":72.63759086189,"ISSUED_COMMON_SHARES":258441510,"HK_COMMON_SHARES":258441510,"PER_SHARES":2000,"TOTAL_MARKET_CAP":242935019.4,"HKSK_MARKET_CAP":242935019.4,"PE_TTM":6.17260003049,"PB_TTM":0.853172929273,"REPORT_DATE_SQ":"2022-12-31 00:00:00","REPORT_TYPE_SQ":"2022年年报","OPERATE_INCOME_SQ":202742812.09,"DPS_HKD":null,"OPERATE_INCOME_QOQ_SQ":10.594628173014,"NET_PROFIT_RATIO_SQ":12.2991448096,"HOLDER_PROFIT_SQ":26636418.13,"HOLDER_PROFIT_QOQ_SQ":832.38257410952,"ROE_AVG_SQ":4.918476243887,"PE_TTM_SQ":7.792206341307,"PB_TTM_SQ":1.212353845009,"ROA_SQ":3.499391810656,"START_DATE":"2023-01-01 00:00:00","FISCAL_YEAR":"12-31","CURRENCY":"HKD","IS_CNY_CODE":0,"DPS_HKD_LY":null,"ORG_TYPE":"一般企业","PREMIUM_INCOME":null,"PREMIUM_INCOME_YOY":null,"NET_INTEREST_INCOME":null,"NET_INTEREST_INCOME_YOY":null,"FEE_COMMISSION_INCOME":null,"FEE_COMMISSION_INCOME_YOY":null,"ACCOUNTS_RECE_TDAYS":4.388865387327,"INVENTORY_TDAYS":16.665478697554,"CURRENT_ASSETS_TDAYS":0.674165688676,"TOTAL_ASSETS_TDAYS":0.42097659103,"PREMIUM_EXPENSE":null,"LOAN_DEPOSIT":null,"LOAN_EQUITY":null,"LOAN_ASSETS":null,"DEPOSIT_EQUITY":null,"DEPOSIT_ASSETS":null,"EQUITY_MULTIPLIER":1.309578613037,"EQUITY_RATIO":0.323798155729},{"SECUCODE":"00265.HK","SECURITY_CODE":"00265","SECURITY_NAME_ABBR":"港誉智慧城市服务","ORG_CODE":"10007523","STD_REPORT_DATE":"2023-06-30 00:00:00","REPORT_DATE":"2023-06-30 00:00:00","DATE_TYPE_CODE":"002","REPORT_TYPE":"2023年中报","PER_NETCASH_OPERATE":-0.000003567461,"PER_OI":0.012107819819,"BPS":1.026658187843,"BASIC_EPS":0.00092198,"DILUTED_EPS":0.00092198,"OPERATE_INCOME":156458162.04,"OPERATE_INCOME_YOY":68.18600779,"GROSS_PROFIT":43553413.22,"GROSS_PROFIT_YOY":80.827819820736,"HOLDER_PROFIT":16742234.82,"HOLDER_PROFIT_YOY":466.9372463316,"GROSS_PROFIT_RATIO":27.837098846186,"EPS_TTM":0.003144965322,"OPERATE_INCOME_QOQ":34.610522319702,"NET_PROFIT_RATIO":12.1604261688,"ROE_AVG":3.095598927391,"GROSS_PROFIT_QOQ":31.826142126301,"ROA":2.242663086771,"HOLDER_PROFIT_QOQ":52.571112158014,"ROE_YEARLY":6.191197854782,"ROIC_YEARLY":6.130996493728,"TOTAL_ASSETS":744585516.12,"TOTAL_LIABILITIES":183004732.18,"TAX_EBT":-11.576101649094,"OCF_SALES":-0.029464106825,"TOTAL_PARENT_EQUITY":538489794.84,"DEBT_ASSET_RATIO":24.5780676924,"OPERATE_PROFIT":18444209.9,"PRETAX_PROFIT":17052020.1,"NETCASH_OPERATE":-46099,"NETCASH_INVEST":-756023.6,"NETCASH_FINANCE":-4067775.76,"END_CASH":172088488.98,"DIVI_RATIO":null,"DIVIDEND_RATE":null,"CURRENT_RATIO":3.587688456346,"COMMON_ACS":400000000,"CURRENTDEBT_DEBT":71.644558191555,"ISSUED_COMMON_SHARES":258441510,"HK_COMMON_SHARES":258441510,"PER_SHARES":2000,"TOTAL_MARKET_CAP":242935019.4,"HKSK_MARKET_CAP":242935019.4,"PE_TTM":6.17260003049,"PB_TTM":0.853172929273,"REPORT_DATE_SQ":"2022-06-30 00:00:00","REPORT_TYPE_SQ":"2022年中报","OPERATE_INCOME_SQ":86287815.81,"DPS_HKD":null,"OPERATE_INCOME_QOQ_SQ":57.598149468855,"NET_PROFIT_RATIO_SQ":2.3855313557,"HOLDER_PROFIT_SQ":2739173.57,"HOLDER_PROFIT_QOQ_SQ":57.260478565525,"ROE_AVG_SQ":0.525483402074,"PE_TTM_SQ":7.792206341307,"PB_TTM_SQ":1.212353845009,"ROA_SQ":0.365688737575,"START_DATE":"2023-01-01 00:00:00","FISCAL_YEAR":"12-31","CURRENCY":"HKD","IS_CNY_CODE":0,"DPS_HKD_LY":null,"ORG_TYPE":"一般企业","PREMIUM_INCOME":null,"PREMIUM_INCOME_YOY":null,"NET_INTEREST_INCOME":null,"NET_INTEREST_INCOME_YOY":null,"FEE_COMMISSION_INCOME":null,"FEE_COMMISSION_INCOME_YOY":null,"ACCOUNTS_RECE_TDAYS":1.751576643993,"INVENTORY_TDAYS":8.005164242523,"CURRENT_ASSETS_TDAYS":0.338949941876,"TOTAL_ASSETS_TDAYS":0.209579514565,"PREMIUM_EXPENSE":null,"LOAN_DEPOSIT":null,"LOAN_EQUITY":null,"LOAN_ASSETS":null,"DEPOSIT_EQUITY":null,"DEPOSIT_ASSETS":null,"EQUITY_MULTIPLIER":1.325874277421,"EQUITY_RATIO":0.339848097278},{"SECUCODE":"00265.HK","SECURITY_CODE":"00265","SECURITY_NAME_ABBR":"港誉智慧城市服务","ORG_CODE":"10007523","STD_REPORT_DATE":"2022-12-31 00:00:00","REPORT_DATE":"2022-12-31 00:00:00","DATE_TYPE_CODE":"001","REPORT_TYPE":"2022年年报","PER_NETCASH_OPERATE":0.002949944375,"PER_OI":0.015689647676,"BPS":1.012309145462,"BASIC_EPS":0.000714616,"DILUTED_EPS":0.000714616,"OPERATE_INCOME":202742812.09,"OPERATE_INCOME_YOY":76.8316816255,"GROSS_PROFIT":61169343.06,"GROSS_PROFIT_YOY":106.496460780766,"HOLDER_PROFIT":26636418.13,"HOLDER_PROFIT_YOY":386.5007686395,"GROSS_PROFIT_RATIO":30.17090590262,"EPS_TTM":0.002061311134,"OPERATE_INCOME_QOQ":10.594628173014,"NET_PROFIT_RATIO":12.2991448096,"ROE_AVG":4.918476243887,"GROSS_PROFIT_QOQ":12.945545312328,"ROA":3.499391810656,"HOLDER_PROFIT_QOQ":832.38257410952,"ROE_YEARLY":4.918476243887,"ROIC_YEARLY":4.955726033225,"TOTAL_ASSETS":725174451.4,"TOTAL_LIABILITIES":183600035.99,"TAX_EBT":12.902321857486,"OCF_SALES":18.801852251649,"TOTAL_PARENT_EQUITY":526275380.12,"DEBT_ASSET_RATIO":25.3180507994,"OPERATE_PROFIT":27199178.23,"PRETAX_PROFIT":22313884.6,"NETCASH_OPERATE":38119403.98,"NETCASH_INVEST":-38092605.88,"NETCASH_FINANCE":-26872241.41,"END_CASH":183885882.39,"DIVI_RATIO":null,"DIVIDEND_RATE":null,"CURRENT_RATIO":3.386857186205,"COMMON_ACS":400000000,"CURRENTDEBT_DEBT":70.550314541907,"ISSUED_COMMON_SHARES":258441510,"HK_COMMON_SHARES":258441510,"PER_SHARES":2000,"TOTAL_MARKET_CAP":242935019.4,"HKSK_MARKET_CAP":242935019.4,"PE_TTM":6.17260003049,"PB_TTM":0.853172929273,"REPORT_DATE_SQ":"2021-12-31 00:00:00","REPORT_TYPE_SQ":"2021年年报","OPERATE_INCOME_SQ":104940595.2,"DPS_HKD":null,"OPERATE_INCOME_QOQ_SQ":3.73987128736,"NET_PROFIT_RATIO_SQ":-14.5734930274,"HOLDER_PROFIT_SQ":-8509580.8,"HOLDER_PROFIT_QOQ_SQ":-1887.38805589563,"ROE_AVG_SQ":-1.667689477757,"PE_TTM_SQ":7.792206341307,"PB_TTM_SQ":1.212353845009,"ROA_SQ":-1.194395704399,"START_DATE":"2022-01-01 00:00:00","FISCAL_YEAR":"12-31","CURRENCY":"HKD","IS_CNY_CODE":0,"DPS_HKD_LY":null,"ORG_TYPE":"一般企业","PREMIUM_INCOME":null,"PREMIUM_INCOME_YOY":null,"NET_INTEREST_INCOME":null,"NET_INTEREST_INCOME_YOY":null,"FEE_COMMISSION_INCOME":null,"FEE_COMMISSION_INCOME_YOY":null,"ACCOUNTS_RECE_TDAYS":4.715560495725,"INVENTORY_TDAYS":9.930388471178,"CURRENT_ASSETS_TDAYS":0.409176992977,"TOTAL_ASSETS_TDAYS":0.266355833894,"PREMIUM_EXPENSE":null,"LOAN_DEPOSIT":null,"LOAN_EQUITY":null,"LOAN_ASSETS":null,"DEPOSIT_EQUITY":null,"DEPOSIT_ASSETS":null,"EQUITY_MULTIPLIER":1.339011649674,"EQUITY_RATIO":0.348866853601},{"SECUCODE":"00265.HK","SECURITY_CODE":"00265","SECURITY_NAME_ABBR":"港誉智慧城市服务","ORG_CODE":"10007523","STD_REPORT_DATE":"2022-06-30 00:00:00","REPORT_DATE":"2022-06-30 00:00:00","DATE_TYPE_CODE":"002","REPORT_TYPE":"2022年中报","PER_NETCASH_OPERATE":0.001780389021,"PER_OI":0.006677550809,"BPS":0.990788940213,"BASIC_EPS":-0.000513114,"DILUTED_EPS":-0.000513114,"OPERATE_INCOME":86287815.81,"OPERATE_INCOME_YOY":161.4034352744,"GROSS_PROFIT":24085571.16,"GROSS_PROFIT_YOY":346.150131128907,"HOLDER_PROFIT":2739173.57,"HOLDER_PROFIT_YOY":224.9219968799,"GROSS_PROFIT_RATIO":26.099011170409,"EPS_TTM":-0.000281452783,"OPERATE_INCOME_QOQ":57.598149468855,"NET_PROFIT_RATIO":2.3855313557,"ROE_AVG":0.525483402074,"GROSS_PROFIT_QOQ":70.828693831135,"ROA":0.365688737575,"HOLDER_PROFIT_QOQ":57.260478565525,"ROE_YEARLY":1.050966804149,"ROIC_YEARLY":1.109480201771,"TOTAL_ASSETS":734902395.36,"TOTAL_LIABILITIES":204713671.82,"TAX_EBT":46.585285384362,"OCF_SALES":21.557126143885,"TOTAL_PARENT_EQUITY":509431551.86,"DEBT_ASSET_RATIO":27.8558993837,"OPERATE_PROFIT":4037351.99,"PRETAX_PROFIT":2592080.89,"NETCASH_OPERATE":23006321.38,"NETCASH_INVEST":29846986.19,"NETCASH_FINANCE":-8887134.48,"END_CASH":252175861.63,"DIVI_RATIO":null,"DIVIDEND_RATE":null,"CURRENT_RATIO":3.364019362299,"COMMON_ACS":400000000,"CURRENTDEBT_DEBT":71.889229586679,"ISSUED_COMMON_SHARES":258441510,"HK_COMMON_SHARES":258441510,"PER_SHARES":2000,"TOTAL_MARKET_CAP":242935019.4,"HKSK_MARKET_CAP":242935019.4,"PE_TTM":6.17260003049,"PB_TTM":0.853172929273,"REPORT_DATE_SQ":"2021-06-30 00:00:00","REPORT_TYPE_SQ":"2021年中报","OPERATE_INCOME_SQ":39723499.2,"DPS_HKD":null,"OPERATE_INCOME_QOQ_SQ":-36.037096855153,"NET_PROFIT_RATIO_SQ":-11.6527021366,"HOLDER_PROFIT_SQ":-2133453.12,"HOLDER_PROFIT_QOQ_SQ":102.401077040755,"ROE_AVG_SQ":-0.409475427482,"PE_TTM_SQ":7.792206341307,"PB_TTM_SQ":1.212353845009,"ROA_SQ":-0.29251925362,"START_DATE":"2022-01-01 00:00:00","FISCAL_YEAR":"12-31","CURRENCY":"HKD","IS_CNY_CODE":0,"DPS_HKD_LY":null,"ORG_TYPE":"一般企业","PREMIUM_INCOME":null,"PREMIUM_INCOME_YOY":null,"NET_INTEREST_INCOME":null,"NET_INTEREST_INCOME_YOY":null,"FEE_COMMISSION_INCOME":null,"FEE_COMMISSION_INCOME_YOY":null,"ACCOUNTS_RECE_TDAYS":2.242100351096,"INVENTORY_TDAYS":5.607174342605,"CURRENT_ASSETS_TDAYS":0.208481843416,"TOTAL_ASSETS_TDAYS":0.142478177699,"PREMIUM_EXPENSE":null,"LOAN_DEPOSIT":null,"LOAN_EQUITY":null,"LOAN_ASSETS":null,"DEPOSIT_EQUITY":null,"DEPOSIT_ASSETS":null,"EQUITY_MULTIPLIER":1.38611472242,"EQUITY_RATIO":0.401847257149},{"SECUCODE":"00265.HK","SECURITY_CODE":"00265","SECURITY_NAME_ABBR":"港誉智慧城市服务","ORG_CODE":"10007523","STD_REPORT_DATE":"2021-12-31 00:00:00","REPORT_DATE":"2021-12-31 00:00:00","DATE_TYPE_CODE":"001","REPORT_TYPE":"2021年年报","PER_NETCASH_OPERATE":0.004842489577,"PER_OI":0.008121032497,"BPS":1.034806521599,"BASIC_EPS":-0.00147168,"DILUTED_EPS":-0.00147168,"OPERATE_INCOME":104940595.2,"OPERATE_INCOME_YOY":-12.4097297896,"GROSS_PROFIT":29622465.6,"GROSS_PROFIT_YOY":41.010111211444,"HOLDER_PROFIT":-8509580.8,"HOLDER_PROFIT_YOY":55.8215543953,"GROSS_PROFIT_RATIO":27.254835807467,"EPS_TTM":-0.000658530496,"OPERATE_INCOME_QOQ":3.73987128736,"NET_PROFIT_RATIO":-14.5734930274,"ROE_AVG":-1.667689477757,"GROSS_PROFIT_QOQ":37.731522775373,"ROA":-1.194395704399,"HOLDER_PROFIT_QOQ":-1887.38805589563,"ROE_YEARLY":-1.667689477757,"ROIC_YEARLY":-1.723285800029,"TOTAL_ASSETS":729641774.4,"TOTAL_LIABILITIES":201477080,"TAX_EBT":-31.110745252991,"OCF_SALES":53.794843679712,"TOTAL_PARENT_EQUITY":509670582.4,"DEBT_ASSET_RATIO":27.6131503251,"OPERATE_PROFIT":-13524739.2,"PRETAX_PROFIT":-14898307.2,"NETCASH_OPERATE":62607720,"NETCASH_INVEST":3151848,"NETCASH_FINANCE":-9781766.4,"END_CASH":208667054.4,"DIVI_RATIO":null,"DIVIDEND_RATE":null,"CURRENT_RATIO":3.657939888771,"COMMON_ACS":400000000,"CURRENTDEBT_DEBT":68.588820127828,"ISSUED_COMMON_SHARES":258441510,"HK_COMMON_SHARES":258441510,"PER_SHARES":2000,"TOTAL_MARKET_CAP":242935019.4,"HKSK_MARKET_CAP":242935019.4,"PE_TTM":6.17260003049,"PB_TTM":0.853172929273,"REPORT_DATE_SQ":"2020-12-31 00:00:00","REPORT_TYPE_SQ":"2020年年报","OPERATE_INCOME_SQ":136706743.56,"DPS_HKD":null,"OPERATE_INCOME_QOQ_SQ":-55.875230462739,"NET_PROFIT_RATIO_SQ":-21.5693805633,"HOLDER_PROFIT_SQ":-19828196.76,"HOLDER_PROFIT_QOQ_SQ":36.724384460757,"ROE_AVG_SQ":-3.826342301636,"PE_TTM_SQ":7.792206341307,"PB_TTM_SQ":1.212353845009,"ROA_SQ":-2.308221379191,"START_DATE":"2021-01-01 00:00:00","FISCAL_YEAR":"12-31","CURRENCY":"HKD","IS_CNY_CODE":0,"DPS_HKD_LY":null,"ORG_TYPE":"一般企业","PREMIUM_INCOME":null,"PREMIUM_INCOME_YOY":null,"NET_INTEREST_INCOME":null,"NET_INTEREST_INCOME_YOY":null,"FEE_COMMISSION_INCOME":null,"FEE_COMMISSION_INCOME_YOY":null,"ACCOUNTS_RECE_TDAYS":5.099100172814,"INVENTORY_TDAYS":0.89604986905,"CURRENT_ASSETS_TDAYS":0.238826414733,"TOTAL_ASSETS_TDAYS":0.163267741791,"PREMIUM_EXPENSE":null,"LOAN_DEPOSIT":null,"LOAN_EQUITY":null,"LOAN_ASSETS":null,"DEPOSIT_EQUITY":null,"DEPOSIT_ASSETS":null,"EQUITY_MULTIPLIER":1.381466391328,"EQUITY_RATIO":0.395308434423},{"SECUCODE":"00265.HK","SECURITY_CODE":"00265","SECURITY_NAME_ABBR":"港誉智慧城市服务","ORG_CODE":"10007523","STD_REPORT_DATE":"2021-06-30 00:00:00","REPORT_DATE":"2021-06-30 00:00:00","DATE_TYPE_CODE":"002","REPORT_TYPE":"2021年中报","PER_NETCASH_OPERATE":-0.000759762772,"PER_OI":0.00307408041,"BPS":1.066462501322,"BASIC_EPS":-0.000499248,"DILUTED_EPS":-0.000499248,"OPERATE_INCOME":39723499.2,"OPERATE_INCOME_YOY":-57.6201974292,"GROSS_PROFIT":5398535.04,"GROSS_PROFIT_YOY":-35.288354801661,"HOLDER_PROFIT":-2133453.12,"HOLDER_PROFIT_YOY":89.5619605927,"GROSS_PROFIT_RATIO":13.590280687055,"EPS_TTM":0.000036843174,"OPERATE_INCOME_QOQ":-36.037096855153,"NET_PROFIT_RATIO":-11.6527021366,"ROE_AVG":-0.409475427482,"GROSS_PROFIT_QOQ":-11.339282978289,"ROA":-0.29251925362,"HOLDER_PROFIT_QOQ":102.401077040755,"ROE_YEARLY":-0.818950854964,"ROIC_YEARLY":-0.939185538594,"TOTAL_ASSETS":751085332.8,"TOTAL_LIABILITIES":166453443.6,"TAX_EBT":-1.821807305357,"OCF_SALES":-24.715123586091,"TOTAL_PARENT_EQUITY":522141849.12,"DEBT_ASSET_RATIO":22.1617220216,"OPERATE_PROFIT":-9179506.56,"PRETAX_PROFIT":-9180338.64,"NETCASH_OPERATE":-9817711.92,"NETCASH_INVEST":131977040.88,"NETCASH_FINANCE":-167248.08,"END_CASH":273666119.52,"DIVI_RATIO":null,"DIVIDEND_RATE":null,"CURRENT_RATIO":3.64724218442,"COMMON_ACS":400000000,"CURRENTDEBT_DEBT":82.428953485466,"ISSUED_COMMON_SHARES":258441510,"HK_COMMON_SHARES":258441510,"PER_SHARES":2000,"TOTAL_MARKET_CAP":242935019.4,"HKSK_MARKET_CAP":242935019.4,"PE_TTM":6.17260003049,"PB_TTM":0.853172929273,"REPORT_DATE_SQ":"2020-06-30 00:00:00","REPORT_TYPE_SQ":"2020年中报","OPERATE_INCOME_SQ":102897189.12,"DPS_HKD":null,"OPERATE_INCOME_QOQ_SQ":-6.825602053208,"NET_PROFIT_RATIO_SQ":-28.4141751296,"HOLDER_PROFIT_SQ":-22437740.16,"HOLDER_PROFIT_QOQ_SQ":-2.595735652529,"ROE_AVG_SQ":-4.182419840784,"PE_TTM_SQ":7.792206341307,"PB_TTM_SQ":1.212353845009,"ROA_SQ":-2.223770279207,"START_DATE":"2021-01-01 00:00:00","FISCAL_YEAR":"12-31","CURRENCY":"HKD","IS_CNY_CODE":0,"DPS_HKD_LY":null,"ORG_TYPE":"一般企业","PREMIUM_INCOME":null,"PREMIUM_INCOME_YOY":null,"NET_INTEREST_INCOME":null,"NET_INTEREST_INCOME_YOY":null,"FEE_COMMISSION_INCOME":null,"FEE_COMMISSION_INCOME_YOY":null,"ACCOUNTS_RECE_TDAYS":2.125414598313,"INVENTORY_TDAYS":0.190961589649,"CURRENT_ASSETS_TDAYS":0.081289115278,"TOTAL_ASSETS_TDAYS":0.054465168361,"PREMIUM_EXPENSE":null,"LOAN_DEPOSIT":null,"LOAN_EQUITY":null,"LOAN_ASSETS":null,"DEPOSIT_EQUITY":null,"DEPOSIT_ASSETS":null,"EQUITY_MULTIPLIER":1.284714957694,"EQUITY_RATIO":0.318789700309},{"SECUCODE":"00265.HK","SECURITY_CODE":"00265","SECURITY_NAME_ABBR":"港誉智慧城市服务","ORG_CODE":"10007523","STD_REPORT_DATE":"2020-12-31 00:00:00","REPORT_DATE":"2020-12-31 00:00:00","DATE_TYPE_CODE":"001","REPORT_TYPE":"2020年年报","PER_NETCASH_OPERATE":0.002916152879,"PER_OI":0.010579317803,"BPS":1.069942113556,"BASIC_EPS":-0.001767444,"DILUTED_EPS":-0.001767444,"OPERATE_INCOME":136706743.56,"OPERATE_INCOME_YOY":-56.2423450469,"GROSS_PROFIT":21007334.4,"GROSS_PROFIT_YOY":-52.261691844661,"HOLDER_PROFIT":-19828196.76,"HOLDER_PROFIT_YOY":30.9059448045,"GROSS_PROFIT_RATIO":14.809924814918,"EPS_TTM":-0.001534443653,"OPERATE_INCOME_QOQ":-55.875230462739,"NET_PROFIT_RATIO":-21.5693805633,"ROE_AVG":-3.826342301636,"GROSS_PROFIT_QOQ":-33.862656480552,"ROA":-2.308221379191,"HOLDER_PROFIT_QOQ":36.724384460757,"ROE_YEARLY":-3.826342301636,"ROIC_YEARLY":-3.007099404426,"TOTAL_ASSETS":715719714.68,"TOTAL_LIABILITIES":124423007.76,"TAX_EBT":3.232586558045,"OCF_SALES":21.495923873904,"TOTAL_PARENT_EQUITY":525873504.8,"DEBT_ASSET_RATIO":17.3843203153,"OPERATE_PROFIT":-42450638.32,"PRETAX_PROFIT":-51655655,"NETCASH_OPERATE":37682747.72,"NETCASH_INVEST":243797858.8,"NETCASH_FINANCE":-236220573.88,"END_CASH":150913626.76,"DIVI_RATIO":null,"DIVIDEND_RATE":null,"CURRENT_RATIO":4.352052787037,"COMMON_ACS":400000000,"CURRENTDEBT_DEBT":89.085731293207,"ISSUED_COMMON_SHARES":258441510,"HK_COMMON_SHARES":258441510,"PER_SHARES":2000,"TOTAL_MARKET_CAP":242935019.4,"HKSK_MARKET_CAP":242935019.4,"PE_TTM":6.17260003049,"PB_TTM":0.853172929273,"REPORT_DATE_SQ":"2019-12-31 00:00:00","REPORT_TYPE_SQ":"2019年年报","OPERATE_INCOME_SQ":426390384.22,"DPS_HKD":null,"OPERATE_INCOME_QOQ_SQ":73.041424574415,"NET_PROFIT_RATIO_SQ":-5.0382458787,"HOLDER_PROFIT_SQ":-30543410.66,"HOLDER_PROFIT_QOQ_SQ":41.40847384588,"ROE_AVG_SQ":-5.050692827904,"PE_TTM_SQ":7.792206341307,"PB_TTM_SQ":1.212353845009,"ROA_SQ":-3.108864508141,"START_DATE":"2020-01-01 00:00:00","FISCAL_YEAR":"12-31","CURRENCY":"HKD","IS_CNY_CODE":0,"DPS_HKD_LY":null,"ORG_TYPE":"一般企业","PREMIUM_INCOME":null,"PREMIUM_INCOME_YOY":null,"NET_INTEREST_INCOME":null,"NET_INTEREST_INCOME_YOY":null,"FEE_COMMISSION_INCOME":null,"FEE_COMMISSION_INCOME_YOY":null,"ACCOUNTS_RECE_TDAYS":4.41317194441,"INVENTORY_TDAYS":0.869837394787,"CURRENT_ASSETS_TDAYS":0.377489390893,"TOTAL_ASSETS_TDAYS":0.204070715305,"PREMIUM_EXPENSE":null,"LOAN_DEPOSIT":null,"LOAN_EQUITY":null,"LOAN_ASSETS":null,"DEPOSIT_EQUITY":null,"DEPOSIT_ASSETS":null,"EQUITY_MULTIPLIER":1.210423982247,"EQUITY_RATIO":0.236602541532},{"SECUCODE":"00265.HK","SECURITY_CODE":"00265","SECURITY_NAME_ABBR":"港誉智慧城市服务","ORG_CODE":"10007523","STD_REPORT_DATE":"2020-06-30 00:00:00","REPORT_DATE":"2020-06-30 00:00:00","DATE_TYPE_CODE":"002","REPORT_TYPE":"2020年中报","PER_NETCASH_OPERATE":0.001459784801,"PER_OI":0.007962899535,"BPS":0.960534300546,"BASIC_EPS":-0.002100912,"DILUTED_EPS":-0.002100912,"OPERATE_INCOME":102897189.12,"OPERATE_INCOME_YOY":-24.9308605282,"GROSS_PROFIT":8342447.52,"GROSS_PROFIT_YOY":-36.28246329054,"HOLDER_PROFIT":-22437740.16,"HOLDER_PROFIT_YOY":0.1706900756,"GROSS_PROFIT_RATIO":8.107556281514,"EPS_TTM":-0.002425015766,"OPERATE_INCOME_QOQ":-6.825602053208,"NET_PROFIT_RATIO":-28.4141751296,"ROE_AVG":-4.182419840784,"GROSS_PROFIT_QOQ":-10.795116780821,"ROA":-2.223770279207,"HOLDER_PROFIT_QOQ":-2.595735652529,"ROE_YEARLY":-8.364839681568,"ROIC_YEARLY":-5.315401822544,"TOTAL_ASSETS":930152298.24,"TOTAL_LIABILITIES":328319566.08,"TAX_EBT":1.92239049513,"OCF_SALES":18.332327249485,"TOTAL_PARENT_EQUITY":518870457.6,"DEBT_ASSET_RATIO":35.2973987917,"OPERATE_PROFIT":-15244400.16,"PRETAX_PROFIT":-17913471.84,"NETCASH_OPERATE":18863449.44,"NETCASH_INVEST":34446735.84,"NETCASH_FINANCE":-110619410.88,"END_CASH":47959253.76,"DIVI_RATIO":null,"DIVIDEND_RATE":null,"CURRENT_RATIO":1.681446802667,"COMMON_ACS":400000000,"CURRENTDEBT_DEBT":64.83507311536,"ISSUED_COMMON_SHARES":258441510,"HK_COMMON_SHARES":258441510,"PER_SHARES":2000,"TOTAL_MARKET_CAP":242935019.4,"HKSK_MARKET_CAP":242935019.4,"PE_TTM":6.17260003049,"PB_TTM":0.853172929273,"REPORT_DATE_SQ":"2019-06-30 00:00:00","REPORT_TYPE_SQ":"2019年中报","OPERATE_INCOME_SQ":132000899.94,"DPS_HKD":null,"OPERATE_INCOME_QOQ_SQ":13.090776020068,"NET_PROFIT_RATIO_SQ":-17.5757535369,"HOLDER_PROFIT_SQ":-21644913.96,"HOLDER_PROFIT_QOQ_SQ":-6.093055130055,"ROE_AVG_SQ":-3.585127098919,"PE_TTM_SQ":7.792206341307,"PB_TTM_SQ":1.212353845009,"ROA_SQ":-2.185847688896,"START_DATE":"2020-01-01 00:00:00","FISCAL_YEAR":"12-31","CURRENCY":"HKD","IS_CNY_CODE":0,"DPS_HKD_LY":null,"ORG_TYPE":"一般企业","PREMIUM_INCOME":null,"PREMIUM_INCOME_YOY":null,"NET_INTEREST_INCOME":null,"NET_INTEREST_INCOME_YOY":null,"FEE_COMMISSION_INCOME":null,"FEE_COMMISSION_INCOME_YOY":null,"ACCOUNTS_RECE_TDAYS":2.664333017975,"INVENTORY_TDAYS":0.477775136677,"CURRENT_ASSETS_TDAYS":0.244299310463,"TOTAL_ASSETS_TDAYS":0.101979838142,"PREMIUM_EXPENSE":null,"LOAN_DEPOSIT":null,"LOAN_EQUITY":null,"LOAN_ASSETS":null,"DEPOSIT_EQUITY":null,"DEPOSIT_ASSETS":null,"EQUITY_MULTIPLIER":1.545532917263,"EQUITY_RATIO":0.632758256461}],"count":47},"success":true,"message":"ok","code":0}