{"version":"2c05eb74315931189fe29d7285b36179","result":{"pages":6,"data":[{"SECUCODE":"00262.HK","SECURITY_CODE":"00262","SECURITY_NAME_ABBR":"迪臣发展国际","ORG_CODE":"10007520","STD_REPORT_DATE":"2024-06-30 00:00:00","REPORT_DATE":"2024-09-30 00:00:00","DATE_TYPE_CODE":"002","REPORT_TYPE":"2024年中报","PER_NETCASH_OPERATE":0.048735199853,"PER_OI":0.05654736552,"BPS":0.841252263624,"BASIC_EPS":-0.0090179,"DILUTED_EPS":-0.0090179,"OPERATE_INCOME":82944840.62,"OPERATE_INCOME_YOY":171.4256204444,"GROSS_PROFIT":27700283.43,"GROSS_PROFIT_YOY":46.282067581848,"HOLDER_PROFIT":-13185973.38,"HOLDER_PROFIT_YOY":13.0005354912,"GROSS_PROFIT_RATIO":33.396029485312,"EPS_TTM":-0.046779869365,"OPERATE_INCOME_QOQ":0,"NET_PROFIT_RATIO":-15.9027158668,"ROE_AVG":-1.07458329766,"GROSS_PROFIT_QOQ":0,"ROA":-0.737215571776,"HOLDER_PROFIT_QOQ":0,"ROE_YEARLY":-2.149166595319,"ROIC_YEARLY":-1.494295983428,"TOTAL_ASSETS":1792789180.86,"TOTAL_LIABILITIES":569156642.39,"TAX_EBT":-43.853265145555,"OCF_SALES":86.18473982909,"TOTAL_PARENT_EQUITY":1233966150.08,"DEBT_ASSET_RATIO":31.7469922547,"OPERATE_PROFIT":2571905.08,"PRETAX_PROFIT":-9169400.72,"NETCASH_OPERATE":71485795.09,"NETCASH_INVEST":-18567856.1,"NETCASH_FINANCE":-57816462.27,"END_CASH":14159004.79,"DIVI_RATIO":null,"DIVIDEND_RATE":null,"CURRENT_RATIO":1.747287493131,"COMMON_ACS":5000000000,"CURRENTDEBT_DEBT":68.050087064539,"ISSUED_COMMON_SHARES":1466820600,"HK_COMMON_SHARES":1466820600,"PER_SHARES":5000,"TOTAL_MARKET_CAP":79208312.4,"HKSK_MARKET_CAP":79208312.4,"PE_TTM":-1.077576148886,"PB_TTM":0.057885918536,"REPORT_DATE_SQ":"2023-06-30 00:00:00","REPORT_TYPE_SQ":"2023年中报","OPERATE_INCOME_SQ":31095727.81,"DPS_HKD":null,"OPERATE_INCOME_QOQ_SQ":0,"NET_PROFIT_RATIO_SQ":-49.614896568,"HOLDER_PROFIT_SQ":-15422607.41,"HOLDER_PROFIT_QOQ_SQ":0,"ROE_AVG_SQ":-1.165282660952,"PE_TTM_SQ":-2.669928543568,"PB_TTM_SQ":0.072981543767,"ROA_SQ":-0.780629682553,"START_DATE":"2024-04-01 00:00:00","FISCAL_YEAR":"3-31","CURRENCY":"HKD","IS_CNY_CODE":0,"DPS_HKD_LY":null,"ORG_TYPE":"一般企业","PREMIUM_INCOME":null,"PREMIUM_INCOME_YOY":null,"NET_INTEREST_INCOME":null,"NET_INTEREST_INCOME_YOY":null,"FEE_COMMISSION_INCOME":null,"FEE_COMMISSION_INCOME_YOY":null,"ACCOUNTS_RECE_TDAYS":3.070641650531,"INVENTORY_TDAYS":0.114487817413,"CURRENT_ASSETS_TDAYS":0.114679207926,"TOTAL_ASSETS_TDAYS":0.04637369297,"PREMIUM_EXPENSE":null,"LOAN_DEPOSIT":null,"LOAN_EQUITY":null,"LOAN_ASSETS":null,"DEPOSIT_EQUITY":null,"DEPOSIT_ASSETS":null,"EQUITY_MULTIPLIER":1.46513689731,"EQUITY_RATIO":0.461241698043},{"SECUCODE":"00262.HK","SECURITY_CODE":"00262","SECURITY_NAME_ABBR":"迪臣发展国际","ORG_CODE":"10007520","STD_REPORT_DATE":"2023-12-31 00:00:00","REPORT_DATE":"2024-03-31 00:00:00","DATE_TYPE_CODE":"001","REPORT_TYPE":"2023年年报","PER_NETCASH_OPERATE":-0.020050369554,"PER_OI":0.07915452285,"BPS":0.836250964331,"BASIC_EPS":-0.04677798,"DILUTED_EPS":-0.04677798,"OPERATE_INCOME":116105484.7,"OPERATE_INCOME_YOY":31.2731260826,"GROSS_PROFIT":38892808.1,"GROSS_PROFIT_YOY":-12.374056641054,"HOLDER_PROFIT":-68617676.05,"HOLDER_PROFIT_YOY":16.7929029208,"GROSS_PROFIT_RATIO":33.497821571904,"EPS_TTM":-0.022063339852,"OPERATE_INCOME_QOQ":0,"NET_PROFIT_RATIO":-59.9450317785,"ROE_AVG":-5.347673679641,"GROSS_PROFIT_QOQ":0,"ROA":-3.569013694005,"HOLDER_PROFIT_QOQ":0,"ROE_YEARLY":-5.347673679641,"ROIC_YEARLY":-3.607100494713,"TOTAL_ASSETS":1793866635.2,"TOTAL_LIABILITIES":577648220.7,"TAX_EBT":-24.550218198926,"OCF_SALES":-25.330668207443,"TOTAL_PARENT_EQUITY":1226630141.25,"DEBT_ASSET_RATIO":32.2012912981,"OPERATE_PROFIT":-31976738.15,"PRETAX_PROFIT":-55880648.55,"NETCASH_OPERATE":-29410295.1,"NETCASH_INVEST":134399663.7,"NETCASH_FINANCE":-93255891.95,"END_CASH":18492713.45,"DIVI_RATIO":null,"DIVIDEND_RATE":null,"CURRENT_RATIO":1.796665319661,"COMMON_ACS":5000000000,"CURRENTDEBT_DEBT":74.565673876402,"ISSUED_COMMON_SHARES":1466820600,"HK_COMMON_SHARES":1466820600,"PER_SHARES":5000,"TOTAL_MARKET_CAP":77741491.8,"HKSK_MARKET_CAP":77741491.8,"PE_TTM":-1.057621035018,"PB_TTM":0.056813957081,"REPORT_DATE_SQ":"2022-12-31 00:00:00","REPORT_TYPE_SQ":"2022年年报","OPERATE_INCOME_SQ":85407625.83,"DPS_HKD":null,"OPERATE_INCOME_QOQ_SQ":0,"NET_PROFIT_RATIO_SQ":-96.2803521827,"HOLDER_PROFIT_SQ":-79633421.47,"HOLDER_PROFIT_QOQ_SQ":0,"ROE_AVG_SQ":-5.765732532683,"PE_TTM_SQ":-2.708070379905,"PB_TTM_SQ":0.07402413725,"ROA_SQ":-3.84425946332,"START_DATE":"2023-04-01 00:00:00","FISCAL_YEAR":"3-31","CURRENCY":"HKD","IS_CNY_CODE":0,"DPS_HKD_LY":null,"ORG_TYPE":"一般企业","PREMIUM_INCOME":null,"PREMIUM_INCOME_YOY":null,"NET_INTEREST_INCOME":null,"NET_INTEREST_INCOME_YOY":null,"FEE_COMMISSION_INCOME":null,"FEE_COMMISSION_INCOME_YOY":null,"ACCOUNTS_RECE_TDAYS":5.48426326382,"INVENTORY_TDAYS":0.1321543114,"CURRENT_ASSETS_TDAYS":0.128869770835,"TOTAL_ASSETS_TDAYS":0.060389988221,"PREMIUM_EXPENSE":null,"LOAN_DEPOSIT":null,"LOAN_EQUITY":null,"LOAN_ASSETS":null,"DEPOSIT_EQUITY":null,"DEPOSIT_ASSETS":null,"EQUITY_MULTIPLIER":1.474954345217,"EQUITY_RATIO":0.470922897844},{"SECUCODE":"00262.HK","SECURITY_CODE":"00262","SECURITY_NAME_ABBR":"迪臣发展国际","ORG_CODE":"10007520","STD_REPORT_DATE":"2023-06-30 00:00:00","REPORT_DATE":"2023-09-30 00:00:00","DATE_TYPE_CODE":"002","REPORT_TYPE":"2023年中报","PER_NETCASH_OPERATE":-0.000696908552,"PER_OI":0.021199407624,"BPS":0.880141700001,"BASIC_EPS":-0.010552745,"DILUTED_EPS":-0.010552745,"OPERATE_INCOME":31095727.81,"OPERATE_INCOME_YOY":-43.8808293588,"GROSS_PROFIT":18936212.68,"GROSS_PROFIT_YOY":-29.063366522959,"HOLDER_PROFIT":-15422607.41,"HOLDER_PROFIT_YOY":75.7534226813,"GROSS_PROFIT_RATIO":60.896508985747,"EPS_TTM":-0.054289816676,"OPERATE_INCOME_QOQ":0,"NET_PROFIT_RATIO":-49.614896568,"ROE_AVG":-1.165282660952,"GROSS_PROFIT_QOQ":0,"ROA":-0.780629682553,"HOLDER_PROFIT_QOQ":0,"ROE_YEARLY":-2.330565321904,"ROIC_YEARLY":-1.578001678276,"TOTAL_ASSETS":1874930062.53,"TOTAL_LIABILITIES":593516660.59,"TAX_EBT":272.07041244499,"OCF_SALES":-3.287396346682,"TOTAL_PARENT_EQUITY":1291009976.48,"DEBT_ASSET_RATIO":31.6554026441,"OPERATE_PROFIT":19623517.55,"PRETAX_PROFIT":8966162.73,"NETCASH_OPERATE":-1022239.82,"NETCASH_INVEST":101711944.46,"NETCASH_FINANCE":-89956186.53,"END_CASH":17085352.97,"DIVI_RATIO":null,"DIVIDEND_RATE":null,"CURRENT_RATIO":1.829897053469,"COMMON_ACS":5000000000,"CURRENTDEBT_DEBT":65.390008859094,"ISSUED_COMMON_SHARES":1466820600,"HK_COMMON_SHARES":1466820600,"PER_SHARES":5000,"TOTAL_MARKET_CAP":77741491.8,"HKSK_MARKET_CAP":77741491.8,"PE_TTM":-1.057621035018,"PB_TTM":0.056813957081,"REPORT_DATE_SQ":"2022-06-30 00:00:00","REPORT_TYPE_SQ":"2022年中报","OPERATE_INCOME_SQ":54613704.96,"DPS_HKD":null,"OPERATE_INCOME_QOQ_SQ":0,"NET_PROFIT_RATIO_SQ":-115.7525172231,"HOLDER_PROFIT_SQ":-62693067.48,"HOLDER_PROFIT_QOQ_SQ":0,"ROE_AVG_SQ":-4.418600870946,"PE_TTM_SQ":-2.708070379905,"PB_TTM_SQ":0.07402413725,"ROA_SQ":-2.985207681601,"START_DATE":"2023-04-01 00:00:00","FISCAL_YEAR":"3-31","CURRENCY":"HKD","IS_CNY_CODE":0,"DPS_HKD_LY":null,"ORG_TYPE":"一般企业","PREMIUM_INCOME":null,"PREMIUM_INCOME_YOY":null,"NET_INTEREST_INCOME":null,"NET_INTEREST_INCOME_YOY":null,"FEE_COMMISSION_INCOME":null,"FEE_COMMISSION_INCOME_YOY":null,"ACCOUNTS_RECE_TDAYS":3.036741643516,"INVENTORY_TDAYS":0.019281936663,"CURRENT_ASSETS_TDAYS":0.035522137261,"TOTAL_ASSETS_TDAYS":0.015739393141,"PREMIUM_EXPENSE":null,"LOAN_DEPOSIT":null,"LOAN_EQUITY":null,"LOAN_ASSETS":null,"DEPOSIT_EQUITY":null,"DEPOSIT_ASSETS":null,"EQUITY_MULTIPLIER":1.46317344558,"EQUITY_RATIO":0.459730498914},{"SECUCODE":"00262.HK","SECURITY_CODE":"00262","SECURITY_NAME_ABBR":"迪臣发展国际","ORG_CODE":"10007520","STD_REPORT_DATE":"2022-12-31 00:00:00","REPORT_DATE":"2023-03-31 00:00:00","DATE_TYPE_CODE":"001","REPORT_TYPE":"2022年年报","PER_NETCASH_OPERATE":-0.033219516702,"PER_OI":0.058226361036,"BPS":0.881918427966,"BASIC_EPS":-0.05427542,"DILUTED_EPS":-0.05427542,"OPERATE_INCOME":85407625.83,"OPERATE_INCOME_YOY":-11.3023319242,"GROSS_PROFIT":44385037.82,"GROSS_PROFIT_YOY":6.26196876751,"HOLDER_PROFIT":-79633421.47,"HOLDER_PROFIT_YOY":-233.5301019286,"GROSS_PROFIT_RATIO":51.968471654213,"EPS_TTM":-0.053080112455,"OPERATE_INCOME_QOQ":0,"NET_PROFIT_RATIO":-96.2803521827,"ROE_AVG":-5.765732532683,"GROSS_PROFIT_QOQ":0,"ROA":-3.84425946332,"HOLDER_PROFIT_QOQ":0,"ROE_YEARLY":-5.765732532683,"ROIC_YEARLY":-3.887122312933,"TOTAL_ASSETS":1980860239.8,"TOTAL_LIABILITIES":696414041.89,"TAX_EBT":-9.306926084528,"OCF_SALES":-57.052366163402,"TOTAL_PARENT_EQUITY":1293616117.66,"DEBT_ASSET_RATIO":35.1571518221,"OPERATE_PROFIT":-44680050.99,"PRETAX_PROFIT":-75229233.76,"NETCASH_OPERATE":-48727071.42,"NETCASH_INVEST":690698.49,"NETCASH_FINANCE":21878246.72,"END_CASH":7581050.6,"DIVI_RATIO":null,"DIVIDEND_RATE":null,"CURRENT_RATIO":2.727138054264,"COMMON_ACS":5000000000,"CURRENTDEBT_DEBT":52.269873254149,"ISSUED_COMMON_SHARES":1466820600,"HK_COMMON_SHARES":1466820600,"PER_SHARES":5000,"TOTAL_MARKET_CAP":77741491.8,"HKSK_MARKET_CAP":77741491.8,"PE_TTM":-1.057621035018,"PB_TTM":0.056813957081,"REPORT_DATE_SQ":"2021-12-31 00:00:00","REPORT_TYPE_SQ":"2021年年报","OPERATE_INCOME_SQ":89207044.95,"DPS_HKD":null,"OPERATE_INCOME_QOQ_SQ":0,"NET_PROFIT_RATIO_SQ":-28.1712805128,"HOLDER_PROFIT_SQ":-22119486.74,"HOLDER_PROFIT_QOQ_SQ":0,"ROE_AVG_SQ":-1.66960963371,"PE_TTM_SQ":-2.708070379905,"PB_TTM_SQ":0.07402413725,"ROA_SQ":-1.122185022693,"START_DATE":"2022-04-01 00:00:00","FISCAL_YEAR":"3-31","CURRENCY":"HKD","IS_CNY_CODE":0,"DPS_HKD_LY":null,"ORG_TYPE":"一般企业","PREMIUM_INCOME":null,"PREMIUM_INCOME_YOY":null,"NET_INTEREST_INCOME":null,"NET_INTEREST_INCOME_YOY":null,"FEE_COMMISSION_INCOME":null,"FEE_COMMISSION_INCOME_YOY":null,"ACCOUNTS_RECE_TDAYS":6.368757751811,"INVENTORY_TDAYS":0.062652667495,"CURRENT_ASSETS_TDAYS":0.095325007145,"TOTAL_ASSETS_TDAYS":0.041230059914,"PREMIUM_EXPENSE":null,"LOAN_DEPOSIT":null,"LOAN_EQUITY":null,"LOAN_ASSETS":null,"DEPOSIT_EQUITY":null,"DEPOSIT_ASSETS":null,"EQUITY_MULTIPLIER":1.54219012289,"EQUITY_RATIO":0.538346757112},{"SECUCODE":"00262.HK","SECURITY_CODE":"00262","SECURITY_NAME_ABBR":"迪臣发展国际","ORG_CODE":"10007520","STD_REPORT_DATE":"2022-06-30 00:00:00","REPORT_DATE":"2022-09-30 00:00:00","DATE_TYPE_CODE":"002","REPORT_TYPE":"2022年中报","PER_NETCASH_OPERATE":-0.015125171544,"PER_OI":0.037232709276,"BPS":0.900110489013,"BASIC_EPS":-0.042780012,"DILUTED_EPS":-0.042780012,"OPERATE_INCOME":54613704.96,"OPERATE_INCOME_YOY":13.0744166885,"GROSS_PROFIT":26694546.6,"GROSS_PROFIT_YOY":20.96170903688,"HOLDER_PROFIT":-62693067.48,"HOLDER_PROFIT_YOY":-730.442074997,"GROSS_PROFIT_RATIO":48.878842077372,"EPS_TTM":-0.015079885529,"OPERATE_INCOME_QOQ":0,"NET_PROFIT_RATIO":-115.7525172231,"ROE_AVG":-4.418600870946,"GROSS_PROFIT_QOQ":0,"ROA":-2.985207681601,"HOLDER_PROFIT_QOQ":0,"ROE_YEARLY":-8.837201741891,"ROIC_YEARLY":-6.044438398582,"TOTAL_ASSETS":1966430734.68,"TOTAL_LIABILITIES":651587518.08,"TAX_EBT":7.273909178949,"OCF_SALES":-40.623343932168,"TOTAL_PARENT_EQUITY":1320300607.56,"DEBT_ASSET_RATIO":33.1355438353,"OPERATE_PROFIT":-57465404.28,"PRETAX_PROFIT":-68175782.76,"NETCASH_OPERATE":-22185913.2,"NETCASH_INVEST":981317.4,"NETCASH_FINANCE":6906303.84,"END_CASH":20196145.2,"DIVI_RATIO":null,"DIVIDEND_RATE":null,"CURRENT_RATIO":2.796698220107,"COMMON_ACS":5000000000,"CURRENTDEBT_DEBT":39.811529748817,"ISSUED_COMMON_SHARES":1466820600,"HK_COMMON_SHARES":1466820600,"PER_SHARES":5000,"TOTAL_MARKET_CAP":77741491.8,"HKSK_MARKET_CAP":77741491.8,"PE_TTM":-1.057621035018,"PB_TTM":0.056813957081,"REPORT_DATE_SQ":"2021-06-30 00:00:00","REPORT_TYPE_SQ":"2021年中报","OPERATE_INCOME_SQ":44487070.12,"DPS_HKD":null,"OPERATE_INCOME_QOQ_SQ":0,"NET_PROFIT_RATIO_SQ":-17.0068536759,"HOLDER_PROFIT_SQ":-6953551.82,"HOLDER_PROFIT_QOQ_SQ":0,"ROE_AVG_SQ":-0.522190924688,"PE_TTM_SQ":-2.708070379905,"PB_TTM_SQ":0.07402413725,"ROA_SQ":-0.345643563926,"START_DATE":"2022-04-01 00:00:00","FISCAL_YEAR":"3-31","CURRENCY":"HKD","IS_CNY_CODE":0,"DPS_HKD_LY":null,"ORG_TYPE":"一般企业","PREMIUM_INCOME":null,"PREMIUM_INCOME_YOY":null,"NET_INTEREST_INCOME":null,"NET_INTEREST_INCOME_YOY":null,"FEE_COMMISSION_INCOME":null,"FEE_COMMISSION_INCOME_YOY":null,"ACCOUNTS_RECE_TDAYS":4.247757729239,"INVENTORY_TDAYS":0.040667243694,"CURRENT_ASSETS_TDAYS":0.070415127871,"TOTAL_ASSETS_TDAYS":0.026004988768,"PREMIUM_EXPENSE":null,"LOAN_DEPOSIT":null,"LOAN_EQUITY":null,"LOAN_ASSETS":null,"DEPOSIT_EQUITY":null,"DEPOSIT_ASSETS":null,"EQUITY_MULTIPLIER":1.49556290047,"EQUITY_RATIO":0.493514518095},{"SECUCODE":"00262.HK","SECURITY_CODE":"00262","SECURITY_NAME_ABBR":"迪臣发展国际","ORG_CODE":"10007520","STD_REPORT_DATE":"2021-12-31 00:00:00","REPORT_DATE":"2022-03-31 00:00:00","DATE_TYPE_CODE":"001","REPORT_TYPE":"2021年年报","PER_NETCASH_OPERATE":-0.011906773296,"PER_OI":0.060816602214,"BPS":0.927611452348,"BASIC_EPS":-0.019626442,"DILUTED_EPS":-0.019626442,"OPERATE_INCOME":89207044.95,"OPERATE_INCOME_YOY":5.9692289906,"GROSS_PROFIT":41769448.03,"GROSS_PROFIT_YOY":6.384182417547,"HOLDER_PROFIT":-22119486.74,"HOLDER_PROFIT_YOY":25.7607926398,"GROSS_PROFIT_RATIO":46.823037410791,"EPS_TTM":-0.020281334323,"OPERATE_INCOME_QOQ":0,"NET_PROFIT_RATIO":-28.1712805128,"ROE_AVG":-1.66960963371,"GROSS_PROFIT_QOQ":0,"ROA":-1.122185022693,"HOLDER_PROFIT_QOQ":0,"ROE_YEARLY":-1.66960963371,"ROIC_YEARLY":-1.13518026616,"TOTAL_ASSETS":2003060883.35,"TOTAL_LIABILITIES":646967818.31,"TAX_EBT":31.260675702655,"OCF_SALES":-19.578162643757,"TOTAL_PARENT_EQUITY":1360639587.1,"DEBT_ASSET_RATIO":32.2989592422,"OPERATE_PROFIT":-32930250.04,"PRETAX_PROFIT":-36559519.79,"NETCASH_OPERATE":-17465100.35,"NETCASH_INVEST":27528923.44,"NETCASH_FINANCE":15308624.76,"END_CASH":32578271.7,"DIVI_RATIO":null,"DIVIDEND_RATE":null,"CURRENT_RATIO":2.178984677073,"COMMON_ACS":5000000000,"CURRENTDEBT_DEBT":52.521464002277,"ISSUED_COMMON_SHARES":1466820600,"HK_COMMON_SHARES":1466820600,"PER_SHARES":5000,"TOTAL_MARKET_CAP":77741491.8,"HKSK_MARKET_CAP":77741491.8,"PE_TTM":-1.057621035018,"PB_TTM":0.056813957081,"REPORT_DATE_SQ":"2020-12-31 00:00:00","REPORT_TYPE_SQ":"2020年年报","OPERATE_INCOME_SQ":87728838.82,"DPS_HKD":null,"OPERATE_INCOME_QOQ_SQ":0,"NET_PROFIT_RATIO_SQ":-37.4782030655,"HOLDER_PROFIT_SQ":-31050222.84,"HOLDER_PROFIT_QOQ_SQ":0,"ROE_AVG_SQ":-2.362491825037,"PE_TTM_SQ":-2.708070379905,"PB_TTM_SQ":0.07402413725,"ROA_SQ":-1.590986402475,"START_DATE":"2021-04-01 00:00:00","FISCAL_YEAR":"3-31","CURRENCY":"HKD","IS_CNY_CODE":0,"DPS_HKD_LY":null,"ORG_TYPE":"一般企业","PREMIUM_INCOME":null,"PREMIUM_INCOME_YOY":null,"NET_INTEREST_INCOME":null,"NET_INTEREST_INCOME_YOY":null,"FEE_COMMISSION_INCOME":null,"FEE_COMMISSION_INCOME_YOY":null,"ACCOUNTS_RECE_TDAYS":5.622603895108,"INVENTORY_TDAYS":0.074877810862,"CURRENT_ASSETS_TDAYS":0.122617626305,"TOTAL_ASSETS_TDAYS":0.045257293236,"PREMIUM_EXPENSE":null,"LOAN_DEPOSIT":null,"LOAN_EQUITY":null,"LOAN_ASSETS":null,"DEPOSIT_EQUITY":null,"DEPOSIT_ASSETS":null,"EQUITY_MULTIPLIER":1.477082167138,"EQUITY_RATIO":0.475488016403},{"SECUCODE":"00262.HK","SECURITY_CODE":"00262","SECURITY_NAME_ABBR":"迪臣发展国际","ORG_CODE":"10007520","STD_REPORT_DATE":"2021-06-30 00:00:00","REPORT_DATE":"2021-09-30 00:00:00","DATE_TYPE_CODE":"002","REPORT_TYPE":"2021年中报","PER_NETCASH_OPERATE":-0.013460079576,"PER_OI":0.04549336516,"BPS":0.91296482531,"BASIC_EPS":-0.006831092,"DILUTED_EPS":-0.006831092,"OPERATE_INCOME":44487070.12,"OPERATE_INCOME_YOY":14.1483017335,"GROSS_PROFIT":22068592.46,"GROSS_PROFIT_YOY":20.297342167757,"HOLDER_PROFIT":-6953551.82,"HOLDER_PROFIT_YOY":11.1454119651,"GROSS_PROFIT_RATIO":49.606756301262,"EPS_TTM":-0.031752577145,"OPERATE_INCOME_QOQ":0,"NET_PROFIT_RATIO":-17.0068536759,"ROE_AVG":-0.522190924688,"GROSS_PROFIT_QOQ":0,"ROA":-0.345643563926,"HOLDER_PROFIT_QOQ":0,"ROE_YEARLY":-1.044381849377,"ROIC_YEARLY":-0.696140100384,"TOTAL_ASSETS":2031660063.52,"TOTAL_LIABILITIES":695046116.74,"TAX_EBT":-9.752265861027,"OCF_SALES":-29.586906857421,"TOTAL_PARENT_EQUITY":1339155612.84,"DEBT_ASSET_RATIO":34.2107486001,"OPERATE_PROFIT":3589655.54,"PRETAX_PROFIT":-6893571.5,"NETCASH_OPERATE":-13162348,"NETCASH_INVEST":435690.38,"NETCASH_FINANCE":14196175.46,"END_CASH":8468054.9,"DIVI_RATIO":null,"DIVIDEND_RATE":null,"CURRENT_RATIO":2.109840270921,"COMMON_ACS":5000000000,"CURRENTDEBT_DEBT":51.956002967654,"ISSUED_COMMON_SHARES":1466820600,"HK_COMMON_SHARES":1466820600,"PER_SHARES":5000,"TOTAL_MARKET_CAP":77741491.8,"HKSK_MARKET_CAP":77741491.8,"PE_TTM":-1.057621035018,"PB_TTM":0.056813957081,"REPORT_DATE_SQ":"2020-06-30 00:00:00","REPORT_TYPE_SQ":"2020年中报","OPERATE_INCOME_SQ":41109157.76,"DPS_HKD":null,"OPERATE_INCOME_QOQ_SQ":0,"NET_PROFIT_RATIO_SQ":-21.138020221,"HOLDER_PROFIT_SQ":-8254695.68,"HOLDER_PROFIT_QOQ_SQ":0,"ROE_AVG_SQ":-0.609586945469,"PE_TTM_SQ":-2.708070379905,"PB_TTM_SQ":0.07402413725,"ROA_SQ":-0.413298860964,"START_DATE":"2021-04-01 00:00:00","FISCAL_YEAR":"3-31","CURRENCY":"HKD","IS_CNY_CODE":0,"DPS_HKD_LY":null,"ORG_TYPE":"一般企业","PREMIUM_INCOME":null,"PREMIUM_INCOME_YOY":null,"NET_INTEREST_INCOME":null,"NET_INTEREST_INCOME_YOY":null,"FEE_COMMISSION_INCOME":null,"FEE_COMMISSION_INCOME_YOY":null,"ACCOUNTS_RECE_TDAYS":2.317845439354,"INVENTORY_TDAYS":0.034153810813,"CURRENT_ASSETS_TDAYS":0.059476150567,"TOTAL_ASSETS_TDAYS":0.02211340314,"PREMIUM_EXPENSE":null,"LOAN_DEPOSIT":null,"LOAN_EQUITY":null,"LOAN_ASSETS":null,"DEPOSIT_EQUITY":null,"DEPOSIT_ASSETS":null,"EQUITY_MULTIPLIER":1.520005135674,"EQUITY_RATIO":0.519018185845},{"SECUCODE":"00262.HK","SECURITY_CODE":"00262","SECURITY_NAME_ABBR":"迪臣发展国际","ORG_CODE":"10007520","STD_REPORT_DATE":"2020-12-31 00:00:00","REPORT_DATE":"2021-03-31 00:00:00","DATE_TYPE_CODE":"001","REPORT_TYPE":"2020年年报","PER_NETCASH_OPERATE":-0.023062061516,"PER_OI":0.089713260251,"BPS":0.915810656859,"BASIC_EPS":-0.030595516,"DILUTED_EPS":-0.030595516,"OPERATE_INCOME":87728838.82,"OPERATE_INCOME_YOY":-70.4792755692,"GROSS_PROFIT":39262836.9,"GROSS_PROFIT_YOY":-48.751006201155,"HOLDER_PROFIT":-31050222.84,"HOLDER_PROFIT_YOY":-4.0854487761,"GROSS_PROFIT_RATIO":44.754766423569,"EPS_TTM":-0.046219258408,"OPERATE_INCOME_QOQ":0,"NET_PROFIT_RATIO":-37.4782030655,"ROE_AVG":-2.362491825037,"GROSS_PROFIT_QOQ":0,"ROA":-1.590986402475,"HOLDER_PROFIT_QOQ":0,"ROE_YEARLY":-2.362491825037,"ROIC_YEARLY":-1.602249027651,"TOTAL_ASSETS":2020858342.02,"TOTAL_LIABILITIES":680046196.06,"TAX_EBT":-20.652544738393,"OCF_SALES":-25.706413356583,"TOTAL_PARENT_EQUITY":1343329937.18,"DEBT_ASSET_RATIO":33.6513540766,"OPERATE_PROFIT":-11417536.62,"PRETAX_PROFIT":-27251138.74,"NETCASH_OPERATE":-22551937.94,"NETCASH_INVEST":-14974054.06,"NETCASH_FINANCE":41860075.04,"END_CASH":6898359.16,"DIVI_RATIO":null,"DIVIDEND_RATE":null,"CURRENT_RATIO":2.23681765566,"COMMON_ACS":5000000000,"CURRENTDEBT_DEBT":48.95944281565,"ISSUED_COMMON_SHARES":1466820600,"HK_COMMON_SHARES":1466820600,"PER_SHARES":5000,"TOTAL_MARKET_CAP":77741491.8,"HKSK_MARKET_CAP":77741491.8,"PE_TTM":-1.057621035018,"PB_TTM":0.056813957081,"REPORT_DATE_SQ":"2019-12-31 00:00:00","REPORT_TYPE_SQ":"2019年年报","OPERATE_INCOME_SQ":321269711.8,"DPS_HKD":null,"OPERATE_INCOME_QOQ_SQ":0,"NET_PROFIT_RATIO_SQ":-10.6753428476,"HOLDER_PROFIT_SQ":-32249955.2,"HOLDER_PROFIT_QOQ_SQ":0,"ROE_AVG_SQ":-2.225488323059,"PE_TTM_SQ":-2.708070379905,"PB_TTM_SQ":0.07402413725,"ROA_SQ":-1.464809868542,"START_DATE":"2020-04-01 00:00:00","FISCAL_YEAR":"3-31","CURRENCY":"HKD","IS_CNY_CODE":0,"DPS_HKD_LY":null,"ORG_TYPE":"一般企业","PREMIUM_INCOME":null,"PREMIUM_INCOME_YOY":null,"NET_INTEREST_INCOME":null,"NET_INTEREST_INCOME_YOY":null,"FEE_COMMISSION_INCOME":null,"FEE_COMMISSION_INCOME_YOY":null,"ACCOUNTS_RECE_TDAYS":3.643476429499,"INVENTORY_TDAYS":0.080635023307,"CURRENT_ASSETS_TDAYS":0.124923952714,"TOTAL_ASSETS_TDAYS":0.04495149371,"PREMIUM_EXPENSE":null,"LOAN_DEPOSIT":null,"LOAN_EQUITY":null,"LOAN_ASSETS":null,"DEPOSIT_EQUITY":null,"DEPOSIT_ASSETS":null,"EQUITY_MULTIPLIER":1.507189764136,"EQUITY_RATIO":0.506239142922},{"SECUCODE":"00262.HK","SECURITY_CODE":"00262","SECURITY_NAME_ABBR":"迪臣发展国际","ORG_CODE":"10007520","STD_REPORT_DATE":"2020-06-30 00:00:00","REPORT_DATE":"2020-09-30 00:00:00","DATE_TYPE_CODE":"002","REPORT_TYPE":"2020年中报","PER_NETCASH_OPERATE":-0.028873705864,"PER_OI":0.042039044611,"BPS":0.935368368184,"BASIC_EPS":-0.008435712,"DILUTED_EPS":-0.008435712,"OPERATE_INCOME":41109157.76,"OPERATE_INCOME_YOY":-79.1247969729,"GROSS_PROFIT":18345037.44,"GROSS_PROFIT_YOY":-51.542842667934,"HOLDER_PROFIT":-8254695.68,"HOLDER_PROFIT_YOY":-280.584390619,"GROSS_PROFIT_RATIO":44.625184361841,"EPS_TTM":-0.032979447384,"OPERATE_INCOME_QOQ":0,"NET_PROFIT_RATIO":-21.138020221,"ROE_AVG":-0.609586945469,"GROSS_PROFIT_QOQ":0,"ROA":-0.413298860964,"HOLDER_PROFIT_QOQ":0,"ROE_YEARLY":-1.219173890938,"ROIC_YEARLY":-0.832459357347,"TOTAL_ASSETS":2037430947.2,"TOTAL_LIABILITIES":667852682.88,"TAX_EBT":-20.36270691334,"OCF_SALES":-68.683068636043,"TOTAL_PARENT_EQUITY":1372017591.04,"DEBT_ASSET_RATIO":32.7791567021,"OPERATE_PROFIT":-4038597.12,"PRETAX_PROFIT":-7219563.52,"NETCASH_OPERATE":-28235031.04,"NETCASH_INVEST":-5677409.92,"NETCASH_FINANCE":28305328.64,"END_CASH":-3317168,"DIVI_RATIO":null,"DIVIDEND_RATE":null,"CURRENT_RATIO":2.366834629934,"COMMON_ACS":5000000000,"CURRENTDEBT_DEBT":46.087057204396,"ISSUED_COMMON_SHARES":1466820600,"HK_COMMON_SHARES":1466820600,"PER_SHARES":5000,"TOTAL_MARKET_CAP":77741491.8,"HKSK_MARKET_CAP":77741491.8,"PE_TTM":-1.057621035018,"PB_TTM":0.056813957081,"REPORT_DATE_SQ":"2019-06-30 00:00:00","REPORT_TYPE_SQ":"2019年中报","OPERATE_INCOME_SQ":202147657.08,"DPS_HKD":null,"OPERATE_INCOME_QOQ_SQ":0,"NET_PROFIT_RATIO_SQ":2.194923876,"HOLDER_PROFIT_SQ":4692256.02,"HOLDER_PROFIT_QOQ_SQ":0,"ROE_AVG_SQ":0.323470951506,"PE_TTM_SQ":-2.708070379905,"PB_TTM_SQ":0.07402413725,"ROA_SQ":0.213398137668,"START_DATE":"2020-04-01 00:00:00","FISCAL_YEAR":"3-31","CURRENCY":"HKD","IS_CNY_CODE":0,"DPS_HKD_LY":null,"ORG_TYPE":"一般企业","PREMIUM_INCOME":null,"PREMIUM_INCOME_YOY":null,"NET_INTEREST_INCOME":null,"NET_INTEREST_INCOME_YOY":null,"FEE_COMMISSION_INCOME":null,"FEE_COMMISSION_INCOME_YOY":null,"ACCOUNTS_RECE_TDAYS":1.432995374766,"INVENTORY_TDAYS":0.038511167138,"CURRENT_ASSETS_TDAYS":0.058127261714,"TOTAL_ASSETS_TDAYS":0.020582670441,"PREMIUM_EXPENSE":null,"LOAN_DEPOSIT":null,"LOAN_EQUITY":null,"LOAN_ASSETS":null,"DEPOSIT_EQUITY":null,"DEPOSIT_ASSETS":null,"EQUITY_MULTIPLIER":1.487633821504,"EQUITY_RATIO":0.486766851418}],"count":48},"success":true,"message":"ok","code":0}