{"version":"db57d33519592949e327e9c54ee11065","result":{"pages":6,"data":[{"SECUCODE":"00268.HK","SECURITY_CODE":"00268","SECURITY_NAME_ABBR":"金蝶国际","ORG_CODE":"10007525","STD_REPORT_DATE":"2024-06-30 00:00:00","REPORT_DATE":"2024-06-30 00:00:00","DATE_TYPE_CODE":"002","REPORT_TYPE":"2024年中报","PER_NETCASH_OPERATE":-0.046264700103,"PER_OI":0.798480058651,"BPS":2.216034638768,"BASIC_EPS":-0.0612,"DILUTED_EPS":-0.0612,"OPERATE_INCOME":2870025000,"OPERATE_INCOME_YOY":11.8547459906,"GROSS_PROFIT":1815187000,"GROSS_PROFIT_YOY":14.251087319121,"HOLDER_PROFIT":-217851000,"HOLDER_PROFIT_YOY":23.1660994234,"GROSS_PROFIT_RATIO":63.246382871229,"EPS_TTM":-0.040120073985,"OPERATE_INCOME_QOQ":5.356067794867,"NET_PROFIT_RATIO":-8.3127498889,"ROE_AVG":-2.633307163566,"GROSS_PROFIT_QOQ":6.213438075691,"ROA":-1.602901027846,"HOLDER_PROFIT_QOQ":31.294487588737,"ROE_YEARLY":-5.266614327132,"ROIC_YEARLY":-4.32830021318,"TOTAL_ASSETS":13042893000,"TOTAL_LIABILITIES":4995770000,"TAX_EBT":9.384127466434,"OCF_SALES":-5.794095870245,"TOTAL_PARENT_EQUITY":7946754000,"DEBT_ASSET_RATIO":38.302621972,"OPERATE_PROFIT":-317060000,"PRETAX_PROFIT":-263285000,"NETCASH_OPERATE":-166292000,"NETCASH_INVEST":-650806000,"NETCASH_FINANCE":-888701000,"END_CASH":1258498000,"DIVI_RATIO":null,"DIVIDEND_RATE":null,"CURRENT_RATIO":1.07255502651,"COMMON_ACS":6000000000,"CURRENTDEBT_DEBT":90.188319318143,"ISSUED_COMMON_SHARES":3586024271,"HK_COMMON_SHARES":3586024271,"PER_SHARES":1000,"TOTAL_MARKET_CAP":51782190473.24,"HKSK_MARKET_CAP":51782190473.24,"PE_TTM":-318.119711160404,"PB_TTM":5.947153970177,"REPORT_DATE_SQ":"2023-06-30 00:00:00","REPORT_TYPE_SQ":"2023年中报","OPERATE_INCOME_SQ":2565850000,"DPS_HKD":null,"OPERATE_INCOME_QOQ_SQ":7.587577626476,"NET_PROFIT_RATIO_SQ":-12.1596352086,"HOLDER_PROFIT_SQ":-283535000,"HOLDER_PROFIT_QOQ_SQ":18.734293012093,"ROE_AVG_SQ":-3.978973126442,"PE_TTM_SQ":-87.236301292216,"PB_TTM_SQ":3.757532527625,"ROA_SQ":-2.414518191702,"START_DATE":"2024-01-01 00:00:00","FISCAL_YEAR":"12-31","CURRENCY":"HKD","IS_CNY_CODE":0,"DPS_HKD_LY":null,"ORG_TYPE":"一般企业","PREMIUM_INCOME":null,"PREMIUM_INCOME_YOY":null,"NET_INTEREST_INCOME":null,"NET_INTEREST_INCOME_YOY":null,"FEE_COMMISSION_INCOME":null,"FEE_COMMISSION_INCOME_YOY":null,"ACCOUNTS_RECE_TDAYS":7.254700980008,"INVENTORY_TDAYS":23.394056331781,"CURRENT_ASSETS_TDAYS":0.544816354827,"TOTAL_ASSETS_TDAYS":0.211170296324,"PREMIUM_EXPENSE":null,"LOAN_DEPOSIT":null,"LOAN_EQUITY":null,"LOAN_ASSETS":null,"DEPOSIT_EQUITY":null,"DEPOSIT_ASSETS":null,"EQUITY_MULTIPLIER":1.62081442026,"EQUITY_RATIO":0.628655423334},{"SECUCODE":"00268.HK","SECURITY_CODE":"00268","SECURITY_NAME_ABBR":"金蝶国际","ORG_CODE":"10007525","STD_REPORT_DATE":"2023-12-31 00:00:00","REPORT_DATE":"2023-12-31 00:00:00","DATE_TYPE_CODE":"001","REPORT_TYPE":"2023年年报","PER_NETCASH_OPERATE":0.179910887417,"PER_OI":1.563902263879,"BPS":2.397935805828,"BASIC_EPS":-0.0607,"DILUTED_EPS":-0.0607,"OPERATE_INCOME":5679073000,"OPERATE_INCOME_YOY":16.7148091083,"GROSS_PROFIT":3643989000,"GROSS_PROFIT_YOY":21.56221258573,"HOLDER_PROFIT":-209890000,"HOLDER_PROFIT_YOY":46.0656083133,"GROSS_PROFIT_RATIO":64.165207948551,"EPS_TTM":-0.057799476458,"OPERATE_INCOME_QOQ":8.483536559857,"NET_PROFIT_RATIO":-4.7508809977,"ROE_AVG":-2.646048774965,"GROSS_PROFIT_QOQ":11.930046581347,"ROA":-1.622611954543,"HOLDER_PROFIT_QOQ":33.632040271682,"ROE_YEARLY":-2.646048774965,"ROIC_YEARLY":-2.203767256601,"TOTAL_ASSETS":14139197000,"TOTAL_LIABILITIES":5437045000,"TAX_EBT":10.400961723664,"OCF_SALES":11.503972567354,"TOTAL_PARENT_EQUITY":8599056000,"DEBT_ASSET_RATIO":38.4537042662,"OPERATE_PROFIT":-419947000,"PRETAX_PROFIT":-301126000,"NETCASH_OPERATE":653319000,"NETCASH_INVEST":-1304553000,"NETCASH_FINANCE":1670991000,"END_CASH":2963723000,"DIVI_RATIO":null,"DIVIDEND_RATE":null,"CURRENT_RATIO":1.259213408772,"COMMON_ACS":6000000000,"CURRENTDEBT_DEBT":83.30286028532,"ISSUED_COMMON_SHARES":3586024271,"HK_COMMON_SHARES":3586024271,"PER_SHARES":1000,"TOTAL_MARKET_CAP":39446266981,"HKSK_MARKET_CAP":39446266981,"PE_TTM":-242.334960025238,"PB_TTM":4.530380448195,"REPORT_DATE_SQ":"2022-12-31 00:00:00","REPORT_TYPE_SQ":"2022年年报","OPERATE_INCOME_SQ":4865769000,"DPS_HKD":null,"OPERATE_INCOME_QOQ_SQ":8.16656307437,"NET_PROFIT_RATIO_SQ":-9.2976875803,"HOLDER_PROFIT_SQ":-389158000,"HOLDER_PROFIT_QOQ_SQ":5.236653898696,"ROE_AVG_SQ":-5.237007921964,"PE_TTM_SQ":-82.45165721624,"PB_TTM_SQ":3.551443371136,"ROA_SQ":-3.410888737151,"START_DATE":"2023-01-01 00:00:00","FISCAL_YEAR":"12-31","CURRENCY":"HKD","IS_CNY_CODE":0,"DPS_HKD_LY":null,"ORG_TYPE":"一般企业","PREMIUM_INCOME":null,"PREMIUM_INCOME_YOY":null,"NET_INTEREST_INCOME":null,"NET_INTEREST_INCOME_YOY":null,"FEE_COMMISSION_INCOME":null,"FEE_COMMISSION_INCOME_YOY":null,"ACCOUNTS_RECE_TDAYS":17.278373255527,"INVENTORY_TDAYS":44.983178974824,"CURRENT_ASSETS_TDAYS":1.172490937261,"TOTAL_ASSETS_TDAYS":0.439036244724,"PREMIUM_EXPENSE":null,"LOAN_DEPOSIT":null,"LOAN_EQUITY":null,"LOAN_ASSETS":null,"DEPOSIT_EQUITY":null,"DEPOSIT_ASSETS":null,"EQUITY_MULTIPLIER":1.624793154612,"EQUITY_RATIO":0.632283939074},{"SECUCODE":"00268.HK","SECURITY_CODE":"00268","SECURITY_NAME_ABBR":"金蝶国际","ORG_CODE":"10007525","STD_REPORT_DATE":"2023-06-30 00:00:00","REPORT_DATE":"2023-06-30 00:00:00","DATE_TYPE_CODE":"002","REPORT_TYPE":"2023年中报","PER_NETCASH_OPERATE":-0.048582005735,"PER_OI":0.738091975204,"BPS":1.948205999747,"BASIC_EPS":-0.0823,"DILUTED_EPS":-0.0823,"OPERATE_INCOME":2565850000,"OPERATE_INCOME_YOY":16.8070922347,"GROSS_PROFIT":1588770000,"GROSS_PROFIT_YOY":19.383863036591,"HOLDER_PROFIT":-283535000,"HOLDER_PROFIT_YOY":20.453875957,"GROSS_PROFIT_RATIO":61.919831634741,"EPS_TTM":-0.090972996606,"OPERATE_INCOME_QOQ":7.587577626476,"NET_PROFIT_RATIO":-12.1596352086,"ROE_AVG":-3.978973126442,"GROSS_PROFIT_QOQ":8.605523091052,"ROA":-2.414518191702,"HOLDER_PROFIT_QOQ":18.734293012093,"ROE_YEARLY":-7.957946252884,"ROIC_YEARLY":-6.076832652846,"TOTAL_ASSETS":11754408000,"TOTAL_LIABILITIES":4633543000,"TAX_EBT":4.16574517754,"OCF_SALES":-6.582107293879,"TOTAL_PARENT_EQUITY":6986314000,"DEBT_ASSET_RATIO":39.419620282,"OPERATE_PROFIT":-388191000,"PRETAX_PROFIT":-325560000,"NETCASH_OPERATE":-168887000,"NETCASH_INVEST":-914362000,"NETCASH_FINANCE":209919000,"END_CASH":1071870000,"DIVI_RATIO":null,"DIVIDEND_RATE":null,"CURRENT_RATIO":0.922500044405,"COMMON_ACS":6000000000,"CURRENTDEBT_DEBT":83.838630611608,"ISSUED_COMMON_SHARES":3586024271,"HK_COMMON_SHARES":3586024271,"PER_SHARES":1000,"TOTAL_MARKET_CAP":39446266981,"HKSK_MARKET_CAP":39446266981,"PE_TTM":-242.334960025238,"PB_TTM":4.530380448195,"REPORT_DATE_SQ":"2022-06-30 00:00:00","REPORT_TYPE_SQ":"2022年中报","OPERATE_INCOME_SQ":2196656000,"DPS_HKD":null,"OPERATE_INCOME_QOQ_SQ":7.768221866647,"NET_PROFIT_RATIO_SQ":-17.7022255647,"HOLDER_PROFIT_SQ":-356441000,"HOLDER_PROFIT_QOQ_SQ":-35.83269936824,"ROE_AVG_SQ":-4.829364796829,"PE_TTM_SQ":-82.45165721624,"PB_TTM_SQ":3.551443371136,"ROA_SQ":-3.256054031491,"START_DATE":"2023-01-01 00:00:00","FISCAL_YEAR":"12-31","CURRENCY":"HKD","IS_CNY_CODE":0,"DPS_HKD_LY":null,"ORG_TYPE":"一般企业","PREMIUM_INCOME":null,"PREMIUM_INCOME_YOY":null,"NET_INTEREST_INCOME":null,"NET_INTEREST_INCOME_YOY":null,"FEE_COMMISSION_INCOME":null,"FEE_COMMISSION_INCOME_YOY":null,"ACCOUNTS_RECE_TDAYS":7.923716644175,"INVENTORY_TDAYS":21.181239770646,"CURRENT_ASSETS_TDAYS":0.678116296344,"TOTAL_ASSETS_TDAYS":0.218501825248,"PREMIUM_EXPENSE":null,"LOAN_DEPOSIT":null,"LOAN_EQUITY":null,"LOAN_ASSETS":null,"DEPOSIT_EQUITY":null,"DEPOSIT_ASSETS":null,"EQUITY_MULTIPLIER":1.650699458562,"EQUITY_RATIO":0.663231426472},{"SECUCODE":"00268.HK","SECURITY_CODE":"00268","SECURITY_NAME_ABBR":"金蝶国际","ORG_CODE":"10007525","STD_REPORT_DATE":"2022-12-31 00:00:00","REPORT_DATE":"2022-12-31 00:00:00","DATE_TYPE_CODE":"001","REPORT_TYPE":"2022年年报","PER_NETCASH_OPERATE":0.107770285104,"PER_OI":1.400463395389,"BPS":2.026018914248,"BASIC_EPS":-0.1131,"DILUTED_EPS":-0.1131,"OPERATE_INCOME":4865769000,"OPERATE_INCOME_YOY":16.5691816795,"GROSS_PROFIT":2997633000,"GROSS_PROFIT_YOY":13.823848370198,"HOLDER_PROFIT":-389158000,"HOLDER_PROFIT_YOY":-28.7196110211,"GROSS_PROFIT_RATIO":61.606562087103,"EPS_TTM":-0.112007276552,"OPERATE_INCOME_QOQ":8.16656307437,"NET_PROFIT_RATIO":-9.2976875803,"ROE_AVG":-5.237007921964,"GROSS_PROFIT_QOQ":7.43253195864,"ROA":-3.410888737151,"HOLDER_PROFIT_QOQ":5.236653898696,"ROE_YEARLY":-5.237007921964,"ROIC_YEARLY":-4.451441592859,"TOTAL_ASSETS":11731437000,"TOTAL_LIABILITIES":4323854000,"TAX_EBT":4.599994095543,"OCF_SALES":7.695330378405,"TOTAL_PARENT_EQUITY":7265353000,"DEBT_ASSET_RATIO":36.8569852099,"OPERATE_PROFIT":-587344000,"PRETAX_PROFIT":-474218000,"NETCASH_OPERATE":374437000,"NETCASH_INVEST":-787031000,"NETCASH_FINANCE":300525000,"END_CASH":1942735000,"DIVI_RATIO":null,"DIVIDEND_RATE":null,"CURRENT_RATIO":1.057961065762,"COMMON_ACS":6000000000,"CURRENTDEBT_DEBT":87.090891598097,"ISSUED_COMMON_SHARES":3586024271,"HK_COMMON_SHARES":3586024271,"PER_SHARES":1000,"TOTAL_MARKET_CAP":39446266981,"HKSK_MARKET_CAP":39446266981,"PE_TTM":-242.334960025238,"PB_TTM":4.530380448195,"REPORT_DATE_SQ":"2021-12-31 00:00:00","REPORT_TYPE_SQ":"2021年年报","OPERATE_INCOME_SQ":4174147000,"DPS_HKD":null,"OPERATE_INCOME_QOQ_SQ":8.662156677815,"NET_PROFIT_RATIO_SQ":-8.1059675186,"HOLDER_PROFIT_SQ":-302330000,"HOLDER_PROFIT_QOQ_SQ":15.917143635868,"ROE_AVG_SQ":-3.92990488897,"PE_TTM_SQ":-82.45165721624,"PB_TTM_SQ":3.551443371136,"ROA_SQ":-2.772498280658,"START_DATE":"2022-01-01 00:00:00","FISCAL_YEAR":"12-31","CURRENCY":"HKD","IS_CNY_CODE":0,"DPS_HKD_LY":null,"ORG_TYPE":"一般企业","PREMIUM_INCOME":null,"PREMIUM_INCOME_YOY":null,"NET_INTEREST_INCOME":null,"NET_INTEREST_INCOME_YOY":null,"FEE_COMMISSION_INCOME":null,"FEE_COMMISSION_INCOME_YOY":null,"ACCOUNTS_RECE_TDAYS":14.206707776396,"INVENTORY_TDAYS":49.62573549921,"CURRENT_ASSETS_TDAYS":1.150962143351,"TOTAL_ASSETS_TDAYS":0.426474508546,"PREMIUM_EXPENSE":null,"LOAN_DEPOSIT":null,"LOAN_EQUITY":null,"LOAN_ASSETS":null,"DEPOSIT_EQUITY":null,"DEPOSIT_ASSETS":null,"EQUITY_MULTIPLIER":1.583706453238,"EQUITY_RATIO":0.595133367918},{"SECUCODE":"00268.HK","SECURITY_CODE":"00268","SECURITY_NAME_ABBR":"金蝶国际","ORG_CODE":"10007525","STD_REPORT_DATE":"2022-06-30 00:00:00","REPORT_DATE":"2022-06-30 00:00:00","DATE_TYPE_CODE":"002","REPORT_TYPE":"2022年中报","PER_NETCASH_OPERATE":-0.051763689517,"PER_OI":0.632165738179,"BPS":1.998009622507,"BASIC_EPS":-0.1038,"DILUTED_EPS":-0.1038,"OPERATE_INCOME":2196656000,"OPERATE_INCOME_YOY":17.3177298215,"GROSS_PROFIT":1330808000,"GROSS_PROFIT_YOY":13.343888639532,"HOLDER_PROFIT":-356441000,"HOLDER_PROFIT_YOY":-43.6636464765,"GROSS_PROFIT_RATIO":60.583359433612,"EPS_TTM":-0.118182855458,"OPERATE_INCOME_QOQ":7.768221866647,"NET_PROFIT_RATIO":-17.7022255647,"ROE_AVG":-4.829364796829,"GROSS_PROFIT_QOQ":5.949144356031,"ROA":-3.256054031491,"HOLDER_PROFIT_QOQ":-35.83269936824,"ROE_YEARLY":-9.658729593657,"ROIC_YEARLY":-8.226027258159,"TOTAL_ASSETS":10806915000,"TOTAL_LIABILITIES":3467864000,"TAX_EBT":3.333606783554,"OCF_SALES":-8.188309867362,"TOTAL_PARENT_EQUITY":7164911000,"DEBT_ASSET_RATIO":32.0893057825,"OPERATE_PROFIT":-453567000,"PRETAX_PROFIT":-402267000,"NETCASH_OPERATE":-179869000,"NETCASH_INVEST":-694852000,"NETCASH_FINANCE":-97962000,"END_CASH":1078333000,"DIVI_RATIO":null,"DIVIDEND_RATE":null,"CURRENT_RATIO":1.02543972647,"COMMON_ACS":6000000000,"CURRENTDEBT_DEBT":94.846481868955,"ISSUED_COMMON_SHARES":3586024271,"HK_COMMON_SHARES":3586024271,"PER_SHARES":1000,"TOTAL_MARKET_CAP":39446266981,"HKSK_MARKET_CAP":39446266981,"PE_TTM":-242.334960025238,"PB_TTM":4.530380448195,"REPORT_DATE_SQ":"2021-06-30 00:00:00","REPORT_TYPE_SQ":"2021年中报","OPERATE_INCOME_SQ":1872399000,"DPS_HKD":null,"OPERATE_INCOME_QOQ_SQ":14.44844172927,"NET_PROFIT_RATIO_SQ":-15.2989293414,"HOLDER_PROFIT_SQ":-248108000,"HOLDER_PROFIT_QOQ_SQ":-7.178690767529,"ROE_AVG_SQ":-3.235606855275,"PE_TTM_SQ":-82.45165721624,"PB_TTM_SQ":3.551443371136,"ROA_SQ":-2.354373503951,"START_DATE":"2022-01-01 00:00:00","FISCAL_YEAR":"12-31","CURRENCY":"HKD","IS_CNY_CODE":0,"DPS_HKD_LY":null,"ORG_TYPE":"一般企业","PREMIUM_INCOME":null,"PREMIUM_INCOME_YOY":null,"NET_INTEREST_INCOME":null,"NET_INTEREST_INCOME_YOY":null,"FEE_COMMISSION_INCOME":null,"FEE_COMMISSION_INCOME_YOY":null,"ACCOUNTS_RECE_TDAYS":5.51151590423,"INVENTORY_TDAYS":25.538978851429,"CURRENT_ASSETS_TDAYS":0.560085027949,"TOTAL_ASSETS_TDAYS":0.200662399236,"PREMIUM_EXPENSE":null,"LOAN_DEPOSIT":null,"LOAN_EQUITY":null,"LOAN_ASSETS":null,"DEPOSIT_EQUITY":null,"DEPOSIT_ASSETS":null,"EQUITY_MULTIPLIER":1.472522128543,"EQUITY_RATIO":0.484006570354},{"SECUCODE":"00268.HK","SECURITY_CODE":"00268","SECURITY_NAME_ABBR":"金蝶国际","ORG_CODE":"10007525","STD_REPORT_DATE":"2021-12-31 00:00:00","REPORT_DATE":"2021-12-31 00:00:00","DATE_TYPE_CODE":"001","REPORT_TYPE":"2021年年报","PER_NETCASH_OPERATE":0.190244398691,"PER_OI":1.202168583563,"BPS":2.118360453227,"BASIC_EPS":-0.0923,"DILUTED_EPS":-0.0923,"OPERATE_INCOME":4174147000,"OPERATE_INCOME_YOY":24.3621450672,"GROSS_PROFIT":2633572000,"GROSS_PROFIT_YOY":19.219667832801,"HOLDER_PROFIT":-302330000,"HOLDER_PROFIT_YOY":9.881095389,"GROSS_PROFIT_RATIO":63.092459369543,"EPS_TTM":-0.087072071939,"OPERATE_INCOME_QOQ":8.662156677815,"NET_PROFIT_RATIO":-8.1059675186,"ROE_AVG":-3.92990488897,"GROSS_PROFIT_QOQ":5.653628452003,"ROA":-2.772498280658,"HOLDER_PROFIT_QOQ":15.917143635868,"ROE_YEARLY":-3.92990488897,"ROIC_YEARLY":-4.023789241445,"TOTAL_ASSETS":11087132000,"TOTAL_LIABILITIES":3283993000,"TAX_EBT":11.45900116448,"OCF_SALES":15.825101511758,"TOTAL_PARENT_EQUITY":7596492000,"DEBT_ASSET_RATIO":29.6198602127,"OPERATE_PROFIT":-466900000,"PRETAX_PROFIT":-382145000,"NETCASH_OPERATE":660563000,"NETCASH_INVEST":-1204742000,"NETCASH_FINANCE":-143841000,"END_CASH":2046815000,"DIVI_RATIO":null,"DIVIDEND_RATE":null,"CURRENT_RATIO":1.449950270504,"COMMON_ACS":6000000000,"CURRENTDEBT_DEBT":93.900413307824,"ISSUED_COMMON_SHARES":3586024271,"HK_COMMON_SHARES":3586024271,"PER_SHARES":1000,"TOTAL_MARKET_CAP":39446266981,"HKSK_MARKET_CAP":39446266981,"PE_TTM":-242.334960025238,"PB_TTM":4.530380448195,"REPORT_DATE_SQ":"2020-12-31 00:00:00","REPORT_TYPE_SQ":"2020年年报","OPERATE_INCOME_SQ":3356445000,"DPS_HKD":null,"OPERATE_INCOME_QOQ_SQ":3.982986970701,"NET_PROFIT_RATIO_SQ":-10.1802651317,"HOLDER_PROFIT_SQ":-335479000,"HOLDER_PROFIT_QOQ_SQ":-962.081459591417,"ROE_AVG_SQ":-4.870287275654,"PE_TTM_SQ":-82.45165721624,"PB_TTM_SQ":3.551443371136,"ROA_SQ":-3.505118943287,"START_DATE":"2021-01-01 00:00:00","FISCAL_YEAR":"12-31","CURRENCY":"HKD","IS_CNY_CODE":0,"DPS_HKD_LY":null,"ORG_TYPE":"一般企业","PREMIUM_INCOME":null,"PREMIUM_INCOME_YOY":null,"NET_INTEREST_INCOME":null,"NET_INTEREST_INCOME_YOY":null,"FEE_COMMISSION_INCOME":null,"FEE_COMMISSION_INCOME_YOY":null,"ACCOUNTS_RECE_TDAYS":11.504129930906,"INVENTORY_TDAYS":62.447304418322,"CURRENT_ASSETS_TDAYS":0.783538867387,"TOTAL_ASSETS_TDAYS":0.382787529544,"PREMIUM_EXPENSE":null,"LOAN_DEPOSIT":null,"LOAN_EQUITY":null,"LOAN_ASSETS":null,"DEPOSIT_EQUITY":null,"DEPOSIT_ASSETS":null,"EQUITY_MULTIPLIER":1.420855376278,"EQUITY_RATIO":0.432303884477},{"SECUCODE":"00268.HK","SECURITY_CODE":"00268","SECURITY_NAME_ABBR":"金蝶国际","ORG_CODE":"10007525","STD_REPORT_DATE":"2021-06-30 00:00:00","REPORT_DATE":"2021-06-30 00:00:00","DATE_TYPE_CODE":"002","REPORT_TYPE":"2021年中报","PER_NETCASH_OPERATE":-0.027814225428,"PER_OI":0.53960946066,"BPS":2.104411858288,"BASIC_EPS":-0.0725,"DILUTED_EPS":-0.0725,"OPERATE_INCOME":1872399000,"OPERATE_INCOME_YOY":34.953025165,"GROSS_PROFIT":1174133000,"GROSS_PROFIT_YOY":31.851870983971,"HOLDER_PROFIT":-248108000,"HOLDER_PROFIT_YOY":-10.7501394934,"GROSS_PROFIT_RATIO":62.707414391911,"EPS_TTM":-0.103622709099,"OPERATE_INCOME_QOQ":14.44844172927,"NET_PROFIT_RATIO":-15.2989293414,"ROE_AVG":-3.235606855275,"GROSS_PROFIT_QOQ":12.840107414731,"ROA":-2.354373503951,"HOLDER_PROFIT_QOQ":-7.178690767529,"ROE_YEARLY":-6.47121371055,"ROIC_YEARLY":-7.214784568129,"TOTAL_ASSETS":10354271000,"TOTAL_LIABILITIES":2681168000,"TAX_EBT":11.896252645047,"OCF_SALES":-5.154510336739,"TOTAL_PARENT_EQUITY":7546472000,"DEBT_ASSET_RATIO":25.8943193586,"OPERATE_PROFIT":-354584000,"PRETAX_PROFIT":-325136000,"NETCASH_OPERATE":-96513000,"NETCASH_INVEST":-1195000000,"NETCASH_FINANCE":-126434000,"END_CASH":1321288000,"DIVI_RATIO":null,"DIVIDEND_RATE":null,"CURRENT_RATIO":1.897171992094,"COMMON_ACS":6000000000,"CURRENTDEBT_DEBT":92.580621579849,"ISSUED_COMMON_SHARES":3586024271,"HK_COMMON_SHARES":3586024271,"PER_SHARES":1000,"TOTAL_MARKET_CAP":39446266981,"HKSK_MARKET_CAP":39446266981,"PE_TTM":-242.334960025238,"PB_TTM":4.530380448195,"REPORT_DATE_SQ":"2020-06-30 00:00:00","REPORT_TYPE_SQ":"2020年中报","OPERATE_INCOME_SQ":1387445000,"DPS_HKD":null,"OPERATE_INCOME_QOQ_SQ":-2.938155334843,"NET_PROFIT_RATIO_SQ":-17.4205103626,"HOLDER_PROFIT_SQ":-224025000,"HOLDER_PROFIT_QOQ_SQ":-89.555263299157,"ROE_AVG_SQ":-3.807972136914,"PE_TTM_SQ":-82.45165721624,"PB_TTM_SQ":3.551443371136,"ROA_SQ":-2.678359269571,"START_DATE":"2021-01-01 00:00:00","FISCAL_YEAR":"12-31","CURRENCY":"HKD","IS_CNY_CODE":0,"DPS_HKD_LY":null,"ORG_TYPE":"一般企业","PREMIUM_INCOME":null,"PREMIUM_INCOME_YOY":null,"NET_INTEREST_INCOME":null,"NET_INTEREST_INCOME_YOY":null,"FEE_COMMISSION_INCOME":null,"FEE_COMMISSION_INCOME_YOY":null,"ACCOUNTS_RECE_TDAYS":5.739294756653,"INVENTORY_TDAYS":38.100398319419,"CURRENT_ASSETS_TDAYS":0.343791145849,"TOTAL_ASSETS_TDAYS":0.177677728829,"PREMIUM_EXPENSE":null,"LOAN_DEPOSIT":null,"LOAN_EQUITY":null,"LOAN_ASSETS":null,"DEPOSIT_EQUITY":null,"DEPOSIT_ASSETS":null,"EQUITY_MULTIPLIER":1.349424215991,"EQUITY_RATIO":0.355287609892},{"SECUCODE":"00268.HK","SECURITY_CODE":"00268","SECURITY_NAME_ABBR":"金蝶国际","ORG_CODE":"10007525","STD_REPORT_DATE":"2020-12-31 00:00:00","REPORT_DATE":"2020-12-31 00:00:00","DATE_TYPE_CODE":"001","REPORT_TYPE":"2020年年报","PER_NETCASH_OPERATE":0.136449891821,"PER_OI":0.968224307273,"BPS":2.172219263264,"BASIC_EPS":-0.1012,"DILUTED_EPS":-0.1012,"OPERATE_INCOME":3356445000,"OPERATE_INCOME_YOY":0.9278052917,"GROSS_PROFIT":2209008000,"GROSS_PROFIT_YOY":-8.081209478794,"HOLDER_PROFIT":-335479000,"HOLDER_PROFIT_YOY":-190.0421386011,"GROSS_PROFIT_RATIO":65.813919191287,"EPS_TTM":-0.096774689405,"OPERATE_INCOME_QOQ":3.982986970701,"NET_PROFIT_RATIO":-10.1802651317,"ROE_AVG":-4.870287275654,"GROSS_PROFIT_QOQ":-12.264566849074,"ROA":-3.505118943287,"HOLDER_PROFIT_QOQ":-962.081459591417,"ROE_YEARLY":-4.870287275654,"ROIC_YEARLY":-5.482385325179,"TOTAL_ASSETS":10722079000,"TOTAL_LIABILITIES":2763602000,"TAX_EBT":10.723756920512,"OCF_SALES":14.092797587924,"TOTAL_PARENT_EQUITY":7789631000,"DEBT_ASSET_RATIO":25.774870713,"OPERATE_PROFIT":-415353000,"PRETAX_PROFIT":-382739000,"NETCASH_OPERATE":473017000,"NETCASH_INVEST":-1490626000,"NETCASH_FINANCE":1965691000,"END_CASH":2753631000,"DIVI_RATIO":null,"DIVIDEND_RATE":null,"CURRENT_RATIO":2.379527505119,"COMMON_ACS":6000000000,"CURRENTDEBT_DEBT":94.029060624504,"ISSUED_COMMON_SHARES":3586024271,"HK_COMMON_SHARES":3586024271,"PER_SHARES":1000,"TOTAL_MARKET_CAP":39446266981,"HKSK_MARKET_CAP":39446266981,"PE_TTM":-242.334960025238,"PB_TTM":4.530380448195,"REPORT_DATE_SQ":"2019-12-31 00:00:00","REPORT_TYPE_SQ":"2019年年报","OPERATE_INCOME_SQ":3325590000,"DPS_HKD":null,"OPERATE_INCOME_QOQ_SQ":10.312066397078,"NET_PROFIT_RATIO_SQ":10.9994918195,"HOLDER_PROFIT_SQ":372580000,"HOLDER_PROFIT_QOQ_SQ":5.855913446923,"ROE_AVG_SQ":6.50624972278,"PE_TTM_SQ":-82.45165721624,"PB_TTM_SQ":3.551443371136,"ROA_SQ":4.657626685558,"START_DATE":"2020-01-01 00:00:00","FISCAL_YEAR":"12-31","CURRENCY":"HKD","IS_CNY_CODE":0,"DPS_HKD_LY":0.012,"ORG_TYPE":"一般企业","PREMIUM_INCOME":null,"PREMIUM_INCOME_YOY":null,"NET_INTEREST_INCOME":null,"NET_INTEREST_INCOME_YOY":null,"FEE_COMMISSION_INCOME":null,"FEE_COMMISSION_INCOME_YOY":null,"ACCOUNTS_RECE_TDAYS":10.458414152509,"INVENTORY_TDAYS":87.327295559192,"CURRENT_ASSETS_TDAYS":0.643930887903,"TOTAL_ASSETS_TDAYS":0.350684810423,"PREMIUM_EXPENSE":null,"LOAN_DEPOSIT":null,"LOAN_EQUITY":null,"LOAN_ASSETS":null,"DEPOSIT_EQUITY":null,"DEPOSIT_ASSETS":null,"EQUITY_MULTIPLIER":1.347252621324,"EQUITY_RATIO":0.354779578134},{"SECUCODE":"00268.HK","SECURITY_CODE":"00268","SECURITY_NAME_ABBR":"金蝶国际","ORG_CODE":"10007525","STD_REPORT_DATE":"2020-06-30 00:00:00","REPORT_DATE":"2020-06-30 00:00:00","DATE_TYPE_CODE":"002","REPORT_TYPE":"2020年中报","PER_NETCASH_OPERATE":-0.024491472899,"PER_OI":0.41652555885,"BPS":1.611583347814,"BASIC_EPS":-0.0687,"DILUTED_EPS":-0.0687,"OPERATE_INCOME":1387445000,"OPERATE_INCOME_YOY":-6.5791741743,"GROSS_PROFIT":890494000,"GROSS_PROFIT_YOY":-24.561833028501,"HOLDER_PROFIT":-224025000,"HOLDER_PROFIT_YOY":-304.327800073,"GROSS_PROFIT_RATIO":73.851431948654,"EPS_TTM":0.011682691655,"OPERATE_INCOME_QOQ":-2.938155334843,"NET_PROFIT_RATIO":-17.4205103626,"ROE_AVG":-3.807972136914,"GROSS_PROFIT_QOQ":-5.826666571913,"ROA":-2.678359269571,"HOLDER_PROFIT_QOQ":-89.555263299157,"ROE_YEARLY":-7.615944273827,"ROIC_YEARLY":-7.471221913717,"TOTAL_ASSETS":8308372000,"TOTAL_LIABILITIES":2388127000,"TAX_EBT":3.659503908227,"OCF_SALES":-5.879944790604,"TOTAL_PARENT_EQUITY":5779177000,"DEBT_ASSET_RATIO":28.7436214941,"OPERATE_PROFIT":-253562000,"PRETAX_PROFIT":-250881000,"NETCASH_OPERATE":-81581000,"NETCASH_INVEST":-376515000,"NETCASH_FINANCE":11546000,"END_CASH":1456499000,"DIVI_RATIO":null,"DIVIDEND_RATE":null,"CURRENT_RATIO":1.912885631344,"COMMON_ACS":6000000000,"CURRENTDEBT_DEBT":88.004155557891,"ISSUED_COMMON_SHARES":3586024271,"HK_COMMON_SHARES":3586024271,"PER_SHARES":1000,"TOTAL_MARKET_CAP":39446266981,"HKSK_MARKET_CAP":39446266981,"PE_TTM":-242.334960025238,"PB_TTM":4.530380448195,"REPORT_DATE_SQ":"2019-06-30 00:00:00","REPORT_TYPE_SQ":"2019年中报","OPERATE_INCOME_SQ":1485156000,"DPS_HKD":null,"OPERATE_INCOME_QOQ_SQ":7.336350669964,"NET_PROFIT_RATIO_SQ":7.4663537029,"HOLDER_PROFIT_SQ":109640000,"HOLDER_PROFIT_QOQ_SQ":-14.592604815266,"ROE_AVG_SQ":1.985542879097,"PE_TTM_SQ":-82.45165721624,"PB_TTM_SQ":3.551443371136,"ROA_SQ":1.443745542613,"START_DATE":"2020-01-01 00:00:00","FISCAL_YEAR":"12-31","CURRENCY":"HKD","IS_CNY_CODE":0,"DPS_HKD_LY":0.012,"ORG_TYPE":"一般企业","PREMIUM_INCOME":null,"PREMIUM_INCOME_YOY":null,"NET_INTEREST_INCOME":null,"NET_INTEREST_INCOME_YOY":null,"FEE_COMMISSION_INCOME":null,"FEE_COMMISSION_INCOME_YOY":null,"ACCOUNTS_RECE_TDAYS":4.573494436597,"INVENTORY_TDAYS":59.241835401698,"CURRENT_ASSETS_TDAYS":0.335875395577,"TOTAL_ASSETS_TDAYS":0.16587774475,"PREMIUM_EXPENSE":null,"LOAN_DEPOSIT":null,"LOAN_EQUITY":null,"LOAN_ASSETS":null,"DEPOSIT_EQUITY":null,"DEPOSIT_ASSETS":null,"EQUITY_MULTIPLIER":1.403383137016,"EQUITY_RATIO":0.413229599993}],"count":48},"success":true,"message":"ok","code":0}