{"version":"3cd433058524f1a128c893a19f7823d8","result":{"pages":6,"data":[{"SECUCODE":"00270.HK","SECURITY_CODE":"00270","SECURITY_NAME_ABBR":"粤海投资","ORG_CODE":"10007527","STD_REPORT_DATE":"2024-06-30 00:00:00","REPORT_DATE":"2024-06-30 00:00:00","DATE_TYPE_CODE":"002","REPORT_TYPE":"2024年中报","PER_NETCASH_OPERATE":0.680653119495,"PER_OI":1.715780562707,"BPS":6.019266238626,"BASIC_EPS":0.336596384,"DILUTED_EPS":0.336596384,"OPERATE_INCOME":11217466949.2,"OPERATE_INCOME_YOY":8.1036699092,"GROSS_PROFIT":4991485252.56,"GROSS_PROFIT_YOY":-0.870709001794,"HOLDER_PROFIT":2200457789.8,"HOLDER_PROFIT_YOY":-4.5875811119,"GROSS_PROFIT_RATIO":44.49743667768,"EPS_TTM":0.412978485867,"OPERATE_INCOME_QOQ":3.352187327527,"NET_PROFIT_RATIO":21.6894413576,"ROE_AVG":5.678239619835,"GROSS_PROFIT_QOQ":-0.480191105657,"ROA":1.723387341252,"HOLDER_PROFIT_QOQ":-4.570127645434,"ROE_YEARLY":11.35647923967,"ROIC_YEARLY":4.35019726242,"TOTAL_ASSETS":127620131104.6,"TOTAL_LIABILITIES":73527446633.76,"TAX_EBT":27.247475422864,"OCF_SALES":39.670173114772,"TOTAL_PARENT_EQUITY":39352887867.96,"DEBT_ASSET_RATIO":57.6143011274,"OPERATE_PROFIT":3843737217.12,"PRETAX_PROFIT":3344221977.04,"NETCASH_OPERATE":4449988557.84,"NETCASH_INVEST":-2101606331.68,"NETCASH_FINANCE":-1395337127.8,"END_CASH":11282311950.52,"DIVI_RATIO":0.800299127704,"DIVIDEND_RATE":6.060100166945,"CURRENT_RATIO":1.287775495454,"COMMON_ACS":null,"CURRENTDEBT_DEBT":52.362801173137,"ISSUED_COMMON_SHARES":6537821440,"HK_COMMON_SHARES":6537821440,"PER_SHARES":2000,"TOTAL_MARKET_CAP":39161550425.6,"HKSK_MARKET_CAP":39161550425.6,"PE_TTM":13.027166163176,"PB_TTM":0.908242463993,"REPORT_DATE_SQ":"2023-06-30 00:00:00","REPORT_TYPE_SQ":"2023年中报","OPERATE_INCOME_SQ":10482317922.9,"DPS_HKD":0.363,"OPERATE_INCOME_QOQ_SQ":1.419535992457,"NET_PROFIT_RATIO_SQ":25.0773680653,"HOLDER_PROFIT_SQ":2329759559.82,"HOLDER_PROFIT_QOQ_SQ":-4.527249548307,"ROE_AVG_SQ":5.948600055319,"PE_TTM_SQ":7.078671068218,"PB_TTM_SQ":0.738125286213,"ROA_SQ":1.825468515294,"START_DATE":"2024-01-01 00:00:00","FISCAL_YEAR":"12-31","CURRENCY":"HKD","IS_CNY_CODE":0,"DPS_HKD_LY":0.363,"ORG_TYPE":"一般企业","PREMIUM_INCOME":null,"PREMIUM_INCOME_YOY":null,"NET_INTEREST_INCOME":null,"NET_INTEREST_INCOME_YOY":null,"FEE_COMMISSION_INCOME":null,"FEE_COMMISSION_INCOME_YOY":null,"ACCOUNTS_RECE_TDAYS":1.668032413112,"INVENTORY_TDAYS":0.212136137975,"CURRENT_ASSETS_TDAYS":0.224278385346,"TOTAL_ASSETS_TDAYS":0.087854630208,"PREMIUM_EXPENSE":null,"LOAN_DEPOSIT":null,"LOAN_EQUITY":null,"LOAN_ASSETS":null,"DEPOSIT_EQUITY":null,"DEPOSIT_ASSETS":null,"EQUITY_MULTIPLIER":2.359286331472,"EQUITY_RATIO":1.868412983577},{"SECUCODE":"00270.HK","SECURITY_CODE":"00270","SECURITY_NAME_ABBR":"粤海投资","ORG_CODE":"10007527","STD_REPORT_DATE":"2023-12-31 00:00:00","REPORT_DATE":"2023-12-31 00:00:00","DATE_TYPE_CODE":"001","REPORT_TYPE":"2023年年报","PER_NETCASH_OPERATE":1.484610483011,"PER_OI":3.354393836226,"BPS":5.794284700776,"BASIC_EPS":0.43272005,"DILUTED_EPS":0.43272005,"OPERATE_INCOME":21930427940.68,"OPERATE_INCOME_YOY":4.3268050621,"GROSS_PROFIT":9130335056.92,"GROSS_PROFIT_YOY":4.052523186596,"HOLDER_PROFIT":2829281369.18,"HOLDER_PROFIT_YOY":-34.4585486773,"GROSS_PROFIT_RATIO":41.63318236022,"EPS_TTM":0.43275598686,"OPERATE_INCOME_QOQ":4.357864238945,"NET_PROFIT_RATIO":11.6275509306,"ROE_AVG":7.334753327736,"GROSS_PROFIT_QOQ":-1.319052207683,"ROA":2.283210649186,"HOLDER_PROFIT_QOQ":-30.355389514067,"ROE_YEARLY":7.334753327736,"ROIC_YEARLY":2.831285169292,"TOTAL_ASSETS":126839963145.84,"TOTAL_LIABILITIES":74252356378.34,"TAX_EBT":38.883114993196,"OCF_SALES":44.258681463646,"TOTAL_PARENT_EQUITY":37881998746.2,"DEBT_ASSET_RATIO":58.5401907544,"OPERATE_PROFIT":5165405064.12,"PRETAX_PROFIT":4172286722.1,"NETCASH_OPERATE":9706118245.88,"NETCASH_INVEST":-2268651084.84,"NETCASH_FINANCE":-4802109622.1,"END_CASH":10324971352.78,"DIVI_RATIO":0.763724436023,"DIVIDEND_RATE":6.247848537005,"CURRENT_RATIO":1.210475596476,"COMMON_ACS":null,"CURRENTDEBT_DEBT":55.733741705619,"ISSUED_COMMON_SHARES":6537821440,"HK_COMMON_SHARES":6537821440,"PER_SHARES":2000,"TOTAL_MARKET_CAP":37984742566.4,"HKSK_MARKET_CAP":37984742566.4,"PE_TTM":12.635698732563,"PB_TTM":0.880949702137,"REPORT_DATE_SQ":"2022-12-31 00:00:00","REPORT_TYPE_SQ":"2022年年报","OPERATE_INCOME_SQ":20720503518.26,"DPS_HKD":0.363,"OPERATE_INCOME_QOQ_SQ":-10.394775263851,"NET_PROFIT_RATIO_SQ":23.8150384558,"HOLDER_PROFIT_SQ":4255094324.81,"HOLDER_PROFIT_QOQ_SQ":4.708960031249,"ROE_AVG_SQ":10.64002258672,"PE_TTM_SQ":6.536474986397,"PB_TTM_SQ":0.681588030247,"ROA_SQ":3.614938619902,"START_DATE":"2023-01-01 00:00:00","FISCAL_YEAR":"12-31","CURRENCY":"HKD","IS_CNY_CODE":0,"DPS_HKD_LY":0.6133,"ORG_TYPE":"一般企业","PREMIUM_INCOME":null,"PREMIUM_INCOME_YOY":null,"NET_INTEREST_INCOME":null,"NET_INTEREST_INCOME_YOY":null,"FEE_COMMISSION_INCOME":null,"FEE_COMMISSION_INCOME_YOY":null,"ACCOUNTS_RECE_TDAYS":3.935829755426,"INVENTORY_TDAYS":0.409958068477,"CURRENT_ASSETS_TDAYS":0.450236604558,"TOTAL_ASSETS_TDAYS":0.176977048521,"PREMIUM_EXPENSE":null,"LOAN_DEPOSIT":null,"LOAN_EQUITY":null,"LOAN_ASSETS":null,"DEPOSIT_EQUITY":null,"DEPOSIT_ASSETS":null,"EQUITY_MULTIPLIER":2.411974435474,"EQUITY_RATIO":1.960096057122},{"SECUCODE":"00270.HK","SECURITY_CODE":"00270","SECURITY_NAME_ABBR":"粤海投资","ORG_CODE":"10007527","STD_REPORT_DATE":"2023-06-30 00:00:00","REPORT_DATE":"2023-06-30 00:00:00","DATE_TYPE_CODE":"002","REPORT_TYPE":"2023年中报","PER_NETCASH_OPERATE":0.613969285778,"PER_OI":1.603334997614,"BPS":5.870691711749,"BASIC_EPS":0.35634527,"DILUTED_EPS":0.35634527,"OPERATE_INCOME":10482317922.9,"OPERATE_INCOME_YOY":-4.5663119611,"GROSS_PROFIT":5035328309.42,"GROSS_PROFIT_YOY":10.479921447183,"HOLDER_PROFIT":2329759559.82,"HOLDER_PROFIT_YOY":-14.3280698745,"GROSS_PROFIT_RATIO":48.036401361379,"EPS_TTM":0.62137756797,"OPERATE_INCOME_QOQ":1.419535992457,"NET_PROFIT_RATIO":25.0773680653,"ROE_AVG":5.948600055319,"GROSS_PROFIT_QOQ":5.443376370466,"ROA":1.825468515294,"HOLDER_PROFIT_QOQ":-4.527249548307,"ROE_YEARLY":11.897200110638,"ROIC_YEARLY":4.562877314292,"TOTAL_ASSETS":132152778685.18,"TOTAL_LIABILITIES":78444412214.94,"TAX_EBT":27.679321298383,"OCF_SALES":38.293262898379,"TOTAL_PARENT_EQUITY":38381534140.7,"DEBT_ASSET_RATIO":59.3588821933,"OPERATE_PROFIT":4076124288.9,"PRETAX_PROFIT":3634768774.98,"NETCASH_OPERATE":4014021560.06,"NETCASH_INVEST":-1355614853.4,"NETCASH_FINANCE":2144684060.56,"END_CASH":12618205372.28,"DIVI_RATIO":0.531892908654,"DIVIDEND_RATE":6.247848537005,"CURRENT_RATIO":1.378673218443,"COMMON_ACS":null,"CURRENTDEBT_DEBT":50.641336538174,"ISSUED_COMMON_SHARES":6537821440,"HK_COMMON_SHARES":6537821440,"PER_SHARES":2000,"TOTAL_MARKET_CAP":37984742566.4,"HKSK_MARKET_CAP":37984742566.4,"PE_TTM":12.635698732563,"PB_TTM":0.880949702137,"REPORT_DATE_SQ":"2022-06-30 00:00:00","REPORT_TYPE_SQ":"2022年中报","OPERATE_INCOME_SQ":10188182917.64,"DPS_HKD":0.363,"OPERATE_INCOME_QOQ_SQ":-4.820556045436,"NET_PROFIT_RATIO_SQ":28.4704746505,"HOLDER_PROFIT_SQ":2522398298.42,"HOLDER_PROFIT_QOQ_SQ":5.819916900531,"ROE_AVG_SQ":6.501011458197,"PE_TTM_SQ":6.536474986397,"PB_TTM_SQ":0.681588030247,"ROA_SQ":2.232636891882,"START_DATE":"2023-01-01 00:00:00","FISCAL_YEAR":"12-31","CURRENCY":"HKD","IS_CNY_CODE":0,"DPS_HKD_LY":0.6133,"ORG_TYPE":"一般企业","PREMIUM_INCOME":null,"PREMIUM_INCOME_YOY":null,"NET_INTEREST_INCOME":null,"NET_INTEREST_INCOME_YOY":null,"FEE_COMMISSION_INCOME":null,"FEE_COMMISSION_INCOME_YOY":null,"ACCOUNTS_RECE_TDAYS":4.162946683981,"INVENTORY_TDAYS":0.165289893441,"CURRENT_ASSETS_TDAYS":0.203708867388,"TOTAL_ASSETS_TDAYS":0.082133545734,"PREMIUM_EXPENSE":null,"LOAN_DEPOSIT":null,"LOAN_EQUITY":null,"LOAN_ASSETS":null,"DEPOSIT_EQUITY":null,"DEPOSIT_ASSETS":null,"EQUITY_MULTIPLIER":2.460562243283,"EQUITY_RATIO":2.043806063806},{"SECUCODE":"00270.HK","SECURITY_CODE":"00270","SECURITY_NAME_ABBR":"粤海投资","ORG_CODE":"10007527","STD_REPORT_DATE":"2022-12-31 00:00:00","REPORT_DATE":"2022-12-31 00:00:00","DATE_TYPE_CODE":"001","REPORT_TYPE":"2022年年报","PER_NETCASH_OPERATE":-0.191126197683,"PER_OI":3.169328454198,"BPS":5.920041774549,"BASIC_EPS":0.650836522,"DILUTED_EPS":0.650836522,"OPERATE_INCOME":20720503518.26,"OPERATE_INCOME_YOY":-21.9389064802,"GROSS_PROFIT":8774736813.01,"GROSS_PROFIT_YOY":-7.780560923755,"HOLDER_PROFIT":4255094324.81,"HOLDER_PROFIT_YOY":1.4166816764,"GROSS_PROFIT_RATIO":42.348086788901,"EPS_TTM":0.65084284786,"OPERATE_INCOME_QOQ":-10.394775263851,"NET_PROFIT_RATIO":23.8150384558,"ROE_AVG":10.64002258672,"GROSS_PROFIT_QOQ":-5.169613358564,"ROA":3.614938619902,"HOLDER_PROFIT_QOQ":4.708960031249,"ROE_YEARLY":10.64002258672,"ROIC_YEARLY":4.449016089294,"TOTAL_ASSETS":119264604607.4,"TOTAL_LIABILITIES":66999987010.81,"TAX_EBT":23.736259822203,"OCF_SALES":-6.030495117355,"TOTAL_PARENT_EQUITY":38704176039.34,"DEBT_ASSET_RATIO":56.1775953824,"OPERATE_PROFIT":7199288126.52,"PRETAX_PROFIT":6470435189.26,"NETCASH_OPERATE":-1249548952.96,"NETCASH_INVEST":-5176313849.84,"NETCASH_FINANCE":7120824182.99,"END_CASH":7873786477.55,"DIVI_RATIO":0.50781278935,"DIVIDEND_RATE":6.247848537005,"CURRENT_RATIO":1.464066926464,"COMMON_ACS":null,"CURRENTDEBT_DEBT":47.554346923977,"ISSUED_COMMON_SHARES":6537821440,"HK_COMMON_SHARES":6537821440,"PER_SHARES":2000,"TOTAL_MARKET_CAP":37984742566.4,"HKSK_MARKET_CAP":37984742566.4,"PE_TTM":12.635698732563,"PB_TTM":0.880949702137,"REPORT_DATE_SQ":"2021-12-31 00:00:00","REPORT_TYPE_SQ":"2021年年报","OPERATE_INCOME_SQ":24295386259.2,"DPS_HKD":0.363,"OPERATE_INCOME_QOQ_SQ":9.446095804016,"NET_PROFIT_RATIO_SQ":18.4670878073,"HOLDER_PROFIT_SQ":3840236131.2,"HOLDER_PROFIT_QOQ_SQ":-2.296737301789,"ROE_AVG_SQ":10.38708560567,"PE_TTM_SQ":6.536474986397,"PB_TTM_SQ":0.681588030247,"ROA_SQ":4.277132275711,"START_DATE":"2022-01-01 00:00:00","FISCAL_YEAR":"12-31","CURRENCY":"HKD","IS_CNY_CODE":0,"DPS_HKD_LY":0.6125,"ORG_TYPE":"一般企业","PREMIUM_INCOME":null,"PREMIUM_INCOME_YOY":null,"NET_INTEREST_INCOME":null,"NET_INTEREST_INCOME_YOY":null,"FEE_COMMISSION_INCOME":null,"FEE_COMMISSION_INCOME_YOY":null,"ACCOUNTS_RECE_TDAYS":4.309336837838,"INVENTORY_TDAYS":0.377378752553,"CURRENT_ASSETS_TDAYS":0.448734834559,"TOTAL_ASSETS_TDAYS":0.176032169147,"PREMIUM_EXPENSE":null,"LOAN_DEPOSIT":null,"LOAN_EQUITY":null,"LOAN_ASSETS":null,"DEPOSIT_EQUITY":null,"DEPOSIT_ASSETS":null,"EQUITY_MULTIPLIER":2.281937763859,"EQUITY_RATIO":1.73107901697},{"SECUCODE":"00270.HK","SECURITY_CODE":"00270","SECURITY_NAME_ABBR":"粤海投资","ORG_CODE":"10007527","STD_REPORT_DATE":"2022-06-30 00:00:00","REPORT_DATE":"2022-06-30 00:00:00","DATE_TYPE_CODE":"002","REPORT_TYPE":"2022年中报","PER_NETCASH_OPERATE":-0.731299246294,"PER_OI":1.558345239487,"BPS":5.824761899673,"BASIC_EPS":0.385776209,"DILUTED_EPS":0.385776209,"OPERATE_INCOME":10188182917.64,"OPERATE_INCOME_YOY":-12.7339121647,"GROSS_PROFIT":4557686359.17,"GROSS_PROFIT_YOY":-5.435576300581,"HOLDER_PROFIT":2522398298.42,"HOLDER_PROFIT_YOY":6.7569362629,"GROSS_PROFIT_RATIO":44.735026805209,"EPS_TTM":0.621573213664,"OPERATE_INCOME_QOQ":-4.820556045436,"NET_PROFIT_RATIO":28.4704746505,"ROE_AVG":6.501011458197,"GROSS_PROFIT_QOQ":-2.753281577416,"ROA":2.232636891882,"HOLDER_PROFIT_QOQ":5.819916900531,"ROE_YEARLY":13.002022916394,"ROIC_YEARLY":5.540075089301,"TOTAL_ASSETS":114755817532.09,"TOTAL_LIABILITIES":63467200648.88,"TAX_EBT":23.211998328308,"OCF_SALES":-46.927935335769,"TOTAL_PARENT_EQUITY":38081253230.58,"DEBT_ASSET_RATIO":55.3063034309,"OPERATE_PROFIT":4064425595.02,"PRETAX_PROFIT":3777444355.58,"NETCASH_OPERATE":-4781103891.48,"NETCASH_INVEST":-4363204180.51,"NETCASH_FINANCE":9304468055.19,"END_CASH":7456338325.94,"DIVI_RATIO":0.531725490634,"DIVIDEND_RATE":6.247848537005,"CURRENT_RATIO":1.638422734051,"COMMON_ACS":null,"CURRENTDEBT_DEBT":44.167305179206,"ISSUED_COMMON_SHARES":6537821440,"HK_COMMON_SHARES":6537821440,"PER_SHARES":2000,"TOTAL_MARKET_CAP":37984742566.4,"HKSK_MARKET_CAP":37984742566.4,"PE_TTM":12.635698732563,"PB_TTM":0.880949702137,"REPORT_DATE_SQ":"2021-06-30 00:00:00","REPORT_TYPE_SQ":"2021年中报","OPERATE_INCOME_SQ":11359355628.72,"DPS_HKD":0.363,"OPERATE_INCOME_QOQ_SQ":13.817454939012,"NET_PROFIT_RATIO_SQ":23.177760463,"HOLDER_PROFIT_SQ":2298899746.8,"HOLDER_PROFIT_QOQ_SQ":3.550296237173,"ROE_AVG_SQ":6.212226164125,"PE_TTM_SQ":6.536474986397,"PB_TTM_SQ":0.681588030247,"ROA_SQ":2.730759633878,"START_DATE":"2022-01-01 00:00:00","FISCAL_YEAR":"12-31","CURRENCY":"HKD","IS_CNY_CODE":0,"DPS_HKD_LY":0.6125,"ORG_TYPE":"一般企业","PREMIUM_INCOME":null,"PREMIUM_INCOME_YOY":null,"NET_INTEREST_INCOME":null,"NET_INTEREST_INCOME_YOY":null,"FEE_COMMISSION_INCOME":null,"FEE_COMMISSION_INCOME_YOY":null,"ACCOUNTS_RECE_TDAYS":null,"INVENTORY_TDAYS":0.186062426041,"CURRENT_ASSETS_TDAYS":0.227204173887,"TOTAL_ASSETS_TDAYS":0.090178117617,"PREMIUM_EXPENSE":null,"LOAN_DEPOSIT":null,"LOAN_EQUITY":null,"LOAN_ASSETS":null,"DEPOSIT_EQUITY":null,"DEPOSIT_ASSETS":null,"EQUITY_MULTIPLIER":2.237451982639,"EQUITY_RATIO":1.666625839874},{"SECUCODE":"00270.HK","SECURITY_CODE":"00270","SECURITY_NAME_ABBR":"粤海投资","ORG_CODE":"10007527","STD_REPORT_DATE":"2021-12-31 00:00:00","REPORT_DATE":"2021-12-31 00:00:00","DATE_TYPE_CODE":"001","REPORT_TYPE":"2021年年报","PER_NETCASH_OPERATE":-0.617688033768,"PER_OI":3.716128756676,"BPS":5.778968886125,"BASIC_EPS":0.58736384,"DILUTED_EPS":0.58736384,"OPERATE_INCOME":24295386259.2,"OPERATE_INCOME_YOY":28.2314723802,"GROSS_PROFIT":9515062009.6,"GROSS_PROFIT_YOY":20.474716778411,"HOLDER_PROFIT":3840236131.2,"HOLDER_PROFIT_YOY":4.1467920666,"GROSS_PROFIT_RATIO":39.164069704786,"EPS_TTM":0.58738773557,"OPERATE_INCOME_QOQ":9.446095804016,"NET_PROFIT_RATIO":18.4670878073,"ROE_AVG":10.38708560567,"GROSS_PROFIT_QOQ":12.315969922406,"ROA":4.277132275711,"HOLDER_PROFIT_QOQ":-2.296737301789,"ROE_YEARLY":10.38708560567,"ROIC_YEARLY":5.453769642228,"TOTAL_ASSETS":106313200884.8,"TOTAL_LIABILITIES":55699773449.6,"TAX_EBT":35.110710331183,"OCF_SALES":-16.621814641333,"TOTAL_PARENT_EQUITY":37781866684.8,"DEBT_ASSET_RATIO":52.392151667,"OPERATE_PROFIT":7391162867.2,"PRETAX_PROFIT":6914315654.4,"NETCASH_OPERATE":-4038334070.4,"NETCASH_INVEST":-4782769499.2,"NETCASH_FINANCE":8344217929.6,"END_CASH":7222373435.2,"DIVI_RATIO":0.562671472327,"DIVIDEND_RATE":6.247848537005,"CURRENT_RATIO":1.373730168338,"COMMON_ACS":null,"CURRENTDEBT_DEBT":54.670505419477,"ISSUED_COMMON_SHARES":6537821440,"HK_COMMON_SHARES":6537821440,"PER_SHARES":2000,"TOTAL_MARKET_CAP":37984742566.4,"HKSK_MARKET_CAP":37984742566.4,"PE_TTM":12.635698732563,"PB_TTM":0.880949702137,"REPORT_DATE_SQ":"2020-12-31 00:00:00","REPORT_TYPE_SQ":"2020年年报","OPERATE_INCOME_SQ":19503594728.08,"DPS_HKD":0.363,"OPERATE_INCOME_QOQ_SQ":12.649304211656,"NET_PROFIT_RATIO_SQ":24.331276284,"HOLDER_PROFIT_SQ":3795749268.16,"HOLDER_PROFIT_QOQ_SQ":-11.867318663447,"ROE_AVG_SQ":10.563888514926,"PE_TTM_SQ":6.536474986397,"PB_TTM_SQ":0.681588030247,"ROA_SQ":5.432848091658,"START_DATE":"2021-01-01 00:00:00","FISCAL_YEAR":"12-31","CURRENCY":"HKD","IS_CNY_CODE":0,"DPS_HKD_LY":0.5947,"ORG_TYPE":"一般企业","PREMIUM_INCOME":null,"PREMIUM_INCOME_YOY":null,"NET_INTEREST_INCOME":null,"NET_INTEREST_INCOME_YOY":null,"FEE_COMMISSION_INCOME":null,"FEE_COMMISSION_INCOME_YOY":null,"ACCOUNTS_RECE_TDAYS":null,"INVENTORY_TDAYS":0.78865812197,"CURRENT_ASSETS_TDAYS":0.756946772583,"TOTAL_ASSETS_TDAYS":0.270594247775,"PREMIUM_EXPENSE":null,"LOAN_DEPOSIT":null,"LOAN_EQUITY":null,"LOAN_ASSETS":null,"DEPOSIT_EQUITY":null,"DEPOSIT_ASSETS":null,"EQUITY_MULTIPLIER":2.100494004697,"EQUITY_RATIO":1.474246201605},{"SECUCODE":"00270.HK","SECURITY_CODE":"00270","SECURITY_NAME_ABBR":"粤海投资","ORG_CODE":"10007527","STD_REPORT_DATE":"2021-06-30 00:00:00","REPORT_DATE":"2021-06-30 00:00:00","DATE_TYPE_CODE":"002","REPORT_TYPE":"2021年中报","PER_NETCASH_OPERATE":-0.238071487936,"PER_OI":1.737483308923,"BPS":5.69165760647,"BASIC_EPS":0.351637008,"DILUTED_EPS":0.351637008,"OPERATE_INCOME":11359355628.72,"OPERATE_INCOME_YOY":43.9220635406,"GROSS_PROFIT":4819662808.56,"GROSS_PROFIT_YOY":13.512110865043,"HOLDER_PROFIT":2298899746.8,"HOLDER_PROFIT_YOY":16.613744867,"GROSS_PROFIT_RATIO":42.429015923882,"EPS_TTM":0.601195619622,"OPERATE_INCOME_QOQ":13.817454939012,"NET_PROFIT_RATIO":23.177760463,"ROE_AVG":6.212226164125,"GROSS_PROFIT_QOQ":7.264102212394,"ROA":2.730759633878,"HOLDER_PROFIT_QOQ":3.550296237173,"ROE_YEARLY":12.42445232825,"ROIC_YEARLY":7.199828475928,"TOTAL_ASSETS":93815895027.84,"TOTAL_LIABILITIES":44022249141.6,"TAX_EBT":30.070378879043,"OCF_SALES":-13.702087767591,"TOTAL_PARENT_EQUITY":37211041128.72,"DEBT_ASSET_RATIO":46.9240837371,"OPERATE_PROFIT":3893734169.52,"PRETAX_PROFIT":3764991423.6,"NETCASH_OPERATE":-1556468878.08,"NETCASH_INVEST":-2895742410,"NETCASH_FINANCE":5769566168.64,"END_CASH":8997351766.8,"DIVI_RATIO":0.549748386736,"DIVIDEND_RATE":6.247848537005,"CURRENT_RATIO":1.419756491595,"COMMON_ACS":null,"CURRENTDEBT_DEBT":53.232596060921,"ISSUED_COMMON_SHARES":6537821440,"HK_COMMON_SHARES":6537821440,"PER_SHARES":2000,"TOTAL_MARKET_CAP":37984742566.4,"HKSK_MARKET_CAP":37984742566.4,"PE_TTM":12.635698732563,"PB_TTM":0.880949702137,"REPORT_DATE_SQ":"2020-06-30 00:00:00","REPORT_TYPE_SQ":"2020年中报","OPERATE_INCOME_SQ":8664455215.68,"DPS_HKD":0.363,"OPERATE_INCOME_QOQ_SQ":15.796916098556,"NET_PROFIT_RATIO_SQ":28.3875679167,"HOLDER_PROFIT_SQ":2164139403.36,"HOLDER_PROFIT_QOQ_SQ":-4.68697838278,"ROE_AVG_SQ":5.827464623961,"PE_TTM_SQ":6.536474986397,"PB_TTM_SQ":0.681588030247,"ROA_SQ":3.049937413513,"START_DATE":"2021-01-01 00:00:00","FISCAL_YEAR":"12-31","CURRENCY":"HKD","IS_CNY_CODE":0,"DPS_HKD_LY":0.5947,"ORG_TYPE":"一般企业","PREMIUM_INCOME":null,"PREMIUM_INCOME_YOY":null,"NET_INTEREST_INCOME":null,"NET_INTEREST_INCOME_YOY":null,"FEE_COMMISSION_INCOME":null,"FEE_COMMISSION_INCOME_YOY":null,"ACCOUNTS_RECE_TDAYS":null,"INVENTORY_TDAYS":0.488331875588,"CURRENT_ASSETS_TDAYS":0.4054882069,"TOTAL_ASSETS_TDAYS":0.134932677517,"PREMIUM_EXPENSE":null,"LOAN_DEPOSIT":null,"LOAN_EQUITY":null,"LOAN_ASSETS":null,"DEPOSIT_EQUITY":null,"DEPOSIT_ASSETS":null,"EQUITY_MULTIPLIER":1.884093710312,"EQUITY_RATIO":1.183042661701},{"SECUCODE":"00270.HK","SECURITY_CODE":"00270","SECURITY_NAME_ABBR":"粤海投资","ORG_CODE":"10007527","STD_REPORT_DATE":"2020-12-31 00:00:00","REPORT_DATE":"2020-12-31 00:00:00","DATE_TYPE_CODE":"001","REPORT_TYPE":"2020年年报","PER_NETCASH_OPERATE":0.439334433276,"PER_OI":2.983194770165,"BPS":5.69362198866,"BASIC_EPS":0.580563272,"DILUTED_EPS":0.580563272,"OPERATE_INCOME":19503594728.08,"OPERATE_INCOME_YOY":38.8354911858,"GROSS_PROFIT":7897974167.56,"GROSS_PROFIT_YOY":0.668371345135,"HOLDER_PROFIT":3795749268.16,"HOLDER_PROFIT_YOY":-10.5945043682,"GROSS_PROFIT_RATIO":40.494966582694,"EPS_TTM":0.580583196252,"OPERATE_INCOME_QOQ":12.649304211656,"NET_PROFIT_RATIO":24.331276284,"ROE_AVG":10.563888514926,"GROSS_PROFIT_QOQ":-5.418397909405,"ROA":5.432848091658,"HOLDER_PROFIT_QOQ":-11.867318663447,"ROE_YEARLY":10.563888514926,"ROIC_YEARLY":7.390564516271,"TOTAL_ASSETS":75411400168.88,"TOTAL_LIABILITIES":28316625152.84,"TAX_EBT":31.249906264255,"OCF_SALES":14.726977858418,"TOTAL_PARENT_EQUITY":37223883908.72,"DEBT_ASSET_RATIO":37.5495284392,"OPERATE_PROFIT":6966142341.88,"PRETAX_PROFIT":6902497525.08,"NETCASH_OPERATE":2872290077.2,"NETCASH_INVEST":-1880335698.12,"NETCASH_FINANCE":-1231703107.84,"END_CASH":7741193468.36,"DIVI_RATIO":0.569266083024,"DIVIDEND_RATE":6.247848537005,"CURRENT_RATIO":1.383612754512,"COMMON_ACS":null,"CURRENTDEBT_DEBT":58.752207376279,"ISSUED_COMMON_SHARES":6537821440,"HK_COMMON_SHARES":6537821440,"PER_SHARES":2000,"TOTAL_MARKET_CAP":37984742566.4,"HKSK_MARKET_CAP":37984742566.4,"PE_TTM":12.635698732563,"PB_TTM":0.880949702137,"REPORT_DATE_SQ":"2019-12-31 00:00:00","REPORT_TYPE_SQ":"2019年年报","OPERATE_INCOME_SQ":14951651198.02,"DPS_HKD":0.363,"OPERATE_INCOME_QOQ_SQ":19.966882678568,"NET_PROFIT_RATIO_SQ":33.8284842039,"HOLDER_PROFIT_SQ":4518645758.6,"HOLDER_PROFIT_QOQ_SQ":0.024598482571,"ROE_AVG_SQ":12.374476291283,"PE_TTM_SQ":6.536474986397,"PB_TTM_SQ":0.681588030247,"ROA_SQ":6.743497417212,"START_DATE":"2020-01-01 00:00:00","FISCAL_YEAR":"12-31","CURRENCY":"HKD","IS_CNY_CODE":0,"DPS_HKD_LY":0.5814,"ORG_TYPE":"一般企业","PREMIUM_INCOME":null,"PREMIUM_INCOME_YOY":null,"NET_INTEREST_INCOME":null,"NET_INTEREST_INCOME_YOY":null,"FEE_COMMISSION_INCOME":null,"FEE_COMMISSION_INCOME_YOY":null,"ACCOUNTS_RECE_TDAYS":null,"INVENTORY_TDAYS":1.282770632665,"CURRENT_ASSETS_TDAYS":0.868360277309,"TOTAL_ASSETS_TDAYS":0.279154548715,"PREMIUM_EXPENSE":null,"LOAN_DEPOSIT":null,"LOAN_EQUITY":null,"LOAN_ASSETS":null,"DEPOSIT_EQUITY":null,"DEPOSIT_ASSETS":null,"EQUITY_MULTIPLIER":1.601268933616,"EQUITY_RATIO":0.760711193444},{"SECUCODE":"00270.HK","SECURITY_CODE":"00270","SECURITY_NAME_ABBR":"粤海投资","ORG_CODE":"10007527","STD_REPORT_DATE":"2020-06-30 00:00:00","REPORT_DATE":"2020-06-30 00:00:00","DATE_TYPE_CODE":"002","REPORT_TYPE":"2020年中报","PER_NETCASH_OPERATE":0.313701579075,"PER_OI":1.325281715813,"BPS":5.610418996968,"BASIC_EPS":0.331030656,"DILUTED_EPS":0.331030656,"OPERATE_INCOME":8664455215.68,"OPERATE_INCOME_YOY":32.3912877509,"GROSS_PROFIT":4245945892.32,"GROSS_PROFIT_YOY":13.496136467076,"HOLDER_PROFIT":2164139403.36,"HOLDER_PROFIT_YOY":-12.2823691271,"GROSS_PROFIT_RATIO":49.004187645129,"EPS_TTM":0.658760391091,"OPERATE_INCOME_QOQ":15.796916098556,"NET_PROFIT_RATIO":28.3875679167,"ROE_AVG":5.827464623961,"GROSS_PROFIT_QOQ":6.435468547794,"ROA":3.049937413513,"HOLDER_PROFIT_QOQ":-4.68697838278,"ROE_YEARLY":11.654929247923,"ROIC_YEARLY":8.663803353573,"TOTAL_ASSETS":72104502840.48,"TOTAL_LIABILITIES":26480264791.2,"TAX_EBT":29.247376641176,"OCF_SALES":23.670558141133,"TOTAL_PARENT_EQUITY":36679917605.76,"DEBT_ASSET_RATIO":36.7248420668,"OPERATE_PROFIT":3492656587.2,"PRETAX_PROFIT":3476377259.52,"NETCASH_OPERATE":2050924909.44,"NETCASH_INVEST":-2727397564.32,"NETCASH_FINANCE":1279824437.76,"END_CASH":8633461283.04,"DIVI_RATIO":0.501709462909,"DIVIDEND_RATE":6.247848537005,"CURRENT_RATIO":1.861434168421,"COMMON_ACS":null,"CURRENTDEBT_DEBT":50.952550060617,"ISSUED_COMMON_SHARES":6537821440,"HK_COMMON_SHARES":6537821440,"PER_SHARES":2000,"TOTAL_MARKET_CAP":37984742566.4,"HKSK_MARKET_CAP":37984742566.4,"PE_TTM":12.635698732563,"PB_TTM":0.880949702137,"REPORT_DATE_SQ":"2019-06-30 00:00:00","REPORT_TYPE_SQ":"2019年中报","OPERATE_INCOME_SQ":6302555420.58,"DPS_HKD":0.363,"OPERATE_INCOME_QOQ_SQ":6.439068795858,"NET_PROFIT_RATIO_SQ":41.4577286087,"HOLDER_PROFIT_SQ":2375927353.26,"HOLDER_PROFIT_QOQ_SQ":2.805651078478,"ROE_AVG_SQ":6.686773738207,"PE_TTM_SQ":6.536474986397,"PB_TTM_SQ":0.681588030247,"ROA_SQ":3.576805018141,"START_DATE":"2020-01-01 00:00:00","FISCAL_YEAR":"12-31","CURRENCY":"HKD","IS_CNY_CODE":0,"DPS_HKD_LY":0.5814,"ORG_TYPE":"一般企业","PREMIUM_INCOME":null,"PREMIUM_INCOME_YOY":null,"NET_INTEREST_INCOME":null,"NET_INTEREST_INCOME_YOY":null,"FEE_COMMISSION_INCOME":null,"FEE_COMMISSION_INCOME_YOY":null,"ACCOUNTS_RECE_TDAYS":null,"INVENTORY_TDAYS":0.473695054669,"CURRENT_ASSETS_TDAYS":0.354479993761,"TOTAL_ASSETS_TDAYS":0.122108798024,"PREMIUM_EXPENSE":null,"LOAN_DEPOSIT":null,"LOAN_EQUITY":null,"LOAN_ASSETS":null,"DEPOSIT_EQUITY":null,"DEPOSIT_ASSETS":null,"EQUITY_MULTIPLIER":1.58039905812,"EQUITY_RATIO":0.721928142691}],"count":54},"success":true,"message":"ok","code":0}