{"version":"4a44ffc6cf7ba86037898ca9d6a0c7c0","result":{"pages":6,"data":[{"SECUCODE":"00271.HK","SECURITY_CODE":"00271","SECURITY_NAME_ABBR":"亚证地产","ORG_CODE":"10007528","STD_REPORT_DATE":"2024-06-30 00:00:00","REPORT_DATE":"2024-06-30 00:00:00","DATE_TYPE_CODE":"002","REPORT_TYPE":"2024年中报","PER_NETCASH_OPERATE":0.002189986596,"PER_OI":0.017811940026,"BPS":1.326316793333,"BASIC_EPS":-0.012503716,"DILUTED_EPS":null,"OPERATE_INCOME":22098720.84,"OPERATE_INCOME_YOY":6.2532912059,"GROSS_PROFIT":22098720.84,"GROSS_PROFIT_YOY":5.181515670404,"HOLDER_PROFIT":-15549329.16,"HOLDER_PROFIT_YOY":-217.4398566209,"GROSS_PROFIT_RATIO":null,"EPS_TTM":0.17024920436,"OPERATE_INCOME_QOQ":2.562277877787,"NET_PROFIT_RATIO":-70.3630281254,"ROE_AVG":-0.939789640911,"GROSS_PROFIT_QOQ":2.562277877787,"ROA":-0.659950436897,"HOLDER_PROFIT_QOQ":-12.044475088702,"ROE_YEARLY":-1.879579281822,"ROIC_YEARLY":-1.385195434148,"TOTAL_ASSETS":2335682283.96,"TOTAL_LIABILITIES":690162227.24,"TAX_EBT":-8.185166370333,"OCF_SALES":12.295048114649,"TOTAL_PARENT_EQUITY":1645520056.72,"DEBT_ASSET_RATIO":29.5486347599,"OPERATE_PROFIT":1752345.6,"PRETAX_PROFIT":-14372884.64,"NETCASH_OPERATE":2717048.36,"NETCASH_INVEST":12083883.2,"NETCASH_FINANCE":-30844933.28,"END_CASH":103024231.08,"DIVI_RATIO":null,"DIVIDEND_RATE":null,"CURRENT_RATIO":8.345180533752,"COMMON_ACS":null,"CURRENTDEBT_DEBT":4.211887705916,"ISSUED_COMMON_SHARES":1240668945,"HK_COMMON_SHARES":1240668945,"PER_SHARES":1000,"TOTAL_MARKET_CAP":179896997.025,"HKSK_MARKET_CAP":179896997.025,"PE_TTM":0.770585324902,"PB_TTM":0.099779027654,"REPORT_DATE_SQ":"2023-06-30 00:00:00","REPORT_TYPE_SQ":"2023年中报","OPERATE_INCOME_SQ":21010080.24,"DPS_HKD":null,"OPERATE_INCOME_QOQ_SQ":19.401677604582,"NET_PROFIT_RATIO_SQ":63.6606986133,"HOLDER_PROFIT_SQ":13375163.86,"HOLDER_PROFIT_QOQ_SQ":43.803589679527,"ROE_AVG_SQ":0.930172316233,"PE_TTM_SQ":-8.641077639398,"PB_TTM_SQ":0.137138491603,"ROA_SQ":0.830104402494,"START_DATE":"2024-01-01 00:00:00","FISCAL_YEAR":"12-31","CURRENCY":"HKD","IS_CNY_CODE":0,"DPS_HKD_LY":null,"ORG_TYPE":"一般企业","PREMIUM_INCOME":null,"PREMIUM_INCOME_YOY":null,"NET_INTEREST_INCOME":null,"NET_INTEREST_INCOME_YOY":null,"FEE_COMMISSION_INCOME":null,"FEE_COMMISSION_INCOME_YOY":null,"ACCOUNTS_RECE_TDAYS":null,"INVENTORY_TDAYS":null,"CURRENT_ASSETS_TDAYS":0.085858505268,"TOTAL_ASSETS_TDAYS":0.009379221652,"PREMIUM_EXPENSE":null,"LOAN_DEPOSIT":null,"LOAN_EQUITY":null,"LOAN_ASSETS":null,"DEPOSIT_EQUITY":null,"DEPOSIT_ASSETS":null,"EQUITY_MULTIPLIER":1.419418909189,"EQUITY_RATIO":0.41941890919},{"SECUCODE":"00271.HK","SECURITY_CODE":"00271","SECURITY_NAME_ABBR":"亚证地产","ORG_CODE":"10007528","STD_REPORT_DATE":"2023-12-31 00:00:00","REPORT_DATE":"2023-12-31 00:00:00","DATE_TYPE_CODE":"001","REPORT_TYPE":"2023年年报","PER_NETCASH_OPERATE":0.023276566127,"PER_OI":0.034245411438,"BPS":1.331389342723,"BASIC_EPS":0.193568592,"DILUTED_EPS":null,"OPERATE_INCOME":42487218.48,"OPERATE_INCOME_YOY":22.1605565544,"GROSS_PROFIT":42487218.48,"GROSS_PROFIT_YOY":23.931554357246,"HOLDER_PROFIT":240147393.78,"HOLDER_PROFIT_YOY":706.3911580971,"GROSS_PROFIT_RATIO":null,"EPS_TTM":0.193562831364,"OPERATE_INCOME_QOQ":3.793813322846,"NET_PROFIT_RATIO":565.222677246,"ROE_AVG":15.695013349696,"GROSS_PROFIT_QOQ":3.793813322846,"ROA":12.197652426352,"HOLDER_PROFIT_QOQ":1194.70015428479,"ROE_YEARLY":15.695013349696,"ROIC_YEARLY":13.0319290844,"TOTAL_ASSETS":2359767880.96,"TOTAL_LIABILITIES":707954469.74,"TAX_EBT":1.526530339233,"OCF_SALES":67.969883115775,"TOTAL_PARENT_EQUITY":1651813411.22,"DEBT_ASSET_RATIO":30.0010215179,"OPERATE_PROFIT":260373317.96,"PRETAX_PROFIT":243870145.54,"NETCASH_OPERATE":28878512.74,"NETCASH_INVEST":-30535082.9,"NETCASH_FINANCE":-13857916.24,"END_CASH":118257178.9,"DIVI_RATIO":null,"DIVIDEND_RATE":null,"CURRENT_RATIO":8.251763924629,"COMMON_ACS":null,"CURRENTDEBT_DEBT":4.626243412522,"ISSUED_COMMON_SHARES":1240668945,"HK_COMMON_SHARES":1240668945,"PER_SHARES":1000,"TOTAL_MARKET_CAP":184859672.805,"HKSK_MARKET_CAP":184859672.805,"PE_TTM":0.791842851106,"PB_TTM":0.102531552555,"REPORT_DATE_SQ":"2022-12-31 00:00:00","REPORT_TYPE_SQ":"2022年年报","OPERATE_INCOME_SQ":34282809.33,"DPS_HKD":null,"OPERATE_INCOME_QOQ_SQ":12.633047356732,"NET_PROFIT_RATIO_SQ":-113.8669584929,"HOLDER_PROFIT_SQ":-39036792.27,"HOLDER_PROFIT_QOQ_SQ":96.854596738203,"ROE_AVG_SQ":-2.766301021103,"PE_TTM_SQ":-8.74097449072,"PB_TTM_SQ":0.138723907691,"ROA_SQ":-2.474267078846,"START_DATE":"2023-01-01 00:00:00","FISCAL_YEAR":"12-31","CURRENCY":"HKD","IS_CNY_CODE":0,"DPS_HKD_LY":null,"ORG_TYPE":"一般企业","PREMIUM_INCOME":null,"PREMIUM_INCOME_YOY":null,"NET_INTEREST_INCOME":null,"NET_INTEREST_INCOME_YOY":null,"FEE_COMMISSION_INCOME":null,"FEE_COMMISSION_INCOME_YOY":null,"ACCOUNTS_RECE_TDAYS":null,"INVENTORY_TDAYS":null,"CURRENT_ASSETS_TDAYS":0.159936140164,"TOTAL_ASSETS_TDAYS":0.021580260165,"PREMIUM_EXPENSE":null,"LOAN_DEPOSIT":null,"LOAN_EQUITY":null,"LOAN_ASSETS":null,"DEPOSIT_EQUITY":null,"DEPOSIT_ASSETS":null,"EQUITY_MULTIPLIER":1.42859227618,"EQUITY_RATIO":0.42859227618},{"SECUCODE":"00271.HK","SECURITY_CODE":"00271","SECURITY_NAME_ABBR":"亚证地产","ORG_CODE":"10007528","STD_REPORT_DATE":"2023-06-30 00:00:00","REPORT_DATE":"2023-06-30 00:00:00","DATE_TYPE_CODE":"002","REPORT_TYPE":"2023年中报","PER_NETCASH_OPERATE":0.01178903589,"PER_OI":0.016934477424,"BPS":1.163076377285,"BASIC_EPS":0.010787166,"DILUTED_EPS":null,"OPERATE_INCOME":21010080.24,"OPERATE_INCOME_YOY":35.7236450268,"GROSS_PROFIT":21010080.24,"GROSS_PROFIT_YOY":46.323607902116,"HOLDER_PROFIT":13375163.86,"HOLDER_PROFIT_YOY":433.1113662457,"GROSS_PROFIT_RATIO":null,"EPS_TTM":-0.017681812742,"OPERATE_INCOME_QOQ":19.401677604582,"NET_PROFIT_RATIO":63.6606986133,"ROE_AVG":0.930172316233,"GROSS_PROFIT_QOQ":19.401677604582,"ROA":0.830104402494,"HOLDER_PROFIT_QOQ":43.803589679527,"ROE_YEARLY":1.860344632466,"ROIC_YEARLY":1.84794308534,"TOTAL_ASSETS":1617253415.82,"TOTAL_LIABILITIES":174260673.86,"TAX_EBT":17.928264313193,"OCF_SALES":69.615587151132,"TOTAL_PARENT_EQUITY":1442992741.96,"DEBT_ASSET_RATIO":10.775100065,"OPERATE_PROFIT":16296918.48,"PRETAX_PROFIT":16296918.48,"NETCASH_OPERATE":14626290.72,"NETCASH_INVEST":77769934.98,"NETCASH_FINANCE":null,"END_CASH":228348630.56,"DIVI_RATIO":null,"DIVIDEND_RATE":null,"CURRENT_RATIO":14.745731903732,"COMMON_ACS":null,"CURRENTDEBT_DEBT":22.994915532229,"ISSUED_COMMON_SHARES":1240668945,"HK_COMMON_SHARES":1240668945,"PER_SHARES":1000,"TOTAL_MARKET_CAP":184859672.805,"HKSK_MARKET_CAP":184859672.805,"PE_TTM":0.791842851106,"PB_TTM":0.102531552555,"REPORT_DATE_SQ":"2022-06-30 00:00:00","REPORT_TYPE_SQ":"2022年中报","OPERATE_INCOME_SQ":14358640.1,"DPS_HKD":null,"OPERATE_INCOME_QOQ_SQ":-2.45768914464,"NET_PROFIT_RATIO_SQ":-25.9380583681,"HOLDER_PROFIT_SQ":-3724352.45,"HOLDER_PROFIT_QOQ_SQ":2.885633490993,"ROE_AVG_SQ":-0.271850235801,"PE_TTM_SQ":-8.74097449072,"PB_TTM_SQ":0.138723907691,"ROA_SQ":-0.243500139782,"START_DATE":"2023-01-01 00:00:00","FISCAL_YEAR":"12-31","CURRENCY":"HKD","IS_CNY_CODE":0,"DPS_HKD_LY":null,"ORG_TYPE":"一般企业","PREMIUM_INCOME":null,"PREMIUM_INCOME_YOY":null,"NET_INTEREST_INCOME":null,"NET_INTEREST_INCOME_YOY":null,"FEE_COMMISSION_INCOME":null,"FEE_COMMISSION_INCOME_YOY":null,"ACCOUNTS_RECE_TDAYS":null,"INVENTORY_TDAYS":null,"CURRENT_ASSETS_TDAYS":0.049062583429,"TOTAL_ASSETS_TDAYS":0.013039511356,"PREMIUM_EXPENSE":null,"LOAN_DEPOSIT":null,"LOAN_EQUITY":null,"LOAN_ASSETS":null,"DEPOSIT_EQUITY":null,"DEPOSIT_ASSETS":null,"EQUITY_MULTIPLIER":1.120763375166,"EQUITY_RATIO":0.120763375167},{"SECUCODE":"00271.HK","SECURITY_CODE":"00271","SECURITY_NAME_ABBR":"亚证地产","ORG_CODE":"10007528","STD_REPORT_DATE":"2022-12-31 00:00:00","REPORT_DATE":"2022-12-31 00:00:00","DATE_TYPE_CODE":"001","REPORT_TYPE":"2022年年报","PER_NETCASH_OPERATE":0.012667514927,"PER_OI":0.027632519914,"BPS":1.118941018831,"BASIC_EPS":-0.031443104,"DILUTED_EPS":null,"OPERATE_INCOME":34282809.33,"OPERATE_INCOME_YOY":0.5580883509,"GROSS_PROFIT":34282809.33,"GROSS_PROFIT_YOY":9.864877178569,"HOLDER_PROFIT":-39036792.27,"HOLDER_PROFIT_YOY":97.2041237272,"GROSS_PROFIT_RATIO":null,"EPS_TTM":-0.031464309982,"OPERATE_INCOME_QOQ":12.633047356732,"NET_PROFIT_RATIO":-113.8669584929,"ROE_AVG":-2.766301021103,"GROSS_PROFIT_QOQ":12.633047356732,"ROA":-2.474267078846,"HOLDER_PROFIT_QOQ":96.854596738203,"ROE_YEARLY":-2.766301021103,"ROIC_YEARLY":-2.677003625511,"TOTAL_ASSETS":1555284902.78,"TOTAL_LIABILITIES":167049529.43,"TAX_EBT":1.320959219618,"OCF_SALES":45.842778602882,"TOTAL_PARENT_EQUITY":1388235373.35,"DEBT_ASSET_RATIO":10.7407671181,"OPERATE_PROFIT":-39559355.22,"PRETAX_PROFIT":-39559355.22,"NETCASH_OPERATE":15716192.38,"NETCASH_INVEST":13476764.49,"NETCASH_FINANCE":0,"END_CASH":131907394.36,"DIVI_RATIO":null,"DIVIDEND_RATE":null,"CURRENT_RATIO":11.092340867958,"COMMON_ACS":null,"CURRENTDEBT_DEBT":13.8864974413,"ISSUED_COMMON_SHARES":1240668945,"HK_COMMON_SHARES":1240668945,"PER_SHARES":1000,"TOTAL_MARKET_CAP":184859672.805,"HKSK_MARKET_CAP":184859672.805,"PE_TTM":0.791842851106,"PB_TTM":0.102531552555,"REPORT_DATE_SQ":"2021-12-31 00:00:00","REPORT_TYPE_SQ":"2021年年报","OPERATE_INCOME_SQ":31204521.6,"DPS_HKD":null,"OPERATE_INCOME_QOQ_SQ":-3.868745375024,"NET_PROFIT_RATIO_SQ":-4095.4042865378,"HOLDER_PROFIT_SQ":-1277951315.2,"HOLDER_PROFIT_QOQ_SQ":-1254.11149179713,"ROE_AVG_SQ":-52.527733249991,"PE_TTM_SQ":-8.74097449072,"PB_TTM_SQ":0.138723907691,"ROA_SQ":-49.340102035598,"START_DATE":"2022-01-01 00:00:00","FISCAL_YEAR":"12-31","CURRENCY":"HKD","IS_CNY_CODE":0,"DPS_HKD_LY":null,"ORG_TYPE":"一般企业","PREMIUM_INCOME":null,"PREMIUM_INCOME_YOY":null,"NET_INTEREST_INCOME":null,"NET_INTEREST_INCOME_YOY":null,"FEE_COMMISSION_INCOME":null,"FEE_COMMISSION_INCOME_YOY":null,"ACCOUNTS_RECE_TDAYS":null,"INVENTORY_TDAYS":null,"CURRENT_ASSETS_TDAYS":0.137777658114,"TOTAL_ASSETS_TDAYS":0.021729456127,"PREMIUM_EXPENSE":null,"LOAN_DEPOSIT":null,"LOAN_EQUITY":null,"LOAN_ASSETS":null,"DEPOSIT_EQUITY":null,"DEPOSIT_ASSETS":null,"EQUITY_MULTIPLIER":1.120332281281,"EQUITY_RATIO":0.120332281281},{"SECUCODE":"00271.HK","SECURITY_CODE":"00271","SECURITY_NAME_ABBR":"亚证地产","ORG_CODE":"10007528","STD_REPORT_DATE":"2022-06-30 00:00:00","REPORT_DATE":"2022-06-30 00:00:00","DATE_TYPE_CODE":"002","REPORT_TYPE":"2022年中报","PER_NETCASH_OPERATE":0.003909006113,"PER_OI":0.011573304996,"BPS":1.101875826601,"BASIC_EPS":-0.002993165,"DILUTED_EPS":null,"OPERATE_INCOME":14358640.1,"OPERATE_INCOME_YOY":-7.6356034767,"GROSS_PROFIT":14358640.1,"GROSS_PROFIT_YOY":-5.070295809615,"HOLDER_PROFIT":-3724352.45,"HOLDER_PROFIT_YOY":91.0749052157,"GROSS_PROFIT_RATIO":null,"EPS_TTM":-1.00032674232,"OPERATE_INCOME_QOQ":-2.45768914464,"NET_PROFIT_RATIO":-25.9380583681,"ROE_AVG":-0.271850235801,"GROSS_PROFIT_QOQ":-2.45768914464,"ROA":-0.243500139782,"HOLDER_PROFIT_QOQ":2.885633490993,"ROE_YEARLY":-0.543700471602,"ROIC_YEARLY":-0.523432152436,"TOTAL_ASSETS":1527090548.06,"TOTAL_LIABILITIES":160027428.75,"TAX_EBT":-29.806259314456,"OCF_SALES":33.776057176891,"TOTAL_PARENT_EQUITY":1367063119.31,"DEBT_ASSET_RATIO":10.4792364116,"OPERATE_PROFIT":-2869162.45,"PRETAX_PROFIT":-2869162.45,"NETCASH_OPERATE":4849782.49,"NETCASH_INVEST":2913632.33,"NETCASH_FINANCE":null,"END_CASH":110416146.47,"DIVI_RATIO":null,"DIVIDEND_RATE":null,"CURRENT_RATIO":13.025231830925,"COMMON_ACS":null,"CURRENTDEBT_DEBT":12.390113560454,"ISSUED_COMMON_SHARES":1240668945,"HK_COMMON_SHARES":1240668945,"PER_SHARES":1000,"TOTAL_MARKET_CAP":184859672.805,"HKSK_MARKET_CAP":184859672.805,"PE_TTM":0.791842851106,"PB_TTM":0.102531552555,"REPORT_DATE_SQ":"2021-06-30 00:00:00","REPORT_TYPE_SQ":"2021年中报","OPERATE_INCOME_SQ":15125550.24,"DPS_HKD":null,"OPERATE_INCOME_QOQ_SQ":-24.74693259714,"NET_PROFIT_RATIO_SQ":-268.4288700627,"HOLDER_PROFIT_SQ":-40601343.6,"HOLDER_PROFIT_QOQ_SQ":-97.940017163984,"ROE_AVG_SQ":-1.129397289076,"PE_TTM_SQ":-8.74097449072,"PB_TTM_SQ":0.138723907691,"ROA_SQ":-1.077142093353,"START_DATE":"2022-01-01 00:00:00","FISCAL_YEAR":"12-31","CURRENCY":"HKD","IS_CNY_CODE":0,"DPS_HKD_LY":null,"ORG_TYPE":"一般企业","PREMIUM_INCOME":null,"PREMIUM_INCOME_YOY":null,"NET_INTEREST_INCOME":null,"NET_INTEREST_INCOME_YOY":null,"FEE_COMMISSION_INCOME":null,"FEE_COMMISSION_INCOME_YOY":null,"ACCOUNTS_RECE_TDAYS":null,"INVENTORY_TDAYS":null,"CURRENT_ASSETS_TDAYS":0.058804163573,"TOTAL_ASSETS_TDAYS":0.009387755102,"PREMIUM_EXPENSE":null,"LOAN_DEPOSIT":null,"LOAN_EQUITY":null,"LOAN_ASSETS":null,"DEPOSIT_EQUITY":null,"DEPOSIT_ASSETS":null,"EQUITY_MULTIPLIER":1.117059283138,"EQUITY_RATIO":0.117059283137},{"SECUCODE":"00271.HK","SECURITY_CODE":"00271","SECURITY_NAME_ABBR":"亚证地产","ORG_CODE":"10007528","STD_REPORT_DATE":"2021-12-31 00:00:00","REPORT_DATE":"2021-12-31 00:00:00","DATE_TYPE_CODE":"001","REPORT_TYPE":"2021年年报","PER_NETCASH_OPERATE":-0.007490186353,"PER_OI":0.025151368321,"BPS":1.05797135883,"BASIC_EPS":-1.03001248,"DILUTED_EPS":null,"OPERATE_INCOME":31204521.6,"OPERATE_INCOME_YOY":-25.5312091471,"GROSS_PROFIT":31204521.6,"GROSS_PROFIT_YOY":-27.658282161851,"HOLDER_PROFIT":-1277951315.2,"HOLDER_PROFIT_YOY":-2659.1385701677,"GROSS_PROFIT_RATIO":null,"EPS_TTM":-1.030050216337,"OPERATE_INCOME_QOQ":-3.868745375024,"NET_PROFIT_RATIO":-4095.4042865378,"ROE_AVG":-52.527733249991,"GROSS_PROFIT_QOQ":-3.868745375024,"ROA":-49.340102035598,"HOLDER_PROFIT_QOQ":-1254.11149179713,"ROE_YEARLY":-52.527733249991,"ROIC_YEARLY":-51.844240273309,"TOTAL_ASSETS":1464588137.6,"TOTAL_LIABILITIES":151995928,"TAX_EBT":0.107430468968,"OCF_SALES":-29.780432845989,"TOTAL_PARENT_EQUITY":1312592209.6,"DEBT_ASSET_RATIO":10.378066304,"OPERATE_PROFIT":-1278584137.6,"PRETAX_PROFIT":-1279325700.8,"NETCASH_OPERATE":-9292841.6,"NETCASH_INVEST":918622656,"NETCASH_FINANCE":-963651976,"END_CASH":97991812.8,"DIVI_RATIO":null,"DIVIDEND_RATE":null,"CURRENT_RATIO":12.121367752399,"COMMON_ACS":null,"CURRENTDEBT_DEBT":11.939969339179,"ISSUED_COMMON_SHARES":1240668945,"HK_COMMON_SHARES":1240668945,"PER_SHARES":1000,"TOTAL_MARKET_CAP":184859672.805,"HKSK_MARKET_CAP":184859672.805,"PE_TTM":0.791842851106,"PB_TTM":0.102531552555,"REPORT_DATE_SQ":"2020-12-31 00:00:00","REPORT_TYPE_SQ":"2020年年报","OPERATE_INCOME_SQ":43134891.64,"DPS_HKD":null,"OPERATE_INCOME_QOQ_SQ":-11.72157318229,"NET_PROFIT_RATIO_SQ":-110.5344285965,"HOLDER_PROFIT_SQ":-47678906,"HOLDER_PROFIT_QOQ_SQ":-2920.97841278386,"ROE_AVG_SQ":-1.290064295985,"PE_TTM_SQ":-8.74097449072,"PB_TTM_SQ":0.138723907691,"ROA_SQ":-1.231057951428,"START_DATE":"2021-01-01 00:00:00","FISCAL_YEAR":"12-31","CURRENCY":"HKD","IS_CNY_CODE":0,"DPS_HKD_LY":0.95,"ORG_TYPE":"一般企业","PREMIUM_INCOME":null,"PREMIUM_INCOME_YOY":null,"NET_INTEREST_INCOME":null,"NET_INTEREST_INCOME_YOY":null,"FEE_COMMISSION_INCOME":null,"FEE_COMMISSION_INCOME_YOY":null,"ACCOUNTS_RECE_TDAYS":null,"INVENTORY_TDAYS":null,"CURRENT_ASSETS_TDAYS":0.106775813037,"TOTAL_ASSETS_TDAYS":0.012047675537,"PREMIUM_EXPENSE":null,"LOAN_DEPOSIT":null,"LOAN_EQUITY":null,"LOAN_ASSETS":null,"DEPOSIT_EQUITY":null,"DEPOSIT_ASSETS":null,"EQUITY_MULTIPLIER":1.115798285933,"EQUITY_RATIO":0.115798285932},{"SECUCODE":"00271.HK","SECURITY_CODE":"00271","SECURITY_NAME_ABBR":"亚证地产","ORG_CODE":"10007528","STD_REPORT_DATE":"2021-06-30 00:00:00","REPORT_DATE":"2021-06-30 00:00:00","DATE_TYPE_CODE":"002","REPORT_TYPE":"2021年中报","PER_NETCASH_OPERATE":0.003176965923,"PER_OI":0.012191447445,"BPS":2.88051147588,"BASIC_EPS":-0.032700744,"DILUTED_EPS":null,"OPERATE_INCOME":15125550.24,"OPERATE_INCOME_YOY":-35.6417064967,"GROSS_PROFIT":15125550.24,"GROSS_PROFIT_YOY":-41.374092596991,"HOLDER_PROFIT":-40601343.6,"HOLDER_PROFIT_YOY":-831.2303311854,"GROSS_PROFIT_RATIO":null,"EPS_TTM":-0.076068346113,"OPERATE_INCOME_QOQ":-24.74693259714,"NET_PROFIT_RATIO":-268.4288700627,"ROE_AVG":-1.129397289076,"GROSS_PROFIT_QOQ":-24.74693259714,"ROA":-1.077142093353,"HOLDER_PROFIT_QOQ":-97.940017163984,"ROE_YEARLY":-2.258794578152,"ROIC_YEARLY":-2.264256270469,"TOTAL_ASSETS":3757327134.72,"TOTAL_LIABILITIES":183566000.88,"TAX_EBT":-2.534199079619,"OCF_SALES":26.058972384201,"TOTAL_PARENT_EQUITY":3573761133.84,"DEBT_ASSET_RATIO":4.8855474729,"OPERATE_PROFIT":-24204375.12,"PRETAX_PROFIT":-39597855.12,"NETCASH_OPERATE":3941562.96,"NETCASH_INVEST":31051561.44,"NETCASH_FINANCE":21277117.68,"END_CASH":211233492.96,"DIVI_RATIO":null,"DIVIDEND_RATE":null,"CURRENT_RATIO":8.149486316938,"COMMON_ACS":null,"CURRENTDEBT_DEBT":24.928494046081,"ISSUED_COMMON_SHARES":1240668945,"HK_COMMON_SHARES":1240668945,"PER_SHARES":1000,"TOTAL_MARKET_CAP":184859672.805,"HKSK_MARKET_CAP":184859672.805,"PE_TTM":0.791842851106,"PB_TTM":0.102531552555,"REPORT_DATE_SQ":"2020-06-30 00:00:00","REPORT_TYPE_SQ":"2020年中报","OPERATE_INCOME_SQ":25800112.8,"DPS_HKD":null,"OPERATE_INCOME_QOQ_SQ":-2.496714682742,"NET_PROFIT_RATIO_SQ":23.6254204284,"HOLDER_PROFIT_SQ":6095385.12,"HOLDER_PROFIT_QOQ_SQ":-96.747686912778,"ROE_AVG_SQ":0.150870671639,"PE_TTM_SQ":-8.74097449072,"PB_TTM_SQ":0.138723907691,"ROA_SQ":0.143653633072,"START_DATE":"2021-01-01 00:00:00","FISCAL_YEAR":"12-31","CURRENCY":"HKD","IS_CNY_CODE":0,"DPS_HKD_LY":0.95,"ORG_TYPE":"一般企业","PREMIUM_INCOME":null,"PREMIUM_INCOME_YOY":null,"NET_INTEREST_INCOME":null,"NET_INTEREST_INCOME_YOY":null,"FEE_COMMISSION_INCOME":null,"FEE_COMMISSION_INCOME_YOY":null,"ACCOUNTS_RECE_TDAYS":0.586831953255,"INVENTORY_TDAYS":null,"CURRENT_ASSETS_TDAYS":0.040666484714,"TOTAL_ASSETS_TDAYS":0.004012765442,"PREMIUM_EXPENSE":null,"LOAN_DEPOSIT":null,"LOAN_EQUITY":null,"LOAN_ASSETS":null,"DEPOSIT_EQUITY":null,"DEPOSIT_ASSETS":null,"EQUITY_MULTIPLIER":1.051364932911,"EQUITY_RATIO":0.051364932911},{"SECUCODE":"00271.HK","SECURITY_CODE":"00271","SECURITY_NAME_ABBR":"亚证地产","ORG_CODE":"10007528","STD_REPORT_DATE":"2020-12-31 00:00:00","REPORT_DATE":"2020-12-31 00:00:00","DATE_TYPE_CODE":"001","REPORT_TYPE":"2020年年报","PER_NETCASH_OPERATE":-0.007845418102,"PER_OI":0.034767446879,"BPS":2.948167020623,"BASIC_EPS":-0.038462948,"DILUTED_EPS":null,"OPERATE_INCOME":43134891.64,"OPERATE_INCOME_YOY":-8.3887458887,"GROSS_PROFIT":43134891.64,"GROSS_PROFIT_YOY":-13.925633626341,"HOLDER_PROFIT":-47678906,"HOLDER_PROFIT_YOY":-197.6488433826,"GROSS_PROFIT_RATIO":null,"EPS_TTM":-0.038429998746,"OPERATE_INCOME_QOQ":-11.72157318229,"NET_PROFIT_RATIO":-110.5344285965,"ROE_AVG":-1.290064295985,"GROSS_PROFIT_QOQ":-11.72157318229,"ROA":-1.231057951428,"HOLDER_PROFIT_QOQ":-2920.97841278386,"ROE_YEARLY":-1.290064295985,"ROIC_YEARLY":-1.287461961351,"TOTAL_ASSETS":3824834663.28,"TOTAL_LIABILITIES":167135396.12,"TAX_EBT":-5.322847528213,"OCF_SALES":-22.565413357788,"TOTAL_PARENT_EQUITY":3657699267.16,"DEBT_ASSET_RATIO":4.3697417231,"OPERATE_PROFIT":12828276.88,"PRETAX_PROFIT":-45269290.68,"NETCASH_OPERATE":-9733566.6,"NETCASH_INVEST":23242730.24,"NETCASH_FINANCE":-41019850.32,"END_CASH":156692327,"DIVI_RATIO":null,"DIVIDEND_RATE":null,"CURRENT_RATIO":14.048748975862,"COMMON_ACS":null,"CURRENTDEBT_DEBT":15.980219857692,"ISSUED_COMMON_SHARES":1240668945,"HK_COMMON_SHARES":1240668945,"PER_SHARES":1000,"TOTAL_MARKET_CAP":184859672.805,"HKSK_MARKET_CAP":184859672.805,"PE_TTM":0.791842851106,"PB_TTM":0.102531552555,"REPORT_DATE_SQ":"2019-12-31 00:00:00","REPORT_TYPE_SQ":"2019年年报","OPERATE_INCOME_SQ":50113516.32,"DPS_HKD":null,"OPERATE_INCOME_QOQ_SQ":-4.196789842981,"NET_PROFIT_RATIO_SQ":103.7001287001,"HOLDER_PROFIT_SQ":51967780.92,"HOLDER_PROFIT_QOQ_SQ":-41.784382689233,"ROE_AVG_SQ":1.297019731964,"PE_TTM_SQ":-8.74097449072,"PB_TTM_SQ":0.138723907691,"ROA_SQ":1.237784627096,"START_DATE":"2020-01-01 00:00:00","FISCAL_YEAR":"12-31","CURRENCY":"HKD","IS_CNY_CODE":0,"DPS_HKD_LY":0.025,"ORG_TYPE":"一般企业","PREMIUM_INCOME":null,"PREMIUM_INCOME_YOY":null,"NET_INTEREST_INCOME":null,"NET_INTEREST_INCOME_YOY":null,"FEE_COMMISSION_INCOME":null,"FEE_COMMISSION_INCOME_YOY":null,"ACCOUNTS_RECE_TDAYS":2.118203798227,"INVENTORY_TDAYS":null,"CURRENT_ASSETS_TDAYS":0.126337456168,"TOTAL_ASSETS_TDAYS":0.011137325873,"PREMIUM_EXPENSE":null,"LOAN_DEPOSIT":null,"LOAN_EQUITY":null,"LOAN_ASSETS":null,"DEPOSIT_EQUITY":null,"DEPOSIT_ASSETS":null,"EQUITY_MULTIPLIER":1.045694132818,"EQUITY_RATIO":0.045694132817},{"SECUCODE":"00271.HK","SECURITY_CODE":"00271","SECURITY_NAME_ABBR":"亚证地产","ORG_CODE":"10007528","STD_REPORT_DATE":"2020-06-30 00:00:00","REPORT_DATE":"2020-06-30 00:00:00","DATE_TYPE_CODE":"002","REPORT_TYPE":"2020年中报","PER_NETCASH_OPERATE":-0.00279037983,"PER_OI":0.02079532409,"BPS":3.24641035415,"BASIC_EPS":0.004932576,"DILUTED_EPS":null,"OPERATE_INCOME":25800112.8,"OPERATE_INCOME_YOY":-8.1523152966,"GROSS_PROFIT":25800112.8,"GROSS_PROFIT_YOY":-4.625253944132,"HOLDER_PROFIT":6095385.12,"HOLDER_PROFIT_YOY":-89.5872669111,"GROSS_PROFIT_RATIO":null,"EPS_TTM":0.001362293259,"OPERATE_INCOME_QOQ":-2.496714682742,"NET_PROFIT_RATIO":23.6254204284,"ROE_AVG":0.150870671639,"GROSS_PROFIT_QOQ":-2.496714682742,"ROA":0.143653633072,"HOLDER_PROFIT_QOQ":-96.747686912778,"ROE_YEARLY":0.301741343278,"ROIC_YEARLY":0.301733805038,"TOTAL_ASSETS":4230540726.72,"TOTAL_LIABILITIES":202820217.6,"TAX_EBT":23.867655447804,"OCF_SALES":-13.418304124624,"TOTAL_PARENT_EQUITY":4027720509.12,"DEBT_ASSET_RATIO":4.7941913505,"OPERATE_PROFIT":13888855.2,"PRETAX_PROFIT":8006301.6,"NETCASH_OPERATE":-3461937.6,"NETCASH_INVEST":38049343.2,"NETCASH_FINANCE":-24664706.88,"END_CASH":207499770.72,"DIVI_RATIO":null,"DIVIDEND_RATE":null,"CURRENT_RATIO":6.172432044157,"COMMON_ACS":null,"CURRENTDEBT_DEBT":23.825436858224,"ISSUED_COMMON_SHARES":1240668945,"HK_COMMON_SHARES":1240668945,"PER_SHARES":1000,"TOTAL_MARKET_CAP":184859672.805,"HKSK_MARKET_CAP":184859672.805,"PE_TTM":0.791842851106,"PB_TTM":0.102531552555,"REPORT_DATE_SQ":"2019-06-30 00:00:00","REPORT_TYPE_SQ":"2019年中报","OPERATE_INCOME_SQ":27051304.32,"DPS_HKD":null,"OPERATE_INCOME_QOQ_SQ":2.130940521793,"NET_PROFIT_RATIO_SQ":208.392950052,"HOLDER_PROFIT_SQ":56373011.1,"HOLDER_PROFIT_QOQ_SQ":-9.637877876456,"ROE_AVG_SQ":1.43075490098,"PE_TTM_SQ":-8.74097449072,"PB_TTM_SQ":0.138723907691,"ROA_SQ":1.366115559072,"START_DATE":"2020-01-01 00:00:00","FISCAL_YEAR":"12-31","CURRENCY":"HKD","IS_CNY_CODE":0,"DPS_HKD_LY":0.025,"ORG_TYPE":"一般企业","PREMIUM_INCOME":null,"PREMIUM_INCOME_YOY":null,"NET_INTEREST_INCOME":null,"NET_INTEREST_INCOME_YOY":null,"FEE_COMMISSION_INCOME":null,"FEE_COMMISSION_INCOME_YOY":null,"ACCOUNTS_RECE_TDAYS":1.467044097024,"INVENTORY_TDAYS":null,"CURRENT_ASSETS_TDAYS":0.08162752187,"TOTAL_ASSETS_TDAYS":0.006080468854,"PREMIUM_EXPENSE":null,"LOAN_DEPOSIT":null,"LOAN_EQUITY":null,"LOAN_ASSETS":null,"DEPOSIT_EQUITY":null,"DEPOSIT_ASSETS":null,"EQUITY_MULTIPLIER":1.050356080354,"EQUITY_RATIO":0.050356080354}],"count":48},"success":true,"message":"ok","code":0}