{"version":"3540eb3e8ac3796ee6c38d0e55c0e127","result":{"pages":6,"data":[{"SECUCODE":"00274.HK","SECURITY_CODE":"00274","SECURITY_NAME_ABBR":"复兴亚洲","ORG_CODE":"10007530","STD_REPORT_DATE":"2024-06-30 00:00:00","REPORT_DATE":"2024-09-30 00:00:00","DATE_TYPE_CODE":"002","REPORT_TYPE":"2024年中报","PER_NETCASH_OPERATE":-0.008057707808,"PER_OI":0.521052720359,"BPS":0.700814685908,"BASIC_EPS":-0.038506433,"DILUTED_EPS":-0.038506433,"OPERATE_INCOME":303526281.78,"OPERATE_INCOME_YOY":309.9359364724,"GROSS_PROFIT":8458790.2,"GROSS_PROFIT_YOY":-41.432544802705,"HOLDER_PROFIT":-21818809.05,"HOLDER_PROFIT_YOY":1.0469919431,"GROSS_PROFIT_RATIO":2.786839462598,"EPS_TTM":-0.052782513601,"OPERATE_INCOME_QOQ":0,"NET_PROFIT_RATIO":-12.1432518673,"ROE_AVG":-6.063757800556,"GROSS_PROFIT_QOQ":0,"ROA":-7.431695667532,"HOLDER_PROFIT_QOQ":0,"ROE_YEARLY":-12.127515601113,"ROIC_YEARLY":-7.472580078525,"TOTAL_ASSETS":272716626.43,"TOTAL_LIABILITIES":169770083.61,"TAX_EBT":2.07250161727,"OCF_SALES":-1.546428507763,"TOTAL_PARENT_EQUITY":408242136.58,"DEBT_ASSET_RATIO":62.2514607314,"OPERATE_PROFIT":-21136154.02,"PRETAX_PROFIT":-37638009.23,"NETCASH_OPERATE":-4693816.95,"NETCASH_INVEST":-1625025.58,"NETCASH_FINANCE":4244725.53,"END_CASH":6092493.24,"DIVI_RATIO":null,"DIVIDEND_RATE":null,"CURRENT_RATIO":0.627875092655,"COMMON_ACS":5000000000,"CURRENTDEBT_DEBT":95.309653190551,"ISSUED_COMMON_SHARES":582525088,"HK_COMMON_SHARES":582525088,"PER_SHARES":20000,"TOTAL_MARKET_CAP":17475752.64,"HKSK_MARKET_CAP":17475752.64,"PE_TTM":-0.518984130906,"PB_TTM":0.038603215007,"REPORT_DATE_SQ":"2023-06-30 00:00:00","REPORT_TYPE_SQ":"2023年中报","OPERATE_INCOME_SQ":75700089.88,"DPS_HKD":null,"OPERATE_INCOME_QOQ_SQ":17.006119293668,"NET_PROFIT_RATIO_SQ":-44.4449857501,"HOLDER_PROFIT_SQ":-22543332.98,"HOLDER_PROFIT_QOQ_SQ":-4.019935366269,"ROE_AVG_SQ":-13.248876329913,"PE_TTM_SQ":-2.152248897053,"PB_TTM_SQ":0.47278586261,"ROA_SQ":-7.984391072216,"START_DATE":"2024-04-01 00:00:00","FISCAL_YEAR":"3-31","CURRENCY":"HKD","IS_CNY_CODE":0,"DPS_HKD_LY":null,"ORG_TYPE":"一般企业","PREMIUM_INCOME":null,"PREMIUM_INCOME_YOY":null,"NET_INTEREST_INCOME":null,"NET_INTEREST_INCOME_YOY":null,"FEE_COMMISSION_INCOME":null,"FEE_COMMISSION_INCOME_YOY":null,"ACCOUNTS_RECE_TDAYS":2.196644814342,"INVENTORY_TDAYS":null,"CURRENT_ASSETS_TDAYS":2.725757600298,"TOTAL_ASSETS_TDAYS":1.033839632639,"PREMIUM_EXPENSE":null,"LOAN_DEPOSIT":null,"LOAN_EQUITY":null,"LOAN_ASSETS":null,"DEPOSIT_EQUITY":null,"DEPOSIT_ASSETS":null,"EQUITY_MULTIPLIER":2.649109129454,"EQUITY_RATIO":0.415856347001},{"SECUCODE":"00274.HK","SECURITY_CODE":"00274","SECURITY_NAME_ABBR":"复兴亚洲","ORG_CODE":"10007530","STD_REPORT_DATE":"2023-12-31 00:00:00","REPORT_DATE":"2023-12-31 00:00:00","DATE_TYPE_CODE":"001","REPORT_TYPE":"2023年年报","PER_NETCASH_OPERATE":-0.032576942651,"PER_OI":0.148961711023,"BPS":0.563793908941,"BASIC_EPS":-0.017127558,"DILUTED_EPS":null,"OPERATE_INCOME":314700300.74,"OPERATE_INCOME_YOY":67.4100320582,"GROSS_PROFIT":21373198.7,"GROSS_PROFIT_YOY":-65.863552564093,"HOLDER_PROFIT":-30747138.38,"HOLDER_PROFIT_YOY":12.0372290781,"GROSS_PROFIT_RATIO":6.791604154728,"EPS_TTM":-0.01455399417,"OPERATE_INCOME_QOQ":45.152258657039,"NET_PROFIT_RATIO":-15.6853372189,"ROE_AVG":-12.177430353669,"GROSS_PROFIT_QOQ":-68.223948760691,"ROA":-10.481570212063,"HOLDER_PROFIT_QOQ":14.210681852165,"ROE_YEARLY":-12.177430353669,"ROIC_YEARLY":-5.529480021252,"TOTAL_ASSETS":364317968.15,"TOTAL_LIABILITIES":327585468.7,"TAX_EBT":null,"OCF_SALES":-21.869339729948,"TOTAL_PARENT_EQUITY":313048032.9,"DEBT_ASSET_RATIO":89.5128658811,"OPERATE_PROFIT":-15770040.44,"PRETAX_PROFIT":-49361803.4,"NETCASH_OPERATE":-68822877.9,"NETCASH_INVEST":-17287052.72,"NETCASH_FINANCE":49794976.56,"END_CASH":12346341.28,"DIVI_RATIO":null,"DIVIDEND_RATE":null,"CURRENT_RATIO":0.45877655032,"COMMON_ACS":5000000000,"CURRENTDEBT_DEBT":97.270543566696,"ISSUED_COMMON_SHARES":582525088,"HK_COMMON_SHARES":582525088,"PER_SHARES":20000,"TOTAL_MARKET_CAP":19223327.904,"HKSK_MARKET_CAP":19223327.904,"PE_TTM":-0.570882543997,"PB_TTM":0.042463536507,"REPORT_DATE_SQ":"2022-12-31 00:00:00","REPORT_TYPE_SQ":"2022年年报","OPERATE_INCOME_SQ":185295462.45,"DPS_HKD":null,"OPERATE_INCOME_QOQ_SQ":81.004075751973,"NET_PROFIT_RATIO_SQ":-29.8368163521,"HOLDER_PROFIT_SQ":-34455210.44,"HOLDER_PROFIT_QOQ_SQ":45.230037227348,"ROE_AVG_SQ":-17.194120334771,"PE_TTM_SQ":-2.207434766209,"PB_TTM_SQ":0.484908577036,"ROA_SQ":-13.091363270737,"START_DATE":"2023-01-01 00:00:00","FISCAL_YEAR":"12-31","CURRENCY":"HKD","IS_CNY_CODE":0,"DPS_HKD_LY":null,"ORG_TYPE":"一般企业","PREMIUM_INCOME":null,"PREMIUM_INCOME_YOY":null,"NET_INTEREST_INCOME":null,"NET_INTEREST_INCOME_YOY":null,"FEE_COMMISSION_INCOME":null,"FEE_COMMISSION_INCOME_YOY":null,"ACCOUNTS_RECE_TDAYS":3.085281992964,"INVENTORY_TDAYS":null,"CURRENT_ASSETS_TDAYS":3.287625972157,"TOTAL_ASSETS_TDAYS":1.072800095149,"PREMIUM_EXPENSE":null,"LOAN_DEPOSIT":null,"LOAN_EQUITY":null,"LOAN_ASSETS":null,"DEPOSIT_EQUITY":null,"DEPOSIT_ASSETS":null,"EQUITY_MULTIPLIER":9.535493573957,"EQUITY_RATIO":1.046438355371},{"SECUCODE":"00274.HK","SECURITY_CODE":"00274","SECURITY_NAME_ABBR":"复兴亚洲","ORG_CODE":"10007530","STD_REPORT_DATE":"2023-06-30 00:00:00","REPORT_DATE":"2023-06-30 00:00:00","DATE_TYPE_CODE":"002","REPORT_TYPE":"2023年中报","PER_NETCASH_OPERATE":-0.004943953913,"PER_OI":0.047863256687,"BPS":0.275822377284,"BASIC_EPS":-0.071730044,"DILUTED_EPS":-0.071730044,"OPERATE_INCOME":75700089.88,"OPERATE_INCOME_YOY":58.9015114861,"GROSS_PROFIT":14442816.7,"GROSS_PROFIT_YOY":47.497207775937,"HOLDER_PROFIT":-22543332.98,"HOLDER_PROFIT_YOY":1.1721434057,"GROSS_PROFIT_RATIO":19.078995444913,"EPS_TTM":-0.022660909509,"OPERATE_INCOME_QOQ":17.006119293668,"NET_PROFIT_RATIO":-44.4449857501,"ROE_AVG":-13.248876329913,"GROSS_PROFIT_QOQ":7.428223786593,"ROA":-7.984391072216,"HOLDER_PROFIT_QOQ":-4.019935366269,"ROE_YEARLY":-26.497752659827,"ROIC_YEARLY":-8.618330209537,"TOTAL_ASSETS":289298884.4,"TOTAL_LIABILITIES":408262885.78,"TAX_EBT":null,"OCF_SALES":-10.329330377804,"TOTAL_PARENT_EQUITY":160673454.6,"DEBT_ASSET_RATIO":141.1214863917,"OPERATE_PROFIT":-9985043.4,"PRETAX_PROFIT":-33644894.16,"NETCASH_OPERATE":-7819312.38,"NETCASH_INVEST":-5984572.18,"NETCASH_FINANCE":-14393951.76,"END_CASH":44732625.64,"DIVI_RATIO":null,"DIVIDEND_RATE":null,"CURRENT_RATIO":0.329390832799,"COMMON_ACS":5000000000,"CURRENTDEBT_DEBT":95.44907420999,"ISSUED_COMMON_SHARES":582525088,"HK_COMMON_SHARES":582525088,"PER_SHARES":20000,"TOTAL_MARKET_CAP":19223327.904,"HKSK_MARKET_CAP":19223327.904,"PE_TTM":-0.570882543997,"PB_TTM":0.042463536507,"REPORT_DATE_SQ":"2022-06-30 00:00:00","REPORT_TYPE_SQ":"2022年中报","OPERATE_INCOME_SQ":44188522.49,"DPS_HKD":null,"OPERATE_INCOME_QOQ_SQ":5.159323492918,"NET_PROFIT_RATIO_SQ":-80.8035455091,"HOLDER_PROFIT_SQ":-21158255.79,"HOLDER_PROFIT_QOQ_SQ":-38.942244822967,"ROE_AVG_SQ":-10.079709598763,"PE_TTM_SQ":-2.207434766209,"PB_TTM_SQ":0.484908577036,"ROA_SQ":-8.577892191279,"START_DATE":"2023-01-01 00:00:00","FISCAL_YEAR":"12-31","CURRENCY":"HKD","IS_CNY_CODE":0,"DPS_HKD_LY":null,"ORG_TYPE":"一般企业","PREMIUM_INCOME":null,"PREMIUM_INCOME_YOY":null,"NET_INTEREST_INCOME":null,"NET_INTEREST_INCOME_YOY":null,"FEE_COMMISSION_INCOME":null,"FEE_COMMISSION_INCOME_YOY":null,"ACCOUNTS_RECE_TDAYS":1.424635191644,"INVENTORY_TDAYS":null,"CURRENT_ASSETS_TDAYS":0.75963584553,"TOTAL_ASSETS_TDAYS":0.268114356622,"PREMIUM_EXPENSE":null,"LOAN_DEPOSIT":null,"LOAN_EQUITY":null,"LOAN_ASSETS":null,"DEPOSIT_EQUITY":null,"DEPOSIT_ASSETS":null,"EQUITY_MULTIPLIER":-2.431818710235,"EQUITY_RATIO":2.540947954324},{"SECUCODE":"00274.HK","SECURITY_CODE":"00274","SECURITY_NAME_ABBR":"复兴亚洲","ORG_CODE":"10007530","STD_REPORT_DATE":"2022-12-31 00:00:00","REPORT_DATE":"2022-12-31 00:00:00","DATE_TYPE_CODE":"001","REPORT_TYPE":"2022年年报","PER_NETCASH_OPERATE":0.044327001688,"PER_OI":0.122286567654,"BPS":0.298765628288,"BASIC_EPS":-0.113891925,"DILUTED_EPS":-0.113891925,"OPERATE_INCOME":185295462.45,"OPERATE_INCOME_YOY":77.5832548583,"GROSS_PROFIT":62611080.84,"GROSS_PROFIT_YOY":52.317429024661,"HOLDER_PROFIT":-34455210.44,"HOLDER_PROFIT_YOY":30.3477915418,"GROSS_PROFIT_RATIO":33.789861884446,"EPS_TTM":-0.022738869947,"OPERATE_INCOME_QOQ":81.004075751973,"NET_PROFIT_RATIO":-29.8368163521,"ROE_AVG":-17.194120334771,"GROSS_PROFIT_QOQ":37.321499996441,"ROA":-13.091363270737,"HOLDER_PROFIT_QOQ":45.230037227348,"ROE_YEARLY":-17.194120334771,"ROIC_YEARLY":-6.747727330377,"TOTAL_ASSETS":266810816.3,"TOTAL_LIABILITIES":378593730.83,"TAX_EBT":-2.657659145717,"OCF_SALES":36.248463374069,"TOTAL_PARENT_EQUITY":174038473.91,"DEBT_ASSET_RATIO":141.8959456292,"OPERATE_PROFIT":-8326169.67,"PRETAX_PROFIT":-54080352.34,"NETCASH_OPERATE":67166757.84,"NETCASH_INVEST":-86614139.01,"NETCASH_FINANCE":17095401.26,"END_CASH":5557032.67,"DIVI_RATIO":null,"DIVIDEND_RATE":null,"CURRENT_RATIO":0.192153738972,"COMMON_ACS":5000000000,"CURRENTDEBT_DEBT":94.488815064566,"ISSUED_COMMON_SHARES":582525088,"HK_COMMON_SHARES":582525088,"PER_SHARES":20000,"TOTAL_MARKET_CAP":19223327.904,"HKSK_MARKET_CAP":19223327.904,"PE_TTM":-0.570882543997,"PB_TTM":0.042463536507,"REPORT_DATE_SQ":"2021-12-31 00:00:00","REPORT_TYPE_SQ":"2021年年报","OPERATE_INCOME_SQ":95503856,"DPS_HKD":null,"OPERATE_INCOME_QOQ_SQ":38.749124590174,"NET_PROFIT_RATIO_SQ":-84.8143046714,"HOLDER_PROFIT_SQ":-45277052.8,"HOLDER_PROFIT_QOQ_SQ":30.091647546059,"ROE_AVG_SQ":-22.061278229935,"PE_TTM_SQ":-2.207434766209,"PB_TTM_SQ":0.484908577036,"ROA_SQ":-16.685975651094,"START_DATE":"2022-01-01 00:00:00","FISCAL_YEAR":"12-31","CURRENCY":"HKD","IS_CNY_CODE":0,"DPS_HKD_LY":null,"ORG_TYPE":"一般企业","PREMIUM_INCOME":null,"PREMIUM_INCOME_YOY":null,"NET_INTEREST_INCOME":null,"NET_INTEREST_INCOME_YOY":null,"FEE_COMMISSION_INCOME":null,"FEE_COMMISSION_INCOME_YOY":null,"ACCOUNTS_RECE_TDAYS":9.374957629991,"INVENTORY_TDAYS":null,"CURRENT_ASSETS_TDAYS":3.976669286659,"TOTAL_ASSETS_TDAYS":0.70403581356,"PREMIUM_EXPENSE":null,"LOAN_DEPOSIT":null,"LOAN_EQUITY":null,"LOAN_ASSETS":null,"DEPOSIT_EQUITY":null,"DEPOSIT_ASSETS":null,"EQUITY_MULTIPLIER":-2.386865805227,"EQUITY_RATIO":2.175345039085},{"SECUCODE":"00274.HK","SECURITY_CODE":"00274","SECURITY_NAME_ABBR":"复兴亚洲","ORG_CODE":"10007530","STD_REPORT_DATE":"2022-06-30 00:00:00","REPORT_DATE":"2022-06-30 00:00:00","DATE_TYPE_CODE":"002","REPORT_TYPE":"2022年中报","PER_NETCASH_OPERATE":-0.001791362619,"PER_OI":0.029162412687,"BPS":0.34804366958,"BASIC_EPS":-0.01539342,"DILUTED_EPS":-0.01539342,"OPERATE_INCOME":44188522.49,"OPERATE_INCOME_YOY":9.7748034842,"GROSS_PROFIT":9791925.5,"GROSS_PROFIT_YOY":36.99662033258,"HOLDER_PROFIT":-21158255.79,"HOLDER_PROFIT_YOY":-483.7895233601,"GROSS_PROFIT_RATIO":22.159431789592,"EPS_TTM":-0.041517044738,"OPERATE_INCOME_QOQ":5.159323492918,"NET_PROFIT_RATIO":-80.8035455091,"ROE_AVG":-10.079709598763,"GROSS_PROFIT_QOQ":6.156806174837,"ROA":-8.577892191279,"HOLDER_PROFIT_QOQ":-38.942244822967,"ROE_YEARLY":-20.159419197526,"ROIC_YEARLY":-8.414118415258,"TOTAL_ASSETS":244816096.49,"TOTAL_LIABILITIES":313674284.91,"TAX_EBT":-15.272516107624,"OCF_SALES":-6.142710611368,"TOTAL_PARENT_EQUITY":202744169.25,"DEBT_ASSET_RATIO":128.1264955235,"OPERATE_PROFIT":-11163650.26,"PRETAX_PROFIT":-30926235.97,"NETCASH_OPERATE":-2714373.06,"NETCASH_INVEST":-5432166.88,"NETCASH_FINANCE":4116029.47,"END_CASH":4004854.77,"DIVI_RATIO":null,"DIVIDEND_RATE":null,"CURRENT_RATIO":0.082521569719,"COMMON_ACS":5000000000,"CURRENTDEBT_DEBT":95.999062131089,"ISSUED_COMMON_SHARES":582525088,"HK_COMMON_SHARES":582525088,"PER_SHARES":20000,"TOTAL_MARKET_CAP":19223327.904,"HKSK_MARKET_CAP":19223327.904,"PE_TTM":-0.570882543997,"PB_TTM":0.042463536507,"REPORT_DATE_SQ":"2021-06-30 00:00:00","REPORT_TYPE_SQ":"2021年中报","OPERATE_INCOME_SQ":39166005.6,"DPS_HKD":null,"OPERATE_INCOME_QOQ_SQ":45.861472772217,"NET_PROFIT_RATIO_SQ":-42.5982579137,"HOLDER_PROFIT_SQ":-3526355.04,"HOLDER_PROFIT_QOQ_SQ":29.119809245051,"ROE_AVG_SQ":-1.711448491983,"PE_TTM_SQ":-2.207434766209,"PB_TTM_SQ":0.484908577036,"ROA_SQ":-1.302527142385,"START_DATE":"2022-01-01 00:00:00","FISCAL_YEAR":"12-31","CURRENCY":"HKD","IS_CNY_CODE":0,"DPS_HKD_LY":null,"ORG_TYPE":"一般企业","PREMIUM_INCOME":null,"PREMIUM_INCOME_YOY":null,"NET_INTEREST_INCOME":null,"NET_INTEREST_INCOME_YOY":null,"FEE_COMMISSION_INCOME":null,"FEE_COMMISSION_INCOME_YOY":null,"ACCOUNTS_RECE_TDAYS":2.423877096282,"INVENTORY_TDAYS":39.548672566372,"CURRENT_ASSETS_TDAYS":1.831298399816,"TOTAL_ASSETS_TDAYS":0.179147272712,"PREMIUM_EXPENSE":null,"LOAN_DEPOSIT":null,"LOAN_EQUITY":null,"LOAN_ASSETS":null,"DEPOSIT_EQUITY":null,"DEPOSIT_ASSETS":null,"EQUITY_MULTIPLIER":-3.555366501897,"EQUITY_RATIO":1.547143309079},{"SECUCODE":"00274.HK","SECURITY_CODE":"00274","SECURITY_NAME_ABBR":"复兴亚洲","ORG_CODE":"10007530","STD_REPORT_DATE":"2021-12-31 00:00:00","REPORT_DATE":"2021-12-31 00:00:00","DATE_TYPE_CODE":"001","REPORT_TYPE":"2021年年报","PER_NETCASH_OPERATE":0.071089502947,"PER_OI":0.063028196123,"BPS":0.356264558343,"BASIC_EPS":-0.03286752,"DILUTED_EPS":null,"OPERATE_INCOME":95503856,"OPERATE_INCOME_YOY":108.3321668533,"GROSS_PROFIT":41105657.6,"GROSS_PROFIT_YOY":81.8721697838,"HOLDER_PROFIT":-45277052.8,"HOLDER_PROFIT_YOY":48.9918667735,"GROSS_PROFIT_RATIO":44.120067861522,"EPS_TTM":-0.029880793125,"OPERATE_INCOME_QOQ":38.749124590174,"NET_PROFIT_RATIO":-84.8143046714,"ROE_AVG":-22.061278229935,"GROSS_PROFIT_QOQ":86.255198789995,"ROA":-16.685975651094,"HOLDER_PROFIT_QOQ":30.091647546059,"ROE_YEARLY":-22.061278229935,"ROIC_YEARLY":-9.325148415484,"TOTAL_ASSETS":237581478.4,"TOTAL_LIABILITIES":270157115.2,"TAX_EBT":4.412502851928,"OCF_SALES":110.652915189895,"TOTAL_PARENT_EQUITY":207533043.2,"DEBT_ASSET_RATIO":113.7113536877,"OPERATE_PROFIT":-45949937.6,"PRETAX_PROFIT":-89588520,"NETCASH_OPERATE":107718800,"NETCASH_INVEST":-61548928,"NETCASH_FINANCE":-33275502.4,"END_CASH":5947222.4,"DIVI_RATIO":null,"DIVIDEND_RATE":null,"CURRENT_RATIO":0.096193243913,"COMMON_ACS":5000000000,"CURRENTDEBT_DEBT":86.12280473448,"ISSUED_COMMON_SHARES":582525088,"HK_COMMON_SHARES":582525088,"PER_SHARES":20000,"TOTAL_MARKET_CAP":19223327.904,"HKSK_MARKET_CAP":19223327.904,"PE_TTM":-0.570882543997,"PB_TTM":0.042463536507,"REPORT_DATE_SQ":"2020-12-31 00:00:00","REPORT_TYPE_SQ":"2020年年报","OPERATE_INCOME_SQ":48101409.28,"DPS_HKD":null,"OPERATE_INCOME_QOQ_SQ":-6.575735800261,"NET_PROFIT_RATIO_SQ":-285.6820408735,"HOLDER_PROFIT_SQ":-91374329.88,"HOLDER_PROFIT_QOQ_SQ":10.478927187146,"ROE_AVG_SQ":-53.335200141484,"PE_TTM_SQ":-2.207434766209,"PB_TTM_SQ":0.484908577036,"ROA_SQ":-28.848192719862,"START_DATE":"2021-01-01 00:00:00","FISCAL_YEAR":"12-31","CURRENCY":"HKD","IS_CNY_CODE":0,"DPS_HKD_LY":null,"ORG_TYPE":"一般企业","PREMIUM_INCOME":null,"PREMIUM_INCOME_YOY":null,"NET_INTEREST_INCOME":null,"NET_INTEREST_INCOME_YOY":null,"FEE_COMMISSION_INCOME":null,"FEE_COMMISSION_INCOME_YOY":null,"ACCOUNTS_RECE_TDAYS":6.133529365434,"INVENTORY_TDAYS":null,"CURRENT_ASSETS_TDAYS":1.63010322828,"TOTAL_ASSETS_TDAYS":0.358758419747,"PREMIUM_EXPENSE":null,"LOAN_DEPOSIT":null,"LOAN_EQUITY":null,"LOAN_ASSETS":null,"DEPOSIT_EQUITY":null,"DEPOSIT_ASSETS":null,"EQUITY_MULTIPLIER":-7.293225911728,"EQUITY_RATIO":1.301754703899},{"SECUCODE":"00274.HK","SECURITY_CODE":"00274","SECURITY_NAME_ABBR":"复兴亚洲","ORG_CODE":"10007530","STD_REPORT_DATE":"2021-06-30 00:00:00","REPORT_DATE":"2021-06-30 00:00:00","DATE_TYPE_CODE":"002","REPORT_TYPE":"2021年中报","PER_NETCASH_OPERATE":0.05375547535,"PER_OI":0.031017336284,"BPS":0.352882428576,"BASIC_EPS":-0.002829072,"DILUTED_EPS":null,"OPERATE_INCOME":39166005.6,"OPERATE_INCOME_YOY":151.3483206066,"GROSS_PROFIT":7147567.2,"GROSS_PROFIT_YOY":6.853607099882,"HOLDER_PROFIT":-3526355.04,"HOLDER_PROFIT_YOY":87.1536829342,"GROSS_PROFIT_RATIO":18.249415763756,"EPS_TTM":-0.051291370032,"OPERATE_INCOME_QOQ":45.861472772217,"NET_PROFIT_RATIO":-42.5982579137,"ROE_AVG":-1.711448491983,"GROSS_PROFIT_QOQ":2.028396774717,"ROA":-1.302527142385,"HOLDER_PROFIT_QOQ":29.119809245051,"ROE_YEARLY":-3.422896983966,"ROIC_YEARLY":-1.448047288755,"TOTAL_ASSETS":230945468.16,"TOTAL_LIABILITIES":262128498.24,"TAX_EBT":3.41056890987,"OCF_SALES":173.307839388145,"TOTAL_PARENT_EQUITY":205562867.76,"DEBT_ASSET_RATIO":113.5023346976,"OPERATE_PROFIT":11980287.84,"PRETAX_PROFIT":-17273148.72,"NETCASH_OPERATE":67877758.08,"NETCASH_INVEST":-1640029.68,"NETCASH_FINANCE":-50787666.96,"END_CASH":1766505.84,"DIVI_RATIO":null,"DIVIDEND_RATE":null,"CURRENT_RATIO":0.220713361601,"COMMON_ACS":5000000000,"CURRENTDEBT_DEBT":33.613837500159,"ISSUED_COMMON_SHARES":582525088,"HK_COMMON_SHARES":582525088,"PER_SHARES":20000,"TOTAL_MARKET_CAP":19223327.904,"HKSK_MARKET_CAP":19223327.904,"PE_TTM":-0.570882543997,"PB_TTM":0.042463536507,"REPORT_DATE_SQ":"2020-06-30 00:00:00","REPORT_TYPE_SQ":"2020年中报","OPERATE_INCOME_SQ":17105990.88,"DPS_HKD":null,"OPERATE_INCOME_QOQ_SQ":29.000251633242,"NET_PROFIT_RATIO_SQ":-201.3242911305,"HOLDER_PROFIT_SQ":-30134385.6,"HOLDER_PROFIT_QOQ_SQ":-15.7583776361,"ROE_AVG_SQ":-23.555704707571,"PE_TTM_SQ":-2.207434766209,"PB_TTM_SQ":0.484908577036,"ROA_SQ":-8.644011617929,"START_DATE":"2021-01-01 00:00:00","FISCAL_YEAR":"12-31","CURRENCY":"HKD","IS_CNY_CODE":0,"DPS_HKD_LY":null,"ORG_TYPE":"一般企业","PREMIUM_INCOME":null,"PREMIUM_INCOME_YOY":null,"NET_INTEREST_INCOME":null,"NET_INTEREST_INCOME_YOY":null,"FEE_COMMISSION_INCOME":null,"FEE_COMMISSION_INCOME_YOY":null,"ACCOUNTS_RECE_TDAYS":2.595032665325,"INVENTORY_TDAYS":12.995609591354,"CURRENT_ASSETS_TDAYS":0.66257513267,"TOTAL_ASSETS_TDAYS":0.14466718403,"PREMIUM_EXPENSE":null,"LOAN_DEPOSIT":null,"LOAN_EQUITY":null,"LOAN_ASSETS":null,"DEPOSIT_EQUITY":null,"DEPOSIT_ASSETS":null,"EQUITY_MULTIPLIER":-7.406126587706,"EQUITY_RATIO":1.275174359535},{"SECUCODE":"00274.HK","SECURITY_CODE":"00274","SECURITY_NAME_ABBR":"复兴亚洲","ORG_CODE":"10007530","STD_REPORT_DATE":"2020-12-31 00:00:00","REPORT_DATE":"2020-12-31 00:00:00","DATE_TYPE_CODE":"001","REPORT_TYPE":"2020年年报","PER_NETCASH_OPERATE":0.030283255333,"PER_OI":0.038093687741,"BPS":0.358611332187,"BASIC_EPS":-0.084416492,"DILUTED_EPS":null,"OPERATE_INCOME":48101409.28,"OPERATE_INCOME_YOY":28.2700421941,"GROSS_PROFIT":22601400.56,"GROSS_PROFIT_YOY":32.237801444303,"HOLDER_PROFIT":-91374329.88,"HOLDER_PROFIT_YOY":-10.2942072861,"GROSS_PROFIT_RATIO":46.986982082867,"EPS_TTM":-0.07236347629,"OPERATE_INCOME_QOQ":-6.575735800261,"NET_PROFIT_RATIO":-285.6820408735,"ROE_AVG":-53.335200141484,"GROSS_PROFIT_QOQ":15.497171244828,"ROA":-28.848192719862,"HOLDER_PROFIT_QOQ":10.478927187146,"ROE_YEARLY":-53.335200141484,"ROIC_YEARLY":-21.253474805215,"TOTAL_ASSETS":314085740.12,"TOTAL_LIABILITIES":312946159.56,"TAX_EBT":3.690224091453,"OCF_SALES":79.496780515118,"TOTAL_PARENT_EQUITY":208900097.84,"DEBT_ASSET_RATIO":99.6371753269,"OPERATE_PROFIT":-105803406.04,"PRETAX_PROFIT":-142682387.56,"NETCASH_OPERATE":38239071.76,"NETCASH_INVEST":-119097109.84,"NETCASH_FINANCE":68400082.8,"END_CASH":7833143.48,"DIVI_RATIO":null,"DIVIDEND_RATE":null,"CURRENT_RATIO":0.548405277552,"COMMON_ACS":5000000000,"CURRENTDEBT_DEBT":58.216007896103,"ISSUED_COMMON_SHARES":582525088,"HK_COMMON_SHARES":582525088,"PER_SHARES":20000,"TOTAL_MARKET_CAP":19223327.904,"HKSK_MARKET_CAP":19223327.904,"PE_TTM":-0.570882543997,"PB_TTM":0.042463536507,"REPORT_DATE_SQ":"2019-12-31 00:00:00","REPORT_TYPE_SQ":"2019年年报","OPERATE_INCOME_SQ":39912373.68,"DPS_HKD":null,"OPERATE_INCOME_QOQ_SQ":50.954329236134,"NET_PROFIT_RATIO_SQ":-265.4367537481,"HOLDER_PROFIT_SQ":-88175208.52,"HOLDER_PROFIT_QOQ_SQ":-30.147620029141,"ROE_AVG_SQ":-55.356133607394,"PE_TTM_SQ":-2.207434766209,"PB_TTM_SQ":0.484908577036,"ROA_SQ":-26.732823847002,"START_DATE":"2020-01-01 00:00:00","FISCAL_YEAR":"12-31","CURRENCY":"HKD","IS_CNY_CODE":0,"DPS_HKD_LY":null,"ORG_TYPE":"一般企业","PREMIUM_INCOME":null,"PREMIUM_INCOME_YOY":null,"NET_INTEREST_INCOME":null,"NET_INTEREST_INCOME_YOY":null,"FEE_COMMISSION_INCOME":null,"FEE_COMMISSION_INCOME_YOY":null,"ACCOUNTS_RECE_TDAYS":1.906782771161,"INVENTORY_TDAYS":null,"CURRENT_ASSETS_TDAYS":0.386896743141,"TOTAL_ASSETS_TDAYS":0.151863080892,"PREMIUM_EXPENSE":null,"LOAN_DEPOSIT":null,"LOAN_EQUITY":null,"LOAN_ASSETS":null,"DEPOSIT_EQUITY":null,"DEPOSIT_ASSETS":null,"EQUITY_MULTIPLIER":275.615214217908,"EQUITY_RATIO":1.498066122495},{"SECUCODE":"00274.HK","SECURITY_CODE":"00274","SECURITY_NAME_ABBR":"复兴亚洲","ORG_CODE":"10007530","STD_REPORT_DATE":"2020-06-30 00:00:00","REPORT_DATE":"2020-06-30 00:00:00","DATE_TYPE_CODE":"002","REPORT_TYPE":"2020年中报","PER_NETCASH_OPERATE":-0.020124899358,"PER_OI":0.016253891848,"BPS":0.190043787848,"BASIC_EPS":-0.06485424,"DILUTED_EPS":null,"OPERATE_INCOME":17105990.88,"OPERATE_INCOME_YOY":197.8212468193,"GROSS_PROFIT":6689121.12,"GROSS_PROFIT_YOY":58.818128466928,"HOLDER_PROFIT":-30134385.6,"HOLDER_PROFIT_YOY":-78.7010454472,"GROSS_PROFIT_RATIO":39.103967533508,"EPS_TTM":-0.096985778534,"OPERATE_INCOME_QOQ":29.000251633242,"NET_PROFIT_RATIO":-201.3242911305,"ROE_AVG":-23.555704707571,"GROSS_PROFIT_QOQ":14.494407108888,"ROA":-8.644011617929,"HOLDER_PROFIT_QOQ":-15.7583776361,"ROE_YEARLY":-47.111409415142,"ROIC_YEARLY":-15.161350734342,"TOTAL_ASSETS":350585579.52,"TOTAL_LIABILITIES":312074035.68,"TAX_EBT":-4.449246453901,"OCF_SALES":-123.815880813798,"TOTAL_PARENT_EQUITY":110705274.24,"DEBT_ASSET_RATIO":89.0150804569,"OPERATE_PROFIT":-7299299.04,"PRETAX_PROFIT":-32971530.24,"NETCASH_OPERATE":-21179933.28,"NETCASH_INVEST":-39646949.76,"NETCASH_FINANCE":26264140.32,"END_CASH":3091080.96,"DIVI_RATIO":null,"DIVIDEND_RATE":null,"CURRENT_RATIO":0.442158497173,"COMMON_ACS":5000000000,"CURRENTDEBT_DEBT":31.427467532278,"ISSUED_COMMON_SHARES":582525088,"HK_COMMON_SHARES":582525088,"PER_SHARES":20000,"TOTAL_MARKET_CAP":19223327.904,"HKSK_MARKET_CAP":19223327.904,"PE_TTM":-0.570882543997,"PB_TTM":0.042463536507,"REPORT_DATE_SQ":"2019-06-30 00:00:00","REPORT_TYPE_SQ":"2019年中报","OPERATE_INCOME_SQ":5531302.08,"DPS_HKD":null,"OPERATE_INCOME_QOQ_SQ":11.572121675309,"NET_PROFIT_RATIO_SQ":-326.8288804071,"HOLDER_PROFIT_SQ":-16239403.26,"HOLDER_PROFIT_QOQ_SQ":-6.297188606114,"ROE_AVG_SQ":-9.851199449302,"PE_TTM_SQ":-2.207434766209,"PB_TTM_SQ":0.484908577036,"ROA_SQ":-4.989001010718,"START_DATE":"2020-01-01 00:00:00","FISCAL_YEAR":"12-31","CURRENCY":"HKD","IS_CNY_CODE":0,"DPS_HKD_LY":null,"ORG_TYPE":"一般企业","PREMIUM_INCOME":null,"PREMIUM_INCOME_YOY":null,"NET_INTEREST_INCOME":null,"NET_INTEREST_INCOME_YOY":null,"FEE_COMMISSION_INCOME":null,"FEE_COMMISSION_INCOME_YOY":null,"ACCOUNTS_RECE_TDAYS":0.536259897198,"INVENTORY_TDAYS":0.7721578983,"CURRENT_ASSETS_TDAYS":0.167053964488,"TOTAL_ASSETS_TDAYS":0.049068325423,"PREMIUM_EXPENSE":null,"LOAN_DEPOSIT":null,"LOAN_EQUITY":null,"LOAN_ASSETS":null,"DEPOSIT_EQUITY":null,"DEPOSIT_ASSETS":null,"EQUITY_MULTIPLIER":9.103389388301,"EQUITY_RATIO":2.818962672035}],"count":46},"success":true,"message":"ok","code":0}