{"version":"27139a5aa7a8f85fab9c9dcdafde01a8","result":{"pages":6,"data":[{"SECUCODE":"00279.HK","SECURITY_CODE":"00279","SECURITY_NAME_ABBR":"裕承科金","ORG_CODE":"10007535","STD_REPORT_DATE":"2024-06-30 00:00:00","REPORT_DATE":"2024-09-30 00:00:00","DATE_TYPE_CODE":"002","REPORT_TYPE":"2024年中报","PER_NETCASH_OPERATE":-0.000723102253,"PER_OI":0.000970464463,"BPS":-0.002155259291,"BASIC_EPS":-0.000991969,"DILUTED_EPS":-0.000991969,"OPERATE_INCOME":18577775.79,"OPERATE_INCOME_YOY":184.3085840464,"GROSS_PROFIT":null,"GROSS_PROFIT_YOY":null,"HOLDER_PROFIT":-19624753.98,"HOLDER_PROFIT_YOY":53.7313432836,"GROSS_PROFIT_RATIO":null,"EPS_TTM":-0.003023130915,"OPERATE_INCOME_QOQ":0,"NET_PROFIT_RATIO":-94.1556235134,"ROE_AVG":-32.439200721467,"GROSS_PROFIT_QOQ":null,"ROA":-17.414963808853,"HOLDER_PROFIT_QOQ":0,"ROE_YEARLY":-64.878401442935,"ROIC_YEARLY":-95.42225730071,"TOTAL_ASSETS":107355394.13,"TOTAL_LIABILITIES":55473611.85,"TAX_EBT":null,"OCF_SALES":-74.510946070579,"TOTAL_PARENT_EQUITY":51710442.18,"DEBT_ASSET_RATIO":51.6728686989,"OPERATE_PROFIT":-14904785.12,"PRETAX_PROFIT":-17492020.63,"NETCASH_OPERATE":-13842476.5,"NETCASH_INVEST":-3990420.75,"NETCASH_FINANCE":-654699.54,"END_CASH":60874432.16,"DIVI_RATIO":null,"DIVIDEND_RATE":null,"CURRENT_RATIO":1.514150419888,"COMMON_ACS":500000000000,"CURRENTDEBT_DEBT":87.884255872551,"ISSUED_COMMON_SHARES":21621946019,"HK_COMMON_SHARES":21621946019,"PER_SHARES":6000,"TOTAL_MARKET_CAP":843255894.741,"HKSK_MARKET_CAP":843255894.741,"PE_TTM":-21.865267197557,"PB_TTM":-16.318134041741,"REPORT_DATE_SQ":"2023-06-30 00:00:00","REPORT_TYPE_SQ":"2023年中报","OPERATE_INCOME_SQ":6649146.98,"DPS_HKD":null,"OPERATE_INCOME_QOQ_SQ":0,"NET_PROFIT_RATIO_SQ":-649.1029533536,"HOLDER_PROFIT_SQ":-43159809.42,"HOLDER_PROFIT_QOQ_SQ":0,"ROE_AVG_SQ":-158.04169956822,"PE_TTM_SQ":-6.589134491339,"PB_TTM_SQ":-65.387594526823,"ROA_SQ":-42.136665994759,"START_DATE":"2024-04-01 00:00:00","FISCAL_YEAR":"3-31","CURRENCY":"HKD","IS_CNY_CODE":0,"DPS_HKD_LY":null,"ORG_TYPE":"证券","PREMIUM_INCOME":null,"PREMIUM_INCOME_YOY":null,"NET_INTEREST_INCOME":null,"NET_INTEREST_INCOME_YOY":null,"FEE_COMMISSION_INCOME":null,"FEE_COMMISSION_INCOME_YOY":null,"ACCOUNTS_RECE_TDAYS":4.393005650922,"INVENTORY_TDAYS":null,"CURRENT_ASSETS_TDAYS":0.224334787083,"TOTAL_ASSETS_TDAYS":0.164858776503,"PREMIUM_EXPENSE":null,"LOAN_DEPOSIT":null,"LOAN_EQUITY":null,"LOAN_ASSETS":null,"DEPOSIT_EQUITY":null,"DEPOSIT_ASSETS":null,"EQUITY_MULTIPLIER":2.06923103664,"EQUITY_RATIO":1.072773883018},{"SECUCODE":"00279.HK","SECURITY_CODE":"00279","SECURITY_NAME_ABBR":"裕承科金","ORG_CODE":"10007535","STD_REPORT_DATE":"2023-12-31 00:00:00","REPORT_DATE":"2024-03-31 00:00:00","DATE_TYPE_CODE":"001","REPORT_TYPE":"2023年年报","PER_NETCASH_OPERATE":-0.002503490332,"PER_OI":0.001318493858,"BPS":-0.001254213505,"BASIC_EPS":-0.00271965,"DILUTED_EPS":-0.00271965,"OPERATE_INCOME":25240165.1,"OPERATE_INCOME_YOY":92.5849069655,"GROSS_PROFIT":null,"GROSS_PROFIT_YOY":null,"HOLDER_PROFIT":-57872338.9,"HOLDER_PROFIT_YOY":29.0018350665,"GROSS_PROFIT_RATIO":null,"EPS_TTM":-0.004562973619,"OPERATE_INCOME_QOQ":0,"NET_PROFIT_RATIO":-225.9931039437,"ROE_AVG":-115.566900197324,"GROSS_PROFIT_QOQ":null,"ROA":-51.408048059656,"HOLDER_PROFIT_QOQ":0,"ROE_YEARLY":-115.566900197324,"ROIC_YEARLY":-136.570860119589,"TOTAL_ASSETS":118645637.8,"TOTAL_LIABILITIES":48996307.85,"TAX_EBT":0.031775790026,"OCF_SALES":-189.87500897924,"TOTAL_PARENT_EQUITY":69649329.95,"DEBT_ASSET_RATIO":41.2963415752,"OPERATE_PROFIT":-49882913.75,"PRETAX_PROFIT":-57059163.55,"NETCASH_OPERATE":-47924765.75,"NETCASH_INVEST":8842488.7,"NETCASH_FINANCE":70149745.55,"END_CASH":79780932.75,"DIVI_RATIO":null,"DIVIDEND_RATE":null,"CURRENT_RATIO":7.463162524742,"COMMON_ACS":500000000000,"CURRENTDEBT_DEBT":25.239143708254,"ISSUED_COMMON_SHARES":21621946019,"HK_COMMON_SHARES":21621946019,"PER_SHARES":6000,"TOTAL_MARKET_CAP":821633948.722,"HKSK_MARKET_CAP":821633948.722,"PE_TTM":-21.304619320697,"PB_TTM":-15.899720348363,"REPORT_DATE_SQ":"2022-12-31 00:00:00","REPORT_TYPE_SQ":"2022年年报","OPERATE_INCOME_SQ":12655802.37,"DPS_HKD":null,"OPERATE_INCOME_QOQ_SQ":0,"NET_PROFIT_RATIO_SQ":-621.9132600125,"HOLDER_PROFIT_SQ":-78712490.15,"HOLDER_PROFIT_QOQ_SQ":0,"ROE_AVG_SQ":-182.874866527686,"PE_TTM_SQ":-6.589134491339,"PB_TTM_SQ":-65.387594526823,"ROA_SQ":-71.713989472005,"START_DATE":"2023-04-01 00:00:00","FISCAL_YEAR":"3-31","CURRENCY":"HKD","IS_CNY_CODE":0,"DPS_HKD_LY":null,"ORG_TYPE":"证券","PREMIUM_INCOME":null,"PREMIUM_INCOME_YOY":null,"NET_INTEREST_INCOME":null,"NET_INTEREST_INCOME_YOY":null,"FEE_COMMISSION_INCOME":null,"FEE_COMMISSION_INCOME_YOY":null,"ACCOUNTS_RECE_TDAYS":13.117550058893,"INVENTORY_TDAYS":null,"CURRENT_ASSETS_TDAYS":0.311146375807,"TOTAL_ASSETS_TDAYS":0.224208602099,"PREMIUM_EXPENSE":null,"LOAN_DEPOSIT":null,"LOAN_EQUITY":null,"LOAN_ASSETS":null,"DEPOSIT_EQUITY":null,"DEPOSIT_ASSETS":null,"EQUITY_MULTIPLIER":1.703471345455,"EQUITY_RATIO":0.703471345455},{"SECUCODE":"00279.HK","SECURITY_CODE":"00279","SECURITY_NAME_ABBR":"裕承科金","ORG_CODE":"10007535","STD_REPORT_DATE":"2023-06-30 00:00:00","REPORT_DATE":"2023-09-30 00:00:00","DATE_TYPE_CODE":"002","REPORT_TYPE":"2023年中报","PER_NETCASH_OPERATE":-0.002264070046,"PER_OI":0.000347337643,"BPS":-0.000422445279,"BASIC_EPS":-0.002294075,"DILUTED_EPS":-0.002294075,"OPERATE_INCOME":6649146.98,"OPERATE_INCOME_YOY":-30.7133295085,"GROSS_PROFIT":null,"GROSS_PROFIT_YOY":null,"HOLDER_PROFIT":-43159809.42,"HOLDER_PROFIT_YOY":-23.222425989,"GROSS_PROFIT_RATIO":null,"EPS_TTM":-0.004111777178,"OPERATE_INCOME_QOQ":0,"NET_PROFIT_RATIO":-649.1029533536,"ROE_AVG":-158.04169956822,"GROSS_PROFIT_QOQ":null,"ROA":-42.136665994759,"HOLDER_PROFIT_QOQ":0,"ROE_YEARLY":-316.083399136439,"ROIC_YEARLY":-184.324176039503,"TOTAL_ASSETS":97051301.69,"TOTAL_LIABILITIES":73310378.33,"TAX_EBT":null,"OCF_SALES":-651.835495445763,"TOTAL_PARENT_EQUITY":23740923.36,"DEBT_ASSET_RATIO":75.5377589516,"OPERATE_PROFIT":-38634975.89,"PRETAX_PROFIT":-43159809.42,"NETCASH_OPERATE":-43341500.16,"NETCASH_INVEST":8500924.32,"NETCASH_FINANCE":35369130.72,"END_CASH":49837402.93,"DIVI_RATIO":null,"DIVIDEND_RATE":null,"CURRENT_RATIO":1.732402429311,"COMMON_ACS":500000000000,"CURRENTDEBT_DEBT":50.288518105919,"ISSUED_COMMON_SHARES":21621946019,"HK_COMMON_SHARES":21621946019,"PER_SHARES":6000,"TOTAL_MARKET_CAP":821633948.722,"HKSK_MARKET_CAP":821633948.722,"PE_TTM":-21.304619320697,"PB_TTM":-15.899720348363,"REPORT_DATE_SQ":"2022-06-30 00:00:00","REPORT_TYPE_SQ":"2022年中报","OPERATE_INCOME_SQ":9458633.52,"DPS_HKD":null,"OPERATE_INCOME_QOQ_SQ":0,"NET_PROFIT_RATIO_SQ":-364.935934213,"HOLDER_PROFIT_SQ":-34522474.8,"HOLDER_PROFIT_QOQ_SQ":0,"ROE_AVG_SQ":-83.704304730159,"PE_TTM_SQ":-6.589134491339,"PB_TTM_SQ":-65.387594526823,"ROA_SQ":-30.659988995498,"START_DATE":"2023-04-01 00:00:00","FISCAL_YEAR":"3-31","CURRENCY":"HKD","IS_CNY_CODE":0,"DPS_HKD_LY":null,"ORG_TYPE":"证券","PREMIUM_INCOME":null,"PREMIUM_INCOME_YOY":null,"NET_INTEREST_INCOME":null,"NET_INTEREST_INCOME_YOY":null,"FEE_COMMISSION_INCOME":null,"FEE_COMMISSION_INCOME_YOY":null,"ACCOUNTS_RECE_TDAYS":2.608351331893,"INVENTORY_TDAYS":null,"CURRENT_ASSETS_TDAYS":0.098746252385,"TOTAL_ASSETS_TDAYS":0.064915227665,"PREMIUM_EXPENSE":null,"LOAN_DEPOSIT":null,"LOAN_EQUITY":null,"LOAN_ASSETS":null,"DEPOSIT_EQUITY":null,"DEPOSIT_ASSETS":null,"EQUITY_MULTIPLIER":4.08793290043,"EQUITY_RATIO":3.087932900433},{"SECUCODE":"00279.HK","SECURITY_CODE":"00279","SECURITY_NAME_ABBR":"裕承科金","ORG_CODE":"10007535","STD_REPORT_DATE":"2022-12-31 00:00:00","REPORT_DATE":"2023-03-31 00:00:00","DATE_TYPE_CODE":"001","REPORT_TYPE":"2022年年报","PER_NETCASH_OPERATE":-0.002833863446,"PER_OI":0.000661112858,"BPS":0.001362350598,"BASIC_EPS":-0.00437705,"DILUTED_EPS":-0.00437705,"OPERATE_INCOME":12655802.37,"OPERATE_INCOME_YOY":-71.0686411847,"GROSS_PROFIT":null,"GROSS_PROFIT_YOY":null,"HOLDER_PROFIT":-78712490.15,"HOLDER_PROFIT_YOY":-103.2463582046,"GROSS_PROFIT_RATIO":null,"EPS_TTM":0.13289700551,"OPERATE_INCOME_QOQ":0,"NET_PROFIT_RATIO":-621.9132600125,"ROE_AVG":-182.874866527686,"GROSS_PROFIT_QOQ":null,"ROA":-71.713989472005,"HOLDER_PROFIT_QOQ":0,"ROE_YEARLY":-182.874866527686,"ROIC_YEARLY":-153.770511428254,"TOTAL_ASSETS":102844917.62,"TOTAL_LIABILITIES":73388246.53,"TAX_EBT":null,"OCF_SALES":-428.650480735976,"TOTAL_PARENT_EQUITY":29456671.09,"DEBT_ASSET_RATIO":71.3581655062,"OPERATE_PROFIT":-75123309.15,"PRETAX_PROFIT":-78708113.1,"NETCASH_OPERATE":-54249157.7,"NETCASH_INVEST":-24424814.41,"NETCASH_FINANCE":67103678.14,"END_CASH":47040156.35,"DIVI_RATIO":null,"DIVIDEND_RATE":null,"CURRENT_RATIO":1.634205231388,"COMMON_ACS":500000000000,"CURRENTDEBT_DEBT":56.320303460451,"ISSUED_COMMON_SHARES":21621946019,"HK_COMMON_SHARES":21621946019,"PER_SHARES":6000,"TOTAL_MARKET_CAP":821633948.722,"HKSK_MARKET_CAP":821633948.722,"PE_TTM":-21.304619320697,"PB_TTM":-15.899720348363,"REPORT_DATE_SQ":"2021-12-31 00:00:00","REPORT_TYPE_SQ":"2021年年报","OPERATE_INCOME_SQ":40526169.7,"DPS_HKD":null,"OPERATE_INCOME_QOQ_SQ":0,"NET_PROFIT_RATIO_SQ":5542.7576545928,"HOLDER_PROFIT_SQ":2246269806.19,"HOLDER_PROFIT_QOQ_SQ":0,"ROE_AVG_SQ":-190.349863494305,"PE_TTM_SQ":-6.589134491339,"PB_TTM_SQ":-65.387594526823,"ROA_SQ":357.018937457986,"START_DATE":"2022-04-01 00:00:00","FISCAL_YEAR":"3-31","CURRENCY":"HKD","IS_CNY_CODE":0,"DPS_HKD_LY":null,"ORG_TYPE":"证券","PREMIUM_INCOME":null,"PREMIUM_INCOME_YOY":null,"NET_INTEREST_INCOME":null,"NET_INTEREST_INCOME_YOY":null,"FEE_COMMISSION_INCOME":null,"FEE_COMMISSION_INCOME_YOY":null,"ACCOUNTS_RECE_TDAYS":1.268491708344,"INVENTORY_TDAYS":null,"CURRENT_ASSETS_TDAYS":0.163868832391,"TOTAL_ASSETS_TDAYS":0.115305471367,"PREMIUM_EXPENSE":null,"LOAN_DEPOSIT":null,"LOAN_EQUITY":null,"LOAN_ASSETS":null,"DEPOSIT_EQUITY":null,"DEPOSIT_ASSETS":null,"EQUITY_MULTIPLIER":3.491396475378,"EQUITY_RATIO":2.491396475378},{"SECUCODE":"00279.HK","SECURITY_CODE":"00279","SECURITY_NAME_ABBR":"裕承科金","ORG_CODE":"10007535","STD_REPORT_DATE":"2022-06-30 00:00:00","REPORT_DATE":"2022-09-30 00:00:00","DATE_TYPE_CODE":"002","REPORT_TYPE":"2022年中报","PER_NETCASH_OPERATE":-0.001977331858,"PER_OI":0.000506303077,"BPS":0.001109156919,"BASIC_EPS":-0.00180888,"DILUTED_EPS":-0.00180888,"OPERATE_INCOME":9458633.52,"OPERATE_INCOME_YOY":-70.180491004,"GROSS_PROFIT":null,"GROSS_PROFIT_YOY":null,"HOLDER_PROFIT":-34522474.8,"HOLDER_PROFIT_YOY":89.5586284245,"GROSS_PROFIT_RATIO":null,"EPS_TTM":0.120238648829,"OPERATE_INCOME_QOQ":0,"NET_PROFIT_RATIO":-364.935934213,"ROE_AVG":-83.704304730159,"GROSS_PROFIT_QOQ":null,"ROA":-30.659988995498,"HOLDER_PROFIT_QOQ":0,"ROE_YEARLY":-167.408609460319,"ROIC_YEARLY":-117.441636860121,"TOTAL_ASSETS":104653656.84,"TOTAL_LIABILITIES":80671525.8,"TAX_EBT":null,"OCF_SALES":-390.543124880474,"TOTAL_PARENT_EQUITY":23982131.04,"DEBT_ASSET_RATIO":77.0842875785,"OPERATE_PROFIT":-33606277.08,"PRETAX_PROFIT":-34517952.6,"NETCASH_OPERATE":-36940042.92,"NETCASH_INVEST":-4439895.96,"NETCASH_FINANCE":25176896.28,"END_CASH":44351024.28,"DIVI_RATIO":null,"DIVIDEND_RATE":null,"CURRENT_RATIO":1.740389690359,"COMMON_ACS":500000000000,"CURRENTDEBT_DEBT":50.980436123101,"ISSUED_COMMON_SHARES":21621946019,"HK_COMMON_SHARES":21621946019,"PER_SHARES":6000,"TOTAL_MARKET_CAP":821633948.722,"HKSK_MARKET_CAP":821633948.722,"PE_TTM":-21.304619320697,"PB_TTM":-15.899720348363,"REPORT_DATE_SQ":"2021-06-30 00:00:00","REPORT_TYPE_SQ":"2021年中报","OPERATE_INCOME_SQ":29216247.26,"DPS_HKD":null,"OPERATE_INCOME_QOQ_SQ":0,"NET_PROFIT_RATIO_SQ":-1042.3569330786,"HOLDER_PROFIT_SQ":-304537578.9,"HOLDER_PROFIT_QOQ_SQ":0,"ROE_AVG_SQ":11.621284691354,"PE_TTM_SQ":-6.589134491339,"PB_TTM_SQ":-65.387594526823,"ROA_SQ":-26.940216618311,"START_DATE":"2022-04-01 00:00:00","FISCAL_YEAR":"3-31","CURRENCY":"HKD","IS_CNY_CODE":0,"DPS_HKD_LY":null,"ORG_TYPE":"证券","PREMIUM_INCOME":null,"PREMIUM_INCOME_YOY":null,"NET_INTEREST_INCOME":null,"NET_INTEREST_INCOME_YOY":null,"FEE_COMMISSION_INCOME":null,"FEE_COMMISSION_INCOME_YOY":null,"ACCOUNTS_RECE_TDAYS":0.6,"INVENTORY_TDAYS":null,"CURRENT_ASSETS_TDAYS":0.117225068095,"TOTAL_ASSETS_TDAYS":0.084003711007,"PREMIUM_EXPENSE":null,"LOAN_DEPOSIT":null,"LOAN_EQUITY":null,"LOAN_ASSETS":null,"DEPOSIT_EQUITY":null,"DEPOSIT_ASSETS":null,"EQUITY_MULTIPLIER":4.363818072101,"EQUITY_RATIO":3.363818072107},{"SECUCODE":"00279.HK","SECURITY_CODE":"00279","SECURITY_NAME_ABBR":"裕承科金","ORG_CODE":"10007535","STD_REPORT_DATE":"2021-12-31 00:00:00","REPORT_DATE":"2022-03-31 00:00:00","DATE_TYPE_CODE":"001","REPORT_TYPE":"2021年年报","PER_NETCASH_OPERATE":0.004761586269,"PER_OI":0.002169290561,"BPS":0.002426284517,"BASIC_EPS":0.25060209,"DILUTED_EPS":0.21005159,"OPERATE_INCOME":40526169.7,"OPERATE_INCOME_YOY":28.1873685291,"GROSS_PROFIT":null,"GROSS_PROFIT_YOY":null,"HOLDER_PROFIT":2246269806.19,"HOLDER_PROFIT_YOY":494.7211731676,"GROSS_PROFIT_RATIO":null,"EPS_TTM":-0.031485247334,"OPERATE_INCOME_QOQ":0,"NET_PROFIT_RATIO":5542.7576545928,"ROE_AVG":-190.349863494305,"GROSS_PROFIT_QOQ":null,"ROA":357.018937457986,"HOLDER_PROFIT_QOQ":0,"ROE_YEARLY":-190.349863494305,"ROIC_YEARLY":510.972542124921,"TOTAL_ASSETS":108089790.78,"TOTAL_LIABILITIES":55632852.97,"TAX_EBT":0.255257483063,"OCF_SALES":219.499699819892,"TOTAL_PARENT_EQUITY":52460992.86,"DEBT_ASSET_RATIO":51.4691096805,"OPERATE_PROFIT":2560878427.41,"PRETAX_PROFIT":2252015812.04,"NETCASH_OPERATE":88439018.48,"NETCASH_INVEST":-351902105.06,"NETCASH_FINANCE":-5990930.87,"END_CASH":54298741.52,"DIVI_RATIO":null,"DIVIDEND_RATE":null,"CURRENT_RATIO":1.56562120567,"COMMON_ACS":500000000000,"CURRENTDEBT_DEBT":92.448649357844,"ISSUED_COMMON_SHARES":21621946019,"HK_COMMON_SHARES":21621946019,"PER_SHARES":6000,"TOTAL_MARKET_CAP":821633948.722,"HKSK_MARKET_CAP":821633948.722,"PE_TTM":-21.304619320697,"PB_TTM":-15.899720348363,"REPORT_DATE_SQ":"2020-12-31 00:00:00","REPORT_TYPE_SQ":"2020年年报","OPERATE_INCOME_SQ":32946806.76,"DPS_HKD":null,"OPERATE_INCOME_QOQ_SQ":0,"NET_PROFIT_RATIO_SQ":-1800.0410445847,"HOLDER_PROFIT_SQ":-593054354.2,"HOLDER_PROFIT_QOQ_SQ":0,"ROE_AVG_SQ":26.448666541527,"PE_TTM_SQ":-6.589134491339,"PB_TTM_SQ":-65.387594526823,"ROA_SQ":-55.297204050931,"START_DATE":"2021-04-01 00:00:00","FISCAL_YEAR":"3-31","CURRENCY":"HKD","IS_CNY_CODE":0,"DPS_HKD_LY":null,"ORG_TYPE":"证券","PREMIUM_INCOME":null,"PREMIUM_INCOME_YOY":null,"NET_INTEREST_INCOME":null,"NET_INTEREST_INCOME_YOY":null,"FEE_COMMISSION_INCOME":null,"FEE_COMMISSION_INCOME_YOY":null,"ACCOUNTS_RECE_TDAYS":0.49911603424,"INVENTORY_TDAYS":null,"CURRENT_ASSETS_TDAYS":0.134475627134,"TOTAL_ASSETS_TDAYS":0.064411719401,"PREMIUM_EXPENSE":null,"LOAN_DEPOSIT":null,"LOAN_EQUITY":null,"LOAN_ASSETS":null,"DEPOSIT_EQUITY":null,"DEPOSIT_ASSETS":null,"EQUITY_MULTIPLIER":2.060543281643,"EQUITY_RATIO":1.060461305383},{"SECUCODE":"00279.HK","SECURITY_CODE":"00279","SECURITY_NAME_ABBR":"裕承科金","ORG_CODE":"10007535","STD_REPORT_DATE":"2021-06-30 00:00:00","REPORT_DATE":"2021-09-30 00:00:00","DATE_TYPE_CODE":"002","REPORT_TYPE":"2021年中报","PER_NETCASH_OPERATE":0.063939351645,"PER_OI":0.015638914278,"BPS":-0.127778823718,"BASIC_EPS":-0.163029842,"DILUTED_EPS":-0.163029842,"OPERATE_INCOME":29216247.26,"OPERATE_INCOME_YOY":140.9053441407,"GROSS_PROFIT":null,"GROSS_PROFIT_YOY":null,"HOLDER_PROFIT":-304537578.9,"HOLDER_PROFIT_YOY":-3.8259669293,"GROSS_PROFIT_RATIO":null,"EPS_TTM":-0.317450975989,"OPERATE_INCOME_QOQ":0,"NET_PROFIT_RATIO":-1042.3569330786,"ROE_AVG":11.621284691354,"GROSS_PROFIT_QOQ":null,"ROA":-26.940216618311,"HOLDER_PROFIT_QOQ":0,"ROE_YEARLY":23.242569382708,"ROIC_YEARLY":-77.884641504067,"TOTAL_ASSETS":1079308370.7,"TOTAL_LIABILITIES":3842136865.62,"TAX_EBT":-1.977253770814,"OCF_SALES":408.84776596048,"TOTAL_PARENT_EQUITY":-2762826828.8,"DEBT_ASSET_RATIO":355.9813830711,"OPERATE_PROFIT":-24036280.18,"PRETAX_PROFIT":-298632849.62,"NETCASH_OPERATE":119449974.22,"NETCASH_INVEST":-26657.92,"NETCASH_FINANCE":-87652074.02,"END_CASH":364375445.64,"DIVI_RATIO":null,"DIVIDEND_RATE":null,"CURRENT_RATIO":0.10882031391,"COMMON_ACS":500000000000,"CURRENTDEBT_DEBT":99.479431934896,"ISSUED_COMMON_SHARES":21621946019,"HK_COMMON_SHARES":21621946019,"PER_SHARES":6000,"TOTAL_MARKET_CAP":821633948.722,"HKSK_MARKET_CAP":821633948.722,"PE_TTM":-21.304619320697,"PB_TTM":-15.899720348363,"REPORT_DATE_SQ":"2020-06-30 00:00:00","REPORT_TYPE_SQ":"2020年中报","OPERATE_INCOME_SQ":12792405.76,"DPS_HKD":null,"OPERATE_INCOME_QOQ_SQ":0,"NET_PROFIT_RATIO_SQ":-2418.5602417915,"HOLDER_PROFIT_SQ":-309392039.68,"HOLDER_PROFIT_QOQ_SQ":0,"ROE_AVG_SQ":14.444052444167,"PE_TTM_SQ":-6.589134491339,"PB_TTM_SQ":-65.387594526823,"ROA_SQ":-26.512064286639,"START_DATE":"2021-04-01 00:00:00","FISCAL_YEAR":"3-31","CURRENCY":"HKD","IS_CNY_CODE":0,"DPS_HKD_LY":null,"ORG_TYPE":"证券","PREMIUM_INCOME":null,"PREMIUM_INCOME_YOY":null,"NET_INTEREST_INCOME":null,"NET_INTEREST_INCOME_YOY":null,"FEE_COMMISSION_INCOME":null,"FEE_COMMISSION_INCOME_YOY":null,"ACCOUNTS_RECE_TDAYS":0.296227785661,"INVENTORY_TDAYS":null,"CURRENT_ASSETS_TDAYS":0.061357399724,"TOTAL_ASSETS_TDAYS":0.025845481297,"PREMIUM_EXPENSE":null,"LOAN_DEPOSIT":null,"LOAN_EQUITY":null,"LOAN_ASSETS":null,"DEPOSIT_EQUITY":null,"DEPOSIT_ASSETS":null,"EQUITY_MULTIPLIER":-0.390653409245,"EQUITY_RATIO":-1.390654247877},{"SECUCODE":"00279.HK","SECURITY_CODE":"00279","SECURITY_NAME_ABBR":"裕承科金","ORG_CODE":"10007535","STD_REPORT_DATE":"2020-12-31 00:00:00","REPORT_DATE":"2021-03-31 00:00:00","DATE_TYPE_CODE":"001","REPORT_TYPE":"2020年年报","PER_NETCASH_OPERATE":-0.078467200086,"PER_OI":0.017635813459,"BPS":-0.116282743957,"BASIC_EPS":-0.3211684,"DILUTED_EPS":-0.3211684,"OPERATE_INCOME":32946806.76,"OPERATE_INCOME_YOY":-45.2792049187,"GROSS_PROFIT":null,"GROSS_PROFIT_YOY":null,"HOLDER_PROFIT":-593054354.2,"HOLDER_PROFIT_YOY":81.721334557,"GROSS_PROFIT_RATIO":null,"EPS_TTM":-0.55210076378,"OPERATE_INCOME_QOQ":0,"NET_PROFIT_RATIO":-1800.0410445847,"ROE_AVG":26.448666541527,"GROSS_PROFIT_QOQ":null,"ROA":-55.297204050931,"HOLDER_PROFIT_QOQ":0,"ROE_YEARLY":26.448666541527,"ROIC_YEARLY":-70.54840934546,"TOTAL_ASSETS":1198721329.54,"TOTAL_LIABILITIES":3712982232.68,"TAX_EBT":0.013536870874,"OCF_SALES":-444.930993792007,"TOTAL_PARENT_EQUITY":-2514259212.78,"DEBT_ASSET_RATIO":309.7452377947,"OPERATE_PROFIT":-55765821.58,"PRETAX_PROFIT":-593136336.66,"NETCASH_OPERATE":-146590554.74,"NETCASH_INVEST":-304264.8,"NETCASH_FINANCE":357412253.94,"END_CASH":337259782.02,"DIVI_RATIO":null,"DIVIDEND_RATE":null,"CURRENT_RATIO":0.147755599385,"COMMON_ACS":500000000000,"CURRENTDEBT_DEBT":99.196904436613,"ISSUED_COMMON_SHARES":21621946019,"HK_COMMON_SHARES":21621946019,"PER_SHARES":6000,"TOTAL_MARKET_CAP":821633948.722,"HKSK_MARKET_CAP":821633948.722,"PE_TTM":-21.304619320697,"PB_TTM":-15.899720348363,"REPORT_DATE_SQ":"2019-12-31 00:00:00","REPORT_TYPE_SQ":"2019年年报","OPERATE_INCOME_SQ":65090160.6,"DPS_HKD":null,"OPERATE_INCOME_QOQ_SQ":0,"NET_PROFIT_RATIO_SQ":-5388.7630197367,"HOLDER_PROFIT_SQ":-3507554503.9,"HOLDER_PROFIT_QOQ_SQ":0,"ROE_AVG_SQ":-6118.70830975701,"PE_TTM_SQ":-6.589134491339,"PB_TTM_SQ":-65.387594526823,"ROA_SQ":-106.650977226094,"START_DATE":"2020-04-01 00:00:00","FISCAL_YEAR":"3-31","CURRENCY":"HKD","IS_CNY_CODE":0,"DPS_HKD_LY":null,"ORG_TYPE":"证券","PREMIUM_INCOME":null,"PREMIUM_INCOME_YOY":null,"NET_INTEREST_INCOME":null,"NET_INTEREST_INCOME_YOY":null,"FEE_COMMISSION_INCOME":null,"FEE_COMMISSION_INCOME_YOY":null,"ACCOUNTS_RECE_TDAYS":0.388431357896,"INVENTORY_TDAYS":null,"CURRENT_ASSETS_TDAYS":0.074846996818,"TOTAL_ASSETS_TDAYS":0.030720055984,"PREMIUM_EXPENSE":null,"LOAN_DEPOSIT":null,"LOAN_EQUITY":null,"LOAN_ASSETS":null,"DEPOSIT_EQUITY":null,"DEPOSIT_ASSETS":null,"EQUITY_MULTIPLIER":-0.476768869946,"EQUITY_RATIO":-1.476769862792},{"SECUCODE":"00279.HK","SECURITY_CODE":"00279","SECURITY_NAME_ABBR":"裕承科金","ORG_CODE":"10007535","STD_REPORT_DATE":"2020-06-30 00:00:00","REPORT_DATE":"2020-09-30 00:00:00","DATE_TYPE_CODE":"002","REPORT_TYPE":"2020年中报","PER_NETCASH_OPERATE":-0.140235753653,"PER_OI":0.006847537102,"BPS":-0.10339063539,"BASIC_EPS":-0.1669568,"DILUTED_EPS":-0.1669568,"OPERATE_INCOME":12792405.76,"OPERATE_INCOME_YOY":-67.9543903674,"GROSS_PROFIT":null,"GROSS_PROFIT_YOY":null,"HOLDER_PROFIT":-309392039.68,"HOLDER_PROFIT_YOY":88.5984759066,"GROSS_PROFIT_RATIO":null,"EPS_TTM":-1.877528750463,"OPERATE_INCOME_QOQ":0,"NET_PROFIT_RATIO":-2418.5602417915,"ROE_AVG":14.444052444167,"GROSS_PROFIT_QOQ":null,"ROA":-26.512064286639,"HOLDER_PROFIT_QOQ":0,"ROE_YEARLY":28.888104888335,"ROIC_YEARLY":-59.92750197542,"TOTAL_ASSETS":1350171733.12,"TOTAL_LIABILITIES":3585678470.4,"TAX_EBT":-0.159301802955,"OCF_SALES":-2047.97362275038,"TOTAL_PARENT_EQUITY":-2235506737.28,"DEBT_ASSET_RATIO":265.5720292791,"OPERATE_PROFIT":-41487007.36,"PRETAX_PROFIT":-308899956.48,"NETCASH_OPERATE":-261985095.68,"NETCASH_INVEST":-275039.36,"NETCASH_FINANCE":268353179.52,"END_CASH":137401931.52,"DIVI_RATIO":null,"DIVIDEND_RATE":null,"CURRENT_RATIO":0.16842266127,"COMMON_ACS":500000000000,"CURRENTDEBT_DEBT":99.102747900416,"ISSUED_COMMON_SHARES":21621946019,"HK_COMMON_SHARES":21621946019,"PER_SHARES":6000,"TOTAL_MARKET_CAP":821633948.722,"HKSK_MARKET_CAP":821633948.722,"PE_TTM":-21.304619320697,"PB_TTM":-15.899720348363,"REPORT_DATE_SQ":"2019-06-30 00:00:00","REPORT_TYPE_SQ":"2019年中报","OPERATE_INCOME_SQ":40977412.29,"DPS_HKD":null,"OPERATE_INCOME_QOQ_SQ":0,"NET_PROFIT_RATIO_SQ":-2316.9534904245,"HOLDER_PROFIT_SQ":-2785525043.31,"HOLDER_PROFIT_QOQ_SQ":0,"ROE_AVG_SQ":-103.428800442736,"PE_TTM_SQ":-6.589134491339,"PB_TTM_SQ":-65.387594526823,"ROA_SQ":-30.870960449699,"START_DATE":"2020-04-01 00:00:00","FISCAL_YEAR":"3-31","CURRENCY":"HKD","IS_CNY_CODE":0,"DPS_HKD_LY":null,"ORG_TYPE":"证券","PREMIUM_INCOME":null,"PREMIUM_INCOME_YOY":null,"NET_INTEREST_INCOME":null,"NET_INTEREST_INCOME_YOY":null,"FEE_COMMISSION_INCOME":null,"FEE_COMMISSION_INCOME_YOY":null,"ACCOUNTS_RECE_TDAYS":0.090091093618,"INVENTORY_TDAYS":null,"CURRENT_ASSETS_TDAYS":0.026988171588,"TOTAL_ASSETS_TDAYS":0.010961920166,"PREMIUM_EXPENSE":null,"LOAN_DEPOSIT":null,"LOAN_EQUITY":null,"LOAN_ASSETS":null,"DEPOSIT_EQUITY":null,"DEPOSIT_ASSETS":null,"EQUITY_MULTIPLIER":-0.603966747496,"EQUITY_RATIO":-1.603966747496}],"count":47},"success":true,"message":"ok","code":0}