{"version":"8ecef60e7c98aae6702b1715b0709a74","result":{"pages":6,"data":[{"SECUCODE":"00277.HK","SECURITY_CODE":"00277","SECURITY_NAME_ABBR":"太兴置业","ORG_CODE":"10007533","STD_REPORT_DATE":"2024-06-30 00:00:00","REPORT_DATE":"2024-09-30 00:00:00","DATE_TYPE_CODE":"002","REPORT_TYPE":"2024年中报","PER_NETCASH_OPERATE":0.016742289298,"PER_OI":0.085933125833,"BPS":8.200888545426,"BASIC_EPS":-0.181349969,"DILUTED_EPS":-0.181349969,"OPERATE_INCOME":23823488.22,"OPERATE_INCOME_YOY":-7.909506048,"GROSS_PROFIT":21370619.42,"GROSS_PROFIT_YOY":-9.532966410273,"HOLDER_PROFIT":-50282006.82,"HOLDER_PROFIT_YOY":-630.7252998287,"GROSS_PROFIT_RATIO":89.70398970399,"EPS_TTM":-0.032036136024,"OPERATE_INCOME_QOQ":0,"NET_PROFIT_RATIO":-211.0606404724,"ROE_AVG":-2.188190333864,"GROSS_PROFIT_QOQ":0,"ROA":-2.099302924352,"HOLDER_PROFIT_QOQ":0,"ROE_YEARLY":-4.376380667728,"ROIC_YEARLY":-4.674521810537,"TOTAL_ASSETS":2370671543.29,"TOTAL_LIABILITIES":97115568.68,"TAX_EBT":-3.140954495006,"OCF_SALES":19.482928306458,"TOTAL_PARENT_EQUITY":2273555974.61,"DEBT_ASSET_RATIO":4.0965425579,"OPERATE_PROFIT":-46792079.52,"PRETAX_PROFIT":-48750767.4,"NETCASH_OPERATE":4641513.13,"NETCASH_INVEST":-36005769.33,"NETCASH_FINANCE":-4859746.31,"END_CASH":227609992.42,"DIVI_RATIO":-0.480615701864,"DIVIDEND_RATE":0.706273369339,"CURRENT_RATIO":17.660664419836,"COMMON_ACS":null,"CURRENTDEBT_DEBT":19.286483675668,"ISSUED_COMMON_SHARES":277232883,"HK_COMMON_SHARES":277232883,"PER_SHARES":2000,"TOTAL_MARKET_CAP":667299549.381,"HKSK_MARKET_CAP":667299549.381,"PE_TTM":-8.773215568833,"PB_TTM":0.26467967684,"REPORT_DATE_SQ":"2023-06-30 00:00:00","REPORT_TYPE_SQ":"2023年中报","OPERATE_INCOME_SQ":26324051.81,"DPS_HKD":0.017,"OPERATE_INCOME_QOQ_SQ":0,"NET_PROFIT_RATIO_SQ":36.6228605292,"HOLDER_PROFIT_SQ":9640620.78,"HOLDER_PROFIT_QOQ_SQ":0,"ROE_AVG_SQ":0.401173889941,"PE_TTM_SQ":-14.367261227825,"PB_TTM_SQ":0.277945492482,"ROA_SQ":0.385104455826,"START_DATE":"2024-04-01 00:00:00","FISCAL_YEAR":"3-31","CURRENCY":"HKD","IS_CNY_CODE":0,"DPS_HKD_LY":0.017,"ORG_TYPE":"一般企业","PREMIUM_INCOME":null,"PREMIUM_INCOME_YOY":null,"NET_INTEREST_INCOME":null,"NET_INTEREST_INCOME_YOY":null,"FEE_COMMISSION_INCOME":null,"FEE_COMMISSION_INCOME_YOY":null,"ACCOUNTS_RECE_TDAYS":2.506213831705,"INVENTORY_TDAYS":null,"CURRENT_ASSETS_TDAYS":0.073981660009,"TOTAL_ASSETS_TDAYS":0.009946444395,"PREMIUM_EXPENSE":null,"LOAN_DEPOSIT":null,"LOAN_EQUITY":null,"LOAN_ASSETS":null,"DEPOSIT_EQUITY":null,"DEPOSIT_ASSETS":null,"EQUITY_MULTIPLIER":1.042715274998,"EQUITY_RATIO":0.042715274999},{"SECUCODE":"00277.HK","SECURITY_CODE":"00277","SECURITY_NAME_ABBR":"太兴置业","ORG_CODE":"10007533","STD_REPORT_DATE":"2023-12-31 00:00:00","REPORT_DATE":"2024-03-31 00:00:00","DATE_TYPE_CODE":"001","REPORT_TYPE":"2023年年报","PER_NETCASH_OPERATE":0.051103473898,"PER_OI":0.183224331293,"BPS":8.42058570249,"BASIC_EPS":-0.036262,"DILUTED_EPS":-0.036262,"OPERATE_INCOME":50795809.6,"OPERATE_INCOME_YOY":8.0114118282,"GROSS_PROFIT":46332863.95,"GROSS_PROFIT_YOY":6.669040294802,"HOLDER_PROFIT":-8881470.35,"HOLDER_PROFIT_YOY":86.972767406,"GROSS_PROFIT_RATIO":91.213949171902,"EPS_TTM":-0.155299068689,"OPERATE_INCOME_QOQ":0,"NET_PROFIT_RATIO":-17.4846516276,"ROE_AVG":-0.375406991069,"GROSS_PROFIT_QOQ":0,"ROA":-0.360395622207,"HOLDER_PROFIT_QOQ":0,"ROE_YEARLY":-0.375406991069,"ROIC_YEARLY":-0.393664243819,"TOTAL_ASSETS":2432453146.9,"TOTAL_LIABILITIES":97989896.05,"TAX_EBT":-74.045123467756,"OCF_SALES":27.8912050257,"TOTAL_PARENT_EQUITY":2334463250.85,"DEBT_ASSET_RATIO":4.0284391983,"OPERATE_PROFIT":-7198007,"PRETAX_PROFIT":-5102969.95,"NETCASH_OPERATE":14167563.4,"NETCASH_INVEST":18858053.1,"NETCASH_FINANCE":-8098211.15,"END_CASH":214174250.6,"DIVI_RATIO":-0.116871016376,"DIVIDEND_RATE":0.830909846282,"CURRENT_RATIO":17.318891160193,"COMMON_ACS":null,"CURRENTDEBT_DEBT":18.555661433422,"ISSUED_COMMON_SHARES":277232883,"HK_COMMON_SHARES":277232883,"PER_SHARES":2000,"TOTAL_MARKET_CAP":667299549.381,"HKSK_MARKET_CAP":667299549.381,"PE_TTM":-8.773215568833,"PB_TTM":0.26467967684,"REPORT_DATE_SQ":"2022-12-31 00:00:00","REPORT_TYPE_SQ":"2022年年报","OPERATE_INCOME_SQ":45412769.16,"DPS_HKD":0.02,"OPERATE_INCOME_QOQ_SQ":0,"NET_PROFIT_RATIO_SQ":-144.9687716863,"HOLDER_PROFIT_SQ":-65834333.64,"HOLDER_PROFIT_QOQ_SQ":0,"ROE_AVG_SQ":-2.800318146884,"PE_TTM_SQ":-15.417176471397,"PB_TTM_SQ":0.298256893856,"ROA_SQ":-2.690662858913,"START_DATE":"2023-04-01 00:00:00","FISCAL_YEAR":"3-31","CURRENCY":"HKD","IS_CNY_CODE":0,"DPS_HKD_LY":0.015,"ORG_TYPE":"一般企业","PREMIUM_INCOME":null,"PREMIUM_INCOME_YOY":null,"NET_INTEREST_INCOME":null,"NET_INTEREST_INCOME_YOY":null,"FEE_COMMISSION_INCOME":null,"FEE_COMMISSION_INCOME_YOY":null,"ACCOUNTS_RECE_TDAYS":5.703583061889,"INVENTORY_TDAYS":null,"CURRENT_ASSETS_TDAYS":0.187029251693,"TOTAL_ASSETS_TDAYS":0.020612113406,"PREMIUM_EXPENSE":null,"LOAN_DEPOSIT":null,"LOAN_EQUITY":null,"LOAN_ASSETS":null,"DEPOSIT_EQUITY":null,"DEPOSIT_ASSETS":null,"EQUITY_MULTIPLIER":1.04197534316,"EQUITY_RATIO":0.04197534316},{"SECUCODE":"00277.HK","SECURITY_CODE":"00277","SECURITY_NAME_ABBR":"太兴置业","ORG_CODE":"10007533","STD_REPORT_DATE":"2023-06-30 00:00:00","REPORT_DATE":"2023-09-30 00:00:00","DATE_TYPE_CODE":"002","REPORT_TYPE":"2023年中报","PER_NETCASH_OPERATE":0.029528161095,"PER_OI":0.094952848036,"BPS":8.583834113286,"BASIC_EPS":0.034778177,"DILUTED_EPS":0.034778177,"OPERATE_INCOME":26324051.81,"OPERATE_INCOME_YOY":11.7573727064,"GROSS_PROFIT":23622549.09,"GROSS_PROFIT_YOY":5.614338316737,"HOLDER_PROFIT":9640620.78,"HOLDER_PROFIT_YOY":172.3155286344,"GROSS_PROFIT_RATIO":89.737511764911,"EPS_TTM":-0.237469426165,"OPERATE_INCOME_QOQ":0,"NET_PROFIT_RATIO":36.6228605292,"ROE_AVG":0.401173889941,"GROSS_PROFIT_QOQ":0,"ROA":0.385104455826,"HOLDER_PROFIT_QOQ":0,"ROE_YEARLY":0.802347779883,"ROIC_YEARLY":0.827056704278,"TOTAL_ASSETS":2479965732.51,"TOTAL_LIABILITIES":100244654.09,"TAX_EBT":15.709242618742,"OCF_SALES":31.097709764005,"TOTAL_PARENT_EQUITY":2379721078.42,"DEBT_ASSET_RATIO":4.0421790017,"OPERATE_PROFIT":11080382.25,"PRETAX_PROFIT":11437340.32,"NETCASH_OPERATE":8186177.23,"NETCASH_INVEST":26074456.45,"NETCASH_FINANCE":-4422976.6,"END_CASH":221429624.78,"DIVI_RATIO":-0.076430723286,"DIVIDEND_RATE":0.830909846282,"CURRENT_RATIO":12.86360790627,"COMMON_ACS":null,"CURRENTDEBT_DEBT":20.469961462062,"ISSUED_COMMON_SHARES":277232883,"HK_COMMON_SHARES":277232883,"PER_SHARES":2000,"TOTAL_MARKET_CAP":667299549.381,"HKSK_MARKET_CAP":667299549.381,"PE_TTM":-8.773215568833,"PB_TTM":0.26467967684,"REPORT_DATE_SQ":"2022-06-30 00:00:00","REPORT_TYPE_SQ":"2022年中报","OPERATE_INCOME_SQ":23216070.36,"DPS_HKD":0.02,"OPERATE_INCOME_QOQ_SQ":0,"NET_PROFIT_RATIO_SQ":-56.5974521797,"HOLDER_PROFIT_SQ":-13139704.32,"HOLDER_PROFIT_QOQ_SQ":0,"ROE_AVG_SQ":-0.538922877606,"PE_TTM_SQ":-15.417176471397,"PB_TTM_SQ":0.298256893856,"ROA_SQ":-0.517848448059,"START_DATE":"2023-04-01 00:00:00","FISCAL_YEAR":"3-31","CURRENCY":"HKD","IS_CNY_CODE":0,"DPS_HKD_LY":0.015,"ORG_TYPE":"一般企业","PREMIUM_INCOME":null,"PREMIUM_INCOME_YOY":null,"NET_INTEREST_INCOME":null,"NET_INTEREST_INCOME_YOY":null,"FEE_COMMISSION_INCOME":null,"FEE_COMMISSION_INCOME_YOY":null,"ACCOUNTS_RECE_TDAYS":2.661008302027,"INVENTORY_TDAYS":null,"CURRENT_ASSETS_TDAYS":0.106352531188,"TOTAL_ASSETS_TDAYS":0.010515411693,"PREMIUM_EXPENSE":null,"LOAN_DEPOSIT":null,"LOAN_EQUITY":null,"LOAN_ASSETS":null,"DEPOSIT_EQUITY":null,"DEPOSIT_ASSETS":null,"EQUITY_MULTIPLIER":1.042124539299,"EQUITY_RATIO":0.0421245393},{"SECUCODE":"00277.HK","SECURITY_CODE":"00277","SECURITY_NAME_ABBR":"太兴置业","ORG_CODE":"10007533","STD_REPORT_DATE":"2022-12-31 00:00:00","REPORT_DATE":"2023-03-31 00:00:00","DATE_TYPE_CODE":"001","REPORT_TYPE":"2022年年报","PER_NETCASH_OPERATE":0.066948922578,"PER_OI":0.163807296842,"BPS":8.349811396471,"BASIC_EPS":-0.2363607,"DILUTED_EPS":-0.2363607,"OPERATE_INCOME":45412769.16,"OPERATE_INCOME_YOY":-9.1933902815,"GROSS_PROFIT":43436093.38,"GROSS_PROFIT_YOY":-3.11675907816,"HOLDER_PROFIT":-65834333.64,"HOLDER_PROFIT_YOY":-36.528511519,"GROSS_PROFIT_RATIO":95.647312822885,"EPS_TTM":-0.220587006665,"OPERATE_INCOME_QOQ":0,"NET_PROFIT_RATIO":-144.9687716863,"ROE_AVG":-2.800318146884,"GROSS_PROFIT_QOQ":0,"ROA":-2.690662858913,"HOLDER_PROFIT_QOQ":0,"ROE_YEARLY":-2.800318146884,"ROIC_YEARLY":-2.846347964563,"TOTAL_ASSETS":2410533353.05,"TOTAL_LIABILITIES":95691067.1,"TAX_EBT":-6.037618792476,"OCF_SALES":40.870537435423,"TOTAL_PARENT_EQUITY":2314842285.95,"DEBT_ASSET_RATIO":3.9697051683,"OPERATE_PROFIT":-53357114.91,"PRETAX_PROFIT":-62085828.02,"NETCASH_OPERATE":18560442.82,"NETCASH_INVEST":37618118.52,"NETCASH_FINANCE":-8910798.39,"END_CASH":182719952.25,"DIVI_RATIO":-0.06980043944,"DIVIDEND_RATE":0.706273369339,"CURRENT_RATIO":12.26327067303,"COMMON_ACS":null,"CURRENTDEBT_DEBT":18.785106577623,"ISSUED_COMMON_SHARES":277232883,"HK_COMMON_SHARES":277232883,"PER_SHARES":2000,"TOTAL_MARKET_CAP":667299549.381,"HKSK_MARKET_CAP":667299549.381,"PE_TTM":-8.773215568833,"PB_TTM":0.26467967684,"REPORT_DATE_SQ":"2021-12-31 00:00:00","REPORT_TYPE_SQ":"2021年年报","OPERATE_INCOME_SQ":46331379.28,"DPS_HKD":0.017,"OPERATE_INCOME_QOQ_SQ":0,"NET_PROFIT_RATIO_SQ":-96.420319283,"HOLDER_PROFIT_SQ":-44672863.83,"HOLDER_PROFIT_QOQ_SQ":0,"ROE_AVG_SQ":-1.96403634553,"PE_TTM_SQ":-15.400598862288,"PB_TTM_SQ":0.297936187518,"ROA_SQ":-1.827965249977,"START_DATE":"2022-04-01 00:00:00","FISCAL_YEAR":"3-31","CURRENCY":"HKD","IS_CNY_CODE":0,"DPS_HKD_LY":0.02,"ORG_TYPE":"一般企业","PREMIUM_INCOME":null,"PREMIUM_INCOME_YOY":null,"NET_INTEREST_INCOME":null,"NET_INTEREST_INCOME_YOY":null,"FEE_COMMISSION_INCOME":null,"FEE_COMMISSION_INCOME_YOY":null,"ACCOUNTS_RECE_TDAYS":5.245033112583,"INVENTORY_TDAYS":null,"CURRENT_ASSETS_TDAYS":0.228014346496,"TOTAL_ASSETS_TDAYS":0.018560292866,"PREMIUM_EXPENSE":null,"LOAN_DEPOSIT":null,"LOAN_EQUITY":null,"LOAN_ASSETS":null,"DEPOSIT_EQUITY":null,"DEPOSIT_ASSETS":null,"EQUITY_MULTIPLIER":1.041338050406,"EQUITY_RATIO":0.041338050407},{"SECUCODE":"00277.HK","SECURITY_CODE":"00277","SECURITY_NAME_ABBR":"太兴置业","ORG_CODE":"10007533","STD_REPORT_DATE":"2022-06-30 00:00:00","REPORT_DATE":"2022-09-30 00:00:00","DATE_TYPE_CODE":"002","REPORT_TYPE":"2022年中报","PER_NETCASH_OPERATE":0.037745777798,"PER_OI":0.083742123621,"BPS":8.693227800975,"BASIC_EPS":-0.047392656,"DILUTED_EPS":-0.047392656,"OPERATE_INCOME":23216070.36,"OPERATE_INCOME_YOY":-16.8346023003,"GROSS_PROFIT":22366801.2,"GROSS_PROFIT_YOY":-11.166728753733,"HOLDER_PROFIT":-13139704.32,"HOLDER_PROFIT_YOY":-462.2039391673,"GROSS_PROFIT_RATIO":96.341890996922,"EPS_TTM":-0.161138402294,"OPERATE_INCOME_QOQ":0,"NET_PROFIT_RATIO":-56.5974521797,"ROE_AVG":-0.538922877606,"GROSS_PROFIT_QOQ":0,"ROA":-0.517848448059,"HOLDER_PROFIT_QOQ":0,"ROE_YEARLY":-1.077845755213,"ROIC_YEARLY":-1.081396727189,"TOTAL_ASSETS":2509382346.6,"TOTAL_LIABILITIES":99333740.76,"TAX_EBT":-23.045650885068,"OCF_SALES":45.073824457517,"TOTAL_PARENT_EQUITY":2410048605.84,"DEBT_ASSET_RATIO":3.9584936466,"OPERATE_PROFIT":-6912634.92,"PRETAX_PROFIT":-10678723.08,"NETCASH_OPERATE":10464370.8,"NETCASH_INVEST":-14904266.76,"NETCASH_FINANCE":-5029590.84,"END_CASH":130617415.92,"DIVI_RATIO":-0.112635844352,"DIVIDEND_RATE":0.830909846282,"CURRENT_RATIO":8.415207460982,"COMMON_ACS":null,"CURRENTDEBT_DEBT":19.135201085324,"ISSUED_COMMON_SHARES":277232883,"HK_COMMON_SHARES":277232883,"PER_SHARES":2000,"TOTAL_MARKET_CAP":667299549.381,"HKSK_MARKET_CAP":667299549.381,"PE_TTM":-8.773215568833,"PB_TTM":0.26467967684,"REPORT_DATE_SQ":"2021-06-30 00:00:00","REPORT_TYPE_SQ":"2021年中报","OPERATE_INCOME_SQ":25712396.9,"DPS_HKD":0.02,"OPERATE_INCOME_QOQ_SQ":0,"NET_PROFIT_RATIO_SQ":12.9953021221,"HOLDER_PROFIT_SQ":3341403.66,"HOLDER_PROFIT_QOQ_SQ":0,"ROE_AVG_SQ":0.14036421206,"PE_TTM_SQ":-15.417176471397,"PB_TTM_SQ":0.298256893856,"ROA_SQ":0.128502790314,"START_DATE":"2022-04-01 00:00:00","FISCAL_YEAR":"3-31","CURRENCY":"HKD","IS_CNY_CODE":0,"DPS_HKD_LY":0.02,"ORG_TYPE":"一般企业","PREMIUM_INCOME":null,"PREMIUM_INCOME_YOY":null,"NET_INTEREST_INCOME":null,"NET_INTEREST_INCOME_YOY":null,"FEE_COMMISSION_INCOME":null,"FEE_COMMISSION_INCOME_YOY":null,"ACCOUNTS_RECE_TDAYS":2.448864720473,"INVENTORY_TDAYS":null,"CURRENT_ASSETS_TDAYS":0.135077250147,"TOTAL_ASSETS_TDAYS":0.009149677735,"PREMIUM_EXPENSE":null,"LOAN_DEPOSIT":null,"LOAN_EQUITY":null,"LOAN_ASSETS":null,"DEPOSIT_EQUITY":null,"DEPOSIT_ASSETS":null,"EQUITY_MULTIPLIER":1.041216488546,"EQUITY_RATIO":0.041216488547},{"SECUCODE":"00277.HK","SECURITY_CODE":"00277","SECURITY_NAME_ABBR":"太兴置业","ORG_CODE":"10007533","STD_REPORT_DATE":"2021-12-31 00:00:00","REPORT_DATE":"2022-03-31 00:00:00","DATE_TYPE_CODE":"001","REPORT_TYPE":"2021年年报","PER_NETCASH_OPERATE":0.051621158014,"PER_OI":0.167120793099,"BPS":7.976937451139,"BASIC_EPS":-0.162202,"DILUTED_EPS":-0.162202,"OPERATE_INCOME":46331379.28,"OPERATE_INCOME_YOY":-11.415723368,"GROSS_PROFIT":44833443.81,"GROSS_PROFIT_YOY":-15.814651082219,"HOLDER_PROFIT":-44672863.83,"HOLDER_PROFIT_YOY":58.9634132713,"GROSS_PROFIT_RATIO":96.766909396443,"EPS_TTM":-0.20944783812,"OPERATE_INCOME_QOQ":0,"NET_PROFIT_RATIO":-96.420319283,"ROE_AVG":-1.96403634553,"GROSS_PROFIT_QOQ":0,"ROA":-1.827965249977,"HOLDER_PROFIT_QOQ":0,"ROE_YEARLY":-1.96403634553,"ROIC_YEARLY":-1.898583980967,"TOTAL_ASSETS":2300343086.93,"TOTAL_LIABILITIES":88873719.84,"TAX_EBT":-10.10214075836,"OCF_SALES":30.888531018065,"TOTAL_PARENT_EQUITY":2211469367.09,"DEBT_ASSET_RATIO":3.8634984644,"OPERATE_PROFIT":-30478566.81,"PRETAX_PROFIT":-40574019.29,"NETCASH_OPERATE":14311082.46,"NETCASH_INVEST":148142330.64,"NETCASH_FINANCE":-165663390.68,"END_CASH":125811981.3,"DIVI_RATIO":-0.073512670927,"DIVIDEND_RATE":0.706273369339,"CURRENT_RATIO":10.570091027308,"COMMON_ACS":null,"CURRENTDEBT_DEBT":17.543619506497,"ISSUED_COMMON_SHARES":277232883,"HK_COMMON_SHARES":277232883,"PER_SHARES":2000,"TOTAL_MARKET_CAP":667299549.381,"HKSK_MARKET_CAP":667299549.381,"PE_TTM":-8.773215568833,"PB_TTM":0.26467967684,"REPORT_DATE_SQ":"2020-12-31 00:00:00","REPORT_TYPE_SQ":"2020年年报","OPERATE_INCOME_SQ":54505658.2,"DPS_HKD":0.017,"OPERATE_INCOME_QOQ_SQ":0,"NET_PROFIT_RATIO_SQ":-208.1392463948,"HOLDER_PROFIT_SQ":-113447666.22,"HOLDER_PROFIT_QOQ_SQ":0,"ROE_AVG_SQ":-4.59228027248,"PE_TTM_SQ":-15.400598862288,"PB_TTM_SQ":0.297936187518,"ROA_SQ":-4.11720329299,"START_DATE":"2021-04-01 00:00:00","FISCAL_YEAR":"3-31","CURRENCY":"HKD","IS_CNY_CODE":0,"DPS_HKD_LY":0.033,"ORG_TYPE":"一般企业","PREMIUM_INCOME":null,"PREMIUM_INCOME_YOY":null,"NET_INTEREST_INCOME":null,"NET_INTEREST_INCOME_YOY":null,"FEE_COMMISSION_INCOME":null,"FEE_COMMISSION_INCOME_YOY":null,"ACCOUNTS_RECE_TDAYS":4.580500320718,"INVENTORY_TDAYS":null,"CURRENT_ASSETS_TDAYS":0.255180962378,"TOTAL_ASSETS_TDAYS":0.018958299076,"PREMIUM_EXPENSE":null,"LOAN_DEPOSIT":null,"LOAN_EQUITY":null,"LOAN_ASSETS":null,"DEPOSIT_EQUITY":null,"DEPOSIT_ASSETS":null,"EQUITY_MULTIPLIER":1.040187633237,"EQUITY_RATIO":0.040187633237},{"SECUCODE":"00277.HK","SECURITY_CODE":"00277","SECURITY_NAME_ABBR":"太兴置业","ORG_CODE":"10007533","STD_REPORT_DATE":"2021-06-30 00:00:00","REPORT_DATE":"2021-09-30 00:00:00","DATE_TYPE_CODE":"002","REPORT_TYPE":"2021年中报","PER_NETCASH_OPERATE":0.049388708914,"PER_OI":0.092746562463,"BPS":8.512244345416,"BASIC_EPS":0.01207937,"DILUTED_EPS":0.01207937,"OPERATE_INCOME":25712396.9,"OPERATE_INCOME_YOY":-5.9681940044,"GROSS_PROFIT":25178405.44,"GROSS_PROFIT_YOY":-10.326097127042,"HOLDER_PROFIT":3341403.66,"HOLDER_PROFIT_YOY":106.7727065498,"GROSS_PROFIT_RATIO":97.923213996436,"EPS_TTM":-0.409214321881,"OPERATE_INCOME_QOQ":0,"NET_PROFIT_RATIO":12.9953021221,"ROE_AVG":0.14036421206,"GROSS_PROFIT_QOQ":0,"ROA":0.128502790314,"HOLDER_PROFIT_QOQ":0,"ROE_YEARLY":0.28072842412,"ROIC_YEARLY":0.264450103174,"TOTAL_ASSETS":2542797355.48,"TOTAL_LIABILITIES":182923314.8,"TAX_EBT":41.153169014085,"OCF_SALES":53.251255467358,"TOTAL_PARENT_EQUITY":2359874040.68,"DEBT_ASSET_RATIO":7.1937826428,"OPERATE_PROFIT":10174161.78,"PRETAX_PROFIT":5678136.96,"NETCASH_OPERATE":13692174.16,"NETCASH_INVEST":85270355.48,"NETCASH_FINANCE":-78603376.3,"END_CASH":152842351.26,"DIVI_RATIO":-0.037625931393,"DIVIDEND_RATE":0.706273369339,"CURRENT_RATIO":7.317848410758,"COMMON_ACS":null,"CURRENTDEBT_DEBT":16.391292467438,"ISSUED_COMMON_SHARES":277232883,"HK_COMMON_SHARES":277232883,"PER_SHARES":2000,"TOTAL_MARKET_CAP":667299549.381,"HKSK_MARKET_CAP":667299549.381,"PE_TTM":-8.773215568833,"PB_TTM":0.26467967684,"REPORT_DATE_SQ":"2020-06-30 00:00:00","REPORT_TYPE_SQ":"2020年中报","OPERATE_INCOME_SQ":28843105.28,"DPS_HKD":0.017,"OPERATE_INCOME_QOQ_SQ":0,"NET_PROFIT_RATIO_SQ":-180.4259078723,"HOLDER_PROFIT_SQ":-52040434.56,"HOLDER_PROFIT_QOQ_SQ":0,"ROE_AVG_SQ":-2.003412597518,"PE_TTM_SQ":-15.400598862288,"PB_TTM_SQ":0.297936187518,"ROA_SQ":-1.796543421699,"START_DATE":"2021-04-01 00:00:00","FISCAL_YEAR":"3-31","CURRENCY":"HKD","IS_CNY_CODE":0,"DPS_HKD_LY":0.033,"ORG_TYPE":"一般企业","PREMIUM_INCOME":null,"PREMIUM_INCOME_YOY":null,"NET_INTEREST_INCOME":null,"NET_INTEREST_INCOME_YOY":null,"FEE_COMMISSION_INCOME":null,"FEE_COMMISSION_INCOME_YOY":null,"ACCOUNTS_RECE_TDAYS":2.032196470898,"INVENTORY_TDAYS":null,"CURRENT_ASSETS_TDAYS":0.121535126664,"TOTAL_ASSETS_TDAYS":0.009888403448,"PREMIUM_EXPENSE":null,"LOAN_DEPOSIT":null,"LOAN_EQUITY":null,"LOAN_ASSETS":null,"DEPOSIT_EQUITY":null,"DEPOSIT_ASSETS":null,"EQUITY_MULTIPLIER":1.077514016277,"EQUITY_RATIO":0.077514016277},{"SECUCODE":"00277.HK","SECURITY_CODE":"00277","SECURITY_NAME_ABBR":"太兴置业","ORG_CODE":"10007533","STD_REPORT_DATE":"2020-12-31 00:00:00","REPORT_DATE":"2021-03-31 00:00:00","DATE_TYPE_CODE":"001","REPORT_TYPE":"2020年年报","PER_NETCASH_OPERATE":0.09972367881,"PER_OI":0.196606036088,"BPS":8.787225841893,"BASIC_EPS":-0.4056864,"DILUTED_EPS":-0.4056864,"OPERATE_INCOME":54505658.2,"OPERATE_INCOME_YOY":-11.8025164114,"GROSS_PROFIT":53255636.98,"GROSS_PROFIT_YOY":-18.808586088967,"HOLDER_PROFIT":-113447666.22,"HOLDER_PROFIT_YOY":74.7313669975,"GROSS_PROFIT_RATIO":97.706621181579,"EPS_TTM":-1.0824439581,"OPERATE_INCOME_QOQ":0,"NET_PROFIT_RATIO":-208.1392463948,"ROE_AVG":-4.59228027248,"GROSS_PROFIT_QOQ":0,"ROA":-4.11720329299,"HOLDER_PROFIT_QOQ":0,"ROE_YEARLY":-4.59228027248,"ROIC_YEARLY":-4.184962177456,"TOTAL_ASSETS":2696384515.44,"TOTAL_LIABILITIES":260276561.72,"TAX_EBT":-5.80292747523,"OCF_SALES":50.722592650023,"TOTAL_PARENT_EQUITY":2436107953.72,"DEBT_ASSET_RATIO":9.6527984132,"OPERATE_PROFIT":-92123774.82,"PRETAX_PROFIT":-107225451.06,"NETCASH_OPERATE":27646682.98,"NETCASH_INVEST":155802171.56,"NETCASH_FINANCE":-68130804.98,"END_CASH":134433485.62,"DIVI_RATIO":-0.014224357654,"DIVIDEND_RATE":0.706273369339,"CURRENT_RATIO":6.03045622688,"COMMON_ACS":null,"CURRENTDEBT_DEBT":13.167550997876,"ISSUED_COMMON_SHARES":277232883,"HK_COMMON_SHARES":277232883,"PER_SHARES":2000,"TOTAL_MARKET_CAP":667299549.381,"HKSK_MARKET_CAP":667299549.381,"PE_TTM":-8.773215568833,"PB_TTM":0.26467967684,"REPORT_DATE_SQ":"2019-12-31 00:00:00","REPORT_TYPE_SQ":"2019年年报","OPERATE_INCOME_SQ":66809744,"DPS_HKD":0.017,"OPERATE_INCOME_QOQ_SQ":0,"NET_PROFIT_RATIO_SQ":-726.4879649891,"HOLDER_PROFIT_SQ":-485364749.6,"HOLDER_PROFIT_QOQ_SQ":0,"ROE_AVG_SQ":-15.848872299008,"PE_TTM_SQ":-15.400598862288,"PB_TTM_SQ":0.297936187518,"ROA_SQ":-14.352322044829,"START_DATE":"2020-04-01 00:00:00","FISCAL_YEAR":"3-31","CURRENCY":"HKD","IS_CNY_CODE":0,"DPS_HKD_LY":0.042,"ORG_TYPE":"一般企业","PREMIUM_INCOME":null,"PREMIUM_INCOME_YOY":null,"NET_INTEREST_INCOME":null,"NET_INTEREST_INCOME_YOY":null,"FEE_COMMISSION_INCOME":null,"FEE_COMMISSION_INCOME_YOY":null,"ACCOUNTS_RECE_TDAYS":4.241646935017,"INVENTORY_TDAYS":null,"CURRENT_ASSETS_TDAYS":0.363118347077,"TOTAL_ASSETS_TDAYS":0.019781004132,"PREMIUM_EXPENSE":null,"LOAN_DEPOSIT":null,"LOAN_EQUITY":null,"LOAN_ASSETS":null,"DEPOSIT_EQUITY":null,"DEPOSIT_ASSETS":null,"EQUITY_MULTIPLIER":1.106841144426,"EQUITY_RATIO":0.106841144426},{"SECUCODE":"00277.HK","SECURITY_CODE":"00277","SECURITY_NAME_ABBR":"太兴置业","ORG_CODE":"10007533","STD_REPORT_DATE":"2020-06-30 00:00:00","REPORT_DATE":"2020-09-30 00:00:00","DATE_TYPE_CODE":"002","REPORT_TYPE":"2020年中报","PER_NETCASH_OPERATE":0.06143654236,"PER_OI":0.104039264635,"BPS":9.346265784207,"BASIC_EPS":-0.187694592,"DILUTED_EPS":-0.187694592,"OPERATE_INCOME":28843105.28,"OPERATE_INCOME_YOY":-17.1341294085,"GROSS_PROFIT":28077740.16,"GROSS_PROFIT_YOY":-20.506742086382,"HOLDER_PROFIT":-52040434.56,"HOLDER_PROFIT_YOY":77.4900511978,"GROSS_PROFIT_RATIO":97.346453814282,"EPS_TTM":-1.750747401779,"OPERATE_INCOME_QOQ":0,"NET_PROFIT_RATIO":-180.4259078723,"ROE_AVG":-2.003412597518,"GROSS_PROFIT_QOQ":0,"ROA":-1.796543421699,"HOLDER_PROFIT_QOQ":0,"ROE_YEARLY":-4.006825195037,"ROIC_YEARLY":-3.679939751962,"TOTAL_ASSETS":2867179881.6,"TOTAL_LIABILITIES":276087672.96,"TAX_EBT":-6.995356904121,"OCF_SALES":59.051303923958,"TOTAL_PARENT_EQUITY":2591092208.64,"DEBT_ASSET_RATIO":9.6292414275,"OPERATE_PROFIT":-42278734.08,"PRETAX_PROFIT":-48638030.72,"NETCASH_OPERATE":17032229.76,"NETCASH_INVEST":158965720.32,"NETCASH_FINANCE":-57735418.88,"END_CASH":137697181.44,"DIVI_RATIO":-0.00879456967,"DIVIDEND_RATE":0.706273369339,"CURRENT_RATIO":5.570352691594,"COMMON_ACS":null,"CURRENTDEBT_DEBT":12.002177005853,"ISSUED_COMMON_SHARES":277232883,"HK_COMMON_SHARES":277232883,"PER_SHARES":2000,"TOTAL_MARKET_CAP":667299549.381,"HKSK_MARKET_CAP":667299549.381,"PE_TTM":-8.773215568833,"PB_TTM":0.26467967684,"REPORT_DATE_SQ":"2019-06-30 00:00:00","REPORT_TYPE_SQ":"2019年中报","OPERATE_INCOME_SQ":35729518.11,"DPS_HKD":0.017,"OPERATE_INCOME_QOQ_SQ":0,"NET_PROFIT_RATIO_SQ":-664.2018631188,"HOLDER_PROFIT_SQ":-237316124.97,"HOLDER_PROFIT_QOQ_SQ":0,"ROE_AVG_SQ":-7.473360404572,"PE_TTM_SQ":-15.400598862288,"PB_TTM_SQ":0.297936187518,"ROA_SQ":-6.819934187273,"START_DATE":"2020-04-01 00:00:00","FISCAL_YEAR":"3-31","CURRENCY":"HKD","IS_CNY_CODE":0,"DPS_HKD_LY":0.042,"ORG_TYPE":"一般企业","PREMIUM_INCOME":null,"PREMIUM_INCOME_YOY":null,"NET_INTEREST_INCOME":null,"NET_INTEREST_INCOME_YOY":null,"FEE_COMMISSION_INCOME":null,"FEE_COMMISSION_INCOME_YOY":null,"ACCOUNTS_RECE_TDAYS":2.211710801159,"INVENTORY_TDAYS":null,"CURRENT_ASSETS_TDAYS":0.204686895898,"TOTAL_ASSETS_TDAYS":0.009957236424,"PREMIUM_EXPENSE":null,"LOAN_DEPOSIT":null,"LOAN_EQUITY":null,"LOAN_ASSETS":null,"DEPOSIT_EQUITY":null,"DEPOSIT_ASSETS":null,"EQUITY_MULTIPLIER":1.106552623654,"EQUITY_RATIO":0.106552623654}],"count":50},"success":true,"message":"ok","code":0}