{"version":"9b909e98901ed09276d78e933d780a78","result":{"pages":5,"data":[{"SECUCODE":"00272.HK","SECURITY_CODE":"00272","SECURITY_NAME_ABBR":"瑞安房地产","ORG_CODE":"10094122","STD_REPORT_DATE":"2024-06-30 00:00:00","REPORT_DATE":"2024-06-30 00:00:00","DATE_TYPE_CODE":"002","REPORT_TYPE":"2024年中报","PER_NETCASH_OPERATE":0.054813187585,"PER_OI":0.258244858782,"BPS":4.792790377188,"BASIC_EPS":0.009,"DILUTED_EPS":0.009,"OPERATE_INCOME":2073000000,"OPERATE_INCOME_YOY":-67.765510807,"GROSS_PROFIT":1355000000,"GROSS_PROFIT_YOY":-54.052221091896,"HOLDER_PROFIT":72000000,"HOLDER_PROFIT_YOY":-88.3495145631,"GROSS_PROFIT_RATIO":65.364206464062,"EPS_TTM":0.032887912551,"OPERATE_INCOME_QOQ":-44.688269073011,"NET_PROFIT_RATIO":8.8277858177,"ROE_AVG":0.186200475846,"GROSS_PROFIT_QOQ":-31.595639246779,"ROA":0.071509090096,"HOLDER_PROFIT_QOQ":-67.407407407407,"ROE_YEARLY":0.372400951691,"ROIC_YEARLY":0.162174033009,"TOTAL_ASSETS":100375000000,"TOTAL_LIABILITIES":56602000000,"TAX_EBT":35.106382978723,"OCF_SALES":21.225277375784,"TOTAL_PARENT_EQUITY":38473000000,"DEBT_ASSET_RATIO":56.3905354919,"OPERATE_PROFIT":1115000000,"PRETAX_PROFIT":282000000,"NETCASH_OPERATE":440000000,"NETCASH_INVEST":1343000000,"NETCASH_FINANCE":14000000,"END_CASH":7455000000,"DIVI_RATIO":1.598178659663,"DIVIDEND_RATE":8.923076923077,"CURRENT_RATIO":1.080371857173,"COMMON_ACS":12000000000,"CURRENTDEBT_DEBT":41.809476696937,"ISSUED_COMMON_SHARES":8027265324,"HK_COMMON_SHARES":8027265324,"PER_SHARES":500,"TOTAL_MARKET_CAP":5217722460.6,"HKSK_MARKET_CAP":5217722460.6,"PE_TTM":17.253534254188,"PB_TTM":0.123777998475,"REPORT_DATE_SQ":"2023-06-30 00:00:00","REPORT_TYPE_SQ":"2023年中报","OPERATE_INCOME_SQ":6431000000,"DPS_HKD":0.058,"OPERATE_INCOME_QOQ_SQ":12.95213620302,"NET_PROFIT_RATIO_SQ":14.1968589644,"HOLDER_PROFIT_SQ":618000000,"HOLDER_PROFIT_QOQ_SQ":18.543046357616,"ROE_AVG_SQ":1.588158199059,"PE_TTM_SQ":4.850944950327,"PB_TTM_SQ":0.13395089095,"ROA_SQ":0.593999452136,"START_DATE":"2024-01-01 00:00:00","FISCAL_YEAR":"12-31","CURRENCY":"HKD","IS_CNY_CODE":0,"DPS_HKD_LY":0.058,"ORG_TYPE":"一般企业","PREMIUM_INCOME":null,"PREMIUM_INCOME_YOY":null,"NET_INTEREST_INCOME":null,"NET_INTEREST_INCOME_YOY":null,"FEE_COMMISSION_INCOME":null,"FEE_COMMISSION_INCOME_YOY":null,"ACCOUNTS_RECE_TDAYS":0.907022533363,"INVENTORY_TDAYS":0.183163265306,"CURRENT_ASSETS_TDAYS":0.078635915333,"TOTAL_ASSETS_TDAYS":0.020588658857,"PREMIUM_EXPENSE":null,"LOAN_DEPOSIT":null,"LOAN_EQUITY":null,"LOAN_ASSETS":null,"DEPOSIT_EQUITY":null,"DEPOSIT_ASSETS":null,"EQUITY_MULTIPLIER":2.293080209261,"EQUITY_RATIO":1.471213578354},{"SECUCODE":"00272.HK","SECURITY_CODE":"00272","SECURITY_NAME_ABBR":"瑞安房地产","ORG_CODE":"10094122","STD_REPORT_DATE":"2023-12-31 00:00:00","REPORT_DATE":"2023-12-31 00:00:00","DATE_TYPE_CODE":"001","REPORT_TYPE":"2023年年报","PER_NETCASH_OPERATE":0.138777024931,"PER_OI":1.214859557569,"BPS":4.841374793456,"BASIC_EPS":0.101,"DILUTED_EPS":0.101,"OPERATE_INCOME":9752000000,"OPERATE_INCOME_YOY":-37.3466109862,"GROSS_PROFIT":5045000000,"GROSS_PROFIT_YOY":-24.123928410287,"HOLDER_PROFIT":810000000,"HOLDER_PROFIT_YOY":-10.5960264901,"GROSS_PROFIT_RATIO":51.732977850697,"EPS_TTM":0.100906095327,"OPERATE_INCOME_QOQ":-44.531027814118,"NET_PROFIT_RATIO":14.325266612,"ROE_AVG":2.07657698076,"GROSS_PROFIT_QOQ":-25.55703113472,"ROA":0.78688142377,"HOLDER_PROFIT_QOQ":-24.581005586592,"ROE_YEARLY":2.07657698076,"ROIC_YEARLY":0.907980136533,"TOTAL_ASSETS":100998000000,"TOTAL_LIABILITIES":56849000000,"TAX_EBT":48.240088921823,"OCF_SALES":11.42329778507,"TOTAL_PARENT_EQUITY":38863000000,"DEBT_ASSET_RATIO":56.2872532129,"OPERATE_PROFIT":4085000000,"PRETAX_PROFIT":2699000000,"NETCASH_OPERATE":1114000000,"NETCASH_INVEST":-1353000000,"NETCASH_FINANCE":-5105000000,"END_CASH":5810000000,"DIVI_RATIO":0.520887859446,"DIVIDEND_RATE":8.169014084507,"CURRENT_RATIO":1.059124059124,"COMMON_ACS":12000000000,"CURRENTDEBT_DEBT":45.103695755422,"ISSUED_COMMON_SHARES":8027265324,"HK_COMMON_SHARES":8027265324,"PER_SHARES":500,"TOTAL_MARKET_CAP":5699358380.04,"HKSK_MARKET_CAP":5699358380.04,"PE_TTM":18.846168185344,"PB_TTM":0.135203659873,"REPORT_DATE_SQ":"2022-12-31 00:00:00","REPORT_TYPE_SQ":"2022年年报","OPERATE_INCOME_SQ":15565000000,"DPS_HKD":0.058,"OPERATE_INCOME_QOQ_SQ":55.759031321925,"NET_PROFIT_RATIO_SQ":9.476389335,"HOLDER_PROFIT_SQ":906000000,"HOLDER_PROFIT_QOQ_SQ":-9.760956175299,"ROE_AVG_SQ":2.291176693726,"PE_TTM_SQ":4.781645736751,"PB_TTM_SQ":0.132037306794,"ROA_SQ":0.828251986068,"START_DATE":"2023-01-01 00:00:00","FISCAL_YEAR":"12-31","CURRENCY":"HKD","IS_CNY_CODE":0,"DPS_HKD_LY":0.096,"ORG_TYPE":"一般企业","PREMIUM_INCOME":null,"PREMIUM_INCOME_YOY":null,"NET_INTEREST_INCOME":null,"NET_INTEREST_INCOME_YOY":null,"FEE_COMMISSION_INCOME":null,"FEE_COMMISSION_INCOME_YOY":null,"ACCOUNTS_RECE_TDAYS":4.091462135515,"INVENTORY_TDAYS":1.009435985417,"CURRENT_ASSETS_TDAYS":0.35421244756,"TOTAL_ASSETS_TDAYS":0.094736637588,"PREMIUM_EXPENSE":null,"LOAN_DEPOSIT":null,"LOAN_EQUITY":null,"LOAN_ASSETS":null,"DEPOSIT_EQUITY":null,"DEPOSIT_ASSETS":null,"EQUITY_MULTIPLIER":2.287662234703,"EQUITY_RATIO":1.462805238916},{"SECUCODE":"00272.HK","SECURITY_CODE":"00272","SECURITY_NAME_ABBR":"瑞安房地产","ORG_CODE":"10094122","STD_REPORT_DATE":"2023-06-30 00:00:00","REPORT_DATE":"2023-06-30 00:00:00","DATE_TYPE_CODE":"002","REPORT_TYPE":"2023年中报","PER_NETCASH_OPERATE":0.108006894628,"PER_OI":0.801144566727,"BPS":4.818079188733,"BASIC_EPS":0.077,"DILUTED_EPS":0.077,"OPERATE_INCOME":6431000000,"OPERATE_INCOME_YOY":45.6625141563,"GROSS_PROFIT":2949000000,"GROSS_PROFIT_YOY":4.537398085785,"HOLDER_PROFIT":618000000,"HOLDER_PROFIT_YOY":37.3333333333,"GROSS_PROFIT_RATIO":45.856009951796,"EPS_TTM":0.133794007878,"OPERATE_INCOME_QOQ":12.95213620302,"NET_PROFIT_RATIO":14.1968589644,"ROE_AVG":1.588158199059,"GROSS_PROFIT_QOQ":1.925101519025,"ROA":0.593999452136,"HOLDER_PROFIT_QOQ":18.543046357616,"ROE_YEARLY":3.176316398119,"ROIC_YEARLY":1.39973386937,"TOTAL_ASSETS":103203000000,"TOTAL_LIABILITIES":59003000000,"TAX_EBT":51.176470588235,"OCF_SALES":13.481573627741,"TOTAL_PARENT_EQUITY":38676000000,"DEBT_ASSET_RATIO":57.1717876418,"OPERATE_PROFIT":2249000000,"PRETAX_PROFIT":1870000000,"NETCASH_OPERATE":867000000,"NETCASH_INVEST":-682000000,"NETCASH_FINANCE":-1869000000,"END_CASH":9525000000,"DIVI_RATIO":0.392848385616,"DIVIDEND_RATE":8.169014084507,"CURRENT_RATIO":1.056826684519,"COMMON_ACS":12000000000,"CURRENTDEBT_DEBT":43.036794739251,"ISSUED_COMMON_SHARES":8027265324,"HK_COMMON_SHARES":8027265324,"PER_SHARES":500,"TOTAL_MARKET_CAP":5699358380.04,"HKSK_MARKET_CAP":5699358380.04,"PE_TTM":18.846168185344,"PB_TTM":0.135203659873,"REPORT_DATE_SQ":"2022-06-30 00:00:00","REPORT_TYPE_SQ":"2022年中报","OPERATE_INCOME_SQ":4415000000,"DPS_HKD":0.058,"OPERATE_INCOME_QOQ_SQ":-43.076046710339,"NET_PROFIT_RATIO_SQ":17.644394111,"HOLDER_PROFIT_SQ":450000000,"HOLDER_PROFIT_QOQ_SQ":-38.630806845966,"ROE_AVG_SQ":1.129603132766,"PE_TTM_SQ":4.781645736751,"PB_TTM_SQ":0.132037306794,"ROA_SQ":0.402080094355,"START_DATE":"2023-01-01 00:00:00","FISCAL_YEAR":"12-31","CURRENCY":"HKD","IS_CNY_CODE":0,"DPS_HKD_LY":0.096,"ORG_TYPE":"一般企业","PREMIUM_INCOME":null,"PREMIUM_INCOME_YOY":null,"NET_INTEREST_INCOME":null,"NET_INTEREST_INCOME_YOY":null,"FEE_COMMISSION_INCOME":null,"FEE_COMMISSION_INCOME_YOY":null,"ACCOUNTS_RECE_TDAYS":null,"INVENTORY_TDAYS":0.701309164149,"CURRENT_ASSETS_TDAYS":0.234956706003,"TOTAL_ASSETS_TDAYS":0.06181246726,"PREMIUM_EXPENSE":null,"LOAN_DEPOSIT":null,"LOAN_EQUITY":null,"LOAN_ASSETS":null,"DEPOSIT_EQUITY":null,"DEPOSIT_ASSETS":null,"EQUITY_MULTIPLIER":2.334909502261,"EQUITY_RATIO":1.525571413797},{"SECUCODE":"00272.HK","SECURITY_CODE":"00272","SECURITY_NAME_ABBR":"瑞安房地产","ORG_CODE":"10094122","STD_REPORT_DATE":"2022-12-31 00:00:00","REPORT_DATE":"2022-12-31 00:00:00","DATE_TYPE_CODE":"001","REPORT_TYPE":"2022年年报","PER_NETCASH_OPERATE":0.504032174931,"PER_OI":1.939016510824,"BPS":4.877127940813,"BASIC_EPS":0.113,"DILUTED_EPS":0.113,"OPERATE_INCOME":15565000000,"OPERATE_INCOME_YOY":-11.3358017659,"GROSS_PROFIT":6649000000,"GROSS_PROFIT_YOY":-7.305172173428,"HOLDER_PROFIT":906000000,"HOLDER_PROFIT_YOY":-44.6210268949,"GROSS_PROFIT_RATIO":42.717635721169,"EPS_TTM":0.112865336255,"OPERATE_INCOME_QOQ":55.759031321925,"NET_PROFIT_RATIO":9.476389335,"ROE_AVG":2.291176693726,"GROSS_PROFIT_QOQ":31.663366336634,"ROA":0.828251986068,"HOLDER_PROFIT_QOQ":-9.760956175299,"ROE_YEARLY":2.291176693726,"ROIC_YEARLY":1.007394229166,"TOTAL_ASSETS":104878000000,"TOTAL_LIABILITIES":60477000000,"TAX_EBT":56.706780158497,"OCF_SALES":25.994217796338,"TOTAL_PARENT_EQUITY":39150000000,"DEBT_ASSET_RATIO":57.6641430996,"OPERATE_PROFIT":5685000000,"PRETAX_PROFIT":3407000000,"NETCASH_OPERATE":4046000000,"NETCASH_INVEST":-2966000000,"NETCASH_FINANCE":-7314000000,"END_CASH":11176000000,"DIVI_RATIO":0.465694443875,"DIVIDEND_RATE":8.169014084507,"CURRENT_RATIO":1.013878796687,"COMMON_ACS":12000000000,"CURRENTDEBT_DEBT":45.511516774972,"ISSUED_COMMON_SHARES":8027265324,"HK_COMMON_SHARES":8027265324,"PER_SHARES":500,"TOTAL_MARKET_CAP":5699358380.04,"HKSK_MARKET_CAP":5699358380.04,"PE_TTM":18.846168185344,"PB_TTM":0.135203659873,"REPORT_DATE_SQ":"2021-12-31 00:00:00","REPORT_TYPE_SQ":"2021年年报","OPERATE_INCOME_SQ":17555000000,"DPS_HKD":0.058,"OPERATE_INCOME_QOQ_SQ":16.073790002645,"NET_PROFIT_RATIO_SQ":12.5776132156,"HOLDER_PROFIT_SQ":1636000000,"HOLDER_PROFIT_QOQ_SQ":-16.700610997963,"ROE_AVG_SQ":3.777244181751,"PE_TTM_SQ":4.781645736751,"PB_TTM_SQ":0.132037306794,"ROA_SQ":1.426509890091,"START_DATE":"2022-01-01 00:00:00","FISCAL_YEAR":"12-31","CURRENCY":"HKD","IS_CNY_CODE":0,"DPS_HKD_LY":0.12,"ORG_TYPE":"一般企业","PREMIUM_INCOME":null,"PREMIUM_INCOME_YOY":null,"NET_INTEREST_INCOME":null,"NET_INTEREST_INCOME_YOY":null,"FEE_COMMISSION_INCOME":null,"FEE_COMMISSION_INCOME_YOY":null,"ACCOUNTS_RECE_TDAYS":9.709918902059,"INVENTORY_TDAYS":0.882073605065,"CURRENT_ASSETS_TDAYS":0.478599102146,"TOTAL_ASSETS_TDAYS":0.142292959858,"PREMIUM_EXPENSE":null,"LOAN_DEPOSIT":null,"LOAN_EQUITY":null,"LOAN_ASSETS":null,"DEPOSIT_EQUITY":null,"DEPOSIT_ASSETS":null,"EQUITY_MULTIPLIER":2.362063917479,"EQUITY_RATIO":1.544750957854},{"SECUCODE":"00272.HK","SECURITY_CODE":"00272","SECURITY_NAME_ABBR":"瑞安房地产","ORG_CODE":"10094122","STD_REPORT_DATE":"2022-06-30 00:00:00","REPORT_DATE":"2022-06-30 00:00:00","DATE_TYPE_CODE":"002","REPORT_TYPE":"2022年中报","PER_NETCASH_OPERATE":-0.25997813948,"PER_OI":0.547616166892,"BPS":4.950378291495,"BASIC_EPS":0.056,"DILUTED_EPS":0.056,"OPERATE_INCOME":4415000000,"OPERATE_INCOME_YOY":-63.1376805544,"GROSS_PROFIT":2821000000,"GROSS_PROFIT_YOY":-42.940938511327,"HOLDER_PROFIT":450000000,"HOLDER_PROFIT_YOY":-58.4103512015,"GROSS_PROFIT_RATIO":63.895809739524,"EPS_TTM":0.124531513377,"OPERATE_INCOME_QOQ":-43.076046710339,"NET_PROFIT_RATIO":17.644394111,"ROE_AVG":1.129603132766,"GROSS_PROFIT_QOQ":-29.597100237,"ROA":0.402080094355,"HOLDER_PROFIT_QOQ":-38.630806845966,"ROE_YEARLY":2.259206265532,"ROIC_YEARLY":0.972189965919,"TOTAL_ASSETS":109940000000,"TOTAL_LIABILITIES":64867000000,"TAX_EBT":24.148003894839,"OCF_SALES":-47.474518686297,"TOTAL_PARENT_EQUITY":39738000000,"DEBT_ASSET_RATIO":59.0021830089,"OPERATE_PROFIT":2276000000,"PRETAX_PROFIT":1027000000,"NETCASH_OPERATE":-2096000000,"NETCASH_INVEST":-295000000,"NETCASH_FINANCE":-4122000000,"END_CASH":10875000000,"DIVI_RATIO":0.422067945492,"DIVIDEND_RATE":8.169014084507,"CURRENT_RATIO":1.031915229115,"COMMON_ACS":12000000000,"CURRENTDEBT_DEBT":48.883099264649,"ISSUED_COMMON_SHARES":8027265324,"HK_COMMON_SHARES":8027265324,"PER_SHARES":500,"TOTAL_MARKET_CAP":5699358380.04,"HKSK_MARKET_CAP":5699358380.04,"PE_TTM":18.846168185344,"PB_TTM":0.135203659873,"REPORT_DATE_SQ":"2021-06-30 00:00:00","REPORT_TYPE_SQ":"2021年中报","OPERATE_INCOME_SQ":11977000000,"DPS_HKD":0.058,"OPERATE_INCOME_QOQ_SQ":228.997172068741,"NET_PROFIT_RATIO_SQ":10.7539450614,"HOLDER_PROFIT_SQ":1082000000,"HOLDER_PROFIT_QOQ_SQ":365.405405405405,"ROE_AVG_SQ":2.504426724687,"PE_TTM_SQ":4.781645736751,"PB_TTM_SQ":0.132037306794,"ROA_SQ":0.961034577704,"START_DATE":"2022-01-01 00:00:00","FISCAL_YEAR":"12-31","CURRENCY":"HKD","IS_CNY_CODE":0,"DPS_HKD_LY":0.12,"ORG_TYPE":"一般企业","PREMIUM_INCOME":null,"PREMIUM_INCOME_YOY":null,"NET_INTEREST_INCOME":null,"NET_INTEREST_INCOME_YOY":null,"FEE_COMMISSION_INCOME":null,"FEE_COMMISSION_INCOME_YOY":null,"ACCOUNTS_RECE_TDAYS":null,"INVENTORY_TDAYS":0.120698141067,"CURRENT_ASSETS_TDAYS":0.126397457736,"TOTAL_ASSETS_TDAYS":0.039448524813,"PREMIUM_EXPENSE":null,"LOAN_DEPOSIT":null,"LOAN_EQUITY":null,"LOAN_ASSETS":null,"DEPOSIT_EQUITY":null,"DEPOSIT_ASSETS":null,"EQUITY_MULTIPLIER":2.439154260865,"EQUITY_RATIO":1.632367003875},{"SECUCODE":"00272.HK","SECURITY_CODE":"00272","SECURITY_NAME_ABBR":"瑞安房地产","ORG_CODE":"10094122","STD_REPORT_DATE":"2021-12-31 00:00:00","REPORT_DATE":"2021-12-31 00:00:00","DATE_TYPE_CODE":"001","REPORT_TYPE":"2021年年报","PER_NETCASH_OPERATE":1.260075343024,"PER_OI":2.177440953518,"BPS":4.975044225908,"BASIC_EPS":0.203,"DILUTED_EPS":0.203,"OPERATE_INCOME":17555000000,"OPERATE_INCOME_YOY":281.8794866217,"GROSS_PROFIT":7173000000,"GROSS_PROFIT_YOY":205.234042553192,"HOLDER_PROFIT":1636000000,"HOLDER_PROFIT_YOY":321.0810810811,"GROSS_PROFIT_RATIO":40.860153802336,"EPS_TTM":0.202921868411,"OPERATE_INCOME_QOQ":16.073790002645,"NET_PROFIT_RATIO":12.5776132156,"ROE_AVG":3.777244181751,"GROSS_PROFIT_QOQ":13.317535545024,"ROA":1.426509890091,"HOLDER_PROFIT_QOQ":-16.700610997963,"ROE_YEARLY":3.777244181751,"ROIC_YEARLY":1.737495818221,"TOTAL_ASSETS":113896000000,"TOTAL_LIABILITIES":64718000000,"TAX_EBT":61.065067889261,"OCF_SALES":57.86955283395,"TOTAL_PARENT_EQUITY":39936000000,"DEBT_ASSET_RATIO":56.8220130646,"OPERATE_PROFIT":5946000000,"PRETAX_PROFIT":5671000000,"NETCASH_OPERATE":10159000000,"NETCASH_INVEST":-1415000000,"NETCASH_FINANCE":-5892000000,"END_CASH":17284000000,"DIVI_RATIO":0.25901969271,"DIVIDEND_RATE":8.169014084507,"CURRENT_RATIO":1.087528185306,"COMMON_ACS":12000000000,"CURRENTDEBT_DEBT":52.765845668902,"ISSUED_COMMON_SHARES":8027265324,"HK_COMMON_SHARES":8027265324,"PER_SHARES":500,"TOTAL_MARKET_CAP":5699358380.04,"HKSK_MARKET_CAP":5699358380.04,"PE_TTM":18.846168185344,"PB_TTM":0.135203659873,"REPORT_DATE_SQ":"2020-12-31 00:00:00","REPORT_TYPE_SQ":"2020年年报","OPERATE_INCOME_SQ":4597000000,"DPS_HKD":0.058,"OPERATE_INCOME_QOQ_SQ":16.675126903553,"NET_PROFIT_RATIO_SQ":-5.0685229497,"HOLDER_PROFIT_SQ":-740000000,"HOLDER_PROFIT_QOQ_SQ":27.165354330709,"ROE_AVG_SQ":-1.679604158155,"PE_TTM_SQ":4.781645736751,"PB_TTM_SQ":0.132037306794,"ROA_SQ":-0.661035950529,"START_DATE":"2021-01-01 00:00:00","FISCAL_YEAR":"12-31","CURRENCY":"HKD","IS_CNY_CODE":0,"DPS_HKD_LY":0.036,"ORG_TYPE":"一般企业","PREMIUM_INCOME":null,"PREMIUM_INCOME_YOY":null,"NET_INTEREST_INCOME":null,"NET_INTEREST_INCOME_YOY":null,"FEE_COMMISSION_INCOME":null,"FEE_COMMISSION_INCOME_YOY":null,"ACCOUNTS_RECE_TDAYS":null,"INVENTORY_TDAYS":0.575164122877,"CURRENT_ASSETS_TDAYS":0.451813818219,"TOTAL_ASSETS_TDAYS":0.153070789245,"PREMIUM_EXPENSE":null,"LOAN_DEPOSIT":null,"LOAN_EQUITY":null,"LOAN_ASSETS":null,"DEPOSIT_EQUITY":null,"DEPOSIT_ASSETS":null,"EQUITY_MULTIPLIER":2.315994957097,"EQUITY_RATIO":1.62054286859},{"SECUCODE":"00272.HK","SECURITY_CODE":"00272","SECURITY_NAME_ABBR":"瑞安房地产","ORG_CODE":"10094122","STD_REPORT_DATE":"2021-06-30 00:00:00","REPORT_DATE":"2021-06-30 00:00:00","DATE_TYPE_CODE":"002","REPORT_TYPE":"2021年中报","PER_NETCASH_OPERATE":0.169308282629,"PER_OI":1.485571649119,"BPS":4.945893576147,"BASIC_EPS":0.135,"DILUTED_EPS":0.135,"OPERATE_INCOME":11977000000,"OPERATE_INCOME_YOY":726,"GROSS_PROFIT":4944000000,"GROSS_PROFIT_YOY":412.863070539419,"HOLDER_PROFIT":1082000000,"HOLDER_PROFIT_YOY":166.7077681874,"GROSS_PROFIT_RATIO":41.279118310094,"EPS_TTM":0.243605470391,"OPERATE_INCOME_QOQ":228.997172068741,"NET_PROFIT_RATIO":10.7539450614,"ROE_AVG":2.504426724687,"GROSS_PROFIT_QOQ":169.36170212766,"ROA":0.961034577704,"HOLDER_PROFIT_QOQ":365.405405405405,"ROE_YEARLY":5.008853449373,"ROIC_YEARLY":2.301087274371,"TOTAL_ASSETS":109699000000,"TOTAL_LIABILITIES":61786000000,"TAX_EBT":68.08721506442,"OCF_SALES":11.396843950906,"TOTAL_PARENT_EQUITY":43768000000,"DEBT_ASSET_RATIO":56.3232116975,"OPERATE_PROFIT":4334000000,"PRETAX_PROFIT":4036000000,"NETCASH_OPERATE":1365000000,"NETCASH_INVEST":865000000,"NETCASH_FINANCE":-2324000000,"END_CASH":14367000000,"DIVI_RATIO":0.215761821423,"DIVIDEND_RATE":8.169014084507,"CURRENT_RATIO":1.251361381846,"COMMON_ACS":12000000000,"CURRENTDEBT_DEBT":46.662674392257,"ISSUED_COMMON_SHARES":8027265324,"HK_COMMON_SHARES":8027265324,"PER_SHARES":500,"TOTAL_MARKET_CAP":5699358380.04,"HKSK_MARKET_CAP":5699358380.04,"PE_TTM":18.846168185344,"PB_TTM":0.135203659873,"REPORT_DATE_SQ":"2020-06-30 00:00:00","REPORT_TYPE_SQ":"2020年中报","OPERATE_INCOME_SQ":1450000000,"DPS_HKD":0.058,"OPERATE_INCOME_QOQ_SQ":-62.086220169361,"NET_PROFIT_RATIO_SQ":-88.6896551724,"HOLDER_PROFIT_SQ":-1622000000,"HOLDER_PROFIT_QOQ_SQ":-152.587991718427,"ROE_AVG_SQ":-3.721719976137,"PE_TTM_SQ":4.781645736751,"PB_TTM_SQ":0.132037306794,"ROA_SQ":-1.482564782231,"START_DATE":"2021-01-01 00:00:00","FISCAL_YEAR":"12-31","CURRENCY":"HKD","IS_CNY_CODE":0,"DPS_HKD_LY":0.036,"ORG_TYPE":"一般企业","PREMIUM_INCOME":null,"PREMIUM_INCOME_YOY":null,"NET_INTEREST_INCOME":null,"NET_INTEREST_INCOME_YOY":null,"FEE_COMMISSION_INCOME":null,"FEE_COMMISSION_INCOME_YOY":null,"ACCOUNTS_RECE_TDAYS":4.673951219512,"INVENTORY_TDAYS":0.354200241741,"CURRENT_ASSETS_TDAYS":0.3125154927,"TOTAL_ASSETS_TDAYS":0.106379955057,"PREMIUM_EXPENSE":null,"LOAN_DEPOSIT":null,"LOAN_EQUITY":null,"LOAN_ASSETS":null,"DEPOSIT_EQUITY":null,"DEPOSIT_ASSETS":null,"EQUITY_MULTIPLIER":2.289545634798,"EQUITY_RATIO":1.411670626942},{"SECUCODE":"00272.HK","SECURITY_CODE":"00272","SECURITY_NAME_ABBR":"瑞安房地产","ORG_CODE":"10094122","STD_REPORT_DATE":"2020-12-31 00:00:00","REPORT_DATE":"2020-12-31 00:00:00","DATE_TYPE_CODE":"001","REPORT_TYPE":"2020年年报","PER_NETCASH_OPERATE":1.189251145675,"PER_OI":0.570190604575,"BPS":4.805746221526,"BASIC_EPS":-0.092,"DILUTED_EPS":-0.092,"OPERATE_INCOME":4597000000,"OPERATE_INCOME_YOY":-55.7640492687,"GROSS_PROFIT":2350000000,"GROSS_PROFIT_YOY":-55.768868812347,"HOLDER_PROFIT":-740000000,"HOLDER_PROFIT_YOY":-138.3022774327,"GROSS_PROFIT_RATIO":51.120295845116,"EPS_TTM":-0.091786175198,"OPERATE_INCOME_QOQ":16.675126903553,"NET_PROFIT_RATIO":-5.0685229497,"ROE_AVG":-1.679604158155,"GROSS_PROFIT_QOQ":-12.930715079659,"ROA":-0.661035950529,"HOLDER_PROFIT_QOQ":27.165354330709,"ROE_YEARLY":-1.679604158155,"ROIC_YEARLY":-0.775218161057,"TOTAL_ASSETS":115475000000,"TOTAL_LIABILITIES":68742000000,"TAX_EBT":43.855421686747,"OCF_SALES":208.570807048075,"TOTAL_PARENT_EQUITY":42639000000,"DEBT_ASSET_RATIO":59.5297683481,"OPERATE_PROFIT":-528000000,"PRETAX_PROFIT":-415000000,"NETCASH_OPERATE":9588000000,"NETCASH_INVEST":-1747000000,"NETCASH_FINANCE":-3869000000,"END_CASH":14483000000,"DIVI_RATIO":-0.572643536857,"DIVIDEND_RATE":8.169014084507,"CURRENT_RATIO":1.026048911257,"COMMON_ACS":12000000000,"CURRENTDEBT_DEBT":57.520875156382,"ISSUED_COMMON_SHARES":8027265324,"HK_COMMON_SHARES":8027265324,"PER_SHARES":500,"TOTAL_MARKET_CAP":5699358380.04,"HKSK_MARKET_CAP":5699358380.04,"PE_TTM":18.846168185344,"PB_TTM":0.135203659873,"REPORT_DATE_SQ":"2019-12-31 00:00:00","REPORT_TYPE_SQ":"2019年年报","OPERATE_INCOME_SQ":10392000000,"DPS_HKD":0.058,"OPERATE_INCOME_QOQ_SQ":-24.206841222376,"NET_PROFIT_RATIO_SQ":24.4899923018,"HOLDER_PROFIT_SQ":1932000000,"HOLDER_PROFIT_QOQ_SQ":-3.73692077728,"ROE_AVG_SQ":4.29696187892,"PE_TTM_SQ":4.781645736751,"PB_TTM_SQ":0.132037306794,"ROA_SQ":1.767078558166,"START_DATE":"2020-01-01 00:00:00","FISCAL_YEAR":"12-31","CURRENCY":"HKD","IS_CNY_CODE":0,"DPS_HKD_LY":0.084,"ORG_TYPE":"一般企业","PREMIUM_INCOME":null,"PREMIUM_INCOME_YOY":null,"NET_INTEREST_INCOME":null,"NET_INTEREST_INCOME_YOY":null,"FEE_COMMISSION_INCOME":null,"FEE_COMMISSION_INCOME_YOY":null,"ACCOUNTS_RECE_TDAYS":1.884016393443,"INVENTORY_TDAYS":0.109575012801,"CURRENT_ASSETS_TDAYS":0.122830690305,"TOTAL_ASSETS_TDAYS":0.041064625197,"PREMIUM_EXPENSE":null,"LOAN_DEPOSIT":null,"LOAN_EQUITY":null,"LOAN_ASSETS":null,"DEPOSIT_EQUITY":null,"DEPOSIT_ASSETS":null,"EQUITY_MULTIPLIER":2.470952003936,"EQUITY_RATIO":1.612186026877},{"SECUCODE":"00272.HK","SECURITY_CODE":"00272","SECURITY_NAME_ABBR":"瑞安房地产","ORG_CODE":"10094122","STD_REPORT_DATE":"2020-06-30 00:00:00","REPORT_DATE":"2020-06-30 00:00:00","DATE_TYPE_CODE":"002","REPORT_TYPE":"2020年中报","PER_NETCASH_OPERATE":0.451488753677,"PER_OI":0.17985128924,"BPS":4.687773292792,"BASIC_EPS":-0.202,"DILUTED_EPS":-0.202,"OPERATE_INCOME":1450000000,"OPERATE_INCOME_YOY":-81.6502151354,"GROSS_PROFIT":964000000,"GROSS_PROFIT_YOY":-73.057574063723,"HOLDER_PROFIT":-1622000000,"HOLDER_PROFIT_YOY":-222.322775264,"GROSS_PROFIT_RATIO":66.48275862069,"EPS_TTM":-0.12601993784,"OPERATE_INCOME_QOQ":-62.086220169361,"NET_PROFIT_RATIO":-88.6896551724,"ROE_AVG":-3.721719976137,"GROSS_PROFIT_QOQ":-49.200075287032,"ROA":-1.482564782231,"HOLDER_PROFIT_QOQ":-152.587991718427,"ROE_YEARLY":-7.443439952274,"ROIC_YEARLY":-3.433494565045,"TOTAL_ASSETS":110394000000,"TOTAL_LIABILITIES":64623000000,"TAX_EBT":34.886075949367,"OCF_SALES":251.034482758621,"TOTAL_PARENT_EQUITY":41687000000,"DEBT_ASSET_RATIO":58.5385075276,"OPERATE_PROFIT":-1110000000,"PRETAX_PROFIT":-1975000000,"NETCASH_OPERATE":3640000000,"NETCASH_INVEST":-1729000000,"NETCASH_FINANCE":-1131000000,"END_CASH":11364000000,"DIVI_RATIO":-0.417082891018,"DIVIDEND_RATE":8.169014084507,"CURRENT_RATIO":1.107642067997,"COMMON_ACS":12000000000,"CURRENTDEBT_DEBT":50.70330996704,"ISSUED_COMMON_SHARES":8027265324,"HK_COMMON_SHARES":8027265324,"PER_SHARES":500,"TOTAL_MARKET_CAP":5699358380.04,"HKSK_MARKET_CAP":5699358380.04,"PE_TTM":18.846168185344,"PB_TTM":0.135203659873,"REPORT_DATE_SQ":"2019-06-30 00:00:00","REPORT_TYPE_SQ":"2019年中报","OPERATE_INCOME_SQ":7902000000,"DPS_HKD":0.058,"OPERATE_INCOME_QOQ_SQ":-44.804959542692,"NET_PROFIT_RATIO_SQ":20.2227284232,"HOLDER_PROFIT_SQ":1326000000,"HOLDER_PROFIT_QOQ_SQ":5.299055613851,"ROE_AVG_SQ":2.959226941016,"PE_TTM_SQ":4.781645736751,"PB_TTM_SQ":0.132037306794,"ROA_SQ":1.219220655032,"START_DATE":"2020-01-01 00:00:00","FISCAL_YEAR":"12-31","CURRENCY":"HKD","IS_CNY_CODE":0,"DPS_HKD_LY":0.084,"ORG_TYPE":"一般企业","PREMIUM_INCOME":null,"PREMIUM_INCOME_YOY":null,"NET_INTEREST_INCOME":null,"NET_INTEREST_INCOME_YOY":null,"FEE_COMMISSION_INCOME":null,"FEE_COMMISSION_INCOME_YOY":null,"ACCOUNTS_RECE_TDAYS":0.416666666667,"INVENTORY_TDAYS":0.025236265448,"CURRENT_ASSETS_TDAYS":0.0410922024,"TOTAL_ASSETS_TDAYS":0.013253507609,"PREMIUM_EXPENSE":null,"LOAN_DEPOSIT":null,"LOAN_EQUITY":null,"LOAN_ASSETS":null,"DEPOSIT_EQUITY":null,"DEPOSIT_ASSETS":null,"EQUITY_MULTIPLIER":2.411876515699,"EQUITY_RATIO":1.550195504594}],"count":42},"success":true,"message":"ok","code":0}