{"version":"0f4c7ca6110cda486ccd1d1cf9bd5780","result":{"pages":6,"data":[{"SECUCODE":"00276.HK","SECURITY_CODE":"00276","SECURITY_NAME_ABBR":"蒙古能源","ORG_CODE":"10007532","STD_REPORT_DATE":"2024-06-30 00:00:00","REPORT_DATE":"2024-09-30 00:00:00","DATE_TYPE_CODE":"002","REPORT_TYPE":"2024年中报","PER_NETCASH_OPERATE":1.089726506856,"PER_OI":8.148674282076,"BPS":-14.961449478163,"BASIC_EPS":-2.1192065,"DILUTED_EPS":-2.1192065,"OPERATE_INCOME":1532976267.54,"OPERATE_INCOME_YOY":9.1615577904,"GROSS_PROFIT":577786772.69,"GROSS_PROFIT_YOY":8.798396637951,"HOLDER_PROFIT":-399408201.74,"HOLDER_PROFIT_YOY":19.0059944627,"GROSS_PROFIT_RATIO":37.690522999236,"EPS_TTM":8.085647403776,"OPERATE_INCOME_QOQ":0,"NET_PROFIT_RATIO":-26.0544282516,"ROE_AVG":15.255739424892,"GROSS_PROFIT_QOQ":0,"ROA":-10.642780128524,"HOLDER_PROFIT_QOQ":0,"ROE_YEARLY":30.511478849783,"ROIC_YEARLY":-21.738131215992,"TOTAL_ASSETS":3704341399.35,"TOTAL_LIABILITIES":6518976784.7,"TAX_EBT":-54.349538247081,"OCF_SALES":13.373052709353,"TOTAL_PARENT_EQUITY":-2814635385.35,"DEBT_ASSET_RATIO":175.9820729764,"OPERATE_PROFIT":52738482.78,"PRETAX_PROFIT":-258768640.5,"NETCASH_OPERATE":205005724.28,"NETCASH_INVEST":-36982407.9,"NETCASH_FINANCE":-189402953.7,"END_CASH":68044564.45,"DIVI_RATIO":null,"DIVIDEND_RATE":null,"CURRENT_RATIO":0.336415650272,"COMMON_ACS":15000000000,"CURRENTDEBT_DEBT":99.058187034596,"ISSUED_COMMON_SHARES":188125849,"HK_COMMON_SHARES":188125849,"PER_SHARES":3000,"TOTAL_MARKET_CAP":105350475.44,"HKSK_MARKET_CAP":105350475.44,"PE_TTM":0.059124111495,"PB_TTM":-0.033753574527,"REPORT_DATE_SQ":"2023-06-30 00:00:00","REPORT_TYPE_SQ":"2023年中报","OPERATE_INCOME_SQ":1428985740.91,"DPS_HKD":null,"OPERATE_INCOME_QOQ_SQ":0,"NET_PROFIT_RATIO_SQ":-35.1154626372,"HOLDER_PROFIT_SQ":-501794953.94,"HOLDER_PROFIT_QOQ_SQ":0,"ROE_AVG_SQ":11.821212478554,"PE_TTM_SQ":-0.087096044874,"PB_TTM_SQ":-0.024879495909,"ROA_SQ":-19.394420448413,"START_DATE":"2024-04-01 00:00:00","FISCAL_YEAR":"3-31","CURRENCY":"HKD","IS_CNY_CODE":0,"DPS_HKD_LY":null,"ORG_TYPE":"一般企业","PREMIUM_INCOME":null,"PREMIUM_INCOME_YOY":null,"NET_INTEREST_INCOME":null,"NET_INTEREST_INCOME_YOY":null,"FEE_COMMISSION_INCOME":null,"FEE_COMMISSION_INCOME_YOY":null,"ACCOUNTS_RECE_TDAYS":1.416690591723,"INVENTORY_TDAYS":2.268102054582,"CURRENT_ASSETS_TDAYS":0.787203040774,"TOTAL_ASSETS_TDAYS":0.408482582145,"PREMIUM_EXPENSE":null,"LOAN_DEPOSIT":null,"LOAN_EQUITY":null,"LOAN_ASSETS":null,"DEPOSIT_EQUITY":null,"DEPOSIT_ASSETS":null,"EQUITY_MULTIPLIER":-1.31609991782,"EQUITY_RATIO":-2.316099917819},{"SECUCODE":"00276.HK","SECURITY_CODE":"00276","SECURITY_NAME_ABBR":"蒙古能源","ORG_CODE":"10007532","STD_REPORT_DATE":"2023-12-31 00:00:00","REPORT_DATE":"2024-03-31 00:00:00","DATE_TYPE_CODE":"001","REPORT_TYPE":"2023年年报","PER_NETCASH_OPERATE":2.712419091063,"PER_OI":15.291242928823,"BPS":-12.939827886969,"BASIC_EPS":8.086426,"DILUTED_EPS":8.086426,"OPERATE_INCOME":2876678058.25,"OPERATE_INCOME_YOY":9.2212566718,"GROSS_PROFIT":1075973316.4,"GROSS_PROFIT_YOY":13.271808701082,"HOLDER_PROFIT":1521119282.55,"HOLDER_PROFIT_YOY":204.6673349556,"GROSS_PROFIT_RATIO":37.40332754005,"EPS_TTM":-6.540822234216,"OPERATE_INCOME_QOQ":0,"NET_PROFIT_RATIO":52.8776335672,"ROE_AVG":-47.789727829243,"GROSS_PROFIT_QOQ":0,"ROA":47.829989732316,"HOLDER_PROFIT_QOQ":0,"ROE_YEARLY":-47.789727829243,"ROIC_YEARLY":48.932546604029,"TOTAL_ASSETS":3821435514.55,"TOTAL_LIABILITIES":6255751621.7,"TAX_EBT":24.214478606745,"OCF_SALES":17.738382051011,"TOTAL_PARENT_EQUITY":-2434316107.15,"DEBT_ASSET_RATIO":163.7016141678,"OPERATE_PROFIT":2601707845,"PRETAX_PROFIT":2007137055.45,"NETCASH_OPERATE":510276144.35,"NETCASH_INVEST":-102696703.65,"NETCASH_FINANCE":-372121550.55,"END_CASH":88684160.3,"DIVI_RATIO":null,"DIVIDEND_RATE":null,"CURRENT_RATIO":0.279461684932,"COMMON_ACS":15000000000,"CURRENTDEBT_DEBT":99.036679924424,"ISSUED_COMMON_SHARES":188125849,"HK_COMMON_SHARES":188125849,"PER_SHARES":3000,"TOTAL_MARKET_CAP":114756767.89,"HKSK_MARKET_CAP":114756767.89,"PE_TTM":0.064403050022,"PB_TTM":-0.036767286539,"REPORT_DATE_SQ":"2022-12-31 00:00:00","REPORT_TYPE_SQ":"2022年年报","OPERATE_INCOME_SQ":2543336551.69,"DPS_HKD":null,"OPERATE_INCOME_QOQ_SQ":0,"NET_PROFIT_RATIO_SQ":-55.1782615894,"HOLDER_PROFIT_SQ":-1403368895.59,"HOLDER_PROFIT_QOQ_SQ":0,"ROE_AVG_SQ":45.482901839887,"PE_TTM_SQ":-0.051047841908,"PB_TTM_SQ":-0.016650124185,"ROA_SQ":-49.93001508709,"START_DATE":"2023-04-01 00:00:00","FISCAL_YEAR":"3-31","CURRENCY":"HKD","IS_CNY_CODE":0,"DPS_HKD_LY":null,"ORG_TYPE":"一般企业","PREMIUM_INCOME":null,"PREMIUM_INCOME_YOY":null,"NET_INTEREST_INCOME":null,"NET_INTEREST_INCOME_YOY":null,"FEE_COMMISSION_INCOME":null,"FEE_COMMISSION_INCOME_YOY":null,"ACCOUNTS_RECE_TDAYS":3.188137075582,"INVENTORY_TDAYS":5.626582215732,"CURRENT_ASSETS_TDAYS":1.788294481093,"TOTAL_ASSETS_TDAYS":0.904541041375,"PREMIUM_EXPENSE":null,"LOAN_DEPOSIT":null,"LOAN_EQUITY":null,"LOAN_ASSETS":null,"DEPOSIT_EQUITY":null,"DEPOSIT_ASSETS":null,"EQUITY_MULTIPLIER":-1.569818933263,"EQUITY_RATIO":-2.569818933263},{"SECUCODE":"00276.HK","SECURITY_CODE":"00276","SECURITY_NAME_ABBR":"蒙古能源","ORG_CODE":"10007532","STD_REPORT_DATE":"2023-06-30 00:00:00","REPORT_DATE":"2023-09-30 00:00:00","DATE_TYPE_CODE":"002","REPORT_TYPE":"2023年中报","PER_NETCASH_OPERATE":0.945111954285,"PER_OI":7.595903213226,"BPS":-23.973938306001,"BASIC_EPS":-2.6703033,"DILUTED_EPS":-2.6703033,"OPERATE_INCOME":1428985740.91,"OPERATE_INCOME_YOY":-16.5564897567,"GROSS_PROFIT":531061845.16,"GROSS_PROFIT_YOY":-25.887947932744,"HOLDER_PROFIT":-501794953.94,"HOLDER_PROFIT_YOY":26.6923073829,"GROSS_PROFIT_RATIO":37.163551038782,"EPS_TTM":-7.459734550301,"OPERATE_INCOME_QOQ":0,"NET_PROFIT_RATIO":-35.1154626372,"ROE_AVG":11.821212478554,"GROSS_PROFIT_QOQ":0,"ROA":-19.394420448413,"HOLDER_PROFIT_QOQ":0,"ROE_YEARLY":23.642424957108,"ROIC_YEARLY":-39.746730326309,"TOTAL_ASSETS":2604509229,"TOTAL_LIABILITIES":7114626726.69,"TAX_EBT":-101.879847751529,"OCF_SALES":12.442390690811,"TOTAL_PARENT_EQUITY":-4510117497.69,"DEBT_ASSET_RATIO":273.1657330092,"OPERATE_PROFIT":62665870.33,"PRETAX_PROFIT":-248561190.99,"NETCASH_OPERATE":177799988.8,"NETCASH_INVEST":-39277316.89,"NETCASH_FINANCE":-122582521.18,"END_CASH":69407697.94,"DIVI_RATIO":null,"DIVIDEND_RATE":null,"CURRENT_RATIO":0.757728474052,"COMMON_ACS":15000000000,"CURRENTDEBT_DEBT":39.817080885815,"ISSUED_COMMON_SHARES":188125849,"HK_COMMON_SHARES":188125849,"PER_SHARES":3000,"TOTAL_MARKET_CAP":114756767.89,"HKSK_MARKET_CAP":114756767.89,"PE_TTM":0.064403050022,"PB_TTM":-0.036767286539,"REPORT_DATE_SQ":"2022-06-30 00:00:00","REPORT_TYPE_SQ":"2022年中报","OPERATE_INCOME_SQ":1687903010.04,"DPS_HKD":null,"OPERATE_INCOME_QOQ_SQ":0,"NET_PROFIT_RATIO_SQ":-39.9706683113,"HOLDER_PROFIT_SQ":-674666113.56,"HOLDER_PROFIT_QOQ_SQ":0,"ROE_AVG_SQ":24.058039958105,"PE_TTM_SQ":-0.051047841908,"PB_TTM_SQ":-0.016650124185,"ROA_SQ":-21.01105578197,"START_DATE":"2023-04-01 00:00:00","FISCAL_YEAR":"3-31","CURRENCY":"HKD","IS_CNY_CODE":0,"DPS_HKD_LY":null,"ORG_TYPE":"一般企业","PREMIUM_INCOME":null,"PREMIUM_INCOME_YOY":null,"NET_INTEREST_INCOME":null,"NET_INTEREST_INCOME_YOY":null,"FEE_COMMISSION_INCOME":null,"FEE_COMMISSION_INCOME_YOY":null,"ACCOUNTS_RECE_TDAYS":1.222193793661,"INVENTORY_TDAYS":3.091769657197,"CURRENT_ASSETS_TDAYS":0.782896460052,"TOTAL_ASSETS_TDAYS":0.552304283979,"PREMIUM_EXPENSE":null,"LOAN_DEPOSIT":null,"LOAN_EQUITY":null,"LOAN_ASSETS":null,"DEPOSIT_EQUITY":null,"DEPOSIT_ASSETS":null,"EQUITY_MULTIPLIER":-0.577481458151,"EQUITY_RATIO":-1.577481458151},{"SECUCODE":"00276.HK","SECURITY_CODE":"00276","SECURITY_NAME_ABBR":"蒙古能源","ORG_CODE":"10007532","STD_REPORT_DATE":"2022-12-31 00:00:00","REPORT_DATE":"2023-03-31 00:00:00","DATE_TYPE_CODE":"001","REPORT_TYPE":"2022年年报","PER_NETCASH_OPERATE":3.850558140259,"PER_OI":13.519335940326,"BPS":-20.180737400207,"BASIC_EPS":-7.4584932,"DILUTED_EPS":-7.4584932,"OPERATE_INCOME":2543336551.69,"OPERATE_INCOME_YOY":85.9138373014,"GROSS_PROFIT":949903889.36,"GROSS_PROFIT_YOY":90.525673861121,"HOLDER_PROFIT":-1403368895.59,"HOLDER_PROFIT_YOY":-359.2722574287,"GROSS_PROFIT_RATIO":37.348729515518,"EPS_TTM":-5.304990817078,"OPERATE_INCOME_QOQ":0,"NET_PROFIT_RATIO":-55.1782615894,"ROE_AVG":45.482901839887,"GROSS_PROFIT_QOQ":0,"ROA":-49.93001508709,"HOLDER_PROFIT_QOQ":0,"ROE_YEARLY":45.482901839887,"ROIC_YEARLY":-50.914547290278,"TOTAL_ASSETS":2451871964.07,"TOTAL_LIABILITIES":6248390320.93,"TAX_EBT":-17.060751727507,"OCF_SALES":28.481858556181,"TOTAL_PARENT_EQUITY":-3796518356.86,"DEBT_ASSET_RATIO":254.8416235633,"OPERATE_PROFIT":-674287178.73,"PRETAX_PROFIT":-1198838103.19,"NETCASH_OPERATE":724389519.26,"NETCASH_INVEST":-194676302.03,"NETCASH_FINANCE":-529190597.46,"END_CASH":52755708.24,"DIVI_RATIO":null,"DIVIDEND_RATE":null,"CURRENT_RATIO":0.676168127716,"COMMON_ACS":15000000000,"CURRENTDEBT_DEBT":33.959849379483,"ISSUED_COMMON_SHARES":188125849,"HK_COMMON_SHARES":188125849,"PER_SHARES":3000,"TOTAL_MARKET_CAP":118519284.87,"HKSK_MARKET_CAP":118519284.87,"PE_TTM":0.066514625432,"PB_TTM":-0.037972771343,"REPORT_DATE_SQ":"2021-12-31 00:00:00","REPORT_TYPE_SQ":"2021年年报","OPERATE_INCOME_SQ":1267379925.18,"DPS_HKD":null,"OPERATE_INCOME_QOQ_SQ":0,"NET_PROFIT_RATIO_SQ":-22.3362116518,"HOLDER_PROFIT_SQ":-283084662.52,"HOLDER_PROFIT_QOQ_SQ":0,"ROE_AVG_SQ":13.671615589508,"PE_TTM_SQ":-0.057502166747,"PB_TTM_SQ":-0.0187553123,"ROA_SQ":-9.889859247752,"START_DATE":"2022-04-01 00:00:00","FISCAL_YEAR":"3-31","CURRENCY":"HKD","IS_CNY_CODE":0,"DPS_HKD_LY":null,"ORG_TYPE":"一般企业","PREMIUM_INCOME":null,"PREMIUM_INCOME_YOY":null,"NET_INTEREST_INCOME":null,"NET_INTEREST_INCOME_YOY":null,"FEE_COMMISSION_INCOME":null,"FEE_COMMISSION_INCOME_YOY":null,"ACCOUNTS_RECE_TDAYS":3.585794113382,"INVENTORY_TDAYS":6.362112113861,"CURRENT_ASSETS_TDAYS":2.007997268585,"TOTAL_ASSETS_TDAYS":0.904885613444,"PREMIUM_EXPENSE":null,"LOAN_DEPOSIT":null,"LOAN_EQUITY":null,"LOAN_ASSETS":null,"DEPOSIT_EQUITY":null,"DEPOSIT_ASSETS":null,"EQUITY_MULTIPLIER":-0.645821179724,"EQUITY_RATIO":-1.645821179724},{"SECUCODE":"00276.HK","SECURITY_CODE":"00276","SECURITY_NAME_ABBR":"蒙古能源","ORG_CODE":"10007532","STD_REPORT_DATE":"2022-06-30 00:00:00","REPORT_DATE":"2022-09-30 00:00:00","DATE_TYPE_CODE":"002","REPORT_TYPE":"2022年中报","PER_NETCASH_OPERATE":1.899697635278,"PER_OI":8.972201422676,"BPS":-16.773124076745,"BASIC_EPS":-3.5906268,"DILUTED_EPS":-3.5906268,"OPERATE_INCOME":1687903010.04,"OPERATE_INCOME_YOY":98.3246599639,"GROSS_PROFIT":716566105.44,"GROSS_PROFIT_YOY":100.04592273321,"HOLDER_PROFIT":-674666113.56,"HOLDER_PROFIT_YOY":-1643.7047307645,"GROSS_PROFIT_RATIO":42.45303795169,"EPS_TTM":-1.504762179279,"OPERATE_INCOME_QOQ":0,"NET_PROFIT_RATIO":-39.9706683113,"ROE_AVG":24.058039958105,"GROSS_PROFIT_QOQ":0,"ROA":-21.01105578197,"HOLDER_PROFIT_QOQ":0,"ROE_YEARLY":48.11607991621,"ROIC_YEARLY":-42.595596821672,"TOTAL_ASSETS":3147434015.64,"TOTAL_LIABILITIES":6302892222.96,"TAX_EBT":-32.102125820825,"OCF_SALES":21.173149662879,"TOTAL_PARENT_EQUITY":-3155458207.32,"DEBT_ASSET_RATIO":200.2549439207,"OPERATE_PROFIT":-245270561.4,"PRETAX_PROFIT":-510715561.44,"NETCASH_OPERATE":357382230.48,"NETCASH_INVEST":-80837942.76,"NETCASH_FINANCE":-300631333.8,"END_CASH":28663512.48,"DIVI_RATIO":null,"DIVIDEND_RATE":null,"CURRENT_RATIO":0.685209429566,"COMMON_ACS":15000000000,"CURRENTDEBT_DEBT":34.262891037439,"ISSUED_COMMON_SHARES":188125849,"HK_COMMON_SHARES":188125849,"PER_SHARES":3000,"TOTAL_MARKET_CAP":118519284.87,"HKSK_MARKET_CAP":118519284.87,"PE_TTM":0.066514625432,"PB_TTM":-0.037972771343,"REPORT_DATE_SQ":"2021-06-30 00:00:00","REPORT_TYPE_SQ":"2021年中报","OPERATE_INCOME_SQ":783911959.18,"DPS_HKD":null,"OPERATE_INCOME_QOQ_SQ":0,"NET_PROFIT_RATIO_SQ":79.989968151,"HOLDER_PROFIT_SQ":40255125.32,"HOLDER_PROFIT_QOQ_SQ":0,"ROE_AVG_SQ":-35.456158151532,"PE_TTM_SQ":-0.057502166747,"PB_TTM_SQ":-0.0187553123,"ROA_SQ":20.802164043232,"START_DATE":"2022-04-01 00:00:00","FISCAL_YEAR":"3-31","CURRENCY":"HKD","IS_CNY_CODE":0,"DPS_HKD_LY":null,"ORG_TYPE":"一般企业","PREMIUM_INCOME":null,"PREMIUM_INCOME_YOY":null,"NET_INTEREST_INCOME":null,"NET_INTEREST_INCOME_YOY":null,"FEE_COMMISSION_INCOME":null,"FEE_COMMISSION_INCOME_YOY":null,"ACCOUNTS_RECE_TDAYS":2.190089540328,"INVENTORY_TDAYS":3.873068136124,"CURRENT_ASSETS_TDAYS":1.291142769773,"TOTAL_ASSETS_TDAYS":0.525661858299,"PREMIUM_EXPENSE":null,"LOAN_DEPOSIT":null,"LOAN_EQUITY":null,"LOAN_ASSETS":null,"DEPOSIT_EQUITY":null,"DEPOSIT_ASSETS":null,"EQUITY_MULTIPLIER":-0.997457043905,"EQUITY_RATIO":-1.997457043905},{"SECUCODE":"00276.HK","SECURITY_CODE":"00276","SECURITY_NAME_ABBR":"蒙古能源","ORG_CODE":"10007532","STD_REPORT_DATE":"2021-12-31 00:00:00","REPORT_DATE":"2022-03-31 00:00:00","DATE_TYPE_CODE":"001","REPORT_TYPE":"2021年年报","PER_NETCASH_OPERATE":1.281146445803,"PER_OI":6.736872853555,"BPS":-11.693114197826,"BASIC_EPS":-1.5084786,"DILUTED_EPS":-1.5084786,"OPERATE_INCOME":1267379925.18,"OPERATE_INCOME_YOY":82.0464878957,"GROSS_PROFIT":498570019.52,"GROSS_PROFIT_YOY":91.003795800122,"HOLDER_PROFIT":-283084662.52,"HOLDER_PROFIT_YOY":-119.4448080905,"GROSS_PROFIT_RATIO":39.338639473021,"EPS_TTM":6.751036916463,"OPERATE_INCOME_QOQ":0,"NET_PROFIT_RATIO":-22.3362116518,"ROE_AVG":13.671615589508,"GROSS_PROFIT_QOQ":0,"ROA":-9.889859247752,"HOLDER_PROFIT_QOQ":0,"ROE_YEARLY":13.671615589508,"ROIC_YEARLY":-10.063046114607,"TOTAL_ASSETS":2936307932.57,"TOTAL_LIABILITIES":5136084968.49,"TAX_EBT":-13.671801217963,"OCF_SALES":19.016930757821,"TOTAL_PARENT_EQUITY":-2199777035.92,"DEBT_ASSET_RATIO":174.9164286048,"OPERATE_PROFIT":191639229.97,"PRETAX_PROFIT":-249036840.7,"NETCASH_OPERATE":241016762.81,"NETCASH_INVEST":-88366027.58,"NETCASH_FINANCE":-147366194.07,"END_CASH":51828405.06,"DIVI_RATIO":null,"DIVIDEND_RATE":null,"CURRENT_RATIO":0.523867975141,"COMMON_ACS":15000000000,"CURRENTDEBT_DEBT":37.820531951228,"ISSUED_COMMON_SHARES":188125849,"HK_COMMON_SHARES":188125849,"PER_SHARES":3000,"TOTAL_MARKET_CAP":118519284.87,"HKSK_MARKET_CAP":118519284.87,"PE_TTM":0.066514625432,"PB_TTM":-0.037972771343,"REPORT_DATE_SQ":"2020-12-31 00:00:00","REPORT_TYPE_SQ":"2020年年报","OPERATE_INCOME_SQ":725516880.06,"DPS_HKD":null,"OPERATE_INCOME_QOQ_SQ":0,"NET_PROFIT_RATIO_SQ":-33.4225673536,"HOLDER_PROFIT_SQ":1517175011.38,"HOLDER_PROFIT_QOQ_SQ":0,"ROE_AVG_SQ":8.401569886065,"PE_TTM_SQ":-0.057502166747,"PB_TTM_SQ":-0.0187553123,"ROA_SQ":-10.279310033492,"START_DATE":"2021-04-01 00:00:00","FISCAL_YEAR":"3-31","CURRENCY":"HKD","IS_CNY_CODE":0,"DPS_HKD_LY":null,"ORG_TYPE":"一般企业","PREMIUM_INCOME":null,"PREMIUM_INCOME_YOY":null,"NET_INTEREST_INCOME":null,"NET_INTEREST_INCOME_YOY":null,"FEE_COMMISSION_INCOME":null,"FEE_COMMISSION_INCOME_YOY":null,"ACCOUNTS_RECE_TDAYS":3.002184324732,"INVENTORY_TDAYS":3.973209214991,"CURRENT_ASSETS_TDAYS":1.560280062402,"TOTAL_ASSETS_TDAYS":0.442772454074,"PREMIUM_EXPENSE":null,"LOAN_DEPOSIT":null,"LOAN_EQUITY":null,"LOAN_ASSETS":null,"DEPOSIT_EQUITY":null,"DEPOSIT_ASSETS":null,"EQUITY_MULTIPLIER":-1.334820704381,"EQUITY_RATIO":-2.334820704382},{"SECUCODE":"00276.HK","SECURITY_CODE":"00276","SECURITY_NAME_ABBR":"蒙古能源","ORG_CODE":"10007532","STD_REPORT_DATE":"2021-06-30 00:00:00","REPORT_DATE":"2021-09-30 00:00:00","DATE_TYPE_CODE":"002","REPORT_TYPE":"2021年中报","PER_NETCASH_OPERATE":1.204897120544,"PER_OI":4.166955064107,"BPS":-8.201103804188,"BASIC_EPS":0.2165956,"DILUTED_EPS":0.1082978,"OPERATE_INCOME":783911959.18,"OPERATE_INCOME_YOY":249.985680759,"GROSS_PROFIT":358200804.92,"GROSS_PROFIT_YOY":309.704208326865,"HOLDER_PROFIT":40255125.32,"HOLDER_PROFIT_YOY":174.6961624225,"GROSS_PROFIT_RATIO":45.694009477122,"EPS_TTM":-1.288958264847,"OPERATE_INCOME_QOQ":0,"NET_PROFIT_RATIO":79.989968151,"ROE_AVG":-35.456158151532,"GROSS_PROFIT_QOQ":0,"ROA":20.802164043232,"HOLDER_PROFIT_QOQ":0,"ROE_YEARLY":-70.912316303065,"ROIC_YEARLY":42.250293986399,"TOTAL_ASSETS":3164457550.7,"TOTAL_LIABILITIES":4707297166.6,"TAX_EBT":49.980850248947,"OCF_SALES":28.91552949353,"TOTAL_PARENT_EQUITY":-1542839615.9,"DEBT_ASSET_RATIO":148.7552634593,"OPERATE_PROFIT":301713505.5,"PRETAX_PROFIT":80479427.42,"NETCASH_OPERATE":226672293.76,"NETCASH_INVEST":-39861087.94,"NETCASH_FINANCE":-190642448.76,"END_CASH":44207995.02,"DIVI_RATIO":null,"DIVIDEND_RATE":null,"CURRENT_RATIO":0.435760268519,"COMMON_ACS":15000000000,"CURRENTDEBT_DEBT":35.473621432022,"ISSUED_COMMON_SHARES":188125849,"HK_COMMON_SHARES":188125849,"PER_SHARES":3000,"TOTAL_MARKET_CAP":99706699.97,"HKSK_MARKET_CAP":99706699.97,"PE_TTM":0.055956748379,"PB_TTM":-0.031945347321,"REPORT_DATE_SQ":"2020-06-30 00:00:00","REPORT_TYPE_SQ":"2020年中报","OPERATE_INCOME_SQ":236260567.68,"DPS_HKD":null,"OPERATE_INCOME_QOQ_SQ":0,"NET_PROFIT_RATIO_SQ":-374.7895815434,"HOLDER_PROFIT_SQ":-885479992.96,"HOLDER_PROFIT_QOQ_SQ":0,"ROE_AVG_SQ":26.580354430927,"PE_TTM_SQ":-0.083076227418,"PB_TTM_SQ":-0.023731211482,"ROA_SQ":-47.397538622183,"START_DATE":"2021-04-01 00:00:00","FISCAL_YEAR":"3-31","CURRENCY":"HKD","IS_CNY_CODE":0,"DPS_HKD_LY":null,"ORG_TYPE":"一般企业","PREMIUM_INCOME":null,"PREMIUM_INCOME_YOY":null,"NET_INTEREST_INCOME":null,"NET_INTEREST_INCOME_YOY":null,"FEE_COMMISSION_INCOME":null,"FEE_COMMISSION_INCOME_YOY":null,"ACCOUNTS_RECE_TDAYS":2.615993650467,"INVENTORY_TDAYS":2.302181576547,"CURRENT_ASSETS_TDAYS":1.160406227206,"TOTAL_ASSETS_TDAYS":0.260059661531,"PREMIUM_EXPENSE":null,"LOAN_DEPOSIT":null,"LOAN_EQUITY":null,"LOAN_ASSETS":null,"DEPOSIT_EQUITY":null,"DEPOSIT_ASSETS":null,"EQUITY_MULTIPLIER":-2.051060601559,"EQUITY_RATIO":-3.051060601561},{"SECUCODE":"00276.HK","SECURITY_CODE":"00276","SECURITY_NAME_ABBR":"蒙古能源","ORG_CODE":"10007532","STD_REPORT_DATE":"2020-12-31 00:00:00","REPORT_DATE":"2021-03-31 00:00:00","DATE_TYPE_CODE":"001","REPORT_TYPE":"2020年年报","PER_NETCASH_OPERATE":0.420905602611,"PER_OI":3.856550728762,"BPS":-11.718744634928,"BASIC_EPS":8.0630172,"DILUTED_EPS":0.3127166,"OPERATE_INCOME":725516880.06,"OPERATE_INCOME_YOY":-23.6959953635,"GROSS_PROFIT":261026236.38,"GROSS_PROFIT_YOY":-40.388728779301,"HOLDER_PROFIT":1517175011.38,"HOLDER_PROFIT_YOY":-119.8971800452,"GROSS_PROFIT_RATIO":35.977968749454,"EPS_TTM":4.631777955724,"OPERATE_INCOME_QOQ":0,"NET_PROFIT_RATIO":-33.4225673536,"ROE_AVG":8.401569886065,"GROSS_PROFIT_QOQ":0,"ROA":-10.279310033492,"HOLDER_PROFIT_QOQ":0,"ROE_YEARLY":8.401569886065,"ROIC_YEARLY":-10.503905946099,"TOTAL_ASSETS":2990198664.74,"TOTAL_LIABILITIES":5013421820.4,"TAX_EBT":1.404759903925,"OCF_SALES":10.914042941834,"TOTAL_PARENT_EQUITY":-2023223155.66,"DEBT_ASSET_RATIO":175.8657145874,"OPERATE_PROFIT":1953965725.74,"PRETAX_PROFIT":1538791335.06,"NETCASH_OPERATE":83281501.66,"NETCASH_INVEST":-48328237.58,"NETCASH_FINANCE":-38939132.96,"END_CASH":48662928.86,"DIVI_RATIO":null,"DIVIDEND_RATE":null,"CURRENT_RATIO":0.351082290277,"COMMON_ACS":15000000000,"CURRENTDEBT_DEBT":37.193962014775,"ISSUED_COMMON_SHARES":188125849,"HK_COMMON_SHARES":188125849,"PER_SHARES":3000,"TOTAL_MARKET_CAP":101587958.46,"HKSK_MARKET_CAP":101587958.46,"PE_TTM":0.057012536085,"PB_TTM":-0.032548089723,"REPORT_DATE_SQ":"2019-12-31 00:00:00","REPORT_TYPE_SQ":"2019年年报","OPERATE_INCOME_SQ":1027908845.2,"DPS_HKD":null,"OPERATE_INCOME_QOQ_SQ":0,"NET_PROFIT_RATIO_SQ":128.1727223919,"HOLDER_PROFIT_SQ":1317498750.6,"HOLDER_PROFIT_QOQ_SQ":0,"ROE_AVG_SQ":-44.596570029909,"PE_TTM_SQ":-0.083076227418,"PB_TTM_SQ":-0.023731211482,"ROA_SQ":78.814280537338,"START_DATE":"2020-04-01 00:00:00","FISCAL_YEAR":"3-31","CURRENCY":"HKD","IS_CNY_CODE":0,"DPS_HKD_LY":null,"ORG_TYPE":"一般企业","PREMIUM_INCOME":null,"PREMIUM_INCOME_YOY":null,"NET_INTEREST_INCOME":null,"NET_INTEREST_INCOME_YOY":null,"FEE_COMMISSION_INCOME":null,"FEE_COMMISSION_INCOME_YOY":null,"ACCOUNTS_RECE_TDAYS":3.049877513461,"INVENTORY_TDAYS":2.444069892067,"CURRENT_ASSETS_TDAYS":1.271146986046,"TOTAL_ASSETS_TDAYS":0.307555967342,"PREMIUM_EXPENSE":null,"LOAN_DEPOSIT":null,"LOAN_EQUITY":null,"LOAN_ASSETS":null,"DEPOSIT_EQUITY":null,"DEPOSIT_ASSETS":null,"EQUITY_MULTIPLIER":-1.318118474779,"EQUITY_RATIO":-2.477938138645},{"SECUCODE":"00276.HK","SECURITY_CODE":"00276","SECURITY_NAME_ABBR":"蒙古能源","ORG_CODE":"10007532","STD_REPORT_DATE":"2020-06-30 00:00:00","REPORT_DATE":"2020-09-30 00:00:00","DATE_TYPE_CODE":"002","REPORT_TYPE":"2020年中报","PER_NETCASH_OPERATE":-0.033822101289,"PER_OI":1.255864459541,"BPS":-15.6983921562,"BASIC_EPS":-4.7099392,"DILUTED_EPS":-4.7099392,"OPERATE_INCOME":236260567.68,"OPERATE_INCOME_YOY":-66.3975074549,"GROSS_PROFIT":87429125.12,"GROSS_PROFIT_YOY":-73.467336947329,"HOLDER_PROFIT":-885479992.96,"HOLDER_PROFIT_YOY":-106.8904419524,"GROSS_PROFIT_RATIO":37.005381803034,"EPS_TTM":7.003284012289,"OPERATE_INCOME_QOQ":0,"NET_PROFIT_RATIO":-374.7895815434,"ROE_AVG":26.580354430927,"GROSS_PROFIT_QOQ":0,"ROA":-47.397538622183,"HOLDER_PROFIT_QOQ":0,"ROE_YEARLY":53.160708861855,"ROIC_YEARLY":-97.39542507981,"TOTAL_ASSETS":1852460387.2,"TOTAL_LIABILITIES":4805733739.52,"TAX_EBT":-0.458882054452,"OCF_SALES":-2.693133087117,"TOTAL_PARENT_EQUITY":-2953273352.32,"DEBT_ASSET_RATIO":259.4243727276,"OPERATE_PROFIT":-659499570.56,"PRETAX_PROFIT":-881435244.8,"NETCASH_OPERATE":-6362811.52,"NETCASH_INVEST":800513.92,"NETCASH_FINANCE":-3435795.2,"END_CASH":45468487.68,"DIVI_RATIO":null,"DIVIDEND_RATE":null,"CURRENT_RATIO":0.320723876628,"COMMON_ACS":15000000000,"CURRENTDEBT_DEBT":38.604732551523,"ISSUED_COMMON_SHARES":188125849,"HK_COMMON_SHARES":188125849,"PER_SHARES":3000,"TOTAL_MARKET_CAP":101587958.46,"HKSK_MARKET_CAP":101587958.46,"PE_TTM":0.057012536085,"PB_TTM":-0.032548089723,"REPORT_DATE_SQ":"2019-06-30 00:00:00","REPORT_TYPE_SQ":"2019年中报","OPERATE_INCOME_SQ":721739693.46,"DPS_HKD":null,"OPERATE_INCOME_QOQ_SQ":0,"NET_PROFIT_RATIO_SQ":-60.8721408343,"HOLDER_PROFIT_SQ":-439338402.66,"HOLDER_PROFIT_QOQ_SQ":0,"ROE_AVG_SQ":11.159724307386,"PE_TTM_SQ":-0.083076227418,"PB_TTM_SQ":-0.023731211482,"ROA_SQ":-33.427631777615,"START_DATE":"2020-04-01 00:00:00","FISCAL_YEAR":"3-31","CURRENCY":"HKD","IS_CNY_CODE":0,"DPS_HKD_LY":null,"ORG_TYPE":"一般企业","PREMIUM_INCOME":null,"PREMIUM_INCOME_YOY":null,"NET_INTEREST_INCOME":null,"NET_INTEREST_INCOME_YOY":null,"FEE_COMMISSION_INCOME":null,"FEE_COMMISSION_INCOME_YOY":null,"ACCOUNTS_RECE_TDAYS":1.363875700024,"INVENTORY_TDAYS":0.716711909089,"CURRENT_ASSETS_TDAYS":0.420310743781,"TOTAL_ASSETS_TDAYS":0.126464397508,"PREMIUM_EXPENSE":null,"LOAN_DEPOSIT":null,"LOAN_EQUITY":null,"LOAN_ASSETS":null,"DEPOSIT_EQUITY":null,"DEPOSIT_ASSETS":null,"EQUITY_MULTIPLIER":-0.627256662762,"EQUITY_RATIO":-1.627256662762}],"count":50},"success":true,"message":"ok","code":0}