{"version":"e8d85855a0cfa52406201621b0ed8ec8","result":{"pages":6,"data":[{"SECUCODE":"00287.HK","SECURITY_CODE":"00287","SECURITY_NAME_ABBR":"永发置业","ORG_CODE":"10007541","STD_REPORT_DATE":"2024-06-30 00:00:00","REPORT_DATE":"2024-09-30 00:00:00","DATE_TYPE_CODE":"002","REPORT_TYPE":"2024年中报","PER_NETCASH_OPERATE":0.184596413,"PER_OI":0.27642117975,"BPS":24.17313474775,"BASIC_EPS":-0.24618867,"DILUTED_EPS":-0.24618867,"OPERATE_INCOME":11056847.19,"OPERATE_INCOME_YOY":3.774862463,"GROSS_PROFIT":11056847.19,"GROSS_PROFIT_YOY":1.983515382542,"HOLDER_PROFIT":-9832216.37,"HOLDER_PROFIT_YOY":64.9500112515,"GROSS_PROFIT_RATIO":null,"EPS_TTM":-1.127481334344,"OPERATE_INCOME_QOQ":0,"NET_PROFIT_RATIO":-88.9242313025,"ROE_AVG":-1.014342956396,"GROSS_PROFIT_QOQ":0,"ROA":-0.999269018628,"HOLDER_PROFIT_QOQ":0,"ROE_YEARLY":-2.028685912792,"ROIC_YEARLY":-2.283421121884,"TOTAL_ASSETS":975680869.02,"TOTAL_LIABILITIES":8755479.11,"TAX_EBT":-6.913120219651,"OCF_SALES":66.780849849115,"TOTAL_PARENT_EQUITY":966925389.91,"DEBT_ASSET_RATIO":0.8973711987,"OPERATE_PROFIT":-9015194.63,"PRETAX_PROFIT":-9196454.42,"NETCASH_OPERATE":7383856.52,"NETCASH_INVEST":1902776.9,"NETCASH_FINANCE":-17361261.08,"END_CASH":118720653.5,"DIVI_RATIO":-0.112482394286,"DIVIDEND_RATE":4.307692307692,"CURRENT_RATIO":24.108498195844,"COMMON_ACS":null,"CURRENTDEBT_DEBT":82.778864970646,"ISSUED_COMMON_SHARES":40000000,"HK_COMMON_SHARES":40000000,"PER_SHARES":2000,"TOTAL_MARKET_CAP":130000000,"HKSK_MARKET_CAP":130000000,"PE_TTM":-4.400183115313,"PB_TTM":0.121242756911,"REPORT_DATE_SQ":"2023-06-30 00:00:00","REPORT_TYPE_SQ":"2023年中报","OPERATE_INCOME_SQ":10841798.45,"DPS_HKD":0.14,"OPERATE_INCOME_QOQ_SQ":0,"NET_PROFIT_RATIO_SQ":-263.2839610664,"HOLDER_PROFIT_SQ":-28544716.41,"HOLDER_PROFIT_QOQ_SQ":0,"ROE_AVG_SQ":-2.772827811712,"PE_TTM_SQ":-4.821678480269,"PB_TTM_SQ":0.163901659005,"ROA_SQ":-2.713616106092,"START_DATE":"2024-04-01 00:00:00","FISCAL_YEAR":"3-31","CURRENCY":"HKD","IS_CNY_CODE":0,"DPS_HKD_LY":0.14,"ORG_TYPE":"一般企业","PREMIUM_INCOME":null,"PREMIUM_INCOME_YOY":null,"NET_INTEREST_INCOME":null,"NET_INTEREST_INCOME_YOY":null,"FEE_COMMISSION_INCOME":null,"FEE_COMMISSION_INCOME_YOY":null,"ACCOUNTS_RECE_TDAYS":6.18773656321,"INVENTORY_TDAYS":null,"CURRENT_ASSETS_TDAYS":0.064447795456,"TOTAL_ASSETS_TDAYS":0.011237308482,"PREMIUM_EXPENSE":null,"LOAN_DEPOSIT":null,"LOAN_EQUITY":null,"LOAN_ASSETS":null,"DEPOSIT_EQUITY":null,"DEPOSIT_ASSETS":null,"EQUITY_MULTIPLIER":1.009054968668,"EQUITY_RATIO":0.009054968668},{"SECUCODE":"00287.HK","SECURITY_CODE":"00287","SECURITY_NAME_ABBR":"永发置业","ORG_CODE":"10007541","STD_REPORT_DATE":"2023-12-31 00:00:00","REPORT_DATE":"2024-03-31 00:00:00","DATE_TYPE_CODE":"001","REPORT_TYPE":"2023年年报","PER_NETCASH_OPERATE":0.24394390212,"PER_OI":0.454473957703,"BPS":24.42104006235,"BASIC_EPS":-1.124122,"DILUTED_EPS":-1.124122,"OPERATE_INCOME":18178958.3081,"OPERATE_INCOME_YOY":4.2264058289,"GROSS_PROFIT":18178958.3081,"GROSS_PROFIT_YOY":7.933937474118,"HOLDER_PROFIT":-45099253.37375,"HOLDER_PROFIT_YOY":-37.3222589768,"GROSS_PROFIT_RATIO":null,"EPS_TTM":-0.829941555034,"OPERATE_INCOME_QOQ":0,"NET_PROFIT_RATIO":-248.0849155898,"ROE_AVG":-4.480651996224,"GROSS_PROFIT_QOQ":0,"ROA":-4.390287591637,"HOLDER_PROFIT_QOQ":0,"ROE_YEARLY":-4.480651996224,"ROIC_YEARLY":-4.996243587111,"TOTAL_ASSETS":997437983.35,"TOTAL_LIABILITIES":20596816,"TAX_EBT":-2.959829208488,"OCF_SALES":53.676101344334,"TOTAL_PARENT_EQUITY":976841167.35,"DEBT_ASSET_RATIO":2.0649412843,"OPERATE_PROFIT":-43192318.19635,"PRETAX_PROFIT":-43802766.3026,"NETCASH_OPERATE":9757756.0848,"NETCASH_INVEST":2356566.75295,"NETCASH_FINANCE":-6359902.43155,"END_CASH":127464536.2559,"DIVI_RATIO":-0.152808109476,"DIVIDEND_RATE":4.307692307692,"CURRENT_RATIO":9.435480444776,"COMMON_ACS":null,"CURRENTDEBT_DEBT":87.108274647887,"ISSUED_COMMON_SHARES":40000000,"HK_COMMON_SHARES":40000000,"PER_SHARES":2000,"TOTAL_MARKET_CAP":130000000,"HKSK_MARKET_CAP":130000000,"PE_TTM":-4.400183115313,"PB_TTM":0.121242756911,"REPORT_DATE_SQ":"2022-12-31 00:00:00","REPORT_TYPE_SQ":"2022年年报","OPERATE_INCOME_SQ":16842671.29832,"DPS_HKD":0.14,"OPERATE_INCOME_QOQ_SQ":0,"NET_PROFIT_RATIO_SQ":-188.2943033777,"HOLDER_PROFIT_SQ":-31713790.59137,"HOLDER_PROFIT_QOQ_SQ":0,"ROE_AVG_SQ":-3.103686228565,"PE_TTM_SQ":-6.17944603458,"PB_TTM_SQ":0.210055784711,"ROA_SQ":-3.042645914043,"START_DATE":"2023-04-01 00:00:00","FISCAL_YEAR":"3-31","CURRENCY":"HKD","IS_CNY_CODE":0,"DPS_HKD_LY":0.14,"ORG_TYPE":"一般企业","PREMIUM_INCOME":null,"PREMIUM_INCOME_YOY":null,"NET_INTEREST_INCOME":null,"NET_INTEREST_INCOME_YOY":null,"FEE_COMMISSION_INCOME":null,"FEE_COMMISSION_INCOME_YOY":null,"ACCOUNTS_RECE_TDAYS":29.409485789794,"INVENTORY_TDAYS":null,"CURRENT_ASSETS_TDAYS":0.105297587254,"TOTAL_ASSETS_TDAYS":0.017696713165,"PREMIUM_EXPENSE":null,"LOAN_DEPOSIT":null,"LOAN_EQUITY":null,"LOAN_ASSETS":null,"DEPOSIT_EQUITY":null,"DEPOSIT_ASSETS":null,"EQUITY_MULTIPLIER":1.021084801616,"EQUITY_RATIO":0.021085122831},{"SECUCODE":"00287.HK","SECURITY_CODE":"00287","SECURITY_NAME_ABBR":"永发置业","ORG_CODE":"10007541","STD_REPORT_DATE":"2023-06-30 00:00:00","REPORT_DATE":"2023-09-30 00:00:00","DATE_TYPE_CODE":"002","REPORT_TYPE":"2023年中报","PER_NETCASH_OPERATE":0.19465226375,"PER_OI":0.27104496125,"BPS":25.249965895,"BASIC_EPS":-0.71391614,"DILUTED_EPS":-0.71391614,"OPERATE_INCOME":10841798.45,"OPERATE_INCOME_YOY":-2.2665232856,"GROSS_PROFIT":10841798.45,"GROSS_PROFIT_YOY":-0.841216401966,"HOLDER_PROFIT":-28544716.41,"HOLDER_PROFIT_YOY":-3.9672459893,"GROSS_PROFIT_RATIO":null,"EPS_TTM":-0.792844764784,"OPERATE_INCOME_QOQ":0,"NET_PROFIT_RATIO":-263.2839610664,"ROE_AVG":-2.772827811712,"GROSS_PROFIT_QOQ":0,"ROA":-2.713616106092,"HOLDER_PROFIT_QOQ":0,"ROE_YEARLY":-5.545655623423,"ROIC_YEARLY":-6.172896597701,"TOTAL_ASSETS":1033831322.16,"TOTAL_LIABILITIES":23832686.36,"TAX_EBT":-2.05373839441,"OCF_SALES":71.815488785442,"TOTAL_PARENT_EQUITY":1009998635.8,"DEBT_ASSET_RATIO":2.3052780322,"OPERATE_PROFIT":-27661038.72,"PRETAX_PROFIT":-27970280.03,"NETCASH_OPERATE":7786090.55,"NETCASH_INVEST":3219046.04,"NETCASH_FINANCE":-3266762.8,"END_CASH":130935707.07,"DIVI_RATIO":-0.159957920684,"DIVIDEND_RATE":4.307692307692,"CURRENT_RATIO":8.399035956227,"COMMON_ACS":null,"CURRENTDEBT_DEBT":88.664715847836,"ISSUED_COMMON_SHARES":40000000,"HK_COMMON_SHARES":40000000,"PER_SHARES":2000,"TOTAL_MARKET_CAP":130000000,"HKSK_MARKET_CAP":130000000,"PE_TTM":-4.400183115313,"PB_TTM":0.121242756911,"REPORT_DATE_SQ":"2022-06-30 00:00:00","REPORT_TYPE_SQ":"2022年中报","OPERATE_INCOME_SQ":10933775.16,"DPS_HKD":0.14,"OPERATE_INCOME_QOQ_SQ":0,"NET_PROFIT_RATIO_SQ":-247.4977252047,"HOLDER_PROFIT_SQ":-27060844.8,"HOLDER_PROFIT_QOQ_SQ":0,"ROE_AVG_SQ":-2.564569978124,"PE_TTM_SQ":-6.147372785265,"PB_TTM_SQ":0.208965529773,"ROA_SQ":-2.510789798176,"START_DATE":"2023-04-01 00:00:00","FISCAL_YEAR":"3-31","CURRENCY":"HKD","IS_CNY_CODE":0,"DPS_HKD_LY":0.14,"ORG_TYPE":"一般企业","PREMIUM_INCOME":null,"PREMIUM_INCOME_YOY":null,"NET_INTEREST_INCOME":null,"NET_INTEREST_INCOME_YOY":null,"FEE_COMMISSION_INCOME":null,"FEE_COMMISSION_INCOME_YOY":null,"ACCOUNTS_RECE_TDAYS":14.688851826596,"INVENTORY_TDAYS":null,"CURRENT_ASSETS_TDAYS":0.060971274938,"TOTAL_ASSETS_TDAYS":0.010306803708,"PREMIUM_EXPENSE":null,"LOAN_DEPOSIT":null,"LOAN_EQUITY":null,"LOAN_ASSETS":null,"DEPOSIT_EQUITY":null,"DEPOSIT_ASSETS":null,"EQUITY_MULTIPLIER":1.02359675104,"EQUITY_RATIO":0.02359675104},{"SECUCODE":"00287.HK","SECURITY_CODE":"00287","SECURITY_NAME_ABBR":"永发置业","ORG_CODE":"10007541","STD_REPORT_DATE":"2022-12-31 00:00:00","REPORT_DATE":"2023-03-31 00:00:00","DATE_TYPE_CODE":"001","REPORT_TYPE":"2022年年报","PER_NETCASH_OPERATE":0.399553603593,"PER_OI":0.421066782458,"BPS":25.015765401813,"BASIC_EPS":-0.7966231,"DILUTED_EPS":-0.7966231,"OPERATE_INCOME":16842671.29832,"OPERATE_INCOME_YOY":1.7387664862,"GROSS_PROFIT":16842671.29832,"GROSS_PROFIT_YOY":9.81755289041,"HOLDER_PROFIT":-31713790.59137,"HOLDER_PROFIT_YOY":-368.6579781148,"GROSS_PROFIT_RATIO":null,"EPS_TTM":-0.583309091759,"OPERATE_INCOME_QOQ":0,"NET_PROFIT_RATIO":-188.2943033777,"ROE_AVG":-3.103686228565,"GROSS_PROFIT_QOQ":0,"ROA":-3.042645914043,"HOLDER_PROFIT_QOQ":0,"ROE_YEARLY":-3.103686228565,"ROIC_YEARLY":-3.407363870744,"TOTAL_ASSETS":1020752861.24071,"TOTAL_LIABILITIES":20122245.16821,"TAX_EBT":-3.656274750886,"OCF_SALES":94.890791731619,"TOTAL_PARENT_EQUITY":1000630616.0725,"DEBT_ASSET_RATIO":1.9713141087,"OPERATE_PROFIT":-30139071.56861,"PRETAX_PROFIT":-30595147.92287,"NETCASH_OPERATE":15982144.14373,"NETCASH_INVEST":1948259.9714,"NETCASH_FINANCE":-6005462.29511,"END_CASH":117529372.36334,"DIVI_RATIO":-0.21741783523,"DIVIDEND_RATE":4.307692307692,"CURRENT_RATIO":8.970728522036,"COMMON_ACS":null,"CURRENTDEBT_DEBT":94.153622794595,"ISSUED_COMMON_SHARES":40000000,"HK_COMMON_SHARES":40000000,"PER_SHARES":2000,"TOTAL_MARKET_CAP":130000000,"HKSK_MARKET_CAP":130000000,"PE_TTM":-4.400183115313,"PB_TTM":0.121242756911,"REPORT_DATE_SQ":"2021-12-31 00:00:00","REPORT_TYPE_SQ":"2021年年报","OPERATE_INCOME_SQ":15336957.39435,"DPS_HKD":0.14,"OPERATE_INCOME_QOQ_SQ":0,"NET_PROFIT_RATIO_SQ":71.3056440625,"HOLDER_PROFIT_SQ":10936116.24964,"HOLDER_PROFIT_QOQ_SQ":0,"ROE_AVG_SQ":1.132214167883,"PE_TTM_SQ":-6.17944603458,"PB_TTM_SQ":0.210055784711,"ROA_SQ":1.108203361394,"START_DATE":"2022-04-01 00:00:00","FISCAL_YEAR":"3-31","CURRENCY":"HKD","IS_CNY_CODE":0,"DPS_HKD_LY":0.14,"ORG_TYPE":"一般企业","PREMIUM_INCOME":null,"PREMIUM_INCOME_YOY":null,"NET_INTEREST_INCOME":null,"NET_INTEREST_INCOME_YOY":null,"FEE_COMMISSION_INCOME":null,"FEE_COMMISSION_INCOME_YOY":null,"ACCOUNTS_RECE_TDAYS":34.557721029021,"INVENTORY_TDAYS":null,"CURRENT_ASSETS_TDAYS":0.099185474416,"TOTAL_ASSETS_TDAYS":0.01615899079,"PREMIUM_EXPENSE":null,"LOAN_DEPOSIT":null,"LOAN_EQUITY":null,"LOAN_ASSETS":null,"DEPOSIT_EQUITY":null,"DEPOSIT_ASSETS":null,"EQUITY_MULTIPLIER":1.020109563754,"EQUITY_RATIO":0.020109563754},{"SECUCODE":"00287.HK","SECURITY_CODE":"00287","SECURITY_NAME_ABBR":"永发置业","ORG_CODE":"10007541","STD_REPORT_DATE":"2022-06-30 00:00:00","REPORT_DATE":"2022-09-30 00:00:00","DATE_TYPE_CODE":"002","REPORT_TYPE":"2022年中报","PER_NETCASH_OPERATE":0.298510422,"PER_OI":0.273344379,"BPS":25.819591344,"BASIC_EPS":-0.67652112,"DILUTED_EPS":-0.67652112,"OPERATE_INCOME":10933775.16,"OPERATE_INCOME_YOY":0.0413770275,"GROSS_PROFIT":10933775.16,"GROSS_PROFIT_YOY":8.61333281964,"HOLDER_PROFIT":-27060844.8,"HOLDER_PROFIT_YOY":-445.8159963014,"GROSS_PROFIT_RATIO":null,"EPS_TTM":0.273402906241,"OPERATE_INCOME_QOQ":0,"NET_PROFIT_RATIO":-247.4977252047,"ROE_AVG":-2.564569978124,"GROSS_PROFIT_QOQ":0,"ROA":-2.510789798176,"HOLDER_PROFIT_QOQ":0,"ROE_YEARLY":-5.129139956248,"ROIC_YEARLY":-5.613817681978,"TOTAL_ASSETS":1056418479.84,"TOTAL_LIABILITIES":23634826.08,"TAX_EBT":-1.952499403687,"OCF_SALES":109.206716850029,"TOTAL_PARENT_EQUITY":1032783653.76,"DEBT_ASSET_RATIO":2.2372598105,"OPERATE_PROFIT":-26358094.92,"PRETAX_PROFIT":-26542600.68,"NETCASH_OPERATE":11940416.88,"NETCASH_INVEST":814900.44,"NETCASH_FINANCE":-3563493.6,"END_CASH":118298038.68,"DIVI_RATIO":0.463864125454,"DIVIDEND_RATE":4.307692307692,"CURRENT_RATIO":7.312877303802,"COMMON_ACS":null,"CURRENTDEBT_DEBT":95.71789377009,"ISSUED_COMMON_SHARES":40000000,"HK_COMMON_SHARES":40000000,"PER_SHARES":2000,"TOTAL_MARKET_CAP":130000000,"HKSK_MARKET_CAP":130000000,"PE_TTM":-4.400183115313,"PB_TTM":0.121242756911,"REPORT_DATE_SQ":"2021-06-30 00:00:00","REPORT_TYPE_SQ":"2021年中报","OPERATE_INCOME_SQ":10066697.04,"DPS_HKD":0.14,"OPERATE_INCOME_QOQ_SQ":0,"NET_PROFIT_RATIO_SQ":71.5988083416,"HOLDER_PROFIT_SQ":7207635.12,"HOLDER_PROFIT_QOQ_SQ":0,"ROE_AVG_SQ":0.726763692733,"PE_TTM_SQ":-6.17944603458,"PB_TTM_SQ":0.210055784711,"ROA_SQ":0.710505433898,"START_DATE":"2022-04-01 00:00:00","FISCAL_YEAR":"3-31","CURRENCY":"HKD","IS_CNY_CODE":0,"DPS_HKD_LY":0.14,"ORG_TYPE":"一般企业","PREMIUM_INCOME":null,"PREMIUM_INCOME_YOY":null,"NET_INTEREST_INCOME":null,"NET_INTEREST_INCOME_YOY":null,"FEE_COMMISSION_INCOME":null,"FEE_COMMISSION_INCOME_YOY":null,"ACCOUNTS_RECE_TDAYS":16.43887401396,"INVENTORY_TDAYS":null,"CURRENT_ASSETS_TDAYS":0.064179359293,"TOTAL_ASSETS_TDAYS":0.010144698486,"PREMIUM_EXPENSE":null,"LOAN_DEPOSIT":null,"LOAN_EQUITY":null,"LOAN_ASSETS":null,"DEPOSIT_EQUITY":null,"DEPOSIT_ASSETS":null,"EQUITY_MULTIPLIER":1.022884585745,"EQUITY_RATIO":0.022884585745},{"SECUCODE":"00287.HK","SECURITY_CODE":"00287","SECURITY_NAME_ABBR":"永发置业","ORG_CODE":"10007541","STD_REPORT_DATE":"2021-12-31 00:00:00","REPORT_DATE":"2022-03-31 00:00:00","DATE_TYPE_CODE":"001","REPORT_TYPE":"2021年年报","PER_NETCASH_OPERATE":0.022618480918,"PER_OI":0.383423934859,"BPS":24.156554347238,"BASIC_EPS":0.2757434,"DILUTED_EPS":0.2757434,"OPERATE_INCOME":15336957.39435,"OPERATE_INCOME_YOY":-9.2899263361,"GROSS_PROFIT":15336957.39435,"GROSS_PROFIT_YOY":-12.957267277812,"HOLDER_PROFIT":10936116.24964,"HOLDER_PROFIT_YOY":467.3199188901,"GROSS_PROFIT_RATIO":null,"EPS_TTM":0.631304934694,"OPERATE_INCOME_QOQ":0,"NET_PROFIT_RATIO":71.3056440625,"ROE_AVG":1.132214167883,"GROSS_PROFIT_QOQ":0,"ROA":1.108203361394,"HOLDER_PROFIT_QOQ":0,"ROE_YEARLY":1.132214167883,"ROIC_YEARLY":1.223275416176,"TOTAL_ASSETS":985602456.6881,"TOTAL_LIABILITIES":19340282.79857,"TAX_EBT":8.777634218078,"OCF_SALES":5.899079024913,"TOTAL_PARENT_EQUITY":966262173.88953,"DEBT_ASSET_RATIO":1.9622802954,"OPERATE_PROFIT":12235754.90858,"PRETAX_PROFIT":11988415.51181,"NETCASH_OPERATE":904739.23671,"NETCASH_INVEST":14511779.04965,"NETCASH_FINANCE":-5405744.17147,"END_CASH":97835584.71452,"DIVI_RATIO":0.200888339423,"DIVIDEND_RATE":4.307692307692,"CURRENT_RATIO":8.515398664468,"COMMON_ACS":null,"CURRENTDEBT_DEBT":95.440165047767,"ISSUED_COMMON_SHARES":40000000,"HK_COMMON_SHARES":40000000,"PER_SHARES":2000,"TOTAL_MARKET_CAP":130000000,"HKSK_MARKET_CAP":130000000,"PE_TTM":-4.400183115313,"PB_TTM":0.121242756911,"REPORT_DATE_SQ":"2020-12-31 00:00:00","REPORT_TYPE_SQ":"2020年年报","OPERATE_INCOME_SQ":17620032.04024,"DPS_HKD":0.14,"OPERATE_INCOME_QOQ_SQ":0,"NET_PROFIT_RATIO_SQ":-17.609010274,"HOLDER_PROFIT_SQ":-3102713.25224,"HOLDER_PROFIT_QOQ_SQ":0,"ROE_AVG_SQ":-0.308166069039,"PE_TTM_SQ":-6.17944603458,"PB_TTM_SQ":0.210055784711,"ROA_SQ":-0.301287464814,"START_DATE":"2021-04-01 00:00:00","FISCAL_YEAR":"3-31","CURRENCY":"HKD","IS_CNY_CODE":0,"DPS_HKD_LY":0.14,"ORG_TYPE":"一般企业","PREMIUM_INCOME":null,"PREMIUM_INCOME_YOY":null,"NET_INTEREST_INCOME":null,"NET_INTEREST_INCOME_YOY":null,"FEE_COMMISSION_INCOME":null,"FEE_COMMISSION_INCOME_YOY":null,"ACCOUNTS_RECE_TDAYS":22.265250677726,"INVENTORY_TDAYS":null,"CURRENT_ASSETS_TDAYS":0.096541583082,"TOTAL_ASSETS_TDAYS":0.01554159388,"PREMIUM_EXPENSE":null,"LOAN_DEPOSIT":null,"LOAN_EQUITY":null,"LOAN_ASSETS":null,"DEPOSIT_EQUITY":null,"DEPOSIT_ASSETS":null,"EQUITY_MULTIPLIER":1.020015564431,"EQUITY_RATIO":0.020015564431},{"SECUCODE":"00287.HK","SECURITY_CODE":"00287","SECURITY_NAME_ABBR":"永发置业","ORG_CODE":"10007541","STD_REPORT_DATE":"2021-06-30 00:00:00","REPORT_DATE":"2021-09-30 00:00:00","DATE_TYPE_CODE":"002","REPORT_TYPE":"2021年中报","PER_NETCASH_OPERATE":0.1080687085,"PER_OI":0.251667426,"BPS":24.792198824,"BASIC_EPS":0.17994096,"DILUTED_EPS":0.17994096,"OPERATE_INCOME":10066697.04,"OPERATE_INCOME_YOY":9.317893975,"GROSS_PROFIT":10066697.04,"GROSS_PROFIT_YOY":3.637523619401,"HOLDER_PROFIT":7207635.12,"HOLDER_PROFIT_YOY":135.9511343805,"GROSS_PROFIT_RATIO":null,"EPS_TTM":-0.077567831306,"OPERATE_INCOME_QOQ":0,"NET_PROFIT_RATIO":71.5988083416,"ROE_AVG":0.726763692733,"GROSS_PROFIT_QOQ":0,"ROA":0.710505433898,"HOLDER_PROFIT_QOQ":0,"ROE_YEARLY":1.453527385466,"ROIC_YEARLY":1.572055716833,"TOTAL_ASSETS":1013948149.22,"TOTAL_LIABILITIES":22260196.26,"TAX_EBT":6.454751865066,"OCF_SALES":42.941079112877,"TOTAL_PARENT_EQUITY":991687952.96,"DEBT_ASSET_RATIO":2.1953978887,"OPERATE_PROFIT":7831597.06,"PRETAX_PROFIT":7704971.94,"NETCASH_OPERATE":4322748.34,"NETCASH_INVEST":14651859.28,"NETCASH_FINANCE":-4462702.42,"END_CASH":104723972.6,"DIVI_RATIO":-1.634979318936,"DIVIDEND_RATE":4.307692307692,"CURRENT_RATIO":7.762892223738,"COMMON_ACS":null,"CURRENTDEBT_DEBT":96.010628344748,"ISSUED_COMMON_SHARES":40000000,"HK_COMMON_SHARES":40000000,"PER_SHARES":2000,"TOTAL_MARKET_CAP":130000000,"HKSK_MARKET_CAP":130000000,"PE_TTM":-4.400183115313,"PB_TTM":0.121242756911,"REPORT_DATE_SQ":"2020-06-30 00:00:00","REPORT_TYPE_SQ":"2020年中报","OPERATE_INCOME_SQ":9713370.88,"DPS_HKD":0.14,"OPERATE_INCOME_QOQ_SQ":0,"NET_PROFIT_RATIO_SQ":-217.7130450516,"HOLDER_PROFIT_SQ":-21147275.52,"HOLDER_PROFIT_QOQ_SQ":0,"ROE_AVG_SQ":-2.047626263028,"PE_TTM_SQ":-6.17944603458,"PB_TTM_SQ":0.210055784711,"ROA_SQ":-1.998768192036,"START_DATE":"2021-04-01 00:00:00","FISCAL_YEAR":"3-31","CURRENCY":"HKD","IS_CNY_CODE":0,"DPS_HKD_LY":0.14,"ORG_TYPE":"一般企业","PREMIUM_INCOME":null,"PREMIUM_INCOME_YOY":null,"NET_INTEREST_INCOME":null,"NET_INTEREST_INCOME_YOY":null,"FEE_COMMISSION_INCOME":null,"FEE_COMMISSION_INCOME_YOY":null,"ACCOUNTS_RECE_TDAYS":10.462731713272,"INVENTORY_TDAYS":null,"CURRENT_ASSETS_TDAYS":0.060858764611,"TOTAL_ASSETS_TDAYS":0.009923425408,"PREMIUM_EXPENSE":null,"LOAN_DEPOSIT":null,"LOAN_EQUITY":null,"LOAN_ASSETS":null,"DEPOSIT_EQUITY":null,"DEPOSIT_ASSETS":null,"EQUITY_MULTIPLIER":1.022446774909,"EQUITY_RATIO":0.022446774909},{"SECUCODE":"00287.HK","SECURITY_CODE":"00287","SECURITY_NAME_ABBR":"永发置业","ORG_CODE":"10007541","STD_REPORT_DATE":"2020-12-31 00:00:00","REPORT_DATE":"2021-03-31 00:00:00","DATE_TYPE_CODE":"001","REPORT_TYPE":"2020年年报","PER_NETCASH_OPERATE":2.11461796273,"PER_OI":0.440500801006,"BPS":25.155736620714,"BASIC_EPS":-0.0760662,"DILUTED_EPS":-0.0760662,"OPERATE_INCOME":17620032.04024,"OPERATE_INCOME_YOY":-4.780016091,"GROSS_PROFIT":17620032.04024,"GROSS_PROFIT_YOY":-11.920733282039,"HOLDER_PROFIT":-3102713.25224,"HOLDER_PROFIT_YOY":95.8895416346,"GROSS_PROFIT_RATIO":null,"EPS_TTM":-1.922487747683,"OPERATE_INCOME_QOQ":0,"NET_PROFIT_RATIO":-17.609010274,"ROE_AVG":-0.308166069039,"GROSS_PROFIT_QOQ":0,"ROA":-0.301287464814,"HOLDER_PROFIT_QOQ":0,"ROE_YEARLY":-0.308166069039,"ROIC_YEARLY":-0.319133013432,"TOTAL_ASSETS":1029693235.35372,"TOTAL_LIABILITIES":23463770.52516,"TAX_EBT":-56.392816032459,"OCF_SALES":480.048607834699,"TOTAL_PARENT_EQUITY":1006229464.82856,"DEBT_ASSET_RATIO":2.2787146423,"OPERATE_PROFIT":-1621986.62836,"PRETAX_PROFIT":-1983923.13084,"NETCASH_OPERATE":84491964.2301,"NETCASH_INVEST":-4841666.87634,"NETCASH_FINANCE":-11772578.98922,"END_CASH":91525102.55434,"DIVI_RATIO":-0.065967546557,"DIVIDEND_RATE":4.307692307692,"CURRENT_RATIO":7.410700353024,"COMMON_ACS":null,"CURRENTDEBT_DEBT":96.220541691332,"ISSUED_COMMON_SHARES":40000000,"HK_COMMON_SHARES":40000000,"PER_SHARES":2000,"TOTAL_MARKET_CAP":130000000,"HKSK_MARKET_CAP":130000000,"PE_TTM":-4.400183115313,"PB_TTM":0.121242756911,"REPORT_DATE_SQ":"2019-12-31 00:00:00","REPORT_TYPE_SQ":"2019年年报","OPERATE_INCOME_SQ":20004744.2455,"DPS_HKD":0.14,"OPERATE_INCOME_QOQ_SQ":0,"NET_PROFIT_RATIO_SQ":-407.9179317459,"HOLDER_PROFIT_SQ":-81602938.9773,"HOLDER_PROFIT_QOQ_SQ":0,"ROE_AVG_SQ":-7.109415253022,"PE_TTM_SQ":-6.17944603458,"PB_TTM_SQ":0.210055784711,"ROA_SQ":-6.962713798525,"START_DATE":"2020-04-01 00:00:00","FISCAL_YEAR":"3-31","CURRENCY":"HKD","IS_CNY_CODE":0,"DPS_HKD_LY":0.18,"ORG_TYPE":"一般企业","PREMIUM_INCOME":null,"PREMIUM_INCOME_YOY":null,"NET_INTEREST_INCOME":null,"NET_INTEREST_INCOME_YOY":null,"FEE_COMMISSION_INCOME":null,"FEE_COMMISSION_INCOME_YOY":null,"ACCOUNTS_RECE_TDAYS":0.386869253943,"INVENTORY_TDAYS":null,"CURRENT_ASSETS_TDAYS":0.107242753791,"TOTAL_ASSETS_TDAYS":0.017109846614,"PREMIUM_EXPENSE":null,"LOAN_DEPOSIT":null,"LOAN_EQUITY":null,"LOAN_ASSETS":null,"DEPOSIT_EQUITY":null,"DEPOSIT_ASSETS":null,"EQUITY_MULTIPLIER":1.023318508695,"EQUITY_RATIO":0.023318508695},{"SECUCODE":"00287.HK","SECURITY_CODE":"00287","SECURITY_NAME_ABBR":"永发置业","ORG_CODE":"10007541","STD_REPORT_DATE":"2020-06-30 00:00:00","REPORT_DATE":"2020-09-30 00:00:00","DATE_TYPE_CODE":"002","REPORT_TYPE":"2020年中报","PER_NETCASH_OPERATE":2.9914924,"PER_OI":0.242834272,"BPS":25.453201232,"BASIC_EPS":-0.52898944,"DILUTED_EPS":-0.52898944,"OPERATE_INCOME":9713370.88,"OPERATE_INCOME_YOY":-14.6870417535,"GROSS_PROFIT":9713370.88,"GROSS_PROFIT_YOY":-16.889831963757,"HOLDER_PROFIT":-21147275.52,"HOLDER_PROFIT_YOY":16.0263791479,"GROSS_PROFIT_RATIO":null,"EPS_TTM":-2.040073474433,"OPERATE_INCOME_QOQ":0,"NET_PROFIT_RATIO":-217.7130450516,"ROE_AVG":-2.047626263028,"GROSS_PROFIT_QOQ":0,"ROA":-1.998768192036,"HOLDER_PROFIT_QOQ":0,"ROE_YEARLY":-4.095252526055,"ROIC_YEARLY":-4.334039361,"TOTAL_ASSETS":1045215472,"TOTAL_LIABILITIES":27087422.72,"TAX_EBT":-2.811004784689,"OCF_SALES":1231.90700199023,"TOTAL_PARENT_EQUITY":1018128049.28,"DEBT_ASSET_RATIO":2.5915635049,"OPERATE_PROFIT":-20341489.28,"PRETAX_PROFIT":-20569077.76,"NETCASH_OPERATE":119659696,"NETCASH_INVEST":5535057.28,"NETCASH_FINANCE":-10073646.08,"END_CASH":139706814.08,"DIVI_RATIO":-0.062165310019,"DIVIDEND_RATE":4.307692307692,"CURRENT_RATIO":7.103174070595,"COMMON_ACS":null,"CURRENTDEBT_DEBT":96.684616881853,"ISSUED_COMMON_SHARES":40000000,"HK_COMMON_SHARES":40000000,"PER_SHARES":2000,"TOTAL_MARKET_CAP":130000000,"HKSK_MARKET_CAP":130000000,"PE_TTM":-4.400183115313,"PB_TTM":0.121242756911,"REPORT_DATE_SQ":"2019-06-30 00:00:00","REPORT_TYPE_SQ":"2019年中报","OPERATE_INCOME_SQ":11687343.57,"DPS_HKD":0.14,"OPERATE_INCOME_QOQ_SQ":0,"NET_PROFIT_RATIO_SQ":-221.1854595971,"HOLDER_PROFIT_SQ":-25850704.59,"HOLDER_PROFIT_QOQ_SQ":0,"ROE_AVG_SQ":-2.21371711935,"PE_TTM_SQ":-6.17944603458,"PB_TTM_SQ":0.210055784711,"ROA_SQ":-2.161791358033,"START_DATE":"2020-04-01 00:00:00","FISCAL_YEAR":"3-31","CURRENCY":"HKD","IS_CNY_CODE":0,"DPS_HKD_LY":0.18,"ORG_TYPE":"一般企业","PREMIUM_INCOME":null,"PREMIUM_INCOME_YOY":null,"NET_INTEREST_INCOME":null,"NET_INTEREST_INCOME_YOY":null,"FEE_COMMISSION_INCOME":null,"FEE_COMMISSION_INCOME_YOY":null,"ACCOUNTS_RECE_TDAYS":0.20624599406,"INVENTORY_TDAYS":null,"CURRENT_ASSETS_TDAYS":0.054921551316,"TOTAL_ASSETS_TDAYS":0.009180746113,"PREMIUM_EXPENSE":null,"LOAN_DEPOSIT":null,"LOAN_EQUITY":null,"LOAN_ASSETS":null,"DEPOSIT_EQUITY":null,"DEPOSIT_ASSETS":null,"EQUITY_MULTIPLIER":1.026605123726,"EQUITY_RATIO":0.026605123726}],"count":48},"success":true,"message":"ok","code":0}