{"version":"32a88c41a943ca5ed034b5f195adaa32","result":{"pages":5,"data":[{"SECUCODE":"00285.HK","SECURITY_CODE":"00285","SECURITY_NAME_ABBR":"比亚迪电子","ORG_CODE":"10106513","STD_REPORT_DATE":"2024-06-30 00:00:00","REPORT_DATE":"2024-06-30 00:00:00","DATE_TYPE_CODE":"002","REPORT_TYPE":"2024年中报","PER_NETCASH_OPERATE":0.081213223212,"PER_OI":34.875138053381,"BPS":13.156802234329,"BASIC_EPS":0.67,"DILUTED_EPS":0.67,"OPERATE_INCOME":78580818000,"OPERATE_INCOME_YOY":39.873055043,"GROSS_PROFIT":5379032000,"GROSS_PROFIT_YOY":22.008374274736,"HOLDER_PROFIT":1517800000,"HOLDER_PROFIT_YOY":0.1356429582,"GROSS_PROFIT_RATIO":6.845222710713,"EPS_TTM":1.794524198758,"OPERATE_INCOME_QOQ":17.237026384852,"NET_PROFIT_RATIO":1.931514635,"ROE_AVG":5.14723480681,"GROSS_PROFIT_QOQ":9.299248904313,"ROA":1.753784163708,"HOLDER_PROFIT_QOQ":0.050873786984,"ROE_YEARLY":10.294469613621,"ROIC_YEARLY":3.93158801141,"TOTAL_ASSETS":85869954000,"TOTAL_LIABILITIES":56224988000,"TAX_EBT":7.212461333431,"OCF_SALES":0.232868535423,"TOTAL_PARENT_EQUITY":29644966000,"DEBT_ASSET_RATIO":65.4769047623,"OPERATE_PROFIT":1945121000,"PRETAX_PROFIT":1635780000,"NETCASH_OPERATE":182990000,"NETCASH_INVEST":-1554924000,"NETCASH_FINANCE":-1067246000,"END_CASH":8130150000,"DIVI_RATIO":0.298702647962,"DIVIDEND_RATE":1.032286212914,"CURRENT_RATIO":1.012550078949,"COMMON_ACS":null,"CURRENTDEBT_DEBT":94.917288377189,"ISSUED_COMMON_SHARES":2253204500,"HK_COMMON_SHARES":2253204500,"PER_SHARES":500,"TOTAL_MARKET_CAP":129108617850,"HKSK_MARKET_CAP":129108617850,"PE_TTM":28.82789928256,"PB_TTM":3.974868898124,"REPORT_DATE_SQ":"2023-06-30 00:00:00","REPORT_TYPE_SQ":"2023年中报","OPERATE_INCOME_SQ":56180097000,"DPS_HKD":0.5915,"OPERATE_INCOME_QOQ_SQ":11.649391198247,"NET_PROFIT_RATIO_SQ":2.6980088696,"HOLDER_PROFIT_SQ":1515744000,"HOLDER_PROFIT_QOQ_SQ":47.477253127392,"ROE_AVG_SQ":5.780901754831,"PE_TTM_SQ":21.984615379499,"PB_TTM_SQ":2.25530424084,"ROA_SQ":2.597220499564,"START_DATE":"2024-01-01 00:00:00","FISCAL_YEAR":"12-31","CURRENCY":"HKD","IS_CNY_CODE":0,"DPS_HKD_LY":0.5915,"ORG_TYPE":"一般企业","PREMIUM_INCOME":null,"PREMIUM_INCOME_YOY":null,"NET_INTEREST_INCOME":null,"NET_INTEREST_INCOME_YOY":null,"FEE_COMMISSION_INCOME":null,"FEE_COMMISSION_INCOME_YOY":null,"ACCOUNTS_RECE_TDAYS":3.35075631727,"INVENTORY_TDAYS":3.739572033792,"CURRENT_ASSETS_TDAYS":1.446574982663,"TOTAL_ASSETS_TDAYS":0.907983885753,"PREMIUM_EXPENSE":null,"LOAN_DEPOSIT":null,"LOAN_EQUITY":null,"LOAN_ASSETS":null,"DEPOSIT_EQUITY":null,"DEPOSIT_ASSETS":null,"EQUITY_MULTIPLIER":2.896611654067,"EQUITY_RATIO":1.896611654066},{"SECUCODE":"00285.HK","SECURITY_CODE":"00285","SECURITY_NAME_ABBR":"比亚迪电子","ORG_CODE":"10106513","STD_REPORT_DATE":"2023-12-31 00:00:00","REPORT_DATE":"2023-12-31 00:00:00","DATE_TYPE_CODE":"001","REPORT_TYPE":"2023年年报","PER_NETCASH_OPERATE":4.545933580374,"PER_OI":57.676518931149,"BPS":13.017189074494,"BASIC_EPS":1.79,"DILUTED_EPS":1.79,"OPERATE_INCOME":129956992000,"OPERATE_INCOME_YOY":21.2440456936,"GROSS_PROFIT":10434090000,"GROSS_PROFIT_YOY":64.309443317983,"HOLDER_PROFIT":4041374000,"HOLDER_PROFIT_YOY":117.5567850871,"GROSS_PROFIT_RATIO":8.02887927723,"EPS_TTM":1.793611720552,"OPERATE_INCOME_QOQ":8.593557378492,"NET_PROFIT_RATIO":3.109778041,"ROE_AVG":14.705140817711,"GROSS_PROFIT_QOQ":23.759538974192,"ROA":5.60472938801,"HOLDER_PROFIT_QOQ":47.518875266283,"ROE_YEARLY":14.705140817711,"ROIC_YEARLY":6.342795308624,"TOTAL_ASSETS":87218620000,"TOTAL_LIABILITIES":57888231000,"TAX_EBT":13.666903005058,"OCF_SALES":7.881775226069,"TOTAL_PARENT_EQUITY":29330389000,"DEBT_ASSET_RATIO":66.3714135812,"OPERATE_PROFIT":4869751000,"PRETAX_PROFIT":4681141000,"NETCASH_OPERATE":10242918000,"NETCASH_INVEST":-17735377000,"NETCASH_FINANCE":11822818000,"END_CASH":10537361000,"DIVI_RATIO":0.29885460931,"DIVIDEND_RATE":1.416766467066,"CURRENT_RATIO":0.997377760688,"COMMON_ACS":null,"CURRENTDEBT_DEBT":94.579730722813,"ISSUED_COMMON_SHARES":2253204500,"HK_COMMON_SHARES":2253204500,"PER_SHARES":500,"TOTAL_MARKET_CAP":94071287875,"HKSK_MARKET_CAP":94071287875,"PE_TTM":21.004621205006,"PB_TTM":2.89617410989,"REPORT_DATE_SQ":"2022-12-31 00:00:00","REPORT_TYPE_SQ":"2022年年报","OPERATE_INCOME_SQ":107186288000,"DPS_HKD":0.5915,"OPERATE_INCOME_QOQ_SQ":21.499293581659,"NET_PROFIT_RATIO_SQ":1.7330742902,"HOLDER_PROFIT_SQ":1857618000,"HOLDER_PROFIT_QOQ_SQ":42.827991431634,"ROE_AVG_SQ":7.481017946617,"PE_TTM_SQ":24.175522066803,"PB_TTM_SQ":2.480059646284,"ROA_SQ":3.784505507328,"START_DATE":"2023-01-01 00:00:00","FISCAL_YEAR":"12-31","CURRENCY":"HKD","IS_CNY_CODE":0,"DPS_HKD_LY":0.18208,"ORG_TYPE":"一般企业","PREMIUM_INCOME":null,"PREMIUM_INCOME_YOY":null,"NET_INTEREST_INCOME":null,"NET_INTEREST_INCOME_YOY":null,"FEE_COMMISSION_INCOME":null,"FEE_COMMISSION_INCOME_YOY":null,"ACCOUNTS_RECE_TDAYS":6.642772476071,"INVENTORY_TDAYS":6.717055838442,"CURRENT_ASSETS_TDAYS":2.733197204511,"TOTAL_ASSETS_TDAYS":1.802292418964,"PREMIUM_EXPENSE":null,"LOAN_DEPOSIT":null,"LOAN_EQUITY":null,"LOAN_ASSETS":null,"DEPOSIT_EQUITY":null,"DEPOSIT_ASSETS":null,"EQUITY_MULTIPLIER":2.973660526631,"EQUITY_RATIO":1.97366052663},{"SECUCODE":"00285.HK","SECURITY_CODE":"00285","SECURITY_NAME_ABBR":"比亚迪电子","ORG_CODE":"10106513","STD_REPORT_DATE":"2023-06-30 00:00:00","REPORT_DATE":"2023-06-30 00:00:00","DATE_TYPE_CODE":"002","REPORT_TYPE":"2023年中报","PER_NETCASH_OPERATE":1.043236421727,"PER_OI":24.933421267355,"BPS":11.896230013743,"BASIC_EPS":0.67,"DILUTED_EPS":0.67,"OPERATE_INCOME":56180097000,"OPERATE_INCOME_YOY":28.5775608925,"GROSS_PROFIT":4408740000,"GROSS_PROFIT_YOY":89.37317176889,"HOLDER_PROFIT":1515744000,"HOLDER_PROFIT_YOY":139.1525375593,"GROSS_PROFIT_RATIO":7.847512260436,"EPS_TTM":1.215852356056,"OPERATE_INCOME_QOQ":11.649391198247,"NET_PROFIT_RATIO":2.6980088696,"ROE_AVG":5.780901754831,"GROSS_PROFIT_QOQ":32.765073852001,"ROA":2.597220499564,"HOLDER_PROFIT_QOQ":47.477253127392,"ROE_YEARLY":11.561803509661,"ROIC_YEARLY":5.871342656168,"TOTAL_ASSETS":59726098000,"TOTAL_LIABILITIES":32921459000,"TAX_EBT":9.23041821543,"OCF_SALES":4.184088539399,"TOTAL_PARENT_EQUITY":26804639000,"DEBT_ASSET_RATIO":55.1207262862,"OPERATE_PROFIT":1728697000,"PRETAX_PROFIT":1669881000,"NETCASH_OPERATE":2350625000,"NETCASH_INVEST":-2160587000,"NETCASH_FINANCE":788179000,"END_CASH":7212917000,"DIVI_RATIO":0.440866958336,"DIVIDEND_RATE":1.416766467066,"CURRENT_RATIO":1.346950339062,"COMMON_ACS":null,"CURRENTDEBT_DEBT":96.382705881899,"ISSUED_COMMON_SHARES":2253204500,"HK_COMMON_SHARES":2253204500,"PER_SHARES":500,"TOTAL_MARKET_CAP":94071287875,"HKSK_MARKET_CAP":94071287875,"PE_TTM":21.004621205006,"PB_TTM":2.89617410989,"REPORT_DATE_SQ":"2022-06-30 00:00:00","REPORT_TYPE_SQ":"2022年中报","OPERATE_INCOME_SQ":43693547000,"DPS_HKD":0.5915,"OPERATE_INCOME_QOQ_SQ":-0.940182362801,"NET_PROFIT_RATIO_SQ":1.45055287,"HOLDER_PROFIT_SQ":633798000,"HOLDER_PROFIT_QOQ_SQ":-43.694180049024,"ROE_AVG_SQ":2.616030751047,"PE_TTM_SQ":24.175522066803,"PB_TTM_SQ":2.480059646284,"ROA_SQ":1.477040162044,"START_DATE":"2023-01-01 00:00:00","FISCAL_YEAR":"12-31","CURRENCY":"HKD","IS_CNY_CODE":0,"DPS_HKD_LY":0.18208,"ORG_TYPE":"一般企业","PREMIUM_INCOME":null,"PREMIUM_INCOME_YOY":null,"NET_INTEREST_INCOME":null,"NET_INTEREST_INCOME_YOY":null,"FEE_COMMISSION_INCOME":null,"FEE_COMMISSION_INCOME_YOY":null,"ACCOUNTS_RECE_TDAYS":3.517034990619,"INVENTORY_TDAYS":2.962489412396,"CURRENT_ASSETS_TDAYS":1.350032219408,"TOTAL_ASSETS_TDAYS":0.962643425248,"PREMIUM_EXPENSE":null,"LOAN_DEPOSIT":null,"LOAN_EQUITY":null,"LOAN_ASSETS":null,"DEPOSIT_EQUITY":null,"DEPOSIT_ASSETS":null,"EQUITY_MULTIPLIER":2.228200051492,"EQUITY_RATIO":1.228200051491},{"SECUCODE":"00285.HK","SECURITY_CODE":"00285","SECURITY_NAME_ABBR":"比亚迪电子","ORG_CODE":"10106513","STD_REPORT_DATE":"2022-12-31 00:00:00","REPORT_DATE":"2022-12-31 00:00:00","DATE_TYPE_CODE":"001","REPORT_TYPE":"2022年年报","PER_NETCASH_OPERATE":2.645657773185,"PER_OI":47.570599117834,"BPS":11.377160395339,"BASIC_EPS":0.82,"DILUTED_EPS":0.82,"OPERATE_INCOME":107186288000,"OPERATE_INCOME_YOY":20.3569786525,"GROSS_PROFIT":6350268000,"GROSS_PROFIT_YOY":5.325828700989,"HOLDER_PROFIT":1857618000,"HOLDER_PROFIT_YOY":-19.5795283049,"GROSS_PROFIT_RATIO":5.924515270088,"EPS_TTM":0.824433823028,"OPERATE_INCOME_QOQ":21.499293581659,"NET_PROFIT_RATIO":1.7330742902,"ROE_AVG":7.481017946617,"GROSS_PROFIT_QOQ":19.894082296734,"ROA":3.784505507328,"HOLDER_PROFIT_QOQ":42.827991431634,"ROE_YEARLY":7.481017946617,"ROIC_YEARLY":4.169679531718,"TOTAL_ASSETS":56994373000,"TOTAL_LIABILITIES":31359304000,"TAX_EBT":4.175861588697,"OCF_SALES":5.561539737247,"TOTAL_PARENT_EQUITY":25635069000,"DEBT_ASSET_RATIO":55.021754516,"OPERATE_PROFIT":2017524000,"PRETAX_PROFIT":1938570000,"NETCASH_OPERATE":5961208000,"NETCASH_INVEST":-4276083000,"NETCASH_FINANCE":1761072000,"END_CASH":6243678000,"DIVI_RATIO":0.6501784801,"DIVIDEND_RATE":1.416766467066,"CURRENT_RATIO":1.343213071045,"COMMON_ACS":null,"CURRENTDEBT_DEBT":96.120876917421,"ISSUED_COMMON_SHARES":2253204500,"HK_COMMON_SHARES":2253204500,"PER_SHARES":500,"TOTAL_MARKET_CAP":94071287875,"HKSK_MARKET_CAP":94071287875,"PE_TTM":21.004621205006,"PB_TTM":2.89617410989,"REPORT_DATE_SQ":"2021-12-31 00:00:00","REPORT_TYPE_SQ":"2021年年报","OPERATE_INCOME_SQ":89056978000,"DPS_HKD":0.5915,"OPERATE_INCOME_QOQ_SQ":3.235893164173,"NET_PROFIT_RATIO_SQ":2.5937125331,"HOLDER_PROFIT_SQ":2309882000,"HOLDER_PROFIT_QOQ_SQ":-49.912559340928,"ROE_AVG_SQ":9.978022175494,"PE_TTM_SQ":24.175522066803,"PB_TTM_SQ":2.480059646284,"ROA_SQ":5.836619126112,"START_DATE":"2022-01-01 00:00:00","FISCAL_YEAR":"12-31","CURRENCY":"HKD","IS_CNY_CODE":0,"DPS_HKD_LY":0.1211,"ORG_TYPE":"一般企业","PREMIUM_INCOME":null,"PREMIUM_INCOME_YOY":null,"NET_INTEREST_INCOME":null,"NET_INTEREST_INCOME_YOY":null,"FEE_COMMISSION_INCOME":null,"FEE_COMMISSION_INCOME_YOY":null,"ACCOUNTS_RECE_TDAYS":7.64333872512,"INVENTORY_TDAYS":7.303344667702,"CURRENT_ASSETS_TDAYS":3.147068416287,"TOTAL_ASSETS_TDAYS":2.183694910612,"PREMIUM_EXPENSE":null,"LOAN_DEPOSIT":null,"LOAN_EQUITY":null,"LOAN_ASSETS":null,"DEPOSIT_EQUITY":null,"DEPOSIT_ASSETS":null,"EQUITY_MULTIPLIER":2.223297038911,"EQUITY_RATIO":1.223297038912},{"SECUCODE":"00285.HK","SECURITY_CODE":"00285","SECURITY_NAME_ABBR":"比亚迪电子","ORG_CODE":"10106513","STD_REPORT_DATE":"2022-06-30 00:00:00","REPORT_DATE":"2022-06-30 00:00:00","DATE_TYPE_CODE":"002","REPORT_TYPE":"2022年中报","PER_NETCASH_OPERATE":1.45333856736,"PER_OI":19.391736080769,"BPS":10.841373696884,"BASIC_EPS":0.28,"DILUTED_EPS":0.28,"OPERATE_INCOME":43693547000,"OPERATE_INCOME_YOY":-1.8802652409,"GROSS_PROFIT":2328070000,"GROSS_PROFIT_YOY":-23.935935595801,"HOLDER_PROFIT":633798000,"HOLDER_PROFIT_YOY":-61.4262708739,"GROSS_PROFIT_RATIO":5.328178094582,"EPS_TTM":0.577221463919,"OPERATE_INCOME_QOQ":-0.940182362801,"NET_PROFIT_RATIO":1.45055287,"ROE_AVG":2.616030751047,"GROSS_PROFIT_QOQ":-12.150936323687,"ROA":1.477040162044,"HOLDER_PROFIT_QOQ":-43.694180049024,"ROE_YEARLY":5.232061502095,"ROIC_YEARLY":3.215910373543,"TOTAL_ASSETS":44644727000,"TOTAL_LIABILITIES":20216895000,"TAX_EBT":8.003222364955,"OCF_SALES":7.494628440213,"TOTAL_PARENT_EQUITY":24427832000,"DEBT_ASSET_RATIO":45.2839480909,"OPERATE_PROFIT":722609000,"PRETAX_PROFIT":688935000,"NETCASH_OPERATE":3274669000,"NETCASH_INVEST":-2163246000,"NETCASH_FINANCE":239874000,"END_CASH":4162474000,"DIVI_RATIO":0.928636863848,"DIVIDEND_RATE":1.416766467066,"CURRENT_RATIO":1.574976301098,"COMMON_ACS":null,"CURRENTDEBT_DEBT":94.225181463326,"ISSUED_COMMON_SHARES":2253204500,"HK_COMMON_SHARES":2253204500,"PER_SHARES":500,"TOTAL_MARKET_CAP":94071287875,"HKSK_MARKET_CAP":94071287875,"PE_TTM":21.004621205006,"PB_TTM":2.89617410989,"REPORT_DATE_SQ":"2021-06-30 00:00:00","REPORT_TYPE_SQ":"2021年中报","OPERATE_INCOME_SQ":44530845000,"DPS_HKD":0.5915,"OPERATE_INCOME_QOQ_SQ":17.976271546883,"NET_PROFIT_RATIO_SQ":3.6897615574,"HOLDER_PROFIT_SQ":1643082000,"HOLDER_PROFIT_QOQ_SQ":-15.247480827902,"ROE_AVG_SQ":7.19978572614,"PE_TTM_SQ":24.175522066803,"PB_TTM_SQ":2.480059646284,"ROA_SQ":4.357587072239,"START_DATE":"2022-01-01 00:00:00","FISCAL_YEAR":"12-31","CURRENCY":"HKD","IS_CNY_CODE":0,"DPS_HKD_LY":0.1211,"ORG_TYPE":"一般企业","PREMIUM_INCOME":null,"PREMIUM_INCOME_YOY":null,"NET_INTEREST_INCOME":null,"NET_INTEREST_INCOME_YOY":null,"FEE_COMMISSION_INCOME":null,"FEE_COMMISSION_INCOME_YOY":null,"ACCOUNTS_RECE_TDAYS":3.507676584113,"INVENTORY_TDAYS":3.704993071076,"CURRENT_ASSETS_TDAYS":1.516287032842,"TOTAL_ASSETS_TDAYS":1.018260135582,"PREMIUM_EXPENSE":null,"LOAN_DEPOSIT":null,"LOAN_EQUITY":null,"LOAN_ASSETS":null,"DEPOSIT_EQUITY":null,"DEPOSIT_ASSETS":null,"EQUITY_MULTIPLIER":1.827617244134,"EQUITY_RATIO":0.827617244134},{"SECUCODE":"00285.HK","SECURITY_CODE":"00285","SECURITY_NAME_ABBR":"比亚迪电子","ORG_CODE":"10106513","STD_REPORT_DATE":"2021-12-31 00:00:00","REPORT_DATE":"2021-12-31 00:00:00","DATE_TYPE_CODE":"001","REPORT_TYPE":"2021年年报","PER_NETCASH_OPERATE":2.811540186432,"PER_OI":39.524587315532,"BPS":10.663525214866,"BASIC_EPS":1.03,"DILUTED_EPS":1.03,"OPERATE_INCOME":89056978000,"OPERATE_INCOME_YOY":21.7938576532,"GROSS_PROFIT":6029165000,"GROSS_PROFIT_YOY":-37.38432540649,"HOLDER_PROFIT":2309882000,"HOLDER_PROFIT_YOY":-57.5496322526,"GROSS_PROFIT_RATIO":6.77000852196,"EPS_TTM":1.025154174865,"OPERATE_INCOME_QOQ":3.235893164173,"NET_PROFIT_RATIO":2.5937125331,"ROE_AVG":9.978022175494,"GROSS_PROFIT_QOQ":-29.808498515762,"ROA":5.836619126112,"HOLDER_PROFIT_QOQ":-49.912559340928,"ROE_YEARLY":9.978022175494,"ROIC_YEARLY":6.340539500422,"TOTAL_ASSETS":41175282000,"TOTAL_LIABILITIES":17148179000,"TAX_EBT":6.303956568246,"OCF_SALES":7.113395426465,"TOTAL_PARENT_EQUITY":24027103000,"DEBT_ASSET_RATIO":41.6467797355,"OPERATE_PROFIT":2521701000,"PRETAX_PROFIT":2465293000,"NETCASH_OPERATE":6334975000,"NETCASH_INVEST":-3764419000,"NETCASH_FINANCE":-3198388000,"END_CASH":2824741000,"DIVI_RATIO":0.522876600557,"DIVIDEND_RATE":1.416766467066,"CURRENT_RATIO":1.703398878503,"COMMON_ACS":null,"CURRENTDEBT_DEBT":94.590031979489,"ISSUED_COMMON_SHARES":2253204500,"HK_COMMON_SHARES":2253204500,"PER_SHARES":500,"TOTAL_MARKET_CAP":94071287875,"HKSK_MARKET_CAP":94071287875,"PE_TTM":21.004621205006,"PB_TTM":2.89617410989,"REPORT_DATE_SQ":"2020-12-31 00:00:00","REPORT_TYPE_SQ":"2020年年报","OPERATE_INCOME_SQ":73121075000,"DPS_HKD":0.5915,"OPERATE_INCOME_QOQ_SQ":19.606752454352,"NET_PROFIT_RATIO_SQ":7.4415905401,"HOLDER_PROFIT_SQ":5441371000,"HOLDER_PROFIT_QOQ_SQ":55.681248569467,"ROE_AVG_SQ":27.718422039396,"PE_TTM_SQ":24.175522066803,"PB_TTM_SQ":2.480059646284,"ROA_SQ":16.488238075985,"START_DATE":"2021-01-01 00:00:00","FISCAL_YEAR":"12-31","CURRENCY":"HKD","IS_CNY_CODE":0,"DPS_HKD_LY":0.29291,"ORG_TYPE":"一般企业","PREMIUM_INCOME":null,"PREMIUM_INCOME_YOY":null,"NET_INTEREST_INCOME":null,"NET_INTEREST_INCOME_YOY":null,"FEE_COMMISSION_INCOME":null,"FEE_COMMISSION_INCOME_YOY":null,"ACCOUNTS_RECE_TDAYS":6.691239209438,"INVENTORY_TDAYS":9.511390886535,"CURRENT_ASSETS_TDAYS":3.316907133523,"TOTAL_ASSETS_TDAYS":2.250295301269,"PREMIUM_EXPENSE":null,"LOAN_DEPOSIT":null,"LOAN_EQUITY":null,"LOAN_ASSETS":null,"DEPOSIT_EQUITY":null,"DEPOSIT_ASSETS":null,"EQUITY_MULTIPLIER":1.713701481199,"EQUITY_RATIO":0.713701481198},{"SECUCODE":"00285.HK","SECURITY_CODE":"00285","SECURITY_NAME_ABBR":"比亚迪电子","ORG_CODE":"10106513","STD_REPORT_DATE":"2021-06-30 00:00:00","REPORT_DATE":"2021-06-30 00:00:00","DATE_TYPE_CODE":"002","REPORT_TYPE":"2021年中报","PER_NETCASH_OPERATE":1.645173351997,"PER_OI":19.763339279679,"BPS":10.371997748096,"BASIC_EPS":0.73,"DILUTED_EPS":0.73,"OPERATE_INCOME":44530845000,"OPERATE_INCOME_YOY":41.8794196289,"GROSS_PROFIT":3060670000,"GROSS_PROFIT_YOY":-25.348037363665,"HOLDER_PROFIT":1643082000,"HOLDER_PROFIT_YOY":-33.5525491011,"GROSS_PROFIT_RATIO":6.873146018226,"EPS_TTM":2.046729003071,"OPERATE_INCOME_QOQ":17.976271546883,"NET_PROFIT_RATIO":3.6897615574,"ROE_AVG":7.19978572614,"GROSS_PROFIT_QOQ":-10.793082824177,"ROA":4.357587072239,"HOLDER_PROFIT_QOQ":-15.247480827902,"ROE_YEARLY":14.399571452281,"ROIC_YEARLY":9.55079304973,"TOTAL_ASSETS":37436381000,"TOTAL_LIABILITIES":14066149000,"TAX_EBT":5.905657233077,"OCF_SALES":8.324369321983,"TOTAL_PARENT_EQUITY":23370232000,"DEBT_ASSET_RATIO":37.5734743163,"OPERATE_PROFIT":1775559000,"PRETAX_PROFIT":1746207000,"NETCASH_OPERATE":3706912000,"NETCASH_INVEST":-2077054000,"NETCASH_FINANCE":-1955268000,"END_CASH":3132106000,"DIVI_RATIO":0.261895507024,"DIVIDEND_RATE":1.416766467066,"CURRENT_RATIO":1.845148194806,"COMMON_ACS":null,"CURRENTDEBT_DEBT":93.753258265642,"ISSUED_COMMON_SHARES":2253204500,"HK_COMMON_SHARES":2253204500,"PER_SHARES":500,"TOTAL_MARKET_CAP":94071287875,"HKSK_MARKET_CAP":94071287875,"PE_TTM":21.004621205006,"PB_TTM":2.89617410989,"REPORT_DATE_SQ":"2020-06-30 00:00:00","REPORT_TYPE_SQ":"2020年中报","OPERATE_INCOME_SQ":31386402000,"DPS_HKD":0.5915,"OPERATE_INCOME_QOQ_SQ":15.286523200333,"NET_PROFIT_RATIO_SQ":7.8784245483,"HOLDER_PROFIT_SQ":2472754000,"HOLDER_PROFIT_QOQ_SQ":118.772005044926,"ROE_AVG_SQ":13.62957710733,"PE_TTM_SQ":24.175522066803,"PB_TTM_SQ":2.480059646284,"ROA_SQ":7.889868179668,"START_DATE":"2021-01-01 00:00:00","FISCAL_YEAR":"12-31","CURRENCY":"HKD","IS_CNY_CODE":0,"DPS_HKD_LY":0.29291,"ORG_TYPE":"一般企业","PREMIUM_INCOME":null,"PREMIUM_INCOME_YOY":null,"NET_INTEREST_INCOME":null,"NET_INTEREST_INCOME_YOY":null,"FEE_COMMISSION_INCOME":null,"FEE_COMMISSION_INCOME_YOY":null,"ACCOUNTS_RECE_TDAYS":3.692474762314,"INVENTORY_TDAYS":4.961395018276,"CURRENT_ASSETS_TDAYS":1.767036650057,"TOTAL_ASSETS_TDAYS":1.180994219935,"PREMIUM_EXPENSE":null,"LOAN_DEPOSIT":null,"LOAN_EQUITY":null,"LOAN_ASSETS":null,"DEPOSIT_EQUITY":null,"DEPOSIT_ASSETS":null,"EQUITY_MULTIPLIER":1.601883156315,"EQUITY_RATIO":0.601883156316},{"SECUCODE":"00285.HK","SECURITY_CODE":"00285","SECURITY_NAME_ABBR":"比亚迪电子","ORG_CODE":"10106513","STD_REPORT_DATE":"2020-12-31 00:00:00","REPORT_DATE":"2020-12-31 00:00:00","DATE_TYPE_CODE":"001","REPORT_TYPE":"2020年年报","PER_NETCASH_OPERATE":1.424169444007,"PER_OI":32.452036643811,"BPS":9.884718852639,"BASIC_EPS":2.41,"DILUTED_EPS":2.41,"OPERATE_INCOME":73121075000,"OPERATE_INCOME_YOY":37.8904664175,"GROSS_PROFIT":9628843000,"GROSS_PROFIT_YOY":143.316778391885,"HOLDER_PROFIT":5441371000,"HOLDER_PROFIT_YOY":240.5869889744,"GROSS_PROFIT_RATIO":13.168355361296,"EPS_TTM":2.414947688947,"OPERATE_INCOME_QOQ":19.606752454352,"NET_PROFIT_RATIO":7.4415905401,"ROE_AVG":27.718422039396,"GROSS_PROFIT_QOQ":48.002911842224,"ROA":16.488238075985,"HOLDER_PROFIT_QOQ":55.681248569467,"ROE_YEARLY":27.718422039396,"ROIC_YEARLY":17.873834410067,"TOTAL_ASSETS":37976088000,"TOTAL_LIABILITIES":15703795000,"TAX_EBT":12.529429485137,"OCF_SALES":4.38853641033,"TOTAL_PARENT_EQUITY":22272293000,"DEBT_ASSET_RATIO":41.3517974785,"OPERATE_PROFIT":6683223000,"PRETAX_PROFIT":6220802000,"NETCASH_OPERATE":3208945000,"NETCASH_INVEST":-2980502000,"NETCASH_FINANCE":1570230000,"END_CASH":3465889000,"DIVI_RATIO":0.221963039801,"DIVIDEND_RATE":1.416766467066,"CURRENT_RATIO":1.756718828475,"COMMON_ACS":null,"CURRENTDEBT_DEBT":94.496451335489,"ISSUED_COMMON_SHARES":2253204500,"HK_COMMON_SHARES":2253204500,"PER_SHARES":500,"TOTAL_MARKET_CAP":94071287875,"HKSK_MARKET_CAP":94071287875,"PE_TTM":21.004621205006,"PB_TTM":2.89617410989,"REPORT_DATE_SQ":"2019-12-31 00:00:00","REPORT_TYPE_SQ":"2019年年报","OPERATE_INCOME_SQ":53028376000,"DPS_HKD":0.5915,"OPERATE_INCOME_QOQ_SQ":18.324168749489,"NET_PROFIT_RATIO_SQ":3.0128114804,"HOLDER_PROFIT_SQ":1597645000,"HOLDER_PROFIT_QOQ_SQ":-1.934793630606,"ROE_AVG_SQ":9.73734264153,"PE_TTM_SQ":24.175522066803,"PB_TTM_SQ":2.480059646284,"ROA_SQ":5.908653007446,"START_DATE":"2020-01-01 00:00:00","FISCAL_YEAR":"12-31","CURRENCY":"HKD","IS_CNY_CODE":0,"DPS_HKD_LY":0.07765,"ORG_TYPE":"一般企业","PREMIUM_INCOME":null,"PREMIUM_INCOME_YOY":null,"NET_INTEREST_INCOME":null,"NET_INTEREST_INCOME_YOY":null,"FEE_COMMISSION_INCOME":null,"FEE_COMMISSION_INCOME_YOY":null,"ACCOUNTS_RECE_TDAYS":6.103892108949,"INVENTORY_TDAYS":10.330433217822,"CURRENT_ASSETS_TDAYS":3.389082346677,"TOTAL_ASSETS_TDAYS":2.21568735705,"PREMIUM_EXPENSE":null,"LOAN_DEPOSIT":null,"LOAN_EQUITY":null,"LOAN_ASSETS":null,"DEPOSIT_EQUITY":null,"DEPOSIT_ASSETS":null,"EQUITY_MULTIPLIER":1.705082094602,"EQUITY_RATIO":0.705082094601},{"SECUCODE":"00285.HK","SECURITY_CODE":"00285","SECURITY_NAME_ABBR":"比亚迪电子","ORG_CODE":"10106513","STD_REPORT_DATE":"2020-06-30 00:00:00","REPORT_DATE":"2020-06-30 00:00:00","DATE_TYPE_CODE":"002","REPORT_TYPE":"2020年中报","PER_NETCASH_OPERATE":1.556703352936,"PER_OI":13.929673050094,"BPS":8.563645243918,"BASIC_EPS":1.1,"DILUTED_EPS":1.1,"OPERATE_INCOME":31386402000,"OPERATE_INCOME_YOY":34.8201156459,"GROSS_PROFIT":4099919000,"GROSS_PROFIT_YOY":164.272205749645,"HOLDER_PROFIT":2472754000,"HOLDER_PROFIT_YOY":329.895392725,"GROSS_PROFIT_RATIO":13.062723787199,"EPS_TTM":1.551212950267,"OPERATE_INCOME_QOQ":15.286523200333,"NET_PROFIT_RATIO":7.8784245483,"ROE_AVG":13.62957710733,"GROSS_PROFIT_QOQ":64.399994137458,"ROA":7.889868179668,"HOLDER_PROFIT_QOQ":118.772005044926,"ROE_YEARLY":27.259154214661,"ROIC_YEARLY":17.856800033031,"TOTAL_ASSETS":34654783000,"TOTAL_LIABILITIES":15359139000,"TAX_EBT":12.642363306849,"OCF_SALES":11.175447889822,"TOTAL_PARENT_EQUITY":19295644000,"DEBT_ASSET_RATIO":44.3204016023,"OPERATE_PROFIT":2909768000,"PRETAX_PROFIT":2830610000,"NETCASH_OPERATE":3507571000,"NETCASH_INVEST":-1209412000,"NETCASH_FINANCE":1690580000,"END_CASH":5640274000,"DIVI_RATIO":0.345554831726,"DIVIDEND_RATE":1.416766467066,"CURRENT_RATIO":1.652645537449,"COMMON_ACS":null,"CURRENTDEBT_DEBT":95.168166653092,"ISSUED_COMMON_SHARES":2253204500,"HK_COMMON_SHARES":2253204500,"PER_SHARES":500,"TOTAL_MARKET_CAP":94071287875,"HKSK_MARKET_CAP":94071287875,"PE_TTM":21.004621205006,"PB_TTM":2.89617410989,"REPORT_DATE_SQ":"2019-06-30 00:00:00","REPORT_TYPE_SQ":"2019年中报","OPERATE_INCOME_SQ":23280207000,"DPS_HKD":0.5915,"OPERATE_INCOME_QOQ_SQ":9.182233139318,"NET_PROFIT_RATIO_SQ":2.4707641131,"HOLDER_PROFIT_SQ":575199000,"HOLDER_PROFIT_QOQ_SQ":-25.561952280432,"ROE_AVG_SQ":3.618891666572,"PE_TTM_SQ":24.175522066803,"PB_TTM_SQ":2.480059646284,"ROA_SQ":2.223949042094,"START_DATE":"2020-01-01 00:00:00","FISCAL_YEAR":"12-31","CURRENCY":"HKD","IS_CNY_CODE":0,"DPS_HKD_LY":0.07765,"ORG_TYPE":"一般企业","PREMIUM_INCOME":null,"PREMIUM_INCOME_YOY":null,"NET_INTEREST_INCOME":null,"NET_INTEREST_INCOME_YOY":null,"FEE_COMMISSION_INCOME":null,"FEE_COMMISSION_INCOME_YOY":null,"ACCOUNTS_RECE_TDAYS":2.878442656459,"INVENTORY_TDAYS":5.156688963859,"CURRENT_ASSETS_TDAYS":1.522177649329,"TOTAL_ASSETS_TDAYS":1.001452527886,"PREMIUM_EXPENSE":null,"LOAN_DEPOSIT":null,"LOAN_EQUITY":null,"LOAN_ASSETS":null,"DEPOSIT_EQUITY":null,"DEPOSIT_ASSETS":null,"EQUITY_MULTIPLIER":1.795989965404,"EQUITY_RATIO":0.795989965404}],"count":44},"success":true,"message":"ok","code":0}