{"version":"03eea28a1c430cfc4642fe15be6f1257","result":{"pages":6,"data":[{"SECUCODE":"00280.HK","SECURITY_CODE":"00280","SECURITY_NAME_ABBR":"景福集团","ORG_CODE":"10007536","STD_REPORT_DATE":"2024-06-30 00:00:00","REPORT_DATE":"2024-09-30 00:00:00","DATE_TYPE_CODE":"002","REPORT_TYPE":"2024年中报","PER_NETCASH_OPERATE":0.047677499901,"PER_OI":0.384098666441,"BPS":0.764961312452,"BASIC_EPS":0.036702853,"DILUTED_EPS":0.036702853,"OPERATE_INCOME":349264168.79,"OPERATE_INCOME_YOY":6.4268108037,"GROSS_PROFIT":111412547.34,"GROSS_PROFIT_YOY":9.657035543499,"HOLDER_PROFIT":33405908.76,"HOLDER_PROFIT_YOY":-15.2989596433,"GROSS_PROFIT_RATIO":31.899220502916,"EPS_TTM":0.084946523345,"OPERATE_INCOME_QOQ":0,"NET_PROFIT_RATIO":9.564653848,"ROE_AVG":4.853268036152,"GROSS_PROFIT_QOQ":0,"ROA":3.950786872518,"HOLDER_PROFIT_QOQ":0,"ROE_YEARLY":9.706536072304,"ROIC_YEARLY":14.294589557278,"TOTAL_ASSETS":863875141.24,"TOTAL_LIABILITIES":168231629.87,"TAX_EBT":-6.92760651195,"OCF_SALES":12.412826199777,"TOTAL_PARENT_EQUITY":695585796.81,"DEBT_ASSET_RATIO":19.4740677025,"OPERATE_PROFIT":33299497.54,"PRETAX_PROFIT":31241612.76,"NETCASH_OPERATE":43353554.25,"NETCASH_INVEST":-57563059.28,"NETCASH_FINANCE":-20487767.01,"END_CASH":173977835.75,"DIVI_RATIO":0.319936107209,"DIVIDEND_RATE":8.450704225352,"CURRENT_RATIO":5.061857427535,"COMMON_ACS":null,"CURRENTDEBT_DEBT":91.189635117098,"ISSUED_COMMON_SHARES":909308465,"HK_COMMON_SHARES":909308465,"PER_SHARES":2000,"TOTAL_MARKET_CAP":322804505.075,"HKSK_MARKET_CAP":322804505.075,"PE_TTM":4.11142605236,"PB_TTM":0.418498876726,"REPORT_DATE_SQ":"2023-06-30 00:00:00","REPORT_TYPE_SQ":"2023年中报","OPERATE_INCOME_SQ":333937486.19,"DPS_HKD":0.03,"OPERATE_INCOME_QOQ_SQ":0,"NET_PROFIT_RATIO_SQ":12.0185319019,"HOLDER_PROFIT_SQ":40132548.05,"HOLDER_PROFIT_QOQ_SQ":0,"ROE_AVG_SQ":5.884193000454,"PE_TTM_SQ":4.031814062962,"PB_TTM_SQ":0.473844294641,"ROA_SQ":4.791682073784,"START_DATE":"2024-04-01 00:00:00","FISCAL_YEAR":"3-31","CURRENCY":"HKD","IS_CNY_CODE":0,"DPS_HKD_LY":0.03,"ORG_TYPE":"一般企业","PREMIUM_INCOME":null,"PREMIUM_INCOME_YOY":null,"NET_INTEREST_INCOME":null,"NET_INTEREST_INCOME_YOY":null,"FEE_COMMISSION_INCOME":null,"FEE_COMMISSION_INCOME_YOY":null,"ACCOUNTS_RECE_TDAYS":16.557693129836,"INVENTORY_TDAYS":0.628295511256,"CURRENT_ASSETS_TDAYS":0.449025635437,"TOTAL_ASSETS_TDAYS":0.413061145263,"PREMIUM_EXPENSE":null,"LOAN_DEPOSIT":null,"LOAN_EQUITY":null,"LOAN_ASSETS":null,"DEPOSIT_EQUITY":null,"DEPOSIT_ASSETS":null,"EQUITY_MULTIPLIER":1.241835979378,"EQUITY_RATIO":0.241856045137},{"SECUCODE":"00280.HK","SECURITY_CODE":"00280","SECURITY_NAME_ABBR":"景福集团","ORG_CODE":"10007536","STD_REPORT_DATE":"2023-12-31 00:00:00","REPORT_DATE":"2024-03-31 00:00:00","DATE_TYPE_CODE":"001","REPORT_TYPE":"2023年年报","PER_NETCASH_OPERATE":0.153467028045,"PER_OI":0.773220232971,"BPS":0.752928975537,"BASIC_EPS":0.084943735,"DILUTED_EPS":0.084943735,"OPERATE_INCOME":703095703.15,"OPERATE_INCOME_YOY":-13.3149361463,"GROSS_PROFIT":218283641.75,"GROSS_PROFIT_YOY":-7.627896180114,"HOLDER_PROFIT":77242592.75,"HOLDER_PROFIT_YOY":7.22195656,"GROSS_PROFIT_RATIO":31.046078189932,"EPS_TTM":0.082219601541,"OPERATE_INCOME_QOQ":0,"NET_PROFIT_RATIO":10.9842658267,"ROE_AVG":11.195576692755,"GROSS_PROFIT_QOQ":0,"ROA":9.619531470505,"HOLDER_PROFIT_QOQ":0,"ROE_YEARLY":11.195576692755,"ROIC_YEARLY":17.484817112774,"TOTAL_ASSETS":831592819.8,"TOTAL_LIABILITIES":146890109.6,"TAX_EBT":-3.14804276495,"OCF_SALES":19.847777062894,"TOTAL_PARENT_EQUITY":684644691,"DEBT_ASSET_RATIO":17.6637058549,"OPERATE_PROFIT":78634147,"PRETAX_PROFIT":74872871.05,"NETCASH_OPERATE":139548867.7,"NETCASH_INVEST":-119326456.85,"NETCASH_FINANCE":-83475124,"END_CASH":209622463.05,"DIVI_RATIO":0.330547211257,"DIVIDEND_RATE":9.090909090909,"CURRENT_RATIO":5.84716225179,"COMMON_ACS":null,"CURRENTDEBT_DEBT":91.190629011553,"ISSUED_COMMON_SHARES":909308465,"HK_COMMON_SHARES":909308465,"PER_SHARES":2000,"TOTAL_MARKET_CAP":300071793.45,"HKSK_MARKET_CAP":300071793.45,"PE_TTM":3.821889006419,"PB_TTM":0.389027124844,"REPORT_DATE_SQ":"2022-12-31 00:00:00","REPORT_TYPE_SQ":"2022年年报","OPERATE_INCOME_SQ":783231077.82,"DPS_HKD":0.03,"OPERATE_INCOME_QOQ_SQ":0,"NET_PROFIT_RATIO_SQ":8.8802752201,"HOLDER_PROFIT_SQ":69565331.06,"HOLDER_PROFIT_QOQ_SQ":0,"ROE_AVG_SQ":10.778755816406,"PE_TTM_SQ":3.655511417085,"PB_TTM_SQ":0.429618827141,"ROA_SQ":9.253833541391,"START_DATE":"2023-04-01 00:00:00","FISCAL_YEAR":"3-31","CURRENCY":"HKD","IS_CNY_CODE":0,"DPS_HKD_LY":0.084,"ORG_TYPE":"一般企业","PREMIUM_INCOME":null,"PREMIUM_INCOME_YOY":null,"NET_INTEREST_INCOME":null,"NET_INTEREST_INCOME_YOY":null,"FEE_COMMISSION_INCOME":null,"FEE_COMMISSION_INCOME_YOY":null,"ACCOUNTS_RECE_TDAYS":18.976119987277,"INVENTORY_TDAYS":1.333040862059,"CURRENT_ASSETS_TDAYS":0.922664112874,"TOTAL_ASSETS_TDAYS":0.875611628563,"PREMIUM_EXPENSE":null,"LOAN_DEPOSIT":null,"LOAN_EQUITY":null,"LOAN_ASSETS":null,"DEPOSIT_EQUITY":null,"DEPOSIT_ASSETS":null,"EQUITY_MULTIPLIER":1.214531222692,"EQUITY_RATIO":0.214549402823},{"SECUCODE":"00280.HK","SECURITY_CODE":"00280","SECURITY_NAME_ABBR":"景福集团","ORG_CODE":"10007536","STD_REPORT_DATE":"2023-06-30 00:00:00","REPORT_DATE":"2023-09-30 00:00:00","DATE_TYPE_CODE":"002","REPORT_TYPE":"2023年中报","PER_NETCASH_OPERATE":0.083194449531,"PER_OI":0.367243349252,"BPS":0.726211656217,"BASIC_EPS":0.044138003,"DILUTED_EPS":0.044138003,"OPERATE_INCOME":333937486.19,"OPERATE_INCOME_YOY":-11.7816607436,"GROSS_PROFIT":101600911.23,"GROSS_PROFIT_YOY":-12.691999553224,"HOLDER_PROFIT":40132548.05,"HOLDER_PROFIT_YOY":13.2268420235,"GROSS_PROFIT_RATIO":30.42512908305,"EPS_TTM":0.076499349528,"OPERATE_INCOME_QOQ":0,"NET_PROFIT_RATIO":12.0185319019,"ROE_AVG":5.884193000454,"GROSS_PROFIT_QOQ":0,"ROA":4.791682073784,"HOLDER_PROFIT_QOQ":0,"ROE_YEARLY":11.768386000908,"ROIC_YEARLY":18.033322578351,"TOTAL_ASSETS":891267407.73,"TOTAL_LIABILITIES":230843590.95,"TAX_EBT":null,"OCF_SALES":22.653766147403,"TOTAL_PARENT_EQUITY":660350406.38,"DEBT_ASSET_RATIO":25.9005982882,"OPERATE_PROFIT":41644802.29,"PRETAX_PROFIT":40134383.31,"NETCASH_OPERATE":75649417.2,"NETCASH_INVEST":-53240892.6,"NETCASH_FINANCE":26146949.22,"END_CASH":324762103.82,"DIVI_RATIO":0.355263935809,"DIVIDEND_RATE":9.090909090909,"CURRENT_RATIO":3.995101748064,"COMMON_ACS":null,"CURRENTDEBT_DEBT":90.892214735754,"ISSUED_COMMON_SHARES":909308465,"HK_COMMON_SHARES":909308465,"PER_SHARES":2000,"TOTAL_MARKET_CAP":300071793.45,"HKSK_MARKET_CAP":300071793.45,"PE_TTM":3.821889006419,"PB_TTM":0.389027124844,"REPORT_DATE_SQ":"2022-06-30 00:00:00","REPORT_TYPE_SQ":"2022年中报","OPERATE_INCOME_SQ":373094162.16,"DPS_HKD":0.03,"OPERATE_INCOME_QOQ_SQ":0,"NET_PROFIT_RATIO_SQ":9.3638034103,"HOLDER_PROFIT_SQ":34934899.44,"HOLDER_PROFIT_QOQ_SQ":0,"ROE_AVG_SQ":5.374276491541,"PE_TTM_SQ":3.655511417085,"PB_TTM_SQ":0.429618827141,"ROA_SQ":4.456032071064,"START_DATE":"2023-04-01 00:00:00","FISCAL_YEAR":"3-31","CURRENCY":"HKD","IS_CNY_CODE":0,"DPS_HKD_LY":0.084,"ORG_TYPE":"一般企业","PREMIUM_INCOME":null,"PREMIUM_INCOME_YOY":null,"NET_INTEREST_INCOME":null,"NET_INTEREST_INCOME_YOY":null,"FEE_COMMISSION_INCOME":null,"FEE_COMMISSION_INCOME_YOY":null,"ACCOUNTS_RECE_TDAYS":null,"INVENTORY_TDAYS":0.64758216842,"CURRENT_ASSETS_TDAYS":0.420541669291,"TOTAL_ASSETS_TDAYS":0.398709362871,"PREMIUM_EXPENSE":null,"LOAN_DEPOSIT":null,"LOAN_EQUITY":null,"LOAN_ASSETS":null,"DEPOSIT_EQUITY":null,"DEPOSIT_ASSETS":null,"EQUITY_MULTIPLIER":1.349538561579,"EQUITY_RATIO":0.349577419382},{"SECUCODE":"00280.HK","SECURITY_CODE":"00280","SECURITY_NAME_ABBR":"景福集团","ORG_CODE":"10007536","STD_REPORT_DATE":"2022-12-31 00:00:00","REPORT_DATE":"2023-03-31 00:00:00","DATE_TYPE_CODE":"001","REPORT_TYPE":"2022年年报","PER_NETCASH_OPERATE":0.094945024864,"PER_OI":0.861300694903,"BPS":0.738309473002,"BASIC_EPS":0.076423293,"DILUTED_EPS":0.076423293,"OPERATE_INCOME":783231077.82,"OPERATE_INCOME_YOY":9.2232191906,"GROSS_PROFIT":236309050.81,"GROSS_PROFIT_YOY":24.417146499155,"HOLDER_PROFIT":69565331.06,"HOLDER_PROFIT_YOY":32.3330557868,"GROSS_PROFIT_RATIO":30.171051366824,"EPS_TTM":0.058801491679,"OPERATE_INCOME_QOQ":0,"NET_PROFIT_RATIO":8.8802752201,"ROE_AVG":10.778755816406,"GROSS_PROFIT_QOQ":0,"ROA":9.253833541391,"HOLDER_PROFIT_QOQ":0,"ROE_YEARLY":10.778755816406,"ROIC_YEARLY":16.792044561276,"TOTAL_ASSETS":747761215.44,"TOTAL_LIABILITIES":76341879.87,"TAX_EBT":null,"OCF_SALES":11.02344691305,"TOTAL_PARENT_EQUITY":671351053.59,"DEBT_ASSET_RATIO":10.209392824,"OPERATE_PROFIT":72465564.39,"PRETAX_PROFIT":69553075.32,"NETCASH_OPERATE":86339062.07,"NETCASH_INVEST":55866039.97,"NETCASH_FINANCE":-101348841.93,"END_CASH":263550934.6,"DIVI_RATIO":0.46218997553,"DIVIDEND_RATE":9.090909090909,"CURRENT_RATIO":10.903493088541,"COMMON_ACS":null,"CURRENTDEBT_DEBT":85.942642219088,"ISSUED_COMMON_SHARES":909308465,"HK_COMMON_SHARES":909308465,"PER_SHARES":2000,"TOTAL_MARKET_CAP":300071793.45,"HKSK_MARKET_CAP":300071793.45,"PE_TTM":3.821889006419,"PB_TTM":0.389027124844,"REPORT_DATE_SQ":"2021-12-31 00:00:00","REPORT_TYPE_SQ":"2021年年报","OPERATE_INCOME_SQ":664338841.5,"DPS_HKD":0.03,"OPERATE_INCOME_QOQ_SQ":0,"NET_PROFIT_RATIO_SQ":7.3295489227,"HOLDER_PROFIT_SQ":48701150.5,"HOLDER_PROFIT_QOQ_SQ":0,"ROE_AVG_SQ":8.778399144526,"PE_TTM_SQ":3.655511417085,"PB_TTM_SQ":0.429618827141,"ROA_SQ":7.128878368039,"START_DATE":"2022-04-01 00:00:00","FISCAL_YEAR":"3-31","CURRENCY":"HKD","IS_CNY_CODE":0,"DPS_HKD_LY":0.02,"ORG_TYPE":"一般企业","PREMIUM_INCOME":null,"PREMIUM_INCOME_YOY":null,"NET_INTEREST_INCOME":null,"NET_INTEREST_INCOME_YOY":null,"FEE_COMMISSION_INCOME":null,"FEE_COMMISSION_INCOME_YOY":null,"ACCOUNTS_RECE_TDAYS":15.578458002507,"INVENTORY_TDAYS":1.650403314749,"CURRENT_ASSETS_TDAYS":1.118457889161,"TOTAL_ASSETS_TDAYS":1.041882487749,"PREMIUM_EXPENSE":null,"LOAN_DEPOSIT":null,"LOAN_EQUITY":null,"LOAN_ASSETS":null,"DEPOSIT_EQUITY":null,"DEPOSIT_ASSETS":null,"EQUITY_MULTIPLIER":1.113702236181,"EQUITY_RATIO":0.113713800644},{"SECUCODE":"00280.HK","SECURITY_CODE":"00280","SECURITY_NAME_ABBR":"景福集团","ORG_CODE":"10007536","STD_REPORT_DATE":"2022-06-30 00:00:00","REPORT_DATE":"2022-09-30 00:00:00","DATE_TYPE_CODE":"002","REPORT_TYPE":"2022年中报","PER_NETCASH_OPERATE":0.050905144172,"PER_OI":0.40992220202,"BPS":0.725938382461,"BASIC_EPS":0.03798648,"DILUTED_EPS":0.03798648,"OPERATE_INCOME":373094162.16,"OPERATE_INCOME_YOY":3.992154846,"GROSS_PROFIT":116370677.04,"GROSS_PROFIT_YOY":21.131997619653,"HOLDER_PROFIT":34934899.44,"HOLDER_PROFIT_YOY":6.7370399027,"GROSS_PROFIT_RATIO":31.190698982338,"EPS_TTM":0.053420389729,"OPERATE_INCOME_QOQ":0,"NET_PROFIT_RATIO":9.3638034103,"ROE_AVG":5.374276491541,"GROSS_PROFIT_QOQ":0,"ROA":4.456032071064,"HOLDER_PROFIT_QOQ":0,"ROE_YEARLY":10.748552983081,"ROIC_YEARLY":16.29661819647,"TOTAL_ASSETS":787190207.28,"TOTAL_LIABILITIES":127004178.12,"TAX_EBT":null,"OCF_SALES":12.418245198951,"TOTAL_PARENT_EQUITY":660101916.24,"DEBT_ASSET_RATIO":16.1338615427,"OPERATE_PROFIT":36855930,"PRETAX_PROFIT":34935803.88,"NETCASH_OPERATE":46331747.88,"NETCASH_INVEST":14974813.08,"NETCASH_FINANCE":-49423123.8,"END_CASH":242002819.68,"DIVI_RATIO":0.50874694359,"DIVIDEND_RATE":9.090909090909,"CURRENT_RATIO":6.473523640033,"COMMON_ACS":null,"CURRENTDEBT_DEBT":89.634176737429,"ISSUED_COMMON_SHARES":909308465,"HK_COMMON_SHARES":909308465,"PER_SHARES":2000,"TOTAL_MARKET_CAP":300071793.45,"HKSK_MARKET_CAP":300071793.45,"PE_TTM":3.821889006419,"PB_TTM":0.389027124844,"REPORT_DATE_SQ":"2021-06-30 00:00:00","REPORT_TYPE_SQ":"2021年中报","OPERATE_INCOME_SQ":330456574.68,"DPS_HKD":0.03,"OPERATE_INCOME_QOQ_SQ":0,"NET_PROFIT_RATIO_SQ":9.1232687469,"HOLDER_PROFIT_SQ":30146775.28,"HOLDER_PROFIT_QOQ_SQ":0,"ROE_AVG_SQ":5.370055721674,"PE_TTM_SQ":3.655511417085,"PB_TTM_SQ":0.429618827141,"ROA_SQ":4.275782538625,"START_DATE":"2022-04-01 00:00:00","FISCAL_YEAR":"3-31","CURRENCY":"HKD","IS_CNY_CODE":0,"DPS_HKD_LY":0.02,"ORG_TYPE":"一般企业","PREMIUM_INCOME":null,"PREMIUM_INCOME_YOY":null,"NET_INTEREST_INCOME":null,"NET_INTEREST_INCOME_YOY":null,"FEE_COMMISSION_INCOME":null,"FEE_COMMISSION_INCOME_YOY":null,"ACCOUNTS_RECE_TDAYS":null,"INVENTORY_TDAYS":0.745555789031,"CURRENT_ASSETS_TDAYS":0.516451715281,"TOTAL_ASSETS_TDAYS":0.475890750728,"PREMIUM_EXPENSE":null,"LOAN_DEPOSIT":null,"LOAN_EQUITY":null,"LOAN_ASSETS":null,"DEPOSIT_EQUITY":null,"DEPOSIT_ASSETS":null,"EQUITY_MULTIPLIER":1.192376349257,"EQUITY_RATIO":0.192400862648},{"SECUCODE":"00280.HK","SECURITY_CODE":"00280","SECURITY_NAME_ABBR":"景福集团","ORG_CODE":"10007536","STD_REPORT_DATE":"2021-12-31 00:00:00","REPORT_DATE":"2022-03-31 00:00:00","DATE_TYPE_CODE":"001","REPORT_TYPE":"2021年年报","PER_NETCASH_OPERATE":0.153426383936,"PER_OI":0.728714608601,"BPS":0.631101361121,"BASIC_EPS":0.053445559,"DILUTED_EPS":0.053445559,"OPERATE_INCOME":664338841.5,"OPERATE_INCOME_YOY":27.8663190921,"GROSS_PROFIT":189932864.93,"GROSS_PROFIT_YOY":22.736024193759,"HOLDER_PROFIT":48701150.5,"HOLDER_PROFIT_YOY":109.854971169,"GROSS_PROFIT_RATIO":28.589757675639,"EPS_TTM":0.044884898447,"OPERATE_INCOME_QOQ":0,"NET_PROFIT_RATIO":7.3295489227,"ROE_AVG":8.778399144526,"GROSS_PROFIT_QOQ":0,"ROA":7.128878368039,"HOLDER_PROFIT_QOQ":0,"ROE_YEARLY":8.778399144526,"ROIC_YEARLY":12.149881586708,"TOTAL_ASSETS":700135200.88,"TOTAL_LIABILITIES":126194778.02,"TAX_EBT":null,"OCF_SALES":21.054385643655,"TOTAL_PARENT_EQUITY":573865809.94,"DEBT_ASSET_RATIO":18.0243441354,"OPERATE_PROFIT":53449614.05,"PRETAX_PROFIT":48693040.4,"NETCASH_OPERATE":139872461.67,"NETCASH_INVEST":-53779695.12,"NETCASH_FINANCE":-49391320.01,"END_CASH":206417454.19,"DIVI_RATIO":0.605492291177,"DIVIDEND_RATE":8.571428571429,"CURRENT_RATIO":5.784720220542,"COMMON_ACS":null,"CURRENTDEBT_DEBT":86.954537859411,"ISSUED_COMMON_SHARES":909308465,"HK_COMMON_SHARES":909308465,"PER_SHARES":2000,"TOTAL_MARKET_CAP":318257962.75,"HKSK_MARKET_CAP":318257962.75,"PE_TTM":4.053518643172,"PB_TTM":0.41260452635,"REPORT_DATE_SQ":"2020-12-31 00:00:00","REPORT_TYPE_SQ":"2020年年报","OPERATE_INCOME_SQ":541447663.4,"DPS_HKD":0.03,"OPERATE_INCOME_QOQ_SQ":0,"NET_PROFIT_RATIO_SQ":4.4659163636,"HOLDER_PROFIT_SQ":24184825.7,"HOLDER_PROFIT_QOQ_SQ":0,"ROE_AVG_SQ":4.416154033724,"PE_TTM_SQ":3.776102905016,"PB_TTM_SQ":0.416982979284,"ROA_SQ":3.489191614722,"START_DATE":"2021-04-01 00:00:00","FISCAL_YEAR":"3-31","CURRENCY":"HKD","IS_CNY_CODE":0,"DPS_HKD_LY":0.014,"ORG_TYPE":"一般企业","PREMIUM_INCOME":null,"PREMIUM_INCOME_YOY":null,"NET_INTEREST_INCOME":null,"NET_INTEREST_INCOME_YOY":null,"FEE_COMMISSION_INCOME":null,"FEE_COMMISSION_INCOME_YOY":null,"ACCOUNTS_RECE_TDAYS":null,"INVENTORY_TDAYS":1.490452124305,"CURRENT_ASSETS_TDAYS":1.083710214182,"TOTAL_ASSETS_TDAYS":0.972459736083,"PREMIUM_EXPENSE":null,"LOAN_DEPOSIT":null,"LOAN_EQUITY":null,"LOAN_ASSETS":null,"DEPOSIT_EQUITY":null,"DEPOSIT_ASSETS":null,"EQUITY_MULTIPLIER":1.219874351053,"EQUITY_RATIO":0.219902938691},{"SECUCODE":"00280.HK","SECURITY_CODE":"00280","SECURITY_NAME_ABBR":"景福集团","ORG_CODE":"10007536","STD_REPORT_DATE":"2021-06-30 00:00:00","REPORT_DATE":"2021-09-30 00:00:00","DATE_TYPE_CODE":"002","REPORT_TYPE":"2021年中报","PER_NETCASH_OPERATE":0.080437768567,"PER_OI":0.362478480008,"BPS":0.629606283254,"BASIC_EPS":0.0333224,"DILUTED_EPS":0.0333224,"OPERATE_INCOME":330456574.68,"OPERATE_INCOME_YOY":40.9708944881,"GROSS_PROFIT":96069312.26,"GROSS_PROFIT_YOY":32.130447991239,"HOLDER_PROFIT":30146775.28,"HOLDER_PROFIT_YOY":137.0962458232,"GROSS_PROFIT_RATIO":29.071690388678,"EPS_TTM":0.02652838385,"OPERATE_INCOME_QOQ":0,"NET_PROFIT_RATIO":9.1232687469,"ROE_AVG":5.370055721674,"GROSS_PROFIT_QOQ":0,"ROA":4.275782538625,"HOLDER_PROFIT_QOQ":0,"ROE_YEARLY":10.740111443347,"ROIC_YEARLY":13.929873319296,"TOTAL_ASSETS":725834348.22,"TOTAL_LIABILITIES":153241387,"TAX_EBT":null,"OCF_SALES":22.191046642365,"TOTAL_PARENT_EQUITY":572506322.98,"DEBT_ASSET_RATIO":21.1124463007,"OPERATE_PROFIT":32618464.3,"PRETAX_PROFIT":30148441.4,"NETCASH_OPERATE":73331772.62,"NETCASH_INVEST":-52154554.36,"NETCASH_FINANCE":-18603062.86,"END_CASH":176896125.7,"DIVI_RATIO":1.02446723303,"DIVIDEND_RATE":8.571428571429,"CURRENT_RATIO":5.514570176197,"COMMON_ACS":null,"CURRENTDEBT_DEBT":75.405273172058,"ISSUED_COMMON_SHARES":909308465,"HK_COMMON_SHARES":909308465,"PER_SHARES":2000,"TOTAL_MARKET_CAP":318257962.75,"HKSK_MARKET_CAP":318257962.75,"PE_TTM":4.053518643172,"PB_TTM":0.41260452635,"REPORT_DATE_SQ":"2020-06-30 00:00:00","REPORT_TYPE_SQ":"2020年中报","OPERATE_INCOME_SQ":247263020.8,"DPS_HKD":0.03,"OPERATE_INCOME_QOQ_SQ":0,"NET_PROFIT_RATIO_SQ":5.4244998045,"HOLDER_PROFIT_SQ":13411903.36,"HOLDER_PROFIT_QOQ_SQ":0,"ROE_AVG_SQ":2.379619741037,"PE_TTM_SQ":3.776102905016,"PB_TTM_SQ":0.416982979284,"ROA_SQ":1.875942933872,"START_DATE":"2021-04-01 00:00:00","FISCAL_YEAR":"3-31","CURRENCY":"HKD","IS_CNY_CODE":0,"DPS_HKD_LY":0.014,"ORG_TYPE":"一般企业","PREMIUM_INCOME":null,"PREMIUM_INCOME_YOY":null,"NET_INTEREST_INCOME":null,"NET_INTEREST_INCOME_YOY":null,"FEE_COMMISSION_INCOME":null,"FEE_COMMISSION_INCOME_YOY":null,"ACCOUNTS_RECE_TDAYS":20.908051126631,"INVENTORY_TDAYS":0.701314854743,"CURRENT_ASSETS_TDAYS":0.531036643159,"TOTAL_ASSETS_TDAYS":0.468693728821,"PREMIUM_EXPENSE":null,"LOAN_DEPOSIT":null,"LOAN_EQUITY":null,"LOAN_ASSETS":null,"DEPOSIT_EQUITY":null,"DEPOSIT_ASSETS":null,"EQUITY_MULTIPLIER":1.267627088313,"EQUITY_RATIO":0.267667588722},{"SECUCODE":"00280.HK","SECURITY_CODE":"00280","SECURITY_NAME_ABBR":"景福集团","ORG_CODE":"10007536","STD_REPORT_DATE":"2020-12-31 00:00:00","REPORT_DATE":"2021-03-31 00:00:00","DATE_TYPE_CODE":"001","REPORT_TYPE":"2020年年报","PER_NETCASH_OPERATE":0.149756315778,"PER_OI":0.593556938106,"BPS":0.613953001812,"BASIC_EPS":0.026454134,"DILUTED_EPS":0.026454134,"OPERATE_INCOME":541447663.4,"OPERATE_INCOME_YOY":4.0409388256,"GROSS_PROFIT":154749077.28,"GROSS_PROFIT_YOY":-2.803827282377,"HOLDER_PROFIT":24184825.7,"HOLDER_PROFIT_YOY":402.7231201687,"GROSS_PROFIT_RATIO":28.580615956168,"EPS_TTM":0.018030985241,"OPERATE_INCOME_QOQ":0,"NET_PROFIT_RATIO":4.4659163636,"ROE_AVG":4.416154033724,"GROSS_PROFIT_QOQ":0,"ROA":3.489191614722,"HOLDER_PROFIT_QOQ":0,"ROE_YEARLY":4.416154033724,"ROIC_YEARLY":4.990425498519,"TOTAL_ASSETS":694238458.62,"TOTAL_LIABILITIES":135879588.6,"TAX_EBT":null,"OCF_SALES":25.230320153599,"TOTAL_PARENT_EQUITY":558272661.66,"DEBT_ASSET_RATIO":19.5724663353,"OPERATE_PROFIT":29655675.84,"PRETAX_PROFIT":24180599.8,"NETCASH_OPERATE":136608978.94,"NETCASH_INVEST":-77487792.76,"NETCASH_FINANCE":-46548288.5,"END_CASH":176870818.6,"DIVI_RATIO":1.507264280709,"DIVIDEND_RATE":8.571428571429,"CURRENT_RATIO":6.54911877257,"COMMON_ACS":null,"CURRENTDEBT_DEBT":69.243017975991,"ISSUED_COMMON_SHARES":909308465,"HK_COMMON_SHARES":909308465,"PER_SHARES":2000,"TOTAL_MARKET_CAP":318257962.75,"HKSK_MARKET_CAP":318257962.75,"PE_TTM":4.053518643172,"PB_TTM":0.41260452635,"REPORT_DATE_SQ":"2019-12-31 00:00:00","REPORT_TYPE_SQ":"2019年年报","OPERATE_INCOME_SQ":562608947.6,"DPS_HKD":0.03,"OPERATE_INCOME_QOQ_SQ":0,"NET_PROFIT_RATIO_SQ":0.9417813781,"HOLDER_PROFIT_SQ":5200780.4,"HOLDER_PROFIT_QOQ_SQ":0,"ROE_AVG_SQ":0.897063111195,"PE_TTM_SQ":3.776102905016,"PB_TTM_SQ":0.416982979284,"ROA_SQ":0.75551989445,"START_DATE":"2020-04-01 00:00:00","FISCAL_YEAR":"3-31","CURRENCY":"HKD","IS_CNY_CODE":0,"DPS_HKD_LY":0.002,"ORG_TYPE":"一般企业","PREMIUM_INCOME":null,"PREMIUM_INCOME_YOY":null,"NET_INTEREST_INCOME":null,"NET_INTEREST_INCOME_YOY":null,"FEE_COMMISSION_INCOME":null,"FEE_COMMISSION_INCOME_YOY":null,"ACCOUNTS_RECE_TDAYS":28.041846315467,"INVENTORY_TDAYS":1.032018387735,"CURRENT_ASSETS_TDAYS":0.898503079256,"TOTAL_ASSETS_TDAYS":0.781157023987,"PREMIUM_EXPENSE":null,"LOAN_DEPOSIT":null,"LOAN_EQUITY":null,"LOAN_ASSETS":null,"DEPOSIT_EQUITY":null,"DEPOSIT_ASSETS":null,"EQUITY_MULTIPLIER":1.243355296917,"EQUITY_RATIO":0.243392875797},{"SECUCODE":"00280.HK","SECURITY_CODE":"00280","SECURITY_NAME_ABBR":"景福集团","ORG_CODE":"10007536","STD_REPORT_DATE":"2020-06-30 00:00:00","REPORT_DATE":"2020-09-30 00:00:00","DATE_TYPE_CODE":"002","REPORT_TYPE":"2020年中报","PER_NETCASH_OPERATE":0.073196333699,"PER_OI":0.270631965147,"BPS":0.625644168572,"BASIC_EPS":0.01493824,"DILUTED_EPS":0.01493824,"OPERATE_INCOME":247263020.8,"OPERATE_INCOME_YOY":-12.6039301676,"GROSS_PROFIT":72707928.96,"GROSS_PROFIT_YOY":-1.819042141653,"HOLDER_PROFIT":13411903.36,"HOLDER_PROFIT_YOY":543.7368199072,"GROSS_PROFIT_RATIO":27.897935250009,"EPS_TTM":0.005692308601,"OPERATE_INCOME_QOQ":0,"NET_PROFIT_RATIO":5.4244998045,"ROE_AVG":2.379619741037,"GROSS_PROFIT_QOQ":0,"ROA":1.875942933872,"HOLDER_PROFIT_QOQ":0,"ROE_YEARLY":4.759239482075,"ROIC_YEARLY":5.131502527004,"TOTAL_ASSETS":710388881.92,"TOTAL_LIABILITIES":141390441.6,"TAX_EBT":null,"OCF_SALES":27.046447990334,"TOTAL_PARENT_EQUITY":568903538.56,"DEBT_ASSET_RATIO":19.9032452785,"OPERATE_PROFIT":16432064,"PRETAX_PROFIT":13412782.08,"NETCASH_OPERATE":66875864.32,"NETCASH_INVEST":1040404.48,"NETCASH_FINANCE":-26515376,"END_CASH":212180124.8,"DIVI_RATIO":4.774417886692,"DIVIDEND_RATE":8.571428571429,"CURRENT_RATIO":6.416176750337,"COMMON_ACS":null,"CURRENTDEBT_DEBT":68.607563469128,"ISSUED_COMMON_SHARES":909308465,"HK_COMMON_SHARES":909308465,"PER_SHARES":2000,"TOTAL_MARKET_CAP":318257962.75,"HKSK_MARKET_CAP":318257962.75,"PE_TTM":4.053518643172,"PB_TTM":0.41260452635,"REPORT_DATE_SQ":"2019-06-30 00:00:00","REPORT_TYPE_SQ":"2019年中报","OPERATE_INCOME_SQ":290421061.71,"DPS_HKD":0.03,"OPERATE_INCOME_QOQ_SQ":0,"NET_PROFIT_RATIO_SQ":0.7373334866,"HOLDER_PROFIT_SQ":2138665.71,"HOLDER_PROFIT_QOQ_SQ":0,"ROE_AVG_SQ":0.374511425284,"PE_TTM_SQ":3.776102905016,"PB_TTM_SQ":0.416982979284,"ROA_SQ":0.325404096029,"START_DATE":"2020-04-01 00:00:00","FISCAL_YEAR":"3-31","CURRENCY":"HKD","IS_CNY_CODE":0,"DPS_HKD_LY":0.002,"ORG_TYPE":"一般企业","PREMIUM_INCOME":null,"PREMIUM_INCOME_YOY":null,"NET_INTEREST_INCOME":null,"NET_INTEREST_INCOME_YOY":null,"FEE_COMMISSION_INCOME":null,"FEE_COMMISSION_INCOME_YOY":null,"ACCOUNTS_RECE_TDAYS":9.406946812423,"INVENTORY_TDAYS":0.447033135069,"CURRENT_ASSETS_TDAYS":0.400488459573,"TOTAL_ASSETS_TDAYS":0.345850476422,"PREMIUM_EXPENSE":null,"LOAN_DEPOSIT":null,"LOAN_EQUITY":null,"LOAN_ASSETS":null,"DEPOSIT_EQUITY":null,"DEPOSIT_ASSETS":null,"EQUITY_MULTIPLIER":1.248490033681,"EQUITY_RATIO":0.248531485598}],"count":48},"success":true,"message":"ok","code":0}