{"version":"d4ee3fba81e7510586096ef0ede275b1","result":{"pages":4,"data":[{"SECUCODE":"00288.HK","SECURITY_CODE":"00288","SECURITY_NAME_ABBR":"万洲国际","ORG_CODE":"10372808","STD_REPORT_DATE":"2024-06-30 00:00:00","REPORT_DATE":"2024-06-30 00:00:00","DATE_TYPE_CODE":"002","REPORT_TYPE":"2024年中报","PER_NETCASH_OPERATE":0.382718719728,"PER_OI":6.828390742542,"BPS":5.586915650247,"BASIC_EPS":0.43544748,"DILUTED_EPS":0.43544748,"OPERATE_INCOME":87609752400,"OPERATE_INCOME_YOY":-6.274778896,"GROSS_PROFIT":18793371600,"GROSS_PROFIT_YOY":-5.354049735174,"HOLDER_PROFIT":5587411200,"HOLDER_PROFIT_YOY":86.6666666667,"GROSS_PROFIT_RATIO":21.451232408688,"EPS_TTM":0.546178767455,"OPERATE_INCOME_QOQ":-3.855222364719,"NET_PROFIT_RATIO":7.2561620434,"ROE_AVG":7.883754839358,"GROSS_PROFIT_QOQ":-2.928817761726,"ROA":4.115701611633,"HOLDER_PROFIT_QOQ":57.296626592982,"ROE_YEARLY":15.767509678717,"ROIC_YEARLY":9.040329787541,"TOTAL_ASSETS":134831929200,"TOTAL_LIABILITIES":58076293200,"TAX_EBT":23.825789923143,"OCF_SALES":5.6048157488,"TOTAL_PARENT_EQUITY":71681354400,"DEBT_ASSET_RATIO":43.0731011153,"OPERATE_PROFIT":8872866000,"PRETAX_PROFIT":8345482800,"NETCASH_OPERATE":4910365200,"NETCASH_INVEST":-3271201200,"NETCASH_FINANCE":-4268953200,"END_CASH":5487636000,"DIVI_RATIO":0.58190288407,"DIVIDEND_RATE":5.813953488372,"CURRENT_RATIO":1.749566509784,"COMMON_ACS":50000000000,"CURRENTDEBT_DEBT":49.539820836913,"ISSUED_COMMON_SHARES":12830219550,"HK_COMMON_SHARES":12830219550,"PER_SHARES":500,"TOTAL_MARKET_CAP":77237921691,"HKSK_MARKET_CAP":77237921691,"PE_TTM":9.970844456853,"PB_TTM":0.983428773019,"REPORT_DATE_SQ":"2023-06-30 00:00:00","REPORT_TYPE_SQ":"2023年中报","OPERATE_INCOME_SQ":94773592800,"DPS_HKD":0.35,"OPERATE_INCOME_QOQ_SQ":2.477217312417,"NET_PROFIT_RATIO_SQ":4.1171088747,"HOLDER_PROFIT_SQ":3034836000,"HOLDER_PROFIT_QOQ_SQ":-21.580633740893,"ROE_AVG_SQ":4.374088731514,"PE_TTM_SQ":7.602094357316,"PB_TTM_SQ":0.809675708313,"ROA_SQ":2.157386480378,"START_DATE":"2024-01-01 00:00:00","FISCAL_YEAR":"12-31","CURRENCY":"HKD","IS_CNY_CODE":0,"DPS_HKD_LY":0.35,"ORG_TYPE":"一般企业","PREMIUM_INCOME":null,"PREMIUM_INCOME_YOY":null,"NET_INTEREST_INCOME":null,"NET_INTEREST_INCOME_YOY":null,"FEE_COMMISSION_INCOME":null,"FEE_COMMISSION_INCOME_YOY":null,"ACCOUNTS_RECE_TDAYS":13.906108597285,"INVENTORY_TDAYS":3.231593038822,"CURRENT_ASSETS_TDAYS":1.710092508868,"TOTAL_ASSETS_TDAYS":0.645335713161,"PREMIUM_EXPENSE":null,"LOAN_DEPOSIT":null,"LOAN_EQUITY":null,"LOAN_ASSETS":null,"DEPOSIT_EQUITY":null,"DEPOSIT_ASSETS":null,"EQUITY_MULTIPLIER":1.756638811514,"EQUITY_RATIO":0.810200835156},{"SECUCODE":"00288.HK","SECURITY_CODE":"00288","SECURITY_NAME_ABBR":"万洲国际","ORG_CODE":"10372808","STD_REPORT_DATE":"2023-12-31 00:00:00","REPORT_DATE":"2023-12-31 00:00:00","DATE_TYPE_CODE":"001","REPORT_TYPE":"2023年年报","PER_NETCASH_OPERATE":0.892636782665,"PER_OI":14.483128404455,"BPS":5.427032906853,"BASIC_EPS":0.3470523,"DILUTED_EPS":0.3470523,"OPERATE_INCOME":185821717200,"OPERATE_INCOME_YOY":-6.7529144157,"GROSS_PROFIT":36298837500,"GROSS_PROFIT_YOY":0.674243100006,"HOLDER_PROFIT":4455018300,"HOLDER_PROFIT_YOY":-54.0875912409,"GROSS_PROFIT_RATIO":19.534227778625,"EPS_TTM":0.347228532032,"OPERATE_INCOME_QOQ":-7.464023702393,"NET_PROFIT_RATIO":3.2779387102,"ROE_AVG":6.474190726159,"GROSS_PROFIT_QOQ":-4.391070271943,"ROA":3.222831377773,"HOLDER_PROFIT_QOQ":-40.459919372771,"ROE_YEARLY":6.474190726159,"ROIC_YEARLY":3.601694915254,"TOTAL_ASSETS":135839103300,"TOTAL_LIABILITIES":60939550800,"TAX_EBT":18.637653736992,"OCF_SALES":6.163287086446,"TOTAL_PARENT_EQUITY":69630023700,"DEBT_ASSET_RATIO":44.8615673393,"OPERATE_PROFIT":8952532800,"PRETAX_PROFIT":7486413900,"NETCASH_OPERATE":11452725900,"NETCASH_INVEST":-4695830100,"NETCASH_FINANCE":-8322172500,"END_CASH":8187601200,"DIVI_RATIO":0.915313606689,"DIVIDEND_RATE":5.691056910569,"CURRENT_RATIO":1.570201803349,"COMMON_ACS":50000000000,"CURRENTDEBT_DEBT":54.137610413761,"ISSUED_COMMON_SHARES":12830219550,"HK_COMMON_SHARES":12830219550,"PER_SHARES":500,"TOTAL_MARKET_CAP":78905850232.5,"HKSK_MARKET_CAP":78905850232.5,"PE_TTM":10.186161695955,"PB_TTM":1.004665606988,"REPORT_DATE_SQ":"2022-12-31 00:00:00","REPORT_TYPE_SQ":"2022年年报","OPERATE_INCOME_SQ":195955985600,"DPS_HKD":0.35,"OPERATE_INCOME_QOQ_SQ":10.204198559816,"NET_PROFIT_RATIO_SQ":5.8643730452,"HOLDER_PROFIT_SQ":9541502000,"HOLDER_PROFIT_QOQ_SQ":24.057148317919,"ROE_AVG_SQ":14.933507739263,"PE_TTM_SQ":7.426045856409,"PB_TTM_SQ":0.790925323489,"ROA_SQ":6.978047165487,"START_DATE":"2023-01-01 00:00:00","FISCAL_YEAR":"12-31","CURRENCY":"HKD","IS_CNY_CODE":0,"DPS_HKD_LY":0.3,"ORG_TYPE":"一般企业","PREMIUM_INCOME":null,"PREMIUM_INCOME_YOY":null,"NET_INTEREST_INCOME":null,"NET_INTEREST_INCOME_YOY":null,"FEE_COMMISSION_INCOME":null,"FEE_COMMISSION_INCOME_YOY":null,"ACCOUNTS_RECE_TDAYS":26.771428571429,"INVENTORY_TDAYS":7.074731903485,"CURRENT_ASSETS_TDAYS":3.424394700777,"TOTAL_ASSETS_TDAYS":1.344263974996,"PREMIUM_EXPENSE":null,"LOAN_DEPOSIT":null,"LOAN_EQUITY":null,"LOAN_ASSETS":null,"DEPOSIT_EQUITY":null,"DEPOSIT_ASSETS":null,"EQUITY_MULTIPLIER":1.813617021277,"EQUITY_RATIO":0.875190723222},{"SECUCODE":"00288.HK","SECURITY_CODE":"00288","SECURITY_NAME_ABBR":"万洲国际","ORG_CODE":"10372808","STD_REPORT_DATE":"2023-06-30 00:00:00","REPORT_DATE":"2023-06-30 00:00:00","DATE_TYPE_CODE":"002","REPORT_TYPE":"2023年中报","PER_NETCASH_OPERATE":0.001126371996,"PER_OI":7.386747547901,"BPS":5.408838323425,"BASIC_EPS":0.23628366,"DILUTED_EPS":0.23628366,"OPERATE_INCOME":94773592800,"OPERATE_INCOME_YOY":-2.10479176,"GROSS_PROFIT":19856498400,"GROSS_PROFIT_YOY":10.644068948069,"HOLDER_PROFIT":3034836000,"HOLDER_PROFIT_YOY":-44.6640316206,"GROSS_PROFIT_RATIO":20.951509606587,"EPS_TTM":0.58318451768,"OPERATE_INCOME_QOQ":2.477217312417,"NET_PROFIT_RATIO":4.1171088747,"ROE_AVG":4.374088731514,"GROSS_PROFIT_QOQ":5.297950083069,"ROA":2.157386480378,"HOLDER_PROFIT_QOQ":-21.580633740893,"ROE_YEARLY":8.748177463029,"ROIC_YEARLY":4.778428807099,"TOTAL_ASSETS":137875489800,"TOTAL_LIABILITIES":63102911400,"TAX_EBT":17.808219178082,"OCF_SALES":0.015248551388,"TOTAL_PARENT_EQUITY":69396583200,"DEBT_ASSET_RATIO":45.7680415073,"OPERATE_PROFIT":5361543600,"PRETAX_PROFIT":4747350600,"NETCASH_OPERATE":14451600,"NETCASH_INVEST":-2622965400,"NETCASH_FINANCE":-1459611600,"END_CASH":5903478600,"DIVI_RATIO":0.544978459415,"DIVIDEND_RATE":5.691056910569,"CURRENT_RATIO":1.639568830002,"COMMON_ACS":50000000000,"CURRENTDEBT_DEBT":50.990495820451,"ISSUED_COMMON_SHARES":12830219550,"HK_COMMON_SHARES":12830219550,"PER_SHARES":500,"TOTAL_MARKET_CAP":78905850232.5,"HKSK_MARKET_CAP":78905850232.5,"PE_TTM":10.186161695955,"PB_TTM":1.004665606988,"REPORT_DATE_SQ":"2022-06-30 00:00:00","REPORT_TYPE_SQ":"2022年中报","OPERATE_INCOME_SQ":89919337200,"DPS_HKD":0.35,"OPERATE_INCOME_QOQ_SQ":2.18361063291,"NET_PROFIT_RATIO_SQ":6.70995671,"HOLDER_PROFIT_SQ":5093952600,"HOLDER_PROFIT_QOQ_SQ":12.952494193338,"ROE_AVG_SQ":8.552112676056,"PE_TTM_SQ":7.426045856409,"PB_TTM_SQ":0.790925323489,"ROA_SQ":3.885035702403,"START_DATE":"2023-01-01 00:00:00","FISCAL_YEAR":"12-31","CURRENCY":"HKD","IS_CNY_CODE":0,"DPS_HKD_LY":0.3,"ORG_TYPE":"一般企业","PREMIUM_INCOME":null,"PREMIUM_INCOME_YOY":null,"NET_INTEREST_INCOME":null,"NET_INTEREST_INCOME_YOY":null,"FEE_COMMISSION_INCOME":null,"FEE_COMMISSION_INCOME_YOY":null,"ACCOUNTS_RECE_TDAYS":13.168674698795,"INVENTORY_TDAYS":3.420653249753,"CURRENT_ASSETS_TDAYS":1.713389941215,"TOTAL_ASSETS_TDAYS":0.673720978015,"PREMIUM_EXPENSE":null,"LOAN_DEPOSIT":null,"LOAN_EQUITY":null,"LOAN_ASSETS":null,"DEPOSIT_EQUITY":null,"DEPOSIT_ASSETS":null,"EQUITY_MULTIPLIER":1.843931194435,"EQUITY_RATIO":0.909308621408},{"SECUCODE":"00288.HK","SECURITY_CODE":"00288","SECURITY_NAME_ABBR":"万洲国际","ORG_CODE":"10372808","STD_REPORT_DATE":"2022-12-31 00:00:00","REPORT_DATE":"2022-12-31 00:00:00","DATE_TYPE_CODE":"001","REPORT_TYPE":"2022年年报","PER_NETCASH_OPERATE":0.97871854422,"PER_OI":15.2730033057,"BPS":5.211146990856,"BASIC_EPS":0.74381928,"DILUTED_EPS":0.74381928,"OPERATE_INCOME":195955985600,"OPERATE_INCOME_YOY":3.0887040633,"GROSS_PROFIT":36055734200,"GROSS_PROFIT_YOY":13.194164974843,"HOLDER_PROFIT":9541502000,"HOLDER_PROFIT_YOY":28.2771535581,"GROSS_PROFIT_RATIO":18.399914700028,"EPS_TTM":0.74367410182,"OPERATE_INCOME_QOQ":10.204198559816,"NET_PROFIT_RATIO":5.8643730452,"ROE_AVG":14.933507739263,"GROSS_PROFIT_QOQ":4.562766059587,"ROA":6.978047165487,"HOLDER_PROFIT_QOQ":24.057148317919,"ROE_YEARLY":14.933507739263,"ROIC_YEARLY":7.927093881094,"TOTAL_ASSETS":138282133000,"TOTAL_LIABILITIES":65766717800,"TAX_EBT":22.607879924953,"OCF_SALES":6.408160363947,"TOTAL_PARENT_EQUITY":66860160000,"DEBT_ASSET_RATIO":47.5598086124,"OPERATE_PROFIT":15997686200,"PRETAX_PROFIT":14848527200,"NETCASH_OPERATE":12557173800,"NETCASH_INVEST":-2437610000,"NETCASH_FINANCE":-10739413200,"END_CASH":9708652400,"DIVI_RATIO":0.427368654122,"DIVIDEND_RATE":5.691056910569,"CURRENT_RATIO":1.606619859579,"COMMON_ACS":50000000000,"CURRENTDEBT_DEBT":52.790426771153,"ISSUED_COMMON_SHARES":12830219550,"HK_COMMON_SHARES":12830219550,"PER_SHARES":500,"TOTAL_MARKET_CAP":78905850232.5,"HKSK_MARKET_CAP":78905850232.5,"PE_TTM":10.186161695955,"PB_TTM":1.004665606988,"REPORT_DATE_SQ":"2021-12-31 00:00:00","REPORT_TYPE_SQ":"2021年年报","OPERATE_INCOME_SQ":174011980100,"DPS_HKD":0.35,"OPERATE_INCOME_QOQ_SQ":5.637215308736,"NET_PROFIT_RATIO_SQ":4.75579819,"HOLDER_PROFIT_SQ":6809247600,"HOLDER_PROFIT_QOQ_SQ":-7.61360620153,"ROE_AVG_SQ":11.390177571589,"PE_TTM_SQ":7.426045856409,"PB_TTM_SQ":0.790925323489,"ROA_SQ":5.602476000629,"START_DATE":"2022-01-01 00:00:00","FISCAL_YEAR":"12-31","CURRENCY":"HKD","IS_CNY_CODE":0,"DPS_HKD_LY":0.19,"ORG_TYPE":"一般企业","PREMIUM_INCOME":null,"PREMIUM_INCOME_YOY":null,"NET_INTEREST_INCOME":null,"NET_INTEREST_INCOME_YOY":null,"FEE_COMMISSION_INCOME":null,"FEE_COMMISSION_INCOME_YOY":null,"ACCOUNTS_RECE_TDAYS":26.160855416086,"INVENTORY_TDAYS":7.989907777971,"CURRENT_ASSETS_TDAYS":3.600025590173,"TOTAL_ASSETS_TDAYS":1.433097336118,"PREMIUM_EXPENSE":null,"LOAN_DEPOSIT":null,"LOAN_EQUITY":null,"LOAN_ASSETS":null,"DEPOSIT_EQUITY":null,"DEPOSIT_ASSETS":null,"EQUITY_MULTIPLIER":1.906934306568,"EQUITY_RATIO":0.983645833333},{"SECUCODE":"00288.HK","SECURITY_CODE":"00288","SECURITY_NAME_ABBR":"万洲国际","ORG_CODE":"10372808","STD_REPORT_DATE":"2022-06-30 00:00:00","REPORT_DATE":"2022-06-30 00:00:00","DATE_TYPE_CODE":"002","REPORT_TYPE":"2022年中报","PER_NETCASH_OPERATE":0.017785167207,"PER_OI":7.008402065887,"BPS":4.708884564645,"BASIC_EPS":0.39731488,"DILUTED_EPS":0.39731488,"OPERATE_INCOME":89919337200,"OPERATE_INCOME_YOY":0.5025879529,"GROSS_PROFIT":17946283600,"GROSS_PROFIT_YOY":17.166574162074,"HOLDER_PROFIT":5093952600,"HOLDER_PROFIT_YOY":16.4110429448,"GROSS_PROFIT_RATIO":19.958202716823,"EPS_TTM":0.599460903224,"OPERATE_INCOME_QOQ":2.18361063291,"NET_PROFIT_RATIO":6.70995671,"ROE_AVG":8.552112676056,"GROSS_PROFIT_QOQ":8.254753810106,"ROA":3.885035702403,"HOLDER_PROFIT_QOQ":12.952494193338,"ROE_YEARLY":17.104225352113,"ROIC_YEARLY":8.72714729217,"TOTAL_ASSETS":131959546800,"TOTAL_LIABILITIES":66026753200,"TAX_EBT":22.164502164502,"OCF_SALES":0.253769219286,"TOTAL_PARENT_EQUITY":60416022800,"DEBT_ASSET_RATIO":50.0356016682,"OPERATE_PROFIT":8302001800,"PRETAX_PROFIT":7751667000,"NETCASH_OPERATE":228187600,"NETCASH_INVEST":-1073824000,"NETCASH_FINANCE":-2791942400,"END_CASH":6496635200,"DIVI_RATIO":0.530181365108,"DIVIDEND_RATE":5.691056910569,"CURRENT_RATIO":1.708117443869,"COMMON_ACS":50000000000,"CURRENTDEBT_DEBT":47.082740394389,"ISSUED_COMMON_SHARES":12830219550,"HK_COMMON_SHARES":12830219550,"PER_SHARES":500,"TOTAL_MARKET_CAP":78905850232.5,"HKSK_MARKET_CAP":78905850232.5,"PE_TTM":10.186161695955,"PB_TTM":1.004665606988,"REPORT_DATE_SQ":"2021-06-30 00:00:00","REPORT_TYPE_SQ":"2021年中报","OPERATE_INCOME_SQ":86119593100,"DPS_HKD":0.35,"OPERATE_INCOME_QOQ_SQ":-1.341381406318,"NET_PROFIT_RATIO_SQ":5.7760108019,"HOLDER_PROFIT_SQ":4211985200,"HOLDER_PROFIT_QOQ_SQ":36.422785978618,"ROE_AVG_SQ":6.352299298519,"PE_TTM_SQ":7.426045856409,"PB_TTM_SQ":0.790925323489,"ROA_SQ":3.394065590838,"START_DATE":"2022-01-01 00:00:00","FISCAL_YEAR":"12-31","CURRENCY":"HKD","IS_CNY_CODE":0,"DPS_HKD_LY":0.19,"ORG_TYPE":"一般企业","PREMIUM_INCOME":null,"PREMIUM_INCOME_YOY":null,"NET_INTEREST_INCOME":null,"NET_INTEREST_INCOME_YOY":null,"FEE_COMMISSION_INCOME":null,"FEE_COMMISSION_INCOME_YOY":null,"ACCOUNTS_RECE_TDAYS":11.569948186528,"INVENTORY_TDAYS":3.574070988169,"CURRENT_ASSETS_TDAYS":1.724990343762,"TOTAL_ASSETS_TDAYS":0.685793258772,"PREMIUM_EXPENSE":null,"LOAN_DEPOSIT":null,"LOAN_EQUITY":null,"LOAN_ASSETS":null,"DEPOSIT_EQUITY":null,"DEPOSIT_ASSETS":null,"EQUITY_MULTIPLIER":2.001425081434,"EQUITY_RATIO":1.0928682515},{"SECUCODE":"00288.HK","SECURITY_CODE":"00288","SECURITY_NAME_ABBR":"万洲国际","ORG_CODE":"10372808","STD_REPORT_DATE":"2021-12-31 00:00:00","REPORT_DATE":"2021-12-31 00:00:00","DATE_TYPE_CODE":"001","REPORT_TYPE":"2021年年报","PER_NETCASH_OPERATE":0.905403477683,"PER_OI":13.562665815801,"BPS":4.347129320948,"BASIC_EPS":0.48136535,"DILUTED_EPS":0.48136535,"OPERATE_INCOME":174011980100,"OPERATE_INCOME_YOY":6.6591113369,"GROSS_PROFIT":31852997200,"GROSS_PROFIT_YOY":-2.869872445594,"HOLDER_PROFIT":6809247600,"HOLDER_PROFIT_YOY":28.9855072464,"GROSS_PROFIT_RATIO":18.30505990547,"EPS_TTM":0.530719491858,"OPERATE_INCOME_QOQ":5.637215308736,"NET_PROFIT_RATIO":4.75579819,"ROE_AVG":11.390177571589,"GROSS_PROFIT_QOQ":3.176083591908,"ROA":5.602476000629,"HOLDER_PROFIT_QOQ":-7.61360620153,"ROE_YEARLY":11.390177571589,"ROIC_YEARLY":6.462543870265,"TOTAL_ASSETS":123758712700,"TOTAL_LIABILITIES":61997306800,"TAX_EBT":23.647058823529,"OCF_SALES":6.675704393068,"TOTAL_PARENT_EQUITY":55774623600,"DEBT_ASSET_RATIO":50.0953067848,"OPERATE_PROFIT":11508138500,"PRETAX_PROFIT":10838690000,"NETCASH_OPERATE":12483620600,"NETCASH_INVEST":-2607661300,"NETCASH_FINANCE":-10003473300,"END_CASH":9920589200,"DIVI_RATIO":0.598853075638,"DIVIDEND_RATE":5.691056910569,"CURRENT_RATIO":1.666010928962,"COMMON_ACS":50000000000,"CURRENTDEBT_DEBT":47.048539695599,"ISSUED_COMMON_SHARES":12830219550,"HK_COMMON_SHARES":12830219550,"PER_SHARES":500,"TOTAL_MARKET_CAP":78905850232.5,"HKSK_MARKET_CAP":78905850232.5,"PE_TTM":10.186161695955,"PB_TTM":1.004665606988,"REPORT_DATE_SQ":"2020-12-31 00:00:00","REPORT_TYPE_SQ":"2020年年报","OPERATE_INCOME_SQ":166965666100,"DPS_HKD":0.35,"OPERATE_INCOME_QOQ_SQ":-7.247377679147,"NET_PROFIT_RATIO_SQ":4.2674586736,"HOLDER_PROFIT_SQ":5402617200,"HOLDER_PROFIT_QOQ_SQ":-36.830927169048,"ROE_AVG_SQ":8.860827224571,"PE_TTM_SQ":7.426045856409,"PB_TTM_SQ":0.790925323489,"ROA_SQ":4.60038336528,"START_DATE":"2021-01-01 00:00:00","FISCAL_YEAR":"12-31","CURRENCY":"HKD","IS_CNY_CODE":0,"DPS_HKD_LY":0.175,"ORG_TYPE":"一般企业","PREMIUM_INCOME":null,"PREMIUM_INCOME_YOY":null,"NET_INTEREST_INCOME":null,"NET_INTEREST_INCOME_YOY":null,"FEE_COMMISSION_INCOME":null,"FEE_COMMISSION_INCOME_YOY":null,"ACCOUNTS_RECE_TDAYS":27.582617483578,"INVENTORY_TDAYS":8.040750090155,"CURRENT_ASSETS_TDAYS":3.531702898551,"TOTAL_ASSETS_TDAYS":1.431726380947,"PREMIUM_EXPENSE":null,"LOAN_DEPOSIT":null,"LOAN_EQUITY":null,"LOAN_ASSETS":null,"DEPOSIT_EQUITY":null,"DEPOSIT_ASSETS":null,"EQUITY_MULTIPLIER":2.003819551976,"EQUITY_RATIO":1.111568358482},{"SECUCODE":"00288.HK","SECURITY_CODE":"00288","SECURITY_NAME_ABBR":"万洲国际","ORG_CODE":"10372808","STD_REPORT_DATE":"2021-06-30 00:00:00","REPORT_DATE":"2021-06-30 00:00:00","DATE_TYPE_CODE":"002","REPORT_TYPE":"2021年中报","PER_NETCASH_OPERATE":0.119151591697,"PER_OI":5.8397421651,"BPS":5.298399769005,"BASIC_EPS":0.28553642,"DILUTED_EPS":0.28489041,"OPERATE_INCOME":86119593100,"OPERATE_INCOME_YOY":6.8103517346,"GROSS_PROFIT":15316897100,"GROSS_PROFIT_YOY":-11.147583625278,"HOLDER_PROFIT":4211985200,"HOLDER_PROFIT_YOY":105.6782334385,"GROSS_PROFIT_RATIO":17.785612482184,"EPS_TTM":0.499784536365,"OPERATE_INCOME_QOQ":-1.341381406318,"NET_PROFIT_RATIO":5.7760108019,"ROE_AVG":6.352299298519,"GROSS_PROFIT_QOQ":-5.859842540075,"ROA":3.394065590838,"HOLDER_PROFIT_QOQ":36.422785978618,"ROE_YEARLY":12.704598597038,"ROIC_YEARLY":7.830891184242,"TOTAL_ASSETS":127296270500,"TOTAL_LIABILITIES":53935374900,"TAX_EBT":21.187308085978,"OCF_SALES":2.040357062486,"TOTAL_PARENT_EQUITY":67979632300,"DEBT_ASSET_RATIO":42.3699568637,"OPERATE_PROFIT":6621602500,"PRETAX_PROFIT":6311517700,"NETCASH_OPERATE":2196434000,"NETCASH_INVEST":12920200,"NETCASH_FINANCE":-1253259400,"END_CASH":11008010400,"DIVI_RATIO":0.635920035285,"DIVIDEND_RATE":5.691056910569,"CURRENT_RATIO":1.729848363927,"COMMON_ACS":50000000000,"CURRENTDEBT_DEBT":60.031141454066,"ISSUED_COMMON_SHARES":12830219550,"HK_COMMON_SHARES":12830219550,"PER_SHARES":500,"TOTAL_MARKET_CAP":78905850232.5,"HKSK_MARKET_CAP":78905850232.5,"PE_TTM":10.186161695955,"PB_TTM":1.004665606988,"REPORT_DATE_SQ":"2020-06-30 00:00:00","REPORT_TYPE_SQ":"2020年中报","OPERATE_INCOME_SQ":88359239500,"DPS_HKD":0.35,"OPERATE_INCOME_QOQ_SQ":7.055985538151,"NET_PROFIT_RATIO_SQ":3.5493950805,"HOLDER_PROFIT_SQ":2244201500,"HOLDER_PROFIT_QOQ_SQ":-16.315862034281,"ROE_AVG_SQ":3.576667042762,"PE_TTM_SQ":7.426045856409,"PB_TTM_SQ":0.790925323489,"ROA_SQ":1.836722869228,"START_DATE":"2021-01-01 00:00:00","FISCAL_YEAR":"12-31","CURRENCY":"HKD","IS_CNY_CODE":0,"DPS_HKD_LY":0.175,"ORG_TYPE":"一般企业","PREMIUM_INCOME":null,"PREMIUM_INCOME_YOY":null,"NET_INTEREST_INCOME":null,"NET_INTEREST_INCOME_YOY":null,"FEE_COMMISSION_INCOME":null,"FEE_COMMISSION_INCOME_YOY":null,"ACCOUNTS_RECE_TDAYS":12.930164888458,"INVENTORY_TDAYS":3.591676224807,"CURRENT_ASSETS_TDAYS":1.615487154629,"TOTAL_ASSETS_TDAYS":0.693961478397,"PREMIUM_EXPENSE":null,"LOAN_DEPOSIT":null,"LOAN_EQUITY":null,"LOAN_ASSETS":null,"DEPOSIT_EQUITY":null,"DEPOSIT_ASSETS":null,"EQUITY_MULTIPLIER":1.73520605847,"EQUITY_RATIO":0.793404922551},{"SECUCODE":"00288.HK","SECURITY_CODE":"00288","SECURITY_NAME_ABBR":"万洲国际","ORG_CODE":"10372808","STD_REPORT_DATE":"2020-12-31 00:00:00","REPORT_DATE":"2020-12-31 00:00:00","DATE_TYPE_CODE":"001","REPORT_TYPE":"2020年年报","PER_NETCASH_OPERATE":1.042995302971,"PER_OI":11.32338006267,"BPS":5.088114372914,"BASIC_EPS":0.36669938,"DILUTED_EPS":0.3653944,"OPERATE_INCOME":166965666100,"OPERATE_INCOME_YOY":6.1652076505,"GROSS_PROFIT":32794147400,"GROSS_PROFIT_YOY":-10.151736853314,"HOLDER_PROFIT":5402617200,"HOLDER_PROFIT_YOY":-43.4812286689,"GROSS_PROFIT_RATIO":19.641252100512,"EPS_TTM":0.366398010547,"OPERATE_INCOME_QOQ":-7.247377679147,"NET_PROFIT_RATIO":4.2674586736,"ROE_AVG":8.860827224571,"GROSS_PROFIT_QOQ":-10.915848411966,"ROA":4.60038336528,"HOLDER_PROFIT_QOQ":-36.830927169048,"ROE_YEARLY":8.860827224571,"ROIC_YEARLY":5.159199950153,"TOTAL_ASSETS":122113503500,"TOTAL_LIABILITIES":50437477000,"TAX_EBT":16.958174904943,"OCF_SALES":9.210989096878,"TOTAL_PARENT_EQUITY":65281624500,"DEBT_ASSET_RATIO":41.3037670318,"OPERATE_PROFIT":9356706600,"PRETAX_PROFIT":8580243500,"NETCASH_OPERATE":15379189300,"NETCASH_INVEST":-6283478700,"NETCASH_FINANCE":-3125427100,"END_CASH":10133169700,"DIVI_RATIO":0.867425561414,"DIVIDEND_RATE":5.691056910569,"CURRENT_RATIO":1.926235554463,"COMMON_ACS":50000000000,"CURRENTDEBT_DEBT":52.61319534282,"ISSUED_COMMON_SHARES":12830219550,"HK_COMMON_SHARES":12830219550,"PER_SHARES":500,"TOTAL_MARKET_CAP":78905850232.5,"HKSK_MARKET_CAP":78905850232.5,"PE_TTM":10.186161695955,"PB_TTM":1.004665606988,"REPORT_DATE_SQ":"2019-12-31 00:00:00","REPORT_TYPE_SQ":"2019年年报","OPERATE_INCOME_SQ":168147348600,"DPS_HKD":0.35,"OPERATE_INCOME_QOQ_SQ":6.600072491094,"NET_PROFIT_RATIO_SQ":7.0323196283,"HOLDER_PROFIT_SQ":10220133000,"HOLDER_PROFIT_QOQ_SQ":46.362170482643,"ROE_AVG_SQ":17.833231892879,"PE_TTM_SQ":7.426045856409,"PB_TTM_SQ":0.790925323489,"ROA_SQ":8.993247391037,"START_DATE":"2020-01-01 00:00:00","FISCAL_YEAR":"12-31","CURRENCY":"HKD","IS_CNY_CODE":0,"DPS_HKD_LY":0.315,"ORG_TYPE":"一般企业","PREMIUM_INCOME":null,"PREMIUM_INCOME_YOY":null,"NET_INTEREST_INCOME":null,"NET_INTEREST_INCOME_YOY":null,"FEE_COMMISSION_INCOME":null,"FEE_COMMISSION_INCOME_YOY":null,"ACCOUNTS_RECE_TDAYS":26.084607543323,"INVENTORY_TDAYS":7.120152354571,"CURRENT_ASSETS_TDAYS":3.519565366894,"TOTAL_ASSETS_TDAYS":1.421729588577,"PREMIUM_EXPENSE":null,"LOAN_DEPOSIT":null,"LOAN_EQUITY":null,"LOAN_ASSETS":null,"DEPOSIT_EQUITY":null,"DEPOSIT_ASSETS":null,"EQUITY_MULTIPLIER":1.703686845699,"EQUITY_RATIO":0.772613693153},{"SECUCODE":"00288.HK","SECURITY_CODE":"00288","SECURITY_NAME_ABBR":"万洲国际","ORG_CODE":"10372808","STD_REPORT_DATE":"2020-06-30 00:00:00","REPORT_DATE":"2020-06-30 00:00:00","DATE_TYPE_CODE":"002","REPORT_TYPE":"2020年中报","PER_NETCASH_OPERATE":0.585889948298,"PER_OI":5.99876328524,"BPS":4.989223976296,"BASIC_EPS":0.15220925,"DILUTED_EPS":0.1515013,"OPERATE_INCOME":88359239500,"OPERATE_INCOME_YOY":12.1685989036,"GROSS_PROFIT":17238582500,"GROSS_PROFIT_YOY":1.849699501547,"HOLDER_PROFIT":2244201500,"HOLDER_PROFIT_YOY":-44.2882249561,"GROSS_PROFIT_RATIO":19.509654675106,"EPS_TTM":0.580643341051,"OPERATE_INCOME_QOQ":7.055985538151,"NET_PROFIT_RATIO":3.5493950805,"ROE_AVG":3.576667042762,"GROSS_PROFIT_QOQ":0.857741298572,"ROA":1.836722869228,"HOLDER_PROFIT_QOQ":-16.315862034281,"ROE_YEARLY":7.153334085524,"ROIC_YEARLY":4.094020405528,"TOTAL_ASSETS":122022262000,"TOTAL_LIABILITIES":52607764500,"TAX_EBT":18.265682656827,"OCF_SALES":9.76684560532,"TOTAL_PARENT_EQUITY":64012839000,"DEBT_ASSET_RATIO":43.1132513344,"OPERATE_PROFIT":4318495000,"PRETAX_PROFIT":3837089000,"NETCASH_OPERATE":8629910500,"NETCASH_INVEST":-969891500,"NETCASH_FINANCE":-1245992000,"END_CASH":10258195500,"DIVI_RATIO":0.54736354924,"DIVIDEND_RATE":5.691056910569,"CURRENT_RATIO":1.821049840933,"COMMON_ACS":50000000000,"CURRENTDEBT_DEBT":50.760328354192,"ISSUED_COMMON_SHARES":12830219550,"HK_COMMON_SHARES":12830219550,"PER_SHARES":500,"TOTAL_MARKET_CAP":78905850232.5,"HKSK_MARKET_CAP":78905850232.5,"PE_TTM":10.186161695955,"PB_TTM":1.004665606988,"REPORT_DATE_SQ":"2019-06-30 00:00:00","REPORT_TYPE_SQ":"2019年中报","OPERATE_INCOME_SQ":76494786900,"DPS_HKD":0.35,"OPERATE_INCOME_QOQ_SQ":1.671997825279,"NET_PROFIT_RATIO_SQ":6.0213894131,"HOLDER_PROFIT_SQ":3911704300,"HOLDER_PROFIT_QOQ_SQ":7.892028575536,"ROE_AVG_SQ":7.097860662384,"PE_TTM_SQ":7.426045856409,"PB_TTM_SQ":0.790925323489,"ROA_SQ":3.584139082234,"START_DATE":"2020-01-01 00:00:00","FISCAL_YEAR":"12-31","CURRENCY":"HKD","IS_CNY_CODE":0,"DPS_HKD_LY":0.315,"ORG_TYPE":"一般企业","PREMIUM_INCOME":null,"PREMIUM_INCOME_YOY":null,"NET_INTEREST_INCOME":null,"NET_INTEREST_INCOME_YOY":null,"FEE_COMMISSION_INCOME":null,"FEE_COMMISSION_INCOME_YOY":null,"ACCOUNTS_RECE_TDAYS":12.696846388606,"INVENTORY_TDAYS":3.597493285586,"CURRENT_ASSETS_TDAYS":1.838685916323,"TOTAL_ASSETS_TDAYS":0.723158931572,"PREMIUM_EXPENSE":null,"LOAN_DEPOSIT":null,"LOAN_EQUITY":null,"LOAN_ASSETS":null,"DEPOSIT_EQUITY":null,"DEPOSIT_ASSETS":null,"EQUITY_MULTIPLIER":1.75787863335,"EQUITY_RATIO":0.821831453218}],"count":29},"success":true,"message":"ok","code":0}