{"version":"130f782667513517770515cadd453e7b","result":{"pages":6,"data":[{"SECUCODE":"00289.HK","SECURITY_CODE":"00289","SECURITY_NAME_ABBR":"WING ON CO","ORG_CODE":"10007543","STD_REPORT_DATE":"2024-06-30 00:00:00","REPORT_DATE":"2024-06-30 00:00:00","DATE_TYPE_CODE":"002","REPORT_TYPE":"2024年中报","PER_NETCASH_OPERATE":0.237639355121,"PER_OI":1.510433337034,"BPS":56.299292937376,"BASIC_EPS":-0.752961,"DILUTED_EPS":-0.752961,"OPERATE_INCOME":438084574.64,"OPERATE_INCOME_YOY":-9.5769691581,"GROSS_PROFIT":277671937.84,"GROSS_PROFIT_YOY":-10.205976344784,"HOLDER_PROFIT":-218656223.68,"HOLDER_PROFIT_YOY":-187.3790940258,"GROSS_PROFIT_RATIO":63.383180763253,"EPS_TTM":-1.240017380008,"OPERATE_INCOME_QOQ":-5.363413848452,"NET_PROFIT_RATIO":-50.595835816,"ROE_AVG":-1.323287638697,"GROSS_PROFIT_QOQ":-5.257348807639,"ROA":-1.226968446467,"HOLDER_PROFIT_QOQ":-421.718598364764,"ROE_YEARLY":-2.646575277395,"ROIC_YEARLY":-2.794774251835,"TOTAL_ASSETS":17641471912.76,"TOTAL_LIABILITIES":1323126798.88,"TAX_EBT":-7.551105363849,"OCF_SALES":15.733190554961,"TOTAL_PARENT_EQUITY":16294422858.4,"DEBT_ASSET_RATIO":7.5000929935,"OPERATE_PROFIT":277735825.44,"PRETAX_PROFIT":-206090445.44,"NETCASH_OPERATE":68924680.92,"NETCASH_INVEST":46887109.64,"NETCASH_FINANCE":-13205566.92,"END_CASH":1670648875.16,"DIVI_RATIO":-0.674014423891,"DIVIDEND_RATE":7.836456558773,"CURRENT_RATIO":7.996066092435,"COMMON_ACS":400000000,"CURRENTDEBT_DEBT":39.592858187397,"ISSUED_COMMON_SHARES":289425000,"HK_COMMON_SHARES":289425000,"PER_SHARES":1000,"TOTAL_MARKET_CAP":3397849500,"HKSK_MARKET_CAP":3397849500,"PE_TTM":-8.703597116774,"PB_TTM":0.190319676162,"REPORT_DATE_SQ":"2023-06-30 00:00:00","REPORT_TYPE_SQ":"2023年中报","OPERATE_INCOME_SQ":489420175.28,"DPS_HKD":0.92,"OPERATE_INCOME_QOQ_SQ":6.641549491209,"NET_PROFIT_RATIO_SQ":51.5402120429,"HOLDER_PROFIT_SQ":252788476.4,"HOLDER_PROFIT_QOQ_SQ":127.870765039687,"ROE_AVG_SQ":1.479221784106,"PE_TTM_SQ":43.770496746149,"PB_TTM_SQ":0.188150664873,"ROA_SQ":1.374015304901,"START_DATE":"2024-01-01 00:00:00","FISCAL_YEAR":"12-31","CURRENCY":"HKD","IS_CNY_CODE":0,"DPS_HKD_LY":0.92,"ORG_TYPE":"一般企业","PREMIUM_INCOME":null,"PREMIUM_INCOME_YOY":null,"NET_INTEREST_INCOME":null,"NET_INTEREST_INCOME_YOY":null,"FEE_COMMISSION_INCOME":null,"FEE_COMMISSION_INCOME_YOY":null,"ACCOUNTS_RECE_TDAYS":5.617822616512,"INVENTORY_TDAYS":2.23898089172,"CURRENT_ASSETS_TDAYS":0.107327466745,"TOTAL_ASSETS_TDAYS":0.024582696112,"PREMIUM_EXPENSE":null,"LOAN_DEPOSIT":null,"LOAN_EQUITY":null,"LOAN_ASSETS":null,"DEPOSIT_EQUITY":null,"DEPOSIT_ASSETS":null,"EQUITY_MULTIPLIER":1.081082167931,"EQUITY_RATIO":0.081201206718},{"SECUCODE":"00289.HK","SECURITY_CODE":"00289","SECURITY_NAME_ABBR":"WING ON CO","ORG_CODE":"10007543","STD_REPORT_DATE":"2023-12-31 00:00:00","REPORT_DATE":"2023-12-31 00:00:00","DATE_TYPE_CODE":"001","REPORT_TYPE":"2023年年报","PER_NETCASH_OPERATE":0.659656864636,"PER_OI":3.295769264366,"BPS":57.474026993522,"BASIC_EPS":0.38423728,"DILUTED_EPS":0.38423728,"OPERATE_INCOME":957144126.68,"OPERATE_INCOME_YOY":1.4568292111,"GROSS_PROFIT":600305502.16,"GROSS_PROFIT_YOY":0.630018551723,"HOLDER_PROFIT":111791299.2,"HOLDER_PROFIT_YOY":140.9907425252,"GROSS_PROFIT_RATIO":62.718402111733,"EPS_TTM":0.38493505592,"OPERATE_INCOME_QOQ":-3.482573694623,"NET_PROFIT_RATIO":11.4673061956,"ROE_AVG":0.668448238001,"GROSS_PROFIT_QOQ":-3.368261342555,"ROA":0.622636925423,"HOLDER_PROFIT_QOQ":49.206515903384,"ROE_YEARLY":0.668448238001,"ROIC_YEARLY":0.707179624513,"TOTAL_ASSETS":17872824265.8,"TOTAL_LIABILITIES":1211668700.76,"TAX_EBT":31.225334597716,"OCF_SALES":20.015262347637,"TOTAL_PARENT_EQUITY":16634420262.6,"DEBT_ASSET_RATIO":6.7793913415,"OPERATE_PROFIT":511645468.46,"PRETAX_PROFIT":159591685.54,"NETCASH_OPERATE":191574908,"NETCASH_INVEST":263415498.5,"NETCASH_FINANCE":-311372660.9,"END_CASH":1559975263.98,"DIVI_RATIO":2.171248336951,"DIVIDEND_RATE":7.849829351536,"CURRENT_RATIO":10.46945423424,"COMMON_ACS":400000000,"CURRENTDEBT_DEBT":31.11054269897,"ISSUED_COMMON_SHARES":289425000,"HK_COMMON_SHARES":289425000,"PER_SHARES":1000,"TOTAL_MARKET_CAP":3392061000,"HKSK_MARKET_CAP":3392061000,"PE_TTM":-8.688769864445,"PB_TTM":0.189995451842,"REPORT_DATE_SQ":"2022-12-31 00:00:00","REPORT_TYPE_SQ":"2022年年报","OPERATE_INCOME_SQ":929919081.56,"DPS_HKD":0.92,"OPERATE_INCOME_QOQ_SQ":5.167219225192,"NET_PROFIT_RATIO_SQ":-28.9726116877,"HOLDER_PROFIT_SQ":-268826033.42,"HOLDER_PROFIT_QOQ_SQ":-1050.66709191225,"ROE_AVG_SQ":-1.593577777664,"PE_TTM_SQ":43.47944219704,"PB_TTM_SQ":0.186899545717,"ROA_SQ":-1.484582691183,"START_DATE":"2023-01-01 00:00:00","FISCAL_YEAR":"12-31","CURRENCY":"HKD","IS_CNY_CODE":0,"DPS_HKD_LY":0.94,"ORG_TYPE":"一般企业","PREMIUM_INCOME":null,"PREMIUM_INCOME_YOY":null,"NET_INTEREST_INCOME":null,"NET_INTEREST_INCOME_YOY":null,"FEE_COMMISSION_INCOME":null,"FEE_COMMISSION_INCOME_YOY":null,"ACCOUNTS_RECE_TDAYS":14.305368945715,"INVENTORY_TDAYS":5.231762650386,"CURRENT_ASSETS_TDAYS":0.246982907292,"TOTAL_ASSETS_TDAYS":0.053309450779,"PREMIUM_EXPENSE":null,"LOAN_DEPOSIT":null,"LOAN_EQUITY":null,"LOAN_ASSETS":null,"DEPOSIT_EQUITY":null,"DEPOSIT_ASSETS":null,"EQUITY_MULTIPLIER":1.072724169463,"EQUITY_RATIO":0.072841053769},{"SECUCODE":"00289.HK","SECURITY_CODE":"00289","SECURITY_NAME_ABBR":"WING ON CO","ORG_CODE":"10007543","STD_REPORT_DATE":"2023-06-30 00:00:00","REPORT_DATE":"2023-06-30 00:00:00","DATE_TYPE_CODE":"002","REPORT_TYPE":"2023年中报","PER_NETCASH_OPERATE":0.168147705825,"PER_OI":1.683684603487,"BPS":58.987953880349,"BASIC_EPS":0.86942714,"DILUTED_EPS":0.86942714,"OPERATE_INCOME":489420175.28,"OPERATE_INCOME_YOY":6.1512773084,"GROSS_PROFIT":309232092,"GROSS_PROFIT_YOY":8.674430787056,"HOLDER_PROFIT":252788476.4,"HOLDER_PROFIT_YOY":357.7751870934,"GROSS_PROFIT_RATIO":63.183356064773,"EPS_TTM":0.257750244733,"OPERATE_INCOME_QOQ":6.641549491209,"NET_PROFIT_RATIO":51.5402120429,"ROE_AVG":1.479221784106,"GROSS_PROFIT_QOQ":4.137646646774,"ROA":1.374015304901,"HOLDER_PROFIT_QOQ":127.870765039687,"ROE_YEARLY":2.958443568212,"ROIC_YEARLY":3.129527755825,"TOTAL_ASSETS":18445757904.42,"TOTAL_LIABILITIES":1344347335.82,"TAX_EBT":13.03654071098,"OCF_SALES":9.986888605897,"TOTAL_PARENT_EQUITY":17072588551.82,"DEBT_ASSET_RATIO":7.2881111353,"OPERATE_PROFIT":283082895.24,"PRETAX_PROFIT":290062283.84,"NETCASH_OPERATE":48877847.72,"NETCASH_INVEST":346817528.68,"NETCASH_FINANCE":-12492829,"END_CASH":1810059717.38,"DIVI_RATIO":3.242633584559,"DIVIDEND_RATE":7.849829351536,"CURRENT_RATIO":7.615920986161,"COMMON_ACS":400000000,"CURRENTDEBT_DEBT":39.912928320174,"ISSUED_COMMON_SHARES":289425000,"HK_COMMON_SHARES":289425000,"PER_SHARES":1000,"TOTAL_MARKET_CAP":3392061000,"HKSK_MARKET_CAP":3392061000,"PE_TTM":-8.688769864445,"PB_TTM":0.189995451842,"REPORT_DATE_SQ":"2022-06-30 00:00:00","REPORT_TYPE_SQ":"2022年中报","OPERATE_INCOME_SQ":427659139.25,"DPS_HKD":0.92,"OPERATE_INCOME_QOQ_SQ":-4.231341736268,"NET_PROFIT_RATIO_SQ":-21.2556116583,"HOLDER_PROFIT_SQ":-90961429.16,"HOLDER_PROFIT_QOQ_SQ":-93.740010159216,"ROE_AVG_SQ":-0.559369419368,"PE_TTM_SQ":43.47944219704,"PB_TTM_SQ":0.186899545717,"ROA_SQ":-0.521684031406,"START_DATE":"2023-01-01 00:00:00","FISCAL_YEAR":"12-31","CURRENCY":"HKD","IS_CNY_CODE":0,"DPS_HKD_LY":0.94,"ORG_TYPE":"一般企业","PREMIUM_INCOME":null,"PREMIUM_INCOME_YOY":null,"NET_INTEREST_INCOME":null,"NET_INTEREST_INCOME_YOY":null,"FEE_COMMISSION_INCOME":null,"FEE_COMMISSION_INCOME_YOY":null,"ACCOUNTS_RECE_TDAYS":null,"INVENTORY_TDAYS":2.707919968963,"CURRENT_ASSETS_TDAYS":0.12301964948,"TOTAL_ASSETS_TDAYS":0.026602114975,"PREMIUM_EXPENSE":null,"LOAN_DEPOSIT":null,"LOAN_EQUITY":null,"LOAN_ASSETS":null,"DEPOSIT_EQUITY":null,"DEPOSIT_ASSETS":null,"EQUITY_MULTIPLIER":1.078610318747,"EQUITY_RATIO":0.078743029022},{"SECUCODE":"00289.HK","SECURITY_CODE":"00289","SECURITY_NAME_ABBR":"WING ON CO","ORG_CODE":"10007543","STD_REPORT_DATE":"2022-12-31 00:00:00","REPORT_DATE":"2022-12-31 00:00:00","DATE_TYPE_CODE":"001","REPORT_TYPE":"2022年年报","PER_NETCASH_OPERATE":-0.019183761648,"PER_OI":3.196356117292,"BPS":57.262904757537,"BASIC_EPS":-0.92274791,"DILUTED_EPS":-0.92274791,"OPERATE_INCOME":929919081.56,"OPERATE_INCOME_YOY":-7.814646008,"GROSS_PROFIT":596547144.48,"GROSS_PROFIT_YOY":-1.18140650129,"HOLDER_PROFIT":-268826033.42,"HOLDER_PROFIT_YOY":-154.4703571978,"GROSS_PROFIT_RATIO":64.150435915268,"EPS_TTM":-0.924019899633,"OPERATE_INCOME_QOQ":5.167219225192,"NET_PROFIT_RATIO":-28.9726116877,"ROE_AVG":-1.593577777664,"GROSS_PROFIT_QOQ":3.823514751002,"ROA":-1.484582691183,"HOLDER_PROFIT_QOQ":-1050.66709191225,"ROE_YEARLY":-1.593577777664,"ROIC_YEARLY":-1.692070599892,"TOTAL_ASSETS":17778421406.83,"TOTAL_LIABILITIES":1176760847.01,"TAX_EBT":-41.924175477727,"OCF_SALES":-0.600175979897,"TOTAL_PARENT_EQUITY":16573316209.45,"DEBT_ASSET_RATIO":6.6190401278,"OPERATE_PROFIT":152408834.13,"PRETAX_PROFIT":-189835060.59,"NETCASH_OPERATE":-5581150.96,"NETCASH_INVEST":-674710056.02,"NETCASH_FINANCE":-175997415.02,"END_CASH":1395360094.87,"DIVI_RATIO":-0.904514719144,"DIVIDEND_RATE":7.849829351536,"CURRENT_RATIO":9.866041651488,"COMMON_ACS":400000000,"CURRENTDEBT_DEBT":32.298083368062,"ISSUED_COMMON_SHARES":289425000,"HK_COMMON_SHARES":289425000,"PER_SHARES":1000,"TOTAL_MARKET_CAP":3392061000,"HKSK_MARKET_CAP":3392061000,"PE_TTM":-8.688769864445,"PB_TTM":0.189995451842,"REPORT_DATE_SQ":"2021-12-31 00:00:00","REPORT_TYPE_SQ":"2021年年报","OPERATE_INCOME_SQ":923296875.2,"DPS_HKD":0.92,"OPERATE_INCOME_QOQ_SQ":1.691410891697,"NET_PROFIT_RATIO_SQ":48.9375945849,"HOLDER_PROFIT_SQ":451719912,"HOLDER_PROFIT_QOQ_SQ":75.67237943146,"ROE_AVG_SQ":2.879801721902,"PE_TTM_SQ":43.47944219704,"PB_TTM_SQ":0.186899545717,"ROA_SQ":2.677294661574,"START_DATE":"2022-01-01 00:00:00","FISCAL_YEAR":"12-31","CURRENCY":"HKD","IS_CNY_CODE":0,"DPS_HKD_LY":0.46,"ORG_TYPE":"一般企业","PREMIUM_INCOME":null,"PREMIUM_INCOME_YOY":null,"NET_INTEREST_INCOME":null,"NET_INTEREST_INCOME_YOY":null,"FEE_COMMISSION_INCOME":null,"FEE_COMMISSION_INCOME_YOY":null,"ACCOUNTS_RECE_TDAYS":14.331332599119,"INVENTORY_TDAYS":4.972274404786,"CURRENT_ASSETS_TDAYS":0.246204391922,"TOTAL_ASSETS_TDAYS":0.051354467241,"PREMIUM_EXPENSE":null,"LOAN_DEPOSIT":null,"LOAN_EQUITY":null,"LOAN_ASSETS":null,"DEPOSIT_EQUITY":null,"DEPOSIT_ASSETS":null,"EQUITY_MULTIPLIER":1.070882117049,"EQUITY_RATIO":0.07100334249},{"SECUCODE":"00289.HK","SECURITY_CODE":"00289","SECURITY_NAME_ABBR":"WING ON CO","ORG_CODE":"10007543","STD_REPORT_DATE":"2022-06-30 00:00:00","REPORT_DATE":"2022-06-30 00:00:00","DATE_TYPE_CODE":"002","REPORT_TYPE":"2022年中报","PER_NETCASH_OPERATE":-0.325937802447,"PER_OI":1.468236571922,"BPS":55.590369795042,"BASIC_EPS":-0.31214435,"DILUTED_EPS":-0.31214435,"OPERATE_INCOME":427659139.25,"OPERATE_INCOME_YOY":-10.8467221473,"GROSS_PROFIT":284549079.08,"GROSS_PROFIT_YOY":-9.278168383665,"HOLDER_PROFIT":-90961429.16,"HOLDER_PROFIT_YOY":-126.6190831327,"GROSS_PROFIT_RATIO":66.536419537069,"EPS_TTM":0.097082542898,"OPERATE_INCOME_QOQ":-4.231341736268,"NET_PROFIT_RATIO":-21.2556116583,"ROE_AVG":-0.559369419368,"GROSS_PROFIT_QOQ":-4.820604719745,"ROA":-0.521684031406,"HOLDER_PROFIT_QOQ":-93.740010159216,"ROE_YEARLY":-1.118738838736,"ROIC_YEARLY":-1.184855782151,"TOTAL_ASSETS":17220927677.59,"TOTAL_LIABILITIES":1103788601.86,"TAX_EBT":-55.623554215104,"OCF_SALES":-22.199270109484,"TOTAL_PARENT_EQUITY":16089242777.93,"DEBT_ASSET_RATIO":6.4095768969,"OPERATE_PROFIT":-6709820.74,"PRETAX_PROFIT":-58411187.38,"NETCASH_OPERATE":-94937207.47,"NETCASH_INVEST":13094669.28,"NETCASH_FINANCE":-141537365.76,"END_CASH":1932223982.71,"DIVI_RATIO":8.609061681463,"DIVIDEND_RATE":7.849829351536,"CURRENT_RATIO":10.34236332024,"COMMON_ACS":400000000,"CURRENTDEBT_DEBT":30.078779323372,"ISSUED_COMMON_SHARES":289425000,"HK_COMMON_SHARES":289425000,"PER_SHARES":1000,"TOTAL_MARKET_CAP":3392061000,"HKSK_MARKET_CAP":3392061000,"PE_TTM":-8.688769864445,"PB_TTM":0.189995451842,"REPORT_DATE_SQ":"2021-06-30 00:00:00","REPORT_TYPE_SQ":"2021年中报","OPERATE_INCOME_SQ":466726985.28,"DPS_HKD":0.92,"OPERATE_INCOME_QOQ_SQ":-9.166911672966,"NET_PROFIT_RATIO_SQ":71.2648596225,"HOLDER_PROFIT_SQ":332480862.24,"HOLDER_PROFIT_QOQ_SQ":166.978074212746,"ROE_AVG_SQ":2.079765317103,"PE_TTM_SQ":43.47944219704,"PB_TTM_SQ":0.186899545717,"ROA_SQ":1.93271563965,"START_DATE":"2022-01-01 00:00:00","FISCAL_YEAR":"12-31","CURRENCY":"HKD","IS_CNY_CODE":0,"DPS_HKD_LY":0.46,"ORG_TYPE":"一般企业","PREMIUM_INCOME":null,"PREMIUM_INCOME_YOY":null,"NET_INTEREST_INCOME":null,"NET_INTEREST_INCOME_YOY":null,"FEE_COMMISSION_INCOME":null,"FEE_COMMISSION_INCOME_YOY":null,"ACCOUNTS_RECE_TDAYS":null,"INVENTORY_TDAYS":2.129574130987,"CURRENT_ASSETS_TDAYS":0.120879430337,"TOTAL_ASSETS_TDAYS":0.024527203002,"PREMIUM_EXPENSE":null,"LOAN_DEPOSIT":null,"LOAN_EQUITY":null,"LOAN_ASSETS":null,"DEPOSIT_EQUITY":null,"DEPOSIT_ASSETS":null,"EQUITY_MULTIPLIER":1.068485392889,"EQUITY_RATIO":0.068604136136},{"SECUCODE":"00289.HK","SECURITY_CODE":"00289","SECURITY_NAME_ABBR":"WING ON CO","ORG_CODE":"10007543","STD_REPORT_DATE":"2021-12-31 00:00:00","REPORT_DATE":"2021-12-31 00:00:00","DATE_TYPE_CODE":"001","REPORT_TYPE":"2021年年报","PER_NETCASH_OPERATE":0.281747213529,"PER_OI":3.168399203865,"BPS":54.284399807895,"BASIC_EPS":1.5485344,"DILUTED_EPS":1.5485344,"OPERATE_INCOME":923296875.2,"OPERATE_INCOME_YOY":-4.9145999015,"GROSS_PROFIT":603679048,"GROSS_PROFIT_YOY":-4.984526482552,"HOLDER_PROFIT":451719912,"HOLDER_PROFIT_YOY":221.1216071941,"GROSS_PROFIT_RATIO":65.382983980016,"EPS_TTM":1.550128726734,"OPERATE_INCOME_QOQ":1.691410891697,"NET_PROFIT_RATIO":48.9375945849,"ROE_AVG":2.879801721902,"GROSS_PROFIT_QOQ":3.105155820792,"ROA":2.677294661574,"HOLDER_PROFIT_QOQ":75.67237943146,"ROE_YEARLY":2.879801721902,"ROIC_YEARLY":3.084537928408,"TOTAL_ASSETS":16875437331.2,"TOTAL_LIABILITIES":1137724739.2,"TAX_EBT":18.847651661106,"OCF_SALES":8.892415235589,"TOTAL_PARENT_EQUITY":15711262414.4,"DEBT_ASSET_RATIO":6.7418978061,"OPERATE_PROFIT":393975276.8,"PRETAX_PROFIT":556779059.2,"NETCASH_OPERATE":82103392,"NETCASH_INVEST":228693348.8,"NETCASH_FINANCE":-308646452.8,"END_CASH":2080761748.8,"DIVI_RATIO":0.539174318614,"DIVIDEND_RATE":7.849829351536,"CURRENT_RATIO":9.60830024366,"COMMON_ACS":400000000,"CURRENTDEBT_DEBT":31.852434206082,"ISSUED_COMMON_SHARES":289425000,"HK_COMMON_SHARES":289425000,"PER_SHARES":1000,"TOTAL_MARKET_CAP":3392061000,"HKSK_MARKET_CAP":3392061000,"PE_TTM":-8.688769864445,"PB_TTM":0.189995451842,"REPORT_DATE_SQ":"2020-12-31 00:00:00","REPORT_TYPE_SQ":"2020年年报","OPERATE_INCOME_SQ":999569537.8,"DPS_HKD":0.92,"OPERATE_INCOME_QOQ_SQ":-14.369382811772,"NET_PROFIT_RATIO_SQ":-38.5312951261,"HOLDER_PROFIT_SQ":-383913244.36,"HOLDER_PROFIT_QOQ_SQ":-197.173716834315,"ROE_AVG_SQ":-2.357277977996,"PE_TTM_SQ":43.47944219704,"PB_TTM_SQ":0.186899545717,"ROA_SQ":-2.190305164222,"START_DATE":"2021-01-01 00:00:00","FISCAL_YEAR":"12-31","CURRENCY":"HKD","IS_CNY_CODE":0,"DPS_HKD_LY":1.06,"ORG_TYPE":"一般企业","PREMIUM_INCOME":null,"PREMIUM_INCOME_YOY":null,"NET_INTEREST_INCOME":null,"NET_INTEREST_INCOME_YOY":null,"FEE_COMMISSION_INCOME":null,"FEE_COMMISSION_INCOME_YOY":null,"ACCOUNTS_RECE_TDAYS":null,"INVENTORY_TDAYS":5.081561689599,"CURRENT_ASSETS_TDAYS":0.266478187657,"TOTAL_ASSETS_TDAYS":0.054722799003,"PREMIUM_EXPENSE":null,"LOAN_DEPOSIT":null,"LOAN_EQUITY":null,"LOAN_ASSETS":null,"DEPOSIT_EQUITY":null,"DEPOSIT_ASSETS":null,"EQUITY_MULTIPLIER":1.072292890886,"EQUITY_RATIO":0.072414597197},{"SECUCODE":"00289.HK","SECURITY_CODE":"00289","SECURITY_NAME_ABBR":"WING ON CO","ORG_CODE":"10007543","STD_REPORT_DATE":"2021-06-30 00:00:00","REPORT_DATE":"2021-06-30 00:00:00","DATE_TYPE_CODE":"002","REPORT_TYPE":"2021年中报","PER_NETCASH_OPERATE":0.208437948584,"PER_OI":1.600232410393,"BPS":55.403766133817,"BASIC_EPS":1.13911752,"DILUTED_EPS":1.13911752,"OPERATE_INCOME":466726985.28,"OPERATE_INCOME_YOY":-8.2373034414,"GROSS_PROFIT":313650059.76,"GROSS_PROFIT_YOY":-13.713827427117,"HOLDER_PROFIT":332480862.24,"HOLDER_PROFIT_YOY":218.2844845195,"GROSS_PROFIT_RATIO":67.202040947308,"EPS_TTM":0.881629069677,"OPERATE_INCOME_QOQ":-9.166911672966,"NET_PROFIT_RATIO":71.2648596225,"ROE_AVG":2.079765317103,"GROSS_PROFIT_QOQ":-7.846050218288,"ROA":1.93271563965,"HOLDER_PROFIT_QOQ":166.978074212746,"ROE_YEARLY":4.159530634207,"ROIC_YEARLY":4.46818837582,"TOTAL_ASSETS":17237739555.6,"TOTAL_LIABILITIES":1175695756.8,"TAX_EBT":17.198637018011,"OCF_SALES":13.025479750979,"TOTAL_PARENT_EQUITY":16035235013.28,"DEBT_ASSET_RATIO":6.8204752312,"OPERATE_PROFIT":256847286.48,"PRETAX_PROFIT":401699101.2,"NETCASH_OPERATE":60793428.96,"NETCASH_INVEST":235148304.24,"NETCASH_FINANCE":-203217234.24,"END_CASH":2223016547.04,"DIVI_RATIO":0.948005945751,"DIVIDEND_RATE":7.849829351536,"CURRENT_RATIO":10.216163085952,"COMMON_ACS":400000000,"CURRENTDEBT_DEBT":29.377618616238,"ISSUED_COMMON_SHARES":289425000,"HK_COMMON_SHARES":289425000,"PER_SHARES":1000,"TOTAL_MARKET_CAP":3392061000,"HKSK_MARKET_CAP":3392061000,"PE_TTM":-8.688769864445,"PB_TTM":0.189995451842,"REPORT_DATE_SQ":"2020-06-30 00:00:00","REPORT_TYPE_SQ":"2020年中报","OPERATE_INCOME_SQ":558356641.92,"DPS_HKD":0.92,"OPERATE_INCOME_QOQ_SQ":-4.985767541848,"NET_PROFIT_RATIO_SQ":-55.208517377,"HOLDER_PROFIT_SQ":-308570079.84,"HOLDER_PROFIT_QOQ_SQ":-118.835905906099,"ROE_AVG_SQ":-1.755590793842,"PE_TTM_SQ":43.47944219704,"PB_TTM_SQ":0.186899545717,"ROA_SQ":-1.634383997241,"START_DATE":"2021-01-01 00:00:00","FISCAL_YEAR":"12-31","CURRENCY":"HKD","IS_CNY_CODE":0,"DPS_HKD_LY":1.06,"ORG_TYPE":"一般企业","PREMIUM_INCOME":null,"PREMIUM_INCOME_YOY":null,"NET_INTEREST_INCOME":null,"NET_INTEREST_INCOME_YOY":null,"FEE_COMMISSION_INCOME":null,"FEE_COMMISSION_INCOME_YOY":null,"ACCOUNTS_RECE_TDAYS":7.992248779967,"INVENTORY_TDAYS":2.430446471626,"CURRENT_ASSETS_TDAYS":0.132644189687,"TOTAL_ASSETS_TDAYS":0.027130901244,"PREMIUM_EXPENSE":null,"LOAN_DEPOSIT":null,"LOAN_EQUITY":null,"LOAN_ASSETS":null,"DEPOSIT_EQUITY":null,"DEPOSIT_ASSETS":null,"EQUITY_MULTIPLIER":1.07319714549,"EQUITY_RATIO":0.073319521406},{"SECUCODE":"00289.HK","SECURITY_CODE":"00289","SECURITY_NAME_ABBR":"WING ON CO","ORG_CODE":"10007543","STD_REPORT_DATE":"2020-12-31 00:00:00","REPORT_DATE":"2020-12-31 00:00:00","DATE_TYPE_CODE":"001","REPORT_TYPE":"2020年年报","PER_NETCASH_OPERATE":0.200660572717,"PER_OI":3.424684580227,"BPS":55.699399329153,"BASIC_EPS":-1.31464168,"DILUTED_EPS":-1.31464168,"OPERATE_INCOME":999569537.8,"OPERATE_INCOME_YOY":-13.405016719,"GROSS_PROFIT":635348144.52,"GROSS_PROFIT_YOY":-18.456283456233,"HOLDER_PROFIT":-383913244.36,"HOLDER_PROFIT_YOY":-159.5760770475,"GROSS_PROFIT_RATIO":63.562175565931,"EPS_TTM":-1.315347975688,"OPERATE_INCOME_QOQ":-14.369382811772,"NET_PROFIT_RATIO":-38.5312951261,"ROE_AVG":-2.357277977996,"GROSS_PROFIT_QOQ":-14.659906540397,"ROA":-2.190305164222,"HOLDER_PROFIT_QOQ":-197.173716834315,"ROE_YEARLY":-2.357277977996,"ROIC_YEARLY":-2.552670525089,"TOTAL_ASSETS":17365070810.44,"TOTAL_LIABILITIES":1217322846.8,"TAX_EBT":-26.927002723738,"OCF_SALES":5.859242450396,"TOTAL_PARENT_EQUITY":16120798650.84,"DEBT_ASSET_RATIO":7.0101807248,"OPERATE_PROFIT":435090006.2,"PRETAX_PROFIT":-303439835.76,"NETCASH_OPERATE":58567202.68,"NETCASH_INVEST":-188631723.36,"NETCASH_FINANCE":-252008898.64,"END_CASH":2163252142.48,"DIVI_RATIO":-0.635413301612,"DIVIDEND_RATE":7.849829351536,"CURRENT_RATIO":9.462418795651,"COMMON_ACS":400000000,"CURRENTDEBT_DEBT":30.810580971674,"ISSUED_COMMON_SHARES":289425000,"HK_COMMON_SHARES":289425000,"PER_SHARES":1000,"TOTAL_MARKET_CAP":3392061000,"HKSK_MARKET_CAP":3392061000,"PE_TTM":-8.688769864445,"PB_TTM":0.189995451842,"REPORT_DATE_SQ":"2019-12-31 00:00:00","REPORT_TYPE_SQ":"2019年年报","OPERATE_INCOME_SQ":1228556895.32,"DPS_HKD":0.92,"OPERATE_INCOME_QOQ_SQ":-2.761155810304,"NET_PROFIT_RATIO_SQ":55.9107805065,"HOLDER_PROFIT_SQ":685861123.24,"HOLDER_PROFIT_QOQ_SQ":-47.874744998069,"ROE_AVG_SQ":3.964290434246,"PE_TTM_SQ":43.47944219704,"PB_TTM_SQ":0.186899545717,"ROA_SQ":3.690995042385,"START_DATE":"2020-01-01 00:00:00","FISCAL_YEAR":"12-31","CURRENCY":"HKD","IS_CNY_CODE":0,"DPS_HKD_LY":0.76,"ORG_TYPE":"一般企业","PREMIUM_INCOME":null,"PREMIUM_INCOME_YOY":null,"NET_INTEREST_INCOME":null,"NET_INTEREST_INCOME_YOY":null,"FEE_COMMISSION_INCOME":null,"FEE_COMMISSION_INCOME_YOY":null,"ACCOUNTS_RECE_TDAYS":18.211782926717,"INVENTORY_TDAYS":4.888831148291,"CURRENT_ASSETS_TDAYS":0.286419696517,"TOTAL_ASSETS_TDAYS":0.057027527776,"PREMIUM_EXPENSE":null,"LOAN_DEPOSIT":null,"LOAN_EQUITY":null,"LOAN_ASSETS":null,"DEPOSIT_EQUITY":null,"DEPOSIT_ASSETS":null,"EQUITY_MULTIPLIER":1.07538653994,"EQUITY_RATIO":0.075512564431},{"SECUCODE":"00289.HK","SECURITY_CODE":"00289","SECURITY_NAME_ABBR":"WING ON CO","ORG_CODE":"10007543","STD_REPORT_DATE":"2020-06-30 00:00:00","REPORT_DATE":"2020-06-30 00:00:00","DATE_TYPE_CODE":"002","REPORT_TYPE":"2020年中报","PER_NETCASH_OPERATE":0.034357113572,"PER_OI":1.912173732008,"BPS":59.765259590982,"BASIC_EPS":-1.05593664,"DILUTED_EPS":-1.05593664,"OPERATE_INCOME":558356641.92,"OPERATE_INCOME_YOY":-13.2182618893,"GROSS_PROFIT":363499794.24,"GROSS_PROFIT_YOY":-8.705210852181,"HOLDER_PROFIT":-308570079.84,"HOLDER_PROFIT_YOY":-158.6714764827,"GROSS_PROFIT_RATIO":65.101722975847,"EPS_TTM":-0.442423676015,"OPERATE_INCOME_QOQ":-4.985767541848,"NET_PROFIT_RATIO":-55.208517377,"ROE_AVG":-1.755590793842,"GROSS_PROFIT_QOQ":-4.448526784932,"ROA":-1.634383997241,"HOLDER_PROFIT_QOQ":-118.835905906099,"ROE_YEARLY":-3.511181587685,"ROIC_YEARLY":-3.809050875023,"TOTAL_ASSETS":18560007412.32,"TOTAL_LIABILITIES":1231558268.16,"TAX_EBT":-16.000453728306,"OCF_SALES":1.796756905318,"TOTAL_PARENT_EQUITY":17297560257.12,"DEBT_ASSET_RATIO":6.6355483637,"OPERATE_PROFIT":130022703.36,"PRETAX_PROFIT":-265740705.12,"NETCASH_OPERATE":10032311.52,"NETCASH_INVEST":15861885.6,"NETCASH_FINANCE":-212354704.32,"END_CASH":2535100175.52,"DIVI_RATIO":-1.889115897975,"DIVIDEND_RATE":7.849829351536,"CURRENT_RATIO":7.55754516677,"COMMON_ACS":400000000,"CURRENTDEBT_DEBT":38.425708911608,"ISSUED_COMMON_SHARES":289425000,"HK_COMMON_SHARES":289425000,"PER_SHARES":1000,"TOTAL_MARKET_CAP":3392061000,"HKSK_MARKET_CAP":3392061000,"PE_TTM":-8.688769864445,"PB_TTM":0.189995451842,"REPORT_DATE_SQ":"2019-06-30 00:00:00","REPORT_TYPE_SQ":"2019年中报","OPERATE_INCOME_SQ":619609632.84,"DPS_HKD":0.92,"OPERATE_INCOME_QOQ_SQ":-1.426840846058,"NET_PROFIT_RATIO_SQ":81.7896458416,"HOLDER_PROFIT_SQ":506479199.22,"HOLDER_PROFIT_QOQ_SQ":-11.543722960595,"ROE_AVG_SQ":2.98338589404,"PE_TTM_SQ":43.47944219704,"PB_TTM_SQ":0.186899545717,"ROA_SQ":2.778665498125,"START_DATE":"2020-01-01 00:00:00","FISCAL_YEAR":"12-31","CURRENCY":"HKD","IS_CNY_CODE":0,"DPS_HKD_LY":0.76,"ORG_TYPE":"一般企业","PREMIUM_INCOME":null,"PREMIUM_INCOME_YOY":null,"NET_INTEREST_INCOME":null,"NET_INTEREST_INCOME_YOY":null,"FEE_COMMISSION_INCOME":null,"FEE_COMMISSION_INCOME_YOY":null,"ACCOUNTS_RECE_TDAYS":7.588536526322,"INVENTORY_TDAYS":2.445203516695,"CURRENT_ASSETS_TDAYS":0.152976324842,"TOTAL_ASSETS_TDAYS":0.029574129831,"PREMIUM_EXPENSE":null,"LOAN_DEPOSIT":null,"LOAN_EQUITY":null,"LOAN_ASSETS":null,"DEPOSIT_EQUITY":null,"DEPOSIT_ASSETS":null,"EQUITY_MULTIPLIER":1.071071465075,"EQUITY_RATIO":0.071198379994}],"count":48},"success":true,"message":"ok","code":0}