{"version":"e4995380ce56033ed43d9de3f5ba8cb5","result":{"pages":6,"data":[{"SECUCODE":"00297.HK","SECURITY_CODE":"00297","SECURITY_NAME_ABBR":"中化化肥","ORG_CODE":"10007550","STD_REPORT_DATE":"2024-06-30 00:00:00","REPORT_DATE":"2024-06-30 00:00:00","DATE_TYPE_CODE":"002","REPORT_TYPE":"2024年中报","PER_NETCASH_OPERATE":0.172609244913,"PER_OI":1.947605981162,"BPS":1.47649446366,"BASIC_EPS":0.1496,"DILUTED_EPS":0.1496,"OPERATE_INCOME":13680872000,"OPERATE_INCOME_YOY":4.2119749752,"GROSS_PROFIT":1662576000,"GROSS_PROFIT_YOY":7.245324156348,"HOLDER_PROFIT":1050926000,"HOLDER_PROFIT_YOY":4.6823498709,"GROSS_PROFIT_RATIO":12.152558696551,"EPS_TTM":0.095744926805,"OPERATE_INCOME_QOQ":2.544835908491,"NET_PROFIT_RATIO":7.8400850472,"ROE_AVG":10.465820044034,"GROSS_PROFIT_QOQ":4.970952142177,"ROA":5.011420023144,"HOLDER_PROFIT_QOQ":7.514519246294,"ROE_YEARLY":20.931640088069,"ROIC_YEARLY":12.787769018743,"TOTAL_ASSETS":19958345000,"TOTAL_LIABILITIES":9349768000,"TAX_EBT":13.403503446205,"OCF_SALES":8.862636826074,"TOTAL_PARENT_EQUITY":10371570000,"DEBT_ASSET_RATIO":46.8464093591,"OPERATE_PROFIT":1117712000,"PRETAX_PROFIT":1238609000,"NETCASH_OPERATE":1212486000,"NETCASH_INVEST":-1275005000,"NETCASH_FINANCE":-84237000,"END_CASH":3761962000,"DIVI_RATIO":0.464728560404,"DIVIDEND_RATE":4.67619047619,"CURRENT_RATIO":1.391119148247,"COMMON_ACS":80000000000,"CURRENTDEBT_DEBT":85.629600648915,"ISSUED_COMMON_SHARES":7024455733,"HK_COMMON_SHARES":7024455733,"PER_SHARES":2000,"TOTAL_MARKET_CAP":7375678519.65,"HKSK_MARKET_CAP":7375678519.65,"PE_TTM":9.796572921035,"PB_TTM":0.649046795356,"REPORT_DATE_SQ":"2023-06-30 00:00:00","REPORT_TYPE_SQ":"2023年中报","OPERATE_INCOME_SQ":13127927000,"DPS_HKD":0.0491,"OPERATE_INCOME_QOQ_SQ":-9.47072259036,"NET_PROFIT_RATIO_SQ":8.1613723172,"HOLDER_PROFIT_SQ":1003919000,"HOLDER_PROFIT_QOQ_SQ":0.498475661606,"ROE_AVG_SQ":10.239035494787,"PE_TTM_SQ":4.91403452777,"PB_TTM_SQ":0.52548488673,"ROA_SQ":4.947706799289,"START_DATE":"2024-01-01 00:00:00","FISCAL_YEAR":"12-31","CURRENCY":"HKD","IS_CNY_CODE":0,"DPS_HKD_LY":0.0491,"ORG_TYPE":"一般企业","PREMIUM_INCOME":null,"PREMIUM_INCOME_YOY":null,"NET_INTEREST_INCOME":null,"NET_INTEREST_INCOME_YOY":null,"FEE_COMMISSION_INCOME":null,"FEE_COMMISSION_INCOME_YOY":null,"ACCOUNTS_RECE_TDAYS":22.942992477761,"INVENTORY_TDAYS":2.640768524256,"CURRENT_ASSETS_TDAYS":1.082952559529,"TOTAL_ASSETS_TDAYS":0.652382716527,"PREMIUM_EXPENSE":null,"LOAN_DEPOSIT":null,"LOAN_EQUITY":null,"LOAN_ASSETS":null,"DEPOSIT_EQUITY":null,"DEPOSIT_ASSETS":null,"EQUITY_MULTIPLIER":1.881340447451,"EQUITY_RATIO":0.901480489453},{"SECUCODE":"00297.HK","SECURITY_CODE":"00297","SECURITY_NAME_ABBR":"中化化肥","ORG_CODE":"10007550","STD_REPORT_DATE":"2023-12-31 00:00:00","REPORT_DATE":"2023-12-31 00:00:00","DATE_TYPE_CODE":"001","REPORT_TYPE":"2023年年报","PER_NETCASH_OPERATE":0.353783850943,"PER_OI":3.093210467243,"BPS":1.382518926609,"BASIC_EPS":0.0891,"DILUTED_EPS":0.0891,"OPERATE_INCOME":21728120000,"OPERATE_INCOME_YOY":-5.5410058149,"GROSS_PROFIT":2259547000,"GROSS_PROFIT_YOY":-12.300905461217,"HOLDER_PROFIT":625549000,"HOLDER_PROFIT_YOY":-44.0077299979,"GROSS_PROFIT_RATIO":10.399183178296,"EPS_TTM":0.089053020444,"OPERATE_INCOME_QOQ":4.340824192877,"NET_PROFIT_RATIO":3.1485282666,"ROE_AVG":6.511087628159,"GROSS_PROFIT_QOQ":-13.963775295342,"ROA":2.922804386582,"HOLDER_PROFIT_QOQ":-44.285453452384,"ROE_YEARLY":6.511087628159,"ROIC_YEARLY":3.563787801748,"TOTAL_ASSETS":21982901000,"TOTAL_LIABILITIES":12064117000,"TAX_EBT":19.15768078607,"OCF_SALES":11.437432230676,"TOTAL_PARENT_EQUITY":9711443000,"DEBT_ASSET_RATIO":54.879549337,"OPERATE_PROFIT":985723000,"PRETAX_PROFIT":846235000,"NETCASH_OPERATE":2485139000,"NETCASH_INVEST":-1458245000,"NETCASH_FINANCE":-478020000,"END_CASH":3907133000,"DIVI_RATIO":0.499650677519,"DIVIDEND_RATE":4.463636363636,"CURRENT_RATIO":1.328873012441,"COMMON_ACS":80000000000,"CURRENTDEBT_DEBT":88.12763503537,"ISSUED_COMMON_SHARES":7024455733,"HK_COMMON_SHARES":7024455733,"PER_SHARES":2000,"TOTAL_MARKET_CAP":7726901306.3,"HKSK_MARKET_CAP":7726901306.3,"PE_TTM":10.263076393465,"PB_TTM":0.679953785611,"REPORT_DATE_SQ":"2022-12-31 00:00:00","REPORT_TYPE_SQ":"2022年年报","OPERATE_INCOME_SQ":23002701000,"DPS_HKD":0.0491,"OPERATE_INCOME_QOQ_SQ":-5.533753754592,"NET_PROFIT_RATIO_SQ":4.890495251,"HOLDER_PROFIT_SQ":1117206000,"HOLDER_PROFIT_QOQ_SQ":-7.019057994595,"ROE_AVG_SQ":12.245695204179,"PE_TTM_SQ":5.093816278786,"PB_TTM_SQ":0.544709943562,"ROA_SQ":5.83149147162,"START_DATE":"2023-01-01 00:00:00","FISCAL_YEAR":"12-31","CURRENCY":"HKD","IS_CNY_CODE":0,"DPS_HKD_LY":0.0623,"ORG_TYPE":"一般企业","PREMIUM_INCOME":null,"PREMIUM_INCOME_YOY":null,"NET_INTEREST_INCOME":null,"NET_INTEREST_INCOME_YOY":null,"FEE_COMMISSION_INCOME":null,"FEE_COMMISSION_INCOME_YOY":null,"ACCOUNTS_RECE_TDAYS":38.579039275724,"INVENTORY_TDAYS":3.428635608559,"CURRENT_ASSETS_TDAYS":1.617870219052,"TOTAL_ASSETS_TDAYS":1.015220941096,"PREMIUM_EXPENSE":null,"LOAN_DEPOSIT":null,"LOAN_EQUITY":null,"LOAN_ASSETS":null,"DEPOSIT_EQUITY":null,"DEPOSIT_ASSETS":null,"EQUITY_MULTIPLIER":2.216289920216,"EQUITY_RATIO":1.242257921917},{"SECUCODE":"00297.HK","SECURITY_CODE":"00297","SECURITY_NAME_ABBR":"中化化肥","ORG_CODE":"10007550","STD_REPORT_DATE":"2023-06-30 00:00:00","REPORT_DATE":"2023-06-30 00:00:00","DATE_TYPE_CODE":"002","REPORT_TYPE":"2023年中报","PER_NETCASH_OPERATE":0.172915603168,"PER_OI":1.868888850467,"BPS":1.438716163093,"BASIC_EPS":0.1429,"DILUTED_EPS":0.1429,"OPERATE_INCOME":13127927000,"OPERATE_INCOME_YOY":-14.2327067499,"GROSS_PROFIT":1550255000,"GROSS_PROFIT_YOY":3.318786663805,"HOLDER_PROFIT":1003919000,"HOLDER_PROFIT_YOY":0.5578204037,"GROSS_PROFIT_RATIO":11.808833184402,"EPS_TTM":0.159838006342,"OPERATE_INCOME_QOQ":-9.47072259036,"NET_PROFIT_RATIO":8.1613723172,"ROE_AVG":10.239035494787,"GROSS_PROFIT_QOQ":1.932755464147,"ROA":4.947706799289,"HOLDER_PROFIT_QOQ":0.498475661606,"ROE_YEARLY":20.478070989575,"ROIC_YEARLY":12.135619478467,"TOTAL_ASSETS":19759373000,"TOTAL_LIABILITIES":9357471000,"TAX_EBT":7.269688613778,"OCF_SALES":9.252321406114,"TOTAL_PARENT_EQUITY":10106198000,"DEBT_ASSET_RATIO":47.3571251476,"OPERATE_PROFIT":1090885000,"PRETAX_PROFIT":1155414000,"NETCASH_OPERATE":1214638000,"NETCASH_INVEST":-984324000,"NETCASH_FINANCE":4049000,"END_CASH":3611096000,"DIVI_RATIO":0.278378109302,"DIVIDEND_RATE":4.463636363636,"CURRENT_RATIO":1.500506989329,"COMMON_ACS":80000000000,"CURRENTDEBT_DEBT":83.113097545266,"ISSUED_COMMON_SHARES":7024455733,"HK_COMMON_SHARES":7024455733,"PER_SHARES":2000,"TOTAL_MARKET_CAP":7726901306.3,"HKSK_MARKET_CAP":7726901306.3,"PE_TTM":10.263076393465,"PB_TTM":0.679953785611,"REPORT_DATE_SQ":"2022-06-30 00:00:00","REPORT_TYPE_SQ":"2022年中报","OPERATE_INCOME_SQ":15306449000,"DPS_HKD":0.0491,"OPERATE_INCOME_QOQ_SQ":7.547167144641,"NET_PROFIT_RATIO_SQ":6.5917509672,"HOLDER_PROFIT_SQ":998350000,"HOLDER_PROFIT_QOQ_SQ":38.648322432646,"ROE_AVG_SQ":10.992778305661,"PE_TTM_SQ":5.093816278786,"PB_TTM_SQ":0.544709943562,"ROA_SQ":5.495372748626,"START_DATE":"2023-01-01 00:00:00","FISCAL_YEAR":"12-31","CURRENCY":"HKD","IS_CNY_CODE":0,"DPS_HKD_LY":0.0623,"ORG_TYPE":"一般企业","PREMIUM_INCOME":null,"PREMIUM_INCOME_YOY":null,"NET_INTEREST_INCOME":null,"NET_INTEREST_INCOME_YOY":null,"FEE_COMMISSION_INCOME":null,"FEE_COMMISSION_INCOME_YOY":null,"ACCOUNTS_RECE_TDAYS":22.535163324195,"INVENTORY_TDAYS":2.315811139431,"CURRENT_ASSETS_TDAYS":1.075985461821,"TOTAL_ASSETS_TDAYS":0.6469957604,"PREMIUM_EXPENSE":null,"LOAN_DEPOSIT":null,"LOAN_EQUITY":null,"LOAN_ASSETS":null,"DEPOSIT_EQUITY":null,"DEPOSIT_ASSETS":null,"EQUITY_MULTIPLIER":1.899592305329,"EQUITY_RATIO":0.925914077678},{"SECUCODE":"00297.HK","SECURITY_CODE":"00297","SECURITY_NAME_ABBR":"中化化肥","ORG_CODE":"10007550","STD_REPORT_DATE":"2022-12-31 00:00:00","REPORT_DATE":"2022-12-31 00:00:00","DATE_TYPE_CODE":"001","REPORT_TYPE":"2022年年报","PER_NETCASH_OPERATE":0.285207577092,"PER_OI":3.274659542936,"BPS":1.352907949203,"BASIC_EPS":0.159,"DILUTED_EPS":0.159,"OPERATE_INCOME":23002701000,"OPERATE_INCOME_YOY":1.5957717448,"GROSS_PROFIT":2576477000,"GROSS_PROFIT_YOY":31.452774027782,"HOLDER_PROFIT":1117206000,"HOLDER_PROFIT_YOY":28.9165162726,"GROSS_PROFIT_RATIO":11.200758554398,"EPS_TTM":0.159045204706,"OPERATE_INCOME_QOQ":-5.533753754592,"NET_PROFIT_RATIO":4.890495251,"ROE_AVG":12.245695204179,"GROSS_PROFIT_QOQ":17.77911362026,"ROA":5.83149147162,"HOLDER_PROFIT_QOQ":-7.019057994595,"ROE_YEARLY":12.245695204179,"ROIC_YEARLY":6.734747614699,"TOTAL_ASSETS":20821811000,"TOTAL_LIABILITIES":11090165000,"TAX_EBT":5.205679842727,"OCF_SALES":8.70953371954,"TOTAL_PARENT_EQUITY":9503442000,"DEBT_ASSET_RATIO":53.2622498591,"OPERATE_PROFIT":1053144000,"PRETAX_PROFIT":1186723000,"NETCASH_OPERATE":2003428000,"NETCASH_INVEST":-152992000,"NETCASH_FINANCE":185092000,"END_CASH":3356184000,"DIVI_RATIO":0.279765756424,"DIVIDEND_RATE":4.463636363636,"CURRENT_RATIO":1.336787837865,"COMMON_ACS":80000000000,"CURRENTDEBT_DEBT":85.879542820147,"ISSUED_COMMON_SHARES":7024455733,"HK_COMMON_SHARES":7024455733,"PER_SHARES":2000,"TOTAL_MARKET_CAP":7726901306.3,"HKSK_MARKET_CAP":7726901306.3,"PE_TTM":10.263076393465,"PB_TTM":0.679953785611,"REPORT_DATE_SQ":"2021-12-31 00:00:00","REPORT_TYPE_SQ":"2021年年报","OPERATE_INCOME_SQ":22641396000,"DPS_HKD":0.0491,"OPERATE_INCOME_QOQ_SQ":0.945336699932,"NET_PROFIT_RATIO_SQ":3.8889254002,"HOLDER_PROFIT_SQ":866612000,"HOLDER_PROFIT_QOQ_SQ":0.810099017272,"ROE_AVG_SQ":10.349839063784,"PE_TTM_SQ":5.093816278786,"PB_TTM_SQ":0.544709943562,"ROA_SQ":5.008807628703,"START_DATE":"2022-01-01 00:00:00","FISCAL_YEAR":"12-31","CURRENCY":"HKD","IS_CNY_CODE":0,"DPS_HKD_LY":0.0528,"ORG_TYPE":"一般企业","PREMIUM_INCOME":null,"PREMIUM_INCOME_YOY":null,"NET_INTEREST_INCOME":null,"NET_INTEREST_INCOME_YOY":null,"FEE_COMMISSION_INCOME":null,"FEE_COMMISSION_INCOME_YOY":null,"ACCOUNTS_RECE_TDAYS":33.255506754412,"INVENTORY_TDAYS":3.900241523617,"CURRENT_ASSETS_TDAYS":2.006246368739,"TOTAL_ASSETS_TDAYS":1.200674313472,"PREMIUM_EXPENSE":null,"LOAN_DEPOSIT":null,"LOAN_EQUITY":null,"LOAN_ASSETS":null,"DEPOSIT_EQUITY":null,"DEPOSIT_ASSETS":null,"EQUITY_MULTIPLIER":2.139598070051,"EQUITY_RATIO":1.16696298036},{"SECUCODE":"00297.HK","SECURITY_CODE":"00297","SECURITY_NAME_ABBR":"中化化肥","ORG_CODE":"10007550","STD_REPORT_DATE":"2022-06-30 00:00:00","REPORT_DATE":"2022-06-30 00:00:00","DATE_TYPE_CODE":"002","REPORT_TYPE":"2022年中报","PER_NETCASH_OPERATE":0.259180934324,"PER_OI":2.179022771557,"BPS":1.341125256971,"BASIC_EPS":0.1421,"DILUTED_EPS":0.1421,"OPERATE_INCOME":15306449000,"OPERATE_INCOME_YOY":12.5667458347,"GROSS_PROFIT":1500458000,"GROSS_PROFIT_YOY":17.876204916294,"HOLDER_PROFIT":998350000,"HOLDER_PROFIT_YOY":50.4855905544,"GROSS_PROFIT_RATIO":9.802783127556,"EPS_TTM":0.171051401798,"OPERATE_INCOME_QOQ":7.547167144641,"NET_PROFIT_RATIO":6.5917509672,"ROE_AVG":10.992778305661,"GROSS_PROFIT_QOQ":11.609579990225,"ROA":5.495372748626,"HOLDER_PROFIT_QOQ":38.648322432646,"ROE_YEARLY":21.985556611322,"ROIC_YEARLY":12.611262798139,"TOTAL_ASSETS":18839712000,"TOTAL_LIABILITIES":9183263000,"TAX_EBT":4.239616640709,"OCF_SALES":11.894365571009,"TOTAL_PARENT_EQUITY":9420675000,"DEBT_ASSET_RATIO":48.7441793165,"OPERATE_PROFIT":971800000,"PRETAX_PROFIT":1053633000,"NETCASH_OPERATE":1820605000,"NETCASH_INVEST":-645592000,"NETCASH_FINANCE":367124000,"END_CASH":2878537000,"DIVI_RATIO":0.260128835731,"DIVIDEND_RATE":4.463636363636,"CURRENT_RATIO":1.44704262007,"COMMON_ACS":80000000000,"CURRENTDEBT_DEBT":82.336779421432,"ISSUED_COMMON_SHARES":7024455733,"HK_COMMON_SHARES":7024455733,"PER_SHARES":2000,"TOTAL_MARKET_CAP":7726901306.3,"HKSK_MARKET_CAP":7726901306.3,"PE_TTM":10.263076393465,"PB_TTM":0.679953785611,"REPORT_DATE_SQ":"2021-06-30 00:00:00","REPORT_TYPE_SQ":"2021年中报","OPERATE_INCOME_SQ":13597665000,"DPS_HKD":0.0491,"OPERATE_INCOME_QOQ_SQ":4.904521546027,"NET_PROFIT_RATIO_SQ":4.9619254482,"HOLDER_PROFIT_SQ":663419000,"HOLDER_PROFIT_QOQ_SQ":33.470377627415,"ROE_AVG_SQ":8.000707187267,"PE_TTM_SQ":5.093816278786,"PB_TTM_SQ":0.544709943562,"ROA_SQ":3.948614838623,"START_DATE":"2022-01-01 00:00:00","FISCAL_YEAR":"12-31","CURRENCY":"HKD","IS_CNY_CODE":0,"DPS_HKD_LY":0.0528,"ORG_TYPE":"一般企业","PREMIUM_INCOME":null,"PREMIUM_INCOME_YOY":null,"NET_INTEREST_INCOME":null,"NET_INTEREST_INCOME_YOY":null,"FEE_COMMISSION_INCOME":null,"FEE_COMMISSION_INCOME_YOY":null,"ACCOUNTS_RECE_TDAYS":20.362606326511,"INVENTORY_TDAYS":3.063192871449,"CURRENT_ASSETS_TDAYS":1.448058229419,"TOTAL_ASSETS_TDAYS":0.842536612539,"PREMIUM_EXPENSE":null,"LOAN_DEPOSIT":null,"LOAN_EQUITY":null,"LOAN_ASSETS":null,"DEPOSIT_EQUITY":null,"DEPOSIT_ASSETS":null,"EQUITY_MULTIPLIER":1.950997928947,"EQUITY_RATIO":0.974798833417},{"SECUCODE":"00297.HK","SECURITY_CODE":"00297","SECURITY_NAME_ABBR":"中化化肥","ORG_CODE":"10007550","STD_REPORT_DATE":"2021-12-31 00:00:00","REPORT_DATE":"2021-12-31 00:00:00","DATE_TYPE_CODE":"001","REPORT_TYPE":"2021年年报","PER_NETCASH_OPERATE":0.223300147317,"PER_OI":3.223224241223,"BPS":1.244661270898,"BASIC_EPS":0.1234,"DILUTED_EPS":0.1234,"OPERATE_INCOME":22641396000,"OPERATE_INCOME_YOY":5.8962224881,"GROSS_PROFIT":1960002000,"GROSS_PROFIT_YOY":-1.35788781283,"HOLDER_PROFIT":866612000,"HOLDER_PROFIT_YOY":34.5516198449,"GROSS_PROFIT_RATIO":8.656718870162,"EPS_TTM":0.123370697025,"OPERATE_INCOME_QOQ":0.945336699932,"NET_PROFIT_RATIO":3.8889254002,"ROE_AVG":10.349839063784,"GROSS_PROFIT_QOQ":-11.406172452229,"ROA":5.008807628703,"HOLDER_PROFIT_QOQ":0.810099017272,"ROE_YEARLY":10.349839063784,"ROIC_YEARLY":5.395552796179,"TOTAL_ASSETS":17494493000,"TOTAL_LIABILITIES":8510769000,"TAX_EBT":2.179149048685,"OCF_SALES":6.92785020853,"TOTAL_PARENT_EQUITY":8743068000,"DEBT_ASSET_RATIO":48.6482746313,"OPERATE_PROFIT":693576000,"PRETAX_PROFIT":900122000,"NETCASH_OPERATE":1568562000,"NETCASH_INVEST":-103934000,"NETCASH_FINANCE":-911396000,"END_CASH":1313892000,"DIVI_RATIO":0.360664266905,"DIVIDEND_RATE":4.463636363636,"CURRENT_RATIO":1.424812906598,"COMMON_ACS":80000000000,"CURRENTDEBT_DEBT":84.109003545978,"ISSUED_COMMON_SHARES":7024455733,"HK_COMMON_SHARES":7024455733,"PER_SHARES":2000,"TOTAL_MARKET_CAP":7726901306.3,"HKSK_MARKET_CAP":7726901306.3,"PE_TTM":10.263076393465,"PB_TTM":0.679953785611,"REPORT_DATE_SQ":"2020-12-31 00:00:00","REPORT_TYPE_SQ":"2020年年报","OPERATE_INCOME_SQ":21380740000,"DPS_HKD":0.0491,"OPERATE_INCOME_QOQ_SQ":0.184514933958,"NET_PROFIT_RATIO_SQ":3.056138375,"HOLDER_PROFIT_SQ":644074000,"HOLDER_PROFIT_QOQ_SQ":4.573085590705,"ROE_AVG_SQ":8.176556253734,"PE_TTM_SQ":5.093816278786,"PB_TTM_SQ":0.544709943562,"ROA_SQ":3.790587399093,"START_DATE":"2021-01-01 00:00:00","FISCAL_YEAR":"12-31","CURRENCY":"HKD","IS_CNY_CODE":0,"DPS_HKD_LY":0.0327,"ORG_TYPE":"一般企业","PREMIUM_INCOME":null,"PREMIUM_INCOME_YOY":null,"NET_INTEREST_INCOME":null,"NET_INTEREST_INCOME_YOY":null,"FEE_COMMISSION_INCOME":null,"FEE_COMMISSION_INCOME_YOY":null,"ACCOUNTS_RECE_TDAYS":34.880622882681,"INVENTORY_TDAYS":4.085387536003,"CURRENT_ASSETS_TDAYS":2.324934784671,"TOTAL_ASSETS_TDAYS":1.308617893697,"PREMIUM_EXPENSE":null,"LOAN_DEPOSIT":null,"LOAN_EQUITY":null,"LOAN_ASSETS":null,"DEPOSIT_EQUITY":null,"DEPOSIT_ASSETS":null,"EQUITY_MULTIPLIER":1.947354237506,"EQUITY_RATIO":0.973430493735},{"SECUCODE":"00297.HK","SECURITY_CODE":"00297","SECURITY_NAME_ABBR":"中化化肥","ORG_CODE":"10007550","STD_REPORT_DATE":"2021-06-30 00:00:00","REPORT_DATE":"2021-06-30 00:00:00","DATE_TYPE_CODE":"002","REPORT_TYPE":"2021年中报","PER_NETCASH_OPERATE":0.073259768381,"PER_OI":1.935760650625,"BPS":1.221545316271,"BASIC_EPS":0.0944,"DILUTED_EPS":0.0944,"OPERATE_INCOME":13597665000,"OPERATE_INCOME_YOY":8.3561996207,"GROSS_PROFIT":1272910000,"GROSS_PROFIT_YOY":21.513402262619,"HOLDER_PROFIT":663419000,"HOLDER_PROFIT_YOY":48.1358505733,"GROSS_PROFIT_RATIO":9.361239595181,"EPS_TTM":0.12237930349,"OPERATE_INCOME_QOQ":4.904521546027,"NET_PROFIT_RATIO":4.9619254482,"ROE_AVG":8.000707187267,"GROSS_PROFIT_QOQ":11.341969206581,"ROA":3.948614838623,"HOLDER_PROFIT_QOQ":33.470377627415,"ROE_YEARLY":16.001414374534,"ROIC_YEARLY":8.733391119854,"TOTAL_ASSETS":16493587000,"TOTAL_LIABILITIES":7675848000,"TAX_EBT":3.119198080493,"OCF_SALES":3.784546832122,"TOTAL_PARENT_EQUITY":8580691000,"DEBT_ASSET_RATIO":46.5383788257,"OPERATE_PROFIT":589198000,"PRETAX_PROFIT":696429000,"NETCASH_OPERATE":514610000,"NETCASH_INVEST":755168000,"NETCASH_FINANCE":22850000,"END_CASH":2054388000,"DIVI_RATIO":0.363586004587,"DIVIDEND_RATE":4.463636363636,"CURRENT_RATIO":1.269008397478,"COMMON_ACS":80000000000,"CURRENTDEBT_DEBT":94.907103423622,"ISSUED_COMMON_SHARES":7024455733,"HK_COMMON_SHARES":7024455733,"PER_SHARES":2000,"TOTAL_MARKET_CAP":7726901306.3,"HKSK_MARKET_CAP":7726901306.3,"PE_TTM":10.263076393465,"PB_TTM":0.679953785611,"REPORT_DATE_SQ":"2020-06-30 00:00:00","REPORT_TYPE_SQ":"2020年中报","OPERATE_INCOME_SQ":12549042000,"DPS_HKD":0.0491,"OPERATE_INCOME_QOQ_SQ":-7.013132620003,"NET_PROFIT_RATIO_SQ":3.6083471551,"HOLDER_PROFIT_SQ":447845000,"HOLDER_PROFIT_QOQ_SQ":0.022898271586,"ROE_AVG_SQ":5.720911567209,"PE_TTM_SQ":5.093816278786,"PB_TTM_SQ":0.544709943562,"ROA_SQ":2.636500082861,"START_DATE":"2021-01-01 00:00:00","FISCAL_YEAR":"12-31","CURRENCY":"HKD","IS_CNY_CODE":0,"DPS_HKD_LY":0.0327,"ORG_TYPE":"一般企业","PREMIUM_INCOME":null,"PREMIUM_INCOME_YOY":null,"NET_INTEREST_INCOME":null,"NET_INTEREST_INCOME_YOY":null,"FEE_COMMISSION_INCOME":null,"FEE_COMMISSION_INCOME_YOY":null,"ACCOUNTS_RECE_TDAYS":14.517012910616,"INVENTORY_TDAYS":2.733058883677,"CURRENT_ASSETS_TDAYS":1.468241979323,"TOTAL_ASSETS_TDAYS":0.80932173769,"PREMIUM_EXPENSE":null,"LOAN_DEPOSIT":null,"LOAN_EQUITY":null,"LOAN_ASSETS":null,"DEPOSIT_EQUITY":null,"DEPOSIT_ASSETS":null,"EQUITY_MULTIPLIER":1.870500703186,"EQUITY_RATIO":0.894548935511},{"SECUCODE":"00297.HK","SECURITY_CODE":"00297","SECURITY_NAME_ABBR":"中化化肥","ORG_CODE":"10007550","STD_REPORT_DATE":"2020-12-31 00:00:00","REPORT_DATE":"2020-12-31 00:00:00","DATE_TYPE_CODE":"001","REPORT_TYPE":"2020年年报","PER_NETCASH_OPERATE":0.140989143877,"PER_OI":3.04375752552,"BPS":1.139350620775,"BASIC_EPS":0.0917,"DILUTED_EPS":0.0917,"OPERATE_INCOME":21380740000,"OPERATE_INCOME_YOY":-6.8415579631,"GROSS_PROFIT":1986983000,"GROSS_PROFIT_YOY":-4.730664043022,"HOLDER_PROFIT":644074000,"HOLDER_PROFIT_YOY":4.5970310199,"GROSS_PROFIT_RATIO":9.293331287879,"EPS_TTM":0.09169023544,"OPERATE_INCOME_QOQ":0.184514933958,"NET_PROFIT_RATIO":3.056138375,"ROE_AVG":8.176556253734,"GROSS_PROFIT_QOQ":-1.345672429082,"ROA":3.790587399093,"HOLDER_PROFIT_QOQ":4.573085590705,"ROE_YEARLY":8.176556253734,"ROIC_YEARLY":4.093260582079,"TOTAL_ASSETS":17109032000,"TOTAL_LIABILITIES":8942481000,"TAX_EBT":2.726790940569,"OCF_SALES":4.632075409925,"TOTAL_PARENT_EQUITY":8003318000,"DEBT_ASSET_RATIO":52.2676034506,"OPERATE_PROFIT":628966000,"PRETAX_PROFIT":671742000,"NETCASH_OPERATE":990372000,"NETCASH_INVEST":-676717000,"NETCASH_FINANCE":-879071000,"END_CASH":762548000,"DIVI_RATIO":0.485279613322,"DIVIDEND_RATE":4.463636363636,"CURRENT_RATIO":1.086791685897,"COMMON_ACS":80000000000,"CURRENTDEBT_DEBT":95.4636638311,"ISSUED_COMMON_SHARES":7024455733,"HK_COMMON_SHARES":7024455733,"PER_SHARES":2000,"TOTAL_MARKET_CAP":7726901306.3,"HKSK_MARKET_CAP":7726901306.3,"PE_TTM":10.263076393465,"PB_TTM":0.679953785611,"REPORT_DATE_SQ":"2019-12-31 00:00:00","REPORT_TYPE_SQ":"2019年年报","OPERATE_INCOME_SQ":22950942000,"DPS_HKD":0.0491,"OPERATE_INCOME_QOQ_SQ":-4.837517871257,"NET_PROFIT_RATIO_SQ":2.8074316078,"HOLDER_PROFIT_SQ":615767000,"HOLDER_PROFIT_QOQ_SQ":3.792558831015,"ROE_AVG_SQ":8.159045518068,"PE_TTM_SQ":5.093816278786,"PB_TTM_SQ":0.544709943562,"ROA_SQ":3.571609622448,"START_DATE":"2020-01-01 00:00:00","FISCAL_YEAR":"12-31","CURRENCY":"HKD","IS_CNY_CODE":0,"DPS_HKD_LY":0.0294,"ORG_TYPE":"一般企业","PREMIUM_INCOME":null,"PREMIUM_INCOME_YOY":null,"NET_INTEREST_INCOME":null,"NET_INTEREST_INCOME_YOY":null,"FEE_COMMISSION_INCOME":null,"FEE_COMMISSION_INCOME_YOY":null,"ACCOUNTS_RECE_TDAYS":43.750235318191,"INVENTORY_TDAYS":3.625581740329,"CURRENT_ASSETS_TDAYS":2.14708057359,"TOTAL_ASSETS_TDAYS":1.258326894538,"PREMIUM_EXPENSE":null,"LOAN_DEPOSIT":null,"LOAN_EQUITY":null,"LOAN_ASSETS":null,"DEPOSIT_EQUITY":null,"DEPOSIT_ASSETS":null,"EQUITY_MULTIPLIER":2.095013182431,"EQUITY_RATIO":1.117346705454},{"SECUCODE":"00297.HK","SECURITY_CODE":"00297","SECURITY_NAME_ABBR":"中化化肥","ORG_CODE":"10007550","STD_REPORT_DATE":"2020-06-30 00:00:00","REPORT_DATE":"2020-06-30 00:00:00","DATE_TYPE_CODE":"002","REPORT_TYPE":"2020年中报","PER_NETCASH_OPERATE":0.211874920502,"PER_OI":1.786478906977,"BPS":1.125436090779,"BASIC_EPS":0.0638,"DILUTED_EPS":0.0638,"OPERATE_INCOME":12549042000,"OPERATE_INCOME_YOY":-11.3681967073,"GROSS_PROFIT":1047547000,"GROSS_PROFIT_YOY":-6.394551379714,"HOLDER_PROFIT":447845000,"HOLDER_PROFIT_YOY":0.0314940228,"GROSS_PROFIT_RATIO":8.347625260956,"EPS_TTM":0.087680529768,"OPERATE_INCOME_QOQ":-7.013132620003,"NET_PROFIT_RATIO":3.6083471551,"ROE_AVG":5.720911567209,"GROSS_PROFIT_QOQ":-3.431163839728,"ROA":2.636500082861,"HOLDER_PROFIT_QOQ":0.022898271586,"ROE_YEARLY":11.441823134419,"ROIC_YEARLY":5.841331695021,"TOTAL_ASSETS":17098915000,"TOTAL_LIABILITIES":9029144000,"TAX_EBT":2.596980765177,"OCF_SALES":11.85991727496,"TOTAL_PARENT_EQUITY":7905576000,"DEBT_ASSET_RATIO":52.8053622116,"OPERATE_PROFIT":494955000,"PRETAX_PROFIT":464886000,"NETCASH_OPERATE":1488306000,"NETCASH_INVEST":-1672006000,"NETCASH_FINANCE":151942000,"END_CASH":1303860000,"DIVI_RATIO":0.507471865394,"DIVIDEND_RATE":4.463636363636,"CURRENT_RATIO":1.253238797416,"COMMON_ACS":80000000000,"CURRENTDEBT_DEBT":95.521003984431,"ISSUED_COMMON_SHARES":7024455733,"HK_COMMON_SHARES":7024455733,"PER_SHARES":2000,"TOTAL_MARKET_CAP":7726901306.3,"HKSK_MARKET_CAP":7726901306.3,"PE_TTM":10.263076393465,"PB_TTM":0.679953785611,"REPORT_DATE_SQ":"2019-06-30 00:00:00","REPORT_TYPE_SQ":"2019年中报","OPERATE_INCOME_SQ":14158622000,"DPS_HKD":0.0491,"OPERATE_INCOME_QOQ_SQ":4.876034991326,"NET_PROFIT_RATIO_SQ":3.2645408572,"HOLDER_PROFIT_SQ":447704000,"HOLDER_PROFIT_QOQ_SQ":28.834970009946,"ROE_AVG_SQ":5.981635061394,"PE_TTM_SQ":5.093816278786,"PB_TTM_SQ":0.544709943562,"ROA_SQ":2.529797965201,"START_DATE":"2020-01-01 00:00:00","FISCAL_YEAR":"12-31","CURRENCY":"HKD","IS_CNY_CODE":0,"DPS_HKD_LY":0.0294,"ORG_TYPE":"一般企业","PREMIUM_INCOME":null,"PREMIUM_INCOME_YOY":null,"NET_INTEREST_INCOME":null,"NET_INTEREST_INCOME_YOY":null,"FEE_COMMISSION_INCOME":null,"FEE_COMMISSION_INCOME_YOY":null,"ACCOUNTS_RECE_TDAYS":24.610042252099,"INVENTORY_TDAYS":2.403294341991,"CURRENT_ASSETS_TDAYS":1.170226384754,"TOTAL_ASSETS_TDAYS":0.738772349202,"PREMIUM_EXPENSE":null,"LOAN_DEPOSIT":null,"LOAN_EQUITY":null,"LOAN_ASSETS":null,"DEPOSIT_EQUITY":null,"DEPOSIT_ASSETS":null,"EQUITY_MULTIPLIER":2.118884786199,"EQUITY_RATIO":1.142123483475}],"count":51},"success":true,"message":"ok","code":0}