{"version":"d54f8ab7e619fc1f2dad0fa010c3b30a","result":{"pages":6,"data":[{"SECUCODE":"00296.HK","SECURITY_CODE":"00296","SECURITY_NAME_ABBR":"英皇娱乐酒店","ORG_CODE":"10007549","STD_REPORT_DATE":"2024-06-30 00:00:00","REPORT_DATE":"2024-09-30 00:00:00","DATE_TYPE_CODE":"002","REPORT_TYPE":"2024年中报","PER_NETCASH_OPERATE":0.068920497043,"PER_OI":0.309508664661,"BPS":2.698931125782,"BASIC_EPS":-0.1352685,"DILUTED_EPS":null,"OPERATE_INCOME":367848257.11,"OPERATE_INCOME_YOY":9.7010249115,"GROSS_PROFIT":144141211.81,"GROSS_PROFIT_YOY":17.49561048885,"HOLDER_PROFIT":-160413110.57,"HOLDER_PROFIT_YOY":-1604.677719506,"GROSS_PROFIT_RATIO":39.184965274118,"EPS_TTM":0.046441493911,"OPERATE_INCOME_QOQ":0,"NET_PROFIT_RATIO":-55.3275362887,"ROE_AVG":-4.867050340343,"GROSS_PROFIT_QOQ":0,"ROA":-3.674708277953,"HOLDER_PROFIT_QOQ":0,"ROE_YEARLY":-9.734100680686,"ROIC_YEARLY":-9.789059721585,"TOTAL_ASSETS":4345808974.68,"TOTAL_LIABILITIES":442283807.29,"TAX_EBT":-1.845701185942,"OCF_SALES":22.267711670985,"TOTAL_PARENT_EQUITY":3207655306.73,"DEBT_ASSET_RATIO":10.1772491581,"OPERATE_PROFIT":-199356009.93,"PRETAX_PROFIT":-199833056.84,"NETCASH_OPERATE":81911389.28,"NETCASH_INVEST":-418935562.4,"NETCASH_FINANCE":-17162867.28,"END_CASH":186697583.7,"DIVI_RATIO":0.292803888396,"DIVIDEND_RATE":5.263157894737,"CURRENT_RATIO":0.885166721921,"COMMON_ACS":2000000000000,"CURRENTDEBT_DEBT":67.036462358115,"ISSUED_COMMON_SHARES":1188490983,"HK_COMMON_SHARES":1188490983,"PER_SHARES":5000,"TOTAL_MARKET_CAP":338719930.155,"HKSK_MARKET_CAP":338719930.155,"PE_TTM":-2.629404829646,"PB_TTM":0.095226642705,"REPORT_DATE_SQ":"2023-06-30 00:00:00","REPORT_TYPE_SQ":"2023年中报","OPERATE_INCOME_SQ":341208786.31,"DPS_HKD":0.015,"OPERATE_INCOME_QOQ_SQ":0,"NET_PROFIT_RATIO_SQ":3.2519625535,"HOLDER_PROFIT_SQ":10848221.86,"HOLDER_PROFIT_QOQ_SQ":0,"ROE_AVG_SQ":0.319710264939,"PE_TTM_SQ":7.289987700251,"PB_TTM_SQ":0.136381907007,"ROA_SQ":0.244141189688,"START_DATE":"2024-04-01 00:00:00","FISCAL_YEAR":"3-31","CURRENCY":"HKD","IS_CNY_CODE":0,"DPS_HKD_LY":0.015,"ORG_TYPE":"一般企业","PREMIUM_INCOME":null,"PREMIUM_INCOME_YOY":null,"NET_INTEREST_INCOME":null,"NET_INTEREST_INCOME_YOY":null,"FEE_COMMISSION_INCOME":null,"FEE_COMMISSION_INCOME_YOY":null,"ACCOUNTS_RECE_TDAYS":5.433244757015,"INVENTORY_TDAYS":20.757258806794,"CURRENT_ASSETS_TDAYS":0.81876802118,"TOTAL_ASSETS_TDAYS":0.084265870204,"PREMIUM_EXPENSE":null,"LOAN_DEPOSIT":null,"LOAN_EQUITY":null,"LOAN_ASSETS":null,"DEPOSIT_EQUITY":null,"DEPOSIT_ASSETS":null,"EQUITY_MULTIPLIER":1.113303690465,"EQUITY_RATIO":0.137883832581},{"SECUCODE":"00296.HK","SECURITY_CODE":"00296","SECURITY_NAME_ABBR":"英皇娱乐酒店","ORG_CODE":"10007549","STD_REPORT_DATE":"2023-12-31 00:00:00","REPORT_DATE":"2024-03-31 00:00:00","DATE_TYPE_CODE":"001","REPORT_TYPE":"2023年年报","PER_NETCASH_OPERATE":0.112796728177,"PER_OI":0.602028518798,"BPS":2.862459634959,"BASIC_EPS":0.0453275,"DILUTED_EPS":null,"OPERATE_INCOME":715505466.1,"OPERATE_INCOME_YOY":171.1131873907,"GROSS_PROFIT":279080510.95,"GROSS_PROFIT_YOY":375.566194629976,"HOLDER_PROFIT":55195296.75,"HOLDER_PROFIT_YOY":162.0060697409,"GROSS_PROFIT_RATIO":39.00466511754,"EPS_TTM":0.055257705443,"OPERATE_INCOME_QOQ":0,"NET_PROFIT_RATIO":7.9607278698,"ROE_AVG":1.635702233687,"GROSS_PROFIT_QOQ":0,"ROA":1.255348012428,"HOLDER_PROFIT_QOQ":0,"ROE_YEARLY":1.635702233687,"ROIC_YEARLY":1.736762339542,"TOTAL_ASSETS":4407994215.2,"TOTAL_LIABILITIES":263108006.5,"TAX_EBT":-77.438576673256,"OCF_SALES":18.736110442413,"TOTAL_PARENT_EQUITY":3402007465.35,"DEBT_ASSET_RATIO":5.9688827538,"OPERATE_PROFIT":33073663.65,"PRETAX_PROFIT":32100935.5,"NETCASH_OPERATE":134057894.35,"NETCASH_INVEST":66076616.4,"NETCASH_FINANCE":-1183047.75,"END_CASH":543739624.5,"DIVI_RATIO":0.246087851297,"DIVIDEND_RATE":5.172413793103,"CURRENT_RATIO":3.513643699689,"COMMON_ACS":2000000000000,"CURRENTDEBT_DEBT":69.169968645557,"ISSUED_COMMON_SHARES":1188490983,"HK_COMMON_SHARES":1188490983,"PER_SHARES":5000,"TOTAL_MARKET_CAP":344662385.07,"HKSK_MARKET_CAP":344662385.07,"PE_TTM":-2.675534738938,"PB_TTM":0.096897285559,"REPORT_DATE_SQ":"2022-12-31 00:00:00","REPORT_TYPE_SQ":"2022年年报","OPERATE_INCOME_SQ":254848483.79,"DPS_HKD":0.015,"OPERATE_INCOME_QOQ_SQ":0,"NET_PROFIT_RATIO_SQ":-43.9672436358,"HOLDER_PROFIT_SQ":-85958258.72,"HOLDER_PROFIT_QOQ_SQ":0,"ROE_AVG_SQ":-2.623270707661,"PE_TTM_SQ":7.032694016713,"PB_TTM_SQ":0.131568427936,"ROA_SQ":-1.990081614181,"START_DATE":"2023-04-01 00:00:00","FISCAL_YEAR":"3-31","CURRENCY":"HKD","IS_CNY_CODE":0,"DPS_HKD_LY":null,"ORG_TYPE":"一般企业","PREMIUM_INCOME":null,"PREMIUM_INCOME_YOY":null,"NET_INTEREST_INCOME":null,"NET_INTEREST_INCOME_YOY":null,"FEE_COMMISSION_INCOME":null,"FEE_COMMISSION_INCOME_YOY":null,"ACCOUNTS_RECE_TDAYS":12.118348828104,"INVENTORY_TDAYS":40.853105906314,"CURRENT_ASSETS_TDAYS":1.240847269234,"TOTAL_ASSETS_TDAYS":0.162732772109,"PREMIUM_EXPENSE":null,"LOAN_DEPOSIT":null,"LOAN_EQUITY":null,"LOAN_ASSETS":null,"DEPOSIT_EQUITY":null,"DEPOSIT_ASSETS":null,"EQUITY_MULTIPLIER":1.063477739376,"EQUITY_RATIO":0.077339044426},{"SECUCODE":"00296.HK","SECURITY_CODE":"00296","SECURITY_NAME_ABBR":"英皇娱乐酒店","ORG_CODE":"10007549","STD_REPORT_DATE":"2023-06-30 00:00:00","REPORT_DATE":"2023-09-30 00:00:00","DATE_TYPE_CODE":"002","REPORT_TYPE":"2023年中报","PER_NETCASH_OPERATE":0.038770065132,"PER_OI":0.28709413129,"BPS":2.859563695503,"BASIC_EPS":0.0091763,"DILUTED_EPS":null,"OPERATE_INCOME":341208786.31,"OPERATE_INCOME_YOY":242.5080368081,"GROSS_PROFIT":122677954.7,"GROSS_PROFIT_YOY":214.481256888927,"HOLDER_PROFIT":10848221.86,"HOLDER_PROFIT_YOY":107.5948553881,"GROSS_PROFIT_RATIO":35.953926048242,"EPS_TTM":-0.072325545544,"OPERATE_INCOME_QOQ":0,"NET_PROFIT_RATIO":3.2519625535,"ROE_AVG":0.319710264939,"GROSS_PROFIT_QOQ":0,"ROA":0.244141189688,"HOLDER_PROFIT_QOQ":0,"ROE_YEARLY":0.639420529877,"ROIC_YEARLY":0.666927487855,"TOTAL_ASSETS":4447610377.35,"TOTAL_LIABILITIES":298624330.9,"TAX_EBT":38.494404883011,"OCF_SALES":13.504304305381,"TOTAL_PARENT_EQUITY":3398565667.42,"DEBT_ASSET_RATIO":6.7142646402,"OPERATE_PROFIT":18592101.43,"PRETAX_PROFIT":18040605.8,"NETCASH_OPERATE":46077872.82,"NETCASH_INVEST":-89035803.64,"NETCASH_FINANCE":-989205.14,"END_CASH":305055081.94,"DIVI_RATIO":-0.188014482264,"DIVIDEND_RATE":5.172413793103,"CURRENT_RATIO":2.473235693328,"COMMON_ACS":2000000000000,"CURRENTDEBT_DEBT":75.615032418646,"ISSUED_COMMON_SHARES":1188490983,"HK_COMMON_SHARES":1188490983,"PER_SHARES":5000,"TOTAL_MARKET_CAP":344662385.07,"HKSK_MARKET_CAP":344662385.07,"PE_TTM":-2.675534738938,"PB_TTM":0.096897285559,"REPORT_DATE_SQ":"2022-06-30 00:00:00","REPORT_TYPE_SQ":"2022年中报","OPERATE_INCOME_SQ":98188719.72,"DPS_HKD":0.015,"OPERATE_INCOME_QOQ_SQ":0,"NET_PROFIT_RATIO_SQ":-226.8184032026,"HOLDER_PROFIT_SQ":-140783321.52,"HOLDER_PROFIT_QOQ_SQ":0,"ROE_AVG_SQ":-4.190685364625,"PE_TTM_SQ":7.032694016713,"PB_TTM_SQ":0.131568427936,"ROA_SQ":-3.168230499363,"START_DATE":"2023-04-01 00:00:00","FISCAL_YEAR":"3-31","CURRENCY":"HKD","IS_CNY_CODE":0,"DPS_HKD_LY":null,"ORG_TYPE":"一般企业","PREMIUM_INCOME":null,"PREMIUM_INCOME_YOY":null,"NET_INTEREST_INCOME":null,"NET_INTEREST_INCOME_YOY":null,"FEE_COMMISSION_INCOME":null,"FEE_COMMISSION_INCOME_YOY":null,"ACCOUNTS_RECE_TDAYS":5.868685832432,"INVENTORY_TDAYS":20.429527322639,"CURRENT_ASSETS_TDAYS":0.632719111219,"TOTAL_ASSETS_TDAYS":0.076789652808,"PREMIUM_EXPENSE":null,"LOAN_DEPOSIT":null,"LOAN_EQUITY":null,"LOAN_ASSETS":null,"DEPOSIT_EQUITY":null,"DEPOSIT_ASSETS":null,"EQUITY_MULTIPLIER":1.071975255534,"EQUITY_RATIO":0.087867753671},{"SECUCODE":"00296.HK","SECURITY_CODE":"00296","SECURITY_NAME_ABBR":"英皇娱乐酒店","ORG_CODE":"10007549","STD_REPORT_DATE":"2022-12-31 00:00:00","REPORT_DATE":"2023-03-31 00:00:00","DATE_TYPE_CODE":"001","REPORT_TYPE":"2022年年报","PER_NETCASH_OPERATE":-0.035122732134,"PER_OI":0.214430304845,"BPS":2.719287894606,"BASIC_EPS":-0.0700328,"DILUTED_EPS":null,"OPERATE_INCOME":254848483.79,"OPERATE_INCOME_YOY":-30.001635032,"GROSS_PROFIT":-101275307.49,"GROSS_PROFIT_YOY":-49.970017911795,"HOLDER_PROFIT":-85958258.72,"HOLDER_PROFIT_YOY":81.4141888298,"GROSS_PROFIT_RATIO":-39.739419275279,"EPS_TTM":-0.420115353631,"OPERATE_INCOME_QOQ":0,"NET_PROFIT_RATIO":-43.9672436358,"ROE_AVG":-2.623270707661,"GROSS_PROFIT_QOQ":0,"ROA":-1.990081614181,"HOLDER_PROFIT_QOQ":0,"ROE_YEARLY":-2.623270707661,"ROIC_YEARLY":-2.896196235346,"TOTAL_ASSETS":4234984088.15,"TOTAL_LIABILITIES":287477640.72,"TAX_EBT":29.365766978826,"OCF_SALES":-16.379556126532,"TOTAL_PARENT_EQUITY":3231849142.92,"DEBT_ASSET_RATIO":6.7881634201,"OPERATE_PROFIT":-157663091.82,"PRETAX_PROFIT":-158633921.51,"NETCASH_OPERATE":-41743050.44,"NETCASH_INVEST":-207792570.06,"NETCASH_FINANCE":-5004718.97,"END_CASH":332944685.3,"DIVI_RATIO":-0.032367895823,"DIVIDEND_RATE":5.172413793103,"CURRENT_RATIO":2.238285554059,"COMMON_ACS":2000000000000,"CURRENTDEBT_DEBT":77.106933177422,"ISSUED_COMMON_SHARES":1188490983,"HK_COMMON_SHARES":1188490983,"PER_SHARES":5000,"TOTAL_MARKET_CAP":344662385.07,"HKSK_MARKET_CAP":344662385.07,"PE_TTM":-2.675534738938,"PB_TTM":0.096897285559,"REPORT_DATE_SQ":"2021-12-31 00:00:00","REPORT_TYPE_SQ":"2021年年报","OPERATE_INCOME_SQ":337294192.94,"DPS_HKD":0.015,"OPERATE_INCOME_QOQ_SQ":0,"NET_PROFIT_RATIO_SQ":-154.9060577936,"HOLDER_PROFIT_SQ":-428470370.17,"HOLDER_PROFIT_QOQ_SQ":0,"ROE_AVG_SQ":-12.841759874596,"PE_TTM_SQ":7.032694016713,"PB_TTM_SQ":0.131568427936,"ROA_SQ":-9.694521386255,"START_DATE":"2022-04-01 00:00:00","FISCAL_YEAR":"3-31","CURRENCY":"HKD","IS_CNY_CODE":0,"DPS_HKD_LY":null,"ORG_TYPE":"一般企业","PREMIUM_INCOME":null,"PREMIUM_INCOME_YOY":null,"NET_INTEREST_INCOME":null,"NET_INTEREST_INCOME_YOY":null,"FEE_COMMISSION_INCOME":null,"FEE_COMMISSION_INCOME_YOY":null,"ACCOUNTS_RECE_TDAYS":3.16038647343,"INVENTORY_TDAYS":34.880219497556,"CURRENT_ASSETS_TDAYS":0.343168781813,"TOTAL_ASSETS_TDAYS":0.059001809663,"PREMIUM_EXPENSE":null,"LOAN_DEPOSIT":null,"LOAN_EQUITY":null,"LOAN_ASSETS":null,"DEPOSIT_EQUITY":null,"DEPOSIT_ASSETS":null,"EQUITY_MULTIPLIER":1.072825122529,"EQUITY_RATIO":0.088951441731},{"SECUCODE":"00296.HK","SECURITY_CODE":"00296","SECURITY_NAME_ABBR":"英皇娱乐酒店","ORG_CODE":"10007549","STD_REPORT_DATE":"2022-06-30 00:00:00","REPORT_DATE":"2022-09-30 00:00:00","DATE_TYPE_CODE":"002","REPORT_TYPE":"2022年中报","PER_NETCASH_OPERATE":-0.041293307212,"PER_OI":0.082616293371,"BPS":2.765732296885,"BASIC_EPS":-0.1175772,"DILUTED_EPS":null,"OPERATE_INCOME":98188719.72,"OPERATE_INCOME_YOY":14.3018140343,"GROSS_PROFIT":-107159860.08,"GROSS_PROFIT_YOY":-201.194211988129,"HOLDER_PROFIT":-140783321.52,"HOLDER_PROFIT_YOY":-85.3777629573,"GROSS_PROFIT_RATIO":-54.252147159098,"EPS_TTM":-0.357862047174,"OPERATE_INCOME_QOQ":0,"NET_PROFIT_RATIO":-226.8184032026,"ROE_AVG":-4.190685364625,"GROSS_PROFIT_QOQ":0,"ROA":-3.168230499363,"HOLDER_PROFIT_QOQ":0,"ROE_YEARLY":-8.381370729251,"ROIC_YEARLY":-9.232209115841,"TOTAL_ASSETS":4337473556.64,"TOTAL_LIABILITIES":315987820.56,"TAX_EBT":2.833995735521,"OCF_SALES":-64.458725840748,"TOTAL_PARENT_EQUITY":3287047896.24,"DEBT_ASSET_RATIO":7.2850662127,"OPERATE_PROFIT":-177220495.8,"PRETAX_PROFIT":-177728791.08,"NETCASH_OPERATE":-49076723.28,"NETCASH_INVEST":-187058994.12,"NETCASH_FINANCE":-4964471.16,"END_CASH":365866782.12,"DIVI_RATIO":-0.037998581038,"DIVIDEND_RATE":5.172413793103,"CURRENT_RATIO":1.959555276005,"COMMON_ACS":2000000000000,"CURRENTDEBT_DEBT":80.090104014609,"ISSUED_COMMON_SHARES":1188490983,"HK_COMMON_SHARES":1188490983,"PER_SHARES":5000,"TOTAL_MARKET_CAP":344662385.07,"HKSK_MARKET_CAP":344662385.07,"PE_TTM":-2.675534738938,"PB_TTM":0.096897285559,"REPORT_DATE_SQ":"2021-06-30 00:00:00","REPORT_TYPE_SQ":"2021年中报","OPERATE_INCOME_SQ":61353202.88,"DPS_HKD":0.015,"OPERATE_INCOME_QOQ_SQ":0,"NET_PROFIT_RATIO_SQ":-46.053568151,"HOLDER_PROFIT_SQ":-69950382.08,"HOLDER_PROFIT_QOQ_SQ":0,"ROE_AVG_SQ":-1.932427185896,"PE_TTM_SQ":7.032694016713,"PB_TTM_SQ":0.131568427936,"ROA_SQ":-1.452906630833,"START_DATE":"2022-04-01 00:00:00","FISCAL_YEAR":"3-31","CURRENCY":"HKD","IS_CNY_CODE":0,"DPS_HKD_LY":null,"ORG_TYPE":"一般企业","PREMIUM_INCOME":null,"PREMIUM_INCOME_YOY":null,"NET_INTEREST_INCOME":null,"NET_INTEREST_INCOME_YOY":null,"FEE_COMMISSION_INCOME":null,"FEE_COMMISSION_INCOME_YOY":null,"ACCOUNTS_RECE_TDAYS":1.30066972576,"INVENTORY_TDAYS":11.247379818103,"CURRENT_ASSETS_TDAYS":0.100322965082,"TOTAL_ASSETS_TDAYS":0.017134025342,"PREMIUM_EXPENSE":null,"LOAN_DEPOSIT":null,"LOAN_EQUITY":null,"LOAN_ASSETS":null,"DEPOSIT_EQUITY":null,"DEPOSIT_ASSETS":null,"EQUITY_MULTIPLIER":1.078574895274,"EQUITY_RATIO":0.09613118839},{"SECUCODE":"00296.HK","SECURITY_CODE":"00296","SECURITY_NAME_ABBR":"英皇娱乐酒店","ORG_CODE":"10007549","STD_REPORT_DATE":"2021-12-31 00:00:00","REPORT_DATE":"2022-03-31 00:00:00","DATE_TYPE_CODE":"001","REPORT_TYPE":"2021年年报","PER_NETCASH_OPERATE":-0.109179296426,"PER_OI":0.281710939166,"BPS":2.58925692594,"BASIC_EPS":-0.3568444,"DILUTED_EPS":null,"OPERATE_INCOME":337294192.94,"OPERATE_INCOME_YOY":37.7793973928,"GROSS_PROFIT":-67530369.67,"GROSS_PROFIT_YOY":22.758836266012,"HOLDER_PROFIT":-428470370.17,"HOLDER_PROFIT_YOY":-197.5159931522,"GROSS_PROFIT_RATIO":-20.021207326867,"EPS_TTM":-0.0796979084,"OPERATE_INCOME_QOQ":0,"NET_PROFIT_RATIO":-154.9060577936,"ROE_AVG":-12.841759874596,"GROSS_PROFIT_QOQ":0,"ROA":-9.694521386255,"HOLDER_PROFIT_QOQ":0,"ROE_YEARLY":-12.841759874596,"ROIC_YEARLY":-21.89343301024,"TOTAL_ASSETS":4079723357.23,"TOTAL_LIABILITIES":315233098.92,"TAX_EBT":11.124523200232,"OCF_SALES":-38.75578873463,"TOTAL_PARENT_EQUITY":3077308509.15,"DEBT_ASSET_RATIO":7.7268253584,"OPERATE_PROFIT":-586341576.77,"PRETAX_PROFIT":-587888983.85,"NETCASH_OPERATE":-130721024.83,"NETCASH_INVEST":-740642717.35,"NETCASH_FINANCE":-93701662.37,"END_CASH":544266377.97,"DIVI_RATIO":-0.170622419998,"DIVIDEND_RATE":5.172413793103,"CURRENT_RATIO":3.654812696708,"COMMON_ACS":2000000000000,"CURRENTDEBT_DEBT":79.536239490393,"ISSUED_COMMON_SHARES":1188490983,"HK_COMMON_SHARES":1188490983,"PER_SHARES":5000,"TOTAL_MARKET_CAP":344662385.07,"HKSK_MARKET_CAP":344662385.07,"PE_TTM":-2.675534738938,"PB_TTM":0.096897285559,"REPORT_DATE_SQ":"2020-12-31 00:00:00","REPORT_TYPE_SQ":"2020年年报","OPERATE_INCOME_SQ":255121808.9,"DPS_HKD":0.015,"OPERATE_INCOME_QOQ_SQ":0,"NET_PROFIT_RATIO_SQ":-74.3565619254,"HOLDER_PROFIT_SQ":-150083683.68,"HOLDER_PROFIT_QOQ_SQ":0,"ROE_AVG_SQ":-3.88975692524,"PE_TTM_SQ":7.032694016713,"PB_TTM_SQ":0.131568427936,"ROA_SQ":-2.923753563086,"START_DATE":"2021-04-01 00:00:00","FISCAL_YEAR":"3-31","CURRENCY":"HKD","IS_CNY_CODE":0,"DPS_HKD_LY":0.08,"ORG_TYPE":"一般企业","PREMIUM_INCOME":null,"PREMIUM_INCOME_YOY":null,"NET_INTEREST_INCOME":null,"NET_INTEREST_INCOME_YOY":null,"FEE_COMMISSION_INCOME":null,"FEE_COMMISSION_INCOME_YOY":null,"ACCOUNTS_RECE_TDAYS":2.760150785118,"INVENTORY_TDAYS":42.0310710677,"CURRENT_ASSETS_TDAYS":0.181297689958,"TOTAL_ASSETS_TDAYS":0.076315796717,"PREMIUM_EXPENSE":null,"LOAN_DEPOSIT":null,"LOAN_EQUITY":null,"LOAN_ASSETS":null,"DEPOSIT_EQUITY":null,"DEPOSIT_ASSETS":null,"EQUITY_MULTIPLIER":1.083738588039,"EQUITY_RATIO":0.102437925214},{"SECUCODE":"00296.HK","SECURITY_CODE":"00296","SECURITY_NAME_ABBR":"英皇娱乐酒店","ORG_CODE":"10007549","STD_REPORT_DATE":"2021-06-30 00:00:00","REPORT_DATE":"2021-09-30 00:00:00","DATE_TYPE_CODE":"002","REPORT_TYPE":"2021年中报","PER_NETCASH_OPERATE":-0.044810235597,"PER_OI":0.051242709676,"BPS":2.983705005897,"BASIC_EPS":-0.0583142,"DILUTED_EPS":null,"OPERATE_INCOME":61353202.88,"OPERATE_INCOME_YOY":140.5157469717,"GROSS_PROFIT":-35578326.48,"GROSS_PROFIT_YOY":62.657312180746,"HOLDER_PROFIT":-69950382.08,"HOLDER_PROFIT_YOY":40.7883788167,"GROSS_PROFIT_RATIO":-9.907377148255,"EPS_TTM":-0.125351151511,"OPERATE_INCOME_QOQ":0,"NET_PROFIT_RATIO":-46.053568151,"ROE_AVG":-1.932427185896,"GROSS_PROFIT_QOQ":0,"ROA":-1.452906630833,"HOLDER_PROFIT_QOQ":0,"ROE_YEARLY":-3.864854371792,"ROIC_YEARLY":-6.370574935891,"TOTAL_ASSETS":4739908133.36,"TOTAL_LIABILITIES":407111423.64,"TAX_EBT":10.635703303112,"OCF_SALES":-28.831268830105,"TOTAL_PARENT_EQUITY":3546106495.44,"DEBT_ASSET_RATIO":8.589015065,"OPERATE_PROFIT":-14572718.58,"PRETAX_PROFIT":-15712344.66,"NETCASH_OPERATE":-53651563.18,"NETCASH_INVEST":-635823881.34,"NETCASH_FINANCE":-80426944.64,"END_CASH":780465589.96,"DIVI_RATIO":-0.108481253152,"DIVIDEND_RATE":5.172413793103,"CURRENT_RATIO":3.396825439608,"COMMON_ACS":2000000000000,"CURRENTDEBT_DEBT":75.919082288712,"ISSUED_COMMON_SHARES":1188490983,"HK_COMMON_SHARES":1188490983,"PER_SHARES":5000,"TOTAL_MARKET_CAP":344662385.07,"HKSK_MARKET_CAP":344662385.07,"PE_TTM":-2.675534738938,"PB_TTM":0.096897285559,"REPORT_DATE_SQ":"2020-06-30 00:00:00","REPORT_TYPE_SQ":"2020年中报","OPERATE_INCOME_SQ":81611120,"DPS_HKD":0.015,"OPERATE_INCOME_QOQ_SQ":0,"NET_PROFIT_RATIO_SQ":-187.7286675639,"HOLDER_PROFIT_SQ":-124611283.2,"HOLDER_PROFIT_QOQ_SQ":0,"ROE_AVG_SQ":-3.085122826765,"PE_TTM_SQ":7.032694016713,"PB_TTM_SQ":0.131568427936,"ROA_SQ":-2.30428899011,"START_DATE":"2021-04-01 00:00:00","FISCAL_YEAR":"3-31","CURRENCY":"HKD","IS_CNY_CODE":0,"DPS_HKD_LY":0.08,"ORG_TYPE":"一般企业","PREMIUM_INCOME":null,"PREMIUM_INCOME_YOY":null,"NET_INTEREST_INCOME":null,"NET_INTEREST_INCOME_YOY":null,"FEE_COMMISSION_INCOME":null,"FEE_COMMISSION_INCOME_YOY":null,"ACCOUNTS_RECE_TDAYS":0.467388234697,"INVENTORY_TDAYS":20.454905228077,"CURRENT_ASSETS_TDAYS":0.094685378889,"TOTAL_ASSETS_TDAYS":0.038651489888,"PREMIUM_EXPENSE":null,"LOAN_DEPOSIT":null,"LOAN_EQUITY":null,"LOAN_ASSETS":null,"DEPOSIT_EQUITY":null,"DEPOSIT_ASSETS":null,"EQUITY_MULTIPLIER":1.093960425775,"EQUITY_RATIO":0.114805188215},{"SECUCODE":"00296.HK","SECURITY_CODE":"00296","SECURITY_NAME_ABBR":"英皇娱乐酒店","ORG_CODE":"10007549","STD_REPORT_DATE":"2020-12-31 00:00:00","REPORT_DATE":"2021-03-31 00:00:00","DATE_TYPE_CODE":"001","REPORT_TYPE":"2020年年报","PER_NETCASH_OPERATE":-0.162786325578,"PER_OI":0.210918381719,"BPS":3.152964177701,"BASIC_EPS":-0.126777,"DILUTED_EPS":null,"OPERATE_INCOME":255121808.9,"OPERATE_INCOME_YOY":-73.5963017066,"GROSS_PROFIT":-87427954.74,"GROSS_PROFIT_YOY":-115.580171635564,"HOLDER_PROFIT":-150083683.68,"HOLDER_PROFIT_YOY":-167.2853001913,"GROSS_PROFIT_RATIO":-34.26910271488,"EPS_TTM":-0.035644532048,"OPERATE_INCOME_QOQ":0,"NET_PROFIT_RATIO":-74.3565619254,"ROE_AVG":-3.88975692524,"GROSS_PROFIT_QOQ":0,"ROA":-2.923753563086,"HOLDER_PROFIT_QOQ":0,"ROE_YEARLY":-3.88975692524,"ROIC_YEARLY":-10.593229438841,"TOTAL_ASSETS":4960249011.06,"TOTAL_LIABILITIES":398597030.16,"TAX_EBT":26.247424645201,"OCF_SALES":-77.179771744712,"TOTAL_PARENT_EQUITY":3747269494.92,"DEBT_ASSET_RATIO":8.0358270174,"OPERATE_PROFIT":-256167296.56,"PRETAX_PROFIT":-257211093.86,"NETCASH_OPERATE":-196902429.78,"NETCASH_INVEST":-324060605.96,"NETCASH_FINANCE":-72569690.34,"END_CASH":1572923929.36,"DIVI_RATIO":-0.381496101044,"DIVIDEND_RATE":5.172413793103,"CURRENT_RATIO":9.679202505675,"COMMON_ACS":2000000000000,"CURRENTDEBT_DEBT":75.754857806841,"ISSUED_COMMON_SHARES":1188490983,"HK_COMMON_SHARES":1188490983,"PER_SHARES":5000,"TOTAL_MARKET_CAP":344662385.07,"HKSK_MARKET_CAP":344662385.07,"PE_TTM":-2.675534738938,"PB_TTM":0.096897285559,"REPORT_DATE_SQ":"2019-12-31 00:00:00","REPORT_TYPE_SQ":"2019年年报","OPERATE_INCOME_SQ":1044569251,"DPS_HKD":0.015,"OPERATE_INCOME_QOQ_SQ":0,"NET_PROFIT_RATIO_SQ":24.7058772076,"HOLDER_PROFIT_SQ":241139135.5,"HOLDER_PROFIT_QOQ_SQ":0,"ROE_AVG_SQ":5.69208252382,"PE_TTM_SQ":7.032694016713,"PB_TTM_SQ":0.131568427936,"ROA_SQ":4.216079779863,"START_DATE":"2020-04-01 00:00:00","FISCAL_YEAR":"3-31","CURRENCY":"HKD","IS_CNY_CODE":0,"DPS_HKD_LY":0.045,"ORG_TYPE":"一般企业","PREMIUM_INCOME":null,"PREMIUM_INCOME_YOY":null,"NET_INTEREST_INCOME":null,"NET_INTEREST_INCOME_YOY":null,"FEE_COMMISSION_INCOME":null,"FEE_COMMISSION_INCOME_YOY":null,"ACCOUNTS_RECE_TDAYS":1.853201377676,"INVENTORY_TDAYS":30.237093404954,"CURRENT_ASSETS_TDAYS":0.083612047082,"TOTAL_ASSETS_TDAYS":0.049699826091,"PREMIUM_EXPENSE":null,"LOAN_DEPOSIT":null,"LOAN_EQUITY":null,"LOAN_ASSETS":null,"DEPOSIT_EQUITY":null,"DEPOSIT_ASSETS":null,"EQUITY_MULTIPLIER":1.087379973709,"EQUITY_RATIO":0.106369993058},{"SECUCODE":"00296.HK","SECURITY_CODE":"00296","SECURITY_NAME_ABBR":"英皇娱乐酒店","ORG_CODE":"10007549","STD_REPORT_DATE":"2020-06-30 00:00:00","REPORT_DATE":"2020-09-30 00:00:00","DATE_TYPE_CODE":"002","REPORT_TYPE":"2020年中报","PER_NETCASH_OPERATE":-0.101482596384,"PER_OI":0.067030290227,"BPS":3.324450332965,"BASIC_EPS":-0.1054464,"DILUTED_EPS":null,"OPERATE_INCOME":81611120,"OPERATE_INCOME_YOY":-86.3002281943,"GROSS_PROFIT":-95275216,"GROSS_PROFIT_YOY":-125.885292625267,"HOLDER_PROFIT":-124611283.2,"HOLDER_PROFIT_YOY":-180.0282167043,"GROSS_PROFIT_RATIO":-116.742934051144,"EPS_TTM":0.195374435642,"OPERATE_INCOME_QOQ":0,"NET_PROFIT_RATIO":-187.7286675639,"ROE_AVG":-3.085122826765,"GROSS_PROFIT_QOQ":0,"ROA":-2.30428899011,"HOLDER_PROFIT_QOQ":0,"ROE_YEARLY":-6.170245653531,"ROIC_YEARLY":-16.699123446159,"TOTAL_ASSETS":5298764199.68,"TOTAL_LIABILITIES":488392576,"TAX_EBT":4.297351000648,"OCF_SALES":-151.398115746972,"TOTAL_PARENT_EQUITY":3951079244.16,"DEBT_ASSET_RATIO":9.217103415,"OPERATE_PROFIT":-159432320.64,"PRETAX_PROFIT":-160086967.04,"NETCASH_OPERATE":-123557697.92,"NETCASH_INVEST":-908881185.28,"NETCASH_FINANCE":-51075600,"END_CASH":1168915522.56,"DIVI_RATIO":0.069600968803,"DIVIDEND_RATE":5.172413793103,"CURRENT_RATIO":8.249118845058,"COMMON_ACS":2000000000000,"CURRENTDEBT_DEBT":78.714285714286,"ISSUED_COMMON_SHARES":1188490983,"HK_COMMON_SHARES":1188490983,"PER_SHARES":5000,"TOTAL_MARKET_CAP":344662385.07,"HKSK_MARKET_CAP":344662385.07,"PE_TTM":-2.675534738938,"PB_TTM":0.096897285559,"REPORT_DATE_SQ":"2019-06-30 00:00:00","REPORT_TYPE_SQ":"2019年中报","OPERATE_INCOME_SQ":611500541.31,"DPS_HKD":0.015,"OPERATE_INCOME_QOQ_SQ":0,"NET_PROFIT_RATIO_SQ":29.5339791218,"HOLDER_PROFIT_SQ":159836172,"HOLDER_PROFIT_QOQ_SQ":0,"ROE_AVG_SQ":3.83912173374,"PE_TTM_SQ":7.032694016713,"PB_TTM_SQ":0.131568427936,"ROA_SQ":2.801691544987,"START_DATE":"2020-04-01 00:00:00","FISCAL_YEAR":"3-31","CURRENCY":"HKD","IS_CNY_CODE":0,"DPS_HKD_LY":0.045,"ORG_TYPE":"一般企业","PREMIUM_INCOME":null,"PREMIUM_INCOME_YOY":null,"NET_INTEREST_INCOME":null,"NET_INTEREST_INCOME_YOY":null,"FEE_COMMISSION_INCOME":null,"FEE_COMMISSION_INCOME_YOY":null,"ACCOUNTS_RECE_TDAYS":0.602436991415,"INVENTORY_TDAYS":13.692946058091,"CURRENT_ASSETS_TDAYS":0.025199315393,"TOTAL_ASSETS_TDAYS":0.015091378602,"PREMIUM_EXPENSE":null,"LOAN_DEPOSIT":null,"LOAN_EQUITY":null,"LOAN_ASSETS":null,"DEPOSIT_EQUITY":null,"DEPOSIT_ASSETS":null,"EQUITY_MULTIPLIER":1.101529073886,"EQUITY_RATIO":0.123609916638}],"count":48},"success":true,"message":"ok","code":0}