{"version":"2e4074d2aac5a44402fe5e6568feb3cc","result":{"pages":6,"data":[{"SECUCODE":"00295.HK","SECURITY_CODE":"00295","SECURITY_NAME_ABBR":"江山控股","ORG_CODE":"10007548","STD_REPORT_DATE":"2024-06-30 00:00:00","REPORT_DATE":"2024-06-30 00:00:00","DATE_TYPE_CODE":"002","REPORT_TYPE":"2024年中报","PER_NETCASH_OPERATE":-0.001046280206,"PER_OI":0.015308756054,"BPS":0.17949930287,"BASIC_EPS":-0.0109,"DILUTED_EPS":-0.0109,"OPERATE_INCOME":229087000,"OPERATE_INCOME_YOY":-1.5348709264,"GROSS_PROFIT":118550000,"GROSS_PROFIT_YOY":22.388090518665,"HOLDER_PROFIT":-163727000,"HOLDER_PROFIT_YOY":-3043.1560760223,"GROSS_PROFIT_RATIO":51.748898889941,"EPS_TTM":-0.033032837633,"OPERATE_INCOME_QOQ":-0.75211723846,"NET_PROFIT_RATIO":-79.7356462829,"ROE_AVG":-5.923706058243,"GROSS_PROFIT_QOQ":9.873069638695,"ROA":-2.954692738267,"HOLDER_PROFIT_QOQ":-47.206075044669,"ROE_YEARLY":-11.847412116486,"ROIC_YEARLY":-6.178155294607,"TOTAL_ASSETS":5360001000,"TOTAL_LIABILITIES":2604543000,"TAX_EBT":-2.609848442292,"OCF_SALES":-6.834521382706,"TOTAL_PARENT_EQUITY":2686107000,"DEBT_ASSET_RATIO":48.5922110835,"OPERATE_PROFIT":-93482000,"PRETAX_PROFIT":-178018000,"NETCASH_OPERATE":-15657000,"NETCASH_INVEST":-2084000,"NETCASH_FINANCE":-196158000,"END_CASH":71795000,"DIVI_RATIO":null,"DIVIDEND_RATE":null,"CURRENT_RATIO":1.465683110218,"COMMON_ACS":null,"CURRENTDEBT_DEBT":76.370710715853,"ISSUED_COMMON_SHARES":14964442519,"HK_COMMON_SHARES":14964442519,"PER_SHARES":25000,"TOTAL_MARKET_CAP":239431080.304,"HKSK_MARKET_CAP":239431080.304,"PE_TTM":-0.4398946533,"PB_TTM":0.081353407877,"REPORT_DATE_SQ":"2023-06-30 00:00:00","REPORT_TYPE_SQ":"2023年中报","OPERATE_INCOME_SQ":232658000,"DPS_HKD":null,"OPERATE_INCOME_QOQ_SQ":-9.415054514177,"NET_PROFIT_RATIO_SQ":-1.7966285277,"HOLDER_PROFIT_SQ":-5209000,"HOLDER_PROFIT_QOQ_SQ":29.128656596966,"ROE_AVG_SQ":-0.155688076891,"PE_TTM_SQ":-1.501464556378,"PB_TTM_SQ":0.094851974959,"ROA_SQ":-0.087126969368,"START_DATE":"2024-01-01 00:00:00","FISCAL_YEAR":"12-31","CURRENCY":"HKD","IS_CNY_CODE":0,"DPS_HKD_LY":null,"ORG_TYPE":"一般企业","PREMIUM_INCOME":null,"PREMIUM_INCOME_YOY":null,"NET_INTEREST_INCOME":null,"NET_INTEREST_INCOME_YOY":null,"FEE_COMMISSION_INCOME":null,"FEE_COMMISSION_INCOME_YOY":null,"ACCOUNTS_RECE_TDAYS":0.14028288415,"INVENTORY_TDAYS":6.903169398907,"CURRENT_ASSETS_TDAYS":0.074229004126,"TOTAL_ASSETS_TDAYS":0.041342093566,"PREMIUM_EXPENSE":null,"LOAN_DEPOSIT":null,"LOAN_EQUITY":null,"LOAN_ASSETS":null,"DEPOSIT_EQUITY":null,"DEPOSIT_ASSETS":null,"EQUITY_MULTIPLIER":1.94523052066,"EQUITY_RATIO":0.969634865625},{"SECUCODE":"00295.HK","SECURITY_CODE":"00295","SECURITY_NAME_ABBR":"江山控股","ORG_CODE":"10007548","STD_REPORT_DATE":"2023-12-31 00:00:00","REPORT_DATE":"2023-12-31 00:00:00","DATE_TYPE_CODE":"001","REPORT_TYPE":"2023年年报","PER_NETCASH_OPERATE":-0.011191195381,"PER_OI":0.031728078035,"BPS":0.189900158084,"BASIC_EPS":-0.0224,"DILUTED_EPS":-0.0224,"OPERATE_INCOME":474793000,"OPERATE_INCOME_YOY":-14.5636256651,"GROSS_PROFIT":219648000,"GROSS_PROFIT_YOY":-17.946572328336,"HOLDER_PROFIT":-335800000,"HOLDER_PROFIT_YOY":-13.8776036191,"GROSS_PROFIT_RATIO":46.261844635452,"EPS_TTM":-0.022439860327,"OPERATE_INCOME_QOQ":-5.683694043563,"NET_PROFIT_RATIO":-69.2194282561,"ROE_AVG":-10.853587113773,"GROSS_PROFIT_QOQ":-6.132129899101,"ROA":-5.727336322134,"HOLDER_PROFIT_QOQ":-60.682157485741,"ROE_YEARLY":-10.853587113773,"ROIC_YEARLY":-6.109273396716,"TOTAL_ASSETS":5722505000,"TOTAL_LIABILITIES":2792467000,"TAX_EBT":-4.657953901319,"OCF_SALES":-35.272213364561,"TOTAL_PARENT_EQUITY":2841750000,"DEBT_ASSET_RATIO":48.7979827016,"OPERATE_PROFIT":-206503000,"PRETAX_PROFIT":-314022000,"NETCASH_OPERATE":-167470000,"NETCASH_INVEST":82302000,"NETCASH_FINANCE":37882000,"END_CASH":254778000,"DIVI_RATIO":null,"DIVIDEND_RATE":null,"CURRENT_RATIO":1.605940581367,"COMMON_ACS":null,"CURRENTDEBT_DEBT":72.628181461052,"ISSUED_COMMON_SHARES":14964442519,"HK_COMMON_SHARES":14964442519,"PER_SHARES":25000,"TOTAL_MARKET_CAP":314253292.899,"HKSK_MARKET_CAP":314253292.899,"PE_TTM":-0.577361732456,"PB_TTM":0.106776347838,"REPORT_DATE_SQ":"2022-12-31 00:00:00","REPORT_TYPE_SQ":"2022年年报","OPERATE_INCOME_SQ":555727000,"DPS_HKD":null,"OPERATE_INCOME_QOQ_SQ":-22.17362686609,"NET_PROFIT_RATIO_SQ":-52.2412983353,"HOLDER_PROFIT_SQ":-294878000,"HOLDER_PROFIT_QOQ_SQ":66.288638343504,"ROE_AVG_SQ":-8.39618723727,"PE_TTM_SQ":-2.154275233064,"PB_TTM_SQ":0.136091964072,"ROA_SQ":-4.141956812559,"START_DATE":"2023-01-01 00:00:00","FISCAL_YEAR":"12-31","CURRENCY":"HKD","IS_CNY_CODE":0,"DPS_HKD_LY":null,"ORG_TYPE":"一般企业","PREMIUM_INCOME":null,"PREMIUM_INCOME_YOY":null,"NET_INTEREST_INCOME":null,"NET_INTEREST_INCOME_YOY":null,"FEE_COMMISSION_INCOME":null,"FEE_COMMISSION_INCOME_YOY":null,"ACCOUNTS_RECE_TDAYS":0.252636614279,"INVENTORY_TDAYS":30.178603110769,"CURRENT_ASSETS_TDAYS":0.169950467371,"TOTAL_ASSETS_TDAYS":0.08097972586,"PREMIUM_EXPENSE":null,"LOAN_DEPOSIT":null,"LOAN_EQUITY":null,"LOAN_ASSETS":null,"DEPOSIT_EQUITY":null,"DEPOSIT_ASSETS":null,"EQUITY_MULTIPLIER":1.953048049205,"EQUITY_RATIO":0.982657517375},{"SECUCODE":"00295.HK","SECURITY_CODE":"00295","SECURITY_NAME_ABBR":"江山控股","ORG_CODE":"10007548","STD_REPORT_DATE":"2023-06-30 00:00:00","REPORT_DATE":"2023-06-30 00:00:00","DATE_TYPE_CODE":"002","REPORT_TYPE":"2023年中报","PER_NETCASH_OPERATE":-0.015074400514,"PER_OI":0.015547388398,"BPS":0.223564559505,"BASIC_EPS":-0.0003,"DILUTED_EPS":-0.0003,"OPERATE_INCOME":232658000,"OPERATE_INCOME_YOY":-18.3598849042,"GROSS_PROFIT":96864000,"GROSS_PROFIT_YOY":-25.806550445786,"HOLDER_PROFIT":-5209000,"HOLDER_PROFIT_YOY":94.2822958629,"GROSS_PROFIT_RATIO":41.633642513905,"EPS_TTM":-0.013965371562,"OPERATE_INCOME_QOQ":-9.415054514177,"NET_PROFIT_RATIO":-1.7966285277,"ROE_AVG":-0.155688076891,"GROSS_PROFIT_QOQ":-12.586247473748,"ROA":-0.087126969368,"HOLDER_PROFIT_QOQ":29.128656596966,"ROE_YEARLY":-0.311376153781,"ROIC_YEARLY":-0.184444485361,"TOTAL_ASSETS":5953548000,"TOTAL_LIABILITIES":2518950000,"TAX_EBT":300.191570881226,"OCF_SALES":-96.957766335136,"TOTAL_PARENT_EQUITY":3345519000,"DEBT_ASSET_RATIO":42.3100645195,"OPERATE_PROFIT":34722000,"PRETAX_PROFIT":2088000,"NETCASH_OPERATE":-225580000,"NETCASH_INVEST":91504000,"NETCASH_FINANCE":-9907000,"END_CASH":181530000,"DIVI_RATIO":null,"DIVIDEND_RATE":null,"CURRENT_RATIO":3.059157593278,"COMMON_ACS":null,"CURRENTDEBT_DEBT":29.387641676095,"ISSUED_COMMON_SHARES":14964442519,"HK_COMMON_SHARES":14964442519,"PER_SHARES":25000,"TOTAL_MARKET_CAP":299288850.38,"HKSK_MARKET_CAP":299288850.38,"PE_TTM":-0.549868316624,"PB_TTM":0.101691759846,"REPORT_DATE_SQ":"2022-06-30 00:00:00","REPORT_TYPE_SQ":"2022年中报","OPERATE_INCOME_SQ":284980000,"DPS_HKD":null,"OPERATE_INCOME_QOQ_SQ":-28.072960526051,"NET_PROFIT_RATIO_SQ":-31.393431118,"HOLDER_PROFIT_SQ":-91103000,"HOLDER_PROFIT_QOQ_SQ":6.644695204664,"ROE_AVG_SQ":-2.518253627887,"PE_TTM_SQ":-2.023713097727,"PB_TTM_SQ":0.12784396625,"ROA_SQ":-1.228875022198,"START_DATE":"2023-01-01 00:00:00","FISCAL_YEAR":"12-31","CURRENCY":"HKD","IS_CNY_CODE":0,"DPS_HKD_LY":null,"ORG_TYPE":"一般企业","PREMIUM_INCOME":null,"PREMIUM_INCOME_YOY":null,"NET_INTEREST_INCOME":null,"NET_INTEREST_INCOME_YOY":null,"FEE_COMMISSION_INCOME":null,"FEE_COMMISSION_INCOME_YOY":null,"ACCOUNTS_RECE_TDAYS":0.113531831128,"INVENTORY_TDAYS":75.024309392265,"CURRENT_ASSETS_TDAYS":0.101266539034,"TOTAL_ASSETS_TDAYS":0.038914928852,"PREMIUM_EXPENSE":null,"LOAN_DEPOSIT":null,"LOAN_EQUITY":null,"LOAN_ASSETS":null,"DEPOSIT_EQUITY":null,"DEPOSIT_ASSETS":null,"EQUITY_MULTIPLIER":1.73340460805,"EQUITY_RATIO":0.752932504643},{"SECUCODE":"00295.HK","SECURITY_CODE":"00295","SECURITY_NAME_ABBR":"江山控股","ORG_CODE":"10007548","STD_REPORT_DATE":"2022-12-31 00:00:00","REPORT_DATE":"2022-12-31 00:00:00","DATE_TYPE_CODE":"001","REPORT_TYPE":"2022年年报","PER_NETCASH_OPERATE":0.042384205038,"PER_OI":0.03713649869,"BPS":0.223601112821,"BASIC_EPS":-0.0197,"DILUTED_EPS":-0.0197,"OPERATE_INCOME":555727000,"OPERATE_INCOME_YOY":-44.0217938748,"GROSS_PROFIT":267689000,"GROSS_PROFIT_YOY":-53.878373116379,"HOLDER_PROFIT":-294878000,"HOLDER_PROFIT_YOY":68.5286555749,"GROSS_PROFIT_RATIO":48.169154998767,"EPS_TTM":-0.019705244591,"OPERATE_INCOME_QOQ":-22.17362686609,"NET_PROFIT_RATIO":-52.2412983353,"ROE_AVG":-8.39618723727,"GROSS_PROFIT_QOQ":-26.781108366771,"ROA":-4.141956812559,"HOLDER_PROFIT_QOQ":66.288638343504,"ROE_YEARLY":-8.39618723727,"ROIC_YEARLY":-4.513845251881,"TOTAL_ASSETS":6003714000,"TOTAL_LIABILITIES":2569598000,"TAX_EBT":-5.143852583697,"OCF_SALES":114.130859216846,"TOTAL_PARENT_EQUITY":3346066000,"DEBT_ASSET_RATIO":42.8001400466,"OPERATE_PROFIT":-98733000,"PRETAX_PROFIT":-276116000,"NETCASH_OPERATE":634256000,"NETCASH_INVEST":483816000,"NETCASH_FINANCE":-1518859000,"END_CASH":301979000,"DIVI_RATIO":null,"DIVIDEND_RATE":null,"CURRENT_RATIO":2.897004527519,"COMMON_ACS":null,"CURRENTDEBT_DEBT":31.305052385626,"ISSUED_COMMON_SHARES":14964442519,"HK_COMMON_SHARES":14964442519,"PER_SHARES":25000,"TOTAL_MARKET_CAP":314253292.899,"HKSK_MARKET_CAP":314253292.899,"PE_TTM":-0.577361732456,"PB_TTM":0.106776347838,"REPORT_DATE_SQ":"2021-12-31 00:00:00","REPORT_TYPE_SQ":"2021年年报","OPERATE_INCOME_SQ":992756000,"DPS_HKD":null,"OPERATE_INCOME_QOQ_SQ":-21.684396533703,"NET_PROFIT_RATIO_SQ":-94.2164036279,"HOLDER_PROFIT_SQ":-936973000,"HOLDER_PROFIT_QOQ_SQ":-25.524384182668,"ROE_AVG_SQ":-22.580443037685,"PE_TTM_SQ":-2.154275233064,"PB_TTM_SQ":0.136091964072,"ROA_SQ":-8.31453708701,"START_DATE":"2022-01-01 00:00:00","FISCAL_YEAR":"12-31","CURRENCY":"HKD","IS_CNY_CODE":0,"DPS_HKD_LY":null,"ORG_TYPE":"一般企业","PREMIUM_INCOME":null,"PREMIUM_INCOME_YOY":null,"NET_INTEREST_INCOME":null,"NET_INTEREST_INCOME_YOY":null,"FEE_COMMISSION_INCOME":null,"FEE_COMMISSION_INCOME_YOY":null,"ACCOUNTS_RECE_TDAYS":0.239059329819,"INVENTORY_TDAYS":201.284416491964,"CURRENT_ASSETS_TDAYS":0.1812905321,"TOTAL_ASSETS_TDAYS":0.078059307021,"PREMIUM_EXPENSE":null,"LOAN_DEPOSIT":null,"LOAN_EQUITY":null,"LOAN_ASSETS":null,"DEPOSIT_EQUITY":null,"DEPOSIT_ASSETS":null,"EQUITY_MULTIPLIER":1.748256028624,"EQUITY_RATIO":0.76794599987},{"SECUCODE":"00295.HK","SECURITY_CODE":"00295","SECURITY_NAME_ABBR":"江山控股","ORG_CODE":"10007548","STD_REPORT_DATE":"2022-06-30 00:00:00","REPORT_DATE":"2022-06-30 00:00:00","DATE_TYPE_CODE":"002","REPORT_TYPE":"2022年中报","PER_NETCASH_OPERATE":0.006049339953,"PER_OI":0.019043809994,"BPS":0.23772245411,"BASIC_EPS":-0.0061,"DILUTED_EPS":-0.0061,"OPERATE_INCOME":284980000,"OPERATE_INCOME_YOY":-49.4425875858,"GROSS_PROFIT":130556000,"GROSS_PROFIT_YOY":-62.196361404129,"HOLDER_PROFIT":-91103000,"HOLDER_PROFIT_YOY":40.5961059454,"GROSS_PROFIT_RATIO":45.812337707909,"EPS_TTM":-0.058452829024,"OPERATE_INCOME_QOQ":-28.072960526051,"NET_PROFIT_RATIO":-31.393431118,"ROE_AVG":-2.518253627887,"GROSS_PROFIT_QOQ":-37.008569981289,"ROA":-1.228875022198,"HOLDER_PROFIT_QOQ":6.644695204664,"ROE_YEARLY":-5.036507255773,"ROIC_YEARLY":-2.650368744774,"TOTAL_ASSETS":6592187000,"TOTAL_LIABILITIES":2949674000,"TAX_EBT":-9.347690577753,"OCF_SALES":31.765387044705,"TOTAL_PARENT_EQUITY":3557384000,"DEBT_ASSET_RATIO":44.7449988904,"OPERATE_PROFIT":25993000,"PRETAX_PROFIT":-81817000,"NETCASH_OPERATE":90525000,"NETCASH_INVEST":352064000,"NETCASH_FINANCE":-905306000,"END_CASH":209559000,"DIVI_RATIO":null,"DIVIDEND_RATE":null,"CURRENT_RATIO":2.037773655759,"COMMON_ACS":null,"CURRENTDEBT_DEBT":53.752482477725,"ISSUED_COMMON_SHARES":14964442519,"HK_COMMON_SHARES":14964442519,"PER_SHARES":25000,"TOTAL_MARKET_CAP":314253292.899,"HKSK_MARKET_CAP":314253292.899,"PE_TTM":-0.577361732456,"PB_TTM":0.106776347838,"REPORT_DATE_SQ":"2021-06-30 00:00:00","REPORT_TYPE_SQ":"2021年中报","OPERATE_INCOME_SQ":563676000,"DPS_HKD":null,"OPERATE_INCOME_QOQ_SQ":-14.245211604042,"NET_PROFIT_RATIO_SQ":-27.1961197567,"HOLDER_PROFIT_SQ":-153362000,"HOLDER_PROFIT_QOQ_SQ":-19.085125187854,"ROE_AVG_SQ":-3.375318110119,"PE_TTM_SQ":-2.154275233064,"PB_TTM_SQ":0.136091964072,"ROA_SQ":-1.188552534561,"START_DATE":"2022-01-01 00:00:00","FISCAL_YEAR":"12-31","CURRENCY":"HKD","IS_CNY_CODE":0,"DPS_HKD_LY":null,"ORG_TYPE":"一般企业","PREMIUM_INCOME":null,"PREMIUM_INCOME_YOY":null,"NET_INTEREST_INCOME":null,"NET_INTEREST_INCOME_YOY":null,"FEE_COMMISSION_INCOME":null,"FEE_COMMISSION_INCOME_YOY":null,"ACCOUNTS_RECE_TDAYS":0.106846250952,"INVENTORY_TDAYS":251.300244100895,"CURRENT_ASSETS_TDAYS":0.081059997852,"TOTAL_ASSETS_TDAYS":0.03844053476,"PREMIUM_EXPENSE":null,"LOAN_DEPOSIT":null,"LOAN_EQUITY":null,"LOAN_ASSETS":null,"DEPOSIT_EQUITY":null,"DEPOSIT_ASSETS":null,"EQUITY_MULTIPLIER":1.8097909328,"EQUITY_RATIO":0.82916941213},{"SECUCODE":"00295.HK","SECURITY_CODE":"00295","SECURITY_NAME_ABBR":"江山控股","ORG_CODE":"10007548","STD_REPORT_DATE":"2021-12-31 00:00:00","REPORT_DATE":"2021-12-31 00:00:00","DATE_TYPE_CODE":"001","REPORT_TYPE":"2021年年报","PER_NETCASH_OPERATE":0.074599170573,"PER_OI":0.066340994577,"BPS":0.245784431684,"BASIC_EPS":-0.0626,"DILUTED_EPS":-0.0626,"OPERATE_INCOME":992756000,"OPERATE_INCOME_YOY":-32.8406199665,"GROSS_PROFIT":580398000,"GROSS_PROFIT_YOY":-36.99872347077,"HOLDER_PROFIT":-936973000,"HOLDER_PROFIT_YOY":-49.4808700452,"GROSS_PROFIT_RATIO":58.463308204634,"EPS_TTM":-0.062613291395,"OPERATE_INCOME_QOQ":-21.684396533703,"NET_PROFIT_RATIO":-94.2164036279,"ROE_AVG":-22.580443037685,"GROSS_PROFIT_QOQ":-25.413957815819,"ROA":-8.31453708701,"HOLDER_PROFIT_QOQ":-25.524384182668,"ROE_YEARLY":-22.580443037685,"ROIC_YEARLY":-8.715991826825,"TOTAL_ASSETS":8234870000,"TOTAL_LIABILITIES":4473352000,"TAX_EBT":-1.727545121838,"OCF_SALES":112.448073846947,"TOTAL_PARENT_EQUITY":3678027000,"DEBT_ASSET_RATIO":54.3220718724,"OPERATE_PROFIT":-364364000,"PRETAX_PROFIT":-919455000,"NETCASH_OPERATE":1116335000,"NETCASH_INVEST":2457500000,"NETCASH_FINANCE":-3120110000,"END_CASH":702142000,"DIVI_RATIO":null,"DIVIDEND_RATE":null,"CURRENT_RATIO":1.483934576272,"COMMON_ACS":null,"CURRENTDEBT_DEBT":57.250759609349,"ISSUED_COMMON_SHARES":14964442519,"HK_COMMON_SHARES":14964442519,"PER_SHARES":25000,"TOTAL_MARKET_CAP":299288850.38,"HKSK_MARKET_CAP":299288850.38,"PE_TTM":-0.549868316624,"PB_TTM":0.101691759846,"REPORT_DATE_SQ":"2020-12-31 00:00:00","REPORT_TYPE_SQ":"2020年年报","OPERATE_INCOME_SQ":1478209000,"DPS_HKD":null,"OPERATE_INCOME_QOQ_SQ":-12.906359882729,"NET_PROFIT_RATIO_SQ":-42.3305500102,"HOLDER_PROFIT_SQ":-626818000,"HOLDER_PROFIT_QOQ_SQ":9.254790117916,"ROE_AVG_SQ":-12.496655625746,"PE_TTM_SQ":-2.023713097727,"PB_TTM_SQ":0.12784396625,"ROA_SQ":-3.801730641472,"START_DATE":"2021-01-01 00:00:00","FISCAL_YEAR":"12-31","CURRENCY":"HKD","IS_CNY_CODE":0,"DPS_HKD_LY":null,"ORG_TYPE":"一般企业","PREMIUM_INCOME":null,"PREMIUM_INCOME_YOY":null,"NET_INTEREST_INCOME":null,"NET_INTEREST_INCOME_YOY":null,"FEE_COMMISSION_INCOME":null,"FEE_COMMISSION_INCOME_YOY":null,"ACCOUNTS_RECE_TDAYS":0.32094881952,"INVENTORY_TDAYS":181.775622658144,"CURRENT_ASSETS_TDAYS":0.182051925058,"TOTAL_ASSETS_TDAYS":0.088095458251,"PREMIUM_EXPENSE":null,"LOAN_DEPOSIT":null,"LOAN_EQUITY":null,"LOAN_ASSETS":null,"DEPOSIT_EQUITY":null,"DEPOSIT_ASSETS":null,"EQUITY_MULTIPLIER":2.189241152109,"EQUITY_RATIO":1.216236857424},{"SECUCODE":"00295.HK","SECURITY_CODE":"00295","SECURITY_NAME_ABBR":"江山控股","ORG_CODE":"10007548","STD_REPORT_DATE":"2021-06-30 00:00:00","REPORT_DATE":"2021-06-30 00:00:00","DATE_TYPE_CODE":"002","REPORT_TYPE":"2021年中报","PER_NETCASH_OPERATE":0.025688962319,"PER_OI":0.037667691214,"BPS":0.298461569439,"BASIC_EPS":-0.0102,"DILUTED_EPS":-0.0102,"OPERATE_INCOME":563676000,"OPERATE_INCOME_YOY":-27.1971585405,"GROSS_PROFIT":345353000,"GROSS_PROFIT_YOY":-29.294982822935,"HOLDER_PROFIT":-153362000,"HOLDER_PROFIT_YOY":-354.6349272226,"GROSS_PROFIT_RATIO":61.267997927888,"EPS_TTM":-0.049881377075,"OPERATE_INCOME_QOQ":-14.245211604042,"NET_PROFIT_RATIO":-27.1961197567,"ROE_AVG":-3.375318110119,"GROSS_PROFIT_QOQ":-15.532082566258,"ROA":-1.188552534561,"HOLDER_PROFIT_QOQ":-19.085125187854,"ROE_YEARLY":-6.750636220239,"ROIC_YEARLY":-2.433685764342,"TOTAL_ASSETS":11503198000,"TOTAL_LIABILITIES":6954496000,"TAX_EBT":-4.724624612316,"OCF_SALES":68.198929881705,"TOTAL_PARENT_EQUITY":4466311000,"DEBT_ASSET_RATIO":60.4570659394,"OPERATE_PROFIT":137278000,"PRETAX_PROFIT":-146382000,"NETCASH_OPERATE":384421000,"NETCASH_INVEST":800707000,"NETCASH_FINANCE":-1176255000,"END_CASH":264317000,"DIVI_RATIO":null,"DIVIDEND_RATE":null,"CURRENT_RATIO":1.63187542131,"COMMON_ACS":null,"CURRENTDEBT_DEBT":40.102402819701,"ISSUED_COMMON_SHARES":14964442519,"HK_COMMON_SHARES":14964442519,"PER_SHARES":25000,"TOTAL_MARKET_CAP":299288850.38,"HKSK_MARKET_CAP":299288850.38,"PE_TTM":-0.549868316624,"PB_TTM":0.101691759846,"REPORT_DATE_SQ":"2020-06-30 00:00:00","REPORT_TYPE_SQ":"2020年中报","OPERATE_INCOME_SQ":774250000,"DPS_HKD":null,"OPERATE_INCOME_QOQ_SQ":-18.389155379804,"NET_PROFIT_RATIO_SQ":-4.3250887956,"HOLDER_PROFIT_SQ":-33733000,"HOLDER_PROFIT_QOQ_SQ":1.128495954219,"ROE_AVG_SQ":-0.632938052734,"PE_TTM_SQ":-2.023713097727,"PB_TTM_SQ":0.12784396625,"ROA_SQ":-0.194693237092,"START_DATE":"2021-01-01 00:00:00","FISCAL_YEAR":"12-31","CURRENCY":"HKD","IS_CNY_CODE":0,"DPS_HKD_LY":null,"ORG_TYPE":"一般企业","PREMIUM_INCOME":null,"PREMIUM_INCOME_YOY":null,"NET_INTEREST_INCOME":null,"NET_INTEREST_INCOME_YOY":null,"FEE_COMMISSION_INCOME":null,"FEE_COMMISSION_INCOME_YOY":null,"ACCOUNTS_RECE_TDAYS":0.14713249732,"INVENTORY_TDAYS":62.826762589928,"CURRENT_ASSETS_TDAYS":0.096709746972,"TOTAL_ASSETS_TDAYS":0.043684781006,"PREMIUM_EXPENSE":null,"LOAN_DEPOSIT":null,"LOAN_EQUITY":null,"LOAN_ASSETS":null,"DEPOSIT_EQUITY":null,"DEPOSIT_ASSETS":null,"EQUITY_MULTIPLIER":2.528896814959,"EQUITY_RATIO":1.557100703466},{"SECUCODE":"00295.HK","SECURITY_CODE":"00295","SECURITY_NAME_ABBR":"江山控股","ORG_CODE":"10007548","STD_REPORT_DATE":"2020-12-31 00:00:00","REPORT_DATE":"2020-12-31 00:00:00","DATE_TYPE_CODE":"001","REPORT_TYPE":"2020年年报","PER_NETCASH_OPERATE":0.048467158003,"PER_OI":0.098781427916,"BPS":0.308795399102,"BASIC_EPS":-0.0419,"DILUTED_EPS":-0.0419,"OPERATE_INCOME":1478209000,"OPERATE_INCOME_YOY":-28.9221446898,"GROSS_PROFIT":921248000,"GROSS_PROFIT_YOY":-16.077683310878,"HOLDER_PROFIT":-626818000,"HOLDER_PROFIT_YOY":10.2788461401,"GROSS_PROFIT_RATIO":62.321904412705,"EPS_TTM":-0.041887160127,"OPERATE_INCOME_QOQ":-12.906359882729,"NET_PROFIT_RATIO":-42.3305500102,"ROE_AVG":-12.496655625746,"GROSS_PROFIT_QOQ":-6.064116159556,"ROA":-3.801730641472,"HOLDER_PROFIT_QOQ":9.254790117916,"ROE_YEARLY":-12.496655625746,"ROIC_YEARLY":-3.864534924315,"TOTAL_ASSETS":14303318000,"TOTAL_LIABILITIES":9600510000,"TAX_EBT":-4.223860087445,"OCF_SALES":49.06505101782,"TOTAL_PARENT_EQUITY":4620951000,"DEBT_ASSET_RATIO":67.1208596495,"OPERATE_PROFIT":136676000,"PRETAX_PROFIT":-600375000,"NETCASH_OPERATE":725284000,"NETCASH_INVEST":1140658000,"NETCASH_FINANCE":-1871040000,"END_CASH":248563000,"DIVI_RATIO":null,"DIVIDEND_RATE":null,"CURRENT_RATIO":1.249177852912,"COMMON_ACS":null,"CURRENTDEBT_DEBT":59.25163350697,"ISSUED_COMMON_SHARES":14964442519,"HK_COMMON_SHARES":14964442519,"PER_SHARES":25000,"TOTAL_MARKET_CAP":299288850.38,"HKSK_MARKET_CAP":299288850.38,"PE_TTM":-0.549868316624,"PB_TTM":0.101691759846,"REPORT_DATE_SQ":"2019-12-31 00:00:00","REPORT_TYPE_SQ":"2019年年报","OPERATE_INCOME_SQ":2079704000,"DPS_HKD":null,"OPERATE_INCOME_QOQ_SQ":-4.810500163859,"NET_PROFIT_RATIO_SQ":-33.5971369003,"HOLDER_PROFIT_SQ":-698629000,"HOLDER_PROFIT_QOQ_SQ":-1600.19955708063,"ROE_AVG_SQ":-11.710096790341,"PE_TTM_SQ":-2.023713097727,"PB_TTM_SQ":0.12784396625,"ROA_SQ":-3.574262805003,"START_DATE":"2020-01-01 00:00:00","FISCAL_YEAR":"12-31","CURRENCY":"HKD","IS_CNY_CODE":0,"DPS_HKD_LY":null,"ORG_TYPE":"一般企业","PREMIUM_INCOME":null,"PREMIUM_INCOME_YOY":null,"NET_INTEREST_INCOME":null,"NET_INTEREST_INCOME_YOY":null,"FEE_COMMISSION_INCOME":null,"FEE_COMMISSION_INCOME_YOY":null,"ACCOUNTS_RECE_TDAYS":0.376426887187,"INVENTORY_TDAYS":231.104149377593,"CURRENT_ASSETS_TDAYS":0.203505737383,"TOTAL_ASSETS_TDAYS":0.089655250006,"PREMIUM_EXPENSE":null,"LOAN_DEPOSIT":null,"LOAN_EQUITY":null,"LOAN_ASSETS":null,"DEPOSIT_EQUITY":null,"DEPOSIT_ASSETS":null,"EQUITY_MULTIPLIER":3.041442049092,"EQUITY_RATIO":2.077604804725},{"SECUCODE":"00295.HK","SECURITY_CODE":"00295","SECURITY_NAME_ABBR":"江山控股","ORG_CODE":"10007548","STD_REPORT_DATE":"2020-06-30 00:00:00","REPORT_DATE":"2020-06-30 00:00:00","DATE_TYPE_CODE":"002","REPORT_TYPE":"2020年中报","PER_NETCASH_OPERATE":0.039903658238,"PER_OI":0.051739314646,"BPS":0.350721919199,"BASIC_EPS":-0.0023,"DILUTED_EPS":-0.0023,"OPERATE_INCOME":774250000,"OPERATE_INCOME_YOY":-33.063309962,"GROSS_PROFIT":488442000,"GROSS_PROFIT_YOY":-19.32725642114,"HOLDER_PROFIT":-33733000,"HOLDER_PROFIT_YOY":18.9441814643,"GROSS_PROFIT_RATIO":63.085824991928,"EPS_TTM":-0.046159086723,"OPERATE_INCOME_QOQ":-18.389155379804,"NET_PROFIT_RATIO":-4.3250887956,"ROE_AVG":-0.632938052734,"GROSS_PROFIT_QOQ":-10.660002058777,"ROA":-0.194693237092,"HOLDER_PROFIT_QOQ":1.128495954219,"ROE_YEARLY":-1.265876105467,"ROIC_YEARLY":-0.395895772132,"TOTAL_ASSETS":15980377000,"TOTAL_LIABILITIES":10649295000,"TAX_EBT":-22.60462051038,"OCF_SALES":77.124443009364,"TOTAL_PARENT_EQUITY":5248358000,"DEBT_ASSET_RATIO":66.6398233283,"OPERATE_PROFIT":364938000,"PRETAX_PROFIT":-27313000,"NETCASH_OPERATE":597136000,"NETCASH_INVEST":138674000,"NETCASH_FINANCE":-813672000,"END_CASH":181936000,"DIVI_RATIO":null,"DIVIDEND_RATE":null,"CURRENT_RATIO":2.28549037039,"COMMON_ACS":null,"CURRENTDEBT_DEBT":22.520063534722,"ISSUED_COMMON_SHARES":14964442519,"HK_COMMON_SHARES":14964442519,"PER_SHARES":25000,"TOTAL_MARKET_CAP":299288850.38,"HKSK_MARKET_CAP":299288850.38,"PE_TTM":-0.549868316624,"PB_TTM":0.101691759846,"REPORT_DATE_SQ":"2019-06-30 00:00:00","REPORT_TYPE_SQ":"2019年中报","OPERATE_INCOME_SQ":1156690000,"DPS_HKD":null,"OPERATE_INCOME_QOQ_SQ":16.150949173952,"NET_PROFIT_RATIO_SQ":-3.5367298066,"HOLDER_PROFIT_SQ":-41617000,"HOLDER_PROFIT_QOQ_SQ":-366.565034057736,"ROE_AVG_SQ":-0.658340375436,"PE_TTM_SQ":-2.023713097727,"PB_TTM_SQ":0.12784396625,"ROA_SQ":-0.205607359357,"START_DATE":"2020-01-01 00:00:00","FISCAL_YEAR":"12-31","CURRENCY":"HKD","IS_CNY_CODE":0,"DPS_HKD_LY":null,"ORG_TYPE":"一般企业","PREMIUM_INCOME":null,"PREMIUM_INCOME_YOY":null,"NET_INTEREST_INCOME":null,"NET_INTEREST_INCOME_YOY":null,"FEE_COMMISSION_INCOME":null,"FEE_COMMISSION_INCOME_YOY":null,"ACCOUNTS_RECE_TDAYS":0.162222510199,"INVENTORY_TDAYS":200.778363189322,"CURRENT_ASSETS_TDAYS":0.120013891695,"TOTAL_ASSETS_TDAYS":0.044686579557,"PREMIUM_EXPENSE":null,"LOAN_DEPOSIT":null,"LOAN_EQUITY":null,"LOAN_ASSETS":null,"DEPOSIT_EQUITY":null,"DEPOSIT_ASSETS":null,"EQUITY_MULTIPLIER":2.997586043507,"EQUITY_RATIO":2.029071759205}],"count":48},"success":true,"message":"ok","code":0}