{"version":"454a1d1b5f13c806063a9836d132151d","result":{"pages":6,"data":[{"SECUCODE":"00298.HK","SECURITY_CODE":"00298","SECURITY_NAME_ABBR":"庄士中国","ORG_CODE":"10008809","STD_REPORT_DATE":"2024-06-30 00:00:00","REPORT_DATE":"2024-09-30 00:00:00","DATE_TYPE_CODE":"002","REPORT_TYPE":"2024年中报","PER_NETCASH_OPERATE":-0.0175571683,"PER_OI":0.008045674674,"BPS":1.243261529078,"BASIC_EPS":-0.067724429,"DILUTED_EPS":-0.067724429,"OPERATE_INCOME":18883482.6,"OPERATE_INCOME_YOY":-70.3403634509,"GROSS_PROFIT":9843037.85,"GROSS_PROFIT_YOY":122.699849335801,"HOLDER_PROFIT":-158880969.36,"HOLDER_PROFIT_YOY":15.7054686379,"GROSS_PROFIT_RATIO":52.12511938873,"EPS_TTM":-0.123886092347,"OPERATE_INCOME_QOQ":0,"NET_PROFIT_RATIO":-846.8481375358,"ROE_AVG":-5.355150613611,"GROSS_PROFIT_QOQ":0,"ROA":-3.97292528001,"HOLDER_PROFIT_QOQ":0,"ROE_YEARLY":-10.710301227222,"ROIC_YEARLY":-9.710928942698,"TOTAL_ASSETS":3764293300.34,"TOTAL_LIABILITIES":766488133.77,"TAX_EBT":13.379249706917,"OCF_SALES":-218.218720152818,"TOTAL_PARENT_EQUITY":2917978715.77,"DEBT_ASSET_RATIO":20.3620725755,"OPERATE_PROFIT":-186243081.54,"PRETAX_PROFIT":-184614448.8,"NETCASH_OPERATE":-41207294.05,"NETCASH_INVEST":119415933.59,"NETCASH_FINANCE":-378121448.79,"END_CASH":431680560.47,"DIVI_RATIO":null,"DIVIDEND_RATE":null,"CURRENT_RATIO":7.260829719336,"COMMON_ACS":18000000000,"CURRENTDEBT_DEBT":35.945682341467,"ISSUED_COMMON_SHARES":2347035316,"HK_COMMON_SHARES":2347035316,"PER_SHARES":10000,"TOTAL_MARKET_CAP":230009460.968,"HKSK_MARKET_CAP":230009460.968,"PE_TTM":-0.798888066381,"PB_TTM":0.071083531448,"REPORT_DATE_SQ":"2023-06-30 00:00:00","REPORT_TYPE_SQ":"2023年中报","OPERATE_INCOME_SQ":64785595.63,"DPS_HKD":null,"OPERATE_INCOME_QOQ_SQ":0,"NET_PROFIT_RATIO_SQ":-296.70117987,"HOLDER_PROFIT_SQ":-191793846.3,"HOLDER_PROFIT_QOQ_SQ":0,"ROE_AVG_SQ":-5.764238746655,"PE_TTM_SQ":-0.850634779908,"PB_TTM_SQ":0.08658855626,"ROA_SQ":-4.091168001942,"START_DATE":"2024-04-01 00:00:00","FISCAL_YEAR":"3-31","CURRENCY":"HKD","IS_CNY_CODE":0,"DPS_HKD_LY":null,"ORG_TYPE":"一般企业","PREMIUM_INCOME":null,"PREMIUM_INCOME_YOY":null,"NET_INTEREST_INCOME":null,"NET_INTEREST_INCOME_YOY":null,"FEE_COMMISSION_INCOME":null,"FEE_COMMISSION_INCOME_YOY":null,"ACCOUNTS_RECE_TDAYS":0.597338506083,"INVENTORY_TDAYS":0.013693652838,"CURRENT_ASSETS_TDAYS":0.008808734361,"TOTAL_ASSETS_TDAYS":0.00472194157,"PREMIUM_EXPENSE":null,"LOAN_DEPOSIT":null,"LOAN_EQUITY":null,"LOAN_ASSETS":null,"DEPOSIT_EQUITY":null,"DEPOSIT_ASSETS":null,"EQUITY_MULTIPLIER":1.255683105199,"EQUITY_RATIO":0.262677767191},{"SECUCODE":"00298.HK","SECURITY_CODE":"00298","SECURITY_NAME_ABBR":"庄士中国","ORG_CODE":"10008809","STD_REPORT_DATE":"2023-12-31 00:00:00","REPORT_DATE":"2024-03-31 00:00:00","DATE_TYPE_CODE":"001","REPORT_TYPE":"2023年年报","PER_NETCASH_OPERATE":-0.076320550602,"PER_OI":0.042680596993,"BPS":1.291715817113,"BASIC_EPS":-0.123925385,"DILUTED_EPS":-0.123925385,"OPERATE_INCOME":100172868.45,"OPERATE_INCOME_YOY":75.3674019997,"GROSS_PROFIT":-87988836.45,"GROSS_PROFIT_YOY":-144.547756446428,"HOLDER_PROFIT":-290765033.9,"HOLDER_PROFIT_YOY":2.4184102201,"GROSS_PROFIT_RATIO":-87.836993999946,"EPS_TTM":-0.132142277492,"OPERATE_INCOME_QOQ":0,"NET_PROFIT_RATIO":-292.3492520294,"ROE_AVG":-8.966973046214,"GROSS_PROFIT_QOQ":0,"ROA":-6.367390435593,"HOLDER_PROFIT_QOQ":0,"ROE_YEARLY":-8.966973046214,"ROIC_YEARLY":-8.293611288525,"TOTAL_ASSETS":4256240464.85,"TOTAL_LIABILITIES":1147720403.05,"TAX_EBT":3.005818876218,"OCF_SALES":-178.81790785437,"TOTAL_PARENT_EQUITY":3031702641,"DEBT_ASSET_RATIO":26.965591172,"OPERATE_PROFIT":-306860829.15,"PRETAX_PROFIT":-301930103.7,"NETCASH_OPERATE":-179127027.6,"NETCASH_INVEST":-19616835.45,"NETCASH_FINANCE":-151177184.55,"END_CASH":726369561.3,"DIVI_RATIO":null,"DIVIDEND_RATE":null,"CURRENT_RATIO":3.266917782367,"COMMON_ACS":18000000000,"CURRENTDEBT_DEBT":61.315165268465,"ISSUED_COMMON_SHARES":2347035316,"HK_COMMON_SHARES":2347035316,"PER_SHARES":10000,"TOTAL_MARKET_CAP":230009460.968,"HKSK_MARKET_CAP":230009460.968,"PE_TTM":-0.798888066381,"PB_TTM":0.071083531448,"REPORT_DATE_SQ":"2022-12-31 00:00:00","REPORT_TYPE_SQ":"2022年年报","OPERATE_INCOME_SQ":55159584.1,"DPS_HKD":null,"OPERATE_INCOME_QOQ_SQ":0,"NET_PROFIT_RATIO_SQ":-527.9574670687,"HOLDER_PROFIT_SQ":-287735886.67,"HOLDER_PROFIT_QOQ_SQ":0,"ROE_AVG_SQ":-7.853858453154,"PE_TTM_SQ":-0.864030603214,"PB_TTM_SQ":0.087952155571,"ROA_SQ":-5.452880282313,"START_DATE":"2023-04-01 00:00:00","FISCAL_YEAR":"3-31","CURRENCY":"HKD","IS_CNY_CODE":0,"DPS_HKD_LY":null,"ORG_TYPE":"一般企业","PREMIUM_INCOME":null,"PREMIUM_INCOME_YOY":null,"NET_INTEREST_INCOME":null,"NET_INTEREST_INCOME_YOY":null,"FEE_COMMISSION_INCOME":null,"FEE_COMMISSION_INCOME_YOY":null,"ACCOUNTS_RECE_TDAYS":2.792882508309,"INVENTORY_TDAYS":0.28928327274,"CURRENT_ASSETS_TDAYS":0.039911334633,"TOTAL_ASSETS_TDAYS":0.021936604822,"PREMIUM_EXPENSE":null,"LOAN_DEPOSIT":null,"LOAN_EQUITY":null,"LOAN_ASSETS":null,"DEPOSIT_EQUITY":null,"DEPOSIT_ASSETS":null,"EQUITY_MULTIPLIER":1.369217627756,"EQUITY_RATIO":0.378572880971},{"SECUCODE":"00298.HK","SECURITY_CODE":"00298","SECURITY_NAME_ABBR":"庄士中国","ORG_CODE":"10008809","STD_REPORT_DATE":"2023-06-30 00:00:00","REPORT_DATE":"2023-09-30 00:00:00","DATE_TYPE_CODE":"002","REPORT_TYPE":"2023年中报","PER_NETCASH_OPERATE":-0.045961741255,"PER_OI":0.027603161822,"BPS":1.345893903694,"BASIC_EPS":-0.081760833,"DILUTED_EPS":-0.081760833,"OPERATE_INCOME":64785595.63,"OPERATE_INCOME_YOY":81.9238301381,"GROSS_PROFIT":-43361688.02,"GROSS_PROFIT_YOY":-272.519373497686,"HOLDER_PROFIT":-191793846.3,"HOLDER_PROFIT_YOY":-11.6005638496,"GROSS_PROFIT_RATIO":-66.931063299387,"EPS_TTM":-0.122595465313,"OPERATE_INCOME_QOQ":0,"NET_PROFIT_RATIO":-296.70117987,"ROE_AVG":-5.764238746655,"GROSS_PROFIT_QOQ":0,"ROA":-4.091168001942,"HOLDER_PROFIT_QOQ":0,"ROE_YEARLY":-11.52847749331,"ROIC_YEARLY":-10.803402598869,"TOTAL_ASSETS":4439689395.19,"TOTAL_LIABILITIES":1201955820.24,"TAX_EBT":6.014895908112,"OCF_SALES":-166.508972960723,"TOTAL_PARENT_EQUITY":3158860523.56,"DEBT_ASSET_RATIO":27.0729709502,"OPERATE_PROFIT":-207575247.04,"PRETAX_PROFIT":-204521374.4,"NETCASH_OPERATE":-107873829.91,"NETCASH_INVEST":72071577.83,"NETCASH_FINANCE":-81702104.68,"END_CASH":970904844.91,"DIVI_RATIO":null,"DIVIDEND_RATE":null,"CURRENT_RATIO":3.107911881754,"COMMON_ACS":18000000000,"CURRENTDEBT_DEBT":65.762439611314,"ISSUED_COMMON_SHARES":2347035316,"HK_COMMON_SHARES":2347035316,"PER_SHARES":10000,"TOTAL_MARKET_CAP":230009460.968,"HKSK_MARKET_CAP":230009460.968,"PE_TTM":-0.798888066381,"PB_TTM":0.071083531448,"REPORT_DATE_SQ":"2022-06-30 00:00:00","REPORT_TYPE_SQ":"2022年中报","OPERATE_INCOME_SQ":35099507.52,"DPS_HKD":null,"OPERATE_INCOME_QOQ_SQ":0,"NET_PROFIT_RATIO_SQ":-487.3196248196,"HOLDER_PROFIT_SQ":-169387140.96,"HOLDER_PROFIT_QOQ_SQ":0,"ROE_AVG_SQ":-4.441055600814,"PE_TTM_SQ":-0.864030603214,"PB_TTM_SQ":0.087952155571,"ROA_SQ":-2.957482283791,"START_DATE":"2023-04-01 00:00:00","FISCAL_YEAR":"3-31","CURRENCY":"HKD","IS_CNY_CODE":0,"DPS_HKD_LY":null,"ORG_TYPE":"一般企业","PREMIUM_INCOME":null,"PREMIUM_INCOME_YOY":null,"NET_INTEREST_INCOME":null,"NET_INTEREST_INCOME_YOY":null,"FEE_COMMISSION_INCOME":null,"FEE_COMMISSION_INCOME_YOY":null,"ACCOUNTS_RECE_TDAYS":1.396850206755,"INVENTORY_TDAYS":0.165890386085,"CURRENT_ASSETS_TDAYS":0.024866796341,"TOTAL_ASSETS_TDAYS":0.013819460892,"PREMIUM_EXPENSE":null,"LOAN_DEPOSIT":null,"LOAN_EQUITY":null,"LOAN_ASSETS":null,"DEPOSIT_EQUITY":null,"DEPOSIT_ASSETS":null,"EQUITY_MULTIPLIER":1.371233701728,"EQUITY_RATIO":0.380502972916},{"SECUCODE":"00298.HK","SECURITY_CODE":"00298","SECURITY_NAME_ABBR":"庄士中国","ORG_CODE":"10008809","STD_REPORT_DATE":"2022-12-31 00:00:00","REPORT_DATE":"2023-03-31 00:00:00","DATE_TYPE_CODE":"001","REPORT_TYPE":"2022年年报","PER_NETCASH_OPERATE":0.072670245214,"PER_OI":0.023501812573,"BPS":1.420904071999,"BASIC_EPS":-0.1225574,"DILUTED_EPS":-0.1225574,"OPERATE_INCOME":55159584.1,"OPERATE_INCOME_YOY":-69.1942896255,"GROSS_PROFIT":-35980226.41,"GROSS_PROFIT_YOY":-133.052496659352,"HOLDER_PROFIT":-287735886.67,"HOLDER_PROFIT_YOY":-244.3147740794,"GROSS_PROFIT_RATIO":-65.229328677988,"EPS_TTM":-0.26603698734,"OPERATE_INCOME_QOQ":0,"NET_PROFIT_RATIO":-527.9574670687,"ROE_AVG":-7.853858453154,"GROSS_PROFIT_QOQ":0,"ROA":-5.452880282313,"HOLDER_PROFIT_QOQ":0,"ROE_YEARLY":-7.853858453154,"ROIC_YEARLY":-7.240013062055,"TOTAL_ASSETS":4709186681.87,"TOTAL_LIABILITIES":1290722887.61,"TAX_EBT":5.084910182374,"OCF_SALES":309.211236311697,"TOTAL_PARENT_EQUITY":3334912037.63,"DEBT_ASSET_RATIO":27.4086158567,"OPERATE_PROFIT":-286361492.97,"PRETAX_PROFIT":-306820700.08,"NETCASH_OPERATE":170559631.94,"NETCASH_INVEST":114638441.14,"NETCASH_FINANCE":-579441757.69,"END_CASH":1040546466.99,"DIVI_RATIO":null,"DIVIDEND_RATE":null,"CURRENT_RATIO":3.933628585359,"COMMON_ACS":18000000000,"CURRENTDEBT_DEBT":51.746685648129,"ISSUED_COMMON_SHARES":2347035316,"HK_COMMON_SHARES":2347035316,"PER_SHARES":10000,"TOTAL_MARKET_CAP":230009460.968,"HKSK_MARKET_CAP":230009460.968,"PE_TTM":-0.798888066381,"PB_TTM":0.071083531448,"REPORT_DATE_SQ":"2021-12-31 00:00:00","REPORT_TYPE_SQ":"2021年年报","OPERATE_INCOME_SQ":165883985.4,"DPS_HKD":null,"OPERATE_INCOME_QOQ_SQ":0,"NET_PROFIT_RATIO_SQ":109.1165542192,"HOLDER_PROFIT_SQ":184713204.57,"HOLDER_PROFIT_QOQ_SQ":0,"ROE_AVG_SQ":5.072376862788,"PE_TTM_SQ":-0.864030603214,"PB_TTM_SQ":0.087952155571,"ROA_SQ":3.257989428131,"START_DATE":"2022-04-01 00:00:00","FISCAL_YEAR":"3-31","CURRENCY":"HKD","IS_CNY_CODE":0,"DPS_HKD_LY":0.08,"ORG_TYPE":"一般企业","PREMIUM_INCOME":null,"PREMIUM_INCOME_YOY":null,"NET_INTEREST_INCOME":null,"NET_INTEREST_INCOME_YOY":null,"FEE_COMMISSION_INCOME":null,"FEE_COMMISSION_INCOME_YOY":null,"ACCOUNTS_RECE_TDAYS":0.55850521632,"INVENTORY_TDAYS":0.143391730711,"CURRENT_ASSETS_TDAYS":0.018486438609,"TOTAL_ASSETS_TDAYS":0.010453287979,"PREMIUM_EXPENSE":null,"LOAN_DEPOSIT":null,"LOAN_EQUITY":null,"LOAN_ASSETS":null,"DEPOSIT_EQUITY":null,"DEPOSIT_ASSETS":null,"EQUITY_MULTIPLIER":1.377573952889,"EQUITY_RATIO":0.387033562818},{"SECUCODE":"00298.HK","SECURITY_CODE":"00298","SECURITY_NAME_ABBR":"庄士中国","ORG_CODE":"10008809","STD_REPORT_DATE":"2022-06-30 00:00:00","REPORT_DATE":"2022-09-30 00:00:00","DATE_TYPE_CODE":"002","REPORT_TYPE":"2022年中报","PER_NETCASH_OPERATE":0.105832916542,"PER_OI":0.014954827173,"BPS":1.492737839093,"BASIC_EPS":-0.072174312,"DILUTED_EPS":-0.072174312,"OPERATE_INCOME":35099507.52,"OPERATE_INCOME_YOY":-73.3538402384,"GROSS_PROFIT":25134387.6,"GROSS_PROFIT_YOY":-67.467990833924,"HOLDER_PROFIT":-169387140.96,"HOLDER_PROFIT_YOY":-124.3884462074,"GROSS_PROFIT_RATIO":71.608946608947,"EPS_TTM":0.078700649841,"OPERATE_INCOME_QOQ":0,"NET_PROFIT_RATIO":-487.3196248196,"ROE_AVG":-4.441055600814,"GROSS_PROFIT_QOQ":0,"ROA":-2.957482283791,"HOLDER_PROFIT_QOQ":0,"ROE_YEARLY":-8.882111201629,"ROIC_YEARLY":-8.250570937183,"TOTAL_ASSETS":5416661313.48,"TOTAL_LIABILITIES":1829399030.28,"TAX_EBT":-2.51296867462,"OCF_SALES":707.683982683983,"TOTAL_PARENT_EQUITY":3503508425.88,"DEBT_ASSET_RATIO":33.7735539368,"OPERATE_PROFIT":-142386893.64,"PRETAX_PROFIT":-166853804.52,"NETCASH_OPERATE":248393592.72,"NETCASH_INVEST":145828287.84,"NETCASH_FINANCE":-92671635.72,"END_CASH":1674860985.24,"DIVI_RATIO":null,"DIVIDEND_RATE":null,"CURRENT_RATIO":3.663236027817,"COMMON_ACS":18000000000,"CURRENTDEBT_DEBT":48.555708322642,"ISSUED_COMMON_SHARES":2347035316,"HK_COMMON_SHARES":2347035316,"PER_SHARES":10000,"TOTAL_MARKET_CAP":230009460.968,"HKSK_MARKET_CAP":230009460.968,"PE_TTM":-0.798888066381,"PB_TTM":0.071083531448,"REPORT_DATE_SQ":"2021-06-30 00:00:00","REPORT_TYPE_SQ":"2021年中报","OPERATE_INCOME_SQ":121328524.52,"DPS_HKD":null,"OPERATE_INCOME_QOQ_SQ":0,"NET_PROFIT_RATIO_SQ":527.0258579256,"HOLDER_PROFIT_SQ":639724268.26,"HOLDER_PROFIT_QOQ_SQ":0,"ROE_AVG_SQ":15.982400068765,"PE_TTM_SQ":-0.864030603214,"PB_TTM_SQ":0.087952155571,"ROA_SQ":10.235341779292,"START_DATE":"2022-04-01 00:00:00","FISCAL_YEAR":"3-31","CURRENCY":"HKD","IS_CNY_CODE":0,"DPS_HKD_LY":0.08,"ORG_TYPE":"一般企业","PREMIUM_INCOME":null,"PREMIUM_INCOME_YOY":null,"NET_INTEREST_INCOME":null,"NET_INTEREST_INCOME_YOY":null,"FEE_COMMISSION_INCOME":null,"FEE_COMMISSION_INCOME_YOY":null,"ACCOUNTS_RECE_TDAYS":0.344234811996,"INVENTORY_TDAYS":0.015042757447,"CURRENT_ASSETS_TDAYS":0.010469625057,"TOTAL_ASSETS_TDAYS":0.006128338378,"PREMIUM_EXPENSE":null,"LOAN_DEPOSIT":null,"LOAN_EQUITY":null,"LOAN_ASSETS":null,"DEPOSIT_EQUITY":null,"DEPOSIT_ASSETS":null,"EQUITY_MULTIPLIER":1.509970803878,"EQUITY_RATIO":0.522162018155},{"SECUCODE":"00298.HK","SECURITY_CODE":"00298","SECURITY_NAME_ABBR":"庄士中国","ORG_CODE":"10008809","STD_REPORT_DATE":"2021-12-31 00:00:00","REPORT_DATE":"2022-03-31 00:00:00","DATE_TYPE_CODE":"001","REPORT_TYPE":"2021年年报","PER_NETCASH_OPERATE":-0.017516792206,"PER_OI":0.070678095157,"BPS":1.57587687502,"BASIC_EPS":0.07866797,"DILUTED_EPS":0.07866797,"OPERATE_INCOME":165883985.4,"OPERATE_INCOME_YOY":-88.5067546838,"GROSS_PROFIT":108857817.25,"GROSS_PROFIT_YOY":-82.080449373315,"HOLDER_PROFIT":184713204.57,"HOLDER_PROFIT_YOY":-45.6477798009,"GROSS_PROFIT_RATIO":65.622861054073,"EPS_TTM":0.264826793619,"OPERATE_INCOME_QOQ":0,"NET_PROFIT_RATIO":109.1165542192,"ROE_AVG":5.072376862788,"GROSS_PROFIT_QOQ":0,"ROA":3.257989428131,"HOLDER_PROFIT_QOQ":0,"ROE_YEARLY":5.072376862788,"ROIC_YEARLY":3.947943180487,"TOTAL_ASSETS":5414408191.3,"TOTAL_LIABILITIES":1621744256.6,"TAX_EBT":38.298237029296,"OCF_SALES":-24.783905348587,"TOTAL_PARENT_EQUITY":3698638679.34,"DEBT_ASSET_RATIO":29.9523825929,"OPERATE_PROFIT":335209897.24,"PRETAX_PROFIT":293357726.19,"NETCASH_OPERATE":-41112529.93,"NETCASH_INVEST":1214455845.61,"NETCASH_FINANCE":-604374384.12,"END_CASH":1232956605.73,"DIVI_RATIO":null,"DIVIDEND_RATE":null,"CURRENT_RATIO":4.591513873797,"COMMON_ACS":18000000000,"CURRENTDEBT_DEBT":41.558414930538,"ISSUED_COMMON_SHARES":2347035316,"HK_COMMON_SHARES":2347035316,"PER_SHARES":10000,"TOTAL_MARKET_CAP":230009460.968,"HKSK_MARKET_CAP":230009460.968,"PE_TTM":-0.798888066381,"PB_TTM":0.071083531448,"REPORT_DATE_SQ":"2020-12-31 00:00:00","REPORT_TYPE_SQ":"2020年年报","OPERATE_INCOME_SQ":1504127967.72,"DPS_HKD":null,"OPERATE_INCOME_QOQ_SQ":0,"NET_PROFIT_RATIO_SQ":23.3415596515,"HOLDER_PROFIT_SQ":354163382.02,"HOLDER_PROFIT_QOQ_SQ":0,"ROE_AVG_SQ":10.233683586614,"PE_TTM_SQ":-0.864030603214,"PB_TTM_SQ":0.087952155571,"ROA_SQ":5.366703179905,"START_DATE":"2021-04-01 00:00:00","FISCAL_YEAR":"3-31","CURRENCY":"HKD","IS_CNY_CODE":0,"DPS_HKD_LY":0.12,"ORG_TYPE":"一般企业","PREMIUM_INCOME":null,"PREMIUM_INCOME_YOY":null,"NET_INTEREST_INCOME":null,"NET_INTEREST_INCOME_YOY":null,"FEE_COMMISSION_INCOME":null,"FEE_COMMISSION_INCOME_YOY":null,"ACCOUNTS_RECE_TDAYS":1.239287109996,"INVENTORY_TDAYS":0.096473897235,"CURRENT_ASSETS_TDAYS":0.049587594325,"TOTAL_ASSETS_TDAYS":0.029258778331,"PREMIUM_EXPENSE":null,"LOAN_DEPOSIT":null,"LOAN_EQUITY":null,"LOAN_ASSETS":null,"DEPOSIT_EQUITY":null,"DEPOSIT_ASSETS":null,"EQUITY_MULTIPLIER":1.427600305358,"EQUITY_RATIO":0.438470582612},{"SECUCODE":"00298.HK","SECURITY_CODE":"00298","SECURITY_NAME_ABBR":"庄士中国","ORG_CODE":"10008809","STD_REPORT_DATE":"2021-06-30 00:00:00","REPORT_DATE":"2021-09-30 00:00:00","DATE_TYPE_CODE":"002","REPORT_TYPE":"2021年中报","PER_NETCASH_OPERATE":-0.017107832927,"PER_OI":0.051654759997,"BPS":1.842085523949,"BASIC_EPS":0.272327314,"DILUTED_EPS":0.272327314,"OPERATE_INCOME":121328524.52,"OPERATE_INCOME_YOY":-91.347628205,"GROSS_PROFIT":77260483.58,"GROSS_PROFIT_YOY":-86.596313636088,"HOLDER_PROFIT":639724268.26,"HOLDER_PROFIT_YOY":81.36281727,"GROSS_PROFIT_RATIO":63.678746515428,"EPS_TTM":0.150782551509,"OPERATE_INCOME_QOQ":0,"NET_PROFIT_RATIO":527.0258579256,"ROE_AVG":15.982400068765,"GROSS_PROFIT_QOQ":0,"ROA":10.235341779292,"HOLDER_PROFIT_QOQ":0,"ROE_YEARLY":31.964800137529,"ROIC_YEARLY":25.470044039019,"TOTAL_ASSETS":6414535342.08,"TOTAL_LIABILITIES":1994160700.68,"TAX_EBT":16.27597249961,"OCF_SALES":-33.119567157825,"TOTAL_PARENT_EQUITY":4323439779.8,"DEBT_ASSET_RATIO":31.0881551716,"OPERATE_PROFIT":774876590.42,"PRETAX_PROFIT":763738578.22,"NETCASH_OPERATE":-40183482.16,"NETCASH_INVEST":1232411469.74,"NETCASH_FINANCE":-187175253.04,"END_CASH":1685758556.44,"DIVI_RATIO":null,"DIVIDEND_RATE":null,"CURRENT_RATIO":4.317146917507,"COMMON_ACS":18000000000,"CURRENTDEBT_DEBT":46.298152961553,"ISSUED_COMMON_SHARES":2347035316,"HK_COMMON_SHARES":2347035316,"PER_SHARES":10000,"TOTAL_MARKET_CAP":230009460.968,"HKSK_MARKET_CAP":230009460.968,"PE_TTM":-0.798888066381,"PB_TTM":0.071083531448,"REPORT_DATE_SQ":"2020-06-30 00:00:00","REPORT_TYPE_SQ":"2020年中报","OPERATE_INCOME_SQ":1479115105.92,"DPS_HKD":null,"OPERATE_INCOME_QOQ_SQ":0,"NET_PROFIT_RATIO_SQ":25.1095344097,"HOLDER_PROFIT_SQ":372064986.24,"HOLDER_PROFIT_QOQ_SQ":0,"ROE_AVG_SQ":10.446133642478,"PE_TTM_SQ":-0.864030603214,"PB_TTM_SQ":0.087952155571,"ROA_SQ":5.493663856802,"START_DATE":"2021-04-01 00:00:00","FISCAL_YEAR":"3-31","CURRENCY":"HKD","IS_CNY_CODE":0,"DPS_HKD_LY":0.12,"ORG_TYPE":"一般企业","PREMIUM_INCOME":null,"PREMIUM_INCOME_YOY":null,"NET_INTEREST_INCOME":null,"NET_INTEREST_INCOME_YOY":null,"FEE_COMMISSION_INCOME":null,"FEE_COMMISSION_INCOME_YOY":null,"ACCOUNTS_RECE_TDAYS":0.897454146601,"INVENTORY_TDAYS":0.073905644877,"CURRENT_ASSETS_TDAYS":0.031597566561,"TOTAL_ASSETS_TDAYS":0.019412096393,"PREMIUM_EXPENSE":null,"LOAN_DEPOSIT":null,"LOAN_EQUITY":null,"LOAN_ASSETS":null,"DEPOSIT_EQUITY":null,"DEPOSIT_ASSETS":null,"EQUITY_MULTIPLIER":1.451129341393,"EQUITY_RATIO":0.461244009919},{"SECUCODE":"00298.HK","SECURITY_CODE":"00298","SECURITY_NAME_ABBR":"庄士中国","ORG_CODE":"10008809","STD_REPORT_DATE":"2020-12-31 00:00:00","REPORT_DATE":"2021-03-31 00:00:00","DATE_TYPE_CODE":"001","REPORT_TYPE":"2020年年报","PER_NETCASH_OPERATE":-0.263190017277,"PER_OI":0.640371829167,"BPS":1.591576750071,"BASIC_EPS":0.150780112,"DILUTED_EPS":0.150780112,"OPERATE_INCOME":1504127967.72,"OPERATE_INCOME_YOY":902.4920714499,"GROSS_PROFIT":607480731.62,"GROSS_PROFIT_YOY":399.371314828497,"HOLDER_PROFIT":354163382.02,"HOLDER_PROFIT_YOY":317.8466897143,"GROSS_PROFIT_RATIO":40.387569718608,"EPS_TTM":0.075390287405,"OPERATE_INCOME_QOQ":0,"NET_PROFIT_RATIO":23.3415596515,"ROE_AVG":10.233683586614,"GROSS_PROFIT_QOQ":0,"ROA":5.366703179905,"HOLDER_PROFIT_QOQ":0,"ROE_YEARLY":10.233683586614,"ROIC_YEARLY":5.985173149299,"TOTAL_ASSETS":6174306131.7,"TOTAL_LIABILITIES":2334379553.38,"TAX_EBT":-3.590514736871,"OCF_SALES":-41.099562049702,"TOTAL_PARENT_EQUITY":3735486840.54,"DEBT_ASSET_RATIO":37.807965844,"OPERATE_PROFIT":377830957.56,"PRETAX_PROFIT":338918025.18,"NETCASH_OPERATE":-618190007.4,"NETCASH_INVEST":843143961.38,"NETCASH_FINANCE":-139431034.96,"END_CASH":573878065.18,"DIVI_RATIO":null,"DIVIDEND_RATE":null,"CURRENT_RATIO":2.762325725987,"COMMON_ACS":18000000000,"CURRENTDEBT_DEBT":58.116011239718,"ISSUED_COMMON_SHARES":2347035316,"HK_COMMON_SHARES":2347035316,"PER_SHARES":10000,"TOTAL_MARKET_CAP":230009460.968,"HKSK_MARKET_CAP":230009460.968,"PE_TTM":-0.798888066381,"PB_TTM":0.071083531448,"REPORT_DATE_SQ":"2019-12-31 00:00:00","REPORT_TYPE_SQ":"2019年年报","OPERATE_INCOME_SQ":162202765.1,"DPS_HKD":null,"OPERATE_INCOME_QOQ_SQ":0,"NET_PROFIT_RATIO_SQ":-106.9692377889,"HOLDER_PROFIT_SQ":-175754763.5,"HOLDER_PROFIT_QOQ_SQ":0,"ROE_AVG_SQ":-4.795371832342,"PE_TTM_SQ":-0.864030603214,"PB_TTM_SQ":0.087952155571,"ROA_SQ":-2.395087974705,"START_DATE":"2020-04-01 00:00:00","FISCAL_YEAR":"3-31","CURRENCY":"HKD","IS_CNY_CODE":0,"DPS_HKD_LY":0.015,"ORG_TYPE":"一般企业","PREMIUM_INCOME":null,"PREMIUM_INCOME_YOY":null,"NET_INTEREST_INCOME":null,"NET_INTEREST_INCOME_YOY":null,"FEE_COMMISSION_INCOME":null,"FEE_COMMISSION_INCOME_YOY":null,"ACCOUNTS_RECE_TDAYS":11.713104773689,"INVENTORY_TDAYS":0.721781486752,"CURRENT_ASSETS_TDAYS":0.396422460451,"TOTAL_ASSETS_TDAYS":0.227923290694,"PREMIUM_EXPENSE":null,"LOAN_DEPOSIT":null,"LOAN_EQUITY":null,"LOAN_ASSETS":null,"DEPOSIT_EQUITY":null,"DEPOSIT_ASSETS":null,"EQUITY_MULTIPLIER":1.607922965651,"EQUITY_RATIO":0.624919763616},{"SECUCODE":"00298.HK","SECURITY_CODE":"00298","SECURITY_NAME_ABBR":"庄士中国","ORG_CODE":"10008809","STD_REPORT_DATE":"2020-06-30 00:00:00","REPORT_DATE":"2020-09-30 00:00:00","DATE_TYPE_CODE":"002","REPORT_TYPE":"2020年中报","PER_NETCASH_OPERATE":-0.15953758243,"PER_OI":0.629722780411,"BPS":1.623761768057,"BASIC_EPS":0.158433216,"DILUTED_EPS":0.158433216,"OPERATE_INCOME":1479115105.92,"OPERATE_INCOME_YOY":1971.2214989725,"GROSS_PROFIT":576412200.96,"GROSS_PROFIT_YOY":914.882368592683,"HOLDER_PROFIT":372064986.24,"HOLDER_PROFIT_YOY":1886.0084427767,"GROSS_PROFIT_RATIO":38.970070595113,"EPS_TTM":-0.074826345765,"OPERATE_INCOME_QOQ":0,"NET_PROFIT_RATIO":25.1095344097,"ROE_AVG":10.446133642478,"GROSS_PROFIT_QOQ":0,"ROA":5.493663856802,"HOLDER_PROFIT_QOQ":0,"ROE_YEARLY":20.892267284956,"ROIC_YEARLY":12.553860987434,"TOTAL_ASSETS":6242252014.72,"TOTAL_LIABILITIES":2325206474.88,"TAX_EBT":-5.575011240446,"OCF_SALES":-25.334573782675,"TOTAL_PARENT_EQUITY":3811026214.4,"DEBT_ASSET_RATIO":37.2494809469,"OPERATE_PROFIT":368493868.16,"PRETAX_PROFIT":351786764.8,"NETCASH_OPERATE":-374727507.84,"NETCASH_INVEST":866456583.68,"NETCASH_FINANCE":-247173391.36,"END_CASH":871481983.36,"DIVI_RATIO":null,"DIVIDEND_RATE":null,"CURRENT_RATIO":2.828285779334,"COMMON_ACS":18000000000,"CURRENTDEBT_DEBT":57.432800895195,"ISSUED_COMMON_SHARES":2347035316,"HK_COMMON_SHARES":2347035316,"PER_SHARES":10000,"TOTAL_MARKET_CAP":230009460.968,"HKSK_MARKET_CAP":230009460.968,"PE_TTM":-0.798888066381,"PB_TTM":0.071083531448,"REPORT_DATE_SQ":"2019-06-30 00:00:00","REPORT_TYPE_SQ":"2019年中报","OPERATE_INCOME_SQ":73305450.69,"DPS_HKD":null,"OPERATE_INCOME_QOQ_SQ":0,"NET_PROFIT_RATIO_SQ":26.6423851653,"HOLDER_PROFIT_SQ":19230853.2,"HOLDER_PROFIT_QOQ_SQ":0,"ROE_AVG_SQ":0.514293785018,"PE_TTM_SQ":-0.864030603214,"PB_TTM_SQ":0.087952155571,"ROA_SQ":0.259078171431,"START_DATE":"2020-04-01 00:00:00","FISCAL_YEAR":"3-31","CURRENCY":"HKD","IS_CNY_CODE":0,"DPS_HKD_LY":0.015,"ORG_TYPE":"一般企业","PREMIUM_INCOME":null,"PREMIUM_INCOME_YOY":null,"NET_INTEREST_INCOME":null,"NET_INTEREST_INCOME_YOY":null,"FEE_COMMISSION_INCOME":null,"FEE_COMMISSION_INCOME_YOY":null,"ACCOUNTS_RECE_TDAYS":17.015784924715,"INVENTORY_TDAYS":0.562943304433,"CURRENT_ASSETS_TDAYS":0.380704379355,"TOTAL_ASSETS_TDAYS":0.218396288228,"PREMIUM_EXPENSE":null,"LOAN_DEPOSIT":null,"LOAN_EQUITY":null,"LOAN_ASSETS":null,"DEPOSIT_EQUITY":null,"DEPOSIT_ASSETS":null,"EQUITY_MULTIPLIER":1.593612316025,"EQUITY_RATIO":0.610126077353}],"count":47},"success":true,"message":"ok","code":0}