{"version":"d00d08b63cac018670df82729690db62","result":{"pages":6,"data":[{"SECUCODE":"00294.HK","SECURITY_CODE":"00294","SECURITY_NAME_ABBR":"长江制衣","ORG_CODE":"10007547","STD_REPORT_DATE":"2024-06-30 00:00:00","REPORT_DATE":"2024-09-30 00:00:00","DATE_TYPE_CODE":"002","REPORT_TYPE":"2024年中报","PER_NETCASH_OPERATE":-0.038060979623,"PER_OI":0.328447149503,"BPS":4.383197674839,"BASIC_EPS":-0.1352685,"DILUTED_EPS":-0.1352685,"OPERATE_INCOME":67905688.79,"OPERATE_INCOME_YOY":-23.2820188889,"GROSS_PROFIT":12184084.69,"GROSS_PROFIT_YOY":-33.720486106656,"HOLDER_PROFIT":-28652573.67,"HOLDER_PROFIT_YOY":-72.9896009147,"GROSS_PROFIT_RATIO":17.942656804027,"EPS_TTM":-0.211225223471,"OPERATE_INCOME_QOQ":0,"NET_PROFIT_RATIO":-42.1946587695,"ROE_AVG":-3.133283631544,"GROSS_PROFIT_QOQ":0,"ROA":-2.906385623668,"HOLDER_PROFIT_QOQ":0,"ROE_YEARLY":-6.266567263088,"ROIC_YEARLY":-8.051451443081,"TOTAL_ASSETS":984725822.72,"TOTAL_LIABILITIES":78509837.4,"TAX_EBT":1.264760720945,"OCF_SALES":-11.588159519794,"TOTAL_PARENT_EQUITY":906215985.32,"DEBT_ASSET_RATIO":7.9727611066,"OPERATE_PROFIT":-6989774.29,"PRETAX_PROFIT":-29019602.2,"NETCASH_OPERATE":-7869019.54,"NETCASH_INVEST":8153083.39,"NETCASH_FINANCE":-355305.26,"END_CASH":171430279,"DIVI_RATIO":-0.08583728639,"DIVIDEND_RATE":1.724137931034,"CURRENT_RATIO":5.928678620604,"COMMON_ACS":null,"CURRENTDEBT_DEBT":74.244199402711,"ISSUED_COMMON_SHARES":206747688,"HK_COMMON_SHARES":206747688,"PER_SHARES":1000,"TOTAL_MARKET_CAP":239827318.08,"HKSK_MARKET_CAP":239827318.08,"PE_TTM":-3.89469157946,"PB_TTM":0.238655994459,"REPORT_DATE_SQ":"2023-06-30 00:00:00","REPORT_TYPE_SQ":"2023年中报","OPERATE_INCOME_SQ":90068137.39,"DPS_HKD":0.02,"OPERATE_INCOME_QOQ_SQ":0,"NET_PROFIT_RATIO_SQ":-18.7126221308,"HOLDER_PROFIT_SQ":-16854110.21,"HOLDER_PROFIT_QOQ_SQ":0,"ROE_AVG_SQ":-1.704510126184,"PE_TTM_SQ":-4.600247927666,"PB_TTM_SQ":0.217229816576,"ROA_SQ":-1.565965675281,"START_DATE":"2024-04-01 00:00:00","FISCAL_YEAR":"3-31","CURRENCY":"HKD","IS_CNY_CODE":0,"DPS_HKD_LY":0.02,"ORG_TYPE":"一般企业","PREMIUM_INCOME":null,"PREMIUM_INCOME_YOY":null,"NET_INTEREST_INCOME":null,"NET_INTEREST_INCOME_YOY":null,"FEE_COMMISSION_INCOME":null,"FEE_COMMISSION_INCOME_YOY":null,"ACCOUNTS_RECE_TDAYS":1.71790660005,"INVENTORY_TDAYS":4.539543768137,"CURRENT_ASSETS_TDAYS":0.20322127075,"TOTAL_ASSETS_TDAYS":0.068880415399,"PREMIUM_EXPENSE":null,"LOAN_DEPOSIT":null,"LOAN_EQUITY":null,"LOAN_ASSETS":null,"DEPOSIT_EQUITY":null,"DEPOSIT_ASSETS":null,"EQUITY_MULTIPLIER":1.08663479642,"EQUITY_RATIO":0.086634796419},{"SECUCODE":"00294.HK","SECURITY_CODE":"00294","SECURITY_NAME_ABBR":"长江制衣","ORG_CODE":"10007547","STD_REPORT_DATE":"2023-12-31 00:00:00","REPORT_DATE":"2024-03-31 00:00:00","DATE_TYPE_CODE":"001","REPORT_TYPE":"2023年年报","PER_NETCASH_OPERATE":-0.029821114856,"PER_OI":1.027370512119,"BPS":4.486488290984,"BASIC_EPS":-0.2085065,"DILUTED_EPS":-0.2085065,"OPERATE_INCOME":212406478.1,"OPERATE_INCOME_YOY":-35.941229382,"GROSS_PROFIT":40298867.15,"GROSS_PROFIT_YOY":-35.793299825508,"HOLDER_PROFIT":-43670326.6,"HOLDER_PROFIT_YOY":-107.2003096907,"GROSS_PROFIT_RATIO":18.972522641719,"EPS_TTM":-0.214174789418,"OPERATE_INCOME_QOQ":0,"NET_PROFIT_RATIO":-20.559790356,"ROE_AVG":-4.520278712361,"GROSS_PROFIT_QOQ":0,"ROA":-4.21106002063,"HOLDER_PROFIT_QOQ":0,"ROE_YEARLY":-4.520278712361,"ROIC_YEARLY":-5.744325522909,"TOTAL_ASSETS":992181806.45,"TOTAL_LIABILITIES":64610725.05,"TAX_EBT":6.771690116313,"OCF_SALES":-2.902664083106,"TOTAL_PARENT_EQUITY":927571081.4,"DEBT_ASSET_RATIO":6.5119844599,"OPERATE_PROFIT":591977.15,"PRETAX_PROFIT":-46842345.05,"NETCASH_OPERATE":-6165446.55,"NETCASH_INVEST":22237671.5,"NETCASH_FINANCE":-4624311.55,"END_CASH":171326164.85,"DIVI_RATIO":-0.084655155022,"DIVIDEND_RATE":1.980198019802,"CURRENT_RATIO":7.320037637048,"COMMON_ACS":null,"CURRENTDEBT_DEBT":68.594519510039,"ISSUED_COMMON_SHARES":206747688,"HK_COMMON_SHARES":206747688,"PER_SHARES":1000,"TOTAL_MARKET_CAP":208815164.88,"HKSK_MARKET_CAP":208815164.88,"PE_TTM":-3.391067668323,"PB_TTM":0.207795305521,"REPORT_DATE_SQ":"2022-12-31 00:00:00","REPORT_TYPE_SQ":"2022年年报","OPERATE_INCOME_SQ":320190837.01,"DPS_HKD":0.02,"OPERATE_INCOME_QOQ_SQ":0,"NET_PROFIT_RATIO_SQ":-6.3563365148,"HOLDER_PROFIT_SQ":-20352407.09,"HOLDER_PROFIT_QOQ_SQ":0,"ROE_AVG_SQ":-2.041016092239,"PE_TTM_SQ":-4.934811413314,"PB_TTM_SQ":0.233028348691,"ROA_SQ":-1.866835505446,"START_DATE":"2023-04-01 00:00:00","FISCAL_YEAR":"3-31","CURRENCY":"HKD","IS_CNY_CODE":0,"DPS_HKD_LY":0.02,"ORG_TYPE":"一般企业","PREMIUM_INCOME":null,"PREMIUM_INCOME_YOY":null,"NET_INTEREST_INCOME":null,"NET_INTEREST_INCOME_YOY":null,"FEE_COMMISSION_INCOME":null,"FEE_COMMISSION_INCOME_YOY":null,"ACCOUNTS_RECE_TDAYS":4.880224117641,"INVENTORY_TDAYS":15.594627895515,"CURRENT_ASSETS_TDAYS":0.641004806811,"TOTAL_ASSETS_TDAYS":0.204820182877,"PREMIUM_EXPENSE":null,"LOAN_DEPOSIT":null,"LOAN_EQUITY":null,"LOAN_ASSETS":null,"DEPOSIT_EQUITY":null,"DEPOSIT_ASSETS":null,"EQUITY_MULTIPLIER":1.069655820827,"EQUITY_RATIO":0.069655820827},{"SECUCODE":"00294.HK","SECURITY_CODE":"00294","SECURITY_NAME_ABBR":"长江制衣","ORG_CODE":"10007547","STD_REPORT_DATE":"2023-06-30 00:00:00","REPORT_DATE":"2023-09-30 00:00:00","DATE_TYPE_CODE":"002","REPORT_TYPE":"2023年中报","PER_NETCASH_OPERATE":-0.059337038245,"PER_OI":0.435642779183,"BPS":4.646659541992,"BASIC_EPS":-0.0825867,"DILUTED_EPS":-0.0825867,"OPERATE_INCOME":90068137.39,"OPERATE_INCOME_YOY":-50.8059261635,"GROSS_PROFIT":18382881.79,"GROSS_PROFIT_YOY":-48.70105889788,"HOLDER_PROFIT":-16854110.21,"HOLDER_PROFIT_YOY":-334.8420918041,"GROSS_PROFIT_RATIO":20.409972186281,"EPS_TTM":-0.098440796542,"OPERATE_INCOME_QOQ":0,"NET_PROFIT_RATIO":-18.7126221308,"ROE_AVG":-1.704510126184,"GROSS_PROFIT_QOQ":0,"ROA":-1.565965675281,"HOLDER_PROFIT_QOQ":0,"ROE_YEARLY":-3.409020252368,"ROIC_YEARLY":-4.214724457828,"TOTAL_ASSETS":1057432765.76,"TOTAL_LIABILITIES":96746648.53,"TAX_EBT":-3.962189392653,"OCF_SALES":-13.620571964178,"TOTAL_PARENT_EQUITY":960686117.23,"DEBT_ASSET_RATIO":9.1492009386,"OPERATE_PROFIT":-2443648.69,"PRETAX_PROFIT":-16211769.21,"NETCASH_OPERATE":-12267795.47,"NETCASH_INVEST":-80410081.64,"NETCASH_FINANCE":-307406.05,"END_CASH":68677264.46,"DIVI_RATIO":-0.184181768503,"DIVIDEND_RATE":1.980198019802,"CURRENT_RATIO":4.883122341374,"COMMON_ACS":null,"CURRENTDEBT_DEBT":74.473352239854,"ISSUED_COMMON_SHARES":206747688,"HK_COMMON_SHARES":206747688,"PER_SHARES":1000,"TOTAL_MARKET_CAP":208815164.88,"HKSK_MARKET_CAP":208815164.88,"PE_TTM":-3.391067668323,"PB_TTM":0.207795305521,"REPORT_DATE_SQ":"2022-06-30 00:00:00","REPORT_TYPE_SQ":"2022年中报","OPERATE_INCOME_SQ":180455677.68,"DPS_HKD":0.02,"OPERATE_INCOME_QOQ_SQ":0,"NET_PROFIT_RATIO_SQ":3.9198684857,"HOLDER_PROFIT_SQ":7073625.24,"HOLDER_PROFIT_QOQ_SQ":0,"ROE_AVG_SQ":0.689178418432,"PE_TTM_SQ":-4.934811413314,"PB_TTM_SQ":0.233028348691,"ROA_SQ":0.614622933428,"START_DATE":"2023-04-01 00:00:00","FISCAL_YEAR":"3-31","CURRENCY":"HKD","IS_CNY_CODE":0,"DPS_HKD_LY":0.02,"ORG_TYPE":"一般企业","PREMIUM_INCOME":null,"PREMIUM_INCOME_YOY":null,"NET_INTEREST_INCOME":null,"NET_INTEREST_INCOME_YOY":null,"FEE_COMMISSION_INCOME":null,"FEE_COMMISSION_INCOME_YOY":null,"ACCOUNTS_RECE_TDAYS":1.749685814876,"INVENTORY_TDAYS":3.74173771434,"CURRENT_ASSETS_TDAYS":0.259459130819,"TOTAL_ASSETS_TDAYS":0.083684994243,"PREMIUM_EXPENSE":null,"LOAN_DEPOSIT":null,"LOAN_EQUITY":null,"LOAN_ASSETS":null,"DEPOSIT_EQUITY":null,"DEPOSIT_ASSETS":null,"EQUITY_MULTIPLIER":1.100705783913,"EQUITY_RATIO":0.100705783913},{"SECUCODE":"00294.HK","SECURITY_CODE":"00294","SECURITY_NAME_ABBR":"长江制衣","ORG_CODE":"10007547","STD_REPORT_DATE":"2022-12-31 00:00:00","REPORT_DATE":"2023-03-31 00:00:00","DATE_TYPE_CODE":"001","REPORT_TYPE":"2022年年报","PER_NETCASH_OPERATE":0.30551409668,"PER_OI":1.548703349998,"BPS":4.692271242472,"BASIC_EPS":-0.0962951,"DILUTED_EPS":-0.0962951,"OPERATE_INCOME":320190837.01,"OPERATE_INCOME_YOY":-6.3222571111,"GROSS_PROFIT":62764270.77,"GROSS_PROFIT_YOY":27.649817864982,"HOLDER_PROFIT":-20352407.09,"HOLDER_PROFIT_YOY":-175.8160769607,"GROSS_PROFIT_RATIO":19.602144569815,"EPS_TTM":0.120278178153,"OPERATE_INCOME_QOQ":0,"NET_PROFIT_RATIO":-6.3563365148,"ROE_AVG":-2.041016092239,"GROSS_PROFIT_QOQ":0,"ROA":-1.866835505446,"HOLDER_PROFIT_QOQ":0,"ROE_YEARLY":-2.041016092239,"ROIC_YEARLY":-2.385621216832,"TOTAL_ASSETS":1044732677.61,"TOTAL_LIABILITIES":74616446.76,"TAX_EBT":-13.420821543565,"OCF_SALES":19.727089547546,"TOTAL_PARENT_EQUITY":970116230.85,"DEBT_ASSET_RATIO":7.1421568751,"OPERATE_PROFIT":16403432.58,"PRETAX_PROFIT":-17944154.18,"NETCASH_OPERATE":63164333.14,"NETCASH_INVEST":-106197737.92,"NETCASH_FINANCE":-5242830.49,"END_CASH":155887760.34,"DIVI_RATIO":0.150742223389,"DIVIDEND_RATE":2.040816326531,"CURRENT_RATIO":6.678191156207,"COMMON_ACS":null,"CURRENTDEBT_DEBT":65.560326622554,"ISSUED_COMMON_SHARES":206747688,"HK_COMMON_SHARES":206747688,"PER_SHARES":1000,"TOTAL_MARKET_CAP":202612734.24,"HKSK_MARKET_CAP":202612734.24,"PE_TTM":-3.290342886096,"PB_TTM":0.201623167733,"REPORT_DATE_SQ":"2021-12-31 00:00:00","REPORT_TYPE_SQ":"2021年年报","OPERATE_INCOME_SQ":316655610.46,"DPS_HKD":0.02,"OPERATE_INCOME_QOQ_SQ":0,"NET_PROFIT_RATIO_SQ":7.7536970541,"HOLDER_PROFIT_SQ":24869621.65,"HOLDER_PROFIT_QOQ_SQ":0,"ROE_AVG_SQ":2.683985146836,"PE_TTM_SQ":-10.226669585789,"PB_TTM_SQ":0.227103899148,"ROA_SQ":2.429986821888,"START_DATE":"2022-04-01 00:00:00","FISCAL_YEAR":"3-31","CURRENCY":"HKD","IS_CNY_CODE":0,"DPS_HKD_LY":0.02,"ORG_TYPE":"一般企业","PREMIUM_INCOME":null,"PREMIUM_INCOME_YOY":null,"NET_INTEREST_INCOME":null,"NET_INTEREST_INCOME_YOY":null,"FEE_COMMISSION_INCOME":null,"FEE_COMMISSION_INCOME_YOY":null,"ACCOUNTS_RECE_TDAYS":4.451380099309,"INVENTORY_TDAYS":11.74775782514,"CURRENT_ASSETS_TDAYS":0.947509672339,"TOTAL_ASSETS_TDAYS":0.293696770316,"PREMIUM_EXPENSE":null,"LOAN_DEPOSIT":null,"LOAN_EQUITY":null,"LOAN_ASSETS":null,"DEPOSIT_EQUITY":null,"DEPOSIT_ASSETS":null,"EQUITY_MULTIPLIER":1.076914955536,"EQUITY_RATIO":0.076914955535},{"SECUCODE":"00294.HK","SECURITY_CODE":"00294","SECURITY_NAME_ABBR":"长江制衣","ORG_CODE":"10007547","STD_REPORT_DATE":"2022-06-30 00:00:00","REPORT_DATE":"2022-09-30 00:00:00","DATE_TYPE_CODE":"002","REPORT_TYPE":"2022年中报","PER_NETCASH_OPERATE":0.171773340653,"PER_OI":0.872830450612,"BPS":4.81060282812,"BASIC_EPS":0.0361776,"DILUTED_EPS":0.0361776,"OPERATE_INCOME":180455677.68,"OPERATE_INCOME_YOY":23.4123621429,"GROSS_PROFIT":35834817.24,"GROSS_PROFIT_YOY":69.080971266409,"HOLDER_PROFIT":7073625.24,"HOLDER_PROFIT_YOY":-7.9232399341,"GROSS_PROFIT_RATIO":19.857960525656,"EPS_TTM":0.120289720725,"OPERATE_INCOME_QOQ":0,"NET_PROFIT_RATIO":3.9198684857,"ROE_AVG":0.689178418432,"GROSS_PROFIT_QOQ":0,"ROA":0.614622933428,"HOLDER_PROFIT_QOQ":0,"ROE_YEARLY":1.378356836864,"ROIC_YEARLY":1.534178429404,"TOTAL_ASSETS":1128430897.08,"TOTAL_LIABILITIES":133849884.48,"TAX_EBT":17.863894139887,"OCF_SALES":19.68003528433,"TOTAL_PARENT_EQUITY":994581012.6,"DEBT_ASSET_RATIO":11.8615933706,"OPERATE_PROFIT":7329581.76,"PRETAX_PROFIT":8612077.68,"NETCASH_OPERATE":35513741.04,"NETCASH_INVEST":12662.16,"NETCASH_FINANCE":-1118792.28,"END_CASH":244529825.04,"DIVI_RATIO":0.150727758704,"DIVIDEND_RATE":2.040816326531,"CURRENT_RATIO":3.578604978058,"COMMON_ACS":null,"CURRENTDEBT_DEBT":78.836693875345,"ISSUED_COMMON_SHARES":206747688,"HK_COMMON_SHARES":206747688,"PER_SHARES":1000,"TOTAL_MARKET_CAP":202612734.24,"HKSK_MARKET_CAP":202612734.24,"PE_TTM":-3.290342886096,"PB_TTM":0.201623167733,"REPORT_DATE_SQ":"2021-06-30 00:00:00","REPORT_TYPE_SQ":"2021年中报","OPERATE_INCOME_SQ":134681643.26,"DPS_HKD":0.02,"OPERATE_INCOME_QOQ_SQ":0,"NET_PROFIT_RATIO_SQ":5.0120306054,"HOLDER_PROFIT_SQ":7076011.64,"HOLDER_PROFIT_QOQ_SQ":0,"ROE_AVG_SQ":0.755206492606,"PE_TTM_SQ":-10.226669585789,"PB_TTM_SQ":0.227103899148,"ROA_SQ":0.683341793985,"START_DATE":"2022-04-01 00:00:00","FISCAL_YEAR":"3-31","CURRENCY":"HKD","IS_CNY_CODE":0,"DPS_HKD_LY":0.02,"ORG_TYPE":"一般企业","PREMIUM_INCOME":null,"PREMIUM_INCOME_YOY":null,"NET_INTEREST_INCOME":null,"NET_INTEREST_INCOME_YOY":null,"FEE_COMMISSION_INCOME":null,"FEE_COMMISSION_INCOME_YOY":null,"ACCOUNTS_RECE_TDAYS":1.940611200809,"INVENTORY_TDAYS":4.613416041546,"CURRENT_ASSETS_TDAYS":0.488793291409,"TOTAL_ASSETS_TDAYS":0.156796825116,"PREMIUM_EXPENSE":null,"LOAN_DEPOSIT":null,"LOAN_EQUITY":null,"LOAN_ASSETS":null,"DEPOSIT_EQUITY":null,"DEPOSIT_ASSETS":null,"EQUITY_MULTIPLIER":1.134579167292,"EQUITY_RATIO":0.134579167292},{"SECUCODE":"00294.HK","SECURITY_CODE":"00294","SECURITY_NAME_ABBR":"长江制衣","ORG_CODE":"10007547","STD_REPORT_DATE":"2021-12-31 00:00:00","REPORT_DATE":"2022-03-31 00:00:00","DATE_TYPE_CODE":"001","REPORT_TYPE":"2021年年报","PER_NETCASH_OPERATE":-0.07183255718,"PER_OI":1.53160411864,"BPS":4.58954024163,"BASIC_EPS":0.1216515,"DILUTED_EPS":0.1216515,"OPERATE_INCOME":316655610.46,"OPERATE_INCOME_YOY":-7.1416849991,"GROSS_PROFIT":49169103.27,"GROSS_PROFIT_YOY":-18.473197966502,"HOLDER_PROFIT":24869621.65,"HOLDER_PROFIT_YOY":210.2185320969,"GROSS_PROFIT_RATIO":15.527627379971,"EPS_TTM":0.015655958387,"OPERATE_INCOME_QOQ":0,"NET_PROFIT_RATIO":7.7536970541,"ROE_AVG":2.683985146836,"GROSS_PROFIT_QOQ":0,"ROA":2.429986821888,"HOLDER_PROFIT_QOQ":0,"ROE_YEARLY":2.683985146836,"ROIC_YEARLY":3.030163790901,"TOTAL_ASSETS":1052137871.18,"TOTAL_LIABILITIES":103261037.24,"TAX_EBT":4.38984335523,"OCF_SALES":-4.690021155294,"TOTAL_PARENT_EQUITY":948876833.94,"DEBT_ASSET_RATIO":9.8144017118,"OPERATE_PROFIT":-10595034.64,"PRETAX_PROFIT":25679820.64,"NETCASH_OPERATE":-14851215.12,"NETCASH_INVEST":-6671368.26,"NETCASH_FINANCE":-4038018.79,"END_CASH":190970146.72,"DIVI_RATIO":1.158089434799,"DIVIDEND_RATE":2.040816326531,"CURRENT_RATIO":4.267420586945,"COMMON_ACS":null,"CURRENTDEBT_DEBT":73.408783889919,"ISSUED_COMMON_SHARES":206747688,"HK_COMMON_SHARES":206747688,"PER_SHARES":1000,"TOTAL_MARKET_CAP":202612734.24,"HKSK_MARKET_CAP":202612734.24,"PE_TTM":-3.290342886096,"PB_TTM":0.201623167733,"REPORT_DATE_SQ":"2020-12-31 00:00:00","REPORT_TYPE_SQ":"2020年年报","OPERATE_INCOME_SQ":355377060.5,"DPS_HKD":0.02,"OPERATE_INCOME_QOQ_SQ":0,"NET_PROFIT_RATIO_SQ":-6.8139604019,"HOLDER_PROFIT_SQ":-23514597.96,"HOLDER_PROFIT_QOQ_SQ":0,"ROE_AVG_SQ":-2.510323210204,"PE_TTM_SQ":-10.226669585789,"PB_TTM_SQ":0.227103899148,"ROA_SQ":-2.25199666191,"START_DATE":"2021-04-01 00:00:00","FISCAL_YEAR":"3-31","CURRENCY":"HKD","IS_CNY_CODE":0,"DPS_HKD_LY":null,"ORG_TYPE":"一般企业","PREMIUM_INCOME":null,"PREMIUM_INCOME_YOY":null,"NET_INTEREST_INCOME":null,"NET_INTEREST_INCOME_YOY":null,"FEE_COMMISSION_INCOME":null,"FEE_COMMISSION_INCOME_YOY":null,"ACCOUNTS_RECE_TDAYS":3.63680903879,"INVENTORY_TDAYS":11.803489308401,"CURRENT_ASSETS_TDAYS":0.988891477894,"TOTAL_ASSETS_TDAYS":0.309401152669,"PREMIUM_EXPENSE":null,"LOAN_DEPOSIT":null,"LOAN_EQUITY":null,"LOAN_ASSETS":null,"DEPOSIT_EQUITY":null,"DEPOSIT_ASSETS":null,"EQUITY_MULTIPLIER":1.108824489698,"EQUITY_RATIO":0.108824489698},{"SECUCODE":"00294.HK","SECURITY_CODE":"00294","SECURITY_NAME_ABBR":"长江制衣","ORG_CODE":"10007547","STD_REPORT_DATE":"2021-06-30 00:00:00","REPORT_DATE":"2021-09-30 00:00:00","DATE_TYPE_CODE":"002","REPORT_TYPE":"2021年中报","PER_NETCASH_OPERATE":-0.001583536837,"PER_OI":0.651429984842,"BPS":4.570941536236,"BASIC_EPS":0.0333224,"DILUTED_EPS":0.0333224,"OPERATE_INCOME":134681643.26,"OPERATE_INCOME_YOY":-26.3960846802,"GROSS_PROFIT":21193879.46,"GROSS_PROFIT_YOY":-32.918825848305,"HOLDER_PROFIT":7076011.64,"HOLDER_PROFIT_YOY":137.9348845518,"GROSS_PROFIT_RATIO":15.736279233753,"EPS_TTM":-0.113735723903,"OPERATE_INCOME_QOQ":0,"NET_PROFIT_RATIO":5.0120306054,"ROE_AVG":0.755206492606,"GROSS_PROFIT_QOQ":0,"ROA":0.683341793985,"HOLDER_PROFIT_QOQ":0,"ROE_YEARLY":1.510412985213,"ROIC_YEARLY":1.73297248442,"TOTAL_ASSETS":1049200749.24,"TOTAL_LIABILITIES":104169154.64,"TAX_EBT":4.10650887574,"OCF_SALES":-0.243086267791,"TOTAL_PARENT_EQUITY":945031594.6,"DEBT_ASSET_RATIO":9.9284293035,"OPERATE_PROFIT":-12293466.42,"PRETAX_PROFIT":7039357,"NETCASH_OPERATE":-327392.58,"NETCASH_INVEST":-2855729.68,"NETCASH_FINANCE":-1354555.56,"END_CASH":217452818.74,"DIVI_RATIO":-0.159413413638,"DIVIDEND_RATE":2.040816326531,"CURRENT_RATIO":4.430496783782,"COMMON_ACS":null,"CURRENTDEBT_DEBT":70.492786539138,"ISSUED_COMMON_SHARES":206747688,"HK_COMMON_SHARES":206747688,"PER_SHARES":1000,"TOTAL_MARKET_CAP":202612734.24,"HKSK_MARKET_CAP":202612734.24,"PE_TTM":-3.290342886096,"PB_TTM":0.201623167733,"REPORT_DATE_SQ":"2020-06-30 00:00:00","REPORT_TYPE_SQ":"2020年中报","OPERATE_INCOME_SQ":193010848,"DPS_HKD":0.02,"OPERATE_INCOME_QOQ_SQ":0,"NET_PROFIT_RATIO_SQ":-10.383792397,"HOLDER_PROFIT_SQ":-19675419.52,"HOLDER_PROFIT_QOQ_SQ":0,"ROE_AVG_SQ":-2.032771645237,"PE_TTM_SQ":-10.226669585789,"PB_TTM_SQ":0.227103899148,"ROA_SQ":-1.816739054413,"START_DATE":"2021-04-01 00:00:00","FISCAL_YEAR":"3-31","CURRENCY":"HKD","IS_CNY_CODE":0,"DPS_HKD_LY":null,"ORG_TYPE":"一般企业","PREMIUM_INCOME":null,"PREMIUM_INCOME_YOY":null,"NET_INTEREST_INCOME":null,"NET_INTEREST_INCOME_YOY":null,"FEE_COMMISSION_INCOME":null,"FEE_COMMISSION_INCOME_YOY":null,"ACCOUNTS_RECE_TDAYS":1.650529346306,"INVENTORY_TDAYS":4.883845988385,"CURRENT_ASSETS_TDAYS":0.413832205351,"TOTAL_ASSETS_TDAYS":0.130064223187,"PREMIUM_EXPENSE":null,"LOAN_DEPOSIT":null,"LOAN_EQUITY":null,"LOAN_ASSETS":null,"DEPOSIT_EQUITY":null,"DEPOSIT_ASSETS":null,"EQUITY_MULTIPLIER":1.110228224363,"EQUITY_RATIO":0.110228224363},{"SECUCODE":"00294.HK","SECURITY_CODE":"00294","SECURITY_NAME_ABBR":"长江制衣","ORG_CODE":"10007547","STD_REPORT_DATE":"2020-12-31 00:00:00","REPORT_DATE":"2021-03-31 00:00:00","DATE_TYPE_CODE":"001","REPORT_TYPE":"2020年年报","PER_NETCASH_OPERATE":-0.015297213674,"PER_OI":1.718892549357,"BPS":4.558263076586,"BASIC_EPS":-0.1098734,"DILUTED_EPS":-0.1098734,"OPERATE_INCOME":355377060.5,"OPERATE_INCOME_YOY":-35.9239087368,"GROSS_PROFIT":60310354.44,"GROSS_PROFIT_YOY":-40.571949460854,"HOLDER_PROFIT":-23514597.96,"HOLDER_PROFIT_YOY":45.4566841146,"GROSS_PROFIT_RATIO":16.970806825614,"EPS_TTM":-0.238154836634,"OPERATE_INCOME_QOQ":0,"NET_PROFIT_RATIO":-6.8139604019,"ROE_AVG":-2.510323210204,"GROSS_PROFIT_QOQ":0,"ROA":-2.25199666191,"HOLDER_PROFIT_QOQ":0,"ROE_YEARLY":-2.510323210204,"ROIC_YEARLY":-2.875920497162,"TOTAL_ASSETS":1036667361.52,"TOTAL_LIABILITIES":95658317.58,"TAX_EBT":1.046487531947,"OCF_SALES":-0.889945894524,"TOTAL_PARENT_EQUITY":942410352.38,"DEBT_ASSET_RATIO":9.2274842568,"OPERATE_PROFIT":-18980207.26,"PRETAX_PROFIT":-24471341.72,"NETCASH_OPERATE":-3162663.56,"NETCASH_INVEST":2939536.04,"NETCASH_FINANCE":-6054869.52,"END_CASH":224889720.3,"DIVI_RATIO":-0.07613114332,"DIVIDEND_RATE":2.040816326531,"CURRENT_RATIO":5.230346101341,"COMMON_ACS":null,"CURRENTDEBT_DEBT":66.016380841307,"ISSUED_COMMON_SHARES":206747688,"HK_COMMON_SHARES":206747688,"PER_SHARES":1000,"TOTAL_MARKET_CAP":202612734.24,"HKSK_MARKET_CAP":202612734.24,"PE_TTM":-3.290342886096,"PB_TTM":0.201623167733,"REPORT_DATE_SQ":"2019-12-31 00:00:00","REPORT_TYPE_SQ":"2019年年报","OPERATE_INCOME_SQ":599580904.4,"DPS_HKD":0.02,"OPERATE_INCOME_QOQ_SQ":0,"NET_PROFIT_RATIO_SQ":-7.739267188,"HOLDER_PROFIT_SQ":-46606923.3,"HOLDER_PROFIT_QOQ_SQ":0,"ROE_AVG_SQ":-4.40071917495,"PE_TTM_SQ":-10.226669585789,"PB_TTM_SQ":0.227103899148,"ROA_SQ":-3.91861474522,"START_DATE":"2020-04-01 00:00:00","FISCAL_YEAR":"3-31","CURRENCY":"HKD","IS_CNY_CODE":0,"DPS_HKD_LY":null,"ORG_TYPE":"一般企业","PREMIUM_INCOME":null,"PREMIUM_INCOME_YOY":null,"NET_INTEREST_INCOME":null,"NET_INTEREST_INCOME_YOY":null,"FEE_COMMISSION_INCOME":null,"FEE_COMMISSION_INCOME_YOY":null,"ACCOUNTS_RECE_TDAYS":3.818039835283,"INVENTORY_TDAYS":9.514669210329,"CURRENT_ASSETS_TDAYS":1.008265632044,"TOTAL_ASSETS_TDAYS":0.34034515722,"PREMIUM_EXPENSE":null,"LOAN_DEPOSIT":null,"LOAN_EQUITY":null,"LOAN_ASSETS":null,"DEPOSIT_EQUITY":null,"DEPOSIT_ASSETS":null,"EQUITY_MULTIPLIER":1.101655045927,"EQUITY_RATIO":0.101503890888},{"SECUCODE":"00294.HK","SECURITY_CODE":"00294","SECURITY_NAME_ABBR":"长江制衣","ORG_CODE":"10007547","STD_REPORT_DATE":"2020-06-30 00:00:00","REPORT_DATE":"2020-09-30 00:00:00","DATE_TYPE_CODE":"002","REPORT_TYPE":"2020年中报","PER_NETCASH_OPERATE":0.00123255937,"PER_OI":0.9335574674,"BPS":4.681328489245,"BASIC_EPS":-0.0966592,"DILUTED_EPS":-0.0966592,"OPERATE_INCOME":193010848,"OPERATE_INCOME_YOY":-24.5100802156,"GROSS_PROFIT":31594377.6,"GROSS_PROFIT_YOY":-23.141689504416,"HOLDER_PROFIT":-19675419.52,"HOLDER_PROFIT_YOY":-18.4959779848,"GROSS_PROFIT_RATIO":16.369223765081,"EPS_TTM":-0.225428993915,"OPERATE_INCOME_QOQ":0,"NET_PROFIT_RATIO":-10.383792397,"ROE_AVG":-2.032771645237,"GROSS_PROFIT_QOQ":0,"ROA":-1.816739054413,"HOLDER_PROFIT_QOQ":0,"ROE_YEARLY":-4.065543290474,"ROIC_YEARLY":-4.663523771141,"TOTAL_ASSETS":1072614840.32,"TOTAL_LIABILITIES":105848853.76,"TAX_EBT":-4.207977338146,"OCF_SALES":0.132028226724,"TOTAL_PARENT_EQUITY":967853841.92,"DEBT_ASSET_RATIO":9.8683003238,"OPERATE_PROFIT":-8148370.56,"PRETAX_PROFIT":-19232544.64,"NETCASH_OPERATE":254828.8,"NETCASH_INVEST":3818038.4,"NETCASH_FINANCE":-3115062.4,"END_CASH":240821124.48,"DIVI_RATIO":-0.080428873346,"DIVIDEND_RATE":2.040816326531,"CURRENT_RATIO":5.621542643561,"COMMON_ACS":null,"CURRENTDEBT_DEBT":61.079380364941,"ISSUED_COMMON_SHARES":206747688,"HK_COMMON_SHARES":206747688,"PER_SHARES":1000,"TOTAL_MARKET_CAP":202612734.24,"HKSK_MARKET_CAP":202612734.24,"PE_TTM":-3.290342886096,"PB_TTM":0.201623167733,"REPORT_DATE_SQ":"2019-06-30 00:00:00","REPORT_TYPE_SQ":"2019年中报","OPERATE_INCOME_SQ":262454241.66,"DPS_HKD":0.02,"OPERATE_INCOME_QOQ_SQ":0,"NET_PROFIT_RATIO_SQ":-6.4777327935,"HOLDER_PROFIT_SQ":-17044380.96,"HOLDER_PROFIT_QOQ_SQ":0,"ROE_AVG_SQ":-1.608234542148,"PE_TTM_SQ":-10.226669585789,"PB_TTM_SQ":0.227103899148,"ROA_SQ":-1.407586710612,"START_DATE":"2020-04-01 00:00:00","FISCAL_YEAR":"3-31","CURRENCY":"HKD","IS_CNY_CODE":0,"DPS_HKD_LY":null,"ORG_TYPE":"一般企业","PREMIUM_INCOME":null,"PREMIUM_INCOME_YOY":null,"NET_INTEREST_INCOME":null,"NET_INTEREST_INCOME_YOY":null,"FEE_COMMISSION_INCOME":null,"FEE_COMMISSION_INCOME_YOY":null,"ACCOUNTS_RECE_TDAYS":1.971865124964,"INVENTORY_TDAYS":4.437613238314,"CURRENT_ASSETS_TDAYS":0.512685852998,"TOTAL_ASSETS_TDAYS":0.178217468314,"PREMIUM_EXPENSE":null,"LOAN_DEPOSIT":null,"LOAN_EQUITY":null,"LOAN_ASSETS":null,"DEPOSIT_EQUITY":null,"DEPOSIT_ASSETS":null,"EQUITY_MULTIPLIER":1.109487564966,"EQUITY_RATIO":0.109364502341}],"count":48},"success":true,"message":"ok","code":0}