{"version":"bf50a8ab0b169d67d05cd76d0abc7257","result":{"pages":5,"data":[{"SECUCODE":"00299.HK","SECURITY_CODE":"00299","SECURITY_NAME_ABBR":"宝新置地","ORG_CODE":"10008810","STD_REPORT_DATE":"2024-06-30 00:00:00","REPORT_DATE":"2024-06-30 00:00:00","DATE_TYPE_CODE":"002","REPORT_TYPE":"2024年中报","PER_NETCASH_OPERATE":1.370743835111,"PER_OI":3.80288017119,"BPS":-0.155870815955,"BASIC_EPS":-10.151648372,"DILUTED_EPS":-10.151648372,"OPERATE_INCOME":415284002.88,"OPERATE_INCOME_YOY":185.112035691,"GROSS_PROFIT":-104754672.36,"GROSS_PROFIT_YOY":-100.801028448904,"HOLDER_PROFIT":-1108584023.96,"HOLDER_PROFIT_YOY":-796.2927707554,"GROSS_PROFIT_RATIO":-25.224827258822,"EPS_TTM":-13.997632518927,"OPERATE_INCOME_QOQ":24.595655883981,"NET_PROFIT_RATIO":-345.024790337,"ROE_AVG":-207.533165834727,"GROSS_PROFIT_QOQ":-26.034788366896,"ROA":-12.089936249106,"HOLDER_PROFIT_QOQ":-180.50455163005,"ROE_YEARLY":-415.066331669453,"ROIC_YEARLY":-26.48633137074,"TOTAL_ASSETS":8164765916.32,"TOTAL_LIABILITIES":7569392808.52,"TAX_EBT":1.988060648211,"OCF_SALES":36.044886333667,"TOTAL_PARENT_EQUITY":-17021482,"DEBT_ASSET_RATIO":92.7080198759,"OPERATE_PROFIT":-1356713422.88,"PRETAX_PROFIT":-1461896142.16,"NETCASH_OPERATE":149688646.8,"NETCASH_INVEST":12973746.2,"NETCASH_FINANCE":-184133190,"END_CASH":16939340.8,"DIVI_RATIO":null,"DIVIDEND_RATE":null,"CURRENT_RATIO":1.053319806803,"COMMON_ACS":8000000000,"CURRENTDEBT_DEBT":92.122891549123,"ISSUED_COMMON_SHARES":109202495,"HK_COMMON_SHARES":109202495,"PER_SHARES":5000,"TOTAL_MARKET_CAP":22932523.95,"HKSK_MARKET_CAP":22932523.95,"PE_TTM":-0.013646583433,"PB_TTM":-1.229625949062,"REPORT_DATE_SQ":"2023-06-30 00:00:00","REPORT_TYPE_SQ":"2023年中报","OPERATE_INCOME_SQ":147140632.16,"DPS_HKD":null,"OPERATE_INCOME_QOQ_SQ":-63.997956911843,"NET_PROFIT_RATIO_SQ":-136.0124567648,"HOLDER_PROFIT_SQ":-124945807.62,"HOLDER_PROFIT_QOQ_SQ":7.6997225965,"ROE_AVG_SQ":-8.273132602164,"PE_TTM_SQ":-0.028940347065,"PB_TTM_SQ":0.012897489185,"ROA_SQ":-0.931905386837,"START_DATE":"2024-01-01 00:00:00","FISCAL_YEAR":"12-31","CURRENCY":"HKD","IS_CNY_CODE":0,"DPS_HKD_LY":null,"ORG_TYPE":"一般企业","PREMIUM_INCOME":null,"PREMIUM_INCOME_YOY":null,"NET_INTEREST_INCOME":null,"NET_INTEREST_INCOME_YOY":null,"FEE_COMMISSION_INCOME":null,"FEE_COMMISSION_INCOME_YOY":null,"ACCOUNTS_RECE_TDAYS":0.163773526095,"INVENTORY_TDAYS":0.124991993219,"CURRENT_ASSETS_TDAYS":0.051184096817,"TOTAL_ASSETS_TDAYS":0.045289820271,"PREMIUM_EXPENSE":null,"LOAN_DEPOSIT":null,"LOAN_EQUITY":null,"LOAN_ASSETS":null,"DEPOSIT_EQUITY":null,"DEPOSIT_ASSETS":null,"EQUITY_MULTIPLIER":13.71369618377,"EQUITY_RATIO":-444.696461126005},{"SECUCODE":"00299.HK","SECURITY_CODE":"00299","SECURITY_NAME_ABBR":"宝新置地","ORG_CODE":"10008810","STD_REPORT_DATE":"2023-12-31 00:00:00","REPORT_DATE":"2023-12-31 00:00:00","DATE_TYPE_CODE":"001","REPORT_TYPE":"2023年年报","PER_NETCASH_OPERATE":0.749564572678,"PER_OI":9.983345359646,"BPS":9.868667996459,"BASIC_EPS":-4.990191052,"DILUTED_EPS":-4.990191052,"OPERATE_INCOME":1090206221.72,"OPERATE_INCOME_YOY":-25.6228411461,"GROSS_PROFIT":-201984657.14,"GROSS_PROFIT_YOY":56.940271798274,"HOLDER_PROFIT":-544938178.82,"HOLDER_PROFIT_YOY":23.5967519176,"GROSS_PROFIT_RATIO":-18.527197250932,"EPS_TTM":-4.990162347664,"OPERATE_INCOME_QOQ":109.586512604841,"NET_PROFIT_RATIO":-68.809568538,"ROE_AVG":-41.976632374371,"GROSS_PROFIT_QOQ":50.90374431281,"ROA":-4.321127358717,"HOLDER_PROFIT_QOQ":16.023124956874,"ROE_YEARLY":-41.976632374371,"ROIC_YEARLY":-4.778761617532,"TOTAL_ASSETS":10102176259.56,"TOTAL_LIABILITIES":8085306620.86,"TAX_EBT":7.190986797259,"OCF_SALES":7.508150281041,"TOTAL_PARENT_EQUITY":1077683167.54,"DEBT_ASSET_RATIO":80.0352954959,"OPERATE_PROFIT":-687049786.78,"PRETAX_PROFIT":-808290241.92,"NETCASH_OPERATE":81854321.5,"NETCASH_INVEST":92662807.44,"NETCASH_FINANCE":-242074017.5,"END_CASH":21607003.46,"DIVI_RATIO":null,"DIVIDEND_RATE":null,"CURRENT_RATIO":1.195789142574,"COMMON_ACS":8000000000,"CURRENTDEBT_DEBT":91.218035660786,"ISSUED_COMMON_SHARES":109202495,"HK_COMMON_SHARES":109202495,"PER_SHARES":5000,"TOTAL_MARKET_CAP":28392648.7,"HKSK_MARKET_CAP":28392648.7,"PE_TTM":-0.016895769965,"PB_TTM":-1.522394032172,"REPORT_DATE_SQ":"2022-12-31 00:00:00","REPORT_TYPE_SQ":"2022年年报","OPERATE_INCOME_SQ":1444834747.09,"DPS_HKD":null,"OPERATE_INCOME_QOQ_SQ":-50.5029159443,"NET_PROFIT_RATIO_SQ":-56.3389546742,"HOLDER_PROFIT_SQ":-703047260.23,"HOLDER_PROFIT_QOQ_SQ":-520.008823297528,"ROE_AVG_SQ":-33.999250939889,"PE_TTM_SQ":-0.034605917655,"PB_TTM_SQ":0.015422394475,"ROA_SQ":-4.273392571427,"START_DATE":"2023-01-01 00:00:00","FISCAL_YEAR":"12-31","CURRENCY":"HKD","IS_CNY_CODE":0,"DPS_HKD_LY":null,"ORG_TYPE":"一般企业","PREMIUM_INCOME":null,"PREMIUM_INCOME_YOY":null,"NET_INTEREST_INCOME":null,"NET_INTEREST_INCOME_YOY":null,"FEE_COMMISSION_INCOME":null,"FEE_COMMISSION_INCOME_YOY":null,"ACCOUNTS_RECE_TDAYS":0.307511096552,"INVENTORY_TDAYS":0.222626231779,"CURRENT_ASSETS_TDAYS":0.105351642697,"TOTAL_ASSETS_TDAYS":0.086448703989,"PREMIUM_EXPENSE":null,"LOAN_DEPOSIT":null,"LOAN_EQUITY":null,"LOAN_ASSETS":null,"DEPOSIT_EQUITY":null,"DEPOSIT_ASSETS":null,"EQUITY_MULTIPLIER":5.008839473655,"EQUITY_RATIO":7.502489474078},{"SECUCODE":"00299.HK","SECURITY_CODE":"00299","SECURITY_NAME_ABBR":"宝新置地","ORG_CODE":"10008810","STD_REPORT_DATE":"2023-06-30 00:00:00","REPORT_DATE":"2023-06-30 00:00:00","DATE_TYPE_CODE":"002","REPORT_TYPE":"2023年中报","PER_NETCASH_OPERATE":1.140645568217,"PER_OI":1.347410900822,"BPS":13.510708751664,"BASIC_EPS":-1.14417718,"DILUTED_EPS":-1.14417718,"OPERATE_INCOME":147140632.16,"OPERATE_INCOME_YOY":-87.2662062802,"GROSS_PROFIT":-52168394.34,"GROSS_PROFIT_YOY":52.50647378968,"HOLDER_PROFIT":-124945807.62,"HOLDER_PROFIT_YOY":35.2828530769,"GROSS_PROFIT_RATIO":-35.454784700988,"EPS_TTM":-5.942305360972,"OPERATE_INCOME_QOQ":-63.997956911843,"NET_PROFIT_RATIO":-136.0124567648,"ROE_AVG":-8.273132602164,"GROSS_PROFIT_QOQ":12.295290956452,"ROA":-0.931905386837,"HOLDER_PROFIT_QOQ":7.6997225965,"ROE_YEARLY":-16.546265204328,"ROIC_YEARLY":-2.066280412803,"TOTAL_ASSETS":11432317817.08,"TOTAL_LIABILITIES":8863451042.08,"TAX_EBT":11.629639581323,"OCF_SALES":84.654619279162,"TOTAL_PARENT_EQUITY":1475403104.9,"DEBT_ASSET_RATIO":77.5297816584,"OPERATE_PROFIT":-165750798.46,"PRETAX_PROFIT":-226466869.38,"NETCASH_OPERATE":124561341.96,"NETCASH_INVEST":-4901245.68,"NETCASH_FINANCE":-145445110.94,"END_CASH":54212424,"DIVI_RATIO":null,"DIVIDEND_RATE":null,"CURRENT_RATIO":1.201394460956,"COMMON_ACS":8000000000,"CURRENTDEBT_DEBT":94.209567466404,"ISSUED_COMMON_SHARES":109202495,"HK_COMMON_SHARES":109202495,"PER_SHARES":5000,"TOTAL_MARKET_CAP":28392648.7,"HKSK_MARKET_CAP":28392648.7,"PE_TTM":-0.016895769965,"PB_TTM":-1.522394032172,"REPORT_DATE_SQ":"2022-06-30 00:00:00","REPORT_TYPE_SQ":"2022年中报","OPERATE_INCOME_SQ":1071805351.05,"DPS_HKD":null,"OPERATE_INCOME_QOQ_SQ":-35.137699358703,"NET_PROFIT_RATIO_SQ":-31.1347288547,"HOLDER_PROFIT_SQ":-179078496.38,"HOLDER_PROFIT_QOQ_SQ":-38.816822115678,"ROE_AVG_SQ":-7.509220133339,"PE_TTM_SQ":-0.034605917655,"PB_TTM_SQ":0.015422394475,"ROA_SQ":-1.080057129009,"START_DATE":"2023-01-01 00:00:00","FISCAL_YEAR":"12-31","CURRENCY":"HKD","IS_CNY_CODE":0,"DPS_HKD_LY":null,"ORG_TYPE":"一般企业","PREMIUM_INCOME":null,"PREMIUM_INCOME_YOY":null,"NET_INTEREST_INCOME":null,"NET_INTEREST_INCOME_YOY":null,"FEE_COMMISSION_INCOME":null,"FEE_COMMISSION_INCOME_YOY":null,"ACCOUNTS_RECE_TDAYS":0.037871653509,"INVENTORY_TDAYS":0.032826750305,"CURRENT_ASSETS_TDAYS":0.013306422885,"TOTAL_ASSETS_TDAYS":0.010974449671,"PREMIUM_EXPENSE":null,"LOAN_DEPOSIT":null,"LOAN_EQUITY":null,"LOAN_ASSETS":null,"DEPOSIT_EQUITY":null,"DEPOSIT_ASSETS":null,"EQUITY_MULTIPLIER":4.450335038128,"EQUITY_RATIO":6.007477558264},{"SECUCODE":"00299.HK","SECURITY_CODE":"00299","SECURITY_NAME_ABBR":"宝新置地","ORG_CODE":"10008810","STD_REPORT_DATE":"2022-12-31 00:00:00","REPORT_DATE":"2022-12-31 00:00:00","DATE_TYPE_CODE":"001","REPORT_TYPE":"2022年年报","PER_NETCASH_OPERATE":7.831361290967,"PER_OI":13.230785130779,"BPS":13.708501883222,"BASIC_EPS":-6.438064871,"DILUTED_EPS":-6.438064871,"OPERATE_INCOME":1444834747.09,"OPERATE_INCOME_YOY":-70.6147021051,"GROSS_PROFIT":-469080195.29,"GROSS_PROFIT_YOY":-312.281225747057,"HOLDER_PROFIT":-703047260.23,"HOLDER_PROFIT_YOY":-335.2060988402,"GROSS_PROFIT_RATIO":-32.466010125709,"EPS_TTM":-6.438014628054,"OPERATE_INCOME_QOQ":-50.5029159443,"NET_PROFIT_RATIO":-56.3389546742,"ROE_AVG":-33.999250939889,"GROSS_PROFIT_QOQ":-1338.49711017791,"ROA":-4.273392571427,"HOLDER_PROFIT_QOQ":-520.008823297528,"ROE_YEARLY":-33.999250939889,"ROIC_YEARLY":-4.762728757487,"TOTAL_ASSETS":14903796365.99,"TOTAL_LIABILITIES":12051983654.41,"TAX_EBT":14.176060456798,"OCF_SALES":59.19045025339,"TOTAL_PARENT_EQUITY":1497002608.36,"DEBT_ASSET_RATIO":80.8651927231,"OPERATE_PROFIT":-782398220.87,"PRETAX_PROFIT":-948458900.41,"NETCASH_OPERATE":855204192.22,"NETCASH_INVEST":19720721.79,"NETCASH_FINANCE":-1070591241.16,"END_CASH":78978467.05,"DIVI_RATIO":null,"DIVIDEND_RATE":null,"CURRENT_RATIO":1.077795989049,"COMMON_ACS":8000000000,"CURRENTDEBT_DEBT":90.130242529953,"ISSUED_COMMON_SHARES":109202495,"HK_COMMON_SHARES":109202495,"PER_SHARES":5000,"TOTAL_MARKET_CAP":28392648.7,"HKSK_MARKET_CAP":28392648.7,"PE_TTM":-0.016895769965,"PB_TTM":-1.522394032172,"REPORT_DATE_SQ":"2021-12-31 00:00:00","REPORT_TYPE_SQ":"2021年年报","OPERATE_INCOME_SQ":4500349201.6,"DPS_HKD":null,"OPERATE_INCOME_QOQ_SQ":-28.864118092102,"NET_PROFIT_RATIO_SQ":5.5357943848,"HOLDER_PROFIT_SQ":273586129.6,"HOLDER_PROFIT_QOQ_SQ":160.389205683561,"ROE_AVG_SQ":12.779639713924,"PE_TTM_SQ":-0.034605917655,"PB_TTM_SQ":0.015422394475,"ROA_SQ":1.527359262517,"START_DATE":"2022-01-01 00:00:00","FISCAL_YEAR":"12-31","CURRENCY":"HKD","IS_CNY_CODE":0,"DPS_HKD_LY":null,"ORG_TYPE":"一般企业","PREMIUM_INCOME":null,"PREMIUM_INCOME_YOY":null,"NET_INTEREST_INCOME":null,"NET_INTEREST_INCOME_YOY":null,"FEE_COMMISSION_INCOME":null,"FEE_COMMISSION_INCOME_YOY":null,"ACCOUNTS_RECE_TDAYS":0.339659422271,"INVENTORY_TDAYS":0.236699795083,"CURRENT_ASSETS_TDAYS":0.11135097093,"TOTAL_ASSETS_TDAYS":0.087822631911,"PREMIUM_EXPENSE":null,"LOAN_DEPOSIT":null,"LOAN_EQUITY":null,"LOAN_ASSETS":null,"DEPOSIT_EQUITY":null,"DEPOSIT_ASSETS":null,"EQUITY_MULTIPLIER":5.226078243324,"EQUITY_RATIO":8.050743256629},{"SECUCODE":"00299.HK","SECURITY_CODE":"00299","SECURITY_NAME_ABBR":"宝新置地","ORG_CODE":"10008810","STD_REPORT_DATE":"2022-06-30 00:00:00","REPORT_DATE":"2022-06-30 00:00:00","DATE_TYPE_CODE":"002","REPORT_TYPE":"2022年中报","PER_NETCASH_OPERATE":6.193172671558,"PER_OI":9.814843067917,"BPS":20.54337938863,"BASIC_EPS":-1.6419648,"DILUTED_EPS":-1.6419648,"OPERATE_INCOME":1071805351.05,"OPERATE_INCOME_YOY":-60.6938274354,"GROSS_PROFIT":-109843169.17,"GROSS_PROFIT_YOY":-249.950414109267,"HOLDER_PROFIT":-179078496.38,"HOLDER_PROFIT_YOY":-139.0733996278,"GROSS_PROFIT_RATIO":-10.248425151301,"EPS_TTM":1.532828424296,"OPERATE_INCOME_QOQ":-35.137699358703,"NET_PROFIT_RATIO":-31.1347288547,"ROE_AVG":-7.509220133339,"GROSS_PROFIT_QOQ":-82.859772218882,"ROA":-1.080057129009,"HOLDER_PROFIT_QOQ":-38.816822115678,"ROE_YEARLY":-15.018440266679,"ROIC_YEARLY":-2.406378036023,"TOTAL_ASSETS":15928579087.82,"TOTAL_LIABILITIES":12318160180.76,"TAX_EBT":6.270942575009,"OCF_SALES":63.100068220172,"TOTAL_PARENT_EQUITY":2243388284.97,"DEBT_ASSET_RATIO":77.3337038592,"OPERATE_PROFIT":-332745877.1,"PRETAX_PROFIT":-356030135.23,"NETCASH_OPERATE":676309907.7,"NETCASH_INVEST":-90964849.92,"NETCASH_FINANCE":-771964619.58,"END_CASH":162776009.41,"DIVI_RATIO":null,"DIVIDEND_RATE":null,"CURRENT_RATIO":1.39010527065,"COMMON_ACS":8000000000,"CURRENTDEBT_DEBT":73.740426620265,"ISSUED_COMMON_SHARES":109202495,"HK_COMMON_SHARES":109202495,"PER_SHARES":5000,"TOTAL_MARKET_CAP":28392648.7,"HKSK_MARKET_CAP":28392648.7,"PE_TTM":-0.016895769965,"PB_TTM":-1.522394032172,"REPORT_DATE_SQ":"2021-06-30 00:00:00","REPORT_TYPE_SQ":"2021年中报","OPERATE_INCOME_SQ":2653124523.6,"DPS_HKD":null,"OPERATE_INCOME_QOQ_SQ":10.778793714287,"NET_PROFIT_RATIO_SQ":-2.631825296,"HOLDER_PROFIT_SQ":-72881055.12,"HOLDER_PROFIT_QOQ_SQ":26.778946434227,"ROE_AVG_SQ":-3.667672192873,"PE_TTM_SQ":-0.034605917655,"PB_TTM_SQ":0.015422394475,"ROA_SQ":-0.352294684696,"START_DATE":"2022-01-01 00:00:00","FISCAL_YEAR":"12-31","CURRENCY":"HKD","IS_CNY_CODE":0,"DPS_HKD_LY":null,"ORG_TYPE":"一般企业","PREMIUM_INCOME":null,"PREMIUM_INCOME_YOY":null,"NET_INTEREST_INCOME":null,"NET_INTEREST_INCOME_YOY":null,"FEE_COMMISSION_INCOME":null,"FEE_COMMISSION_INCOME_YOY":null,"ACCOUNTS_RECE_TDAYS":0.25127938367,"INVENTORY_TDAYS":0.143927570913,"CURRENT_ASSETS_TDAYS":0.081620198335,"TOTAL_ASSETS_TDAYS":0.064642658595,"PREMIUM_EXPENSE":null,"LOAN_DEPOSIT":null,"LOAN_EQUITY":null,"LOAN_ASSETS":null,"DEPOSIT_EQUITY":null,"DEPOSIT_ASSETS":null,"EQUITY_MULTIPLIER":4.411836824985,"EQUITY_RATIO":5.490873008158},{"SECUCODE":"00299.HK","SECURITY_CODE":"00299","SECURITY_NAME_ABBR":"宝新置地","ORG_CODE":"10008810","STD_REPORT_DATE":"2021-12-31 00:00:00","REPORT_DATE":"2021-12-31 00:00:00","DATE_TYPE_CODE":"001","REPORT_TYPE":"2021年年报","PER_NETCASH_OPERATE":0.260898282908,"PER_OI":0.82422094163,"BPS":22.116128742297,"BASIC_EPS":2.62138912,"DILUTED_EPS":2.62138912,"OPERATE_INCOME":4500349201.6,"OPERATE_INCOME_YOY":-18.652694832,"GROSS_PROFIT":220971116.8,"GROSS_PROFIT_YOY":386.41666502364,"HOLDER_PROFIT":273586129.6,"HOLDER_PROFIT_YOY":145.5177489036,"GROSS_PROFIT_RATIO":4.910088237629,"EPS_TTM":0.050106204486,"OPERATE_INCOME_QOQ":-28.864118092102,"NET_PROFIT_RATIO":5.5357943848,"ROE_AVG":12.779639713924,"GROSS_PROFIT_QOQ":476.753258690078,"ROA":1.527359262517,"HOLDER_PROFIT_QOQ":160.389205683561,"ROE_YEARLY":12.779639713924,"ROIC_YEARLY":1.711287678505,"TOTAL_ASSETS":16474900814.4,"TOTAL_LIABILITIES":12556996771.2,"TAX_EBT":1.582230404204,"OCF_SALES":31.653925510792,"TOTAL_PARENT_EQUITY":2415136438.4,"DEBT_ASSET_RATIO":76.2189521665,"OPERATE_PROFIT":285206678.4,"PRETAX_PROFIT":182977244.8,"NETCASH_OPERATE":1424537184,"NETCASH_INVEST":419659363.2,"NETCASH_FINANCE":-2126164712,"END_CASH":279122916.8,"DIVI_RATIO":null,"DIVIDEND_RATE":null,"CURRENT_RATIO":1.339581541098,"COMMON_ACS":8000000000,"CURRENTDEBT_DEBT":77.503056641066,"ISSUED_COMMON_SHARES":109202495,"HK_COMMON_SHARES":109202495,"PER_SHARES":5000,"TOTAL_MARKET_CAP":28392648.7,"HKSK_MARKET_CAP":28392648.7,"PE_TTM":-0.016895769965,"PB_TTM":-1.522394032172,"REPORT_DATE_SQ":"2020-12-31 00:00:00","REPORT_TYPE_SQ":"2020年年报","OPERATE_INCOME_SQ":5694931810.8,"DPS_HKD":null,"OPERATE_INCOME_QOQ_SQ":-38.972684715492,"NET_PROFIT_RATIO_SQ":-11.6518369997,"HOLDER_PROFIT_SQ":-618726596.16,"HOLDER_PROFIT_QOQ_SQ":-604.981611018731,"ROE_AVG_SQ":-28.3257173913,"PE_TTM_SQ":-0.034605917655,"PB_TTM_SQ":0.015422394475,"ROA_SQ":-3.353591750485,"START_DATE":"2021-01-01 00:00:00","FISCAL_YEAR":"12-31","CURRENCY":"HKD","IS_CNY_CODE":0,"DPS_HKD_LY":null,"ORG_TYPE":"一般企业","PREMIUM_INCOME":null,"PREMIUM_INCOME_YOY":null,"NET_INTEREST_INCOME":null,"NET_INTEREST_INCOME_YOY":null,"FEE_COMMISSION_INCOME":null,"FEE_COMMISSION_INCOME_YOY":null,"ACCOUNTS_RECE_TDAYS":1.087869895342,"INVENTORY_TDAYS":0.501060046959,"CURRENT_ASSETS_TDAYS":0.330864774585,"TOTAL_ASSETS_TDAYS":0.251242636009,"PREMIUM_EXPENSE":null,"LOAN_DEPOSIT":null,"LOAN_EQUITY":null,"LOAN_ASSETS":null,"DEPOSIT_EQUITY":null,"DEPOSIT_ASSETS":null,"EQUITY_MULTIPLIER":4.205029177021,"EQUITY_RATIO":5.199290844007},{"SECUCODE":"00299.HK","SECURITY_CODE":"00299","SECURITY_NAME_ABBR":"宝新置地","ORG_CODE":"10008810","STD_REPORT_DATE":"2021-06-30 00:00:00","REPORT_DATE":"2021-06-30 00:00:00","DATE_TYPE_CODE":"002","REPORT_TYPE":"2021年中报","PER_NETCASH_OPERATE":0.194274962261,"PER_OI":0.48590913619,"BPS":18.99890116833,"BASIC_EPS":-0.7322304,"DILUTED_EPS":-0.7322304,"OPERATE_INCOME":2653124523.6,"OPERATE_INCOME_YOY":42.8685362324,"GROSS_PROFIT":73252994.88,"GROSS_PROFIT_YOY":20.143587461918,"HOLDER_PROFIT":-72881055.12,"HOLDER_PROFIT_YOY":66.4637391501,"GROSS_PROFIT_RATIO":2.747792045069,"EPS_TTM":-0.082972120463,"OPERATE_INCOME_QOQ":10.778793714287,"NET_PROFIT_RATIO":-2.631825296,"ROE_AVG":-3.667672192873,"GROSS_PROFIT_QOQ":45.917121252958,"ROA":-0.352294684696,"HOLDER_PROFIT_QOQ":26.778946434227,"ROE_YEARLY":-7.335344385747,"ROIC_YEARLY":-0.787476295762,"TOTAL_ASSETS":21682535346.72,"TOTAL_LIABILITIES":18082192585.2,"TAX_EBT":-82.558780941874,"OCF_SALES":39.913225312686,"TOTAL_PARENT_EQUITY":2074727409.84,"DEBT_ASSET_RATIO":83.395194778,"OPERATE_PROFIT":76033806.24,"PRETAX_PROFIT":-24135312.48,"NETCASH_OPERATE":1060765538.88,"NETCASH_INVEST":-310638762.24,"NETCASH_FINANCE":-642235955.52,"END_CASH":724204988.4,"DIVI_RATIO":null,"DIVIDEND_RATE":null,"CURRENT_RATIO":1.348406590297,"COMMON_ACS":8000000000,"CURRENTDEBT_DEBT":65.527401356062,"ISSUED_COMMON_SHARES":109202495,"HK_COMMON_SHARES":109202495,"PER_SHARES":5000,"TOTAL_MARKET_CAP":28392648.7,"HKSK_MARKET_CAP":28392648.7,"PE_TTM":-0.016895769965,"PB_TTM":-1.522394032172,"REPORT_DATE_SQ":"2020-06-30 00:00:00","REPORT_TYPE_SQ":"2020年中报","OPERATE_INCOME_SQ":2042118434.4,"DPS_HKD":null,"OPERATE_INCOME_QOQ_SQ":6.952584070996,"NET_PROFIT_RATIO_SQ":-11.9003325677,"HOLDER_PROFIT_SQ":-238569518.88,"HOLDER_PROFIT_QOQ_SQ":-64.551051716546,"ROE_AVG_SQ":-9.545677824739,"PE_TTM_SQ":-0.034605917655,"PB_TTM_SQ":0.015422394475,"ROA_SQ":-1.285278546775,"START_DATE":"2021-01-01 00:00:00","FISCAL_YEAR":"12-31","CURRENCY":"HKD","IS_CNY_CODE":0,"DPS_HKD_LY":null,"ORG_TYPE":"一般企业","PREMIUM_INCOME":null,"PREMIUM_INCOME_YOY":null,"NET_INTEREST_INCOME":null,"NET_INTEREST_INCOME_YOY":null,"FEE_COMMISSION_INCOME":null,"FEE_COMMISSION_INCOME_YOY":null,"ACCOUNTS_RECE_TDAYS":0.628009889662,"INVENTORY_TDAYS":0.269225643908,"CURRENT_ASSETS_TDAYS":0.174878631448,"TOTAL_ASSETS_TDAYS":0.128467720435,"PREMIUM_EXPENSE":null,"LOAN_DEPOSIT":null,"LOAN_EQUITY":null,"LOAN_ASSETS":null,"DEPOSIT_EQUITY":null,"DEPOSIT_ASSETS":null,"EQUITY_MULTIPLIER":6.022353087738,"EQUITY_RATIO":8.715454618009},{"SECUCODE":"00299.HK","SECURITY_CODE":"00299","SECURITY_NAME_ABBR":"宝新置地","ORG_CODE":"10008810","STD_REPORT_DATE":"2020-12-31 00:00:00","REPORT_DATE":"2020-12-31 00:00:00","DATE_TYPE_CODE":"001","REPORT_TYPE":"2020年年报","PER_NETCASH_OPERATE":-0.396637298945,"PER_OI":1.25160453767,"BPS":17.594259475116,"BASIC_EPS":-0.136009024,"DILUTED_EPS":-0.136009024,"OPERATE_INCOME":5694931810.8,"OPERATE_INCOME_YOY":-30.5310809959,"GROSS_PROFIT":45428360.64,"GROSS_PROFIT_YOY":-97.093103386199,"HOLDER_PROFIT":-618726596.16,"HOLDER_PROFIT_YOY":-290.525852015,"GROSS_PROFIT_RATIO":0.459767573984,"EPS_TTM":-0.135980735338,"OPERATE_INCOME_QOQ":-38.972684715492,"NET_PROFIT_RATIO":-11.6518369997,"ROE_AVG":-28.3257173913,"GROSS_PROFIT_QOQ":-98.36348093842,"ROA":-3.353591750485,"HOLDER_PROFIT_QOQ":-604.981611018731,"ROE_YEARLY":-28.3257173913,"ROIC_YEARLY":-3.776039650204,"TOTAL_ASSETS":19918769848.6,"TOTAL_LIABILITIES":16487103944.76,"TAX_EBT":-8.434510067382,"OCF_SALES":-31.601965105886,"TOTAL_PARENT_EQUITY":1921337032.36,"DEBT_ASSET_RATIO":82.7716976002,"OPERATE_PROFIT":-213436537.44,"PRETAX_PROFIT":-295653824.12,"NETCASH_OPERATE":-1804741276.6,"NETCASH_INVEST":-92046800.24,"NETCASH_FINANCE":2017418654.76,"END_CASH":619027061.64,"DIVI_RATIO":null,"DIVIDEND_RATE":null,"CURRENT_RATIO":1.491635778059,"COMMON_ACS":8000000000,"CURRENTDEBT_DEBT":59.298838205161,"ISSUED_COMMON_SHARES":109202495,"HK_COMMON_SHARES":109202495,"PER_SHARES":5000,"TOTAL_MARKET_CAP":28392648.7,"HKSK_MARKET_CAP":28392648.7,"PE_TTM":-0.016895769965,"PB_TTM":-1.522394032172,"REPORT_DATE_SQ":"2019-12-31 00:00:00","REPORT_TYPE_SQ":"2019年年报","OPERATE_INCOME_SQ":8749541899.36,"DPS_HKD":null,"OPERATE_INCOME_QOQ_SQ":273.277057622607,"NET_PROFIT_RATIO_SQ":5.1090287885,"HOLDER_PROFIT_SQ":345636713,"HOLDER_PROFIT_QOQ_SQ":2002.67998668944,"ROE_AVG_SQ":13.614068588302,"PE_TTM_SQ":-0.034605917655,"PB_TTM_SQ":0.015422394475,"ROA_SQ":2.35186661317,"START_DATE":"2020-01-01 00:00:00","FISCAL_YEAR":"12-31","CURRENCY":"HKD","IS_CNY_CODE":0,"DPS_HKD_LY":null,"ORG_TYPE":"一般企业","PREMIUM_INCOME":null,"PREMIUM_INCOME_YOY":null,"NET_INTEREST_INCOME":null,"NET_INTEREST_INCOME_YOY":null,"FEE_COMMISSION_INCOME":null,"FEE_COMMISSION_INCOME_YOY":null,"ACCOUNTS_RECE_TDAYS":1.459544300488,"INVENTORY_TDAYS":0.71967841052,"CURRENT_ASSETS_TDAYS":0.435155587995,"TOTAL_ASSETS_TDAYS":0.309536786805,"PREMIUM_EXPENSE":null,"LOAN_DEPOSIT":null,"LOAN_EQUITY":null,"LOAN_ASSETS":null,"DEPOSIT_EQUITY":null,"DEPOSIT_ASSETS":null,"EQUITY_MULTIPLIER":5.804402411764,"EQUITY_RATIO":8.581057704649},{"SECUCODE":"00299.HK","SECURITY_CODE":"00299","SECURITY_NAME_ABBR":"宝新置地","ORG_CODE":"10008810","STD_REPORT_DATE":"2020-06-30 00:00:00","REPORT_DATE":"2020-06-30 00:00:00","DATE_TYPE_CODE":"002","REPORT_TYPE":"2020年中报","PER_NETCASH_OPERATE":-0.184305462343,"PER_OI":0.448806901271,"BPS":21.449908427092,"BASIC_EPS":-0.052431456,"DILUTED_EPS":-0.052431456,"OPERATE_INCOME":2042118434.4,"OPERATE_INCOME_YOY":37.1599812755,"GROSS_PROFIT":60971206.56,"GROSS_PROFIT_YOY":215.428423271863,"HOLDER_PROFIT":-238569518.88,"HOLDER_PROFIT_YOY":-1386.3248349647,"GROSS_PROFIT_RATIO":2.98568415685,"EPS_TTM":0.026927858831,"OPERATE_INCOME_QOQ":6.952584070996,"NET_PROFIT_RATIO":-11.9003325677,"ROE_AVG":-9.545677824739,"GROSS_PROFIT_QOQ":2.664584445142,"ROA":-1.285278546775,"HOLDER_PROFIT_QOQ":-64.551051716546,"ROE_YEARLY":-19.091355649478,"ROIC_YEARLY":-2.901258437246,"TOTAL_ASSETS":18694220064.96,"TOTAL_LIABILITIES":14819660607.84,"TAX_EBT":-8.13992244596,"OCF_SALES":-41.065648014994,"TOTAL_PARENT_EQUITY":2342383517.76,"DEBT_ASSET_RATIO":79.274024572,"OPERATE_PROFIT":-101006368.32,"PRETAX_PROFIT":-224726335.68,"NETCASH_OPERATE":-548370915.84,"NETCASH_INVEST":-678588181.92,"NETCASH_FINANCE":1185150035.52,"END_CASH":530044569.12,"DIVI_RATIO":null,"DIVIDEND_RATE":null,"CURRENT_RATIO":1.523750020022,"COMMON_ACS":8000000000,"CURRENTDEBT_DEBT":57.336801608431,"ISSUED_COMMON_SHARES":109202495,"HK_COMMON_SHARES":109202495,"PER_SHARES":5000,"TOTAL_MARKET_CAP":28392648.7,"HKSK_MARKET_CAP":28392648.7,"PE_TTM":-0.016895769965,"PB_TTM":-1.522394032172,"REPORT_DATE_SQ":"2019-06-30 00:00:00","REPORT_TYPE_SQ":"2019年中报","OPERATE_INCOME_SQ":1433799178.02,"DPS_HKD":null,"OPERATE_INCOME_QOQ_SQ":41.363974449473,"NET_PROFIT_RATIO_SQ":2.5703903256,"HOLDER_PROFIT_SQ":-15457385.52,"HOLDER_PROFIT_QOQ_SQ":-120.101671055101,"ROE_AVG_SQ":-0.407107786401,"PE_TTM_SQ":-0.034605917655,"PB_TTM_SQ":0.015422394475,"ROA_SQ":-0.086854988721,"START_DATE":"2020-01-01 00:00:00","FISCAL_YEAR":"12-31","CURRENCY":"HKD","IS_CNY_CODE":0,"DPS_HKD_LY":null,"ORG_TYPE":"一般企业","PREMIUM_INCOME":null,"PREMIUM_INCOME_YOY":null,"NET_INTEREST_INCOME":null,"NET_INTEREST_INCOME_YOY":null,"FEE_COMMISSION_INCOME":null,"FEE_COMMISSION_INCOME_YOY":null,"ACCOUNTS_RECE_TDAYS":0.52803681367,"INVENTORY_TDAYS":0.269887098762,"CURRENT_ASSETS_TDAYS":0.159498536348,"TOTAL_ASSETS_TDAYS":0.110017869258,"PREMIUM_EXPENSE":null,"LOAN_DEPOSIT":null,"LOAN_EQUITY":null,"LOAN_ASSETS":null,"DEPOSIT_EQUITY":null,"DEPOSIT_ASSETS":null,"EQUITY_MULTIPLIER":4.824863386883,"EQUITY_RATIO":6.326743889494}],"count":45},"success":true,"message":"ok","code":0}