{"version":"ad50a75aeae5758e111358beff281a77","result":{"pages":6,"data":[{"SECUCODE":"00293.HK","SECURITY_CODE":"00293","SECURITY_NAME_ABBR":"国泰航空","ORG_CODE":"10007546","STD_REPORT_DATE":"2024-06-30 00:00:00","REPORT_DATE":"2024-06-30 00:00:00","DATE_TYPE_CODE":"002","REPORT_TYPE":"2024年中报","PER_NETCASH_OPERATE":1.504512619189,"PER_OI":7.031927255467,"BPS":8.703287196725,"BASIC_EPS":0.47824432,"DILUTED_EPS":0.4289596,"OPERATE_INCOME":45272578720,"OPERATE_INCOME_YOY":13.7889110637,"GROSS_PROFIT":45272578720,"GROSS_PROFIT_YOY":12.641123830908,"HOLDER_PROFIT":3077556960,"HOLDER_PROFIT_YOY":-14.8269765092,"GROSS_PROFIT_RATIO":null,"EPS_TTM":1.18731916597,"OPERATE_INCOME_QOQ":5.933725250353,"NET_PROFIT_RATIO":7.2836867995,"ROE_AVG":5.553725541867,"GROSS_PROFIT_QOQ":5.933725250353,"ROA":1.928262019471,"HOLDER_PROFIT_QOQ":-6.968272994824,"ROE_YEARLY":11.107451083734,"ROIC_YEARLY":4.27698961828,"TOTAL_ASSETS":160293988400,"TOTAL_LIABILITIES":104243571560,"TAX_EBT":14.807828342372,"OCF_SALES":21.395451979679,"TOTAL_PARENT_EQUITY":56044028080,"DEBT_ASSET_RATIO":65.0327392814,"OPERATE_PROFIT":5490682880,"PRETAX_PROFIT":3870675880,"NETCASH_OPERATE":9686272840,"NETCASH_INVEST":-3725559760,"NETCASH_FINANCE":-4361697720,"END_CASH":8780894280,"DIVI_RATIO":0.48193494757,"DIVIDEND_RATE":6.274900398406,"CURRENT_RATIO":0.57681850504,"COMMON_ACS":null,"CURRENTDEBT_DEBT":41.862419779893,"ISSUED_COMMON_SHARES":6439409250,"HK_COMMON_SHARES":6439409250,"PER_SHARES":1000,"TOTAL_MARKET_CAP":64651668870,"HKSK_MARKET_CAP":64651668870,"PE_TTM":7.624017555425,"PB_TTM":1.052855891444,"REPORT_DATE_SQ":"2023-06-30 00:00:00","REPORT_TYPE_SQ":"2023年中报","OPERATE_INCOME_SQ":40191874140,"DPS_HKD":0.63,"OPERATE_INCOME_QOQ_SQ":53.362177323876,"NET_PROFIT_RATIO_SQ":9.790562705,"HOLDER_PROFIT_SQ":3650118820,"HOLDER_PROFIT_QOQ_SQ":127.888129337707,"ROE_AVG_SQ":6.171809841535,"PE_TTM_SQ":24.910005528192,"PB_TTM_SQ":0.80960414928,"ROA_SQ":2.186737072346,"START_DATE":"2024-01-01 00:00:00","FISCAL_YEAR":"12-31","CURRENCY":"HKD","IS_CNY_CODE":0,"DPS_HKD_LY":0.63,"ORG_TYPE":"一般企业","PREMIUM_INCOME":null,"PREMIUM_INCOME_YOY":null,"NET_INTEREST_INCOME":null,"NET_INTEREST_INCOME_YOY":null,"FEE_COMMISSION_INCOME":null,"FEE_COMMISSION_INCOME_YOY":null,"ACCOUNTS_RECE_TDAYS":7.12649953308,"INVENTORY_TDAYS":null,"CURRENT_ASSETS_TDAYS":1.971189572612,"TOTAL_ASSETS_TDAYS":0.283658093754,"PREMIUM_EXPENSE":null,"LOAN_DEPOSIT":null,"LOAN_EQUITY":null,"LOAN_ASSETS":null,"DEPOSIT_EQUITY":null,"DEPOSIT_ASSETS":null,"EQUITY_MULTIPLIER":2.85981795385,"EQUITY_RATIO":1.860029964499},{"SECUCODE":"00293.HK","SECURITY_CODE":"00293","SECURITY_NAME_ABBR":"国泰航空","ORG_CODE":"10007546","STD_REPORT_DATE":"2023-12-31 00:00:00","REPORT_DATE":"2023-12-31 00:00:00","DATE_TYPE_CODE":"001","REPORT_TYPE":"2023年年报","PER_NETCASH_OPERATE":3.717276840925,"PER_OI":13.30001902131,"BPS":8.447477029046,"BASIC_EPS":1.27595776,"DILUTED_EPS":1.14002476,"OPERATE_INCOME":85624196700,"OPERATE_INCOME_YOY":85.1340230426,"GROSS_PROFIT":85624196700,"GROSS_PROFIT_YOY":87.81796585761,"HOLDER_PROFIT":8216696740,"HOLDER_PROFIT_YOY":225.286721017,"GROSS_PROFIT_RATIO":null,"EPS_TTM":1.27630070875,"OPERATE_INCOME_QOQ":22.466940111947,"NET_PROFIT_RATIO":10.3614330317,"ROE_AVG":14.644388632711,"GROSS_PROFIT_QOQ":22.466940111947,"ROA":5.107751761124,"HOLDER_PROFIT_QOQ":360.53305689793,"ROE_YEARLY":14.644388632711,"ROIC_YEARLY":5.645545423696,"TOTAL_ASSETS":157786495300,"TOTAL_LIABILITIES":103383390040,"TAX_EBT":9.83606557377,"OCF_SALES":27.949409959253,"TOTAL_PARENT_EQUITY":54396761720,"DEBT_ASSET_RATIO":65.5210636648,"OPERATE_PROFIT":13706577500,"PRETAX_PROFIT":9839736760,"NETCASH_OPERATE":23931457760,"NETCASH_INVEST":-2417794960,"NETCASH_FINANCE":-21004367160,"END_CASH":7153700680,"DIVI_RATIO":0.44833525209,"DIVIDEND_RATE":6.116504854369,"CURRENT_RATIO":0.500054953509,"COMMON_ACS":null,"CURRENTDEBT_DEBT":39.87745656633,"ISSUED_COMMON_SHARES":6439409250,"HK_COMMON_SHARES":6439409250,"PER_SHARES":1000,"TOTAL_MARKET_CAP":66325915275,"HKSK_MARKET_CAP":66325915275,"PE_TTM":7.821452272995,"PB_TTM":1.080121083852,"REPORT_DATE_SQ":"2022-12-31 00:00:00","REPORT_TYPE_SQ":"2022年年报","OPERATE_INCOME_SQ":45588927720,"DPS_HKD":0.63,"OPERATE_INCOME_QOQ_SQ":14.129919679734,"NET_PROFIT_RATIO_SQ":-12.8281997022,"HOLDER_PROFIT_SQ":-6464594990,"HOLDER_PROFIT_QOQ_SQ":-113.300821782659,"ROE_AVG_SQ":-10.522913268979,"PE_TTM_SQ":24.264986889361,"PB_TTM_SQ":0.78864029338,"ROA_SQ":-3.794025019799,"START_DATE":"2023-01-01 00:00:00","FISCAL_YEAR":"12-31","CURRENCY":"HKD","IS_CNY_CODE":0,"DPS_HKD_LY":null,"ORG_TYPE":"一般企业","PREMIUM_INCOME":null,"PREMIUM_INCOME_YOY":null,"NET_INTEREST_INCOME":null,"NET_INTEREST_INCOME_YOY":null,"FEE_COMMISSION_INCOME":null,"FEE_COMMISSION_INCOME_YOY":null,"ACCOUNTS_RECE_TDAYS":14.345251651105,"INVENTORY_TDAYS":null,"CURRENT_ASSETS_TDAYS":3.849852297036,"TOTAL_ASSETS_TDAYS":0.53226637824,"PREMIUM_EXPENSE":null,"LOAN_DEPOSIT":null,"LOAN_EQUITY":null,"LOAN_ASSETS":null,"DEPOSIT_EQUITY":null,"DEPOSIT_ASSETS":null,"EQUITY_MULTIPLIER":2.900321489846,"EQUITY_RATIO":1.900543097991},{"SECUCODE":"00293.HK","SECURITY_CODE":"00293","SECURITY_NAME_ABBR":"国泰航空","ORG_CODE":"10007546","STD_REPORT_DATE":"2023-06-30 00:00:00","REPORT_DATE":"2023-06-30 00:00:00","DATE_TYPE_CODE":"002","REPORT_TYPE":"2023年中报","PER_NETCASH_OPERATE":2.724318186007,"PER_OI":6.243688695789,"BPS":9.233531818156,"BASIC_EPS":0.5670177,"DILUTED_EPS":0.50893296,"OPERATE_INCOME":40191874140,"OPERATE_INCOME_YOY":134.9900274918,"GROSS_PROFIT":40191874140,"GROSS_PROFIT_YOY":153.342655488103,"HOLDER_PROFIT":3650118820,"HOLDER_PROFIT_YOY":174.7122098509,"GROSS_PROFIT_RATIO":null,"EPS_TTM":0.27716566733,"OPERATE_INCOME_QOQ":53.362177323876,"NET_PROFIT_RATIO":9.790562705,"ROE_AVG":6.171809841535,"GROSS_PROFIT_QOQ":53.362177323876,"ROA":2.186737072346,"HOLDER_PROFIT_QOQ":127.888129337707,"ROE_YEARLY":12.343619683069,"ROIC_YEARLY":4.953331831945,"TOTAL_ASSETS":167042492440,"TOTAL_LIABILITIES":107578470360,"TAX_EBT":9.32653494795,"OCF_SALES":43.633152111578,"TOTAL_PARENT_EQUITY":59458490200,"DEBT_ASSET_RATIO":64.4018589453,"OPERATE_PROFIT":8088530540,"PRETAX_PROFIT":4339759860,"NETCASH_OPERATE":17536981580,"NETCASH_INVEST":-3970045880,"NETCASH_FINANCE":-10635961280,"END_CASH":9696463660,"DIVI_RATIO":2.064507503807,"DIVIDEND_RATE":6.116504854369,"CURRENT_RATIO":0.668187786555,"COMMON_ACS":null,"CURRENTDEBT_DEBT":39.815052878765,"ISSUED_COMMON_SHARES":6439409250,"HK_COMMON_SHARES":6439409250,"PER_SHARES":1000,"TOTAL_MARKET_CAP":66325915275,"HKSK_MARKET_CAP":66325915275,"PE_TTM":7.821452272995,"PB_TTM":1.080121083852,"REPORT_DATE_SQ":"2022-06-30 00:00:00","REPORT_TYPE_SQ":"2022年中报","OPERATE_INCOME_SQ":15864629690,"DPS_HKD":0.63,"OPERATE_INCOME_QOQ_SQ":7.171169520725,"NET_PROFIT_RATIO_SQ":-26.9473343755,"HOLDER_PROFIT_SQ":-4531651810,"HOLDER_PROFIT_QOQ_SQ":40.0872306481,"ROE_AVG_SQ":-7.533355605945,"PE_TTM_SQ":24.264986889361,"PB_TTM_SQ":0.78864029338,"ROA_SQ":-2.761175753344,"START_DATE":"2023-01-01 00:00:00","FISCAL_YEAR":"12-31","CURRENCY":"HKD","IS_CNY_CODE":0,"DPS_HKD_LY":null,"ORG_TYPE":"一般企业","PREMIUM_INCOME":null,"PREMIUM_INCOME_YOY":null,"NET_INTEREST_INCOME":null,"NET_INTEREST_INCOME_YOY":null,"FEE_COMMISSION_INCOME":null,"FEE_COMMISSION_INCOME_YOY":null,"ACCOUNTS_RECE_TDAYS":6.746575872475,"INVENTORY_TDAYS":null,"CURRENT_ASSETS_TDAYS":1.519502248248,"TOTAL_ASSETS_TDAYS":0.240784110116,"PREMIUM_EXPENSE":null,"LOAN_DEPOSIT":null,"LOAN_EQUITY":null,"LOAN_ASSETS":null,"DEPOSIT_EQUITY":null,"DEPOSIT_ASSETS":null,"EQUITY_MULTIPLIER":2.809135450257,"EQUITY_RATIO":1.809303768026},{"SECUCODE":"00293.HK","SECURITY_CODE":"00293","SECURITY_NAME_ABBR":"国泰航空","ORG_CODE":"10007546","STD_REPORT_DATE":"2022-12-31 00:00:00","REPORT_DATE":"2022-12-31 00:00:00","DATE_TYPE_CODE":"001","REPORT_TYPE":"2022年年报","PER_NETCASH_OPERATE":2.475045550482,"PER_OI":7.082104996323,"BPS":8.861108037201,"BASIC_EPS":-1.00403548,"DILUTED_EPS":-1.00403548,"OPERATE_INCOME":45588927720,"OPERATE_INCOME_YOY":11.9529690482,"GROSS_PROFIT":45588927720,"GROSS_PROFIT_YOY":22.314369693836,"HOLDER_PROFIT":-6464594990,"HOLDER_PROFIT_YOY":-16.9688061408,"GROSS_PROFIT_RATIO":null,"EPS_TTM":-0.993848185274,"OPERATE_INCOME_QOQ":14.129919679734,"NET_PROFIT_RATIO":-12.8281997022,"ROE_AVG":-10.522913268979,"GROSS_PROFIT_QOQ":14.129919679734,"ROA":-3.794025019799,"HOLDER_PROFIT_QOQ":-113.300821782659,"ROE_YEARLY":-10.522913268979,"ROIC_YEARLY":-4.213325332604,"TOTAL_ASSETS":161605048780,"TOTAL_LIABILITIES":104606383350,"TAX_EBT":-8.291087489779,"OCF_SALES":34.947879927894,"TOTAL_PARENT_EQUITY":56993305810,"DEBT_ASSET_RATIO":64.6881943907,"OPERATE_PROFIT":3100540170,"PRETAX_PROFIT":-5462346050,"NETCASH_OPERATE":15932363720,"NETCASH_INVEST":-2465425200,"NETCASH_FINANCE":-14503131720,"END_CASH":6556601800,"DIVI_RATIO":-0.575752522848,"DIVIDEND_RATE":6.116504854369,"CURRENT_RATIO":0.606792313718,"COMMON_ACS":null,"CURRENTDEBT_DEBT":37.062465308911,"ISSUED_COMMON_SHARES":6439409250,"HK_COMMON_SHARES":6439409250,"PER_SHARES":1000,"TOTAL_MARKET_CAP":66325915275,"HKSK_MARKET_CAP":66325915275,"PE_TTM":7.821452272995,"PB_TTM":1.080121083852,"REPORT_DATE_SQ":"2021-12-31 00:00:00","REPORT_TYPE_SQ":"2021年年报","OPERATE_INCOME_SQ":37271931200,"DPS_HKD":0.63,"OPERATE_INCOME_QOQ_SQ":35.932916226344,"NET_PROFIT_RATIO_SQ":-12.1218768509,"HOLDER_PROFIT_SQ":-5006164800,"HOLDER_PROFIT_QOQ_SQ":68.591953904434,"ROE_AVG_SQ":-8.416437000433,"PE_TTM_SQ":24.264986889361,"PB_TTM_SQ":0.78864029338,"ROA_SQ":-3.052335363072,"START_DATE":"2022-01-01 00:00:00","FISCAL_YEAR":"12-31","CURRENCY":"HKD","IS_CNY_CODE":0,"DPS_HKD_LY":null,"ORG_TYPE":"一般企业","PREMIUM_INCOME":null,"PREMIUM_INCOME_YOY":null,"NET_INTEREST_INCOME":null,"NET_INTEREST_INCOME_YOY":null,"FEE_COMMISSION_INCOME":null,"FEE_COMMISSION_INCOME_YOY":null,"ACCOUNTS_RECE_TDAYS":6.707761056713,"INVENTORY_TDAYS":null,"CURRENT_ASSETS_TDAYS":1.848025636848,"TOTAL_ASSETS_TDAYS":0.270360040366,"PREMIUM_EXPENSE":null,"LOAN_DEPOSIT":null,"LOAN_EQUITY":null,"LOAN_ASSETS":null,"DEPOSIT_EQUITY":null,"DEPOSIT_ASSETS":null,"EQUITY_MULTIPLIER":2.831914094296,"EQUITY_RATIO":1.835415262605},{"SECUCODE":"00293.HK","SECURITY_CODE":"00293","SECURITY_NAME_ABBR":"国泰航空","ORG_CODE":"10007546","STD_REPORT_DATE":"2022-06-30 00:00:00","REPORT_DATE":"2022-06-30 00:00:00","DATE_TYPE_CODE":"002","REPORT_TYPE":"2022年中报","PER_NETCASH_OPERATE":0.748749563165,"PER_OI":2.464523269388,"BPS":9.088821001709,"BASIC_EPS":-0.70382137,"DILUTED_EPS":-0.70382137,"OPERATE_INCOME":15864629690,"OPERATE_INCOME_YOY":17.0114797527,"GROSS_PROFIT":15864629690,"GROSS_PROFIT_YOY":20.261329883844,"HOLDER_PROFIT":-4531651810,"HOLDER_PROFIT_YOY":32.5655383049,"GROSS_PROFIT_RATIO":null,"EPS_TTM":-0.465937344717,"OPERATE_INCOME_QOQ":7.171169520725,"NET_PROFIT_RATIO":-26.9473343755,"ROE_AVG":-7.533355605945,"GROSS_PROFIT_QOQ":7.171169520725,"ROA":-2.761175753344,"HOLDER_PROFIT_QOQ":40.0872306481,"ROE_YEARLY":-15.066711211891,"ROIC_YEARLY":-6.104153047325,"TOTAL_ASSETS":160087292050,"TOTAL_LIABILITIES":101556378070,"TAX_EBT":6.525804038893,"OCF_SALES":30.381111530376,"TOTAL_PARENT_EQUITY":58526638030,"DEBT_ASSET_RATIO":63.4381260183,"OPERATE_PROFIT":-1071553070,"PRETAX_PROFIT":-4573556120,"NETCASH_OPERATE":4819850840,"NETCASH_INVEST":-569556540,"NETCASH_FINANCE":-6164209520,"END_CASH":5387697000,"DIVI_RATIO":-1.22808486267,"DIVIDEND_RATE":6.116504854369,"CURRENT_RATIO":0.63288421152,"COMMON_ACS":null,"CURRENTDEBT_DEBT":35.686677389203,"ISSUED_COMMON_SHARES":6439409250,"HK_COMMON_SHARES":6439409250,"PER_SHARES":1000,"TOTAL_MARKET_CAP":66325915275,"HKSK_MARKET_CAP":66325915275,"PE_TTM":7.821452272995,"PB_TTM":1.080121083852,"REPORT_DATE_SQ":"2021-06-30 00:00:00","REPORT_TYPE_SQ":"2021年中报","OPERATE_INCOME_SQ":13191796320,"DPS_HKD":0.63,"OPERATE_INCOME_QOQ_SQ":-30.586598801808,"NET_PROFIT_RATIO_SQ":-47.7103570077,"HOLDER_PROFIT_SQ":-6538484640,"HOLDER_PROFIT_QOQ_SQ":13.429497142207,"ROE_AVG_SQ":-10.979537372764,"PE_TTM_SQ":24.264986889361,"PB_TTM_SQ":0.78864029338,"ROA_SQ":-3.830909560698,"START_DATE":"2022-01-01 00:00:00","FISCAL_YEAR":"12-31","CURRENCY":"HKD","IS_CNY_CODE":0,"DPS_HKD_LY":null,"ORG_TYPE":"一般企业","PREMIUM_INCOME":null,"PREMIUM_INCOME_YOY":null,"NET_INTEREST_INCOME":null,"NET_INTEREST_INCOME_YOY":null,"FEE_COMMISSION_INCOME":null,"FEE_COMMISSION_INCOME_YOY":null,"ACCOUNTS_RECE_TDAYS":2.256263682802,"INVENTORY_TDAYS":null,"CURRENT_ASSETS_TDAYS":0.665888940737,"TOTAL_ASSETS_TDAYS":0.096664599736,"PREMIUM_EXPENSE":null,"LOAN_DEPOSIT":null,"LOAN_EQUITY":null,"LOAN_ASSETS":null,"DEPOSIT_EQUITY":null,"DEPOSIT_ASSETS":null,"EQUITY_MULTIPLIER":2.735089564885,"EQUITY_RATIO":1.735216330348},{"SECUCODE":"00293.HK","SECURITY_CODE":"00293","SECURITY_NAME_ABBR":"国泰航空","ORG_CODE":"10007546","STD_REPORT_DATE":"2021-12-31 00:00:00","REPORT_DATE":"2021-12-31 00:00:00","DATE_TYPE_CODE":"001","REPORT_TYPE":"2021年年报","PER_NETCASH_OPERATE":1.122148724943,"PER_OI":5.790084201922,"BPS":9.172688379761,"BASIC_EPS":-0.7775376,"DILUTED_EPS":-0.7775376,"OPERATE_INCOME":37271931200,"OPERATE_INCOME_YOY":-2.8699876422,"GROSS_PROFIT":37271931200,"GROSS_PROFIT_YOY":-5.644339499406,"HOLDER_PROFIT":-5006164800,"HOLDER_PROFIT_YOY":72.0104223807,"GROSS_PROFIT_RATIO":null,"EPS_TTM":-0.777692885436,"OPERATE_INCOME_QOQ":35.932916226344,"NET_PROFIT_RATIO":-12.1218768509,"ROE_AVG":-8.416437000433,"GROSS_PROFIT_QOQ":35.932916226344,"ROA":-3.052335363072,"HOLDER_PROFIT_QOQ":68.591953904434,"ROE_YEARLY":-8.416437000433,"ROIC_YEARLY":-3.377582626108,"TOTAL_ASSETS":160762235200,"TOTAL_LIABILITIES":101691452800,"TAX_EBT":8.766716196137,"OCF_SALES":19.380525149714,"TOTAL_PARENT_EQUITY":59066694400,"DEBT_ASSET_RATIO":63.2558092225,"OPERATE_PROFIT":-1179796800,"PRETAX_PROFIT":-4952203200,"NETCASH_OPERATE":7223496000,"NETCASH_INVEST":403076800,"NETCASH_FINANCE":-5667603200,"END_CASH":7009284800,"DIVI_RATIO":-0.735779651217,"DIVIDEND_RATE":6.116504854369,"CURRENT_RATIO":0.669920018546,"COMMON_ACS":null,"CURRENTDEBT_DEBT":34.680570518902,"ISSUED_COMMON_SHARES":6439409250,"HK_COMMON_SHARES":6439409250,"PER_SHARES":1000,"TOTAL_MARKET_CAP":66325915275,"HKSK_MARKET_CAP":66325915275,"PE_TTM":7.821452272995,"PB_TTM":1.080121083852,"REPORT_DATE_SQ":"2020-12-31 00:00:00","REPORT_TYPE_SQ":"2020年年报","OPERATE_INCOME_SQ":39501531760,"DPS_HKD":0.63,"OPERATE_INCOME_QOQ_SQ":-46.616010499231,"NET_PROFIT_RATIO_SQ":-46.1222141731,"HOLDER_PROFIT_SQ":-18411716640,"HOLDER_PROFIT_QOQ_SQ":-112.086652798176,"ROE_AVG_SQ":-32.163493347056,"PE_TTM_SQ":24.264986889361,"PB_TTM_SQ":0.78864029338,"ROA_SQ":-10.439762342218,"START_DATE":"2021-01-01 00:00:00","FISCAL_YEAR":"12-31","CURRENCY":"HKD","IS_CNY_CODE":0,"DPS_HKD_LY":null,"ORG_TYPE":"一般企业","PREMIUM_INCOME":null,"PREMIUM_INCOME_YOY":null,"NET_INTEREST_INCOME":null,"NET_INTEREST_INCOME_YOY":null,"FEE_COMMISSION_INCOME":null,"FEE_COMMISSION_INCOME_YOY":null,"ACCOUNTS_RECE_TDAYS":6.175008465967,"INVENTORY_TDAYS":null,"CURRENT_ASSETS_TDAYS":1.614727968263,"TOTAL_ASSETS_TDAYS":0.227252673847,"PREMIUM_EXPENSE":null,"LOAN_DEPOSIT":null,"LOAN_EQUITY":null,"LOAN_ASSETS":null,"DEPOSIT_EQUITY":null,"DEPOSIT_ASSETS":null,"EQUITY_MULTIPLIER":2.721518636933,"EQUITY_RATIO":1.721637783068},{"SECUCODE":"00293.HK","SECURITY_CODE":"00293","SECURITY_NAME_ABBR":"国泰航空","ORG_CODE":"10007546","STD_REPORT_DATE":"2021-06-30 00:00:00","REPORT_DATE":"2021-06-30 00:00:00","DATE_TYPE_CODE":"002","REPORT_TYPE":"2021年中报","PER_NETCASH_OPERATE":0.184197160661,"PER_OI":2.049306515875,"BPS":9.029929967567,"BASIC_EPS":-1.01596968,"DILUTED_EPS":-1.01596968,"OPERATE_INCOME":13191796320,"OPERATE_INCOME_YOY":-42.7012179696,"GROSS_PROFIT":13191796320,"GROSS_PROFIT_YOY":-47.80481416198,"HOLDER_PROFIT":-6538484640,"HOLDER_PROFIT_YOY":20.344652813,"GROSS_PROFIT_RATIO":null,"EPS_TTM":-2.476094447485,"OPERATE_INCOME_QOQ":-30.586598801808,"NET_PROFIT_RATIO":-47.7103570077,"ROE_AVG":-10.979537372764,"GROSS_PROFIT_QOQ":-30.586598801808,"ROA":-3.830909560698,"HOLDER_PROFIT_QOQ":13.429497142207,"ROE_YEARLY":-21.959074745527,"ROIC_YEARLY":-8.556766983816,"TOTAL_ASSETS":171132229440,"TOTAL_LIABILITIES":112980654480,"TAX_EBT":7.677285487611,"OCF_SALES":8.988267944998,"TOTAL_PARENT_EQUITY":58147414560,"DEBT_ASSET_RATIO":66.0195071669,"OPERATE_PROFIT":-4522354800,"PRETAX_PROFIT":-6817231440,"NETCASH_OPERATE":1185714000,"NETCASH_INVEST":-1674144960,"NETCASH_FINANCE":3038756160,"END_CASH":7680098400,"DIVI_RATIO":-0.231094012016,"DIVIDEND_RATE":6.116504854369,"CURRENT_RATIO":0.713402774776,"COMMON_ACS":null,"CURRENTDEBT_DEBT":34.079878628085,"ISSUED_COMMON_SHARES":6439409250,"HK_COMMON_SHARES":6439409250,"PER_SHARES":1000,"TOTAL_MARKET_CAP":66325915275,"HKSK_MARKET_CAP":66325915275,"PE_TTM":7.821452272995,"PB_TTM":1.080121083852,"REPORT_DATE_SQ":"2020-06-30 00:00:00","REPORT_TYPE_SQ":"2020年中报","OPERATE_INCOME_SQ":25273971360,"DPS_HKD":0.63,"OPERATE_INCOME_QOQ_SQ":-22.780431056194,"NET_PROFIT_RATIO_SQ":-35.6500054212,"HOLDER_PROFIT_SQ":-9011085600,"HOLDER_PROFIT_QOQ_SQ":-673.107345739763,"ROE_AVG_SQ":-17.59345127693,"PE_TTM_SQ":24.264986889361,"PB_TTM_SQ":0.78864029338,"ROA_SQ":-4.818682714289,"START_DATE":"2021-01-01 00:00:00","FISCAL_YEAR":"12-31","CURRENCY":"HKD","IS_CNY_CODE":0,"DPS_HKD_LY":null,"ORG_TYPE":"一般企业","PREMIUM_INCOME":null,"PREMIUM_INCOME_YOY":null,"NET_INTEREST_INCOME":null,"NET_INTEREST_INCOME_YOY":null,"FEE_COMMISSION_INCOME":null,"FEE_COMMISSION_INCOME_YOY":null,"ACCOUNTS_RECE_TDAYS":2.220448179272,"INVENTORY_TDAYS":null,"CURRENT_ASSETS_TDAYS":0.523415705112,"TOTAL_ASSETS_TDAYS":0.077290964845,"PREMIUM_EXPENSE":null,"LOAN_DEPOSIT":null,"LOAN_EQUITY":null,"LOAN_ASSETS":null,"DEPOSIT_EQUITY":null,"DEPOSIT_ASSETS":null,"EQUITY_MULTIPLIER":2.942864910499,"EQUITY_RATIO":1.943003920895},{"SECUCODE":"00293.HK","SECURITY_CODE":"00293","SECURITY_NAME_ABBR":"国泰航空","ORG_CODE":"10007546","STD_REPORT_DATE":"2020-12-31 00:00:00","REPORT_DATE":"2020-12-31 00:00:00","DATE_TYPE_CODE":"001","REPORT_TYPE":"2020年年报","PER_NETCASH_OPERATE":-1.868495131532,"PER_OI":6.136446050193,"BPS":9.574794687882,"BASIC_EPS":-3.57107852,"DILUTED_EPS":-3.57107852,"OPERATE_INCOME":39501531760,"OPERATE_INCOME_YOY":-56.1253774317,"GROSS_PROFIT":39501531760,"GROSS_PROFIT_YOY":-58.777113422499,"HOLDER_PROFIT":-18411716640,"HOLDER_PROFIT_YOY":-1393.6723832052,"GROSS_PROFIT_RATIO":null,"EPS_TTM":-2.860205688712,"OPERATE_INCOME_QOQ":-46.616010499231,"NET_PROFIT_RATIO":-46.1222141731,"ROE_AVG":-32.163493347056,"GROSS_PROFIT_QOQ":-46.616010499231,"ROA":-10.439762342218,"HOLDER_PROFIT_QOQ":-112.086652798176,"ROE_YEARLY":-32.163493347056,"ROIC_YEARLY":-11.367758094773,"TOTAL_ASSETS":172177661360,"TOTAL_LIABILITIES":110518273320,"TAX_EBT":3.019577975897,"OCF_SALES":-30.449141347424,"TOTAL_PARENT_EQUITY":61656021480,"DEBT_ASSET_RATIO":64.1885088037,"OPERATE_PROFIT":-15270716160,"PRETAX_PROFIT":-18786246440,"NETCASH_OPERATE":-12027877240,"NETCASH_INVEST":-9896003120,"NETCASH_FINANCE":19617786760,"END_CASH":5189552240,"DIVI_RATIO":-0.200059248277,"DIVIDEND_RATE":6.116504854369,"CURRENT_RATIO":0.589996575636,"COMMON_ACS":null,"CURRENTDEBT_DEBT":35.582158659082,"ISSUED_COMMON_SHARES":6439409250,"HK_COMMON_SHARES":6439409250,"PER_SHARES":1000,"TOTAL_MARKET_CAP":66325915275,"HKSK_MARKET_CAP":66325915275,"PE_TTM":7.821452272995,"PB_TTM":1.080121083852,"REPORT_DATE_SQ":"2019-12-31 00:00:00","REPORT_TYPE_SQ":"2019年年报","OPERATE_INCOME_SQ":95824273940,"DPS_HKD":0.63,"OPERATE_INCOME_QOQ_SQ":-3.852540045532,"NET_PROFIT_RATIO_SQ":1.5807727183,"HOLDER_PROFIT_SQ":1514763980,"HOLDER_PROFIT_QOQ_SQ":-56.237469687631,"ROE_AVG_SQ":2.669107956025,"PE_TTM_SQ":24.264986889361,"PB_TTM_SQ":0.78864029338,"ROA_SQ":0.835453669623,"START_DATE":"2020-01-01 00:00:00","FISCAL_YEAR":"12-31","CURRENCY":"HKD","IS_CNY_CODE":0,"DPS_HKD_LY":null,"ORG_TYPE":"一般企业","PREMIUM_INCOME":null,"PREMIUM_INCOME_YOY":null,"NET_INTEREST_INCOME":null,"NET_INTEREST_INCOME_YOY":null,"FEE_COMMISSION_INCOME":null,"FEE_COMMISSION_INCOME_YOY":null,"ACCOUNTS_RECE_TDAYS":5.49675001464,"INVENTORY_TDAYS":null,"CURRENT_ASSETS_TDAYS":1.711327049644,"TOTAL_ASSETS_TDAYS":0.223980529242,"PREMIUM_EXPENSE":null,"LOAN_DEPOSIT":null,"LOAN_EQUITY":null,"LOAN_ASSETS":null,"DEPOSIT_EQUITY":null,"DEPOSIT_ASSETS":null,"EQUITY_MULTIPLIER":2.792399776146,"EQUITY_RATIO":1.792497645276},{"SECUCODE":"00293.HK","SECURITY_CODE":"00293","SECURITY_NAME_ABBR":"国泰航空","ORG_CODE":"10007546","STD_REPORT_DATE":"2020-06-30 00:00:00","REPORT_DATE":"2020-06-30 00:00:00","DATE_TYPE_CODE":"002","REPORT_TYPE":"2020年中报","PER_NETCASH_OPERATE":-1.884770062542,"PER_OI":6.424750875999,"BPS":7.003351470478,"BASIC_EPS":-2.08355664,"DILUTED_EPS":-2.08355664,"OPERATE_INCOME":25273971360,"OPERATE_INCOME_YOY":-48.3276374027,"GROSS_PROFIT":25273971360,"GROSS_PROFIT_YOY":-46.343356648116,"HOLDER_PROFIT":-9011085600,"HOLDER_PROFIT_YOY":-832.3682256867,"GROSS_PROFIT_RATIO":null,"EPS_TTM":-2.206803924535,"OPERATE_INCOME_QOQ":-22.780431056194,"NET_PROFIT_RATIO":-35.6500054212,"ROE_AVG":-17.59345127693,"GROSS_PROFIT_QOQ":-22.780431056194,"ROA":-4.818682714289,"HOLDER_PROFIT_QOQ":-673.107345739763,"ROE_YEARLY":-35.186902553859,"ROIC_YEARLY":-10.190536694713,"TOTAL_ASSETS":178058686080,"TOTAL_LIABILITIES":132957586080,"TAX_EBT":9.61238889398,"OCF_SALES":-29.336080089631,"TOTAL_PARENT_EQUITY":45097446240,"DEBT_ASSET_RATIO":74.670654382,"OPERATE_PROFIT":-7978898400,"PRETAX_PROFIT":-9968370720,"NETCASH_OPERATE":-7414392480,"NETCASH_INVEST":2883730080,"NETCASH_FINANCE":2068028160,"END_CASH":5593906560,"DIVI_RATIO":-0.259293811126,"DIVIDEND_RATE":6.116504854369,"CURRENT_RATIO":0.31458709715,"COMMON_ACS":null,"CURRENTDEBT_DEBT":35.365526906985,"ISSUED_COMMON_SHARES":6439409250,"HK_COMMON_SHARES":6439409250,"PER_SHARES":1000,"TOTAL_MARKET_CAP":66325915275,"HKSK_MARKET_CAP":66325915275,"PE_TTM":7.821452272995,"PB_TTM":1.080121083852,"REPORT_DATE_SQ":"2019-06-30 00:00:00","REPORT_TYPE_SQ":"2019年中报","OPERATE_INCOME_SQ":47103154020,"DPS_HKD":0.63,"OPERATE_INCOME_QOQ_SQ":2.418121007199,"NET_PROFIT_RATIO_SQ":2.5155470895,"HOLDER_PROFIT_SQ":1184902020,"HOLDER_PROFIT_QOQ_SQ":68.459865215612,"ROE_AVG_SQ":2.129610599042,"PE_TTM_SQ":24.264986889361,"PB_TTM_SQ":0.78864029338,"ROA_SQ":0.679119715647,"START_DATE":"2020-01-01 00:00:00","FISCAL_YEAR":"12-31","CURRENCY":"HKD","IS_CNY_CODE":0,"DPS_HKD_LY":null,"ORG_TYPE":"一般企业","PREMIUM_INCOME":null,"PREMIUM_INCOME_YOY":null,"NET_INTEREST_INCOME":null,"NET_INTEREST_INCOME_YOY":null,"FEE_COMMISSION_INCOME":null,"FEE_COMMISSION_INCOME_YOY":null,"ACCOUNTS_RECE_TDAYS":3.140992167102,"INVENTORY_TDAYS":null,"CURRENT_ASSETS_TDAYS":1.27278163669,"TOTAL_ASSETS_TDAYS":0.135152693382,"PREMIUM_EXPENSE":null,"LOAN_DEPOSIT":null,"LOAN_EQUITY":null,"LOAN_ASSETS":null,"DEPOSIT_EQUITY":null,"DEPOSIT_ASSETS":null,"EQUITY_MULTIPLIER":3.947989873411,"EQUITY_RATIO":2.948228717263}],"count":48},"success":true,"message":"ok","code":0}