{"version":"0b537d1bc61ba93711f1ad92efb414a6","result":{"pages":6,"data":[{"SECUCODE":"00290.HK","SECURITY_CODE":"00290","SECURITY_NAME_ABBR":"国富创新","ORG_CODE":"10007544","STD_REPORT_DATE":"2024-06-30 00:00:00","REPORT_DATE":"2024-09-30 00:00:00","DATE_TYPE_CODE":"002","REPORT_TYPE":"2024年中报","PER_NETCASH_OPERATE":-0.01084110814,"PER_OI":0.003851192945,"BPS":0.125972571854,"BASIC_EPS":-0.00180358,"DILUTED_EPS":-0.00180358,"OPERATE_INCOME":27414416,"OPERATE_INCOME_YOY":48.8809442186,"GROSS_PROFIT":null,"GROSS_PROFIT_YOY":null,"HOLDER_PROFIT":-9837627.11,"HOLDER_PROFIT_YOY":37.3945480631,"GROSS_PROFIT_RATIO":null,"EPS_TTM":-0.004396295705,"OPERATE_INCOME_QOQ":0,"NET_PROFIT_RATIO":-35.8848684211,"ROE_AVG":-1.193068413599,"GROSS_PROFIT_QOQ":null,"ROA":-0.923776772717,"HOLDER_PROFIT_QOQ":0,"ROE_YEARLY":-2.386136827197,"ROIC_YEARLY":-2.967946773388,"TOTAL_ASSETS":1144944146.65,"TOTAL_LIABILITIES":205380868.92,"TAX_EBT":0.027492668622,"OCF_SALES":-281.5,"TOTAL_PARENT_EQUITY":939563277.73,"DEBT_ASSET_RATIO":17.9380688151,"OPERATE_PROFIT":-8071922.29,"PRETAX_PROFIT":-9840332.48,"NETCASH_OPERATE":-77171581.04,"NETCASH_INVEST":-291975253.67,"NETCASH_FINANCE":216807450.01,"END_CASH":109333921.39,"DIVI_RATIO":null,"DIVIDEND_RATE":null,"CURRENT_RATIO":3.322728509437,"COMMON_ACS":20000000000,"CURRENTDEBT_DEBT":95.215325710873,"ISSUED_COMMON_SHARES":7458474999,"HK_COMMON_SHARES":7458474999,"PER_SHARES":8000,"TOTAL_MARKET_CAP":8428076748.87,"HKSK_MARKET_CAP":8428076748.87,"PE_TTM":-348.80092492116,"PB_TTM":8.089242642311,"REPORT_DATE_SQ":"2023-06-30 00:00:00","REPORT_TYPE_SQ":"2023年中报","OPERATE_INCOME_SQ":18737086.97,"DPS_HKD":null,"OPERATE_INCOME_QOQ_SQ":0,"NET_PROFIT_RATIO_SQ":-85.3371859543,"HOLDER_PROFIT_SQ":-15989702.75,"HOLDER_PROFIT_QOQ_SQ":0,"ROE_AVG_SQ":-5.609468331855,"PE_TTM_SQ":-26.566975964546,"PB_TTM_SQ":4.22656064007,"ROA_SQ":-3.616657170996,"START_DATE":"2024-04-01 00:00:00","FISCAL_YEAR":"3-31","CURRENCY":"HKD","IS_CNY_CODE":0,"DPS_HKD_LY":null,"ORG_TYPE":"证券","PREMIUM_INCOME":null,"PREMIUM_INCOME_YOY":null,"NET_INTEREST_INCOME":null,"NET_INTEREST_INCOME_YOY":null,"FEE_COMMISSION_INCOME":null,"FEE_COMMISSION_INCOME_YOY":null,"ACCOUNTS_RECE_TDAYS":null,"INVENTORY_TDAYS":null,"CURRENT_ASSETS_TDAYS":0.038368408664,"TOTAL_ASSETS_TDAYS":0.025742793923,"PREMIUM_EXPENSE":null,"LOAN_DEPOSIT":null,"LOAN_EQUITY":null,"LOAN_ASSETS":null,"DEPOSIT_EQUITY":null,"DEPOSIT_ASSETS":null,"EQUITY_MULTIPLIER":1.218591843454,"EQUITY_RATIO":0.218591843453},{"SECUCODE":"00290.HK","SECURITY_CODE":"00290","SECURITY_NAME_ABBR":"国富创新","ORG_CODE":"10007544","STD_REPORT_DATE":"2023-12-31 00:00:00","REPORT_DATE":"2024-03-31 00:00:00","DATE_TYPE_CODE":"001","REPORT_TYPE":"2023年年报","PER_NETCASH_OPERATE":-0.017442169582,"PER_OI":0.00961943147,"BPS":0.095637851135,"BASIC_EPS":-0.008249605,"DILUTED_EPS":-0.008249605,"OPERATE_INCOME":60854888.4,"OPERATE_INCOME_YOY":121.7421464671,"GROSS_PROFIT":null,"GROSS_PROFIT_YOY":null,"HOLDER_PROFIT":-27812047.45,"HOLDER_PROFIT_YOY":47.8735876306,"GROSS_PROFIT_RATIO":null,"EPS_TTM":-0.007153753475,"OPERATE_INCOME_QOQ":0,"NET_PROFIT_RATIO":-45.7022404958,"ROE_AVG":-5.663926920407,"GROSS_PROFIT_QOQ":null,"ROA":-3.9132575487,"HOLDER_PROFIT_QOQ":0,"ROE_YEARLY":-5.663926920407,"ROIC_YEARLY":-8.145151976551,"TOTAL_ASSETS":990125751.05,"TOTAL_LIABILITIES":276813229.4,"TAX_EBT":-0.146895606189,"OCF_SALES":-181.322250029794,"TOTAL_PARENT_EQUITY":713312521.65,"DEBT_ASSET_RATIO":27.9573810808,"OPERATE_PROFIT":-23705375.95,"PRETAX_PROFIT":-27771252.7,"NETCASH_OPERATE":-110343452.9,"NETCASH_INVEST":-170946320.4,"NETCASH_FINANCE":443963824.95,"END_CASH":262225933.35,"DIVI_RATIO":null,"DIVIDEND_RATE":null,"CURRENT_RATIO":2.972971113221,"COMMON_ACS":20000000000,"CURRENTDEBT_DEBT":95.187130749178,"ISSUED_COMMON_SHARES":7458474999,"HK_COMMON_SHARES":7458474999,"PER_SHARES":8000,"TOTAL_MARKET_CAP":5743025749.23,"HKSK_MARKET_CAP":5743025749.23,"PE_TTM":-237.678506362207,"PB_TTM":5.512138791664,"REPORT_DATE_SQ":"2022-12-31 00:00:00","REPORT_TYPE_SQ":"2022年年报","OPERATE_INCOME_SQ":26501286.93,"DPS_HKD":null,"OPERATE_INCOME_QOQ_SQ":0,"NET_PROFIT_RATIO_SQ":-194.414164437,"HOLDER_PROFIT_SQ":-51522255.55,"HOLDER_PROFIT_QOQ_SQ":0,"ROE_AVG_SQ":-21.624829147132,"PE_TTM_SQ":-7.957849943297,"PB_TTM_SQ":1.266020468224,"ROA_SQ":-10.895331325998,"START_DATE":"2023-04-01 00:00:00","FISCAL_YEAR":"3-31","CURRENCY":"HKD","IS_CNY_CODE":0,"DPS_HKD_LY":null,"ORG_TYPE":"证券","PREMIUM_INCOME":null,"PREMIUM_INCOME_YOY":null,"NET_INTEREST_INCOME":null,"NET_INTEREST_INCOME_YOY":null,"FEE_COMMISSION_INCOME":null,"FEE_COMMISSION_INCOME_YOY":null,"ACCOUNTS_RECE_TDAYS":null,"INVENTORY_TDAYS":null,"CURRENT_ASSETS_TDAYS":0.108850420667,"TOTAL_ASSETS_TDAYS":0.085625070155,"PREMIUM_EXPENSE":null,"LOAN_DEPOSIT":null,"LOAN_EQUITY":null,"LOAN_ASSETS":null,"DEPOSIT_EQUITY":null,"DEPOSIT_ASSETS":null,"EQUITY_MULTIPLIER":1.388067251028,"EQUITY_RATIO":0.388067251027},{"SECUCODE":"00290.HK","SECURITY_CODE":"00290","SECURITY_NAME_ABBR":"国富创新","ORG_CODE":"10007544","STD_REPORT_DATE":"2023-06-30 00:00:00","REPORT_DATE":"2023-09-30 00:00:00","DATE_TYPE_CODE":"002","REPORT_TYPE":"2023年中报","PER_NETCASH_OPERATE":-0.007188740984,"PER_OI":0.011847207598,"BPS":0.039960991932,"BASIC_EPS":-0.01192919,"DILUTED_EPS":-0.01192919,"OPERATE_INCOME":18737086.97,"OPERATE_INCOME_YOY":22.3940538272,"GROSS_PROFIT":null,"GROSS_PROFIT_YOY":null,"HOLDER_PROFIT":-15989702.75,"HOLDER_PROFIT_YOY":29.1868167595,"GROSS_PROFIT_RATIO":null,"EPS_TTM":-0.039092193472,"OPERATE_INCOME_QOQ":0,"NET_PROFIT_RATIO":-85.3371859543,"ROE_AVG":-5.609468331855,"GROSS_PROFIT_QOQ":null,"ROA":-3.616657170996,"HOLDER_PROFIT_QOQ":0,"ROE_YEARLY":-11.21893666371,"ROIC_YEARLY":-15.236038367711,"TOTAL_ASSETS":447652948.68,"TOTAL_LIABILITIES":149604889.42,"TAX_EBT":-0.011479079378,"OCF_SALES":-60.678779568049,"TOTAL_PARENT_EQUITY":298048059.26,"DEBT_ASSET_RATIO":33.4198378143,"OPERATE_PROFIT":-16262238.86,"PRETAX_PROFIT":-15987867.49,"NETCASH_OPERATE":-11369435.7,"NETCASH_INVEST":-17875432.4,"NETCASH_FINANCE":40552822.59,"END_CASH":111970130.23,"DIVI_RATIO":null,"DIVIDEND_RATE":null,"CURRENT_RATIO":2.276865511425,"COMMON_ACS":20000000000,"CURRENTDEBT_DEBT":99.994479679085,"ISSUED_COMMON_SHARES":7458474999,"HK_COMMON_SHARES":7458474999,"PER_SHARES":8000,"TOTAL_MARKET_CAP":5743025749.23,"HKSK_MARKET_CAP":5743025749.23,"PE_TTM":-237.678506362207,"PB_TTM":5.512138791664,"REPORT_DATE_SQ":"2022-06-30 00:00:00","REPORT_TYPE_SQ":"2022年中报","OPERATE_INCOME_SQ":15088772.52,"DPS_HKD":null,"OPERATE_INCOME_QOQ_SQ":0,"NET_PROFIT_RATIO_SQ":-151.5862748722,"HOLDER_PROFIT_SQ":-22255555.08,"HOLDER_PROFIT_QOQ_SQ":0,"ROE_AVG_SQ":-9.542534606085,"PE_TTM_SQ":-7.957849943297,"PB_TTM_SQ":1.266020468224,"ROA_SQ":-4.484142314617,"START_DATE":"2023-04-01 00:00:00","FISCAL_YEAR":"3-31","CURRENCY":"HKD","IS_CNY_CODE":0,"DPS_HKD_LY":null,"ORG_TYPE":"证券","PREMIUM_INCOME":null,"PREMIUM_INCOME_YOY":null,"NET_INTEREST_INCOME":null,"NET_INTEREST_INCOME_YOY":null,"FEE_COMMISSION_INCOME":null,"FEE_COMMISSION_INCOME_YOY":null,"ACCOUNTS_RECE_TDAYS":null,"INVENTORY_TDAYS":null,"CURRENT_ASSETS_TDAYS":0.055150340655,"TOTAL_ASSETS_TDAYS":0.042380787819,"PREMIUM_EXPENSE":null,"LOAN_DEPOSIT":null,"LOAN_EQUITY":null,"LOAN_ASSETS":null,"DEPOSIT_EQUITY":null,"DEPOSIT_ASSETS":null,"EQUITY_MULTIPLIER":1.501948879624,"EQUITY_RATIO":0.501948879625},{"SECUCODE":"00290.HK","SECURITY_CODE":"00290","SECURITY_NAME_ABBR":"国富创新","ORG_CODE":"10007544","STD_REPORT_DATE":"2022-12-31 00:00:00","REPORT_DATE":"2023-03-31 00:00:00","DATE_TYPE_CODE":"001","REPORT_TYPE":"2022年年报","PER_NETCASH_OPERATE":0.017757041887,"PER_OI":0.020107687927,"BPS":0.034796915901,"BASIC_EPS":-0.024861644,"DILUTED_EPS":-0.024861644,"OPERATE_INCOME":26501286.93,"OPERATE_INCOME_YOY":-55.3895132389,"GROSS_PROFIT":null,"GROSS_PROFIT_YOY":null,"HOLDER_PROFIT":-51522255.55,"HOLDER_PROFIT_YOY":25.7902634001,"GROSS_PROFIT_RATIO":null,"EPS_TTM":-0.05381380609,"OPERATE_INCOME_QOQ":0,"NET_PROFIT_RATIO":-229.5168272043,"ROE_AVG":-21.624829147132,"GROSS_PROFIT_QOQ":null,"ROA":-10.895331325998,"HOLDER_PROFIT_QOQ":0,"ROE_YEARLY":-21.624829147132,"ROIC_YEARLY":-25.261445553011,"TOTAL_ASSETS":416485937.01,"TOTAL_LIABILITIES":156954009.72,"TAX_EBT":0.013590880519,"OCF_SALES":104.254572397925,"TOTAL_PARENT_EQUITY":259531927.29,"DEBT_ASSET_RATIO":37.6853083796,"OPERATE_PROFIT":-47781628.62,"PRETAX_PROFIT":-51529258.83,"NETCASH_OPERATE":19096193.74,"NETCASH_INVEST":-60607260.53,"NETCASH_FINANCE":-27249762.48,"END_CASH":97825316.68,"DIVI_RATIO":null,"DIVIDEND_RATE":null,"CURRENT_RATIO":2.084444795647,"COMMON_ACS":20000000000,"CURRENTDEBT_DEBT":98.815898088035,"ISSUED_COMMON_SHARES":7458474999,"HK_COMMON_SHARES":7458474999,"PER_SHARES":8000,"TOTAL_MARKET_CAP":5743025749.23,"HKSK_MARKET_CAP":5743025749.23,"PE_TTM":-237.678506362207,"PB_TTM":5.512138791664,"REPORT_DATE_SQ":"2021-12-31 00:00:00","REPORT_TYPE_SQ":"2021年年报","OPERATE_INCOME_SQ":46618476.82,"DPS_HKD":null,"OPERATE_INCOME_QOQ_SQ":0,"NET_PROFIT_RATIO_SQ":-130.8017086405,"HOLDER_PROFIT_SQ":-64320392.09,"HOLDER_PROFIT_QOQ_SQ":0,"ROE_AVG_SQ":-27.722325824453,"PE_TTM_SQ":-8.876063398293,"PB_TTM_SQ":1.412099753019,"ROA_SQ":-10.167468561986,"START_DATE":"2022-04-01 00:00:00","FISCAL_YEAR":"3-31","CURRENCY":"HKD","IS_CNY_CODE":0,"DPS_HKD_LY":null,"ORG_TYPE":"证券","PREMIUM_INCOME":null,"PREMIUM_INCOME_YOY":null,"NET_INTEREST_INCOME":null,"NET_INTEREST_INCOME_YOY":null,"FEE_COMMISSION_INCOME":null,"FEE_COMMISSION_INCOME_YOY":null,"ACCOUNTS_RECE_TDAYS":null,"INVENTORY_TDAYS":null,"CURRENT_ASSETS_TDAYS":0.059504458251,"TOTAL_ASSETS_TDAYS":0.047470729962,"PREMIUM_EXPENSE":null,"LOAN_DEPOSIT":null,"LOAN_EQUITY":null,"LOAN_ASSETS":null,"DEPOSIT_EQUITY":null,"DEPOSIT_ASSETS":null,"EQUITY_MULTIPLIER":1.604758001679,"EQUITY_RATIO":0.60475800168},{"SECUCODE":"00290.HK","SECURITY_CODE":"00290","SECURITY_NAME_ABBR":"国富创新","ORG_CODE":"10007544","STD_REPORT_DATE":"2022-06-30 00:00:00","REPORT_DATE":"2022-09-30 00:00:00","DATE_TYPE_CODE":"002","REPORT_TYPE":"2022年中报","PER_NETCASH_OPERATE":0.028264473509,"PER_OI":0.013738199212,"BPS":0.032483310676,"BASIC_EPS":-0.02441988,"DILUTED_EPS":-0.02441988,"OPERATE_INCOME":15088772.52,"OPERATE_INCOME_YOY":18.8186209925,"GROSS_PROFIT":null,"GROSS_PROFIT_YOY":null,"HOLDER_PROFIT":-22255555.08,"HOLDER_PROFIT_YOY":25.381326379,"GROSS_PROFIT_RATIO":null,"EPS_TTM":-0.070271864958,"OPERATE_INCOME_QOQ":0,"NET_PROFIT_RATIO":-151.5862748722,"ROE_AVG":-9.542534606085,"GROSS_PROFIT_QOQ":null,"ROA":-4.484142314617,"HOLDER_PROFIT_QOQ":0,"ROE_YEARLY":-19.08506921217,"ROIC_YEARLY":-23.851099043562,"TOTAL_ASSETS":445800284.88,"TOTAL_LIABILITIES":203524324.32,"TAX_EBT":0.03250050782,"OCF_SALES":211.43965995195,"TOTAL_PARENT_EQUITY":242275960.56,"DEBT_ASSET_RATIO":45.6536999241,"OPERATE_PROFIT":-23017998,"PRETAX_PROFIT":-22262790.6,"NETCASH_OPERATE":31043094.12,"NETCASH_INVEST":386195.88,"NETCASH_FINANCE":-74516811.6,"END_CASH":127846211.76,"DIVI_RATIO":null,"DIVIDEND_RATE":null,"CURRENT_RATIO":1.969873080172,"COMMON_ACS":20000000000,"CURRENTDEBT_DEBT":87.323355315783,"ISSUED_COMMON_SHARES":7458474999,"HK_COMMON_SHARES":7458474999,"PER_SHARES":8000,"TOTAL_MARKET_CAP":5743025749.23,"HKSK_MARKET_CAP":5743025749.23,"PE_TTM":-237.678506362207,"PB_TTM":5.512138791664,"REPORT_DATE_SQ":"2021-06-30 00:00:00","REPORT_TYPE_SQ":"2021年中报","OPERATE_INCOME_SQ":11381265.72,"DPS_HKD":null,"OPERATE_INCOME_QOQ_SQ":0,"NET_PROFIT_RATIO_SQ":-198.0481652754,"HOLDER_PROFIT_SQ":-27471819.62,"HOLDER_PROFIT_QOQ_SQ":0,"ROE_AVG_SQ":-10.684460601112,"PE_TTM_SQ":-8.876063398293,"PB_TTM_SQ":1.412099753019,"ROA_SQ":-3.956332417343,"START_DATE":"2022-04-01 00:00:00","FISCAL_YEAR":"3-31","CURRENCY":"HKD","IS_CNY_CODE":0,"DPS_HKD_LY":null,"ORG_TYPE":"证券","PREMIUM_INCOME":null,"PREMIUM_INCOME_YOY":null,"NET_INTEREST_INCOME":null,"NET_INTEREST_INCOME_YOY":null,"FEE_COMMISSION_INCOME":null,"FEE_COMMISSION_INCOME_YOY":null,"ACCOUNTS_RECE_TDAYS":null,"INVENTORY_TDAYS":null,"CURRENT_ASSETS_TDAYS":0.036907021951,"TOTAL_ASSETS_TDAYS":0.029581453324,"PREMIUM_EXPENSE":null,"LOAN_DEPOSIT":null,"LOAN_EQUITY":null,"LOAN_ASSETS":null,"DEPOSIT_EQUITY":null,"DEPOSIT_ASSETS":null,"EQUITY_MULTIPLIER":1.840051666081,"EQUITY_RATIO":0.840051666082},{"SECUCODE":"00290.HK","SECURITY_CODE":"00290","SECURITY_NAME_ABBR":"国富创新","ORG_CODE":"10007544","STD_REPORT_DATE":"2021-12-31 00:00:00","REPORT_DATE":"2022-03-31 00:00:00","DATE_TYPE_CODE":"001","REPORT_TYPE":"2021年年报","PER_NETCASH_OPERATE":0.084284770736,"PER_OI":0.050932017067,"BPS":0.026951371107,"BASIC_EPS":-0.070233466,"DILUTED_EPS":-0.070233466,"OPERATE_INCOME":46618476.82,"OPERATE_INCOME_YOY":-56.9591050095,"GROSS_PROFIT":null,"GROSS_PROFIT_YOY":null,"HOLDER_PROFIT":-64320392.09,"HOLDER_PROFIT_YOY":-487.6917376806,"GROSS_PROFIT_RATIO":null,"EPS_TTM":-0.039947054493,"OPERATE_INCOME_QOQ":0,"NET_PROFIT_RATIO":-130.8017086405,"ROE_AVG":-27.722325824453,"GROSS_PROFIT_QOQ":null,"ROA":-10.167468561986,"HOLDER_PROFIT_QOQ":0,"ROE_YEARLY":-27.722325824453,"ROIC_YEARLY":-17.047450158525,"TOTAL_ASSETS":490344756.1,"TOTAL_LIABILITIES":289328628.51,"TAX_EBT":0.282897880152,"OCF_SALES":156.884864677651,"TOTAL_PARENT_EQUITY":201016127.59,"DEBT_ASSET_RATIO":59.0051438117,"OPERATE_PROFIT":-55102452.43,"PRETAX_PROFIT":-64502869.34,"NETCASH_OPERATE":77146515.24,"NETCASH_INVEST":1077832.29,"NETCASH_FINANCE":-137895219.29,"END_CASH":154430902.18,"DIVI_RATIO":null,"DIVIDEND_RATE":null,"CURRENT_RATIO":1.532621242622,"COMMON_ACS":20000000000,"CURRENTDEBT_DEBT":90.091127985626,"ISSUED_COMMON_SHARES":7458474999,"HK_COMMON_SHARES":7458474999,"PER_SHARES":8000,"TOTAL_MARKET_CAP":5743025749.23,"HKSK_MARKET_CAP":5743025749.23,"PE_TTM":-237.678506362207,"PB_TTM":5.512138791664,"REPORT_DATE_SQ":"2020-12-31 00:00:00","REPORT_TYPE_SQ":"2020年年报","OPERATE_INCOME_SQ":119063042.14,"DPS_HKD":null,"OPERATE_INCOME_QOQ_SQ":0,"NET_PROFIT_RATIO_SQ":-8.4436101987,"HOLDER_PROFIT_SQ":-11405704.1,"HOLDER_PROFIT_QOQ_SQ":0,"ROE_AVG_SQ":-4.166267894576,"PE_TTM_SQ":-8.876063398293,"PB_TTM_SQ":1.412099753019,"ROA_SQ":-1.271809003409,"START_DATE":"2021-04-01 00:00:00","FISCAL_YEAR":"3-31","CURRENCY":"HKD","IS_CNY_CODE":0,"DPS_HKD_LY":null,"ORG_TYPE":"证券","PREMIUM_INCOME":null,"PREMIUM_INCOME_YOY":null,"NET_INTEREST_INCOME":null,"NET_INTEREST_INCOME_YOY":null,"FEE_COMMISSION_INCOME":null,"FEE_COMMISSION_INCOME_YOY":null,"ACCOUNTS_RECE_TDAYS":null,"INVENTORY_TDAYS":null,"CURRENT_ASSETS_TDAYS":0.094716419356,"TOTAL_ASSETS_TDAYS":0.077731924664,"PREMIUM_EXPENSE":null,"LOAN_DEPOSIT":null,"LOAN_EQUITY":null,"LOAN_ASSETS":null,"DEPOSIT_EQUITY":null,"DEPOSIT_ASSETS":null,"EQUITY_MULTIPLIER":2.439330425765,"EQUITY_RATIO":1.439330425766},{"SECUCODE":"00290.HK","SECURITY_CODE":"00290","SECURITY_NAME_ABBR":"国富创新","ORG_CODE":"10007544","STD_REPORT_DATE":"2021-06-30 00:00:00","REPORT_DATE":"2021-09-30 00:00:00","DATE_TYPE_CODE":"002","REPORT_TYPE":"2021年中报","PER_NETCASH_OPERATE":0.064209596468,"PER_OI":0.012434357779,"BPS":0.032723948514,"BASIC_EPS":-0.02999016,"DILUTED_EPS":-0.02999016,"OPERATE_INCOME":11381265.72,"OPERATE_INCOME_YOY":-65.5878645091,"GROSS_PROFIT":null,"GROSS_PROFIT_YOY":null,"HOLDER_PROFIT":-27471819.62,"HOLDER_PROFIT_YOY":-1152.4496771743,"GROSS_PROFIT_RATIO":null,"EPS_TTM":-0.012461057407,"OPERATE_INCOME_QOQ":0,"NET_PROFIT_RATIO":-198.0481652754,"ROE_AVG":-10.684460601112,"GROSS_PROFIT_QOQ":null,"ROA":-3.956332417343,"HOLDER_PROFIT_QOQ":0,"ROE_YEARLY":-21.368921202225,"ROIC_YEARLY":-10.966233697134,"TOTAL_ASSETS":592809661.3,"TOTAL_LIABILITIES":348738909.44,"TAX_EBT":-1.714937848925,"OCF_SALES":423.69227073449,"TOTAL_PARENT_EQUITY":244070751.86,"DEBT_ASSET_RATIO":58.828142017,"OPERATE_PROFIT":-22845004.38,"PRETAX_PROFIT":-27008638.26,"NETCASH_OPERATE":58771549.94,"NETCASH_INVEST":85805.18,"NETCASH_FINANCE":-112257334.18,"END_CASH":166897739.58,"DIVI_RATIO":null,"DIVIDEND_RATE":null,"CURRENT_RATIO":1.524429091293,"COMMON_ACS":20000000000,"CURRENTDEBT_DEBT":90.587257300107,"ISSUED_COMMON_SHARES":7458474999,"HK_COMMON_SHARES":7458474999,"PER_SHARES":8000,"TOTAL_MARKET_CAP":5743025749.23,"HKSK_MARKET_CAP":5743025749.23,"PE_TTM":-237.678506362207,"PB_TTM":5.512138791664,"REPORT_DATE_SQ":"2020-06-30 00:00:00","REPORT_TYPE_SQ":"2020年中报","OPERATE_INCOME_SQ":42518624.64,"DPS_HKD":null,"OPERATE_INCOME_QOQ_SQ":0,"NET_PROFIT_RATIO_SQ":-3.9289711259,"HOLDER_PROFIT_SQ":-2313669.76,"HOLDER_PROFIT_QOQ_SQ":0,"ROE_AVG_SQ":-0.804674630898,"PE_TTM_SQ":-8.876063398293,"PB_TTM_SQ":1.412099753019,"ROA_SQ":-0.244493782726,"START_DATE":"2021-04-01 00:00:00","FISCAL_YEAR":"3-31","CURRENCY":"HKD","IS_CNY_CODE":0,"DPS_HKD_LY":null,"ORG_TYPE":"证券","PREMIUM_INCOME":null,"PREMIUM_INCOME_YOY":null,"NET_INTEREST_INCOME":null,"NET_INTEREST_INCOME_YOY":null,"FEE_COMMISSION_INCOME":null,"FEE_COMMISSION_INCOME_YOY":null,"ACCOUNTS_RECE_TDAYS":null,"INVENTORY_TDAYS":null,"CURRENT_ASSETS_TDAYS":0.024382529393,"TOTAL_ASSETS_TDAYS":0.019976617364,"PREMIUM_EXPENSE":null,"LOAN_DEPOSIT":null,"LOAN_EQUITY":null,"LOAN_ASSETS":null,"DEPOSIT_EQUITY":null,"DEPOSIT_ASSETS":null,"EQUITY_MULTIPLIER":2.428843508624,"EQUITY_RATIO":1.428843508623},{"SECUCODE":"00290.HK","SECURITY_CODE":"00290","SECURITY_NAME_ABBR":"国富创新","ORG_CODE":"10007544","STD_REPORT_DATE":"2020-12-31 00:00:00","REPORT_DATE":"2021-03-31 00:00:00","DATE_TYPE_CODE":"001","REPORT_TYPE":"2020年年报","PER_NETCASH_OPERATE":0.143222287526,"PER_OI":0.130079773256,"BPS":0.036749956992,"BASIC_EPS":-0.012424146,"DILUTED_EPS":-0.012424146,"OPERATE_INCOME":119063042.14,"OPERATE_INCOME_YOY":-8.3225303154,"GROSS_PROFIT":null,"GROSS_PROFIT_YOY":null,"HOLDER_PROFIT":-11405704.1,"HOLDER_PROFIT_YOY":81.2083994764,"GROSS_PROFIT_RATIO":null,"EPS_TTM":-0.047685714354,"OPERATE_INCOME_QOQ":0,"NET_PROFIT_RATIO":-8.4436101987,"ROE_AVG":-4.166267894576,"GROSS_PROFIT_QOQ":null,"ROA":-1.271809003409,"HOLDER_PROFIT_QOQ":0,"ROE_YEARLY":-4.166267894576,"ROIC_YEARLY":-1.748972260095,"TOTAL_ASSETS":807522159.92,"TOTAL_LIABILITIES":533423524.48,"TAX_EBT":-70.026458359582,"OCF_SALES":97.047395588925,"TOTAL_PARENT_EQUITY":274098635.44,"DEBT_ASSET_RATIO":66.0568280297,"OPERATE_PROFIT":7199243.24,"PRETAX_PROFIT":-6708193.66,"NETCASH_OPERATE":131092489.08,"NETCASH_INVEST":-3616525.22,"NETCASH_FINANCE":-176380614.2,"END_CASH":223000743,"DIVI_RATIO":null,"DIVIDEND_RATE":null,"CURRENT_RATIO":1.387796090591,"COMMON_ACS":20000000000,"CURRENTDEBT_DEBT":89.933865284186,"ISSUED_COMMON_SHARES":7458474999,"HK_COMMON_SHARES":7458474999,"PER_SHARES":8000,"TOTAL_MARKET_CAP":5668440999.24,"HKSK_MARKET_CAP":5668440999.24,"PE_TTM":-234.591772513347,"PB_TTM":5.44055257359,"REPORT_DATE_SQ":"2019-12-31 00:00:00","REPORT_TYPE_SQ":"2019年年报","OPERATE_INCOME_SQ":159288975.8,"DPS_HKD":null,"OPERATE_INCOME_QOQ_SQ":0,"NET_PROFIT_RATIO_SQ":-38.2563206512,"HOLDER_PROFIT_SQ":-65616451.8,"HOLDER_PROFIT_QOQ_SQ":0,"ROE_AVG_SQ":-19.641704501942,"PE_TTM_SQ":-6.852402902217,"PB_TTM_SQ":1.241673920758,"ROA_SQ":-5.415367445508,"START_DATE":"2020-04-01 00:00:00","FISCAL_YEAR":"3-31","CURRENCY":"HKD","IS_CNY_CODE":0,"DPS_HKD_LY":null,"ORG_TYPE":"证券","PREMIUM_INCOME":null,"PREMIUM_INCOME_YOY":null,"NET_INTEREST_INCOME":null,"NET_INTEREST_INCOME_YOY":null,"FEE_COMMISSION_INCOME":null,"FEE_COMMISSION_INCOME_YOY":null,"ACCOUNTS_RECE_TDAYS":null,"INVENTORY_TDAYS":null,"CURRENT_ASSETS_TDAYS":0.175487332137,"TOTAL_ASSETS_TDAYS":0.1506238414,"PREMIUM_EXPENSE":null,"LOAN_DEPOSIT":null,"LOAN_EQUITY":null,"LOAN_ASSETS":null,"DEPOSIT_EQUITY":null,"DEPOSIT_ASSETS":null,"EQUITY_MULTIPLIER":2.946100620399,"EQUITY_RATIO":1.946100620398},{"SECUCODE":"00290.HK","SECURITY_CODE":"00290","SECURITY_NAME_ABBR":"国富创新","ORG_CODE":"10007544","STD_REPORT_DATE":"2020-06-30 00:00:00","REPORT_DATE":"2020-09-30 00:00:00","DATE_TYPE_CODE":"002","REPORT_TYPE":"2020年中报","PER_NETCASH_OPERATE":0.018909069696,"PER_OI":0.004645281145,"BPS":0.038986386986,"BASIC_EPS":-0.00263616,"DILUTED_EPS":-0.00263616,"OPERATE_INCOME":42518624.64,"OPERATE_INCOME_YOY":-3.8439463942,"GROSS_PROFIT":null,"GROSS_PROFIT_YOY":null,"HOLDER_PROFIT":-2313669.76,"HOLDER_PROFIT_YOY":90.219531221,"GROSS_PROFIT_RATIO":null,"EPS_TTM":-0.007168784713,"OPERATE_INCOME_QOQ":0,"NET_PROFIT_RATIO":-3.9289711259,"ROE_AVG":-0.804674630898,"GROSS_PROFIT_QOQ":null,"ROA":-0.244493782726,"HOLDER_PROFIT_QOQ":0,"ROE_YEARLY":-1.609349261796,"ROIC_YEARLY":-0.632644884509,"TOTAL_ASSETS":867391541.76,"TOTAL_LIABILITIES":576612549.12,"TAX_EBT":285.684062059238,"OCF_SALES":293.910318585391,"TOTAL_PARENT_EQUITY":290778992.64,"DEBT_ASSET_RATIO":66.4766165404,"OPERATE_PROFIT":15293242.88,"PRETAX_PROFIT":1246024.96,"NETCASH_OPERATE":173076206.08,"NETCASH_INVEST":383121.92,"NETCASH_FINANCE":-302964202.88,"END_CASH":152852465.28,"DIVI_RATIO":null,"DIVIDEND_RATE":null,"CURRENT_RATIO":1.471881130506,"COMMON_ACS":20000000000,"CURRENTDEBT_DEBT":89.567293918281,"ISSUED_COMMON_SHARES":7458474999,"HK_COMMON_SHARES":7458474999,"PER_SHARES":8000,"TOTAL_MARKET_CAP":5668440999.24,"HKSK_MARKET_CAP":5668440999.24,"PE_TTM":-234.591772513347,"PB_TTM":5.44055257359,"REPORT_DATE_SQ":"2019-06-30 00:00:00","REPORT_TYPE_SQ":"2019年中报","OPERATE_INCOME_SQ":62864684.94,"DPS_HKD":null,"OPERATE_INCOME_QOQ_SQ":0,"NET_PROFIT_RATIO_SQ":-35.090852212,"HOLDER_PROFIT_SQ":-24283011.21,"HOLDER_PROFIT_QOQ_SQ":0,"ROE_AVG_SQ":-6.932505858419,"PE_TTM_SQ":-6.852402902217,"PB_TTM_SQ":1.241673920758,"ROA_SQ":-1.965989355425,"START_DATE":"2020-04-01 00:00:00","FISCAL_YEAR":"3-31","CURRENCY":"HKD","IS_CNY_CODE":0,"DPS_HKD_LY":null,"ORG_TYPE":"证券","PREMIUM_INCOME":null,"PREMIUM_INCOME_YOY":null,"NET_INTEREST_INCOME":null,"NET_INTEREST_INCOME_YOY":null,"FEE_COMMISSION_INCOME":null,"FEE_COMMISSION_INCOME_YOY":null,"ACCOUNTS_RECE_TDAYS":null,"INVENTORY_TDAYS":null,"CURRENT_ASSETS_TDAYS":0.070584530281,"TOTAL_ASSETS_TDAYS":0.062228449865,"PREMIUM_EXPENSE":null,"LOAN_DEPOSIT":null,"LOAN_EQUITY":null,"LOAN_ASSETS":null,"DEPOSIT_EQUITY":null,"DEPOSIT_ASSETS":null,"EQUITY_MULTIPLIER":2.982992457206,"EQUITY_RATIO":1.982992457209}],"count":47},"success":true,"message":"ok","code":0}