{"version":"c9c03c567a4f1dbf85af73867f8565f7","result":{"pages":1,"data":[{"SECUCODE":"00300.HK","SECURITY_CODE":"00300","SECURITY_NAME_ABBR":"美的集团","ORG_CODE":"10015250","STD_REPORT_DATE":"2024-09-30 00:00:00","REPORT_DATE":"2024-09-30 00:00:00","DATE_TYPE_CODE":"004","REPORT_TYPE":"2024年三季报","PER_NETCASH_OPERATE":7.878297710459,"PER_OI":41.699698719876,"BPS":27.275990787495,"BASIC_EPS":4.58,"DILUTED_EPS":4.57,"OPERATE_INCOME":318974661000,"OPERATE_INCOME_YOY":9.5716746881,"GROSS_PROFIT":85344753000,"GROSS_PROFIT_YOY":13.438938385511,"HOLDER_PROFIT":31699114000,"HOLDER_PROFIT_YOY":14.3650608077,"GROSS_PROFIT_RATIO":26.755966361855,"EPS_TTM":4.928951983696,"OPERATE_INCOME_QOQ":1.913004254745,"NET_PROFIT_RATIO":10.0794783821,"ROE_AVG":17.053233891766,"GROSS_PROFIT_QOQ":0.988898177566,"ROA":6.019659092582,"HOLDER_PROFIT_QOQ":3.885249016535,"ROE_YEARLY":22.737645189022,"ROIC_YEARLY":7.83089460931,"TOTAL_ASSETS":567150337000,"TOTAL_LIABILITIES":346854643000,"TAX_EBT":16.270146083168,"OCF_SALES":18.892936765281,"TOTAL_PARENT_EQUITY":208887776000,"DEBT_ASSET_RATIO":61.1574428104,"OPERATE_PROFIT":34043750000,"PRETAX_PROFIT":38398469000,"NETCASH_OPERATE":60263681000,"NETCASH_INVEST":-90564488000,"NETCASH_FINANCE":19961078000,"END_CASH":49307630000,"DIVI_RATIO":null,"DIVIDEND_RATE":null,"CURRENT_RATIO":1.12406244112,"COMMON_ACS":null,"CURRENTDEBT_DEBT":92.845705686575,"ISSUED_COMMON_SHARES":7658302044,"HK_COMMON_SHARES":650848500,"PER_SHARES":100,"TOTAL_MARKET_CAP":564799775745,"HKSK_MARKET_CAP":48000076875,"PE_TTM":13.397526253053,"PB_TTM":2.438298686128,"REPORT_DATE_SQ":"2023-09-30 00:00:00","REPORT_TYPE_SQ":"2023年三季报","OPERATE_INCOME_SQ":291110510000,"DPS_HKD":null,"OPERATE_INCOME_QOQ_SQ":0,"NET_PROFIT_RATIO_SQ":9.7169590339,"HOLDER_PROFIT_SQ":27717481000,"HOLDER_PROFIT_QOQ_SQ":0,"ROE_AVG_SQ":null,"PE_TTM_SQ":null,"PB_TTM_SQ":null,"ROA_SQ":null,"START_DATE":"2024-01-01 00:00:00","FISCAL_YEAR":"12-31","CURRENCY":"HKD","IS_CNY_CODE":0,"DPS_HKD_LY":null,"ORG_TYPE":"一般企业","PREMIUM_INCOME":null,"PREMIUM_INCOME_YOY":null,"NET_INTEREST_INCOME":null,"NET_INTEREST_INCOME_YOY":null,"FEE_COMMISSION_INCOME":null,"FEE_COMMISSION_INCOME_YOY":null,"ACCOUNTS_RECE_TDAYS":5.812788750212,"INVENTORY_TDAYS":5.18526960272,"CURRENT_ASSETS_TDAYS":0.991661418902,"TOTAL_ASSETS_TDAYS":0.605732613975,"PREMIUM_EXPENSE":null,"LOAN_DEPOSIT":null,"LOAN_EQUITY":null,"LOAN_ASSETS":null,"DEPOSIT_EQUITY":null,"DEPOSIT_ASSETS":null,"EQUITY_MULTIPLIER":2.574495791095,"EQUITY_RATIO":1.660483201276},{"SECUCODE":"00300.HK","SECURITY_CODE":"00300","SECURITY_NAME_ABBR":"美的集团","ORG_CODE":"10015250","STD_REPORT_DATE":"2024-06-30 00:00:00","REPORT_DATE":"2024-06-30 00:00:00","DATE_TYPE_CODE":"002","REPORT_TYPE":"2024年中报","PER_NETCASH_OPERATE":4.797627616132,"PER_OI":31.248866643592,"BPS":21.518625545608,"BASIC_EPS":3.02,"DILUTED_EPS":3.01,"OPERATE_INCOME":218121839000,"OPERATE_INCOME_YOY":10.2763780192,"GROSS_PROFIT":58491390000,"GROSS_PROFIT_YOY":18.300223339204,"HOLDER_PROFIT":20804395000,"HOLDER_PROFIT_YOY":14.1039801865,"GROSS_PROFIT_RATIO":26.815925570846,"EPS_TTM":5.199470154805,"OPERATE_INCOME_QOQ":5.439039806406,"NET_PROFIT_RATIO":9.6925067645,"ROE_AVG":12.698190342949,"GROSS_PROFIT_QOQ":9.196305253427,"ROA":4.191620183142,"HOLDER_PROFIT_QOQ":7.625856663231,"ROE_YEARLY":25.396380685898,"ROIC_YEARLY":9.694843119765,"TOTAL_ASSETS":506630023000,"TOTAL_LIABILITIES":330346149000,"TAX_EBT":16.935390494119,"OCF_SALES":15.35296518383,"TOTAL_PARENT_EQUITY":164796134000,"DEBT_ASSET_RATIO":65.2046136239,"OPERATE_PROFIT":25188696000,"PRETAX_PROFIT":25451843000,"NETCASH_OPERATE":33488170000,"NETCASH_INVEST":-20635554000,"NETCASH_FINANCE":-20977156000,"END_CASH":51500714000,"DIVI_RATIO":null,"DIVIDEND_RATE":null,"CURRENT_RATIO":1.09198667322,"COMMON_ACS":null,"CURRENTDEBT_DEBT":83.659410844229,"ISSUED_COMMON_SHARES":7658302044,"HK_COMMON_SHARES":650848500,"PER_SHARES":100,"TOTAL_MARKET_CAP":564033945540.6,"HKSK_MARKET_CAP":47934992025,"PE_TTM":13.379360115761,"PB_TTM":2.434992518418,"REPORT_DATE_SQ":"2023-06-30 00:00:00","REPORT_TYPE_SQ":"2023年中报","OPERATE_INCOME_SQ":197795614000,"DPS_HKD":null,"OPERATE_INCOME_QOQ_SQ":4.087896762426,"NET_PROFIT_RATIO_SQ":9.3679534269,"HOLDER_PROFIT_SQ":18232839000,"HOLDER_PROFIT_QOQ_SQ":7.572960783928,"ROE_AVG_SQ":12.604888594076,"PE_TTM_SQ":null,"PB_TTM_SQ":null,"ROA_SQ":4.119080145548,"START_DATE":"2024-01-01 00:00:00","FISCAL_YEAR":"12-31","CURRENCY":"HKD","IS_CNY_CODE":0,"DPS_HKD_LY":null,"ORG_TYPE":"一般企业","PREMIUM_INCOME":null,"PREMIUM_INCOME_YOY":null,"NET_INTEREST_INCOME":null,"NET_INTEREST_INCOME_YOY":null,"FEE_COMMISSION_INCOME":null,"FEE_COMMISSION_INCOME_YOY":null,"ACCOUNTS_RECE_TDAYS":3.592615274551,"INVENTORY_TDAYS":3.641683758993,"CURRENT_ASSETS_TDAYS":0.74813455754,"TOTAL_ASSETS_TDAYS":0.439466710153,"PREMIUM_EXPENSE":null,"LOAN_DEPOSIT":null,"LOAN_EQUITY":null,"LOAN_ASSETS":null,"DEPOSIT_EQUITY":null,"DEPOSIT_ASSETS":null,"EQUITY_MULTIPLIER":2.873944232695,"EQUITY_RATIO":2.004574627946},{"SECUCODE":"00300.HK","SECURITY_CODE":"00300","SECURITY_NAME_ABBR":"美的集团","ORG_CODE":"10015250","STD_REPORT_DATE":"2023-12-31 00:00:00","REPORT_DATE":"2023-12-31 00:00:00","DATE_TYPE_CODE":"001","REPORT_TYPE":"2023年年报","PER_NETCASH_OPERATE":8.241462393654,"PER_OI":53.191302475217,"BPS":21.268051594754,"BASIC_EPS":4.93,"DILUTED_EPS":4.92,"OPERATE_INCOME":373709804000,"OPERATE_INCOME_YOY":8.0996218822,"GROSS_PROFIT":98389644000,"GROSS_PROFIT_YOY":17.991714982504,"HOLDER_PROFIT":33721536000,"HOLDER_PROFIT_YOY":14.1039683431,"GROSS_PROFIT_RATIO":26.327819860996,"EPS_TTM":4.799693243544,"OPERATE_INCOME_QOQ":3.85417060446,"NET_PROFIT_RATIO":9.030256268,"ROE_AVG":22.053970979467,"GROSS_PROFIT_QOQ":8.737135009815,"ROA":7.422853003475,"HOLDER_PROFIT_QOQ":6.071235291425,"ROE_YEARLY":22.053970979467,"ROIC_YEARLY":8.678163097161,"TOTAL_ASSETS":486038184000,"TOTAL_LIABILITIES":311738535000,"TAX_EBT":16.217677833918,"OCF_SALES":15.494003737724,"TOTAL_PARENT_EQUITY":162878825000,"DEBT_ASSET_RATIO":64.1388817658,"OPERATE_PROFIT":41886124000,"PRETAX_PROFIT":40279324000,"NETCASH_OPERATE":57902611000,"NETCASH_INVEST":-31219855000,"NETCASH_FINANCE":-17910213000,"END_CASH":59887260000,"DIVI_RATIO":null,"DIVIDEND_RATE":null,"CURRENT_RATIO":1.119704562053,"COMMON_ACS":null,"CURRENTDEBT_DEBT":80.595015627439,"ISSUED_COMMON_SHARES":7658302044,"HK_COMMON_SHARES":650848500,"PER_SHARES":100,"TOTAL_MARKET_CAP":564033945540.6,"HKSK_MARKET_CAP":47934992025,"PE_TTM":13.379360115761,"PB_TTM":2.434992518418,"REPORT_DATE_SQ":"2022-12-31 00:00:00","REPORT_TYPE_SQ":"2022年年报","OPERATE_INCOME_SQ":345708706000,"DPS_HKD":null,"OPERATE_INCOME_QOQ_SQ":0.683794081634,"NET_PROFIT_RATIO_SQ":8.6234811223,"HOLDER_PROFIT_SQ":29553342000,"HOLDER_PROFIT_QOQ_SQ":3.380427033566,"ROE_AVG_SQ":22.071447097985,"PE_TTM_SQ":null,"PB_TTM_SQ":null,"ROA_SQ":7.292709716224,"START_DATE":"2023-01-01 00:00:00","FISCAL_YEAR":"12-31","CURRENCY":"HKD","IS_CNY_CODE":0,"DPS_HKD_LY":null,"ORG_TYPE":"一般企业","PREMIUM_INCOME":null,"PREMIUM_INCOME_YOY":null,"NET_INTEREST_INCOME":null,"NET_INTEREST_INCOME_YOY":null,"FEE_COMMISSION_INCOME":null,"FEE_COMMISSION_INCOME_YOY":null,"ACCOUNTS_RECE_TDAYS":7.606600446742,"INVENTORY_TDAYS":5.896507150378,"CURRENT_ASSETS_TDAYS":1.377934556503,"TOTAL_ASSETS_TDAYS":0.822617611798,"PREMIUM_EXPENSE":null,"LOAN_DEPOSIT":null,"LOAN_EQUITY":null,"LOAN_ASSETS":null,"DEPOSIT_EQUITY":null,"DEPOSIT_ASSETS":null,"EQUITY_MULTIPLIER":2.788535464704,"EQUITY_RATIO":1.913929174035},{"SECUCODE":"00300.HK","SECURITY_CODE":"00300","SECURITY_NAME_ABBR":"美的集团","ORG_CODE":"10015250","STD_REPORT_DATE":"2023-09-30 00:00:00","REPORT_DATE":"2023-09-30 00:00:00","DATE_TYPE_CODE":"004","REPORT_TYPE":"2023年三季报","PER_NETCASH_OPERATE":null,"PER_OI":null,"BPS":null,"BASIC_EPS":4.06,"DILUTED_EPS":4.05,"OPERATE_INCOME":291110510000,"OPERATE_INCOME_YOY":null,"GROSS_PROFIT":75234090000,"GROSS_PROFIT_YOY":null,"HOLDER_PROFIT":27717481000,"HOLDER_PROFIT_YOY":null,"GROSS_PROFIT_RATIO":25.843824738585,"EPS_TTM":4.52728361744,"OPERATE_INCOME_QOQ":0,"NET_PROFIT_RATIO":9.7169590339,"ROE_AVG":null,"GROSS_PROFIT_QOQ":0,"ROA":null,"HOLDER_PROFIT_QOQ":0,"ROE_YEARLY":null,"ROIC_YEARLY":null,"TOTAL_ASSETS":null,"TOTAL_LIABILITIES":null,"TAX_EBT":16.2666480455,"OCF_SALES":15.384898332939,"TOTAL_PARENT_EQUITY":null,"DEBT_ASSET_RATIO":null,"OPERATE_PROFIT":30873839000,"PRETAX_PROFIT":33782344000,"NETCASH_OPERATE":44787056000,"NETCASH_INVEST":-33608113000,"NETCASH_FINANCE":-13409903000,"END_CASH":49071393000,"DIVI_RATIO":null,"DIVIDEND_RATE":null,"CURRENT_RATIO":null,"COMMON_ACS":null,"CURRENTDEBT_DEBT":null,"ISSUED_COMMON_SHARES":7658302044,"HK_COMMON_SHARES":650848500,"PER_SHARES":100,"TOTAL_MARKET_CAP":564033945540.6,"HKSK_MARKET_CAP":47934992025,"PE_TTM":13.379360115761,"PB_TTM":2.434992518418,"REPORT_DATE_SQ":"2022-09-30 00:00:00","REPORT_TYPE_SQ":"2022年三季报","OPERATE_INCOME_SQ":null,"DPS_HKD":null,"OPERATE_INCOME_QOQ_SQ":0,"NET_PROFIT_RATIO_SQ":null,"HOLDER_PROFIT_SQ":null,"HOLDER_PROFIT_QOQ_SQ":0,"ROE_AVG_SQ":null,"PE_TTM_SQ":null,"PB_TTM_SQ":null,"ROA_SQ":null,"START_DATE":"2023-01-01 00:00:00","FISCAL_YEAR":"12-31","CURRENCY":"HKD","IS_CNY_CODE":0,"DPS_HKD_LY":null,"ORG_TYPE":"一般企业","PREMIUM_INCOME":null,"PREMIUM_INCOME_YOY":null,"NET_INTEREST_INCOME":null,"NET_INTEREST_INCOME_YOY":null,"FEE_COMMISSION_INCOME":null,"FEE_COMMISSION_INCOME_YOY":null,"ACCOUNTS_RECE_TDAYS":null,"INVENTORY_TDAYS":null,"CURRENT_ASSETS_TDAYS":2.229883744103,"TOTAL_ASSETS_TDAYS":1.377871881152,"PREMIUM_EXPENSE":null,"LOAN_DEPOSIT":null,"LOAN_EQUITY":null,"LOAN_ASSETS":null,"DEPOSIT_EQUITY":null,"DEPOSIT_ASSETS":null,"EQUITY_MULTIPLIER":null,"EQUITY_RATIO":null},{"SECUCODE":"00300.HK","SECURITY_CODE":"00300","SECURITY_NAME_ABBR":"美的集团","ORG_CODE":"10015250","STD_REPORT_DATE":"2023-06-30 00:00:00","REPORT_DATE":"2023-06-30 00:00:00","DATE_TYPE_CODE":"002","REPORT_TYPE":"2023年中报","PER_NETCASH_OPERATE":4.241513284833,"PER_OI":28.16726227934,"BPS":19.112051621766,"BASIC_EPS":2.67,"DILUTED_EPS":2.66,"OPERATE_INCOME":197795614000,"OPERATE_INCOME_YOY":7.6946278229,"GROSS_PROFIT":49443178000,"GROSS_PROFIT_YOY":16.759567287196,"HOLDER_PROFIT":18232839000,"HOLDER_PROFIT_YOY":13.9924622889,"GROSS_PROFIT_RATIO":24.997105345319,"EPS_TTM":4.52728361744,"OPERATE_INCOME_QOQ":4.087896762426,"NET_PROFIT_RATIO":9.3679534269,"ROE_AVG":12.604888594076,"GROSS_PROFIT_QOQ":8.510965432236,"ROA":4.119080145548,"HOLDER_PROFIT_QOQ":7.572960783928,"ROE_YEARLY":25.209777188151,"ROIC_YEARLY":9.52440062976,"TOTAL_ASSETS":462736014000,"TOTAL_LIABILITIES":304496228000,"TAX_EBT":16.187081908494,"OCF_SALES":15.058308623567,"TOTAL_PARENT_EQUITY":146365864000,"DEBT_ASSET_RATIO":65.8034427379,"OPERATE_PROFIT":23385473000,"PRETAX_PROFIT":22108049000,"NETCASH_OPERATE":29784674000,"NETCASH_INVEST":-27046688000,"NETCASH_FINANCE":-6437928000,"END_CASH":47560795000,"DIVI_RATIO":null,"DIVIDEND_RATE":null,"CURRENT_RATIO":1.11464478075,"COMMON_ACS":null,"CURRENTDEBT_DEBT":82.586175090484,"ISSUED_COMMON_SHARES":7658302044,"HK_COMMON_SHARES":650848500,"PER_SHARES":100,"TOTAL_MARKET_CAP":564033945540.6,"HKSK_MARKET_CAP":47934992025,"PE_TTM":13.379360115761,"PB_TTM":2.434992518418,"REPORT_DATE_SQ":"2022-06-30 00:00:00","REPORT_TYPE_SQ":"2022年中报","OPERATE_INCOME_SQ":183663399000,"DPS_HKD":null,"OPERATE_INCOME_QOQ_SQ":0,"NET_PROFIT_RATIO_SQ":8.778923339,"HOLDER_PROFIT_SQ":15994776000,"HOLDER_PROFIT_QOQ_SQ":0,"ROE_AVG_SQ":null,"PE_TTM_SQ":null,"PB_TTM_SQ":null,"ROA_SQ":null,"START_DATE":"2023-01-01 00:00:00","FISCAL_YEAR":"12-31","CURRENCY":"HKD","IS_CNY_CODE":0,"DPS_HKD_LY":null,"ORG_TYPE":"一般企业","PREMIUM_INCOME":null,"PREMIUM_INCOME_YOY":null,"NET_INTEREST_INCOME":null,"NET_INTEREST_INCOME_YOY":null,"FEE_COMMISSION_INCOME":null,"FEE_COMMISSION_INCOME_YOY":null,"ACCOUNTS_RECE_TDAYS":3.754703073946,"INVENTORY_TDAYS":3.720999872307,"CURRENT_ASSETS_TDAYS":0.730680655372,"TOTAL_ASSETS_TDAYS":0.446850864259,"PREMIUM_EXPENSE":null,"LOAN_DEPOSIT":null,"LOAN_EQUITY":null,"LOAN_ASSETS":null,"DEPOSIT_EQUITY":null,"DEPOSIT_ASSETS":null,"EQUITY_MULTIPLIER":2.924270979489,"EQUITY_RATIO":2.080377348095},{"SECUCODE":"00300.HK","SECURITY_CODE":"00300","SECURITY_NAME_ABBR":"美的集团","ORG_CODE":"10015250","STD_REPORT_DATE":"2022-12-31 00:00:00","REPORT_DATE":"2022-12-31 00:00:00","DATE_TYPE_CODE":"001","REPORT_TYPE":"2022年年报","PER_NETCASH_OPERATE":4.953047851642,"PER_OI":49.406205245958,"BPS":18.663671813778,"BASIC_EPS":4.34,"DILUTED_EPS":4.33,"OPERATE_INCOME":345708706000,"OPERATE_INCOME_YOY":0.6837940816,"GROSS_PROFIT":83386909000,"GROSS_PROFIT_YOY":8.421493694255,"HOLDER_PROFIT":29553342000,"HOLDER_PROFIT_YOY":3.3804270336,"GROSS_PROFIT_RATIO":24.120569587276,"EPS_TTM":4.223551374943,"OPERATE_INCOME_QOQ":0.683794081634,"NET_PROFIT_RATIO":8.6234811223,"ROE_AVG":22.071447097985,"GROSS_PROFIT_QOQ":8.421493694255,"ROA":7.292709716224,"HOLDER_PROFIT_QOQ":3.380427033566,"ROE_YEARLY":22.071447097985,"ROIC_YEARLY":8.445445324996,"TOTAL_ASSETS":422550912000,"TOTAL_LIABILITIES":270630347000,"TAX_EBT":14.721300986147,"OCF_SALES":10.025153372909,"TOTAL_PARENT_EQUITY":142932036000,"DEBT_ASSET_RATIO":64.0468022466,"OPERATE_PROFIT":35465614000,"PRETAX_PROFIT":34958466000,"NETCASH_OPERATE":34657828000,"NETCASH_INVEST":-13509510000,"NETCASH_FINANCE":-10854881000,"END_CASH":51131968000,"DIVI_RATIO":null,"DIVIDEND_RATE":null,"CURRENT_RATIO":1.265373015342,"COMMON_ACS":null,"CURRENTDEBT_DEBT":76.244864364749,"ISSUED_COMMON_SHARES":7658302044,"HK_COMMON_SHARES":650848500,"PER_SHARES":100,"TOTAL_MARKET_CAP":564033945540.6,"HKSK_MARKET_CAP":47934992025,"PE_TTM":13.379360115761,"PB_TTM":2.434992518418,"REPORT_DATE_SQ":"2021-12-31 00:00:00","REPORT_TYPE_SQ":"2021年年报","OPERATE_INCOME_SQ":343360825000,"DPS_HKD":null,"OPERATE_INCOME_QOQ_SQ":20.178205412109,"NET_PROFIT_RATIO_SQ":8.4550787062,"HOLDER_PROFIT_SQ":28586980000,"HOLDER_PROFIT_QOQ_SQ":5.01050748649,"ROE_AVG_SQ":23.590080057008,"PE_TTM_SQ":null,"PB_TTM_SQ":null,"ROA_SQ":7.615359710444,"START_DATE":"2022-01-01 00:00:00","FISCAL_YEAR":"12-31","CURRENCY":"HKD","IS_CNY_CODE":0,"DPS_HKD_LY":null,"ORG_TYPE":"一般企业","PREMIUM_INCOME":null,"PREMIUM_INCOME_YOY":null,"NET_INTEREST_INCOME":null,"NET_INTEREST_INCOME_YOY":null,"FEE_COMMISSION_INCOME":null,"FEE_COMMISSION_INCOME_YOY":null,"ACCOUNTS_RECE_TDAYS":8.019451121482,"INVENTORY_TDAYS":5.704549111891,"CURRENT_ASSETS_TDAYS":1.355816715892,"TOTAL_ASSETS_TDAYS":0.853085664298,"PREMIUM_EXPENSE":null,"LOAN_DEPOSIT":null,"LOAN_EQUITY":null,"LOAN_ASSETS":null,"DEPOSIT_EQUITY":null,"DEPOSIT_ASSETS":null,"EQUITY_MULTIPLIER":2.781393763244,"EQUITY_RATIO":1.893419799883},{"SECUCODE":"00300.HK","SECURITY_CODE":"00300","SECURITY_NAME_ABBR":"美的集团","ORG_CODE":"10015250","STD_REPORT_DATE":"2022-06-30 00:00:00","REPORT_DATE":"2022-06-30 00:00:00","DATE_TYPE_CODE":"002","REPORT_TYPE":"2022年中报","PER_NETCASH_OPERATE":null,"PER_OI":null,"BPS":null,"BASIC_EPS":2.34,"DILUTED_EPS":2.34,"OPERATE_INCOME":183663399000,"OPERATE_INCOME_YOY":null,"GROSS_PROFIT":42346147000,"GROSS_PROFIT_YOY":null,"HOLDER_PROFIT":15994776000,"HOLDER_PROFIT_YOY":null,"GROSS_PROFIT_RATIO":23.056388605767,"EPS_TTM":4.091708027007,"OPERATE_INCOME_QOQ":0,"NET_PROFIT_RATIO":8.778923339,"ROE_AVG":null,"GROSS_PROFIT_QOQ":0,"ROA":null,"HOLDER_PROFIT_QOQ":0,"ROE_YEARLY":null,"ROIC_YEARLY":null,"TOTAL_ASSETS":null,"TOTAL_LIABILITIES":null,"TAX_EBT":14.393619464712,"OCF_SALES":11.648869680344,"TOTAL_PARENT_EQUITY":null,"DEBT_ASSET_RATIO":null,"OPERATE_PROFIT":19035236000,"PRETAX_PROFIT":18834658000,"NETCASH_OPERATE":21394710000,"NETCASH_INVEST":-6562852000,"NETCASH_FINANCE":5783043000,"END_CASH":61310727000,"DIVI_RATIO":null,"DIVIDEND_RATE":null,"CURRENT_RATIO":null,"COMMON_ACS":null,"CURRENTDEBT_DEBT":null,"ISSUED_COMMON_SHARES":7658302044,"HK_COMMON_SHARES":650848500,"PER_SHARES":100,"TOTAL_MARKET_CAP":564033945540.6,"HKSK_MARKET_CAP":47934992025,"PE_TTM":13.379360115761,"PB_TTM":2.434992518418,"REPORT_DATE_SQ":"2021-06-30 00:00:00","REPORT_TYPE_SQ":"2021年中报","OPERATE_INCOME_SQ":null,"DPS_HKD":null,"OPERATE_INCOME_QOQ_SQ":0,"NET_PROFIT_RATIO_SQ":null,"HOLDER_PROFIT_SQ":null,"HOLDER_PROFIT_QOQ_SQ":0,"ROE_AVG_SQ":null,"PE_TTM_SQ":null,"PB_TTM_SQ":null,"ROA_SQ":null,"START_DATE":"2022-01-01 00:00:00","FISCAL_YEAR":"12-31","CURRENCY":"HKD","IS_CNY_CODE":0,"DPS_HKD_LY":null,"ORG_TYPE":"一般企业","PREMIUM_INCOME":null,"PREMIUM_INCOME_YOY":null,"NET_INTEREST_INCOME":null,"NET_INTEREST_INCOME_YOY":null,"FEE_COMMISSION_INCOME":null,"FEE_COMMISSION_INCOME_YOY":null,"ACCOUNTS_RECE_TDAYS":null,"INVENTORY_TDAYS":null,"CURRENT_ASSETS_TDAYS":1.476011205375,"TOTAL_ASSETS_TDAYS":0.946867165765,"PREMIUM_EXPENSE":null,"LOAN_DEPOSIT":null,"LOAN_EQUITY":null,"LOAN_ASSETS":null,"DEPOSIT_EQUITY":null,"DEPOSIT_ASSETS":null,"EQUITY_MULTIPLIER":null,"EQUITY_RATIO":null},{"SECUCODE":"00300.HK","SECURITY_CODE":"00300","SECURITY_NAME_ABBR":"美的集团","ORG_CODE":"10015250","STD_REPORT_DATE":"2021-12-31 00:00:00","REPORT_DATE":"2021-12-31 00:00:00","DATE_TYPE_CODE":"001","REPORT_TYPE":"2021年年报","PER_NETCASH_OPERATE":5.073875083661,"PER_OI":49.145878431801,"BPS":16.30452968329,"BASIC_EPS":4.17,"DILUTED_EPS":4.14,"OPERATE_INCOME":343360825000,"OPERATE_INCOME_YOY":20.1782054121,"GROSS_PROFIT":76909943000,"GROSS_PROFIT_YOY":14.696213781374,"HOLDER_PROFIT":28586980000,"HOLDER_PROFIT_YOY":5.0105074865,"GROSS_PROFIT_RATIO":22.399160707981,"EPS_TTM":4.091708027007,"OPERATE_INCOME_QOQ":20.178205412109,"NET_PROFIT_RATIO":8.4550787062,"ROE_AVG":23.590080057008,"GROSS_PROFIT_QOQ":14.696213781374,"ROA":7.615359710444,"HOLDER_PROFIT_QOQ":5.01050748649,"ROE_YEARLY":23.590080057008,"ROIC_YEARLY":8.533398820083,"TOTAL_ASSETS":387939102000,"TOTAL_LIABILITIES":253119233000,"TAX_EBT":13.952238342532,"OCF_SALES":10.324111086348,"TOTAL_PARENT_EQUITY":124865013000,"DEBT_ASSET_RATIO":65.2471564983,"OPERATE_PROFIT":34076113000,"PRETAX_PROFIT":33738737000,"NETCASH_OPERATE":35448953000,"NETCASH_INVEST":13599586000,"NETCASH_FINANCE":-31561788000,"END_CASH":40550039000,"DIVI_RATIO":null,"DIVIDEND_RATE":null,"CURRENT_RATIO":1.116728098314,"COMMON_ACS":null,"CURRENTDEBT_DEBT":88.042095165483,"ISSUED_COMMON_SHARES":7658302044,"HK_COMMON_SHARES":650848500,"PER_SHARES":100,"TOTAL_MARKET_CAP":564033945540.6,"HKSK_MARKET_CAP":47934992025,"PE_TTM":13.379360115761,"PB_TTM":2.434992518418,"REPORT_DATE_SQ":"2020-12-31 00:00:00","REPORT_TYPE_SQ":"2020年年报","OPERATE_INCOME_SQ":285709729000,"DPS_HKD":null,"OPERATE_INCOME_QOQ_SQ":null,"NET_PROFIT_RATIO_SQ":9.6257576164,"HOLDER_PROFIT_SQ":27222971000,"HOLDER_PROFIT_QOQ_SQ":null,"ROE_AVG_SQ":23.168603476491,"PE_TTM_SQ":null,"PB_TTM_SQ":null,"ROA_SQ":7.502902613265,"START_DATE":"2021-01-01 00:00:00","FISCAL_YEAR":"12-31","CURRENCY":"HKD","IS_CNY_CODE":0,"DPS_HKD_LY":null,"ORG_TYPE":"一般企业","PREMIUM_INCOME":null,"PREMIUM_INCOME_YOY":null,"NET_INTEREST_INCOME":null,"NET_INTEREST_INCOME_YOY":null,"FEE_COMMISSION_INCOME":null,"FEE_COMMISSION_INCOME_YOY":null,"ACCOUNTS_RECE_TDAYS":8.386965208138,"INVENTORY_TDAYS":6.920715126594,"CURRENT_ASSETS_TDAYS":1.399987539749,"TOTAL_ASSETS_TDAYS":0.914687802926,"PREMIUM_EXPENSE":null,"LOAN_DEPOSIT":null,"LOAN_EQUITY":null,"LOAN_ASSETS":null,"DEPOSIT_EQUITY":null,"DEPOSIT_ASSETS":null,"EQUITY_MULTIPLIER":2.877462386498,"EQUITY_RATIO":2.027142967582},{"SECUCODE":"00300.HK","SECURITY_CODE":"00300","SECURITY_NAME_ABBR":"美的集团","ORG_CODE":"10015250","STD_REPORT_DATE":"2020-12-31 00:00:00","REPORT_DATE":"2020-12-31 00:00:00","DATE_TYPE_CODE":"001","REPORT_TYPE":"2020年年报","PER_NETCASH_OPERATE":4.354869490308,"PER_OI":40.641636472159,"BPS":15.342748735284,"BASIC_EPS":3.93,"DILUTED_EPS":3.9,"OPERATE_INCOME":285709729000,"OPERATE_INCOME_YOY":null,"GROSS_PROFIT":67055346000,"GROSS_PROFIT_YOY":null,"HOLDER_PROFIT":27222971000,"HOLDER_PROFIT_YOY":null,"GROSS_PROFIT_RATIO":23.469745407235,"EPS_TTM":3.872413077939,"OPERATE_INCOME_QOQ":null,"NET_PROFIT_RATIO":9.6257576164,"ROE_AVG":23.168603476491,"GROSS_PROFIT_QOQ":null,"ROA":7.502902613265,"HOLDER_PROFIT_QOQ":null,"ROE_YEARLY":23.168603476491,"ROIC_YEARLY":8.185685757284,"TOTAL_ASSETS":362832525000,"TOTAL_LIABILITIES":238617099000,"TAX_EBT":13.126358342085,"OCF_SALES":10.715290692814,"TOTAL_PARENT_EQUITY":117499404000,"DEBT_ASSET_RATIO":65.7650796328,"OPERATE_PROFIT":32260148000,"PRETAX_PROFIT":31657158000,"NETCASH_OPERATE":30614628000,"NETCASH_INVEST":-35310663000,"NETCASH_FINANCE":-1813806000,"END_CASH":23548508000,"DIVI_RATIO":null,"DIVIDEND_RATE":null,"CURRENT_RATIO":1.305377333327,"COMMON_ACS":null,"CURRENTDEBT_DEBT":77.581601559912,"ISSUED_COMMON_SHARES":7658302044,"HK_COMMON_SHARES":650848500,"PER_SHARES":100,"TOTAL_MARKET_CAP":564033945540.6,"HKSK_MARKET_CAP":47934992025,"PE_TTM":13.379360115761,"PB_TTM":2.434992518418,"REPORT_DATE_SQ":"2019-12-31 00:00:00","REPORT_TYPE_SQ":"2019年年报","OPERATE_INCOME_SQ":null,"DPS_HKD":null,"OPERATE_INCOME_QOQ_SQ":null,"NET_PROFIT_RATIO_SQ":null,"HOLDER_PROFIT_SQ":null,"HOLDER_PROFIT_QOQ_SQ":null,"ROE_AVG_SQ":null,"PE_TTM_SQ":null,"PB_TTM_SQ":null,"ROA_SQ":null,"START_DATE":"2020-01-01 00:00:00","FISCAL_YEAR":"12-31","CURRENCY":"HKD","IS_CNY_CODE":0,"DPS_HKD_LY":null,"ORG_TYPE":"一般企业","PREMIUM_INCOME":null,"PREMIUM_INCOME_YOY":null,"NET_INTEREST_INCOME":null,"NET_INTEREST_INCOME_YOY":null,"FEE_COMMISSION_INCOME":null,"FEE_COMMISSION_INCOME_YOY":null,"ACCOUNTS_RECE_TDAYS":6.772823620605,"INVENTORY_TDAYS":7.035997585187,"CURRENT_ASSETS_TDAYS":2.364605282338,"TOTAL_ASSETS_TDAYS":1.574884881117,"PREMIUM_EXPENSE":null,"LOAN_DEPOSIT":null,"LOAN_EQUITY":null,"LOAN_ASSETS":null,"DEPOSIT_EQUITY":null,"DEPOSIT_ASSETS":null,"EQUITY_MULTIPLIER":2.920994088124,"EQUITY_RATIO":2.030794122156}],"count":9},"success":true,"message":"ok","code":0}