{"version":"76e2e70db018274f35d103a1b4921b70","result":{"pages":6,"data":[{"SECUCODE":"00308.HK","SECURITY_CODE":"00308","SECURITY_NAME_ABBR":"香港中旅","ORG_CODE":"10035252","STD_REPORT_DATE":"2024-06-30 00:00:00","REPORT_DATE":"2024-06-30 00:00:00","DATE_TYPE_CODE":"002","REPORT_TYPE":"2024年中报","PER_NETCASH_OPERATE":0.045358103252,"PER_OI":0.352268333841,"BPS":2.683131482694,"BASIC_EPS":0.010404552,"DILUTED_EPS":0.010404552,"OPERATE_INCOME":1950380731.76,"OPERATE_INCOME_YOY":3.9939968145,"GROSS_PROFIT":557409270.52,"GROSS_PROFIT_YOY":-19.30518250701,"HOLDER_PROFIT":57708756.4,"HOLDER_PROFIT_YOY":-71.8006466719,"GROSS_PROFIT_RATIO":28.579510730554,"EPS_TTM":0.012292844901,"OPERATE_INCOME_QOQ":1.369978899087,"NET_PROFIT_RATIO":4.6976062503,"ROE_AVG":0.387543554597,"GROSS_PROFIT_QOQ":-9.712305953773,"ROA":0.252785422097,"HOLDER_PROFIT_QOQ":-68.647512545087,"ROE_YEARLY":0.775087109194,"ROIC_YEARLY":0.616683793386,"TOTAL_ASSETS":22828116442.4,"TOTAL_LIABILITIES":6254692784.08,"TAX_EBT":39.244084004116,"OCF_SALES":12.876009250429,"TOTAL_PARENT_EQUITY":14855516212.76,"DEBT_ASSET_RATIO":27.3990751706,"OPERATE_PROFIT":107288272.04,"PRETAX_PROFIT":150802116.4,"NETCASH_OPERATE":251131203.44,"NETCASH_INVEST":-453091771.88,"NETCASH_FINANCE":-100564558.48,"END_CASH":1920100747.4,"DIVI_RATIO":1.850865294624,"DIVIDEND_RATE":2.427184466019,"CURRENT_RATIO":1.960926881103,"COMMON_ACS":null,"CURRENTDEBT_DEBT":61.890287411285,"ISSUED_COMMON_SHARES":5536633709,"HK_COMMON_SHARES":5536633709,"PER_SHARES":2000,"TOTAL_MARKET_CAP":5702732720.27,"HKSK_MARKET_CAP":5702732720.27,"PE_TTM":72.597261979428,"PB_TTM":0.350359423705,"REPORT_DATE_SQ":"2023-06-30 00:00:00","REPORT_TYPE_SQ":"2023年中报","OPERATE_INCOME_SQ":1894584999.82,"DPS_HKD":0.025,"OPERATE_INCOME_QOQ_SQ":41.998571824124,"NET_PROFIT_RATIO_SQ":13.095081096,"HOLDER_PROFIT_SQ":206730965.5,"HOLDER_PROFIT_QOQ_SQ":141.762546950352,"ROE_AVG_SQ":1.386119903127,"PE_TTM_SQ":47.961199941186,"PB_TTM_SQ":0.455861845198,"ROA_SQ":0.944908594606,"START_DATE":"2024-01-01 00:00:00","FISCAL_YEAR":"12-31","CURRENCY":"HKD","IS_CNY_CODE":0,"DPS_HKD_LY":0.025,"ORG_TYPE":"一般企业","PREMIUM_INCOME":null,"PREMIUM_INCOME_YOY":null,"NET_INTEREST_INCOME":null,"NET_INTEREST_INCOME_YOY":null,"FEE_COMMISSION_INCOME":null,"FEE_COMMISSION_INCOME_YOY":null,"ACCOUNTS_RECE_TDAYS":9.964989344786,"INVENTORY_TDAYS":0.341999029066,"CURRENT_ASSETS_TDAYS":0.256882529347,"TOTAL_ASSETS_TDAYS":0.085433796755,"PREMIUM_EXPENSE":null,"LOAN_DEPOSIT":null,"LOAN_EQUITY":null,"LOAN_ASSETS":null,"DEPOSIT_EQUITY":null,"DEPOSIT_ASSETS":null,"EQUITY_MULTIPLIER":1.377392922129,"EQUITY_RATIO":0.421035034697},{"SECUCODE":"00308.HK","SECURITY_CODE":"00308","SECURITY_NAME_ABBR":"香港中旅","ORG_CODE":"10035252","STD_REPORT_DATE":"2023-12-31 00:00:00","REPORT_DATE":"2023-12-31 00:00:00","DATE_TYPE_CODE":"001","REPORT_TYPE":"2023年年报","PER_NETCASH_OPERATE":0.16719629379,"PER_OI":0.735599302117,"BPS":2.676834430999,"BASIC_EPS":0.039239326,"DILUTED_EPS":0.039239326,"OPERATE_INCOME":4072743892.42,"OPERATE_INCOME_YOY":48.2290853105,"GROSS_PROFIT":1373030233.96,"GROSS_PROFIT_YOY":398.391134760307,"HOLDER_PROFIT":217083188.56,"HOLDER_PROFIT_YOY":167.3281018123,"GROSS_PROFIT_RATIO":33.712658350932,"EPS_TTM":0.039208515493,"OPERATE_INCOME_QOQ":5.901069546699,"NET_PROFIT_RATIO":7.6875340299,"ROE_AVG":1.471702768483,"GROSS_PROFIT_QOQ":26.610190059431,"ROA":0.982201603903,"HOLDER_PROFIT_QOQ":63.553667703487,"ROE_YEARLY":1.471702768483,"ROIC_YEARLY":1.208599416835,"TOTAL_ASSETS":22668584910.58,"TOTAL_LIABILITIES":6128212159.58,"TAX_EBT":50.784610913898,"OCF_SALES":22.729262155248,"TOTAL_PARENT_EQUITY":14820651744.08,"DEBT_ASSET_RATIO":27.0339422763,"OPERATE_PROFIT":510572503.98,"PRETAX_PROFIT":636170064.88,"NETCASH_OPERATE":925704636.22,"NETCASH_INVEST":-1386376135.9,"NETCASH_FINANCE":524031683.42,"END_CASH":2229615658.34,"DIVI_RATIO":0.580292309304,"DIVIDEND_RATE":2.403846153846,"CURRENT_RATIO":1.976319957285,"COMMON_ACS":null,"CURRENTDEBT_DEBT":62.259240040761,"ISSUED_COMMON_SHARES":5536633709,"HK_COMMON_SHARES":5536633709,"PER_SHARES":2000,"TOTAL_MARKET_CAP":5758099057.36,"HKSK_MARKET_CAP":5758099057.36,"PE_TTM":73.302089765636,"PB_TTM":0.353760971507,"REPORT_DATE_SQ":"2022-12-31 00:00:00","REPORT_TYPE_SQ":"2022年年报","OPERATE_INCOME_SQ":2708337470.72,"DPS_HKD":0.025,"OPERATE_INCOME_QOQ_SQ":-5.999504856308,"NET_PROFIT_RATIO_SQ":-21.9534976992,"HOLDER_PROFIT_SQ":-317818319.84,"HOLDER_PROFIT_QOQ_SQ":-200.158428747714,"ROE_AVG_SQ":-2.122028761174,"PE_TTM_SQ":48.682420992933,"PB_TTM_SQ":0.462716910539,"ROA_SQ":-1.435463462286,"START_DATE":"2023-01-01 00:00:00","FISCAL_YEAR":"12-31","CURRENCY":"HKD","IS_CNY_CODE":0,"DPS_HKD_LY":0.015,"ORG_TYPE":"一般企业","PREMIUM_INCOME":null,"PREMIUM_INCOME_YOY":null,"NET_INTEREST_INCOME":null,"NET_INTEREST_INCOME_YOY":null,"FEE_COMMISSION_INCOME":null,"FEE_COMMISSION_INCOME_YOY":null,"ACCOUNTS_RECE_TDAYS":31.296189133198,"INVENTORY_TDAYS":0.699865998287,"CURRENT_ASSETS_TDAYS":0.554340041923,"TOTAL_ASSETS_TDAYS":0.184272932877,"PREMIUM_EXPENSE":null,"LOAN_DEPOSIT":null,"LOAN_EQUITY":null,"LOAN_ASSETS":null,"DEPOSIT_EQUITY":null,"DEPOSIT_ASSETS":null,"EQUITY_MULTIPLIER":1.370500245178,"EQUITY_RATIO":0.413491408165},{"SECUCODE":"00308.HK","SECURITY_CODE":"00308","SECURITY_NAME_ABBR":"香港中旅","ORG_CODE":"10035252","STD_REPORT_DATE":"2023-06-30 00:00:00","REPORT_DATE":"2023-06-30 00:00:00","DATE_TYPE_CODE":"002","REPORT_TYPE":"2023年中报","PER_NETCASH_OPERATE":0.090340534359,"PER_OI":0.342190778621,"BPS":2.689923302242,"BASIC_EPS":0.03734019,"DILUTED_EPS":0.03734019,"OPERATE_INCOME":1894584999.82,"OPERATE_INCOME_YOY":132.107607819,"GROSS_PROFIT":690762167.68,"GROSS_PROFIT_YOY":684.400732632801,"HOLDER_PROFIT":206730965.5,"HOLDER_PROFIT_YOY":178.6472911449,"GROSS_PROFIT_RATIO":36.459814035561,"EPS_TTM":0.023972874497,"OPERATE_INCOME_QOQ":41.998571824124,"NET_PROFIT_RATIO":13.095081096,"ROE_AVG":1.386119903127,"GROSS_PROFIT_QOQ":293.642197777575,"ROA":0.944908594606,"HOLDER_PROFIT_QOQ":141.762546950352,"ROE_YEARLY":2.772239806254,"ROIC_YEARLY":2.336591579032,"TOTAL_ASSETS":21847505454.2,"TOTAL_LIABILITIES":5281460090.22,"TAX_EBT":21.44102062563,"OCF_SALES":26.400633799356,"TOTAL_PARENT_EQUITY":14893120029.82,"DEBT_ASSET_RATIO":24.1742019531,"OPERATE_PROFIT":262578982.02,"PRETAX_PROFIT":315810419.3,"NETCASH_OPERATE":500182447.82,"NETCASH_INVEST":-385347072.88,"NETCASH_FINANCE":-41289030.34,"END_CASH":2224183630.02,"DIVI_RATIO":0.949089355269,"DIVIDEND_RATE":2.403846153846,"CURRENT_RATIO":2.069543402861,"COMMON_ACS":null,"CURRENTDEBT_DEBT":69.739397935441,"ISSUED_COMMON_SHARES":5536633709,"HK_COMMON_SHARES":5536633709,"PER_SHARES":2000,"TOTAL_MARKET_CAP":5758099057.36,"HKSK_MARKET_CAP":5758099057.36,"PE_TTM":73.302089765636,"PB_TTM":0.353760971507,"REPORT_DATE_SQ":"2022-06-30 00:00:00","REPORT_TYPE_SQ":"2022年中报","OPERATE_INCOME_SQ":757121941.94,"DPS_HKD":0.025,"OPERATE_INCOME_QOQ_SQ":-3.39551653233,"NET_PROFIT_RATIO_SQ":-52.2163587198,"HOLDER_PROFIT_SQ":-243816379.38,"HOLDER_PROFIT_QOQ_SQ":-174.421482963372,"ROE_AVG_SQ":-1.679422520686,"PE_TTM_SQ":48.682420992933,"PB_TTM_SQ":0.462716910539,"ROA_SQ":-1.12139497252,"START_DATE":"2023-01-01 00:00:00","FISCAL_YEAR":"12-31","CURRENCY":"HKD","IS_CNY_CODE":0,"DPS_HKD_LY":0.015,"ORG_TYPE":"一般企业","PREMIUM_INCOME":null,"PREMIUM_INCOME_YOY":null,"NET_INTEREST_INCOME":null,"NET_INTEREST_INCOME_YOY":null,"FEE_COMMISSION_INCOME":null,"FEE_COMMISSION_INCOME_YOY":null,"ACCOUNTS_RECE_TDAYS":16.366343573039,"INVENTORY_TDAYS":0.311942862331,"CURRENT_ASSETS_TDAYS":0.254294928355,"TOTAL_ASSETS_TDAYS":0.086596105485,"PREMIUM_EXPENSE":null,"LOAN_DEPOSIT":null,"LOAN_EQUITY":null,"LOAN_ASSETS":null,"DEPOSIT_EQUITY":null,"DEPOSIT_ASSETS":null,"EQUITY_MULTIPLIER":1.318812364337,"EQUITY_RATIO":0.354624153948},{"SECUCODE":"00308.HK","SECURITY_CODE":"00308","SECURITY_NAME_ABBR":"香港中旅","ORG_CODE":"10035252","STD_REPORT_DATE":"2022-12-31 00:00:00","REPORT_DATE":"2022-12-31 00:00:00","DATE_TYPE_CODE":"001","REPORT_TYPE":"2022年年报","PER_NETCASH_OPERATE":-0.036163613936,"PER_OI":0.48916681382,"BPS":2.613595368485,"BASIC_EPS":-0.057437261,"DILUTED_EPS":-0.057437261,"OPERATE_INCOME":2708337470.72,"OPERATE_INCOME_YOY":-16.8838232275,"GROSS_PROFIT":275492507.43,"GROSS_PROFIT_YOY":-35.716664232063,"HOLDER_PROFIT":-317818319.84,"HOLDER_PROFIT_YOY":-304.4593600588,"GROSS_PROFIT_RATIO":10.172015504285,"EPS_TTM":-0.057402807652,"OPERATE_INCOME_QOQ":-5.999504856308,"NET_PROFIT_RATIO":-21.9534976992,"ROE_AVG":-2.122028761174,"GROSS_PROFIT_QOQ":4.787396167574,"ROA":-1.435463462286,"HOLDER_PROFIT_QOQ":-200.158428747714,"ROE_YEARLY":-2.122028761174,"ROIC_YEARLY":-1.773038185439,"TOTAL_ASSETS":21227067109.29,"TOTAL_LIABILITIES":5168204744.78,"TAX_EBT":2.803247017799,"OCF_SALES":-7.392900113987,"TOTAL_PARENT_EQUITY":14470520218.84,"DEBT_ASSET_RATIO":24.3472389199,"OPERATE_PROFIT":-602047901.14,"PRETAX_PROFIT":-611722908.51,"NETCASH_OPERATE":-200224683.96,"NETCASH_INVEST":-814760499.7,"NETCASH_FINANCE":664178402.72,"END_CASH":2157655274.39,"DIVI_RATIO":-0.396363887595,"DIVIDEND_RATE":2.403846153846,"CURRENT_RATIO":1.928159956541,"COMMON_ACS":null,"CURRENTDEBT_DEBT":70.760704728924,"ISSUED_COMMON_SHARES":5536633709,"HK_COMMON_SHARES":5536633709,"PER_SHARES":2000,"TOTAL_MARKET_CAP":5758099057.36,"HKSK_MARKET_CAP":5758099057.36,"PE_TTM":73.302089765636,"PB_TTM":0.353760971507,"REPORT_DATE_SQ":"2021-12-31 00:00:00","REPORT_TYPE_SQ":"2021年年报","OPERATE_INCOME_SQ":2982464990.4,"DPS_HKD":0.025,"OPERATE_INCOME_QOQ_SQ":49.736748082239,"NET_PROFIT_RATIO_SQ":-2.5107262429,"HOLDER_PROFIT_SQ":142275481.6,"HOLDER_PROFIT_QOQ_SQ":76.664457610359,"ROE_AVG_SQ":1.037626605639,"PE_TTM_SQ":48.682420992933,"PB_TTM_SQ":0.462716910539,"ROA_SQ":0.682514824898,"START_DATE":"2022-01-01 00:00:00","FISCAL_YEAR":"12-31","CURRENCY":"HKD","IS_CNY_CODE":0,"DPS_HKD_LY":null,"ORG_TYPE":"一般企业","PREMIUM_INCOME":null,"PREMIUM_INCOME_YOY":null,"NET_INTEREST_INCOME":null,"NET_INTEREST_INCOME_YOY":null,"FEE_COMMISSION_INCOME":null,"FEE_COMMISSION_INCOME_YOY":null,"ACCOUNTS_RECE_TDAYS":30.469421902872,"INVENTORY_TDAYS":0.597631463081,"CURRENT_ASSETS_TDAYS":0.352928988304,"TOTAL_ASSETS_TDAYS":0.122325216643,"PREMIUM_EXPENSE":null,"LOAN_DEPOSIT":null,"LOAN_EQUITY":null,"LOAN_ASSETS":null,"DEPOSIT_EQUITY":null,"DEPOSIT_ASSETS":null,"EQUITY_MULTIPLIER":1.321828821213,"EQUITY_RATIO":0.357154039151},{"SECUCODE":"00308.HK","SECURITY_CODE":"00308","SECURITY_NAME_ABBR":"香港中旅","ORG_CODE":"10035252","STD_REPORT_DATE":"2022-06-30 00:00:00","REPORT_DATE":"2022-06-30 00:00:00","DATE_TYPE_CODE":"002","REPORT_TYPE":"2022年中报","PER_NETCASH_OPERATE":-0.056360857574,"PER_OI":0.136747702979,"BPS":2.566926605034,"BASIC_EPS":-0.044042285,"DILUTED_EPS":-0.044042285,"OPERATE_INCOME":757121941.94,"OPERATE_INCOME_YOY":-14.1811632555,"GROSS_PROFIT":-118200085.85,"GROSS_PROFIT_YOY":-349.086010630899,"HOLDER_PROFIT":-243816379.38,"HOLDER_PROFIT_YOY":-5562.7706457176,"GROSS_PROFIT_RATIO":-15.611763350449,"EPS_TTM":-0.019124169823,"OPERATE_INCOME_QOQ":-3.39551653233,"NET_PROFIT_RATIO":-52.2163587198,"ROE_AVG":-1.679422520686,"GROSS_PROFIT_QOQ":-38.653561287909,"ROA":-1.12139497252,"HOLDER_PROFIT_QOQ":-174.421482963372,"ROE_YEARLY":-3.358845041372,"ROIC_YEARLY":-2.744315127563,"TOTAL_ASSETS":21413394884.98,"TOTAL_LIABILITIES":5806429666.03,"TAX_EBT":0.725204118008,"OCF_SALES":-41.215213379027,"TOTAL_PARENT_EQUITY":14212132369.96,"DEBT_ASSET_RATIO":27.1158762878,"OPERATE_PROFIT":-434159438.44,"PRETAX_PROFIT":-398229485.78,"NETCASH_OPERATE":-312049423.91,"NETCASH_INVEST":-262347491.49,"NETCASH_FINANCE":480348250.34,"END_CASH":2390320189.25,"DIVI_RATIO":-1.189719617128,"DIVIDEND_RATE":2.403846153846,"CURRENT_RATIO":1.745108854605,"COMMON_ACS":null,"CURRENTDEBT_DEBT":73.723764613631,"ISSUED_COMMON_SHARES":5536633709,"HK_COMMON_SHARES":5536633709,"PER_SHARES":2000,"TOTAL_MARKET_CAP":5758099057.36,"HKSK_MARKET_CAP":5758099057.36,"PE_TTM":73.302089765636,"PB_TTM":0.353760971507,"REPORT_DATE_SQ":"2021-06-30 00:00:00","REPORT_TYPE_SQ":"2021年中报","OPERATE_INCOME_SQ":858392033.76,"DPS_HKD":0.025,"OPERATE_INCOME_QOQ_SQ":20.331819741513,"NET_PROFIT_RATIO_SQ":-10.8104518903,"HOLDER_PROFIT_SQ":4342625.52,"HOLDER_PROFIT_QOQ_SQ":124.485492718391,"ROE_AVG_SQ":0.031351920775,"PE_TTM_SQ":48.682420992933,"PB_TTM_SQ":0.462716910539,"ROA_SQ":0.020439230807,"START_DATE":"2022-01-01 00:00:00","FISCAL_YEAR":"12-31","CURRENCY":"HKD","IS_CNY_CODE":0,"DPS_HKD_LY":null,"ORG_TYPE":"一般企业","PREMIUM_INCOME":null,"PREMIUM_INCOME_YOY":null,"NET_INTEREST_INCOME":null,"NET_INTEREST_INCOME_YOY":null,"FEE_COMMISSION_INCOME":null,"FEE_COMMISSION_INCOME_YOY":null,"ACCOUNTS_RECE_TDAYS":8.976780499676,"INVENTORY_TDAYS":0.210060887511,"CURRENT_ASSETS_TDAYS":0.098244408553,"TOTAL_ASSETS_TDAYS":0.034822629285,"PREMIUM_EXPENSE":null,"LOAN_DEPOSIT":null,"LOAN_EQUITY":null,"LOAN_ASSETS":null,"DEPOSIT_EQUITY":null,"DEPOSIT_ASSETS":null,"EQUITY_MULTIPLIER":1.372040917922,"EQUITY_RATIO":0.408554431867},{"SECUCODE":"00308.HK","SECURITY_CODE":"00308","SECURITY_NAME_ABBR":"香港中旅","ORG_CODE":"10035252","STD_REPORT_DATE":"2021-12-31 00:00:00","REPORT_DATE":"2021-12-31 00:00:00","DATE_TYPE_CODE":"001","REPORT_TYPE":"2021年年报","PER_NETCASH_OPERATE":0.019801641677,"PER_OI":0.538678400479,"BPS":2.559684220136,"BASIC_EPS":0.02567264,"DILUTED_EPS":0.02567264,"OPERATE_INCOME":2982464990.4,"OPERATE_INCOME_YOY":85.4788379979,"GROSS_PROFIT":428559756.8,"GROSS_PROFIT_YOY":572.623333306754,"HOLDER_PROFIT":142275481.6,"HOLDER_PROFIT_YOY":144.5290589367,"GROSS_PROFIT_RATIO":14.369313912467,"EPS_TTM":0.025697109305,"OPERATE_INCOME_QOQ":49.736748082239,"NET_PROFIT_RATIO":-2.5107262429,"ROE_AVG":1.037626605639,"GROSS_PROFIT_QOQ":222.652274659729,"ROA":0.682514824898,"HOLDER_PROFIT_QOQ":76.664457610359,"ROE_YEARLY":1.037626605639,"ROIC_YEARLY":0.849804659348,"TOTAL_ASSETS":21100946204.8,"TOTAL_LIABILITIES":5467420380.8,"TAX_EBT":693.526019052557,"OCF_SALES":3.675967267106,"TOTAL_PARENT_EQUITY":14172033937.6,"DEBT_ASSET_RATIO":25.910782994,"OPERATE_PROFIT":-88248473.6,"PRETAX_PROFIT":12616385.6,"NETCASH_OPERATE":109634436.8,"NETCASH_INVEST":-462804115.2,"NETCASH_FINANCE":308354569.6,"END_CASH":2503121644.8,"DIVI_RATIO":0.885406982173,"DIVIDEND_RATE":2.403846153846,"CURRENT_RATIO":1.907373521926,"COMMON_ACS":null,"CURRENTDEBT_DEBT":72.816314494139,"ISSUED_COMMON_SHARES":5536633709,"HK_COMMON_SHARES":5536633709,"PER_SHARES":2000,"TOTAL_MARKET_CAP":5758099057.36,"HKSK_MARKET_CAP":5758099057.36,"PE_TTM":73.302089765636,"PB_TTM":0.353760971507,"REPORT_DATE_SQ":"2020-12-31 00:00:00","REPORT_TYPE_SQ":"2020年年报","OPERATE_INCOME_SQ":1655260962.76,"DPS_HKD":0.025,"OPERATE_INCOME_QOQ_SQ":-35.835276588118,"NET_PROFIT_RATIO_SQ":-31.1222453347,"HOLDER_PROFIT_SQ":-328906178.88,"HOLDER_PROFIT_QOQ_SQ":23.061219283812,"ROE_AVG_SQ":-2.420234216334,"PE_TTM_SQ":48.682420992933,"PB_TTM_SQ":0.462716910539,"ROA_SQ":-1.663258859833,"START_DATE":"2021-01-01 00:00:00","FISCAL_YEAR":"12-31","CURRENCY":"HKD","IS_CNY_CODE":0,"DPS_HKD_LY":null,"ORG_TYPE":"一般企业","PREMIUM_INCOME":null,"PREMIUM_INCOME_YOY":null,"NET_INTEREST_INCOME":null,"NET_INTEREST_INCOME_YOY":null,"FEE_COMMISSION_INCOME":null,"FEE_COMMISSION_INCOME_YOY":null,"ACCOUNTS_RECE_TDAYS":41.196761023869,"INVENTORY_TDAYS":0.63245946323,"CURRENT_ASSETS_TDAYS":0.371557508044,"TOTAL_ASSETS_TDAYS":0.143072899687,"PREMIUM_EXPENSE":null,"LOAN_DEPOSIT":null,"LOAN_EQUITY":null,"LOAN_ASSETS":null,"DEPOSIT_EQUITY":null,"DEPOSIT_ASSETS":null,"EQUITY_MULTIPLIER":1.349724076473,"EQUITY_RATIO":0.385789393737},{"SECUCODE":"00308.HK","SECURITY_CODE":"00308","SECURITY_NAME_ABBR":"香港中旅","ORG_CODE":"10035252","STD_REPORT_DATE":"2021-06-30 00:00:00","REPORT_DATE":"2021-06-30 00:00:00","DATE_TYPE_CODE":"002","REPORT_TYPE":"2021年中报","PER_NETCASH_OPERATE":0.114820209212,"PER_OI":0.155038617123,"BPS":2.56772454451,"BASIC_EPS":0.000748872,"DILUTED_EPS":0.000748872,"OPERATE_INCOME":858392033.76,"OPERATE_INCOME_YOY":80.5747953348,"GROSS_PROFIT":47453522.4,"GROSS_PROFIT_YOY":319.125798014927,"HOLDER_PROFIT":4342625.52,"HOLDER_PROFIT_YOY":101.1768127968,"GROSS_PROFIT_RATIO":5.528187650128,"EPS_TTM":0.01454571545,"OPERATE_INCOME_QOQ":20.331819741513,"NET_PROFIT_RATIO":-10.8104518903,"ROE_AVG":0.031351920775,"GROSS_PROFIT_QOQ":108.466942939146,"ROA":0.020439230807,"HOLDER_PROFIT_QOQ":124.485492718391,"ROE_YEARLY":0.06270384155,"ROIC_YEARLY":0.051093744122,"TOTAL_ASSETS":21537778389.12,"TOTAL_LIABILITIES":5772652353.36,"TAX_EBT":20.390754382959,"OCF_SALES":74.059103043557,"TOTAL_PARENT_EQUITY":14216550268.56,"DEBT_ASSET_RATIO":26.8024503227,"OPERATE_PROFIT":-154185256.08,"PRETAX_PROFIT":-116564423.04,"NETCASH_OPERATE":635717440.8,"NETCASH_INVEST":-628748770.8,"NETCASH_FINANCE":-38697544.56,"END_CASH":2529567300.24,"DIVI_RATIO":1.5641994427,"DIVIDEND_RATE":2.403846153846,"CURRENT_RATIO":1.949702773062,"COMMON_ACS":null,"CURRENTDEBT_DEBT":71.43145838117,"ISSUED_COMMON_SHARES":5536633709,"HK_COMMON_SHARES":5536633709,"PER_SHARES":2000,"TOTAL_MARKET_CAP":5758099057.36,"HKSK_MARKET_CAP":5758099057.36,"PE_TTM":73.302089765636,"PB_TTM":0.353760971507,"REPORT_DATE_SQ":"2020-06-30 00:00:00","REPORT_TYPE_SQ":"2020年中报","OPERATE_INCOME_SQ":521847358.56,"DPS_HKD":0.025,"OPERATE_INCOME_QOQ_SQ":-35.674661804678,"NET_PROFIT_RATIO_SQ":-92.1177877084,"HOLDER_PROFIT_SQ":-405097851.84,"HOLDER_PROFIT_QOQ_SQ":-223.352822646435,"ROE_AVG_SQ":-2.812595714908,"PE_TTM_SQ":48.682420992933,"PB_TTM_SQ":0.462716910539,"ROA_SQ":-2.049111617386,"START_DATE":"2021-01-01 00:00:00","FISCAL_YEAR":"12-31","CURRENCY":"HKD","IS_CNY_CODE":0,"DPS_HKD_LY":null,"ORG_TYPE":"一般企业","PREMIUM_INCOME":null,"PREMIUM_INCOME_YOY":null,"NET_INTEREST_INCOME":null,"NET_INTEREST_INCOME_YOY":null,"FEE_COMMISSION_INCOME":null,"FEE_COMMISSION_INCOME_YOY":null,"ACCOUNTS_RECE_TDAYS":13.318039516915,"INVENTORY_TDAYS":0.198809337302,"CURRENT_ASSETS_TDAYS":0.103112123597,"TOTAL_ASSETS_TDAYS":0.040401533173,"PREMIUM_EXPENSE":null,"LOAN_DEPOSIT":null,"LOAN_EQUITY":null,"LOAN_ASSETS":null,"DEPOSIT_EQUITY":null,"DEPOSIT_ASSETS":null,"EQUITY_MULTIPLIER":1.366165950102,"EQUITY_RATIO":0.406051555709},{"SECUCODE":"00308.HK","SECURITY_CODE":"00308","SECURITY_NAME_ABBR":"香港中旅","ORG_CODE":"10035252","STD_REPORT_DATE":"2020-12-31 00:00:00","REPORT_DATE":"2020-12-31 00:00:00","DATE_TYPE_CODE":"001","REPORT_TYPE":"2020年年报","PER_NETCASH_OPERATE":-0.078016844116,"PER_OI":0.29896522865,"BPS":2.463743586755,"BASIC_EPS":-0.059419784,"DILUTED_EPS":-0.059419784,"OPERATE_INCOME":1655260962.76,"OPERATE_INCOME_YOY":-56.0707894311,"GROSS_PROFIT":63714672.92,"GROSS_PROFIT_YOY":-96.099744723373,"HOLDER_PROFIT":-328906178.88,"HOLDER_PROFIT_YOY":-201.0111662531,"GROSS_PROFIT_RATIO":3.849222228606,"EPS_TTM":-0.059405443121,"OPERATE_INCOME_QOQ":-35.835276588118,"NET_PROFIT_RATIO":-31.1222453347,"ROE_AVG":-2.420234216334,"GROSS_PROFIT_QOQ":-91.161469962343,"ROA":-1.663258859833,"HOLDER_PROFIT_QOQ":23.061219283812,"ROE_YEARLY":-2.420234216334,"ROIC_YEARLY":-2.093212309476,"TOTAL_ASSETS":21196025038.16,"TOTAL_LIABILITIES":5679328646.84,"TAX_EBT":17.488767475624,"OCF_SALES":-26.095624721298,"TOTAL_PARENT_EQUITY":13640845792.76,"DEBT_ASSET_RATIO":26.7943099549,"OPERATE_PROFIT":-657826665.64,"PRETAX_PROFIT":-624344543.16,"NETCASH_OPERATE":-431950689,"NETCASH_INVEST":253458202.72,"NETCASH_FINANCE":602862523.8,"END_CASH":2568666763.92,"DIVI_RATIO":-0.383001940643,"DIVIDEND_RATE":2.403846153846,"CURRENT_RATIO":2.084477064013,"COMMON_ACS":null,"CURRENTDEBT_DEBT":73.565719625764,"ISSUED_COMMON_SHARES":5536633709,"HK_COMMON_SHARES":5536633709,"PER_SHARES":2000,"TOTAL_MARKET_CAP":5758099057.36,"HKSK_MARKET_CAP":5758099057.36,"PE_TTM":73.302089765636,"PB_TTM":0.353760971507,"REPORT_DATE_SQ":"2019-12-31 00:00:00","REPORT_TYPE_SQ":"2019年年报","OPERATE_INCOME_SQ":4010403476.88,"DPS_HKD":0.025,"OPERATE_INCOME_QOQ_SQ":-3.588908381882,"NET_PROFIT_RATIO_SQ":12.0117149982,"HOLDER_PROFIT_SQ":346559366.4,"HOLDER_PROFIT_QOQ_SQ":-46.788574777356,"ROE_AVG_SQ":2.410486663725,"PE_TTM_SQ":48.682420992933,"PB_TTM_SQ":0.462716910539,"ROA_SQ":1.787028124145,"START_DATE":"2020-01-01 00:00:00","FISCAL_YEAR":"12-31","CURRENCY":"HKD","IS_CNY_CODE":0,"DPS_HKD_LY":null,"ORG_TYPE":"一般企业","PREMIUM_INCOME":null,"PREMIUM_INCOME_YOY":null,"NET_INTEREST_INCOME":null,"NET_INTEREST_INCOME_YOY":null,"FEE_COMMISSION_INCOME":null,"FEE_COMMISSION_INCOME_YOY":null,"ACCOUNTS_RECE_TDAYS":27.799775250723,"INVENTORY_TDAYS":0.532083686284,"CURRENT_ASSETS_TDAYS":0.227758962011,"TOTAL_ASSETS_TDAYS":0.083705556126,"PREMIUM_EXPENSE":null,"LOAN_DEPOSIT":null,"LOAN_EQUITY":null,"LOAN_ASSETS":null,"DEPOSIT_EQUITY":null,"DEPOSIT_ASSETS":null,"EQUITY_MULTIPLIER":1.366014034406,"EQUITY_RATIO":0.416347250979},{"SECUCODE":"00308.HK","SECURITY_CODE":"00308","SECURITY_NAME_ABBR":"香港中旅","ORG_CODE":"10035252","STD_REPORT_DATE":"2020-06-30 00:00:00","REPORT_DATE":"2020-06-30 00:00:00","DATE_TYPE_CODE":"002","REPORT_TYPE":"2020年中报","PER_NETCASH_OPERATE":-0.088287663662,"PER_OI":0.094253545744,"BPS":2.548864840024,"BASIC_EPS":-0.073166544,"DILUTED_EPS":-0.073166544,"OPERATE_INCOME":521847358.56,"OPERATE_INCOME_YOY":-74.2618573393,"GROSS_PROFIT":-21655835.52,"GROSS_PROFIT_YOY":-102.430310714845,"HOLDER_PROFIT":-405097851.84,"HOLDER_PROFIT_YOY":-205.7364111905,"GROSS_PROFIT_RATIO":-4.149840976441,"EPS_TTM":-0.07721131342,"OPERATE_INCOME_QOQ":-35.674661804678,"NET_PROFIT_RATIO":-92.1177877084,"ROE_AVG":-2.812595714908,"GROSS_PROFIT_QOQ":-55.872127378537,"ROA":-2.049111617386,"HOLDER_PROFIT_QOQ":-223.352822646435,"ROE_YEARLY":-5.625191429817,"ROIC_YEARLY":-5.055296256837,"TOTAL_ASSETS":19619555794.08,"TOTAL_LIABILITIES":4435681081.92,"TAX_EBT":20.577347094928,"OCF_SALES":-93.670389760878,"TOTAL_PARENT_EQUITY":14112130992.96,"DEBT_ASSET_RATIO":22.6084684509,"OPERATE_PROFIT":-594913424.16,"PRETAX_PROFIT":-605260872.48,"NETCASH_OPERATE":-488816454.72,"NETCASH_INVEST":-22071450.72,"NETCASH_FINANCE":265823828.16,"END_CASH":1969733795.04,"DIVI_RATIO":-0.29467702325,"DIVIDEND_RATE":2.403846153846,"CURRENT_RATIO":2.021560962394,"COMMON_ACS":null,"CURRENTDEBT_DEBT":68.10287770762,"ISSUED_COMMON_SHARES":5536633709,"HK_COMMON_SHARES":5536633709,"PER_SHARES":2000,"TOTAL_MARKET_CAP":5758099057.36,"HKSK_MARKET_CAP":5758099057.36,"PE_TTM":73.302089765636,"PB_TTM":0.353760971507,"REPORT_DATE_SQ":"2019-06-30 00:00:00","REPORT_TYPE_SQ":"2019年中报","OPERATE_INCOME_SQ":1952545235.94,"DPS_HKD":0.025,"OPERATE_INCOME_QOQ_SQ":5.073764057677,"NET_PROFIT_RATIO_SQ":22.279638449,"HOLDER_PROFIT_SQ":368952275.16,"HOLDER_PROFIT_QOQ_SQ":8.184420277904,"ROE_AVG_SQ":2.586804611159,"PE_TTM_SQ":48.682420992933,"PB_TTM_SQ":0.462716910539,"ROA_SQ":1.939715627291,"START_DATE":"2020-01-01 00:00:00","FISCAL_YEAR":"12-31","CURRENCY":"HKD","IS_CNY_CODE":0,"DPS_HKD_LY":null,"ORG_TYPE":"一般企业","PREMIUM_INCOME":null,"PREMIUM_INCOME_YOY":null,"NET_INTEREST_INCOME":null,"NET_INTEREST_INCOME_YOY":null,"FEE_COMMISSION_INCOME":null,"FEE_COMMISSION_INCOME_YOY":null,"ACCOUNTS_RECE_TDAYS":9.505490665868,"INVENTORY_TDAYS":0.251189707,"CURRENT_ASSETS_TDAYS":0.083965877137,"TOTAL_ASSETS_TDAYS":0.026396671324,"PREMIUM_EXPENSE":null,"LOAN_DEPOSIT":null,"LOAN_EQUITY":null,"LOAN_ASSETS":null,"DEPOSIT_EQUITY":null,"DEPOSIT_ASSETS":null,"EQUITY_MULTIPLIER":1.292131038091,"EQUITY_RATIO":0.314316886949}],"count":49},"success":true,"message":"ok","code":0}