{"version":"4d51c457171cc0a1027dab34c9226172","result":{"pages":6,"data":[{"SECUCODE":"00305.HK","SECURITY_CODE":"00305","SECURITY_NAME_ABBR":"五菱汽车","ORG_CODE":"10008815","STD_REPORT_DATE":"2024-06-30 00:00:00","REPORT_DATE":"2024-06-30 00:00:00","DATE_TYPE_CODE":"002","REPORT_TYPE":"2024年中报","PER_NETCASH_OPERATE":-0.955958997339,"PER_OI":1.196522426514,"BPS":0.582909023081,"BASIC_EPS":0.0005,"DILUTED_EPS":0.0005,"OPERATE_INCOME":3946324000,"OPERATE_INCOME_YOY":-22.4614446334,"GROSS_PROFIT":425824000,"GROSS_PROFIT_YOY":3.710523175243,"HOLDER_PROFIT":1586000,"HOLDER_PROFIT_YOY":4.2735042735,"GROSS_PROFIT_RATIO":10.79039632833,"EPS_TTM":0.007137916442,"OPERATE_INCOME_QOQ":-10.90406625071,"NET_PROFIT_RATIO":0.5353083021,"ROE_AVG":0.082231853385,"GROSS_PROFIT_QOQ":1.469143171787,"ROA":0.011166641173,"HOLDER_PROFIT_QOQ":0.27686672062,"ROE_YEARLY":0.164463706769,"ROIC_YEARLY":0.030507015147,"TOTAL_ASSETS":13355261000,"TOTAL_LIABILITIES":10407464000,"TAX_EBT":5.6793320534,"OCF_SALES":-79.894783094343,"TOTAL_PARENT_EQUITY":1922528000,"DEBT_ASSET_RATIO":77.9278218524,"OPERATE_PROFIT":143466000,"PRETAX_PROFIT":22397000,"NETCASH_OPERATE":-3152907000,"NETCASH_INVEST":483000,"NETCASH_FINANCE":3488768000,"END_CASH":2952905000,"DIVI_RATIO":0.634793085185,"DIVIDEND_RATE":1.041666666667,"CURRENT_RATIO":0.947637125663,"COMMON_ACS":25000000000,"CURRENTDEBT_DEBT":91.592716534979,"ISSUED_COMMON_SHARES":3298161332,"HK_COMMON_SHARES":3298161332,"PER_SHARES":10000,"TOTAL_MARKET_CAP":1583117439.36,"HKSK_MARKET_CAP":1583117439.36,"PE_TTM":60.901917548453,"PB_TTM":0.751551927751,"REPORT_DATE_SQ":"2023-06-30 00:00:00","REPORT_TYPE_SQ":"2023年中报","OPERATE_INCOME_SQ":5089499000,"DPS_HKD":0.005,"OPERATE_INCOME_QOQ_SQ":-9.409526670688,"NET_PROFIT_RATIO_SQ":0.2408881503,"HOLDER_PROFIT_SQ":1521000,"HOLDER_PROFIT_QOQ_SQ":362.947238069966,"ROE_AVG_SQ":0.079348745562,"PE_TTM_SQ":13.34008600313,"PB_TTM_SQ":0.775806170993,"ROA_SQ":0.009713567894,"START_DATE":"2024-01-01 00:00:00","FISCAL_YEAR":"12-31","CURRENCY":"HKD","IS_CNY_CODE":0,"DPS_HKD_LY":0.005,"ORG_TYPE":"一般企业","PREMIUM_INCOME":null,"PREMIUM_INCOME_YOY":null,"NET_INTEREST_INCOME":null,"NET_INTEREST_INCOME_YOY":null,"FEE_COMMISSION_INCOME":null,"FEE_COMMISSION_INCOME_YOY":null,"ACCOUNTS_RECE_TDAYS":0.694764832786,"INVENTORY_TDAYS":4.288737207186,"CURRENT_ASSETS_TDAYS":0.403057943402,"TOTAL_ASSETS_TDAYS":0.277851097487,"PREMIUM_EXPENSE":null,"LOAN_DEPOSIT":null,"LOAN_EQUITY":null,"LOAN_ASSETS":null,"DEPOSIT_EQUITY":null,"DEPOSIT_ASSETS":null,"EQUITY_MULTIPLIER":4.530590471465,"EQUITY_RATIO":5.413426488457},{"SECUCODE":"00305.HK","SECURITY_CODE":"00305","SECURITY_NAME_ABBR":"五菱汽车","ORG_CODE":"10008815","STD_REPORT_DATE":"2023-12-31 00:00:00","REPORT_DATE":"2023-12-31 00:00:00","DATE_TYPE_CODE":"001","REPORT_TYPE":"2023年年报","PER_NETCASH_OPERATE":-1.814074388038,"PER_OI":3.178720488377,"BPS":0.586647469676,"BASIC_EPS":0.0071,"DILUTED_EPS":0.0071,"OPERATE_INCOME":10483933000,"OPERATE_INCOME_YOY":-16.7651626476,"GROSS_PROFIT":1036999000,"GROSS_PROFIT_YOY":14.145591356187,"HOLDER_PROFIT":23477000,"HOLDER_PROFIT_YOY":3.8299942506,"GROSS_PROFIT_RATIO":9.891316550764,"EPS_TTM":0.007118208492,"OPERATE_INCOME_QOQ":-8.1196572957,"NET_PROFIT_RATIO":0.6624994647,"ROE_AVG":1.220227808429,"GROSS_PROFIT_QOQ":9.53320010478,"ROA":0.153463552161,"HOLDER_PROFIT_QOQ":-77.571959456232,"ROE_YEARLY":1.220227808429,"ROIC_YEARLY":0.195461190834,"TOTAL_ASSETS":15050774000,"TOTAL_LIABILITIES":12100067000,"TAX_EBT":10.334232710654,"OCF_SALES":-57.069326940567,"TOTAL_PARENT_EQUITY":1934858000,"DEBT_ASSET_RATIO":80.39498168,"OPERATE_PROFIT":283151000,"PRETAX_PROFIT":77461000,"NETCASH_OPERATE":-5983110000,"NETCASH_INVEST":-91291000,"NETCASH_FINANCE":6716611000,"END_CASH":2616795000,"DIVI_RATIO":0.636550615983,"DIVIDEND_RATE":1.176470588235,"CURRENT_RATIO":0.956730840306,"COMMON_ACS":25000000000,"CURRENTDEBT_DEBT":91.120644208003,"ISSUED_COMMON_SHARES":3298161332,"HK_COMMON_SHARES":3298161332,"PER_SHARES":10000,"TOTAL_MARKET_CAP":1401718566.1,"HKSK_MARKET_CAP":1401718566.1,"PE_TTM":53.923572829359,"PB_TTM":0.665436602696,"REPORT_DATE_SQ":"2022-12-31 00:00:00","REPORT_TYPE_SQ":"2022年年报","OPERATE_INCOME_SQ":12595607000,"DPS_HKD":0.005,"OPERATE_INCOME_QOQ_SQ":-6.840058338463,"NET_PROFIT_RATIO_SQ":0.3178727313,"HOLDER_PROFIT_SQ":22611000,"HOLDER_PROFIT_QOQ_SQ":127.021439326944,"ROE_AVG_SQ":1.192014122186,"PE_TTM_SQ":11.025989451566,"PB_TTM_SQ":0.641227549494,"ROA_SQ":0.147944151426,"START_DATE":"2023-01-01 00:00:00","FISCAL_YEAR":"12-31","CURRENCY":"HKD","IS_CNY_CODE":0,"DPS_HKD_LY":0.003,"ORG_TYPE":"一般企业","PREMIUM_INCOME":null,"PREMIUM_INCOME_YOY":null,"NET_INTEREST_INCOME":null,"NET_INTEREST_INCOME_YOY":null,"FEE_COMMISSION_INCOME":null,"FEE_COMMISSION_INCOME_YOY":null,"ACCOUNTS_RECE_TDAYS":2.309889879637,"INVENTORY_TDAYS":9.186818423166,"CURRENT_ASSETS_TDAYS":0.980387083308,"TOTAL_ASSETS_TDAYS":0.685309706862,"PREMIUM_EXPENSE":null,"LOAN_DEPOSIT":null,"LOAN_EQUITY":null,"LOAN_ASSETS":null,"DEPOSIT_EQUITY":null,"DEPOSIT_ASSETS":null,"EQUITY_MULTIPLIER":5.100734840833,"EQUITY_RATIO":6.253723529065},{"SECUCODE":"00305.HK","SECURITY_CODE":"00305","SECURITY_NAME_ABBR":"五菱汽车","ORG_CODE":"10008815","STD_REPORT_DATE":"2023-06-30 00:00:00","REPORT_DATE":"2023-06-30 00:00:00","DATE_TYPE_CODE":"002","REPORT_TYPE":"2023年中报","PER_NETCASH_OPERATE":-0.972693169638,"PER_OI":1.543132214492,"BPS":0.582323545354,"BASIC_EPS":0.0005,"DILUTED_EPS":0.0005,"OPERATE_INCOME":5089499000,"OPERATE_INCOME_YOY":-18.888387403,"GROSS_PROFIT":410589000,"GROSS_PROFIT_YOY":10.274673477774,"HOLDER_PROFIT":1521000,"HOLDER_PROFIT_YOY":101.8883853746,"GROSS_PROFIT_RATIO":8.067375590407,"EPS_TTM":0.031737986552,"OPERATE_INCOME_QOQ":-9.409526670688,"NET_PROFIT_RATIO":0.2408881503,"ROE_AVG":0.079348745562,"GROSS_PROFIT_QOQ":4.210952703833,"ROA":0.009713567894,"HOLDER_PROFIT_QOQ":362.947238069966,"ROE_YEARLY":0.158697491124,"ROIC_YEARLY":0.024527200318,"TOTAL_ASSETS":15771604000,"TOTAL_LIABILITIES":12871025000,"TAX_EBT":10.621856090982,"OCF_SALES":-63.03368956355,"TOTAL_PARENT_EQUITY":1920597000,"DEBT_ASSET_RATIO":81.6088522131,"OPERATE_PROFIT":113021000,"PRETAX_PROFIT":13717000,"NETCASH_OPERATE":-3208099000,"NETCASH_INVEST":34317000,"NETCASH_FINANCE":3789701000,"END_CASH":2590538000,"DIVI_RATIO":0.142765830234,"DIVIDEND_RATE":1.176470588235,"CURRENT_RATIO":0.997405078105,"COMMON_ACS":25000000000,"CURRENTDEBT_DEBT":87.06768108989,"ISSUED_COMMON_SHARES":3298161332,"HK_COMMON_SHARES":3298161332,"PER_SHARES":10000,"TOTAL_MARKET_CAP":1401718566.1,"HKSK_MARKET_CAP":1401718566.1,"PE_TTM":53.923572829359,"PB_TTM":0.665436602696,"REPORT_DATE_SQ":"2022-06-30 00:00:00","REPORT_TYPE_SQ":"2022年中报","OPERATE_INCOME_SQ":6274686000,"DPS_HKD":0.005,"OPERATE_INCOME_QOQ_SQ":-6.16369204665,"NET_PROFIT_RATIO_SQ":-2.2086682903,"HOLDER_PROFIT_SQ":-80545000,"HOLDER_PROFIT_QOQ_SQ":-246.521451051847,"ROE_AVG_SQ":-4.356888950314,"PE_TTM_SQ":11.025989451566,"PB_TTM_SQ":0.641227549494,"ROA_SQ":-0.507655757021,"START_DATE":"2023-01-01 00:00:00","FISCAL_YEAR":"12-31","CURRENCY":"HKD","IS_CNY_CODE":0,"DPS_HKD_LY":0.003,"ORG_TYPE":"一般企业","PREMIUM_INCOME":null,"PREMIUM_INCOME_YOY":null,"NET_INTEREST_INCOME":null,"NET_INTEREST_INCOME_YOY":null,"FEE_COMMISSION_INCOME":null,"FEE_COMMISSION_INCOME_YOY":null,"ACCOUNTS_RECE_TDAYS":1.956774479919,"INVENTORY_TDAYS":3.957775584141,"CURRENT_ASSETS_TDAYS":0.462341926972,"TOTAL_ASSETS_TDAYS":0.325030861813,"PREMIUM_EXPENSE":null,"LOAN_DEPOSIT":null,"LOAN_EQUITY":null,"LOAN_ASSETS":null,"DEPOSIT_EQUITY":null,"DEPOSIT_ASSETS":null,"EQUITY_MULTIPLIER":5.437398533181,"EQUITY_RATIO":6.701575083164},{"SECUCODE":"00305.HK","SECURITY_CODE":"00305","SECURITY_NAME_ABBR":"五菱汽车","ORG_CODE":"10008815","STD_REPORT_DATE":"2022-12-31 00:00:00","REPORT_DATE":"2022-12-31 00:00:00","DATE_TYPE_CODE":"001","REPORT_TYPE":"2022年年报","PER_NETCASH_OPERATE":-2.65620632775,"PER_OI":3.818978434376,"BPS":0.580054099064,"BASIC_EPS":0.0069,"DILUTED_EPS":0.0069,"OPERATE_INCOME":12595607000,"OPERATE_INCOME_YOY":-12.5821502533,"GROSS_PROFIT":908488000,"GROSS_PROFIT_YOY":-16.333700788417,"HOLDER_PROFIT":22611000,"HOLDER_PROFIT_YOY":193.6350836508,"GROSS_PROFIT_RATIO":7.212736948684,"EPS_TTM":0.006855637952,"OPERATE_INCOME_QOQ":-6.840058338463,"NET_PROFIT_RATIO":0.3178727313,"ROE_AVG":1.192014122186,"GROSS_PROFIT_QOQ":-5.840065918007,"ROA":0.147944151426,"HOLDER_PROFIT_QOQ":127.021439326944,"ROE_YEARLY":1.192014122186,"ROIC_YEARLY":0.182073047923,"TOTAL_ASSETS":15545416000,"TOTAL_LIABILITIES":12665535000,"TAX_EBT":14.076013477263,"OCF_SALES":-69.552797257012,"TOTAL_PARENT_EQUITY":1913112000,"DEBT_ASSET_RATIO":81.4744037728,"OPERATE_PROFIT":169771000,"PRETAX_PROFIT":46597000,"NETCASH_OPERATE":-8760597000,"NETCASH_INVEST":-556835000,"NETCASH_FINANCE":9455878000,"END_CASH":1974617000,"DIVI_RATIO":0.660930467977,"DIVIDEND_RATE":1.176470588235,"CURRENT_RATIO":0.9207673802,"COMMON_ACS":25000000000,"CURRENTDEBT_DEBT":92.940621931881,"ISSUED_COMMON_SHARES":3298161332,"HK_COMMON_SHARES":3298161332,"PER_SHARES":10000,"TOTAL_MARKET_CAP":1401718566.1,"HKSK_MARKET_CAP":1401718566.1,"PE_TTM":53.923572829359,"PB_TTM":0.665436602696,"REPORT_DATE_SQ":"2021-12-31 00:00:00","REPORT_TYPE_SQ":"2021年年报","OPERATE_INCOME_SQ":14408507000,"DPS_HKD":0.005,"OPERATE_INCOME_QOQ_SQ":-14.419559265548,"NET_PROFIT_RATIO_SQ":-0.3182841914,"HOLDER_PROFIT_SQ":-24148000,"HOLDER_PROFIT_QOQ_SQ":-116.737016475024,"ROE_AVG_SQ":-1.439437291369,"PE_TTM_SQ":11.025989451566,"PB_TTM_SQ":0.641227549494,"ROA_SQ":-0.15874023831,"START_DATE":"2022-01-01 00:00:00","FISCAL_YEAR":"12-31","CURRENCY":"HKD","IS_CNY_CODE":0,"DPS_HKD_LY":0.003,"ORG_TYPE":"一般企业","PREMIUM_INCOME":null,"PREMIUM_INCOME_YOY":null,"NET_INTEREST_INCOME":null,"NET_INTEREST_INCOME_YOY":null,"FEE_COMMISSION_INCOME":null,"FEE_COMMISSION_INCOME_YOY":null,"ACCOUNTS_RECE_TDAYS":4.895480789225,"INVENTORY_TDAYS":7.802471369421,"CURRENT_ASSETS_TDAYS":1.170558730151,"TOTAL_ASSETS_TDAYS":0.824132674059,"PREMIUM_EXPENSE":null,"LOAN_DEPOSIT":null,"LOAN_EQUITY":null,"LOAN_ASSETS":null,"DEPOSIT_EQUITY":null,"DEPOSIT_ASSETS":null,"EQUITY_MULTIPLIER":5.397936928647,"EQUITY_RATIO":6.620383438084},{"SECUCODE":"00305.HK","SECURITY_CODE":"00305","SECURITY_NAME_ABBR":"五菱汽车","ORG_CODE":"10008815","STD_REPORT_DATE":"2022-06-30 00:00:00","REPORT_DATE":"2022-06-30 00:00:00","DATE_TYPE_CODE":"002","REPORT_TYPE":"2022年中报","PER_NETCASH_OPERATE":-1.007940990559,"PER_OI":1.902480008822,"BPS":0.550830543786,"BASIC_EPS":-0.0244,"DILUTED_EPS":-0.0244,"OPERATE_INCOME":6274686000,"OPERATE_INCOME_YOY":-12.3987579128,"GROSS_PROFIT":372333000,"GROSS_PROFIT_YOY":-24.528879384609,"HOLDER_PROFIT":-80545000,"HOLDER_PROFIT_YOY":-283.2738520105,"GROSS_PROFIT_RATIO":5.933890556436,"EPS_TTM":-0.02537110577,"OPERATE_INCOME_QOQ":-6.16369204665,"NET_PROFIT_RATIO":-2.2086682903,"ROE_AVG":-4.356888950314,"GROSS_PROFIT_QOQ":-11.144479839241,"ROA":-0.507655757021,"HOLDER_PROFIT_QOQ":-246.521451051847,"ROE_YEARLY":-8.713777900628,"ROIC_YEARLY":-1.306416350082,"TOTAL_ASSETS":16710609000,"TOTAL_LIABILITIES":14000214000,"TAX_EBT":-0.643423068823,"OCF_SALES":-52.980372244922,"TOTAL_PARENT_EQUITY":1816728000,"DEBT_ASSET_RATIO":83.7803936409,"OPERATE_PROFIT":-68751000,"PRETAX_PROFIT":-137701000,"NETCASH_OPERATE":-3324352000,"NETCASH_INVEST":-439289000,"NETCASH_FINANCE":5307275000,"END_CASH":3388839000,"DIVI_RATIO":-0.178592925398,"DIVIDEND_RATE":1.176470588235,"CURRENT_RATIO":0.903814902202,"COMMON_ACS":25000000000,"CURRENTDEBT_DEBT":98.529572476535,"ISSUED_COMMON_SHARES":3298161332,"HK_COMMON_SHARES":3298161332,"PER_SHARES":10000,"TOTAL_MARKET_CAP":1401718566.1,"HKSK_MARKET_CAP":1401718566.1,"PE_TTM":53.923572829359,"PB_TTM":0.665436602696,"REPORT_DATE_SQ":"2021-06-30 00:00:00","REPORT_TYPE_SQ":"2021年中报","OPERATE_INCOME_SQ":7162782000,"DPS_HKD":0.005,"OPERATE_INCOME_QOQ_SQ":9.452489053428,"NET_PROFIT_RATIO_SQ":-0.6314027148,"HOLDER_PROFIT_SQ":-21015000,"HOLDER_PROFIT_QOQ_SQ":531.93425740203,"ROE_AVG_SQ":-1.250187394256,"PE_TTM_SQ":11.025989451566,"PB_TTM_SQ":0.641227549494,"ROA_SQ":-0.139881979946,"START_DATE":"2022-01-01 00:00:00","FISCAL_YEAR":"12-31","CURRENCY":"HKD","IS_CNY_CODE":0,"DPS_HKD_LY":0.003,"ORG_TYPE":"一般企业","PREMIUM_INCOME":null,"PREMIUM_INCOME_YOY":null,"NET_INTEREST_INCOME":null,"NET_INTEREST_INCOME_YOY":null,"FEE_COMMISSION_INCOME":null,"FEE_COMMISSION_INCOME_YOY":null,"ACCOUNTS_RECE_TDAYS":2.575387096973,"INVENTORY_TDAYS":3.90764099388,"CURRENT_ASSETS_TDAYS":0.54210193763,"TOTAL_ASSETS_TDAYS":0.39547836258,"PREMIUM_EXPENSE":null,"LOAN_DEPOSIT":null,"LOAN_EQUITY":null,"LOAN_ASSETS":null,"DEPOSIT_EQUITY":null,"DEPOSIT_ASSETS":null,"EQUITY_MULTIPLIER":6.165377740126,"EQUITY_RATIO":7.706279641201},{"SECUCODE":"00305.HK","SECURITY_CODE":"00305","SECURITY_NAME_ABBR":"五菱汽车","ORG_CODE":"10008815","STD_REPORT_DATE":"2021-12-31 00:00:00","REPORT_DATE":"2021-12-31 00:00:00","DATE_TYPE_CODE":"001","REPORT_TYPE":"2021年年报","PER_NETCASH_OPERATE":-2.054267307746,"PER_OI":4.368648331482,"BPS":0.570207097437,"BASIC_EPS":-0.0074,"DILUTED_EPS":-0.0074,"OPERATE_INCOME":14408507000,"OPERATE_INCOME_YOY":-6.3300774732,"GROSS_PROFIT":1085847000,"GROSS_PROFIT_YOY":-10.218136176771,"HOLDER_PROFIT":-24148000,"HOLDER_PROFIT_YOY":27.7070921773,"GROSS_PROFIT_RATIO":7.536152080157,"EPS_TTM":-0.00732165518,"OPERATE_INCOME_QOQ":-14.419559265548,"NET_PROFIT_RATIO":-0.3182841914,"ROE_AVG":-1.439437291369,"GROSS_PROFIT_QOQ":-25.257402693591,"ROA":-0.15874023831,"HOLDER_PROFIT_QOQ":-116.737016475024,"ROE_YEARLY":-1.439437291369,"ROIC_YEARLY":-0.188132770566,"TOTAL_ASSETS":15021524000,"TOTAL_LIABILITIES":12188354000,"TAX_EBT":0.117611186131,"OCF_SALES":-47.022949706031,"TOTAL_PARENT_EQUITY":1880635000,"DEBT_ASSET_RATIO":81.1392638989,"OPERATE_PROFIT":78316000,"PRETAX_PROFIT":-45914000,"NETCASH_OPERATE":-6775305000,"NETCASH_INVEST":-187498000,"NETCASH_FINANCE":7852255000,"END_CASH":1835735000,"DIVI_RATIO":-0.618862796564,"DIVIDEND_RATE":1.176470588235,"CURRENT_RATIO":0.883065028144,"COMMON_ACS":25000000000,"CURRENTDEBT_DEBT":99.245755415374,"ISSUED_COMMON_SHARES":3298161332,"HK_COMMON_SHARES":3298161332,"PER_SHARES":10000,"TOTAL_MARKET_CAP":1401718566.1,"HKSK_MARKET_CAP":1401718566.1,"PE_TTM":53.923572829359,"PB_TTM":0.665436602696,"REPORT_DATE_SQ":"2020-12-31 00:00:00","REPORT_TYPE_SQ":"2020年年报","OPERATE_INCOME_SQ":15382213000,"DPS_HKD":0.005,"OPERATE_INCOME_QOQ_SQ":11.463340793105,"NET_PROFIT_RATIO_SQ":-0.1421576986,"HOLDER_PROFIT_SQ":-33403000,"HOLDER_PROFIT_QOQ_SQ":89.551113613614,"ROE_AVG_SQ":-2.398633619719,"PE_TTM_SQ":11.025989451566,"PB_TTM_SQ":0.641227549494,"ROA_SQ":-0.214840823037,"START_DATE":"2021-01-01 00:00:00","FISCAL_YEAR":"12-31","CURRENCY":"HKD","IS_CNY_CODE":0,"DPS_HKD_LY":0.003,"ORG_TYPE":"一般企业","PREMIUM_INCOME":null,"PREMIUM_INCOME_YOY":null,"NET_INTEREST_INCOME":null,"NET_INTEREST_INCOME_YOY":null,"FEE_COMMISSION_INCOME":null,"FEE_COMMISSION_INCOME_YOY":null,"ACCOUNTS_RECE_TDAYS":4.490714540171,"INVENTORY_TDAYS":8.587834654019,"CURRENT_ASSETS_TDAYS":1.333624058331,"TOTAL_ASSETS_TDAYS":0.947163257775,"PREMIUM_EXPENSE":null,"LOAN_DEPOSIT":null,"LOAN_EQUITY":null,"LOAN_ASSETS":null,"DEPOSIT_EQUITY":null,"DEPOSIT_ASSETS":null,"EQUITY_MULTIPLIER":5.302019998794,"EQUITY_RATIO":6.480977967548},{"SECUCODE":"00305.HK","SECURITY_CODE":"00305","SECURITY_NAME_ABBR":"五菱汽车","ORG_CODE":"10008815","STD_REPORT_DATE":"2021-06-30 00:00:00","REPORT_DATE":"2021-06-30 00:00:00","DATE_TYPE_CODE":"002","REPORT_TYPE":"2021年中报","PER_NETCASH_OPERATE":-0.973673715971,"PER_OI":2.171750038576,"BPS":0.57223731953,"BASIC_EPS":-0.0064,"DILUTED_EPS":-0.0064,"OPERATE_INCOME":7162782000,"OPERATE_INCOME_YOY":25.4695749355,"GROSS_PROFIT":493345000,"GROSS_PROFIT_YOY":97.345104423759,"HOLDER_PROFIT":-21015000,"HOLDER_PROFIT_YOY":89.4235947196,"GROSS_PROFIT_RATIO":6.887617129769,"EPS_TTM":0.043745282743,"OPERATE_INCOME_QOQ":9.452489053428,"NET_PROFIT_RATIO":-0.6314027148,"ROE_AVG":-1.250187394256,"GROSS_PROFIT_QOQ":20.121412767027,"ROA":-0.139881979946,"HOLDER_PROFIT_QOQ":531.93425740203,"ROE_YEARLY":-2.500374788512,"ROIC_YEARLY":-0.331719342075,"TOTAL_ASSETS":14643734000,"TOTAL_LIABILITIES":11772029000,"TAX_EBT":-8.886481280847,"OCF_SALES":-44.83359957067,"TOTAL_PARENT_EQUITY":1887331000,"DEBT_ASSET_RATIO":80.3895304299,"OPERATE_PROFIT":22170000,"PRETAX_PROFIT":-41535000,"NETCASH_OPERATE":-3211333000,"NETCASH_INVEST":-115464000,"NETCASH_FINANCE":4140687000,"END_CASH":1756639000,"DIVI_RATIO":0.103579168219,"DIVIDEND_RATE":1.176470588235,"CURRENT_RATIO":0.876395325247,"COMMON_ACS":25000000000,"CURRENTDEBT_DEBT":99.192220814271,"ISSUED_COMMON_SHARES":3298161332,"HK_COMMON_SHARES":3298161332,"PER_SHARES":10000,"TOTAL_MARKET_CAP":1401718566.1,"HKSK_MARKET_CAP":1401718566.1,"PE_TTM":53.923572829359,"PB_TTM":0.665436602696,"REPORT_DATE_SQ":"2020-06-30 00:00:00","REPORT_TYPE_SQ":"2020年中报","OPERATE_INCOME_SQ":5708780000,"DPS_HKD":0.005,"OPERATE_INCOME_QOQ_SQ":-3.069829577999,"NET_PROFIT_RATIO_SQ":-5.1503999103,"HOLDER_PROFIT_SQ":-198697000,"HOLDER_PROFIT_QOQ_SQ":-157.752406753423,"ROE_AVG_SQ":-15.316212883928,"PE_TTM_SQ":11.025989451566,"PB_TTM_SQ":0.641227549494,"ROA_SQ":-1.209523016149,"START_DATE":"2021-01-01 00:00:00","FISCAL_YEAR":"12-31","CURRENCY":"HKD","IS_CNY_CODE":0,"DPS_HKD_LY":0.003,"ORG_TYPE":"一般企业","PREMIUM_INCOME":null,"PREMIUM_INCOME_YOY":null,"NET_INTEREST_INCOME":null,"NET_INTEREST_INCOME_YOY":null,"FEE_COMMISSION_INCOME":null,"FEE_COMMISSION_INCOME_YOY":null,"ACCOUNTS_RECE_TDAYS":2.255245660181,"INVENTORY_TDAYS":4.76097937401,"CURRENT_ASSETS_TDAYS":0.67702007393,"TOTAL_ASSETS_TDAYS":0.476775697398,"PREMIUM_EXPENSE":null,"LOAN_DEPOSIT":null,"LOAN_EQUITY":null,"LOAN_ASSETS":null,"DEPOSIT_EQUITY":null,"DEPOSIT_ASSETS":null,"EQUITY_MULTIPLIER":5.099316956309,"EQUITY_RATIO":6.237395030336},{"SECUCODE":"00305.HK","SECURITY_CODE":"00305","SECURITY_NAME_ABBR":"五菱汽车","ORG_CODE":"10008815","STD_REPORT_DATE":"2020-12-31 00:00:00","REPORT_DATE":"2020-12-31 00:00:00","DATE_TYPE_CODE":"001","REPORT_TYPE":"2020年年报","PER_NETCASH_OPERATE":-2.602299566116,"PER_OI":5.002083253302,"BPS":0.447086983191,"BASIC_EPS":-0.0117,"DILUTED_EPS":-0.0117,"OPERATE_INCOME":15382213000,"OPERATE_INCOME_YOY":8.0416061888,"GROSS_PROFIT":1209428000,"GROSS_PROFIT_YOY":3.179429429429,"HOLDER_PROFIT":-33403000,"HOLDER_PROFIT_YOY":73.0677438602,"GROSS_PROFIT_RATIO":7.862509770213,"EPS_TTM":-0.010862194335,"OPERATE_INCOME_QOQ":11.463340793105,"NET_PROFIT_RATIO":-0.1421576986,"ROE_AVG":-2.398633619719,"GROSS_PROFIT_QOQ":34.400152910806,"ROA":-0.214840823037,"HOLDER_PROFIT_QOQ":89.551113613614,"ROE_YEARLY":-2.398633619719,"ROIC_YEARLY":-0.244730712144,"TOTAL_ASSETS":15403024000,"TOTAL_LIABILITIES":12909988000,"TAX_EBT":14.662035591633,"OCF_SALES":-52.024315356965,"TOTAL_PARENT_EQUITY":1474565000,"DEBT_ASSET_RATIO":83.814632763,"OPERATE_PROFIT":208575000,"PRETAX_PROFIT":-25624000,"NETCASH_OPERATE":-8002491000,"NETCASH_INVEST":-219558000,"NETCASH_FINANCE":8330689000,"END_CASH":946575000,"DIVI_RATIO":-0.417144074228,"DIVIDEND_RATE":1.176470588235,"CURRENT_RATIO":0.852893957001,"COMMON_ACS":25000000000,"CURRENTDEBT_DEBT":99.230479532591,"ISSUED_COMMON_SHARES":3298161332,"HK_COMMON_SHARES":3298161332,"PER_SHARES":10000,"TOTAL_MARKET_CAP":1401718566.1,"HKSK_MARKET_CAP":1401718566.1,"PE_TTM":53.923572829359,"PB_TTM":0.665436602696,"REPORT_DATE_SQ":"2019-12-31 00:00:00","REPORT_TYPE_SQ":"2019年年报","OPERATE_INCOME_SQ":14237305000,"DPS_HKD":0.005,"OPERATE_INCOME_QOQ_SQ":-4.802474213404,"NET_PROFIT_RATIO_SQ":-1.1702706376,"HOLDER_PROFIT_SQ":-124026000,"HOLDER_PROFIT_QOQ_SQ":-682.664662219299,"ROE_AVG_SQ":-9.006177014882,"PE_TTM_SQ":11.025989451566,"PB_TTM_SQ":0.641227549494,"ROA_SQ":-0.860702414253,"START_DATE":"2020-01-01 00:00:00","FISCAL_YEAR":"12-31","CURRENCY":"HKD","IS_CNY_CODE":0,"DPS_HKD_LY":0.003,"ORG_TYPE":"一般企业","PREMIUM_INCOME":null,"PREMIUM_INCOME_YOY":null,"NET_INTEREST_INCOME":null,"NET_INTEREST_INCOME_YOY":null,"FEE_COMMISSION_INCOME":null,"FEE_COMMISSION_INCOME_YOY":null,"ACCOUNTS_RECE_TDAYS":3.95011577721,"INVENTORY_TDAYS":9.367667869397,"CURRENT_ASSETS_TDAYS":1.387069618848,"TOTAL_ASSETS_TDAYS":0.989350447877,"PREMIUM_EXPENSE":null,"LOAN_DEPOSIT":null,"LOAN_EQUITY":null,"LOAN_ASSETS":null,"DEPOSIT_EQUITY":null,"DEPOSIT_ASSETS":null,"EQUITY_MULTIPLIER":6.178420207321,"EQUITY_RATIO":8.755116254624},{"SECUCODE":"00305.HK","SECURITY_CODE":"00305","SECURITY_NAME_ABBR":"五菱汽车","ORG_CODE":"10008815","STD_REPORT_DATE":"2020-06-30 00:00:00","REPORT_DATE":"2020-06-30 00:00:00","DATE_TYPE_CODE":"002","REPORT_TYPE":"2020年中报","PER_NETCASH_OPERATE":-1.269294056017,"PER_OI":1.856416422968,"BPS":0.38930569816,"BASIC_EPS":-0.075,"DILUTED_EPS":-0.075,"OPERATE_INCOME":5708780000,"OPERATE_INCOME_YOY":-7.1114921457,"GROSS_PROFIT":249991000,"GROSS_PROFIT_YOY":-52.134678716397,"HOLDER_PROFIT":-198697000,"HOLDER_PROFIT_YOY":-6429.6418008544,"GROSS_PROFIT_RATIO":4.379061725973,"EPS_TTM":-0.103955521511,"OPERATE_INCOME_QOQ":-3.069829577999,"NET_PROFIT_RATIO":-5.1503999103,"ROE_AVG":-15.316212883928,"GROSS_PROFIT_QOQ":-23.229678542179,"ROA":-1.209523016149,"HOLDER_PROFIT_QOQ":-157.752406753423,"ROE_YEARLY":-30.632425767855,"ROIC_YEARLY":-2.83674922048,"TOTAL_ASSETS":17162875000,"TOTAL_LIABILITIES":14985286000,"TAX_EBT":1.47275651766,"OCF_SALES":-68.373347720529,"TOTAL_PARENT_EQUITY":1283993000,"DEBT_ASSET_RATIO":87.3122131345,"OPERATE_PROFIT":-160862000,"PRETAX_PROFIT":-298420000,"NETCASH_OPERATE":-3903284000,"NETCASH_INVEST":-728391000,"NETCASH_FINANCE":5907836000,"END_CASH":2111497000,"DIVI_RATIO":-0.043586910384,"DIVIDEND_RATE":1.282051282051,"CURRENT_RATIO":0.856534000199,"COMMON_ACS":25000000000,"CURRENTDEBT_DEBT":99.27307360033,"ISSUED_COMMON_SHARES":3298161332,"HK_COMMON_SHARES":3298161332,"PER_SHARES":10000,"TOTAL_MARKET_CAP":1286282919.48,"HKSK_MARKET_CAP":1286282919.48,"PE_TTM":49.482808008118,"PB_TTM":0.610635941298,"REPORT_DATE_SQ":"2019-06-30 00:00:00","REPORT_TYPE_SQ":"2019年中报","OPERATE_INCOME_SQ":6145841000,"DPS_HKD":0.005,"OPERATE_INCOME_QOQ_SQ":-1.088470269315,"NET_PROFIT_RATIO_SQ":0.2025760185,"HOLDER_PROFIT_SQ":-3043000,"HOLDER_PROFIT_QOQ_SQ":-69.881001231022,"ROE_AVG_SQ":-0.210727796887,"PE_TTM_SQ":9.800879512504,"PB_TTM_SQ":0.569980043995,"ROA_SQ":-0.024170251663,"START_DATE":"2020-01-01 00:00:00","FISCAL_YEAR":"12-31","CURRENCY":"HKD","IS_CNY_CODE":0,"DPS_HKD_LY":0.003,"ORG_TYPE":"一般企业","PREMIUM_INCOME":null,"PREMIUM_INCOME_YOY":null,"NET_INTEREST_INCOME":null,"NET_INTEREST_INCOME_YOY":null,"FEE_COMMISSION_INCOME":null,"FEE_COMMISSION_INCOME_YOY":null,"ACCOUNTS_RECE_TDAYS":1.623490875937,"INVENTORY_TDAYS":2.946166826196,"CURRENT_ASSETS_TDAYS":0.475822429795,"TOTAL_ASSETS_TDAYS":0.347509061744,"PREMIUM_EXPENSE":null,"LOAN_DEPOSIT":null,"LOAN_EQUITY":null,"LOAN_ASSETS":null,"DEPOSIT_EQUITY":null,"DEPOSIT_ASSETS":null,"EQUITY_MULTIPLIER":7.881595195449,"EQUITY_RATIO":11.67084711521}],"count":48},"success":true,"message":"ok","code":0}