{"version":"66d7edfd81977984393c84d8d58d2488","result":{"pages":6,"data":[{"SECUCODE":"00306.HK","SECURITY_CODE":"00306","SECURITY_NAME_ABBR":"冠忠巴士集团","ORG_CODE":"10008816","STD_REPORT_DATE":"2024-06-30 00:00:00","REPORT_DATE":"2024-09-30 00:00:00","DATE_TYPE_CODE":"002","REPORT_TYPE":"2024年中报","PER_NETCASH_OPERATE":0.319893765142,"PER_OI":2.103669199793,"BPS":3.648309254018,"BASIC_EPS":0.012083986,"DILUTED_EPS":0.012083986,"OPERATE_INCOME":1002980757.69,"OPERATE_INCOME_YOY":24.5047620753,"GROSS_PROFIT":190396726.28,"GROSS_PROFIT_YOY":14.984632199107,"HOLDER_PROFIT":5748009.46,"HOLDER_PROFIT_YOY":15.5966630395,"GROSS_PROFIT_RATIO":18.983088640555,"EPS_TTM":0.061010660098,"OPERATE_INCOME_QOQ":0,"NET_PROFIT_RATIO":0.8421063989,"ROE_AVG":0.331171676976,"GROSS_PROFIT_QOQ":0,"ROA":0.136537999131,"HOLDER_PROFIT_QOQ":0,"ROE_YEARLY":0.662343353952,"ROIC_YEARLY":0.303166361947,"TOTAL_ASSETS":4291750271.34,"TOTAL_LIABILITIES":2475344112.17,"TAX_EBT":10.002882675123,"OCF_SALES":15.2064671182,"TOTAL_PARENT_EQUITY":1739429364.77,"DEBT_ASSET_RATIO":57.6767974758,"OPERATE_PROFIT":52399409.74,"PRETAX_PROFIT":9384928.53,"NETCASH_OPERATE":152517939.12,"NETCASH_INVEST":-33002808.63,"NETCASH_FINANCE":44303139.12,"END_CASH":400782529.7,"DIVI_RATIO":0.297177574719,"DIVIDEND_RATE":1.290322580645,"CURRENT_RATIO":1.219527636872,"COMMON_ACS":600000000,"CURRENTDEBT_DEBT":33.029451099357,"ISSUED_COMMON_SHARES":476776842,"HK_COMMON_SHARES":476776842,"PER_SHARES":2000,"TOTAL_MARKET_CAP":739004105.1,"HKSK_MARKET_CAP":739004105.1,"PE_TTM":22.43008787143,"PB_TTM":0.383129390268,"REPORT_DATE_SQ":"2023-06-30 00:00:00","REPORT_TYPE_SQ":"2023年中报","OPERATE_INCOME_SQ":819726220.04,"DPS_HKD":0.02,"OPERATE_INCOME_QOQ_SQ":0,"NET_PROFIT_RATIO_SQ":1.0584255374,"HOLDER_PROFIT_SQ":5059811.82,"HOLDER_PROFIT_QOQ_SQ":0,"ROE_AVG_SQ":0.289262885877,"PE_TTM_SQ":-9.533456813059,"PB_TTM_SQ":0.413906893417,"ROA_SQ":0.117705875346,"START_DATE":"2024-04-01 00:00:00","FISCAL_YEAR":"3-31","CURRENCY":"HKD","IS_CNY_CODE":0,"DPS_HKD_LY":0.02,"ORG_TYPE":"一般企业","PREMIUM_INCOME":null,"PREMIUM_INCOME_YOY":null,"NET_INTEREST_INCOME":null,"NET_INTEREST_INCOME_YOY":null,"FEE_COMMISSION_INCOME":null,"FEE_COMMISSION_INCOME_YOY":null,"ACCOUNTS_RECE_TDAYS":3.877488338365,"INVENTORY_TDAYS":12.590793178373,"CURRENT_ASSETS_TDAYS":1.096990260141,"TOTAL_ASSETS_TDAYS":0.23824766952,"PREMIUM_EXPENSE":null,"LOAN_DEPOSIT":null,"LOAN_EQUITY":null,"LOAN_ASSETS":null,"DEPOSIT_EQUITY":null,"DEPOSIT_ASSETS":null,"EQUITY_MULTIPLIER":2.362770160004,"EQUITY_RATIO":1.423078259057},{"SECUCODE":"00306.HK","SECURITY_CODE":"00306","SECURITY_NAME_ABBR":"冠忠巴士集团","ORG_CODE":"10008816","STD_REPORT_DATE":"2023-12-31 00:00:00","REPORT_DATE":"2024-03-31 00:00:00","DATE_TYPE_CODE":"001","REPORT_TYPE":"2023年年报","PER_NETCASH_OPERATE":0.383433374371,"PER_OI":3.984254506535,"BPS":3.651664933424,"BASIC_EPS":0.06073885,"DILUTED_EPS":0.06073885,"OPERATE_INCOME":1899600281.35,"OPERATE_INCOME_YOY":59.7954567639,"GROSS_PROFIT":414107507.25,"GROSS_PROFIT_YOY":505.147841418548,"HOLDER_PROFIT":29088469.85,"HOLDER_PROFIT_YOY":124.5476731465,"GROSS_PROFIT_RATIO":21.799718146794,"EPS_TTM":-0.148424264008,"OPERATE_INCOME_QOQ":0,"NET_PROFIT_RATIO":2.4896715069,"ROE_AVG":1.674545262874,"GROSS_PROFIT_QOQ":0,"ROA":0.688435403049,"HOLDER_PROFIT_QOQ":0,"ROE_YEARLY":1.674545262874,"ROIC_YEARLY":0.768526691914,"TOTAL_ASSETS":4149686390.95,"TOTAL_LIABILITIES":2324748661.05,"TAX_EBT":23.541739946066,"OCF_SALES":9.623716902173,"TOTAL_PARENT_EQUITY":1741029275,"DEBT_ASSET_RATIO":56.0222735414,"OPERATE_PROFIT":174604249.65,"PRETAX_PROFIT":61855719.6,"NETCASH_OPERATE":182812153.35,"NETCASH_INVEST":-166059109.35,"NETCASH_FINANCE":-221720372.8,"END_CASH":244278056.45,"DIVI_RATIO":-0.122156576764,"DIVIDEND_RATE":1.298701298701,"CURRENT_RATIO":1.175034502269,"COMMON_ACS":600000000,"CURRENTDEBT_DEBT":30.601066686009,"ISSUED_COMMON_SHARES":476776842,"HK_COMMON_SHARES":476776842,"PER_SHARES":2000,"TOTAL_MARKET_CAP":734236336.68,"HKSK_MARKET_CAP":734236336.68,"PE_TTM":22.285377627098,"PB_TTM":0.38065758775,"REPORT_DATE_SQ":"2022-12-31 00:00:00","REPORT_TYPE_SQ":"2022年年报","OPERATE_INCOME_SQ":1147935637.92,"DPS_HKD":0.02,"OPERATE_INCOME_QOQ_SQ":0,"NET_PROFIT_RATIO_SQ":-10.5145838671,"HOLDER_PROFIT_SQ":-114427467.33,"HOLDER_PROFIT_QOQ_SQ":0,"ROE_AVG_SQ":-6.519538590259,"PE_TTM_SQ":-9.764570917618,"PB_TTM_SQ":0.423940999924,"ROA_SQ":-2.652169312502,"START_DATE":"2023-04-01 00:00:00","FISCAL_YEAR":"3-31","CURRENCY":"HKD","IS_CNY_CODE":0,"DPS_HKD_LY":null,"ORG_TYPE":"一般企业","PREMIUM_INCOME":null,"PREMIUM_INCOME_YOY":null,"NET_INTEREST_INCOME":null,"NET_INTEREST_INCOME_YOY":null,"FEE_COMMISSION_INCOME":null,"FEE_COMMISSION_INCOME_YOY":null,"ACCOUNTS_RECE_TDAYS":9.658235637098,"INVENTORY_TDAYS":31.456911942562,"CURRENT_ASSETS_TDAYS":2.248827515449,"TOTAL_ASSETS_TDAYS":0.449577475909,"PREMIUM_EXPENSE":null,"LOAN_DEPOSIT":null,"LOAN_EQUITY":null,"LOAN_ASSETS":null,"DEPOSIT_EQUITY":null,"DEPOSIT_ASSETS":null,"EQUITY_MULTIPLIER":2.273878348262,"EQUITY_RATIO":1.335272585264},{"SECUCODE":"00306.HK","SECURITY_CODE":"00306","SECURITY_NAME_ABBR":"冠忠巴士集团","ORG_CODE":"10008816","STD_REPORT_DATE":"2023-06-30 00:00:00","REPORT_DATE":"2023-09-30 00:00:00","DATE_TYPE_CODE":"002","REPORT_TYPE":"2023年中报","PER_NETCASH_OPERATE":0.212023628572,"PER_OI":1.719307960935,"BPS":3.6580436907,"BASIC_EPS":0.010644508,"DILUTED_EPS":0.010644508,"OPERATE_INCOME":819726220.04,"OPERATE_INCOME_YOY":45.690404547,"GROSS_PROFIT":165584498.24,"GROSS_PROFIT_YOY":57291.7188751445,"HOLDER_PROFIT":5059811.82,"HOLDER_PROFIT_YOY":112.9190974907,"GROSS_PROFIT_RATIO":20.19997582021,"EPS_TTM":-0.240002150377,"OPERATE_INCOME_QOQ":0,"NET_PROFIT_RATIO":1.0584255374,"ROE_AVG":0.289262885877,"GROSS_PROFIT_QOQ":0,"ROA":0.117705875346,"HOLDER_PROFIT_QOQ":0,"ROE_YEARLY":0.578525771755,"ROIC_YEARLY":0.265302720075,"TOTAL_ASSETS":4243899270.24,"TOTAL_LIABILITIES":2430115482.76,"TAX_EBT":51.87315484068,"OCF_SALES":12.331916875255,"TOTAL_PARENT_EQUITY":1744070518.75,"DEBT_ASSET_RATIO":57.2613845904,"OPERATE_PROFIT":78375695.93,"PRETAX_PROFIT":18027758.98,"NETCASH_OPERATE":101087956.06,"NETCASH_INVEST":-49068428.99,"NETCASH_FINANCE":-133678503.14,"END_CASH":370258199.22,"DIVI_RATIO":-0.075545156456,"DIVIDEND_RATE":1.298701298701,"CURRENT_RATIO":0.407409811699,"COMMON_ACS":600000000,"CURRENTDEBT_DEBT":84.344692272488,"ISSUED_COMMON_SHARES":476776842,"HK_COMMON_SHARES":476776842,"PER_SHARES":2000,"TOTAL_MARKET_CAP":734236336.68,"HKSK_MARKET_CAP":734236336.68,"PE_TTM":22.285377627098,"PB_TTM":0.38065758775,"REPORT_DATE_SQ":"2022-06-30 00:00:00","REPORT_TYPE_SQ":"2022年中报","OPERATE_INCOME_SQ":554561908.2,"DPS_HKD":0.02,"OPERATE_INCOME_QOQ_SQ":0,"NET_PROFIT_RATIO_SQ":-8.7917410769,"HOLDER_PROFIT_SQ":-38602403.64,"HOLDER_PROFIT_QOQ_SQ":0,"ROE_AVG_SQ":-2.084448973343,"PE_TTM_SQ":-9.764570917618,"PB_TTM_SQ":0.423940999924,"ROA_SQ":-0.849509309403,"START_DATE":"2023-04-01 00:00:00","FISCAL_YEAR":"3-31","CURRENCY":"HKD","IS_CNY_CODE":0,"DPS_HKD_LY":null,"ORG_TYPE":"一般企业","PREMIUM_INCOME":null,"PREMIUM_INCOME_YOY":null,"NET_INTEREST_INCOME":null,"NET_INTEREST_INCOME_YOY":null,"FEE_COMMISSION_INCOME":null,"FEE_COMMISSION_INCOME_YOY":null,"ACCOUNTS_RECE_TDAYS":4.917959502758,"INVENTORY_TDAYS":20.330543157414,"CURRENT_ASSETS_TDAYS":0.964959629877,"TOTAL_ASSETS_TDAYS":0.190692056753,"PREMIUM_EXPENSE":null,"LOAN_DEPOSIT":null,"LOAN_EQUITY":null,"LOAN_ASSETS":null,"DEPOSIT_EQUITY":null,"DEPOSIT_ASSETS":null,"EQUITY_MULTIPLIER":2.339804390985,"EQUITY_RATIO":1.393358500493},{"SECUCODE":"00306.HK","SECURITY_CODE":"00306","SECURITY_NAME_ABBR":"冠忠巴士集团","ORG_CODE":"10008816","STD_REPORT_DATE":"2022-12-31 00:00:00","REPORT_DATE":"2023-03-31 00:00:00","DATE_TYPE_CODE":"001","REPORT_TYPE":"2022年年报","PER_NETCASH_OPERATE":0.339377395264,"PER_OI":2.407700074325,"BPS":3.510300208415,"BASIC_EPS":-0.23986234,"DILUTED_EPS":-0.23986234,"OPERATE_INCOME":1147935637.92,"OPERATE_INCOME_YOY":9.0895477813,"GROSS_PROFIT":68430799.7,"GROSS_PROFIT_YOY":38.97724971101,"HOLDER_PROFIT":-114427467.33,"HOLDER_PROFIT_YOY":6.5902025941,"GROSS_PROFIT_RATIO":5.961205266176,"EPS_TTM":-0.151938074354,"OPERATE_INCOME_QOQ":0,"NET_PROFIT_RATIO":-10.5145838671,"ROE_AVG":-6.519538590259,"GROSS_PROFIT_QOQ":0,"ROA":-2.652169312502,"HOLDER_PROFIT_QOQ":0,"ROE_YEARLY":-6.519538590259,"ROIC_YEARLY":-3.045268410102,"TOTAL_ASSETS":4153179649.88,"TOTAL_LIABILITIES":2413330288,"TAX_EBT":2.566584929793,"OCF_SALES":14.095501299462,"TOTAL_PARENT_EQUITY":1673629847.84,"DEBT_ASSET_RATIO":58.1080158204,"OPERATE_PROFIT":-33042350.45,"PRETAX_PROFIT":-123880144.51,"NETCASH_OPERATE":161807282.76,"NETCASH_INVEST":-69017324.4,"NETCASH_FINANCE":-185277900.27,"END_CASH":434834530.61,"DIVI_RATIO":-0.119331511059,"DIVIDEND_RATE":1.298701298701,"CURRENT_RATIO":0.94869758865,"COMMON_ACS":600000000,"CURRENTDEBT_DEBT":35.997896111434,"ISSUED_COMMON_SHARES":476776842,"HK_COMMON_SHARES":476776842,"PER_SHARES":2000,"TOTAL_MARKET_CAP":734236336.68,"HKSK_MARKET_CAP":734236336.68,"PE_TTM":22.285377627098,"PB_TTM":0.38065758775,"REPORT_DATE_SQ":"2021-12-31 00:00:00","REPORT_TYPE_SQ":"2021年年报","OPERATE_INCOME_SQ":974875381.51,"DPS_HKD":0.02,"OPERATE_INCOME_QOQ_SQ":0,"NET_PROFIT_RATIO_SQ":-11.3139958288,"HOLDER_PROFIT_SQ":-113488684.35,"HOLDER_PROFIT_QOQ_SQ":0,"ROE_AVG_SQ":-6.539536659563,"PE_TTM_SQ":-9.764570917618,"PB_TTM_SQ":0.423940999924,"ROA_SQ":-2.733195418638,"START_DATE":"2022-04-01 00:00:00","FISCAL_YEAR":"3-31","CURRENCY":"HKD","IS_CNY_CODE":0,"DPS_HKD_LY":null,"ORG_TYPE":"一般企业","PREMIUM_INCOME":null,"PREMIUM_INCOME_YOY":null,"NET_INTEREST_INCOME":null,"NET_INTEREST_INCOME_YOY":null,"FEE_COMMISSION_INCOME":null,"FEE_COMMISSION_INCOME_YOY":null,"ACCOUNTS_RECE_TDAYS":8.437513874188,"INVENTORY_TDAYS":35.616780995018,"CURRENT_ASSETS_TDAYS":1.314022829096,"TOTAL_ASSETS_TDAYS":0.266065459864,"PREMIUM_EXPENSE":null,"LOAN_DEPOSIT":null,"LOAN_EQUITY":null,"LOAN_ASSETS":null,"DEPOSIT_EQUITY":null,"DEPOSIT_ASSETS":null,"EQUITY_MULTIPLIER":2.387091515438,"EQUITY_RATIO":1.441973738168},{"SECUCODE":"00306.HK","SECURITY_CODE":"00306","SECURITY_NAME_ABBR":"冠忠巴士集团","ORG_CODE":"10008816","STD_REPORT_DATE":"2022-06-30 00:00:00","REPORT_DATE":"2022-09-30 00:00:00","DATE_TYPE_CODE":"002","REPORT_TYPE":"2022年中报","PER_NETCASH_OPERATE":0.195450478864,"PER_OI":1.163147744076,"BPS":3.788516686555,"BASIC_EPS":-0.08094738,"DILUTED_EPS":-0.08094738,"OPERATE_INCOME":554561908.2,"OPERATE_INCOME_YOY":14.6058406167,"GROSS_PROFIT":288516.36,"GROSS_PROFIT_YOY":-95.27641531234,"HOLDER_PROFIT":-38602403.64,"HOLDER_PROFIT_YOY":55.3602058319,"GROSS_PROFIT_RATIO":0.052025996689,"EPS_TTM":-0.238033130707,"OPERATE_INCOME_QOQ":0,"NET_PROFIT_RATIO":-8.7917410769,"ROE_AVG":-2.084448973343,"GROSS_PROFIT_QOQ":0,"ROA":-0.849509309403,"HOLDER_PROFIT_QOQ":0,"ROE_YEARLY":-4.168897946685,"ROIC_YEARLY":-1.962681867438,"TOTAL_ASSETS":4463948637.36,"TOTAL_LIABILITIES":2594736158.28,"TAX_EBT":-33.123425692695,"OCF_SALES":16.803581476136,"TOTAL_PARENT_EQUITY":1806277021.68,"DEBT_ASSET_RATIO":58.1264787987,"OPERATE_PROFIT":-1431728.52,"PRETAX_PROFIT":-36624393.36,"NETCASH_OPERATE":93186262.08,"NETCASH_INVEST":-131443169.64,"NETCASH_FINANCE":-74060069.4,"END_CASH":435204770.28,"DIVI_RATIO":-0.076170069041,"DIVIDEND_RATE":1.298701298701,"CURRENT_RATIO":1.124675731964,"COMMON_ACS":600000000,"CURRENTDEBT_DEBT":33.121450932017,"ISSUED_COMMON_SHARES":476776842,"HK_COMMON_SHARES":476776842,"PER_SHARES":2000,"TOTAL_MARKET_CAP":734236336.68,"HKSK_MARKET_CAP":734236336.68,"PE_TTM":22.285377627098,"PB_TTM":0.38065758775,"REPORT_DATE_SQ":"2021-06-30 00:00:00","REPORT_TYPE_SQ":"2021年中报","OPERATE_INCOME_SQ":445697096.72,"DPS_HKD":0.02,"OPERATE_INCOME_QOQ_SQ":0,"NET_PROFIT_RATIO_SQ":-18.5780879681,"HOLDER_PROFIT_SQ":-79650532.72,"HOLDER_PROFIT_QOQ_SQ":0,"ROE_AVG_SQ":-4.475712244077,"PE_TTM_SQ":-9.764570917618,"PB_TTM_SQ":0.423940999924,"ROA_SQ":-1.87343736529,"START_DATE":"2022-04-01 00:00:00","FISCAL_YEAR":"3-31","CURRENCY":"HKD","IS_CNY_CODE":0,"DPS_HKD_LY":null,"ORG_TYPE":"一般企业","PREMIUM_INCOME":null,"PREMIUM_INCOME_YOY":null,"NET_INTEREST_INCOME":null,"NET_INTEREST_INCOME_YOY":null,"FEE_COMMISSION_INCOME":null,"FEE_COMMISSION_INCOME_YOY":null,"ACCOUNTS_RECE_TDAYS":3.656948085061,"INVENTORY_TDAYS":17.401956469269,"CURRENT_ASSETS_TDAYS":0.577608401371,"TOTAL_ASSETS_TDAYS":0.122040458426,"PREMIUM_EXPENSE":null,"LOAN_DEPOSIT":null,"LOAN_EQUITY":null,"LOAN_ASSETS":null,"DEPOSIT_EQUITY":null,"DEPOSIT_ASSETS":null,"EQUITY_MULTIPLIER":2.388144037834,"EQUITY_RATIO":1.436510638809},{"SECUCODE":"00306.HK","SECURITY_CODE":"00306","SECURITY_NAME_ABBR":"冠忠巴士集团","ORG_CODE":"10008816","STD_REPORT_DATE":"2021-12-31 00:00:00","REPORT_DATE":"2022-03-31 00:00:00","DATE_TYPE_CODE":"001","REPORT_TYPE":"2021年年报","PER_NETCASH_OPERATE":0.404864697938,"PER_OI":2.044720497373,"BPS":3.56885717115,"BASIC_EPS":-0.23843694,"DILUTED_EPS":-0.23843694,"OPERATE_INCOME":974875381.51,"OPERATE_INCOME_YOY":10.9026930128,"GROSS_PROFIT":49238850.13,"GROSS_PROFIT_YOY":178.217067624698,"HOLDER_PROFIT":-113488684.35,"HOLDER_PROFIT_YOY":-198.4261372118,"GROSS_PROFIT_RATIO":5.050784034954,"EPS_TTM":-0.112862441293,"OPERATE_INCOME_QOQ":0,"NET_PROFIT_RATIO":-11.3139958288,"ROE_AVG":-6.539536659563,"GROSS_PROFIT_QOQ":0,"ROA":-2.733195418638,"HOLDER_PROFIT_QOQ":0,"ROE_YEARLY":-6.539536659563,"ROIC_YEARLY":-3.117081858065,"TOTAL_ASSETS":4146527872.95,"TOTAL_LIABILITIES":2372709509.23,"TAX_EBT":2.030701849171,"OCF_SALES":19.800490994143,"TOTAL_PARENT_EQUITY":1701548451.61,"DEBT_ASSET_RATIO":57.2215979714,"OPERATE_PROFIT":-66792350.57,"PRETAX_PROFIT":-112583597.19,"NETCASH_OPERATE":193030112.12,"NETCASH_INVEST":-84838945.09,"NETCASH_FINANCE":-7621060.97,"END_CASH":492752644.79,"DIVI_RATIO":-0.160646888303,"DIVIDEND_RATE":1.298701298701,"CURRENT_RATIO":1.204489894767,"COMMON_ACS":600000000,"CURRENTDEBT_DEBT":29.921421864676,"ISSUED_COMMON_SHARES":476776842,"HK_COMMON_SHARES":476776842,"PER_SHARES":2000,"TOTAL_MARKET_CAP":734236336.68,"HKSK_MARKET_CAP":734236336.68,"PE_TTM":22.285377627098,"PB_TTM":0.38065758775,"REPORT_DATE_SQ":"2020-12-31 00:00:00","REPORT_TYPE_SQ":"2020年年报","OPERATE_INCOME_SQ":916072853.22,"DPS_HKD":0.02,"OPERATE_INCOME_QOQ_SQ":0,"NET_PROFIT_RATIO_SQ":-4.0358748532,"HOLDER_PROFIT_SQ":-39631335.38,"HOLDER_PROFIT_QOQ_SQ":0,"ROE_AVG_SQ":-2.159632045972,"PE_TTM_SQ":-9.764570917618,"PB_TTM_SQ":0.423940999924,"ROA_SQ":-0.906102690801,"START_DATE":"2021-04-01 00:00:00","FISCAL_YEAR":"3-31","CURRENCY":"HKD","IS_CNY_CODE":0,"DPS_HKD_LY":null,"ORG_TYPE":"一般企业","PREMIUM_INCOME":null,"PREMIUM_INCOME_YOY":null,"NET_INTEREST_INCOME":null,"NET_INTEREST_INCOME_YOY":null,"FEE_COMMISSION_INCOME":null,"FEE_COMMISSION_INCOME_YOY":null,"ACCOUNTS_RECE_TDAYS":8.040636266949,"INVENTORY_TDAYS":32.090253468854,"CURRENT_ASSETS_TDAYS":1.225053211628,"TOTAL_ASSETS_TDAYS":0.234783312693,"PREMIUM_EXPENSE":null,"LOAN_DEPOSIT":null,"LOAN_EQUITY":null,"LOAN_ASSETS":null,"DEPOSIT_EQUITY":null,"DEPOSIT_ASSETS":null,"EQUITY_MULTIPLIER":2.337628224943,"EQUITY_RATIO":1.394441343698},{"SECUCODE":"00306.HK","SECURITY_CODE":"00306","SECURITY_NAME_ABBR":"冠忠巴士集团","ORG_CODE":"10008816","STD_REPORT_DATE":"2021-06-30 00:00:00","REPORT_DATE":"2021-09-30 00:00:00","DATE_TYPE_CODE":"002","REPORT_TYPE":"2021年中报","PER_NETCASH_OPERATE":0.125637770175,"PER_OI":0.934812804352,"BPS":3.653344721219,"BASIC_EPS":-0.16702853,"DILUTED_EPS":-0.16702853,"OPERATE_INCOME":445697096.72,"OPERATE_INCOME_YOY":12.2394948287,"GROSS_PROFIT":6107995.92,"GROSS_PROFIT_YOY":116.690313880592,"HOLDER_PROFIT":-79650532.72,"HOLDER_PROFIT_YOY":-28.3244752241,"GROSS_PROFIT_RATIO":1.370436550956,"EPS_TTM":-0.083123448727,"OPERATE_INCOME_QOQ":0,"NET_PROFIT_RATIO":-18.5780879681,"ROE_AVG":-4.475712244077,"GROSS_PROFIT_QOQ":0,"ROA":-1.87343736529,"HOLDER_PROFIT_QOQ":0,"ROE_YEARLY":-8.951424488155,"ROIC_YEARLY":-4.246555325538,"TOTAL_ASSETS":4232154731.12,"TOTAL_LIABILITIES":2423799732.84,"TAX_EBT":-1.58725291797,"OCF_SALES":13.439885460513,"TOTAL_PARENT_EQUITY":1741830158.92,"DEBT_ASSET_RATIO":57.2710566326,"OPERATE_PROFIT":-62062970,"PRETAX_PROFIT":-81508256.52,"NETCASH_OPERATE":59901179.3,"NETCASH_INVEST":-13377277.48,"NETCASH_FINANCE":16800321.02,"END_CASH":464406791.26,"DIVI_RATIO":-0.2181213638,"DIVIDEND_RATE":1.298701298701,"CURRENT_RATIO":1.361005162361,"COMMON_ACS":600000000,"CURRENTDEBT_DEBT":23.861579631512,"ISSUED_COMMON_SHARES":476776842,"HK_COMMON_SHARES":476776842,"PER_SHARES":2000,"TOTAL_MARKET_CAP":734236336.68,"HKSK_MARKET_CAP":734236336.68,"PE_TTM":22.285377627098,"PB_TTM":0.38065758775,"REPORT_DATE_SQ":"2020-06-30 00:00:00","REPORT_TYPE_SQ":"2020年中报","OPERATE_INCOME_SQ":418859462.4,"DPS_HKD":0.02,"OPERATE_INCOME_QOQ_SQ":0,"NET_PROFIT_RATIO_SQ":-15.899049657,"HOLDER_PROFIT_SQ":-65471669.76,"HOLDER_PROFIT_QOQ_SQ":0,"ROE_AVG_SQ":-3.491712758965,"PE_TTM_SQ":-9.764570917618,"PB_TTM_SQ":0.423940999924,"ROA_SQ":-1.426699138299,"START_DATE":"2021-04-01 00:00:00","FISCAL_YEAR":"3-31","CURRENCY":"HKD","IS_CNY_CODE":0,"DPS_HKD_LY":null,"ORG_TYPE":"一般企业","PREMIUM_INCOME":null,"PREMIUM_INCOME_YOY":null,"NET_INTEREST_INCOME":null,"NET_INTEREST_INCOME_YOY":null,"FEE_COMMISSION_INCOME":null,"FEE_COMMISSION_INCOME_YOY":null,"ACCOUNTS_RECE_TDAYS":3.781952362607,"INVENTORY_TDAYS":14.493119833008,"CURRENT_ASSETS_TDAYS":0.577474571451,"TOTAL_ASSETS_TDAYS":0.104831137481,"PREMIUM_EXPENSE":null,"LOAN_DEPOSIT":null,"LOAN_EQUITY":null,"LOAN_ASSETS":null,"DEPOSIT_EQUITY":null,"DEPOSIT_ASSETS":null,"EQUITY_MULTIPLIER":2.340334024648,"EQUITY_RATIO":1.391524724973},{"SECUCODE":"00306.HK","SECURITY_CODE":"00306","SECURITY_NAME_ABBR":"冠忠巴士集团","ORG_CODE":"10008816","STD_REPORT_DATE":"2020-12-31 00:00:00","REPORT_DATE":"2021-03-31 00:00:00","DATE_TYPE_CODE":"001","REPORT_TYPE":"2020年年报","PER_NETCASH_OPERATE":0.508956734564,"PER_OI":1.92138705684,"BPS":3.867311760079,"BASIC_EPS":-0.08282764,"DILUTED_EPS":-0.08282764,"OPERATE_INCOME":916072853.22,"OPERATE_INCOME_YOY":-55.9982608441,"GROSS_PROFIT":-62951541.94,"GROSS_PROFIT_YOY":-118.746975985826,"HOLDER_PROFIT":-39631335.38,"HOLDER_PROFIT_YOY":-332.4789291026,"GROSS_PROFIT_RATIO":-6.871892526749,"EPS_TTM":-0.085829044734,"OPERATE_INCOME_QOQ":0,"NET_PROFIT_RATIO":-4.0358748532,"ROE_AVG":-2.159632045972,"GROSS_PROFIT_QOQ":0,"ROA":-0.906102690801,"HOLDER_PROFIT_QOQ":0,"ROE_YEARLY":-2.159632045972,"ROIC_YEARLY":-1.007221488738,"TOTAL_ASSETS":4333126296.24,"TOTAL_LIABILITIES":2420066437.32,"TAX_EBT":30.995535784708,"OCF_SALES":26.489026911676,"TOTAL_PARENT_EQUITY":1843844688,"DEBT_ASSET_RATIO":55.8503554217,"OPERATE_PROFIT":-14077318.08,"PRETAX_PROFIT":-53578495.74,"NETCASH_OPERATE":242658784.62,"NETCASH_INVEST":-109735635.66,"NETCASH_FINANCE":-60244430.4,"END_CASH":406476643.3,"DIVI_RATIO":-0.211245506183,"DIVIDEND_RATE":1.298701298701,"CURRENT_RATIO":0.472698509209,"COMMON_ACS":600000000,"CURRENTDEBT_DEBT":67.088476741075,"ISSUED_COMMON_SHARES":476776842,"HK_COMMON_SHARES":476776842,"PER_SHARES":2000,"TOTAL_MARKET_CAP":734236336.68,"HKSK_MARKET_CAP":734236336.68,"PE_TTM":22.285377627098,"PB_TTM":0.38065758775,"REPORT_DATE_SQ":"2019-12-31 00:00:00","REPORT_TYPE_SQ":"2019年年报","OPERATE_INCOME_SQ":2250684316.8,"DPS_HKD":0.02,"OPERATE_INCOME_QOQ_SQ":0,"NET_PROFIT_RATIO_SQ":0.9100526781,"HOLDER_PROFIT_SQ":18429329,"HOLDER_PROFIT_QOQ_SQ":0,"ROE_AVG_SQ":0.929036703629,"PE_TTM_SQ":-9.764570917618,"PB_TTM_SQ":0.423940999924,"ROA_SQ":0.383051681781,"START_DATE":"2020-04-01 00:00:00","FISCAL_YEAR":"3-31","CURRENCY":"HKD","IS_CNY_CODE":0,"DPS_HKD_LY":null,"ORG_TYPE":"一般企业","PREMIUM_INCOME":null,"PREMIUM_INCOME_YOY":null,"NET_INTEREST_INCOME":null,"NET_INTEREST_INCOME_YOY":null,"FEE_COMMISSION_INCOME":null,"FEE_COMMISSION_INCOME_YOY":null,"ACCOUNTS_RECE_TDAYS":6.042160480751,"INVENTORY_TDAYS":34.75172879322,"CURRENT_ASSETS_TDAYS":1.20719519652,"TOTAL_ASSETS_TDAYS":0.209444387708,"PREMIUM_EXPENSE":null,"LOAN_DEPOSIT":null,"LOAN_EQUITY":null,"LOAN_ASSETS":null,"DEPOSIT_EQUITY":null,"DEPOSIT_ASSETS":null,"EQUITY_MULTIPLIER":2.265023896685,"EQUITY_RATIO":1.3125110011},{"SECUCODE":"00306.HK","SECURITY_CODE":"00306","SECURITY_NAME_ABBR":"冠忠巴士集团","ORG_CODE":"10008816","STD_REPORT_DATE":"2020-06-30 00:00:00","REPORT_DATE":"2020-09-30 00:00:00","DATE_TYPE_CODE":"002","REPORT_TYPE":"2020年中报","PER_NETCASH_OPERATE":0.287553339514,"PER_OI":0.878523085649,"BPS":3.882933073163,"BASIC_EPS":-0.137343936,"DILUTED_EPS":-0.137343936,"OPERATE_INCOME":418859462.4,"OPERATE_INCOME_YOY":-64.0001268798,"GROSS_PROFIT":-36596051.84,"GROSS_PROFIT_YOY":-121.939645346066,"HOLDER_PROFIT":-65471669.76,"HOLDER_PROFIT_YOY":-997.9664014147,"GROSS_PROFIT_RATIO":-8.737071768729,"EPS_TTM":0.038653993601,"OPERATE_INCOME_QOQ":0,"NET_PROFIT_RATIO":-15.899049657,"ROE_AVG":-3.491712758965,"GROSS_PROFIT_QOQ":0,"ROA":-1.426699138299,"HOLDER_PROFIT_QOQ":0,"ROE_YEARLY":-6.983425517931,"ROIC_YEARLY":-3.195699950418,"TOTAL_ASSETS":4588355985.92,"TOTAL_LIABILITIES":2665330867.84,"TAX_EBT":-18.10559780576,"OCF_SALES":32.731449430424,"TOTAL_PARENT_EQUITY":1851292568.32,"DEBT_ASSET_RATIO":58.0890165458,"OPERATE_PROFIT":-33770967.04,"PRETAX_PROFIT":-56385704.96,"NETCASH_OPERATE":137098773.12,"NETCASH_INVEST":-17091982.72,"NETCASH_FINANCE":20894204.16,"END_CASH":492386358.4,"DIVI_RATIO":0.469058907261,"DIVIDEND_RATE":1.298701298701,"CURRENT_RATIO":0.57899843259,"COMMON_ACS":600000000,"CURRENTDEBT_DEBT":57.35905053315,"ISSUED_COMMON_SHARES":476776842,"HK_COMMON_SHARES":476776842,"PER_SHARES":2000,"TOTAL_MARKET_CAP":734236336.68,"HKSK_MARKET_CAP":734236336.68,"PE_TTM":22.285377627098,"PB_TTM":0.38065758775,"REPORT_DATE_SQ":"2019-06-30 00:00:00","REPORT_TYPE_SQ":"2019年中报","OPERATE_INCOME_SQ":1194340616.88,"DPS_HKD":0.02,"OPERATE_INCOME_QOQ_SQ":0,"NET_PROFIT_RATIO_SQ":-0.817317278,"HOLDER_PROFIT_SQ":-6121039.86,"HOLDER_PROFIT_QOQ_SQ":0,"ROE_AVG_SQ":-0.313160276823,"PE_TTM_SQ":-9.764570917618,"PB_TTM_SQ":0.423940999924,"ROA_SQ":-0.127390089442,"START_DATE":"2020-04-01 00:00:00","FISCAL_YEAR":"3-31","CURRENCY":"HKD","IS_CNY_CODE":0,"DPS_HKD_LY":null,"ORG_TYPE":"一般企业","PREMIUM_INCOME":null,"PREMIUM_INCOME_YOY":null,"NET_INTEREST_INCOME":null,"NET_INTEREST_INCOME_YOY":null,"FEE_COMMISSION_INCOME":null,"FEE_COMMISSION_INCOME_YOY":null,"ACCOUNTS_RECE_TDAYS":2.825556685112,"INVENTORY_TDAYS":16.957305502846,"CURRENT_ASSETS_TDAYS":0.503082856112,"TOTAL_ASSETS_TDAYS":0.09127404819,"PREMIUM_EXPENSE":null,"LOAN_DEPOSIT":null,"LOAN_EQUITY":null,"LOAN_ASSETS":null,"DEPOSIT_EQUITY":null,"DEPOSIT_ASSETS":null,"EQUITY_MULTIPLIER":2.386009388429,"EQUITY_RATIO":1.439713480975}],"count":47},"success":true,"message":"ok","code":0}