{"version":"bfdc627089157d12e18b7b27544a55a3","result":{"pages":6,"data":[{"SECUCODE":"00303.HK","SECURITY_CODE":"00303","SECURITY_NAME_ABBR":"VTECH HOLDINGS","ORG_CODE":"10008813","STD_REPORT_DATE":"2024-06-30 00:00:00","REPORT_DATE":"2024-09-30 00:00:00","DATE_TYPE_CODE":"002","REPORT_TYPE":"2024年中报","PER_NETCASH_OPERATE":-0.999675979921,"PER_OI":30.175814828814,"BPS":17.361421157593,"BASIC_EPS":2.4245604,"DILUTED_EPS":2.4245604,"OPERATE_INCOME":7635963780,"OPERATE_INCOME_YOY":-4.4876851608,"GROSS_PROFIT":2407041900,"GROSS_PROFIT_YOY":2.995988617836,"HOLDER_PROFIT":612446760,"HOLDER_PROFIT_YOY":-6.6239316239,"GROSS_PROFIT_RATIO":31.522437368083,"EPS_TTM":4.674214937464,"OPERATE_INCOME_QOQ":0,"NET_PROFIT_RATIO":8.0205561164,"ROE_AVG":13.74213836478,"GROSS_PROFIT_QOQ":0,"ROA":6.477432742904,"HOLDER_PROFIT_QOQ":0,"ROE_YEARLY":27.48427672956,"ROIC_YEARLY":15.703184656156,"TOTAL_ASSETS":10064728620,"TOTAL_LIABILITIES":5671088820,"TAX_EBT":15.473887814313,"OCF_SALES":-3.312838395889,"TOTAL_PARENT_EQUITY":4393639800,"DEBT_ASSET_RATIO":56.3461672353,"OPERATE_PROFIT":730171080,"PRETAX_PROFIT":724565160,"NETCASH_OPERATE":-252967140,"NETCASH_INVEST":-118425060,"NETCASH_FINANCE":-919370880,"END_CASH":1052511480,"DIVI_RATIO":0.981723631601,"DIVIDEND_RATE":9.412729805014,"CURRENT_RATIO":1.685876381009,"COMMON_ACS":400000000,"CURRENTDEBT_DEBT":82.762881502533,"ISSUED_COMMON_SHARES":253069133,"HK_COMMON_SHARES":253069133,"PER_SHARES":100,"TOTAL_MARKET_CAP":13627772812.05,"HKSK_MARKET_CAP":13627772812.05,"PE_TTM":10.89640855767,"PB_TTM":2.797086197742,"REPORT_DATE_SQ":"2023-06-30 00:00:00","REPORT_TYPE_SQ":"2023年中报","OPERATE_INCOME_SQ":8191433820,"DPS_HKD":5.068755,"OPERATE_INCOME_QOQ_SQ":0,"NET_PROFIT_RATIO_SQ":8.2040494347,"HOLDER_PROFIT_SQ":672029280,"HOLDER_PROFIT_QOQ_SQ":0,"ROE_AVG_SQ":15.043394406943,"PE_TTM_SQ":9.333809115621,"PB_TTM_SQ":2.464964859461,"ROA_SQ":7.001795332136,"START_DATE":"2024-04-01 00:00:00","FISCAL_YEAR":"3-31","CURRENCY":"HKD","IS_CNY_CODE":0,"DPS_HKD_LY":5.068755,"ORG_TYPE":"一般企业","PREMIUM_INCOME":null,"PREMIUM_INCOME_YOY":null,"NET_INTEREST_INCOME":null,"NET_INTEREST_INCOME_YOY":null,"FEE_COMMISSION_INCOME":null,"FEE_COMMISSION_INCOME_YOY":null,"ACCOUNTS_RECE_TDAYS":2.620731120731,"INVENTORY_TDAYS":1.930160372478,"CURRENT_ASSETS_TDAYS":1.043673977588,"TOTAL_ASSETS_TDAYS":0.807603942785,"PREMIUM_EXPENSE":null,"LOAN_DEPOSIT":null,"LOAN_EQUITY":null,"LOAN_ASSETS":null,"DEPOSIT_EQUITY":null,"DEPOSIT_ASSETS":null,"EQUITY_MULTIPLIER":2.290749601278,"EQUITY_RATIO":1.290749601276},{"SECUCODE":"00303.HK","SECURITY_CODE":"00303","SECURITY_NAME_ABBR":"VTECH HOLDINGS","ORG_CODE":"10008813","STD_REPORT_DATE":"2023-12-31 00:00:00","REPORT_DATE":"2024-03-31 00:00:00","DATE_TYPE_CODE":"001","REPORT_TYPE":"2023年年报","PER_NETCASH_OPERATE":9.965673143981,"PER_OI":60.200858291219,"BPS":18.083102216974,"BASIC_EPS":4.6827,"DILUTED_EPS":4.675605,"OPERATE_INCOME":15223741500,"OPERATE_INCOME_YOY":-4.2824642013,"GROSS_PROFIT":4504615500,"GROSS_PROFIT_YOY":3.44507733919,"HOLDER_PROFIT":1182027000,"HOLDER_PROFIT_YOY":11.6621983914,"GROSS_PROFIT_RATIO":29.589411380901,"EPS_TTM":4.409571520075,"OPERATE_INCOME_QOQ":0,"NET_PROFIT_RATIO":7.7643659412,"ROE_AVG":26.037352504493,"GROSS_PROFIT_QOQ":0,"ROA":12.911225636455,"HOLDER_PROFIT_QOQ":0,"ROE_YEARLY":26.037352504493,"ROIC_YEARLY":16.173972137275,"TOTAL_ASSETS":8956018500,"TOTAL_LIABILITIES":4379743500,"TAX_EBT":12.911657083116,"OCF_SALES":16.554038309177,"TOTAL_PARENT_EQUITY":4576275000,"DEBT_ASSET_RATIO":48.9027964826,"OPERATE_PROFIT":1392039000,"PRETAX_PROFIT":1357273500,"NETCASH_OPERATE":2520144000,"NETCASH_INVEST":-385968000,"NETCASH_FINANCE":-1213954500,"END_CASH":2285299500,"DIVI_RATIO":1.040642439384,"DIVIDEND_RATE":9.775805207329,"CURRENT_RATIO":2.026627218935,"COMMON_ACS":400000000,"CURRENTDEBT_DEBT":76.65640693342,"ISSUED_COMMON_SHARES":253069133,"HK_COMMON_SHARES":253069133,"PER_SHARES":100,"TOTAL_MARKET_CAP":13121634546.05,"HKSK_MARKET_CAP":13121634546.05,"PE_TTM":10.491713718016,"PB_TTM":2.693201844994,"REPORT_DATE_SQ":"2022-12-31 00:00:00","REPORT_TYPE_SQ":"2022年年报","OPERATE_INCOME_SQ":15404289890,"DPS_HKD":5.068755,"OPERATE_INCOME_QOQ_SQ":0,"NET_PROFIT_RATIO_SQ":6.6556631128,"HOLDER_PROFIT_SQ":1025257640,"HOLDER_PROFIT_QOQ_SQ":0,"ROE_AVG_SQ":22.717929196802,"PE_TTM_SQ":8.731627882355,"PB_TTM_SQ":2.305934868528,"ROA_SQ":10.63776692453,"START_DATE":"2023-04-01 00:00:00","FISCAL_YEAR":"3-31","CURRENCY":"HKD","IS_CNY_CODE":0,"DPS_HKD_LY":4.6105,"ORG_TYPE":"一般企业","PREMIUM_INCOME":null,"PREMIUM_INCOME_YOY":null,"NET_INTEREST_INCOME":null,"NET_INTEREST_INCOME_YOY":null,"FEE_COMMISSION_INCOME":null,"FEE_COMMISSION_INCOME_YOY":null,"ACCOUNTS_RECE_TDAYS":7.058223684211,"INVENTORY_TDAYS":3.669216757741,"CURRENT_ASSETS_TDAYS":2.180811058034,"TOTAL_ASSETS_TDAYS":1.662882163754,"PREMIUM_EXPENSE":null,"LOAN_DEPOSIT":null,"LOAN_EQUITY":null,"LOAN_ASSETS":null,"DEPOSIT_EQUITY":null,"DEPOSIT_ASSETS":null,"EQUITY_MULTIPLIER":1.957054263565,"EQUITY_RATIO":0.957054263566},{"SECUCODE":"00303.HK","SECURITY_CODE":"00303","SECURITY_NAME_ABBR":"VTECH HOLDINGS","ORG_CODE":"10008813","STD_REPORT_DATE":"2023-06-30 00:00:00","REPORT_DATE":"2023-09-30 00:00:00","DATE_TYPE_CODE":"002","REPORT_TYPE":"2023年中报","PER_NETCASH_OPERATE":1.54451641578,"PER_OI":32.392256962569,"BPS":17.297739981588,"BASIC_EPS":2.656526,"DILUTED_EPS":2.656526,"OPERATE_INCOME":8191433820,"OPERATE_INCOME_YOY":-2.0518543956,"GROSS_PROFIT":2337024900,"GROSS_PROFIT_YOY":-0.070519444582,"HOLDER_PROFIT":672029280,"HOLDER_PROFIT_YOY":14.1463414634,"GROSS_PROFIT_RATIO":28.530107809624,"EPS_TTM":4.054285202992,"OPERATE_INCOME_QOQ":0,"NET_PROFIT_RATIO":8.2040494347,"ROE_AVG":15.043394406943,"GROSS_PROFIT_QOQ":0,"ROA":7.001795332136,"HOLDER_PROFIT_QOQ":0,"ROE_YEARLY":30.086788813886,"ROIC_YEARLY":15.82016394828,"TOTAL_ASSETS":9730064960,"TOTAL_LIABILITIES":5352540900,"TAX_EBT":12.767940354147,"OCF_SALES":4.76816548339,"TOTAL_PARENT_EQUITY":4377524060,"DEBT_ASSET_RATIO":55.0103305785,"OPERATE_PROFIT":791931940,"PRETAX_PROFIT":770392540,"NETCASH_OPERATE":390581120,"NETCASH_INVEST":-129954380,"NETCASH_FINANCE":-841472560,"END_CASH":779008300,"DIVI_RATIO":1.131836324663,"DIVIDEND_RATE":9.775805207329,"CURRENT_RATIO":1.791125358529,"COMMON_ACS":400000000,"CURRENTDEBT_DEBT":79.503688799463,"ISSUED_COMMON_SHARES":253069133,"HK_COMMON_SHARES":253069133,"PER_SHARES":100,"TOTAL_MARKET_CAP":13121634546.05,"HKSK_MARKET_CAP":13121634546.05,"PE_TTM":10.491713718016,"PB_TTM":2.693201844994,"REPORT_DATE_SQ":"2022-06-30 00:00:00","REPORT_TYPE_SQ":"2022年中报","OPERATE_INCOME_SQ":8269847040,"DPS_HKD":5.068755,"OPERATE_INCOME_QOQ_SQ":0,"NET_PROFIT_RATIO_SQ":7.0398351648,"HOLDER_PROFIT_SQ":582183600,"HOLDER_PROFIT_QOQ_SQ":0,"ROE_AVG_SQ":12.974683544304,"PE_TTM_SQ":8.731627882355,"PB_TTM_SQ":2.305934868528,"ROA_SQ":5.405405405405,"START_DATE":"2023-04-01 00:00:00","FISCAL_YEAR":"3-31","CURRENCY":"HKD","IS_CNY_CODE":0,"DPS_HKD_LY":4.6105,"ORG_TYPE":"一般企业","PREMIUM_INCOME":null,"PREMIUM_INCOME_YOY":null,"NET_INTEREST_INCOME":null,"NET_INTEREST_INCOME_YOY":null,"FEE_COMMISSION_INCOME":null,"FEE_COMMISSION_INCOME_YOY":null,"ACCOUNTS_RECE_TDAYS":2.71287599572,"INVENTORY_TDAYS":1.797024793388,"CURRENT_ASSETS_TDAYS":1.102105873261,"TOTAL_ASSETS_TDAYS":0.853456014363,"PREMIUM_EXPENSE":null,"LOAN_DEPOSIT":null,"LOAN_EQUITY":null,"LOAN_ASSETS":null,"DEPOSIT_EQUITY":null,"DEPOSIT_ASSETS":null,"EQUITY_MULTIPLIER":2.222732491389,"EQUITY_RATIO":1.222732491389},{"SECUCODE":"00303.HK","SECURITY_CODE":"00303","SECURITY_NAME_ABBR":"VTECH HOLDINGS","ORG_CODE":"10008813","STD_REPORT_DATE":"2022-12-31 00:00:00","REPORT_DATE":"2023-03-31 00:00:00","DATE_TYPE_CODE":"001","REPORT_TYPE":"2022年年报","PER_NETCASH_OPERATE":6.493652341327,"PER_OI":60.958209604492,"BPS":17.234294590957,"BASIC_EPS":4.0611747,"DILUTED_EPS":4.0611747,"OPERATE_INCOME":15404289890,"OPERATE_INCOME_YOY":-5.433452858,"GROSS_PROFIT":4354596290,"GROSS_PROFIT_YOY":2.519450001634,"HOLDER_PROFIT":1025257640,"HOLDER_PROFIT_YOY":-13.6074116966,"GROSS_PROFIT_RATIO":28.26872462863,"EPS_TTM":4.668693973093,"OPERATE_INCOME_QOQ":0,"NET_PROFIT_RATIO":6.6556631128,"ROE_AVG":22.717929196802,"GROSS_PROFIT_QOQ":0,"ROA":10.63776692453,"HOLDER_PROFIT_QOQ":0,"ROE_YEARLY":22.717929196802,"ROIC_YEARLY":12.377633980421,"TOTAL_ASSETS":9059649280,"TOTAL_LIABILITIES":4698181290,"TAX_EBT":11.454005934718,"OCF_SALES":10.652629700674,"TOTAL_PARENT_EQUITY":4361467990,"DEBT_ASSET_RATIO":51.8583131068,"OPERATE_PROFIT":1240341850,"PRETAX_PROFIT":1157881450,"NETCASH_OPERATE":1640961960,"NETCASH_INVEST":-188971750,"NETCASH_FINANCE":-1313869040,"END_CASH":1364032450,"DIVI_RATIO":0.982884568947,"DIVIDEND_RATE":9.775805207329,"CURRENT_RATIO":1.950502706883,"COMMON_ACS":400000000,"CURRENTDEBT_DEBT":75.647213690215,"ISSUED_COMMON_SHARES":253069133,"HK_COMMON_SHARES":253069133,"PER_SHARES":100,"TOTAL_MARKET_CAP":13121634546.05,"HKSK_MARKET_CAP":13121634546.05,"PE_TTM":10.491713718016,"PB_TTM":2.693201844994,"REPORT_DATE_SQ":"2021-12-31 00:00:00","REPORT_TYPE_SQ":"2021年年报","OPERATE_INCOME_SQ":15048408100,"DPS_HKD":5.068755,"OPERATE_INCOME_QOQ_SQ":0,"NET_PROFIT_RATIO_SQ":7.2853828306,"HOLDER_PROFIT_SQ":1096334140,"HOLDER_PROFIT_QOQ_SQ":0,"ROE_AVG_SQ":24.498191361089,"PE_TTM_SQ":8.731627882355,"PB_TTM_SQ":2.305934868528,"ROA_SQ":11.77914947311,"START_DATE":"2022-04-01 00:00:00","FISCAL_YEAR":"3-31","CURRENCY":"HKD","IS_CNY_CODE":0,"DPS_HKD_LY":5.3248165,"ORG_TYPE":"一般企业","PREMIUM_INCOME":null,"PREMIUM_INCOME_YOY":null,"NET_INTEREST_INCOME":null,"NET_INTEREST_INCOME_YOY":null,"FEE_COMMISSION_INCOME":null,"FEE_COMMISSION_INCOME_YOY":null,"ACCOUNTS_RECE_TDAYS":6.912426765341,"INVENTORY_TDAYS":3.125972006221,"CURRENT_ASSETS_TDAYS":2.084332868433,"TOTAL_ASSETS_TDAYS":1.598303090799,"PREMIUM_EXPENSE":null,"LOAN_DEPOSIT":null,"LOAN_EQUITY":null,"LOAN_ASSETS":null,"DEPOSIT_EQUITY":null,"DEPOSIT_ASSETS":null,"EQUITY_MULTIPLIER":2.077201827635,"EQUITY_RATIO":1.077201827635},{"SECUCODE":"00303.HK","SECURITY_CODE":"00303","SECURITY_NAME_ABBR":"VTECH HOLDINGS","ORG_CODE":"10008813","STD_REPORT_DATE":"2022-06-30 00:00:00","REPORT_DATE":"2022-09-30 00:00:00","DATE_TYPE_CODE":"002","REPORT_TYPE":"2022年中报","PER_NETCASH_OPERATE":0.106762867918,"PER_OI":32.725628565888,"BPS":16.417659912716,"BASIC_EPS":2.307435,"DILUTED_EPS":2.307435,"OPERATE_INCOME":8269847040,"OPERATE_INCOME_YOY":4.4851094367,"GROSS_PROFIT":2338674120,"GROSS_PROFIT_YOY":18.270250903301,"HOLDER_PROFIT":582183600,"HOLDER_PROFIT_YOY":6.6319895969,"GROSS_PROFIT_RATIO":28.279532967033,"EPS_TTM":4.34055706415,"OPERATE_INCOME_QOQ":0,"NET_PROFIT_RATIO":7.0398351648,"ROE_AVG":12.974683544304,"GROSS_PROFIT_QOQ":0,"ROA":5.405405405405,"HOLDER_PROFIT_QOQ":0,"ROE_YEARLY":25.949367088608,"ROIC_YEARLY":11.993125891257,"TOTAL_ASSETS":10985520540,"TOTAL_LIABILITIES":6830717580,"TAX_EBT":12.111468381565,"OCF_SALES":0.326236263736,"TOTAL_PARENT_EQUITY":4154802960,"DEBT_ASSET_RATIO":62.1792800362,"OPERATE_PROFIT":702880200,"PRETAX_PROFIT":662411340,"NETCASH_OPERATE":26979240,"NETCASH_INVEST":-110756880,"NETCASH_FINANCE":-318781020,"END_CASH":733409340,"DIVI_RATIO":1.057188557937,"DIVIDEND_RATE":9.775805207329,"CURRENT_RATIO":1.545557513214,"COMMON_ACS":400000000,"CURRENTDEBT_DEBT":82.590167342272,"ISSUED_COMMON_SHARES":253069133,"HK_COMMON_SHARES":253069133,"PER_SHARES":100,"TOTAL_MARKET_CAP":13121634546.05,"HKSK_MARKET_CAP":13121634546.05,"PE_TTM":10.491713718016,"PB_TTM":2.693201844994,"REPORT_DATE_SQ":"2021-06-30 00:00:00","REPORT_TYPE_SQ":"2021年中报","OPERATE_INCOME_SQ":7229923920,"DPS_HKD":5.068755,"OPERATE_INCOME_QOQ_SQ":0,"NET_PROFIT_RATIO_SQ":6.8980983136,"HOLDER_PROFIT_SQ":498727260,"HOLDER_PROFIT_QOQ_SQ":0,"ROE_AVG_SQ":11.312982714233,"PE_TTM_SQ":8.731627882355,"PB_TTM_SQ":2.305934868528,"ROA_SQ":5.052396439013,"START_DATE":"2022-04-01 00:00:00","FISCAL_YEAR":"3-31","CURRENCY":"HKD","IS_CNY_CODE":0,"DPS_HKD_LY":5.3248165,"ORG_TYPE":"一般企业","PREMIUM_INCOME":null,"PREMIUM_INCOME_YOY":null,"NET_INTEREST_INCOME":null,"NET_INTEREST_INCOME_YOY":null,"FEE_COMMISSION_INCOME":null,"FEE_COMMISSION_INCOME_YOY":null,"ACCOUNTS_RECE_TDAYS":null,"INVENTORY_TDAYS":1.487403187038,"CURRENT_ASSETS_TDAYS":0.982829177741,"TOTAL_ASSETS_TDAYS":0.76783124588,"PREMIUM_EXPENSE":null,"LOAN_DEPOSIT":null,"LOAN_EQUITY":null,"LOAN_ASSETS":null,"DEPOSIT_EQUITY":null,"DEPOSIT_ASSETS":null,"EQUITY_MULTIPLIER":2.644053315107,"EQUITY_RATIO":1.644053315106},{"SECUCODE":"00303.HK","SECURITY_CODE":"00303","SECURITY_NAME_ABBR":"VTECH HOLDINGS","ORG_CODE":"10008813","STD_REPORT_DATE":"2021-12-31 00:00:00","REPORT_DATE":"2022-03-31 00:00:00","DATE_TYPE_CODE":"001","REPORT_TYPE":"2021年年报","PER_NETCASH_OPERATE":3.511418354861,"PER_OI":59.626197780781,"BPS":17.027592851476,"BASIC_EPS":4.348517,"DILUTED_EPS":4.348517,"OPERATE_INCOME":15048408100,"OPERATE_INCOME_YOY":-0.0758757324,"GROSS_PROFIT":4247580620,"GROSS_PROFIT_YOY":-11.03996551763,"HOLDER_PROFIT":1096334140,"HOLDER_PROFIT_YOY":-25.2057167605,"GROSS_PROFIT_RATIO":28.226112634465,"EPS_TTM":4.652968159614,"OPERATE_INCOME_QOQ":0,"NET_PROFIT_RATIO":7.2853828306,"ROE_AVG":24.498191361089,"GROSS_PROFIT_QOQ":0,"ROA":11.77914947311,"HOLDER_PROFIT_QOQ":0,"ROE_YEARLY":24.498191361089,"ROIC_YEARLY":14.435574873574,"TOTAL_ASSETS":9437868940,"TOTAL_LIABILITIES":5128710780,"TAX_EBT":11.25385405961,"OCF_SALES":5.889052942417,"TOTAL_PARENT_EQUITY":4309158160,"DEBT_ASSET_RATIO":54.3418309007,"OPERATE_PROFIT":1293763160,"PRETAX_PROFIT":1235359720,"NETCASH_OPERATE":886208720,"NETCASH_INVEST":-203142400,"NETCASH_FINANCE":-1585780360,"END_CASH":1242977560,"DIVI_RATIO":0.986206461312,"DIVIDEND_RATE":9.775805207329,"CURRENT_RATIO":1.818789808917,"COMMON_ACS":400000000,"CURRENTDEBT_DEBT":77.732392622849,"ISSUED_COMMON_SHARES":253069133,"HK_COMMON_SHARES":253069133,"PER_SHARES":100,"TOTAL_MARKET_CAP":13121634546.05,"HKSK_MARKET_CAP":13121634546.05,"PE_TTM":10.491713718016,"PB_TTM":2.693201844994,"REPORT_DATE_SQ":"2020-12-31 00:00:00","REPORT_TYPE_SQ":"2020年年报","OPERATE_INCOME_SQ":15589094990,"DPS_HKD":5.068755,"OPERATE_INCOME_QOQ_SQ":0,"NET_PROFIT_RATIO_SQ":9.733170341,"HOLDER_PROFIT_SQ":1517313170,"HOLDER_PROFIT_QOQ_SQ":0,"ROE_AVG_SQ":34.654059732853,"PE_TTM_SQ":8.731627882355,"PB_TTM_SQ":2.305934868528,"ROA_SQ":17.485800833018,"START_DATE":"2021-04-01 00:00:00","FISCAL_YEAR":"3-31","CURRENCY":"HKD","IS_CNY_CODE":0,"DPS_HKD_LY":7.073462,"ORG_TYPE":"一般企业","PREMIUM_INCOME":null,"PREMIUM_INCOME_YOY":null,"NET_INTEREST_INCOME":null,"NET_INTEREST_INCOME_YOY":null,"FEE_COMMISSION_INCOME":null,"FEE_COMMISSION_INCOME_YOY":null,"ACCOUNTS_RECE_TDAYS":null,"INVENTORY_TDAYS":3.517833143802,"CURRENT_ASSETS_TDAYS":2.133183352081,"TOTAL_ASSETS_TDAYS":1.616819561436,"PREMIUM_EXPENSE":null,"LOAN_DEPOSIT":null,"LOAN_EQUITY":null,"LOAN_ASSETS":null,"DEPOSIT_EQUITY":null,"DEPOSIT_ASSETS":null,"EQUITY_MULTIPLIER":2.190188568064,"EQUITY_RATIO":1.190188568061},{"SECUCODE":"00303.HK","SECURITY_CODE":"00303","SECURITY_NAME_ABBR":"VTECH HOLDINGS","ORG_CODE":"10008813","STD_REPORT_DATE":"2021-06-30 00:00:00","REPORT_DATE":"2021-09-30 00:00:00","DATE_TYPE_CODE":"002","REPORT_TYPE":"2021年中报","PER_NETCASH_OPERATE":-2.659645003218,"PER_OI":28.647074875243,"BPS":16.104000166626,"BASIC_EPS":1.978047,"DILUTED_EPS":1.978047,"OPERATE_INCOME":7229923920,"OPERATE_INCOME_YOY":-0.7831968672,"GROSS_PROFIT":1977398460,"GROSS_PROFIT_YOY":-18.665933532486,"HOLDER_PROFIT":498727260,"HOLDER_PROFIT_YOY":-37.783171521,"GROSS_PROFIT_RATIO":27.350197344815,"EPS_TTM":6.01203891924,"OPERATE_INCOME_QOQ":0,"NET_PROFIT_RATIO":6.8980983136,"ROE_AVG":11.312982714233,"GROSS_PROFIT_QOQ":0,"ROA":5.052396439013,"HOLDER_PROFIT_QOQ":0,"ROE_YEARLY":22.625965428466,"ROIC_YEARLY":11.615875533401,"TOTAL_ASSETS":10366911900,"TOTAL_LIABILITIES":6291486540,"TAX_EBT":10.892236384705,"OCF_SALES":-9.284176533907,"TOTAL_PARENT_EQUITY":4075425360,"DEBT_ASSET_RATIO":60.6881451361,"OPERATE_PROFIT":588874320,"PRETAX_PROFIT":559690020,"NETCASH_OPERATE":-671238900,"NETCASH_INVEST":-92741220,"NETCASH_FINANCE":-1106409240,"END_CASH":338537880,"DIVI_RATIO":0.76326639347,"DIVIDEND_RATE":9.775805207329,"CURRENT_RATIO":1.586006957866,"COMMON_ACS":400000000,"CURRENTDEBT_DEBT":80.00206164313,"ISSUED_COMMON_SHARES":253069133,"HK_COMMON_SHARES":253069133,"PER_SHARES":100,"TOTAL_MARKET_CAP":13121634546.05,"HKSK_MARKET_CAP":13121634546.05,"PE_TTM":10.491713718016,"PB_TTM":2.693201844994,"REPORT_DATE_SQ":"2020-06-30 00:00:00","REPORT_TYPE_SQ":"2020年中报","OPERATE_INCOME_SQ":7651828360,"DPS_HKD":5.068755,"OPERATE_INCOME_QOQ_SQ":0,"NET_PROFIT_RATIO_SQ":11.0003559986,"HOLDER_PROFIT_SQ":841728360,"HOLDER_PROFIT_QOQ_SQ":0,"ROE_AVG_SQ":19.766512074204,"PE_TTM_SQ":8.731627882355,"PB_TTM_SQ":2.305934868528,"ROA_SQ":9.297427410862,"START_DATE":"2021-04-01 00:00:00","FISCAL_YEAR":"3-31","CURRENCY":"HKD","IS_CNY_CODE":0,"DPS_HKD_LY":7.073462,"ORG_TYPE":"一般企业","PREMIUM_INCOME":null,"PREMIUM_INCOME_YOY":null,"NET_INTEREST_INCOME":null,"NET_INTEREST_INCOME_YOY":null,"FEE_COMMISSION_INCOME":null,"FEE_COMMISSION_INCOME_YOY":null,"ACCOUNTS_RECE_TDAYS":null,"INVENTORY_TDAYS":1.598381685415,"CURRENT_ASSETS_TDAYS":0.964693665628,"TOTAL_ASSETS_TDAYS":0.732433231497,"PREMIUM_EXPENSE":null,"LOAN_DEPOSIT":null,"LOAN_EQUITY":null,"LOAN_ASSETS":null,"DEPOSIT_EQUITY":null,"DEPOSIT_ASSETS":null,"EQUITY_MULTIPLIER":2.543761935075,"EQUITY_RATIO":1.543761935073},{"SECUCODE":"00303.HK","SECURITY_CODE":"00303","SECURITY_NAME_ABBR":"VTECH HOLDINGS","ORG_CODE":"10008813","STD_REPORT_DATE":"2020-12-31 00:00:00","REPORT_DATE":"2021-03-31 00:00:00","DATE_TYPE_CODE":"001","REPORT_TYPE":"2020年年报","PER_NETCASH_OPERATE":7.305523832504,"PER_OI":61.829804451832,"BPS":18.984051405432,"BASIC_EPS":6.0193108,"DILUTED_EPS":6.0193108,"OPERATE_INCOME":15589094990,"OPERATE_INCOME_YOY":9.5497575618,"GROSS_PROFIT":4774706580,"GROSS_PROFIT_YOY":1.553366853491,"HOLDER_PROFIT":1517313170,"HOLDER_PROFIT_YOY":21.0802307289,"GROSS_PROFIT_RATIO":30.628503983476,"EPS_TTM":5.387139176812,"OPERATE_INCOME_QOQ":0,"NET_PROFIT_RATIO":9.733170341,"ROE_AVG":34.654059732853,"GROSS_PROFIT_QOQ":0,"ROA":17.485800833018,"HOLDER_PROFIT_QOQ":0,"ROE_YEARLY":34.654059732853,"ROIC_YEARLY":22.475300530491,"TOTAL_ASSETS":9499471280,"TOTAL_LIABILITIES":4695193850,"TAX_EBT":10.952564596992,"OCF_SALES":11.815537663871,"TOTAL_PARENT_EQUITY":4804277430,"DEBT_ASSET_RATIO":49.4258439402,"OPERATE_PROFIT":1749280060,"PRETAX_PROFIT":1703938090,"NETCASH_OPERATE":1841935390,"NETCASH_INVEST":-314108140,"NETCASH_FINANCE":-1023151410,"END_CASH":2259212940,"DIVI_RATIO":0.85180410468,"DIVIDEND_RATE":9.775805207329,"CURRENT_RATIO":2.065583173996,"COMMON_ACS":400000000,"CURRENTDEBT_DEBT":73.198040587824,"ISSUED_COMMON_SHARES":253069133,"HK_COMMON_SHARES":253069133,"PER_SHARES":100,"TOTAL_MARKET_CAP":13121634546.05,"HKSK_MARKET_CAP":13121634546.05,"PE_TTM":10.491713718016,"PB_TTM":2.693201844994,"REPORT_DATE_SQ":"2019-12-31 00:00:00","REPORT_TYPE_SQ":"2019年年报","OPERATE_INCOME_SQ":15342784050,"DPS_HKD":5.068755,"OPERATE_INCOME_QOQ_SQ":0,"NET_PROFIT_RATIO_SQ":8.8062803048,"HOLDER_PROFIT_SQ":1351128570,"HOLDER_PROFIT_QOQ_SQ":0,"ROE_AVG_SQ":31.559784857261,"PE_TTM_SQ":8.731627882355,"PB_TTM_SQ":2.305934868528,"ROA_SQ":16.711212373483,"START_DATE":"2020-04-01 00:00:00","FISCAL_YEAR":"3-31","CURRENCY":"HKD","IS_CNY_CODE":0,"DPS_HKD_LY":4.107969,"ORG_TYPE":"一般企业","PREMIUM_INCOME":null,"PREMIUM_INCOME_YOY":null,"NET_INTEREST_INCOME":null,"NET_INTEREST_INCOME_YOY":null,"FEE_COMMISSION_INCOME":null,"FEE_COMMISSION_INCOME_YOY":null,"ACCOUNTS_RECE_TDAYS":8.028087986464,"INVENTORY_TDAYS":4.184337655734,"CURRENT_ASSETS_TDAYS":2.408304146998,"TOTAL_ASSETS_TDAYS":1.796516471034,"PREMIUM_EXPENSE":null,"LOAN_DEPOSIT":null,"LOAN_EQUITY":null,"LOAN_ASSETS":null,"DEPOSIT_EQUITY":null,"DEPOSIT_ASSETS":null,"EQUITY_MULTIPLIER":1.977294487757,"EQUITY_RATIO":0.977294487758},{"SECUCODE":"00303.HK","SECURITY_CODE":"00303","SECURITY_NAME_ABBR":"VTECH HOLDINGS","ORG_CODE":"10008813","STD_REPORT_DATE":"2020-06-30 00:00:00","REPORT_DATE":"2020-09-30 00:00:00","DATE_TYPE_CODE":"002","REPORT_TYPE":"2020年中报","PER_NETCASH_OPERATE":0.099938351829,"PER_OI":30.348846517471,"BPS":17.467305702588,"BASIC_EPS":3.336949,"DILUTED_EPS":3.336949,"OPERATE_INCOME":7651828360,"OPERATE_INCOME_YOY":-0.0444800285,"GROSS_PROFIT":2431205700,"GROSS_PROFIT_YOY":-0.308775539748,"HOLDER_PROFIT":841728360,"HOLDER_PROFIT_YOY":4.7457627119,"GROSS_PROFIT_RATIO":31.772872908508,"EPS_TTM":5.358875247471,"OPERATE_INCOME_QOQ":0,"NET_PROFIT_RATIO":11.0003559986,"ROE_AVG":19.766512074204,"GROSS_PROFIT_QOQ":0,"ROA":9.297427410862,"HOLDER_PROFIT_QOQ":0,"ROE_YEARLY":39.533024148409,"ROIC_YEARLY":21.691821691822,"TOTAL_ASSETS":9965900340,"TOTAL_LIABILITIES":5545464430,"TAX_EBT":11.27063890883,"OCF_SALES":0.329298682805,"TOTAL_PARENT_EQUITY":4420435910,"DEBT_ASSET_RATIO":55.6443897772,"OPERATE_PROFIT":971120260,"PRETAX_PROFIT":948646930,"NETCASH_OPERATE":25197370,"NETCASH_INVEST":-166847450,"NETCASH_FINANCE":-684415050,"END_CASH":933664710,"DIVI_RATIO":0.856296713654,"DIVIDEND_RATE":9.775805207329,"CURRENT_RATIO":1.734583645911,"COMMON_ACS":400000000,"CURRENTDEBT_DEBT":81.849441237873,"ISSUED_COMMON_SHARES":253069133,"HK_COMMON_SHARES":253069133,"PER_SHARES":100,"TOTAL_MARKET_CAP":13121634546.05,"HKSK_MARKET_CAP":13121634546.05,"PE_TTM":10.491713718016,"PB_TTM":2.693201844994,"REPORT_DATE_SQ":"2019-06-30 00:00:00","REPORT_TYPE_SQ":"2019年中报","OPERATE_INCOME_SQ":7950646890,"DPS_HKD":5.068755,"OPERATE_INCOME_QOQ_SQ":0,"NET_PROFIT_RATIO_SQ":10.4972867183,"HOLDER_PROFIT_SQ":834602200,"HOLDER_PROFIT_QOQ_SQ":0,"ROE_AVG_SQ":20.079979579682,"PE_TTM_SQ":8.731627882355,"PB_TTM_SQ":2.305934868528,"ROA_SQ":9.522272433828,"START_DATE":"2020-04-01 00:00:00","FISCAL_YEAR":"3-31","CURRENCY":"HKD","IS_CNY_CODE":0,"DPS_HKD_LY":4.107969,"ORG_TYPE":"一般企业","PREMIUM_INCOME":null,"PREMIUM_INCOME_YOY":null,"NET_INTEREST_INCOME":null,"NET_INTEREST_INCOME_YOY":null,"FEE_COMMISSION_INCOME":null,"FEE_COMMISSION_INCOME_YOY":null,"ACCOUNTS_RECE_TDAYS":2.637249149161,"INVENTORY_TDAYS":1.895882280203,"CURRENT_ASSETS_TDAYS":1.098391905763,"TOTAL_ASSETS_TDAYS":0.845193320295,"PREMIUM_EXPENSE":null,"LOAN_DEPOSIT":null,"LOAN_EQUITY":null,"LOAN_ASSETS":null,"DEPOSIT_EQUITY":null,"DEPOSIT_ASSETS":null,"EQUITY_MULTIPLIER":2.254506239407,"EQUITY_RATIO":1.254506239408}],"count":48},"success":true,"message":"ok","code":0}