{"version":"4eda2c81eed177198398b4809ea35c41","result":{"pages":6,"data":[{"SECUCODE":"00309.HK","SECURITY_CODE":"00309","SECURITY_NAME_ABBR":"新华通讯频媒","ORG_CODE":"10008818","STD_REPORT_DATE":"2024-06-30 00:00:00","REPORT_DATE":"2024-09-30 00:00:00","DATE_TYPE_CODE":"002","REPORT_TYPE":"2024年中报","PER_NETCASH_OPERATE":-0.005653379159,"PER_OI":0.083734549556,"BPS":0.041532209559,"BASIC_EPS":-0.001623222,"DILUTED_EPS":-0.001623222,"OPERATE_INCOME":161697259.53,"OPERATE_INCOME_YOY":17.1719085925,"GROSS_PROFIT":161697259.53,"GROSS_PROFIT_YOY":15.149303585999,"HOLDER_PROFIT":-3200452.71,"HOLDER_PROFIT_YOY":56.7827569411,"GROSS_PROFIT_RATIO":null,"EPS_TTM":-0.006291633335,"OPERATE_INCOME_QOQ":0,"NET_PROFIT_RATIO":-2.0785580039,"ROE_AVG":-3.911476530039,"GROSS_PROFIT_QOQ":0,"ROA":-2.18166394138,"HOLDER_PROFIT_QOQ":0,"ROE_YEARLY":-7.822953060077,"ROIC_YEARLY":-6.69436336114,"TOTAL_ASSETS":147542763.69,"TOTAL_LIABILITIES":68205083.07,"TAX_EBT":null,"OCF_SALES":-6.75154901928,"TOTAL_PARENT_EQUITY":80201595.44,"DEBT_ASSET_RATIO":46.2273319031,"OPERATE_PROFIT":-3154461.42,"PRETAX_PROFIT":-3360971.33,"NETCASH_OPERATE":-10917069.74,"NETCASH_INVEST":-2082233.11,"NETCASH_FINANCE":855798.71,"END_CASH":44858641.76,"DIVI_RATIO":null,"DIVIDEND_RATE":null,"CURRENT_RATIO":2.036334954996,"COMMON_ACS":4000000000,"CURRENTDEBT_DEBT":99.740853860088,"ISSUED_COMMON_SHARES":1931069796,"HK_COMMON_SHARES":1931069796,"PER_SHARES":1000,"TOTAL_MARKET_CAP":69518512.656,"HKSK_MARKET_CAP":69518512.656,"PE_TTM":-7.954973412976,"PB_TTM":0.781668982819,"REPORT_DATE_SQ":"2023-06-30 00:00:00","REPORT_TYPE_SQ":"2023年中报","OPERATE_INCOME_SQ":140424001.27,"DPS_HKD":null,"OPERATE_INCOME_QOQ_SQ":0,"NET_PROFIT_RATIO_SQ":-5.4780466448,"HOLDER_PROFIT_SQ":-7535577.56,"HOLDER_PROFIT_QOQ_SQ":0,"ROE_AVG_SQ":-8.058169543416,"PE_TTM_SQ":-4.476613729136,"PB_TTM_SQ":0.751019898555,"ROA_SQ":-4.752603601492,"START_DATE":"2024-04-01 00:00:00","FISCAL_YEAR":"3-31","CURRENCY":"HKD","IS_CNY_CODE":0,"DPS_HKD_LY":null,"ORG_TYPE":"一般企业","PREMIUM_INCOME":null,"PREMIUM_INCOME_YOY":null,"NET_INTEREST_INCOME":null,"NET_INTEREST_INCOME_YOY":null,"FEE_COMMISSION_INCOME":null,"FEE_COMMISSION_INCOME_YOY":null,"ACCOUNTS_RECE_TDAYS":2.666195800868,"INVENTORY_TDAYS":null,"CURRENT_ASSETS_TDAYS":1.193589615577,"TOTAL_ASSETS_TDAYS":1.102247439665,"PREMIUM_EXPENSE":null,"LOAN_DEPOSIT":null,"LOAN_EQUITY":null,"LOAN_ASSETS":null,"DEPOSIT_EQUITY":null,"DEPOSIT_ASSETS":null,"EQUITY_MULTIPLIER":1.859680829298,"EQUITY_RATIO":0.850420527121},{"SECUCODE":"00309.HK","SECURITY_CODE":"00309","SECURITY_NAME_ABBR":"新华通讯频媒","ORG_CODE":"10008818","STD_REPORT_DATE":"2023-12-31 00:00:00","REPORT_DATE":"2024-03-31 00:00:00","DATE_TYPE_CODE":"001","REPORT_TYPE":"2023年年报","PER_NETCASH_OPERATE":-0.006699589563,"PER_OI":0.151279934006,"BPS":0.043438653369,"BASIC_EPS":-0.006255195,"DILUTED_EPS":-0.006255195,"OPERATE_INCOME":292132111.3,"OPERATE_INCOME_YOY":17.7717921636,"GROSS_PROFIT":292132111.3,"GROSS_PROFIT_YOY":21.961158983644,"HOLDER_PROFIT":-12149583.1,"HOLDER_PROFIT_YOY":24.158225341,"GROSS_PROFIT_RATIO":null,"EPS_TTM":-0.007467833457,"OPERATE_INCOME_QOQ":0,"NET_PROFIT_RATIO":-4.2554445982,"ROE_AVG":-13.493757551349,"GROSS_PROFIT_QOQ":0,"ROA":-7.941125931017,"HOLDER_PROFIT_QOQ":0,"ROE_YEARLY":-13.493757551349,"ROIC_YEARLY":-13.180955378306,"TOTAL_ASSETS":146622677.35,"TOTAL_LIABILITIES":63443995.2,"TAX_EBT":null,"OCF_SALES":-4.428604234032,"TOTAL_PARENT_EQUITY":83883071.5,"DEBT_ASSET_RATIO":43.2702473769,"OPERATE_PROFIT":-11922945.6,"PRETAX_PROFIT":-12431520.15,"NETCASH_OPERATE":-12937375.05,"NETCASH_INVEST":8366549.95,"NETCASH_FINANCE":-1616378.65,"END_CASH":57358325.05,"DIVI_RATIO":null,"DIVIDEND_RATE":null,"CURRENT_RATIO":2.147024418775,"COMMON_ACS":4000000000,"CURRENTDEBT_DEBT":97.722336534065,"ISSUED_COMMON_SHARES":1931069796,"HK_COMMON_SHARES":1931069796,"PER_SHARES":1000,"TOTAL_MARKET_CAP":75311722.044,"HKSK_MARKET_CAP":75311722.044,"PE_TTM":-8.617887864058,"PB_TTM":0.846808064721,"REPORT_DATE_SQ":"2022-12-31 00:00:00","REPORT_TYPE_SQ":"2022年年报","OPERATE_INCOME_SQ":239528808.79,"DPS_HKD":null,"OPERATE_INCOME_QOQ_SQ":0,"NET_PROFIT_RATIO_SQ":-6.5755667552,"HOLDER_PROFIT_SQ":-15469370.11,"HOLDER_PROFIT_QOQ_SQ":0,"ROE_AVG_SQ":-16.049298620856,"PE_TTM_SQ":-3.76977998243,"PB_TTM_SQ":0.632437809309,"ROA_SQ":-9.636221855045,"START_DATE":"2023-04-01 00:00:00","FISCAL_YEAR":"3-31","CURRENCY":"HKD","IS_CNY_CODE":0,"DPS_HKD_LY":null,"ORG_TYPE":"一般企业","PREMIUM_INCOME":null,"PREMIUM_INCOME_YOY":null,"NET_INTEREST_INCOME":null,"NET_INTEREST_INCOME_YOY":null,"FEE_COMMISSION_INCOME":null,"FEE_COMMISSION_INCOME_YOY":null,"ACCOUNTS_RECE_TDAYS":5.891474852369,"INVENTORY_TDAYS":null,"CURRENT_ASSETS_TDAYS":2.247292406184,"TOTAL_ASSETS_TDAYS":1.909413570188,"PREMIUM_EXPENSE":null,"LOAN_DEPOSIT":null,"LOAN_EQUITY":null,"LOAN_ASSETS":null,"DEPOSIT_EQUITY":null,"DEPOSIT_ASSETS":null,"EQUITY_MULTIPLIER":1.76274345253,"EQUITY_RATIO":0.756338484816},{"SECUCODE":"00309.HK","SECURITY_CODE":"00309","SECURITY_NAME_ABBR":"新华通讯频媒","ORG_CODE":"10008818","STD_REPORT_DATE":"2023-06-30 00:00:00","REPORT_DATE":"2023-09-30 00:00:00","DATE_TYPE_CODE":"002","REPORT_TYPE":"2023年中报","PER_NETCASH_OPERATE":-0.002378813956,"PER_OI":0.072718242272,"BPS":0.046430114658,"BASIC_EPS":-0.003945809,"DILUTED_EPS":-0.003945809,"OPERATE_INCOME":140424001.27,"OPERATE_INCOME_YOY":19.5165573258,"GROSS_PROFIT":140424001.27,"GROSS_PROFIT_YOY":21.259540156237,"HOLDER_PROFIT":-7535577.56,"HOLDER_PROFIT_YOY":13.4759245601,"GROSS_PROFIT_RATIO":null,"EPS_TTM":-0.008010777312,"OPERATE_INCOME_QOQ":0,"NET_PROFIT_RATIO":-5.4780466448,"ROE_AVG":-8.058169543416,"GROSS_PROFIT_QOQ":0,"ROA":-4.752603601492,"HOLDER_PROFIT_QOQ":0,"ROE_YEARLY":-16.116339086832,"ROIC_YEARLY":-15.457955096259,"TOTAL_ASSETS":155797056.66,"TOTAL_LIABILITIES":66722712.56,"TAX_EBT":null,"OCF_SALES":-3.271275379177,"TOTAL_PARENT_EQUITY":89659792.04,"DEBT_ASSET_RATIO":42.8266836296,"OPERATE_PROFIT":-7420873.81,"PRETAX_PROFIT":-7692492.29,"NETCASH_OPERATE":-4593655.78,"NETCASH_INVEST":-2105960.85,"NETCASH_FINANCE":-1608605.39,"END_CASH":56004794.16,"DIVI_RATIO":null,"DIVIDEND_RATE":null,"CURRENT_RATIO":2.200413282438,"COMMON_ACS":4000000000,"CURRENTDEBT_DEBT":95.838376058972,"ISSUED_COMMON_SHARES":1931069796,"HK_COMMON_SHARES":1931069796,"PER_SHARES":1000,"TOTAL_MARKET_CAP":77242791.84,"HKSK_MARKET_CAP":77242791.84,"PE_TTM":-8.838859347751,"PB_TTM":0.868521092021,"REPORT_DATE_SQ":"2022-06-30 00:00:00","REPORT_TYPE_SQ":"2022年中报","OPERATE_INCOME_SQ":115804497.6,"DPS_HKD":null,"OPERATE_INCOME_QOQ_SQ":0,"NET_PROFIT_RATIO_SQ":-7.5507653858,"HOLDER_PROFIT_SQ":-8584040.04,"HOLDER_PROFIT_QOQ_SQ":0,"ROE_AVG_SQ":-8.389760090519,"PE_TTM_SQ":-4.005391231332,"PB_TTM_SQ":0.671965172391,"ROA_SQ":-5.0678399607,"START_DATE":"2023-04-01 00:00:00","FISCAL_YEAR":"3-31","CURRENCY":"HKD","IS_CNY_CODE":0,"DPS_HKD_LY":null,"ORG_TYPE":"一般企业","PREMIUM_INCOME":null,"PREMIUM_INCOME_YOY":null,"NET_INTEREST_INCOME":null,"NET_INTEREST_INCOME_YOY":null,"FEE_COMMISSION_INCOME":null,"FEE_COMMISSION_INCOME_YOY":null,"ACCOUNTS_RECE_TDAYS":2.868343611179,"INVENTORY_TDAYS":null,"CURRENT_ASSETS_TDAYS":1.043537261882,"TOTAL_ASSETS_TDAYS":0.885638305568,"PREMIUM_EXPENSE":null,"LOAN_DEPOSIT":null,"LOAN_EQUITY":null,"LOAN_ASSETS":null,"DEPOSIT_EQUITY":null,"DEPOSIT_ASSETS":null,"EQUITY_MULTIPLIER":1.749067683115,"EQUITY_RATIO":0.744176525975},{"SECUCODE":"00309.HK","SECURITY_CODE":"00309","SECURITY_NAME_ABBR":"新华通讯频媒","ORG_CODE":"10008818","STD_REPORT_DATE":"2022-12-31 00:00:00","REPORT_DATE":"2023-03-31 00:00:00","DATE_TYPE_CODE":"001","REPORT_TYPE":"2022年年报","PER_NETCASH_OPERATE":-0.000371729806,"PER_OI":0.124039436216,"BPS":0.048102743512,"BASIC_EPS":-0.008403936,"DILUTED_EPS":-0.008403936,"OPERATE_INCOME":239528808.79,"OPERATE_INCOME_YOY":-1.0154616425,"GROSS_PROFIT":239528808.79,"GROSS_PROFIT_YOY":6.844619330842,"HOLDER_PROFIT":-15469370.11,"HOLDER_PROFIT_YOY":-6.1257582127,"GROSS_PROFIT_RATIO":null,"EPS_TTM":-0.009199780995,"OPERATE_INCOME_QOQ":0,"NET_PROFIT_RATIO":-6.5755667552,"ROE_AVG":-16.049298620856,"GROSS_PROFIT_QOQ":0,"ROA":-9.636221855045,"HOLDER_PROFIT_QOQ":0,"ROE_YEARLY":-16.049298620856,"ROIC_YEARLY":-15.830895823908,"TOTAL_ASSETS":153894451.77,"TOTAL_LIABILITIES":61396880.35,"TAX_EBT":-1.078651685393,"OCF_SALES":-0.299686790756,"TOTAL_PARENT_EQUITY":92889755.1,"DEBT_ASSET_RATIO":39.8954475901,"OPERATE_PROFIT":-14975638.87,"PRETAX_PROFIT":-15582298,"NETCASH_OPERATE":-717836.2,"NETCASH_INVEST":-1904892.16,"NETCASH_FINANCE":-1111770.7,"END_CASH":61388126.25,"DIVI_RATIO":null,"DIVIDEND_RATE":null,"CURRENT_RATIO":2.115085842099,"COMMON_ACS":4000000000,"CURRENTDEBT_DEBT":94.343765594924,"ISSUED_COMMON_SHARES":1931069796,"HK_COMMON_SHARES":1931069796,"PER_SHARES":1000,"TOTAL_MARKET_CAP":86898140.82,"HKSK_MARKET_CAP":86898140.82,"PE_TTM":-9.94371676622,"PB_TTM":0.977086228524,"REPORT_DATE_SQ":"2021-12-31 00:00:00","REPORT_TYPE_SQ":"2021年年报","OPERATE_INCOME_SQ":224184250.26,"DPS_HKD":null,"OPERATE_INCOME_QOQ_SQ":0,"NET_PROFIT_RATIO_SQ":-6.2056391222,"HOLDER_PROFIT_SQ":-13504127.51,"HOLDER_PROFIT_QOQ_SQ":0,"ROE_AVG_SQ":-13.36635252942,"PE_TTM_SQ":-3.387650029766,"PB_TTM_SQ":0.612674127768,"ROA_SQ":-8.615207903785,"START_DATE":"2022-04-01 00:00:00","FISCAL_YEAR":"3-31","CURRENCY":"HKD","IS_CNY_CODE":0,"DPS_HKD_LY":null,"ORG_TYPE":"一般企业","PREMIUM_INCOME":null,"PREMIUM_INCOME_YOY":null,"NET_INTEREST_INCOME":null,"NET_INTEREST_INCOME_YOY":null,"FEE_COMMISSION_INCOME":null,"FEE_COMMISSION_INCOME_YOY":null,"ACCOUNTS_RECE_TDAYS":5.178451114728,"INVENTORY_TDAYS":null,"CURRENT_ASSETS_TDAYS":1.872736668115,"TOTAL_ASSETS_TDAYS":1.492079332101,"PREMIUM_EXPENSE":null,"LOAN_DEPOSIT":null,"LOAN_EQUITY":null,"LOAN_ASSETS":null,"DEPOSIT_EQUITY":null,"DEPOSIT_ASSETS":null,"EQUITY_MULTIPLIER":1.663767484999,"EQUITY_RATIO":0.660965036283},{"SECUCODE":"00309.HK","SECURITY_CODE":"00309","SECURITY_NAME_ABBR":"新华通讯频媒","ORG_CODE":"10008818","STD_REPORT_DATE":"2022-06-30 00:00:00","REPORT_DATE":"2022-09-30 00:00:00","DATE_TYPE_CODE":"002","REPORT_TYPE":"2022年中报","PER_NETCASH_OPERATE":0.004032129743,"PER_OI":0.05996908959,"BPS":0.052528220124,"BASIC_EPS":-0.004612644,"DILUTED_EPS":-0.004612644,"OPERATE_INCOME":115804497.6,"OPERATE_INCOME_YOY":-5.4287613561,"GROSS_PROFIT":115804497.6,"GROSS_PROFIT_YOY":2.674490527819,"HOLDER_PROFIT":-8584040.04,"HOLDER_PROFIT_YOY":-82.90614762,"GROSS_PROFIT_RATIO":null,"EPS_TTM":-0.006993081005,"OPERATE_INCOME_QOQ":0,"NET_PROFIT_RATIO":-7.5507653858,"ROE_AVG":-8.389760090519,"GROSS_PROFIT_QOQ":0,"ROA":-5.0678399607,"HOLDER_PROFIT_QOQ":0,"ROE_YEARLY":-16.779520181037,"ROIC_YEARLY":-17.667699811056,"TOTAL_ASSETS":166048852.92,"TOTAL_LIABILITIES":64809457.08,"TAX_EBT":0.031020576983,"OCF_SALES":6.723680099969,"TOTAL_PARENT_EQUITY":101435659.32,"DEBT_ASSET_RATIO":39.0303551878,"OPERATE_PROFIT":-8412196.44,"PRETAX_PROFIT":-8746839.24,"NETCASH_OPERATE":7786323.96,"NETCASH_INVEST":-1378366.56,"NETCASH_FINANCE":3467622.96,"END_CASH":77835201.96,"DIVI_RATIO":null,"DIVIDEND_RATE":null,"CURRENT_RATIO":2.267266268612,"COMMON_ACS":4000000000,"CURRENTDEBT_DEBT":92.321755027422,"ISSUED_COMMON_SHARES":1931069796,"HK_COMMON_SHARES":1931069796,"PER_SHARES":1000,"TOTAL_MARKET_CAP":86898140.82,"HKSK_MARKET_CAP":86898140.82,"PE_TTM":-9.94371676622,"PB_TTM":0.977086228524,"REPORT_DATE_SQ":"2021-06-30 00:00:00","REPORT_TYPE_SQ":"2021年中报","OPERATE_INCOME_SQ":112787993.4,"DPS_HKD":null,"OPERATE_INCOME_QOQ_SQ":0,"NET_PROFIT_RATIO_SQ":-4.0121131546,"HOLDER_PROFIT_SQ":-4322748.34,"HOLDER_PROFIT_QOQ_SQ":0,"ROE_AVG_SQ":-3.913199223242,"PE_TTM_SQ":-3.387650029766,"PB_TTM_SQ":0.612674127768,"ROA_SQ":-2.587804057003,"START_DATE":"2022-04-01 00:00:00","FISCAL_YEAR":"3-31","CURRENCY":"HKD","IS_CNY_CODE":0,"DPS_HKD_LY":null,"ORG_TYPE":"一般企业","PREMIUM_INCOME":null,"PREMIUM_INCOME_YOY":null,"NET_INTEREST_INCOME":null,"NET_INTEREST_INCOME_YOY":null,"FEE_COMMISSION_INCOME":null,"FEE_COMMISSION_INCOME_YOY":null,"ACCOUNTS_RECE_TDAYS":2.523204256577,"INVENTORY_TDAYS":null,"CURRENT_ASSETS_TDAYS":0.847237248266,"TOTAL_ASSETS_TDAYS":0.683685837707,"PREMIUM_EXPENSE":null,"LOAN_DEPOSIT":null,"LOAN_EQUITY":null,"LOAN_ASSETS":null,"DEPOSIT_EQUITY":null,"DEPOSIT_ASSETS":null,"EQUITY_MULTIPLIER":1.640160448827,"EQUITY_RATIO":0.63892183},{"SECUCODE":"00309.HK","SECURITY_CODE":"00309","SECURITY_NAME_ABBR":"新华通讯频媒","ORG_CODE":"10008818","STD_REPORT_DATE":"2021-12-31 00:00:00","REPORT_DATE":"2022-03-31 00:00:00","DATE_TYPE_CODE":"001","REPORT_TYPE":"2021年年报","PER_NETCASH_OPERATE":-0.011137925248,"PER_OI":0.124210760664,"BPS":0.047919257078,"BASIC_EPS":-0.007542393,"DILUTED_EPS":-0.007542393,"OPERATE_INCOME":224184250.26,"OPERATE_INCOME_YOY":11.3799091799,"GROSS_PROFIT":224184250.26,"GROSS_PROFIT_YOY":6.876902132098,"HOLDER_PROFIT":-13504127.51,"HOLDER_PROFIT_YOY":-179.5252650683,"GROSS_PROFIT_RATIO":null,"EPS_TTM":-0.000361034032,"OPERATE_INCOME_QOQ":0,"NET_PROFIT_RATIO":-6.2056391222,"ROE_AVG":-13.36635252942,"GROSS_PROFIT_QOQ":0,"ROA":-8.615207903785,"HOLDER_PROFIT_QOQ":0,"ROE_YEARLY":-13.36635252942,"ROIC_YEARLY":-15.242794436028,"TOTAL_ASSETS":154874524.65,"TOTAL_LIABILITIES":62491564.54,"TAX_EBT":-2.540498535477,"OCF_SALES":-8.966956798565,"TOTAL_PARENT_EQUITY":92535429.99,"DEBT_ASSET_RATIO":40.3498023198,"OPERATE_PROFIT":-13054016.96,"PRETAX_PROFIT":-13567386.29,"NETCASH_OPERATE":-20102504.87,"NETCASH_INVEST":272499.36,"NETCASH_FINANCE":3802825.89,"END_CASH":60035826.26,"DIVI_RATIO":null,"DIVIDEND_RATE":null,"CURRENT_RATIO":2.172998430141,"COMMON_ACS":4000000000,"CURRENTDEBT_DEBT":90.936226542425,"ISSUED_COMMON_SHARES":1931069796,"HK_COMMON_SHARES":1931069796,"PER_SHARES":1000,"TOTAL_MARKET_CAP":86898140.82,"HKSK_MARKET_CAP":86898140.82,"PE_TTM":-9.94371676622,"PB_TTM":0.977086228524,"REPORT_DATE_SQ":"2020-12-31 00:00:00","REPORT_TYPE_SQ":"2020年年报","OPERATE_INCOME_SQ":209759307.94,"DPS_HKD":null,"OPERATE_INCOME_QOQ_SQ":0,"NET_PROFIT_RATIO_SQ":8.2729276381,"HOLDER_PROFIT_SQ":17696378.84,"HOLDER_PROFIT_QOQ_SQ":0,"ROE_AVG_SQ":18.26596352565,"PE_TTM_SQ":-3.387650029766,"PB_TTM_SQ":0.612674127768,"ROA_SQ":11.643089105387,"START_DATE":"2021-04-01 00:00:00","FISCAL_YEAR":"3-31","CURRENCY":"HKD","IS_CNY_CODE":0,"DPS_HKD_LY":null,"ORG_TYPE":"一般企业","PREMIUM_INCOME":null,"PREMIUM_INCOME_YOY":null,"NET_INTEREST_INCOME":null,"NET_INTEREST_INCOME_YOY":null,"FEE_COMMISSION_INCOME":null,"FEE_COMMISSION_INCOME_YOY":null,"ACCOUNTS_RECE_TDAYS":5.717601067295,"INVENTORY_TDAYS":null,"CURRENT_ASSETS_TDAYS":1.749171847563,"TOTAL_ASSETS_TDAYS":1.430224887401,"PREMIUM_EXPENSE":null,"LOAN_DEPOSIT":null,"LOAN_EQUITY":null,"LOAN_ASSETS":null,"DEPOSIT_EQUITY":null,"DEPOSIT_ASSETS":null,"EQUITY_MULTIPLIER":1.676440378892,"EQUITY_RATIO":0.675325813548},{"SECUCODE":"00309.HK","SECURITY_CODE":"00309","SECURITY_NAME_ABBR":"新华通讯频媒","ORG_CODE":"10008818","STD_REPORT_DATE":"2021-06-30 00:00:00","REPORT_DATE":"2021-09-30 00:00:00","DATE_TYPE_CODE":"002","REPORT_TYPE":"2021年中报","PER_NETCASH_OPERATE":-0.001666240195,"PER_OI":0.062490930731,"BPS":0.056149061823,"BASIC_EPS":-0.002415874,"DILUTED_EPS":-0.002415874,"OPERATE_INCOME":112787993.4,"OPERATE_INCOME_YOY":11.0054358966,"GROSS_PROFIT":112787993.4,"GROSS_PROFIT_YOY":5.237377581047,"HOLDER_PROFIT":-4322748.34,"HOLDER_PROFIT_YOY":-132.5104943299,"GROSS_PROFIT_RATIO":null,"EPS_TTM":0.009804795271,"OPERATE_INCOME_QOQ":0,"NET_PROFIT_RATIO":-4.0121131546,"ROE_AVG":-3.913199223242,"GROSS_PROFIT_QOQ":0,"ROA":-2.587804057003,"HOLDER_PROFIT_QOQ":0,"ROE_YEARLY":-7.826398446485,"ROIC_YEARLY":-9.671902740435,"TOTAL_ASSETS":171153010.06,"TOTAL_LIABILITIES":62639447.52,"TAX_EBT":2.161383285303,"OCF_SALES":-2.666371223872,"TOTAL_PARENT_EQUITY":108427757.36,"DEBT_ASSET_RATIO":36.5985076734,"OPERATE_PROFIT":-4416884.12,"PRETAX_PROFIT":-4625149.12,"NETCASH_OPERATE":-3007346.6,"NETCASH_INVEST":-261580.84,"NETCASH_FINANCE":1462020.3,"END_CASH":76722326.82,"DIVI_RATIO":null,"DIVIDEND_RATE":null,"CURRENT_RATIO":2.406658721883,"COMMON_ACS":4000000000,"CURRENTDEBT_DEBT":89.278114693053,"ISSUED_COMMON_SHARES":1931069796,"HK_COMMON_SHARES":1931069796,"PER_SHARES":1000,"TOTAL_MARKET_CAP":86898140.82,"HKSK_MARKET_CAP":86898140.82,"PE_TTM":-9.94371676622,"PB_TTM":0.977086228524,"REPORT_DATE_SQ":"2020-06-30 00:00:00","REPORT_TYPE_SQ":"2020年中报","OPERATE_INCOME_SQ":107174842.24,"DPS_HKD":null,"OPERATE_INCOME_QOQ_SQ":0,"NET_PROFIT_RATIO_SQ":12.9133290152,"HOLDER_PROFIT_SQ":14025249.92,"HOLDER_PROFIT_QOQ_SQ":0,"ROE_AVG_SQ":14.292430232506,"PE_TTM_SQ":-3.387650029766,"PB_TTM_SQ":0.612674127768,"ROA_SQ":9.027510689803,"START_DATE":"2021-04-01 00:00:00","FISCAL_YEAR":"3-31","CURRENCY":"HKD","IS_CNY_CODE":0,"DPS_HKD_LY":null,"ORG_TYPE":"一般企业","PREMIUM_INCOME":null,"PREMIUM_INCOME_YOY":null,"NET_INTEREST_INCOME":null,"NET_INTEREST_INCOME_YOY":null,"FEE_COMMISSION_INCOME":null,"FEE_COMMISSION_INCOME_YOY":null,"ACCOUNTS_RECE_TDAYS":3.269697518565,"INVENTORY_TDAYS":null,"CURRENT_ASSETS_TDAYS":0.83224224095,"TOTAL_ASSETS_TDAYS":0.675202912464,"PREMIUM_EXPENSE":null,"LOAN_DEPOSIT":null,"LOAN_EQUITY":null,"LOAN_ASSETS":null,"DEPOSIT_EQUITY":null,"DEPOSIT_ASSETS":null,"EQUITY_MULTIPLIER":1.577249940504,"EQUITY_RATIO":0.577706751898},{"SECUCODE":"00309.HK","SECURITY_CODE":"00309","SECURITY_NAME_ABBR":"新华通讯频媒","ORG_CODE":"10008818","STD_REPORT_DATE":"2020-12-31 00:00:00","REPORT_DATE":"2021-03-31 00:00:00","DATE_TYPE_CODE":"001","REPORT_TYPE":"2020年年报","PER_NETCASH_OPERATE":0.019707928826,"PER_OI":0.116218526347,"BPS":0.059107503031,"BASIC_EPS":0.01014216,"DILUTED_EPS":0.01014216,"OPERATE_INCOME":209759307.94,"OPERATE_INCOME_YOY":-28.8155962461,"GROSS_PROFIT":209759307.94,"GROSS_PROFIT_YOY":-34.15384221873,"HOLDER_PROFIT":17696378.84,"HOLDER_PROFIT_YOY":144.3611093455,"GROSS_PROFIT_RATIO":null,"EPS_TTM":-0.017409704672,"OPERATE_INCOME_QOQ":0,"NET_PROFIT_RATIO":8.2729276381,"ROE_AVG":18.26596352565,"GROSS_PROFIT_QOQ":0,"ROA":11.643089105387,"HOLDER_PROFIT_QOQ":0,"ROE_YEARLY":18.26596352565,"ROIC_YEARLY":19.724174312791,"TOTAL_ASSETS":165303685.12,"TOTAL_LIABILITIES":50925475.72,"TAX_EBT":-0.405887818475,"OCF_SALES":16.957648187023,"TOTAL_PARENT_EQUITY":114140713.82,"DEBT_ASSET_RATIO":30.8072234948,"OPERATE_PROFIT":17610170.48,"PRETAX_PROFIT":17283085.82,"NETCASH_OPERATE":35544044.9,"NETCASH_INVEST":-9637587.54,"NETCASH_FINANCE":9638432.72,"END_CASH":79407196.54,"DIVI_RATIO":null,"DIVIDEND_RATE":null,"CURRENT_RATIO":2.8098497324,"COMMON_ACS":4000000000,"CURRENTDEBT_DEBT":96.750423208418,"ISSUED_COMMON_SHARES":1931069796,"HK_COMMON_SHARES":1931069796,"PER_SHARES":1000,"TOTAL_MARKET_CAP":86898140.82,"HKSK_MARKET_CAP":86898140.82,"PE_TTM":-9.94371676622,"PB_TTM":0.977086228524,"REPORT_DATE_SQ":"2019-12-31 00:00:00","REPORT_TYPE_SQ":"2019年年报","OPERATE_INCOME_SQ":318559677.6,"DPS_HKD":null,"OPERATE_INCOME_QOQ_SQ":0,"NET_PROFIT_RATIO_SQ":-13.2437300659,"HOLDER_PROFIT_SQ":-43125726.3,"HOLDER_PROFIT_QOQ_SQ":0,"ROE_AVG_SQ":-39.502856066788,"PE_TTM_SQ":-3.387650029766,"PB_TTM_SQ":0.612674127768,"ROA_SQ":-23.184953039651,"START_DATE":"2020-04-01 00:00:00","FISCAL_YEAR":"3-31","CURRENCY":"HKD","IS_CNY_CODE":0,"DPS_HKD_LY":null,"ORG_TYPE":"一般企业","PREMIUM_INCOME":null,"PREMIUM_INCOME_YOY":null,"NET_INTEREST_INCOME":null,"NET_INTEREST_INCOME_YOY":null,"FEE_COMMISSION_INCOME":null,"FEE_COMMISSION_INCOME_YOY":null,"ACCOUNTS_RECE_TDAYS":5.326844240304,"INVENTORY_TDAYS":null,"CURRENT_ASSETS_TDAYS":1.620929845243,"TOTAL_ASSETS_TDAYS":1.380082521464,"PREMIUM_EXPENSE":null,"LOAN_DEPOSIT":null,"LOAN_EQUITY":null,"LOAN_ASSETS":null,"DEPOSIT_EQUITY":null,"DEPOSIT_ASSETS":null,"EQUITY_MULTIPLIER":1.445237567429,"EQUITY_RATIO":0.446163984924},{"SECUCODE":"00309.HK","SECURITY_CODE":"00309","SECURITY_NAME_ABBR":"新华通讯频媒","ORG_CODE":"10008818","STD_REPORT_DATE":"2020-06-30 00:00:00","REPORT_DATE":"2020-09-30 00:00:00","DATE_TYPE_CODE":"002","REPORT_TYPE":"2020年中报","PER_NETCASH_OPERATE":0.011546872958,"PER_OI":0.059380927354,"BPS":0.058764721894,"BASIC_EPS":0.008259968,"DILUTED_EPS":0.008259968,"OPERATE_INCOME":107174842.24,"OPERATE_INCOME_YOY":-33.6371253836,"GROSS_PROFIT":107174842.24,"GROSS_PROFIT_YOY":-35.350622295841,"HOLDER_PROFIT":14025249.92,"HOLDER_PROFIT_YOY":520.0854700855,"GROSS_PROFIT_RATIO":null,"EPS_TTM":-0.025733339429,"OPERATE_INCOME_QOQ":0,"NET_PROFIT_RATIO":12.9133290152,"ROE_AVG":14.292430232506,"GROSS_PROFIT_QOQ":0,"ROA":9.027510689803,"HOLDER_PROFIT_QOQ":0,"ROE_YEARLY":28.584860465012,"ROIC_YEARLY":30.958419202328,"TOTAL_ASSETS":166542044.16,"TOTAL_LIABILITIES":52543941.12,"TAX_EBT":null,"OCF_SALES":19.445423762165,"TOTAL_PARENT_EQUITY":113478779.52,"DEBT_ASSET_RATIO":31.5499556794,"OPERATE_PROFIT":13966375.68,"PRETAX_PROFIT":13839840,"NETCASH_OPERATE":20840602.24,"NETCASH_INVEST":4316272.64,"NETCASH_FINANCE":11092961.28,"END_CASH":82309702.4,"DIVI_RATIO":null,"DIVIDEND_RATE":null,"CURRENT_RATIO":2.87349615325,"COMMON_ACS":4000000000,"CURRENTDEBT_DEBT":97.165362231587,"ISSUED_COMMON_SHARES":1931069796,"HK_COMMON_SHARES":1931069796,"PER_SHARES":1000,"TOTAL_MARKET_CAP":86898140.82,"HKSK_MARKET_CAP":86898140.82,"PE_TTM":-9.94371676622,"PB_TTM":0.977086228524,"REPORT_DATE_SQ":"2019-06-30 00:00:00","REPORT_TYPE_SQ":"2019年中报","OPERATE_INCOME_SQ":165778613.88,"DPS_HKD":null,"OPERATE_INCOME_QOQ_SQ":0,"NET_PROFIT_RATIO_SQ":0.4842535965,"HOLDER_PROFIT_SQ":2321773.74,"HOLDER_PROFIT_QOQ_SQ":0,"ROE_AVG_SQ":1.77295316552,"PE_TTM_SQ":-3.387650029766,"PB_TTM_SQ":0.612674127768,"ROA_SQ":0.985099131819,"START_DATE":"2020-04-01 00:00:00","FISCAL_YEAR":"3-31","CURRENCY":"HKD","IS_CNY_CODE":0,"DPS_HKD_LY":null,"ORG_TYPE":"一般企业","PREMIUM_INCOME":null,"PREMIUM_INCOME_YOY":null,"NET_INTEREST_INCOME":null,"NET_INTEREST_INCOME_YOY":null,"FEE_COMMISSION_INCOME":null,"FEE_COMMISSION_INCOME_YOY":null,"ACCOUNTS_RECE_TDAYS":2.446753663601,"INVENTORY_TDAYS":null,"CURRENT_ASSETS_TDAYS":0.788478632589,"TOTAL_ASSETS_TDAYS":0.689842989978,"PREMIUM_EXPENSE":null,"LOAN_DEPOSIT":null,"LOAN_EQUITY":null,"LOAN_ASSETS":null,"DEPOSIT_EQUITY":null,"DEPOSIT_ASSETS":null,"EQUITY_MULTIPLIER":1.460919433911,"EQUITY_RATIO":0.463028782494}],"count":46},"success":true,"message":"ok","code":0}