{"version":"547ba7b391438a3e54f733bf2480337b","result":{"pages":2,"data":[{"SECUCODE":"00302.HK","SECURITY_CODE":"00302","SECURITY_NAME_ABBR":"中手游","ORG_CODE":"10971969","STD_REPORT_DATE":"2024-06-30 00:00:00","REPORT_DATE":"2024-06-30 00:00:00","DATE_TYPE_CODE":"002","REPORT_TYPE":"2024年中报","PER_NETCASH_OPERATE":0.004408080585,"PER_OI":0.448050476047,"BPS":1.835854879958,"BASIC_EPS":-0.0858,"DILUTED_EPS":-0.0858,"OPERATE_INCOME":1233336000,"OPERATE_INCOME_YOY":-19.6756117449,"GROSS_PROFIT":372764000,"GROSS_PROFIT_YOY":-27.786204825696,"HOLDER_PROFIT":-236220000,"HOLDER_PROFIT_YOY":-515.7046318457,"GROSS_PROFIT_RATIO":30.224042758827,"EPS_TTM":-0.113752383139,"OPERATE_INCOME_QOQ":-11.593301927484,"NET_PROFIT_RATIO":-19.544633417,"ROE_AVG":-4.220154803325,"GROSS_PROFIT_QOQ":-15.2084292049,"ROA":-3.389857020274,"HOLDER_PROFIT_QOQ":-1459.45515214901,"ROE_YEARLY":-8.440309606649,"ROIC_YEARLY":-6.96398425866,"TOTAL_ASSETS":6847702000,"TOTAL_LIABILITIES":1354280000,"TAX_EBT":-14.455359983286,"OCF_SALES":0.983835710625,"TOTAL_PARENT_EQUITY":5499145000,"DEBT_ASSET_RATIO":19.777145676,"OPERATE_PROFIT":-202278000,"PRETAX_PROFIT":-210607000,"NETCASH_OPERATE":12134000,"NETCASH_INVEST":-59517000,"NETCASH_FINANCE":-4585000,"END_CASH":164782000,"DIVI_RATIO":null,"DIVIDEND_RATE":null,"CURRENT_RATIO":1.666243227525,"COMMON_ACS":5000000000,"CURRENTDEBT_DEBT":91.666568213368,"ISSUED_COMMON_SHARES":2995413777,"HK_COMMON_SHARES":2995413777,"PER_SHARES":2000,"TOTAL_MARKET_CAP":2396331021.6,"HKSK_MARKET_CAP":2396331021.6,"PE_TTM":-6.99434826912,"PB_TTM":0.397713353038,"REPORT_DATE_SQ":"2023-06-30 00:00:00","REPORT_TYPE_SQ":"2023年中报","OPERATE_INCOME_SQ":1535444000,"DPS_HKD":null,"OPERATE_INCOME_QOQ_SQ":11.15298619105,"NET_PROFIT_RATIO_SQ":3.3211891805,"HOLDER_PROFIT_SQ":56824000,"HOLDER_PROFIT_QOQ_SQ":38.395883629624,"ROE_AVG_SQ":0.991520929137,"PE_TTM_SQ":-20.893002673664,"PB_TTM_SQ":0.473623432267,"ROA_SQ":0.799301356825,"START_DATE":"2024-01-01 00:00:00","FISCAL_YEAR":"12-31","CURRENCY":"HKD","IS_CNY_CODE":0,"DPS_HKD_LY":null,"ORG_TYPE":"一般企业","PREMIUM_INCOME":null,"PREMIUM_INCOME_YOY":null,"NET_INTEREST_INCOME":null,"NET_INTEREST_INCOME_YOY":null,"FEE_COMMISSION_INCOME":null,"FEE_COMMISSION_INCOME_YOY":null,"ACCOUNTS_RECE_TDAYS":1.060451631043,"INVENTORY_TDAYS":null,"CURRENT_ASSETS_TDAYS":0.575773809149,"TOTAL_ASSETS_TDAYS":0.176988938191,"PREMIUM_EXPENSE":null,"LOAN_DEPOSIT":null,"LOAN_EQUITY":null,"LOAN_ASSETS":null,"DEPOSIT_EQUITY":null,"DEPOSIT_ASSETS":null,"EQUITY_MULTIPLIER":1.246527574251,"EQUITY_RATIO":0.246271011221},{"SECUCODE":"00302.HK","SECURITY_CODE":"00302","SECURITY_NAME_ABBR":"中手游","ORG_CODE":"10971969","STD_REPORT_DATE":"2023-12-31 00:00:00","REPORT_DATE":"2023-12-31 00:00:00","DATE_TYPE_CODE":"001","REPORT_TYPE":"2023年年报","PER_NETCASH_OPERATE":0.016913384522,"PER_OI":0.946674358587,"BPS":1.901475196427,"BASIC_EPS":-0.0073,"DILUTED_EPS":-0.0073,"OPERATE_INCOME":2605884000,"OPERATE_INCOME_YOY":-3.9798193885,"GROSS_PROFIT":943102000,"GROSS_PROFIT_YOY":-15.165400581994,"HOLDER_PROFIT":-20079000,"HOLDER_PROFIT_YOY":90.2070378228,"GROSS_PROFIT_RATIO":36.191250262867,"EPS_TTM":-0.007294367073,"OPERATE_INCOME_QOQ":-13.614394087063,"NET_PROFIT_RATIO":-1.4598117184,"ROE_AVG":-0.353176521949,"GROSS_PROFIT_QOQ":-16.312059254947,"ROA":-0.281950551864,"HOLDER_PROFIT_QOQ":84.103396405669,"ROE_YEARLY":-0.353176521949,"ROIC_YEARLY":-0.291439778402,"TOTAL_ASSETS":7089169000,"TOTAL_LIABILITIES":1394356000,"TAX_EBT":-47.852617668778,"OCF_SALES":1.786610608914,"TOTAL_PARENT_EQUITY":5695705000,"DEBT_ASSET_RATIO":19.6688215502,"OPERATE_PROFIT":-9636000,"PRETAX_PROFIT":-25729000,"NETCASH_OPERATE":46557000,"NETCASH_INVEST":-86257000,"NETCASH_FINANCE":18589000,"END_CASH":210609000,"DIVI_RATIO":null,"DIVIDEND_RATE":null,"CURRENT_RATIO":1.710347830249,"COMMON_ACS":5000000000,"CURRENTDEBT_DEBT":92.903247090413,"ISSUED_COMMON_SHARES":2995413777,"HK_COMMON_SHARES":2995413777,"PER_SHARES":2000,"TOTAL_MARKET_CAP":2336422746.06,"HKSK_MARKET_CAP":2336422746.06,"PE_TTM":-6.819489562392,"PB_TTM":0.387770519212,"REPORT_DATE_SQ":"2022-12-31 00:00:00","REPORT_TYPE_SQ":"2022年年报","OPERATE_INCOME_SQ":2713892000,"DPS_HKD":null,"OPERATE_INCOME_QOQ_SQ":-9.813535220811,"NET_PROFIT_RATIO_SQ":-7.9914749739,"HOLDER_PROFIT_SQ":-205035000,"HOLDER_PROFIT_QOQ_SQ":-204.43013797705,"ROE_AVG_SQ":-3.575565616778,"PE_TTM_SQ":-25.148984699781,"PB_TTM_SQ":0.57010227958,"ROA_SQ":-2.734625309919,"START_DATE":"2023-01-01 00:00:00","FISCAL_YEAR":"12-31","CURRENCY":"HKD","IS_CNY_CODE":0,"DPS_HKD_LY":null,"ORG_TYPE":"一般企业","PREMIUM_INCOME":null,"PREMIUM_INCOME_YOY":null,"NET_INTEREST_INCOME":null,"NET_INTEREST_INCOME_YOY":null,"FEE_COMMISSION_INCOME":null,"FEE_COMMISSION_INCOME_YOY":null,"ACCOUNTS_RECE_TDAYS":2.308201077533,"INVENTORY_TDAYS":null,"CURRENT_ASSETS_TDAYS":1.172075651271,"TOTAL_ASSETS_TDAYS":0.365919832607,"PREMIUM_EXPENSE":null,"LOAN_DEPOSIT":null,"LOAN_EQUITY":null,"LOAN_ASSETS":null,"DEPOSIT_EQUITY":null,"DEPOSIT_ASSETS":null,"EQUITY_MULTIPLIER":1.244846670119,"EQUITY_RATIO":0.244808324869},{"SECUCODE":"00302.HK","SECURITY_CODE":"00302","SECURITY_NAME_ABBR":"中手游","ORG_CODE":"10971969","STD_REPORT_DATE":"2023-06-30 00:00:00","REPORT_DATE":"2023-06-30 00:00:00","DATE_TYPE_CODE":"002","REPORT_TYPE":"2023年中报","PER_NETCASH_OPERATE":0.04536464933,"PER_OI":0.557801292708,"BPS":1.932011545262,"BASIC_EPS":0.0206,"DILUTED_EPS":0.0206,"OPERATE_INCOME":1535444000,"OPERATE_INCOME_YOY":24.5529557969,"GROSS_PROFIT":516195000,"GROSS_PROFIT_YOY":3.040543912425,"HOLDER_PROFIT":56824000,"HOLDER_PROFIT_YOY":359.4584722159,"GROSS_PROFIT_RATIO":33.61861455058,"EPS_TTM":-0.04588632427,"OPERATE_INCOME_QOQ":11.15298619105,"NET_PROFIT_RATIO":3.3211891805,"ROE_AVG":0.991520929137,"GROSS_PROFIT_QOQ":1.37015998093,"ROA":0.799301356825,"HOLDER_PROFIT_QOQ":38.395883629624,"ROE_YEARLY":1.983041858275,"ROIC_YEARLY":1.651290673829,"TOTAL_ASSETS":7064663000,"TOTAL_LIABILITIES":1266248000,"TAX_EBT":-19.785304895236,"OCF_SALES":8.132761598599,"TOTAL_PARENT_EQUITY":5787174000,"DEBT_ASSET_RATIO":17.9236858149,"OPERATE_PROFIT":42924000,"PRETAX_PROFIT":42572000,"NETCASH_OPERATE":124874000,"NETCASH_INVEST":-122363000,"NETCASH_FINANCE":-69290000,"END_CASH":188398000,"DIVI_RATIO":null,"DIVIDEND_RATE":null,"CURRENT_RATIO":2.173223990174,"COMMON_ACS":5000000000,"CURRENTDEBT_DEBT":79.794558411938,"ISSUED_COMMON_SHARES":2995413777,"HK_COMMON_SHARES":2995413777,"PER_SHARES":2000,"TOTAL_MARKET_CAP":2336422746.06,"HKSK_MARKET_CAP":2336422746.06,"PE_TTM":-6.819489562392,"PB_TTM":0.387770519212,"REPORT_DATE_SQ":"2022-06-30 00:00:00","REPORT_TYPE_SQ":"2022年中报","OPERATE_INCOME_SQ":1232764000,"DPS_HKD":null,"OPERATE_INCOME_QOQ_SQ":-23.944199142186,"NET_PROFIT_RATIO_SQ":-2.0610595378,"HOLDER_PROFIT_SQ":-21901000,"HOLDER_PROFIT_QOQ_SQ":-67.906729653301,"ROE_AVG_SQ":-0.376935687209,"PE_TTM_SQ":-25.148984699781,"PB_TTM_SQ":0.57010227958,"ROA_SQ":-0.28097412231,"START_DATE":"2023-01-01 00:00:00","FISCAL_YEAR":"12-31","CURRENCY":"HKD","IS_CNY_CODE":0,"DPS_HKD_LY":null,"ORG_TYPE":"一般企业","PREMIUM_INCOME":null,"PREMIUM_INCOME_YOY":null,"NET_INTEREST_INCOME":null,"NET_INTEREST_INCOME_YOY":null,"FEE_COMMISSION_INCOME":null,"FEE_COMMISSION_INCOME_YOY":null,"ACCOUNTS_RECE_TDAYS":1.378411873357,"INVENTORY_TDAYS":null,"CURRENT_ASSETS_TDAYS":0.693696752428,"TOTAL_ASSETS_TDAYS":0.215979598854,"PREMIUM_EXPENSE":null,"LOAN_DEPOSIT":null,"LOAN_EQUITY":null,"LOAN_ASSETS":null,"DEPOSIT_EQUITY":null,"DEPOSIT_ASSETS":null,"EQUITY_MULTIPLIER":1.218378298208,"EQUITY_RATIO":0.218802475958},{"SECUCODE":"00302.HK","SECURITY_CODE":"00302","SECURITY_NAME_ABBR":"中手游","ORG_CODE":"10971969","STD_REPORT_DATE":"2022-12-31 00:00:00","REPORT_DATE":"2022-12-31 00:00:00","DATE_TYPE_CODE":"001","REPORT_TYPE":"2022年年报","PER_NETCASH_OPERATE":-0.000572605264,"PER_OI":0.980434601976,"BPS":1.894500533974,"BASIC_EPS":-0.0742,"DILUTED_EPS":-0.0742,"OPERATE_INCOME":2713892000,"OPERATE_INCOME_YOY":-31.4079619468,"GROSS_PROFIT":1111695000,"GROSS_PROFIT_YOY":-24.55361081514,"HOLDER_PROFIT":-205035000,"HOLDER_PROFIT_YOY":-133.5150465044,"GROSS_PROFIT_RATIO":40.963126019753,"EPS_TTM":-0.074072000145,"OPERATE_INCOME_QOQ":-9.813535220811,"NET_PROFIT_RATIO":-7.9914749739,"ROE_AVG":-3.575565616778,"GROSS_PROFIT_QOQ":-2.037940751942,"ROA":-2.734625309919,"HOLDER_PROFIT_QOQ":-204.43013797705,"ROE_YEARLY":-3.575565616778,"ROIC_YEARLY":-2.945286704523,"TOTAL_ASSETS":7153754000,"TOTAL_LIABILITIES":1461871000,"TAX_EBT":-23.597362557203,"OCF_SALES":-0.058403208381,"TOTAL_PARENT_EQUITY":5674813000,"DEBT_ASSET_RATIO":20.4350191522,"OPERATE_PROFIT":-123505000,"PRETAX_PROFIT":-175473000,"NETCASH_OPERATE":-1585000,"NETCASH_INVEST":-224196000,"NETCASH_FINANCE":-410152000,"END_CASH":236960000,"DIVI_RATIO":null,"DIVIDEND_RATE":null,"CURRENT_RATIO":1.64125557899,"COMMON_ACS":5000000000,"CURRENTDEBT_DEBT":92.986385255607,"ISSUED_COMMON_SHARES":2995413777,"HK_COMMON_SHARES":2995413777,"PER_SHARES":2000,"TOTAL_MARKET_CAP":2336422746.06,"HKSK_MARKET_CAP":2336422746.06,"PE_TTM":-6.819489562392,"PB_TTM":0.387770519212,"REPORT_DATE_SQ":"2021-12-31 00:00:00","REPORT_TYPE_SQ":"2021年年报","OPERATE_INCOME_SQ":3956570000,"DPS_HKD":null,"OPERATE_INCOME_QOQ_SQ":-7.695297454311,"NET_PROFIT_RATIO_SQ":15.0115630458,"HOLDER_PROFIT_SQ":611770000,"HOLDER_PROFIT_QOQ_SQ":-24.201931595022,"ROE_AVG_SQ":11.654647737763,"PE_TTM_SQ":-25.148984699781,"PB_TTM_SQ":0.57010227958,"ROA_SQ":8.633308961879,"START_DATE":"2022-01-01 00:00:00","FISCAL_YEAR":"12-31","CURRENCY":"HKD","IS_CNY_CODE":0,"DPS_HKD_LY":null,"ORG_TYPE":"一般企业","PREMIUM_INCOME":null,"PREMIUM_INCOME_YOY":null,"NET_INTEREST_INCOME":null,"NET_INTEREST_INCOME_YOY":null,"FEE_COMMISSION_INCOME":null,"FEE_COMMISSION_INCOME_YOY":null,"ACCOUNTS_RECE_TDAYS":2.556362548834,"INVENTORY_TDAYS":null,"CURRENT_ASSETS_TDAYS":0.976886570281,"TOTAL_ASSETS_TDAYS":0.361961506649,"PREMIUM_EXPENSE":null,"LOAN_DEPOSIT":null,"LOAN_EQUITY":null,"LOAN_ASSETS":null,"DEPOSIT_EQUITY":null,"DEPOSIT_ASSETS":null,"EQUITY_MULTIPLIER":1.2568343376,"EQUITY_RATIO":0.257606902642},{"SECUCODE":"00302.HK","SECURITY_CODE":"00302","SECURITY_NAME_ABBR":"中手游","ORG_CODE":"10971969","STD_REPORT_DATE":"2022-06-30 00:00:00","REPORT_DATE":"2022-06-30 00:00:00","DATE_TYPE_CODE":"002","REPORT_TYPE":"2022年中报","PER_NETCASH_OPERATE":-0.089116164809,"PER_OI":0.445354672062,"BPS":1.945203044982,"BASIC_EPS":-0.0079,"DILUTED_EPS":-0.0079,"OPERATE_INCOME":1232764000,"OPERATE_INCOME_YOY":-43.4546424461,"GROSS_PROFIT":500963000,"GROSS_PROFIT_YOY":-40.335337785289,"HOLDER_PROFIT":-21901000,"HOLDER_PROFIT_YOY":-105.5652399297,"GROSS_PROFIT_RATIO":40.637380715206,"EPS_TTM":0.070929715865,"OPERATE_INCOME_QOQ":-23.944199142186,"NET_PROFIT_RATIO":-2.0610595378,"ROE_AVG":-0.376935687209,"GROSS_PROFIT_QOQ":-22.984071829466,"ROA":-0.28097412231,"HOLDER_PROFIT_QOQ":-67.906729653301,"ROE_YEARLY":-0.753871374419,"ROIC_YEARLY":-0.612643574788,"TOTAL_ASSETS":7747617000,"TOTAL_LIABILITIES":1895632000,"TAX_EBT":-31.158372909354,"OCF_SALES":-20.010156039599,"TOTAL_PARENT_EQUITY":5826688000,"DEBT_ASSET_RATIO":24.4672910393,"OPERATE_PROFIT":3700000,"PRETAX_PROFIT":-19372000,"NETCASH_OPERATE":-246678000,"NETCASH_INVEST":-140007000,"NETCASH_FINANCE":-376000,"END_CASH":446177000,"DIVI_RATIO":null,"DIVIDEND_RATE":null,"CURRENT_RATIO":1.579027578324,"COMMON_ACS":5000000000,"CURRENTDEBT_DEBT":95.398948741106,"ISSUED_COMMON_SHARES":2995413777,"HK_COMMON_SHARES":2995413777,"PER_SHARES":2000,"TOTAL_MARKET_CAP":2336422746.06,"HKSK_MARKET_CAP":2336422746.06,"PE_TTM":-6.819489562392,"PB_TTM":0.387770519212,"REPORT_DATE_SQ":"2021-06-30 00:00:00","REPORT_TYPE_SQ":"2021年中报","OPERATE_INCOME_SQ":2180133000,"DPS_HKD":null,"OPERATE_INCOME_QOQ_SQ":12.20045095628,"NET_PROFIT_RATIO_SQ":17.3498589306,"HOLDER_PROFIT_SQ":393532000,"HOLDER_PROFIT_QOQ_SQ":15.083863405954,"ROE_AVG_SQ":7.651001178955,"PE_TTM_SQ":-25.148984699781,"PB_TTM_SQ":0.57010227958,"ROA_SQ":5.847732668455,"START_DATE":"2022-01-01 00:00:00","FISCAL_YEAR":"12-31","CURRENCY":"HKD","IS_CNY_CODE":0,"DPS_HKD_LY":null,"ORG_TYPE":"一般企业","PREMIUM_INCOME":null,"PREMIUM_INCOME_YOY":null,"NET_INTEREST_INCOME":null,"NET_INTEREST_INCOME_YOY":null,"FEE_COMMISSION_INCOME":null,"FEE_COMMISSION_INCOME_YOY":null,"ACCOUNTS_RECE_TDAYS":1.140601146186,"INVENTORY_TDAYS":null,"CURRENT_ASSETS_TDAYS":0.398906598994,"TOTAL_ASSETS_TDAYS":0.158154779652,"PREMIUM_EXPENSE":null,"LOAN_DEPOSIT":null,"LOAN_EQUITY":null,"LOAN_ASSETS":null,"DEPOSIT_EQUITY":null,"DEPOSIT_ASSETS":null,"EQUITY_MULTIPLIER":1.323929743497,"EQUITY_RATIO":0.325336108609},{"SECUCODE":"00302.HK","SECURITY_CODE":"00302","SECURITY_NAME_ABBR":"中手游","ORG_CODE":"10971969","STD_REPORT_DATE":"2021-12-31 00:00:00","REPORT_DATE":"2021-12-31 00:00:00","DATE_TYPE_CODE":"001","REPORT_TYPE":"2021年年报","PER_NETCASH_OPERATE":0.128457217175,"PER_OI":1.42937085674,"BPS":1.934244291886,"BASIC_EPS":0.2285,"DILUTED_EPS":0.2284,"OPERATE_INCOME":3956570000,"OPERATE_INCOME_YOY":3.5662925101,"GROSS_PROFIT":1473490000,"GROSS_PROFIT_YOY":20.455600753394,"HOLDER_PROFIT":611770000,"HOLDER_PROFIT_YOY":-12.7686544925,"GROSS_PROFIT_RATIO":37.241600679376,"EPS_TTM":0.221011181156,"OPERATE_INCOME_QOQ":-7.695297454311,"NET_PROFIT_RATIO":15.0115630458,"ROE_AVG":11.654647737763,"GROSS_PROFIT_QOQ":-3.783831786747,"ROA":8.633308961879,"HOLDER_PROFIT_QOQ":-24.201931595022,"ROE_YEARLY":11.654647737763,"ROIC_YEARLY":9.81777883446,"TOTAL_ASSETS":7841719000,"TOTAL_LIABILITIES":2047857000,"TAX_EBT":8.779369257847,"OCF_SALES":8.986976092929,"TOTAL_PARENT_EQUITY":5793862000,"DEBT_ASSET_RATIO":26.1148990419,"OPERATE_PROFIT":681998000,"PRETAX_PROFIT":651106000,"NETCASH_OPERATE":355576000,"NETCASH_INVEST":-994761000,"NETCASH_FINANCE":689815000,"END_CASH":818520000,"DIVI_RATIO":null,"DIVIDEND_RATE":null,"CURRENT_RATIO":1.859508758509,"COMMON_ACS":5000000000,"CURRENTDEBT_DEBT":87.320745540338,"ISSUED_COMMON_SHARES":2995413777,"HK_COMMON_SHARES":2995413777,"PER_SHARES":2000,"TOTAL_MARKET_CAP":2336422746.06,"HKSK_MARKET_CAP":2336422746.06,"PE_TTM":-6.819489562392,"PB_TTM":0.387770519212,"REPORT_DATE_SQ":"2020-12-31 00:00:00","REPORT_TYPE_SQ":"2020年年报","OPERATE_INCOME_SQ":3820326000,"DPS_HKD":null,"OPERATE_INCOME_QOQ_SQ":18.598766491816,"NET_PROFIT_RATIO_SQ":18.0665210246,"HOLDER_PROFIT_SQ":701319000,"HOLDER_PROFIT_QOQ_SQ":154.371125869129,"ROE_AVG_SQ":16.881929711403,"PE_TTM_SQ":-25.148984699781,"PB_TTM_SQ":0.57010227958,"ROA_SQ":12.15592054684,"START_DATE":"2021-01-01 00:00:00","FISCAL_YEAR":"12-31","CURRENCY":"HKD","IS_CNY_CODE":0,"DPS_HKD_LY":0.0928,"ORG_TYPE":"一般企业","PREMIUM_INCOME":null,"PREMIUM_INCOME_YOY":null,"NET_INTEREST_INCOME":null,"NET_INTEREST_INCOME_YOY":null,"FEE_COMMISSION_INCOME":null,"FEE_COMMISSION_INCOME_YOY":null,"ACCOUNTS_RECE_TDAYS":4.089287836741,"INVENTORY_TDAYS":null,"CURRENT_ASSETS_TDAYS":1.249114049214,"TOTAL_ASSETS_TDAYS":0.558351851828,"PREMIUM_EXPENSE":null,"LOAN_DEPOSIT":null,"LOAN_EQUITY":null,"LOAN_ASSETS":null,"DEPOSIT_EQUITY":null,"DEPOSIT_ASSETS":null,"EQUITY_MULTIPLIER":1.353452843716,"EQUITY_RATIO":0.353452843716},{"SECUCODE":"00302.HK","SECURITY_CODE":"00302","SECURITY_NAME_ABBR":"中手游","ORG_CODE":"10971969","STD_REPORT_DATE":"2021-06-30 00:00:00","REPORT_DATE":"2021-06-30 00:00:00","DATE_TYPE_CODE":"002","REPORT_TYPE":"2021年中报","PER_NETCASH_OPERATE":0.015652173913,"PER_OI":0.78760607648,"BPS":1.863726822273,"BASIC_EPS":0.1523,"DILUTED_EPS":0.1523,"OPERATE_INCOME":2180133000,"OPERATE_INCOME_YOY":27.1929527735,"GROSS_PROFIT":839631000,"GROSS_PROFIT_YOY":57.986331939683,"HOLDER_PROFIT":393532000,"HOLDER_PROFIT_YOY":36.7636735176,"GROSS_PROFIT_RATIO":38.512833850045,"EPS_TTM":0.291578909341,"OPERATE_INCOME_QOQ":12.20045095628,"NET_PROFIT_RATIO":17.3498589306,"ROE_AVG":7.651001178955,"GROSS_PROFIT_QOQ":25.19268122008,"ROA":5.847732668455,"HOLDER_PROFIT_QOQ":15.083863405954,"ROE_YEARLY":15.302002357911,"ROIC_YEARLY":14.404433349683,"TOTAL_ASSETS":7128703000,"TOTAL_LIABILITIES":1464935000,"TAX_EBT":10.497946126034,"OCF_SALES":1.987309948521,"TOTAL_PARENT_EQUITY":5582633000,"DEBT_ASSET_RATIO":20.5498110947,"OPERATE_PROFIT":436197000,"PRETAX_PROFIT":422616000,"NETCASH_OPERATE":43326000,"NETCASH_INVEST":-245975000,"NETCASH_FINANCE":474456000,"END_CASH":1059820000,"DIVI_RATIO":null,"DIVIDEND_RATE":null,"CURRENT_RATIO":2.871344732677,"COMMON_ACS":5000000000,"CURRENTDEBT_DEBT":83.456603876623,"ISSUED_COMMON_SHARES":2995413777,"HK_COMMON_SHARES":2995413777,"PER_SHARES":2000,"TOTAL_MARKET_CAP":2336422746.06,"HKSK_MARKET_CAP":2336422746.06,"PE_TTM":-6.819489562392,"PB_TTM":0.387770519212,"REPORT_DATE_SQ":"2020-06-30 00:00:00","REPORT_TYPE_SQ":"2020年中报","OPERATE_INCOME_SQ":1714036000,"DPS_HKD":null,"OPERATE_INCOME_QOQ_SQ":6.090239406436,"NET_PROFIT_RATIO_SQ":16.1059044267,"HOLDER_PROFIT_SQ":287746000,"HOLDER_PROFIT_QOQ_SQ":11.016396347061,"ROE_AVG_SQ":7.674091280951,"PE_TTM_SQ":-25.148984699781,"PB_TTM_SQ":0.57010227958,"ROA_SQ":5.329458656532,"START_DATE":"2021-01-01 00:00:00","FISCAL_YEAR":"12-31","CURRENCY":"HKD","IS_CNY_CODE":0,"DPS_HKD_LY":0.0928,"ORG_TYPE":"一般企业","PREMIUM_INCOME":null,"PREMIUM_INCOME_YOY":null,"NET_INTEREST_INCOME":null,"NET_INTEREST_INCOME_YOY":null,"FEE_COMMISSION_INCOME":null,"FEE_COMMISSION_INCOME_YOY":null,"ACCOUNTS_RECE_TDAYS":2.022455305769,"INVENTORY_TDAYS":null,"CURRENT_ASSETS_TDAYS":0.668723325548,"TOTAL_ASSETS_TDAYS":0.323959295958,"PREMIUM_EXPENSE":null,"LOAN_DEPOSIT":null,"LOAN_EQUITY":null,"LOAN_ASSETS":null,"DEPOSIT_EQUITY":null,"DEPOSIT_ASSETS":null,"EQUITY_MULTIPLIER":1.258650248386,"EQUITY_RATIO":0.262409332657},{"SECUCODE":"00302.HK","SECURITY_CODE":"00302","SECURITY_NAME_ABBR":"中手游","ORG_CODE":"10971969","STD_REPORT_DATE":"2020-12-31 00:00:00","REPORT_DATE":"2020-12-31 00:00:00","DATE_TYPE_CODE":"001","REPORT_TYPE":"2020年年报","PER_NETCASH_OPERATE":0.248399498038,"PER_OI":1.521951277812,"BPS":1.570547293373,"BASIC_EPS":0.2992,"DILUTED_EPS":0.2992,"OPERATE_INCOME":3820326000,"OPERATE_INCOME_YOY":25.8217153042,"GROSS_PROFIT":1223264000,"GROSS_PROFIT_YOY":12.930784584167,"HOLDER_PROFIT":701319000,"HOLDER_PROFIT_YOY":182.3936572874,"GROSS_PROFIT_RATIO":32.019885213984,"EPS_TTM":0.279393263351,"OPERATE_INCOME_QOQ":18.598766491816,"NET_PROFIT_RATIO":18.0665210246,"ROE_AVG":16.881929711403,"GROSS_PROFIT_QOQ":12.618877957794,"ROA":12.15592054684,"HOLDER_PROFIT_QOQ":154.371125869129,"ROE_YEARLY":16.881929711403,"ROIC_YEARLY":14.358356693438,"TOTAL_ASSETS":6330599000,"TOTAL_LIABILITIES":1529743000,"TAX_EBT":3.711206162929,"OCF_SALES":16.321120239477,"TOTAL_PARENT_EQUITY":4704439000,"DEBT_ASSET_RATIO":24.1642694475,"OPERATE_PROFIT":815056000,"PRETAX_PROFIT":716802000,"NETCASH_OPERATE":610589000,"NETCASH_INVEST":-871751000,"NETCASH_FINANCE":329680000,"END_CASH":794888000,"DIVI_RATIO":null,"DIVIDEND_RATE":null,"CURRENT_RATIO":2.05611477765,"COMMON_ACS":5000000000,"CURRENTDEBT_DEBT":95.6918253589,"ISSUED_COMMON_SHARES":2995413777,"HK_COMMON_SHARES":2995413777,"PER_SHARES":2000,"TOTAL_MARKET_CAP":2336422746.06,"HKSK_MARKET_CAP":2336422746.06,"PE_TTM":-6.819489562392,"PB_TTM":0.387770519212,"REPORT_DATE_SQ":"2019-12-31 00:00:00","REPORT_TYPE_SQ":"2019年年报","OPERATE_INCOME_SQ":3036301000,"DPS_HKD":null,"OPERATE_INCOME_QOQ_SQ":23.788473157769,"NET_PROFIT_RATIO_SQ":8.0101742219,"HOLDER_PROFIT_SQ":248348000,"HOLDER_PROFIT_QOQ_SQ":-39.246538480356,"ROE_AVG_SQ":9.276865585783,"PE_TTM_SQ":-25.148984699781,"PB_TTM_SQ":0.57010227958,"ROA_SQ":6.057096182511,"START_DATE":"2020-01-01 00:00:00","FISCAL_YEAR":"12-31","CURRENCY":"HKD","IS_CNY_CODE":0,"DPS_HKD_LY":0.0355,"ORG_TYPE":"一般企业","PREMIUM_INCOME":null,"PREMIUM_INCOME_YOY":null,"NET_INTEREST_INCOME":null,"NET_INTEREST_INCOME_YOY":null,"FEE_COMMISSION_INCOME":null,"FEE_COMMISSION_INCOME_YOY":null,"ACCOUNTS_RECE_TDAYS":4.568273417728,"INVENTORY_TDAYS":null,"CURRENT_ASSETS_TDAYS":1.3667011294,"TOTAL_ASSETS_TDAYS":0.662174835118,"PREMIUM_EXPENSE":null,"LOAN_DEPOSIT":null,"LOAN_EQUITY":null,"LOAN_ASSETS":null,"DEPOSIT_EQUITY":null,"DEPOSIT_ASSETS":null,"EQUITY_MULTIPLIER":1.318639634265,"EQUITY_RATIO":0.325170121241},{"SECUCODE":"00302.HK","SECURITY_CODE":"00302","SECURITY_NAME_ABBR":"中手游","ORG_CODE":"10971969","STD_REPORT_DATE":"2020-06-30 00:00:00","REPORT_DATE":"2020-06-30 00:00:00","DATE_TYPE_CODE":"002","REPORT_TYPE":"2020年中报","PER_NETCASH_OPERATE":0.075168551381,"PER_OI":0.735590412634,"BPS":1.30034689361,"BASIC_EPS":0.1235,"DILUTED_EPS":0.1235,"OPERATE_INCOME":1714036000,"OPERATE_INCOME_YOY":12.093115116,"GROSS_PROFIT":531458000,"GROSS_PROFIT_YOY":0.567689390642,"HOLDER_PROFIT":287746000,"HOLDER_PROFIT_YOY":10.5070529635,"GROSS_PROFIT_RATIO":31.006233241309,"EPS_TTM":0.118321567281,"OPERATE_INCOME_QOQ":6.090239406436,"NET_PROFIT_RATIO":16.1059044267,"ROE_AVG":7.674091280951,"GROSS_PROFIT_QOQ":0.276957675328,"ROA":5.329458656532,"HOLDER_PROFIT_QOQ":11.016396347061,"ROE_YEARLY":15.348182561902,"ROIC_YEARLY":12.280145268349,"TOTAL_ASSETS":5590196000,"TOTAL_LIABILITIES":1599268000,"TAX_EBT":8.425026288815,"OCF_SALES":10.218805205958,"TOTAL_PARENT_EQUITY":3895077000,"DEBT_ASSET_RATIO":28.6084423516,"OPERATE_PROFIT":341876000,"PRETAX_PROFIT":301459000,"NETCASH_OPERATE":172102000,"NETCASH_INVEST":-531573000,"NETCASH_FINANCE":27364000,"END_CASH":451120000,"DIVI_RATIO":null,"DIVIDEND_RATE":null,"CURRENT_RATIO":2.040630186033,"COMMON_ACS":5000000000,"CURRENTDEBT_DEBT":86.133030861619,"ISSUED_COMMON_SHARES":2995413777,"HK_COMMON_SHARES":2995413777,"PER_SHARES":2000,"TOTAL_MARKET_CAP":2336422746.06,"HKSK_MARKET_CAP":2336422746.06,"PE_TTM":-6.819489562392,"PB_TTM":0.387770519212,"REPORT_DATE_SQ":"2019-06-30 00:00:00","REPORT_TYPE_SQ":"2019年中报","OPERATE_INCOME_SQ":1529118000,"DPS_HKD":null,"OPERATE_INCOME_QOQ_SQ":53.665446271279,"NET_PROFIT_RATIO_SQ":16.3413811099,"HOLDER_PROFIT_SQ":260387000,"HOLDER_PROFIT_QOQ_SQ":31.421498497002,"ROE_AVG_SQ":13.846686028533,"PE_TTM_SQ":-25.148984699781,"PB_TTM_SQ":0.57010227958,"ROA_SQ":8.319470850125,"START_DATE":"2020-01-01 00:00:00","FISCAL_YEAR":"12-31","CURRENCY":"HKD","IS_CNY_CODE":0,"DPS_HKD_LY":0.0355,"ORG_TYPE":"一般企业","PREMIUM_INCOME":null,"PREMIUM_INCOME_YOY":null,"NET_INTEREST_INCOME":null,"NET_INTEREST_INCOME_YOY":null,"FEE_COMMISSION_INCOME":null,"FEE_COMMISSION_INCOME_YOY":null,"ACCOUNTS_RECE_TDAYS":2.001395342592,"INVENTORY_TDAYS":null,"CURRENT_ASSETS_TDAYS":0.635802692386,"TOTAL_ASSETS_TDAYS":0.317463457279,"PREMIUM_EXPENSE":null,"LOAN_DEPOSIT":null,"LOAN_EQUITY":null,"LOAN_ASSETS":null,"DEPOSIT_EQUITY":null,"DEPOSIT_ASSETS":null,"EQUITY_MULTIPLIER":1.40072584622,"EQUITY_RATIO":0.410587005084}],"count":16},"success":true,"message":"ok","code":0}