{"version":"5ecaa4305e0e92992696ad65a9498c22","result":{"pages":2,"data":[{"SECUCODE":"00301.HK","SECURITY_CODE":"00301","SECURITY_NAME_ABBR":"三和精化","ORG_CODE":"10000019630","STD_REPORT_DATE":"2024-06-30 00:00:00","REPORT_DATE":"2024-06-30 00:00:00","DATE_TYPE_CODE":"002","REPORT_TYPE":"2024年中报","PER_NETCASH_OPERATE":0.036008506114,"PER_OI":1.080161616162,"BPS":0.50099079679,"BASIC_EPS":0.002,"DILUTED_EPS":0.002,"OPERATE_INCOME":507946000,"OPERATE_INCOME_YOY":-2.3637031157,"GROSS_PROFIT":155020000,"GROSS_PROFIT_YOY":-0.725570434126,"HOLDER_PROFIT":823000,"HOLDER_PROFIT_YOY":-95.82318311,"GROSS_PROFIT_RATIO":30.518992176334,"EPS_TTM":-0.026936735779,"OPERATE_INCOME_QOQ":-1.142006465519,"NET_PROFIT_RATIO":0.1628125824,"ROE_AVG":0.35206372225,"GROSS_PROFIT_QOQ":-0.363214367004,"ROA":0.100397442122,"HOLDER_PROFIT_QOQ":-303.846153846154,"ROE_YEARLY":0.704127444501,"ROIC_YEARLY":0.21432654459,"TOTAL_ASSETS":866150000,"TOTAL_LIABILITIES":630454000,"TAX_EBT":69.460856720827,"OCF_SALES":3.333622077937,"TOTAL_PARENT_EQUITY":235696000,"DEBT_ASSET_RATIO":72.7880852046,"OPERATE_PROFIT":6973000,"PRETAX_PROFIT":2708000,"NETCASH_OPERATE":16933000,"NETCASH_INVEST":-34931000,"NETCASH_FINANCE":45738000,"END_CASH":65332000,"DIVI_RATIO":null,"DIVIDEND_RATE":null,"CURRENT_RATIO":0.823100492289,"COMMON_ACS":1500000000,"CURRENTDEBT_DEBT":65.02012835195,"ISSUED_COMMON_SHARES":470459740,"HK_COMMON_SHARES":470459740,"PER_SHARES":2000,"TOTAL_MARKET_CAP":493982727,"HKSK_MARKET_CAP":493982727,"PE_TTM":-36.288634093653,"PB_TTM":1.912837533426,"REPORT_DATE_SQ":"2023-06-30 00:00:00","REPORT_TYPE_SQ":"2023年中报","OPERATE_INCOME_SQ":520243000,"DPS_HKD":null,"OPERATE_INCOME_QOQ_SQ":6.222609062615,"NET_PROFIT_RATIO_SQ":3.7874608596,"HOLDER_PROFIT_SQ":19704000,"HOLDER_PROFIT_QOQ_SQ":222.951914514693,"ROE_AVG_SQ":8.522601936876,"PE_TTM_SQ":34.323758375443,"PB_TTM_SQ":1.980997418441,"ROA_SQ":2.502792841941,"START_DATE":"2024-01-01 00:00:00","FISCAL_YEAR":"12-31","CURRENCY":"HKD","IS_CNY_CODE":0,"DPS_HKD_LY":null,"ORG_TYPE":"一般企业","PREMIUM_INCOME":null,"PREMIUM_INCOME_YOY":null,"NET_INTEREST_INCOME":null,"NET_INTEREST_INCOME_YOY":null,"FEE_COMMISSION_INCOME":null,"FEE_COMMISSION_INCOME_YOY":null,"ACCOUNTS_RECE_TDAYS":5.317692629816,"INVENTORY_TDAYS":3.585844628234,"CURRENT_ASSETS_TDAYS":1.673944816563,"TOTAL_ASSETS_TDAYS":0.619641301775,"PREMIUM_EXPENSE":null,"LOAN_DEPOSIT":null,"LOAN_EQUITY":null,"LOAN_ASSETS":null,"DEPOSIT_EQUITY":null,"DEPOSIT_ASSETS":null,"EQUITY_MULTIPLIER":3.674860837684,"EQUITY_RATIO":2.674860837689},{"SECUCODE":"00301.HK","SECURITY_CODE":"00301","SECURITY_NAME_ABBR":"三和精化","ORG_CODE":"10000019630","STD_REPORT_DATE":"2023-12-31 00:00:00","REPORT_DATE":"2023-12-31 00:00:00","DATE_TYPE_CODE":"001","REPORT_TYPE":"2023年年报","PER_NETCASH_OPERATE":0.091204678363,"PER_OI":2.289822434875,"BPS":0.492779679723,"BASIC_EPS":0.0132,"DILUTED_EPS":0.0131,"OPERATE_INCOME":1076789000,"OPERATE_INCOME_YOY":13.6033127605,"GROSS_PROFIT":311937000,"GROSS_PROFIT_YOY":19.521129242995,"HOLDER_PROFIT":6214000,"HOLDER_PROFIT_YOY":38.3348174533,"GROSS_PROFIT_RATIO":28.96918523499,"EPS_TTM":0.013214247741,"OPERATE_INCOME_QOQ":6.948335917349,"NET_PROFIT_RATIO":0.5810794873,"ROE_AVG":2.740577885292,"GROSS_PROFIT_QOQ":8.519453953411,"ROA":0.795292238542,"HOLDER_PROFIT_QOQ":-57.1655063073,"ROE_YEARLY":2.740577885292,"ROIC_YEARLY":0.866655788142,"TOTAL_ASSETS":773334000,"TOTAL_LIABILITIES":541501000,"TAX_EBT":45.732870771899,"OCF_SALES":3.983045889213,"TOTAL_PARENT_EQUITY":231833000,"DEBT_ASSET_RATIO":70.021620671,"OPERATE_PROFIT":20365000,"PRETAX_PROFIT":11530000,"NETCASH_OPERATE":42889000,"NETCASH_INVEST":-60860000,"NETCASH_FINANCE":-32576000,"END_CASH":38178000,"DIVI_RATIO":null,"DIVIDEND_RATE":null,"CURRENT_RATIO":0.630189844112,"COMMON_ACS":1500000000,"CURRENTDEBT_DEBT":78.968275220175,"ISSUED_COMMON_SHARES":470459740,"HK_COMMON_SHARES":470459740,"PER_SHARES":2000,"TOTAL_MARKET_CAP":498687324.4,"HKSK_MARKET_CAP":498687324.4,"PE_TTM":-36.63424013264,"PB_TTM":1.931055033744,"REPORT_DATE_SQ":"2022-12-31 00:00:00","REPORT_TYPE_SQ":"2022年年报","OPERATE_INCOME_SQ":947850000,"DPS_HKD":null,"OPERATE_INCOME_QOQ_SQ":-3.401655884259,"NET_PROFIT_RATIO_SQ":0.4739146489,"HOLDER_PROFIT_SQ":4492000,"HOLDER_PROFIT_QOQ_SQ":2.021349080173,"ROE_AVG_SQ":1.978366570362,"PE_TTM_SQ":30.2673142038,"PB_TTM_SQ":1.746879541716,"ROA_SQ":0.596022755544,"START_DATE":"2023-01-01 00:00:00","FISCAL_YEAR":"12-31","CURRENCY":"HKD","IS_CNY_CODE":0,"DPS_HKD_LY":null,"ORG_TYPE":"一般企业","PREMIUM_INCOME":null,"PREMIUM_INCOME_YOY":null,"NET_INTEREST_INCOME":null,"NET_INTEREST_INCOME_YOY":null,"FEE_COMMISSION_INCOME":null,"FEE_COMMISSION_INCOME_YOY":null,"ACCOUNTS_RECE_TDAYS":11.062654427213,"INVENTORY_TDAYS":8.771339120861,"CURRENT_ASSETS_TDAYS":3.687974572991,"TOTAL_ASSETS_TDAYS":1.378117048997,"PREMIUM_EXPENSE":null,"LOAN_DEPOSIT":null,"LOAN_EQUITY":null,"LOAN_ASSETS":null,"DEPOSIT_EQUITY":null,"DEPOSIT_ASSETS":null,"EQUITY_MULTIPLIER":3.335737362669,"EQUITY_RATIO":2.335737362671},{"SECUCODE":"00301.HK","SECURITY_CODE":"00301","SECURITY_NAME_ABBR":"三和精化","ORG_CODE":"10000019630","STD_REPORT_DATE":"2023-06-30 00:00:00","REPORT_DATE":"2023-06-30 00:00:00","DATE_TYPE_CODE":"002","REPORT_TYPE":"2023年中报","PER_NETCASH_OPERATE":-0.06314619883,"PER_OI":1.216942690058,"BPS":0.511724977784,"BASIC_EPS":0.042,"DILUTED_EPS":0.042,"OPERATE_INCOME":520243000,"OPERATE_INCOME_YOY":12.7868760054,"GROSS_PROFIT":156153000,"GROSS_PROFIT_YOY":20.401097969066,"HOLDER_PROFIT":19704000,"HOLDER_PROFIT_YOY":103.3646403138,"GROSS_PROFIT_RATIO":30.01539665118,"EPS_TTM":0.033934502924,"OPERATE_INCOME_QOQ":6.222609062615,"NET_PROFIT_RATIO":3.7874608596,"ROE_AVG":8.522601936876,"GROSS_PROFIT_QOQ":10.137975163704,"ROA":2.502792841941,"HOLDER_PROFIT_QOQ":222.951914514693,"ROE_YEARLY":17.045203873753,"ROIC_YEARLY":5.452100431099,"TOTAL_ASSETS":785199000,"TOTAL_LIABILITIES":544453000,"TAX_EBT":12.609216303721,"OCF_SALES":-5.188921330993,"TOTAL_PARENT_EQUITY":240746000,"DEBT_ASSET_RATIO":69.3394922816,"OPERATE_PROFIT":26765000,"PRETAX_PROFIT":22547000,"NETCASH_OPERATE":-26995000,"NETCASH_INVEST":-9374000,"NETCASH_FINANCE":-15072000,"END_CASH":38453000,"DIVI_RATIO":null,"DIVIDEND_RATE":null,"CURRENT_RATIO":0.644268938411,"COMMON_ACS":1500000000,"CURRENTDEBT_DEBT":84.256492295937,"ISSUED_COMMON_SHARES":470459740,"HK_COMMON_SHARES":470459740,"PER_SHARES":2000,"TOTAL_MARKET_CAP":498687324.4,"HKSK_MARKET_CAP":498687324.4,"PE_TTM":-36.63424013264,"PB_TTM":1.931055033744,"REPORT_DATE_SQ":"2022-06-30 00:00:00","REPORT_TYPE_SQ":"2022年中报","OPERATE_INCOME_SQ":461262000,"DPS_HKD":null,"OPERATE_INCOME_QOQ_SQ":-0.191128737767,"NET_PROFIT_RATIO_SQ":2.1005415577,"HOLDER_PROFIT_SQ":9689000,"HOLDER_PROFIT_QOQ_SQ":-68.583660363896,"ROE_AVG_SQ":4.207751486871,"PE_TTM_SQ":30.2673142038,"PB_TTM_SQ":1.746879541716,"ROA_SQ":1.283354603367,"START_DATE":"2023-01-01 00:00:00","FISCAL_YEAR":"12-31","CURRENCY":"HKD","IS_CNY_CODE":0,"DPS_HKD_LY":null,"ORG_TYPE":"一般企业","PREMIUM_INCOME":null,"PREMIUM_INCOME_YOY":null,"NET_INTEREST_INCOME":null,"NET_INTEREST_INCOME_YOY":null,"FEE_COMMISSION_INCOME":null,"FEE_COMMISSION_INCOME_YOY":null,"ACCOUNTS_RECE_TDAYS":4.509226595477,"INVENTORY_TDAYS":3.72453442041,"CURRENT_ASSETS_TDAYS":1.705664423017,"TOTAL_ASSETS_TDAYS":0.660810219483,"PREMIUM_EXPENSE":null,"LOAN_DEPOSIT":null,"LOAN_EQUITY":null,"LOAN_ASSETS":null,"DEPOSIT_EQUITY":null,"DEPOSIT_ASSETS":null,"EQUITY_MULTIPLIER":3.261524594388,"EQUITY_RATIO":2.261524594386},{"SECUCODE":"00301.HK","SECURITY_CODE":"00301","SECURITY_NAME_ABBR":"三和精化","ORG_CODE":"10000019630","STD_REPORT_DATE":"2022-12-31 00:00:00","REPORT_DATE":"2022-12-31 00:00:00","DATE_TYPE_CODE":"001","REPORT_TYPE":"2022年年报","PER_NETCASH_OPERATE":0.137083040936,"PER_OI":2.217192982456,"BPS":0.4711306434,"BASIC_EPS":0.0096,"DILUTED_EPS":0.0096,"OPERATE_INCOME":947850000,"OPERATE_INCOME_YOY":-3.5862830801,"GROSS_PROFIT":260989000,"GROSS_PROFIT_YOY":-0.356593349954,"HOLDER_PROFIT":4492000,"HOLDER_PROFIT_YOY":-67.9486264716,"GROSS_PROFIT_RATIO":27.534842010867,"EPS_TTM":0.010507602339,"OPERATE_INCOME_QOQ":-3.401655884259,"NET_PROFIT_RATIO":0.4739146489,"ROE_AVG":1.978366570362,"GROSS_PROFIT_QOQ":-0.998027463774,"ROA":0.596022755544,"HOLDER_PROFIT_QOQ":2.021349080173,"ROE_YEARLY":1.978366570362,"ROIC_YEARLY":0.642219804446,"TOTAL_ASSETS":789362000,"TOTAL_LIABILITIES":567714000,"TAX_EBT":50.457703760891,"OCF_SALES":6.18272933481,"TOTAL_PARENT_EQUITY":221648000,"DEBT_ASSET_RATIO":71.9206143696,"OPERATE_PROFIT":17060000,"PRETAX_PROFIT":9067000,"NETCASH_OPERATE":58603000,"NETCASH_INVEST":-8343000,"NETCASH_FINANCE":26666000,"END_CASH":90500000,"DIVI_RATIO":null,"DIVIDEND_RATE":null,"CURRENT_RATIO":0.671918635086,"COMMON_ACS":1500000000,"CURRENTDEBT_DEBT":82.438516577009,"ISSUED_COMMON_SHARES":470459740,"HK_COMMON_SHARES":470459740,"PER_SHARES":2000,"TOTAL_MARKET_CAP":498687324.4,"HKSK_MARKET_CAP":498687324.4,"PE_TTM":-36.63424013264,"PB_TTM":1.931055033744,"REPORT_DATE_SQ":"2021-12-31 00:00:00","REPORT_TYPE_SQ":"2021年年报","OPERATE_INCOME_SQ":983107000,"DPS_HKD":null,"OPERATE_INCOME_QOQ_SQ":2.264022585095,"NET_PROFIT_RATIO_SQ":1.4255823629,"HOLDER_PROFIT_SQ":14015000,"HOLDER_PROFIT_QOQ_SQ":-80.031914742046,"ROE_AVG_SQ":6.10445300573,"PE_TTM_SQ":30.2673142038,"PB_TTM_SQ":1.746879541716,"ROA_SQ":2.026649391101,"START_DATE":"2022-01-01 00:00:00","FISCAL_YEAR":"12-31","CURRENCY":"HKD","IS_CNY_CODE":0,"DPS_HKD_LY":0.03,"ORG_TYPE":"一般企业","PREMIUM_INCOME":null,"PREMIUM_INCOME_YOY":null,"NET_INTEREST_INCOME":null,"NET_INTEREST_INCOME_YOY":null,"FEE_COMMISSION_INCOME":null,"FEE_COMMISSION_INCOME_YOY":null,"ACCOUNTS_RECE_TDAYS":9.418457334493,"INVENTORY_TDAYS":7.383220466516,"CURRENT_ASSETS_TDAYS":3.219998403335,"TOTAL_ASSETS_TDAYS":1.257658434644,"PREMIUM_EXPENSE":null,"LOAN_DEPOSIT":null,"LOAN_EQUITY":null,"LOAN_ASSETS":null,"DEPOSIT_EQUITY":null,"DEPOSIT_ASSETS":null,"EQUITY_MULTIPLIER":3.561331480548,"EQUITY_RATIO":2.561331480546},{"SECUCODE":"00301.HK","SECURITY_CODE":"00301","SECURITY_NAME_ABBR":"三和精化","ORG_CODE":"10000019630","STD_REPORT_DATE":"2022-06-30 00:00:00","REPORT_DATE":"2022-06-30 00:00:00","DATE_TYPE_CODE":"002","REPORT_TYPE":"2022年中报","PER_NETCASH_OPERATE":0.018430409357,"PER_OI":1.078975438596,"BPS":0.484774743956,"BASIC_EPS":0.021,"DILUTED_EPS":0.021,"OPERATE_INCOME":461262000,"OPERATE_INCOME_YOY":-0.4057079809,"GROSS_PROFIT":129694000,"GROSS_PROFIT_YOY":1.325812323726,"HOLDER_PROFIT":9689000,"HOLDER_PROFIT_YOY":-49.80052847,"GROSS_PROFIT_RATIO":28.117208874783,"EPS_TTM":0.010299415205,"OPERATE_INCOME_QOQ":-0.191128737767,"NET_PROFIT_RATIO":2.1005415577,"ROE_AVG":4.207751486871,"GROSS_PROFIT_QOQ":0.647900337122,"ROA":1.283354603367,"HOLDER_PROFIT_QOQ":-68.583660363896,"ROE_YEARLY":8.415502973741,"ROIC_YEARLY":2.7108505367,"TOTAL_ASSETS":791986000,"TOTAL_LIABILITIES":563919000,"TAX_EBT":31.044053804,"OCF_SALES":1.708139842432,"TOTAL_PARENT_EQUITY":228067000,"DEBT_ASSET_RATIO":71.203152581,"OPERATE_PROFIT":19159000,"PRETAX_PROFIT":14051000,"NETCASH_OPERATE":7879000,"NETCASH_INVEST":14860000,"NETCASH_FINANCE":25294000,"END_CASH":62360000,"DIVI_RATIO":null,"DIVIDEND_RATE":null,"CURRENT_RATIO":0.770127981451,"COMMON_ACS":1500000000,"CURRENTDEBT_DEBT":78.161402612787,"ISSUED_COMMON_SHARES":470459740,"HK_COMMON_SHARES":470459740,"PER_SHARES":2000,"TOTAL_MARKET_CAP":498687324.4,"HKSK_MARKET_CAP":498687324.4,"PE_TTM":-36.63424013264,"PB_TTM":1.931055033744,"REPORT_DATE_SQ":"2021-06-30 00:00:00","REPORT_TYPE_SQ":"2021年中报","OPERATE_INCOME_SQ":463141000,"DPS_HKD":null,"OPERATE_INCOME_QOQ_SQ":14.446974900862,"NET_PROFIT_RATIO_SQ":4.1674133795,"HOLDER_PROFIT_SQ":19301000,"HOLDER_PROFIT_QOQ_SQ":6.634761470678,"ROE_AVG_SQ":8.340787796288,"PE_TTM_SQ":30.2673142038,"PB_TTM_SQ":1.746879541716,"ROA_SQ":2.85052643394,"START_DATE":"2022-01-01 00:00:00","FISCAL_YEAR":"12-31","CURRENCY":"HKD","IS_CNY_CODE":0,"DPS_HKD_LY":0.03,"ORG_TYPE":"一般企业","PREMIUM_INCOME":null,"PREMIUM_INCOME_YOY":null,"NET_INTEREST_INCOME":null,"NET_INTEREST_INCOME_YOY":null,"FEE_COMMISSION_INCOME":null,"FEE_COMMISSION_INCOME_YOY":null,"ACCOUNTS_RECE_TDAYS":3.839131068062,"INVENTORY_TDAYS":3.341206820106,"CURRENT_ASSETS_TDAYS":1.503201858871,"TOTAL_ASSETS_TDAYS":0.610963681555,"PREMIUM_EXPENSE":null,"LOAN_DEPOSIT":null,"LOAN_EQUITY":null,"LOAN_ASSETS":null,"DEPOSIT_EQUITY":null,"DEPOSIT_ASSETS":null,"EQUITY_MULTIPLIER":3.472602349312,"EQUITY_RATIO":2.47260234931},{"SECUCODE":"00301.HK","SECURITY_CODE":"00301","SECURITY_NAME_ABBR":"三和精化","ORG_CODE":"10000019630","STD_REPORT_DATE":"2021-12-31 00:00:00","REPORT_DATE":"2021-12-31 00:00:00","DATE_TYPE_CODE":"001","REPORT_TYPE":"2021年年报","PER_NETCASH_OPERATE":0.127026900585,"PER_OI":2.299665497076,"BPS":0.494120920953,"BASIC_EPS":0.033,"DILUTED_EPS":0.033,"OPERATE_INCOME":983107000,"OPERATE_INCOME_YOY":17.0380802606,"GROSS_PROFIT":261923000,"GROSS_PROFIT_YOY":-2.61021852214,"HOLDER_PROFIT":14015000,"HOLDER_PROFIT_YOY":-78.7070799149,"GROSS_PROFIT_RATIO":26.642369548788,"EPS_TTM":0.032783625731,"OPERATE_INCOME_QOQ":2.264022585095,"NET_PROFIT_RATIO":1.4255823629,"ROE_AVG":6.10445300573,"GROSS_PROFIT_QOQ":-11.232703080995,"ROA":2.026649391101,"HOLDER_PROFIT_QOQ":-80.031914742046,"ROE_YEARLY":6.10445300573,"ROIC_YEARLY":2.176282787878,"TOTAL_ASSETS":717963000,"TOTAL_LIABILITIES":485499000,"TAX_EBT":11.342358299595,"OCF_SALES":5.523712067964,"TOTAL_PARENT_EQUITY":232464000,"DEBT_ASSET_RATIO":67.6217298106,"OPERATE_PROFIT":21978000,"PRETAX_PROFIT":15808000,"NETCASH_OPERATE":54304000,"NETCASH_INVEST":-83362000,"NETCASH_FINANCE":-32717000,"END_CASH":17927000,"DIVI_RATIO":null,"DIVIDEND_RATE":null,"CURRENT_RATIO":0.730914886189,"COMMON_ACS":1500000000,"CURRENTDEBT_DEBT":77.286873917351,"ISSUED_COMMON_SHARES":470459740,"HK_COMMON_SHARES":470459740,"PER_SHARES":2000,"TOTAL_MARKET_CAP":498687324.4,"HKSK_MARKET_CAP":498687324.4,"PE_TTM":-36.63424013264,"PB_TTM":1.931055033744,"REPORT_DATE_SQ":"2020-12-31 00:00:00","REPORT_TYPE_SQ":"2020年年报","OPERATE_INCOME_SQ":839989000,"DPS_HKD":null,"OPERATE_INCOME_QOQ_SQ":7.079992351329,"NET_PROFIT_RATIO_SQ":7.8358168976,"HOLDER_PROFIT_SQ":65820000,"HOLDER_PROFIT_QOQ_SQ":196.580002703555,"ROE_AVG_SQ":42.289220489262,"PE_TTM_SQ":30.2673142038,"PB_TTM_SQ":1.746879541716,"ROA_SQ":12.24374768058,"START_DATE":"2021-01-01 00:00:00","FISCAL_YEAR":"12-31","CURRENCY":"HKD","IS_CNY_CODE":0,"DPS_HKD_LY":0.03,"ORG_TYPE":"一般企业","PREMIUM_INCOME":null,"PREMIUM_INCOME_YOY":null,"NET_INTEREST_INCOME":null,"NET_INTEREST_INCOME_YOY":null,"FEE_COMMISSION_INCOME":null,"FEE_COMMISSION_INCOME_YOY":null,"ACCOUNTS_RECE_TDAYS":7.456790591662,"INVENTORY_TDAYS":8.994057454994,"CURRENT_ASSETS_TDAYS":3.177319061193,"TOTAL_ASSETS_TDAYS":1.421629113762,"PREMIUM_EXPENSE":null,"LOAN_DEPOSIT":null,"LOAN_EQUITY":null,"LOAN_ASSETS":null,"DEPOSIT_EQUITY":null,"DEPOSIT_ASSETS":null,"EQUITY_MULTIPLIER":3.088491121207,"EQUITY_RATIO":2.088491121206},{"SECUCODE":"00301.HK","SECURITY_CODE":"00301","SECURITY_NAME_ABBR":"三和精化","ORG_CODE":"10000019630","STD_REPORT_DATE":"2021-06-30 00:00:00","REPORT_DATE":"2021-06-30 00:00:00","DATE_TYPE_CODE":"002","REPORT_TYPE":"2021年中报","PER_NETCASH_OPERATE":0.068973099415,"PER_OI":1.083370760234,"BPS":0.50185165685,"BASIC_EPS":0.045,"DILUTED_EPS":0.045,"OPERATE_INCOME":463141000,"OPERATE_INCOME_YOY":35.505342493,"GROSS_PROFIT":127997000,"GROSS_PROFIT_YOY":25.643693618525,"HOLDER_PROFIT":19301000,"HOLDER_PROFIT_YOY":29.2419981251,"GROSS_PROFIT_RATIO":27.63672402141,"EPS_TTM":0.164180116959,"OPERATE_INCOME_QOQ":14.446974900862,"NET_PROFIT_RATIO":4.1674133795,"ROE_AVG":8.340787796288,"GROSS_PROFIT_QOQ":9.713582431965,"ROA":2.85052643394,"HOLDER_PROFIT_QOQ":6.634761470678,"ROE_YEARLY":16.681575592576,"ROIC_YEARLY":6.227053046581,"TOTAL_ASSETS":689098000,"TOTAL_LIABILITIES":452997000,"TAX_EBT":11.430800293686,"OCF_SALES":6.366527688112,"TOTAL_PARENT_EQUITY":236101000,"DEBT_ASSET_RATIO":65.7376744672,"OPERATE_PROFIT":25680000,"PRETAX_PROFIT":21792000,"NETCASH_OPERATE":29486000,"NETCASH_INVEST":-38295000,"NETCASH_FINANCE":-32019000,"END_CASH":37222000,"DIVI_RATIO":null,"DIVIDEND_RATE":null,"CURRENT_RATIO":0.90189296957,"COMMON_ACS":1500000000,"CURRENTDEBT_DEBT":78.891250935437,"ISSUED_COMMON_SHARES":470459740,"HK_COMMON_SHARES":470459740,"PER_SHARES":2000,"TOTAL_MARKET_CAP":498687324.4,"HKSK_MARKET_CAP":498687324.4,"PE_TTM":-36.63424013264,"PB_TTM":1.931055033744,"REPORT_DATE_SQ":"2020-06-30 00:00:00","REPORT_TYPE_SQ":"2020年中报","OPERATE_INCOME_SQ":341788000,"DPS_HKD":null,"OPERATE_INCOME_QOQ_SQ":-3.632115339256,"NET_PROFIT_RATIO_SQ":4.3693751682,"HOLDER_PROFIT_SQ":14934000,"HOLDER_PROFIT_QOQ_SQ":-7.278044704408,"ROE_AVG_SQ":11.406269094464,"PE_TTM_SQ":30.2673142038,"PB_TTM_SQ":1.746879541716,"ROA_SQ":3.154053129343,"START_DATE":"2021-01-01 00:00:00","FISCAL_YEAR":"12-31","CURRENCY":"HKD","IS_CNY_CODE":0,"DPS_HKD_LY":0.03,"ORG_TYPE":"一般企业","PREMIUM_INCOME":null,"PREMIUM_INCOME_YOY":null,"NET_INTEREST_INCOME":null,"NET_INTEREST_INCOME_YOY":null,"FEE_COMMISSION_INCOME":null,"FEE_COMMISSION_INCOME_YOY":null,"ACCOUNTS_RECE_TDAYS":2.771664616977,"INVENTORY_TDAYS":4.809206750086,"CURRENT_ASSETS_TDAYS":1.388972278496,"TOTAL_ASSETS_TDAYS":0.684003763091,"PREMIUM_EXPENSE":null,"LOAN_DEPOSIT":null,"LOAN_EQUITY":null,"LOAN_ASSETS":null,"DEPOSIT_EQUITY":null,"DEPOSIT_ASSETS":null,"EQUITY_MULTIPLIER":2.918657693106,"EQUITY_RATIO":1.918657693106},{"SECUCODE":"00301.HK","SECURITY_CODE":"00301","SECURITY_NAME_ABBR":"三和精化","ORG_CODE":"10000019630","STD_REPORT_DATE":"2020-12-31 00:00:00","REPORT_DATE":"2020-12-31 00:00:00","DATE_TYPE_CODE":"001","REPORT_TYPE":"2020年年报","PER_NETCASH_OPERATE":0.259583625731,"PER_OI":1.964886549708,"BPS":0.481888205779,"BASIC_EPS":0.155,"DILUTED_EPS":0.155,"OPERATE_INCOME":839989000,"OPERATE_INCOME_YOY":3.1907235239,"GROSS_PROFIT":268943000,"GROSS_PROFIT_YOY":19.779363297882,"HOLDER_PROFIT":65820000,"HOLDER_PROFIT_YOY":174.9947775225,"GROSS_PROFIT_RATIO":32.017443085564,"EPS_TTM":0.153964912281,"OPERATE_INCOME_QOQ":7.079992351329,"NET_PROFIT_RATIO":7.8358168976,"ROE_AVG":42.289220489262,"GROSS_PROFIT_QOQ":26.095008580029,"ROA":12.24374768058,"HOLDER_PROFIT_QOQ":196.580002703555,"ROE_YEARLY":42.289220489262,"ROIC_YEARLY":13.411782685107,"TOTAL_ASSETS":665108000,"TOTAL_LIABILITIES":438399000,"TAX_EBT":10.644710226579,"OCF_SALES":13.211125383785,"TOTAL_PARENT_EQUITY":226709000,"DEBT_ASSET_RATIO":65.9139568311,"OPERATE_PROFIT":77446000,"PRETAX_PROFIT":73661000,"NETCASH_OPERATE":110972000,"NETCASH_INVEST":-116838000,"NETCASH_FINANCE":68211000,"END_CASH":77168000,"DIVI_RATIO":null,"DIVIDEND_RATE":null,"CURRENT_RATIO":0.992994236311,"COMMON_ACS":1500000000,"CURRENTDEBT_DEBT":79.15164040064,"ISSUED_COMMON_SHARES":470459740,"HK_COMMON_SHARES":470459740,"PER_SHARES":2000,"TOTAL_MARKET_CAP":498687324.4,"HKSK_MARKET_CAP":498687324.4,"PE_TTM":-36.63424013264,"PB_TTM":1.931055033744,"REPORT_DATE_SQ":"2019-12-31 00:00:00","REPORT_TYPE_SQ":"2019年年报","OPERATE_INCOME_SQ":814016000,"DPS_HKD":null,"OPERATE_INCOME_QOQ_SQ":-0.961289278601,"NET_PROFIT_RATIO_SQ":2.9403598946,"HOLDER_PROFIT_SQ":23935000,"HOLDER_PROFIT_QOQ_SQ":-44.319080630903,"ROE_AVG_SQ":42.608300919456,"PE_TTM_SQ":30.2673142038,"PB_TTM_SQ":1.746879541716,"ROA_SQ":6.339037186723,"START_DATE":"2020-01-01 00:00:00","FISCAL_YEAR":"12-31","CURRENCY":"HKD","IS_CNY_CODE":0,"DPS_HKD_LY":0.024,"ORG_TYPE":"一般企业","PREMIUM_INCOME":null,"PREMIUM_INCOME_YOY":null,"NET_INTEREST_INCOME":null,"NET_INTEREST_INCOME_YOY":null,"FEE_COMMISSION_INCOME":null,"FEE_COMMISSION_INCOME_YOY":null,"ACCOUNTS_RECE_TDAYS":6.519350695212,"INVENTORY_TDAYS":9.516323095639,"CURRENT_ASSETS_TDAYS":3.155433426996,"TOTAL_ASSETS_TDAYS":1.562536215506,"PREMIUM_EXPENSE":null,"LOAN_DEPOSIT":null,"LOAN_EQUITY":null,"LOAN_ASSETS":null,"DEPOSIT_EQUITY":null,"DEPOSIT_ASSETS":null,"EQUITY_MULTIPLIER":2.933752078658,"EQUITY_RATIO":1.933752078656},{"SECUCODE":"00301.HK","SECURITY_CODE":"00301","SECURITY_NAME_ABBR":"三和精化","ORG_CODE":"10000019630","STD_REPORT_DATE":"2020-06-30 00:00:00","REPORT_DATE":"2020-06-30 00:00:00","DATE_TYPE_CODE":"002","REPORT_TYPE":"2020年中报","PER_NETCASH_OPERATE":0.109997660819,"PER_OI":0.799504093567,"BPS":0.376822892433,"BASIC_EPS":0.036,"DILUTED_EPS":0.036,"OPERATE_INCOME":341788000,"OPERATE_INCOME_YOY":-7.9616753825,"GROSS_PROFIT":101873000,"GROSS_PROFIT_YOY":-9.941742766467,"HOLDER_PROFIT":14934000,"HOLDER_PROFIT_YOY":-10.4461501559,"GROSS_PROFIT_RATIO":29.80590307442,"EPS_TTM":0.051913450292,"OPERATE_INCOME_QOQ":-3.632115339256,"NET_PROFIT_RATIO":4.3693751682,"ROE_AVG":11.406269094464,"GROSS_PROFIT_QOQ":-5.008640193825,"ROA":3.154053129343,"HOLDER_PROFIT_QOQ":-7.278044704408,"ROE_YEARLY":22.812538188928,"ROIC_YEARLY":7.433761792585,"TOTAL_ASSETS":536919000,"TOTAL_LIABILITIES":359639000,"TAX_EBT":15.860048453434,"OCF_SALES":13.758236099571,"TOTAL_PARENT_EQUITY":177280000,"DEBT_ASSET_RATIO":66.9819842472,"OPERATE_PROFIT":21457000,"PRETAX_PROFIT":17749000,"NETCASH_OPERATE":47024000,"NETCASH_INVEST":-40596000,"NETCASH_FINANCE":104219000,"END_CASH":126927000,"DIVI_RATIO":null,"DIVIDEND_RATE":null,"CURRENT_RATIO":1.057466419767,"COMMON_ACS":1500000000,"CURRENTDEBT_DEBT":80.485153167482,"ISSUED_COMMON_SHARES":470459740,"HK_COMMON_SHARES":470459740,"PER_SHARES":2000,"TOTAL_MARKET_CAP":498687324.4,"HKSK_MARKET_CAP":498687324.4,"PE_TTM":-36.63424013264,"PB_TTM":1.931055033744,"REPORT_DATE_SQ":"2019-06-30 00:00:00","REPORT_TYPE_SQ":"2019年中报","OPERATE_INCOME_SQ":371354000,"DPS_HKD":null,"OPERATE_INCOME_QOQ_SQ":6.857512828747,"NET_PROFIT_RATIO_SQ":4.4905938808,"HOLDER_PROFIT_SQ":16676000,"HOLDER_PROFIT_QOQ_SQ":76.65721448239,"ROE_AVG_SQ":46.243223382278,"PE_TTM_SQ":30.2673142038,"PB_TTM_SQ":1.746879541716,"ROA_SQ":4.478269276215,"START_DATE":"2020-01-01 00:00:00","FISCAL_YEAR":"12-31","CURRENCY":"HKD","IS_CNY_CODE":0,"DPS_HKD_LY":0.024,"ORG_TYPE":"一般企业","PREMIUM_INCOME":null,"PREMIUM_INCOME_YOY":null,"NET_INTEREST_INCOME":null,"NET_INTEREST_INCOME_YOY":null,"FEE_COMMISSION_INCOME":null,"FEE_COMMISSION_INCOME_YOY":null,"ACCOUNTS_RECE_TDAYS":4.128747017788,"INVENTORY_TDAYS":4.358445663627,"CURRENT_ASSETS_TDAYS":1.383955993675,"TOTAL_ASSETS_TDAYS":0.72185450045,"PREMIUM_EXPENSE":null,"LOAN_DEPOSIT":null,"LOAN_EQUITY":null,"LOAN_ASSETS":null,"DEPOSIT_EQUITY":null,"DEPOSIT_ASSETS":null,"EQUITY_MULTIPLIER":3.028649593867,"EQUITY_RATIO":2.028649593863}],"count":15},"success":true,"message":"ok","code":0}