{"version":"bb3a9c1ea807a3daf1afa41c7bff277f","result":{"pages":6,"data":[{"SECUCODE":"00313.HK","SECURITY_CODE":"00313","SECURITY_NAME_ABBR":"裕田中国(新)","ORG_CODE":"10008822","STD_REPORT_DATE":"2024-06-30 00:00:00","REPORT_DATE":"2024-09-30 00:00:00","DATE_TYPE_CODE":"002","REPORT_TYPE":"2024年中报","PER_NETCASH_OPERATE":-0.000095679049,"PER_OI":0.000801292713,"BPS":0.152257981172,"BASIC_EPS":-0.001893759,"DILUTED_EPS":-0.001893759,"OPERATE_INCOME":18699517.44,"OPERATE_INCOME_YOY":37.2154579142,"GROSS_PROFIT":10077503.25,"GROSS_PROFIT_YOY":70.291498243247,"HOLDER_PROFIT":-43294036.11,"HOLDER_PROFIT_YOY":10.315518111,"GROSS_PROFIT_RATIO":53.891782407407,"EPS_TTM":-0.008634113912,"OPERATE_INCOME_QOQ":0,"NET_PROFIT_RATIO":-233.9409722222,"ROE_AVG":-21.703887884268,"GROSS_PROFIT_QOQ":0,"ROA":-2.424314956431,"HOLDER_PROFIT_QOQ":0,"ROE_YEARLY":-43.407775768535,"ROIC_YEARLY":-4.888528088111,"TOTAL_ASSETS":1781924414.94,"TOTAL_LIABILITIES":1604717269.2,"TAX_EBT":3.66589880054,"OCF_SALES":-11.940586419753,"TOTAL_PARENT_EQUITY":177659844.32,"DEBT_ASSET_RATIO":90.055293914,"OPERATE_PROFIT":-30564368.47,"PRETAX_PROFIT":-45410537.24,"NETCASH_OPERATE":-2232832.04,"NETCASH_INVEST":2934424.66,"NETCASH_FINANCE":-4137412.52,"END_CASH":13654904.18,"DIVI_RATIO":null,"DIVIDEND_RATE":null,"CURRENT_RATIO":0.706078208802,"COMMON_ACS":2000000000,"CURRENTDEBT_DEBT":74.162002382719,"ISSUED_COMMON_SHARES":1166834362,"HK_COMMON_SHARES":1166834362,"PER_SHARES":25000,"TOTAL_MARKET_CAP":121350773.648,"HKSK_MARKET_CAP":121350773.648,"PE_TTM":-0.559890992193,"PB_TTM":0.615968760903,"REPORT_DATE_SQ":"2023-06-30 00:00:00","REPORT_TYPE_SQ":"2023年中报","OPERATE_INCOME_SQ":13867224.56,"DPS_HKD":null,"OPERATE_INCOME_QOQ_SQ":0,"NET_PROFIT_RATIO_SQ":-354.2284277395,"HOLDER_PROFIT_SQ":-49121651.53,"HOLDER_PROFIT_QOQ_SQ":0,"ROE_AVG_SQ":-11.596573301517,"PE_TTM_SQ":-2.365460514819,"PB_TTM_SQ":0.521434287607,"ROA_SQ":-2.541340519026,"START_DATE":"2024-04-01 00:00:00","FISCAL_YEAR":"3-31","CURRENCY":"HKD","IS_CNY_CODE":0,"DPS_HKD_LY":null,"ORG_TYPE":"一般企业","PREMIUM_INCOME":null,"PREMIUM_INCOME_YOY":null,"NET_INTEREST_INCOME":null,"NET_INTEREST_INCOME_YOY":null,"FEE_COMMISSION_INCOME":null,"FEE_COMMISSION_INCOME_YOY":null,"ACCOUNTS_RECE_TDAYS":14.236869207003,"INVENTORY_TDAYS":0.013211603992,"CURRENT_ASSETS_TDAYS":0.022346224225,"TOTAL_ASSETS_TDAYS":0.010471077285,"PREMIUM_EXPENSE":null,"LOAN_DEPOSIT":null,"LOAN_EQUITY":null,"LOAN_ASSETS":null,"DEPOSIT_EQUITY":null,"DEPOSIT_ASSETS":null,"EQUITY_MULTIPLIER":10.055601355658,"EQUITY_RATIO":9.032526597905},{"SECUCODE":"00313.HK","SECURITY_CODE":"00313","SECURITY_NAME_ABBR":"裕田中国(新)","ORG_CODE":"10008822","STD_REPORT_DATE":"2023-12-31 00:00:00","REPORT_DATE":"2024-03-31 00:00:00","DATE_TYPE_CODE":"001","REPORT_TYPE":"2023年年报","PER_NETCASH_OPERATE":-0.000325611858,"PER_OI":0.001240021012,"BPS":0.190652696599,"BASIC_EPS":-0.008612225,"DILUTED_EPS":-0.008612225,"OPERATE_INCOME":28937982.55,"OPERATE_INCOME_YOY":-38.2668059101,"GROSS_PROFIT":8521570,"GROSS_PROFIT_YOY":-35.653252958494,"HOLDER_PROFIT":-201491616.1,"HOLDER_PROFIT_YOY":-115.6322508452,"GROSS_PROFIT_RATIO":29.447699006923,"EPS_TTM":-0.005622471288,"OPERATE_INCOME_QOQ":0,"NET_PROFIT_RATIO":-696.2877102848,"ROE_AVG":-61.648256398522,"GROSS_PROFIT_QOQ":0,"ROA":-10.751188129588,"HOLDER_PROFIT_QOQ":0,"ROE_YEARLY":-61.648256398522,"ROIC_YEARLY":-10.890172719349,"TOTAL_ASSETS":1799173578.9,"TOTAL_LIABILITIES":1576713461.3,"TAX_EBT":1.194932207157,"OCF_SALES":-26.258575859152,"TOTAL_PARENT_EQUITY":222460117.6,"DEBT_ASSET_RATIO":87.6354277203,"OPERATE_PROFIT":-166962939.7,"PRETAX_PROFIT":-203928422.5,"NETCASH_OPERATE":-7598702.1,"NETCASH_INVEST":-10951124,"NETCASH_FINANCE":13572866.6,"END_CASH":16032336.75,"DIVI_RATIO":null,"DIVIDEND_RATE":null,"CURRENT_RATIO":0.722380914411,"COMMON_ACS":2000000000,"CURRENTDEBT_DEBT":73.54945763854,"ISSUED_COMMON_SHARES":1166834362,"HK_COMMON_SHARES":1166834362,"PER_SHARES":25000,"TOTAL_MARKET_CAP":11668343.62,"HKSK_MARKET_CAP":11668343.62,"PE_TTM":-0.053835672326,"PB_TTM":0.059227765471,"REPORT_DATE_SQ":"2022-12-31 00:00:00","REPORT_TYPE_SQ":"2022年年报","OPERATE_INCOME_SQ":45265700.28,"DPS_HKD":null,"OPERATE_INCOME_QOQ_SQ":0,"NET_PROFIT_RATIO_SQ":2749.7041076816,"HOLDER_PROFIT_SQ":1244672819.97,"HOLDER_PROFIT_QOQ_SQ":0,"ROE_AVG_SQ":-755.074707317786,"PE_TTM_SQ":-2.365460514819,"PB_TTM_SQ":0.521434287607,"ROA_SQ":38.568877908093,"START_DATE":"2023-04-01 00:00:00","FISCAL_YEAR":"3-31","CURRENCY":"HKD","IS_CNY_CODE":0,"DPS_HKD_LY":null,"ORG_TYPE":"一般企业","PREMIUM_INCOME":null,"PREMIUM_INCOME_YOY":null,"NET_INTEREST_INCOME":null,"NET_INTEREST_INCOME_YOY":null,"FEE_COMMISSION_INCOME":null,"FEE_COMMISSION_INCOME_YOY":null,"ACCOUNTS_RECE_TDAYS":16.5436641617,"INVENTORY_TDAYS":0.031490613012,"CURRENT_ASSETS_TDAYS":0.032230037717,"TOTAL_ASSETS_TDAYS":0.015440726543,"PREMIUM_EXPENSE":null,"LOAN_DEPOSIT":null,"LOAN_EQUITY":null,"LOAN_ASSETS":null,"DEPOSIT_EQUITY":null,"DEPOSIT_ASSETS":null,"EQUITY_MULTIPLIER":8.087623068384,"EQUITY_RATIO":7.087623068397},{"SECUCODE":"00313.HK","SECURITY_CODE":"00313","SECURITY_NAME_ABBR":"裕田中国(新)","ORG_CODE":"10008822","STD_REPORT_DATE":"2023-06-30 00:00:00","REPORT_DATE":"2023-09-30 00:00:00","DATE_TYPE_CODE":"002","REPORT_TYPE":"2023年中报","PER_NETCASH_OPERATE":-0.000233804735,"PER_OI":0.000594224211,"BPS":0.351963813044,"BASIC_EPS":-0.002110549,"DILUTED_EPS":-0.002110549,"OPERATE_INCOME":13867224.56,"OPERATE_INCOME_YOY":-56.1093200895,"GROSS_PROFIT":5917795.87,"GROSS_PROFIT_YOY":104.790287926805,"HOLDER_PROFIT":-49121651.53,"HOLDER_PROFIT_YOY":-103.649155863,"GROSS_PROFIT_RATIO":42.674695606141,"EPS_TTM":0.053335454444,"OPERATE_INCOME_QOQ":0,"NET_PROFIT_RATIO":-354.2284277395,"ROE_AVG":-11.596573301517,"GROSS_PROFIT_QOQ":0,"ROA":-2.541340519026,"HOLDER_PROFIT_QOQ":0,"ROE_YEARLY":-23.193146603034,"ROIC_YEARLY":-5.169916918775,"TOTAL_ASSETS":1892890834.52,"TOTAL_LIABILITIES":1482207363.28,"TAX_EBT":16.044290396951,"OCF_SALES":-39.346214928534,"TOTAL_PARENT_EQUITY":410683471.24,"DEBT_ASSET_RATIO":78.3039009038,"OPERATE_PROFIT":-57443638,"PRETAX_PROFIT":-58509006.43,"NETCASH_OPERATE":-5456227.98,"NETCASH_INVEST":49552.02,"NETCASH_FINANCE":8090743.71,"END_CASH":33037432.89,"DIVI_RATIO":null,"DIVIDEND_RATE":null,"CURRENT_RATIO":0.699933806755,"COMMON_ACS":2000000000,"CURRENTDEBT_DEBT":94.276944335759,"ISSUED_COMMON_SHARES":1166834362,"HK_COMMON_SHARES":1166834362,"PER_SHARES":25000,"TOTAL_MARKET_CAP":11668343.62,"HKSK_MARKET_CAP":11668343.62,"PE_TTM":-0.053835672326,"PB_TTM":0.059227765471,"REPORT_DATE_SQ":"2022-06-30 00:00:00","REPORT_TYPE_SQ":"2022年中报","OPERATE_INCOME_SQ":31140773.64,"DPS_HKD":null,"OPERATE_INCOME_QOQ_SQ":0,"NET_PROFIT_RATIO_SQ":4260.5268508031,"HOLDER_PROFIT_SQ":1326761022.48,"HOLDER_PROFIT_QOQ_SQ":0,"ROE_AVG_SQ":-865.646575633475,"PE_TTM_SQ":-2.365460514819,"PB_TTM_SQ":0.521434287607,"ROA_SQ":39.656941726051,"START_DATE":"2023-04-01 00:00:00","FISCAL_YEAR":"3-31","CURRENCY":"HKD","IS_CNY_CODE":0,"DPS_HKD_LY":null,"ORG_TYPE":"一般企业","PREMIUM_INCOME":null,"PREMIUM_INCOME_YOY":null,"NET_INTEREST_INCOME":null,"NET_INTEREST_INCOME_YOY":null,"FEE_COMMISSION_INCOME":null,"FEE_COMMISSION_INCOME_YOY":null,"ACCOUNTS_RECE_TDAYS":5.738370989178,"INVENTORY_TDAYS":0.012361974834,"CURRENT_ASSETS_TDAYS":0.014239019927,"TOTAL_ASSETS_TDAYS":0.007174298616,"PREMIUM_EXPENSE":null,"LOAN_DEPOSIT":null,"LOAN_EQUITY":null,"LOAN_ASSETS":null,"DEPOSIT_EQUITY":null,"DEPOSIT_ASSETS":null,"EQUITY_MULTIPLIER":4.609123490661,"EQUITY_RATIO":3.609123490665},{"SECUCODE":"00313.HK","SECURITY_CODE":"00313","SECURITY_NAME_ABBR":"裕田中国(新)","ORG_CODE":"10008822","STD_REPORT_DATE":"2022-12-31 00:00:00","REPORT_DATE":"2023-03-31 00:00:00","DATE_TYPE_CODE":"001","REPORT_TYPE":"2022年年报","PER_NETCASH_OPERATE":-0.003573747824,"PER_OI":0.001939679775,"BPS":0.356870618908,"BASIC_EPS":0.053312469,"DILUTED_EPS":0.053312469,"OPERATE_INCOME":45265700.28,"OPERATE_INCOME_YOY":-91.8907347551,"GROSS_PROFIT":13243202.48,"GROSS_PROFIT_YOY":-60.830743119365,"HOLDER_PROFIT":1244672819.97,"HOLDER_PROFIT_YOY":456.4487419902,"GROSS_PROFIT_RATIO":29.256594724221,"EPS_TTM":0.049378253866,"OPERATE_INCOME_QOQ":0,"NET_PROFIT_RATIO":2749.7041076816,"ROE_AVG":-755.074707317786,"GROSS_PROFIT_QOQ":0,"ROA":38.568877908093,"HOLDER_PROFIT_QOQ":0,"ROE_YEARLY":-755.074707317786,"ROIC_YEARLY":39.10491036067,"TOTAL_ASSETS":1882142004.92,"TOTAL_LIABILITIES":1465733103.99,"TAX_EBT":-0.060593009214,"OCF_SALES":-184.244217529202,"TOTAL_PARENT_EQUITY":416408900.93,"DEBT_ASSET_RATIO":77.8757979025,"OPERATE_PROFIT":1289390513.59,"PRETAX_PROFIT":1243919091.96,"NETCASH_OPERATE":-83399435.29,"NETCASH_INVEST":-7867309.67,"NETCASH_FINANCE":66044432.04,"END_CASH":30712009.03,"DIVI_RATIO":null,"DIVIDEND_RATE":null,"CURRENT_RATIO":0.673715047114,"COMMON_ACS":2000000000,"CURRENTDEBT_DEBT":93.681148202365,"ISSUED_COMMON_SHARES":1166834362,"HK_COMMON_SHARES":1166834362,"PER_SHARES":25000,"TOTAL_MARKET_CAP":11668343.62,"HKSK_MARKET_CAP":11668343.62,"PE_TTM":-0.053835672326,"PB_TTM":0.059227765471,"REPORT_DATE_SQ":"2021-12-31 00:00:00","REPORT_TYPE_SQ":"2021年年报","OPERATE_INCOME_SQ":517133227.41,"DPS_HKD":null,"OPERATE_INCOME_QOQ_SQ":0,"NET_PROFIT_RATIO_SQ":-62.5562032554,"HOLDER_PROFIT_SQ":-323498912.84,"HOLDER_PROFIT_QOQ_SQ":0,"ROE_AVG_SQ":64.479752480929,"PE_TTM_SQ":-2.365460514819,"PB_TTM_SQ":0.521434287607,"ROA_SQ":-7.591745277879,"START_DATE":"2022-04-01 00:00:00","FISCAL_YEAR":"3-31","CURRENCY":"HKD","IS_CNY_CODE":0,"DPS_HKD_LY":null,"ORG_TYPE":"一般企业","PREMIUM_INCOME":null,"PREMIUM_INCOME_YOY":null,"NET_INTEREST_INCOME":null,"NET_INTEREST_INCOME_YOY":null,"FEE_COMMISSION_INCOME":null,"FEE_COMMISSION_INCOME_YOY":null,"ACCOUNTS_RECE_TDAYS":8.50110974106,"INVENTORY_TDAYS":0.047531771767,"CURRENT_ASSETS_TDAYS":0.020375750304,"TOTAL_ASSETS_TDAYS":0.01402655573,"PREMIUM_EXPENSE":null,"LOAN_DEPOSIT":null,"LOAN_EQUITY":null,"LOAN_ASSETS":null,"DEPOSIT_EQUITY":null,"DEPOSIT_ASSETS":null,"EQUITY_MULTIPLIER":4.51993701555,"EQUITY_RATIO":3.519937015555},{"SECUCODE":"00313.HK","SECURITY_CODE":"00313","SECURITY_NAME_ABBR":"裕田中国(新)","ORG_CODE":"10008822","STD_REPORT_DATE":"2022-06-30 00:00:00","REPORT_DATE":"2022-09-30 00:00:00","DATE_TYPE_CODE":"002","REPORT_TYPE":"2022年中报","PER_NETCASH_OPERATE":-0.001145902895,"PER_OI":0.001334412777,"BPS":0.397910875785,"BASIC_EPS":0.056889276,"DILUTED_EPS":0.056889276,"OPERATE_INCOME":31140773.64,"OPERATE_INCOME_YOY":180.5426546077,"GROSS_PROFIT":2889685.8,"GROSS_PROFIT_YOY":273.788869990736,"HOLDER_PROFIT":1326761022.48,"HOLDER_PROFIT_YOY":919.8229514793,"GROSS_PROFIT_RATIO":9.279428422062,"EPS_TTM":-0.013862246569,"OPERATE_INCOME_QOQ":0,"NET_PROFIT_RATIO":4260.5268508031,"ROE_AVG":-865.646575633475,"GROSS_PROFIT_QOQ":0,"ROA":39.656941726051,"HOLDER_PROFIT_QOQ":0,"ROE_YEARLY":-1731.29315126695,"ROIC_YEARLY":80.517196617376,"TOTAL_ASSETS":1967428332,"TOTAL_LIABILITIES":1503132249.12,"TAX_EBT":-0.11076086504,"OCF_SALES":-85.873195666696,"TOTAL_PARENT_EQUITY":464296082.88,"DEBT_ASSET_RATIO":76.4008642486,"OPERATE_PROFIT":1348246899.12,"PRETAX_PROFIT":1325293116.36,"NETCASH_OPERATE":-26741577.48,"NETCASH_INVEST":-7836068.16,"NETCASH_FINANCE":14547917.4,"END_CASH":40322648.52,"DIVI_RATIO":null,"DIVIDEND_RATE":null,"CURRENT_RATIO":0.709231071689,"COMMON_ACS":2000000000,"CURRENTDEBT_DEBT":93.95979898288,"ISSUED_COMMON_SHARES":1166834362,"HK_COMMON_SHARES":1166834362,"PER_SHARES":25000,"TOTAL_MARKET_CAP":11668343.62,"HKSK_MARKET_CAP":11668343.62,"PE_TTM":-0.053835672326,"PB_TTM":0.059227765471,"REPORT_DATE_SQ":"2021-06-30 00:00:00","REPORT_TYPE_SQ":"2021年中报","OPERATE_INCOME_SQ":10224145.38,"DPS_HKD":null,"OPERATE_INCOME_QOQ_SQ":0,"NET_PROFIT_RATIO_SQ":-1457.9483418887,"HOLDER_PROFIT_SQ":-149062758.04,"HOLDER_PROFIT_QOQ_SQ":0,"ROE_AVG_SQ":37.803104166953,"PE_TTM_SQ":-2.365460514819,"PB_TTM_SQ":0.521434287607,"ROA_SQ":-3.320441926411,"START_DATE":"2022-04-01 00:00:00","FISCAL_YEAR":"3-31","CURRENCY":"HKD","IS_CNY_CODE":0,"DPS_HKD_LY":null,"ORG_TYPE":"一般企业","PREMIUM_INCOME":null,"PREMIUM_INCOME_YOY":null,"NET_INTEREST_INCOME":null,"NET_INTEREST_INCOME_YOY":null,"FEE_COMMISSION_INCOME":null,"FEE_COMMISSION_INCOME_YOY":null,"ACCOUNTS_RECE_TDAYS":5.117568370987,"INVENTORY_TDAYS":0.039263131233,"CURRENT_ASSETS_TDAYS":0.013433329334,"TOTAL_ASSETS_TDAYS":0.009307990095,"PREMIUM_EXPENSE":null,"LOAN_DEPOSIT":null,"LOAN_EQUITY":null,"LOAN_ASSETS":null,"DEPOSIT_EQUITY":null,"DEPOSIT_ASSETS":null,"EQUITY_MULTIPLIER":4.237443313748,"EQUITY_RATIO":3.23744331375},{"SECUCODE":"00313.HK","SECURITY_CODE":"00313","SECURITY_NAME_ABBR":"裕田中国(新)","ORG_CODE":"10008822","STD_REPORT_DATE":"2021-12-31 00:00:00","REPORT_DATE":"2022-03-31 00:00:00","DATE_TYPE_CODE":"001","REPORT_TYPE":"2021年年报","PER_NETCASH_OPERATE":-0.002223713088,"PER_OI":0.022159667384,"BPS":-0.592375731526,"BASIC_EPS":-0.013868271,"DILUTED_EPS":-0.013868271,"OPERATE_INCOME":517133227.41,"OPERATE_INCOME_YOY":1448.87534007,"GROSS_PROFIT":33810195.89,"GROSS_PROFIT_YOY":273.44608548239,"HOLDER_PROFIT":-323498912.84,"HOLDER_PROFIT_YOY":4.0410698563,"GROSS_PROFIT_RATIO":6.538004927538,"EPS_TTM":-0.017910020246,"OPERATE_INCOME_QOQ":0,"NET_PROFIT_RATIO":-62.5562032554,"ROE_AVG":64.479752480929,"GROSS_PROFIT_QOQ":0,"ROA":-7.591745277879,"HOLDER_PROFIT_QOQ":0,"ROE_YEARLY":64.479752480929,"ROIC_YEARLY":-7.68186815737,"TOTAL_ASSETS":4235791688.6,"TOTAL_LIABILITIES":4926996047.36,"TAX_EBT":1.895757909649,"OCF_SALES":-10.034956974222,"TOTAL_PARENT_EQUITY":-691204358.76,"DEBT_ASSET_RATIO":116.3181858216,"OPERATE_PROFIT":-59823341.64,"PRETAX_PROFIT":-329750177.92,"NETCASH_OPERATE":-51894096.87,"NETCASH_INVEST":652863.05,"NETCASH_FINANCE":68731475.48,"END_CASH":60421056.01,"DIVI_RATIO":null,"DIVIDEND_RATE":null,"CURRENT_RATIO":0.67263925347,"COMMON_ACS":2000000000,"CURRENTDEBT_DEBT":98.34379016371,"ISSUED_COMMON_SHARES":1166834362,"HK_COMMON_SHARES":1166834362,"PER_SHARES":25000,"TOTAL_MARKET_CAP":11668343.62,"HKSK_MARKET_CAP":11668343.62,"PE_TTM":-0.053835672326,"PB_TTM":0.059227765471,"REPORT_DATE_SQ":"2020-12-31 00:00:00","REPORT_TYPE_SQ":"2020年年报","OPERATE_INCOME_SQ":34794370.24,"DPS_HKD":null,"OPERATE_INCOME_QOQ_SQ":0,"NET_PROFIT_RATIO_SQ":-1009.7211426351,"HOLDER_PROFIT_SQ":-351326112.76,"HOLDER_PROFIT_QOQ_SQ":0,"ROE_AVG_SQ":270.573455705266,"PE_TTM_SQ":-2.365460514819,"PB_TTM_SQ":0.521434287607,"ROA_SQ":-8.347386815417,"START_DATE":"2021-04-01 00:00:00","FISCAL_YEAR":"3-31","CURRENCY":"HKD","IS_CNY_CODE":0,"DPS_HKD_LY":null,"ORG_TYPE":"一般企业","PREMIUM_INCOME":null,"PREMIUM_INCOME_YOY":null,"NET_INTEREST_INCOME":null,"NET_INTEREST_INCOME_YOY":null,"FEE_COMMISSION_INCOME":null,"FEE_COMMISSION_INCOME_YOY":null,"ACCOUNTS_RECE_TDAYS":72.364637121943,"INVENTORY_TDAYS":0.323717356776,"CURRENT_ASSETS_TDAYS":0.176412147088,"TOTAL_ASSETS_TDAYS":0.121358792299,"PREMIUM_EXPENSE":null,"LOAN_DEPOSIT":null,"LOAN_EQUITY":null,"LOAN_ASSETS":null,"DEPOSIT_EQUITY":null,"DEPOSIT_ASSETS":null,"EQUITY_MULTIPLIER":-6.128132201291,"EQUITY_RATIO":-7.128132201306},{"SECUCODE":"00313.HK","SECURITY_CODE":"00313","SECURITY_NAME_ABBR":"裕田中国(新)","ORG_CODE":"10008822","STD_REPORT_DATE":"2021-06-30 00:00:00","REPORT_DATE":"2021-09-30 00:00:00","DATE_TYPE_CODE":"002","REPORT_TYPE":"2021年中报","PER_NETCASH_OPERATE":0.001567974368,"PER_OI":0.000438114685,"BPS":-0.401025758496,"BASIC_EPS":-0.006414562,"DILUTED_EPS":-0.006414562,"OPERATE_INCOME":10224145.38,"OPERATE_INCOME_YOY":-21.0434894493,"GROSS_PROFIT":773079.68,"GROSS_PROFIT_YOY":-75.955744319,"HOLDER_PROFIT":-149062758.04,"HOLDER_PROFIT_YOY":-90.7510260647,"GROSS_PROFIT_RATIO":7.561313452294,"EPS_TTM":-0.015054669453,"OPERATE_INCOME_QOQ":0,"NET_PROFIT_RATIO":-1457.9483418887,"ROE_AVG":37.803104166953,"GROSS_PROFIT_QOQ":0,"ROA":-3.320441926411,"HOLDER_PROFIT_QOQ":0,"ROE_YEARLY":75.606208333906,"ROIC_YEARLY":-6.708943602153,"TOTAL_ASSETS":4575349626.26,"TOTAL_LIABILITIES":5043280261.32,"TAX_EBT":3.059886662838,"OCF_SALES":357.891306119123,"TOTAL_PARENT_EQUITY":-467930635.06,"DEBT_ASSET_RATIO":110.2272104491,"OPERATE_PROFIT":-54058929.52,"PRETAX_PROFIT":-153767880.92,"NETCASH_OPERATE":36591327.44,"NETCASH_INVEST":130790.42,"NETCASH_FINANCE":-41888755.98,"END_CASH":43347444.04,"DIVI_RATIO":null,"DIVIDEND_RATE":null,"CURRENT_RATIO":0.587835146636,"COMMON_ACS":2000000000,"CURRENTDEBT_DEBT":96.132160275603,"ISSUED_COMMON_SHARES":1166834362,"HK_COMMON_SHARES":1166834362,"PER_SHARES":25000,"TOTAL_MARKET_CAP":11668343.62,"HKSK_MARKET_CAP":11668343.62,"PE_TTM":-0.053835672326,"PB_TTM":0.059227765471,"REPORT_DATE_SQ":"2020-06-30 00:00:00","REPORT_TYPE_SQ":"2020年中报","OPERATE_INCOME_SQ":13658823.68,"DPS_HKD":null,"OPERATE_INCOME_QOQ_SQ":0,"NET_PROFIT_RATIO_SQ":-603.4804426145,"HOLDER_PROFIT_SQ":-82428329.6,"HOLDER_PROFIT_QOQ_SQ":0,"ROE_AVG_SQ":-325.310814794264,"PE_TTM_SQ":-2.365460514819,"PB_TTM_SQ":0.521434287607,"ROA_SQ":-1.901319674559,"START_DATE":"2021-04-01 00:00:00","FISCAL_YEAR":"3-31","CURRENCY":"HKD","IS_CNY_CODE":0,"DPS_HKD_LY":null,"ORG_TYPE":"一般企业","PREMIUM_INCOME":null,"PREMIUM_INCOME_YOY":null,"NET_INTEREST_INCOME":null,"NET_INTEREST_INCOME_YOY":null,"FEE_COMMISSION_INCOME":null,"FEE_COMMISSION_INCOME_YOY":null,"ACCOUNTS_RECE_TDAYS":1.020793479165,"INVENTORY_TDAYS":0.003845144882,"CURRENT_ASSETS_TDAYS":0.003701503719,"TOTAL_ASSETS_TDAYS":0.002277475704,"PREMIUM_EXPENSE":null,"LOAN_DEPOSIT":null,"LOAN_EQUITY":null,"LOAN_ASSETS":null,"DEPOSIT_EQUITY":null,"DEPOSIT_ASSETS":null,"EQUITY_MULTIPLIER":-9.777837319149,"EQUITY_RATIO":-10.777837319143},{"SECUCODE":"00313.HK","SECURITY_CODE":"00313","SECURITY_NAME_ABBR":"裕田中国(新)","ORG_CODE":"10008822","STD_REPORT_DATE":"2020-12-31 00:00:00","REPORT_DATE":"2021-03-31 00:00:00","DATE_TYPE_CODE":"001","REPORT_TYPE":"2020年年报","PER_NETCASH_OPERATE":0.002871774481,"PER_OI":0.001490972984,"BPS":-0.27884179088,"BASIC_EPS":-0.015044204,"DILUTED_EPS":-0.015044204,"OPERATE_INCOME":34794370.24,"OPERATE_INCOME_YOY":-77.3412517131,"GROSS_PROFIT":9053568.16,"GROSS_PROFIT_YOY":-12.008809801936,"HOLDER_PROFIT":-351326112.76,"HOLDER_PROFIT_YOY":-40.9779689069,"GROSS_PROFIT_RATIO":26.020209871745,"EPS_TTM":-0.012699902889,"OPERATE_INCOME_QOQ":0,"NET_PROFIT_RATIO":-1009.7211426351,"ROE_AVG":270.573455705266,"GROSS_PROFIT_QOQ":0,"ROA":-8.347386815417,"HOLDER_PROFIT_QOQ":0,"ROE_YEARLY":270.573455705266,"ROIC_YEARLY":-8.418736986924,"TOTAL_ASSETS":4467199735.18,"TOTAL_LIABILITIES":4792561918.34,"TAX_EBT":3.942524777986,"OCF_SALES":192.610765643218,"TOTAL_PARENT_EQUITY":-325362183.16,"DEBT_ASSET_RATIO":107.2833587582,"OPERATE_PROFIT":-146003154.64,"PRETAX_PROFIT":-365745728.74,"NETCASH_OPERATE":67017702.92,"NETCASH_INVEST":5744688.46,"NETCASH_FINANCE":-49985635.56,"END_CASH":48430504.36,"DIVI_RATIO":null,"DIVIDEND_RATE":null,"CURRENT_RATIO":0.627533432622,"COMMON_ACS":2000000000,"CURRENTDEBT_DEBT":90.217271499699,"ISSUED_COMMON_SHARES":1166834362,"HK_COMMON_SHARES":1166834362,"PER_SHARES":25000,"TOTAL_MARKET_CAP":11668343.62,"HKSK_MARKET_CAP":11668343.62,"PE_TTM":-0.053835672326,"PB_TTM":0.059227765471,"REPORT_DATE_SQ":"2019-12-31 00:00:00","REPORT_TYPE_SQ":"2019年年报","OPERATE_INCOME_SQ":166007411.9,"DPS_HKD":null,"OPERATE_INCOME_QOQ_SQ":0,"NET_PROFIT_RATIO_SQ":-162.2878907131,"HOLDER_PROFIT_SQ":-269409927.2,"HOLDER_PROFIT_QOQ_SQ":0,"ROE_AVG_SQ":-127.477458976526,"PE_TTM_SQ":-2.365460514819,"PB_TTM_SQ":0.521434287607,"ROA_SQ":-6.40452767108,"START_DATE":"2020-04-01 00:00:00","FISCAL_YEAR":"3-31","CURRENCY":"HKD","IS_CNY_CODE":0,"DPS_HKD_LY":null,"ORG_TYPE":"一般企业","PREMIUM_INCOME":null,"PREMIUM_INCOME_YOY":null,"NET_INTEREST_INCOME":null,"NET_INTEREST_INCOME_YOY":null,"FEE_COMMISSION_INCOME":null,"FEE_COMMISSION_INCOME_YOY":null,"ACCOUNTS_RECE_TDAYS":4.828807694563,"INVENTORY_TDAYS":0.011604661907,"CURRENT_ASSETS_TDAYS":0.014078505588,"TOTAL_ASSETS_TDAYS":0.008267021916,"PREMIUM_EXPENSE":null,"LOAN_DEPOSIT":null,"LOAN_EQUITY":null,"LOAN_ASSETS":null,"DEPOSIT_EQUITY":null,"DEPOSIT_ASSETS":null,"EQUITY_MULTIPLIER":-13.729929187878,"EQUITY_RATIO":-14.729929187816},{"SECUCODE":"00313.HK","SECURITY_CODE":"00313","SECURITY_NAME_ABBR":"裕田中国(新)","ORG_CODE":"10008822","STD_REPORT_DATE":"2020-06-30 00:00:00","REPORT_DATE":"2020-09-30 00:00:00","DATE_TYPE_CODE":"002","REPORT_TYPE":"2020年中报","PER_NETCASH_OPERATE":0.002663268566,"PER_OI":0.000585294028,"BPS":-0.015084951981,"BASIC_EPS":-0.00351488,"DILUTED_EPS":-0.00351488,"OPERATE_INCOME":13658823.68,"OPERATE_INCOME_YOY":-90.1914509636,"GROSS_PROFIT":3215236.48,"GROSS_PROFIT_YOY":-86.021473697848,"HOLDER_PROFIT":-82428329.6,"HOLDER_PROFIT_YOY":-52.5532606928,"GROSS_PROFIT_RATIO":23.539629439012,"EPS_TTM":-0.011544480339,"OPERATE_INCOME_QOQ":0,"NET_PROFIT_RATIO":-603.4804426145,"ROE_AVG":-325.310814794264,"GROSS_PROFIT_QOQ":0,"ROA":-1.901319674559,"HOLDER_PROFIT_QOQ":0,"ROE_YEARLY":-650.621629588528,"ROIC_YEARLY":-3.830157102588,"TOTAL_ASSETS":4563444273.92,"TOTAL_LIABILITIES":4581045914.24,"TAX_EBT":2.173346264952,"OCF_SALES":455.030880082347,"TOTAL_PARENT_EQUITY":-17601640.32,"DEBT_ASSET_RATIO":100.3857095488,"OPERATE_PROFIT":-42836721.28,"PRETAX_PROFIT":-84259582.08,"NETCASH_OPERATE":62151865.6,"NETCASH_INVEST":-7498117.76,"NETCASH_FINANCE":-41303354.88,"END_CASH":38474755.2,"DIVI_RATIO":null,"DIVIDEND_RATE":null,"CURRENT_RATIO":0.661722132149,"COMMON_ACS":2000000000,"CURRENTDEBT_DEBT":89.666310335627,"ISSUED_COMMON_SHARES":1166834362,"HK_COMMON_SHARES":1166834362,"PER_SHARES":25000,"TOTAL_MARKET_CAP":11668343.62,"HKSK_MARKET_CAP":11668343.62,"PE_TTM":-0.053835672326,"PB_TTM":0.059227765471,"REPORT_DATE_SQ":"2019-06-30 00:00:00","REPORT_TYPE_SQ":"2019年中报","OPERATE_INCOME_SQ":142945132.74,"DPS_HKD":null,"OPERATE_INCOME_QOQ_SQ":0,"NET_PROFIT_RATIO_SQ":-38.8013175663,"HOLDER_PROFIT_SQ":-55464594.9,"HOLDER_PROFIT_QOQ_SQ":0,"ROE_AVG_SQ":-17.830475643669,"PE_TTM_SQ":-2.365460514819,"PB_TTM_SQ":0.521434287607,"ROA_SQ":-1.363409041449,"START_DATE":"2020-04-01 00:00:00","FISCAL_YEAR":"3-31","CURRENCY":"HKD","IS_CNY_CODE":0,"DPS_HKD_LY":null,"ORG_TYPE":"一般企业","PREMIUM_INCOME":null,"PREMIUM_INCOME_YOY":null,"NET_INTEREST_INCOME":null,"NET_INTEREST_INCOME_YOY":null,"FEE_COMMISSION_INCOME":null,"FEE_COMMISSION_INCOME_YOY":null,"ACCOUNTS_RECE_TDAYS":2.268038228642,"INVENTORY_TDAYS":0.004583678748,"CURRENT_ASSETS_TDAYS":0.005424219959,"TOTAL_ASSETS_TDAYS":0.003150590376,"PREMIUM_EXPENSE":null,"LOAN_DEPOSIT":null,"LOAN_EQUITY":null,"LOAN_ASSETS":null,"DEPOSIT_EQUITY":null,"DEPOSIT_ASSETS":null,"EQUITY_MULTIPLIER":-259.262443232521,"EQUITY_RATIO":-260.26244321302}],"count":48},"success":true,"message":"ok","code":0}