{"version":"5dfb30fb236d1ab86b8f392a1593cff9","result":{"pages":4,"data":[{"SECUCODE":"00312.HK","SECURITY_CODE":"00312","SECURITY_NAME_ABBR":"岁宝百货","ORG_CODE":"10149107","STD_REPORT_DATE":"2024-06-30 00:00:00","REPORT_DATE":"2024-06-30 00:00:00","DATE_TYPE_CODE":"002","REPORT_TYPE":"2024年中报","PER_NETCASH_OPERATE":0.013905811623,"PER_OI":0.039239679359,"BPS":0.30736993988,"BASIC_EPS":-0.01,"DILUTED_EPS":-0.01,"OPERATE_INCOME":97903000,"OPERATE_INCOME_YOY":6.4961764802,"GROSS_PROFIT":92739000,"GROSS_PROFIT_YOY":4.313641680914,"HOLDER_PROFIT":-18478000,"HOLDER_PROFIT_YOY":71.0761524615,"GROSS_PROFIT_RATIO":94.725391458893,"EPS_TTM":-0.118466933868,"OPERATE_INCOME_QOQ":3.132178783842,"NET_PROFIT_RATIO":-18.8737832344,"ROE_AVG":-2.380058413058,"GROSS_PROFIT_QOQ":2.084250457883,"ROA":-0.799903031562,"HOLDER_PROFIT_QOQ":13.316538702923,"ROE_YEARLY":-4.760116826117,"ROIC_YEARLY":-1.632443556771,"TOTAL_ASSETS":2277639000,"TOTAL_LIABILITIES":1510751000,"TAX_EBT":-272.015300986511,"OCF_SALES":35.438137748588,"TOTAL_PARENT_EQUITY":766888000,"DEBT_ASSET_RATIO":66.3296949165,"OPERATE_PROFIT":31242000,"PRETAX_PROFIT":-4967000,"NETCASH_OPERATE":34695000,"NETCASH_INVEST":15618000,"NETCASH_FINANCE":-58090000,"END_CASH":42242000,"DIVI_RATIO":null,"DIVIDEND_RATE":null,"CURRENT_RATIO":0.600942880547,"COMMON_ACS":15000000000,"CURRENTDEBT_DEBT":41.292906640472,"ISSUED_COMMON_SHARES":2495000000,"HK_COMMON_SHARES":2495000000,"PER_SHARES":2000,"TOTAL_MARKET_CAP":77345000,"HKSK_MARKET_CAP":77345000,"PE_TTM":-0.23636769007,"PB_TTM":0.09204894926,"REPORT_DATE_SQ":"2023-06-30 00:00:00","REPORT_TYPE_SQ":"2023年中报","OPERATE_INCOME_SQ":91931000,"DPS_HKD":null,"OPERATE_INCOME_QOQ_SQ":0.944272769032,"NET_PROFIT_RATIO_SQ":-78.9777115445,"HOLDER_PROFIT_SQ":-63885000,"HOLDER_PROFIT_QOQ_SQ":11.786548514072,"ROE_AVG_SQ":-5.893423000816,"PE_TTM_SQ":-0.193874091332,"PB_TTM_SQ":0.091175656302,"ROA_SQ":-2.246380684607,"START_DATE":"2024-01-01 00:00:00","FISCAL_YEAR":"12-31","CURRENCY":"HKD","IS_CNY_CODE":0,"DPS_HKD_LY":null,"ORG_TYPE":"一般企业","PREMIUM_INCOME":null,"PREMIUM_INCOME_YOY":null,"NET_INTEREST_INCOME":null,"NET_INTEREST_INCOME_YOY":null,"FEE_COMMISSION_INCOME":null,"FEE_COMMISSION_INCOME_YOY":null,"ACCOUNTS_RECE_TDAYS":1.587080040527,"INVENTORY_TDAYS":0.020094714436,"CURRENT_ASSETS_TDAYS":0.254261145984,"TOTAL_ASSETS_TDAYS":0.042381700671,"PREMIUM_EXPENSE":null,"LOAN_DEPOSIT":null,"LOAN_EQUITY":null,"LOAN_ASSETS":null,"DEPOSIT_EQUITY":null,"DEPOSIT_ASSETS":null,"EQUITY_MULTIPLIER":2.969976059083,"EQUITY_RATIO":1.969976059086},{"SECUCODE":"00312.HK","SECURITY_CODE":"00312","SECURITY_NAME_ABBR":"岁宝百货","ORG_CODE":"10149107","STD_REPORT_DATE":"2023-12-31 00:00:00","REPORT_DATE":"2023-12-31 00:00:00","DATE_TYPE_CODE":"001","REPORT_TYPE":"2023年年报","PER_NETCASH_OPERATE":0.042694188377,"PER_OI":0.076419238477,"BPS":0.314968737475,"BASIC_EPS":-0.14,"DILUTED_EPS":-0.14,"OPERATE_INCOME":190666000,"OPERATE_INCOME_YOY":-0.4750073078,"GROSS_PROFIT":183999000,"GROSS_PROFIT_YOY":-1.277497585578,"HOLDER_PROFIT":-340982000,"HOLDER_PROFIT_YOY":38.6852047321,"GROSS_PROFIT_RATIO":96.503309452131,"EPS_TTM":-0.136666132265,"OPERATE_INCOME_QOQ":-1.406003568012,"NET_PROFIT_RATIO":-183.7815866489,"ROE_AVG":-36.00261217491,"GROSS_PROFIT_QOQ":-2.207777712819,"ROA":-13.009349103328,"HOLDER_PROFIT_QOQ":30.492692174409,"ROE_YEARLY":-36.00261217491,"ROIC_YEARLY":-13.356457022548,"TOTAL_ASSETS":2342421000,"TOTAL_LIABILITIES":1556574000,"TAX_EBT":13.7993722079,"OCF_SALES":55.868377162158,"TOTAL_PARENT_EQUITY":785847000,"DEBT_ASSET_RATIO":66.4515046612,"OPERATE_PROFIT":-356338000,"PRETAX_PROFIT":-406504000,"NETCASH_OPERATE":106522000,"NETCASH_INVEST":27927000,"NETCASH_FINANCE":-161991000,"END_CASH":50127000,"DIVI_RATIO":null,"DIVIDEND_RATE":null,"CURRENT_RATIO":0.480548141753,"COMMON_ACS":15000000000,"CURRENTDEBT_DEBT":52.834943921715,"ISSUED_COMMON_SHARES":2495000000,"HK_COMMON_SHARES":2495000000,"PER_SHARES":2000,"TOTAL_MARKET_CAP":84830000,"HKSK_MARKET_CAP":84830000,"PE_TTM":-0.259241982658,"PB_TTM":0.100956912091,"REPORT_DATE_SQ":"2022-12-31 00:00:00","REPORT_TYPE_SQ":"2022年年报","OPERATE_INCOME_SQ":191576000,"DPS_HKD":null,"OPERATE_INCOME_QOQ_SQ":-40.8356315414,"NET_PROFIT_RATIO_SQ":-290.4821063181,"HOLDER_PROFIT_SQ":-556117000,"HOLDER_PROFIT_QOQ_SQ":-58.098273225038,"ROE_AVG_SQ":-40.041458671292,"PE_TTM_SQ":-0.263114838236,"PB_TTM_SQ":0.123738390695,"ROA_SQ":-16.187428449009,"START_DATE":"2023-01-01 00:00:00","FISCAL_YEAR":"12-31","CURRENCY":"HKD","IS_CNY_CODE":0,"DPS_HKD_LY":null,"ORG_TYPE":"一般企业","PREMIUM_INCOME":null,"PREMIUM_INCOME_YOY":null,"NET_INTEREST_INCOME":null,"NET_INTEREST_INCOME_YOY":null,"FEE_COMMISSION_INCOME":null,"FEE_COMMISSION_INCOME_YOY":null,"ACCOUNTS_RECE_TDAYS":1.131411311977,"INVENTORY_TDAYS":0.021853284384,"CURRENT_ASSETS_TDAYS":0.340648669992,"TOTAL_ASSETS_TDAYS":0.072744032123,"PREMIUM_EXPENSE":null,"LOAN_DEPOSIT":null,"LOAN_EQUITY":null,"LOAN_ASSETS":null,"DEPOSIT_EQUITY":null,"DEPOSIT_ASSETS":null,"EQUITY_MULTIPLIER":2.980759613512,"EQUITY_RATIO":1.980759613513},{"SECUCODE":"00312.HK","SECURITY_CODE":"00312","SECURITY_NAME_ABBR":"岁宝百货","ORG_CODE":"10149107","STD_REPORT_DATE":"2023-06-30 00:00:00","REPORT_DATE":"2023-06-30 00:00:00","DATE_TYPE_CODE":"002","REPORT_TYPE":"2023年中报","PER_NETCASH_OPERATE":0.025748697395,"PER_OI":0.036846092184,"BPS":0.424709418838,"BASIC_EPS":-0.03,"DILUTED_EPS":-0.03,"OPERATE_INCOME":91931000,"OPERATE_INCOME_YOY":2.0072790218,"GROSS_PROFIT":88904000,"GROSS_PROFIT_YOY":2.034867039286,"HOLDER_PROFIT":-63885000,"HOLDER_PROFIT_YOY":50.6420359726,"GROSS_PROFIT_RATIO":96.707313093516,"EPS_TTM":-0.196621242485,"OPERATE_INCOME_QOQ":0.944272769032,"NET_PROFIT_RATIO":-78.9777115445,"ROE_AVG":-5.893423000816,"GROSS_PROFIT_QOQ":0.95128232643,"ROA":-2.246380684607,"HOLDER_PROFIT_QOQ":11.786548514072,"ROE_YEARLY":-11.786846001633,"ROIC_YEARLY":-4.611612333654,"TOTAL_ASSETS":2788130000,"TOTAL_LIABILITIES":1729049000,"TAX_EBT":3.774535141081,"OCF_SALES":69.881759145446,"TOTAL_PARENT_EQUITY":1059650000,"DEBT_ASSET_RATIO":62.0146478105,"OPERATE_PROFIT":-50124000,"PRETAX_PROFIT":-75453000,"NETCASH_OPERATE":64243000,"NETCASH_INVEST":16052000,"NETCASH_FINANCE":-97271000,"END_CASH":61051000,"DIVI_RATIO":null,"DIVIDEND_RATE":null,"CURRENT_RATIO":0.514783102615,"COMMON_ACS":15000000000,"CURRENTDEBT_DEBT":56.205405399153,"ISSUED_COMMON_SHARES":2495000000,"HK_COMMON_SHARES":2495000000,"PER_SHARES":2000,"TOTAL_MARKET_CAP":84830000,"HKSK_MARKET_CAP":84830000,"PE_TTM":-0.259241982658,"PB_TTM":0.100956912091,"REPORT_DATE_SQ":"2022-06-30 00:00:00","REPORT_TYPE_SQ":"2022年中报","OPERATE_INCOME_SQ":90122000,"DPS_HKD":null,"OPERATE_INCOME_QOQ_SQ":40.711721812288,"NET_PROFIT_RATIO_SQ":-118.0828005756,"HOLDER_PROFIT_SQ":-129432000,"HOLDER_PROFIT_QOQ_SQ":19.698751035857,"ROE_AVG_SQ":-8.071686796202,"PE_TTM_SQ":-0.263114838236,"PB_TTM_SQ":0.123738390695,"ROA_SQ":-3.364166501186,"START_DATE":"2023-01-01 00:00:00","FISCAL_YEAR":"12-31","CURRENCY":"HKD","IS_CNY_CODE":0,"DPS_HKD_LY":null,"ORG_TYPE":"一般企业","PREMIUM_INCOME":null,"PREMIUM_INCOME_YOY":null,"NET_INTEREST_INCOME":null,"NET_INTEREST_INCOME_YOY":null,"FEE_COMMISSION_INCOME":null,"FEE_COMMISSION_INCOME_YOY":null,"ACCOUNTS_RECE_TDAYS":0.545730313734,"INVENTORY_TDAYS":0.008573127903,"CURRENT_ASSETS_TDAYS":0.150153328515,"TOTAL_ASSETS_TDAYS":0.032325588591,"PREMIUM_EXPENSE":null,"LOAN_DEPOSIT":null,"LOAN_EQUITY":null,"LOAN_ASSETS":null,"DEPOSIT_EQUITY":null,"DEPOSIT_ASSETS":null,"EQUITY_MULTIPLIER":2.632593729844,"EQUITY_RATIO":1.631717076393},{"SECUCODE":"00312.HK","SECURITY_CODE":"00312","SECURITY_NAME_ABBR":"岁宝百货","ORG_CODE":"10149107","STD_REPORT_DATE":"2022-12-31 00:00:00","REPORT_DATE":"2022-12-31 00:00:00","DATE_TYPE_CODE":"001","REPORT_TYPE":"2022年年报","PER_NETCASH_OPERATE":0.056878557114,"PER_OI":0.076783967936,"BPS":0.44423246493,"BASIC_EPS":-0.22,"DILUTED_EPS":-0.22,"OPERATE_INCOME":191576000,"OPERATE_INCOME_YOY":-16.7487984425,"GROSS_PROFIT":186380000,"GROSS_PROFIT_YOY":-15.186595859897,"HOLDER_PROFIT":-556117000,"HOLDER_PROFIT_YOY":-26.9548879904,"GROSS_PROFIT_RATIO":97.28776047104,"EPS_TTM":-0.22289258517,"OPERATE_INCOME_QOQ":-40.8356315414,"NET_PROFIT_RATIO":-290.4821063181,"ROE_AVG":-40.041458671292,"GROSS_PROFIT_QOQ":-41.198184015169,"ROA":-16.187428449009,"HOLDER_PROFIT_QOQ":-58.098273225038,"ROE_YEARLY":-40.041458671292,"ROIC_YEARLY":-16.555592387637,"TOTAL_ASSETS":2899686000,"TOTAL_LIABILITIES":1783175000,"TAX_EBT":16.849728731455,"OCF_SALES":74.076084687017,"TOTAL_PARENT_EQUITY":1108360000,"DEBT_ASSET_RATIO":61.4954515765,"OPERATE_PROFIT":-595402000,"PRETAX_PROFIT":-669263000,"NETCASH_OPERATE":141912000,"NETCASH_INVEST":110226000,"NETCASH_FINANCE":-231970000,"END_CASH":77954000,"DIVI_RATIO":null,"DIVIDEND_RATE":null,"CURRENT_RATIO":0.908354206202,"COMMON_ACS":15000000000,"CURRENTDEBT_DEBT":44.7116519691,"ISSUED_COMMON_SHARES":2495000000,"HK_COMMON_SHARES":2495000000,"PER_SHARES":2000,"TOTAL_MARKET_CAP":84830000,"HKSK_MARKET_CAP":84830000,"PE_TTM":-0.259241982658,"PB_TTM":0.100956912091,"REPORT_DATE_SQ":"2021-12-31 00:00:00","REPORT_TYPE_SQ":"2021年年报","OPERATE_INCOME_SQ":230118000,"DPS_HKD":null,"OPERATE_INCOME_QOQ_SQ":-17.560024934261,"NET_PROFIT_RATIO_SQ":-191.9150175128,"HOLDER_PROFIT_SQ":-438043000,"HOLDER_PROFIT_QOQ_SQ":-40.119057519944,"ROE_AVG_SQ":-23.203845103582,"PE_TTM_SQ":-0.263114838236,"PB_TTM_SQ":0.123738390695,"ROA_SQ":-10.65822300337,"START_DATE":"2022-01-01 00:00:00","FISCAL_YEAR":"12-31","CURRENCY":"HKD","IS_CNY_CODE":0,"DPS_HKD_LY":null,"ORG_TYPE":"一般企业","PREMIUM_INCOME":null,"PREMIUM_INCOME_YOY":null,"NET_INTEREST_INCOME":null,"NET_INTEREST_INCOME_YOY":null,"FEE_COMMISSION_INCOME":null,"FEE_COMMISSION_INCOME_YOY":null,"ACCOUNTS_RECE_TDAYS":0.76308226667,"INVENTORY_TDAYS":0.014664378768,"CURRENT_ASSETS_TDAYS":0.255082822427,"TOTAL_ASSETS_TDAYS":0.055763855314,"PREMIUM_EXPENSE":null,"LOAN_DEPOSIT":null,"LOAN_EQUITY":null,"LOAN_ASSETS":null,"DEPOSIT_EQUITY":null,"DEPOSIT_ASSETS":null,"EQUITY_MULTIPLIER":2.597095774248,"EQUITY_RATIO":1.608840990292},{"SECUCODE":"00312.HK","SECURITY_CODE":"00312","SECURITY_NAME_ABBR":"岁宝百货","ORG_CODE":"10149107","STD_REPORT_DATE":"2022-06-30 00:00:00","REPORT_DATE":"2022-06-30 00:00:00","DATE_TYPE_CODE":"002","REPORT_TYPE":"2022年中报","PER_NETCASH_OPERATE":0.046423647295,"PER_OI":0.036121042084,"BPS":0.616319038076,"BASIC_EPS":-0.05,"DILUTED_EPS":-0.05,"OPERATE_INCOME":90122000,"OPERATE_INCOME_YOY":581.1364059302,"GROSS_PROFIT":87131000,"GROSS_PROFIT_YOY":807.142113482561,"HOLDER_PROFIT":-129432000,"HOLDER_PROFIT_YOY":40.000278137,"GROSS_PROFIT_RATIO":97.276105130867,"EPS_TTM":-0.140983567134,"OPERATE_INCOME_QOQ":40.711721812288,"NET_PROFIT_RATIO":-118.0828005756,"ROE_AVG":-8.071686796202,"GROSS_PROFIT_QOQ":44.236028632146,"ROA":-3.364166501186,"HOLDER_PROFIT_QOQ":19.698751035857,"ROE_YEARLY":-16.143373592403,"ROIC_YEARLY":-6.850270992491,"TOTAL_ASSETS":3723456000,"TOTAL_LIABILITIES":2177442000,"TAX_EBT":5.745605745606,"OCF_SALES":105.483306923119,"TOTAL_PARENT_EQUITY":1537716000,"DEBT_ASSET_RATIO":58.4790581653,"OPERATE_PROFIT":-97927000,"PRETAX_PROFIT":-137566000,"NETCASH_OPERATE":115827000,"NETCASH_INVEST":22437000,"NETCASH_FINANCE":-134335000,"END_CASH":61980000,"DIVI_RATIO":null,"DIVIDEND_RATE":null,"CURRENT_RATIO":1.24190483307,"COMMON_ACS":15000000000,"CURRENTDEBT_DEBT":27.042695052268,"ISSUED_COMMON_SHARES":2495000000,"HK_COMMON_SHARES":2495000000,"PER_SHARES":2000,"TOTAL_MARKET_CAP":84830000,"HKSK_MARKET_CAP":84830000,"PE_TTM":-0.259241982658,"PB_TTM":0.100956912091,"REPORT_DATE_SQ":"2021-06-30 00:00:00","REPORT_TYPE_SQ":"2021年中报","OPERATE_INCOME_SQ":16121000,"DPS_HKD":null,"OPERATE_INCOME_QOQ_SQ":-41.977271829666,"NET_PROFIT_RATIO_SQ":-186.0604910695,"HOLDER_PROFIT_SQ":-215721000,"HOLDER_PROFIT_QOQ_SQ":-316.1856328878,"ROE_AVG_SQ":-10.793913365887,"PE_TTM_SQ":-0.263114838236,"PB_TTM_SQ":0.123738390695,"ROA_SQ":-5.210279651503,"START_DATE":"2022-01-01 00:00:00","FISCAL_YEAR":"12-31","CURRENCY":"HKD","IS_CNY_CODE":0,"DPS_HKD_LY":null,"ORG_TYPE":"一般企业","PREMIUM_INCOME":null,"PREMIUM_INCOME_YOY":null,"NET_INTEREST_INCOME":null,"NET_INTEREST_INCOME_YOY":null,"FEE_COMMISSION_INCOME":null,"FEE_COMMISSION_INCOME_YOY":null,"ACCOUNTS_RECE_TDAYS":0.427821042613,"INVENTORY_TDAYS":0.008419944374,"CURRENT_ASSETS_TDAYS":0.145522061688,"TOTAL_ASSETS_TDAYS":0.028540520646,"PREMIUM_EXPENSE":null,"LOAN_DEPOSIT":null,"LOAN_EQUITY":null,"LOAN_ASSETS":null,"DEPOSIT_EQUITY":null,"DEPOSIT_ASSETS":null,"EQUITY_MULTIPLIER":2.408423209621,"EQUITY_RATIO":1.416023504991},{"SECUCODE":"00312.HK","SECURITY_CODE":"00312","SECURITY_NAME_ABBR":"岁宝百货","ORG_CODE":"10149107","STD_REPORT_DATE":"2021-12-31 00:00:00","REPORT_DATE":"2021-12-31 00:00:00","DATE_TYPE_CODE":"001","REPORT_TYPE":"2021年年报","PER_NETCASH_OPERATE":0.044817234469,"PER_OI":0.092231663327,"BPS":0.669076553106,"BASIC_EPS":-0.18,"DILUTED_EPS":-0.18,"OPERATE_INCOME":230118000,"OPERATE_INCOME_YOY":-52.1660773639,"GROSS_PROFIT":219753000,"GROSS_PROFIT_YOY":-52.840679857505,"HOLDER_PROFIT":-438043000,"HOLDER_PROFIT_YOY":-483.1553863358,"GROSS_PROFIT_RATIO":95.495789116888,"EPS_TTM":-0.175568336673,"OPERATE_INCOME_QOQ":-17.560024934261,"NET_PROFIT_RATIO":-191.9150175128,"ROE_AVG":-23.203845103582,"GROSS_PROFIT_QOQ":-17.77926606603,"ROA":-10.65822300337,"HOLDER_PROFIT_QOQ":-40.119057519944,"ROE_YEARLY":-23.203845103582,"ROIC_YEARLY":-10.905025802293,"TOTAL_ASSETS":3971288000,"TOTAL_LIABILITIES":2293414000,"TAX_EBT":7.093314596223,"OCF_SALES":48.592026699346,"TOTAL_PARENT_EQUITY":1669346000,"DEBT_ASSET_RATIO":57.7498786288,"OPERATE_PROFIT":-398692000,"PRETAX_PROFIT":-475349000,"NETCASH_OPERATE":111819000,"NETCASH_INVEST":-23843000,"NETCASH_FINANCE":-136509000,"END_CASH":58164000,"DIVI_RATIO":null,"DIVIDEND_RATE":null,"CURRENT_RATIO":1.224349419266,"COMMON_ACS":15000000000,"CURRENTDEBT_DEBT":27.701801768019,"ISSUED_COMMON_SHARES":2495000000,"HK_COMMON_SHARES":2495000000,"PER_SHARES":2000,"TOTAL_MARKET_CAP":84830000,"HKSK_MARKET_CAP":84830000,"PE_TTM":-0.259241982658,"PB_TTM":0.100956912091,"REPORT_DATE_SQ":"2020-12-31 00:00:00","REPORT_TYPE_SQ":"2020年年报","OPERATE_INCOME_SQ":481077000,"DPS_HKD":null,"OPERATE_INCOME_QOQ_SQ":-23.919224954296,"NET_PROFIT_RATIO_SQ":-15.6128852554,"HOLDER_PROFIT_SQ":-75116000,"HOLDER_PROFIT_QOQ_SQ":-153.388487316716,"ROE_AVG_SQ":-3.472439396072,"PE_TTM_SQ":-0.263114838236,"PB_TTM_SQ":0.123738390695,"ROA_SQ":-1.741752639173,"START_DATE":"2021-01-01 00:00:00","FISCAL_YEAR":"12-31","CURRENCY":"HKD","IS_CNY_CODE":0,"DPS_HKD_LY":null,"ORG_TYPE":"一般企业","PREMIUM_INCOME":null,"PREMIUM_INCOME_YOY":null,"NET_INTEREST_INCOME":null,"NET_INTEREST_INCOME_YOY":null,"FEE_COMMISSION_INCOME":null,"FEE_COMMISSION_INCOME_YOY":null,"ACCOUNTS_RECE_TDAYS":0.968063960422,"INVENTORY_TDAYS":0.05684887742,"CURRENT_ASSETS_TDAYS":0.321902334554,"TOTAL_ASSETS_TDAYS":0.055991054784,"PREMIUM_EXPENSE":null,"LOAN_DEPOSIT":null,"LOAN_EQUITY":null,"LOAN_ASSETS":null,"DEPOSIT_EQUITY":null,"DEPOSIT_ASSETS":null,"EQUITY_MULTIPLIER":2.366857106076,"EQUITY_RATIO":1.373839815113},{"SECUCODE":"00312.HK","SECURITY_CODE":"00312","SECURITY_NAME_ABBR":"岁宝百货","ORG_CODE":"10149107","STD_REPORT_DATE":"2021-06-30 00:00:00","REPORT_DATE":"2021-06-30 00:00:00","DATE_TYPE_CODE":"002","REPORT_TYPE":"2021年中报","PER_NETCASH_OPERATE":0.020620841683,"PER_OI":0.006461322645,"BPS":0.757845691383,"BASIC_EPS":-0.09,"DILUTED_EPS":-0.09,"OPERATE_INCOME":16121000,"OPERATE_INCOME_YOY":-63.525263138,"GROSS_PROFIT":9605000,"GROSS_PROFIT_YOY":-96.882940712591,"HOLDER_PROFIT":-215721000,"HOLDER_PROFIT_YOY":-1090.2272205646,"GROSS_PROFIT_RATIO":94.380384817725,"EPS_TTM":-0.125299398798,"OPERATE_INCOME_QOQ":-41.977271829666,"NET_PROFIT_RATIO":-186.0604910695,"ROE_AVG":-10.793913365887,"GROSS_PROFIT_QOQ":-42.643031889781,"ROA":-5.210279651503,"HOLDER_PROFIT_QOQ":-316.1856328878,"ROE_YEARLY":-21.587826731774,"ROIC_YEARLY":-10.691180473669,"TOTAL_ASSETS":4032067000,"TOTAL_LIABILITIES":2129146000,"TAX_EBT":-0.962172938418,"OCF_SALES":44.371329268398,"TOTAL_PARENT_EQUITY":1890825000,"DEBT_ASSET_RATIO":52.8053229274,"OPERATE_PROFIT":-180335000,"PRETAX_PROFIT":-213683000,"NETCASH_OPERATE":51449000,"NETCASH_INVEST":-31567000,"NETCASH_FINANCE":-48504000,"END_CASH":78168000,"DIVI_RATIO":null,"DIVIDEND_RATE":null,"CURRENT_RATIO":0.881091400747,"COMMON_ACS":15000000000,"CURRENTDEBT_DEBT":31.194384978766,"ISSUED_COMMON_SHARES":2495000000,"HK_COMMON_SHARES":2495000000,"PER_SHARES":2000,"TOTAL_MARKET_CAP":84830000,"HKSK_MARKET_CAP":84830000,"PE_TTM":-0.259241982658,"PB_TTM":0.100956912091,"REPORT_DATE_SQ":"2020-06-30 00:00:00","REPORT_TYPE_SQ":"2020年中报","OPERATE_INCOME_SQ":317894000,"DPS_HKD":null,"OPERATE_INCOME_QOQ_SQ":-20.42054816243,"NET_PROFIT_RATIO_SQ":7.2447282645,"HOLDER_PROFIT_SQ":21785000,"HOLDER_PROFIT_QOQ_SQ":2.840414878921,"ROE_AVG_SQ":0.984584484783,"PE_TTM_SQ":-0.263114838236,"PB_TTM_SQ":0.123738390695,"ROA_SQ":0.490949823959,"START_DATE":"2021-01-01 00:00:00","FISCAL_YEAR":"12-31","CURRENCY":"HKD","IS_CNY_CODE":0,"DPS_HKD_LY":null,"ORG_TYPE":"一般企业","PREMIUM_INCOME":null,"PREMIUM_INCOME_YOY":null,"NET_INTEREST_INCOME":null,"NET_INTEREST_INCOME_YOY":null,"FEE_COMMISSION_INCOME":null,"FEE_COMMISSION_INCOME_YOY":null,"ACCOUNTS_RECE_TDAYS":0.056782078828,"INVENTORY_TDAYS":0.723919564493,"CURRENT_ASSETS_TDAYS":0.187458268867,"TOTAL_ASSETS_TDAYS":0.028005485598,"PREMIUM_EXPENSE":null,"LOAN_DEPOSIT":null,"LOAN_EQUITY":null,"LOAN_ASSETS":null,"DEPOSIT_EQUITY":null,"DEPOSIT_ASSETS":null,"EQUITY_MULTIPLIER":2.118883022468,"EQUITY_RATIO":1.126040749408},{"SECUCODE":"00312.HK","SECURITY_CODE":"00312","SECURITY_NAME_ABBR":"岁宝百货","ORG_CODE":"10149107","STD_REPORT_DATE":"2020-12-31 00:00:00","REPORT_DATE":"2020-12-31 00:00:00","DATE_TYPE_CODE":"001","REPORT_TYPE":"2020年年报","PER_NETCASH_OPERATE":0.062809218437,"PER_OI":0.192816432866,"BPS":0.844192785571,"BASIC_EPS":-0.03,"DILUTED_EPS":-0.03,"OPERATE_INCOME":481077000,"OPERATE_INCOME_YOY":-39.4553362649,"GROSS_PROFIT":465980000,"GROSS_PROFIT_YOY":-32.376207593636,"HOLDER_PROFIT":-75116000,"HOLDER_PROFIT_YOY":-154.9049418541,"GROSS_PROFIT_RATIO":96.861832929032,"EPS_TTM":-0.030106613226,"OPERATE_INCOME_QOQ":-23.919224954296,"NET_PROFIT_RATIO":-15.6128852554,"ROE_AVG":-3.472439396072,"GROSS_PROFIT_QOQ":-22.155028399599,"ROA":-1.741752639173,"HOLDER_PROFIT_QOQ":-153.388487316716,"ROE_YEARLY":-3.472439396072,"ROIC_YEARLY":-1.781902243983,"TOTAL_ASSETS":4248525000,"TOTAL_LIABILITIES":2129709000,"TAX_EBT":-74.613506916192,"OCF_SALES":32.574619031881,"TOTAL_PARENT_EQUITY":2106261000,"DEBT_ASSET_RATIO":50.1281974332,"OPERATE_PROFIT":28134000,"PRETAX_PROFIT":-43015000,"NETCASH_OPERATE":156709000,"NETCASH_INVEST":-50754000,"NETCASH_FINANCE":-61120000,"END_CASH":106784000,"DIVI_RATIO":null,"DIVIDEND_RATE":null,"CURRENT_RATIO":1.015332282523,"COMMON_ACS":15000000000,"CURRENTDEBT_DEBT":30.147029476797,"ISSUED_COMMON_SHARES":2495000000,"HK_COMMON_SHARES":2495000000,"PER_SHARES":2000,"TOTAL_MARKET_CAP":84830000,"HKSK_MARKET_CAP":84830000,"PE_TTM":-0.259241982658,"PB_TTM":0.100956912091,"REPORT_DATE_SQ":"2019-12-31 00:00:00","REPORT_TYPE_SQ":"2019年年报","OPERATE_INCOME_SQ":794582000,"DPS_HKD":null,"OPERATE_INCOME_QOQ_SQ":-4.468650435828,"NET_PROFIT_RATIO_SQ":17.2147116345,"HOLDER_PROFIT_SQ":136811000,"HOLDER_PROFIT_QOQ_SQ":21.222941900956,"ROE_AVG_SQ":7.25145361934,"PE_TTM_SQ":-0.263114838236,"PB_TTM_SQ":0.123738390695,"ROA_SQ":4.128509441245,"START_DATE":"2020-01-01 00:00:00","FISCAL_YEAR":"12-31","CURRENCY":"HKD","IS_CNY_CODE":0,"DPS_HKD_LY":0.0186,"ORG_TYPE":"一般企业","PREMIUM_INCOME":null,"PREMIUM_INCOME_YOY":null,"NET_INTEREST_INCOME":null,"NET_INTEREST_INCOME_YOY":null,"FEE_COMMISSION_INCOME":null,"FEE_COMMISSION_INCOME_YOY":null,"ACCOUNTS_RECE_TDAYS":2.0204999622,"INVENTORY_TDAYS":1.60803110188,"CURRENT_ASSETS_TDAYS":0.578565939346,"TOTAL_ASSETS_TDAYS":0.111549754299,"PREMIUM_EXPENSE":null,"LOAN_DEPOSIT":null,"LOAN_EQUITY":null,"LOAN_ASSETS":null,"DEPOSIT_EQUITY":null,"DEPOSIT_ASSETS":null,"EQUITY_MULTIPLIER":2.00514107879,"EQUITY_RATIO":1.011132523462},{"SECUCODE":"00312.HK","SECURITY_CODE":"00312","SECURITY_NAME_ABBR":"岁宝百货","ORG_CODE":"10149107","STD_REPORT_DATE":"2020-06-30 00:00:00","REPORT_DATE":"2020-06-30 00:00:00","DATE_TYPE_CODE":"002","REPORT_TYPE":"2020年中报","PER_NETCASH_OPERATE":0.015070140281,"PER_OI":0.12741242485,"BPS":0.883794388778,"BASIC_EPS":0.01,"DILUTED_EPS":0.01,"OPERATE_INCOME":317894000,"OPERATE_INCOME_YOY":-35.051132166,"GROSS_PROFIT":308143000,"GROSS_PROFIT_YOY":-19.204428059761,"HOLDER_PROFIT":21785000,"HOLDER_PROFIT_YOY":21.7107100955,"GROSS_PROFIT_RATIO":96.75680170292,"EPS_TTM":0.056391583166,"OPERATE_INCOME_QOQ":-20.42054816243,"NET_PROFIT_RATIO":7.2447282645,"ROE_AVG":0.984584484783,"GROSS_PROFIT_QOQ":-13.130172680267,"ROA":0.490949823959,"HOLDER_PROFIT_QOQ":2.840414878921,"ROE_YEARLY":1.969168969567,"ROIC_YEARLY":1.013568134367,"TOTAL_ASSETS":4497824000,"TOTAL_LIABILITIES":2280211000,"TAX_EBT":72.923451756458,"OCF_SALES":12.505820528171,"TOTAL_PARENT_EQUITY":2205067000,"DEBT_ASSET_RATIO":50.6958698251,"OPERATE_PROFIT":116950000,"PRETAX_PROFIT":80446000,"NETCASH_OPERATE":37600000,"NETCASH_INVEST":-13933000,"NETCASH_FINANCE":103412000,"END_CASH":189732000,"DIVI_RATIO":null,"DIVIDEND_RATE":null,"CURRENT_RATIO":1.619858788574,"COMMON_ACS":15000000000,"CURRENTDEBT_DEBT":34.125087546723,"ISSUED_COMMON_SHARES":2495000000,"HK_COMMON_SHARES":2495000000,"PER_SHARES":2000,"TOTAL_MARKET_CAP":84830000,"HKSK_MARKET_CAP":84830000,"PE_TTM":-0.259241982658,"PB_TTM":0.100956912091,"REPORT_DATE_SQ":"2019-06-30 00:00:00","REPORT_TYPE_SQ":"2019年中报","OPERATE_INCOME_SQ":462918000,"DPS_HKD":null,"OPERATE_INCOME_QOQ_SQ":-14.33135714374,"NET_PROFIT_RATIO_SQ":3.8605109328,"HOLDER_PROFIT_SQ":17899000,"HOLDER_PROFIT_QOQ_SQ":2.738254544792,"ROE_AVG_SQ":0.996412436479,"PE_TTM_SQ":-0.263114838236,"PB_TTM_SQ":0.123738390695,"ROA_SQ":0.552384311841,"START_DATE":"2020-01-01 00:00:00","FISCAL_YEAR":"12-31","CURRENCY":"HKD","IS_CNY_CODE":0,"DPS_HKD_LY":0.0186,"ORG_TYPE":"一般企业","PREMIUM_INCOME":null,"PREMIUM_INCOME_YOY":null,"NET_INTEREST_INCOME":null,"NET_INTEREST_INCOME_YOY":null,"FEE_COMMISSION_INCOME":null,"FEE_COMMISSION_INCOME_YOY":null,"ACCOUNTS_RECE_TDAYS":1.231056990224,"INVENTORY_TDAYS":1.073307649972,"CURRENT_ASSETS_TDAYS":0.264716641992,"TOTAL_ASSETS_TDAYS":0.067757160464,"PREMIUM_EXPENSE":null,"LOAN_DEPOSIT":null,"LOAN_EQUITY":null,"LOAN_ASSETS":null,"DEPOSIT_EQUITY":null,"DEPOSIT_ASSETS":null,"EQUITY_MULTIPLIER":2.028227648379,"EQUITY_RATIO":1.034077876092}],"count":33},"success":true,"message":"ok","code":0}