{"version":"9ad2c3c61405e3dcf5b17bba80e68d5e","result":{"pages":2,"data":[{"SECUCODE":"00314.HK","SECURITY_CODE":"00314","SECURITY_NAME_ABBR":"思派健康","ORG_CODE":"10000240817","STD_REPORT_DATE":"2024-06-30 00:00:00","REPORT_DATE":"2024-06-30 00:00:00","DATE_TYPE_CODE":"002","REPORT_TYPE":"2024年中报","PER_NETCASH_OPERATE":-0.001680891056,"PER_OI":3.099264166471,"BPS":1.967657693422,"BASIC_EPS":-0.12,"DILUTED_EPS":-0.12,"OPERATE_INCOME":2363780000,"OPERATE_INCOME_YOY":-3.0425487581,"GROSS_PROFIT":228931000,"GROSS_PROFIT_YOY":4.970883580173,"HOLDER_PROFIT":-78202000,"HOLDER_PROFIT_YOY":15.2933785379,"GROSS_PROFIT_RATIO":9.684953760502,"EPS_TTM":-0.316837474961,"OPERATE_INCOME_QOQ":-1.574157802444,"NET_PROFIT_RATIO":-3.158119622,"ROE_AVG":-5.020443983357,"GROSS_PROFIT_QOQ":2.614191532151,"ROA":-2.728760310882,"HOLDER_PROFIT_QOQ":5.520237089863,"ROE_YEARLY":-10.040887966714,"ROIC_YEARLY":-6.592803026711,"TOTAL_ASSETS":2916647000,"TOTAL_LIABILITIES":1404724000,"TAX_EBT":0.675900424434,"OCF_SALES":-0.054235165709,"TOTAL_PARENT_EQUITY":1496483000,"DEBT_ASSET_RATIO":48.1622904657,"OPERATE_PROFIT":-73451000,"PRETAX_PROFIT":-75159000,"NETCASH_OPERATE":-1282000,"NETCASH_INVEST":-94350000,"NETCASH_FINANCE":-120750000,"END_CASH":279383000,"DIVI_RATIO":null,"DIVIDEND_RATE":null,"CURRENT_RATIO":1.819966423175,"COMMON_ACS":2000000000,"CURRENTDEBT_DEBT":97.230701547066,"ISSUED_COMMON_SHARES":760540314,"HK_COMMON_SHARES":760540314,"PER_SHARES":200,"TOTAL_MARKET_CAP":3916782617.1,"HKSK_MARKET_CAP":3916782617.1,"PE_TTM":-14.62650643292,"PB_TTM":2.388780332937,"REPORT_DATE_SQ":"2023-06-30 00:00:00","REPORT_TYPE_SQ":"2023年中报","OPERATE_INCOME_SQ":2437956000,"DPS_HKD":null,"OPERATE_INCOME_QOQ_SQ":13.358585723725,"NET_PROFIT_RATIO_SQ":-3.5811556894,"HOLDER_PROFIT_SQ":-92321000,"HOLDER_PROFIT_QOQ_SQ":18.532846140152,"ROE_AVG_SQ":-5.063815339486,"PE_TTM_SQ":-4.255008038154,"PB_TTM_SQ":2.665712963559,"ROA_SQ":-3.142046746288,"START_DATE":"2024-01-01 00:00:00","FISCAL_YEAR":"12-31","CURRENCY":"HKD","IS_CNY_CODE":0,"DPS_HKD_LY":null,"ORG_TYPE":"一般企业","PREMIUM_INCOME":null,"PREMIUM_INCOME_YOY":null,"NET_INTEREST_INCOME":null,"NET_INTEREST_INCOME_YOY":null,"FEE_COMMISSION_INCOME":null,"FEE_COMMISSION_INCOME_YOY":null,"ACCOUNTS_RECE_TDAYS":6.815159085634,"INVENTORY_TDAYS":7.470253341731,"CURRENT_ASSETS_TDAYS":0.959282305641,"TOTAL_ASSETS_TDAYS":0.824811264118,"PREMIUM_EXPENSE":null,"LOAN_DEPOSIT":null,"LOAN_EQUITY":null,"LOAN_ASSETS":null,"DEPOSIT_EQUITY":null,"DEPOSIT_ASSETS":null,"EQUITY_MULTIPLIER":1.929097579704,"EQUITY_RATIO":0.938683566736},{"SECUCODE":"00314.HK","SECURITY_CODE":"00314","SECURITY_NAME_ABBR":"思派健康","ORG_CODE":"10000240817","STD_REPORT_DATE":"2023-12-31 00:00:00","REPORT_DATE":"2023-12-31 00:00:00","DATE_TYPE_CODE":"001","REPORT_TYPE":"2023年年报","PER_NETCASH_OPERATE":-0.175305292206,"PER_OI":6.187926847769,"BPS":2.128564351159,"BASIC_EPS":-0.4,"DILUTED_EPS":-0.4,"OPERATE_INCOME":4712107000,"OPERATE_INCOME_YOY":14.3860217241,"GROSS_PROFIT":414698000,"GROSS_PROFIT_YOY":22.927387417297,"HOLDER_PROFIT":-255768000,"HOLDER_PROFIT_YOY":81.3385943971,"GROSS_PROFIT_RATIO":8.800691495333,"EPS_TTM":-0.335873882745,"OPERATE_INCOME_QOQ":0.906359226191,"NET_PROFIT_RATIO":-5.2355984276,"ROE_AVG":-14.802416834502,"GROSS_PROFIT_QOQ":9.564119229164,"ROA":-8.904650180674,"HOLDER_PROFIT_QOQ":77.093337966587,"ROE_YEARLY":-14.802416834502,"ROIC_YEARLY":-14.396520086728,"TOTAL_ASSETS":2815040000,"TOTAL_LIABILITIES":1183889000,"TAX_EBT":-0.423746061726,"OCF_SALES":-2.833021406348,"TOTAL_PARENT_EQUITY":1618859000,"DEBT_ASSET_RATIO":42.0558500057,"OPERATE_PROFIT":-241765000,"PRETAX_PROFIT":-245666000,"NETCASH_OPERATE":-133495000,"NETCASH_INVEST":-720809000,"NETCASH_FINANCE":-120548000,"END_CASH":495425000,"DIVI_RATIO":null,"DIVIDEND_RATE":null,"CURRENT_RATIO":2.138892440369,"COMMON_ACS":2000000000,"CURRENTDEBT_DEBT":96.456171144423,"ISSUED_COMMON_SHARES":760540314,"HK_COMMON_SHARES":760540314,"PER_SHARES":200,"TOTAL_MARKET_CAP":3878755601.4,"HKSK_MARKET_CAP":3878755601.4,"PE_TTM":-14.484501516095,"PB_TTM":2.36558829087,"REPORT_DATE_SQ":"2022-12-31 00:00:00","REPORT_TYPE_SQ":"2022年年报","OPERATE_INCOME_SQ":4119478000,"DPS_HKD":null,"OPERATE_INCOME_QOQ_SQ":8.079153349645,"NET_PROFIT_RATIO_SQ":-33.2994617279,"HOLDER_PROFIT_SQ":-1370572000,"HOLDER_PROFIT_QOQ_SQ":13.074318346285,"ROE_AVG_SQ":76.305610603501,"PE_TTM_SQ":-4.025844577584,"PB_TTM_SQ":2.522144725347,"ROA_SQ":-47.079498341999,"START_DATE":"2023-01-01 00:00:00","FISCAL_YEAR":"12-31","CURRENCY":"HKD","IS_CNY_CODE":0,"DPS_HKD_LY":null,"ORG_TYPE":"一般企业","PREMIUM_INCOME":null,"PREMIUM_INCOME_YOY":null,"NET_INTEREST_INCOME":null,"NET_INTEREST_INCOME_YOY":null,"FEE_COMMISSION_INCOME":null,"FEE_COMMISSION_INCOME_YOY":null,"ACCOUNTS_RECE_TDAYS":16.49865636341,"INVENTORY_TDAYS":16.327851972872,"CURRENT_ASSETS_TDAYS":1.834286560672,"TOTAL_ASSETS_TDAYS":1.640536128402,"PREMIUM_EXPENSE":null,"LOAN_DEPOSIT":null,"LOAN_EQUITY":null,"LOAN_ASSETS":null,"DEPOSIT_EQUITY":null,"DEPOSIT_ASSETS":null,"EQUITY_MULTIPLIER":1.72579975735,"EQUITY_RATIO":0.731310756527},{"SECUCODE":"00314.HK","SECURITY_CODE":"00314","SECURITY_NAME_ABBR":"思派健康","ORG_CODE":"10000240817","STD_REPORT_DATE":"2023-06-30 00:00:00","REPORT_DATE":"2023-06-30 00:00:00","DATE_TYPE_CODE":"002","REPORT_TYPE":"2023年中报","PER_NETCASH_OPERATE":-0.191314753681,"PER_OI":3.195118111114,"BPS":2.379099393803,"BASIC_EPS":-0.14,"DILUTED_EPS":-0.14,"OPERATE_INCOME":2437956000,"OPERATE_INCOME_YOY":29.1528311362,"GROSS_PROFIT":218090000,"GROSS_PROFIT_YOY":23.253684781626,"HOLDER_PROFIT":-92321000,"HOLDER_PROFIT_YOY":73.342823401,"GROSS_PROFIT_RATIO":8.945608534362,"EPS_TTM":-1.463340703792,"OPERATE_INCOME_QOQ":13.358585723725,"NET_PROFIT_RATIO":-3.5811556894,"ROE_AVG":-5.063815339486,"GROSS_PROFIT_QOQ":12.19675591074,"ROA":-3.142046746288,"HOLDER_PROFIT_QOQ":18.532846140152,"ROE_YEARLY":-10.127630678973,"ROIC_YEARLY":-10.123080389732,"TOTAL_ASSETS":2946934000,"TOTAL_LIABILITIES":1135357000,"TAX_EBT":-0.702438349212,"OCF_SALES":-5.987720861246,"TOTAL_PARENT_EQUITY":1809401000,"DEBT_ASSET_RATIO":38.5267196347,"OPERATE_PROFIT":-84874000,"PRETAX_PROFIT":-86698000,"NETCASH_OPERATE":-145978000,"NETCASH_INVEST":-866762000,"NETCASH_FINANCE":-19290000,"END_CASH":434751000,"DIVI_RATIO":null,"DIVIDEND_RATE":null,"CURRENT_RATIO":2.317498455476,"COMMON_ACS":2000000000,"CURRENTDEBT_DEBT":96.373915869634,"ISSUED_COMMON_SHARES":760540314,"HK_COMMON_SHARES":760540314,"PER_SHARES":200,"TOTAL_MARKET_CAP":3878755601.4,"HKSK_MARKET_CAP":3878755601.4,"PE_TTM":-14.484501516095,"PB_TTM":2.36558829087,"REPORT_DATE_SQ":"2022-06-30 00:00:00","REPORT_TYPE_SQ":"2022年中报","OPERATE_INCOME_SQ":1887652000,"DPS_HKD":null,"OPERATE_INCOME_QOQ_SQ":9.718330536309,"NET_PROFIT_RATIO_SQ":-18.3289610585,"HOLDER_PROFIT_SQ":-346327000,"HOLDER_PROFIT_QOQ_SQ":57.846919692925,"ROE_AVG_SQ":6.027634628507,"PE_TTM_SQ":-4.025844577584,"PB_TTM_SQ":2.522144725347,"ROA_SQ":-11.946491616894,"START_DATE":"2023-01-01 00:00:00","FISCAL_YEAR":"12-31","CURRENCY":"HKD","IS_CNY_CODE":0,"DPS_HKD_LY":null,"ORG_TYPE":"一般企业","PREMIUM_INCOME":null,"PREMIUM_INCOME_YOY":null,"NET_INTEREST_INCOME":null,"NET_INTEREST_INCOME_YOY":null,"FEE_COMMISSION_INCOME":null,"FEE_COMMISSION_INCOME_YOY":null,"ACCOUNTS_RECE_TDAYS":9.035758231658,"INVENTORY_TDAYS":7.738931265775,"CURRENT_ASSETS_TDAYS":0.932098210821,"TOTAL_ASSETS_TDAYS":0.829732316309,"PREMIUM_EXPENSE":null,"LOAN_DEPOSIT":null,"LOAN_EQUITY":null,"LOAN_ASSETS":null,"DEPOSIT_EQUITY":null,"DEPOSIT_ASSETS":null,"EQUITY_MULTIPLIER":1.626723015361,"EQUITY_RATIO":0.627476717433},{"SECUCODE":"00314.HK","SECURITY_CODE":"00314","SECURITY_NAME_ABBR":"思派健康","ORG_CODE":"10000240817","STD_REPORT_DATE":"2022-12-31 00:00:00","REPORT_DATE":"2022-12-31 00:00:00","DATE_TYPE_CODE":"001","REPORT_TYPE":"2022年年报","PER_NETCASH_OPERATE":-0.238610694376,"PER_OI":5.398874617153,"BPS":2.415257897821,"BASIC_EPS":-12.19,"DILUTED_EPS":-12.19,"OPERATE_INCOME":4119478000,"OPERATE_INCOME_YOY":18.582642713,"GROSS_PROFIT":337352000,"GROSS_PROFIT_YOY":19.016824896189,"HOLDER_PROFIT":-1370572000,"HOLDER_PROFIT_YOY":63.358147605,"GROSS_PROFIT_RATIO":8.189192902596,"EPS_TTM":-1.796233984447,"OPERATE_INCOME_QOQ":8.079153349645,"NET_PROFIT_RATIO":-33.2994617279,"ROE_AVG":76.305610603501,"GROSS_PROFIT_QOQ":-1.333387928438,"ROA":-47.079498341999,"HOLDER_PROFIT_QOQ":13.074318346285,"ROE_YEARLY":76.305610603501,"ROIC_YEARLY":-72.993405907495,"TOTAL_ASSETS":2929554000,"TOTAL_LIABILITIES":1095422000,"TAX_EBT":-0.242757822399,"OCF_SALES":-4.4196376337,"TOTAL_PARENT_EQUITY":1836901000,"DEBT_ASSET_RATIO":37.3921081503,"OPERATE_PROFIT":-1364732000,"PRETAX_PROFIT":-1368442000,"NETCASH_OPERATE":-182066000,"NETCASH_INVEST":1029771000,"NETCASH_FINANCE":81690000,"END_CASH":1455454000,"DIVI_RATIO":null,"DIVIDEND_RATE":null,"CURRENT_RATIO":2.553991976061,"COMMON_ACS":2000000000,"CURRENTDEBT_DEBT":96.341136110102,"ISSUED_COMMON_SHARES":760540314,"HK_COMMON_SHARES":760540314,"PER_SHARES":200,"TOTAL_MARKET_CAP":3878755601.4,"HKSK_MARKET_CAP":3878755601.4,"PE_TTM":-14.484501516095,"PB_TTM":2.36558829087,"REPORT_DATE_SQ":"2021-12-31 00:00:00","REPORT_TYPE_SQ":"2021年年报","OPERATE_INCOME_SQ":3473930000,"DPS_HKD":null,"OPERATE_INCOME_QOQ_SQ":15.78813344368,"NET_PROFIT_RATIO_SQ":-107.9038149876,"HOLDER_PROFIT_SQ":-3740455000,"HOLDER_PROFIT_QOQ_SQ":-56.126553979825,"ROE_AVG_SQ":103.529454421858,"PE_TTM_SQ":-4.025844577584,"PB_TTM_SQ":2.522144725347,"ROA_SQ":-139.272560666953,"START_DATE":"2022-01-01 00:00:00","FISCAL_YEAR":"12-31","CURRENCY":"HKD","IS_CNY_CODE":0,"DPS_HKD_LY":null,"ORG_TYPE":"一般企业","PREMIUM_INCOME":null,"PREMIUM_INCOME_YOY":null,"NET_INTEREST_INCOME":null,"NET_INTEREST_INCOME_YOY":null,"FEE_COMMISSION_INCOME":null,"FEE_COMMISSION_INCOME_YOY":null,"ACCOUNTS_RECE_TDAYS":19.975599525762,"INVENTORY_TDAYS":13.769032359061,"CURRENT_ASSETS_TDAYS":1.58943417076,"TOTAL_ASSETS_TDAYS":1.41505121709,"PREMIUM_EXPENSE":null,"LOAN_DEPOSIT":null,"LOAN_EQUITY":null,"LOAN_ASSETS":null,"DEPOSIT_EQUITY":null,"DEPOSIT_ASSETS":null,"EQUITY_MULTIPLIER":1.597242728442,"EQUITY_RATIO":0.596342426728},{"SECUCODE":"00314.HK","SECURITY_CODE":"00314","SECURITY_NAME_ABBR":"思派健康","ORG_CODE":"10000240817","STD_REPORT_DATE":"2022-06-30 00:00:00","REPORT_DATE":"2022-06-30 00:00:00","DATE_TYPE_CODE":"002","REPORT_TYPE":"2022年中报","PER_NETCASH_OPERATE":-1.045655573333,"PER_OI":9.180280893333,"BPS":-7.970758273308,"BASIC_EPS":-3.5,"DILUTED_EPS":-3.5,"OPERATE_INCOME":1887652000,"OPERATE_INCOME_YOY":21.7805430039,"GROSS_PROFIT":176944000,"GROSS_PROFIT_YOY":49.342516162793,"HOLDER_PROFIT":-346327000,"HOLDER_PROFIT_YOY":86.2024688604,"GROSS_PROFIT_RATIO":9.373761689125,"EPS_TTM":-7.668100343333,"OPERATE_INCOME_QOQ":9.718330536309,"NET_PROFIT_RATIO":-18.3289610585,"ROE_AVG":6.027634628507,"GROSS_PROFIT_QOQ":20.625227113167,"ROA":-11.946491616894,"HOLDER_PROFIT_QOQ":57.846919692925,"ROE_YEARLY":12.055269257013,"ROIC_YEARLY":-35.629479217972,"TOTAL_ASSETS":2905151000,"TOTAL_LIABILITIES":8968090000,"TAX_EBT":-0.448843198109,"OCF_SALES":-11.390235064514,"TOTAL_PARENT_EQUITY":-6062083000,"DEBT_ASSET_RATIO":308.6961744846,"OPERATE_PROFIT":-342566000,"PRETAX_PROFIT":-344441000,"NETCASH_OPERATE":-215008000,"NETCASH_INVEST":1056987000,"NETCASH_FINANCE":-13678000,"END_CASH":1366423000,"DIVI_RATIO":null,"DIVIDEND_RATE":null,"CURRENT_RATIO":2.509880277968,"COMMON_ACS":2000000000,"CURRENTDEBT_DEBT":11.201682855547,"ISSUED_COMMON_SHARES":760540314,"HK_COMMON_SHARES":760540314,"PER_SHARES":200,"TOTAL_MARKET_CAP":3878755601.4,"HKSK_MARKET_CAP":3878755601.4,"PE_TTM":-14.484501516095,"PB_TTM":2.36558829087,"REPORT_DATE_SQ":"2021-06-30 00:00:00","REPORT_TYPE_SQ":"2021年中报","OPERATE_INCOME_SQ":1550044000,"DPS_HKD":null,"OPERATE_INCOME_QOQ_SQ":0,"NET_PROFIT_RATIO_SQ":-162.3677779469,"HOLDER_PROFIT_SQ":-2510065000,"HOLDER_PROFIT_QOQ_SQ":0,"ROE_AVG_SQ":null,"PE_TTM_SQ":-4.025844577584,"PB_TTM_SQ":2.522144725347,"ROA_SQ":null,"START_DATE":"2022-01-01 00:00:00","FISCAL_YEAR":"12-31","CURRENCY":"HKD","IS_CNY_CODE":0,"DPS_HKD_LY":null,"ORG_TYPE":"一般企业","PREMIUM_INCOME":null,"PREMIUM_INCOME_YOY":null,"NET_INTEREST_INCOME":null,"NET_INTEREST_INCOME_YOY":null,"FEE_COMMISSION_INCOME":null,"FEE_COMMISSION_INCOME_YOY":null,"ACCOUNTS_RECE_TDAYS":8.795526873704,"INVENTORY_TDAYS":6.241990480343,"CURRENT_ASSETS_TDAYS":0.753612206616,"TOTAL_ASSETS_TDAYS":0.651142382593,"PREMIUM_EXPENSE":null,"LOAN_DEPOSIT":null,"LOAN_EQUITY":null,"LOAN_ASSETS":null,"DEPOSIT_EQUITY":null,"DEPOSIT_ASSETS":null,"EQUITY_MULTIPLIER":-0.479165467441,"EQUITY_RATIO":-1.479374333872},{"SECUCODE":"00314.HK","SECURITY_CODE":"00314","SECURITY_NAME_ABBR":"思派健康","ORG_CODE":"10000240817","STD_REPORT_DATE":"2021-12-31 00:00:00","REPORT_DATE":"2021-12-31 00:00:00","DATE_TYPE_CODE":"001","REPORT_TYPE":"2021年年报","PER_NETCASH_OPERATE":-2.873310846594,"PER_OI":16.049808334058,"BPS":-7.138640648049,"BASIC_EPS":-37.61,"DILUTED_EPS":-37.61,"OPERATE_INCOME":3473930000,"OPERATE_INCOME_YOY":28.68089791,"GROSS_PROFIT":283449000,"GROSS_PROFIT_YOY":51.690570480574,"HOLDER_PROFIT":-3740455000,"HOLDER_PROFIT_YOY":-258.6999571339,"GROSS_PROFIT_RATIO":8.159318120975,"EPS_TTM":-17.281173147464,"OPERATE_INCOME_QOQ":15.78813344368,"NET_PROFIT_RATIO":-107.9038149876,"ROE_AVG":103.529454421858,"GROSS_PROFIT_QOQ":26.988159079607,"ROA":-139.272560666953,"HOLDER_PROFIT_QOQ":-56.126553979825,"ROE_YEARLY":103.529454421858,"ROIC_YEARLY":-234.207916266454,"TOTAL_ASSETS":2892819000,"TOTAL_LIABILITIES":8323729000,"TAX_EBT":-0.02201363084,"OCF_SALES":-17.902462053064,"TOTAL_PARENT_EQUITY":-5429224000,"DEBT_ASSET_RATIO":287.7376358493,"OPERATE_PROFIT":-3744127000,"PRETAX_PROFIT":-3747678000,"NETCASH_OPERATE":-621919000,"NETCASH_INVEST":-1020333000,"NETCASH_FINANCE":559292000,"END_CASH":535849000,"DIVI_RATIO":null,"DIVIDEND_RATE":null,"CURRENT_RATIO":2.994996389023,"COMMON_ACS":2000000000,"CURRENTDEBT_DEBT":9.981103421315,"ISSUED_COMMON_SHARES":760540314,"HK_COMMON_SHARES":760540314,"PER_SHARES":200,"TOTAL_MARKET_CAP":3878755601.4,"HKSK_MARKET_CAP":3878755601.4,"PE_TTM":-14.484501516095,"PB_TTM":2.36558829087,"REPORT_DATE_SQ":"2020-12-31 00:00:00","REPORT_TYPE_SQ":"2020年年报","OPERATE_INCOME_SQ":2699647000,"DPS_HKD":null,"OPERATE_INCOME_QOQ_SQ":159.8285292456,"NET_PROFIT_RATIO_SQ":-38.598713091,"HOLDER_PROFIT_SQ":-1042781000,"HOLDER_PROFIT_QOQ_SQ":-75.376684970442,"ROE_AVG_SQ":74.292205659505,"PE_TTM_SQ":-4.025844577584,"PB_TTM_SQ":2.522144725347,"ROA_SQ":-57.458183918028,"START_DATE":"2021-01-01 00:00:00","FISCAL_YEAR":"12-31","CURRENCY":"HKD","IS_CNY_CODE":0,"DPS_HKD_LY":null,"ORG_TYPE":"一般企业","PREMIUM_INCOME":null,"PREMIUM_INCOME_YOY":null,"NET_INTEREST_INCOME":null,"NET_INTEREST_INCOME_YOY":null,"FEE_COMMISSION_INCOME":null,"FEE_COMMISSION_INCOME_YOY":null,"ACCOUNTS_RECE_TDAYS":32.196277056678,"INVENTORY_TDAYS":11.623601461657,"CURRENT_ASSETS_TDAYS":1.45340587679,"TOTAL_ASSETS_TDAYS":1.29348736097,"PREMIUM_EXPENSE":null,"LOAN_DEPOSIT":null,"LOAN_EQUITY":null,"LOAN_ASSETS":null,"DEPOSIT_EQUITY":null,"DEPOSIT_ASSETS":null,"EQUITY_MULTIPLIER":-0.532658246961,"EQUITY_RATIO":-1.533134201131},{"SECUCODE":"00314.HK","SECURITY_CODE":"00314","SECURITY_NAME_ABBR":"思派健康","ORG_CODE":"10000240817","STD_REPORT_DATE":"2021-06-30 00:00:00","REPORT_DATE":"2021-06-30 00:00:00","DATE_TYPE_CODE":"002","REPORT_TYPE":"2021年中报","PER_NETCASH_OPERATE":null,"PER_OI":null,"BPS":null,"BASIC_EPS":-25.12,"DILUTED_EPS":-25.12,"OPERATE_INCOME":1550044000,"OPERATE_INCOME_YOY":null,"GROSS_PROFIT":118482000,"GROSS_PROFIT_YOY":null,"HOLDER_PROFIT":-2510065000,"HOLDER_PROFIT_YOY":null,"GROSS_PROFIT_RATIO":7.643783015192,"EPS_TTM":-25.808877703607,"OPERATE_INCOME_QOQ":0,"NET_PROFIT_RATIO":-162.3677779469,"ROE_AVG":null,"GROSS_PROFIT_QOQ":0,"ROA":null,"HOLDER_PROFIT_QOQ":0,"ROE_YEARLY":null,"ROIC_YEARLY":null,"TOTAL_ASSETS":null,"TOTAL_LIABILITIES":null,"TAX_EBT":0.001509847784,"OCF_SALES":-30.614292239446,"TOTAL_PARENT_EQUITY":null,"DEBT_ASSET_RATIO":null,"OPERATE_PROFIT":-2514589000,"PRETAX_PROFIT":-2516810000,"NETCASH_OPERATE":-474535000,"NETCASH_INVEST":-1218018000,"NETCASH_FINANCE":731248000,"END_CASH":657644000,"DIVI_RATIO":null,"DIVIDEND_RATE":null,"CURRENT_RATIO":null,"COMMON_ACS":2000000000,"CURRENTDEBT_DEBT":null,"ISSUED_COMMON_SHARES":760540314,"HK_COMMON_SHARES":760540314,"PER_SHARES":200,"TOTAL_MARKET_CAP":3878755601.4,"HKSK_MARKET_CAP":3878755601.4,"PE_TTM":-14.484501516095,"PB_TTM":2.36558829087,"REPORT_DATE_SQ":"2020-06-30 00:00:00","REPORT_TYPE_SQ":"2020年中报","OPERATE_INCOME_SQ":null,"DPS_HKD":null,"OPERATE_INCOME_QOQ_SQ":0,"NET_PROFIT_RATIO_SQ":null,"HOLDER_PROFIT_SQ":null,"HOLDER_PROFIT_QOQ_SQ":0,"ROE_AVG_SQ":null,"PE_TTM_SQ":-4.025844577584,"PB_TTM_SQ":2.522144725347,"ROA_SQ":null,"START_DATE":"2021-01-01 00:00:00","FISCAL_YEAR":"12-31","CURRENCY":"HKD","IS_CNY_CODE":0,"DPS_HKD_LY":null,"ORG_TYPE":"一般企业","PREMIUM_INCOME":null,"PREMIUM_INCOME_YOY":null,"NET_INTEREST_INCOME":null,"NET_INTEREST_INCOME_YOY":null,"FEE_COMMISSION_INCOME":null,"FEE_COMMISSION_INCOME_YOY":null,"ACCOUNTS_RECE_TDAYS":null,"INVENTORY_TDAYS":null,"CURRENT_ASSETS_TDAYS":1.352476882027,"TOTAL_ASSETS_TDAYS":1.250742556881,"PREMIUM_EXPENSE":null,"LOAN_DEPOSIT":null,"LOAN_EQUITY":null,"LOAN_ASSETS":null,"DEPOSIT_EQUITY":null,"DEPOSIT_ASSETS":null,"EQUITY_MULTIPLIER":null,"EQUITY_RATIO":null},{"SECUCODE":"00314.HK","SECURITY_CODE":"00314","SECURITY_NAME_ABBR":"思派健康","ORG_CODE":"10000240817","STD_REPORT_DATE":"2021-03-31 00:00:00","REPORT_DATE":"2021-03-31 00:00:00","DATE_TYPE_CODE":"003","REPORT_TYPE":"2021年一季报","PER_NETCASH_OPERATE":-3.508675612951,"PER_OI":8.245290198197,"BPS":-4.471613059028,"BASIC_EPS":-15.7,"DILUTED_EPS":-15.7,"OPERATE_INCOME":765393000,"OPERATE_INCOME_YOY":64.6739516301,"GROSS_PROFIT":51694000,"GROSS_PROFIT_YOY":236.878462039752,"HOLDER_PROFIT":-1570190000,"HOLDER_PROFIT_YOY":-622.9668442402,"GROSS_PROFIT_RATIO":6.753915962127,"EPS_TTM":-25.808877703607,"OPERATE_INCOME_QOQ":11.134789103909,"NET_PROFIT_RATIO":-205.479407311,"ROE_AVG":60.421041371092,"GROSS_PROFIT_QOQ":19.452531306861,"ROA":-58.660929300839,"HOLDER_PROFIT_QOQ":-129.749487188585,"ROE_YEARLY":241.684165484366,"ROIC_YEARLY":-519.321078122319,"TOTAL_ASSETS":2874846000,"TOTAL_LIABILITIES":6273218000,"TAX_EBT":0.002034643623,"OCF_SALES":-42.553694637918,"TOTAL_PARENT_EQUITY":-3400842000,"DEBT_ASSET_RATIO":218.2105754534,"OPERATE_PROFIT":null,"PRETAX_PROFIT":-1572757000,"NETCASH_OPERATE":-325703000,"NETCASH_INVEST":-697494000,"NETCASH_FINANCE":561819000,"END_CASH":1176809000,"DIVI_RATIO":null,"DIVIDEND_RATE":null,"CURRENT_RATIO":4.862469003929,"COMMON_ACS":2000000000,"CURRENTDEBT_DEBT":8.357114323143,"ISSUED_COMMON_SHARES":760540314,"HK_COMMON_SHARES":760540314,"PER_SHARES":200,"TOTAL_MARKET_CAP":3878755601.4,"HKSK_MARKET_CAP":3878755601.4,"PE_TTM":-14.484501516095,"PB_TTM":2.36558829087,"REPORT_DATE_SQ":"2020-03-31 00:00:00","REPORT_TYPE_SQ":"2020年一季报","OPERATE_INCOME_SQ":464793000,"DPS_HKD":null,"OPERATE_INCOME_QOQ_SQ":0,"NET_PROFIT_RATIO_SQ":-46.6497989428,"HOLDER_PROFIT_SQ":-217187000,"HOLDER_PROFIT_QOQ_SQ":0,"ROE_AVG_SQ":null,"PE_TTM_SQ":-4.025844577584,"PB_TTM_SQ":2.522144725347,"ROA_SQ":null,"START_DATE":"2021-01-01 00:00:00","FISCAL_YEAR":"12-31","CURRENCY":"HKD","IS_CNY_CODE":0,"DPS_HKD_LY":null,"ORG_TYPE":"一般企业","PREMIUM_INCOME":null,"PREMIUM_INCOME_YOY":null,"NET_INTEREST_INCOME":null,"NET_INTEREST_INCOME_YOY":null,"FEE_COMMISSION_INCOME":null,"FEE_COMMISSION_INCOME_YOY":null,"ACCOUNTS_RECE_TDAYS":14.316580000748,"INVENTORY_TDAYS":2.947768622349,"CURRENT_ASSETS_TDAYS":0.316189644467,"TOTAL_ASSETS_TDAYS":0.285944151092,"PREMIUM_EXPENSE":null,"LOAN_DEPOSIT":null,"LOAN_EQUITY":null,"LOAN_ASSETS":null,"DEPOSIT_EQUITY":null,"DEPOSIT_ASSETS":null,"EQUITY_MULTIPLIER":-0.845948000984,"EQUITY_RATIO":-1.844607306073},{"SECUCODE":"00314.HK","SECURITY_CODE":"00314","SECURITY_NAME_ABBR":"思派健康","ORG_CODE":"10000240817","STD_REPORT_DATE":"2020-12-31 00:00:00","REPORT_DATE":"2020-12-31 00:00:00","DATE_TYPE_CODE":"001","REPORT_TYPE":"2020年年报","PER_NETCASH_OPERATE":-2.054990513607,"PER_OI":28.876929033279,"BPS":-2.36233631134,"BASIC_EPS":-10.43,"DILUTED_EPS":-10.43,"OPERATE_INCOME":2699647000,"OPERATE_INCOME_YOY":159.8285292456,"GROSS_PROFIT":186860000,"GROSS_PROFIT_YOY":128.424037944355,"HOLDER_PROFIT":-1042781000,"HOLDER_PROFIT_YOY":-75.3766849704,"GROSS_PROFIT_RATIO":6.921645681824,"EPS_TTM":-11.154166798197,"OPERATE_INCOME_QOQ":159.8285292456,"NET_PROFIT_RATIO":-38.598713091,"ROE_AVG":74.292205659505,"GROSS_PROFIT_QOQ":128.424037944355,"ROA":-57.458183918028,"HOLDER_PROFIT_QOQ":-75.376684970442,"ROE_YEARLY":74.292205659505,"ROIC_YEARLY":-116.912415555644,"TOTAL_ASSETS":2478598000,"TOTAL_LIABILITIES":4270245000,"TAX_EBT":-0.11327280588,"OCF_SALES":-7.116374844563,"TOTAL_PARENT_EQUITY":-1796652000,"DEBT_ASSET_RATIO":172.2846948154,"OPERATE_PROFIT":-1037258000,"PRETAX_PROFIT":-1040850000,"NETCASH_OPERATE":-192117000,"NETCASH_INVEST":319617000,"NETCASH_FINANCE":1311939000,"END_CASH":1628021000,"DIVI_RATIO":null,"DIVIDEND_RATE":null,"CURRENT_RATIO":3.737749186704,"COMMON_ACS":2000000000,"CURRENTDEBT_DEBT":14.360885616633,"ISSUED_COMMON_SHARES":760540314,"HK_COMMON_SHARES":760540314,"PER_SHARES":200,"TOTAL_MARKET_CAP":3878755601.4,"HKSK_MARKET_CAP":3878755601.4,"PE_TTM":-14.484501516095,"PB_TTM":2.36558829087,"REPORT_DATE_SQ":"2019-12-31 00:00:00","REPORT_TYPE_SQ":"2019年年报","OPERATE_INCOME_SQ":1039011000,"DPS_HKD":null,"OPERATE_INCOME_QOQ_SQ":680.876616788294,"NET_PROFIT_RATIO_SQ":-57.3690750146,"HOLDER_PROFIT_SQ":-594595000,"HOLDER_PROFIT_QOQ_SQ":-146.509207896984,"ROE_AVG_SQ":83.118812953839,"PE_TTM_SQ":-4.025844577584,"PB_TTM_SQ":2.522144725347,"ROA_SQ":-69.52046726191,"START_DATE":"2020-01-01 00:00:00","FISCAL_YEAR":"12-31","CURRENCY":"HKD","IS_CNY_CODE":0,"DPS_HKD_LY":null,"ORG_TYPE":"一般企业","PREMIUM_INCOME":null,"PREMIUM_INCOME_YOY":null,"NET_INTEREST_INCOME":null,"NET_INTEREST_INCOME_YOY":null,"FEE_COMMISSION_INCOME":null,"FEE_COMMISSION_INCOME_YOY":null,"ACCOUNTS_RECE_TDAYS":64.802674059938,"INVENTORY_TDAYS":10.232946528017,"CURRENT_ASSETS_TDAYS":1.660907792491,"TOTAL_ASSETS_TDAYS":1.487530112648,"PREMIUM_EXPENSE":null,"LOAN_DEPOSIT":null,"LOAN_EQUITY":null,"LOAN_ASSETS":null,"DEPOSIT_EQUITY":null,"DEPOSIT_ASSETS":null,"EQUITY_MULTIPLIER":-1.383418720317,"EQUITY_RATIO":-2.376779142538}],"count":12},"success":true,"message":"ok","code":0}