{"version":"5587890fd34cf01a82f23a7bbd5b49ec","result":{"pages":6,"data":[{"SECUCODE":"00318.HK","SECURITY_CODE":"00318","SECURITY_NAME_ABBR":"黄河实业","ORG_CODE":"10008825","STD_REPORT_DATE":"2024-06-30 00:00:00","REPORT_DATE":"2024-10-31 00:00:00","DATE_TYPE_CODE":"002","REPORT_TYPE":"2024年中报","PER_NETCASH_OPERATE":0.015736514693,"PER_OI":0.35028215745,"BPS":1.727767088576,"BASIC_EPS":0.04858669,"DILUTED_EPS":0.04858669,"OPERATE_INCOME":94865970.59,"OPERATE_INCOME_YOY":0.1209388727,"GROSS_PROFIT":94865970.59,"GROSS_PROFIT_YOY":0.000946027838,"HOLDER_PROFIT":13068902.88,"HOLDER_PROFIT_YOY":13.8931053767,"GROSS_PROFIT_RATIO":null,"EPS_TTM":0.070822772375,"OPERATE_INCOME_QOQ":2.385365243936,"NET_PROFIT_RATIO":14.4661441976,"ROE_AVG":2.832733410894,"GROSS_PROFIT_QOQ":2.867455075036,"ROA":2.274046897432,"HOLDER_PROFIT_QOQ":68.072697230856,"ROE_YEARLY":5.665466821789,"ROIC_YEARLY":5.460515542992,"TOTAL_ASSETS":580264421.56,"TOTAL_LIABILITIES":65459105.65,"TAX_EBT":-3.505496784899,"OCF_SALES":4.492525342327,"TOTAL_PARENT_EQUITY":467926493.9,"DEBT_ASSET_RATIO":11.2809097401,"OPERATE_PROFIT":14647511.94,"PRETAX_PROFIT":13258665.99,"NETCASH_OPERATE":4261877.77,"NETCASH_INVEST":136592.77,"NETCASH_FINANCE":-2885866.04,"END_CASH":50272556.47,"DIVI_RATIO":null,"DIVIDEND_RATE":null,"CURRENT_RATIO":4.432651341355,"COMMON_ACS":5000000000,"CURRENTDEBT_DEBT":89.737413346404,"ISSUED_COMMON_SHARES":270827299,"HK_COMMON_SHARES":270827299,"PER_SHARES":5000,"TOTAL_MARKET_CAP":89373008.67,"HKSK_MARKET_CAP":89373008.67,"PE_TTM":3.909238416149,"PB_TTM":0.175093565562,"REPORT_DATE_SQ":"2023-06-30 00:00:00","REPORT_TYPE_SQ":"2023年中报","OPERATE_INCOME_SQ":94865073.14,"DPS_HKD":null,"OPERATE_INCOME_QOQ_SQ":-0.530379128165,"NET_PROFIT_RATIO_SQ":15.4501828596,"HOLDER_PROFIT_SQ":11488478.11,"HOLDER_PROFIT_QOQ_SQ":-31.189741494853,"ROE_AVG_SQ":2.619759225772,"PE_TTM_SQ":5.873868607281,"PB_TTM_SQ":0.156619026682,"ROA_SQ":2.036122177091,"START_DATE":"2024-05-01 00:00:00","FISCAL_YEAR":"4-30","CURRENCY":"HKD","IS_CNY_CODE":0,"DPS_HKD_LY":null,"ORG_TYPE":"一般企业","PREMIUM_INCOME":null,"PREMIUM_INCOME_YOY":null,"NET_INTEREST_INCOME":null,"NET_INTEREST_INCOME_YOY":null,"FEE_COMMISSION_INCOME":null,"FEE_COMMISSION_INCOME_YOY":null,"ACCOUNTS_RECE_TDAYS":0.780720946374,"INVENTORY_TDAYS":null,"CURRENT_ASSETS_TDAYS":0.376459931353,"TOTAL_ASSETS_TDAYS":0.165070984208,"PREMIUM_EXPENSE":null,"LOAN_DEPOSIT":null,"LOAN_EQUITY":null,"LOAN_ASSETS":null,"DEPOSIT_EQUITY":null,"DEPOSIT_ASSETS":null,"EQUITY_MULTIPLIER":1.127153126876,"EQUITY_RATIO":0.139891855886},{"SECUCODE":"00318.HK","SECURITY_CODE":"00318","SECURITY_NAME_ABBR":"黄河实业","ORG_CODE":"10008825","STD_REPORT_DATE":"2023-12-31 00:00:00","REPORT_DATE":"2024-04-30 00:00:00","DATE_TYPE_CODE":"001","REPORT_TYPE":"2023年年报","PER_NETCASH_OPERATE":-0.094591301152,"PER_OI":0.685813756353,"BPS":1.663324259088,"BASIC_EPS":0.074550905,"DILUTED_EPS":0.074550905,"OPERATE_INCOME":185737087.25,"OPERATE_INCOME_YOY":1.4567874291,"GROSS_PROFIT":184829037.25,"GROSS_PROFIT_YOY":6.200699913684,"HOLDER_PROFIT":19180740.15,"HOLDER_PROFIT_YOY":56.3740005922,"GROSS_PROFIT_RATIO":99.511110024689,"EPS_TTM":0.042138178028,"OPERATE_INCOME_QOQ":2.012844477943,"NET_PROFIT_RATIO":8.336062969,"ROE_AVG":4.366538707217,"GROSS_PROFIT_QOQ":3.240329836309,"ROA":3.43411484117,"HOLDER_PROFIT_QOQ":-4.219078248538,"ROE_YEARLY":4.366538707217,"ROIC_YEARLY":4.358146688991,"TOTAL_ASSETS":563742865.4,"TOTAL_LIABILITIES":67482643.8,"TAX_EBT":19.289027738332,"OCF_SALES":-13.792563983476,"TOTAL_PARENT_EQUITY":450473616.45,"DEBT_ASSET_RATIO":11.9704652496,"OPERATE_PROFIT":21810452.95,"PRETAX_PROFIT":19183464.3,"NETCASH_OPERATE":-25617906.6,"NETCASH_INVEST":-22205454.7,"NETCASH_FINANCE":-4582020.3,"END_CASH":34961741.1,"DIVI_RATIO":null,"DIVIDEND_RATE":null,"CURRENT_RATIO":3.99720220815,"COMMON_ACS":5000000000,"CURRENTDEBT_DEBT":89.457182840842,"ISSUED_COMMON_SHARES":270827299,"HK_COMMON_SHARES":270827299,"PER_SHARES":5000,"TOTAL_MARKET_CAP":93435418.155,"HKSK_MARKET_CAP":93435418.155,"PE_TTM":4.086931071429,"PB_TTM":0.183052363997,"REPORT_DATE_SQ":"2022-12-31 00:00:00","REPORT_TYPE_SQ":"2022年年报","OPERATE_INCOME_SQ":177830352.48,"DPS_HKD":null,"OPERATE_INCOME_QOQ_SQ":9.702765259884,"NET_PROFIT_RATIO_SQ":10.2069362327,"HOLDER_PROFIT_SQ":11914866.48,"HOLDER_PROFIT_QOQ_SQ":2.466049927911,"ROE_AVG_SQ":2.926267081445,"PE_TTM_SQ":5.513585077362,"PB_TTM_SQ":0.153822258349,"ROA_SQ":2.249533706368,"START_DATE":"2023-05-01 00:00:00","FISCAL_YEAR":"4-30","CURRENCY":"HKD","IS_CNY_CODE":0,"DPS_HKD_LY":null,"ORG_TYPE":"一般企业","PREMIUM_INCOME":null,"PREMIUM_INCOME_YOY":null,"NET_INTEREST_INCOME":null,"NET_INTEREST_INCOME_YOY":null,"FEE_COMMISSION_INCOME":null,"FEE_COMMISSION_INCOME_YOY":null,"ACCOUNTS_RECE_TDAYS":1.710442693961,"INVENTORY_TDAYS":null,"CURRENT_ASSETS_TDAYS":0.774658155507,"TOTAL_ASSETS_TDAYS":0.332543208913,"PREMIUM_EXPENSE":null,"LOAN_DEPOSIT":null,"LOAN_EQUITY":null,"LOAN_ASSETS":null,"DEPOSIT_EQUITY":null,"DEPOSIT_ASSETS":null,"EQUITY_MULTIPLIER":1.135982375501,"EQUITY_RATIO":0.14980376505},{"SECUCODE":"00318.HK","SECURITY_CODE":"00318","SECURITY_NAME_ABBR":"黄河实业","ORG_CODE":"10008825","STD_REPORT_DATE":"2023-06-30 00:00:00","REPORT_DATE":"2023-10-31 00:00:00","DATE_TYPE_CODE":"002","REPORT_TYPE":"2023年中报","PER_NETCASH_OPERATE":-0.002283686404,"PER_OI":0.383177369002,"BPS":1.640875987062,"BASIC_EPS":0.04680933,"DILUTED_EPS":0.04680933,"OPERATE_INCOME":94865073.14,"OPERATE_INCOME_YOY":3.5226009355,"GROSS_PROFIT":94865073.14,"GROSS_PROFIT_YOY":6.320364932482,"HOLDER_PROFIT":11488478.11,"HOLDER_PROFIT_YOY":-4.5596645063,"GROSS_PROFIT_RATIO":null,"EPS_TTM":0.048126323405,"OPERATE_INCOME_QOQ":-0.530379128165,"NET_PROFIT_RATIO":15.4501828596,"ROE_AVG":2.619759225772,"GROSS_PROFIT_QOQ":0.739584133814,"ROA":2.036122177091,"HOLDER_PROFIT_QOQ":-31.189741494853,"ROE_YEARLY":5.239518451544,"ROIC_YEARLY":5.489075678159,"TOTAL_ASSETS":569179424.88,"TOTAL_LIABILITIES":69026322.98,"TAX_EBT":-3.272327491431,"OCF_SALES":-0.59598676445,"TOTAL_PARENT_EQUITY":444394011.57,"DEBT_ASSET_RATIO":12.1273398093,"OPERATE_PROFIT":15284622.99,"PRETAX_PROFIT":14192405.29,"NETCASH_OPERATE":-565383.28,"NETCASH_INVEST":636974.02,"NETCASH_FINANCE":-669098.07,"END_CASH":91142354.66,"DIVI_RATIO":null,"DIVIDEND_RATE":null,"CURRENT_RATIO":4.225990515527,"COMMON_ACS":5000000000,"CURRENTDEBT_DEBT":86.921256282743,"ISSUED_COMMON_SHARES":270827299,"HK_COMMON_SHARES":270827299,"PER_SHARES":5000,"TOTAL_MARKET_CAP":93435418.155,"HKSK_MARKET_CAP":93435418.155,"PE_TTM":4.086931071429,"PB_TTM":0.183052363997,"REPORT_DATE_SQ":"2022-06-30 00:00:00","REPORT_TYPE_SQ":"2022年中报","OPERATE_INCOME_SQ":91285624.71,"DPS_HKD":null,"OPERATE_INCOME_QOQ_SQ":28.873389769825,"NET_PROFIT_RATIO_SQ":15.9183101131,"HOLDER_PROFIT_SQ":11991175.65,"HOLDER_PROFIT_QOQ_SQ":-3.925789110703,"ROE_AVG_SQ":2.862496494178,"PE_TTM_SQ":5.513585077362,"PB_TTM_SQ":0.153822258349,"ROA_SQ":2.248618509825,"START_DATE":"2023-05-01 00:00:00","FISCAL_YEAR":"4-30","CURRENCY":"HKD","IS_CNY_CODE":0,"DPS_HKD_LY":null,"ORG_TYPE":"一般企业","PREMIUM_INCOME":null,"PREMIUM_INCOME_YOY":null,"NET_INTEREST_INCOME":null,"NET_INTEREST_INCOME_YOY":null,"FEE_COMMISSION_INCOME":null,"FEE_COMMISSION_INCOME_YOY":null,"ACCOUNTS_RECE_TDAYS":0.897130878964,"INVENTORY_TDAYS":null,"CURRENT_ASSETS_TDAYS":0.38379817529,"TOTAL_ASSETS_TDAYS":0.168130954685,"PREMIUM_EXPENSE":null,"LOAN_DEPOSIT":null,"LOAN_EQUITY":null,"LOAN_ASSETS":null,"DEPOSIT_EQUITY":null,"DEPOSIT_ASSETS":null,"EQUITY_MULTIPLIER":1.138010386655,"EQUITY_RATIO":0.155326852259},{"SECUCODE":"00318.HK","SECURITY_CODE":"00318","SECURITY_NAME_ABBR":"黄河实业","ORG_CODE":"10008825","STD_REPORT_DATE":"2022-12-31 00:00:00","REPORT_DATE":"2023-04-30 00:00:00","DATE_TYPE_CODE":"001","REPORT_TYPE":"2022年年报","PER_NETCASH_OPERATE":0.15219931963,"PER_OI":0.718289295908,"BPS":1.535323417674,"BASIC_EPS":0.051424098,"DILUTED_EPS":0.051424098,"OPERATE_INCOME":177830352.48,"OPERATE_INCOME_YOY":4.3357656679,"GROSS_PROFIT":174037494.48,"GROSS_PROFIT_YOY":9.45238657701,"HOLDER_PROFIT":11914866.48,"HOLDER_PROFIT_YOY":-32.5847182712,"GROSS_PROFIT_RATIO":97.867148129043,"EPS_TTM":0.07625476501,"OPERATE_INCOME_QOQ":9.702765259884,"NET_PROFIT_RATIO":10.2069362327,"ROE_AVG":2.926267081445,"GROSS_PROFIT_QOQ":8.64883701686,"ROA":2.249533706368,"HOLDER_PROFIT_QOQ":2.466049927911,"ROE_YEARLY":2.926267081445,"ROIC_YEARLY":2.911072008517,"TOTAL_ASSETS":537490317.48,"TOTAL_LIABILITIES":71141667.24,"TAX_EBT":9.618763176388,"OCF_SALES":21.189139319868,"TOTAL_PARENT_EQUITY":415807494.3,"DEBT_ASSET_RATIO":13.2358974527,"OPERATE_PROFIT":21299984.88,"PRETAX_PROFIT":20082742.08,"NETCASH_OPERATE":37680721.14,"NETCASH_INVEST":-139365.48,"NETCASH_FINANCE":-3407397.78,"END_CASH":84612487.56,"DIVI_RATIO":null,"DIVIDEND_RATE":null,"CURRENT_RATIO":3.731269200137,"COMMON_ACS":5000000000,"CURRENTDEBT_DEBT":87.17732536514,"ISSUED_COMMON_SHARES":270827299,"HK_COMMON_SHARES":270827299,"PER_SHARES":5000,"TOTAL_MARKET_CAP":94789554.65,"HKSK_MARKET_CAP":94789554.65,"PE_TTM":4.146161956522,"PB_TTM":0.185705296809,"REPORT_DATE_SQ":"2021-12-31 00:00:00","REPORT_TYPE_SQ":"2021年年报","OPERATE_INCOME_SQ":162966317.4,"DPS_HKD":null,"OPERATE_INCOME_QOQ_SQ":37.136750312676,"NET_PROFIT_RATIO_SQ":12.4768410702,"HOLDER_PROFIT_SQ":16898805.06,"HOLDER_PROFIT_QOQ_SQ":4.329060489208,"ROE_AVG_SQ":4.62887240973,"PE_TTM_SQ":6.014820084394,"PB_TTM_SQ":0.167806100017,"ROA_SQ":3.84343152431,"START_DATE":"2022-05-01 00:00:00","FISCAL_YEAR":"4-30","CURRENCY":"HKD","IS_CNY_CODE":0,"DPS_HKD_LY":null,"ORG_TYPE":"一般企业","PREMIUM_INCOME":null,"PREMIUM_INCOME_YOY":null,"NET_INTEREST_INCOME":null,"NET_INTEREST_INCOME_YOY":null,"FEE_COMMISSION_INCOME":null,"FEE_COMMISSION_INCOME_YOY":null,"ACCOUNTS_RECE_TDAYS":1.756618643292,"INVENTORY_TDAYS":3.109182935647,"CURRENT_ASSETS_TDAYS":0.756021967267,"TOTAL_ASSETS_TDAYS":0.335744737543,"PREMIUM_EXPENSE":null,"LOAN_DEPOSIT":null,"LOAN_EQUITY":null,"LOAN_ASSETS":null,"DEPOSIT_EQUITY":null,"DEPOSIT_ASSETS":null,"EQUITY_MULTIPLIER":1.152550387362,"EQUITY_RATIO":0.171092797064},{"SECUCODE":"00318.HK","SECURITY_CODE":"00318","SECURITY_NAME_ABBR":"黄河实业","ORG_CODE":"10008825","STD_REPORT_DATE":"2022-06-30 00:00:00","REPORT_DATE":"2022-10-31 00:00:00","DATE_TYPE_CODE":"002","REPORT_TYPE":"2022年中报","PER_NETCASH_OPERATE":0.08729386933,"PER_OI":0.402006790026,"BPS":1.568194184664,"BASIC_EPS":0.05302998,"DILUTED_EPS":0.05302998,"OPERATE_INCOME":91285624.71,"OPERATE_INCOME_YOY":8.6917709048,"GROSS_PROFIT":89225684.28,"GROSS_PROFIT_YOY":18.221388523302,"HOLDER_PROFIT":11991175.65,"HOLDER_PROFIT_YOY":-6.8999787038,"GROSS_PROFIT_RATIO":97.74341202512,"EPS_TTM":0.074419541949,"OPERATE_INCOME_QOQ":28.873389769825,"NET_PROFIT_RATIO":15.9183101131,"ROE_AVG":2.862496494178,"GROSS_PROFIT_QOQ":25.742759476498,"ROA":2.248618509825,"HOLDER_PROFIT_QOQ":-3.925789110703,"ROE_YEARLY":5.724992988357,"ROIC_YEARLY":5.604132059246,"TOTAL_ASSETS":525629504.52,"TOTAL_LIABILITIES":69493960.17,"TAX_EBT":-6.321915975381,"OCF_SALES":21.714526096493,"TOTAL_PARENT_EQUITY":424709795.34,"DEBT_ASSET_RATIO":13.2210919616,"OPERATE_PROFIT":14124260.88,"PRETAX_PROFIT":13667105.88,"NETCASH_OPERATE":19822240.8,"NETCASH_INVEST":146289.6,"NETCASH_FINANCE":-22909865.67,"END_CASH":73522410.03,"DIVI_RATIO":null,"DIVIDEND_RATE":null,"CURRENT_RATIO":4.137175105318,"COMMON_ACS":5000000000,"CURRENTDEBT_DEBT":82.762114015814,"ISSUED_COMMON_SHARES":270827299,"HK_COMMON_SHARES":270827299,"PER_SHARES":5000,"TOTAL_MARKET_CAP":94789554.65,"HKSK_MARKET_CAP":94789554.65,"PE_TTM":4.146161956522,"PB_TTM":0.185705296809,"REPORT_DATE_SQ":"2021-06-30 00:00:00","REPORT_TYPE_SQ":"2021年中报","OPERATE_INCOME_SQ":75473385.48,"DPS_HKD":null,"OPERATE_INCOME_QOQ_SQ":62.61487914149,"NET_PROFIT_RATIO_SQ":17.2115353212,"HOLDER_PROFIT_SQ":11574442.68,"HOLDER_PROFIT_QOQ_SQ":-5.08532066568,"ROE_AVG_SQ":3.286985292917,"PE_TTM_SQ":6.014820084394,"PB_TTM_SQ":0.167806100017,"ROA_SQ":2.888059257801,"START_DATE":"2022-05-01 00:00:00","FISCAL_YEAR":"4-30","CURRENCY":"HKD","IS_CNY_CODE":0,"DPS_HKD_LY":null,"ORG_TYPE":"一般企业","PREMIUM_INCOME":null,"PREMIUM_INCOME_YOY":null,"NET_INTEREST_INCOME":null,"NET_INTEREST_INCOME_YOY":null,"FEE_COMMISSION_INCOME":null,"FEE_COMMISSION_INCOME_YOY":null,"ACCOUNTS_RECE_TDAYS":0.925464859754,"INVENTORY_TDAYS":0.936214419281,"CURRENT_ASSETS_TDAYS":0.375882613156,"TOTAL_ASSETS_TDAYS":0.171181334838,"PREMIUM_EXPENSE":null,"LOAN_DEPOSIT":null,"LOAN_EQUITY":null,"LOAN_ASSETS":null,"DEPOSIT_EQUITY":null,"DEPOSIT_ASSETS":null,"EQUITY_MULTIPLIER":1.15235374886,"EQUITY_RATIO":0.163626930512},{"SECUCODE":"00318.HK","SECURITY_CODE":"00318","SECURITY_NAME_ABBR":"黄河实业","ORG_CODE":"10008825","STD_REPORT_DATE":"2021-12-31 00:00:00","REPORT_DATE":"2022-04-30 00:00:00","DATE_TYPE_CODE":"001","REPORT_TYPE":"2021年年报","PER_NETCASH_OPERATE":-0.013909326975,"PER_OI":0.71767670264,"BPS":1.40700405619,"BASIC_EPS":0.075735524,"DILUTED_EPS":0.075735524,"OPERATE_INCOME":162966317.4,"OPERATE_INCOME_YOY":74.57019216,"GROSS_PROFIT":159007491.68,"GROSS_PROFIT_YOY":72.439534099554,"HOLDER_PROFIT":16898805.06,"HOLDER_PROFIT_YOY":-0.9931811444,"GROSS_PROFIT_RATIO":97.570770584278,"EPS_TTM":0.077460476917,"OPERATE_INCOME_QOQ":37.136750312676,"NET_PROFIT_RATIO":12.4768410702,"ROE_AVG":4.62887240973,"GROSS_PROFIT_QOQ":37.136750312676,"ROA":3.84343152431,"HOLDER_PROFIT_QOQ":4.329060489208,"ROE_YEARLY":4.62887240973,"ROIC_YEARLY":4.506798322068,"TOTAL_ASSETS":498945294.76,"TOTAL_LIABILITIES":91245282.2,"TAX_EBT":6.340080027971,"OCF_SALES":-1.938104849144,"TOTAL_PARENT_EQUITY":381055108.22,"DEBT_ASSET_RATIO":18.2876325638,"OPERATE_PROFIT":22207882.16,"PRETAX_PROFIT":21709444.58,"NETCASH_OPERATE":-3158458.1,"NETCASH_INVEST":1950737.94,"NETCASH_FINANCE":18615083.36,"END_CASH":48808087.36,"DIVI_RATIO":null,"DIVIDEND_RATE":null,"CURRENT_RATIO":2.878450867298,"COMMON_ACS":5000000000,"CURRENTDEBT_DEBT":87.016360107219,"ISSUED_COMMON_SHARES":270827299,"HK_COMMON_SHARES":270827299,"PER_SHARES":5000,"TOTAL_MARKET_CAP":94789554.65,"HKSK_MARKET_CAP":94789554.65,"PE_TTM":4.146161956522,"PB_TTM":0.185705296809,"REPORT_DATE_SQ":"2020-12-31 00:00:00","REPORT_TYPE_SQ":"2020年年报","OPERATE_INCOME_SQ":92210578.34,"DPS_HKD":null,"OPERATE_INCOME_QOQ_SQ":83.037169741651,"NET_PROFIT_RATIO_SQ":18.2836596229,"HOLDER_PROFIT_SQ":16859468.28,"HOLDER_PROFIT_QOQ_SQ":90.913228565953,"ROE_AVG_SQ":5.024510564556,"PE_TTM_SQ":6.014820084394,"PB_TTM_SQ":0.167806100017,"ROA_SQ":4.60955027389,"START_DATE":"2021-05-01 00:00:00","FISCAL_YEAR":"4-30","CURRENCY":"HKD","IS_CNY_CODE":0,"DPS_HKD_LY":null,"ORG_TYPE":"一般企业","PREMIUM_INCOME":null,"PREMIUM_INCOME_YOY":null,"NET_INTEREST_INCOME":null,"NET_INTEREST_INCOME_YOY":null,"FEE_COMMISSION_INCOME":null,"FEE_COMMISSION_INCOME_YOY":null,"ACCOUNTS_RECE_TDAYS":2.077775447991,"INVENTORY_TDAYS":1.853138570865,"CURRENT_ASSETS_TDAYS":0.876108000272,"TOTAL_ASSETS_TDAYS":0.370647438959,"PREMIUM_EXPENSE":null,"LOAN_DEPOSIT":null,"LOAN_EQUITY":null,"LOAN_ASSETS":null,"DEPOSIT_EQUITY":null,"DEPOSIT_ASSETS":null,"EQUITY_MULTIPLIER":1.223804953125,"EQUITY_RATIO":0.239454294751},{"SECUCODE":"00318.HK","SECURITY_CODE":"00318","SECURITY_NAME_ABBR":"黄河实业","ORG_CODE":"10008825","STD_REPORT_DATE":"2021-06-30 00:00:00","REPORT_DATE":"2021-10-31 00:00:00","DATE_TYPE_CODE":"002","REPORT_TYPE":"2021年中报","PER_NETCASH_OPERATE":0.009863667455,"PER_OI":0.332372304244,"BPS":1.344638510315,"BASIC_EPS":0.05258496,"DILUTED_EPS":0.05258496,"OPERATE_INCOME":75473385.48,"OPERATE_INCOME_YOY":93.2123175298,"GROSS_PROFIT":75473385.48,"GROSS_PROFIT_YOY":83.05731945199,"HOLDER_PROFIT":11574442.68,"HOLDER_PROFIT_YOY":12.6509396242,"GROSS_PROFIT_RATIO":null,"EPS_TTM":0.074246309277,"OPERATE_INCOME_QOQ":62.61487914149,"NET_PROFIT_RATIO":17.2115353212,"ROE_AVG":3.286985292917,"GROSS_PROFIT_QOQ":62.61487914149,"ROA":2.888059257801,"HOLDER_PROFIT_QOQ":-5.08532066568,"ROE_YEARLY":6.573970585833,"ROIC_YEARLY":6.547190243585,"TOTAL_ASSETS":430928817.36,"TOTAL_LIABILITIES":54427898.52,"TAX_EBT":-1.326667948471,"OCF_SALES":2.967656248299,"TOTAL_PARENT_EQUITY":364164815.88,"DEBT_ASSET_RATIO":12.6303687123,"OPERATE_PROFIT":12950689.68,"PRETAX_PROFIT":12820048.92,"NETCASH_OPERATE":2239790.64,"NETCASH_INVEST":1349132.88,"NETCASH_FINANCE":16657929.36,"END_CASH":50957291.16,"DIVI_RATIO":null,"DIVIDEND_RATE":null,"CURRENT_RATIO":3.467775500062,"COMMON_ACS":5000000000,"CURRENTDEBT_DEBT":97.205742493547,"ISSUED_COMMON_SHARES":270827299,"HK_COMMON_SHARES":270827299,"PER_SHARES":5000,"TOTAL_MARKET_CAP":93435418.155,"HKSK_MARKET_CAP":93435418.155,"PE_TTM":4.086931071429,"PB_TTM":0.183052363997,"REPORT_DATE_SQ":"2020-06-30 00:00:00","REPORT_TYPE_SQ":"2020年中报","OPERATE_INCOME_SQ":41229373.24,"DPS_HKD":null,"OPERATE_INCOME_QOQ_SQ":17.471700720818,"NET_PROFIT_RATIO_SQ":26.3030583484,"HOLDER_PROFIT_SQ":10844586.1,"HOLDER_PROFIT_QOQ_SQ":-31.30844379542,"ROE_AVG_SQ":3.14010177395,"PE_TTM_SQ":5.313091074548,"PB_TTM_SQ":0.148228721681,"ROA_SQ":2.870940821427,"START_DATE":"2021-05-01 00:00:00","FISCAL_YEAR":"4-30","CURRENCY":"HKD","IS_CNY_CODE":0,"DPS_HKD_LY":null,"ORG_TYPE":"一般企业","PREMIUM_INCOME":null,"PREMIUM_INCOME_YOY":null,"NET_INTEREST_INCOME":null,"NET_INTEREST_INCOME_YOY":null,"FEE_COMMISSION_INCOME":null,"FEE_COMMISSION_INCOME_YOY":null,"ACCOUNTS_RECE_TDAYS":1.165320866978,"INVENTORY_TDAYS":null,"CURRENT_ASSETS_TDAYS":0.466965413641,"TOTAL_ASSETS_TDAYS":0.188321473162,"PREMIUM_EXPENSE":null,"LOAN_DEPOSIT":null,"LOAN_EQUITY":null,"LOAN_ASSETS":null,"DEPOSIT_EQUITY":null,"DEPOSIT_ASSETS":null,"EQUITY_MULTIPLIER":1.144562458673,"EQUITY_RATIO":0.149459519829},{"SECUCODE":"00318.HK","SECURITY_CODE":"00318","SECURITY_NAME_ABBR":"黄河实业","ORG_CODE":"10008825","STD_REPORT_DATE":"2020-12-31 00:00:00","REPORT_DATE":"2021-04-30 00:00:00","DATE_TYPE_CODE":"001","REPORT_TYPE":"2020年年报","PER_NETCASH_OPERATE":0.083982265076,"PER_OI":0.479789054918,"BPS":1.273213703099,"BASIC_EPS":0.087721218,"DILUTED_EPS":0.087721218,"OPERATE_INCOME":92210578.34,"OPERATE_INCOME_YOY":225.3358022514,"GROSS_PROFIT":92210578.34,"GROSS_PROFIT_YOY":197.64567235939,"HOLDER_PROFIT":16859468.28,"HOLDER_PROFIT_YOY":98.0622431004,"GROSS_PROFIT_RATIO":null,"EPS_TTM":0.092423003822,"OPERATE_INCOME_QOQ":83.037169741651,"NET_PROFIT_RATIO":18.2836596229,"ROE_AVG":5.024510564556,"GROSS_PROFIT_QOQ":83.037169741651,"ROA":4.60955027389,"HOLDER_PROFIT_QOQ":90.913228565953,"ROE_YEARLY":5.024510564556,"ROIC_YEARLY":4.932290073638,"TOTAL_ASSETS":375760043.6,"TOTAL_LIABILITIES":30939015.34,"TAX_EBT":7.330921745501,"OCF_SALES":17.503997687214,"TOTAL_PARENT_EQUITY":344821028.26,"DEBT_ASSET_RATIO":8.2337161353,"OPERATE_PROFIT":18490599.76,"PRETAX_PROFIT":18193197.34,"NETCASH_OPERATE":16140537.5,"NETCASH_INVEST":186605.44,"NETCASH_FINANCE":-2070154.1,"END_CASH":31537152.42,"DIVI_RATIO":null,"DIVIDEND_RATE":null,"CURRENT_RATIO":4.682741535921,"COMMON_ACS":5000000000,"CURRENTDEBT_DEBT":97.821696868521,"ISSUED_COMMON_SHARES":270827299,"HK_COMMON_SHARES":270827299,"PER_SHARES":5000,"TOTAL_MARKET_CAP":93435418.155,"HKSK_MARKET_CAP":93435418.155,"PE_TTM":4.086931071429,"PB_TTM":0.183052363997,"REPORT_DATE_SQ":"2019-12-31 00:00:00","REPORT_TYPE_SQ":"2019年年报","OPERATE_INCOME_SQ":30979982.88,"DPS_HKD":null,"OPERATE_INCOME_QOQ_SQ":-9.455209001508,"NET_PROFIT_RATIO_SQ":30.032624989,"HOLDER_PROFIT_SQ":9304102.08,"HOLDER_PROFIT_QOQ_SQ":-28.748327646282,"ROE_AVG_SQ":2.637835828409,"PE_TTM_SQ":5.313091074548,"PB_TTM_SQ":0.148228721681,"ROA_SQ":2.417886396254,"START_DATE":"2020-05-01 00:00:00","FISCAL_YEAR":"4-30","CURRENCY":"HKD","IS_CNY_CODE":0,"DPS_HKD_LY":null,"ORG_TYPE":"一般企业","PREMIUM_INCOME":null,"PREMIUM_INCOME_YOY":null,"NET_INTEREST_INCOME":null,"NET_INTEREST_INCOME_YOY":null,"FEE_COMMISSION_INCOME":null,"FEE_COMMISSION_INCOME_YOY":null,"ACCOUNTS_RECE_TDAYS":2.056460752438,"INVENTORY_TDAYS":null,"CURRENT_ASSETS_TDAYS":0.704949145634,"TOTAL_ASSETS_TDAYS":0.252113109135,"PREMIUM_EXPENSE":null,"LOAN_DEPOSIT":null,"LOAN_EQUITY":null,"LOAN_ASSETS":null,"DEPOSIT_EQUITY":null,"DEPOSIT_ASSETS":null,"EQUITY_MULTIPLIER":1.089724850877,"EQUITY_RATIO":0.089724850877},{"SECUCODE":"00318.HK","SECURITY_CODE":"00318","SECURITY_NAME_ABBR":"黄河实业","ORG_CODE":"10008825","STD_REPORT_DATE":"2020-06-30 00:00:00","REPORT_DATE":"2020-10-31 00:00:00","DATE_TYPE_CODE":"002","REPORT_TYPE":"2020年中报","PER_NETCASH_OPERATE":0.058488555115,"PER_OI":0.214524215961,"BPS":1.29628316243,"BASIC_EPS":0.0563693,"DILUTED_EPS":0.0563693,"OPERATE_INCOME":41229373.24,"OPERATE_INCOME_YOY":175.9737621176,"GROSS_PROFIT":41229373.24,"GROSS_PROFIT_YOY":165.919229768147,"HOLDER_PROFIT":10844586.1,"HOLDER_PROFIT_YOY":371.7087891362,"GROSS_PROFIT_RATIO":null,"EPS_TTM":0.048411000388,"OPERATE_INCOME_QOQ":17.471700720818,"NET_PROFIT_RATIO":26.3030583484,"ROE_AVG":3.14010177395,"GROSS_PROFIT_QOQ":17.471700720818,"ROA":2.870940821427,"HOLDER_PROFIT_QOQ":-31.30844379542,"ROE_YEARLY":6.280203547901,"ROIC_YEARLY":6.107306423905,"TOTAL_ASSETS":385143675.86,"TOTAL_LIABILITIES":34074808.24,"TAX_EBT":-0.007997440819,"OCF_SALES":27.264313659501,"TOTAL_PARENT_EQUITY":351068867.62,"DEBT_ASSET_RATIO":8.8472978724,"OPERATE_PROFIT":11024967.86,"PRETAX_PROFIT":10843718.88,"NETCASH_OPERATE":11240905.64,"NETCASH_INVEST":496049.84,"NETCASH_FINANCE":-1091829.98,"END_CASH":28205463.28,"DIVI_RATIO":null,"DIVIDEND_RATE":null,"CURRENT_RATIO":4.231988135196,"COMMON_ACS":5000000000,"CURRENTDEBT_DEBT":97.813804336761,"ISSUED_COMMON_SHARES":270827299,"HK_COMMON_SHARES":270827299,"PER_SHARES":5000,"TOTAL_MARKET_CAP":93435418.155,"HKSK_MARKET_CAP":93435418.155,"PE_TTM":4.086931071429,"PB_TTM":0.183052363997,"REPORT_DATE_SQ":"2019-06-30 00:00:00","REPORT_TYPE_SQ":"2019年中报","OPERATE_INCOME_SQ":15504472.27,"DPS_HKD":null,"OPERATE_INCOME_QOQ_SQ":-6.825903581457,"NET_PROFIT_RATIO_SQ":15.3886341209,"HOLDER_PROFIT_SQ":2385926.51,"HOLDER_PROFIT_QOQ_SQ":-52.866034338037,"ROE_AVG_SQ":0.690515633628,"PE_TTM_SQ":5.313091074548,"PB_TTM_SQ":0.148228721681,"ROA_SQ":0.632016612191,"START_DATE":"2020-05-01 00:00:00","FISCAL_YEAR":"4-30","CURRENCY":"HKD","IS_CNY_CODE":0,"DPS_HKD_LY":null,"ORG_TYPE":"一般企业","PREMIUM_INCOME":null,"PREMIUM_INCOME_YOY":null,"NET_INTEREST_INCOME":null,"NET_INTEREST_INCOME_YOY":null,"FEE_COMMISSION_INCOME":null,"FEE_COMMISSION_INCOME_YOY":null,"ACCOUNTS_RECE_TDAYS":1.138362445676,"INVENTORY_TDAYS":null,"CURRENT_ASSETS_TDAYS":0.310166428539,"TOTAL_ASSETS_TDAYS":0.109148555404,"PREMIUM_EXPENSE":null,"LOAN_DEPOSIT":null,"LOAN_EQUITY":null,"LOAN_ASSETS":null,"DEPOSIT_EQUITY":null,"DEPOSIT_ASSETS":null,"EQUITY_MULTIPLIER":1.097060182155,"EQUITY_RATIO":0.097060182155}],"count":46},"success":true,"message":"ok","code":0}