{"version":"7948f3962122b3a938b4a4965bb187cb","result":{"pages":6,"data":[{"SECUCODE":"00316.HK","SECURITY_CODE":"00316","SECURITY_NAME_ABBR":"东方海外国际","ORG_CODE":"10008824","STD_REPORT_DATE":"2024-06-30 00:00:00","REPORT_DATE":"2024-06-30 00:00:00","DATE_TYPE_CODE":"002","REPORT_TYPE":"2024年中报","PER_NETCASH_OPERATE":10.346656375477,"PER_OI":50.135417630008,"BPS":128.638006021615,"BASIC_EPS":8.979768,"DILUTED_EPS":8.979768,"OPERATE_INCOME":33108091036.8,"OPERATE_INCOME_YOY":2.3101160377,"GROSS_PROFIT":6515705407.2,"GROSS_PROFIT_YOY":-0.118974845231,"HOLDER_PROFIT":5938598523.6,"HOLDER_PROFIT_YOY":-26.1758981088,"GROSS_PROFIT_RATIO":19.680099948855,"EPS_TTM":11.312821106696,"OPERATE_INCOME_QOQ":0.504320161051,"NET_PROFIT_RATIO":17.9537478237,"ROE_AVG":7.20616968235,"GROSS_PROFIT_QOQ":-0.09484778575,"ROA":5.246167777366,"HOLDER_PROFIT_QOQ":-22.887911339671,"ROE_YEARLY":14.4123393647,"ROIC_YEARLY":18.161765246766,"TOTAL_ASSETS":115154043325.2,"TOTAL_LIABILITIES":30177729046.8,"TAX_EBT":-0.424427775035,"OCF_SALES":20.637419342618,"TOTAL_PARENT_EQUITY":84949104156,"DEBT_ASSET_RATIO":26.2063998583,"OPERATE_PROFIT":5950272222,"PRETAX_PROFIT":5919021204,"NETCASH_OPERATE":6832655583.6,"NETCASH_INVEST":7451447120.4,"NETCASH_FINANCE":-3427456290,"END_CASH":18878743537.2,"DIVI_RATIO":0.418954502621,"DIVIDEND_RATE":4.774816176471,"CURRENT_RATIO":3.308541550583,"COMMON_ACS":900000000,"CURRENTDEBT_DEBT":55.225355369036,"ISSUED_COMMON_SHARES":660373297,"HK_COMMON_SHARES":660373297,"PER_SHARES":500,"TOTAL_MARKET_CAP":71848614713.6,"HKSK_MARKET_CAP":71848614713.6,"PE_TTM":8.603339745241,"PB_TTM":0.771930373637,"REPORT_DATE_SQ":"2023-06-30 00:00:00","REPORT_TYPE_SQ":"2023年中报","OPERATE_INCOME_SQ":32810052769.8,"DPS_HKD":5.195,"OPERATE_INCOME_QOQ_SQ":-30.00994216404,"NET_PROFIT_RATIO_SQ":24.8728549748,"HOLDER_PROFIT_SQ":8155998911.4,"HOLDER_PROFIT_QOQ_SQ":-43.01625012546,"ROE_AVG_SQ":9.040575997688,"PE_TTM_SQ":1.805641601457,"PB_TTM_SQ":0.840826006423,"ROA_SQ":6.1773356858,"START_DATE":"2024-01-01 00:00:00","FISCAL_YEAR":"12-31","CURRENCY":"HKD","IS_CNY_CODE":0,"DPS_HKD_LY":5.195,"ORG_TYPE":"一般企业","PREMIUM_INCOME":null,"PREMIUM_INCOME_YOY":null,"NET_INTEREST_INCOME":null,"NET_INTEREST_INCOME_YOY":null,"FEE_COMMISSION_INCOME":null,"FEE_COMMISSION_INCOME_YOY":null,"ACCOUNTS_RECE_TDAYS":5.889440572517,"INVENTORY_TDAYS":19.025805760788,"CURRENT_ASSETS_TDAYS":0.602256190705,"TOTAL_ASSETS_TDAYS":0.292477424896,"PREMIUM_EXPENSE":null,"LOAN_DEPOSIT":null,"LOAN_EQUITY":null,"LOAN_ASSETS":null,"DEPOSIT_EQUITY":null,"DEPOSIT_ASSETS":null,"EQUITY_MULTIPLIER":1.355131065675,"EQUITY_RATIO":0.355244818019},{"SECUCODE":"00316.HK","SECURITY_CODE":"00316","SECURITY_NAME_ABBR":"东方海外国际","ORG_CODE":"10008824","STD_REPORT_DATE":"2023-12-31 00:00:00","REPORT_DATE":"2023-12-31 00:00:00","DATE_TYPE_CODE":"001","REPORT_TYPE":"2023年年报","PER_NETCASH_OPERATE":6.619610649096,"PER_OI":89.490347720556,"BPS":120.199437499666,"BASIC_EPS":14.661189,"DILUTED_EPS":14.661189,"OPERATE_INCOME":59097035973.9,"OPERATE_INCOME_YOY":-57.9022307962,"GROSS_PROFIT":8182884121.8,"GROSS_PROFIT_YOY":-88.729280118643,"HOLDER_PROFIT":9688085360.4,"HOLDER_PROFIT_YOY":-86.2737745033,"GROSS_PROFIT_RATIO":13.846522058084,"EPS_TTM":14.670619488117,"OPERATE_INCOME_QOQ":-38.83184251649,"NET_PROFIT_RATIO":16.4085865805,"ROE_AVG":11.101300835033,"GROSS_PROFIT_QOQ":-78.495815749007,"ROA":7.675001247042,"HOLDER_PROFIT_QOQ":-75.503571366302,"ROE_YEARLY":11.101300835033,"ROIC_YEARLY":15.454130865572,"TOTAL_ASSETS":110555174599.5,"TOTAL_LIABILITIES":31155536579.4,"TAX_EBT":0.829517855423,"OCF_SALES":7.397010758933,"TOTAL_PARENT_EQUITY":79376498839.2,"DEBT_ASSET_RATIO":28.1809844652,"OPERATE_PROFIT":9955981405.2,"PRETAX_PROFIT":9778099394.7,"NETCASH_OPERATE":4371414109.2,"NETCASH_INVEST":-32868834626.7,"NETCASH_FINANCE":-30419573222.4,"END_CASH":7997855667,"DIVI_RATIO":0.323064567508,"DIVIDEND_RATE":4.744292237443,"CURRENT_RATIO":3.242148256168,"COMMON_ACS":900000000,"CURRENTDEBT_DEBT":53.92327764115,"ISSUED_COMMON_SHARES":660373297,"HK_COMMON_SHARES":660373297,"PER_SHARES":500,"TOTAL_MARKET_CAP":72310876021.5,"HKSK_MARKET_CAP":72310876021.5,"PE_TTM":8.658692114925,"PB_TTM":0.776896837437,"REPORT_DATE_SQ":"2022-12-31 00:00:00","REPORT_TYPE_SQ":"2022年年报","OPERATE_INCOME_SQ":138039681344.8,"DPS_HKD":5.195,"OPERATE_INCOME_QOQ_SQ":1.193087593697,"NET_PROFIT_RATIO_SQ":50.2832667379,"HOLDER_PROFIT_SQ":69403945327,"HOLDER_PROFIT_QOQ_SQ":6.285804275511,"ROE_AVG_SQ":86.258061067734,"PE_TTM_SQ":1.774266421588,"PB_TTM_SQ":0.826215650099,"ROA_SQ":55.54432124418,"START_DATE":"2023-01-01 00:00:00","FISCAL_YEAR":"12-31","CURRENCY":"HKD","IS_CNY_CODE":0,"DPS_HKD_LY":16.536,"ORG_TYPE":"一般企业","PREMIUM_INCOME":null,"PREMIUM_INCOME_YOY":null,"NET_INTEREST_INCOME":null,"NET_INTEREST_INCOME_YOY":null,"FEE_COMMISSION_INCOME":null,"FEE_COMMISSION_INCOME_YOY":null,"ACCOUNTS_RECE_TDAYS":10.323540401566,"INVENTORY_TDAYS":38.161009908506,"CURRENT_ASSETS_TDAYS":0.833517716326,"TOTAL_ASSETS_TDAYS":0.468172820452,"PREMIUM_EXPENSE":null,"LOAN_DEPOSIT":null,"LOAN_EQUITY":null,"LOAN_ASSETS":null,"DEPOSIT_EQUITY":null,"DEPOSIT_ASSETS":null,"EQUITY_MULTIPLIER":1.392388899449,"EQUITY_RATIO":0.392503285418},{"SECUCODE":"00316.HK","SECURITY_CODE":"00316","SECURITY_NAME_ABBR":"东方海外国际","ORG_CODE":"10008824","STD_REPORT_DATE":"2023-06-30 00:00:00","REPORT_DATE":"2023-06-30 00:00:00","DATE_TYPE_CODE":"002","REPORT_TYPE":"2023年中报","PER_NETCASH_OPERATE":5.999702665446,"PER_OI":49.684099764258,"BPS":126.209105338794,"BASIC_EPS":12.356118,"DILUTED_EPS":12.356118,"OPERATE_INCOME":32810052769.8,"OPERATE_INCOME_YOY":-58.949219664,"GROSS_PROFIT":6523466691.6,"GROSS_PROFIT_YOY":-84.117761857,"HOLDER_PROFIT":8155998911.4,"HOLDER_PROFIT_YOY":-80.0705482319,"GROSS_PROFIT_RATIO":19.882524229295,"EPS_TTM":59.888809538282,"OPERATE_INCOME_QOQ":-30.00994216404,"NET_PROFIT_RATIO":24.8728549748,"ROE_AVG":9.040575997688,"GROSS_PROFIT_QOQ":-47.588247246178,"ROA":6.1773356858,"HOLDER_PROFIT_QOQ":-43.01625012546,"ROE_YEARLY":18.081151995376,"ROIC_YEARLY":25.799119033957,"TOTAL_ASSETS":119291960586,"TOTAL_LIABILITIES":35922999667.8,"TAX_EBT":-0.46362475927,"OCF_SALES":12.075699658267,"TOTAL_PARENT_EQUITY":83345123004,"DEBT_ASSET_RATIO":30.113512672,"OPERATE_PROFIT":8196217714.2,"PRETAX_PROFIT":8123135973,"NETCASH_OPERATE":3962043430.2,"NETCASH_INVEST":-20270023708.2,"NETCASH_FINANCE":-25037519838.6,"END_CASH":26926625764.8,"DIVI_RATIO":0.07913928122,"DIVIDEND_RATE":4.744292237443,"CURRENT_RATIO":3.108703885344,"COMMON_ACS":900000000,"CURRENTDEBT_DEBT":56.723063563828,"ISSUED_COMMON_SHARES":660373297,"HK_COMMON_SHARES":660373297,"PER_SHARES":500,"TOTAL_MARKET_CAP":72310876021.5,"HKSK_MARKET_CAP":72310876021.5,"PE_TTM":8.658692114925,"PB_TTM":0.776896837437,"REPORT_DATE_SQ":"2022-06-30 00:00:00","REPORT_TYPE_SQ":"2022年中报","OPERATE_INCOME_SQ":74235681304.8,"DPS_HKD":5.195,"OPERATE_INCOME_QOQ_SQ":27.111467106655,"NET_PROFIT_RATIO_SQ":51.2073447817,"HOLDER_PROFIT_SQ":38010973630.2,"HOLDER_PROFIT_QOQ_SQ":43.683068168077,"ROE_AVG_SQ":49.694365651448,"PE_TTM_SQ":1.774266421588,"PB_TTM_SQ":0.826215650099,"ROA_SQ":31.676143589113,"START_DATE":"2023-01-01 00:00:00","FISCAL_YEAR":"12-31","CURRENCY":"HKD","IS_CNY_CODE":0,"DPS_HKD_LY":16.536,"ORG_TYPE":"一般企业","PREMIUM_INCOME":null,"PREMIUM_INCOME_YOY":null,"NET_INTEREST_INCOME":null,"NET_INTEREST_INCOME_YOY":null,"FEE_COMMISSION_INCOME":null,"FEE_COMMISSION_INCOME_YOY":null,"ACCOUNTS_RECE_TDAYS":5.69349039493,"INVENTORY_TDAYS":20.233257507077,"CURRENT_ASSETS_TDAYS":0.430457995497,"TOTAL_ASSETS_TDAYS":0.24850262001,"PREMIUM_EXPENSE":null,"LOAN_DEPOSIT":null,"LOAN_EQUITY":null,"LOAN_ASSETS":null,"DEPOSIT_EQUITY":null,"DEPOSIT_ASSETS":null,"EQUITY_MULTIPLIER":1.430891776413,"EQUITY_RATIO":0.431015017712},{"SECUCODE":"00316.HK","SECURITY_CODE":"00316","SECURITY_NAME_ABBR":"东方海外国际","ORG_CODE":"10008824","STD_REPORT_DATE":"2022-12-31 00:00:00","REPORT_DATE":"2022-12-31 00:00:00","DATE_TYPE_CODE":"001","REPORT_TYPE":"2022年年报","PER_NETCASH_OPERATE":118.679452455813,"PER_OI":209.032803070473,"BPS":141.702204035061,"BASIC_EPS":105.095814,"DILUTED_EPS":105.095814,"OPERATE_INCOME":138039681344.8,"OPERATE_INCOME_YOY":17.7517238552,"GROSS_PROFIT":72603029868,"GROSS_PROFIT_YOY":39.285108406636,"HOLDER_PROFIT":69403945327,"HOLDER_PROFIT_YOY":39.8017319276,"GROSS_PROFIT_RATIO":52.595767507352,"EPS_TTM":105.098049303771,"OPERATE_INCOME_QOQ":1.193087593697,"NET_PROFIT_RATIO":50.2832667379,"ROE_AVG":86.258061067734,"GROSS_PROFIT_QOQ":1.142032984649,"ROA":55.54432124418,"HOLDER_PROFIT_QOQ":6.285804275511,"ROE_YEARLY":86.258061067734,"ROIC_YEARLY":114.109194948219,"TOTAL_ASSETS":139536882300.6,"TOTAL_LIABILITIES":45940333289.8,"TAX_EBT":0.613348387568,"OCF_SALES":56.775515953734,"TOTAL_PARENT_EQUITY":93576351670.8,"DEBT_ASSET_RATIO":32.9234339569,"OPERATE_PROFIT":70196906824.6,"PRETAX_PROFIT":69839218897.8,"NETCASH_OPERATE":78372741304.4,"NETCASH_INVEST":9890240415.8,"NETCASH_FINANCE":-49554716928.8,"END_CASH":65912291869.2,"DIVI_RATIO":0.045096530063,"DIVIDEND_RATE":4.744292237443,"CURRENT_RATIO":2.977845511226,"COMMON_ACS":900000000,"CURRENTDEBT_DEBT":62.774043424284,"ISSUED_COMMON_SHARES":660373297,"HK_COMMON_SHARES":660373297,"PER_SHARES":500,"TOTAL_MARKET_CAP":72310876021.5,"HKSK_MARKET_CAP":72310876021.5,"PE_TTM":8.658692114925,"PB_TTM":0.776896837437,"REPORT_DATE_SQ":"2021-12-31 00:00:00","REPORT_TYPE_SQ":"2021年年报","OPERATE_INCOME_SQ":107316961904.5,"DPS_HKD":5.195,"OPERATE_INCOME_QOQ_SQ":44.434018102366,"NET_PROFIT_RATIO_SQ":42.3498731745,"HOLDER_PROFIT_SQ":45446799313.9,"HOLDER_PROFIT_QOQ_SQ":94.834023116009,"ROE_AVG_SQ":93.106499568208,"PE_TTM_SQ":1.774266421588,"PB_TTM_SQ":0.826215650099,"ROA_SQ":53.81438520161,"START_DATE":"2022-01-01 00:00:00","FISCAL_YEAR":"12-31","CURRENCY":"HKD","IS_CNY_CODE":0,"DPS_HKD_LY":25.428,"ORG_TYPE":"一般企业","PREMIUM_INCOME":null,"PREMIUM_INCOME_YOY":null,"NET_INTEREST_INCOME":null,"NET_INTEREST_INCOME_YOY":null,"FEE_COMMISSION_INCOME":null,"FEE_COMMISSION_INCOME_YOY":null,"ACCOUNTS_RECE_TDAYS":21.439781234095,"INVENTORY_TDAYS":56.493697106351,"CURRENT_ASSETS_TDAYS":1.907407320083,"TOTAL_ASSETS_TDAYS":1.104738407728,"PREMIUM_EXPENSE":null,"LOAN_DEPOSIT":null,"LOAN_EQUITY":null,"LOAN_ASSETS":null,"DEPOSIT_EQUITY":null,"DEPOSIT_ASSETS":null,"EQUITY_MULTIPLIER":1.490833623411,"EQUITY_RATIO":0.490939563998},{"SECUCODE":"00316.HK","SECURITY_CODE":"00316","SECURITY_NAME_ABBR":"东方海外国际","ORG_CODE":"10008824","STD_REPORT_DATE":"2022-06-30 00:00:00","REPORT_DATE":"2022-06-30 00:00:00","DATE_TYPE_CODE":"002","REPORT_TYPE":"2022年中报","PER_NETCASH_OPERATE":63.448598425384,"PER_OI":112.414723069579,"BPS":133.382242613302,"BASIC_EPS":57.583812,"DILUTED_EPS":57.583812,"OPERATE_INCOME":74235681304.8,"OPERATE_INCOME_YOY":58.2969902893,"GROSS_PROFIT":41073976053.4,"GROSS_PROFIT_YOY":91.789160944251,"HOLDER_PROFIT":38010973630.2,"HOLDER_PROFIT_YOY":101.4916802954,"GROSS_PROFIT_RATIO":55.329156184014,"EPS_TTM":98.882489548029,"OPERATE_INCOME_QOQ":27.111467106655,"NET_PROFIT_RATIO":51.2073447817,"ROE_AVG":49.694365651448,"GROSS_PROFIT_QOQ":37.712387517242,"ROA":31.676143589113,"HOLDER_PROFIT_QOQ":43.683068168077,"ROE_YEARLY":99.388731302896,"ROIC_YEARLY":128.459408328205,"TOTAL_ASSETS":133642081357.2,"TOTAL_LIABILITIES":45543674493.8,"TAX_EBT":1.039363156167,"OCF_SALES":56.441537810054,"TOTAL_PARENT_EQUITY":88082071315.8,"DEBT_ASSET_RATIO":34.0788425556,"OPERATE_PROFIT":38559885613.4,"PRETAX_PROFIT":38413375751.4,"NETCASH_OPERATE":41899760132.2,"NETCASH_INVEST":4743617520,"NETCASH_FINANCE":-17496780873.6,"END_CASH":55482539774,"DIVI_RATIO":0.047931209678,"DIVIDEND_RATE":4.744292237443,"CURRENT_RATIO":3.016690429917,"COMMON_ACS":900000000,"CURRENTDEBT_DEBT":61.144320740723,"ISSUED_COMMON_SHARES":660373297,"HK_COMMON_SHARES":660373297,"PER_SHARES":500,"TOTAL_MARKET_CAP":72310876021.5,"HKSK_MARKET_CAP":72310876021.5,"PE_TTM":8.658692114925,"PB_TTM":0.776896837437,"REPORT_DATE_SQ":"2021-06-30 00:00:00","REPORT_TYPE_SQ":"2021年中报","OPERATE_INCOME_SQ":45140478478.2,"DPS_HKD":5.195,"OPERATE_INCOME_QOQ_SQ":39.018299572726,"NET_PROFIT_RATIO_SQ":40.2293096525,"HOLDER_PROFIT_SQ":18158417305.7,"HOLDER_PROFIT_QOQ_SQ":296.013632369057,"ROE_AVG_SQ":42.101781103786,"PE_TTM_SQ":1.774266421588,"PB_TTM_SQ":0.826215650099,"ROA_SQ":23.81657239041,"START_DATE":"2022-01-01 00:00:00","FISCAL_YEAR":"12-31","CURRENCY":"HKD","IS_CNY_CODE":0,"DPS_HKD_LY":25.428,"ORG_TYPE":"一般企业","PREMIUM_INCOME":null,"PREMIUM_INCOME_YOY":null,"NET_INTEREST_INCOME":null,"NET_INTEREST_INCOME_YOY":null,"FEE_COMMISSION_INCOME":null,"FEE_COMMISSION_INCOME_YOY":null,"ACCOUNTS_RECE_TDAYS":9.855485785184,"INVENTORY_TDAYS":26.04335199182,"CURRENT_ASSETS_TDAYS":1.055003955383,"TOTAL_ASSETS_TDAYS":0.618637166026,"PREMIUM_EXPENSE":null,"LOAN_DEPOSIT":null,"LOAN_EQUITY":null,"LOAN_ASSETS":null,"DEPOSIT_EQUITY":null,"DEPOSIT_ASSETS":null,"EQUITY_MULTIPLIER":1.51696365593,"EQUITY_RATIO":0.517059531111},{"SECUCODE":"00316.HK","SECURITY_CODE":"00316","SECURITY_NAME_ABBR":"东方海外国际","ORG_CODE":"10008824","STD_REPORT_DATE":"2021-12-31 00:00:00","REPORT_DATE":"2021-12-31 00:00:00","DATE_TYPE_CODE":"001","REPORT_TYPE":"2021年年报","PER_NETCASH_OPERATE":85.915558399237,"PER_OI":162.509541787999,"BPS":93.357548548636,"BASIC_EPS":70.642756,"DILUTED_EPS":70.642756,"OPERATE_INCOME":107316961904.5,"OPERATE_INCOME_YOY":105.4884667936,"GROSS_PROFIT":52125478953.6,"GROSS_PROFIT_YOY":402.692363446196,"HOLDER_PROFIT":45446799313.9,"HOLDER_PROFIT_YOY":689.6250566342,"GROSS_PROFIT_RATIO":48.571519383847,"EPS_TTM":68.819862220898,"OPERATE_INCOME_QOQ":44.434018102366,"NET_PROFIT_RATIO":42.3498731745,"ROE_AVG":93.106499568208,"GROSS_PROFIT_QOQ":81.123665045516,"ROA":53.81438520161,"HOLDER_PROFIT_QOQ":94.834023116009,"ROE_YEARLY":93.106499568208,"ROIC_YEARLY":87.897528696743,"TOTAL_ASSETS":101035571258.9,"TOTAL_LIABILITIES":39371484043.7,"TAX_EBT":2.846391075901,"OCF_SALES":52.868008520581,"TOTAL_PARENT_EQUITY":61650832134.9,"DEBT_ASSET_RATIO":38.9679432235,"OPERATE_PROFIT":47054393814.7,"PRETAX_PROFIT":46780143079.2,"NETCASH_OPERATE":56736340563.7,"NETCASH_INVEST":-12635094480.6,"NETCASH_FINANCE":-27840750062.9,"END_CASH":25125415941.3,"DIVI_RATIO":0.068869032675,"DIVIDEND_RATE":4.744292237443,"CURRENT_RATIO":2.563985364511,"COMMON_ACS":900000000,"CURRENTDEBT_DEBT":53.380442965708,"ISSUED_COMMON_SHARES":660373297,"HK_COMMON_SHARES":660373297,"PER_SHARES":500,"TOTAL_MARKET_CAP":72310876021.5,"HKSK_MARKET_CAP":72310876021.5,"PE_TTM":8.658692114925,"PB_TTM":0.776896837437,"REPORT_DATE_SQ":"2020-12-31 00:00:00","REPORT_TYPE_SQ":"2020年年报","OPERATE_INCOME_SQ":53447439469.6,"DPS_HKD":5.195,"OPERATE_INCOME_QOQ_SQ":7.792818546232,"NET_PROFIT_RATIO_SQ":11.0241055637,"HOLDER_PROFIT_SQ":5890177302.7,"HOLDER_PROFIT_QOQ_SQ":-35.81382535818,"ROE_AVG_SQ":17.081625553325,"PE_TTM_SQ":1.774266421588,"PB_TTM_SQ":0.826215650099,"ROA_SQ":8.264265565183,"START_DATE":"2021-01-01 00:00:00","FISCAL_YEAR":"12-31","CURRENCY":"HKD","IS_CNY_CODE":0,"DPS_HKD_LY":27.39866,"ORG_TYPE":"一般企业","PREMIUM_INCOME":null,"PREMIUM_INCOME_YOY":null,"NET_INTEREST_INCOME":null,"NET_INTEREST_INCOME_YOY":null,"FEE_COMMISSION_INCOME":null,"FEE_COMMISSION_INCOME_YOY":null,"ACCOUNTS_RECE_TDAYS":20.31911843615,"INVENTORY_TDAYS":69.855286835968,"CURRENT_ASSETS_TDAYS":2.704906639001,"TOTAL_ASSETS_TDAYS":1.270759748493,"PREMIUM_EXPENSE":null,"LOAN_DEPOSIT":null,"LOAN_EQUITY":null,"LOAN_ASSETS":null,"DEPOSIT_EQUITY":null,"DEPOSIT_ASSETS":null,"EQUITY_MULTIPLIER":1.638483205084,"EQUITY_RATIO":0.63862048054},{"SECUCODE":"00316.HK","SECURITY_CODE":"00316","SECURITY_NAME_ABBR":"东方海外国际","ORG_CODE":"10008824","STD_REPORT_DATE":"2021-06-30 00:00:00","REPORT_DATE":"2021-06-30 00:00:00","DATE_TYPE_CODE":"002","REPORT_TYPE":"2021年中报","PER_NETCASH_OPERATE":29.954375391994,"PER_OI":70.842676297331,"BPS":75.428542223596,"BASIC_EPS":28.553642,"DILUTED_EPS":28.553642,"OPERATE_INCOME":45140478478.2,"OPERATE_INCOME_YOY":103.6901369365,"GROSS_PROFIT":21416213435.2,"GROSS_PROFIT_YOY":612.323494684692,"HOLDER_PROFIT":18158417305.7,"HOLDER_PROFIT_YOY":2653.5285358829,"GROSS_PROFIT_RATIO":47.443479017491,"EPS_TTM":36.607266898792,"OPERATE_INCOME_QOQ":39.018299572726,"NET_PROFIT_RATIO":40.2293096525,"ROE_AVG":42.101781103786,"GROSS_PROFIT_QOQ":177.540962590323,"ROA":23.81657239041,"HOLDER_PROFIT_QOQ":296.013632369057,"ROE_YEARLY":84.203562207573,"ROIC_YEARLY":72.265886690143,"TOTAL_ASSETS":83720686645.8,"TOTAL_LIABILITIES":33906177235.3,"TAX_EBT":0.877032139039,"OCF_SALES":42.282952815437,"TOTAL_PARENT_EQUITY":49810995116.1,"DEBT_ASSET_RATIO":40.4991628637,"OPERATE_PROFIT":18443624260.6,"PRETAX_PROFIT":18320378472.8,"NETCASH_OPERATE":19086727215.6,"NETCASH_INVEST":-7373293275.9,"NETCASH_FINANCE":-6427747819.2,"END_CASH":14321130825.9,"DIVI_RATIO":0.129470395949,"DIVIDEND_RATE":4.744292237443,"CURRENT_RATIO":2.564430562017,"COMMON_ACS":900000000,"CURRENTDEBT_DEBT":46.522841628921,"ISSUED_COMMON_SHARES":660373297,"HK_COMMON_SHARES":660373297,"PER_SHARES":500,"TOTAL_MARKET_CAP":72310876021.5,"HKSK_MARKET_CAP":72310876021.5,"PE_TTM":8.658692114925,"PB_TTM":0.776896837437,"REPORT_DATE_SQ":"2020-06-30 00:00:00","REPORT_TYPE_SQ":"2020年中报","OPERATE_INCOME_SQ":24286196432,"DPS_HKD":5.195,"OPERATE_INCOME_QOQ_SQ":3.325914765533,"NET_PROFIT_RATIO_SQ":2.9781407703,"HOLDER_PROFIT_SQ":722689519,"HOLDER_PROFIT_QOQ_SQ":-2.473497859732,"ROE_AVG_SQ":2.089927995325,"PE_TTM_SQ":1.774266421588,"PB_TTM_SQ":0.826215650099,"ROA_SQ":0.981147261427,"START_DATE":"2021-01-01 00:00:00","FISCAL_YEAR":"12-31","CURRENCY":"HKD","IS_CNY_CODE":0,"DPS_HKD_LY":27.39866,"ORG_TYPE":"一般企业","PREMIUM_INCOME":null,"PREMIUM_INCOME_YOY":null,"NET_INTEREST_INCOME":null,"NET_INTEREST_INCOME_YOY":null,"FEE_COMMISSION_INCOME":null,"FEE_COMMISSION_INCOME_YOY":null,"ACCOUNTS_RECE_TDAYS":7.986405839523,"INVENTORY_TDAYS":33.346923579834,"CURRENT_ASSETS_TDAYS":1.362688002421,"TOTAL_ASSETS_TDAYS":0.592062323117,"PREMIUM_EXPENSE":null,"LOAN_DEPOSIT":null,"LOAN_EQUITY":null,"LOAN_ASSETS":null,"DEPOSIT_EQUITY":null,"DEPOSIT_ASSETS":null,"EQUITY_MULTIPLIER":1.680648622992,"EQUITY_RATIO":0.680696644511},{"SECUCODE":"00316.HK","SECURITY_CODE":"00316","SECURITY_NAME_ABBR":"东方海外国际","ORG_CODE":"10008824","STD_REPORT_DATE":"2020-12-31 00:00:00","REPORT_DATE":"2020-12-31 00:00:00","DATE_TYPE_CODE":"001","REPORT_TYPE":"2020年年报","PER_NETCASH_OPERATE":19.859910510675,"PER_OI":85.407497532848,"BPS":55.747604886271,"BASIC_EPS":9.395856,"DILUTED_EPS":9.395856,"OPERATE_INCOME":53447439469.6,"OPERATE_INCOME_YOY":19.0814596859,"GROSS_PROFIT":10369260156.7,"GROSS_PROFIT_YOY":83.607776750966,"HOLDER_PROFIT":5890177302.7,"HOLDER_PROFIT_YOY":-33.071790853,"GROSS_PROFIT_RATIO":19.400854857786,"EPS_TTM":9.412336838597,"OPERATE_INCOME_QOQ":7.792818546232,"NET_PROFIT_RATIO":11.0241055637,"ROE_AVG":17.081625553325,"GROSS_PROFIT_QOQ":76.17728136437,"ROA":8.264265565183,"HOLDER_PROFIT_QOQ":-35.81382535818,"ROE_YEARLY":17.081625553325,"ROIC_YEARLY":11.786685875851,"TOTAL_ASSETS":69454643869.7,"TOTAL_LIABILITIES":32637934769.1,"TAX_EBT":1.166280314423,"OCF_SALES":23.253123068073,"TOTAL_PARENT_EQUITY":36814229638.6,"DEBT_ASSET_RATIO":46.991724312,"OPERATE_PROFIT":6473920956.3,"PRETAX_PROFIT":5961631482.6,"NETCASH_OPERATE":12428198876.6,"NETCASH_INVEST":-3841998142.9,"NETCASH_FINANCE":-14355040996,"END_CASH":9122521414.1,"DIVI_RATIO":0.503547357184,"DIVIDEND_RATE":4.744292237443,"CURRENT_RATIO":1.991475762644,"COMMON_ACS":900000000,"CURRENTDEBT_DEBT":40.092649846793,"ISSUED_COMMON_SHARES":660373297,"HK_COMMON_SHARES":660373297,"PER_SHARES":500,"TOTAL_MARKET_CAP":72310876021.5,"HKSK_MARKET_CAP":72310876021.5,"PE_TTM":8.658692114925,"PB_TTM":0.776896837437,"REPORT_DATE_SQ":"2019-12-31 00:00:00","REPORT_TYPE_SQ":"2019年年报","OPERATE_INCOME_SQ":47987465988,"DPS_HKD":5.195,"OPERATE_INCOME_QOQ_SQ":1.693049834447,"NET_PROFIT_RATIO_SQ":19.6081404443,"HOLDER_PROFIT_SQ":9409449726.6,"HOLDER_PROFIT_QOQ_SQ":432.787209096917,"ROE_AVG_SQ":27.91798882633,"PE_TTM_SQ":1.774266421588,"PB_TTM_SQ":0.826215650099,"ROA_SQ":12.691103220427,"START_DATE":"2020-01-01 00:00:00","FISCAL_YEAR":"12-31","CURRENCY":"HKD","IS_CNY_CODE":0,"DPS_HKD_LY":2.253,"ORG_TYPE":"一般企业","PREMIUM_INCOME":null,"PREMIUM_INCOME_YOY":null,"NET_INTEREST_INCOME":null,"NET_INTEREST_INCOME_YOY":null,"FEE_COMMISSION_INCOME":null,"FEE_COMMISSION_INCOME_YOY":null,"ACCOUNTS_RECE_TDAYS":12.14071501726,"INVENTORY_TDAYS":63.401766036214,"CURRENT_ASSETS_TDAYS":1.941165506833,"TOTAL_ASSETS_TDAYS":0.749899045235,"PREMIUM_EXPENSE":null,"LOAN_DEPOSIT":null,"LOAN_EQUITY":null,"LOAN_ASSETS":null,"DEPOSIT_EQUITY":null,"DEPOSIT_ASSETS":null,"EQUITY_MULTIPLIER":1.886497885511,"EQUITY_RATIO":0.886557591711},{"SECUCODE":"00316.HK","SECURITY_CODE":"00316","SECURITY_NAME_ABBR":"东方海外国际","ORG_CODE":"10008824","STD_REPORT_DATE":"2020-06-30 00:00:00","REPORT_DATE":"2020-06-30 00:00:00","DATE_TYPE_CODE":"002","REPORT_TYPE":"2020年中报","PER_NETCASH_OPERATE":5.260550204487,"PER_OI":38.808655427321,"BPS":51.90351691189,"BASIC_EPS":1.1539585,"DILUTED_EPS":1.1539585,"OPERATE_INCOME":24286196432,"OPERATE_INCOME_YOY":3.9376367393,"GROSS_PROFIT":3006529139.5,"GROSS_PROFIT_YOY":8.604098235102,"HOLDER_PROFIT":722689519,"HOLDER_PROFIT_YOY":-26.5480867475,"GROSS_PROFIT_RATIO":12.379580095706,"EPS_TTM":14.664118700204,"OPERATE_INCOME_QOQ":3.325914765533,"NET_PROFIT_RATIO":2.9781407703,"ROE_AVG":2.089927995325,"GROSS_PROFIT_QOQ":4.217624048374,"ROA":0.981147261427,"HOLDER_PROFIT_QOQ":-2.473497859732,"ROE_YEARLY":4.17985599065,"ROIC_YEARLY":2.668361370554,"TOTAL_ASSETS":68011595462,"TOTAL_LIABILITIES":33734369701,"TAX_EBT":2.750014278371,"OCF_SALES":13.555095239872,"TOTAL_PARENT_EQUITY":34275696589,"DEBT_ASSET_RATIO":49.6009091859,"OPERATE_PROFIT":1097846383,"PRETAX_PROFIT":743729793,"NETCASH_OPERATE":3292017056.5,"NETCASH_INVEST":-181836957.5,"NETCASH_FINANCE":-12556321551.5,"END_CASH":6618383847,"DIVI_RATIO":0.323207786086,"DIVIDEND_RATE":4.744292237443,"CURRENT_RATIO":1.699044344299,"COMMON_ACS":900000000,"CURRENTDEBT_DEBT":37.608366536707,"ISSUED_COMMON_SHARES":660373297,"HK_COMMON_SHARES":660373297,"PER_SHARES":500,"TOTAL_MARKET_CAP":72310876021.5,"HKSK_MARKET_CAP":72310876021.5,"PE_TTM":8.658692114925,"PB_TTM":0.776896837437,"REPORT_DATE_SQ":"2019-06-30 00:00:00","REPORT_TYPE_SQ":"2019年中报","OPERATE_INCOME_SQ":22690174215.1,"DPS_HKD":5.195,"OPERATE_INCOME_QOQ_SQ":4.60900072881,"NET_PROFIT_RATIO_SQ":4.2107744416,"HOLDER_PROFIT_SQ":955432056.6,"HOLDER_PROFIT_QOQ_SQ":137.899216508638,"ROE_AVG_SQ":2.924032652098,"PE_TTM_SQ":1.774266421588,"PB_TTM_SQ":0.826215650099,"ROA_SQ":1.339802099185,"START_DATE":"2020-01-01 00:00:00","FISCAL_YEAR":"12-31","CURRENCY":"HKD","IS_CNY_CODE":0,"DPS_HKD_LY":2.253,"ORG_TYPE":"一般企业","PREMIUM_INCOME":null,"PREMIUM_INCOME_YOY":null,"NET_INTEREST_INCOME":null,"NET_INTEREST_INCOME_YOY":null,"FEE_COMMISSION_INCOME":null,"FEE_COMMISSION_INCOME_YOY":null,"ACCOUNTS_RECE_TDAYS":5.503785912827,"INVENTORY_TDAYS":25.897240387018,"CURRENT_ASSETS_TDAYS":0.915952422751,"TOTAL_ASSETS_TDAYS":0.329717458096,"PREMIUM_EXPENSE":null,"LOAN_DEPOSIT":null,"LOAN_EQUITY":null,"LOAN_ASSETS":null,"DEPOSIT_EQUITY":null,"DEPOSIT_ASSETS":null,"EQUITY_MULTIPLIER":1.984162777238,"EQUITY_RATIO":0.984206684565}],"count":47},"success":true,"message":"ok","code":0}