{"version":"da231bcded4931c4099239a57357d543","result":{"pages":6,"data":[{"SECUCODE":"00315.HK","SECURITY_CODE":"00315","SECURITY_NAME_ABBR":"数码通电讯","ORG_CODE":"10008823","STD_REPORT_DATE":"2023-12-31 00:00:00","REPORT_DATE":"2024-06-30 00:00:00","DATE_TYPE_CODE":"001","REPORT_TYPE":"2023年年报","PER_NETCASH_OPERATE":1.789940109444,"PER_OI":5.15124924578,"BPS":4.29510623834,"BASIC_EPS":0.38880168,"DILUTED_EPS":0.38880168,"OPERATE_INCOME":5678011362.68,"OPERATE_INCOME_YOY":-8.0089056681,"GROSS_PROFIT":3759317967.84,"GROSS_PROFIT_YOY":-2.248501693359,"HOLDER_PROFIT":429074597.68,"HOLDER_PROFIT_YOY":74.8681401248,"GROSS_PROFIT_RATIO":66.208355843543,"EPS_TTM":0.219384090665,"OPERATE_INCOME_QOQ":-5.291547342258,"NET_PROFIT_RATIO":7.5567759603,"ROE_AVG":9.155204955416,"GROSS_PROFIT_QOQ":-0.746317197712,"ROA":4.258924290189,"HOLDER_PROFIT_QOQ":-2.334049936223,"ROE_YEARLY":9.155204955416,"ROIC_YEARLY":4.860401451506,"TOTAL_ASSETS":10202188027,"TOTAL_LIABILITIES":5469349897.68,"TAX_EBT":29.109919538705,"OCF_SALES":34.747689813512,"TOTAL_PARENT_EQUITY":4732838129.32,"DEBT_ASSET_RATIO":53.6095775064,"OPERATE_PROFIT":639425433.36,"PRETAX_PROFIT":605267471.68,"NETCASH_OPERATE":1972977775.88,"NETCASH_INVEST":-658872818.8,"NETCASH_FINANCE":-929166651.52,"END_CASH":1439218782.2,"DIVI_RATIO":1.326991848489,"DIVIDEND_RATE":7.459207459207,"CURRENT_RATIO":1.027650688456,"COMMON_ACS":2000000000,"CURRENTDEBT_DEBT":49.125458521857,"ISSUED_COMMON_SHARES":1101914101,"HK_COMMON_SHARES":1101914101,"PER_SHARES":500,"TOTAL_MARKET_CAP":4727211493.29,"HKSK_MARKET_CAP":4727211493.29,"PE_TTM":10.055201144566,"PB_TTM":0.911594960108,"REPORT_DATE_SQ":"2022-12-31 00:00:00","REPORT_TYPE_SQ":"2022年年报","OPERATE_INCOME_SQ":6235243790.32,"DPS_HKD":0.32,"OPERATE_INCOME_QOQ_SQ":5.084655624376,"NET_PROFIT_RATIO_SQ":3.9753158564,"HOLDER_PROFIT_SQ":247870635.08,"HOLDER_PROFIT_QOQ_SQ":6.354489495475,"ROE_AVG_SQ":5.25178518912,"PE_TTM_SQ":16.74633259219,"PB_TTM_SQ":0.885474686449,"ROA_SQ":2.289992685287,"START_DATE":"2023-07-01 00:00:00","FISCAL_YEAR":"6-30","CURRENCY":"HKD","IS_CNY_CODE":0,"DPS_HKD_LY":0.32,"ORG_TYPE":"一般企业","PREMIUM_INCOME":null,"PREMIUM_INCOME_YOY":null,"NET_INTEREST_INCOME":null,"NET_INTEREST_INCOME_YOY":null,"FEE_COMMISSION_INCOME":null,"FEE_COMMISSION_INCOME_YOY":null,"ACCOUNTS_RECE_TDAYS":16.336160513829,"INVENTORY_TDAYS":19.702373923393,"CURRENT_ASSETS_TDAYS":2.292353773922,"TOTAL_ASSETS_TDAYS":0.563590122632,"PREMIUM_EXPENSE":null,"LOAN_DEPOSIT":null,"LOAN_EQUITY":null,"LOAN_ASSETS":null,"DEPOSIT_EQUITY":null,"DEPOSIT_ASSETS":null,"EQUITY_MULTIPLIER":2.1556173586,"EQUITY_RATIO":1.155617358599},{"SECUCODE":"00315.HK","SECURITY_CODE":"00315","SECURITY_NAME_ABBR":"数码通电讯","ORG_CODE":"10008823","STD_REPORT_DATE":"2023-06-30 00:00:00","REPORT_DATE":"2023-12-31 00:00:00","DATE_TYPE_CODE":"002","REPORT_TYPE":"2023年中报","PER_NETCASH_OPERATE":0.696088624466,"PER_OI":2.784412805959,"BPS":4.217443248619,"BASIC_EPS":0.20118084,"DILUTED_EPS":0.20118084,"OPERATE_INCOME":3072534378.9,"OPERATE_INCOME_YOY":-10.9875240581,"GROSS_PROFIT":1885842007.56,"GROSS_PROFIT_YOY":-1.499145479625,"HOLDER_PROFIT":222741626.24,"HOLDER_PROFIT_YOY":-3.9244504206,"GROSS_PROFIT_RATIO":61.377409493304,"EPS_TTM":0.224020393292,"OPERATE_INCOME_QOQ":-0.273236451497,"NET_PROFIT_RATIO":7.249442928,"ROE_AVG":4.813472835894,"GROSS_PROFIT_QOQ":1.953288404467,"ROA":2.273679961174,"HOLDER_PROFIT_QOQ":-35.59912518186,"ROE_YEARLY":9.626945671787,"ROIC_YEARLY":5.063251504296,"TOTAL_ASSETS":9716209911.8,"TOTAL_LIABILITIES":5068949725.98,"TAX_EBT":28.661030182184,"OCF_SALES":24.999476477624,"TOTAL_PARENT_EQUITY":4647260185.82,"DEBT_ASSET_RATIO":52.1700310306,"OPERATE_PROFIT":326995893.7,"PRETAX_PROFIT":312229945.02,"NETCASH_OPERATE":768117509.32,"NETCASH_INVEST":-364771674.4,"NETCASH_FINANCE":-500670238.04,"END_CASH":949501973.42,"DIVI_RATIO":1.299528563992,"DIVIDEND_RATE":7.710843373494,"CURRENT_RATIO":1.02194156734,"COMMON_ACS":2000000000,"CURRENTDEBT_DEBT":46.34142896704,"ISSUED_COMMON_SHARES":1101914101,"HK_COMMON_SHARES":1101914101,"PER_SHARES":500,"TOTAL_MARKET_CAP":4572943519.15,"HKSK_MARKET_CAP":4572943519.15,"PE_TTM":9.727059382272,"PB_TTM":0.881845940431,"REPORT_DATE_SQ":"2022-06-30 00:00:00","REPORT_TYPE_SQ":"2022年中报","OPERATE_INCOME_SQ":3402475255.97,"DPS_HKD":0.32,"OPERATE_INCOME_QOQ_SQ":-0.191874809826,"NET_PROFIT_RATIO_SQ":6.7164941241,"HOLDER_PROFIT_SQ":228527050.64,"HOLDER_PROFIT_QOQ_SQ":3.069559777571,"ROE_AVG_SQ":4.927683065183,"PE_TTM_SQ":16.747091390908,"PB_TTM_SQ":0.885514808491,"ROA_SQ":2.024653683491,"START_DATE":"2023-07-01 00:00:00","FISCAL_YEAR":"6-30","CURRENCY":"HKD","IS_CNY_CODE":0,"DPS_HKD_LY":0.32,"ORG_TYPE":"一般企业","PREMIUM_INCOME":null,"PREMIUM_INCOME_YOY":null,"NET_INTEREST_INCOME":null,"NET_INTEREST_INCOME_YOY":null,"FEE_COMMISSION_INCOME":null,"FEE_COMMISSION_INCOME_YOY":null,"ACCOUNTS_RECE_TDAYS":8.359569261494,"INVENTORY_TDAYS":8.613950092257,"CURRENT_ASSETS_TDAYS":1.342369181169,"TOTAL_ASSETS_TDAYS":0.313635128074,"PREMIUM_EXPENSE":null,"LOAN_DEPOSIT":null,"LOAN_EQUITY":null,"LOAN_ASSETS":null,"DEPOSIT_EQUITY":null,"DEPOSIT_ASSETS":null,"EQUITY_MULTIPLIER":2.090739386931,"EQUITY_RATIO":1.090739386929},{"SECUCODE":"00315.HK","SECURITY_CODE":"00315","SECURITY_NAME_ABBR":"数码通电讯","ORG_CODE":"10008823","STD_REPORT_DATE":"2022-12-31 00:00:00","REPORT_DATE":"2023-06-30 00:00:00","DATE_TYPE_CODE":"001","REPORT_TYPE":"2022年年报","PER_NETCASH_OPERATE":1.878484566864,"PER_OI":5.635285380739,"BPS":4.254229363256,"BASIC_EPS":0.22404114,"DILUTED_EPS":0.22404114,"OPERATE_INCOME":6235243790.32,"OPERATE_INCOME_YOY":-2.794207798,"GROSS_PROFIT":3845790635.4,"GROSS_PROFIT_YOY":7.460160884593,"HOLDER_PROFIT":247870635.08,"HOLDER_PROFIT_YOY":-36.4685587353,"GROSS_PROFIT_RATIO":61.678272169092,"EPS_TTM":0.348230696787,"OPERATE_INCOME_QOQ":5.084655624376,"NET_PROFIT_RATIO":3.9753158564,"ROE_AVG":5.25178518912,"GROSS_PROFIT_QOQ":5.40136818175,"ROA":2.289992685287,"HOLDER_PROFIT_QOQ":6.354489495475,"ROE_YEARLY":5.25178518912,"ROIC_YEARLY":2.663897928733,"TOTAL_ASSETS":10048607467.14,"TOTAL_LIABILITIES":5360812142.88,"TAX_EBT":40.70223188783,"OCF_SALES":33.334328963797,"TOTAL_PARENT_EQUITY":4687795324.26,"DEBT_ASSET_RATIO":53.3488063934,"OPERATE_PROFIT":647630099.32,"PRETAX_PROFIT":418010058.34,"NETCASH_OPERATE":2078476676.76,"NETCASH_INVEST":858348628.32,"NETCASH_FINANCE":-2227024250.4,"END_CASH":1065027040.96,"DIVI_RATIO":0.836000107648,"DIVIDEND_RATE":7.710843373494,"CURRENT_RATIO":0.888439629555,"COMMON_ACS":2000000000,"CURRENTDEBT_DEBT":46.508288995566,"ISSUED_COMMON_SHARES":1101914101,"HK_COMMON_SHARES":1101914101,"PER_SHARES":500,"TOTAL_MARKET_CAP":4572943519.15,"HKSK_MARKET_CAP":4572943519.15,"PE_TTM":9.727059382272,"PB_TTM":0.881845940431,"REPORT_DATE_SQ":"2021-12-31 00:00:00","REPORT_TYPE_SQ":"2021年年报","OPERATE_INCOME_SQ":5949800559.15,"DPS_HKD":0.32,"OPERATE_INCOME_QOQ_SQ":6.606147495886,"NET_PROFIT_RATIO_SQ":6.0788942813,"HOLDER_PROFIT_SQ":361890752.3,"HOLDER_PROFIT_QOQ_SQ":-5.094362722441,"ROE_AVG_SQ":8.238684123454,"PE_TTM_SQ":16.747091390908,"PB_TTM_SQ":0.885514808491,"ROA_SQ":3.643119287341,"START_DATE":"2022-07-01 00:00:00","FISCAL_YEAR":"6-30","CURRENCY":"HKD","IS_CNY_CODE":0,"DPS_HKD_LY":0.3,"ORG_TYPE":"一般企业","PREMIUM_INCOME":null,"PREMIUM_INCOME_YOY":null,"NET_INTEREST_INCOME":null,"NET_INTEREST_INCOME_YOY":null,"FEE_COMMISSION_INCOME":null,"FEE_COMMISSION_INCOME_YOY":null,"ACCOUNTS_RECE_TDAYS":19.457393245755,"INVENTORY_TDAYS":25.116698728976,"CURRENT_ASSETS_TDAYS":2.330451089409,"TOTAL_ASSETS_TDAYS":0.576053015163,"PREMIUM_EXPENSE":null,"LOAN_DEPOSIT":null,"LOAN_EQUITY":null,"LOAN_ASSETS":null,"DEPOSIT_EQUITY":null,"DEPOSIT_ASSETS":null,"EQUITY_MULTIPLIER":2.143567876168,"EQUITY_RATIO":1.143567876169},{"SECUCODE":"00315.HK","SECURITY_CODE":"00315","SECURITY_NAME_ABBR":"数码通电讯","ORG_CODE":"10008823","STD_REPORT_DATE":"2022-06-30 00:00:00","REPORT_DATE":"2022-12-31 00:00:00","DATE_TYPE_CODE":"002","REPORT_TYPE":"2022年中报","PER_NETCASH_OPERATE":1.006213234581,"PER_OI":3.078425974098,"BPS":4.239452672654,"BASIC_EPS":0.20634537,"DILUTED_EPS":0.20634537,"OPERATE_INCOME":3402475255.97,"OPERATE_INCOME_YOY":0.4612659507,"GROSS_PROFIT":1914543804.46,"GROSS_PROFIT_YOY":11.230540924413,"HOLDER_PROFIT":228527050.64,"HOLDER_PROFIT_YOY":1.7698094143,"GROSS_PROFIT_RATIO":56.269147030555,"EPS_TTM":0.327268346349,"OPERATE_INCOME_QOQ":-0.191874809826,"NET_PROFIT_RATIO":6.7164941241,"ROE_AVG":4.927683065183,"GROSS_PROFIT_QOQ":5.610525498551,"ROA":2.024653683491,"HOLDER_PROFIT_QOQ":3.069559777571,"ROE_YEARLY":9.855366130365,"ROIC_YEARLY":4.936708573752,"TOTAL_ASSETS":11336085811.96,"TOTAL_LIABILITIES":6664573131.44,"TAX_EBT":28.130012782156,"OCF_SALES":32.685964939455,"TOTAL_PARENT_EQUITY":4671512680.52,"DEBT_ASSET_RATIO":58.7907787749,"OPERATE_PROFIT":349601759.71,"PRETAX_PROFIT":317972855.55,"NETCASH_OPERATE":1112131869.24,"NETCASH_INVEST":-283498886.44,"NETCASH_FINANCE":-444239249.86,"END_CASH":728595675.5,"DIVI_RATIO":0.889547990962,"DIVIDEND_RATE":7.710843373494,"CURRENT_RATIO":0.894922324628,"COMMON_ACS":2000000000,"CURRENTDEBT_DEBT":57.74460411598,"ISSUED_COMMON_SHARES":1101914101,"HK_COMMON_SHARES":1101914101,"PER_SHARES":500,"TOTAL_MARKET_CAP":4572943519.15,"HKSK_MARKET_CAP":4572943519.15,"PE_TTM":9.727059382272,"PB_TTM":0.881845940431,"REPORT_DATE_SQ":"2021-06-30 00:00:00","REPORT_TYPE_SQ":"2021年中报","OPERATE_INCOME_SQ":3099948387.2,"DPS_HKD":0.32,"OPERATE_INCOME_QOQ_SQ":5.520935745285,"NET_PROFIT_RATIO_SQ":6.6484382789,"HOLDER_PROFIT_SQ":205530740.8,"HOLDER_PROFIT_QOQ_SQ":11.180007026236,"ROE_AVG_SQ":4.877918629495,"PE_TTM_SQ":16.747091390908,"PB_TTM_SQ":0.885514808491,"ROA_SQ":2.147983973452,"START_DATE":"2022-07-01 00:00:00","FISCAL_YEAR":"6-30","CURRENCY":"HKD","IS_CNY_CODE":0,"DPS_HKD_LY":0.3,"ORG_TYPE":"一般企业","PREMIUM_INCOME":null,"PREMIUM_INCOME_YOY":null,"NET_INTEREST_INCOME":null,"NET_INTEREST_INCOME_YOY":null,"FEE_COMMISSION_INCOME":null,"FEE_COMMISSION_INCOME_YOY":null,"ACCOUNTS_RECE_TDAYS":10.471407147972,"INVENTORY_TDAYS":11.85754963446,"CURRENT_ASSETS_TDAYS":1.049754614711,"TOTAL_ASSETS_TDAYS":0.301445016714,"PREMIUM_EXPENSE":null,"LOAN_DEPOSIT":null,"LOAN_EQUITY":null,"LOAN_ASSETS":null,"DEPOSIT_EQUITY":null,"DEPOSIT_ASSETS":null,"EQUITY_MULTIPLIER":2.426641344513,"EQUITY_RATIO":1.426641344512},{"SECUCODE":"00315.HK","SECURITY_CODE":"00315","SECURITY_NAME_ABBR":"数码通电讯","ORG_CODE":"10008823","STD_REPORT_DATE":"2021-12-31 00:00:00","REPORT_DATE":"2022-06-30 00:00:00","DATE_TYPE_CODE":"001","REPORT_TYPE":"2021年年报","PER_NETCASH_OPERATE":1.574708526192,"PER_OI":5.380577916744,"BPS":3.999825880221,"BASIC_EPS":0.32668258,"DILUTED_EPS":0.32668258,"OPERATE_INCOME":5949800559.15,"OPERATE_INCOME_YOY":3.5262818311,"GROSS_PROFIT":3578805953.52,"GROSS_PROFIT_YOY":6.659925619419,"HOLDER_PROFIT":361890752.3,"HOLDER_PROFIT_YOY":-4.8245584442,"GROSS_PROFIT_RATIO":60.150015415496,"EPS_TTM":0.316166142766,"OPERATE_INCOME_QOQ":6.606147495886,"NET_PROFIT_RATIO":6.0788942813,"ROE_AVG":8.238684123454,"GROSS_PROFIT_QOQ":0.993651073995,"ROA":3.643119287341,"HOLDER_PROFIT_QOQ":-5.094362722441,"ROE_YEARLY":8.238684123454,"ROIC_YEARLY":4.450285566213,"TOTAL_ASSETS":10759258275.08,"TOTAL_LIABILITIES":6351793736.12,"TAX_EBT":29.490828035884,"OCF_SALES":29.266531412757,"TOTAL_PARENT_EQUITY":4407464538.96,"DEBT_ASSET_RATIO":59.0356098322,"OPERATE_PROFIT":635938098.18,"PRETAX_PROFIT":512957500.23,"NETCASH_OPERATE":1741300249.64,"NETCASH_INVEST":-2241998601.22,"NETCASH_FINANCE":-961242111.9,"END_CASH":329647523.73,"DIVI_RATIO":0.920784551607,"DIVIDEND_RATE":7.710843373494,"CURRENT_RATIO":0.83134910354,"COMMON_ACS":2000000000,"CURRENTDEBT_DEBT":55.085987623039,"ISSUED_COMMON_SHARES":1101914101,"HK_COMMON_SHARES":1101914101,"PER_SHARES":500,"TOTAL_MARKET_CAP":4572943519.15,"HKSK_MARKET_CAP":4572943519.15,"PE_TTM":9.727059382272,"PB_TTM":0.881845940431,"REPORT_DATE_SQ":"2020-12-31 00:00:00","REPORT_TYPE_SQ":"2020年年报","OPERATE_INCOME_SQ":5591833880.64,"DPS_HKD":0.32,"OPERATE_INCOME_QOQ_SQ":-16.961597765095,"NET_PROFIT_RATIO_SQ":6.5865731154,"HOLDER_PROFIT_SQ":369960241.68,"HOLDER_PROFIT_QOQ_SQ":-3.87722270371,"ROE_AVG_SQ":8.759296216108,"PE_TTM_SQ":16.747091390908,"PB_TTM_SQ":0.885514808491,"ROA_SQ":4.217927936889,"START_DATE":"2021-07-01 00:00:00","FISCAL_YEAR":"6-30","CURRENCY":"HKD","IS_CNY_CODE":0,"DPS_HKD_LY":0.3,"ORG_TYPE":"一般企业","PREMIUM_INCOME":null,"PREMIUM_INCOME_YOY":null,"NET_INTEREST_INCOME":null,"NET_INTEREST_INCOME_YOY":null,"FEE_COMMISSION_INCOME":null,"FEE_COMMISSION_INCOME_YOY":null,"ACCOUNTS_RECE_TDAYS":20.584109730083,"INVENTORY_TDAYS":35.215224280606,"CURRENT_ASSETS_TDAYS":2.111678542665,"TOTAL_ASSETS_TDAYS":0.598960681783,"PREMIUM_EXPENSE":null,"LOAN_DEPOSIT":null,"LOAN_EQUITY":null,"LOAN_ASSETS":null,"DEPOSIT_EQUITY":null,"DEPOSIT_ASSETS":null,"EQUITY_MULTIPLIER":2.441144603652,"EQUITY_RATIO":1.441144603654},{"SECUCODE":"00315.HK","SECURITY_CODE":"00315","SECURITY_NAME_ABBR":"数码通电讯","ORG_CODE":"10008823","STD_REPORT_DATE":"2021-06-30 00:00:00","REPORT_DATE":"2021-12-31 00:00:00","DATE_TYPE_CODE":"002","REPORT_TYPE":"2021年中报","PER_NETCASH_OPERATE":0.780228895388,"PER_OI":2.791404406322,"BPS":3.849404308512,"BASIC_EPS":0.1847776,"DILUTED_EPS":0.1847776,"OPERATE_INCOME":3099948387.2,"OPERATE_INCOME_YOY":16.8667141549,"GROSS_PROFIT":1721239318.4,"GROSS_PROFIT_YOY":1.975260347562,"HOLDER_PROFIT":205530740.8,"HOLDER_PROFIT_YOY":-5.7063871926,"GROSS_PROFIT_RATIO":55.524773428718,"EPS_TTM":0.333000933895,"OPERATE_INCOME_QOQ":5.520935745285,"NET_PROFIT_RATIO":6.6484382789,"ROE_AVG":4.877918629495,"GROSS_PROFIT_QOQ":-6.189980347601,"ROA":2.147983973452,"HOLDER_PROFIT_QOQ":11.180007026236,"ROE_YEARLY":9.755837258991,"ROIC_YEARLY":5.222558303165,"TOTAL_ASSETS":10429595030.4,"TOTAL_LIABILITIES":6205191552,"TAX_EBT":24.868186925693,"OCF_SALES":27.951123585726,"TOTAL_PARENT_EQUITY":4241712888,"DEBT_ASSET_RATIO":59.4959970537,"OPERATE_PROFIT":319603928,"PRETAX_PROFIT":274315428.8,"NETCASH_OPERATE":866470404.8,"NETCASH_INVEST":-396696249.6,"NETCASH_FINANCE":-464890630.4,"END_CASH":1717725273.6,"DIVI_RATIO":0.874234485155,"DIVIDEND_RATE":7.710843373494,"CURRENT_RATIO":1.205640037194,"COMMON_ACS":2000000000,"CURRENTDEBT_DEBT":37.720672717115,"ISSUED_COMMON_SHARES":1101914101,"HK_COMMON_SHARES":1101914101,"PER_SHARES":500,"TOTAL_MARKET_CAP":4572943519.15,"HKSK_MARKET_CAP":4572943519.15,"PE_TTM":9.727059382272,"PB_TTM":0.881845940431,"REPORT_DATE_SQ":"2020-06-30 00:00:00","REPORT_TYPE_SQ":"2020年中报","OPERATE_INCOME_SQ":2730543593.32,"DPS_HKD":0.32,"OPERATE_INCOME_QOQ_SQ":-4.335035567831,"NET_PROFIT_RATIO_SQ":8.1632382572,"HOLDER_PROFIT_SQ":224377857.44,"HOLDER_PROFIT_QOQ_SQ":-31.136509952963,"ROE_AVG_SQ":5.262528821216,"PE_TTM_SQ":16.747091390908,"PB_TTM_SQ":0.885514808491,"ROA_SQ":2.580446830528,"START_DATE":"2021-07-01 00:00:00","FISCAL_YEAR":"6-30","CURRENCY":"HKD","IS_CNY_CODE":0,"DPS_HKD_LY":0.3,"ORG_TYPE":"一般企业","PREMIUM_INCOME":null,"PREMIUM_INCOME_YOY":null,"NET_INTEREST_INCOME":null,"NET_INTEREST_INCOME_YOY":null,"FEE_COMMISSION_INCOME":null,"FEE_COMMISSION_INCOME_YOY":null,"ACCOUNTS_RECE_TDAYS":10.864660329104,"INVENTORY_TDAYS":13.179273153576,"CURRENT_ASSETS_TDAYS":1.142116893773,"TOTAL_ASSETS_TDAYS":0.323972921438,"PREMIUM_EXPENSE":null,"LOAN_DEPOSIT":null,"LOAN_EQUITY":null,"LOAN_ASSETS":null,"DEPOSIT_EQUITY":null,"DEPOSIT_ASSETS":null,"EQUITY_MULTIPLIER":2.468891781698,"EQUITY_RATIO":1.462897587801},{"SECUCODE":"00315.HK","SECURITY_CODE":"00315","SECURITY_NAME_ABBR":"数码通电讯","ORG_CODE":"10008823","STD_REPORT_DATE":"2020-12-31 00:00:00","REPORT_DATE":"2021-06-30 00:00:00","DATE_TYPE_CODE":"001","REPORT_TYPE":"2020年年报","PER_NETCASH_OPERATE":1.812792880744,"PER_OI":5.033205449279,"BPS":3.865451081872,"BASIC_EPS":0.33199992,"DILUTED_EPS":0.33199992,"OPERATE_INCOME":5591833880.64,"OPERATE_INCOME_YOY":-3.8094162544,"GROSS_PROFIT":3355342630.08,"GROSS_PROFIT_YOY":-12.620857560892,"HOLDER_PROFIT":369960241.68,"HOLDER_PROFIT_YOY":17.318891249,"GROSS_PROFIT_RATIO":60.004333134731,"EPS_TTM":0.29886425856,"OPERATE_INCOME_QOQ":-16.961597765095,"NET_PROFIT_RATIO":6.5865731154,"ROE_AVG":8.759296216108,"GROSS_PROFIT_QOQ":-6.855213587119,"ROA":4.217927936889,"HOLDER_PROFIT_QOQ":-3.87722270371,"ROE_YEARLY":8.759296216108,"ROIC_YEARLY":5.299866049411,"TOTAL_ASSETS":8861701092.72,"TOTAL_LIABILITIES":4620499468.08,"TAX_EBT":25.735991128008,"OCF_SALES":36.016667688445,"TOTAL_PARENT_EQUITY":4259395053.84,"DEBT_ASSET_RATIO":52.1400961253,"OPERATE_PROFIT":561000817.2,"PRETAX_PROFIT":495947138.64,"NETCASH_OPERATE":2013992226.48,"NETCASH_INVEST":-945203772.24,"NETCASH_FINANCE":-1096501710.72,"END_CASH":1743111078.72,"DIVI_RATIO":0.974090717313,"DIVIDEND_RATE":7.710843373494,"CURRENT_RATIO":1.198496510831,"COMMON_ACS":2000000000,"CURRENTDEBT_DEBT":47.901485174279,"ISSUED_COMMON_SHARES":1101914101,"HK_COMMON_SHARES":1101914101,"PER_SHARES":500,"TOTAL_MARKET_CAP":4572943519.15,"HKSK_MARKET_CAP":4572943519.15,"PE_TTM":9.727059382272,"PB_TTM":0.881845940431,"REPORT_DATE_SQ":"2019-12-31 00:00:00","REPORT_TYPE_SQ":"2019年年报","OPERATE_INCOME_SQ":6381703801.44,"DPS_HKD":0.32,"OPERATE_INCOME_QOQ_SQ":-9.881728182864,"NET_PROFIT_RATIO_SQ":4.8610803969,"HOLDER_PROFIT_SQ":346180058.4,"HOLDER_PROFIT_QOQ_SQ":-9.611871122994,"ROE_AVG_SQ":7.511964615066,"PE_TTM_SQ":16.747091390908,"PB_TTM_SQ":0.885514808491,"ROA_SQ":3.731005330134,"START_DATE":"2020-07-01 00:00:00","FISCAL_YEAR":"6-30","CURRENCY":"HKD","IS_CNY_CODE":0,"DPS_HKD_LY":0.295,"ORG_TYPE":"一般企业","PREMIUM_INCOME":null,"PREMIUM_INCOME_YOY":null,"NET_INTEREST_INCOME":null,"NET_INTEREST_INCOME_YOY":null,"FEE_COMMISSION_INCOME":null,"FEE_COMMISSION_INCOME_YOY":null,"ACCOUNTS_RECE_TDAYS":19.398775219778,"INVENTORY_TDAYS":45.919158096149,"CURRENT_ASSETS_TDAYS":1.99177068894,"TOTAL_ASSETS_TDAYS":0.637526676826,"PREMIUM_EXPENSE":null,"LOAN_DEPOSIT":null,"LOAN_EQUITY":null,"LOAN_ASSETS":null,"DEPOSIT_EQUITY":null,"DEPOSIT_ASSETS":null,"EQUITY_MULTIPLIER":2.089431693423,"EQUITY_RATIO":1.084778333466},{"SECUCODE":"00315.HK","SECURITY_CODE":"00315","SECURITY_NAME_ABBR":"数码通电讯","ORG_CODE":"10008823","STD_REPORT_DATE":"2020-06-30 00:00:00","REPORT_DATE":"2020-12-31 00:00:00","DATE_TYPE_CODE":"002","REPORT_TYPE":"2020年中报","PER_NETCASH_OPERATE":0.900590578836,"PER_OI":2.452419369742,"BPS":3.894493947746,"BASIC_EPS":0.20031032,"DILUTED_EPS":0.20031032,"OPERATE_INCOME":2730543593.32,"OPERATE_INCOME_YOY":-23.781693678,"GROSS_PROFIT":1687898920.32,"GROSS_PROFIT_YOY":-13.491559009288,"HOLDER_PROFIT":224377857.44,"HOLDER_PROFIT_YOY":0.4252882656,"GROSS_PROFIT_RATIO":61.81549067553,"EPS_TTM":0.308462745089,"OPERATE_INCOME_QOQ":-4.335035567831,"NET_PROFIT_RATIO":8.1632382572,"ROE_AVG":5.262528821216,"GROSS_PROFIT_QOQ":0.143191016977,"ROA":2.580446830528,"HOLDER_PROFIT_QOQ":-31.136509952963,"ROE_YEARLY":10.525057642433,"ROIC_YEARLY":6.389751700734,"TOTAL_ASSETS":8610313856,"TOTAL_LIABILITIES":4337126623.4,"TAX_EBT":22.65767594261,"OCF_SALES":36.72253571095,"TOTAL_PARENT_EQUITY":4291397797.28,"DEBT_ASSET_RATIO":50.371295355,"OPERATE_PROFIT":319835824.6,"PRETAX_PROFIT":288200260.28,"NETCASH_OPERATE":1002724846.16,"NETCASH_INVEST":-687100588.12,"NETCASH_FINANCE":-621222058.76,"END_CASH":1485156260.72,"DIVI_RATIO":0.943779774493,"DIVIDEND_RATE":7.710843373494,"CURRENT_RATIO":1.11916202357,"COMMON_ACS":2000000000,"CURRENTDEBT_DEBT":51.682076230525,"ISSUED_COMMON_SHARES":1101914101,"HK_COMMON_SHARES":1101914101,"PER_SHARES":500,"TOTAL_MARKET_CAP":4572943519.15,"HKSK_MARKET_CAP":4572943519.15,"PE_TTM":9.727059382272,"PB_TTM":0.881845940431,"REPORT_DATE_SQ":"2019-06-30 00:00:00","REPORT_TYPE_SQ":"2019年中报","OPERATE_INCOME_SQ":3812982522.68,"DPS_HKD":0.32,"OPERATE_INCOME_QOQ_SQ":-22.34349612895,"NET_PROFIT_RATIO_SQ":6.0807601173,"HOLDER_PROFIT_SQ":237800029.26,"HOLDER_PROFIT_QOQ_SQ":3.821157334663,"ROE_AVG_SQ":5.239538346198,"PE_TTM_SQ":16.747091390908,"PB_TTM_SQ":0.885514808491,"ROA_SQ":2.593212548196,"START_DATE":"2020-07-01 00:00:00","FISCAL_YEAR":"6-30","CURRENCY":"HKD","IS_CNY_CODE":0,"DPS_HKD_LY":0.295,"ORG_TYPE":"一般企业","PREMIUM_INCOME":null,"PREMIUM_INCOME_YOY":null,"NET_INTEREST_INCOME":null,"NET_INTEREST_INCOME_YOY":null,"FEE_COMMISSION_INCOME":null,"FEE_COMMISSION_INCOME_YOY":null,"ACCOUNTS_RECE_TDAYS":8.885765659172,"INVENTORY_TDAYS":14.506232472087,"CURRENT_ASSETS_TDAYS":0.992027546595,"TOTAL_ASSETS_TDAYS":0.314024861517,"PREMIUM_EXPENSE":null,"LOAN_DEPOSIT":null,"LOAN_EQUITY":null,"LOAN_ASSETS":null,"DEPOSIT_EQUITY":null,"DEPOSIT_ASSETS":null,"EQUITY_MULTIPLIER":2.01496292751,"EQUITY_RATIO":1.01065592804},{"SECUCODE":"00315.HK","SECURITY_CODE":"00315","SECURITY_NAME_ABBR":"数码通电讯","ORG_CODE":"10008823","STD_REPORT_DATE":"2019-12-31 00:00:00","REPORT_DATE":"2020-06-30 00:00:00","DATE_TYPE_CODE":"001","REPORT_TYPE":"2019年年报","PER_NETCASH_OPERATE":1.641425344462,"PER_OI":5.686398812335,"BPS":4.172149090304,"BASIC_EPS":0.30874272,"DILUTED_EPS":0.30874272,"OPERATE_INCOME":6381703801.44,"OPERATE_INCOME_YOY":-16.9765860804,"GROSS_PROFIT":3839981185.92,"GROSS_PROFIT_YOY":1.154485197276,"HOLDER_PROFIT":346180058.4,"HOLDER_PROFIT_YOY":-40.0574459033,"GROSS_PROFIT_RATIO":60.171723812276,"EPS_TTM":0.448172926938,"OPERATE_INCOME_QOQ":-9.881728182864,"NET_PROFIT_RATIO":4.8610803969,"ROE_AVG":7.511964615066,"GROSS_PROFIT_QOQ":1.009848168437,"ROA":3.731005330134,"HOLDER_PROFIT_QOQ":-9.611871122994,"ROE_YEARLY":7.511964615066,"ROIC_YEARLY":4.756399634458,"TOTAL_ASSETS":9529351360.32,"TOTAL_LIABILITIES":4950162460.32,"TAX_EBT":28.32029683536,"OCF_SALES":28.865814703345,"TOTAL_PARENT_EQUITY":4597349914.08,"DEBT_ASSET_RATIO":51.9464785498,"OPERATE_PROFIT":474829861.44,"PRETAX_PROFIT":432786045.12,"NETCASH_OPERATE":1842130794.24,"NETCASH_INVEST":-165523548.96,"NETCASH_FINANCE":-1520892215.04,"END_CASH":1943260476.96,"DIVI_RATIO":0.649572703975,"DIVIDEND_RATE":7.710843373494,"CURRENT_RATIO":1.238716030139,"COMMON_ACS":2000000000,"CURRENTDEBT_DEBT":53.034154338246,"ISSUED_COMMON_SHARES":1101914101,"HK_COMMON_SHARES":1101914101,"PER_SHARES":500,"TOTAL_MARKET_CAP":4572943519.15,"HKSK_MARKET_CAP":4572943519.15,"PE_TTM":9.727059382272,"PB_TTM":0.881845940431,"REPORT_DATE_SQ":"2018-12-31 00:00:00","REPORT_TYPE_SQ":"2018年年报","OPERATE_INCOME_SQ":7402371447.42,"DPS_HKD":0.32,"OPERATE_INCOME_QOQ_SQ":13.191554439829,"NET_PROFIT_RATIO_SQ":7.3534554869,"HOLDER_PROFIT_SQ":556162396.02,"HOLDER_PROFIT_QOQ_SQ":3.273759050619,"ROE_AVG_SQ":12.829369889788,"PE_TTM_SQ":16.747091390908,"PB_TTM_SQ":0.885514808491,"ROA_SQ":6.353863167136,"START_DATE":"2019-07-01 00:00:00","FISCAL_YEAR":"6-30","CURRENCY":"HKD","IS_CNY_CODE":0,"DPS_HKD_LY":0.355,"ORG_TYPE":"一般企业","PREMIUM_INCOME":null,"PREMIUM_INCOME_YOY":null,"NET_INTEREST_INCOME":null,"NET_INTEREST_INCOME_YOY":null,"FEE_COMMISSION_INCOME":null,"FEE_COMMISSION_INCOME_YOY":null,"ACCOUNTS_RECE_TDAYS":17.401004241626,"INVENTORY_TDAYS":40.003493462337,"CURRENT_ASSETS_TDAYS":1.89394793118,"TOTAL_ASSETS_TDAYS":0.687797298566,"PREMIUM_EXPENSE":null,"LOAN_DEPOSIT":null,"LOAN_EQUITY":null,"LOAN_ASSETS":null,"DEPOSIT_EQUITY":null,"DEPOSIT_ASSETS":null,"EQUITY_MULTIPLIER":2.081012941031,"EQUITY_RATIO":1.076742591457}],"count":47},"success":true,"message":"ok","code":0}