{"version":"7adb736acfb20b9d585fb8b55bfb7659","result":{"pages":9,"data":[{"SECUCODE":"00317.HK","SECURITY_CODE":"00317","SECURITY_NAME_ABBR":"中船防务","ORG_CODE":"10003995","STD_REPORT_DATE":"2024-09-30 00:00:00","REPORT_DATE":"2024-09-30 00:00:00","DATE_TYPE_CODE":"004","REPORT_TYPE":"2024年三季报","PER_NETCASH_OPERATE":-3.465345315414,"PER_OI":8.975548281056,"BPS":13.141949011786,"BASIC_EPS":0.1325,"DILUTED_EPS":0.1325,"OPERATE_INCOME":12686994741.32,"OPERATE_INCOME_YOY":29.8254210909,"GROSS_PROFIT":1102696669.68,"GROSS_PROFIT_YOY":77.061413150891,"HOLDER_PROFIT":187261791.37,"HOLDER_PROFIT_YOY":673.8296096972,"GROSS_PROFIT_RATIO":8.69155140491,"EPS_TTM":0.149366137215,"OPERATE_INCOME_QOQ":0.89159937109,"NET_PROFIT_RATIO":1.972324352,"ROE_AVG":1.070257020164,"GROSS_PROFIT_QOQ":12.406820660075,"ROA":0.365306137088,"HOLDER_PROFIT_QOQ":15.847658178638,"ROE_YEARLY":1.427009360219,"ROIC_YEARLY":0.556373533814,"TOTAL_ASSETS":51660709270.83,"TOTAL_LIABILITIES":29774404156.89,"TAX_EBT":-24.153314374807,"OCF_SALES":-38.608731265229,"TOTAL_PARENT_EQUITY":18576228747.51,"DEBT_ASSET_RATIO":57.6345245297,"OPERATE_PROFIT":24104332.84,"PRETAX_PROFIT":201548132.71,"NETCASH_OPERATE":-4898287705.31,"NETCASH_INVEST":680587253.26,"NETCASH_FINANCE":482295598.43,"END_CASH":5956800803.04,"DIVI_RATIO":0.154356616312,"DIVIDEND_RATE":0.271672025723,"CURRENT_RATIO":1.251137753088,"COMMON_ACS":null,"CURRENTDEBT_DEBT":78.292005030286,"ISSUED_COMMON_SHARES":1413506378,"HK_COMMON_SHARES":592071197,"PER_SHARES":2000,"TOTAL_MARKET_CAP":13188014506.74,"HKSK_MARKET_CAP":5524024268.01,"PE_TTM":56.28065633599,"PB_TTM":0.640217116385,"REPORT_DATE_SQ":"2023-09-30 00:00:00","REPORT_TYPE_SQ":"2023年三季报","OPERATE_INCOME_SQ":9772350156.63,"DPS_HKD":0.025347,"OPERATE_INCOME_QOQ_SQ":5.251610817503,"NET_PROFIT_RATIO_SQ":0.3495590493,"HOLDER_PROFIT_SQ":24199357.2,"HOLDER_PROFIT_QOQ_SQ":0.985198412227,"ROE_AVG_SQ":0.152329581305,"PE_TTM_SQ":19.36606383362,"PB_TTM_SQ":0.846349487293,"ROA_SQ":0.050476711442,"START_DATE":"2024-01-01 00:00:00","FISCAL_YEAR":"12-31","CURRENCY":"HKD","IS_CNY_CODE":0,"DPS_HKD_LY":0.025347,"ORG_TYPE":"一般企业","PREMIUM_INCOME":null,"PREMIUM_INCOME_YOY":null,"NET_INTEREST_INCOME":null,"NET_INTEREST_INCOME_YOY":null,"FEE_COMMISSION_INCOME":null,"FEE_COMMISSION_INCOME_YOY":null,"ACCOUNTS_RECE_TDAYS":5.374122900646,"INVENTORY_TDAYS":1.960776562185,"CURRENT_ASSETS_TDAYS":0.430127001512,"TOTAL_ASSETS_TDAYS":0.247495071275,"PREMIUM_EXPENSE":null,"LOAN_DEPOSIT":null,"LOAN_EQUITY":null,"LOAN_ASSETS":null,"DEPOSIT_EQUITY":null,"DEPOSIT_ASSETS":null,"EQUITY_MULTIPLIER":2.360412550311,"EQUITY_RATIO":1.602822863649},{"SECUCODE":"00317.HK","SECURITY_CODE":"00317","SECURITY_NAME_ABBR":"中船防务","ORG_CODE":"10003995","STD_REPORT_DATE":"2024-06-30 00:00:00","REPORT_DATE":"2024-06-30 00:00:00","DATE_TYPE_CODE":"002","REPORT_TYPE":"2024年中报","PER_NETCASH_OPERATE":-3.931844062928,"PER_OI":6.175094926703,"BPS":13.007337418056,"BASIC_EPS":0.1039,"DILUTED_EPS":0.1039,"OPERATE_INCOME":8728536063.65,"OPERATE_INCOME_YOY":45.9051993925,"GROSS_PROFIT":648717741.28,"GROSS_PROFIT_YOY":90.86238658284,"HOLDER_PROFIT":146845686.17,"HOLDER_PROFIT_YOY":1059.4345277618,"GROSS_PROFIT_RATIO":7.432148261168,"EPS_TTM":0.128933238326,"OPERATE_INCOME_QOQ":10.778710538882,"NET_PROFIT_RATIO":2.1152138225,"ROE_AVG":0.843855274192,"GROSS_PROFIT_QOQ":11.991094131532,"ROA":0.290874911383,"HOLDER_PROFIT_QOQ":102.257473959957,"ROE_YEARLY":1.687710548385,"ROIC_YEARLY":0.884436828313,"TOTAL_ASSETS":50105770210.75,"TOTAL_LIABILITIES":28428162756.31,"TAX_EBT":-22.495432684114,"OCF_SALES":-63.672609240798,"TOTAL_PARENT_EQUITY":18385954401.22,"DEBT_ASSET_RATIO":56.7363052933,"OPERATE_PROFIT":-9034771.98,"PRETAX_PROFIT":150721702.25,"NETCASH_OPERATE":-5557686660.25,"NETCASH_INVEST":806396143.92,"NETCASH_FINANCE":451347377.55,"END_CASH":5422846011.31,"DIVI_RATIO":0.178818525241,"DIVIDEND_RATE":0.238223684211,"CURRENT_RATIO":1.308926165198,"COMMON_ACS":null,"CURRENTDEBT_DEBT":74.420265683663,"ISSUED_COMMON_SHARES":1413506378,"HK_COMMON_SHARES":592071197,"PER_SHARES":2000,"TOTAL_MARKET_CAP":15039707861.92,"HKSK_MARKET_CAP":6299637536.08,"PE_TTM":64.182870676842,"PB_TTM":0.730108265631,"REPORT_DATE_SQ":"2023-06-30 00:00:00","REPORT_TYPE_SQ":"2023年中报","OPERATE_INCOME_SQ":5982333803.04,"DPS_HKD":0.025347,"OPERATE_INCOME_QOQ_SQ":6.934612880773,"NET_PROFIT_RATIO_SQ":0.3043309914,"HOLDER_PROFIT_SQ":12665284.9,"HOLDER_PROFIT_QOQ_SQ":1.199199623081,"ROE_AVG_SQ":0.077854787904,"PE_TTM_SQ":17.550495349218,"PB_TTM_SQ":0.767004222859,"ROA_SQ":0.02713602753,"START_DATE":"2024-01-01 00:00:00","FISCAL_YEAR":"12-31","CURRENCY":"HKD","IS_CNY_CODE":0,"DPS_HKD_LY":0.025347,"ORG_TYPE":"一般企业","PREMIUM_INCOME":null,"PREMIUM_INCOME_YOY":null,"NET_INTEREST_INCOME":null,"NET_INTEREST_INCOME_YOY":null,"FEE_COMMISSION_INCOME":null,"FEE_COMMISSION_INCOME_YOY":null,"ACCOUNTS_RECE_TDAYS":3.786665263688,"INVENTORY_TDAYS":1.479777877802,"CURRENT_ASSETS_TDAYS":0.303502744628,"TOTAL_ASSETS_TDAYS":0.172896611418,"PREMIUM_EXPENSE":null,"LOAN_DEPOSIT":null,"LOAN_EQUITY":null,"LOAN_ASSETS":null,"DEPOSIT_EQUITY":null,"DEPOSIT_ASSETS":null,"EQUITY_MULTIPLIER":2.311406843034,"EQUITY_RATIO":1.546189125457},{"SECUCODE":"00317.HK","SECURITY_CODE":"00317","SECURITY_NAME_ABBR":"中船防务","ORG_CODE":"10003995","STD_REPORT_DATE":"2024-03-31 00:00:00","REPORT_DATE":"2024-03-31 00:00:00","DATE_TYPE_CODE":"003","REPORT_TYPE":"2024年一季报","PER_NETCASH_OPERATE":-2.407616567104,"PER_OI":1.985749128335,"BPS":12.497045319381,"BASIC_EPS":0.0109,"DILUTED_EPS":0.0109,"OPERATE_INCOME":2806869058.01,"OPERATE_INCOME_YOY":47.8183716979,"GROSS_PROFIT":256860089.79,"GROSS_PROFIT_YOY":168.451104748468,"HOLDER_PROFIT":15373901.72,"HOLDER_PROFIT_YOY":157.6547571702,"GROSS_PROFIT_RATIO":9.151124775735,"EPS_TTM":0.063747082272,"OPERATE_INCOME_QOQ":5.623735405187,"NET_PROFIT_RATIO":0.8792524542,"ROE_AVG":0.09021654374,"GROSS_PROFIT_QOQ":15.060937360081,"ROA":0.030233144753,"HOLDER_PROFIT_QOQ":87.458900903861,"ROE_YEARLY":0.360866174961,"ROIC_YEARLY":0.186338169339,"TOTAL_ASSETS":50839797543.37,"TOTAL_LIABILITIES":29911404937.04,"TAX_EBT":8.512675036038,"OCF_SALES":-121.244750041627,"TOTAL_PARENT_EQUITY":17664653265.1,"DEBT_ASSET_RATIO":58.8346263801,"OPERATE_PROFIT":-57213314.07,"PRETAX_PROFIT":26975829.81,"NETCASH_OPERATE":-3403181373.38,"NETCASH_INVEST":16073973.3,"NETCASH_FINANCE":-157373399.48,"END_CASH":6172662827.39,"DIVI_RATIO":0.361673832125,"DIVIDEND_RATE":0.238223684211,"CURRENT_RATIO":1.137122321693,"COMMON_ACS":null,"CURRENTDEBT_DEBT":82.484839708875,"ISSUED_COMMON_SHARES":1413506378,"HK_COMMON_SHARES":592071197,"PER_SHARES":2000,"TOTAL_MARKET_CAP":15039707861.92,"HKSK_MARKET_CAP":6299637536.08,"PE_TTM":64.182870676842,"PB_TTM":0.730108265631,"REPORT_DATE_SQ":"2023-03-31 00:00:00","REPORT_TYPE_SQ":"2023年一季报","OPERATE_INCOME_SQ":1898863467.22,"DPS_HKD":0.025347,"OPERATE_INCOME_QOQ_SQ":6.021150381612,"NET_PROFIT_RATIO_SQ":-2.7463487823,"HOLDER_PROFIT_SQ":-26665452.21,"HOLDER_PROFIT_QOQ_SQ":-2.084085610745,"ROE_AVG_SQ":-0.172272786429,"PE_TTM_SQ":17.550495349218,"PB_TTM_SQ":0.767004222859,"ROA_SQ":-0.057556073767,"START_DATE":"2024-01-01 00:00:00","FISCAL_YEAR":"12-31","CURRENCY":"HKD","IS_CNY_CODE":0,"DPS_HKD_LY":0.025347,"ORG_TYPE":"一般企业","PREMIUM_INCOME":null,"PREMIUM_INCOME_YOY":null,"NET_INTEREST_INCOME":null,"NET_INTEREST_INCOME_YOY":null,"FEE_COMMISSION_INCOME":null,"FEE_COMMISSION_INCOME_YOY":null,"ACCOUNTS_RECE_TDAYS":1.264805351608,"INVENTORY_TDAYS":0.434845959697,"CURRENT_ASSETS_TDAYS":0.096985707436,"TOTAL_ASSETS_TDAYS":0.055197750108,"PREMIUM_EXPENSE":null,"LOAN_DEPOSIT":null,"LOAN_EQUITY":null,"LOAN_ASSETS":null,"DEPOSIT_EQUITY":null,"DEPOSIT_ASSETS":null,"EQUITY_MULTIPLIER":2.429226099667,"EQUITY_RATIO":1.693291370521},{"SECUCODE":"00317.HK","SECURITY_CODE":"00317","SECURITY_NAME_ABBR":"中船防务","ORG_CODE":"10003995","STD_REPORT_DATE":"2023-12-31 00:00:00","REPORT_DATE":"2023-12-31 00:00:00","DATE_TYPE_CODE":"001","REPORT_TYPE":"2023年年报","PER_NETCASH_OPERATE":2.343086900702,"PER_OI":11.42262373017,"BPS":11.614782777393,"BASIC_EPS":0.034,"DILUTED_EPS":0.034,"OPERATE_INCOME":16145951496.09,"OPERATE_INCOME_YOY":26.1883068726,"GROSS_PROFIT":1070171290.05,"GROSS_PROFIT_YOY":21.856832080289,"HOLDER_PROFIT":48067553.44,"HOLDER_PROFIT_YOY":-93.0181025733,"GROSS_PROFIT_RATIO":6.628109159805,"EPS_TTM":0.034005897807,"OPERATE_INCOME_QOQ":5.749798440221,"NET_PROFIT_RATIO":0.4534138708,"ROE_AVG":0.300364274109,"GROSS_PROFIT_QOQ":1.261868423175,"ROA":0.098759858856,"HOLDER_PROFIT_QOQ":-93.022035885744,"ROE_YEARLY":0.300364274109,"ROIC_YEARLY":0.160885962939,"TOTAL_ASSETS":50862502007.57,"TOTAL_LIABILITIES":31255464283.95,"TAX_EBT":-0.155462770113,"OCF_SALES":20.512685667067,"TOTAL_PARENT_EQUITY":16417569534.93,"DEBT_ASSET_RATIO":61.4508981082,"OPERATE_PROFIT":-275755871.59,"PRETAX_PROFIT":73094349.16,"NETCASH_OPERATE":3311968278.35,"NETCASH_INVEST":-3100461904.03,"NETCASH_FINANCE":-1623204032.12,"END_CASH":9701160074.84,"DIVI_RATIO":0.677989790558,"DIVIDEND_RATE":0.238223684211,"CURRENT_RATIO":1.126144345062,"COMMON_ACS":null,"CURRENTDEBT_DEBT":84.739106121264,"ISSUED_COMMON_SHARES":1413506378,"HK_COMMON_SHARES":592071197,"PER_SHARES":2000,"TOTAL_MARKET_CAP":15039707861.92,"HKSK_MARKET_CAP":6299637536.08,"PE_TTM":64.182870676842,"PB_TTM":0.730108265631,"REPORT_DATE_SQ":"2022-12-31 00:00:00","REPORT_TYPE_SQ":"2022年年报","OPERATE_INCOME_SQ":12795124917.87,"DPS_HKD":0.025347,"OPERATE_INCOME_QOQ_SQ":5.506163490689,"NET_PROFIT_RATIO_SQ":5.5494493922,"HOLDER_PROFIT_SQ":688459748.15,"HOLDER_PROFIT_QOQ_SQ":609.423873032693,"ROE_AVG_SQ":4.425133893191,"PE_TTM_SQ":17.550495349218,"PB_TTM_SQ":0.767004222859,"ROA_SQ":1.517195536506,"START_DATE":"2023-01-01 00:00:00","FISCAL_YEAR":"12-31","CURRENCY":"HKD","IS_CNY_CODE":0,"DPS_HKD_LY":0.01116395,"ORG_TYPE":"一般企业","PREMIUM_INCOME":null,"PREMIUM_INCOME_YOY":null,"NET_INTEREST_INCOME":null,"NET_INTEREST_INCOME_YOY":null,"FEE_COMMISSION_INCOME":null,"FEE_COMMISSION_INCOME_YOY":null,"ACCOUNTS_RECE_TDAYS":8.806920483885,"INVENTORY_TDAYS":3.080342213686,"CURRENT_ASSETS_TDAYS":0.580041141444,"TOTAL_ASSETS_TDAYS":0.331735604733,"PREMIUM_EXPENSE":null,"LOAN_DEPOSIT":null,"LOAN_EQUITY":null,"LOAN_ASSETS":null,"DEPOSIT_EQUITY":null,"DEPOSIT_ASSETS":null,"EQUITY_MULTIPLIER":2.594094157646,"EQUITY_RATIO":1.90378144691},{"SECUCODE":"00317.HK","SECURITY_CODE":"00317","SECURITY_NAME_ABBR":"中船防务","ORG_CODE":"10003995","STD_REPORT_DATE":"2023-09-30 00:00:00","REPORT_DATE":"2023-09-30 00:00:00","DATE_TYPE_CODE":"004","REPORT_TYPE":"2023年三季报","PER_NETCASH_OPERATE":0.230866164631,"PER_OI":6.913552219309,"BPS":11.449375164149,"BASIC_EPS":0.0171,"DILUTED_EPS":0.0171,"OPERATE_INCOME":9772350156.63,"OPERATE_INCOME_YOY":33.8786905994,"GROSS_PROFIT":622776385.92,"GROSS_PROFIT_YOY":27.941708776604,"HOLDER_PROFIT":24199357.2,"HOLDER_PROFIT_YOY":1.9239222038,"GROSS_PROFIT_RATIO":6.808812124569,"EPS_TTM":0.487332655347,"OPERATE_INCOME_QOQ":5.251610817503,"NET_PROFIT_RATIO":0.3495590493,"ROE_AVG":0.152329581305,"GROSS_PROFIT_QOQ":10.606976372631,"ROA":0.050476711442,"HOLDER_PROFIT_QOQ":0.985198412227,"ROE_YEARLY":0.203106108407,"ROIC_YEARLY":0.079434698768,"TOTAL_ASSETS":49403469252.19,"TOTAL_LIABILITIES":30044098188.95,"TAX_EBT":-36.636013345561,"OCF_SALES":3.339327704591,"TOTAL_PARENT_EQUITY":16183764818.64,"DEBT_ASSET_RATIO":60.8137417143,"OPERATE_PROFIT":-255792293.41,"PRETAX_PROFIT":25000827.72,"NETCASH_OPERATE":326330796.17,"NETCASH_INVEST":-3222960178.21,"NETCASH_FINANCE":-1148671253.57,"END_CASH":7088553064.79,"DIVI_RATIO":0.047309884283,"DIVIDEND_RATE":0.238223684211,"CURRENT_RATIO":1.135307291927,"COMMON_ACS":null,"CURRENTDEBT_DEBT":82.94387571911,"ISSUED_COMMON_SHARES":1413506378,"HK_COMMON_SHARES":592071197,"PER_SHARES":2000,"TOTAL_MARKET_CAP":15039707861.92,"HKSK_MARKET_CAP":6299637536.08,"PE_TTM":64.182870676842,"PB_TTM":0.730108265631,"REPORT_DATE_SQ":"2022-09-30 00:00:00","REPORT_TYPE_SQ":"2022年三季报","OPERATE_INCOME_SQ":7299406733.72,"DPS_HKD":0.025347,"OPERATE_INCOME_QOQ_SQ":8.036585145025,"NET_PROFIT_RATIO_SQ":0.4792244702,"HOLDER_PROFIT_SQ":23742568.65,"HOLDER_PROFIT_QOQ_SQ":-49.81025119474,"ROE_AVG_SQ":0.15568603732,"PE_TTM_SQ":17.550495349218,"PB_TTM_SQ":0.767004222859,"ROA_SQ":0.051318943268,"START_DATE":"2023-01-01 00:00:00","FISCAL_YEAR":"12-31","CURRENCY":"HKD","IS_CNY_CODE":0,"DPS_HKD_LY":0.01116395,"ORG_TYPE":"一般企业","PREMIUM_INCOME":null,"PREMIUM_INCOME_YOY":null,"NET_INTEREST_INCOME":null,"NET_INTEREST_INCOME_YOY":null,"FEE_COMMISSION_INCOME":null,"FEE_COMMISSION_INCOME_YOY":null,"ACCOUNTS_RECE_TDAYS":5.642448667303,"INVENTORY_TDAYS":1.759594724221,"CURRENT_ASSETS_TDAYS":0.361024980678,"TOTAL_ASSETS_TDAYS":0.203838513101,"PREMIUM_EXPENSE":null,"LOAN_DEPOSIT":null,"LOAN_EQUITY":null,"LOAN_ASSETS":null,"DEPOSIT_EQUITY":null,"DEPOSIT_ASSETS":null,"EQUITY_MULTIPLIER":2.551914992009,"EQUITY_RATIO":1.856434428307},{"SECUCODE":"00317.HK","SECURITY_CODE":"00317","SECURITY_NAME_ABBR":"中船防务","ORG_CODE":"10003995","STD_REPORT_DATE":"2023-06-30 00:00:00","REPORT_DATE":"2023-06-30 00:00:00","DATE_TYPE_CODE":"002","REPORT_TYPE":"2023年中报","PER_NETCASH_OPERATE":-1.841871730005,"PER_OI":4.23226516424,"BPS":11.989375137188,"BASIC_EPS":0.009,"DILUTED_EPS":0.009,"OPERATE_INCOME":5982333803.04,"OPERATE_INCOME_YOY":40.06205048,"GROSS_PROFIT":339887681.85,"GROSS_PROFIT_YOY":15.783626333193,"HOLDER_PROFIT":12665284.9,"HOLDER_PROFIT_YOY":-33.0898890963,"GROSS_PROFIT_RATIO":6.198603126619,"EPS_TTM":0.482578301582,"OPERATE_INCOME_QOQ":6.934612880773,"NET_PROFIT_RATIO":0.3043309914,"ROE_AVG":0.077854787904,"GROSS_PROFIT_QOQ":9.721535374767,"ROA":0.02713602753,"HOLDER_PROFIT_QOQ":1.199199623081,"ROE_YEARLY":0.155709575808,"ROIC_YEARLY":0.081305894554,"TOTAL_ASSETS":46866852879.69,"TOTAL_LIABILITIES":26750861205.29,"TAX_EBT":-35.504802597711,"OCF_SALES":-43.519762078422,"TOTAL_PARENT_EQUITY":16947058224.65,"DEBT_ASSET_RATIO":57.0784244335,"OPERATE_PROFIT":-214218777.33,"PRETAX_PROFIT":13435756.83,"NETCASH_OPERATE":-2603497437.82,"NETCASH_INVEST":-781028624.04,"NETCASH_FINANCE":-2214538244.91,"END_CASH":5525049585.25,"DIVI_RATIO":0.047775980512,"DIVIDEND_RATE":0.238223684211,"CURRENT_RATIO":1.045463684553,"COMMON_ACS":null,"CURRENTDEBT_DEBT":87.270183134678,"ISSUED_COMMON_SHARES":1413506378,"HK_COMMON_SHARES":592071197,"PER_SHARES":2000,"TOTAL_MARKET_CAP":15039707861.92,"HKSK_MARKET_CAP":6299637536.08,"PE_TTM":64.182870676842,"PB_TTM":0.730108265631,"REPORT_DATE_SQ":"2022-06-30 00:00:00","REPORT_TYPE_SQ":"2022年中报","OPERATE_INCOME_SQ":4271202500.99,"DPS_HKD":0.025347,"OPERATE_INCOME_QOQ_SQ":2.266840470831,"NET_PROFIT_RATIO_SQ":0.6648160717,"HOLDER_PROFIT_SQ":18928805.72,"HOLDER_PROFIT_QOQ_SQ":119.668041335042,"ROE_AVG_SQ":0.126388261182,"PE_TTM_SQ":17.550495349218,"PB_TTM_SQ":0.767004222859,"ROA_SQ":0.040703105825,"START_DATE":"2023-01-01 00:00:00","FISCAL_YEAR":"12-31","CURRENCY":"HKD","IS_CNY_CODE":0,"DPS_HKD_LY":0.01116395,"ORG_TYPE":"一般企业","PREMIUM_INCOME":null,"PREMIUM_INCOME_YOY":null,"NET_INTEREST_INCOME":null,"NET_INTEREST_INCOME_YOY":null,"FEE_COMMISSION_INCOME":null,"FEE_COMMISSION_INCOME_YOY":null,"ACCOUNTS_RECE_TDAYS":3.971661827006,"INVENTORY_TDAYS":1.149104699398,"CURRENT_ASSETS_TDAYS":0.238093195045,"TOTAL_ASSETS_TDAYS":0.128174593826,"PREMIUM_EXPENSE":null,"LOAN_DEPOSIT":null,"LOAN_EQUITY":null,"LOAN_ASSETS":null,"DEPOSIT_EQUITY":null,"DEPOSIT_ASSETS":null,"EQUITY_MULTIPLIER":2.329830596388,"EQUITY_RATIO":1.578495857551},{"SECUCODE":"00317.HK","SECURITY_CODE":"00317","SECURITY_NAME_ABBR":"中船防务","ORG_CODE":"10003995","STD_REPORT_DATE":"2023-03-31 00:00:00","REPORT_DATE":"2023-03-31 00:00:00","DATE_TYPE_CODE":"003","REPORT_TYPE":"2023年一季报","PER_NETCASH_OPERATE":0.153362901904,"PER_OI":1.34337099342,"BPS":10.872706442602,"BASIC_EPS":-0.0189,"DILUTED_EPS":-0.0189,"OPERATE_INCOME":1898863467.22,"OPERATE_INCOME_YOY":68.2718667638,"GROSS_PROFIT":95682262.15,"GROSS_PROFIT_YOY":-7.170646416321,"HOLDER_PROFIT":-26665452.21,"HOLDER_PROFIT_YOY":-116.4615508198,"GROSS_PROFIT_RATIO":5.038922692535,"EPS_TTM":0.47685980065,"OPERATE_INCOME_QOQ":6.021150381612,"NET_PROFIT_RATIO":-2.7463487823,"ROE_AVG":-0.172272786429,"GROSS_PROFIT_QOQ":-0.841590847971,"ROA":-0.057556073767,"HOLDER_PROFIT_QOQ":-2.084085610745,"ROE_YEARLY":-0.689091145717,"ROIC_YEARLY":-0.368512743649,"TOTAL_ASSETS":46179251628.52,"TOTAL_LIABILITIES":27674295017.69,"TAX_EBT":16.079957254013,"OCF_SALES":11.416273140868,"TOTAL_PARENT_EQUITY":15368639902.74,"DEBT_ASSET_RATIO":59.927985062,"OPERATE_PROFIT":-96205262.22,"PRETAX_PROFIT":-62141786.4,"NETCASH_OPERATE":216779439.99,"NETCASH_INVEST":-2966179474.47,"NETCASH_FINANCE":-1189027326.36,"END_CASH":7120245732.44,"DIVI_RATIO":0.04834890989,"DIVIDEND_RATE":0.238223684211,"CURRENT_RATIO":1.049054546442,"COMMON_ACS":null,"CURRENTDEBT_DEBT":88.529381783779,"ISSUED_COMMON_SHARES":1413506378,"HK_COMMON_SHARES":592071197,"PER_SHARES":2000,"TOTAL_MARKET_CAP":15039707861.92,"HKSK_MARKET_CAP":6299637536.08,"PE_TTM":64.182870676842,"PB_TTM":0.730108265631,"REPORT_DATE_SQ":"2022-03-31 00:00:00","REPORT_TYPE_SQ":"2022年一季报","OPERATE_INCOME_SQ":1128449754.4,"DPS_HKD":0.025347,"OPERATE_INCOME_QOQ_SQ":-5.956050913289,"NET_PROFIT_RATIO_SQ":-2.8422902779,"HOLDER_PROFIT_SQ":-12318793.85,"HOLDER_PROFIT_QOQ_SQ":10.865371987679,"ROE_AVG_SQ":-0.082668701877,"PE_TTM_SQ":17.550495349218,"PB_TTM_SQ":0.767004222859,"ROA_SQ":-0.026705592849,"START_DATE":"2023-01-01 00:00:00","FISCAL_YEAR":"12-31","CURRENCY":"HKD","IS_CNY_CODE":0,"DPS_HKD_LY":0.01116395,"ORG_TYPE":"一般企业","PREMIUM_INCOME":null,"PREMIUM_INCOME_YOY":null,"NET_INTEREST_INCOME":null,"NET_INTEREST_INCOME_YOY":null,"FEE_COMMISSION_INCOME":null,"FEE_COMMISSION_INCOME_YOY":null,"ACCOUNTS_RECE_TDAYS":1.699414312137,"INVENTORY_TDAYS":0.384077094543,"CURRENT_ASSETS_TDAYS":0.073675249155,"TOTAL_ASSETS_TDAYS":0.040986038763,"PREMIUM_EXPENSE":null,"LOAN_DEPOSIT":null,"LOAN_EQUITY":null,"LOAN_ASSETS":null,"DEPOSIT_EQUITY":null,"DEPOSIT_ASSETS":null,"EQUITY_MULTIPLIER":2.495507155174,"EQUITY_RATIO":1.80069903341},{"SECUCODE":"00317.HK","SECURITY_CODE":"00317","SECURITY_NAME_ABBR":"中船防务","ORG_CODE":"10003995","STD_REPORT_DATE":"2022-12-31 00:00:00","REPORT_DATE":"2022-12-31 00:00:00","DATE_TYPE_CODE":"001","REPORT_TYPE":"2022年年报","PER_NETCASH_OPERATE":1.425556488794,"PER_OI":9.05204611526,"BPS":11.027916675456,"BASIC_EPS":0.4871,"DILUTED_EPS":0.4871,"OPERATE_INCOME":12795124917.87,"OPERATE_INCOME_YOY":9.6262039296,"GROSS_PROFIT":878220180.01,"GROSS_PROFIT_YOY":-26.473208277864,"HOLDER_PROFIT":688459748.15,"HOLDER_PROFIT_YOY":767.1288130342,"GROSS_PROFIT_RATIO":6.863709308406,"EPS_TTM":0.487009495468,"OPERATE_INCOME_QOQ":5.506163490689,"NET_PROFIT_RATIO":5.5494493922,"ROE_AVG":4.425133893191,"GROSS_PROFIT_QOQ":-15.692284021951,"ROA":1.517195536506,"HOLDER_PROFIT_QOQ":609.423873032693,"ROE_YEARLY":4.425133893191,"ROIC_YEARLY":2.292257572036,"TOTAL_ASSETS":46508366648.38,"TOTAL_LIABILITIES":27756614043.84,"TAX_EBT":-1.433955935852,"OCF_SALES":15.748444833827,"TOTAL_PARENT_EQUITY":15588602692.22,"DEBT_ASSET_RATIO":59.6583693311,"OPERATE_PROFIT":250728720.97,"PRETAX_PROFIT":700147235.28,"NETCASH_OPERATE":2015033189.11,"NETCASH_INVEST":3471984760.39,"NETCASH_FINANCE":121856764.32,"END_CASH":11069985285.84,"DIVI_RATIO":0.047341277217,"DIVIDEND_RATE":0.238223684211,"CURRENT_RATIO":1.060907376127,"COMMON_ACS":null,"CURRENTDEBT_DEBT":87.767729972729,"ISSUED_COMMON_SHARES":1413506378,"HK_COMMON_SHARES":592071197,"PER_SHARES":2000,"TOTAL_MARKET_CAP":15039707861.92,"HKSK_MARKET_CAP":6299637536.08,"PE_TTM":64.182870676842,"PB_TTM":0.730108265631,"REPORT_DATE_SQ":"2021-12-31 00:00:00","REPORT_TYPE_SQ":"2021年年报","OPERATE_INCOME_SQ":11671593523.47,"DPS_HKD":0.025347,"OPERATE_INCOME_QOQ_SQ":-1.295425984635,"NET_PROFIT_RATIO_SQ":0.8926740933,"HOLDER_PROFIT_SQ":79387401,"HOLDER_PROFIT_QOQ_SQ":-77.32392664809,"ROE_AVG_SQ":0.530011879613,"PE_TTM_SQ":17.550495349218,"PB_TTM_SQ":0.767004222859,"ROA_SQ":0.190828387121,"START_DATE":"2022-01-01 00:00:00","FISCAL_YEAR":"12-31","CURRENCY":"HKD","IS_CNY_CODE":0,"DPS_HKD_LY":0.1600891,"ORG_TYPE":"一般企业","PREMIUM_INCOME":null,"PREMIUM_INCOME_YOY":null,"NET_INTEREST_INCOME":null,"NET_INTEREST_INCOME_YOY":null,"FEE_COMMISSION_INCOME":null,"FEE_COMMISSION_INCOME_YOY":null,"ACCOUNTS_RECE_TDAYS":9.771440275612,"INVENTORY_TDAYS":2.569264156949,"CURRENT_ASSETS_TDAYS":0.512554753492,"TOTAL_ASSETS_TDAYS":0.282001153779,"PREMIUM_EXPENSE":null,"LOAN_DEPOSIT":null,"LOAN_EQUITY":null,"LOAN_ASSETS":null,"DEPOSIT_EQUITY":null,"DEPOSIT_ASSETS":null,"EQUITY_MULTIPLIER":2.478828900615,"EQUITY_RATIO":1.780571010235},{"SECUCODE":"00317.HK","SECURITY_CODE":"00317","SECURITY_NAME_ABBR":"中船防务","ORG_CODE":"10003995","STD_REPORT_DATE":"2022-09-30 00:00:00","REPORT_DATE":"2022-09-30 00:00:00","DATE_TYPE_CODE":"004","REPORT_TYPE":"2022年三季报","PER_NETCASH_OPERATE":-0.485900368962,"PER_OI":5.164042304534,"BPS":10.599208467965,"BASIC_EPS":0.0168,"DILUTED_EPS":0.0168,"OPERATE_INCOME":7299406733.72,"OPERATE_INCOME_YOY":6.6598951273,"GROSS_PROFIT":486765724.7,"GROSS_PROFIT_YOY":-23.883806264921,"HOLDER_PROFIT":23742568.65,"HOLDER_PROFIT_YOY":289.3279888669,"GROSS_PROFIT_RATIO":6.66856557604,"EPS_TTM":0.06864859134,"OPERATE_INCOME_QOQ":8.036585145025,"NET_PROFIT_RATIO":0.4792244702,"ROE_AVG":0.15568603732,"GROSS_PROFIT_QOQ":-12.891769460232,"ROA":0.051318943268,"HOLDER_PROFIT_QOQ":-49.81025119474,"ROE_YEARLY":0.207581383094,"ROIC_YEARLY":0.073427252627,"TOTAL_ASSETS":48282913668.68,"TOTAL_LIABILITIES":30147028446.9,"TAX_EBT":27.734531795569,"OCF_SALES":-9.409302641367,"TOTAL_PARENT_EQUITY":14982048771.22,"DEBT_ASSET_RATIO":62.4382957784,"OPERATE_PROFIT":-358819323.79,"PRETAX_PROFIT":48393327.96,"NETCASH_OPERATE":-686823270.6,"NETCASH_INVEST":-574145371.74,"NETCASH_FINANCE":882599669.69,"END_CASH":5122149543.73,"DIVI_RATIO":0.335850322372,"DIVIDEND_RATE":0.238223684211,"CURRENT_RATIO":1.081426429545,"COMMON_ACS":null,"CURRENTDEBT_DEBT":88.157282208333,"ISSUED_COMMON_SHARES":1413506378,"HK_COMMON_SHARES":592071197,"PER_SHARES":2000,"TOTAL_MARKET_CAP":15039707861.92,"HKSK_MARKET_CAP":6299637536.08,"PE_TTM":64.182870676842,"PB_TTM":0.730108265631,"REPORT_DATE_SQ":"2021-09-30 00:00:00","REPORT_TYPE_SQ":"2021年三季报","OPERATE_INCOME_SQ":6843628268.16,"DPS_HKD":0.025347,"OPERATE_INCOME_QOQ_SQ":-1.729063476825,"NET_PROFIT_RATIO_SQ":-0.2902631289,"HOLDER_PROFIT_SQ":6099589.87,"HOLDER_PROFIT_QOQ_SQ":-24.622657253523,"ROE_AVG_SQ":0.040757175595,"PE_TTM_SQ":17.550495349218,"PB_TTM_SQ":0.767004222859,"ROA_SQ":0.015572700757,"START_DATE":"2022-01-01 00:00:00","FISCAL_YEAR":"12-31","CURRENCY":"HKD","IS_CNY_CODE":0,"DPS_HKD_LY":0.1600891,"ORG_TYPE":"一般企业","PREMIUM_INCOME":null,"PREMIUM_INCOME_YOY":null,"NET_INTEREST_INCOME":null,"NET_INTEREST_INCOME_YOY":null,"FEE_COMMISSION_INCOME":null,"FEE_COMMISSION_INCOME_YOY":null,"ACCOUNTS_RECE_TDAYS":5.090654827619,"INVENTORY_TDAYS":1.101934115936,"CURRENT_ASSETS_TDAYS":0.276374488431,"TOTAL_ASSETS_TDAYS":0.157742604799,"PREMIUM_EXPENSE":null,"LOAN_DEPOSIT":null,"LOAN_EQUITY":null,"LOAN_ASSETS":null,"DEPOSIT_EQUITY":null,"DEPOSIT_ASSETS":null,"EQUITY_MULTIPLIER":2.662286019027,"EQUITY_RATIO":2.012210005938}],"count":79},"success":true,"message":"ok","code":0}