{"version":"cee0a9d559c747ead5de9849d3a0976e","result":{"pages":5,"data":[{"SECUCODE":"00311.HK","SECURITY_CODE":"00311","SECURITY_NAME_ABBR":"联泰控股","ORG_CODE":"10008820","STD_REPORT_DATE":"2024-06-30 00:00:00","REPORT_DATE":"2024-06-30 00:00:00","DATE_TYPE_CODE":"002","REPORT_TYPE":"2024年中报","PER_NETCASH_OPERATE":-0.076594415487,"PER_OI":2.098675957616,"BPS":1.252374516028,"BASIC_EPS":-0.06699192,"DILUTED_EPS":-0.06699192,"OPERATE_INCOME":2170267389.6,"OPERATE_INCOME_YOY":-10.4931485912,"GROSS_PROFIT":275244142.8,"GROSS_PROFIT_YOY":-19.219897477435,"HOLDER_PROFIT":-69329510.4,"HOLDER_PROFIT_YOY":-3525.3521126761,"GROSS_PROFIT_RATIO":12.682499129784,"EPS_TTM":-0.110176098742,"OPERATE_INCOME_QOQ":-5.839194160982,"NET_PROFIT_RATIO":-3.220785362,"ROE_AVG":-5.224630092108,"GROSS_PROFIT_QOQ":-9.705215474425,"ROA":-1.970499228248,"HOLDER_PROFIT_QOQ":-167.748148810749,"ROE_YEARLY":-10.449260184216,"ROIC_YEARLY":-4.301983498302,"TOTAL_ASSETS":3651537135.6,"TOTAL_LIABILITIES":2352015043.2,"TAX_EBT":-13.334874046684,"OCF_SALES":-3.649654212175,"TOTAL_PARENT_EQUITY":1295096349.6,"DEBT_ASSET_RATIO":64.411642436,"OPERATE_PROFIT":-18543933.6,"PRETAX_PROFIT":-61675327.2,"NETCASH_OPERATE":-79207255.2,"NETCASH_INVEST":1596403.2,"NETCASH_FINANCE":118575698.4,"END_CASH":578781681.6,"DIVI_RATIO":null,"DIVIDEND_RATE":null,"CURRENT_RATIO":1.088662933813,"COMMON_ACS":1500000000,"CURRENTDEBT_DEBT":92.321164521368,"ISSUED_COMMON_SHARES":1034112666,"HK_COMMON_SHARES":1034112666,"PER_SHARES":1000,"TOTAL_MARKET_CAP":175799153.22,"HKSK_MARKET_CAP":175799153.22,"PE_TTM":-1.404766167433,"PB_TTM":0.123889138669,"REPORT_DATE_SQ":"2023-06-30 00:00:00","REPORT_TYPE_SQ":"2023年中报","OPERATE_INCOME_SQ":2458376127.6,"DPS_HKD":null,"OPERATE_INCOME_QOQ_SQ":-10.82895070255,"NET_PROFIT_RATIO_SQ":0.0064663661,"HOLDER_PROFIT_SQ":2052127.2,"HOLDER_PROFIT_QOQ_SQ":-48.87341235631,"ROE_AVG_SQ":0.142724325954,"PE_TTM_SQ":4.635810348862,"PB_TTM_SQ":0.150241419354,"ROA_SQ":0.054376441981,"START_DATE":"2024-01-01 00:00:00","FISCAL_YEAR":"12-31","CURRENCY":"HKD","IS_CNY_CODE":0,"DPS_HKD_LY":null,"ORG_TYPE":"一般企业","PREMIUM_INCOME":null,"PREMIUM_INCOME_YOY":null,"NET_INTEREST_INCOME":null,"NET_INTEREST_INCOME_YOY":null,"FEE_COMMISSION_INCOME":null,"FEE_COMMISSION_INCOME_YOY":null,"ACCOUNTS_RECE_TDAYS":2.136681611833,"INVENTORY_TDAYS":3.17524062,"CURRENT_ASSETS_TDAYS":0.985080903427,"TOTAL_ASSETS_TDAYS":0.616838369639,"PREMIUM_EXPENSE":null,"LOAN_DEPOSIT":null,"LOAN_EQUITY":null,"LOAN_ASSETS":null,"DEPOSIT_EQUITY":null,"DEPOSIT_ASSETS":null,"EQUITY_MULTIPLIER":2.809907701421,"EQUITY_RATIO":1.816092713045},{"SECUCODE":"00311.HK","SECURITY_CODE":"00311","SECURITY_NAME_ABBR":"联泰控股","ORG_CODE":"10008820","STD_REPORT_DATE":"2023-12-31 00:00:00","REPORT_DATE":"2023-12-31 00:00:00","DATE_TYPE_CODE":"001","REPORT_TYPE":"2023年年报","PER_NETCASH_OPERATE":-0.00886953308,"PER_OI":4.7712882687,"BPS":1.305896628095,"BASIC_EPS":-0.0424962,"DILUTED_EPS":-0.0424962,"OPERATE_INCOME":4934049631.8,"OPERATE_INCOME_YOY":-18.8886210924,"GROSS_PROFIT":674775911.7,"GROSS_PROFIT_YOY":-22.69424648211,"HOLDER_PROFIT":-42552861.6,"HOLDER_PROFIT_YOY":-160.6195136717,"GROSS_PROFIT_RATIO":13.675904420399,"EPS_TTM":-0.041149154245,"OPERATE_INCOME_QOQ":-7.49598654358,"NET_PROFIT_RATIO":-0.8495135179,"ROE_AVG":-3.065994406908,"GROSS_PROFIT_QOQ":-7.307306725122,"ROA":-1.203576272239,"HOLDER_PROFIT_QOQ":-190.961272526028,"ROE_YEARLY":-3.065994406908,"ROIC_YEARLY":-1.331839226079,"TOTAL_ASSETS":3364261251.9,"TOTAL_LIABILITIES":2006606819.7,"TAX_EBT":-6.534653465347,"OCF_SALES":-0.185893884019,"TOTAL_PARENT_EQUITY":1350444243.6,"DEBT_ASSET_RATIO":59.6447977566,"OPERATE_PROFIT":44847656.4,"PRETAX_PROFIT":-39344398.5,"NETCASH_OPERATE":-9172096.5,"NETCASH_INVEST":-6431091.6,"NETCASH_FINANCE":-110830089.6,"END_CASH":536727006,"DIVI_RATIO":null,"DIVIDEND_RATE":null,"CURRENT_RATIO":1.134233367767,"COMMON_ACS":1500000000,"CURRENTDEBT_DEBT":89.180088312844,"ISSUED_COMMON_SHARES":1034112666,"HK_COMMON_SHARES":1034112666,"PER_SHARES":1000,"TOTAL_MARKET_CAP":193379068.542,"HKSK_MARKET_CAP":193379068.542,"PE_TTM":-1.545242784177,"PB_TTM":0.136278052536,"REPORT_DATE_SQ":"2022-12-31 00:00:00","REPORT_TYPE_SQ":"2022年年报","OPERATE_INCOME_SQ":5981623320.6,"DPS_HKD":null,"OPERATE_INCOME_QOQ_SQ":-0.63752059931,"NET_PROFIT_RATIO_SQ":1.4387659936,"HOLDER_PROFIT_SQ":69026150.6,"HOLDER_PROFIT_QOQ_SQ":-21.242384674154,"ROE_AVG_SQ":6.44119067405,"PE_TTM_SQ":4.635810348862,"PB_TTM_SQ":0.150241419354,"ROA_SQ":2.420956810484,"START_DATE":"2023-01-01 00:00:00","FISCAL_YEAR":"12-31","CURRENCY":"HKD","IS_CNY_CODE":0,"DPS_HKD_LY":0.021,"ORG_TYPE":"一般企业","PREMIUM_INCOME":null,"PREMIUM_INCOME_YOY":null,"NET_INTEREST_INCOME":null,"NET_INTEREST_INCOME_YOY":null,"FEE_COMMISSION_INCOME":null,"FEE_COMMISSION_INCOME_YOY":null,"ACCOUNTS_RECE_TDAYS":5.121179151658,"INVENTORY_TDAYS":8.422568943543,"CURRENT_ASSETS_TDAYS":2.309407741741,"TOTAL_ASSETS_TDAYS":1.395559508713,"PREMIUM_EXPENSE":null,"LOAN_DEPOSIT":null,"LOAN_EQUITY":null,"LOAN_ASSETS":null,"DEPOSIT_EQUITY":null,"DEPOSIT_ASSETS":null,"EQUITY_MULTIPLIER":2.477995263085,"EQUITY_RATIO":1.485886462332},{"SECUCODE":"00311.HK","SECURITY_CODE":"00311","SECURITY_NAME_ABBR":"联泰控股","ORG_CODE":"10008820","STD_REPORT_DATE":"2023-06-30 00:00:00","REPORT_DATE":"2023-06-30 00:00:00","DATE_TYPE_CODE":"002","REPORT_TYPE":"2023年中报","PER_NETCASH_OPERATE":-0.075107990409,"PER_OI":2.377280743605,"BPS":1.374611082077,"BASIC_EPS":0.00216774,"DILUTED_EPS":0.00216774,"OPERATE_INCOME":2458376127.6,"OPERATE_INCOME_YOY":-26.4882360694,"GROSS_PROFIT":340732599,"GROSS_PROFIT_YOY":-32.734606592931,"HOLDER_PROFIT":2052127.2,"HOLDER_PROFIT_YOY":-95.9248098723,"GROSS_PROFIT_RATIO":13.860067838059,"EPS_TTM":0.045238103099,"OPERATE_INCOME_QOQ":-10.82895070255,"NET_PROFIT_RATIO":0.0064663661,"ROE_AVG":0.142724325954,"GROSS_PROFIT_QOQ":-18.55216507839,"ROA":0.054376441981,"HOLDER_PROFIT_QOQ":-48.87341235631,"ROE_YEARLY":0.285448651908,"ROIC_YEARLY":0.13017162946,"TOTAL_ASSETS":3766151992.2,"TOTAL_LIABILITIES":2338037654.4,"TAX_EBT":95.728155339806,"OCF_SALES":-3.159407680867,"TOTAL_PARENT_EQUITY":1421502730.8,"DEBT_ASSET_RATIO":62.0802787366,"OPERATE_PROFIT":43788348,"PRETAX_PROFIT":3721287,"NETCASH_OPERATE":-77670124.2,"NETCASH_INVEST":-10217281.2,"NETCASH_FINANCE":-36418032,"END_CASH":547946865.6,"DIVI_RATIO":null,"DIVIDEND_RATE":null,"CURRENT_RATIO":1.114470872113,"COMMON_ACS":1500000000,"CURRENTDEBT_DEBT":89.656579142561,"ISSUED_COMMON_SHARES":1034112666,"HK_COMMON_SHARES":1034112666,"PER_SHARES":1000,"TOTAL_MARKET_CAP":193379068.542,"HKSK_MARKET_CAP":193379068.542,"PE_TTM":-1.545242784177,"PB_TTM":0.136278052536,"REPORT_DATE_SQ":"2022-06-30 00:00:00","REPORT_TYPE_SQ":"2022年中报","OPERATE_INCOME_SQ":3106123168.2,"DPS_HKD":null,"OPERATE_INCOME_QOQ_SQ":18.670230941411,"NET_PROFIT_RATIO_SQ":1.5533271537,"HOLDER_PROFIT_SQ":46771746.6,"HOLDER_PROFIT_QOQ_SQ":62.772452319259,"ROE_AVG_SQ":3.748822017298,"PE_TTM_SQ":4.635810348862,"PB_TTM_SQ":0.150241419354,"ROA_SQ":1.267883320693,"START_DATE":"2023-01-01 00:00:00","FISCAL_YEAR":"12-31","CURRENCY":"HKD","IS_CNY_CODE":0,"DPS_HKD_LY":0.021,"ORG_TYPE":"一般企业","PREMIUM_INCOME":null,"PREMIUM_INCOME_YOY":null,"NET_INTEREST_INCOME":null,"NET_INTEREST_INCOME_YOY":null,"FEE_COMMISSION_INCOME":null,"FEE_COMMISSION_INCOME_YOY":null,"ACCOUNTS_RECE_TDAYS":2.414951572776,"INVENTORY_TDAYS":3.451562564408,"CURRENT_ASSETS_TDAYS":1.063132287665,"TOTAL_ASSETS_TDAYS":0.651410628297,"PREMIUM_EXPENSE":null,"LOAN_DEPOSIT":null,"LOAN_EQUITY":null,"LOAN_ASSETS":null,"DEPOSIT_EQUITY":null,"DEPOSIT_ASSETS":null,"EQUITY_MULTIPLIER":2.637150186452,"EQUITY_RATIO":1.644764799772},{"SECUCODE":"00311.HK","SECURITY_CODE":"00311","SECURITY_NAME_ABBR":"联泰控股","ORG_CODE":"10008820","STD_REPORT_DATE":"2022-12-31 00:00:00","REPORT_DATE":"2022-12-31 00:00:00","DATE_TYPE_CODE":"001","REPORT_TYPE":"2022年年报","PER_NETCASH_OPERATE":0.136434714938,"PER_OI":5.784305247645,"BPS":1.390565944195,"BASIC_EPS":0.069646,"DILUTED_EPS":0.069646,"OPERATE_INCOME":5981623320.6,"OPERATE_INCOME_YOY":7.9433526171,"GROSS_PROFIT":872866353.4,"GROSS_PROFIT_YOY":10.725291621461,"HOLDER_PROFIT":69026150.6,"HOLDER_PROFIT_YOY":17.3559624833,"GROSS_PROFIT_RATIO":14.942231630031,"EPS_TTM":0.088482539484,"OPERATE_INCOME_QOQ":-0.63752059931,"NET_PROFIT_RATIO":1.4387659936,"ROE_AVG":6.44119067405,"GROSS_PROFIT_QOQ":-8.767985083386,"ROA":2.420956810484,"HOLDER_PROFIT_QOQ":-21.242384674154,"ROE_YEARLY":6.44119067405,"ROIC_YEARLY":2.956774779418,"TOTAL_ASSETS":3615212426.4,"TOTAL_LIABILITIES":2205431129.8,"TAX_EBT":11.470958983807,"OCF_SALES":2.358705308542,"TOTAL_PARENT_EQUITY":1401583962.4,"DEBT_ASSET_RATIO":60.323753585,"OPERATE_PROFIT":132787063.6,"PRETAX_PROFIT":71825919.8,"NETCASH_OPERATE":153012262,"NETCASH_INVEST":-71233928.8,"NETCASH_FINANCE":-101822452,"END_CASH":654338099.2,"DIVI_RATIO":null,"DIVIDEND_RATE":null,"CURRENT_RATIO":1.135034115994,"COMMON_ACS":1500000000,"CURRENTDEBT_DEBT":88.422076466149,"ISSUED_COMMON_SHARES":1034112666,"HK_COMMON_SHARES":1034112666,"PER_SHARES":1000,"TOTAL_MARKET_CAP":193379068.542,"HKSK_MARKET_CAP":193379068.542,"PE_TTM":-1.545242784177,"PB_TTM":0.136278052536,"REPORT_DATE_SQ":"2021-12-31 00:00:00","REPORT_TYPE_SQ":"2021年年报","OPERATE_INCOME_SQ":5072883086.3,"DPS_HKD":null,"OPERATE_INCOME_QOQ_SQ":16.328436272273,"NET_PROFIT_RATIO_SQ":1.4043704652,"HOLDER_PROFIT_SQ":71375961.5,"HOLDER_PROFIT_QOQ_SQ":260.76932556013,"ROE_AVG_SQ":5.777050736903,"PE_TTM_SQ":4.635810348862,"PB_TTM_SQ":0.150241419354,"ROA_SQ":2.034324570625,"START_DATE":"2022-01-01 00:00:00","FISCAL_YEAR":"12-31","CURRENCY":"HKD","IS_CNY_CODE":0,"DPS_HKD_LY":0.0425,"ORG_TYPE":"一般企业","PREMIUM_INCOME":null,"PREMIUM_INCOME_YOY":null,"NET_INTEREST_INCOME":null,"NET_INTEREST_INCOME_YOY":null,"FEE_COMMISSION_INCOME":null,"FEE_COMMISSION_INCOME_YOY":null,"ACCOUNTS_RECE_TDAYS":5.67165135161,"INVENTORY_TDAYS":9.727273937764,"CURRENT_ASSETS_TDAYS":2.583771051064,"TOTAL_ASSETS_TDAYS":1.582634637852,"PREMIUM_EXPENSE":null,"LOAN_DEPOSIT":null,"LOAN_EQUITY":null,"LOAN_ASSETS":null,"DEPOSIT_EQUITY":null,"DEPOSIT_ASSETS":null,"EQUITY_MULTIPLIER":2.520399711052,"EQUITY_RATIO":1.573527657967},{"SECUCODE":"00311.HK","SECURITY_CODE":"00311","SECURITY_NAME_ABBR":"联泰控股","ORG_CODE":"10008820","STD_REPORT_DATE":"2022-06-30 00:00:00","REPORT_DATE":"2022-06-30 00:00:00","DATE_TYPE_CODE":"002","REPORT_TYPE":"2022年中报","PER_NETCASH_OPERATE":-0.125153324058,"PER_OI":3.003660307358,"BPS":1.323247834584,"BASIC_EPS":0.04496638,"DILUTED_EPS":0.04496638,"OPERATE_INCOME":3106123168.2,"OPERATE_INCOME_YOY":38.4813558105,"GROSS_PROFIT":506549626.4,"GROSS_PROFIT_YOY":58.693491433074,"HOLDER_PROFIT":46771746.6,"HOLDER_PROFIT_YOY":693.1106471816,"GROSS_PROFIT_RATIO":16.437524442918,"EPS_TTM":0.112347915967,"OPERATE_INCOME_QOQ":18.670230941411,"NET_PROFIT_RATIO":1.5533271537,"ROE_AVG":3.748822017298,"GROSS_PROFIT_QOQ":24.275734453009,"ROA":1.267883320693,"HOLDER_PROFIT_QOQ":62.772452319259,"ROE_YEARLY":7.497644034597,"ROIC_YEARLY":3.046114680324,"TOTAL_ASSETS":4272061133.2,"TOTAL_LIABILITIES":2893297962.8,"TAX_EBT":16.058861164427,"OCF_SALES":-4.166693675415,"TOTAL_PARENT_EQUITY":1368387346,"DEBT_ASSET_RATIO":67.7260430642,"OPERATE_PROFIT":84583774.2,"PRETAX_PROFIT":52449591,"NETCASH_OPERATE":-129422637.6,"NETCASH_INVEST":-35127467.6,"NETCASH_FINANCE":162348766,"END_CASH":655710491.4,"DIVI_RATIO":null,"DIVIDEND_RATE":null,"CURRENT_RATIO":1.099630682038,"COMMON_ACS":1500000000,"CURRENTDEBT_DEBT":89.879193323158,"ISSUED_COMMON_SHARES":1034112666,"HK_COMMON_SHARES":1034112666,"PER_SHARES":1000,"TOTAL_MARKET_CAP":193379068.542,"HKSK_MARKET_CAP":193379068.542,"PE_TTM":-1.545242784177,"PB_TTM":0.136278052536,"REPORT_DATE_SQ":"2021-06-30 00:00:00","REPORT_TYPE_SQ":"2021年中报","OPERATE_INCOME_SQ":2159004180.6,"DPS_HKD":null,"OPERATE_INCOME_QOQ_SQ":-4.157667100552,"NET_PROFIT_RATIO_SQ":0.2833581683,"HOLDER_PROFIT_SQ":6188775.8,"HOLDER_PROFIT_QOQ_SQ":75.723682274686,"ROE_AVG_SQ":0.511354689598,"PE_TTM_SQ":4.635810348862,"PB_TTM_SQ":0.150241419354,"ROA_SQ":0.173422856698,"START_DATE":"2022-01-01 00:00:00","FISCAL_YEAR":"12-31","CURRENCY":"HKD","IS_CNY_CODE":0,"DPS_HKD_LY":0.0425,"ORG_TYPE":"一般企业","PREMIUM_INCOME":null,"PREMIUM_INCOME_YOY":null,"NET_INTEREST_INCOME":null,"NET_INTEREST_INCOME_YOY":null,"FEE_COMMISSION_INCOME":null,"FEE_COMMISSION_INCOME_YOY":null,"ACCOUNTS_RECE_TDAYS":2.381662536955,"INVENTORY_TDAYS":4.293606297115,"CURRENT_ASSETS_TDAYS":1.195655150499,"TOTAL_ASSETS_TDAYS":0.772299135693,"PREMIUM_EXPENSE":null,"LOAN_DEPOSIT":null,"LOAN_EQUITY":null,"LOAN_ASSETS":null,"DEPOSIT_EQUITY":null,"DEPOSIT_ASSETS":null,"EQUITY_MULTIPLIER":3.098473490527,"EQUITY_RATIO":2.11438520771},{"SECUCODE":"00311.HK","SECURITY_CODE":"00311","SECURITY_NAME_ABBR":"联泰控股","ORG_CODE":"10008820","STD_REPORT_DATE":"2021-12-31 00:00:00","REPORT_DATE":"2021-12-31 00:00:00","DATE_TYPE_CODE":"001","REPORT_TYPE":"2021年年报","PER_NETCASH_OPERATE":0.348134480929,"PER_OI":4.905541971478,"BPS":1.242102593877,"BASIC_EPS":0.0701327,"DILUTED_EPS":0.0701327,"OPERATE_INCOME":5072883086.3,"OPERATE_INCOME_YOY":14.100948046,"GROSS_PROFIT":788317050.8,"GROSS_PROFIT_YOY":45.390653545388,"HOLDER_PROFIT":71375961.5,"HOLDER_PROFIT_YOY":139.9422006565,"GROSS_PROFIT_RATIO":15.53982296436,"EPS_TTM":0.069021455637,"OPERATE_INCOME_QOQ":16.328436272273,"NET_PROFIT_RATIO":1.4043704652,"ROE_AVG":5.777050736903,"GROSS_PROFIT_QOQ":32.243785271764,"ROA":2.034324570625,"HOLDER_PROFIT_QOQ":260.76932556013,"ROE_YEARLY":5.777050736903,"ROIC_YEARLY":2.406577189432,"TOTAL_ASSETS":3583111521.5,"TOTAL_LIABILITIES":2283291186.8,"TAX_EBT":23.877648341168,"OCF_SALES":7.09675878737,"TOTAL_PARENT_EQUITY":1284474024.8,"DEBT_ASSET_RATIO":63.7236986094,"OPERATE_PROFIT":139462061.8,"PRETAX_PROFIT":93588900.3,"NETCASH_OPERATE":360010276.2,"NETCASH_INVEST":-47753993,"NETCASH_FINANCE":-100219628.3,"END_CASH":632137903.6,"DIVI_RATIO":null,"DIVIDEND_RATE":null,"CURRENT_RATIO":1.114693148193,"COMMON_ACS":1500000000,"CURRENTDEBT_DEBT":87.195496531928,"ISSUED_COMMON_SHARES":1034112666,"HK_COMMON_SHARES":1034112666,"PER_SHARES":1000,"TOTAL_MARKET_CAP":193379068.542,"HKSK_MARKET_CAP":193379068.542,"PE_TTM":-1.545242784177,"PB_TTM":0.136278052536,"REPORT_DATE_SQ":"2020-12-31 00:00:00","REPORT_TYPE_SQ":"2020年年报","OPERATE_INCOME_SQ":4550001992.1,"DPS_HKD":null,"OPERATE_INCOME_QOQ_SQ":-23.38952286055,"NET_PROFIT_RATIO_SQ":-4.0887443373,"HOLDER_PROFIT_SQ":-182879897.2,"HOLDER_PROFIT_QOQ_SQ":-9429.60111603949,"ROE_AVG_SQ":-13.847928714887,"PE_TTM_SQ":4.635810348862,"PB_TTM_SQ":0.150241419354,"ROA_SQ":-5.087928694934,"START_DATE":"2021-01-01 00:00:00","FISCAL_YEAR":"12-31","CURRENCY":"HKD","IS_CNY_CODE":0,"DPS_HKD_LY":null,"ORG_TYPE":"一般企业","PREMIUM_INCOME":null,"PREMIUM_INCOME_YOY":null,"NET_INTEREST_INCOME":null,"NET_INTEREST_INCOME_YOY":null,"FEE_COMMISSION_INCOME":null,"FEE_COMMISSION_INCOME_YOY":null,"ACCOUNTS_RECE_TDAYS":4.626327877431,"INVENTORY_TDAYS":9.323699983351,"CURRENT_ASSETS_TDAYS":2.399179225541,"TOTAL_ASSETS_TDAYS":1.445849623527,"PREMIUM_EXPENSE":null,"LOAN_DEPOSIT":null,"LOAN_EQUITY":null,"LOAN_ASSETS":null,"DEPOSIT_EQUITY":null,"DEPOSIT_ASSETS":null,"EQUITY_MULTIPLIER":2.756620608128,"EQUITY_RATIO":1.777607910098},{"SECUCODE":"00311.HK","SECURITY_CODE":"00311","SECURITY_NAME_ABBR":"联泰控股","ORG_CODE":"10008820","STD_REPORT_DATE":"2021-06-30 00:00:00","REPORT_DATE":"2021-06-30 00:00:00","DATE_TYPE_CODE":"002","REPORT_TYPE":"2021年中报","PER_NETCASH_OPERATE":0.121535350675,"PER_OI":2.087784292355,"BPS":1.178102656273,"BASIC_EPS":0.00581409,"DILUTED_EPS":0.00581409,"OPERATE_INCOME":2159004180.6,"OPERATE_INCOME_YOY":0.7594509281,"GROSS_PROFIT":319200001.1,"GROSS_PROFIT_YOY":20.317900661614,"HOLDER_PROFIT":6188775.8,"HOLDER_PROFIT_YOY":105.1265585701,"GROSS_PROFIT_RATIO":14.784593933083,"EPS_TTM":-0.042931980586,"OPERATE_INCOME_QOQ":-4.157667100552,"NET_PROFIT_RATIO":0.2833581683,"ROE_AVG":0.511354689598,"GROSS_PROFIT_QOQ":9.941388358331,"ROA":0.173422856698,"HOLDER_PROFIT_QOQ":75.723682274686,"ROE_YEARLY":1.022709379195,"ROIC_YEARLY":0.398838455854,"TOTAL_ASSETS":3657695699.8,"TOTAL_LIABILITIES":2423390233.2,"TAX_EBT":60.558100791337,"OCF_SALES":5.821259941473,"TOTAL_PARENT_EQUITY":1218290878.7,"DEBT_ASSET_RATIO":66.2545611253,"OPERATE_PROFIT":35033122.3,"PRETAX_PROFIT":15510700.1,"NETCASH_OPERATE":119653972.2,"NETCASH_INVEST":-26279686.8,"NETCASH_FINANCE":-49045079.2,"END_CASH":470663505.7,"DIVI_RATIO":null,"DIVIDEND_RATE":null,"CURRENT_RATIO":1.090666115808,"COMMON_ACS":1500000000,"CURRENTDEBT_DEBT":83.879807641044,"ISSUED_COMMON_SHARES":1034112666,"HK_COMMON_SHARES":1034112666,"PER_SHARES":1000,"TOTAL_MARKET_CAP":193379068.542,"HKSK_MARKET_CAP":193379068.542,"PE_TTM":-1.545242784177,"PB_TTM":0.136278052536,"REPORT_DATE_SQ":"2020-06-30 00:00:00","REPORT_TYPE_SQ":"2020年中报","OPERATE_INCOME_SQ":2348178116.5,"DPS_HKD":null,"OPERATE_INCOME_QOQ_SQ":-12.213599302713,"NET_PROFIT_RATIO_SQ":-5.7478888229,"HOLDER_PROFIT_SQ":-132294616.5,"HOLDER_PROFIT_QOQ_SQ":-101.093138999526,"ROE_AVG_SQ":-8.924217931054,"PE_TTM_SQ":4.635810348862,"PB_TTM_SQ":0.150241419354,"ROA_SQ":-3.421957146336,"START_DATE":"2021-01-01 00:00:00","FISCAL_YEAR":"12-31","CURRENCY":"HKD","IS_CNY_CODE":0,"DPS_HKD_LY":null,"ORG_TYPE":"一般企业","PREMIUM_INCOME":null,"PREMIUM_INCOME_YOY":null,"NET_INTEREST_INCOME":null,"NET_INTEREST_INCOME_YOY":null,"FEE_COMMISSION_INCOME":null,"FEE_COMMISSION_INCOME_YOY":null,"ACCOUNTS_RECE_TDAYS":2.000143634307,"INVENTORY_TDAYS":3.275783734666,"CURRENT_ASSETS_TDAYS":1.015234316856,"TOTAL_ASSETS_TDAYS":0.604999574589,"PREMIUM_EXPENSE":null,"LOAN_DEPOSIT":null,"LOAN_EQUITY":null,"LOAN_ASSETS":null,"DEPOSIT_EQUITY":null,"DEPOSIT_ASSETS":null,"EQUITY_MULTIPLIER":2.963363445096,"EQUITY_RATIO":1.989172106243},{"SECUCODE":"00311.HK","SECURITY_CODE":"00311","SECURITY_NAME_ABBR":"联泰控股","ORG_CODE":"10008820","STD_REPORT_DATE":"2020-12-31 00:00:00","REPORT_DATE":"2020-12-31 00:00:00","DATE_TYPE_CODE":"001","REPORT_TYPE":"2020年年报","PER_NETCASH_OPERATE":0.113472937193,"PER_OI":4.399909353881,"BPS":1.174253086269,"BASIC_EPS":-0.1761723,"DILUTED_EPS":-0.1761723,"OPERATE_INCOME":4550001992.1,"OPERATE_INCOME_YOY":-28.0947711306,"GROSS_PROFIT":542206140.2,"GROSS_PROFIT_YOY":-45.332989318598,"HOLDER_PROFIT":-182879897.2,"HOLDER_PROFIT_YOY":-211.3769123783,"GROSS_PROFIT_RATIO":11.916613248553,"EPS_TTM":-0.176847168798,"OPERATE_INCOME_QOQ":-23.38952286055,"NET_PROFIT_RATIO":-4.0887443373,"ROE_AVG":-13.847928714887,"GROSS_PROFIT_QOQ":-32.624165574434,"ROA":-5.087928694934,"HOLDER_PROFIT_QOQ":-9429.60111603949,"ROE_YEARLY":-13.847928714887,"ROIC_YEARLY":-5.900022945001,"TOTAL_ASSETS":3514415538.4,"TOTAL_LIABILITIES":2283858547.8,"TAX_EBT":-3.296862546192,"OCF_SALES":2.578983521408,"TOTAL_PARENT_EQUITY":1214309989.6,"DEBT_ASSET_RATIO":64.9854441754,"OPERATE_PROFIT":-139867756.4,"PRETAX_PROFIT":-180100289.8,"NETCASH_OPERATE":117343801.6,"NETCASH_INVEST":-173262194.6,"NETCASH_FINANCE":-65888440.2,"END_CASH":429481967.8,"DIVI_RATIO":null,"DIVIDEND_RATE":null,"CURRENT_RATIO":1.105195797919,"COMMON_ACS":1500000000,"CURRENTDEBT_DEBT":81.478307077841,"ISSUED_COMMON_SHARES":1034112666,"HK_COMMON_SHARES":1034112666,"PER_SHARES":1000,"TOTAL_MARKET_CAP":193379068.542,"HKSK_MARKET_CAP":193379068.542,"PE_TTM":-1.545242784177,"PB_TTM":0.136278052536,"REPORT_DATE_SQ":"2019-12-31 00:00:00","REPORT_TYPE_SQ":"2019年年报","OPERATE_INCOME_SQ":6765442021.8,"DPS_HKD":null,"OPERATE_INCOME_QOQ_SQ":3.876108798593,"NET_PROFIT_RATIO_SQ":2.5948943533,"HOLDER_PROFIT_SQ":175556073,"HOLDER_PROFIT_QOQ_SQ":20.904011582362,"ROE_AVG_SQ":11.907353080345,"PE_TTM_SQ":4.635810348862,"PB_TTM_SQ":0.150241419354,"ROA_SQ":4.645290148348,"START_DATE":"2020-01-01 00:00:00","FISCAL_YEAR":"12-31","CURRENCY":"HKD","IS_CNY_CODE":0,"DPS_HKD_LY":null,"ORG_TYPE":"一般企业","PREMIUM_INCOME":null,"PREMIUM_INCOME_YOY":null,"NET_INTEREST_INCOME":null,"NET_INTEREST_INCOME_YOY":null,"FEE_COMMISSION_INCOME":null,"FEE_COMMISSION_INCOME_YOY":null,"ACCOUNTS_RECE_TDAYS":4.22359981345,"INVENTORY_TDAYS":7.165926816037,"CURRENT_ASSETS_TDAYS":2.109464972026,"TOTAL_ASSETS_TDAYS":1.265862790392,"PREMIUM_EXPENSE":null,"LOAN_DEPOSIT":null,"LOAN_EQUITY":null,"LOAN_ASSETS":null,"DEPOSIT_EQUITY":null,"DEPOSIT_ASSETS":null,"EQUITY_MULTIPLIER":2.85595512052,"EQUITY_RATIO":1.88078708679},{"SECUCODE":"00311.HK","SECURITY_CODE":"00311","SECURITY_NAME_ABBR":"联泰控股","ORG_CODE":"10008820","STD_REPORT_DATE":"2020-06-30 00:00:00","REPORT_DATE":"2020-06-30 00:00:00","DATE_TYPE_CODE":"002","REPORT_TYPE":"2020年中报","PER_NETCASH_OPERATE":0.162619072882,"PER_OI":2.270717876015,"BPS":1.369877767264,"BASIC_EPS":-0.12813895,"DILUTED_EPS":-0.12813895,"OPERATE_INCOME":2348178116.5,"OPERATE_INCOME_YOY":-28.1694289062,"GROSS_PROFIT":265297183,"GROSS_PROFIT_YOY":-41.355593722508,"HOLDER_PROFIT":-132294616.5,"HOLDER_PROFIT_YOY":-384.3426658551,"GROSS_PROFIT_RATIO":11.29800082608,"EPS_TTM":-0.001855766749,"OPERATE_INCOME_QOQ":-12.213599302713,"NET_PROFIT_RATIO":-5.7478888229,"ROE_AVG":-8.924217931054,"GROSS_PROFIT_QOQ":-18.862584563912,"ROA":-3.421957146336,"HOLDER_PROFIT_QOQ":-101.093138999526,"ROE_YEARLY":-17.848435862109,"ROIC_YEARLY":-7.975467977773,"TOTAL_ASSETS":3745430713.5,"TOTAL_LIABILITIES":2310947026,"TAX_EBT":-3.199090613836,"OCF_SALES":7.161570999165,"TOTAL_PARENT_EQUITY":1416607950,"DEBT_ASSET_RATIO":61.70043455,"OPERATE_PROFIT":-106935847.5,"PRETAX_PROFIT":-130786683,"NETCASH_OPERATE":168166443,"NETCASH_INVEST":-128393812,"NETCASH_FINANCE":-133604324,"END_CASH":491841183,"DIVI_RATIO":null,"DIVIDEND_RATE":null,"CURRENT_RATIO":1.170709494848,"COMMON_ACS":1500000000,"CURRENTDEBT_DEBT":78.376854926661,"ISSUED_COMMON_SHARES":1034112666,"HK_COMMON_SHARES":1034112666,"PER_SHARES":1000,"TOTAL_MARKET_CAP":193379068.542,"HKSK_MARKET_CAP":193379068.542,"PE_TTM":-1.545242784177,"PB_TTM":0.136278052536,"REPORT_DATE_SQ":"2019-06-30 00:00:00","REPORT_TYPE_SQ":"2019年中报","OPERATE_INCOME_SQ":3174482096.1,"DPS_HKD":null,"OPERATE_INCOME_QOQ_SQ":11.512689169465,"NET_PROFIT_RATIO_SQ":1.4197759457,"HOLDER_PROFIT_SQ":45180528.4,"HOLDER_PROFIT_QOQ_SQ":-9.210284194891,"ROE_AVG_SQ":3.214095741421,"PE_TTM_SQ":4.635810348862,"PB_TTM_SQ":0.150241419354,"ROA_SQ":1.22960927646,"START_DATE":"2020-01-01 00:00:00","FISCAL_YEAR":"12-31","CURRENCY":"HKD","IS_CNY_CODE":0,"DPS_HKD_LY":null,"ORG_TYPE":"一般企业","PREMIUM_INCOME":null,"PREMIUM_INCOME_YOY":null,"NET_INTEREST_INCOME":null,"NET_INTEREST_INCOME_YOY":null,"FEE_COMMISSION_INCOME":null,"FEE_COMMISSION_INCOME_YOY":null,"ACCOUNTS_RECE_TDAYS":2.35047301846,"INVENTORY_TDAYS":2.93539327244,"CURRENT_ASSETS_TDAYS":1.027739519636,"TOTAL_ASSETS_TDAYS":0.607384117299,"PREMIUM_EXPENSE":null,"LOAN_DEPOSIT":null,"LOAN_EQUITY":null,"LOAN_ASSETS":null,"DEPOSIT_EQUITY":null,"DEPOSIT_ASSETS":null,"EQUITY_MULTIPLIER":2.610995681676,"EQUITY_RATIO":1.631324337831}],"count":43},"success":true,"message":"ok","code":0}