{"version":"715b9f6e8478640583f50b4d082be09f","result":{"pages":5,"data":[{"SECUCODE":"00329.HK","SECURITY_CODE":"00329","SECURITY_NAME_ABBR":"东建国际","ORG_CODE":"10008831","STD_REPORT_DATE":"2024-06-30 00:00:00","REPORT_DATE":"2024-06-30 00:00:00","DATE_TYPE_CODE":"002","REPORT_TYPE":"2024年中报","PER_NETCASH_OPERATE":0.012584304535,"PER_OI":0.018733750704,"BPS":0.164775946699,"BASIC_EPS":-0.0098934512,"DILUTED_EPS":-0.0098934512,"OPERATE_INCOME":28095941.12,"OPERATE_INCOME_YOY":-21.111168059,"GROSS_PROFIT":-2214161.68,"GROSS_PROFIT_YOY":-107.410296748518,"HOLDER_PROFIT":-14831962.68,"HOLDER_PROFIT_YOY":-23798.5294117647,"GROSS_PROFIT_RATIO":-7.880717255717,"EPS_TTM":-0.017774338004,"OPERATE_INCOME_QOQ":-9.71231562102,"NET_PROFIT_RATIO":-52.0075363825,"ROE_AVG":-5.824710305698,"GROSS_PROFIT_QOQ":-63.718781436064,"ROA":-5.25619546022,"HOLDER_PROFIT_QOQ":-124.238930197609,"ROE_YEARLY":-11.649420611396,"ROIC_YEARLY":-16.072633944798,"TOTAL_ASSETS":269037985.04,"TOTAL_LIABILITIES":28411728.4,"TAX_EBT":null,"OCF_SALES":67.174506237006,"TOTAL_PARENT_EQUITY":247122712.88,"DEBT_ASSET_RATIO":10.5604895888,"OPERATE_PROFIT":-14924143.36,"PRETAX_PROFIT":-14612006.8,"NETCASH_OPERATE":18873309.72,"NETCASH_INVEST":-14691409.96,"NETCASH_FINANCE":-1621832.36,"END_CASH":84471272.04,"DIVI_RATIO":null,"DIVIDEND_RATE":null,"CURRENT_RATIO":10.27615780446,"COMMON_ACS":100000000000,"CURRENTDEBT_DEBT":86.148409893993,"ISSUED_COMMON_SHARES":1499749920,"HK_COMMON_SHARES":1499749920,"PER_SHARES":4000,"TOTAL_MARKET_CAP":524912472,"HKSK_MARKET_CAP":524912472,"PE_TTM":-17.914490017406,"PB_TTM":1.938620328993,"REPORT_DATE_SQ":"2023-06-30 00:00:00","REPORT_TYPE_SQ":"2023年中报","OPERATE_INCOME_SQ":35977503.56,"DPS_HKD":null,"OPERATE_INCOME_QOQ_SQ":101.199762039953,"NET_PROFIT_RATIO_SQ":-1.4889036954,"HOLDER_PROFIT_SQ":-62694.64,"HOLDER_PROFIT_QOQ_SQ":62.688709793479,"ROE_AVG_SQ":-0.022635957218,"PE_TTM_SQ":-22.385183849363,"PB_TTM_SQ":1.948681068655,"ROA_SQ":-0.016857720836,"START_DATE":"2024-01-01 00:00:00","FISCAL_YEAR":"12-31","CURRENCY":"HKD","IS_CNY_CODE":0,"DPS_HKD_LY":null,"ORG_TYPE":"一般企业","PREMIUM_INCOME":null,"PREMIUM_INCOME_YOY":null,"NET_INTEREST_INCOME":null,"NET_INTEREST_INCOME_YOY":null,"FEE_COMMISSION_INCOME":null,"FEE_COMMISSION_INCOME_YOY":null,"ACCOUNTS_RECE_TDAYS":0.803046903532,"INVENTORY_TDAYS":4.746998284734,"CURRENT_ASSETS_TDAYS":0.106782477184,"TOTAL_ASSETS_TDAYS":0.099567239584,"PREMIUM_EXPENSE":null,"LOAN_DEPOSIT":null,"LOAN_EQUITY":null,"LOAN_ASSETS":null,"DEPOSIT_EQUITY":null,"DEPOSIT_ASSETS":null,"EQUITY_MULTIPLIER":1.118074098799,"EQUITY_RATIO":0.114970121803},{"SECUCODE":"00329.HK","SECURITY_CODE":"00329","SECURITY_NAME_ABBR":"东建国际","ORG_CODE":"10008831","STD_REPORT_DATE":"2023-12-31 00:00:00","REPORT_DATE":"2023-12-31 00:00:00","DATE_TYPE_CODE":"001","REPORT_TYPE":"2023年年报","PER_NETCASH_OPERATE":-0.012103679805,"PER_OI":0.054109146784,"BPS":0.173561608138,"BASIC_EPS":-0.007884114,"DILUTED_EPS":-0.007884114,"OPERATE_INCOME":81150188.56,"OPERATE_INCOME_YOY":192.2108011095,"GROSS_PROFIT":50367707.6,"GROSS_PROFIT_YOY":1271.28707388238,"HOLDER_PROFIT":-11887793.96,"HOLDER_PROFIT_YOY":82.6729011465,"GROSS_PROFIT_RATIO":62.067271184169,"EPS_TTM":-0.007926517482,"OPERATE_INCOME_QOQ":47.339671137496,"NET_PROFIT_RATIO":-14.7831330683,"ROE_AVG":-4.462686491001,"GROSS_PROFIT_QOQ":50.389327199229,"ROA":-3.53995196589,"HOLDER_PROFIT_QOQ":52.887464236986,"ROE_YEARLY":-4.462686491001,"ROIC_YEARLY":-6.245878496285,"TOTAL_ASSETS":293232855.16,"TOTAL_LIABILITIES":39506660.9,"TAX_EBT":0.075483091787,"OCF_SALES":-22.36900879975,"TOTAL_PARENT_EQUITY":260299007.92,"DEBT_ASSET_RATIO":13.472794813,"OPERATE_PROFIT":-9570589.42,"PRETAX_PROFIT":-12005602.56,"NETCASH_OPERATE":-18152492.82,"NETCASH_INVEST":-13496334.46,"NETCASH_FINANCE":-95832765,"END_CASH":81512676.56,"DIVI_RATIO":null,"DIVIDEND_RATE":null,"CURRENT_RATIO":7.997767975767,"COMMON_ACS":100000000000,"CURRENTDEBT_DEBT":86.326413579539,"ISSUED_COMMON_SHARES":1499749920,"HK_COMMON_SHARES":1499749920,"PER_SHARES":4000,"TOTAL_MARKET_CAP":427428727.2,"HKSK_MARKET_CAP":427428727.2,"PE_TTM":-14.587513299887,"PB_TTM":1.578590839323,"REPORT_DATE_SQ":"2022-12-31 00:00:00","REPORT_TYPE_SQ":"2022年年报","OPERATE_INCOME_SQ":27374259.15,"DPS_HKD":null,"OPERATE_INCOME_QOQ_SQ":221.358678363796,"NET_PROFIT_RATIO_SQ":-255.2161853483,"HOLDER_PROFIT_SQ":-67627685.16,"HOLDER_PROFIT_QOQ_SQ":53.456077610111,"ROE_AVG_SQ":-22.483495531989,"PE_TTM_SQ":-14.349476826515,"PB_TTM_SQ":1.249154531189,"ROA_SQ":-15.735930353522,"START_DATE":"2023-01-01 00:00:00","FISCAL_YEAR":"12-31","CURRENCY":"HKD","IS_CNY_CODE":0,"DPS_HKD_LY":null,"ORG_TYPE":"一般企业","PREMIUM_INCOME":null,"PREMIUM_INCOME_YOY":null,"NET_INTEREST_INCOME":null,"NET_INTEREST_INCOME_YOY":null,"FEE_COMMISSION_INCOME":null,"FEE_COMMISSION_INCOME_YOY":null,"ACCOUNTS_RECE_TDAYS":3.385237690199,"INVENTORY_TDAYS":5.23591522158,"CURRENT_ASSETS_TDAYS":0.259558291776,"TOTAL_ASSETS_TDAYS":0.241649351,"PREMIUM_EXPENSE":null,"LOAN_DEPOSIT":null,"LOAN_EQUITY":null,"LOAN_ASSETS":null,"DEPOSIT_EQUITY":null,"DEPOSIT_ASSETS":null,"EQUITY_MULTIPLIER":1.155705882143,"EQUITY_RATIO":0.151774150872},{"SECUCODE":"00329.HK","SECURITY_CODE":"00329","SECURITY_NAME_ABBR":"东建国际","ORG_CODE":"10008831","STD_REPORT_DATE":"2023-06-30 00:00:00","REPORT_DATE":"2023-06-30 00:00:00","DATE_TYPE_CODE":"002","REPORT_TYPE":"2023年中报","PER_NETCASH_OPERATE":-0.008141826152,"PER_OI":0.02398900182,"BPS":0.184520805269,"BASIC_EPS":-0.000046099,"DILUTED_EPS":-0.000046099,"OPERATE_INCOME":35977503.56,"OPERATE_INCOME_YOY":303.2864820174,"GROSS_PROFIT":29879527.84,"GROSS_PROFIT_YOY":477.637829154422,"HOLDER_PROFIT":-62694.64,"HOLDER_PROFIT_YOY":99.8630330131,"GROSS_PROFIT_RATIO":83.050586848445,"EPS_TTM":-0.016824646252,"OPERATE_INCOME_QOQ":101.199762039953,"NET_PROFIT_RATIO":-1.4889036954,"ROE_AVG":-0.022635957218,"GROSS_PROFIT_QOQ":878.836567524978,"ROA":-0.016857720836,"HOLDER_PROFIT_QOQ":62.688709793479,"ROE_YEARLY":-0.045271914436,"ROIC_YEARLY":-0.065877907892,"TOTAL_ASSETS":358825396.2,"TOTAL_LIABILITIES":89206174.9,"TAX_EBT":141.738505747126,"OCF_SALES":-33.939828814515,"TOTAL_PARENT_EQUITY":276735062.94,"DEBT_ASSET_RATIO":24.8606079293,"OPERATE_PROFIT":3528417.46,"PRETAX_PROFIT":1283396.16,"NETCASH_OPERATE":-12210703.12,"NETCASH_INVEST":-67304.54,"NETCASH_FINANCE":-36518705.82,"END_CASH":164147475.24,"DIVI_RATIO":null,"DIVIDEND_RATE":null,"CURRENT_RATIO":4.080437731956,"COMMON_ACS":100000000000,"CURRENTDEBT_DEBT":92.178182006098,"ISSUED_COMMON_SHARES":1499749920,"HK_COMMON_SHARES":1499749920,"PER_SHARES":4000,"TOTAL_MARKET_CAP":584902468.8,"HKSK_MARKET_CAP":584902468.8,"PE_TTM":-19.961860305109,"PB_TTM":2.16017693802,"REPORT_DATE_SQ":"2022-06-30 00:00:00","REPORT_TYPE_SQ":"2022年中报","OPERATE_INCOME_SQ":8274818.44,"DPS_HKD":null,"OPERATE_INCOME_QOQ_SQ":-85.773090664439,"NET_PROFIT_RATIO_SQ":-513.0942538239,"HOLDER_PROFIT_SQ":-42457617.93,"HOLDER_PROFIT_QOQ_SQ":-44.927988417606,"ROE_AVG_SQ":-14.261563983425,"PE_TTM_SQ":-20.08926755712,"PB_TTM_SQ":1.748816343665,"ROA_SQ":-9.926600698603,"START_DATE":"2023-01-01 00:00:00","FISCAL_YEAR":"12-31","CURRENCY":"HKD","IS_CNY_CODE":0,"DPS_HKD_LY":null,"ORG_TYPE":"一般企业","PREMIUM_INCOME":null,"PREMIUM_INCOME_YOY":null,"NET_INTEREST_INCOME":null,"NET_INTEREST_INCOME_YOY":null,"FEE_COMMISSION_INCOME":null,"FEE_COMMISSION_INCOME_YOY":null,"ACCOUNTS_RECE_TDAYS":1.946817002594,"INVENTORY_TDAYS":1.079748591952,"CURRENT_ASSETS_TDAYS":0.103652762449,"TOTAL_ASSETS_TDAYS":0.096738526834,"PREMIUM_EXPENSE":null,"LOAN_DEPOSIT":null,"LOAN_EQUITY":null,"LOAN_ASSETS":null,"DEPOSIT_EQUITY":null,"DEPOSIT_ASSETS":null,"EQUITY_MULTIPLIER":1.330859849197,"EQUITY_RATIO":0.32235226701},{"SECUCODE":"00329.HK","SECURITY_CODE":"00329","SECURITY_NAME_ABBR":"东建国际","ORG_CODE":"10008831","STD_REPORT_DATE":"2022-12-31 00:00:00","REPORT_DATE":"2022-12-31 00:00:00","DATE_TYPE_CODE":"001","REPORT_TYPE":"2022年年报","PER_NETCASH_OPERATE":-0.005571360577,"PER_OI":0.018252549165,"BPS":0.179077490112,"BASIC_EPS":-0.045110135,"DILUTED_EPS":-0.045110135,"OPERATE_INCOME":27374259.15,"OPERATE_INCOME_YOY":-58.1535394363,"GROSS_PROFIT":-4300201.78,"GROSS_PROFIT_YOY":-464.992525643341,"HOLDER_PROFIT":-67627685.16,"HOLDER_PROFIT_YOY":38.2590399765,"GROSS_PROFIT_RATIO":-15.708924783815,"EPS_TTM":-0.045092641285,"OPERATE_INCOME_QOQ":221.358678363796,"NET_PROFIT_RATIO":-255.2161853483,"ROE_AVG":-22.483495531989,"GROSS_PROFIT_QOQ":87.848839588623,"ROA":-15.735930353522,"HOLDER_PROFIT_QOQ":53.456077610111,"ROE_YEARLY":-22.483495531989,"ROIC_YEARLY":-35.570548630655,"TOTAL_ASSETS":372995607.74,"TOTAL_LIABILITIES":110695804.94,"TAX_EBT":null,"OCF_SALES":-30.52373959863,"TOTAL_PARENT_EQUITY":268571451.47,"DEBT_ASSET_RATIO":29.6775089687,"OPERATE_PROFIT":-65413268.83,"PRETAX_PROFIT":-69863539.97,"NETCASH_OPERATE":-8355647.58,"NETCASH_INVEST":-6545882.56,"NETCASH_FINANCE":-58567247.55,"END_CASH":205959477.36,"DIVI_RATIO":null,"DIVIDEND_RATE":null,"CURRENT_RATIO":3.38901617779,"COMMON_ACS":100000000000,"CURRENTDEBT_DEBT":92.628427559271,"ISSUED_COMMON_SHARES":1499749920,"HK_COMMON_SHARES":1499749920,"PER_SHARES":4000,"TOTAL_MARKET_CAP":427428727.2,"HKSK_MARKET_CAP":427428727.2,"PE_TTM":-14.587513299887,"PB_TTM":1.578590839323,"REPORT_DATE_SQ":"2021-12-31 00:00:00","REPORT_TYPE_SQ":"2021年年报","OPERATE_INCOME_SQ":59874483.2,"DPS_HKD":null,"OPERATE_INCOME_QOQ_SQ":-57.174779050451,"NET_PROFIT_RATIO_SQ":-167.443194232,"HOLDER_PROFIT_SQ":-100255747.2,"HOLDER_PROFIT_QOQ_SQ":-1328.46268965997,"ROE_AVG_SQ":-28.260526367342,"PE_TTM_SQ":-14.349476826515,"PB_TTM_SQ":1.249154531189,"ROA_SQ":-16.335540544771,"START_DATE":"2022-01-01 00:00:00","FISCAL_YEAR":"12-31","CURRENCY":"HKD","IS_CNY_CODE":0,"DPS_HKD_LY":null,"ORG_TYPE":"一般企业","PREMIUM_INCOME":null,"PREMIUM_INCOME_YOY":null,"NET_INTEREST_INCOME":null,"NET_INTEREST_INCOME_YOY":null,"FEE_COMMISSION_INCOME":null,"FEE_COMMISSION_INCOME_YOY":null,"ACCOUNTS_RECE_TDAYS":3.627915236179,"INVENTORY_TDAYS":5.234187024873,"CURRENT_ASSETS_TDAYS":0.066038071287,"TOTAL_ASSETS_TDAYS":0.063695723792,"PREMIUM_EXPENSE":null,"LOAN_DEPOSIT":null,"LOAN_EQUITY":null,"LOAN_ASSETS":null,"DEPOSIT_EQUITY":null,"DEPOSIT_ASSETS":null,"EQUITY_MULTIPLIER":1.42202016074,"EQUITY_RATIO":0.412165196018},{"SECUCODE":"00329.HK","SECURITY_CODE":"00329","SECURITY_NAME_ABBR":"东建国际","ORG_CODE":"10008831","STD_REPORT_DATE":"2022-06-30 00:00:00","REPORT_DATE":"2022-06-30 00:00:00","DATE_TYPE_CODE":"002","REPORT_TYPE":"2022年中报","PER_NETCASH_OPERATE":0.001735184737,"PER_OI":0.005517465499,"BPS":0.184433658099,"BASIC_EPS":-0.028306789,"DILUTED_EPS":-0.028306789,"OPERATE_INCOME":8274818.44,"OPERATE_INCOME_YOY":-86.4982906579,"GROSS_PROFIT":-7912217.88,"GROSS_PROFIT_YOY":-127.611832673954,"HOLDER_PROFIT":-42457617.93,"HOLDER_PROFIT_YOY":-1697.9079497908,"GROSS_PROFIT_RATIO":-95.61802397685,"EPS_TTM":-0.096881910612,"OPERATE_INCOME_QOQ":-85.773090664439,"NET_PROFIT_RATIO":-513.0942538239,"ROE_AVG":-14.261563983425,"GROSS_PROFIT_QOQ":-3103.76682791223,"ROA":-9.926600698603,"HOLDER_PROFIT_QOQ":-44.927988417606,"ROE_YEARLY":-28.52312796685,"ROIC_YEARLY":-48.038897893031,"TOTAL_ASSETS":389635681.47,"TOTAL_LIABILITIES":113031317.49,"TAX_EBT":-3.263446898789,"OCF_SALES":31.448945845391,"TOTAL_PARENT_EQUITY":276604363.98,"DEBT_ASSET_RATIO":29.0094883157,"OPERATE_PROFIT":-37579614.17,"PRETAX_PROFIT":-41115824.82,"NETCASH_OPERATE":2602343.17,"NETCASH_INVEST":null,"NETCASH_FINANCE":-36361823.61,"END_CASH":234224568.34,"DIVI_RATIO":null,"DIVIDEND_RATE":null,"CURRENT_RATIO":3.409953772007,"COMMON_ACS":100000000000,"CURRENTDEBT_DEBT":100,"ISSUED_COMMON_SHARES":1499749920,"HK_COMMON_SHARES":1499749920,"PER_SHARES":4000,"TOTAL_MARKET_CAP":584902468.8,"HKSK_MARKET_CAP":584902468.8,"PE_TTM":-19.961860305109,"PB_TTM":2.16017693802,"REPORT_DATE_SQ":"2021-06-30 00:00:00","REPORT_TYPE_SQ":"2021年中报","OPERATE_INCOME_SQ":59631013.2,"DPS_HKD":null,"OPERATE_INCOME_QOQ_SQ":30.972497386882,"NET_PROFIT_RATIO_SQ":4.3354496616,"HOLDER_PROFIT_SQ":2585272.56,"HOLDER_PROFIT_QOQ_SQ":149.583926030361,"ROE_AVG_SQ":0.624737346907,"PE_TTM_SQ":-20.08926755712,"PB_TTM_SQ":1.748816343665,"ROA_SQ":0.351051431238,"START_DATE":"2022-01-01 00:00:00","FISCAL_YEAR":"12-31","CURRENCY":"HKD","IS_CNY_CODE":0,"DPS_HKD_LY":null,"ORG_TYPE":"一般企业","PREMIUM_INCOME":null,"PREMIUM_INCOME_YOY":null,"NET_INTEREST_INCOME":null,"NET_INTEREST_INCOME_YOY":null,"FEE_COMMISSION_INCOME":null,"FEE_COMMISSION_INCOME_YOY":null,"ACCOUNTS_RECE_TDAYS":1.060499780798,"INVENTORY_TDAYS":1.893462711949,"CURRENT_ASSETS_TDAYS":0.019551760335,"TOTAL_ASSETS_TDAYS":0.019346544275,"PREMIUM_EXPENSE":null,"LOAN_DEPOSIT":null,"LOAN_EQUITY":null,"LOAN_ASSETS":null,"DEPOSIT_EQUITY":null,"DEPOSIT_ASSETS":null,"EQUITY_MULTIPLIER":1.408638952269,"EQUITY_RATIO":0.40863895227},{"SECUCODE":"00329.HK","SECURITY_CODE":"00329","SECURITY_NAME_ABBR":"东建国际","ORG_CODE":"10008831","STD_REPORT_DATE":"2021-12-31 00:00:00","REPORT_DATE":"2021-12-31 00:00:00","DATE_TYPE_CODE":"001","REPORT_TYPE":"2021年年报","PER_NETCASH_OPERATE":0.110844705096,"PER_OI":0.039922978092,"BPS":0.203230920526,"BASIC_EPS":-0.06687968,"DILUTED_EPS":-0.06687968,"OPERATE_INCOME":59874483.2,"OPERATE_INCOME_YOY":-42.2615387041,"GROSS_PROFIT":1178161.6,"GROSS_PROFIT_YOY":-98.106558396651,"HOLDER_PROFIT":-100255747.2,"HOLDER_PROFIT_YOY":-527.0300674985,"GROSS_PROFIT_RATIO":1.967719029932,"EPS_TTM":-0.06684830975,"OPERATE_INCOME_QOQ":-57.174779050451,"NET_PROFIT_RATIO":-167.443194232,"ROE_AVG":-28.260526367342,"GROSS_PROFIT_QOQ":-98.199381321002,"ROA":-16.335540544771,"HOLDER_PROFIT_QOQ":-1328.46268965997,"ROE_YEARLY":-28.260526367342,"ROIC_YEARLY":-22.298760695029,"TOTAL_ASSETS":445321374.4,"TOTAL_LIABILITIES":140525817.6,"TAX_EBT":-4.554019832709,"OCF_SALES":277.646384094385,"TOTAL_PARENT_EQUITY":304795556.8,"DEBT_ASSET_RATIO":31.5560459655,"OPERATE_PROFIT":-87661436.8,"PRETAX_PROFIT":-95888945.6,"NETCASH_OPERATE":166239337.6,"NETCASH_INVEST":204010004.8,"NETCASH_FINANCE":-187908190.4,"END_CASH":255913705.6,"DIVI_RATIO":null,"DIVIDEND_RATE":null,"CURRENT_RATIO":3.136482115013,"COMMON_ACS":100000000000,"CURRENTDEBT_DEBT":100,"ISSUED_COMMON_SHARES":1499749920,"HK_COMMON_SHARES":1499749920,"PER_SHARES":4000,"TOTAL_MARKET_CAP":427428727.2,"HKSK_MARKET_CAP":427428727.2,"PE_TTM":-14.587513299887,"PB_TTM":1.578590839323,"REPORT_DATE_SQ":"2020-12-31 00:00:00","REPORT_TYPE_SQ":"2020年年报","OPERATE_INCOME_SQ":106748567.76,"DPS_HKD":null,"OPERATE_INCOME_QOQ_SQ":50.031615887388,"NET_PROFIT_RATIO_SQ":-15.4524811959,"HOLDER_PROFIT_SQ":-16459111.84,"HOLDER_PROFIT_QOQ_SQ":60.977790029105,"ROE_AVG_SQ":-5.395748461442,"PE_TTM_SQ":-14.349476826515,"PB_TTM_SQ":1.249154531189,"ROA_SQ":-2.080387907878,"START_DATE":"2021-01-01 00:00:00","FISCAL_YEAR":"12-31","CURRENCY":"HKD","IS_CNY_CODE":0,"DPS_HKD_LY":null,"ORG_TYPE":"一般企业","PREMIUM_INCOME":null,"PREMIUM_INCOME_YOY":null,"NET_INTEREST_INCOME":null,"NET_INTEREST_INCOME_YOY":null,"FEE_COMMISSION_INCOME":null,"FEE_COMMISSION_INCOME_YOY":null,"ACCOUNTS_RECE_TDAYS":8.502496226634,"INVENTORY_TDAYS":11.096839013834,"CURRENT_ASSETS_TDAYS":0.100569852802,"TOTAL_ASSETS_TDAYS":0.097558701145,"PREMIUM_EXPENSE":null,"LOAN_DEPOSIT":null,"LOAN_EQUITY":null,"LOAN_ASSETS":null,"DEPOSIT_EQUITY":null,"DEPOSIT_ASSETS":null,"EQUITY_MULTIPLIER":1.461049429576,"EQUITY_RATIO":0.461049429576},{"SECUCODE":"00329.HK","SECURITY_CODE":"00329","SECURITY_NAME_ABBR":"东建国际","ORG_CODE":"10008831","STD_REPORT_DATE":"2021-06-30 00:00:00","REPORT_DATE":"2021-06-30 00:00:00","DATE_TYPE_CODE":"002","REPORT_TYPE":"2021年中报","PER_NETCASH_OPERATE":0.111450179854,"PER_OI":0.039760637694,"BPS":0.277214284045,"BASIC_EPS":0.001747368,"DILUTED_EPS":0.001747368,"OPERATE_INCOME":59631013.2,"OPERATE_INCOME_YOY":146.3900158152,"GROSS_PROFIT":28655171.04,"GROSS_PROFIT_YOY":12.604943251031,"HOLDER_PROFIT":2585272.56,"HOLDER_PROFIT_YOY":112.8798242341,"GROSS_PROFIT_RATIO":48.054140793972,"EPS_TTM":0.005441623121,"OPERATE_INCOME_QOQ":30.972497386882,"NET_PROFIT_RATIO":4.3354496616,"ROE_AVG":0.624737346907,"GROSS_PROFIT_QOQ":5.155057283052,"ROA":0.351051431238,"HOLDER_PROFIT_QOQ":149.583926030361,"ROE_YEARLY":1.249474693814,"ROIC_YEARLY":0.860043015991,"TOTAL_ASSETS":676887927.12,"TOTAL_LIABILITIES":261135826.8,"TAX_EBT":46.227068189685,"OCF_SALES":280.302797739482,"TOTAL_PARENT_EQUITY":415752100.32,"DEBT_ASSET_RATIO":38.5788867459,"OPERATE_PROFIT":10348578.96,"PRETAX_PROFIT":4807758.24,"NETCASH_OPERATE":167147398.32,"NETCASH_INVEST":77452502.64,"NETCASH_FINANCE":-120782236.56,"END_CASH":196863471.36,"DIVI_RATIO":null,"DIVIDEND_RATE":null,"CURRENT_RATIO":2.547849842515,"COMMON_ACS":100000000000,"CURRENTDEBT_DEBT":99.141268500964,"ISSUED_COMMON_SHARES":1499749920,"HK_COMMON_SHARES":1499749920,"PER_SHARES":4000,"TOTAL_MARKET_CAP":584902468.8,"HKSK_MARKET_CAP":584902468.8,"PE_TTM":-19.961860305109,"PB_TTM":2.16017693802,"REPORT_DATE_SQ":"2020-06-30 00:00:00","REPORT_TYPE_SQ":"2020年中报","OPERATE_INCOME_SQ":26568315.84,"DPS_HKD":null,"OPERATE_INCOME_QOQ_SQ":-21.761228728609,"NET_PROFIT_RATIO_SQ":-82.1666781269,"HOLDER_PROFIT_SQ":-22034913.12,"HOLDER_PROFIT_QOQ_SQ":51.405978457067,"ROE_AVG_SQ":-11.10167677981,"PE_TTM_SQ":-20.08926755712,"PB_TTM_SQ":1.748816343665,"ROA_SQ":-2.955601651108,"START_DATE":"2021-01-01 00:00:00","FISCAL_YEAR":"12-31","CURRENCY":"HKD","IS_CNY_CODE":0,"DPS_HKD_LY":null,"ORG_TYPE":"一般企业","PREMIUM_INCOME":null,"PREMIUM_INCOME_YOY":null,"NET_INTEREST_INCOME":null,"NET_INTEREST_INCOME_YOY":null,"FEE_COMMISSION_INCOME":null,"FEE_COMMISSION_INCOME_YOY":null,"ACCOUNTS_RECE_TDAYS":5.446289470684,"INVENTORY_TDAYS":5.051153324288,"CURRENT_ASSETS_TDAYS":0.083819056569,"TOTAL_ASSETS_TDAYS":0.080972323205,"PREMIUM_EXPENSE":null,"LOAN_DEPOSIT":null,"LOAN_EQUITY":null,"LOAN_ASSETS":null,"DEPOSIT_EQUITY":null,"DEPOSIT_ASSETS":null,"EQUITY_MULTIPLIER":1.628104648418,"EQUITY_RATIO":0.628104648417},{"SECUCODE":"00329.HK","SECURITY_CODE":"00329","SECURITY_NAME_ABBR":"东建国际","ORG_CODE":"10008831","STD_REPORT_DATE":"2020-12-31 00:00:00","REPORT_DATE":"2020-12-31 00:00:00","DATE_TYPE_CODE":"001","REPORT_TYPE":"2020年年报","PER_NETCASH_OPERATE":0.102759493423,"PER_OI":0.071177578566,"BPS":0.277789757482,"BASIC_EPS":-0.014223716,"DILUTED_EPS":-0.014223716,"OPERATE_INCOME":106748567.76,"OPERATE_INCOME_YOY":24.9337575477,"GROSS_PROFIT":62223286.84,"GROSS_PROFIT_YOY":-24.571686478925,"HOLDER_PROFIT":-16459111.84,"HOLDER_PROFIT_YOY":79.8177446154,"GROSS_PROFIT_RATIO":58.289575350458,"EPS_TTM":-0.010974570907,"OPERATE_INCOME_QOQ":50.031615887388,"NET_PROFIT_RATIO":-15.4524811959,"ROE_AVG":-5.395748461442,"GROSS_PROFIT_QOQ":-4.068331011581,"ROA":-2.080387907878,"HOLDER_PROFIT_QOQ":60.977790029105,"ROE_YEARLY":-5.395748461442,"ROIC_YEARLY":-2.314125085348,"TOTAL_ASSETS":805131340.08,"TOTAL_LIABILITIES":388516173.52,"TAX_EBT":-6.71349232277,"OCF_SALES":144.370594635508,"TOTAL_PARENT_EQUITY":416615166.56,"DEBT_ASSET_RATIO":48.2550056344,"OPERATE_PROFIT":9183975.68,"PRETAX_PROFIT":-15457560.24,"NETCASH_OPERATE":154113542.04,"NETCASH_INVEST":-192333256.08,"NETCASH_FINANCE":44577462.6,"END_CASH":74464099,"DIVI_RATIO":null,"DIVIDEND_RATE":null,"CURRENT_RATIO":2.011634409781,"COMMON_ACS":100000000000,"CURRENTDEBT_DEBT":98.777560667045,"ISSUED_COMMON_SHARES":1499749920,"HK_COMMON_SHARES":1499749920,"PER_SHARES":4000,"TOTAL_MARKET_CAP":427428727.2,"HKSK_MARKET_CAP":427428727.2,"PE_TTM":-14.587513299887,"PB_TTM":1.578590839323,"REPORT_DATE_SQ":"2019-12-31 00:00:00","REPORT_TYPE_SQ":"2019年年报","OPERATE_INCOME_SQ":90940481.38,"DPS_HKD":null,"OPERATE_INCOME_QOQ_SQ":-5.963312830263,"NET_PROFIT_RATIO_SQ":-95.968321825,"HOLDER_PROFIT_SQ":-86798394.66,"HOLDER_PROFIT_QOQ_SQ":27.522174462677,"ROE_AVG_SQ":-34.798519670391,"PE_TTM_SQ":-14.349476826515,"PB_TTM_SQ":1.249154531189,"ROA_SQ":-11.209585244073,"START_DATE":"2020-01-01 00:00:00","FISCAL_YEAR":"12-31","CURRENCY":"HKD","IS_CNY_CODE":0,"DPS_HKD_LY":null,"ORG_TYPE":"一般企业","PREMIUM_INCOME":null,"PREMIUM_INCOME_YOY":null,"NET_INTEREST_INCOME":null,"NET_INTEREST_INCOME_YOY":null,"FEE_COMMISSION_INCOME":null,"FEE_COMMISSION_INCOME_YOY":null,"ACCOUNTS_RECE_TDAYS":24.042081319306,"INVENTORY_TDAYS":5.887924318308,"CURRENT_ASSETS_TDAYS":0.150940117947,"TOTAL_ASSETS_TDAYS":0.134927347059,"PREMIUM_EXPENSE":null,"LOAN_DEPOSIT":null,"LOAN_EQUITY":null,"LOAN_ASSETS":null,"DEPOSIT_EQUITY":null,"DEPOSIT_ASSETS":null,"EQUITY_MULTIPLIER":1.932554080371,"EQUITY_RATIO":0.932554080371},{"SECUCODE":"00329.HK","SECURITY_CODE":"00329","SECURITY_NAME_ABBR":"东建国际","ORG_CODE":"10008831","STD_REPORT_DATE":"2020-06-30 00:00:00","REPORT_DATE":"2020-06-30 00:00:00","DATE_TYPE_CODE":"002","REPORT_TYPE":"2020年中报","PER_NETCASH_OPERATE":0.116988422023,"PER_OI":0.025070363619,"BPS":0.12468707903,"BASIC_EPS":-0.020826432,"DILUTED_EPS":-0.020826432,"OPERATE_INCOME":26568315.84,"OPERATE_INCOME_YOY":-44.8083491461,"GROSS_PROFIT":25447524.96,"GROSS_PROFIT_YOY":-40.927838267334,"HOLDER_PROFIT":-22034913.12,"HOLDER_PROFIT_YOY":68.1641217848,"GROSS_PROFIT_RATIO":95.781475624012,"EPS_TTM":-0.039800739593,"OPERATE_INCOME_QOQ":-21.761228728609,"NET_PROFIT_RATIO":-82.1666781269,"ROE_AVG":-11.10167677981,"GROSS_PROFIT_QOQ":-21.37287475924,"ROA":-2.955601651108,"HOLDER_PROFIT_QOQ":51.405978457067,"ROE_YEARLY":-22.203353559619,"ROIC_YEARLY":-6.591744538816,"TOTAL_ASSETS":647579634.24,"TOTAL_LIABILITIES":461024129.28,"TAX_EBT":null,"OCF_SALES":466.640308051984,"TOTAL_PARENT_EQUITY":186999436.8,"DEBT_ASSET_RATIO":71.1918820333,"OPERATE_PROFIT":-7083727.2,"PRETAX_PROFIT":-21830302.56,"NETCASH_OPERATE":123978470.88,"NETCASH_INVEST":19387764,"NETCASH_FINANCE":-155426383.2,"END_CASH":61744890.24,"DIVI_RATIO":null,"DIVIDEND_RATE":null,"CURRENT_RATIO":1.394214827752,"COMMON_ACS":100000000000,"CURRENTDEBT_DEBT":98.354507124855,"ISSUED_COMMON_SHARES":1499749920,"HK_COMMON_SHARES":1499749920,"PER_SHARES":4000,"TOTAL_MARKET_CAP":584902468.8,"HKSK_MARKET_CAP":584902468.8,"PE_TTM":-19.961860305109,"PB_TTM":2.16017693802,"REPORT_DATE_SQ":"2019-06-30 00:00:00","REPORT_TYPE_SQ":"2019年中报","OPERATE_INCOME_SQ":46358082,"DPS_HKD":null,"OPERATE_INCOME_QOQ_SQ":-11.429347877833,"NET_PROFIT_RATIO_SQ":-144.6717267552,"HOLDER_PROFIT_SQ":-66654477.18,"HOLDER_PROFIT_QOQ_SQ":-124.831344377927,"ROE_AVG_SQ":-26.212908749687,"PE_TTM_SQ":-20.08926755712,"PB_TTM_SQ":1.748816343665,"ROA_SQ":-8.009890136608,"START_DATE":"2020-01-01 00:00:00","FISCAL_YEAR":"12-31","CURRENCY":"HKD","IS_CNY_CODE":0,"DPS_HKD_LY":null,"ORG_TYPE":"一般企业","PREMIUM_INCOME":null,"PREMIUM_INCOME_YOY":null,"NET_INTEREST_INCOME":null,"NET_INTEREST_INCOME_YOY":null,"FEE_COMMISSION_INCOME":null,"FEE_COMMISSION_INCOME_YOY":null,"ACCOUNTS_RECE_TDAYS":10.782576459685,"INVENTORY_TDAYS":0.101020912234,"CURRENT_ASSETS_TDAYS":0.039968943886,"TOTAL_ASSETS_TDAYS":0.035636790459,"PREMIUM_EXPENSE":null,"LOAN_DEPOSIT":null,"LOAN_EQUITY":null,"LOAN_ASSETS":null,"DEPOSIT_EQUITY":null,"DEPOSIT_ASSETS":null,"EQUITY_MULTIPLIER":3.471243769398,"EQUITY_RATIO":2.46537710043}],"count":44},"success":true,"message":"ok","code":0}