{"version":"81eff1bc680eae6bcb22b3242e9cade6","result":{"pages":9,"data":[{"SECUCODE":"00323.HK","SECURITY_CODE":"00323","SECURITY_NAME_ABBR":"马鞍山钢铁股份","ORG_CODE":"10633798","STD_REPORT_DATE":"2024-09-30 00:00:00","REPORT_DATE":"2024-09-30 00:00:00","DATE_TYPE_CODE":"004","REPORT_TYPE":"2024年三季报","PER_NETCASH_OPERATE":0.329104848859,"PER_OI":7.940325970747,"BPS":3.26732482473,"BASIC_EPS":-0.3292,"DILUTED_EPS":-0.3292,"OPERATE_INCOME":61513212884,"OPERATE_INCOME_YOY":-16.7806746691,"GROSS_PROFIT":-214227372,"GROSS_PROFIT_YOY":-125.405340973559,"HOLDER_PROFIT":-2534866334,"HOLDER_PROFIT_YOY":-58.6437931084,"GROSS_PROFIT_RATIO":-0.348262368288,"EPS_TTM":-0.292269366309,"OPERATE_INCOME_QOQ":-6.917435969843,"NET_PROFIT_RATIO":-4.488522741,"ROE_AVG":-9.565676529154,"GROSS_PROFIT_QOQ":-78.768973104543,"ROA":-3.055098412907,"HOLDER_PROFIT_QOQ":-857.60636643409,"ROE_YEARLY":-12.754235372205,"ROIC_YEARLY":-3.504330343292,"TOTAL_ASSETS":81391097583,"TOTAL_LIABILITIES":51878670527,"TAX_EBT":-5.227280153826,"OCF_SALES":4.144727182122,"TOTAL_PARENT_EQUITY":25230624013,"DEBT_ASSET_RATIO":63.7399814815,"OPERATE_PROFIT":-2159183445,"PRETAX_PROFIT":-2623877140,"NETCASH_OPERATE":2549554855,"NETCASH_INVEST":-724931666,"NETCASH_FINANCE":-569764733,"END_CASH":5624202808,"DIVI_RATIO":null,"DIVIDEND_RATE":null,"CURRENT_RATIO":0.480958355611,"COMMON_ACS":null,"CURRENTDEBT_DEBT":83.08203142478,"ISSUED_COMMON_SHARES":7722104586,"HK_COMMON_SHARES":1732930000,"PER_SHARES":2000,"TOTAL_MARKET_CAP":12818693612.76,"HKSK_MARKET_CAP":2876663800,"PE_TTM":-5.058345915496,"PB_TTM":0.458164241483,"REPORT_DATE_SQ":"2023-09-30 00:00:00","REPORT_TYPE_SQ":"2023年三季报","OPERATE_INCOME_SQ":73916980989,"DPS_HKD":null,"OPERATE_INCOME_QOQ_SQ":2.10220809537,"NET_PROFIT_RATIO_SQ":-2.4955998585,"HOLDER_PROFIT_SQ":-1597835178,"HOLDER_PROFIT_QOQ_SQ":30.981959722435,"ROE_AVG_SQ":-5.637985359327,"PE_TTM_SQ":-2.772654309861,"PB_TTM_SQ":0.318173459455,"ROA_SQ":-1.7598793125,"START_DATE":"2024-01-01 00:00:00","FISCAL_YEAR":"12-31","CURRENCY":"HKD","IS_CNY_CODE":0,"DPS_HKD_LY":null,"ORG_TYPE":"一般企业","PREMIUM_INCOME":null,"PREMIUM_INCOME_YOY":null,"NET_INTEREST_INCOME":null,"NET_INTEREST_INCOME_YOY":null,"FEE_COMMISSION_INCOME":null,"FEE_COMMISSION_INCOME_YOY":null,"ACCOUNTS_RECE_TDAYS":13.099552993713,"INVENTORY_TDAYS":6.81430573058,"CURRENT_ASSETS_TDAYS":2.876343244458,"TOTAL_ASSETS_TDAYS":0.741376050224,"PREMIUM_EXPENSE":null,"LOAN_DEPOSIT":null,"LOAN_EQUITY":null,"LOAN_ASSETS":null,"DEPOSIT_EQUITY":null,"DEPOSIT_ASSETS":null,"EQUITY_MULTIPLIER":2.757858492239,"EQUITY_RATIO":2.056178654173},{"SECUCODE":"00323.HK","SECURITY_CODE":"00323","SECURITY_NAME_ABBR":"马鞍山钢铁股份","ORG_CODE":"10633798","STD_REPORT_DATE":"2024-06-30 00:00:00","REPORT_DATE":"2024-06-30 00:00:00","DATE_TYPE_CODE":"002","REPORT_TYPE":"2024年中报","PER_NETCASH_OPERATE":0.158487916286,"PER_OI":5.551545509687,"BPS":3.445653181678,"BASIC_EPS":-0.1487,"DILUTED_EPS":-0.1487,"OPERATE_INCOME":43007478790,"OPERATE_INCOME_YOY":-12.1946077093,"GROSS_PROFIT":523024563,"GROSS_PROFIT_YOY":196.316819641132,"HOLDER_PROFIT":-1144779937,"HOLDER_PROFIT_YOY":48.7908428904,"GROSS_PROFIT_RATIO":1.216124678114,"EPS_TTM":-0.030520825315,"OPERATE_INCOME_QOQ":-3.756017672059,"NET_PROFIT_RATIO":-3.0503894995,"ROE_AVG":-4.210585952284,"GROSS_PROFIT_QOQ":39.993373825862,"ROA":-1.362182698226,"HOLDER_PROFIT_QOQ":79.055232199946,"ROE_YEARLY":-8.421171904568,"ROIC_YEARLY":-3.113709782879,"TOTAL_ASSETS":83527981602,"TOTAL_LIABILITIES":52577986274,"TAX_EBT":-10.168667298364,"OCF_SALES":2.854843142504,"TOTAL_PARENT_EQUITY":26607694236,"DEBT_ASSET_RATIO":62.9465542751,"OPERATE_PROFIT":-874146805,"PRETAX_PROFIT":-1190806469,"NETCASH_OPERATE":1227796059,"NETCASH_INVEST":-703896902,"NETCASH_FINANCE":329780103,"END_CASH":5280124127,"DIVI_RATIO":null,"DIVIDEND_RATE":null,"CURRENT_RATIO":0.506599691039,"COMMON_ACS":null,"CURRENTDEBT_DEBT":83.197739544528,"ISSUED_COMMON_SHARES":7722104586,"HK_COMMON_SHARES":1732930000,"PER_SHARES":2000,"TOTAL_MARKET_CAP":13436461979.64,"HKSK_MARKET_CAP":3015298200,"PE_TTM":-5.302121622267,"PB_TTM":0.480244445891,"REPORT_DATE_SQ":"2023-06-30 00:00:00","REPORT_TYPE_SQ":"2023年中报","OPERATE_INCOME_SQ":48980452872,"DPS_HKD":null,"OPERATE_INCOME_QOQ_SQ":-3.603623279618,"NET_PROFIT_RATIO_SQ":-4.9680794385,"HOLDER_PROFIT_SQ":-2235498496,"HOLDER_PROFIT_QOQ_SQ":-72.510903546687,"ROE_AVG_SQ":-7.975938431208,"PE_TTM_SQ":-2.682486690028,"PB_TTM_SQ":0.307826355082,"ROA_SQ":-2.479429239214,"START_DATE":"2024-01-01 00:00:00","FISCAL_YEAR":"12-31","CURRENCY":"HKD","IS_CNY_CODE":0,"DPS_HKD_LY":null,"ORG_TYPE":"一般企业","PREMIUM_INCOME":null,"PREMIUM_INCOME_YOY":null,"NET_INTEREST_INCOME":null,"NET_INTEREST_INCOME_YOY":null,"FEE_COMMISSION_INCOME":null,"FEE_COMMISSION_INCOME_YOY":null,"ACCOUNTS_RECE_TDAYS":9.218482646339,"INVENTORY_TDAYS":4.333789378726,"CURRENT_ASSETS_TDAYS":1.945944535363,"TOTAL_ASSETS_TDAYS":0.511749390504,"PREMIUM_EXPENSE":null,"LOAN_DEPOSIT":null,"LOAN_EQUITY":null,"LOAN_ASSETS":null,"DEPOSIT_EQUITY":null,"DEPOSIT_ASSETS":null,"EQUITY_MULTIPLIER":2.698804336375,"EQUITY_RATIO":1.976044440666},{"SECUCODE":"00323.HK","SECURITY_CODE":"00323","SECURITY_NAME_ABBR":"马鞍山钢铁股份","ORG_CODE":"10633798","STD_REPORT_DATE":"2024-03-31 00:00:00","REPORT_DATE":"2024-03-31 00:00:00","DATE_TYPE_CODE":"003","REPORT_TYPE":"2024年一季报","PER_NETCASH_OPERATE":-0.168800140309,"PER_OI":2.632218815724,"BPS":3.555657632866,"BASIC_EPS":-0.04,"DILUTED_EPS":-0.04,"OPERATE_INCOME":20391635931,"OPERATE_INCOME_YOY":-10.3134438806,"GROSS_PROFIT":323657259,"GROSS_PROFIT_YOY":1065.61981960867,"HOLDER_PROFIT":-310998961,"HOLDER_PROFIT_YOY":38.9327129735,"GROSS_PROFIT_RATIO":1.587205950985,"EPS_TTM":-0.145720523649,"OPERATE_INCOME_QOQ":-2.37009327569,"NET_PROFIT_RATIO":-1.6949936443,"ROE_AVG":-1.126282583808,"GROSS_PROFIT_QOQ":18.154702408427,"ROA":-0.366185356956,"HOLDER_PROFIT_QOQ":14.939676896896,"ROE_YEARLY":-4.505130335231,"ROIC_YEARLY":-1.656897715274,"TOTAL_ASSETS":85306511263,"TOTAL_LIABILITIES":53369384197,"TAX_EBT":-30.669198348772,"OCF_SALES":-6.412846048374,"TOTAL_PARENT_EQUITY":27457160113,"DEBT_ASSET_RATIO":62.561911637,"OPERATE_PROFIT":-109449851,"PRETAX_PROFIT":-264512936,"NETCASH_OPERATE":-1307684219,"NETCASH_INVEST":-519459483,"NETCASH_FINANCE":1210457352,"END_CASH":3790025067,"DIVI_RATIO":null,"DIVIDEND_RATE":null,"CURRENT_RATIO":0.530433658134,"COMMON_ACS":null,"CURRENTDEBT_DEBT":82.740754541969,"ISSUED_COMMON_SHARES":7722104586,"HK_COMMON_SHARES":1732930000,"PER_SHARES":2000,"TOTAL_MARKET_CAP":13436461979.64,"HKSK_MARKET_CAP":3015298200,"PE_TTM":-5.302121622267,"PB_TTM":0.480244445891,"REPORT_DATE_SQ":"2023-03-31 00:00:00","REPORT_TYPE_SQ":"2023年一季报","OPERATE_INCOME_SQ":22736558090,"DPS_HKD":null,"OPERATE_INCOME_QOQ_SQ":-3.762678443673,"NET_PROFIT_RATIO_SQ":-2.5661288736,"HOLDER_PROFIT_SQ":-509272601,"HOLDER_PROFIT_QOQ_SQ":-205.383062170469,"ROE_AVG_SQ":-1.760528213049,"PE_TTM_SQ":-2.682486690028,"PB_TTM_SQ":0.307826355082,"ROA_SQ":-0.534300395824,"START_DATE":"2024-01-01 00:00:00","FISCAL_YEAR":"12-31","CURRENCY":"HKD","IS_CNY_CODE":0,"DPS_HKD_LY":null,"ORG_TYPE":"一般企业","PREMIUM_INCOME":null,"PREMIUM_INCOME_YOY":null,"NET_INTEREST_INCOME":null,"NET_INTEREST_INCOME_YOY":null,"FEE_COMMISSION_INCOME":null,"FEE_COMMISSION_INCOME_YOY":null,"ACCOUNTS_RECE_TDAYS":4.236522126485,"INVENTORY_TDAYS":1.861799236594,"CURRENT_ASSETS_TDAYS":0.897032921764,"TOTAL_ASSETS_TDAYS":0.240101074882,"PREMIUM_EXPENSE":null,"LOAN_DEPOSIT":null,"LOAN_EQUITY":null,"LOAN_ASSETS":null,"DEPOSIT_EQUITY":null,"DEPOSIT_ASSETS":null,"EQUITY_MULTIPLIER":2.671076552585,"EQUITY_RATIO":1.943732854285},{"SECUCODE":"00323.HK","SECURITY_CODE":"00323","SECURITY_NAME_ABBR":"马鞍山钢铁股份","ORG_CODE":"10633798","STD_REPORT_DATE":"2023-12-31 00:00:00","REPORT_DATE":"2023-12-31 00:00:00","DATE_TYPE_CODE":"001","REPORT_TYPE":"2023年年报","PER_NETCASH_OPERATE":0.257107939369,"PER_OI":12.771235492371,"BPS":3.595986339572,"BASIC_EPS":-0.1724,"DILUTED_EPS":-0.1724,"OPERATE_INCOME":98937969364,"OPERATE_INCOME_YOY":-3.1478410318,"GROSS_PROFIT":1629827283,"GROSS_PROFIT_YOY":-50.717843134784,"HOLDER_PROFIT":-1327161500,"HOLDER_PROFIT_YOY":-54.7502497665,"GROSS_PROFIT_RATIO":1.647322351042,"EPS_TTM":-0.17131433121,"OPERATE_INCOME_QOQ":2.251558033055,"NET_PROFIT_RATIO":-1.6575038598,"ROE_AVG":-4.659302175369,"GROSS_PROFIT_QOQ":220.105386521619,"ROA":-1.462924046892,"HOLDER_PROFIT_QOQ":57.469710652818,"ROE_YEARLY":-4.659302175369,"ROIC_YEARLY":-1.651798411303,"TOTAL_ASSETS":84552252935,"TOTAL_LIABILITIES":52272711584,"TAX_EBT":-2.708225803102,"OCF_SALES":2.013179848752,"TOTAL_PARENT_EQUITY":27768582604,"DEBT_ASSET_RATIO":61.8229671824,"OPERATE_PROFIT":-1129748187,"PRETAX_PROFIT":-1596659516,"NETCASH_OPERATE":1991799262,"NETCASH_INVEST":-560871570,"NETCASH_FINANCE":-1361284013,"END_CASH":4428594208,"DIVI_RATIO":null,"DIVIDEND_RATE":null,"CURRENT_RATIO":0.500324871484,"COMMON_ACS":null,"CURRENTDEBT_DEBT":84.278421172405,"ISSUED_COMMON_SHARES":7722104586,"HK_COMMON_SHARES":1732930000,"PER_SHARES":2000,"TOTAL_MARKET_CAP":13436461979.64,"HKSK_MARKET_CAP":3015298200,"PE_TTM":-5.302121622267,"PB_TTM":0.480244445891,"REPORT_DATE_SQ":"2022-12-31 00:00:00","REPORT_TYPE_SQ":"2022年年报","OPERATE_INCOME_SQ":102153602375,"DPS_HKD":null,"OPERATE_INCOME_QOQ_SQ":-4.837849122027,"NET_PROFIT_RATIO_SQ":-0.8025695628,"HOLDER_PROFIT_SQ":-857615094,"HOLDER_PROFIT_QOQ_SQ":-61.878087073986,"ROE_AVG_SQ":-2.770806755111,"PE_TTM_SQ":-2.682486690028,"PB_TTM_SQ":0.307826355082,"ROA_SQ":-0.91254426442,"START_DATE":"2023-01-01 00:00:00","FISCAL_YEAR":"12-31","CURRENCY":"HKD","IS_CNY_CODE":0,"DPS_HKD_LY":0.02195,"ORG_TYPE":"一般企业","PREMIUM_INCOME":null,"PREMIUM_INCOME_YOY":null,"NET_INTEREST_INCOME":null,"NET_INTEREST_INCOME_YOY":null,"FEE_COMMISSION_INCOME":null,"FEE_COMMISSION_INCOME_YOY":null,"ACCOUNTS_RECE_TDAYS":18.186892110415,"INVENTORY_TDAYS":9.652229719822,"CURRENT_ASSETS_TDAYS":3.224904439885,"TOTAL_ASSETS_TDAYS":1.090588707804,"PREMIUM_EXPENSE":null,"LOAN_DEPOSIT":null,"LOAN_EQUITY":null,"LOAN_ASSETS":null,"DEPOSIT_EQUITY":null,"DEPOSIT_ASSETS":null,"EQUITY_MULTIPLIER":2.619375907965,"EQUITY_RATIO":1.882440754339},{"SECUCODE":"00323.HK","SECURITY_CODE":"00323","SECURITY_NAME_ABBR":"马鞍山钢铁股份","ORG_CODE":"10633798","STD_REPORT_DATE":"2023-09-30 00:00:00","REPORT_DATE":"2023-09-30 00:00:00","DATE_TYPE_CODE":"004","REPORT_TYPE":"2023年三季报","PER_NETCASH_OPERATE":0.236663704807,"PER_OI":9.513385530325,"BPS":3.558796584525,"BASIC_EPS":-0.2075,"DILUTED_EPS":-0.2075,"OPERATE_INCOME":73916980989,"OPERATE_INCOME_YOY":-6.8013420562,"GROSS_PROFIT":843237539,"GROSS_PROFIT_YOY":-76.841887935987,"HOLDER_PROFIT":-1597835178,"HOLDER_PROFIT_YOY":-340.4753999172,"GROSS_PROFIT_RATIO":1.14079001566,"EPS_TTM":-0.401620907922,"OPERATE_INCOME_QOQ":2.10220809537,"NET_PROFIT_RATIO":-2.4955998585,"ROE_AVG":-5.637985359327,"GROSS_PROFIT_QOQ":151.637927986311,"ROA":-1.7598793125,"HOLDER_PROFIT_QOQ":30.981959722435,"ROE_YEARLY":-7.517313812436,"ROIC_YEARLY":-1.992512733093,"TOTAL_ASSETS":84697320798,"TOTAL_LIABILITIES":52638704593,"TAX_EBT":-5.819998919584,"OCF_SALES":2.48769172712,"TOTAL_PARENT_EQUITY":27481399426,"DEBT_ASSET_RATIO":62.149196807,"OPERATE_PROFIT":-1424931743,"PRETAX_PROFIT":-1743216870,"NETCASH_OPERATE":1838826621,"NETCASH_INVEST":2651558093,"NETCASH_FINANCE":-3982883391,"END_CASH":4911069148,"DIVI_RATIO":null,"DIVIDEND_RATE":null,"CURRENT_RATIO":0.513976860865,"COMMON_ACS":null,"CURRENTDEBT_DEBT":85.439571563812,"ISSUED_COMMON_SHARES":7722104586,"HK_COMMON_SHARES":1732930000,"PER_SHARES":2000,"TOTAL_MARKET_CAP":13436461979.64,"HKSK_MARKET_CAP":3015298200,"PE_TTM":-5.302121622267,"PB_TTM":0.480244445891,"REPORT_DATE_SQ":"2022-09-30 00:00:00","REPORT_TYPE_SQ":"2022年三季报","OPERATE_INCOME_SQ":79311207500,"DPS_HKD":null,"OPERATE_INCOME_QOQ_SQ":-5.29981275754,"NET_PROFIT_RATIO_SQ":0.8532131994,"HOLDER_PROFIT_SQ":664448496,"HOLDER_PROFIT_QOQ_SQ":-125.054747949065,"ROE_AVG_SQ":2.094317837309,"PE_TTM_SQ":-2.682486690028,"PB_TTM_SQ":0.307826355082,"ROA_SQ":0.719805334052,"START_DATE":"2023-01-01 00:00:00","FISCAL_YEAR":"12-31","CURRENCY":"HKD","IS_CNY_CODE":0,"DPS_HKD_LY":0.02195,"ORG_TYPE":"一般企业","PREMIUM_INCOME":null,"PREMIUM_INCOME_YOY":null,"NET_INTEREST_INCOME":null,"NET_INTEREST_INCOME_YOY":null,"FEE_COMMISSION_INCOME":null,"FEE_COMMISSION_INCOME_YOY":null,"ACCOUNTS_RECE_TDAYS":13.108327362137,"INVENTORY_TDAYS":7.106296654521,"CURRENT_ASSETS_TDAYS":2.367888610793,"TOTAL_ASSETS_TDAYS":0.81413256809,"PREMIUM_EXPENSE":null,"LOAN_DEPOSIT":null,"LOAN_EQUITY":null,"LOAN_ASSETS":null,"DEPOSIT_EQUITY":null,"DEPOSIT_ASSETS":null,"EQUITY_MULTIPLIER":2.641951862688,"EQUITY_RATIO":1.915430279842},{"SECUCODE":"00323.HK","SECURITY_CODE":"00323","SECURITY_NAME_ABBR":"马鞍山钢铁股份","ORG_CODE":"10633798","STD_REPORT_DATE":"2023-06-30 00:00:00","REPORT_DATE":"2023-06-30 00:00:00","DATE_TYPE_CODE":"002","REPORT_TYPE":"2023年中报","PER_NETCASH_OPERATE":0.245879271371,"PER_OI":6.303963248859,"BPS":3.477859229295,"BASIC_EPS":-0.2892,"DILUTED_EPS":-0.2892,"OPERATE_INCOME":48980452872,"OPERATE_INCOME_YOY":-13.1042011757,"GROSS_PROFIT":-543025159,"GROSS_PROFIT_YOY":-114.480222904016,"HOLDER_PROFIT":-2235498496,"HOLDER_PROFIT_YOY":-256.5945716005,"GROSS_PROFIT_RATIO":-1.108656876691,"EPS_TTM":-0.581907145301,"OPERATE_INCOME_QOQ":-3.603623279618,"NET_PROFIT_RATIO":-4.9680794385,"ROE_AVG":-7.975938431208,"GROSS_PROFIT_QOQ":-182.312297664346,"ROA":-2.479429239214,"HOLDER_PROFIT_QOQ":-72.510903546687,"ROE_YEARLY":-15.951876862416,"ROIC_YEARLY":-5.602926244978,"TOTAL_ASSETS":83436327222,"TOTAL_LIABILITIES":52877754777,"TAX_EBT":-3.051221441494,"OCF_SALES":3.900391891011,"TOTAL_PARENT_EQUITY":26856392704,"DEBT_ASSET_RATIO":63.3749789061,"OPERATE_PROFIT":-2182374359,"PRETAX_PROFIT":-2361338152,"NETCASH_OPERATE":1910429612,"NETCASH_INVEST":3103866889,"NETCASH_FINANCE":-4186460774,"END_CASH":5217273408,"DIVI_RATIO":null,"DIVIDEND_RATE":null,"CURRENT_RATIO":0.506955906873,"COMMON_ACS":null,"CURRENTDEBT_DEBT":83.707289136362,"ISSUED_COMMON_SHARES":7722104586,"HK_COMMON_SHARES":1732930000,"PER_SHARES":2000,"TOTAL_MARKET_CAP":13436461979.64,"HKSK_MARKET_CAP":3015298200,"PE_TTM":-5.302121622267,"PB_TTM":0.480244445891,"REPORT_DATE_SQ":"2022-06-30 00:00:00","REPORT_TYPE_SQ":"2022年中报","OPERATE_INCOME_SQ":56366882559,"DPS_HKD":null,"OPERATE_INCOME_QOQ_SQ":-2.738623684459,"NET_PROFIT_RATIO_SQ":2.8665345991,"HOLDER_PROFIT_SQ":1427570875,"HOLDER_PROFIT_QOQ_SQ":-58.302764641706,"ROE_AVG_SQ":4.444739347245,"PE_TTM_SQ":-2.682486690028,"PB_TTM_SQ":0.307826355082,"ROA_SQ":1.534215409627,"START_DATE":"2023-01-01 00:00:00","FISCAL_YEAR":"12-31","CURRENCY":"HKD","IS_CNY_CODE":0,"DPS_HKD_LY":0.02195,"ORG_TYPE":"一般企业","PREMIUM_INCOME":null,"PREMIUM_INCOME_YOY":null,"NET_INTEREST_INCOME":null,"NET_INTEREST_INCOME_YOY":null,"FEE_COMMISSION_INCOME":null,"FEE_COMMISSION_INCOME_YOY":null,"ACCOUNTS_RECE_TDAYS":9.723373786805,"INVENTORY_TDAYS":4.747786968101,"CURRENT_ASSETS_TDAYS":1.586251343334,"TOTAL_ASSETS_TDAYS":0.543250497453,"PREMIUM_EXPENSE":null,"LOAN_DEPOSIT":null,"LOAN_EQUITY":null,"LOAN_ASSETS":null,"DEPOSIT_EQUITY":null,"DEPOSIT_ASSETS":null,"EQUITY_MULTIPLIER":2.730373854082,"EQUITY_RATIO":1.968907565502},{"SECUCODE":"00323.HK","SECURITY_CODE":"00323","SECURITY_NAME_ABBR":"马鞍山钢铁股份","ORG_CODE":"10633798","STD_REPORT_DATE":"2023-03-31 00:00:00","REPORT_DATE":"2023-03-31 00:00:00","DATE_TYPE_CODE":"003","REPORT_TYPE":"2023年一季报","PER_NETCASH_OPERATE":0.213147758684,"PER_OI":2.924742286689,"BPS":3.710757022632,"BASIC_EPS":-0.07,"DILUTED_EPS":-0.07,"OPERATE_INCOME":22736558090,"OPERATE_INCOME_YOY":-14.4607696773,"GROSS_PROFIT":27766966,"GROSS_PROFIT_YOY":-98.700666910864,"HOLDER_PROFIT":-509272601,"HOLDER_PROFIT_YOY":-140.6320423728,"GROSS_PROFIT_RATIO":0.122124755603,"EPS_TTM":-0.337139118703,"OPERATE_INCOME_QOQ":-3.762678443673,"NET_PROFIT_RATIO":-2.5661288736,"ROE_AVG":-1.760528213049,"GROSS_PROFIT_QOQ":-63.778770145531,"ROA":-0.534300395824,"HOLDER_PROFIT_QOQ":-205.383062170469,"ROE_YEARLY":-7.042112852198,"ROIC_YEARLY":-2.39750692796,"TOTAL_ASSETS":93744253962,"TOTAL_LIABILITIES":61029599559,"TAX_EBT":-8.125245233718,"OCF_SALES":7.28774496316,"TOTAL_PARENT_EQUITY":28654853822,"DEBT_ASSET_RATIO":65.102229715,"OPERATE_PROFIT":-462721643,"PRETAX_PROFIT":-539605141,"NETCASH_OPERATE":1656982367,"NETCASH_INVEST":755697943,"NETCASH_FINANCE":-2850010346,"END_CASH":3947108246,"DIVI_RATIO":null,"DIVIDEND_RATE":null,"CURRENT_RATIO":0.679099366458,"COMMON_ACS":null,"CURRENTDEBT_DEBT":85.362969094424,"ISSUED_COMMON_SHARES":7722104586,"HK_COMMON_SHARES":1732930000,"PER_SHARES":2000,"TOTAL_MARKET_CAP":13436461979.64,"HKSK_MARKET_CAP":3015298200,"PE_TTM":-5.302121622267,"PB_TTM":0.480244445891,"REPORT_DATE_SQ":"2022-03-31 00:00:00","REPORT_TYPE_SQ":"2022年一季报","OPERATE_INCOME_SQ":26580269666,"DPS_HKD":null,"OPERATE_INCOME_QOQ_SQ":2.367150954417,"NET_PROFIT_RATIO_SQ":4.9762672299,"HOLDER_PROFIT_SQ":1253376821,"HOLDER_PROFIT_QOQ_SQ":-4.828874641237,"ROE_AVG_SQ":3.754974624817,"PE_TTM_SQ":-2.682486690028,"PB_TTM_SQ":0.307826355082,"ROA_SQ":1.375954220226,"START_DATE":"2023-01-01 00:00:00","FISCAL_YEAR":"12-31","CURRENCY":"HKD","IS_CNY_CODE":0,"DPS_HKD_LY":0.02195,"ORG_TYPE":"一般企业","PREMIUM_INCOME":null,"PREMIUM_INCOME_YOY":null,"NET_INTEREST_INCOME":null,"NET_INTEREST_INCOME_YOY":null,"FEE_COMMISSION_INCOME":null,"FEE_COMMISSION_INCOME_YOY":null,"ACCOUNTS_RECE_TDAYS":3.822677841455,"INVENTORY_TDAYS":2.011488847124,"CURRENT_ASSETS_TDAYS":0.608776606713,"TOTAL_ASSETS_TDAYS":0.238539280599,"PREMIUM_EXPENSE":null,"LOAN_DEPOSIT":null,"LOAN_EQUITY":null,"LOAN_ASSETS":null,"DEPOSIT_EQUITY":null,"DEPOSIT_ASSETS":null,"EQUITY_MULTIPLIER":2.865512586716,"EQUITY_RATIO":2.129817165989},{"SECUCODE":"00323.HK","SECURITY_CODE":"00323","SECURITY_NAME_ABBR":"马鞍山钢铁股份","ORG_CODE":"10633798","STD_REPORT_DATE":"2022-12-31 00:00:00","REPORT_DATE":"2022-12-31 00:00:00","DATE_TYPE_CODE":"001","REPORT_TYPE":"2022年年报","PER_NETCASH_OPERATE":0.85415781849,"PER_OI":13.137491501626,"BPS":3.780682454746,"BASIC_EPS":-0.115,"DILUTED_EPS":-0.115,"OPERATE_INCOME":102153602375,"OPERATE_INCOME_YOY":-10.2744530539,"GROSS_PROFIT":3307134644,"GROSS_PROFIT_YOY":-71.39981952037,"HOLDER_PROFIT":-857615094,"HOLDER_PROFIT_YOY":-116.0949846731,"GROSS_PROFIT_RATIO":3.237413627235,"EPS_TTM":-0.110372296762,"OPERATE_INCOME_QOQ":-4.837849122027,"NET_PROFIT_RATIO":-0.8025695628,"ROE_AVG":-2.770806755111,"GROSS_PROFIT_QOQ":-53.073579384079,"ROA":-0.91254426442,"HOLDER_PROFIT_QOQ":-61.878087073986,"ROE_YEARLY":-2.770806755111,"ROIC_YEARLY":-1.033365322881,"TOTAL_ASSETS":96892289376,"TOTAL_LIABILITIES":63561399003,"TAX_EBT":-46.132230281522,"OCF_SALES":6.501681225708,"TOTAL_PARENT_EQUITY":29199669295,"DEBT_ASSET_RATIO":65.6033213652,"OPERATE_PROFIT":-41160914,"PRETAX_PROFIT":-560617244,"NETCASH_OPERATE":6641701587,"NETCASH_INVEST":-7097959955,"NETCASH_FINANCE":516569945,"END_CASH":4360738411,"DIVI_RATIO":null,"DIVIDEND_RATE":null,"CURRENT_RATIO":0.726056177138,"COMMON_ACS":null,"CURRENTDEBT_DEBT":85.195678220431,"ISSUED_COMMON_SHARES":7722104586,"HK_COMMON_SHARES":1732930000,"PER_SHARES":2000,"TOTAL_MARKET_CAP":13436461979.64,"HKSK_MARKET_CAP":3015298200,"PE_TTM":-5.302121622267,"PB_TTM":0.480244445891,"REPORT_DATE_SQ":"2021-12-31 00:00:00","REPORT_TYPE_SQ":"2021年年报","OPERATE_INCOME_SQ":113851189379,"DPS_HKD":null,"OPERATE_INCOME_QOQ_SQ":4.241276606554,"NET_PROFIT_RATIO_SQ":5.2647448636,"HOLDER_PROFIT_SQ":5332253043,"HOLDER_PROFIT_QOQ_SQ":-23.301831443499,"ROE_AVG_SQ":17.443054171309,"PE_TTM_SQ":-2.682486690028,"PB_TTM_SQ":0.307826355082,"ROA_SQ":6.203219674445,"START_DATE":"2022-01-01 00:00:00","FISCAL_YEAR":"12-31","CURRENCY":"HKD","IS_CNY_CODE":0,"DPS_HKD_LY":0.409934,"ORG_TYPE":"一般企业","PREMIUM_INCOME":null,"PREMIUM_INCOME_YOY":null,"NET_INTEREST_INCOME":null,"NET_INTEREST_INCOME_YOY":null,"FEE_COMMISSION_INCOME":null,"FEE_COMMISSION_INCOME_YOY":null,"ACCOUNTS_RECE_TDAYS":16.556621864125,"INVENTORY_TDAYS":8.706045698303,"CURRENT_ASSETS_TDAYS":2.474174268872,"TOTAL_ASSETS_TDAYS":1.08619126995,"PREMIUM_EXPENSE":null,"LOAN_DEPOSIT":null,"LOAN_EQUITY":null,"LOAN_ASSETS":null,"DEPOSIT_EQUITY":null,"DEPOSIT_ASSETS":null,"EQUITY_MULTIPLIER":2.907257443712,"EQUITY_RATIO":2.176784893036},{"SECUCODE":"00323.HK","SECURITY_CODE":"00323","SECURITY_NAME_ABBR":"马鞍山钢铁股份","ORG_CODE":"10633798","STD_REPORT_DATE":"2022-09-30 00:00:00","REPORT_DATE":"2022-09-30 00:00:00","DATE_TYPE_CODE":"004","REPORT_TYPE":"2022年三季报","PER_NETCASH_OPERATE":0.77244777762,"PER_OI":10.199839166611,"BPS":3.975553440659,"BASIC_EPS":0.0863,"DILUTED_EPS":0.0863,"OPERATE_INCOME":79311207500,"OPERATE_INCOME_YOY":-7.5794066388,"GROSS_PROFIT":3641218838,"GROSS_PROFIT_YOY":-73.203287523429,"HOLDER_PROFIT":664448496,"HOLDER_PROFIT_YOY":-89.8197976244,"GROSS_PROFIT_RATIO":7.204893424426,"EPS_TTM":-0.068182357944,"OPERATE_INCOME_QOQ":-5.29981275754,"NET_PROFIT_RATIO":0.8532131994,"ROE_AVG":2.094317837309,"GROSS_PROFIT_QOQ":-33.984931429218,"ROA":0.719805334052,"HOLDER_PROFIT_QOQ":-125.054747949065,"ROE_YEARLY":2.792423783079,"ROIC_YEARLY":0.814484883208,"TOTAL_ASSETS":93411198956,"TOTAL_LIABILITIES":58514698173,"TAX_EBT":32.458436760747,"OCF_SALES":7.573136840717,"TOTAL_PARENT_EQUITY":30699639456,"DEBT_ASSET_RATIO":62.642058797,"OPERATE_PROFIT":1450278550,"PRETAX_PROFIT":1001892255,"NETCASH_OPERATE":6006346274,"NETCASH_INVEST":-4448276793,"NETCASH_FINANCE":-2318234232,"END_CASH":3480460799,"DIVI_RATIO":null,"DIVIDEND_RATE":null,"CURRENT_RATIO":0.790009867476,"COMMON_ACS":null,"CURRENTDEBT_DEBT":87.780557722676,"ISSUED_COMMON_SHARES":7722104586,"HK_COMMON_SHARES":1732930000,"PER_SHARES":2000,"TOTAL_MARKET_CAP":13436461979.64,"HKSK_MARKET_CAP":3015298200,"PE_TTM":-5.302121622267,"PB_TTM":0.480244445891,"REPORT_DATE_SQ":"2021-09-30 00:00:00","REPORT_TYPE_SQ":"2021年三季报","OPERATE_INCOME_SQ":85815514287,"DPS_HKD":null,"OPERATE_INCOME_QOQ_SQ":8.085388164744,"NET_PROFIT_RATIO_SQ":8.2762408942,"HOLDER_PROFIT_SQ":6526869226,"HOLDER_PROFIT_QOQ_SQ":19.576131135553,"ROE_AVG_SQ":20.949203821734,"PE_TTM_SQ":-2.682486690028,"PB_TTM_SQ":0.307826355082,"ROA_SQ":7.546263301014,"START_DATE":"2022-01-01 00:00:00","FISCAL_YEAR":"12-31","CURRENCY":"HKD","IS_CNY_CODE":0,"DPS_HKD_LY":0.409934,"ORG_TYPE":"一般企业","PREMIUM_INCOME":null,"PREMIUM_INCOME_YOY":null,"NET_INTEREST_INCOME":null,"NET_INTEREST_INCOME_YOY":null,"FEE_COMMISSION_INCOME":null,"FEE_COMMISSION_INCOME_YOY":null,"ACCOUNTS_RECE_TDAYS":12.177998443428,"INVENTORY_TDAYS":6.033127068181,"CURRENT_ASSETS_TDAYS":1.892026278571,"TOTAL_ASSETS_TDAYS":0.859188192197,"PREMIUM_EXPENSE":null,"LOAN_DEPOSIT":null,"LOAN_EQUITY":null,"LOAN_ASSETS":null,"DEPOSIT_EQUITY":null,"DEPOSIT_ASSETS":null,"EQUITY_MULTIPLIER":2.676807039676,"EQUITY_RATIO":1.90603861185}],"count":79},"success":true,"message":"ok","code":0}