{"version":"40766a9f9d37c1de100c17f42cbbfa88","result":{"pages":5,"data":[{"SECUCODE":"00320.HK","SECURITY_CODE":"00320","SECURITY_NAME_ABBR":"金宝通","ORG_CODE":"10094239","STD_REPORT_DATE":"2024-06-30 00:00:00","REPORT_DATE":"2024-09-30 00:00:00","DATE_TYPE_CODE":"002","REPORT_TYPE":"2024年中报","PER_NETCASH_OPERATE":0.094757842097,"PER_OI":1.938697584447,"BPS":1.452946443326,"BASIC_EPS":0.030841218,"DILUTED_EPS":0.03066086,"OPERATE_INCOME":1633430262.8,"OPERATE_INCOME_YOY":-11.5068632356,"GROSS_PROFIT":255147953.65,"GROSS_PROFIT_YOY":-9.55337459392,"HOLDER_PROFIT":25978766.32,"HOLDER_PROFIT_YOY":-23.6044445623,"GROSS_PROFIT_RATIO":15.620376300157,"EPS_TTM":0.091212353835,"OPERATE_INCOME_QOQ":0,"NET_PROFIT_RATIO":1.5168495904,"ROE_AVG":2.104139109247,"GROSS_PROFIT_QOQ":0,"ROA":1.077210828646,"HOLDER_PROFIT_QOQ":0,"ROE_YEARLY":4.208278218494,"ROIC_YEARLY":2.352272098634,"TOTAL_ASSETS":2459812583,"TOTAL_LIABILITIES":1233512549.71,"TAX_EBT":19.000589622642,"OCF_SALES":4.887706203211,"TOTAL_PARENT_EQUITY":1224165496.36,"DEBT_ASSET_RATIO":50.1466070316,"OPERATE_PROFIT":56602652.93,"PRETAX_PROFIT":30588716.8,"NETCASH_OPERATE":79837272.28,"NETCASH_INVEST":-54023533.53,"NETCASH_FINANCE":-37740813.29,"END_CASH":181639443.59,"DIVI_RATIO":0.496944745907,"DIVIDEND_RATE":12.19512195122,"CURRENT_RATIO":1.407132880477,"COMMON_ACS":5000000000,"CURRENTDEBT_DEBT":93.482394621044,"ISSUED_COMMON_SHARES":842540000,"HK_COMMON_SHARES":842540000,"PER_SHARES":2000,"TOTAL_MARKET_CAP":345441400,"HKSK_MARKET_CAP":345441400,"PE_TTM":4.553009713856,"PB_TTM":0.254471802246,"REPORT_DATE_SQ":"2023-06-30 00:00:00","REPORT_TYPE_SQ":"2023年中报","OPERATE_INCOME_SQ":1878249130.24,"DPS_HKD":0.05,"OPERATE_INCOME_QOQ_SQ":0,"NET_PROFIT_RATIO_SQ":1.8417097899,"HOLDER_PROFIT_SQ":34602909.67,"HOLDER_PROFIT_QOQ_SQ":0,"ROE_AVG_SQ":2.874578968974,"PE_TTM_SQ":10.660091895851,"PB_TTM_SQ":0.245266087473,"ROA_SQ":1.288449500734,"START_DATE":"2024-04-01 00:00:00","FISCAL_YEAR":"3-31","CURRENCY":"HKD","IS_CNY_CODE":0,"DPS_HKD_LY":0.05,"ORG_TYPE":"一般企业","PREMIUM_INCOME":null,"PREMIUM_INCOME_YOY":null,"NET_INTEREST_INCOME":null,"NET_INTEREST_INCOME_YOY":null,"FEE_COMMISSION_INCOME":null,"FEE_COMMISSION_INCOME_YOY":null,"ACCOUNTS_RECE_TDAYS":3.526572634854,"INVENTORY_TDAYS":1.732725293911,"CURRENT_ASSETS_TDAYS":1.044950007312,"TOTAL_ASSETS_TDAYS":0.677302665282,"PREMIUM_EXPENSE":null,"LOAN_DEPOSIT":null,"LOAN_EQUITY":null,"LOAN_ASSETS":null,"DEPOSIT_EQUITY":null,"DEPOSIT_ASSETS":null,"EQUITY_MULTIPLIER":2.005881526727,"EQUITY_RATIO":1.00763544911},{"SECUCODE":"00320.HK","SECURITY_CODE":"00320","SECURITY_NAME_ABBR":"金宝通","ORG_CODE":"10094239","STD_REPORT_DATE":"2023-12-31 00:00:00","REPORT_DATE":"2024-03-31 00:00:00","DATE_TYPE_CODE":"001","REPORT_TYPE":"2023年年报","PER_NETCASH_OPERATE":0.362541453996,"PER_OI":4.344581750303,"BPS":1.485636330501,"BASIC_EPS":0.09156155,"DILUTED_EPS":0.09138024,"OPERATE_INCOME":3660483907.9,"OPERATE_INCOME_YOY":-3.9704011926,"GROSS_PROFIT":572104667.45,"GROSS_PROFIT_YOY":28.445915702546,"HOLDER_PROFIT":76850056.6,"HOLDER_PROFIT_YOY":276.6974760043,"GROSS_PROFIT_RATIO":15.629208646848,"EPS_TTM":0.032055500688,"OPERATE_INCOME_QOQ":0,"NET_PROFIT_RATIO":2.0781521109,"ROE_AVG":6.281785179427,"GROSS_PROFIT_QOQ":0,"ROA":3.04844291964,"HOLDER_PROFIT_QOQ":0,"ROE_YEARLY":6.281785179427,"ROIC_YEARLY":3.378099972185,"TOTAL_ASSETS":2376002278.4,"TOTAL_LIABILITIES":1120940916.05,"TAX_EBT":22.000371816323,"OCF_SALES":8.344680220852,"TOTAL_PARENT_EQUITY":1251708033.9,"DEBT_ASSET_RATIO":47.1776027422,"OPERATE_PROFIT":155191387.95,"PRETAX_PROFIT":97526649,"NETCASH_OPERATE":305455676.65,"NETCASH_INVEST":-140737354.75,"NETCASH_FINANCE":-206327153.8,"END_CASH":191122497.2,"DIVI_RATIO":1.414031883034,"DIVIDEND_RATE":12.19512195122,"CURRENT_RATIO":1.467726475354,"COMMON_ACS":5000000000,"CURRENTDEBT_DEBT":91.882350943112,"ISSUED_COMMON_SHARES":842540000,"HK_COMMON_SHARES":842540000,"PER_SHARES":2000,"TOTAL_MARKET_CAP":345441400,"HKSK_MARKET_CAP":345441400,"PE_TTM":4.553009713856,"PB_TTM":0.254471802246,"REPORT_DATE_SQ":"2022-12-31 00:00:00","REPORT_TYPE_SQ":"2022年年报","OPERATE_INCOME_SQ":3680892453.24,"DPS_HKD":0.05,"OPERATE_INCOME_QOQ_SQ":0,"NET_PROFIT_RATIO_SQ":0.5598173881,"HOLDER_PROFIT_SQ":19700226.64,"HOLDER_PROFIT_QOQ_SQ":0,"ROE_AVG_SQ":1.66410255557,"PE_TTM_SQ":10.800356262902,"PB_TTM_SQ":0.248493272835,"ROA_SQ":0.784016569422,"START_DATE":"2023-04-01 00:00:00","FISCAL_YEAR":"3-31","CURRENCY":"HKD","IS_CNY_CODE":0,"DPS_HKD_LY":0.021,"ORG_TYPE":"一般企业","PREMIUM_INCOME":null,"PREMIUM_INCOME_YOY":null,"NET_INTEREST_INCOME":null,"NET_INTEREST_INCOME_YOY":null,"FEE_COMMISSION_INCOME":null,"FEE_COMMISSION_INCOME_YOY":null,"ACCOUNTS_RECE_TDAYS":7.585520358591,"INVENTORY_TDAYS":3.799098495299,"CURRENT_ASSETS_TDAYS":2.212498164388,"TOTAL_ASSETS_TDAYS":1.452019262598,"PREMIUM_EXPENSE":null,"LOAN_DEPOSIT":null,"LOAN_EQUITY":null,"LOAN_ASSETS":null,"DEPOSIT_EQUITY":null,"DEPOSIT_ASSETS":null,"EQUITY_MULTIPLIER":1.893136343509,"EQUITY_RATIO":0.895529057649},{"SECUCODE":"00320.HK","SECURITY_CODE":"00320","SECURITY_NAME_ABBR":"金宝通","ORG_CODE":"10094239","STD_REPORT_DATE":"2023-06-30 00:00:00","REPORT_DATE":"2023-09-30 00:00:00","DATE_TYPE_CODE":"002","REPORT_TYPE":"2023年中报","PER_NETCASH_OPERATE":0.10959630598,"PER_OI":2.229269981532,"BPS":1.421718769162,"BASIC_EPS":0.041109824,"DILUTED_EPS":0.041109824,"OPERATE_INCOME":1878249130.24,"OPERATE_INCOME_YOY":-2.0881128917,"GROSS_PROFIT":282097814.6,"GROSS_PROFIT_YOY":16.617236028164,"HOLDER_PROFIT":34602909.67,"HOLDER_PROFIT_YOY":24.9511249544,"GROSS_PROFIT_RATIO":15.019190482146,"EPS_TTM":0.023381948204,"OPERATE_INCOME_QOQ":0,"NET_PROFIT_RATIO":1.8417097899,"ROE_AVG":2.874578968974,"GROSS_PROFIT_QOQ":0,"ROA":1.288449500734,"HOLDER_PROFIT_QOQ":0,"ROE_YEARLY":5.749157937948,"ROIC_YEARLY":2.863105241839,"TOTAL_ASSETS":2672745113.43,"TOTAL_LIABILITIES":1470736070.65,"TAX_EBT":22.000827643286,"OCF_SALES":4.916241948596,"TOTAL_PARENT_EQUITY":1197854931.77,"DEBT_ASSET_RATIO":55.0271727468,"OPERATE_PROFIT":75842119.5,"PRETAX_PROFIT":44349057.9,"NETCASH_OPERATE":92339271.64,"NETCASH_INVEST":-81348817.13,"NETCASH_FINANCE":-73327813.3,"END_CASH":169579859.26,"DIVI_RATIO":1.938568146848,"DIVIDEND_RATE":11.764705882353,"CURRENT_RATIO":1.28052085055,"COMMON_ACS":5000000000,"CURRENTDEBT_DEBT":94.748916709042,"ISSUED_COMMON_SHARES":842540000,"HK_COMMON_SHARES":842540000,"PER_SHARES":2000,"TOTAL_MARKET_CAP":358079500,"HKSK_MARKET_CAP":358079500,"PE_TTM":4.719583239973,"PB_TTM":0.263781746231,"REPORT_DATE_SQ":"2022-06-30 00:00:00","REPORT_TYPE_SQ":"2022年中报","OPERATE_INCOME_SQ":1890731820,"DPS_HKD":0.05,"OPERATE_INCOME_QOQ_SQ":0,"NET_PROFIT_RATIO_SQ":1.4470700789,"HOLDER_PROFIT_SQ":27295094.76,"HOLDER_PROFIT_QOQ_SQ":0,"ROE_AVG_SQ":2.235532815939,"PE_TTM_SQ":10.239298794699,"PB_TTM_SQ":0.235584531389,"ROA_SQ":1.055477534598,"START_DATE":"2023-04-01 00:00:00","FISCAL_YEAR":"3-31","CURRENCY":"HKD","IS_CNY_CODE":0,"DPS_HKD_LY":0.021,"ORG_TYPE":"一般企业","PREMIUM_INCOME":null,"PREMIUM_INCOME_YOY":null,"NET_INTEREST_INCOME":null,"NET_INTEREST_INCOME_YOY":null,"FEE_COMMISSION_INCOME":null,"FEE_COMMISSION_INCOME_YOY":null,"ACCOUNTS_RECE_TDAYS":3.492971302436,"INVENTORY_TDAYS":1.835658738023,"CURRENT_ASSETS_TDAYS":1.04242506345,"TOTAL_ASSETS_TDAYS":0.699371578053,"PREMIUM_EXPENSE":null,"LOAN_DEPOSIT":null,"LOAN_EQUITY":null,"LOAN_ASSETS":null,"DEPOSIT_EQUITY":null,"DEPOSIT_ASSETS":null,"EQUITY_MULTIPLIER":2.223564897021,"EQUITY_RATIO":1.227808169122},{"SECUCODE":"00320.HK","SECURITY_CODE":"00320","SECURITY_NAME_ABBR":"金宝通","ORG_CODE":"10094239","STD_REPORT_DATE":"2022-12-31 00:00:00","REPORT_DATE":"2023-03-31 00:00:00","DATE_TYPE_CODE":"001","REPORT_TYPE":"2022年年报","PER_NETCASH_OPERATE":0.327398186496,"PER_OI":4.368804392955,"BPS":1.369668476749,"BASIC_EPS":0.023373447,"DILUTED_EPS":0.023373447,"OPERATE_INCOME":3680892453.24,"OPERATE_INCOME_YOY":0.476315531,"GROSS_PROFIT":445405106.36,"GROSS_PROFIT_YOY":2.216506360198,"HOLDER_PROFIT":19700226.64,"HOLDER_PROFIT_YOY":-73.2817267622,"GROSS_PROFIT_RATIO":12.100465091501,"EPS_TTM":0.079699523667,"OPERATE_INCOME_QOQ":0,"NET_PROFIT_RATIO":0.5598173881,"ROE_AVG":1.66410255557,"GROSS_PROFIT_QOQ":0,"ROA":0.784016569422,"HOLDER_PROFIT_QOQ":0,"ROE_YEARLY":1.66410255557,"ROIC_YEARLY":0.886484033518,"TOTAL_ASSETS":2574345324.71,"TOTAL_LIABILITIES":1416339845.56,"TAX_EBT":25.015927624873,"OCF_SALES":7.493999663239,"TOTAL_PARENT_EQUITY":1154000478.4,"DEBT_ASSET_RATIO":55.0174769471,"OPERATE_PROFIT":71261875.64,"PRETAX_PROFIT":27480870.72,"NETCASH_OPERATE":275846068.05,"NETCASH_INVEST":-143125157.95,"NETCASH_FINANCE":-177957721.85,"END_CASH":222120405.53,"DIVI_RATIO":0.568729873338,"DIVIDEND_RATE":11.904761904762,"CURRENT_RATIO":1.325589745647,"COMMON_ACS":5000000000,"CURRENTDEBT_DEBT":92.437431856784,"ISSUED_COMMON_SHARES":842540000,"HK_COMMON_SHARES":842540000,"PER_SHARES":2000,"TOTAL_MARKET_CAP":353866800,"HKSK_MARKET_CAP":353866800,"PE_TTM":4.664058731268,"PB_TTM":0.260678431569,"REPORT_DATE_SQ":"2021-12-31 00:00:00","REPORT_TYPE_SQ":"2021年年报","OPERATE_INCOME_SQ":3393939789.31,"DPS_HKD":0.05,"OPERATE_INCOME_QOQ_SQ":0,"NET_PROFIT_RATIO_SQ":2.0005586844,"HOLDER_PROFIT_SQ":68308939.27,"HOLDER_PROFIT_QOQ_SQ":0,"ROE_AVG_SQ":6.049028102805,"PE_TTM_SQ":10.239298794699,"PB_TTM_SQ":0.235584531389,"ROA_SQ":3.185840641019,"START_DATE":"2022-04-01 00:00:00","FISCAL_YEAR":"3-31","CURRENCY":"HKD","IS_CNY_CODE":0,"DPS_HKD_LY":0.0475,"ORG_TYPE":"一般企业","PREMIUM_INCOME":null,"PREMIUM_INCOME_YOY":null,"NET_INTEREST_INCOME":null,"NET_INTEREST_INCOME_YOY":null,"FEE_COMMISSION_INCOME":null,"FEE_COMMISSION_INCOME_YOY":null,"ACCOUNTS_RECE_TDAYS":7.975750839113,"INVENTORY_TDAYS":3.879560438638,"CURRENT_ASSETS_TDAYS":2.157159285014,"TOTAL_ASSETS_TDAYS":1.464897194503,"PREMIUM_EXPENSE":null,"LOAN_DEPOSIT":null,"LOAN_EQUITY":null,"LOAN_ASSETS":null,"DEPOSIT_EQUITY":null,"DEPOSIT_ASSETS":null,"EQUITY_MULTIPLIER":2.22308561666,"EQUITY_RATIO":1.2273303799},{"SECUCODE":"00320.HK","SECURITY_CODE":"00320","SECURITY_NAME_ABBR":"金宝通","ORG_CODE":"10094239","STD_REPORT_DATE":"2022-06-30 00:00:00","REPORT_DATE":"2022-09-30 00:00:00","DATE_TYPE_CODE":"002","REPORT_TYPE":"2022年中报","PER_NETCASH_OPERATE":0.154192989769,"PER_OI":2.244085527097,"BPS":1.410040359247,"BASIC_EPS":0.032378952,"DILUTED_EPS":0.032378952,"OPERATE_INCOME":1890731820,"OPERATE_INCOME_YOY":13.8488818793,"GROSS_PROFIT":241900617.96,"GROSS_PROFIT_YOY":13.5354455677,"HOLDER_PROFIT":27295094.76,"HOLDER_PROFIT_YOY":-11.6436350861,"GROSS_PROFIT_RATIO":12.794020569242,"EPS_TTM":0.081075010409,"OPERATE_INCOME_QOQ":0,"NET_PROFIT_RATIO":1.4470700789,"ROE_AVG":2.235532815939,"GROSS_PROFIT_QOQ":0,"ROA":1.055477534598,"HOLDER_PROFIT_QOQ":0,"ROE_YEARLY":4.471065631877,"ROIC_YEARLY":2.435112451176,"TOTAL_ASSETS":2639685017.4,"TOTAL_LIABILITIES":1448431717.92,"TAX_EBT":24.998760351069,"OCF_SALES":6.871083472853,"TOTAL_PARENT_EQUITY":1188015404.28,"DEBT_ASSET_RATIO":54.8713845922,"OPERATE_PROFIT":53677609.56,"PRETAX_PROFIT":36479682.96,"NETCASH_OPERATE":129913761.6,"NETCASH_INVEST":-91421699.64,"NETCASH_FINANCE":6957856.92,"END_CASH":311043247.08,"DIVI_RATIO":0.55908102597,"DIVIDEND_RATE":11.904761904762,"CURRENT_RATIO":1.34266147419,"COMMON_ACS":5000000000,"CURRENTDEBT_DEBT":95.226816895498,"ISSUED_COMMON_SHARES":842540000,"HK_COMMON_SHARES":842540000,"PER_SHARES":2000,"TOTAL_MARKET_CAP":353866800,"HKSK_MARKET_CAP":353866800,"PE_TTM":4.664058731268,"PB_TTM":0.260678431569,"REPORT_DATE_SQ":"2021-06-30 00:00:00","REPORT_TYPE_SQ":"2021年中报","OPERATE_INCOME_SQ":1529669770.36,"DPS_HKD":0.05,"OPERATE_INCOME_QOQ_SQ":0,"NET_PROFIT_RATIO_SQ":1.8601398754,"HOLDER_PROFIT_SQ":28453997.36,"HOLDER_PROFIT_QOQ_SQ":0,"ROE_AVG_SQ":2.465553284132,"PE_TTM_SQ":10.239298794699,"PB_TTM_SQ":0.235584531389,"ROA_SQ":1.294466738333,"START_DATE":"2022-04-01 00:00:00","FISCAL_YEAR":"3-31","CURRENCY":"HKD","IS_CNY_CODE":0,"DPS_HKD_LY":0.0475,"ORG_TYPE":"一般企业","PREMIUM_INCOME":null,"PREMIUM_INCOME_YOY":null,"NET_INTEREST_INCOME":null,"NET_INTEREST_INCOME_YOY":null,"FEE_COMMISSION_INCOME":null,"FEE_COMMISSION_INCOME_YOY":null,"ACCOUNTS_RECE_TDAYS":4.837317573775,"INVENTORY_TDAYS":1.775138877394,"CURRENT_ASSETS_TDAYS":1.05486961978,"TOTAL_ASSETS_TDAYS":0.731129522541,"PREMIUM_EXPENSE":null,"LOAN_DEPOSIT":null,"LOAN_EQUITY":null,"LOAN_ASSETS":null,"DEPOSIT_EQUITY":null,"DEPOSIT_ASSETS":null,"EQUITY_MULTIPLIER":2.215888945326,"EQUITY_RATIO":1.219202808905},{"SECUCODE":"00320.HK","SECURITY_CODE":"00320","SECURITY_NAME_ABBR":"金宝通","ORG_CODE":"10094239","STD_REPORT_DATE":"2021-12-31 00:00:00","REPORT_DATE":"2022-03-31 00:00:00","DATE_TYPE_CODE":"001","REPORT_TYPE":"2021年年报","PER_NETCASH_OPERATE":-0.196066437071,"PER_OI":4.028223929202,"BPS":1.334518331486,"BASIC_EPS":0.081182101,"DILUTED_EPS":0.081101,"OPERATE_INCOME":3393939789.31,"OPERATE_INCOME_YOY":16.3532555204,"GROSS_PROFIT":435746751.89,"GROSS_PROFIT_YOY":10.686771171963,"HOLDER_PROFIT":68308939.27,"HOLDER_PROFIT_YOY":3.4844147387,"GROSS_PROFIT_RATIO":12.838965301108,"EPS_TTM":0.113221281387,"OPERATE_INCOME_QOQ":0,"NET_PROFIT_RATIO":2.0005586844,"ROE_AVG":6.049028102805,"GROSS_PROFIT_QOQ":0,"ROA":3.185840641019,"HOLDER_PROFIT_QOQ":0,"ROE_YEARLY":6.049028102805,"ROIC_YEARLY":3.876821050006,"TOTAL_ASSETS":2270798803.64,"TOTAL_LIABILITIES":1143585736.76,"TAX_EBT":18.608607732766,"OCF_SALES":-4.867317222607,"TOTAL_PARENT_EQUITY":1124385075.01,"DEBT_ASSET_RATIO":50.3605046351,"OPERATE_PROFIT":94284778.56,"PRETAX_PROFIT":83421299.61,"NETCASH_OPERATE":-124671701.24,"NETCASH_INVEST":-187098384.98,"NETCASH_FINANCE":79735259.16,"END_CASH":244728755.58,"DIVI_RATIO":0.400344347323,"DIVIDEND_RATE":11.904761904762,"CURRENT_RATIO":1.449428112548,"COMMON_ACS":5000000000,"CURRENTDEBT_DEBT":93.743245044948,"ISSUED_COMMON_SHARES":842540000,"HK_COMMON_SHARES":842540000,"PER_SHARES":2000,"TOTAL_MARKET_CAP":353866800,"HKSK_MARKET_CAP":353866800,"PE_TTM":4.664058731268,"PB_TTM":0.260678431569,"REPORT_DATE_SQ":"2020-12-31 00:00:00","REPORT_TYPE_SQ":"2020年年报","OPERATE_INCOME_SQ":3039825098.8,"DPS_HKD":0.05,"OPERATE_INCOME_QOQ_SQ":0,"NET_PROFIT_RATIO_SQ":2.2629606357,"HOLDER_PROFIT_SQ":68790045.38,"HOLDER_PROFIT_QOQ_SQ":0,"ROE_AVG_SQ":6.125786693681,"PE_TTM_SQ":10.239298794699,"PB_TTM_SQ":0.235584531389,"ROA_SQ":3.379935786577,"START_DATE":"2021-04-01 00:00:00","FISCAL_YEAR":"3-31","CURRENCY":"HKD","IS_CNY_CODE":0,"DPS_HKD_LY":0.0595,"ORG_TYPE":"一般企业","PREMIUM_INCOME":null,"PREMIUM_INCOME_YOY":null,"NET_INTEREST_INCOME":null,"NET_INTEREST_INCOME_YOY":null,"FEE_COMMISSION_INCOME":null,"FEE_COMMISSION_INCOME_YOY":null,"ACCOUNTS_RECE_TDAYS":9.263260998768,"INVENTORY_TDAYS":4.354995830117,"CURRENT_ASSETS_TDAYS":2.244879884688,"TOTAL_ASSETS_TDAYS":1.582889652439,"PREMIUM_EXPENSE":null,"LOAN_DEPOSIT":null,"LOAN_EQUITY":null,"LOAN_ASSETS":null,"DEPOSIT_EQUITY":null,"DEPOSIT_ASSETS":null,"EQUITY_MULTIPLIER":2.014524911361,"EQUITY_RATIO":1.017076588952},{"SECUCODE":"00320.HK","SECURITY_CODE":"00320","SECURITY_NAME_ABBR":"金宝通","ORG_CODE":"10094239","STD_REPORT_DATE":"2021-06-30 00:00:00","REPORT_DATE":"2021-09-30 00:00:00","DATE_TYPE_CODE":"002","REPORT_TYPE":"2021年中报","PER_NETCASH_OPERATE":-0.117373322976,"PER_OI":1.815545576898,"BPS":1.356805911601,"BASIC_EPS":0.033822236,"DILUTED_EPS":0.03373893,"OPERATE_INCOME":1529669770.36,"OPERATE_INCOME_YOY":22.2576510655,"GROSS_PROFIT":213061759.48,"GROSS_PROFIT_YOY":40.778427581682,"HOLDER_PROFIT":28453997.36,"HOLDER_PROFIT_YOY":1521.8423551757,"GROSS_PROFIT_RATIO":13.92861149566,"EPS_TTM":0.081918266821,"OPERATE_INCOME_QOQ":0,"NET_PROFIT_RATIO":1.8601398754,"ROE_AVG":2.465553284132,"GROSS_PROFIT_QOQ":0,"ROA":1.294466738333,"HOLDER_PROFIT_QOQ":0,"ROE_YEARLY":4.931106568264,"ROIC_YEARLY":3.1919720352,"TOTAL_ASSETS":2323913339.66,"TOTAL_LIABILITIES":1180742589.36,"TAX_EBT":17.823116158214,"OCF_SALES":-6.464906442959,"TOTAL_PARENT_EQUITY":1143163252.76,"DEBT_ASSET_RATIO":50.8083743576,"OPERATE_PROFIT":37909228.36,"PRETAX_PROFIT":34625305.84,"NETCASH_OPERATE":-98891719.54,"NETCASH_INVEST":-65525167.36,"NETCASH_FINANCE":-14221167.26,"END_CASH":307398306.94,"DIVI_RATIO":0.553325915686,"DIVIDEND_RATE":11.904761904762,"CURRENT_RATIO":1.527070218205,"COMMON_ACS":5000000000,"CURRENTDEBT_DEBT":95.252216098143,"ISSUED_COMMON_SHARES":842540000,"HK_COMMON_SHARES":842540000,"PER_SHARES":2000,"TOTAL_MARKET_CAP":353866800,"HKSK_MARKET_CAP":353866800,"PE_TTM":4.664058731268,"PB_TTM":0.260678431569,"REPORT_DATE_SQ":"2020-06-30 00:00:00","REPORT_TYPE_SQ":"2020年中报","OPERATE_INCOME_SQ":1319762748.8,"DPS_HKD":0.05,"OPERATE_INCOME_QOQ_SQ":0,"NET_PROFIT_RATIO_SQ":0.1402209845,"HOLDER_PROFIT_SQ":1850584.32,"HOLDER_PROFIT_QOQ_SQ":0,"ROE_AVG_SQ":0.169853092399,"PE_TTM_SQ":10.239298794699,"PB_TTM_SQ":0.235584531389,"ROA_SQ":0.091861831256,"START_DATE":"2021-04-01 00:00:00","FISCAL_YEAR":"3-31","CURRENCY":"HKD","IS_CNY_CODE":0,"DPS_HKD_LY":0.0595,"ORG_TYPE":"一般企业","PREMIUM_INCOME":null,"PREMIUM_INCOME_YOY":null,"NET_INTEREST_INCOME":null,"NET_INTEREST_INCOME_YOY":null,"FEE_COMMISSION_INCOME":null,"FEE_COMMISSION_INCOME_YOY":null,"ACCOUNTS_RECE_TDAYS":4.125642733808,"INVENTORY_TDAYS":1.741896552959,"CURRENT_ASSETS_TDAYS":0.947952360929,"TOTAL_ASSETS_TDAYS":0.695897526563,"PREMIUM_EXPENSE":null,"LOAN_DEPOSIT":null,"LOAN_EQUITY":null,"LOAN_ASSETS":null,"DEPOSIT_EQUITY":null,"DEPOSIT_ASSETS":null,"EQUITY_MULTIPLIER":2.032866340441,"EQUITY_RATIO":1.032873114587},{"SECUCODE":"00320.HK","SECURITY_CODE":"00320","SECURITY_NAME_ABBR":"金宝通","ORG_CODE":"10094239","STD_REPORT_DATE":"2020-12-31 00:00:00","REPORT_DATE":"2021-03-31 00:00:00","DATE_TYPE_CODE":"001","REPORT_TYPE":"2020年年报","PER_NETCASH_OPERATE":0.418548990045,"PER_OI":3.619959867102,"BPS":1.40279175327,"BASIC_EPS":0.081897942,"DILUTED_EPS":0.081897942,"OPERATE_INCOME":3039825098.8,"OPERATE_INCOME_YOY":10.2425872706,"GROSS_PROFIT":393675547.02,"GROSS_PROFIT_YOY":-1.660531167465,"HOLDER_PROFIT":68790045.38,"HOLDER_PROFIT_YOY":640.3893386701,"GROSS_PROFIT_RATIO":12.950598610934,"EPS_TTM":-0.003760514516,"OPERATE_INCOME_QOQ":0,"NET_PROFIT_RATIO":2.2629606357,"ROE_AVG":6.125786693681,"GROSS_PROFIT_QOQ":0,"ROA":3.379935786577,"HOLDER_PROFIT_QOQ":0,"ROE_YEARLY":6.125786693681,"ROIC_YEARLY":4.291783936987,"TOTAL_ASSETS":2102486671.6,"TOTAL_LIABILITIES":920570901.18,"TAX_EBT":20.58949792183,"OCF_SALES":11.56225498101,"TOTAL_PARENT_EQUITY":1181908163.8,"DEBT_ASSET_RATIO":43.7848626398,"OPERATE_PROFIT":95484210.5,"PRETAX_PROFIT":86625878.92,"NETCASH_OPERATE":351472328.9,"NETCASH_INVEST":-153149996.72,"NETCASH_FINANCE":-85538977.44,"END_CASH":491948851.52,"DIVI_RATIO":-12.053536770659,"DIVIDEND_RATE":11.904761904762,"CURRENT_RATIO":1.775550890173,"COMMON_ACS":5000000000,"CURRENTDEBT_DEBT":93.716127693603,"ISSUED_COMMON_SHARES":842540000,"HK_COMMON_SHARES":842540000,"PER_SHARES":2000,"TOTAL_MARKET_CAP":353866800,"HKSK_MARKET_CAP":353866800,"PE_TTM":4.664058731268,"PB_TTM":0.260678431569,"REPORT_DATE_SQ":"2019-12-31 00:00:00","REPORT_TYPE_SQ":"2019年年报","OPERATE_INCOME_SQ":2980942595.2,"DPS_HKD":0.05,"OPERATE_INCOME_QOQ_SQ":0,"NET_PROFIT_RATIO_SQ":0.3363375771,"HOLDER_PROFIT_SQ":10044304.1,"HOLDER_PROFIT_QOQ_SQ":0,"ROE_AVG_SQ":0.863178070424,"PE_TTM_SQ":10.239298794699,"PB_TTM_SQ":0.235584531389,"ROA_SQ":0.483732817375,"START_DATE":"2020-04-01 00:00:00","FISCAL_YEAR":"3-31","CURRENCY":"HKD","IS_CNY_CODE":0,"DPS_HKD_LY":0.0131,"ORG_TYPE":"一般企业","PREMIUM_INCOME":null,"PREMIUM_INCOME_YOY":null,"NET_INTEREST_INCOME":null,"NET_INTEREST_INCOME_YOY":null,"FEE_COMMISSION_INCOME":null,"FEE_COMMISSION_INCOME_YOY":null,"ACCOUNTS_RECE_TDAYS":8.044716479136,"INVENTORY_TDAYS":4.295045130012,"CURRENT_ASSETS_TDAYS":2.038729315669,"TOTAL_ASSETS_TDAYS":1.493590181488,"PREMIUM_EXPENSE":null,"LOAN_DEPOSIT":null,"LOAN_EQUITY":null,"LOAN_ASSETS":null,"DEPOSIT_EQUITY":null,"DEPOSIT_ASSETS":null,"EQUITY_MULTIPLIER":1.778880292674,"EQUITY_RATIO":0.778885305454},{"SECUCODE":"00320.HK","SECURITY_CODE":"00320","SECURITY_NAME_ABBR":"金宝通","ORG_CODE":"10094239","STD_REPORT_DATE":"2020-06-30 00:00:00","REPORT_DATE":"2020-09-30 00:00:00","DATE_TYPE_CODE":"002","REPORT_TYPE":"2020年中报","PER_NETCASH_OPERATE":0.117136157382,"PER_OI":1.571632587229,"BPS":1.273302346144,"BASIC_EPS":0.0021968,"DILUTED_EPS":0.0021968,"OPERATE_INCOME":1319762748.8,"OPERATE_INCOME_YOY":-6.2101511089,"GROSS_PROFIT":151345460.48,"GROSS_PROFIT_YOY":-24.77104549428,"HOLDER_PROFIT":1850584.32,"HOLDER_PROFIT_YOY":-87.3801534036,"GROSS_PROFIT_RATIO":11.467626330385,"EPS_TTM":0.011961207159,"OPERATE_INCOME_QOQ":0,"NET_PROFIT_RATIO":0.1402209845,"ROE_AVG":0.169853092399,"GROSS_PROFIT_QOQ":0,"ROA":0.091861831256,"HOLDER_PROFIT_QOQ":0,"ROE_YEARLY":0.339706184798,"ROIC_YEARLY":0.224428139836,"TOTAL_ASSETS":1982954700.8,"TOTAL_LIABILITIES":910138633.6,"TAX_EBT":63.020193151888,"OCF_SALES":7.453151476615,"TOTAL_PARENT_EQUITY":1072808158.72,"DEBT_ASSET_RATIO":45.8981051475,"OPERATE_PROFIT":10288932.48,"PRETAX_PROFIT":5004310.4,"NETCASH_OPERATE":98363916.8,"NETCASH_INVEST":-94331470.72,"NETCASH_FINANCE":-42247100.16,"END_CASH":351099605.76,"DIVI_RATIO":3.78954225908,"DIVIDEND_RATE":11.904761904762,"CURRENT_RATIO":1.646139322239,"COMMON_ACS":5000000000,"CURRENTDEBT_DEBT":93.678814005243,"ISSUED_COMMON_SHARES":842540000,"HK_COMMON_SHARES":842540000,"PER_SHARES":2000,"TOTAL_MARKET_CAP":353866800,"HKSK_MARKET_CAP":353866800,"PE_TTM":4.664058731268,"PB_TTM":0.260678431569,"REPORT_DATE_SQ":"2019-06-30 00:00:00","REPORT_TYPE_SQ":"2019年中报","OPERATE_INCOME_SQ":1444444537.62,"DPS_HKD":0.05,"OPERATE_INCOME_QOQ_SQ":0,"NET_PROFIT_RATIO_SQ":1.0419255609,"HOLDER_PROFIT_SQ":15052742.88,"HOLDER_PROFIT_QOQ_SQ":0,"ROE_AVG_SQ":1.32441553855,"PE_TTM_SQ":10.239298794699,"PB_TTM_SQ":0.235584531389,"ROA_SQ":0.751222571069,"START_DATE":"2020-04-01 00:00:00","FISCAL_YEAR":"3-31","CURRENCY":"HKD","IS_CNY_CODE":0,"DPS_HKD_LY":0.0131,"ORG_TYPE":"一般企业","PREMIUM_INCOME":null,"PREMIUM_INCOME_YOY":null,"NET_INTEREST_INCOME":null,"NET_INTEREST_INCOME_YOY":null,"FEE_COMMISSION_INCOME":null,"FEE_COMMISSION_INCOME_YOY":null,"ACCOUNTS_RECE_TDAYS":3.592457803573,"INVENTORY_TDAYS":1.781727551379,"CURRENT_ASSETS_TDAYS":0.906638697312,"TOTAL_ASSETS_TDAYS":0.655121853236,"PREMIUM_EXPENSE":null,"LOAN_DEPOSIT":null,"LOAN_EQUITY":null,"LOAN_ASSETS":null,"DEPOSIT_EQUITY":null,"DEPOSIT_ASSETS":null,"EQUITY_MULTIPLIER":1.848364096537,"EQUITY_RATIO":0.84837035047}],"count":41},"success":true,"message":"ok","code":0}