{"version":"7d52b09c6c75359b37f29ba377e9872f","result":{"pages":6,"data":[{"SECUCODE":"00328.HK","SECURITY_CODE":"00328","SECURITY_NAME_ABBR":"ALCO HOLDINGS","ORG_CODE":"10008830","STD_REPORT_DATE":"2024-06-30 00:00:00","REPORT_DATE":"2024-09-30 00:00:00","DATE_TYPE_CODE":"002","REPORT_TYPE":"2024年中报","PER_NETCASH_OPERATE":-0.158590651427,"PER_OI":0.469376941413,"BPS":-0.620170775274,"BASIC_EPS":-0.2254475,"DILUTED_EPS":-0.2254475,"OPERATE_INCOME":44809945.1,"OPERATE_INCOME_YOY":-42.0091963681,"GROSS_PROFIT":4159055.48,"GROSS_PROFIT_YOY":0.141146810746,"HOLDER_PROFIT":-21921613.11,"HOLDER_PROFIT_YOY":-104.2250510121,"GROSS_PROFIT_RATIO":9.281545582612,"EPS_TTM":5.70415015304,"OPERATE_INCOME_QOQ":0,"NET_PROFIT_RATIO":-48.9213121352,"ROE_AVG":32.119286238084,"GROSS_PROFIT_QOQ":0,"ROA":-13.47542891987,"HOLDER_PROFIT_QOQ":0,"ROE_YEARLY":64.238572476167,"ROIC_YEARLY":-28.312039226191,"TOTAL_ASSETS":160861300.2,"TOTAL_LIABILITIES":232492283.48,"TAX_EBT":null,"OCF_SALES":-33.787482390823,"TOTAL_PARENT_EQUITY":-71044819.78,"DEBT_ASSET_RATIO":144.529655791,"OPERATE_PROFIT":-19994487.88,"PRETAX_PROFIT":-21921613.11,"NETCASH_OPERATE":-15140152.31,"NETCASH_INVEST":-108214.8,"NETCASH_FINANCE":1927125.23,"END_CASH":8190958.57,"DIVI_RATIO":null,"DIVIDEND_RATE":null,"CURRENT_RATIO":0.338499197432,"COMMON_ACS":30000000000,"CURRENTDEBT_DEBT":96.6595814004,"ISSUED_COMMON_SHARES":114556865,"HK_COMMON_SHARES":114556865,"PER_SHARES":2000,"TOTAL_MARKET_CAP":35512628.15,"HKSK_MARKET_CAP":35512628.15,"PE_TTM":34.511786345967,"PB_TTM":-0.450770837882,"REPORT_DATE_SQ":"2023-06-30 00:00:00","REPORT_TYPE_SQ":"2023年中报","OPERATE_INCOME_SQ":78628044.18,"DPS_HKD":null,"OPERATE_INCOME_QOQ_SQ":0,"NET_PROFIT_RATIO_SQ":667.9667623649,"HOLDER_PROFIT_SQ":527962091.02,"HOLDER_PROFIT_QOQ_SQ":0,"ROE_AVG_SQ":-124.458317515221,"PE_TTM_SQ":0.338729274137,"PB_TTM_SQ":-1.322777376494,"ROA_SQ":208.491054895438,"START_DATE":"2024-04-01 00:00:00","FISCAL_YEAR":"3-31","CURRENCY":"HKD","IS_CNY_CODE":0,"DPS_HKD_LY":null,"ORG_TYPE":"一般企业","PREMIUM_INCOME":null,"PREMIUM_INCOME_YOY":null,"NET_INTEREST_INCOME":null,"NET_INTEREST_INCOME_YOY":null,"FEE_COMMISSION_INCOME":null,"FEE_COMMISSION_INCOME_YOY":null,"ACCOUNTS_RECE_TDAYS":0.776515447485,"INVENTORY_TDAYS":8.595290304128,"CURRENT_ASSETS_TDAYS":0.579721980785,"TOTAL_ASSETS_TDAYS":0.275451093434,"PREMIUM_EXPENSE":null,"LOAN_DEPOSIT":null,"LOAN_EQUITY":null,"LOAN_ASSETS":null,"DEPOSIT_EQUITY":null,"DEPOSIT_ASSETS":null,"EQUITY_MULTIPLIER":-2.245694430457,"EQUITY_RATIO":-3.272473407631},{"SECUCODE":"00328.HK","SECURITY_CODE":"00328","SECURITY_NAME_ABBR":"ALCO HOLDINGS","ORG_CODE":"10008830","STD_REPORT_DATE":"2023-12-31 00:00:00","REPORT_DATE":"2024-03-31 00:00:00","DATE_TYPE_CODE":"001","REPORT_TYPE":"2023年年报","PER_NETCASH_OPERATE":-0.659713170114,"PER_OI":1.409410103705,"BPS":-0.57440408962,"BASIC_EPS":8.8751245,"DILUTED_EPS":8.8751245,"OPERATE_INCOME":134551964.1,"OPERATE_INCOME_YOY":66.1669708131,"GROSS_PROFIT":8035659.2,"GROSS_PROFIT_YOY":183.814000659142,"HOLDER_PROFIT":544557332.6,"HOLDER_PROFIT_YOY":217.7268825381,"GROSS_PROFIT_RATIO":5.972160461387,"EPS_TTM":6.315994349953,"OPERATE_INCOME_QOQ":0,"NET_PROFIT_RATIO":398.7090862541,"ROE_AVG":-139.495815882578,"GROSS_PROFIT_QOQ":0,"ROA":257.974910779089,"HOLDER_PROFIT_QOQ":0,"ROE_YEARLY":-139.495815882578,"ROIC_YEARLY":260.935026009144,"TOTAL_ASSETS":165363785.5,"TOTAL_LIABILITIES":244711387.35,"TAX_EBT":null,"OCF_SALES":-46.807750872512,"TOTAL_PARENT_EQUITY":-65801931.75,"DEBT_ASSET_RATIO":147.9836631764,"OPERATE_PROFIT":5789228.3,"PRETAX_PROFIT":-2783108.5,"NETCASH_OPERATE":-62980748.15,"NETCASH_INVEST":3304374.75,"NETCASH_FINANCE":87090445.4,"END_CASH":21625750.25,"DIVI_RATIO":null,"DIVIDEND_RATE":null,"CURRENT_RATIO":0.339540016534,"COMMON_ACS":30000000000,"CURRENTDEBT_DEBT":95.00142625872,"ISSUED_COMMON_SHARES":114556865,"HK_COMMON_SHARES":114556865,"PER_SHARES":2000,"TOTAL_MARKET_CAP":37230981.125,"HKSK_MARKET_CAP":37230981.125,"PE_TTM":36.18171149174,"PB_TTM":-0.472582330037,"REPORT_DATE_SQ":"2022-12-31 00:00:00","REPORT_TYPE_SQ":"2022年年报","OPERATE_INCOME_SQ":78192496.61,"DPS_HKD":null,"OPERATE_INCOME_QOQ_SQ":0,"NET_PROFIT_RATIO_SQ":-577.259547027,"HOLDER_PROFIT_SQ":-446670949.22,"HOLDER_PROFIT_QOQ_SQ":0,"ROE_AVG_SQ":96.188500369019,"PE_TTM_SQ":0.301259221689,"PB_TTM_SQ":-1.176452445466,"ROA_SQ":-91.354039379982,"START_DATE":"2023-04-01 00:00:00","FISCAL_YEAR":"3-31","CURRENCY":"HKD","IS_CNY_CODE":0,"DPS_HKD_LY":null,"ORG_TYPE":"一般企业","PREMIUM_INCOME":null,"PREMIUM_INCOME_YOY":null,"NET_INTEREST_INCOME":null,"NET_INTEREST_INCOME_YOY":null,"FEE_COMMISSION_INCOME":null,"FEE_COMMISSION_INCOME_YOY":null,"ACCOUNTS_RECE_TDAYS":4.172556295859,"INVENTORY_TDAYS":6.671670331772,"CURRENT_ASSETS_TDAYS":1.325717246061,"TOTAL_ASSETS_TDAYS":0.63741738208,"PREMIUM_EXPENSE":null,"LOAN_DEPOSIT":null,"LOAN_EQUITY":null,"LOAN_ASSETS":null,"DEPOSIT_EQUITY":null,"DEPOSIT_ASSETS":null,"EQUITY_MULTIPLIER":-2.08404263827,"EQUITY_RATIO":-3.718908865468},{"SECUCODE":"00328.HK","SECURITY_CODE":"00328","SECURITY_NAME_ABBR":"ALCO HOLDINGS","ORG_CODE":"10008830","STD_REPORT_DATE":"2023-06-30 00:00:00","REPORT_DATE":"2023-09-30 00:00:00","DATE_TYPE_CODE":"002","REPORT_TYPE":"2023年中报","PER_NETCASH_OPERATE":-0.213360842462,"PER_OI":0.988325070124,"BPS":-1.088794266062,"BASIC_EPS":13.0854038,"DILUTED_EPS":13.0854038,"OPERATE_INCOME":78628044.18,"OPERATE_INCOME_YOY":64.8536852839,"GROSS_PROFIT":4153193.38,"GROSS_PROFIT_YOY":443.199209096939,"HOLDER_PROFIT":527962091.02,"HOLDER_PROFIT_YOY":223.548447361,"GROSS_PROFIT_RATIO":5.282076418551,"EPS_TTM":-5.614486559017,"OPERATE_INCOME_QOQ":0,"NET_PROFIT_RATIO":667.9667623649,"ROE_AVG":-124.458317515221,"GROSS_PROFIT_QOQ":0,"ROA":208.491054895438,"HOLDER_PROFIT_QOQ":0,"ROE_YEARLY":-248.916635030441,"ROIC_YEARLY":433.179994127435,"TOTAL_ASSETS":246506617.42,"TOTAL_LIABILITIES":379514333.03,"TAX_EBT":null,"OCF_SALES":-21.588124080947,"TOTAL_PARENT_EQUITY":-124728857.75,"DEBT_ASSET_RATIO":153.9570568134,"OPERATE_PROFIT":525252329.63,"PRETAX_PROFIT":525209201.02,"NETCASH_OPERATE":-16974319.74,"NETCASH_INVEST":null,"NETCASH_FINANCE":45327251.48,"END_CASH":30547902.7,"DIVI_RATIO":null,"DIVIDEND_RATE":null,"CURRENT_RATIO":0.340990864171,"COMMON_ACS":30000000000,"CURRENTDEBT_DEBT":93.610925066674,"ISSUED_COMMON_SHARES":114556865,"HK_COMMON_SHARES":114556865,"PER_SHARES":2000,"TOTAL_MARKET_CAP":37230981.125,"HKSK_MARKET_CAP":37230981.125,"PE_TTM":36.18171149174,"PB_TTM":-0.472582330037,"REPORT_DATE_SQ":"2022-06-30 00:00:00","REPORT_TYPE_SQ":"2022年中报","OPERATE_INCOME_SQ":47010077.88,"DPS_HKD":null,"OPERATE_INCOME_QOQ_SQ":0,"NET_PROFIT_RATIO_SQ":-895.9559035727,"HOLDER_PROFIT_SQ":-421189568.04,"HOLDER_PROFIT_QOQ_SQ":0,"ROE_AVG_SQ":92.138223856486,"PE_TTM_SQ":0.301259221689,"PB_TTM_SQ":-1.176452445466,"ROA_SQ":-82.068909609667,"START_DATE":"2023-04-01 00:00:00","FISCAL_YEAR":"3-31","CURRENCY":"HKD","IS_CNY_CODE":0,"DPS_HKD_LY":null,"ORG_TYPE":"一般企业","PREMIUM_INCOME":null,"PREMIUM_INCOME_YOY":null,"NET_INTEREST_INCOME":null,"NET_INTEREST_INCOME_YOY":null,"FEE_COMMISSION_INCOME":null,"FEE_COMMISSION_INCOME_YOY":null,"ACCOUNTS_RECE_TDAYS":2.244499161777,"INVENTORY_TDAYS":2.305026980971,"CURRENT_ASSETS_TDAYS":0.637411848722,"TOTAL_ASSETS_TDAYS":0.310500396795,"PREMIUM_EXPENSE":null,"LOAN_DEPOSIT":null,"LOAN_EQUITY":null,"LOAN_ASSETS":null,"DEPOSIT_EQUITY":null,"DEPOSIT_ASSETS":null,"EQUITY_MULTIPLIER":-1.853325698357,"EQUITY_RATIO":-3.042714732389},{"SECUCODE":"00328.HK","SECURITY_CODE":"00328","SECURITY_NAME_ABBR":"ALCO HOLDINGS","ORG_CODE":"10008830","STD_REPORT_DATE":"2022-12-31 00:00:00","REPORT_DATE":"2023-03-31 00:00:00","DATE_TYPE_CODE":"001","REPORT_TYPE":"2022年年报","PER_NETCASH_OPERATE":-0.000172756141,"PER_OI":0.098285040028,"BPS":-6.026616961629,"BASIC_EPS":-29.0461038,"DILUTED_EPS":-29.0461038,"OPERATE_INCOME":78192496.61,"OPERATE_INCOME_YOY":-83.5325068952,"GROSS_PROFIT":-9587490.32,"GROSS_PROFIT_YOY":89.427098223708,"HOLDER_PROFIT":-446670949.22,"HOLDER_PROFIT_YOY":14.1837446916,"GROSS_PROFIT_RATIO":-12.261394296974,"EPS_TTM":-0.955577891751,"OPERATE_INCOME_QOQ":0,"NET_PROFIT_RATIO":-577.259547027,"ROE_AVG":96.188500369019,"GROSS_PROFIT_QOQ":0,"ROA":-91.354039379982,"HOLDER_PROFIT_QOQ":0,"ROE_YEARLY":96.188500369019,"ROIC_YEARLY":-91.840924165477,"TOTAL_ASSETS":247993148.08,"TOTAL_LIABILITIES":943655212.78,"TAX_EBT":null,"OCF_SALES":-0.175770535484,"TOTAL_PARENT_EQUITY":-690390345.68,"DEBT_ASSET_RATIO":380.5166473695,"OPERATE_PROFIT":-74400220.49,"PRETAX_PROFIT":-80466811.79,"NETCASH_OPERATE":-137439.37,"NETCASH_INVEST":7279909.56,"NETCASH_FINANCE":-14980891.33,"END_CASH":2573705.4,"DIVI_RATIO":null,"DIVIDEND_RATE":null,"CURRENT_RATIO":0.129265587745,"COMMON_ACS":30000000000,"CURRENTDEBT_DEBT":98.203083979153,"ISSUED_COMMON_SHARES":114556865,"HK_COMMON_SHARES":114556865,"PER_SHARES":2000,"TOTAL_MARKET_CAP":37230981.125,"HKSK_MARKET_CAP":37230981.125,"PE_TTM":36.18171149174,"PB_TTM":-0.472582330037,"REPORT_DATE_SQ":"2021-12-31 00:00:00","REPORT_TYPE_SQ":"2021年年报","OPERATE_INCOME_SQ":439898312.08,"DPS_HKD":null,"OPERATE_INCOME_QOQ_SQ":0,"NET_PROFIT_RATIO_SQ":-100.5584381321,"HOLDER_PROFIT_SQ":-482206270.75,"HOLDER_PROFIT_QOQ_SQ":0,"ROE_AVG_SQ":-2031.2072970757,"PE_TTM_SQ":0.301259221689,"PB_TTM_SQ":-1.176452445466,"ROA_SQ":-54.128791154769,"START_DATE":"2022-04-01 00:00:00","FISCAL_YEAR":"3-31","CURRENCY":"HKD","IS_CNY_CODE":0,"DPS_HKD_LY":null,"ORG_TYPE":"一般企业","PREMIUM_INCOME":null,"PREMIUM_INCOME_YOY":null,"NET_INTEREST_INCOME":null,"NET_INTEREST_INCOME_YOY":null,"FEE_COMMISSION_INCOME":null,"FEE_COMMISSION_INCOME_YOY":null,"ACCOUNTS_RECE_TDAYS":0.833447637176,"INVENTORY_TDAYS":0.511029852077,"CURRENT_ASSETS_TDAYS":0.253008550132,"TOTAL_ASSETS_TDAYS":0.15992086405,"PREMIUM_EXPENSE":null,"LOAN_DEPOSIT":null,"LOAN_EQUITY":null,"LOAN_ASSETS":null,"DEPOSIT_EQUITY":null,"DEPOSIT_ASSETS":null,"EQUITY_MULTIPLIER":-0.356485081858,"EQUITY_RATIO":-1.366843002201},{"SECUCODE":"00328.HK","SECURITY_CODE":"00328","SECURITY_NAME_ABBR":"ALCO HOLDINGS","ORG_CODE":"10008830","STD_REPORT_DATE":"2022-06-30 00:00:00","REPORT_DATE":"2022-09-30 00:00:00","DATE_TYPE_CODE":"002","REPORT_TYPE":"2022年中报","PER_NETCASH_OPERATE":0.020667882275,"PER_OI":0.059089907427,"BPS":-5.831176465941,"BASIC_EPS":-28.6888368,"DILUTED_EPS":-28.6888368,"OPERATE_INCOME":47010077.88,"OPERATE_INCOME_YOY":-85.2900972698,"GROSS_PROFIT":-1210140.72,"GROSS_PROFIT_YOY":-114.091040175272,"HOLDER_PROFIT":-421189568.04,"HOLDER_PROFIT_YOY":-170.97429273,"GROSS_PROFIT_RATIO":-2.574215518402,"EPS_TTM":-0.666726357049,"OPERATE_INCOME_QOQ":0,"NET_PROFIT_RATIO":-895.9559035727,"ROE_AVG":92.138223856486,"GROSS_PROFIT_QOQ":0,"ROA":-82.068909609667,"HOLDER_PROFIT_QOQ":0,"ROE_YEARLY":184.276447712971,"ROIC_YEARLY":-166.897587338905,"TOTAL_ASSETS":272327788.44,"TOTAL_LIABILITIES":940916969.64,"TAX_EBT":null,"OCF_SALES":34.9770090617,"TOTAL_PARENT_EQUITY":-668001295.2,"DEBT_ASSET_RATIO":345.5089820359,"OPERATE_PROFIT":-39969012.48,"PRETAX_PROFIT":-43929555.24,"NETCASH_OPERATE":16442719.2,"NETCASH_INVEST":2713.32,"NETCASH_FINANCE":-16751133.24,"END_CASH":8921396.16,"DIVI_RATIO":null,"DIVIDEND_RATE":null,"CURRENT_RATIO":0.132806775088,"COMMON_ACS":30000000000,"CURRENTDEBT_DEBT":98.905636763684,"ISSUED_COMMON_SHARES":114556865,"HK_COMMON_SHARES":114556865,"PER_SHARES":2000,"TOTAL_MARKET_CAP":37230981.125,"HKSK_MARKET_CAP":37230981.125,"PE_TTM":36.18171149174,"PB_TTM":-0.472582330037,"REPORT_DATE_SQ":"2021-06-30 00:00:00","REPORT_TYPE_SQ":"2021年中报","OPERATE_INCOME_SQ":294359251.82,"DPS_HKD":null,"OPERATE_INCOME_QOQ_SQ":0,"NET_PROFIT_RATIO_SQ":-42.9496791219,"HOLDER_PROFIT_SQ":-143168025.48,"HOLDER_PROFIT_QOQ_SQ":0,"ROE_AVG_SQ":-70.763060807695,"PE_TTM_SQ":0.301259221689,"PB_TTM_SQ":-1.176452445466,"ROA_SQ":-12.929290193569,"START_DATE":"2022-04-01 00:00:00","FISCAL_YEAR":"3-31","CURRENCY":"HKD","IS_CNY_CODE":0,"DPS_HKD_LY":null,"ORG_TYPE":"一般企业","PREMIUM_INCOME":null,"PREMIUM_INCOME_YOY":null,"NET_INTEREST_INCOME":null,"NET_INTEREST_INCOME_YOY":null,"FEE_COMMISSION_INCOME":null,"FEE_COMMISSION_INCOME_YOY":null,"ACCOUNTS_RECE_TDAYS":0.435068658266,"INVENTORY_TDAYS":0.240719879538,"CURRENT_ASSETS_TDAYS":0.147268031671,"TOTAL_ASSETS_TDAYS":0.091599273226,"PREMIUM_EXPENSE":null,"LOAN_DEPOSIT":null,"LOAN_EQUITY":null,"LOAN_ASSETS":null,"DEPOSIT_EQUITY":null,"DEPOSIT_ASSETS":null,"EQUITY_MULTIPLIER":-0.407317073171,"EQUITY_RATIO":-1.408555606705},{"SECUCODE":"00328.HK","SECURITY_CODE":"00328","SECURITY_NAME_ABBR":"ALCO HOLDINGS","ORG_CODE":"10008830","STD_REPORT_DATE":"2021-12-31 00:00:00","REPORT_DATE":"2022-03-31 00:00:00","DATE_TYPE_CODE":"001","REPORT_TYPE":"2021年年报","PER_NETCASH_OPERATE":-0.155849633786,"PER_OI":0.608228919606,"BPS":-1.927567812981,"BASIC_EPS":-33.332511,"DILUTED_EPS":-33.332511,"OPERATE_INCOME":439898312.08,"OPERATE_INCOME_YOY":-53.7578420347,"GROSS_PROFIT":-90679839.11,"GROSS_PROFIT_YOY":-72.193882439387,"HOLDER_PROFIT":-482206270.75,"HOLDER_PROFIT_YOY":-64.9475813052,"GROSS_PROFIT_RATIO":-50.059530654905,"EPS_TTM":-0.427184830887,"OPERATE_INCOME_QOQ":0,"NET_PROFIT_RATIO":-100.5584381321,"ROE_AVG":-2031.2072970757,"GROSS_PROFIT_QOQ":0,"ROA":-54.128791154769,"HOLDER_PROFIT_QOQ":0,"ROE_YEARLY":-2031.2072970757,"ROIC_YEARLY":-56.902029839891,"TOTAL_ASSETS":676201484.77,"TOTAL_LIABILITIES":897544767,"TAX_EBT":null,"OCF_SALES":-23.505137901409,"TOTAL_PARENT_EQUITY":-220816125.73,"DEBT_ASSET_RATIO":132.7333327736,"OPERATE_PROFIT":-260712140.66,"PRETAX_PROFIT":-268994174.78,"NETCASH_OPERATE":-112717413.84,"NETCASH_INVEST":-23718798.46,"NETCASH_FINANCE":67256248.29,"END_CASH":8273924.02,"DIVI_RATIO":null,"DIVIDEND_RATE":null,"CURRENT_RATIO":0.520534917407,"COMMON_ACS":30000000000,"CURRENTDEBT_DEBT":98.811963495075,"ISSUED_COMMON_SHARES":114556865,"HK_COMMON_SHARES":114556865,"PER_SHARES":2000,"TOTAL_MARKET_CAP":37230981.125,"HKSK_MARKET_CAP":37230981.125,"PE_TTM":36.18171149174,"PB_TTM":-0.472582330037,"REPORT_DATE_SQ":"2020-12-31 00:00:00","REPORT_TYPE_SQ":"2020年年报","OPERATE_INCOME_SQ":1080719833.48,"DPS_HKD":null,"OPERATE_INCOME_QOQ_SQ":0,"NET_PROFIT_RATIO_SQ":-28.1883120641,"HOLDER_PROFIT_SQ":-304656118.34,"HOLDER_PROFIT_QOQ_SQ":0,"ROE_AVG_SQ":-71.210233990622,"PE_TTM_SQ":0.301259221689,"PB_TTM_SQ":-1.176452445466,"ROA_SQ":-27.952218125675,"START_DATE":"2021-04-01 00:00:00","FISCAL_YEAR":"3-31","CURRENCY":"HKD","IS_CNY_CODE":0,"DPS_HKD_LY":null,"ORG_TYPE":"一般企业","PREMIUM_INCOME":null,"PREMIUM_INCOME_YOY":null,"NET_INTEREST_INCOME":null,"NET_INTEREST_INCOME_YOY":null,"FEE_COMMISSION_INCOME":null,"FEE_COMMISSION_INCOME_YOY":null,"ACCOUNTS_RECE_TDAYS":1.957596854321,"INVENTORY_TDAYS":1.814840419874,"CURRENT_ASSETS_TDAYS":0.713564916219,"TOTAL_ASSETS_TDAYS":0.538299141058,"PREMIUM_EXPENSE":null,"LOAN_DEPOSIT":null,"LOAN_EQUITY":null,"LOAN_ASSETS":null,"DEPOSIT_EQUITY":null,"DEPOSIT_ASSETS":null,"EQUITY_MULTIPLIER":-3.05498986894,"EQUITY_RATIO":-4.064670385973},{"SECUCODE":"00328.HK","SECURITY_CODE":"00328","SECURITY_NAME_ABBR":"ALCO HOLDINGS","ORG_CODE":"10008830","STD_REPORT_DATE":"2021-06-30 00:00:00","REPORT_DATE":"2021-09-30 00:00:00","DATE_TYPE_CODE":"002","REPORT_TYPE":"2021年中报","PER_NETCASH_OPERATE":-0.140678468952,"PER_OI":0.406998173882,"BPS":1.126516142529,"BASIC_EPS":-0.19743522,"DILUTED_EPS":-0.19743522,"OPERATE_INCOME":294359251.82,"OPERATE_INCOME_YOY":-32.1499120827,"GROSS_PROFIT":8588015.54,"GROSS_PROFIT_YOY":129.098533101011,"HOLDER_PROFIT":-143168025.48,"HOLDER_PROFIT_YOY":-8.7495491391,"GROSS_PROFIT_RATIO":-1.363981686959,"EPS_TTM":-0.421235218733,"OPERATE_INCOME_QOQ":0,"NET_PROFIT_RATIO":-42.9496791219,"ROE_AVG":-70.763060807695,"GROSS_PROFIT_QOQ":0,"ROA":-12.929290193569,"HOLDER_PROFIT_QOQ":0,"ROE_YEARLY":-141.52612161539,"ROIC_YEARLY":-27.174447562952,"TOTAL_ASSETS":1079075946.96,"TOTAL_LIABILITIES":950556448.52,"TAX_EBT":null,"OCF_SALES":-30.521901677363,"TOTAL_PARENT_EQUITY":129050157.66,"DEBT_ASSET_RATIO":88.089856066,"OPERATE_PROFIT":-107278134.56,"PRETAX_PROFIT":-110652860.62,"NETCASH_OPERATE":-101744950.04,"NETCASH_INVEST":-16047234.78,"NETCASH_FINANCE":62559473.76,"END_CASH":26531294.88,"DIVI_RATIO":null,"DIVIDEND_RATE":null,"CURRENT_RATIO":1.243406296792,"COMMON_ACS":30000000000,"CURRENTDEBT_DEBT":70.294607911015,"ISSUED_COMMON_SHARES":114556865,"HK_COMMON_SHARES":114556865,"PER_SHARES":2000,"TOTAL_MARKET_CAP":37230981.125,"HKSK_MARKET_CAP":37230981.125,"PE_TTM":36.18171149174,"PB_TTM":-0.472582330037,"REPORT_DATE_SQ":"2020-06-30 00:00:00","REPORT_TYPE_SQ":"2020年中报","OPERATE_INCOME_SQ":518233028.48,"DPS_HKD":null,"OPERATE_INCOME_QOQ_SQ":0,"NET_PROFIT_RATIO_SQ":-26.8340118591,"HOLDER_PROFIT_SQ":-138865000.32,"HOLDER_PROFIT_QOQ_SQ":0,"ROE_AVG_SQ":-26.131257353142,"PE_TTM_SQ":0.301259221689,"PB_TTM_SQ":-1.176452445466,"ROA_SQ":-11.169835485755,"START_DATE":"2021-04-01 00:00:00","FISCAL_YEAR":"3-31","CURRENCY":"HKD","IS_CNY_CODE":0,"DPS_HKD_LY":null,"ORG_TYPE":"一般企业","PREMIUM_INCOME":null,"PREMIUM_INCOME_YOY":null,"NET_INTEREST_INCOME":null,"NET_INTEREST_INCOME_YOY":null,"FEE_COMMISSION_INCOME":null,"FEE_COMMISSION_INCOME_YOY":null,"ACCOUNTS_RECE_TDAYS":1.000414778575,"INVENTORY_TDAYS":0.658203486315,"CURRENT_ASSETS_TDAYS":0.383768353343,"TOTAL_ASSETS_TDAYS":0.30104396243,"PREMIUM_EXPENSE":null,"LOAN_DEPOSIT":null,"LOAN_EQUITY":null,"LOAN_ASSETS":null,"DEPOSIT_EQUITY":null,"DEPOSIT_ASSETS":null,"EQUITY_MULTIPLIER":8.396204156234,"EQUITY_RATIO":7.36579067981},{"SECUCODE":"00328.HK","SECURITY_CODE":"00328","SECURITY_NAME_ABBR":"ALCO HOLDINGS","ORG_CODE":"10008830","STD_REPORT_DATE":"2020-12-31 00:00:00","REPORT_DATE":"2021-03-31 00:00:00","DATE_TYPE_CODE":"001","REPORT_TYPE":"2020年年报","PER_NETCASH_OPERATE":-0.274425811681,"PER_OI":1.494265921608,"BPS":2.440708481853,"BASIC_EPS":-0.42089964,"DILUTED_EPS":-0.42089964,"OPERATE_INCOME":1080719833.48,"OPERATE_INCOME_YOY":33.0238045204,"GROSS_PROFIT":-52661475.44,"GROSS_PROFIT_YOY":10.117412710012,"HOLDER_PROFIT":-304656118.34,"HOLDER_PROFIT_YOY":39.8600873578,"GROSS_PROFIT_RATIO":-4.872814748891,"EPS_TTM":-0.678843437362,"OPERATE_INCOME_QOQ":0,"NET_PROFIT_RATIO":-28.1883120641,"ROE_AVG":-71.210233990622,"GROSS_PROFIT_QOQ":0,"ROA":-27.952218125675,"HOLDER_PROFIT_QOQ":0,"ROE_YEARLY":-71.210233990622,"ROIC_YEARLY":-30.319136408904,"TOTAL_ASSETS":1152075845.34,"TOTAL_LIABILITIES":873009241.86,"TAX_EBT":0.055179833573,"OCF_SALES":-18.365259336538,"TOTAL_PARENT_EQUITY":279599912.06,"DEBT_ASSET_RATIO":75.7770632369,"OPERATE_PROFIT":-340523867.18,"PRETAX_PROFIT":-304804870.02,"NETCASH_OPERATE":-200504586.94,"NETCASH_INVEST":5084602.88,"NETCASH_FINANCE":187173562.8,"END_CASH":82953571.82,"DIVI_RATIO":null,"DIVIDEND_RATE":null,"CURRENT_RATIO":1.443340624822,"COMMON_ACS":30000000000,"CURRENTDEBT_DEBT":72.981633745657,"ISSUED_COMMON_SHARES":114556865,"HK_COMMON_SHARES":114556865,"PER_SHARES":2000,"TOTAL_MARKET_CAP":37230981.125,"HKSK_MARKET_CAP":37230981.125,"PE_TTM":36.18171149174,"PB_TTM":-0.472582330037,"REPORT_DATE_SQ":"2019-12-31 00:00:00","REPORT_TYPE_SQ":"2019年年报","OPERATE_INCOME_SQ":878290470.2,"DPS_HKD":null,"OPERATE_INCOME_QOQ_SQ":0,"NET_PROFIT_RATIO_SQ":-62.3596873225,"HOLDER_PROFIT_SQ":-547648023.8,"HOLDER_PROFIT_QOQ_SQ":0,"ROE_AVG_SQ":-59.590523562344,"PE_TTM_SQ":0.301259221689,"PB_TTM_SQ":-1.176452445466,"ROA_SQ":-40.734074267134,"START_DATE":"2020-04-01 00:00:00","FISCAL_YEAR":"3-31","CURRENCY":"HKD","IS_CNY_CODE":0,"DPS_HKD_LY":null,"ORG_TYPE":"一般企业","PREMIUM_INCOME":null,"PREMIUM_INCOME_YOY":null,"NET_INTEREST_INCOME":null,"NET_INTEREST_INCOME_YOY":null,"FEE_COMMISSION_INCOME":null,"FEE_COMMISSION_INCOME_YOY":null,"ACCOUNTS_RECE_TDAYS":3.223941183293,"INVENTORY_TDAYS":2.792431456538,"CURRENT_ASSETS_TDAYS":1.287971631477,"TOTAL_ASSETS_TDAYS":0.991561130719,"PREMIUM_EXPENSE":null,"LOAN_DEPOSIT":null,"LOAN_EQUITY":null,"LOAN_ASSETS":null,"DEPOSIT_EQUITY":null,"DEPOSIT_ASSETS":null,"EQUITY_MULTIPLIER":4.128318584076,"EQUITY_RATIO":3.122351632474},{"SECUCODE":"00328.HK","SECURITY_CODE":"00328","SECURITY_NAME_ABBR":"ALCO HOLDINGS","ORG_CODE":"10008830","STD_REPORT_DATE":"2020-06-30 00:00:00","REPORT_DATE":"2020-09-30 00:00:00","DATE_TYPE_CODE":"002","REPORT_TYPE":"2020年中报","PER_NETCASH_OPERATE":-0.229544137796,"PER_OI":0.716539041775,"BPS":4.049640088876,"BASIC_EPS":-0.19243968,"DILUTED_EPS":-0.19243968,"OPERATE_INCOME":518233028.48,"OPERATE_INCOME_YOY":27.622248238,"GROSS_PROFIT":-29513568.64,"GROSS_PROFIT_YOY":63.605868627199,"HOLDER_PROFIT":-138865000.32,"HOLDER_PROFIT_YOY":27.1027649387,"GROSS_PROFIT_RATIO":-13.051432873428,"EPS_TTM":-0.757209920322,"OPERATE_INCOME_QOQ":0,"NET_PROFIT_RATIO":-26.8340118591,"ROE_AVG":-26.131257353142,"GROSS_PROFIT_QOQ":0,"ROA":-11.169835485755,"HOLDER_PROFIT_QOQ":0,"ROE_YEARLY":-52.262514706284,"ROIC_YEARLY":-23.933701506846,"TOTAL_ASSETS":1417884138.88,"TOTAL_LIABILITIES":954742460.8,"TAX_EBT":-0.001263791121,"OCF_SALES":-32.03511943014,"TOTAL_PARENT_EQUITY":463914072.96,"DEBT_ASSET_RATIO":67.335717681,"OPERATE_PROFIT":-134354530.56,"PRETAX_PROFIT":-139060954.88,"NETCASH_OPERATE":-166016569.6,"NETCASH_INVEST":-16294983.68,"NETCASH_FINANCE":165640477.44,"END_CASH":75138468.48,"DIVI_RATIO":null,"DIVIDEND_RATE":null,"CURRENT_RATIO":1.629055256441,"COMMON_ACS":30000000000,"CURRENTDEBT_DEBT":72.873453196689,"ISSUED_COMMON_SHARES":114556865,"HK_COMMON_SHARES":114556865,"PER_SHARES":2000,"TOTAL_MARKET_CAP":37230981.125,"HKSK_MARKET_CAP":37230981.125,"PE_TTM":36.18171149174,"PB_TTM":-0.472582330037,"REPORT_DATE_SQ":"2019-06-30 00:00:00","REPORT_TYPE_SQ":"2019年中报","OPERATE_INCOME_SQ":416830547.13,"DPS_HKD":null,"OPERATE_INCOME_QOQ_SQ":0,"NET_PROFIT_RATIO_SQ":-46.9636214519,"HOLDER_PROFIT_SQ":-195543139.86,"HOLDER_PROFIT_QOQ_SQ":0,"ROE_AVG_SQ":-17.830670075111,"PE_TTM_SQ":0.301259221689,"PB_TTM_SQ":-1.176452445466,"ROA_SQ":-11.550049628995,"START_DATE":"2020-04-01 00:00:00","FISCAL_YEAR":"3-31","CURRENCY":"HKD","IS_CNY_CODE":0,"DPS_HKD_LY":null,"ORG_TYPE":"一般企业","PREMIUM_INCOME":null,"PREMIUM_INCOME_YOY":null,"NET_INTEREST_INCOME":null,"NET_INTEREST_INCOME_YOY":null,"FEE_COMMISSION_INCOME":null,"FEE_COMMISSION_INCOME_YOY":null,"ACCOUNTS_RECE_TDAYS":1.328419177147,"INVENTORY_TDAYS":1.232789910342,"CURRENT_ASSETS_TDAYS":0.539238302662,"TOTAL_ASSETS_TDAYS":0.416849289459,"PREMIUM_EXPENSE":null,"LOAN_DEPOSIT":null,"LOAN_EQUITY":null,"LOAN_ASSETS":null,"DEPOSIT_EQUITY":null,"DEPOSIT_ASSETS":null,"EQUITY_MULTIPLIER":3.0614479456,"EQUITY_RATIO":2.058015732759}],"count":48},"success":true,"message":"ok","code":0}