{"version":"d1e88b942c28e0de91be2324d3d37c92","result":{"pages":6,"data":[{"SECUCODE":"00321.HK","SECURITY_CODE":"00321","SECURITY_NAME_ABBR":"德永佳集团","ORG_CODE":"10008827","STD_REPORT_DATE":"2024-06-30 00:00:00","REPORT_DATE":"2024-09-30 00:00:00","DATE_TYPE_CODE":"002","REPORT_TYPE":"2024年中报","PER_NETCASH_OPERATE":0.096536248828,"PER_OI":1.958894163894,"BPS":3.225391530452,"BASIC_EPS":0.06583067,"DILUTED_EPS":0.06583067,"OPERATE_INCOME":2706596434.4,"OPERATE_INCOME_YOY":13.5024055388,"GROSS_PROFIT":648864056.91,"GROSS_PROFIT_YOY":5.139379966233,"HOLDER_PROFIT":91569560.18,"HOLDER_PROFIT_YOY":132.3881450967,"GROSS_PROFIT_RATIO":23.97343204414,"EPS_TTM":0.086826174984,"OPERATE_INCOME_QOQ":0,"NET_PROFIT_RATIO":3.3794346563,"ROE_AVG":2.087185020662,"GROSS_PROFIT_QOQ":0,"ROA":1.317925135565,"HOLDER_PROFIT_QOQ":0,"ROE_YEARLY":4.174370041325,"ROIC_YEARLY":3.595178929565,"TOTAL_ASSETS":7485952674.85,"TOTAL_LIABILITIES":3025428797.85,"TAX_EBT":24.694483629074,"OCF_SALES":4.928099261668,"TOTAL_PARENT_EQUITY":4456510911.5,"DEBT_ASSET_RATIO":40.414746516,"OPERATE_PROFIT":79234876.56,"PRETAX_PROFIT":121462095.1,"NETCASH_OPERATE":133383758.9,"NETCASH_INVEST":-310117464.89,"NETCASH_FINANCE":783662724.32,"END_CASH":1411068688.18,"DIVI_RATIO":0.520404129383,"DIVIDEND_RATE":6.849315068493,"CURRENT_RATIO":2.128955232273,"COMMON_ACS":2000000000,"CURRENTDEBT_DEBT":74.211716243184,"ISSUED_COMMON_SHARES":1381696104,"HK_COMMON_SHARES":1381696104,"PER_SHARES":2000,"TOTAL_MARKET_CAP":1008638155.92,"HKSK_MARKET_CAP":1008638155.92,"PE_TTM":5.303569525452,"PB_TTM":0.204101329648,"REPORT_DATE_SQ":"2023-06-30 00:00:00","REPORT_TYPE_SQ":"2023年中报","OPERATE_INCOME_SQ":2426501855.82,"DPS_HKD":0.05,"OPERATE_INCOME_QOQ_SQ":0,"NET_PROFIT_RATIO_SQ":1.7048277928,"HOLDER_PROFIT_SQ":40095842.85,"HOLDER_PROFIT_QOQ_SQ":0,"ROE_AVG_SQ":0.887725435939,"PE_TTM_SQ":194.47147361483,"PB_TTM_SQ":0.235135996102,"ROA_SQ":0.630137442646,"START_DATE":"2024-04-01 00:00:00","FISCAL_YEAR":"3-31","CURRENCY":"HKD","IS_CNY_CODE":0,"DPS_HKD_LY":0.05,"ORG_TYPE":"一般企业","PREMIUM_INCOME":null,"PREMIUM_INCOME_YOY":null,"NET_INTEREST_INCOME":null,"NET_INTEREST_INCOME_YOY":null,"FEE_COMMISSION_INCOME":null,"FEE_COMMISSION_INCOME_YOY":null,"ACCOUNTS_RECE_TDAYS":3.057941083875,"INVENTORY_TDAYS":1.569511932992,"CURRENT_ASSETS_TDAYS":0.626885613782,"TOTAL_ASSETS_TDAYS":0.389549918741,"PREMIUM_EXPENSE":null,"LOAN_DEPOSIT":null,"LOAN_EQUITY":null,"LOAN_ASSETS":null,"DEPOSIT_EQUITY":null,"DEPOSIT_ASSETS":null,"EQUITY_MULTIPLIER":1.678267593959,"EQUITY_RATIO":0.678878355272},{"SECUCODE":"00321.HK","SECURITY_CODE":"00321","SECURITY_NAME_ABBR":"德永佳集团","ORG_CODE":"10008827","STD_REPORT_DATE":"2023-12-31 00:00:00","REPORT_DATE":"2024-03-31 00:00:00","DATE_TYPE_CODE":"001","REPORT_TYPE":"2023年年报","PER_NETCASH_OPERATE":0.25506033648,"PER_OI":3.521061413516,"BPS":3.141599915918,"BASIC_EPS":0.0870288,"DILUTED_EPS":0.0870288,"OPERATE_INCOME":4865036837,"OPERATE_INCOME_YOY":-11.4250369919,"GROSS_PROFIT":1277308099.35,"GROSS_PROFIT_YOY":-7.180058474036,"HOLDER_PROFIT":119967387.7,"HOLDER_PROFIT_YOY":76.0954902926,"GROSS_PROFIT_RATIO":26.254849493342,"EPS_TTM":0.002651834227,"OPERATE_INCOME_QOQ":0,"NET_PROFIT_RATIO":2.5891170102,"ROE_AVG":2.696840148017,"GROSS_PROFIT_QOQ":0,"ROA":1.883117345131,"HOLDER_PROFIT_QOQ":0,"ROE_YEARLY":2.696840148017,"ROIC_YEARLY":2.502032970326,"TOTAL_ASSETS":6443900634.9,"TOTAL_LIABILITIES":2099200834.15,"TAX_EBT":14.121660877412,"OCF_SALES":7.243847991443,"TOTAL_PARENT_EQUITY":4340736364.15,"DEBT_ASSET_RATIO":32.576554995,"OPERATE_PROFIT":166269428.95,"PRETAX_PROFIT":146674350.7,"NETCASH_OPERATE":352415873.2,"NETCASH_INVEST":-943229919.55,"NETCASH_FINANCE":-21475262.95,"END_CASH":777576944.6,"DIVI_RATIO":34.340834381843,"DIVIDEND_RATE":12.048192771084,"CURRENT_RATIO":3.021775579909,"COMMON_ACS":2000000000,"CURRENTDEBT_DEBT":61.094674236794,"ISSUED_COMMON_SHARES":1381696104,"HK_COMMON_SHARES":1381696104,"PER_SHARES":2000,"TOTAL_MARKET_CAP":1146807766.32,"HKSK_MARKET_CAP":1146807766.32,"PE_TTM":6.030085898802,"PB_TTM":0.232060415901,"REPORT_DATE_SQ":"2022-12-31 00:00:00","REPORT_TYPE_SQ":"2022年年报","OPERATE_INCOME_SQ":5303894714.55,"DPS_HKD":0.1,"OPERATE_INCOME_QOQ_SQ":0,"NET_PROFIT_RATIO_SQ":1.0414845954,"HOLDER_PROFIT_SQ":65786186.09,"HOLDER_PROFIT_QOQ_SQ":0,"ROE_AVG_SQ":1.436445977014,"PE_TTM_SQ":18.386087692451,"PB_TTM_SQ":0.286751214758,"ROA_SQ":0.943823837301,"START_DATE":"2023-04-01 00:00:00","FISCAL_YEAR":"3-31","CURRENCY":"HKD","IS_CNY_CODE":0,"DPS_HKD_LY":0.15,"ORG_TYPE":"一般企业","PREMIUM_INCOME":null,"PREMIUM_INCOME_YOY":null,"NET_INTEREST_INCOME":null,"NET_INTEREST_INCOME_YOY":null,"FEE_COMMISSION_INCOME":null,"FEE_COMMISSION_INCOME_YOY":null,"ACCOUNTS_RECE_TDAYS":6.222179967084,"INVENTORY_TDAYS":2.585711289594,"CURRENT_ASSETS_TDAYS":1.209275830234,"TOTAL_ASSETS_TDAYS":0.763660477076,"PREMIUM_EXPENSE":null,"LOAN_DEPOSIT":null,"LOAN_EQUITY":null,"LOAN_ASSETS":null,"DEPOSIT_EQUITY":null,"DEPOSIT_ASSETS":null,"EQUITY_MULTIPLIER":1.483163608632,"EQUITY_RATIO":0.48360477533},{"SECUCODE":"00321.HK","SECURITY_CODE":"00321","SECURITY_NAME_ABBR":"德永佳集团","ORG_CODE":"10008827","STD_REPORT_DATE":"2023-06-30 00:00:00","REPORT_DATE":"2023-09-30 00:00:00","DATE_TYPE_CODE":"002","REPORT_TYPE":"2023年中报","PER_NETCASH_OPERATE":0.123587848714,"PER_OI":1.756176230645,"BPS":3.200091064214,"BASIC_EPS":0.02936416,"DILUTED_EPS":0.02936416,"OPERATE_INCOME":2426501855.82,"OPERATE_INCOME_YOY":-22.1781755127,"GROSS_PROFIT":617146550.72,"GROSS_PROFIT_YOY":-30.074335128327,"HOLDER_PROFIT":40095842.85,"HOLDER_PROFIT_YOY":-61.3380169531,"GROSS_PROFIT_RATIO":25.433590715777,"EPS_TTM":0.04761263052,"OPERATE_INCOME_QOQ":0,"NET_PROFIT_RATIO":1.7048277928,"ROE_AVG":0.887725435939,"GROSS_PROFIT_QOQ":0,"ROA":0.630137442646,"HOLDER_PROFIT_QOQ":0,"ROE_YEARLY":1.775450871879,"ROIC_YEARLY":1.75540300148,"TOTAL_ASSETS":6351633899.03,"TOTAL_LIABILITIES":1937553721.88,"TAX_EBT":32.820207138067,"OCF_SALES":7.037326126927,"TOTAL_PARENT_EQUITY":4421553355.87,"DEBT_ASSET_RATIO":30.5048079389,"OPERATE_PROFIT":51948869.56,"PRETAX_PROFIT":61577561.15,"NETCASH_OPERATE":170760849.07,"NETCASH_INVEST":-374326053.01,"NETCASH_FINANCE":-76838665.68,"END_CASH":1141544566.82,"DIVI_RATIO":0.949006587264,"DIVIDEND_RATE":6.410256410256,"CURRENT_RATIO":2.70016478702,"COMMON_ACS":2000000000,"CURRENTDEBT_DEBT":82.858199666963,"ISSUED_COMMON_SHARES":1381696104,"HK_COMMON_SHARES":1381696104,"PER_SHARES":2000,"TOTAL_MARKET_CAP":1077722961.12,"HKSK_MARKET_CAP":1077722961.12,"PE_TTM":5.666827712127,"PB_TTM":0.218080872774,"REPORT_DATE_SQ":"2022-06-30 00:00:00","REPORT_TYPE_SQ":"2022年中报","OPERATE_INCOME_SQ":3073203911.52,"DPS_HKD":0.05,"OPERATE_INCOME_QOQ_SQ":0,"NET_PROFIT_RATIO_SQ":3.2533547112,"HOLDER_PROFIT_SQ":102217999.92,"HOLDER_PROFIT_QOQ_SQ":0,"ROE_AVG_SQ":2.142187308235,"PE_TTM_SQ":227.673920329557,"PB_TTM_SQ":0.275281166168,"ROA_SQ":1.3981625256,"START_DATE":"2023-04-01 00:00:00","FISCAL_YEAR":"3-31","CURRENCY":"HKD","IS_CNY_CODE":0,"DPS_HKD_LY":0.15,"ORG_TYPE":"一般企业","PREMIUM_INCOME":null,"PREMIUM_INCOME_YOY":null,"NET_INTEREST_INCOME":null,"NET_INTEREST_INCOME_YOY":null,"FEE_COMMISSION_INCOME":null,"FEE_COMMISSION_INCOME_YOY":null,"ACCOUNTS_RECE_TDAYS":3.149348201637,"INVENTORY_TDAYS":1.412978633371,"CURRENT_ASSETS_TDAYS":0.567161515669,"TOTAL_ASSETS_TDAYS":0.381343691844,"PREMIUM_EXPENSE":null,"LOAN_DEPOSIT":null,"LOAN_EQUITY":null,"LOAN_ASSETS":null,"DEPOSIT_EQUITY":null,"DEPOSIT_ASSETS":null,"EQUITY_MULTIPLIER":1.438948465846,"EQUITY_RATIO":0.43820656813},{"SECUCODE":"00321.HK","SECURITY_CODE":"00321","SECURITY_NAME_ABBR":"德永佳集团","ORG_CODE":"10008827","STD_REPORT_DATE":"2022-12-31 00:00:00","REPORT_DATE":"2023-03-31 00:00:00","DATE_TYPE_CODE":"001","REPORT_TYPE":"2022年年报","PER_NETCASH_OPERATE":0.648604800003,"PER_OI":3.838683990782,"BPS":3.184235082355,"BASIC_EPS":0.04727214,"DILUTED_EPS":0.04727214,"OPERATE_INCOME":5303894714.55,"OPERATE_INCOME_YOY":-24.672069676,"GROSS_PROFIT":1376113880.65,"GROSS_PROFIT_YOY":-27.143550756456,"HOLDER_PROFIT":65786186.09,"HOLDER_PROFIT_YOY":-60.6681530796,"GROSS_PROFIT_RATIO":25.945346857564,"EPS_TTM":0.102644853893,"OPERATE_INCOME_QOQ":0,"NET_PROFIT_RATIO":1.0414845954,"ROE_AVG":1.436445977014,"GROSS_PROFIT_QOQ":0,"ROA":0.943823837301,"HOLDER_PROFIT_QOQ":0,"ROE_YEARLY":1.436445977014,"ROIC_YEARLY":1.290660090825,"TOTAL_ASSETS":6081142365.02,"TOTAL_LIABILITIES":1690468359.19,"TAX_EBT":17.15549837202,"OCF_SALES":16.896540625921,"TOTAL_PARENT_EQUITY":4399645207.51,"DEBT_ASSET_RATIO":27.7985328696,"OPERATE_PROFIT":2949256.29,"PRETAX_PROFIT":66678228.88,"NETCASH_OPERATE":896174725.2,"NETCASH_INVEST":809602804.07,"NETCASH_FINANCE":-1171050838.97,"END_CASH":1387322630.29,"DIVI_RATIO":0.887196937264,"DIVIDEND_RATE":12.048192771084,"CURRENT_RATIO":3.012722866256,"COMMON_ACS":2000000000,"CURRENTDEBT_DEBT":79.080597744554,"ISSUED_COMMON_SHARES":1381696104,"HK_COMMON_SHARES":1381696104,"PER_SHARES":2000,"TOTAL_MARKET_CAP":1146807766.32,"HKSK_MARKET_CAP":1146807766.32,"PE_TTM":6.030085898802,"PB_TTM":0.232060415901,"REPORT_DATE_SQ":"2021-12-31 00:00:00","REPORT_TYPE_SQ":"2021年年报","OPERATE_INCOME_SQ":6523092923.72,"DPS_HKD":0.1,"OPERATE_INCOME_QOQ_SQ":0,"NET_PROFIT_RATIO_SQ":2.3213354134,"HOLDER_PROFIT_SQ":154954814.64,"HOLDER_PROFIT_QOQ_SQ":0,"ROE_AVG_SQ":3.526018931886,"PE_TTM_SQ":18.386087692451,"PB_TTM_SQ":0.286751214758,"ROA_SQ":2.156704692851,"START_DATE":"2022-04-01 00:00:00","FISCAL_YEAR":"3-31","CURRENCY":"HKD","IS_CNY_CODE":0,"DPS_HKD_LY":0.2,"ORG_TYPE":"一般企业","PREMIUM_INCOME":null,"PREMIUM_INCOME_YOY":null,"NET_INTEREST_INCOME":null,"NET_INTEREST_INCOME_YOY":null,"FEE_COMMISSION_INCOME":null,"FEE_COMMISSION_INCOME_YOY":null,"ACCOUNTS_RECE_TDAYS":6.282988579411,"INVENTORY_TDAYS":2.241133136382,"CURRENT_ASSETS_TDAYS":1.103430434221,"TOTAL_ASSETS_TDAYS":0.760941249167,"PREMIUM_EXPENSE":null,"LOAN_DEPOSIT":null,"LOAN_EQUITY":null,"LOAN_ASSETS":null,"DEPOSIT_EQUITY":null,"DEPOSIT_ASSETS":null,"EQUITY_MULTIPLIER":1.385013407268,"EQUITY_RATIO":0.384228336481},{"SECUCODE":"00321.HK","SECURITY_CODE":"00321","SECURITY_NAME_ABBR":"德永佳集团","ORG_CODE":"10008827","STD_REPORT_DATE":"2022-06-30 00:00:00","REPORT_DATE":"2022-09-30 00:00:00","DATE_TYPE_CODE":"002","REPORT_TYPE":"2022年中报","PER_NETCASH_OPERATE":0.165220320951,"PER_OI":2.224225647466,"BPS":3.347734172405,"BASIC_EPS":0.07416408,"DILUTED_EPS":0.07416408,"OPERATE_INCOME":3073203911.52,"OPERATE_INCOME_YOY":-18.5568203798,"GROSS_PROFIT":882575163,"GROSS_PROFIT_YOY":-10.007416337847,"HOLDER_PROFIT":102217999.92,"HOLDER_PROFIT_YOY":-18.3773399584,"GROSS_PROFIT_RATIO":28.718405560127,"EPS_TTM":0.112148260527,"OPERATE_INCOME_QOQ":0,"NET_PROFIT_RATIO":3.2533547112,"ROE_AVG":2.142187308235,"GROSS_PROFIT_QOQ":0,"ROA":1.3981625256,"HOLDER_PROFIT_QOQ":0,"ROE_YEARLY":4.28437461647,"ROIC_YEARLY":3.426550475586,"TOTAL_ASSETS":6501927811.56,"TOTAL_LIABILITIES":1879969888.44,"TAX_EBT":27.504639739781,"OCF_SALES":7.428217597416,"TOTAL_PARENT_EQUITY":4625551263.24,"DEBT_ASSET_RATIO":28.914038158,"OPERATE_PROFIT":153261880.2,"PRETAX_PROFIT":137915342.28,"NETCASH_OPERATE":228284273.76,"NETCASH_INVEST":313944690.6,"NETCASH_FINANCE":-1011632419.92,"END_CASH":375018810.48,"DIVI_RATIO":0.402901478702,"DIVIDEND_RATE":6.493506493506,"CURRENT_RATIO":2.958873656681,"COMMON_ACS":2000000000,"CURRENTDEBT_DEBT":78.015790428274,"ISSUED_COMMON_SHARES":1381696104,"HK_COMMON_SHARES":1381696104,"PER_SHARES":2000,"TOTAL_MARKET_CAP":1063906000.08,"HKSK_MARKET_CAP":1063906000.08,"PE_TTM":5.594176074792,"PB_TTM":0.215284964149,"REPORT_DATE_SQ":"2021-06-30 00:00:00","REPORT_TYPE_SQ":"2021年中报","OPERATE_INCOME_SQ":3475627120.26,"DPS_HKD":0.05,"OPERATE_INCOME_QOQ_SQ":0,"NET_PROFIT_RATIO_SQ":3.289525879,"HOLDER_PROFIT_SQ":115348819.84,"HOLDER_PROFIT_QOQ_SQ":0,"ROE_AVG_SQ":2.557419293828,"PE_TTM_SQ":189.728266941298,"PB_TTM_SQ":0.229400971806,"ROA_SQ":1.527400470606,"START_DATE":"2022-04-01 00:00:00","FISCAL_YEAR":"3-31","CURRENCY":"HKD","IS_CNY_CODE":0,"DPS_HKD_LY":0.2,"ORG_TYPE":"一般企业","PREMIUM_INCOME":null,"PREMIUM_INCOME_YOY":null,"NET_INTEREST_INCOME":null,"NET_INTEREST_INCOME_YOY":null,"FEE_COMMISSION_INCOME":null,"FEE_COMMISSION_INCOME_YOY":null,"ACCOUNTS_RECE_TDAYS":3.285598044833,"INVENTORY_TDAYS":1.059897239001,"CURRENT_ASSETS_TDAYS":0.607899218386,"TOTAL_ASSETS_TDAYS":0.420360263943,"PREMIUM_EXPENSE":null,"LOAN_DEPOSIT":null,"LOAN_EQUITY":null,"LOAN_ASSETS":null,"DEPOSIT_EQUITY":null,"DEPOSIT_ASSETS":null,"EQUITY_MULTIPLIER":1.406747512572,"EQUITY_RATIO":0.406431532471},{"SECUCODE":"00321.HK","SECURITY_CODE":"00321","SECURITY_NAME_ABBR":"德永佳集团","ORG_CODE":"10008827","STD_REPORT_DATE":"2021-12-31 00:00:00","REPORT_DATE":"2022-03-31 00:00:00","DATE_TYPE_CODE":"001","REPORT_TYPE":"2021年年报","PER_NETCASH_OPERATE":0.52978759854,"PER_OI":4.721076439917,"BPS":3.191559037457,"BASIC_EPS":0.11191938,"DILUTED_EPS":0.11191938,"OPERATE_INCOME":6523092923.72,"OPERATE_INCOME_YOY":9.4074968718,"GROSS_PROFIT":1888801739.5,"GROSS_PROFIT_YOY":-1.988469073604,"HOLDER_PROFIT":154954814.64,"HOLDER_PROFIT_YOY":-30.3227782782,"GROSS_PROFIT_RATIO":28.955616018158,"EPS_TTM":0.162142112474,"OPERATE_INCOME_QOQ":0,"NET_PROFIT_RATIO":2.3213354134,"ROE_AVG":3.526018931886,"GROSS_PROFIT_QOQ":0,"ROA":2.156704692851,"HOLDER_PROFIT_QOQ":0,"ROE_YEARLY":3.526018931886,"ROIC_YEARLY":2.798249292782,"TOTAL_ASSETS":7281043405.48,"TOTAL_LIABILITIES":2872783141.29,"TAX_EBT":5.948578970169,"OCF_SALES":11.221754302904,"TOTAL_PARENT_EQUITY":4409764687.74,"DEBT_ASSET_RATIO":39.4556519074,"OPERATE_PROFIT":297110269.46,"PRETAX_PROFIT":161000083.18,"NETCASH_OPERATE":732005460.85,"NETCASH_INVEST":-1221507577.56,"NETCASH_FINANCE":-55057035.87,"END_CASH":807149592.4,"DIVI_RATIO":0.561644341562,"DIVIDEND_RATE":12.048192771084,"CURRENT_RATIO":2.104112457401,"COMMON_ACS":2000000000,"CURRENTDEBT_DEBT":85.613183111538,"ISSUED_COMMON_SHARES":1381696104,"HK_COMMON_SHARES":1381696104,"PER_SHARES":2000,"TOTAL_MARKET_CAP":1146807766.32,"HKSK_MARKET_CAP":1146807766.32,"PE_TTM":6.030085898802,"PB_TTM":0.232060415901,"REPORT_DATE_SQ":"2020-12-31 00:00:00","REPORT_TYPE_SQ":"2020年年报","OPERATE_INCOME_SQ":6213402468.14,"DPS_HKD":0.1,"OPERATE_INCOME_QOQ_SQ":0,"NET_PROFIT_RATIO_SQ":3.726535804,"HOLDER_PROFIT_SQ":231759343.34,"HOLDER_PROFIT_QOQ_SQ":0,"ROE_AVG_SQ":5.308949463501,"PE_TTM_SQ":18.386087692451,"PB_TTM_SQ":0.286751214758,"ROA_SQ":3.216060587615,"START_DATE":"2021-04-01 00:00:00","FISCAL_YEAR":"3-31","CURRENCY":"HKD","IS_CNY_CODE":0,"DPS_HKD_LY":0.18,"ORG_TYPE":"一般企业","PREMIUM_INCOME":null,"PREMIUM_INCOME_YOY":null,"NET_INTEREST_INCOME":null,"NET_INTEREST_INCOME_YOY":null,"FEE_COMMISSION_INCOME":null,"FEE_COMMISSION_INCOME_YOY":null,"ACCOUNTS_RECE_TDAYS":7.044202013549,"INVENTORY_TDAYS":2.345411899527,"CURRENT_ASSETS_TDAYS":1.278176653172,"TOTAL_ASSETS_TDAYS":0.907902420017,"PREMIUM_EXPENSE":null,"LOAN_DEPOSIT":null,"LOAN_EQUITY":null,"LOAN_ASSETS":null,"DEPOSIT_EQUITY":null,"DEPOSIT_ASSETS":null,"EQUITY_MULTIPLIER":1.651681835719,"EQUITY_RATIO":0.651459509682},{"SECUCODE":"00321.HK","SECURITY_CODE":"00321","SECURITY_NAME_ABBR":"德永佳集团","ORG_CODE":"10008827","STD_REPORT_DATE":"2021-06-30 00:00:00","REPORT_DATE":"2021-09-30 00:00:00","DATE_TYPE_CODE":"002","REPORT_TYPE":"2021年中报","PER_NETCASH_OPERATE":0.283394944696,"PER_OI":2.515478700561,"BPS":3.272928748679,"BASIC_EPS":0.083306,"DILUTED_EPS":0.083306,"OPERATE_INCOME":3475627120.26,"OPERATE_INCOME_YOY":22.4467928059,"GROSS_PROFIT":980719885,"GROSS_PROFIT_YOY":10.250377419669,"HOLDER_PROFIT":115348819.84,"HOLDER_PROFIT_YOY":-1.1423349326,"GROSS_PROFIT_RATIO":28.217062736196,"EPS_TTM":0.167735396133,"OPERATE_INCOME_QOQ":0,"NET_PROFIT_RATIO":3.289525879,"ROE_AVG":2.557419293828,"GROSS_PROFIT_QOQ":0,"ROA":1.527400470606,"HOLDER_PROFIT_QOQ":0,"ROE_YEARLY":5.114838587657,"ROIC_YEARLY":3.928245349085,"TOTAL_ASSETS":7822666656.8,"TOTAL_LIABILITIES":3301703352.64,"TAX_EBT":18.22352779946,"OCF_SALES":11.266044297373,"TOTAL_PARENT_EQUITY":4522192900.72,"DEBT_ASSET_RATIO":42.2068777502,"OPERATE_PROFIT":152785703.18,"PRETAX_PROFIT":139809960.62,"NETCASH_OPERATE":391565690.98,"NETCASH_INVEST":-691786352.96,"NETCASH_FINANCE":238944933.68,"END_CASH":1306807059.98,"DIVI_RATIO":0.269380828625,"DIVIDEND_RATE":6.493506493506,"CURRENT_RATIO":1.914377177699,"COMMON_ACS":2000000000,"CURRENTDEBT_DEBT":89.481533775519,"ISSUED_COMMON_SHARES":1381696104,"HK_COMMON_SHARES":1381696104,"PER_SHARES":2000,"TOTAL_MARKET_CAP":1063906000.08,"HKSK_MARKET_CAP":1063906000.08,"PE_TTM":5.594176074792,"PB_TTM":0.215284964149,"REPORT_DATE_SQ":"2020-06-30 00:00:00","REPORT_TYPE_SQ":"2020年中报","OPERATE_INCOME_SQ":2994056504.96,"DPS_HKD":0.05,"OPERATE_INCOME_QOQ_SQ":0,"NET_PROFIT_RATIO_SQ":4.1107119347,"HOLDER_PROFIT_SQ":123077038.08,"HOLDER_PROFIT_QOQ_SQ":0,"ROE_AVG_SQ":2.760529885982,"PE_TTM_SQ":189.728266941298,"PB_TTM_SQ":0.229400971806,"ROA_SQ":1.736486252352,"START_DATE":"2021-04-01 00:00:00","FISCAL_YEAR":"3-31","CURRENCY":"HKD","IS_CNY_CODE":0,"DPS_HKD_LY":0.18,"ORG_TYPE":"一般企业","PREMIUM_INCOME":null,"PREMIUM_INCOME_YOY":null,"NET_INTEREST_INCOME":null,"NET_INTEREST_INCOME_YOY":null,"FEE_COMMISSION_INCOME":null,"FEE_COMMISSION_INCOME_YOY":null,"ACCOUNTS_RECE_TDAYS":3.323623249711,"INVENTORY_TDAYS":1.174868115864,"CURRENT_ASSETS_TDAYS":0.642176718922,"TOTAL_ASSETS_TDAYS":0.460227898864,"PREMIUM_EXPENSE":null,"LOAN_DEPOSIT":null,"LOAN_EQUITY":null,"LOAN_ASSETS":null,"DEPOSIT_EQUITY":null,"DEPOSIT_ASSETS":null,"EQUITY_MULTIPLIER":1.730309699617,"EQUITY_RATIO":0.730111126422},{"SECUCODE":"00321.HK","SECURITY_CODE":"00321","SECURITY_NAME_ABBR":"德永佳集团","ORG_CODE":"10008827","STD_REPORT_DATE":"2020-12-31 00:00:00","REPORT_DATE":"2021-03-31 00:00:00","DATE_TYPE_CODE":"001","REPORT_TYPE":"2020年年报","PER_NETCASH_OPERATE":0.429642228231,"PER_OI":4.496938545424,"BPS":3.303168741308,"BASIC_EPS":0.16734564,"DILUTED_EPS":0.16734564,"OPERATE_INCOME":6213402468.14,"OPERATE_INCOME_YOY":-3.6529727641,"GROSS_PROFIT":1927121963.76,"GROSS_PROFIT_YOY":-13.507588138336,"HOLDER_PROFIT":231759343.34,"HOLDER_PROFIT_YOY":62.2043843979,"GROSS_PROFIT_RATIO":31.015566328458,"EPS_TTM":0.062754052768,"OPERATE_INCOME_QOQ":0,"NET_PROFIT_RATIO":3.726535804,"ROE_AVG":5.308949463501,"GROSS_PROFIT_QOQ":0,"ROA":3.216060587615,"HOLDER_PROFIT_QOQ":0,"ROE_YEARLY":5.308949463501,"ROIC_YEARLY":4.027902552294,"TOTAL_ASSETS":7387206200.92,"TOTAL_LIABILITIES":2823442960.38,"TAX_EBT":34.723797451464,"OCF_SALES":9.554104951417,"TOTAL_PARENT_EQUITY":4563975380.72,"DEBT_ASSET_RATIO":38.2207140776,"OPERATE_PROFIT":372932294.28,"PRETAX_PROFIT":354715284.56,"NETCASH_OPERATE":593634992.86,"NETCASH_INVEST":486173736.58,"NETCASH_FINANCE":-586674090.38,"END_CASH":1393310501.66,"DIVI_RATIO":1.451160458694,"DIVIDEND_RATE":12.048192771084,"CURRENT_RATIO":2.160009121276,"COMMON_ACS":2000000000,"CURRENTDEBT_DEBT":85.983648048384,"ISSUED_COMMON_SHARES":1381696104,"HK_COMMON_SHARES":1381696104,"PER_SHARES":2000,"TOTAL_MARKET_CAP":1146807766.32,"HKSK_MARKET_CAP":1146807766.32,"PE_TTM":6.030085898802,"PB_TTM":0.232060415901,"REPORT_DATE_SQ":"2019-12-31 00:00:00","REPORT_TYPE_SQ":"2019年年报","OPERATE_INCOME_SQ":6971810592.2,"DPS_HKD":0.1,"OPERATE_INCOME_QOQ_SQ":0,"NET_PROFIT_RATIO_SQ":2.2155599002,"HOLDER_PROFIT_SQ":154464639.8,"HOLDER_PROFIT_QOQ_SQ":0,"ROE_AVG_SQ":3.280128470114,"PE_TTM_SQ":18.386087692451,"PB_TTM_SQ":0.286751214758,"ROA_SQ":2.001670920536,"START_DATE":"2020-04-01 00:00:00","FISCAL_YEAR":"3-31","CURRENCY":"HKD","IS_CNY_CODE":0,"DPS_HKD_LY":0.05,"ORG_TYPE":"一般企业","PREMIUM_INCOME":null,"PREMIUM_INCOME_YOY":null,"NET_INTEREST_INCOME":null,"NET_INTEREST_INCOME_YOY":null,"FEE_COMMISSION_INCOME":null,"FEE_COMMISSION_INCOME_YOY":null,"ACCOUNTS_RECE_TDAYS":7.113976844364,"INVENTORY_TDAYS":2.258504337479,"CURRENT_ASSETS_TDAYS":1.239173855217,"TOTAL_ASSETS_TDAYS":0.862216750565,"PREMIUM_EXPENSE":null,"LOAN_DEPOSIT":null,"LOAN_EQUITY":null,"LOAN_ASSETS":null,"DEPOSIT_EQUITY":null,"DEPOSIT_ASSETS":null,"EQUITY_MULTIPLIER":1.61866552044,"EQUITY_RATIO":0.618636763973},{"SECUCODE":"00321.HK","SECURITY_CODE":"00321","SECURITY_NAME_ABBR":"德永佳集团","ORG_CODE":"10008827","STD_REPORT_DATE":"2020-06-30 00:00:00","REPORT_DATE":"2020-09-30 00:00:00","DATE_TYPE_CODE":"002","REPORT_TYPE":"2020年中报","PER_NETCASH_OPERATE":0.358432533121,"PER_OI":2.166942858341,"BPS":3.318122725835,"BASIC_EPS":0.08875072,"DILUTED_EPS":0.08875072,"OPERATE_INCOME":2994056504.96,"OPERATE_INCOME_YOY":-18.822331731,"GROSS_PROFIT":889538800.64,"GROSS_PROFIT_YOY":-25.930828150676,"HOLDER_PROFIT":123077038.08,"HOLDER_PROFIT_YOY":-33.7965457588,"GROSS_PROFIT_RATIO":29.710154072456,"EPS_TTM":0.111793497393,"OPERATE_INCOME_QOQ":0,"NET_PROFIT_RATIO":4.1107119347,"ROE_AVG":2.760529885982,"GROSS_PROFIT_QOQ":0,"ROA":1.736486252352,"HOLDER_PROFIT_QOQ":0,"ROE_YEARLY":5.521059771964,"ROIC_YEARLY":4.200082988703,"TOTAL_ASSETS":6871199369.6,"TOTAL_LIABILITIES":2286562126.72,"TAX_EBT":27.406539755265,"OCF_SALES":16.54093146671,"TOTAL_PARENT_EQUITY":4584637242.88,"DEBT_ASSET_RATIO":33.2774819027,"OPERATE_PROFIT":184450357.76,"PRETAX_PROFIT":169542872.96,"NETCASH_OPERATE":495244834.56,"NETCASH_INVEST":505923918.72,"NETCASH_FINANCE":-1067604378.88,"END_CASH":882344720,"DIVI_RATIO":0.404180037782,"DIVIDEND_RATE":6.493506493506,"CURRENT_RATIO":2.380923646983,"COMMON_ACS":2000000000,"CURRENTDEBT_DEBT":85.086184468157,"ISSUED_COMMON_SHARES":1381696104,"HK_COMMON_SHARES":1381696104,"PER_SHARES":2000,"TOTAL_MARKET_CAP":1063906000.08,"HKSK_MARKET_CAP":1063906000.08,"PE_TTM":5.594176074792,"PB_TTM":0.215284964149,"REPORT_DATE_SQ":"2019-06-30 00:00:00","REPORT_TYPE_SQ":"2019年中报","OPERATE_INCOME_SQ":3786031829.28,"DPS_HKD":0.05,"OPERATE_INCOME_QOQ_SQ":0,"NET_PROFIT_RATIO_SQ":5.0404924276,"HOLDER_PROFIT_SQ":190834647.66,"HOLDER_PROFIT_QOQ_SQ":0,"ROE_AVG_SQ":4.000273786735,"PE_TTM_SQ":189.728266941298,"PB_TTM_SQ":0.229400971806,"ROA_SQ":2.377656194888,"START_DATE":"2020-04-01 00:00:00","FISCAL_YEAR":"3-31","CURRENCY":"HKD","IS_CNY_CODE":0,"DPS_HKD_LY":0.05,"ORG_TYPE":"一般企业","PREMIUM_INCOME":null,"PREMIUM_INCOME_YOY":null,"NET_INTEREST_INCOME":null,"NET_INTEREST_INCOME_YOY":null,"FEE_COMMISSION_INCOME":null,"FEE_COMMISSION_INCOME_YOY":null,"ACCOUNTS_RECE_TDAYS":3.186765631532,"INVENTORY_TDAYS":1.144105398023,"CURRENT_ASSETS_TDAYS":0.623338858808,"TOTAL_ASSETS_TDAYS":0.422429564502,"PREMIUM_EXPENSE":null,"LOAN_DEPOSIT":null,"LOAN_EQUITY":null,"LOAN_ASSETS":null,"DEPOSIT_EQUITY":null,"DEPOSIT_ASSETS":null,"EQUITY_MULTIPLIER":1.498744394721,"EQUITY_RATIO":0.498744394722}],"count":48},"success":true,"message":"ok","code":0}