{"version":"6ce90d5285d345faaa4412e854d30e51","result":{"pages":10,"data":[{"SECUCODE":"00322.HK","SECURITY_CODE":"00322","SECURITY_NAME_ABBR":"康师傅控股","ORG_CODE":"10008828","STD_REPORT_DATE":"2024-06-30 00:00:00","REPORT_DATE":"2024-06-30 00:00:00","DATE_TYPE_CODE":"002","REPORT_TYPE":"2024年中报","PER_NETCASH_OPERATE":0.623039931397,"PER_OI":7.312495938755,"BPS":2.217514796813,"BASIC_EPS":0.3346,"DILUTED_EPS":0.3346,"OPERATE_INCOME":41201208000,"OPERATE_INCOME_YOY":0.7180891425,"GROSS_PROFIT":13439915000,"GROSS_PROFIT_YOY":7.815657804415,"HOLDER_PROFIT":1885310000,"HOLDER_PROFIT_YOY":15.1214835712,"GROSS_PROFIT_RATIO":32.620196475793,"EPS_TTM":0.597246745678,"OPERATE_INCOME_QOQ":0.36528106399,"NET_PROFIT_RATIO":5.4247559926,"ROE_AVG":14.288578027629,"GROSS_PROFIT_QOQ":3.981969412054,"ROA":3.453916415501,"HOLDER_PROFIT_QOQ":7.943643881992,"ROE_YEARLY":28.577156055258,"ROIC_YEARLY":9.304981578796,"TOTAL_ASSETS":56019751000,"TOTAL_LIABILITIES":40250703000,"TAX_EBT":26.579440541752,"OCF_SALES":8.52020892203,"TOTAL_PARENT_EQUITY":12494446000,"DEBT_ASSET_RATIO":71.8509137965,"OPERATE_PROFIT":3146633000,"PRETAX_PROFIT":3044195000,"NETCASH_OPERATE":3510429000,"NETCASH_INVEST":-70706000,"NETCASH_FINANCE":587415000,"END_CASH":10816885000,"DIVI_RATIO":0.45163307285,"DIVIDEND_RATE":2.526740237691,"CURRENT_RATIO":0.625494457428,"COMMON_ACS":7000000000,"CURRENTDEBT_DEBT":86.74454952998,"ISSUED_COMMON_SHARES":5634436360,"HK_COMMON_SHARES":5634436360,"PER_SHARES":2000,"TOTAL_MARKET_CAP":66373660320.8,"HKSK_MARKET_CAP":66373660320.8,"PE_TTM":17.796917210141,"PB_TTM":4.848387219536,"REPORT_DATE_SQ":"2023-06-30 00:00:00","REPORT_TYPE_SQ":"2023年中报","OPERATE_INCOME_SQ":40907456000,"DPS_HKD":0.29765,"OPERATE_INCOME_QOQ_SQ":3.418021068272,"NET_PROFIT_RATIO_SQ":4.7005587441,"HOLDER_PROFIT_SQ":1637670000,"HOLDER_PROFIT_QOQ_SQ":14.599447177994,"ROE_AVG_SQ":12.734052371684,"PE_TTM_SQ":13.370329701293,"PB_TTM_SQ":3.251568232007,"ROA_SQ":2.781444114296,"START_DATE":"2024-01-01 00:00:00","FISCAL_YEAR":"12-31","CURRENCY":"HKD","IS_CNY_CODE":0,"DPS_HKD_LY":0.29765,"ORG_TYPE":"一般企业","PREMIUM_INCOME":null,"PREMIUM_INCOME_YOY":null,"NET_INTEREST_INCOME":null,"NET_INTEREST_INCOME_YOY":null,"FEE_COMMISSION_INCOME":null,"FEE_COMMISSION_INCOME_YOY":null,"ACCOUNTS_RECE_TDAYS":22.319350200922,"INVENTORY_TDAYS":6.599120665339,"CURRENT_ASSETS_TDAYS":1.947453801263,"TOTAL_ASSETS_TDAYS":0.754812357913,"PREMIUM_EXPENSE":null,"LOAN_DEPOSIT":null,"LOAN_EQUITY":null,"LOAN_ASSETS":null,"DEPOSIT_EQUITY":null,"DEPOSIT_ASSETS":null,"EQUITY_MULTIPLIER":3.552513189134,"EQUITY_RATIO":3.221487611375},{"SECUCODE":"00322.HK","SECURITY_CODE":"00322","SECURITY_NAME_ABBR":"康师傅控股","ORG_CODE":"10008828","STD_REPORT_DATE":"2023-12-31 00:00:00","REPORT_DATE":"2023-12-31 00:00:00","DATE_TYPE_CODE":"001","REPORT_TYPE":"2023年年报","PER_NETCASH_OPERATE":0.975238811483,"PER_OI":14.272805953651,"BPS":2.466014897007,"BASIC_EPS":0.5533,"DILUTED_EPS":0.5531,"OPERATE_INCOME":80418075000,"OPERATE_INCOME_YOY":2.1604557162,"GROSS_PROFIT":24467089000,"GROSS_PROFIT_YOY":6.845903544182,"HOLDER_PROFIT":3117461000,"HOLDER_PROFIT_YOY":18.4305279921,"GROSS_PROFIT_RATIO":30.424862818465,"EPS_TTM":0.553294964112,"OPERATE_INCOME_QOQ":-1.216002142689,"NET_PROFIT_RATIO":4.3729808255,"ROE_AVG":22.866912172721,"GROSS_PROFIT_QOQ":-0.45461889173,"ROA":5.58689973455,"HOLDER_PROFIT_QOQ":3.343018582086,"ROE_YEARLY":22.866912172721,"ROIC_YEARLY":7.787609023363,"TOTAL_ASSETS":53149654000,"TOTAL_LIABILITIES":35927410000,"TAX_EBT":26.421263820335,"OCF_SALES":6.832845725292,"TOTAL_PARENT_EQUITY":13894604000,"DEBT_ASSET_RATIO":67.5966959258,"OPERATE_PROFIT":5171629000,"PRETAX_PROFIT":4779461000,"NETCASH_OPERATE":5494843000,"NETCASH_INVEST":-3724151000,"NETCASH_FINANCE":-7318926000,"END_CASH":6786481000,"DIVI_RATIO":0.48750919581,"DIVIDEND_RATE":2.561531841652,"CURRENT_RATIO":0.701317719369,"COMMON_ACS":7000000000,"CURRENTDEBT_DEBT":81.25554834039,"ISSUED_COMMON_SHARES":5634436360,"HK_COMMON_SHARES":5634436360,"PER_SHARES":2000,"TOTAL_MARKET_CAP":65472150503.2,"HKSK_MARKET_CAP":65472150503.2,"PE_TTM":17.555193377066,"PB_TTM":4.782534761546,"REPORT_DATE_SQ":"2022-12-31 00:00:00","REPORT_TYPE_SQ":"2022年年报","OPERATE_INCOME_SQ":78717420000,"DPS_HKD":0.29765,"OPERATE_INCOME_QOQ_SQ":2.358913241957,"NET_PROFIT_RATIO_SQ":3.9074375151,"HOLDER_PROFIT_SQ":2632312000,"HOLDER_PROFIT_QOQ_SQ":-12.855674386346,"ROE_AVG_SQ":16.435770011659,"PE_TTM_SQ":12.436309256442,"PB_TTM_SQ":3.02442116276,"ROA_SQ":4.433049183356,"START_DATE":"2023-01-01 00:00:00","FISCAL_YEAR":"12-31","CURRENCY":"HKD","IS_CNY_CODE":0,"DPS_HKD_LY":0.25743,"ORG_TYPE":"一般企业","PREMIUM_INCOME":null,"PREMIUM_INCOME_YOY":null,"NET_INTEREST_INCOME":null,"NET_INTEREST_INCOME_YOY":null,"FEE_COMMISSION_INCOME":null,"FEE_COMMISSION_INCOME_YOY":null,"ACCOUNTS_RECE_TDAYS":47.468600439635,"INVENTORY_TDAYS":11.608256966387,"CURRENT_ASSETS_TDAYS":3.614242956962,"TOTAL_ASSETS_TDAYS":1.4411975703,"PREMIUM_EXPENSE":null,"LOAN_DEPOSIT":null,"LOAN_EQUITY":null,"LOAN_ASSETS":null,"DEPOSIT_EQUITY":null,"DEPOSIT_ASSETS":null,"EQUITY_MULTIPLIER":3.086105039505,"EQUITY_RATIO":2.585709531556},{"SECUCODE":"00322.HK","SECURITY_CODE":"00322","SECURITY_NAME_ABBR":"康师傅控股","ORG_CODE":"10008828","STD_REPORT_DATE":"2023-06-30 00:00:00","REPORT_DATE":"2023-06-30 00:00:00","DATE_TYPE_CODE":"002","REPORT_TYPE":"2023年中报","PER_NETCASH_OPERATE":0.504581857865,"PER_OI":7.260360081307,"BPS":2.191805215455,"BASIC_EPS":0.2907,"DILUTED_EPS":0.2904,"OPERATE_INCOME":40907456000,"OPERATE_INCOME_YOY":7.0402872783,"GROSS_PROFIT":12465643000,"GROSS_PROFIT_YOY":15.569961370195,"HOLDER_PROFIT":1637670000,"HOLDER_PROFIT_YOY":30.6616497802,"GROSS_PROFIT_RATIO":30.472789605885,"EPS_TTM":0.5353965577,"OPERATE_INCOME_QOQ":3.418021068272,"NET_PROFIT_RATIO":4.7005587441,"ROE_AVG":12.734052371684,"GROSS_PROFIT_QOQ":7.333863565173,"ROA":2.781444114296,"HOLDER_PROFIT_QOQ":14.599447177994,"ROE_YEARLY":25.468104743368,"ROIC_YEARLY":7.91935303837,"TOTAL_ASSETS":59307509000,"TOTAL_LIABILITIES":43653676000,"TAX_EBT":26.421647707793,"OCF_SALES":6.94981863453,"TOTAL_PARENT_EQUITY":12349587000,"DEBT_ASSET_RATIO":73.6056474737,"OPERATE_PROFIT":2755629000,"PRETAX_PROFIT":2613376000,"NETCASH_OPERATE":2842994000,"NETCASH_INVEST":-205312000,"NETCASH_FINANCE":-692848000,"END_CASH":14283716000,"DIVI_RATIO":0.503806718815,"DIVIDEND_RATE":2.889805825243,"CURRENT_RATIO":0.842510780977,"COMMON_ACS":7000000000,"CURRENTDEBT_DEBT":74.25005628392,"ISSUED_COMMON_SHARES":5634436360,"HK_COMMON_SHARES":5634436360,"PER_SHARES":2000,"TOTAL_MARKET_CAP":58034694508,"HKSK_MARKET_CAP":58034694508,"PE_TTM":15.560971754198,"PB_TTM":4.239251983126,"REPORT_DATE_SQ":"2022-06-30 00:00:00","REPORT_TYPE_SQ":"2022年中报","OPERATE_INCOME_SQ":38216878000,"DPS_HKD":0.29765,"OPERATE_INCOME_QOQ_SQ":3.807988284164,"NET_PROFIT_RATIO_SQ":3.9107694773,"HOLDER_PROFIT_SQ":1253367000,"HOLDER_PROFIT_QOQ_SQ":-20.561491152358,"ROE_AVG_SQ":7.362026865057,"PE_TTM_SQ":15.9994242868,"PB_TTM_SQ":3.890945167667,"ROA_SQ":2.020927909278,"START_DATE":"2023-01-01 00:00:00","FISCAL_YEAR":"12-31","CURRENCY":"HKD","IS_CNY_CODE":0,"DPS_HKD_LY":0.25743,"ORG_TYPE":"一般企业","PREMIUM_INCOME":null,"PREMIUM_INCOME_YOY":null,"NET_INTEREST_INCOME":null,"NET_INTEREST_INCOME_YOY":null,"FEE_COMMISSION_INCOME":null,"FEE_COMMISSION_INCOME_YOY":null,"ACCOUNTS_RECE_TDAYS":20.921089447439,"INVENTORY_TDAYS":5.92211869239,"CURRENT_ASSETS_TDAYS":1.593736890713,"TOTAL_ASSETS_TDAYS":0.694778573962,"PREMIUM_EXPENSE":null,"LOAN_DEPOSIT":null,"LOAN_EQUITY":null,"LOAN_ASSETS":null,"DEPOSIT_EQUITY":null,"DEPOSIT_ASSETS":null,"EQUITY_MULTIPLIER":3.788689262234,"EQUITY_RATIO":3.534828816543},{"SECUCODE":"00322.HK","SECURITY_CODE":"00322","SECURITY_NAME_ABBR":"康师傅控股","ORG_CODE":"10008828","STD_REPORT_DATE":"2022-12-31 00:00:00","REPORT_DATE":"2022-12-31 00:00:00","DATE_TYPE_CODE":"001","REPORT_TYPE":"2022年年报","PER_NETCASH_OPERATE":0.794317083075,"PER_OI":13.971445447857,"BPS":2.373178991767,"BASIC_EPS":0.4673,"DILUTED_EPS":0.4671,"OPERATE_INCOME":78717420000,"OPERATE_INCOME_YOY":6.256728666,"GROSS_PROFIT":22899417000,"GROSS_PROFIT_YOY":1.72805266893,"HOLDER_PROFIT":2632312000,"HOLDER_PROFIT_YOY":-30.7738471872,"GROSS_PROFIT_RATIO":29.090659983521,"EPS_TTM":0.467205397608,"OPERATE_INCOME_QOQ":2.358913241957,"NET_PROFIT_RATIO":3.9074375151,"ROE_AVG":16.435770011659,"GROSS_PROFIT_QOQ":2.665699821075,"ROA":4.433049183356,"HOLDER_PROFIT_QOQ":-12.855674386346,"ROE_YEARLY":16.435770011659,"ROIC_YEARLY":6.502052979967,"TOTAL_ASSETS":58449306000,"TOTAL_LIABILITIES":41633831000,"TAX_EBT":25.862152080455,"OCF_SALES":5.685289228229,"TOTAL_PARENT_EQUITY":13371526000,"DEBT_ASSET_RATIO":71.2306678201,"OPERATE_PROFIT":4467507000,"PRETAX_PROFIT":4148804000,"NETCASH_OPERATE":4475313000,"NETCASH_INVEST":-3380128000,"NETCASH_FINANCE":-4617505000,"END_CASH":12336453000,"DIVI_RATIO":0.577340040122,"DIVIDEND_RATE":2.561531841652,"CURRENT_RATIO":0.757843214747,"COMMON_ACS":7000000000,"CURRENTDEBT_DEBT":76.150902375522,"ISSUED_COMMON_SHARES":5634436360,"HK_COMMON_SHARES":5634436360,"PER_SHARES":2000,"TOTAL_MARKET_CAP":65472150503.2,"HKSK_MARKET_CAP":65472150503.2,"PE_TTM":17.555193377066,"PB_TTM":4.782534761546,"REPORT_DATE_SQ":"2021-12-31 00:00:00","REPORT_TYPE_SQ":"2021年年报","OPERATE_INCOME_SQ":74082292000,"DPS_HKD":0.29765,"OPERATE_INCOME_QOQ_SQ":5.712168967797,"NET_PROFIT_RATIO_SQ":5.9172939736,"HOLDER_PROFIT_SQ":3802482000,"HOLDER_PROFIT_QOQ_SQ":2.298491866929,"ROE_AVG_SQ":19.121065454445,"PE_TTM_SQ":12.436309256442,"PB_TTM_SQ":3.02442116276,"ROA_SQ":6.24173115467,"START_DATE":"2022-01-01 00:00:00","FISCAL_YEAR":"12-31","CURRENCY":"HKD","IS_CNY_CODE":0,"DPS_HKD_LY":0.93623,"ORG_TYPE":"一般企业","PREMIUM_INCOME":null,"PREMIUM_INCOME_YOY":null,"NET_INTEREST_INCOME":null,"NET_INTEREST_INCOME_YOY":null,"FEE_COMMISSION_INCOME":null,"FEE_COMMISSION_INCOME_YOY":null,"ACCOUNTS_RECE_TDAYS":40.870669323278,"INVENTORY_TDAYS":11.246748939585,"CURRENT_ASSETS_TDAYS":3.168097596059,"TOTAL_ASSETS_TDAYS":1.325671859745,"PREMIUM_EXPENSE":null,"LOAN_DEPOSIT":null,"LOAN_EQUITY":null,"LOAN_ASSETS":null,"DEPOSIT_EQUITY":null,"DEPOSIT_ASSETS":null,"EQUITY_MULTIPLIER":3.475923576351,"EQUITY_RATIO":3.113618520429},{"SECUCODE":"00322.HK","SECURITY_CODE":"00322","SECURITY_NAME_ABBR":"康师傅控股","ORG_CODE":"10008828","STD_REPORT_DATE":"2022-06-30 00:00:00","REPORT_DATE":"2022-06-30 00:00:00","DATE_TYPE_CODE":"002","REPORT_TYPE":"2022年中报","PER_NETCASH_OPERATE":0.227038655073,"PER_OI":6.784890995674,"BPS":2.731334958232,"BASIC_EPS":0.2225,"DILUTED_EPS":0.2224,"OPERATE_INCOME":38216878000,"OPERATE_INCOME_YOY":7.9699918349,"GROSS_PROFIT":10786231000,"GROSS_PROFIT_YOY":-1.870372865492,"HOLDER_PROFIT":1253367000,"HOLDER_PROFIT_YOY":-38.415960189,"GROSS_PROFIT_RATIO":28.223736643271,"EPS_TTM":0.536272984222,"OPERATE_INCOME_QOQ":3.807988284164,"NET_PROFIT_RATIO":3.9107694773,"ROE_AVG":7.362026865057,"GROSS_PROFIT_QOQ":-0.913301281517,"ROA":2.020927909278,"HOLDER_PROFIT_QOQ":-20.561491152358,"ROE_YEARLY":14.724053730114,"ROIC_YEARLY":6.025703735716,"TOTAL_ASSETS":63729541000,"TOTAL_LIABILITIES":44923084000,"TAX_EBT":25.158326493843,"OCF_SALES":3.346238800563,"TOTAL_PARENT_EQUITY":15389533000,"DEBT_ASSET_RATIO":70.4902048486,"OPERATE_PROFIT":2022487000,"PRETAX_PROFIT":1996981000,"NETCASH_OPERATE":1278828000,"NETCASH_INVEST":-2621194000,"NETCASH_FINANCE":2559579000,"END_CASH":17119711000,"DIVI_RATIO":0.502983351644,"DIVIDEND_RATE":2.889805825243,"CURRENT_RATIO":0.785643739299,"COMMON_ACS":7000000000,"CURRENTDEBT_DEBT":79.583890545004,"ISSUED_COMMON_SHARES":5634436360,"HK_COMMON_SHARES":5634436360,"PER_SHARES":2000,"TOTAL_MARKET_CAP":58034694508,"HKSK_MARKET_CAP":58034694508,"PE_TTM":15.560971754198,"PB_TTM":4.239251983126,"REPORT_DATE_SQ":"2021-06-30 00:00:00","REPORT_TYPE_SQ":"2021年中报","OPERATE_INCOME_SQ":35395833000,"DPS_HKD":0.29765,"OPERATE_INCOME_QOQ_SQ":3.640181617764,"NET_PROFIT_RATIO_SQ":6.7985064796,"HOLDER_PROFIT_SQ":2035214000,"HOLDER_PROFIT_QOQ_SQ":-8.498144999474,"ROE_AVG_SQ":10.084383291334,"PE_TTM_SQ":15.9994242868,"PB_TTM_SQ":3.890945167667,"ROA_SQ":3.185757408105,"START_DATE":"2022-01-01 00:00:00","FISCAL_YEAR":"12-31","CURRENCY":"HKD","IS_CNY_CODE":0,"DPS_HKD_LY":0.93623,"ORG_TYPE":"一般企业","PREMIUM_INCOME":null,"PREMIUM_INCOME_YOY":null,"NET_INTEREST_INCOME":null,"NET_INTEREST_INCOME_YOY":null,"FEE_COMMISSION_INCOME":null,"FEE_COMMISSION_INCOME_YOY":null,"ACCOUNTS_RECE_TDAYS":17.613867145011,"INVENTORY_TDAYS":5.832526657718,"CURRENT_ASSETS_TDAYS":1.421898690074,"TOTAL_ASSETS_TDAYS":0.616208623298,"PREMIUM_EXPENSE":null,"LOAN_DEPOSIT":null,"LOAN_EQUITY":null,"LOAN_ASSETS":null,"DEPOSIT_EQUITY":null,"DEPOSIT_ASSETS":null,"EQUITY_MULTIPLIER":3.388705326043,"EQUITY_RATIO":2.919067394703},{"SECUCODE":"00322.HK","SECURITY_CODE":"00322","SECURITY_NAME_ABBR":"康师傅控股","ORG_CODE":"10008828","STD_REPORT_DATE":"2021-12-31 00:00:00","REPORT_DATE":"2021-12-31 00:00:00","DATE_TYPE_CODE":"001","REPORT_TYPE":"2021年年报","PER_NETCASH_OPERATE":0.962192433848,"PER_OI":13.15621659347,"BPS":3.311773318174,"BASIC_EPS":0.6757,"DILUTED_EPS":0.6751,"OPERATE_INCOME":74082292000,"OPERATE_INCOME_YOY":9.5602839103,"GROSS_PROFIT":22510425000,"GROSS_PROFIT_YOY":0.348918773074,"HOLDER_PROFIT":3802482000,"HOLDER_PROFIT_YOY":-6.3949823042,"GROSS_PROFIT_RATIO":30.385702699371,"EPS_TTM":0.675279819701,"OPERATE_INCOME_QOQ":5.712168967797,"NET_PROFIT_RATIO":5.9172939736,"ROE_AVG":19.121065454445,"GROSS_PROFIT_QOQ":0.429079714914,"ROA":6.24173115467,"HOLDER_PROFIT_QOQ":2.298491866929,"ROE_YEARLY":19.121065454445,"ROIC_YEARLY":9.940008724507,"TOTAL_ASSETS":60309223000,"TOTAL_LIABILITIES":37900723000,"TAX_EBT":24.531994822199,"OCF_SALES":7.313595265114,"TOTAL_PARENT_EQUITY":18659976000,"DEBT_ASSET_RATIO":62.8439915401,"OPERATE_PROFIT":5910313000,"PRETAX_PROFIT":5808643000,"NETCASH_OPERATE":5418079000,"NETCASH_INVEST":-4043539000,"NETCASH_FINANCE":-6935801000,"END_CASH":15859238000,"DIVI_RATIO":0.399443867758,"DIVIDEND_RATE":2.561531841652,"CURRENT_RATIO":0.860577927816,"COMMON_ACS":7000000000,"CURRENTDEBT_DEBT":78.692443413283,"ISSUED_COMMON_SHARES":5634436360,"HK_COMMON_SHARES":5634436360,"PER_SHARES":2000,"TOTAL_MARKET_CAP":65472150503.2,"HKSK_MARKET_CAP":65472150503.2,"PE_TTM":17.555193377066,"PB_TTM":4.782534761546,"REPORT_DATE_SQ":"2020-12-31 00:00:00","REPORT_TYPE_SQ":"2020年年报","OPERATE_INCOME_SQ":67617835000,"DPS_HKD":0.29765,"OPERATE_INCOME_QOQ_SQ":4.968489040284,"NET_PROFIT_RATIO_SQ":6.7640201731,"HOLDER_PROFIT_SQ":4062263000,"HOLDER_PROFIT_QOQ_SQ":-3.470832946204,"ROE_AVG_SQ":19.966249294874,"PE_TTM_SQ":12.436309256442,"PB_TTM_SQ":3.02442116276,"ROA_SQ":6.799274908128,"START_DATE":"2021-01-01 00:00:00","FISCAL_YEAR":"12-31","CURRENCY":"HKD","IS_CNY_CODE":0,"DPS_HKD_LY":0.96557,"ORG_TYPE":"一般企业","PREMIUM_INCOME":null,"PREMIUM_INCOME_YOY":null,"NET_INTEREST_INCOME":null,"NET_INTEREST_INCOME_YOY":null,"FEE_COMMISSION_INCOME":null,"FEE_COMMISSION_INCOME_YOY":null,"ACCOUNTS_RECE_TDAYS":39.999801303031,"INVENTORY_TDAYS":12.862173099827,"CURRENT_ASSETS_TDAYS":2.725214188752,"TOTAL_ASSETS_TDAYS":1.21605243624,"PREMIUM_EXPENSE":null,"LOAN_DEPOSIT":null,"LOAN_EQUITY":null,"LOAN_ASSETS":null,"DEPOSIT_EQUITY":null,"DEPOSIT_ASSETS":null,"EQUITY_MULTIPLIER":2.691354753779,"EQUITY_RATIO":2.031123887834},{"SECUCODE":"00322.HK","SECURITY_CODE":"00322","SECURITY_NAME_ABBR":"康师傅控股","ORG_CODE":"10008828","STD_REPORT_DATE":"2021-06-30 00:00:00","REPORT_DATE":"2021-06-30 00:00:00","DATE_TYPE_CODE":"002","REPORT_TYPE":"2021年中报","PER_NETCASH_OPERATE":0.478317675454,"PER_OI":6.290214709165,"BPS":3.416660118245,"BASIC_EPS":0.3618,"DILUTED_EPS":0.3614,"OPERATE_INCOME":35395833000,"OPERATE_INCOME_YOY":7.4736762489,"GROSS_PROFIT":10991819000,"GROSS_PROFIT_YOY":-0.162628963269,"HOLDER_PROFIT":2035214000,"HOLDER_PROFIT_YOY":-14.5022897114,"GROSS_PROFIT_RATIO":31.053991581438,"EPS_TTM":0.660558473757,"OPERATE_INCOME_QOQ":3.640181617764,"NET_PROFIT_RATIO":6.7985064796,"ROE_AVG":10.084383291334,"GROSS_PROFIT_QOQ":-0.079818457032,"ROA":3.185757408105,"HOLDER_PROFIT_QOQ":-8.498144999474,"ROE_YEARLY":20.168766582669,"ROIC_YEARLY":10.693438048301,"TOTAL_ASSETS":66238155000,"TOTAL_LIABILITIES":43432564000,"TAX_EBT":25.147480169302,"OCF_SALES":7.604154986266,"TOTAL_PARENT_EQUITY":19250954000,"DEBT_ASSET_RATIO":65.5703106465,"OPERATE_PROFIT":3207902000,"PRETAX_PROFIT":3214839000,"NETCASH_OPERATE":2691554000,"NETCASH_INVEST":-2237201000,"NETCASH_FINANCE":1215880000,"END_CASH":23096761000,"DIVI_RATIO":0.408345958331,"DIVIDEND_RATE":2.561531841652,"CURRENT_RATIO":0.969975000614,"COMMON_ACS":7000000000,"CURRENTDEBT_DEBT":75.415315107807,"ISSUED_COMMON_SHARES":5634436360,"HK_COMMON_SHARES":5634436360,"PER_SHARES":2000,"TOTAL_MARKET_CAP":65472150503.2,"HKSK_MARKET_CAP":65472150503.2,"PE_TTM":17.555193377066,"PB_TTM":4.782534761546,"REPORT_DATE_SQ":"2020-06-30 00:00:00","REPORT_TYPE_SQ":"2020年中报","OPERATE_INCOME_SQ":32934421000,"DPS_HKD":0.29765,"OPERATE_INCOME_QOQ_SQ":3.935438029636,"NET_PROFIT_RATIO_SQ":8.0565588203,"HOLDER_PROFIT_SQ":2380431000,"HOLDER_PROFIT_QOQ_SQ":26.338967409301,"ROE_AVG_SQ":12.511258751105,"PE_TTM_SQ":12.436309256442,"PB_TTM_SQ":3.02442116276,"ROA_SQ":3.911185758514,"START_DATE":"2021-01-01 00:00:00","FISCAL_YEAR":"12-31","CURRENCY":"HKD","IS_CNY_CODE":0,"DPS_HKD_LY":0.96557,"ORG_TYPE":"一般企业","PREMIUM_INCOME":null,"PREMIUM_INCOME_YOY":null,"NET_INTEREST_INCOME":null,"NET_INTEREST_INCOME_YOY":null,"FEE_COMMISSION_INCOME":null,"FEE_COMMISSION_INCOME_YOY":null,"ACCOUNTS_RECE_TDAYS":18.763366098875,"INVENTORY_TDAYS":6.578646100098,"CURRENT_ASSETS_TDAYS":1.170639349503,"TOTAL_ASSETS_TDAYS":0.554057397383,"PREMIUM_EXPENSE":null,"LOAN_DEPOSIT":null,"LOAN_EQUITY":null,"LOAN_ASSETS":null,"DEPOSIT_EQUITY":null,"DEPOSIT_ASSETS":null,"EQUITY_MULTIPLIER":2.904470004747,"EQUITY_RATIO":2.256125280856},{"SECUCODE":"00322.HK","SECURITY_CODE":"00322","SECURITY_NAME_ABBR":"康师傅控股","ORG_CODE":"10008828","STD_REPORT_DATE":"2020-12-31 00:00:00","REPORT_DATE":"2020-12-31 00:00:00","DATE_TYPE_CODE":"001","REPORT_TYPE":"2020年年报","PER_NETCASH_OPERATE":1.520851067564,"PER_OI":12.022259971486,"BPS":3.747087135438,"BASIC_EPS":0.7223,"DILUTED_EPS":0.7215,"OPERATE_INCOME":67617835000,"OPERATE_INCOME_YOY":9.0994588771,"GROSS_PROFIT":22432155000,"GROSS_PROFIT_YOY":13.526182781863,"HOLDER_PROFIT":4062263000,"HOLDER_PROFIT_YOY":21.9539529046,"GROSS_PROFIT_RATIO":33.174908661302,"EPS_TTM":0.722258881234,"OPERATE_INCOME_QOQ":4.968489040284,"NET_PROFIT_RATIO":6.7640201731,"ROE_AVG":19.966249294874,"GROSS_PROFIT_QOQ":6.653553454375,"ROA":6.799274908128,"HOLDER_PROFIT_QOQ":-3.470832946204,"ROE_YEARLY":19.966249294874,"ROIC_YEARLY":11.03785907656,"TOTAL_ASSETS":61531398000,"TOTAL_LIABILITIES":36792015000,"TAX_EBT":29.979399599995,"OCF_SALES":12.650292633593,"TOTAL_PARENT_EQUITY":21112724000,"DEBT_ASSET_RATIO":59.7938876669,"OPERATE_PROFIT":6750115000,"PRETAX_PROFIT":6531912000,"NETCASH_OPERATE":8553854000,"NETCASH_INVEST":-2889449000,"NETCASH_FINANCE":-1630917000,"END_CASH":21431153000,"DIVI_RATIO":0.373462189263,"DIVIDEND_RATE":2.889805825243,"CURRENT_RATIO":1.060184009993,"COMMON_ACS":7000000000,"CURRENTDEBT_DEBT":73.581205052238,"ISSUED_COMMON_SHARES":5634436360,"HK_COMMON_SHARES":5634436360,"PER_SHARES":2000,"TOTAL_MARKET_CAP":58034694508,"HKSK_MARKET_CAP":58034694508,"PE_TTM":15.560971754198,"PB_TTM":4.239251983126,"REPORT_DATE_SQ":"2019-12-31 00:00:00","REPORT_TYPE_SQ":"2019年年报","OPERATE_INCOME_SQ":61978158000,"DPS_HKD":0.29765,"OPERATE_INCOME_QOQ_SQ":2.979735252134,"NET_PROFIT_RATIO_SQ":5.9992457343,"HOLDER_PROFIT_SQ":3330981000,"HOLDER_PROFIT_QOQ_SQ":25.228239260612,"ROE_AVG_SQ":16.980917387697,"PE_TTM_SQ":15.9994242868,"PB_TTM_SQ":3.890945167667,"ROA_SQ":6.00380475047,"START_DATE":"2020-01-01 00:00:00","FISCAL_YEAR":"12-31","CURRENCY":"HKD","IS_CNY_CODE":0,"DPS_HKD_LY":0.3286,"ORG_TYPE":"一般企业","PREMIUM_INCOME":null,"PREMIUM_INCOME_YOY":null,"NET_INTEREST_INCOME":null,"NET_INTEREST_INCOME_YOY":null,"FEE_COMMISSION_INCOME":null,"FEE_COMMISSION_INCOME_YOY":null,"ACCOUNTS_RECE_TDAYS":40.612361160078,"INVENTORY_TDAYS":13.304088431918,"CURRENT_ASSETS_TDAYS":2.497929085099,"TOTAL_ASSETS_TDAYS":1.131763868704,"PREMIUM_EXPENSE":null,"LOAN_DEPOSIT":null,"LOAN_EQUITY":null,"LOAN_ASSETS":null,"DEPOSIT_EQUITY":null,"DEPOSIT_ASSETS":null,"EQUITY_MULTIPLIER":2.487184017483,"EQUITY_RATIO":1.742646519701},{"SECUCODE":"00322.HK","SECURITY_CODE":"00322","SECURITY_NAME_ABBR":"康师傅控股","ORG_CODE":"10008828","STD_REPORT_DATE":"2020-06-30 00:00:00","REPORT_DATE":"2020-06-30 00:00:00","DATE_TYPE_CODE":"002","REPORT_TYPE":"2020年中报","PER_NETCASH_OPERATE":1.01274143204,"PER_OI":5.856063456029,"BPS":3.278774808986,"BASIC_EPS":0.4233,"DILUTED_EPS":0.4228,"OPERATE_INCOME":32934421000,"OPERATE_INCOME_YOY":7.9983186922,"GROSS_PROFIT":11009724000,"GROSS_PROFIT_YOY":13.077417965977,"HOLDER_PROFIT":2380431000,"HOLDER_PROFIT_YOY":58.3696863451,"GROSS_PROFIT_RATIO":33.429231988016,"EPS_TTM":0.74828186461,"OPERATE_INCOME_QOQ":3.935438029636,"NET_PROFIT_RATIO":8.0565588203,"ROE_AVG":12.511258751105,"GROSS_PROFIT_QOQ":6.443882181973,"ROA":3.911185758514,"HOLDER_PROFIT_QOQ":26.338967409301,"ROE_YEARLY":25.022517502211,"ROIC_YEARLY":12.818779622999,"TOTAL_ASSETS":63764595000,"TOTAL_LIABILITIES":41935674000,"TAX_EBT":27.603854316106,"OCF_SALES":17.293894433426,"TOTAL_PARENT_EQUITY":18474048000,"DEBT_ASSET_RATIO":65.7663927764,"OPERATE_PROFIT":3754132000,"PRETAX_PROFIT":3665086000,"NETCASH_OPERATE":5695644000,"NETCASH_INVEST":-1719750000,"NETCASH_FINANCE":1894427000,"END_CASH":23307312000,"DIVI_RATIO":0.360474302208,"DIVIDEND_RATE":2.561531841652,"CURRENT_RATIO":0.863219010189,"COMMON_ACS":7000000000,"CURRENTDEBT_DEBT":85.522183332501,"ISSUED_COMMON_SHARES":5634436360,"HK_COMMON_SHARES":5634436360,"PER_SHARES":2000,"TOTAL_MARKET_CAP":65472150503.2,"HKSK_MARKET_CAP":65472150503.2,"PE_TTM":17.555193377066,"PB_TTM":4.782534761546,"REPORT_DATE_SQ":"2019-06-30 00:00:00","REPORT_TYPE_SQ":"2019年中报","OPERATE_INCOME_SQ":30495309000,"DPS_HKD":0.29765,"OPERATE_INCOME_QOQ_SQ":-0.825294021346,"NET_PROFIT_RATIO_SQ":5.9085546567,"HOLDER_PROFIT_SQ":1503085000,"HOLDER_PROFIT_QOQ_SQ":7.981379609072,"ROE_AVG_SQ":7.834571152504,"PE_TTM_SQ":12.436309256442,"PB_TTM_SQ":3.02442116276,"ROA_SQ":2.769298700301,"START_DATE":"2020-01-01 00:00:00","FISCAL_YEAR":"12-31","CURRENCY":"HKD","IS_CNY_CODE":0,"DPS_HKD_LY":0.3286,"ORG_TYPE":"一般企业","PREMIUM_INCOME":null,"PREMIUM_INCOME_YOY":null,"NET_INTEREST_INCOME":null,"NET_INTEREST_INCOME_YOY":null,"FEE_COMMISSION_INCOME":null,"FEE_COMMISSION_INCOME_YOY":null,"ACCOUNTS_RECE_TDAYS":19.086227394651,"INVENTORY_TDAYS":6.424799865085,"CURRENT_ASSETS_TDAYS":1.167958630948,"TOTAL_ASSETS_TDAYS":0.541131578189,"PREMIUM_EXPENSE":null,"LOAN_DEPOSIT":null,"LOAN_EQUITY":null,"LOAN_ASSETS":null,"DEPOSIT_EQUITY":null,"DEPOSIT_ASSETS":null,"EQUITY_MULTIPLIER":2.921106132545,"EQUITY_RATIO":2.26997753822}],"count":88},"success":true,"message":"ok","code":0}