{"version":"29e79ae98b99925e1184ebddb5cc8420","result":{"pages":6,"data":[{"SECUCODE":"00326.HK","SECURITY_CODE":"00326","SECURITY_NAME_ABBR":"中国星集团","ORG_CODE":"10008829","STD_REPORT_DATE":"2024-06-30 00:00:00","REPORT_DATE":"2024-06-30 00:00:00","DATE_TYPE_CODE":"002","REPORT_TYPE":"2024年中报","PER_NETCASH_OPERATE":0.026785875523,"PER_OI":0.072671921556,"BPS":0.939544638869,"BASIC_EPS":-0.050836276,"DILUTED_EPS":-0.050836276,"OPERATE_INCOME":176436559.56,"OPERATE_INCOME_YOY":59.6223236919,"GROSS_PROFIT":52881591.88,"GROSS_PROFIT_YOY":12.720206555044,"HOLDER_PROFIT":-123649886.4,"HOLDER_PROFIT_YOY":-64.3656127921,"GROSS_PROFIT_RATIO":29.972014877119,"EPS_TTM":-0.127678624586,"OPERATE_INCOME_QOQ":34.67068872441,"NET_PROFIT_RATIO":-69.4398319858,"ROE_AVG":-5.250698775457,"GROSS_PROFIT_QOQ":9.49807950909,"ROA":-2.639566236737,"HOLDER_PROFIT_QOQ":-18.165970619005,"ROE_YEARLY":-10.501397550914,"ROIC_YEARLY":-5.398499453844,"TOTAL_ASSETS":4637077918.36,"TOTAL_LIABILITIES":2355472837.08,"TAX_EBT":-0.303363146608,"OCF_SALES":36.858631160219,"TOTAL_PARENT_EQUITY":2281073901.52,"DEBT_ASSET_RATIO":50.7964903448,"OPERATE_PROFIT":-53630902.16,"PRETAX_PROFIT":-122146702.44,"NETCASH_OPERATE":65032100.72,"NETCASH_INVEST":2724349.8,"NETCASH_FINANCE":-123161602.6,"END_CASH":50117996.84,"DIVI_RATIO":null,"DIVIDEND_RATE":null,"CURRENT_RATIO":3.485116018531,"COMMON_ACS":50000000000,"CURRENTDEBT_DEBT":50.633846230148,"ISSUED_COMMON_SHARES":2427850479,"HK_COMMON_SHARES":2427850479,"PER_SHARES":10000,"TOTAL_MARKET_CAP":1213925239.5,"HKSK_MARKET_CAP":1213925239.5,"PE_TTM":-3.543986499032,"PB_TTM":0.485703372805,"REPORT_DATE_SQ":"2023-06-30 00:00:00","REPORT_TYPE_SQ":"2023年中报","OPERATE_INCOME_SQ":111660075.82,"DPS_HKD":null,"OPERATE_INCOME_QOQ_SQ":3216.2987100761,"NET_PROFIT_RATIO_SQ":-68.0758655426,"HOLDER_PROFIT_SQ":-75995123.48,"HOLDER_PROFIT_QOQ_SQ":-53.850670331538,"ROE_AVG_SQ":-2.833460380592,"PE_TTM_SQ":-14.160187438867,"PB_TTM_SQ":0.694249219483,"ROA_SQ":-1.573474097027,"START_DATE":"2024-01-01 00:00:00","FISCAL_YEAR":"12-31","CURRENCY":"HKD","IS_CNY_CODE":0,"DPS_HKD_LY":null,"ORG_TYPE":"一般企业","PREMIUM_INCOME":null,"PREMIUM_INCOME_YOY":null,"NET_INTEREST_INCOME":null,"NET_INTEREST_INCOME_YOY":null,"FEE_COMMISSION_INCOME":null,"FEE_COMMISSION_INCOME_YOY":null,"ACCOUNTS_RECE_TDAYS":161.974863845832,"INVENTORY_TDAYS":0.037814319168,"CURRENT_ASSETS_TDAYS":0.040837235467,"TOTAL_ASSETS_TDAYS":0.037664085192,"PREMIUM_EXPENSE":null,"LOAN_DEPOSIT":null,"LOAN_EQUITY":null,"LOAN_ASSETS":null,"DEPOSIT_EQUITY":null,"DEPOSIT_ASSETS":null,"EQUITY_MULTIPLIER":2.032375346815,"EQUITY_RATIO":1.032615749762},{"SECUCODE":"00326.HK","SECURITY_CODE":"00326","SECURITY_NAME_ABBR":"中国星集团","ORG_CODE":"10008829","STD_REPORT_DATE":"2023-12-31 00:00:00","REPORT_DATE":"2023-12-31 00:00:00","DATE_TYPE_CODE":"001","REPORT_TYPE":"2023年年报","PER_NETCASH_OPERATE":0.021805103194,"PER_OI":0.075922355525,"BPS":0.993298444076,"BASIC_EPS":-0.106571472,"DILUTED_EPS":-0.106571472,"OPERATE_INCOME":186833564.96,"OPERATE_INCOME_YOY":5214.9780871359,"GROSS_PROFIT":62829138.82,"GROSS_PROFIT_YOY":1960.82953589755,"HOLDER_PROFIT":-262329846.94,"HOLDER_PROFIT_YOY":-207.6237234461,"GROSS_PROFIT_RATIO":33.628400139692,"EPS_TTM":-0.106601294625,"OPERATE_INCOME_QOQ":62.591834194792,"NET_PROFIT_RATIO":-140.4233440689,"ROE_AVG":-10.317139127607,"GROSS_PROFIT_QOQ":26.29670000703,"ROA":-5.549548126409,"HOLDER_PROFIT_QOQ":-102.848278195638,"ROE_YEARLY":-10.317139127607,"ROIC_YEARLY":-5.660786542254,"TOTAL_ASSETS":4698384587.12,"TOTAL_LIABILITIES":2287401682.86,"TAX_EBT":-0.469887629531,"OCF_SALES":28.720266966746,"TOTAL_PARENT_EQUITY":2411580103.24,"DEBT_ASSET_RATIO":48.6848541333,"OPERATE_PROFIT":-131546895.2,"PRETAX_PROFIT":-261130917.88,"NETCASH_OPERATE":53659098.64,"NETCASH_INVEST":34121901.66,"NETCASH_FINANCE":-55765153.92,"END_CASH":100098342.54,"DIVI_RATIO":null,"DIVIDEND_RATE":null,"CURRENT_RATIO":4.549209720562,"COMMON_ACS":50000000000,"CURRENTDEBT_DEBT":42.789724548782,"ISSUED_COMMON_SHARES":2427850479,"HK_COMMON_SHARES":2427850479,"PER_SHARES":10000,"TOTAL_MARKET_CAP":1201785987.105,"HKSK_MARKET_CAP":1201785987.105,"PE_TTM":-3.508546634042,"PB_TTM":0.480846339077,"REPORT_DATE_SQ":"2022-12-31 00:00:00","REPORT_TYPE_SQ":"2022年年报","OPERATE_INCOME_SQ":3464994.33,"DPS_HKD":null,"OPERATE_INCOME_QOQ_SQ":7.428217649665,"NET_PROFIT_RATIO_SQ":-2426.398556329,"HOLDER_PROFIT_SQ":-84057600.27,"HOLDER_PROFIT_QOQ_SQ":34.705752325071,"ROE_AVG_SQ":-3.1288408732,"PE_TTM_SQ":-13.46944658819,"PB_TTM_SQ":0.660383403898,"ROA_SQ":-1.786654459573,"START_DATE":"2023-01-01 00:00:00","FISCAL_YEAR":"12-31","CURRENCY":"HKD","IS_CNY_CODE":0,"DPS_HKD_LY":null,"ORG_TYPE":"一般企业","PREMIUM_INCOME":null,"PREMIUM_INCOME_YOY":null,"NET_INTEREST_INCOME":null,"NET_INTEREST_INCOME_YOY":null,"FEE_COMMISSION_INCOME":null,"FEE_COMMISSION_INCOME_YOY":null,"ACCOUNTS_RECE_TDAYS":79.03699444125,"INVENTORY_TDAYS":0.036798384321,"CURRENT_ASSETS_TDAYS":0.043556894249,"TOTAL_ASSETS_TDAYS":0.039524357311,"PREMIUM_EXPENSE":null,"LOAN_DEPOSIT":null,"LOAN_EQUITY":null,"LOAN_ASSETS":null,"DEPOSIT_EQUITY":null,"DEPOSIT_ASSETS":null,"EQUITY_MULTIPLIER":1.94874239001,"EQUITY_RATIO":0.9485074453},{"SECUCODE":"00326.HK","SECURITY_CODE":"00326","SECURITY_NAME_ABBR":"中国星集团","ORG_CODE":"10008829","STD_REPORT_DATE":"2023-06-30 00:00:00","REPORT_DATE":"2023-06-30 00:00:00","DATE_TYPE_CODE":"002","REPORT_TYPE":"2023年中报","PER_NETCASH_OPERATE":0.038100956113,"PER_OI":0.045374587677,"BPS":1.088980122388,"BASIC_EPS":-0.03088633,"DILUTED_EPS":-0.03088633,"OPERATE_INCOME":111660075.82,"OPERATE_INCOME_YOY":47959.126984127,"GROSS_PROFIT":46914030.32,"GROSS_PROFIT_YOY":21669.0556465963,"HOLDER_PROFIT":-75995123.48,"HOLDER_PROFIT_YOY":-129.3880277183,"GROSS_PROFIT_RATIO":42.015044298937,"EPS_TTM":-0.052552230452,"OPERATE_INCOME_QOQ":3216.2987100761,"NET_PROFIT_RATIO":-68.0758655426,"ROE_AVG":-2.833460380592,"GROSS_PROFIT_QOQ":1531.73664536194,"ROA":-1.573474097027,"HOLDER_PROFIT_QOQ":-53.850670331538,"ROE_YEARLY":-5.666920761184,"ROIC_YEARLY":-3.204830613586,"TOTAL_ASSETS":4821113632.26,"TOTAL_LIABILITIES":2177879028.48,"TAX_EBT":-1.206682788505,"OCF_SALES":83.969812317829,"TOTAL_PARENT_EQUITY":2643880911.76,"DEBT_ASSET_RATIO":45.1737750778,"OPERATE_PROFIT":-4750962.94,"PRETAX_PROFIT":-75107256.74,"NETCASH_OPERATE":93760756.1,"NETCASH_INVEST":5223938.68,"NETCASH_FINANCE":-62545279.24,"END_CASH":105620184.84,"DIVI_RATIO":null,"DIVIDEND_RATE":null,"CURRENT_RATIO":6.296331416389,"COMMON_ACS":50000000000,"CURRENTDEBT_DEBT":33.795915291663,"ISSUED_COMMON_SHARES":2427850479,"HK_COMMON_SHARES":2427850479,"PER_SHARES":10000,"TOTAL_MARKET_CAP":1201785987.105,"HKSK_MARKET_CAP":1201785987.105,"PE_TTM":-3.508546634042,"PB_TTM":0.480846339077,"REPORT_DATE_SQ":"2022-06-30 00:00:00","REPORT_TYPE_SQ":"2022年中报","OPERATE_INCOME_SQ":215507.88,"DPS_HKD":null,"OPERATE_INCOME_QOQ_SQ":6.133066878946,"NET_PROFIT_RATIO_SQ":-14263.0952380952,"HOLDER_PROFIT_SQ":-30729542.27,"HOLDER_PROFIT_QOQ_SQ":-0.613890094175,"ROE_AVG_SQ":-1.179433938669,"PE_TTM_SQ":-13.46944658819,"PB_TTM_SQ":0.660383403898,"ROA_SQ":-0.676520040256,"START_DATE":"2023-01-01 00:00:00","FISCAL_YEAR":"12-31","CURRENCY":"HKD","IS_CNY_CODE":0,"DPS_HKD_LY":null,"ORG_TYPE":"一般企业","PREMIUM_INCOME":null,"PREMIUM_INCOME_YOY":null,"NET_INTEREST_INCOME":null,"NET_INTEREST_INCOME_YOY":null,"FEE_COMMISSION_INCOME":null,"FEE_COMMISSION_INCOME_YOY":null,"ACCOUNTS_RECE_TDAYS":48.011496531219,"INVENTORY_TDAYS":0.019033187265,"CURRENT_ASSETS_TDAYS":0.025284602884,"TOTAL_ASSETS_TDAYS":0.023119146194,"PREMIUM_EXPENSE":null,"LOAN_DEPOSIT":null,"LOAN_EQUITY":null,"LOAN_ASSETS":null,"DEPOSIT_EQUITY":null,"DEPOSIT_ASSETS":null,"EQUITY_MULTIPLIER":1.823944656812,"EQUITY_RATIO":0.82374324002},{"SECUCODE":"00326.HK","SECURITY_CODE":"00326","SECURITY_NAME_ABBR":"中国星集团","ORG_CODE":"10008829","STD_REPORT_DATE":"2022-12-31 00:00:00","REPORT_DATE":"2022-12-31 00:00:00","DATE_TYPE_CODE":"001","REPORT_TYPE":"2022年年报","PER_NETCASH_OPERATE":-0.017234878739,"PER_OI":0.001408047486,"BPS":1.085541843992,"BASIC_EPS":-0.033854933,"DILUTED_EPS":-0.033854933,"OPERATE_INCOME":3464994.33,"OPERATE_INCOME_YOY":4.3583535109,"GROSS_PROFIT":3048730.51,"GROSS_PROFIT_YOY":3.926360795498,"HOLDER_PROFIT":-84057600.27,"HOLDER_PROFIT_YOY":39.8700286269,"GROSS_PROFIT_RATIO":87.986594483114,"EPS_TTM":-0.034157947014,"OPERATE_INCOME_QOQ":7.428217649665,"NET_PROFIT_RATIO":-2426.398556329,"ROE_AVG":-3.1288408732,"GROSS_PROFIT_QOQ":-2.282207660119,"ROA":-1.786654459573,"HOLDER_PROFIT_QOQ":34.705752325071,"ROE_YEARLY":-3.1288408732,"ROIC_YEARLY":-1.81713992746,"TOTAL_ASSETS":4687753222.39,"TOTAL_LIABILITIES":2052828253.35,"TAX_EBT":-0.496503123165,"OCF_SALES":-1224.02681103377,"TOTAL_PARENT_EQUITY":2635533285.91,"DEBT_ASSET_RATIO":43.7913037646,"OPERATE_PROFIT":-81502848.07,"PRETAX_PROFIT":-83659201.85,"NETCASH_OPERATE":-42412459.6,"NETCASH_INVEST":21947643.9,"NETCASH_FINANCE":-3075528.61,"END_CASH":67427592.68,"DIVI_RATIO":null,"DIVIDEND_RATE":null,"CURRENT_RATIO":6.124817224667,"COMMON_ACS":50000000000,"CURRENTDEBT_DEBT":32.348347877926,"ISSUED_COMMON_SHARES":2427850479,"HK_COMMON_SHARES":2427850479,"PER_SHARES":10000,"TOTAL_MARKET_CAP":1201785987.105,"HKSK_MARKET_CAP":1201785987.105,"PE_TTM":-3.508546634042,"PB_TTM":0.480846339077,"REPORT_DATE_SQ":"2021-12-31 00:00:00","REPORT_TYPE_SQ":"2021年年报","OPERATE_INCOME_SQ":3039019.2,"DPS_HKD":null,"OPERATE_INCOME_QOQ_SQ":27.66749870006,"NET_PROFIT_RATIO_SQ":-4210.7882701103,"HOLDER_PROFIT_SQ":-127951129.6,"HOLDER_PROFIT_QOQ_SQ":-96.701845716373,"ROE_AVG_SQ":-4.81485264636,"PE_TTM_SQ":-13.46944658819,"PB_TTM_SQ":0.660383403898,"ROA_SQ":-2.944565491445,"START_DATE":"2022-01-01 00:00:00","FISCAL_YEAR":"12-31","CURRENCY":"HKD","IS_CNY_CODE":0,"DPS_HKD_LY":null,"ORG_TYPE":"一般企业","PREMIUM_INCOME":null,"PREMIUM_INCOME_YOY":null,"NET_INTEREST_INCOME":null,"NET_INTEREST_INCOME_YOY":null,"FEE_COMMISSION_INCOME":null,"FEE_COMMISSION_INCOME_YOY":null,"ACCOUNTS_RECE_TDAYS":1.445769660827,"INVENTORY_TDAYS":0.000128425619,"CURRENT_ASSETS_TDAYS":0.00080605026,"TOTAL_ASSETS_TDAYS":0.000736488735,"PREMIUM_EXPENSE":null,"LOAN_DEPOSIT":null,"LOAN_EQUITY":null,"LOAN_ASSETS":null,"DEPOSIT_EQUITY":null,"DEPOSIT_ASSETS":null,"EQUITY_MULTIPLIER":1.779084139956,"EQUITY_RATIO":0.778904316756},{"SECUCODE":"00326.HK","SECURITY_CODE":"00326","SECURITY_NAME_ABBR":"中国星集团","ORG_CODE":"10008829","STD_REPORT_DATE":"2022-06-30 00:00:00","REPORT_DATE":"2022-06-30 00:00:00","DATE_TYPE_CODE":"002","REPORT_TYPE":"2022年中报","PER_NETCASH_OPERATE":-0.007485254716,"PER_OI":0.000086693822,"BPS":1.066807441794,"BASIC_EPS":-0.012314736,"DILUTED_EPS":-0.012314736,"OPERATE_INCOME":215507.88,"OPERATE_INCOME_YOY":620,"GROSS_PROFIT":215507.88,"GROSS_PROFIT_YOY":639.997115661956,"HOLDER_PROFIT":-30729542.27,"HOLDER_PROFIT_YOY":0.1500541862,"GROSS_PROFIT_RATIO":null,"EPS_TTM":-0.05178775232,"OPERATE_INCOME_QOQ":6.133066878946,"NET_PROFIT_RATIO":-14263.0952380952,"ROE_AVG":-1.179433938669,"GROSS_PROFIT_QOQ":6.353570119577,"ROA":-0.676520040256,"HOLDER_PROFIT_QOQ":-0.613890094175,"ROE_YEARLY":-2.358867877337,"ROIC_YEARLY":-1.393825669969,"TOTAL_ASSETS":4564135346.96,"TOTAL_LIABILITIES":1974661076.08,"TAX_EBT":-1.841724987958,"OCF_SALES":-8634.12698412698,"TOTAL_PARENT_EQUITY":2590048958.56,"DEBT_ASSET_RATIO":43.2647352887,"OPERATE_PROFIT":-29268022.56,"PRETAX_PROFIT":-30182220.67,"NETCASH_OPERATE":-18607224.02,"NETCASH_INVEST":9830409.05,"NETCASH_FINANCE":100642179.96,"END_CASH":179245258.43,"DIVI_RATIO":null,"DIVIDEND_RATE":null,"CURRENT_RATIO":2.224374464714,"COMMON_ACS":50000000000,"CURRENTDEBT_DEBT":99.717457358755,"ISSUED_COMMON_SHARES":2427850479,"HK_COMMON_SHARES":2427850479,"PER_SHARES":10000,"TOTAL_MARKET_CAP":1201785987.105,"HKSK_MARKET_CAP":1201785987.105,"PE_TTM":-3.508546634042,"PB_TTM":0.480846339077,"REPORT_DATE_SQ":"2021-06-30 00:00:00","REPORT_TYPE_SQ":"2021年中报","OPERATE_INCOME_SQ":29122.8,"DPS_HKD":null,"OPERATE_INCOME_QOQ_SQ":-43.726459206953,"NET_PROFIT_RATIO_SQ":-3084.5758354756,"HOLDER_PROFIT_SQ":-29944062.96,"HOLDER_PROFIT_QOQ_SQ":30.012214932668,"ROE_AVG_SQ":-1.087068649773,"PE_TTM_SQ":-13.46944658819,"PB_TTM_SQ":0.660383403898,"ROA_SQ":-0.678160999684,"START_DATE":"2022-01-01 00:00:00","FISCAL_YEAR":"12-31","CURRENCY":"HKD","IS_CNY_CODE":0,"DPS_HKD_LY":null,"ORG_TYPE":"一般企业","PREMIUM_INCOME":null,"PREMIUM_INCOME_YOY":null,"NET_INTEREST_INCOME":null,"NET_INTEREST_INCOME_YOY":null,"FEE_COMMISSION_INCOME":null,"FEE_COMMISSION_INCOME_YOY":null,"ACCOUNTS_RECE_TDAYS":0.127144298688,"INVENTORY_TDAYS":null,"CURRENT_ASSETS_TDAYS":0.000049444888,"TOTAL_ASSETS_TDAYS":0.000047444703,"PREMIUM_EXPENSE":null,"LOAN_DEPOSIT":null,"LOAN_EQUITY":null,"LOAN_ASSETS":null,"DEPOSIT_EQUITY":null,"DEPOSIT_ASSETS":null,"EQUITY_MULTIPLIER":1.762572194011,"EQUITY_RATIO":0.76240299225},{"SECUCODE":"00326.HK","SECURITY_CODE":"00326","SECURITY_NAME_ABBR":"中国星集团","ORG_CODE":"10008829","STD_REPORT_DATE":"2021-12-31 00:00:00","REPORT_DATE":"2021-12-31 00:00:00","DATE_TYPE_CODE":"001","REPORT_TYPE":"2021年年报","PER_NETCASH_OPERATE":-0.123732422766,"PER_OI":0.001222526948,"BPS":1.032043797784,"BASIC_EPS":-0.05101824,"DILUTED_EPS":-0.05101824,"OPERATE_INCOME":3039019.2,"OPERATE_INCOME_YOY":1.9193857965,"GROSS_PROFIT":2933548.8,"GROSS_PROFIT_YOY":29.911104994716,"HOLDER_PROFIT":-127951129.6,"HOLDER_PROFIT_YOY":-41.7151136467,"GROSS_PROFIT_RATIO":96.529459241324,"EPS_TTM":-0.051471772209,"OPERATE_INCOME_QOQ":27.66749870006,"NET_PROFIT_RATIO":-4210.7882701103,"ROE_AVG":-4.81485264636,"GROSS_PROFIT_QOQ":41.44876108569,"ROA":-2.944565491445,"HOLDER_PROFIT_QOQ":-96.701845716373,"ROE_YEARLY":-4.81485264636,"ROIC_YEARLY":-3.122189770348,"TOTAL_ASSETS":4321759198.4,"TOTAL_LIABILITIES":1816652420.8,"TAX_EBT":null,"OCF_SALES":-10121.0384718859,"TOTAL_PARENT_EQUITY":2505648028.8,"DEBT_ASSET_RATIO":42.035021791,"OPERATE_PROFIT":-120035126.4,"PRETAX_PROFIT":-121535422.4,"NETCASH_OPERATE":-307580302.4,"NETCASH_INVEST":-22605822.4,"NETCASH_FINANCE":3236060.8,"END_CASH":83412369.6,"DIVI_RATIO":null,"DIVIDEND_RATE":null,"CURRENT_RATIO":2.282484215321,"COMMON_ACS":50000000000,"CURRENTDEBT_DEBT":100,"ISSUED_COMMON_SHARES":2427850479,"HK_COMMON_SHARES":2427850479,"PER_SHARES":10000,"TOTAL_MARKET_CAP":1201785987.105,"HKSK_MARKET_CAP":1201785987.105,"PE_TTM":-3.508546634042,"PB_TTM":0.480846339077,"REPORT_DATE_SQ":"2020-12-31 00:00:00","REPORT_TYPE_SQ":"2020年年报","OPERATE_INCOME_SQ":3069461.08,"DPS_HKD":null,"OPERATE_INCOME_QOQ_SQ":-45.730033271664,"NET_PROFIT_RATIO_SQ":-2197.4333465977,"HOLDER_PROFIT_SQ":-92942305.2,"HOLDER_PROFIT_QOQ_SQ":72.924522292478,"ROE_AVG_SQ":-3.100462654839,"PE_TTM_SQ":-13.46944658819,"PB_TTM_SQ":0.660383403898,"ROA_SQ":-2.056084389017,"START_DATE":"2021-01-01 00:00:00","FISCAL_YEAR":"12-31","CURRENCY":"HKD","IS_CNY_CODE":0,"DPS_HKD_LY":null,"ORG_TYPE":"一般企业","PREMIUM_INCOME":null,"PREMIUM_INCOME_YOY":null,"NET_INTEREST_INCOME":null,"NET_INTEREST_INCOME_YOY":null,"FEE_COMMISSION_INCOME":null,"FEE_COMMISSION_INCOME_YOY":null,"ACCOUNTS_RECE_TDAYS":3.249125874126,"INVENTORY_TDAYS":0.000037772478,"CURRENT_ASSETS_TDAYS":0.000756104983,"TOTAL_ASSETS_TDAYS":0.000699375699,"PREMIUM_EXPENSE":null,"LOAN_DEPOSIT":null,"LOAN_EQUITY":null,"LOAN_ASSETS":null,"DEPOSIT_EQUITY":null,"DEPOSIT_ASSETS":null,"EQUITY_MULTIPLIER":1.725179635873,"EQUITY_RATIO":0.725022988033},{"SECUCODE":"00326.HK","SECURITY_CODE":"00326","SECURITY_NAME_ABBR":"中国星集团","ORG_CODE":"10008829","STD_REPORT_DATE":"2021-06-30 00:00:00","REPORT_DATE":"2021-06-30 00:00:00","DATE_TYPE_CODE":"002","REPORT_TYPE":"2021年中报","PER_NETCASH_OPERATE":-0.037051544386,"PER_OI":0.000011715427,"BPS":1.091576262955,"BASIC_EPS":-0.011815536,"DILUTED_EPS":-0.011815536,"OPERATE_INCOME":29122.8,"OPERATE_INCOME_YOY":-62.2085492228,"GROSS_PROFIT":29122.8,"GROSS_PROFIT_YOY":-98.330756342287,"HOLDER_PROFIT":-29944062.96,"HOLDER_PROFIT_YOY":43.1655585211,"GROSS_PROFIT_RATIO":74.721508140531,"EPS_TTM":-0.026167406829,"OPERATE_INCOME_QOQ":-43.726459206953,"NET_PROFIT_RATIO":-3084.5758354756,"ROE_AVG":-1.087068649773,"GROSS_PROFIT_QOQ":-32.948197348423,"ROA":-0.678160999684,"HOLDER_PROFIT_QOQ":30.012214932668,"ROE_YEARLY":-2.174137299547,"ROIC_YEARLY":-1.453273601057,"TOTAL_ASSETS":4384681339.44,"TOTAL_LIABILITIES":1735040734.8,"TAX_EBT":-0.002892765194,"OCF_SALES":-9485.17566409597,"TOTAL_PARENT_EQUITY":2650183952.88,"DEBT_ASSET_RATIO":39.5705092453,"OPERATE_PROFIT":-27956223.84,"PRETAX_PROFIT":-28764173.52,"NETCASH_OPERATE":-92104599.36,"NETCASH_INVEST":-95346383.04,"NETCASH_FINANCE":-60474742.32,"END_CASH":170842665.6,"DIVI_RATIO":null,"DIVIDEND_RATE":null,"CURRENT_RATIO":6.98791983007,"COMMON_ACS":50000000000,"CURRENTDEBT_DEBT":34.204878703808,"ISSUED_COMMON_SHARES":2427850479,"HK_COMMON_SHARES":2427850479,"PER_SHARES":10000,"TOTAL_MARKET_CAP":1201785987.105,"HKSK_MARKET_CAP":1201785987.105,"PE_TTM":-3.508546634042,"PB_TTM":0.480846339077,"REPORT_DATE_SQ":"2020-06-30 00:00:00","REPORT_TYPE_SQ":"2020年中报","OPERATE_INCOME_SQ":2820702.72,"DPS_HKD":null,"OPERATE_INCOME_QOQ_SQ":23.371274424712,"NET_PROFIT_RATIO_SQ":-2050.7772020725,"HOLDER_PROFIT_SQ":-57838107.36,"HOLDER_PROFIT_QOQ_SQ":-14.31369300797,"ROE_AVG_SQ":-1.765109353067,"PE_TTM_SQ":-13.46944658819,"PB_TTM_SQ":0.660383403898,"ROA_SQ":-1.187927264009,"START_DATE":"2021-01-01 00:00:00","FISCAL_YEAR":"12-31","CURRENCY":"HKD","IS_CNY_CODE":0,"DPS_HKD_LY":null,"ORG_TYPE":"一般企业","PREMIUM_INCOME":null,"PREMIUM_INCOME_YOY":null,"NET_INTEREST_INCOME":null,"NET_INTEREST_INCOME_YOY":null,"FEE_COMMISSION_INCOME":null,"FEE_COMMISSION_INCOME_YOY":null,"ACCOUNTS_RECE_TDAYS":0.07486631016,"INVENTORY_TDAYS":0.000088962391,"CURRENT_ASSETS_TDAYS":0.000239520466,"TOTAL_ASSETS_TDAYS":0.000219916605,"PREMIUM_EXPENSE":null,"LOAN_DEPOSIT":null,"LOAN_EQUITY":null,"LOAN_ASSETS":null,"DEPOSIT_EQUITY":null,"DEPOSIT_ASSETS":null,"EQUITY_MULTIPLIER":1.654821160184,"EQUITY_RATIO":0.65468690689},{"SECUCODE":"00326.HK","SECURITY_CODE":"00326","SECURITY_NAME_ABBR":"中国星集团","ORG_CODE":"10008829","STD_REPORT_DATE":"2020-12-31 00:00:00","REPORT_DATE":"2020-12-31 00:00:00","DATE_TYPE_CODE":"001","REPORT_TYPE":"2020年年报","PER_NETCASH_OPERATE":-0.080555050826,"PER_OI":0.001166824623,"BPS":1.191095861946,"BASIC_EPS":-0.03492806,"DILUTED_EPS":-0.03492806,"OPERATE_INCOME":3069461.08,"OPERATE_INCOME_YOY":-28.7395434567,"GROSS_PROFIT":2258120.12,"GROSS_PROFIT_YOY":-50.131705142824,"HOLDER_PROFIT":-92942305.2,"HOLDER_PROFIT_YOY":67.0580444238,"GROSS_PROFIT_RATIO":73.119777158774,"EPS_TTM":-0.035331078448,"OPERATE_INCOME_QOQ":-45.730033271664,"NET_PROFIT_RATIO":-2197.4333465977,"ROE_AVG":-3.100462654839,"GROSS_PROFIT_QOQ":-37.244794428097,"ROA":-2.056084389017,"HOLDER_PROFIT_QOQ":72.924522292478,"ROE_YEARLY":-3.100462654839,"ROIC_YEARLY":-2.267252926302,"TOTAL_ASSETS":4497363096.44,"TOTAL_LIABILITIES":1606101612,"TAX_EBT":0.029806536946,"OCF_SALES":-5009.57023477915,"TOTAL_PARENT_EQUITY":2891802658.96,"DEBT_ASSET_RATIO":35.712073443,"OPERATE_PROFIT":-90148902.04,"PRETAX_PROFIT":-90357628.76,"NETCASH_OPERATE":-211908960.84,"NETCASH_INVEST":173945105.36,"NETCASH_FINANCE":44781981.12,"END_CASH":423723658,"DIVI_RATIO":null,"DIVIDEND_RATE":null,"CURRENT_RATIO":7.760251630561,"COMMON_ACS":50000000000,"CURRENTDEBT_DEBT":32.1458366085,"ISSUED_COMMON_SHARES":2427850479,"HK_COMMON_SHARES":2427850479,"PER_SHARES":10000,"TOTAL_MARKET_CAP":1201785987.105,"HKSK_MARKET_CAP":1201785987.105,"PE_TTM":-3.508546634042,"PB_TTM":0.480846339077,"REPORT_DATE_SQ":"2019-12-31 00:00:00","REPORT_TYPE_SQ":"2019年年报","OPERATE_INCOME_SQ":6317936.34,"DPS_HKD":null,"OPERATE_INCOME_QOQ_SQ":231.815241773168,"NET_PROFIT_RATIO_SQ":-4760.1162625833,"HOLDER_PROFIT_SQ":-300288746.28,"HOLDER_PROFIT_QOQ_SQ":-15957.1629066712,"ROE_AVG_SQ":-8.257305467417,"PE_TTM_SQ":-13.46944658819,"PB_TTM_SQ":0.660383403898,"ROA_SQ":-6.161433958852,"START_DATE":"2020-01-01 00:00:00","FISCAL_YEAR":"12-31","CURRENCY":"HKD","IS_CNY_CODE":0,"DPS_HKD_LY":null,"ORG_TYPE":"一般企业","PREMIUM_INCOME":null,"PREMIUM_INCOME_YOY":null,"NET_INTEREST_INCOME":null,"NET_INTEREST_INCOME_YOY":null,"FEE_COMMISSION_INCOME":null,"FEE_COMMISSION_INCOME_YOY":null,"ACCOUNTS_RECE_TDAYS":4.375524895021,"INVENTORY_TDAYS":0.000427362391,"CURRENT_ASSETS_TDAYS":0.001044740394,"TOTAL_ASSETS_TDAYS":0.000935785578,"PREMIUM_EXPENSE":null,"LOAN_DEPOSIT":null,"LOAN_EQUITY":null,"LOAN_ASSETS":null,"DEPOSIT_EQUITY":null,"DEPOSIT_ASSETS":null,"EQUITY_MULTIPLIER":1.555502025895,"EQUITY_RATIO":0.555398068753},{"SECUCODE":"00326.HK","SECURITY_CODE":"00326","SECURITY_NAME_ABBR":"中国星集团","ORG_CODE":"10008829","STD_REPORT_DATE":"2020-06-30 00:00:00","REPORT_DATE":"2020-06-30 00:00:00","DATE_TYPE_CODE":"002","REPORT_TYPE":"2020年中报","PER_NETCASH_OPERATE":-0.016163604529,"PER_OI":0.001071259863,"BPS":1.311918323682,"BASIC_EPS":-0.021557184,"DILUTED_EPS":-0.021557184,"OPERATE_INCOME":2820702.72,"OPERATE_INCOME_YOY":102.0942408377,"GROSS_PROFIT":1744670.4,"GROSS_PROFIT_YOY":29.800150057977,"HOLDER_PROFIT":-57838107.36,"HOLDER_PROFIT_YOY":-274.9348649929,"GROSS_PROFIT_RATIO":61.852331606218,"EPS_TTM":-0.130369148224,"OPERATE_INCOME_QOQ":23.371274424712,"NET_PROFIT_RATIO":-2050.7772020725,"ROE_AVG":-1.765109353067,"GROSS_PROFIT_QOQ":8.845739134364,"ROA":-1.187927264009,"HOLDER_PROFIT_QOQ":-14.31369300797,"ROE_YEARLY":-3.530218706134,"ROIC_YEARLY":-2.598051369153,"TOTAL_ASSETS":4806714015.84,"TOTAL_LIABILITIES":1622156173.44,"TAX_EBT":0.053659922351,"OCF_SALES":-1508.84067357513,"TOTAL_PARENT_EQUITY":3185141530.56,"DEBT_ASSET_RATIO":33.7477155515,"OPERATE_PROFIT":-57746763.36,"PRETAX_PROFIT":-57877385.28,"NETCASH_OPERATE":-42559909.92,"NETCASH_INVEST":18730087.2,"NETCASH_FINANCE":-51861469.44,"END_CASH":378803568,"DIVI_RATIO":null,"DIVIDEND_RATE":null,"CURRENT_RATIO":2.657411954638,"COMMON_ACS":50000000000,"CURRENTDEBT_DEBT":99.755275706187,"ISSUED_COMMON_SHARES":2427850479,"HK_COMMON_SHARES":2427850479,"PER_SHARES":10000,"TOTAL_MARKET_CAP":1201785987.105,"HKSK_MARKET_CAP":1201785987.105,"PE_TTM":-3.508546634042,"PB_TTM":0.480846339077,"REPORT_DATE_SQ":"2019-06-30 00:00:00","REPORT_TYPE_SQ":"2019年中报","OPERATE_INCOME_SQ":1344120.48,"DPS_HKD":null,"OPERATE_INCOME_QOQ_SQ":-37.787582207817,"NET_PROFIT_RATIO_SQ":-1108.835078534,"HOLDER_PROFIT_SQ":-14855698.08,"HOLDER_PROFIT_QOQ_SQ":-99.794853830101,"ROE_AVG_SQ":-0.384822261813,"PE_TTM_SQ":-13.46944658819,"PB_TTM_SQ":0.660383403898,"ROA_SQ":-0.299263598547,"START_DATE":"2020-01-01 00:00:00","FISCAL_YEAR":"12-31","CURRENCY":"HKD","IS_CNY_CODE":0,"DPS_HKD_LY":null,"ORG_TYPE":"一般企业","PREMIUM_INCOME":null,"PREMIUM_INCOME_YOY":null,"NET_INTEREST_INCOME":null,"NET_INTEREST_INCOME_YOY":null,"FEE_COMMISSION_INCOME":null,"FEE_COMMISSION_INCOME_YOY":null,"ACCOUNTS_RECE_TDAYS":1.96312778131,"INVENTORY_TDAYS":0.000380669918,"CURRENT_ASSETS_TDAYS":0.000645432805,"TOTAL_ASSETS_TDAYS":0.000579339439,"PREMIUM_EXPENSE":null,"LOAN_DEPOSIT":null,"LOAN_EQUITY":null,"LOAN_ASSETS":null,"DEPOSIT_EQUITY":null,"DEPOSIT_ASSETS":null,"EQUITY_MULTIPLIER":1.509381915392,"EQUITY_RATIO":0.509288569401}],"count":48},"success":true,"message":"ok","code":0}