{"version":"f8d98eeea1fd4602642497851805d36c","result":{"pages":4,"data":[{"SECUCODE":"00327.HK","SECURITY_CODE":"00327","SECURITY_NAME_ABBR":"百富环球","ORG_CODE":"10159577","STD_REPORT_DATE":"2024-06-30 00:00:00","REPORT_DATE":"2024-06-30 00:00:00","DATE_TYPE_CODE":"002","REPORT_TYPE":"2024年中报","PER_NETCASH_OPERATE":0.366864558329,"PER_OI":2.566722225947,"BPS":6.527036903355,"BASIC_EPS":0.387889,"DILUTED_EPS":0.37967488,"OPERATE_INCOME":2750124795.88,"OPERATE_INCOME_YOY":-15.5615255884,"GROSS_PROFIT":1286181512.48,"GROSS_PROFIT_YOY":-11.197023445079,"HOLDER_PROFIT":414888812.44,"HOLDER_PROFIT_YOY":-30.133268167,"GROSS_PROFIT_RATIO":46.768114465454,"EPS_TTM":0.80436649579,"OPERATE_INCOME_QOQ":-8.881724727754,"NET_PROFIT_RATIO":15.257989653,"ROE_AVG":6.040628934578,"GROSS_PROFIT_QOQ":-5.977116814244,"ROA":4.95011882744,"HOLDER_PROFIT_QOQ":-17.671497761922,"ROE_YEARLY":12.081257869157,"ROIC_YEARLY":14.509737424098,"TOTAL_ASSETS":8479910669.6,"TOTAL_LIABILITIES":1520939236.72,"TAX_EBT":14.749222607699,"OCF_SALES":14.293114954961,"TOTAL_PARENT_EQUITY":6929781188.44,"DEBT_ASSET_RATIO":17.9357931466,"OPERATE_PROFIT":490588317,"PRETAX_PROFIT":492211062.04,"NETCASH_OPERATE":393078498.48,"NETCASH_INVEST":-204021399.88,"NETCASH_FINANCE":-230918992.16,"END_CASH":2550079942.76,"DIVI_RATIO":0.531441578233,"DIVIDEND_RATE":9.003831417625,"CURRENT_RATIO":4.956020508617,"COMMON_ACS":2000000000,"CURRENTDEBT_DEBT":94.298252457014,"ISSUED_COMMON_SHARES":1061704000,"HK_COMMON_SHARES":1061704000,"PER_SHARES":1000,"TOTAL_MARKET_CAP":5542094880,"HKSK_MARKET_CAP":5542094880,"PE_TTM":5.778408681436,"PB_TTM":0.729916142737,"REPORT_DATE_SQ":"2023-06-30 00:00:00","REPORT_TYPE_SQ":"2023年中报","OPERATE_INCOME_SQ":3290144636.72,"DPS_HKD":0.47,"OPERATE_INCOME_QOQ_SQ":-3.980488648455,"NET_PROFIT_RATIO_SQ":18.4840176609,"HOLDER_PROFIT_SQ":599879833.14,"HOLDER_PROFIT_QOQ_SQ":0.127780087461,"ROE_AVG_SQ":9.165941746725,"PE_TTM_SQ":5.139813812371,"PB_TTM_SQ":0.860309352169,"ROA_SQ":7.053591174596,"START_DATE":"2024-01-01 00:00:00","FISCAL_YEAR":"12-31","CURRENCY":"HKD","IS_CNY_CODE":0,"DPS_HKD_LY":0.47,"ORG_TYPE":"一般企业","PREMIUM_INCOME":null,"PREMIUM_INCOME_YOY":null,"NET_INTEREST_INCOME":null,"NET_INTEREST_INCOME_YOY":null,"FEE_COMMISSION_INCOME":null,"FEE_COMMISSION_INCOME_YOY":null,"ACCOUNTS_RECE_TDAYS":1.095585159481,"INVENTORY_TDAYS":0.880003357608,"CURRENT_ASSETS_TDAYS":0.392827463392,"TOTAL_ASSETS_TDAYS":0.328122719189,"PREMIUM_EXPENSE":null,"LOAN_DEPOSIT":null,"LOAN_EQUITY":null,"LOAN_ASSETS":null,"DEPOSIT_EQUITY":null,"DEPOSIT_ASSETS":null,"EQUITY_MULTIPLIER":1.218558051486,"EQUITY_RATIO":0.219478681269},{"SECUCODE":"00327.HK","SECURITY_CODE":"00327","SECURITY_NAME_ABBR":"百富环球","ORG_CODE":"10159577","STD_REPORT_DATE":"2023-12-31 00:00:00","REPORT_DATE":"2023-12-31 00:00:00","DATE_TYPE_CODE":"001","REPORT_TYPE":"2023年年报","PER_NETCASH_OPERATE":0.414929355942,"PER_OI":5.681222255811,"BPS":6.36585100625,"BASIC_EPS":0.9741865,"DILUTED_EPS":0.95243722,"OPERATE_INCOME":6080123595.28,"OPERATE_INCOME_YOY":-16.7856631685,"GROSS_PROFIT":2713223586.22,"GROSS_PROFIT_YOY":-8.128361129517,"HOLDER_PROFIT":1046832720.08,"HOLDER_PROFIT_YOY":-8.6592207484,"GROSS_PROFIT_RATIO":44.624480797171,"EPS_TTM":0.978152705982,"OPERATE_INCOME_QOQ":-12.079619492787,"NET_PROFIT_RATIO":17.365430556,"ROE_AVG":16.051866709493,"GROSS_PROFIT_QOQ":-8.718313275024,"ROA":12.444094359597,"HOLDER_PROFIT_QOQ":-7.453282669965,"ROE_YEARLY":16.051866709493,"ROIC_YEARLY":18.419714045438,"TOTAL_ASSETS":8224244646.38,"TOTAL_LIABILITIES":1440124044.1,"TAX_EBT":7.086407584269,"OCF_SALES":7.303522679781,"TOTAL_PARENT_EQUITY":6758649476.74,"DEBT_ASSET_RATIO":17.5107150385,"OPERATE_PROFIT":1136731556.52,"PRETAX_PROFIT":1136367256.08,"NETCASH_OPERATE":444063205.74,"NETCASH_INVEST":-156062864.86,"NETCASH_FINANCE":-476601034.84,"END_CASH":2595048873.34,"DIVI_RATIO":0.437021538034,"DIVIDEND_RATE":9.552845528455,"CURRENT_RATIO":5.073310653103,"COMMON_ACS":2000000000,"CURRENTDEBT_DEBT":93.68595259745,"ISSUED_COMMON_SHARES":1061704000,"HK_COMMON_SHARES":1061704000,"PER_SHARES":1000,"TOTAL_MARKET_CAP":5223583680,"HKSK_MARKET_CAP":5223583680,"PE_TTM":5.44631622848,"PB_TTM":0.687966939132,"REPORT_DATE_SQ":"2022-12-31 00:00:00","REPORT_TYPE_SQ":"2022年年报","OPERATE_INCOME_SQ":7202169815.54,"DPS_HKD":0.47,"OPERATE_INCOME_QOQ_SQ":7.51334422889,"NET_PROFIT_RATIO_SQ":15.7292555275,"HOLDER_PROFIT_SQ":1129696237.25,"HOLDER_PROFIT_QOQ_SQ":6.97978056513,"ROE_AVG_SQ":18.844870214511,"PE_TTM_SQ":5.236625373905,"PB_TTM_SQ":0.876513809145,"ROA_SQ":13.812823746163,"START_DATE":"2023-01-01 00:00:00","FISCAL_YEAR":"12-31","CURRENCY":"HKD","IS_CNY_CODE":0,"DPS_HKD_LY":0.4,"ORG_TYPE":"一般企业","PREMIUM_INCOME":null,"PREMIUM_INCOME_YOY":null,"NET_INTEREST_INCOME":null,"NET_INTEREST_INCOME_YOY":null,"FEE_COMMISSION_INCOME":null,"FEE_COMMISSION_INCOME_YOY":null,"ACCOUNTS_RECE_TDAYS":2.66778001043,"INVENTORY_TDAYS":1.706866658213,"CURRENT_ASSETS_TDAYS":0.853265133072,"TOTAL_ASSETS_TDAYS":0.722767165053,"PREMIUM_EXPENSE":null,"LOAN_DEPOSIT":null,"LOAN_EQUITY":null,"LOAN_ASSETS":null,"DEPOSIT_EQUITY":null,"DEPOSIT_ASSETS":null,"EQUITY_MULTIPLIER":1.21227866197,"EQUITY_RATIO":0.213078670385},{"SECUCODE":"00327.HK","SECURITY_CODE":"00327","SECURITY_NAME_ABBR":"百富环球","ORG_CODE":"10159577","STD_REPORT_DATE":"2023-06-30 00:00:00","REPORT_DATE":"2023-06-30 00:00:00","DATE_TYPE_CODE":"002","REPORT_TYPE":"2023年中报","PER_NETCASH_OPERATE":0.095797601455,"PER_OI":3.059668953463,"BPS":6.306420174663,"BASIC_EPS":0.55595394,"DILUTED_EPS":0.54304622,"OPERATE_INCOME":3290144636.72,"OPERATE_INCOME_YOY":-14.6785421996,"GROSS_PROFIT":1448354055.66,"GROSS_PROFIT_YOY":1.335438397951,"HOLDER_PROFIT":599879833.14,"HOLDER_PROFIT_YOY":-7.0204495763,"GROSS_PROFIT_RATIO":44.020984351128,"EPS_TTM":1.051903062129,"OPERATE_INCOME_QOQ":-3.980488648455,"NET_PROFIT_RATIO":18.4840176609,"ROE_AVG":9.165941746725,"GROSS_PROFIT_QOQ":0.646298470891,"ROA":7.053591174596,"HOLDER_PROFIT_QOQ":0.127780087461,"ROE_YEARLY":18.33188349345,"ROIC_YEARLY":20.892362156369,"TOTAL_ASSETS":8259309817.38,"TOTAL_LIABILITIES":1578820679.52,"TAX_EBT":4.358442334266,"OCF_SALES":3.130979295874,"TOTAL_PARENT_EQUITY":6695551525.12,"DEBT_ASSET_RATIO":19.1156490606,"OPERATE_PROFIT":635765138.7,"PRETAX_PROFIT":635864712.54,"NETCASH_OPERATE":103013747.38,"NETCASH_INVEST":-99760079.96,"NETCASH_FINANCE":-236576380.08,"END_CASH":2652153838.3,"DIVI_RATIO":0.406381362875,"DIVIDEND_RATE":9.552845528455,"CURRENT_RATIO":4.639721493483,"COMMON_ACS":2000000000,"CURRENTDEBT_DEBT":95.470689502133,"ISSUED_COMMON_SHARES":1061704000,"HK_COMMON_SHARES":1061704000,"PER_SHARES":1000,"TOTAL_MARKET_CAP":5223583680,"HKSK_MARKET_CAP":5223583680,"PE_TTM":5.44631622848,"PB_TTM":0.687966939132,"REPORT_DATE_SQ":"2022-06-30 00:00:00","REPORT_TYPE_SQ":"2022年中报","OPERATE_INCOME_SQ":3576826188.67,"DPS_HKD":0.47,"OPERATE_INCOME_QOQ_SQ":13.859699974218,"NET_PROFIT_RATIO_SQ":16.8269498598,"HOLDER_PROFIT_SQ":598436306.3,"HOLDER_PROFIT_QOQ_SQ":19.173685064997,"ROE_AVG_SQ":10.559134518246,"PE_TTM_SQ":5.236625373905,"PB_TTM_SQ":0.876513809145,"ROA_SQ":7.73174490247,"START_DATE":"2023-01-01 00:00:00","FISCAL_YEAR":"12-31","CURRENCY":"HKD","IS_CNY_CODE":0,"DPS_HKD_LY":0.4,"ORG_TYPE":"一般企业","PREMIUM_INCOME":null,"PREMIUM_INCOME_YOY":null,"NET_INTEREST_INCOME":null,"NET_INTEREST_INCOME_YOY":null,"FEE_COMMISSION_INCOME":null,"FEE_COMMISSION_INCOME_YOY":null,"ACCOUNTS_RECE_TDAYS":1.499449560405,"INVENTORY_TDAYS":0.854512563725,"CURRENT_ASSETS_TDAYS":0.452911645484,"TOTAL_ASSETS_TDAYS":0.386866400413,"PREMIUM_EXPENSE":null,"LOAN_DEPOSIT":null,"LOAN_EQUITY":null,"LOAN_ASSETS":null,"DEPOSIT_EQUITY":null,"DEPOSIT_ASSETS":null,"EQUITY_MULTIPLIER":1.236333095816,"EQUITY_RATIO":0.235801438253},{"SECUCODE":"00327.HK","SECURITY_CODE":"00327","SECURITY_NAME_ABBR":"百富环球","ORG_CODE":"10159577","STD_REPORT_DATE":"2022-12-31 00:00:00","REPORT_DATE":"2022-12-31 00:00:00","DATE_TYPE_CODE":"001","REPORT_TYPE":"2022年年报","PER_NETCASH_OPERATE":0.536549408203,"PER_OI":6.670559570564,"BPS":5.834650732238,"BASIC_EPS":1.0451259,"DILUTED_EPS":1.01922107,"OPERATE_INCOME":7202169815.54,"OPERATE_INCOME_YOY":12.0444992775,"GROSS_PROFIT":2953276571.07,"GROSS_PROFIT_YOY":27.763607506314,"HOLDER_PROFIT":1129696237.25,"HOLDER_PROFIT_YOY":16.6917641501,"GROSS_PROFIT_RATIO":41.005372640586,"EPS_TTM":1.046310520332,"OPERATE_INCOME_QOQ":7.51334422889,"NET_PROFIT_RATIO":15.7292555275,"ROE_AVG":18.844870214511,"GROSS_PROFIT_QOQ":12.016065996699,"ROA":13.812823746163,"HOLDER_PROFIT_QOQ":6.97978056513,"ROE_YEARLY":18.844870214511,"ROIC_YEARLY":21.659169355206,"TOTAL_ASSETS":8477426185.83,"TOTAL_LIABILITIES":2308637556.33,"TAX_EBT":11.38313809999,"OCF_SALES":8.043544211357,"TOTAL_PARENT_EQUITY":6194672021.02,"DEBT_ASSET_RATIO":27.2327650601,"OPERATE_PROFIT":1276788328.34,"PRETAX_PROFIT":1278365843.16,"NETCASH_OPERATE":579309713.29,"NETCASH_INVEST":-267999758.67,"NETCASH_FINANCE":-401227406.09,"END_CASH":2822945798.26,"DIVI_RATIO":0.408553475945,"DIVIDEND_RATE":9.552845528455,"CURRENT_RATIO":3.256821860557,"COMMON_ACS":2000000000,"CURRENTDEBT_DEBT":97.099105854604,"ISSUED_COMMON_SHARES":1061704000,"HK_COMMON_SHARES":1061704000,"PER_SHARES":1000,"TOTAL_MARKET_CAP":5223583680,"HKSK_MARKET_CAP":5223583680,"PE_TTM":5.44631622848,"PB_TTM":0.687966939132,"REPORT_DATE_SQ":"2021-12-31 00:00:00","REPORT_TYPE_SQ":"2021年年报","OPERATE_INCOME_SQ":5883434883.2,"DPS_HKD":0.47,"OPERATE_INCOME_QOQ_SQ":13.222722787373,"NET_PROFIT_RATIO_SQ":15.178498223,"HOLDER_PROFIT_SQ":886093622.4,"HOLDER_PROFIT_QOQ_SQ":6.086038118059,"ROE_AVG_SQ":17.929814458034,"PE_TTM_SQ":5.236625373905,"PB_TTM_SQ":0.876513809145,"ROA_SQ":13.169908964679,"START_DATE":"2022-01-01 00:00:00","FISCAL_YEAR":"12-31","CURRENCY":"HKD","IS_CNY_CODE":0,"DPS_HKD_LY":0.32,"ORG_TYPE":"一般企业","PREMIUM_INCOME":null,"PREMIUM_INCOME_YOY":null,"NET_INTEREST_INCOME":null,"NET_INTEREST_INCOME_YOY":null,"FEE_COMMISSION_INCOME":null,"FEE_COMMISSION_INCOME_YOY":null,"ACCOUNTS_RECE_TDAYS":3.638120227554,"INVENTORY_TDAYS":2.068709501068,"CURRENT_ASSETS_TDAYS":1.010166183052,"TOTAL_ASSETS_TDAYS":0.880611079082,"PREMIUM_EXPENSE":null,"LOAN_DEPOSIT":null,"LOAN_EQUITY":null,"LOAN_ASSETS":null,"DEPOSIT_EQUITY":null,"DEPOSIT_ASSETS":null,"EQUITY_MULTIPLIER":1.374244879342,"EQUITY_RATIO":0.372681160277},{"SECUCODE":"00327.HK","SECURITY_CODE":"00327","SECURITY_NAME_ABBR":"百富环球","ORG_CODE":"10159577","STD_REPORT_DATE":"2022-06-30 00:00:00","REPORT_DATE":"2022-06-30 00:00:00","DATE_TYPE_CODE":"002","REPORT_TYPE":"2022年中报","PER_NETCASH_OPERATE":-0.027415034229,"PER_OI":3.316553054604,"BPS":5.450880941044,"BASIC_EPS":0.55245274,"DILUTED_EPS":0.53962489,"OPERATE_INCOME":3576826188.67,"OPERATE_INCOME_YOY":26.0291544416,"GROSS_PROFIT":1429267074.34,"GROSS_PROFIT_YOY":29.426553284445,"HOLDER_PROFIT":598436306.3,"HOLDER_PROFIT_YOY":35.8718656679,"GROSS_PROFIT_RATIO":39.959086602177,"EPS_TTM":0.97914969252,"OPERATE_INCOME_QOQ":13.859699974218,"NET_PROFIT_RATIO":16.8269498598,"ROE_AVG":10.559134518246,"GROSS_PROFIT_QOQ":14.058288308463,"ROA":7.73174490247,"HOLDER_PROFIT_QOQ":19.173685064997,"ROE_YEARLY":21.118269036493,"ROIC_YEARLY":24.02715548928,"TOTAL_ASSETS":7936111888.6,"TOTAL_LIABILITIES":2175867613.71,"TAX_EBT":9.795427134455,"OCF_SALES":-0.826612262113,"TOTAL_PARENT_EQUITY":5787222098.63,"DEBT_ASSET_RATIO":27.4173001119,"OPERATE_PROFIT":667985488.24,"PRETAX_PROFIT":667228645.09,"NETCASH_OPERATE":-29566483.87,"NETCASH_INVEST":-135751150.22,"NETCASH_FINANCE":-217990496.57,"END_CASH":2549091343.89,"DIVI_RATIO":0.436576555419,"DIVIDEND_RATE":9.552845528455,"CURRENT_RATIO":3.302898907143,"COMMON_ACS":2000000000,"CURRENTDEBT_DEBT":96.688924183344,"ISSUED_COMMON_SHARES":1061704000,"HK_COMMON_SHARES":1061704000,"PER_SHARES":1000,"TOTAL_MARKET_CAP":5223583680,"HKSK_MARKET_CAP":5223583680,"PE_TTM":5.44631622848,"PB_TTM":0.687966939132,"REPORT_DATE_SQ":"2021-06-30 00:00:00","REPORT_TYPE_SQ":"2021年中报","OPERATE_INCOME_SQ":2761399765.68,"DPS_HKD":0.47,"OPERATE_INCOME_QOQ_SQ":9.263463612248,"NET_PROFIT_RATIO_SQ":15.6275810407,"HOLDER_PROFIT_SQ":428539505.76,"HOLDER_PROFIT_QOQ_SQ":10.253695092449,"ROE_AVG_SQ":8.834016267961,"PE_TTM_SQ":5.236625373905,"PB_TTM_SQ":0.876513809145,"ROA_SQ":6.701597195651,"START_DATE":"2022-01-01 00:00:00","FISCAL_YEAR":"12-31","CURRENCY":"HKD","IS_CNY_CODE":0,"DPS_HKD_LY":0.32,"ORG_TYPE":"一般企业","PREMIUM_INCOME":null,"PREMIUM_INCOME_YOY":null,"NET_INTEREST_INCOME":null,"NET_INTEREST_INCOME_YOY":null,"FEE_COMMISSION_INCOME":null,"FEE_COMMISSION_INCOME_YOY":null,"ACCOUNTS_RECE_TDAYS":1.755306690258,"INVENTORY_TDAYS":1.142934450534,"CURRENT_ASSETS_TDAYS":0.525588968507,"TOTAL_ASSETS_TDAYS":0.462122825105,"PREMIUM_EXPENSE":null,"LOAN_DEPOSIT":null,"LOAN_EQUITY":null,"LOAN_ASSETS":null,"DEPOSIT_EQUITY":null,"DEPOSIT_ASSETS":null,"EQUITY_MULTIPLIER":1.377738774586,"EQUITY_RATIO":0.375977900386},{"SECUCODE":"00327.HK","SECURITY_CODE":"00327","SECURITY_NAME_ABBR":"百富环球","ORG_CODE":"10159577","STD_REPORT_DATE":"2021-12-31 00:00:00","REPORT_DATE":"2021-12-31 00:00:00","DATE_TYPE_CODE":"001","REPORT_TYPE":"2021年年报","PER_NETCASH_OPERATE":0.260066569196,"PER_OI":5.382959597575,"BPS":4.995626530935,"BASIC_EPS":0.8086064,"DILUTED_EPS":0.7824432,"OPERATE_INCOME":5883434883.2,"OPERATE_INCOME_YOY":27.3485612815,"GROSS_PROFIT":2311516267.2,"GROSS_PROFIT_YOY":17.504488154746,"HOLDER_PROFIT":886093622.4,"HOLDER_PROFIT_YOY":20.4028782733,"GROSS_PROFIT_RATIO":39.288550193705,"EPS_TTM":0.810717933272,"OPERATE_INCOME_QOQ":13.222722787373,"NET_PROFIT_RATIO":15.178498223,"ROE_AVG":17.929814458034,"GROSS_PROFIT_QOQ":9.747151196533,"ROA":13.169908964679,"HOLDER_PROFIT_QOQ":6.086038118059,"ROE_YEARLY":17.929814458034,"ROIC_YEARLY":23.61548500883,"TOTAL_ASSETS":7212276892.8,"TOTAL_LIABILITIES":1933396707.2,"TAX_EBT":14.296789117162,"OCF_SALES":4.831293352318,"TOTAL_PARENT_EQUITY":5303876670.4,"DEBT_ASSET_RATIO":26.8070227466,"OPERATE_PROFIT":1044869907.2,"PRETAX_PROFIT":1041987867.2,"NETCASH_OPERATE":284245998.4,"NETCASH_INVEST":-191946316.8,"NETCASH_FINANCE":-366400081.6,"END_CASH":2888543190.4,"DIVI_RATIO":0.527278085825,"DIVIDEND_RATE":9.552845528455,"CURRENT_RATIO":3.441554235992,"COMMON_ACS":2000000000,"CURRENTDEBT_DEBT":95.721315232827,"ISSUED_COMMON_SHARES":1061704000,"HK_COMMON_SHARES":1061704000,"PER_SHARES":1000,"TOTAL_MARKET_CAP":5223583680,"HKSK_MARKET_CAP":5223583680,"PE_TTM":5.44631622848,"PB_TTM":0.687966939132,"REPORT_DATE_SQ":"2020-12-31 00:00:00","REPORT_TYPE_SQ":"2020年年报","OPERATE_INCOME_SQ":4755786975.16,"DPS_HKD":0.47,"OPERATE_INCOME_QOQ_SQ":2.237235135286,"NET_PROFIT_RATIO_SQ":15.9955926952,"HOLDER_PROFIT_SQ":757579521.72,"HOLDER_PROFIT_QOQ_SQ":21.520747484093,"ROE_AVG_SQ":17.363673041575,"PE_TTM_SQ":5.236625373905,"PB_TTM_SQ":0.876513809145,"ROA_SQ":12.539778753301,"START_DATE":"2021-01-01 00:00:00","FISCAL_YEAR":"12-31","CURRENCY":"HKD","IS_CNY_CODE":0,"DPS_HKD_LY":0.32,"ORG_TYPE":"一般企业","PREMIUM_INCOME":null,"PREMIUM_INCOME_YOY":null,"NET_INTEREST_INCOME":null,"NET_INTEREST_INCOME_YOY":null,"FEE_COMMISSION_INCOME":null,"FEE_COMMISSION_INCOME_YOY":null,"ACCOUNTS_RECE_TDAYS":4.093009842928,"INVENTORY_TDAYS":2.360748689744,"CURRENT_ASSETS_TDAYS":0.976042544493,"TOTAL_ASSETS_TDAYS":0.874448250756,"PREMIUM_EXPENSE":null,"LOAN_DEPOSIT":null,"LOAN_EQUITY":null,"LOAN_ASSETS":null,"DEPOSIT_EQUITY":null,"DEPOSIT_ASSETS":null,"EQUITY_MULTIPLIER":1.366251295583,"EQUITY_RATIO":0.364525200593},{"SECUCODE":"00327.HK","SECURITY_CODE":"00327","SECURITY_NAME_ABBR":"百富环球","ORG_CODE":"10159577","STD_REPORT_DATE":"2021-06-30 00:00:00","REPORT_DATE":"2021-06-30 00:00:00","DATE_TYPE_CODE":"002","REPORT_TYPE":"2021年中报","PER_NETCASH_OPERATE":-0.187580559738,"PER_OI":2.515478992897,"BPS":4.747808491406,"BASIC_EPS":0.3910776,"DILUTED_EPS":0.3785964,"OPERATE_INCOME":2761399765.68,"OPERATE_INCOME_YOY":30.6162794954,"GROSS_PROFIT":1104307453.2,"GROSS_PROFIT_YOY":14.405138100937,"HOLDER_PROFIT":428539505.76,"HOLDER_PROFIT_YOY":34.0826017683,"GROSS_PROFIT_RATIO":39.990857786144,"EPS_TTM":0.760874082985,"OPERATE_INCOME_QOQ":9.263463612248,"NET_PROFIT_RATIO":15.6275810407,"ROE_AVG":8.834016267961,"GROSS_PROFIT_QOQ":7.068372047601,"ROA":6.701597195651,"HOLDER_PROFIT_QOQ":10.253695092449,"ROE_YEARLY":17.668032535922,"ROIC_YEARLY":24.885666721952,"TOTAL_ASSETS":6434531221.44,"TOTAL_LIABILITIES":1421555426.88,"TAX_EBT":12.139241449878,"OCF_SALES":-7.457051331693,"TOTAL_PARENT_EQUITY":5040767266.56,"DEBT_ASSET_RATIO":22.0926028324,"OPERATE_PROFIT":493343560.32,"PRETAX_PROFIT":491163510.72,"NETCASH_OPERATE":-205918998,"NETCASH_INVEST":-28539511.92,"NETCASH_FINANCE":-166369403.52,"END_CASH":2782587850.8,"DIVI_RATIO":0.561819372692,"DIVIDEND_RATE":9.552845528455,"CURRENT_RATIO":4.33650719362,"COMMON_ACS":2000000000,"CURRENTDEBT_DEBT":94.049235675202,"ISSUED_COMMON_SHARES":1061704000,"HK_COMMON_SHARES":1061704000,"PER_SHARES":1000,"TOTAL_MARKET_CAP":5223583680,"HKSK_MARKET_CAP":5223583680,"PE_TTM":5.44631622848,"PB_TTM":0.687966939132,"REPORT_DATE_SQ":"2020-06-30 00:00:00","REPORT_TYPE_SQ":"2020年中报","OPERATE_INCOME_SQ":2320849169.76,"DPS_HKD":0.47,"OPERATE_INCOME_QOQ_SQ":5.424383040827,"NET_PROFIT_RATIO_SQ":15.1910103161,"HOLDER_PROFIT_SQ":350859611.52,"HOLDER_PROFIT_QOQ_SQ":11.552739992473,"ROE_AVG_SQ":7.885552043867,"PE_TTM_SQ":5.236625373905,"PB_TTM_SQ":0.876513809145,"ROA_SQ":5.687896893208,"START_DATE":"2021-01-01 00:00:00","FISCAL_YEAR":"12-31","CURRENCY":"HKD","IS_CNY_CODE":0,"DPS_HKD_LY":0.32,"ORG_TYPE":"一般企业","PREMIUM_INCOME":null,"PREMIUM_INCOME_YOY":null,"NET_INTEREST_INCOME":null,"NET_INTEREST_INCOME_YOY":null,"FEE_COMMISSION_INCOME":null,"FEE_COMMISSION_INCOME_YOY":null,"ACCOUNTS_RECE_TDAYS":2.021212963721,"INVENTORY_TDAYS":1.202043135202,"CURRENT_ASSETS_TDAYS":0.476721571455,"TOTAL_ASSETS_TDAYS":0.431833907423,"PREMIUM_EXPENSE":null,"LOAN_DEPOSIT":null,"LOAN_EQUITY":null,"LOAN_ASSETS":null,"DEPOSIT_EQUITY":null,"DEPOSIT_ASSETS":null,"EQUITY_MULTIPLIER":1.283575162765,"EQUITY_RATIO":0.282011716016},{"SECUCODE":"00327.HK","SECURITY_CODE":"00327","SECURITY_NAME_ABBR":"百富环球","ORG_CODE":"10159577","STD_REPORT_DATE":"2020-12-31 00:00:00","REPORT_DATE":"2020-12-31 00:00:00","DATE_TYPE_CODE":"001","REPORT_TYPE":"2020年年报","PER_NETCASH_OPERATE":0.566091556856,"PER_OI":4.351780709438,"BPS":4.440803147469,"BASIC_EPS":0.69687792,"DILUTED_EPS":0.69266972,"OPERATE_INCOME":4755786975.16,"OPERATE_INCOME_YOY":14.7163071973,"GROSS_PROFIT":1967172746.76,"GROSS_PROFIT_YOY":12.916867673439,"HOLDER_PROFIT":757579521.72,"HOLDER_PROFIT_YOY":44.2798454173,"GROSS_PROFIT_RATIO":41.3637691729,"EPS_TTM":0.693222796922,"OPERATE_INCOME_QOQ":2.237235135286,"NET_PROFIT_RATIO":15.9955926952,"ROE_AVG":17.363673041575,"GROSS_PROFIT_QOQ":3.371783322692,"ROA":12.539778753301,"HOLDER_PROFIT_QOQ":21.520747484093,"ROE_YEARLY":17.363673041575,"ROIC_YEARLY":24.418733825647,"TOTAL_ASSETS":6427654336.76,"TOTAL_LIABILITIES":1736713198.68,"TAX_EBT":14.151329592978,"OCF_SALES":13.008273960782,"TOTAL_PARENT_EQUITY":4714818464.88,"DEBT_ASSET_RATIO":27.0193931984,"OPERATE_PROFIT":898174642.08,"PRETAX_PROFIT":886113099.24,"NETCASH_OPERATE":618645798.72,"NETCASH_INVEST":-95424301.56,"NETCASH_FINANCE":-174277553.16,"END_CASH":3200538935.24,"DIVI_RATIO":0.616647060509,"DIVIDEND_RATE":9.552845528455,"CURRENT_RATIO":3.558843771155,"COMMON_ACS":2000000000,"CURRENTDEBT_DEBT":94.70953778725,"ISSUED_COMMON_SHARES":1061704000,"HK_COMMON_SHARES":1061704000,"PER_SHARES":1000,"TOTAL_MARKET_CAP":5223583680,"HKSK_MARKET_CAP":5223583680,"PE_TTM":5.44631622848,"PB_TTM":0.687966939132,"REPORT_DATE_SQ":"2019-12-31 00:00:00","REPORT_TYPE_SQ":"2019年年报","OPERATE_INCOME_SQ":4412373106.74,"DPS_HKD":0.47,"OPERATE_INCOME_QOQ_SQ":0.992527896496,"NET_PROFIT_RATIO_SQ":12.6857058635,"HOLDER_PROFIT_SQ":558852955.94,"HOLDER_PROFIT_QOQ_SQ":6.213227968116,"ROE_AVG_SQ":13.851535046966,"PE_TTM_SQ":5.236625373905,"PB_TTM_SQ":0.876513809145,"ROA_SQ":9.986140608992,"START_DATE":"2020-01-01 00:00:00","FISCAL_YEAR":"12-31","CURRENCY":"HKD","IS_CNY_CODE":0,"DPS_HKD_LY":0.13,"ORG_TYPE":"一般企业","PREMIUM_INCOME":null,"PREMIUM_INCOME_YOY":null,"NET_INTEREST_INCOME":null,"NET_INTEREST_INCOME_YOY":null,"FEE_COMMISSION_INCOME":null,"FEE_COMMISSION_INCOME_YOY":null,"ACCOUNTS_RECE_TDAYS":3.834012241033,"INVENTORY_TDAYS":2.260595764423,"CURRENT_ASSETS_TDAYS":0.859290870715,"TOTAL_ASSETS_TDAYS":0.787198106028,"PREMIUM_EXPENSE":null,"LOAN_DEPOSIT":null,"LOAN_EQUITY":null,"LOAN_ASSETS":null,"DEPOSIT_EQUITY":null,"DEPOSIT_ASSETS":null,"EQUITY_MULTIPLIER":1.370227028556,"EQUITY_RATIO":0.368352082189},{"SECUCODE":"00327.HK","SECURITY_CODE":"00327","SECURITY_NAME_ABBR":"百富环球","ORG_CODE":"10159577","STD_REPORT_DATE":"2020-06-30 00:00:00","REPORT_DATE":"2020-06-30 00:00:00","DATE_TYPE_CODE":"002","REPORT_TYPE":"2020年中报","PER_NETCASH_OPERATE":0.063447685759,"PER_OI":2.139834177207,"BPS":4.281223033915,"BASIC_EPS":0.32244432,"DILUTED_EPS":0.32244432,"OPERATE_INCOME":2320849169.76,"OPERATE_INCOME_YOY":7.3752641826,"GROSS_PROFIT":965260364.64,"GROSS_PROFIT_YOY":19.99824361902,"HOLDER_PROFIT":350859611.52,"HOLDER_PROFIT_YOY":18.0189453179,"GROSS_PROFIT_RATIO":41.590827065243,"EPS_TTM":0.574792373618,"OPERATE_INCOME_QOQ":5.424383040827,"NET_PROFIT_RATIO":15.1910103161,"ROE_AVG":7.885552043867,"GROSS_PROFIT_QOQ":9.23374255908,"ROA":5.687896893208,"HOLDER_PROFIT_QOQ":11.552739992473,"ROE_YEARLY":15.771104087735,"ROIC_YEARLY":21.253948546983,"TOTAL_ASSETS":6199452425.76,"TOTAL_LIABILITIES":1677133386.72,"TAX_EBT":10.055252738751,"OCF_SALES":2.965074884514,"TOTAL_PARENT_EQUITY":4545391620,"DEBT_ASSET_RATIO":27.0529277675,"OPERATE_PROFIT":398833480.32,"PRETAX_PROFIT":391974459.36,"NETCASH_OPERATE":68814915.84,"NETCASH_INVEST":-118283172.48,"NETCASH_FINANCE":-133734010.08,"END_CASH":2725339584,"DIVI_RATIO":0.743701238256,"DIVIDEND_RATE":9.552845528455,"CURRENT_RATIO":3.615477378913,"COMMON_ACS":2000000000,"CURRENTDEBT_DEBT":94.166812358835,"ISSUED_COMMON_SHARES":1061704000,"HK_COMMON_SHARES":1061704000,"PER_SHARES":1000,"TOTAL_MARKET_CAP":5223583680,"HKSK_MARKET_CAP":5223583680,"PE_TTM":5.44631622848,"PB_TTM":0.687966939132,"REPORT_DATE_SQ":"2019-06-30 00:00:00","REPORT_TYPE_SQ":"2019年中报","OPERATE_INCOME_SQ":2081505151.26,"DPS_HKD":0.47,"OPERATE_INCOME_QOQ_SQ":12.929862296743,"NET_PROFIT_RATIO_SQ":13.7440459865,"HOLDER_PROFIT_SQ":286296782.58,"HOLDER_PROFIT_QOQ_SQ":14.935539096251,"ROE_AVG_SQ":7.429130478351,"PE_TTM_SQ":5.236625373905,"PB_TTM_SQ":0.876513809145,"ROA_SQ":5.28542982372,"START_DATE":"2020-01-01 00:00:00","FISCAL_YEAR":"12-31","CURRENCY":"HKD","IS_CNY_CODE":0,"DPS_HKD_LY":0.13,"ORG_TYPE":"一般企业","PREMIUM_INCOME":null,"PREMIUM_INCOME_YOY":null,"NET_INTEREST_INCOME":null,"NET_INTEREST_INCOME_YOY":null,"FEE_COMMISSION_INCOME":null,"FEE_COMMISSION_INCOME_YOY":null,"ACCOUNTS_RECE_TDAYS":1.563376399147,"INVENTORY_TDAYS":1.148780002585,"CURRENT_ASSETS_TDAYS":0.408231832867,"TOTAL_ASSETS_TDAYS":0.376240249628,"PREMIUM_EXPENSE":null,"LOAN_DEPOSIT":null,"LOAN_EQUITY":null,"LOAN_ASSETS":null,"DEPOSIT_EQUITY":null,"DEPOSIT_ASSETS":null,"EQUITY_MULTIPLIER":1.370856936948,"EQUITY_RATIO":0.368974453013}],"count":33},"success":true,"message":"ok","code":0}