{"version":"66931ab92a239863d347d2dca8998382","result":{"pages":6,"data":[{"SECUCODE":"00335.HK","SECURITY_CODE":"00335","SECURITY_NAME_ABBR":"美建集团","ORG_CODE":"10008837","STD_REPORT_DATE":"2024-06-30 00:00:00","REPORT_DATE":"2024-09-30 00:00:00","DATE_TYPE_CODE":"002","REPORT_TYPE":"2024年中报","PER_NETCASH_OPERATE":0.037739253788,"PER_OI":0.016639456297,"BPS":0.930211602716,"BASIC_EPS":0.009378616,"DILUTED_EPS":null,"OPERATE_INCOME":44632292.47,"OPERATE_INCOME_YOY":-26.9713155876,"GROSS_PROFIT":null,"GROSS_PROFIT_YOY":null,"HOLDER_PROFIT":25242003.89,"HOLDER_PROFIT_YOY":-47.3556516833,"GROSS_PROFIT_RATIO":null,"EPS_TTM":0.028974742755,"OPERATE_INCOME_QOQ":0,"NET_PROFIT_RATIO":56.5433495646,"ROE_AVG":1.007144026525,"GROSS_PROFIT_QOQ":null,"ROA":0.900725220403,"HOLDER_PROFIT_QOQ":0,"ROE_YEARLY":2.01428805305,"ROIC_YEARLY":2.031219357504,"TOTAL_ASSETS":2835112330.88,"TOTAL_LIABILITIES":341213889.46,"TAX_EBT":8.348071002817,"OCF_SALES":226.805810922757,"TOTAL_PARENT_EQUITY":2495122170.45,"DEBT_ASSET_RATIO":12.0352864239,"OPERATE_PROFIT":31334497.13,"PRETAX_PROFIT":27535255.86,"NETCASH_OPERATE":101228632.87,"NETCASH_INVEST":-9387633.9,"NETCASH_FINANCE":-24682894.09,"END_CASH":297915344.4,"DIVI_RATIO":0.625751888582,"DIVIDEND_RATE":2.857142857143,"CURRENT_RATIO":2.605118414233,"COMMON_ACS":10000000000,"CURRENTDEBT_DEBT":99.944499357778,"ISSUED_COMMON_SHARES":2682316758,"HK_COMMON_SHARES":2682316758,"PER_SHARES":2000,"TOTAL_MARKET_CAP":1877621730.6,"HKSK_MARKET_CAP":1877621730.6,"PE_TTM":31.008418063813,"PB_TTM":0.678612262153,"REPORT_DATE_SQ":"2023-06-30 00:00:00","REPORT_TYPE_SQ":"2023年中报","OPERATE_INCOME_SQ":62189620.36,"DPS_HKD":0.02,"OPERATE_INCOME_QOQ_SQ":0,"NET_PROFIT_RATIO_SQ":78.446851207,"HOLDER_PROFIT_SQ":48790387.1,"HOLDER_PROFIT_QOQ_SQ":0,"ROE_AVG_SQ":1.926149884674,"PE_TTM_SQ":15.158152795576,"PB_TTM_SQ":0.632073972417,"ROA_SQ":1.767359101143,"START_DATE":"2024-04-01 00:00:00","FISCAL_YEAR":"3-31","CURRENCY":"HKD","IS_CNY_CODE":0,"DPS_HKD_LY":0.02,"ORG_TYPE":"证券","PREMIUM_INCOME":null,"PREMIUM_INCOME_YOY":null,"NET_INTEREST_INCOME":null,"NET_INTEREST_INCOME_YOY":null,"FEE_COMMISSION_INCOME":null,"FEE_COMMISSION_INCOME_YOY":null,"ACCOUNTS_RECE_TDAYS":0.07540624193,"INVENTORY_TDAYS":null,"CURRENT_ASSETS_TDAYS":0.048879030498,"TOTAL_ASSETS_TDAYS":0.015926402534,"PREMIUM_EXPENSE":null,"LOAN_DEPOSIT":null,"LOAN_EQUITY":null,"LOAN_ASSETS":null,"DEPOSIT_EQUITY":null,"DEPOSIT_ASSETS":null,"EQUITY_MULTIPLIER":1.136819480615,"EQUITY_RATIO":0.1367523777},{"SECUCODE":"00335.HK","SECURITY_CODE":"00335","SECURITY_NAME_ABBR":"美建集团","ORG_CODE":"10008837","STD_REPORT_DATE":"2023-12-31 00:00:00","REPORT_DATE":"2024-03-31 00:00:00","DATE_TYPE_CODE":"001","REPORT_TYPE":"2023年年报","PER_NETCASH_OPERATE":0.032252740562,"PER_OI":0.041335758508,"BPS":0.943496588053,"BASIC_EPS":0.0290096,"DILUTED_EPS":null,"OPERATE_INCOME":110875597.75,"OPERATE_INCOME_YOY":4.7445724318,"GROSS_PROFIT":null,"GROSS_PROFIT_YOY":null,"HOLDER_PROFIT":77719438.05,"HOLDER_PROFIT_YOY":-14.5339447712,"GROSS_PROFIT_RATIO":null,"EPS_TTM":0.037959314811,"OPERATE_INCOME_QOQ":0,"NET_PROFIT_RATIO":70.0780834798,"ROE_AVG":3.087122603394,"GROSS_PROFIT_QOQ":null,"ROA":2.802377334906,"HOLDER_PROFIT_QOQ":0,"ROE_YEARLY":3.087122603394,"ROIC_YEARLY":3.20235566315,"TOTAL_ASSETS":2784325090.1,"TOTAL_LIABILITIES":254793129.9,"TAX_EBT":7.595359768851,"OCF_SALES":78.026245860758,"TOTAL_PARENT_EQUITY":2530756709.25,"DEBT_ASSET_RATIO":9.1509835114,"OPERATE_PROFIT":53639656.95,"PRETAX_PROFIT":84086138.7,"NETCASH_OPERATE":86512066.5,"NETCASH_INVEST":-172307051.95,"NETCASH_FINANCE":-49785006.35,"END_CASH":231975266.4,"DIVI_RATIO":0.477642973542,"DIVIDEND_RATE":2.666666666667,"CURRENT_RATIO":3.702928274369,"COMMON_ACS":10000000000,"CURRENTDEBT_DEBT":99.925282326068,"ISSUED_COMMON_SHARES":2682316758,"HK_COMMON_SHARES":2682316758,"PER_SHARES":2000,"TOTAL_MARKET_CAP":2011737568.5,"HKSK_MARKET_CAP":2011737568.5,"PE_TTM":33.223305068371,"PB_TTM":0.727084566593,"REPORT_DATE_SQ":"2022-12-31 00:00:00","REPORT_TYPE_SQ":"2022年年报","OPERATE_INCOME_SQ":102217248.65,"DPS_HKD":0.02,"OPERATE_INCOME_QOQ_SQ":0,"NET_PROFIT_RATIO_SQ":85.8442170171,"HOLDER_PROFIT_SQ":87812377.1,"HOLDER_PROFIT_QOQ_SQ":0,"ROE_AVG_SQ":3.659463082964,"PE_TTM_SQ":15.158152795576,"PB_TTM_SQ":0.632073972417,"ROA_SQ":3.164312884962,"START_DATE":"2023-04-01 00:00:00","FISCAL_YEAR":"3-31","CURRENCY":"HKD","IS_CNY_CODE":0,"DPS_HKD_LY":0.02,"ORG_TYPE":"证券","PREMIUM_INCOME":null,"PREMIUM_INCOME_YOY":null,"NET_INTEREST_INCOME":null,"NET_INTEREST_INCOME_YOY":null,"FEE_COMMISSION_INCOME":null,"FEE_COMMISSION_INCOME_YOY":null,"ACCOUNTS_RECE_TDAYS":0.166678023386,"INVENTORY_TDAYS":null,"CURRENT_ASSETS_TDAYS":0.109054885892,"TOTAL_ASSETS_TDAYS":0.039979092737,"PREMIUM_EXPENSE":null,"LOAN_DEPOSIT":null,"LOAN_EQUITY":null,"LOAN_ASSETS":null,"DEPOSIT_EQUITY":null,"DEPOSIT_ASSETS":null,"EQUITY_MULTIPLIER":1.100727381155,"EQUITY_RATIO":0.100678634564},{"SECUCODE":"00335.HK","SECURITY_CODE":"00335","SECURITY_NAME_ABBR":"美建集团","ORG_CODE":"10008837","STD_REPORT_DATE":"2023-06-30 00:00:00","REPORT_DATE":"2023-09-30 00:00:00","DATE_TYPE_CODE":"002","REPORT_TYPE":"2023年中报","PER_NETCASH_OPERATE":0.020919972245,"PER_OI":0.02318503964,"BPS":0.94365458163,"BASIC_EPS":0.018169074,"DILUTED_EPS":null,"OPERATE_INCOME":62189620.36,"OPERATE_INCOME_YOY":11.9643152156,"GROSS_PROFIT":null,"GROSS_PROFIT_YOY":null,"HOLDER_PROFIT":48790387.1,"HOLDER_PROFIT_YOY":38.2511245742,"GROSS_PROFIT_RATIO":null,"EPS_TTM":0.032737512018,"OPERATE_INCOME_QOQ":0,"NET_PROFIT_RATIO":78.446851207,"ROE_AVG":1.926149884674,"GROSS_PROFIT_QOQ":null,"ROA":1.767359101143,"HOLDER_PROFIT_QOQ":0,"ROE_YEARLY":3.852299769347,"ROIC_YEARLY":4.120339964857,"TOTAL_ASSETS":2725160139.03,"TOTAL_LIABILITIES":195203759.38,"TAX_EBT":8.315656957594,"OCF_SALES":90.230478663755,"TOTAL_PARENT_EQUITY":2531180498.07,"DEBT_ASSET_RATIO":7.1630197648,"OPERATE_PROFIT":58242893.73,"PRETAX_PROFIT":53210610.81,"NETCASH_OPERATE":56113992.13,"NETCASH_INVEST":-4588.15,"NETCASH_FINANCE":-108861199.79,"END_CASH":319295781.91,"DIVI_RATIO":0.55382950269,"DIVIDEND_RATE":2.702702702703,"CURRENT_RATIO":5.567805533879,"COMMON_ACS":10000000000,"CURRENTDEBT_DEBT":100,"ISSUED_COMMON_SHARES":2682316758,"HK_COMMON_SHARES":2682316758,"PER_SHARES":2000,"TOTAL_MARKET_CAP":1984914400.92,"HKSK_MARKET_CAP":1984914400.92,"PE_TTM":32.780327667459,"PB_TTM":0.717390105705,"REPORT_DATE_SQ":"2022-06-30 00:00:00","REPORT_TYPE_SQ":"2022年中报","OPERATE_INCOME_SQ":54745753.2,"DPS_HKD":0.02,"OPERATE_INCOME_QOQ_SQ":0,"NET_PROFIT_RATIO_SQ":63.7749876094,"HOLDER_PROFIT_SQ":34783857.96,"HOLDER_PROFIT_QOQ_SQ":0,"ROE_AVG_SQ":1.419585286498,"PE_TTM_SQ":15.158152795576,"PB_TTM_SQ":0.632073972417,"ROA_SQ":1.177958073281,"START_DATE":"2023-04-01 00:00:00","FISCAL_YEAR":"3-31","CURRENCY":"HKD","IS_CNY_CODE":0,"DPS_HKD_LY":0.02,"ORG_TYPE":"证券","PREMIUM_INCOME":null,"PREMIUM_INCOME_YOY":null,"NET_INTEREST_INCOME":null,"NET_INTEREST_INCOME_YOY":null,"FEE_COMMISSION_INCOME":null,"FEE_COMMISSION_INCOME_YOY":null,"ACCOUNTS_RECE_TDAYS":0.08911230225,"INVENTORY_TDAYS":null,"CURRENT_ASSETS_TDAYS":0.056773402316,"TOTAL_ASSETS_TDAYS":0.022527263683,"PREMIUM_EXPENSE":null,"LOAN_DEPOSIT":null,"LOAN_EQUITY":null,"LOAN_ASSETS":null,"DEPOSIT_EQUITY":null,"DEPOSIT_ASSETS":null,"EQUITY_MULTIPLIER":1.077156966401,"EQUITY_RATIO":0.077119652087},{"SECUCODE":"00335.HK","SECURITY_CODE":"00335","SECURITY_NAME_ABBR":"美建集团","ORG_CODE":"10008837","STD_REPORT_DATE":"2022-12-31 00:00:00","REPORT_DATE":"2023-03-31 00:00:00","DATE_TYPE_CODE":"001","REPORT_TYPE":"2022年年报","PER_NETCASH_OPERATE":0.078315791759,"PER_OI":0.03810782166,"BPS":0.901568757708,"BASIC_EPS":0.03239017,"DILUTED_EPS":null,"OPERATE_INCOME":102217248.65,"OPERATE_INCOME_YOY":-8.4576607371,"GROSS_PROFIT":null,"GROSS_PROFIT_YOY":null,"HOLDER_PROFIT":87812377.1,"HOLDER_PROFIT_YOY":15.2511604394,"GROSS_PROFIT_RATIO":null,"EPS_TTM":0.024613859673,"OPERATE_INCOME_QOQ":0,"NET_PROFIT_RATIO":85.8442170171,"ROE_AVG":3.659463082964,"GROSS_PROFIT_QOQ":null,"ROA":3.164312884962,"HOLDER_PROFIT_QOQ":0,"ROE_YEARLY":3.659463082964,"ROIC_YEARLY":3.774634277036,"TOTAL_ASSETS":2667467063.46,"TOTAL_LIABILITIES":250337496.06,"TAX_EBT":6.414206487032,"OCF_SALES":205.511069241639,"TOTAL_PARENT_EQUITY":2418292987.29,"DEBT_ASSET_RATIO":9.384839254,"OPERATE_PROFIT":37808957.9,"PRETAX_PROFIT":93761663.46,"NETCASH_OPERATE":210067760.65,"NETCASH_INVEST":-15757.38,"NETCASH_FINANCE":-261794862.14,"END_CASH":354929732.04,"DIVI_RATIO":0.736617509032,"DIVIDEND_RATE":2.564102564103,"CURRENT_RATIO":4.206930194499,"COMMON_ACS":10000000000,"CURRENTDEBT_DEBT":100,"ISSUED_COMMON_SHARES":2682316758,"HK_COMMON_SHARES":2682316758,"PER_SHARES":2000,"TOTAL_MARKET_CAP":2092207071.24,"HKSK_MARKET_CAP":2092207071.24,"PE_TTM":34.552237271106,"PB_TTM":0.756167949256,"REPORT_DATE_SQ":"2021-12-31 00:00:00","REPORT_TYPE_SQ":"2021年年报","OPERATE_INCOME_SQ":103446758.53,"DPS_HKD":0.02,"OPERATE_INCOME_QOQ_SQ":0,"NET_PROFIT_RATIO_SQ":68.2014535134,"HOLDER_PROFIT_SQ":70587066.36,"HOLDER_PROFIT_QOQ_SQ":0,"ROE_AVG_SQ":3.237488145744,"PE_TTM_SQ":16.044163640714,"PB_TTM_SQ":0.583452897615,"ROA_SQ":2.574551237226,"START_DATE":"2022-04-01 00:00:00","FISCAL_YEAR":"3-31","CURRENCY":"HKD","IS_CNY_CODE":0,"DPS_HKD_LY":0.02,"ORG_TYPE":"证券","PREMIUM_INCOME":null,"PREMIUM_INCOME_YOY":null,"NET_INTEREST_INCOME":null,"NET_INTEREST_INCOME_YOY":null,"FEE_COMMISSION_INCOME":null,"FEE_COMMISSION_INCOME_YOY":null,"ACCOUNTS_RECE_TDAYS":0.138990729587,"INVENTORY_TDAYS":null,"CURRENT_ASSETS_TDAYS":0.085943350918,"TOTAL_ASSETS_TDAYS":0.036833914267,"PREMIUM_EXPENSE":null,"LOAN_DEPOSIT":null,"LOAN_EQUITY":null,"LOAN_ASSETS":null,"DEPOSIT_EQUITY":null,"DEPOSIT_ASSETS":null,"EQUITY_MULTIPLIER":1.10356809144,"EQUITY_RATIO":0.103518265725},{"SECUCODE":"00335.HK","SECURITY_CODE":"00335","SECURITY_NAME_ABBR":"美建集团","ORG_CODE":"10008837","STD_REPORT_DATE":"2022-06-30 00:00:00","REPORT_DATE":"2022-09-30 00:00:00","DATE_TYPE_CODE":"002","REPORT_TYPE":"2022年中报","PER_NETCASH_OPERATE":0.023684627958,"PER_OI":0.020409876289,"BPS":0.909926099891,"BASIC_EPS":0.012933492,"DILUTED_EPS":null,"OPERATE_INCOME":54745753.2,"OPERATE_INCOME_YOY":-14.5756301335,"GROSS_PROFIT":null,"GROSS_PROFIT_YOY":null,"HOLDER_PROFIT":34783857.96,"HOLDER_PROFIT_YOY":-18.5777194394,"GROSS_PROFIT_RATIO":null,"EPS_TTM":0.026315708668,"OPERATE_INCOME_QOQ":0,"NET_PROFIT_RATIO":63.7749876094,"ROE_AVG":1.419585286498,"GROSS_PROFIT_QOQ":null,"ROA":1.177958073281,"HOLDER_PROFIT_QOQ":0,"ROE_YEARLY":2.839170572996,"ROIC_YEARLY":2.826371852103,"TOTAL_ASSETS":2927490487.56,"TOTAL_LIABILITIES":487785294.12,"TAX_EBT":11.499575872899,"OCF_SALES":116.044936395176,"TOTAL_PARENT_EQUITY":2440710026.28,"DEBT_ASSET_RATIO":16.6622332743,"OPERATE_PROFIT":42955473.36,"PRETAX_PROFIT":39450768.36,"NETCASH_OPERATE":63529674.48,"NETCASH_INVEST":399762.48,"NETCASH_FINANCE":-61361731.8,"END_CASH":422726211.6,"DIVI_RATIO":0.688980115582,"DIVIDEND_RATE":2.564102564103,"CURRENT_RATIO":2.732153088224,"COMMON_ACS":10000000000,"CURRENTDEBT_DEBT":100,"ISSUED_COMMON_SHARES":2682316758,"HK_COMMON_SHARES":2682316758,"PER_SHARES":2000,"TOTAL_MARKET_CAP":2092207071.24,"HKSK_MARKET_CAP":2092207071.24,"PE_TTM":34.552237271106,"PB_TTM":0.756167949256,"REPORT_DATE_SQ":"2021-06-30 00:00:00","REPORT_TYPE_SQ":"2021年中报","OPERATE_INCOME_SQ":59028965.48,"DPS_HKD":0.02,"OPERATE_INCOME_QOQ_SQ":0,"NET_PROFIT_RATIO_SQ":66.6276214401,"HOLDER_PROFIT_SQ":39348756.04,"HOLDER_PROFIT_QOQ_SQ":0,"ROE_AVG_SQ":1.770570644865,"PE_TTM_SQ":16.044163640714,"PB_TTM_SQ":0.583452897615,"ROA_SQ":1.410139365978,"START_DATE":"2022-04-01 00:00:00","FISCAL_YEAR":"3-31","CURRENCY":"HKD","IS_CNY_CODE":0,"DPS_HKD_LY":0.02,"ORG_TYPE":"证券","PREMIUM_INCOME":null,"PREMIUM_INCOME_YOY":null,"NET_INTEREST_INCOME":null,"NET_INTEREST_INCOME_YOY":null,"FEE_COMMISSION_INCOME":null,"FEE_COMMISSION_INCOME_YOY":null,"ACCOUNTS_RECE_TDAYS":0.064048775687,"INVENTORY_TDAYS":null,"CURRENT_ASSETS_TDAYS":0.040519069835,"TOTAL_ASSETS_TDAYS":0.018539692185,"PREMIUM_EXPENSE":null,"LOAN_DEPOSIT":null,"LOAN_EQUITY":null,"LOAN_ASSETS":null,"DEPOSIT_EQUITY":null,"DEPOSIT_ASSETS":null,"EQUITY_MULTIPLIER":1.199936162546,"EQUITY_RATIO":0.19985384944},{"SECUCODE":"00335.HK","SECURITY_CODE":"00335","SECURITY_NAME_ABBR":"美建集团","ORG_CODE":"10008837","STD_REPORT_DATE":"2021-12-31 00:00:00","REPORT_DATE":"2022-03-31 00:00:00","DATE_TYPE_CODE":"001","REPORT_TYPE":"2021年年报","PER_NETCASH_OPERATE":0.004382323193,"PER_OI":0.038566197755,"BPS":0.822329915727,"BASIC_EPS":0.02595232,"DILUTED_EPS":null,"OPERATE_INCOME":103446758.53,"OPERATE_INCOME_YOY":4.8714111882,"GROSS_PROFIT":null,"GROSS_PROFIT_YOY":null,"HOLDER_PROFIT":70587066.36,"HOLDER_PROFIT_YOY":88.2795768707,"GROSS_PROFIT_RATIO":null,"EPS_TTM":0.016384189111,"OPERATE_INCOME_QOQ":0,"NET_PROFIT_RATIO":68.2014535134,"ROE_AVG":3.237488145744,"GROSS_PROFIT_QOQ":null,"ROA":2.574551237226,"HOLDER_PROFIT_QOQ":0,"ROE_YEARLY":3.237488145744,"ROIC_YEARLY":3.236053313305,"TOTAL_ASSETS":2670635654.75,"TOTAL_LIABILITIES":465904158.74,"TAX_EBT":10.730631092868,"OCF_SALES":11.363119644383,"TOTAL_PARENT_EQUITY":2205749313.56,"DEBT_ASSET_RATIO":17.4454406729,"OPERATE_PROFIT":68449244,"PRETAX_PROFIT":79032924.5,"NETCASH_OPERATE":11754778.94,"NETCASH_INVEST":-66502.82,"NETCASH_FINANCE":-33558782.79,"END_CASH":376755506.51,"DIVI_RATIO":1.106615644914,"DIVIDEND_RATE":2.564102564103,"CURRENT_RATIO":2.635830342191,"COMMON_ACS":10000000000,"CURRENTDEBT_DEBT":100,"ISSUED_COMMON_SHARES":2682316758,"HK_COMMON_SHARES":2682316758,"PER_SHARES":2000,"TOTAL_MARKET_CAP":2092207071.24,"HKSK_MARKET_CAP":2092207071.24,"PE_TTM":34.552237271106,"PB_TTM":0.756167949256,"REPORT_DATE_SQ":"2020-12-31 00:00:00","REPORT_TYPE_SQ":"2020年年报","OPERATE_INCOME_SQ":102797553.04,"DPS_HKD":0.02,"OPERATE_INCOME_QOQ_SQ":0,"NET_PROFIT_RATIO_SQ":37.9748084323,"HOLDER_PROFIT_SQ":39070135.86,"HOLDER_PROFIT_QOQ_SQ":0,"ROE_AVG_SQ":1.747293513144,"PE_TTM_SQ":16.044163640714,"PB_TTM_SQ":0.583452897615,"ROA_SQ":1.378568915026,"START_DATE":"2021-04-01 00:00:00","FISCAL_YEAR":"3-31","CURRENCY":"HKD","IS_CNY_CODE":0,"DPS_HKD_LY":0.01,"ORG_TYPE":"证券","PREMIUM_INCOME":null,"PREMIUM_INCOME_YOY":null,"NET_INTEREST_INCOME":null,"NET_INTEREST_INCOME_YOY":null,"FEE_COMMISSION_INCOME":null,"FEE_COMMISSION_INCOME_YOY":null,"ACCOUNTS_RECE_TDAYS":0.13818195606,"INVENTORY_TDAYS":null,"CURRENT_ASSETS_TDAYS":0.078729154316,"TOTAL_ASSETS_TDAYS":0.03773056367,"PREMIUM_EXPENSE":null,"LOAN_DEPOSIT":null,"LOAN_EQUITY":null,"LOAN_ASSETS":null,"DEPOSIT_EQUITY":null,"DEPOSIT_ASSETS":null,"EQUITY_MULTIPLIER":1.211320135618,"EQUITY_RATIO":0.211222624382},{"SECUCODE":"00335.HK","SECURITY_CODE":"00335","SECURITY_NAME_ABBR":"美建集团","ORG_CODE":"10008837","STD_REPORT_DATE":"2021-06-30 00:00:00","REPORT_DATE":"2021-09-30 00:00:00","DATE_TYPE_CODE":"002","REPORT_TYPE":"2021年中报","PER_NETCASH_OPERATE":0.020090773463,"PER_OI":0.022006709425,"BPS":0.831859082394,"BASIC_EPS":0.014661856,"DILUTED_EPS":null,"OPERATE_INCOME":59028965.48,"OPERATE_INCOME_YOY":12.2076359087,"GROSS_PROFIT":null,"GROSS_PROFIT_YOY":null,"HOLDER_PROFIT":39348756.04,"HOLDER_PROFIT_YOY":20.4058222234,"GROSS_PROFIT_RATIO":null,"EPS_TTM":0.014565817308,"OPERATE_INCOME_QOQ":0,"NET_PROFIT_RATIO":66.6276214401,"ROE_AVG":1.770570644865,"GROSS_PROFIT_QOQ":null,"ROA":1.410139365978,"HOLDER_PROFIT_QOQ":0,"ROE_YEARLY":3.541141289731,"ROIC_YEARLY":3.56214715256,"TOTAL_ASSETS":2691546049.9,"TOTAL_LIABILITIES":461265322,"TAX_EBT":12.580316637348,"OCF_SALES":91.293855316266,"TOTAL_PARENT_EQUITY":2231309557,"DEBT_ASSET_RATIO":17.1375601029,"OPERATE_PROFIT":47450264.54,"PRETAX_PROFIT":44989405.3,"NETCASH_OPERATE":53889818.34,"NETCASH_INVEST":-29990.16,"NETCASH_FINANCE":-33840563.32,"END_CASH":429483249.94,"DIVI_RATIO":1.244763655636,"DIVIDEND_RATE":2.564102564103,"CURRENT_RATIO":2.657886942388,"COMMON_ACS":10000000000,"CURRENTDEBT_DEBT":100,"ISSUED_COMMON_SHARES":2682316758,"HK_COMMON_SHARES":2682316758,"PER_SHARES":2000,"TOTAL_MARKET_CAP":2092207071.24,"HKSK_MARKET_CAP":2092207071.24,"PE_TTM":34.552237271106,"PB_TTM":0.756167949256,"REPORT_DATE_SQ":"2020-06-30 00:00:00","REPORT_TYPE_SQ":"2020年中报","OPERATE_INCOME_SQ":55490289.28,"DPS_HKD":0.02,"OPERATE_INCOME_QOQ_SQ":0,"NET_PROFIT_RATIO_SQ":62.1054965241,"HOLDER_PROFIT_SQ":34471306.88,"HOLDER_PROFIT_QOQ_SQ":0,"ROE_AVG_SQ":1.485288997923,"PE_TTM_SQ":16.044163640714,"PB_TTM_SQ":0.583452897615,"ROA_SQ":1.205734129616,"START_DATE":"2021-04-01 00:00:00","FISCAL_YEAR":"3-31","CURRENCY":"HKD","IS_CNY_CODE":0,"DPS_HKD_LY":0.01,"ORG_TYPE":"证券","PREMIUM_INCOME":null,"PREMIUM_INCOME_YOY":null,"NET_INTEREST_INCOME":null,"NET_INTEREST_INCOME_YOY":null,"FEE_COMMISSION_INCOME":null,"FEE_COMMISSION_INCOME_YOY":null,"ACCOUNTS_RECE_TDAYS":0.079149238952,"INVENTORY_TDAYS":null,"CURRENT_ASSETS_TDAYS":0.044317341385,"TOTAL_ASSETS_TDAYS":0.021154180293,"PREMIUM_EXPENSE":null,"LOAN_DEPOSIT":null,"LOAN_EQUITY":null,"LOAN_ASSETS":null,"DEPOSIT_EQUITY":null,"DEPOSIT_ASSETS":null,"EQUITY_MULTIPLIER":1.20681940001,"EQUITY_RATIO":0.206724038156},{"SECUCODE":"00335.HK","SECURITY_CODE":"00335","SECURITY_NAME_ABBR":"美建集团","ORG_CODE":"10008837","STD_REPORT_DATE":"2020-12-31 00:00:00","REPORT_DATE":"2021-03-31 00:00:00","DATE_TYPE_CODE":"001","REPORT_TYPE":"2020年年报","PER_NETCASH_OPERATE":0.05048802732,"PER_OI":0.038324166127,"BPS":0.83720443501,"BASIC_EPS":0.01436806,"DILUTED_EPS":null,"OPERATE_INCOME":102797553.04,"OPERATE_INCOME_YOY":-30.7810943858,"GROSS_PROFIT":null,"GROSS_PROFIT_YOY":null,"HOLDER_PROFIT":39070135.86,"HOLDER_PROFIT_YOY":-3.165193347,"GROSS_PROFIT_RATIO":null,"EPS_TTM":0.014632823947,"OPERATE_INCOME_QOQ":0,"NET_PROFIT_RATIO":37.9748084323,"ROE_AVG":1.747293513144,"GROSS_PROFIT_QOQ":null,"ROA":1.378568915026,"HOLDER_PROFIT_QOQ":0,"ROE_YEARLY":1.747293513144,"ROIC_YEARLY":1.708156728285,"TOTAL_ASSETS":2931321735.58,"TOTAL_LIABILITIES":686698607.84,"TAX_EBT":19.461542485484,"OCF_SALES":131.739402111356,"TOTAL_PARENT_EQUITY":2245647485.9,"DEBT_ASSET_RATIO":23.4262448746,"OPERATE_PROFIT":34838319.6,"PRETAX_PROFIT":48470227.82,"NETCASH_OPERATE":125685872.62,"NETCASH_INVEST":-32116.84,"NETCASH_FINANCE":-37261450.66,"END_CASH":415421183.24,"DIVI_RATIO":1.239063632941,"DIVIDEND_RATE":2.564102564103,"CURRENT_RATIO":2.124441222517,"COMMON_ACS":10000000000,"CURRENTDEBT_DEBT":100,"ISSUED_COMMON_SHARES":2682316758,"HK_COMMON_SHARES":2682316758,"PER_SHARES":2000,"TOTAL_MARKET_CAP":2092207071.24,"HKSK_MARKET_CAP":2092207071.24,"PE_TTM":34.552237271106,"PB_TTM":0.756167949256,"REPORT_DATE_SQ":"2019-12-31 00:00:00","REPORT_TYPE_SQ":"2019年年报","OPERATE_INCOME_SQ":160550795.5,"DPS_HKD":0.02,"OPERATE_INCOME_QOQ_SQ":0,"NET_PROFIT_RATIO_SQ":26.4069658253,"HOLDER_PROFIT_SQ":43618210.6,"HOLDER_PROFIT_QOQ_SQ":0,"ROE_AVG_SQ":1.809297236329,"PE_TTM_SQ":16.044163640714,"PB_TTM_SQ":0.583452897615,"ROA_SQ":1.554511030604,"START_DATE":"2020-04-01 00:00:00","FISCAL_YEAR":"3-31","CURRENCY":"HKD","IS_CNY_CODE":0,"DPS_HKD_LY":0.01,"ORG_TYPE":"证券","PREMIUM_INCOME":null,"PREMIUM_INCOME_YOY":null,"NET_INTEREST_INCOME":null,"NET_INTEREST_INCOME_YOY":null,"FEE_COMMISSION_INCOME":null,"FEE_COMMISSION_INCOME_YOY":null,"ACCOUNTS_RECE_TDAYS":0.13139533816,"INVENTORY_TDAYS":null,"CURRENT_ASSETS_TDAYS":0.077048798163,"TOTAL_ASSETS_TDAYS":0.036271568563,"PREMIUM_EXPENSE":null,"LOAN_DEPOSIT":null,"LOAN_EQUITY":null,"LOAN_ASSETS":null,"DEPOSIT_EQUITY":null,"DEPOSIT_ASSETS":null,"EQUITY_MULTIPLIER":1.305930469731,"EQUITY_RATIO":0.305790918722},{"SECUCODE":"00335.HK","SECURITY_CODE":"00335","SECURITY_NAME_ABBR":"美建集团","ORG_CODE":"10008837","STD_REPORT_DATE":"2020-06-30 00:00:00","REPORT_DATE":"2020-09-30 00:00:00","DATE_TYPE_CODE":"002","REPORT_TYPE":"2020年中报","PER_NETCASH_OPERATE":0.05219052483,"PER_OI":0.020687448309,"BPS":0.867502489055,"BASIC_EPS":0.012829312,"DILUTED_EPS":0.012829312,"OPERATE_INCOME":55490289.28,"OPERATE_INCOME_YOY":-19.7170027206,"GROSS_PROFIT":null,"GROSS_PROFIT_YOY":null,"HOLDER_PROFIT":34471306.88,"HOLDER_PROFIT_YOY":-8.8947722892,"GROSS_PROFIT_RATIO":null,"EPS_TTM":0.01626139436,"OPERATE_INCOME_QOQ":0,"NET_PROFIT_RATIO":62.1054965241,"ROE_AVG":1.485288997923,"GROSS_PROFIT_QOQ":null,"ROA":1.205734129616,"HOLDER_PROFIT_QOQ":0,"ROE_YEARLY":2.970577995846,"ROIC_YEARLY":2.901295206547,"TOTAL_ASSETS":2872389812.48,"TOTAL_LIABILITIES":546512874.24,"TAX_EBT":13.287934732141,"OCF_SALES":252.281112923403,"TOTAL_PARENT_EQUITY":2326916464,"DEBT_ASSET_RATIO":19.0264173708,"OPERATE_PROFIT":44051112.32,"PRETAX_PROFIT":39743626.88,"NETCASH_OPERATE":139991519.36,"NETCASH_INVEST":-12302.08,"NETCASH_FINANCE":-36579356.16,"END_CASH":443406505.6,"DIVI_RATIO":1.114972037374,"DIVIDEND_RATE":2.564102564103,"CURRENT_RATIO":2.40210984304,"COMMON_ACS":10000000000,"CURRENTDEBT_DEBT":100,"ISSUED_COMMON_SHARES":2682316758,"HK_COMMON_SHARES":2682316758,"PER_SHARES":2000,"TOTAL_MARKET_CAP":2092207071.24,"HKSK_MARKET_CAP":2092207071.24,"PE_TTM":34.552237271106,"PB_TTM":0.756167949256,"REPORT_DATE_SQ":"2019-06-30 00:00:00","REPORT_TYPE_SQ":"2019年中报","OPERATE_INCOME_SQ":70950302.58,"DPS_HKD":0.02,"OPERATE_INCOME_QOQ_SQ":0,"NET_PROFIT_RATIO_SQ":53.6003966539,"HOLDER_PROFIT_SQ":38839648.59,"HOLDER_PROFIT_QOQ_SQ":0,"ROE_AVG_SQ":1.633332593651,"PE_TTM_SQ":16.044163640714,"PB_TTM_SQ":0.583452897615,"ROA_SQ":1.40070218903,"START_DATE":"2020-04-01 00:00:00","FISCAL_YEAR":"3-31","CURRENCY":"HKD","IS_CNY_CODE":0,"DPS_HKD_LY":0.01,"ORG_TYPE":"证券","PREMIUM_INCOME":null,"PREMIUM_INCOME_YOY":null,"NET_INTEREST_INCOME":null,"NET_INTEREST_INCOME_YOY":null,"FEE_COMMISSION_INCOME":null,"FEE_COMMISSION_INCOME_YOY":null,"ACCOUNTS_RECE_TDAYS":0.069546820674,"INVENTORY_TDAYS":null,"CURRENT_ASSETS_TDAYS":0.043177947241,"TOTAL_ASSETS_TDAYS":0.019409341189,"PREMIUM_EXPENSE":null,"LOAN_DEPOSIT":null,"LOAN_EQUITY":null,"LOAN_ASSETS":null,"DEPOSIT_EQUITY":null,"DEPOSIT_ASSETS":null,"EQUITY_MULTIPLIER":1.23497067504,"EQUITY_RATIO":0.234865704332}],"count":47},"success":true,"message":"ok","code":0}