{"version":"b2c576ddb3810a68a87767b73ed3ad74","result":{"pages":3,"data":[{"SECUCODE":"00331.HK","SECURITY_CODE":"00331","SECURITY_NAME_ABBR":"丰盛生活服务","ORG_CODE":"10483716","STD_REPORT_DATE":"2023-12-31 00:00:00","REPORT_DATE":"2024-06-30 00:00:00","DATE_TYPE_CODE":"001","REPORT_TYPE":"2023年年报","PER_NETCASH_OPERATE":0.296124096444,"PER_OI":17.133930260533,"BPS":1.719174752444,"BASIC_EPS":0.9948212,"DILUTED_EPS":0.9948212,"OPERATE_INCOME":7710268617.24,"OPERATE_INCOME_YOY":8.764203461,"GROSS_PROFIT":966723433.52,"GROSS_PROFIT_YOY":-0.293384701924,"HOLDER_PROFIT":457343948,"HOLDER_PROFIT_YOY":-4.1694237161,"GROSS_PROFIT_RATIO":12.538129104328,"EPS_TTM":1.030842099044,"OPERATE_INCOME_QOQ":5.763541484917,"NET_PROFIT_RATIO":5.9323080187,"ROE_AVG":59.382697249566,"GROSS_PROFIT_QOQ":-1.031426330461,"ROA":12.621997741592,"HOLDER_PROFIT_QOQ":-3.780552858751,"ROE_YEARLY":59.382697249566,"ROIC_YEARLY":15.216385596754,"TOTAL_ASSETS":3604786640.96,"TOTAL_LIABILITIES":2702262944,"TAX_EBT":15.325194048613,"OCF_SALES":1.728290543627,"TOTAL_PARENT_EQUITY":902225250.6,"DEBT_ASSET_RATIO":74.9631868165,"OPERATE_PROFIT":539071703.96,"PRETAX_PROFIT":540180610.16,"NETCASH_OPERATE":133255843.4,"NETCASH_INVEST":-1586237.84,"NETCASH_FINANCE":-274767790.08,"END_CASH":510198159.48,"DIVI_RATIO":0.386389729687,"DIVIDEND_RATE":7.724867724868,"CURRENT_RATIO":1.269575917665,"COMMON_ACS":900000000,"CURRENTDEBT_DEBT":96.970987570927,"ISSUED_COMMON_SHARES":450000000,"HK_COMMON_SHARES":450000000,"PER_SHARES":1000,"TOTAL_MARKET_CAP":2551500000,"HKSK_MARKET_CAP":2551500000,"PE_TTM":5.091798044303,"PB_TTM":3.010104465903,"REPORT_DATE_SQ":"2022-12-31 00:00:00","REPORT_TYPE_SQ":"2022年年报","OPERATE_INCOME_SQ":7161211353.82,"DPS_HKD":0.438,"OPERATE_INCOME_QOQ_SQ":9.670546456451,"NET_PROFIT_RATIO_SQ":6.7488592106,"HOLDER_PROFIT_SQ":482105185.96,"HOLDER_PROFIT_QOQ_SQ":12.719232140242,"ROE_AVG_SQ":93.99589791894,"PE_TTM_SQ":4.870893590003,"PB_TTM_SQ":4.562455665183,"ROA_SQ":13.779184472508,"START_DATE":"2023-07-01 00:00:00","FISCAL_YEAR":"6-30","CURRENCY":"HKD","IS_CNY_CODE":0,"DPS_HKD_LY":0.437,"ORG_TYPE":"一般企业","PREMIUM_INCOME":null,"PREMIUM_INCOME_YOY":null,"NET_INTEREST_INCOME":null,"NET_INTEREST_INCOME_YOY":null,"FEE_COMMISSION_INCOME":null,"FEE_COMMISSION_INCOME_YOY":null,"ACCOUNTS_RECE_TDAYS":3.559665031912,"INVENTORY_TDAYS":380.186215235792,"CURRENT_ASSETS_TDAYS":2.315292130831,"TOTAL_ASSETS_TDAYS":2.127916932091,"PREMIUM_EXPENSE":null,"LOAN_DEPOSIT":null,"LOAN_EQUITY":null,"LOAN_ASSETS":null,"DEPOSIT_EQUITY":null,"DEPOSIT_ASSETS":null,"EQUITY_MULTIPLIER":3.994118551234,"EQUITY_RATIO":2.995108973289},{"SECUCODE":"00331.HK","SECURITY_CODE":"00331","SECURITY_NAME_ABBR":"丰盛生活服务","ORG_CODE":"10483716","STD_REPORT_DATE":"2023-06-30 00:00:00","REPORT_DATE":"2023-12-31 00:00:00","DATE_TYPE_CODE":"002","REPORT_TYPE":"2023年中报","PER_NETCASH_OPERATE":-0.313451428889,"PER_OI":8.285917851244,"BPS":1.432594866267,"BASIC_EPS":0.5074832,"DILUTED_EPS":0.5074832,"OPERATE_INCOME":3728663033.06,"OPERATE_INCOME_YOY":10.8403073394,"GROSS_PROFIT":467931228.1,"GROSS_PROFIT_YOY":-2.092429012533,"HOLDER_PROFIT":231475774.6,"HOLDER_PROFIT_YOY":-8.6239030969,"GROSS_PROFIT_RATIO":12.549571359791,"EPS_TTM":1.071344857689,"OPERATE_INCOME_QOQ":9.595345861284,"NET_PROFIT_RATIO":6.208617621,"ROE_AVG":32.928266963511,"GROSS_PROFIT_QOQ":5.295941033627,"ROA":6.507658785486,"HOLDER_PROFIT_QOQ":-0.558124236276,"ROE_YEARLY":65.856533927021,"ROIC_YEARLY":15.515624354604,"TOTAL_ASSETS":3497738240.22,"TOTAL_LIABILITIES":2725117723.72,"TAX_EBT":15.473827013434,"OCF_SALES":-3.782941546323,"TOTAL_PARENT_EQUITY":772354087.82,"DEBT_ASSET_RATIO":77.9108537164,"OPERATE_PROFIT":272762251.58,"PRETAX_PROFIT":273877808.4,"NETCASH_OPERATE":-141053143,"NETCASH_INVEST":11203597.86,"NETCASH_FINANCE":-121728907.72,"END_CASH":397405562.82,"DIVI_RATIO":0.371782061716,"DIVIDEND_RATE":7.73851590106,"CURRENT_RATIO":1.213215973652,"COMMON_ACS":900000000,"CURRENTDEBT_DEBT":97.133774906672,"ISSUED_COMMON_SHARES":450000000,"HK_COMMON_SHARES":450000000,"PER_SHARES":1000,"TOTAL_MARKET_CAP":2547000000,"HKSK_MARKET_CAP":2547000000,"PE_TTM":5.082817800838,"PB_TTM":3.004795639684,"REPORT_DATE_SQ":"2022-06-30 00:00:00","REPORT_TYPE_SQ":"2022年中报","OPERATE_INCOME_SQ":3315923645.86,"DPS_HKD":0.438,"OPERATE_INCOME_QOQ_SQ":9.211597422908,"NET_PROFIT_RATIO_SQ":7.5450187736,"HOLDER_PROFIT_SQ":249702015.99,"HOLDER_PROFIT_QOQ_SQ":50.076156933213,"ROE_AVG_SQ":56.591649635746,"PE_TTM_SQ":4.741806304049,"PB_TTM_SQ":4.44154252918,"ROA_SQ":7.717935875893,"START_DATE":"2023-07-01 00:00:00","FISCAL_YEAR":"6-30","CURRENCY":"HKD","IS_CNY_CODE":0,"DPS_HKD_LY":0.437,"ORG_TYPE":"一般企业","PREMIUM_INCOME":null,"PREMIUM_INCOME_YOY":null,"NET_INTEREST_INCOME":null,"NET_INTEREST_INCOME_YOY":null,"FEE_COMMISSION_INCOME":null,"FEE_COMMISSION_INCOME_YOY":null,"ACCOUNTS_RECE_TDAYS":1.730904261484,"INVENTORY_TDAYS":180.061452234399,"CURRENT_ASSETS_TDAYS":1.143535800155,"TOTAL_ASSETS_TDAYS":1.048268087109,"PREMIUM_EXPENSE":null,"LOAN_DEPOSIT":null,"LOAN_EQUITY":null,"LOAN_ASSETS":null,"DEPOSIT_EQUITY":null,"DEPOSIT_ASSETS":null,"EQUITY_MULTIPLIER":4.527110224909,"EQUITY_RATIO":3.52832692504},{"SECUCODE":"00331.HK","SECURITY_CODE":"00331","SECURITY_NAME_ABBR":"丰盛生活服务","ORG_CODE":"10483716","STD_REPORT_DATE":"2022-12-31 00:00:00","REPORT_DATE":"2023-06-30 00:00:00","DATE_TYPE_CODE":"001","REPORT_TYPE":"2022年年报","PER_NETCASH_OPERATE":0.901516141689,"PER_OI":15.913803008489,"BPS":1.1437715088,"BASIC_EPS":1.0510572,"DILUTED_EPS":1.0510572,"OPERATE_INCOME":7161211353.82,"OPERATE_INCOME_YOY":11.4867441709,"GROSS_PROFIT":969567997.7,"GROSS_PROFIT_YOY":14.236255539183,"HOLDER_PROFIT":482105185.96,"HOLDER_PROFIT_YOY":3.9700955392,"GROSS_PROFIT_RATIO":13.539161879125,"EPS_TTM":1.077357852978,"OPERATE_INCOME_QOQ":9.670546456451,"NET_PROFIT_RATIO":6.7488592106,"ROE_AVG":93.99589791894,"GROSS_PROFIT_QOQ":8.490654452389,"ROA":13.779184472508,"HOLDER_PROFIT_QOQ":12.719232140242,"ROE_YEARLY":93.99589791894,"ROIC_YEARLY":17.29398891489,"TOTAL_ASSETS":3679100339.32,"TOTAL_LIABILITIES":3034248165.74,"TAX_EBT":15.143440831669,"OCF_SALES":5.664994980823,"TOTAL_PARENT_EQUITY":644604160.96,"DEBT_ASSET_RATIO":82.4725581228,"OPERATE_PROFIT":574316093.68,"PRETAX_PROFIT":569549457.08,"NETCASH_OPERATE":405682263.76,"NETCASH_INVEST":-22298086.3,"NETCASH_FINANCE":-389098609.5,"END_CASH":660090659.02,"DIVI_RATIO":0.369707055923,"DIVIDEND_RATE":7.73851590106,"CURRENT_RATIO":1.246990681072,"COMMON_ACS":900000000,"CURRENTDEBT_DEBT":88.99949650761,"ISSUED_COMMON_SHARES":450000000,"HK_COMMON_SHARES":450000000,"PER_SHARES":1000,"TOTAL_MARKET_CAP":2547000000,"HKSK_MARKET_CAP":2547000000,"PE_TTM":5.082817800838,"PB_TTM":3.004795639684,"REPORT_DATE_SQ":"2021-12-31 00:00:00","REPORT_TYPE_SQ":"2021年年报","OPERATE_INCOME_SQ":5958053142.65,"DPS_HKD":0.438,"OPERATE_INCOME_QOQ_SQ":1.607624005601,"NET_PROFIT_RATIO_SQ":7.2327931867,"HOLDER_PROFIT_SQ":430104982.65,"HOLDER_PROFIT_QOQ_SQ":-41.315225357483,"ROE_AVG_SQ":204.874859461309,"PE_TTM_SQ":4.741806304049,"PB_TTM_SQ":4.44154252918,"ROA_SQ":15.126936058178,"START_DATE":"2022-07-01 00:00:00","FISCAL_YEAR":"6-30","CURRENCY":"HKD","IS_CNY_CODE":0,"DPS_HKD_LY":0.486,"ORG_TYPE":"一般企业","PREMIUM_INCOME":null,"PREMIUM_INCOME_YOY":null,"NET_INTEREST_INCOME":null,"NET_INTEREST_INCOME_YOY":null,"FEE_COMMISSION_INCOME":null,"FEE_COMMISSION_INCOME_YOY":null,"ACCOUNTS_RECE_TDAYS":3.58368996633,"INVENTORY_TDAYS":299.769847115277,"CURRENT_ASSETS_TDAYS":2.252195955203,"TOTAL_ASSETS_TDAYS":2.046766041199,"PREMIUM_EXPENSE":null,"LOAN_DEPOSIT":null,"LOAN_EQUITY":null,"LOAN_ASSETS":null,"DEPOSIT_EQUITY":null,"DEPOSIT_ASSETS":null,"EQUITY_MULTIPLIER":5.705339130525,"EQUITY_RATIO":4.707149518274},{"SECUCODE":"00331.HK","SECURITY_CODE":"00331","SECURITY_NAME_ABBR":"丰盛生活服务","ORG_CODE":"10483716","STD_REPORT_DATE":"2022-06-30 00:00:00","REPORT_DATE":"2022-12-31 00:00:00","DATE_TYPE_CODE":"002","REPORT_TYPE":"2022年中报","PER_NETCASH_OPERATE":0.238302600511,"PER_OI":7.368719213022,"BPS":0.860625944111,"BASIC_EPS":0.5448947,"DILUTED_EPS":0.5448947,"OPERATE_INCOME":3315923645.86,"OPERATE_INCOME_YOY":10.777648097,"GROSS_PROFIT":477931607.72,"GROSS_PROFIT_YOY":17.75540470777,"HOLDER_PROFIT":249702015.99,"HOLDER_PROFIT_YOY":17.2072721784,"GROSS_PROFIT_RATIO":14.413227165731,"EPS_TTM":0.955788850333,"OPERATE_INCOME_QOQ":9.211597422908,"NET_PROFIT_RATIO":7.5450187736,"ROE_AVG":56.591649635746,"GROSS_PROFIT_QOQ":15.768686329834,"ROA":7.717935875893,"HOLDER_PROFIT_QOQ":50.076156933213,"ROE_YEARLY":113.183299271492,"ROIC_YEARLY":19.558313491911,"TOTAL_ASSETS":3255543953.48,"TOTAL_LIABILITIES":2721084433.62,"TAX_EBT":13.922976922581,"OCF_SALES":3.233975859604,"TOTAL_PARENT_EQUITY":513143417.85,"DEBT_ASSET_RATIO":83.5830961739,"OPERATE_PROFIT":293717001.97,"PRETAX_PROFIT":290654872.41,"NETCASH_OPERATE":107236170.23,"NETCASH_INVEST":-10752290.99,"NETCASH_FINANCE":-136197770.17,"END_CASH":607951522.57,"DIVI_RATIO":0.416730954605,"DIVIDEND_RATE":7.73851590106,"CURRENT_RATIO":1.231331661548,"COMMON_ACS":900000000,"CURRENTDEBT_DEBT":87.879119140334,"ISSUED_COMMON_SHARES":450000000,"HK_COMMON_SHARES":450000000,"PER_SHARES":1000,"TOTAL_MARKET_CAP":2547000000,"HKSK_MARKET_CAP":2547000000,"PE_TTM":5.082817800838,"PB_TTM":3.004795639684,"REPORT_DATE_SQ":"2021-06-30 00:00:00","REPORT_TYPE_SQ":"2021年中报","OPERATE_INCOME_SQ":2739747348.8,"DPS_HKD":0.438,"OPERATE_INCOME_QOQ_SQ":16.383355060446,"NET_PROFIT_RATIO_SQ":7.1302189848,"HOLDER_PROFIT_SQ":194995964.8,"HOLDER_PROFIT_QOQ_SQ":13.382318290001,"ROE_AVG_SQ":150.850716625976,"PE_TTM_SQ":4.741806304049,"PB_TTM_SQ":4.44154252918,"ROA_SQ":7.694917359605,"START_DATE":"2022-07-01 00:00:00","FISCAL_YEAR":"6-30","CURRENCY":"HKD","IS_CNY_CODE":0,"DPS_HKD_LY":0.486,"ORG_TYPE":"一般企业","PREMIUM_INCOME":null,"PREMIUM_INCOME_YOY":null,"NET_INTEREST_INCOME":null,"NET_INTEREST_INCOME_YOY":null,"FEE_COMMISSION_INCOME":null,"FEE_COMMISSION_INCOME_YOY":null,"ACCOUNTS_RECE_TDAYS":1.854949276595,"INVENTORY_TDAYS":143.121472171543,"CURRENT_ASSETS_TDAYS":1.134981103104,"TOTAL_ASSETS_TDAYS":1.024905064008,"PREMIUM_EXPENSE":null,"LOAN_DEPOSIT":null,"LOAN_EQUITY":null,"LOAN_ASSETS":null,"DEPOSIT_EQUITY":null,"DEPOSIT_ASSETS":null,"EQUITY_MULTIPLIER":6.091282562125,"EQUITY_RATIO":5.302775674335},{"SECUCODE":"00331.HK","SECURITY_CODE":"00331","SECURITY_NAME_ABBR":"丰盛生活服务","ORG_CODE":"10483716","STD_REPORT_DATE":"2021-12-31 00:00:00","REPORT_DATE":"2022-06-30 00:00:00","DATE_TYPE_CODE":"001","REPORT_TYPE":"2021年年报","PER_NETCASH_OPERATE":0.7882970382,"PER_OI":13.240118094778,"BPS":0.517967678356,"BASIC_EPS":0.940709,"DILUTED_EPS":0.940709,"OPERATE_INCOME":5958053142.65,"OPERATE_INCOME_YOY":7.9686136481,"GROSS_PROFIT":848739301.83,"GROSS_PROFIT_YOY":-10.137172376004,"HOLDER_PROFIT":430104982.65,"HOLDER_PROFIT_YOY":-14.3081318973,"GROSS_PROFIT_RATIO":14.245245577862,"EPS_TTM":0.636869220178,"OPERATE_INCOME_QOQ":1.607624005601,"NET_PROFIT_RATIO":7.2327931867,"ROE_AVG":204.874859461309,"GROSS_PROFIT_QOQ":-22.377258935141,"ROA":15.126936058178,"HOLDER_PROFIT_QOQ":-41.315225357483,"ROE_YEARLY":204.874859461309,"ROIC_YEARLY":19.024330459393,"TOTAL_ASSETS":3078088787.76,"TOTAL_LIABILITIES":2704564030.7,"TAX_EBT":14.406412588731,"OCF_SALES":5.953852016705,"TOTAL_PARENT_EQUITY":353581726.26,"DEBT_ASSET_RATIO":87.8650427972,"OPERATE_PROFIT":504981998.29,"PRETAX_PROFIT":503464891.23,"NETCASH_OPERATE":354733667.19,"NETCASH_INVEST":-9366896.07,"NETCASH_FINANCE":-164890894.28,"END_CASH":621982252.57,"DIVI_RATIO":0.625413801422,"DIVIDEND_RATE":7.73851590106,"CURRENT_RATIO":1.168662553886,"COMMON_ACS":900000000,"CURRENTDEBT_DEBT":87.800273831395,"ISSUED_COMMON_SHARES":450000000,"HK_COMMON_SHARES":450000000,"PER_SHARES":1000,"TOTAL_MARKET_CAP":2547000000,"HKSK_MARKET_CAP":2547000000,"PE_TTM":5.082817800838,"PB_TTM":3.004795639684,"REPORT_DATE_SQ":"2020-12-31 00:00:00","REPORT_TYPE_SQ":"2020年年报","OPERATE_INCOME_SQ":5369196731.28,"DPS_HKD":0.438,"OPERATE_INCOME_QOQ_SQ":3.449895841592,"NET_PROFIT_RATIO_SQ":9.0922446756,"HOLDER_PROFIT_SQ":488356904.88,"HOLDER_PROFIT_QOQ_SQ":52.322103157486,"ROE_AVG_SQ":147.859242855955,"PE_TTM_SQ":4.741806304049,"PB_TTM_SQ":4.44154252918,"ROA_SQ":18.806807494512,"START_DATE":"2021-07-01 00:00:00","FISCAL_YEAR":"6-30","CURRENCY":"HKD","IS_CNY_CODE":0,"DPS_HKD_LY":0.37,"ORG_TYPE":"一般企业","PREMIUM_INCOME":null,"PREMIUM_INCOME_YOY":null,"NET_INTEREST_INCOME":null,"NET_INTEREST_INCOME_YOY":null,"FEE_COMMISSION_INCOME":null,"FEE_COMMISSION_INCOME_YOY":null,"ACCOUNTS_RECE_TDAYS":3.779328448242,"INVENTORY_TDAYS":281.098993130705,"CURRENT_ASSETS_TDAYS":2.32851405193,"TOTAL_ASSETS_TDAYS":2.095467212791,"PREMIUM_EXPENSE":null,"LOAN_DEPOSIT":null,"LOAN_EQUITY":null,"LOAN_ASSETS":null,"DEPOSIT_EQUITY":null,"DEPOSIT_ASSETS":null,"EQUITY_MULTIPLIER":8.240655350389,"EQUITY_RATIO":7.649049229177},{"SECUCODE":"00331.HK","SECURITY_CODE":"00331","SECURITY_NAME_ABBR":"丰盛生活服务","ORG_CODE":"10483716","STD_REPORT_DATE":"2021-06-30 00:00:00","REPORT_DATE":"2021-12-31 00:00:00","DATE_TYPE_CODE":"002","REPORT_TYPE":"2021年中报","PER_NETCASH_OPERATE":0.272440672,"PER_OI":6.088327441778,"BPS":0.177673564444,"BASIC_EPS":0.425152,"DILUTED_EPS":0.425152,"OPERATE_INCOME":2739747348.8,"OPERATE_INCOME_YOY":6.2889766235,"GROSS_PROFIT":405868086.4,"GROSS_PROFIT_YOY":-34.242294982894,"HOLDER_PROFIT":194995964.8,"HOLDER_PROFIT_YOY":-49.4080587168,"GROSS_PROFIT_RATIO":14.814069865886,"EPS_TTM":1.0852375664,"OPERATE_INCOME_QOQ":16.383355060446,"NET_PROFIT_RATIO":7.1302189848,"ROE_AVG":150.850716625976,"GROSS_PROFIT_QOQ":14.244155115587,"ROA":7.694917359605,"HOLDER_PROFIT_QOQ":13.382318290001,"ROE_YEARLY":301.701433251951,"ROIC_YEARLY":19.094924990743,"TOTAL_ASSETS":2574311712,"TOTAL_LIABILITIES":2360530569.6,"TAX_EBT":15.141193977902,"OCF_SALES":4.474803213285,"TOTAL_PARENT_EQUITY":195152944,"DEBT_ASSET_RATIO":91.6955999771,"OPERATE_PROFIT":230416849.6,"PRETAX_PROFIT":230205908.8,"NETCASH_OPERATE":122598302.4,"NETCASH_INVEST":-4735539.2,"NETCASH_FINANCE":-80675862.4,"END_CASH":460750304,"DIVI_RATIO":0.367022679948,"DIVIDEND_RATE":7.73851590106,"CURRENT_RATIO":1.172039326024,"COMMON_ACS":900000000,"CURRENTDEBT_DEBT":83.48777651009,"ISSUED_COMMON_SHARES":450000000,"HK_COMMON_SHARES":450000000,"PER_SHARES":1000,"TOTAL_MARKET_CAP":2547000000,"HKSK_MARKET_CAP":2547000000,"PE_TTM":5.082817800838,"PB_TTM":3.004795639684,"REPORT_DATE_SQ":"2020-06-30 00:00:00","REPORT_TYPE_SQ":"2020年中报","OPERATE_INCOME_SQ":2653430853.24,"DPS_HKD":0.438,"OPERATE_INCOME_QOQ_SQ":4.042666317056,"NET_PROFIT_RATIO_SQ":11.9294264769,"HOLDER_PROFIT_SQ":396761720.6,"HOLDER_PROFIT_QOQ_SQ":25.648822831708,"ROE_AVG_SQ":45.91021367101,"PE_TTM_SQ":4.741806304049,"PB_TTM_SQ":4.44154252918,"ROA_SQ":10.365283521176,"START_DATE":"2021-07-01 00:00:00","FISCAL_YEAR":"6-30","CURRENCY":"HKD","IS_CNY_CODE":0,"DPS_HKD_LY":0.37,"ORG_TYPE":"一般企业","PREMIUM_INCOME":null,"PREMIUM_INCOME_YOY":null,"NET_INTEREST_INCOME":null,"NET_INTEREST_INCOME_YOY":null,"FEE_COMMISSION_INCOME":null,"FEE_COMMISSION_INCOME_YOY":null,"ACCOUNTS_RECE_TDAYS":1.974687654412,"INVENTORY_TDAYS":154.471116642766,"CURRENT_ASSETS_TDAYS":1.204498281028,"TOTAL_ASSETS_TDAYS":1.081157215578,"PREMIUM_EXPENSE":null,"LOAN_DEPOSIT":null,"LOAN_EQUITY":null,"LOAN_ASSETS":null,"DEPOSIT_EQUITY":null,"DEPOSIT_ASSETS":null,"EQUITY_MULTIPLIER":12.041809128202,"EQUITY_RATIO":12.095797896854},{"SECUCODE":"00331.HK","SECURITY_CODE":"00331","SECURITY_NAME_ABBR":"丰盛生活服务","ORG_CODE":"10483716","STD_REPORT_DATE":"2020-12-31 00:00:00","REPORT_DATE":"2021-06-30 00:00:00","DATE_TYPE_CODE":"001","REPORT_TYPE":"2020年年报","PER_NETCASH_OPERATE":0.997188709867,"PER_OI":11.931548291733,"BPS":-0.117204939733,"BASIC_EPS":1.0733832,"DILUTED_EPS":1.0733832,"OPERATE_INCOME":5369196731.28,"OPERATE_INCOME_YOY":14.0849166721,"GROSS_PROFIT":944483190.96,"GROSS_PROFIT_YOY":9.67055145461,"HOLDER_PROFIT":488356904.88,"HOLDER_PROFIT_YOY":42.3984802056,"GROSS_PROFIT_RATIO":17.590772665446,"EPS_TTM":0.957148859511,"OPERATE_INCOME_QOQ":3.449895841592,"NET_PROFIT_RATIO":9.0922446756,"ROE_AVG":147.859242855955,"GROSS_PROFIT_QOQ":19.028734606543,"ROA":18.806807494512,"HOLDER_PROFIT_QOQ":52.322103157486,"ROE_YEARLY":147.859242855955,"ROIC_YEARLY":23.625065285712,"TOTAL_ASSETS":2538031218,"TOTAL_LIABILITIES":2455227608.88,"TAX_EBT":9.224547011615,"OCF_SALES":8.357580135325,"TOTAL_PARENT_EQUITY":64497849.12,"DEBT_ASSET_RATIO":96.7374865789,"OPERATE_PROFIT":539533985.28,"PRETAX_PROFIT":537789113.52,"NETCASH_OPERATE":454021955.76,"NETCASH_INVEST":-420676349.76,"NETCASH_FINANCE":-318724083.6,"END_CASH":430413349.92,"DIVI_RATIO":0.416138823175,"DIVIDEND_RATE":7.73851590106,"CURRENT_RATIO":1.008617683374,"COMMON_ACS":900000000,"CURRENTDEBT_DEBT":92.031344309897,"ISSUED_COMMON_SHARES":450000000,"HK_COMMON_SHARES":450000000,"PER_SHARES":1000,"TOTAL_MARKET_CAP":2547000000,"HKSK_MARKET_CAP":2547000000,"PE_TTM":5.082817800838,"PB_TTM":3.004795639684,"REPORT_DATE_SQ":"2019-12-31 00:00:00","REPORT_TYPE_SQ":"2019年年报","OPERATE_INCOME_SQ":5166495195.84,"DPS_HKD":0.438,"OPERATE_INCOME_QOQ_SQ":-1.174366135287,"NET_PROFIT_RATIO_SQ":6.3412833649,"HOLDER_PROFIT_SQ":376484343.84,"HOLDER_PROFIT_QOQ_SQ":3.361676462289,"ROE_AVG_SQ":47.665776162724,"PE_TTM_SQ":4.741806304049,"PB_TTM_SQ":4.44154252918,"ROA_SQ":10.530890391829,"START_DATE":"2020-07-01 00:00:00","FISCAL_YEAR":"6-30","CURRENCY":"HKD","IS_CNY_CODE":0,"DPS_HKD_LY":0.433,"ORG_TYPE":"一般企业","PREMIUM_INCOME":null,"PREMIUM_INCOME_YOY":null,"NET_INTEREST_INCOME":null,"NET_INTEREST_INCOME_YOY":null,"FEE_COMMISSION_INCOME":null,"FEE_COMMISSION_INCOME_YOY":null,"ACCOUNTS_RECE_TDAYS":3.702539264672,"INVENTORY_TDAYS":149.332453418329,"CURRENT_ASSETS_TDAYS":2.397227159114,"TOTAL_ASSETS_TDAYS":2.067697790618,"PREMIUM_EXPENSE":null,"LOAN_DEPOSIT":null,"LOAN_EQUITY":null,"LOAN_ASSETS":null,"DEPOSIT_EQUITY":null,"DEPOSIT_ASSETS":null,"EQUITY_MULTIPLIER":30.651214904821,"EQUITY_RATIO":38.066813736873},{"SECUCODE":"00331.HK","SECURITY_CODE":"00331","SECURITY_NAME_ABBR":"丰盛生活服务","ORG_CODE":"10483716","STD_REPORT_DATE":"2020-06-30 00:00:00","REPORT_DATE":"2020-12-31 00:00:00","DATE_TYPE_CODE":"002","REPORT_TYPE":"2020年中报","PER_NETCASH_OPERATE":0.783254498044,"PER_OI":5.8965130072,"BPS":1.077850941778,"BASIC_EPS":0.8753056,"DILUTED_EPS":0.8753056,"OPERATE_INCOME":2653430853.24,"OPERATE_INCOME_YOY":13.9852070126,"GROSS_PROFIT":617217535.64,"GROSS_PROFIT_YOY":84.781995009877,"HOLDER_PROFIT":396761720.6,"HOLDER_PROFIT_YOY":128.4878109746,"GROSS_PROFIT_RATIO":20.077641749658,"EPS_TTM":0.628371614933,"OPERATE_INCOME_QOQ":4.042666317056,"NET_PROFIT_RATIO":11.9294264769,"ROE_AVG":45.91021367101,"GROSS_PROFIT_QOQ":29.686674187649,"ROA":10.365283521176,"HOLDER_PROFIT_QOQ":25.648822831708,"ROE_YEARLY":91.820427342021,"ROIC_YEARLY":27.272700902819,"TOTAL_ASSETS":2658161711.68,"TOTAL_LIABILITIES":2054432298.68,"TAX_EBT":6.378060646981,"OCF_SALES":15.179759499062,"TOTAL_PARENT_EQUITY":603619999.8,"DEBT_ASSET_RATIO":77.287709384,"OPERATE_PROFIT":424833781.16,"PRETAX_PROFIT":423824654.8,"NETCASH_OPERATE":396963714.2,"NETCASH_INVEST":-1439204.4,"NETCASH_FINANCE":-314457745,"END_CASH":804697053.84,"DIVI_RATIO":0.633871407515,"DIVIDEND_RATE":7.73851590106,"CURRENT_RATIO":1.120058225124,"COMMON_ACS":900000000,"CURRENTDEBT_DEBT":96.843121245627,"ISSUED_COMMON_SHARES":450000000,"HK_COMMON_SHARES":450000000,"PER_SHARES":1000,"TOTAL_MARKET_CAP":2547000000,"HKSK_MARKET_CAP":2547000000,"PE_TTM":5.082817800838,"PB_TTM":3.004795639684,"REPORT_DATE_SQ":"2019-06-30 00:00:00","REPORT_TYPE_SQ":"2019年中报","OPERATE_INCOME_SQ":2168088582.08,"DPS_HKD":0.438,"OPERATE_INCOME_QOQ_SQ":3.993690185481,"NET_PROFIT_RATIO_SQ":5.9509919284,"HOLDER_PROFIT_SQ":129012922.94,"HOLDER_PROFIT_QOQ_SQ":9.914123655961,"ROE_AVG_SQ":24.153990641823,"PE_TTM_SQ":4.741806304049,"PB_TTM_SQ":4.44154252918,"ROA_SQ":5.130728064074,"START_DATE":"2020-07-01 00:00:00","FISCAL_YEAR":"6-30","CURRENCY":"HKD","IS_CNY_CODE":0,"DPS_HKD_LY":0.433,"ORG_TYPE":"一般企业","PREMIUM_INCOME":null,"PREMIUM_INCOME_YOY":null,"NET_INTEREST_INCOME":null,"NET_INTEREST_INCOME_YOY":null,"FEE_COMMISSION_INCOME":null,"FEE_COMMISSION_INCOME_YOY":null,"ACCOUNTS_RECE_TDAYS":1.930756044998,"INVENTORY_TDAYS":56.956228608331,"CURRENT_ASSETS_TDAYS":1.042588610537,"TOTAL_ASSETS_TDAYS":0.868981335875,"PREMIUM_EXPENSE":null,"LOAN_DEPOSIT":null,"LOAN_EQUITY":null,"LOAN_ASSETS":null,"DEPOSIT_EQUITY":null,"DEPOSIT_ASSETS":null,"EQUITY_MULTIPLIER":4.402902450075,"EQUITY_RATIO":3.403519266029},{"SECUCODE":"00331.HK","SECURITY_CODE":"00331","SECURITY_NAME_ABBR":"丰盛生活服务","ORG_CODE":"10483716","STD_REPORT_DATE":"2019-12-31 00:00:00","REPORT_DATE":"2020-06-30 00:00:00","DATE_TYPE_CODE":"001","REPORT_TYPE":"2019年年报","PER_NETCASH_OPERATE":0.952920906667,"PER_OI":11.4811004352,"BPS":0.6165171936,"BASIC_EPS":0.8312304,"DILUTED_EPS":0.8312304,"OPERATE_INCOME":5166495195.84,"OPERATE_INCOME_YOY":-9.9690689882,"GROSS_PROFIT":861200366.4,"GROSS_PROFIT_YOY":27.23321214211,"HOLDER_PROFIT":376484343.84,"HOLDER_PROFIT_YOY":0.7121617313,"GROSS_PROFIT_RATIO":15.574712537732,"EPS_TTM":0.500101473911,"OPERATE_INCOME_QOQ":-1.174366135287,"NET_PROFIT_RATIO":6.3412833649,"ROE_AVG":47.665776162724,"GROSS_PROFIT_QOQ":1.505335633416,"ROA":10.530890391829,"HOLDER_PROFIT_QOQ":3.361676462289,"ROE_YEARLY":47.665776162724,"ROIC_YEARLY":13.0864119246,"TOTAL_ASSETS":3416367905.28,"TOTAL_LIABILITIES":2761927423.2,"TAX_EBT":14.228311376448,"OCF_SALES":9.615701706575,"TOTAL_PARENT_EQUITY":654355532.16,"DEBT_ASSET_RATIO":86.0645158056,"OPERATE_PROFIT":441559636.32,"PRETAX_PROFIT":438965466.72,"NETCASH_OPERATE":398982371.04,"NETCASH_INVEST":-562484477.28,"NETCASH_FINANCE":243049942.08,"END_CASH":817359813.6,"DIVI_RATIO":0.796451961809,"DIVIDEND_RATE":7.73851590106,"CURRENT_RATIO":1.198658257775,"COMMON_ACS":900000000,"CURRENTDEBT_DEBT":81.455457054459,"ISSUED_COMMON_SHARES":450000000,"HK_COMMON_SHARES":450000000,"PER_SHARES":1000,"TOTAL_MARKET_CAP":2547000000,"HKSK_MARKET_CAP":2547000000,"PE_TTM":5.082817800838,"PB_TTM":3.004795639684,"REPORT_DATE_SQ":"2018-12-31 00:00:00","REPORT_TYPE_SQ":"2018年年报","OPERATE_INCOME_SQ":4770143717.58,"DPS_HKD":0.438,"OPERATE_INCOME_QOQ_SQ":0.410967611082,"NET_PROFIT_RATIO_SQ":5.0200009451,"HOLDER_PROFIT_SQ":270384612.84,"HOLDER_PROFIT_QOQ_SQ":-0.773845686671,"ROE_AVG_SQ":35.123778709636,"PE_TTM_SQ":4.741806304049,"PB_TTM_SQ":4.44154252918,"ROA_SQ":9.418886673074,"START_DATE":"2019-07-01 00:00:00","FISCAL_YEAR":"6-30","CURRENCY":"HKD","IS_CNY_CODE":0,"DPS_HKD_LY":0.247,"ORG_TYPE":"一般企业","PREMIUM_INCOME":null,"PREMIUM_INCOME_YOY":null,"NET_INTEREST_INCOME":null,"NET_INTEREST_INCOME_YOY":null,"FEE_COMMISSION_INCOME":null,"FEE_COMMISSION_INCOME_YOY":null,"ACCOUNTS_RECE_TDAYS":3.382651555407,"INVENTORY_TDAYS":89.185294976794,"CURRENT_ASSETS_TDAYS":2.015105909148,"TOTAL_ASSETS_TDAYS":1.660827039048,"PREMIUM_EXPENSE":null,"LOAN_DEPOSIT":null,"LOAN_EQUITY":null,"LOAN_ASSETS":null,"DEPOSIT_EQUITY":null,"DEPOSIT_ASSETS":null,"EQUITY_MULTIPLIER":7.175925759378,"EQUITY_RATIO":4.220836055413}],"count":22},"success":true,"message":"ok","code":0}