{"version":"000530fa6a61967fa18b5896698f3bbf","result":{"pages":6,"data":[{"SECUCODE":"00332.HK","SECURITY_CODE":"00332","SECURITY_NAME_ABBR":"元亨燃气","ORG_CODE":"10008834","STD_REPORT_DATE":"2024-06-30 00:00:00","REPORT_DATE":"2024-09-30 00:00:00","DATE_TYPE_CODE":"002","REPORT_TYPE":"2024年中报","PER_NETCASH_OPERATE":-0.002637030108,"PER_OI":0.081361720965,"BPS":0.167549263554,"BASIC_EPS":-0.0177,"DILUTED_EPS":-0.0177,"OPERATE_INCOME":532563000,"OPERATE_INCOME_YOY":-83.2855235547,"GROSS_PROFIT":30316000,"GROSS_PROFIT_YOY":-33.84830234791,"HOLDER_PROFIT":-116029000,"HOLDER_PROFIT_YOY":-509.1579095846,"GROSS_PROFIT_RATIO":5.692472064338,"EPS_TTM":-0.025193942133,"OPERATE_INCOME_QOQ":0,"NET_PROFIT_RATIO":-22.0189911804,"ROE_AVG":-9.973190855495,"GROSS_PROFIT_QOQ":0,"ROA":-3.583330682537,"HOLDER_PROFIT_QOQ":0,"ROE_YEARLY":-19.946381710989,"ROIC_YEARLY":-7.394579884919,"TOTAL_ASSETS":3189722000,"TOTAL_LIABILITIES":1990116000,"TAX_EBT":-3.228984399124,"OCF_SALES":-3.241118891098,"TOTAL_PARENT_EQUITY":1096714000,"DEBT_ASSET_RATIO":62.3915187593,"OPERATE_PROFIT":-34216000,"PRETAX_PROFIT":-68009000,"NETCASH_OPERATE":-17261000,"NETCASH_INVEST":-2048000,"NETCASH_FINANCE":14152000,"END_CASH":5252000,"DIVI_RATIO":null,"DIVIDEND_RATE":null,"CURRENT_RATIO":1.348454132321,"COMMON_ACS":10000000000,"CURRENTDEBT_DEBT":98.252664668793,"ISSUED_COMMON_SHARES":6545621131,"HK_COMMON_SHARES":6545621131,"PER_SHARES":4000,"TOTAL_MARKET_CAP":170186149.406,"HKSK_MARKET_CAP":170186149.406,"PE_TTM":-0.498380758024,"PB_TTM":0.139938185956,"REPORT_DATE_SQ":"2023-06-30 00:00:00","REPORT_TYPE_SQ":"2023年中报","OPERATE_INCOME_SQ":3186238000,"DPS_HKD":null,"OPERATE_INCOME_QOQ_SQ":0,"NET_PROFIT_RATIO_SQ":0.8289314026,"HOLDER_PROFIT_SQ":28358000,"HOLDER_PROFIT_QOQ_SQ":0,"ROE_AVG_SQ":2.013945925715,"PE_TTM_SQ":-6.752148512769,"PB_TTM_SQ":0.16048745297,"ROA_SQ":0.775558343618,"START_DATE":"2024-04-01 00:00:00","FISCAL_YEAR":"3-31","CURRENCY":"HKD","IS_CNY_CODE":0,"DPS_HKD_LY":null,"ORG_TYPE":"一般企业","PREMIUM_INCOME":null,"PREMIUM_INCOME_YOY":null,"NET_INTEREST_INCOME":null,"NET_INTEREST_INCOME_YOY":null,"FEE_COMMISSION_INCOME":null,"FEE_COMMISSION_INCOME_YOY":null,"ACCOUNTS_RECE_TDAYS":0.203181425654,"INVENTORY_TDAYS":25.014792309991,"CURRENT_ASSETS_TDAYS":0.200669005958,"TOTAL_ASSETS_TDAYS":0.164471756051,"PREMIUM_EXPENSE":null,"LOAN_DEPOSIT":null,"LOAN_EQUITY":null,"LOAN_ASSETS":null,"DEPOSIT_EQUITY":null,"DEPOSIT_ASSETS":null,"EQUITY_MULTIPLIER":2.658974696691,"EQUITY_RATIO":1.814617119869},{"SECUCODE":"00332.HK","SECURITY_CODE":"00332","SECURITY_NAME_ABBR":"元亨燃气","ORG_CODE":"10008834","STD_REPORT_DATE":"2023-12-31 00:00:00","REPORT_DATE":"2024-03-31 00:00:00","DATE_TYPE_CODE":"001","REPORT_TYPE":"2023年年报","PER_NETCASH_OPERATE":-0.062086544862,"PER_OI":0.759267745648,"BPS":0.187927772687,"BASIC_EPS":-0.0252,"DILUTED_EPS":-0.0252,"OPERATE_INCOME":4969879000,"OPERATE_INCOME_YOY":-33.2615127365,"GROSS_PROFIT":76726000,"GROSS_PROFIT_YOY":-69.516279624148,"HOLDER_PROFIT":-164910000,"HOLDER_PROFIT_YOY":-702.1909804638,"GROSS_PROFIT_RATIO":1.543820282144,"EPS_TTM":-0.005166507398,"OPERATE_INCOME_QOQ":0,"NET_PROFIT_RATIO":-3.4383533281,"ROE_AVG":-12.569043613995,"GROSS_PROFIT_QOQ":0,"ROA":-4.649763493929,"HOLDER_PROFIT_QOQ":0,"ROE_YEARLY":-12.569043613995,"ROIC_YEARLY":-4.824208628374,"TOTAL_ASSETS":3286320000,"TOTAL_LIABILITIES":1975441000,"TAX_EBT":1.688557505883,"OCF_SALES":-8.177160852407,"TOTAL_PARENT_EQUITY":1230104000,"DEBT_ASSET_RATIO":60.1110360525,"OPERATE_PROFIT":-133844000,"PRETAX_PROFIT":-173817000,"NETCASH_OPERATE":-406395000,"NETCASH_INVEST":308508000,"NETCASH_FINANCE":35861000,"END_CASH":10688000,"DIVI_RATIO":null,"DIVIDEND_RATE":null,"CURRENT_RATIO":1.367171237662,"COMMON_ACS":10000000000,"CURRENTDEBT_DEBT":98.904750888536,"ISSUED_COMMON_SHARES":6545621131,"HK_COMMON_SHARES":6545621131,"PER_SHARES":4000,"TOTAL_MARKET_CAP":235642360.716,"HKSK_MARKET_CAP":235642360.716,"PE_TTM":-0.690065664957,"PB_TTM":0.19376056517,"REPORT_DATE_SQ":"2022-12-31 00:00:00","REPORT_TYPE_SQ":"2022年年报","OPERATE_INCOME_SQ":7446796000,"DPS_HKD":null,"OPERATE_INCOME_QOQ_SQ":0,"NET_PROFIT_RATIO_SQ":-0.3795860663,"HOLDER_PROFIT_SQ":27385000,"HOLDER_PROFIT_QOQ_SQ":0,"ROE_AVG_SQ":1.983988987901,"PE_TTM_SQ":11.299087766719,"PB_TTM_SQ":0.228061117378,"ROA_SQ":0.756335117909,"START_DATE":"2023-04-01 00:00:00","FISCAL_YEAR":"3-31","CURRENCY":"HKD","IS_CNY_CODE":0,"DPS_HKD_LY":null,"ORG_TYPE":"一般企业","PREMIUM_INCOME":null,"PREMIUM_INCOME_YOY":null,"NET_INTEREST_INCOME":null,"NET_INTEREST_INCOME_YOY":null,"FEE_COMMISSION_INCOME":null,"FEE_COMMISSION_INCOME_YOY":null,"ACCOUNTS_RECE_TDAYS":1.84220482814,"INVENTORY_TDAYS":226.220665742025,"CURRENT_ASSETS_TDAYS":1.696714319781,"TOTAL_ASSETS_TDAYS":1.401295369804,"PREMIUM_EXPENSE":null,"LOAN_DEPOSIT":null,"LOAN_EQUITY":null,"LOAN_ASSETS":null,"DEPOSIT_EQUITY":null,"DEPOSIT_ASSETS":null,"EQUITY_MULTIPLIER":2.506959070976,"EQUITY_RATIO":1.605913808914},{"SECUCODE":"00332.HK","SECURITY_CODE":"00332","SECURITY_NAME_ABBR":"元亨燃气","ORG_CODE":"10008834","STD_REPORT_DATE":"2023-06-30 00:00:00","REPORT_DATE":"2023-09-30 00:00:00","DATE_TYPE_CODE":"002","REPORT_TYPE":"2023年中报","PER_NETCASH_OPERATE":-0.041536165103,"PER_OI":0.486773972436,"BPS":0.217275178556,"BASIC_EPS":0.0043,"DILUTED_EPS":0.0043,"OPERATE_INCOME":3186238000,"OPERATE_INCOME_YOY":-5.7241196607,"GROSS_PROFIT":45828000,"GROSS_PROFIT_YOY":-63.188883087674,"HOLDER_PROFIT":28358000,"HOLDER_PROFIT_YOY":-68.3366643963,"GROSS_PROFIT_RATIO":1.441119400808,"EPS_TTM":0.004183712967,"OPERATE_INCOME_QOQ":0,"NET_PROFIT_RATIO":0.8289314026,"ROE_AVG":2.013945925715,"GROSS_PROFIT_QOQ":0,"ROA":0.775558343618,"HOLDER_PROFIT_QOQ":0,"ROE_YEARLY":4.02789185143,"ROIC_YEARLY":1.611491723759,"TOTAL_ASSETS":3505981000,"TOTAL_LIABILITIES":1992337000,"TAX_EBT":-21.021989528796,"OCF_SALES":-8.526725048243,"TOTAL_PARENT_EQUITY":1422201000,"DEBT_ASSET_RATIO":56.8268053934,"OPERATE_PROFIT":45826000,"PRETAX_PROFIT":23875000,"NETCASH_OPERATE":-271880000,"NETCASH_INVEST":-1335000,"NETCASH_FINANCE":219177000,"END_CASH":17506000,"DIVI_RATIO":null,"DIVIDEND_RATE":null,"CURRENT_RATIO":1.460436660232,"COMMON_ACS":10000000000,"CURRENTDEBT_DEBT":99.407529951007,"ISSUED_COMMON_SHARES":6545621131,"HK_COMMON_SHARES":6545621131,"PER_SHARES":4000,"TOTAL_MARKET_CAP":235642360.716,"HKSK_MARKET_CAP":235642360.716,"PE_TTM":-0.690065664957,"PB_TTM":0.19376056517,"REPORT_DATE_SQ":"2022-06-30 00:00:00","REPORT_TYPE_SQ":"2022年中报","OPERATE_INCOME_SQ":3382162000,"DPS_HKD":null,"OPERATE_INCOME_QOQ_SQ":0,"NET_PROFIT_RATIO_SQ":3.0305171662,"HOLDER_PROFIT_SQ":89561000,"HOLDER_PROFIT_QOQ_SQ":0,"ROE_AVG_SQ":6.348397377169,"PE_TTM_SQ":11.299087766719,"PB_TTM_SQ":0.228061117378,"ROA_SQ":2.531713913868,"START_DATE":"2023-04-01 00:00:00","FISCAL_YEAR":"3-31","CURRENCY":"HKD","IS_CNY_CODE":0,"DPS_HKD_LY":null,"ORG_TYPE":"一般企业","PREMIUM_INCOME":null,"PREMIUM_INCOME_YOY":null,"NET_INTEREST_INCOME":null,"NET_INTEREST_INCOME_YOY":null,"FEE_COMMISSION_INCOME":null,"FEE_COMMISSION_INCOME_YOY":null,"ACCOUNTS_RECE_TDAYS":1.153037253602,"INVENTORY_TDAYS":135.796906058249,"CURRENT_ASSETS_TDAYS":1.048956360856,"TOTAL_ASSETS_TDAYS":0.872034924466,"PREMIUM_EXPENSE":null,"LOAN_DEPOSIT":null,"LOAN_EQUITY":null,"LOAN_ASSETS":null,"DEPOSIT_EQUITY":null,"DEPOSIT_ASSETS":null,"EQUITY_MULTIPLIER":2.316252038127,"EQUITY_RATIO":1.400882856924},{"SECUCODE":"00332.HK","SECURITY_CODE":"00332","SECURITY_NAME_ABBR":"元亨燃气","ORG_CODE":"10008834","STD_REPORT_DATE":"2022-12-31 00:00:00","REPORT_DATE":"2023-03-31 00:00:00","DATE_TYPE_CODE":"001","REPORT_TYPE":"2022年年报","PER_NETCASH_OPERATE":0.017724826671,"PER_OI":1.137675989943,"BPS":0.212960996688,"BASIC_EPS":0.0042,"DILUTED_EPS":0.0042,"OPERATE_INCOME":7446796000,"OPERATE_INCOME_YOY":-5.7610468998,"GROSS_PROFIT":251695000,"GROSS_PROFIT_YOY":-16.596527271522,"HOLDER_PROFIT":27385000,"HOLDER_PROFIT_YOY":-57.4707645478,"GROSS_PROFIT_RATIO":3.379909963963,"EPS_TTM":0.017587788492,"OPERATE_INCOME_QOQ":0,"NET_PROFIT_RATIO":-0.3795860663,"ROE_AVG":1.983988987901,"GROSS_PROFIT_QOQ":0,"ROA":0.756335117909,"HOLDER_PROFIT_QOQ":0,"ROE_YEARLY":1.983988987901,"ROIC_YEARLY":0.805166709348,"TOTAL_ASSETS":3806944000,"TOTAL_LIABILITIES":2319612000,"TAX_EBT":-332.945320876091,"OCF_SALES":1.557985474558,"TOTAL_PARENT_EQUITY":1393962000,"DEBT_ASSET_RATIO":60.9310775257,"OPERATE_PROFIT":58406000,"PRETAX_PROFIT":-6529000,"NETCASH_OPERATE":116020000,"NETCASH_INVEST":-252709000,"NETCASH_FINANCE":86265000,"END_CASH":71662000,"DIVI_RATIO":null,"DIVIDEND_RATE":null,"CURRENT_RATIO":1.474969894824,"COMMON_ACS":10000000000,"CURRENTDEBT_DEBT":93.151699508366,"ISSUED_COMMON_SHARES":6545621131,"HK_COMMON_SHARES":6545621131,"PER_SHARES":4000,"TOTAL_MARKET_CAP":235642360.716,"HKSK_MARKET_CAP":235642360.716,"PE_TTM":-0.690065664957,"PB_TTM":0.19376056517,"REPORT_DATE_SQ":"2021-12-31 00:00:00","REPORT_TYPE_SQ":"2021年年报","OPERATE_INCOME_SQ":7902036000,"DPS_HKD":null,"OPERATE_INCOME_QOQ_SQ":0,"NET_PROFIT_RATIO_SQ":1.2111435584,"HOLDER_PROFIT_SQ":64391000,"HOLDER_PROFIT_QOQ_SQ":0,"ROE_AVG_SQ":4.826401407348,"PE_TTM_SQ":11.299087766719,"PB_TTM_SQ":0.228061117378,"ROA_SQ":1.841576541213,"START_DATE":"2022-04-01 00:00:00","FISCAL_YEAR":"3-31","CURRENCY":"HKD","IS_CNY_CODE":0,"DPS_HKD_LY":null,"ORG_TYPE":"一般企业","PREMIUM_INCOME":null,"PREMIUM_INCOME_YOY":null,"NET_INTEREST_INCOME":null,"NET_INTEREST_INCOME_YOY":null,"FEE_COMMISSION_INCOME":null,"FEE_COMMISSION_INCOME_YOY":null,"ACCOUNTS_RECE_TDAYS":2.891301629998,"INVENTORY_TDAYS":353.099131373608,"CURRENT_ASSETS_TDAYS":2.555529817676,"TOTAL_ASSETS_TDAYS":2.056700139018,"PREMIUM_EXPENSE":null,"LOAN_DEPOSIT":null,"LOAN_EQUITY":null,"LOAN_ASSETS":null,"DEPOSIT_EQUITY":null,"DEPOSIT_ASSETS":null,"EQUITY_MULTIPLIER":2.559579165916,"EQUITY_RATIO":1.664042491833},{"SECUCODE":"00332.HK","SECURITY_CODE":"00332","SECURITY_NAME_ABBR":"元亨燃气","ORG_CODE":"10008834","STD_REPORT_DATE":"2022-06-30 00:00:00","REPORT_DATE":"2022-09-30 00:00:00","DATE_TYPE_CODE":"002","REPORT_TYPE":"2022年中报","PER_NETCASH_OPERATE":-0.011922627118,"PER_OI":0.516706043981,"BPS":0.222269662555,"BASIC_EPS":0.01368,"DILUTED_EPS":0.01368,"OPERATE_INCOME":3382162000,"OPERATE_INCOME_YOY":-6.8505880085,"GROSS_PROFIT":124495000,"GROSS_PROFIT_YOY":-24.433990895296,"HOLDER_PROFIT":89561000,"HOLDER_PROFIT_YOY":130.6549228669,"GROSS_PROFIT_RATIO":3.680929535605,"EPS_TTM":0.009837263525,"OPERATE_INCOME_QOQ":0,"NET_PROFIT_RATIO":3.0305171662,"ROE_AVG":6.348397377169,"GROSS_PROFIT_QOQ":0,"ROA":2.531713913868,"HOLDER_PROFIT_QOQ":0,"ROE_YEARLY":12.696794754337,"ROIC_YEARLY":5.444274692688,"TOTAL_ASSETS":3640573000,"TOTAL_LIABILITIES":2021932000,"TAX_EBT":9.935503145759,"OCF_SALES":-2.30742938984,"TOTAL_PARENT_EQUITY":1454893000,"DEBT_ASSET_RATIO":55.5388396277,"OPERATE_PROFIT":156097000,"PRETAX_PROFIT":113804000,"NETCASH_OPERATE":-78041000,"NETCASH_INVEST":-6000000,"NETCASH_FINANCE":19049000,"END_CASH":57034000,"DIVI_RATIO":null,"DIVIDEND_RATE":null,"CURRENT_RATIO":1.5975936305,"COMMON_ACS":10000000000,"CURRENTDEBT_DEBT":88.878557735869,"ISSUED_COMMON_SHARES":6545621131,"HK_COMMON_SHARES":6545621131,"PER_SHARES":4000,"TOTAL_MARKET_CAP":235642360.716,"HKSK_MARKET_CAP":235642360.716,"PE_TTM":-0.690065664957,"PB_TTM":0.19376056517,"REPORT_DATE_SQ":"2021-06-30 00:00:00","REPORT_TYPE_SQ":"2021年中报","OPERATE_INCOME_SQ":3630900000,"DPS_HKD":null,"OPERATE_INCOME_QOQ_SQ":0,"NET_PROFIT_RATIO_SQ":1.9327164064,"HOLDER_PROFIT_SQ":38829000,"HOLDER_PROFIT_QOQ_SQ":0,"ROE_AVG_SQ":2.938364273474,"PE_TTM_SQ":11.299087766719,"PB_TTM_SQ":0.228061117378,"ROA_SQ":1.111226856953,"START_DATE":"2022-04-01 00:00:00","FISCAL_YEAR":"3-31","CURRENCY":"HKD","IS_CNY_CODE":0,"DPS_HKD_LY":null,"ORG_TYPE":"一般企业","PREMIUM_INCOME":null,"PREMIUM_INCOME_YOY":null,"NET_INTEREST_INCOME":null,"NET_INTEREST_INCOME_YOY":null,"FEE_COMMISSION_INCOME":null,"FEE_COMMISSION_INCOME_YOY":null,"ACCOUNTS_RECE_TDAYS":1.334325415808,"INVENTORY_TDAYS":144.387332683273,"CURRENT_ASSETS_TDAYS":1.227219379994,"TOTAL_ASSETS_TDAYS":0.956070900767,"PREMIUM_EXPENSE":null,"LOAN_DEPOSIT":null,"LOAN_EQUITY":null,"LOAN_ASSETS":null,"DEPOSIT_EQUITY":null,"DEPOSIT_ASSETS":null,"EQUITY_MULTIPLIER":2.249154074312,"EQUITY_RATIO":1.38974618752},{"SECUCODE":"00332.HK","SECURITY_CODE":"00332","SECURITY_NAME_ABBR":"元亨燃气","ORG_CODE":"10008834","STD_REPORT_DATE":"2021-12-31 00:00:00","REPORT_DATE":"2022-03-31 00:00:00","DATE_TYPE_CODE":"001","REPORT_TYPE":"2021年年报","PER_NETCASH_OPERATE":0.042341589049,"PER_OI":1.207224775442,"BPS":0.208786602929,"BASIC_EPS":0.0098,"DILUTED_EPS":0.0098,"OPERATE_INCOME":7902036000,"OPERATE_INCOME_YOY":9.9247154066,"GROSS_PROFIT":301780000,"GROSS_PROFIT_YOY":-0.25021732879,"HOLDER_PROFIT":64391000,"HOLDER_PROFIT_YOY":2624.9682606856,"GROSS_PROFIT_RATIO":3.819015757458,"EPS_TTM":0.012737370271,"OPERATE_INCOME_QOQ":0,"NET_PROFIT_RATIO":1.2111435584,"ROE_AVG":4.826401407348,"GROSS_PROFIT_QOQ":0,"ROA":1.841576541213,"HOLDER_PROFIT_QOQ":0,"ROE_YEARLY":4.826401407348,"ROIC_YEARLY":1.96507476415,"TOTAL_ASSETS":3434555000,"TOTAL_LIABILITIES":1917105000,"TAX_EBT":21.459931886258,"OCF_SALES":3.507349245182,"TOTAL_PARENT_EQUITY":1366638000,"DEBT_ASSET_RATIO":55.8181482026,"OPERATE_PROFIT":197994000,"PRETAX_PROFIT":121855000,"NETCASH_OPERATE":276364000,"NETCASH_INVEST":-35607000,"NETCASH_FINANCE":-163864000,"END_CASH":123337000,"DIVI_RATIO":null,"DIVIDEND_RATE":null,"CURRENT_RATIO":1.431317767109,"COMMON_ACS":10000000000,"CURRENTDEBT_DEBT":96.244389326615,"ISSUED_COMMON_SHARES":6545621131,"HK_COMMON_SHARES":6545621131,"PER_SHARES":4000,"TOTAL_MARKET_CAP":235642360.716,"HKSK_MARKET_CAP":235642360.716,"PE_TTM":-0.690065664957,"PB_TTM":0.19376056517,"REPORT_DATE_SQ":"2020-12-31 00:00:00","REPORT_TYPE_SQ":"2020年年报","OPERATE_INCOME_SQ":7188589000,"DPS_HKD":null,"OPERATE_INCOME_QOQ_SQ":0,"NET_PROFIT_RATIO_SQ":0.7299346228,"HOLDER_PROFIT_SQ":2363000,"HOLDER_PROFIT_QOQ_SQ":0,"ROE_AVG_SQ":0.181741270574,"PE_TTM_SQ":11.299087766719,"PB_TTM_SQ":0.228061117378,"ROA_SQ":0.059030026499,"START_DATE":"2021-04-01 00:00:00","FISCAL_YEAR":"3-31","CURRENCY":"HKD","IS_CNY_CODE":0,"DPS_HKD_LY":null,"ORG_TYPE":"一般企业","PREMIUM_INCOME":null,"PREMIUM_INCOME_YOY":null,"NET_INTEREST_INCOME":null,"NET_INTEREST_INCOME_YOY":null,"FEE_COMMISSION_INCOME":null,"FEE_COMMISSION_INCOME_YOY":null,"ACCOUNTS_RECE_TDAYS":3.182817856405,"INVENTORY_TDAYS":390.788801192894,"CURRENT_ASSETS_TDAYS":2.935419941076,"TOTAL_ASSETS_TDAYS":2.259974860683,"PREMIUM_EXPENSE":null,"LOAN_DEPOSIT":null,"LOAN_EQUITY":null,"LOAN_ASSETS":null,"DEPOSIT_EQUITY":null,"DEPOSIT_ASSETS":null,"EQUITY_MULTIPLIER":2.263372763517,"EQUITY_RATIO":1.402789180456},{"SECUCODE":"00332.HK","SECURITY_CODE":"00332","SECURITY_NAME_ABBR":"元亨燃气","ORG_CODE":"10008834","STD_REPORT_DATE":"2021-06-30 00:00:00","REPORT_DATE":"2021-09-30 00:00:00","DATE_TYPE_CODE":"002","REPORT_TYPE":"2021年中报","PER_NETCASH_OPERATE":0.033840333189,"PER_OI":0.554706715732,"BPS":0.204908743289,"BASIC_EPS":0.00593,"DILUTED_EPS":0.00593,"OPERATE_INCOME":3630900000,"OPERATE_INCOME_YOY":6.8422407768,"GROSS_PROFIT":164750000,"GROSS_PROFIT_YOY":117.635402906209,"HOLDER_PROFIT":38829000,"HOLDER_PROFIT_YOY":192.0511118487,"GROSS_PROFIT_RATIO":4.537442507367,"EPS_TTM":0.000361004701,"OPERATE_INCOME_QOQ":0,"NET_PROFIT_RATIO":1.9327164064,"ROE_AVG":2.938364273474,"GROSS_PROFIT_QOQ":0,"ROA":1.111226856953,"HOLDER_PROFIT_QOQ":0,"ROE_YEARLY":5.876728546948,"ROIC_YEARLY":2.350789438793,"TOTAL_ASSETS":3430017000,"TOTAL_LIABILITIES":1937918000,"TAX_EBT":14.94764144083,"OCF_SALES":6.100581123138,"TOTAL_PARENT_EQUITY":1341255000,"DEBT_ASSET_RATIO":56.4987870323,"OPERATE_PROFIT":116806000,"PRETAX_PROFIT":82508000,"NETCASH_OPERATE":221506000,"NETCASH_INVEST":-91490000,"NETCASH_FINANCE":-111301000,"END_CASH":65337000,"DIVI_RATIO":null,"DIVIDEND_RATE":null,"CURRENT_RATIO":1.366389874872,"COMMON_ACS":10000000000,"CURRENTDEBT_DEBT":99.204610308589,"ISSUED_COMMON_SHARES":6545621131,"HK_COMMON_SHARES":6545621131,"PER_SHARES":4000,"TOTAL_MARKET_CAP":235642360.716,"HKSK_MARKET_CAP":235642360.716,"PE_TTM":-0.690065664957,"PB_TTM":0.19376056517,"REPORT_DATE_SQ":"2020-06-30 00:00:00","REPORT_TYPE_SQ":"2020年中报","OPERATE_INCOME_SQ":3398375000,"DPS_HKD":null,"OPERATE_INCOME_QOQ_SQ":0,"NET_PROFIT_RATIO_SQ":-1.0543862876,"HOLDER_PROFIT_SQ":-42182000,"HOLDER_PROFIT_QOQ_SQ":0,"ROE_AVG_SQ":-3.30150043654,"PE_TTM_SQ":11.299087766719,"PB_TTM_SQ":0.228061117378,"ROA_SQ":-1.039561472741,"START_DATE":"2021-04-01 00:00:00","FISCAL_YEAR":"3-31","CURRENCY":"HKD","IS_CNY_CODE":0,"DPS_HKD_LY":null,"ORG_TYPE":"一般企业","PREMIUM_INCOME":null,"PREMIUM_INCOME_YOY":null,"NET_INTEREST_INCOME":null,"NET_INTEREST_INCOME_YOY":null,"FEE_COMMISSION_INCOME":null,"FEE_COMMISSION_INCOME_YOY":null,"ACCOUNTS_RECE_TDAYS":1.44730081527,"INVENTORY_TDAYS":165.761220439492,"CURRENT_ASSETS_TDAYS":1.352320974085,"TOTAL_ASSETS_TDAYS":1.039108294035,"PREMIUM_EXPENSE":null,"LOAN_DEPOSIT":null,"LOAN_EQUITY":null,"LOAN_ASSETS":null,"DEPOSIT_EQUITY":null,"DEPOSIT_ASSETS":null,"EQUITY_MULTIPLIER":2.298786474627,"EQUITY_RATIO":1.44485425963},{"SECUCODE":"00332.HK","SECURITY_CODE":"00332","SECURITY_NAME_ABBR":"元亨燃气","ORG_CODE":"10008834","STD_REPORT_DATE":"2020-12-31 00:00:00","REPORT_DATE":"2021-03-31 00:00:00","DATE_TYPE_CODE":"001","REPORT_TYPE":"2020年年报","PER_NETCASH_OPERATE":0.007508989447,"PER_OI":1.098228702232,"BPS":0.198857216748,"BASIC_EPS":0.0004,"DILUTED_EPS":0.0004,"OPERATE_INCOME":7188589000,"OPERATE_INCOME_YOY":11.4987897913,"GROSS_PROFIT":302537000,"GROSS_PROFIT_YOY":124.876054558293,"HOLDER_PROFIT":2363000,"HOLDER_PROFIT_YOY":104.4019299193,"GROSS_PROFIT_RATIO":4.208572781112,"EPS_TTM":-0.018330422369,"OPERATE_INCOME_QOQ":0,"NET_PROFIT_RATIO":0.7299346228,"ROE_AVG":0.181741270574,"GROSS_PROFIT_QOQ":0,"ROA":0.059030026499,"HOLDER_PROFIT_QOQ":0,"ROE_YEARLY":0.181741270574,"ROIC_YEARLY":0.061636167675,"TOTAL_ASSETS":3558475000,"TOTAL_LIABILITIES":2137333000,"TAX_EBT":33.602439672517,"OCF_SALES":0.683736405016,"TOTAL_PARENT_EQUITY":1301644000,"DEBT_ASSET_RATIO":60.0631731289,"OPERATE_PROFIT":171144000,"PRETAX_PROFIT":79027000,"NETCASH_OPERATE":48044000,"NETCASH_INVEST":468085000,"NETCASH_FINANCE":-500194000,"END_CASH":45841000,"DIVI_RATIO":null,"DIVIDEND_RATE":null,"CURRENT_RATIO":1.411078061789,"COMMON_ACS":10000000000,"CURRENTDEBT_DEBT":90.949608694574,"ISSUED_COMMON_SHARES":6545621131,"HK_COMMON_SHARES":6545621131,"PER_SHARES":4000,"TOTAL_MARKET_CAP":235642360.716,"HKSK_MARKET_CAP":235642360.716,"PE_TTM":-0.690065664957,"PB_TTM":0.19376056517,"REPORT_DATE_SQ":"2019-12-31 00:00:00","REPORT_TYPE_SQ":"2019年年报","OPERATE_INCOME_SQ":6447235000,"DPS_HKD":null,"OPERATE_INCOME_QOQ_SQ":0,"NET_PROFIT_RATIO_SQ":-0.6890240545,"HOLDER_PROFIT_SQ":-53681000,"HOLDER_PROFIT_QOQ_SQ":0,"ROE_AVG_SQ":-4.050061998444,"PE_TTM_SQ":11.299087766719,"PB_TTM_SQ":0.228061117378,"ROA_SQ":-1.186451017151,"START_DATE":"2020-04-01 00:00:00","FISCAL_YEAR":"3-31","CURRENCY":"HKD","IS_CNY_CODE":0,"DPS_HKD_LY":null,"ORG_TYPE":"一般企业","PREMIUM_INCOME":null,"PREMIUM_INCOME_YOY":null,"NET_INTEREST_INCOME":null,"NET_INTEREST_INCOME_YOY":null,"FEE_COMMISSION_INCOME":null,"FEE_COMMISSION_INCOME_YOY":null,"ACCOUNTS_RECE_TDAYS":2.591148284226,"INVENTORY_TDAYS":346.476741553247,"CURRENT_ASSETS_TDAYS":2.270429666033,"TOTAL_ASSETS_TDAYS":1.795779090805,"PREMIUM_EXPENSE":null,"LOAN_DEPOSIT":null,"LOAN_EQUITY":null,"LOAN_ASSETS":null,"DEPOSIT_EQUITY":null,"DEPOSIT_ASSETS":null,"EQUITY_MULTIPLIER":2.503954566114,"EQUITY_RATIO":1.642025776633},{"SECUCODE":"00332.HK","SECURITY_CODE":"00332","SECURITY_NAME_ABBR":"元亨燃气","ORG_CODE":"10008834","STD_REPORT_DATE":"2020-06-30 00:00:00","REPORT_DATE":"2020-09-30 00:00:00","DATE_TYPE_CODE":"002","REPORT_TYPE":"2020年中报","PER_NETCASH_OPERATE":0.007596528886,"PER_OI":0.519182967053,"BPS":0.191970628127,"BASIC_EPS":-0.00644,"DILUTED_EPS":-0.00644,"OPERATE_INCOME":3398375000,"OPERATE_INCOME_YOY":-12.3555722217,"GROSS_PROFIT":75700000,"GROSS_PROFIT_YOY":-15.835584759236,"HOLDER_PROFIT":-42182000,"HOLDER_PROFIT_YOY":-274.8766634882,"GROSS_PROFIT_RATIO":2.227535219039,"EPS_TTM":-0.008201055167,"OPERATE_INCOME_QOQ":0,"NET_PROFIT_RATIO":-1.0543862876,"ROE_AVG":-3.30150043654,"GROSS_PROFIT_QOQ":0,"ROA":-1.039561472741,"HOLDER_PROFIT_QOQ":0,"ROE_YEARLY":-6.603000873079,"ROIC_YEARLY":-2.179706412428,"TOTAL_ASSETS":3667725000,"TOTAL_LIABILITIES":2261009000,"TAX_EBT":-17.922727571908,"OCF_SALES":1.463169897377,"TOTAL_PARENT_EQUITY":1256567000,"DEBT_ASSET_RATIO":61.6460885154,"OPERATE_PROFIT":15531000,"PRETAX_PROFIT":-30386000,"NETCASH_OPERATE":49724000,"NETCASH_INVEST":-14177000,"NETCASH_FINANCE":-13763000,"END_CASH":51157000,"DIVI_RATIO":null,"DIVIDEND_RATE":null,"CURRENT_RATIO":1.412513524159,"COMMON_ACS":10000000000,"CURRENTDEBT_DEBT":88.706856098317,"ISSUED_COMMON_SHARES":6545621131,"HK_COMMON_SHARES":6545621131,"PER_SHARES":4000,"TOTAL_MARKET_CAP":235642360.716,"HKSK_MARKET_CAP":235642360.716,"PE_TTM":-0.690065664957,"PB_TTM":0.19376056517,"REPORT_DATE_SQ":"2019-06-30 00:00:00","REPORT_TYPE_SQ":"2019年中报","OPERATE_INCOME_SQ":3877457000,"DPS_HKD":null,"OPERATE_INCOME_QOQ_SQ":0,"NET_PROFIT_RATIO_SQ":0.6287626143,"HOLDER_PROFIT_SQ":24121000,"HOLDER_PROFIT_QOQ_SQ":0,"ROE_AVG_SQ":1.768384905422,"PE_TTM_SQ":11.299087766719,"PB_TTM_SQ":0.228061117378,"ROA_SQ":0.546704710781,"START_DATE":"2020-04-01 00:00:00","FISCAL_YEAR":"3-31","CURRENCY":"HKD","IS_CNY_CODE":0,"DPS_HKD_LY":null,"ORG_TYPE":"一般企业","PREMIUM_INCOME":null,"PREMIUM_INCOME_YOY":null,"NET_INTEREST_INCOME":null,"NET_INTEREST_INCOME_YOY":null,"FEE_COMMISSION_INCOME":null,"FEE_COMMISSION_INCOME_YOY":null,"ACCOUNTS_RECE_TDAYS":1.246844708282,"INVENTORY_TDAYS":169.183278596706,"CURRENT_ASSETS_TDAYS":1.05828702541,"TOTAL_ASSETS_TDAYS":0.837518306369,"PREMIUM_EXPENSE":null,"LOAN_DEPOSIT":null,"LOAN_EQUITY":null,"LOAN_ASSETS":null,"DEPOSIT_EQUITY":null,"DEPOSIT_ASSETS":null,"EQUITY_MULTIPLIER":2.607296000048,"EQUITY_RATIO":1.799354113231}],"count":47},"success":true,"message":"ok","code":0}