{"version":"6e5f574682bc6fa43fb964ad808dc23a","result":{"pages":9,"data":[{"SECUCODE":"00338.HK","SECURITY_CODE":"00338","SECURITY_NAME_ABBR":"上海石油化工股份","ORG_CODE":"10003998","STD_REPORT_DATE":"2024-09-30 00:00:00","REPORT_DATE":"2024-09-30 00:00:00","DATE_TYPE_CODE":"004","REPORT_TYPE":"2024年三季报","PER_NETCASH_OPERATE":0.976616282885,"PER_OI":6.18209635345,"BPS":2.316753062171,"BASIC_EPS":0.003,"DILUTED_EPS":0.003,"OPERATE_INCOME":65995285000,"OPERATE_INCOME_YOY":-5.5310051428,"GROSS_PROFIT":10972587000,"GROSS_PROFIT_YOY":0.636529601213,"HOLDER_PROFIT":34539000,"HOLDER_PROFIT_YOY":104.8007772647,"GROSS_PROFIT_RATIO":16.626319592377,"EPS_TTM":-0.055470667955,"OPERATE_INCOME_QOQ":-2.692464505619,"NET_PROFIT_RATIO":0.0604831088,"ROE_AVG":0.139391580912,"GROSS_PROFIT_QOQ":-187.078024354695,"ROA":0.081504603438,"HOLDER_PROFIT_QOQ":-57.23313525254,"ROE_YEARLY":0.185855441216,"ROIC_YEARLY":0.108700160839,"TOTAL_ASSETS":45189264000,"TOTAL_LIABILITIES":20353797000,"TAX_EBT":29.706788764639,"OCF_SALES":15.797493714892,"TOTAL_PARENT_EQUITY":24731866000,"DEBT_ASSET_RATIO":45.0412226231,"OPERATE_PROFIT":-68529000,"PRETAX_PROFIT":56785000,"NETCASH_OPERATE":10425601000,"NETCASH_INVEST":-1404314000,"NETCASH_FINANCE":-2402408000,"END_CASH":11516382000,"DIVI_RATIO":null,"DIVIDEND_RATE":null,"CURRENT_RATIO":1.205446924286,"COMMON_ACS":null,"CURRENTDEBT_DEBT":99.326219083348,"ISSUED_COMMON_SHARES":10675227500,"HK_COMMON_SHARES":3346414000,"PER_SHARES":2000,"TOTAL_MARKET_CAP":13344034375,"HKSK_MARKET_CAP":4183017500,"PE_TTM":-20.122923593008,"PB_TTM":0.486559192866,"REPORT_DATE_SQ":"2023-09-30 00:00:00","REPORT_TYPE_SQ":"2023年三季报","OPERATE_INCOME_SQ":69859201000,"DPS_HKD":null,"OPERATE_INCOME_QOQ_SQ":16.01846794511,"NET_PROFIT_RATIO_SQ":-1.0258605735,"HOLDER_PROFIT_SQ":-719446000,"HOLDER_PROFIT_QOQ_SQ":53.824609979113,"ROE_AVG_SQ":-2.778822516224,"PE_TTM_SQ":-6.639061311436,"PB_TTM_SQ":0.418837875854,"ROA_SQ":-1.788400016784,"START_DATE":"2024-01-01 00:00:00","FISCAL_YEAR":"12-31","CURRENCY":"HKD","IS_CNY_CODE":0,"DPS_HKD_LY":null,"ORG_TYPE":"一般企业","PREMIUM_INCOME":null,"PREMIUM_INCOME_YOY":null,"NET_INTEREST_INCOME":null,"NET_INTEREST_INCOME_YOY":null,"FEE_COMMISSION_INCOME":null,"FEE_COMMISSION_INCOME_YOY":null,"ACCOUNTS_RECE_TDAYS":34.307841825391,"INVENTORY_TDAYS":8.046828137422,"CURRENT_ASSETS_TDAYS":3.314269232151,"TOTAL_ASSETS_TDAYS":1.557346632136,"PREMIUM_EXPENSE":null,"LOAN_DEPOSIT":null,"LOAN_EQUITY":null,"LOAN_ASSETS":null,"DEPOSIT_EQUITY":null,"DEPOSIT_ASSETS":null,"EQUITY_MULTIPLIER":1.81954557166,"EQUITY_RATIO":0.822978621993},{"SECUCODE":"00338.HK","SECURITY_CODE":"00338","SECURITY_NAME_ABBR":"上海石油化工股份","ORG_CODE":"10003998","STD_REPORT_DATE":"2024-06-30 00:00:00","REPORT_DATE":"2024-06-30 00:00:00","DATE_TYPE_CODE":"002","REPORT_TYPE":"2024年中报","PER_NETCASH_OPERATE":0.023469382737,"PER_OI":4.073886387901,"BPS":2.320273549205,"BASIC_EPS":0.0003,"DILUTED_EPS":0.0003,"OPERATE_INCOME":43489664000,"OPERATE_INCOME_YOY":-3.1175602082,"GROSS_PROFIT":-65928000,"GROSS_PROFIT_YOY":93.953118507981,"HOLDER_PROFIT":2845000,"HOLDER_PROFIT_YOY":100.2943038498,"GROSS_PROFIT_RATIO":-0.15159464097,"EPS_TTM":-0.035279248147,"OPERATE_INCOME_QOQ":-0.762934269536,"NET_PROFIT_RATIO":0.014557482,"ROE_AVG":0.011473074861,"GROSS_PROFIT_QOQ":62.407926461946,"ROA":0.00690384509,"HOLDER_PROFIT_QOQ":65.729463921728,"ROE_YEARLY":0.022946149722,"ROIC_YEARLY":0.016920604598,"TOTAL_ASSETS":42853609000,"TOTAL_LIABILITIES":17982451000,"TAX_EBT":49.058577405858,"OCF_SALES":0.576093206882,"TOTAL_PARENT_EQUITY":24769448000,"DEBT_ASSET_RATIO":41.9625124222,"OPERATE_PROFIT":-167366000,"PRETAX_PROFIT":12428000,"NETCASH_OPERATE":250541000,"NETCASH_INVEST":-586449000,"NETCASH_FINANCE":1435106000,"END_CASH":6006110000,"DIVI_RATIO":null,"DIVIDEND_RATE":null,"CURRENT_RATIO":1.234953429244,"COMMON_ACS":null,"CURRENTDEBT_DEBT":99.642807312529,"ISSUED_COMMON_SHARES":10675227500,"HK_COMMON_SHARES":3346414000,"PER_SHARES":2000,"TOTAL_MARKET_CAP":13237282100,"HKSK_MARKET_CAP":4149553360,"PE_TTM":-19.961940204264,"PB_TTM":0.482666719323,"REPORT_DATE_SQ":"2023-06-30 00:00:00","REPORT_TYPE_SQ":"2023年中报","OPERATE_INCOME_SQ":44889109000,"DPS_HKD":null,"OPERATE_INCOME_QOQ_SQ":3.899714716918,"NET_PROFIT_RATIO_SQ":-2.1477303103,"HOLDER_PROFIT_SQ":-966688000,"HOLDER_PROFIT_QOQ_SQ":-5.059841077388,"ROE_AVG_SQ":-3.754949359119,"PE_TTM_SQ":-6.700534101357,"PB_TTM_SQ":0.422716004334,"ROA_SQ":-2.336730219491,"START_DATE":"2024-01-01 00:00:00","FISCAL_YEAR":"12-31","CURRENCY":"HKD","IS_CNY_CODE":0,"DPS_HKD_LY":null,"ORG_TYPE":"一般企业","PREMIUM_INCOME":null,"PREMIUM_INCOME_YOY":null,"NET_INTEREST_INCOME":null,"NET_INTEREST_INCOME_YOY":null,"FEE_COMMISSION_INCOME":null,"FEE_COMMISSION_INCOME_YOY":null,"ACCOUNTS_RECE_TDAYS":51.466662090765,"INVENTORY_TDAYS":5.73029434736,"CURRENT_ASSETS_TDAYS":2.314326494124,"TOTAL_ASSETS_TDAYS":1.055345881426,"PREMIUM_EXPENSE":null,"LOAN_DEPOSIT":null,"LOAN_EQUITY":null,"LOAN_ASSETS":null,"DEPOSIT_EQUITY":null,"DEPOSIT_ASSETS":null,"EQUITY_MULTIPLIER":1.723024275748,"EQUITY_RATIO":0.725993207438},{"SECUCODE":"00338.HK","SECURITY_CODE":"00338","SECURITY_NAME_ABBR":"上海石油化工股份","ORG_CODE":"10003998","STD_REPORT_DATE":"2024-03-31 00:00:00","REPORT_DATE":"2024-03-31 00:00:00","DATE_TYPE_CODE":"003","REPORT_TYPE":"2024年一季报","PER_NETCASH_OPERATE":-0.066509122293,"PER_OI":1.970710284491,"BPS":2.330376940445,"BASIC_EPS":0.008,"DILUTED_EPS":0.008,"OPERATE_INCOME":21282263000,"OPERATE_INCOME_YOY":-3.1656461693,"GROSS_PROFIT":3542791000,"GROSS_PROFIT_YOY":5.256510661156,"HOLDER_PROFIT":84061000,"HOLDER_PROFIT_YOY":151.5262777212,"GROSS_PROFIT_RATIO":16.64668367269,"EPS_TTM":-0.101760806305,"OPERATE_INCOME_QOQ":-0.748664544791,"NET_PROFIT_RATIO":0.4003098731,"ROE_AVG":0.338258444042,"GROSS_PROFIT_QOQ":11.527623306874,"ROA":0.212518830768,"HOLDER_PROFIT_QOQ":18.363744821331,"ROE_YEARLY":1.353033776169,"ROIC_YEARLY":1.04058244938,"TOTAL_ASSETS":39544994000,"TOTAL_LIABILITIES":14560818000,"TAX_EBT":32.731938412949,"OCF_SALES":-3.374880763385,"TOTAL_PARENT_EQUITY":24877304000,"DEBT_ASSET_RATIO":36.8208881256,"OPERATE_PROFIT":83452000,"PRETAX_PROFIT":126650000,"NETCASH_OPERATE":-718251000,"NETCASH_INVEST":-259552000,"NETCASH_FINANCE":1416191000,"END_CASH":5344773000,"DIVI_RATIO":null,"DIVIDEND_RATE":null,"CURRENT_RATIO":1.285431325498,"COMMON_ACS":null,"CURRENTDEBT_DEBT":99.029415792437,"ISSUED_COMMON_SHARES":10675227500,"HK_COMMON_SHARES":3346414000,"PER_SHARES":2000,"TOTAL_MARKET_CAP":13237282100,"HKSK_MARKET_CAP":4149553360,"PE_TTM":-19.961940204264,"PB_TTM":0.482666719323,"REPORT_DATE_SQ":"2023-03-31 00:00:00","REPORT_TYPE_SQ":"2023年一季报","OPERATE_INCOME_SQ":21978009000,"DPS_HKD":null,"OPERATE_INCOME_QOQ_SQ":-4.885864631383,"NET_PROFIT_RATIO_SQ":-0.7386747362,"HOLDER_PROFIT_SQ":-163142000,"HOLDER_PROFIT_QOQ_SQ":-13.247622407205,"ROE_AVG_SQ":-0.623568629119,"PE_TTM_SQ":-6.700534101357,"PB_TTM_SQ":0.422716004334,"ROA_SQ":-0.399003920959,"START_DATE":"2024-01-01 00:00:00","FISCAL_YEAR":"12-31","CURRENCY":"HKD","IS_CNY_CODE":0,"DPS_HKD_LY":null,"ORG_TYPE":"一般企业","PREMIUM_INCOME":null,"PREMIUM_INCOME_YOY":null,"NET_INTEREST_INCOME":null,"NET_INTEREST_INCOME_YOY":null,"FEE_COMMISSION_INCOME":null,"FEE_COMMISSION_INCOME_YOY":null,"ACCOUNTS_RECE_TDAYS":11.094988653348,"INVENTORY_TDAYS":2.389013550446,"CURRENT_ASSETS_TDAYS":1.252262452891,"TOTAL_ASSETS_TDAYS":0.538047566513,"PREMIUM_EXPENSE":null,"LOAN_DEPOSIT":null,"LOAN_EQUITY":null,"LOAN_ASSETS":null,"DEPOSIT_EQUITY":null,"DEPOSIT_ASSETS":null,"EQUITY_MULTIPLIER":1.582801610108,"EQUITY_RATIO":0.585305304787},{"SECUCODE":"00338.HK","SECURITY_CODE":"00338","SECURITY_NAME_ABBR":"上海石油化工股份","ORG_CODE":"10003998","STD_REPORT_DATE":"2023-12-31 00:00:00","REPORT_DATE":"2023-12-31 00:00:00","DATE_TYPE_CODE":"001","REPORT_TYPE":"2023年年报","PER_NETCASH_OPERATE":0.061451195081,"PER_OI":8.605347826021,"BPS":2.324158056585,"BASIC_EPS":-0.125,"DILUTED_EPS":-0.125,"OPERATE_INCOME":92931608000,"OPERATE_INCOME_YOY":12.722040869,"GROSS_PROFIT":-1534809000,"GROSS_PROFIT_YOY":57.5007261773,"HOLDER_PROFIT":-1346147000,"HOLDER_PROFIT_YOY":52.7012673341,"GROSS_PROFIT_RATIO":-1.651546802031,"EPS_TTM":-0.12465148736,"OPERATE_INCOME_QOQ":-1.68443087072,"NET_PROFIT_RATIO":-1.4519430246,"ROE_AVG":-5.275011349734,"GROSS_PROFIT_QOQ":-296.703303745133,"ROA":-3.336136770041,"HOLDER_PROFIT_QOQ":13.909073350925,"ROE_YEARLY":-5.275011349734,"ROIC_YEARLY":-3.799994534929,"TOTAL_ASSETS":39658244000,"TOTAL_LIABILITIES":14715337000,"TAX_EBT":18.490498107112,"OCF_SALES":0.714104720969,"TOTAL_PARENT_EQUITY":24824929000,"DEBT_ASSET_RATIO":36.9913344202,"OPERATE_PROFIT":-1752954000,"PRETAX_PROFIT":-1655407000,"NETCASH_OPERATE":663629000,"NETCASH_INVEST":1972675000,"NETCASH_FINANCE":1378192000,"END_CASH":4906368000,"DIVI_RATIO":null,"DIVIDEND_RATE":null,"CURRENT_RATIO":1.060539811368,"COMMON_ACS":null,"CURRENTDEBT_DEBT":99.030073181471,"ISSUED_COMMON_SHARES":10675227500,"HK_COMMON_SHARES":3346414000,"PER_SHARES":2000,"TOTAL_MARKET_CAP":13237282100,"HKSK_MARKET_CAP":4149553360,"PE_TTM":-19.961940204264,"PB_TTM":0.482666719323,"REPORT_DATE_SQ":"2022-12-31 00:00:00","REPORT_TYPE_SQ":"2022年年报","OPERATE_INCOME_SQ":82443156000,"DPS_HKD":null,"OPERATE_INCOME_QOQ_SQ":-3.137915331398,"NET_PROFIT_RATIO_SQ":-3.4475875717,"HOLDER_PROFIT_SQ":-2846053000,"HOLDER_PROFIT_QOQ_SQ":-50.240181080699,"ROE_AVG_SQ":-10.08027278854,"PE_TTM_SQ":-6.700534101357,"PB_TTM_SQ":0.422716004334,"ROA_SQ":-6.464326764664,"START_DATE":"2023-01-01 00:00:00","FISCAL_YEAR":"12-31","CURRENCY":"HKD","IS_CNY_CODE":0,"DPS_HKD_LY":null,"ORG_TYPE":"一般企业","PREMIUM_INCOME":null,"PREMIUM_INCOME_YOY":null,"NET_INTEREST_INCOME":null,"NET_INTEREST_INCOME_YOY":null,"FEE_COMMISSION_INCOME":null,"FEE_COMMISSION_INCOME_YOY":null,"ACCOUNTS_RECE_TDAYS":105.917942084073,"INVENTORY_TDAYS":12.557225241126,"CURRENT_ASSETS_TDAYS":5.95320196713,"TOTAL_ASSETS_TDAYS":2.303110689604,"PREMIUM_EXPENSE":null,"LOAN_DEPOSIT":null,"LOAN_EQUITY":null,"LOAN_ASSETS":null,"DEPOSIT_EQUITY":null,"DEPOSIT_ASSETS":null,"EQUITY_MULTIPLIER":1.587083285764,"EQUITY_RATIO":0.592764515057},{"SECUCODE":"00338.HK","SECURITY_CODE":"00338","SECURITY_NAME_ABBR":"上海石油化工股份","ORG_CODE":"10003998","STD_REPORT_DATE":"2023-09-30 00:00:00","REPORT_DATE":"2023-09-30 00:00:00","DATE_TYPE_CODE":"004","REPORT_TYPE":"2023年三季报","PER_NETCASH_OPERATE":-0.082256923386,"PER_OI":6.468872500871,"BPS":2.393664584666,"BASIC_EPS":-0.067,"DILUTED_EPS":-0.067,"OPERATE_INCOME":69859201000,"OPERATE_INCOME_YOY":20.908516569,"GROSS_PROFIT":10903185000,"GROSS_PROFIT_YOY":67.443978707348,"HOLDER_PROFIT":-719446000,"HOLDER_PROFIT_YOY":64.063061947,"GROSS_PROFIT_RATIO":15.607371461348,"EPS_TTM":-0.14479050489,"OPERATE_INCOME_QOQ":16.01846794511,"NET_PROFIT_RATIO":-1.0258605735,"ROE_AVG":-2.778822516224,"GROSS_PROFIT_QOQ":118.74456172618,"ROA":-1.788400016784,"HOLDER_PROFIT_QOQ":53.824609979113,"ROE_YEARLY":-3.705096688298,"ROIC_YEARLY":-2.062704796875,"TOTAL_ASSETS":39320227000,"TOTAL_LIABILITIES":13636846000,"TAX_EBT":10.170156493836,"OCF_SALES":-1.271580532391,"TOTAL_PARENT_EQUITY":25552914000,"DEBT_ASSET_RATIO":34.6815037462,"OPERATE_PROFIT":-976454000,"PRETAX_PROFIT":-797795000,"NETCASH_OPERATE":-888316000,"NETCASH_INVEST":2354418000,"NETCASH_FINANCE":3380670000,"END_CASH":5742344000,"DIVI_RATIO":null,"DIVIDEND_RATE":null,"CURRENT_RATIO":1.159303329967,"COMMON_ACS":null,"CURRENTDEBT_DEBT":98.801922379999,"ISSUED_COMMON_SHARES":10675227500,"HK_COMMON_SHARES":3346414000,"PER_SHARES":2000,"TOTAL_MARKET_CAP":13237282100,"HKSK_MARKET_CAP":4149553360,"PE_TTM":-19.961940204264,"PB_TTM":0.482666719323,"REPORT_DATE_SQ":"2022-09-30 00:00:00","REPORT_TYPE_SQ":"2022年三季报","OPERATE_INCOME_SQ":57778561000,"DPS_HKD":null,"OPERATE_INCOME_QOQ_SQ":-13.121705163056,"NET_PROFIT_RATIO_SQ":-3.4585042712,"HOLDER_PROFIT_SQ":-2001968000,"HOLDER_PROFIT_QOQ_SQ":-611.377753063158,"ROE_AVG_SQ":-6.965975123478,"PE_TTM_SQ":-6.700534101357,"PB_TTM_SQ":0.422716004334,"ROA_SQ":-4.37242149804,"START_DATE":"2023-01-01 00:00:00","FISCAL_YEAR":"12-31","CURRENCY":"HKD","IS_CNY_CODE":0,"DPS_HKD_LY":null,"ORG_TYPE":"一般企业","PREMIUM_INCOME":null,"PREMIUM_INCOME_YOY":null,"NET_INTEREST_INCOME":null,"NET_INTEREST_INCOME_YOY":null,"FEE_COMMISSION_INCOME":null,"FEE_COMMISSION_INCOME_YOY":null,"ACCOUNTS_RECE_TDAYS":47.228681104052,"INVENTORY_TDAYS":9.020893209873,"CURRENT_ASSETS_TDAYS":4.451655714976,"TOTAL_ASSETS_TDAYS":1.736561135108,"PREMIUM_EXPENSE":null,"LOAN_DEPOSIT":null,"LOAN_EQUITY":null,"LOAN_ASSETS":null,"DEPOSIT_EQUITY":null,"DEPOSIT_ASSETS":null,"EQUITY_MULTIPLIER":1.530959923074,"EQUITY_RATIO":0.53367087605},{"SECUCODE":"00338.HK","SECURITY_CODE":"00338","SECURITY_NAME_ABBR":"上海石油化工股份","ORG_CODE":"10003998","STD_REPORT_DATE":"2023-06-30 00:00:00","REPORT_DATE":"2023-06-30 00:00:00","DATE_TYPE_CODE":"002","REPORT_TYPE":"2023年中报","PER_NETCASH_OPERATE":-0.02595088351,"PER_OI":4.156673976255,"BPS":2.366320905105,"BASIC_EPS":-0.0895,"DILUTED_EPS":-0.0895,"OPERATE_INCOME":44889109000,"OPERATE_INCOME_YOY":-2.1153790171,"GROSS_PROFIT":-1090281000,"GROSS_PROFIT_YOY":-102.266470265216,"HOLDER_PROFIT":-966688000,"HOLDER_PROFIT_YOY":-126.6289376886,"GROSS_PROFIT_RATIO":-2.428831902188,"EPS_TTM":-0.313566392888,"OPERATE_INCOME_QOQ":3.899714716918,"NET_PROFIT_RATIO":-2.1477303103,"ROE_AVG":-3.754949359119,"GROSS_PROFIT_QOQ":15.384682621363,"ROA":-2.336730219491,"HOLDER_PROFIT_QOQ":-5.059841077388,"ROE_YEARLY":-7.509898718238,"ROIC_YEARLY":-5.404223251362,"TOTAL_ASSETS":41601803000,"TOTAL_LIABILITIES":16210519000,"TAX_EBT":19.009648139047,"OCF_SALES":-0.624318473329,"TOTAL_PARENT_EQUITY":25261014000,"DEBT_ASSET_RATIO":38.9659049152,"OPERATE_PROFIT":-1206527000,"PRETAX_PROFIT":-1190385000,"NETCASH_OPERATE":-280251000,"NETCASH_INVEST":503085000,"NETCASH_FINANCE":3491175000,"END_CASH":4610758000,"DIVI_RATIO":null,"DIVIDEND_RATE":null,"CURRENT_RATIO":1.101935464217,"COMMON_ACS":null,"CURRENTDEBT_DEBT":95.174867627619,"ISSUED_COMMON_SHARES":10675227500,"HK_COMMON_SHARES":3346414000,"PER_SHARES":2000,"TOTAL_MARKET_CAP":13237282100,"HKSK_MARKET_CAP":4149553360,"PE_TTM":-19.961940204264,"PB_TTM":0.482666719323,"REPORT_DATE_SQ":"2022-06-30 00:00:00","REPORT_TYPE_SQ":"2022年中报","OPERATE_INCOME_SQ":45859205000,"DPS_HKD":null,"OPERATE_INCOME_QOQ_SQ":3.31525334809,"NET_PROFIT_RATIO_SQ":-0.918746847,"HOLDER_PROFIT_SQ":-426551000,"HOLDER_PROFIT_QOQ_SQ":-66.729653682181,"ROE_AVG_SQ":-1.443354491769,"PE_TTM_SQ":-6.700534101357,"PB_TTM_SQ":0.422716004334,"ROA_SQ":-0.955357961721,"START_DATE":"2023-01-01 00:00:00","FISCAL_YEAR":"12-31","CURRENCY":"HKD","IS_CNY_CODE":0,"DPS_HKD_LY":null,"ORG_TYPE":"一般企业","PREMIUM_INCOME":null,"PREMIUM_INCOME_YOY":null,"NET_INTEREST_INCOME":null,"NET_INTEREST_INCOME_YOY":null,"FEE_COMMISSION_INCOME":null,"FEE_COMMISSION_INCOME_YOY":null,"ACCOUNTS_RECE_TDAYS":818.733464046327,"INVENTORY_TDAYS":6.148271862057,"CURRENT_ASSETS_TDAYS":2.739904337048,"TOTAL_ASSETS_TDAYS":1.085083682909,"PREMIUM_EXPENSE":null,"LOAN_DEPOSIT":null,"LOAN_EQUITY":null,"LOAN_ASSETS":null,"DEPOSIT_EQUITY":null,"DEPOSIT_ASSETS":null,"EQUITY_MULTIPLIER":1.638428485932,"EQUITY_RATIO":0.641720835118},{"SECUCODE":"00338.HK","SECURITY_CODE":"00338","SECURITY_NAME_ABBR":"上海石油化工股份","ORG_CODE":"10003998","STD_REPORT_DATE":"2023-03-31 00:00:00","REPORT_DATE":"2023-03-31 00:00:00","DATE_TYPE_CODE":"003","REPORT_TYPE":"2023年一季报","PER_NETCASH_OPERATE":-0.002729717628,"PER_OI":2.03513547262,"BPS":2.44468345054,"BASIC_EPS":-0.015,"DILUTED_EPS":-0.015,"OPERATE_INCOME":21978009000,"OPERATE_INCOME_YOY":-15.4889262391,"GROSS_PROFIT":3365864000,"GROSS_PROFIT_YOY":-27.986858247336,"HOLDER_PROFIT":-163142000,"HOLDER_PROFIT_YOY":-176.2680803718,"GROSS_PROFIT_RATIO":15.314690243325,"EPS_TTM":-0.298464560456,"OPERATE_INCOME_QOQ":-4.885864631383,"NET_PROFIT_RATIO":-0.7386747362,"ROE_AVG":-0.623568629119,"GROSS_PROFIT_QOQ":-36.22147452343,"ROA":-0.399003920959,"HOLDER_PROFIT_QOQ":-13.247622407205,"ROE_YEARLY":-2.494274516474,"ROIC_YEARLY":-1.858145264255,"TOTAL_ASSETS":40637918000,"TOTAL_LIABILITIES":14411891000,"TAX_EBT":1.178461426084,"OCF_SALES":-0.134129529203,"TOTAL_PARENT_EQUITY":26097552000,"DEBT_ASSET_RATIO":35.464147056,"OPERATE_PROFIT":-225586000,"PRETAX_PROFIT":-164282000,"NETCASH_OPERATE":-29479000,"NETCASH_INVEST":-386507000,"NETCASH_FINANCE":3464658000,"END_CASH":3953405000,"DIVI_RATIO":null,"DIVIDEND_RATE":null,"CURRENT_RATIO":1.164381745458,"COMMON_ACS":null,"CURRENTDEBT_DEBT":93.942099617601,"ISSUED_COMMON_SHARES":10675227500,"HK_COMMON_SHARES":3346414000,"PER_SHARES":2000,"TOTAL_MARKET_CAP":13237282100,"HKSK_MARKET_CAP":4149553360,"PE_TTM":-19.961940204264,"PB_TTM":0.482666719323,"REPORT_DATE_SQ":"2022-03-31 00:00:00","REPORT_TYPE_SQ":"2022年一季报","OPERATE_INCOME_SQ":26006070000,"DPS_HKD":null,"OPERATE_INCOME_QOQ_SQ":6.308392523048,"NET_PROFIT_RATIO_SQ":0.8261532788,"HOLDER_PROFIT_SQ":213906000,"HOLDER_PROFIT_QOQ_SQ":-46.298815827486,"ROE_AVG_SQ":0.700665096933,"PE_TTM_SQ":-6.700534101357,"PB_TTM_SQ":0.422716004334,"ROA_SQ":0.42422984034,"START_DATE":"2023-01-01 00:00:00","FISCAL_YEAR":"12-31","CURRENCY":"HKD","IS_CNY_CODE":0,"DPS_HKD_LY":null,"ORG_TYPE":"一般企业","PREMIUM_INCOME":null,"PREMIUM_INCOME_YOY":null,"NET_INTEREST_INCOME":null,"NET_INTEREST_INCOME_YOY":null,"FEE_COMMISSION_INCOME":null,"FEE_COMMISSION_INCOME_YOY":null,"ACCOUNTS_RECE_TDAYS":20.143527847192,"INVENTORY_TDAYS":2.91174798714,"CURRENT_ASSETS_TDAYS":1.394090285101,"TOTAL_ASSETS_TDAYS":0.537526312407,"PREMIUM_EXPENSE":null,"LOAN_DEPOSIT":null,"LOAN_EQUITY":null,"LOAN_ASSETS":null,"DEPOSIT_EQUITY":null,"DEPOSIT_ASSETS":null,"EQUITY_MULTIPLIER":1.549526277847,"EQUITY_RATIO":0.55223152731},{"SECUCODE":"00338.HK","SECURITY_CODE":"00338","SECURITY_NAME_ABBR":"上海石油化工股份","ORG_CODE":"10003998","STD_REPORT_DATE":"2022-12-31 00:00:00","REPORT_DATE":"2022-12-31 00:00:00","DATE_TYPE_CODE":"001","REPORT_TYPE":"2022年年报","PER_NETCASH_OPERATE":-0.689163297206,"PER_OI":7.616830796281,"BPS":2.45687335469,"BASIC_EPS":-0.263,"DILUTED_EPS":-0.263,"OPERATE_INCOME":82443156000,"OPERATE_INCOME_YOY":-7.573374671,"GROSS_PROFIT":-3611377000,"GROSS_PROFIT_YOY":-327.022686068762,"HOLDER_PROFIT":-2846053000,"HOLDER_PROFIT_YOY":-237.2679389862,"GROSS_PROFIT_RATIO":-4.380444872829,"EPS_TTM":-0.262953163411,"OPERATE_INCOME_QOQ":-3.137915331398,"NET_PROFIT_RATIO":-3.4475875717,"ROE_AVG":-10.08027278854,"GROSS_PROFIT_QOQ":37.16452823334,"ROA":-6.464326764664,"HOLDER_PROFIT_QOQ":-50.240181080699,"ROE_YEARLY":-10.08027278854,"ROIC_YEARLY":-7.983896527416,"TOTAL_ASSETS":41136759000,"TOTAL_LIABILITIES":14781357000,"TAX_EBT":20.468125901388,"OCF_SALES":-9.047900834849,"TOTAL_PARENT_EQUITY":26227723000,"DEBT_ASSET_RATIO":35.9322645995,"OPERATE_PROFIT":-3843366000,"PRETAX_PROFIT":-3573654000,"NETCASH_OPERATE":-7459375000,"NETCASH_INVEST":4390350000,"NETCASH_FINANCE":-1168892000,"END_CASH":889413000,"DIVI_RATIO":null,"DIVIDEND_RATE":null,"CURRENT_RATIO":1.126268132688,"COMMON_ACS":null,"CURRENTDEBT_DEBT":94.702658220081,"ISSUED_COMMON_SHARES":10675227500,"HK_COMMON_SHARES":3346414000,"PER_SHARES":2000,"TOTAL_MARKET_CAP":13237282100,"HKSK_MARKET_CAP":4149553360,"PE_TTM":-19.961940204264,"PB_TTM":0.482666719323,"REPORT_DATE_SQ":"2021-12-31 00:00:00","REPORT_TYPE_SQ":"2021年年报","OPERATE_INCOME_SQ":89198492000,"DPS_HKD":null,"OPERATE_INCOME_QOQ_SQ":9.402107375323,"NET_PROFIT_RATIO_SQ":2.3280729903,"HOLDER_PROFIT_SQ":2073431000,"HOLDER_PROFIT_QOQ_SQ":-36.248044101157,"ROE_AVG_SQ":6.976536003144,"PE_TTM_SQ":-6.700534101357,"PB_TTM_SQ":0.422716004334,"ROA_SQ":4.530123147964,"START_DATE":"2022-01-01 00:00:00","FISCAL_YEAR":"12-31","CURRENCY":"HKD","IS_CNY_CODE":0,"DPS_HKD_LY":0.1167,"ORG_TYPE":"一般企业","PREMIUM_INCOME":null,"PREMIUM_INCOME_YOY":null,"NET_INTEREST_INCOME":null,"NET_INTEREST_INCOME_YOY":null,"FEE_COMMISSION_INCOME":null,"FEE_COMMISSION_INCOME_YOY":null,"ACCOUNTS_RECE_TDAYS":1123.3874202867,"INVENTORY_TDAYS":13.021218777863,"CURRENT_ASSETS_TDAYS":4.493040549883,"TOTAL_ASSETS_TDAYS":1.872488717745,"PREMIUM_EXPENSE":null,"LOAN_DEPOSIT":null,"LOAN_EQUITY":null,"LOAN_ASSETS":null,"DEPOSIT_EQUITY":null,"DEPOSIT_ASSETS":null,"EQUITY_MULTIPLIER":1.560848052064,"EQUITY_RATIO":0.563577593068},{"SECUCODE":"00338.HK","SECURITY_CODE":"00338","SECURITY_NAME_ABBR":"上海石油化工股份","ORG_CODE":"10003998","STD_REPORT_DATE":"2022-09-30 00:00:00","REPORT_DATE":"2022-09-30 00:00:00","DATE_TYPE_CODE":"004","REPORT_TYPE":"2022年三季报","PER_NETCASH_OPERATE":-0.437399443366,"PER_OI":5.338096503603,"BPS":2.553555790731,"BASIC_EPS":-0.185,"DILUTED_EPS":-0.185,"OPERATE_INCOME":57778561000,"OPERATE_INCOME_YOY":-6.6025344061,"GROSS_PROFIT":6511542000,"GROSS_PROFIT_YOY":-52.984074978924,"HOLDER_PROFIT":-2001968000,"HOLDER_PROFIT_YOY":-201.9203073713,"GROSS_PROFIT_RATIO":11.269823767331,"EPS_TTM":-0.175021862673,"OPERATE_INCOME_QOQ":-13.121705163056,"NET_PROFIT_RATIO":-3.4585042712,"ROE_AVG":-6.965975123478,"GROSS_PROFIT_QOQ":-2415.9686011557,"ROA":-4.37242149804,"HOLDER_PROFIT_QOQ":-611.377753063158,"ROE_YEARLY":-9.287966831303,"ROIC_YEARLY":-5.741912352096,"TOTAL_ASSETS":44689289000,"TOTAL_LIABILITIES":17301164000,"TAX_EBT":18.644765717023,"OCF_SALES":-8.193921617397,"TOTAL_PARENT_EQUITY":27259789000,"DEBT_ASSET_RATIO":38.7143415954,"OPERATE_PROFIT":-2829371000,"PRETAX_PROFIT":-2455236000,"NETCASH_OPERATE":-4734330000,"NETCASH_INVEST":3790376000,"NETCASH_FINANCE":1308516000,"END_CASH":5494687000,"DIVI_RATIO":null,"DIVIDEND_RATE":null,"CURRENT_RATIO":1.240373255264,"COMMON_ACS":null,"CURRENTDEBT_DEBT":94.987874804262,"ISSUED_COMMON_SHARES":10675227500,"HK_COMMON_SHARES":3346414000,"PER_SHARES":2000,"TOTAL_MARKET_CAP":13237282100,"HKSK_MARKET_CAP":4149553360,"PE_TTM":-19.961940204264,"PB_TTM":0.482666719323,"REPORT_DATE_SQ":"2021-09-30 00:00:00","REPORT_TYPE_SQ":"2021年三季报","OPERATE_INCOME_SQ":61863093000,"DPS_HKD":null,"OPERATE_INCOME_QOQ_SQ":7.160685998096,"NET_PROFIT_RATIO_SQ":3.1867142498,"HOLDER_PROFIT_SQ":1965050000,"HOLDER_PROFIT_QOQ_SQ":-9.465134787325,"ROE_AVG_SQ":6.614426481376,"PE_TTM_SQ":-6.700534101357,"PB_TTM_SQ":0.422716004334,"ROA_SQ":4.279064328542,"START_DATE":"2022-01-01 00:00:00","FISCAL_YEAR":"12-31","CURRENCY":"HKD","IS_CNY_CODE":0,"DPS_HKD_LY":0.1167,"ORG_TYPE":"一般企业","PREMIUM_INCOME":null,"PREMIUM_INCOME_YOY":null,"NET_INTEREST_INCOME":null,"NET_INTEREST_INCOME_YOY":null,"FEE_COMMISSION_INCOME":null,"FEE_COMMISSION_INCOME_YOY":null,"ACCOUNTS_RECE_TDAYS":46.461717783468,"INVENTORY_TDAYS":7.657554761907,"CURRENT_ASSETS_TDAYS":2.796870457332,"TOTAL_ASSETS_TDAYS":1.261404605298,"PREMIUM_EXPENSE":null,"LOAN_DEPOSIT":null,"LOAN_EQUITY":null,"LOAN_ASSETS":null,"DEPOSIT_EQUITY":null,"DEPOSIT_ASSETS":null,"EQUITY_MULTIPLIER":1.63170311951,"EQUITY_RATIO":0.634677106268}],"count":81},"success":true,"message":"ok","code":0}