{"version":"3a3228806240e0fc5fa6f95eab5e5132","result":{"pages":6,"data":[{"SECUCODE":"00333.HK","SECURITY_CODE":"00333","SECURITY_NAME_ABBR":"黛丽斯国际","ORG_CODE":"10008835","STD_REPORT_DATE":"2023-12-31 00:00:00","REPORT_DATE":"2024-06-30 00:00:00","DATE_TYPE_CODE":"001","REPORT_TYPE":"2023年年报","PER_NETCASH_OPERATE":0.184050192545,"PER_OI":3.426237881859,"BPS":1.135720957537,"BASIC_EPS":-0.00638876,"DILUTED_EPS":-0.00638876,"OPERATE_INCOME":1031478079.52,"OPERATE_INCOME_YOY":12.2290013267,"GROSS_PROFIT":233180613.2,"GROSS_PROFIT_YOY":44.242225498817,"HOLDER_PROFIT":-2014284.76,"HOLDER_PROFIT_YOY":97.3953169995,"GROSS_PROFIT_RATIO":22.606453576649,"EPS_TTM":-0.227810769295,"OPERATE_INCOME_QOQ":4.741562812005,"NET_PROFIT_RATIO":0.1327241002,"ROE_AVG":-0.590404522065,"GROSS_PROFIT_QOQ":12.791993893282,"ROA":-0.275205905642,"HOLDER_PROFIT_QOQ":12.209447278326,"ROE_YEARLY":-0.590404522065,"ROIC_YEARLY":-0.334074038194,"TOTAL_ASSETS":733206954.08,"TOTAL_LIABILITIES":371754642.96,"TAX_EBT":63.750604156597,"OCF_SALES":5.371786749534,"TOTAL_PARENT_EQUITY":341911832.32,"DEBT_ASSET_RATIO":50.702552791,"OPERATE_PROFIT":17590994.32,"PRETAX_PROFIT":3776669.84,"NETCASH_OPERATE":55408802.8,"NETCASH_INVEST":-4756888.16,"NETCASH_FINANCE":-58640602.68,"END_CASH":93333394.84,"DIVI_RATIO":null,"DIVIDEND_RATE":null,"CURRENT_RATIO":1.344095759576,"COMMON_ACS":600000000,"CURRENTDEBT_DEBT":82.409985220538,"ISSUED_COMMON_SHARES":301052675,"HK_COMMON_SHARES":301052675,"PER_SHARES":2000,"TOTAL_MARKET_CAP":79778958.875,"HKSK_MARKET_CAP":79778958.875,"PE_TTM":-36.148146295877,"PB_TTM":0.212957415635,"REPORT_DATE_SQ":"2022-12-31 00:00:00","REPORT_TYPE_SQ":"2022年年报","OPERATE_INCOME_SQ":928448611.68,"DPS_HKD":null,"OPERATE_INCOME_QOQ_SQ":-12.780709581084,"NET_PROFIT_RATIO_SQ":-7.7976913972,"HOLDER_PROFIT_SQ":-78121209.36,"HOLDER_PROFIT_QOQ_SQ":-713.776962832903,"ROE_AVG_SQ":-20.177600605814,"PE_TTM_SQ":-1.13695954303,"PB_TTM_SQ":0.258276445781,"ROA_SQ":-9.974578550748,"START_DATE":"2023-07-01 00:00:00","FISCAL_YEAR":"6-30","CURRENCY":"HKD","IS_CNY_CODE":0,"DPS_HKD_LY":null,"ORG_TYPE":"一般企业","PREMIUM_INCOME":null,"PREMIUM_INCOME_YOY":null,"NET_INTEREST_INCOME":null,"NET_INTEREST_INCOME_YOY":null,"FEE_COMMISSION_INCOME":null,"FEE_COMMISSION_INCOME_YOY":null,"ACCOUNTS_RECE_TDAYS":5.94962504376,"INVENTORY_TDAYS":6.38499441561,"CURRENT_ASSETS_TDAYS":2.603218769939,"TOTAL_ASSETS_TDAYS":1.409278691182,"PREMIUM_EXPENSE":null,"LOAN_DEPOSIT":null,"LOAN_EQUITY":null,"LOAN_ASSETS":null,"DEPOSIT_EQUITY":null,"DEPOSIT_ASSETS":null,"EQUITY_MULTIPLIER":2.02850260331,"EQUITY_RATIO":1.087282181601},{"SECUCODE":"00333.HK","SECURITY_CODE":"00333","SECURITY_NAME_ABBR":"黛丽斯国际","ORG_CODE":"10008835","STD_REPORT_DATE":"2023-06-30 00:00:00","REPORT_DATE":"2023-12-31 00:00:00","DATE_TYPE_CODE":"002","REPORT_TYPE":"2023年中报","PER_NETCASH_OPERATE":0.026468432675,"PER_OI":1.546466266543,"BPS":1.08990762663,"BASIC_EPS":-0.039058082,"DILUTED_EPS":-0.039058082,"OPERATE_INCOME":465567806.34,"OPERATE_INCOME_YOY":8.8650002543,"GROSS_PROFIT":100155434.4,"GROSS_PROFIT_YOY":26.019692941226,"HOLDER_PROFIT":-11763641.82,"HOLDER_PROFIT_YOY":45.5654799346,"GROSS_PROFIT_RATIO":21.512534379763,"EPS_TTM":-0.259493490167,"OPERATE_INCOME_QOQ":-15.985531583554,"NET_PROFIT_RATIO":-1.85577726,"ROE_AVG":-3.531889306383,"GROSS_PROFIT_QOQ":-22.664900147595,"ROA":-1.577997264853,"HOLDER_PROFIT_QOQ":-319.244531986008,"ROE_YEARLY":-7.063778612766,"ROIC_YEARLY":-3.884532343422,"TOTAL_ASSETS":765498533.52,"TOTAL_LIABILITIES":391272265.86,"TAX_EBT":-19.788918205805,"OCF_SALES":1.711542841126,"TOTAL_PARENT_EQUITY":328119606.5,"DEBT_ASSET_RATIO":51.1133919566,"OPERATE_PROFIT":-1402828.56,"PRETAX_PROFIT":-7212604.98,"NETCASH_OPERATE":7968392.46,"NETCASH_INVEST":-1970122.28,"NETCASH_FINANCE":-18003872.74,"END_CASH":89473819.26,"DIVI_RATIO":null,"DIVIDEND_RATE":null,"CURRENT_RATIO":1.242815972992,"COMMON_ACS":600000000,"CURRENTDEBT_DEBT":86.715860321519,"ISSUED_COMMON_SHARES":301052675,"HK_COMMON_SHARES":301052675,"PER_SHARES":2000,"TOTAL_MARKET_CAP":90315802.5,"HKSK_MARKET_CAP":90315802.5,"PE_TTM":-40.922429768917,"PB_TTM":0.241083866757,"REPORT_DATE_SQ":"2022-06-30 00:00:00","REPORT_TYPE_SQ":"2022年中报","OPERATE_INCOME_SQ":421544832.24,"DPS_HKD":null,"OPERATE_INCOME_QOQ_SQ":2.631186121516,"NET_PROFIT_RATIO_SQ":-3.7517588025,"HOLDER_PROFIT_SQ":-21301809.69,"HOLDER_PROFIT_QOQ_SQ":116.7800920768,"ROE_AVG_SQ":-5.269222653216,"PE_TTM_SQ":-1.15472453589,"PB_TTM_SQ":0.262312015247,"ROA_SQ":-2.777928243552,"START_DATE":"2023-07-01 00:00:00","FISCAL_YEAR":"6-30","CURRENCY":"HKD","IS_CNY_CODE":0,"DPS_HKD_LY":null,"ORG_TYPE":"一般企业","PREMIUM_INCOME":null,"PREMIUM_INCOME_YOY":null,"NET_INTEREST_INCOME":null,"NET_INTEREST_INCOME_YOY":null,"FEE_COMMISSION_INCOME":null,"FEE_COMMISSION_INCOME_YOY":null,"ACCOUNTS_RECE_TDAYS":2.349089279631,"INVENTORY_TDAYS":3.444044431348,"CURRENT_ASSETS_TDAYS":1.164400746581,"TOTAL_ASSETS_TDAYS":0.624521501292,"PREMIUM_EXPENSE":null,"LOAN_DEPOSIT":null,"LOAN_EQUITY":null,"LOAN_ASSETS":null,"DEPOSIT_EQUITY":null,"DEPOSIT_ASSETS":null,"EQUITY_MULTIPLIER":2.045549977843,"EQUITY_RATIO":1.192468411241},{"SECUCODE":"00333.HK","SECURITY_CODE":"00333","SECURITY_NAME_ABBR":"黛丽斯国际","ORG_CODE":"10008835","STD_REPORT_DATE":"2022-12-31 00:00:00","REPORT_DATE":"2023-06-30 00:00:00","DATE_TYPE_CODE":"001","REPORT_TYPE":"2022年年报","PER_NETCASH_OPERATE":0.070431847317,"PER_OI":3.084007181401,"BPS":1.142317097897,"BASIC_EPS":-0.25907638,"DILUTED_EPS":-0.25907638,"OPERATE_INCOME":928448611.68,"OPERATE_INCOME_YOY":-32.0314904508,"GROSS_PROFIT":161659051.22,"GROSS_PROFIT_YOY":-30.991754623452,"HOLDER_PROFIT":-78121209.36,"HOLDER_PROFIT_YOY":-2486.8169014085,"GROSS_PROFIT_RATIO":17.41173923751,"EPS_TTM":-0.061895497823,"OPERATE_INCOME_QOQ":-12.780709581084,"NET_PROFIT_RATIO":-7.7976913972,"ROE_AVG":-20.177600605814,"GROSS_PROFIT_QOQ":-10.76723828087,"ROA":-9.974578550748,"HOLDER_PROFIT_QOQ":-713.776962832903,"ROE_YEARLY":-20.177600605814,"ROIC_YEARLY":-12.432669578755,"TOTAL_ASSETS":738076337.32,"TOTAL_LIABILITIES":351008849.76,"TAX_EBT":-2.955290415629,"OCF_SALES":2.283777020425,"TOTAL_PARENT_EQUITY":343897618.02,"DEBT_ASSET_RATIO":47.5572555319,"OPERATE_PROFIT":-61486846.2,"PRETAX_PROFIT":-70319414.6,"NETCASH_OPERATE":21203696.04,"NETCASH_INVEST":-26763235.44,"NETCASH_FINANCE":-16654646.72,"END_CASH":103381617.4,"DIVI_RATIO":null,"DIVIDEND_RATE":null,"CURRENT_RATIO":1.2948553973,"COMMON_ACS":600000000,"CURRENTDEBT_DEBT":84.610939502826,"ISSUED_COMMON_SHARES":301052675,"HK_COMMON_SHARES":301052675,"PER_SHARES":2000,"TOTAL_MARKET_CAP":90315802.5,"HKSK_MARKET_CAP":90315802.5,"PE_TTM":-40.922429768917,"PB_TTM":0.241083866757,"REPORT_DATE_SQ":"2021-12-31 00:00:00","REPORT_TYPE_SQ":"2021年年报","OPERATE_INCOME_SQ":1267042662.48,"DPS_HKD":null,"OPERATE_INCOME_QOQ_SQ":3.862036393185,"NET_PROFIT_RATIO_SQ":0.7753821565,"HOLDER_PROFIT_SQ":3035924.5,"HOLDER_PROFIT_QOQ_SQ":-877.390228869182,"ROE_AVG_SQ":0.753393187416,"PE_TTM_SQ":-1.15472453589,"PB_TTM_SQ":0.262312015247,"ROA_SQ":0.386940380662,"START_DATE":"2022-07-01 00:00:00","FISCAL_YEAR":"6-30","CURRENCY":"HKD","IS_CNY_CODE":0,"DPS_HKD_LY":null,"ORG_TYPE":"一般企业","PREMIUM_INCOME":null,"PREMIUM_INCOME_YOY":null,"NET_INTEREST_INCOME":null,"NET_INTEREST_INCOME_YOY":null,"FEE_COMMISSION_INCOME":null,"FEE_COMMISSION_INCOME_YOY":null,"ACCOUNTS_RECE_TDAYS":5.259255777517,"INVENTORY_TDAYS":5.972781689762,"CURRENT_ASSETS_TDAYS":2.213085788127,"TOTAL_ASSETS_TDAYS":1.185450620056,"PREMIUM_EXPENSE":null,"LOAN_DEPOSIT":null,"LOAN_EQUITY":null,"LOAN_ASSETS":null,"DEPOSIT_EQUITY":null,"DEPOSIT_ASSETS":null,"EQUITY_MULTIPLIER":1.906841470908,"EQUITY_RATIO":1.02067833962},{"SECUCODE":"00333.HK","SECURITY_CODE":"00333","SECURITY_NAME_ABBR":"黛丽斯国际","ORG_CODE":"10008835","STD_REPORT_DATE":"2022-06-30 00:00:00","REPORT_DATE":"2022-12-31 00:00:00","DATE_TYPE_CODE":"002","REPORT_TYPE":"2022年中报","PER_NETCASH_OPERATE":0.09153970404,"PER_OI":1.40023612891,"BPS":1.300444766352,"BASIC_EPS":-0.070746984,"DILUTED_EPS":-0.070746984,"OPERATE_INCOME":421544832.24,"OPERATE_INCOME_YOY":-33.8736527047,"GROSS_PROFIT":79476018.44,"GROSS_PROFIT_YOY":-24.091240245007,"HOLDER_PROFIT":-21301809.69,"HOLDER_PROFIT_YOY":-5399.3333333333,"GROSS_PROFIT_RATIO":18.85351506213,"EPS_TTM":0.010084363143,"OPERATE_INCOME_QOQ":2.631186121516,"NET_PROFIT_RATIO":-3.7517588025,"ROE_AVG":-5.269222653216,"GROSS_PROFIT_QOQ":16.936933615832,"ROA":-2.777928243552,"HOLDER_PROFIT_QOQ":116.7800920768,"ROE_YEARLY":-10.538445306432,"ROIC_YEARLY":-6.918300117931,"TOTAL_ASSETS":731111123.82,"TOTAL_LIABILITIES":297538411.03,"TAX_EBT":-10.836359083511,"OCF_SALES":6.537447659733,"TOTAL_PARENT_EQUITY":391502375.6,"DEBT_ASSET_RATIO":40.6967424426,"OPERATE_PROFIT":-11464227.18,"PRETAX_PROFIT":-14269094.98,"NETCASH_OPERATE":27558272.77,"NETCASH_INVEST":-13682216.59,"NETCASH_FINANCE":-33472613.44,"END_CASH":101889949.28,"DIVI_RATIO":null,"DIVIDEND_RATE":null,"CURRENT_RATIO":1.526817314541,"COMMON_ACS":600000000,"CURRENTDEBT_DEBT":81.34852847137,"ISSUED_COMMON_SHARES":301052675,"HK_COMMON_SHARES":301052675,"PER_SHARES":2000,"TOTAL_MARKET_CAP":90315802.5,"HKSK_MARKET_CAP":90315802.5,"PE_TTM":-40.922429768917,"PB_TTM":0.241083866757,"REPORT_DATE_SQ":"2021-06-30 00:00:00","REPORT_TYPE_SQ":"2021年中报","OPERATE_INCOME_SQ":583481875.2,"DPS_HKD":null,"OPERATE_INCOME_QOQ_SQ":9.07556651018,"NET_PROFIT_RATIO_SQ":0.6178081194,"HOLDER_PROFIT_SQ":367920,"HOLDER_PROFIT_QOQ_SQ":106.334911368978,"ROE_AVG_SQ":0.094979489707,"PE_TTM_SQ":-1.15472453589,"PB_TTM_SQ":0.262312015247,"ROA_SQ":0.04752118917,"START_DATE":"2022-07-01 00:00:00","FISCAL_YEAR":"6-30","CURRENCY":"HKD","IS_CNY_CODE":0,"DPS_HKD_LY":null,"ORG_TYPE":"一般企业","PREMIUM_INCOME":null,"PREMIUM_INCOME_YOY":null,"NET_INTEREST_INCOME":null,"NET_INTEREST_INCOME_YOY":null,"FEE_COMMISSION_INCOME":null,"FEE_COMMISSION_INCOME_YOY":null,"ACCOUNTS_RECE_TDAYS":2.986085536931,"INVENTORY_TDAYS":2.252336503567,"CURRENT_ASSETS_TDAYS":1.040986562813,"TOTAL_ASSETS_TDAYS":0.549728550036,"PREMIUM_EXPENSE":null,"LOAN_DEPOSIT":null,"LOAN_EQUITY":null,"LOAN_ASSETS":null,"DEPOSIT_EQUITY":null,"DEPOSIT_ASSETS":null,"EQUITY_MULTIPLIER":1.68624800928,"EQUITY_RATIO":0.759991329744},{"SECUCODE":"00333.HK","SECURITY_CODE":"00333","SECURITY_NAME_ABBR":"黛丽斯国际","ORG_CODE":"10008835","STD_REPORT_DATE":"2021-12-31 00:00:00","REPORT_DATE":"2022-06-30 00:00:00","DATE_TYPE_CODE":"001","REPORT_TYPE":"2021年年报","PER_NETCASH_OPERATE":0.199190317741,"PER_OI":4.208707537576,"BPS":1.326201698656,"BASIC_EPS":0.01026228,"DILUTED_EPS":0.01026228,"OPERATE_INCOME":1267042662.48,"OPERATE_INCOME_YOY":3.7143025147,"GROSS_PROFIT":234260486.32,"GROSS_PROFIT_YOY":18.302881241067,"HOLDER_PROFIT":3035924.5,"HOLDER_PROFIT_YOY":26.9217018234,"GROSS_PROFIT_RATIO":18.488760738449,"EPS_TTM":-0.060097185982,"OPERATE_INCOME_QOQ":3.862036393185,"NET_PROFIT_RATIO":0.7753821565,"ROE_AVG":0.753393187416,"GROSS_PROFIT_QOQ":1.168106245818,"ROA":0.386940380662,"HOLDER_PROFIT_QOQ":-877.390228869182,"ROE_YEARLY":0.753393187416,"ROIC_YEARLY":0.463823104401,"TOTAL_ASSETS":768324075.75,"TOTAL_LIABILITIES":334462243.43,"TAX_EBT":40.216486261449,"OCF_SALES":4.732814432043,"TOTAL_PARENT_EQUITY":399256568.97,"DEBT_ASSET_RATIO":43.531402176,"OPERATE_PROFIT":19712129.5,"PRETAX_PROFIT":16433331.04,"NETCASH_OPERATE":59966777.99,"NETCASH_INVEST":-21784254.87,"NETCASH_FINANCE":4059586.93,"END_CASH":116722317.53,"DIVI_RATIO":null,"DIVIDEND_RATE":null,"CURRENT_RATIO":1.464147177455,"COMMON_ACS":600000000,"CURRENTDEBT_DEBT":86.086571873474,"ISSUED_COMMON_SHARES":301052675,"HK_COMMON_SHARES":301052675,"PER_SHARES":2000,"TOTAL_MARKET_CAP":90315802.5,"HKSK_MARKET_CAP":90315802.5,"PE_TTM":-40.922429768917,"PB_TTM":0.241083866757,"REPORT_DATE_SQ":"2020-12-31 00:00:00","REPORT_TYPE_SQ":"2020年年报","OPERATE_INCOME_SQ":1188652906.56,"DPS_HKD":null,"OPERATE_INCOME_QOQ_SQ":-3.5288198805,"NET_PROFIT_RATIO_SQ":0.5001638045,"HOLDER_PROFIT_SQ":2327327.76,"HOLDER_PROFIT_QOQ_SQ":47.925773218099,"ROE_AVG_SQ":0.620668000315,"PE_TTM_SQ":-1.15472453589,"PB_TTM_SQ":0.262312015247,"ROA_SQ":0.314173469359,"START_DATE":"2021-07-01 00:00:00","FISCAL_YEAR":"6-30","CURRENCY":"HKD","IS_CNY_CODE":0,"DPS_HKD_LY":null,"ORG_TYPE":"一般企业","PREMIUM_INCOME":null,"PREMIUM_INCOME_YOY":null,"NET_INTEREST_INCOME":null,"NET_INTEREST_INCOME_YOY":null,"FEE_COMMISSION_INCOME":null,"FEE_COMMISSION_INCOME_YOY":null,"ACCOUNTS_RECE_TDAYS":8.595391902907,"INVENTORY_TDAYS":5.60709253116,"CURRENT_ASSETS_TDAYS":2.950767171741,"TOTAL_ASSETS_TDAYS":1.614895133707,"PREMIUM_EXPENSE":null,"LOAN_DEPOSIT":null,"LOAN_EQUITY":null,"LOAN_ASSETS":null,"DEPOSIT_EQUITY":null,"DEPOSIT_ASSETS":null,"EQUITY_MULTIPLIER":1.77089575186,"EQUITY_RATIO":0.837712562358},{"SECUCODE":"00333.HK","SECURITY_CODE":"00333","SECURITY_NAME_ABBR":"黛丽斯国际","ORG_CODE":"10008835","STD_REPORT_DATE":"2021-06-30 00:00:00","REPORT_DATE":"2021-12-31 00:00:00","DATE_TYPE_CODE":"002","REPORT_TYPE":"2021年中报","PER_NETCASH_OPERATE":0.054392118589,"PER_OI":1.938138816405,"BPS":1.281949017062,"BASIC_EPS":0.0012264,"DILUTED_EPS":0.0012264,"OPERATE_INCOME":583481875.2,"OPERATE_INCOME_YOY":11.7308884589,"GROSS_PROFIT":104699403.2,"GROSS_PROFIT_YOY":2.259144518108,"HOLDER_PROFIT":367920,"HOLDER_PROFIT_YOY":-98.1780638892,"GROSS_PROFIT_RATIO":17.943899827927,"EPS_TTM":0.007730633053,"OPERATE_INCOME_QOQ":9.07556651018,"NET_PROFIT_RATIO":0.6178081194,"ROE_AVG":0.094979489707,"GROSS_PROFIT_QOQ":15.825256702325,"ROA":0.04752118917,"HOLDER_PROFIT_QOQ":106.334911368978,"ROE_YEARLY":0.189958979414,"ROIC_YEARLY":0.110841738319,"TOTAL_ASSETS":782777598.4,"TOTAL_LIABILITIES":364254699.2,"TAX_EBT":35.075835664851,"OCF_SALES":2.806409846816,"TOTAL_PARENT_EQUITY":385934180.8,"DEBT_ASSET_RATIO":46.5336131162,"OPERATE_PROFIT":6125459.2,"PRETAX_PROFIT":5552321.6,"NETCASH_OPERATE":16374892.8,"NETCASH_INVEST":-12778270.4,"NETCASH_FINANCE":6203131.2,"END_CASH":84127769.6,"DIVI_RATIO":null,"DIVIDEND_RATE":null,"CURRENT_RATIO":1.373083080004,"COMMON_ACS":600000000,"CURRENTDEBT_DEBT":86.092786582779,"ISSUED_COMMON_SHARES":301052675,"HK_COMMON_SHARES":301052675,"PER_SHARES":2000,"TOTAL_MARKET_CAP":90315802.5,"HKSK_MARKET_CAP":90315802.5,"PE_TTM":-40.922429768917,"PB_TTM":0.241083866757,"REPORT_DATE_SQ":"2020-06-30 00:00:00","REPORT_TYPE_SQ":"2020年中报","OPERATE_INCOME_SQ":537575667.36,"DPS_HKD":null,"OPERATE_INCOME_QOQ_SQ":0.518425745761,"NET_PROFIT_RATIO_SQ":4.5882102442,"HOLDER_PROFIT_SQ":20787666.36,"HOLDER_PROFIT_QOQ_SQ":-24.791609605234,"ROE_AVG_SQ":5.545377392804,"PE_TTM_SQ":-1.15472453589,"PB_TTM_SQ":0.262312015247,"ROA_SQ":2.69461322825,"START_DATE":"2021-07-01 00:00:00","FISCAL_YEAR":"6-30","CURRENCY":"HKD","IS_CNY_CODE":0,"DPS_HKD_LY":null,"ORG_TYPE":"一般企业","PREMIUM_INCOME":null,"PREMIUM_INCOME_YOY":null,"NET_INTEREST_INCOME":null,"NET_INTEREST_INCOME_YOY":null,"FEE_COMMISSION_INCOME":null,"FEE_COMMISSION_INCOME_YOY":null,"ACCOUNTS_RECE_TDAYS":4.51348539517,"INVENTORY_TDAYS":2.224190941738,"CURRENT_ASSETS_TDAYS":1.375167282807,"TOTAL_ASSETS_TDAYS":0.753635370972,"PREMIUM_EXPENSE":null,"LOAN_DEPOSIT":null,"LOAN_EQUITY":null,"LOAN_ASSETS":null,"DEPOSIT_EQUITY":null,"DEPOSIT_ASSETS":null,"EQUITY_MULTIPLIER":1.870333976697,"EQUITY_RATIO":0.943825961321},{"SECUCODE":"00333.HK","SECURITY_CODE":"00333","SECURITY_NAME_ABBR":"黛丽斯国际","ORG_CODE":"10008835","STD_REPORT_DATE":"2020-12-31 00:00:00","REPORT_DATE":"2021-06-30 00:00:00","DATE_TYPE_CODE":"001","REPORT_TYPE":"2020年年报","PER_NETCASH_OPERATE":-0.065628845849,"PER_OI":3.948322022251,"BPS":1.314345814067,"BASIC_EPS":0.00915288,"DILUTED_EPS":0.00915288,"OPERATE_INCOME":1188652906.56,"OPERATE_INCOME_YOY":15.5154331145,"GROSS_PROFIT":198017566.32,"GROSS_PROFIT_YOY":20.202185070795,"HOLDER_PROFIT":2327327.76,"HOLDER_PROFIT_YOY":103.6214151615,"GROSS_PROFIT_RATIO":16.658989788118,"EPS_TTM":-0.170845109641,"OPERATE_INCOME_QOQ":-3.5288198805,"NET_PROFIT_RATIO":0.5001638045,"ROE_AVG":0.620668000315,"GROSS_PROFIT_QOQ":3.778906685023,"ROA":0.314173469359,"HOLDER_PROFIT_QOQ":47.925773218099,"ROE_YEARLY":0.620668000315,"ROIC_YEARLY":0.371073266738,"TOTAL_ASSETS":779228774.64,"TOTAL_LIABILITIES":354432796.8,"TAX_EBT":40.214208016066,"OCF_SALES":-1.662195876606,"TOTAL_PARENT_EQUITY":395687323.2,"DEBT_ASSET_RATIO":45.4850755433,"OPERATE_PROFIT":12621821.52,"PRETAX_PROFIT":9944188.08,"NETCASH_OPERATE":-19757739.6,"NETCASH_INVEST":-18768396.48,"NETCASH_FINANCE":13495505.52,"END_CASH":76731921.36,"DIVI_RATIO":null,"DIVIDEND_RATE":null,"CURRENT_RATIO":1.389988934594,"COMMON_ACS":600000000,"CURRENTDEBT_DEBT":86.349187717157,"ISSUED_COMMON_SHARES":301052675,"HK_COMMON_SHARES":301052675,"PER_SHARES":2000,"TOTAL_MARKET_CAP":90315802.5,"HKSK_MARKET_CAP":90315802.5,"PE_TTM":-40.922429768917,"PB_TTM":0.241083866757,"REPORT_DATE_SQ":"2019-12-31 00:00:00","REPORT_TYPE_SQ":"2019年年报","OPERATE_INCOME_SQ":1129613796.96,"DPS_HKD":null,"OPERATE_INCOME_QOQ_SQ":4.253556854855,"NET_PROFIT_RATIO_SQ":-6.2689876514,"HOLDER_PROFIT_SQ":-70549538.4,"HOLDER_PROFIT_QOQ_SQ":-4.971703643003,"ROE_AVG_SQ":-16.410649764841,"PE_TTM_SQ":-1.15472453589,"PB_TTM_SQ":0.262312015247,"ROA_SQ":-9.285675641557,"START_DATE":"2020-07-01 00:00:00","FISCAL_YEAR":"6-30","CURRENCY":"HKD","IS_CNY_CODE":0,"DPS_HKD_LY":null,"ORG_TYPE":"一般企业","PREMIUM_INCOME":null,"PREMIUM_INCOME_YOY":null,"NET_INTEREST_INCOME":null,"NET_INTEREST_INCOME_YOY":null,"FEE_COMMISSION_INCOME":null,"FEE_COMMISSION_INCOME_YOY":null,"ACCOUNTS_RECE_TDAYS":9.320362758531,"INVENTORY_TDAYS":5.458035057317,"CURRENT_ASSETS_TDAYS":2.98209115371,"TOTAL_ASSETS_TDAYS":1.604600838507,"PREMIUM_EXPENSE":null,"LOAN_DEPOSIT":null,"LOAN_EQUITY":null,"LOAN_ASSETS":null,"DEPOSIT_EQUITY":null,"DEPOSIT_ASSETS":null,"EQUITY_MULTIPLIER":1.834360058215,"EQUITY_RATIO":0.895739580267},{"SECUCODE":"00333.HK","SECURITY_CODE":"00333","SECURITY_NAME_ABBR":"黛丽斯国际","ORG_CODE":"10008835","STD_REPORT_DATE":"2020-06-30 00:00:00","REPORT_DATE":"2020-12-31 00:00:00","DATE_TYPE_CODE":"002","REPORT_TYPE":"2020年中报","PER_NETCASH_OPERATE":-0.181007045069,"PER_OI":2.499914456179,"BPS":1.300117464029,"BASIC_EPS":0.096704436,"DILUTED_EPS":0.096704436,"OPERATE_INCOME":537575667.36,"OPERATE_INCOME_YOY":-0.9146473892,"GROSS_PROFIT":102386347.64,"GROSS_PROFIT_YOY":6.47378331503,"HOLDER_PROFIT":20787666.36,"HOLDER_PROFIT_YOY":269.8810096981,"GROSS_PROFIT_RATIO":19.045941596057,"EPS_TTM":-0.328079973912,"OPERATE_INCOME_QOQ":0.518425745761,"NET_PROFIT_RATIO":4.5882102442,"ROE_AVG":5.545377392804,"GROSS_PROFIT_QOQ":-9.979158521282,"ROA":2.69461322825,"HOLDER_PROFIT_QOQ":-24.791609605234,"ROE_YEARLY":11.090754785608,"ROIC_YEARLY":6.269808128488,"TOTAL_ASSETS":832509047.64,"TOTAL_LIABILITIES":411462646.48,"TAX_EBT":8.513095869884,"OCF_SALES":-7.240529555802,"TOTAL_PARENT_EQUITY":391403840.36,"DEBT_ASSET_RATIO":49.4244053739,"OPERATE_PROFIT":27735404.56,"PRETAX_PROFIT":26960254.12,"NETCASH_OPERATE":-38923325.08,"NETCASH_INVEST":6946054.92,"NETCASH_FINANCE":-6795401.36,"END_CASH":64322337,"DIVI_RATIO":null,"DIVIDEND_RATE":null,"CURRENT_RATIO":1.362223756906,"COMMON_ACS":600000000,"CURRENTDEBT_DEBT":87.07868156324,"ISSUED_COMMON_SHARES":301052675,"HK_COMMON_SHARES":301052675,"PER_SHARES":2000,"TOTAL_MARKET_CAP":90315802.5,"HKSK_MARKET_CAP":90315802.5,"PE_TTM":-40.922429768917,"PB_TTM":0.241083866757,"REPORT_DATE_SQ":"2019-06-30 00:00:00","REPORT_TYPE_SQ":"2019年中报","OPERATE_INCOME_SQ":577437703.6,"DPS_HKD":null,"OPERATE_INCOME_QOQ_SQ":0.531652236657,"NET_PROFIT_RATIO_SQ":-2.0464769942,"HOLDER_PROFIT_SQ":-13023745.42,"HOLDER_PROFIT_QOQ_SQ":-235.015711834726,"ROE_AVG_SQ":-2.86169241186,"PE_TTM_SQ":-1.15472453589,"PB_TTM_SQ":0.262312015247,"ROA_SQ":-1.689641286796,"START_DATE":"2020-07-01 00:00:00","FISCAL_YEAR":"6-30","CURRENCY":"HKD","IS_CNY_CODE":0,"DPS_HKD_LY":null,"ORG_TYPE":"一般企业","PREMIUM_INCOME":null,"PREMIUM_INCOME_YOY":null,"NET_INTEREST_INCOME":null,"NET_INTEREST_INCOME_YOY":null,"FEE_COMMISSION_INCOME":null,"FEE_COMMISSION_INCOME_YOY":null,"ACCOUNTS_RECE_TDAYS":4.017119443021,"INVENTORY_TDAYS":2.031010766372,"CURRENT_ASSETS_TDAYS":1.244187145051,"TOTAL_ASSETS_TDAYS":0.696835555934,"PREMIUM_EXPENSE":null,"LOAN_DEPOSIT":null,"LOAN_EQUITY":null,"LOAN_ASSETS":null,"DEPOSIT_EQUITY":null,"DEPOSIT_ASSETS":null,"EQUITY_MULTIPLIER":1.977238245824,"EQUITY_RATIO":1.051248363076},{"SECUCODE":"00333.HK","SECURITY_CODE":"00333","SECURITY_NAME_ABBR":"黛丽斯国际","ORG_CODE":"10008835","STD_REPORT_DATE":"2019-12-31 00:00:00","REPORT_DATE":"2020-06-30 00:00:00","DATE_TYPE_CODE":"001","REPORT_TYPE":"2019年年报","PER_NETCASH_OPERATE":0.223736651853,"PER_OI":5.253098368065,"BPS":1.291781711224,"BASIC_EPS":-0.30326208,"DILUTED_EPS":-0.30326208,"OPERATE_INCOME":1129613796.96,"OPERATE_INCOME_YOY":0.9186373125,"GROSS_PROFIT":164737077.12,"GROSS_PROFIT_YOY":-5.457015644327,"HOLDER_PROFIT":-70549538.4,"HOLDER_PROFIT_YOY":-26.1515092121,"GROSS_PROFIT_RATIO":14.583486636171,"EPS_TTM":-0.262902269591,"OPERATE_INCOME_QOQ":4.253556854855,"NET_PROFIT_RATIO":-6.2689876514,"ROE_AVG":-16.410649764841,"GROSS_PROFIT_QOQ":5.023439908662,"ROA":-9.285675641557,"HOLDER_PROFIT_QOQ":-4.971703643003,"ROE_YEARLY":-16.410649764841,"ROIC_YEARLY":-10.918266733108,"TOTAL_ASSETS":770999993.28,"TOTAL_LIABILITIES":361166868.48,"TAX_EBT":2.244470784052,"OCF_SALES":4.259136916482,"TOTAL_PARENT_EQUITY":388894339.68,"DEBT_ASSET_RATIO":46.8439522215,"OPERATE_PROFIT":-69319134.72,"PRETAX_PROFIT":-72441272.64,"NETCASH_OPERATE":48111798.24,"NETCASH_INVEST":-72772851.36,"NETCASH_FINANCE":50551596.48,"END_CASH":112264516.32,"DIVI_RATIO":null,"DIVIDEND_RATE":null,"CURRENT_RATIO":1.372379668222,"COMMON_ACS":600000000,"CURRENTDEBT_DEBT":82.343345338297,"ISSUED_COMMON_SHARES":301052675,"HK_COMMON_SHARES":301052675,"PER_SHARES":2000,"TOTAL_MARKET_CAP":90315802.5,"HKSK_MARKET_CAP":90315802.5,"PE_TTM":-40.922429768917,"PB_TTM":0.241083866757,"REPORT_DATE_SQ":"2018-12-31 00:00:00","REPORT_TYPE_SQ":"2018年年报","OPERATE_INCOME_SQ":1077937123.32,"DPS_HKD":null,"OPERATE_INCOME_QOQ_SQ":-0.721485516238,"NET_PROFIT_RATIO_SQ":-5.1241143723,"HOLDER_PROFIT_SQ":-53856303.84,"HOLDER_PROFIT_QOQ_SQ":-248.165632350128,"ROE_AVG_SQ":-11.567532537464,"PE_TTM_SQ":-1.15472453589,"PB_TTM_SQ":0.262312015247,"ROA_SQ":-7.97953244194,"START_DATE":"2019-07-01 00:00:00","FISCAL_YEAR":"6-30","CURRENCY":"HKD","IS_CNY_CODE":0,"DPS_HKD_LY":null,"ORG_TYPE":"一般企业","PREMIUM_INCOME":null,"PREMIUM_INCOME_YOY":null,"NET_INTEREST_INCOME":null,"NET_INTEREST_INCOME_YOY":null,"FEE_COMMISSION_INCOME":null,"FEE_COMMISSION_INCOME_YOY":null,"ACCOUNTS_RECE_TDAYS":6.400230823772,"INVENTORY_TDAYS":5.959643203719,"CURRENT_ASSETS_TDAYS":2.578013714979,"TOTAL_ASSETS_TDAYS":1.486788936779,"PREMIUM_EXPENSE":null,"LOAN_DEPOSIT":null,"LOAN_EQUITY":null,"LOAN_ASSETS":null,"DEPOSIT_EQUITY":null,"DEPOSIT_ASSETS":null,"EQUITY_MULTIPLIER":1.881253482514,"EQUITY_RATIO":0.928701787681}],"count":47},"success":true,"message":"ok","code":0}