{"version":"f131aeedb9ac72fd923b87c0ffac58a2","result":{"pages":6,"data":[{"SECUCODE":"00330.HK","SECURITY_CODE":"00330","SECURITY_NAME_ABBR":"思捷环球","ORG_CODE":"10008832","STD_REPORT_DATE":"2024-06-30 00:00:00","REPORT_DATE":"2024-06-30 00:00:00","DATE_TYPE_CODE":"002","REPORT_TYPE":"2024年中报","PER_NETCASH_OPERATE":0.047071663006,"PER_OI":0.501990269176,"BPS":0.036754586182,"BASIC_EPS":-0.0182536,"DILUTED_EPS":-0.0182536,"OPERATE_INCOME":1421042760,"OPERATE_INCOME_YOY":-48.5289256198,"GROSS_PROFIT":595067360,"GROSS_PROFIT_YOY":-52.261591370566,"HOLDER_PROFIT":-51110080,"HOLDER_PROFIT_YOY":92.1568627451,"GROSS_PROFIT_RATIO":41.875401412974,"EPS_TTM":-0.534285599083,"OPERATE_INCOME_QOQ":-25.532957402888,"NET_PROFIT_RATIO":-3.5966602441,"ROE_AVG":-5.384615384615,"GROSS_PROFIT_QOQ":-28.662868215016,"ROA":-1.680168016802,"HOLDER_PROFIT_QOQ":28.645486130536,"ROE_YEARLY":-10.769230769231,"ROIC_YEARLY":-3.631058518398,"TOTAL_ASSETS":825062720,"TOTAL_LIABILITIES":721017200,"TAX_EBT":47.169811320755,"OCF_SALES":9.377007064868,"TOTAL_PARENT_EQUITY":104045520,"DEBT_ASSET_RATIO":87.389380531,"OPERATE_PROFIT":-77577800,"PRETAX_PROFIT":-96744080,"NETCASH_OPERATE":133251280,"NETCASH_INVEST":-269240600,"NETCASH_FINANCE":-195313520,"END_CASH":56586160,"DIVI_RATIO":null,"DIVIDEND_RATE":null,"CURRENT_RATIO":0.585089141005,"COMMON_ACS":30000000000,"CURRENTDEBT_DEBT":78.101265822785,"ISSUED_COMMON_SHARES":2830817343,"HK_COMMON_SHARES":2830817343,"PER_SHARES":2500,"TOTAL_MARKET_CAP":345359715.846,"HKSK_MARKET_CAP":345359715.846,"PE_TTM":-0.20544896838,"PB_TTM":3.029471191632,"REPORT_DATE_SQ":"2023-06-30 00:00:00","REPORT_TYPE_SQ":"2023年中报","OPERATE_INCOME_SQ":2788989500,"DPS_HKD":null,"OPERATE_INCOME_QOQ_SQ":-4.944067718389,"NET_PROFIT_RATIO_SQ":-23.6033057851,"HOLDER_PROFIT_SQ":-658293720,"HOLDER_PROFIT_QOQ_SQ":-112.860544127769,"ROE_AVG_SQ":-18.22125813449,"PE_TTM_SQ":-0.539300212721,"PB_TTM_SQ":0.2082639078,"ROA_SQ":-8.673469387755,"START_DATE":"2024-01-01 00:00:00","FISCAL_YEAR":"12-31","CURRENCY":"HKD","IS_CNY_CODE":0,"DPS_HKD_LY":null,"ORG_TYPE":"一般企业","PREMIUM_INCOME":null,"PREMIUM_INCOME_YOY":null,"NET_INTEREST_INCOME":null,"NET_INTEREST_INCOME_YOY":null,"FEE_COMMISSION_INCOME":null,"FEE_COMMISSION_INCOME_YOY":null,"ACCOUNTS_RECE_TDAYS":3.463848720801,"INVENTORY_TDAYS":1.382734912147,"CURRENT_ASSETS_TDAYS":1.055951169888,"TOTAL_ASSETS_TDAYS":0.467146714671,"PREMIUM_EXPENSE":null,"LOAN_DEPOSIT":null,"LOAN_EQUITY":null,"LOAN_ASSETS":null,"DEPOSIT_EQUITY":null,"DEPOSIT_ASSETS":null,"EQUITY_MULTIPLIER":7.92982456142,"EQUITY_RATIO":6.929824561404},{"SECUCODE":"00330.HK","SECURITY_CODE":"00330","SECURITY_NAME_ABBR":"思捷环球","ORG_CODE":"10008832","STD_REPORT_DATE":"2023-12-31 00:00:00","REPORT_DATE":"2023-12-31 00:00:00","DATE_TYPE_CODE":"001","REPORT_TYPE":"2023年年报","PER_NETCASH_OPERATE":-0.25738180593,"PER_OI":1.89258860281,"BPS":0.629368943357,"BASIC_EPS":-0.7521626,"DILUTED_EPS":-0.7521626,"OPERATE_INCOME":5357572640,"OPERATE_INCOME_YOY":-16.2961914201,"GROSS_PROFIT":2272799760,"GROSS_PROFIT_YOY":-11.592799878495,"HOLDER_PROFIT":-2119648580,"HOLDER_PROFIT_YOY":-252.2590361446,"GROSS_PROFIT_RATIO":42.422192151556,"EPS_TTM":-0.748776174217,"OPERATE_INCOME_QOQ":-10.66597794724,"NET_PROFIT_RATIO":-39.5635994587,"ROE_AVG":-75.439445250766,"GROSS_PROFIT_QOQ":-5.244254534922,"ROA":-32.425313648021,"HOLDER_PROFIT_QOQ":-67.887309169093,"ROE_YEARLY":-75.439445250766,"ROIC_YEARLY":-39.048414023372,"TOTAL_ASSETS":5221639640,"TOTAL_LIABILITIES":3440011120,"TAX_EBT":9.446380178087,"OCF_SALES":-13.599458728011,"TOTAL_PARENT_EQUITY":1781628520,"DEBT_ASSET_RATIO":65.8799028115,"OPERATE_PROFIT":-2308142340,"PRETAX_PROFIT":-2340766260,"NETCASH_OPERATE":-728600880,"NETCASH_INVEST":-121433480,"NETCASH_FINANCE":-596292760,"END_CASH":393299480,"DIVI_RATIO":null,"DIVIDEND_RATE":null,"CURRENT_RATIO":1.042287555377,"COMMON_ACS":30000000000,"CURRENTDEBT_DEBT":65.41095890411,"ISSUED_COMMON_SHARES":2830817343,"HK_COMMON_SHARES":2830817343,"PER_SHARES":2500,"TOTAL_MARKET_CAP":379329523.962,"HKSK_MARKET_CAP":379329523.962,"PE_TTM":-0.22565706363,"PB_TTM":3.327451964579,"REPORT_DATE_SQ":"2022-12-31 00:00:00","REPORT_TYPE_SQ":"2022年年报","OPERATE_INCOME_SQ":6309166010,"DPS_HKD":null,"OPERATE_INCOME_QOQ_SQ":-5.526894659336,"NET_PROFIT_RATIO_SQ":-9.4011043466,"HOLDER_PROFIT_SQ":-593131280,"HOLDER_PROFIT_QOQ_SQ":-367.246807817145,"ROE_AVG_SQ":-14.200171086399,"PE_TTM_SQ":-0.681756872685,"PB_TTM_SQ":0.263277015521,"ROA_SQ":-7.097050021377,"START_DATE":"2023-01-01 00:00:00","FISCAL_YEAR":"12-31","CURRENCY":"HKD","IS_CNY_CODE":0,"DPS_HKD_LY":null,"ORG_TYPE":"一般企业","PREMIUM_INCOME":null,"PREMIUM_INCOME_YOY":null,"NET_INTEREST_INCOME":null,"NET_INTEREST_INCOME_YOY":null,"FEE_COMMISSION_INCOME":null,"FEE_COMMISSION_INCOME_YOY":null,"ACCOUNTS_RECE_TDAYS":6.890442890443,"INVENTORY_TDAYS":2.211825860949,"CURRENT_ASSETS_TDAYS":1.624398955901,"TOTAL_ASSETS_TDAYS":0.819574409094,"PREMIUM_EXPENSE":null,"LOAN_DEPOSIT":null,"LOAN_EQUITY":null,"LOAN_ASSETS":null,"DEPOSIT_EQUITY":null,"DEPOSIT_ASSETS":null,"EQUITY_MULTIPLIER":2.930824008136,"EQUITY_RATIO":1.930824008138},{"SECUCODE":"00330.HK","SECURITY_CODE":"00330","SECURITY_NAME_ABBR":"思捷环球","ORG_CODE":"10008832","STD_REPORT_DATE":"2023-06-30 00:00:00","REPORT_DATE":"2023-06-30 00:00:00","DATE_TYPE_CODE":"002","REPORT_TYPE":"2023年中报","PER_NETCASH_OPERATE":-0.094125543161,"PER_OI":0.985224110943,"BPS":1.173149503345,"BASIC_EPS":-0.23233896,"DILUTED_EPS":-0.23233896,"OPERATE_INCOME":2788989500,"OPERATE_INCOME_YOY":-16.5747380033,"GROSS_PROFIT":1246516960,"GROSS_PROFIT_YOY":-12.140406023933,"HOLDER_PROFIT":-658293720,"HOLDER_PROFIT_YOY":-5592.3076923077,"GROSS_PROFIT_RATIO":44.694214876033,"EPS_TTM":-0.445999270536,"OPERATE_INCOME_QOQ":-4.944067718389,"NET_PROFIT_RATIO":-23.6033057851,"ROE_AVG":-18.22125813449,"GROSS_PROFIT_QOQ":-6.69990543836,"ROA":-8.673469387755,"HOLDER_PROFIT_QOQ":-112.860544127769,"ROE_YEARLY":-36.442516268981,"ROIC_YEARLY":-21.73846856447,"TOTAL_ASSETS":7190522020,"TOTAL_LIABILITIES":3869550060,"TAX_EBT":0.557103064067,"OCF_SALES":-9.553719008264,"TOTAL_PARENT_EQUITY":3320971960,"DEBT_ASSET_RATIO":53.8145916143,"OPERATE_PROFIT":-648151940,"PRETAX_PROFIT":-661981640,"NETCASH_OPERATE":-266452220,"NETCASH_INVEST":-94963940,"NETCASH_FINANCE":-300565480,"END_CASH":1210559740,"DIVI_RATIO":null,"DIVIDEND_RATE":null,"CURRENT_RATIO":1.663251670379,"COMMON_ACS":30000000000,"CURRENTDEBT_DEBT":53.490588515606,"ISSUED_COMMON_SHARES":2830817343,"HK_COMMON_SHARES":2830817343,"PER_SHARES":2500,"TOTAL_MARKET_CAP":379329523.962,"HKSK_MARKET_CAP":379329523.962,"PE_TTM":-0.22565706363,"PB_TTM":3.327451964579,"REPORT_DATE_SQ":"2022-06-30 00:00:00","REPORT_TYPE_SQ":"2022年中报","OPERATE_INCOME_SQ":3100918940,"DPS_HKD":null,"OPERATE_INCOME_QOQ_SQ":-1.778084227326,"NET_PROFIT_RATIO_SQ":0.3585217871,"HOLDER_PROFIT_SQ":11117470,"HOLDER_PROFIT_QOQ_SQ":-28.752038486628,"ROE_AVG_SQ":0.258757961783,"PE_TTM_SQ":-0.681756872685,"PB_TTM_SQ":0.263277015521,"ROA_SQ":0.134485077329,"START_DATE":"2023-01-01 00:00:00","FISCAL_YEAR":"12-31","CURRENCY":"HKD","IS_CNY_CODE":0,"DPS_HKD_LY":null,"ORG_TYPE":"一般企业","PREMIUM_INCOME":null,"PREMIUM_INCOME_YOY":null,"NET_INTEREST_INCOME":null,"NET_INTEREST_INCOME_YOY":null,"FEE_COMMISSION_INCOME":null,"FEE_COMMISSION_INCOME_YOY":null,"ACCOUNTS_RECE_TDAYS":null,"INVENTORY_TDAYS":1.014246741437,"CURRENT_ASSETS_TDAYS":0.718100890208,"TOTAL_ASSETS_TDAYS":0.367468415938,"PREMIUM_EXPENSE":null,"LOAN_DEPOSIT":null,"LOAN_EQUITY":null,"LOAN_ASSETS":null,"DEPOSIT_EQUITY":null,"DEPOSIT_ASSETS":null,"EQUITY_MULTIPLIER":2.165186007773,"EQUITY_RATIO":1.165186007773},{"SECUCODE":"00330.HK","SECURITY_CODE":"00330","SECURITY_NAME_ABBR":"思捷环球","ORG_CODE":"10008832","STD_REPORT_DATE":"2022-12-31 00:00:00","REPORT_DATE":"2022-12-31 00:00:00","DATE_TYPE_CODE":"001","REPORT_TYPE":"2022年年报","PER_NETCASH_OPERATE":0.062794842783,"PER_OI":2.228743590822,"BPS":1.336362608967,"BASIC_EPS":-0.2054521,"DILUTED_EPS":-0.2054521,"OPERATE_INCOME":6309166010,"OPERATE_INCOME_YOY":-15.0673400673,"GROSS_PROFIT":2570831060,"GROSS_PROFIT_YOY":-22.207747588675,"HOLDER_PROFIT":-593131280,"HOLDER_PROFIT_YOY":-274.2782152231,"GROSS_PROFIT_RATIO":40.74755769503,"EPS_TTM":-0.209526510591,"OPERATE_INCOME_QOQ":-5.526894659336,"NET_PROFIT_RATIO":-9.4011043466,"ROE_AVG":-14.200171086399,"GROSS_PROFIT_QOQ":-19.993411953473,"ROA":-7.097050021377,"HOLDER_PROFIT_QOQ":-367.246807817145,"ROE_YEARLY":-14.200171086399,"ROIC_YEARLY":-9.451284606078,"TOTAL_ASSETS":7740184550,"TOTAL_LIABILITIES":3957186100,"TAX_EBT":2.781844802343,"OCF_SALES":2.817499646043,"TOTAL_PARENT_EQUITY":3782998450,"DEBT_ASSET_RATIO":51.1252163878,"OPERATE_PROFIT":-573479340,"PRETAX_PROFIT":-610103410,"NETCASH_OPERATE":177760730,"NETCASH_INVEST":-74141410,"NETCASH_FINANCE":-601170710,"END_CASH":1796365970,"DIVI_RATIO":null,"DIVIDEND_RATE":null,"CURRENT_RATIO":1.906910569106,"COMMON_ACS":30000000000,"CURRENTDEBT_DEBT":55.530474040632,"ISSUED_COMMON_SHARES":2830817343,"HK_COMMON_SHARES":2830817343,"PER_SHARES":2500,"TOTAL_MARKET_CAP":379329523.962,"HKSK_MARKET_CAP":379329523.962,"PE_TTM":-0.22565706363,"PB_TTM":3.327451964579,"REPORT_DATE_SQ":"2021-12-31 00:00:00","REPORT_TYPE_SQ":"2021年年报","OPERATE_INCOME_SQ":6799161600,"DPS_HKD":null,"OPERATE_INCOME_QOQ_SQ":-3.021995295376,"NET_PROFIT_RATIO_SQ":4.5815295815,"HOLDER_PROFIT_SQ":311505600,"HOLDER_PROFIT_QOQ_SQ":104.653467689681,"ROE_AVG_SQ":8.14450619923,"PE_TTM_SQ":-0.681756872685,"PB_TTM_SQ":0.263277015521,"ROA_SQ":3.736026671896,"START_DATE":"2022-01-01 00:00:00","FISCAL_YEAR":"12-31","CURRENCY":"HKD","IS_CNY_CODE":0,"DPS_HKD_LY":null,"ORG_TYPE":"一般企业","PREMIUM_INCOME":null,"PREMIUM_INCOME_YOY":null,"NET_INTEREST_INCOME":null,"NET_INTEREST_INCOME_YOY":null,"FEE_COMMISSION_INCOME":null,"FEE_COMMISSION_INCOME_YOY":null,"ACCOUNTS_RECE_TDAYS":7.989819004525,"INVENTORY_TDAYS":2.623824451411,"CURRENT_ASSETS_TDAYS":1.391998423335,"TOTAL_ASSETS_TDAYS":0.754916631039,"PREMIUM_EXPENSE":null,"LOAN_DEPOSIT":null,"LOAN_EQUITY":null,"LOAN_ASSETS":null,"DEPOSIT_EQUITY":null,"DEPOSIT_ASSETS":null,"EQUITY_MULTIPLIER":2.046044864228,"EQUITY_RATIO":1.046044864227},{"SECUCODE":"00330.HK","SECURITY_CODE":"00330","SECURITY_NAME_ABBR":"思捷环球","ORG_CODE":"10008832","STD_REPORT_DATE":"2022-06-30 00:00:00","REPORT_DATE":"2022-06-30 00:00:00","DATE_TYPE_CODE":"002","REPORT_TYPE":"2022年中报","PER_NETCASH_OPERATE":0.048638104589,"PER_OI":1.095414703343,"BPS":1.489655240536,"BASIC_EPS":0.00342076,"DILUTED_EPS":0.00342076,"OPERATE_INCOME":3100918940,"OPERATE_INCOME_YOY":-6.3533057851,"GROSS_PROFIT":1418760210,"GROSS_PROFIT_YOY":-6.056380862934,"HOLDER_PROFIT":11117470,"HOLDER_PROFIT_YOY":-89.2561983471,"GROSS_PROFIT_RATIO":45.752895752896,"EPS_TTM":0.078401875892,"OPERATE_INCOME_QOQ":-1.778084227326,"NET_PROFIT_RATIO":0.3585217871,"ROE_AVG":0.258757961783,"GROSS_PROFIT_QOQ":-2.767691622988,"ROA":0.134485077329,"HOLDER_PROFIT_QOQ":-28.752038486628,"ROE_YEARLY":0.517515923567,"ROIC_YEARLY":0.362571468414,"TOTAL_ASSETS":7941294340,"TOTAL_LIABILITIES":3724352450,"TAX_EBT":208.333333333333,"OCF_SALES":4.440154440154,"TOTAL_PARENT_EQUITY":4216941890,"DEBT_ASSET_RATIO":46.8985569675,"OPERATE_PROFIT":6841520,"PRETAX_PROFIT":-10262280,"NETCASH_OPERATE":137685590,"NETCASH_INVEST":-50456210,"NETCASH_FINANCE":-296750930,"END_CASH":1968647380,"DIVI_RATIO":null,"DIVIDEND_RATE":null,"CURRENT_RATIO":2.335746606335,"COMMON_ACS":30000000000,"CURRENTDEBT_DEBT":50.746268656716,"ISSUED_COMMON_SHARES":2830817343,"HK_COMMON_SHARES":2830817343,"PER_SHARES":2500,"TOTAL_MARKET_CAP":342528898.503,"HKSK_MARKET_CAP":342528898.503,"PE_TTM":-0.203764960442,"PB_TTM":3.004639460553,"REPORT_DATE_SQ":"2021-06-30 00:00:00","REPORT_TYPE_SQ":"2021年中报","OPERATE_INCOME_SQ":3221813760,"DPS_HKD":null,"OPERATE_INCOME_QOQ_SQ":0,"NET_PROFIT_RATIO_SQ":3.125,"HOLDER_PROFIT_SQ":100681680,"HOLDER_PROFIT_QOQ_SQ":0,"ROE_AVG_SQ":2.631006740596,"PE_TTM_SQ":-0.681756872685,"PB_TTM_SQ":0.263277015521,"ROA_SQ":1.162455567298,"START_DATE":"2022-01-01 00:00:00","FISCAL_YEAR":"12-31","CURRENCY":"HKD","IS_CNY_CODE":0,"DPS_HKD_LY":null,"ORG_TYPE":"一般企业","PREMIUM_INCOME":null,"PREMIUM_INCOME_YOY":null,"NET_INTEREST_INCOME":null,"NET_INTEREST_INCOME_YOY":null,"FEE_COMMISSION_INCOME":null,"FEE_COMMISSION_INCOME_YOY":null,"ACCOUNTS_RECE_TDAYS":null,"INVENTORY_TDAYS":1.308280678417,"CURRENT_ASSETS_TDAYS":0.682926829268,"TOTAL_ASSETS_TDAYS":0.375109915688,"PREMIUM_EXPENSE":null,"LOAN_DEPOSIT":null,"LOAN_EQUITY":null,"LOAN_ASSETS":null,"DEPOSIT_EQUITY":null,"DEPOSIT_ASSETS":null,"EQUITY_MULTIPLIER":1.883187994322,"EQUITY_RATIO":0.883187994322},{"SECUCODE":"00330.HK","SECURITY_CODE":"00330","SECURITY_NAME_ABBR":"思捷环球","ORG_CODE":"10008832","STD_REPORT_DATE":"2021-12-31 00:00:00","REPORT_DATE":"2021-12-31 00:00:00","DATE_TYPE_CODE":"001","REPORT_TYPE":"2021年年报","PER_NETCASH_OPERATE":0.161739859738,"PER_OI":2.401836917106,"BPS":1.477897968354,"BASIC_EPS":0.12264,"DILUTED_EPS":0.12264,"OPERATE_INCOME":6799161600,"OPERATE_INCOME_YOY":null,"GROSS_PROFIT":3304739200,"GROSS_PROFIT_YOY":null,"HOLDER_PROFIT":311505600,"HOLDER_PROFIT_YOY":null,"GROSS_PROFIT_RATIO":48.605098605099,"EPS_TTM":0.110040868857,"OPERATE_INCOME_QOQ":-3.021995295376,"NET_PROFIT_RATIO":4.5815295815,"ROE_AVG":8.14450619923,"GROSS_PROFIT_QOQ":28.899151119819,"ROA":3.736026671896,"HOLDER_PROFIT_QOQ":104.653467689681,"ROE_YEARLY":8.14450619923,"ROIC_YEARLY":4.923752907728,"TOTAL_ASSETS":8214427200,"TOTAL_LIABILITIES":4030768000,"TAX_EBT":1.295336787565,"OCF_SALES":6.734006734007,"TOTAL_PARENT_EQUITY":4183659200,"DEBT_ASSET_RATIO":49.0693739425,"OPERATE_PROFIT":340121600,"PRETAX_PROFIT":315593600,"NETCASH_OPERATE":457856000,"NETCASH_INVEST":-29433600,"NETCASH_FINANCE":-26163200,"END_CASH":2165004800,"DIVI_RATIO":null,"DIVIDEND_RATE":null,"CURRENT_RATIO":2.229166666667,"COMMON_ACS":30000000000,"CURRENTDEBT_DEBT":49.655172413793,"ISSUED_COMMON_SHARES":2830817343,"HK_COMMON_SHARES":2830817343,"PER_SHARES":2500,"TOTAL_MARKET_CAP":379329523.962,"HKSK_MARKET_CAP":379329523.962,"PE_TTM":-0.22565706363,"PB_TTM":3.327451964579,"REPORT_DATE_SQ":"2020-12-31 00:00:00","REPORT_TYPE_SQ":"2020年年报","OPERATE_INCOME_SQ":null,"DPS_HKD":null,"OPERATE_INCOME_QOQ_SQ":0,"NET_PROFIT_RATIO_SQ":null,"HOLDER_PROFIT_SQ":null,"HOLDER_PROFIT_QOQ_SQ":0,"ROE_AVG_SQ":null,"PE_TTM_SQ":-0.681756872685,"PB_TTM_SQ":0.263277015521,"ROA_SQ":null,"START_DATE":"2021-01-01 00:00:00","FISCAL_YEAR":"12-31","CURRENCY":"HKD","IS_CNY_CODE":0,"DPS_HKD_LY":null,"ORG_TYPE":"一般企业","PREMIUM_INCOME":null,"PREMIUM_INCOME_YOY":null,"NET_INTEREST_INCOME":null,"NET_INTEREST_INCOME_YOY":null,"FEE_COMMISSION_INCOME":null,"FEE_COMMISSION_INCOME_YOY":null,"ACCOUNTS_RECE_TDAYS":null,"INVENTORY_TDAYS":3.147275405007,"CURRENT_ASSETS_TDAYS":1.553956834532,"TOTAL_ASSETS_TDAYS":0.81545401059,"PREMIUM_EXPENSE":null,"LOAN_DEPOSIT":null,"LOAN_EQUITY":null,"LOAN_ASSETS":null,"DEPOSIT_EQUITY":null,"DEPOSIT_ASSETS":null,"EQUITY_MULTIPLIER":1.963455149503,"EQUITY_RATIO":0.963455149502},{"SECUCODE":"00330.HK","SECURITY_CODE":"00330","SECURITY_NAME_ABBR":"思捷环球","ORG_CODE":"10008832","STD_REPORT_DATE":"2021-06-30 00:00:00","REPORT_DATE":"2021-06-30 00:00:00","DATE_TYPE_CODE":"002","REPORT_TYPE":"2021年中报","PER_NETCASH_OPERATE":0.011169579725,"PER_OI":1.138121386732,"BPS":1.457630154133,"BASIC_EPS":0.04243608,"DILUTED_EPS":0.04243608,"OPERATE_INCOME":3221813760,"OPERATE_INCOME_YOY":-5.8136706397,"GROSS_PROFIT":1510225200,"GROSS_PROFIT_YOY":11.863203673141,"HOLDER_PROFIT":100681680,"HOLDER_PROFIT_YOY":103.305107894,"GROSS_PROFIT_RATIO":46.875,"EPS_TTM":-2.364706842196,"OPERATE_INCOME_QOQ":0,"NET_PROFIT_RATIO":3.125,"ROE_AVG":2.631006740596,"GROSS_PROFIT_QOQ":0,"ROA":1.162455567298,"HOLDER_PROFIT_QOQ":0,"ROE_YEARLY":5.262013481192,"ROIC_YEARLY":3.0409650666,"TOTAL_ASSETS":8711045520,"TOTAL_LIABILITIES":4584760800,"TAX_EBT":12.31884057971,"OCF_SALES":0.981404958678,"TOTAL_PARENT_EQUITY":4126284720,"DEBT_ASSET_RATIO":52.6315789474,"OPERATE_PROFIT":136461120,"PRETAX_PROFIT":114827040,"NETCASH_OPERATE":31619040,"NETCASH_INVEST":-7488720,"NETCASH_FINANCE":317854560,"END_CASH":2188370400,"DIVI_RATIO":null,"DIVIDEND_RATE":null,"CURRENT_RATIO":1.925305410122,"COMMON_ACS":30000000000,"CURRENTDEBT_DEBT":51.996370235935,"ISSUED_COMMON_SHARES":2830817343,"HK_COMMON_SHARES":2830817343,"PER_SHARES":2500,"TOTAL_MARKET_CAP":342528898.503,"HKSK_MARKET_CAP":342528898.503,"PE_TTM":-0.203764960442,"PB_TTM":3.004639460553,"REPORT_DATE_SQ":"2020-06-30 00:00:00","REPORT_TYPE_SQ":"2020年中报","OPERATE_INCOME_SQ":3755151840,"DPS_HKD":null,"OPERATE_INCOME_QOQ_SQ":-33.919094786077,"NET_PROFIT_RATIO_SQ":-89.0537582097,"HOLDER_PROFIT_SQ":-3344103840,"HOLDER_PROFIT_QOQ_SQ":-964.251561888853,"ROE_AVG_SQ":null,"PE_TTM_SQ":-0.681756872685,"PB_TTM_SQ":0.263277015521,"ROA_SQ":null,"START_DATE":"2021-01-01 00:00:00","FISCAL_YEAR":"12-31","CURRENCY":"HKD","IS_CNY_CODE":0,"DPS_HKD_LY":null,"ORG_TYPE":"一般企业","PREMIUM_INCOME":null,"PREMIUM_INCOME_YOY":null,"NET_INTEREST_INCOME":null,"NET_INTEREST_INCOME_YOY":null,"FEE_COMMISSION_INCOME":null,"FEE_COMMISSION_INCOME_YOY":null,"ACCOUNTS_RECE_TDAYS":2.400495970242,"INVENTORY_TDAYS":1.612068965517,"CURRENT_ASSETS_TDAYS":0.719568853373,"TOTAL_ASSETS_TDAYS":0.371985781535,"PREMIUM_EXPENSE":null,"LOAN_DEPOSIT":null,"LOAN_EQUITY":null,"LOAN_ASSETS":null,"DEPOSIT_EQUITY":null,"DEPOSIT_ASSETS":null,"EQUITY_MULTIPLIER":2.111111111113,"EQUITY_RATIO":1.111111111111},{"SECUCODE":"00330.HK","SECURITY_CODE":"00330","SECURITY_NAME_ABBR":"思捷环球","ORG_CODE":"10008832","STD_REPORT_DATE":"2020-06-30 00:00:00","REPORT_DATE":"2020-06-30 00:00:00","DATE_TYPE_CODE":"002","REPORT_TYPE":"2020年中报","PER_NETCASH_OPERATE":0.09341502752,"PER_OI":1.989788487741,"BPS":null,"BASIC_EPS":-1.6350576,"DILUTED_EPS":-1.6350576,"OPERATE_INCOME":3755151840,"OPERATE_INCOME_YOY":-28.6656255423,"GROSS_PROFIT":1350064320,"GROSS_PROFIT_YOY":-46.800625818655,"HOLDER_PROFIT":-3344103840,"HOLDER_PROFIT_YOY":-1006.0422960725,"GROSS_PROFIT_RATIO":35.952323035758,"EPS_TTM":-3.547060263294,"OPERATE_INCOME_QOQ":-33.919094786077,"NET_PROFIT_RATIO":-89.0537582097,"ROE_AVG":null,"GROSS_PROFIT_QOQ":-50.838799582184,"ROA":null,"HOLDER_PROFIT_QOQ":-964.251561888853,"ROE_YEARLY":null,"ROIC_YEARLY":null,"TOTAL_ASSETS":null,"TOTAL_LIABILITIES":null,"TAX_EBT":-15.891104779994,"OCF_SALES":4.694721478959,"TOTAL_PARENT_EQUITY":null,"DEBT_ASSET_RATIO":null,"OPERATE_PROFIT":-2849019360,"PRETAX_PROFIT":-2885556960,"NETCASH_OPERATE":176293920,"NETCASH_INVEST":20095680,"NETCASH_FINANCE":-581861280,"END_CASH":2037884640,"DIVI_RATIO":null,"DIVIDEND_RATE":null,"CURRENT_RATIO":null,"COMMON_ACS":30000000000,"CURRENTDEBT_DEBT":null,"ISSUED_COMMON_SHARES":2830817343,"HK_COMMON_SHARES":2830817343,"PER_SHARES":2500,"TOTAL_MARKET_CAP":379329523.962,"HKSK_MARKET_CAP":379329523.962,"PE_TTM":-0.22565706363,"PB_TTM":3.327451964579,"REPORT_DATE_SQ":"2019-06-30 00:00:00","REPORT_TYPE_SQ":"2019年中报","OPERATE_INCOME_SQ":5162380140,"DPS_HKD":null,"OPERATE_INCOME_QOQ_SQ":-7.05012130224,"NET_PROFIT_RATIO_SQ":-5.7435363526,"HOLDER_PROFIT_SQ":-296503180,"HOLDER_PROFIT_QOQ_SQ":35.17420447939,"ROE_AVG_SQ":-5.071631042672,"PE_TTM_SQ":-0.681756872685,"PB_TTM_SQ":0.263277015521,"ROA_SQ":-2.707455727782,"START_DATE":"2020-01-01 00:00:00","FISCAL_YEAR":"12-31","CURRENCY":"HKD","IS_CNY_CODE":0,"DPS_HKD_LY":null,"ORG_TYPE":"一般企业","PREMIUM_INCOME":null,"PREMIUM_INCOME_YOY":null,"NET_INTEREST_INCOME":null,"NET_INTEREST_INCOME_YOY":null,"FEE_COMMISSION_INCOME":null,"FEE_COMMISSION_INCOME_YOY":null,"ACCOUNTS_RECE_TDAYS":null,"INVENTORY_TDAYS":null,"CURRENT_ASSETS_TDAYS":1.624901185771,"TOTAL_ASSETS_TDAYS":0.836929967427,"PREMIUM_EXPENSE":null,"LOAN_DEPOSIT":null,"LOAN_EQUITY":null,"LOAN_ASSETS":null,"DEPOSIT_EQUITY":null,"DEPOSIT_ASSETS":null,"EQUITY_MULTIPLIER":null,"EQUITY_RATIO":null},{"SECUCODE":"00330.HK","SECURITY_CODE":"00330","SECURITY_NAME_ABBR":"思捷环球","ORG_CODE":"10008832","STD_REPORT_DATE":"2019-12-31 00:00:00","REPORT_DATE":"2020-06-30 00:00:00","DATE_TYPE_CODE":"001","REPORT_TYPE":"2019年年报","PER_NETCASH_OPERATE":0.175213678561,"PER_OI":4.460688567994,"BPS":0.893815634646,"BASIC_EPS":-1.9364928,"DILUTED_EPS":-1.9364928,"OPERATE_INCOME":8418263040,"OPERATE_INCOME_YOY":-21.1026453215,"GROSS_PROFIT":3751498080,"GROSS_PROFIT_YOY":-28.612090219202,"HOLDER_PROFIT":-3646452480,"HOLDER_PROFIT_YOY":-86.1940298507,"GROSS_PROFIT_RATIO":44.563802083333,"EPS_TTM":-0.333291525267,"OPERATE_INCOME_QOQ":-6.733518023536,"NET_PROFIT_RATIO":-43.3159722222,"ROE_AVG":-84.19276600232,"GROSS_PROFIT_QOQ":-8.805290214997,"ROA":-39.087437579556,"HOLDER_PROFIT_QOQ":66.649278461047,"ROE_YEARLY":-84.19276600232,"ROIC_YEARLY":-53.742595584276,"TOTAL_ASSETS":8973634560,"TOTAL_LIABILITIES":6443405760,"TAX_EBT":-13.471023427867,"OCF_SALES":3.927951388889,"TOTAL_PARENT_EQUITY":2530228800,"DEBT_ASSET_RATIO":71.8037459283,"OPERATE_PROFIT":-2929402080,"PRETAX_PROFIT":-2963199360,"NETCASH_OPERATE":330665280,"NETCASH_INVEST":30143520,"NETCASH_FINANCE":-1203913920,"END_CASH":2037884640,"DIVI_RATIO":null,"DIVIDEND_RATE":null,"CURRENT_RATIO":1.163753449862,"COMMON_ACS":30000000000,"CURRENTDEBT_DEBT":61.638786504111,"ISSUED_COMMON_SHARES":2830817343,"HK_COMMON_SHARES":2830817343,"PER_SHARES":2500,"TOTAL_MARKET_CAP":379329523.962,"HKSK_MARKET_CAP":379329523.962,"PE_TTM":-0.22565706363,"PB_TTM":3.327451964579,"REPORT_DATE_SQ":"2018-12-31 00:00:00","REPORT_TYPE_SQ":"2018年年报","OPERATE_INCOME_SQ":10275308460,"DPS_HKD":null,"OPERATE_INCOME_QOQ_SQ":-6.074478723722,"NET_PROFIT_RATIO_SQ":-16.5790287659,"HOLDER_PROFIT_SQ":-1885991040,"HOLDER_PROFIT_QOQ_SQ":-35.111335864111,"ROE_AVG_SQ":-27.244424677553,"PE_TTM_SQ":-0.681756872685,"PB_TTM_SQ":0.263277015521,"ROA_SQ":-18.396327598782,"START_DATE":"2019-07-01 00:00:00","FISCAL_YEAR":"6-30","CURRENCY":"HKD","IS_CNY_CODE":0,"DPS_HKD_LY":null,"ORG_TYPE":"一般企业","PREMIUM_INCOME":null,"PREMIUM_INCOME_YOY":null,"NET_INTEREST_INCOME":null,"NET_INTEREST_INCOME_YOY":null,"FEE_COMMISSION_INCOME":null,"FEE_COMMISSION_INCOME_YOY":null,"ACCOUNTS_RECE_TDAYS":6.243902439024,"INVENTORY_TDAYS":3.285530546624,"CURRENT_ASSETS_TDAYS":1.566547679755,"TOTAL_ASSETS_TDAYS":0.902379320474,"PREMIUM_EXPENSE":null,"LOAN_DEPOSIT":null,"LOAN_EQUITY":null,"LOAN_ASSETS":null,"DEPOSIT_EQUITY":null,"DEPOSIT_ASSETS":null,"EQUITY_MULTIPLIER":3.546570397107,"EQUITY_RATIO":2.546570397112}],"count":49},"success":true,"message":"ok","code":0}