{"version":"c619f429eaa998d3016dcc15990ee643","result":{"pages":5,"data":[{"SECUCODE":"00334.HK","SECURITY_CODE":"00334","SECURITY_NAME_ABBR":"华显光电","ORG_CODE":"10008836","STD_REPORT_DATE":"2024-06-30 00:00:00","REPORT_DATE":"2024-06-30 00:00:00","DATE_TYPE_CODE":"002","REPORT_TYPE":"2024年中报","PER_NETCASH_OPERATE":0.128983577207,"PER_OI":0.870734094475,"BPS":0.480155225299,"BASIC_EPS":0.0033,"DILUTED_EPS":0.0033,"OPERATE_INCOME":1841000000,"OPERATE_INCOME_YOY":50.0579936244,"GROSS_PROFIT":69605000,"GROSS_PROFIT_YOY":-19.785880563302,"HOLDER_PROFIT":6974000,"HOLDER_PROFIT_YOY":194.0145591804,"GROSS_PROFIT_RATIO":3.78082563824,"EPS_TTM":0.012996214801,"OPERATE_INCOME_QOQ":23.833420133297,"NET_PROFIT_RATIO":0.3788158609,"ROE_AVG":0.688911235753,"GROSS_PROFIT_QOQ":-9.86435010428,"ROA":0.258045466546,"HOLDER_PROFIT_QOQ":109.980131438178,"ROE_YEARLY":1.377822471506,"ROIC_YEARLY":0.759434192125,"TOTAL_ASSETS":2873372000,"TOTAL_LIABILITIES":1858176000,"TAX_EBT":520.881110440555,"OCF_SALES":14.81319934818,"TOTAL_PARENT_EQUITY":1015196000,"DEBT_ASSET_RATIO":64.6688281225,"OPERATE_PROFIT":-1606000,"PRETAX_PROFIT":-1657000,"NETCASH_OPERATE":272711000,"NETCASH_INVEST":-266155000,"NETCASH_FINANCE":-3161000,"END_CASH":36286000,"DIVI_RATIO":null,"DIVIDEND_RATE":null,"CURRENT_RATIO":1.000687433616,"COMMON_ACS":4000000000,"CURRENTDEBT_DEBT":98.953113160433,"ISSUED_COMMON_SHARES":2114307929,"HK_COMMON_SHARES":2114307929,"PER_SHARES":8000,"TOTAL_MARKET_CAP":399604198.581,"HKSK_MARKET_CAP":399604198.581,"PE_TTM":13.263917634175,"PB_TTM":0.359251573057,"REPORT_DATE_SQ":"2023-06-30 00:00:00","REPORT_TYPE_SQ":"2023年中报","OPERATE_INCOME_SQ":1226859000,"DPS_HKD":null,"OPERATE_INCOME_QOQ_SQ":-35.842883790559,"NET_PROFIT_RATIO_SQ":-0.6046334583,"HOLDER_PROFIT_SQ":-7418000,"HOLDER_PROFIT_QOQ_SQ":-83.650939210176,"ROE_AVG_SQ":-0.747948510732,"PE_TTM_SQ":15.954748195253,"PB_TTM_SQ":0.366719423253,"ROA_SQ":-0.286570531486,"START_DATE":"2024-01-01 00:00:00","FISCAL_YEAR":"12-31","CURRENCY":"HKD","IS_CNY_CODE":0,"DPS_HKD_LY":null,"ORG_TYPE":"一般企业","PREMIUM_INCOME":null,"PREMIUM_INCOME_YOY":null,"NET_INTEREST_INCOME":null,"NET_INTEREST_INCOME_YOY":null,"FEE_COMMISSION_INCOME":null,"FEE_COMMISSION_INCOME_YOY":null,"ACCOUNTS_RECE_TDAYS":3.060981875196,"INVENTORY_TDAYS":8.723956473668,"CURRENT_ASSETS_TDAYS":1.034454469956,"TOTAL_ASSETS_TDAYS":0.681189710224,"PREMIUM_EXPENSE":null,"LOAN_DEPOSIT":null,"LOAN_EQUITY":null,"LOAN_ASSETS":null,"DEPOSIT_EQUITY":null,"DEPOSIT_ASSETS":null,"EQUITY_MULTIPLIER":2.830361821757,"EQUITY_RATIO":1.830361821757},{"SECUCODE":"00334.HK","SECURITY_CODE":"00334","SECURITY_NAME_ABBR":"华显光电","ORG_CODE":"10008836","STD_REPORT_DATE":"2023-12-31 00:00:00","REPORT_DATE":"2023-12-31 00:00:00","DATE_TYPE_CODE":"001","REPORT_TYPE":"2023年年报","PER_NETCASH_OPERATE":0.046086948199,"PER_OI":1.218746789271,"BPS":0.477436605215,"BASIC_EPS":0.0062,"DILUTED_EPS":0.0062,"OPERATE_INCOME":2576806000,"OPERATE_INCOME_YOY":-38.7692088348,"GROSS_PROFIT":174051000,"GROSS_PROFIT_YOY":-49.366098026438,"HOLDER_PROFIT":13086000,"HOLDER_PROFIT_YOY":-92.2579500074,"GROSS_PROFIT_RATIO":6.754524787663,"EPS_TTM":0.006189259294,"OPERATE_INCOME_QOQ":-4.561185441541,"NET_PROFIT_RATIO":0.5078379979,"ROE_AVG":1.302340301342,"GROSS_PROFIT_QOQ":-21.464926767198,"ROA":0.511966022295,"HOLDER_PROFIT_QOQ":-52.645292031555,"ROE_YEARLY":1.302340301342,"ROIC_YEARLY":0.657835041052,"TOTAL_ASSETS":2531877000,"TOTAL_LIABILITIES":1522429000,"TAX_EBT":28.674987736415,"OCF_SALES":3.781503147695,"TOTAL_PARENT_EQUITY":1009448000,"DEBT_ASSET_RATIO":60.130448675,"OPERATE_PROFIT":18998000,"PRETAX_PROFIT":18347000,"NETCASH_OPERATE":97442000,"NETCASH_INVEST":-308269000,"NETCASH_FINANCE":-64575000,"END_CASH":23178000,"DIVI_RATIO":null,"DIVIDEND_RATE":null,"CURRENT_RATIO":1.138813363651,"COMMON_ACS":4000000000,"CURRENTDEBT_DEBT":99.170273293533,"ISSUED_COMMON_SHARES":2114307929,"HK_COMMON_SHARES":2114307929,"PER_SHARES":8000,"TOTAL_MARKET_CAP":444004665.09,"HKSK_MARKET_CAP":444004665.09,"PE_TTM":14.737686260195,"PB_TTM":0.399168414507,"REPORT_DATE_SQ":"2022-12-31 00:00:00","REPORT_TYPE_SQ":"2022年年报","OPERATE_INCOME_SQ":4208350000,"DPS_HKD":null,"OPERATE_INCOME_QOQ_SQ":-26.463508716442,"NET_PROFIT_RATIO_SQ":4.016419737,"HOLDER_PROFIT_SQ":169025000,"HOLDER_PROFIT_QOQ_SQ":-26.39438067202,"ROE_AVG_SQ":18.455915993235,"PE_TTM_SQ":18.97321407003,"PB_TTM_SQ":0.436098773598,"ROA_SQ":6.183186196487,"START_DATE":"2023-01-01 00:00:00","FISCAL_YEAR":"12-31","CURRENCY":"HKD","IS_CNY_CODE":0,"DPS_HKD_LY":null,"ORG_TYPE":"一般企业","PREMIUM_INCOME":null,"PREMIUM_INCOME_YOY":null,"NET_INTEREST_INCOME":null,"NET_INTEREST_INCOME_YOY":null,"FEE_COMMISSION_INCOME":null,"FEE_COMMISSION_INCOME_YOY":null,"ACCOUNTS_RECE_TDAYS":4.04750243858,"INVENTORY_TDAYS":14.311909938351,"CURRENT_ASSETS_TDAYS":1.422028532665,"TOTAL_ASSETS_TDAYS":1.008128624519,"PREMIUM_EXPENSE":null,"LOAN_DEPOSIT":null,"LOAN_EQUITY":null,"LOAN_ASSETS":null,"DEPOSIT_EQUITY":null,"DEPOSIT_ASSETS":null,"EQUITY_MULTIPLIER":2.508179718022,"EQUITY_RATIO":1.508179718024},{"SECUCODE":"00334.HK","SECURITY_CODE":"00334","SECURITY_NAME_ABBR":"华显光电","ORG_CODE":"10008836","STD_REPORT_DATE":"2023-06-30 00:00:00","REPORT_DATE":"2023-06-30 00:00:00","DATE_TYPE_CODE":"002","REPORT_TYPE":"2023年中报","PER_NETCASH_OPERATE":-0.069697510934,"PER_OI":0.580265051827,"BPS":0.465113896851,"BASIC_EPS":-0.0035,"DILUTED_EPS":-0.0035,"OPERATE_INCOME":1226859000,"OPERATE_INCOME_YOY":-55.1464160719,"GROSS_PROFIT":86774000,"GROSS_PROFIT_YOY":-58.46066942402,"HOLDER_PROFIT":-7418000,"HOLDER_PROFIT_YOY":-105.5369365469,"GROSS_PROFIT_RATIO":7.072858413232,"EPS_TTM":0.013069997809,"OPERATE_INCOME_QOQ":-35.842883790559,"NET_PROFIT_RATIO":-0.6046334583,"ROE_AVG":-0.747948510732,"GROSS_PROFIT_QOQ":-35.527020107987,"ROA":-0.286570531486,"HOLDER_PROFIT_QOQ":-83.650939210176,"ROE_YEARLY":-1.495897021465,"ROIC_YEARLY":-0.705248218994,"TOTAL_ASSETS":2596904000,"TOTAL_LIABILITIES":1613510000,"TAX_EBT":33.026363308053,"OCF_SALES":-12.011323224592,"TOTAL_PARENT_EQUITY":983394000,"DEBT_ASSET_RATIO":62.1320618706,"OPERATE_PROFIT":-10484000,"PRETAX_PROFIT":-11076000,"NETCASH_OPERATE":-147362000,"NETCASH_INVEST":610023000,"NETCASH_FINANCE":-60533000,"END_CASH":690800000,"DIVI_RATIO":null,"DIVIDEND_RATE":null,"CURRENT_RATIO":1.122729079106,"COMMON_ACS":4000000000,"CURRENTDEBT_DEBT":98.563008596166,"ISSUED_COMMON_SHARES":2114307929,"HK_COMMON_SHARES":2114307929,"PER_SHARES":8000,"TOTAL_MARKET_CAP":444004665.09,"HKSK_MARKET_CAP":444004665.09,"PE_TTM":14.737686260195,"PB_TTM":0.399168414507,"REPORT_DATE_SQ":"2022-06-30 00:00:00","REPORT_TYPE_SQ":"2022年中报","OPERATE_INCOME_SQ":2735253000,"DPS_HKD":null,"OPERATE_INCOME_QOQ_SQ":-2.008340961635,"NET_PROFIT_RATIO_SQ":4.8980112626,"HOLDER_PROFIT_SQ":133973000,"HOLDER_PROFIT_QOQ_SQ":18.849985767151,"ROE_AVG_SQ":14.973366624122,"PE_TTM_SQ":18.97321407003,"PB_TTM_SQ":0.436098773598,"ROA_SQ":4.809330833413,"START_DATE":"2023-01-01 00:00:00","FISCAL_YEAR":"12-31","CURRENCY":"HKD","IS_CNY_CODE":0,"DPS_HKD_LY":null,"ORG_TYPE":"一般企业","PREMIUM_INCOME":null,"PREMIUM_INCOME_YOY":null,"NET_INTEREST_INCOME":null,"NET_INTEREST_INCOME_YOY":null,"FEE_COMMISSION_INCOME":null,"FEE_COMMISSION_INCOME_YOY":null,"ACCOUNTS_RECE_TDAYS":1.506291977981,"INVENTORY_TDAYS":8.755471761869,"CURRENT_ASSETS_TDAYS":0.66491863837,"TOTAL_ASSETS_TDAYS":0.473957449028,"PREMIUM_EXPENSE":null,"LOAN_DEPOSIT":null,"LOAN_EQUITY":null,"LOAN_ASSETS":null,"DEPOSIT_EQUITY":null,"DEPOSIT_ASSETS":null,"EQUITY_MULTIPLIER":2.640756400792,"EQUITY_RATIO":1.640756400792},{"SECUCODE":"00334.HK","SECURITY_CODE":"00334","SECURITY_NAME_ABBR":"华显光电","ORG_CODE":"10008836","STD_REPORT_DATE":"2022-12-31 00:00:00","REPORT_DATE":"2022-12-31 00:00:00","DATE_TYPE_CODE":"001","REPORT_TYPE":"2022年年报","PER_NETCASH_OPERATE":0.061245099743,"PER_OI":1.990414897602,"BPS":0.473046043238,"BASIC_EPS":0.0806,"DILUTED_EPS":0.0806,"OPERATE_INCOME":4208350000,"OPERATE_INCOME_YOY":-27.9403721926,"GROSS_PROFIT":343744000,"GROSS_PROFIT_YOY":-30.505102783484,"HOLDER_PROFIT":169025000,"HOLDER_PROFIT_YOY":-12.5197319049,"GROSS_PROFIT_RATIO":8.168141908349,"EPS_TTM":0.079943416795,"OPERATE_INCOME_QOQ":-26.463508716442,"NET_PROFIT_RATIO":4.016419737,"ROE_AVG":18.455915993235,"GROSS_PROFIT_QOQ":-28.370848562391,"ROA":6.183186196487,"HOLDER_PROFIT_QOQ":-26.39438067202,"ROE_YEARLY":18.455915993235,"ROIC_YEARLY":8.175670626282,"TOTAL_ASSETS":2580181000,"TOTAL_LIABILITIES":1580016000,"TAX_EBT":-0.786495414595,"OCF_SALES":3.077001675241,"TOTAL_PARENT_EQUITY":1000165000,"DEBT_ASSET_RATIO":61.2366341741,"OPERATE_PROFIT":169352000,"PRETAX_PROFIT":167706000,"NETCASH_OPERATE":129491000,"NETCASH_INVEST":-887294000,"NETCASH_FINANCE":-33391000,"END_CASH":278972000,"DIVI_RATIO":null,"DIVIDEND_RATE":null,"CURRENT_RATIO":1.266135373951,"COMMON_ACS":4000000000,"CURRENTDEBT_DEBT":95.213023159259,"ISSUED_COMMON_SHARES":2114307929,"HK_COMMON_SHARES":2114307929,"PER_SHARES":8000,"TOTAL_MARKET_CAP":444004665.09,"HKSK_MARKET_CAP":444004665.09,"PE_TTM":14.737686260195,"PB_TTM":0.399168414507,"REPORT_DATE_SQ":"2021-12-31 00:00:00","REPORT_TYPE_SQ":"2021年年报","OPERATE_INCOME_SQ":5840094000,"DPS_HKD":null,"OPERATE_INCOME_QOQ_SQ":0.107339395444,"NET_PROFIT_RATIO_SQ":3.4196538617,"HOLDER_PROFIT_SQ":193215000,"HOLDER_PROFIT_QOQ_SQ":-8.526885894729,"ROE_AVG_SQ":26.277655186952,"PE_TTM_SQ":18.97321407003,"PB_TTM_SQ":0.436098773598,"ROA_SQ":6.438623141354,"START_DATE":"2022-01-01 00:00:00","FISCAL_YEAR":"12-31","CURRENCY":"HKD","IS_CNY_CODE":0,"DPS_HKD_LY":null,"ORG_TYPE":"一般企业","PREMIUM_INCOME":null,"PREMIUM_INCOME_YOY":null,"NET_INTEREST_INCOME":null,"NET_INTEREST_INCOME_YOY":null,"FEE_COMMISSION_INCOME":null,"FEE_COMMISSION_INCOME_YOY":null,"ACCOUNTS_RECE_TDAYS":5.410563735653,"INVENTORY_TDAYS":14.292816249242,"CURRENT_ASSETS_TDAYS":1.976425756585,"TOTAL_ASSETS_TDAYS":1.539477096878,"PREMIUM_EXPENSE":null,"LOAN_DEPOSIT":null,"LOAN_EQUITY":null,"LOAN_ASSETS":null,"DEPOSIT_EQUITY":null,"DEPOSIT_ASSETS":null,"EQUITY_MULTIPLIER":2.579755340368,"EQUITY_RATIO":1.579755340369},{"SECUCODE":"00334.HK","SECURITY_CODE":"00334","SECURITY_NAME_ABBR":"华显光电","ORG_CODE":"10008836","STD_REPORT_DATE":"2022-06-30 00:00:00","REPORT_DATE":"2022-06-30 00:00:00","DATE_TYPE_CODE":"002","REPORT_TYPE":"2022年中报","PER_NETCASH_OPERATE":0.001202284665,"PER_OI":1.293687150525,"BPS":0.453097198786,"BASIC_EPS":0.0644,"DILUTED_EPS":0.0644,"OPERATE_INCOME":2735253000,"OPERATE_INCOME_YOY":-4.1117361287,"GROSS_PROFIT":208896000,"GROSS_PROFIT_YOY":-6.590232254487,"HOLDER_PROFIT":133973000,"HOLDER_PROFIT_YOY":37.3349598163,"GROSS_PROFIT_RATIO":7.63717286847,"EPS_TTM":0.108610480456,"OPERATE_INCOME_QOQ":-2.008340961635,"NET_PROFIT_RATIO":4.8980112626,"ROE_AVG":14.973366624122,"GROSS_PROFIT_QOQ":-2.979588866066,"ROA":4.809330833413,"HOLDER_PROFIT_QOQ":18.849985767151,"ROE_YEARLY":29.946733248244,"ROIC_YEARLY":15.385609201989,"TOTAL_ASSETS":2684313000,"TOTAL_LIABILITIES":1726326000,"TAX_EBT":-18.412423436243,"OCF_SALES":0.092934730352,"TOTAL_PARENT_EQUITY":957987000,"DEBT_ASSET_RATIO":64.3116506905,"OPERATE_PROFIT":113934000,"PRETAX_PROFIT":113141000,"NETCASH_OPERATE":2542000,"NETCASH_INVEST":-65604000,"NETCASH_FINANCE":4134000,"END_CASH":1015860000,"DIVI_RATIO":null,"DIVIDEND_RATE":null,"CURRENT_RATIO":1.28828422042,"COMMON_ACS":4000000000,"CURRENTDEBT_DEBT":97.627446959613,"ISSUED_COMMON_SHARES":2114307929,"HK_COMMON_SHARES":2114307929,"PER_SHARES":8000,"TOTAL_MARKET_CAP":444004665.09,"HKSK_MARKET_CAP":444004665.09,"PE_TTM":14.737686260195,"PB_TTM":0.399168414507,"REPORT_DATE_SQ":"2021-06-30 00:00:00","REPORT_TYPE_SQ":"2021年中报","OPERATE_INCOME_SQ":2852542000,"DPS_HKD":null,"OPERATE_INCOME_QOQ_SQ":34.024688453696,"NET_PROFIT_RATIO_SQ":3.6475536557,"HOLDER_PROFIT_SQ":97552000,"HOLDER_PROFIT_QOQ_SQ":739.965005766095,"ROE_AVG_SQ":14.18326496282,"PE_TTM_SQ":18.97321407003,"PB_TTM_SQ":0.436098773598,"ROA_SQ":3.300812006792,"START_DATE":"2022-01-01 00:00:00","FISCAL_YEAR":"12-31","CURRENCY":"HKD","IS_CNY_CODE":0,"DPS_HKD_LY":null,"ORG_TYPE":"一般企业","PREMIUM_INCOME":null,"PREMIUM_INCOME_YOY":null,"NET_INTEREST_INCOME":null,"NET_INTEREST_INCOME_YOY":null,"FEE_COMMISSION_INCOME":null,"FEE_COMMISSION_INCOME_YOY":null,"ACCOUNTS_RECE_TDAYS":3.20123238973,"INVENTORY_TDAYS":8.398583811906,"CURRENT_ASSETS_TDAYS":1.208943854282,"TOTAL_ASSETS_TDAYS":0.981894604889,"PREMIUM_EXPENSE":null,"LOAN_DEPOSIT":null,"LOAN_EQUITY":null,"LOAN_ASSETS":null,"DEPOSIT_EQUITY":null,"DEPOSIT_ASSETS":null,"EQUITY_MULTIPLIER":2.802034891913,"EQUITY_RATIO":1.802034891914},{"SECUCODE":"00334.HK","SECURITY_CODE":"00334","SECURITY_NAME_ABBR":"华显光电","ORG_CODE":"10008836","STD_REPORT_DATE":"2021-12-31 00:00:00","REPORT_DATE":"2021-12-31 00:00:00","DATE_TYPE_CODE":"001","REPORT_TYPE":"2021年年报","PER_NETCASH_OPERATE":0.283901408951,"PER_OI":2.762177599534,"BPS":0.393271476021,"BASIC_EPS":0.0922,"DILUTED_EPS":0.0922,"OPERATE_INCOME":5840094000,"OPERATE_INCOME_YOY":63.5344718958,"GROSS_PROFIT":494632000,"GROSS_PROFIT_YOY":77.311605164861,"HOLDER_PROFIT":193215000,"HOLDER_PROFIT_YOY":668.3421481688,"GROSS_PROFIT_RATIO":8.46958970181,"EPS_TTM":0.0913845128,"OPERATE_INCOME_QOQ":0.107339395444,"NET_PROFIT_RATIO":3.4196538617,"ROE_AVG":26.277655186952,"GROSS_PROFIT_QOQ":55.703785315181,"ROA":6.438623141354,"HOLDER_PROFIT_QOQ":-8.526885894729,"ROE_YEARLY":26.277655186952,"ROIC_YEARLY":8.742487225512,"TOTAL_ASSETS":2887065000,"TOTAL_LIABILITIES":2055568000,"TAX_EBT":24.285090591574,"OCF_SALES":10.27817360474,"TOTAL_PARENT_EQUITY":831497000,"DEBT_ASSET_RATIO":71.199228282,"OPERATE_PROFIT":222515000,"PRETAX_PROFIT":219888000,"NETCASH_OPERATE":600255000,"NETCASH_INVEST":46791000,"NETCASH_FINANCE":-8770000,"END_CASH":1053445000,"DIVI_RATIO":null,"DIVIDEND_RATE":null,"CURRENT_RATIO":1.154879642182,"COMMON_ACS":4000000000,"CURRENTDEBT_DEBT":99.151718649055,"ISSUED_COMMON_SHARES":2114307929,"HK_COMMON_SHARES":2114307929,"PER_SHARES":8000,"TOTAL_MARKET_CAP":444004665.09,"HKSK_MARKET_CAP":444004665.09,"PE_TTM":14.737686260195,"PB_TTM":0.399168414507,"REPORT_DATE_SQ":"2020-12-31 00:00:00","REPORT_TYPE_SQ":"2020年年报","OPERATE_INCOME_SQ":3571170000,"DPS_HKD":null,"OPERATE_INCOME_QOQ_SQ":22.226583976786,"NET_PROFIT_RATIO_SQ":0.1452856595,"HOLDER_PROFIT_SQ":25147000,"HOLDER_PROFIT_QOQ_SQ":151.110749781509,"ROE_AVG_SQ":4.012247190294,"PE_TTM_SQ":18.97321407003,"PB_TTM_SQ":0.436098773598,"ROA_SQ":0.796007648283,"START_DATE":"2021-01-01 00:00:00","FISCAL_YEAR":"12-31","CURRENCY":"HKD","IS_CNY_CODE":0,"DPS_HKD_LY":null,"ORG_TYPE":"一般企业","PREMIUM_INCOME":null,"PREMIUM_INCOME_YOY":null,"NET_INTEREST_INCOME":null,"NET_INTEREST_INCOME_YOY":null,"FEE_COMMISSION_INCOME":null,"FEE_COMMISSION_INCOME_YOY":null,"ACCOUNTS_RECE_TDAYS":6.357045784688,"INVENTORY_TDAYS":10.54163338796,"CURRENT_ASSETS_TDAYS":2.610038968953,"TOTAL_ASSETS_TDAYS":1.9461307029,"PREMIUM_EXPENSE":null,"LOAN_DEPOSIT":null,"LOAN_EQUITY":null,"LOAN_ASSETS":null,"DEPOSIT_EQUITY":null,"DEPOSIT_ASSETS":null,"EQUITY_MULTIPLIER":3.472129183868,"EQUITY_RATIO":2.47212918387},{"SECUCODE":"00334.HK","SECURITY_CODE":"00334","SECURITY_NAME_ABBR":"华显光电","ORG_CODE":"10008836","STD_REPORT_DATE":"2021-06-30 00:00:00","REPORT_DATE":"2021-06-30 00:00:00","DATE_TYPE_CODE":"002","REPORT_TYPE":"2021年中报","PER_NETCASH_OPERATE":0.185698294056,"PER_OI":1.349282665604,"BPS":0.348352758791,"BASIC_EPS":0.0465,"DILUTED_EPS":0.0465,"OPERATE_INCOME":2852542000,"OPERATE_INCOME_YOY":107.9848984407,"GROSS_PROFIT":223634000,"GROSS_PROFIT_YOY":78.083740782621,"HOLDER_PROFIT":97552000,"HOLDER_PROFIT_YOY":210.1946298869,"GROSS_PROFIT_RATIO":7.839814453214,"EPS_TTM":0.099912141635,"OPERATE_INCOME_QOQ":34.024688453696,"NET_PROFIT_RATIO":3.6475536557,"ROE_AVG":14.18326496282,"GROSS_PROFIT_QOQ":44.648231710371,"ROA":3.300812006792,"HOLDER_PROFIT_QOQ":739.965005766095,"ROE_YEARLY":28.366529925639,"ROIC_YEARLY":8.630755027389,"TOTAL_ASSETS":2796104000,"TOTAL_LIABILITIES":2059579000,"TAX_EBT":23.410076454749,"OCF_SALES":13.762742143674,"TOTAL_PARENT_EQUITY":736525000,"DEBT_ASSET_RATIO":73.6588839328,"OPERATE_PROFIT":94010000,"PRETAX_PROFIT":92473000,"NETCASH_OPERATE":392588000,"NETCASH_INVEST":-77788000,"NETCASH_FINANCE":90332000,"END_CASH":821488000,"DIVI_RATIO":null,"DIVIDEND_RATE":null,"CURRENT_RATIO":1.190523803784,"COMMON_ACS":4000000000,"CURRENTDEBT_DEBT":97.070372148871,"ISSUED_COMMON_SHARES":2114307929,"HK_COMMON_SHARES":2114307929,"PER_SHARES":8000,"TOTAL_MARKET_CAP":444004665.09,"HKSK_MARKET_CAP":444004665.09,"PE_TTM":14.737686260195,"PB_TTM":0.399168414507,"REPORT_DATE_SQ":"2020-06-30 00:00:00","REPORT_TYPE_SQ":"2020年中报","OPERATE_INCOME_SQ":1371514000,"DPS_HKD":null,"OPERATE_INCOME_QOQ_SQ":-34.725163541852,"NET_PROFIT_RATIO_SQ":-8.504489042,"HOLDER_PROFIT_SQ":-88527000,"HOLDER_PROFIT_QOQ_SQ":-193.809106162294,"ROE_AVG_SQ":-15.524325423895,"PE_TTM_SQ":18.97321407003,"PB_TTM_SQ":0.436098773598,"ROA_SQ":-3.193897583642,"START_DATE":"2021-01-01 00:00:00","FISCAL_YEAR":"12-31","CURRENCY":"HKD","IS_CNY_CODE":0,"DPS_HKD_LY":null,"ORG_TYPE":"一般企业","PREMIUM_INCOME":null,"PREMIUM_INCOME_YOY":null,"NET_INTEREST_INCOME":null,"NET_INTEREST_INCOME_YOY":null,"FEE_COMMISSION_INCOME":null,"FEE_COMMISSION_INCOME_YOY":null,"ACCOUNTS_RECE_TDAYS":2.881199854351,"INVENTORY_TDAYS":5.748068786829,"CURRENT_ASSETS_TDAYS":1.267388345397,"TOTAL_ASSETS_TDAYS":0.965198548823,"PREMIUM_EXPENSE":null,"LOAN_DEPOSIT":null,"LOAN_EQUITY":null,"LOAN_ASSETS":null,"DEPOSIT_EQUITY":null,"DEPOSIT_ASSETS":null,"EQUITY_MULTIPLIER":3.796346356202,"EQUITY_RATIO":2.7963463562},{"SECUCODE":"00334.HK","SECURITY_CODE":"00334","SECURITY_NAME_ABBR":"华显光电","ORG_CODE":"10008836","STD_REPORT_DATE":"2020-12-31 00:00:00","REPORT_DATE":"2020-12-31 00:00:00","DATE_TYPE_CODE":"001","REPORT_TYPE":"2020年年报","PER_NETCASH_OPERATE":0.642762308924,"PER_OI":1.689201342846,"BPS":0.302258716072,"BASIC_EPS":0.012,"DILUTED_EPS":0.012,"OPERATE_INCOME":3571170000,"OPERATE_INCOME_YOY":-20.2167972008,"GROSS_PROFIT":278962000,"GROSS_PROFIT_YOY":3.998329835183,"HOLDER_PROFIT":25147000,"HOLDER_PROFIT_YOY":-52.0534624771,"GROSS_PROFIT_RATIO":5.045460351534,"EPS_TTM":0.011894798111,"OPERATE_INCOME_QOQ":22.226583976786,"NET_PROFIT_RATIO":0.1452856595,"ROE_AVG":4.012247190294,"GROSS_PROFIT_QOQ":458.102716576453,"ROA":0.796007648283,"HOLDER_PROFIT_QOQ":151.110749781509,"ROE_YEARLY":4.012247190294,"ROIC_YEARLY":0.904763292522,"TOTAL_ASSETS":3114684000,"TOTAL_LIABILITIES":2364180000,"TAX_EBT":30.238390766357,"OCF_SALES":31.218382449566,"TOTAL_PARENT_EQUITY":639068000,"DEBT_ASSET_RATIO":75.9043292995,"OPERATE_PROFIT":85645000,"PRETAX_PROFIT":78149000,"NETCASH_OPERATE":1358875000,"NETCASH_INVEST":-200776000,"NETCASH_FINANCE":-835626000,"END_CASH":416730000,"DIVI_RATIO":null,"DIVIDEND_RATE":null,"CURRENT_RATIO":0.93302371897,"COMMON_ACS":4000000000,"CURRENTDEBT_DEBT":96.167846779856,"ISSUED_COMMON_SHARES":2114307929,"HK_COMMON_SHARES":2114307929,"PER_SHARES":8000,"TOTAL_MARKET_CAP":444004665.09,"HKSK_MARKET_CAP":444004665.09,"PE_TTM":14.737686260195,"PB_TTM":0.399168414507,"REPORT_DATE_SQ":"2019-12-31 00:00:00","REPORT_TYPE_SQ":"2019年年报","OPERATE_INCOME_SQ":5455790000,"DPS_HKD":null,"OPERATE_INCOME_QOQ_SQ":-27.581514416957,"NET_PROFIT_RATIO_SQ":0.8701947839,"HOLDER_PROFIT_SQ":52448000,"HOLDER_PROFIT_QOQ_SQ":-50.89138576779,"ROE_AVG_SQ":9.046306956608,"PE_TTM_SQ":18.97321407003,"PB_TTM_SQ":0.436098773598,"ROA_SQ":1.494968434155,"START_DATE":"2020-01-01 00:00:00","FISCAL_YEAR":"12-31","CURRENCY":"HKD","IS_CNY_CODE":0,"DPS_HKD_LY":null,"ORG_TYPE":"一般企业","PREMIUM_INCOME":null,"PREMIUM_INCOME_YOY":null,"NET_INTEREST_INCOME":null,"NET_INTEREST_INCOME_YOY":null,"FEE_COMMISSION_INCOME":null,"FEE_COMMISSION_INCOME_YOY":null,"ACCOUNTS_RECE_TDAYS":2.484585138909,"INVENTORY_TDAYS":9.864780039333,"CURRENT_ASSETS_TDAYS":1.975175558269,"TOTAL_ASSETS_TDAYS":1.377844385205,"PREMIUM_EXPENSE":null,"LOAN_DEPOSIT":null,"LOAN_EQUITY":null,"LOAN_ASSETS":null,"DEPOSIT_EQUITY":null,"DEPOSIT_ASSETS":null,"EQUITY_MULTIPLIER":4.150123117259,"EQUITY_RATIO":3.699418528232},{"SECUCODE":"00334.HK","SECURITY_CODE":"00334","SECURITY_NAME_ABBR":"华显光电","ORG_CODE":"10008836","STD_REPORT_DATE":"2020-06-30 00:00:00","REPORT_DATE":"2020-06-30 00:00:00","DATE_TYPE_CODE":"002","REPORT_TYPE":"2020年中报","PER_NETCASH_OPERATE":0.539811547053,"PER_OI":0.648740690175,"BPS":0.24880481825,"BASIC_EPS":-0.0422,"DILUTED_EPS":-0.0422,"OPERATE_INCOME":1371514000,"OPERATE_INCOME_YOY":-53.8740764143,"GROSS_PROFIT":125578000,"GROSS_PROFIT_YOY":63.128564191164,"HOLDER_PROFIT":-88527000,"HOLDER_PROFIT_YOY":-774.6456332876,"GROSS_PROFIT_RATIO":-4.330724923415,"EPS_TTM":-0.023272595611,"OPERATE_INCOME_QOQ":-34.725163541852,"NET_PROFIT_RATIO":-8.504489042,"ROE_AVG":-15.524325423895,"GROSS_PROFIT_QOQ":-78.909202000225,"ROA":-3.193897583642,"HOLDER_PROFIT_QOQ":-193.809106162294,"ROE_YEARLY":-31.048650847791,"ROIC_YEARLY":-7.187060903536,"TOTAL_ASSETS":2339912000,"TOTAL_LIABILITIES":1733024000,"TAX_EBT":34.934223443943,"OCF_SALES":70.356478578796,"TOTAL_PARENT_EQUITY":526050000,"DEBT_ASSET_RATIO":74.0636400001,"OPERATE_PROFIT":28851000,"PRETAX_PROFIT":25465000,"NETCASH_OPERATE":1141225000,"NETCASH_INVEST":-166949000,"NETCASH_FINANCE":-770968000,"END_CASH":304337000,"DIVI_RATIO":null,"DIVIDEND_RATE":null,"CURRENT_RATIO":0.822951271683,"COMMON_ACS":4000000000,"CURRENTDEBT_DEBT":95.010686522518,"ISSUED_COMMON_SHARES":2114307929,"HK_COMMON_SHARES":2114307929,"PER_SHARES":8000,"TOTAL_MARKET_CAP":444004665.09,"HKSK_MARKET_CAP":444004665.09,"PE_TTM":14.737686260195,"PB_TTM":0.399168414507,"REPORT_DATE_SQ":"2019-06-30 00:00:00","REPORT_TYPE_SQ":"2019年中报","OPERATE_INCOME_SQ":3516593000,"DPS_HKD":null,"OPERATE_INCOME_QOQ_SQ":42.660410868606,"NET_PROFIT_RATIO_SQ":0.3025371432,"HOLDER_PROFIT_SQ":13122000,"HOLDER_PROFIT_QOQ_SQ":30.591083612531,"ROE_AVG_SQ":2.342616081965,"PE_TTM_SQ":18.97321407003,"PB_TTM_SQ":0.436098773598,"ROA_SQ":0.307980851299,"START_DATE":"2020-01-01 00:00:00","FISCAL_YEAR":"12-31","CURRENCY":"HKD","IS_CNY_CODE":0,"DPS_HKD_LY":null,"ORG_TYPE":"一般企业","PREMIUM_INCOME":null,"PREMIUM_INCOME_YOY":null,"NET_INTEREST_INCOME":null,"NET_INTEREST_INCOME_YOY":null,"FEE_COMMISSION_INCOME":null,"FEE_COMMISSION_INCOME_YOY":null,"ACCOUNTS_RECE_TDAYS":1.008959156882,"INVENTORY_TDAYS":9.491378270831,"CURRENT_ASSETS_TDAYS":0.890938067028,"TOTAL_ASSETS_TDAYS":0.585210919654,"PREMIUM_EXPENSE":null,"LOAN_DEPOSIT":null,"LOAN_EQUITY":null,"LOAN_ASSETS":null,"DEPOSIT_EQUITY":null,"DEPOSIT_ASSETS":null,"EQUITY_MULTIPLIER":3.855591146961,"EQUITY_RATIO":3.294409276685}],"count":44},"success":true,"message":"ok","code":0}