{"version":"951a755d3982feaa5bb2dc20673331ed","result":{"pages":5,"data":[{"SECUCODE":"00337.HK","SECURITY_CODE":"00337","SECURITY_NAME_ABBR":"绿地香港","ORG_CODE":"10094322","STD_REPORT_DATE":"2024-06-30 00:00:00","REPORT_DATE":"2024-06-30 00:00:00","DATE_TYPE_CODE":"002","REPORT_TYPE":"2024年中报","PER_NETCASH_OPERATE":-0.343915708928,"PER_OI":2.267498023306,"BPS":4.236222603324,"BASIC_EPS":-0.17,"DILUTED_EPS":null,"OPERATE_INCOME":6330593000,"OPERATE_INCOME_YOY":-23.1050573184,"GROSS_PROFIT":857772000,"GROSS_PROFIT_YOY":-45.834117410814,"HOLDER_PROFIT":-482803000,"HOLDER_PROFIT_YOY":-689.4310828959,"GROSS_PROFIT_RATIO":13.549631132502,"EPS_TTM":-0.829753468725,"OPERATE_INCOME_QOQ":-7.629304769466,"NET_PROFIT_RATIO":-7.9039356977,"ROE_AVG":-4.002685629507,"GROSS_PROFIT_QOQ":-28.241687178462,"ROA":-0.382772173693,"HOLDER_PROFIT_QOQ":-32.234997828027,"ROE_YEARLY":-8.005371259014,"ROIC_YEARLY":-0.822612838974,"TOTAL_ASSETS":124030039000,"TOTAL_LIABILITIES":105158728000,"TAX_EBT":-150.374536520438,"OCF_SALES":-15.167188918953,"TOTAL_PARENT_EQUITY":11827045000,"DEBT_ASSET_RATIO":84.7848866677,"OPERATE_PROFIT":-86545000,"PRETAX_PROFIT":-199847000,"NETCASH_OPERATE":-960173000,"NETCASH_INVEST":730056000,"NETCASH_FINANCE":-510777000,"END_CASH":977233000,"DIVI_RATIO":null,"DIVIDEND_RATE":null,"CURRENT_RATIO":1.048180957993,"COMMON_ACS":7000000000,"CURRENTDEBT_DEBT":95.042299294453,"ISSUED_COMMON_SHARES":2791884683,"HK_COMMON_SHARES":2791884683,"PER_SHARES":1000,"TOTAL_MARKET_CAP":684011747.335,"HKSK_MARKET_CAP":684011747.335,"PE_TTM":-0.268135755314,"PB_TTM":0.052784431069,"REPORT_DATE_SQ":"2023-06-30 00:00:00","REPORT_TYPE_SQ":"2023年中报","OPERATE_INCOME_SQ":8232782000,"DPS_HKD":null,"OPERATE_INCOME_QOQ_SQ":12.059978845221,"NET_PROFIT_RATIO_SQ":0.4068855461,"HOLDER_PROFIT_SQ":81910000,"HOLDER_PROFIT_QOQ_SQ":-4.981035716068,"ROE_AVG_SQ":0.583260176585,"PE_TTM_SQ":1.580579190753,"PB_TTM_SQ":0.052084662285,"ROA_SQ":0.055736722965,"START_DATE":"2024-01-01 00:00:00","FISCAL_YEAR":"12-31","CURRENCY":"HKD","IS_CNY_CODE":0,"DPS_HKD_LY":null,"ORG_TYPE":"一般企业","PREMIUM_INCOME":null,"PREMIUM_INCOME_YOY":null,"NET_INTEREST_INCOME":null,"NET_INTEREST_INCOME_YOY":null,"FEE_COMMISSION_INCOME":null,"FEE_COMMISSION_INCOME_YOY":null,"ACCOUNTS_RECE_TDAYS":0.297118943689,"INVENTORY_TDAYS":0.067845612724,"CURRENT_ASSETS_TDAYS":0.059335873508,"TOTAL_ASSETS_TDAYS":0.050189722172,"PREMIUM_EXPENSE":null,"LOAN_DEPOSIT":null,"LOAN_EQUITY":null,"LOAN_ASSETS":null,"DEPOSIT_EQUITY":null,"DEPOSIT_ASSETS":null,"EQUITY_MULTIPLIER":6.572412430719,"EQUITY_RATIO":8.891378023843},{"SECUCODE":"00337.HK","SECURITY_CODE":"00337","SECURITY_NAME_ABBR":"绿地香港","ORG_CODE":"10094322","STD_REPORT_DATE":"2023-12-31 00:00:00","REPORT_DATE":"2023-12-31 00:00:00","DATE_TYPE_CODE":"001","REPORT_TYPE":"2023年年报","PER_NETCASH_OPERATE":-0.430182165944,"PER_OI":8.930406456906,"BPS":4.40451859451,"BASIC_EPS":-0.63,"DILUTED_EPS":null,"OPERATE_INCOME":24932665000,"OPERATE_INCOME_YOY":-6.3185991209,"GROSS_PROFIT":2570066000,"GROSS_PROFIT_YOY":-37.293500845662,"HOLDER_PROFIT":-1751863000,"HOLDER_PROFIT_YOY":-464.2853875202,"GROSS_PROFIT_RATIO":10.30802764165,"EPS_TTM":-0.627484011309,"OPERATE_INCOME_QOQ":-16.400661641675,"NET_PROFIT_RATIO":-7.0958158705,"ROE_AVG":-13.32268297231,"GROSS_PROFIT_QOQ":-45.92271987005,"ROA":-1.260845654496,"HOLDER_PROFIT_QOQ":-483.381770434402,"ROE_YEARLY":-13.32268297231,"ROIC_YEARLY":-1.367652131493,"TOTAL_ASSETS":128236470000,"TOTAL_LIABILITIES":108178097000,"TAX_EBT":-194.660824002225,"OCF_SALES":-4.817050243125,"TOTAL_PARENT_EQUITY":12296908000,"DEBT_ASSET_RATIO":84.3582929256,"OPERATE_PROFIT":-140917000,"PRETAX_PROFIT":-600411000,"NETCASH_OPERATE":-1201019000,"NETCASH_INVEST":3139675000,"NETCASH_FINANCE":-3233214000,"END_CASH":1717941000,"DIVI_RATIO":null,"DIVIDEND_RATE":null,"CURRENT_RATIO":1.091155385567,"COMMON_ACS":7000000000,"CURRENTDEBT_DEBT":92.021114958234,"ISSUED_COMMON_SHARES":2791884683,"HK_COMMON_SHARES":2791884683,"PER_SHARES":1000,"TOTAL_MARKET_CAP":907362521.975,"HKSK_MARKET_CAP":907362521.975,"PE_TTM":-0.355690287662,"PB_TTM":0.070020163664,"REPORT_DATE_SQ":"2022-12-31 00:00:00","REPORT_TYPE_SQ":"2022年年报","OPERATE_INCOME_SQ":26614317000,"DPS_HKD":null,"OPERATE_INCOME_QOQ_SQ":4.365077980145,"NET_PROFIT_RATIO_SQ":2.932425431,"HOLDER_PROFIT_SQ":480904000,"HOLDER_PROFIT_QOQ_SQ":-42.363980004339,"ROE_AVG_SQ":3.416612663109,"PE_TTM_SQ":1.552849731266,"PB_TTM_SQ":0.05117089628,"ROA_SQ":0.302078833144,"START_DATE":"2023-01-01 00:00:00","FISCAL_YEAR":"12-31","CURRENCY":"HKD","IS_CNY_CODE":0,"DPS_HKD_LY":null,"ORG_TYPE":"一般企业","PREMIUM_INCOME":null,"PREMIUM_INCOME_YOY":null,"NET_INTEREST_INCOME":null,"NET_INTEREST_INCOME_YOY":null,"FEE_COMMISSION_INCOME":null,"FEE_COMMISSION_INCOME_YOY":null,"ACCOUNTS_RECE_TDAYS":1.054551895072,"INVENTORY_TDAYS":0.25385091553,"CURRENT_ASSETS_TDAYS":0.210576478994,"TOTAL_ASSETS_TDAYS":0.179444638766,"PREMIUM_EXPENSE":null,"LOAN_DEPOSIT":null,"LOAN_EQUITY":null,"LOAN_ASSETS":null,"DEPOSIT_EQUITY":null,"DEPOSIT_ASSETS":null,"EQUITY_MULTIPLIER":6.39316409164,"EQUITY_RATIO":8.797178689147},{"SECUCODE":"00337.HK","SECURITY_CODE":"00337","SECURITY_NAME_ABBR":"绿地香港","ORG_CODE":"10094322","STD_REPORT_DATE":"2023-06-30 00:00:00","REPORT_DATE":"2023-06-30 00:00:00","DATE_TYPE_CODE":"002","REPORT_TYPE":"2023年中报","PER_NETCASH_OPERATE":-0.07303668423,"PER_OI":2.948825949055,"BPS":5.044945833818,"BASIC_EPS":0.03,"DILUTED_EPS":null,"OPERATE_INCOME":8232782000,"OPERATE_INCOME_YOY":63.8983966279,"GROSS_PROFIT":1583602000,"GROSS_PROFIT_YOY":70.35562067415,"HOLDER_PROFIT":81910000,"HOLDER_PROFIT_YOY":-22.6271442606,"GROSS_PROFIT_RATIO":19.235320454252,"EPS_TTM":0.163670800152,"OPERATE_INCOME_QOQ":12.059978845221,"NET_PROFIT_RATIO":0.4068855461,"ROE_AVG":0.583260176585,"GROSS_PROFIT_QOQ":15.957198667631,"ROA":0.055736722965,"HOLDER_PROFIT_QOQ":-4.981035716068,"ROE_YEARLY":1.16652035317,"ROIC_YEARLY":0.120649779856,"TOTAL_ASSETS":144267014000,"TOTAL_LIABILITIES":121789370000,"TAX_EBT":92.633479426389,"OCF_SALES":-2.476805531836,"TOTAL_PARENT_EQUITY":14084907000,"DEBT_ASSET_RATIO":84.4194155152,"OPERATE_PROFIT":520733000,"PRETAX_PROFIT":454733000,"NETCASH_OPERATE":-203910000,"NETCASH_INVEST":-107552000,"NETCASH_FINANCE":-962016000,"END_CASH":1739814000,"DIVI_RATIO":null,"DIVIDEND_RATE":null,"CURRENT_RATIO":1.06370290461,"COMMON_ACS":7000000000,"CURRENTDEBT_DEBT":95.113944673497,"ISSUED_COMMON_SHARES":2791884683,"HK_COMMON_SHARES":2791884683,"PER_SHARES":1000,"TOTAL_MARKET_CAP":907362521.975,"HKSK_MARKET_CAP":907362521.975,"PE_TTM":-0.355690287662,"PB_TTM":0.070020163664,"REPORT_DATE_SQ":"2022-06-30 00:00:00","REPORT_TYPE_SQ":"2022年中报","OPERATE_INCOME_SQ":5023101000,"DPS_HKD":null,"OPERATE_INCOME_QOQ_SQ":-24.835001983528,"NET_PROFIT_RATIO_SQ":0.2295792977,"HOLDER_PROFIT_SQ":105864000,"HOLDER_PROFIT_QOQ_SQ":-61.284139313455,"ROE_AVG_SQ":0.762307019973,"PE_TTM_SQ":1.552849731266,"PB_TTM_SQ":0.05117089628,"ROA_SQ":0.06356451453,"START_DATE":"2023-01-01 00:00:00","FISCAL_YEAR":"12-31","CURRENCY":"HKD","IS_CNY_CODE":0,"DPS_HKD_LY":null,"ORG_TYPE":"一般企业","PREMIUM_INCOME":null,"PREMIUM_INCOME_YOY":null,"NET_INTEREST_INCOME":null,"NET_INTEREST_INCOME_YOY":null,"FEE_COMMISSION_INCOME":null,"FEE_COMMISSION_INCOME_YOY":null,"ACCOUNTS_RECE_TDAYS":0.335763068082,"INVENTORY_TDAYS":0.070782298768,"CURRENT_ASSETS_TDAYS":0.065495241885,"TOTAL_ASSETS_TDAYS":0.056021034009,"PREMIUM_EXPENSE":null,"LOAN_DEPOSIT":null,"LOAN_EQUITY":null,"LOAN_ASSETS":null,"DEPOSIT_EQUITY":null,"DEPOSIT_ASSETS":null,"EQUITY_MULTIPLIER":6.41824445659,"EQUITY_RATIO":8.646799726828},{"SECUCODE":"00337.HK","SECURITY_CODE":"00337","SECURITY_NAME_ABBR":"绿地香港","ORG_CODE":"10094322","STD_REPORT_DATE":"2022-12-31 00:00:00","REPORT_DATE":"2022-12-31 00:00:00","DATE_TYPE_CODE":"001","REPORT_TYPE":"2022年年报","PER_NETCASH_OPERATE":-0.131707087416,"PER_OI":9.532742223222,"BPS":5.015265883029,"BASIC_EPS":0.17,"DILUTED_EPS":null,"OPERATE_INCOME":26614317000,"OPERATE_INCOME_YOY":-21.5539912063,"GROSS_PROFIT":4098564000,"GROSS_PROFIT_YOY":-51.607963680505,"HOLDER_PROFIT":480904000,"HOLDER_PROFIT_YOY":-77.6857187932,"GROSS_PROFIT_RATIO":15.39984663142,"EPS_TTM":0.172250667418,"OPERATE_INCOME_QOQ":4.365077980145,"NET_PROFIT_RATIO":2.932425431,"ROE_AVG":3.416612663109,"GROSS_PROFIT_QOQ":-22.242979448449,"ROA":0.302078833144,"HOLDER_PROFIT_QOQ":-42.363980004339,"ROE_YEARLY":3.416612663109,"ROIC_YEARLY":0.331551180701,"TOTAL_ASSETS":149650517000,"TOTAL_LIABILITIES":126438130000,"TAX_EBT":65.61726967344,"OCF_SALES":-1.381628542262,"TOTAL_PARENT_EQUITY":14002044000,"DEBT_ASSET_RATIO":84.4889363129,"OPERATE_PROFIT":2281098000,"PRETAX_PROFIT":2269875000,"NETCASH_OPERATE":-367711000,"NETCASH_INVEST":3039817000,"NETCASH_FINANCE":-7089893000,"END_CASH":3011771000,"DIVI_RATIO":null,"DIVIDEND_RATE":null,"CURRENT_RATIO":1.076370721322,"COMMON_ACS":7000000000,"CURRENTDEBT_DEBT":94.186886503304,"ISSUED_COMMON_SHARES":2791884683,"HK_COMMON_SHARES":2791884683,"PER_SHARES":1000,"TOTAL_MARKET_CAP":907362521.975,"HKSK_MARKET_CAP":907362521.975,"PE_TTM":-0.355690287662,"PB_TTM":0.070020163664,"REPORT_DATE_SQ":"2021-12-31 00:00:00","REPORT_TYPE_SQ":"2021年年报","OPERATE_INCOME_SQ":33926923000,"DPS_HKD":null,"OPERATE_INCOME_QOQ_SQ":-8.407726521108,"NET_PROFIT_RATIO_SQ":7.174022236,"HOLDER_PROFIT_SQ":2155140000,"HOLDER_PROFIT_QOQ_SQ":-29.461530228599,"ROE_AVG_SQ":15.186148595443,"PE_TTM_SQ":1.552849731266,"PB_TTM_SQ":0.05117089628,"ROA_SQ":1.291530000107,"START_DATE":"2022-01-01 00:00:00","FISCAL_YEAR":"12-31","CURRENCY":"HKD","IS_CNY_CODE":0,"DPS_HKD_LY":0.3,"ORG_TYPE":"一般企业","PREMIUM_INCOME":null,"PREMIUM_INCOME_YOY":null,"NET_INTEREST_INCOME":null,"NET_INTEREST_INCOME_YOY":null,"FEE_COMMISSION_INCOME":null,"FEE_COMMISSION_INCOME_YOY":null,"ACCOUNTS_RECE_TDAYS":1.005781778073,"INVENTORY_TDAYS":0.224848369114,"CURRENT_ASSETS_TDAYS":0.193053220659,"TOTAL_ASSETS_TDAYS":0.167177270813,"PREMIUM_EXPENSE":null,"LOAN_DEPOSIT":null,"LOAN_EQUITY":null,"LOAN_ASSETS":null,"DEPOSIT_EQUITY":null,"DEPOSIT_ASSETS":null,"EQUITY_MULTIPLIER":6.447011115245,"EQUITY_RATIO":9.029976623413},{"SECUCODE":"00337.HK","SECURITY_CODE":"00337","SECURITY_NAME_ABBR":"绿地香港","ORG_CODE":"10094322","STD_REPORT_DATE":"2022-06-30 00:00:00","REPORT_DATE":"2022-06-30 00:00:00","DATE_TYPE_CODE":"002","REPORT_TYPE":"2022年中报","PER_NETCASH_OPERATE":-0.053585307771,"PER_OI":1.799179253565,"BPS":4.880487035503,"BASIC_EPS":0.04,"DILUTED_EPS":null,"OPERATE_INCOME":5023101000,"OPERATE_INCOME_YOY":-62.6503390289,"GROSS_PROFIT":929586000,"GROSS_PROFIT_YOY":-77.481493898643,"HOLDER_PROFIT":105864000,"HOLDER_PROFIT_YOY":-92.5793990424,"GROSS_PROFIT_RATIO":18.506217573567,"EPS_TTM":0.298859406723,"OPERATE_INCOME_QOQ":-24.835001983528,"NET_PROFIT_RATIO":0.2295792977,"ROE_AVG":0.762307019973,"GROSS_PROFIT_QOQ":-37.765058413713,"ROA":0.06356451453,"HOLDER_PROFIT_QOQ":-61.284139313455,"ROE_YEARLY":1.524614039946,"ROIC_YEARLY":0.139961201236,"TOTAL_ASSETS":164345668000,"TOTAL_LIABILITIES":141609789000,"TAX_EBT":97.001715979408,"OCF_SALES":-2.978319567932,"TOTAL_PARENT_EQUITY":13625757000,"DEBT_ASSET_RATIO":86.1658178906,"OPERATE_PROFIT":375732000,"PRETAX_PROFIT":384620000,"NETCASH_OPERATE":-149604000,"NETCASH_INVEST":3595993000,"NETCASH_FINANCE":-5530842000,"END_CASH":5348096000,"DIVI_RATIO":null,"DIVIDEND_RATE":null,"CURRENT_RATIO":1.084397218183,"COMMON_ACS":7000000000,"CURRENTDEBT_DEBT":93.139796995249,"ISSUED_COMMON_SHARES":2791884683,"HK_COMMON_SHARES":2791884683,"PER_SHARES":1000,"TOTAL_MARKET_CAP":907362521.975,"HKSK_MARKET_CAP":907362521.975,"PE_TTM":-0.355690287662,"PB_TTM":0.070020163664,"REPORT_DATE_SQ":"2021-06-30 00:00:00","REPORT_TYPE_SQ":"2021年中报","OPERATE_INCOME_SQ":13448853000,"DPS_HKD":null,"OPERATE_INCOME_QOQ_SQ":9.802530192972,"NET_PROFIT_RATIO_SQ":10.6631026453,"HOLDER_PROFIT_SQ":1426623000,"HOLDER_PROFIT_QOQ_SQ":17.136096326084,"ROE_AVG_SQ":10.337161303744,"PE_TTM_SQ":1.552849731266,"PB_TTM_SQ":0.05117089628,"ROA_SQ":0.842328620492,"START_DATE":"2022-01-01 00:00:00","FISCAL_YEAR":"12-31","CURRENCY":"HKD","IS_CNY_CODE":0,"DPS_HKD_LY":0.3,"ORG_TYPE":"一般企业","PREMIUM_INCOME":null,"PREMIUM_INCOME_YOY":null,"NET_INTEREST_INCOME":null,"NET_INTEREST_INCOME_YOY":null,"FEE_COMMISSION_INCOME":null,"FEE_COMMISSION_INCOME_YOY":null,"ACCOUNTS_RECE_TDAYS":null,"INVENTORY_TDAYS":0.038787902528,"CURRENT_ASSETS_TDAYS":0.034574873991,"TOTAL_ASSETS_TDAYS":0.030160486709,"PREMIUM_EXPENSE":null,"LOAN_DEPOSIT":null,"LOAN_EQUITY":null,"LOAN_ASSETS":null,"DEPOSIT_EQUITY":null,"DEPOSIT_ASSETS":null,"EQUITY_MULTIPLIER":7.228472143073,"EQUITY_RATIO":10.392801588932},{"SECUCODE":"00337.HK","SECURITY_CODE":"00337","SECURITY_NAME_ABBR":"绿地香港","ORG_CODE":"10094322","STD_REPORT_DATE":"2021-12-31 00:00:00","REPORT_DATE":"2021-12-31 00:00:00","DATE_TYPE_CODE":"001","REPORT_TYPE":"2021年年报","PER_NETCASH_OPERATE":4.049163301348,"PER_OI":12.151978628123,"BPS":5.067859387658,"BASIC_EPS":0.78,"DILUTED_EPS":null,"OPERATE_INCOME":33926923000,"OPERATE_INCOME_YOY":0.5706337411,"GROSS_PROFIT":8469501000,"GROSS_PROFIT_YOY":2.668308971508,"HOLDER_PROFIT":2155140000,"HOLDER_PROFIT_YOY":-17.3739901016,"GROSS_PROFIT_RATIO":24.963952669684,"EPS_TTM":0.771930163564,"OPERATE_INCOME_QOQ":-8.407726521108,"NET_PROFIT_RATIO":7.174022236,"ROE_AVG":15.186148595443,"GROSS_PROFIT_QOQ":-5.708039080364,"ROA":1.291530000107,"HOLDER_PROFIT_QOQ":-29.461530228599,"ROE_YEARLY":15.186148595443,"ROIC_YEARLY":1.443762048622,"TOTAL_ASSETS":168745840000,"TOTAL_LIABILITIES":145142348000,"TAX_EBT":61.296123673032,"OCF_SALES":33.321020594765,"TOTAL_PARENT_EQUITY":14148879000,"DEBT_ASSET_RATIO":86.0124006613,"OPERATE_PROFIT":6303474000,"PRETAX_PROFIT":6288582000,"NETCASH_OPERATE":11304797000,"NETCASH_INVEST":-5123211000,"NETCASH_FINANCE":-8368252000,"END_CASH":7429227000,"DIVI_RATIO":null,"DIVIDEND_RATE":null,"CURRENT_RATIO":1.113626474575,"COMMON_ACS":7000000000,"CURRENTDEBT_DEBT":91.278249129606,"ISSUED_COMMON_SHARES":2791884683,"HK_COMMON_SHARES":2791884683,"PER_SHARES":1000,"TOTAL_MARKET_CAP":907362521.975,"HKSK_MARKET_CAP":907362521.975,"PE_TTM":-0.355690287662,"PB_TTM":0.070020163664,"REPORT_DATE_SQ":"2020-12-31 00:00:00","REPORT_TYPE_SQ":"2020年年报","OPERATE_INCOME_SQ":33734423000,"DPS_HKD":null,"OPERATE_INCOME_QOQ_SQ":84.736364350261,"NET_PROFIT_RATIO_SQ":10.2547892993,"HOLDER_PROFIT_SQ":2608307000,"HOLDER_PROFIT_QOQ_SQ":7.856959139098,"ROE_AVG_SQ":19.342450405951,"PE_TTM_SQ":1.552849731266,"PB_TTM_SQ":0.05117089628,"ROA_SQ":1.974057295189,"START_DATE":"2021-01-01 00:00:00","FISCAL_YEAR":"12-31","CURRENCY":"HKD","IS_CNY_CODE":0,"DPS_HKD_LY":0.3,"ORG_TYPE":"一般企业","PREMIUM_INCOME":null,"PREMIUM_INCOME_YOY":null,"NET_INTEREST_INCOME":null,"NET_INTEREST_INCOME_YOY":null,"FEE_COMMISSION_INCOME":null,"FEE_COMMISSION_INCOME_YOY":null,"ACCOUNTS_RECE_TDAYS":1.28739965777,"INVENTORY_TDAYS":0.243044787742,"CURRENT_ASSETS_TDAYS":0.231599674845,"TOTAL_ASSETS_TDAYS":0.203316902224,"PREMIUM_EXPENSE":null,"LOAN_DEPOSIT":null,"LOAN_EQUITY":null,"LOAN_ASSETS":null,"DEPOSIT_EQUITY":null,"DEPOSIT_ASSETS":null,"EQUITY_MULTIPLIER":7.149189619932,"EQUITY_RATIO":10.258222435855},{"SECUCODE":"00337.HK","SECURITY_CODE":"00337","SECURITY_NAME_ABBR":"绿地香港","ORG_CODE":"10094322","STD_REPORT_DATE":"2021-06-30 00:00:00","REPORT_DATE":"2021-06-30 00:00:00","DATE_TYPE_CODE":"002","REPORT_TYPE":"2021年中报","PER_NETCASH_OPERATE":1.313417786318,"PER_OI":4.817123386897,"BPS":4.79344189303,"BASIC_EPS":0.52,"DILUTED_EPS":null,"OPERATE_INCOME":13448853000,"OPERATE_INCOME_YOY":32.6051915071,"GROSS_PROFIT":4128098000,"GROSS_PROFIT_YOY":21.583755759113,"HOLDER_PROFIT":1426623000,"HOLDER_PROFIT_YOY":45.6241495783,"GROSS_PROFIT_RATIO":30.694796054355,"EPS_TTM":1.094339253553,"OPERATE_INCOME_QOQ":9.802530192972,"NET_PROFIT_RATIO":10.6631026453,"ROE_AVG":10.337161303744,"GROSS_PROFIT_QOQ":8.88341696384,"ROA":0.842328620492,"HOLDER_PROFIT_QOQ":17.136096326084,"ROE_YEARLY":20.674322607488,"ROIC_YEARLY":1.888600630556,"TOTAL_ASSETS":173744550000,"TOTAL_LIABILITIES":150961832000,"TAX_EBT":52.625029236366,"OCF_SALES":27.265603988682,"TOTAL_PARENT_EQUITY":14170711000,"DEBT_ASSET_RATIO":86.8872330096,"OPERATE_PROFIT":3053419000,"PRETAX_PROFIT":3027052000,"NETCASH_OPERATE":3666911000,"NETCASH_INVEST":-3437624000,"NETCASH_FINANCE":-975122000,"END_CASH":8858104000,"DIVI_RATIO":null,"DIVIDEND_RATE":null,"CURRENT_RATIO":1.147466029523,"COMMON_ACS":7000000000,"CURRENTDEBT_DEBT":89.091922917311,"ISSUED_COMMON_SHARES":2791884683,"HK_COMMON_SHARES":2791884683,"PER_SHARES":1000,"TOTAL_MARKET_CAP":907362521.975,"HKSK_MARKET_CAP":907362521.975,"PE_TTM":-0.355690287662,"PB_TTM":0.070020163664,"REPORT_DATE_SQ":"2020-06-30 00:00:00","REPORT_TYPE_SQ":"2020年中报","OPERATE_INCOME_SQ":10142026000,"DPS_HKD":null,"OPERATE_INCOME_QOQ_SQ":3.389793850529,"NET_PROFIT_RATIO_SQ":10.8977096226,"HOLDER_PROFIT_SQ":979661000,"HOLDER_PROFIT_QOQ_SQ":-2.244142455104,"ROE_AVG_SQ":4.713309812278,"PE_TTM_SQ":1.552849731266,"PB_TTM_SQ":0.05117089628,"ROA_SQ":0.625577642815,"START_DATE":"2021-01-01 00:00:00","FISCAL_YEAR":"12-31","CURRENCY":"HKD","IS_CNY_CODE":0,"DPS_HKD_LY":0.3,"ORG_TYPE":"一般企业","PREMIUM_INCOME":null,"PREMIUM_INCOME_YOY":null,"NET_INTEREST_INCOME":null,"NET_INTEREST_INCOME_YOY":null,"FEE_COMMISSION_INCOME":null,"FEE_COMMISSION_INCOME_YOY":null,"ACCOUNTS_RECE_TDAYS":0.479288242231,"INVENTORY_TDAYS":0.088509277098,"CURRENT_ASSETS_TDAYS":0.089727745771,"TOTAL_ASSETS_TDAYS":0.079406779469,"PREMIUM_EXPENSE":null,"LOAN_DEPOSIT":null,"LOAN_EQUITY":null,"LOAN_ASSETS":null,"DEPOSIT_EQUITY":null,"DEPOSIT_ASSETS":null,"EQUITY_MULTIPLIER":7.626155492064,"EQUITY_RATIO":10.653088049005},{"SECUCODE":"00337.HK","SECURITY_CODE":"00337","SECURITY_NAME_ABBR":"绿地香港","ORG_CODE":"10094322","STD_REPORT_DATE":"2020-12-31 00:00:00","REPORT_DATE":"2020-12-31 00:00:00","DATE_TYPE_CODE":"001","REPORT_TYPE":"2020年年报","PER_NETCASH_OPERATE":-0.690806469101,"PER_OI":12.083028788908,"BPS":4.528572428863,"BASIC_EPS":0.94,"DILUTED_EPS":null,"OPERATE_INCOME":33734423000,"OPERATE_INCOME_YOY":-7.9364880533,"GROSS_PROFIT":8249382000,"GROSS_PROFIT_YOY":-23.603754013071,"HOLDER_PROFIT":2608307000,"HOLDER_PROFIT_YOY":-32.8226861582,"GROSS_PROFIT_RATIO":24.453899804363,"EPS_TTM":0.934245965058,"OPERATE_INCOME_QOQ":84.736364350261,"NET_PROFIT_RATIO":10.2547892993,"ROE_AVG":19.342450405951,"GROSS_PROFIT_QOQ":50.438382934304,"ROA":1.974057295189,"HOLDER_PROFIT_QOQ":7.856959139098,"ROE_YEARLY":19.342450405951,"ROIC_YEARLY":2.227067221487,"TOTAL_ASSETS":164988568000,"TOTAL_LIABILITIES":142846736000,"TAX_EBT":51.277273133793,"OCF_SALES":-5.717163148159,"TOTAL_PARENT_EQUITY":13431122000,"DEBT_ASSET_RATIO":86.5797780607,"OPERATE_PROFIT":6697453000,"PRETAX_PROFIT":7100165000,"NETCASH_OPERATE":-1928652000,"NETCASH_INVEST":1125299000,"NETCASH_FINANCE":-1797780000,"END_CASH":9609916000,"DIVI_RATIO":null,"DIVIDEND_RATE":null,"CURRENT_RATIO":1.143866989734,"COMMON_ACS":7000000000,"CURRENTDEBT_DEBT":89.011067078215,"ISSUED_COMMON_SHARES":2791884683,"HK_COMMON_SHARES":2791884683,"PER_SHARES":1000,"TOTAL_MARKET_CAP":907362521.975,"HKSK_MARKET_CAP":907362521.975,"PE_TTM":-0.355690287662,"PB_TTM":0.070020163664,"REPORT_DATE_SQ":"2019-12-31 00:00:00","REPORT_TYPE_SQ":"2019年年报","OPERATE_INCOME_SQ":36642555000,"DPS_HKD":null,"OPERATE_INCOME_QOQ_SQ":10.77694166424,"NET_PROFIT_RATIO_SQ":17.218398726,"HOLDER_PROFIT_SQ":3882720000,"HOLDER_PROFIT_QOQ_SQ":17.237114105601,"ROE_AVG_SQ":20.196956036017,"PE_TTM_SQ":1.552849731266,"PB_TTM_SQ":0.05117089628,"ROA_SQ":2.610888028874,"START_DATE":"2020-01-01 00:00:00","FISCAL_YEAR":"12-31","CURRENCY":"HKD","IS_CNY_CODE":0,"DPS_HKD_LY":0.25,"ORG_TYPE":"一般企业","PREMIUM_INCOME":null,"PREMIUM_INCOME_YOY":null,"NET_INTEREST_INCOME":null,"NET_INTEREST_INCOME_YOY":null,"FEE_COMMISSION_INCOME":null,"FEE_COMMISSION_INCOME_YOY":null,"ACCOUNTS_RECE_TDAYS":1.108022059262,"INVENTORY_TDAYS":0.323093565775,"CURRENT_ASSETS_TDAYS":0.288735924086,"TOTAL_ASSETS_TDAYS":0.25531382549,"PREMIUM_EXPENSE":null,"LOAN_DEPOSIT":null,"LOAN_EQUITY":null,"LOAN_ASSETS":null,"DEPOSIT_EQUITY":null,"DEPOSIT_ASSETS":null,"EQUITY_MULTIPLIER":7.451441597039,"EQUITY_RATIO":10.635502826942},{"SECUCODE":"00337.HK","SECURITY_CODE":"00337","SECURITY_NAME_ABBR":"绿地香港","ORG_CODE":"10094322","STD_REPORT_DATE":"2020-06-30 00:00:00","REPORT_DATE":"2020-06-30 00:00:00","DATE_TYPE_CODE":"002","REPORT_TYPE":"2020年中报","PER_NETCASH_OPERATE":-0.499404580888,"PER_OI":3.632680841639,"BPS":4.466936287139,"BASIC_EPS":0.35,"DILUTED_EPS":null,"OPERATE_INCOME":10142026000,"OPERATE_INCOME_YOY":10.3197589488,"GROSS_PROFIT":3395271000,"GROSS_PROFIT_YOY":64.615768010655,"HOLDER_PROFIT":979661000,"HOLDER_PROFIT_YOY":-7.8675681766,"GROSS_PROFIT_RATIO":32.671333011161,"EPS_TTM":0.866189787395,"OPERATE_INCOME_QOQ":3.389793850529,"NET_PROFIT_RATIO":10.8977096226,"ROE_AVG":4.713309812278,"GROSS_PROFIT_QOQ":0.522819072704,"ROA":0.625577642815,"HOLDER_PROFIT_QOQ":-2.244142455104,"ROE_YEARLY":9.426619624556,"ROIC_YEARLY":1.388516124909,"TOTAL_ASSETS":108574782000,"TOTAL_LIABILITIES":91712314000,"TAX_EBT":55.137813901114,"OCF_SALES":-21.78460725038,"TOTAL_PARENT_EQUITY":13259831000,"DEBT_ASSET_RATIO":84.4692591692,"OPERATE_PROFIT":2648412000,"PRETAX_PROFIT":2668635000,"NETCASH_OPERATE":-1284013000,"NETCASH_INVEST":-2114411000,"NETCASH_FINANCE":232091000,"END_CASH":9128059000,"DIVI_RATIO":null,"DIVIDEND_RATE":null,"CURRENT_RATIO":1.195453841159,"COMMON_ACS":7000000000,"CURRENTDEBT_DEBT":86.190646111056,"ISSUED_COMMON_SHARES":2791884683,"HK_COMMON_SHARES":2791884683,"PER_SHARES":1000,"TOTAL_MARKET_CAP":907362521.975,"HKSK_MARKET_CAP":907362521.975,"PE_TTM":-0.355690287662,"PB_TTM":0.070020163664,"REPORT_DATE_SQ":"2019-06-30 00:00:00","REPORT_TYPE_SQ":"2019年中报","OPERATE_INCOME_SQ":5801589000,"DPS_HKD":null,"OPERATE_INCOME_QOQ_SQ":3.23504300566,"NET_PROFIT_RATIO_SQ":15.1649315386,"HOLDER_PROFIT_SQ":705631000,"HOLDER_PROFIT_QOQ_SQ":21.52926242651,"ROE_AVG_SQ":6.219220080077,"PE_TTM_SQ":1.552849731266,"PB_TTM_SQ":0.05117089628,"ROA_SQ":0.761871558482,"START_DATE":"2020-01-01 00:00:00","FISCAL_YEAR":"12-31","CURRENCY":"HKD","IS_CNY_CODE":0,"DPS_HKD_LY":0.25,"ORG_TYPE":"一般企业","PREMIUM_INCOME":null,"PREMIUM_INCOME_YOY":null,"NET_INTEREST_INCOME":null,"NET_INTEREST_INCOME_YOY":null,"FEE_COMMISSION_INCOME":null,"FEE_COMMISSION_INCOME_YOY":null,"ACCOUNTS_RECE_TDAYS":0.335377836621,"INVENTORY_TDAYS":0.077514836672,"CURRENT_ASSETS_TDAYS":0.070053785167,"TOTAL_ASSETS_TDAYS":0.061587318578,"PREMIUM_EXPENSE":null,"LOAN_DEPOSIT":null,"LOAN_EQUITY":null,"LOAN_ASSETS":null,"DEPOSIT_EQUITY":null,"DEPOSIT_ASSETS":null,"EQUITY_MULTIPLIER":6.438842878743,"EQUITY_RATIO":6.916552254701}],"count":41},"success":true,"message":"ok","code":0}