{"version":"6a4f366661000f5a61650d4fe070f096","result":{"pages":6,"data":[{"SECUCODE":"00336.HK","SECURITY_CODE":"00336","SECURITY_NAME_ABBR":"华宝国际","ORG_CODE":"10008838","STD_REPORT_DATE":"2024-06-30 00:00:00","REPORT_DATE":"2024-06-30 00:00:00","DATE_TYPE_CODE":"002","REPORT_TYPE":"2024年中报","PER_NETCASH_OPERATE":0.035142281655,"PER_OI":0.489882607485,"BPS":3.840231830685,"BASIC_EPS":0.0092,"DILUTED_EPS":0.0092,"OPERATE_INCOME":1582285000,"OPERATE_INCOME_YOY":3.0332017107,"GROSS_PROFIT":709254000,"GROSS_PROFIT_YOY":0.356853800309,"HOLDER_PROFIT":29662000,"HOLDER_PROFIT_YOY":-80.7352081574,"GROSS_PROFIT_RATIO":44.824668122367,"EPS_TTM":0.0338475155,"OPERATE_INCOME_QOQ":1.40820033865,"NET_PROFIT_RATIO":2.9252631479,"ROE_AVG":0.238401237674,"GROSS_PROFIT_QOQ":0.171638769128,"ROA":0.18868737688,"HOLDER_PROFIT_QOQ":-53.206524763197,"ROE_YEARLY":0.476802475348,"ROIC_YEARLY":0.512297616902,"TOTAL_ASSETS":15438254000,"TOTAL_LIABILITIES":1267996000,"TAX_EBT":41.409384928923,"OCF_SALES":7.173612844715,"TOTAL_PARENT_EQUITY":12403668000,"DEBT_ASSET_RATIO":8.2133381145,"OPERATE_PROFIT":100287000,"PRETAX_PROFIT":78999000,"NETCASH_OPERATE":113507000,"NETCASH_INVEST":39886000,"NETCASH_FINANCE":-444621000,"END_CASH":2091106000,"DIVI_RATIO":1.987354138284,"DIVIDEND_RATE":3.507109004739,"CURRENT_RATIO":8.600578674465,"COMMON_ACS":5000000000,"CURRENTDEBT_DEBT":73.675626736993,"ISSUED_COMMON_SHARES":3229926876,"HK_COMMON_SHARES":3229926876,"PER_SHARES":1000,"TOTAL_MARKET_CAP":6815145708.36,"HKSK_MARKET_CAP":6815145708.36,"PE_TTM":55.267914004585,"PB_TTM":0.501468370897,"REPORT_DATE_SQ":"2023-06-30 00:00:00","REPORT_TYPE_SQ":"2023年中报","OPERATE_INCOME_SQ":1535704000,"DPS_HKD":0.074,"OPERATE_INCOME_QOQ_SQ":-8.13395929573,"NET_PROFIT_RATIO_SQ":13.0463292405,"HOLDER_PROFIT_SQ":153970000,"HOLDER_PROFIT_QOQ_SQ":44.331926410108,"ROE_AVG_SQ":1.214381711949,"PE_TTM_SQ":-11.283569575416,"PB_TTM_SQ":0.52964298257,"ROA_SQ":0.941616821581,"START_DATE":"2024-01-01 00:00:00","FISCAL_YEAR":"12-31","CURRENCY":"HKD","IS_CNY_CODE":0,"DPS_HKD_LY":0.074,"ORG_TYPE":"一般企业","PREMIUM_INCOME":null,"PREMIUM_INCOME_YOY":null,"NET_INTEREST_INCOME":null,"NET_INTEREST_INCOME_YOY":null,"FEE_COMMISSION_INCOME":null,"FEE_COMMISSION_INCOME_YOY":null,"ACCOUNTS_RECE_TDAYS":1.771332200422,"INVENTORY_TDAYS":0.861662228556,"CURRENT_ASSETS_TDAYS":0.193048092099,"TOTAL_ASSETS_TDAYS":0.100653093563,"PREMIUM_EXPENSE":null,"LOAN_DEPOSIT":null,"LOAN_EQUITY":null,"LOAN_ASSETS":null,"DEPOSIT_EQUITY":null,"DEPOSIT_ASSETS":null,"EQUITY_MULTIPLIER":1.089482915554,"EQUITY_RATIO":0.102227502381},{"SECUCODE":"00336.HK","SECURITY_CODE":"00336","SECURITY_NAME_ABBR":"华宝国际","ORG_CODE":"10008838","STD_REPORT_DATE":"2023-12-31 00:00:00","REPORT_DATE":"2023-12-31 00:00:00","DATE_TYPE_CODE":"001","REPORT_TYPE":"2023年年报","PER_NETCASH_OPERATE":0.298850728533,"PER_OI":1.024121946716,"BPS":3.863998003402,"BASIC_EPS":0.0723,"DILUTED_EPS":0.0723,"OPERATE_INCOME":3307839000,"OPERATE_INCOME_YOY":-13.6105295817,"GROSS_PROFIT":1469365000,"GROSS_PROFIT_YOY":-21.74084171876,"HOLDER_PROFIT":233633000,"HOLDER_PROFIT_YOY":122.15482098,"GROSS_PROFIT_RATIO":44.420692784625,"EPS_TTM":0.072333835709,"OPERATE_INCOME_QOQ":-5.961474168281,"NET_PROFIT_RATIO":8.7816547299,"ROE_AVG":1.859299183803,"GROSS_PROFIT_QOQ":-9.14512516803,"ROA":1.432402731076,"HOLDER_PROFIT_QOQ":139.798073745499,"ROE_YEARLY":1.859299183803,"ROIC_YEARLY":2.159630740516,"TOTAL_ASSETS":16002111000,"TOTAL_LIABILITIES":1730974000,"TAX_EBT":30.159764380598,"OCF_SALES":29.181166314322,"TOTAL_PARENT_EQUITY":12480431000,"DEBT_ASSET_RATIO":10.8171603109,"OPERATE_PROFIT":378051000,"PRETAX_PROFIT":415925000,"NETCASH_OPERATE":965266000,"NETCASH_INVEST":-2604686000,"NETCASH_FINANCE":-674196000,"END_CASH":2381028000,"DIVI_RATIO":0.929952066565,"DIVIDEND_RATE":3.318385650224,"CURRENT_RATIO":6.045332274418,"COMMON_ACS":5000000000,"CURRENTDEBT_DEBT":79.871043701407,"ISSUED_COMMON_SHARES":3229926876,"HK_COMMON_SHARES":3229926876,"PER_SHARES":1000,"TOTAL_MARKET_CAP":7202736933.48,"HKSK_MARKET_CAP":7202736933.48,"PE_TTM":58.41111290532,"PB_TTM":0.5299878991,"REPORT_DATE_SQ":"2022-12-31 00:00:00","REPORT_TYPE_SQ":"2022年年报","OPERATE_INCOME_SQ":3828984000,"DPS_HKD":0.074,"OPERATE_INCOME_QOQ_SQ":-3.458660265849,"NET_PROFIT_RATIO_SQ":-23.5323521853,"HOLDER_PROFIT_SQ":-1054547000,"HOLDER_PROFIT_QOQ_SQ":-782.25200578939,"ROE_AVG_SQ":-7.948191107754,"PE_TTM_SQ":-12.381970153553,"PB_TTM_SQ":0.581201149015,"ROA_SQ":-6.087879018885,"START_DATE":"2023-01-01 00:00:00","FISCAL_YEAR":"12-31","CURRENCY":"HKD","IS_CNY_CODE":0,"DPS_HKD_LY":0.07,"ORG_TYPE":"一般企业","PREMIUM_INCOME":null,"PREMIUM_INCOME_YOY":null,"NET_INTEREST_INCOME":null,"NET_INTEREST_INCOME_YOY":null,"FEE_COMMISSION_INCOME":null,"FEE_COMMISSION_INCOME_YOY":null,"ACCOUNTS_RECE_TDAYS":3.044546609233,"INVENTORY_TDAYS":1.825136812741,"CURRENT_ASSETS_TDAYS":0.387856794613,"TOTAL_ASSETS_TDAYS":0.202803440334,"PREMIUM_EXPENSE":null,"LOAN_DEPOSIT":null,"LOAN_EQUITY":null,"LOAN_ASSETS":null,"DEPOSIT_EQUITY":null,"DEPOSIT_ASSETS":null,"EQUITY_MULTIPLIER":1.121291947516,"EQUITY_RATIO":0.138695049874},{"SECUCODE":"00336.HK","SECURITY_CODE":"00336","SECURITY_NAME_ABBR":"华宝国际","ORG_CODE":"10008838","STD_REPORT_DATE":"2023-06-30 00:00:00","REPORT_DATE":"2023-06-30 00:00:00","DATE_TYPE_CODE":"002","REPORT_TYPE":"2023年中报","PER_NETCASH_OPERATE":0.108743947923,"PER_OI":0.475460918763,"BPS":3.934111974614,"BASIC_EPS":0.0477,"DILUTED_EPS":0.0477,"OPERATE_INCOME":1535704000,"OPERATE_INCOME_YOY":-16.8609838281,"GROSS_PROFIT":706732000,"GROSS_PROFIT_YOY":-26.917186558004,"HOLDER_PROFIT":153970000,"HOLDER_PROFIT_YOY":149.1083816273,"GROSS_PROFIT_RATIO":46.020066366956,"EPS_TTM":-0.181752102304,"OPERATE_INCOME_QOQ":-8.13395929573,"NET_PROFIT_RATIO":13.0463292405,"ROE_AVG":1.214381711949,"GROSS_PROFIT_QOQ":-13.863556109702,"ROA":0.941616821581,"HOLDER_PROFIT_QOQ":44.331926410108,"ROE_YEARLY":2.428763423899,"ROIC_YEARLY":2.956465294872,"TOTAL_ASSETS":16084302000,"TOTAL_LIABILITIES":1544783000,"TAX_EBT":30.126805655337,"OCF_SALES":22.871269463386,"TOTAL_PARENT_EQUITY":12706894000,"DEBT_ASSET_RATIO":9.6042899468,"OPERATE_PROFIT":283031000,"PRETAX_PROFIT":286738000,"NETCASH_OPERATE":351235000,"NETCASH_INVEST":-1261019000,"NETCASH_FINANCE":-462743000,"END_CASH":3342087000,"DIVI_RATIO":-0.37010300925,"DIVIDEND_RATE":3.318385650224,"CURRENT_RATIO":6.710402191003,"COMMON_ACS":5000000000,"CURRENTDEBT_DEBT":79.134350908833,"ISSUED_COMMON_SHARES":3229926876,"HK_COMMON_SHARES":3229926876,"PER_SHARES":1000,"TOTAL_MARKET_CAP":7202736933.48,"HKSK_MARKET_CAP":7202736933.48,"PE_TTM":58.41111290532,"PB_TTM":0.5299878991,"REPORT_DATE_SQ":"2022-06-30 00:00:00","REPORT_TYPE_SQ":"2022年中报","OPERATE_INCOME_SQ":1847152000,"DPS_HKD":0.074,"OPERATE_INCOME_QOQ_SQ":2.149982370438,"NET_PROFIT_RATIO_SQ":-12.6156916161,"HOLDER_PROFIT_SQ":-313531000,"HOLDER_PROFIT_QOQ_SQ":-117.704564003134,"ROE_AVG_SQ":-2.293483792452,"PE_TTM_SQ":-12.381970153553,"PB_TTM_SQ":0.581201149015,"ROA_SQ":-1.785121540808,"START_DATE":"2023-01-01 00:00:00","FISCAL_YEAR":"12-31","CURRENCY":"HKD","IS_CNY_CODE":0,"DPS_HKD_LY":0.07,"ORG_TYPE":"一般企业","PREMIUM_INCOME":null,"PREMIUM_INCOME_YOY":null,"NET_INTEREST_INCOME":null,"NET_INTEREST_INCOME_YOY":null,"FEE_COMMISSION_INCOME":null,"FEE_COMMISSION_INCOME_YOY":null,"ACCOUNTS_RECE_TDAYS":1.384596104171,"INVENTORY_TDAYS":0.796661022259,"CURRENT_ASSETS_TDAYS":0.181716312431,"TOTAL_ASSETS_TDAYS":0.09391730333,"PREMIUM_EXPENSE":null,"LOAN_DEPOSIT":null,"LOAN_EQUITY":null,"LOAN_ASSETS":null,"DEPOSIT_EQUITY":null,"DEPOSIT_ASSETS":null,"EQUITY_MULTIPLIER":1.106247187407,"EQUITY_RATIO":0.121570464033},{"SECUCODE":"00336.HK","SECURITY_CODE":"00336","SECURITY_NAME_ABBR":"华宝国际","ORG_CODE":"10008838","STD_REPORT_DATE":"2022-12-31 00:00:00","REPORT_DATE":"2022-12-31 00:00:00","DATE_TYPE_CODE":"001","REPORT_TYPE":"2022年年报","PER_NETCASH_OPERATE":0.247295381804,"PER_OI":1.185470800733,"BPS":3.916765451875,"BASIC_EPS":-0.3265,"DILUTED_EPS":-0.3265,"OPERATE_INCOME":3828984000,"OPERATE_INCOME_YOY":-1.3830384814,"GROSS_PROFIT":1877563000,"GROSS_PROFIT_YOY":-18.248179314153,"HOLDER_PROFIT":-1054547000,"HOLDER_PROFIT_YOY":-256.1988710339,"GROSS_PROFIT_RATIO":49.035540498472,"EPS_TTM":-0.326492530786,"OPERATE_INCOME_QOQ":-3.458660265849,"NET_PROFIT_RATIO":-23.5323521853,"ROE_AVG":-7.948191107754,"GROSS_PROFIT_QOQ":-15.031248444366,"ROA":-6.087879018885,"HOLDER_PROFIT_QOQ":-782.25200578939,"ROE_YEARLY":-7.948191107754,"ROIC_YEARLY":-9.331436571469,"TOTAL_ASSETS":16619022000,"TOTAL_LIABILITIES":2061584000,"TAX_EBT":-25.10934310826,"OCF_SALES":20.860520702098,"TOTAL_PARENT_EQUITY":12650866000,"DEBT_ASSET_RATIO":12.4049658277,"OPERATE_PROFIT":-607975000,"PRETAX_PROFIT":-720210000,"NETCASH_OPERATE":798746000,"NETCASH_INVEST":1244039000,"NETCASH_FINANCE":-997635000,"END_CASH":4668475000,"DIVI_RATIO":-0.206029215547,"DIVIDEND_RATE":3.318385650224,"CURRENT_RATIO":4.956933251355,"COMMON_ACS":5000000000,"CURRENTDEBT_DEBT":85.125175593136,"ISSUED_COMMON_SHARES":3229926876,"HK_COMMON_SHARES":3229926876,"PER_SHARES":1000,"TOTAL_MARKET_CAP":7202736933.48,"HKSK_MARKET_CAP":7202736933.48,"PE_TTM":58.41111290532,"PB_TTM":0.5299878991,"REPORT_DATE_SQ":"2021-12-31 00:00:00","REPORT_TYPE_SQ":"2021年年报","OPERATE_INCOME_SQ":3882683000,"DPS_HKD":0.074,"OPERATE_INCOME_QOQ_SQ":-0.495640338358,"NET_PROFIT_RATIO_SQ":23.0712628355,"HOLDER_PROFIT_SQ":675131000,"HOLDER_PROFIT_QOQ_SQ":-28.554693204594,"ROE_AVG_SQ":5.242572987305,"PE_TTM_SQ":-12.381970153553,"PB_TTM_SQ":0.581201149015,"ROA_SQ":3.781909304837,"START_DATE":"2022-01-01 00:00:00","FISCAL_YEAR":"12-31","CURRENCY":"HKD","IS_CNY_CODE":0,"DPS_HKD_LY":0.0538,"ORG_TYPE":"一般企业","PREMIUM_INCOME":null,"PREMIUM_INCOME_YOY":null,"NET_INTEREST_INCOME":null,"NET_INTEREST_INCOME_YOY":null,"FEE_COMMISSION_INCOME":null,"FEE_COMMISSION_INCOME_YOY":null,"ACCOUNTS_RECE_TDAYS":3.296267600541,"INVENTORY_TDAYS":2.03564690867,"CURRENT_ASSETS_TDAYS":0.435807947092,"TOTAL_ASSETS_TDAYS":0.221046490647,"PREMIUM_EXPENSE":null,"LOAN_DEPOSIT":null,"LOAN_EQUITY":null,"LOAN_ASSETS":null,"DEPOSIT_EQUITY":null,"DEPOSIT_ASSETS":null,"EQUITY_MULTIPLIER":1.141617226877,"EQUITY_RATIO":0.162959911203},{"SECUCODE":"00336.HK","SECURITY_CODE":"00336","SECURITY_NAME_ABBR":"华宝国际","ORG_CODE":"10008838","STD_REPORT_DATE":"2022-06-30 00:00:00","REPORT_DATE":"2022-06-30 00:00:00","DATE_TYPE_CODE":"002","REPORT_TYPE":"2022年中报","PER_NETCASH_OPERATE":0.034613477113,"PER_OI":0.571886631157,"BPS":4.166153141109,"BASIC_EPS":-0.0971,"DILUTED_EPS":-0.0971,"OPERATE_INCOME":1847152000,"OPERATE_INCOME_YOY":4.7331282691,"GROSS_PROFIT":967029000,"GROSS_PROFIT_YOY":-8.249864086734,"HOLDER_PROFIT":-313531000,"HOLDER_PROFIT_YOY":-165.1656832159,"GROSS_PROFIT_RATIO":52.352432284945,"EPS_TTM":-0.037006720148,"OPERATE_INCOME_QOQ":2.149982370438,"NET_PROFIT_RATIO":-12.6156916161,"ROE_AVG":-2.293483792452,"GROSS_PROFIT_QOQ":-3.786016401194,"ROA":-1.785121540808,"HOLDER_PROFIT_QOQ":-117.704564003134,"ROE_YEARLY":-4.586967584903,"ROIC_YEARLY":-4.561626315785,"TOTAL_ASSETS":17102003000,"TOTAL_LIABILITIES":1719291000,"TAX_EBT":-82.924359457423,"OCF_SALES":6.052506778002,"TOTAL_PARENT_EQUITY":13456370000,"DEBT_ASSET_RATIO":10.0531557619,"OPERATE_PROFIT":-141776000,"PRETAX_PROFIT":-127392000,"NETCASH_OPERATE":111799000,"NETCASH_INVEST":1212247000,"NETCASH_FINANCE":-852998000,"END_CASH":4062331000,"DIVI_RATIO":-1.817696886679,"DIVIDEND_RATE":3.318385650224,"CURRENT_RATIO":5.827489383914,"COMMON_ACS":5000000000,"CURRENTDEBT_DEBT":83.127230934147,"ISSUED_COMMON_SHARES":3229926876,"HK_COMMON_SHARES":3229926876,"PER_SHARES":1000,"TOTAL_MARKET_CAP":7202736933.48,"HKSK_MARKET_CAP":7202736933.48,"PE_TTM":58.41111290532,"PB_TTM":0.5299878991,"REPORT_DATE_SQ":"2021-06-30 00:00:00","REPORT_TYPE_SQ":"2021年中报","OPERATE_INCOME_SQ":1763675000,"DPS_HKD":0.074,"OPERATE_INCOME_QOQ_SQ":1.244532386383,"NET_PROFIT_RATIO_SQ":32.9689426907,"HOLDER_PROFIT_SQ":481129000,"HOLDER_PROFIT_QOQ_SQ":125.851878231067,"ROE_AVG_SQ":4.008845591633,"PE_TTM_SQ":-12.381970153553,"PB_TTM_SQ":0.581201149015,"ROA_SQ":2.792121040872,"START_DATE":"2022-01-01 00:00:00","FISCAL_YEAR":"12-31","CURRENCY":"HKD","IS_CNY_CODE":0,"DPS_HKD_LY":0.0538,"ORG_TYPE":"一般企业","PREMIUM_INCOME":null,"PREMIUM_INCOME_YOY":null,"NET_INTEREST_INCOME":null,"NET_INTEREST_INCOME_YOY":null,"FEE_COMMISSION_INCOME":null,"FEE_COMMISSION_INCOME_YOY":null,"ACCOUNTS_RECE_TDAYS":1.530427059237,"INVENTORY_TDAYS":0.926830629578,"CURRENT_ASSETS_TDAYS":0.214766723757,"TOTAL_ASSETS_TDAYS":0.105169531062,"PREMIUM_EXPENSE":null,"LOAN_DEPOSIT":null,"LOAN_EQUITY":null,"LOAN_ASSETS":null,"DEPOSIT_EQUITY":null,"DEPOSIT_ASSETS":null,"EQUITY_MULTIPLIER":1.111767742905,"EQUITY_RATIO":0.12776781554},{"SECUCODE":"00336.HK","SECURITY_CODE":"00336","SECURITY_NAME_ABBR":"华宝国际","ORG_CODE":"10008838","STD_REPORT_DATE":"2021-12-31 00:00:00","REPORT_DATE":"2021-12-31 00:00:00","DATE_TYPE_CODE":"001","REPORT_TYPE":"2021年年报","PER_NETCASH_OPERATE":0.437547366939,"PER_OI":1.202096254516,"BPS":4.298752427855,"BASIC_EPS":0.217,"DILUTED_EPS":0.217,"OPERATE_INCOME":3882683000,"OPERATE_INCOME_YOY":0.7427236435,"GROSS_PROFIT":2296662000,"GROSS_PROFIT_YOY":-5.967269173401,"HOLDER_PROFIT":675131000,"HOLDER_PROFIT_YOY":61.3605673054,"GROSS_PROFIT_RATIO":59.151416687893,"EPS_TTM":0.209023617537,"OPERATE_INCOME_QOQ":-0.495640338358,"NET_PROFIT_RATIO":23.0712628355,"ROE_AVG":5.242572987305,"GROSS_PROFIT_QOQ":-4.611311764647,"ROA":3.781909304837,"HOLDER_PROFIT_QOQ":-28.554693204594,"ROE_YEARLY":5.242572987305,"ROIC_YEARLY":6.094114038557,"TOTAL_ASSETS":18025129000,"TOTAL_LIABILITIES":2306310000,"TAX_EBT":21.92766632066,"OCF_SALES":36.398696468396,"TOTAL_PARENT_EQUITY":13884656000,"DEBT_ASSET_RATIO":12.7949708432,"OPERATE_PROFIT":1114477000,"PRETAX_PROFIT":1147377000,"NETCASH_OPERATE":1413246000,"NETCASH_INVEST":-2095235000,"NETCASH_FINANCE":-672724000,"END_CASH":3541425000,"DIVI_RATIO":0.321815308685,"DIVIDEND_RATE":3.318385650224,"CURRENT_RATIO":4.158066230404,"COMMON_ACS":5000000000,"CURRENTDEBT_DEBT":92.523728379966,"ISSUED_COMMON_SHARES":3229926876,"HK_COMMON_SHARES":3229926876,"PER_SHARES":1000,"TOTAL_MARKET_CAP":7202736933.48,"HKSK_MARKET_CAP":7202736933.48,"PE_TTM":58.41111290532,"PB_TTM":0.5299878991,"REPORT_DATE_SQ":"2020-12-31 00:00:00","REPORT_TYPE_SQ":"2020年年报","OPERATE_INCOME_SQ":3854058000,"DPS_HKD":0.074,"OPERATE_INCOME_QOQ_SQ":-0.85853569695,"NET_PROFIT_RATIO_SQ":17.3437711628,"HOLDER_PROFIT_SQ":418399000,"HOLDER_PROFIT_QOQ_SQ":-28.635074307371,"ROE_AVG_SQ":3.530902155674,"PE_TTM_SQ":-12.381970153553,"PB_TTM_SQ":0.581201149015,"ROA_SQ":2.347806805676,"START_DATE":"2021-01-01 00:00:00","FISCAL_YEAR":"12-31","CURRENCY":"HKD","IS_CNY_CODE":0,"DPS_HKD_LY":0.154,"ORG_TYPE":"一般企业","PREMIUM_INCOME":null,"PREMIUM_INCOME_YOY":null,"NET_INTEREST_INCOME":null,"NET_INTEREST_INCOME_YOY":null,"FEE_COMMISSION_INCOME":null,"FEE_COMMISSION_INCOME_YOY":null,"ACCOUNTS_RECE_TDAYS":3.191951154145,"INVENTORY_TDAYS":1.810555191521,"CURRENT_ASSETS_TDAYS":0.431781537847,"TOTAL_ASSETS_TDAYS":0.217497862866,"PREMIUM_EXPENSE":null,"LOAN_DEPOSIT":null,"LOAN_EQUITY":null,"LOAN_ASSETS":null,"DEPOSIT_EQUITY":null,"DEPOSIT_ASSETS":null,"EQUITY_MULTIPLIER":1.146722854942,"EQUITY_RATIO":0.166104943471},{"SECUCODE":"00336.HK","SECURITY_CODE":"00336","SECURITY_NAME_ABBR":"华宝国际","ORG_CODE":"10008838","STD_REPORT_DATE":"2021-06-30 00:00:00","REPORT_DATE":"2021-06-30 00:00:00","DATE_TYPE_CODE":"002","REPORT_TYPE":"2021年中报","PER_NETCASH_OPERATE":0.156186768922,"PER_OI":0.567492783685,"BPS":3.756219092806,"BASIC_EPS":0.1548,"DILUTED_EPS":0.1548,"OPERATE_INCOME":1763675000,"OPERATE_INCOME_YOY":2.7956356261,"GROSS_PROFIT":1053981000,"GROSS_PROFIT_YOY":-3.189032791403,"HOLDER_PROFIT":481129000,"HOLDER_PROFIT_YOY":1158.9624510279,"GROSS_PROFIT_RATIO":59.760500092137,"EPS_TTM":0.304057786075,"OPERATE_INCOME_QOQ":1.244532386383,"NET_PROFIT_RATIO":32.9689426907,"ROE_AVG":4.008845591633,"GROSS_PROFIT_QOQ":-1.421507553819,"ROA":2.792121040872,"HOLDER_PROFIT_QOQ":125.851878231067,"ROE_YEARLY":8.017691183267,"ROIC_YEARLY":9.326233791836,"TOTAL_ASSETS":16785280000,"TOTAL_LIABILITIES":2930433000,"TAX_EBT":22.817522472537,"OCF_SALES":27.522247579628,"TOTAL_PARENT_EQUITY":12132313000,"DEBT_ASSET_RATIO":17.4583504118,"OPERATE_PROFIT":733573000,"PRETAX_PROFIT":753364000,"NETCASH_OPERATE":485403000,"NETCASH_INVEST":-172382000,"NETCASH_FINANCE":-1332942000,"END_CASH":3890200000,"DIVI_RATIO":0.221230973455,"DIVIDEND_RATE":3.318385650224,"CURRENT_RATIO":3.965790157478,"COMMON_ACS":5000000000,"CURRENTDEBT_DEBT":69.210215691674,"ISSUED_COMMON_SHARES":3229926876,"HK_COMMON_SHARES":3229926876,"PER_SHARES":1000,"TOTAL_MARKET_CAP":7202736933.48,"HKSK_MARKET_CAP":7202736933.48,"PE_TTM":58.41111290532,"PB_TTM":0.5299878991,"REPORT_DATE_SQ":"2020-06-30 00:00:00","REPORT_TYPE_SQ":"2020年中报","OPERATE_INCOME_SQ":1715710000,"DPS_HKD":0.074,"OPERATE_INCOME_QOQ_SQ":-8.337742629166,"NET_PROFIT_RATIO_SQ":3.8579946494,"HOLDER_PROFIT_SQ":-45434000,"HOLDER_PROFIT_QOQ_SQ":-47.277078140007,"ROE_AVG_SQ":-0.389853445,"PE_TTM_SQ":-12.381970153553,"PB_TTM_SQ":0.581201149015,"ROA_SQ":-0.25917707997,"START_DATE":"2021-01-01 00:00:00","FISCAL_YEAR":"12-31","CURRENCY":"HKD","IS_CNY_CODE":0,"DPS_HKD_LY":0.154,"ORG_TYPE":"一般企业","PREMIUM_INCOME":null,"PREMIUM_INCOME_YOY":null,"NET_INTEREST_INCOME":null,"NET_INTEREST_INCOME_YOY":null,"FEE_COMMISSION_INCOME":null,"FEE_COMMISSION_INCOME_YOY":null,"ACCOUNTS_RECE_TDAYS":1.401131518915,"INVENTORY_TDAYS":0.800339670772,"CURRENT_ASSETS_TDAYS":0.205617624957,"TOTAL_ASSETS_TDAYS":0.102350805642,"PREMIUM_EXPENSE":null,"LOAN_DEPOSIT":null,"LOAN_EQUITY":null,"LOAN_ASSETS":null,"DEPOSIT_EQUITY":null,"DEPOSIT_ASSETS":null,"EQUITY_MULTIPLIER":1.211509589388,"EQUITY_RATIO":0.241539515177},{"SECUCODE":"00336.HK","SECURITY_CODE":"00336","SECURITY_NAME_ABBR":"华宝国际","ORG_CODE":"10008838","STD_REPORT_DATE":"2020-12-31 00:00:00","REPORT_DATE":"2020-12-31 00:00:00","DATE_TYPE_CODE":"001","REPORT_TYPE":"2020年年报","PER_NETCASH_OPERATE":0.468245618436,"PER_OI":1.240109488938,"BPS":3.675332741496,"BASIC_EPS":0.1346,"DILUTED_EPS":0.1346,"OPERATE_INCOME":3854058000,"OPERATE_INCOME_YOY":-9.1246958293,"GROSS_PROFIT":2442407000,"GROSS_PROFIT_YOY":-11.036712185065,"HOLDER_PROFIT":418399000,"HOLDER_PROFIT_YOY":-62.3743259916,"GROSS_PROFIT_RATIO":63.372346757625,"EPS_TTM":0.134627078799,"OPERATE_INCOME_QOQ":-0.85853569695,"NET_PROFIT_RATIO":17.3437711628,"ROE_AVG":3.530902155674,"GROSS_PROFIT_QOQ":-3.21922739652,"ROA":2.347806805676,"HOLDER_PROFIT_QOQ":-28.635074307371,"ROE_YEARLY":3.530902155674,"ROIC_YEARLY":4.186173926938,"TOTAL_ASSETS":17678054000,"TOTAL_LIABILITIES":3983805000,"TAX_EBT":29.550568547703,"OCF_SALES":37.758409447912,"TOTAL_PARENT_EQUITY":11871056000,"DEBT_ASSET_RATIO":22.5353141245,"OPERATE_PROFIT":902792000,"PRETAX_PROFIT":948821000,"NETCASH_OPERATE":1455231000,"NETCASH_INVEST":1175188000,"NETCASH_FINANCE":-1031641000,"END_CASH":4921756000,"DIVI_RATIO":0.499654308777,"DIVIDEND_RATE":3.318385650224,"CURRENT_RATIO":4.633087686809,"COMMON_ACS":5000000000,"CURRENTDEBT_DEBT":49.366045777843,"ISSUED_COMMON_SHARES":3229926876,"HK_COMMON_SHARES":3229926876,"PER_SHARES":1000,"TOTAL_MARKET_CAP":7202736933.48,"HKSK_MARKET_CAP":7202736933.48,"PE_TTM":58.41111290532,"PB_TTM":0.5299878991,"REPORT_DATE_SQ":"2019-12-31 00:00:00","REPORT_TYPE_SQ":"2019年年报","OPERATE_INCOME_SQ":4241040000,"DPS_HKD":0.074,"OPERATE_INCOME_QOQ_SQ":6.400156149098,"NET_PROFIT_RATIO_SQ":32.3916067757,"HOLDER_PROFIT_SQ":1112004000,"HOLDER_PROFIT_QOQ_SQ":-13.397215637042,"ROE_AVG_SQ":9.430816243115,"PE_TTM_SQ":-12.381970153553,"PB_TTM_SQ":0.581201149015,"ROA_SQ":5.988325231128,"START_DATE":"2020-01-01 00:00:00","FISCAL_YEAR":"12-31","CURRENCY":"HKD","IS_CNY_CODE":0,"DPS_HKD_LY":0.16,"ORG_TYPE":"一般企业","PREMIUM_INCOME":null,"PREMIUM_INCOME_YOY":null,"NET_INTEREST_INCOME":null,"NET_INTEREST_INCOME_YOY":null,"FEE_COMMISSION_INCOME":null,"FEE_COMMISSION_INCOME_YOY":null,"ACCOUNTS_RECE_TDAYS":2.882211027918,"INVENTORY_TDAYS":1.580680252456,"CURRENT_ASSETS_TDAYS":0.431685895105,"TOTAL_ASSETS_TDAYS":0.216266855367,"PREMIUM_EXPENSE":null,"LOAN_DEPOSIT":null,"LOAN_EQUITY":null,"LOAN_ASSETS":null,"DEPOSIT_EQUITY":null,"DEPOSIT_ASSETS":null,"EQUITY_MULTIPLIER":1.290910804966,"EQUITY_RATIO":0.335589773985},{"SECUCODE":"00336.HK","SECURITY_CODE":"00336","SECURITY_NAME_ABBR":"华宝国际","ORG_CODE":"10008838","STD_REPORT_DATE":"2020-06-30 00:00:00","REPORT_DATE":"2020-06-30 00:00:00","DATE_TYPE_CODE":"002","REPORT_TYPE":"2020年中报","PER_NETCASH_OPERATE":0.15043260591,"PER_OI":0.552059219469,"BPS":3.554270248439,"BASIC_EPS":-0.0146,"DILUTED_EPS":-0.0146,"OPERATE_INCOME":1715710000,"OPERATE_INCOME_YOY":-17.0881020163,"GROSS_PROFIT":1088700000,"GROSS_PROFIT_YOY":-16.922365488176,"HOLDER_PROFIT":-45434000,"HOLDER_PROFIT_YOY":-109.4597211262,"GROSS_PROFIT_RATIO":63.454779653904,"EPS_TTM":0.188646001509,"OPERATE_INCOME_QOQ":-8.337742629166,"NET_PROFIT_RATIO":3.8579946494,"ROE_AVG":-0.389853445,"GROSS_PROFIT_QOQ":-8.077518476293,"ROA":-0.25917707997,"HOLDER_PROFIT_QOQ":-47.277078140007,"ROE_YEARLY":-0.779706889999,"ROIC_YEARLY":-0.905871661967,"TOTAL_ASSETS":17096564000,"TOTAL_LIABILITIES":3966024000,"TAX_EBT":67.448585170104,"OCF_SALES":27.249360323132,"TOTAL_PARENT_EQUITY":11480033000,"DEBT_ASSET_RATIO":23.1977840694,"OPERATE_PROFIT":185778000,"PRETAX_PROFIT":203346000,"NETCASH_OPERATE":467520000,"NETCASH_INVEST":741233000,"NETCASH_FINANCE":-731934000,"END_CASH":3874305000,"DIVI_RATIO":0.356577926179,"DIVIDEND_RATE":3.318385650224,"CURRENT_RATIO":4.883169350577,"COMMON_ACS":5000000000,"CURRENTDEBT_DEBT":43.27606186952,"ISSUED_COMMON_SHARES":3229926876,"HK_COMMON_SHARES":3229926876,"PER_SHARES":1000,"TOTAL_MARKET_CAP":7202736933.48,"HKSK_MARKET_CAP":7202736933.48,"PE_TTM":58.41111290532,"PB_TTM":0.5299878991,"REPORT_DATE_SQ":"2019-06-30 00:00:00","REPORT_TYPE_SQ":"2019年中报","OPERATE_INCOME_SQ":2069317000,"DPS_HKD":0.074,"OPERATE_INCOME_QOQ_SQ":0,"NET_PROFIT_RATIO_SQ":29.4383605798,"HOLDER_PROFIT_SQ":480289000,"HOLDER_PROFIT_QOQ_SQ":0,"ROE_AVG_SQ":4.134697995706,"PE_TTM_SQ":-12.381970153553,"PB_TTM_SQ":0.581201149015,"ROA_SQ":2.589685412876,"START_DATE":"2020-01-01 00:00:00","FISCAL_YEAR":"12-31","CURRENCY":"HKD","IS_CNY_CODE":0,"DPS_HKD_LY":0.16,"ORG_TYPE":"一般企业","PREMIUM_INCOME":null,"PREMIUM_INCOME_YOY":null,"NET_INTEREST_INCOME":null,"NET_INTEREST_INCOME_YOY":null,"FEE_COMMISSION_INCOME":null,"FEE_COMMISSION_INCOME_YOY":null,"ACCOUNTS_RECE_TDAYS":1.333798738819,"INVENTORY_TDAYS":0.696608503932,"CURRENT_ASSETS_TDAYS":0.200370561337,"TOTAL_ASSETS_TDAYS":0.097872233982,"PREMIUM_EXPENSE":null,"LOAN_DEPOSIT":null,"LOAN_EQUITY":null,"LOAN_ASSETS":null,"DEPOSIT_EQUITY":null,"DEPOSIT_ASSETS":null,"EQUITY_MULTIPLIER":1.302045765064,"EQUITY_RATIO":0.345471480788}],"count":48},"success":true,"message":"ok","code":0}