{"version":"e80f807c7ddae06acfc58d70efe540e2","result":{"pages":6,"data":[{"SECUCODE":"00339.HK","SECURITY_CODE":"00339","SECURITY_NAME_ABBR":"中国科创产业投资","ORG_CODE":"10008839","STD_REPORT_DATE":"2024-06-30 00:00:00","REPORT_DATE":"2024-06-30 00:00:00","DATE_TYPE_CODE":"002","REPORT_TYPE":"2024年中报","PER_NETCASH_OPERATE":-0.017490010081,"PER_OI":0.000261897963,"BPS":0.011255372578,"BASIC_EPS":-0.01186484,"DILUTED_EPS":-0.01186484,"OPERATE_INCOME":75426.61324,"OPERATE_INCOME_YOY":-78.1969328018,"GROSS_PROFIT":null,"GROSS_PROFIT_YOY":null,"HOLDER_PROFIT":-3429782.989,"HOLDER_PROFIT_YOY":-66.6524017405,"GROSS_PROFIT_RATIO":null,"EPS_TTM":-0.027851377792,"OPERATE_INCOME_QOQ":-73.412098096814,"NET_PROFIT_RATIO":-4547.1788294229,"ROE_AVG":-69.196336093202,"GROSS_PROFIT_QOQ":null,"ROA":-30.106662069127,"HOLDER_PROFIT_QOQ":-20.250056976733,"ROE_YEARLY":-138.392672186403,"ROIC_YEARLY":-88.215449526017,"TOTAL_ASSETS":10005797.5446,"TOTAL_LIABILITIES":6764250.2422,"TAX_EBT":null,"OCF_SALES":-6678.17722009124,"TOTAL_PARENT_EQUITY":3241547.3024,"DEBT_ASSET_RATIO":67.603309102,"OPERATE_PROFIT":-3372655.60976,"PRETAX_PROFIT":-3429782.989,"NETCASH_OPERATE":-5037122.90328,"NETCASH_INVEST":-13050.41132,"NETCASH_FINANCE":-534451.7178,"END_CASH":823712.86628,"DIVI_RATIO":null,"DIVIDEND_RATE":null,"CURRENT_RATIO":1.439937625519,"COMMON_ACS":1000000000,"CURRENTDEBT_DEBT":72.881737158154,"ISSUED_COMMON_SHARES":288000000,"HK_COMMON_SHARES":288000000,"PER_SHARES":10000,"TOTAL_MARKET_CAP":54720000,"HKSK_MARKET_CAP":54720000,"PE_TTM":-6.173496924985,"PB_TTM":15.406793404811,"REPORT_DATE_SQ":"2023-06-30 00:00:00","REPORT_TYPE_SQ":"2023年中报","OPERATE_INCOME_SQ":349470.06514,"DPS_HKD":null,"OPERATE_INCOME_QOQ_SQ":135.198701981811,"NET_PROFIT_RATIO_SQ":-594.9055911862,"HOLDER_PROFIT_SQ":-2079016.95704,"HOLDER_PROFIT_QOQ_SQ":33.663199402747,"ROE_AVG_SQ":-34.569363494355,"PE_TTM_SQ":-13.680434209275,"PB_TTM_SQ":18.950005829203,"ROA_SQ":-17.313999970209,"START_DATE":"2024-01-01 00:00:00","FISCAL_YEAR":"12-31","CURRENCY":"HKD","IS_CNY_CODE":0,"DPS_HKD_LY":null,"ORG_TYPE":"证券","PREMIUM_INCOME":null,"PREMIUM_INCOME_YOY":null,"NET_INTEREST_INCOME":null,"NET_INTEREST_INCOME_YOY":null,"FEE_COMMISSION_INCOME":null,"FEE_COMMISSION_INCOME_YOY":null,"ACCOUNTS_RECE_TDAYS":null,"INVENTORY_TDAYS":null,"CURRENT_ASSETS_TDAYS":0.007793175278,"TOTAL_ASSETS_TDAYS":0.006620954046,"PREMIUM_EXPENSE":null,"LOAN_DEPOSIT":null,"LOAN_EQUITY":null,"LOAN_ASSETS":null,"DEPOSIT_EQUITY":null,"DEPOSIT_ASSETS":null,"EQUITY_MULTIPLIER":3.086735009907,"EQUITY_RATIO":2.086735009911},{"SECUCODE":"00339.HK","SECURITY_CODE":"00339","SECURITY_NAME_ABBR":"中国科创产业投资","ORG_CODE":"10008839","STD_REPORT_DATE":"2023-12-31 00:00:00","REPORT_DATE":"2023-12-31 00:00:00","DATE_TYPE_CODE":"001","REPORT_TYPE":"2023年年报","PER_NETCASH_OPERATE":0.003356928367,"PER_OI":0.001296162061,"BPS":0.023001468365,"BASIC_EPS":-0.0271866,"DILUTED_EPS":-0.0271866,"OPERATE_INCOME":373294.6735,"OPERATE_INCOME_YOY":138.1854136912,"GROSS_PROFIT":null,"GROSS_PROFIT_YOY":null,"HOLDER_PROFIT":-6670430.77218,"HOLDER_PROFIT_YOY":37.6103610253,"GROSS_PROFIT_RATIO":null,"EPS_TTM":-0.023161217959,"OPERATE_INCOME_QOQ":93.946604495872,"NET_PROFIT_RATIO":-1786.9075681253,"ROE_AVG":-98.401164014841,"GROSS_PROFIT_QOQ":null,"ROA":-52.525839332302,"HOLDER_PROFIT_QOQ":4.586715825147,"ROE_YEARLY":-98.401164014841,"ROIC_YEARLY":-71.181323381042,"TOTAL_ASSETS":12687969.00182,"TOTAL_LIABILITIES":6063546.11282,"TAX_EBT":null,"OCF_SALES":258.989864659829,"TOTAL_PARENT_EQUITY":6624422.889,"DEBT_ASSET_RATIO":47.7897298768,"OPERATE_PROFIT":-6593385.76022,"PRETAX_PROFIT":-6670430.77218,"NETCASH_OPERATE":966795.36968,"NETCASH_INVEST":null,"NETCASH_FINANCE":5103648.88978,"END_CASH":6363291.97112,"DIVI_RATIO":null,"DIVIDEND_RATE":null,"CURRENT_RATIO":2.101562173615,"COMMON_ACS":1000000000,"CURRENTDEBT_DEBT":95.51638603976,"ISSUED_COMMON_SHARES":288000000,"HK_COMMON_SHARES":288000000,"PER_SHARES":10000,"TOTAL_MARKET_CAP":63360000,"HKSK_MARKET_CAP":63360000,"PE_TTM":-7.148259597351,"PB_TTM":17.839444995045,"REPORT_DATE_SQ":"2022-12-31 00:00:00","REPORT_TYPE_SQ":"2022年年报","OPERATE_INCOME_SQ":154484.79361,"DPS_HKD":null,"OPERATE_INCOME_QOQ_SQ":-33.027868191823,"NET_PROFIT_RATIO_SQ":-6821.8910276796,"HOLDER_PROFIT_SQ":-10538784.27441,"HOLDER_PROFIT_QOQ_SQ":30.540569230009,"ROE_AVG_SQ":-87.069920981608,"PE_TTM_SQ":-10.597519457889,"PB_TTM_SQ":14.679581980368,"ROA_SQ":-64.149398171696,"START_DATE":"2023-01-01 00:00:00","FISCAL_YEAR":"12-31","CURRENCY":"HKD","IS_CNY_CODE":0,"DPS_HKD_LY":null,"ORG_TYPE":"证券","PREMIUM_INCOME":null,"PREMIUM_INCOME_YOY":null,"NET_INTEREST_INCOME":null,"NET_INTEREST_INCOME_YOY":null,"FEE_COMMISSION_INCOME":null,"FEE_COMMISSION_INCOME_YOY":null,"ACCOUNTS_RECE_TDAYS":null,"INVENTORY_TDAYS":null,"CURRENT_ASSETS_TDAYS":0.032310416567,"TOTAL_ASSETS_TDAYS":0.029394827281,"PREMIUM_EXPENSE":null,"LOAN_DEPOSIT":null,"LOAN_EQUITY":null,"LOAN_ASSETS":null,"DEPOSIT_EQUITY":null,"DEPOSIT_ASSETS":null,"EQUITY_MULTIPLIER":1.915331979015,"EQUITY_RATIO":0.915331979015},{"SECUCODE":"00339.HK","SECURITY_CODE":"00339","SECURITY_NAME_ABBR":"中国科创产业投资","ORG_CODE":"10008839","STD_REPORT_DATE":"2023-06-30 00:00:00","REPORT_DATE":"2023-06-30 00:00:00","DATE_TYPE_CODE":"002","REPORT_TYPE":"2023年中报","PER_NETCASH_OPERATE":0.002307204342,"PER_OI":0.001453218834,"BPS":0.017271915531,"BASIC_EPS":-0.00829782,"DILUTED_EPS":-0.00829782,"OPERATE_INCOME":349470.06514,"OPERATE_INCOME_YOY":130.536194334,"GROSS_PROFIT":null,"GROSS_PROFIT_YOY":null,"HOLDER_PROFIT":-2079016.95704,"HOLDER_PROFIT_YOY":65.7275859323,"GROSS_PROFIT_RATIO":null,"EPS_TTM":-0.029071408473,"OPERATE_INCOME_QOQ":135.198701981811,"NET_PROFIT_RATIO":-594.9055911862,"ROE_AVG":-34.569363494355,"GROSS_PROFIT_QOQ":null,"ROA":-17.313999970209,"HOLDER_PROFIT_QOQ":33.663199402747,"ROE_YEARLY":-69.13872698871,"ROIC_YEARLY":-35.380839390154,"TOTAL_ASSETS":11083697.8175,"TOTAL_LIABILITIES":6109386.14448,"TAX_EBT":null,"OCF_SALES":158.765100529491,"TOTAL_PARENT_EQUITY":4974311.67302,"DEBT_ASSET_RATIO":55.1204683227,"OPERATE_PROFIT":-2022748.51764,"PRETAX_PROFIT":-2079016.95704,"NETCASH_OPERATE":554836.50024,"NETCASH_INVEST":null,"NETCASH_FINANCE":-640165.74924,"END_CASH":212613.1979,"DIVI_RATIO":null,"DIVIDEND_RATE":null,"CURRENT_RATIO":1.700355464171,"COMMON_ACS":1000000000,"CURRENTDEBT_DEBT":95.472638437662,"ISSUED_COMMON_SHARES":288000000,"HK_COMMON_SHARES":288000000,"PER_SHARES":10000,"TOTAL_MARKET_CAP":49248000,"HKSK_MARKET_CAP":49248000,"PE_TTM":-5.556147232486,"PB_TTM":13.86611406433,"REPORT_DATE_SQ":"2022-06-30 00:00:00","REPORT_TYPE_SQ":"2022年中报","OPERATE_INCOME_SQ":140608.62942,"DPS_HKD":null,"OPERATE_INCOME_QOQ_SQ":51.522008711073,"NET_PROFIT_RATIO_SQ":-4001.6810811468,"HOLDER_PROFIT_SQ":-5626708.92196,"HOLDER_PROFIT_QOQ_SQ":-23.7828946935,"ROE_AVG_SQ":-40.716207221771,"PE_TTM_SQ":-10.404837285927,"PB_TTM_SQ":14.412680489816,"ROA_SQ":-32.831989948032,"START_DATE":"2023-01-01 00:00:00","FISCAL_YEAR":"12-31","CURRENCY":"HKD","IS_CNY_CODE":0,"DPS_HKD_LY":null,"ORG_TYPE":"证券","PREMIUM_INCOME":null,"PREMIUM_INCOME_YOY":null,"NET_INTEREST_INCOME":null,"NET_INTEREST_INCOME_YOY":null,"FEE_COMMISSION_INCOME":null,"FEE_COMMISSION_INCOME_YOY":null,"ACCOUNTS_RECE_TDAYS":null,"INVENTORY_TDAYS":null,"CURRENT_ASSETS_TDAYS":0.033214557297,"TOTAL_ASSETS_TDAYS":0.029103777518,"PREMIUM_EXPENSE":null,"LOAN_DEPOSIT":null,"LOAN_EQUITY":null,"LOAN_ASSETS":null,"DEPOSIT_EQUITY":null,"DEPOSIT_ASSETS":null,"EQUITY_MULTIPLIER":2.228187243999,"EQUITY_RATIO":1.228187243999},{"SECUCODE":"00339.HK","SECURITY_CODE":"00339","SECURITY_NAME_ABBR":"中国科创产业投资","ORG_CODE":"10008839","STD_REPORT_DATE":"2022-12-31 00:00:00","REPORT_DATE":"2022-12-31 00:00:00","DATE_TYPE_CODE":"001","REPORT_TYPE":"2022年年报","PER_NETCASH_OPERATE":-0.009769910324,"PER_OI":0.000642401836,"BPS":0.023729605891,"BASIC_EPS":-0.04377023,"DILUTED_EPS":-0.04377023,"OPERATE_INCOME":154484.79361,"OPERATE_INCOME_YOY":-7.1187660447,"GROSS_PROFIT":null,"GROSS_PROFIT_YOY":null,"HOLDER_PROFIT":-10538784.27441,"HOLDER_PROFIT_YOY":21.3044837832,"GROSS_PROFIT_RATIO":null,"EPS_TTM":-0.043823953237,"OPERATE_INCOME_QOQ":-33.027868191823,"NET_PROFIT_RATIO":-6821.8910276796,"ROE_AVG":-87.069920981608,"GROSS_PROFIT_QOQ":null,"ROA":-64.149398171696,"HOLDER_PROFIT_QOQ":30.540569230009,"ROE_YEARLY":-87.069920981608,"ROIC_YEARLY":-67.339814642869,"TOTAL_ASSETS":12529057.72293,"TOTAL_LIABILITIES":5694931.22625,"TAX_EBT":null,"OCF_SALES":-1520.84097072446,"TOTAL_PARENT_EQUITY":6834126.49668,"DEBT_ASSET_RATIO":45.4537871258,"OPERATE_PROFIT":-10269921.61692,"PRETAX_PROFIT":-10538784.27441,"NETCASH_OPERATE":-2349468.03476,"NETCASH_INVEST":null,"NETCASH_FINANCE":1371570.52823,"END_CASH":289099.68934,"DIVI_RATIO":null,"DIVIDEND_RATE":null,"CURRENT_RATIO":1.994683849382,"COMMON_ACS":1000000000,"CURRENTDEBT_DEBT":94.888379114954,"ISSUED_COMMON_SHARES":288000000,"HK_COMMON_SHARES":288000000,"PER_SHARES":10000,"TOTAL_MARKET_CAP":63360000,"HKSK_MARKET_CAP":63360000,"PE_TTM":-7.148259597351,"PB_TTM":17.839444995045,"REPORT_DATE_SQ":"2021-12-31 00:00:00","REPORT_TYPE_SQ":"2021年年报","OPERATE_INCOME_SQ":152235.4848,"DPS_HKD":null,"OPERATE_INCOME_QOQ_SQ":-49.082776590039,"NET_PROFIT_RATIO_SQ":-8051.6106510274,"HOLDER_PROFIT_SQ":-12257408.5088,"HOLDER_PROFIT_QOQ_SQ":-192.002424778753,"ROE_AVG_SQ":-64.576894246887,"PE_TTM_SQ":-10.597519457889,"PB_TTM_SQ":14.679581980368,"ROA_SQ":-59.387212306102,"START_DATE":"2022-01-01 00:00:00","FISCAL_YEAR":"12-31","CURRENCY":"HKD","IS_CNY_CODE":0,"DPS_HKD_LY":null,"ORG_TYPE":"证券","PREMIUM_INCOME":null,"PREMIUM_INCOME_YOY":null,"NET_INTEREST_INCOME":null,"NET_INTEREST_INCOME_YOY":null,"FEE_COMMISSION_INCOME":null,"FEE_COMMISSION_INCOME_YOY":null,"ACCOUNTS_RECE_TDAYS":null,"INVENTORY_TDAYS":null,"CURRENT_ASSETS_TDAYS":0.010989246655,"TOTAL_ASSETS_TDAYS":0.009403462751,"PREMIUM_EXPENSE":null,"LOAN_DEPOSIT":null,"LOAN_EQUITY":null,"LOAN_ASSETS":null,"DEPOSIT_EQUITY":null,"DEPOSIT_ASSETS":null,"EQUITY_MULTIPLIER":1.833307845416,"EQUITY_RATIO":0.833307845416},{"SECUCODE":"00339.HK","SECURITY_CODE":"00339","SECURITY_NAME_ABBR":"中国科创产业投资","ORG_CODE":"10008839","STD_REPORT_DATE":"2022-06-30 00:00:00","REPORT_DATE":"2022-06-30 00:00:00","DATE_TYPE_CODE":"002","REPORT_TYPE":"2022年中报","PER_NETCASH_OPERATE":-0.00240627806,"PER_OI":0.000584699889,"BPS":0.038214554143,"BASIC_EPS":-0.02309013,"DILUTED_EPS":-0.02309013,"OPERATE_INCOME":140608.62942,"OPERATE_INCOME_YOY":120.0425583169,"GROSS_PROFIT":null,"GROSS_PROFIT_YOY":null,"HOLDER_PROFIT":-5626708.92196,"HOLDER_PROFIT_YOY":-101.9019551043,"GROSS_PROFIT_RATIO":null,"EPS_TTM":-0.063092877023,"OPERATE_INCOME_QOQ":51.522008711073,"NET_PROFIT_RATIO":-4001.6810811468,"ROE_AVG":-40.716207221771,"GROSS_PROFIT_QOQ":null,"ROA":-32.831989948032,"HOLDER_PROFIT_QOQ":-23.7828946935,"ROE_YEARLY":-81.432414443543,"ROIC_YEARLY":-70.768223769463,"TOTAL_ASSETS":14814405.91379,"TOTAL_LIABILITIES":3808614.3207,"TAX_EBT":null,"OCF_SALES":-411.540707221837,"TOTAL_PARENT_EQUITY":11005791.59309,"DEBT_ASSET_RATIO":25.7088562502,"OPERATE_PROFIT":-5451427.46918,"PRETAX_PROFIT":-5626708.92196,"NETCASH_OPERATE":-578661.74793,"NETCASH_INVEST":null,"NETCASH_FINANCE":624105.68934,"END_CASH":1258624.17212,"DIVI_RATIO":null,"DIVIDEND_RATE":null,"CURRENT_RATIO":4.242911223106,"COMMON_ACS":1000000000,"CURRENTDEBT_DEBT":77.630463924123,"ISSUED_COMMON_SHARES":288000000,"HK_COMMON_SHARES":288000000,"PER_SHARES":10000,"TOTAL_MARKET_CAP":63360000,"HKSK_MARKET_CAP":63360000,"PE_TTM":-7.148259597351,"PB_TTM":17.839444995045,"REPORT_DATE_SQ":"2021-06-30 00:00:00","REPORT_TYPE_SQ":"2021年中报","OPERATE_INCOME_SQ":62173.84968,"DPS_HKD":null,"OPERATE_INCOME_QOQ_SQ":-42.599422646629,"NET_PROFIT_RATIO_SQ":-4361.2264289825,"HOLDER_PROFIT_SQ":-2711542.36416,"HOLDER_PROFIT_QOQ_SQ":45.134685562693,"ROE_AVG_SQ":-11.205385678995,"PE_TTM_SQ":-10.597519457889,"PB_TTM_SQ":14.679581980368,"ROA_SQ":-10.45618858868,"START_DATE":"2022-01-01 00:00:00","FISCAL_YEAR":"12-31","CURRENCY":"HKD","IS_CNY_CODE":0,"DPS_HKD_LY":null,"ORG_TYPE":"证券","PREMIUM_INCOME":null,"PREMIUM_INCOME_YOY":null,"NET_INTEREST_INCOME":null,"NET_INTEREST_INCOME_YOY":null,"FEE_COMMISSION_INCOME":null,"FEE_COMMISSION_INCOME_YOY":null,"ACCOUNTS_RECE_TDAYS":null,"INVENTORY_TDAYS":null,"CURRENT_ASSETS_TDAYS":0.00964975602,"TOTAL_ASSETS_TDAYS":0.008204549359,"PREMIUM_EXPENSE":null,"LOAN_DEPOSIT":null,"LOAN_EQUITY":null,"LOAN_ASSETS":null,"DEPOSIT_EQUITY":null,"DEPOSIT_ASSETS":null,"EQUITY_MULTIPLIER":1.346055464387,"EQUITY_RATIO":0.346055464388},{"SECUCODE":"00339.HK","SECURITY_CODE":"00339","SECURITY_NAME_ABBR":"中国科创产业投资","ORG_CODE":"10008839","STD_REPORT_DATE":"2021-12-31 00:00:00","REPORT_DATE":"2021-12-31 00:00:00","DATE_TYPE_CODE":"001","REPORT_TYPE":"2021年年报","PER_NETCASH_OPERATE":-0.028193240146,"PER_OI":0.000633048423,"BPS":0.055214503867,"BASIC_EPS":-0.0515088,"DILUTED_EPS":-0.0515088,"OPERATE_INCOME":152235.4848,"OPERATE_INCOME_YOY":-69.9138609398,"GROSS_PROFIT":null,"GROSS_PROFIT_YOY":null,"HOLDER_PROFIT":-12257408.5088,"HOLDER_PROFIT_YOY":-64.9186667758,"GROSS_PROFIT_RATIO":null,"EPS_TTM":-0.050970594265,"OPERATE_INCOME_QOQ":-49.082776590039,"NET_PROFIT_RATIO":-8051.6106510274,"ROE_AVG":-64.576894246887,"GROSS_PROFIT_QOQ":null,"ROA":-59.387212306102,"HOLDER_PROFIT_QOQ":-192.002424778753,"ROE_YEARLY":-64.576894246887,"ROIC_YEARLY":-66.387319491293,"TOTAL_ASSETS":18605938.4224,"TOTAL_LIABILITIES":2704161.3088,"TAX_EBT":null,"OCF_SALES":-4453.56770749417,"TOTAL_PARENT_EQUITY":15901777.1136,"DEBT_ASSET_RATIO":14.533861434,"OPERATE_PROFIT":-11753869.9264,"PRETAX_PROFIT":-12257408.5088,"NETCASH_OPERATE":-6779910.3904,"NETCASH_INVEST":-70763.28,"NETCASH_FINANCE":4818254.9744,"END_CASH":1160215.28,"DIVI_RATIO":null,"DIVIDEND_RATE":null,"CURRENT_RATIO":11.566945150355,"COMMON_ACS":1000000000,"CURRENTDEBT_DEBT":50.730988759275,"ISSUED_COMMON_SHARES":288000000,"HK_COMMON_SHARES":288000000,"PER_SHARES":10000,"TOTAL_MARKET_CAP":63360000,"HKSK_MARKET_CAP":63360000,"PE_TTM":-7.148259597351,"PB_TTM":17.839444995045,"REPORT_DATE_SQ":"2020-12-31 00:00:00","REPORT_TYPE_SQ":"2020年年报","OPERATE_INCOME_SQ":520876.68812,"DPS_HKD":null,"OPERATE_INCOME_QOQ_SQ":29.039158508734,"NET_PROFIT_RATIO_SQ":-1468.8566336448,"HOLDER_PROFIT_SQ":-7650931.78656,"HOLDER_PROFIT_QOQ_SQ":35.612193774137,"ROE_AVG_SQ":-31.625410579178,"PE_TTM_SQ":-10.597519457889,"PB_TTM_SQ":14.679581980368,"ROA_SQ":-29.200027213302,"START_DATE":"2021-01-01 00:00:00","FISCAL_YEAR":"12-31","CURRENCY":"HKD","IS_CNY_CODE":0,"DPS_HKD_LY":null,"ORG_TYPE":"证券","PREMIUM_INCOME":null,"PREMIUM_INCOME_YOY":null,"NET_INTEREST_INCOME":null,"NET_INTEREST_INCOME_YOY":null,"FEE_COMMISSION_INCOME":null,"FEE_COMMISSION_INCOME_YOY":null,"ACCOUNTS_RECE_TDAYS":null,"INVENTORY_TDAYS":null,"CURRENT_ASSETS_TDAYS":0.008143247116,"TOTAL_ASSETS_TDAYS":0.007375817694,"PREMIUM_EXPENSE":null,"LOAN_DEPOSIT":null,"LOAN_EQUITY":null,"LOAN_ASSETS":null,"DEPOSIT_EQUITY":null,"DEPOSIT_ASSETS":null,"EQUITY_MULTIPLIER":1.170054031665,"EQUITY_RATIO":0.170054031665},{"SECUCODE":"00339.HK","SECURITY_CODE":"00339","SECURITY_NAME_ABBR":"中国科创产业投资","ORG_CODE":"10008839","STD_REPORT_DATE":"2021-06-30 00:00:00","REPORT_DATE":"2021-06-30 00:00:00","DATE_TYPE_CODE":"002","REPORT_TYPE":"2021年中报","PER_NETCASH_OPERATE":0.00859513935,"PER_OI":0.000258540626,"BPS":0.090090257914,"BASIC_EPS":-0.01164912,"DILUTED_EPS":-0.01164912,"OPERATE_INCOME":62173.84968,"OPERATE_INCOME_YOY":-75.9726415913,"GROSS_PROFIT":null,"GROSS_PROFIT_YOY":null,"HOLDER_PROFIT":-2711542.36416,"HOLDER_PROFIT_YOY":51.71472447,"GROSS_PROFIT_RATIO":null,"EPS_TTM":-0.017455538016,"OPERATE_INCOME_QOQ":-42.599422646629,"NET_PROFIT_RATIO":-4361.2264289825,"ROE_AVG":-11.205385678995,"GROSS_PROFIT_QOQ":null,"ROA":-10.45618858868,"HOLDER_PROFIT_QOQ":45.134685562693,"ROE_YEARLY":-22.410771357989,"ROIC_YEARLY":-28.741377592014,"TOTAL_ASSETS":28789589.4036,"TOTAL_LIABILITIES":2843595.12432,"TAX_EBT":null,"OCF_SALES":3324.48307704661,"TOTAL_PARENT_EQUITY":25945994.27928,"DEBT_ASSET_RATIO":9.8771645696,"OPERATE_PROFIT":-2486111.92224,"PRETAX_PROFIT":-2711542.36416,"NETCASH_OPERATE":2066959.11096,"NETCASH_INVEST":-72016.524,"NETCASH_FINANCE":5634958.0908,"END_CASH":10878718.76208,"DIVI_RATIO":null,"DIVIDEND_RATE":null,"CURRENT_RATIO":25.684863819771,"COMMON_ACS":1000000000,"CURRENTDEBT_DEBT":34.809539499288,"ISSUED_COMMON_SHARES":288000000,"HK_COMMON_SHARES":288000000,"PER_SHARES":10000,"TOTAL_MARKET_CAP":63360000,"HKSK_MARKET_CAP":63360000,"PE_TTM":-7.148259597351,"PB_TTM":17.839444995045,"REPORT_DATE_SQ":"2020-06-30 00:00:00","REPORT_TYPE_SQ":"2020年中报","OPERATE_INCOME_SQ":284064.31152,"DPS_HKD":null,"OPERATE_INCOME_QOQ_SQ":130.710597985147,"NET_PROFIT_RATIO_SQ":-2170.2009434599,"HOLDER_PROFIT_SQ":-6164766.36864,"HOLDER_PROFIT_QOQ_SQ":-18.627926378283,"ROE_AVG_SQ":-22.561095118485,"PE_TTM_SQ":-10.597519457889,"PB_TTM_SQ":14.679581980368,"ROA_SQ":-20.482831032811,"START_DATE":"2021-01-01 00:00:00","FISCAL_YEAR":"12-31","CURRENCY":"HKD","IS_CNY_CODE":0,"DPS_HKD_LY":null,"ORG_TYPE":"证券","PREMIUM_INCOME":null,"PREMIUM_INCOME_YOY":null,"NET_INTEREST_INCOME":null,"NET_INTEREST_INCOME_YOY":null,"FEE_COMMISSION_INCOME":null,"FEE_COMMISSION_INCOME_YOY":null,"ACCOUNTS_RECE_TDAYS":null,"INVENTORY_TDAYS":null,"CURRENT_ASSETS_TDAYS":0.002627448398,"TOTAL_ASSETS_TDAYS":0.002397533987,"PREMIUM_EXPENSE":null,"LOAN_DEPOSIT":null,"LOAN_EQUITY":null,"LOAN_ASSETS":null,"DEPOSIT_EQUITY":null,"DEPOSIT_ASSETS":null,"EQUITY_MULTIPLIER":1.109596691254,"EQUITY_RATIO":0.109596691255},{"SECUCODE":"00339.HK","SECURITY_CODE":"00339","SECURITY_NAME_ABBR":"中国科创产业投资","ORG_CODE":"10008839","STD_REPORT_DATE":"2020-12-31 00:00:00","REPORT_DATE":"2020-12-31 00:00:00","DATE_TYPE_CODE":"001","REPORT_TYPE":"2020年年报","PER_NETCASH_OPERATE":-0.088082195383,"PER_OI":0.00259918507,"BPS":0.078850972158,"BASIC_EPS":-0.04124036,"DILUTED_EPS":-0.04124036,"OPERATE_INCOME":520876.68812,"OPERATE_INCOME_YOY":216.8575509807,"GROSS_PROFIT":null,"GROSS_PROFIT_YOY":null,"HOLDER_PROFIT":-7650931.78656,"HOLDER_PROFIT_YOY":18.7046769048,"GROSS_PROFIT_RATIO":null,"EPS_TTM":-0.038178302328,"OPERATE_INCOME_QOQ":29.039158508734,"NET_PROFIT_RATIO":-1468.8566336448,"ROE_AVG":-31.625410579178,"GROSS_PROFIT_QOQ":null,"ROA":-29.200027213302,"HOLDER_PROFIT_QOQ":35.612193774137,"ROE_YEARLY":-31.625410579178,"ROIC_YEARLY":-51.870671389242,"TOTAL_ASSETS":23340361.32164,"TOTAL_LIABILITIES":631281.34004,"TAX_EBT":null,"OCF_SALES":-3388.83892432011,"TOTAL_PARENT_EQUITY":22709079.9816,"DEBT_ASSET_RATIO":2.70467681,"OPERATE_PROFIT":-7551750.40404,"PRETAX_PROFIT":-7650931.78656,"NETCASH_OPERATE":-17604864.98776,"NETCASH_INVEST":-548075.12636,"NETCASH_FINANCE":1820519.50168,"END_CASH":3286318.0424,"DIVI_RATIO":null,"DIVIDEND_RATE":null,"CURRENT_RATIO":35.09384036765,"COMMON_ACS":1000000000,"CURRENTDEBT_DEBT":100,"ISSUED_COMMON_SHARES":288000000,"HK_COMMON_SHARES":288000000,"PER_SHARES":10000,"TOTAL_MARKET_CAP":63360000,"HKSK_MARKET_CAP":63360000,"PE_TTM":-7.148259597351,"PB_TTM":17.839444995045,"REPORT_DATE_SQ":"2019-12-31 00:00:00","REPORT_TYPE_SQ":"2019年年报","OPERATE_INCOME_SQ":174962.85382,"DPS_HKD":null,"OPERATE_INCOME_QOQ_SQ":6.825294360351,"NET_PROFIT_RATIO_SQ":-5725.0318709393,"HOLDER_PROFIT_SQ":-10016679.1435,"HOLDER_PROFIT_QOQ_SQ":-1.267076276282,"ROE_AVG_SQ":-36.549576428813,"PE_TTM_SQ":-10.597519457889,"PB_TTM_SQ":14.679581980368,"ROA_SQ":-33.999517618736,"START_DATE":"2020-01-01 00:00:00","FISCAL_YEAR":"12-31","CURRENCY":"HKD","IS_CNY_CODE":0,"DPS_HKD_LY":null,"ORG_TYPE":"证券","PREMIUM_INCOME":null,"PREMIUM_INCOME_YOY":null,"NET_INTEREST_INCOME":null,"NET_INTEREST_INCOME_YOY":null,"FEE_COMMISSION_INCOME":null,"FEE_COMMISSION_INCOME_YOY":null,"ACCOUNTS_RECE_TDAYS":null,"INVENTORY_TDAYS":null,"CURRENT_ASSETS_TDAYS":0.022113846668,"TOTAL_ASSETS_TDAYS":0.019879426313,"PREMIUM_EXPENSE":null,"LOAN_DEPOSIT":null,"LOAN_EQUITY":null,"LOAN_ASSETS":null,"DEPOSIT_EQUITY":null,"DEPOSIT_ASSETS":null,"EQUITY_MULTIPLIER":1.027798631232,"EQUITY_RATIO":0.027798631233},{"SECUCODE":"00339.HK","SECURITY_CODE":"00339","SECURITY_NAME_ABBR":"中国科创产业投资","ORG_CODE":"10008839","STD_REPORT_DATE":"2020-06-30 00:00:00","REPORT_DATE":"2020-06-30 00:00:00","DATE_TYPE_CODE":"002","REPORT_TYPE":"2020年中报","PER_NETCASH_OPERATE":-0.088316652903,"PER_OI":0.001417486584,"BPS":0.092998338162,"BASIC_EPS":-0.03562416,"DILUTED_EPS":-0.03562416,"OPERATE_INCOME":284064.31152,"OPERATE_INCOME_YOY":394.0629766141,"GROSS_PROFIT":null,"GROSS_PROFIT_YOY":null,"HOLDER_PROFIT":-6164766.36864,"HOLDER_PROFIT_YOY":-38.1012014821,"GROSS_PROFIT_RATIO":null,"EPS_TTM":-0.059294305189,"OPERATE_INCOME_QOQ":130.710597985147,"NET_PROFIT_RATIO":-2170.2009434599,"ROE_AVG":-22.561095118485,"GROSS_PROFIT_QOQ":null,"ROA":-20.482831032811,"HOLDER_PROFIT_QOQ":-18.627926378283,"ROE_YEARLY":-45.122190236969,"ROIC_YEARLY":-76.206217695563,"TOTAL_ASSETS":28651869.73968,"TOTAL_LIABILITIES":1868348.34912,"TAX_EBT":null,"OCF_SALES":-6230.51067100131,"TOTAL_PARENT_EQUITY":26783521.39056,"DEBT_ASSET_RATIO":6.5208601257,"OPERATE_PROFIT":-4902062.5368,"PRETAX_PROFIT":-6164766.36864,"NETCASH_OPERATE":-17663164.61712,"NETCASH_INVEST":-594831.21456,"NETCASH_FINANCE":3512667.31728,"END_CASH":6545352.05808,"DIVI_RATIO":null,"DIVIDEND_RATE":null,"CURRENT_RATIO":13.994365888693,"COMMON_ACS":1000000000,"CURRENTDEBT_DEBT":100,"ISSUED_COMMON_SHARES":288000000,"HK_COMMON_SHARES":288000000,"PER_SHARES":10000,"TOTAL_MARKET_CAP":63360000,"HKSK_MARKET_CAP":63360000,"PE_TTM":-7.148259597351,"PB_TTM":17.839444995045,"REPORT_DATE_SQ":"2019-06-30 00:00:00","REPORT_TYPE_SQ":"2019年中报","OPERATE_INCOME_SQ":55369.31904,"DPS_HKD":null,"OPERATE_INCOME_QOQ_SQ":4.070083782577,"NET_PROFIT_RATIO_SQ":-7763.9870360956,"HOLDER_PROFIT_SQ":-4298866.75224,"HOLDER_PROFIT_QOQ_SQ":2.599992820418,"ROE_AVG_SQ":-14.483309463259,"PE_TTM_SQ":-10.597519457889,"PB_TTM_SQ":14.679581980368,"ROA_SQ":-13.327637705722,"START_DATE":"2020-01-01 00:00:00","FISCAL_YEAR":"12-31","CURRENCY":"HKD","IS_CNY_CODE":0,"DPS_HKD_LY":null,"ORG_TYPE":"证券","PREMIUM_INCOME":null,"PREMIUM_INCOME_YOY":null,"NET_INTEREST_INCOME":null,"NET_INTEREST_INCOME_YOY":null,"FEE_COMMISSION_INCOME":null,"FEE_COMMISSION_INCOME_YOY":null,"ACCOUNTS_RECE_TDAYS":null,"INVENTORY_TDAYS":null,"CURRENT_ASSETS_TDAYS":0.010673136062,"TOTAL_ASSETS_TDAYS":0.009438218656,"PREMIUM_EXPENSE":null,"LOAN_DEPOSIT":null,"LOAN_EQUITY":null,"LOAN_ASSETS":null,"DEPOSIT_EQUITY":null,"DEPOSIT_ASSETS":null,"EQUITY_MULTIPLIER":1.069757382604,"EQUITY_RATIO":0.069757382604}],"count":47},"success":true,"message":"ok","code":0}