{"version":"d04e3ef60cf13e8f6b9524516959eca9","result":{"pages":6,"data":[{"SECUCODE":"00346.HK","SECURITY_CODE":"00346","SECURITY_NAME_ABBR":"延长石油国际","ORG_CODE":"10008845","STD_REPORT_DATE":"2024-06-30 00:00:00","REPORT_DATE":"2024-06-30 00:00:00","DATE_TYPE_CODE":"002","REPORT_TYPE":"2024年中报","PER_NETCASH_OPERATE":0.169309548646,"PER_OI":13.914214586471,"BPS":1.018316319807,"BASIC_EPS":-0.022451928,"DILUTED_EPS":-0.022451928,"OPERATE_INCOME":15307066468.12,"OPERATE_INCOME_YOY":46.2473429188,"GROSS_PROFIT":159512734.32,"GROSS_PROFIT_YOY":-17.780961100024,"HOLDER_PROFIT":-24658788.24,"HOLDER_PROFIT_YOY":-277.6448155697,"GROSS_PROFIT_RATIO":1.042085592639,"EPS_TTM":0.144082849319,"OPERATE_INCOME_QOQ":18.829343951929,"NET_PROFIT_RATIO":-0.1625728413,"ROE_AVG":-2.145694890891,"GROSS_PROFIT_QOQ":-7.791998670586,"ROA":-0.725230939536,"HOLDER_PROFIT_QOQ":-19.616484281755,"ROE_YEARLY":-4.291389781781,"ROIC_YEARLY":-1.57661327794,"TOTAL_ASSETS":3437450413.68,"TOTAL_LIABILITIES":2266227335.96,"TAX_EBT":3.068008105514,"OCF_SALES":1.216809957858,"TOTAL_PARENT_EQUITY":1120252637.76,"DEBT_ASSET_RATIO":65.9275644222,"OPERATE_PROFIT":-9291082.4,"PRETAX_PROFIT":-25672775.72,"NETCASH_OPERATE":186257909.04,"NETCASH_INVEST":-20318082.16,"NETCASH_FINANCE":-129945553.04,"END_CASH":234455627.16,"DIVI_RATIO":null,"DIVIDEND_RATE":null,"CURRENT_RATIO":0.835286712474,"COMMON_ACS":5000000000,"CURRENTDEBT_DEBT":89.44748125992,"ISSUED_COMMON_SHARES":1100102803,"HK_COMMON_SHARES":1100102803,"PER_SHARES":5000,"TOTAL_MARKET_CAP":297027756.81,"HKSK_MARKET_CAP":297027756.81,"PE_TTM":1.693759091329,"PB_TTM":0.241991211578,"REPORT_DATE_SQ":"2023-06-30 00:00:00","REPORT_TYPE_SQ":"2023年中报","OPERATE_INCOME_SQ":10573212243.18,"DPS_HKD":null,"OPERATE_INCOME_QOQ_SQ":9.681558170367,"NET_PROFIT_RATIO_SQ":0.1116678225,"HOLDER_PROFIT_SQ":14022393.82,"HOLDER_PROFIT_QOQ_SQ":4.780284564289,"ROE_AVG_SQ":1.621806358944,"PE_TTM_SQ":-2.335907407175,"PB_TTM_SQ":0.404080180168,"ROA_SQ":0.352072898929,"START_DATE":"2024-01-01 00:00:00","FISCAL_YEAR":"12-31","CURRENCY":"HKD","IS_CNY_CODE":0,"DPS_HKD_LY":null,"ORG_TYPE":"一般企业","PREMIUM_INCOME":null,"PREMIUM_INCOME_YOY":null,"NET_INTEREST_INCOME":null,"NET_INTEREST_INCOME_YOY":null,"FEE_COMMISSION_INCOME":null,"FEE_COMMISSION_INCOME_YOY":null,"ACCOUNTS_RECE_TDAYS":18.386994356693,"INVENTORY_TDAYS":46.672229986811,"CURRENT_ASSETS_TDAYS":9.587232274129,"TOTAL_ASSETS_TDAYS":4.501907428772,"PREMIUM_EXPENSE":null,"LOAN_DEPOSIT":null,"LOAN_EQUITY":null,"LOAN_ASSETS":null,"DEPOSIT_EQUITY":null,"DEPOSIT_ASSETS":null,"EQUITY_MULTIPLIER":2.93492373833,"EQUITY_RATIO":2.022960946105},{"SECUCODE":"00346.HK","SECURITY_CODE":"00346","SECURITY_NAME_ABBR":"延长石油国际","ORG_CODE":"10008845","STD_REPORT_DATE":"2023-12-31 00:00:00","REPORT_DATE":"2023-12-31 00:00:00","DATE_TYPE_CODE":"001","REPORT_TYPE":"2023年年报","PER_NETCASH_OPERATE":0.335120142367,"PER_OI":22.853168414643,"BPS":1.063401689069,"BASIC_EPS":0.180247158,"DILUTED_EPS":0.180247158,"OPERATE_INCOME":25140834630.38,"OPERATE_INCOME_YOY":-7.3278390722,"GROSS_PROFIT":442720187.7,"GROSS_PROFIT_YOY":28.575507362806,"HOLDER_PROFIT":197187128.46,"HOLDER_PROFIT_YOY":209.0637060799,"GROSS_PROFIT_RATIO":1.760960581496,"EPS_TTM":0.179244274192,"OPERATE_INCOME_QOQ":-14.283077040702,"NET_PROFIT_RATIO":2.0911287504,"ROE_AVG":21.085931326068,"GROSS_PROFIT_QOQ":26.198961009394,"ROA":5.305366455717,"HOLDER_PROFIT_QOQ":216.199501807573,"ROE_YEARLY":21.085931326068,"ROIC_YEARLY":5.379553158852,"TOTAL_ASSETS":3339005651.24,"TOTAL_LIABILITIES":2117270658.72,"TAX_EBT":1.403826020748,"OCF_SALES":1.46640560419,"TOTAL_PARENT_EQUITY":1169851178.86,"DEBT_ASSET_RATIO":63.4102148924,"OPERATE_PROFIT":-212718833.04,"PRETAX_PROFIT":533212598.24,"NETCASH_OPERATE":368666607.96,"NETCASH_INVEST":-323956431.82,"NETCASH_FINANCE":50190088.48,"END_CASH":204976089.36,"DIVI_RATIO":null,"DIVIDEND_RATE":null,"CURRENT_RATIO":0.794940452151,"COMMON_ACS":5000000000,"CURRENTDEBT_DEBT":88.491621211654,"ISSUED_COMMON_SHARES":1100102803,"HK_COMMON_SHARES":1100102803,"PER_SHARES":5000,"TOTAL_MARKET_CAP":346532382.945,"HKSK_MARKET_CAP":346532382.945,"PE_TTM":1.976052273217,"PB_TTM":0.282323080175,"REPORT_DATE_SQ":"2022-12-31 00:00:00","REPORT_TYPE_SQ":"2022年年报","OPERATE_INCOME_SQ":26741114733.62,"DPS_HKD":null,"OPERATE_INCOME_QOQ_SQ":70.753935544808,"NET_PROFIT_RATIO_SQ":-2.0680609961,"HOLDER_PROFIT_SQ":-178216297.7,"HOLDER_PROFIT_QOQ_SQ":-161.165356035453,"ROE_AVG_SQ":-22.053552627143,"PE_TTM_SQ":-2.162877228866,"PB_TTM_SQ":0.374148314971,"ROA_SQ":-4.420336783977,"START_DATE":"2023-01-01 00:00:00","FISCAL_YEAR":"12-31","CURRENCY":"HKD","IS_CNY_CODE":0,"DPS_HKD_LY":null,"ORG_TYPE":"一般企业","PREMIUM_INCOME":null,"PREMIUM_INCOME_YOY":null,"NET_INTEREST_INCOME":null,"NET_INTEREST_INCOME_YOY":null,"FEE_COMMISSION_INCOME":null,"FEE_COMMISSION_INCOME_YOY":null,"ACCOUNTS_RECE_TDAYS":31.939342655225,"INVENTORY_TDAYS":45.699117507491,"CURRENT_ASSETS_TDAYS":13.495597669376,"TOTAL_ASSETS_TDAYS":6.764201180799,"PREMIUM_EXPENSE":null,"LOAN_DEPOSIT":null,"LOAN_EQUITY":null,"LOAN_ASSETS":null,"DEPOSIT_EQUITY":null,"DEPOSIT_ASSETS":null,"EQUITY_MULTIPLIER":2.733003205838,"EQUITY_RATIO":1.809863251823},{"SECUCODE":"00346.HK","SECURITY_CODE":"00346","SECURITY_NAME_ABBR":"延长石油国际","ORG_CODE":"10008845","STD_REPORT_DATE":"2023-06-30 00:00:00","REPORT_DATE":"2023-06-30 00:00:00","DATE_TYPE_CODE":"002","REPORT_TYPE":"2023年中报","PER_NETCASH_OPERATE":0.142310238182,"PER_OI":9.611112901764,"BPS":0.924078730722,"BASIC_EPS":0.01290772,"DILUTED_EPS":0.01290772,"OPERATE_INCOME":10573212243.18,"OPERATE_INCOME_YOY":22.8325954914,"GROSS_PROFIT":194009485.46,"GROSS_PROFIT_YOY":3.457816428421,"HOLDER_PROFIT":14022393.82,"HOLDER_PROFIT_YOY":136.3480963481,"GROSS_PROFIT_RATIO":1.834915265086,"EPS_TTM":-0.154255630535,"OPERATE_INCOME_QOQ":9.681558170367,"NET_PROFIT_RATIO":0.1116678225,"ROE_AVG":1.621806358944,"GROSS_PROFIT_QOQ":1.883174262611,"ROA":0.352072898929,"HOLDER_PROFIT_QOQ":4.780284564289,"ROE_YEARLY":3.243612717888,"ROIC_YEARLY":0.695058782829,"TOTAL_ASSETS":3799921208.42,"TOTAL_LIABILITIES":3053046415.96,"TAX_EBT":27.122695196904,"OCF_SALES":1.480684283255,"TOTAL_PARENT_EQUITY":1016581601.86,"DEBT_ASSET_RATIO":80.3449926592,"OPERATE_PROFIT":39428474.7,"PRETAX_PROFIT":16201032.56,"NETCASH_OPERATE":156555891.92,"NETCASH_INVEST":-158102052.38,"NETCASH_FINANCE":199243565.92,"END_CASH":322598958.04,"DIVI_RATIO":null,"DIVIDEND_RATE":null,"CURRENT_RATIO":0.76571157091,"COMMON_ACS":5000000000,"CURRENTDEBT_DEBT":78.247340552431,"ISSUED_COMMON_SHARES":1100102803,"HK_COMMON_SHARES":1100102803,"PER_SHARES":5000,"TOTAL_MARKET_CAP":346532382.945,"HKSK_MARKET_CAP":346532382.945,"PE_TTM":1.976052273217,"PB_TTM":0.282323080175,"REPORT_DATE_SQ":"2022-06-30 00:00:00","REPORT_TYPE_SQ":"2022年中报","OPERATE_INCOME_SQ":7984255664.84,"DPS_HKD":null,"OPERATE_INCOME_QOQ_SQ":-3.14567030811,"NET_PROFIT_RATIO_SQ":-0.3835212692,"HOLDER_PROFIT_SQ":5503147.65,"HOLDER_PROFIT_QOQ_SQ":0.783060358655,"ROE_AVG_SQ":0.624245158098,"PE_TTM_SQ":-2.162877228866,"PB_TTM_SQ":0.374148314971,"ROA_SQ":0.119992638214,"START_DATE":"2023-01-01 00:00:00","FISCAL_YEAR":"12-31","CURRENCY":"HKD","IS_CNY_CODE":0,"DPS_HKD_LY":null,"ORG_TYPE":"一般企业","PREMIUM_INCOME":null,"PREMIUM_INCOME_YOY":null,"NET_INTEREST_INCOME":null,"NET_INTEREST_INCOME_YOY":null,"FEE_COMMISSION_INCOME":null,"FEE_COMMISSION_INCOME_YOY":null,"ACCOUNTS_RECE_TDAYS":20.921860062905,"INVENTORY_TDAYS":15.741725553861,"CURRENT_ASSETS_TDAYS":5.152010936624,"TOTAL_ASSETS_TDAYS":2.654711836816,"PREMIUM_EXPENSE":null,"LOAN_DEPOSIT":null,"LOAN_EQUITY":null,"LOAN_ASSETS":null,"DEPOSIT_EQUITY":null,"DEPOSIT_ASSETS":null,"EQUITY_MULTIPLIER":5.087762027563,"EQUITY_RATIO":3.003247757361},{"SECUCODE":"00346.HK","SECURITY_CODE":"00346","SECURITY_NAME_ABBR":"延长石油国际","ORG_CODE":"10008845","STD_REPORT_DATE":"2022-12-31 00:00:00","REPORT_DATE":"2022-12-31 00:00:00","DATE_TYPE_CODE":"001","REPORT_TYPE":"2022年年报","PER_NETCASH_OPERATE":0.004343030156,"PER_OI":1.458469952274,"BPS":0.627630803446,"BASIC_EPS":-0.194375552,"DILUTED_EPS":-0.194375552,"OPERATE_INCOME":26741114733.62,"OPERATE_INCOME_YOY":51.3728180261,"GROSS_PROFIT":344327000.36,"GROSS_PROFIT_YOY":4.227209974275,"HOLDER_PROFIT":-178216297.7,"HOLDER_PROFIT_YOY":-156.4223517467,"GROSS_PROFIT_RATIO":1.287631438667,"EPS_TTM":-0.009719980554,"OPERATE_INCOME_QOQ":70.767098761541,"NET_PROFIT_RATIO":-2.0680609961,"ROE_AVG":-22.053552627143,"GROSS_PROFIT_QOQ":-8.401778748737,"ROA":-4.420336783977,"HOLDER_PROFIT_QOQ":-161.165356035453,"ROE_YEARLY":-22.053552627143,"ROIC_YEARLY":-4.601231592248,"TOTAL_ASSETS":4035980553.43,"TOTAL_LIABILITIES":3616656390.41,"TAX_EBT":-1.780127607596,"OCF_SALES":0.297779885668,"TOTAL_PARENT_EQUITY":690458406.12,"DEBT_ASSET_RATIO":89.6103522436,"OPERATE_PROFIT":-498114150.1,"PRETAX_PROFIT":-543350236.17,"NETCASH_OPERATE":79629660.88,"NETCASH_INVEST":-416697055.95,"NETCASH_FINANCE":126236023.13,"END_CASH":118991603.43,"DIVI_RATIO":null,"DIVIDEND_RATE":null,"CURRENT_RATIO":0.685398270151,"COMMON_ACS":5000000000,"CURRENTDEBT_DEBT":88.929093013876,"ISSUED_COMMON_SHARES":1100102803,"HK_COMMON_SHARES":1100102803,"PER_SHARES":5000,"TOTAL_MARKET_CAP":302528270.825,"HKSK_MARKET_CAP":302528270.825,"PE_TTM":1.725125000428,"PB_TTM":0.246472530311,"REPORT_DATE_SQ":"2021-12-31 00:00:00","REPORT_TYPE_SQ":"2021年年报","OPERATE_INCOME_SQ":16169245142.4,"DPS_HKD":null,"OPERATE_INCOME_QOQ_SQ":-32.570974079861,"NET_PROFIT_RATIO_SQ":1.8125324059,"HOLDER_PROFIT_SQ":289104177.6,"HOLDER_PROFIT_QOQ_SQ":147.879279584612,"ROE_AVG_SQ":41.417587900851,"PE_TTM_SQ":-2.278230681072,"PB_TTM_SQ":0.394102891769,"ROA_SQ":9.898250693484,"START_DATE":"2022-01-01 00:00:00","FISCAL_YEAR":"12-31","CURRENCY":"HKD","IS_CNY_CODE":0,"DPS_HKD_LY":null,"ORG_TYPE":"一般企业","PREMIUM_INCOME":null,"PREMIUM_INCOME_YOY":null,"NET_INTEREST_INCOME":null,"NET_INTEREST_INCOME_YOY":null,"FEE_COMMISSION_INCOME":null,"FEE_COMMISSION_INCOME_YOY":null,"ACCOUNTS_RECE_TDAYS":43.161397804891,"INVENTORY_TDAYS":45.225033688365,"CURRENT_ASSETS_TDAYS":11.248045385641,"TOTAL_ASSETS_TDAYS":6.63265563403,"PREMIUM_EXPENSE":null,"LOAN_DEPOSIT":null,"LOAN_EQUITY":null,"LOAN_ASSETS":null,"DEPOSIT_EQUITY":null,"DEPOSIT_ASSETS":null,"EQUITY_MULTIPLIER":9.624965383297,"EQUITY_RATIO":5.238051066296},{"SECUCODE":"00346.HK","SECURITY_CODE":"00346","SECURITY_NAME_ABBR":"延长石油国际","ORG_CODE":"10008845","STD_REPORT_DATE":"2022-06-30 00:00:00","REPORT_DATE":"2022-06-30 00:00:00","DATE_TYPE_CODE":"002","REPORT_TYPE":"2022年中报","PER_NETCASH_OPERATE":0.010540428927,"PER_OI":0.435464156765,"BPS":0.797058214904,"BASIC_EPS":0.000342076,"DILUTED_EPS":0.000342076,"OPERATE_INCOME":7984255664.84,"OPERATE_INCOME_YOY":-8.5423910388,"GROSS_PROFIT":187525208.01,"GROSS_PROFIT_YOY":32.081419275835,"HOLDER_PROFIT":5503147.65,"HOLDER_PROFIT_YOY":65.2966863601,"GROSS_PROFIT_RATIO":2.348687415357,"EPS_TTM":0.015891316889,"OPERATE_INCOME_QOQ":-3.153136117054,"NET_PROFIT_RATIO":-0.3837842145,"ROE_AVG":0.624245158098,"GROSS_PROFIT_QOQ":13.787373325045,"ROA":0.119992638214,"HOLDER_PROFIT_QOQ":0.783060358655,"ROE_YEARLY":1.248490316197,"ROIC_YEARLY":0.267003224889,"TOTAL_ASSETS":5316676036.07,"TOTAL_LIABILITIES":4368719300.82,"TAX_EBT":-39.041521148622,"OCF_SALES":2.420504365999,"TOTAL_PARENT_EQUITY":876845976.37,"DEBT_ASSET_RATIO":82.170124175,"OPERATE_PROFIT":-900515.07,"PRETAX_PROFIT":-22038246.3,"NETCASH_OPERATE":193259256.96,"NETCASH_INVEST":-95801804.56,"NETCASH_FINANCE":-18393426.52,"END_CASH":407894843.16,"DIVI_RATIO":null,"DIVIDEND_RATE":null,"CURRENT_RATIO":0.968451390074,"COMMON_ACS":5000000000,"CURRENTDEBT_DEBT":91.510348091937,"ISSUED_COMMON_SHARES":1100102803,"HK_COMMON_SHARES":1100102803,"PER_SHARES":5000,"TOTAL_MARKET_CAP":302528270.825,"HKSK_MARKET_CAP":302528270.825,"PE_TTM":1.725125000428,"PB_TTM":0.246472530311,"REPORT_DATE_SQ":"2021-06-30 00:00:00","REPORT_TYPE_SQ":"2021年中报","OPERATE_INCOME_SQ":8494093973.28,"DPS_HKD":null,"OPERATE_INCOME_QOQ_SQ":4.530162213183,"NET_PROFIT_RATIO_SQ":0.1183648624,"HOLDER_PROFIT_SQ":3239287.44,"HOLDER_PROFIT_QOQ_SQ":9.84380821451,"ROE_AVG_SQ":0.572919157766,"PE_TTM_SQ":-2.278230681072,"PB_TTM_SQ":0.394102891769,"ROA_SQ":0.106784212504,"START_DATE":"2022-01-01 00:00:00","FISCAL_YEAR":"12-31","CURRENCY":"HKD","IS_CNY_CODE":0,"DPS_HKD_LY":null,"ORG_TYPE":"一般企业","PREMIUM_INCOME":null,"PREMIUM_INCOME_YOY":null,"NET_INTEREST_INCOME":null,"NET_INTEREST_INCOME_YOY":null,"FEE_COMMISSION_INCOME":null,"FEE_COMMISSION_INCOME_YOY":null,"ACCOUNTS_RECE_TDAYS":8.698809021898,"INVENTORY_TDAYS":13.76946719145,"CURRENT_ASSETS_TDAYS":2.529318602105,"TOTAL_ASSETS_TDAYS":1.740916221643,"PREMIUM_EXPENSE":null,"LOAN_DEPOSIT":null,"LOAN_EQUITY":null,"LOAN_ASSETS":null,"DEPOSIT_EQUITY":null,"DEPOSIT_ASSETS":null,"EQUITY_MULTIPLIER":5.60856401814,"EQUITY_RATIO":4.982310940065},{"SECUCODE":"00346.HK","SECURITY_CODE":"00346","SECURITY_NAME_ABBR":"延长石油国际","ORG_CODE":"10008845","STD_REPORT_DATE":"2021-12-31 00:00:00","REPORT_DATE":"2021-12-31 00:00:00","DATE_TYPE_CODE":"001","REPORT_TYPE":"2021年年报","PER_NETCASH_OPERATE":0.009985396703,"PER_OI":0.8818764074,"BPS":0.770231342825,"BASIC_EPS":0.01577968,"DILUTED_EPS":0.01577968,"OPERATE_INCOME":16169245142.4,"OPERATE_INCOME_YOY":-27.4438892313,"GROSS_PROFIT":330361908.8,"GROSS_PROFIT_YOY":101.863540004466,"HOLDER_PROFIT":289104177.6,"HOLDER_PROFIT_YOY":144.4353546587,"GROSS_PROFIT_RATIO":2.043149855733,"EPS_TTM":0.015767845144,"OPERATE_INCOME_QOQ":-32.570974079861,"NET_PROFIT_RATIO":1.8125324059,"ROE_AVG":41.417587900851,"GROSS_PROFIT_QOQ":37.088550246576,"ROA":9.898250693484,"HOLDER_PROFIT_QOQ":147.879279584612,"ROE_YEARLY":41.417587900851,"ROIC_YEARLY":11.682698669329,"TOTAL_ASSETS":3686317208,"TOTAL_LIABILITIES":2731814993.6,"TAX_EBT":5.059117058132,"OCF_SALES":1.13228981061,"TOTAL_PARENT_EQUITY":847333659.2,"DEBT_ASSET_RATIO":74.1068887851,"OPERATE_PROFIT":346127689.6,"PRETAX_PROFIT":308689785.6,"NETCASH_OPERATE":183082715.2,"NETCASH_INVEST":-190843374.4,"NETCASH_FINANCE":-37241680,"END_CASH":322242323.2,"DIVI_RATIO":null,"DIVIDEND_RATE":null,"CURRENT_RATIO":0.982277703216,"COMMON_ACS":5000000000,"CURRENTDEBT_DEBT":86.991737550584,"ISSUED_COMMON_SHARES":1100102803,"HK_COMMON_SHARES":1100102803,"PER_SHARES":5000,"TOTAL_MARKET_CAP":302528270.825,"HKSK_MARKET_CAP":302528270.825,"PE_TTM":1.725125000428,"PB_TTM":0.246472530311,"REPORT_DATE_SQ":"2020-12-31 00:00:00","REPORT_TYPE_SQ":"2020年年报","OPERATE_INCOME_SQ":22940413152,"DPS_HKD":null,"OPERATE_INCOME_QOQ_SQ":94.637461935589,"NET_PROFIT_RATIO_SQ":-2.9081513604,"HOLDER_PROFIT_SQ":-669747654.6,"HOLDER_PROFIT_QOQ_SQ":-59.935717809414,"ROE_AVG_SQ":-97.330211975885,"PE_TTM_SQ":-2.278230681072,"PB_TTM_SQ":0.394102891769,"ROA_SQ":-30.716239407295,"START_DATE":"2021-01-01 00:00:00","FISCAL_YEAR":"12-31","CURRENCY":"HKD","IS_CNY_CODE":0,"DPS_HKD_LY":null,"ORG_TYPE":"一般企业","PREMIUM_INCOME":null,"PREMIUM_INCOME_YOY":null,"NET_INTEREST_INCOME":null,"NET_INTEREST_INCOME_YOY":null,"FEE_COMMISSION_INCOME":null,"FEE_COMMISSION_INCOME_YOY":null,"ACCOUNTS_RECE_TDAYS":39.190785947063,"INVENTORY_TDAYS":59.004213844619,"CURRENT_ASSETS_TDAYS":9.083760961709,"TOTAL_ASSETS_TDAYS":5.535971263802,"PREMIUM_EXPENSE":null,"LOAN_DEPOSIT":null,"LOAN_EQUITY":null,"LOAN_ASSETS":null,"DEPOSIT_EQUITY":null,"DEPOSIT_ASSETS":null,"EQUITY_MULTIPLIER":3.862031069579,"EQUITY_RATIO":3.224013308027},{"SECUCODE":"00346.HK","SECURITY_CODE":"00346","SECURITY_NAME_ABBR":"延长石油国际","ORG_CODE":"10008845","STD_REPORT_DATE":"2021-06-30 00:00:00","REPORT_DATE":"2021-06-30 00:00:00","DATE_TYPE_CODE":"002","REPORT_TYPE":"2021年中报","PER_NETCASH_OPERATE":-0.007142300561,"PER_OI":0.463270920275,"BPS":0.520288821044,"BASIC_EPS":0.000166416,"DILUTED_EPS":0.000166416,"OPERATE_INCOME":8494093973.28,"OPERATE_INCOME_YOY":25.0814024926,"GROSS_PROFIT":141976978.32,"GROSS_PROFIT_YOY":119.612990179109,"HOLDER_PROFIT":3239287.44,"HOLDER_PROFIT_YOY":105.672446452,"GROSS_PROFIT_RATIO":1.67147878004,"EPS_TTM":-0.032932502914,"OPERATE_INCOME_QOQ":4.530162213183,"NET_PROFIT_RATIO":0.1183648624,"ROE_AVG":0.572919157766,"GROSS_PROFIT_QOQ":47.250473975676,"ROA":0.106784212504,"HOLDER_PROFIT_QOQ":9.84380821451,"ROE_YEARLY":1.145838315532,"ROIC_YEARLY":0.245809424452,"TOTAL_ASSETS":3873605322.24,"TOTAL_LIABILITIES":3185458520.64,"TAX_EBT":44.924563562605,"OCF_SALES":-1.541711393492,"TOTAL_PARENT_EQUITY":572371190.4,"DEBT_ASSET_RATIO":82.2349789317,"OPERATE_PROFIT":49435536.96,"PRETAX_PROFIT":18255003.12,"NETCASH_OPERATE":-130954414.56,"NETCASH_INVEST":-24918299.76,"NETCASH_FINANCE":-2561974.32,"END_CASH":208948601.28,"DIVI_RATIO":null,"DIVIDEND_RATE":null,"CURRENT_RATIO":1.057397871817,"COMMON_ACS":5000000000,"CURRENTDEBT_DEBT":86.568139240625,"ISSUED_COMMON_SHARES":1100102803,"HK_COMMON_SHARES":1100102803,"PER_SHARES":5000,"TOTAL_MARKET_CAP":302528270.825,"HKSK_MARKET_CAP":302528270.825,"PE_TTM":1.725125000428,"PB_TTM":0.246472530311,"REPORT_DATE_SQ":"2020-06-30 00:00:00","REPORT_TYPE_SQ":"2020年中报","OPERATE_INCOME_SQ":7454856045.12,"DPS_HKD":null,"OPERATE_INCOME_QOQ_SQ":60.507802051552,"NET_PROFIT_RATIO_SQ":-0.753924192,"HOLDER_PROFIT_SQ":-62689387.2,"HOLDER_PROFIT_QOQ_SQ":-5.349830053635,"ROE_AVG_SQ":-6.046403037738,"PE_TTM_SQ":-2.278230681072,"PB_TTM_SQ":0.394102891769,"ROA_SQ":-2.421450601684,"START_DATE":"2021-01-01 00:00:00","FISCAL_YEAR":"12-31","CURRENCY":"HKD","IS_CNY_CODE":0,"DPS_HKD_LY":null,"ORG_TYPE":"一般企业","PREMIUM_INCOME":null,"PREMIUM_INCOME_YOY":null,"NET_INTEREST_INCOME":null,"NET_INTEREST_INCOME_YOY":null,"FEE_COMMISSION_INCOME":null,"FEE_COMMISSION_INCOME_YOY":null,"ACCOUNTS_RECE_TDAYS":14.426758339016,"INVENTORY_TDAYS":27.302042831323,"CURRENT_ASSETS_TDAYS":4.080485968099,"TOTAL_ASSETS_TDAYS":2.800106976221,"PREMIUM_EXPENSE":null,"LOAN_DEPOSIT":null,"LOAN_EQUITY":null,"LOAN_ASSETS":null,"DEPOSIT_EQUITY":null,"DEPOSIT_ASSETS":null,"EQUITY_MULTIPLIER":5.629039200997,"EQUITY_RATIO":5.565371867186},{"SECUCODE":"00346.HK","SECURITY_CODE":"00346","SECURITY_NAME_ABBR":"延长石油国际","ORG_CODE":"10008845","STD_REPORT_DATE":"2020-12-31 00:00:00","REPORT_DATE":"2020-12-31 00:00:00","DATE_TYPE_CODE":"001","REPORT_TYPE":"2020年年报","PER_NETCASH_OPERATE":-0.003092921572,"PER_OI":1.251178330007,"BPS":0.513448055454,"BASIC_EPS":-0.041745344,"DILUTED_EPS":-0.041745344,"OPERATE_INCOME":22940413152,"OPERATE_INCOME_YOY":232.5045361822,"GROSS_PROFIT":163656056.36,"GROSS_PROFIT_YOY":-26.062458646612,"HOLDER_PROFIT":-669747654.6,"HOLDER_PROFIT_YOY":-79.3305569453,"GROSS_PROFIT_RATIO":0.7133962901,"EPS_TTM":-0.036528276385,"OPERATE_INCOME_QOQ":94.637461935589,"NET_PROFIT_RATIO":-2.9081513604,"ROE_AVG":-97.330211975885,"GROSS_PROFIT_QOQ":-12.957869086386,"ROA":-30.716239407295,"HOLDER_PROFIT_QOQ":-59.935717809414,"ROE_YEARLY":-97.330211975885,"ROIC_YEARLY":-38.008247741758,"TOTAL_ASSETS":2218573139.68,"TOTAL_LIABILITIES":1544305036.64,"TAX_EBT":-1.689938113858,"OCF_SALES":-0.247200698541,"TOTAL_PARENT_EQUITY":564845645,"DEBT_ASSET_RATIO":69.6080290985,"OPERATE_PROFIT":-613120432.12,"PRETAX_PROFIT":-656055013.44,"NETCASH_OPERATE":-67862274.84,"NETCASH_INVEST":-30363846.28,"NETCASH_FINANCE":200543454.28,"END_CASH":367025737.76,"DIVI_RATIO":null,"DIVIDEND_RATE":null,"CURRENT_RATIO":1.1316357603,"COMMON_ACS":5000000000,"CURRENTDEBT_DEBT":72.198557286705,"ISSUED_COMMON_SHARES":1100102803,"HK_COMMON_SHARES":1100102803,"PER_SHARES":5000,"TOTAL_MARKET_CAP":302528270.825,"HKSK_MARKET_CAP":302528270.825,"PE_TTM":1.725125000428,"PB_TTM":0.246472530311,"REPORT_DATE_SQ":"2019-12-31 00:00:00","REPORT_TYPE_SQ":"2019年年报","OPERATE_INCOME_SQ":7343086679.16,"DPS_HKD":null,"OPERATE_INCOME_QOQ_SQ":16.901819194038,"NET_PROFIT_RATIO_SQ":-5.3036674213,"HOLDER_PROFIT_SQ":-397495208.76,"HOLDER_PROFIT_QOQ_SQ":-1792.52601151002,"ROE_AVG_SQ":-38.120511094665,"PE_TTM_SQ":-2.278230681072,"PB_TTM_SQ":0.394102891769,"ROA_SQ":-16.033846750879,"START_DATE":"2020-01-01 00:00:00","FISCAL_YEAR":"12-31","CURRENCY":"HKD","IS_CNY_CODE":0,"DPS_HKD_LY":null,"ORG_TYPE":"一般企业","PREMIUM_INCOME":null,"PREMIUM_INCOME_YOY":null,"NET_INTEREST_INCOME":null,"NET_INTEREST_INCOME_YOY":null,"FEE_COMMISSION_INCOME":null,"FEE_COMMISSION_INCOME_YOY":null,"ACCOUNTS_RECE_TDAYS":105.838908713902,"INVENTORY_TDAYS":237.876272892284,"CURRENT_ASSETS_TDAYS":24.038268194855,"TOTAL_ASSETS_TDAYS":10.521025607771,"PREMIUM_EXPENSE":null,"LOAN_DEPOSIT":null,"LOAN_EQUITY":null,"LOAN_ASSETS":null,"DEPOSIT_EQUITY":null,"DEPOSIT_ASSETS":null,"EQUITY_MULTIPLIER":3.290342713347,"EQUITY_RATIO":2.734030173217},{"SECUCODE":"00346.HK","SECURITY_CODE":"00346","SECURITY_NAME_ABBR":"延长石油国际","ORG_CODE":"10008845","STD_REPORT_DATE":"2020-06-30 00:00:00","REPORT_DATE":"2020-06-30 00:00:00","DATE_TYPE_CODE":"002","REPORT_TYPE":"2020年中报","PER_NETCASH_OPERATE":-0.012640213773,"PER_OI":0.406590512349,"BPS":1.084441740632,"BASIC_EPS":-0.0045672,"DILUTED_EPS":-0.0045672,"OPERATE_INCOME":7454856045.12,"OPERATE_INCOME_YOY":138.3746718123,"GROSS_PROFIT":64648716,"GROSS_PROFIT_YOY":-34.013750751664,"HOLDER_PROFIT":-62689387.2,"HOLDER_PROFIT_YOY":-45.7391008898,"GROSS_PROFIT_RATIO":0.867202741525,"EPS_TTM":-0.022839348762,"OPERATE_INCOME_QOQ":60.507802051552,"NET_PROFIT_RATIO":-0.753924192,"ROE_AVG":-6.046403037738,"GROSS_PROFIT_QOQ":-15.055455815106,"ROA":-2.421450601684,"HOLDER_PROFIT_QOQ":-5.349830053635,"ROE_YEARLY":-12.092806075477,"ROIC_YEARLY":-5.590943047003,"TOTAL_ASSETS":2852781819.36,"TOTAL_LIABILITIES":1537040007.36,"TAX_EBT":-12.791465024197,"OCF_SALES":-3.108831462838,"TOTAL_PARENT_EQUITY":1192997398.56,"DEBT_ASSET_RATIO":53.8786386302,"OPERATE_PROFIT":-20110295.04,"PRETAX_PROFIT":-49829978.88,"NETCASH_OPERATE":-231758910.24,"NETCASH_INVEST":-6819743.04,"NETCASH_FINANCE":150585151.2,"END_CASH":179098180.8,"DIVI_RATIO":null,"DIVIDEND_RATE":null,"CURRENT_RATIO":1.146923575689,"COMMON_ACS":5000000000,"CURRENTDEBT_DEBT":75.706813003434,"ISSUED_COMMON_SHARES":1100102803,"HK_COMMON_SHARES":1100102803,"PER_SHARES":5000,"TOTAL_MARKET_CAP":302528270.825,"HKSK_MARKET_CAP":302528270.825,"PE_TTM":1.725125000428,"PB_TTM":0.246472530311,"REPORT_DATE_SQ":"2019-06-30 00:00:00","REPORT_TYPE_SQ":"2019年中报","OPERATE_INCOME_SQ":3011715692.82,"DPS_HKD":null,"OPERATE_INCOME_QOQ_SQ":20.823493101382,"NET_PROFIT_RATIO_SQ":-1.2589496768,"HOLDER_PROFIT_SQ":-41424069.06,"HOLDER_PROFIT_QOQ_SQ":-3134.95753500655,"ROE_AVG_SQ":-3.447452899598,"PE_TTM_SQ":-2.278230681072,"PB_TTM_SQ":0.394102891769,"ROA_SQ":-1.529655406067,"START_DATE":"2020-01-01 00:00:00","FISCAL_YEAR":"12-31","CURRENCY":"HKD","IS_CNY_CODE":0,"DPS_HKD_LY":null,"ORG_TYPE":"一般企业","PREMIUM_INCOME":null,"PREMIUM_INCOME_YOY":null,"NET_INTEREST_INCOME":null,"NET_INTEREST_INCOME_YOY":null,"FEE_COMMISSION_INCOME":null,"FEE_COMMISSION_INCOME_YOY":null,"ACCOUNTS_RECE_TDAYS":85.781533626584,"INVENTORY_TDAYS":103.438870812051,"CURRENT_ASSETS_TDAYS":7.32044595594,"TOTAL_ASSETS_TDAYS":2.879524982169,"PREMIUM_EXPENSE":null,"LOAN_DEPOSIT":null,"LOAN_EQUITY":null,"LOAN_ASSETS":null,"DEPOSIT_EQUITY":null,"DEPOSIT_ASSETS":null,"EQUITY_MULTIPLIER":2.1681927209,"EQUITY_RATIO":1.288385045278}],"count":48},"success":true,"message":"ok","code":0}