{"version":"b34a831b6364692bad512b90a7896e58","result":{"pages":6,"data":[{"SECUCODE":"00345.HK","SECURITY_CODE":"00345","SECURITY_NAME_ABBR":"VITASOY INT\u0027L","ORG_CODE":"10008844","STD_REPORT_DATE":"2024-06-30 00:00:00","REPORT_DATE":"2024-09-30 00:00:00","DATE_TYPE_CODE":"002","REPORT_TYPE":"2024年中报","PER_NETCASH_OPERATE":0.491492174081,"PER_OI":2.893762951468,"BPS":2.657810471396,"BASIC_EPS":0.14338461,"DILUTED_EPS":0.14338461,"OPERATE_INCOME":3105279596.98,"OPERATE_INCOME_YOY":1.5419747338,"GROSS_PROFIT":1602557482.15,"GROSS_PROFIT_YOY":2.029014124026,"HOLDER_PROFIT":153768721.85,"HOLDER_PROFIT_YOY":4.8155592847,"GROSS_PROFIT_RATIO":51.607510116273,"EPS_TTM":0.098310166582,"OPERATE_INCOME_QOQ":0,"NET_PROFIT_RATIO":5.1034395036,"ROE_AVG":5.529694930381,"GROSS_PROFIT_QOQ":0,"ROA":2.909572966865,"HOLDER_PROFIT_QOQ":0,"ROE_YEARLY":11.059389860761,"ROIC_YEARLY":7.283878723622,"TOTAL_ASSETS":5486732941.51,"TOTAL_LIABILITIES":2531182047.18,"TAX_EBT":26.800568151052,"OCF_SALES":16.984534750202,"TOTAL_PARENT_EQUITY":2852080411.52,"DEBT_ASSET_RATIO":46.1327728935,"OPERATE_PROFIT":231713136.92,"PRETAX_PROFIT":216499037.83,"NETCASH_OPERATE":527417292.24,"NETCASH_INVEST":100472031.06,"NETCASH_FINANCE":-6948291.95,"END_CASH":1207677168,"DIVI_RATIO":0.947859750829,"DIVIDEND_RATE":1.138121546961,"CURRENT_RATIO":1.175350964089,"COMMON_ACS":null,"CURRENTDEBT_DEBT":86.567288076778,"ISSUED_COMMON_SHARES":1073093978,"HK_COMMON_SHARES":1073093978,"PER_SHARES":2000,"TOTAL_MARKET_CAP":9711500500.9,"HKSK_MARKET_CAP":9711500500.9,"PE_TTM":78.191806031352,"PB_TTM":3.070647658226,"REPORT_DATE_SQ":"2023-06-30 00:00:00","REPORT_TYPE_SQ":"2023年中报","OPERATE_INCOME_SQ":3111840244.73,"DPS_HKD":0.103,"OPERATE_INCOME_QOQ_SQ":0,"NET_PROFIT_RATIO_SQ":4.9053262133,"HOLDER_PROFIT_SQ":149280966.03,"HOLDER_PROFIT_QOQ_SQ":0,"ROE_AVG_SQ":5.401705371788,"PE_TTM_SQ":105.185818866984,"PB_TTM_SQ":2.305492396136,"ROA_SQ":2.8087538381,"START_DATE":"2024-04-01 00:00:00","FISCAL_YEAR":"3-31","CURRENCY":"HKD","IS_CNY_CODE":0,"DPS_HKD_LY":0.103,"ORG_TYPE":"一般企业","PREMIUM_INCOME":null,"PREMIUM_INCOME_YOY":null,"NET_INTEREST_INCOME":null,"NET_INTEREST_INCOME_YOY":null,"FEE_COMMISSION_INCOME":null,"FEE_COMMISSION_INCOME_YOY":null,"ACCOUNTS_RECE_TDAYS":3.638477095357,"INVENTORY_TDAYS":3.191113247401,"CURRENT_ASSETS_TDAYS":1.349597663781,"TOTAL_ASSETS_TDAYS":0.587573172309,"PREMIUM_EXPENSE":null,"LOAN_DEPOSIT":null,"LOAN_EQUITY":null,"LOAN_ASSETS":null,"DEPOSIT_EQUITY":null,"DEPOSIT_ASSETS":null,"EQUITY_MULTIPLIER":1.856416329029,"EQUITY_RATIO":0.887486214258},{"SECUCODE":"00345.HK","SECURITY_CODE":"00345","SECURITY_NAME_ABBR":"VITASOY INT\u0027L","ORG_CODE":"10008844","STD_REPORT_DATE":"2023-12-31 00:00:00","REPORT_DATE":"2024-03-31 00:00:00","DATE_TYPE_CODE":"001","REPORT_TYPE":"2023年年报","PER_NETCASH_OPERATE":0.668024666171,"PER_OI":5.253593437196,"BPS":2.53825286866,"BASIC_EPS":0.09881395,"DILUTED_EPS":0.0979074,"OPERATE_INCOME":5636132855.65,"OPERATE_INCOME_YOY":-1.9467684158,"GROSS_PROFIT":2820673212.35,"GROSS_PROFIT_YOY":6.983233145861,"HOLDER_PROFIT":105492503.85,"HOLDER_PROFIT_YOY":154.5154305461,"GROSS_PROFIT_RATIO":50.046251296621,"EPS_TTM":0.056911117853,"OPERATE_INCOME_QOQ":0,"NET_PROFIT_RATIO":1.8945740659,"ROE_AVG":3.885845949635,"GROSS_PROFIT_QOQ":0,"ROA":2.026202889829,"HOLDER_PROFIT_QOQ":0,"ROE_YEARLY":3.885845949635,"ROIC_YEARLY":2.347879721379,"TOTAL_ASSETS":5109945852.25,"TOTAL_LIABILITIES":2288184779.9,"TAX_EBT":10.541665400857,"OCF_SALES":12.715575998738,"TOTAL_PARENT_EQUITY":2723783868,"DEBT_ASSET_RATIO":44.7790416192,"OPERATE_PROFIT":168103379.6,"PRETAX_PROFIT":119363625.4,"NETCASH_OPERATE":716666756.65,"NETCASH_INVEST":-266792225.7,"NETCASH_FINANCE":-365786579.15,"END_CASH":582869948.7,"DIVI_RATIO":1.637364604943,"DIVIDEND_RATE":0.948434622468,"CURRENT_RATIO":1.009748464979,"COMMON_ACS":null,"CURRENTDEBT_DEBT":88.166595220871,"ISSUED_COMMON_SHARES":1073093978,"HK_COMMON_SHARES":1073093978,"PER_SHARES":2000,"TOTAL_MARKET_CAP":11653800601.08,"HKSK_MARKET_CAP":11653800601.08,"PE_TTM":93.830167237623,"PB_TTM":3.684777189871,"REPORT_DATE_SQ":"2022-12-31 00:00:00","REPORT_TYPE_SQ":"2022年年报","OPERATE_INCOME_SQ":5550588754.19,"DPS_HKD":0.103,"OPERATE_INCOME_QOQ_SQ":0,"NET_PROFIT_RATIO_SQ":0.3321000562,"HOLDER_PROFIT_SQ":40024620.61,"HOLDER_PROFIT_QOQ_SQ":0,"ROE_AVG_SQ":1.464799760614,"PE_TTM_SQ":112.112296985331,"PB_TTM_SQ":2.45730889389,"ROA_SQ":0.722482485279,"START_DATE":"2023-04-01 00:00:00","FISCAL_YEAR":"3-31","CURRENCY":"HKD","IS_CNY_CODE":0,"DPS_HKD_LY":0.028,"ORG_TYPE":"一般企业","PREMIUM_INCOME":null,"PREMIUM_INCOME_YOY":null,"NET_INTEREST_INCOME":null,"NET_INTEREST_INCOME_YOY":null,"FEE_COMMISSION_INCOME":null,"FEE_COMMISSION_INCOME_YOY":null,"ACCOUNTS_RECE_TDAYS":6.702512233433,"INVENTORY_TDAYS":5.201452735435,"CURRENT_ASSETS_TDAYS":2.798391305669,"TOTAL_ASSETS_TDAYS":1.082536508548,"PREMIUM_EXPENSE":null,"LOAN_DEPOSIT":null,"LOAN_EQUITY":null,"LOAN_ASSETS":null,"DEPOSIT_EQUITY":null,"DEPOSIT_ASSETS":null,"EQUITY_MULTIPLIER":1.810906636397,"EQUITY_RATIO":0.840075751524},{"SECUCODE":"00345.HK","SECURITY_CODE":"00345","SECURITY_NAME_ABBR":"VITASOY INT\u0027L","ORG_CODE":"10008844","STD_REPORT_DATE":"2023-06-30 00:00:00","REPORT_DATE":"2023-09-30 00:00:00","DATE_TYPE_CODE":"002","REPORT_TYPE":"2023年中报","PER_NETCASH_OPERATE":0.47157901088,"PER_OI":2.90063132045,"BPS":2.598388550597,"BASIC_EPS":0.13947976,"DILUTED_EPS":0.13947976,"OPERATE_INCOME":3111840244.73,"OPERATE_INCOME_YOY":-6.8843867736,"GROSS_PROFIT":1570688000.77,"GROSS_PROFIT_YOY":-0.054934602236,"HOLDER_PROFIT":149280966.03,"HOLDER_PROFIT_YOY":14.7248608966,"GROSS_PROFIT_RATIO":50.474570583436,"EPS_TTM":0.037308042509,"OPERATE_INCOME_QOQ":0,"NET_PROFIT_RATIO":4.9053262133,"ROE_AVG":5.401705371788,"GROSS_PROFIT_QOQ":0,"ROA":2.8087538381,"HOLDER_PROFIT_QOQ":0,"ROE_YEARLY":10.803410743577,"ROIC_YEARLY":6.447567121534,"TOTAL_ASSETS":5261999661.31,"TOTAL_LIABILITIES":2372843441.57,"TAX_EBT":-5.55076142132,"OCF_SALES":16.257805931933,"TOTAL_PARENT_EQUITY":2788315106.15,"DEBT_ASSET_RATIO":45.0939489604,"OPERATE_PROFIT":156948682.31,"PRETAX_PROFIT":144618488,"NETCASH_OPERATE":505916947.9,"NETCASH_INVEST":-46764260.06,"NETCASH_FINANCE":-311433528.07,"END_CASH":651288810.13,"DIVI_RATIO":2.497698719476,"DIVIDEND_RATE":0.948434622468,"CURRENT_RATIO":0.991912266887,"COMMON_ACS":null,"CURRENTDEBT_DEBT":91.787269044979,"ISSUED_COMMON_SHARES":1073093978,"HK_COMMON_SHARES":1073093978,"PER_SHARES":2000,"TOTAL_MARKET_CAP":11653800601.08,"HKSK_MARKET_CAP":11653800601.08,"PE_TTM":93.830167237623,"PB_TTM":3.684777189871,"REPORT_DATE_SQ":"2022-06-30 00:00:00","REPORT_TYPE_SQ":"2022年中报","OPERATE_INCOME_SQ":3293873704.92,"DPS_HKD":0.103,"OPERATE_INCOME_QOQ_SQ":0,"NET_PROFIT_RATIO_SQ":3.7457717731,"HOLDER_PROFIT_SQ":128250496.44,"HOLDER_PROFIT_QOQ_SQ":0,"ROE_AVG_SQ":4.40141011743,"PE_TTM_SQ":112.112296985331,"PB_TTM_SQ":2.45730889389,"ROA_SQ":2.144030184345,"START_DATE":"2023-04-01 00:00:00","FISCAL_YEAR":"3-31","CURRENCY":"HKD","IS_CNY_CODE":0,"DPS_HKD_LY":0.028,"ORG_TYPE":"一般企业","PREMIUM_INCOME":null,"PREMIUM_INCOME_YOY":null,"NET_INTEREST_INCOME":null,"NET_INTEREST_INCOME_YOY":null,"FEE_COMMISSION_INCOME":null,"FEE_COMMISSION_INCOME_YOY":null,"ACCOUNTS_RECE_TDAYS":3.239141876048,"INVENTORY_TDAYS":2.881566124494,"CURRENT_ASSETS_TDAYS":1.490441176471,"TOTAL_ASSETS_TDAYS":0.585499508972,"PREMIUM_EXPENSE":null,"LOAN_DEPOSIT":null,"LOAN_EQUITY":null,"LOAN_ASSETS":null,"DEPOSIT_EQUITY":null,"DEPOSIT_ASSETS":null,"EQUITY_MULTIPLIER":1.821292883145,"EQUITY_RATIO":0.850995440342},{"SECUCODE":"00345.HK","SECURITY_CODE":"00345","SECURITY_NAME_ABBR":"VITASOY INT\u0027L","ORG_CODE":"10008844","STD_REPORT_DATE":"2022-12-31 00:00:00","REPORT_DATE":"2023-03-31 00:00:00","DATE_TYPE_CODE":"001","REPORT_TYPE":"2022年年报","PER_NETCASH_OPERATE":0.410651780518,"PER_OI":5.183111231758,"BPS":2.434874681731,"BASIC_EPS":0.03764263,"DILUTED_EPS":0.03764263,"OPERATE_INCOME":5550588754.19,"OPERATE_INCOME_YOY":-2.4711688507,"GROSS_PROFIT":2636556336.36,"GROSS_PROFIT_YOY":5.870787742885,"HOLDER_PROFIT":40024620.61,"HOLDER_PROFIT_YOY":128.8006299213,"GROSS_PROFIT_RATIO":47.500480635856,"EPS_TTM":-0.02598525813,"OPERATE_INCOME_QOQ":0,"NET_PROFIT_RATIO":0.3321000562,"ROE_AVG":1.464799760614,"GROSS_PROFIT_QOQ":0,"ROA":0.722482485279,"HOLDER_PROFIT_QOQ":0,"ROE_YEARLY":1.464799760614,"ROIC_YEARLY":0.827347994191,"TOTAL_ASSETS":5120727427.79,"TOTAL_LIABILITIES":2406439935.89,"TAX_EBT":56.844219457709,"OCF_SALES":7.922881878396,"TOTAL_PARENT_EQUITY":2612849358.15,"DEBT_ASSET_RATIO":46.9941032758,"OPERATE_PROFIT":90686348.13,"PRETAX_PROFIT":42713880.13,"NETCASH_OPERATE":439766590.55,"NETCASH_INVEST":-165592555.6,"NETCASH_FINANCE":-320623289.55,"END_CASH":485664336.85,"DIVI_RATIO":-3.586042883814,"DIVIDEND_RATE":0.927927927928,"CURRENT_RATIO":0.888492840794,"COMMON_ACS":null,"CURRENTDEBT_DEBT":89.92309368485,"ISSUED_COMMON_SHARES":1073093978,"HK_COMMON_SHARES":1073093978,"PER_SHARES":2000,"TOTAL_MARKET_CAP":11911343155.8,"HKSK_MARKET_CAP":11911343155.8,"PE_TTM":95.903762093703,"PB_TTM":3.766208729979,"REPORT_DATE_SQ":"2021-12-31 00:00:00","REPORT_TYPE_SQ":"2021年年报","OPERATE_INCOME_SQ":5272550377.15,"DPS_HKD":0.103,"OPERATE_INCOME_QOQ_SQ":0,"NET_PROFIT_RATIO_SQ":-2.4823206124,"HOLDER_PROFIT_SQ":-128747837.5,"HOLDER_PROFIT_QOQ_SQ":0,"ROE_AVG_SQ":-4.618876497207,"PE_TTM_SQ":116.944723579526,"PB_TTM_SQ":2.563227380696,"ROA_SQ":-2.254406388171,"START_DATE":"2022-04-01 00:00:00","FISCAL_YEAR":"3-31","CURRENCY":"HKD","IS_CNY_CODE":0,"DPS_HKD_LY":0.013,"ORG_TYPE":"一般企业","PREMIUM_INCOME":null,"PREMIUM_INCOME_YOY":null,"NET_INTEREST_INCOME":null,"NET_INTEREST_INCOME_YOY":null,"FEE_COMMISSION_INCOME":null,"FEE_COMMISSION_INCOME_YOY":null,"ACCOUNTS_RECE_TDAYS":6.02463611888,"INVENTORY_TDAYS":4.711628246021,"CURRENT_ASSETS_TDAYS":2.668333877614,"TOTAL_ASSETS_TDAYS":1.001934083764,"PREMIUM_EXPENSE":null,"LOAN_DEPOSIT":null,"LOAN_EQUITY":null,"LOAN_ASSETS":null,"DEPOSIT_EQUITY":null,"DEPOSIT_ASSETS":null,"EQUITY_MULTIPLIER":1.886582553642,"EQUITY_RATIO":0.921002172737},{"SECUCODE":"00345.HK","SECURITY_CODE":"00345","SECURITY_NAME_ABBR":"VITASOY INT\u0027L","ORG_CODE":"10008844","STD_REPORT_DATE":"2022-06-30 00:00:00","REPORT_DATE":"2022-09-30 00:00:00","DATE_TYPE_CODE":"002","REPORT_TYPE":"2022年中报","PER_NETCASH_OPERATE":0.417610491944,"PER_OI":3.076083788918,"BPS":2.684865982614,"BASIC_EPS":0.12029052,"DILUTED_EPS":0.11938608,"OPERATE_INCOME":3293873704.92,"OPERATE_INCOME_YOY":1.0493683119,"GROSS_PROFIT":1571551326.24,"GROSS_PROFIT_YOY":9.264267463937,"HOLDER_PROFIT":128250496.44,"HOLDER_PROFIT_YOY":332.2674064139,"GROSS_PROFIT_RATIO":47.711341327161,"EPS_TTM":-0.120314395721,"OPERATE_INCOME_QOQ":0,"NET_PROFIT_RATIO":3.7457717731,"ROE_AVG":4.40141011743,"GROSS_PROFIT_QOQ":0,"ROA":2.144030184345,"HOLDER_PROFIT_QOQ":0,"ROE_YEARLY":8.802820234859,"ROIC_YEARLY":5.087939005442,"TOTAL_ASSETS":5806865671.56,"TOTAL_LIABILITIES":2701280999.16,"TAX_EBT":22.241159169156,"OCF_SALES":13.576044106732,"TOTAL_PARENT_EQUITY":2881113517.68,"DEBT_ASSET_RATIO":46.5187443958,"OPERATE_PROFIT":191876946,"PRETAX_PROFIT":158671335.84,"NETCASH_OPERATE":447177747,"NETCASH_INVEST":-101801053.08,"NETCASH_FINANCE":-75573197.52,"END_CASH":812006232,"DIVI_RATIO":-0.774506237941,"DIVIDEND_RATE":0.927927927928,"CURRENT_RATIO":0.983862900075,"COMMON_ACS":null,"CURRENTDEBT_DEBT":92.373929793159,"ISSUED_COMMON_SHARES":1073093978,"HK_COMMON_SHARES":1073093978,"PER_SHARES":2000,"TOTAL_MARKET_CAP":11911343155.8,"HKSK_MARKET_CAP":11911343155.8,"PE_TTM":95.903762093703,"PB_TTM":3.766208729979,"REPORT_DATE_SQ":"2021-06-30 00:00:00","REPORT_TYPE_SQ":"2021年中报","OPERATE_INCOME_SQ":3002409053.38,"DPS_HKD":0.103,"OPERATE_INCOME_QOQ_SQ":0,"NET_PROFIT_RATIO_SQ":1.1369081592,"HOLDER_PROFIT_SQ":27327700.24,"HOLDER_PROFIT_QOQ_SQ":0,"ROE_AVG_SQ":0.937275218879,"PE_TTM_SQ":116.944723579526,"PB_TTM_SQ":2.563227380696,"ROA_SQ":0.46327192363,"START_DATE":"2022-04-01 00:00:00","FISCAL_YEAR":"3-31","CURRENCY":"HKD","IS_CNY_CODE":0,"DPS_HKD_LY":0.013,"ORG_TYPE":"一般企业","PREMIUM_INCOME":null,"PREMIUM_INCOME_YOY":null,"NET_INTEREST_INCOME":null,"NET_INTEREST_INCOME_YOY":null,"FEE_COMMISSION_INCOME":null,"FEE_COMMISSION_INCOME_YOY":null,"ACCOUNTS_RECE_TDAYS":3.109241129075,"INVENTORY_TDAYS":2.872868973705,"CURRENT_ASSETS_TDAYS":1.381974680509,"TOTAL_ASSETS_TDAYS":0.550653981295,"PREMIUM_EXPENSE":null,"LOAN_DEPOSIT":null,"LOAN_EQUITY":null,"LOAN_ASSETS":null,"DEPOSIT_EQUITY":null,"DEPOSIT_ASSETS":null,"EQUITY_MULTIPLIER":1.869813991281,"EQUITY_RATIO":0.937582286357},{"SECUCODE":"00345.HK","SECURITY_CODE":"00345","SECURITY_NAME_ABBR":"VITASOY INT\u0027L","ORG_CODE":"10008844","STD_REPORT_DATE":"2021-12-31 00:00:00","REPORT_DATE":"2022-03-31 00:00:00","DATE_TYPE_CODE":"001","REPORT_TYPE":"2021年年报","PER_NETCASH_OPERATE":0.094280970309,"PER_OI":4.927573425423,"BPS":2.462226120264,"BASIC_EPS":-0.12084049,"DILUTED_EPS":-0.12084049,"OPERATE_INCOME":5272550377.15,"OPERATE_INCOME_YOY":-13.5455689946,"GROSS_PROFIT":2490352997.81,"GROSS_PROFIT_YOY":-25.487256701839,"HOLDER_PROFIT":-128747837.5,"HOLDER_PROFIT_YOY":-128.9506990112,"GROSS_PROFIT_RATIO":47.232417325069,"EPS_TTM":-0.093118415379,"OPERATE_INCOME_QOQ":0,"NET_PROFIT_RATIO":-2.4823206124,"ROE_AVG":-4.618876497207,"GROSS_PROFIT_QOQ":0,"ROA":-2.254406388171,"HOLDER_PROFIT_QOQ":0,"ROE_YEARLY":-4.618876497207,"ROIC_YEARLY":-2.681783082518,"TOTAL_ASSETS":5520642391.2,"TOTAL_LIABILITIES":2626067411.21,"TAX_EBT":31.595612109087,"OCF_SALES":1.91333466129,"TOTAL_PARENT_EQUITY":2642200022.13,"DEBT_ASSET_RATIO":47.568149232,"OPERATE_PROFIT":-172624289.51,"PRETAX_PROFIT":-191335101.22,"NETCASH_OPERATE":100881533.9,"NETCASH_INVEST":-324617295.63,"NETCASH_FINANCE":-68794734.26,"END_CASH":503933228.65,"DIVI_RATIO":-1.000706998945,"DIVIDEND_RATE":0.927927927928,"CURRENT_RATIO":0.843176527673,"COMMON_ACS":null,"CURRENTDEBT_DEBT":93.624686189497,"ISSUED_COMMON_SHARES":1073093978,"HK_COMMON_SHARES":1073093978,"PER_SHARES":2000,"TOTAL_MARKET_CAP":11911343155.8,"HKSK_MARKET_CAP":11911343155.8,"PE_TTM":95.903762093703,"PB_TTM":3.766208729979,"REPORT_DATE_SQ":"2020-12-31 00:00:00","REPORT_TYPE_SQ":"2020年年报","OPERATE_INCOME_SQ":6355598932.06,"DPS_HKD":0.103,"OPERATE_INCOME_QOQ_SQ":0,"NET_PROFIT_RATIO_SQ":7.8393929001,"HOLDER_PROFIT_SQ":463451072.28,"HOLDER_PROFIT_QOQ_SQ":0,"ROE_AVG_SQ":16.260675640672,"PE_TTM_SQ":116.944723579526,"PB_TTM_SQ":2.563227380696,"ROA_SQ":8.012709958899,"START_DATE":"2021-04-01 00:00:00","FISCAL_YEAR":"3-31","CURRENCY":"HKD","IS_CNY_CODE":0,"DPS_HKD_LY":0.29,"ORG_TYPE":"一般企业","PREMIUM_INCOME":null,"PREMIUM_INCOME_YOY":null,"NET_INTEREST_INCOME":null,"NET_INTEREST_INCOME_YOY":null,"FEE_COMMISSION_INCOME":null,"FEE_COMMISSION_INCOME_YOY":null,"ACCOUNTS_RECE_TDAYS":5.611425316177,"INVENTORY_TDAYS":4.577371556665,"CURRENT_ASSETS_TDAYS":2.352992166181,"TOTAL_ASSETS_TDAYS":0.923236574921,"PREMIUM_EXPENSE":null,"LOAN_DEPOSIT":null,"LOAN_EQUITY":null,"LOAN_ASSETS":null,"DEPOSIT_EQUITY":null,"DEPOSIT_ASSETS":null,"EQUITY_MULTIPLIER":1.907237652977,"EQUITY_RATIO":0.993894250706},{"SECUCODE":"00345.HK","SECURITY_CODE":"00345","SECURITY_NAME_ABBR":"VITASOY INT\u0027L","ORG_CODE":"10008844","STD_REPORT_DATE":"2021-06-30 00:00:00","REPORT_DATE":"2021-09-30 00:00:00","DATE_TYPE_CODE":"002","REPORT_TYPE":"2021年中报","PER_NETCASH_OPERATE":0.213423405755,"PER_OI":2.805964856742,"BPS":2.626907318941,"BASIC_EPS":0.02582486,"DILUTED_EPS":0.02582486,"OPERATE_INCOME":3002409053.38,"OPERATE_INCOME_YOY":-18.2795286883,"GROSS_PROFIT":1438303081.8,"GROSS_PROFIT_YOY":-32.073044672529,"HOLDER_PROFIT":27327700.24,"HOLDER_PROFIT_YOY":-95.1177621836,"GROSS_PROFIT_RATIO":47.904967518693,"EPS_TTM":0.434178131394,"OPERATE_INCOME_QOQ":0,"NET_PROFIT_RATIO":1.1369081592,"ROE_AVG":0.937275218879,"GROSS_PROFIT_QOQ":0,"ROA":0.46327192363,"HOLDER_PROFIT_QOQ":0,"ROE_YEARLY":1.874550437758,"ROIC_YEARLY":1.117916430601,"TOTAL_ASSETS":5736007139.02,"TOTAL_LIABILITIES":2656307611.9,"TAX_EBT":-21.75372912581,"OCF_SALES":7.606061253476,"TOTAL_PARENT_EQUITY":2818918424.72,"DEBT_ASSET_RATIO":46.3093498233,"OPERATE_PROFIT":35432540.98,"PRETAX_PROFIT":28035801.24,"NETCASH_OPERATE":228365071.68,"NETCASH_INVEST":-192007001.04,"NETCASH_FINANCE":-182938309.88,"END_CASH":665992316.18,"DIVI_RATIO":0.214622163721,"DIVIDEND_RATE":0.927927927928,"CURRENT_RATIO":0.898770084722,"COMMON_ACS":null,"CURRENTDEBT_DEBT":93.553188453294,"ISSUED_COMMON_SHARES":1073093978,"HK_COMMON_SHARES":1073093978,"PER_SHARES":2000,"TOTAL_MARKET_CAP":11911343155.8,"HKSK_MARKET_CAP":11911343155.8,"PE_TTM":95.903762093703,"PB_TTM":3.766208729979,"REPORT_DATE_SQ":"2020-06-30 00:00:00","REPORT_TYPE_SQ":"2020年中报","OPERATE_INCOME_SQ":3875370486.4,"DPS_HKD":0.103,"OPERATE_INCOME_QOQ_SQ":0,"NET_PROFIT_RATIO_SQ":15.8621573178,"HOLDER_PROFIT_SQ":590416361.6,"HOLDER_PROFIT_QOQ_SQ":0,"ROE_AVG_SQ":19.840755425457,"PE_TTM_SQ":116.944723579526,"PB_TTM_SQ":2.563227380696,"ROA_SQ":10.1218682549,"START_DATE":"2021-04-01 00:00:00","FISCAL_YEAR":"3-31","CURRENCY":"HKD","IS_CNY_CODE":0,"DPS_HKD_LY":0.29,"ORG_TYPE":"一般企业","PREMIUM_INCOME":null,"PREMIUM_INCOME_YOY":null,"NET_INTEREST_INCOME":null,"NET_INTEREST_INCOME_YOY":null,"FEE_COMMISSION_INCOME":null,"FEE_COMMISSION_INCOME_YOY":null,"ACCOUNTS_RECE_TDAYS":3.024056029488,"INVENTORY_TDAYS":2.79484866483,"CURRENT_ASSETS_TDAYS":1.275591342648,"TOTAL_ASSETS_TDAYS":0.508982389834,"PREMIUM_EXPENSE":null,"LOAN_DEPOSIT":null,"LOAN_EQUITY":null,"LOAN_ASSETS":null,"DEPOSIT_EQUITY":null,"DEPOSIT_ASSETS":null,"EQUITY_MULTIPLIER":1.862521680607,"EQUITY_RATIO":0.942314466643},{"SECUCODE":"00345.HK","SECURITY_CODE":"00345","SECURITY_NAME_ABBR":"VITASOY INT\u0027L","ORG_CODE":"10008844","STD_REPORT_DATE":"2020-12-31 00:00:00","REPORT_DATE":"2021-03-31 00:00:00","DATE_TYPE_CODE":"001","REPORT_TYPE":"2020年年报","PER_NETCASH_OPERATE":0.997696307237,"PER_OI":5.955466056396,"BPS":2.848041026412,"BASIC_EPS":0.4352677,"DILUTED_EPS":0.4310418,"OPERATE_INCOME":6355598932.06,"OPERATE_INCOME_YOY":3.9705551541,"GROSS_PROFIT":3342184017.9,"GROSS_PROFIT_YOY":-5.027505340848,"HOLDER_PROFIT":463451072.28,"HOLDER_PROFIT_YOY":2.3266489761,"GROSS_PROFIT_RATIO":52.586452569258,"EPS_TTM":0.562579370567,"OPERATE_INCOME_QOQ":0,"NET_PROFIT_RATIO":7.8393929001,"ROE_AVG":16.260675640672,"GROSS_PROFIT_QOQ":0,"ROA":8.012709958899,"HOLDER_PROFIT_QOQ":0,"ROE_YEARLY":16.260675640672,"ROIC_YEARLY":9.759153511172,"TOTAL_ASSETS":6149876203.8,"TOTAL_LIABILITIES":2805605436.48,"TAX_EBT":23.106883242746,"OCF_SALES":16.75261512348,"TOTAL_PARENT_EQUITY":3056215674.54,"DEBT_ASSET_RATIO":45.6205189097,"OPERATE_PROFIT":712884819.78,"PRETAX_PROFIT":647964853.62,"NETCASH_OPERATE":1064729027.88,"NETCASH_INVEST":-538123570.46,"NETCASH_FINANCE":-466885038.62,"END_CASH":819846574.68,"DIVI_RATIO":0.1656375169,"DIVIDEND_RATE":0.927927927928,"CURRENT_RATIO":0.962962074259,"COMMON_ACS":null,"CURRENTDEBT_DEBT":92.903767273499,"ISSUED_COMMON_SHARES":1073093978,"HK_COMMON_SHARES":1073093978,"PER_SHARES":2000,"TOTAL_MARKET_CAP":11911343155.8,"HKSK_MARKET_CAP":11911343155.8,"PE_TTM":95.903762093703,"PB_TTM":3.766208729979,"REPORT_DATE_SQ":"2019-12-31 00:00:00","REPORT_TYPE_SQ":"2019年年报","OPERATE_INCOME_SQ":6608464081.7,"DPS_HKD":0.103,"OPERATE_INCOME_QOQ_SQ":0,"NET_PROFIT_RATIO_SQ":7.8752837311,"HOLDER_PROFIT_SQ":489631728.6,"HOLDER_PROFIT_QOQ_SQ":0,"ROE_AVG_SQ":17.028753049429,"PE_TTM_SQ":116.944723579526,"PB_TTM_SQ":2.563227380696,"ROA_SQ":8.721472988527,"START_DATE":"2020-04-01 00:00:00","FISCAL_YEAR":"3-31","CURRENCY":"HKD","IS_CNY_CODE":0,"DPS_HKD_LY":0.322,"ORG_TYPE":"一般企业","PREMIUM_INCOME":null,"PREMIUM_INCOME_YOY":null,"NET_INTEREST_INCOME":null,"NET_INTEREST_INCOME_YOY":null,"FEE_COMMISSION_INCOME":null,"FEE_COMMISSION_INCOME_YOY":null,"ACCOUNTS_RECE_TDAYS":6.82695295779,"INVENTORY_TDAYS":5.405886656281,"CURRENT_ASSETS_TDAYS":2.740981513963,"TOTAL_ASSETS_TDAYS":1.098833812319,"PREMIUM_EXPENSE":null,"LOAN_DEPOSIT":null,"LOAN_EQUITY":null,"LOAN_ASSETS":null,"DEPOSIT_EQUITY":null,"DEPOSIT_ASSETS":null,"EQUITY_MULTIPLIER":1.838928912064,"EQUITY_RATIO":0.91799981914},{"SECUCODE":"00345.HK","SECURITY_CODE":"00345","SECURITY_NAME_ABBR":"VITASOY INT\u0027L","ORG_CODE":"10008844","STD_REPORT_DATE":"2020-06-30 00:00:00","REPORT_DATE":"2020-09-30 00:00:00","DATE_TYPE_CODE":"002","REPORT_TYPE":"2020年中报","PER_NETCASH_OPERATE":0.597772625851,"PER_OI":3.639400834775,"BPS":2.984428608321,"BASIC_EPS":0.55447232,"DILUTED_EPS":0.55007872,"OPERATE_INCOME":3875370486.4,"OPERATE_INCOME_YOY":-5.8542187668,"GROSS_PROFIT":2117426101.12,"GROSS_PROFIT_YOY":-8.170036786439,"HOLDER_PROFIT":590416361.6,"HOLDER_PROFIT_YOY":26.0115639458,"GROSS_PROFIT_RATIO":54.638030313509,"EPS_TTM":0.460247892289,"OPERATE_INCOME_QOQ":0,"NET_PROFIT_RATIO":15.8621573178,"ROE_AVG":19.840755425457,"GROSS_PROFIT_QOQ":0,"ROA":10.1218682549,"HOLDER_PROFIT_QOQ":0,"ROE_YEARLY":39.681510850914,"ROIC_YEARLY":24.040210073879,"TOTAL_ASSETS":6033123684.48,"TOTAL_LIABILITIES":2557575191.68,"TAX_EBT":23.626569778804,"OCF_SALES":16.425028541498,"TOTAL_PARENT_EQUITY":3202572367.36,"DEBT_ASSET_RATIO":42.3922220965,"OPERATE_PROFIT":816418752,"PRETAX_PROFIT":804883794.56,"NETCASH_OPERATE":636530708.48,"NETCASH_INVEST":-320674804.48,"NETCASH_FINANCE":-513899181.44,"END_CASH":568965048.96,"DIVI_RATIO":0.202465348699,"DIVIDEND_RATE":0.927927927928,"CURRENT_RATIO":0.987096356768,"COMMON_ACS":null,"CURRENTDEBT_DEBT":90.273585680326,"ISSUED_COMMON_SHARES":1073093978,"HK_COMMON_SHARES":1073093978,"PER_SHARES":2000,"TOTAL_MARKET_CAP":11911343155.8,"HKSK_MARKET_CAP":11911343155.8,"PE_TTM":95.903762093703,"PB_TTM":3.766208729979,"REPORT_DATE_SQ":"2019-06-30 00:00:00","REPORT_TYPE_SQ":"2019年中报","OPERATE_INCOME_SQ":4225452314.85,"DPS_HKD":0.103,"OPERATE_INCOME_QOQ_SQ":0,"NET_PROFIT_RATIO_SQ":11.9441091177,"HOLDER_PROFIT_SQ":480959850.09,"HOLDER_PROFIT_QOQ_SQ":0,"ROE_AVG_SQ":16.748199685301,"PE_TTM_SQ":116.944723579526,"PB_TTM_SQ":2.563227380696,"ROA_SQ":8.892903117776,"START_DATE":"2020-04-01 00:00:00","FISCAL_YEAR":"3-31","CURRENCY":"HKD","IS_CNY_CODE":0,"DPS_HKD_LY":0.322,"ORG_TYPE":"一般企业","PREMIUM_INCOME":null,"PREMIUM_INCOME_YOY":null,"NET_INTEREST_INCOME":null,"NET_INTEREST_INCOME_YOY":null,"FEE_COMMISSION_INCOME":null,"FEE_COMMISSION_INCOME_YOY":null,"ACCOUNTS_RECE_TDAYS":3.709587404926,"INVENTORY_TDAYS":3.474295419674,"CURRENT_ASSETS_TDAYS":1.725862213016,"TOTAL_ASSETS_TDAYS":0.664378429418,"PREMIUM_EXPENSE":null,"LOAN_DEPOSIT":null,"LOAN_EQUITY":null,"LOAN_ASSETS":null,"DEPOSIT_EQUITY":null,"DEPOSIT_ASSETS":null,"EQUITY_MULTIPLIER":1.73587671039,"EQUITY_RATIO":0.798600280745}],"count":47},"success":true,"message":"ok","code":0}