{"version":"dae77517d2854c4f11547b963890e736","result":{"pages":6,"data":[{"SECUCODE":"00340.HK","SECURITY_CODE":"00340","SECURITY_NAME_ABBR":"潼关黄金","ORG_CODE":"10008840","STD_REPORT_DATE":"2024-06-30 00:00:00","REPORT_DATE":"2024-06-30 00:00:00","DATE_TYPE_CODE":"002","REPORT_TYPE":"2024年中报","PER_NETCASH_OPERATE":0.053524541409,"PER_OI":0.190585109929,"BPS":0.537875640235,"BASIC_EPS":0.020626568,"DILUTED_EPS":0.020626568,"OPERATE_INCOME":775733278.68,"OPERATE_INCOME_YOY":25.6305539297,"GROSS_PROFIT":199656051.44,"GROSS_PROFIT_YOY":336.903845380667,"HOLDER_PROFIT":83926402.08,"HOLDER_PROFIT_YOY":560.1292175162,"GROSS_PROFIT_RATIO":25.737718997919,"EPS_TTM":0.028919899743,"OPERATE_INCOME_QOQ":11.200378114508,"NET_PROFIT_RATIO":10.6712033988,"ROE_AVG":3.90036500708,"GROSS_PROFIT_QOQ":101.198750293224,"ROA":2.006890638799,"HOLDER_PROFIT_QOQ":152.445395716278,"ROE_YEARLY":7.80073001416,"ROIC_YEARLY":4.314917766764,"TOTAL_ASSETS":4206694537.56,"TOTAL_LIABILITIES":1887983538.2,"TAX_EBT":31.707463990182,"OCF_SALES":28.08432486108,"TOTAL_PARENT_EQUITY":2189300276.8,"DEBT_ASSET_RATIO":44.8804523681,"OPERATE_PROFIT":135386951.2,"PRETAX_PROFIT":121213943.48,"NETCASH_OPERATE":217859454.04,"NETCASH_INVEST":-19885471.84,"NETCASH_FINANCE":-163969350.76,"END_CASH":177924227.96,"DIVI_RATIO":null,"DIVIDEND_RATE":null,"CURRENT_RATIO":0.355242641783,"COMMON_ACS":46223810000,"CURRENTDEBT_DEBT":60.301941153864,"ISSUED_COMMON_SHARES":4070272221,"HK_COMMON_SHARES":4070272221,"PER_SHARES":2000,"TOTAL_MARKET_CAP":2075838832.71,"HKSK_MARKET_CAP":2075838832.71,"PE_TTM":16.032119498842,"PB_TTM":0.865379959942,"REPORT_DATE_SQ":"2023-06-30 00:00:00","REPORT_TYPE_SQ":"2023年中报","OPERATE_INCOME_SQ":623763725.04,"DPS_HKD":null,"OPERATE_INCOME_QOQ_SQ":42.282169864827,"NET_PROFIT_RATIO_SQ":2.3767714929,"HOLDER_PROFIT_SQ":12843181.4,"HOLDER_PROFIT_QOQ_SQ":-22.468096810041,"ROE_AVG_SQ":0.74399416982,"PE_TTM_SQ":47.836951152305,"PB_TTM_SQ":0.967951729549,"ROA_SQ":0.389201108147,"START_DATE":"2024-01-01 00:00:00","FISCAL_YEAR":"12-31","CURRENCY":"HKD","IS_CNY_CODE":0,"DPS_HKD_LY":null,"ORG_TYPE":"一般企业","PREMIUM_INCOME":null,"PREMIUM_INCOME_YOY":null,"NET_INTEREST_INCOME":null,"NET_INTEREST_INCOME_YOY":null,"FEE_COMMISSION_INCOME":null,"FEE_COMMISSION_INCOME_YOY":null,"ACCOUNTS_RECE_TDAYS":8.096236461836,"INVENTORY_TDAYS":5.235596144594,"CURRENT_ASSETS_TDAYS":2.105911137815,"TOTAL_ASSETS_TDAYS":0.185497271014,"PREMIUM_EXPENSE":null,"LOAN_DEPOSIT":null,"LOAN_EQUITY":null,"LOAN_ASSETS":null,"DEPOSIT_EQUITY":null,"DEPOSIT_ASSETS":null,"EQUITY_MULTIPLIER":1.814238401734,"EQUITY_RATIO":0.862368473711},{"SECUCODE":"00340.HK","SECURITY_CODE":"00340","SECURITY_NAME_ABBR":"潼关黄金","ORG_CODE":"10008840","STD_REPORT_DATE":"2023-12-31 00:00:00","REPORT_DATE":"2023-12-31 00:00:00","DATE_TYPE_CODE":"001","REPORT_TYPE":"2023年年报","PER_NETCASH_OPERATE":-0.007904515205,"PER_OI":0.333349990922,"BPS":0.51575186131,"BASIC_EPS":0.012596458,"DILUTED_EPS":0.012596458,"OPERATE_INCOME":1356825207.92,"OPERATE_INCOME_YOY":20.2730579405,"GROSS_PROFIT":152134401.16,"GROSS_PROFIT_YOY":22.09167148174,"HOLDER_PROFIT":46628643.88,"HOLDER_PROFIT_YOY":2.2129519269,"GROSS_PROFIT_RATIO":11.212527617557,"EPS_TTM":0.011455903033,"OPERATE_INCOME_QOQ":-14.243160452001,"NET_PROFIT_RATIO":4.0096551245,"ROE_AVG":2.443831858441,"GROSS_PROFIT_QOQ":31.232500540606,"ROA":1.254208248441,"HOLDER_PROFIT_QOQ":33.744638175543,"ROE_YEARLY":2.443831858441,"ROIC_YEARLY":1.350467141319,"TOTAL_ASSETS":4127705229.2,"TOTAL_LIABILITIES":1897118103.02,"TAX_EBT":19.873471784742,"OCF_SALES":-2.371236064321,"TOTAL_PARENT_EQUITY":2099250474.02,"DEBT_ASSET_RATIO":45.9606003258,"OPERATE_PROFIT":88199673.94,"PRETAX_PROFIT":67897627.28,"NETCASH_OPERATE":-32173528.66,"NETCASH_INVEST":367925.32,"NETCASH_FINANCE":45832076.5,"END_CASH":143080357.14,"DIVI_RATIO":null,"DIVIDEND_RATE":null,"CURRENT_RATIO":0.353148528604,"COMMON_ACS":46223810000,"CURRENTDEBT_DEBT":49.245524473821,"ISSUED_COMMON_SHARES":4070272221,"HK_COMMON_SHARES":4070272221,"PER_SHARES":2000,"TOTAL_MARKET_CAP":1933379304.975,"HKSK_MARKET_CAP":1933379304.975,"PE_TTM":14.931876003823,"PB_TTM":0.805991139161,"REPORT_DATE_SQ":"2022-12-31 00:00:00","REPORT_TYPE_SQ":"2022年年报","OPERATE_INCOME_SQ":1111999665.28,"DPS_HKD":null,"OPERATE_INCOME_QOQ_SQ":132.704147240245,"NET_PROFIT_RATIO_SQ":4.579295409,"HOLDER_PROFIT_SQ":44967211.8,"HOLDER_PROFIT_QOQ_SQ":-44.113790979081,"ROE_AVG_SQ":2.575040116711,"PE_TTM_SQ":46.206145999386,"PB_TTM_SQ":0.934953375133,"ROA_SQ":1.334007492066,"START_DATE":"2023-01-01 00:00:00","FISCAL_YEAR":"12-31","CURRENCY":"HKD","IS_CNY_CODE":0,"DPS_HKD_LY":null,"ORG_TYPE":"一般企业","PREMIUM_INCOME":null,"PREMIUM_INCOME_YOY":null,"NET_INTEREST_INCOME":null,"NET_INTEREST_INCOME_YOY":null,"FEE_COMMISSION_INCOME":null,"FEE_COMMISSION_INCOME_YOY":null,"ACCOUNTS_RECE_TDAYS":19.004436208089,"INVENTORY_TDAYS":23.555768191443,"CURRENT_ASSETS_TDAYS":5.209988238487,"TOTAL_ASSETS_TDAYS":0.364956221297,"PREMIUM_EXPENSE":null,"LOAN_DEPOSIT":null,"LOAN_EQUITY":null,"LOAN_ASSETS":null,"DEPOSIT_EQUITY":null,"DEPOSIT_ASSETS":null,"EQUITY_MULTIPLIER":1.85050168216,"EQUITY_RATIO":0.903712123207},{"SECUCODE":"00340.HK","SECURITY_CODE":"00340","SECURITY_NAME_ABBR":"潼关黄金","ORG_CODE":"10008840","STD_REPORT_DATE":"2023-06-30 00:00:00","REPORT_DATE":"2023-06-30 00:00:00","DATE_TYPE_CODE":"002","REPORT_TYPE":"2023年中报","PER_NETCASH_OPERATE":-0.012567764142,"PER_OI":0.183877850716,"BPS":0.419102717228,"BASIC_EPS":0.003780118,"DILUTED_EPS":0.003780118,"OPERATE_INCOME":623763725.04,"OPERATE_INCOME_YOY":276.7117872077,"GROSS_PROFIT":45697938.7,"GROSS_PROFIT_YOY":-15.961300853537,"HOLDER_PROFIT":12843181.4,"HOLDER_PROFIT_YOY":-48.0843768634,"GROSS_PROFIT_RATIO":7.326161632286,"EPS_TTM":0.010277457954,"OPERATE_INCOME_QOQ":42.282169864827,"NET_PROFIT_RATIO":2.3767714929,"ROE_AVG":0.74399416982,"GROSS_PROFIT_QOQ":-6.965369875001,"ROA":0.389201108147,"HOLDER_PROFIT_QOQ":-22.468096810041,"ROE_YEARLY":1.487988339641,"ROIC_YEARLY":0.835423641649,"TOTAL_ASSETS":3234394350.08,"TOTAL_LIABILITIES":1406123683.74,"TAX_EBT":29.225352112676,"OCF_SALES":-6.834843943076,"TOTAL_PARENT_EQUITY":1705862147.68,"DEBT_ASSET_RATIO":43.4740953497,"OPERATE_PROFIT":25625512.12,"PRETAX_PROFIT":20947385.6,"NETCASH_OPERATE":-42633277.18,"NETCASH_INVEST":-16349471.34,"NETCASH_FINANCE":-4450397.46,"END_CASH":68034748.16,"DIVI_RATIO":null,"DIVIDEND_RATE":null,"CURRENT_RATIO":0.169169936488,"COMMON_ACS":46223810000,"CURRENTDEBT_DEBT":41.058006849329,"ISSUED_COMMON_SHARES":4070272221,"HK_COMMON_SHARES":4070272221,"PER_SHARES":2000,"TOTAL_MARKET_CAP":1933379304.975,"HKSK_MARKET_CAP":1933379304.975,"PE_TTM":14.931876003823,"PB_TTM":0.805991139161,"REPORT_DATE_SQ":"2022-06-30 00:00:00","REPORT_TYPE_SQ":"2022年中报","OPERATE_INCOME_SQ":153586137.67,"DPS_HKD":null,"OPERATE_INCOME_QOQ_SQ":-14.266021437568,"NET_PROFIT_RATIO_SQ":16.8475386012,"HOLDER_PROFIT_SQ":22946458.08,"HOLDER_PROFIT_QOQ_SQ":-29.034708933162,"ROE_AVG_SQ":1.352453097998,"PE_TTM_SQ":46.206145999386,"PB_TTM_SQ":0.934953375133,"ROA_SQ":0.70076213628,"START_DATE":"2023-01-01 00:00:00","FISCAL_YEAR":"12-31","CURRENCY":"HKD","IS_CNY_CODE":0,"DPS_HKD_LY":null,"ORG_TYPE":"一般企业","PREMIUM_INCOME":null,"PREMIUM_INCOME_YOY":null,"NET_INTEREST_INCOME":null,"NET_INTEREST_INCOME_YOY":null,"FEE_COMMISSION_INCOME":null,"FEE_COMMISSION_INCOME_YOY":null,"ACCOUNTS_RECE_TDAYS":null,"INVENTORY_TDAYS":38.212030716724,"CURRENT_ASSETS_TDAYS":4.27360501805,"TOTAL_ASSETS_TDAYS":0.189026009558,"PREMIUM_EXPENSE":null,"LOAN_DEPOSIT":null,"LOAN_EQUITY":null,"LOAN_ASSETS":null,"DEPOSIT_EQUITY":null,"DEPOSIT_ASSETS":null,"EQUITY_MULTIPLIER":1.769100390673,"EQUITY_RATIO":0.824289164076},{"SECUCODE":"00340.HK","SECURITY_CODE":"00340","SECURITY_NAME_ABBR":"潼关黄金","ORG_CODE":"10008840","STD_REPORT_DATE":"2022-12-31 00:00:00","REPORT_DATE":"2022-12-31 00:00:00","DATE_TYPE_CODE":"001","REPORT_TYPE":"2022年年报","PER_NETCASH_OPERATE":0.035168630448,"PER_OI":0.32780378249,"BPS":0.415756894652,"BASIC_EPS":0.013220396,"DILUTED_EPS":0.013220396,"OPERATE_INCOME":1111999665.28,"OPERATE_INCOME_YOY":82.6060807867,"GROSS_PROFIT":124606698.65,"GROSS_PROFIT_YOY":-35.656978967238,"HOLDER_PROFIT":44967211.8,"HOLDER_PROFIT_YOY":-63.6998204461,"GROSS_PROFIT_RATIO":11.205641740785,"EPS_TTM":0.013255779274,"OPERATE_INCOME_QOQ":132.704147240245,"NET_PROFIT_RATIO":4.579295409,"ROE_AVG":2.575040116711,"GROSS_PROFIT_QOQ":-24.400272728597,"ROA":1.334007492066,"HOLDER_PROFIT_QOQ":-44.113790979081,"ROE_YEARLY":2.575040116711,"ROIC_YEARLY":1.448530966881,"TOTAL_ASSETS":3260575743.39,"TOTAL_LIABILITIES":1444239829.27,"TAX_EBT":19.136984552534,"OCF_SALES":10.728561513547,"TOTAL_PARENT_EQUITY":1692243738.99,"DEBT_ASSET_RATIO":44.2940125589,"OPERATE_PROFIT":71327609.5,"PRETAX_PROFIT":62972855.19,"NETCASH_OPERATE":74163741.75,"NETCASH_INVEST":-60396664.51,"NETCASH_FINANCE":-22770345.57,"END_CASH":127831403.35,"DIVI_RATIO":null,"DIVIDEND_RATE":null,"CURRENT_RATIO":0.283800730899,"COMMON_ACS":46223810000,"CURRENTDEBT_DEBT":45.916164079562,"ISSUED_COMMON_SHARES":4070272221,"HK_COMMON_SHARES":4070272221,"PER_SHARES":2000,"TOTAL_MARKET_CAP":1933379304.975,"HKSK_MARKET_CAP":1933379304.975,"PE_TTM":14.931876003823,"PB_TTM":0.805991139161,"REPORT_DATE_SQ":"2021-12-31 00:00:00","REPORT_TYPE_SQ":"2021年年报","OPERATE_INCOME_SQ":557375089.6,"DPS_HKD":null,"OPERATE_INCOME_QOQ_SQ":29.714299242784,"NET_PROFIT_RATIO_SQ":22.7805803254,"HOLDER_PROFIT_SQ":113382315.2,"HOLDER_PROFIT_QOQ_SQ":103.045984884134,"ROE_AVG_SQ":7.235607388326,"PE_TTM_SQ":46.206145999386,"PB_TTM_SQ":0.934953375133,"ROA_SQ":3.613799760204,"START_DATE":"2022-01-01 00:00:00","FISCAL_YEAR":"12-31","CURRENCY":"HKD","IS_CNY_CODE":0,"DPS_HKD_LY":null,"ORG_TYPE":"一般企业","PREMIUM_INCOME":null,"PREMIUM_INCOME_YOY":null,"NET_INTEREST_INCOME":null,"NET_INTEREST_INCOME_YOY":null,"FEE_COMMISSION_INCOME":null,"FEE_COMMISSION_INCOME_YOY":null,"ACCOUNTS_RECE_TDAYS":30.522594090965,"INVENTORY_TDAYS":68.217915882371,"CURRENT_ASSETS_TDAYS":5.952684140939,"TOTAL_ASSETS_TDAYS":0.32988833981,"PREMIUM_EXPENSE":null,"LOAN_DEPOSIT":null,"LOAN_EQUITY":null,"LOAN_ASSETS":null,"DEPOSIT_EQUITY":null,"DEPOSIT_ASSETS":null,"EQUITY_MULTIPLIER":1.79513916894,"EQUITY_RATIO":0.853446696829},{"SECUCODE":"00340.HK","SECURITY_CODE":"00340","SECURITY_NAME_ABBR":"潼关黄金","ORG_CODE":"10008840","STD_REPORT_DATE":"2022-06-30 00:00:00","REPORT_DATE":"2022-06-30 00:00:00","DATE_TYPE_CODE":"002","REPORT_TYPE":"2022年中报","PER_NETCASH_OPERATE":-0.003133848405,"PER_OI":0.04527529858,"BPS":0.410231788829,"BASIC_EPS":0.006756001,"DILUTED_EPS":0.006756001,"OPERATE_INCOME":153586137.67,"OPERATE_INCOME_YOY":-35.8923835327,"GROSS_PROFIT":54377256.15,"GROSS_PROFIT_YOY":-34.652925547571,"HOLDER_PROFIT":22946458.08,"HOLDER_PROFIT_YOY":-60.0363414307,"GROSS_PROFIT_RATIO":35.405054762714,"EPS_TTM":0.023719231464,"OPERATE_INCOME_QOQ":-14.266021437568,"NET_PROFIT_RATIO":16.8475386012,"ROE_AVG":1.352453097998,"GROSS_PROFIT_QOQ":-14.88987678253,"ROA":0.70076213628,"HOLDER_PROFIT_QOQ":-29.034708933162,"ROE_YEARLY":2.704906195996,"ROIC_YEARLY":1.519098493852,"TOTAL_ASSETS":3216302029.99,"TOTAL_LIABILITIES":1420192653.25,"TAX_EBT":14.361325747927,"OCF_SALES":-6.921761984042,"TOTAL_PARENT_EQUITY":1669755054.24,"DEBT_ASSET_RATIO":44.1560724089,"OPERATE_PROFIT":34929380.36,"PRETAX_PROFIT":30214717.89,"NETCASH_OPERATE":-10630866.89,"NETCASH_INVEST":-31819054.33,"NETCASH_FINANCE":23555353.36,"END_CASH":111418429.15,"DIVI_RATIO":null,"DIVIDEND_RATE":null,"CURRENT_RATIO":0.306163979927,"COMMON_ACS":46223810000,"CURRENTDEBT_DEBT":42.609842383368,"ISSUED_COMMON_SHARES":4070272221,"HK_COMMON_SHARES":4070272221,"PER_SHARES":2000,"TOTAL_MARKET_CAP":1933379304.975,"HKSK_MARKET_CAP":1933379304.975,"PE_TTM":14.931876003823,"PB_TTM":0.805991139161,"REPORT_DATE_SQ":"2021-06-30 00:00:00","REPORT_TYPE_SQ":"2021年中报","OPERATE_INCOME_SQ":233101387.44,"DPS_HKD":null,"OPERATE_INCOME_QOQ_SQ":55.791457261599,"NET_PROFIT_RATIO_SQ":26.7827502383,"HOLDER_PROFIT_SQ":55866683.28,"HOLDER_PROFIT_QOQ_SQ":1148.14372120691,"ROE_AVG_SQ":3.606190911503,"PE_TTM_SQ":46.206145999386,"PB_TTM_SQ":0.934953375133,"ROA_SQ":1.780403942022,"START_DATE":"2022-01-01 00:00:00","FISCAL_YEAR":"12-31","CURRENCY":"HKD","IS_CNY_CODE":0,"DPS_HKD_LY":null,"ORG_TYPE":"一般企业","PREMIUM_INCOME":null,"PREMIUM_INCOME_YOY":null,"NET_INTEREST_INCOME":null,"NET_INTEREST_INCOME_YOY":null,"FEE_COMMISSION_INCOME":null,"FEE_COMMISSION_INCOME_YOY":null,"ACCOUNTS_RECE_TDAYS":null,"INVENTORY_TDAYS":12.145526880595,"CURRENT_ASSETS_TDAYS":0.846713435735,"TOTAL_ASSETS_TDAYS":0.046903687515,"PREMIUM_EXPENSE":null,"LOAN_DEPOSIT":null,"LOAN_EQUITY":null,"LOAN_ASSETS":null,"DEPOSIT_EQUITY":null,"DEPOSIT_ASSETS":null,"EQUITY_MULTIPLIER":1.790704993607,"EQUITY_RATIO":0.85053951455},{"SECUCODE":"00340.HK","SECURITY_CODE":"00340","SECURITY_NAME_ABBR":"潼关黄金","ORG_CODE":"10008840","STD_REPORT_DATE":"2021-12-31 00:00:00","REPORT_DATE":"2021-12-31 00:00:00","DATE_TYPE_CODE":"001","REPORT_TYPE":"2021年年报","PER_NETCASH_OPERATE":0.052376912118,"PER_OI":0.16430730003,"BPS":0.404836590412,"BASIC_EPS":0.03343984,"DILUTED_EPS":0.03343984,"OPERATE_INCOME":557375089.6,"OPERATE_INCOME_YOY":108.0256934485,"GROSS_PROFIT":193660006.4,"GROSS_PROFIT_YOY":217.324562774154,"HOLDER_PROFIT":113382315.2,"HOLDER_PROFIT_YOY":2290.7898894155,"GROSS_PROFIT_RATIO":34.745005654806,"EPS_TTM":0.033423707714,"OPERATE_INCOME_QOQ":29.714299242784,"NET_PROFIT_RATIO":22.7805803254,"ROE_AVG":7.235607388326,"GROSS_PROFIT_QOQ":56.439969339564,"ROA":3.613799760204,"HOLDER_PROFIT_QOQ":103.045984884134,"ROE_YEARLY":7.235607388326,"ROIC_YEARLY":3.907201120682,"TOTAL_ASSETS":3186209275.2,"TOTAL_LIABILITIES":1410075475.2,"TAX_EBT":12.973309199724,"OCF_SALES":31.877410260209,"TOTAL_PARENT_EQUITY":1647795128,"DEBT_ASSET_RATIO":44.2555825248,"OPERATE_PROFIT":151354112,"PRETAX_PROFIT":145901537.6,"NETCASH_OPERATE":177676744,"NETCASH_INVEST":-83145832,"NETCASH_FINANCE":-74485812.8,"END_CASH":128935520,"DIVI_RATIO":null,"DIVIDEND_RATE":null,"CURRENT_RATIO":0.313390988728,"COMMON_ACS":46223810000,"CURRENTDEBT_DEBT":38.403457625075,"ISSUED_COMMON_SHARES":4070272221,"HK_COMMON_SHARES":4070272221,"PER_SHARES":2000,"TOTAL_MARKET_CAP":1933379304.975,"HKSK_MARKET_CAP":1933379304.975,"PE_TTM":14.931876003823,"PB_TTM":0.805991139161,"REPORT_DATE_SQ":"2020-12-31 00:00:00","REPORT_TYPE_SQ":"2020年年报","OPERATE_INCOME_SQ":275813844.4,"DPS_HKD":null,"OPERATE_INCOME_QOQ_SQ":69.558018580721,"NET_PROFIT_RATIO_SQ":-0.4616886882,"HOLDER_PROFIT_SQ":-5327581.2,"HOLDER_PROFIT_QOQ_SQ":71.169581496696,"ROE_AVG_SQ":-0.35756045483,"PE_TTM_SQ":46.206145999386,"PB_TTM_SQ":0.934953375133,"ROA_SQ":-0.177216408952,"START_DATE":"2021-01-01 00:00:00","FISCAL_YEAR":"12-31","CURRENCY":"HKD","IS_CNY_CODE":0,"DPS_HKD_LY":null,"ORG_TYPE":"一般企业","PREMIUM_INCOME":null,"PREMIUM_INCOME_YOY":null,"NET_INTEREST_INCOME":null,"NET_INTEREST_INCOME_YOY":null,"FEE_COMMISSION_INCOME":null,"FEE_COMMISSION_INCOME_YOY":null,"ACCOUNTS_RECE_TDAYS":null,"INVENTORY_TDAYS":12.901698061223,"CURRENT_ASSETS_TDAYS":3.069259947099,"TOTAL_ASSETS_TDAYS":0.177650452946,"PREMIUM_EXPENSE":null,"LOAN_DEPOSIT":null,"LOAN_EQUITY":null,"LOAN_ASSETS":null,"DEPOSIT_EQUITY":null,"DEPOSIT_ASSETS":null,"EQUITY_MULTIPLIER":1.793901605385,"EQUITY_RATIO":0.855734703447},{"SECUCODE":"00340.HK","SECURITY_CODE":"00340","SECURITY_NAME_ABBR":"潼关黄金","ORG_CODE":"10008840","STD_REPORT_DATE":"2021-06-30 00:00:00","REPORT_DATE":"2021-06-30 00:00:00","DATE_TYPE_CODE":"002","REPORT_TYPE":"2021年中报","PER_NETCASH_OPERATE":0.012582237774,"PER_OI":0.068715413226,"BPS":0.38961533379,"BASIC_EPS":0.016475184,"DILUTED_EPS":0.016475184,"OPERATE_INCOME":233101387.44,"OPERATE_INCOME_YOY":223.0133290287,"GROSS_PROFIT":83212992.48,"GROSS_PROFIT_YOY":306.907613971189,"HOLDER_PROFIT":55866683.28,"HOLDER_PROFIT_YOY":1256.805651275,"GROSS_PROFIT_RATIO":35.69819699225,"EPS_TTM":0.01646115176,"OPERATE_INCOME_QOQ":55.791457261599,"NET_PROFIT_RATIO":26.7827502383,"ROE_AVG":3.606190911503,"GROSS_PROFIT_QOQ":102.841105194402,"ROA":1.780403942022,"HOLDER_PROFIT_QOQ":1148.14372120691,"ROE_YEARLY":7.212381823006,"ROIC_YEARLY":3.799067194081,"TOTAL_ASSETS":3132273631.2,"TOTAL_LIABILITIES":1427499806.4,"TAX_EBT":3.675554927914,"OCF_SALES":18.310648490235,"TOTAL_PARENT_EQUITY":1585840470,"DEBT_ASSET_RATIO":45.5739176865,"OPERATE_PROFIT":68329577.52,"PRETAX_PROFIT":64813207.44,"NETCASH_OPERATE":42682375.68,"NETCASH_INVEST":-32987811.6,"NETCASH_FINANCE":-63399503.52,"END_CASH":56933409.84,"DIVI_RATIO":null,"DIVIDEND_RATE":null,"CURRENT_RATIO":0.223804793832,"COMMON_ACS":46223810000,"CURRENTDEBT_DEBT":39.434826705837,"ISSUED_COMMON_SHARES":4070272221,"HK_COMMON_SHARES":4070272221,"PER_SHARES":2000,"TOTAL_MARKET_CAP":2035136110.5,"HKSK_MARKET_CAP":2035136110.5,"PE_TTM":15.717764214551,"PB_TTM":0.848411725433,"REPORT_DATE_SQ":"2020-06-30 00:00:00","REPORT_TYPE_SQ":"2020年中报","OPERATE_INCOME_SQ":79220824.32,"DPS_HKD":null,"OPERATE_INCOME_QOQ_SQ":-5.142263819168,"NET_PROFIT_RATIO_SQ":-5.5829720505,"HOLDER_PROFIT_SQ":-5301605.76,"HOLDER_PROFIT_QOQ_SQ":2.097761438839,"ROE_AVG_SQ":-0.339506037434,"PE_TTM_SQ":48.924154587585,"PB_TTM_SQ":0.989950632494,"ROA_SQ":-0.171475403443,"START_DATE":"2021-01-01 00:00:00","FISCAL_YEAR":"12-31","CURRENCY":"HKD","IS_CNY_CODE":0,"DPS_HKD_LY":null,"ORG_TYPE":"一般企业","PREMIUM_INCOME":null,"PREMIUM_INCOME_YOY":null,"NET_INTEREST_INCOME":null,"NET_INTEREST_INCOME_YOY":null,"FEE_COMMISSION_INCOME":null,"FEE_COMMISSION_INCOME_YOY":null,"ACCOUNTS_RECE_TDAYS":null,"INVENTORY_TDAYS":4.158719165195,"CURRENT_ASSETS_TDAYS":1.443775607493,"TOTAL_ASSETS_TDAYS":0.074286606028,"PREMIUM_EXPENSE":null,"LOAN_DEPOSIT":null,"LOAN_EQUITY":null,"LOAN_ASSETS":null,"DEPOSIT_EQUITY":null,"DEPOSIT_ASSETS":null,"EQUITY_MULTIPLIER":1.83735436668,"EQUITY_RATIO":0.900153472814},{"SECUCODE":"00340.HK","SECURITY_CODE":"00340","SECURITY_NAME_ABBR":"潼关黄金","ORG_CODE":"10008840","STD_REPORT_DATE":"2020-12-31 00:00:00","REPORT_DATE":"2020-12-31 00:00:00","DATE_TYPE_CODE":"001","REPORT_TYPE":"2020年年报","PER_NETCASH_OPERATE":0.030347718229,"PER_OI":0.08130651859,"BPS":0.375875064667,"BASIC_EPS":-0.001599116,"DILUTED_EPS":-0.001599116,"OPERATE_INCOME":275813844.4,"OPERATE_INCOME_YOY":71.185148039,"GROSS_PROFIT":61028999.68,"GROSS_PROFIT_YOY":203.891569965544,"HOLDER_PROFIT":-5327581.2,"HOLDER_PROFIT_YOY":69.9587110246,"GROSS_PROFIT_RATIO":22.12688047359,"EPS_TTM":-0.001570505211,"OPERATE_INCOME_QOQ":69.558018580721,"NET_PROFIT_RATIO":-0.4616886882,"ROE_AVG":-0.35756045483,"GROSS_PROFIT_QOQ":181.092203089403,"ROA":-0.177216408952,"HOLDER_PROFIT_QOQ":71.169581496696,"ROE_YEARLY":-0.35756045483,"ROIC_YEARLY":-0.189530746723,"TOTAL_ASSETS":3179573682.84,"TOTAL_LIABILITIES":1539101176.52,"TAX_EBT":64.172389296709,"OCF_SALES":37.325073998352,"TOTAL_PARENT_EQUITY":1529913834.28,"DEBT_ASSET_RATIO":48.4058974581,"OPERATE_PROFIT":-3414533.48,"PRETAX_PROFIT":-3554245.72,"NETCASH_OPERATE":102947721.52,"NETCASH_INVEST":-106071047.56,"NETCASH_FINANCE":35505425.04,"END_CASH":109659800.52,"DIVI_RATIO":null,"DIVIDEND_RATE":null,"CURRENT_RATIO":0.299321569143,"COMMON_ACS":46223810000,"CURRENTDEBT_DEBT":43.235688002306,"ISSUED_COMMON_SHARES":4070272221,"HK_COMMON_SHARES":4070272221,"PER_SHARES":2000,"TOTAL_MARKET_CAP":2035136110.5,"HKSK_MARKET_CAP":2035136110.5,"PE_TTM":15.717764214551,"PB_TTM":0.848411725433,"REPORT_DATE_SQ":"2019-12-31 00:00:00","REPORT_TYPE_SQ":"2019年年报","OPERATE_INCOME_SQ":171484540.08,"DPS_HKD":null,"OPERATE_INCOME_QOQ_SQ":79.01956359433,"NET_PROFIT_RATIO_SQ":-11.3625441401,"HOLDER_PROFIT_SQ":-18874980.38,"HOLDER_PROFIT_QOQ_SQ":58.87234477915,"ROE_AVG_SQ":-1.196026338576,"PE_TTM_SQ":48.924154587585,"PB_TTM_SQ":0.989950632494,"ROA_SQ":-0.621453796646,"START_DATE":"2020-01-01 00:00:00","FISCAL_YEAR":"12-31","CURRENCY":"HKD","IS_CNY_CODE":0,"DPS_HKD_LY":null,"ORG_TYPE":"一般企业","PREMIUM_INCOME":null,"PREMIUM_INCOME_YOY":null,"NET_INTEREST_INCOME":null,"NET_INTEREST_INCOME_YOY":null,"FEE_COMMISSION_INCOME":null,"FEE_COMMISSION_INCOME_YOY":null,"ACCOUNTS_RECE_TDAYS":null,"INVENTORY_TDAYS":6.54563642193,"CURRENT_ASSETS_TDAYS":1.618001382443,"TOTAL_ASSETS_TDAYS":0.091746586694,"PREMIUM_EXPENSE":null,"LOAN_DEPOSIT":null,"LOAN_EQUITY":null,"LOAN_ASSETS":null,"DEPOSIT_EQUITY":null,"DEPOSIT_ASSETS":null,"EQUITY_MULTIPLIER":1.938206017224,"EQUITY_RATIO":1.006005137044},{"SECUCODE":"00340.HK","SECURITY_CODE":"00340","SECURITY_NAME_ABBR":"潼关黄金","ORG_CODE":"10008840","STD_REPORT_DATE":"2020-06-30 00:00:00","REPORT_DATE":"2020-06-30 00:00:00","DATE_TYPE_CODE":"002","REPORT_TYPE":"2020年中报","PER_NETCASH_OPERATE":0.009231412304,"PER_OI":0.023353321655,"BPS":0.380657280583,"BASIC_EPS":-0.001552848,"DILUTED_EPS":-0.001552848,"OPERATE_INCOME":79220824.32,"OPERATE_INCOME_YOY":-13.3439245426,"GROSS_PROFIT":20450094.72,"GROSS_PROFIT_YOY":8.654543260347,"HOLDER_PROFIT":-5301605.76,"HOLDER_PROFIT_YOY":10.3906129381,"GROSS_PROFIT_RATIO":25.814039295268,"EPS_TTM":-0.005447389571,"OPERATE_INCOME_QOQ":-5.142263819168,"NET_PROFIT_RATIO":-5.5829720505,"ROE_AVG":-0.339506037434,"GROSS_PROFIT_QOQ":8.110992274264,"ROA":-0.171475403443,"HOLDER_PROFIT_QOQ":2.097761438839,"ROE_YEARLY":-0.679012074868,"ROIC_YEARLY":-0.365779223501,"TOTAL_ASSETS":3108899434.08,"TOTAL_LIABILITIES":1460398737.6,"TAX_EBT":12.551923424237,"OCF_SALES":39.529333087354,"TOTAL_PARENT_EQUITY":1549378754.88,"DEBT_ASSET_RATIO":46.9747821879,"OPERATE_PROFIT":-3306652.8,"PRETAX_PROFIT":-5057717.28,"NETCASH_OPERATE":31315463.52,"NETCASH_INVEST":-48130980.48,"NETCASH_FINANCE":38383662.24,"END_CASH":101822983.68,"DIVI_RATIO":null,"DIVIDEND_RATE":null,"CURRENT_RATIO":0.275147542755,"COMMON_ACS":46223810000,"CURRENTDEBT_DEBT":41.682584954872,"ISSUED_COMMON_SHARES":4070272221,"HK_COMMON_SHARES":4070272221,"PER_SHARES":2000,"TOTAL_MARKET_CAP":2035136110.5,"HKSK_MARKET_CAP":2035136110.5,"PE_TTM":15.717764214551,"PB_TTM":0.848411725433,"REPORT_DATE_SQ":"2019-06-30 00:00:00","REPORT_TYPE_SQ":"2019年中报","OPERATE_INCOME_SQ":88039011.78,"DPS_HKD":null,"OPERATE_INCOME_QOQ_SQ":3.161537185359,"NET_PROFIT_RATIO_SQ":-6.0130092024,"HOLDER_PROFIT_SQ":-5697557.82,"HOLDER_PROFIT_QOQ_SQ":-191.05108658905,"ROE_AVG_SQ":-0.360460434361,"PE_TTM_SQ":48.924154587585,"PB_TTM_SQ":0.989950632494,"ROA_SQ":-0.18891998989,"START_DATE":"2020-01-01 00:00:00","FISCAL_YEAR":"12-31","CURRENCY":"HKD","IS_CNY_CODE":0,"DPS_HKD_LY":null,"ORG_TYPE":"一般企业","PREMIUM_INCOME":null,"PREMIUM_INCOME_YOY":null,"NET_INTEREST_INCOME":null,"NET_INTEREST_INCOME_YOY":null,"FEE_COMMISSION_INCOME":null,"FEE_COMMISSION_INCOME_YOY":null,"ACCOUNTS_RECE_TDAYS":null,"INVENTORY_TDAYS":5.112841703751,"CURRENT_ASSETS_TDAYS":0.493073894566,"TOTAL_ASSETS_TDAYS":0.025623223277,"PREMIUM_EXPENSE":null,"LOAN_DEPOSIT":null,"LOAN_EQUITY":null,"LOAN_ASSETS":null,"DEPOSIT_EQUITY":null,"DEPOSIT_ASSETS":null,"EQUITY_MULTIPLIER":1.885895129264,"EQUITY_RATIO":0.942570519313}],"count":48},"success":true,"message":"ok","code":0}