{"version":"26270be2dbeeb449193bbd40e53ff2e8","result":{"pages":5,"data":[{"SECUCODE":"00348.HK","SECURITY_CODE":"00348","SECURITY_NAME_ABBR":"中国智能健康","ORG_CODE":"10008846","STD_REPORT_DATE":"2024-06-30 00:00:00","REPORT_DATE":"2024-06-30 00:00:00","DATE_TYPE_CODE":"002","REPORT_TYPE":"2024年中报","PER_NETCASH_OPERATE":-0.003027732775,"PER_OI":0.072177548307,"BPS":-0.028739770187,"BASIC_EPS":-0.033951696,"DILUTED_EPS":-0.033951696,"OPERATE_INCOME":55611417.76,"OPERATE_INCOME_YOY":-24.6133669859,"GROSS_PROFIT":17944201.48,"GROSS_PROFIT_YOY":-42.166583203751,"HOLDER_PROFIT":-26160146.84,"HOLDER_PROFIT_YOY":10.0401732471,"GROSS_PROFIT_RATIO":32.267117442395,"EPS_TTM":-0.154089712933,"OPERATE_INCOME_QOQ":-14.260327958514,"NET_PROFIT_RATIO":-47.0409636972,"ROE_AVG":288.592428513894,"GROSS_PROFIT_QOQ":-23.944510195379,"ROA":-22.124535904225,"HOLDER_PROFIT_QOQ":2.637364537932,"ROE_YEARLY":577.184857027789,"ROIC_YEARLY":-48.237967014473,"TOTAL_ASSETS":99880048.48,"TOTAL_LIABILITIES":122023490.64,"TAX_EBT":0.593049871679,"OCF_SALES":-4.194840149675,"TOTAL_PARENT_EQUITY":-22143442.16,"DEBT_ASSET_RATIO":122.1700354545,"OPERATE_PROFIT":-22064951.68,"PRETAX_PROFIT":-26316215.12,"NETCASH_OPERATE":-2332810.08,"NETCASH_INVEST":-128687.88,"NETCASH_FINANCE":-4309674.96,"END_CASH":6393323.4,"DIVI_RATIO":null,"DIVIDEND_RATE":null,"CURRENT_RATIO":0.764735561898,"COMMON_ACS":150000000000,"CURRENTDEBT_DEBT":99.321605409206,"ISSUED_COMMON_SHARES":770480836,"HK_COMMON_SHARES":770480836,"PER_SHARES":10000,"TOTAL_MARKET_CAP":121735972.088,"HKSK_MARKET_CAP":121735972.088,"PE_TTM":-0.926742530683,"PB_TTM":-5.017557171214,"REPORT_DATE_SQ":"2023-06-30 00:00:00","REPORT_TYPE_SQ":"2023年中报","OPERATE_INCOME_SQ":74519955.48,"DPS_HKD":null,"OPERATE_INCOME_QOQ_SQ":7.324583295004,"NET_PROFIT_RATIO_SQ":-39.4204835078,"HOLDER_PROFIT_SQ":-29376126.76,"HOLDER_PROFIT_QOQ_SQ":-33.82283715689,"ROE_AVG_SQ":-25.931577812232,"PE_TTM_SQ":-0.59718779566,"PB_TTM_SQ":0.395708712111,"ROA_SQ":-12.217024539877,"START_DATE":"2024-01-01 00:00:00","FISCAL_YEAR":"12-31","CURRENCY":"HKD","IS_CNY_CODE":0,"DPS_HKD_LY":null,"ORG_TYPE":"一般企业","PREMIUM_INCOME":null,"PREMIUM_INCOME_YOY":null,"NET_INTEREST_INCOME":null,"NET_INTEREST_INCOME_YOY":null,"FEE_COMMISSION_INCOME":null,"FEE_COMMISSION_INCOME_YOY":null,"ACCOUNTS_RECE_TDAYS":5.073861270714,"INVENTORY_TDAYS":0.831623914401,"CURRENT_ASSETS_TDAYS":0.505229991086,"TOTAL_ASSETS_TDAYS":0.47032488634,"PREMIUM_EXPENSE":null,"LOAN_DEPOSIT":null,"LOAN_EQUITY":null,"LOAN_ASSETS":null,"DEPOSIT_EQUITY":null,"DEPOSIT_ASSETS":null,"EQUITY_MULTIPLIER":-4.5105926964,"EQUITY_RATIO":-5.510592696398},{"SECUCODE":"00348.HK","SECURITY_CODE":"00348","SECURITY_NAME_ABBR":"中国智能健康","ORG_CODE":"10008846","STD_REPORT_DATE":"2023-12-31 00:00:00","REPORT_DATE":"2023-12-31 00:00:00","DATE_TYPE_CODE":"001","REPORT_TYPE":"2023年年报","PER_NETCASH_OPERATE":0.017045122508,"PER_OI":0.17209434102,"BPS":0.005172815953,"BASIC_EPS":-0.158226012,"DILUTED_EPS":-0.158226012,"OPERATE_INCOME":132595391.74,"OPERATE_INCOME_YOY":2.9980712104,"GROSS_PROFIT":54639628.68,"GROSS_PROFIT_YOY":14.826544006314,"HOLDER_PROFIT":-121939150.76,"HOLDER_PROFIT_YOY":-147.9234992814,"GROSS_PROFIT_RATIO":41.207788568656,"EPS_TTM":-0.158263703732,"OPERATE_INCOME_QOQ":-2.639952959089,"NET_PROFIT_RATIO":-91.9633398716,"ROE_AVG":-188.131173670192,"GROSS_PROFIT_QOQ":-2.299092564542,"ROA":-61.536280466194,"HOLDER_PROFIT_QOQ":-87.94827930048,"ROE_YEARLY":-188.131173670192,"ROIC_YEARLY":-66.275261169587,"TOTAL_ASSETS":135633947.4,"TOTAL_LIABILITIES":131648391.84,"TAX_EBT":-1.892336001333,"OCF_SALES":9.904522372657,"TOTAL_PARENT_EQUITY":3985555.56,"DEBT_ASSET_RATIO":97.0615353778,"OPERATE_PROFIT":-111524870.52,"PRETAX_PROFIT":-119674506.98,"NETCASH_OPERATE":13132940.24,"NETCASH_INVEST":-173088.02,"NETCASH_FINANCE":-15439270.14,"END_CASH":13068598.62,"DIVI_RATIO":null,"DIVIDEND_RATE":null,"CURRENT_RATIO":0.976929480319,"COMMON_ACS":150000000000,"CURRENTDEBT_DEBT":98.403684123575,"ISSUED_COMMON_SHARES":770480836,"HK_COMMON_SHARES":770480836,"PER_SHARES":10000,"TOTAL_MARKET_CAP":61638466.88,"HKSK_MARKET_CAP":61638466.88,"PE_TTM":-0.469236724397,"PB_TTM":-2.540535276564,"REPORT_DATE_SQ":"2022-12-31 00:00:00","REPORT_TYPE_SQ":"2022年年报","OPERATE_INCOME_SQ":126896149.66,"DPS_HKD":null,"OPERATE_INCOME_QOQ_SQ":3.315606466022,"NET_PROFIT_RATIO_SQ":-38.2055216883,"HOLDER_PROFIT_SQ":-48481335.98,"HOLDER_PROFIT_QOQ_SQ":62.022219297902,"ROE_AVG_SQ":-32.723468781748,"PE_TTM_SQ":-0.586329835738,"PB_TTM_SQ":0.388514008255,"ROA_SQ":-18.038600491231,"START_DATE":"2023-01-01 00:00:00","FISCAL_YEAR":"12-31","CURRENCY":"HKD","IS_CNY_CODE":0,"DPS_HKD_LY":null,"ORG_TYPE":"一般企业","PREMIUM_INCOME":null,"PREMIUM_INCOME_YOY":null,"NET_INTEREST_INCOME":null,"NET_INTEREST_INCOME_YOY":null,"FEE_COMMISSION_INCOME":null,"FEE_COMMISSION_INCOME_YOY":null,"ACCOUNTS_RECE_TDAYS":10.286628233971,"INVENTORY_TDAYS":1.547955805082,"CURRENT_ASSETS_TDAYS":0.705699926689,"TOTAL_ASSETS_TDAYS":0.669139252142,"PREMIUM_EXPENSE":null,"LOAN_DEPOSIT":null,"LOAN_EQUITY":null,"LOAN_ASSETS":null,"DEPOSIT_EQUITY":null,"DEPOSIT_ASSETS":null,"EQUITY_MULTIPLIER":34.031377898683,"EQUITY_RATIO":33.031377899045},{"SECUCODE":"00348.HK","SECURITY_CODE":"00348","SECURITY_NAME_ABBR":"中国智能健康","ORG_CODE":"10008846","STD_REPORT_DATE":"2023-06-30 00:00:00","REPORT_DATE":"2023-06-30 00:00:00","DATE_TYPE_CODE":"002","REPORT_TYPE":"2023年中报","PER_NETCASH_OPERATE":0.00036377533,"PER_OI":0.096718765734,"BPS":0.128147039597,"BASIC_EPS":-0.038169972,"DILUTED_EPS":-0.038169972,"OPERATE_INCOME":74519955.48,"OPERATE_INCOME_YOY":5.9735151436,"GROSS_PROFIT":31027392.94,"GROSS_PROFIT_YOY":36.766005578427,"HOLDER_PROFIT":-29376126.76,"HOLDER_PROFIT_YOY":-109.9499209278,"GROSS_PROFIT_RATIO":41.636354638359,"EPS_TTM":-0.084205987052,"OPERATE_INCOME_QOQ":7.324583295004,"NET_PROFIT_RATIO":-39.4204835078,"ROE_AVG":-25.931577812232,"GROSS_PROFIT_QOQ":17.52863614104,"ROA":-12.217024539877,"HOLDER_PROFIT_QOQ":-33.82283715689,"ROE_YEARLY":-51.863155624463,"ROIC_YEARLY":-25.699980036579,"TOTAL_ASSETS":215688923.18,"TOTAL_LIABILITIES":116954084.98,"TAX_EBT":-8.892686261107,"OCF_SALES":0.376116596145,"TOTAL_PARENT_EQUITY":98734838.2,"DEBT_ASSET_RATIO":54.2235007972,"OPERATE_PROFIT":-22840210.54,"PRETAX_PROFIT":-26977134.8,"NETCASH_OPERATE":280281.92,"NETCASH_INVEST":-5531.88,"NETCASH_FINANCE":-7936403.84,"END_CASH":8153069.14,"DIVI_RATIO":null,"DIVIDEND_RATE":null,"CURRENT_RATIO":4.541619624346,"COMMON_ACS":150000000000,"CURRENTDEBT_DEBT":38.403323584363,"ISSUED_COMMON_SHARES":770480836,"HK_COMMON_SHARES":770480836,"PER_SHARES":10000,"TOTAL_MARKET_CAP":61638466.88,"HKSK_MARKET_CAP":61638466.88,"PE_TTM":-0.469236724397,"PB_TTM":-2.540535276564,"REPORT_DATE_SQ":"2022-06-30 00:00:00","REPORT_TYPE_SQ":"2022年中报","OPERATE_INCOME_SQ":65225341.3,"DPS_HKD":null,"OPERATE_INCOME_QOQ_SQ":-11.673516813051,"NET_PROFIT_RATIO_SQ":-19.8977317425,"HOLDER_PROFIT_SQ":-12978363.44,"HOLDER_PROFIT_QOQ_SQ":-51.521051548692,"ROE_AVG_SQ":-8.185743451163,"PE_TTM_SQ":-0.586329835738,"PB_TTM_SQ":0.388514008255,"ROA_SQ":-4.897695733557,"START_DATE":"2023-01-01 00:00:00","FISCAL_YEAR":"12-31","CURRENCY":"HKD","IS_CNY_CODE":0,"DPS_HKD_LY":null,"ORG_TYPE":"一般企业","PREMIUM_INCOME":null,"PREMIUM_INCOME_YOY":null,"NET_INTEREST_INCOME":null,"NET_INTEREST_INCOME_YOY":null,"FEE_COMMISSION_INCOME":null,"FEE_COMMISSION_INCOME_YOY":null,"ACCOUNTS_RECE_TDAYS":null,"INVENTORY_TDAYS":0.963717338454,"CURRENT_ASSETS_TDAYS":0.325739226457,"TOTAL_ASSETS_TDAYS":0.309915644172,"PREMIUM_EXPENSE":null,"LOAN_DEPOSIT":null,"LOAN_EQUITY":null,"LOAN_ASSETS":null,"DEPOSIT_EQUITY":null,"DEPOSIT_ASSETS":null,"EQUITY_MULTIPLIER":2.184527033336,"EQUITY_RATIO":1.184527033336},{"SECUCODE":"00348.HK","SECURITY_CODE":"00348","SECURITY_NAME_ABBR":"中国智能健康","ORG_CODE":"10008846","STD_REPORT_DATE":"2022-12-31 00:00:00","REPORT_DATE":"2022-12-31 00:00:00","DATE_TYPE_CODE":"001","REPORT_TYPE":"2022年年报","PER_NETCASH_OPERATE":-0.032855299376,"PER_OI":0.164697347073,"BPS":0.160745065215,"BASIC_EPS":-0.062886208,"DILUTED_EPS":-0.062886208,"OPERATE_INCOME":126896149.66,"OPERATE_INCOME_YOY":-16.4752850146,"GROSS_PROFIT":47584492.9,"GROSS_PROFIT_YOY":-36.039506481084,"HOLDER_PROFIT":-48481335.98,"HOLDER_PROFIT_YOY":47.3303184985,"GROSS_PROFIT_RATIO":37.498768108801,"EPS_TTM":-0.062923480656,"OPERATE_INCOME_QOQ":3.315606466022,"NET_PROFIT_RATIO":-38.2055216883,"ROE_AVG":-32.723468781748,"GROSS_PROFIT_QOQ":-6.52948428911,"ROA":-18.038600491231,"HOLDER_PROFIT_QOQ":62.022219297902,"ROE_YEARLY":-32.723468781748,"ROIC_YEARLY":-19.920829074119,"TOTAL_ASSETS":256957154.93,"TOTAL_LIABILITIES":133106162.7,"TAX_EBT":3.771209730324,"OCF_SALES":-19.948894113672,"TOTAL_PARENT_EQUITY":123850992.23,"DEBT_ASSET_RATIO":51.800917058,"OPERATE_PROFIT":-43863130.08,"PRETAX_PROFIT":-50381321.27,"NETCASH_OPERATE":-25314378.53,"NETCASH_INVEST":-563653.37,"NETCASH_FINANCE":5318529.58,"END_CASH":15051599.5,"DIVI_RATIO":null,"DIVIDEND_RATE":null,"CURRENT_RATIO":3.678861897373,"COMMON_ACS":150000000000,"CURRENTDEBT_DEBT":50.168445070801,"ISSUED_COMMON_SHARES":770480836,"HK_COMMON_SHARES":770480836,"PER_SHARES":10000,"TOTAL_MARKET_CAP":61638466.88,"HKSK_MARKET_CAP":61638466.88,"PE_TTM":-0.469236724397,"PB_TTM":-2.540535276564,"REPORT_DATE_SQ":"2021-12-31 00:00:00","REPORT_TYPE_SQ":"2021年年报","OPERATE_INCOME_SQ":139056590.4,"DPS_HKD":null,"OPERATE_INCOME_QOQ_SQ":6.45915243376,"NET_PROFIT_RATIO_SQ":-60.5871389178,"HOLDER_PROFIT_SQ":-84250409.6,"HOLDER_PROFIT_QOQ_SQ":-289.434029973978,"ROE_AVG_SQ":-42.115028966701,"PE_TTM_SQ":-0.586329835738,"PB_TTM_SQ":0.388514008255,"ROA_SQ":-27.538673896573,"START_DATE":"2022-01-01 00:00:00","FISCAL_YEAR":"12-31","CURRENCY":"HKD","IS_CNY_CODE":0,"DPS_HKD_LY":null,"ORG_TYPE":"一般企业","PREMIUM_INCOME":null,"PREMIUM_INCOME_YOY":null,"NET_INTEREST_INCOME":null,"NET_INTEREST_INCOME_YOY":null,"FEE_COMMISSION_INCOME":null,"FEE_COMMISSION_INCOME_YOY":null,"ACCOUNTS_RECE_TDAYS":9.650023775559,"INVENTORY_TDAYS":1.533021392683,"CURRENT_ASSETS_TDAYS":0.595785906609,"TOTAL_ASSETS_TDAYS":0.472146425283,"PREMIUM_EXPENSE":null,"LOAN_DEPOSIT":null,"LOAN_EQUITY":null,"LOAN_ASSETS":null,"DEPOSIT_EQUITY":null,"DEPOSIT_ASSETS":null,"EQUITY_MULTIPLIER":2.074728270667,"EQUITY_RATIO":1.074728270669},{"SECUCODE":"00348.HK","SECURITY_CODE":"00348","SECURITY_NAME_ABBR":"中国智能健康","ORG_CODE":"10008846","STD_REPORT_DATE":"2022-06-30 00:00:00","REPORT_DATE":"2022-06-30 00:00:00","DATE_TYPE_CODE":"002","REPORT_TYPE":"2022年中报","PER_NETCASH_OPERATE":-0.029084952815,"PER_OI":0.084655371363,"BPS":0.197266883261,"BASIC_EPS":-0.016847243,"DILUTED_EPS":-0.016847243,"OPERATE_INCOME":65225341.3,"OPERATE_INCOME_YOY":-22.0915860547,"GROSS_PROFIT":22686480.32,"GROSS_PROFIT_YOY":-50.868068734694,"HOLDER_PROFIT":-12978363.44,"HOLDER_PROFIT_YOY":-141.4996308349,"GROSS_PROFIT_RATIO":34.781696604169,"EPS_TTM":-0.165684986044,"OPERATE_INCOME_QOQ":-11.673516813051,"NET_PROFIT_RATIO":-19.8977317425,"ROE_AVG":-8.185743451163,"GROSS_PROFIT_QOQ":-31.571476810131,"ROA":-4.897695733557,"HOLDER_PROFIT_QOQ":-51.521051548692,"ROE_YEARLY":-16.371486902325,"ROIC_YEARLY":-11.017859735734,"TOTAL_ASSETS":261367443.75,"TOTAL_LIABILITIES":109377090.62,"TAX_EBT":0.563491023457,"OCF_SALES":-34.356889996067,"TOTAL_PARENT_EQUITY":151990353.13,"DEBT_ASSET_RATIO":41.8480163599,"OPERATE_PROFIT":-10345233.43,"PRETAX_PROFIT":-13051909.78,"NETCASH_OPERATE":-22409398.76,"NETCASH_INVEST":-29931.65,"NETCASH_FINANCE":12952707.74,"END_CASH":24589278.07,"DIVI_RATIO":null,"DIVIDEND_RATE":null,"CURRENT_RATIO":1.743663100974,"COMMON_ACS":150000000000,"CURRENTDEBT_DEBT":99.478490672255,"ISSUED_COMMON_SHARES":770480836,"HK_COMMON_SHARES":770480836,"PER_SHARES":10000,"TOTAL_MARKET_CAP":61638466.88,"HKSK_MARKET_CAP":61638466.88,"PE_TTM":-0.469236724397,"PB_TTM":-2.540535276564,"REPORT_DATE_SQ":"2021-06-30 00:00:00","REPORT_TYPE_SQ":"2021年中报","OPERATE_INCOME_SQ":81458135.76,"DPS_HKD":null,"OPERATE_INCOME_QOQ_SQ":12.5812283261,"NET_PROFIT_RATIO_SQ":37.3545665342,"HOLDER_PROFIT_SQ":30428333.52,"HOLDER_PROFIT_QOQ_SQ":309.511628935989,"ROE_AVG_SQ":11.628716751757,"PE_TTM_SQ":-0.586329835738,"PB_TTM_SQ":0.388514008255,"ROA_SQ":8.269048784652,"START_DATE":"2022-01-01 00:00:00","FISCAL_YEAR":"12-31","CURRENCY":"HKD","IS_CNY_CODE":0,"DPS_HKD_LY":null,"ORG_TYPE":"一般企业","PREMIUM_INCOME":null,"PREMIUM_INCOME_YOY":null,"NET_INTEREST_INCOME":null,"NET_INTEREST_INCOME_YOY":null,"FEE_COMMISSION_INCOME":null,"FEE_COMMISSION_INCOME_YOY":null,"ACCOUNTS_RECE_TDAYS":null,"INVENTORY_TDAYS":0.985878365656,"CURRENT_ASSETS_TDAYS":0.360012933466,"TOTAL_ASSETS_TDAYS":0.246143419609,"PREMIUM_EXPENSE":null,"LOAN_DEPOSIT":null,"LOAN_EQUITY":null,"LOAN_ASSETS":null,"DEPOSIT_EQUITY":null,"DEPOSIT_ASSETS":null,"EQUITY_MULTIPLIER":1.719631794831,"EQUITY_RATIO":0.719631794831},{"SECUCODE":"00348.HK","SECURITY_CODE":"00348","SECURITY_NAME_ABBR":"中国智能健康","ORG_CODE":"10008846","STD_REPORT_DATE":"2021-12-31 00:00:00","REPORT_DATE":"2021-12-31 00:00:00","DATE_TYPE_CODE":"001","REPORT_TYPE":"2021年年报","PER_NETCASH_OPERATE":0.044656608176,"PER_OI":0.180480271413,"BPS":0.204870931274,"BASIC_EPS":-0.10931312,"DILUTED_EPS":-0.10931312,"OPERATE_INCOME":139056590.4,"OPERATE_INCOME_YOY":23.3770755805,"GROSS_PROFIT":74396694.4,"GROSS_PROFIT_YOY":44.776783263424,"HOLDER_PROFIT":-84250409.6,"HOLDER_PROFIT_YOY":-308.55602252,"GROSS_PROFIT_RATIO":53.501020114182,"EPS_TTM":-0.10934783276,"OPERATE_INCOME_QOQ":6.45915243376,"NET_PROFIT_RATIO":-60.5871389178,"ROE_AVG":-42.115028966701,"GROSS_PROFIT_QOQ":11.241697521191,"ROA":-27.538673896573,"HOLDER_PROFIT_QOQ":-289.434029973978,"ROE_YEARLY":-42.115028966701,"ROIC_YEARLY":-30.598467493248,"TOTAL_ASSETS":256804072,"TOTAL_LIABILITIES":98954945.6,"TAX_EBT":-2.451779677868,"OCF_SALES":24.743207568248,"TOTAL_PARENT_EQUITY":157849126.4,"DEBT_ASSET_RATIO":38.5332463108,"OPERATE_PROFIT":-76993392,"PRETAX_PROFIT":-82234208,"NETCASH_OPERATE":34407060.8,"NETCASH_INVEST":-294336,"NETCASH_FINANCE":-29731206.4,"END_CASH":32709723.2,"DIVI_RATIO":null,"DIVIDEND_RATE":null,"CURRENT_RATIO":1.687177686952,"COMMON_ACS":150000000000,"CURRENTDEBT_DEBT":98.853186373739,"ISSUED_COMMON_SHARES":770480836,"HK_COMMON_SHARES":770480836,"PER_SHARES":10000,"TOTAL_MARKET_CAP":61638466.88,"HKSK_MARKET_CAP":61638466.88,"PE_TTM":-0.469236724397,"PB_TTM":-2.540535276564,"REPORT_DATE_SQ":"2020-12-31 00:00:00","REPORT_TYPE_SQ":"2020年年报","OPERATE_INCOME_SQ":116022598.92,"DPS_HKD":null,"OPERATE_INCOME_QOQ_SQ":-69.112743528161,"NET_PROFIT_RATIO_SQ":-18.2963011324,"HOLDER_PROFIT_SQ":-21227844.08,"HOLDER_PROFIT_QOQ_SQ":81.823915174765,"ROE_AVG_SQ":-8.097418149363,"PE_TTM_SQ":-0.586329835738,"PB_TTM_SQ":0.388514008255,"ROA_SQ":-4.884647600234,"START_DATE":"2021-01-01 00:00:00","FISCAL_YEAR":"12-31","CURRENCY":"HKD","IS_CNY_CODE":0,"DPS_HKD_LY":null,"ORG_TYPE":"一般企业","PREMIUM_INCOME":null,"PREMIUM_INCOME_YOY":null,"NET_INTEREST_INCOME":null,"NET_INTEREST_INCOME_YOY":null,"FEE_COMMISSION_INCOME":null,"FEE_COMMISSION_INCOME_YOY":null,"ACCOUNTS_RECE_TDAYS":null,"INVENTORY_TDAYS":1.455413748999,"CURRENT_ASSETS_TDAYS":0.69357012509,"TOTAL_ASSETS_TDAYS":0.454530027139,"PREMIUM_EXPENSE":null,"LOAN_DEPOSIT":null,"LOAN_EQUITY":null,"LOAN_ASSETS":null,"DEPOSIT_EQUITY":null,"DEPOSIT_ASSETS":null,"EQUITY_MULTIPLIER":1.626895744416,"EQUITY_RATIO":0.626895744416},{"SECUCODE":"00348.HK","SECURITY_CODE":"00348","SECURITY_NAME_ABBR":"中国智能健康","ORG_CODE":"10008846","STD_REPORT_DATE":"2021-06-30 00:00:00","REPORT_DATE":"2021-06-30 00:00:00","DATE_TYPE_CODE":"002","REPORT_TYPE":"2021年中报","PER_NETCASH_OPERATE":0.014934614571,"PER_OI":0.105723766191,"BPS":0.35924719114,"BASIC_EPS":0.0395238,"DILUTED_EPS":0.037693224,"OPERATE_INCOME":81458135.76,"OPERATE_INCOME_YOY":33.7445523724,"GROSS_PROFIT":46174615.44,"GROSS_PROFIT_YOY":50.487465731201,"HOLDER_PROFIT":30428333.52,"HOLDER_PROFIT_YOY":194.6966361965,"GROSS_PROFIT_RATIO":56.685087387765,"EPS_TTM":0.057723436901,"OPERATE_INCOME_QOQ":12.5812283261,"NET_PROFIT_RATIO":37.3545665342,"ROE_AVG":11.628716751757,"GROSS_PROFIT_QOQ":30.146147073892,"ROA":8.269048784652,"HOLDER_PROFIT_QOQ":309.511628935989,"ROE_YEARLY":23.257433503513,"ROIC_YEARLY":17.792190099935,"TOTAL_ASSETS":374603248.08,"TOTAL_LIABILITIES":97810171.92,"TAX_EBT":null,"OCF_SALES":14.126071278997,"TOTAL_PARENT_EQUITY":276793076.16,"DEBT_ASSET_RATIO":26.1103373826,"OPERATE_PROFIT":33100142.4,"PRETAX_PROFIT":30428333.52,"NETCASH_OPERATE":11506834.32,"NETCASH_INVEST":-266265.6,"NETCASH_FINANCE":-17154161.28,"END_CASH":22893849.12,"DIVI_RATIO":null,"DIVIDEND_RATE":null,"CURRENT_RATIO":10.860014607171,"COMMON_ACS":150000000000,"CURRENTDEBT_DEBT":24.460437774885,"ISSUED_COMMON_SHARES":770480836,"HK_COMMON_SHARES":770480836,"PER_SHARES":10000,"TOTAL_MARKET_CAP":61638466.88,"HKSK_MARKET_CAP":61638466.88,"PE_TTM":-0.469236724397,"PB_TTM":-2.540535276564,"REPORT_DATE_SQ":"2020-06-30 00:00:00","REPORT_TYPE_SQ":"2020年中报","OPERATE_INCOME_SQ":66861067.68,"DPS_HKD":null,"OPERATE_INCOME_QOQ_SQ":0,"NET_PROFIT_RATIO_SQ":-32.7712622414,"HOLDER_PROFIT_SQ":-35274312.48,"HOLDER_PROFIT_QOQ_SQ":0,"ROE_AVG_SQ":-12.666980468308,"PE_TTM_SQ":-0.586329835738,"PB_TTM_SQ":0.388514008255,"ROA_SQ":-6.700454944529,"START_DATE":"2021-01-01 00:00:00","FISCAL_YEAR":"12-31","CURRENCY":"HKD","IS_CNY_CODE":0,"DPS_HKD_LY":null,"ORG_TYPE":"一般企业","PREMIUM_INCOME":null,"PREMIUM_INCOME_YOY":null,"NET_INTEREST_INCOME":null,"NET_INTEREST_INCOME_YOY":null,"FEE_COMMISSION_INCOME":null,"FEE_COMMISSION_INCOME_YOY":null,"ACCOUNTS_RECE_TDAYS":8.132330951985,"INVENTORY_TDAYS":0.870879628679,"CURRENT_ASSETS_TDAYS":0.32586494997,"TOTAL_ASSETS_TDAYS":0.221366476762,"PREMIUM_EXPENSE":null,"LOAN_DEPOSIT":null,"LOAN_EQUITY":null,"LOAN_ASSETS":null,"DEPOSIT_EQUITY":null,"DEPOSIT_ASSETS":null,"EQUITY_MULTIPLIER":1.353369286822,"EQUITY_RATIO":0.353369286822},{"SECUCODE":"00348.HK","SECURITY_CODE":"00348","SECURITY_NAME_ABBR":"中国智能健康","ORG_CODE":"10008846","STD_REPORT_DATE":"2020-12-31 00:00:00","REPORT_DATE":"2020-12-31 00:00:00","DATE_TYPE_CODE":"001","REPORT_TYPE":"2020年年报","PER_NETCASH_OPERATE":0.013097358336,"PER_OI":0.150584665444,"BPS":0.323655496137,"BASIC_EPS":-0.0273533,"DILUTED_EPS":-0.0273533,"OPERATE_INCOME":116022598.92,"OPERATE_INCOME_YOY":null,"GROSS_PROFIT":51387171.84,"GROSS_PROFIT_YOY":null,"HOLDER_PROFIT":-21227844.08,"HOLDER_PROFIT_YOY":null,"GROSS_PROFIT_RATIO":44.290657439446,"EPS_TTM":-0.027551423849,"OPERATE_INCOME_QOQ":-69.112743528161,"NET_PROFIT_RATIO":-18.2963011324,"ROE_AVG":-8.097418149363,"GROSS_PROFIT_QOQ":-45.678429838205,"ROA":-4.884647600234,"HOLDER_PROFIT_QOQ":81.823915174765,"ROE_YEARLY":-8.097418149363,"ROIC_YEARLY":-5.305404689084,"TOTAL_ASSETS":365505735.92,"TOTAL_LIABILITIES":116135378.68,"TAX_EBT":5.002125354797,"OCF_SALES":8.697670707203,"TOTAL_PARENT_EQUITY":249370357.24,"DEBT_ASSET_RATIO":31.773886773,"OPERATE_PROFIT":-45377862.24,"PRETAX_PROFIT":-61379963.56,"NETCASH_OPERATE":10091263.6,"NETCASH_INVEST":1259093.44,"NETCASH_FINANCE":-21671388.36,"END_CASH":29313479.56,"DIVI_RATIO":null,"DIVIDEND_RATE":null,"CURRENT_RATIO":5.731940334081,"COMMON_ACS":150000000000,"CURRENTDEBT_DEBT":36.486770492873,"ISSUED_COMMON_SHARES":770480836,"HK_COMMON_SHARES":770480836,"PER_SHARES":10000,"TOTAL_MARKET_CAP":61638466.88,"HKSK_MARKET_CAP":61638466.88,"PE_TTM":-0.469236724397,"PB_TTM":-2.540535276564,"REPORT_DATE_SQ":"2019-12-31 00:00:00","REPORT_TYPE_SQ":"2019年年报","OPERATE_INCOME_SQ":null,"DPS_HKD":null,"OPERATE_INCOME_QOQ_SQ":0,"NET_PROFIT_RATIO_SQ":null,"HOLDER_PROFIT_SQ":null,"HOLDER_PROFIT_QOQ_SQ":0,"ROE_AVG_SQ":null,"PE_TTM_SQ":-0.586329835738,"PB_TTM_SQ":0.388514008255,"ROA_SQ":null,"START_DATE":"2020-01-01 00:00:00","FISCAL_YEAR":"12-31","CURRENCY":"HKD","IS_CNY_CODE":0,"DPS_HKD_LY":null,"ORG_TYPE":"一般企业","PREMIUM_INCOME":null,"PREMIUM_INCOME_YOY":null,"NET_INTEREST_INCOME":null,"NET_INTEREST_INCOME_YOY":null,"FEE_COMMISSION_INCOME":null,"FEE_COMMISSION_INCOME_YOY":null,"ACCOUNTS_RECE_TDAYS":null,"INVENTORY_TDAYS":1.313858498071,"CURRENT_ASSETS_TDAYS":0.330915633353,"TOTAL_ASSETS_TDAYS":0.266974595843,"PREMIUM_EXPENSE":null,"LOAN_DEPOSIT":null,"LOAN_EQUITY":null,"LOAN_ASSETS":null,"DEPOSIT_EQUITY":null,"DEPOSIT_ASSETS":null,"EQUITY_MULTIPLIER":1.465714449646,"EQUITY_RATIO":0.465714449646},{"SECUCODE":"00348.HK","SECURITY_CODE":"00348","SECURITY_NAME_ABBR":"中国智能健康","ORG_CODE":"10008846","STD_REPORT_DATE":"2020-06-30 00:00:00","REPORT_DATE":"2020-06-30 00:00:00","DATE_TYPE_CODE":"002","REPORT_TYPE":"2020年中报","PER_NETCASH_OPERATE":-0.002506433159,"PER_OI":0.008623831342,"BPS":0.335573363644,"BASIC_EPS":-0.045123936,"DILUTED_EPS":-0.045123936,"OPERATE_INCOME":66861067.68,"OPERATE_INCOME_YOY":-50.8672592939,"GROSS_PROFIT":30683363.04,"GROSS_PROFIT_YOY":-39.790333875528,"HOLDER_PROFIT":-35274312.48,"HOLDER_PROFIT_YOY":49.83306702,"GROSS_PROFIT_RATIO":39.124051664149,"EPS_TTM":-0.015063729039,"OPERATE_INCOME_QOQ":0,"NET_PROFIT_RATIO":-32.7712622414,"ROE_AVG":-12.666980468308,"GROSS_PROFIT_QOQ":0,"ROA":-6.700454944529,"HOLDER_PROFIT_QOQ":0,"ROE_YEARLY":-25.333960936616,"ROIC_YEARLY":-14.290313508393,"TOTAL_ASSETS":506265899.04,"TOTAL_LIABILITIES":247713053.28,"TAX_EBT":4.459034331829,"OCF_SALES":-18.053599008809,"TOTAL_PARENT_EQUITY":258552845.76,"DEBT_ASSET_RATIO":48.9294368334,"OPERATE_PROFIT":-21859532.64,"PRETAX_PROFIT":-33390799.2,"NETCASH_OPERATE":-19432522.56,"NETCASH_INVEST":14883591.36,"NETCASH_FINANCE":-15906644.16,"END_CASH":22532737.92,"DIVI_RATIO":null,"DIVIDEND_RATE":null,"CURRENT_RATIO":1.776534855587,"COMMON_ACS":150000000000,"CURRENTDEBT_DEBT":97.541548820556,"ISSUED_COMMON_SHARES":770480836,"HK_COMMON_SHARES":770480836,"PER_SHARES":10000,"TOTAL_MARKET_CAP":61638466.88,"HKSK_MARKET_CAP":61638466.88,"PE_TTM":-0.469236724397,"PB_TTM":-2.540535276564,"REPORT_DATE_SQ":"2019-06-30 00:00:00","REPORT_TYPE_SQ":"2019年中报","OPERATE_INCOME_SQ":216334470.36,"DPS_HKD":null,"OPERATE_INCOME_QOQ_SQ":0,"NET_PROFIT_RATIO_SQ":-32.959188779,"HOLDER_PROFIT_SQ":-69434023.77,"HOLDER_PROFIT_QOQ_SQ":0,"ROE_AVG_SQ":-19.133919039339,"PE_TTM_SQ":-0.586329835738,"PB_TTM_SQ":0.388514008255,"ROA_SQ":-10.899375080973,"START_DATE":"2020-01-01 00:00:00","FISCAL_YEAR":"12-31","CURRENCY":"HKD","IS_CNY_CODE":0,"DPS_HKD_LY":null,"ORG_TYPE":"一般企业","PREMIUM_INCOME":null,"PREMIUM_INCOME_YOY":null,"NET_INTEREST_INCOME":null,"NET_INTEREST_INCOME_YOY":null,"FEE_COMMISSION_INCOME":null,"FEE_COMMISSION_INCOME_YOY":null,"ACCOUNTS_RECE_TDAYS":1.399225806452,"INVENTORY_TDAYS":1.053052656303,"CURRENT_ASSETS_TDAYS":0.232306624715,"TOTAL_ASSETS_TDAYS":0.204461301953,"PREMIUM_EXPENSE":null,"LOAN_DEPOSIT":null,"LOAN_EQUITY":null,"LOAN_ASSETS":null,"DEPOSIT_EQUITY":null,"DEPOSIT_ASSETS":null,"EQUITY_MULTIPLIER":1.958075137605,"EQUITY_RATIO":0.958075137606}],"count":43},"success":true,"message":"ok","code":0}