{"version":"1c144b8ea093f705d3bf945d93933630","result":{"pages":9,"data":[{"SECUCODE":"00347.HK","SECURITY_CODE":"00347","SECURITY_NAME_ABBR":"鞍钢股份","ORG_CODE":"10005768","STD_REPORT_DATE":"2024-09-30 00:00:00","REPORT_DATE":"2024-09-30 00:00:00","DATE_TYPE_CODE":"004","REPORT_TYPE":"2024年三季报","PER_NETCASH_OPERATE":-0.03335677435,"PER_OI":8.446937034369,"BPS":5.289340014507,"BASIC_EPS":-0.542,"DILUTED_EPS":-0.542,"OPERATE_INCOME":79261000000,"OPERATE_INCOME_YOY":-7.7781397622,"GROSS_PROFIT":-2812000000,"GROSS_PROFIT_YOY":-1184.01826484018,"HOLDER_PROFIT":-5084000000,"HOLDER_PROFIT_YOY":-140.6057737814,"GROSS_PROFIT_RATIO":-3.547772548921,"EPS_TTM":-0.663725209751,"OPERATE_INCOME_QOQ":-1.898350538187,"NET_PROFIT_RATIO":-6.3814486317,"ROE_AVG":-9.74011667449,"GROSS_PROFIT_QOQ":-108.672448298866,"ROA":-5.177083969777,"HOLDER_PROFIT_QOQ":-35.332464146023,"ROE_YEARLY":-12.986822232653,"ROIC_YEARLY":-5.404572200046,"TOTAL_ASSETS":98898000000,"TOTAL_LIABILITIES":48273000000,"TAX_EBT":-1.200480192077,"OCF_SALES":-0.394897869065,"TOTAL_PARENT_EQUITY":49632000000,"DEBT_ASSET_RATIO":48.8108960747,"OPERATE_PROFIT":-4818000000,"PRETAX_PROFIT":-4998000000,"NETCASH_OPERATE":-313000000,"NETCASH_INVEST":-2241000000,"NETCASH_FINANCE":2346000000,"END_CASH":3111000000,"DIVI_RATIO":null,"DIVIDEND_RATE":null,"CURRENT_RATIO":0.709696486855,"COMMON_ACS":null,"CURRENTDEBT_DEBT":80.606135935202,"ISSUED_COMMON_SHARES":9383401306,"HK_COMMON_SHARES":1411540000,"PER_SHARES":2000,"TOTAL_MARKET_CAP":14356603998.18,"HKSK_MARKET_CAP":2159656200,"PE_TTM":-2.071942513556,"PB_TTM":0.260852714368,"REPORT_DATE_SQ":"2023-09-30 00:00:00","REPORT_TYPE_SQ":"2023年三季报","OPERATE_INCOME_SQ":85946000000,"DPS_HKD":null,"OPERATE_INCOME_QOQ_SQ":-4.258254391612,"NET_PROFIT_RATIO_SQ":-2.4843394077,"HOLDER_PROFIT_SQ":-2113000000,"HOLDER_PROFIT_QOQ_SQ":25.946317962836,"ROE_AVG_SQ":-3.709029689774,"PE_TTM_SQ":-5.36539747586,"PB_TTM_SQ":0.205899562348,"ROA_SQ":-2.185210823768,"START_DATE":"2024-01-01 00:00:00","FISCAL_YEAR":"12-31","CURRENCY":"HKD","IS_CNY_CODE":0,"DPS_HKD_LY":null,"ORG_TYPE":"一般企业","PREMIUM_INCOME":null,"PREMIUM_INCOME_YOY":null,"NET_INTEREST_INCOME":null,"NET_INTEREST_INCOME_YOY":null,"FEE_COMMISSION_INCOME":null,"FEE_COMMISSION_INCOME_YOY":null,"ACCOUNTS_RECE_TDAYS":20.659715886876,"INVENTORY_TDAYS":5.133894223251,"CURRENT_ASSETS_TDAYS":2.880332873029,"TOTAL_ASSETS_TDAYS":0.807122054541,"PREMIUM_EXPENSE":null,"LOAN_DEPOSIT":null,"LOAN_EQUITY":null,"LOAN_ASSETS":null,"DEPOSIT_EQUITY":null,"DEPOSIT_ASSETS":null,"EQUITY_MULTIPLIER":1.953540740739,"EQUITY_RATIO":0.972618471954},{"SECUCODE":"00347.HK","SECURITY_CODE":"00347","SECURITY_NAME_ABBR":"鞍钢股份","ORG_CODE":"10005768","STD_REPORT_DATE":"2024-06-30 00:00:00","REPORT_DATE":"2024-06-30 00:00:00","DATE_TYPE_CODE":"002","REPORT_TYPE":"2024年中报","PER_NETCASH_OPERATE":0.060955778257,"PER_OI":5.908980679304,"BPS":5.546069948721,"BASIC_EPS":-0.287,"DILUTED_EPS":-0.287,"OPERATE_INCOME":55449000000,"OPERATE_INCOME_YOY":-7.6880816422,"GROSS_PROFIT":-1084000000,"GROSS_PROFIT_YOY":-803.333333333333,"HOLDER_PROFIT":-2689000000,"HOLDER_PROFIT_YOY":-100.0744047619,"GROSS_PROFIT_RATIO":-1.95494959332,"EPS_TTM":-0.490416943248,"OPERATE_INCOME_QOQ":-1.015445314134,"NET_PROFIT_RATIO":-4.820645999,"ROE_AVG":-5.03548622685,"GROSS_PROFIT_QOQ":25.534028812717,"ROA":-2.76919591366,"HOLDER_PROFIT_QOQ":3.420776495278,"ROE_YEARLY":-10.070972453699,"ROIC_YEARLY":-5.783199901068,"TOTAL_ASSETS":96702000000,"TOTAL_LIABILITIES":43658000000,"TAX_EBT":-1.906214258483,"OCF_SALES":1.031578567693,"TOTAL_PARENT_EQUITY":52041000000,"DEBT_ASSET_RATIO":45.1469462886,"OPERATE_PROFIT":-2503000000,"PRETAX_PROFIT":-2623000000,"NETCASH_OPERATE":572000000,"NETCASH_INVEST":-1212000000,"NETCASH_FINANCE":376000000,"END_CASH":3055000000,"DIVI_RATIO":null,"DIVIDEND_RATE":null,"CURRENT_RATIO":0.724101045009,"COMMON_ACS":null,"CURRENTDEBT_DEBT":83.510467726419,"ISSUED_COMMON_SHARES":9383401306,"HK_COMMON_SHARES":1411540000,"PER_SHARES":2000,"TOTAL_MARKET_CAP":15107276102.66,"HKSK_MARKET_CAP":2272579400,"PE_TTM":-2.18027937701,"PB_TTM":0.274492071982,"REPORT_DATE_SQ":"2023-06-30 00:00:00","REPORT_TYPE_SQ":"2023年中报","OPERATE_INCOME_SQ":60067000000,"DPS_HKD":null,"OPERATE_INCOME_QOQ_SQ":-5.816251801337,"NET_PROFIT_RATIO_SQ":-2.2694432639,"HOLDER_PROFIT_SQ":-1344000000,"HOLDER_PROFIT_QOQ_SQ":-97.016949152542,"ROE_AVG_SQ":-2.344294273373,"PE_TTM_SQ":-5.975913728085,"PB_TTM_SQ":0.229328400511,"ROA_SQ":-1.397069889822,"START_DATE":"2024-01-01 00:00:00","FISCAL_YEAR":"12-31","CURRENCY":"HKD","IS_CNY_CODE":0,"DPS_HKD_LY":null,"ORG_TYPE":"一般企业","PREMIUM_INCOME":null,"PREMIUM_INCOME_YOY":null,"NET_INTEREST_INCOME":null,"NET_INTEREST_INCOME_YOY":null,"FEE_COMMISSION_INCOME":null,"FEE_COMMISSION_INCOME_YOY":null,"ACCOUNTS_RECE_TDAYS":16.308529411765,"INVENTORY_TDAYS":3.635328917754,"CURRENT_ASSETS_TDAYS":2.060496832092,"TOTAL_ASSETS_TDAYS":0.571026940188,"PREMIUM_EXPENSE":null,"LOAN_DEPOSIT":null,"LOAN_EQUITY":null,"LOAN_ASSETS":null,"DEPOSIT_EQUITY":null,"DEPOSIT_ASSETS":null,"EQUITY_MULTIPLIER":1.823052560139,"EQUITY_RATIO":0.838915470494},{"SECUCODE":"00347.HK","SECURITY_CODE":"00347","SECURITY_NAME_ABBR":"鞍钢股份","ORG_CODE":"10005768","STD_REPORT_DATE":"2024-03-31 00:00:00","REPORT_DATE":"2024-03-31 00:00:00","DATE_TYPE_CODE":"003","REPORT_TYPE":"2024年一季报","PER_NETCASH_OPERATE":0.080031100474,"PER_OI":2.91383539314,"BPS":5.653493682091,"BASIC_EPS":-0.177,"DILUTED_EPS":-0.177,"OPERATE_INCOME":27343000000,"OPERATE_INCOME_YOY":-11.3506678771,"GROSS_PROFIT":-944000000,"GROSS_PROFIT_YOY":-276.779026217228,"HOLDER_PROFIT":-1657000000,"HOLDER_PROFIT_YOY":-1012.0805369128,"GROSS_PROFIT_RATIO":-3.452437552573,"EPS_TTM":-0.50778720873,"OPERATE_INCOME_QOQ":-3.084527144896,"NET_PROFIT_RATIO":-6.0344512307,"ROE_AVG":-3.073926351915,"GROSS_PROFIT_QOQ":-276.261682242991,"ROA":-1.693001680741,"HOLDER_PROFIT_QOQ":-46.300276327909,"ROE_YEARLY":-12.295705407662,"ROIC_YEARLY":-7.059437524297,"TOTAL_ASSETS":98241000000,"TOTAL_LIABILITIES":44497000000,"TAX_EBT":-1.538461538462,"OCF_SALES":2.746589620744,"TOTAL_PARENT_EQUITY":53049000000,"DEBT_ASSET_RATIO":45.2937164728,"OPERATE_PROFIT":-1569000000,"PRETAX_PROFIT":-1625000000,"NETCASH_OPERATE":751000000,"NETCASH_INVEST":-776000000,"NETCASH_FINANCE":-84000000,"END_CASH":3112000000,"DIVI_RATIO":null,"DIVIDEND_RATE":null,"CURRENT_RATIO":0.742315722705,"COMMON_ACS":null,"CURRENTDEBT_DEBT":85.032698833629,"ISSUED_COMMON_SHARES":9383401306,"HK_COMMON_SHARES":1411540000,"PER_SHARES":2000,"TOTAL_MARKET_CAP":15107276102.66,"HKSK_MARKET_CAP":2272579400,"PE_TTM":-2.18027937701,"PB_TTM":0.274492071982,"REPORT_DATE_SQ":"2023-03-31 00:00:00","REPORT_TYPE_SQ":"2023年一季报","OPERATE_INCOME_SQ":30844000000,"DPS_HKD":null,"OPERATE_INCOME_QOQ_SQ":-3.115081787109,"NET_PROFIT_RATIO_SQ":-0.4701076384,"HOLDER_PROFIT_SQ":-149000000,"HOLDER_PROFIT_QOQ_SQ":-1045.51282051282,"ROE_AVG_SQ":-0.256838984366,"PE_TTM_SQ":-5.975913728085,"PB_TTM_SQ":0.229328400511,"ROA_SQ":-0.15148819358,"START_DATE":"2024-01-01 00:00:00","FISCAL_YEAR":"12-31","CURRENCY":"HKD","IS_CNY_CODE":0,"DPS_HKD_LY":null,"ORG_TYPE":"一般企业","PREMIUM_INCOME":null,"PREMIUM_INCOME_YOY":null,"NET_INTEREST_INCOME":null,"NET_INTEREST_INCOME_YOY":null,"FEE_COMMISSION_INCOME":null,"FEE_COMMISSION_INCOME_YOY":null,"ACCOUNTS_RECE_TDAYS":7.04807320531,"INVENTORY_TDAYS":1.763638630837,"CURRENT_ASSETS_TDAYS":0.985191323773,"TOTAL_ASSETS_TDAYS":0.279370820498,"PREMIUM_EXPENSE":null,"LOAN_DEPOSIT":null,"LOAN_EQUITY":null,"LOAN_ASSETS":null,"DEPOSIT_EQUITY":null,"DEPOSIT_ASSETS":null,"EQUITY_MULTIPLIER":1.827943584402,"EQUITY_RATIO":0.838790552131},{"SECUCODE":"00347.HK","SECURITY_CODE":"00347","SECURITY_NAME_ABBR":"鞍钢股份","ORG_CODE":"10005768","STD_REPORT_DATE":"2023-12-31 00:00:00","REPORT_DATE":"2023-12-31 00:00:00","DATE_TYPE_CODE":"001","REPORT_TYPE":"2023年年报","PER_NETCASH_OPERATE":0.168267786482,"PER_OI":12.095459342142,"BPS":5.835943514958,"BASIC_EPS":-0.347,"DILUTED_EPS":-0.347,"OPERATE_INCOME":113502000000,"OPERATE_INCOME_YOY":-13.4048461914,"GROSS_PROFIT":-535000000,"GROSS_PROFIT_YOY":-117.540983606557,"HOLDER_PROFIT":-3257000000,"HOLDER_PROFIT_YOY":-3115.7407407407,"GROSS_PROFIT_RATIO":-0.47135733291,"EPS_TTM":-0.347085611508,"OPERATE_INCOME_QOQ":-0.880272465287,"NET_PROFIT_RATIO":-2.8395975401,"ROE_AVG":-5.776512632242,"GROSS_PROFIT_QOQ":-266.149068322981,"ROA":-3.350116487778,"HOLDER_PROFIT_QOQ":-51.347583643123,"ROE_YEARLY":-5.776512632242,"ROIC_YEARLY":-3.530087574785,"TOTAL_ASSETS":97506000000,"TOTAL_LIABILITIES":41901000000,"TAX_EBT":22.187349106712,"OCF_SALES":1.391164913394,"TOTAL_PARENT_EQUITY":54761000000,"DEBT_ASSET_RATIO":42.9727401391,"OPERATE_PROFIT":-3884000000,"PRETAX_PROFIT":-4142000000,"NETCASH_OPERATE":1579000000,"NETCASH_INVEST":-2950000000,"NETCASH_FINANCE":-534000000,"END_CASH":3221000000,"DIVI_RATIO":null,"DIVIDEND_RATE":null,"CURRENT_RATIO":0.773926787277,"COMMON_ACS":null,"CURRENTDEBT_DEBT":84.558841077779,"ISSUED_COMMON_SHARES":9383401306,"HK_COMMON_SHARES":1411540000,"PER_SHARES":2000,"TOTAL_MARKET_CAP":13324429854.52,"HKSK_MARKET_CAP":2004386800,"PE_TTM":-1.922979326307,"PB_TTM":0.242098597649,"REPORT_DATE_SQ":"2022-12-31 00:00:00","REPORT_TYPE_SQ":"2022年年报","OPERATE_INCOME_SQ":131072000000,"DPS_HKD":null,"OPERATE_INCOME_QOQ_SQ":1.275681689988,"NET_PROFIT_RATIO_SQ":0.1419067383,"HOLDER_PROFIT_SQ":108000000,"HOLDER_PROFIT_QOQ_SQ":137.231503579952,"ROE_AVG_SQ":0.262513567408,"PE_TTM_SQ":-5.565598874213,"PB_TTM_SQ":0.213582381839,"ROA_SQ":0.160443482241,"START_DATE":"2023-01-01 00:00:00","FISCAL_YEAR":"12-31","CURRENCY":"HKD","IS_CNY_CODE":0,"DPS_HKD_LY":0.0076,"ORG_TYPE":"一般企业","PREMIUM_INCOME":null,"PREMIUM_INCOME_YOY":null,"NET_INTEREST_INCOME":null,"NET_INTEREST_INCOME_YOY":null,"FEE_COMMISSION_INCOME":null,"FEE_COMMISSION_INCOME_YOY":null,"ACCOUNTS_RECE_TDAYS":27.169838420108,"INVENTORY_TDAYS":7.555621811436,"CURRENT_ASSETS_TDAYS":4.006919315835,"TOTAL_ASSETS_TDAYS":1.167469823751,"PREMIUM_EXPENSE":null,"LOAN_DEPOSIT":null,"LOAN_EQUITY":null,"LOAN_ASSETS":null,"DEPOSIT_EQUITY":null,"DEPOSIT_ASSETS":null,"EQUITY_MULTIPLIER":1.753547342866,"EQUITY_RATIO":0.765161337448},{"SECUCODE":"00347.HK","SECURITY_CODE":"00347","SECURITY_NAME_ABBR":"鞍钢股份","ORG_CODE":"10005768","STD_REPORT_DATE":"2023-09-30 00:00:00","REPORT_DATE":"2023-09-30 00:00:00","DATE_TYPE_CODE":"004","REPORT_TYPE":"2023年三季报","PER_NETCASH_OPERATE":0.295123885489,"PER_OI":9.143733764329,"BPS":5.972248033788,"BASIC_EPS":-0.225,"DILUTED_EPS":-0.225,"OPERATE_INCOME":85946000000,"OPERATE_INCOME_YOY":-16.4224095191,"GROSS_PROFIT":-219000000,"GROSS_PROFIT_YOY":-108.827085852479,"HOLDER_PROFIT":-2113000000,"HOLDER_PROFIT_YOY":-1195.8549222798,"GROSS_PROFIT_RATIO":-0.293042900532,"EPS_TTM":-0.228949748224,"OPERATE_INCOME_QOQ":-4.258254391612,"NET_PROFIT_RATIO":-2.4843394077,"ROE_AVG":-3.709029689774,"GROSS_PROFIT_QOQ":141.709844559586,"ROA":-2.185210823768,"HOLDER_PROFIT_QOQ":25.946317962836,"ROE_YEARLY":-4.945372919699,"ROIC_YEARLY":-2.311260702558,"TOTAL_ASSETS":96639000000,"TOTAL_LIABILITIES":39905000000,"TAX_EBT":26.944639103013,"OCF_SALES":3.291097190585,"TOTAL_PARENT_EQUITY":56040000000,"DEBT_ASSET_RATIO":41.292852782,"OPERATE_PROFIT":-2632000000,"PRETAX_PROFIT":-2854000000,"NETCASH_OPERATE":2879000000,"NETCASH_INVEST":-2023000000,"NETCASH_FINANCE":-1781000000,"END_CASH":4342000000,"DIVI_RATIO":null,"DIVIDEND_RATE":null,"CURRENT_RATIO":0.789560752995,"COMMON_ACS":null,"CURRENTDEBT_DEBT":87.858664327779,"ISSUED_COMMON_SHARES":9383401306,"HK_COMMON_SHARES":1411540000,"PER_SHARES":2000,"TOTAL_MARKET_CAP":15107276102.66,"HKSK_MARKET_CAP":2272579400,"PE_TTM":-2.18027937701,"PB_TTM":0.274492071982,"REPORT_DATE_SQ":"2022-09-30 00:00:00","REPORT_TYPE_SQ":"2022年三季报","OPERATE_INCOME_SQ":100850000000,"DPS_HKD":null,"OPERATE_INCOME_QOQ_SQ":-3.891252849749,"NET_PROFIT_RATIO_SQ":0.2121963312,"HOLDER_PROFIT_SQ":193000000,"HOLDER_PROFIT_QOQ_SQ":-112.212183037015,"ROE_AVG_SQ":0.324645287177,"PE_TTM_SQ":-5.975913728085,"PB_TTM_SQ":0.229328400511,"ROA_SQ":0.200760392991,"START_DATE":"2023-01-01 00:00:00","FISCAL_YEAR":"12-31","CURRENCY":"HKD","IS_CNY_CODE":0,"DPS_HKD_LY":0.0076,"ORG_TYPE":"一般企业","PREMIUM_INCOME":null,"PREMIUM_INCOME_YOY":null,"NET_INTEREST_INCOME":null,"NET_INTEREST_INCOME_YOY":null,"FEE_COMMISSION_INCOME":null,"FEE_COMMISSION_INCOME_YOY":null,"ACCOUNTS_RECE_TDAYS":17.648049281314,"INVENTORY_TDAYS":6.24220047997,"CURRENT_ASSETS_TDAYS":2.961942580033,"TOTAL_ASSETS_TDAYS":0.870860756093,"PREMIUM_EXPENSE":null,"LOAN_DEPOSIT":null,"LOAN_EQUITY":null,"LOAN_ASSETS":null,"DEPOSIT_EQUITY":null,"DEPOSIT_ASSETS":null,"EQUITY_MULTIPLIER":1.70337011316,"EQUITY_RATIO":0.712080656674},{"SECUCODE":"00347.HK","SECURITY_CODE":"00347","SECURITY_NAME_ABBR":"鞍钢股份","ORG_CODE":"10005768","STD_REPORT_DATE":"2023-06-30 00:00:00","REPORT_DATE":"2023-06-30 00:00:00","DATE_TYPE_CODE":"002","REPORT_TYPE":"2023年中报","PER_NETCASH_OPERATE":0.256888124781,"PER_OI":6.389440576082,"BPS":6.056012968737,"BASIC_EPS":-0.143,"DILUTED_EPS":-0.143,"OPERATE_INCOME":60067000000,"OPERATE_INCOME_YOY":-16.3157595243,"GROSS_PROFIT":-120000000,"GROSS_PROFIT_YOY":-103.259983700081,"HOLDER_PROFIT":-1344000000,"HOLDER_PROFIT_YOY":-178.4382284382,"GROSS_PROFIT_RATIO":-0.23969400765,"EPS_TTM":-0.309116724892,"OPERATE_INCOME_QOQ":-5.816251801337,"NET_PROFIT_RATIO":-2.2694432639,"ROE_AVG":-2.344294273373,"GROSS_PROFIT_QOQ":-173.52380952381,"ROA":-1.397069889822,"HOLDER_PROFIT_QOQ":-97.016949152542,"ROE_YEARLY":-4.688588546747,"ROIC_YEARLY":-2.949409734586,"TOTAL_ASSETS":95754000000,"TOTAL_LIABILITIES":38256000000,"TAX_EBT":24.588302101079,"OCF_SALES":4.105397365066,"TOTAL_PARENT_EQUITY":56826000000,"DEBT_ASSET_RATIO":39.9523779685,"OPERATE_PROFIT":-1605000000,"PRETAX_PROFIT":-1761000000,"NETCASH_OPERATE":2515000000,"NETCASH_INVEST":-1414000000,"NETCASH_FINANCE":-2406000000,"END_CASH":3962000000,"DIVI_RATIO":null,"DIVIDEND_RATE":null,"CURRENT_RATIO":0.818855338115,"COMMON_ACS":null,"CURRENTDEBT_DEBT":88.558657465496,"ISSUED_COMMON_SHARES":9383401306,"HK_COMMON_SHARES":1411540000,"PER_SHARES":2000,"TOTAL_MARKET_CAP":15107276102.66,"HKSK_MARKET_CAP":2272579400,"PE_TTM":-2.18027937701,"PB_TTM":0.274492071982,"REPORT_DATE_SQ":"2022-06-30 00:00:00","REPORT_TYPE_SQ":"2022年中报","OPERATE_INCOME_SQ":70294000000,"DPS_HKD":null,"OPERATE_INCOME_QOQ_SQ":-3.664940193441,"NET_PROFIT_RATIO_SQ":2.4625145816,"HOLDER_PROFIT_SQ":1716000000,"HOLDER_PROFIT_QOQ_SQ":-50.325756478934,"ROE_AVG_SQ":2.84978825874,"PE_TTM_SQ":-5.975913728085,"PB_TTM_SQ":0.229328400511,"ROA_SQ":1.771144586707,"START_DATE":"2023-01-01 00:00:00","FISCAL_YEAR":"12-31","CURRENCY":"HKD","IS_CNY_CODE":0,"DPS_HKD_LY":0.0076,"ORG_TYPE":"一般企业","PREMIUM_INCOME":null,"PREMIUM_INCOME_YOY":null,"NET_INTEREST_INCOME":null,"NET_INTEREST_INCOME_YOY":null,"FEE_COMMISSION_INCOME":null,"FEE_COMMISSION_INCOME_YOY":null,"ACCOUNTS_RECE_TDAYS":11.754794520548,"INVENTORY_TDAYS":4.273363046708,"CURRENT_ASSETS_TDAYS":2.064977007056,"TOTAL_ASSETS_TDAYS":0.610569363067,"PREMIUM_EXPENSE":null,"LOAN_DEPOSIT":null,"LOAN_EQUITY":null,"LOAN_ASSETS":null,"DEPOSIT_EQUITY":null,"DEPOSIT_ASSETS":null,"EQUITY_MULTIPLIER":1.66534488156,"EQUITY_RATIO":0.673212965896},{"SECUCODE":"00347.HK","SECURITY_CODE":"00347","SECURITY_NAME_ABBR":"鞍钢股份","ORG_CODE":"10005768","STD_REPORT_DATE":"2023-03-31 00:00:00","REPORT_DATE":"2023-03-31 00:00:00","DATE_TYPE_CODE":"003","REPORT_TYPE":"2023年一季报","PER_NETCASH_OPERATE":0.27188656188,"PER_OI":3.280934708387,"BPS":6.183258938622,"BASIC_EPS":-0.016,"DILUTED_EPS":-0.017,"OPERATE_INCOME":30844000000,"OPERATE_INCOME_YOY":-11.690096487,"GROSS_PROFIT":534000000,"GROSS_PROFIT_YOY":-78.926598263615,"HOLDER_PROFIT":-149000000,"HOLDER_PROFIT_YOY":-110.0539811066,"GROSS_PROFIT_RATIO":1.731292958112,"EPS_TTM":-0.156898544121,"OPERATE_INCOME_QOQ":-3.115081787109,"NET_PROFIT_RATIO":-0.4701076384,"ROE_AVG":-0.256838984366,"GROSS_PROFIT_QOQ":-65.573770491803,"ROA":-0.15148819358,"HOLDER_PROFIT_QOQ":-1045.51282051282,"ROE_YEARLY":-1.027355937462,"ROIC_YEARLY":-0.648601588856,"TOTAL_ASSETS":99780000000,"TOTAL_LIABILITIES":41098000000,"TAX_EBT":21.621621621622,"OCF_SALES":8.286862923097,"TOTAL_PARENT_EQUITY":58020000000,"DEBT_ASSET_RATIO":41.1886149529,"OPERATE_PROFIT":-113000000,"PRETAX_PROFIT":-185000000,"NETCASH_OPERATE":2556000000,"NETCASH_INVEST":-876000000,"NETCASH_FINANCE":-250000000,"END_CASH":6523000000,"DIVI_RATIO":null,"DIVIDEND_RATE":null,"CURRENT_RATIO":0.844595305757,"COMMON_ACS":null,"CURRENTDEBT_DEBT":92.471653121806,"ISSUED_COMMON_SHARES":9383401306,"HK_COMMON_SHARES":1411540000,"PER_SHARES":2000,"TOTAL_MARKET_CAP":15107276102.66,"HKSK_MARKET_CAP":2272579400,"PE_TTM":-2.18027937701,"PB_TTM":0.274492071982,"REPORT_DATE_SQ":"2022-03-31 00:00:00","REPORT_TYPE_SQ":"2022年一季报","OPERATE_INCOME_SQ":34927000000,"DPS_HKD":null,"OPERATE_INCOME_QOQ_SQ":2.27548765676,"NET_PROFIT_RATIO_SQ":4.26031437,"HOLDER_PROFIT_SQ":1482000000,"HOLDER_PROFIT_QOQ_SQ":-0.259927797834,"ROE_AVG_SQ":2.433417621753,"PE_TTM_SQ":-5.975913728085,"PB_TTM_SQ":0.229328400511,"ROA_SQ":1.491973845155,"START_DATE":"2023-01-01 00:00:00","FISCAL_YEAR":"12-31","CURRENCY":"HKD","IS_CNY_CODE":0,"DPS_HKD_LY":0.0076,"ORG_TYPE":"一般企业","PREMIUM_INCOME":null,"PREMIUM_INCOME_YOY":null,"NET_INTEREST_INCOME":null,"NET_INTEREST_INCOME_YOY":null,"FEE_COMMISSION_INCOME":null,"FEE_COMMISSION_INCOME_YOY":null,"ACCOUNTS_RECE_TDAYS":6.071653543307,"INVENTORY_TDAYS":2.166083041521,"CURRENT_ASSETS_TDAYS":1.005837273765,"TOTAL_ASSETS_TDAYS":0.313590727703,"PREMIUM_EXPENSE":null,"LOAN_DEPOSIT":null,"LOAN_EQUITY":null,"LOAN_ASSETS":null,"DEPOSIT_EQUITY":null,"DEPOSIT_ASSETS":null,"EQUITY_MULTIPLIER":1.700351044613,"EQUITY_RATIO":0.708341951051},{"SECUCODE":"00347.HK","SECURITY_CODE":"00347","SECURITY_NAME_ABBR":"鞍钢股份","ORG_CODE":"10005768","STD_REPORT_DATE":"2022-12-31 00:00:00","REPORT_DATE":"2022-12-31 00:00:00","DATE_TYPE_CODE":"001","REPORT_TYPE":"2022年年报","PER_NETCASH_OPERATE":0.652875321498,"PER_OI":13.939350731292,"BPS":6.196047478309,"BASIC_EPS":0.011,"DILUTED_EPS":0.011,"OPERATE_INCOME":131072000000,"OPERATE_INCOME_YOY":-3.7084925066,"GROSS_PROFIT":3050000000,"GROSS_PROFIT_YOY":-77.115846338535,"HOLDER_PROFIT":108000000,"HOLDER_PROFIT_YOY":-97.7599080988,"GROSS_PROFIT_RATIO":2.326965332031,"EPS_TTM":0.016590413773,"OPERATE_INCOME_QOQ":1.275681689988,"NET_PROFIT_RATIO":0.1419067383,"ROE_AVG":0.262513567408,"GROSS_PROFIT_QOQ":-2.306213965407,"ROA":0.160443482241,"HOLDER_PROFIT_QOQ":137.231503579952,"ROE_YEARLY":0.262513567408,"ROIC_YEARLY":0.170669934194,"TOTAL_ASSETS":96991000000,"TOTAL_LIABILITIES":38328000000,"TAX_EBT":151.301115241636,"OCF_SALES":4.683685302734,"TOTAL_PARENT_EQUITY":58006000000,"DEBT_ASSET_RATIO":39.3438902357,"OPERATE_PROFIT":218000000,"PRETAX_PROFIT":-269000000,"NETCASH_OPERATE":6139000000,"NETCASH_INVEST":-3969000000,"NETCASH_FINANCE":-2475000000,"END_CASH":5093000000,"DIVI_RATIO":null,"DIVIDEND_RATE":null,"CURRENT_RATIO":0.80854124025,"COMMON_ACS":null,"CURRENTDEBT_DEBT":94.327906491338,"ISSUED_COMMON_SHARES":9383401306,"HK_COMMON_SHARES":1411540000,"PER_SHARES":2000,"TOTAL_MARKET_CAP":13324429854.52,"HKSK_MARKET_CAP":2004386800,"PE_TTM":-1.922979326307,"PB_TTM":0.242098597649,"REPORT_DATE_SQ":"2021-12-31 00:00:00","REPORT_TYPE_SQ":"2021年年报","OPERATE_INCOME_SQ":136120000000,"DPS_HKD":null,"OPERATE_INCOME_QOQ_SQ":-1.153548517744,"NET_PROFIT_RATIO_SQ":5.0916780075,"HOLDER_PROFIT_SQ":6964000000,"HOLDER_PROFIT_QOQ_SQ":-14.947187423238,"ROE_AVG_SQ":12.253275650043,"PE_TTM_SQ":-5.565598874213,"PB_TTM_SQ":0.213582381839,"ROA_SQ":7.463410428297,"START_DATE":"2022-01-01 00:00:00","FISCAL_YEAR":"12-31","CURRENCY":"HKD","IS_CNY_CODE":0,"DPS_HKD_LY":0.259,"ORG_TYPE":"一般企业","PREMIUM_INCOME":null,"PREMIUM_INCOME_YOY":null,"NET_INTEREST_INCOME":null,"NET_INTEREST_INCOME_YOY":null,"FEE_COMMISSION_INCOME":null,"FEE_COMMISSION_INCOME_YOY":null,"ACCOUNTS_RECE_TDAYS":30.488950918818,"INVENTORY_TDAYS":7.867625368732,"CURRENT_ASSETS_TDAYS":4.251788176141,"TOTAL_ASSETS_TDAYS":1.348054365657,"PREMIUM_EXPENSE":null,"LOAN_DEPOSIT":null,"LOAN_EQUITY":null,"LOAN_ASSETS":null,"DEPOSIT_EQUITY":null,"DEPOSIT_ASSETS":null,"EQUITY_MULTIPLIER":1.648638535979,"EQUITY_RATIO":0.660759231804},{"SECUCODE":"00347.HK","SECURITY_CODE":"00347","SECURITY_NAME_ABBR":"鞍钢股份","ORG_CODE":"10005768","STD_REPORT_DATE":"2022-09-30 00:00:00","REPORT_DATE":"2022-09-30 00:00:00","DATE_TYPE_CODE":"004","REPORT_TYPE":"2022年三季报","PER_NETCASH_OPERATE":0.659149901066,"PER_OI":10.725277109152,"BPS":6.201162894183,"BASIC_EPS":0.021,"DILUTED_EPS":0.021,"OPERATE_INCOME":100850000000,"OPERATE_INCOME_YOY":-6.7093420164,"GROSS_PROFIT":2481000000,"GROSS_PROFIT_YOY":-80.307960949282,"HOLDER_PROFIT":193000000,"HOLDER_PROFIT_YOY":-97.439299456,"GROSS_PROFIT_RATIO":2.460089241448,"EPS_TTM":-0.044560149814,"OPERATE_INCOME_QOQ":-3.891252849749,"NET_PROFIT_RATIO":0.2121963312,"ROE_AVG":0.324645287177,"GROSS_PROFIT_QOQ":-61.805725471006,"ROA":0.200760392991,"HOLDER_PROFIT_QOQ":-112.212183037015,"ROE_YEARLY":0.432860382902,"ROIC_YEARLY":0.214920852334,"TOTAL_ASSETS":94743000000,"TOTAL_LIABILITIES":35951000000,"TAX_EBT":-239.68253968254,"OCF_SALES":6.145761031235,"TOTAL_PARENT_EQUITY":58188000000,"DEBT_ASSET_RATIO":37.9458113,"OPERATE_PROFIT":506000000,"PRETAX_PROFIT":63000000,"NETCASH_OPERATE":6198000000,"NETCASH_INVEST":-3000000000,"NETCASH_FINANCE":-2434000000,"END_CASH":6162000000,"DIVI_RATIO":null,"DIVIDEND_RATE":null,"CURRENT_RATIO":0.843924125667,"COMMON_ACS":null,"CURRENTDEBT_DEBT":93.849962448889,"ISSUED_COMMON_SHARES":9383401306,"HK_COMMON_SHARES":1411540000,"PER_SHARES":2000,"TOTAL_MARKET_CAP":15107276102.66,"HKSK_MARKET_CAP":2272579400,"PE_TTM":-2.18027937701,"PB_TTM":0.274492071982,"REPORT_DATE_SQ":"2021-09-30 00:00:00","REPORT_TYPE_SQ":"2021年三季报","OPERATE_INCOME_SQ":108103000000,"DPS_HKD":null,"OPERATE_INCOME_QOQ_SQ":7.348374274091,"NET_PROFIT_RATIO_SQ":6.9220634438,"HOLDER_PROFIT_SQ":7537000000,"HOLDER_PROFIT_QOQ_SQ":22.233898813992,"ROE_AVG_SQ":13.192640025367,"PE_TTM_SQ":-5.975913728085,"PB_TTM_SQ":0.229328400511,"ROA_SQ":8.303121015577,"START_DATE":"2022-01-01 00:00:00","FISCAL_YEAR":"12-31","CURRENCY":"HKD","IS_CNY_CODE":0,"DPS_HKD_LY":0.259,"ORG_TYPE":"一般企业","PREMIUM_INCOME":null,"PREMIUM_INCOME_YOY":null,"NET_INTEREST_INCOME":null,"NET_INTEREST_INCOME_YOY":null,"FEE_COMMISSION_INCOME":null,"FEE_COMMISSION_INCOME_YOY":null,"ACCOUNTS_RECE_TDAYS":23.793794974637,"INVENTORY_TDAYS":6.280943715481,"CURRENT_ASSETS_TDAYS":3.312150023811,"TOTAL_ASSETS_TDAYS":1.049051069075,"PREMIUM_EXPENSE":null,"LOAN_DEPOSIT":null,"LOAN_EQUITY":null,"LOAN_ASSETS":null,"DEPOSIT_EQUITY":null,"DEPOSIT_ASSETS":null,"EQUITY_MULTIPLIER":1.611494761191,"EQUITY_RATIO":0.61784216677}],"count":79},"success":true,"message":"ok","code":0}