{"version":"2dc614cd3bf6feabe6bfb1edce25ac13","result":{"pages":6,"data":[{"SECUCODE":"00343.HK","SECURITY_CODE":"00343","SECURITY_NAME_ABBR":"文化传信","ORG_CODE":"10008843","STD_REPORT_DATE":"2024-06-30 00:00:00","REPORT_DATE":"2024-09-30 00:00:00","DATE_TYPE_CODE":"002","REPORT_TYPE":"2024年中报","PER_NETCASH_OPERATE":-0.004782253387,"PER_OI":0.004211020272,"BPS":0.056185667689,"BASIC_EPS":-0.00631253,"DILUTED_EPS":-0.00631253,"OPERATE_INCOME":7026747.68,"OPERATE_INCOME_YOY":-16.7076429717,"GROSS_PROFIT":3180613.33,"GROSS_PROFIT_YOY":-40.301112262235,"HOLDER_PROFIT":-10265977.36,"HOLDER_PROFIT_YOY":18.2829660469,"GROSS_PROFIT_RATIO":45.264373716632,"EPS_TTM":-0.011290471425,"OPERATE_INCOME_QOQ":0,"NET_PROFIT_RATIO":-149.1273100616,"ROE_AVG":-10.455931518425,"GROSS_PROFIT_QOQ":0,"ROA":-9.425323519428,"HOLDER_PROFIT_QOQ":0,"ROE_YEARLY":-20.911863036849,"ROIC_YEARLY":-24.042746414919,"TOTAL_ASSETS":103958351.2,"TOTAL_LIABILITIES":15339447.9,"TAX_EBT":2.622978295483,"OCF_SALES":-113.565195071869,"TOTAL_PARENT_EQUITY":93754597.35,"DEBT_ASSET_RATIO":14.7553782096,"OPERATE_PROFIT":-10622184.41,"PRETAX_PROFIT":-10761060.07,"NETCASH_OPERATE":-7979939.71,"NETCASH_INVEST":-467127.22,"NETCASH_FINANCE":-5354829.02,"END_CASH":22311186.39,"DIVI_RATIO":null,"DIVIDEND_RATE":null,"CURRENT_RATIO":6.863650884927,"COMMON_ACS":200000000000,"CURRENTDEBT_DEBT":92.010582010582,"ISSUED_COMMON_SHARES":1668656816,"HK_COMMON_SHARES":1668656816,"PER_SHARES":5000,"TOTAL_MARKET_CAP":322050765.488,"HKSK_MARKET_CAP":322050765.488,"PE_TTM":-17.661133286976,"PB_TTM":3.097684465811,"REPORT_DATE_SQ":"2023-06-30 00:00:00","REPORT_TYPE_SQ":"2023年中报","OPERATE_INCOME_SQ":8584428.65,"DPS_HKD":null,"OPERATE_INCOME_QOQ_SQ":0,"NET_PROFIT_RATIO_SQ":-206.4136825227,"HOLDER_PROFIT_SQ":-12783503.53,"HOLDER_PROFIT_QOQ_SQ":0,"ROE_AVG_SQ":-10.854168776832,"PE_TTM_SQ":-13.656301038445,"PB_TTM_SQ":3.502733023835,"ROA_SQ":-9.1186385207,"START_DATE":"2024-04-01 00:00:00","FISCAL_YEAR":"3-31","CURRENCY":"HKD","IS_CNY_CODE":0,"DPS_HKD_LY":null,"ORG_TYPE":"一般企业","PREMIUM_INCOME":null,"PREMIUM_INCOME_YOY":null,"NET_INTEREST_INCOME":null,"NET_INTEREST_INCOME_YOY":null,"FEE_COMMISSION_INCOME":null,"FEE_COMMISSION_INCOME_YOY":null,"ACCOUNTS_RECE_TDAYS":1.918266863614,"INVENTORY_TDAYS":0.133277085091,"CURRENT_ASSETS_TDAYS":0.06882267474,"TOTAL_ASSETS_TDAYS":0.064513458243,"PREMIUM_EXPENSE":null,"LOAN_DEPOSIT":null,"LOAN_EQUITY":null,"LOAN_ASSETS":null,"DEPOSIT_EQUITY":null,"DEPOSIT_ASSETS":null,"EQUITY_MULTIPLIER":1.173094535464,"EQUITY_RATIO":0.163612754292},{"SECUCODE":"00343.HK","SECURITY_CODE":"00343","SECURITY_NAME_ABBR":"文化传信","ORG_CODE":"10008843","STD_REPORT_DATE":"2023-12-31 00:00:00","REPORT_DATE":"2024-03-31 00:00:00","DATE_TYPE_CODE":"001","REPORT_TYPE":"2023年年报","PER_NETCASH_OPERATE":-0.010727088745,"PER_OI":0.010951463911,"BPS":0.061818346266,"BASIC_EPS":-0.0108786,"DILUTED_EPS":-0.0108786,"OPERATE_INCOME":18274234.9,"OPERATE_INCOME_YOY":-34.1241830065,"GROSS_PROFIT":8930424.05,"GROSS_PROFIT_YOY":-29.722934548806,"HOLDER_PROFIT":-18839922.1,"HOLDER_PROFIT_YOY":44.1689278134,"GROSS_PROFIT_RATIO":48.868935410259,"EPS_TTM":-0.015887276081,"OPERATE_INCOME_QOQ":0,"NET_PROFIT_RATIO":-103.8247842048,"ROE_AVG":-16.471623265712,"GROSS_PROFIT_QOQ":0,"ROA":-14.392564788011,"HOLDER_PROFIT_QOQ":0,"ROE_YEARLY":-16.471623265712,"ROIC_YEARLY":-22.428111223229,"TOTAL_ASSETS":114480947.1,"TOTAL_LIABILITIES":15957999.65,"TAX_EBT":-0.581507112649,"OCF_SALES":-97.951185633495,"TOTAL_PARENT_EQUITY":103153604.85,"DEBT_ASSET_RATIO":13.9394371328,"OPERATE_PROFIT":-18451012.15,"PRETAX_PROFIT":-18863492.4,"NETCASH_OPERATE":-17899829.75,"NETCASH_INVEST":-3200121.5,"NETCASH_FINANCE":4965174.35,"END_CASH":34655593.4,"DIVI_RATIO":null,"DIVIDEND_RATE":null,"CURRENT_RATIO":6.761006646594,"COMMON_ACS":200000000000,"CURRENTDEBT_DEBT":100,"ISSUED_COMMON_SHARES":1668656816,"HK_COMMON_SHARES":1668656816,"PER_SHARES":5000,"TOTAL_MARKET_CAP":280334345.088,"HKSK_MARKET_CAP":280334345.088,"PE_TTM":-15.373421721305,"PB_TTM":2.696430001327,"REPORT_DATE_SQ":"2022-12-31 00:00:00","REPORT_TYPE_SQ":"2022年年报","OPERATE_INCOME_SQ":26787546,"DPS_HKD":null,"OPERATE_INCOME_QOQ_SQ":0,"NET_PROFIT_RATIO_SQ":-126.3235294118,"HOLDER_PROFIT_SQ":-32585386.43,"HOLDER_PROFIT_QOQ_SQ":0,"ROE_AVG_SQ":-23.163757428669,"PE_TTM_SQ":-12.327878580448,"PB_TTM_SQ":3.884078957882,"ROA_SQ":-20.201400741889,"START_DATE":"2023-04-01 00:00:00","FISCAL_YEAR":"3-31","CURRENCY":"HKD","IS_CNY_CODE":0,"DPS_HKD_LY":null,"ORG_TYPE":"一般企业","PREMIUM_INCOME":null,"PREMIUM_INCOME_YOY":null,"NET_INTEREST_INCOME":null,"NET_INTEREST_INCOME_YOY":null,"FEE_COMMISSION_INCOME":null,"FEE_COMMISSION_INCOME_YOY":null,"ACCOUNTS_RECE_TDAYS":3.321196144658,"INVENTORY_TDAYS":0.310606174756,"CURRENT_ASSETS_TDAYS":0.150861778639,"TOTAL_ASSETS_TDAYS":0.139604138676,"PREMIUM_EXPENSE":null,"LOAN_DEPOSIT":null,"LOAN_EQUITY":null,"LOAN_ASSETS":null,"DEPOSIT_EQUITY":null,"DEPOSIT_ASSETS":null,"EQUITY_MULTIPLIER":1.161972414174,"EQUITY_RATIO":0.15470132792},{"SECUCODE":"00343.HK","SECURITY_CODE":"00343","SECURITY_NAME_ABBR":"文化传信","ORG_CODE":"10008843","STD_REPORT_DATE":"2023-06-30 00:00:00","REPORT_DATE":"2023-09-30 00:00:00","DATE_TYPE_CODE":"002","REPORT_TYPE":"2023年中报","PER_NETCASH_OPERATE":-0.00727545939,"PER_OI":0.005144514179,"BPS":0.064969907341,"BASIC_EPS":-0.00734104,"DILUTED_EPS":-0.00734104,"OPERATE_INCOME":8584428.65,"OPERATE_INCOME_YOY":-44.91226004,"GROSS_PROFIT":5327759.78,"GROSS_PROFIT_YOY":-21.352837941338,"HOLDER_PROFIT":-12783503.53,"HOLDER_PROFIT_YOY":33.1878566975,"GROSS_PROFIT_RATIO":62.06306787814,"EPS_TTM":-0.019527913779,"OPERATE_INCOME_QOQ":0,"NET_PROFIT_RATIO":-206.4136825227,"ROE_AVG":-10.854168776832,"GROSS_PROFIT_QOQ":0,"ROA":-9.1186385207,"HOLDER_PROFIT_QOQ":0,"ROE_YEARLY":-21.708337553663,"ROIC_YEARLY":-30.843997697383,"TOTAL_ASSETS":131261465.72,"TOTAL_LIABILITIES":18967412.1,"TAX_EBT":-0.74081803005,"OCF_SALES":-141.421699625869,"TOTAL_PARENT_EQUITY":108412478.72,"DEBT_ASSET_RATIO":14.4500992702,"OPERATE_PROFIT":-17318430.99,"PRETAX_PROFIT":-17589131.84,"NETCASH_OPERATE":-12140244.9,"NETCASH_INVEST":89927.74,"NETCASH_FINANCE":4469775.73,"END_CASH":46165047.67,"DIVI_RATIO":null,"DIVIDEND_RATE":null,"CURRENT_RATIO":6.556119980648,"COMMON_ACS":200000000000,"CURRENTDEBT_DEBT":100,"ISSUED_COMMON_SHARES":1668656816,"HK_COMMON_SHARES":1668656816,"PER_SHARES":5000,"TOTAL_MARKET_CAP":280334345.088,"HKSK_MARKET_CAP":280334345.088,"PE_TTM":-15.373421721305,"PB_TTM":2.696430001327,"REPORT_DATE_SQ":"2022-06-30 00:00:00","REPORT_TYPE_SQ":"2022年中报","OPERATE_INCOME_SQ":15359200.08,"DPS_HKD":null,"OPERATE_INCOME_QOQ_SQ":0,"NET_PROFIT_RATIO_SQ":-140.8668001413,"HOLDER_PROFIT_SQ":-18858478.44,"HOLDER_PROFIT_QOQ_SQ":0,"ROE_AVG_SQ":-12.439891655828,"PE_TTM_SQ":-14.592418448338,"PB_TTM_SQ":3.74283972305,"ROA_SQ":-10.80015746237,"START_DATE":"2023-04-01 00:00:00","FISCAL_YEAR":"3-31","CURRENCY":"HKD","IS_CNY_CODE":0,"DPS_HKD_LY":null,"ORG_TYPE":"一般企业","PREMIUM_INCOME":null,"PREMIUM_INCOME_YOY":null,"NET_INTEREST_INCOME":null,"NET_INTEREST_INCOME_YOY":null,"FEE_COMMISSION_INCOME":null,"FEE_COMMISSION_INCOME_YOY":null,"ACCOUNTS_RECE_TDAYS":1.125278162026,"INVENTORY_TDAYS":0.103240633,"CURRENT_ASSETS_TDAYS":0.06594088229,"TOTAL_ASSETS_TDAYS":0.061233840615,"PREMIUM_EXPENSE":null,"LOAN_DEPOSIT":null,"LOAN_EQUITY":null,"LOAN_ASSETS":null,"DEPOSIT_EQUITY":null,"DEPOSIT_ASSETS":null,"EQUITY_MULTIPLIER":1.168908428262,"EQUITY_RATIO":0.174955985915},{"SECUCODE":"00343.HK","SECURITY_CODE":"00343","SECURITY_NAME_ABBR":"文化传信","ORG_CODE":"10008843","STD_REPORT_DATE":"2022-12-31 00:00:00","REPORT_DATE":"2023-03-31 00:00:00","DATE_TYPE_CODE":"001","REPORT_TYPE":"2022年年报","PER_NETCASH_OPERATE":-0.031182337243,"PER_OI":0.016053358452,"BPS":0.072686039656,"BASIC_EPS":-0.01925902,"DILUTED_EPS":-0.01925902,"OPERATE_INCOME":26787546,"OPERATE_INCOME_YOY":-50.9340174778,"GROSS_PROFIT":12707451.56,"GROSS_PROFIT_YOY":-27.986605755697,"HOLDER_PROFIT":-32585386.43,"HOLDER_PROFIT_YOY":-28.6079535639,"GROSS_PROFIT_RATIO":47.437908496732,"EPS_TTM":-0.015298464828,"OPERATE_INCOME_QOQ":0,"NET_PROFIT_RATIO":-126.3235294118,"ROE_AVG":-23.163757428669,"GROSS_PROFIT_QOQ":0,"ROA":-20.201400741889,"HOLDER_PROFIT_QOQ":0,"ROE_YEARLY":-23.163757428669,"ROIC_YEARLY":-46.35751692187,"TOTAL_ASSETS":142259377.46,"TOTAL_LIABILITIES":13223943.46,"TAX_EBT":-0.394774433161,"OCF_SALES":-194.241830065359,"TOTAL_PARENT_EQUITY":121288055.5,"DEBT_ASSET_RATIO":9.2956567757,"OPERATE_PROFIT":-33447665.28,"PRETAX_PROFIT":-33705911.23,"NETCASH_OPERATE":-52032619.58,"NETCASH_INVEST":237236.11,"NETCASH_FINANCE":-5655148.6,"END_CASH":53835088.77,"DIVI_RATIO":null,"DIVIDEND_RATE":null,"CURRENT_RATIO":10.049766085836,"COMMON_ACS":200000000000,"CURRENTDEBT_DEBT":97.636700648749,"ISSUED_COMMON_SHARES":1668656816,"HK_COMMON_SHARES":1668656816,"PER_SHARES":5000,"TOTAL_MARKET_CAP":273659717.824,"HKSK_MARKET_CAP":273659717.824,"PE_TTM":-15.007387870798,"PB_TTM":2.63222928701,"REPORT_DATE_SQ":"2021-12-31 00:00:00","REPORT_TYPE_SQ":"2021年年报","OPERATE_INCOME_SQ":50578638.65,"DPS_HKD":null,"OPERATE_INCOME_QOQ_SQ":0,"NET_PROFIT_RATIO_SQ":-62.8637857773,"HOLDER_PROFIT_SQ":-23473062.43,"HOLDER_PROFIT_QOQ_SQ":0,"ROE_AVG_SQ":-16.627696550139,"PE_TTM_SQ":-12.940446548527,"PB_TTM_SQ":3.319122018554,"ROA_SQ":-12.814263355847,"START_DATE":"2022-04-01 00:00:00","FISCAL_YEAR":"3-31","CURRENCY":"HKD","IS_CNY_CODE":0,"DPS_HKD_LY":null,"ORG_TYPE":"一般企业","PREMIUM_INCOME":null,"PREMIUM_INCOME_YOY":null,"NET_INTEREST_INCOME":null,"NET_INTEREST_INCOME_YOY":null,"FEE_COMMISSION_INCOME":null,"FEE_COMMISSION_INCOME_YOY":null,"ACCOUNTS_RECE_TDAYS":2.234228971963,"INVENTORY_TDAYS":0.45961508237,"CURRENT_ASSETS_TDAYS":0.178489141911,"TOTAL_ASSETS_TDAYS":0.166070134783,"PREMIUM_EXPENSE":null,"LOAN_DEPOSIT":null,"LOAN_EQUITY":null,"LOAN_ASSETS":null,"DEPOSIT_EQUITY":null,"DEPOSIT_ASSETS":null,"EQUITY_MULTIPLIER":1.102483039348,"EQUITY_RATIO":0.109029231324},{"SECUCODE":"00343.HK","SECURITY_CODE":"00343","SECURITY_NAME_ABBR":"文化传信","ORG_CODE":"10008843","STD_REPORT_DATE":"2022-06-30 00:00:00","REPORT_DATE":"2022-09-30 00:00:00","DATE_TYPE_CODE":"002","REPORT_TYPE":"2022年中报","PER_NETCASH_OPERATE":-0.008354104682,"PER_OI":0.009204529016,"BPS":0.082596853588,"BASIC_EPS":-0.01085328,"DILUTED_EPS":-0.01085328,"OPERATE_INCOME":15359200.08,"OPERATE_INCOME_YOY":-62.2404055677,"GROSS_PROFIT":6774255.6,"GROSS_PROFIT_YOY":-35.742600222419,"HOLDER_PROFIT":-18858478.44,"HOLDER_PROFIT_YOY":-3.3711764414,"GROSS_PROFIT_RATIO":44.105523495466,"EPS_TTM":-0.014067040152,"OPERATE_INCOME_QOQ":0,"NET_PROFIT_RATIO":-140.8668001413,"ROE_AVG":-12.439891655828,"GROSS_PROFIT_QOQ":0,"ROA":-10.80015746237,"HOLDER_PROFIT_QOQ":0,"ROE_YEARLY":-24.879783311657,"ROIC_YEARLY":-60.682610245702,"TOTAL_ASSETS":162899592.84,"TOTAL_LIABILITIES":18542828.88,"TAX_EBT":null,"OCF_SALES":-90.760805558827,"TOTAL_PARENT_EQUITY":137825802.72,"DEBT_ASSET_RATIO":11.3829804954,"OPERATE_PROFIT":-21388197.12,"PRETAX_PROFIT":-21636013.68,"NETCASH_OPERATE":-13948273.68,"NETCASH_INVEST":-140188.2,"NETCASH_FINANCE":-4979846.64,"END_CASH":93952322.76,"DIVI_RATIO":null,"DIVIDEND_RATE":null,"CURRENT_RATIO":8.904433808447,"COMMON_ACS":200000000000,"CURRENTDEBT_DEBT":92.737293922544,"ISSUED_COMMON_SHARES":1668656816,"HK_COMMON_SHARES":1668656816,"PER_SHARES":5000,"TOTAL_MARKET_CAP":278665688.272,"HKSK_MARKET_CAP":278665688.272,"PE_TTM":-15.281913258678,"PB_TTM":2.680379822748,"REPORT_DATE_SQ":"2021-06-30 00:00:00","REPORT_TYPE_SQ":"2021年中报","OPERATE_INCOME_SQ":37466040.44,"DPS_HKD":null,"OPERATE_INCOME_QOQ_SQ":0,"NET_PROFIT_RATIO_SQ":-57.0485169209,"HOLDER_PROFIT_SQ":-16803653.26,"HOLDER_PROFIT_QOQ_SQ":0,"ROE_AVG_SQ":-11.42195432011,"PE_TTM_SQ":-12.327878580448,"PB_TTM_SQ":3.884078957882,"ROA_SQ":-8.28564973608,"START_DATE":"2022-04-01 00:00:00","FISCAL_YEAR":"3-31","CURRENCY":"HKD","IS_CNY_CODE":0,"DPS_HKD_LY":null,"ORG_TYPE":"一般企业","PREMIUM_INCOME":null,"PREMIUM_INCOME_YOY":null,"NET_INTEREST_INCOME":null,"NET_INTEREST_INCOME_YOY":null,"FEE_COMMISSION_INCOME":null,"FEE_COMMISSION_INCOME_YOY":null,"ACCOUNTS_RECE_TDAYS":1.006668840215,"INVENTORY_TDAYS":0.26649821015,"CURRENT_ASSETS_TDAYS":0.093319485429,"TOTAL_ASSETS_TDAYS":0.087961380282,"PREMIUM_EXPENSE":null,"LOAN_DEPOSIT":null,"LOAN_EQUITY":null,"LOAN_ASSETS":null,"DEPOSIT_EQUITY":null,"DEPOSIT_ASSETS":null,"EQUITY_MULTIPLIER":1.128451403117,"EQUITY_RATIO":0.13453815261},{"SECUCODE":"00343.HK","SECURITY_CODE":"00343","SECURITY_NAME_ABBR":"文化传信","ORG_CODE":"10008843","STD_REPORT_DATE":"2021-12-31 00:00:00","REPORT_DATE":"2022-03-31 00:00:00","DATE_TYPE_CODE":"001","REPORT_TYPE":"2021年年报","PER_NETCASH_OPERATE":0.001356983592,"PER_OI":0.030310989153,"BPS":0.088864928353,"BASIC_EPS":-0.01459818,"DILUTED_EPS":-0.01459818,"OPERATE_INCOME":50578638.65,"OPERATE_INCOME_YOY":-69.8143800973,"GROSS_PROFIT":17645955.58,"GROSS_PROFIT_YOY":-46.170421771896,"HOLDER_PROFIT":-23473062.43,"HOLDER_PROFIT_YOY":49.392386914,"GROSS_PROFIT_RATIO":34.888158422192,"EPS_TTM":-0.028619800322,"OPERATE_INCOME_QOQ":0,"NET_PROFIT_RATIO":-62.8637857773,"ROE_AVG":-16.627696550139,"GROSS_PROFIT_QOQ":0,"ROA":-12.814263355847,"HOLDER_PROFIT_QOQ":0,"ROE_YEARLY":-16.627696550139,"ROIC_YEARLY":-24.975406865368,"TOTAL_ASSETS":167078603.13,"TOTAL_LIABILITIES":12261660.19,"TAX_EBT":0.932430383585,"OCF_SALES":4.476870039285,"TOTAL_PARENT_EQUITY":148285068.4,"DEBT_ASSET_RATIO":7.3388572566,"OPERATE_PROFIT":-31015455.43,"PRETAX_PROFIT":-32094909.74,"NETCASH_OPERATE":2264339.92,"NETCASH_INVEST":39442660.34,"NETCASH_FINANCE":232759.87,"END_CASH":105047692.27,"DIVI_RATIO":null,"DIVIDEND_RATE":null,"CURRENT_RATIO":12.885020189316,"COMMON_ACS":200000000000,"CURRENTDEBT_DEBT":99.920629671275,"ISSUED_COMMON_SHARES":1668656816,"HK_COMMON_SHARES":1668656816,"PER_SHARES":5000,"TOTAL_MARKET_CAP":273659717.824,"HKSK_MARKET_CAP":273659717.824,"PE_TTM":-15.007387870798,"PB_TTM":2.63222928701,"REPORT_DATE_SQ":"2020-12-31 00:00:00","REPORT_TYPE_SQ":"2020年年报","OPERATE_INCOME_SQ":174618413.9,"DPS_HKD":null,"OPERATE_INCOME_QOQ_SQ":0,"NET_PROFIT_RATIO_SQ":-34.0238619588,"HOLDER_PROFIT_SQ":-48336689.38,"HOLDER_PROFIT_QOQ_SQ":0,"ROE_AVG_SQ":-29.620441320803,"PE_TTM_SQ":-12.940446548527,"PB_TTM_SQ":3.319122018554,"ROA_SQ":-21.48967149822,"START_DATE":"2021-04-01 00:00:00","FISCAL_YEAR":"3-31","CURRENCY":"HKD","IS_CNY_CODE":0,"DPS_HKD_LY":null,"ORG_TYPE":"一般企业","PREMIUM_INCOME":null,"PREMIUM_INCOME_YOY":null,"NET_INTEREST_INCOME":null,"NET_INTEREST_INCOME_YOY":null,"FEE_COMMISSION_INCOME":null,"FEE_COMMISSION_INCOME_YOY":null,"ACCOUNTS_RECE_TDAYS":1.529322331073,"INVENTORY_TDAYS":1.139685658153,"CURRENT_ASSETS_TDAYS":0.292417951597,"TOTAL_ASSETS_TDAYS":0.2761156529,"PREMIUM_EXPENSE":null,"LOAN_DEPOSIT":null,"LOAN_EQUITY":null,"LOAN_ASSETS":null,"DEPOSIT_EQUITY":null,"DEPOSIT_ASSETS":null,"EQUITY_MULTIPLIER":1.079201022557,"EQUITY_RATIO":0.082689783417},{"SECUCODE":"00343.HK","SECURITY_CODE":"00343","SECURITY_NAME_ABBR":"文化传信","ORG_CODE":"10008843","STD_REPORT_DATE":"2021-06-30 00:00:00","REPORT_DATE":"2021-09-30 00:00:00","DATE_TYPE_CODE":"002","REPORT_TYPE":"2021年中报","PER_NETCASH_OPERATE":0.007997822603,"PER_OI":0.022452813593,"BPS":0.093810664913,"BASIC_EPS":-0.00999672,"DILUTED_EPS":-0.00999672,"OPERATE_INCOME":37466040.44,"OPERATE_INCOME_YOY":-43.4829596863,"GROSS_PROFIT":10542374.3,"GROSS_PROFIT_YOY":-42.618033334153,"HOLDER_PROFIT":-16803653.26,"HOLDER_PROFIT_YOY":-1.9612798868,"GROSS_PROFIT_RATIO":28.138480010673,"EPS_TTM":-0.028967423928,"OPERATE_INCOME_QOQ":0,"NET_PROFIT_RATIO":-57.0485169209,"ROE_AVG":-11.42195432011,"GROSS_PROFIT_QOQ":0,"ROA":-8.28564973608,"HOLDER_PROFIT_QOQ":0,"ROE_YEARLY":-22.843908640221,"ROIC_YEARLY":-28.732799635338,"TOTAL_ASSETS":200910746.32,"TOTAL_LIABILITIES":42601855.34,"TAX_EBT":0.062322284112,"OCF_SALES":35.620580780006,"TOTAL_PARENT_EQUITY":156537805.42,"DEBT_ASSET_RATIO":21.2043686663,"OPERATE_PROFIT":-20527431.46,"PRETAX_PROFIT":-21387149.38,"NETCASH_OPERATE":13588041.66,"NETCASH_INVEST":44152.18,"NETCASH_FINANCE":23739710.82,"END_CASH":101281768.68,"DIVI_RATIO":null,"DIVIDEND_RATE":null,"CURRENT_RATIO":4.750605179113,"COMMON_ACS":200000000000,"CURRENTDEBT_DEBT":96.12819961282,"ISSUED_COMMON_SHARES":1668656816,"HK_COMMON_SHARES":1668656816,"PER_SHARES":5000,"TOTAL_MARKET_CAP":278665688.272,"HKSK_MARKET_CAP":278665688.272,"PE_TTM":-15.281913258678,"PB_TTM":2.680379822748,"REPORT_DATE_SQ":"2020-06-30 00:00:00","REPORT_TYPE_SQ":"2020年中报","OPERATE_INCOME_SQ":69925022.72,"DPS_HKD":null,"OPERATE_INCOME_QOQ_SQ":0,"NET_PROFIT_RATIO_SQ":-31.132502262,"HOLDER_PROFIT_SQ":-17383717.76,"HOLDER_PROFIT_QOQ_SQ":0,"ROE_AVG_SQ":-9.404577975327,"PE_TTM_SQ":-12.327878580448,"PB_TTM_SQ":3.884078957882,"ROA_SQ":-7.119682865868,"START_DATE":"2021-04-01 00:00:00","FISCAL_YEAR":"3-31","CURRENCY":"HKD","IS_CNY_CODE":0,"DPS_HKD_LY":null,"ORG_TYPE":"一般企业","PREMIUM_INCOME":null,"PREMIUM_INCOME_YOY":null,"NET_INTEREST_INCOME":null,"NET_INTEREST_INCOME_YOY":null,"FEE_COMMISSION_INCOME":null,"FEE_COMMISSION_INCOME_YOY":null,"ACCOUNTS_RECE_TDAYS":1.009834740435,"INVENTORY_TDAYS":0.907072691552,"CURRENT_ASSETS_TDAYS":0.193258678034,"TOTAL_ASSETS_TDAYS":0.184739879644,"PREMIUM_EXPENSE":null,"LOAN_DEPOSIT":null,"LOAN_EQUITY":null,"LOAN_ASSETS":null,"DEPOSIT_EQUITY":null,"DEPOSIT_ASSETS":null,"EQUITY_MULTIPLIER":1.269105892134,"EQUITY_RATIO":0.27215058513},{"SECUCODE":"00343.HK","SECURITY_CODE":"00343","SECURITY_NAME_ABBR":"文化传信","ORG_CODE":"10008843","STD_REPORT_DATE":"2020-12-31 00:00:00","REPORT_DATE":"2021-03-31 00:00:00","DATE_TYPE_CODE":"001","REPORT_TYPE":"2020年年报","PER_NETCASH_OPERATE":-0.037990218731,"PER_OI":0.125565424834,"BPS":0.083719912243,"BASIC_EPS":-0.03465238,"DILUTED_EPS":null,"OPERATE_INCOME":174618413.9,"OPERATE_INCOME_YOY":34.7822399666,"GROSS_PROFIT":32781151.48,"GROSS_PROFIT_YOY":52.533346245322,"HOLDER_PROFIT":-48336689.38,"HOLDER_PROFIT_YOY":1.792736327,"GROSS_PROFIT_RATIO":18.773020982067,"EPS_TTM":-0.042347154843,"OPERATE_INCOME_QOQ":0,"NET_PROFIT_RATIO":-34.0238619588,"ROE_AVG":-29.620441320803,"GROSS_PROFIT_QOQ":0,"ROA":-21.48967149822,"HOLDER_PROFIT_QOQ":0,"ROE_YEARLY":-29.620441320803,"ROIC_YEARLY":-40.699979006323,"TOTAL_ASSETS":207675939.24,"TOTAL_LIABILITIES":61819845.92,"TAX_EBT":1.577939810253,"OCF_SALES":-30.255318119116,"TOTAL_PARENT_EQUITY":139699802.2,"DEBT_ASSET_RATIO":29.7674570036,"OPERATE_PROFIT":-57948921.52,"PRETAX_PROFIT":-60043277.56,"NETCASH_OPERATE":-52831356.62,"NETCASH_INVEST":-19593807.94,"NETCASH_FINANCE":1745296.7,"END_CASH":63467946.92,"DIVI_RATIO":null,"DIVIDEND_RATE":null,"CURRENT_RATIO":3.242533139437,"COMMON_ACS":200000000000,"CURRENTDEBT_DEBT":97.774253527289,"ISSUED_COMMON_SHARES":1668656816,"HK_COMMON_SHARES":1668656816,"PER_SHARES":5000,"TOTAL_MARKET_CAP":278665688.272,"HKSK_MARKET_CAP":278665688.272,"PE_TTM":-15.281913258678,"PB_TTM":2.680379822748,"REPORT_DATE_SQ":"2019-12-31 00:00:00","REPORT_TYPE_SQ":"2019年年报","OPERATE_INCOME_SQ":140059245.6,"DPS_HKD":null,"OPERATE_INCOME_QOQ_SQ":0,"NET_PROFIT_RATIO_SQ":-41.3610730764,"HOLDER_PROFIT_SQ":-53209319.5,"HOLDER_PROFIT_QOQ_SQ":0,"ROE_AVG_SQ":-23.035176753992,"PE_TTM_SQ":-12.327878580448,"PB_TTM_SQ":3.884078957882,"ROA_SQ":-19.382399243809,"START_DATE":"2020-04-01 00:00:00","FISCAL_YEAR":"3-31","CURRENCY":"HKD","IS_CNY_CODE":0,"DPS_HKD_LY":null,"ORG_TYPE":"一般企业","PREMIUM_INCOME":null,"PREMIUM_INCOME_YOY":null,"NET_INTEREST_INCOME":null,"NET_INTEREST_INCOME_YOY":null,"FEE_COMMISSION_INCOME":null,"FEE_COMMISSION_INCOME_YOY":null,"ACCOUNTS_RECE_TDAYS":4.806500017448,"INVENTORY_TDAYS":4.709122541179,"CURRENT_ASSETS_TDAYS":0.836455796648,"TOTAL_ASSETS_TDAYS":0.776323823659,"PREMIUM_EXPENSE":null,"LOAN_DEPOSIT":null,"LOAN_EQUITY":null,"LOAN_ASSETS":null,"DEPOSIT_EQUITY":null,"DEPOSIT_ASSETS":null,"EQUITY_MULTIPLIER":1.423841366603,"EQUITY_RATIO":0.442519208664},{"SECUCODE":"00343.HK","SECURITY_CODE":"00343","SECURITY_NAME_ABBR":"文化传信","ORG_CODE":"10008843","STD_REPORT_DATE":"2020-06-30 00:00:00","REPORT_DATE":"2020-09-30 00:00:00","DATE_TYPE_CODE":"002","REPORT_TYPE":"2020年中报","PER_NETCASH_OPERATE":-0.013773591255,"PER_OI":0.050282012007,"BPS":0.105236907815,"BASIC_EPS":-0.01230208,"DILUTED_EPS":null,"OPERATE_INCOME":69925022.72,"OPERATE_INCOME_YOY":132.1556729002,"GROSS_PROFIT":18372277.76,"GROSS_PROFIT_YOY":117.771336259412,"HOLDER_PROFIT":-17383717.76,"HOLDER_PROFIT_YOY":-52.4818868506,"GROSS_PROFIT_RATIO":26.274253543782,"EPS_TTM":-0.038262006045,"OPERATE_INCOME_QOQ":0,"NET_PROFIT_RATIO":-31.132502262,"ROE_AVG":-9.404577975327,"GROSS_PROFIT_QOQ":0,"ROA":-7.119682865868,"HOLDER_PROFIT_QOQ":0,"ROE_YEARLY":-18.809155950655,"ROIC_YEARLY":-31.138638796197,"TOTAL_ASSETS":236533849.6,"TOTAL_LIABILITIES":48092345.6,"TAX_EBT":0.525908108769,"OCF_SALES":-27.392681210415,"TOTAL_PARENT_EQUITY":175604283.52,"DEBT_ASSET_RATIO":20.3321197712,"OPERATE_PROFIT":-20454844.16,"PRETAX_PROFIT":-21554122.88,"NETCASH_OPERATE":-19154338.56,"NETCASH_INVEST":-11191377.92,"NETCASH_FINANCE":-3687987.84,"END_CASH":103811980.8,"DIVI_RATIO":null,"DIVIDEND_RATE":null,"CURRENT_RATIO":4.642777953754,"COMMON_ACS":200000000000,"CURRENTDEBT_DEBT":92.293075095926,"ISSUED_COMMON_SHARES":1668656816,"HK_COMMON_SHARES":1668656816,"PER_SHARES":5000,"TOTAL_MARKET_CAP":278665688.272,"HKSK_MARKET_CAP":278665688.272,"PE_TTM":-15.281913258678,"PB_TTM":2.680379822748,"REPORT_DATE_SQ":"2019-06-30 00:00:00","REPORT_TYPE_SQ":"2019年中报","OPERATE_INCOME_SQ":30918196.77,"DPS_HKD":null,"OPERATE_INCOME_QOQ_SQ":0,"NET_PROFIT_RATIO_SQ":-48.0736277707,"HOLDER_PROFIT_SQ":-11702677.74,"HOLDER_PROFIT_QOQ_SQ":0,"ROE_AVG_SQ":-4.707530088788,"PE_TTM_SQ":-12.327878580448,"PB_TTM_SQ":3.884078957882,"ROA_SQ":-4.268008849194,"START_DATE":"2020-04-01 00:00:00","FISCAL_YEAR":"3-31","CURRENCY":"HKD","IS_CNY_CODE":0,"DPS_HKD_LY":null,"ORG_TYPE":"一般企业","PREMIUM_INCOME":null,"PREMIUM_INCOME_YOY":null,"NET_INTEREST_INCOME":null,"NET_INTEREST_INCOME_YOY":null,"FEE_COMMISSION_INCOME":null,"FEE_COMMISSION_INCOME_YOY":null,"ACCOUNTS_RECE_TDAYS":3.033431174475,"INVENTORY_TDAYS":1.646174135077,"CURRENT_ASSETS_TDAYS":0.320467798576,"TOTAL_ASSETS_TDAYS":0.286385221521,"PREMIUM_EXPENSE":null,"LOAN_DEPOSIT":null,"LOAN_EQUITY":null,"LOAN_ASSETS":null,"DEPOSIT_EQUITY":null,"DEPOSIT_ASSETS":null,"EQUITY_MULTIPLIER":1.255211004897,"EQUITY_RATIO":0.273867724841}],"count":48},"success":true,"message":"ok","code":0}