{"version":"400d9392d141e95e11e450ade956e7b0","result":{"pages":6,"data":[{"SECUCODE":"00341.HK","SECURITY_CODE":"00341","SECURITY_NAME_ABBR":"大家乐集团","ORG_CODE":"10008841","STD_REPORT_DATE":"2024-06-30 00:00:00","REPORT_DATE":"2024-09-30 00:00:00","DATE_TYPE_CODE":"002","REPORT_TYPE":"2024年中报","PER_NETCASH_OPERATE":1.211978674845,"PER_OI":6.630974352518,"BPS":4.246664390935,"BASIC_EPS":0.2254475,"DILUTED_EPS":0.22454571,"OPERATE_INCOME":3845991867.18,"OPERATE_INCOME_YOY":-1.2453503709,"GROSS_PROFIT":394465490.75,"GROSS_PROFIT_YOY":-18.02457099593,"HOLDER_PROFIT":129871286.85,"HOLDER_PROFIT_YOY":-28.1910517419,"GROSS_PROFIT_RATIO":10.256534708672,"EPS_TTM":0.511475176576,"OPERATE_INCOME_QOQ":0,"NET_PROFIT_RATIO":3.3995163244,"ROE_AVG":5.114919198022,"GROSS_PROFIT_QOQ":0,"ROA":2.260345004157,"HOLDER_PROFIT_QOQ":0,"ROE_YEARLY":10.229838396043,"ROIC_YEARLY":5.544916606306,"TOTAL_ASSETS":5617088489.59,"TOTAL_LIABILITIES":3144039432.97,"TAX_EBT":11.122554067971,"OCF_SALES":18.277535252185,"TOTAL_PARENT_EQUITY":2463082473.54,"DEBT_ASSET_RATIO":55.9727595319,"OPERATE_PROFIT":171264349.64,"PRETAX_PROFIT":147107199.12,"NETCASH_OPERATE":702952519.32,"NETCASH_INVEST":-113116028.65,"NETCASH_FINANCE":-766546750.12,"END_CASH":965911777.95,"DIVI_RATIO":1.008884738951,"DIVIDEND_RATE":7.640750670241,"CURRENT_RATIO":0.799450965613,"COMMON_ACS":1000000000,"CURRENTDEBT_DEBT":54.341889427133,"ISSUED_COMMON_SHARES":580004033,"HK_COMMON_SHARES":580004033,"PER_SHARES":2000,"TOTAL_MARKET_CAP":4326830086.18,"HKSK_MARKET_CAP":4326830086.18,"PE_TTM":15.796193308094,"PB_TTM":1.584150001201,"REPORT_DATE_SQ":"2023-06-30 00:00:00","REPORT_TYPE_SQ":"2023年中报","OPERATE_INCOME_SQ":3962898941.12,"DPS_HKD":0.57,"OPERATE_INCOME_QOQ_SQ":0,"NET_PROFIT_RATIO_SQ":4.6593776166,"HOLDER_PROFIT_SQ":184033449.39,"HOLDER_PROFIT_QOQ_SQ":0,"ROE_AVG_SQ":7.134432504493,"PE_TTM_SQ":23.901675235205,"PB_TTM_SQ":1.702315491853,"ROA_SQ":2.933429265006,"START_DATE":"2024-04-01 00:00:00","FISCAL_YEAR":"3-31","CURRENCY":"HKD","IS_CNY_CODE":0,"DPS_HKD_LY":0.57,"ORG_TYPE":"一般企业","PREMIUM_INCOME":null,"PREMIUM_INCOME_YOY":null,"NET_INTEREST_INCOME":null,"NET_INTEREST_INCOME_YOY":null,"FEE_COMMISSION_INCOME":null,"FEE_COMMISSION_INCOME_YOY":null,"ACCOUNTS_RECE_TDAYS":29.790633589573,"INVENTORY_TDAYS":15.992483056584,"CURRENT_ASSETS_TDAYS":2.647403942698,"TOTAL_ASSETS_TDAYS":0.669375711434,"PREMIUM_EXPENSE":null,"LOAN_DEPOSIT":null,"LOAN_EQUITY":null,"LOAN_ASSETS":null,"DEPOSIT_EQUITY":null,"DEPOSIT_ASSETS":null,"EQUITY_MULTIPLIER":2.271321094322,"EQUITY_RATIO":1.276465350529},{"SECUCODE":"00341.HK","SECURITY_CODE":"00341","SECURITY_NAME_ABBR":"大家乐集团","ORG_CODE":"10008841","STD_REPORT_DATE":"2023-12-31 00:00:00","REPORT_DATE":"2024-03-31 00:00:00","DATE_TYPE_CODE":"001","REPORT_TYPE":"2023年年报","PER_NETCASH_OPERATE":2.574222087865,"PER_OI":13.452584662244,"BPS":4.532480905008,"BASIC_EPS":0.5167335,"DILUTED_EPS":0.5167335,"OPERATE_INCOME":7879233090.95,"OPERATE_INCOME_YOY":8.3175640612,"GROSS_PROFIT":896837223.3,"GROSS_PROFIT_YOY":45.802069892276,"HOLDER_PROFIT":299573073.7,"HOLDER_PROFIT_YOY":199.4517593541,"GROSS_PROFIT_RATIO":11.382290800993,"EPS_TTM":0.311227077789,"OPERATE_INCOME_QOQ":0,"NET_PROFIT_RATIO":3.8338256371,"ROE_AVG":11.628657422738,"GROSS_PROFIT_QOQ":0,"ROA":4.827929390506,"HOLDER_PROFIT_QOQ":0,"ROE_YEARLY":11.628657422738,"ROIC_YEARLY":6.15530821618,"TOTAL_ASSETS":5905197802.2,"TOTAL_LIABILITIES":3266672242.05,"TAX_EBT":14.456727115894,"OCF_SALES":19.135520440838,"TOTAL_PARENT_EQUITY":2628857204.4,"DEBT_ASSET_RATIO":55.3185913744,"OPERATE_PROFIT":410500344.8,"PRETAX_PROFIT":353126608.4,"NETCASH_OPERATE":1507732258.7,"NETCASH_INVEST":-238428089.3,"NETCASH_FINANCE":-1634035524.35,"END_CASH":1143112409.4,"DIVI_RATIO":1.658016081587,"DIVIDEND_RATE":7.206068268015,"CURRENT_RATIO":0.894749889025,"COMMON_ACS":1000000000,"CURRENTDEBT_DEBT":52.952410923983,"ISSUED_COMMON_SHARES":580004033,"HK_COMMON_SHARES":580004033,"PER_SHARES":2000,"TOTAL_MARKET_CAP":4587831901.03,"HKSK_MARKET_CAP":4587831901.03,"PE_TTM":16.749046791827,"PB_TTM":1.679708647386,"REPORT_DATE_SQ":"2022-12-31 00:00:00","REPORT_TYPE_SQ":"2022年年报","OPERATE_INCOME_SQ":7024328358.04,"DPS_HKD":0.57,"OPERATE_INCOME_QOQ_SQ":0,"NET_PROFIT_RATIO_SQ":1.3856728602,"HOLDER_PROFIT_SQ":96604119.73,"HOLDER_PROFIT_QOQ_SQ":0,"ROE_AVG_SQ":3.939535925645,"PE_TTM_SQ":26.682961080756,"PB_TTM_SQ":1.900403112723,"ROA_SQ":1.571175892453,"START_DATE":"2023-04-01 00:00:00","FISCAL_YEAR":"3-31","CURRENCY":"HKD","IS_CNY_CODE":0,"DPS_HKD_LY":0.43,"ORG_TYPE":"一般企业","PREMIUM_INCOME":null,"PREMIUM_INCOME_YOY":null,"NET_INTEREST_INCOME":null,"NET_INTEREST_INCOME_YOY":null,"FEE_COMMISSION_INCOME":null,"FEE_COMMISSION_INCOME_YOY":null,"ACCOUNTS_RECE_TDAYS":59.828385178251,"INVENTORY_TDAYS":30.899434538675,"CURRENT_ASSETS_TDAYS":4.532857871138,"TOTAL_ASSETS_TDAYS":1.269819765329,"PREMIUM_EXPENSE":null,"LOAN_DEPOSIT":null,"LOAN_EQUITY":null,"LOAN_ASSETS":null,"DEPOSIT_EQUITY":null,"DEPOSIT_ASSETS":null,"EQUITY_MULTIPLIER":2.238067309783,"EQUITY_RATIO":1.242620647703},{"SECUCODE":"00341.HK","SECURITY_CODE":"00341","SECURITY_NAME_ABBR":"大家乐集团","ORG_CODE":"10008841","STD_REPORT_DATE":"2023-06-30 00:00:00","REPORT_DATE":"2023-09-30 00:00:00","DATE_TYPE_CODE":"002","REPORT_TYPE":"2023年中报","PER_NETCASH_OPERATE":1.285805887374,"PER_OI":6.76604345854,"BPS":4.490851575217,"BASIC_EPS":0.31749998,"DILUTED_EPS":0.31658235,"OPERATE_INCOME":3962898941.12,"OPERATE_INCOME_YOY":10.7855065883,"GROSS_PROFIT":481199666.22,"GROSS_PROFIT_YOY":54.455805705684,"HOLDER_PROFIT":184033449.39,"HOLDER_PROFIT_YOY":84.4301189973,"GROSS_PROFIT_RATIO":12.142617648584,"EPS_TTM":0.164936750111,"OPERATE_INCOME_QOQ":0,"NET_PROFIT_RATIO":4.6593776166,"ROE_AVG":7.134432504493,"GROSS_PROFIT_QOQ":0,"ROA":2.933429265006,"HOLDER_PROFIT_QOQ":0,"ROE_YEARLY":14.268865008987,"ROIC_YEARLY":7.38252532149,"TOTAL_ASSETS":5963017594.03,"TOTAL_LIABILITIES":3349921183.49,"TAX_EBT":14.60080467185,"OCF_SALES":19.003807694303,"TOTAL_PARENT_EQUITY":2604712025.23,"DEBT_ASSET_RATIO":56.1782877656,"OPERATE_PROFIT":245431155.06,"PRETAX_PROFIT":216215651.12,"NETCASH_OPERATE":753101693.89,"NETCASH_INVEST":-132927881.8,"NETCASH_FINANCE":-1117796302.42,"END_CASH":1025611192.62,"DIVI_RATIO":3.128590199894,"DIVIDEND_RATE":7.206068268015,"CURRENT_RATIO":0.776098271025,"COMMON_ACS":1000000000,"CURRENTDEBT_DEBT":56.493864197974,"ISSUED_COMMON_SHARES":580004033,"HK_COMMON_SHARES":580004033,"PER_SHARES":2000,"TOTAL_MARKET_CAP":4587831901.03,"HKSK_MARKET_CAP":4587831901.03,"PE_TTM":16.749046791827,"PB_TTM":1.679708647386,"REPORT_DATE_SQ":"2022-06-30 00:00:00","REPORT_TYPE_SQ":"2022年中报","OPERATE_INCOME_SQ":3525674441.4,"DPS_HKD":0.57,"OPERATE_INCOME_QOQ_SQ":0,"NET_PROFIT_RATIO_SQ":2.7901959502,"HOLDER_PROFIT_SQ":98350614.48,"HOLDER_PROFIT_QOQ_SQ":0,"ROE_AVG_SQ":3.893747828069,"PE_TTM_SQ":26.682961080756,"PB_TTM_SQ":1.900403112723,"ROA_SQ":1.557372042449,"START_DATE":"2023-04-01 00:00:00","FISCAL_YEAR":"3-31","CURRENCY":"HKD","IS_CNY_CODE":0,"DPS_HKD_LY":0.43,"ORG_TYPE":"一般企业","PREMIUM_INCOME":null,"PREMIUM_INCOME_YOY":null,"NET_INTEREST_INCOME":null,"NET_INTEREST_INCOME_YOY":null,"FEE_COMMISSION_INCOME":null,"FEE_COMMISSION_INCOME_YOY":null,"ACCOUNTS_RECE_TDAYS":30.874329323873,"INVENTORY_TDAYS":13.719324127408,"CURRENT_ASSETS_TDAYS":2.31672973094,"TOTAL_ASSETS_TDAYS":0.631672327323,"PREMIUM_EXPENSE":null,"LOAN_DEPOSIT":null,"LOAN_EQUITY":null,"LOAN_ASSETS":null,"DEPOSIT_EQUITY":null,"DEPOSIT_ASSETS":null,"EQUITY_MULTIPLIER":2.281973818483,"EQUITY_RATIO":1.286100402287},{"SECUCODE":"00341.HK","SECURITY_CODE":"00341","SECURITY_NAME_ABBR":"大家乐集团","ORG_CODE":"10008841","STD_REPORT_DATE":"2022-12-31 00:00:00","REPORT_DATE":"2023-03-31 00:00:00","DATE_TYPE_CODE":"001","REPORT_TYPE":"2022年年报","PER_NETCASH_OPERATE":2.539202112426,"PER_OI":11.992965665715,"BPS":4.201325999297,"BASIC_EPS":0.1663279,"DILUTED_EPS":0.1663279,"OPERATE_INCOME":7024328358.04,"OPERATE_INCOME_YOY":6.8625376278,"GROSS_PROFIT":615105961.09,"GROSS_PROFIT_YOY":38.472755444168,"HOLDER_PROFIT":96604119.73,"HOLDER_PROFIT_YOY":420.1894975016,"GROSS_PROFIT_RATIO":8.756793955766,"EPS_TTM":0.08178489862,"OPERATE_INCOME_QOQ":0,"NET_PROFIT_RATIO":1.3856728602,"ROE_AVG":3.939535925645,"GROSS_PROFIT_QOQ":0,"ROA":1.571175892453,"HOLDER_PROFIT_QOQ":0,"ROE_YEARLY":3.939535925645,"ROIC_YEARLY":2.048597310554,"TOTAL_ASSETS":6281364389.4,"TOTAL_LIABILITIES":3837164518.57,"TAX_EBT":22.88106203529,"OCF_SALES":21.172428765346,"TOTAL_PARENT_EQUITY":2436786023.54,"DEBT_ASSET_RATIO":61.0880738752,"OPERATE_PROFIT":178440948.17,"PRETAX_PROFIT":126213112.16,"NETCASH_OPERATE":1487220917.85,"NETCASH_INVEST":-356599138.91,"NETCASH_FINANCE":-1044068241.42,"END_CASH":1463666260.98,"DIVI_RATIO":6.309471659311,"DIVIDEND_RATE":7.206068268015,"CURRENT_RATIO":0.765379545837,"COMMON_ACS":1000000000,"CURRENTDEBT_DEBT":63.418214272107,"ISSUED_COMMON_SHARES":580004033,"HK_COMMON_SHARES":580004033,"PER_SHARES":2000,"TOTAL_MARKET_CAP":4587831901.03,"HKSK_MARKET_CAP":4587831901.03,"PE_TTM":16.749046791827,"PB_TTM":1.679708647386,"REPORT_DATE_SQ":"2021-12-31 00:00:00","REPORT_TYPE_SQ":"2021年年报","OPERATE_INCOME_SQ":6089673770.53,"DPS_HKD":0.57,"OPERATE_INCOME_QOQ_SQ":0,"NET_PROFIT_RATIO_SQ":0.3043115148,"HOLDER_PROFIT_SQ":17204766.14,"HOLDER_PROFIT_QOQ_SQ":0,"ROE_AVG_SQ":0.725565353724,"PE_TTM_SQ":26.682961080756,"PB_TTM_SQ":1.900403112723,"ROA_SQ":0.302484173015,"START_DATE":"2022-04-01 00:00:00","FISCAL_YEAR":"3-31","CURRENCY":"HKD","IS_CNY_CODE":0,"DPS_HKD_LY":0.28,"ORG_TYPE":"一般企业","PREMIUM_INCOME":null,"PREMIUM_INCOME_YOY":null,"NET_INTEREST_INCOME":null,"NET_INTEREST_INCOME_YOY":null,"FEE_COMMISSION_INCOME":null,"FEE_COMMISSION_INCOME_YOY":null,"ACCOUNTS_RECE_TDAYS":47.537777040517,"INVENTORY_TDAYS":25.608908943047,"CURRENT_ASSETS_TDAYS":3.750320860064,"TOTAL_ASSETS_TDAYS":1.142441482586,"PREMIUM_EXPENSE":null,"LOAN_DEPOSIT":null,"LOAN_EQUITY":null,"LOAN_ASSETS":null,"DEPOSIT_EQUITY":null,"DEPOSIT_ASSETS":null,"EQUITY_MULTIPLIER":2.569906194807,"EQUITY_RATIO":1.574682586613},{"SECUCODE":"00341.HK","SECURITY_CODE":"00341","SECURITY_NAME_ABBR":"大家乐集团","ORG_CODE":"10008841","STD_REPORT_DATE":"2022-06-30 00:00:00","REPORT_DATE":"2022-09-30 00:00:00","DATE_TYPE_CODE":"002","REPORT_TYPE":"2022年中报","PER_NETCASH_OPERATE":1.355470895042,"PER_OI":6.019549538256,"BPS":4.314345282216,"BASIC_EPS":0.17003472,"DILUTED_EPS":0.16913028,"OPERATE_INCOME":3525674441.4,"OPERATE_INCOME_YOY":0.7267068917,"GROSS_PROFIT":311545211.28,"GROSS_PROFIT_YOY":-1.276119762865,"HOLDER_PROFIT":98350614.48,"HOLDER_PROFIT_YOY":33.9005799707,"GROSS_PROFIT_RATIO":8.836471332171,"EPS_TTM":0.029374505161,"OPERATE_INCOME_QOQ":0,"NET_PROFIT_RATIO":2.7901959502,"ROE_AVG":3.893747828069,"GROSS_PROFIT_QOQ":0,"ROA":1.557372042449,"HOLDER_PROFIT_QOQ":0,"ROE_YEARLY":7.787495656138,"ROIC_YEARLY":4.033627534695,"TOTAL_ASSETS":6415157646.84,"TOTAL_LIABILITIES":3905891973,"TAX_EBT":12.768670601822,"OCF_SALES":22.517812776972,"TOTAL_PARENT_EQUITY":2502337663.44,"DEBT_ASSET_RATIO":60.8853622627,"OPERATE_PROFIT":141494211.36,"PRETAX_PROFIT":112772814.72,"NETCASH_OPERATE":793904769.84,"NETCASH_INVEST":-235829112.24,"NETCASH_FINANCE":-542815041.48,"END_CASH":1429360696.08,"DIVI_RATIO":17.566917201738,"DIVIDEND_RATE":7.206068268015,"CURRENT_RATIO":0.84337556872,"COMMON_ACS":1000000000,"CURRENTDEBT_DEBT":56.879688323116,"ISSUED_COMMON_SHARES":580004033,"HK_COMMON_SHARES":580004033,"PER_SHARES":2000,"TOTAL_MARKET_CAP":4587831901.03,"HKSK_MARKET_CAP":4587831901.03,"PE_TTM":16.749046791827,"PB_TTM":1.679708647386,"REPORT_DATE_SQ":"2021-06-30 00:00:00","REPORT_TYPE_SQ":"2021年中报","OPERATE_INCOME_SQ":3223993016.66,"DPS_HKD":0.57,"OPERATE_INCOME_QOQ_SQ":0,"NET_PROFIT_RATIO_SQ":2.118390382,"HOLDER_PROFIT_SQ":67653635.66,"HOLDER_PROFIT_QOQ_SQ":0,"ROE_AVG_SQ":2.721218592319,"PE_TTM_SQ":26.682961080756,"PB_TTM_SQ":1.900403112723,"ROA_SQ":1.142987189299,"START_DATE":"2022-04-01 00:00:00","FISCAL_YEAR":"3-31","CURRENCY":"HKD","IS_CNY_CODE":0,"DPS_HKD_LY":0.28,"ORG_TYPE":"一般企业","PREMIUM_INCOME":null,"PREMIUM_INCOME_YOY":null,"NET_INTEREST_INCOME":null,"NET_INTEREST_INCOME_YOY":null,"FEE_COMMISSION_INCOME":null,"FEE_COMMISSION_INCOME_YOY":null,"ACCOUNTS_RECE_TDAYS":24.16033195638,"INVENTORY_TDAYS":11.824242918294,"CURRENT_ASSETS_TDAYS":1.846087290496,"TOTAL_ASSETS_TDAYS":0.558286985277,"PREMIUM_EXPENSE":null,"LOAN_DEPOSIT":null,"LOAN_EQUITY":null,"LOAN_ASSETS":null,"DEPOSIT_EQUITY":null,"DEPOSIT_ASSETS":null,"EQUITY_MULTIPLIER":2.556587655793,"EQUITY_RATIO":1.560897248228},{"SECUCODE":"00341.HK","SECURITY_CODE":"00341","SECURITY_NAME_ABBR":"大家乐集团","ORG_CODE":"10008841","STD_REPORT_DATE":"2021-12-31 00:00:00","REPORT_DATE":"2022-03-31 00:00:00","DATE_TYPE_CODE":"001","REPORT_TYPE":"2021年年报","PER_NETCASH_OPERATE":1.612372874697,"PER_OI":10.397185997403,"BPS":3.941398694395,"BASIC_EPS":0.0324404,"DILUTED_EPS":0.0324404,"OPERATE_INCOME":6089673770.53,"OPERATE_INCOME_YOY":11.8330030659,"GROSS_PROFIT":444207208.21,"GROSS_PROFIT_YOY":40.083650478728,"HOLDER_PROFIT":17204766.14,"HOLDER_PROFIT_YOY":-94.0929468438,"GROSS_PROFIT_RATIO":7.294433576387,"EPS_TTM":0.390263959716,"OPERATE_INCOME_QOQ":0,"NET_PROFIT_RATIO":0.3043115148,"ROE_AVG":0.725565353724,"GROSS_PROFIT_QOQ":0,"ROA":0.302484173015,"HOLDER_PROFIT_QOQ":0,"ROE_YEARLY":0.725565353724,"ROIC_YEARLY":0.410584343351,"TOTAL_ASSETS":5573135824.46,"TOTAL_LIABILITIES":3280916624.7,"TAX_EBT":55.009943097915,"OCF_SALES":15.507781385271,"TOTAL_PARENT_EQUITY":2286027138.41,"DEBT_ASSET_RATIO":58.8702075105,"OPERATE_PROFIT":106383425.74,"PRETAX_PROFIT":41190386.89,"NETCASH_OPERATE":944373295.41,"NETCASH_INVEST":-369844890.3,"NETCASH_FINANCE":-978556555.9,"END_CASH":1285926101.86,"DIVI_RATIO":1.322232010294,"DIVIDEND_RATE":7.206068268015,"CURRENT_RATIO":1.246529572216,"COMMON_ACS":1000000000,"CURRENTDEBT_DEBT":42.665302177497,"ISSUED_COMMON_SHARES":580004033,"HK_COMMON_SHARES":580004033,"PER_SHARES":2000,"TOTAL_MARKET_CAP":4587831901.03,"HKSK_MARKET_CAP":4587831901.03,"PE_TTM":16.749046791827,"PB_TTM":1.679708647386,"REPORT_DATE_SQ":"2020-12-31 00:00:00","REPORT_TYPE_SQ":"2020年年报","OPERATE_INCOME_SQ":5674754040.9,"DPS_HKD":0.57,"OPERATE_INCOME_QOQ_SQ":0,"NET_PROFIT_RATIO_SQ":5.3699181815,"HOLDER_PROFIT_SQ":303529493.4,"HOLDER_PROFIT_QOQ_SQ":0,"ROE_AVG_SQ":12.610853698576,"PE_TTM_SQ":26.682961080756,"PB_TTM_SQ":1.900403112723,"ROA_SQ":5.369995179968,"START_DATE":"2021-04-01 00:00:00","FISCAL_YEAR":"3-31","CURRENCY":"HKD","IS_CNY_CODE":0,"DPS_HKD_LY":0.38,"ORG_TYPE":"一般企业","PREMIUM_INCOME":null,"PREMIUM_INCOME_YOY":null,"NET_INTEREST_INCOME":null,"NET_INTEREST_INCOME_YOY":null,"FEE_COMMISSION_INCOME":null,"FEE_COMMISSION_INCOME_YOY":null,"ACCOUNTS_RECE_TDAYS":37.628428965172,"INVENTORY_TDAYS":25.855047486749,"CURRENT_ASSETS_TDAYS":3.217768546167,"TOTAL_ASSETS_TDAYS":1.070650957661,"PREMIUM_EXPENSE":null,"LOAN_DEPOSIT":null,"LOAN_EQUITY":null,"LOAN_ASSETS":null,"DEPOSIT_EQUITY":null,"DEPOSIT_ASSETS":null,"EQUITY_MULTIPLIER":2.431327608218,"EQUITY_RATIO":1.435204582471},{"SECUCODE":"00341.HK","SECURITY_CODE":"00341","SECURITY_NAME_ABBR":"大家乐集团","ORG_CODE":"10008841","STD_REPORT_DATE":"2021-06-30 00:00:00","REPORT_DATE":"2021-09-30 00:00:00","DATE_TYPE_CODE":"002","REPORT_TYPE":"2021年中报","PER_NETCASH_OPERATE":0.982533242519,"PER_OI":5.504474674942,"BPS":4.222559313066,"BASIC_EPS":0.1166284,"DILUTED_EPS":0.1166284,"OPERATE_INCOME":3223993016.66,"OPERATE_INCOME_YOY":19.9775983344,"GROSS_PROFIT":315572291.66,"GROSS_PROFIT_YOY":159.48500273585,"HOLDER_PROFIT":67653635.66,"HOLDER_PROFIT_YOY":-49.9580986653,"GROSS_PROFIT_RATIO":9.788243647839,"EPS_TTM":0.518230157722,"OPERATE_INCOME_QOQ":0,"NET_PROFIT_RATIO":2.118390382,"ROE_AVG":2.721218592319,"GROSS_PROFIT_QOQ":0,"ROA":1.142987189299,"HOLDER_PROFIT_QOQ":0,"ROE_YEARLY":5.442437184637,"ROIC_YEARLY":3.196756754842,"TOTAL_ASSETS":5877767293.1,"TOTAL_LIABILITIES":3423025212.68,"TAX_EBT":14.879456776793,"OCF_SALES":17.849718647846,"TOTAL_PARENT_EQUITY":2449101431.16,"DEBT_ASSET_RATIO":58.2368277271,"OPERATE_PROFIT":114150879.56,"PRETAX_PROFIT":80235340.84,"NETCASH_OPERATE":575473682.7,"NETCASH_INVEST":-138686162.68,"NETCASH_FINANCE":-549922066.38,"END_CASH":1616634569.88,"DIVI_RATIO":0.995734216373,"DIVIDEND_RATE":7.206068268015,"CURRENT_RATIO":1.382913796582,"COMMON_ACS":1000000000,"CURRENTDEBT_DEBT":42.220961027292,"ISSUED_COMMON_SHARES":580004033,"HK_COMMON_SHARES":580004033,"PER_SHARES":2000,"TOTAL_MARKET_CAP":4587831901.03,"HKSK_MARKET_CAP":4587831901.03,"PE_TTM":16.749046791827,"PB_TTM":1.679708647386,"REPORT_DATE_SQ":"2020-06-30 00:00:00","REPORT_TYPE_SQ":"2020年中报","OPERATE_INCOME_SQ":2834445804.16,"DPS_HKD":0.57,"OPERATE_INCOME_QOQ_SQ":0,"NET_PROFIT_RATIO_SQ":5.0475981142,"HOLDER_PROFIT_SQ":142603953.92,"HOLDER_PROFIT_QOQ_SQ":0,"ROE_AVG_SQ":5.906033918044,"PE_TTM_SQ":26.682961080756,"PB_TTM_SQ":1.900403112723,"ROA_SQ":2.523139127368,"START_DATE":"2021-04-01 00:00:00","FISCAL_YEAR":"3-31","CURRENCY":"HKD","IS_CNY_CODE":0,"DPS_HKD_LY":0.38,"ORG_TYPE":"一般企业","PREMIUM_INCOME":null,"PREMIUM_INCOME_YOY":null,"NET_INTEREST_INCOME":null,"NET_INTEREST_INCOME_YOY":null,"FEE_COMMISSION_INCOME":null,"FEE_COMMISSION_INCOME_YOY":null,"ACCOUNTS_RECE_TDAYS":null,"INVENTORY_TDAYS":13.259514283056,"CURRENT_ASSETS_TDAYS":1.574898787896,"TOTAL_ASSETS_TDAYS":0.544683619806,"PREMIUM_EXPENSE":null,"LOAN_DEPOSIT":null,"LOAN_EQUITY":null,"LOAN_ASSETS":null,"DEPOSIT_EQUITY":null,"DEPOSIT_ASSETS":null,"EQUITY_MULTIPLIER":2.39445412208,"EQUITY_RATIO":1.397665759829},{"SECUCODE":"00341.HK","SECURITY_CODE":"00341","SECURITY_NAME_ABBR":"大家乐集团","ORG_CODE":"10008841","STD_REPORT_DATE":"2020-12-31 00:00:00","REPORT_DATE":"2021-03-31 00:00:00","DATE_TYPE_CODE":"001","REPORT_TYPE":"2020年年报","PER_NETCASH_OPERATE":2.44292567912,"PER_OI":9.688774058518,"BPS":4.413611475112,"BASIC_EPS":0.5240116,"DILUTED_EPS":0.5240116,"OPERATE_INCOME":5674754040.9,"OPERATE_INCOME_YOY":-15.6828681102,"GROSS_PROFIT":317101393.84,"GROSS_PROFIT_YOY":-52.501056633392,"HOLDER_PROFIT":303529493.4,"HOLDER_PROFIT_YOY":387.7230627156,"GROSS_PROFIT_RATIO":5.587931944795,"EPS_TTM":0.127735948695,"OPERATE_INCOME_QOQ":0,"NET_PROFIT_RATIO":5.3699181815,"ROE_AVG":12.610853698576,"GROSS_PROFIT_QOQ":0,"ROA":5.369995179968,"HOLDER_PROFIT_QOQ":0,"ROE_YEARLY":12.610853698576,"ROIC_YEARLY":6.574819720175,"TOTAL_ASSETS":6046986526.14,"TOTAL_LIABILITIES":3482003835.66,"TAX_EBT":7.680529310248,"OCF_SALES":25.213981298,"TOTAL_PARENT_EQUITY":2559912455.66,"DEBT_ASSET_RATIO":57.5824639365,"OPERATE_PROFIT":400260344.4,"PRETAX_PROFIT":330081668.28,"NETCASH_OPERATE":1430831422.58,"NETCASH_INVEST":-230882046.5,"NETCASH_FINANCE":243378877.98,"END_CASH":1751645692.16,"DIVI_RATIO":4.039735918276,"DIVIDEND_RATE":7.206068268015,"CURRENT_RATIO":1.490419190414,"COMMON_ACS":1000000000,"CURRENTDEBT_DEBT":40.967664497406,"ISSUED_COMMON_SHARES":580004033,"HK_COMMON_SHARES":580004033,"PER_SHARES":2000,"TOTAL_MARKET_CAP":4587831901.03,"HKSK_MARKET_CAP":4587831901.03,"PE_TTM":16.749046791827,"PB_TTM":1.679708647386,"REPORT_DATE_SQ":"2019-12-31 00:00:00","REPORT_TYPE_SQ":"2019年年报","OPERATE_INCOME_SQ":7275881728.9,"DPS_HKD":0.57,"OPERATE_INCOME_QOQ_SQ":0,"NET_PROFIT_RATIO_SQ":0.9341340436,"HOLDER_PROFIT_SQ":67279385.8,"HOLDER_PROFIT_QOQ_SQ":0,"ROE_AVG_SQ":2.521122196226,"PE_TTM_SQ":26.682961080756,"PB_TTM_SQ":1.900403112723,"ROA_SQ":1.374429203289,"START_DATE":"2020-04-01 00:00:00","FISCAL_YEAR":"3-31","CURRENCY":"HKD","IS_CNY_CODE":0,"DPS_HKD_LY":0.1,"ORG_TYPE":"一般企业","PREMIUM_INCOME":null,"PREMIUM_INCOME_YOY":null,"NET_INTEREST_INCOME":null,"NET_INTEREST_INCOME_YOY":null,"FEE_COMMISSION_INCOME":null,"FEE_COMMISSION_INCOME_YOY":null,"ACCOUNTS_RECE_TDAYS":null,"INVENTORY_TDAYS":25.583965291091,"CURRENT_ASSETS_TDAYS":3.961152796816,"TOTAL_ASSETS_TDAYS":1.003968395486,"PREMIUM_EXPENSE":null,"LOAN_DEPOSIT":null,"LOAN_EQUITY":null,"LOAN_ASSETS":null,"DEPOSIT_EQUITY":null,"DEPOSIT_ASSETS":null,"EQUITY_MULTIPLIER":2.357515529669,"EQUITY_RATIO":1.360204263221},{"SECUCODE":"00341.HK","SECURITY_CODE":"00341","SECURITY_NAME_ABBR":"大家乐集团","ORG_CODE":"10008841","STD_REPORT_DATE":"2020-06-30 00:00:00","REPORT_DATE":"2020-09-30 00:00:00","DATE_TYPE_CODE":"002","REPORT_TYPE":"2020年中报","PER_NETCASH_OPERATE":1.108972410712,"PER_OI":4.839382426038,"BPS":4.285801251041,"BASIC_EPS":0.2460416,"DILUTED_EPS":0.24516288,"OPERATE_INCOME":2834445804.16,"OPERATE_INCOME_YOY":-24.3476984193,"GROSS_PROFIT":121614848,"GROSS_PROFIT_YOY":-72.973783632246,"HOLDER_PROFIT":142603953.92,"HOLDER_PROFIT_YOY":8.3777989996,"GROSS_PROFIT_RATIO":4.290604104037,"EPS_TTM":0.114869254793,"OPERATE_INCOME_QOQ":0,"NET_PROFIT_RATIO":5.0475981142,"ROE_AVG":5.906033918044,"GROSS_PROFIT_QOQ":0,"ROA":2.523139127368,"HOLDER_PROFIT_QOQ":0,"ROE_YEARLY":11.812067836087,"ROIC_YEARLY":5.757568258835,"TOTAL_ASSETS":5837388804.48,"TOTAL_LIABILITIES":3347115656.32,"TAX_EBT":11.030846151745,"OCF_SALES":22.915577094002,"TOTAL_PARENT_EQUITY":2485782010.24,"DEBT_ASSET_RATIO":57.3392619274,"OPERATE_PROFIT":198376312.32,"PRETAX_PROFIT":160810153.6,"NETCASH_OPERATE":649529613.44,"NETCASH_INVEST":-127033914.24,"NETCASH_FINANCE":221491920.64,"END_CASH":1054812851.84,"DIVI_RATIO":4.492233373757,"DIVIDEND_RATE":7.206068268015,"CURRENT_RATIO":1.101534873337,"COMMON_ACS":1000000000,"CURRENTDEBT_DEBT":43.156052601664,"ISSUED_COMMON_SHARES":580004033,"HK_COMMON_SHARES":580004033,"PER_SHARES":2000,"TOTAL_MARKET_CAP":4587831901.03,"HKSK_MARKET_CAP":4587831901.03,"PE_TTM":16.749046791827,"PB_TTM":1.679708647386,"REPORT_DATE_SQ":"2019-06-30 00:00:00","REPORT_TYPE_SQ":"2019年中报","OPERATE_INCOME_SQ":3845978511.87,"DPS_HKD":0.57,"OPERATE_INCOME_QOQ_SQ":0,"NET_PROFIT_RATIO_SQ":3.52606732,"HOLDER_PROFIT_SQ":135067879.41,"HOLDER_PROFIT_QOQ_SQ":0,"ROE_AVG_SQ":4.945607433885,"PE_TTM_SQ":26.682961080756,"PB_TTM_SQ":1.900403112723,"ROA_SQ":2.679976135593,"START_DATE":"2020-04-01 00:00:00","FISCAL_YEAR":"3-31","CURRENCY":"HKD","IS_CNY_CODE":0,"DPS_HKD_LY":0.1,"ORG_TYPE":"一般企业","PREMIUM_INCOME":null,"PREMIUM_INCOME_YOY":null,"NET_INTEREST_INCOME":null,"NET_INTEREST_INCOME_YOY":null,"FEE_COMMISSION_INCOME":null,"FEE_COMMISSION_INCOME_YOY":null,"ACCOUNTS_RECE_TDAYS":null,"INVENTORY_TDAYS":11.520202547894,"CURRENT_ASSETS_TDAYS":2.402473189917,"TOTAL_ASSETS_TDAYS":0.501507911687,"PREMIUM_EXPENSE":null,"LOAN_DEPOSIT":null,"LOAN_EQUITY":null,"LOAN_ASSETS":null,"DEPOSIT_EQUITY":null,"DEPOSIT_ASSETS":null,"EQUITY_MULTIPLIER":2.344075712657,"EQUITY_RATIO":1.346504095102}],"count":48},"success":true,"message":"ok","code":0}