{"version":"bb4817e7343f536ddb67884d5f8094f8","result":{"pages":9,"data":[{"SECUCODE":"00358.HK","SECURITY_CODE":"00358","SECURITY_NAME_ABBR":"江西铜业股份","ORG_CODE":"10002541","STD_REPORT_DATE":"2024-09-30 00:00:00","REPORT_DATE":"2024-09-30 00:00:00","DATE_TYPE_CODE":"004","REPORT_TYPE":"2024年三季报","PER_NETCASH_OPERATE":0.143074805754,"PER_OI":114.466173230189,"BPS":21.918030090486,"BASIC_EPS":1.44,"DILUTED_EPS":null,"OPERATE_INCOME":396365383922,"OPERATE_INCOME_YOY":-0.798413965,"GROSS_PROFIT":14415226806,"GROSS_PROFIT_YOY":38.672872456387,"HOLDER_PROFIT":4984199890,"HOLDER_PROFIT_YOY":0.8345259729,"GROSS_PROFIT_RATIO":3.636853113499,"EPS_TTM":1.960040304969,"OPERATE_INCOME_QOQ":-1.642175629114,"NET_PROFIT_RATIO":1.3761630534,"ROE_AVG":6.955429181063,"GROSS_PROFIT_QOQ":0.751891184937,"ROA":2.686435999801,"HOLDER_PROFIT_QOQ":-2.89118906867,"ROE_YEARLY":9.27390557475,"ROIC_YEARLY":3.527732266637,"TOTAL_ASSETS":202913202013,"TOTAL_LIABILITIES":117055280880,"TAX_EBT":21.88866495701,"OCF_SALES":0.124993088977,"TOTAL_PARENT_EQUITY":75896207294,"DEBT_ASSET_RATIO":57.6873656907,"OPERATE_PROFIT":7715247451,"PRETAX_PROFIT":6983152915,"NETCASH_OPERATE":495429337,"NETCASH_INVEST":-13726488315,"NETCASH_FINANCE":11465145183,"END_CASH":17870095815,"DIVI_RATIO":0.304825795921,"DIVIDEND_RATE":5.215981012658,"CURRENT_RATIO":1.352160127236,"COMMON_ACS":null,"CURRENTDEBT_DEBT":82.22276269677,"ISSUED_COMMON_SHARES":3462729405,"HK_COMMON_SHARES":1387482000,"PER_SHARES":1000,"TOTAL_MARKET_CAP":43768899679.2,"HKSK_MARKET_CAP":17537772480,"PE_TTM":5.77099482533,"PB_TTM":0.520057028526,"REPORT_DATE_SQ":"2023-09-30 00:00:00","REPORT_TYPE_SQ":"2023年三季报","OPERATE_INCOME_SQ":399555490758,"DPS_HKD":0.6593,"OPERATE_INCOME_QOQ_SQ":3.921104473294,"NET_PROFIT_RATIO_SQ":1.3392104325,"HOLDER_PROFIT_SQ":4942949691,"HOLDER_PROFIT_QOQ_SQ":5.751714202351,"ROE_AVG_SQ":6.414125128586,"PE_TTM_SQ":5.750138103934,"PB_TTM_SQ":0.450165458481,"ROA_SQ":2.675262920404,"START_DATE":"2024-01-01 00:00:00","FISCAL_YEAR":"12-31","CURRENCY":"HKD","IS_CNY_CODE":0,"DPS_HKD_LY":0.6593,"ORG_TYPE":"一般企业","PREMIUM_INCOME":null,"PREMIUM_INCOME_YOY":null,"NET_INTEREST_INCOME":null,"NET_INTEREST_INCOME_YOY":null,"FEE_COMMISSION_INCOME":null,"FEE_COMMISSION_INCOME_YOY":null,"ACCOUNTS_RECE_TDAYS":55.277292394911,"INVENTORY_TDAYS":8.937143162952,"CURRENT_ASSETS_TDAYS":3.414647899762,"TOTAL_ASSETS_TDAYS":2.136371453679,"PREMIUM_EXPENSE":null,"LOAN_DEPOSIT":null,"LOAN_EQUITY":null,"LOAN_ASSETS":null,"DEPOSIT_EQUITY":null,"DEPOSIT_ASSETS":null,"EQUITY_MULTIPLIER":2.363360297282,"EQUITY_RATIO":1.542307383379},{"SECUCODE":"00358.HK","SECURITY_CODE":"00358","SECURITY_NAME_ABBR":"江西铜业股份","ORG_CODE":"10002541","STD_REPORT_DATE":"2024-06-30 00:00:00","REPORT_DATE":"2024-06-30 00:00:00","DATE_TYPE_CODE":"002","REPORT_TYPE":"2024年中报","PER_NETCASH_OPERATE":-1.386106287448,"PER_OI":78.606720642672,"BPS":21.441046734058,"BASIC_EPS":1.07,"DILUTED_EPS":1.07,"OPERATE_INCOME":272193803000,"OPERATE_INCOME_YOY":2.0409280035,"GROSS_PROFIT":9789031000,"GROSS_PROFIT_YOY":66.236644560722,"HOLDER_PROFIT":3715621000,"HOLDER_PROFIT_YOY":7.0074570148,"GROSS_PROFIT_RATIO":3.596346019678,"EPS_TTM":2.018395947979,"OPERATE_INCOME_QOQ":2.069578437753,"NET_PROFIT_RATIO":1.5162325352,"ROE_AVG":5.245585374295,"GROSS_PROFIT_QOQ":24.697746710618,"ROA":1.883666559556,"HOLDER_PROFIT_QOQ":4.227829110808,"ROE_YEARLY":10.491170748591,"ROIC_YEARLY":4.50943406176,"TOTAL_ASSETS":226358513000,"TOTAL_LIABILITIES":142170636000,"TAX_EBT":19.03216237627,"OCF_SALES":-1.763343230852,"TOTAL_PARENT_EQUITY":74244543000,"DEBT_ASSET_RATIO":62.8077266085,"OPERATE_PROFIT":6268399000,"PRETAX_PROFIT":5097198000,"NETCASH_OPERATE":-4799711000,"NETCASH_INVEST":-13148702000,"NETCASH_FINANCE":20833161000,"END_CASH":22402172000,"DIVI_RATIO":0.296012705831,"DIVIDEND_RATE":5.048238897397,"CURRENT_RATIO":1.286132326738,"COMMON_ACS":null,"CURRENTDEBT_DEBT":84.802349058915,"ISSUED_COMMON_SHARES":3462729405,"HK_COMMON_SHARES":1387482000,"PER_SHARES":1000,"TOTAL_MARKET_CAP":45223246029.3,"HKSK_MARKET_CAP":18120514920,"PE_TTM":5.962752564779,"PB_TTM":0.537337404474,"REPORT_DATE_SQ":"2023-06-30 00:00:00","REPORT_TYPE_SQ":"2023年中报","OPERATE_INCOME_SQ":266749635000,"DPS_HKD":0.6593,"OPERATE_INCOME_QOQ_SQ":1.360113203757,"NET_PROFIT_RATIO_SQ":1.3976701411,"HOLDER_PROFIT_SQ":3472301000,"HOLDER_PROFIT_QOQ_SQ":-6.447627524677,"ROE_AVG_SQ":4.557977874038,"PE_TTM_SQ":5.186201617383,"PB_TTM_SQ":0.406016131554,"ROA_SQ":1.824804430781,"START_DATE":"2024-01-01 00:00:00","FISCAL_YEAR":"12-31","CURRENCY":"HKD","IS_CNY_CODE":0,"DPS_HKD_LY":0.6593,"ORG_TYPE":"一般企业","PREMIUM_INCOME":null,"PREMIUM_INCOME_YOY":null,"NET_INTEREST_INCOME":null,"NET_INTEREST_INCOME_YOY":null,"FEE_COMMISSION_INCOME":null,"FEE_COMMISSION_INCOME_YOY":null,"ACCOUNTS_RECE_TDAYS":37.162063508722,"INVENTORY_TDAYS":5.719685138367,"CURRENT_ASSETS_TDAYS":2.117604257751,"TOTAL_ASSETS_TDAYS":1.379910288023,"PREMIUM_EXPENSE":null,"LOAN_DEPOSIT":null,"LOAN_EQUITY":null,"LOAN_ASSETS":null,"DEPOSIT_EQUITY":null,"DEPOSIT_ASSETS":null,"EQUITY_MULTIPLIER":2.688730504515,"EQUITY_RATIO":1.914896775646},{"SECUCODE":"00358.HK","SECURITY_CODE":"00358","SECURITY_NAME_ABBR":"江西铜业股份","ORG_CODE":"10002541","STD_REPORT_DATE":"2024-03-31 00:00:00","REPORT_DATE":"2024-03-31 00:00:00","DATE_TYPE_CODE":"003","REPORT_TYPE":"2024年一季报","PER_NETCASH_OPERATE":-1.752534981578,"PER_OI":35.381521415763,"BPS":20.784132389634,"BASIC_EPS":0.5,"DILUTED_EPS":null,"OPERATE_INCOME":122516634600,"OPERATE_INCOME_YOY":-4.0840418208,"GROSS_PROFIT":4021105085,"GROSS_PROFIT_YOY":22.850288525274,"HOLDER_PROFIT":1714868346,"HOLDER_PROFIT_YOY":-2.2895987762,"GROSS_PROFIT_RATIO":3.282089079682,"EPS_TTM":1.936523062217,"OPERATE_INCOME_QOQ":-1.002555465721,"NET_PROFIT_RATIO":1.4695645656,"ROE_AVG":2.460499721916,"GROSS_PROFIT_QOQ":6.224270135985,"ROA":0.944866702328,"HOLDER_PROFIT_QOQ":-0.595680522467,"ROE_YEARLY":9.841998887665,"ROIC_YEARLY":4.934431126082,"TOTAL_ASSETS":194835394983,"TOTAL_LIABILITIES":113431649901,"TAX_EBT":17.913879795134,"OCF_SALES":-4.953249355741,"TOTAL_PARENT_EQUITY":71969826383,"DEBT_ASSET_RATIO":58.2192213642,"OPERATE_PROFIT":2691476345,"PRETAX_PROFIT":2193380616,"NETCASH_OPERATE":-6068554414,"NETCASH_INVEST":-2762877088,"NETCASH_FINANCE":3057883650,"END_CASH":13757591134,"DIVI_RATIO":0.30852761718,"DIVIDEND_RATE":5.048238897397,"CURRENT_RATIO":1.366074009312,"COMMON_ACS":null,"CURRENTDEBT_DEBT":80.651469186814,"ISSUED_COMMON_SHARES":3462729405,"HK_COMMON_SHARES":1387482000,"PER_SHARES":1000,"TOTAL_MARKET_CAP":45223246029.3,"HKSK_MARKET_CAP":18120514920,"PE_TTM":5.962752564779,"PB_TTM":0.537337404474,"REPORT_DATE_SQ":"2023-03-31 00:00:00","REPORT_TYPE_SQ":"2023年一季报","OPERATE_INCOME_SQ":127733316672,"DPS_HKD":0.6593,"OPERATE_INCOME_QOQ_SQ":1.166246883427,"NET_PROFIT_RATIO_SQ":1.3813882313,"HOLDER_PROFIT_SQ":1755051995,"HOLDER_PROFIT_QOQ_SQ":4.690368352719,"ROE_AVG_SQ":2.332833316168,"PE_TTM_SQ":5.186201617383,"PB_TTM_SQ":0.406016131554,"ROA_SQ":0.981915449189,"START_DATE":"2024-01-01 00:00:00","FISCAL_YEAR":"12-31","CURRENCY":"HKD","IS_CNY_CODE":0,"DPS_HKD_LY":0.6593,"ORG_TYPE":"一般企业","PREMIUM_INCOME":null,"PREMIUM_INCOME_YOY":null,"NET_INTEREST_INCOME":null,"NET_INTEREST_INCOME_YOY":null,"FEE_COMMISSION_INCOME":null,"FEE_COMMISSION_INCOME_YOY":null,"ACCOUNTS_RECE_TDAYS":18.185057869808,"INVENTORY_TDAYS":2.781103405739,"CURRENT_ASSETS_TDAYS":1.079488666155,"TOTAL_ASSETS_TDAYS":0.675048255365,"PREMIUM_EXPENSE":null,"LOAN_DEPOSIT":null,"LOAN_EQUITY":null,"LOAN_ASSETS":null,"DEPOSIT_EQUITY":null,"DEPOSIT_ASSETS":null,"EQUITY_MULTIPLIER":2.393445102392,"EQUITY_RATIO":1.576100090854},{"SECUCODE":"00358.HK","SECURITY_CODE":"00358","SECURITY_NAME_ABBR":"江西铜业股份","ORG_CODE":"10002541","STD_REPORT_DATE":"2023-12-31 00:00:00","REPORT_DATE":"2023-12-31 00:00:00","DATE_TYPE_CODE":"001","REPORT_TYPE":"2023年年报","PER_NETCASH_OPERATE":3.156809476425,"PER_OI":150.268311248537,"BPS":19.470781604432,"BASIC_EPS":1.95,"DILUTED_EPS":1.95,"OPERATE_INCOME":520338500000,"OPERATE_INCOME_YOY":8.7680346994,"GROSS_PROFIT":12016348000,"GROSS_PROFIT_YOY":-0.332089566475,"HOLDER_PROFIT":6745839000,"HOLDER_PROFIT_YOY":12.4029988623,"GROSS_PROFIT_RATIO":2.30933286697,"EPS_TTM":1.948127679356,"OPERATE_INCOME_QOQ":2.069221454572,"NET_PROFIT_RATIO":1.3891249638,"ROE_AVG":9.572592013132,"GROSS_PROFIT_QOQ":3.044244519994,"ROA":4.021586934498,"HOLDER_PROFIT_QOQ":8.524788665871,"ROE_YEARLY":9.572592013132,"ROIC_YEARLY":4.789423473731,"TOTAL_ASSETS":168150905428,"TOTAL_LIABILITIES":91402239741,"TAX_EBT":16.267858446076,"OCF_SALES":2.100781894863,"TOTAL_PARENT_EQUITY":67422048424,"DEBT_ASSET_RATIO":54.3572694161,"OPERATE_PROFIT":10868632000,"PRETAX_PROFIT":8632470000,"NETCASH_OPERATE":10931177000,"NETCASH_INVEST":-8228215000,"NETCASH_FINANCE":1932724000,"END_CASH":19484777000,"DIVI_RATIO":0.306689778258,"DIVIDEND_RATE":5.048238897397,"CURRENT_RATIO":1.451231437199,"COMMON_ACS":null,"CURRENTDEBT_DEBT":76.908433580176,"ISSUED_COMMON_SHARES":3462729405,"HK_COMMON_SHARES":1387482000,"PER_SHARES":1000,"TOTAL_MARKET_CAP":45223246029.3,"HKSK_MARKET_CAP":18120514920,"PE_TTM":5.962752564779,"PB_TTM":0.537337404474,"REPORT_DATE_SQ":"2022-12-31 00:00:00","REPORT_TYPE_SQ":"2022年年报","OPERATE_INCOME_SQ":478392849000,"DPS_HKD":0.6593,"OPERATE_INCOME_QOQ_SQ":1.243653311087,"NET_PROFIT_RATIO_SQ":1.2741733102,"HOLDER_PROFIT_SQ":6001476000,"HOLDER_PROFIT_QOQ_SQ":0.121009473592,"ROE_AVG_SQ":8.375077595198,"PE_TTM_SQ":5.186201617383,"PB_TTM_SQ":0.406016131554,"ROA_SQ":3.655366835893,"START_DATE":"2023-01-01 00:00:00","FISCAL_YEAR":"12-31","CURRENCY":"HKD","IS_CNY_CODE":0,"DPS_HKD_LY":0.5529,"ORG_TYPE":"一般企业","PREMIUM_INCOME":null,"PREMIUM_INCOME_YOY":null,"NET_INTEREST_INCOME":null,"NET_INTEREST_INCOME_YOY":null,"FEE_COMMISSION_INCOME":null,"FEE_COMMISSION_INCOME_YOY":null,"ACCOUNTS_RECE_TDAYS":77.974123699512,"INVENTORY_TDAYS":12.934380396578,"CURRENT_ASSETS_TDAYS":5.237320717132,"TOTAL_ASSETS_TDAYS":3.102040403152,"PREMIUM_EXPENSE":null,"LOAN_DEPOSIT":null,"LOAN_EQUITY":null,"LOAN_ASSETS":null,"DEPOSIT_EQUITY":null,"DEPOSIT_ASSETS":null,"EQUITY_MULTIPLIER":2.190929392714,"EQUITY_RATIO":1.355672838152},{"SECUCODE":"00358.HK","SECURITY_CODE":"00358","SECURITY_NAME_ABBR":"江西铜业股份","ORG_CODE":"10002541","STD_REPORT_DATE":"2023-09-30 00:00:00","REPORT_DATE":"2023-09-30 00:00:00","DATE_TYPE_CODE":"004","REPORT_TYPE":"2023年三季报","PER_NETCASH_OPERATE":2.37639697203,"PER_OI":115.387442686415,"BPS":23.278850925979,"BASIC_EPS":1.43,"DILUTED_EPS":null,"OPERATE_INCOME":399555490758,"OPERATE_INCOME_YOY":8.5281119316,"GROSS_PROFIT":10395131038,"GROSS_PROFIT_YOY":-3.661091401589,"HOLDER_PROFIT":4942949691,"HOLDER_PROFIT_YOY":4.5356409198,"GROSS_PROFIT_RATIO":2.601673929766,"EPS_TTM":1.795099261012,"OPERATE_INCOME_QOQ":3.921104473294,"NET_PROFIT_RATIO":1.3392104325,"ROE_AVG":6.414125128586,"GROSS_PROFIT_QOQ":-0.850031488804,"ROA":2.675262920404,"HOLDER_PROFIT_QOQ":5.751714202351,"ROE_YEARLY":8.552166838114,"ROIC_YEARLY":3.423631818574,"TOTAL_ASSETS":202199471671,"TOTAL_LIABILITIES":112256470862,"TAX_EBT":17.965697295589,"OCF_SALES":2.059493578073,"TOTAL_PARENT_EQUITY":80608361616,"DEBT_ASSET_RATIO":55.5176875262,"OPERATE_PROFIT":6955788219,"PRETAX_PROFIT":6522745534,"NETCASH_OPERATE":8228819673,"NETCASH_INVEST":-16425372227,"NETCASH_FINANCE":17167305233,"END_CASH":23938932451,"DIVI_RATIO":0.332834433714,"DIVIDEND_RATE":5.048238897397,"CURRENT_RATIO":1.386494596371,"COMMON_ACS":null,"CURRENTDEBT_DEBT":80.056877517982,"ISSUED_COMMON_SHARES":3462729405,"HK_COMMON_SHARES":1387482000,"PER_SHARES":1000,"TOTAL_MARKET_CAP":45223246029.3,"HKSK_MARKET_CAP":18120514920,"PE_TTM":5.962752564779,"PB_TTM":0.537337404474,"REPORT_DATE_SQ":"2022-09-30 00:00:00","REPORT_TYPE_SQ":"2022年三季报","OPERATE_INCOME_SQ":368158520080,"DPS_HKD":0.6593,"OPERATE_INCOME_QOQ_SQ":0.542775632957,"NET_PROFIT_RATIO_SQ":1.3723308544,"HOLDER_PROFIT_SQ":4728482695,"HOLDER_PROFIT_QOQ_SQ":-3.558510283654,"ROE_AVG_SQ":6.802342699774,"PE_TTM_SQ":5.186201617383,"PB_TTM_SQ":0.406016131554,"ROA_SQ":2.80468794095,"START_DATE":"2023-01-01 00:00:00","FISCAL_YEAR":"12-31","CURRENCY":"HKD","IS_CNY_CODE":0,"DPS_HKD_LY":0.5529,"ORG_TYPE":"一般企业","PREMIUM_INCOME":null,"PREMIUM_INCOME_YOY":null,"NET_INTEREST_INCOME":null,"NET_INTEREST_INCOME_YOY":null,"FEE_COMMISSION_INCOME":null,"FEE_COMMISSION_INCOME_YOY":null,"ACCOUNTS_RECE_TDAYS":56.041104798491,"INVENTORY_TDAYS":9.802631573127,"CURRENT_ASSETS_TDAYS":3.611128828428,"TOTAL_ASSETS_TDAYS":2.162506308764,"PREMIUM_EXPENSE":null,"LOAN_DEPOSIT":null,"LOAN_EQUITY":null,"LOAN_ASSETS":null,"DEPOSIT_EQUITY":null,"DEPOSIT_ASSETS":null,"EQUITY_MULTIPLIER":2.248084563025,"EQUITY_RATIO":1.392615711466},{"SECUCODE":"00358.HK","SECURITY_CODE":"00358","SECURITY_NAME_ABBR":"江西铜业股份","ORG_CODE":"10002541","STD_REPORT_DATE":"2023-06-30 00:00:00","REPORT_DATE":"2023-06-30 00:00:00","DATE_TYPE_CODE":"002","REPORT_TYPE":"2023年中报","PER_NETCASH_OPERATE":1.867015941432,"PER_OI":77.034501920603,"BPS":22.768980413588,"BASIC_EPS":1,"DILUTED_EPS":1,"OPERATE_INCOME":266749635000,"OPERATE_INCOME_YOY":4.7770587615,"GROSS_PROFIT":5888612000,"GROSS_PROFIT_YOY":-4.771644693487,"HOLDER_PROFIT":3472301000,"HOLDER_PROFIT_YOY":-3.4375424093,"GROSS_PROFIT_RATIO":2.207542664491,"EPS_TTM":1.697465875189,"OPERATE_INCOME_QOQ":1.360113203757,"NET_PROFIT_RATIO":1.3976701411,"ROE_AVG":4.557977874038,"GROSS_PROFIT_QOQ":0.832131620111,"ROA":1.824804430781,"HOLDER_PROFIT_QOQ":-6.447627524677,"ROE_YEARLY":9.115955748077,"ROIC_YEARLY":4.316656452118,"TOTAL_ASSETS":213236379000,"TOTAL_LIABILITIES":125119940000,"TAX_EBT":16.689943166608,"OCF_SALES":2.423610064171,"TOTAL_PARENT_EQUITY":78842818000,"DEBT_ASSET_RATIO":58.6766388488,"OPERATE_PROFIT":5584749000,"PRETAX_PROFIT":4475186000,"NETCASH_OPERATE":6464971000,"NETCASH_INVEST":-16110688000,"NETCASH_FINANCE":20469677000,"END_CASH":25900159000,"DIVI_RATIO":0.351978119109,"DIVIDEND_RATE":5.048238897397,"CURRENT_RATIO":1.309810193118,"COMMON_ACS":null,"CURRENTDEBT_DEBT":82.864121418217,"ISSUED_COMMON_SHARES":3462729405,"HK_COMMON_SHARES":1387482000,"PER_SHARES":1000,"TOTAL_MARKET_CAP":45223246029.3,"HKSK_MARKET_CAP":18120514920,"PE_TTM":5.962752564779,"PB_TTM":0.537337404474,"REPORT_DATE_SQ":"2022-06-30 00:00:00","REPORT_TYPE_SQ":"2022年中报","OPERATE_INCOME_SQ":254587825000,"DPS_HKD":0.6593,"OPERATE_INCOME_QOQ_SQ":1.783108007831,"NET_PROFIT_RATIO_SQ":1.519044754,"HOLDER_PROFIT_SQ":3595912000,"HOLDER_PROFIT_QOQ_SQ":-2.68125024264,"ROE_AVG_SQ":5.193899768541,"PE_TTM_SQ":5.186201617383,"PB_TTM_SQ":0.406016131554,"ROA_SQ":2.084598279994,"START_DATE":"2023-01-01 00:00:00","FISCAL_YEAR":"12-31","CURRENCY":"HKD","IS_CNY_CODE":0,"DPS_HKD_LY":0.5529,"ORG_TYPE":"一般企业","PREMIUM_INCOME":null,"PREMIUM_INCOME_YOY":null,"NET_INTEREST_INCOME":null,"NET_INTEREST_INCOME_YOY":null,"FEE_COMMISSION_INCOME":null,"FEE_COMMISSION_INCOME_YOY":null,"ACCOUNTS_RECE_TDAYS":38.156748997624,"INVENTORY_TDAYS":6.776127732754,"CURRENT_ASSETS_TDAYS":2.294731206067,"TOTAL_ASSETS_TDAYS":1.401854032405,"PREMIUM_EXPENSE":null,"LOAN_DEPOSIT":null,"LOAN_EQUITY":null,"LOAN_ASSETS":null,"DEPOSIT_EQUITY":null,"DEPOSIT_ASSETS":null,"EQUITY_MULTIPLIER":2.419938679095,"EQUITY_RATIO":1.586954185225},{"SECUCODE":"00358.HK","SECURITY_CODE":"00358","SECURITY_NAME_ABBR":"江西铜业股份","ORG_CODE":"10002541","STD_REPORT_DATE":"2023-03-31 00:00:00","REPORT_DATE":"2023-03-31 00:00:00","DATE_TYPE_CODE":"003","REPORT_TYPE":"2023年一季报","PER_NETCASH_OPERATE":-1.156448142098,"PER_OI":36.888044583432,"BPS":22.221378805082,"BASIC_EPS":0.51,"DILUTED_EPS":null,"OPERATE_INCOME":127733316672,"OPERATE_INCOME_YOY":4.5673807386,"GROSS_PROFIT":3273175125,"GROSS_PROFIT_YOY":-10.698305464742,"HOLDER_PROFIT":1755051995,"HOLDER_PROFIT_YOY":19.1027989466,"GROSS_PROFIT_RATIO":2.562506956118,"EPS_TTM":1.814455187266,"OPERATE_INCOME_QOQ":1.166246883427,"NET_PROFIT_RATIO":1.3813882313,"ROE_AVG":2.332833316168,"GROSS_PROFIT_QOQ":-3.252425760091,"ROA":0.981915449189,"HOLDER_PROFIT_QOQ":4.690368352719,"ROE_YEARLY":9.331333264673,"ROIC_YEARLY":4.919843743127,"TOTAL_ASSETS":190144637002,"TOTAL_LIABILITIES":104564145947,"TAX_EBT":14.974825519314,"OCF_SALES":-3.135021536537,"TOTAL_PARENT_EQUITY":76946621808,"DEBT_ASSET_RATIO":54.9918985861,"OPERATE_PROFIT":2355017607,"PRETAX_PROFIT":2075259492,"NETCASH_OPERATE":-4004466987,"NETCASH_INVEST":-2530934027,"NETCASH_FINANCE":7166773217,"END_CASH":15088200512,"DIVI_RATIO":0.32928388102,"DIVIDEND_RATE":5.048238897397,"CURRENT_RATIO":1.393145326924,"COMMON_ACS":null,"CURRENTDEBT_DEBT":79.88885167612,"ISSUED_COMMON_SHARES":3462729405,"HK_COMMON_SHARES":1387482000,"PER_SHARES":1000,"TOTAL_MARKET_CAP":45223246029.3,"HKSK_MARKET_CAP":18120514920,"PE_TTM":5.962752564779,"PB_TTM":0.537337404474,"REPORT_DATE_SQ":"2022-03-31 00:00:00","REPORT_TYPE_SQ":"2022年一季报","OPERATE_INCOME_SQ":122154074980,"DPS_HKD":0.6593,"OPERATE_INCOME_QOQ_SQ":4.555535091903,"NET_PROFIT_RATIO_SQ":1.2694096274,"HOLDER_PROFIT_SQ":1473560664,"HOLDER_PROFIT_QOQ_SQ":10.638581816449,"ROE_AVG_SQ":1.967636733299,"PE_TTM_SQ":5.186201617383,"PB_TTM_SQ":0.406016131554,"ROA_SQ":0.841037938181,"START_DATE":"2023-01-01 00:00:00","FISCAL_YEAR":"12-31","CURRENCY":"HKD","IS_CNY_CODE":0,"DPS_HKD_LY":0.5529,"ORG_TYPE":"一般企业","PREMIUM_INCOME":null,"PREMIUM_INCOME_YOY":null,"NET_INTEREST_INCOME":null,"NET_INTEREST_INCOME_YOY":null,"FEE_COMMISSION_INCOME":null,"FEE_COMMISSION_INCOME_YOY":null,"ACCOUNTS_RECE_TDAYS":17.366162580339,"INVENTORY_TDAYS":3.143288302293,"CURRENT_ASSETS_TDAYS":1.199009119702,"TOTAL_ASSETS_TDAYS":0.714641602493,"PREMIUM_EXPENSE":null,"LOAN_DEPOSIT":null,"LOAN_EQUITY":null,"LOAN_ASSETS":null,"DEPOSIT_EQUITY":null,"DEPOSIT_ASSETS":null,"EQUITY_MULTIPLIER":2.221822224412,"EQUITY_RATIO":1.358917954942},{"SECUCODE":"00358.HK","SECURITY_CODE":"00358","SECURITY_NAME_ABBR":"江西铜业股份","ORG_CODE":"10002541","STD_REPORT_DATE":"2022-12-31 00:00:00","REPORT_DATE":"2022-12-31 00:00:00","DATE_TYPE_CODE":"001","REPORT_TYPE":"2022年年报","PER_NETCASH_OPERATE":3.073102098199,"PER_OI":138.154846379052,"BPS":21.231416435209,"BASIC_EPS":1.73,"DILUTED_EPS":1.73,"OPERATE_INCOME":478392849000,"OPERATE_INCOME_YOY":8.3281722324,"GROSS_PROFIT":12056386000,"GROSS_PROFIT_YOY":-25.539167546393,"HOLDER_PROFIT":6001476000,"HOLDER_PROFIT_YOY":3.9662192888,"GROSS_PROFIT_RATIO":2.520185246331,"EPS_TTM":1.733163437875,"OPERATE_INCOME_QOQ":1.243653311087,"NET_PROFIT_RATIO":1.2741733102,"ROE_AVG":8.375077595198,"GROSS_PROFIT_QOQ":-3.412390165609,"ROA":3.655366835893,"HOLDER_PROFIT_QOQ":0.121009473592,"ROE_YEARLY":8.375077595198,"ROIC_YEARLY":4.350480803448,"TOTAL_ASSETS":167330540000,"TOTAL_LIABILITIES":85380383000,"TAX_EBT":18.710317370353,"OCF_SALES":2.224389645925,"TOTAL_PARENT_EQUITY":73518650000,"DEBT_ASSET_RATIO":51.0249850386,"OPERATE_PROFIT":9681065000,"PRETAX_PROFIT":7498558000,"NETCASH_OPERATE":10641321000,"NETCASH_INVEST":-7718982000,"NETCASH_FINANCE":-9753802000,"END_CASH":14727876000,"DIVI_RATIO":0.344728507966,"DIVIDEND_RATE":5.048238897397,"CURRENT_RATIO":1.320746625199,"COMMON_ACS":null,"CURRENTDEBT_DEBT":85.74250598056,"ISSUED_COMMON_SHARES":3462729405,"HK_COMMON_SHARES":1387482000,"PER_SHARES":1000,"TOTAL_MARKET_CAP":45223246029.3,"HKSK_MARKET_CAP":18120514920,"PE_TTM":5.962752564779,"PB_TTM":0.537337404474,"REPORT_DATE_SQ":"2021-12-31 00:00:00","REPORT_TYPE_SQ":"2021年年报","OPERATE_INCOME_SQ":441614438000,"DPS_HKD":0.6593,"OPERATE_INCOME_QOQ_SQ":3.24605148376,"NET_PROFIT_RATIO_SQ":1.3653174537,"HOLDER_PROFIT_SQ":5772525000,"HOLDER_PROFIT_QOQ_SQ":10.967592642295,"ROE_AVG_SQ":8.900714825686,"PE_TTM_SQ":5.186201617383,"PB_TTM_SQ":0.406016131554,"ROA_SQ":3.823925365037,"START_DATE":"2022-01-01 00:00:00","FISCAL_YEAR":"12-31","CURRENCY":"HKD","IS_CNY_CODE":0,"DPS_HKD_LY":0.5877,"ORG_TYPE":"一般企业","PREMIUM_INCOME":null,"PREMIUM_INCOME_YOY":null,"NET_INTEREST_INCOME":null,"NET_INTEREST_INCOME_YOY":null,"FEE_COMMISSION_INCOME":null,"FEE_COMMISSION_INCOME_YOY":null,"ACCOUNTS_RECE_TDAYS":63.142189056532,"INVENTORY_TDAYS":12.42924756279,"CURRENT_ASSETS_TDAYS":5.037568104603,"TOTAL_ASSETS_TDAYS":2.913785466713,"PREMIUM_EXPENSE":null,"LOAN_DEPOSIT":null,"LOAN_EQUITY":null,"LOAN_ASSETS":null,"DEPOSIT_EQUITY":null,"DEPOSIT_ASSETS":null,"EQUITY_MULTIPLIER":2.041857467095,"EQUITY_RATIO":1.161343182988},{"SECUCODE":"00358.HK","SECURITY_CODE":"00358","SECURITY_NAME_ABBR":"江西铜业股份","ORG_CODE":"10002541","STD_REPORT_DATE":"2022-09-30 00:00:00","REPORT_DATE":"2022-09-30 00:00:00","DATE_TYPE_CODE":"004","REPORT_TYPE":"2022年三季报","PER_NETCASH_OPERATE":3.060091032727,"PER_OI":106.3203262572,"BPS":19.99182267781,"BASIC_EPS":1.37,"DILUTED_EPS":null,"OPERATE_INCOME":368158520080,"OPERATE_INCOME_YOY":9.1627406754,"GROSS_PROFIT":10790168987,"GROSS_PROFIT_YOY":-25.582055112763,"HOLDER_PROFIT":4728482695,"HOLDER_PROFIT_YOY":4.9191920542,"GROSS_PROFIT_RATIO":2.930848642225,"EPS_TTM":1.731068680777,"OPERATE_INCOME_QOQ":0.542775632957,"NET_PROFIT_RATIO":1.3723308544,"ROE_AVG":6.802342699774,"GROSS_PROFIT_QOQ":3.646976797213,"ROA":2.80468794095,"HOLDER_PROFIT_QOQ":-3.558510283654,"ROE_YEARLY":9.069790266366,"ROIC_YEARLY":3.729113687287,"TOTAL_ASSETS":176149585303,"TOTAL_LIABILITIES":98341872453,"TAX_EBT":18.500023588094,"OCF_SALES":2.878180626839,"TOTAL_PARENT_EQUITY":69226272246,"DEBT_ASSET_RATIO":55.8286142337,"OPERATE_PROFIT":6414276810,"PRETAX_PROFIT":6199207885,"NETCASH_OPERATE":10596267201,"NETCASH_INVEST":-12408546565,"NETCASH_FINANCE":5506215416,"END_CASH":24949440327,"DIVI_RATIO":0.345145662119,"DIVIDEND_RATE":5.048238897397,"CURRENT_RATIO":1.383125147269,"COMMON_ACS":null,"CURRENTDEBT_DEBT":83.180524128311,"ISSUED_COMMON_SHARES":3462729405,"HK_COMMON_SHARES":1387482000,"PER_SHARES":1000,"TOTAL_MARKET_CAP":45223246029.3,"HKSK_MARKET_CAP":18120514920,"PE_TTM":5.962752564779,"PB_TTM":0.537337404474,"REPORT_DATE_SQ":"2021-09-30 00:00:00","REPORT_TYPE_SQ":"2021年三季报","OPERATE_INCOME_SQ":337256574727,"DPS_HKD":0.6593,"OPERATE_INCOME_QOQ_SQ":7.64075267889,"NET_PROFIT_RATIO_SQ":1.4123545099,"HOLDER_PROFIT_SQ":4506785272,"HOLDER_PROFIT_QOQ_SQ":13.240537847695,"ROE_AVG_SQ":7.252961838247,"PE_TTM_SQ":5.186201617383,"PB_TTM_SQ":0.406016131554,"ROA_SQ":2.935812044064,"START_DATE":"2022-01-01 00:00:00","FISCAL_YEAR":"12-31","CURRENCY":"HKD","IS_CNY_CODE":0,"DPS_HKD_LY":0.5877,"ORG_TYPE":"一般企业","PREMIUM_INCOME":null,"PREMIUM_INCOME_YOY":null,"NET_INTEREST_INCOME":null,"NET_INTEREST_INCOME_YOY":null,"FEE_COMMISSION_INCOME":null,"FEE_COMMISSION_INCOME_YOY":null,"ACCOUNTS_RECE_TDAYS":45.771283121772,"INVENTORY_TDAYS":10.141199302631,"CURRENT_ASSETS_TDAYS":3.567717513275,"TOTAL_ASSETS_TDAYS":2.1837232538,"PREMIUM_EXPENSE":null,"LOAN_DEPOSIT":null,"LOAN_EQUITY":null,"LOAN_ASSETS":null,"DEPOSIT_EQUITY":null,"DEPOSIT_ASSETS":null,"EQUITY_MULTIPLIER":2.263909050286,"EQUITY_RATIO":1.420585989428}],"count":79},"success":true,"message":"ok","code":0}