{"version":"82165944b5f7f5ebc2f08731aa9fb4ac","result":{"pages":5,"data":[{"SECUCODE":"00352.HK","SECURITY_CODE":"00352","SECURITY_NAME_ABBR":"富阳","ORG_CODE":"10095389","STD_REPORT_DATE":"2024-06-30 00:00:00","REPORT_DATE":"2024-06-30 00:00:00","DATE_TYPE_CODE":"002","REPORT_TYPE":"2024年中报","PER_NETCASH_OPERATE":-0.002640308105,"PER_OI":0.00465506629,"BPS":0.030582891884,"BASIC_EPS":-0.0161,"DILUTED_EPS":-0.0161,"OPERATE_INCOME":1146000,"OPERATE_INCOME_YOY":-85.406850885,"GROSS_PROFIT":-238000,"GROSS_PROFIT_YOY":-118.265541059094,"HOLDER_PROFIT":-3979000,"HOLDER_PROFIT_YOY":-4.9868073879,"GROSS_PROFIT_RATIO":-20.767888307155,"EPS_TTM":-0.037833584142,"OPERATE_INCOME_QOQ":-74.804818202097,"NET_PROFIT_RATIO":-347.2076788831,"ROE_AVG":-42.406479803901,"GROSS_PROFIT_QOQ":-613.94422310757,"ROA":-16.972721649924,"HOLDER_PROFIT_QOQ":-2.071232876712,"ROE_YEARLY":-84.812959607801,"ROIC_YEARLY":-44.558918222795,"TOTAL_ASSETS":20905000,"TOTAL_LIABILITIES":13376000,"TAX_EBT":null,"OCF_SALES":-56.719022687609,"TOTAL_PARENT_EQUITY":7529000,"DEBT_ASSET_RATIO":63.9846926573,"OPERATE_PROFIT":-3936000,"PRETAX_PROFIT":-3979000,"NETCASH_OPERATE":-650000,"NETCASH_INVEST":63000,"NETCASH_FINANCE":-1284000,"END_CASH":4784000,"DIVI_RATIO":null,"DIVIDEND_RATE":null,"CURRENT_RATIO":1.845470307759,"COMMON_ACS":2000000000,"CURRENTDEBT_DEBT":34.49461722488,"ISSUED_COMMON_SHARES":246183390,"HK_COMMON_SHARES":246183390,"PER_SHARES":2000,"TOTAL_MARKET_CAP":16248103.74,"HKSK_MARKET_CAP":16248103.74,"PE_TTM":-1.57469285124,"PB_TTM":1.969626686336,"REPORT_DATE_SQ":"2023-06-30 00:00:00","REPORT_TYPE_SQ":"2023年中报","OPERATE_INCOME_SQ":7853000,"DPS_HKD":null,"OPERATE_INCOME_QOQ_SQ":11.329140461216,"NET_PROFIT_RATIO_SQ":-48.261810773,"HOLDER_PROFIT_SQ":-3790000,"HOLDER_PROFIT_QOQ_SQ":0.953783575286,"ROE_AVG_SQ":-20.459391616508,"PE_TTM_SQ":-1.510559285849,"PB_TTM_SQ":1.294437230259,"ROA_SQ":-10.944900080859,"START_DATE":"2024-01-01 00:00:00","FISCAL_YEAR":"12-31","CURRENCY":"HKD","IS_CNY_CODE":0,"DPS_HKD_LY":null,"ORG_TYPE":"一般企业","PREMIUM_INCOME":null,"PREMIUM_INCOME_YOY":null,"NET_INTEREST_INCOME":null,"NET_INTEREST_INCOME_YOY":null,"FEE_COMMISSION_INCOME":null,"FEE_COMMISSION_INCOME_YOY":null,"ACCOUNTS_RECE_TDAYS":0.614147909968,"INVENTORY_TDAYS":null,"CURRENT_ASSETS_TDAYS":0.107625845229,"TOTAL_ASSETS_TDAYS":0.048883485828,"PREMIUM_EXPENSE":null,"LOAN_DEPOSIT":null,"LOAN_EQUITY":null,"LOAN_ASSETS":null,"DEPOSIT_EQUITY":null,"DEPOSIT_ASSETS":null,"EQUITY_MULTIPLIER":2.77659715766,"EQUITY_RATIO":1.776597157657},{"SECUCODE":"00352.HK","SECURITY_CODE":"00352","SECURITY_NAME_ABBR":"富阳","ORG_CODE":"10095389","STD_REPORT_DATE":"2023-12-31 00:00:00","REPORT_DATE":"2023-12-31 00:00:00","DATE_TYPE_CODE":"001","REPORT_TYPE":"2023年年报","PER_NETCASH_OPERATE":-0.016321166103,"PER_OI":0.036420003803,"BPS":0.045644834121,"BASIC_EPS":-0.0379,"DILUTED_EPS":-0.0379,"OPERATE_INCOME":8966000,"OPERATE_INCOME_YOY":-24.8134171908,"GROSS_PROFIT":-251000,"GROSS_PROFIT_YOY":-182.565789473684,"HOLDER_PROFIT":-9125000,"HOLDER_PROFIT_YOY":36.005329967,"GROSS_PROFIT_RATIO":-2.799464644211,"EPS_TTM":-0.037065863786,"OPERATE_INCOME_QOQ":-32.464597770413,"NET_PROFIT_RATIO":-101.7733660495,"ROE_AVG":-57.702036170482,"GROSS_PROFIT_QOQ":-145.062836624776,"ROA":-29.111501036848,"HOLDER_PROFIT_QOQ":35.389081639878,"ROE_YEARLY":-57.702036170482,"ROIC_YEARLY":-36.812909732728,"TOTAL_ASSETS":25982000,"TOTAL_LIABILITIES":14745000,"TAX_EBT":null,"OCF_SALES":-44.813740798572,"TOTAL_PARENT_EQUITY":11237000,"DEBT_ASSET_RATIO":56.750827496,"OPERATE_PROFIT":-9020000,"PRETAX_PROFIT":-9125000,"NETCASH_OPERATE":-4018000,"NETCASH_INVEST":4177000,"NETCASH_FINANCE":-495000,"END_CASH":6384000,"DIVI_RATIO":null,"DIVIDEND_RATE":null,"CURRENT_RATIO":2.691870261163,"COMMON_ACS":2000000000,"CURRENTDEBT_DEBT":32.200746015599,"ISSUED_COMMON_SHARES":246183390,"HK_COMMON_SHARES":246183390,"PER_SHARES":2000,"TOTAL_MARKET_CAP":19940854.59,"HKSK_MARKET_CAP":19940854.59,"PE_TTM":-1.932577590159,"PB_TTM":2.417269115049,"REPORT_DATE_SQ":"2022-12-31 00:00:00","REPORT_TYPE_SQ":"2022年年报","OPERATE_INCOME_SQ":11925000,"DPS_HKD":null,"OPERATE_INCOME_QOQ_SQ":-45.805308125795,"NET_PROFIT_RATIO_SQ":-119.572327044,"HOLDER_PROFIT_SQ":-14259000,"HOLDER_PROFIT_QOQ_SQ":-103.438436296191,"ROE_AVG_SQ":-52.182982616651,"PE_TTM_SQ":-2.560000473912,"PB_TTM_SQ":2.193730463913,"ROA_SQ":-35.283200950189,"START_DATE":"2023-01-01 00:00:00","FISCAL_YEAR":"12-31","CURRENCY":"HKD","IS_CNY_CODE":0,"DPS_HKD_LY":null,"ORG_TYPE":"一般企业","PREMIUM_INCOME":null,"PREMIUM_INCOME_YOY":null,"NET_INTEREST_INCOME":null,"NET_INTEREST_INCOME_YOY":null,"FEE_COMMISSION_INCOME":null,"FEE_COMMISSION_INCOME_YOY":null,"ACCOUNTS_RECE_TDAYS":1.68883028819,"INVENTORY_TDAYS":null,"CURRENT_ASSETS_TDAYS":0.51766743649,"TOTAL_ASSETS_TDAYS":0.28604243101,"PREMIUM_EXPENSE":null,"LOAN_DEPOSIT":null,"LOAN_EQUITY":null,"LOAN_ASSETS":null,"DEPOSIT_EQUITY":null,"DEPOSIT_ASSETS":null,"EQUITY_MULTIPLIER":2.312182966986,"EQUITY_RATIO":1.312182966984},{"SECUCODE":"00352.HK","SECURITY_CODE":"00352","SECURITY_NAME_ABBR":"富阳","ORG_CODE":"10095389","STD_REPORT_DATE":"2023-06-30 00:00:00","REPORT_DATE":"2023-06-30 00:00:00","DATE_TYPE_CODE":"002","REPORT_TYPE":"2023年中报","PER_NETCASH_OPERATE":-0.007258816283,"PER_OI":0.031898983924,"BPS":0.067665003719,"BASIC_EPS":-0.0154,"DILUTED_EPS":-0.0154,"OPERATE_INCOME":7853000,"OPERATE_INCOME_YOY":20.7782220855,"GROSS_PROFIT":1303000,"GROSS_PROFIT_YOY":24.095238095238,"HOLDER_PROFIT":-3790000,"HOLDER_PROFIT_YOY":3.4640855833,"GROSS_PROFIT_RATIO":16.592385075767,"EPS_TTM":-0.057367802109,"OPERATE_INCOME_QOQ":11.329140461216,"NET_PROFIT_RATIO":-48.261810773,"ROE_AVG":-20.459391616508,"GROSS_PROFIT_QOQ":83.223684210526,"ROA":-10.944900080859,"HOLDER_PROFIT_QOQ":0.953783575286,"ROE_YEARLY":-40.918783233016,"ROIC_YEARLY":-26.386326452466,"TOTAL_ASSETS":32548000,"TOTAL_LIABILITIES":15890000,"TAX_EBT":null,"OCF_SALES":-22.755634789253,"TOTAL_PARENT_EQUITY":16658000,"DEBT_ASSET_RATIO":48.8202040064,"OPERATE_PROFIT":-3739000,"PRETAX_PROFIT":-3790000,"NETCASH_OPERATE":-1787000,"NETCASH_INVEST":212000,"NETCASH_FINANCE":-142000,"END_CASH":5071000,"DIVI_RATIO":null,"DIVIDEND_RATE":null,"CURRENT_RATIO":3.248311411305,"COMMON_ACS":2000000000,"CURRENTDEBT_DEBT":35.405915670233,"ISSUED_COMMON_SHARES":246183390,"HK_COMMON_SHARES":246183390,"PER_SHARES":2000,"TOTAL_MARKET_CAP":19940854.59,"HKSK_MARKET_CAP":19940854.59,"PE_TTM":-1.932577590159,"PB_TTM":2.417269115049,"REPORT_DATE_SQ":"2022-06-30 00:00:00","REPORT_TYPE_SQ":"2022年中报","OPERATE_INCOME_SQ":6502000,"DPS_HKD":null,"OPERATE_INCOME_QOQ_SQ":-45.32216783043,"NET_PROFIT_RATIO_SQ":-60.3814211012,"HOLDER_PROFIT_SQ":-3926000,"HOLDER_PROFIT_QOQ_SQ":-140.85910652921,"ROE_AVG_SQ":-12.101969729663,"PE_TTM_SQ":-2.560000473912,"PB_TTM_SQ":2.193730463913,"ROA_SQ":-9.634237616716,"START_DATE":"2023-01-01 00:00:00","FISCAL_YEAR":"12-31","CURRENCY":"HKD","IS_CNY_CODE":0,"DPS_HKD_LY":null,"ORG_TYPE":"一般企业","PREMIUM_INCOME":null,"PREMIUM_INCOME_YOY":null,"NET_INTEREST_INCOME":null,"NET_INTEREST_INCOME_YOY":null,"FEE_COMMISSION_INCOME":null,"FEE_COMMISSION_INCOME_YOY":null,"ACCOUNTS_RECE_TDAYS":0.99480618191,"INVENTORY_TDAYS":null,"CURRENT_ASSETS_TDAYS":0.391339014302,"TOTAL_ASSETS_TDAYS":0.226781795079,"PREMIUM_EXPENSE":null,"LOAN_DEPOSIT":null,"LOAN_EQUITY":null,"LOAN_ASSETS":null,"DEPOSIT_EQUITY":null,"DEPOSIT_ASSETS":null,"EQUITY_MULTIPLIER":1.953896025934,"EQUITY_RATIO":0.953896025933},{"SECUCODE":"00352.HK","SECURITY_CODE":"00352","SECURITY_NAME_ABBR":"富阳","ORG_CODE":"10095389","STD_REPORT_DATE":"2022-12-31 00:00:00","REPORT_DATE":"2022-12-31 00:00:00","DATE_TYPE_CODE":"001","REPORT_TYPE":"2022年年报","PER_NETCASH_OPERATE":-0.012340393883,"PER_OI":0.048439498701,"BPS":0.082828496269,"BASIC_EPS":-0.0579,"DILUTED_EPS":-0.0579,"OPERATE_INCOME":11925000,"OPERATE_INCOME_YOY":-70.3675173322,"GROSS_PROFIT":304000,"GROSS_PROFIT_YOY":-96.92494436577,"HOLDER_PROFIT":-14259000,"HOLDER_PROFIT_YOY":-390,"GROSS_PROFIT_RATIO":2.549266247379,"EPS_TTM":-0.057920235805,"OPERATE_INCOME_QOQ":-45.805308125795,"NET_PROFIT_RATIO":-119.572327044,"ROE_AVG":-52.182982616651,"GROSS_PROFIT_QOQ":-92.956441149212,"ROA":-35.283200950189,"HOLDER_PROFIT_QOQ":-103.438436296191,"ROE_YEARLY":-52.182982616651,"ROIC_YEARLY":-42.930691876919,"TOTAL_ASSETS":36708000,"TOTAL_LIABILITIES":16317000,"TAX_EBT":null,"OCF_SALES":-25.475890985325,"TOTAL_PARENT_EQUITY":20391000,"DEBT_ASSET_RATIO":44.4508009153,"OPERATE_PROFIT":-14189000,"PRETAX_PROFIT":-14259000,"NETCASH_OPERATE":-3038000,"NETCASH_INVEST":-1054000,"NETCASH_FINANCE":2744000,"END_CASH":6731000,"DIVI_RATIO":null,"DIVIDEND_RATE":null,"CURRENT_RATIO":3.667002180842,"COMMON_ACS":2000000000,"CURRENTDEBT_DEBT":36.532450818165,"ISSUED_COMMON_SHARES":246183390,"HK_COMMON_SHARES":246183390,"PER_SHARES":2000,"TOTAL_MARKET_CAP":19940854.59,"HKSK_MARKET_CAP":19940854.59,"PE_TTM":-1.932577590159,"PB_TTM":2.417269115049,"REPORT_DATE_SQ":"2021-12-31 00:00:00","REPORT_TYPE_SQ":"2021年年报","OPERATE_INCOME_SQ":40243000,"DPS_HKD":null,"OPERATE_INCOME_QOQ_SQ":-9.217442306391,"NET_PROFIT_RATIO_SQ":-7.2310712422,"HOLDER_PROFIT_SQ":-2910000,"HOLDER_PROFIT_QOQ_SQ":-166.076294277929,"ROE_AVG_SQ":-8.130876374356,"PE_TTM_SQ":-2.560000473912,"PB_TTM_SQ":2.193730463913,"ROA_SQ":-6.312638292334,"START_DATE":"2022-01-01 00:00:00","FISCAL_YEAR":"12-31","CURRENCY":"HKD","IS_CNY_CODE":0,"DPS_HKD_LY":null,"ORG_TYPE":"一般企业","PREMIUM_INCOME":null,"PREMIUM_INCOME_YOY":null,"NET_INTEREST_INCOME":null,"NET_INTEREST_INCOME_YOY":null,"FEE_COMMISSION_INCOME":null,"FEE_COMMISSION_INCOME_YOY":null,"ACCOUNTS_RECE_TDAYS":0.902554399243,"INVENTORY_TDAYS":null,"CURRENT_ASSETS_TDAYS":0.457001609565,"TOTAL_ASSETS_TDAYS":0.295078316383,"PREMIUM_EXPENSE":null,"LOAN_DEPOSIT":null,"LOAN_EQUITY":null,"LOAN_ASSETS":null,"DEPOSIT_EQUITY":null,"DEPOSIT_ASSETS":null,"EQUITY_MULTIPLIER":1.800205973222,"EQUITY_RATIO":0.800205973223},{"SECUCODE":"00352.HK","SECURITY_CODE":"00352","SECURITY_NAME_ABBR":"富阳","ORG_CODE":"10095389","STD_REPORT_DATE":"2022-06-30 00:00:00","REPORT_DATE":"2022-06-30 00:00:00","DATE_TYPE_CODE":"002","REPORT_TYPE":"2022年中报","PER_NETCASH_OPERATE":0.005975220343,"PER_OI":0.026411205078,"BPS":0.124391007858,"BASIC_EPS":-0.0159,"DILUTED_EPS":-0.0159,"OPERATE_INCOME":6502000,"OPERATE_INCOME_YOY":-73.7197364698,"GROSS_PROFIT":1050000,"GROSS_PROFIT_YOY":-84.138972809668,"HOLDER_PROFIT":-3926000,"HOLDER_PROFIT_YOY":-2369.3641618497,"GROSS_PROFIT_RATIO":16.148877268533,"EPS_TTM":-0.0284706454,"OPERATE_INCOME_QOQ":-45.32216783043,"NET_PROFIT_RATIO":-60.3814211012,"ROE_AVG":-12.101969729663,"GROSS_PROFIT_QOQ":-56.3423022456,"ROA":-9.634237616716,"HOLDER_PROFIT_QOQ":-140.85910652921,"ROE_YEARLY":-24.203939459326,"ROIC_YEARLY":-23.292791456541,"TOTAL_ASSETS":37383000,"TOTAL_LIABILITIES":6760000,"TAX_EBT":null,"OCF_SALES":22.623808059059,"TOTAL_PARENT_EQUITY":30623000,"DEBT_ASSET_RATIO":18.0830858947,"OPERATE_PROFIT":-3920000,"PRETAX_PROFIT":-3926000,"NETCASH_OPERATE":1471000,"NETCASH_INVEST":-14000,"NETCASH_FINANCE":-3000000,"END_CASH":6414000,"DIVI_RATIO":null,"DIVIDEND_RATE":null,"CURRENT_RATIO":5.125805066552,"COMMON_ACS":2000000000,"CURRENTDEBT_DEBT":68.905325443787,"ISSUED_COMMON_SHARES":246183390,"HK_COMMON_SHARES":246183390,"PER_SHARES":2000,"TOTAL_MARKET_CAP":19940854.59,"HKSK_MARKET_CAP":19940854.59,"PE_TTM":-1.932577590159,"PB_TTM":2.417269115049,"REPORT_DATE_SQ":"2021-06-30 00:00:00","REPORT_TYPE_SQ":"2021年中报","OPERATE_INCOME_SQ":24741000,"DPS_HKD":null,"OPERATE_INCOME_QOQ_SQ":65.375862712181,"NET_PROFIT_RATIO_SQ":0.6992441696,"HOLDER_PROFIT_SQ":173000,"HOLDER_PROFIT_QOQ_SQ":7493.10344827586,"ROE_AVG_SQ":0.462659624256,"PE_TTM_SQ":-2.560000473912,"PB_TTM_SQ":2.193730463913,"ROA_SQ":0.36240232943,"START_DATE":"2022-01-01 00:00:00","FISCAL_YEAR":"12-31","CURRENCY":"HKD","IS_CNY_CODE":0,"DPS_HKD_LY":null,"ORG_TYPE":"一般企业","PREMIUM_INCOME":null,"PREMIUM_INCOME_YOY":null,"NET_INTEREST_INCOME":null,"NET_INTEREST_INCOME_YOY":null,"FEE_COMMISSION_INCOME":null,"FEE_COMMISSION_INCOME_YOY":null,"ACCOUNTS_RECE_TDAYS":0.45556139429,"INVENTORY_TDAYS":null,"CURRENT_ASSETS_TDAYS":0.23990406789,"TOTAL_ASSETS_TDAYS":0.159556324462,"PREMIUM_EXPENSE":null,"LOAN_DEPOSIT":null,"LOAN_EQUITY":null,"LOAN_ASSETS":null,"DEPOSIT_EQUITY":null,"DEPOSIT_ASSETS":null,"EQUITY_MULTIPLIER":1.220749110147,"EQUITY_RATIO":0.220749110146},{"SECUCODE":"00352.HK","SECURITY_CODE":"00352","SECURITY_NAME_ABBR":"富阳","ORG_CODE":"10095389","STD_REPORT_DATE":"2021-12-31 00:00:00","REPORT_DATE":"2021-12-31 00:00:00","DATE_TYPE_CODE":"001","REPORT_TYPE":"2021年年报","PER_NETCASH_OPERATE":-0.033129773702,"PER_OI":0.163467567816,"BPS":0.139160485198,"BASIC_EPS":-0.0118,"DILUTED_EPS":-0.0118,"OPERATE_INCOME":40243000,"OPERATE_INCOME_YOY":50.132437978,"GROSS_PROFIT":9886000,"GROSS_PROFIT_YOY":-8.011538103657,"HOLDER_PROFIT":-2910000,"HOLDER_PROFIT_YOY":-5117.2413793103,"GROSS_PROFIT_RATIO":24.565762989837,"EPS_TTM":-0.011820456287,"OPERATE_INCOME_QOQ":-9.217442306391,"NET_PROFIT_RATIO":-7.2310712422,"ROE_AVG":-8.130876374356,"GROSS_PROFIT_QOQ":-35.846852693056,"ROA":-6.312638292334,"HOLDER_PROFIT_QOQ":-166.076294277929,"ROE_YEARLY":-8.130876374356,"ROIC_YEARLY":-8.529597115765,"TOTAL_ASSETS":44118000,"TOTAL_LIABILITIES":9859000,"TAX_EBT":null,"OCF_SALES":-20.266878711826,"TOTAL_PARENT_EQUITY":34259000,"DEBT_ASSET_RATIO":22.3468878916,"OPERATE_PROFIT":-2905000,"PRETAX_PROFIT":-2910000,"NETCASH_OPERATE":-8156000,"NETCASH_INVEST":9596000,"NETCASH_FINANCE":-133000,"END_CASH":7667000,"DIVI_RATIO":null,"DIVIDEND_RATE":null,"CURRENT_RATIO":6.459850905218,"COMMON_ACS":2000000000,"CURRENTDEBT_DEBT":47.621462622984,"ISSUED_COMMON_SHARES":246183390,"HK_COMMON_SHARES":246183390,"PER_SHARES":2000,"TOTAL_MARKET_CAP":19940854.59,"HKSK_MARKET_CAP":19940854.59,"PE_TTM":-1.932577590159,"PB_TTM":2.417269115049,"REPORT_DATE_SQ":"2020-12-31 00:00:00","REPORT_TYPE_SQ":"2020年年报","OPERATE_INCOME_SQ":26805000,"DPS_HKD":null,"OPERATE_INCOME_QOQ_SQ":81.041469674456,"NET_PROFIT_RATIO_SQ":0.2163775415,"HOLDER_PROFIT_SQ":58000,"HOLDER_PROFIT_QOQ_SQ":100.553171196948,"ROE_AVG_SQ":0.155084360544,"PE_TTM_SQ":-2.560000473912,"PB_TTM_SQ":2.193730463913,"ROA_SQ":0.120510716104,"START_DATE":"2021-01-01 00:00:00","FISCAL_YEAR":"12-31","CURRENCY":"HKD","IS_CNY_CODE":0,"DPS_HKD_LY":null,"ORG_TYPE":"一般企业","PREMIUM_INCOME":null,"PREMIUM_INCOME_YOY":null,"NET_INTEREST_INCOME":null,"NET_INTEREST_INCOME_YOY":null,"FEE_COMMISSION_INCOME":null,"FEE_COMMISSION_INCOME_YOY":null,"ACCOUNTS_RECE_TDAYS":2.432777173256,"INVENTORY_TDAYS":null,"CURRENT_ASSETS_TDAYS":1.251609492116,"TOTAL_ASSETS_TDAYS":0.872987982125,"PREMIUM_EXPENSE":null,"LOAN_DEPOSIT":null,"LOAN_EQUITY":null,"LOAN_ASSETS":null,"DEPOSIT_EQUITY":null,"DEPOSIT_ASSETS":null,"EQUITY_MULTIPLIER":1.287778393999,"EQUITY_RATIO":0.287778393999},{"SECUCODE":"00352.HK","SECURITY_CODE":"00352","SECURITY_NAME_ABBR":"富阳","ORG_CODE":"10095389","STD_REPORT_DATE":"2021-06-30 00:00:00","REPORT_DATE":"2021-06-30 00:00:00","DATE_TYPE_CODE":"002","REPORT_TYPE":"2021年中报","PER_NETCASH_OPERATE":-0.005788367769,"PER_OI":0.100498250512,"BPS":0.152183297175,"BASIC_EPS":0.001,"DILUTED_EPS":0.001,"OPERATE_INCOME":24741000,"OPERATE_INCOME_YOY":242.8155743384,"GROSS_PROFIT":6620000,"GROSS_PROFIT_YOY":238.272866632601,"HOLDER_PROFIT":173000,"HOLDER_PROFIT_YOY":104.1456985382,"GROSS_PROFIT_RATIO":26.757204640071,"EPS_TTM":0.017889102916,"OPERATE_INCOME_QOQ":65.375862712181,"NET_PROFIT_RATIO":0.6992441696,"ROE_AVG":0.462659624256,"GROSS_PROFIT_QOQ":43.38885270308,"ROA":0.36240232943,"HOLDER_PROFIT_QOQ":7493.10344827586,"ROE_YEARLY":0.925319248512,"ROIC_YEARLY":1.067423529593,"TOTAL_ASSETS":47396000,"TOTAL_LIABILITIES":9931000,"TAX_EBT":null,"OCF_SALES":-5.759670183097,"TOTAL_PARENT_EQUITY":37465000,"DEBT_ASSET_RATIO":20.9532449996,"OPERATE_PROFIT":176000,"PRETAX_PROFIT":173000,"NETCASH_OPERATE":-1425000,"NETCASH_INVEST":6946000,"NETCASH_FINANCE":-93000,"END_CASH":11909000,"DIVI_RATIO":null,"DIVIDEND_RATE":null,"CURRENT_RATIO":6.763942405192,"COMMON_ACS":2000000000,"CURRENTDEBT_DEBT":49.652602960427,"ISSUED_COMMON_SHARES":246183390,"HK_COMMON_SHARES":246183390,"PER_SHARES":2000,"TOTAL_MARKET_CAP":19940854.59,"HKSK_MARKET_CAP":19940854.59,"PE_TTM":-1.932577590159,"PB_TTM":2.417269115049,"REPORT_DATE_SQ":"2020-06-30 00:00:00","REPORT_TYPE_SQ":"2020年中报","OPERATE_INCOME_SQ":7217000,"DPS_HKD":null,"OPERATE_INCOME_QOQ_SQ":3.026929232482,"NET_PROFIT_RATIO_SQ":-57.8218096162,"HOLDER_PROFIT_SQ":-4173000,"HOLDER_PROFIT_QOQ_SQ":15.661196911197,"ROE_AVG_SQ":-11.776159837453,"PE_TTM_SQ":-2.560000473912,"PB_TTM_SQ":2.193730463913,"ROA_SQ":-9.40595733171,"START_DATE":"2021-01-01 00:00:00","FISCAL_YEAR":"12-31","CURRENCY":"HKD","IS_CNY_CODE":0,"DPS_HKD_LY":null,"ORG_TYPE":"一般企业","PREMIUM_INCOME":null,"PREMIUM_INCOME_YOY":null,"NET_INTEREST_INCOME":null,"NET_INTEREST_INCOME_YOY":null,"FEE_COMMISSION_INCOME":null,"FEE_COMMISSION_INCOME_YOY":null,"ACCOUNTS_RECE_TDAYS":1.579885057471,"INVENTORY_TDAYS":null,"CURRENT_ASSETS_TDAYS":0.734917570177,"TOTAL_ASSETS_TDAYS":0.518277227308,"PREMIUM_EXPENSE":null,"LOAN_DEPOSIT":null,"LOAN_EQUITY":null,"LOAN_ASSETS":null,"DEPOSIT_EQUITY":null,"DEPOSIT_ASSETS":null,"EQUITY_MULTIPLIER":1.265074069132,"EQUITY_RATIO":0.265074069131},{"SECUCODE":"00352.HK","SECURITY_CODE":"00352","SECURITY_NAME_ABBR":"富阳","ORG_CODE":"10095389","STD_REPORT_DATE":"2020-12-31 00:00:00","REPORT_DATE":"2020-12-31 00:00:00","DATE_TYPE_CODE":"001","REPORT_TYPE":"2020年年报","PER_NETCASH_OPERATE":-0.045413299411,"PER_OI":0.108882244249,"BPS":0.151594305367,"BASIC_EPS":0.0002,"DILUTED_EPS":0.0002,"OPERATE_INCOME":26805000,"OPERATE_INCOME_YOY":86.5214668429,"GROSS_PROFIT":10747000,"GROSS_PROFIT_YOY":6459.17159763314,"HOLDER_PROFIT":58000,"HOLDER_PROFIT_YOY":100.4665379665,"GROSS_PROFIT_RATIO":40.093266181683,"EPS_TTM":0.000235596723,"OPERATE_INCOME_QOQ":81.041469674456,"NET_PROFIT_RATIO":0.2163775415,"ROE_AVG":0.155084360544,"GROSS_PROFIT_QOQ":197.453639634653,"ROA":0.120510716104,"HOLDER_PROFIT_QOQ":100.553171196948,"ROE_YEARLY":0.155084360544,"ROIC_YEARLY":0.234504508147,"TOTAL_ASSETS":48078000,"TOTAL_LIABILITIES":10758000,"TAX_EBT":null,"OCF_SALES":-41.708636448424,"TOTAL_PARENT_EQUITY":37320000,"DEBT_ASSET_RATIO":22.3761387745,"OPERATE_PROFIT":-1573000,"PRETAX_PROFIT":58000,"NETCASH_OPERATE":-11180000,"NETCASH_INVEST":2859000,"NETCASH_FINANCE":4517000,"END_CASH":6509000,"DIVI_RATIO":null,"DIVIDEND_RATE":null,"CURRENT_RATIO":5.900833622786,"COMMON_ACS":2000000000,"CURRENTDEBT_DEBT":53.522959657929,"ISSUED_COMMON_SHARES":246183390,"HK_COMMON_SHARES":246183390,"PER_SHARES":2000,"TOTAL_MARKET_CAP":19940854.59,"HKSK_MARKET_CAP":19940854.59,"PE_TTM":-1.932577590159,"PB_TTM":2.417269115049,"REPORT_DATE_SQ":"2019-12-31 00:00:00","REPORT_TYPE_SQ":"2019年年报","OPERATE_INCOME_SQ":14371000,"DPS_HKD":null,"OPERATE_INCOME_QOQ_SQ":-20.076747678105,"NET_PROFIT_RATIO_SQ":-116.2271240693,"HOLDER_PROFIT_SQ":-12432000,"HOLDER_PROFIT_QOQ_SQ":-24.220623501199,"ROE_AVG_SQ":-28.512453557176,"PE_TTM_SQ":-2.560000473912,"PB_TTM_SQ":2.193730463913,"ROA_SQ":-20.833368245536,"START_DATE":"2020-01-01 00:00:00","FISCAL_YEAR":"12-31","CURRENCY":"HKD","IS_CNY_CODE":0,"DPS_HKD_LY":null,"ORG_TYPE":"一般企业","PREMIUM_INCOME":null,"PREMIUM_INCOME_YOY":null,"NET_INTEREST_INCOME":null,"NET_INTEREST_INCOME_YOY":null,"FEE_COMMISSION_INCOME":null,"FEE_COMMISSION_INCOME_YOY":null,"ACCOUNTS_RECE_TDAYS":2.01087771943,"INVENTORY_TDAYS":null,"CURRENT_ASSETS_TDAYS":0.69698506182,"TOTAL_ASSETS_TDAYS":0.556946507786,"PREMIUM_EXPENSE":null,"LOAN_DEPOSIT":null,"LOAN_EQUITY":null,"LOAN_ASSETS":null,"DEPOSIT_EQUITY":null,"DEPOSIT_ASSETS":null,"EQUITY_MULTIPLIER":1.288263665595,"EQUITY_RATIO":0.288263665595},{"SECUCODE":"00352.HK","SECURITY_CODE":"00352","SECURITY_NAME_ABBR":"富阳","ORG_CODE":"10095389","STD_REPORT_DATE":"2020-06-30 00:00:00","REPORT_DATE":"2020-06-30 00:00:00","DATE_TYPE_CODE":"002","REPORT_TYPE":"2020年中报","PER_NETCASH_OPERATE":-0.035851322057,"PER_OI":0.029315543993,"BPS":0.135646844411,"BASIC_EPS":-0.017,"DILUTED_EPS":-0.017,"OPERATE_INCOME":7217000,"OPERATE_INCOME_YOY":6.4140371572,"GROSS_PROFIT":1957000,"GROSS_PROFIT_YOY":207.232876712329,"HOLDER_PROFIT":-4173000,"HOLDER_PROFIT_YOY":31.8137254902,"GROSS_PROFIT_RATIO":27.1165304143,"EPS_TTM":-0.042590200744,"OPERATE_INCOME_QOQ":3.026929232482,"NET_PROFIT_RATIO":-57.8218096162,"ROE_AVG":-11.776159837453,"GROSS_PROFIT_QOQ":2237.86982248521,"ROA":-9.40595733171,"HOLDER_PROFIT_QOQ":15.661196911197,"ROE_YEARLY":-23.552319674907,"ROIC_YEARLY":-43.403193093765,"TOTAL_ASSETS":40552000,"TOTAL_LIABILITIES":7158000,"TAX_EBT":null,"OCF_SALES":-122.294582236386,"TOTAL_PARENT_EQUITY":33394000,"DEBT_ASSET_RATIO":17.6514105346,"OPERATE_PROFIT":-4166000,"PRETAX_PROFIT":-4173000,"NETCASH_OPERATE":-8826000,"NETCASH_INVEST":7264000,"NETCASH_FINANCE":-409000,"END_CASH":8646000,"DIVI_RATIO":null,"DIVIDEND_RATE":null,"CURRENT_RATIO":5.006985191394,"COMMON_ACS":2000000000,"CURRENTDEBT_DEBT":100,"ISSUED_COMMON_SHARES":246183390,"HK_COMMON_SHARES":246183390,"PER_SHARES":2000,"TOTAL_MARKET_CAP":19940854.59,"HKSK_MARKET_CAP":19940854.59,"PE_TTM":-1.932577590159,"PB_TTM":2.417269115049,"REPORT_DATE_SQ":"2019-06-30 00:00:00","REPORT_TYPE_SQ":"2019年中报","OPERATE_INCOME_SQ":6782000,"DPS_HKD":null,"OPERATE_INCOME_QOQ_SQ":-31.115197486879,"NET_PROFIT_RATIO_SQ":-130.5219699204,"HOLDER_PROFIT_SQ":-6120000,"HOLDER_PROFIT_QOQ_SQ":-32.503640937376,"ROE_AVG_SQ":-13.096231623548,"PE_TTM_SQ":-2.560000473912,"PB_TTM_SQ":2.193730463913,"ROA_SQ":-9.666337611056,"START_DATE":"2020-01-01 00:00:00","FISCAL_YEAR":"12-31","CURRENCY":"HKD","IS_CNY_CODE":0,"DPS_HKD_LY":null,"ORG_TYPE":"一般企业","PREMIUM_INCOME":null,"PREMIUM_INCOME_YOY":null,"NET_INTEREST_INCOME":null,"NET_INTEREST_INCOME_YOY":null,"FEE_COMMISSION_INCOME":null,"FEE_COMMISSION_INCOME_YOY":null,"ACCOUNTS_RECE_TDAYS":0.595241040868,"INVENTORY_TDAYS":null,"CURRENT_ASSETS_TDAYS":0.18321909114,"TOTAL_ASSETS_TDAYS":0.162671445154,"PREMIUM_EXPENSE":null,"LOAN_DEPOSIT":null,"LOAN_EQUITY":null,"LOAN_ASSETS":null,"DEPOSIT_EQUITY":null,"DEPOSIT_ASSETS":null,"EQUITY_MULTIPLIER":1.214349883212,"EQUITY_RATIO":0.214349883213}],"count":40},"success":true,"message":"ok","code":0}