{"version":"f6d0cf3bdf4a219964fe6d2965b5919c","result":{"pages":6,"data":[{"SECUCODE":"00355.HK","SECURITY_CODE":"00355","SECURITY_NAME_ABBR":"世纪城市国际","ORG_CODE":"10008849","STD_REPORT_DATE":"2024-06-30 00:00:00","REPORT_DATE":"2024-06-30 00:00:00","DATE_TYPE_CODE":"002","REPORT_TYPE":"2024年中报","PER_NETCASH_OPERATE":0.0061385026,"PER_OI":0.410246753063,"BPS":1.829214750619,"BASIC_EPS":-0.131790992,"DILUTED_EPS":-0.131790992,"OPERATE_INCOME":1268716468,"OPERATE_INCOME_YOY":-13.2651151182,"GROSS_PROFIT":376297964,"GROSS_PROFIT_YOY":-36.476087878203,"HOLDER_PROFIT":-385698568,"HOLDER_PROFIT_YOY":-73.4099302421,"GROSS_PROFIT_RATIO":29.659736709589,"EPS_TTM":-0.248512444922,"OPERATE_INCOME_QOQ":-8.204799972219,"NET_PROFIT_RATIO":-73.5702467448,"ROE_AVG":-6.566955440737,"GROSS_PROFIT_QOQ":-21.128452016555,"ROA":-1.077246419481,"HOLDER_PROFIT_QOQ":-26.502735944408,"ROE_YEARLY":-13.133910881473,"ROIC_YEARLY":-2.954826327041,"TOTAL_ASSETS":34975996764,"TOTAL_LIABILITIES":21058356908,"TAX_EBT":-9.344595317011,"OCF_SALES":1.496295230559,"TOTAL_PARENT_EQUITY":5656973176,"DEBT_ASSET_RATIO":60.2080250924,"OPERATE_PROFIT":-255094060,"PRETAX_PROFIT":-853629604,"NETCASH_OPERATE":18983744,"NETCASH_INVEST":309307252,"NETCASH_FINANCE":-881192540,"END_CASH":850982832,"DIVI_RATIO":null,"DIVIDEND_RATE":null,"CURRENT_RATIO":2.480746566611,"COMMON_ACS":4000000000,"CURRENTDEBT_DEBT":18.019685261192,"ISSUED_COMMON_SHARES":3092569188,"HK_COMMON_SHARES":3092569188,"PER_SHARES":4000,"TOTAL_MARKET_CAP":389663717.688,"HKSK_MARKET_CAP":389663717.688,"PE_TTM":-0.458805743186,"PB_TTM":0.062867238503,"REPORT_DATE_SQ":"2023-06-30 00:00:00","REPORT_TYPE_SQ":"2023年中报","OPERATE_INCOME_SQ":1477657346,"DPS_HKD":null,"OPERATE_INCOME_QOQ_SQ":-28.376174883898,"NET_PROFIT_RATIO_SQ":-40.6626318088,"HOLDER_PROFIT_SQ":-224686526,"HOLDER_PROFIT_QOQ_SQ":-241.322946963716,"ROE_AVG_SQ":-3.272678439535,"PE_TTM_SQ":-1.403890033463,"PB_TTM_SQ":0.104240080767,"ROA_SQ":-0.585396553919,"START_DATE":"2024-01-01 00:00:00","FISCAL_YEAR":"12-31","CURRENCY":"HKD","IS_CNY_CODE":0,"DPS_HKD_LY":null,"ORG_TYPE":"一般企业","PREMIUM_INCOME":null,"PREMIUM_INCOME_YOY":null,"NET_INTEREST_INCOME":null,"NET_INTEREST_INCOME_YOY":null,"FEE_COMMISSION_INCOME":null,"FEE_COMMISSION_INCOME_YOY":null,"ACCOUNTS_RECE_TDAYS":3.243350443304,"INVENTORY_TDAYS":0.123427648147,"CURRENT_ASSETS_TDAYS":0.128433501178,"TOTAL_ASSETS_TDAYS":0.035434932506,"PREMIUM_EXPENSE":null,"LOAN_DEPOSIT":null,"LOAN_EQUITY":null,"LOAN_ASSETS":null,"DEPOSIT_EQUITY":null,"DEPOSIT_ASSETS":null,"EQUITY_MULTIPLIER":2.513069538072,"EQUITY_RATIO":3.722548481817},{"SECUCODE":"00355.HK","SECURITY_CODE":"00355","SECURITY_NAME_ABBR":"世纪城市国际","ORG_CODE":"10008849","STD_REPORT_DATE":"2023-12-31 00:00:00","REPORT_DATE":"2023-12-31 00:00:00","DATE_TYPE_CODE":"001","REPORT_TYPE":"2023年年报","PER_NETCASH_OPERATE":0.18282231492,"PER_OI":0.823447647309,"BPS":1.955193671806,"BASIC_EPS":-0.210514906,"DILUTED_EPS":-0.210514906,"OPERATE_INCOME":2546568822,"OPERATE_INCOME_YOY":-29.8387096774,"GROSS_PROFIT":1022669270,"GROSS_PROFIT_YOY":-33.685113586425,"HOLDER_PROFIT":-607529888,"HOLDER_PROFIT_YOY":-322.4322621298,"GROSS_PROFIT_RATIO":40.158713213053,"EPS_TTM":-0.196448276843,"OPERATE_INCOME_QOQ":-0.62184024334,"NET_PROFIT_RATIO":-59.9480445536,"ROE_AVG":-9.378388019613,"GROSS_PROFIT_QOQ":3.611856979495,"ROA":-1.630514752826,"HOLDER_PROFIT_QOQ":-25.557449821724,"ROE_YEARLY":-9.378388019613,"ROIC_YEARLY":-2.322487666981,"TOTAL_ASSETS":36372952140,"TOTAL_LIABILITIES":21514115910,"TAX_EBT":0.847557386698,"OCF_SALES":22.202056866304,"TOTAL_PARENT_EQUITY":6046571706,"DEBT_ASSET_RATIO":59.1486658196,"OPERATE_PROFIT":-426738998,"PRETAX_PROFIT":-1539667780,"NETCASH_OPERATE":565390658,"NETCASH_INVEST":77481810,"NETCASH_FINANCE":-1203550782,"END_CASH":1398841192,"DIVI_RATIO":null,"DIVIDEND_RATE":null,"CURRENT_RATIO":1.444644154652,"COMMON_ACS":4000000000,"CURRENTDEBT_DEBT":29.455571702365,"ISSUED_COMMON_SHARES":3092569188,"HK_COMMON_SHARES":3092569188,"PER_SHARES":4000,"TOTAL_MARKET_CAP":479348224.14,"HKSK_MARKET_CAP":479348224.14,"PE_TTM":-0.564403890427,"PB_TTM":0.077336682285,"REPORT_DATE_SQ":"2022-12-31 00:00:00","REPORT_TYPE_SQ":"2022年年报","OPERATE_INCOME_SQ":3577725004,"DPS_HKD":null,"OPERATE_INCOME_QOQ_SQ":-26.260998670632,"NET_PROFIT_RATIO_SQ":-9.974533107,"HOLDER_PROFIT_SQ":-141761949,"HOLDER_PROFIT_QOQ_SQ":-162.021119136774,"ROE_AVG_SQ":-2.034237225131,"PE_TTM_SQ":-1.432540850472,"PB_TTM_SQ":0.106367429354,"ROA_SQ":-0.364929514796,"START_DATE":"2023-01-01 00:00:00","FISCAL_YEAR":"12-31","CURRENCY":"HKD","IS_CNY_CODE":0,"DPS_HKD_LY":null,"ORG_TYPE":"一般企业","PREMIUM_INCOME":null,"PREMIUM_INCOME_YOY":null,"NET_INTEREST_INCOME":null,"NET_INTEREST_INCOME_YOY":null,"FEE_COMMISSION_INCOME":null,"FEE_COMMISSION_INCOME_YOY":null,"ACCOUNTS_RECE_TDAYS":5.461276843844,"INVENTORY_TDAYS":0.194998637468,"CURRENT_ASSETS_TDAYS":0.232957795518,"TOTAL_ASSETS_TDAYS":0.068345905533,"PREMIUM_EXPENSE":null,"LOAN_DEPOSIT":null,"LOAN_EQUITY":null,"LOAN_ASSETS":null,"DEPOSIT_EQUITY":null,"DEPOSIT_ASSETS":null,"EQUITY_MULTIPLIER":2.447900466565,"EQUITY_RATIO":3.558068432175},{"SECUCODE":"00355.HK","SECURITY_CODE":"00355","SECURITY_NAME_ABBR":"世纪城市国际","ORG_CODE":"10008849","STD_REPORT_DATE":"2023-06-30 00:00:00","REPORT_DATE":"2023-06-30 00:00:00","DATE_TYPE_CODE":"002","REPORT_TYPE":"2023年中报","PER_NETCASH_OPERATE":0.109472427428,"PER_OI":0.477808985401,"BPS":2.166969733128,"BASIC_EPS":-0.079843468,"DILUTED_EPS":-0.079843468,"OPERATE_INCOME":1477657346,"OPERATE_INCOME_YOY":-45.0188679245,"GROSS_PROFIT":592372150,"GROSS_PROFIT_YOY":-48.376882150024,"HOLDER_PROFIT":-224686526,"HOLDER_PROFIT_YOY":-277.4945375091,"GROSS_PROFIT_RATIO":40.088600486679,"EPS_TTM":-0.156460868807,"OPERATE_INCOME_QOQ":-28.376174883898,"NET_PROFIT_RATIO":-40.6626318088,"ROE_AVG":-3.272678439535,"GROSS_PROFIT_QOQ":-35.996817018057,"ROA":-0.585396553919,"HOLDER_PROFIT_QOQ":-241.322946963716,"ROE_YEARLY":-6.545356879071,"ROIC_YEARLY":-1.689717993209,"TOTAL_ASSETS":37953398898,"TOTAL_LIABILITIES":21557828558,"TAX_EBT":-5.881397238018,"OCF_SALES":22.911337118612,"TOTAL_PARENT_EQUITY":6701503828,"DEBT_ASSET_RATIO":56.8007851311,"OPERATE_PROFIT":-77538518,"PRETAX_PROFIT":-567478690,"NETCASH_OPERATE":338551056,"NETCASH_INVEST":-29687756,"NETCASH_FINANCE":-625655628,"END_CASH":1680400748,"DIVI_RATIO":null,"DIVIDEND_RATE":null,"CURRENT_RATIO":1.579199545402,"COMMON_ACS":4000000000,"CURRENTDEBT_DEBT":33.115502884685,"ISSUED_COMMON_SHARES":3092569188,"HK_COMMON_SHARES":3092569188,"PER_SHARES":4000,"TOTAL_MARKET_CAP":383478579.312,"HKSK_MARKET_CAP":383478579.312,"PE_TTM":-0.451523112342,"PB_TTM":0.061869345828,"REPORT_DATE_SQ":"2022-06-30 00:00:00","REPORT_TYPE_SQ":"2022年中报","OPERATE_INCOME_SQ":2492878850,"DPS_HKD":null,"OPERATE_INCOME_QOQ_SQ":47.655903599293,"NET_PROFIT_RATIO_SQ":10.2538593482,"HOLDER_PROFIT_SQ":117417587,"HOLDER_PROFIT_QOQ_SQ":77.704429027039,"ROE_AVG_SQ":1.731989454165,"PE_TTM_SQ":-1.426810687071,"PB_TTM_SQ":0.105941959636,"ROA_SQ":0.314087738683,"START_DATE":"2023-01-01 00:00:00","FISCAL_YEAR":"12-31","CURRENCY":"HKD","IS_CNY_CODE":0,"DPS_HKD_LY":null,"ORG_TYPE":"一般企业","PREMIUM_INCOME":null,"PREMIUM_INCOME_YOY":null,"NET_INTEREST_INCOME":null,"NET_INTEREST_INCOME_YOY":null,"FEE_COMMISSION_INCOME":null,"FEE_COMMISSION_INCOME_YOY":null,"ACCOUNTS_RECE_TDAYS":null,"INVENTORY_TDAYS":0.107687994168,"CURRENT_ASSETS_TDAYS":0.128110949022,"TOTAL_ASSETS_TDAYS":0.038498771316,"PREMIUM_EXPENSE":null,"LOAN_DEPOSIT":null,"LOAN_EQUITY":null,"LOAN_ASSETS":null,"DEPOSIT_EQUITY":null,"DEPOSIT_ASSETS":null,"EQUITY_MULTIPLIER":2.31485688579,"EQUITY_RATIO":3.216864320502},{"SECUCODE":"00355.HK","SECURITY_CODE":"00355","SECURITY_NAME_ABBR":"世纪城市国际","ORG_CODE":"10008849","STD_REPORT_DATE":"2022-12-31 00:00:00","REPORT_DATE":"2022-12-31 00:00:00","DATE_TYPE_CODE":"001","REPORT_TYPE":"2022年年报","PER_NETCASH_OPERATE":0.21062503194,"PER_OI":1.156877918167,"BPS":2.202262059141,"BASIC_EPS":-0.060027744,"DILUTED_EPS":-0.060027744,"OPERATE_INCOME":3577725004,"OPERATE_INCOME_YOY":-0.3433689973,"GROSS_PROFIT":1542141328,"GROSS_PROFIT_YOY":26.182812746288,"HOLDER_PROFIT":-141761949,"HOLDER_PROFIT_YOY":46.5296495957,"GROSS_PROFIT_RATIO":43.103964845701,"EPS_TTM":-0.045839540001,"OPERATE_INCOME_QOQ":-26.260998670632,"NET_PROFIT_RATIO":-9.974533107,"ROE_AVG":-2.034237225131,"GROSS_PROFIT_QOQ":-22.710903479211,"ROA":-0.364929514796,"HOLDER_PROFIT_QOQ":-162.021119136774,"ROE_YEARLY":-2.034237225131,"ROIC_YEARLY":-0.534977481729,"TOTAL_ASSETS":37601932669,"TOTAL_LIABILITIES":20914219837,"TAX_EBT":-40.028040658956,"OCF_SALES":18.206331768701,"TOTAL_PARENT_EQUITY":6810647788,"DEBT_ASSET_RATIO":55.6200661841,"OPERATE_PROFIT":292635252,"PRETAX_PROFIT":-254849931,"NETCASH_OPERATE":651372484,"NETCASH_INVEST":39303880,"NETCASH_FINANCE":-1199482956,"END_CASH":1943308885,"DIVI_RATIO":null,"DIVIDEND_RATE":null,"CURRENT_RATIO":1.286205509753,"COMMON_ACS":4000000000,"CURRENTDEBT_DEBT":42.480491690549,"ISSUED_COMMON_SHARES":3092569188,"HK_COMMON_SHARES":3092569188,"PER_SHARES":4000,"TOTAL_MARKET_CAP":479348224.14,"HKSK_MARKET_CAP":479348224.14,"PE_TTM":-0.564403890427,"PB_TTM":0.077336682285,"REPORT_DATE_SQ":"2021-12-31 00:00:00","REPORT_TYPE_SQ":"2021年年报","OPERATE_INCOME_SQ":3285934400,"DPS_HKD":null,"OPERATE_INCOME_QOQ_SQ":136.301196582387,"NET_PROFIT_RATIO_SQ":-16.0487683503,"HOLDER_PROFIT_SQ":-242663680,"HOLDER_PROFIT_QOQ_SQ":-26.708309238442,"ROE_AVG_SQ":-3.584389548751,"PE_TTM_SQ":-1.432540850472,"PB_TTM_SQ":0.106367429354,"ROA_SQ":-0.644325141055,"START_DATE":"2022-01-01 00:00:00","FISCAL_YEAR":"12-31","CURRENCY":"HKD","IS_CNY_CODE":0,"DPS_HKD_LY":null,"ORG_TYPE":"一般企业","PREMIUM_INCOME":null,"PREMIUM_INCOME_YOY":null,"NET_INTEREST_INCOME":null,"NET_INTEREST_INCOME_YOY":null,"FEE_COMMISSION_INCOME":null,"FEE_COMMISSION_INCOME_YOY":null,"ACCOUNTS_RECE_TDAYS":6.886519944979,"INVENTORY_TDAYS":0.235799320168,"CURRENT_ASSETS_TDAYS":0.291481240244,"TOTAL_ASSETS_TDAYS":0.092099287502,"PREMIUM_EXPENSE":null,"LOAN_DEPOSIT":null,"LOAN_EQUITY":null,"LOAN_ASSETS":null,"DEPOSIT_EQUITY":null,"DEPOSIT_ASSETS":null,"EQUITY_MULTIPLIER":2.253270597807,"EQUITY_RATIO":3.070812129479},{"SECUCODE":"00355.HK","SECURITY_CODE":"00355","SECURITY_NAME_ABBR":"世纪城市国际","ORG_CODE":"10008849","STD_REPORT_DATE":"2022-06-30 00:00:00","REPORT_DATE":"2022-06-30 00:00:00","DATE_TYPE_CODE":"002","REPORT_TYPE":"2022年中报","PER_NETCASH_OPERATE":0.099731992309,"PER_OI":0.805761523231,"BPS":2.177982625299,"BASIC_EPS":0.031128916,"DILUTED_EPS":0.031128916,"OPERATE_INCOME":2492878850,"OPERATE_INCOME_YOY":161.6696588869,"GROSS_PROFIT":1147493942,"GROSS_PROFIT_YOY":206.527416523182,"HOLDER_PROFIT":117417587,"HOLDER_PROFIT_YOY":260.5847953216,"GROSS_PROFIT_RATIO":46.030874785592,"EPS_TTM":-0.017487540379,"OPERATE_INCOME_QOQ":47.655903599293,"NET_PROFIT_RATIO":10.2538593482,"ROE_AVG":1.731989454165,"GROSS_PROFIT_QOQ":63.260819994638,"ROA":0.314087738683,"HOLDER_PROFIT_QOQ":77.704429027039,"ROE_YEARLY":3.463978908329,"ROIC_YEARLY":0.921315743562,"TOTAL_ASSETS":36385597892,"TOTAL_LIABILITIES":19819712402,"TAX_EBT":32.206849625766,"OCF_SALES":12.377358490566,"TOTAL_PARENT_EQUITY":6735561959,"DEBT_ASSET_RATIO":54.471311591,"OPERATE_PROFIT":545525701,"PRETAX_PROFIT":377053271,"NETCASH_OPERATE":308552552,"NETCASH_INVEST":4960102,"NETCASH_FINANCE":-1048633978,"END_CASH":1624091329,"DIVI_RATIO":null,"DIVIDEND_RATE":null,"CURRENT_RATIO":2.399418572559,"COMMON_ACS":4000000000,"CURRENTDEBT_DEBT":23.450754666506,"ISSUED_COMMON_SHARES":3092569188,"HK_COMMON_SHARES":3092569188,"PER_SHARES":4000,"TOTAL_MARKET_CAP":479348224.14,"HKSK_MARKET_CAP":479348224.14,"PE_TTM":-0.564403890427,"PB_TTM":0.077336682285,"REPORT_DATE_SQ":"2021-06-30 00:00:00","REPORT_TYPE_SQ":"2021年中报","OPERATE_INCOME_SQ":926937120,"DPS_HKD":null,"OPERATE_INCOME_QOQ_SQ":13.491904888799,"NET_PROFIT_RATIO_SQ":-22.0556552962,"HOLDER_PROFIT_SQ":-71142840,"HOLDER_PROFIT_QOQ_SQ":57.838029719313,"ROE_AVG_SQ":-1.000198869951,"PE_TTM_SQ":-1.432540850472,"PB_TTM_SQ":0.106367429354,"ROA_SQ":-0.179208276698,"START_DATE":"2022-01-01 00:00:00","FISCAL_YEAR":"12-31","CURRENCY":"HKD","IS_CNY_CODE":0,"DPS_HKD_LY":null,"ORG_TYPE":"一般企业","PREMIUM_INCOME":null,"PREMIUM_INCOME_YOY":null,"NET_INTEREST_INCOME":null,"NET_INTEREST_INCOME_YOY":null,"FEE_COMMISSION_INCOME":null,"FEE_COMMISSION_INCOME_YOY":null,"ACCOUNTS_RECE_TDAYS":null,"INVENTORY_TDAYS":0.162175535534,"CURRENT_ASSETS_TDAYS":0.210243890125,"TOTAL_ASSETS_TDAYS":0.066683594921,"PREMIUM_EXPENSE":null,"LOAN_DEPOSIT":null,"LOAN_EQUITY":null,"LOAN_ASSETS":null,"DEPOSIT_EQUITY":null,"DEPOSIT_ASSETS":null,"EQUITY_MULTIPLIER":2.196417324867,"EQUITY_RATIO":2.942547707622},{"SECUCODE":"00355.HK","SECURITY_CODE":"00355","SECURITY_NAME_ABBR":"世纪城市国际","ORG_CODE":"10008849","STD_REPORT_DATE":"2021-12-31 00:00:00","REPORT_DATE":"2021-12-31 00:00:00","DATE_TYPE_CODE":"001","REPORT_TYPE":"2021年年报","PER_NETCASH_OPERATE":0.192229276606,"PER_OI":1.062097144183,"BPS":2.109321151265,"BASIC_EPS":-0.08936368,"DILUTED_EPS":-0.08936368,"OPERATE_INCOME":3285934400,"OPERATE_INCOME_YOY":176.0681412282,"GROSS_PROFIT":1222148480,"GROSS_PROFIT_YOY":260.055444394496,"HOLDER_PROFIT":-242663680,"HOLDER_PROFIT_YOY":45.0064850843,"GROSS_PROFIT_RATIO":37.193331674546,"EPS_TTM":-0.078435041651,"OPERATE_INCOME_QOQ":136.301196582387,"NET_PROFIT_RATIO":-16.0487683503,"ROE_AVG":-3.584389548751,"GROSS_PROFIT_QOQ":134.966683503515,"ROA":-0.644325141055,"HOLDER_PROFIT_QOQ":-26.708309238442,"ROE_YEARLY":-3.584389548751,"ROIC_YEARLY":-0.953144042609,"TOTAL_ASSETS":36694705600,"TOTAL_LIABILITIES":20659525600,"TAX_EBT":-45.401262398557,"OCF_SALES":18.099029609356,"TOTAL_PARENT_EQUITY":6523221600,"DEBT_ASSET_RATIO":56.3011073728,"OPERATE_PROFIT":-75300960,"PRETAX_PROFIT":-362687360,"NETCASH_OPERATE":594722240,"NETCASH_INVEST":59276000,"NETCASH_FINANCE":-801820320,"END_CASH":2264261440,"DIVI_RATIO":null,"DIVIDEND_RATE":null,"CURRENT_RATIO":2.205603687743,"COMMON_ACS":4000000000,"CURRENTDEBT_DEBT":26.356530858579,"ISSUED_COMMON_SHARES":3092569188,"HK_COMMON_SHARES":3092569188,"PER_SHARES":4000,"TOTAL_MARKET_CAP":479348224.14,"HKSK_MARKET_CAP":479348224.14,"PE_TTM":-0.564403890427,"PB_TTM":0.077336682285,"REPORT_DATE_SQ":"2020-12-31 00:00:00","REPORT_TYPE_SQ":"2020年年报","OPERATE_INCOME_SQ":1225259512,"DPS_HKD":null,"OPERATE_INCOME_QOQ_SQ":-42.757925999094,"NET_PROFIT_RATIO_SQ":-85.3688693502,"HOLDER_PROFIT_SQ":-454233108,"HOLDER_PROFIT_QOQ_SQ":-91.227804951449,"ROE_AVG_SQ":-6.13710406468,"PE_TTM_SQ":-1.432540850472,"PB_TTM_SQ":0.106367429354,"ROA_SQ":-1.146468401487,"START_DATE":"2021-01-01 00:00:00","FISCAL_YEAR":"12-31","CURRENCY":"HKD","IS_CNY_CODE":0,"DPS_HKD_LY":null,"ORG_TYPE":"一般企业","PREMIUM_INCOME":null,"PREMIUM_INCOME_YOY":null,"NET_INTEREST_INCOME":null,"NET_INTEREST_INCOME_YOY":null,"FEE_COMMISSION_INCOME":null,"FEE_COMMISSION_INCOME_YOY":null,"ACCOUNTS_RECE_TDAYS":null,"INVENTORY_TDAYS":0.236819514483,"CURRENT_ASSETS_TDAYS":0.263294953896,"TOTAL_ASSETS_TDAYS":0.087248744673,"PREMIUM_EXPENSE":null,"LOAN_DEPOSIT":null,"LOAN_EQUITY":null,"LOAN_ASSETS":null,"DEPOSIT_EQUITY":null,"DEPOSIT_ASSETS":null,"EQUITY_MULTIPLIER":2.288387507965,"EQUITY_RATIO":3.167074011406},{"SECUCODE":"00355.HK","SECURITY_CODE":"00355","SECURITY_NAME_ABBR":"世纪城市国际","ORG_CODE":"10008849","STD_REPORT_DATE":"2021-06-30 00:00:00","REPORT_DATE":"2021-06-30 00:00:00","DATE_TYPE_CODE":"002","REPORT_TYPE":"2021年中报","PER_NETCASH_OPERATE":0.069499785704,"PER_OI":0.289322725239,"BPS":2.290866112063,"BASIC_EPS":-0.028540344,"DILUTED_EPS":-0.028540344,"OPERATE_INCOME":926937120,"OPERATE_INCOME_YOY":33.6051810986,"GROSS_PROFIT":374352792,"GROSS_PROFIT_YOY":93.314838041226,"HOLDER_PROFIT":-71142840,"HOLDER_PROFIT_YOY":76.6073871409,"GROSS_PROFIT_RATIO":40.385996409336,"EPS_TTM":-0.05977670284,"OPERATE_INCOME_QOQ":13.491904888799,"NET_PROFIT_RATIO":-22.0556552962,"ROE_AVG":-1.000198869951,"GROSS_PROFIT_QOQ":53.236807459603,"ROA":-0.179208276698,"HOLDER_PROFIT_QOQ":57.838029719313,"ROE_YEARLY":-2.000397739902,"ROIC_YEARLY":-0.534801169682,"TOTAL_ASSETS":40084039464,"TOTAL_LIABILITIES":22902918792,"TAX_EBT":4.693560899922,"OCF_SALES":24.021543985637,"TOTAL_PARENT_EQUITY":7084661952,"DEBT_ASSET_RATIO":57.1372523784,"OPERATE_PROFIT":-66067152,"PRETAX_PROFIT":-214510224,"NETCASH_OPERATE":222664608,"NETCASH_INVEST":-72141336,"NETCASH_FINANCE":648523152,"END_CASH":3236375160,"DIVI_RATIO":null,"DIVIDEND_RATE":null,"CURRENT_RATIO":1.058395889967,"COMMON_ACS":4000000000,"CURRENTDEBT_DEBT":58.270148120429,"ISSUED_COMMON_SHARES":3092569188,"HK_COMMON_SHARES":3092569188,"PER_SHARES":4000,"TOTAL_MARKET_CAP":479348224.14,"HKSK_MARKET_CAP":479348224.14,"PE_TTM":-0.564403890427,"PB_TTM":0.077336682285,"REPORT_DATE_SQ":"2020-06-30 00:00:00","REPORT_TYPE_SQ":"2020年中报","OPERATE_INCOME_SQ":761626272,"DPS_HKD":null,"OPERATE_INCOME_QOQ_SQ":-17.834956390412,"NET_PROFIT_RATIO_SQ":-98.9685775965,"HOLDER_PROFIT_SQ":-333862320,"HOLDER_PROFIT_QOQ_SQ":-251.613046529167,"ROE_AVG_SQ":-4.028746844791,"PE_TTM_SQ":-1.432540850472,"PB_TTM_SQ":0.106367429354,"ROA_SQ":-0.77451455102,"START_DATE":"2021-01-01 00:00:00","FISCAL_YEAR":"12-31","CURRENCY":"HKD","IS_CNY_CODE":0,"DPS_HKD_LY":null,"ORG_TYPE":"一般企业","PREMIUM_INCOME":null,"PREMIUM_INCOME_YOY":null,"NET_INTEREST_INCOME":null,"NET_INTEREST_INCOME_YOY":null,"FEE_COMMISSION_INCOME":null,"FEE_COMMISSION_INCOME_YOY":null,"ACCOUNTS_RECE_TDAYS":null,"INVENTORY_TDAYS":0.059959551455,"CURRENT_ASSETS_TDAYS":0.067896193181,"TOTAL_ASSETS_TDAYS":0.023349476052,"PREMIUM_EXPENSE":null,"LOAN_DEPOSIT":null,"LOAN_EQUITY":null,"LOAN_ASSETS":null,"DEPOSIT_EQUITY":null,"DEPOSIT_ASSETS":null,"EQUITY_MULTIPLIER":2.333028224948,"EQUITY_RATIO":3.232746875881},{"SECUCODE":"00355.HK","SECURITY_CODE":"00355","SECURITY_NAME_ABBR":"世纪城市国际","ORG_CODE":"10008849","STD_REPORT_DATE":"2020-12-31 00:00:00","REPORT_DATE":"2020-12-31 00:00:00","DATE_TYPE_CODE":"001","REPORT_TYPE":"2020年年报","PER_NETCASH_OPERATE":0.609750959361,"PER_OI":0.382437398922,"BPS":2.335638224693,"BASIC_EPS":-0.15444094,"DILUTED_EPS":-0.15444094,"OPERATE_INCOME":1225259512,"OPERATE_INCOME_YOY":-49.941544598,"GROSS_PROFIT":339433412,"GROSS_PROFIT_YOY":-70.916803081623,"HOLDER_PROFIT":-454233108,"HOLDER_PROFIT_YOY":-408.576329331,"GROSS_PROFIT_RATIO":27.702981178733,"EPS_TTM":-0.141778722488,"OPERATE_INCOME_QOQ":-42.757925999094,"NET_PROFIT_RATIO":-85.3688693502,"ROE_AVG":-6.13710406468,"GROSS_PROFIT_QOQ":-54.811901541785,"ROA":-1.146468401487,"HOLDER_PROFIT_QOQ":-91.227804951449,"ROE_YEARLY":-6.13710406468,"ROIC_YEARLY":-1.694492193939,"TOTAL_ASSETS":39764460096,"TOTAL_LIABILITIES":22013346692,"TAX_EBT":0.742752176344,"OCF_SALES":159.438109630444,"TOTAL_PARENT_EQUITY":7223122808,"DEBT_ASSET_RATIO":55.3593501304,"OPERATE_PROFIT":-718339740,"PRETAX_PROFIT":-1053817444,"NETCASH_OPERATE":1953530604,"NETCASH_INVEST":-474432468,"NETCASH_FINANCE":-928665576,"END_CASH":2454053912,"DIVI_RATIO":null,"DIVIDEND_RATE":null,"CURRENT_RATIO":0.97985771729,"COMMON_ACS":4000000000,"CURRENTDEBT_DEBT":61.803917370476,"ISSUED_COMMON_SHARES":3092569188,"HK_COMMON_SHARES":3092569188,"PER_SHARES":4000,"TOTAL_MARKET_CAP":479348224.14,"HKSK_MARKET_CAP":479348224.14,"PE_TTM":-0.564403890427,"PB_TTM":0.077336682285,"REPORT_DATE_SQ":"2019-12-31 00:00:00","REPORT_TYPE_SQ":"2019年年报","OPERATE_INCOME_SQ":2605107396,"DPS_HKD":null,"OPERATE_INCOME_QOQ_SQ":-27.349584121682,"NET_PROFIT_RATIO_SQ":11.2096829654,"HOLDER_PROFIT_SQ":156671922,"HOLDER_PROFIT_QOQ_SQ":39.576425534267,"ROE_AVG_SQ":1.943257762198,"PE_TTM_SQ":-1.432540850472,"PB_TTM_SQ":0.106367429354,"ROA_SQ":0.379258115614,"START_DATE":"2020-01-01 00:00:00","FISCAL_YEAR":"12-31","CURRENCY":"HKD","IS_CNY_CODE":0,"DPS_HKD_LY":0.0065,"ORG_TYPE":"一般企业","PREMIUM_INCOME":null,"PREMIUM_INCOME_YOY":null,"NET_INTEREST_INCOME":null,"NET_INTEREST_INCOME_YOY":null,"FEE_COMMISSION_INCOME":null,"FEE_COMMISSION_INCOME_YOY":null,"ACCOUNTS_RECE_TDAYS":null,"INVENTORY_TDAYS":0.101353466,"CURRENT_ASSETS_TDAYS":0.092863043277,"TOTAL_ASSETS_TDAYS":0.03092511949,"PREMIUM_EXPENSE":null,"LOAN_DEPOSIT":null,"LOAN_EQUITY":null,"LOAN_ASSETS":null,"DEPOSIT_EQUITY":null,"DEPOSIT_ASSETS":null,"EQUITY_MULTIPLIER":2.240110757619,"EQUITY_RATIO":3.04762182191},{"SECUCODE":"00355.HK","SECURITY_CODE":"00355","SECURITY_NAME_ABBR":"世纪城市国际","ORG_CODE":"10008849","STD_REPORT_DATE":"2020-06-30 00:00:00","REPORT_DATE":"2020-06-30 00:00:00","DATE_TYPE_CODE":"002","REPORT_TYPE":"2020年中报","PER_NETCASH_OPERATE":0.23906465165,"PER_OI":0.237724635117,"BPS":2.699261882447,"BASIC_EPS":-0.111074304,"DILUTED_EPS":-0.111074304,"OPERATE_INCOME":761626272,"OPERATE_INCOME_YOY":-40.1865136298,"GROSS_PROFIT":193649280,"GROSS_PROFIT_YOY":-68.233614069505,"HOLDER_PROFIT":-333862320,"HOLDER_PROFIT_YOY":-632.7988338192,"GROSS_PROFIT_RATIO":25.425761573519,"EPS_TTM":-0.074141269636,"OPERATE_INCOME_QOQ":-17.834956390412,"NET_PROFIT_RATIO":-98.9685775965,"ROE_AVG":-4.028746844791,"GROSS_PROFIT_QOQ":-35.639697374586,"ROA":-0.77451455102,"HOLDER_PROFIT_QOQ":-251.613046529167,"ROE_YEARLY":-8.057493689583,"ROIC_YEARLY":-2.276715985131,"TOTAL_ASSETS":43368395664,"TOTAL_LIABILITIES":22983703248,"TAX_EBT":0.650132434385,"OCF_SALES":100.563684336771,"TOTAL_PARENT_EQUITY":8347654128,"DEBT_ASSET_RATIO":52.9964341454,"OPERATE_PROFIT":-533174928,"PRETAX_PROFIT":-758703264,"NETCASH_OPERATE":765919440,"NETCASH_INVEST":-379717008,"NETCASH_FINANCE":-565236672,"END_CASH":1793904816,"DIVI_RATIO":null,"DIVIDEND_RATE":null,"CURRENT_RATIO":2.833758658403,"COMMON_ACS":4000000000,"CURRENTDEBT_DEBT":19.62268050251,"ISSUED_COMMON_SHARES":3092569188,"HK_COMMON_SHARES":3092569188,"PER_SHARES":4000,"TOTAL_MARKET_CAP":479348224.14,"HKSK_MARKET_CAP":479348224.14,"PE_TTM":-0.564403890427,"PB_TTM":0.077336682285,"REPORT_DATE_SQ":"2019-06-30 00:00:00","REPORT_TYPE_SQ":"2019年中报","OPERATE_INCOME_SQ":1226246040,"DPS_HKD":null,"OPERATE_INCOME_QOQ_SQ":-30.739601178575,"NET_PROFIT_RATIO_SQ":12.281205165,"HOLDER_PROFIT_SQ":60344676,"HOLDER_PROFIT_QOQ_SQ":-26.711738122337,"ROE_AVG_SQ":0.755806266802,"PE_TTM_SQ":-1.432540850472,"PB_TTM_SQ":0.106367429354,"ROA_SQ":0.149582760042,"START_DATE":"2020-01-01 00:00:00","FISCAL_YEAR":"12-31","CURRENCY":"HKD","IS_CNY_CODE":0,"DPS_HKD_LY":0.0065,"ORG_TYPE":"一般企业","PREMIUM_INCOME":null,"PREMIUM_INCOME_YOY":null,"NET_INTEREST_INCOME":null,"NET_INTEREST_INCOME_YOY":null,"FEE_COMMISSION_INCOME":null,"FEE_COMMISSION_INCOME_YOY":null,"ACCOUNTS_RECE_TDAYS":null,"INVENTORY_TDAYS":0.064658018561,"CURRENT_ASSETS_TDAYS":0.056517893153,"TOTAL_ASSETS_TDAYS":0.017668679416,"PREMIUM_EXPENSE":null,"LOAN_DEPOSIT":null,"LOAN_EQUITY":null,"LOAN_ASSETS":null,"DEPOSIT_EQUITY":null,"DEPOSIT_ASSETS":null,"EQUITY_MULTIPLIER":2.127498162785,"EQUITY_RATIO":2.753312834429}],"count":47},"success":true,"message":"ok","code":0}