{"version":"fe9b94c91f3a7cb6f7adaaaac70e59b7","result":{"pages":6,"data":[{"SECUCODE":"00353.HK","SECURITY_CODE":"00353","SECURITY_NAME_ABBR":"能源国际投资","ORG_CODE":"10008848","STD_REPORT_DATE":"2024-06-30 00:00:00","REPORT_DATE":"2024-09-30 00:00:00","DATE_TYPE_CODE":"002","REPORT_TYPE":"2024年中报","PER_NETCASH_OPERATE":0.064668057886,"PER_OI":0.061455018153,"BPS":0.8846216104,"BASIC_EPS":0.017404547,"DILUTED_EPS":0.017404547,"OPERATE_INCOME":66406012.02,"OPERATE_INCOME_YOY":-52.8260911345,"GROSS_PROFIT":61256791.12,"GROSS_PROFIT_YOY":-12.519576435639,"HOLDER_PROFIT":18830276.99,"HOLDER_PROFIT_YOY":13.3358662614,"GROSS_PROFIT_RATIO":92.245851326761,"EPS_TTM":0.043617576484,"OPERATE_INCOME_QOQ":0,"NET_PROFIT_RATIO":49.7895108504,"ROE_AVG":2.010357466416,"GROSS_PROFIT_QOQ":0,"ROA":0.957314000918,"HOLDER_PROFIT_QOQ":0,"ROE_YEARLY":4.020714932832,"ROIC_YEARLY":3.074868278834,"TOTAL_ASSETS":1981905365.34,"TOTAL_LIABILITIES":703324056.8,"TAX_EBT":23.522663273607,"OCF_SALES":105.228278877753,"TOTAL_PARENT_EQUITY":955889283.89,"DEBT_ASSET_RATIO":35.4872674094,"OPERATE_PROFIT":35852465.03,"PRETAX_PROFIT":43232714.39,"NETCASH_OPERATE":69877903.52,"NETCASH_INVEST":-465366024.13,"NETCASH_FINANCE":-131567553.84,"END_CASH":5772357.79,"DIVI_RATIO":null,"DIVIDEND_RATE":null,"CURRENT_RATIO":6.169732984708,"COMMON_ACS":150000000000,"CURRENTDEBT_DEBT":8.091214483537,"ISSUED_COMMON_SHARES":1080562890,"HK_COMMON_SHARES":1080562890,"PER_SHARES":4000,"TOTAL_MARKET_CAP":378197011.5,"HKSK_MARKET_CAP":378197011.5,"PE_TTM":6.946149677668,"PB_TTM":0.356792662862,"REPORT_DATE_SQ":"2023-06-30 00:00:00","REPORT_TYPE_SQ":"2023年中报","OPERATE_INCOME_SQ":143241125.37,"DPS_HKD":null,"OPERATE_INCOME_QOQ_SQ":0,"NET_PROFIT_RATIO_SQ":21.1447056563,"HOLDER_PROFIT_SQ":16906415.12,"HOLDER_PROFIT_QOQ_SQ":0,"ROE_AVG_SQ":1.998469474366,"PE_TTM_SQ":42.386005021558,"PB_TTM_SQ":1.341423126264,"ROA_SQ":0.90155026128,"START_DATE":"2024-04-01 00:00:00","FISCAL_YEAR":"3-31","CURRENCY":"HKD","IS_CNY_CODE":0,"DPS_HKD_LY":null,"ORG_TYPE":"一般企业","PREMIUM_INCOME":null,"PREMIUM_INCOME_YOY":null,"NET_INTEREST_INCOME":null,"NET_INTEREST_INCOME_YOY":null,"FEE_COMMISSION_INCOME":null,"FEE_COMMISSION_INCOME_YOY":null,"ACCOUNTS_RECE_TDAYS":2.793179964724,"INVENTORY_TDAYS":null,"CURRENT_ASSETS_TDAYS":0.141982057022,"TOTAL_ASSETS_TDAYS":0.033760207078,"PREMIUM_EXPENSE":null,"LOAN_DEPOSIT":null,"LOAN_EQUITY":null,"LOAN_ASSETS":null,"DEPOSIT_EQUITY":null,"DEPOSIT_ASSETS":null,"EQUITY_MULTIPLIER":1.550081603807,"EQUITY_RATIO":0.735779832093},{"SECUCODE":"00353.HK","SECURITY_CODE":"00353","SECURITY_NAME_ABBR":"能源国际投资","ORG_CODE":"10008848","STD_REPORT_DATE":"2023-12-31 00:00:00","REPORT_DATE":"2024-03-31 00:00:00","DATE_TYPE_CODE":"001","REPORT_TYPE":"2023年年报","PER_NETCASH_OPERATE":0.290588365338,"PER_OI":0.203224851355,"BPS":0.853517696735,"BASIC_EPS":0.05058549,"DILUTED_EPS":0.05058549,"OPERATE_INCOME":219597232.7,"OPERATE_INCOME_YOY":-33.9524535319,"GROSS_PROFIT":143607492.05,"GROSS_PROFIT_YOY":1.095706360816,"HOLDER_PROFIT":47131534.5,"HOLDER_PROFIT_YOY":-41.7857302817,"GROSS_PROFIT_RATIO":65.395856898701,"EPS_TTM":0.023644770921,"OPERATE_INCOME_QOQ":0,"NET_PROFIT_RATIO":39.3161158219,"ROE_AVG":5.511896589653,"GROSS_PROFIT_QOQ":0,"ROA":2.497436632769,"HOLDER_PROFIT_QOQ":0,"ROE_YEARLY":5.511896589653,"ROIC_YEARLY":3.649806698543,"TOTAL_ASSETS":1962379775.4,"TOTAL_LIABILITIES":734853962.75,"TAX_EBT":22.368936795688,"OCF_SALES":142.988597802125,"TOTAL_PARENT_EQUITY":922279549.05,"DEBT_ASSET_RATIO":37.4470819544,"OPERATE_PROFIT":115935053.3,"PRETAX_PROFIT":111016113,"NETCASH_OPERATE":313999003.85,"NETCASH_INVEST":48401611.05,"NETCASH_FINANCE":103351232.75,"END_CASH":535519029.1,"DIVI_RATIO":null,"DIVIDEND_RATE":null,"CURRENT_RATIO":3.140485653354,"COMMON_ACS":150000000000,"CURRENTDEBT_DEBT":25.452594050123,"ISSUED_COMMON_SHARES":1080562890,"HK_COMMON_SHARES":1080562890,"PER_SHARES":4000,"TOTAL_MARKET_CAP":507864558.3,"HKSK_MARKET_CAP":507864558.3,"PE_TTM":9.327686710012,"PB_TTM":0.479121575844,"REPORT_DATE_SQ":"2022-12-31 00:00:00","REPORT_TYPE_SQ":"2022年年报","OPERATE_INCOME_SQ":321062745.37,"DPS_HKD":null,"OPERATE_INCOME_QOQ_SQ":0,"NET_PROFIT_RATIO_SQ":34.4256618589,"HOLDER_PROFIT_SQ":78181116.28,"HOLDER_PROFIT_QOQ_SQ":0,"ROE_AVG_SQ":10.085248286057,"PE_TTM_SQ":34.32916109184,"PB_TTM_SQ":1.086441870858,"ROA_SQ":4.107936599931,"START_DATE":"2023-04-01 00:00:00","FISCAL_YEAR":"3-31","CURRENCY":"HKD","IS_CNY_CODE":0,"DPS_HKD_LY":null,"ORG_TYPE":"一般企业","PREMIUM_INCOME":null,"PREMIUM_INCOME_YOY":null,"NET_INTEREST_INCOME":null,"NET_INTEREST_INCOME_YOY":null,"FEE_COMMISSION_INCOME":null,"FEE_COMMISSION_INCOME_YOY":null,"ACCOUNTS_RECE_TDAYS":2.104324030839,"INVENTORY_TDAYS":null,"CURRENT_ASSETS_TDAYS":0.450851602793,"TOTAL_ASSETS_TDAYS":0.116361620562,"PREMIUM_EXPENSE":null,"LOAN_DEPOSIT":null,"LOAN_EQUITY":null,"LOAN_ASSETS":null,"DEPOSIT_EQUITY":null,"DEPOSIT_ASSETS":null,"EQUITY_MULTIPLIER":1.598646444073,"EQUITY_RATIO":0.796780069022},{"SECUCODE":"00353.HK","SECURITY_CODE":"00353","SECURITY_NAME_ABBR":"能源国际投资","ORG_CODE":"10008848","STD_REPORT_DATE":"2023-06-30 00:00:00","REPORT_DATE":"2023-09-30 00:00:00","DATE_TYPE_CODE":"002","REPORT_TYPE":"2023年中报","PER_NETCASH_OPERATE":0.13482219108,"PER_OI":0.132561581279,"BPS":0.827727119252,"BASIC_EPS":0.021564305,"DILUTED_EPS":0.021564305,"OPERATE_INCOME":143241125.37,"OPERATE_INCOME_YOY":85.7634137344,"GROSS_PROFIT":70023427.67,"GROSS_PROFIT_YOY":-5.815113164863,"HOLDER_PROFIT":16906415.12,"HOLDER_PROFIT_YOY":-76.0369382845,"GROSS_PROFIT_RATIO":48.888604189354,"EPS_TTM":0.10850005928,"OPERATE_INCOME_QOQ":0,"NET_PROFIT_RATIO":21.1447056563,"ROE_AVG":1.998469474366,"GROSS_PROFIT_QOQ":0,"ROA":0.90155026128,"HOLDER_PROFIT_QOQ":0,"ROE_YEARLY":3.996938948732,"ROIC_YEARLY":2.432242527214,"TOTAL_ASSETS":1916361057.03,"TOTAL_LIABILITIES":740793522.7,"TAX_EBT":24.626087744743,"OCF_SALES":101.698161552751,"TOTAL_PARENT_EQUITY":894411208.11,"DEBT_ASSET_RATIO":38.6562605195,"OPERATE_PROFIT":43377287.73,"PRETAX_PROFIT":40493176.64,"NETCASH_OPERATE":145683856.43,"NETCASH_INVEST":-1459031.7,"NETCASH_FINANCE":121709855.05,"END_CASH":333751207.3,"DIVI_RATIO":null,"DIVIDEND_RATE":null,"CURRENT_RATIO":2.587974340016,"COMMON_ACS":150000000000,"CURRENTDEBT_DEBT":28.983760482602,"ISSUED_COMMON_SHARES":1080562890,"HK_COMMON_SHARES":1080562890,"PER_SHARES":4000,"TOTAL_MARKET_CAP":507864558.3,"HKSK_MARKET_CAP":507864558.3,"PE_TTM":9.327686710012,"PB_TTM":0.479121575844,"REPORT_DATE_SQ":"2022-06-30 00:00:00","REPORT_TYPE_SQ":"2022年中报","OPERATE_INCOME_SQ":76006424.28,"DPS_HKD":null,"OPERATE_INCOME_QOQ_SQ":0,"NET_PROFIT_RATIO_SQ":113.426228923,"HOLDER_PROFIT_SQ":69537869.4,"HOLDER_PROFIT_QOQ_SQ":0,"ROE_AVG_SQ":8.871660074126,"PE_TTM_SQ":34.32916109184,"PB_TTM_SQ":1.086441870858,"ROA_SQ":3.543223898247,"START_DATE":"2023-04-01 00:00:00","FISCAL_YEAR":"3-31","CURRENCY":"HKD","IS_CNY_CODE":0,"DPS_HKD_LY":null,"ORG_TYPE":"一般企业","PREMIUM_INCOME":null,"PREMIUM_INCOME_YOY":null,"NET_INTEREST_INCOME":null,"NET_INTEREST_INCOME_YOY":null,"FEE_COMMISSION_INCOME":null,"FEE_COMMISSION_INCOME_YOY":null,"ACCOUNTS_RECE_TDAYS":0.887776081078,"INVENTORY_TDAYS":null,"CURRENT_ASSETS_TDAYS":0.302492154794,"TOTAL_ASSETS_TDAYS":0.076390040864,"PREMIUM_EXPENSE":null,"LOAN_DEPOSIT":null,"LOAN_EQUITY":null,"LOAN_ASSETS":null,"DEPOSIT_EQUITY":null,"DEPOSIT_ASSETS":null,"EQUITY_MULTIPLIER":1.630158201095,"EQUITY_RATIO":0.828247137315},{"SECUCODE":"00353.HK","SECURITY_CODE":"00353","SECURITY_NAME_ABBR":"能源国际投资","ORG_CODE":"10008848","STD_REPORT_DATE":"2022-12-31 00:00:00","REPORT_DATE":"2023-03-31 00:00:00","DATE_TYPE_CODE":"001","REPORT_TYPE":"2022年年报","PER_NETCASH_OPERATE":0.123470025358,"PER_OI":0.445572135098,"BPS":0.704106252196,"BASIC_EPS":0.108463299,"DILUTED_EPS":0.108463299,"OPERATE_INCOME":321062745.37,"OPERATE_INCOME_YOY":-29.5457557835,"GROSS_PROFIT":142051029.88,"GROSS_PROFIT_YOY":6.1451163681,"HOLDER_PROFIT":78181116.28,"HOLDER_PROFIT_YOY":599.7962701771,"GROSS_PROFIT_RATIO":44.245985222346,"EPS_TTM":0.098291377842,"OPERATE_INCOME_QOQ":0,"NET_PROFIT_RATIO":34.4256618589,"ROE_AVG":10.085248286057,"GROSS_PROFIT_QOQ":0,"ROA":4.107936599931,"HOLDER_PROFIT_QOQ":0,"ROE_YEARLY":10.085248286057,"ROIC_YEARLY":5.010099242129,"TOTAL_ASSETS":1749770383.41,"TOTAL_LIABILITIES":722792771.42,"TAX_EBT":17.497657348118,"OCF_SALES":27.709463696595,"TOTAL_PARENT_EQUITY":760831086.74,"DEBT_ASSET_RATIO":41.3078640645,"OPERATE_PROFIT":145444119.04,"PRETAX_PROFIT":134526005.52,"NETCASH_OPERATE":88967918.3,"NETCASH_INVEST":48194822.14,"NETCASH_FINANCE":-112134768.54,"END_CASH":72739567.72,"DIVI_RATIO":null,"DIVIDEND_RATE":null,"CURRENT_RATIO":1.946378629924,"COMMON_ACS":150000000000,"CURRENTDEBT_DEBT":26.546577170804,"ISSUED_COMMON_SHARES":1080562890,"HK_COMMON_SHARES":1080562890,"PER_SHARES":4000,"TOTAL_MARKET_CAP":448433599.35,"HKSK_MARKET_CAP":448433599.35,"PE_TTM":8.236148903521,"PB_TTM":0.423054157394,"REPORT_DATE_SQ":"2021-12-31 00:00:00","REPORT_TYPE_SQ":"2021年年报","OPERATE_INCOME_SQ":422194774.79,"DPS_HKD":null,"OPERATE_INCOME_QOQ_SQ":0,"NET_PROFIT_RATIO_SQ":8.0556457329,"HOLDER_PROFIT_SQ":10350109.62,"HOLDER_PROFIT_QOQ_SQ":0,"ROE_AVG_SQ":1.444690659942,"PE_TTM_SQ":31.877078156709,"PB_TTM_SQ":1.008838880083,"ROA_SQ":0.557841160827,"START_DATE":"2022-04-01 00:00:00","FISCAL_YEAR":"3-31","CURRENCY":"HKD","IS_CNY_CODE":0,"DPS_HKD_LY":null,"ORG_TYPE":"一般企业","PREMIUM_INCOME":null,"PREMIUM_INCOME_YOY":null,"NET_INTEREST_INCOME":null,"NET_INTEREST_INCOME_YOY":null,"FEE_COMMISSION_INCOME":null,"FEE_COMMISSION_INCOME_YOY":null,"ACCOUNTS_RECE_TDAYS":2.112612936951,"INVENTORY_TDAYS":null,"CURRENT_ASSETS_TDAYS":0.926198563113,"TOTAL_ASSETS_TDAYS":0.168704696864,"PREMIUM_EXPENSE":null,"LOAN_DEPOSIT":null,"LOAN_EQUITY":null,"LOAN_ASSETS":null,"DEPOSIT_EQUITY":null,"DEPOSIT_ASSETS":null,"EQUITY_MULTIPLIER":1.703805772376,"EQUITY_RATIO":0.950004257209},{"SECUCODE":"00353.HK","SECURITY_CODE":"00353","SECURITY_NAME_ABBR":"能源国际投资","ORG_CODE":"10008848","STD_REPORT_DATE":"2022-06-30 00:00:00","REPORT_DATE":"2022-09-30 00:00:00","DATE_TYPE_CODE":"002","REPORT_TYPE":"2022年中报","PER_NETCASH_OPERATE":0.112140771613,"PER_OI":0.105482013208,"BPS":0.695825005206,"BASIC_EPS":0.096503748,"DILUTED_EPS":0.096503748,"OPERATE_INCOME":76006424.28,"OPERATE_INCOME_YOY":10.3803819581,"GROSS_PROFIT":74346776.88,"GROSS_PROFIT_YOY":18.406576379501,"HOLDER_PROFIT":69537869.4,"HOLDER_PROFIT_YOY":606.7285596103,"GROSS_PROFIT_RATIO":97.816437997549,"EPS_TTM":0.001436392265,"OPERATE_INCOME_QOQ":0,"NET_PROFIT_RATIO":113.426228923,"ROE_AVG":8.871660074126,"GROSS_PROFIT_QOQ":0,"ROA":3.543223898247,"HOLDER_PROFIT_QOQ":0,"ROE_YEARLY":17.743320148251,"ROIC_YEARLY":8.51829713828,"TOTAL_ASSETS":1800344799.72,"TOTAL_LIABILITIES":795711840.96,"TAX_EBT":11.149224932654,"OCF_SALES":106.312695598367,"TOTAL_PARENT_EQUITY":751882678.56,"DEBT_ASSET_RATIO":44.1977470695,"OPERATE_PROFIT":102700066.44,"PRETAX_PROFIT":97029227.64,"NETCASH_OPERATE":80804478.48,"NETCASH_INVEST":-95617396.8,"NETCASH_FINANCE":17037840.72,"END_CASH":49017934.68,"DIVI_RATIO":null,"DIVIDEND_RATE":null,"CURRENT_RATIO":1.528843264105,"COMMON_ACS":150000000000,"CURRENTDEBT_DEBT":35.929841870277,"ISSUED_COMMON_SHARES":1080562890,"HK_COMMON_SHARES":1080562890,"PER_SHARES":4000,"TOTAL_MARKET_CAP":448433599.35,"HKSK_MARKET_CAP":448433599.35,"PE_TTM":8.236148903521,"PB_TTM":0.423054157394,"REPORT_DATE_SQ":"2021-06-30 00:00:00","REPORT_TYPE_SQ":"2021年中报","OPERATE_INCOME_SQ":63424190.04,"DPS_HKD":null,"OPERATE_INCOME_QOQ_SQ":0,"NET_PROFIT_RATIO_SQ":38.0421362335,"HOLDER_PROFIT_SQ":9062859.74,"HOLDER_PROFIT_QOQ_SQ":0,"ROE_AVG_SQ":1.23444812657,"PE_TTM_SQ":31.877078156709,"PB_TTM_SQ":1.008838880083,"ROA_SQ":0.475789262837,"START_DATE":"2022-04-01 00:00:00","FISCAL_YEAR":"3-31","CURRENCY":"HKD","IS_CNY_CODE":0,"DPS_HKD_LY":null,"ORG_TYPE":"一般企业","PREMIUM_INCOME":null,"PREMIUM_INCOME_YOY":null,"NET_INTEREST_INCOME":null,"NET_INTEREST_INCOME_YOY":null,"FEE_COMMISSION_INCOME":null,"FEE_COMMISSION_INCOME_YOY":null,"ACCOUNTS_RECE_TDAYS":0.759728607009,"INVENTORY_TDAYS":null,"CURRENT_ASSETS_TDAYS":0.198049132267,"TOTAL_ASSETS_TDAYS":0.038728218344,"PREMIUM_EXPENSE":null,"LOAN_DEPOSIT":null,"LOAN_EQUITY":null,"LOAN_ASSETS":null,"DEPOSIT_EQUITY":null,"DEPOSIT_ASSETS":null,"EQUITY_MULTIPLIER":1.792042341454,"EQUITY_RATIO":1.058292555009},{"SECUCODE":"00353.HK","SECURITY_CODE":"00353","SECURITY_NAME_ABBR":"能源国际投资","ORG_CODE":"10008848","STD_REPORT_DATE":"2021-12-31 00:00:00","REPORT_DATE":"2022-03-31 00:00:00","DATE_TYPE_CODE":"001","REPORT_TYPE":"2021年年报","PER_NETCASH_OPERATE":-0.011795592056,"PER_OI":0.05859235615,"BPS":0.67695166496,"BASIC_EPS":0.014354877,"DILUTED_EPS":0.014354877,"OPERATE_INCOME":422194774.79,"OPERATE_INCOME_YOY":235.3900371096,"GROSS_PROFIT":133827193.13,"GROSS_PROFIT_YOY":3.74348767857,"HOLDER_PROFIT":10350109.62,"HOLDER_PROFIT_YOY":465.9879552624,"GROSS_PROFIT_RATIO":31.697974755032,"EPS_TTM":0.002487150691,"OPERATE_INCOME_QOQ":0,"NET_PROFIT_RATIO":8.0556457329,"ROE_AVG":1.444690659942,"GROSS_PROFIT_QOQ":0,"ROA":0.557841160827,"HOLDER_PROFIT_QOQ":0,"ROE_YEARLY":1.444690659942,"ROIC_YEARLY":0.700401213217,"TOTAL_ASSETS":1905281462.7,"TOTAL_LIABILITIES":899736116.02,"TAX_EBT":43.159977771453,"OCF_SALES":-20.131622673984,"TOTAL_PARENT_EQUITY":731488847.48,"DEBT_ASSET_RATIO":47.2232650994,"OPERATE_PROFIT":73277186.53,"PRETAX_PROFIT":59835506.79,"NETCASH_OPERATE":-84994659.01,"NETCASH_INVEST":153611782.08,"NETCASH_FINANCE":-37767924.69,"END_CASH":46969644.15,"DIVI_RATIO":null,"DIVIDEND_RATE":null,"CURRENT_RATIO":0.729689409735,"COMMON_ACS":150000000000,"CURRENTDEBT_DEBT":45.134586020216,"ISSUED_COMMON_SHARES":1080562890,"HK_COMMON_SHARES":1080562890,"PER_SHARES":4000,"TOTAL_MARKET_CAP":513267372.75,"HKSK_MARKET_CAP":513267372.75,"PE_TTM":9.426917419693,"PB_TTM":0.484218613884,"REPORT_DATE_SQ":"2020-12-31 00:00:00","REPORT_TYPE_SQ":"2020年年报","OPERATE_INCOME_SQ":130635994.24,"DPS_HKD":null,"OPERATE_INCOME_QOQ_SQ":12.926550627573,"NET_PROFIT_RATIO_SQ":21.9468353778,"HOLDER_PROFIT_SQ":-2934798.68,"HOLDER_PROFIT_QOQ_SQ":3.520683333181,"ROE_AVG_SQ":-0.40319573378,"PE_TTM_SQ":10.042406040892,"PB_TTM_SQ":0.920149747768,"ROA_SQ":-0.162197287161,"START_DATE":"2021-04-01 00:00:00","FISCAL_YEAR":"3-31","CURRENCY":"HKD","IS_CNY_CODE":0,"DPS_HKD_LY":null,"ORG_TYPE":"一般企业","PREMIUM_INCOME":null,"PREMIUM_INCOME_YOY":null,"NET_INTEREST_INCOME":null,"NET_INTEREST_INCOME_YOY":null,"FEE_COMMISSION_INCOME":null,"FEE_COMMISSION_INCOME_YOY":null,"ACCOUNTS_RECE_TDAYS":6.023477003182,"INVENTORY_TDAYS":null,"CURRENT_ASSETS_TDAYS":1.382391719124,"TOTAL_ASSETS_TDAYS":0.227550849132,"PREMIUM_EXPENSE":null,"LOAN_DEPOSIT":null,"LOAN_EQUITY":null,"LOAN_ASSETS":null,"DEPOSIT_EQUITY":null,"DEPOSIT_ASSETS":null,"EQUITY_MULTIPLIER":1.894774282425,"EQUITY_RATIO":1.23000660792},{"SECUCODE":"00353.HK","SECURITY_CODE":"00353","SECURITY_NAME_ABBR":"能源国际投资","ORG_CODE":"10008848","STD_REPORT_DATE":"2021-06-30 00:00:00","REPORT_DATE":"2021-09-30 00:00:00","DATE_TYPE_CODE":"002","REPORT_TYPE":"2021年中报","PER_NETCASH_OPERATE":0.00211177597,"PER_OI":0.008802033927,"BPS":0.692137356596,"BASIC_EPS":0.012579206,"DILUTED_EPS":0.012579206,"OPERATE_INCOME":63424190.04,"OPERATE_INCOME_YOY":20.6809643825,"GROSS_PROFIT":62789398.32,"GROSS_PROFIT_YOY":10.405371644057,"HOLDER_PROFIT":9062859.74,"HOLDER_PROFIT_YOY":184.2614824568,"GROSS_PROFIT_RATIO":98.999133107416,"EPS_TTM":-0.00040729251,"OPERATE_INCOME_QOQ":0,"NET_PROFIT_RATIO":38.0421362335,"ROE_AVG":1.23444812657,"GROSS_PROFIT_QOQ":0,"ROA":0.475789262837,"HOLDER_PROFIT_QOQ":0,"ROE_YEARLY":2.46889625314,"ROIC_YEARLY":1.198187134825,"TOTAL_ASSETS":1955031039.42,"TOTAL_LIABILITIES":938871948.96,"TAX_EBT":29.423948535504,"OCF_SALES":23.991909002548,"TOTAL_PARENT_EQUITY":747897942.32,"DEBT_ASSET_RATIO":48.0233781474,"OPERATE_PROFIT":38608998.76,"PRETAX_PROFIT":34187116.28,"NETCASH_OPERATE":15216673.96,"NETCASH_INVEST":69453878.32,"NETCASH_FINANCE":-30367536.18,"END_CASH":69752113.8,"DIVI_RATIO":null,"DIVIDEND_RATE":null,"CURRENT_RATIO":1.4464740764,"COMMON_ACS":150000000000,"CURRENTDEBT_DEBT":29.38769281004,"ISSUED_COMMON_SHARES":1080562890,"HK_COMMON_SHARES":1080562890,"PER_SHARES":4000,"TOTAL_MARKET_CAP":513267372.75,"HKSK_MARKET_CAP":513267372.75,"PE_TTM":9.426917419693,"PB_TTM":0.484218613884,"REPORT_DATE_SQ":"2020-06-30 00:00:00","REPORT_TYPE_SQ":"2020年中报","OPERATE_INCOME_SQ":57626189.28,"DPS_HKD":null,"OPERATE_INCOME_QOQ_SQ":-0.536528414863,"NET_PROFIT_RATIO_SQ":5.5082663623,"HOLDER_PROFIT_SQ":-11793423.84,"HOLDER_PROFIT_QOQ_SQ":-110.845751931593,"ROE_AVG_SQ":-1.722634612934,"PE_TTM_SQ":10.042406040892,"PB_TTM_SQ":0.920149747768,"ROA_SQ":-0.628260888606,"START_DATE":"2021-04-01 00:00:00","FISCAL_YEAR":"3-31","CURRENCY":"HKD","IS_CNY_CODE":0,"DPS_HKD_LY":null,"ORG_TYPE":"一般企业","PREMIUM_INCOME":null,"PREMIUM_INCOME_YOY":null,"NET_INTEREST_INCOME":null,"NET_INTEREST_INCOME_YOY":null,"FEE_COMMISSION_INCOME":null,"FEE_COMMISSION_INCOME_YOY":null,"ACCOUNTS_RECE_TDAYS":4.776136256705,"INVENTORY_TDAYS":0.0100530357,"CURRENT_ASSETS_TDAYS":0.175654256387,"TOTAL_ASSETS_TDAYS":0.033296938815,"PREMIUM_EXPENSE":null,"LOAN_DEPOSIT":null,"LOAN_EQUITY":null,"LOAN_ASSETS":null,"DEPOSIT_EQUITY":null,"DEPOSIT_ASSETS":null,"EQUITY_MULTIPLIER":1.923941888405,"EQUITY_RATIO":1.255347682931},{"SECUCODE":"00353.HK","SECURITY_CODE":"00353","SECURITY_NAME_ABBR":"能源国际投资","ORG_CODE":"10008848","STD_REPORT_DATE":"2020-12-31 00:00:00","REPORT_DATE":"2020-12-31 00:00:00","DATE_TYPE_CODE":"001","REPORT_TYPE":"2020年年报","PER_NETCASH_OPERATE":-0.013320228801,"PER_OI":0.018129714429,"BPS":0.73375131093,"BASIC_EPS":-0.00042082,"DILUTED_EPS":null,"OPERATE_INCOME":130635994.24,"OPERATE_INCOME_YOY":19.5458956546,"GROSS_PROFIT":128998162.8,"GROSS_PROFIT_YOY":12.93654867711,"HOLDER_PROFIT":-2934798.68,"HOLDER_PROFIT_YOY":-111.1370169275,"GROSS_PROFIT_RATIO":98.746263271828,"EPS_TTM":-0.00040729251,"OPERATE_INCOME_QOQ":12.926550627573,"NET_PROFIT_RATIO":21.9468353778,"ROE_AVG":-0.40319573378,"GROSS_PROFIT_QOQ":13.462674399775,"ROA":-0.162197287161,"HOLDER_PROFIT_QOQ":3.520683333181,"ROE_YEARLY":-0.40319573378,"ROIC_YEARLY":-0.205109020415,"TOTAL_ASSETS":1913599928.94,"TOTAL_LIABILITIES":928687164.72,"TAX_EBT":36.736247817851,"OCF_SALES":-73.471807030203,"TOTAL_PARENT_EQUITY":730909128.46,"DEBT_ASSET_RATIO":34.3816395999,"OPERATE_PROFIT":80422910.2,"PRETAX_PROFIT":45318947.44,"NETCASH_OPERATE":-95980625.6,"NETCASH_INVEST":268322406.76,"NETCASH_FINANCE":-284654430.96,"END_CASH":14053704.72,"DIVI_RATIO":null,"DIVIDEND_RATE":null,"CURRENT_RATIO":1.448365759191,"COMMON_ACS":150000000000,"CURRENTDEBT_DEBT":31.14786622546,"ISSUED_COMMON_SHARES":1080562890,"HK_COMMON_SHARES":1080562890,"PER_SHARES":4000,"TOTAL_MARKET_CAP":513267372.75,"HKSK_MARKET_CAP":513267372.75,"PE_TTM":9.426917419693,"PB_TTM":0.484218613884,"REPORT_DATE_SQ":"2019-12-31 00:00:00","REPORT_TYPE_SQ":"2019年年报","OPERATE_INCOME_SQ":116306283.64,"DPS_HKD":null,"OPERATE_INCOME_QOQ_SQ":-22.643806390852,"NET_PROFIT_RATIO_SQ":36.0872779926,"HOLDER_PROFIT_SQ":28046871.8,"HOLDER_PROFIT_QOQ_SQ":179.431949560065,"ROE_AVG_SQ":4.037501958466,"PE_TTM_SQ":10.042406040892,"PB_TTM_SQ":0.920149747768,"ROA_SQ":1.459671277926,"START_DATE":"2020-01-01 00:00:00","FISCAL_YEAR":"12-31","CURRENCY":"HKD","IS_CNY_CODE":0,"DPS_HKD_LY":null,"ORG_TYPE":"一般企业","PREMIUM_INCOME":null,"PREMIUM_INCOME_YOY":null,"NET_INTEREST_INCOME":null,"NET_INTEREST_INCOME_YOY":null,"FEE_COMMISSION_INCOME":null,"FEE_COMMISSION_INCOME_YOY":null,"ACCOUNTS_RECE_TDAYS":9.71253363369,"INVENTORY_TDAYS":null,"CURRENT_ASSETS_TDAYS":0.455110819203,"TOTAL_ASSETS_TDAYS":0.072198491895,"PREMIUM_EXPENSE":null,"LOAN_DEPOSIT":null,"LOAN_EQUITY":null,"LOAN_ASSETS":null,"DEPOSIT_EQUITY":null,"DEPOSIT_ASSETS":null,"EQUITY_MULTIPLIER":1.523963710618,"EQUITY_RATIO":1.270591826752},{"SECUCODE":"00353.HK","SECURITY_CODE":"00353","SECURITY_NAME_ABBR":"能源国际投资","ORG_CODE":"10008848","STD_REPORT_DATE":"2020-06-30 00:00:00","REPORT_DATE":"2020-06-30 00:00:00","DATE_TYPE_CODE":"002","REPORT_TYPE":"2020年中报","PER_NETCASH_OPERATE":-0.000207689807,"PER_OI":0.010583624257,"BPS":0.601329766711,"BASIC_EPS":-0.001644192,"DILUTED_EPS":-0.001644192,"OPERATE_INCOME":57626189.28,"OPERATE_INCOME_YOY":-4.7297603407,"GROSS_PROFIT":56871687.84,"GROSS_PROFIT_YOY":-0.922706436268,"HOLDER_PROFIT":-11793423.84,"HOLDER_PROFIT_YOY":-158.8602689765,"GROSS_PROFIT_RATIO":98.69069697402,"EPS_TTM":-0.00055867419,"OPERATE_INCOME_QOQ":-0.536528414863,"NET_PROFIT_RATIO":5.5082663623,"ROE_AVG":-1.722634612934,"GROSS_PROFIT_QOQ":-0.463699384355,"ROA":-0.628260888606,"HOLDER_PROFIT_QOQ":-110.845751931593,"ROE_YEARLY":-3.445269225868,"ROIC_YEARLY":-1.666268737618,"TOTAL_ASSETS":1860311904,"TOTAL_LIABILITIES":756274427.04,"TAX_EBT":77.915475055609,"OCF_SALES":-1.962369426348,"TOTAL_PARENT_EQUITY":649774630.56,"DEBT_ASSET_RATIO":40.6530983011,"OPERATE_PROFIT":32088233.76,"PRETAX_PROFIT":14372978.4,"NETCASH_OPERATE":-1130838.72,"NETCASH_INVEST":204373065.6,"NETCASH_FINANCE":-180151377.12,"END_CASH":136368371.04,"DIVI_RATIO":null,"DIVIDEND_RATE":null,"CURRENT_RATIO":0.862446285495,"COMMON_ACS":150000000000,"CURRENTDEBT_DEBT":48.76615604252,"ISSUED_COMMON_SHARES":1080562890,"HK_COMMON_SHARES":1080562890,"PER_SHARES":4000,"TOTAL_MARKET_CAP":513267372.75,"HKSK_MARKET_CAP":513267372.75,"PE_TTM":9.426917419693,"PB_TTM":0.484218613884,"REPORT_DATE_SQ":"2019-06-30 00:00:00","REPORT_TYPE_SQ":"2019年中报","OPERATE_INCOME_SQ":58250205.54,"DPS_HKD":null,"OPERATE_INCOME_QOQ_SQ":12.648418330962,"NET_PROFIT_RATIO_SQ":48.5933040366,"HOLDER_PROFIT_SQ":19295342.1,"HOLDER_PROFIT_QOQ_SQ":47.307423273315,"ROE_AVG_SQ":2.852246233306,"PE_TTM_SQ":10.042406040892,"PB_TTM_SQ":0.920149747768,"ROA_SQ":1.077097811873,"START_DATE":"2020-01-01 00:00:00","FISCAL_YEAR":"12-31","CURRENCY":"HKD","IS_CNY_CODE":0,"DPS_HKD_LY":null,"ORG_TYPE":"一般企业","PREMIUM_INCOME":null,"PREMIUM_INCOME_YOY":null,"NET_INTEREST_INCOME":null,"NET_INTEREST_INCOME_YOY":null,"FEE_COMMISSION_INCOME":null,"FEE_COMMISSION_INCOME_YOY":null,"ACCOUNTS_RECE_TDAYS":null,"INVENTORY_TDAYS":null,"CURRENT_ASSETS_TDAYS":0.196369069389,"TOTAL_ASSETS_TDAYS":0.030698702408,"PREMIUM_EXPENSE":null,"LOAN_DEPOSIT":null,"LOAN_EQUITY":null,"LOAN_ASSETS":null,"DEPOSIT_EQUITY":null,"DEPOSIT_ASSETS":null,"EQUITY_MULTIPLIER":1.685007930277,"EQUITY_RATIO":1.163902669435}],"count":47},"success":true,"message":"ok","code":0}