{"version":"b0e1ac4367a8ae399fe0d902cd506ad3","result":{"pages":6,"data":[{"SECUCODE":"00357.HK","SECURITY_CODE":"00357","SECURITY_NAME_ABBR":"美兰空港","ORG_CODE":"10008851","STD_REPORT_DATE":"2024-06-30 00:00:00","REPORT_DATE":"2024-06-30 00:00:00","DATE_TYPE_CODE":"002","REPORT_TYPE":"2024年中报","PER_NETCASH_OPERATE":0.493422336242,"PER_OI":2.428667967702,"BPS":8.506504721975,"BASIC_EPS":-0.52,"DILUTED_EPS":-0.52,"OPERATE_INCOME":1149277255,"OPERATE_INCOME_YOY":7.8174892052,"GROSS_PROFIT":158170738,"GROSS_PROFIT_YOY":68.031414557104,"HOLDER_PROFIT":-248045330,"HOLDER_PROFIT_YOY":-390.0110439763,"GROSS_PROFIT_RATIO":13.762626669228,"EPS_TTM":-0.704616889223,"OPERATE_INCOME_QOQ":3.995354411896,"NET_PROFIT_RATIO":-22.3229531328,"ROE_AVG":-5.977843916231,"GROSS_PROFIT_QOQ":166.569528340917,"ROA":-2.245128737288,"HOLDER_PROFIT_QOQ":-145.155926821464,"ROE_YEARLY":-11.955687832462,"ROIC_YEARLY":-4.520524345042,"TOTAL_ASSETS":10735360234,"TOTAL_LIABILITIES":6754019721,"TAX_EBT":8.978029422619,"OCF_SALES":20.316582703101,"TOTAL_PARENT_EQUITY":4025388619,"DEBT_ASSET_RATIO":62.9137688329,"OPERATE_PROFIT":-219183334,"PRETAX_PROFIT":-281857909,"NETCASH_OPERATE":233493864,"NETCASH_INVEST":-477386684,"NETCASH_FINANCE":64118745,"END_CASH":23879618,"DIVI_RATIO":null,"DIVIDEND_RATE":null,"CURRENT_RATIO":0.08621544054,"COMMON_ACS":null,"CURRENTDEBT_DEBT":82.734215694186,"ISSUED_COMMON_SHARES":473213000,"HK_COMMON_SHARES":226913000,"PER_SHARES":1000,"TOTAL_MARKET_CAP":4277845520,"HKSK_MARKET_CAP":2051293520,"PE_TTM":-11.657630966263,"PB_TTM":0.969919781351,"REPORT_DATE_SQ":"2023-06-30 00:00:00","REPORT_TYPE_SQ":"2023年中报","OPERATE_INCOME_SQ":1065946966,"DPS_HKD":null,"OPERATE_INCOME_QOQ_SQ":38.837318458987,"NET_PROFIT_RATIO_SQ":-5.2934603503,"HOLDER_PROFIT_SQ":-50620355,"HOLDER_PROFIT_QOQ_SQ":-25.004834709348,"ROE_AVG_SQ":-1.154626441022,"PE_TTM_SQ":-15.078601783934,"PB_TTM_SQ":0.68564538246,"ROA_SQ":-0.445819193195,"START_DATE":"2024-01-01 00:00:00","FISCAL_YEAR":"12-31","CURRENCY":"HKD","IS_CNY_CODE":0,"DPS_HKD_LY":null,"ORG_TYPE":"一般企业","PREMIUM_INCOME":null,"PREMIUM_INCOME_YOY":null,"NET_INTEREST_INCOME":null,"NET_INTEREST_INCOME_YOY":null,"FEE_COMMISSION_INCOME":null,"FEE_COMMISSION_INCOME_YOY":null,"ACCOUNTS_RECE_TDAYS":2.822752134077,"INVENTORY_TDAYS":761.496334684313,"CURRENT_ASSETS_TDAYS":1.937050998003,"TOTAL_ASSETS_TDAYS":0.104024348788,"PREMIUM_EXPENSE":null,"LOAN_DEPOSIT":null,"LOAN_EQUITY":null,"LOAN_ASSETS":null,"DEPOSIT_EQUITY":null,"DEPOSIT_ASSETS":null,"EQUITY_MULTIPLIER":2.696418505009,"EQUITY_RATIO":1.677855322868},{"SECUCODE":"00357.HK","SECURITY_CODE":"00357","SECURITY_NAME_ABBR":"美兰空港","ORG_CODE":"10008851","STD_REPORT_DATE":"2023-12-31 00:00:00","REPORT_DATE":"2023-12-31 00:00:00","DATE_TYPE_CODE":"001","REPORT_TYPE":"2023年年报","PER_NETCASH_OPERATE":1.113527918717,"PER_OI":4.407485692489,"BPS":9.030677409539,"BASIC_EPS":-0.29,"DILUTED_EPS":-0.29,"OPERATE_INCOME":2085679527,"OPERATE_INCOME_YOY":82.7200742581,"GROSS_PROFIT":38445862,"GROSS_PROFIT_YOY":105.409799524103,"HOLDER_PROFIT":-136008897,"HOLDER_PROFIT_YOY":12.4212052487,"GROSS_PROFIT_RATIO":1.843325472696,"EPS_TTM":-0.287415808526,"OPERATE_INCOME_QOQ":31.607320197582,"NET_PROFIT_RATIO":-8.0849834702,"ROE_AVG":-3.132807252968,"GROSS_PROFIT_QOQ":334.363561775915,"ROA":-1.236416221729,"HOLDER_PROFIT_QOQ":29.939673969432,"ROE_YEARLY":-3.132807252968,"ROIC_YEARLY":-1.252621186983,"TOTAL_ASSETS":11360952185,"TOTAL_LIABILITIES":7123059049,"TAX_EBT":19.220403724077,"OCF_SALES":25.264470412573,"TOTAL_PARENT_EQUITY":4273433949,"DEBT_ASSET_RATIO":62.6977293189,"OPERATE_PROFIT":-73002123,"PRETAX_PROFIT":-208749304,"NETCASH_OPERATE":526935887,"NETCASH_INVEST":-326689079,"NETCASH_FINANCE":-116020188,"END_CASH":203653693,"DIVI_RATIO":null,"DIVIDEND_RATE":null,"CURRENT_RATIO":0.110157733184,"COMMON_ACS":null,"CURRENTDEBT_DEBT":89.830459651999,"ISSUED_COMMON_SHARES":473213000,"HK_COMMON_SHARES":226913000,"PER_SHARES":1000,"TOTAL_MARKET_CAP":4481327110,"HKSK_MARKET_CAP":2148866110,"PE_TTM":-12.212142173729,"PB_TTM":1.016055346172,"REPORT_DATE_SQ":"2022-12-31 00:00:00","REPORT_TYPE_SQ":"2022年年报","OPERATE_INCOME_SQ":1141461624,"DPS_HKD":null,"OPERATE_INCOME_QOQ_SQ":-14.456429790915,"NET_PROFIT_RATIO_SQ":-16.706933811,"HOLDER_PROFIT_SQ":-155298891,"HOLDER_PROFIT_QOQ_SQ":-138.064662975886,"ROE_AVG_SQ":-3.473070914095,"PE_TTM_SQ":-14.286149719377,"PB_TTM_SQ":0.64961146455,"ROA_SQ":-1.426402883721,"START_DATE":"2023-01-01 00:00:00","FISCAL_YEAR":"12-31","CURRENCY":"HKD","IS_CNY_CODE":0,"DPS_HKD_LY":null,"ORG_TYPE":"一般企业","PREMIUM_INCOME":null,"PREMIUM_INCOME_YOY":null,"NET_INTEREST_INCOME":null,"NET_INTEREST_INCOME_YOY":null,"FEE_COMMISSION_INCOME":null,"FEE_COMMISSION_INCOME_YOY":null,"ACCOUNTS_RECE_TDAYS":6.109469728266,"INVENTORY_TDAYS":1916.41711622909,"CURRENT_ASSETS_TDAYS":3.520522508194,"TOTAL_ASSETS_TDAYS":0.189602890501,"PREMIUM_EXPENSE":null,"LOAN_DEPOSIT":null,"LOAN_EQUITY":null,"LOAN_ASSETS":null,"DEPOSIT_EQUITY":null,"DEPOSIT_ASSETS":null,"EQUITY_MULTIPLIER":2.680801950501,"EQUITY_RATIO":1.666823246599},{"SECUCODE":"00357.HK","SECURITY_CODE":"00357","SECURITY_NAME_ABBR":"美兰空港","ORG_CODE":"10008851","STD_REPORT_DATE":"2023-06-30 00:00:00","REPORT_DATE":"2023-06-30 00:00:00","DATE_TYPE_CODE":"002","REPORT_TYPE":"2023年中报","PER_NETCASH_OPERATE":0.504063576022,"PER_OI":2.252573293633,"BPS":9.211121611198,"BASIC_EPS":-0.11,"DILUTED_EPS":-0.11,"OPERATE_INCOME":1065946966,"OPERATE_INCOME_YOY":71.1996407905,"GROSS_PROFIT":94131647,"GROSS_PROFIT_YOY":-9.486391907046,"HOLDER_PROFIT":-50620355,"HOLDER_PROFIT_YOY":-329.41824331,"GROSS_PROFIT_RATIO":8.830800218254,"EPS_TTM":-0.410240466767,"OPERATE_INCOME_QOQ":38.837318458987,"NET_PROFIT_RATIO":-5.2934603503,"ROE_AVG":-1.154626441022,"GROSS_PROFIT_QOQ":-52.710167794859,"ROA":-0.445819193195,"HOLDER_PROFIT_QOQ":-25.004834709348,"ROE_YEARLY":-2.309252882045,"ROIC_YEARLY":-0.907630105169,"TOTAL_ASSETS":12069365572,"TOTAL_LIABILITIES":7719271071,"TAX_EBT":18.983845379791,"OCF_SALES":22.377233071462,"TOTAL_PARENT_EQUITY":4358822491,"DEBT_ASSET_RATIO":63.957554562,"OPERATE_PROFIT":5623227,"PRETAX_PROFIT":-69647196,"NETCASH_OPERATE":238529437,"NETCASH_INVEST":-176314721,"NETCASH_FINANCE":110695002,"END_CASH":292336791,"DIVI_RATIO":null,"DIVIDEND_RATE":null,"CURRENT_RATIO":0.119028493835,"COMMON_ACS":null,"CURRENTDEBT_DEBT":83.596784678842,"ISSUED_COMMON_SHARES":473213000,"HK_COMMON_SHARES":226913000,"PER_SHARES":1000,"TOTAL_MARKET_CAP":4481327110,"HKSK_MARKET_CAP":2148866110,"PE_TTM":-12.212142173729,"PB_TTM":1.016055346172,"REPORT_DATE_SQ":"2022-06-30 00:00:00","REPORT_TYPE_SQ":"2022年中报","OPERATE_INCOME_SQ":622633880,"DPS_HKD":null,"OPERATE_INCOME_QOQ_SQ":-16.899005223383,"NET_PROFIT_RATIO_SQ":-4.0903646297,"HOLDER_PROFIT_SQ":-11788124,"HOLDER_PROFIT_QOQ_SQ":-46.677532022326,"ROE_AVG_SQ":-0.260356060878,"PE_TTM_SQ":-14.286149719377,"PB_TTM_SQ":0.64961146455,"ROA_SQ":-0.107284458771,"START_DATE":"2023-01-01 00:00:00","FISCAL_YEAR":"12-31","CURRENCY":"HKD","IS_CNY_CODE":0,"DPS_HKD_LY":null,"ORG_TYPE":"一般企业","PREMIUM_INCOME":null,"PREMIUM_INCOME_YOY":null,"NET_INTEREST_INCOME":null,"NET_INTEREST_INCOME_YOY":null,"FEE_COMMISSION_INCOME":null,"FEE_COMMISSION_INCOME_YOY":null,"ACCOUNTS_RECE_TDAYS":3.251396205572,"INVENTORY_TDAYS":1127.74004017467,"CURRENT_ASSETS_TDAYS":1.708106158166,"TOTAL_ASSETS_TDAYS":0.093879155208,"PREMIUM_EXPENSE":null,"LOAN_DEPOSIT":null,"LOAN_EQUITY":null,"LOAN_ASSETS":null,"DEPOSIT_EQUITY":null,"DEPOSIT_ASSETS":null,"EQUITY_MULTIPLIER":2.77450652376,"EQUITY_RATIO":1.770953299185},{"SECUCODE":"00357.HK","SECURITY_CODE":"00357","SECURITY_NAME_ABBR":"美兰空港","ORG_CODE":"10008851","STD_REPORT_DATE":"2022-12-31 00:00:00","REPORT_DATE":"2022-12-31 00:00:00","DATE_TYPE_CODE":"001","REPORT_TYPE":"2022年年报","PER_NETCASH_OPERATE":0.3677869881,"PER_OI":2.412151872413,"BPS":9.318093218065,"BASIC_EPS":-0.33,"DILUTED_EPS":-0.33,"OPERATE_INCOME":1141461624,"OPERATE_INCOME_YOY":-28.9124421888,"GROSS_PROFIT":18716664,"GROSS_PROFIT_YOY":-97.450983540275,"HOLDER_PROFIT":-155298891,"HOLDER_PROFIT_YOY":-120.2970177261,"GROSS_PROFIT_RATIO":1.639710315833,"EPS_TTM":-0.328179680186,"OPERATE_INCOME_QOQ":-14.456429790915,"NET_PROFIT_RATIO":-16.706933811,"ROE_AVG":-3.473070914095,"GROSS_PROFIT_QOQ":-94.55027277558,"ROA":-1.426402883721,"HOLDER_PROFIT_QOQ":-138.064662975886,"ROE_YEARLY":-3.473070914095,"ROIC_YEARLY":-1.450456877977,"TOTAL_ASSETS":10639551304,"TOTAL_LIABILITIES":6233031323,"TAX_EBT":19.363339085529,"OCF_SALES":15.24725670497,"TOTAL_PARENT_EQUITY":4409442846,"DEBT_ASSET_RATIO":58.5835919665,"OPERATE_PROFIT":-148342756,"PRETAX_PROFIT":-236496943,"NETCASH_OPERATE":174041584,"NETCASH_INVEST":-106215926,"NETCASH_FINANCE":-125860945,"END_CASH":119427073,"DIVI_RATIO":null,"DIVIDEND_RATE":null,"CURRENT_RATIO":0.080000754058,"COMMON_ACS":null,"CURRENTDEBT_DEBT":96.261561142166,"ISSUED_COMMON_SHARES":473213000,"HK_COMMON_SHARES":226913000,"PER_SHARES":1000,"TOTAL_MARKET_CAP":4481327110,"HKSK_MARKET_CAP":2148866110,"PE_TTM":-12.212142173729,"PB_TTM":1.016055346172,"REPORT_DATE_SQ":"2021-12-31 00:00:00","REPORT_TYPE_SQ":"2021年年报","OPERATE_INCOME_SQ":1605712250,"DPS_HKD":null,"OPERATE_INCOME_QOQ_SQ":-2.978881561514,"NET_PROFIT_RATIO_SQ":47.0539691654,"HOLDER_PROFIT_SQ":765131573,"HOLDER_PROFIT_QOQ_SQ":171.19979916511,"ROE_AVG_SQ":18.432367881934,"PE_TTM_SQ":-14.286149719377,"PB_TTM_SQ":0.64961146455,"ROA_SQ":6.889094283893,"START_DATE":"2022-01-01 00:00:00","FISCAL_YEAR":"12-31","CURRENCY":"HKD","IS_CNY_CODE":0,"DPS_HKD_LY":null,"ORG_TYPE":"一般企业","PREMIUM_INCOME":null,"PREMIUM_INCOME_YOY":null,"NET_INTEREST_INCOME":null,"NET_INTEREST_INCOME_YOY":null,"FEE_COMMISSION_INCOME":null,"FEE_COMMISSION_INCOME_YOY":null,"ACCOUNTS_RECE_TDAYS":3.958319941405,"INVENTORY_TDAYS":1589.06025293452,"CURRENT_ASSETS_TDAYS":2.070523280127,"TOTAL_ASSETS_TDAYS":0.104841969034,"PREMIUM_EXPENSE":null,"LOAN_DEPOSIT":null,"LOAN_EQUITY":null,"LOAN_ASSETS":null,"DEPOSIT_EQUITY":null,"DEPOSIT_ASSETS":null,"EQUITY_MULTIPLIER":2.414501999283,"EQUITY_RATIO":1.413564375521},{"SECUCODE":"00357.HK","SECURITY_CODE":"00357","SECURITY_NAME_ABBR":"美兰空港","ORG_CODE":"10008851","STD_REPORT_DATE":"2022-06-30 00:00:00","REPORT_DATE":"2022-06-30 00:00:00","DATE_TYPE_CODE":"002","REPORT_TYPE":"2022年中报","PER_NETCASH_OPERATE":0.403649324934,"PER_OI":1.31575818923,"BPS":9.555526299996,"BASIC_EPS":-0.02,"DILUTED_EPS":-0.02,"OPERATE_INCOME":622633880,"OPERATE_INCOME_YOY":-30.3528493185,"GROSS_PROFIT":103997232,"GROSS_PROFIT_YOY":-78.9830299779,"HOLDER_PROFIT":-11788124,"HOLDER_PROFIT_YOY":-103.4133213181,"GROSS_PROFIT_RATIO":16.702790410313,"EPS_TTM":0.862163630331,"OPERATE_INCOME_QOQ":-16.899005223383,"NET_PROFIT_RATIO":-4.0903646297,"ROE_AVG":-0.260356060878,"GROSS_PROFIT_QOQ":-53.226714755496,"ROA":-0.107284458771,"HOLDER_PROFIT_QOQ":-46.677532022326,"ROE_YEARLY":-0.520712121755,"ROIC_YEARLY":-0.218431034549,"TOTAL_ASSETS":10840107711,"TOTAL_LIABILITIES":6299506834,"TAX_EBT":-245.764305138269,"OCF_SALES":30.678078102656,"TOTAL_PARENT_EQUITY":4521799267,"DEBT_ASSET_RATIO":58.1129542431,"OPERATE_PROFIT":41027485,"PRETAX_PROFIT":-7365710,"NETCASH_OPERATE":191012108,"NETCASH_INVEST":-98261091,"NETCASH_FINANCE":-145068122,"END_CASH":125145255,"DIVI_RATIO":null,"DIVIDEND_RATE":null,"CURRENT_RATIO":0.080092028224,"COMMON_ACS":null,"CURRENTDEBT_DEBT":96.674019530082,"ISSUED_COMMON_SHARES":473213000,"HK_COMMON_SHARES":226913000,"PER_SHARES":1000,"TOTAL_MARKET_CAP":4481327110,"HKSK_MARKET_CAP":2148866110,"PE_TTM":-12.212142173729,"PB_TTM":1.016055346172,"REPORT_DATE_SQ":"2021-06-30 00:00:00","REPORT_TYPE_SQ":"2021年中报","OPERATE_INCOME_SQ":893983277,"DPS_HKD":null,"OPERATE_INCOME_QOQ_SQ":20.845177940929,"NET_PROFIT_RATIO_SQ":39.0919309109,"HOLDER_PROFIT_SQ":345356411,"HOLDER_PROFIT_QOQ_SQ":19.826533006653,"ROE_AVG_SQ":8.762868984935,"PE_TTM_SQ":-14.286149719377,"PB_TTM_SQ":0.64961146455,"ROA_SQ":3.068387952975,"START_DATE":"2022-01-01 00:00:00","FISCAL_YEAR":"12-31","CURRENCY":"HKD","IS_CNY_CODE":0,"DPS_HKD_LY":null,"ORG_TYPE":"一般企业","PREMIUM_INCOME":null,"PREMIUM_INCOME_YOY":null,"NET_INTEREST_INCOME":null,"NET_INTEREST_INCOME_YOY":null,"FEE_COMMISSION_INCOME":null,"FEE_COMMISSION_INCOME_YOY":null,"ACCOUNTS_RECE_TDAYS":2.134873937659,"INVENTORY_TDAYS":645.978764917586,"CURRENT_ASSETS_TDAYS":1.121522822345,"TOTAL_ASSETS_TDAYS":0.056666301464,"PREMIUM_EXPENSE":null,"LOAN_DEPOSIT":null,"LOAN_EQUITY":null,"LOAN_ASSETS":null,"DEPOSIT_EQUITY":null,"DEPOSIT_ASSETS":null,"EQUITY_MULTIPLIER":2.387372950109,"EQUITY_RATIO":1.393141637218},{"SECUCODE":"00357.HK","SECURITY_CODE":"00357","SECURITY_NAME_ABBR":"美兰空港","ORG_CODE":"10008851","STD_REPORT_DATE":"2021-12-31 00:00:00","REPORT_DATE":"2021-12-31 00:00:00","DATE_TYPE_CODE":"001","REPORT_TYPE":"2021年年报","PER_NETCASH_OPERATE":1.750133734703,"PER_OI":3.393212464577,"BPS":9.580437120282,"BASIC_EPS":1.62,"DILUTED_EPS":1.62,"OPERATE_INCOME":1605712250,"OPERATE_INCOME_YOY":17.2453432173,"GROSS_PROFIT":734270033,"GROSS_PROFIT_YOY":5.939642486048,"HOLDER_PROFIT":765131573,"HOLDER_PROFIT_YOY":157.083347483,"GROSS_PROFIT_RATIO":45.728618748471,"EPS_TTM":1.616886207691,"OPERATE_INCOME_QOQ":-2.978881561514,"NET_PROFIT_RATIO":47.0539691654,"ROE_AVG":18.432367881934,"GROSS_PROFIT_QOQ":-18.678841345194,"ROA":6.889094283893,"HOLDER_PROFIT_QOQ":171.19979916511,"ROE_YEARLY":18.432367881934,"ROIC_YEARLY":7.073422235752,"TOTAL_ASSETS":11135347327,"TOTAL_LIABILITIES":6569278454,"TAX_EBT":-5.249206022189,"OCF_SALES":51.577487498149,"TOTAL_PARENT_EQUITY":4533587391,"DEBT_ASSET_RATIO":58.9948230719,"OPERATE_PROFIT":739244568,"PRETAX_PROFIT":717868928,"NETCASH_OPERATE":828186035,"NETCASH_INVEST":-316381563,"NETCASH_FINANCE":-592025723,"END_CASH":177462360,"DIVI_RATIO":null,"DIVIDEND_RATE":null,"CURRENT_RATIO":0.09904868135,"COMMON_ACS":null,"CURRENTDEBT_DEBT":95.681244888817,"ISSUED_COMMON_SHARES":473213000,"HK_COMMON_SHARES":226913000,"PER_SHARES":1000,"TOTAL_MARKET_CAP":4481327110,"HKSK_MARKET_CAP":2148866110,"PE_TTM":-12.212142173729,"PB_TTM":1.016055346172,"REPORT_DATE_SQ":"2020-12-31 00:00:00","REPORT_TYPE_SQ":"2020年年报","OPERATE_INCOME_SQ":1369531792,"DPS_HKD":null,"OPERATE_INCOME_QOQ_SQ":-0.12436390323,"NET_PROFIT_RATIO_SQ":-97.9950385847,"HOLDER_PROFIT_SQ":-1340376146,"HOLDER_PROFIT_QOQ_SQ":-453.033739893265,"ROE_AVG_SQ":-30.197875272621,"PE_TTM_SQ":-14.286149719377,"PB_TTM_SQ":0.64961146455,"ROA_SQ":-11.896662190933,"START_DATE":"2021-01-01 00:00:00","FISCAL_YEAR":"12-31","CURRENCY":"HKD","IS_CNY_CODE":0,"DPS_HKD_LY":null,"ORG_TYPE":"一般企业","PREMIUM_INCOME":null,"PREMIUM_INCOME_YOY":null,"NET_INTEREST_INCOME":null,"NET_INTEREST_INCOME_YOY":null,"FEE_COMMISSION_INCOME":null,"FEE_COMMISSION_INCOME_YOY":null,"ACCOUNTS_RECE_TDAYS":4.847054895827,"INVENTORY_TDAYS":1697.18930904332,"CURRENT_ASSETS_TDAYS":2.48271152773,"TOTAL_ASSETS_TDAYS":0.144575174694,"PREMIUM_EXPENSE":null,"LOAN_DEPOSIT":null,"LOAN_EQUITY":null,"LOAN_ASSETS":null,"DEPOSIT_EQUITY":null,"DEPOSIT_ASSETS":null,"EQUITY_MULTIPLIER":2.438716461957,"EQUITY_RATIO":1.44902433491},{"SECUCODE":"00357.HK","SECURITY_CODE":"00357","SECURITY_NAME_ABBR":"美兰空港","ORG_CODE":"10008851","STD_REPORT_DATE":"2021-06-30 00:00:00","REPORT_DATE":"2021-06-30 00:00:00","DATE_TYPE_CODE":"002","REPORT_TYPE":"2021年中报","PER_NETCASH_OPERATE":0.858626920647,"PER_OI":1.889177340859,"BPS":8.693362669665,"BASIC_EPS":0.73,"DILUTED_EPS":0.73,"OPERATE_INCOME":893983277,"OPERATE_INCOME_YOY":46.9154362825,"GROSS_PROFIT":494825048,"GROSS_PROFIT_YOY":73.622151302263,"HOLDER_PROFIT":345356411,"HOLDER_PROFIT_YOY":333.8305457061,"GROSS_PROFIT_RATIO":55.350593319879,"EPS_TTM":-2.270914000672,"OPERATE_INCOME_QOQ":20.845177940929,"NET_PROFIT_RATIO":39.0919309109,"ROE_AVG":8.762868984935,"GROSS_PROFIT_QOQ":30.273159210316,"ROA":3.068387952975,"HOLDER_PROFIT_QOQ":19.826533006653,"ROE_YEARLY":17.52573796987,"ROIC_YEARLY":6.401665695579,"TOTAL_ASSETS":11433121569,"TOTAL_LIABILITIES":7273128718,"TAX_EBT":15.074747251043,"OCF_SALES":45.449778698713,"TOTAL_PARENT_EQUITY":4113812229,"DEBT_ASSET_RATIO":63.6145489585,"OPERATE_PROFIT":431988330,"PRETAX_PROFIT":411509314,"NETCASH_OPERATE":406313421,"NETCASH_INVEST":-88383506,"NETCASH_FINANCE":-59087892,"END_CASH":516525634,"DIVI_RATIO":null,"DIVIDEND_RATE":null,"CURRENT_RATIO":0.138705749703,"COMMON_ACS":null,"CURRENTDEBT_DEBT":95.473499084579,"ISSUED_COMMON_SHARES":473213000,"HK_COMMON_SHARES":226913000,"PER_SHARES":1000,"TOTAL_MARKET_CAP":4481327110,"HKSK_MARKET_CAP":2148866110,"PE_TTM":-12.212142173729,"PB_TTM":1.016055346172,"REPORT_DATE_SQ":"2020-06-30 00:00:00","REPORT_TYPE_SQ":"2020年中报","OPERATE_INCOME_SQ":608501938,"DPS_HKD":null,"OPERATE_INCOME_QOQ_SQ":-13.013050344736,"NET_PROFIT_RATIO_SQ":13.8841879909,"HOLDER_PROFIT_SQ":79606292,"HOLDER_PROFIT_QOQ_SQ":-34.017137738976,"ROE_AVG_SQ":1.545679245501,"PE_TTM_SQ":-14.286149719377,"PB_TTM_SQ":0.64961146455,"ROA_SQ":0.678169610685,"START_DATE":"2021-01-01 00:00:00","FISCAL_YEAR":"12-31","CURRENCY":"HKD","IS_CNY_CODE":0,"DPS_HKD_LY":null,"ORG_TYPE":"一般企业","PREMIUM_INCOME":null,"PREMIUM_INCOME_YOY":null,"NET_INTEREST_INCOME":null,"NET_INTEREST_INCOME_YOY":null,"FEE_COMMISSION_INCOME":null,"FEE_COMMISSION_INCOME_YOY":null,"ACCOUNTS_RECE_TDAYS":2.41641112855,"INVENTORY_TDAYS":683.414053230377,"CURRENT_ASSETS_TDAYS":1.094161084043,"TOTAL_ASSETS_TDAYS":0.079427728281,"PREMIUM_EXPENSE":null,"LOAN_DEPOSIT":null,"LOAN_EQUITY":null,"LOAN_ASSETS":null,"DEPOSIT_EQUITY":null,"DEPOSIT_ASSETS":null,"EQUITY_MULTIPLIER":2.748351254075,"EQUITY_RATIO":1.767977805776},{"SECUCODE":"00357.HK","SECURITY_CODE":"00357","SECURITY_NAME_ABBR":"美兰空港","ORG_CODE":"10008851","STD_REPORT_DATE":"2020-12-31 00:00:00","REPORT_DATE":"2020-12-31 00:00:00","DATE_TYPE_CODE":"001","REPORT_TYPE":"2020年年报","PER_NETCASH_OPERATE":0.980469469351,"PER_OI":2.894112782193,"BPS":7.963550912591,"BASIC_EPS":-2.83,"DILUTED_EPS":-2.83,"OPERATE_INCOME":1369531792,"OPERATE_INCOME_YOY":-13.1212307106,"GROSS_PROFIT":693102238,"GROSS_PROFIT_YOY":-18.983800457018,"HOLDER_PROFIT":-1340376146,"HOLDER_PROFIT_YOY":-332.9417663287,"GROSS_PROFIT_RATIO":50.608700144728,"EPS_TTM":-2.832500683625,"OPERATE_INCOME_QOQ":-0.12436390323,"NET_PROFIT_RATIO":-97.9950385847,"ROE_AVG":-30.197875272621,"GROSS_PROFIT_QOQ":1.182222791951,"ROA":-11.896662190933,"HOLDER_PROFIT_QOQ":-453.033739893265,"ROE_YEARLY":-30.197875272621,"ROIC_YEARLY":-12.985688811159,"TOTAL_ASSETS":11077487669,"TOTAL_LIABILITIES":7266970143,"TAX_EBT":-3.07625896078,"OCF_SALES":33.878067067172,"TOTAL_PARENT_EQUITY":3768455818,"DEBT_ASSET_RATIO":65.6012478654,"OPERATE_PROFIT":-1287642693,"PRETAX_PROFIT":-1302019710,"NETCASH_OPERATE":463970899,"NETCASH_INVEST":-1338981949,"NETCASH_FINANCE":-379019561,"END_CASH":257683611,"DIVI_RATIO":null,"DIVIDEND_RATE":null,"CURRENT_RATIO":0.09711738911,"COMMON_ACS":null,"CURRENTDEBT_DEBT":95.067458432518,"ISSUED_COMMON_SHARES":473213000,"HK_COMMON_SHARES":226913000,"PER_SHARES":1000,"TOTAL_MARKET_CAP":4481327110,"HKSK_MARKET_CAP":2148866110,"PE_TTM":-12.212142173729,"PB_TTM":1.016055346172,"REPORT_DATE_SQ":"2019-12-31 00:00:00","REPORT_TYPE_SQ":"2019年年报","OPERATE_INCOME_SQ":1576371078,"DPS_HKD":null,"OPERATE_INCOME_QOQ_SQ":-0.926889694427,"NET_PROFIT_RATIO_SQ":36.8799431247,"HOLDER_PROFIT_SQ":575412545,"HOLDER_PROFIT_QOQ_SQ":9.488750628158,"ROE_AVG_SQ":11.934348893496,"PE_TTM_SQ":-14.286149719377,"PB_TTM_SQ":0.64961146455,"ROA_SQ":5.662867234035,"START_DATE":"2020-01-01 00:00:00","FISCAL_YEAR":"12-31","CURRENCY":"HKD","IS_CNY_CODE":0,"DPS_HKD_LY":null,"ORG_TYPE":"一般企业","PREMIUM_INCOME":null,"PREMIUM_INCOME_YOY":null,"NET_INTEREST_INCOME":null,"NET_INTEREST_INCOME_YOY":null,"FEE_COMMISSION_INCOME":null,"FEE_COMMISSION_INCOME_YOY":null,"ACCOUNTS_RECE_TDAYS":3.246952586137,"INVENTORY_TDAYS":1235.07607783707,"CURRENT_ASSETS_TDAYS":1.012662135816,"TOTAL_ASSETS_TDAYS":0.121554364704,"PREMIUM_EXPENSE":null,"LOAN_DEPOSIT":null,"LOAN_EQUITY":null,"LOAN_ASSETS":null,"DEPOSIT_EQUITY":null,"DEPOSIT_ASSETS":null,"EQUITY_MULTIPLIER":2.907082199049,"EQUITY_RATIO":1.928368141744},{"SECUCODE":"00357.HK","SECURITY_CODE":"00357","SECURITY_NAME_ABBR":"美兰空港","ORG_CODE":"10008851","STD_REPORT_DATE":"2020-06-30 00:00:00","REPORT_DATE":"2020-06-30 00:00:00","DATE_TYPE_CODE":"002","REPORT_TYPE":"2020年中报","PER_NETCASH_OPERATE":0.622378053857,"PER_OI":1.2858943816,"BPS":10.971087298954,"BASIC_EPS":0.17,"DILUTED_EPS":0.17,"OPERATE_INCOME":608501938,"OPERATE_INCOME_YOY":-25.2120096962,"GROSS_PROFIT":285001104,"GROSS_PROFIT_YOY":-37.432225449602,"HOLDER_PROFIT":79606292,"HOLDER_PROFIT_YOY":-71.0885460602,"GROSS_PROFIT_RATIO":46.836515416324,"EPS_TTM":0.802331438485,"OPERATE_INCOME_QOQ":-13.013050344736,"NET_PROFIT_RATIO":13.8841879909,"ROE_AVG":1.545679245501,"GROSS_PROFIT_QOQ":-19.93040149991,"ROA":0.678169610685,"HOLDER_PROFIT_QOQ":-34.017137738976,"ROE_YEARLY":3.091358491001,"ROIC_YEARLY":1.506202404959,"TOTAL_ASSETS":12020646033,"TOTAL_LIABILITIES":6780346868,"TAX_EBT":25.503144772212,"OCF_SALES":48.400402300773,"TOTAL_PARENT_EQUITY":5191661134,"DEBT_ASSET_RATIO":56.4058441567,"OPERATE_PROFIT":121033491,"PRETAX_PROFIT":113408214,"NETCASH_OPERATE":294517386,"NETCASH_INVEST":-1022194396,"NETCASH_FINANCE":-52339533,"END_CASH":731734186,"DIVI_RATIO":null,"DIVIDEND_RATE":null,"CURRENT_RATIO":0.18391378569,"COMMON_ACS":null,"CURRENTDEBT_DEBT":96.411649614148,"ISSUED_COMMON_SHARES":473213000,"HK_COMMON_SHARES":226913000,"PER_SHARES":1000,"TOTAL_MARKET_CAP":4481327110,"HKSK_MARKET_CAP":2148866110,"PE_TTM":-12.212142173729,"PB_TTM":1.016055346172,"REPORT_DATE_SQ":"2019-06-30 00:00:00","REPORT_TYPE_SQ":"2019年中报","OPERATE_INCOME_SQ":813635900,"DPS_HKD":null,"OPERATE_INCOME_QOQ_SQ":-6.614844680974,"NET_PROFIT_RATIO_SQ":34.4206415917,"HOLDER_PROFIT_SQ":275345170,"HOLDER_PROFIT_QOQ_SQ":-15.512864036807,"ROE_AVG_SQ":5.893549916737,"PE_TTM_SQ":-14.286149719377,"PB_TTM_SQ":0.64961146455,"ROA_SQ":3.093488027576,"START_DATE":"2020-01-01 00:00:00","FISCAL_YEAR":"12-31","CURRENCY":"HKD","IS_CNY_CODE":0,"DPS_HKD_LY":null,"ORG_TYPE":"一般企业","PREMIUM_INCOME":null,"PREMIUM_INCOME_YOY":null,"NET_INTEREST_INCOME":null,"NET_INTEREST_INCOME_YOY":null,"FEE_COMMISSION_INCOME":null,"FEE_COMMISSION_INCOME_YOY":null,"ACCOUNTS_RECE_TDAYS":1.296594433227,"INVENTORY_TDAYS":359.30743697836,"CURRENT_ASSETS_TDAYS":0.376067717162,"TOTAL_ASSETS_TDAYS":0.051838555977,"PREMIUM_EXPENSE":null,"LOAN_DEPOSIT":null,"LOAN_EQUITY":null,"LOAN_ASSETS":null,"DEPOSIT_EQUITY":null,"DEPOSIT_ASSETS":null,"EQUITY_MULTIPLIER":2.293885454726,"EQUITY_RATIO":1.30600720906}],"count":48},"success":true,"message":"ok","code":0}