{"version":"d82310ab00d6e15e576a074586617038","result":{"pages":6,"data":[{"SECUCODE":"00351.HK","SECURITY_CODE":"00351","SECURITY_NAME_ABBR":"亚洲能源物流","ORG_CODE":"10008847","STD_REPORT_DATE":"2024-06-30 00:00:00","REPORT_DATE":"2024-06-30 00:00:00","DATE_TYPE_CODE":"002","REPORT_TYPE":"2024年中报","PER_NETCASH_OPERATE":0.002738988956,"PER_OI":0.010462324775,"BPS":0.077837701669,"BASIC_EPS":-0.009856944,"DILUTED_EPS":-0.009856944,"OPERATE_INCOME":20872078.92,"OPERATE_INCOME_YOY":-57.4316400797,"GROSS_PROFIT":2223288.48,"GROSS_PROFIT_YOY":-85.299755545034,"HOLDER_PROFIT":-19790553.12,"HOLDER_PROFIT_YOY":-14460.2649006623,"GROSS_PROFIT_RATIO":10.651974288338,"EPS_TTM":-0.004231895812,"OPERATE_INCOME_QOQ":-22.014890282342,"NET_PROFIT_RATIO":-97.1271153089,"ROE_AVG":-11.979448649246,"GROSS_PROFIT_QOQ":-26.941041247293,"ROA":-10.223551793153,"HOLDER_PROFIT_QOQ":-173.494798672662,"ROE_YEARLY":-23.958897298492,"ROIC_YEARLY":-22.090464547677,"TOTAL_ASSETS":186413064.64,"TOTAL_LIABILITIES":30524582.6,"TAX_EBT":null,"OCF_SALES":26.179544361363,"TOTAL_PARENT_EQUITY":155284287.88,"DEBT_ASSET_RATIO":16.3747013435,"OPERATE_PROFIT":-32523351.8,"PRETAX_PROFIT":-32763386.64,"NETCASH_OPERATE":5464215.16,"NETCASH_INVEST":-3470009.36,"NETCASH_FINANCE":-1387273.6,"END_CASH":13856307.76,"DIVI_RATIO":null,"DIVIDEND_RATE":null,"CURRENT_RATIO":4.189194597299,"COMMON_ACS":null,"CURRENTDEBT_DEBT":89.654656899387,"ISSUED_COMMON_SHARES":1994975244,"HK_COMMON_SHARES":1994975244,"PER_SHARES":10000,"TOTAL_MARKET_CAP":213462351.108,"HKSK_MARKET_CAP":213462351.108,"PE_TTM":-23.306294476253,"PB_TTM":1.25462029204,"REPORT_DATE_SQ":"2023-06-30 00:00:00","REPORT_TYPE_SQ":"2023年中报","OPERATE_INCOME_SQ":49531531.54,"DPS_HKD":null,"OPERATE_INCOME_QOQ_SQ":44.257617916282,"NET_PROFIT_RATIO_SQ":0.0832287639,"HOLDER_PROFIT_SQ":139218.98,"HOLDER_PROFIT_QOQ_SQ":54.403359224828,"ROE_AVG_SQ":0.096207757786,"PE_TTM_SQ":-20.376851242033,"PB_TTM_SQ":2.784722562814,"ROA_SQ":0.072576439573,"START_DATE":"2024-01-01 00:00:00","FISCAL_YEAR":"12-31","CURRENCY":"HKD","IS_CNY_CODE":0,"DPS_HKD_LY":null,"ORG_TYPE":"一般企业","PREMIUM_INCOME":null,"PREMIUM_INCOME_YOY":null,"NET_INTEREST_INCOME":null,"NET_INTEREST_INCOME_YOY":null,"FEE_COMMISSION_INCOME":null,"FEE_COMMISSION_INCOME_YOY":null,"ACCOUNTS_RECE_TDAYS":1.073057432432,"INVENTORY_TDAYS":null,"CURRENT_ASSETS_TDAYS":0.231175132676,"TOTAL_ASSETS_TDAYS":0.107822544714,"PREMIUM_EXPENSE":null,"LOAN_DEPOSIT":null,"LOAN_EQUITY":null,"LOAN_ASSETS":null,"DEPOSIT_EQUITY":null,"DEPOSIT_ASSETS":null,"EQUITY_MULTIPLIER":1.195810378038,"EQUITY_RATIO":0.196572254777},{"SECUCODE":"00351.HK","SECURITY_CODE":"00351","SECURITY_NAME_ABBR":"亚洲能源物流","ORG_CODE":"10008847","STD_REPORT_DATE":"2023-12-31 00:00:00","REPORT_DATE":"2023-12-31 00:00:00","DATE_TYPE_CODE":"001","REPORT_TYPE":"2023年年报","PER_NETCASH_OPERATE":0.002265805239,"PER_OI":0.065255009189,"BPS":0.087161275762,"BASIC_EPS":0.005981052,"DILUTED_EPS":0.005981052,"OPERATE_INCOME":130182127.88,"OPERATE_INCOME_YOY":34.8446021421,"GROSS_PROFIT":47885571.02,"GROSS_PROFIT_YOY":185.022605496176,"HOLDER_PROFIT":11487244.72,"HOLDER_PROFIT_YOY":122.3704644924,"GROSS_PROFIT_RATIO":36.783521516978,"EPS_TTM":0.005758088856,"OPERATE_INCOME_QOQ":-5.170010228922,"NET_PROFIT_RATIO":7.7491751013,"ROE_AVG":7.760428305115,"GROSS_PROFIT_QOQ":5.078080735344,"ROA":5.928281635469,"HOLDER_PROFIT_QOQ":149.772911692824,"ROE_YEARLY":7.760428305115,"ROIC_YEARLY":6.482627417689,"TOTAL_ASSETS":199322182.78,"TOTAL_LIABILITIES":24353756.28,"TAX_EBT":null,"OCF_SALES":3.472231890515,"TOTAL_PARENT_EQUITY":173884587.38,"DEBT_ASSET_RATIO":12.2182869665,"OPERATE_PROFIT":12778608.22,"PRETAX_PROFIT":10088041.04,"NETCASH_OPERATE":4520225.36,"NETCASH_INVEST":-2352547.12,"NETCASH_FINANCE":-5224358.3,"END_CASH":12427901.08,"DIVI_RATIO":null,"DIVIDEND_RATE":null,"CURRENT_RATIO":3.320172817944,"COMMON_ACS":null,"CURRENTDEBT_DEBT":80.959291508521,"ISSUED_COMMON_SHARES":1994975244,"HK_COMMON_SHARES":1994975244,"PER_SHARES":10000,"TOTAL_MARKET_CAP":225432202.572,"HKSK_MARKET_CAP":225432202.572,"PE_TTM":-24.613189493613,"PB_TTM":1.324972831781,"REPORT_DATE_SQ":"2022-12-31 00:00:00","REPORT_TYPE_SQ":"2022年年报","OPERATE_INCOME_SQ":95162732.91,"DPS_HKD":null,"OPERATE_INCOME_QOQ_SQ":52.841036073788,"NET_PROFIT_RATIO_SQ":-55.2870941398,"HOLDER_PROFIT_SQ":-50616251.28,"HOLDER_PROFIT_QOQ_SQ":6.614378262066,"ROE_AVG_SQ":-34.569980050149,"PE_TTM_SQ":-20.784388266874,"PB_TTM_SQ":2.84041701407,"ROA_SQ":-24.509763635459,"START_DATE":"2023-01-01 00:00:00","FISCAL_YEAR":"12-31","CURRENCY":"HKD","IS_CNY_CODE":0,"DPS_HKD_LY":null,"ORG_TYPE":"一般企业","PREMIUM_INCOME":null,"PREMIUM_INCOME_YOY":null,"NET_INTEREST_INCOME":null,"NET_INTEREST_INCOME_YOY":null,"FEE_COMMISSION_INCOME":null,"FEE_COMMISSION_INCOME_YOY":null,"ACCOUNTS_RECE_TDAYS":6.97501881479,"INVENTORY_TDAYS":null,"CURRENT_ASSETS_TDAYS":2.235616353082,"TOTAL_ASSETS_TDAYS":0.671837622327,"PREMIUM_EXPENSE":null,"LOAN_DEPOSIT":null,"LOAN_EQUITY":null,"LOAN_ASSETS":null,"DEPOSIT_EQUITY":null,"DEPOSIT_ASSETS":null,"EQUITY_MULTIPLIER":1.139189434157,"EQUITY_RATIO":0.140057015098},{"SECUCODE":"00351.HK","SECURITY_CODE":"00351","SECURITY_NAME_ABBR":"亚洲能源物流","ORG_CODE":"10008847","STD_REPORT_DATE":"2023-06-30 00:00:00","REPORT_DATE":"2023-06-30 00:00:00","DATE_TYPE_CODE":"002","REPORT_TYPE":"2023年中报","PER_NETCASH_OPERATE":-0.001491823745,"PER_OI":0.024828143451,"BPS":0.082771261697,"BASIC_EPS":0.000092198,"DILUTED_EPS":0.000092198,"OPERATE_INCOME":49531531.54,"OPERATE_INCOME_YOY":123.4627600217,"GROSS_PROFIT":15124159.92,"GROSS_PROFIT_YOY":673.076665502363,"HOLDER_PROFIT":139218.98,"HOLDER_PROFIT_YOY":100.4713300247,"GROSS_PROFIT_RATIO":36.291582370867,"EPS_TTM":-0.011568720133,"OPERATE_INCOME_QOQ":44.257617916282,"NET_PROFIT_RATIO":0.0832287639,"ROE_AVG":0.096207757786,"GROSS_PROFIT_QOQ":171.248393101175,"ROA":0.072576439573,"HOLDER_PROFIT_QOQ":54.403359224828,"ROE_YEARLY":0.192415515572,"ROIC_YEARLY":0.161727809954,"TOTAL_ASSETS":192156305.66,"TOTAL_LIABILITIES":24632539.66,"TAX_EBT":null,"OCF_SALES":-4.133268457579,"TOTAL_PARENT_EQUITY":165126618,"DEBT_ASSET_RATIO":12.8190118848,"OPERATE_PROFIT":-8866681.66,"PRETAX_PROFIT":-11118156.82,"NETCASH_OPERATE":-2976151.44,"NETCASH_INVEST":3421467.78,"NETCASH_FINANCE":571627.6,"END_CASH":17692796.2,"DIVI_RATIO":null,"DIVIDEND_RATE":null,"CURRENT_RATIO":2.433159525429,"COMMON_ACS":null,"CURRENTDEBT_DEBT":99.060523262342,"ISSUED_COMMON_SHARES":1994975244,"HK_COMMON_SHARES":1994975244,"PER_SHARES":10000,"TOTAL_MARKET_CAP":225432202.572,"HKSK_MARKET_CAP":225432202.572,"PE_TTM":-24.613189493613,"PB_TTM":1.324972831781,"REPORT_DATE_SQ":"2022-06-30 00:00:00","REPORT_TYPE_SQ":"2022年中报","OPERATE_INCOME_SQ":29888035.31,"DPS_HKD":null,"OPERATE_INCOME_QOQ_SQ":17.686886423968,"NET_PROFIT_RATIO_SQ":-94.2172880483,"HOLDER_PROFIT_SQ":-27397722.03,"HOLDER_PROFIT_QOQ_SQ":-23.223879275904,"ROE_AVG_SQ":-18.146545376276,"PE_TTM_SQ":-20.784388266874,"PB_TTM_SQ":2.84041701407,"ROA_SQ":-13.245517746067,"START_DATE":"2023-01-01 00:00:00","FISCAL_YEAR":"12-31","CURRENCY":"HKD","IS_CNY_CODE":0,"DPS_HKD_LY":null,"ORG_TYPE":"一般企业","PREMIUM_INCOME":null,"PREMIUM_INCOME_YOY":null,"NET_INTEREST_INCOME":null,"NET_INTEREST_INCOME_YOY":null,"FEE_COMMISSION_INCOME":null,"FEE_COMMISSION_INCOME_YOY":null,"ACCOUNTS_RECE_TDAYS":2.307936848888,"INVENTORY_TDAYS":null,"CURRENT_ASSETS_TDAYS":1.294374052191,"TOTAL_ASSETS_TDAYS":0.37536919058,"PREMIUM_EXPENSE":null,"LOAN_DEPOSIT":null,"LOAN_EQUITY":null,"LOAN_ASSETS":null,"DEPOSIT_EQUITY":null,"DEPOSIT_ASSETS":null,"EQUITY_MULTIPLIER":1.147039075399,"EQUITY_RATIO":0.149173646008},{"SECUCODE":"00351.HK","SECURITY_CODE":"00351","SECURITY_NAME_ABBR":"亚洲能源物流","ORG_CODE":"10008847","STD_REPORT_DATE":"2022-12-31 00:00:00","REPORT_DATE":"2022-12-31 00:00:00","DATE_TYPE_CODE":"001","REPORT_TYPE":"2022年年报","PER_NETCASH_OPERATE":-0.015237458837,"PER_OI":0.056144025258,"BPS":0.060359831252,"BASIC_EPS":-0.029835218,"DILUTED_EPS":-0.029835218,"OPERATE_INCOME":95162732.91,"OPERATE_INCOME_YOY":64.6365209866,"GROSS_PROFIT":16800622.16,"GROSS_PROFIT_YOY":670.955992341861,"HOLDER_PROFIT":-50616251.28,"HOLDER_PROFIT_YOY":-5.3253777951,"GROSS_PROFIT_RATIO":17.654623450011,"EPS_TTM":-0.029862531302,"OPERATE_INCOME_QOQ":52.841036073788,"NET_PROFIT_RATIO":-55.2870941398,"ROE_AVG":-34.569980050149,"GROSS_PROFIT_QOQ":337.708090339459,"ROA":-24.509763635459,"HOLDER_PROFIT_QOQ":6.614378262066,"ROE_YEARLY":-34.569980050149,"ROIC_YEARLY":-29.607026600553,"TOTAL_ASSETS":185528605.92,"TOTAL_LIABILITIES":62638772.21,"TAX_EBT":null,"OCF_SALES":-27.139947246393,"TOTAL_PARENT_EQUITY":120416369.08,"DEBT_ASSET_RATIO":33.7623257068,"OPERATE_PROFIT":-45144972.53,"PRETAX_PROFIT":-52612709.73,"NETCASH_OPERATE":-25827115.51,"NETCASH_INVEST":-6300233.31,"NETCASH_FINANCE":-290312.75,"END_CASH":15263304.49,"DIVI_RATIO":null,"DIVIDEND_RATE":null,"CURRENT_RATIO":0.824293644633,"COMMON_ACS":null,"CURRENTDEBT_DEBT":97.361778589051,"ISSUED_COMMON_SHARES":1994975244,"HK_COMMON_SHARES":1994975244,"PER_SHARES":10000,"TOTAL_MARKET_CAP":225432202.572,"HKSK_MARKET_CAP":225432202.572,"PE_TTM":-24.613189493613,"PB_TTM":1.324972831781,"REPORT_DATE_SQ":"2021-12-31 00:00:00","REPORT_TYPE_SQ":"2021年年报","OPERATE_INCOME_SQ":52905260.8,"DPS_HKD":null,"OPERATE_INCOME_QOQ_SQ":34.861369018241,"NET_PROFIT_RATIO_SQ":-84.2554243679,"HOLDER_PROFIT_SQ":-43986062.4,"HOLDER_PROFIT_QOQ_SQ":-138.02131297831,"ROE_AVG_SQ":-24.50298550289,"PE_TTM_SQ":-20.784388266874,"PB_TTM_SQ":2.84041701407,"ROA_SQ":-20.115535614134,"START_DATE":"2022-01-01 00:00:00","FISCAL_YEAR":"12-31","CURRENCY":"HKD","IS_CNY_CODE":0,"DPS_HKD_LY":null,"ORG_TYPE":"一般企业","PREMIUM_INCOME":null,"PREMIUM_INCOME_YOY":null,"NET_INTEREST_INCOME":null,"NET_INTEREST_INCOME_YOY":null,"FEE_COMMISSION_INCOME":null,"FEE_COMMISSION_INCOME_YOY":null,"ACCOUNTS_RECE_TDAYS":7.710842501448,"INVENTORY_TDAYS":null,"CURRENT_ASSETS_TDAYS":1.452739235673,"TOTAL_ASSETS_TDAYS":0.460803799481,"PREMIUM_EXPENSE":null,"LOAN_DEPOSIT":null,"LOAN_EQUITY":null,"LOAN_ASSETS":null,"DEPOSIT_EQUITY":null,"DEPOSIT_ASSETS":null,"EQUITY_MULTIPLIER":1.509714842302,"EQUITY_RATIO":0.520184860983},{"SECUCODE":"00351.HK","SECURITY_CODE":"00351","SECURITY_NAME_ABBR":"亚洲能源物流","ORG_CODE":"10008847","STD_REPORT_DATE":"2022-06-30 00:00:00","REPORT_DATE":"2022-06-30 00:00:00","DATE_TYPE_CODE":"002","REPORT_TYPE":"2022年中报","PER_NETCASH_OPERATE":-0.009632758672,"PER_OI":0.01763331672,"BPS":0.068619239498,"BASIC_EPS":-0.016163091,"DILUTED_EPS":-0.016163091,"OPERATE_INCOME":29888035.31,"OPERATE_INCOME_YOY":41.6430250466,"GROSS_PROFIT":-2639116.34,"GROSS_PROFIT_YOY":-277.587338165111,"HOLDER_PROFIT":-27397722.03,"HOLDER_PROFIT_YOY":-55.1428571429,"GROSS_PROFIT_RATIO":-8.83000944233,"EPS_TTM":-0.031977654318,"OPERATE_INCOME_QOQ":17.686886423968,"NET_PROFIT_RATIO":-94.2172880483,"ROE_AVG":-18.146545376276,"GROSS_PROFIT_QOQ":-140.192074037744,"ROA":-13.245517746067,"HOLDER_PROFIT_QOQ":-23.223879275904,"ROE_YEARLY":-36.293090752552,"ROIC_YEARLY":-32.931925063603,"TOTAL_ASSETS":195888111.02,"TOTAL_LIABILITIES":55341055.28,"TAX_EBT":null,"OCF_SALES":-54.628172479899,"TOTAL_PARENT_EQUITY":136893684.06,"DEBT_ASSET_RATIO":28.2513599176,"OPERATE_PROFIT":-24846690.26,"PRETAX_PROFIT":-28159696.32,"NETCASH_OPERATE":-16327287.48,"NETCASH_INVEST":-2107188.16,"NETCASH_FINANCE":-198404.08,"END_CASH":27015452.1,"DIVI_RATIO":null,"DIVIDEND_RATE":null,"CURRENT_RATIO":2.788129822969,"COMMON_ACS":null,"CURRENTDEBT_DEBT":40.851774014093,"ISSUED_COMMON_SHARES":1994975244,"HK_COMMON_SHARES":1994975244,"PER_SHARES":10000,"TOTAL_MARKET_CAP":225432202.572,"HKSK_MARKET_CAP":225432202.572,"PE_TTM":-24.613189493613,"PB_TTM":1.324972831781,"REPORT_DATE_SQ":"2021-06-30 00:00:00","REPORT_TYPE_SQ":"2021年中报","OPERATE_INCOME_SQ":20530741.92,"DPS_HKD":null,"OPERATE_INCOME_QOQ_SQ":-2.699930777386,"NET_PROFIT_RATIO_SQ":-85.5678041663,"HOLDER_PROFIT_SQ":-17182452,"HOLDER_PROFIT_QOQ_SQ":23.586464358587,"ROE_AVG_SQ":-8.754302962473,"PE_TTM_SQ":-20.784388266874,"PB_TTM_SQ":2.84041701407,"ROA_SQ":-7.408403964303,"START_DATE":"2022-01-01 00:00:00","FISCAL_YEAR":"12-31","CURRENCY":"HKD","IS_CNY_CODE":0,"DPS_HKD_LY":null,"ORG_TYPE":"一般企业","PREMIUM_INCOME":null,"PREMIUM_INCOME_YOY":null,"NET_INTEREST_INCOME":null,"NET_INTEREST_INCOME_YOY":null,"FEE_COMMISSION_INCOME":null,"FEE_COMMISSION_INCOME_YOY":null,"ACCOUNTS_RECE_TDAYS":2.740883067995,"INVENTORY_TDAYS":null,"CURRENT_ASSETS_TDAYS":0.42596057162,"TOTAL_ASSETS_TDAYS":0.144494677937,"PREMIUM_EXPENSE":null,"LOAN_DEPOSIT":null,"LOAN_EQUITY":null,"LOAN_ASSETS":null,"DEPOSIT_EQUITY":null,"DEPOSIT_ASSETS":null,"EQUITY_MULTIPLIER":1.393754639602,"EQUITY_RATIO":0.404263028349},{"SECUCODE":"00351.HK","SECURITY_CODE":"00351","SECURITY_NAME_ABBR":"亚洲能源物流","ORG_CODE":"10008847","STD_REPORT_DATE":"2021-12-31 00:00:00","REPORT_DATE":"2021-12-31 00:00:00","DATE_TYPE_CODE":"001","REPORT_TYPE":"2021年年报","PER_NETCASH_OPERATE":-0.008033821171,"PER_OI":0.03121299912,"BPS":0.079104498802,"BASIC_EPS":-0.02591792,"DILUTED_EPS":-0.02591792,"OPERATE_INCOME":52905260.8,"OPERATE_INCOME_YOY":35.078490314,"GROSS_PROFIT":-2942542.4,"GROSS_PROFIT_YOY":-242.818658125608,"HOLDER_PROFIT":-43986062.4,"HOLDER_PROFIT_YOY":-148.3708259157,"GROSS_PROFIT_RATIO":-5.561908882982,"EPS_TTM":-0.025950858312,"OPERATE_INCOME_QOQ":34.861369018241,"NET_PROFIT_RATIO":-84.2554243679,"ROE_AVG":-24.50298550289,"GROSS_PROFIT_QOQ":-304.950372309517,"ROA":-20.115535614134,"HOLDER_PROFIT_QOQ":-138.02131297831,"ROE_YEARLY":-24.50298550289,"ROIC_YEARLY":-26.94011221917,"TOTAL_ASSETS":208228820.8,"TOTAL_LIABILITIES":46025974.4,"TAX_EBT":null,"OCF_SALES":-25.73870309699,"TOTAL_PARENT_EQUITY":157811516.8,"DEBT_ASSET_RATIO":22.1035561855,"OPERATE_PROFIT":-37906388.8,"PRETAX_PROFIT":-43692544,"NETCASH_OPERATE":-13617128,"NETCASH_INVEST":-3447001.6,"NETCASH_FINANCE":-2048088,"END_CASH":43641852.8,"DIVI_RATIO":null,"DIVIDEND_RATE":null,"CURRENT_RATIO":4.301322927572,"COMMON_ACS":null,"CURRENTDEBT_DEBT":37.329022631186,"ISSUED_COMMON_SHARES":1994975244,"HK_COMMON_SHARES":1994975244,"PER_SHARES":10000,"TOTAL_MARKET_CAP":225432202.572,"HKSK_MARKET_CAP":225432202.572,"PE_TTM":-24.613189493613,"PB_TTM":1.324972831781,"REPORT_DATE_SQ":"2020-12-31 00:00:00","REPORT_TYPE_SQ":"2020年年报","OPERATE_INCOME_SQ":40317922.56,"DPS_HKD":null,"OPERATE_INCOME_QOQ_SQ":-30.035282876531,"NET_PROFIT_RATIO_SQ":232.1768537074,"HOLDER_PROFIT_SQ":93608884.08,"HOLDER_PROFIT_QOQ_SQ":1009.325181942,"ROE_AVG_SQ":120.150374315376,"PE_TTM_SQ":-20.784388266874,"PB_TTM_SQ":2.84041701407,"ROA_SQ":43.05348298427,"START_DATE":"2021-01-01 00:00:00","FISCAL_YEAR":"12-31","CURRENCY":"HKD","IS_CNY_CODE":0,"DPS_HKD_LY":null,"ORG_TYPE":"一般企业","PREMIUM_INCOME":null,"PREMIUM_INCOME_YOY":null,"NET_INTEREST_INCOME":null,"NET_INTEREST_INCOME_YOY":null,"FEE_COMMISSION_INCOME":null,"FEE_COMMISSION_INCOME_YOY":null,"ACCOUNTS_RECE_TDAYS":7.726328358209,"INVENTORY_TDAYS":null,"CURRENT_ASSETS_TDAYS":0.632751345775,"TOTAL_ASSETS_TDAYS":0.241944288652,"PREMIUM_EXPENSE":null,"LOAN_DEPOSIT":null,"LOAN_EQUITY":null,"LOAN_ASSETS":null,"DEPOSIT_EQUITY":null,"DEPOSIT_ASSETS":null,"EQUITY_MULTIPLIER":1.283755651775,"EQUITY_RATIO":0.291651555813},{"SECUCODE":"00351.HK","SECURITY_CODE":"00351","SECURITY_NAME_ABBR":"亚洲能源物流","ORG_CODE":"10008847","STD_REPORT_DATE":"2021-06-30 00:00:00","REPORT_DATE":"2021-06-30 00:00:00","DATE_TYPE_CODE":"002","REPORT_TYPE":"2021年中报","PER_NETCASH_OPERATE":-0.003245895761,"PER_OI":0.012112709016,"BPS":0.094121719898,"BASIC_EPS":-0.010068168,"DILUTED_EPS":-0.010068168,"OPERATE_INCOME":20530741.92,"OPERATE_INCOME_YOY":4.2504647625,"GROSS_PROFIT":1486094.88,"GROSS_PROFIT_YOY":-65.221864534228,"HOLDER_PROFIT":-17182452,"HOLDER_PROFIT_YOY":51.9566330092,"GROSS_PROFIT_RATIO":7.238388587177,"EPS_TTM":0.068253451234,"OPERATE_INCOME_QOQ":-2.699930777386,"NET_PROFIT_RATIO":-85.5678041663,"ROE_AVG":-8.754302962473,"GROSS_PROFIT_QOQ":-135.268187879686,"ROA":-7.408403964303,"HOLDER_PROFIT_QOQ":23.586464358587,"ROE_YEARLY":-17.508605924946,"ROIC_YEARLY":-20.384441685937,"TOTAL_ASSETS":230700836.64,"TOTAL_LIABILITIES":38334757.68,"TAX_EBT":null,"OCF_SALES":-26.797438599335,"TOTAL_PARENT_EQUITY":187770501.12,"DEBT_ASSET_RATIO":16.6166530812,"OPERATE_PROFIT":-14119565.52,"PRETAX_PROFIT":-16938652.56,"NETCASH_OPERATE":-5501712.96,"NETCASH_INVEST":-1094185.2,"NETCASH_FINANCE":965212.8,"END_CASH":58234782.96,"DIVI_RATIO":null,"DIVIDEND_RATE":null,"CURRENT_RATIO":8.422898482346,"COMMON_ACS":null,"CURRENTDEBT_DEBT":27.603047470209,"ISSUED_COMMON_SHARES":1994975244,"HK_COMMON_SHARES":1994975244,"PER_SHARES":10000,"TOTAL_MARKET_CAP":225432202.572,"HKSK_MARKET_CAP":225432202.572,"PE_TTM":-24.613189493613,"PB_TTM":1.324972831781,"REPORT_DATE_SQ":"2020-06-30 00:00:00","REPORT_TYPE_SQ":"2020年中报","OPERATE_INCOME_SQ":21619297.92,"DPS_HKD":null,"OPERATE_INCOME_QOQ_SQ":5.33569363397,"NET_PROFIT_RATIO_SQ":-133.7211834614,"HOLDER_PROFIT_SQ":-39261478.08,"HOLDER_PROFIT_QOQ_SQ":-275.679079482568,"ROE_AVG_SQ":53.090742902315,"PE_TTM_SQ":-20.784388266874,"PB_TTM_SQ":2.84041701407,"ROA_SQ":-19.01071901669,"START_DATE":"2021-01-01 00:00:00","FISCAL_YEAR":"12-31","CURRENCY":"HKD","IS_CNY_CODE":0,"DPS_HKD_LY":null,"ORG_TYPE":"一般企业","PREMIUM_INCOME":null,"PREMIUM_INCOME_YOY":null,"NET_INTEREST_INCOME":null,"NET_INTEREST_INCOME_YOY":null,"FEE_COMMISSION_INCOME":null,"FEE_COMMISSION_INCOME_YOY":null,"ACCOUNTS_RECE_TDAYS":2.900775922878,"INVENTORY_TDAYS":null,"CURRENT_ASSETS_TDAYS":0.223036767531,"TOTAL_ASSETS_TDAYS":0.08852056146,"PREMIUM_EXPENSE":null,"LOAN_DEPOSIT":null,"LOAN_EQUITY":null,"LOAN_ASSETS":null,"DEPOSIT_EQUITY":null,"DEPOSIT_ASSETS":null,"EQUITY_MULTIPLIER":1.199280236345,"EQUITY_RATIO":0.204157508508},{"SECUCODE":"00351.HK","SECURITY_CODE":"00351","SECURITY_NAME_ABBR":"亚洲能源物流","ORG_CODE":"10008847","STD_REPORT_DATE":"2020-12-31 00:00:00","REPORT_DATE":"2020-12-31 00:00:00","DATE_TYPE_CODE":"001","REPORT_TYPE":"2020年年报","PER_NETCASH_OPERATE":-0.006382654023,"PER_OI":0.023786732404,"BPS":0.103826336283,"BASIC_EPS":0.089887152,"DILUTED_EPS":0.089887152,"OPERATE_INCOME":40317922.56,"OPERATE_INCOME_YOY":7.9721414565,"GROSS_PROFIT":2060334.72,"GROSS_PROFIT_YOY":-66.22547051997,"HOLDER_PROFIT":93608884.08,"HOLDER_PROFIT_YOY":3735.8940830337,"GROSS_PROFIT_RATIO":5.110220440882,"EPS_TTM":0.055227286895,"OPERATE_INCOME_QOQ":-30.035282876531,"NET_PROFIT_RATIO":232.1768537074,"ROE_AVG":120.150374315376,"GROSS_PROFIT_QOQ":-71.464878351437,"ROA":43.05348298427,"HOLDER_PROFIT_QOQ":1009.325181942,"ROE_YEARLY":120.150374315376,"ROIC_YEARLY":51.551213091047,"TOTAL_ASSETS":235841835.88,"TOTAL_LIABILITIES":28710865.32,"TAX_EBT":null,"OCF_SALES":-26.832832331329,"TOTAL_PARENT_EQUITY":207130970.56,"DEBT_ASSET_RATIO":12.1737796065,"OPERATE_PROFIT":-25993209.76,"PRETAX_PROFIT":-40779141.28,"NETCASH_OPERATE":-10818440.56,"NETCASH_INVEST":3681333.36,"NETCASH_FINANCE":64654784.8,"END_CASH":64599236.56,"DIVI_RATIO":null,"DIVIDEND_RATE":null,"CURRENT_RATIO":10.573506252895,"COMMON_ACS":null,"CURRENTDEBT_DEBT":31.644827485123,"ISSUED_COMMON_SHARES":1994975244,"HK_COMMON_SHARES":1994975244,"PER_SHARES":10000,"TOTAL_MARKET_CAP":253361855.988,"HKSK_MARKET_CAP":253361855.988,"PE_TTM":-27.662611200786,"PB_TTM":1.489128757842,"REPORT_DATE_SQ":"2019-12-31 00:00:00","REPORT_TYPE_SQ":"2019年年报","OPERATE_INCOME_SQ":39743071.26,"DPS_HKD":null,"OPERATE_INCOME_QOQ_SQ":-0.470477202239,"NET_PROFIT_RATIO_SQ":-40.70277705,"HOLDER_PROFIT_SQ":-2740191.02,"HOLDER_PROFIT_QOQ_SQ":97.648965234456,"ROE_AVG_SQ":5.060799073538,"PE_TTM_SQ":-20.376851242033,"PB_TTM_SQ":2.784722562814,"ROA_SQ":-0.290557406697,"START_DATE":"2020-01-01 00:00:00","FISCAL_YEAR":"12-31","CURRENCY":"HKD","IS_CNY_CODE":0,"DPS_HKD_LY":null,"ORG_TYPE":"一般企业","PREMIUM_INCOME":null,"PREMIUM_INCOME_YOY":null,"NET_INTEREST_INCOME":null,"NET_INTEREST_INCOME_YOY":null,"FEE_COMMISSION_INCOME":null,"FEE_COMMISSION_INCOME_YOY":null,"ACCOUNTS_RECE_TDAYS":4.279435411828,"INVENTORY_TDAYS":null,"CURRENT_ASSETS_TDAYS":0.665458106728,"TOTAL_ASSETS_TDAYS":0.185434001266,"PREMIUM_EXPENSE":null,"LOAN_DEPOSIT":null,"LOAN_EQUITY":null,"LOAN_ASSETS":null,"DEPOSIT_EQUITY":null,"DEPOSIT_ASSETS":null,"EQUITY_MULTIPLIER":1.138612131456,"EQUITY_RATIO":0.138612131457},{"SECUCODE":"00351.HK","SECURITY_CODE":"00351","SECURITY_NAME_ABBR":"亚洲能源物流","ORG_CODE":"10008847","STD_REPORT_DATE":"2020-06-30 00:00:00","REPORT_DATE":"2020-06-30 00:00:00","DATE_TYPE_CODE":"002","REPORT_TYPE":"2020年中报","PER_NETCASH_OPERATE":-0.016521933986,"PER_OI":0.0435894698,"BPS":-0.046223384775,"BASIC_EPS":-0.079195248,"DILUTED_EPS":-0.079195248,"OPERATE_INCOME":21619297.92,"OPERATE_INCOME_YOY":6.9330317043,"GROSS_PROFIT":4273072.32,"GROSS_PROFIT_YOY":-6.834660226894,"HOLDER_PROFIT":-39261478.08,"HOLDER_PROFIT_YOY":-19.2453877098,"GROSS_PROFIT_RATIO":15.55548642006,"EPS_TTM":-0.020755722235,"OPERATE_INCOME_QOQ":5.33569363397,"NET_PROFIT_RATIO":-133.7211834614,"ROE_AVG":53.090742902315,"GROSS_PROFIT_QOQ":-0.267238368181,"ROA":-19.01071901669,"HOLDER_PROFIT_QOQ":-275.679079482568,"ROE_YEARLY":106.181485804631,"ROIC_YEARLY":-39.246068613509,"TOTAL_ASSETS":197060978.4,"TOTAL_LIABILITIES":289275486.72,"TAX_EBT":null,"OCF_SALES":-27.909653734872,"TOTAL_PARENT_EQUITY":-92214508.32,"DEBT_ASSET_RATIO":146.7949104225,"OPERATE_PROFIT":-20351443.2,"PRETAX_PROFIT":-32927685.12,"NETCASH_OPERATE":-8194470.24,"NETCASH_INVEST":6989642.88,"NETCASH_FINANCE":-1277902.56,"END_CASH":5202954.24,"DIVI_RATIO":null,"DIVIDEND_RATE":null,"CURRENT_RATIO":0.067567419004,"COMMON_ACS":null,"CURRENTDEBT_DEBT":86.167773960491,"ISSUED_COMMON_SHARES":1994975244,"HK_COMMON_SHARES":1994975244,"PER_SHARES":10000,"TOTAL_MARKET_CAP":225432202.572,"HKSK_MARKET_CAP":225432202.572,"PE_TTM":-24.613189493613,"PB_TTM":1.324972831781,"REPORT_DATE_SQ":"2019-06-30 00:00:00","REPORT_TYPE_SQ":"2019年中报","OPERATE_INCOME_SQ":26441699.94,"DPS_HKD":null,"OPERATE_INCOME_QOQ_SQ":23.80722815287,"NET_PROFIT_RATIO_SQ":-162.4438604079,"HOLDER_PROFIT_SQ":-31707344.7,"HOLDER_PROFIT_QOQ_SQ":3.997222419994,"ROE_AVG_SQ":46.449143696602,"PE_TTM_SQ":-20.784388266874,"PB_TTM_SQ":2.84041701407,"ROA_SQ":-1.943479758856,"START_DATE":"2020-01-01 00:00:00","FISCAL_YEAR":"12-31","CURRENCY":"HKD","IS_CNY_CODE":0,"DPS_HKD_LY":null,"ORG_TYPE":"一般企业","PREMIUM_INCOME":null,"PREMIUM_INCOME_YOY":null,"NET_INTEREST_INCOME":null,"NET_INTEREST_INCOME_YOY":null,"FEE_COMMISSION_INCOME":null,"FEE_COMMISSION_INCOME_YOY":null,"ACCOUNTS_RECE_TDAYS":1.980088680666,"INVENTORY_TDAYS":null,"CURRENT_ASSETS_TDAYS":1.331800290035,"TOTAL_ASSETS_TDAYS":0.142166846902,"PREMIUM_EXPENSE":null,"LOAN_DEPOSIT":null,"LOAN_EQUITY":null,"LOAN_ASSETS":null,"DEPOSIT_EQUITY":null,"DEPOSIT_ASSETS":null,"EQUITY_MULTIPLIER":-2.136984537359,"EQUITY_RATIO":-3.136984537359}],"count":48},"success":true,"message":"ok","code":0}