{"version":"7fefedb669299a4b56d7fc23bac754f8","result":{"pages":5,"data":[{"SECUCODE":"00356.HK","SECURITY_CODE":"00356","SECURITY_NAME_ABBR":"鼎立资本","ORG_CODE":"10008850","STD_REPORT_DATE":"2024-06-30 00:00:00","REPORT_DATE":"2024-06-30 00:00:00","DATE_TYPE_CODE":"002","REPORT_TYPE":"2024年中报","PER_NETCASH_OPERATE":0.000022077922,"PER_OI":0.00014790409,"BPS":0.023514686616,"BASIC_EPS":-0.001277752,"DILUTED_EPS":null,"OPERATE_INCOME":404559.1002,"OPERATE_INCOME_YOY":277.9738049355,"GROSS_PROFIT":null,"GROSS_PROFIT_YOY":null,"HOLDER_PROFIT":-3393409.04028,"HOLDER_PROFIT_YOY":85.0170362474,"GROSS_PROFIT_RATIO":null,"EPS_TTM":-0.002260536975,"OPERATE_INCOME_QOQ":14.922233129452,"NET_PROFIT_RATIO":-838.7919190552,"ROE_AVG":-5.140286104824,"GROSS_PROFIT_QOQ":null,"ROA":-5.06674584521,"HOLDER_PROFIT_QOQ":75.911817506094,"ROE_YEARLY":-10.280572209649,"ROIC_YEARLY":-10.174916556605,"TOTAL_ASSETS":65444148.3596,"TOTAL_LIABILITIES":1124896.3536,"TAX_EBT":-5.407727049663,"OCF_SALES":14.927188025222,"TOTAL_PARENT_EQUITY":64319252.006,"DEBT_ASSET_RATIO":1.7188646835,"OPERATE_PROFIT":-3758507.508,"PRETAX_PROFIT":-3219317.15564,"NETCASH_OPERATE":60389.29756,"NETCASH_INVEST":null,"NETCASH_FINANCE":null,"END_CASH":302864.64388,"DIVI_RATIO":null,"DIVIDEND_RATE":null,"CURRENT_RATIO":134.887151144854,"COMMON_ACS":4000000000,"CURRENTDEBT_DEBT":43.130821406549,"ISSUED_COMMON_SHARES":2735280000,"HK_COMMON_SHARES":2735280000,"PER_SHARES":30000,"TOTAL_MARKET_CAP":155910960,"HKSK_MARKET_CAP":155910960,"PE_TTM":-21.570039039165,"PB_TTM":2.212351831447,"REPORT_DATE_SQ":"2023-06-30 00:00:00","REPORT_TYPE_SQ":"2023年中报","OPERATE_INCOME_SQ":108124.28252,"DPS_HKD":null,"OPERATE_INCOME_QOQ_SQ":-12.505964885244,"NET_PROFIT_RATIO_SQ":-21160.1241536914,"HOLDER_PROFIT_SQ":-22879232.42152,"HOLDER_PROFIT_QOQ_SQ":-17.647993584689,"ROE_AVG_SQ":-27.539309228812,"PE_TTM_SQ":-6.37504261466,"PB_TTM_SQ":2.182561281391,"ROA_SQ":-27.244370950318,"START_DATE":"2024-01-01 00:00:00","FISCAL_YEAR":"12-31","CURRENCY":"HKD","IS_CNY_CODE":0,"DPS_HKD_LY":null,"ORG_TYPE":"证券","PREMIUM_INCOME":null,"PREMIUM_INCOME_YOY":null,"NET_INTEREST_INCOME":null,"NET_INTEREST_INCOME_YOY":null,"FEE_COMMISSION_INCOME":null,"FEE_COMMISSION_INCOME_YOY":null,"ACCOUNTS_RECE_TDAYS":null,"INVENTORY_TDAYS":null,"CURRENT_ASSETS_TDAYS":0.006040527728,"TOTAL_ASSETS_TDAYS":0.006040527728,"PREMIUM_EXPENSE":null,"LOAN_DEPOSIT":null,"LOAN_EQUITY":null,"LOAN_ASSETS":null,"DEPOSIT_EQUITY":null,"DEPOSIT_ASSETS":null,"EQUITY_MULTIPLIER":1.017489263611,"EQUITY_RATIO":0.017489263611},{"SECUCODE":"00356.HK","SECURITY_CODE":"00356","SECURITY_NAME_ABBR":"鼎立资本","ORG_CODE":"10008850","STD_REPORT_DATE":"2023-12-31 00:00:00","REPORT_DATE":"2023-12-31 00:00:00","DATE_TYPE_CODE":"001","REPORT_TYPE":"2023年年报","PER_NETCASH_OPERATE":0.001194882982,"PER_OI":0.000726262469,"BPS":0.024580074819,"BASIC_EPS":-0.009424688,"DILUTED_EPS":-0.009424688,"OPERATE_INCOME":1986531.20554,"OPERATE_INCOME_YOY":10.1859749952,"GROSS_PROFIT":null,"GROSS_PROFIT_YOY":null,"HOLDER_PROFIT":-25669024.95738,"HOLDER_PROFIT_YOY":-17.5439108297,"GROSS_PROFIT_RATIO":null,"EPS_TTM":-0.009384423151,"OPERATE_INCOME_QOQ":27.761136622371,"NET_PROFIT_RATIO":-1292.1531202628,"ROE_AVG":-32.059071248626,"GROSS_PROFIT_QOQ":null,"ROA":-31.723050288218,"HOLDER_PROFIT_QOQ":-1.359977435593,"ROE_YEARLY":-32.059071248626,"ROIC_YEARLY":-32.103225773401,"TOTAL_ASSETS":68019239.28534,"TOTAL_LIABILITIES":785852.23472,"TAX_EBT":0.19791378554,"OCF_SALES":164.524952477229,"TOTAL_PARENT_EQUITY":67233387.05062,"DEBT_ASSET_RATIO":1.1553381705,"OPERATE_PROFIT":-6360332.2566,"PRETAX_PROFIT":-25719928.241,"NETCASH_OPERATE":3268339.52186,"NETCASH_INVEST":-4703281.8,"NETCASH_FINANCE":null,"END_CASH":240759.09228,"DIVI_RATIO":null,"DIVIDEND_RATE":null,"CURRENT_RATIO":210.247050420168,"COMMON_ACS":4000000000,"CURRENTDEBT_DEBT":41.168113508676,"ISSUED_COMMON_SHARES":2735280000,"HK_COMMON_SHARES":2735280000,"PER_SHARES":30000,"TOTAL_MARKET_CAP":142234560,"HKSK_MARKET_CAP":142234560,"PE_TTM":-19.677930351518,"PB_TTM":2.01828588132,"REPORT_DATE_SQ":"2022-12-31 00:00:00","REPORT_TYPE_SQ":"2022年年报","OPERATE_INCOME_SQ":1777125.82747,"DPS_HKD":null,"OPERATE_INCOME_QOQ_SQ":-38.08759085885,"NET_PROFIT_RATIO_SQ":-1211.2677755432,"HOLDER_PROFIT_SQ":-21525752.479,"HOLDER_PROFIT_QOQ_SQ":7.60618558399,"ROE_AVG_SQ":-21.034039553879,"PE_TTM_SQ":-5.141163398919,"PB_TTM_SQ":1.760130065638,"ROA_SQ":-20.786300558467,"START_DATE":"2023-01-01 00:00:00","FISCAL_YEAR":"12-31","CURRENCY":"HKD","IS_CNY_CODE":0,"DPS_HKD_LY":null,"ORG_TYPE":"证券","PREMIUM_INCOME":null,"PREMIUM_INCOME_YOY":null,"NET_INTEREST_INCOME":null,"NET_INTEREST_INCOME_YOY":null,"FEE_COMMISSION_INCOME":null,"FEE_COMMISSION_INCOME_YOY":null,"ACCOUNTS_RECE_TDAYS":null,"INVENTORY_TDAYS":null,"CURRENT_ASSETS_TDAYS":0.02455053491,"TOTAL_ASSETS_TDAYS":0.02455053491,"PREMIUM_EXPENSE":null,"LOAN_DEPOSIT":null,"LOAN_EQUITY":null,"LOAN_ASSETS":null,"DEPOSIT_EQUITY":null,"DEPOSIT_ASSETS":null,"EQUITY_MULTIPLIER":1.011688422512,"EQUITY_RATIO":0.011688422511},{"SECUCODE":"00356.HK","SECURITY_CODE":"00356","SECURITY_NAME_ABBR":"鼎立资本","ORG_CODE":"10008850","STD_REPORT_DATE":"2023-06-30 00:00:00","REPORT_DATE":"2023-06-30 00:00:00","DATE_TYPE_CODE":"002","REPORT_TYPE":"2023年中报","PER_NETCASH_OPERATE":-0.000378990044,"PER_OI":0.000039529512,"BPS":0.026190678121,"BASIC_EPS":-0.008390018,"DILUTED_EPS":null,"OPERATE_INCOME":108124.28252,"OPERATE_INCOME_YOY":-69.6427508264,"GROSS_PROFIT":null,"GROSS_PROFIT_YOY":null,"HOLDER_PROFIT":-22879232.42152,"HOLDER_PROFIT_YOY":-11.2233045704,"GROSS_PROFIT_RATIO":null,"EPS_TTM":-0.009258509511,"OPERATE_INCOME_QOQ":-12.505964885244,"NET_PROFIT_RATIO":-21160.1241536914,"ROE_AVG":-27.539309228812,"GROSS_PROFIT_QOQ":null,"ROA":-27.244370950318,"HOLDER_PROFIT_QOQ":-17.647993584689,"ROE_YEARLY":-55.078618457624,"ROIC_YEARLY":-55.269645811277,"TOTAL_ASSETS":72511405.45436,"TOTAL_LIABILITIES":872567.40388,"TAX_EBT":0.606984400006,"OCF_SALES":-958.752153077408,"TOTAL_PARENT_EQUITY":71638838.05048,"DEBT_ASSET_RATIO":1.2033519395,"OPERATE_PROFIT":-3655479.21172,"PRETAX_PROFIT":-23018953.88062,"NETCASH_OPERATE":-1036643.88666,"NETCASH_INVEST":null,"NETCASH_FINANCE":null,"END_CASH":668199.47312,"DIVI_RATIO":null,"DIVIDEND_RATE":null,"CURRENT_RATIO":147.943736315001,"COMMON_ACS":4000000000,"CURRENTDEBT_DEBT":56.170818866322,"ISSUED_COMMON_SHARES":2735280000,"HK_COMMON_SHARES":2735280000,"PER_SHARES":30000,"TOTAL_MARKET_CAP":142234560,"HKSK_MARKET_CAP":142234560,"PE_TTM":-19.677930351518,"PB_TTM":2.01828588132,"REPORT_DATE_SQ":"2022-06-30 00:00:00","REPORT_TYPE_SQ":"2022年中报","OPERATE_INCOME_SQ":330371.01447,"DPS_HKD":null,"OPERATE_INCOME_QOQ_SQ":-12.305436946165,"NET_PROFIT_RATIO_SQ":-5775.4367572409,"HOLDER_PROFIT_SQ":-19080369.00497,"HOLDER_PROFIT_QOQ_SQ":-495.951416389977,"ROE_AVG_SQ":-19.324059369452,"PE_TTM_SQ":-5.141163398919,"PB_TTM_SQ":1.760130065638,"ROA_SQ":-19.103081550763,"START_DATE":"2023-01-01 00:00:00","FISCAL_YEAR":"12-31","CURRENCY":"HKD","IS_CNY_CODE":0,"DPS_HKD_LY":null,"ORG_TYPE":"证券","PREMIUM_INCOME":null,"PREMIUM_INCOME_YOY":null,"NET_INTEREST_INCOME":null,"NET_INTEREST_INCOME_YOY":null,"FEE_COMMISSION_INCOME":null,"FEE_COMMISSION_INCOME_YOY":null,"ACCOUNTS_RECE_TDAYS":null,"INVENTORY_TDAYS":null,"CURRENT_ASSETS_TDAYS":0.001287533606,"TOTAL_ASSETS_TDAYS":0.001287533606,"PREMIUM_EXPENSE":null,"LOAN_DEPOSIT":null,"LOAN_EQUITY":null,"LOAN_ASSETS":null,"DEPOSIT_EQUITY":null,"DEPOSIT_ASSETS":null,"EQUITY_MULTIPLIER":1.012180088729,"EQUITY_RATIO":0.012180088729},{"SECUCODE":"00356.HK","SECURITY_CODE":"00356","SECURITY_NAME_ABBR":"鼎立资本","ORG_CODE":"10008850","STD_REPORT_DATE":"2022-12-31 00:00:00","REPORT_DATE":"2022-12-31 00:00:00","DATE_TYPE_CODE":"001","REPORT_TYPE":"2022年年报","PER_NETCASH_OPERATE":-0.008097345853,"PER_OI":0.000649705269,"BPS":0.033479140939,"BASIC_EPS":-0.007860776,"DILUTED_EPS":-0.007860776,"OPERATE_INCOME":1777125.82747,"OPERATE_INCOME_YOY":-50.3054792936,"GROSS_PROFIT":null,"GROSS_PROFIT_YOY":null,"HOLDER_PROFIT":-21525752.479,"HOLDER_PROFIT_YOY":-403.9783582331,"GROSS_PROFIT_RATIO":null,"EPS_TTM":-0.007869670556,"OPERATE_INCOME_QOQ":-38.08759085885,"NET_PROFIT_RATIO":-1211.2677755432,"ROE_AVG":-21.034039553879,"GROSS_PROFIT_QOQ":null,"ROA":-20.786300558467,"HOLDER_PROFIT_QOQ":7.60618558399,"ROE_YEARLY":-21.034039553879,"ROIC_YEARLY":-23.698582922554,"TOTAL_ASSETS":92472174.19209,"TOTAL_LIABILITIES":897349.56409,"TAX_EBT":1.696176130271,"OCF_SALES":-1246.31063388526,"TOTAL_PARENT_EQUITY":91574824.628,"DEBT_ASSET_RATIO":0.970399552,"OPERATE_PROFIT":-5250828.6467,"PRETAX_PROFIT":-21897166.99884,"NETCASH_OPERATE":-22148508.16528,"NETCASH_INVEST":null,"NETCASH_FINANCE":null,"END_CASH":1651755.38297,"DIVI_RATIO":null,"DIVIDEND_RATE":null,"CURRENT_RATIO":236.230585094245,"COMMON_ACS":4000000000,"CURRENTDEBT_DEBT":43.622774787545,"ISSUED_COMMON_SHARES":2735280000,"HK_COMMON_SHARES":2735280000,"PER_SHARES":30000,"TOTAL_MARKET_CAP":142234560,"HKSK_MARKET_CAP":142234560,"PE_TTM":-19.677930351518,"PB_TTM":2.01828588132,"REPORT_DATE_SQ":"2021-12-31 00:00:00","REPORT_TYPE_SQ":"2021年年报","OPERATE_INCOME_SQ":3273164.3056,"DPS_HKD":null,"OPERATE_INCOME_QOQ_SQ":84.059181582754,"NET_PROFIT_RATIO_SQ":-119.4364213648,"HOLDER_PROFIT_SQ":-3909350.312,"HOLDER_PROFIT_QOQ_SQ":39.195133787053,"ROE_AVG_SQ":-3.94686633261,"PE_TTM_SQ":-5.141163398919,"PB_TTM_SQ":1.760130065638,"ROA_SQ":-3.834415975915,"START_DATE":"2022-01-01 00:00:00","FISCAL_YEAR":"12-31","CURRENCY":"HKD","IS_CNY_CODE":0,"DPS_HKD_LY":null,"ORG_TYPE":"证券","PREMIUM_INCOME":null,"PREMIUM_INCOME_YOY":null,"NET_INTEREST_INCOME":null,"NET_INTEREST_INCOME_YOY":null,"FEE_COMMISSION_INCOME":null,"FEE_COMMISSION_INCOME_YOY":null,"ACCOUNTS_RECE_TDAYS":null,"INVENTORY_TDAYS":null,"CURRENT_ASSETS_TDAYS":0.017160780612,"TOTAL_ASSETS_TDAYS":0.017160780612,"PREMIUM_EXPENSE":null,"LOAN_DEPOSIT":null,"LOAN_EQUITY":null,"LOAN_ASSETS":null,"DEPOSIT_EQUITY":null,"DEPOSIT_ASSETS":null,"EQUITY_MULTIPLIER":1.009799085805,"EQUITY_RATIO":0.009799085805},{"SECUCODE":"00356.HK","SECURITY_CODE":"00356","SECURITY_NAME_ABBR":"鼎立资本","ORG_CODE":"10008850","STD_REPORT_DATE":"2022-06-30 00:00:00","REPORT_DATE":"2022-06-30 00:00:00","DATE_TYPE_CODE":"002","REPORT_TYPE":"2022年中报","PER_NETCASH_OPERATE":-0.00752957702,"PER_OI":0.000120781424,"BPS":0.032610461515,"BASIC_EPS":-0.007012558,"DILUTED_EPS":null,"OPERATE_INCOME":330371.01447,"OPERATE_INCOME_YOY":-56.1557502358,"GROSS_PROFIT":null,"GROSS_PROFIT_YOY":null,"HOLDER_PROFIT":-19080369.00497,"HOLDER_PROFIT_YOY":-6125.3810547466,"GROSS_PROFIT_RATIO":null,"EPS_TTM":-0.00851752967,"OPERATE_INCOME_QOQ":-12.305436946165,"NET_PROFIT_RATIO":-5775.4367572409,"ROE_AVG":-19.324059369452,"GROSS_PROFIT_QOQ":null,"ROA":-19.103081550763,"HOLDER_PROFIT_QOQ":-495.951416389977,"ROE_YEARLY":-38.648118738904,"ROIC_YEARLY":-43.66557142286,"TOTAL_ASSETS":90006786.54933,"TOTAL_LIABILITIES":808043.3753,"TAX_EBT":1.406083541042,"OCF_SALES":-6234.05218048577,"TOTAL_PARENT_EQUITY":89198743.17403,"DEBT_ASSET_RATIO":0.8977582761,"OPERATE_PROFIT":-3239123.63033,"PRETAX_PROFIT":-19352481.05588,"NETCASH_OPERATE":-20595501.43126,"NETCASH_INVEST":null,"NETCASH_FINANCE":null,"END_CASH":2190159.54899,"DIVI_RATIO":null,"DIVIDEND_RATE":null,"CURRENT_RATIO":374.653662964545,"COMMON_ACS":4000000000,"CURRENTDEBT_DEBT":29.731074116016,"ISSUED_COMMON_SHARES":2735280000,"HK_COMMON_SHARES":2735280000,"PER_SHARES":30000,"TOTAL_MARKET_CAP":142234560,"HKSK_MARKET_CAP":142234560,"PE_TTM":-19.677930351518,"PB_TTM":2.01828588132,"REPORT_DATE_SQ":"2021-06-30 00:00:00","REPORT_TYPE_SQ":"2021年中报","OPERATE_INCOME_SQ":733148.18424,"DPS_HKD":null,"OPERATE_INCOME_QOQ_SQ":28.107809029278,"NET_PROFIT_RATIO_SQ":42.0255066661,"HOLDER_PROFIT_SQ":308109.23904,"HOLDER_PROFIT_QOQ_SQ":81.32859598897,"ROE_AVG_SQ":0.319587721758,"PE_TTM_SQ":-5.141163398919,"PB_TTM_SQ":1.760130065638,"ROA_SQ":0.306784001583,"START_DATE":"2022-01-01 00:00:00","FISCAL_YEAR":"12-31","CURRENCY":"HKD","IS_CNY_CODE":0,"DPS_HKD_LY":null,"ORG_TYPE":"证券","PREMIUM_INCOME":null,"PREMIUM_INCOME_YOY":null,"NET_INTEREST_INCOME":null,"NET_INTEREST_INCOME_YOY":null,"FEE_COMMISSION_INCOME":null,"FEE_COMMISSION_INCOME_YOY":null,"ACCOUNTS_RECE_TDAYS":null,"INVENTORY_TDAYS":null,"CURRENT_ASSETS_TDAYS":0.003307642756,"TOTAL_ASSETS_TDAYS":0.003307642756,"PREMIUM_EXPENSE":null,"LOAN_DEPOSIT":null,"LOAN_EQUITY":null,"LOAN_ASSETS":null,"DEPOSIT_EQUITY":null,"DEPOSIT_ASSETS":null,"EQUITY_MULTIPLIER":1.009058909874,"EQUITY_RATIO":0.009058909874},{"SECUCODE":"00356.HK","SECURITY_CODE":"00356","SECURITY_NAME_ABBR":"鼎立资本","ORG_CODE":"10008850","STD_REPORT_DATE":"2021-12-31 00:00:00","REPORT_DATE":"2021-12-31 00:00:00","DATE_TYPE_CODE":"001","REPORT_TYPE":"2021年年报","PER_NETCASH_OPERATE":-0.006240601437,"PER_OI":0.00119664689,"BPS":0.037846102834,"BASIC_EPS":-0.00171696,"DILUTED_EPS":-0.00171696,"OPERATE_INCOME":3273164.3056,"OPERATE_INCOME_YOY":142.7272721761,"GROSS_PROFIT":null,"GROSS_PROFIT_YOY":null,"HOLDER_PROFIT":-3909350.312,"HOLDER_PROFIT_YOY":88.3130604295,"GROSS_PROFIT_RATIO":null,"EPS_TTM":-0.001429232222,"OPERATE_INCOME_QOQ":84.059181582754,"NET_PROFIT_RATIO":-119.4364213648,"ROE_AVG":-3.94686633261,"GROSS_PROFIT_QOQ":null,"ROA":-3.834415975915,"HOLDER_PROFIT_QOQ":39.195133787053,"ROE_YEARLY":-3.94686633261,"ROIC_YEARLY":-5.063794075957,"TOTAL_ASSETS":104931108.5872,"TOTAL_LIABILITIES":1411420.4272,"TAX_EBT":-1.182170419605,"OCF_SALES":-521.507345915865,"TOTAL_PARENT_EQUITY":103519688.16,"DEBT_ASSET_RATIO":1.3450924575,"OPERATE_PROFIT":-3362756.9136,"PRETAX_PROFIT":-3863675.088,"NETCASH_OPERATE":-17069792.2976,"NETCASH_INVEST":12849780.1488,"NETCASH_FINANCE":-1716273.216,"END_CASH":21784113.96,"DIVI_RATIO":null,"DIVIDEND_RATE":null,"CURRENT_RATIO":172.46390820229,"COMMON_ACS":4000000000,"CURRENTDEBT_DEBT":43.107182599518,"ISSUED_COMMON_SHARES":2735280000,"HK_COMMON_SHARES":2735280000,"PER_SHARES":30000,"TOTAL_MARKET_CAP":142234560,"HKSK_MARKET_CAP":142234560,"PE_TTM":-19.677930351518,"PB_TTM":2.01828588132,"REPORT_DATE_SQ":"2020-12-31 00:00:00","REPORT_TYPE_SQ":"2020年年报","OPERATE_INCOME_SQ":1388144.62612,"DPS_HKD":null,"OPERATE_INCOME_QOQ_SQ":-36.605793568804,"NET_PROFIT_RATIO_SQ":-2480.5875466022,"HOLDER_PROFIT_SQ":-34434142.72436,"HOLDER_PROFIT_QOQ_SQ":17.526444719446,"ROE_AVG_SQ":-30.053209442153,"PE_TTM_SQ":-5.141163398919,"PB_TTM_SQ":1.760130065638,"ROA_SQ":-28.596747980828,"START_DATE":"2021-01-01 00:00:00","FISCAL_YEAR":"12-31","CURRENCY":"HKD","IS_CNY_CODE":0,"DPS_HKD_LY":null,"ORG_TYPE":"证券","PREMIUM_INCOME":null,"PREMIUM_INCOME_YOY":null,"NET_INTEREST_INCOME":null,"NET_INTEREST_INCOME_YOY":null,"FEE_COMMISSION_INCOME":null,"FEE_COMMISSION_INCOME_YOY":null,"ACCOUNTS_RECE_TDAYS":null,"INVENTORY_TDAYS":null,"CURRENT_ASSETS_TDAYS":0.032104243681,"TOTAL_ASSETS_TDAYS":0.032104243681,"PREMIUM_EXPENSE":null,"LOAN_DEPOSIT":null,"LOAN_EQUITY":null,"LOAN_ASSETS":null,"DEPOSIT_EQUITY":null,"DEPOSIT_ASSETS":null,"EQUITY_MULTIPLIER":1.013634318768,"EQUITY_RATIO":0.013634318769},{"SECUCODE":"00356.HK","SECURITY_CODE":"00356","SECURITY_NAME_ABBR":"鼎立资本","ORG_CODE":"10008850","STD_REPORT_DATE":"2021-06-30 00:00:00","REPORT_DATE":"2021-06-30 00:00:00","DATE_TYPE_CODE":"002","REPORT_TYPE":"2021年中报","PER_NETCASH_OPERATE":-0.001591062608,"PER_OI":0.000321640863,"BPS":0.035302565512,"BASIC_EPS":0.000166416,"DILUTED_EPS":null,"OPERATE_INCOME":733148.18424,"OPERATE_INCOME_YOY":134.6654344399,"GROSS_PROFIT":null,"GROSS_PROFIT_YOY":null,"HOLDER_PROFIT":308109.23904,"HOLDER_PROFIT_YOY":101.2212138078,"GROSS_PROFIT_RATIO":null,"EPS_TTM":-0.002820627317,"OPERATE_INCOME_QOQ":28.107809029278,"NET_PROFIT_RATIO":42.0255066661,"ROE_AVG":0.319587721758,"GROSS_PROFIT_QOQ":null,"ROA":0.306784001583,"HOLDER_PROFIT_QOQ":81.32859598897,"ROE_YEARLY":0.639175443516,"ROIC_YEARLY":0.824013772313,"TOTAL_ASSETS":100133623.01928,"TOTAL_LIABILITIES":3571221.62568,"TAX_EBT":71.050397239261,"OCF_SALES":-494.670543625433,"TOTAL_PARENT_EQUITY":96562401.3936,"DEBT_ASSET_RATIO":3.5664560195,"OPERATE_PROFIT":-2711661.3516,"PRETAX_PROFIT":1064295.22224,"NETCASH_OPERATE":-3626668.10856,"NETCASH_INVEST":null,"NETCASH_FINANCE":-1497144.9024,"END_CASH":23087524.89288,"DIVI_RATIO":null,"DIVIDEND_RATE":null,"CURRENT_RATIO":48.981825560055,"COMMON_ACS":4000000000,"CURRENTDEBT_DEBT":57.243761010513,"ISSUED_COMMON_SHARES":2735280000,"HK_COMMON_SHARES":2735280000,"PER_SHARES":30000,"TOTAL_MARKET_CAP":142234560,"HKSK_MARKET_CAP":142234560,"PE_TTM":-19.677930351518,"PB_TTM":2.01828588132,"REPORT_DATE_SQ":"2020-06-30 00:00:00","REPORT_TYPE_SQ":"2020年中报","OPERATE_INCOME_SQ":342971.14368,"DPS_HKD":null,"OPERATE_INCOME_QOQ_SQ":4.729173273861,"NET_PROFIT_RATIO_SQ":-8075.5177483274,"HOLDER_PROFIT_SQ":-27696695.57952,"HOLDER_PROFIT_QOQ_SQ":-80.593201307276,"ROE_AVG_SQ":-21.438845499529,"PE_TTM_SQ":-5.141163398919,"PB_TTM_SQ":1.760130065638,"ROA_SQ":-20.396289399641,"START_DATE":"2021-01-01 00:00:00","FISCAL_YEAR":"12-31","CURRENCY":"HKD","IS_CNY_CODE":0,"DPS_HKD_LY":null,"ORG_TYPE":"证券","PREMIUM_INCOME":null,"PREMIUM_INCOME_YOY":null,"NET_INTEREST_INCOME":null,"NET_INTEREST_INCOME_YOY":null,"FEE_COMMISSION_INCOME":null,"FEE_COMMISSION_INCOME_YOY":null,"ACCOUNTS_RECE_TDAYS":null,"INVENTORY_TDAYS":null,"CURRENT_ASSETS_TDAYS":0.00729994772,"TOTAL_ASSETS_TDAYS":0.00729994772,"PREMIUM_EXPENSE":null,"LOAN_DEPOSIT":null,"LOAN_EQUITY":null,"LOAN_ASSETS":null,"DEPOSIT_EQUITY":null,"DEPOSIT_ASSETS":null,"EQUITY_MULTIPLIER":1.036983562693,"EQUITY_RATIO":0.036983562693},{"SECUCODE":"00356.HK","SECURITY_CODE":"00356","SECURITY_NAME_ABBR":"鼎立资本","ORG_CODE":"10008850","STD_REPORT_DATE":"2020-12-31 00:00:00","REPORT_DATE":"2020-12-31 00:00:00","DATE_TYPE_CODE":"001","REPORT_TYPE":"2020年年报","PER_NETCASH_OPERATE":-0.004248039621,"PER_OI":0.000608995624,"BPS":0.035594229716,"BASIC_EPS":-0.015065356,"DILUTED_EPS":-0.015065356,"OPERATE_INCOME":1388144.62612,"OPERATE_INCOME_YOY":-29.336972737,"GROSS_PROFIT":null,"GROSS_PROFIT_YOY":null,"HOLDER_PROFIT":-34434142.72436,"HOLDER_PROFIT_YOY":-58.5225709894,"GROSS_PROFIT_RATIO":null,"EPS_TTM":-0.015106669617,"OPERATE_INCOME_QOQ":-36.605793568804,"NET_PROFIT_RATIO":-2480.5875466022,"ROE_AVG":-30.053209442153,"GROSS_PROFIT_QOQ":null,"ROA":-28.596747980828,"HOLDER_PROFIT_QOQ":17.526444719446,"ROE_YEARLY":-30.053209442153,"ROIC_YEARLY":-37.781080605244,"TOTAL_ASSETS":101887650.6908,"TOTAL_LIABILITIES":4527466.03432,"TAX_EBT":0.329122451219,"OCF_SALES":-697.548463530409,"TOTAL_PARENT_EQUITY":97360184.65648,"DEBT_ASSET_RATIO":4.4435866404,"OPERATE_PROFIT":-12501672.58652,"PRETAX_PROFIT":-34547847.44672,"NETCASH_OPERATE":-9682981.51108,"NETCASH_INVEST":11013714.50624,"NETCASH_FINANCE":-2802919.58348,"END_CASH":28535465.86072,"DIVI_RATIO":null,"DIVIDEND_RATE":null,"CURRENT_RATIO":27.185432322554,"COMMON_ACS":4000000000,"CURRENTDEBT_DEBT":82.780892370028,"ISSUED_COMMON_SHARES":2735280000,"HK_COMMON_SHARES":2735280000,"PER_SHARES":30000,"TOTAL_MARKET_CAP":142234560,"HKSK_MARKET_CAP":142234560,"PE_TTM":-19.677930351518,"PB_TTM":2.01828588132,"REPORT_DATE_SQ":"2019-12-31 00:00:00","REPORT_TYPE_SQ":"2019年年报","OPERATE_INCOME_SQ":2090823.97396,"DPS_HKD":null,"OPERATE_INCOME_QOQ_SQ":-44.86953921397,"NET_PROFIT_RATIO_SQ":-1105.7467989556,"HOLDER_PROFIT_SQ":-23119219.16386,"HOLDER_PROFIT_QOQ_SQ":39.65052009734,"ROE_AVG_SQ":-15.226858015098,"PE_TTM_SQ":-5.141163398919,"PB_TTM_SQ":1.760130065638,"ROA_SQ":-14.767108432149,"START_DATE":"2020-01-01 00:00:00","FISCAL_YEAR":"12-31","CURRENCY":"HKD","IS_CNY_CODE":0,"DPS_HKD_LY":null,"ORG_TYPE":"证券","PREMIUM_INCOME":null,"PREMIUM_INCOME_YOY":null,"NET_INTEREST_INCOME":null,"NET_INTEREST_INCOME_YOY":null,"FEE_COMMISSION_INCOME":null,"FEE_COMMISSION_INCOME_YOY":null,"ACCOUNTS_RECE_TDAYS":null,"INVENTORY_TDAYS":null,"CURRENT_ASSETS_TDAYS":0.011950556091,"TOTAL_ASSETS_TDAYS":0.011528215571,"PREMIUM_EXPENSE":null,"LOAN_DEPOSIT":null,"LOAN_EQUITY":null,"LOAN_ASSETS":null,"DEPOSIT_EQUITY":null,"DEPOSIT_ASSETS":null,"EQUITY_MULTIPLIER":1.046502233436,"EQUITY_RATIO":0.046502233437},{"SECUCODE":"00356.HK","SECURITY_CODE":"00356","SECURITY_NAME_ABBR":"鼎立资本","ORG_CODE":"10008850","STD_REPORT_DATE":"2020-06-30 00:00:00","REPORT_DATE":"2020-06-30 00:00:00","DATE_TYPE_CODE":"002","REPORT_TYPE":"2020年中报","PER_NETCASH_OPERATE":-0.001813672509,"PER_OI":0.000150465536,"BPS":0.042167879551,"BASIC_EPS":-0.012148752,"DILUTED_EPS":null,"OPERATE_INCOME":342971.14368,"OPERATE_INCOME_YOY":35.3125394165,"GROSS_PROFIT":null,"GROSS_PROFIT_YOY":null,"HOLDER_PROFIT":-27696695.57952,"HOLDER_PROFIT_YOY":-194.2621549192,"GROSS_PROFIT_RATIO":null,"EPS_TTM":-0.018316986051,"OPERATE_INCOME_QOQ":4.729173273861,"NET_PROFIT_RATIO":-8075.5177483274,"ROE_AVG":-21.438845499529,"GROSS_PROFIT_QOQ":null,"ROA":-20.396289399641,"HOLDER_PROFIT_QOQ":-80.593201307276,"ROE_YEARLY":-42.877690999058,"ROIC_YEARLY":-55.2424036682,"TOTAL_ASSETS":120794952.53232,"TOTAL_LIABILITIES":5453994.9552,"TAX_EBT":2.526367698272,"OCF_SALES":-1205.37403588017,"TOTAL_PARENT_EQUITY":115340957.57712,"DEBT_ASSET_RATIO":4.5150851429,"OPERATE_PROFIT":-6183865.4856,"PRETAX_PROFIT":-28414551.6336,"NETCASH_OPERATE":-4134085.11648,"NETCASH_INVEST":11710315.41504,"NETCASH_FINANCE":-1672424.60352,"END_CASH":38471399.97888,"DIVI_RATIO":null,"DIVIDEND_RATE":null,"CURRENT_RATIO":33.798011698671,"COMMON_ACS":4000000000,"CURRENTDEBT_DEBT":61.648564772402,"ISSUED_COMMON_SHARES":2735280000,"HK_COMMON_SHARES":2735280000,"PER_SHARES":30000,"TOTAL_MARKET_CAP":142234560,"HKSK_MARKET_CAP":142234560,"PE_TTM":-19.677930351518,"PB_TTM":2.01828588132,"REPORT_DATE_SQ":"2019-06-30 00:00:00","REPORT_TYPE_SQ":"2019年中报","OPERATE_INCOME_SQ":244092.4551,"DPS_HKD":null,"OPERATE_INCOME_QOQ_SQ":-15.60775938386,"NET_PROFIT_RATIO_SQ":-3713.4194641152,"HOLDER_PROFIT_SQ":-9064176.73812,"HOLDER_PROFIT_QOQ_SQ":3.271102807049,"ROE_AVG_SQ":-5.81338614244,"PE_TTM_SQ":-5.141163398919,"PB_TTM_SQ":1.760130065638,"ROA_SQ":-5.749261727543,"START_DATE":"2020-01-01 00:00:00","FISCAL_YEAR":"12-31","CURRENCY":"HKD","IS_CNY_CODE":0,"DPS_HKD_LY":null,"ORG_TYPE":"证券","PREMIUM_INCOME":null,"PREMIUM_INCOME_YOY":null,"NET_INTEREST_INCOME":null,"NET_INTEREST_INCOME_YOY":null,"FEE_COMMISSION_INCOME":null,"FEE_COMMISSION_INCOME_YOY":null,"ACCOUNTS_RECE_TDAYS":null,"INVENTORY_TDAYS":null,"CURRENT_ASSETS_TDAYS":0.002687934744,"TOTAL_ASSETS_TDAYS":0.002525694331,"PREMIUM_EXPENSE":null,"LOAN_DEPOSIT":null,"LOAN_EQUITY":null,"LOAN_ASSETS":null,"DEPOSIT_EQUITY":null,"DEPOSIT_ASSETS":null,"EQUITY_MULTIPLIER":1.047285847714,"EQUITY_RATIO":0.047285847714}],"count":43},"success":true,"message":"ok","code":0}