{"version":"3ea8781913f24f3045cfffaa703509de","result":{"pages":6,"data":[{"SECUCODE":"00354.HK","SECURITY_CODE":"00354","SECURITY_NAME_ABBR":"中国软件国际","ORG_CODE":"10010782","STD_REPORT_DATE":"2024-06-30 00:00:00","REPORT_DATE":"2024-06-30 00:00:00","DATE_TYPE_CODE":"002","REPORT_TYPE":"2024年中报","PER_NETCASH_OPERATE":-0.244303649659,"PER_OI":2.820953297353,"BPS":4.165224544696,"BASIC_EPS":0.1093,"DILUTED_EPS":0.1056,"OPERATE_INCOME":7926183000,"OPERATE_INCOME_YOY":-6.1996837892,"GROSS_PROFIT":1831400000,"GROSS_PROFIT_YOY":-8.481936501036,"HOLDER_PROFIT":285720000,"HOLDER_PROFIT_YOY":-18.604783664,"GROSS_PROFIT_RATIO":23.105699174496,"EPS_TTM":0.230655832532,"OPERATE_INCOME_QOQ":-3.060584472861,"NET_PROFIT_RATIO":3.6001313621,"ROE_AVG":2.471392733861,"GROSS_PROFIT_QOQ":-4.240114352063,"ROA":1.667218088021,"HOLDER_PROFIT_QOQ":-9.154548538395,"ROE_YEARLY":4.942785467723,"ROIC_YEARLY":4.176962913629,"TOTAL_ASSETS":17207390000,"TOTAL_LIABILITIES":5803734000,"TAX_EBT":3.542865255515,"OCF_SALES":-8.660322377114,"TOTAL_PARENT_EQUITY":11379724000,"DEBT_ASSET_RATIO":33.7281481968,"OPERATE_PROFIT":474993000,"PRETAX_PROFIT":295834000,"NETCASH_OPERATE":-686433000,"NETCASH_INVEST":-910800000,"NETCASH_FINANCE":-332717000,"END_CASH":1841571000,"DIVI_RATIO":0.318632488904,"DIVIDEND_RATE":1.329508196721,"CURRENT_RATIO":2.974357973816,"COMMON_ACS":4000000000,"CURRENTDEBT_DEBT":70.650016006936,"ISSUED_COMMON_SHARES":2732079358,"HK_COMMON_SHARES":2732079358,"PER_SHARES":2000,"TOTAL_MARKET_CAP":16665684083.8,"HKSK_MARKET_CAP":16665684083.8,"PE_TTM":23.161493478019,"PB_TTM":1.336626138701,"REPORT_DATE_SQ":"2023-06-30 00:00:00","REPORT_TYPE_SQ":"2023年中报","OPERATE_INCOME_SQ":8450060000,"DPS_HKD":0.0811,"OPERATE_INCOME_QOQ_SQ":-7.874039167173,"NET_PROFIT_RATIO_SQ":4.1501125436,"HOLDER_PROFIT_SQ":351028000,"HOLDER_PROFIT_QOQ_SQ":-29.037937114272,"ROE_AVG_SQ":2.978152876331,"PE_TTM_SQ":24.079756338833,"PB_TTM_SQ":1.089503574119,"ROA_SQ":2.011173728489,"START_DATE":"2024-01-01 00:00:00","FISCAL_YEAR":"12-31","CURRENCY":"HKD","IS_CNY_CODE":0,"DPS_HKD_LY":0.0811,"ORG_TYPE":"一般企业","PREMIUM_INCOME":null,"PREMIUM_INCOME_YOY":null,"NET_INTEREST_INCOME":null,"NET_INTEREST_INCOME_YOY":null,"FEE_COMMISSION_INCOME":null,"FEE_COMMISSION_INCOME_YOY":null,"ACCOUNTS_RECE_TDAYS":1.19034178435,"INVENTORY_TDAYS":48.595953515259,"CURRENT_ASSETS_TDAYS":0.630533262029,"TOTAL_ASSETS_TDAYS":0.462504398242,"PREMIUM_EXPENSE":null,"LOAN_DEPOSIT":null,"LOAN_EQUITY":null,"LOAN_ASSETS":null,"DEPOSIT_EQUITY":null,"DEPOSIT_ASSETS":null,"EQUITY_MULTIPLIER":1.508936256934,"EQUITY_RATIO":0.510006569579},{"SECUCODE":"00354.HK","SECURITY_CODE":"00354","SECURITY_NAME_ABBR":"中国软件国际","ORG_CODE":"10010782","STD_REPORT_DATE":"2023-12-31 00:00:00","REPORT_DATE":"2023-12-31 00:00:00","DATE_TYPE_CODE":"001","REPORT_TYPE":"2023年年报","PER_NETCASH_OPERATE":0.244603389745,"PER_OI":5.815546404913,"BPS":4.297994114123,"BASIC_EPS":0.2588,"DILUTED_EPS":0.2506,"OPERATE_INCOME":17116894000,"OPERATE_INCOME_YOY":-14.437652145,"GROSS_PROFIT":4003076000,"GROSS_PROFIT_YOY":-12.979824658654,"HOLDER_PROFIT":713394000,"HOLDER_PROFIT_YOY":-6.0632754882,"GROSS_PROFIT_RATIO":23.386696207852,"EPS_TTM":0.242379015257,"OPERATE_INCOME_QOQ":-7.124607351206,"NET_PROFIT_RATIO":4.1635299021,"ROE_AVG":5.981781323051,"GROSS_PROFIT_QOQ":-2.828055287189,"ROA":4.192433369852,"HOLDER_PROFIT_QOQ":32.375977658814,"ROE_YEARLY":5.981781323051,"ROIC_YEARLY":5.803453816212,"TOTAL_ASSETS":17067670000,"TOTAL_LIABILITIES":5300910000,"TAX_EBT":2.899391917945,"OCF_SALES":4.206025929704,"TOTAL_PARENT_EQUITY":11742461000,"DEBT_ASSET_RATIO":31.0581936492,"OPERATE_PROFIT":966808000,"PRETAX_PROFIT":733947000,"NETCASH_OPERATE":719941000,"NETCASH_INVEST":-1444832000,"NETCASH_FINANCE":-514029000,"END_CASH":3788110000,"DIVI_RATIO":0.303221142812,"DIVIDEND_RATE":1.527306967985,"CURRENT_RATIO":4.370159104182,"COMMON_ACS":4000000000,"CURRENTDEBT_DEBT":55.881160027241,"ISSUED_COMMON_SHARES":2732079358,"HK_COMMON_SHARES":2732079358,"PER_SHARES":2000,"TOTAL_MARKET_CAP":14507341390.98,"HKSK_MARKET_CAP":14507341390.98,"PE_TTM":20.161890224308,"PB_TTM":1.163522097787,"REPORT_DATE_SQ":"2022-12-31 00:00:00","REPORT_TYPE_SQ":"2022年年报","OPERATE_INCOME_SQ":20005171000,"DPS_HKD":0.0811,"OPERATE_INCOME_QOQ_SQ":-0.384625094604,"NET_PROFIT_RATIO_SQ":3.7931642774,"HOLDER_PROFIT_SQ":759441000,"HOLDER_PROFIT_QOQ_SQ":-36.221142968958,"ROE_AVG_SQ":6.405086075611,"PE_TTM_SQ":32.590840828551,"PB_TTM_SQ":1.474592893159,"ROA_SQ":4.484833323973,"START_DATE":"2023-01-01 00:00:00","FISCAL_YEAR":"12-31","CURRENCY":"HKD","IS_CNY_CODE":0,"DPS_HKD_LY":0.0567,"ORG_TYPE":"一般企业","PREMIUM_INCOME":null,"PREMIUM_INCOME_YOY":null,"NET_INTEREST_INCOME":null,"NET_INTEREST_INCOME_YOY":null,"FEE_COMMISSION_INCOME":null,"FEE_COMMISSION_INCOME_YOY":null,"ACCOUNTS_RECE_TDAYS":2.765797232214,"INVENTORY_TDAYS":134.129262554976,"CURRENT_ASSETS_TDAYS":1.289609739767,"TOTAL_ASSETS_TDAYS":1.005915911738,"PREMIUM_EXPENSE":null,"LOAN_DEPOSIT":null,"LOAN_EQUITY":null,"LOAN_ASSETS":null,"DEPOSIT_EQUITY":null,"DEPOSIT_ASSETS":null,"EQUITY_MULTIPLIER":1.450498692929,"EQUITY_RATIO":0.451430922359},{"SECUCODE":"00354.HK","SECURITY_CODE":"00354","SECURITY_NAME_ABBR":"中国软件国际","ORG_CODE":"10010782","STD_REPORT_DATE":"2023-06-30 00:00:00","REPORT_DATE":"2023-06-30 00:00:00","DATE_TYPE_CODE":"002","REPORT_TYPE":"2023年中报","PER_NETCASH_OPERATE":-0.245206648565,"PER_OI":2.833774935958,"BPS":4.195988292372,"BASIC_EPS":0.1244,"DILUTED_EPS":0.1208,"OPERATE_INCOME":8450060000,"OPERATE_INCOME_YOY":-15.7124368159,"GROSS_PROFIT":2001135000,"GROSS_PROFIT_YOY":-19.36515931459,"HOLDER_PROFIT":351028000,"HOLDER_PROFIT_YOY":-38.583580904,"GROSS_PROFIT_RATIO":23.681902850394,"EPS_TTM":0.180728162831,"OPERATE_INCOME_QOQ":-7.874039167173,"NET_PROFIT_RATIO":4.1501125436,"ROE_AVG":2.978152876331,"GROSS_PROFIT_QOQ":-10.447222602643,"ROA":2.011173728489,"HOLDER_PROFIT_QOQ":-29.037937114272,"ROE_YEARLY":5.956305752662,"ROIC_YEARLY":5.536243772124,"TOTAL_ASSETS":17942990000,"TOTAL_LIABILITIES":6454532000,"TAX_EBT":-2.428345693148,"OCF_SALES":-8.653003647311,"TOTAL_PARENT_EQUITY":11463773000,"DEBT_ASSET_RATIO":35.9724438346,"OPERATE_PROFIT":492141000,"PRETAX_PROFIT":342373000,"NETCASH_OPERATE":-731184000,"NETCASH_INVEST":-721980000,"NETCASH_FINANCE":812612000,"END_CASH":4442660000,"DIVI_RATIO":0.406657384487,"DIVIDEND_RATE":1.527306967985,"CURRENT_RATIO":4.000613464798,"COMMON_ACS":4000000000,"CURRENTDEBT_DEBT":54.424302180236,"ISSUED_COMMON_SHARES":2732079358,"HK_COMMON_SHARES":2732079358,"PER_SHARES":2000,"TOTAL_MARKET_CAP":14507341390.98,"HKSK_MARKET_CAP":14507341390.98,"PE_TTM":20.161890224308,"PB_TTM":1.163522097787,"REPORT_DATE_SQ":"2022-06-30 00:00:00","REPORT_TYPE_SQ":"2022年中报","OPERATE_INCOME_SQ":10025275000,"DPS_HKD":0.0811,"OPERATE_INCOME_QOQ_SQ":9.15496272545,"NET_PROFIT_RATIO_SQ":5.6944073853,"HOLDER_PROFIT_SQ":571554000,"HOLDER_PROFIT_QOQ_SQ":4.734759361111,"ROE_AVG_SQ":4.82775374312,"PE_TTM_SQ":32.590840828551,"PB_TTM_SQ":1.474592893159,"ROA_SQ":3.321637315427,"START_DATE":"2023-01-01 00:00:00","FISCAL_YEAR":"12-31","CURRENCY":"HKD","IS_CNY_CODE":0,"DPS_HKD_LY":0.0567,"ORG_TYPE":"一般企业","PREMIUM_INCOME":null,"PREMIUM_INCOME_YOY":null,"NET_INTEREST_INCOME":null,"NET_INTEREST_INCOME_YOY":null,"FEE_COMMISSION_INCOME":null,"FEE_COMMISSION_INCOME_YOY":null,"ACCOUNTS_RECE_TDAYS":1.268798352886,"INVENTORY_TDAYS":59.321460930996,"CURRENT_ASSETS_TDAYS":0.611127216871,"TOTAL_ASSETS_TDAYS":0.484136270501,"PREMIUM_EXPENSE":null,"LOAN_DEPOSIT":null,"LOAN_EQUITY":null,"LOAN_ASSETS":null,"DEPOSIT_EQUITY":null,"DEPOSIT_ASSETS":null,"EQUITY_MULTIPLIER":1.561827531597,"EQUITY_RATIO":0.563037317644},{"SECUCODE":"00354.HK","SECURITY_CODE":"00354","SECURITY_NAME_ABBR":"中国软件国际","ORG_CODE":"10010782","STD_REPORT_DATE":"2022-12-31 00:00:00","REPORT_DATE":"2022-12-31 00:00:00","DATE_TYPE_CODE":"001","REPORT_TYPE":"2022年年报","PER_NETCASH_OPERATE":0.2526505221,"PER_OI":6.608885343997,"BPS":4.432435304099,"BASIC_EPS":0.2611,"DILUTED_EPS":0.2518,"OPERATE_INCOME":20005171000,"OPERATE_INCOME_YOY":8.7351253468,"GROSS_PROFIT":4600170000,"GROSS_PROFIT_YOY":-6.20016430677,"HOLDER_PROFIT":759441000,"HOLDER_PROFIT_YOY":-33.2013675653,"GROSS_PROFIT_RATIO":22.994904667398,"EPS_TTM":0.250888057619,"OPERATE_INCOME_QOQ":-0.384625094604,"NET_PROFIT_RATIO":3.7931642774,"ROE_AVG":6.405086075611,"GROSS_PROFIT_QOQ":-9.662566807954,"ROA":4.484833323973,"HOLDER_PROFIT_QOQ":-36.221142968958,"ROE_YEARLY":6.405086075611,"ROIC_YEARLY":6.544138581414,"TOTAL_ASSETS":16964785000,"TOTAL_LIABILITIES":4829994000,"TAX_EBT":8.561819632189,"OCF_SALES":3.822891591379,"TOTAL_PARENT_EQUITY":12109765000,"DEBT_ASSET_RATIO":28.4707056411,"OPERATE_PROFIT":965628000,"PRETAX_PROFIT":829882000,"NETCASH_OPERATE":764776000,"NETCASH_INVEST":-649683000,"NETCASH_FINANCE":-780737000,"END_CASH":5005226000,"DIVI_RATIO":0.292937187594,"DIVIDEND_RATE":1.527306967985,"CURRENT_RATIO":3.827590011049,"COMMON_ACS":4000000000,"CURRENTDEBT_DEBT":73.567089317295,"ISSUED_COMMON_SHARES":2732079358,"HK_COMMON_SHARES":2732079358,"PER_SHARES":2000,"TOTAL_MARKET_CAP":14507341390.98,"HKSK_MARKET_CAP":14507341390.98,"PE_TTM":20.161890224308,"PB_TTM":1.163522097787,"REPORT_DATE_SQ":"2021-12-31 00:00:00","REPORT_TYPE_SQ":"2021年年报","OPERATE_INCOME_SQ":18398076000,"DPS_HKD":0.0811,"OPERATE_INCOME_QOQ_SQ":12.301265486835,"NET_PROFIT_RATIO_SQ":6.1783090797,"HOLDER_PROFIT_SQ":1136911000,"HOLDER_PROFIT_QOQ_SQ":6.127202055127,"ROE_AVG_SQ":11.169725375668,"PE_TTM_SQ":32.590840828551,"PB_TTM_SQ":1.474592893159,"ROA_SQ":7.582123594288,"START_DATE":"2022-01-01 00:00:00","FISCAL_YEAR":"12-31","CURRENCY":"HKD","IS_CNY_CODE":0,"DPS_HKD_LY":0.0323,"ORG_TYPE":"一般企业","PREMIUM_INCOME":null,"PREMIUM_INCOME_YOY":null,"NET_INTEREST_INCOME":null,"NET_INTEREST_INCOME_YOY":null,"FEE_COMMISSION_INCOME":null,"FEE_COMMISSION_INCOME_YOY":null,"ACCOUNTS_RECE_TDAYS":3.293581193573,"INVENTORY_TDAYS":117.600364900816,"CURRENT_ASSETS_TDAYS":1.475299490427,"TOTAL_ASSETS_TDAYS":1.181393387407,"PREMIUM_EXPENSE":null,"LOAN_DEPOSIT":null,"LOAN_EQUITY":null,"LOAN_ASSETS":null,"DEPOSIT_EQUITY":null,"DEPOSIT_ASSETS":null,"EQUITY_MULTIPLIER":1.398028610463,"EQUITY_RATIO":0.398851175064},{"SECUCODE":"00354.HK","SECURITY_CODE":"00354","SECURITY_NAME_ABBR":"中国软件国际","ORG_CODE":"10010782","STD_REPORT_DATE":"2022-06-30 00:00:00","REPORT_DATE":"2022-06-30 00:00:00","DATE_TYPE_CODE":"002","REPORT_TYPE":"2022年中报","PER_NETCASH_OPERATE":-0.26015444546,"PER_OI":3.265979596339,"BPS":4.419316358672,"BASIC_EPS":0.1962,"DILUTED_EPS":0.187,"OPERATE_INCOME":10025275000,"OPERATE_INCOME_YOY":20.1936161137,"GROSS_PROFIT":2481725000,"GROSS_PROFIT_YOY":8.194718012973,"HOLDER_PROFIT":571554000,"HOLDER_PROFIT_YOY":10.3974318363,"GROSS_PROFIT_RATIO":24.754682539881,"EPS_TTM":0.387913130615,"OPERATE_INCOME_QOQ":9.15496272545,"NET_PROFIT_RATIO":5.6944073853,"ROE_AVG":4.82775374312,"GROSS_PROFIT_QOQ":3.832743945495,"ROA":3.321637315427,"HOLDER_PROFIT_QOQ":4.734759361111,"ROE_YEARLY":9.655507486239,"ROIC_YEARLY":9.421077169958,"TOTAL_ASSETS":17511699000,"TOTAL_LIABILITIES":5415812000,"TAX_EBT":6.482562949154,"OCF_SALES":-7.965586978911,"TOTAL_PARENT_EQUITY":12073923000,"DEBT_ASSET_RATIO":30.9268221205,"OPERATE_PROFIT":692948000,"PRETAX_PROFIT":610453000,"NETCASH_OPERATE":-798572000,"NETCASH_INVEST":-573157000,"NETCASH_FINANCE":302897000,"END_CASH":4545976000,"DIVI_RATIO":0.189461083422,"DIVIDEND_RATE":1.527306967985,"CURRENT_RATIO":2.658898814691,"COMMON_ACS":4000000000,"CURRENTDEBT_DEBT":96.032192402543,"ISSUED_COMMON_SHARES":2732079358,"HK_COMMON_SHARES":2732079358,"PER_SHARES":2000,"TOTAL_MARKET_CAP":14507341390.98,"HKSK_MARKET_CAP":14507341390.98,"PE_TTM":20.161890224308,"PB_TTM":1.163522097787,"REPORT_DATE_SQ":"2021-06-30 00:00:00","REPORT_TYPE_SQ":"2021年中报","OPERATE_INCOME_SQ":8340938000,"DPS_HKD":0.0811,"OPERATE_INCOME_QOQ_SQ":16.179762643552,"NET_PROFIT_RATIO_SQ":6.1983196614,"HOLDER_PROFIT_SQ":517724000,"HOLDER_PROFIT_QOQ_SQ":12.183536350385,"ROE_AVG_SQ":5.724820196787,"PE_TTM_SQ":32.590840828551,"PB_TTM_SQ":1.474592893159,"ROA_SQ":3.781385984264,"START_DATE":"2022-01-01 00:00:00","FISCAL_YEAR":"12-31","CURRENCY":"HKD","IS_CNY_CODE":0,"DPS_HKD_LY":0.0323,"ORG_TYPE":"一般企业","PREMIUM_INCOME":null,"PREMIUM_INCOME_YOY":null,"NET_INTEREST_INCOME":null,"NET_INTEREST_INCOME_YOY":null,"FEE_COMMISSION_INCOME":null,"FEE_COMMISSION_INCOME_YOY":null,"ACCOUNTS_RECE_TDAYS":1.552172025177,"INVENTORY_TDAYS":45.108832147342,"CURRENT_ASSETS_TDAYS":0.733153785666,"TOTAL_ASSETS_TDAYS":0.582627845093,"PREMIUM_EXPENSE":null,"LOAN_DEPOSIT":null,"LOAN_EQUITY":null,"LOAN_ASSETS":null,"DEPOSIT_EQUITY":null,"DEPOSIT_ASSETS":null,"EQUITY_MULTIPLIER":1.44773996318,"EQUITY_RATIO":0.44855445906},{"SECUCODE":"00354.HK","SECURITY_CODE":"00354","SECURITY_NAME_ABBR":"中国软件国际","ORG_CODE":"10010782","STD_REPORT_DATE":"2021-12-31 00:00:00","REPORT_DATE":"2021-12-31 00:00:00","DATE_TYPE_CODE":"001","REPORT_TYPE":"2021年年报","PER_NETCASH_OPERATE":0.313513210978,"PER_OI":5.994992306314,"BPS":4.247285484597,"BASIC_EPS":0.4089,"DILUTED_EPS":0.384,"OPERATE_INCOME":18398076000,"OPERATE_INCOME_YOY":30.4713436883,"GROSS_PROFIT":4904241000,"GROSS_PROFIT_YOY":19.078792099229,"HOLDER_PROFIT":1136911000,"HOLDER_PROFIT_YOY":19.0572482952,"GROSS_PROFIT_RATIO":26.656271014426,"EPS_TTM":0.37046116659,"OPERATE_INCOME_QOQ":12.301265486835,"NET_PROFIT_RATIO":6.1783090797,"ROE_AVG":11.169725375668,"GROSS_PROFIT_QOQ":2.960147731314,"ROA":7.582123594288,"HOLDER_PROFIT_QOQ":6.127202055127,"ROE_YEARLY":11.169725375668,"ROIC_YEARLY":11.037900145494,"TOTAL_ASSETS":16902293000,"TOTAL_LIABILITIES":5275734000,"TAX_EBT":9.215647280479,"OCF_SALES":5.229584876158,"TOTAL_PARENT_EQUITY":11603921000,"DEBT_ASSET_RATIO":31.213125935,"OPERATE_PROFIT":1361830000,"PRETAX_PROFIT":1252077000,"NETCASH_OPERATE":962143000,"NETCASH_INVEST":-529521000,"NETCASH_FINANCE":1376890000,"END_CASH":5556380000,"DIVI_RATIO":0.198386359025,"DIVIDEND_RATE":1.527306967985,"CURRENT_RATIO":3.392117525061,"COMMON_ACS":4000000000,"CURRENTDEBT_DEBT":75.545905081644,"ISSUED_COMMON_SHARES":2732079358,"HK_COMMON_SHARES":2732079358,"PER_SHARES":2000,"TOTAL_MARKET_CAP":14507341390.98,"HKSK_MARKET_CAP":14507341390.98,"PE_TTM":20.161890224308,"PB_TTM":1.163522097787,"REPORT_DATE_SQ":"2020-12-31 00:00:00","REPORT_TYPE_SQ":"2020年年报","OPERATE_INCOME_SQ":14101239000,"DPS_HKD":0.0811,"OPERATE_INCOME_QOQ_SQ":12.243861715614,"NET_PROFIT_RATIO_SQ":6.723614854,"HOLDER_PROFIT_SQ":954928000,"HOLDER_PROFIT_QOQ_SQ":20.33272301351,"ROE_AVG_SQ":12.547755694253,"PE_TTM_SQ":32.590840828551,"PB_TTM_SQ":1.474592893159,"ROA_SQ":8.01371144511,"START_DATE":"2021-01-01 00:00:00","FISCAL_YEAR":"12-31","CURRENCY":"HKD","IS_CNY_CODE":0,"DPS_HKD_LY":0.029,"ORG_TYPE":"一般企业","PREMIUM_INCOME":null,"PREMIUM_INCOME_YOY":null,"NET_INTEREST_INCOME":null,"NET_INTEREST_INCOME_YOY":null,"FEE_COMMISSION_INCOME":null,"FEE_COMMISSION_INCOME_YOY":null,"ACCOUNTS_RECE_TDAYS":3.493454925874,"INVENTORY_TDAYS":126.215000257222,"CURRENT_ASSETS_TDAYS":1.538705608353,"TOTAL_ASSETS_TDAYS":1.226978067141,"PREMIUM_EXPENSE":null,"LOAN_DEPOSIT":null,"LOAN_EQUITY":null,"LOAN_ASSETS":null,"DEPOSIT_EQUITY":null,"DEPOSIT_ASSETS":null,"EQUITY_MULTIPLIER":1.453765727245,"EQUITY_RATIO":0.454650975304},{"SECUCODE":"00354.HK","SECURITY_CODE":"00354","SECURITY_NAME_ABBR":"中国软件国际","ORG_CODE":"10010782","STD_REPORT_DATE":"2021-06-30 00:00:00","REPORT_DATE":"2021-06-30 00:00:00","DATE_TYPE_CODE":"002","REPORT_TYPE":"2021年中报","PER_NETCASH_OPERATE":-0.181287698691,"PER_OI":2.870536145712,"BPS":3.416411742459,"BASIC_EPS":0.1892,"DILUTED_EPS":0.1777,"OPERATE_INCOME":8340938000,"OPERATE_INCOME_YOY":37.6530743766,"GROSS_PROFIT":2293758000,"GROSS_PROFIT_YOY":39.099939357186,"HOLDER_PROFIT":517724000,"HOLDER_PROFIT_YOY":28.9859983058,"GROSS_PROFIT_RATIO":27.500000599453,"EPS_TTM":0.368678558441,"OPERATE_INCOME_QOQ":16.179762643552,"NET_PROFIT_RATIO":6.1983196614,"ROE_AVG":5.724820196787,"GROSS_PROFIT_QOQ":15.655226534812,"ROA":3.781385984264,"HOLDER_PROFIT_QOQ":12.183536350385,"ROE_YEARLY":11.449640393573,"ROIC_YEARLY":10.379518512508,"TOTAL_ASSETS":14295807000,"TOTAL_LIABILITIES":4939808000,"TAX_EBT":10.265680568887,"OCF_SALES":-6.315464759479,"TOTAL_PARENT_EQUITY":9333908000,"DEBT_ASSET_RATIO":34.5542437723,"OPERATE_PROFIT":621098000,"PRETAX_PROFIT":576143000,"NETCASH_OPERATE":-526769000,"NETCASH_INVEST":-196125000,"NETCASH_FINANCE":553290000,"END_CASH":3598819000,"DIVI_RATIO":0.199345582533,"DIVIDEND_RATE":1.527306967985,"CURRENT_RATIO":3.141012714002,"COMMON_ACS":4000000000,"CURRENTDEBT_DEBT":72.95947534803,"ISSUED_COMMON_SHARES":2732079358,"HK_COMMON_SHARES":2732079358,"PER_SHARES":2000,"TOTAL_MARKET_CAP":14507341390.98,"HKSK_MARKET_CAP":14507341390.98,"PE_TTM":20.161890224308,"PB_TTM":1.163522097787,"REPORT_DATE_SQ":"2020-06-30 00:00:00","REPORT_TYPE_SQ":"2020年中报","OPERATE_INCOME_SQ":6059391000,"DPS_HKD":0.0811,"OPERATE_INCOME_QOQ_SQ":4.32774907936,"NET_PROFIT_RATIO_SQ":6.5535793944,"HOLDER_PROFIT_SQ":401380000,"HOLDER_PROFIT_QOQ_SQ":5.124601265353,"ROE_AVG_SQ":5.898469987908,"PE_TTM_SQ":32.590840828551,"PB_TTM_SQ":1.474592893159,"ROA_SQ":3.569832434531,"START_DATE":"2021-01-01 00:00:00","FISCAL_YEAR":"12-31","CURRENCY":"HKD","IS_CNY_CODE":0,"DPS_HKD_LY":0.029,"ORG_TYPE":"一般企业","PREMIUM_INCOME":null,"PREMIUM_INCOME_YOY":null,"NET_INTEREST_INCOME":null,"NET_INTEREST_INCOME_YOY":null,"FEE_COMMISSION_INCOME":null,"FEE_COMMISSION_INCOME_YOY":null,"ACCOUNTS_RECE_TDAYS":1.654170326074,"INVENTORY_TDAYS":58.906650301489,"CURRENT_ASSETS_TDAYS":0.768237769561,"TOTAL_ASSETS_TDAYS":0.609210815972,"PREMIUM_EXPENSE":null,"LOAN_DEPOSIT":null,"LOAN_EQUITY":null,"LOAN_ASSETS":null,"DEPOSIT_EQUITY":null,"DEPOSIT_ASSETS":null,"EQUITY_MULTIPLIER":1.527982955107,"EQUITY_RATIO":0.529232557253},{"SECUCODE":"00354.HK","SECURITY_CODE":"00354","SECURITY_NAME_ABBR":"中国软件国际","ORG_CODE":"10010782","STD_REPORT_DATE":"2020-12-31 00:00:00","REPORT_DATE":"2020-12-31 00:00:00","DATE_TYPE_CODE":"001","REPORT_TYPE":"2020年年报","PER_NETCASH_OPERATE":0.396783516531,"PER_OI":4.85461606353,"BPS":3.203819089065,"BASIC_EPS":0.3786,"DILUTED_EPS":0.3569,"OPERATE_INCOME":14101239000,"OPERATE_INCOME_YOY":17.1014944076,"GROSS_PROFIT":4118484000,"GROSS_PROFIT_YOY":14.942146352327,"HOLDER_PROFIT":954928000,"HOLDER_PROFIT_YOY":26.4992952597,"GROSS_PROFIT_RATIO":29.206539935959,"EPS_TTM":0.32875187835,"OPERATE_INCOME_QOQ":12.243861715614,"NET_PROFIT_RATIO":6.723614854,"ROE_AVG":12.547755694253,"GROSS_PROFIT_QOQ":12.362945865868,"ROA":8.01371144511,"HOLDER_PROFIT_QOQ":20.33272301351,"ROE_YEARLY":12.547755694253,"ROIC_YEARLY":10.957177612948,"TOTAL_ASSETS":13086957000,"TOTAL_LIABILITIES":4310546000,"TAX_EBT":8.381158530988,"OCF_SALES":8.173324344052,"TOTAL_PARENT_EQUITY":8753088000,"DEBT_ASSET_RATIO":32.9377257066,"OPERATE_PROFIT":1232595000,"PRETAX_PROFIT":1034845000,"NETCASH_OPERATE":1152540000,"NETCASH_INVEST":-191694000,"NETCASH_FINANCE":361821000,"END_CASH":3786777000,"DIVI_RATIO":0.223555960711,"DIVIDEND_RATE":1.527306967985,"CURRENT_RATIO":3.8237096916,"COMMON_ACS":4000000000,"CURRENTDEBT_DEBT":63.062150363318,"ISSUED_COMMON_SHARES":2732079358,"HK_COMMON_SHARES":2732079358,"PER_SHARES":2000,"TOTAL_MARKET_CAP":14507341390.98,"HKSK_MARKET_CAP":14507341390.98,"PE_TTM":20.161890224308,"PB_TTM":1.163522097787,"REPORT_DATE_SQ":"2019-12-31 00:00:00","REPORT_TYPE_SQ":"2019年年报","OPERATE_INCOME_SQ":12041895000,"DPS_HKD":0.0811,"OPERATE_INCOME_QOQ_SQ":6.47679348026,"NET_PROFIT_RATIO_SQ":6.2837784252,"HOLDER_PROFIT_SQ":754888000,"HOLDER_PROFIT_QOQ_SQ":4.883575851802,"ROE_AVG_SQ":12.141733549933,"PE_TTM_SQ":32.590840828551,"PB_TTM_SQ":1.474592893159,"ROA_SQ":7.110302331583,"START_DATE":"2020-01-01 00:00:00","FISCAL_YEAR":"12-31","CURRENCY":"HKD","IS_CNY_CODE":0,"DPS_HKD_LY":0.0219,"ORG_TYPE":"一般企业","PREMIUM_INCOME":null,"PREMIUM_INCOME_YOY":null,"NET_INTEREST_INCOME":null,"NET_INTEREST_INCOME_YOY":null,"FEE_COMMISSION_INCOME":null,"FEE_COMMISSION_INCOME_YOY":null,"ACCOUNTS_RECE_TDAYS":3.570974931046,"INVENTORY_TDAYS":189.044057076307,"CURRENT_ASSETS_TDAYS":1.516881732992,"TOTAL_ASSETS_TDAYS":1.183369430622,"PREMIUM_EXPENSE":null,"LOAN_DEPOSIT":null,"LOAN_EQUITY":null,"LOAN_ASSETS":null,"DEPOSIT_EQUITY":null,"DEPOSIT_ASSETS":null,"EQUITY_MULTIPLIER":1.491151337375,"EQUITY_RATIO":0.492460032391},{"SECUCODE":"00354.HK","SECURITY_CODE":"00354","SECURITY_NAME_ABBR":"中国软件国际","ORG_CODE":"10010782","STD_REPORT_DATE":"2020-06-30 00:00:00","REPORT_DATE":"2020-06-30 00:00:00","DATE_TYPE_CODE":"002","REPORT_TYPE":"2020年中报","PER_NETCASH_OPERATE":-0.128436032677,"PER_OI":2.308596797099,"BPS":2.614133802185,"BASIC_EPS":0.1622,"DILUTED_EPS":0.1573,"OPERATE_INCOME":6059391000,"OPERATE_INCOME_YOY":9.4098891924,"GROSS_PROFIT":1649000000,"GROSS_PROFIT_YOY":5.249519228621,"HOLDER_PROFIT":401380000,"HOLDER_PROFIT_YOY":10.6659865727,"GROSS_PROFIT_RATIO":27.213955989967,"EPS_TTM":0.302347230285,"OPERATE_INCOME_QOQ":4.32774907936,"NET_PROFIT_RATIO":6.5535793944,"ROE_AVG":5.898469987908,"GROSS_PROFIT_QOQ":2.295419069502,"ROA":3.569832434531,"HOLDER_PROFIT_QOQ":5.124601265353,"ROE_YEARLY":11.796939975816,"ROIC_YEARLY":9.371168294922,"TOTAL_ASSETS":11741934000,"TOTAL_LIABILITIES":4537856000,"TAX_EBT":10.200061961091,"OCF_SALES":-5.563380874415,"TOTAL_PARENT_EQUITY":7142021000,"DEBT_ASSET_RATIO":38.6465807081,"OPERATE_PROFIT":539538000,"PRETAX_PROFIT":442213000,"NETCASH_OPERATE":-337107000,"NETCASH_INVEST":-109079000,"NETCASH_FINANCE":606364000,"END_CASH":2700653000,"DIVI_RATIO":0.243079594051,"DIVIDEND_RATE":1.527306967985,"CURRENT_RATIO":4.565198057993,"COMMON_ACS":4000000000,"CURRENTDEBT_DEBT":44.304997778687,"ISSUED_COMMON_SHARES":2732079358,"HK_COMMON_SHARES":2732079358,"PER_SHARES":2000,"TOTAL_MARKET_CAP":14507341390.98,"HKSK_MARKET_CAP":14507341390.98,"PE_TTM":20.161890224308,"PB_TTM":1.163522097787,"REPORT_DATE_SQ":"2019-06-30 00:00:00","REPORT_TYPE_SQ":"2019年中报","OPERATE_INCOME_SQ":5538248000,"DPS_HKD":0.0811,"OPERATE_INCOME_QOQ_SQ":6.843591028183,"NET_PROFIT_RATIO_SQ":6.4815985127,"HOLDER_PROFIT_SQ":362695000,"HOLDER_PROFIT_QOQ_SQ":0.549871961978,"ROE_AVG_SQ":5.865810023412,"PE_TTM_SQ":32.590840828551,"PB_TTM_SQ":1.474592893159,"ROA_SQ":3.32987854819,"START_DATE":"2020-01-01 00:00:00","FISCAL_YEAR":"12-31","CURRENCY":"HKD","IS_CNY_CODE":0,"DPS_HKD_LY":0.0219,"ORG_TYPE":"一般企业","PREMIUM_INCOME":null,"PREMIUM_INCOME_YOY":null,"NET_INTEREST_INCOME":null,"NET_INTEREST_INCOME_YOY":null,"FEE_COMMISSION_INCOME":null,"FEE_COMMISSION_INCOME_YOY":null,"ACCOUNTS_RECE_TDAYS":1.629619838178,"INVENTORY_TDAYS":61.389720569301,"CURRENT_ASSETS_TDAYS":0.697417907475,"TOTAL_ASSETS_TDAYS":0.538916002923,"PREMIUM_EXPENSE":null,"LOAN_DEPOSIT":null,"LOAN_EQUITY":null,"LOAN_ASSETS":null,"DEPOSIT_EQUITY":null,"DEPOSIT_ASSETS":null,"EQUITY_MULTIPLIER":1.629901008846,"EQUITY_RATIO":0.635374216906}],"count":50},"success":true,"message":"ok","code":0}