{"version":"45b43759431f73a78ef1e0dba3d30237","result":{"pages":2,"data":[{"SECUCODE":"00368.HK","SECURITY_CODE":"00368","SECURITY_NAME_ABBR":"德合集团","ORG_CODE":"10000072780","STD_REPORT_DATE":"2024-06-30 00:00:00","REPORT_DATE":"2024-06-30 00:00:00","DATE_TYPE_CODE":"002","REPORT_TYPE":"2024年中报","PER_NETCASH_OPERATE":0.0223560966,"PER_OI":0.46168260055,"BPS":0.2343579704,"BASIC_EPS":0.004837204,"DILUTED_EPS":0.004837204,"OPERATE_INCOME":369346080.44,"OPERATE_INCOME_YOY":-22.2086594799,"GROSS_PROFIT":50966789.24,"GROSS_PROFIT_YOY":-4.873842921306,"HOLDER_PROFIT":3898968.96,"HOLDER_PROFIT_YOY":-43.2518597237,"GROSS_PROFIT_RATIO":13.799195913839,"EPS_TTM":0.0213092356,"OPERATE_INCOME_QOQ":-12.071731657421,"NET_PROFIT_RATIO":1.055641082,"ROE_AVG":2.101452127032,"GROSS_PROFIT_QOQ":-2.22401395976,"ROA":0.463033967205,"HOLDER_PROFIT_QOQ":-15.141040450854,"ROE_YEARLY":4.202904254063,"ROIC_YEARLY":0.97927353354,"TOTAL_ASSETS":889770819.32,"TOTAL_LIABILITIES":702284443,"TAX_EBT":30.46875,"OCF_SALES":4.842308671232,"TOTAL_PARENT_EQUITY":187486376.32,"DEBT_ASSET_RATIO":78.9286890232,"OPERATE_PROFIT":21534684.6,"PRETAX_PROFIT":5607505.92,"NETCASH_OPERATE":17884877.28,"NETCASH_INVEST":-8309951.4,"NETCASH_FINANCE":4546059.08,"END_CASH":52810402.84,"DIVI_RATIO":null,"DIVIDEND_RATE":null,"CURRENT_RATIO":1.14804119692,"COMMON_ACS":2000000000,"CURRENTDEBT_DEBT":100,"ISSUED_COMMON_SHARES":800000000,"HK_COMMON_SHARES":800000000,"PER_SHARES":4000,"TOTAL_MARKET_CAP":196000000,"HKSK_MARKET_CAP":196000000,"PE_TTM":10.363790186125,"PB_TTM":0.954124152971,"REPORT_DATE_SQ":"2023-06-30 00:00:00","REPORT_TYPE_SQ":"2023年中报","OPERATE_INCOME_SQ":479628747.68,"DPS_HKD":null,"OPERATE_INCOME_QOQ_SQ":29.167368248333,"NET_PROFIT_RATIO_SQ":1.4470912083,"HOLDER_PROFIT_SQ":6940665.44,"HOLDER_PROFIT_QOQ_SQ":59.226069919429,"ROE_AVG_SQ":4.119333727318,"PE_TTM_SQ":5.263275273757,"PB_TTM_SQ":1.265334133997,"ROA_SQ":0.921916896442,"START_DATE":"2024-01-01 00:00:00","FISCAL_YEAR":"12-31","CURRENCY":"HKD","IS_CNY_CODE":0,"DPS_HKD_LY":null,"ORG_TYPE":"一般企业","PREMIUM_INCOME":null,"PREMIUM_INCOME_YOY":null,"NET_INTEREST_INCOME":null,"NET_INTEREST_INCOME_YOY":null,"FEE_COMMISSION_INCOME":null,"FEE_COMMISSION_INCOME_YOY":null,"ACCOUNTS_RECE_TDAYS":3.342043216325,"INVENTORY_TDAYS":null,"CURRENT_ASSETS_TDAYS":0.48778909076,"TOTAL_ASSETS_TDAYS":0.438628218517,"PREMIUM_EXPENSE":null,"LOAN_DEPOSIT":null,"LOAN_EQUITY":null,"LOAN_ASSETS":null,"DEPOSIT_EQUITY":null,"DEPOSIT_ASSETS":null,"EQUITY_MULTIPLIER":4.745789196985,"EQUITY_RATIO":3.745789196978},{"SECUCODE":"00368.HK","SECURITY_CODE":"00368","SECURITY_NAME_ABBR":"德合集团","ORG_CODE":"10000072780","STD_REPORT_DATE":"2023-12-31 00:00:00","REPORT_DATE":"2023-12-31 00:00:00","DATE_TYPE_CODE":"001","REPORT_TYPE":"2023年年报","PER_NETCASH_OPERATE":0.02245839715,"PER_OI":1.141951610275,"BPS":0.2278599568,"BASIC_EPS":0.025102294,"DILUTED_EPS":0.025102294,"OPERATE_INCOME":913561288.22,"OPERATE_INCOME_YOY":23.0438836961,"GROSS_PROFIT":117414394.3,"GROSS_PROFIT_YOY":15.277919555318,"HOLDER_PROFIT":20089084.96,"HOLDER_PROFIT_YOY":-21.0119365758,"GROSS_PROFIT_RATIO":12.85238284656,"EPS_TTM":0.0251113562,"OPERATE_INCOME_QOQ":-3.359734701377,"NET_PROFIT_RATIO":2.1989860143,"ROE_AVG":11.663194225225,"GROSS_PROFIT_QOQ":-5.446438029774,"ROA":2.655728120912,"HOLDER_PROFIT_QOQ":-49.673331235128,"ROE_YEARLY":11.663194225225,"ROIC_YEARLY":2.812138064714,"TOTAL_ASSETS":788703202.84,"TOTAL_LIABILITIES":606415237.4,"TAX_EBT":14.518181467628,"OCF_SALES":1.966668022351,"TOTAL_PARENT_EQUITY":182287965.44,"DEBT_ASSET_RATIO":76.8876346915,"OPERATE_PROFIT":51888344.76,"PRETAX_PROFIT":23501003.26,"NETCASH_OPERATE":17966717.72,"NETCASH_INVEST":-14044597.56,"NETCASH_FINANCE":-11237128,"END_CASH":38415572.02,"DIVI_RATIO":null,"DIVIDEND_RATE":null,"CURRENT_RATIO":1.159812962567,"COMMON_ACS":2000000000,"CURRENTDEBT_DEBT":99.96816952344,"ISSUED_COMMON_SHARES":800000000,"HK_COMMON_SHARES":800000000,"PER_SHARES":4000,"TOTAL_MARKET_CAP":192000000,"HKSK_MARKET_CAP":192000000,"PE_TTM":10.152284263959,"PB_TTM":0.934652231482,"REPORT_DATE_SQ":"2022-12-31 00:00:00","REPORT_TYPE_SQ":"2022年年报","OPERATE_INCOME_SQ":731857897.54,"DPS_HKD":null,"OPERATE_INCOME_QOQ_SQ":13.306356097424,"NET_PROFIT_RATIO_SQ":3.4254768083,"HOLDER_PROFIT_SQ":25069622.55,"HOLDER_PROFIT_QOQ_SQ":181.552127346801,"ROE_AVG_SQ":17.014092020988,"PE_TTM_SQ":6.066147773144,"PB_TTM_SQ":1.458351205284,"ROA_SQ":3.876541845657,"START_DATE":"2023-01-01 00:00:00","FISCAL_YEAR":"12-31","CURRENCY":"HKD","IS_CNY_CODE":0,"DPS_HKD_LY":null,"ORG_TYPE":"一般企业","PREMIUM_INCOME":null,"PREMIUM_INCOME_YOY":null,"NET_INTEREST_INCOME":null,"NET_INTEREST_INCOME_YOY":null,"FEE_COMMISSION_INCOME":null,"FEE_COMMISSION_INCOME_YOY":null,"ACCOUNTS_RECE_TDAYS":6.668525464203,"INVENTORY_TDAYS":null,"CURRENT_ASSETS_TDAYS":1.338029683232,"TOTAL_ASSETS_TDAYS":1.207705780593,"PREMIUM_EXPENSE":null,"LOAN_DEPOSIT":null,"LOAN_EQUITY":null,"LOAN_ASSETS":null,"DEPOSIT_EQUITY":null,"DEPOSIT_ASSETS":null,"EQUITY_MULTIPLIER":4.326688275528,"EQUITY_RATIO":3.326688275533},{"SECUCODE":"00368.HK","SECURITY_CODE":"00368","SECURITY_NAME_ABBR":"德合集团","ORG_CODE":"10000072780","STD_REPORT_DATE":"2023-06-30 00:00:00","REPORT_DATE":"2023-06-30 00:00:00","DATE_TYPE_CODE":"002","REPORT_TYPE":"2023年中报","PER_NETCASH_OPERATE":0.003442442825,"PER_OI":0.5995359346,"BPS":0.2149504172,"BASIC_EPS":0.008666612,"DILUTED_EPS":0.008666612,"OPERATE_INCOME":479628747.68,"OPERATE_INCOME_YOY":67.1457258984,"GROSS_PROFIT":53578101.76,"GROSS_PROFIT_YOY":71.42922389378,"HOLDER_PROFIT":6940665.44,"HOLDER_PROFIT_YOY":181.4189919965,"GROSS_PROFIT_RATIO":11.170744459994,"EPS_TTM":0.049896718413,"OPERATE_INCOME_QOQ":29.167368248333,"NET_PROFIT_RATIO":1.4470912083,"ROE_AVG":4.119333727318,"GROSS_PROFIT_QOQ":21.918114086086,"ROA":0.921916896442,"HOLDER_PROFIT_QOQ":59.226069919429,"ROE_YEARLY":8.238667454637,"ROIC_YEARLY":1.966997656874,"TOTAL_ASSETS":768924866.14,"TOTAL_LIABILITIES":596964532.38,"TAX_EBT":24.273211950508,"OCF_SALES":0.574184569487,"TOTAL_PARENT_EQUITY":171960333.76,"DEBT_ASSET_RATIO":77.6362631341,"OPERATE_PROFIT":23403540.32,"PRETAX_PROFIT":9165403.18,"NETCASH_OPERATE":2753954.26,"NETCASH_INVEST":-13498709.18,"NETCASH_FINANCE":11972832.28,"END_CASH":47753954.1,"DIVI_RATIO":null,"DIVIDEND_RATE":null,"CURRENT_RATIO":1.154957746566,"COMMON_ACS":2000000000,"CURRENTDEBT_DEBT":99.384846814038,"ISSUED_COMMON_SHARES":800000000,"HK_COMMON_SHARES":800000000,"PER_SHARES":4000,"TOTAL_MARKET_CAP":192000000,"HKSK_MARKET_CAP":192000000,"PE_TTM":10.152284263959,"PB_TTM":0.934652231482,"REPORT_DATE_SQ":"2022-06-30 00:00:00","REPORT_TYPE_SQ":"2022年中报","OPERATE_INCOME_SQ":266165059.65,"DPS_HKD":null,"OPERATE_INCOME_QOQ_SQ":-1.014873173772,"NET_PROFIT_RATIO_SQ":-2.9707455781,"HOLDER_PROFIT_SQ":-7907086.74,"HOLDER_PROFIT_QOQ_SQ":-13.546820508471,"ROE_AVG_SQ":-6.32006343304,"PE_TTM_SQ":6.066147773144,"PB_TTM_SQ":1.458351205284,"ROA_SQ":-1.413101372371,"START_DATE":"2023-01-01 00:00:00","FISCAL_YEAR":"12-31","CURRENCY":"HKD","IS_CNY_CODE":0,"DPS_HKD_LY":null,"ORG_TYPE":"一般企业","PREMIUM_INCOME":null,"PREMIUM_INCOME_YOY":null,"NET_INTEREST_INCOME":null,"NET_INTEREST_INCOME_YOY":null,"FEE_COMMISSION_INCOME":null,"FEE_COMMISSION_INCOME_YOY":null,"ACCOUNTS_RECE_TDAYS":3.476241070772,"INVENTORY_TDAYS":null,"CURRENT_ASSETS_TDAYS":0.705764242378,"TOTAL_ASSETS_TDAYS":0.637082784537,"PREMIUM_EXPENSE":null,"LOAN_DEPOSIT":null,"LOAN_EQUITY":null,"LOAN_ASSETS":null,"DEPOSIT_EQUITY":null,"DEPOSIT_ASSETS":null,"EQUITY_MULTIPLIER":4.471524620399,"EQUITY_RATIO":3.4715246204},{"SECUCODE":"00368.HK","SECURITY_CODE":"00368","SECURITY_NAME_ABBR":"德合集团","ORG_CODE":"10000072780","STD_REPORT_DATE":"2022-12-31 00:00:00","REPORT_DATE":"2022-12-31 00:00:00","DATE_TYPE_CODE":"001","REPORT_TYPE":"2022年年报","PER_NETCASH_OPERATE":-0.134439368175,"PER_OI":0.914822371925,"BPS":0.1998512971,"BASIC_EPS":0.031353777,"DILUTED_EPS":0.031353777,"OPERATE_INCOME":731857897.54,"OPERATE_INCOME_YOY":2.6555303292,"GROSS_PROFIT":101853325.21,"GROSS_PROFIT_YOY":21.777537044605,"HOLDER_PROFIT":25069622.55,"HOLDER_PROFIT_YOY":122.7911407478,"GROSS_PROFIT_RATIO":13.917090401342,"EPS_TTM":0.031337028188,"OPERATE_INCOME_QOQ":13.306356097424,"NET_PROFIT_RATIO":3.4254768083,"ROE_AVG":17.014092020988,"GROSS_PROFIT_QOQ":18.621902960939,"ROA":3.876541845657,"HOLDER_PROFIT_QOQ":181.552127346801,"ROE_YEARLY":17.014092020988,"ROIC_YEARLY":4.20399053297,"TOTAL_ASSETS":713835282.02,"TOTAL_LIABILITIES":553954244.34,"TAX_EBT":14.576611675899,"OCF_SALES":-14.695679981252,"TOTAL_PARENT_EQUITY":159881037.68,"DEBT_ASSET_RATIO":77.6025307649,"OPERATE_PROFIT":44009626.36,"PRETAX_PROFIT":29347492.58,"NETCASH_OPERATE":-107551494.54,"NETCASH_INVEST":-17574193.98,"NETCASH_FINANCE":114536865.94,"END_CASH":45077084.01,"DIVI_RATIO":null,"DIVIDEND_RATE":null,"CURRENT_RATIO":1.178728420265,"COMMON_ACS":2000000000,"CURRENTDEBT_DEBT":100,"ISSUED_COMMON_SHARES":800000000,"HK_COMMON_SHARES":800000000,"PER_SHARES":4000,"TOTAL_MARKET_CAP":192000000,"HKSK_MARKET_CAP":192000000,"PE_TTM":10.152284263959,"PB_TTM":0.934652231482,"REPORT_DATE_SQ":"2021-12-31 00:00:00","REPORT_TYPE_SQ":"2021年年报","OPERATE_INCOME_SQ":652533100.8,"DPS_HKD":null,"OPERATE_INCOME_QOQ_SQ":13.54523337945,"NET_PROFIT_RATIO_SQ":1.5783578162,"HOLDER_PROFIT_SQ":10299307.2,"HOLDER_PROFIT_QOQ_SQ":-39.181772106093,"ROE_AVG_SQ":8.726373432256,"PE_TTM_SQ":6.066147773144,"PB_TTM_SQ":1.458351205284,"ROA_SQ":2.166640580523,"START_DATE":"2022-01-01 00:00:00","FISCAL_YEAR":"12-31","CURRENCY":"HKD","IS_CNY_CODE":0,"DPS_HKD_LY":null,"ORG_TYPE":"一般企业","PREMIUM_INCOME":null,"PREMIUM_INCOME_YOY":null,"NET_INTEREST_INCOME":null,"NET_INTEREST_INCOME_YOY":null,"FEE_COMMISSION_INCOME":null,"FEE_COMMISSION_INCOME_YOY":null,"ACCOUNTS_RECE_TDAYS":5.861577535325,"INVENTORY_TDAYS":null,"CURRENT_ASSETS_TDAYS":1.235302454617,"TOTAL_ASSETS_TDAYS":1.131679489482,"PREMIUM_EXPENSE":null,"LOAN_DEPOSIT":null,"LOAN_EQUITY":null,"LOAN_ASSETS":null,"DEPOSIT_EQUITY":null,"DEPOSIT_ASSETS":null,"EQUITY_MULTIPLIER":4.464790148848,"EQUITY_RATIO":3.46479014884},{"SECUCODE":"00368.HK","SECURITY_CODE":"00368","SECURITY_NAME_ABBR":"德合集团","ORG_CODE":"10000072780","STD_REPORT_DATE":"2022-06-30 00:00:00","REPORT_DATE":"2022-06-30 00:00:00","DATE_TYPE_CODE":"002","REPORT_TYPE":"2022年中报","PER_NETCASH_OPERATE":-0.054046939013,"PER_OI":0.332706324563,"BPS":0.151446666088,"BASIC_EPS":-0.009920204,"DILUTED_EPS":-0.009920204,"OPERATE_INCOME":266165059.65,"OPERATE_INCOME_YOY":-5.0643915592,"GROSS_PROFIT":31253773.74,"GROSS_PROFIT_YOY":7.664804260827,"HOLDER_PROFIT":-7907086.74,"HOLDER_PROFIT_YOY":-18.1446460516,"GROSS_PROFIT_RATIO":11.742252638681,"EPS_TTM":0.011130098175,"OPERATE_INCOME_QOQ":-1.014873173772,"NET_PROFIT_RATIO":-2.9707455781,"ROE_AVG":-6.32006343304,"GROSS_PROFIT_QOQ":2.66024570918,"ROA":-1.413101372371,"HOLDER_PROFIT_QOQ":-13.546820508471,"ROE_YEARLY":-12.64012686608,"ROIC_YEARLY":-3.100372289459,"TOTAL_ASSETS":564251796.43,"TOTAL_LIABILITIES":443094463.56,"TAX_EBT":-6.927258008558,"OCF_SALES":-16.244638295822,"TOTAL_PARENT_EQUITY":121157332.87,"DEBT_ASSET_RATIO":78.527789608,"OPERATE_PROFIT":-2427884.41,"PRETAX_PROFIT":-7394827.93,"NETCASH_OPERATE":-43237551.21,"NETCASH_INVEST":-16841256.67,"NETCASH_FINANCE":52457354.6,"END_CASH":45671421.95,"DIVI_RATIO":null,"DIVIDEND_RATE":null,"CURRENT_RATIO":1.140134817055,"COMMON_ACS":2000000000,"CURRENTDEBT_DEBT":99.954258054057,"ISSUED_COMMON_SHARES":800000000,"HK_COMMON_SHARES":800000000,"PER_SHARES":4000,"TOTAL_MARKET_CAP":192000000,"HKSK_MARKET_CAP":192000000,"PE_TTM":10.152284263959,"PB_TTM":0.934652231482,"REPORT_DATE_SQ":"2021-06-30 00:00:00","REPORT_TYPE_SQ":"2021年中报","OPERATE_INCOME_SQ":272787443.04,"DPS_HKD":null,"OPERATE_INCOME_QOQ_SQ":0.383649950638,"NET_PROFIT_RATIO_SQ":-2.3871546313,"HOLDER_PROFIT_SQ":-6511858.08,"HOLDER_PROFIT_QOQ_SQ":11.479429591897,"ROE_AVG_SQ":-5.841279319289,"PE_TTM_SQ":6.066147773144,"PB_TTM_SQ":1.458351205284,"ROA_SQ":-1.424106635125,"START_DATE":"2022-01-01 00:00:00","FISCAL_YEAR":"12-31","CURRENCY":"HKD","IS_CNY_CODE":0,"DPS_HKD_LY":null,"ORG_TYPE":"一般企业","PREMIUM_INCOME":null,"PREMIUM_INCOME_YOY":null,"NET_INTEREST_INCOME":null,"NET_INTEREST_INCOME_YOY":null,"FEE_COMMISSION_INCOME":null,"FEE_COMMISSION_INCOME_YOY":null,"ACCOUNTS_RECE_TDAYS":3.071893166991,"INVENTORY_TDAYS":null,"CURRENT_ASSETS_TDAYS":0.524865046266,"TOTAL_ASSETS_TDAYS":0.475672296809,"PREMIUM_EXPENSE":null,"LOAN_DEPOSIT":null,"LOAN_EQUITY":null,"LOAN_ASSETS":null,"DEPOSIT_EQUITY":null,"DEPOSIT_ASSETS":null,"EQUITY_MULTIPLIER":4.657182384784,"EQUITY_RATIO":3.657182384788},{"SECUCODE":"00368.HK","SECURITY_CODE":"00368","SECURITY_NAME_ABBR":"德合集团","ORG_CODE":"10000072780","STD_REPORT_DATE":"2021-12-31 00:00:00","REPORT_DATE":"2021-12-31 00:00:00","DATE_TYPE_CODE":"001","REPORT_TYPE":"2021年年报","PER_NETCASH_OPERATE":0.000264698,"PER_OI":0.815666376,"BPS":0.154239218,"BASIC_EPS":0.01283632,"DILUTED_EPS":0.01283632,"OPERATE_INCOME":652533100.8,"OPERATE_INCOME_YOY":17.332243477,"GROSS_PROFIT":83638844.8,"GROSS_PROFIT_YOY":6.630077640359,"HOLDER_PROFIT":10299307.2,"HOLDER_PROFIT_YOY":-30.2066596487,"GROSS_PROFIT_RATIO":12.817563537767,"EPS_TTM":0.012874134,"OPERATE_INCOME_QOQ":13.54523337945,"NET_PROFIT_RATIO":1.5783578162,"ROE_AVG":8.726373432256,"GROSS_PROFIT_QOQ":6.182923397662,"ROA":2.166640580523,"HOLDER_PROFIT_QOQ":-39.181772106093,"ROE_YEARLY":8.726373432256,"ROIC_YEARLY":2.407754816895,"TOTAL_ASSETS":530470326.4,"TOTAL_LIABILITIES":407078952,"TAX_EBT":23.001222493888,"OCF_SALES":0.032451748385,"TOTAL_PARENT_EQUITY":123391374.4,"DEBT_ASSET_RATIO":76.7392503861,"OPERATE_PROFIT":22073564.8,"PRETAX_PROFIT":13375936,"NETCASH_OPERATE":211758.4,"NETCASH_INVEST":-3200086.4,"NETCASH_FINANCE":10867539.2,"END_CASH":50950379.2,"DIVI_RATIO":null,"DIVIDEND_RATE":null,"CURRENT_RATIO":1.196606906751,"COMMON_ACS":2000000000,"CURRENTDEBT_DEBT":99.952399602326,"ISSUED_COMMON_SHARES":800000000,"HK_COMMON_SHARES":800000000,"PER_SHARES":4000,"TOTAL_MARKET_CAP":192000000,"HKSK_MARKET_CAP":192000000,"PE_TTM":10.152284263959,"PB_TTM":0.934652231482,"REPORT_DATE_SQ":"2020-12-31 00:00:00","REPORT_TYPE_SQ":"2020年年报","OPERATE_INCOME_SQ":572493627.68,"DPS_HKD":null,"OPERATE_INCOME_QOQ_SQ":-23.268905741105,"NET_PROFIT_RATIO_SQ":2.6534374577,"HOLDER_PROFIT_SQ":15190760.36,"HOLDER_PROFIT_QOQ_SQ":-45.348181403572,"ROE_AVG_SQ":12.297933083273,"PE_TTM_SQ":6.066147773144,"PB_TTM_SQ":1.458351205284,"ROA_SQ":2.948147301193,"START_DATE":"2021-01-01 00:00:00","FISCAL_YEAR":"12-31","CURRENCY":"HKD","IS_CNY_CODE":0,"DPS_HKD_LY":null,"ORG_TYPE":"一般企业","PREMIUM_INCOME":null,"PREMIUM_INCOME_YOY":null,"NET_INTEREST_INCOME":null,"NET_INTEREST_INCOME_YOY":null,"FEE_COMMISSION_INCOME":null,"FEE_COMMISSION_INCOME_YOY":null,"ACCOUNTS_RECE_TDAYS":9.812119647402,"INVENTORY_TDAYS":null,"CURRENT_ASSETS_TDAYS":1.512889094456,"TOTAL_ASSETS_TDAYS":1.372718250726,"PREMIUM_EXPENSE":null,"LOAN_DEPOSIT":null,"LOAN_EQUITY":null,"LOAN_ASSETS":null,"DEPOSIT_EQUITY":null,"DEPOSIT_ASSETS":null,"EQUITY_MULTIPLIER":4.299087590034,"EQUITY_RATIO":3.299087590032},{"SECUCODE":"00368.HK","SECURITY_CODE":"00368","SECURITY_NAME_ABBR":"德合集团","ORG_CODE":"10000072780","STD_REPORT_DATE":"2021-06-30 00:00:00","REPORT_DATE":"2021-06-30 00:00:00","DATE_TYPE_CODE":"002","REPORT_TYPE":"2021年中报","PER_NETCASH_OPERATE":-0.0229331649,"PER_OI":0.3409843038,"BPS":0.1353825363,"BASIC_EPS":-0.008154384,"DILUTED_EPS":-0.008154384,"OPERATE_INCOME":272787443.04,"OPERATE_INCOME_YOY":10.668966658,"GROSS_PROFIT":29028774.96,"GROSS_PROFIT_YOY":1.150992296941,"HOLDER_PROFIT":-6511858.08,"HOLDER_PROFIT_YOY":13.4100464705,"GROSS_PROFIT_RATIO":10.641536368572,"EPS_TTM":0.02116821625,"OPERATE_INCOME_QOQ":0.383649950638,"NET_PROFIT_RATIO":-2.3871546313,"ROE_AVG":-5.841279319289,"GROSS_PROFIT_QOQ":0.421116906927,"ROA":-1.424106635125,"HOLDER_PROFIT_QOQ":11.479429591897,"ROE_YEARLY":-11.682558638577,"ROIC_YEARLY":-3.145574250183,"TOTAL_ASSETS":486829206,"TOTAL_LIABILITIES":378523176.96,"TAX_EBT":11.219512195122,"OCF_SALES":-6.725577876878,"TOTAL_PARENT_EQUITY":108306029.04,"DEBT_ASSET_RATIO":77.7527667393,"OPERATE_PROFIT":-2884821.36,"PRETAX_PROFIT":-7334785.2,"NETCASH_OPERATE":-18346531.92,"NETCASH_INVEST":-9547285.92,"NETCASH_FINANCE":24268445.28,"END_CASH":41413453.68,"DIVI_RATIO":null,"DIVIDEND_RATE":null,"CURRENT_RATIO":1.161897665952,"COMMON_ACS":2000000000,"CURRENTDEBT_DEBT":98.54147615363,"ISSUED_COMMON_SHARES":800000000,"HK_COMMON_SHARES":800000000,"PER_SHARES":4000,"TOTAL_MARKET_CAP":192000000,"HKSK_MARKET_CAP":192000000,"PE_TTM":10.152284263959,"PB_TTM":0.934652231482,"REPORT_DATE_SQ":"2020-06-30 00:00:00","REPORT_TYPE_SQ":"2020年中报","OPERATE_INCOME_SQ":270591071.52,"DPS_HKD":null,"OPERATE_INCOME_QOQ_SQ":-5.286704399208,"NET_PROFIT_RATIO_SQ":-3.0509767649,"HOLDER_PROFIT_SQ":-8255670.72,"HOLDER_PROFIT_QOQ_SQ":-7.856240354116,"ROE_AVG_SQ":-10.482729824399,"PE_TTM_SQ":6.066147773144,"PB_TTM_SQ":1.458351205284,"ROA_SQ":-1.455198858125,"START_DATE":"2021-01-01 00:00:00","FISCAL_YEAR":"12-31","CURRENCY":"HKD","IS_CNY_CODE":0,"DPS_HKD_LY":null,"ORG_TYPE":"一般企业","PREMIUM_INCOME":null,"PREMIUM_INCOME_YOY":null,"NET_INTEREST_INCOME":null,"NET_INTEREST_INCOME_YOY":null,"FEE_COMMISSION_INCOME":null,"FEE_COMMISSION_INCOME_YOY":null,"ACCOUNTS_RECE_TDAYS":3.746634362643,"INVENTORY_TDAYS":null,"CURRENT_ASSETS_TDAYS":0.668764387834,"TOTAL_ASSETS_TDAYS":0.596570752678,"PREMIUM_EXPENSE":null,"LOAN_DEPOSIT":null,"LOAN_EQUITY":null,"LOAN_ASSETS":null,"DEPOSIT_EQUITY":null,"DEPOSIT_ASSETS":null,"EQUITY_MULTIPLIER":4.494940958643,"EQUITY_RATIO":3.494940958644},{"SECUCODE":"00368.HK","SECURITY_CODE":"00368","SECURITY_NAME_ABBR":"德合集团","ORG_CODE":"10000072780","STD_REPORT_DATE":"2020-12-31 00:00:00","REPORT_DATE":"2020-12-31 00:00:00","DATE_TYPE_CODE":"001","REPORT_TYPE":"2020年年报","PER_NETCASH_OPERATE":-0.07322583615,"PER_OI":0.7156170346,"BPS":0.1449640736,"BASIC_EPS":0.021966804,"DILUTED_EPS":0.021966804,"OPERATE_INCOME":572493627.68,"OPERATE_INCOME_YOY":-22.6505314413,"GROSS_PROFIT":78438323.08,"GROSS_PROFIT_YOY":-26.862777132303,"HOLDER_PROFIT":15190760.36,"HOLDER_PROFIT_YOY":-46.4023756496,"GROSS_PROFIT_RATIO":13.701169635349,"EPS_TTM":0.01898845045,"OPERATE_INCOME_QOQ":-23.268905741105,"NET_PROFIT_RATIO":2.6534374577,"ROE_AVG":12.297933083273,"GROSS_PROFIT_QOQ":-30.310927726744,"ROA":2.948147301193,"HOLDER_PROFIT_QOQ":-45.348181403572,"ROE_YEARLY":12.297933083273,"ROIC_YEARLY":3.113359293806,"TOTAL_ASSETS":432602960,"TOTAL_LIABILITIES":316631701.12,"TAX_EBT":11.520172557478,"OCF_SALES":-10.232545147689,"TOTAL_PARENT_EQUITY":115971258.88,"DEBT_ASSET_RATIO":73.1922178988,"OPERATE_PROFIT":28545062.24,"PRETAX_PROFIT":17168614.36,"NETCASH_OPERATE":-58580668.92,"NETCASH_INVEST":154647983.44,"NETCASH_FINANCE":-59749706.88,"END_CASH":44337595.2,"DIVI_RATIO":null,"DIVIDEND_RATE":null,"CURRENT_RATIO":1.22547330809,"COMMON_ACS":2000000000,"CURRENTDEBT_DEBT":99.684217241526,"ISSUED_COMMON_SHARES":800000000,"HK_COMMON_SHARES":800000000,"PER_SHARES":4000,"TOTAL_MARKET_CAP":192000000,"HKSK_MARKET_CAP":192000000,"PE_TTM":10.152284263959,"PB_TTM":0.934652231482,"REPORT_DATE_SQ":"2019-12-31 00:00:00","REPORT_TYPE_SQ":"2019年年报","OPERATE_INCOME_SQ":787749827.78,"DPS_HKD":null,"OPERATE_INCOME_QOQ_SQ":2.401791840998,"NET_PROFIT_RATIO_SQ":3.8293110879,"HOLDER_PROFIT_SQ":30165391.5,"HOLDER_PROFIT_QOQ_SQ":-20.875655730853,"ROE_AVG_SQ":24.244147747112,"PE_TTM_SQ":6.066147773144,"PB_TTM_SQ":1.458351205284,"ROA_SQ":5.161137059416,"START_DATE":"2020-01-01 00:00:00","FISCAL_YEAR":"12-31","CURRENCY":"HKD","IS_CNY_CODE":0,"DPS_HKD_LY":null,"ORG_TYPE":"一般企业","PREMIUM_INCOME":null,"PREMIUM_INCOME_YOY":null,"NET_INTEREST_INCOME":null,"NET_INTEREST_INCOME_YOY":null,"FEE_COMMISSION_INCOME":null,"FEE_COMMISSION_INCOME_YOY":null,"ACCOUNTS_RECE_TDAYS":6.745591939547,"INVENTORY_TDAYS":null,"CURRENT_ASSETS_TDAYS":1.217734716822,"TOTAL_ASSETS_TDAYS":1.111067190448,"PREMIUM_EXPENSE":null,"LOAN_DEPOSIT":null,"LOAN_EQUITY":null,"LOAN_ASSETS":null,"DEPOSIT_EQUITY":null,"DEPOSIT_ASSETS":null,"EQUITY_MULTIPLIER":3.730260102178,"EQUITY_RATIO":2.730260102183},{"SECUCODE":"00368.HK","SECURITY_CODE":"00368","SECURITY_NAME_ABBR":"德合集团","ORG_CODE":"10000072780","STD_REPORT_DATE":"2020-06-30 00:00:00","REPORT_DATE":"2020-06-30 00:00:00","DATE_TYPE_CODE":"002","REPORT_TYPE":"2020年中报","PER_NETCASH_OPERATE":3323.83632475248,"PER_OI":26791.1952,"BPS":0.0190669182,"BASIC_EPS":-0.013792944,"DILUTED_EPS":-0.013792944,"OPERATE_INCOME":270591071.52,"OPERATE_INCOME_YOY":-16.5428001533,"GROSS_PROFIT":28698457.92,"GROSS_PROFIT_YOY":22.685352422428,"HOLDER_PROFIT":-8255670.72,"HOLDER_PROFIT_YOY":-35.0769690629,"GROSS_PROFIT_RATIO":10.605840672714,"EPS_TTM":2752.03226138614,"OPERATE_INCOME_QOQ":-5.286704399208,"NET_PROFIT_RATIO":-3.0509767649,"ROE_AVG":-10.482729824399,"GROSS_PROFIT_QOQ":4.947907156694,"ROA":-1.455198858125,"HOLDER_PROFIT_QOQ":-7.856240354116,"ROE_YEARLY":-20.965459648797,"ROIC_YEARLY":-3.020075919589,"TOTAL_ASSETS":485709845.28,"TOTAL_LIABILITIES":470456310.72,"TAX_EBT":14.727804509859,"OCF_SALES":12.406450327951,"TOTAL_PARENT_EQUITY":15253534.56,"DEBT_ASSET_RATIO":96.8595377038,"OPERATE_PROFIT":-2960459.04,"PRETAX_PROFIT":-9681550.56,"NETCASH_OPERATE":33570746.88,"NETCASH_INVEST":6507346.56,"NETCASH_FINANCE":-17484155.04,"END_CASH":31298108.16,"DIVI_RATIO":null,"DIVIDEND_RATE":null,"CURRENT_RATIO":0.945051830889,"COMMON_ACS":2000000000,"CURRENTDEBT_DEBT":99.344902706208,"ISSUED_COMMON_SHARES":800000000,"HK_COMMON_SHARES":800000000,"PER_SHARES":4000,"TOTAL_MARKET_CAP":192000000,"HKSK_MARKET_CAP":192000000,"PE_TTM":10.152284263959,"PB_TTM":0.934652231482,"REPORT_DATE_SQ":"2019-06-30 00:00:00","REPORT_TYPE_SQ":"2019年中报","OPERATE_INCOME_SQ":312237076.32,"DPS_HKD":null,"OPERATE_INCOME_QOQ_SQ":0,"NET_PROFIT_RATIO_SQ":-1.8850436115,"HOLDER_PROFIT_SQ":-5885805.06,"HOLDER_PROFIT_QOQ_SQ":0,"ROE_AVG_SQ":null,"PE_TTM_SQ":6.066147773144,"PB_TTM_SQ":1.458351205284,"ROA_SQ":null,"START_DATE":"2020-01-01 00:00:00","FISCAL_YEAR":"12-31","CURRENCY":"HKD","IS_CNY_CODE":0,"DPS_HKD_LY":null,"ORG_TYPE":"一般企业","PREMIUM_INCOME":null,"PREMIUM_INCOME_YOY":null,"NET_INTEREST_INCOME":null,"NET_INTEREST_INCOME_YOY":null,"FEE_COMMISSION_INCOME":null,"FEE_COMMISSION_INCOME_YOY":null,"ACCOUNTS_RECE_TDAYS":3.237855296452,"INVENTORY_TDAYS":null,"CURRENT_ASSETS_TDAYS":0.519184189956,"TOTAL_ASSETS_TDAYS":0.476961632373,"PREMIUM_EXPENSE":null,"LOAN_DEPOSIT":null,"LOAN_EQUITY":null,"LOAN_ASSETS":null,"DEPOSIT_EQUITY":null,"DEPOSIT_ASSETS":null,"EQUITY_MULTIPLIER":31.842445655533,"EQUITY_RATIO":30.842445655428}],"count":15},"success":true,"message":"ok","code":0}