{"version":"8185a43b80ccf3199059bf922cf1369e","result":{"pages":6,"data":[{"SECUCODE":"00362.HK","SECURITY_CODE":"00362","SECURITY_NAME_ABBR":"中国天化工","ORG_CODE":"10008855","STD_REPORT_DATE":"2023-12-31 00:00:00","REPORT_DATE":"2024-06-30 00:00:00","DATE_TYPE_CODE":"001","REPORT_TYPE":"2023年年报","PER_NETCASH_OPERATE":-0.003542544316,"PER_OI":0.021313340391,"BPS":-0.681351607677,"BASIC_EPS":-0.205991876,"DILUTED_EPS":-0.205991876,"OPERATE_INCOME":28806006.16,"OPERATE_INCOME_YOY":-68.7030848711,"GROSS_PROFIT":10173643.96,"GROSS_PROFIT_YOY":316.363928612292,"HOLDER_PROFIT":-148311412.68,"HOLDER_PROFIT_YOY":-4.2501732146,"GROSS_PROFIT_RATIO":35.317787212471,"EPS_TTM":-0.859253009378,"OPERATE_INCOME_QOQ":-64.488963978045,"NET_PROFIT_RATIO":-539.3162663963,"ROE_AVG":16.545090694538,"GROSS_PROFIT_QOQ":184.855858597588,"ROA":-28.391173806202,"HOLDER_PROFIT_QOQ":-223.952911801143,"ROE_YEARLY":16.545090694538,"ROIC_YEARLY":-29.447976166314,"TOTAL_ASSETS":436352308,"TOTAL_LIABILITIES":1357377853.92,"TAX_EBT":null,"OCF_SALES":-16.621253405995,"TOTAL_PARENT_EQUITY":-920879517.12,"DEBT_ASSET_RATIO":311.073833926,"OPERATE_PROFIT":-70943529.08,"PRETAX_PROFIT":-155355476.92,"NETCASH_OPERATE":-4787919.28,"NETCASH_INVEST":585940.56,"NETCASH_FINANCE":29602775.8,"END_CASH":28023839.4,"DIVI_RATIO":null,"DIVIDEND_RATE":null,"CURRENT_RATIO":0.047642758978,"COMMON_ACS":5000000000,"CURRENTDEBT_DEBT":70.892671276536,"ISSUED_COMMON_SHARES":1351548168,"HK_COMMON_SHARES":1351548168,"PER_SHARES":10000,"TOTAL_MARKET_CAP":93256823.592,"HKSK_MARKET_CAP":93256823.592,"PE_TTM":-0.573884613584,"PB_TTM":-0.092426464237,"REPORT_DATE_SQ":"2022-12-31 00:00:00","REPORT_TYPE_SQ":"2022年年报","OPERATE_INCOME_SQ":92978917.06,"DPS_HKD":null,"OPERATE_INCOME_QOQ_SQ":-11.695968455241,"NET_PROFIT_RATIO_SQ":-193.6021894553,"HOLDER_PROFIT_SQ":-143714554.48,"HOLDER_PROFIT_QOQ_SQ":26.372781607764,"ROE_AVG_SQ":17.04937039417,"PE_TTM_SQ":-0.514774871,"PB_TTM_SQ":-0.078887263464,"ROA_SQ":-16.365999676619,"START_DATE":"2023-07-01 00:00:00","FISCAL_YEAR":"6-30","CURRENCY":"HKD","IS_CNY_CODE":0,"DPS_HKD_LY":null,"ORG_TYPE":"一般企业","PREMIUM_INCOME":null,"PREMIUM_INCOME_YOY":null,"NET_INTEREST_INCOME":null,"NET_INTEREST_INCOME_YOY":null,"FEE_COMMISSION_INCOME":null,"FEE_COMMISSION_INCOME_YOY":null,"ACCOUNTS_RECE_TDAYS":10.054794520548,"INVENTORY_TDAYS":3.190591544893,"CURRENT_ASSETS_TDAYS":0.658048912704,"TOTAL_ASSETS_TDAYS":0.05514318236,"PREMIUM_EXPENSE":null,"LOAN_DEPOSIT":null,"LOAN_EQUITY":null,"LOAN_ASSETS":null,"DEPOSIT_EQUITY":null,"DEPOSIT_ASSETS":null,"EQUITY_MULTIPLIER":-0.473767866627,"EQUITY_RATIO":-1.474001569896},{"SECUCODE":"00362.HK","SECURITY_CODE":"00362","SECURITY_NAME_ABBR":"中国天化工","ORG_CODE":"10008855","STD_REPORT_DATE":"2023-06-30 00:00:00","REPORT_DATE":"2023-12-31 00:00:00","DATE_TYPE_CODE":"002","REPORT_TYPE":"2023年中报","PER_NETCASH_OPERATE":0.009583556018,"PER_OI":0.041366508025,"BPS":-0.682011683523,"BASIC_EPS":-0.14363587,"DILUTED_EPS":-0.14363587,"OPERATE_INCOME":22413539.26,"OPERATE_INCOME_YOY":-73.1795655899,"GROSS_PROFIT":6667060.54,"GROSS_PROFIT_YOY":429.230551829887,"HOLDER_PROFIT":-76678899.08,"HOLDER_PROFIT_YOY":-130.8283661483,"GROSS_PROFIT_RATIO":29.745683904096,"EPS_TTM":-0.272419777373,"OPERATE_INCOME_QOQ":-66.689858663532,"NET_PROFIT_RATIO":-346.0639631262,"ROE_AVG":8.579287996358,"GROSS_PROFIT_QOQ":90.920032968229,"ROA":-12.593758488404,"HOLDER_PROFIT_QOQ":78.552630076601,"ROE_YEARLY":17.158575992716,"ROIC_YEARLY":-25.535831769045,"TOTAL_ASSETS":613616061.52,"TOTAL_LIABILITIES":1529360433.72,"TAX_EBT":null,"OCF_SALES":23.167428132455,"TOTAL_PARENT_EQUITY":-921771641.42,"DEBT_ASSET_RATIO":249.2373537178,"OPERATE_PROFIT":-27167569.38,"PRETAX_PROFIT":-77565182.24,"NETCASH_OPERATE":5192640.6,"NETCASH_INVEST":-1667444.8,"NETCASH_FINANCE":-5372072.16,"END_CASH":1034903.24,"DIVI_RATIO":null,"DIVIDEND_RATE":null,"CURRENT_RATIO":0.06609249786,"COMMON_ACS":5000000000,"CURRENTDEBT_DEBT":62.932012187534,"ISSUED_COMMON_SHARES":1351548168,"HK_COMMON_SHARES":1351548168,"PER_SHARES":10000,"TOTAL_MARKET_CAP":97311468.096,"HKSK_MARKET_CAP":97311468.096,"PE_TTM":-0.598836118522,"PB_TTM":-0.096445006161,"REPORT_DATE_SQ":"2022-06-30 00:00:00","REPORT_TYPE_SQ":"2022年中报","OPERATE_INCOME_SQ":82374679.59,"DPS_HKD":null,"OPERATE_INCOME_QOQ_SQ":27.722936422324,"NET_PROFIT_RATIO_SQ":298.8147521607,"HOLDER_PROFIT_SQ":245174030.36,"HOLDER_PROFIT_QOQ_SQ":-195.200530027222,"ROE_AVG_SQ":-37.22379807024,"PE_TTM_SQ":-0.520251199415,"PB_TTM_SQ":-0.079726489671,"ROA_SQ":23.775721594987,"START_DATE":"2023-07-01 00:00:00","FISCAL_YEAR":"6-30","CURRENCY":"HKD","IS_CNY_CODE":0,"DPS_HKD_LY":null,"ORG_TYPE":"一般企业","PREMIUM_INCOME":null,"PREMIUM_INCOME_YOY":null,"NET_INTEREST_INCOME":null,"NET_INTEREST_INCOME_YOY":null,"FEE_COMMISSION_INCOME":null,"FEE_COMMISSION_INCOME_YOY":null,"ACCOUNTS_RECE_TDAYS":2.083042068472,"INVENTORY_TDAYS":2.658303373365,"CURRENT_ASSETS_TDAYS":0.426843158912,"TOTAL_ASSETS_TDAYS":0.036812043952,"PREMIUM_EXPENSE":null,"LOAN_DEPOSIT":null,"LOAN_EQUITY":null,"LOAN_ASSETS":null,"DEPOSIT_EQUITY":null,"DEPOSIT_ASSETS":null,"EQUITY_MULTIPLIER":-0.670073527229,"EQUITY_RATIO":-1.659153270721},{"SECUCODE":"00362.HK","SECURITY_CODE":"00362","SECURITY_NAME_ABBR":"中国天化工","ORG_CODE":"10008855","STD_REPORT_DATE":"2022-12-31 00:00:00","REPORT_DATE":"2023-06-30 00:00:00","DATE_TYPE_CODE":"001","REPORT_TYPE":"2022年年报","PER_NETCASH_OPERATE":-0.019138731954,"PER_OI":0.17624725608,"BPS":-0.651711916537,"BASIC_EPS":-0.459514832,"DILUTED_EPS":-0.459514832,"OPERATE_INCOME":92978917.06,"OPERATE_INCOME_YOY":-49.2374058712,"GROSS_PROFIT":-4702098,"GROSS_PROFIT_YOY":-116.926724681661,"HOLDER_PROFIT":-143714554.48,"HOLDER_PROFIT_YOY":85.3528358231,"GROSS_PROFIT_RATIO":-5.057165805626,"EPS_TTM":-1.270178014115,"OPERATE_INCOME_QOQ":-11.695968455241,"NET_PROFIT_RATIO":-193.6021894553,"ROE_AVG":17.04937039417,"GROSS_PROFIT_QOQ":-135.436518231549,"ROA":-16.365999676619,"HOLDER_PROFIT_QOQ":26.372781607764,"ROE_YEARLY":17.04937039417,"ROIC_YEARLY":-17.006373735236,"TOTAL_ASSETS":614618605.42,"TOTAL_LIABILITIES":1488396569.04,"TAX_EBT":null,"OCF_SALES":-10.85902406616,"TOTAL_PARENT_EQUITY":-880820046.86,"DEBT_ASSET_RATIO":242.1658823724,"OPERATE_PROFIT":-66942201.86,"PRETAX_PROFIT":-171979695.34,"NETCASH_OPERATE":-10096602.98,"NETCASH_INVEST":-7765837.54,"NETCASH_FINANCE":8837178.3,"END_CASH":2671898.04,"DIVI_RATIO":null,"DIVIDEND_RATE":null,"CURRENT_RATIO":0.054366423076,"COMMON_ACS":5000000000,"CURRENTDEBT_DEBT":52.063247825128,"ISSUED_COMMON_SHARES":1351548168,"HK_COMMON_SHARES":1351548168,"PER_SHARES":10000,"TOTAL_MARKET_CAP":97311468.096,"HKSK_MARKET_CAP":97311468.096,"PE_TTM":-0.598836118522,"PB_TTM":-0.096445006161,"REPORT_DATE_SQ":"2021-12-31 00:00:00","REPORT_TYPE_SQ":"2021年年报","OPERATE_INCOME_SQ":169895466.16,"DPS_HKD":null,"OPERATE_INCOME_QOQ_SQ":29.872796348499,"NET_PROFIT_RATIO_SQ":-290.5139762139,"HOLDER_PROFIT_SQ":-910098329.14,"HOLDER_PROFIT_QOQ_SQ":17.727813275216,"ROE_AVG_SQ":252.299894263185,"PE_TTM_SQ":-0.520251199415,"PB_TTM_SQ":-0.079726489671,"ROA_SQ":-64.310248972686,"START_DATE":"2022-07-01 00:00:00","FISCAL_YEAR":"6-30","CURRENCY":"HKD","IS_CNY_CODE":0,"DPS_HKD_LY":null,"ORG_TYPE":"一般企业","PREMIUM_INCOME":null,"PREMIUM_INCOME_YOY":null,"NET_INTEREST_INCOME":null,"NET_INTEREST_INCOME_YOY":null,"FEE_COMMISSION_INCOME":null,"FEE_COMMISSION_INCOME_YOY":null,"ACCOUNTS_RECE_TDAYS":5.731734348802,"INVENTORY_TDAYS":8.712030260669,"CURRENT_ASSETS_TDAYS":1.030749653766,"TOTAL_ASSETS_TDAYS":0.105883007608,"PREMIUM_EXPENSE":null,"LOAN_DEPOSIT":null,"LOAN_EQUITY":null,"LOAN_ASSETS":null,"DEPOSIT_EQUITY":null,"DEPOSIT_ASSETS":null,"EQUITY_MULTIPLIER":-0.703403646017,"EQUITY_RATIO":-1.689785075108},{"SECUCODE":"00362.HK","SECURITY_CODE":"00362","SECURITY_NAME_ABBR":"中国天化工","ORG_CODE":"10008855","STD_REPORT_DATE":"2022-06-30 00:00:00","REPORT_DATE":"2022-12-31 00:00:00","DATE_TYPE_CODE":"002","REPORT_TYPE":"2022年中报","PER_NETCASH_OPERATE":0.012753545644,"PER_OI":0.156146271728,"BPS":-0.397560710696,"BASIC_EPS":1.590377908,"DILUTED_EPS":1.590377908,"OPERATE_INCOME":82374679.59,"OPERATE_INCOME_YOY":-36.8251227984,"GROSS_PROFIT":-2025043.09,"GROSS_PROFIT_YOY":-107.293542081567,"HOLDER_PROFIT":245174030.36,"HOLDER_PROFIT_YOY":4252.4896923565,"GROSS_PROFIT_RATIO":-2.458331977835,"EPS_TTM":-0.342070088476,"OPERATE_INCOME_QOQ":27.722936422324,"NET_PROFIT_RATIO":298.8147521607,"ROE_AVG":-37.22379807024,"GROSS_PROFIT_QOQ":-141.520868406081,"ROA":23.775721594987,"HOLDER_PROFIT_QOQ":-195.200530027222,"ROE_YEARLY":-74.44759614048,"ROIC_YEARLY":49.952157725265,"TOTAL_ASSETS":956300917.74,"TOTAL_LIABILITIES":1451536058.63,"TAX_EBT":null,"OCF_SALES":8.16769142349,"TOTAL_PARENT_EQUITY":-537322450.21,"DEBT_ASSET_RATIO":151.7865382855,"OPERATE_PROFIT":299690298.46,"PRETAX_PROFIT":253927183.09,"NETCASH_OPERATE":6728109.64,"NETCASH_INVEST":-2922779.44,"NETCASH_FINANCE":-12384295.28,"END_CASH":2370738.58,"DIVI_RATIO":null,"DIVIDEND_RATE":null,"CURRENT_RATIO":0.088014541124,"COMMON_ACS":5000000000,"CURRENTDEBT_DEBT":43.201377995519,"ISSUED_COMMON_SHARES":1351548168,"HK_COMMON_SHARES":1351548168,"PER_SHARES":10000,"TOTAL_MARKET_CAP":97311468.096,"HKSK_MARKET_CAP":97311468.096,"PE_TTM":-0.598836118522,"PB_TTM":-0.096445006161,"REPORT_DATE_SQ":"2021-06-30 00:00:00","REPORT_TYPE_SQ":"2021年中报","OPERATE_INCOME_SQ":119345889.6,"DPS_HKD":null,"OPERATE_INCOME_QOQ_SQ":-17.573433556716,"NET_PROFIT_RATIO_SQ":2.5842565208,"HOLDER_PROFIT_SQ":5155785.6,"HOLDER_PROFIT_QOQ_SQ":-3.660377799081,"ROE_AVG_SQ":11.795073228214,"PE_TTM_SQ":-0.520251199415,"PB_TTM_SQ":-0.079726489671,"ROA_SQ":0.302913125035,"START_DATE":"2022-07-01 00:00:00","FISCAL_YEAR":"6-30","CURRENCY":"HKD","IS_CNY_CODE":0,"DPS_HKD_LY":null,"ORG_TYPE":"一般企业","PREMIUM_INCOME":null,"PREMIUM_INCOME_YOY":null,"NET_INTEREST_INCOME":null,"NET_INTEREST_INCOME_YOY":null,"FEE_COMMISSION_INCOME":null,"FEE_COMMISSION_INCOME_YOY":null,"ACCOUNTS_RECE_TDAYS":5.244668145368,"INVENTORY_TDAYS":6.845178584366,"CURRENT_ASSETS_TDAYS":0.870916560419,"TOTAL_ASSETS_TDAYS":0.07988274474,"PREMIUM_EXPENSE":null,"LOAN_DEPOSIT":null,"LOAN_EQUITY":null,"LOAN_ASSETS":null,"DEPOSIT_EQUITY":null,"DEPOSIT_ASSETS":null,"EQUITY_MULTIPLIER":-1.931003757168,"EQUITY_RATIO":-2.701424550682},{"SECUCODE":"00362.HK","SECURITY_CODE":"00362","SECURITY_NAME_ABBR":"中国天化工","ORG_CODE":"10008855","STD_REPORT_DATE":"2021-12-31 00:00:00","REPORT_DATE":"2022-06-30 00:00:00","DATE_TYPE_CODE":"001","REPORT_TYPE":"2021年年报","PER_NETCASH_OPERATE":-0.008401916586,"PER_OI":0.063857008941,"BPS":-0.552495693161,"BASIC_EPS":-8.188786326,"DILUTED_EPS":-8.188786326,"OPERATE_INCOME":169895466.16,"OPERATE_INCOME_YOY":61.3948065898,"GROSS_PROFIT":27779136.77,"GROSS_PROFIT_YOY":-33.087795270286,"HOLDER_PROFIT":-910098329.14,"HOLDER_PROFIT_YOY":-136.3048541922,"GROSS_PROFIT_RATIO":-6.958347311351,"EPS_TTM":-0.115877193189,"OPERATE_INCOME_QOQ":29.872796348499,"NET_PROFIT_RATIO":-290.5139762139,"ROE_AVG":252.299894263185,"GROSS_PROFIT_QOQ":27.6009018554,"ROA":-64.310248972686,"HOLDER_PROFIT_QOQ":17.727813275216,"ROE_YEARLY":252.299894263185,"ROIC_YEARLY":-67.730155214594,"TOTAL_ASSETS":1058936451.93,"TOTAL_LIABILITIES":1764339923.43,"TAX_EBT":null,"OCF_SALES":-7.071704524549,"TOTAL_PARENT_EQUITY":-746724541.92,"DEBT_ASSET_RATIO":166.6143346198,"OPERATE_PROFIT":-81214828.73,"PRETAX_PROFIT":-223202024.43,"NETCASH_OPERATE":-22353811.41,"NETCASH_INVEST":-29206448.88,"NETCASH_FINANCE":22310196.72,"END_CASH":11009716.06,"DIVI_RATIO":null,"DIVIDEND_RATE":null,"CURRENT_RATIO":0.13433053715,"COMMON_ACS":5000000000,"CURRENTDEBT_DEBT":54.118735086135,"ISSUED_COMMON_SHARES":1351548168,"HK_COMMON_SHARES":1351548168,"PER_SHARES":10000,"TOTAL_MARKET_CAP":97311468.096,"HKSK_MARKET_CAP":97311468.096,"PE_TTM":-0.598836118522,"PB_TTM":-0.096445006161,"REPORT_DATE_SQ":"2020-12-31 00:00:00","REPORT_TYPE_SQ":"2020年年报","OPERATE_INCOME_SQ":190563793.68,"DPS_HKD":null,"OPERATE_INCOME_QOQ_SQ":30.237982765144,"NET_PROFIT_RATIO_SQ":-200.674173984,"HOLDER_PROFIT_SQ":-374729724.24,"HOLDER_PROFIT_QOQ_SQ":-6.051653491875,"ROE_AVG_SQ":-271.194064903079,"PE_TTM_SQ":-0.520251199415,"PB_TTM_SQ":-0.079726489671,"ROA_SQ":-22.140285439891,"START_DATE":"2021-07-01 00:00:00","FISCAL_YEAR":"6-30","CURRENCY":"HKD","IS_CNY_CODE":0,"DPS_HKD_LY":null,"ORG_TYPE":"一般企业","PREMIUM_INCOME":null,"PREMIUM_INCOME_YOY":null,"NET_INTEREST_INCOME":null,"NET_INTEREST_INCOME_YOY":null,"FEE_COMMISSION_INCOME":null,"FEE_COMMISSION_INCOME_YOY":null,"ACCOUNTS_RECE_TDAYS":7.528145663995,"INVENTORY_TDAYS":28.307890591436,"CURRENT_ASSETS_TDAYS":1.554639591517,"TOTAL_ASSETS_TDAYS":0.223367174281,"PREMIUM_EXPENSE":null,"LOAN_DEPOSIT":null,"LOAN_EQUITY":null,"LOAN_ASSETS":null,"DEPOSIT_EQUITY":null,"DEPOSIT_ASSETS":null,"EQUITY_MULTIPLIER":-1.501178396073,"EQUITY_RATIO":-2.362772112583},{"SECUCODE":"00362.HK","SECURITY_CODE":"00362","SECURITY_NAME_ABBR":"中国天化工","ORG_CODE":"10008855","STD_REPORT_DATE":"2021-06-30 00:00:00","REPORT_DATE":"2021-12-31 00:00:00","DATE_TYPE_CODE":"002","REPORT_TYPE":"2021年中报","PER_NETCASH_OPERATE":-0.006312016202,"PER_OI":0.04485741563,"BPS":0.046799050672,"BASIC_EPS":0.06017536,"DILUTED_EPS":0.06017536,"OPERATE_INCOME":119345889.6,"OPERATE_INCOME_YOY":34.1560188299,"GROSS_PROFIT":27764878.4,"GROSS_PROFIT_YOY":-51.474604631611,"HOLDER_PROFIT":5155785.6,"HOLDER_PROFIT_YOY":108.6614930293,"GROSS_PROFIT_RATIO":28.070579978946,"EPS_TTM":-0.233664659256,"OPERATE_INCOME_QOQ":-17.573433556716,"NET_PROFIT_RATIO":2.5842565208,"ROE_AVG":11.795073228214,"GROSS_PROFIT_QOQ":679.690361519091,"ROA":0.302913125035,"HOLDER_PROFIT_QOQ":-3.660377799081,"ROE_YEARLY":23.590146456428,"ROIC_YEARLY":0.632805644072,"TOTAL_ASSETS":1710596619.2,"TOTAL_LIABILITIES":1596796510.4,"TAX_EBT":null,"OCF_SALES":-6.864170300934,"TOTAL_PARENT_EQUITY":63251171.2,"DEBT_ASSET_RATIO":93.3473439897,"OPERATE_PROFIT":27725633.6,"PRETAX_PROFIT":-20232329.6,"NETCASH_OPERATE":-16793504,"NETCASH_INVEST":-1573880,"NETCASH_FINANCE":-13879577.6,"END_CASH":7984681.6,"DIVI_RATIO":null,"DIVIDEND_RATE":null,"CURRENT_RATIO":0.315789794953,"COMMON_ACS":5000000000,"CURRENTDEBT_DEBT":50.329257783679,"ISSUED_COMMON_SHARES":1351548168,"HK_COMMON_SHARES":1351548168,"PER_SHARES":10000,"TOTAL_MARKET_CAP":97311468.096,"HKSK_MARKET_CAP":97311468.096,"PE_TTM":-0.598836118522,"PB_TTM":-0.096445006161,"REPORT_DATE_SQ":"2020-06-30 00:00:00","REPORT_TYPE_SQ":"2020年中报","OPERATE_INCOME_SQ":187727802,"DPS_HKD":null,"OPERATE_INCOME_QOQ_SQ":-28.194584024914,"NET_PROFIT_RATIO_SQ":-35.1566913248,"HOLDER_PROFIT_SQ":-61275600.2,"HOLDER_PROFIT_QOQ_SQ":41.093641703613,"ROE_AVG_SQ":-19.139956714418,"PE_TTM_SQ":-0.520251199415,"PB_TTM_SQ":-0.079726489671,"ROA_SQ":-3.509554353778,"START_DATE":"2021-07-01 00:00:00","FISCAL_YEAR":"6-30","CURRENCY":"HKD","IS_CNY_CODE":0,"DPS_HKD_LY":null,"ORG_TYPE":"一般企业","PREMIUM_INCOME":null,"PREMIUM_INCOME_YOY":null,"NET_INTEREST_INCOME":null,"NET_INTEREST_INCOME_YOY":null,"FEE_COMMISSION_INCOME":null,"FEE_COMMISSION_INCOME_YOY":null,"ACCOUNTS_RECE_TDAYS":5.356733944954,"INVENTORY_TDAYS":11.676141911685,"CURRENT_ASSETS_TDAYS":0.941083786602,"TOTAL_ASSETS_TDAYS":0.143739627291,"PREMIUM_EXPENSE":null,"LOAN_DEPOSIT":null,"LOAN_EQUITY":null,"LOAN_ASSETS":null,"DEPOSIT_EQUITY":null,"DEPOSIT_ASSETS":null,"EQUITY_MULTIPLIER":15.031590367092,"EQUITY_RATIO":25.245327163207},{"SECUCODE":"00362.HK","SECURITY_CODE":"00362","SECURITY_NAME_ABBR":"中国天化工","ORG_CODE":"10008855","STD_REPORT_DATE":"2020-12-31 00:00:00","REPORT_DATE":"2021-06-30 00:00:00","DATE_TYPE_CODE":"001","REPORT_TYPE":"2020年年报","PER_NETCASH_OPERATE":-0.031628961344,"PER_OI":0.118827039961,"BPS":0.018201062827,"BASIC_EPS":-0.260773872,"DILUTED_EPS":-0.260773872,"OPERATE_INCOME":190563793.68,"OPERATE_INCOME_YOY":17.8473476487,"GROSS_PROFIT":41515799.52,"GROSS_PROFIT_YOY":361.936649313004,"HOLDER_PROFIT":-374729724.24,"HOLDER_PROFIT_YOY":-26.9007512272,"GROSS_PROFIT_RATIO":21.785775103593,"EPS_TTM":-0.249617263701,"OPERATE_INCOME_QOQ":30.237982765144,"NET_PROFIT_RATIO":-200.674173984,"ROE_AVG":-271.194064903079,"GROSS_PROFIT_QOQ":-40.753833558619,"ROA":-22.140285439891,"HOLDER_PROFIT_QOQ":-6.051653491875,"ROE_YEARLY":-271.194064903079,"ROIC_YEARLY":-23.093237395463,"TOTAL_ASSETS":1723531404.24,"TOTAL_LIABILITIES":1649718419.52,"TAX_EBT":-0.242609276397,"OCF_SALES":-26.617646416704,"TOTAL_PARENT_EQUITY":24599613.12,"DEBT_ASSET_RATIO":95.7173403085,"OPERATE_PROFIT":-200377345.2,"PRETAX_PROFIT":-305244387.6,"NETCASH_OPERATE":-50723596.8,"NETCASH_INVEST":-22996194.96,"NETCASH_FINANCE":105669167.52,"END_CASH":38920542,"DIVI_RATIO":null,"DIVIDEND_RATE":null,"CURRENT_RATIO":0.253541234243,"COMMON_ACS":5000000000,"CURRENTDEBT_DEBT":64.759230603174,"ISSUED_COMMON_SHARES":1351548168,"HK_COMMON_SHARES":1351548168,"PER_SHARES":10000,"TOTAL_MARKET_CAP":97311468.096,"HKSK_MARKET_CAP":97311468.096,"PE_TTM":-0.598836118522,"PB_TTM":-0.096445006161,"REPORT_DATE_SQ":"2019-12-31 00:00:00","REPORT_TYPE_SQ":"2019年年报","OPERATE_INCOME_SQ":177515189.28,"DPS_HKD":null,"OPERATE_INCOME_QOQ_SQ":-13.004574498238,"NET_PROFIT_RATIO_SQ":-197.9165058635,"HOLDER_PROFIT_SQ":-324167067.84,"HOLDER_PROFIT_QOQ_SQ":1.429975643298,"ROE_AVG_SQ":-68.95888385845,"PE_TTM_SQ":-0.520251199415,"PB_TTM_SQ":-0.079726489671,"ROA_SQ":-17.504701353249,"START_DATE":"2020-07-01 00:00:00","FISCAL_YEAR":"6-30","CURRENCY":"HKD","IS_CNY_CODE":0,"DPS_HKD_LY":null,"ORG_TYPE":"一般企业","PREMIUM_INCOME":null,"PREMIUM_INCOME_YOY":null,"NET_INTEREST_INCOME":null,"NET_INTEREST_INCOME_YOY":null,"FEE_COMMISSION_INCOME":null,"FEE_COMMISSION_INCOME_YOY":null,"ACCOUNTS_RECE_TDAYS":9.102583465819,"INVENTORY_TDAYS":26.991185112635,"CURRENT_ASSETS_TDAYS":0.91704873527,"TOTAL_ASSETS_TDAYS":0.112591462957,"PREMIUM_EXPENSE":null,"LOAN_DEPOSIT":null,"LOAN_EQUITY":null,"LOAN_ASSETS":null,"DEPOSIT_EQUITY":null,"DEPOSIT_ASSETS":null,"EQUITY_MULTIPLIER":23.349975763537,"EQUITY_RATIO":67.062779055608},{"SECUCODE":"00362.HK","SECURITY_CODE":"00362","SECURITY_NAME_ABBR":"中国天化工","ORG_CODE":"10008855","STD_REPORT_DATE":"2020-06-30 00:00:00","REPORT_DATE":"2020-12-31 00:00:00","DATE_TYPE_CODE":"002","REPORT_TYPE":"2020年中报","PER_NETCASH_OPERATE":-0.036046441911,"PER_OI":0.129627712508,"BPS":0.294970139695,"BASIC_EPS":-0.044522756,"DILUTED_EPS":-0.044522756,"OPERATE_INCOME":187727802,"OPERATE_INCOME_YOY":49.0507661363,"GROSS_PROFIT":57217212.12,"GROSS_PROFIT_YOY":-6.01624551326,"HOLDER_PROFIT":-61275600.2,"HOLDER_PROFIT_YOY":-58.839377352,"GROSS_PROFIT_RATIO":30.478816408877,"EPS_TTM":-0.254393886449,"OPERATE_INCOME_QOQ":-28.194584024914,"NET_PROFIT_RATIO":-35.1566913248,"ROE_AVG":-19.139956714418,"GROSS_PROFIT_QOQ":-86.465659833935,"ROA":-3.509554353778,"HOLDER_PROFIT_QOQ":41.093641703613,"ROE_YEARLY":-38.279913428836,"ROIC_YEARLY":-7.267890586381,"TOTAL_ASSETS":1882356475.76,"TOTAL_LIABILITIES":1443245113.64,"TAX_EBT":null,"OCF_SALES":-27.807666442502,"TOTAL_PARENT_EQUITY":398666351.92,"DEBT_ASSET_RATIO":76.672252691,"OPERATE_PROFIT":-14225399.28,"PRETAX_PROFIT":-64526855.52,"NETCASH_OPERATE":-52202721,"NETCASH_INVEST":-13737248.08,"NETCASH_FINANCE":87761169.36,"END_CASH":29372394.36,"DIVI_RATIO":null,"DIVIDEND_RATE":null,"CURRENT_RATIO":0.582710520369,"COMMON_ACS":5000000000,"CURRENTDEBT_DEBT":28.386384192685,"ISSUED_COMMON_SHARES":1351548168,"HK_COMMON_SHARES":1351548168,"PER_SHARES":10000,"TOTAL_MARKET_CAP":97311468.096,"HKSK_MARKET_CAP":97311468.096,"PE_TTM":-0.598836118522,"PB_TTM":-0.096445006161,"REPORT_DATE_SQ":"2019-06-30 00:00:00","REPORT_TYPE_SQ":"2019年中报","OPERATE_INCOME_SQ":134050789.66,"DPS_HKD":null,"OPERATE_INCOME_QOQ_SQ":-18.80582629776,"NET_PROFIT_RATIO_SQ":-34.3795732624,"HOLDER_PROFIT_SQ":-41893839.04,"HOLDER_PROFIT_QOQ_SQ":-210.724889109034,"ROE_AVG_SQ":-6.589334599502,"PE_TTM_SQ":-0.520251199415,"PB_TTM_SQ":-0.079726489671,"ROA_SQ":-2.088474361619,"START_DATE":"2020-07-01 00:00:00","FISCAL_YEAR":"6-30","CURRENCY":"HKD","IS_CNY_CODE":0,"DPS_HKD_LY":null,"ORG_TYPE":"一般企业","PREMIUM_INCOME":null,"PREMIUM_INCOME_YOY":null,"NET_INTEREST_INCOME":null,"NET_INTEREST_INCOME_YOY":null,"FEE_COMMISSION_INCOME":null,"FEE_COMMISSION_INCOME_YOY":null,"ACCOUNTS_RECE_TDAYS":3.858295638336,"INVENTORY_TDAYS":9.53524980784,"CURRENT_ASSETS_TDAYS":0.974896577044,"TOTAL_ASSETS_TDAYS":0.105377338746,"PREMIUM_EXPENSE":null,"LOAN_DEPOSIT":null,"LOAN_EQUITY":null,"LOAN_ASSETS":null,"DEPOSIT_EQUITY":null,"DEPOSIT_ASSETS":null,"EQUITY_MULTIPLIER":4.286740535869,"EQUITY_RATIO":3.620182909065},{"SECUCODE":"00362.HK","SECURITY_CODE":"00362","SECURITY_NAME_ABBR":"中国天化工","ORG_CODE":"10008855","STD_REPORT_DATE":"2019-12-31 00:00:00","REPORT_DATE":"2020-06-30 00:00:00","DATE_TYPE_CODE":"001","REPORT_TYPE":"2019年年报","PER_NETCASH_OPERATE":0.002147382145,"PER_OI":0.132481207572,"BPS":0.253762363222,"BASIC_EPS":-0.242701008,"DILUTED_EPS":-0.242701008,"OPERATE_INCOME":177515189.28,"OPERATE_INCOME_YOY":-39.8426859166,"GROSS_PROFIT":8987336.16,"GROSS_PROFIT_YOY":-84.692053862091,"HOLDER_PROFIT":-324167067.84,"HOLDER_PROFIT_YOY":44.0832582874,"GROSS_PROFIT_RATIO":5.062854731729,"EPS_TTM":-0.433316753781,"OPERATE_INCOME_QOQ":-13.004574498238,"NET_PROFIT_RATIO":-197.9165058635,"ROE_AVG":-68.95888385845,"GROSS_PROFIT_QOQ":13.104487918012,"ROA":-17.504701353249,"HOLDER_PROFIT_QOQ":1.429975643298,"ROE_YEARLY":-68.95888385845,"ROIC_YEARLY":-18.068001875693,"TOTAL_ASSETS":1763837111.52,"TOTAL_LIABILITIES":1431759653.28,"TAX_EBT":null,"OCF_SALES":1.620895660631,"TOTAL_PARENT_EQUITY":276372233.28,"DEBT_ASSET_RATIO":78.5016105576,"OPERATE_PROFIT":-232800231.84,"PRETAX_PROFIT":-334140919.2,"NETCASH_OPERATE":2877336,"NETCASH_INVEST":-23834389.92,"NETCASH_FINANCE":21901550.88,"END_CASH":7438141.92,"DIVI_RATIO":null,"DIVIDEND_RATE":null,"CURRENT_RATIO":0.441395078552,"COMMON_ACS":5000000000,"CURRENTDEBT_DEBT":25.141106149721,"ISSUED_COMMON_SHARES":1351548168,"HK_COMMON_SHARES":1351548168,"PER_SHARES":10000,"TOTAL_MARKET_CAP":97311468.096,"HKSK_MARKET_CAP":97311468.096,"PE_TTM":-0.598836118522,"PB_TTM":-0.096445006161,"REPORT_DATE_SQ":"2018-12-31 00:00:00","REPORT_TYPE_SQ":"2018年年报","OPERATE_INCOME_SQ":284172403.68,"DPS_HKD":null,"OPERATE_INCOME_QOQ_SQ":12.918379817421,"NET_PROFIT_RATIO_SQ":-215.9375696491,"HOLDER_PROFIT_SQ":-587057814.54,"HOLDER_PROFIT_QOQ_SQ":-12.425841920713,"ROE_AVG_SQ":-55.965640833838,"PE_TTM_SQ":-0.520251199415,"PB_TTM_SQ":-0.079726489671,"ROA_SQ":-24.519259295863,"START_DATE":"2019-07-01 00:00:00","FISCAL_YEAR":"6-30","CURRENCY":"HKD","IS_CNY_CODE":0,"DPS_HKD_LY":null,"ORG_TYPE":"一般企业","PREMIUM_INCOME":null,"PREMIUM_INCOME_YOY":null,"NET_INTEREST_INCOME":null,"NET_INTEREST_INCOME_YOY":null,"FEE_COMMISSION_INCOME":null,"FEE_COMMISSION_INCOME_YOY":null,"ACCOUNTS_RECE_TDAYS":5.539665345914,"INVENTORY_TDAYS":7.683734877038,"CURRENT_ASSETS_TDAYS":0.911836604466,"TOTAL_ASSETS_TDAYS":0.091159579573,"PREMIUM_EXPENSE":null,"LOAN_DEPOSIT":null,"LOAN_EQUITY":null,"LOAN_ASSETS":null,"DEPOSIT_EQUITY":null,"DEPOSIT_ASSETS":null,"EQUITY_MULTIPLIER":4.651511233803,"EQUITY_RATIO":5.180548119063}],"count":47},"success":true,"message":"ok","code":0}