{"version":"74f175d619a3f51652677f314de85ccd","result":{"pages":6,"data":[{"SECUCODE":"00366.HK","SECURITY_CODE":"00366","SECURITY_NAME_ABBR":"陆氏集团(越南)","ORG_CODE":"10008858","STD_REPORT_DATE":"2024-06-30 00:00:00","REPORT_DATE":"2024-06-30 00:00:00","DATE_TYPE_CODE":"002","REPORT_TYPE":"2024年中报","PER_NETCASH_OPERATE":0.106648775006,"PER_OI":0.356669098614,"BPS":4.269046417831,"BASIC_EPS":0.06297492,"DILUTED_EPS":0.06297492,"OPERATE_INCOME":179246701.28,"OPERATE_INCOME_YOY":-11.6384119785,"GROSS_PROFIT":67346657.2,"GROSS_PROFIT_YOY":13.212258413881,"HOLDER_PROFIT":31495674.12,"HOLDER_PROFIT_YOY":16.0785764741,"GROSS_PROFIT_RATIO":37.572048310556,"EPS_TTM":-0.1690191514,"OPERATE_INCOME_QOQ":-6.630665550051,"NET_PROFIT_RATIO":17.599645614,"ROE_AVG":1.459088011856,"GROSS_PROFIT_QOQ":6.321241740617,"ROA":1.27713268557,"HOLDER_PROFIT_QOQ":4.589716247547,"ROE_YEARLY":2.918176023711,"ROIC_YEARLY":3.076704300401,"TOTAL_ASSETS":2445255906.72,"TOTAL_LIABILITIES":321083562.04,"TAX_EBT":25.347184726032,"OCF_SALES":29.901321819182,"TOTAL_PARENT_EQUITY":2144996964.24,"DEBT_ASSET_RATIO":13.1308776786,"OPERATE_PROFIT":43263770.04,"PRETAX_PROFIT":42257996.68,"NETCASH_OPERATE":53597133,"NETCASH_INVEST":-42814731.48,"NETCASH_FINANCE":-9430722.44,"END_CASH":244106305.48,"DIVI_RATIO":-0.215230047594,"DIVIDEND_RATE":5.405405405405,"CURRENT_RATIO":4.976088351515,"COMMON_ACS":760000000,"CURRENTDEBT_DEBT":33.665432074201,"ISSUED_COMMON_SHARES":502453418,"HK_COMMON_SHARES":502453418,"PER_SHARES":2000,"TOTAL_MARKET_CAP":371815529.32,"HKSK_MARKET_CAP":371815529.32,"PE_TTM":-3.978296073442,"PB_TTM":0.158204698168,"REPORT_DATE_SQ":"2023-06-30 00:00:00","REPORT_TYPE_SQ":"2023年中报","OPERATE_INCOME_SQ":204922962.72,"DPS_HKD":0.04,"OPERATE_INCOME_QOQ_SQ":-5.18320512885,"NET_PROFIT_RATIO_SQ":13.3152467336,"HOLDER_PROFIT_SQ":27409543.42,"HOLDER_PROFIT_QOQ_SQ":11.101053316286,"ROE_AVG_SQ":1.168574623153,"PE_TTM_SQ":8.146028736209,"PB_TTM_SQ":0.182850104786,"ROA_SQ":1.004965331248,"START_DATE":"2024-01-01 00:00:00","FISCAL_YEAR":"12-31","CURRENCY":"HKD","IS_CNY_CODE":0,"DPS_HKD_LY":0.04,"ORG_TYPE":"一般企业","PREMIUM_INCOME":null,"PREMIUM_INCOME_YOY":null,"NET_INTEREST_INCOME":null,"NET_INTEREST_INCOME_YOY":null,"FEE_COMMISSION_INCOME":null,"FEE_COMMISSION_INCOME_YOY":null,"ACCOUNTS_RECE_TDAYS":6.214276673839,"INVENTORY_TDAYS":2.235928110952,"CURRENT_ASSETS_TDAYS":0.337946349064,"TOTAL_ASSETS_TDAYS":0.072683575564,"PREMIUM_EXPENSE":null,"LOAN_DEPOSIT":null,"LOAN_EQUITY":null,"LOAN_ASSETS":null,"DEPOSIT_EQUITY":null,"DEPOSIT_ASSETS":null,"EQUITY_MULTIPLIER":1.151157020213,"EQUITY_RATIO":0.149689518164},{"SECUCODE":"00366.HK","SECURITY_CODE":"00366","SECURITY_NAME_ABBR":"陆氏集团(越南)","ORG_CODE":"10008858","STD_REPORT_DATE":"2023-12-31 00:00:00","REPORT_DATE":"2023-12-31 00:00:00","DATE_TYPE_CODE":"001","REPORT_TYPE":"2023年年报","PER_NETCASH_OPERATE":0.214829844856,"PER_OI":0.770528982143,"BPS":4.292538977892,"BASIC_EPS":-0.1767129,"DILUTED_EPS":-0.1767129,"OPERATE_INCOME":387235055.76,"OPERATE_INCOME_YOY":-13.3029672838,"GROSS_PROFIT":124336102.66,"GROSS_PROFIT_YOY":6.318417785553,"HOLDER_PROFIT":-89027959.02,"HOLDER_PROFIT_YOY":-283.6486334916,"GROSS_PROFIT_RATIO":32.108689750718,"EPS_TTM":-0.177149825734,"OPERATE_INCOME_QOQ":-7.23805268849,"NET_PROFIT_RATIO":-23.086392017,"ROE_AVG":-4.000039087932,"GROSS_PROFIT_QOQ":4.069547009396,"ROA":-3.469380223639,"HOLDER_PROFIT_QOQ":-267.695117744382,"ROE_YEARLY":-4.000039087932,"ROIC_YEARLY":-4.094438701054,"TOTAL_ASSETS":2469388783.26,"TOTAL_LIABILITIES":333329465.28,"TAX_EBT":-42.648504829661,"OCF_SALES":27.880826008406,"TOTAL_PARENT_EQUITY":2156800881.34,"DEBT_ASSET_RATIO":13.4984603291,"OPERATE_PROFIT":-58964110.52,"PRETAX_PROFIT":-62670550.32,"NETCASH_OPERATE":107964332.14,"NETCASH_INVEST":-23334258.78,"NETCASH_FINANCE":-79901417.4,"END_CASH":247327374.84,"DIVI_RATIO":-0.20535159913,"DIVIDEND_RATE":5.555555555556,"CURRENT_RATIO":4.531522125994,"COMMON_ACS":760000000,"CURRENTDEBT_DEBT":34.373776588803,"ISSUED_COMMON_SHARES":502453418,"HK_COMMON_SHARES":502453418,"PER_SHARES":2000,"TOTAL_MARKET_CAP":361766460.96,"HKSK_MARKET_CAP":361766460.96,"PE_TTM":-3.870774557944,"PB_TTM":0.153928895515,"REPORT_DATE_SQ":"2022-12-31 00:00:00","REPORT_TYPE_SQ":"2022年年报","OPERATE_INCOME_SQ":440270451.25,"DPS_HKD":0.04,"OPERATE_INCOME_QOQ_SQ":5.752783415481,"NET_PROFIT_RATIO_SQ":9.8398173979,"HOLDER_PROFIT_SQ":47784585.38,"HOLDER_PROFIT_QOQ_SQ":-14.635186239739,"ROE_AVG_SQ":2.103125240805,"PE_TTM_SQ":8.23362044305,"PB_TTM_SQ":0.184816234945,"ROA_SQ":1.789871603296,"START_DATE":"2023-01-01 00:00:00","FISCAL_YEAR":"12-31","CURRENCY":"HKD","IS_CNY_CODE":0,"DPS_HKD_LY":0.04,"ORG_TYPE":"一般企业","PREMIUM_INCOME":null,"PREMIUM_INCOME_YOY":null,"NET_INTEREST_INCOME":null,"NET_INTEREST_INCOME_YOY":null,"FEE_COMMISSION_INCOME":null,"FEE_COMMISSION_INCOME_YOY":null,"ACCOUNTS_RECE_TDAYS":12.866072503914,"INVENTORY_TDAYS":4.28721321166,"CURRENT_ASSETS_TDAYS":0.749528374284,"TOTAL_ASSETS_TDAYS":0.150903790129,"PREMIUM_EXPENSE":null,"LOAN_DEPOSIT":null,"LOAN_EQUITY":null,"LOAN_ASSETS":null,"DEPOSIT_EQUITY":null,"DEPOSIT_ASSETS":null,"EQUITY_MULTIPLIER":1.156048786882,"EQUITY_RATIO":0.154548093968},{"SECUCODE":"00366.HK","SECURITY_CODE":"00366","SECURITY_NAME_ABBR":"陆氏集团(越南)","ORG_CODE":"10008858","STD_REPORT_DATE":"2023-06-30 00:00:00","REPORT_DATE":"2023-06-30 00:00:00","DATE_TYPE_CODE":"002","REPORT_TYPE":"2023年中报","PER_NETCASH_OPERATE":0.122267181578,"PER_OI":0.407760298386,"BPS":4.690283759837,"BASIC_EPS":0.05439682,"DILUTED_EPS":0.05439682,"OPERATE_INCOME":204922962.72,"OPERATE_INCOME_YOY":-16.5384312091,"GROSS_PROFIT":59487071.58,"GROSS_PROFIT_YOY":4.436700733688,"HOLDER_PROFIT":27409543.42,"HOLDER_PROFIT_YOY":15.0147013309,"GROSS_PROFIT_RATIO":29.028992549401,"EPS_TTM":0.10563803414,"OPERATE_INCOME_QOQ":-5.18320512885,"NET_PROFIT_RATIO":13.3152467336,"ROE_AVG":1.168574623153,"GROSS_PROFIT_QOQ":2.160930686048,"ROA":1.004965331248,"HOLDER_PROFIT_QOQ":11.101053316286,"ROE_YEARLY":2.337149246307,"ROIC_YEARLY":2.368482272035,"TOTAL_ASSETS":2745692397.22,"TOTAL_LIABILITIES":409875428.8,"TAX_EBT":28.846200081745,"OCF_SALES":29.985062808192,"TOTAL_PARENT_EQUITY":2356649106.52,"DEBT_ASSET_RATIO":14.9279441941,"OPERATE_PROFIT":40610453.06,"PRETAX_PROFIT":38347914.14,"NETCASH_OPERATE":61446279.08,"NETCASH_INVEST":-79115103.8,"NETCASH_FINANCE":-11628011.76,"END_CASH":222648028.22,"DIVI_RATIO":0.34436460595,"DIVIDEND_RATE":5.555555555556,"CURRENT_RATIO":3.047210911752,"COMMON_ACS":760000000,"CURRENTDEBT_DEBT":45.797417671405,"ISSUED_COMMON_SHARES":502453418,"HK_COMMON_SHARES":502453418,"PER_SHARES":2000,"TOTAL_MARKET_CAP":361766460.96,"HKSK_MARKET_CAP":361766460.96,"PE_TTM":-3.870774557944,"PB_TTM":0.153928895515,"REPORT_DATE_SQ":"2022-06-30 00:00:00","REPORT_TYPE_SQ":"2022年中报","OPERATE_INCOME_SQ":227743083.33,"DPS_HKD":0.04,"OPERATE_INCOME_QOQ_SQ":-0.785576147791,"NET_PROFIT_RATIO_SQ":8.830785522,"HOLDER_PROFIT_SQ":22104951.12,"HOLDER_PROFIT_QOQ_SQ":-19.138161454277,"ROE_AVG_SQ":1.01321892416,"PE_TTM_SQ":8.23362044305,"PB_TTM_SQ":0.184816234945,"ROA_SQ":0.856102962875,"START_DATE":"2023-01-01 00:00:00","FISCAL_YEAR":"12-31","CURRENCY":"HKD","IS_CNY_CODE":0,"DPS_HKD_LY":0.04,"ORG_TYPE":"一般企业","PREMIUM_INCOME":null,"PREMIUM_INCOME_YOY":null,"NET_INTEREST_INCOME":null,"NET_INTEREST_INCOME_YOY":null,"FEE_COMMISSION_INCOME":null,"FEE_COMMISSION_INCOME_YOY":null,"ACCOUNTS_RECE_TDAYS":5.855138894377,"INVENTORY_TDAYS":2.214185452402,"CURRENT_ASSETS_TDAYS":0.374287362177,"TOTAL_ASSETS_TDAYS":0.075134587233,"PREMIUM_EXPENSE":null,"LOAN_DEPOSIT":null,"LOAN_EQUITY":null,"LOAN_ASSETS":null,"DEPOSIT_EQUITY":null,"DEPOSIT_ASSETS":null,"EQUITY_MULTIPLIER":1.175474120764,"EQUITY_RATIO":0.173922977191},{"SECUCODE":"00366.HK","SECURITY_CODE":"00366","SECURITY_NAME_ABBR":"陆氏集团(越南)","ORG_CODE":"10008858","STD_REPORT_DATE":"2022-12-31 00:00:00","REPORT_DATE":"2022-12-31 00:00:00","DATE_TYPE_CODE":"001","REPORT_TYPE":"2022年年报","PER_NETCASH_OPERATE":0.190787782303,"PER_OI":0.876059999278,"BPS":4.501440382977,"BASIC_EPS":0.09468662,"DILUTED_EPS":0.09468662,"OPERATE_INCOME":440270451.25,"OPERATE_INCOME_YOY":-3.9660581026,"GROSS_PROFIT":116946908.4,"GROSS_PROFIT_YOY":-7.102657386382,"HOLDER_PROFIT":47784585.38,"HOLDER_PROFIT_YOY":-36.8198514214,"GROSS_PROFIT_RATIO":26.562515850875,"EPS_TTM":0.095082837639,"OPERATE_INCOME_QOQ":5.752783415481,"NET_PROFIT_RATIO":9.8398173979,"ROE_AVG":2.103125240805,"GROSS_PROFIT_QOQ":3.604101340954,"ROA":1.789871603296,"HOLDER_PROFIT_QOQ":-14.635186239739,"ROE_YEARLY":2.103125240805,"ROIC_YEARLY":2.0822122347,"TOTAL_ASSETS":2624770275.68,"TOTAL_LIABILITIES":382949315.35,"TAX_EBT":36.369361568134,"OCF_SALES":21.777935582044,"TOTAL_PARENT_EQUITY":2261764106.35,"DEBT_ASSET_RATIO":14.5898221608,"OPERATE_PROFIT":71344581.63,"PRETAX_PROFIT":68083252.86,"NETCASH_OPERATE":95881815.26,"NETCASH_INVEST":-15922537.75,"NETCASH_FINANCE":-73102536.99,"END_CASH":245839516.51,"DIVI_RATIO":0.382592704459,"DIVIDEND_RATE":5.555555555556,"CURRENT_RATIO":2.987492034401,"COMMON_ACS":760000000,"CURRENTDEBT_DEBT":44.291295879451,"ISSUED_COMMON_SHARES":502453418,"HK_COMMON_SHARES":502453418,"PER_SHARES":2000,"TOTAL_MARKET_CAP":361766460.96,"HKSK_MARKET_CAP":361766460.96,"PE_TTM":-3.870774557944,"PB_TTM":0.153928895515,"REPORT_DATE_SQ":"2021-12-31 00:00:00","REPORT_TYPE_SQ":"2021年年报","OPERATE_INCOME_SQ":419616848,"DPS_HKD":0.04,"OPERATE_INCOME_QOQ_SQ":0.203784871003,"NET_PROFIT_RATIO_SQ":16.4822789003,"HOLDER_PROFIT_SQ":69225374.4,"HOLDER_PROFIT_QOQ_SQ":15.807871243433,"ROE_AVG_SQ":3.35998828534,"PE_TTM_SQ":8.23362044305,"PB_TTM_SQ":0.184816234945,"ROA_SQ":2.881585254767,"START_DATE":"2022-01-01 00:00:00","FISCAL_YEAR":"12-31","CURRENCY":"HKD","IS_CNY_CODE":0,"DPS_HKD_LY":0.05,"ORG_TYPE":"一般企业","PREMIUM_INCOME":null,"PREMIUM_INCOME_YOY":null,"NET_INTEREST_INCOME":null,"NET_INTEREST_INCOME_YOY":null,"FEE_COMMISSION_INCOME":null,"FEE_COMMISSION_INCOME_YOY":null,"ACCOUNTS_RECE_TDAYS":13.459175314036,"INVENTORY_TDAYS":5.171930927563,"CURRENT_ASSETS_TDAYS":0.853468375999,"TOTAL_ASSETS_TDAYS":0.164912507286,"PREMIUM_EXPENSE":null,"LOAN_DEPOSIT":null,"LOAN_EQUITY":null,"LOAN_ASSETS":null,"DEPOSIT_EQUITY":null,"DEPOSIT_ASSETS":null,"EQUITY_MULTIPLIER":1.170820650769,"EQUITY_RATIO":0.169314436583},{"SECUCODE":"00366.HK","SECURITY_CODE":"00366","SECURITY_NAME_ABBR":"陆氏集团(越南)","ORG_CODE":"10008858","STD_REPORT_DATE":"2022-06-30 00:00:00","REPORT_DATE":"2022-06-30 00:00:00","DATE_TYPE_CODE":"002","REPORT_TYPE":"2022年中报","PER_NETCASH_OPERATE":0.11550297411,"PER_OI":0.453168285201,"BPS":4.335175329945,"BASIC_EPS":0.04361469,"DILUTED_EPS":0.04361469,"OPERATE_INCOME":227743083.33,"OPERATE_INCOME_YOY":-4.0905407595,"GROSS_PROFIT":56959929.95,"GROSS_PROFIT_YOY":-18.593326117743,"HOLDER_PROFIT":22104951.12,"HOLDER_PROFIT_YOY":-39.1639992468,"GROSS_PROFIT_RATIO":25.010608057618,"EPS_TTM":0.111384109507,"OPERATE_INCOME_QOQ":-0.785576147791,"NET_PROFIT_RATIO":8.830785522,"ROE_AVG":1.01321892416,"GROSS_PROFIT_QOQ":-10.334300079589,"ROA":0.856102962875,"HOLDER_PROFIT_QOQ":-19.138161454277,"ROE_YEARLY":2.026437848321,"ROIC_YEARLY":1.991037711323,"TOTAL_ASSETS":2565140694.62,"TOTAL_LIABILITIES":406015135.54,"TAX_EBT":35.266591428336,"OCF_SALES":25.487876773799,"TOTAL_PARENT_EQUITY":2178223662.16,"DEBT_ASSET_RATIO":15.8281819158,"OPERATE_PROFIT":32473274.68,"PRETAX_PROFIT":31068197.51,"NETCASH_OPERATE":58046876.44,"NETCASH_INVEST":-37271745.77,"NETCASH_FINANCE":-46247820.01,"END_CASH":209053761.07,"DIVI_RATIO":0.326599549622,"DIVIDEND_RATE":5.555555555556,"CURRENT_RATIO":2.553171427954,"COMMON_ACS":760000000,"CURRENTDEBT_DEBT":48.698727373064,"ISSUED_COMMON_SHARES":502453418,"HK_COMMON_SHARES":502453418,"PER_SHARES":2000,"TOTAL_MARKET_CAP":361766460.96,"HKSK_MARKET_CAP":361766460.96,"PE_TTM":-3.870774557944,"PB_TTM":0.153928895515,"REPORT_DATE_SQ":"2021-06-30 00:00:00","REPORT_TYPE_SQ":"2021年中报","OPERATE_INCOME_SQ":231039493.2,"DPS_HKD":0.04,"OPERATE_INCOME_QOQ_SQ":-5.854071984399,"NET_PROFIT_RATIO_SQ":15.1653971512,"HOLDER_PROFIT_SQ":35353415.04,"HOLDER_PROFIT_QOQ_SQ":15.464393714177,"ROE_AVG_SQ":1.698205928253,"PE_TTM_SQ":8.23362044305,"PB_TTM_SQ":0.184816234945,"ROA_SQ":1.476609033109,"START_DATE":"2022-01-01 00:00:00","FISCAL_YEAR":"12-31","CURRENCY":"HKD","IS_CNY_CODE":0,"DPS_HKD_LY":0.05,"ORG_TYPE":"一般企业","PREMIUM_INCOME":null,"PREMIUM_INCOME_YOY":null,"NET_INTEREST_INCOME":null,"NET_INTEREST_INCOME_YOY":null,"FEE_COMMISSION_INCOME":null,"FEE_COMMISSION_INCOME_YOY":null,"ACCOUNTS_RECE_TDAYS":6.150632253594,"INVENTORY_TDAYS":2.780861403924,"CURRENT_ASSETS_TDAYS":0.452119924926,"TOTAL_ASSETS_TDAYS":0.088202650779,"PREMIUM_EXPENSE":null,"LOAN_DEPOSIT":null,"LOAN_EQUITY":null,"LOAN_ASSETS":null,"DEPOSIT_EQUITY":null,"DEPOSIT_ASSETS":null,"EQUITY_MULTIPLIER":1.188046097566,"EQUITY_RATIO":0.186397357899},{"SECUCODE":"00366.HK","SECURITY_CODE":"00366","SECURITY_NAME_ABBR":"陆氏集团(越南)","ORG_CODE":"10008858","STD_REPORT_DATE":"2021-12-31 00:00:00","REPORT_DATE":"2021-12-31 00:00:00","DATE_TYPE_CODE":"001","REPORT_TYPE":"2021年年报","PER_NETCASH_OPERATE":-0.146157162882,"PER_OI":0.834962997203,"BPS":4.157683730992,"BASIC_EPS":0.1373568,"DILUTED_EPS":0.1373568,"OPERATE_INCOME":419616848,"OPERATE_INCOME_YOY":-2.8883906186,"GROSS_PROFIT":125888324.8,"GROSS_PROFIT_YOY":-1.589550761683,"HOLDER_PROFIT":69225374.4,"HOLDER_PROFIT_YOY":37.6485506657,"GROSS_PROFIT_RATIO":30.000779377667,"EPS_TTM":0.13774619958,"OPERATE_INCOME_QOQ":0.203784871003,"NET_PROFIT_RATIO":16.4822789003,"ROE_AVG":3.35998828534,"GROSS_PROFIT_QOQ":-0.639617771496,"ROA":2.881585254767,"HOLDER_PROFIT_QOQ":15.807871243433,"ROE_YEARLY":3.35998828534,"ROIC_YEARLY":3.364373459004,"TOTAL_ASSETS":2484709292.8,"TOTAL_LIABILITIES":414026916.8,"TAX_EBT":26.526074418928,"OCF_SALES":-17.504627554897,"TOTAL_PARENT_EQUITY":2089042401.6,"DEBT_ASSET_RATIO":16.6629922462,"OPERATE_PROFIT":96480070.4,"PRETAX_PROFIT":94131923.2,"NETCASH_OPERATE":-73452366.4,"NETCASH_INVEST":-1614760,"NETCASH_FINANCE":68731544,"END_CASH":226987835.2,"DIVI_RATIO":0.264094400506,"DIVIDEND_RATE":5.555555555556,"CURRENT_RATIO":2.295080110745,"COMMON_ACS":760000000,"CURRENTDEBT_DEBT":50.570011828758,"ISSUED_COMMON_SHARES":502453418,"HK_COMMON_SHARES":502453418,"PER_SHARES":2000,"TOTAL_MARKET_CAP":361766460.96,"HKSK_MARKET_CAP":361766460.96,"PE_TTM":-3.870774557944,"PB_TTM":0.153928895515,"REPORT_DATE_SQ":"2020-12-31 00:00:00","REPORT_TYPE_SQ":"2020年年报","OPERATE_INCOME_SQ":444802531.8,"DPS_HKD":0.04,"OPERATE_INCOME_QOQ_SQ":-18.917260720912,"NET_PROFIT_RATIO_SQ":11.3891332936,"HOLDER_PROFIT_SQ":51770118.04,"HOLDER_PROFIT_QOQ_SQ":-40.715102550142,"ROE_AVG_SQ":2.492591438446,"PE_TTM_SQ":8.23362044305,"PB_TTM_SQ":0.184816234945,"ROA_SQ":2.171268314594,"START_DATE":"2021-01-01 00:00:00","FISCAL_YEAR":"12-31","CURRENCY":"HKD","IS_CNY_CODE":0,"DPS_HKD_LY":0.06,"ORG_TYPE":"一般企业","PREMIUM_INCOME":null,"PREMIUM_INCOME_YOY":null,"NET_INTEREST_INCOME":null,"NET_INTEREST_INCOME_YOY":null,"FEE_COMMISSION_INCOME":null,"FEE_COMMISSION_INCOME_YOY":null,"ACCOUNTS_RECE_TDAYS":14.116012982012,"INVENTORY_TDAYS":5.64004866753,"CURRENT_ASSETS_TDAYS":0.895204256681,"TOTAL_ASSETS_TDAYS":0.174670304398,"PREMIUM_EXPENSE":null,"LOAN_DEPOSIT":null,"LOAN_EQUITY":null,"LOAN_ASSETS":null,"DEPOSIT_EQUITY":null,"DEPOSIT_ASSETS":null,"EQUITY_MULTIPLIER":1.199947090678,"EQUITY_RATIO":0.198189810069},{"SECUCODE":"00366.HK","SECURITY_CODE":"00366","SECURITY_NAME_ABBR":"陆氏集团(越南)","ORG_CODE":"10008858","STD_REPORT_DATE":"2021-06-30 00:00:00","REPORT_DATE":"2021-06-30 00:00:00","DATE_TYPE_CODE":"002","REPORT_TYPE":"2021年中报","PER_NETCASH_OPERATE":0.044061259802,"PER_OI":0.45972755535,"BPS":4.171750308762,"BASIC_EPS":0.0707268,"DILUTED_EPS":0.0707268,"OPERATE_INCOME":231039493.2,"OPERATE_INCOME_YOY":-1.3413160887,"GROSS_PROFIT":69969607.2,"GROSS_PROFIT_YOY":-1.717865279891,"HOLDER_PROFIT":35353415.04,"HOLDER_PROFIT_YOY":41.9152276295,"GROSS_PROFIT_RATIO":30.284695586408,"EPS_TTM":0.118943728177,"OPERATE_INCOME_QOQ":-5.854071984399,"NET_PROFIT_RATIO":15.1653971512,"ROE_AVG":1.698205928253,"GROSS_PROFIT_QOQ":-0.956048043376,"ROA":1.476609033109,"HOLDER_PROFIT_QOQ":15.464393714177,"ROE_YEARLY":3.396411856505,"ROIC_YEARLY":3.484744503262,"TOTAL_ASSETS":2427408678.24,"TOTAL_LIABILITIES":355091804.16,"TAX_EBT":26.845835794448,"OCF_SALES":9.584211189743,"TOTAL_PARENT_EQUITY":2096110201.68,"DEBT_ASSET_RATIO":14.6284310237,"OPERATE_PROFIT":48616770.24,"PRETAX_PROFIT":47896188.96,"NETCASH_OPERATE":22143312.96,"NETCASH_INVEST":-43737453.12,"NETCASH_FINANCE":9167857.44,"END_CASH":219851345.52,"DIVI_RATIO":0.3058421033,"DIVIDEND_RATE":5.555555555556,"CURRENT_RATIO":3.531362089054,"COMMON_ACS":760000000,"CURRENTDEBT_DEBT":41.027107078584,"ISSUED_COMMON_SHARES":502453418,"HK_COMMON_SHARES":502453418,"PER_SHARES":2000,"TOTAL_MARKET_CAP":361766460.96,"HKSK_MARKET_CAP":361766460.96,"PE_TTM":-3.870774557944,"PB_TTM":0.153928895515,"REPORT_DATE_SQ":"2020-06-30 00:00:00","REPORT_TYPE_SQ":"2020年中报","OPERATE_INCOME_SQ":257078553.6,"DPS_HKD":0.04,"OPERATE_INCOME_QOQ_SQ":-5.797016197737,"NET_PROFIT_RATIO_SQ":10.3180073906,"HOLDER_PROFIT_SQ":27347480.16,"HOLDER_PROFIT_QOQ_SQ":-20.277980718708,"ROE_AVG_SQ":1.220812324011,"PE_TTM_SQ":8.23362044305,"PB_TTM_SQ":0.184816234945,"ROA_SQ":1.054710068344,"START_DATE":"2021-01-01 00:00:00","FISCAL_YEAR":"12-31","CURRENCY":"HKD","IS_CNY_CODE":0,"DPS_HKD_LY":0.06,"ORG_TYPE":"一般企业","PREMIUM_INCOME":null,"PREMIUM_INCOME_YOY":null,"NET_INTEREST_INCOME":null,"NET_INTEREST_INCOME_YOY":null,"FEE_COMMISSION_INCOME":null,"FEE_COMMISSION_INCOME_YOY":null,"ACCOUNTS_RECE_TDAYS":6.292762524221,"INVENTORY_TDAYS":3.216814012231,"CURRENT_ASSETS_TDAYS":0.471748040861,"TOTAL_ASSETS_TDAYS":0.096498457724,"PREMIUM_EXPENSE":null,"LOAN_DEPOSIT":null,"LOAN_EQUITY":null,"LOAN_ASSETS":null,"DEPOSIT_EQUITY":null,"DEPOSIT_ASSETS":null,"EQUITY_MULTIPLIER":1.171350148523,"EQUITY_RATIO":0.169405121866},{"SECUCODE":"00366.HK","SECURITY_CODE":"00366","SECURITY_NAME_ABBR":"陆氏集团(越南)","ORG_CODE":"10008858","STD_REPORT_DATE":"2020-12-31 00:00:00","REPORT_DATE":"2020-12-31 00:00:00","DATE_TYPE_CODE":"001","REPORT_TYPE":"2020年年报","PER_NETCASH_OPERATE":0.189755157171,"PER_OI":0.885078034606,"BPS":4.162103852421,"BASIC_EPS":0.10268008,"DILUTED_EPS":0.10268008,"OPERATE_INCOME":444802531.8,"OPERATE_INCOME_YOY":-18.704208193,"GROSS_PROFIT":127921705.24,"GROSS_PROFIT_YOY":-35.800455856678,"HOLDER_PROFIT":51770118.04,"HOLDER_PROFIT_YOY":-49.6965979719,"GROSS_PROFIT_RATIO":28.759212480724,"EPS_TTM":0.103013339741,"OPERATE_INCOME_QOQ":-18.917260720912,"NET_PROFIT_RATIO":11.3891332936,"ROE_AVG":2.492591438446,"GROSS_PROFIT_QOQ":-30.498426197014,"ROA":2.171268314594,"HOLDER_PROFIT_QOQ":-40.715102550142,"ROE_YEARLY":2.492591438446,"ROIC_YEARLY":2.517336332316,"TOTAL_ASSETS":2388177907.56,"TOTAL_LIABILITIES":320989713.04,"TAX_EBT":35.440241116343,"OCF_SALES":21.439370287325,"TOTAL_PARENT_EQUITY":2091263306.72,"DEBT_ASSET_RATIO":13.4407789312,"OPERATE_PROFIT":80056796.8,"PRETAX_PROFIT":78468622.12,"NETCASH_OPERATE":95362861.84,"NETCASH_INVEST":-48516337.8,"NETCASH_FINANCE":-31098598,"END_CASH":235411757.84,"DIVI_RATIO":0.353138730298,"DIVIDEND_RATE":5.555555555556,"CURRENT_RATIO":4.250501946946,"COMMON_ACS":760000000,"CURRENTDEBT_DEBT":34.476357286319,"ISSUED_COMMON_SHARES":502453418,"HK_COMMON_SHARES":502453418,"PER_SHARES":2000,"TOTAL_MARKET_CAP":361766460.96,"HKSK_MARKET_CAP":361766460.96,"PE_TTM":-3.870774557944,"PB_TTM":0.153928895515,"REPORT_DATE_SQ":"2019-12-31 00:00:00","REPORT_TYPE_SQ":"2019年年报","OPERATE_INCOME_SQ":582336724.42,"DPS_HKD":0.04,"OPERATE_INCOME_QOQ_SQ":-5.509520793419,"NET_PROFIT_RATIO_SQ":18.6866721326,"HOLDER_PROFIT_SQ":109535978.4,"HOLDER_PROFIT_QOQ_SQ":-24.461975931504,"ROE_AVG_SQ":5.042766395331,"PE_TTM_SQ":8.23362044305,"PB_TTM_SQ":0.184816234945,"ROA_SQ":4.330714587386,"START_DATE":"2020-01-01 00:00:00","FISCAL_YEAR":"12-31","CURRENCY":"HKD","IS_CNY_CODE":0,"DPS_HKD_LY":0.05,"ORG_TYPE":"一般企业","PREMIUM_INCOME":null,"PREMIUM_INCOME_YOY":null,"NET_INTEREST_INCOME":null,"NET_INTEREST_INCOME_YOY":null,"FEE_COMMISSION_INCOME":null,"FEE_COMMISSION_INCOME_YOY":null,"ACCOUNTS_RECE_TDAYS":15.218561925879,"INVENTORY_TDAYS":5.941407143815,"CURRENT_ASSETS_TDAYS":1.003914067182,"TOTAL_ASSETS_TDAYS":0.186552721939,"PREMIUM_EXPENSE":null,"LOAN_DEPOSIT":null,"LOAN_EQUITY":null,"LOAN_ASSETS":null,"DEPOSIT_EQUITY":null,"DEPOSIT_ASSETS":null,"EQUITY_MULTIPLIER":1.155278418235,"EQUITY_RATIO":0.153490816775},{"SECUCODE":"00366.HK","SECURITY_CODE":"00366","SECURITY_NAME_ABBR":"陆氏集团(越南)","ORG_CODE":"10008858","STD_REPORT_DATE":"2020-06-30 00:00:00","REPORT_DATE":"2020-06-30 00:00:00","DATE_TYPE_CODE":"002","REPORT_TYPE":"2020年中报","PER_NETCASH_OPERATE":0.084424486175,"PER_OI":0.508766806325,"BPS":4.461289147724,"BASIC_EPS":0.05389296,"DILUTED_EPS":0.05389296,"OPERATE_INCOME":257078553.6,"OPERATE_INCOME_YOY":-14.8761130468,"GROSS_PROFIT":71192600.16,"GROSS_PROFIT_YOY":-17.594641018461,"HOLDER_PROFIT":27347480.16,"HOLDER_PROFIT_YOY":-46.8591916789,"GROSS_PROFIT_RATIO":27.692936327459,"EPS_TTM":0.172817613368,"OPERATE_INCOME_QOQ":-5.797016197737,"NET_PROFIT_RATIO":10.3180073906,"ROE_AVG":1.220812324011,"GROSS_PROFIT_QOQ":-7.628646906174,"ROA":1.054710068344,"HOLDER_PROFIT_QOQ":-20.277980718708,"ROE_YEARLY":2.441624648021,"ROIC_YEARLY":2.425089744075,"TOTAL_ASSETS":2602229794.56,"TOTAL_LIABILITIES":386586990.24,"TAX_EBT":30.45217224697,"OCF_SALES":16.593945423536,"TOTAL_PARENT_EQUITY":2241589980.96,"DEBT_ASSET_RATIO":14.8559896996,"OPERATE_PROFIT":38898842.4,"PRETAX_PROFIT":38139773.76,"NETCASH_OPERATE":42659474.88,"NETCASH_INVEST":68001954.24,"NETCASH_FINANCE":-4103172.48,"END_CASH":341518774.08,"DIVI_RATIO":0.210499377297,"DIVIDEND_RATE":5.555555555556,"CURRENT_RATIO":3.070370124628,"COMMON_ACS":760000000,"CURRENTDEBT_DEBT":42.733701777558,"ISSUED_COMMON_SHARES":502453418,"HK_COMMON_SHARES":502453418,"PER_SHARES":2000,"TOTAL_MARKET_CAP":361766460.96,"HKSK_MARKET_CAP":361766460.96,"PE_TTM":-3.870774557944,"PB_TTM":0.153928895515,"REPORT_DATE_SQ":"2019-06-30 00:00:00","REPORT_TYPE_SQ":"2019年中报","OPERATE_INCOME_SQ":290836707.84,"DPS_HKD":0.04,"OPERATE_INCOME_QOQ_SQ":-2.823489482127,"NET_PROFIT_RATIO_SQ":17.0005807201,"HOLDER_PROFIT_SQ":49559164.74,"HOLDER_PROFIT_QOQ_SQ":14.82582184676,"ROE_AVG_SQ":2.340537656052,"PE_TTM_SQ":8.23362044305,"PB_TTM_SQ":0.184816234945,"ROA_SQ":1.988072763202,"START_DATE":"2020-01-01 00:00:00","FISCAL_YEAR":"12-31","CURRENCY":"HKD","IS_CNY_CODE":0,"DPS_HKD_LY":0.05,"ORG_TYPE":"一般企业","PREMIUM_INCOME":null,"PREMIUM_INCOME_YOY":null,"NET_INTEREST_INCOME":null,"NET_INTEREST_INCOME_YOY":null,"FEE_COMMISSION_INCOME":null,"FEE_COMMISSION_INCOME_YOY":null,"ACCOUNTS_RECE_TDAYS":6.583468812501,"INVENTORY_TDAYS":2.732877632144,"CURRENT_ASSETS_TDAYS":0.536444037816,"TOTAL_ASSETS_TDAYS":0.099147467061,"PREMIUM_EXPENSE":null,"LOAN_DEPOSIT":null,"LOAN_EQUITY":null,"LOAN_ASSETS":null,"DEPOSIT_EQUITY":null,"DEPOSIT_ASSETS":null,"EQUITY_MULTIPLIER":1.174480737367,"EQUITY_RATIO":0.172461062694}],"count":48},"success":true,"message":"ok","code":0}