{"version":"c0c2737743a3f487dc5ef1e9b61c42b0","result":{"pages":5,"data":[{"SECUCODE":"00360.HK","SECURITY_CODE":"00360","SECURITY_NAME_ABBR":"新焦点","ORG_CODE":"10008853","STD_REPORT_DATE":"2024-06-30 00:00:00","REPORT_DATE":"2024-06-30 00:00:00","DATE_TYPE_CODE":"002","REPORT_TYPE":"2024年中报","PER_NETCASH_OPERATE":0.000343731065,"PER_OI":0.013799948468,"BPS":0.032972742236,"BASIC_EPS":-0.00092,"DILUTED_EPS":-0.00092,"OPERATE_INCOME":237593000,"OPERATE_INCOME_YOY":-7.2315453275,"GROSS_PROFIT":43233000,"GROSS_PROFIT_YOY":-1.183972937761,"HOLDER_PROFIT":-15917000,"HOLDER_PROFIT_YOY":-204.4567712318,"GROSS_PROFIT_RATIO":18.196243155312,"EPS_TTM":-0.005692588374,"OPERATE_INCOME_QOQ":-3.334851821375,"NET_PROFIT_RATIO":-6.7863952221,"ROE_AVG":-2.737071263245,"GROSS_PROFIT_QOQ":-0.542022434288,"ROA":-1.065782632437,"HOLDER_PROFIT_QOQ":-12.241181859826,"ROE_YEARLY":-5.47414252649,"ROIC_YEARLY":-2.485699070654,"TOTAL_ASSETS":1507132000,"TOTAL_LIABILITIES":779881000,"TAX_EBT":-14.761565836299,"OCF_SALES":2.490814123312,"TOTAL_PARENT_EQUITY":567690000,"DEBT_ASSET_RATIO":51.7460315354,"OPERATE_PROFIT":-3546000,"PRETAX_PROFIT":-14050000,"NETCASH_OPERATE":5918000,"NETCASH_INVEST":-69573000,"NETCASH_FINANCE":57629000,"END_CASH":72593000,"DIVI_RATIO":null,"DIVIDEND_RATE":null,"CURRENT_RATIO":0.905290179177,"COMMON_ACS":20000000000,"CURRENTDEBT_DEBT":89.761514897786,"ISSUED_COMMON_SHARES":17216948349,"HK_COMMON_SHARES":17216948349,"PER_SHARES":4000,"TOTAL_MARKET_CAP":809196572.403,"HKSK_MARKET_CAP":809196572.403,"PE_TTM":-7.48384801711,"PB_TTM":1.300952152937,"REPORT_DATE_SQ":"2023-06-30 00:00:00","REPORT_TYPE_SQ":"2023年中报","OPERATE_INCOME_SQ":256114000,"DPS_HKD":null,"OPERATE_INCOME_QOQ_SQ":1.407031948498,"NET_PROFIT_RATIO_SQ":-2.0568965383,"HOLDER_PROFIT_SQ":-5228000,"HOLDER_PROFIT_QOQ_SQ":25.969527658083,"ROE_AVG_SQ":-0.765372599427,"PE_TTM_SQ":-77.005751636986,"PB_TTM_SQ":4.091203367333,"ROA_SQ":-0.333860071887,"START_DATE":"2024-01-01 00:00:00","FISCAL_YEAR":"12-31","CURRENCY":"HKD","IS_CNY_CODE":0,"DPS_HKD_LY":null,"ORG_TYPE":"一般企业","PREMIUM_INCOME":null,"PREMIUM_INCOME_YOY":null,"NET_INTEREST_INCOME":null,"NET_INTEREST_INCOME_YOY":null,"FEE_COMMISSION_INCOME":null,"FEE_COMMISSION_INCOME_YOY":null,"ACCOUNTS_RECE_TDAYS":2.519704329014,"INVENTORY_TDAYS":2.144520086946,"CURRENT_ASSETS_TDAYS":0.353792135041,"TOTAL_ASSETS_TDAYS":0.159089334038,"PREMIUM_EXPENSE":null,"LOAN_DEPOSIT":null,"LOAN_EQUITY":null,"LOAN_ASSETS":null,"DEPOSIT_EQUITY":null,"DEPOSIT_ASSETS":null,"EQUITY_MULTIPLIER":2.072368412007,"EQUITY_RATIO":1.373779703712},{"SECUCODE":"00360.HK","SECURITY_CODE":"00360","SECURITY_NAME_ABBR":"新焦点","ORG_CODE":"10008853","STD_REPORT_DATE":"2023-12-31 00:00:00","REPORT_DATE":"2023-12-31 00:00:00","DATE_TYPE_CODE":"001","REPORT_TYPE":"2023年年报","PER_NETCASH_OPERATE":0.024022724098,"PER_OI":0.032257574847,"BPS":0.034580925024,"BASIC_EPS":-0.0051,"DILUTED_EPS":-0.0051,"OPERATE_INCOME":555377000,"OPERATE_INCOME_YOY":-6.1341522569,"GROSS_PROFIT":95568000,"GROSS_PROFIT_YOY":-5.702191480754,"HOLDER_PROFIT":-87320000,"HOLDER_PROFIT_YOY":-80.0301012309,"GROSS_PROFIT_RATIO":17.207770577464,"EPS_TTM":-0.005071746643,"OPERATE_INCOME_QOQ":-7.436549576997,"NET_PROFIT_RATIO":-15.9163955295,"ROE_AVG":-13.616962880833,"GROSS_PROFIT_QOQ":-13.954639992077,"ROA":-5.503556165801,"HOLDER_PROFIT_QOQ":-143.183780321386,"ROE_YEARLY":-13.616962880833,"ROIC_YEARLY":-6.494967553055,"TOTAL_ASSETS":1479781000,"TOTAL_LIABILITIES":769635000,"TAX_EBT":-5.649643237041,"OCF_SALES":74.471575164258,"TOTAL_PARENT_EQUITY":595378000,"DEBT_ASSET_RATIO":52.0100609482,"OPERATE_PROFIT":-58455000,"PRETAX_PROFIT":-83669000,"NETCASH_OPERATE":413598000,"NETCASH_INVEST":-685072000,"NETCASH_FINANCE":78655000,"END_CASH":78619000,"DIVI_RATIO":null,"DIVIDEND_RATE":null,"CURRENT_RATIO":1.042944577824,"COMMON_ACS":20000000000,"CURRENTDEBT_DEBT":88.376827976898,"ISSUED_COMMON_SHARES":17216948349,"HK_COMMON_SHARES":17216948349,"PER_SHARES":4000,"TOTAL_MARKET_CAP":912498262.497,"HKSK_MARKET_CAP":912498262.497,"PE_TTM":-8.439232870358,"PB_TTM":1.467031151184,"REPORT_DATE_SQ":"2022-12-31 00:00:00","REPORT_TYPE_SQ":"2022年年报","OPERATE_INCOME_SQ":591671000,"DPS_HKD":null,"OPERATE_INCOME_QOQ_SQ":-1.058526657982,"NET_PROFIT_RATIO_SQ":-8.0783070321,"HOLDER_PROFIT_SQ":-48503000,"HOLDER_PROFIT_QOQ_SQ":25.9303941481,"ROE_AVG_SQ":-11.189483919861,"PE_TTM_SQ":-88.006573299412,"PB_TTM_SQ":4.675660991237,"ROA_SQ":-3.545607027032,"START_DATE":"2023-01-01 00:00:00","FISCAL_YEAR":"12-31","CURRENCY":"HKD","IS_CNY_CODE":0,"DPS_HKD_LY":null,"ORG_TYPE":"一般企业","PREMIUM_INCOME":null,"PREMIUM_INCOME_YOY":null,"NET_INTEREST_INCOME":null,"NET_INTEREST_INCOME_YOY":null,"FEE_COMMISSION_INCOME":null,"FEE_COMMISSION_INCOME_YOY":null,"ACCOUNTS_RECE_TDAYS":5.788976098898,"INVENTORY_TDAYS":4.400823104348,"CURRENT_ASSETS_TDAYS":0.490905410613,"TOTAL_ASSETS_TDAYS":0.350039912127,"PREMIUM_EXPENSE":null,"LOAN_DEPOSIT":null,"LOAN_EQUITY":null,"LOAN_ASSETS":null,"DEPOSIT_EQUITY":null,"DEPOSIT_ASSETS":null,"EQUITY_MULTIPLIER":2.08377009798,"EQUITY_RATIO":1.292682967795},{"SECUCODE":"00360.HK","SECURITY_CODE":"00360","SECURITY_NAME_ABBR":"新焦点","ORG_CODE":"10008853","STD_REPORT_DATE":"2023-06-30 00:00:00","REPORT_DATE":"2023-06-30 00:00:00","DATE_TYPE_CODE":"002","REPORT_TYPE":"2023年中报","PER_NETCASH_OPERATE":0.014809418884,"PER_OI":0.014875690791,"BPS":0.039437418655,"BASIC_EPS":-0.0003,"DILUTED_EPS":-0.0003,"OPERATE_INCOME":256114000,"OPERATE_INCOME_YOY":3.3597133045,"GROSS_PROFIT":43751000,"GROSS_PROFIT_YOY":28.562193294349,"HOLDER_PROFIT":-5228000,"HOLDER_PROFIT_YOY":70.6687612208,"GROSS_PROFIT_RATIO":17.082627267545,"EPS_TTM":-0.002085561231,"OPERATE_INCOME_QOQ":1.407031948498,"NET_PROFIT_RATIO":-2.0568965383,"ROE_AVG":-0.765372599427,"GROSS_PROFIT_QOQ":9.590811765518,"ROA":-0.333860071887,"HOLDER_PROFIT_QOQ":25.969527658083,"ROE_YEARLY":-1.530745198853,"ROIC_YEARLY":-0.950817301856,"TOTAL_ASSETS":1438411000,"TOTAL_LIABILITIES":743615000,"TAX_EBT":-94.606575544884,"OCF_SALES":99.554495263828,"TOTAL_PARENT_EQUITY":678992000,"DEBT_ASSET_RATIO":51.6969767334,"OPERATE_PROFIT":9107000,"PRETAX_PROFIT":-2707000,"NETCASH_OPERATE":254973000,"NETCASH_INVEST":116875000,"NETCASH_FINANCE":-21294000,"END_CASH":625693000,"DIVI_RATIO":null,"DIVIDEND_RATE":null,"CURRENT_RATIO":1.843180998513,"COMMON_ACS":20000000000,"CURRENTDEBT_DEBT":94.336854420634,"ISSUED_COMMON_SHARES":17216948349,"HK_COMMON_SHARES":17216948349,"PER_SHARES":4000,"TOTAL_MARKET_CAP":912498262.497,"HKSK_MARKET_CAP":912498262.497,"PE_TTM":-8.439232870358,"PB_TTM":1.467031151184,"REPORT_DATE_SQ":"2022-06-30 00:00:00","REPORT_TYPE_SQ":"2022年中报","OPERATE_INCOME_SQ":247789000,"DPS_HKD":null,"OPERATE_INCOME_QOQ_SQ":-17.873024767147,"NET_PROFIT_RATIO_SQ":-7.3324481716,"HOLDER_PROFIT_SQ":-17824000,"HOLDER_PROFIT_QOQ_SQ":22.774927766967,"ROE_AVG_SQ":-10.473493083875,"PE_TTM_SQ":-88.006573299412,"PB_TTM_SQ":4.675660991237,"ROA_SQ":-1.708404720542,"START_DATE":"2023-01-01 00:00:00","FISCAL_YEAR":"12-31","CURRENCY":"HKD","IS_CNY_CODE":0,"DPS_HKD_LY":null,"ORG_TYPE":"一般企业","PREMIUM_INCOME":null,"PREMIUM_INCOME_YOY":null,"NET_INTEREST_INCOME":null,"NET_INTEREST_INCOME_YOY":null,"FEE_COMMISSION_INCOME":null,"FEE_COMMISSION_INCOME_YOY":null,"ACCOUNTS_RECE_TDAYS":2.831522039557,"INVENTORY_TDAYS":1.901709956613,"CURRENT_ASSETS_TDAYS":0.17996452904,"TOTAL_ASSETS_TDAYS":0.163554396426,"PREMIUM_EXPENSE":null,"LOAN_DEPOSIT":null,"LOAN_EQUITY":null,"LOAN_ASSETS":null,"DEPOSIT_EQUITY":null,"DEPOSIT_ASSETS":null,"EQUITY_MULTIPLIER":2.070263789661,"EQUITY_RATIO":1.095174906332},{"SECUCODE":"00360.HK","SECURITY_CODE":"00360","SECURITY_NAME_ABBR":"新焦点","ORG_CODE":"10008853","STD_REPORT_DATE":"2022-12-31 00:00:00","REPORT_DATE":"2022-12-31 00:00:00","DATE_TYPE_CODE":"001","REPORT_TYPE":"2022年年报","PER_NETCASH_OPERATE":-0.012843042537,"PER_OI":0.034365613929,"BPS":0.039910673255,"BASIC_EPS":-0.0068,"DILUTED_EPS":-0.0068,"OPERATE_INCOME":591671000,"OPERATE_INCOME_YOY":-18.7423606934,"GROSS_PROFIT":101347000,"GROSS_PROFIT_YOY":-1.080484900541,"HOLDER_PROFIT":-48503000,"HOLDER_PROFIT_YOY":42.7996933781,"GROSS_PROFIT_RATIO":17.128944971107,"EPS_TTM":-0.002817165912,"OPERATE_INCOME_QOQ":-1.058526657982,"NET_PROFIT_RATIO":-8.0783070321,"ROE_AVG":-11.189483919861,"GROSS_PROFIT_QOQ":15.574181776713,"ROA":-3.545607027032,"HOLDER_PROFIT_QOQ":25.9303941481,"ROE_YEARLY":-11.189483919861,"ROIC_YEARLY":-4.056494694475,"TOTAL_ASSETS":1693440000,"TOTAL_LIABILITIES":990456000,"TAX_EBT":-8.879473336522,"OCF_SALES":-37.371782629198,"TOTAL_PARENT_EQUITY":687140000,"DEBT_ASSET_RATIO":58.4878117914,"OPERATE_PROFIT":-13393000,"PRETAX_PROFIT":-43899000,"NETCASH_OPERATE":-221118000,"NETCASH_INVEST":-9129000,"NETCASH_FINANCE":463948000,"END_CASH":275139000,"DIVI_RATIO":null,"DIVIDEND_RATE":null,"CURRENT_RATIO":1.646271214644,"COMMON_ACS":20000000000,"CURRENTDEBT_DEBT":95.260263959227,"ISSUED_COMMON_SHARES":17216948349,"HK_COMMON_SHARES":17216948349,"PER_SHARES":4000,"TOTAL_MARKET_CAP":809196572.403,"HKSK_MARKET_CAP":809196572.403,"PE_TTM":-7.48384801711,"PB_TTM":1.300952152937,"REPORT_DATE_SQ":"2021-12-31 00:00:00","REPORT_TYPE_SQ":"2021年年报","OPERATE_INCOME_SQ":728142000,"DPS_HKD":null,"OPERATE_INCOME_QOQ_SQ":-20.662686046765,"NET_PROFIT_RATIO_SQ":-12.2161611334,"HOLDER_PROFIT_SQ":-84795000,"HOLDER_PROFIT_QOQ_SQ":12.669804422382,"ROE_AVG_SQ":-37.519745487852,"PE_TTM_SQ":-80.966047435459,"PB_TTM_SQ":4.301608111938,"ROA_SQ":-7.266873230577,"START_DATE":"2022-01-01 00:00:00","FISCAL_YEAR":"12-31","CURRENCY":"HKD","IS_CNY_CODE":0,"DPS_HKD_LY":null,"ORG_TYPE":"一般企业","PREMIUM_INCOME":null,"PREMIUM_INCOME_YOY":null,"NET_INTEREST_INCOME":null,"NET_INTEREST_INCOME_YOY":null,"FEE_COMMISSION_INCOME":null,"FEE_COMMISSION_INCOME_YOY":null,"ACCOUNTS_RECE_TDAYS":5.141276910043,"INVENTORY_TDAYS":3.878194430163,"CURRENT_ASSETS_TDAYS":0.482738026519,"TOTAL_ASSETS_TDAYS":0.432516103188,"PREMIUM_EXPENSE":null,"LOAN_DEPOSIT":null,"LOAN_EQUITY":null,"LOAN_ASSETS":null,"DEPOSIT_EQUITY":null,"DEPOSIT_ASSETS":null,"EQUITY_MULTIPLIER":2.408931070978,"EQUITY_RATIO":1.441418051634},{"SECUCODE":"00360.HK","SECURITY_CODE":"00360","SECURITY_NAME_ABBR":"新焦点","ORG_CODE":"10008853","STD_REPORT_DATE":"2022-06-30 00:00:00","REPORT_DATE":"2022-06-30 00:00:00","DATE_TYPE_CODE":"002","REPORT_TYPE":"2022年中报","PER_NETCASH_OPERATE":0.008549218392,"PER_OI":0.036613817902,"BPS":0.009325984881,"BASIC_EPS":-0.00263,"DILUTED_EPS":-0.00263,"OPERATE_INCOME":247789000,"OPERATE_INCOME_YOY":-34.4352128701,"GROSS_PROFIT":34031000,"GROSS_PROFIT_YOY":-30.257198483451,"HOLDER_PROFIT":-17824000,"HOLDER_PROFIT_YOY":52.0034467902,"GROSS_PROFIT_RATIO":13.733862277987,"EPS_TTM":-0.009675904248,"OPERATE_INCOME_QOQ":-17.873024767147,"NET_PROFIT_RATIO":-7.3324481716,"ROE_AVG":-10.473493083875,"GROSS_PROFIT_QOQ":-14.410369531692,"ROA":-1.708404720542,"HOLDER_PROFIT_QOQ":22.774927766967,"ROE_YEARLY":-20.94698616775,"ROIC_YEARLY":-3.689726768943,"TOTAL_ASSETS":1044116000,"TOTAL_LIABILITIES":868636000,"TAX_EBT":-4.581822368042,"OCF_SALES":23.349704789155,"TOTAL_PARENT_EQUITY":160565000,"DEBT_ASSET_RATIO":83.193438277,"OPERATE_PROFIT":-2407000,"PRETAX_PROFIT":-17373000,"NETCASH_OPERATE":57858000,"NETCASH_INVEST":-794000,"NETCASH_FINANCE":-10158000,"END_CASH":85835000,"DIVI_RATIO":null,"DIVIDEND_RATE":null,"CURRENT_RATIO":1.213178075785,"COMMON_ACS":20000000000,"CURRENTDEBT_DEBT":85.657743865094,"ISSUED_COMMON_SHARES":17216948349,"HK_COMMON_SHARES":17216948349,"PER_SHARES":4000,"TOTAL_MARKET_CAP":912498262.497,"HKSK_MARKET_CAP":912498262.497,"PE_TTM":-8.439232870358,"PB_TTM":1.467031151184,"REPORT_DATE_SQ":"2021-06-30 00:00:00","REPORT_TYPE_SQ":"2021年中报","OPERATE_INCOME_SQ":377930000,"DPS_HKD":null,"OPERATE_INCOME_QOQ_SQ":0.663904875034,"NET_PROFIT_RATIO_SQ":-10.3626606881,"HOLDER_PROFIT_SQ":-37136000,"HOLDER_PROFIT_QOQ_SQ":79.197125643816,"ROE_AVG_SQ":-14.836922105759,"PE_TTM_SQ":-88.006573299412,"PB_TTM_SQ":4.675660991237,"ROA_SQ":-2.986501793582,"START_DATE":"2022-01-01 00:00:00","FISCAL_YEAR":"12-31","CURRENCY":"HKD","IS_CNY_CODE":0,"DPS_HKD_LY":null,"ORG_TYPE":"一般企业","PREMIUM_INCOME":null,"PREMIUM_INCOME_YOY":null,"NET_INTEREST_INCOME":null,"NET_INTEREST_INCOME_YOY":null,"FEE_COMMISSION_INCOME":null,"FEE_COMMISSION_INCOME_YOY":null,"ACCOUNTS_RECE_TDAYS":2.107040361223,"INVENTORY_TDAYS":1.578843185192,"CURRENT_ASSETS_TDAYS":0.275212860719,"TOTAL_ASSETS_TDAYS":0.237502186545,"PREMIUM_EXPENSE":null,"LOAN_DEPOSIT":null,"LOAN_EQUITY":null,"LOAN_ASSETS":null,"DEPOSIT_EQUITY":null,"DEPOSIT_ASSETS":null,"EQUITY_MULTIPLIER":5.950056986561,"EQUITY_RATIO":5.409871391648},{"SECUCODE":"00360.HK","SECURITY_CODE":"00360","SECURITY_NAME_ABBR":"新焦点","ORG_CODE":"10008853","STD_REPORT_DATE":"2021-12-31 00:00:00","REPORT_DATE":"2021-12-31 00:00:00","DATE_TYPE_CODE":"001","REPORT_TYPE":"2021年年报","PER_NETCASH_OPERATE":-0.003883630734,"PER_OI":0.107591776045,"BPS":0.010443139885,"BASIC_EPS":-0.0125,"DILUTED_EPS":-0.0125,"OPERATE_INCOME":728142000,"OPERATE_INCOME_YOY":-18.2701341208,"GROSS_PROFIT":102454000,"GROSS_PROFIT_YOY":2.009239714843,"HOLDER_PROFIT":-84795000,"HOLDER_PROFIT_YOY":81.832809139,"GROSS_PROFIT_RATIO":14.070607106856,"EPS_TTM":-0.012529485526,"OPERATE_INCOME_QOQ":-20.662686046765,"NET_PROFIT_RATIO":-12.2161611334,"ROE_AVG":-37.519745487852,"GROSS_PROFIT_QOQ":-18.607200737233,"ROA":-7.266873230577,"HOLDER_PROFIT_QOQ":12.669804422382,"ROE_YEARLY":-37.519745487852,"ROIC_YEARLY":-7.656661552895,"TOTAL_ASSETS":1042509000,"TOTAL_LIABILITIES":848048000,"TAX_EBT":-18.393453958742,"OCF_SALES":-3.609598127838,"TOTAL_PARENT_EQUITY":179799000,"DEBT_ASSET_RATIO":81.3468277012,"OPERATE_PROFIT":-60885000,"PRETAX_PROFIT":-86770000,"NETCASH_OPERATE":-26283000,"NETCASH_INVEST":-25887000,"NETCASH_FINANCE":26598000,"END_CASH":38929000,"DIVI_RATIO":null,"DIVIDEND_RATE":null,"CURRENT_RATIO":1.238157346871,"COMMON_ACS":20000000000,"CURRENTDEBT_DEBT":85.526055128955,"ISSUED_COMMON_SHARES":17216948349,"HK_COMMON_SHARES":17216948349,"PER_SHARES":4000,"TOTAL_MARKET_CAP":809196572.403,"HKSK_MARKET_CAP":809196572.403,"PE_TTM":-7.48384801711,"PB_TTM":1.300952152937,"REPORT_DATE_SQ":"2020-12-31 00:00:00","REPORT_TYPE_SQ":"2020年年报","OPERATE_INCOME_SQ":890913000,"DPS_HKD":null,"OPERATE_INCOME_QOQ_SQ":-15.910029993691,"NET_PROFIT_RATIO_SQ":-51.9517355524,"HOLDER_PROFIT_SQ":-466748000,"HOLDER_PROFIT_QOQ_SQ":14.698276413493,"ROE_AVG_SQ":-87.397809193896,"PE_TTM_SQ":-80.966047435459,"PB_TTM_SQ":4.301608111938,"ROA_SQ":-28.914563989118,"START_DATE":"2021-01-01 00:00:00","FISCAL_YEAR":"12-31","CURRENCY":"HKD","IS_CNY_CODE":0,"DPS_HKD_LY":null,"ORG_TYPE":"一般企业","PREMIUM_INCOME":null,"PREMIUM_INCOME_YOY":null,"NET_INTEREST_INCOME":null,"NET_INTEREST_INCOME_YOY":null,"FEE_COMMISSION_INCOME":null,"FEE_COMMISSION_INCOME_YOY":null,"ACCOUNTS_RECE_TDAYS":4.775985674837,"INVENTORY_TDAYS":4.751146614829,"CURRENT_ASSETS_TDAYS":0.762168637748,"TOTAL_ASSETS_TDAYS":0.624012690354,"PREMIUM_EXPENSE":null,"LOAN_DEPOSIT":null,"LOAN_EQUITY":null,"LOAN_ASSETS":null,"DEPOSIT_EQUITY":null,"DEPOSIT_ASSETS":null,"EQUITY_MULTIPLIER":5.361018404705,"EQUITY_RATIO":4.71664469769},{"SECUCODE":"00360.HK","SECURITY_CODE":"00360","SECURITY_NAME_ABBR":"新焦点","ORG_CODE":"10008853","STD_REPORT_DATE":"2021-06-30 00:00:00","REPORT_DATE":"2021-06-30 00:00:00","DATE_TYPE_CODE":"002","REPORT_TYPE":"2021年中报","PER_NETCASH_OPERATE":-0.002426253344,"PER_OI":0.055843722682,"BPS":0.01326518471,"BASIC_EPS":-0.00549,"DILUTED_EPS":-0.00549,"OPERATE_INCOME":377930000,"OPERATE_INCOME_YOY":1.5957460831,"GROSS_PROFIT":48795000,"GROSS_PROFIT_YOY":66.6837466694,"HOLDER_PROFIT":-37136000,"HOLDER_PROFIT_YOY":90.8708980375,"GROSS_PROFIT_RATIO":13.166171044232,"EPS_TTM":-0.014347254627,"OPERATE_INCOME_QOQ":0.663904875034,"NET_PROFIT_RATIO":-10.3626606881,"ROE_AVG":-14.836922105759,"GROSS_PROFIT_QOQ":20.558178735957,"ROA":-2.986501793582,"HOLDER_PROFIT_QOQ":79.197125643816,"ROE_YEARLY":-29.673844211519,"ROIC_YEARLY":-6.228675203085,"TOTAL_ASSETS":1195691000,"TOTAL_LIABILITIES":969452000,"TAX_EBT":-3.884857714473,"OCF_SALES":-4.260796005958,"TOTAL_PARENT_EQUITY":228386000,"DEBT_ASSET_RATIO":81.07880715,"OPERATE_PROFIT":-17125000,"PRETAX_PROFIT":-33489000,"NETCASH_OPERATE":-16420000,"NETCASH_INVEST":1250000,"NETCASH_FINANCE":-10381000,"END_CASH":39013000,"DIVI_RATIO":null,"DIVIDEND_RATE":null,"CURRENT_RATIO":1.158736993183,"COMMON_ACS":20000000000,"CURRENTDEBT_DEBT":83.369780040683,"ISSUED_COMMON_SHARES":17216948349,"HK_COMMON_SHARES":17216948349,"PER_SHARES":4000,"TOTAL_MARKET_CAP":912498262.497,"HKSK_MARKET_CAP":912498262.497,"PE_TTM":-8.439232870358,"PB_TTM":1.467031151184,"REPORT_DATE_SQ":"2020-06-30 00:00:00","REPORT_TYPE_SQ":"2020年中报","OPERATE_INCOME_SQ":379321000,"DPS_HKD":null,"OPERATE_INCOME_QOQ_SQ":-38.066481133671,"NET_PROFIT_RATIO_SQ":-108.7313910909,"HOLDER_PROFIT_SQ":-406787000,"HOLDER_PROFIT_QOQ_SQ":-186.316114448375,"ROE_AVG_SQ":-70.254577358064,"PE_TTM_SQ":-88.006573299412,"PB_TTM_SQ":4.675660991237,"ROA_SQ":-24.668813027102,"START_DATE":"2021-01-01 00:00:00","FISCAL_YEAR":"12-31","CURRENCY":"HKD","IS_CNY_CODE":0,"DPS_HKD_LY":null,"ORG_TYPE":"一般企业","PREMIUM_INCOME":null,"PREMIUM_INCOME_YOY":null,"NET_INTEREST_INCOME":null,"NET_INTEREST_INCOME_YOY":null,"FEE_COMMISSION_INCOME":null,"FEE_COMMISSION_INCOME_YOY":null,"ACCOUNTS_RECE_TDAYS":2.342393712793,"INVENTORY_TDAYS":2.504546781328,"CURRENT_ASSETS_TDAYS":0.395417810085,"TOTAL_ASSETS_TDAYS":0.309920331269,"PREMIUM_EXPENSE":null,"LOAN_DEPOSIT":null,"LOAN_EQUITY":null,"LOAN_ASSETS":null,"DEPOSIT_EQUITY":null,"DEPOSIT_ASSETS":null,"EQUITY_MULTIPLIER":5.285079053565,"EQUITY_RATIO":4.244796090829},{"SECUCODE":"00360.HK","SECURITY_CODE":"00360","SECURITY_NAME_ABBR":"新焦点","ORG_CODE":"10008853","STD_REPORT_DATE":"2020-12-31 00:00:00","REPORT_DATE":"2020-12-31 00:00:00","DATE_TYPE_CODE":"001","REPORT_TYPE":"2020年年报","PER_NETCASH_OPERATE":0.010131750263,"PER_OI":0.131643157477,"BPS":0.015810176954,"BASIC_EPS":-0.069,"DILUTED_EPS":-0.069,"OPERATE_INCOME":890913000,"OPERATE_INCOME_YOY":-47.9201225615,"GROSS_PROFIT":100436000,"GROSS_PROFIT_YOY":-28.301994546052,"HOLDER_PROFIT":-466748000,"HOLDER_PROFIT_YOY":-144.2325805304,"GROSS_PROFIT_RATIO":11.45200262798,"EPS_TTM":-0.068967655053,"OPERATE_INCOME_QOQ":-15.910029993691,"NET_PROFIT_RATIO":-51.9517355524,"ROE_AVG":-87.397809193896,"GROSS_PROFIT_QOQ":65.474341500523,"ROA":-28.914563989118,"HOLDER_PROFIT_QOQ":14.698276413493,"ROE_YEARLY":-87.397809193896,"ROIC_YEARLY":-30.280312230768,"TOTAL_ASSETS":1291232000,"TOTAL_LIABILITIES":1018377000,"TAX_EBT":-5.055760394804,"OCF_SALES":7.520672306513,"TOTAL_PARENT_EQUITY":272203000,"DEBT_ASSET_RATIO":78.8686308889,"OPERATE_PROFIT":-398095000,"PRETAX_PROFIT":-440725000,"NETCASH_OPERATE":68568000,"NETCASH_INVEST":-1683000,"NETCASH_FINANCE":-63371000,"END_CASH":64564000,"DIVI_RATIO":null,"DIVIDEND_RATE":null,"CURRENT_RATIO":1.184522312588,"COMMON_ACS":20000000000,"CURRENTDEBT_DEBT":83.949362564159,"ISSUED_COMMON_SHARES":17216948349,"HK_COMMON_SHARES":17216948349,"PER_SHARES":4000,"TOTAL_MARKET_CAP":912498262.497,"HKSK_MARKET_CAP":912498262.497,"PE_TTM":-8.439232870358,"PB_TTM":1.467031151184,"REPORT_DATE_SQ":"2019-12-31 00:00:00","REPORT_TYPE_SQ":"2019年年报","OPERATE_INCOME_SQ":1750632000,"DPS_HKD":null,"OPERATE_INCOME_QOQ_SQ":-28.575048072039,"NET_PROFIT_RATIO_SQ":-11.9507126569,"HOLDER_PROFIT_SQ":-191108000,"HOLDER_PROFIT_QOQ_SQ":-1205.11507204808,"ROE_AVG_SQ":-21.289278662318,"PE_TTM_SQ":-88.006573299412,"PB_TTM_SQ":4.675660991237,"ROA_SQ":-8.479766995874,"START_DATE":"2020-01-01 00:00:00","FISCAL_YEAR":"12-31","CURRENCY":"HKD","IS_CNY_CODE":0,"DPS_HKD_LY":null,"ORG_TYPE":"一般企业","PREMIUM_INCOME":null,"PREMIUM_INCOME_YOY":null,"NET_INTEREST_INCOME":null,"NET_INTEREST_INCOME_YOY":null,"FEE_COMMISSION_INCOME":null,"FEE_COMMISSION_INCOME_YOY":null,"ACCOUNTS_RECE_TDAYS":5.789867716873,"INVENTORY_TDAYS":4.829268146783,"CURRENT_ASSETS_TDAYS":0.705535624741,"TOTAL_ASSETS_TDAYS":0.56480560564,"PREMIUM_EXPENSE":null,"LOAN_DEPOSIT":null,"LOAN_EQUITY":null,"LOAN_ASSETS":null,"DEPOSIT_EQUITY":null,"DEPOSIT_ASSETS":null,"EQUITY_MULTIPLIER":4.732301039002,"EQUITY_RATIO":3.741240912113},{"SECUCODE":"00360.HK","SECURITY_CODE":"00360","SECURITY_NAME_ABBR":"新焦点","ORG_CODE":"10008853","STD_REPORT_DATE":"2020-06-30 00:00:00","REPORT_DATE":"2020-06-30 00:00:00","DATE_TYPE_CODE":"002","REPORT_TYPE":"2020年中报","PER_NETCASH_OPERATE":0.004670611569,"PER_OI":0.056049259734,"BPS":0.021033924982,"BASIC_EPS":-0.06011,"DILUTED_EPS":-0.06011,"OPERATE_INCOME":379321000,"OPERATE_INCOME_YOY":-63.7265055344,"GROSS_PROFIT":29274000,"GROSS_PROFIT_YOY":-72.450074347343,"HOLDER_PROFIT":-406787000,"HOLDER_PROFIT_YOY":-701.993217933,"GROSS_PROFIT_RATIO":7.717474118227,"EPS_TTM":-0.080851420292,"OPERATE_INCOME_QOQ":-38.066481133671,"NET_PROFIT_RATIO":-108.7313910909,"ROE_AVG":-70.254577358064,"GROSS_PROFIT_QOQ":-54.956382690139,"ROA":-24.668813027102,"HOLDER_PROFIT_QOQ":-186.316114448375,"ROE_YEARLY":-140.509154716127,"ROIC_YEARLY":-51.710337853577,"TOTAL_ASSETS":1360755000,"TOTAL_LIABILITIES":988567000,"TAX_EBT":0.484018463157,"OCF_SALES":8.333047735295,"TOTAL_PARENT_EQUITY":362140000,"DEBT_ASSET_RATIO":72.6484194436,"OPERATE_PROFIT":-393314000,"PRETAX_PROFIT":-414447000,"NETCASH_OPERATE":31609000,"NETCASH_INVEST":14349000,"NETCASH_FINANCE":-49775000,"END_CASH":60880000,"DIVI_RATIO":null,"DIVIDEND_RATE":null,"CURRENT_RATIO":1.261135050907,"COMMON_ACS":20000000000,"CURRENTDEBT_DEBT":83.030184094755,"ISSUED_COMMON_SHARES":17216948349,"HK_COMMON_SHARES":17216948349,"PER_SHARES":4000,"TOTAL_MARKET_CAP":912498262.497,"HKSK_MARKET_CAP":912498262.497,"PE_TTM":-8.439232870358,"PB_TTM":1.467031151184,"REPORT_DATE_SQ":"2019-06-30 00:00:00","REPORT_TYPE_SQ":"2019年中报","OPERATE_INCOME_SQ":1045725000,"DPS_HKD":null,"OPERATE_INCOME_QOQ_SQ":36.733242289746,"NET_PROFIT_RATIO_SQ":-6.0219253778,"HOLDER_PROFIT_SQ":-50722000,"HOLDER_PROFIT_QOQ_SQ":-113.579331002569,"ROE_AVG_SQ":-5.209935052996,"PE_TTM_SQ":-88.006573299412,"PB_TTM_SQ":4.675660991237,"ROA_SQ":-2.040565502406,"START_DATE":"2020-01-01 00:00:00","FISCAL_YEAR":"12-31","CURRENCY":"HKD","IS_CNY_CODE":0,"DPS_HKD_LY":null,"ORG_TYPE":"一般企业","PREMIUM_INCOME":null,"PREMIUM_INCOME_YOY":null,"NET_INTEREST_INCOME":null,"NET_INTEREST_INCOME_YOY":null,"FEE_COMMISSION_INCOME":null,"FEE_COMMISSION_INCOME_YOY":null,"ACCOUNTS_RECE_TDAYS":2.665268409219,"INVENTORY_TDAYS":2.024949816911,"CURRENT_ASSETS_TDAYS":0.291004820148,"TOTAL_ASSETS_TDAYS":0.23003190432,"PREMIUM_EXPENSE":null,"LOAN_DEPOSIT":null,"LOAN_EQUITY":null,"LOAN_ASSETS":null,"DEPOSIT_EQUITY":null,"DEPOSIT_ASSETS":null,"EQUITY_MULTIPLIER":3.656095844033,"EQUITY_RATIO":2.729792345502}],"count":44},"success":true,"message":"ok","code":0}