{"version":"494e1a1c1f4cb2de6341101e7c275bc8","result":{"pages":6,"data":[{"SECUCODE":"00365.HK","SECURITY_CODE":"00365","SECURITY_NAME_ABBR":"芯成科技","ORG_CODE":"10008857","STD_REPORT_DATE":"2024-06-30 00:00:00","REPORT_DATE":"2024-06-30 00:00:00","DATE_TYPE_CODE":"002","REPORT_TYPE":"2024年中报","PER_NETCASH_OPERATE":-0.006453996234,"PER_OI":0.089448912715,"BPS":0.15800843068,"BASIC_EPS":-0.006753832,"DILUTED_EPS":-0.006753832,"OPERATE_INCOME":130148168,"OPERATE_INCOME_YOY":21.8397286375,"GROSS_PROFIT":59258487.04,"GROSS_PROFIT_YOY":18.355717019387,"HOLDER_PROFIT":-9835952.36,"HOLDER_PROFIT_YOY":61.4542723273,"GROSS_PROFIT_RATIO":45.531556802244,"EPS_TTM":-0.02797609589,"OPERATE_INCOME_QOQ":11.58767196623,"NET_PROFIT_RATIO":-18.5960729313,"ROE_AVG":-4.196299764623,"GROSS_PROFIT_QOQ":16.524785448425,"ROA":-1.11278097668,"HOLDER_PROFIT_QOQ":28.142201562833,"ROE_YEARLY":-8.392599529245,"ROIC_YEARLY":-2.685619091644,"TOTAL_ASSETS":891183647.96,"TOTAL_LIABILITIES":683102647.44,"TAX_EBT":5.194665903972,"OCF_SALES":-7.215287517532,"TOTAL_PARENT_EQUITY":229902266.64,"DEBT_ASSET_RATIO":76.6511648866,"OPERATE_PROFIT":-9825912.88,"PRETAX_PROFIT":-25528572.28,"NETCASH_OPERATE":-9390564.52,"NETCASH_INVEST":-11357389.92,"NETCASH_FINANCE":19098741.68,"END_CASH":164934966.2,"DIVI_RATIO":null,"DIVIDEND_RATE":null,"CURRENT_RATIO":1.180476474882,"COMMON_ACS":2000000000,"CURRENTDEBT_DEBT":50.333485646489,"ISSUED_COMMON_SHARES":1455000000,"HK_COMMON_SHARES":1455000000,"PER_SHARES":2000,"TOTAL_MARKET_CAP":325920000,"HKSK_MARKET_CAP":325920000,"PE_TTM":-7.190416308161,"PB_TTM":1.293857037372,"REPORT_DATE_SQ":"2023-06-30 00:00:00","REPORT_TYPE_SQ":"2023年中报","OPERATE_INCOME_SQ":107907617.22,"DPS_HKD":null,"OPERATE_INCOME_QOQ_SQ":-7.262159429124,"NET_PROFIT_RATIO_SQ":-40.1609719837,"HOLDER_PROFIT_SQ":-25777638.82,"HOLDER_PROFIT_QOQ_SQ":-110.492117899466,"ROE_AVG_SQ":-9.234920876094,"PE_TTM_SQ":-6.268453192625,"PB_TTM_SQ":1.098383192684,"ROA_SQ":-2.577334317844,"START_DATE":"2024-01-01 00:00:00","FISCAL_YEAR":"12-31","CURRENCY":"HKD","IS_CNY_CODE":0,"DPS_HKD_LY":null,"ORG_TYPE":"一般企业","PREMIUM_INCOME":null,"PREMIUM_INCOME_YOY":null,"NET_INTEREST_INCOME":null,"NET_INTEREST_INCOME_YOY":null,"FEE_COMMISSION_INCOME":null,"FEE_COMMISSION_INCOME_YOY":null,"ACCOUNTS_RECE_TDAYS":0.680072585587,"INVENTORY_TDAYS":2.848258159149,"CURRENT_ASSETS_TDAYS":0.335259626371,"TOTAL_ASSETS_TDAYS":0.147241873689,"PREMIUM_EXPENSE":null,"LOAN_DEPOSIT":null,"LOAN_EQUITY":null,"LOAN_ASSETS":null,"DEPOSIT_EQUITY":null,"DEPOSIT_ASSETS":null,"EQUITY_MULTIPLIER":4.282868910347,"EQUITY_RATIO":2.971274087131},{"SECUCODE":"00365.HK","SECURITY_CODE":"00365","SECURITY_NAME_ABBR":"芯成科技","ORG_CODE":"10008857","STD_REPORT_DATE":"2023-12-31 00:00:00","REPORT_DATE":"2023-12-31 00:00:00","DATE_TYPE_CODE":"001","REPORT_TYPE":"2023年年报","PER_NETCASH_OPERATE":0.001976244715,"PER_OI":0.131912621924,"BPS":0.1630230611,"BASIC_EPS":-0.03896746,"DILUTED_EPS":-0.03896746,"OPERATE_INCOME":191932864.9,"OPERATE_INCOME_YOY":-8.369386519,"GROSS_PROFIT":55615627.62,"GROSS_PROFIT_YOY":-34.125406203906,"HOLDER_PROFIT":-56646905.98,"HOLDER_PROFIT_YOY":-152.653490158,"GROSS_PROFIT_RATIO":28.976604735711,"EPS_TTM":-0.03893258143,"OPERATE_INCOME_QOQ":0.032485795826,"NET_PROFIT_RATIO":-50.4317854529,"ROE_AVG":-21.611763404279,"GROSS_PROFIT_QOQ":-29.497280052112,"ROA":-5.901966865936,"HOLDER_PROFIT_QOQ":-22.947760826354,"ROE_YEARLY":-21.611763404279,"ROIC_YEARLY":-7.654586610811,"TOTAL_ASSETS":870426122.44,"TOTAL_LIABILITIES":640629573.5,"TAX_EBT":-0.326501766784,"OCF_SALES":1.498146792889,"TOTAL_PARENT_EQUITY":237198553.9,"DEBT_ASSET_RATIO":73.5995344101,"OPERATE_PROFIT":-41750461.62,"PRETAX_PROFIT":-64115065,"NETCASH_OPERATE":2875436.06,"NETCASH_INVEST":-31393273.24,"NETCASH_FINANCE":-52039683.5,"END_CASH":165991411.18,"DIVI_RATIO":null,"DIVIDEND_RATE":null,"CURRENT_RATIO":1.234886692015,"COMMON_ACS":2000000000,"CURRENTDEBT_DEBT":46.50422604944,"ISSUED_COMMON_SHARES":1455000000,"HK_COMMON_SHARES":1455000000,"PER_SHARES":2000,"TOTAL_MARKET_CAP":296820000,"HKSK_MARKET_CAP":296820000,"PE_TTM":-6.548414852075,"PB_TTM":1.178334087607,"REPORT_DATE_SQ":"2022-12-31 00:00:00","REPORT_TYPE_SQ":"2022年年报","OPERATE_INCOME_SQ":206470427.8,"DPS_HKD":null,"OPERATE_INCOME_QOQ_SQ":-7.556900410923,"NET_PROFIT_RATIO_SQ":-14.2874412821,"HOLDER_PROFIT_SQ":-22100393.07,"HOLDER_PROFIT_QOQ_SQ":-1034.46180393461,"ROE_AVG_SQ":-7.363500727966,"PE_TTM_SQ":-5.837137605976,"PB_TTM_SQ":1.022806367499,"ROA_SQ":-2.556019852338,"START_DATE":"2023-01-01 00:00:00","FISCAL_YEAR":"12-31","CURRENCY":"HKD","IS_CNY_CODE":0,"DPS_HKD_LY":null,"ORG_TYPE":"一般企业","PREMIUM_INCOME":null,"PREMIUM_INCOME_YOY":null,"NET_INTEREST_INCOME":null,"NET_INTEREST_INCOME_YOY":null,"FEE_COMMISSION_INCOME":null,"FEE_COMMISSION_INCOME_YOY":null,"ACCOUNTS_RECE_TDAYS":0.935698996463,"INVENTORY_TDAYS":6.329644435094,"CURRENT_ASSETS_TDAYS":0.436823570055,"TOTAL_ASSETS_TDAYS":0.199972335563,"PREMIUM_EXPENSE":null,"LOAN_DEPOSIT":null,"LOAN_EQUITY":null,"LOAN_ASSETS":null,"DEPOSIT_EQUITY":null,"DEPOSIT_ASSETS":null,"EQUITY_MULTIPLIER":3.787811986098,"EQUITY_RATIO":2.700815679383},{"SECUCODE":"00365.HK","SECURITY_CODE":"00365","SECURITY_NAME_ABBR":"芯成科技","ORG_CODE":"10008857","STD_REPORT_DATE":"2023-06-30 00:00:00","REPORT_DATE":"2023-06-30 00:00:00","DATE_TYPE_CODE":"002","REPORT_TYPE":"2023年中报","PER_NETCASH_OPERATE":-0.034615754942,"PER_OI":0.074163310804,"BPS":0.182988633966,"BASIC_EPS":-0.017702016,"DILUTED_EPS":-0.017702016,"OPERATE_INCOME":107907617.22,"OPERATE_INCOME_YOY":-18.5809988243,"GROSS_PROFIT":50068123.9,"GROSS_PROFIT_YOY":-10.649229330738,"HOLDER_PROFIT":-25777638.82,"HOLDER_PROFIT_YOY":-1401.5574650913,"GROSS_PROFIT_RATIO":46.39906356001,"EPS_TTM":-0.031665954034,"OPERATE_INCOME_QOQ":-7.262159429124,"NET_PROFIT_RATIO":-40.1609719837,"ROE_AVG":-9.234920876094,"GROSS_PROFIT_QOQ":-7.032675177218,"ROA":-2.577334317844,"HOLDER_PROFIT_QOQ":-110.492117899466,"ROE_YEARLY":-18.469841752187,"ROIC_YEARLY":-6.714312130622,"TOTAL_ASSETS":932919292.7,"TOTAL_LIABILITIES":650528804.44,"TAX_EBT":-1.131718232282,"OCF_SALES":-46.67503994395,"TOTAL_PARENT_EQUITY":266248462.42,"DEBT_ASSET_RATIO":69.7304482317,"OPERATE_PROFIT":-28214431.96,"PRETAX_PROFIT":-42851786.44,"NETCASH_OPERATE":-50365923.44,"NETCASH_INVEST":-16141103.86,"NETCASH_FINANCE":-19550585.9,"END_CASH":162695356.74,"DIVI_RATIO":null,"DIVIDEND_RATE":null,"CURRENT_RATIO":1.860007722579,"COMMON_ACS":2000000000,"CURRENTDEBT_DEBT":34.502492991562,"ISSUED_COMMON_SHARES":1455000000,"HK_COMMON_SHARES":1455000000,"PER_SHARES":2000,"TOTAL_MARKET_CAP":302640000,"HKSK_MARKET_CAP":302640000,"PE_TTM":-6.676815143292,"PB_TTM":1.20143867756,"REPORT_DATE_SQ":"2022-06-30 00:00:00","REPORT_TYPE_SQ":"2022年中报","OPERATE_INCOME_SQ":122932707.31,"DPS_HKD":null,"OPERATE_INCOME_QOQ_SQ":-15.246244866294,"NET_PROFIT_RATIO_SQ":-1.2953133587,"HOLDER_PROFIT_SQ":-1592363.78,"HOLDER_PROFIT_QOQ_SQ":-92.516191319829,"ROE_AVG_SQ":-0.540635493504,"PE_TTM_SQ":-6.843540641489,"PB_TTM_SQ":1.19915229293,"ROA_SQ":-0.245251382667,"START_DATE":"2023-01-01 00:00:00","FISCAL_YEAR":"12-31","CURRENCY":"HKD","IS_CNY_CODE":0,"DPS_HKD_LY":null,"ORG_TYPE":"一般企业","PREMIUM_INCOME":null,"PREMIUM_INCOME_YOY":null,"NET_INTEREST_INCOME":null,"NET_INTEREST_INCOME_YOY":null,"FEE_COMMISSION_INCOME":null,"FEE_COMMISSION_INCOME_YOY":null,"ACCOUNTS_RECE_TDAYS":0.462785833192,"INVENTORY_TDAYS":2.067903879751,"CURRENT_ASSETS_TDAYS":0.230269345033,"TOTAL_ASSETS_TDAYS":0.107889635261,"PREMIUM_EXPENSE":null,"LOAN_DEPOSIT":null,"LOAN_EQUITY":null,"LOAN_ASSETS":null,"DEPOSIT_EQUITY":null,"DEPOSIT_ASSETS":null,"EQUITY_MULTIPLIER":3.30364984475,"EQUITY_RATIO":2.44331478397},{"SECUCODE":"00365.HK","SECURITY_CODE":"00365","SECURITY_NAME_ABBR":"芯成科技","ORG_CODE":"10008857","STD_REPORT_DATE":"2022-12-31 00:00:00","REPORT_DATE":"2022-12-31 00:00:00","DATE_TYPE_CODE":"001","REPORT_TYPE":"2022年年报","PER_NETCASH_OPERATE":-0.052834311292,"PER_OI":0.141904074089,"BPS":0.194594111533,"BASIC_EPS":-0.01518559,"DILUTED_EPS":-0.01518559,"OPERATE_INCOME":206470427.8,"OPERATE_INCOME_YOY":-28.2880417114,"GROSS_PROFIT":84426520.78,"GROSS_PROFIT_YOY":-27.193028103397,"HOLDER_PROFIT":-22100393.07,"HOLDER_PROFIT_YOY":-164.0091949219,"GROSS_PROFIT_RATIO":41.011847195358,"EPS_TTM":-0.015043771876,"OPERATE_INCOME_QOQ":-7.556900410923,"NET_PROFIT_RATIO":-14.2874412821,"ROE_AVG":-7.363500727966,"GROSS_PROFIT_QOQ":-8.662399034332,"ROA":-2.556019852338,"HOLDER_PROFIT_QOQ":-1034.46180393461,"ROE_YEARLY":-7.363500727966,"ROIC_YEARLY":-3.773053249108,"TOTAL_ASSETS":1034175303.07,"TOTAL_LIABILITIES":718600877.47,"TAX_EBT":2.235069006229,"OCF_SALES":-37.155895965736,"TOTAL_PARENT_EQUITY":282922727.29,"DEBT_ASSET_RATIO":69.4649321394,"OPERATE_PROFIT":-18723832.47,"PRETAX_PROFIT":-21941391.01,"NETCASH_OPERATE":-77320557.93,"NETCASH_INVEST":-276579617.02,"NETCASH_FINANCE":335439857.13,"END_CASH":244261108.42,"DIVI_RATIO":null,"DIVIDEND_RATE":null,"CURRENT_RATIO":1.653538734099,"COMMON_ACS":2000000000,"CURRENTDEBT_DEBT":42.37955600085,"ISSUED_COMMON_SHARES":1455000000,"HK_COMMON_SHARES":1455000000,"PER_SHARES":2000,"TOTAL_MARKET_CAP":296820000,"HKSK_MARKET_CAP":296820000,"PE_TTM":-6.548414852075,"PB_TTM":1.178334087607,"REPORT_DATE_SQ":"2021-12-31 00:00:00","REPORT_TYPE_SQ":"2021年年报","OPERATE_INCOME_SQ":264069265.6,"DPS_HKD":null,"OPERATE_INCOME_QOQ_SQ":7.975377416672,"NET_PROFIT_RATIO_SQ":11.8527096021,"HOLDER_PROFIT_SQ":31299363.2,"HOLDER_PROFIT_QOQ_SQ":105.044478760199,"ROE_AVG_SQ":11.639350991102,"PE_TTM_SQ":-5.837137605976,"PB_TTM_SQ":1.022806367499,"ROA_SQ":5.061008539675,"START_DATE":"2022-01-01 00:00:00","FISCAL_YEAR":"12-31","CURRENCY":"HKD","IS_CNY_CODE":0,"DPS_HKD_LY":null,"ORG_TYPE":"一般企业","PREMIUM_INCOME":null,"PREMIUM_INCOME_YOY":null,"NET_INTEREST_INCOME":null,"NET_INTEREST_INCOME_YOY":null,"FEE_COMMISSION_INCOME":null,"FEE_COMMISSION_INCOME_YOY":null,"ACCOUNTS_RECE_TDAYS":0.917810422155,"INVENTORY_TDAYS":3.792269793907,"CURRENT_ASSETS_TDAYS":0.399884669902,"TOTAL_ASSETS_TDAYS":0.241599369131,"PREMIUM_EXPENSE":null,"LOAN_DEPOSIT":null,"LOAN_EQUITY":null,"LOAN_ASSETS":null,"DEPOSIT_EQUITY":null,"DEPOSIT_ASSETS":null,"EQUITY_MULTIPLIER":3.274923129581,"EQUITY_RATIO":2.53991923644},{"SECUCODE":"00365.HK","SECURITY_CODE":"00365","SECURITY_NAME_ABBR":"芯成科技","ORG_CODE":"10008857","STD_REPORT_DATE":"2022-06-30 00:00:00","REPORT_DATE":"2022-06-30 00:00:00","DATE_TYPE_CODE":"002","REPORT_TYPE":"2022年中报","PER_NETCASH_OPERATE":-0.015544474179,"PER_OI":0.084489833203,"BPS":0.199973397732,"BASIC_EPS":-0.001111747,"DILUTED_EPS":-0.001111747,"OPERATE_INCOME":122932707.31,"OPERATE_INCOME_YOY":-26.706164883,"GROSS_PROFIT":56035469.56,"GROSS_PROFIT_YOY":-29.154991036709,"HOLDER_PROFIT":-1592363.78,"HOLDER_PROFIT_YOY":-105.6618116581,"GROSS_PROFIT_RATIO":45.582230137253,"EPS_TTM":0.001609886227,"OPERATE_INCOME_QOQ":-15.246244866294,"NET_PROFIT_RATIO":-1.2953133587,"ROE_AVG":-0.540635493504,"GROSS_PROFIT_QOQ":-19.886609441852,"ROA":-0.245251382667,"HOLDER_PROFIT_QOQ":-92.516191319829,"ROE_YEARLY":-1.081270987008,"ROIC_YEARLY":-0.792022773845,"TOTAL_ASSETS":648941262.13,"TOTAL_LIABILITIES":357979968.43,"TAX_EBT":-3.501945525292,"OCF_SALES":-18.398041029851,"TOTAL_PARENT_EQUITY":290961293.7,"DEBT_ASSET_RATIO":55.1636934374,"OPERATE_PROFIT":-1008269.01,"PRETAX_PROFIT":-1538486.81,"NETCASH_OPERATE":-22617209.93,"NETCASH_INVEST":-4553886.75,"NETCASH_FINANCE":-1472637.18,"END_CASH":230561789.57,"DIVI_RATIO":null,"DIVIDEND_RATE":null,"CURRENT_RATIO":1.845448293091,"COMMON_ACS":2000000000,"CURRENTDEBT_DEBT":77.458988000392,"ISSUED_COMMON_SHARES":1455000000,"HK_COMMON_SHARES":1455000000,"PER_SHARES":2000,"TOTAL_MARKET_CAP":296820000,"HKSK_MARKET_CAP":296820000,"PE_TTM":-6.548414852075,"PB_TTM":1.178334087607,"REPORT_DATE_SQ":"2021-06-30 00:00:00","REPORT_TYPE_SQ":"2021年中报","OPERATE_INCOME_SQ":163193354.16,"DPS_HKD":null,"OPERATE_INCOME_QOQ_SQ":7.399724899974,"NET_PROFIT_RATIO_SQ":16.7682165128,"HOLDER_PROFIT_SQ":27364614.96,"HOLDER_PROFIT_QOQ_SQ":-7.700680351085,"ROE_AVG_SQ":10.097421836861,"PE_TTM_SQ":-5.837137605976,"PB_TTM_SQ":1.022806367499,"ROA_SQ":3.654651187342,"START_DATE":"2022-01-01 00:00:00","FISCAL_YEAR":"12-31","CURRENCY":"HKD","IS_CNY_CODE":0,"DPS_HKD_LY":null,"ORG_TYPE":"一般企业","PREMIUM_INCOME":null,"PREMIUM_INCOME_YOY":null,"NET_INTEREST_INCOME":null,"NET_INTEREST_INCOME_YOY":null,"FEE_COMMISSION_INCOME":null,"FEE_COMMISSION_INCOME_YOY":null,"ACCOUNTS_RECE_TDAYS":0.543856927745,"INVENTORY_TDAYS":1.828990285133,"CURRENT_ASSETS_TDAYS":0.240977730988,"TOTAL_ASSETS_TDAYS":0.189337491982,"PREMIUM_EXPENSE":null,"LOAN_DEPOSIT":null,"LOAN_EQUITY":null,"LOAN_ASSETS":null,"DEPOSIT_EQUITY":null,"DEPOSIT_ASSETS":null,"EQUITY_MULTIPLIER":2.230335361375,"EQUITY_RATIO":1.230335361373},{"SECUCODE":"00365.HK","SECURITY_CODE":"00365","SECURITY_NAME_ABBR":"芯成科技","ORG_CODE":"10008857","STD_REPORT_DATE":"2021-12-31 00:00:00","REPORT_DATE":"2021-12-31 00:00:00","DATE_TYPE_CODE":"001","REPORT_TYPE":"2021年年报","PER_NETCASH_OPERATE":0.063806515464,"PER_OI":0.181490904192,"BPS":0.195880664192,"BASIC_EPS":0.02150288,"DILUTED_EPS":0.02150288,"OPERATE_INCOME":264069265.6,"OPERATE_INCOME_YOY":19.375,"GROSS_PROFIT":115959390.4,"GROSS_PROFIT_YOY":2.450810062953,"HOLDER_PROFIT":31299363.2,"HOLDER_PROFIT_YOY":94.8193384224,"GROSS_PROFIT_RATIO":43.912490208402,"EPS_TTM":0.021511589828,"OPERATE_INCOME_QOQ":7.975377416672,"NET_PROFIT_RATIO":11.8527096021,"ROE_AVG":11.639350991102,"GROSS_PROFIT_QOQ":0.517547427325,"ROA":5.061008539675,"HOLDER_PROFIT_QOQ":105.044478760199,"ROE_YEARLY":11.639350991102,"ROIC_YEARLY":7.03874971271,"TOTAL_ASSETS":621061224,"TOTAL_LIABILITIES":336054857.6,"TAX_EBT":17.524129610479,"OCF_SALES":35.156866812599,"TOTAL_PARENT_EQUITY":285006366.4,"DEBT_ASSET_RATIO":54.1097792961,"OPERATE_PROFIT":35353024,"PRETAX_PROFIT":37949721.6,"NETCASH_OPERATE":92838480,"NETCASH_INVEST":193477681.6,"NETCASH_FINANCE":-131928753.6,"END_CASH":252198531.2,"DIVI_RATIO":null,"DIVIDEND_RATE":null,"CURRENT_RATIO":1.483017117548,"COMMON_ACS":2000000000,"CURRENTDEBT_DEBT":97.558791901242,"ISSUED_COMMON_SHARES":1455000000,"HK_COMMON_SHARES":1455000000,"PER_SHARES":2000,"TOTAL_MARKET_CAP":296820000,"HKSK_MARKET_CAP":296820000,"PE_TTM":-6.548414852075,"PB_TTM":1.178334087607,"REPORT_DATE_SQ":"2020-12-31 00:00:00","REPORT_TYPE_SQ":"2020年年报","OPERATE_INCOME_SQ":227714118.4,"DPS_HKD":null,"OPERATE_INCOME_QOQ_SQ":-6.01577855985,"NET_PROFIT_RATIO_SQ":7.2627143702,"HOLDER_PROFIT_SQ":16538226,"HOLDER_PROFIT_QOQ_SQ":-17.729227657309,"ROE_AVG_SQ":6.565757818765,"PE_TTM_SQ":-5.837137605976,"PB_TTM_SQ":1.022806367499,"ROA_SQ":2.647397029392,"START_DATE":"2021-01-01 00:00:00","FISCAL_YEAR":"12-31","CURRENCY":"HKD","IS_CNY_CODE":0,"DPS_HKD_LY":null,"ORG_TYPE":"一般企业","PREMIUM_INCOME":null,"PREMIUM_INCOME_YOY":null,"NET_INTEREST_INCOME":null,"NET_INTEREST_INCOME_YOY":null,"FEE_COMMISSION_INCOME":null,"FEE_COMMISSION_INCOME_YOY":null,"ACCOUNTS_RECE_TDAYS":1.687329396,"INVENTORY_TDAYS":4.321786430003,"CURRENT_ASSETS_TDAYS":0.690087580043,"TOTAL_ASSETS_TDAYS":0.426991693003,"PREMIUM_EXPENSE":null,"LOAN_DEPOSIT":null,"LOAN_EQUITY":null,"LOAN_ASSETS":null,"DEPOSIT_EQUITY":null,"DEPOSIT_ASSETS":null,"EQUITY_MULTIPLIER":2.179113511901,"EQUITY_RATIO":1.179113511901},{"SECUCODE":"00365.HK","SECURITY_CODE":"00365","SECURITY_NAME_ABBR":"芯成科技","ORG_CODE":"10008857","STD_REPORT_DATE":"2021-06-30 00:00:00","REPORT_DATE":"2021-06-30 00:00:00","DATE_TYPE_CODE":"002","REPORT_TYPE":"2021年中报","PER_NETCASH_OPERATE":0.147053412619,"PER_OI":0.112160380866,"BPS":0.195684628454,"BASIC_EPS":0.018805008,"DILUTED_EPS":0.018805008,"OPERATE_INCOME":163193354.16,"OPERATE_INCOME_YOY":22.4179363464,"GROSS_PROFIT":79095860.64,"GROSS_PROFIT_YOY":2.830128289293,"HOLDER_PROFIT":27364614.96,"HOLDER_PROFIT_YOY":4.8960193927,"GROSS_PROFIT_RATIO":48.467574581776,"EPS_TTM":0.010491182186,"OPERATE_INCOME_QOQ":7.399724899974,"NET_PROFIT_RATIO":16.7682165128,"ROE_AVG":10.097421836861,"GROSS_PROFIT_QOQ":1.923308601441,"ROA":3.654651187342,"HOLDER_PROFIT_QOQ":-7.700680351085,"ROE_YEARLY":20.194843673721,"ROIC_YEARLY":9.87734041339,"TOTAL_ASSETS":870795018.24,"TOTAL_LIABILITIES":586073883.84,"TAX_EBT":12.944384149085,"OCF_SALES":131.109944066855,"TOTAL_PARENT_EQUITY":284721134.4,"DEBT_ASSET_RATIO":67.3033115215,"OPERATE_PROFIT":35528151.84,"PRETAX_PROFIT":31433486.16,"NETCASH_OPERATE":213962715.36,"NETCASH_INVEST":104903653.92,"NETCASH_FINANCE":-125817984.72,"END_CASH":292317192.72,"DIVI_RATIO":null,"DIVIDEND_RATE":null,"CURRENT_RATIO":0.916810234096,"COMMON_ACS":2000000000,"CURRENTDEBT_DEBT":97.819685723534,"ISSUED_COMMON_SHARES":1455000000,"HK_COMMON_SHARES":1455000000,"PER_SHARES":2000,"TOTAL_MARKET_CAP":296820000,"HKSK_MARKET_CAP":296820000,"PE_TTM":-6.548414852075,"PB_TTM":1.178334087607,"REPORT_DATE_SQ":"2020-06-30 00:00:00","REPORT_TYPE_SQ":"2020年中报","OPERATE_INCOME_SQ":146343135.84,"DPS_HKD":null,"OPERATE_INCOME_QOQ_SQ":34.457658599812,"NET_PROFIT_RATIO_SQ":19.5691931266,"HOLDER_PROFIT_SQ":28638170.88,"HOLDER_PROFIT_QOQ_SQ":265.335509157367,"ROE_AVG_SQ":9.85075564772,"PE_TTM_SQ":-5.837137605976,"PB_TTM_SQ":1.022806367499,"ROA_SQ":4.336445185504,"START_DATE":"2021-01-01 00:00:00","FISCAL_YEAR":"12-31","CURRENCY":"HKD","IS_CNY_CODE":0,"DPS_HKD_LY":null,"ORG_TYPE":"一般企业","PREMIUM_INCOME":null,"PREMIUM_INCOME_YOY":null,"NET_INTEREST_INCOME":null,"NET_INTEREST_INCOME_YOY":null,"FEE_COMMISSION_INCOME":null,"FEE_COMMISSION_INCOME_YOY":null,"ACCOUNTS_RECE_TDAYS":1.081069014081,"INVENTORY_TDAYS":2.060950244698,"CURRENT_ASSETS_TDAYS":0.403116373809,"TOTAL_ASSETS_TDAYS":0.217951097218,"PREMIUM_EXPENSE":null,"LOAN_DEPOSIT":null,"LOAN_EQUITY":null,"LOAN_ASSETS":null,"DEPOSIT_EQUITY":null,"DEPOSIT_ASSETS":null,"EQUITY_MULTIPLIER":3.058413700389,"EQUITY_RATIO":2.058413700392},{"SECUCODE":"00365.HK","SECURITY_CODE":"00365","SECURITY_NAME_ABBR":"芯成科技","ORG_CODE":"10008857","STD_REPORT_DATE":"2020-12-31 00:00:00","REPORT_DATE":"2020-12-31 00:00:00","DATE_TYPE_CODE":"001","REPORT_TYPE":"2020年年报","PER_NETCASH_OPERATE":-0.02264271901,"PER_OI":0.156504548729,"BPS":0.178863828838,"BASIC_EPS":0.01136214,"DILUTED_EPS":0.01136214,"OPERATE_INCOME":227714118.4,"OPERATE_INCOME_YOY":34.4978947421,"GROSS_PROFIT":113185430.48,"GROSS_PROFIT_YOY":49.843519663545,"HOLDER_PROFIT":16538226,"HOLDER_PROFIT_YOY":269.2360692447,"GROSS_PROFIT_RATIO":49.705056179775,"EPS_TTM":0.011366478351,"OPERATE_INCOME_QOQ":-6.01577855985,"NET_PROFIT_RATIO":7.2627143702,"ROE_AVG":6.565757818765,"GROSS_PROFIT_QOQ":-6.740907895473,"ROA":2.647397029392,"HOLDER_PROFIT_QOQ":-17.729227657309,"ROE_YEARLY":6.565757818765,"ROIC_YEARLY":2.967247028978,"TOTAL_ASSETS":633928297.84,"TOTAL_LIABILITIES":373681426.88,"TAX_EBT":22.175135648937,"OCF_SALES":-14.46777054997,"TOTAL_PARENT_EQUITY":260246870.96,"DEBT_ASSET_RATIO":58.9469547508,"OPERATE_PROFIT":28435649.04,"PRETAX_PROFIT":21250568.36,"NETCASH_OPERATE":80501182.72,"NETCASH_INVEST":-5789641.56,"NETCASH_FINANCE":-13167457.8,"END_CASH":98142798.76,"DIVI_RATIO":null,"DIVIDEND_RATE":null,"CURRENT_RATIO":1.017820353426,"COMMON_ACS":2000000000,"CURRENTDEBT_DEBT":75.542577343736,"ISSUED_COMMON_SHARES":1455000000,"HK_COMMON_SHARES":1455000000,"PER_SHARES":2000,"TOTAL_MARKET_CAP":296820000,"HKSK_MARKET_CAP":296820000,"PE_TTM":-6.548414852075,"PB_TTM":1.178334087607,"REPORT_DATE_SQ":"2019-12-31 00:00:00","REPORT_TYPE_SQ":"2019年年报","OPERATE_INCOME_SQ":180197792.14,"DPS_HKD":null,"OPERATE_INCOME_QOQ_SQ":48.797805816724,"NET_PROFIT_RATIO_SQ":-6.747264656,"HOLDER_PROFIT_SQ":-10400901.58,"HOLDER_PROFIT_QOQ_SQ":73.589852422875,"ROE_AVG_SQ":-4.222475590806,"PE_TTM_SQ":-5.837137605976,"PB_TTM_SQ":1.022806367499,"ROA_SQ":-1.935518831131,"START_DATE":"2020-01-01 00:00:00","FISCAL_YEAR":"12-31","CURRENCY":"HKD","IS_CNY_CODE":0,"DPS_HKD_LY":null,"ORG_TYPE":"一般企业","PREMIUM_INCOME":null,"PREMIUM_INCOME_YOY":null,"NET_INTEREST_INCOME":null,"NET_INTEREST_INCOME_YOY":null,"FEE_COMMISSION_INCOME":null,"FEE_COMMISSION_INCOME_YOY":null,"ACCOUNTS_RECE_TDAYS":2.717134234827,"INVENTORY_TDAYS":4.319045276372,"CURRENT_ASSETS_TDAYS":0.843384948683,"TOTAL_ASSETS_TDAYS":0.364518951792,"PREMIUM_EXPENSE":null,"LOAN_DEPOSIT":null,"LOAN_EQUITY":null,"LOAN_ASSETS":null,"DEPOSIT_EQUITY":null,"DEPOSIT_ASSETS":null,"EQUITY_MULTIPLIER":2.435872890622,"EQUITY_RATIO":1.435872890619},{"SECUCODE":"00365.HK","SECURITY_CODE":"00365","SECURITY_NAME_ABBR":"芯成科技","ORG_CODE":"10008857","STD_REPORT_DATE":"2020-06-30 00:00:00","REPORT_DATE":"2020-06-30 00:00:00","DATE_TYPE_CODE":"002","REPORT_TYPE":"2020年中报","PER_NETCASH_OPERATE":-0.037343059464,"PER_OI":0.100579474804,"BPS":0.217966245608,"BASIC_EPS":0.01963896,"DILUTED_EPS":0.01963896,"OPERATE_INCOME":146343135.84,"OPERATE_INCOME_YOY":67.2750242751,"GROSS_PROFIT":76918955.52,"GROSS_PROFIT_YOY":147.42279021153,"HOLDER_PROFIT":28638170.88,"HOLDER_PROFIT_YOY":861.3404565323,"GROSS_PROFIT_RATIO":52.56068559587,"EPS_TTM":0.013815937333,"OPERATE_INCOME_QOQ":34.457658599812,"NET_PROFIT_RATIO":19.5691931266,"ROE_AVG":9.85075564772,"GROSS_PROFIT_QOQ":60.674435362931,"ROA":4.336445185504,"HOLDER_PROFIT_QOQ":265.335509157367,"ROE_YEARLY":19.701511295441,"ROIC_YEARLY":9.778401559454,"TOTAL_ASSETS":652841048.64,"TOTAL_LIABILITIES":335700161.28,"TAX_EBT":19.191710912934,"OCF_SALES":-37.127912565305,"TOTAL_PARENT_EQUITY":317140887.36,"DEBT_ASSET_RATIO":51.4214236343,"OPERATE_PROFIT":43686181.44,"PRETAX_PROFIT":35439645.12,"NETCASH_OPERATE":-54334151.52,"NETCASH_INVEST":136398514.56,"NETCASH_FINANCE":-13134353.76,"END_CASH":109675827.36,"DIVI_RATIO":null,"DIVIDEND_RATE":null,"CURRENT_RATIO":2.417088863077,"COMMON_ACS":2000000000,"CURRENTDEBT_DEBT":33.029941879449,"ISSUED_COMMON_SHARES":1455000000,"HK_COMMON_SHARES":1455000000,"PER_SHARES":2000,"TOTAL_MARKET_CAP":296820000,"HKSK_MARKET_CAP":296820000,"PE_TTM":-6.548414852075,"PB_TTM":1.178334087607,"REPORT_DATE_SQ":"2019-06-30 00:00:00","REPORT_TYPE_SQ":"2019年中报","OPERATE_INCOME_SQ":84251195.82,"DPS_HKD":null,"OPERATE_INCOME_QOQ_SQ":93.43240070467,"NET_PROFIT_RATIO_SQ":-4.2995708782,"HOLDER_PROFIT_SQ":-3622439.88,"HOLDER_PROFIT_QOQ_SQ":57.255118682617,"ROE_AVG_SQ":-1.263256059365,"PE_TTM_SQ":-5.837137605976,"PB_TTM_SQ":1.022806367499,"ROA_SQ":-0.601037146664,"START_DATE":"2020-01-01 00:00:00","FISCAL_YEAR":"12-31","CURRENCY":"HKD","IS_CNY_CODE":0,"DPS_HKD_LY":null,"ORG_TYPE":"一般企业","PREMIUM_INCOME":null,"PREMIUM_INCOME_YOY":null,"NET_INTEREST_INCOME":null,"NET_INTEREST_INCOME_YOY":null,"FEE_COMMISSION_INCOME":null,"FEE_COMMISSION_INCOME_YOY":null,"ACCOUNTS_RECE_TDAYS":2.220203573977,"INVENTORY_TDAYS":2.68225371001,"CURRENT_ASSETS_TDAYS":0.539764467272,"TOTAL_ASSETS_TDAYS":0.221595502556,"PREMIUM_EXPENSE":null,"LOAN_DEPOSIT":null,"LOAN_EQUITY":null,"LOAN_ASSETS":null,"DEPOSIT_EQUITY":null,"DEPOSIT_ASSETS":null,"EQUITY_MULTIPLIER":2.058520596553,"EQUITY_RATIO":1.058520596554}],"count":46},"success":true,"message":"ok","code":0}