{"version":"3bf2a10d303bcd27998aa4aba8e157e3","result":{"pages":6,"data":[{"SECUCODE":"00369.HK","SECURITY_CODE":"00369","SECURITY_NAME_ABBR":"永泰地产","ORG_CODE":"10008860","STD_REPORT_DATE":"2024-06-30 00:00:00","REPORT_DATE":"2024-06-30 00:00:00","DATE_TYPE_CODE":"002","REPORT_TYPE":"2024年中报","PER_NETCASH_OPERATE":-0.02797486015,"PER_OI":0.37678639764,"BPS":15.39362493838,"BASIC_EPS":-0.9035532,"DILUTED_EPS":-0.9035532,"OPERATE_INCOME":511374604,"OPERATE_INCOME_YOY":17.3894825058,"GROSS_PROFIT":280649100,"GROSS_PROFIT_YOY":-2.903269030631,"HOLDER_PROFIT":-1220344428,"HOLDER_PROFIT_YOY":-257.3222875468,"GROSS_PROFIT_RATIO":54.88131358201,"EPS_TTM":-1.239491198189,"OPERATE_INCOME_QOQ":8.918111833253,"NET_PROFIT_RATIO":-243.012671783,"ROE_AVG":-5.637633130107,"GROSS_PROFIT_QOQ":-1.360369648054,"ROA":-4.020905944301,"HOLDER_PROFIT_QOQ":-108.482013782634,"ROE_YEARLY":-11.275266260214,"ROIC_YEARLY":-9.251654552311,"TOTAL_ASSETS":29679714724,"TOTAL_LIABILITIES":7235179432,"TAX_EBT":-2.902055622733,"OCF_SALES":-7.424593967517,"TOTAL_PARENT_EQUITY":20986802796,"DEBT_ASSET_RATIO":24.3775235014,"OPERATE_PROFIT":-1125516976,"PRETAX_PROFIT":-1207658176,"NETCASH_OPERATE":-37967488,"NETCASH_INVEST":291327456,"NETCASH_FINANCE":-68359732,"END_CASH":1409725528,"DIVI_RATIO":-0.080579838038,"DIVIDEND_RATE":6.748466257669,"CURRENT_RATIO":1.823708437952,"COMMON_ACS":2000000000,"CURRENTDEBT_DEBT":49.73761889144,"ISSUED_COMMON_SHARES":1363343779,"HK_COMMON_SHARES":1363343779,"PER_SHARES":2000,"TOTAL_MARKET_CAP":2222250359.77,"HKSK_MARKET_CAP":2222250359.77,"PE_TTM":-1.199077515659,"PB_TTM":0.096641850503,"REPORT_DATE_SQ":"2023-06-30 00:00:00","REPORT_TYPE_SQ":"2023年中报","OPERATE_INCOME_SQ":440061054,"DPS_HKD":0.11,"OPERATE_INCOME_QOQ_SQ":-8.067621228675,"NET_PROFIT_RATIO_SQ":-69.9769536979,"HOLDER_PROFIT_SQ":-345004916,"HOLDER_PROFIT_QOQ_SQ":-137.830247500963,"ROE_AVG_SQ":-1.476128299297,"PE_TTM_SQ":-2.633908319748,"PB_TTM_SQ":0.135636475831,"ROA_SQ":-1.062548981748,"START_DATE":"2024-01-01 00:00:00","FISCAL_YEAR":"12-31","CURRENCY":"HKD","IS_CNY_CODE":0,"DPS_HKD_LY":0.11,"ORG_TYPE":"一般企业","PREMIUM_INCOME":null,"PREMIUM_INCOME_YOY":null,"NET_INTEREST_INCOME":null,"NET_INTEREST_INCOME_YOY":null,"FEE_COMMISSION_INCOME":null,"FEE_COMMISSION_INCOME_YOY":null,"ACCOUNTS_RECE_TDAYS":1.435010884876,"INVENTORY_TDAYS":0.069292547214,"CURRENT_ASSETS_TDAYS":0.073821789483,"TOTAL_ASSETS_TDAYS":0.016849252865,"PREMIUM_EXPENSE":null,"LOAN_DEPOSIT":null,"LOAN_EQUITY":null,"LOAN_ASSETS":null,"DEPOSIT_EQUITY":null,"DEPOSIT_ASSETS":null,"EQUITY_MULTIPLIER":1.322358174846,"EQUITY_RATIO":0.34474900738},{"SECUCODE":"00369.HK","SECURITY_CODE":"00369","SECURITY_NAME_ABBR":"永泰地产","ORG_CODE":"10008860","STD_REPORT_DATE":"2023-12-31 00:00:00","REPORT_DATE":"2023-12-31 00:00:00","DATE_TYPE_CODE":"001","REPORT_TYPE":"2023年年报","PER_NETCASH_OPERATE":0.341935725464,"PER_OI":0.589189775727,"BPS":16.24543109607,"BASIC_EPS":-0.5981052,"DILUTED_EPS":-0.5981052,"OPERATE_INCOME":799648528,"OPERATE_INCOME_YOY":-78.4607122806,"GROSS_PROFIT":616863954,"GROSS_PROFIT_YOY":-56.087478717182,"HOLDER_PROFIT":-806898288,"HOLDER_PROFIT_YOY":-64.8888888889,"GROSS_PROFIT_RATIO":77.141885766093,"EPS_TTM":-0.594531478136,"OPERATE_INCOME_QOQ":-76.230845485756,"NET_PROFIT_RATIO":-92.0670897552,"ROE_AVG":-3.55272529222,"GROSS_PROFIT_QOQ":-52.05944216163,"ROA":-2.562770463092,"HOLDER_PROFIT_QOQ":29.664399818713,"ROE_YEARLY":-3.55272529222,"ROIC_YEARLY":-2.9047017086,"TOTAL_ASSETS":30800695982,"TOTAL_LIABILITIES":7153247570,"TAX_EBT":-5.698672911788,"OCF_SALES":58.034904805077,"TOTAL_PARENT_EQUITY":22148107422,"DEBT_ASSET_RATIO":23.2243049773,"OPERATE_PROFIT":-418220530,"PRETAX_PROFIT":-696520692,"NETCASH_OPERATE":464075262,"NETCASH_INVEST":65610328,"NETCASH_FINANCE":-322523698,"END_CASH":1216056618,"DIVI_RATIO":-0.167994469045,"DIVIDEND_RATE":6.145251396648,"CURRENT_RATIO":2.196799296065,"COMMON_ACS":2000000000,"CURRENTDEBT_DEBT":46.072084626592,"ISSUED_COMMON_SHARES":1363343779,"HK_COMMON_SHARES":1363343779,"PER_SHARES":2000,"TOTAL_MARKET_CAP":2440385364.41,"HKSK_MARKET_CAP":2440385364.41,"PE_TTM":-1.316778376091,"PB_TTM":0.106128167117,"REPORT_DATE_SQ":"2022-12-31 00:00:00","REPORT_TYPE_SQ":"2022年年报","OPERATE_INCOME_SQ":3659459209,"DPS_HKD":0.11,"OPERATE_INCOME_QOQ_SQ":17.263173074011,"NET_PROFIT_RATIO_SQ":-7.9063636586,"HOLDER_PROFIT_SQ":-482365800,"HOLDER_PROFIT_QOQ_SQ":-155.971828226284,"ROE_AVG_SQ":-2.063522088284,"PE_TTM_SQ":-2.633908319748,"PB_TTM_SQ":0.135636475831,"ROA_SQ":-1.454786449472,"START_DATE":"2023-01-01 00:00:00","FISCAL_YEAR":"12-31","CURRENCY":"HKD","IS_CNY_CODE":0,"DPS_HKD_LY":0.27,"ORG_TYPE":"一般企业","PREMIUM_INCOME":null,"PREMIUM_INCOME_YOY":null,"NET_INTEREST_INCOME":null,"NET_INTEREST_INCOME_YOY":null,"FEE_COMMISSION_INCOME":null,"FEE_COMMISSION_INCOME_YOY":null,"ACCOUNTS_RECE_TDAYS":2.337173884254,"INVENTORY_TDAYS":0.053263266303,"CURRENT_ASSETS_TDAYS":0.111890949437,"TOTAL_ASSETS_TDAYS":0.025397446728,"PREMIUM_EXPENSE":null,"LOAN_DEPOSIT":null,"LOAN_EQUITY":null,"LOAN_ASSETS":null,"DEPOSIT_EQUITY":null,"DEPOSIT_ASSETS":null,"EQUITY_MULTIPLIER":1.302495535474,"EQUITY_RATIO":0.322973310257},{"SECUCODE":"00369.HK","SECURITY_CODE":"00369","SECURITY_NAME_ABBR":"永泰地产","ORG_CODE":"10008860","STD_REPORT_DATE":"2023-06-30 00:00:00","REPORT_DATE":"2023-06-30 00:00:00","DATE_TYPE_CODE":"002","REPORT_TYPE":"2023年中报","PER_NETCASH_OPERATE":0.198566680371,"PER_OI":0.32424179453,"BPS":16.91700864247,"BASIC_EPS":-0.2581544,"DILUTED_EPS":-0.2581544,"OPERATE_INCOME":440061054,"OPERATE_INCOME_YOY":-44.4870900209,"GROSS_PROFIT":289040730,"GROSS_PROFIT_YOY":-28.994910561425,"HOLDER_PROFIT":-345004916,"HOLDER_PROFIT_YOY":-200.0534759358,"GROSS_PROFIT_RATIO":65.681961030798,"EPS_TTM":-0.845278175779,"OPERATE_INCOME_QOQ":-8.067621228675,"NET_PROFIT_RATIO":-69.9769536979,"ROE_AVG":-1.476128299297,"GROSS_PROFIT_QOQ":-8.402147862217,"ROA":-1.062548981748,"HOLDER_PROFIT_QOQ":-137.830247500963,"ROE_YEARLY":-2.952256598593,"ROIC_YEARLY":-2.402329142204,"TOTAL_ASSETS":32209555696,"TOTAL_LIABILITIES":7624682402,"TAX_EBT":-8.547286317842,"OCF_SALES":61.240310077519,"TOTAL_PARENT_EQUITY":23063698492,"DEBT_ASSET_RATIO":23.6721129405,"OPERATE_PROFIT":-165034420,"PRETAX_PROFIT":-283693246,"NETCASH_OPERATE":269494754,"NETCASH_INVEST":727626616,"NETCASH_FINANCE":-207814292,"END_CASH":1815747412,"DIVI_RATIO":-0.118159918074,"DIVIDEND_RATE":6.145251396648,"CURRENT_RATIO":2.737504729799,"COMMON_ACS":2000000000,"CURRENTDEBT_DEBT":35.152782984075,"ISSUED_COMMON_SHARES":1363343779,"HK_COMMON_SHARES":1363343779,"PER_SHARES":2000,"TOTAL_MARKET_CAP":2440385364.41,"HKSK_MARKET_CAP":2440385364.41,"PE_TTM":-1.316778376091,"PB_TTM":0.106128167117,"REPORT_DATE_SQ":"2022-06-30 00:00:00","REPORT_TYPE_SQ":"2022年中报","OPERATE_INCOME_SQ":735292362,"DPS_HKD":0.11,"OPERATE_INCOME_QOQ_SQ":11.501860120239,"NET_PROFIT_RATIO_SQ":47.0807164457,"HOLDER_PROFIT_SQ":319841060,"HOLDER_PROFIT_QOQ_SQ":23.368673018499,"ROE_AVG_SQ":1.403171768484,"PE_TTM_SQ":-2.633908319748,"PB_TTM_SQ":0.135636475831,"ROA_SQ":0.967645955421,"START_DATE":"2023-01-01 00:00:00","FISCAL_YEAR":"12-31","CURRENCY":"HKD","IS_CNY_CODE":0,"DPS_HKD_LY":0.27,"ORG_TYPE":"一般企业","PREMIUM_INCOME":null,"PREMIUM_INCOME_YOY":null,"NET_INTEREST_INCOME":null,"NET_INTEREST_INCOME_YOY":null,"FEE_COMMISSION_INCOME":null,"FEE_COMMISSION_INCOME_YOY":null,"ACCOUNTS_RECE_TDAYS":2.588394793926,"INVENTORY_TDAYS":0.043272660027,"CURRENT_ASSETS_TDAYS":0.060641866138,"TOTAL_ASSETS_TDAYS":0.013553036584,"PREMIUM_EXPENSE":null,"LOAN_DEPOSIT":null,"LOAN_EQUITY":null,"LOAN_ASSETS":null,"DEPOSIT_EQUITY":null,"DEPOSIT_ASSETS":null,"EQUITY_MULTIPLIER":1.310137144528,"EQUITY_RATIO":0.330592355109},{"SECUCODE":"00369.HK","SECURITY_CODE":"00369","SECURITY_NAME_ABBR":"永泰地产","ORG_CODE":"10008860","STD_REPORT_DATE":"2022-12-31 00:00:00","REPORT_DATE":"2022-12-31 00:00:00","DATE_TYPE_CODE":"001","REPORT_TYPE":"2022年年报","PER_NETCASH_OPERATE":0.374838787422,"PER_OI":2.698773392677,"BPS":16.828815775892,"BASIC_EPS":-0.357308,"DILUTED_EPS":-0.357308,"OPERATE_INCOME":3659459209,"OPERATE_INCOME_YOY":19.6745734985,"GROSS_PROFIT":1404756402,"GROSS_PROFIT_YOY":28.258157976006,"HOLDER_PROFIT":-482365800,"HOLDER_PROFIT_YOY":-163.202247191,"GROSS_PROFIT_RATIO":38.386994410135,"EPS_TTM":-0.355734525849,"OPERATE_INCOME_QOQ":17.263173074011,"NET_PROFIT_RATIO":-7.9063636586,"ROE_AVG":-2.063522088284,"GROSS_PROFIT_QOQ":14.736795456313,"ROA":-1.454786449472,"HOLDER_PROFIT_QOQ":-155.971828226284,"ROE_YEARLY":-2.063522088284,"ROIC_YEARLY":-1.602937531447,"TOTAL_ASSETS":31710370384,"TOTAL_LIABILITIES":7299713113,"TAX_EBT":-113.092105263158,"OCF_SALES":13.889227915151,"TOTAL_PARENT_EQUITY":22943461296,"DEBT_ASSET_RATIO":23.0199553793,"OPERATE_PROFIT":-18669343,"PRETAX_PROFIT":-135777040,"NETCASH_OPERATE":508270630,"NETCASH_INVEST":-388840431,"NETCASH_FINANCE":-434039893,"END_CASH":994477491,"DIVI_RATIO":-0.280765550551,"DIVIDEND_RATE":6.145251396648,"CURRENT_RATIO":2.159116757746,"COMMON_ACS":2000000000,"CURRENTDEBT_DEBT":44.113364089135,"ISSUED_COMMON_SHARES":1363343779,"HK_COMMON_SHARES":1363343779,"PER_SHARES":2000,"TOTAL_MARKET_CAP":2440385364.41,"HKSK_MARKET_CAP":2440385364.41,"PE_TTM":-1.316778376091,"PB_TTM":0.106128167117,"REPORT_DATE_SQ":"2021-12-31 00:00:00","REPORT_TYPE_SQ":"2021年年报","OPERATE_INCOME_SQ":2798808320,"DPS_HKD":0.11,"OPERATE_INCOME_QOQ_SQ":190.290782545369,"NET_PROFIT_RATIO_SQ":26.8053283477,"HOLDER_PROFIT_SQ":698557440,"HOLDER_PROFIT_QOQ_SQ":2039.31992309004,"ROE_AVG_SQ":3.237682010667,"PE_TTM_SQ":-2.633908319748,"PB_TTM_SQ":0.135636475831,"ROA_SQ":2.248885625057,"START_DATE":"2022-01-01 00:00:00","FISCAL_YEAR":"12-31","CURRENCY":"HKD","IS_CNY_CODE":0,"DPS_HKD_LY":0.27,"ORG_TYPE":"一般企业","PREMIUM_INCOME":null,"PREMIUM_INCOME_YOY":null,"NET_INTEREST_INCOME":null,"NET_INTEREST_INCOME_YOY":null,"FEE_COMMISSION_INCOME":null,"FEE_COMMISSION_INCOME_YOY":null,"ACCOUNTS_RECE_TDAYS":17.881711043213,"INVENTORY_TDAYS":0.534687652255,"CURRENT_ASSETS_TDAYS":0.46814345871,"TOTAL_ASSETS_TDAYS":0.110367104584,"PREMIUM_EXPENSE":null,"LOAN_DEPOSIT":null,"LOAN_EQUITY":null,"LOAN_ASSETS":null,"DEPOSIT_EQUITY":null,"DEPOSIT_ASSETS":null,"EQUITY_MULTIPLIER":1.299037958379,"EQUITY_RATIO":0.318160935651},{"SECUCODE":"00369.HK","SECURITY_CODE":"00369","SECURITY_NAME_ABBR":"永泰地产","ORG_CODE":"10008860","STD_REPORT_DATE":"2022-06-30 00:00:00","REPORT_DATE":"2022-06-30 00:00:00","DATE_TYPE_CODE":"002","REPORT_TYPE":"2022年中报","PER_NETCASH_OPERATE":0.304116041679,"PER_OI":0.542262489912,"BPS":16.719923677445,"BASIC_EPS":0.2394532,"DILUTED_EPS":0.2394532,"OPERATE_INCOME":735292362,"OPERATE_INCOME_YOY":73.0676328502,"GROSS_PROFIT":407070440,"GROSS_PROFIT_YOY":46.429307199729,"HOLDER_PROFIT":319841060,"HOLDER_PROFIT_YOY":98.7247608927,"GROSS_PROFIT_RATIO":55.361712026053,"EPS_TTM":0.635559954216,"OPERATE_INCOME_QOQ":11.501860120239,"NET_PROFIT_RATIO":47.0807164457,"ROE_AVG":1.403171768484,"GROSS_PROFIT_QOQ":11.784678547032,"ROA":0.967645955421,"HOLDER_PROFIT_QOQ":23.368673018499,"ROE_YEARLY":2.806343536968,"ROIC_YEARLY":2.110898359397,"TOTAL_ASSETS":32978264375,"TOTAL_LIABILITIES":8909540458,"TAX_EBT":11.344721857205,"OCF_SALES":56.082809955804,"TOTAL_PARENT_EQUITY":22795003931,"DEBT_ASSET_RATIO":27.0164019449,"OPERATE_PROFIT":239025605,"PRETAX_PROFIT":390479754,"NETCASH_OPERATE":412372618,"NETCASH_INVEST":-170781443,"NETCASH_FINANCE":-286574169,"END_CASH":1208297951,"DIVI_RATIO":0.157149611673,"DIVIDEND_RATE":6.145251396648,"CURRENT_RATIO":1.467951889184,"COMMON_ACS":2000000000,"CURRENTDEBT_DEBT":62.087500719894,"ISSUED_COMMON_SHARES":1363343779,"HK_COMMON_SHARES":1363343779,"PER_SHARES":2000,"TOTAL_MARKET_CAP":2440385364.41,"HKSK_MARKET_CAP":2440385364.41,"PE_TTM":-1.316778376091,"PB_TTM":0.106128167117,"REPORT_DATE_SQ":"2021-06-30 00:00:00","REPORT_TYPE_SQ":"2021年中报","OPERATE_INCOME_SQ":413377344,"DPS_HKD":0.11,"OPERATE_INCOME_QOQ_SQ":-58.760578078485,"NET_PROFIT_RATIO_SQ":44.2028985507,"HOLDER_PROFIT_SQ":156597456,"HOLDER_PROFIT_QOQ_SQ":105.752842146353,"ROE_AVG_SQ":0.721416921098,"PE_TTM_SQ":-2.633908319748,"PB_TTM_SQ":0.135636475831,"ROA_SQ":0.499777596314,"START_DATE":"2022-01-01 00:00:00","FISCAL_YEAR":"12-31","CURRENCY":"HKD","IS_CNY_CODE":0,"DPS_HKD_LY":0.27,"ORG_TYPE":"一般企业","PREMIUM_INCOME":null,"PREMIUM_INCOME_YOY":null,"NET_INTEREST_INCOME":null,"NET_INTEREST_INCOME_YOY":null,"FEE_COMMISSION_INCOME":null,"FEE_COMMISSION_INCOME_YOY":null,"ACCOUNTS_RECE_TDAYS":2.865522412931,"INVENTORY_TDAYS":0.068009249825,"CURRENT_ASSETS_TDAYS":0.089498173188,"TOTAL_ASSETS_TDAYS":0.02224550782,"PREMIUM_EXPENSE":null,"LOAN_DEPOSIT":null,"LOAN_EQUITY":null,"LOAN_ASSETS":null,"DEPOSIT_EQUITY":null,"DEPOSIT_ASSETS":null,"EQUITY_MULTIPLIER":1.370170869412,"EQUITY_RATIO":0.390854964753},{"SECUCODE":"00369.HK","SECURITY_CODE":"00369","SECURITY_NAME_ABBR":"永泰地产","ORG_CODE":"10008860","STD_REPORT_DATE":"2021-12-31 00:00:00","REPORT_DATE":"2021-12-31 00:00:00","DATE_TYPE_CODE":"001","REPORT_TYPE":"2021年年报","PER_NETCASH_OPERATE":-0.804961133128,"PER_OI":2.065934136245,"BPS":15.983797612649,"BASIC_EPS":0.515088,"DILUTED_EPS":0.515088,"OPERATE_INCOME":2798808320,"OPERATE_INCOME_YOY":23.2342141263,"GROSS_PROFIT":1095256960,"GROSS_PROFIT_YOY":30.120650783646,"HOLDER_PROFIT":698557440,"HOLDER_PROFIT_YOY":226.6903914591,"GROSS_PROFIT_RATIO":39.132974994158,"EPS_TTM":0.515638620591,"OPERATE_INCOME_QOQ":190.290782545369,"NET_PROFIT_RATIO":26.8053283477,"ROE_AVG":3.237682010667,"GROSS_PROFIT_QOQ":98.836965907152,"ROA":2.248885625057,"HOLDER_PROFIT_QOQ":2039.31992309004,"ROE_YEARLY":3.237682010667,"ROIC_YEARLY":2.430711631797,"TOTAL_ASSETS":31672597600,"TOTAL_LIABILITIES":8644239520,"TAX_EBT":12.224985651425,"OCF_SALES":-38.963542883851,"TOTAL_PARENT_EQUITY":21791411040,"DEBT_ASSET_RATIO":27.2924868025,"OPERATE_PROFIT":735676480,"PRETAX_PROFIT":854719040,"NETCASH_OPERATE":-1090514880,"NETCASH_INVEST":-102772320,"NETCASH_FINANCE":1622854240,"END_CASH":1198192800,"DIVI_RATIO":0.193697671221,"DIVIDEND_RATE":6.145251396648,"CURRENT_RATIO":1.427868298488,"COMMON_ACS":2000000000,"CURRENTDEBT_DEBT":64.376176378787,"ISSUED_COMMON_SHARES":1363343779,"HK_COMMON_SHARES":1363343779,"PER_SHARES":2000,"TOTAL_MARKET_CAP":2440385364.41,"HKSK_MARKET_CAP":2440385364.41,"PE_TTM":-1.316778376091,"PB_TTM":0.106128167117,"REPORT_DATE_SQ":"2020-12-31 00:00:00","REPORT_TYPE_SQ":"2020年年报","OPERATE_INCOME_SQ":2337907592,"DPS_HKD":0.11,"OPERATE_INCOME_QOQ_SQ":8.371576059173,"NET_PROFIT_RATIO_SQ":-22.1722226222,"HOLDER_PROFIT_SQ":-567602016,"HOLDER_PROFIT_QOQ_SQ":-36.33797658895,"ROE_AVG_SQ":-2.53401418056,"PE_TTM_SQ":-2.633908319748,"PB_TTM_SQ":0.135636475831,"ROA_SQ":-1.833390875999,"START_DATE":"2021-01-01 00:00:00","FISCAL_YEAR":"12-31","CURRENCY":"HKD","IS_CNY_CODE":0,"DPS_HKD_LY":0.27,"ORG_TYPE":"一般企业","PREMIUM_INCOME":null,"PREMIUM_INCOME_YOY":null,"NET_INTEREST_INCOME":null,"NET_INTEREST_INCOME_YOY":null,"FEE_COMMISSION_INCOME":null,"FEE_COMMISSION_INCOME_YOY":null,"ACCOUNTS_RECE_TDAYS":3.464601993826,"INVENTORY_TDAYS":0.418990930845,"CURRENT_ASSETS_TDAYS":0.36415277992,"TOTAL_ASSETS_TDAYS":0.090102823873,"PREMIUM_EXPENSE":null,"LOAN_DEPOSIT":null,"LOAN_EQUITY":null,"LOAN_ASSETS":null,"DEPOSIT_EQUITY":null,"DEPOSIT_ASSETS":null,"EQUITY_MULTIPLIER":1.375373680136,"EQUITY_RATIO":0.396681036585},{"SECUCODE":"00369.HK","SECURITY_CODE":"00369","SECURITY_NAME_ABBR":"永泰地产","ORG_CODE":"10008860","STD_REPORT_DATE":"2021-06-30 00:00:00","REPORT_DATE":"2021-06-30 00:00:00","DATE_TYPE_CODE":"002","REPORT_TYPE":"2021年中报","PER_NETCASH_OPERATE":0.423489521877,"PER_OI":0.305133567032,"BPS":15.898607742134,"BASIC_EPS":0.1164912,"DILUTED_EPS":0.1164912,"OPERATE_INCOME":413377344,"OPERATE_INCOME_YOY":-74.6077178635,"GROSS_PROFIT":277997928,"GROSS_PROFIT_YOY":-51.133309269649,"HOLDER_PROFIT":156597456,"HOLDER_PROFIT_YOY":138.7481984764,"GROSS_PROFIT_RATIO":67.25040257649,"EPS_TTM":0.024102922383,"OPERATE_INCOME_QOQ":-58.760578078485,"NET_PROFIT_RATIO":44.2028985507,"ROE_AVG":0.721416921098,"GROSS_PROFIT_QOQ":-34.559124763347,"ROA":0.499777596314,"HOLDER_PROFIT_QOQ":105.752842146353,"ROE_YEARLY":1.442833842197,"ROIC_YEARLY":1.082298071905,"TOTAL_ASSETS":31675371816,"TOTAL_LIABILITIES":8740750776,"TAX_EBT":10.367346938776,"OCF_SALES":138.788244766506,"TOTAL_PARENT_EQUITY":21675267960,"DEBT_ASSET_RATIO":27.5947850803,"OPERATE_PROFIT":123896712,"PRETAX_PROFIT":203859600,"NETCASH_OPERATE":573719160,"NETCASH_INVEST":-258111216,"NETCASH_FINANCE":16142352,"END_CASH":1113988704,"DIVI_RATIO":4.143812870988,"DIVIDEND_RATE":6.145251396648,"CURRENT_RATIO":1.265669665694,"COMMON_ACS":2000000000,"CURRENTDEBT_DEBT":63.272630346416,"ISSUED_COMMON_SHARES":1363343779,"HK_COMMON_SHARES":1363343779,"PER_SHARES":2000,"TOTAL_MARKET_CAP":2440385364.41,"HKSK_MARKET_CAP":2440385364.41,"PE_TTM":-1.316778376091,"PB_TTM":0.106128167117,"REPORT_DATE_SQ":"2020-06-30 00:00:00","REPORT_TYPE_SQ":"2020年中报","OPERATE_INCOME_SQ":1787145360,"DPS_HKD":0.11,"OPERATE_INCOME_QOQ_SQ":190.331527975841,"NET_PROFIT_RATIO_SQ":-23.4040378226,"HOLDER_PROFIT_SQ":-443657808,"HOLDER_PROFIT_QOQ_SQ":-294.54029652698,"ROE_AVG_SQ":-1.818178415074,"PE_TTM_SQ":-2.633908319748,"PB_TTM_SQ":0.135636475831,"ROA_SQ":-1.3413292056,"START_DATE":"2021-01-01 00:00:00","FISCAL_YEAR":"12-31","CURRENCY":"HKD","IS_CNY_CODE":0,"DPS_HKD_LY":0.27,"ORG_TYPE":"一般企业","PREMIUM_INCOME":null,"PREMIUM_INCOME_YOY":null,"NET_INTEREST_INCOME":null,"NET_INTEREST_INCOME_YOY":null,"FEE_COMMISSION_INCOME":null,"FEE_COMMISSION_INCOME_YOY":null,"ACCOUNTS_RECE_TDAYS":0.473593898951,"INVENTORY_TDAYS":0.036999135853,"CURRENT_ASSETS_TDAYS":0.056794018794,"TOTAL_ASSETS_TDAYS":0.013192853871,"PREMIUM_EXPENSE":null,"LOAN_DEPOSIT":null,"LOAN_EQUITY":null,"LOAN_ASSETS":null,"DEPOSIT_EQUITY":null,"DEPOSIT_ASSETS":null,"EQUITY_MULTIPLIER":1.381115988826,"EQUITY_RATIO":0.403259179639},{"SECUCODE":"00369.HK","SECURITY_CODE":"00369","SECURITY_NAME_ABBR":"永泰地产","ORG_CODE":"10008860","STD_REPORT_DATE":"2020-12-31 00:00:00","REPORT_DATE":"2020-12-31 00:00:00","DATE_TYPE_CODE":"001","REPORT_TYPE":"2020年年报","PER_NETCASH_OPERATE":1.718038080122,"PER_OI":1.725991384797,"BPS":16.128250499026,"BASIC_EPS":-0.42082,"DILUTED_EPS":-0.42082,"OPERATE_INCOME":2337907592,"OPERATE_INCOME_YOY":234.8764315853,"GROSS_PROFIT":841724164,"GROSS_PROFIT_YOY":41.004653217647,"HOLDER_PROFIT":-567602016,"HOLDER_PROFIT_YOY":-382.2938467978,"GROSS_PROFIT_RATIO":36.003311973504,"EPS_TTM":-0.419039740049,"OPERATE_INCOME_QOQ":8.371576059173,"NET_PROFIT_RATIO":-22.1722226222,"ROE_AVG":-2.53401418056,"GROSS_PROFIT_QOQ":-2.779212010492,"ROA":-1.833390875999,"HOLDER_PROFIT_QOQ":-36.33797658895,"ROE_YEARLY":-2.53401418056,"ROIC_YEARLY":-1.995213145212,"TOTAL_ASSETS":31347555112,"TOTAL_LIABILITIES":8083783872,"TAX_EBT":-10.952981444785,"OCF_SALES":99.539203686371,"TOTAL_PARENT_EQUITY":21988349984,"DEBT_ASSET_RATIO":25.7876055824,"OPERATE_PROFIT":-413666060,"PRETAX_PROFIT":-467194364,"NETCASH_OPERATE":2327134600,"NETCASH_INVEST":-1826527128,"NETCASH_FINANCE":-653533460,"END_CASH":791225764,"DIVI_RATIO":-0.238349708761,"DIVIDEND_RATE":6.145251396648,"CURRENT_RATIO":1.67389741794,"COMMON_ACS":2000000000,"CURRENTDEBT_DEBT":56.49154589372,"ISSUED_COMMON_SHARES":1363343779,"HK_COMMON_SHARES":1363343779,"PER_SHARES":2000,"TOTAL_MARKET_CAP":2440385364.41,"HKSK_MARKET_CAP":2440385364.41,"PE_TTM":-1.316778376091,"PB_TTM":0.106128167117,"REPORT_DATE_SQ":"2019-12-31 00:00:00","REPORT_TYPE_SQ":"2019年年报","OPERATE_INCOME_SQ":743049510,"DPS_HKD":0.11,"OPERATE_INCOME_QOQ_SQ":-1.219985366005,"NET_PROFIT_RATIO_SQ":36.769138035,"HOLDER_PROFIT_SQ":214001842,"HOLDER_PROFIT_QOQ_SQ":-53.835005079249,"ROE_AVG_SQ":0.879869621663,"PE_TTM_SQ":-2.633908319748,"PB_TTM_SQ":0.135636475831,"ROA_SQ":0.665918704399,"START_DATE":"2020-01-01 00:00:00","FISCAL_YEAR":"12-31","CURRENCY":"HKD","IS_CNY_CODE":0,"DPS_HKD_LY":0.27,"ORG_TYPE":"一般企业","PREMIUM_INCOME":null,"PREMIUM_INCOME_YOY":null,"NET_INTEREST_INCOME":null,"NET_INTEREST_INCOME_YOY":null,"FEE_COMMISSION_INCOME":null,"FEE_COMMISSION_INCOME_YOY":null,"ACCOUNTS_RECE_TDAYS":1.776598126059,"INVENTORY_TDAYS":0.388419730158,"CURRENT_ASSETS_TDAYS":0.305916687316,"TOTAL_ASSETS_TDAYS":0.075515913039,"PREMIUM_EXPENSE":null,"LOAN_DEPOSIT":null,"LOAN_EQUITY":null,"LOAN_ASSETS":null,"DEPOSIT_EQUITY":null,"DEPOSIT_ASSETS":null,"EQUITY_MULTIPLIER":1.347483810282,"EQUITY_RATIO":0.367639403497},{"SECUCODE":"00369.HK","SECURITY_CODE":"00369","SECURITY_NAME_ABBR":"永泰地产","ORG_CODE":"10008860","STD_REPORT_DATE":"2020-06-30 00:00:00","REPORT_DATE":"2020-06-30 00:00:00","DATE_TYPE_CODE":"002","REPORT_TYPE":"2020年中报","PER_NETCASH_OPERATE":0.54016174562,"PER_OI":1.319383839333,"BPS":17.637676590741,"BASIC_EPS":-0.3288384,"DILUTED_EPS":-0.3288384,"OPERATE_INCOME":1787145360,"OPERATE_INCOME_YOY":361.5475347959,"GROSS_PROFIT":568890432,"GROSS_PROFIT_YOY":89.59726404247,"HOLDER_PROFIT":-443657808,"HOLDER_PROFIT_YOY":-328.8878416588,"GROSS_PROFIT_RATIO":31.832353692819,"EPS_TTM":-0.307353644621,"OPERATE_INCOME_QOQ":190.331527975841,"NET_PROFIT_RATIO":-23.4040378226,"ROE_AVG":-1.818178415074,"GROSS_PROFIT_QOQ":45.0354971746,"ROA":-1.3413292056,"HOLDER_PROFIT_QOQ":-294.54029652698,"ROE_YEARLY":-3.636356830148,"ROIC_YEARLY":-2.975478491799,"TOTAL_ASSETS":32973265776,"TOTAL_LIABILITIES":7541726016,"TAX_EBT":-11.30286825474,"OCF_SALES":40.940454893943,"TOTAL_PARENT_EQUITY":24046216656,"DEBT_ASSET_RATIO":22.8722446458,"OPERATE_PROFIT":-305454336,"PRETAX_PROFIT":-375789216,"NETCASH_OPERATE":731665440,"NETCASH_INVEST":-735227856,"NETCASH_FINANCE":378438192,"END_CASH":1399572768,"DIVI_RATIO":-0.324961170131,"DIVIDEND_RATE":6.145251396648,"CURRENT_RATIO":3.121413480542,"COMMON_ACS":2000000000,"CURRENTDEBT_DEBT":35.543336078678,"ISSUED_COMMON_SHARES":1363343779,"HK_COMMON_SHARES":1363343779,"PER_SHARES":2000,"TOTAL_MARKET_CAP":2440385364.41,"HKSK_MARKET_CAP":2440385364.41,"PE_TTM":-1.316778376091,"PB_TTM":0.106128167117,"REPORT_DATE_SQ":"2019-06-30 00:00:00","REPORT_TYPE_SQ":"2019年中报","OPERATE_INCOME_SQ":372887874,"DPS_HKD":0.11,"OPERATE_INCOME_QOQ_SQ":-2.960312375746,"NET_PROFIT_RATIO_SQ":57.8910120311,"HOLDER_PROFIT_SQ":186663852,"HOLDER_PROFIT_QOQ_SQ":-59.687916135878,"ROE_AVG_SQ":0.781116274789,"PE_TTM_SQ":-2.633908319748,"PB_TTM_SQ":0.135636475831,"ROA_SQ":0.594203020299,"START_DATE":"2020-01-01 00:00:00","FISCAL_YEAR":"12-31","CURRENCY":"HKD","IS_CNY_CODE":0,"DPS_HKD_LY":0.27,"ORG_TYPE":"一般企业","PREMIUM_INCOME":null,"PREMIUM_INCOME_YOY":null,"NET_INTEREST_INCOME":null,"NET_INTEREST_INCOME_YOY":null,"FEE_COMMISSION_INCOME":null,"FEE_COMMISSION_INCOME_YOY":null,"ACCOUNTS_RECE_TDAYS":1.409480584972,"INVENTORY_TDAYS":0.295835412854,"CURRENT_ASSETS_TDAYS":0.214549681438,"TOTAL_ASSETS_TDAYS":0.054031513089,"PREMIUM_EXPENSE":null,"LOAN_DEPOSIT":null,"LOAN_EQUITY":null,"LOAN_ASSETS":null,"DEPOSIT_EQUITY":null,"DEPOSIT_ASSETS":null,"EQUITY_MULTIPLIER":1.296550114038,"EQUITY_RATIO":0.313634619695}],"count":48},"success":true,"message":"ok","code":0}