{"version":"abe85fb92eca38fb37cf6456101ea5e7","result":{"pages":5,"data":[{"SECUCODE":"00361.HK","SECURITY_CODE":"00361","SECURITY_NAME_ABBR":"顺龙控股","ORG_CODE":"10008854","STD_REPORT_DATE":"2024-06-30 00:00:00","REPORT_DATE":"2024-06-30 00:00:00","DATE_TYPE_CODE":"002","REPORT_TYPE":"2024年中报","PER_NETCASH_OPERATE":-0.000970366816,"PER_OI":0.022658152882,"BPS":0.039794339522,"BASIC_EPS":-0.000091268,"DILUTED_EPS":-0.000091268,"OPERATE_INCOME":117850717.68,"OPERATE_INCOME_YOY":16.8825526137,"GROSS_PROFIT":26695890,"GROSS_PROFIT_YOY":16.956641107367,"HOLDER_PROFIT":-692724.12,"HOLDER_PROFIT_YOY":92.0021074816,"GROSS_PROFIT_RATIO":22.652293109056,"EPS_TTM":-0.00168069869,"OPERATE_INCOME_QOQ":8.15045336043,"NET_PROFIT_RATIO":-0.5877979648,"ROE_AVG":-0.334122049194,"GROSS_PROFIT_QOQ":8.864595167796,"ROA":-0.190959489668,"HOLDER_PROFIT_QOQ":47.961532585179,"ROE_YEARLY":-0.668244098388,"ROIC_YEARLY":-0.544205005395,"TOTAL_ASSETS":371095688,"TOTAL_LIABILITIES":161623763.16,"TAX_EBT":280.285035629454,"OCF_SALES":-4.282638663011,"TOTAL_PARENT_EQUITY":206980308.44,"DEBT_ASSET_RATIO":43.5531234629,"OPERATE_PROFIT":3895318.24,"PRETAX_PROFIT":384238.28,"NETCASH_OPERATE":-5047120.4,"NETCASH_INVEST":-1620919.68,"NETCASH_FINANCE":13663732.28,"END_CASH":109183908.4,"DIVI_RATIO":null,"DIVIDEND_RATE":null,"CURRENT_RATIO":1.466165153779,"COMMON_ACS":10000000000,"CURRENTDEBT_DEBT":65.381987384732,"ISSUED_COMMON_SHARES":5201250000,"HK_COMMON_SHARES":5201250000,"PER_SHARES":20000,"TOTAL_MARKET_CAP":265263750,"HKSK_MARKET_CAP":265263750,"PE_TTM":-27.051167652458,"PB_TTM":1.169680928465,"REPORT_DATE_SQ":"2023-06-30 00:00:00","REPORT_TYPE_SQ":"2023年中报","OPERATE_INCOME_SQ":101855740.5,"DPS_HKD":null,"OPERATE_INCOME_QOQ_SQ":-29.95135348874,"NET_PROFIT_RATIO_SQ":-8.5901787735,"HOLDER_PROFIT_SQ":-8749590.2,"HOLDER_PROFIT_QOQ_SQ":-32.007371192902,"ROE_AVG_SQ":-3.932105914111,"PE_TTM_SQ":-11.648369036027,"PB_TTM_SQ":1.013562459755,"ROA_SQ":-2.029510233629,"START_DATE":"2024-01-01 00:00:00","FISCAL_YEAR":"12-31","CURRENCY":"HKD","IS_CNY_CODE":0,"DPS_HKD_LY":null,"ORG_TYPE":"一般企业","PREMIUM_INCOME":null,"PREMIUM_INCOME_YOY":null,"NET_INTEREST_INCOME":null,"NET_INTEREST_INCOME_YOY":null,"FEE_COMMISSION_INCOME":null,"FEE_COMMISSION_INCOME_YOY":null,"ACCOUNTS_RECE_TDAYS":4.656881130987,"INVENTORY_TDAYS":6.168231225296,"CURRENT_ASSETS_TDAYS":0.80846494592,"TOTAL_ASSETS_TDAYS":0.324872662224,"PREMIUM_EXPENSE":null,"LOAN_DEPOSIT":null,"LOAN_EQUITY":null,"LOAN_ASSETS":null,"DEPOSIT_EQUITY":null,"DEPOSIT_ASSETS":null,"EQUITY_MULTIPLIER":1.771577209135,"EQUITY_RATIO":0.780865408783},{"SECUCODE":"00361.HK","SECURITY_CODE":"00361","SECURITY_NAME_ABBR":"顺龙控股","ORG_CODE":"10008854","STD_REPORT_DATE":"2023-12-31 00:00:00","REPORT_DATE":"2023-12-31 00:00:00","DATE_TYPE_CODE":"001","REPORT_TYPE":"2023年年报","PER_NETCASH_OPERATE":0.007271190437,"PER_OI":0.037730636309,"BPS":0.039644914442,"BASIC_EPS":-0.003262392,"DILUTED_EPS":-0.003262392,"OPERATE_INCOME":196246472.1,"OPERATE_INCOME_YOY":-54.8301712054,"GROSS_PROFIT":43661679.6,"GROSS_PROFIT_YOY":-42.77060726985,"HOLDER_PROFIT":-16798600.14,"HOLDER_PROFIT_YOY":-16.2267226785,"GROSS_PROFIT_RATIO":22.248389554617,"EPS_TTM":-0.003229723651,"OPERATE_INCOME_QOQ":-34.581649360172,"NET_PROFIT_RATIO":-8.5599501281,"ROE_AVG":-7.818566406357,"GROSS_PROFIT_QOQ":-38.779051398709,"ROA":-4.227631151326,"HOLDER_PROFIT_QOQ":10.677945582046,"ROE_YEARLY":-7.818566406357,"ROIC_YEARLY":-5.995585060362,"TOTAL_ASSETS":351915131.26,"TOTAL_LIABILITIES":143238039.42,"TAX_EBT":-6.442721791559,"OCF_SALES":19.271316755559,"TOTAL_PARENT_EQUITY":206203111.24,"DEBT_ASSET_RATIO":40.7024383712,"OPERATE_PROFIT":-6259261.54,"PRETAX_PROFIT":-15781821.3,"NETCASH_OPERATE":37819279.26,"NETCASH_INVEST":610792.28,"NETCASH_FINANCE":-64946974.96,"END_CASH":101464922.3,"DIVI_RATIO":null,"DIVIDEND_RATE":null,"CURRENT_RATIO":1.508881227444,"COMMON_ACS":10000000000,"CURRENTDEBT_DEBT":62.759314441893,"ISSUED_COMMON_SHARES":5201250000,"HK_COMMON_SHARES":5201250000,"PER_SHARES":20000,"TOTAL_MARKET_CAP":270465000,"HKSK_MARKET_CAP":270465000,"PE_TTM":-27.581582704467,"PB_TTM":1.192615848631,"REPORT_DATE_SQ":"2022-12-31 00:00:00","REPORT_TYPE_SQ":"2022年年报","OPERATE_INCOME_SQ":428255076.48,"DPS_HKD":null,"OPERATE_INCOME_QOQ_SQ":2.224725660735,"NET_PROFIT_RATIO_SQ":-3.3267003738,"HOLDER_PROFIT_SQ":-14246763.23,"HOLDER_PROFIT_QOQ_SQ":1.349780261276,"ROE_AVG_SQ":-6.234656701015,"PE_TTM_SQ":-12.408045277507,"PB_TTM_SQ":1.079664359305,"ROA_SQ":-3.049160520168,"START_DATE":"2023-01-01 00:00:00","FISCAL_YEAR":"12-31","CURRENCY":"HKD","IS_CNY_CODE":0,"DPS_HKD_LY":null,"ORG_TYPE":"一般企业","PREMIUM_INCOME":null,"PREMIUM_INCOME_YOY":null,"NET_INTEREST_INCOME":null,"NET_INTEREST_INCOME_YOY":null,"FEE_COMMISSION_INCOME":null,"FEE_COMMISSION_INCOME_YOY":null,"ACCOUNTS_RECE_TDAYS":5.00439072863,"INVENTORY_TDAYS":8.302924207308,"CURRENT_ASSETS_TDAYS":1.139061735668,"TOTAL_ASSETS_TDAYS":0.493885021296,"PREMIUM_EXPENSE":null,"LOAN_DEPOSIT":null,"LOAN_EQUITY":null,"LOAN_ASSETS":null,"DEPOSIT_EQUITY":null,"DEPOSIT_ASSETS":null,"EQUITY_MULTIPLIER":1.686409984714,"EQUITY_RATIO":0.694645384149},{"SECUCODE":"00361.HK","SECURITY_CODE":"00361","SECURITY_NAME_ABBR":"顺龙控股","ORG_CODE":"10008854","STD_REPORT_DATE":"2023-06-30 00:00:00","REPORT_DATE":"2023-06-30 00:00:00","DATE_TYPE_CODE":"002","REPORT_TYPE":"2023年中报","PER_NETCASH_OPERATE":0.005093601596,"PER_OI":0.019582934968,"BPS":0.041843578155,"BASIC_EPS":-0.001659564,"DILUTED_EPS":-0.001659564,"OPERATE_INCOME":101855740.5,"OPERATE_INCOME_YOY":-58.9451152212,"GROSS_PROFIT":22825458.86,"GROSS_PROFIT_YOY":-17.893032619905,"HOLDER_PROFIT":-8749590.2,"HOLDER_PROFIT_YOY":-93.7130026536,"GROSS_PROFIT_RATIO":22.40959493098,"EPS_TTM":-0.003615818817,"OPERATE_INCOME_QOQ":-29.95135348874,"NET_PROFIT_RATIO":-8.5901787735,"ROE_AVG":-3.932105914111,"GROSS_PROFIT_QOQ":-6.519918365095,"ROA":-2.029510233629,"HOLDER_PROFIT_QOQ":-32.007371192902,"ROE_YEARLY":-7.864211828222,"ROIC_YEARLY":-5.881459767159,"TOTAL_ASSETS":411746126.22,"TOTAL_LIABILITIES":191590209.94,"TAX_EBT":-1.345578812473,"OCF_SALES":26.010409594931,"TOTAL_PARENT_EQUITY":217638910.88,"DEBT_ASSET_RATIO":46.5311505657,"OPERATE_PROFIT":-2804663.16,"PRETAX_PROFIT":-8633420.72,"NETCASH_OPERATE":26493095.3,"NETCASH_INVEST":685031.14,"NETCASH_FINANCE":-25246578.34,"END_CASH":131988812.84,"DIVI_RATIO":null,"DIVIDEND_RATE":null,"CURRENT_RATIO":1.35827873351,"COMMON_ACS":10000000000,"CURRENTDEBT_DEBT":71.023517466062,"ISSUED_COMMON_SHARES":5201250000,"HK_COMMON_SHARES":5201250000,"PER_SHARES":20000,"TOTAL_MARKET_CAP":270465000,"HKSK_MARKET_CAP":270465000,"PE_TTM":-27.581582704467,"PB_TTM":1.192615848631,"REPORT_DATE_SQ":"2022-06-30 00:00:00","REPORT_TYPE_SQ":"2022年中报","OPERATE_INCOME_SQ":230123932.29,"DPS_HKD":null,"OPERATE_INCOME_QOQ_SQ":22.440987922303,"NET_PROFIT_RATIO_SQ":-1.8205737093,"HOLDER_PROFIT_SQ":-4189575.81,"HOLDER_PROFIT_QOQ_SQ":25.379069277798,"ROE_AVG_SQ":-1.871315096383,"PE_TTM_SQ":-12.408045277507,"PB_TTM_SQ":1.079664359305,"ROA_SQ":-0.875960959927,"START_DATE":"2023-01-01 00:00:00","FISCAL_YEAR":"12-31","CURRENCY":"HKD","IS_CNY_CODE":0,"DPS_HKD_LY":null,"ORG_TYPE":"一般企业","PREMIUM_INCOME":null,"PREMIUM_INCOME_YOY":null,"NET_INTEREST_INCOME":null,"NET_INTEREST_INCOME_YOY":null,"FEE_COMMISSION_INCOME":null,"FEE_COMMISSION_INCOME_YOY":null,"ACCOUNTS_RECE_TDAYS":2.205508030465,"INVENTORY_TDAYS":3.685289881554,"CURRENT_ASSETS_TDAYS":0.512617656134,"TOTAL_ASSETS_TDAYS":0.23625937098,"PREMIUM_EXPENSE":null,"LOAN_DEPOSIT":null,"LOAN_EQUITY":null,"LOAN_ASSETS":null,"DEPOSIT_EQUITY":null,"DEPOSIT_ASSETS":null,"EQUITY_MULTIPLIER":1.870247836974,"EQUITY_RATIO":0.880312298777},{"SECUCODE":"00361.HK","SECURITY_CODE":"00361","SECURITY_NAME_ABBR":"顺龙控股","ORG_CODE":"10008854","STD_REPORT_DATE":"2022-12-31 00:00:00","REPORT_DATE":"2022-12-31 00:00:00","DATE_TYPE_CODE":"001","REPORT_TYPE":"2022年年报","PER_NETCASH_OPERATE":0.005100719827,"PER_OI":0.08233695294,"BPS":0.042357785723,"BASIC_EPS":-0.002769137,"DILUTED_EPS":-0.002769137,"OPERATE_INCOME":428255076.48,"OPERATE_INCOME_YOY":14.5620860057,"GROSS_PROFIT":76292404.16,"GROSS_PROFIT_YOY":55.427788988707,"HOLDER_PROFIT":-14246763.23,"HOLDER_PROFIT_YOY":32.622195936,"GROSS_PROFIT_RATIO":17.814710986517,"EPS_TTM":-0.002739103721,"OPERATE_INCOME_QOQ":2.224725660735,"NET_PROFIT_RATIO":-3.3267003738,"ROE_AVG":-6.234656701015,"GROSS_PROFIT_QOQ":27.951375230479,"ROA":-3.049160520168,"HOLDER_PROFIT_QOQ":1.349780261276,"ROE_YEARLY":-6.234656701015,"ROIC_YEARLY":-4.106497555901,"TOTAL_ASSETS":436462441.24,"TOTAL_LIABILITIES":213710381.15,"TAX_EBT":-185.364108069422,"OCF_SALES":6.194933920705,"TOTAL_PARENT_EQUITY":220313432.99,"DEBT_ASSET_RATIO":48.9642088201,"OPERATE_PROFIT":7235487,"PRETAX_PROFIT":-4992486.03,"NETCASH_OPERATE":26530119,"NETCASH_INVEST":-1117480.77,"NETCASH_FINANCE":-8287759.06,"END_CASH":126098459.55,"DIVI_RATIO":null,"DIVIDEND_RATE":null,"CURRENT_RATIO":1.282719483699,"COMMON_ACS":10000000000,"CURRENTDEBT_DEBT":75.128006854898,"ISSUED_COMMON_SHARES":5201250000,"HK_COMMON_SHARES":5201250000,"PER_SHARES":20000,"TOTAL_MARKET_CAP":270465000,"HKSK_MARKET_CAP":270465000,"PE_TTM":-27.581582704467,"PB_TTM":1.192615848631,"REPORT_DATE_SQ":"2021-12-31 00:00:00","REPORT_TYPE_SQ":"2021年年报","OPERATE_INCOME_SQ":342152518.4,"DPS_HKD":null,"OPERATE_INCOME_QOQ_SQ":31.651655858559,"NET_PROFIT_RATIO_SQ":-5.6563691802,"HOLDER_PROFIT_SQ":-19353409.6,"HOLDER_PROFIT_QOQ_SQ":-36.352617605698,"ROE_AVG_SQ":-8.553855938481,"PE_TTM_SQ":-12.408045277507,"PB_TTM_SQ":1.079664359305,"ROA_SQ":-4.242008265026,"START_DATE":"2022-01-01 00:00:00","FISCAL_YEAR":"12-31","CURRENCY":"HKD","IS_CNY_CODE":0,"DPS_HKD_LY":null,"ORG_TYPE":"一般企业","PREMIUM_INCOME":null,"PREMIUM_INCOME_YOY":null,"NET_INTEREST_INCOME":null,"NET_INTEREST_INCOME_YOY":null,"FEE_COMMISSION_INCOME":null,"FEE_COMMISSION_INCOME_YOY":null,"ACCOUNTS_RECE_TDAYS":6.552103975619,"INVENTORY_TDAYS":10.01960609798,"CURRENT_ASSETS_TDAYS":1.96129158945,"TOTAL_ASSETS_TDAYS":0.916572031614,"PREMIUM_EXPENSE":null,"LOAN_DEPOSIT":null,"LOAN_EQUITY":null,"LOAN_ASSETS":null,"DEPOSIT_EQUITY":null,"DEPOSIT_ASSETS":null,"EQUITY_MULTIPLIER":1.959409224156,"EQUITY_RATIO":0.970028827791},{"SECUCODE":"00361.HK","SECURITY_CODE":"00361","SECURITY_NAME_ABBR":"顺龙控股","ORG_CODE":"10008854","STD_REPORT_DATE":"2022-06-30 00:00:00","REPORT_DATE":"2022-06-30 00:00:00","DATE_TYPE_CODE":"002","REPORT_TYPE":"2022年中报","PER_NETCASH_OPERATE":0.002590767379,"PER_OI":0.044243966795,"BPS":0.042519364457,"BASIC_EPS":-0.000769671,"DILUTED_EPS":-0.000769671,"OPERATE_INCOME":230123932.29,"OPERATE_INCOME_YOY":46.0173533673,"GROSS_PROFIT":27799661.33,"GROSS_PROFIT_YOY":61.073387322175,"HOLDER_PROFIT":-4189575.81,"HOLDER_PROFIT_YOY":55.2111903456,"GROSS_PROFIT_RATIO":12.080299972872,"EPS_TTM":-0.00277658147,"OPERATE_INCOME_QOQ":22.440987922303,"NET_PROFIT_RATIO":-1.8205737093,"ROE_AVG":-1.871315096383,"GROSS_PROFIT_QOQ":21.474105853676,"ROA":-0.875960959927,"HOLDER_PROFIT_QOQ":25.379069277798,"ROE_YEARLY":-3.742630192766,"ROIC_YEARLY":-2.273244024556,"TOTAL_ASSETS":479788100.89,"TOTAL_LIABILITIES":256299587.81,"TAX_EBT":-26.720124159338,"OCF_SALES":5.855639913635,"TOTAL_PARENT_EQUITY":221153844.38,"DEBT_ASSET_RATIO":53.4193297697,"OPERATE_PROFIT":2605763.93,"PRETAX_PROFIT":-3306164.54,"NETCASH_OPERATE":13475228.83,"NETCASH_INVEST":-1350345.01,"NETCASH_FINANCE":-6903093.68,"END_CASH":109742256.75,"DIVI_RATIO":null,"DIVIDEND_RATE":null,"CURRENT_RATIO":1.135166574575,"COMMON_ACS":10000000000,"CURRENTDEBT_DEBT":80.314915965686,"ISSUED_COMMON_SHARES":5201250000,"HK_COMMON_SHARES":5201250000,"PER_SHARES":20000,"TOTAL_MARKET_CAP":270465000,"HKSK_MARKET_CAP":270465000,"PE_TTM":-27.581582704467,"PB_TTM":1.192615848631,"REPORT_DATE_SQ":"2021-06-30 00:00:00","REPORT_TYPE_SQ":"2021年中报","OPERATE_INCOME_SQ":153341526.96,"DPS_HKD":null,"OPERATE_INCOME_QOQ_SQ":39.687286723336,"NET_PROFIT_RATIO_SQ":-5.9353074281,"HOLDER_PROFIT_SQ":-9101291.04,"HOLDER_PROFIT_QOQ_SQ":13.702417069926,"ROE_AVG_SQ":-3.864990353425,"PE_TTM_SQ":-12.408045277507,"PB_TTM_SQ":1.079664359305,"ROA_SQ":-1.987962810665,"START_DATE":"2022-01-01 00:00:00","FISCAL_YEAR":"12-31","CURRENCY":"HKD","IS_CNY_CODE":0,"DPS_HKD_LY":null,"ORG_TYPE":"一般企业","PREMIUM_INCOME":null,"PREMIUM_INCOME_YOY":null,"NET_INTEREST_INCOME":null,"NET_INTEREST_INCOME_YOY":null,"FEE_COMMISSION_INCOME":null,"FEE_COMMISSION_INCOME_YOY":null,"ACCOUNTS_RECE_TDAYS":2.815598792527,"INVENTORY_TDAYS":5.294483607475,"CURRENT_ASSETS_TDAYS":1.012442434458,"TOTAL_ASSETS_TDAYS":0.481145561682,"PREMIUM_EXPENSE":null,"LOAN_DEPOSIT":null,"LOAN_EQUITY":null,"LOAN_ASSETS":null,"DEPOSIT_EQUITY":null,"DEPOSIT_ASSETS":null,"EQUITY_MULTIPLIER":2.146813249049,"EQUITY_RATIO":1.15891988461},{"SECUCODE":"00361.HK","SECURITY_CODE":"00361","SECURITY_NAME_ABBR":"顺龙控股","ORG_CODE":"10008854","STD_REPORT_DATE":"2021-12-31 00:00:00","REPORT_DATE":"2021-12-31 00:00:00","DATE_TYPE_CODE":"001","REPORT_TYPE":"2021年年报","PER_NETCASH_OPERATE":0.006230815439,"PER_OI":0.06578274807,"BPS":0.041654096842,"BASIC_EPS":-0.00376096,"DILUTED_EPS":-0.00376096,"OPERATE_INCOME":342152518.4,"OPERATE_INCOME_YOY":89.3078802135,"GROSS_PROFIT":49085433.6,"GROSS_PROFIT_YOY":62.981150371966,"HOLDER_PROFIT":-19353409.6,"HOLDER_PROFIT_YOY":-21.1288506806,"GROSS_PROFIT_RATIO":14.346068188987,"EPS_TTM":-0.003720915088,"OPERATE_INCOME_QOQ":31.651655858559,"NET_PROFIT_RATIO":-5.6563691802,"ROE_AVG":-8.553855938481,"GROSS_PROFIT_QOQ":45.440255809979,"ROA":-4.242008265026,"HOLDER_PROFIT_QOQ":-36.352617605698,"ROE_YEARLY":-8.553855938481,"ROIC_YEARLY":-5.416382549322,"TOTAL_ASSETS":455821811.2,"TOTAL_LIABILITIES":236936392,"TAX_EBT":-0.445557158618,"OCF_SALES":9.47180776326,"TOTAL_PARENT_EQUITY":216653371.2,"DEBT_ASSET_RATIO":51.9800470663,"OPERATE_PROFIT":-8947814.4,"PRETAX_PROFIT":-19267561.6,"NETCASH_OPERATE":32408028.8,"NETCASH_INVEST":-1327782.4,"NETCASH_FINANCE":-24055427.2,"END_CASH":100344048,"DIVI_RATIO":null,"DIVIDEND_RATE":null,"CURRENT_RATIO":1.116233850408,"COMMON_ACS":10000000000,"CURRENTDEBT_DEBT":79.859900964475,"ISSUED_COMMON_SHARES":5201250000,"HK_COMMON_SHARES":5201250000,"PER_SHARES":20000,"TOTAL_MARKET_CAP":270465000,"HKSK_MARKET_CAP":270465000,"PE_TTM":-27.581582704467,"PB_TTM":1.192615848631,"REPORT_DATE_SQ":"2020-12-31 00:00:00","REPORT_TYPE_SQ":"2020年年报","OPERATE_INCOME_SQ":186052938.4,"DPS_HKD":null,"OPERATE_INCOME_QOQ_SQ":-18.218624009395,"NET_PROFIT_RATIO_SQ":-8.8401339003,"HOLDER_PROFIT_SQ":-16447328.88,"HOLDER_PROFIT_QOQ_SQ":5.253142779183,"ROE_AVG_SQ":-6.918122102625,"PE_TTM_SQ":-12.408045277507,"PB_TTM_SQ":1.079664359305,"ROA_SQ":-3.558396154266,"START_DATE":"2021-01-01 00:00:00","FISCAL_YEAR":"12-31","CURRENCY":"HKD","IS_CNY_CODE":0,"DPS_HKD_LY":null,"ORG_TYPE":"一般企业","PREMIUM_INCOME":null,"PREMIUM_INCOME_YOY":null,"NET_INTEREST_INCOME":null,"NET_INTEREST_INCOME_YOY":null,"FEE_COMMISSION_INCOME":null,"FEE_COMMISSION_INCOME_YOY":null,"ACCOUNTS_RECE_TDAYS":5.4901868178,"INVENTORY_TDAYS":6.343258093915,"CURRENT_ASSETS_TDAYS":1.663958902421,"TOTAL_ASSETS_TDAYS":0.749952510152,"PREMIUM_EXPENSE":null,"LOAN_DEPOSIT":null,"LOAN_EQUITY":null,"LOAN_ASSETS":null,"DEPOSIT_EQUITY":null,"DEPOSIT_ASSETS":null,"EQUITY_MULTIPLIER":2.082467680426,"EQUITY_RATIO":1.093619687004},{"SECUCODE":"00361.HK","SECURITY_CODE":"00361","SECURITY_NAME_ABBR":"顺龙控股","ORG_CODE":"10008854","STD_REPORT_DATE":"2021-06-30 00:00:00","REPORT_DATE":"2021-06-30 00:00:00","DATE_TYPE_CODE":"002","REPORT_TYPE":"2021年中报","PER_NETCASH_OPERATE":0.001955557975,"PER_OI":0.029481668245,"BPS":0.044398876932,"BASIC_EPS":-0.001747368,"DILUTED_EPS":-0.001747368,"OPERATE_INCOME":153341526.96,"OPERATE_INCOME_YOY":111.7365228181,"GROSS_PROFIT":17259003.36,"GROSS_PROFIT_YOY":26.65580070333,"HOLDER_PROFIT":-9101291.04,"HOLDER_PROFIT_YOY":12.0102968385,"GROSS_PROFIT_RATIO":11.255270312068,"EPS_TTM":-0.00272889157,"OPERATE_INCOME_QOQ":39.687286723336,"NET_PROFIT_RATIO":-5.9353074281,"ROE_AVG":-3.864990353425,"GROSS_PROFIT_QOQ":12.060549855539,"ROA":-1.987962810665,"HOLDER_PROFIT_QOQ":13.702417069926,"ROE_YEARLY":-7.72998070685,"ROIC_YEARLY":-5.049826524747,"TOTAL_ASSETS":450909976.56,"TOTAL_LIABILITIES":217708739.52,"TAX_EBT":0.200729927007,"OCF_SALES":6.633132016908,"TOTAL_PARENT_EQUITY":230929658.64,"DEBT_ASSET_RATIO":48.2820853025,"OPERATE_PROFIT":-4556470.08,"PRETAX_PROFIT":-9119596.8,"NETCASH_OPERATE":10171345.92,"NETCASH_INVEST":-264601.44,"NETCASH_FINANCE":-9087145.68,"END_CASH":95498653.68,"DIVI_RATIO":null,"DIVIDEND_RATE":null,"CURRENT_RATIO":1.097946545742,"COMMON_ACS":10000000000,"CURRENTDEBT_DEBT":81.839063766033,"ISSUED_COMMON_SHARES":5201250000,"HK_COMMON_SHARES":5201250000,"PER_SHARES":20000,"TOTAL_MARKET_CAP":270465000,"HKSK_MARKET_CAP":270465000,"PE_TTM":-27.581582704467,"PB_TTM":1.192615848631,"REPORT_DATE_SQ":"2020-06-30 00:00:00","REPORT_TYPE_SQ":"2020年中报","OPERATE_INCOME_SQ":79502163.84,"DPS_HKD":null,"OPERATE_INCOME_QOQ_SQ":-6.784620954715,"NET_PROFIT_RATIO_SQ":-14.2825957075,"HOLDER_PROFIT_SQ":-11354972.64,"HOLDER_PROFIT_QOQ_SQ":16.177587395333,"ROE_AVG_SQ":-4.59957671018,"PE_TTM_SQ":-12.408045277507,"PB_TTM_SQ":1.079664359305,"ROA_SQ":-2.398994163174,"START_DATE":"2021-01-01 00:00:00","FISCAL_YEAR":"12-31","CURRENCY":"HKD","IS_CNY_CODE":0,"DPS_HKD_LY":null,"ORG_TYPE":"一般企业","PREMIUM_INCOME":null,"PREMIUM_INCOME_YOY":null,"NET_INTEREST_INCOME":null,"NET_INTEREST_INCOME_YOY":null,"FEE_COMMISSION_INCOME":null,"FEE_COMMISSION_INCOME_YOY":null,"ACCOUNTS_RECE_TDAYS":2.419528270303,"INVENTORY_TDAYS":3.395973711806,"CURRENT_ASSETS_TDAYS":0.76823381301,"TOTAL_ASSETS_TDAYS":0.33493847366,"PREMIUM_EXPENSE":null,"LOAN_DEPOSIT":null,"LOAN_EQUITY":null,"LOAN_ASSETS":null,"DEPOSIT_EQUITY":null,"DEPOSIT_ASSETS":null,"EQUITY_MULTIPLIER":1.933565971964,"EQUITY_RATIO":0.942749150551},{"SECUCODE":"00361.HK","SECURITY_CODE":"00361","SECURITY_NAME_ABBR":"顺龙控股","ORG_CODE":"10008854","STD_REPORT_DATE":"2020-12-31 00:00:00","REPORT_DATE":"2020-12-31 00:00:00","DATE_TYPE_CODE":"001","REPORT_TYPE":"2020年年报","PER_NETCASH_OPERATE":-0.002120261268,"PER_OI":0.035770812478,"BPS":0.04667891996,"BASIC_EPS":-0.003198232,"DILUTED_EPS":-0.003198232,"OPERATE_INCOME":186052938.4,"OPERATE_INCOME_YOY":-18.8633677612,"GROSS_PROFIT":30117245.76,"GROSS_PROFIT_YOY":-10.896953016454,"HOLDER_PROFIT":-16447328.88,"HOLDER_PROFIT_YOY":15.4721224966,"GROSS_PROFIT_RATIO":16.187460417986,"EPS_TTM":-0.00316218772,"OPERATE_INCOME_QOQ":-18.218624009395,"NET_PROFIT_RATIO":-8.8401339003,"ROE_AVG":-6.918122102625,"GROSS_PROFIT_QOQ":-16.364349756251,"ROA":-3.558396154266,"HOLDER_PROFIT_QOQ":5.253142779183,"ROE_YEARLY":-6.918122102625,"ROIC_YEARLY":-4.544022396901,"TOTAL_ASSETS":470069406.24,"TOTAL_LIABILITIES":224982996.6,"TAX_EBT":-0.908809253331,"OCF_SALES":-5.927350040713,"TOTAL_PARENT_EQUITY":242788732.44,"DEBT_ASSET_RATIO":47.8616548138,"OPERATE_PROFIT":-5330947.76,"PRETAX_PROFIT":-16299200.24,"NETCASH_OPERATE":-11028008.92,"NETCASH_INVEST":1876015.56,"NETCASH_FINANCE":4071854.32,"END_CASH":95766849.04,"DIVI_RATIO":null,"DIVIDEND_RATE":null,"CURRENT_RATIO":1.103514840991,"COMMON_ACS":10000000000,"CURRENTDEBT_DEBT":82.942221723435,"ISSUED_COMMON_SHARES":5201250000,"HK_COMMON_SHARES":5201250000,"PER_SHARES":20000,"TOTAL_MARKET_CAP":270465000,"HKSK_MARKET_CAP":270465000,"PE_TTM":-27.581582704467,"PB_TTM":1.192615848631,"REPORT_DATE_SQ":"2019-12-31 00:00:00","REPORT_TYPE_SQ":"2019年年报","OPERATE_INCOME_SQ":244058844.12,"DPS_HKD":null,"OPERATE_INCOME_QOQ_SQ":11.808616489807,"NET_PROFIT_RATIO_SQ":-8.4854691067,"HOLDER_PROFIT_SQ":-20709537.82,"HOLDER_PROFIT_QOQ_SQ":32.499175951693,"ROE_AVG_SQ":-8.006011694408,"PE_TTM_SQ":-12.408045277507,"PB_TTM_SQ":1.079664359305,"ROA_SQ":-4.192371439866,"START_DATE":"2020-01-01 00:00:00","FISCAL_YEAR":"12-31","CURRENCY":"HKD","IS_CNY_CODE":0,"DPS_HKD_LY":null,"ORG_TYPE":"一般企业","PREMIUM_INCOME":null,"PREMIUM_INCOME_YOY":null,"NET_INTEREST_INCOME":null,"NET_INTEREST_INCOME_YOY":null,"FEE_COMMISSION_INCOME":null,"FEE_COMMISSION_INCOME_YOY":null,"ACCOUNTS_RECE_TDAYS":3.425295370908,"INVENTORY_TDAYS":3.804552501617,"CURRENT_ASSETS_TDAYS":0.959338973526,"TOTAL_ASSETS_TDAYS":0.402527404494,"PREMIUM_EXPENSE":null,"LOAN_DEPOSIT":null,"LOAN_EQUITY":null,"LOAN_ASSETS":null,"DEPOSIT_EQUITY":null,"DEPOSIT_ASSETS":null,"EQUITY_MULTIPLIER":1.91797418278,"EQUITY_RATIO":0.926661605499},{"SECUCODE":"00361.HK","SECURITY_CODE":"00361","SECURITY_NAME_ABBR":"顺龙控股","ORG_CODE":"10008854","STD_REPORT_DATE":"2020-06-30 00:00:00","REPORT_DATE":"2020-06-30 00:00:00","DATE_TYPE_CODE":"002","REPORT_TYPE":"2020年中报","PER_NETCASH_OPERATE":-0.003708377609,"PER_OI":0.015285203334,"BPS":0.046371930809,"BASIC_EPS":-0.002192256,"DILUTED_EPS":-0.002192256,"OPERATE_INCOME":79502163.84,"OPERATE_INCOME_YOY":-20.2981630373,"GROSS_PROFIT":13626697.92,"GROSS_PROFIT_YOY":19.353333142147,"HOLDER_PROFIT":-11354972.64,"HOLDER_PROFIT_YOY":25.638571514,"GROSS_PROFIT_RATIO":17.140034008916,"EPS_TTM":-0.00333751199,"OPERATE_INCOME_QOQ":-6.784620954715,"NET_PROFIT_RATIO":-14.2825957075,"ROE_AVG":-4.59957671018,"GROSS_PROFIT_QOQ":6.537160557565,"ROA":-2.398994163174,"HOLDER_PROFIT_QOQ":16.177587395333,"ROE_YEARLY":-9.199153420359,"ROIC_YEARLY":-6.054223065319,"TOTAL_ASSETS":453529354.08,"TOTAL_LIABILITIES":209843657.76,"TAX_EBT":-1.427872062663,"OCF_SALES":-24.261225240131,"TOTAL_PARENT_EQUITY":241192005.12,"DEBT_ASSET_RATIO":46.2690354819,"OPERATE_PROFIT":-5176464.48,"PRETAX_PROFIT":-11195120.64,"NETCASH_OPERATE":-19288199.04,"NETCASH_INVEST":636667.68,"NETCASH_FINANCE":-7299299.04,"END_CASH":82743962.4,"DIVI_RATIO":null,"DIVIDEND_RATE":null,"CURRENT_RATIO":1.108777860191,"COMMON_ACS":10000000000,"CURRENTDEBT_DEBT":71.598274488637,"ISSUED_COMMON_SHARES":5201250000,"HK_COMMON_SHARES":5201250000,"PER_SHARES":20000,"TOTAL_MARKET_CAP":270465000,"HKSK_MARKET_CAP":270465000,"PE_TTM":-27.581582704467,"PB_TTM":1.192615848631,"REPORT_DATE_SQ":"2019-06-30 00:00:00","REPORT_TYPE_SQ":"2019年中报","OPERATE_INCOME_SQ":96060631.32,"DPS_HKD":null,"OPERATE_INCOME_QOQ_SQ":-12.878992476707,"NET_PROFIT_RATIO_SQ":-15.3083276863,"HOLDER_PROFIT_SQ":-14705276.22,"HOLDER_PROFIT_QOQ_SQ":13.546692332388,"ROE_AVG_SQ":-5.711259726172,"PE_TTM_SQ":-12.408045277507,"PB_TTM_SQ":1.079664359305,"ROA_SQ":-3.036754594551,"START_DATE":"2020-01-01 00:00:00","FISCAL_YEAR":"12-31","CURRENCY":"HKD","IS_CNY_CODE":0,"DPS_HKD_LY":null,"ORG_TYPE":"一般企业","PREMIUM_INCOME":null,"PREMIUM_INCOME_YOY":null,"NET_INTEREST_INCOME":null,"NET_INTEREST_INCOME_YOY":null,"FEE_COMMISSION_INCOME":null,"FEE_COMMISSION_INCOME_YOY":null,"ACCOUNTS_RECE_TDAYS":1.583451588255,"INVENTORY_TDAYS":1.852147672552,"CURRENT_ASSETS_TDAYS":0.43674682925,"TOTAL_ASSETS_TDAYS":0.167966258536,"PREMIUM_EXPENSE":null,"LOAN_DEPOSIT":null,"LOAN_EQUITY":null,"LOAN_ASSETS":null,"DEPOSIT_EQUITY":null,"DEPOSIT_ASSETS":null,"EQUITY_MULTIPLIER":1.861124230635,"EQUITY_RATIO":0.870027419257}],"count":45},"success":true,"message":"ok","code":0}