{"version":"111fa83f29e813bbc5da1e67941fab15","result":{"pages":6,"data":[{"SECUCODE":"00363.HK","SECURITY_CODE":"00363","SECURITY_NAME_ABBR":"上海实业控股","ORG_CODE":"10026348","STD_REPORT_DATE":"2024-06-30 00:00:00","REPORT_DATE":"2024-06-30 00:00:00","DATE_TYPE_CODE":"002","REPORT_TYPE":"2024年中报","PER_NETCASH_OPERATE":-0.704116040999,"PER_OI":8.704559886116,"BPS":38.850386877624,"BASIC_EPS":1.0085114,"DILUTED_EPS":1.0085114,"OPERATE_INCOME":9463698481.08,"OPERATE_INCOME_YOY":-18.9353054214,"GROSS_PROFIT":3018728345.24,"GROSS_PROFIT_YOY":-23.321602126527,"HOLDER_PROFIT":1096033761.28,"HOLDER_PROFIT_YOY":-12.7063590311,"GROSS_PROFIT_RATIO":31.897976792848,"EPS_TTM":2.695233866269,"OPERATE_INCOME_QOQ":-7.861601502965,"NET_PROFIT_RATIO":13.5835298059,"ROE_AVG":2.585831358317,"GROSS_PROFIT_QOQ":-7.921649483432,"ROA":0.678092496472,"HOLDER_PROFIT_QOQ":-5.554380160651,"ROE_YEARLY":5.171662716634,"ROIC_YEARLY":2.011957558126,"TOTAL_ASSETS":159615569626.32,"TOTAL_LIABILITIES":89903514194.24,"TAX_EBT":31.606185915427,"OCF_SALES":-8.089048156495,"TOTAL_PARENT_EQUITY":42238591277.84,"DEBT_ASSET_RATIO":56.3250279435,"OPERATE_PROFIT":2366255238.6,"PRETAX_PROFIT":1879562239.84,"NETCASH_OPERATE":-765523127.52,"NETCASH_INVEST":454531068.24,"NETCASH_FINANCE":588644830.84,"END_CASH":22654124952.56,"DIVI_RATIO":0.317063395016,"DIVIDEND_RATE":8.231173380035,"CURRENT_RATIO":1.742294584012,"COMMON_ACS":null,"CURRENTDEBT_DEBT":42.565183108328,"ISSUED_COMMON_SHARES":1087211600,"HK_COMMON_SHARES":1087211600,"PER_SHARES":1000,"TOTAL_MARKET_CAP":12415956472,"HKSK_MARKET_CAP":12415956472,"PE_TTM":3.82159481719,"PB_TTM":0.268280612825,"REPORT_DATE_SQ":"2023-06-30 00:00:00","REPORT_TYPE_SQ":"2023年中报","OPERATE_INCOME_SQ":11793212136.4,"DPS_HKD":0.94,"OPERATE_INCOME_QOQ_SQ":-4.367351874174,"NET_PROFIT_RATIO_SQ":14.4154644059,"HOLDER_PROFIT_SQ":1268365120.06,"HOLDER_PROFIT_QOQ_SQ":15.699498460158,"ROE_AVG_SQ":3.054645217461,"PE_TTM_SQ":4.212738780162,"PB_TTM_SQ":0.244539678834,"ROA_SQ":0.739079888177,"START_DATE":"2024-01-01 00:00:00","FISCAL_YEAR":"12-31","CURRENCY":"HKD","IS_CNY_CODE":0,"DPS_HKD_LY":0.94,"ORG_TYPE":"一般企业","PREMIUM_INCOME":null,"PREMIUM_INCOME_YOY":null,"NET_INTEREST_INCOME":null,"NET_INTEREST_INCOME_YOY":null,"FEE_COMMISSION_INCOME":null,"FEE_COMMISSION_INCOME_YOY":null,"ACCOUNTS_RECE_TDAYS":0.898764697378,"INVENTORY_TDAYS":0.214438729979,"CURRENT_ASSETS_TDAYS":0.139915913609,"TOTAL_ASSETS_TDAYS":0.058549865484,"PREMIUM_EXPENSE":null,"LOAN_DEPOSIT":null,"LOAN_EQUITY":null,"LOAN_ASSETS":null,"DEPOSIT_EQUITY":null,"DEPOSIT_ASSETS":null,"EQUITY_MULTIPLIER":2.289640846722,"EQUITY_RATIO":2.128468575168},{"SECUCODE":"00363.HK","SECURITY_CODE":"00363","SECURITY_NAME_ABBR":"上海实业控股","ORG_CODE":"10026348","STD_REPORT_DATE":"2023-12-31 00:00:00","REPORT_DATE":"2023-12-31 00:00:00","DATE_TYPE_CODE":"001","REPORT_TYPE":"2023年年报","PER_NETCASH_OPERATE":3.629949176554,"PER_OI":27.254621621127,"BPS":38.844882549818,"BASIC_EPS":2.85368678,"DILUTED_EPS":2.85368678,"OPERATE_INCOME":29631540780.1,"OPERATE_INCOME_YOY":4.3043815174,"GROSS_PROFIT":11590275590.46,"GROSS_PROFIT_YOY":43.675565148787,"HOLDER_PROFIT":3102620882.9,"HOLDER_PROFIT_YOY":47.9605639597,"GROSS_PROFIT_RATIO":39.114657170456,"EPS_TTM":2.853741519038,"OPERATE_INCOME_QOQ":10.648941685727,"NET_PROFIT_RATIO":13.8408258253,"ROE_AVG":7.432550138553,"GROSS_PROFIT_QOQ":35.852563638356,"ROA":1.834554601461,"HOLDER_PROFIT_QOQ":29.737461368591,"ROE_YEARLY":7.432550138553,"ROIC_YEARLY":2.708042953103,"TOTAL_ASSETS":162495769026.64,"TOTAL_LIABILITIES":92299874485.98,"TAX_EBT":48.222272079145,"OCF_SALES":13.318655555065,"TOTAL_PARENT_EQUITY":42232606908.8,"DEBT_ASSET_RATIO":56.801401685,"OPERATE_PROFIT":9330304280.78,"PRETAX_PROFIT":7920876626.74,"NETCASH_OPERATE":3946522852.16,"NETCASH_INVEST":-3658787127.52,"NETCASH_FINANCE":-3029617612.14,"END_CASH":22859423061.72,"DIVI_RATIO":0.299452488706,"DIVIDEND_RATE":7.952622673435,"CURRENT_RATIO":1.584979551565,"COMMON_ACS":null,"CURRENTDEBT_DEBT":46.562546265269,"ISSUED_COMMON_SHARES":1087211600,"HK_COMMON_SHARES":1087211600,"PER_SHARES":1000,"TOTAL_MARKET_CAP":12850841112,"HKSK_MARKET_CAP":12850841112,"PE_TTM":3.95545102795,"PB_TTM":0.277677481925,"REPORT_DATE_SQ":"2022-12-31 00:00:00","REPORT_TYPE_SQ":"2022年年报","OPERATE_INCOME_SQ":28002756775.84,"DPS_HKD":0.94,"OPERATE_INCOME_QOQ_SQ":-10.018144617488,"NET_PROFIT_RATIO_SQ":10.6217529642,"HOLDER_PROFIT_SQ":2066958891.48,"HOLDER_PROFIT_QOQ_SQ":-7.453527865553,"ROE_AVG_SQ":4.978135767838,"PE_TTM_SQ":3.922640001887,"PB_TTM_SQ":0.227700120112,"ROA_SQ":1.152225526365,"START_DATE":"2023-01-01 00:00:00","FISCAL_YEAR":"12-31","CURRENCY":"HKD","IS_CNY_CODE":0,"DPS_HKD_LY":0.92,"ORG_TYPE":"一般企业","PREMIUM_INCOME":null,"PREMIUM_INCOME_YOY":null,"NET_INTEREST_INCOME":null,"NET_INTEREST_INCOME_YOY":null,"FEE_COMMISSION_INCOME":null,"FEE_COMMISSION_INCOME_YOY":null,"ACCOUNTS_RECE_TDAYS":2.880745872633,"INVENTORY_TDAYS":0.533912633969,"CURRENT_ASSETS_TDAYS":0.387522725274,"TOTAL_ASSETS_TDAYS":0.17520890092,"PREMIUM_EXPENSE":null,"LOAN_DEPOSIT":null,"LOAN_EQUITY":null,"LOAN_ASSETS":null,"DEPOSIT_EQUITY":null,"DEPOSIT_ASSETS":null,"EQUITY_MULTIPLIER":2.314889924687,"EQUITY_RATIO":2.185512125389},{"SECUCODE":"00363.HK","SECURITY_CODE":"00363","SECURITY_NAME_ABBR":"上海实业控股","ORG_CODE":"10026348","STD_REPORT_DATE":"2023-06-30 00:00:00","REPORT_DATE":"2023-06-30 00:00:00","DATE_TYPE_CODE":"002","REPORT_TYPE":"2023年中报","PER_NETCASH_OPERATE":1.533062027521,"PER_OI":10.84720962911,"BPS":37.77808020378,"BASIC_EPS":1.1663047,"DILUTED_EPS":1.1663047,"OPERATE_INCOME":11793212136.4,"OPERATE_INCOME_YOY":-15.9593680333,"GROSS_PROFIT":3936869351.68,"GROSS_PROFIT_YOY":13.378105537564,"HOLDER_PROFIT":1268365120.06,"HOLDER_PROFIT_YOY":24.6454613985,"GROSS_PROFIT_RATIO":33.382502630719,"EPS_TTM":2.199627994054,"OPERATE_INCOME_QOQ":-4.367351874174,"NET_PROFIT_RATIO":14.4154644059,"ROE_AVG":3.054645217461,"GROSS_PROFIT_QOQ":5.758449675823,"ROA":0.739079888177,"HOLDER_PROFIT_QOQ":15.699498460158,"ROE_YEARLY":6.109290434922,"ROIC_YEARLY":2.181150881691,"TOTAL_ASSETS":164425111077.4,"TOTAL_LIABILITIES":96032977653.96,"TAX_EBT":37.079389366637,"OCF_SALES":14.133238684781,"TOTAL_PARENT_EQUITY":41072767023.28,"DEBT_ASSET_RATIO":58.405298938,"OPERATE_PROFIT":3364316083.76,"PRETAX_PROFIT":2701890971.38,"NETCASH_OPERATE":1666762819.84,"NETCASH_INVEST":353533231,"NETCASH_FINANCE":-1681310742.26,"END_CASH":25801294060.86,"DIVI_RATIO":0.388502056852,"DIVIDEND_RATE":7.952622673435,"CURRENT_RATIO":1.508569716755,"COMMON_ACS":null,"CURRENTDEBT_DEBT":50.498621815607,"ISSUED_COMMON_SHARES":1087211600,"HK_COMMON_SHARES":1087211600,"PER_SHARES":1000,"TOTAL_MARKET_CAP":12850841112,"HKSK_MARKET_CAP":12850841112,"PE_TTM":3.95545102795,"PB_TTM":0.277677481925,"REPORT_DATE_SQ":"2022-06-30 00:00:00","REPORT_TYPE_SQ":"2022年中报","OPERATE_INCOME_SQ":13016191059.27,"DPS_HKD":0.94,"OPERATE_INCOME_QOQ_SQ":-1.76726864692,"NET_PROFIT_RATIO_SQ":9.7953625283,"HOLDER_PROFIT_SQ":943862940.72,"HOLDER_PROFIT_QOQ_SQ":-27.067566077267,"ROE_AVG_SQ":2.362988024314,"PE_TTM_SQ":3.922640001887,"PB_TTM_SQ":0.227700120112,"ROA_SQ":0.547771322953,"START_DATE":"2023-01-01 00:00:00","FISCAL_YEAR":"12-31","CURRENCY":"HKD","IS_CNY_CODE":0,"DPS_HKD_LY":0.92,"ORG_TYPE":"一般企业","PREMIUM_INCOME":null,"PREMIUM_INCOME_YOY":null,"NET_INTEREST_INCOME":null,"NET_INTEREST_INCOME_YOY":null,"FEE_COMMISSION_INCOME":null,"FEE_COMMISSION_INCOME_YOY":null,"ACCOUNTS_RECE_TDAYS":1.098324411237,"INVENTORY_TDAYS":0.220756916623,"CURRENT_ASSETS_TDAYS":0.147929586531,"TOTAL_ASSETS_TDAYS":0.06871937559,"PREMIUM_EXPENSE":null,"LOAN_DEPOSIT":null,"LOAN_EQUITY":null,"LOAN_ASSETS":null,"DEPOSIT_EQUITY":null,"DEPOSIT_ASSETS":null,"EQUITY_MULTIPLIER":2.404152390732,"EQUITY_RATIO":2.338118043022},{"SECUCODE":"00363.HK","SECURITY_CODE":"00363","SECURITY_NAME_ABBR":"上海实业控股","ORG_CODE":"10026348","STD_REPORT_DATE":"2022-12-31 00:00:00","REPORT_DATE":"2022-12-31 00:00:00","DATE_TYPE_CODE":"001","REPORT_TYPE":"2022年年报","PER_NETCASH_OPERATE":0.43231851267,"PER_OI":25.756491906304,"BPS":37.40324536518,"BASIC_EPS":1.90087856,"DILUTED_EPS":1.90087856,"OPERATE_INCOME":28002756775.84,"OPERATE_INCOME_YOY":-19.0961297541,"GROSS_PROFIT":8066977553.53,"GROSS_PROFIT_YOY":-33.645525745505,"HOLDER_PROFIT":2066958891.48,"HOLDER_PROFIT_YOY":-38.2213079411,"GROSS_PROFIT_RATIO":28.807797811143,"EPS_TTM":1.901156032073,"OPERATE_INCOME_QOQ":-10.018144617488,"NET_PROFIT_RATIO":10.6217529642,"ROE_AVG":4.978135767838,"GROSS_PROFIT_QOQ":-21.582246562916,"ROA":1.152225526365,"HOLDER_PROFIT_QOQ":-7.453527865553,"ROE_YEARLY":4.978135767838,"ROIC_YEARLY":1.733399943324,"TOTAL_ASSETS":173235202649.04,"TOTAL_LIABILITIES":104637505770.07,"TAX_EBT":39.580423285608,"OCF_SALES":1.678483677991,"TOTAL_PARENT_EQUITY":40665242238.67,"DEBT_ASSET_RATIO":60.4019876849,"OPERATE_PROFIT":6204647167.11,"PRETAX_PROFIT":4922880645.06,"NETCASH_OPERATE":470021701.87,"NETCASH_INVEST":-2742736405.15,"NETCASH_FINANCE":-4073915943.79,"END_CASH":25788877301.11,"DIVI_RATIO":0.449494931286,"DIVIDEND_RATE":7.952622673435,"CURRENT_RATIO":1.431078454211,"COMMON_ACS":null,"CURRENTDEBT_DEBT":55.827186926095,"ISSUED_COMMON_SHARES":1087211600,"HK_COMMON_SHARES":1087211600,"PER_SHARES":1000,"TOTAL_MARKET_CAP":12850841112,"HKSK_MARKET_CAP":12850841112,"PE_TTM":3.95545102795,"PB_TTM":0.277677481925,"REPORT_DATE_SQ":"2021-12-31 00:00:00","REPORT_TYPE_SQ":"2021年年报","OPERATE_INCOME_SQ":31680324737.6,"DPS_HKD":0.94,"OPERATE_INCOME_QOQ_SQ":30.110703509388,"NET_PROFIT_RATIO_SQ":10.6146670827,"HOLDER_PROFIT_SQ":3062324888,"HOLDER_PROFIT_QOQ_SQ":5.341855070206,"ROE_AVG_SQ":8.22119878988,"PE_TTM_SQ":3.922640001887,"PB_TTM_SQ":0.227700120112,"ROA_SQ":1.860691012426,"START_DATE":"2022-01-01 00:00:00","FISCAL_YEAR":"12-31","CURRENCY":"HKD","IS_CNY_CODE":0,"DPS_HKD_LY":0.96,"ORG_TYPE":"一般企业","PREMIUM_INCOME":null,"PREMIUM_INCOME_YOY":null,"NET_INTEREST_INCOME":null,"NET_INTEREST_INCOME_YOY":null,"FEE_COMMISSION_INCOME":null,"FEE_COMMISSION_INCOME_YOY":null,"ACCOUNTS_RECE_TDAYS":2.639695819283,"INVENTORY_TDAYS":0.474300539491,"CURRENT_ASSETS_TDAYS":0.311555540564,"TOTAL_ASSETS_TDAYS":0.15610127177,"PREMIUM_EXPENSE":null,"LOAN_DEPOSIT":null,"LOAN_EQUITY":null,"LOAN_ASSETS":null,"DEPOSIT_EQUITY":null,"DEPOSIT_ASSETS":null,"EQUITY_MULTIPLIER":2.5253792843,"EQUITY_RATIO":2.573143549863},{"SECUCODE":"00363.HK","SECURITY_CODE":"00363","SECURITY_NAME_ABBR":"上海实业控股","ORG_CODE":"10026348","STD_REPORT_DATE":"2022-06-30 00:00:00","REPORT_DATE":"2022-06-30 00:00:00","DATE_TYPE_CODE":"002","REPORT_TYPE":"2022年中报","PER_NETCASH_OPERATE":-6.341899294305,"PER_OI":11.972086261101,"BPS":36.16360600757,"BASIC_EPS":0.86801785,"DILUTED_EPS":0.86801785,"OPERATE_INCOME":13016191059.27,"OPERATE_INCOME_YOY":-6.7148755012,"GROSS_PROFIT":3472336508.9,"GROSS_PROFIT_YOY":-35.0060308949,"HOLDER_PROFIT":943862940.72,"HOLDER_PROFIT_YOY":-48.196211622,"GROSS_PROFIT_RATIO":26.677055469519,"EPS_TTM":2.054271749345,"OPERATE_INCOME_QOQ":-1.76726864692,"NET_PROFIT_RATIO":9.7953625283,"ROE_AVG":2.362988024314,"GROSS_PROFIT_QOQ":-15.38335217964,"ROA":0.547771322953,"HOLDER_PROFIT_QOQ":-27.067566077267,"ROE_YEARLY":4.725976048628,"ROIC_YEARLY":1.673810364869,"TOTAL_ASSETS":166987360922.97,"TOTAL_LIABILITIES":99959964965.35,"TAX_EBT":40.209032990814,"OCF_SALES":-52.972382223058,"TOTAL_PARENT_EQUITY":39317491949.26,"DEBT_ASSET_RATIO":59.8607968968,"OPERATE_PROFIT":2553634968.36,"PRETAX_PROFIT":2132400871.58,"NETCASH_OPERATE":-6894986478.8,"NETCASH_INVEST":215653262.3,"NETCASH_FINANCE":4541009298.98,"END_CASH":28895819071.49,"DIVI_RATIO":0.415991701328,"DIVIDEND_RATE":7.952622673435,"CURRENT_RATIO":1.627707109873,"COMMON_ACS":null,"CURRENTDEBT_DEBT":51.979549521922,"ISSUED_COMMON_SHARES":1087211600,"HK_COMMON_SHARES":1087211600,"PER_SHARES":1000,"TOTAL_MARKET_CAP":12850841112,"HKSK_MARKET_CAP":12850841112,"PE_TTM":3.95545102795,"PB_TTM":0.277677481925,"REPORT_DATE_SQ":"2021-06-30 00:00:00","REPORT_TYPE_SQ":"2021年中报","OPERATE_INCOME_SQ":13576067505.6,"DPS_HKD":0.94,"OPERATE_INCOME_QOQ_SQ":6.605295676685,"NET_PROFIT_RATIO_SQ":19.2023937504,"HOLDER_PROFIT_SQ":1772759753.28,"HOLDER_PROFIT_QOQ_SQ":55.664903151123,"ROE_AVG_SQ":4.764630209383,"PE_TTM_SQ":3.922640001887,"PB_TTM_SQ":0.227700120112,"ROA_SQ":1.050441915944,"START_DATE":"2022-01-01 00:00:00","FISCAL_YEAR":"12-31","CURRENCY":"HKD","IS_CNY_CODE":0,"DPS_HKD_LY":0.96,"ORG_TYPE":"一般企业","PREMIUM_INCOME":null,"PREMIUM_INCOME_YOY":null,"NET_INTEREST_INCOME":null,"NET_INTEREST_INCOME_YOY":null,"FEE_COMMISSION_INCOME":null,"FEE_COMMISSION_INCOME_YOY":null,"ACCOUNTS_RECE_TDAYS":1.363710306849,"INVENTORY_TDAYS":0.214113031702,"CURRENT_ASSETS_TDAYS":0.147377855476,"TOTAL_ASSETS_TDAYS":0.07553952898,"PREMIUM_EXPENSE":null,"LOAN_DEPOSIT":null,"LOAN_EQUITY":null,"LOAN_ASSETS":null,"DEPOSIT_EQUITY":null,"DEPOSIT_ASSETS":null,"EQUITY_MULTIPLIER":2.491329978398,"EQUITY_RATIO":2.542378977132},{"SECUCODE":"00363.HK","SECURITY_CODE":"00363","SECURITY_NAME_ABBR":"上海实业控股","ORG_CODE":"10026348","STD_REPORT_DATE":"2021-12-31 00:00:00","REPORT_DATE":"2021-12-31 00:00:00","DATE_TYPE_CODE":"001","REPORT_TYPE":"2021年年报","PER_NETCASH_OPERATE":7.188858551546,"PER_OI":29.139060636954,"BPS":35.67520581127,"BASIC_EPS":2.8035504,"DILUTED_EPS":2.8035504,"OPERATE_INCOME":31680324737.6,"OPERATE_INCOME_YOY":42.7832585496,"GROSS_PROFIT":12157398041.6,"GROSS_PROFIT_YOY":47.129925991048,"HOLDER_PROFIT":3062324888,"HOLDER_PROFIT_YOY":68.801830836,"GROSS_PROFIT_RATIO":38.375231763868,"EPS_TTM":2.816677901523,"OPERATE_INCOME_QOQ":30.110703509388,"NET_PROFIT_RATIO":10.6146670827,"ROE_AVG":8.22119878988,"GROSS_PROFIT_QOQ":32.700110031815,"ROA":1.860691012426,"HOLDER_PROFIT_QOQ":5.341855070206,"ROE_YEARLY":8.22119878988,"ROIC_YEARLY":2.848607758031,"TOTAL_ASSETS":169824133416,"TOTAL_LIABILITIES":103306077078.4,"TAX_EBT":61.725659393334,"OCF_SALES":24.670865822041,"TOTAL_PARENT_EQUITY":38786497590.4,"DEBT_ASSET_RATIO":60.831211089,"OPERATE_PROFIT":8490601033.6,"PRETAX_PROFIT":8785941046.4,"NETCASH_OPERATE":7815810408,"NETCASH_INVEST":-2106919225.6,"NETCASH_FINANCE":2382704699.2,"END_CASH":31191229059.2,"DIVI_RATIO":0.303392872695,"DIVIDEND_RATE":7.952622673435,"CURRENT_RATIO":1.462050398431,"COMMON_ACS":null,"CURRENTDEBT_DEBT":58.274293238251,"ISSUED_COMMON_SHARES":1087211600,"HK_COMMON_SHARES":1087211600,"PER_SHARES":1000,"TOTAL_MARKET_CAP":12850841112,"HKSK_MARKET_CAP":12850841112,"PE_TTM":3.95545102795,"PB_TTM":0.277677481925,"REPORT_DATE_SQ":"2020-12-31 00:00:00","REPORT_TYPE_SQ":"2020年年报","OPERATE_INCOME_SQ":22840090505.64,"DPS_HKD":0.94,"OPERATE_INCOME_QOQ_SQ":-13.435281755356,"NET_PROFIT_RATIO_SQ":14.456484197,"HOLDER_PROFIT_SQ":1867495638.28,"HOLDER_PROFIT_QOQ_SQ":-5.004288572766,"ROE_AVG_SQ":5.288166346193,"PE_TTM_SQ":3.922640001887,"PB_TTM_SQ":0.227700120112,"ROA_SQ":1.199961625058,"START_DATE":"2021-01-01 00:00:00","FISCAL_YEAR":"12-31","CURRENCY":"HKD","IS_CNY_CODE":0,"DPS_HKD_LY":1,"ORG_TYPE":"一般企业","PREMIUM_INCOME":null,"PREMIUM_INCOME_YOY":null,"NET_INTEREST_INCOME":null,"NET_INTEREST_INCOME_YOY":null,"FEE_COMMISSION_INCOME":null,"FEE_COMMISSION_INCOME_YOY":null,"ACCOUNTS_RECE_TDAYS":3.026052448362,"INVENTORY_TDAYS":0.42263057452,"CURRENT_ASSETS_TDAYS":0.36450764412,"TOTAL_ASSETS_TDAYS":0.192491971512,"PREMIUM_EXPENSE":null,"LOAN_DEPOSIT":null,"LOAN_EQUITY":null,"LOAN_ASSETS":null,"DEPOSIT_EQUITY":null,"DEPOSIT_ASSETS":null,"EQUITY_MULTIPLIER":2.553053152274,"EQUITY_RATIO":2.663454642627},{"SECUCODE":"00363.HK","SECURITY_CODE":"00363","SECURITY_NAME_ABBR":"上海实业控股","ORG_CODE":"10026348","STD_REPORT_DATE":"2021-06-30 00:00:00","REPORT_DATE":"2021-06-30 00:00:00","DATE_TYPE_CODE":"002","REPORT_TYPE":"2021年中报","PER_NETCASH_OPERATE":2.214344681753,"PER_OI":12.487051743745,"BPS":35.015347527271,"BASIC_EPS":1.6183956,"DILUTED_EPS":1.6183956,"OPERATE_INCOME":13576067505.6,"OPERATE_INCOME_YOY":23.5022275458,"GROSS_PROFIT":5342551865.52,"GROSS_PROFIT_YOY":20.21865414024,"HOLDER_PROFIT":1772759753.28,"HOLDER_PROFIT_YOY":165.4180505343,"GROSS_PROFIT_RATIO":39.352720243298,"EPS_TTM":2.673844977997,"OPERATE_INCOME_QOQ":6.605295676685,"NET_PROFIT_RATIO":19.2023937504,"ROE_AVG":4.764630209383,"GROSS_PROFIT_QOQ":10.874004517233,"ROA":1.050441915944,"HOLDER_PROFIT_QOQ":55.664903151123,"ROE_YEARLY":9.529260418765,"ROIC_YEARLY":3.185997138546,"TOTAL_ASSETS":175368746454.24,"TOTAL_LIABILITIES":104578416314.16,"TAX_EBT":44.771583268037,"OCF_SALES":17.733126499312,"TOTAL_PARENT_EQUITY":38069092009.68,"DEBT_ASSET_RATIO":59.6334400676,"OPERATE_PROFIT":5020295602.32,"PRETAX_PROFIT":4720269188.4,"NETCASH_OPERATE":2407461224.4,"NETCASH_INVEST":-2771769146.64,"NETCASH_FINANCE":2911369704.48,"END_CASH":26470364438.64,"DIVI_RATIO":0.319599680248,"DIVIDEND_RATE":7.952622673435,"CURRENT_RATIO":1.691525193063,"COMMON_ACS":null,"CURRENTDEBT_DEBT":53.097027097361,"ISSUED_COMMON_SHARES":1087211600,"HK_COMMON_SHARES":1087211600,"PER_SHARES":1000,"TOTAL_MARKET_CAP":12850841112,"HKSK_MARKET_CAP":12850841112,"PE_TTM":3.95545102795,"PB_TTM":0.277677481925,"REPORT_DATE_SQ":"2020-06-30 00:00:00","REPORT_TYPE_SQ":"2020年中报","OPERATE_INCOME_SQ":12067411994.88,"DPS_HKD":0.94,"OPERATE_INCOME_QOQ_SQ":-8.936983464529,"NET_PROFIT_RATIO_SQ":12.7857629034,"HOLDER_PROFIT_SQ":733220114.88,"HOLDER_PROFIT_QOQ_SQ":-34.480551480545,"ROE_AVG_SQ":2.006501754397,"PE_TTM_SQ":3.922640001887,"PB_TTM_SQ":0.227700120112,"ROA_SQ":0.464786342602,"START_DATE":"2021-01-01 00:00:00","FISCAL_YEAR":"12-31","CURRENCY":"HKD","IS_CNY_CODE":0,"DPS_HKD_LY":1,"ORG_TYPE":"一般企业","PREMIUM_INCOME":null,"PREMIUM_INCOME_YOY":null,"NET_INTEREST_INCOME":null,"NET_INTEREST_INCOME_YOY":null,"FEE_COMMISSION_INCOME":null,"FEE_COMMISSION_INCOME_YOY":null,"ACCOUNTS_RECE_TDAYS":1.30953415754,"INVENTORY_TDAYS":0.159513745165,"CURRENT_ASSETS_TDAYS":0.149800477216,"TOTAL_ASSETS_TDAYS":0.08044446144,"PREMIUM_EXPENSE":null,"LOAN_DEPOSIT":null,"LOAN_EQUITY":null,"LOAN_ASSETS":null,"DEPOSIT_EQUITY":null,"DEPOSIT_ASSETS":null,"EQUITY_MULTIPLIER":2.477298044903,"EQUITY_RATIO":2.747068837039},{"SECUCODE":"00363.HK","SECURITY_CODE":"00363","SECURITY_NAME_ABBR":"上海实业控股","ORG_CODE":"10026348","STD_REPORT_DATE":"2020-12-31 00:00:00","REPORT_DATE":"2020-12-31 00:00:00","DATE_TYPE_CODE":"001","REPORT_TYPE":"2020年年报","PER_NETCASH_OPERATE":5.394212313482,"PER_OI":21.007953286775,"BPS":33.812917941862,"BASIC_EPS":1.69506296,"DILUTED_EPS":1.69506296,"OPERATE_INCOME":22840090505.64,"OPERATE_INCOME_YOY":-16.1007755243,"GROSS_PROFIT":8263035517.56,"GROSS_PROFIT_YOY":-26.394291890832,"HOLDER_PROFIT":1867495638.28,"HOLDER_PROFIT_YOY":-33.7555914544,"GROSS_PROFIT_RATIO":36.177770466888,"EPS_TTM":1.717692892791,"OPERATE_INCOME_QOQ":-13.435281755356,"NET_PROFIT_RATIO":14.456484197,"ROE_AVG":5.288166346193,"GROSS_PROFIT_QOQ":-19.673341386529,"ROA":1.199961625058,"HOLDER_PROFIT_QOQ":-5.004288572766,"ROE_YEARLY":5.288166346193,"ROIC_YEARLY":1.831199200903,"TOTAL_ASSETS":164020797886.8,"TOTAL_LIABILITIES":94949605658.68,"TAX_EBT":43.283093787954,"OCF_SALES":25.677000704668,"TOTAL_PARENT_EQUITY":36761796616.24,"DEBT_ASSET_RATIO":57.8887597683,"OPERATE_PROFIT":6702420339.36,"PRETAX_PROFIT":5821675220.04,"NETCASH_OPERATE":5864650200.08,"NETCASH_INVEST":-4114279709.12,"NETCASH_FINANCE":-2647954301.76,"END_CASH":23864159342.2,"DIVI_RATIO":0.497504532729,"DIVIDEND_RATE":7.952622673435,"CURRENT_RATIO":1.72967753405,"COMMON_ACS":null,"CURRENTDEBT_DEBT":53.784585376055,"ISSUED_COMMON_SHARES":1087211600,"HK_COMMON_SHARES":1087211600,"PER_SHARES":1000,"TOTAL_MARKET_CAP":12850841112,"HKSK_MARKET_CAP":12850841112,"PE_TTM":3.95545102795,"PB_TTM":0.277677481925,"REPORT_DATE_SQ":"2019-12-31 00:00:00","REPORT_TYPE_SQ":"2019年年报","OPERATE_INCOME_SQ":28974427803.94,"DPS_HKD":0.94,"OPERATE_INCOME_QOQ_SQ":2.121398651435,"NET_PROFIT_RATIO_SQ":16.4893430373,"HOLDER_PROFIT_SQ":3000442879.18,"HOLDER_PROFIT_QOQ_SQ":-0.557869053693,"ROE_AVG_SQ":8.218184535804,"PE_TTM_SQ":3.922640001887,"PB_TTM_SQ":0.227700120112,"ROA_SQ":1.956720426131,"START_DATE":"2020-01-01 00:00:00","FISCAL_YEAR":"12-31","CURRENCY":"HKD","IS_CNY_CODE":0,"DPS_HKD_LY":0.74,"ORG_TYPE":"一般企业","PREMIUM_INCOME":null,"PREMIUM_INCOME_YOY":null,"NET_INTEREST_INCOME":null,"NET_INTEREST_INCOME_YOY":null,"FEE_COMMISSION_INCOME":null,"FEE_COMMISSION_INCOME_YOY":null,"ACCOUNTS_RECE_TDAYS":2.383027463219,"INVENTORY_TDAYS":0.297940976185,"CURRENT_ASSETS_TDAYS":0.267066841117,"TOTAL_ASSETS_TDAYS":0.146759283169,"PREMIUM_EXPENSE":null,"LOAN_DEPOSIT":null,"LOAN_EQUITY":null,"LOAN_ASSETS":null,"DEPOSIT_EQUITY":null,"DEPOSIT_ASSETS":null,"EQUITY_MULTIPLIER":2.374662903533,"EQUITY_RATIO":2.582833658808},{"SECUCODE":"00363.HK","SECURITY_CODE":"00363","SECURITY_NAME_ABBR":"上海实业控股","ORG_CODE":"10026348","STD_REPORT_DATE":"2020-06-30 00:00:00","REPORT_DATE":"2020-06-30 00:00:00","DATE_TYPE_CODE":"002","REPORT_TYPE":"2020年中报","PER_NETCASH_OPERATE":-1.164085866634,"PER_OI":11.099414313534,"BPS":33.413706338674,"BASIC_EPS":0.662244,"DILUTED_EPS":0.662244,"OPERATE_INCOME":12067411994.88,"OPERATE_INCOME_YOY":-20.711854212,"GROSS_PROFIT":4444029010.08,"GROSS_PROFIT_YOY":-17.44813867635,"HOLDER_PROFIT":733220114.88,"HOLDER_PROFIT_YOY":-60.0571847128,"GROSS_PROFIT_RATIO":36.826695002752,"EPS_TTM":1.808179408296,"OPERATE_INCOME_QOQ":-8.936983464529,"NET_PROFIT_RATIO":12.7857629034,"ROE_AVG":2.006501754397,"GROSS_PROFIT_QOQ":-8.367023626172,"ROA":0.464786342602,"HOLDER_PROFIT_QOQ":-34.480551480545,"ROE_YEARLY":4.013003508795,"ROIC_YEARLY":1.413660036803,"TOTAL_ASSETS":155709174176.16,"TOTAL_LIABILITIES":89046108317.76,"TAX_EBT":49.619158261762,"OCF_SALES":-10.487813444482,"TOTAL_PARENT_EQUITY":36327769130.4,"DEBT_ASSET_RATIO":57.1874514067,"OPERATE_PROFIT":3656324026.08,"PRETAX_PROFIT":3062494855.2,"NETCASH_OPERATE":-1265607657.6,"NETCASH_INVEST":-1516627363.68,"NETCASH_FINANCE":-199252320.96,"END_CASH":22076252674.08,"DIVI_RATIO":0.472607970249,"DIVIDEND_RATE":7.952622673435,"CURRENT_RATIO":1.789610912481,"COMMON_ACS":null,"CURRENTDEBT_DEBT":52.527283506438,"ISSUED_COMMON_SHARES":1087211600,"HK_COMMON_SHARES":1087211600,"PER_SHARES":1000,"TOTAL_MARKET_CAP":12850841112,"HKSK_MARKET_CAP":12850841112,"PE_TTM":3.95545102795,"PB_TTM":0.277677481925,"REPORT_DATE_SQ":"2019-06-30 00:00:00","REPORT_TYPE_SQ":"2019年中报","OPERATE_INCOME_SQ":14656851816.66,"DPS_HKD":0.94,"OPERATE_INCOME_QOQ_SQ":6.472456439069,"NET_PROFIT_RATIO_SQ":19.0507522198,"HOLDER_PROFIT_SQ":1767789366.48,"HOLDER_PROFIT_QOQ_SQ":3.31747232448,"ROE_AVG_SQ":4.78508571282,"PE_TTM_SQ":3.922640001887,"PB_TTM_SQ":0.227700120112,"ROA_SQ":1.183415509519,"START_DATE":"2020-01-01 00:00:00","FISCAL_YEAR":"12-31","CURRENCY":"HKD","IS_CNY_CODE":0,"DPS_HKD_LY":0.74,"ORG_TYPE":"一般企业","PREMIUM_INCOME":null,"PREMIUM_INCOME_YOY":null,"NET_INTEREST_INCOME":null,"NET_INTEREST_INCOME_YOY":null,"FEE_COMMISSION_INCOME":null,"FEE_COMMISSION_INCOME_YOY":null,"ACCOUNTS_RECE_TDAYS":1.36021141166,"INVENTORY_TDAYS":0.15115379261,"CURRENT_ASSETS_TDAYS":0.139125719785,"TOTAL_ASSETS_TDAYS":0.07649501387,"PREMIUM_EXPENSE":null,"LOAN_DEPOSIT":null,"LOAN_EQUITY":null,"LOAN_ASSETS":null,"DEPOSIT_EQUITY":null,"DEPOSIT_ASSETS":null,"EQUITY_MULTIPLIER":2.335763772205,"EQUITY_RATIO":2.451185703095}],"count":49},"success":true,"message":"ok","code":0}