{"version":"0742ee7cfa7759db03e58bfb613a1e47","result":{"pages":6,"data":[{"SECUCODE":"00367.HK","SECURITY_CODE":"00367","SECURITY_NAME_ABBR":"庄士机构国际","ORG_CODE":"10008859","STD_REPORT_DATE":"2024-06-30 00:00:00","REPORT_DATE":"2024-09-30 00:00:00","DATE_TYPE_CODE":"002","REPORT_TYPE":"2024年中报","PER_NETCASH_OPERATE":-0.083081202359,"PER_OI":0.049852711272,"BPS":4.313438150009,"BASIC_EPS":-0.157903429,"DILUTED_EPS":-0.157903429,"OPERATE_INCOME":83381306.98,"OPERATE_INCOME_YOY":-57.1351747286,"GROSS_PROFIT":17143929.69,"GROSS_PROFIT_YOY":191.915944070651,"HOLDER_PROFIT":-264027879.78,"HOLDER_PROFIT_YOY":39.6132784704,"GROSS_PROFIT_RATIO":20.560879063832,"EPS_TTM":-0.50518516807,"OPERATE_INCOME_QOQ":0,"NET_PROFIT_RATIO":-391.4829876057,"ROE_AVG":-3.605821098897,"GROSS_PROFIT_QOQ":0,"ROA":-2.134204756661,"HOLDER_PROFIT_QOQ":0,"ROE_YEARLY":-7.211642197794,"ROIC_YEARLY":-5.662754683689,"TOTAL_ASSETS":11976084121.13,"TOTAL_LIABILITIES":3633925127.2,"TAX_EBT":6.153132178395,"OCF_SALES":-166.653327853605,"TOTAL_PARENT_EQUITY":7214454366.71,"DEBT_ASSET_RATIO":30.3431830509,"OPERATE_PROFIT":-283682392.83,"PRETAX_PROFIT":-347825813.74,"NETCASH_OPERATE":-138957722.89,"NETCASH_INVEST":288239137.7,"NETCASH_FINANCE":-543039902.2,"END_CASH":1374570541.51,"DIVI_RATIO":null,"DIVIDEND_RATE":null,"CURRENT_RATIO":1.928407693653,"COMMON_ACS":2500000000,"CURRENTDEBT_DEBT":55.763708284529,"ISSUED_COMMON_SHARES":1672553104,"HK_COMMON_SHARES":1672553104,"PER_SHARES":4000,"TOTAL_MARKET_CAP":551942524.32,"HKSK_MARKET_CAP":551942524.32,"PE_TTM":-0.745882387397,"PB_TTM":0.068991530573,"REPORT_DATE_SQ":"2023-06-30 00:00:00","REPORT_TYPE_SQ":"2023年中报","OPERATE_INCOME_SQ":197938296.78,"DPS_HKD":null,"OPERATE_INCOME_QOQ_SQ":0,"NET_PROFIT_RATIO_SQ":-262.6575060499,"HOLDER_PROFIT_SQ":-444908317.35,"HOLDER_PROFIT_QOQ_SQ":0,"ROE_AVG_SQ":-5.403525841151,"PE_TTM_SQ":-0.654774654664,"PB_TTM_SQ":0.077135657898,"ROA_SQ":-3.172209470443,"START_DATE":"2024-04-01 00:00:00","FISCAL_YEAR":"3-31","CURRENCY":"HKD","IS_CNY_CODE":0,"DPS_HKD_LY":null,"ORG_TYPE":"一般企业","PREMIUM_INCOME":null,"PREMIUM_INCOME_YOY":null,"NET_INTEREST_INCOME":null,"NET_INTEREST_INCOME_YOY":null,"FEE_COMMISSION_INCOME":null,"FEE_COMMISSION_INCOME_YOY":null,"ACCOUNTS_RECE_TDAYS":0.978889641738,"INVENTORY_TDAYS":0.046087321265,"CURRENT_ASSETS_TDAYS":0.020835434164,"TOTAL_ASSETS_TDAYS":0.00673992391,"PREMIUM_EXPENSE":null,"LOAN_DEPOSIT":null,"LOAN_EQUITY":null,"LOAN_ASSETS":null,"DEPOSIT_EQUITY":null,"DEPOSIT_ASSETS":null,"EQUITY_MULTIPLIER":1.435609670093,"EQUITY_RATIO":0.503700618576},{"SECUCODE":"00367.HK","SECURITY_CODE":"00367","SECURITY_NAME_ABBR":"庄士机构国际","ORG_CODE":"10008859","STD_REPORT_DATE":"2023-12-31 00:00:00","REPORT_DATE":"2024-03-31 00:00:00","DATE_TYPE_CODE":"001","REPORT_TYPE":"2023年年报","PER_NETCASH_OPERATE":-0.201146895214,"PER_OI":0.214948782368,"BPS":4.465807530169,"BASIC_EPS":-0.505220315,"DILUTED_EPS":-0.505220315,"OPERATE_INCOME":359513253.15,"OPERATE_INCOME_YOY":57.572831736,"GROSS_PROFIT":-57605813.2,"GROSS_PROFIT_YOY":-332.638928552843,"HOLDER_PROFIT":-844949020.95,"HOLDER_PROFIT_YOY":3.5437528201,"GROSS_PROFIT_RATIO":-16.023279446659,"EPS_TTM":-0.539571779307,"OPERATE_INCOME_QOQ":0,"NET_PROFIT_RATIO":-267.07592297,"ROE_AVG":-10.64501942928,"GROSS_PROFIT_QOQ":0,"ROA":-6.215903319508,"HOLDER_PROFIT_QOQ":0,"ROE_YEARLY":-10.64501942928,"ROIC_YEARLY":-8.452643178049,"TOTAL_ASSETS":12833808964.9,"TOTAL_LIABILITIES":4193293259.05,"TAX_EBT":1.349980673314,"OCF_SALES":-93.578987979515,"TOTAL_PARENT_EQUITY":7469300246.45,"DEBT_ASSET_RATIO":32.6738014452,"OPERATE_PROFIT":-818372601.15,"PRETAX_PROFIT":-973312874.75,"NETCASH_OPERATE":-336428863.95,"NETCASH_INVEST":-46697297.05,"NETCASH_FINANCE":-383280274.5,"END_CASH":1767194121.1,"DIVI_RATIO":null,"DIVIDEND_RATE":null,"CURRENT_RATIO":1.455334997531,"COMMON_ACS":2500000000,"CURRENTDEBT_DEBT":67.473539909083,"ISSUED_COMMON_SHARES":1672553104,"HK_COMMON_SHARES":1672553104,"PER_SHARES":4000,"TOTAL_MARKET_CAP":560305289.84,"HKSK_MARKET_CAP":560305289.84,"PE_TTM":-0.75718363569,"PB_TTM":0.070036856794,"REPORT_DATE_SQ":"2022-12-31 00:00:00","REPORT_TYPE_SQ":"2022年年报","OPERATE_INCOME_SQ":220319687.16,"DPS_HKD":null,"OPERATE_INCOME_QOQ_SQ":0,"NET_PROFIT_RATIO_SQ":-435.7610578681,"HOLDER_PROFIT_SQ":-845901679.72,"HOLDER_PROFIT_QOQ_SQ":0,"ROE_AVG_SQ":-9.667898484325,"PE_TTM_SQ":-0.654774654664,"PB_TTM_SQ":0.077135657898,"ROA_SQ":-5.537390806039,"START_DATE":"2023-04-01 00:00:00","FISCAL_YEAR":"3-31","CURRENCY":"HKD","IS_CNY_CODE":0,"DPS_HKD_LY":null,"ORG_TYPE":"一般企业","PREMIUM_INCOME":null,"PREMIUM_INCOME_YOY":null,"NET_INTEREST_INCOME":null,"NET_INTEREST_INCOME_YOY":null,"FEE_COMMISSION_INCOME":null,"FEE_COMMISSION_INCOME_YOY":null,"ACCOUNTS_RECE_TDAYS":3.914875763828,"INVENTORY_TDAYS":0.276738551275,"CURRENT_ASSETS_TDAYS":0.077436962734,"TOTAL_ASSETS_TDAYS":0.026447744991,"PREMIUM_EXPENSE":null,"LOAN_DEPOSIT":null,"LOAN_EQUITY":null,"LOAN_ASSETS":null,"DEPOSIT_EQUITY":null,"DEPOSIT_ASSETS":null,"EQUITY_MULTIPLIER":1.485305900921,"EQUITY_RATIO":0.561403762159},{"SECUCODE":"00367.HK","SECURITY_CODE":"00367","SECURITY_NAME_ABBR":"庄士机构国际","ORG_CODE":"10008859","STD_REPORT_DATE":"2023-06-30 00:00:00","REPORT_DATE":"2023-09-30 00:00:00","DATE_TYPE_CODE":"002","REPORT_TYPE":"2023年中报","PER_NETCASH_OPERATE":-0.099825098588,"PER_OI":0.118344999813,"BPS":4.758525563927,"BASIC_EPS":-0.266020937,"DILUTED_EPS":-0.266020937,"OPERATE_INCOME":197938296.78,"OPERATE_INCOME_YOY":45.0855893728,"GROSS_PROFIT":-18651747.38,"GROSS_PROFIT_YOY":-118.692432768391,"HOLDER_PROFIT":-444908317.35,"HOLDER_PROFIT_YOY":-12.9177253662,"GROSS_PROFIT_RATIO":-9.423010950089,"EPS_TTM":-0.505754751641,"OPERATE_INCOME_QOQ":0,"NET_PROFIT_RATIO":-262.6575060499,"ROE_AVG":-5.403525841151,"GROSS_PROFIT_QOQ":0,"ROA":-3.172209470443,"HOLDER_PROFIT_QOQ":0,"ROE_YEARLY":-10.807051682302,"ROIC_YEARLY":-8.699691353802,"TOTAL_ASSETS":13522075470.47,"TOTAL_LIABILITIES":4341061605.16,"TAX_EBT":2.664256901161,"OCF_SALES":-84.350922088398,"TOTAL_PARENT_EQUITY":7958886702.41,"DEBT_ASSET_RATIO":32.1035155782,"OPERATE_PROFIT":-488875641.17,"PRETAX_PROFIT":-534130399.88,"NETCASH_OPERATE":-166962778.5,"NETCASH_INVEST":121768583.37,"NETCASH_FINANCE":-253995395.85,"END_CASH":2261061425.49,"DIVI_RATIO":null,"DIVIDEND_RATE":null,"CURRENT_RATIO":2.759031607159,"COMMON_ACS":2500000000,"CURRENTDEBT_DEBT":38.111353591791,"ISSUED_COMMON_SHARES":1672553104,"HK_COMMON_SHARES":1672553104,"PER_SHARES":4000,"TOTAL_MARKET_CAP":560305289.84,"HKSK_MARKET_CAP":560305289.84,"PE_TTM":-0.75718363569,"PB_TTM":0.070036856794,"REPORT_DATE_SQ":"2022-06-30 00:00:00","REPORT_TYPE_SQ":"2022年中报","OPERATE_INCOME_SQ":134467617,"DPS_HKD":null,"OPERATE_INCOME_QOQ_SQ":0,"NET_PROFIT_RATIO_SQ":-338.6588195729,"HOLDER_PROFIT_SQ":-388347542.76,"HOLDER_PROFIT_QOQ_SQ":0,"ROE_AVG_SQ":-4.194878129606,"PE_TTM_SQ":-0.654774654664,"PB_TTM_SQ":0.077135657898,"ROA_SQ":-2.352926219744,"START_DATE":"2023-04-01 00:00:00","FISCAL_YEAR":"3-31","CURRENCY":"HKD","IS_CNY_CODE":0,"DPS_HKD_LY":null,"ORG_TYPE":"一般企业","PREMIUM_INCOME":null,"PREMIUM_INCOME_YOY":null,"NET_INTEREST_INCOME":null,"NET_INTEREST_INCOME_YOY":null,"FEE_COMMISSION_INCOME":null,"FEE_COMMISSION_INCOME_YOY":null,"ACCOUNTS_RECE_TDAYS":1.883821159867,"INVENTORY_TDAYS":0.140411116792,"CURRENT_ASSETS_TDAYS":0.040414347013,"TOTAL_ASSETS_TDAYS":0.014113059143,"PREMIUM_EXPENSE":null,"LOAN_DEPOSIT":null,"LOAN_EQUITY":null,"LOAN_ASSETS":null,"DEPOSIT_EQUITY":null,"DEPOSIT_ASSETS":null,"EQUITY_MULTIPLIER":1.472830307071,"EQUITY_RATIO":0.545435783606},{"SECUCODE":"00367.HK","SECURITY_CODE":"00367","SECURITY_NAME_ABBR":"庄士机构国际","ORG_CODE":"10008859","STD_REPORT_DATE":"2022-12-31 00:00:00","REPORT_DATE":"2023-03-31 00:00:00","DATE_TYPE_CODE":"001","REPORT_TYPE":"2022年年报","PER_NETCASH_OPERATE":0.119192773858,"PER_OI":0.131726572169,"BPS":4.853044624872,"BASIC_EPS":-0.488216157,"DILUTED_EPS":-0.488216157,"OPERATE_INCOME":220319687.16,"OPERATE_INCOME_YOY":-62.2333233793,"GROSS_PROFIT":-13314986.1,"GROSS_PROFIT_YOY":-103.715287891777,"HOLDER_PROFIT":-845901679.72,"HOLDER_PROFIT_YOY":-84.7068426012,"GROSS_PROFIT_RATIO":-6.043484480046,"EPS_TTM":-0.628954969163,"OPERATE_INCOME_QOQ":0,"NET_PROFIT_RATIO":-435.7610578681,"ROE_AVG":-9.667898484325,"GROSS_PROFIT_QOQ":0,"ROA":-5.537390806039,"HOLDER_PROFIT_QOQ":0,"ROE_YEARLY":-9.667898484325,"ROIC_YEARLY":-7.876190766131,"TOTAL_ASSETS":13859854415.15,"TOTAL_LIABILITIES":4449688895.57,"TAX_EBT":5.193208734591,"OCF_SALES":90.484988636183,"TOTAL_PARENT_EQUITY":8116974851.18,"DEBT_ASSET_RATIO":32.1048747143,"OPERATE_PROFIT":-894760938.05,"PRETAX_PROFIT":-1012656779.8,"NETCASH_OPERATE":199356243.89,"NETCASH_INVEST":11982612.08,"NETCASH_FINANCE":-1418567764.01,"END_CASH":2444613064.35,"DIVI_RATIO":null,"DIVIDEND_RATE":null,"CURRENT_RATIO":3.772680402819,"COMMON_ACS":2500000000,"CURRENTDEBT_DEBT":29.725729626556,"ISSUED_COMMON_SHARES":1672553104,"HK_COMMON_SHARES":1672553104,"PER_SHARES":4000,"TOTAL_MARKET_CAP":560305289.84,"HKSK_MARKET_CAP":560305289.84,"PE_TTM":-0.75718363569,"PB_TTM":0.070036856794,"REPORT_DATE_SQ":"2021-12-31 00:00:00","REPORT_TYPE_SQ":"2021年年报","OPERATE_INCOME_SQ":540454630.97,"DPS_HKD":null,"OPERATE_INCOME_QOQ_SQ":0,"NET_PROFIT_RATIO_SQ":-65.2025744414,"HOLDER_PROFIT_SQ":-424279070.49,"HOLDER_PROFIT_QOQ_SQ":0,"ROE_AVG_SQ":-4.749701208132,"PE_TTM_SQ":-0.654774654664,"PB_TTM_SQ":0.077135657898,"ROA_SQ":-2.578026411183,"START_DATE":"2022-04-01 00:00:00","FISCAL_YEAR":"3-31","CURRENCY":"HKD","IS_CNY_CODE":0,"DPS_HKD_LY":0.08,"ORG_TYPE":"一般企业","PREMIUM_INCOME":null,"PREMIUM_INCOME_YOY":null,"NET_INTEREST_INCOME":null,"NET_INTEREST_INCOME_YOY":null,"FEE_COMMISSION_INCOME":null,"FEE_COMMISSION_INCOME_YOY":null,"ACCOUNTS_RECE_TDAYS":1.037522570432,"INVENTORY_TDAYS":0.153218840878,"CURRENT_ASSETS_TDAYS":0.036993707824,"TOTAL_ASSETS_TDAYS":0.014422435128,"PREMIUM_EXPENSE":null,"LOAN_DEPOSIT":null,"LOAN_EQUITY":null,"LOAN_ASSETS":null,"DEPOSIT_EQUITY":null,"DEPOSIT_ASSETS":null,"EQUITY_MULTIPLIER":1.472859790437,"EQUITY_RATIO":0.548195476412},{"SECUCODE":"00367.HK","SECURITY_CODE":"00367","SECURITY_NAME_ABBR":"庄士机构国际","ORG_CODE":"10008859","STD_REPORT_DATE":"2022-06-30 00:00:00","REPORT_DATE":"2022-09-30 00:00:00","DATE_TYPE_CODE":"002","REPORT_TYPE":"2022年中报","PER_NETCASH_OPERATE":0.218169417095,"PER_OI":0.080396620399,"BPS":5.274559593081,"BASIC_EPS":-0.232169748,"DILUTED_EPS":-0.232169748,"OPERATE_INCOME":134467617,"OPERATE_INCOME_YOY":-69.0973109932,"GROSS_PROFIT":99782343,"GROSS_PROFIT_YOY":-60.391364262241,"HOLDER_PROFIT":-388347542.76,"HOLDER_PROFIT_YOY":-249.4557858647,"GROSS_PROFIT_RATIO":74.205481755507,"EPS_TTM":-0.253671509428,"OPERATE_INCOME_QOQ":0,"NET_PROFIT_RATIO":-338.6588195729,"ROE_AVG":-4.194878129606,"GROSS_PROFIT_QOQ":0,"ROA":-2.352926219744,"HOLDER_PROFIT_QOQ":0,"ROE_YEARLY":-8.389756259213,"ROIC_YEARLY":-6.911157743946,"TOTAL_ASSETS":15763699112.28,"TOTAL_LIABILITIES":5583064706.88,"TAX_EBT":3.79525530988,"OCF_SALES":271.366403228519,"TOTAL_PARENT_EQUITY":8821981019.64,"DEBT_ASSET_RATIO":35.4172245176,"OPERATE_PROFIT":-406808972.04,"PRETAX_PROFIT":-473351336.16,"NETCASH_OPERATE":364899935.76,"NETCASH_INVEST":73011823.44,"NETCASH_FINANCE":-481028222.88,"END_CASH":3729581343.84,"DIVI_RATIO":null,"DIVIDEND_RATE":null,"CURRENT_RATIO":3.031793688896,"COMMON_ACS":2500000000,"CURRENTDEBT_DEBT":37.137807000605,"ISSUED_COMMON_SHARES":1672553104,"HK_COMMON_SHARES":1672553104,"PER_SHARES":4000,"TOTAL_MARKET_CAP":560305289.84,"HKSK_MARKET_CAP":560305289.84,"PE_TTM":-0.75718363569,"PB_TTM":0.070036856794,"REPORT_DATE_SQ":"2021-06-30 00:00:00","REPORT_TYPE_SQ":"2021年中报","OPERATE_INCOME_SQ":400790997.42,"DPS_HKD":null,"OPERATE_INCOME_QOQ_SQ":0,"NET_PROFIT_RATIO_SQ":118.7582685109,"HOLDER_PROFIT_SQ":239333972.7,"HOLDER_PROFIT_QOQ_SQ":0,"ROE_AVG_SQ":2.507377495394,"PE_TTM_SQ":-0.654774654664,"PB_TTM_SQ":0.077135657898,"ROA_SQ":1.332093115903,"START_DATE":"2022-04-01 00:00:00","FISCAL_YEAR":"3-31","CURRENCY":"HKD","IS_CNY_CODE":0,"DPS_HKD_LY":0.08,"ORG_TYPE":"一般企业","PREMIUM_INCOME":null,"PREMIUM_INCOME_YOY":null,"NET_INTEREST_INCOME":null,"NET_INTEREST_INCOME_YOY":null,"FEE_COMMISSION_INCOME":null,"FEE_COMMISSION_INCOME_YOY":null,"ACCOUNTS_RECE_TDAYS":0.596976869781,"INVENTORY_TDAYS":0.021973891464,"CURRENT_ASSETS_TDAYS":0.020014852791,"TOTAL_ASSETS_TDAYS":0.008147145196,"PREMIUM_EXPENSE":null,"LOAN_DEPOSIT":null,"LOAN_EQUITY":null,"LOAN_ASSETS":null,"DEPOSIT_EQUITY":null,"DEPOSIT_ASSETS":null,"EQUITY_MULTIPLIER":1.54840047138,"EQUITY_RATIO":0.632858390247},{"SECUCODE":"00367.HK","SECURITY_CODE":"00367","SECURITY_NAME_ABBR":"庄士机构国际","ORG_CODE":"10008859","STD_REPORT_DATE":"2021-12-31 00:00:00","REPORT_DATE":"2022-03-31 00:00:00","DATE_TYPE_CODE":"001","REPORT_TYPE":"2021年年报","PER_NETCASH_OPERATE":0.227333553363,"PER_OI":0.323131522507,"BPS":5.196846717299,"BASIC_EPS":-0.253683928,"DILUTED_EPS":-0.253683928,"OPERATE_INCOME":540454630.97,"OPERATE_INCOME_YOY":-68.1067662393,"GROSS_PROFIT":358383696.98,"GROSS_PROFIT_YOY":-56.576126078053,"HOLDER_PROFIT":-424279070.49,"HOLDER_PROFIT_YOY":-1496.8519705223,"GROSS_PROFIT_RATIO":66.311523011058,"EPS_TTM":0.136152398914,"OPERATE_INCOME_QOQ":0,"NET_PROFIT_RATIO":-65.2025744414,"ROE_AVG":-4.749701208132,"GROSS_PROFIT_QOQ":0,"ROA":-2.578026411183,"HOLDER_PROFIT_QOQ":0,"ROE_YEARLY":-4.749701208132,"ROIC_YEARLY":-3.423356918867,"TOTAL_ASSETS":15464508992.1,"TOTAL_LIABILITIES":5326198688.65,"TAX_EBT":-21.716098946713,"OCF_SALES":70.353257892818,"TOTAL_PARENT_EQUITY":8692002108.03,"DEBT_ASSET_RATIO":34.4414341986,"OPERATE_PROFIT":-389343192.72,"PRETAX_PROFIT":-500179063.36,"NETCASH_OPERATE":380227440.32,"NETCASH_INVEST":2523125100.9,"NETCASH_FINANCE":-1499149551.97,"END_CASH":3384794840.55,"DIVI_RATIO":null,"DIVIDEND_RATE":null,"CURRENT_RATIO":3.163369557389,"COMMON_ACS":2500000000,"CURRENTDEBT_DEBT":38.05574990883,"ISSUED_COMMON_SHARES":1672553104,"HK_COMMON_SHARES":1672553104,"PER_SHARES":4000,"TOTAL_MARKET_CAP":560305289.84,"HKSK_MARKET_CAP":560305289.84,"PE_TTM":-0.75718363569,"PB_TTM":0.070036856794,"REPORT_DATE_SQ":"2020-12-31 00:00:00","REPORT_TYPE_SQ":"2020年年报","OPERATE_INCOME_SQ":1765971493.16,"DPS_HKD":null,"OPERATE_INCOME_QOQ_SQ":0,"NET_PROFIT_RATIO_SQ":9.4747004788,"HOLDER_PROFIT_SQ":31653681.36,"HOLDER_PROFIT_QOQ_SQ":0,"ROE_AVG_SQ":0.334115928735,"PE_TTM_SQ":-0.654774654664,"PB_TTM_SQ":0.077135657898,"ROA_SQ":0.17016114081,"START_DATE":"2021-04-01 00:00:00","FISCAL_YEAR":"3-31","CURRENCY":"HKD","IS_CNY_CODE":0,"DPS_HKD_LY":0.035,"ORG_TYPE":"一般企业","PREMIUM_INCOME":null,"PREMIUM_INCOME_YOY":null,"NET_INTEREST_INCOME":null,"NET_INTEREST_INCOME_YOY":null,"FEE_COMMISSION_INCOME":null,"FEE_COMMISSION_INCOME_YOY":null,"ACCOUNTS_RECE_TDAYS":2.021786485765,"INVENTORY_TDAYS":0.126374540342,"CURRENT_ASSETS_TDAYS":0.078524126275,"TOTAL_ASSETS_TDAYS":0.032839383547,"PREMIUM_EXPENSE":null,"LOAN_DEPOSIT":null,"LOAN_EQUITY":null,"LOAN_ASSETS":null,"DEPOSIT_EQUITY":null,"DEPOSIT_ASSETS":null,"EQUITY_MULTIPLIER":1.525353686091,"EQUITY_RATIO":0.612770064072},{"SECUCODE":"00367.HK","SECURITY_CODE":"00367","SECURITY_NAME_ABBR":"庄士机构国际","ORG_CODE":"10008859","STD_REPORT_DATE":"2021-06-30 00:00:00","REPORT_DATE":"2021-09-30 00:00:00","DATE_TYPE_CODE":"002","REPORT_TYPE":"2021年中报","PER_NETCASH_OPERATE":0.095013142016,"PER_OI":0.239628264395,"BPS":5.78006542264,"BASIC_EPS":0.143119708,"DILUTED_EPS":0.143119708,"OPERATE_INCOME":400790997.42,"OPERATE_INCOME_YOY":-73.116790036,"GROSS_PROFIT":251920676.24,"GROSS_PROFIT_YOY":-63.68298641759,"HOLDER_PROFIT":239333972.7,"HOLDER_PROFIT_YOY":483.4941202754,"GROSS_PROFIT_RATIO":62.34875043545,"EPS_TTM":0.018925367024,"OPERATE_INCOME_QOQ":0,"NET_PROFIT_RATIO":118.7582685109,"ROE_AVG":2.507377495394,"GROSS_PROFIT_QOQ":0,"ROA":1.332093115903,"HOLDER_PROFIT_QOQ":0,"ROE_YEARLY":5.014754990787,"ROIC_YEARLY":3.468341656553,"TOTAL_ASSETS":18008549591,"TOTAL_LIABILITIES":6628292706.66,"TAX_EBT":19.351181955353,"OCF_SALES":38.412204271737,"TOTAL_PARENT_EQUITY":9667466363.96,"DEBT_ASSET_RATIO":36.8063661827,"OPERATE_PROFIT":691251528.44,"PRETAX_PROFIT":645963054.6,"NETCASH_OPERATE":158914525.6,"NETCASH_INVEST":1267407487.28,"NETCASH_FINANCE":-223002664.46,"END_CASH":3233919759.62,"DIVI_RATIO":null,"DIVIDEND_RATE":null,"CURRENT_RATIO":1.447039970621,"COMMON_ACS":2500000000,"CURRENTDEBT_DEBT":78.852634951206,"ISSUED_COMMON_SHARES":1672553104,"HK_COMMON_SHARES":1672553104,"PER_SHARES":4000,"TOTAL_MARKET_CAP":560305289.84,"HKSK_MARKET_CAP":560305289.84,"PE_TTM":-0.75718363569,"PB_TTM":0.070036856794,"REPORT_DATE_SQ":"2020-06-30 00:00:00","REPORT_TYPE_SQ":"2020年中报","OPERATE_INCOME_SQ":1623257698.56,"DPS_HKD":null,"OPERATE_INCOME_QOQ_SQ":0,"NET_PROFIT_RATIO_SQ":11.6498799869,"HOLDER_PROFIT_SQ":43265536.64,"HOLDER_PROFIT_QOQ_SQ":0,"ROE_AVG_SQ":0.440309834612,"PE_TTM_SQ":-0.654774654664,"PB_TTM_SQ":0.077135657898,"ROA_SQ":0.225724791385,"START_DATE":"2021-04-01 00:00:00","FISCAL_YEAR":"3-31","CURRENCY":"HKD","IS_CNY_CODE":0,"DPS_HKD_LY":0.035,"ORG_TYPE":"一般企业","PREMIUM_INCOME":null,"PREMIUM_INCOME_YOY":null,"NET_INTEREST_INCOME":null,"NET_INTEREST_INCOME_YOY":null,"FEE_COMMISSION_INCOME":null,"FEE_COMMISSION_INCOME_YOY":null,"ACCOUNTS_RECE_TDAYS":1.728129742544,"INVENTORY_TDAYS":0.106389509953,"CURRENT_ASSETS_TDAYS":0.054736356444,"TOTAL_ASSETS_TDAYS":0.023026323416,"PREMIUM_EXPENSE":null,"LOAN_DEPOSIT":null,"LOAN_EQUITY":null,"LOAN_ASSETS":null,"DEPOSIT_EQUITY":null,"DEPOSIT_ASSETS":null,"EQUITY_MULTIPLIER":1.58243788115,"EQUITY_RATIO":0.685628732195},{"SECUCODE":"00367.HK","SECURITY_CODE":"00367","SECURITY_NAME_ABBR":"庄士机构国际","ORG_CODE":"10008859","STD_REPORT_DATE":"2020-12-31 00:00:00","REPORT_DATE":"2021-03-31 00:00:00","DATE_TYPE_CODE":"001","REPORT_TYPE":"2020年年报","PER_NETCASH_OPERATE":-0.483139070973,"PER_OI":1.055853765681,"BPS":5.715817094092,"BASIC_EPS":0.018932032,"DILUTED_EPS":0.018932032,"OPERATE_INCOME":1765971493.16,"OPERATE_INCOME_YOY":251.7236601128,"GROSS_PROFIT":825314889.28,"GROSS_PROFIT_YOY":112.879987050362,"HOLDER_PROFIT":31653681.36,"HOLDER_PROFIT_YOY":105.3117075412,"GROSS_PROFIT_RATIO":46.478866554109,"EPS_TTM":-0.376560718146,"OPERATE_INCOME_QOQ":0,"NET_PROFIT_RATIO":9.4747004788,"ROE_AVG":0.334115928735,"GROSS_PROFIT_QOQ":0,"ROA":0.17016114081,"HOLDER_PROFIT_QOQ":0,"ROE_YEARLY":0.334115928735,"ROIC_YEARLY":0.208400344563,"TOTAL_ASSETS":18185756653.96,"TOTAL_LIABILITIES":7136798806.06,"TAX_EBT":-3.88884030723,"OCF_SALES":-45.382026306509,"TOTAL_PARENT_EQUITY":9560007622.62,"DEBT_ASSET_RATIO":39.2438925796,"OPERATE_PROFIT":349956075.98,"PRETAX_PROFIT":231961341.36,"NETCASH_OPERATE":-808075752.82,"NETCASH_INVEST":808991082.76,"NETCASH_FINANCE":-85375012.52,"END_CASH":1939568084.44,"DIVI_RATIO":null,"DIVIDEND_RATE":null,"CURRENT_RATIO":1.330668171837,"COMMON_ACS":2500000000,"CURRENTDEBT_DEBT":80.693410572118,"ISSUED_COMMON_SHARES":1672553104,"HK_COMMON_SHARES":1672553104,"PER_SHARES":4000,"TOTAL_MARKET_CAP":560305289.84,"HKSK_MARKET_CAP":560305289.84,"PE_TTM":-0.75718363569,"PB_TTM":0.070036856794,"REPORT_DATE_SQ":"2019-12-31 00:00:00","REPORT_TYPE_SQ":"2019年年报","OPERATE_INCOME_SQ":547294421.9,"DPS_HKD":null,"OPERATE_INCOME_QOQ_SQ":0,"NET_PROFIT_RATIO_SQ":-130.0039900699,"HOLDER_PROFIT_SQ":-644235250.8,"HOLDER_PROFIT_QOQ_SQ":0,"ROE_AVG_SQ":-6.075820044276,"PE_TTM_SQ":-0.654774654664,"PB_TTM_SQ":0.077135657898,"ROA_SQ":-3.127325879431,"START_DATE":"2020-04-01 00:00:00","FISCAL_YEAR":"3-31","CURRENCY":"HKD","IS_CNY_CODE":0,"DPS_HKD_LY":0.015,"ORG_TYPE":"一般企业","PREMIUM_INCOME":null,"PREMIUM_INCOME_YOY":null,"NET_INTEREST_INCOME":null,"NET_INTEREST_INCOME_YOY":null,"FEE_COMMISSION_INCOME":null,"FEE_COMMISSION_INCOME_YOY":null,"ACCOUNTS_RECE_TDAYS":7.866698543157,"INVENTORY_TDAYS":0.495520603991,"CURRENT_ASSETS_TDAYS":0.24187548363,"TOTAL_ASSETS_TDAYS":0.09572036689,"PREMIUM_EXPENSE":null,"LOAN_DEPOSIT":null,"LOAN_EQUITY":null,"LOAN_ASSETS":null,"DEPOSIT_EQUITY":null,"DEPOSIT_ASSETS":null,"EQUITY_MULTIPLIER":1.645925064094,"EQUITY_RATIO":0.746526476524},{"SECUCODE":"00367.HK","SECURITY_CODE":"00367","SECURITY_NAME_ABBR":"庄士机构国际","ORG_CODE":"10008859","STD_REPORT_DATE":"2020-06-30 00:00:00","REPORT_DATE":"2020-09-30 00:00:00","DATE_TYPE_CODE":"002","REPORT_TYPE":"2020年中报","PER_NETCASH_OPERATE":-0.245123836116,"PER_OI":0.97052685184,"BPS":5.91434597181,"BASIC_EPS":0.025834368,"DILUTED_EPS":0.025834368,"OPERATE_INCOME":1623257698.56,"OPERATE_INCOME_YOY":545.96259826,"GROSS_PROFIT":693671233.92,"GROSS_PROFIT_YOY":255.29472154412,"HOLDER_PROFIT":43265536.64,"HOLDER_PROFIT_YOY":53.9522231255,"GROSS_PROFIT_RATIO":42.733278550618,"EPS_TTM":-0.385180745089,"OPERATE_INCOME_QOQ":0,"NET_PROFIT_RATIO":11.6498799869,"ROE_AVG":0.440309834612,"GROSS_PROFIT_QOQ":0,"ROA":0.225724791385,"HOLDER_PROFIT_QOQ":0,"ROE_YEARLY":0.880619669223,"ROIC_YEARLY":0.56031261067,"TOTAL_ASSETS":18561432784.64,"TOTAL_LIABILITIES":7148930248.96,"TAX_EBT":-12.220176980075,"OCF_SALES":-25.256780443653,"TOTAL_PARENT_EQUITY":9892057713.28,"DEBT_ASSET_RATIO":38.5149698943,"OPERATE_PROFIT":null,"PRETAX_PROFIT":168514770.56,"NETCASH_OPERATE":-409982632.96,"NETCASH_INVEST":853912855.68,"NETCASH_FINANCE":-271974384.64,"END_CASH":2394698288.64,"DIVI_RATIO":null,"DIVIDEND_RATE":null,"CURRENT_RATIO":2.339156167011,"COMMON_ACS":2500000000,"CURRENTDEBT_DEBT":46.039514146313,"ISSUED_COMMON_SHARES":1672553104,"HK_COMMON_SHARES":1672553104,"PER_SHARES":4000,"TOTAL_MARKET_CAP":560305289.84,"HKSK_MARKET_CAP":560305289.84,"PE_TTM":-0.75718363569,"PB_TTM":0.070036856794,"REPORT_DATE_SQ":"2019-06-30 00:00:00","REPORT_TYPE_SQ":"2019年中报","OPERATE_INCOME_SQ":257953211.76,"DPS_HKD":null,"OPERATE_INCOME_QOQ_SQ":0,"NET_PROFIT_RATIO_SQ":14.0200576272,"HOLDER_PROFIT_SQ":28848083.82,"HOLDER_PROFIT_QOQ_SQ":0,"ROE_AVG_SQ":0.266402601953,"PE_TTM_SQ":-0.654774654664,"PB_TTM_SQ":0.077135657898,"ROA_SQ":0.137391876713,"START_DATE":"2020-04-01 00:00:00","FISCAL_YEAR":"3-31","CURRENCY":"HKD","IS_CNY_CODE":0,"DPS_HKD_LY":0.015,"ORG_TYPE":"一般企业","PREMIUM_INCOME":null,"PREMIUM_INCOME_YOY":null,"NET_INTEREST_INCOME":null,"NET_INTEREST_INCOME_YOY":null,"FEE_COMMISSION_INCOME":null,"FEE_COMMISSION_INCOME_YOY":null,"ACCOUNTS_RECE_TDAYS":9.448973798289,"INVENTORY_TDAYS":0.399882592816,"CURRENT_ASSETS_TDAYS":0.215869732005,"TOTAL_ASSETS_TDAYS":0.084688538229,"PREMIUM_EXPENSE":null,"LOAN_DEPOSIT":null,"LOAN_EQUITY":null,"LOAN_ASSETS":null,"DEPOSIT_EQUITY":null,"DEPOSIT_ASSETS":null,"EQUITY_MULTIPLIER":1.626412149886,"EQUITY_RATIO":0.722693948637}],"count":47},"success":true,"message":"ok","code":0}