{"version":"dd004bea1d666940f1e358914c14ae08","result":{"pages":6,"data":[{"SECUCODE":"00376.HK","SECURITY_CODE":"00376","SECURITY_NAME_ABBR":"云锋金融","ORG_CODE":"10008867","STD_REPORT_DATE":"2024-06-30 00:00:00","REPORT_DATE":"2024-06-30 00:00:00","DATE_TYPE_CODE":"002","REPORT_TYPE":"2024年中报","PER_NETCASH_OPERATE":0.19687550439,"PER_OI":0.560289983996,"BPS":2.568583175117,"BASIC_EPS":0.045634,"DILUTED_EPS":0.045634,"OPERATE_INCOME":2167196992.56,"OPERATE_INCOME_YOY":34.7400830613,"GROSS_PROFIT":null,"GROSS_PROFIT_YOY":null,"HOLDER_PROFIT":183443203.92,"HOLDER_PROFIT_YOY":45.7164606518,"GROSS_PROFIT_RATIO":null,"EPS_TTM":0.107597918477,"OPERATE_INCOME_QOQ":15.708904890453,"NET_PROFIT_RATIO":15.8532466471,"ROE_AVG":1.836473339641,"GROSS_PROFIT_QOQ":null,"ROA":0.219166198199,"HOLDER_PROFIT_QOQ":15.634088559374,"ROE_YEARLY":3.672946679283,"ROIC_YEARLY":0.490126500122,"TOTAL_ASSETS":85123517889.32,"TOTAL_LIABILITIES":70221319007.24,"TAX_EBT":13.944509088083,"OCF_SALES":35.13814453482,"TOTAL_PARENT_EQUITY":9935258332.76,"DEBT_ASSET_RATIO":82.4934410001,"OPERATE_PROFIT":581021214.8,"PRETAX_PROFIT":399243651.88,"NETCASH_OPERATE":761512811.6,"NETCASH_INVEST":43382418.44,"NETCASH_FINANCE":-264355936.64,"END_CASH":4166291106.64,"DIVI_RATIO":null,"DIVIDEND_RATE":null,"CURRENT_RATIO":null,"COMMON_ACS":null,"CURRENTDEBT_DEBT":null,"ISSUED_COMMON_SHARES":3867991673,"HK_COMMON_SHARES":3867991673,"PER_SHARES":2000,"TOTAL_MARKET_CAP":4293470757.03,"HKSK_MARKET_CAP":4293470757.03,"PE_TTM":9.329109490464,"PB_TTM":0.394409964923,"REPORT_DATE_SQ":"2023-06-30 00:00:00","REPORT_TYPE_SQ":"2023年中报","OPERATE_INCOME_SQ":1624817339.74,"DPS_HKD":null,"OPERATE_INCOME_QOQ_SQ":29.100436901279,"NET_PROFIT_RATIO_SQ":15.147082272,"HOLDER_PROFIT_SQ":127173311.3,"HOLDER_PROFIT_QOQ_SQ":235.522632029801,"ROE_AVG_SQ":1.252415440734,"PE_TTM_SQ":8.829646802889,"PB_TTM_SQ":0.291335638954,"ROA_SQ":0.145926727581,"START_DATE":"2024-01-01 00:00:00","FISCAL_YEAR":"12-31","CURRENCY":"HKD","IS_CNY_CODE":0,"DPS_HKD_LY":null,"ORG_TYPE":"保险","PREMIUM_INCOME":1257247731.12,"PREMIUM_INCOME_YOY":9.59006768561,"NET_INTEREST_INCOME":null,"NET_INTEREST_INCOME_YOY":null,"FEE_COMMISSION_INCOME":null,"FEE_COMMISSION_INCOME_YOY":null,"ACCOUNTS_RECE_TDAYS":null,"INVENTORY_TDAYS":null,"CURRENT_ASSETS_TDAYS":null,"TOTAL_ASSETS_TDAYS":0.008506519326,"PREMIUM_EXPENSE":null,"LOAN_DEPOSIT":null,"LOAN_EQUITY":null,"LOAN_ASSETS":null,"DEPOSIT_EQUITY":null,"DEPOSIT_ASSETS":null,"EQUITY_MULTIPLIER":5.712144802446,"EQUITY_RATIO":7.067890602874},{"SECUCODE":"00376.HK","SECURITY_CODE":"00376","SECURITY_NAME_ABBR":"云锋金融","ORG_CODE":"10008867","STD_REPORT_DATE":"2023-12-31 00:00:00","REPORT_DATE":"2023-12-31 00:00:00","DATE_TYPE_CODE":"001","REPORT_TYPE":"2023年年报","PER_NETCASH_OPERATE":0.367562030137,"PER_OI":0.892630964513,"BPS":2.577934597487,"BASIC_EPS":0.090622,"DILUTED_EPS":0.090622,"OPERATE_INCOME":3452689137.8,"OPERATE_INCOME_YOY":1445.0269062478,"GROSS_PROFIT":null,"GROSS_PROFIT_YOY":null,"HOLDER_PROFIT":359917960.08,"HOLDER_PROFIT_YOY":161.7928073001,"GROSS_PROFIT_RATIO":null,"EPS_TTM":0.093050345116,"OPERATE_INCOME_QOQ":-66.568264251796,"NET_PROFIT_RATIO":18.7115189279,"ROE_AVG":3.608834650097,"GROSS_PROFIT_QOQ":null,"ROA":0.411526492704,"HOLDER_PROFIT_QOQ":15.955384819767,"ROE_YEARLY":3.608834650097,"ROIC_YEARLY":0.450592268562,"TOTAL_ASSETS":81695117676.62,"TOTAL_LIABILITIES":66828516047.44,"TAX_EBT":13.613836191436,"OCF_SALES":41.177378418316,"TOTAL_PARENT_EQUITY":9971429556.62,"DEBT_ASSET_RATIO":81.8023377015,"OPERATE_PROFIT":1183362012.84,"PRETAX_PROFIT":747863492.32,"NETCASH_OPERATE":1421726871.88,"NETCASH_INVEST":280310157.96,"NETCASH_FINANCE":-409114831.44,"END_CASH":3601126161.36,"DIVI_RATIO":null,"DIVIDEND_RATE":null,"CURRENT_RATIO":null,"COMMON_ACS":null,"CURRENTDEBT_DEBT":null,"ISSUED_COMMON_SHARES":3867991673,"HK_COMMON_SHARES":3867991673,"PER_SHARES":2000,"TOTAL_MARKET_CAP":4138751090.11,"HKSK_MARKET_CAP":4138751090.11,"PE_TTM":8.992925364682,"PB_TTM":0.380196993214,"REPORT_DATE_SQ":"2022-12-31 00:00:00","REPORT_TYPE_SQ":"2022年年报","OPERATE_INCOME_SQ":220277702.19,"DPS_HKD":null,"OPERATE_INCOME_QOQ_SQ":7.886587381253,"NET_PROFIT_RATIO_SQ":-1.2377694779,"HOLDER_PROFIT_SQ":-574135893.45,"HOLDER_PROFIT_QOQ_SQ":-72.936561799372,"ROE_AVG_SQ":-2.163094635897,"PE_TTM_SQ":9.042409376453,"PB_TTM_SQ":0.298355774832,"ROA_SQ":-0.254687304285,"START_DATE":"2023-01-01 00:00:00","FISCAL_YEAR":"12-31","CURRENCY":"HKD","IS_CNY_CODE":0,"DPS_HKD_LY":null,"ORG_TYPE":"保险","PREMIUM_INCOME":2379176394.7,"PREMIUM_INCOME_YOY":7.308979197782,"NET_INTEREST_INCOME":null,"NET_INTEREST_INCOME_YOY":null,"FEE_COMMISSION_INCOME":null,"FEE_COMMISSION_INCOME_YOY":null,"ACCOUNTS_RECE_TDAYS":null,"INVENTORY_TDAYS":null,"CURRENT_ASSETS_TDAYS":null,"TOTAL_ASSETS_TDAYS":0.010427951017,"PREMIUM_EXPENSE":null,"LOAN_DEPOSIT":null,"LOAN_EQUITY":null,"LOAN_ASSETS":null,"DEPOSIT_EQUITY":null,"DEPOSIT_ASSETS":null,"EQUITY_MULTIPLIER":5.495211327679,"EQUITY_RATIO":6.70199951451},{"SECUCODE":"00376.HK","SECURITY_CODE":"00376","SECURITY_NAME_ABBR":"云锋金融","ORG_CODE":"10008867","STD_REPORT_DATE":"2023-06-30 00:00:00","REPORT_DATE":"2023-06-30 00:00:00","DATE_TYPE_CODE":"002","REPORT_TYPE":"2023年中报","PER_NETCASH_OPERATE":0.856776548996,"PER_OI":0.420067434757,"BPS":2.626672805115,"BASIC_EPS":0.0368792,"DILUTED_EPS":0.0368792,"OPERATE_INCOME":1624817339.74,"OPERATE_INCOME_YOY":314.3479360817,"GROSS_PROFIT":null,"GROSS_PROFIT_YOY":null,"HOLDER_PROFIT":127173311.3,"HOLDER_PROFIT_YOY":128.6135393373,"GROSS_PROFIT_RATIO":null,"EPS_TTM":0.080246678721,"OPERATE_INCOME_QOQ":29.100436901279,"NET_PROFIT_RATIO":15.147082272,"ROE_AVG":1.252415440734,"GROSS_PROFIT_QOQ":null,"ROA":0.145926727581,"HOLDER_PROFIT_QOQ":235.522632029801,"ROE_YEARLY":2.504830881468,"ROIC_YEARLY":0.318384621202,"TOTAL_ASSETS":79452878548.84,"TOTAL_LIABILITIES":64374141817.5,"TAX_EBT":21.831550958734,"OCF_SALES":203.961668557175,"TOTAL_PARENT_EQUITY":10159948537.88,"DEBT_ASSET_RATIO":81.0217867411,"OPERATE_PROFIT":519677714.92,"PRETAX_PROFIT":314848794.16,"NETCASH_OPERATE":17575704.74,"NETCASH_INVEST":540968999.06,"NETCASH_FINANCE":-87300442.24,"END_CASH":2820627243.7,"DIVI_RATIO":null,"DIVIDEND_RATE":null,"CURRENT_RATIO":null,"COMMON_ACS":null,"CURRENTDEBT_DEBT":null,"ISSUED_COMMON_SHARES":3867991673,"HK_COMMON_SHARES":3867991673,"PER_SHARES":2000,"TOTAL_MARKET_CAP":4138751090.11,"HKSK_MARKET_CAP":4138751090.11,"PE_TTM":8.992925364682,"PB_TTM":0.380196993214,"REPORT_DATE_SQ":"2022-06-30 00:00:00","REPORT_TYPE_SQ":"2022年中报","OPERATE_INCOME_SQ":-703114983.06,"DPS_HKD":null,"OPERATE_INCOME_QOQ_SQ":-14.075881330167,"NET_PROFIT_RATIO_SQ":-2.4860114777,"HOLDER_PROFIT_SQ":-412254601.78,"HOLDER_PROFIT_QOQ_SQ":-131.550435572485,"ROE_AVG_SQ":-1.635900909394,"PE_TTM_SQ":9.042409376453,"PB_TTM_SQ":0.298355774832,"ROA_SQ":-0.19936373413,"START_DATE":"2023-01-01 00:00:00","FISCAL_YEAR":"12-31","CURRENCY":"HKD","IS_CNY_CODE":0,"DPS_HKD_LY":null,"ORG_TYPE":"保险","PREMIUM_INCOME":1158917796.24,"PREMIUM_INCOME_YOY":2.930981538575,"NET_INTEREST_INCOME":null,"NET_INTEREST_INCOME_YOY":null,"FEE_COMMISSION_INCOME":null,"FEE_COMMISSION_INCOME_YOY":null,"ACCOUNTS_RECE_TDAYS":null,"INVENTORY_TDAYS":null,"CURRENT_ASSETS_TDAYS":null,"TOTAL_ASSETS_TDAYS":0.00384123665,"PREMIUM_EXPENSE":null,"LOAN_DEPOSIT":null,"LOAN_EQUITY":null,"LOAN_ASSETS":null,"DEPOSIT_EQUITY":null,"DEPOSIT_ASSETS":null,"EQUITY_MULTIPLIER":5.2691999313,"EQUITY_RATIO":6.336069673728},{"SECUCODE":"00376.HK","SECURITY_CODE":"00376","SECURITY_NAME_ABBR":"云锋金融","ORG_CODE":"10008867","STD_REPORT_DATE":"2022-12-31 00:00:00","REPORT_DATE":"2022-12-31 00:00:00","DATE_TYPE_CODE":"001","REPORT_TYPE":"2022年年报","PER_NETCASH_OPERATE":1.14501433368,"PER_OI":0.056948856361,"BPS":2.305444998079,"BASIC_EPS":-0.1518559,"DILUTED_EPS":-0.1518559,"OPERATE_INCOME":220277702.19,"OPERATE_INCOME_YOY":-15.1521823803,"GROSS_PROFIT":null,"GROSS_PROFIT_YOY":null,"HOLDER_PROFIT":-574135893.45,"HOLDER_PROFIT_YOY":-149.9402042017,"GROSS_PROFIT_RATIO":null,"EPS_TTM":-0.059212751051,"OPERATE_INCOME_QOQ":7.886587381253,"NET_PROFIT_RATIO":-1.2377694779,"ROE_AVG":-2.163094635897,"GROSS_PROFIT_QOQ":null,"ROA":-0.254687304285,"HOLDER_PROFIT_QOQ":-72.936561799372,"ROE_YEARLY":-2.163094635897,"ROIC_YEARLY":-0.279007376198,"TOTAL_ASSETS":73042039385.98,"TOTAL_LIABILITIES":58515952413.52,"TAX_EBT":-7.719261265059,"OCF_SALES":55.363764512928,"TOTAL_PARENT_EQUITY":9832517669.1,"DEBT_ASSET_RATIO":85.618762909,"OPERATE_PROFIT":-129315124.82,"PRETAX_PROFIT":-550906407.1,"NETCASH_OPERATE":-398907583.9,"NETCASH_INVEST":-579732230,"NETCASH_FINANCE":-341315787.19,"END_CASH":2275963526.27,"DIVI_RATIO":null,"DIVIDEND_RATE":null,"CURRENT_RATIO":null,"COMMON_ACS":null,"CURRENTDEBT_DEBT":null,"ISSUED_COMMON_SHARES":3867991673,"HK_COMMON_SHARES":3867991673,"PER_SHARES":2000,"TOTAL_MARKET_CAP":4138751090.11,"HKSK_MARKET_CAP":4138751090.11,"PE_TTM":8.992925364682,"PB_TTM":0.380196993214,"REPORT_DATE_SQ":"2021-12-31 00:00:00","REPORT_TYPE_SQ":"2021年年报","OPERATE_INCOME_SQ":8629552971.2,"DPS_HKD":null,"OPERATE_INCOME_QOQ_SQ":-17.366333944051,"NET_PROFIT_RATIO_SQ":7.5100402786,"HOLDER_PROFIT_SQ":419767286.4,"HOLDER_PROFIT_QOQ_SQ":-47.727120953732,"ROE_AVG_SQ":3.788413504167,"PE_TTM_SQ":9.042409376453,"PB_TTM_SQ":0.298355774832,"ROA_SQ":0.551978170127,"START_DATE":"2022-01-01 00:00:00","FISCAL_YEAR":"12-31","CURRENCY":"HKD","IS_CNY_CODE":0,"DPS_HKD_LY":null,"ORG_TYPE":"保险","PREMIUM_INCOME":2185444010.82,"PREMIUM_INCOME_YOY":-71.144167469474,"NET_INTEREST_INCOME":null,"NET_INTEREST_INCOME_YOY":null,"FEE_COMMISSION_INCOME":null,"FEE_COMMISSION_INCOME_YOY":null,"ACCOUNTS_RECE_TDAYS":null,"INVENTORY_TDAYS":null,"CURRENT_ASSETS_TDAYS":null,"TOTAL_ASSETS_TDAYS":0.065630355548,"PREMIUM_EXPENSE":null,"LOAN_DEPOSIT":null,"LOAN_EQUITY":null,"LOAN_ASSETS":null,"DEPOSIT_EQUITY":null,"DEPOSIT_ASSETS":null,"EQUITY_MULTIPLIER":6.953504720577,"EQUITY_RATIO":5.951268472918},{"SECUCODE":"00376.HK","SECURITY_CODE":"00376","SECURITY_NAME_ABBR":"云锋金融","ORG_CODE":"10008867","STD_REPORT_DATE":"2022-06-30 00:00:00","REPORT_DATE":"2022-06-30 00:00:00","DATE_TYPE_CODE":"002","REPORT_TYPE":"2022年中报","PER_NETCASH_OPERATE":0.493803201388,"PER_OI":-0.181777791294,"BPS":2.334025699365,"BASIC_EPS":-0.1111747,"DILUTED_EPS":-0.1111747,"OPERATE_INCOME":-703114983.06,"OPERATE_INCOME_YOY":-30.2421341449,"GROSS_PROFIT":null,"GROSS_PROFIT_YOY":null,"HOLDER_PROFIT":-412254601.78,"HOLDER_PROFIT_YOY":-143.219099681,"GROSS_PROFIT_RATIO":null,"EPS_TTM":-0.034239579204,"OPERATE_INCOME_QOQ":-14.075881330167,"NET_PROFIT_RATIO":-2.4860114777,"ROE_AVG":-1.635900909394,"GROSS_PROFIT_QOQ":null,"ROA":-0.19936373413,"HOLDER_PROFIT_QOQ":-131.550435572485,"ROE_YEARLY":-3.271801818788,"ROIC_YEARLY":-0.439091660426,"TOTAL_ASSETS":86171057574.49,"TOTAL_LIABILITIES":72870172909.03,"TAX_EBT":-4.450622644532,"OCF_SALES":62.078798233684,"TOTAL_PARENT_EQUITY":9027991969.71,"DEBT_ASSET_RATIO":84.5645567783,"OPERATE_PROFIT":-204086817.55,"PRETAX_PROFIT":-405726081.32,"NETCASH_OPERATE":3012841211.52,"NETCASH_INVEST":-3712561090.28,"NETCASH_FINANCE":-72290921.08,"END_CASH":2674403189.78,"DIVI_RATIO":null,"DIVIDEND_RATE":null,"CURRENT_RATIO":null,"COMMON_ACS":null,"CURRENTDEBT_DEBT":null,"ISSUED_COMMON_SHARES":3867991673,"HK_COMMON_SHARES":3867991673,"PER_SHARES":2000,"TOTAL_MARKET_CAP":4138751090.11,"HKSK_MARKET_CAP":4138751090.11,"PE_TTM":8.992925364682,"PB_TTM":0.380196993214,"REPORT_DATE_SQ":"2021-06-30 00:00:00","REPORT_TYPE_SQ":"2021年中报","OPERATE_INCOME_SQ":4291463417.04,"DPS_HKD":null,"OPERATE_INCOME_QOQ_SQ":16.300134890081,"NET_PROFIT_RATIO_SQ":12.3139582973,"HOLDER_PROFIT_SQ":382362394.08,"HOLDER_PROFIT_QOQ_SQ":54.310692142962,"ROE_AVG_SQ":3.379699152453,"PE_TTM_SQ":9.042409376453,"PB_TTM_SQ":0.298355774832,"ROA_SQ":0.508428118879,"START_DATE":"2022-01-01 00:00:00","FISCAL_YEAR":"12-31","CURRENCY":"HKD","IS_CNY_CODE":0,"DPS_HKD_LY":null,"ORG_TYPE":"保险","PREMIUM_INCOME":1044353752.05,"PREMIUM_INCOME_YOY":-65.588324554262,"NET_INTEREST_INCOME":null,"NET_INTEREST_INCOME_YOY":null,"FEE_COMMISSION_INCOME":null,"FEE_COMMISSION_INCOME_YOY":null,"ACCOUNTS_RECE_TDAYS":null,"INVENTORY_TDAYS":null,"CURRENT_ASSETS_TDAYS":null,"TOTAL_ASSETS_TDAYS":0.024252844246,"PREMIUM_EXPENSE":null,"LOAN_DEPOSIT":null,"LOAN_EQUITY":null,"LOAN_ASSETS":null,"DEPOSIT_EQUITY":null,"DEPOSIT_ASSETS":null,"EQUITY_MULTIPLIER":6.478595953721,"EQUITY_RATIO":8.071581493816},{"SECUCODE":"00376.HK","SECURITY_CODE":"00376","SECURITY_NAME_ABBR":"云锋金融","ORG_CODE":"10008867","STD_REPORT_DATE":"2021-12-31 00:00:00","REPORT_DATE":"2021-12-31 00:00:00","DATE_TYPE_CODE":"001","REPORT_TYPE":"2021年年报","PER_NETCASH_OPERATE":0.778813236085,"PER_OI":2.231016429388,"BPS":2.900891840467,"BASIC_EPS":0.1087408,"DILUTED_EPS":0.1087408,"OPERATE_INCOME":8629552971.2,"OPERATE_INCOME_YOY":-1.0712038889,"GROSS_PROFIT":null,"GROSS_PROFIT_YOY":null,"HOLDER_PROFIT":419767286.4,"HOLDER_PROFIT_YOY":-16.9656243177,"GROSS_PROFIT_RATIO":null,"EPS_TTM":0.108523316979,"OPERATE_INCOME_QOQ":-17.366333944051,"NET_PROFIT_RATIO":7.5100402786,"ROE_AVG":3.788413504167,"GROSS_PROFIT_QOQ":null,"ROA":0.551978170127,"HOLDER_PROFIT_QOQ":-47.727120953732,"ROE_YEARLY":3.788413504167,"ROIC_YEARLY":0.619251798742,"TOTAL_ASSETS":80512642459.2,"TOTAL_LIABILITIES":64249879411.2,"TAX_EBT":0.887884706277,"OCF_SALES":34.908449163632,"TOTAL_PARENT_EQUITY":11220625483.2,"DEBT_ASSET_RATIO":79.8009821175,"OPERATE_PROFIT":775204169.6,"PRETAX_PROFIT":653888681.6,"NETCASH_OPERATE":3012443112,"NETCASH_INVEST":-4795826571.2,"NETCASH_FINANCE":1754392998.4,"END_CASH":3290410760,"DIVI_RATIO":null,"DIVIDEND_RATE":null,"CURRENT_RATIO":null,"COMMON_ACS":null,"CURRENTDEBT_DEBT":null,"ISSUED_COMMON_SHARES":3867991673,"HK_COMMON_SHARES":3867991673,"PER_SHARES":2000,"TOTAL_MARKET_CAP":4138751090.11,"HKSK_MARKET_CAP":4138751090.11,"PE_TTM":8.992925364682,"PB_TTM":0.380196993214,"REPORT_DATE_SQ":"2020-12-31 00:00:00","REPORT_TYPE_SQ":"2020年年报","OPERATE_INCOME_SQ":8979477359.36,"DPS_HKD":null,"OPERATE_INCOME_QOQ_SQ":25.625616810704,"NET_PROFIT_RATIO_SQ":8.894787377,"HOLDER_PROFIT_SQ":520398636.6,"HOLDER_PROFIT_QOQ_SQ":114.102437687316,"ROE_AVG_SQ":5.266003369036,"PE_TTM_SQ":9.042409376453,"PB_TTM_SQ":0.298355774832,"ROA_SQ":0.759227656921,"START_DATE":"2021-01-01 00:00:00","FISCAL_YEAR":"12-31","CURRENCY":"HKD","IS_CNY_CODE":0,"DPS_HKD_LY":null,"ORG_TYPE":"保险","PREMIUM_INCOME":6932090278.4,"PREMIUM_INCOME_YOY":9.777287092631,"NET_INTEREST_INCOME":null,"NET_INTEREST_INCOME_YOY":null,"FEE_COMMISSION_INCOME":92863008,"FEE_COMMISSION_INCOME_YOY":null,"ACCOUNTS_RECE_TDAYS":null,"INVENTORY_TDAYS":null,"CURRENT_ASSETS_TDAYS":null,"TOTAL_ASSETS_TDAYS":0.113475371054,"PREMIUM_EXPENSE":338.314354505719,"LOAN_DEPOSIT":null,"LOAN_EQUITY":null,"LOAN_ASSETS":null,"DEPOSIT_EQUITY":null,"DEPOSIT_ASSETS":null,"EQUITY_MULTIPLIER":4.950735752684,"EQUITY_RATIO":5.726051502868},{"SECUCODE":"00376.HK","SECURITY_CODE":"00376","SECURITY_NAME_ABBR":"云锋金融","ORG_CODE":"10008867","STD_REPORT_DATE":"2021-06-30 00:00:00","REPORT_DATE":"2021-06-30 00:00:00","DATE_TYPE_CODE":"002","REPORT_TYPE":"2021年中报","PER_NETCASH_OPERATE":0.443601776472,"PER_OI":1.109481038182,"BPS":2.971386449146,"BASIC_EPS":0.0998496,"DILUTED_EPS":0.0998496,"OPERATE_INCOME":4291463417.04,"OPERATE_INCOME_YOY":66.5989289888,"GROSS_PROFIT":null,"GROSS_PROFIT_YOY":null,"HOLDER_PROFIT":382362394.08,"HOLDER_PROFIT_YOY":320.8845861459,"GROSS_PROFIT_RATIO":null,"EPS_TTM":0.207609220993,"OPERATE_INCOME_QOQ":16.300134890081,"NET_PROFIT_RATIO":12.3139582973,"ROE_AVG":3.379699152453,"GROSS_PROFIT_QOQ":null,"ROA":0.508428118879,"HOLDER_PROFIT_QOQ":54.310692142962,"ROE_YEARLY":6.759398304906,"ROIC_YEARLY":1.141388753816,"TOTAL_ASSETS":77558887396.32,"TOTAL_LIABILITIES":60968167424.16,"TAX_EBT":0.191415532003,"OCF_SALES":39.982817299733,"TOTAL_PARENT_EQUITY":11493298042.56,"DEBT_ASSET_RATIO":78.6088731684,"OPERATE_PROFIT":595648628.4,"PRETAX_PROFIT":529462488.96,"NETCASH_OPERATE":1715847977.52,"NETCASH_INVEST":-3075841133.52,"NETCASH_FINANCE":960678796.08,"END_CASH":2977475132.16,"DIVI_RATIO":null,"DIVIDEND_RATE":null,"CURRENT_RATIO":null,"COMMON_ACS":null,"CURRENTDEBT_DEBT":null,"ISSUED_COMMON_SHARES":3867991673,"HK_COMMON_SHARES":3867991673,"PER_SHARES":2000,"TOTAL_MARKET_CAP":4138751090.11,"HKSK_MARKET_CAP":4138751090.11,"PE_TTM":8.992925364682,"PB_TTM":0.380196993214,"REPORT_DATE_SQ":"2020-06-30 00:00:00","REPORT_TYPE_SQ":"2020年中报","OPERATE_INCOME_SQ":2827796495.04,"DPS_HKD":null,"OPERATE_INCOME_QOQ_SQ":-3.627467758973,"NET_PROFIT_RATIO_SQ":8.4681787965,"HOLDER_PROFIT_SQ":99730292.64,"HOLDER_PROFIT_QOQ_SQ":6.150011306338,"ROE_AVG_SQ":1.073868925554,"PE_TTM_SQ":9.042409376453,"PB_TTM_SQ":0.298355774832,"ROA_SQ":0.141349095758,"START_DATE":"2021-01-01 00:00:00","FISCAL_YEAR":"12-31","CURRENCY":"HKD","IS_CNY_CODE":0,"DPS_HKD_LY":null,"ORG_TYPE":"保险","PREMIUM_INCOME":2952869694.48,"PREMIUM_INCOME_YOY":24.420579431087,"NET_INTEREST_INCOME":null,"NET_INTEREST_INCOME_YOY":null,"FEE_COMMISSION_INCOME":36827028.72,"FEE_COMMISSION_INCOME_YOY":null,"ACCOUNTS_RECE_TDAYS":null,"INVENTORY_TDAYS":null,"CURRENT_ASSETS_TDAYS":null,"TOTAL_ASSETS_TDAYS":0.057063683724,"PREMIUM_EXPENSE":224.835781822974,"LOAN_DEPOSIT":null,"LOAN_EQUITY":null,"LOAN_ASSETS":null,"DEPOSIT_EQUITY":null,"DEPOSIT_ASSETS":null,"EQUITY_MULTIPLIER":4.674835542197,"EQUITY_RATIO":5.304671226518},{"SECUCODE":"00376.HK","SECURITY_CODE":"00376","SECURITY_NAME_ABBR":"云锋金融","ORG_CODE":"10008867","STD_REPORT_DATE":"2020-12-31 00:00:00","REPORT_DATE":"2020-12-31 00:00:00","DATE_TYPE_CODE":"001","REPORT_TYPE":"2020年年报","PER_NETCASH_OPERATE":0.542779765555,"PER_OI":2.321483115396,"BPS":2.911492303164,"BASIC_EPS":0.15654504,"DILUTED_EPS":0.15654504,"OPERATE_INCOME":8979477359.36,"OPERATE_INCOME_YOY":28.8565417707,"GROSS_PROFIT":null,"GROSS_PROFIT_YOY":null,"HOLDER_PROFIT":520398636.6,"HOLDER_PROFIT_YOY":141.8892961791,"GROSS_PROFIT_RATIO":null,"EPS_TTM":0.134539751012,"OPERATE_INCOME_QOQ":25.625616810704,"NET_PROFIT_RATIO":8.894787377,"ROE_AVG":5.266003369036,"GROSS_PROFIT_QOQ":null,"ROA":0.759227656921,"HOLDER_PROFIT_QOQ":114.102437687316,"ROE_YEARLY":5.266003369036,"ROIC_YEARLY":0.850900810375,"TOTAL_ASSETS":73687732390.2,"TOTAL_LIABILITIES":57408927612.32,"TAX_EBT":0.401234243973,"OCF_SALES":23.380732858038,"TOTAL_PARENT_EQUITY":11261627984.64,"DEBT_ASSET_RATIO":77.9083922794,"OPERATE_PROFIT":945070822.88,"PRETAX_PROFIT":801923008.4,"NETCASH_OPERATE":2099467613.44,"NETCASH_INVEST":-4445186466.28,"NETCASH_FINANCE":3928281477.32,"END_CASH":3414309603.76,"DIVI_RATIO":null,"DIVIDEND_RATE":null,"CURRENT_RATIO":null,"COMMON_ACS":null,"CURRENTDEBT_DEBT":null,"ISSUED_COMMON_SHARES":3867991673,"HK_COMMON_SHARES":3867991673,"PER_SHARES":2000,"TOTAL_MARKET_CAP":4138751090.11,"HKSK_MARKET_CAP":4138751090.11,"PE_TTM":8.992925364682,"PB_TTM":0.380196993214,"REPORT_DATE_SQ":"2019-12-31 00:00:00","REPORT_TYPE_SQ":"2019年年报","OPERATE_INCOME_SQ":7416851474.82,"DPS_HKD":null,"OPERATE_INCOME_QOQ_SQ":87.701335189986,"NET_PROFIT_RATIO_SQ":7.4247240473,"HOLDER_PROFIT_SQ":228978387.82,"HOLDER_PROFIT_QOQ_SQ":357.154084748941,"ROE_AVG_SQ":2.643684045322,"PE_TTM_SQ":9.042409376453,"PB_TTM_SQ":0.298355774832,"ROA_SQ":0.369496129303,"START_DATE":"2020-01-01 00:00:00","FISCAL_YEAR":"12-31","CURRENCY":"HKD","IS_CNY_CODE":0,"DPS_HKD_LY":null,"ORG_TYPE":"保险","PREMIUM_INCOME":6500356883.24,"PREMIUM_INCOME_YOY":28.380065075651,"NET_INTEREST_INCOME":null,"NET_INTEREST_INCOME_YOY":null,"FEE_COMMISSION_INCOME":110461041.8,"FEE_COMMISSION_INCOME_YOY":null,"ACCOUNTS_RECE_TDAYS":null,"INVENTORY_TDAYS":null,"CURRENT_ASSETS_TDAYS":null,"TOTAL_ASSETS_TDAYS":0.131004715932,"PREMIUM_EXPENSE":235.986118465417,"LOAN_DEPOSIT":null,"LOAN_EQUITY":null,"LOAN_ASSETS":null,"DEPOSIT_EQUITY":null,"DEPOSIT_ASSETS":null,"EQUITY_MULTIPLIER":4.526605816323,"EQUITY_RATIO":5.097746763667},{"SECUCODE":"00376.HK","SECURITY_CODE":"00376","SECURITY_NAME_ABBR":"云锋金融","ORG_CODE":"10008867","STD_REPORT_DATE":"2020-06-30 00:00:00","REPORT_DATE":"2020-06-30 00:00:00","DATE_TYPE_CODE":"002","REPORT_TYPE":"2020年中报","PER_NETCASH_OPERATE":0.44638066905,"PER_OI":0.877291390752,"BPS":2.41619120648,"BASIC_EPS":0.0274032,"DILUTED_EPS":0.0274032,"OPERATE_INCOME":2827796495.04,"OPERATE_INCOME_YOY":-12.0645181632,"GROSS_PROFIT":null,"GROSS_PROFIT_YOY":null,"HOLDER_PROFIT":99730292.64,"HOLDER_PROFIT_YOY":12.1357777435,"GROSS_PROFIT_RATIO":null,"EPS_TTM":0.075406755274,"OPERATE_INCOME_QOQ":-3.627467758973,"NET_PROFIT_RATIO":8.4681787965,"ROE_AVG":1.073868925554,"GROSS_PROFIT_QOQ":null,"ROA":0.141349095758,"HOLDER_PROFIT_QOQ":6.150011306338,"ROE_YEARLY":2.147737851108,"ROIC_YEARLY":0.314093980255,"TOTAL_ASSETS":72304934412.48,"TOTAL_LIABILITIES":57909130973.76,"TAX_EBT":0.524782004872,"OCF_SALES":50.881688086244,"TOTAL_PARENT_EQUITY":9345807467.04,"DEBT_ASSET_RATIO":80.0901507543,"OPERATE_PROFIT":323045363.52,"PRETAX_PROFIT":240726150.72,"NETCASH_OPERATE":1438830592.32,"NETCASH_INVEST":-2947391367.36,"NETCASH_FINANCE":1703689827.84,"END_CASH":2176697376.48,"DIVI_RATIO":null,"DIVIDEND_RATE":null,"CURRENT_RATIO":null,"COMMON_ACS":null,"CURRENTDEBT_DEBT":null,"ISSUED_COMMON_SHARES":3867991673,"HK_COMMON_SHARES":3867991673,"PER_SHARES":2000,"TOTAL_MARKET_CAP":4138751090.11,"HKSK_MARKET_CAP":4138751090.11,"PE_TTM":8.992925364682,"PB_TTM":0.380196993214,"REPORT_DATE_SQ":"2019-06-30 00:00:00","REPORT_TYPE_SQ":"2019年中报","OPERATE_INCOME_SQ":3096840391.02,"DPS_HKD":null,"OPERATE_INCOME_QOQ_SQ":342.717347696504,"NET_PROFIT_RATIO_SQ":5.9222050092,"HOLDER_PROFIT_SQ":85648095.9,"HOLDER_PROFIT_QOQ_SQ":127.966846512639,"ROE_AVG_SQ":0.880892014752,"PE_TTM_SQ":9.042409376453,"PB_TTM_SQ":0.298355774832,"ROA_SQ":0.125266803581,"START_DATE":"2020-01-01 00:00:00","FISCAL_YEAR":"12-31","CURRENCY":"HKD","IS_CNY_CODE":0,"DPS_HKD_LY":null,"ORG_TYPE":"保险","PREMIUM_INCOME":2605355586.24,"PREMIUM_INCOME_YOY":19.752102618533,"NET_INTEREST_INCOME":null,"NET_INTEREST_INCOME_YOY":null,"FEE_COMMISSION_INCOME":29181667.68,"FEE_COMMISSION_INCOME_YOY":null,"ACCOUNTS_RECE_TDAYS":null,"INVENTORY_TDAYS":null,"CURRENT_ASSETS_TDAYS":null,"TOTAL_ASSETS_TDAYS":0.040078743076,"PREMIUM_EXPENSE":342.362916603649,"LOAN_DEPOSIT":null,"LOAN_EQUITY":null,"LOAN_ASSETS":null,"DEPOSIT_EQUITY":null,"DEPOSIT_ASSETS":null,"EQUITY_MULTIPLIER":5.022639738048,"EQUITY_RATIO":6.196268345778}],"count":47},"success":true,"message":"ok","code":0}