{"version":"a18aabd332c0307a1b1d1c852e362549","result":{"pages":5,"data":[{"SECUCODE":"00377.HK","SECURITY_CODE":"00377","SECURITY_NAME_ABBR":"中国华君","ORG_CODE":"10008868","STD_REPORT_DATE":"2024-06-30 00:00:00","REPORT_DATE":"2024-06-30 00:00:00","DATE_TYPE_CODE":"002","REPORT_TYPE":"2024年中报","PER_NETCASH_OPERATE":1.784002505562,"PER_OI":10.001352711089,"BPS":-109.840855368374,"BASIC_EPS":-6.63,"DILUTED_EPS":-6.63,"OPERATE_INCOME":615514000,"OPERATE_INCOME_YOY":-69.5091606665,"GROSS_PROFIT":44171000,"GROSS_PROFIT_YOY":-49.56842417738,"HOLDER_PROFIT":-408022000,"HOLDER_PROFIT_YOY":68.3420426816,"GROSS_PROFIT_RATIO":7.176278687406,"EPS_TTM":-29.224214097199,"OPERATE_INCOME_QOQ":-49.3238742398,"NET_PROFIT_RATIO":-66.4200976745,"ROE_AVG":6.224234412776,"GROSS_PROFIT_QOQ":-47.002717420724,"ROA":-7.416851668965,"HOLDER_PROFIT_QOQ":32.874245485228,"ROE_YEARLY":12.448468825551,"ROIC_YEARLY":-15.101282318425,"TOTAL_ASSETS":5364610000,"TOTAL_LIABILITIES":12088781000,"TAX_EBT":-0.10332930953,"OCF_SALES":17.837612142047,"TOTAL_PARENT_EQUITY":-6759944000,"DEBT_ASSET_RATIO":225.3431470321,"OPERATE_PROFIT":-160055000,"PRETAX_PROFIT":-408403000,"NETCASH_OPERATE":109793000,"NETCASH_INVEST":-128000,"NETCASH_FINANCE":-117203000,"END_CASH":57254000,"DIVI_RATIO":null,"DIVIDEND_RATE":null,"CURRENT_RATIO":0.184950939664,"COMMON_ACS":400000000,"CURRENTDEBT_DEBT":98.795329322287,"ISSUED_COMMON_SHARES":61543075,"HK_COMMON_SHARES":61543075,"PER_SHARES":80,"TOTAL_MARKET_CAP":54157906,"HKSK_MARKET_CAP":54157906,"PE_TTM":-0.02700072565,"PB_TTM":-0.007312018805,"REPORT_DATE_SQ":"2023-06-30 00:00:00","REPORT_TYPE_SQ":"2023年中报","OPERATE_INCOME_SQ":2018685000,"DPS_HKD":null,"OPERATE_INCOME_QOQ_SQ":69.461082222647,"NET_PROFIT_RATIO_SQ":-63.4214352413,"HOLDER_PROFIT_SQ":-1288845000,"HOLDER_PROFIT_QOQ_SQ":-5.493495109374,"ROE_AVG_SQ":30.003876063735,"PE_TTM_SQ":-0.016187125432,"PB_TTM_SQ":-0.009851541697,"ROA_SQ":-13.134485845584,"START_DATE":"2024-01-01 00:00:00","FISCAL_YEAR":"12-31","CURRENCY":"HKD","IS_CNY_CODE":0,"DPS_HKD_LY":null,"ORG_TYPE":"一般企业","PREMIUM_INCOME":null,"PREMIUM_INCOME_YOY":null,"NET_INTEREST_INCOME":null,"NET_INTEREST_INCOME_YOY":null,"FEE_COMMISSION_INCOME":null,"FEE_COMMISSION_INCOME_YOY":null,"ACCOUNTS_RECE_TDAYS":0.525438812527,"INVENTORY_TDAYS":0.622561441035,"CURRENT_ASSETS_TDAYS":0.270352750705,"TOTAL_ASSETS_TDAYS":0.111885536519,"PREMIUM_EXPENSE":null,"LOAN_DEPOSIT":null,"LOAN_EQUITY":null,"LOAN_ASSETS":null,"DEPOSIT_EQUITY":null,"DEPOSIT_ASSETS":null,"EQUITY_MULTIPLIER":-0.797809871284,"EQUITY_RATIO":-1.788296027304},{"SECUCODE":"00377.HK","SECURITY_CODE":"00377","SECURITY_NAME_ABBR":"中国华君","ORG_CODE":"10008868","STD_REPORT_DATE":"2023-12-31 00:00:00","REPORT_DATE":"2023-12-31 00:00:00","DATE_TYPE_CODE":"001","REPORT_TYPE":"2023年年报","PER_NETCASH_OPERATE":11.198790440679,"PER_OI":46.224713341022,"BPS":-103.192910006528,"BASIC_EPS":-43.54,"DILUTED_EPS":-43.54,"OPERATE_INCOME":2844811000,"OPERATE_INCOME_YOY":73.3395768162,"GROSS_PROFIT":92367000,"GROSS_PROFIT_YOY":126.79447906151,"HOLDER_PROFIT":-2679371000,"HOLDER_PROFIT_YOY":5.0655520352,"GROSS_PROFIT_RATIO":3.246858930171,"EPS_TTM":-43.536514871901,"OPERATE_INCOME_QOQ":2.288722898879,"NET_PROFIT_RATIO":-93.8965716879,"ROE_AVG":53.340496175106,"GROSS_PROFIT_QOQ":128.792795488764,"ROA":-32.005836463743,"HOLDER_PROFIT_QOQ":10.009192636621,"ROE_YEARLY":53.340496175106,"ROIC_YEARLY":-32.373307886128,"TOTAL_ASSETS":5637956000,"TOTAL_LIABILITIES":11952189000,"TAX_EBT":1.023637860595,"OCF_SALES":24.226846704403,"TOTAL_PARENT_EQUITY":-6350809000,"DEBT_ASSET_RATIO":211.9950741013,"OPERATE_PROFIT":-1819386000,"PRETAX_PROFIT":-2698806000,"NETCASH_OPERATE":689208000,"NETCASH_INVEST":1187554000,"NETCASH_FINANCE":-1871150000,"END_CASH":65351000,"DIVI_RATIO":null,"DIVIDEND_RATE":null,"CURRENT_RATIO":0.198718581693,"COMMON_ACS":400000000,"CURRENTDEBT_DEBT":98.711432692371,"ISSUED_COMMON_SHARES":61543075,"HK_COMMON_SHARES":61543075,"PER_SHARES":80,"TOTAL_MARKET_CAP":46157306.25,"HKSK_MARKET_CAP":46157306.25,"PE_TTM":-0.023011982088,"PB_TTM":-0.006231834209,"REPORT_DATE_SQ":"2022-12-31 00:00:00","REPORT_TYPE_SQ":"2022年年报","OPERATE_INCOME_SQ":1641178000,"DPS_HKD":null,"OPERATE_INCOME_QOQ_SQ":-41.517479958279,"NET_PROFIT_RATIO_SQ":-172.3390759564,"HOLDER_PROFIT_SQ":-2822338000,"HOLDER_PROFIT_QOQ_SQ":-23.752668124745,"ROE_AVG_SQ":124.165213223375,"PE_TTM_SQ":-0.021519354986,"PB_TTM_SQ":-0.013096755432,"ROA_SQ":-21.03020069179,"START_DATE":"2023-01-01 00:00:00","FISCAL_YEAR":"12-31","CURRENCY":"HKD","IS_CNY_CODE":0,"DPS_HKD_LY":null,"ORG_TYPE":"一般企业","PREMIUM_INCOME":null,"PREMIUM_INCOME_YOY":null,"NET_INTEREST_INCOME":null,"NET_INTEREST_INCOME_YOY":null,"FEE_COMMISSION_INCOME":null,"FEE_COMMISSION_INCOME_YOY":null,"ACCOUNTS_RECE_TDAYS":2.709636708349,"INVENTORY_TDAYS":1.041770648721,"CURRENT_ASSETS_TDAYS":0.71973930803,"TOTAL_ASSETS_TDAYS":0.33982063565,"PREMIUM_EXPENSE":null,"LOAN_DEPOSIT":null,"LOAN_EQUITY":null,"LOAN_ASSETS":null,"DEPOSIT_EQUITY":null,"DEPOSIT_ASSETS":null,"EQUITY_MULTIPLIER":-0.892896413547,"EQUITY_RATIO":-1.881994719098},{"SECUCODE":"00377.HK","SECURITY_CODE":"00377","SECURITY_NAME_ABBR":"中国华君","ORG_CODE":"10008868","STD_REPORT_DATE":"2023-06-30 00:00:00","REPORT_DATE":"2023-06-30 00:00:00","DATE_TYPE_CODE":"002","REPORT_TYPE":"2023年中报","PER_NETCASH_OPERATE":-15.700466705637,"PER_OI":32.801172187123,"BPS":-79.549275040287,"BASIC_EPS":-20.94,"DILUTED_EPS":-20.94,"OPERATE_INCOME":2018685000,"OPERATE_INCOME_YOY":129.7340973364,"GROSS_PROFIT":87586000,"GROSS_PROFIT_YOY":37.58187901541,"HOLDER_PROFIT":-1288845000,"HOLDER_PROFIT_YOY":-13.6748103722,"GROSS_PROFIT_RATIO":4.338765087173,"EPS_TTM":-48.378846848325,"OPERATE_INCOME_QOQ":69.461082222647,"NET_PROFIT_RATIO":-63.4214352413,"ROE_AVG":30.003876063735,"GROSS_PROFIT_QOQ":6.940334876597,"ROA":-13.134485845584,"HOLDER_PROFIT_QOQ":-5.493495109374,"ROE_YEARLY":60.00775212747,"ROIC_YEARLY":-26.537563430011,"TOTAL_ASSETS":8520300000,"TOTAL_LIABILITIES":13379055000,"TAX_EBT":2.120539809911,"OCF_SALES":-47.865565950111,"TOTAL_PARENT_EQUITY":-4895707000,"DEBT_ASSET_RATIO":157.0256329003,"OPERATE_PROFIT":-874854000,"PRETAX_PROFIT":-1308016000,"NETCASH_OPERATE":-966255000,"NETCASH_INVEST":1194490000,"NETCASH_FINANCE":-213027000,"END_CASH":73556000,"DIVI_RATIO":null,"DIVIDEND_RATE":null,"CURRENT_RATIO":0.381022413927,"COMMON_ACS":400000000,"CURRENTDEBT_DEBT":98.498331907597,"ISSUED_COMMON_SHARES":61543075,"HK_COMMON_SHARES":61543075,"PER_SHARES":80,"TOTAL_MARKET_CAP":46157306.25,"HKSK_MARKET_CAP":46157306.25,"PE_TTM":-0.023011982088,"PB_TTM":-0.006231834209,"REPORT_DATE_SQ":"2022-06-30 00:00:00","REPORT_TYPE_SQ":"2022年中报","OPERATE_INCOME_SQ":878705000,"DPS_HKD":null,"OPERATE_INCOME_QOQ_SQ":-20.104753450452,"NET_PROFIT_RATIO_SQ":-129.4709828668,"HOLDER_PROFIT_SQ":-1133800000,"HOLDER_PROFIT_QOQ_SQ":-28.268714201511,"ROE_AVG_SQ":79.624113507552,"PE_TTM_SQ":-0.021519354986,"PB_TTM_SQ":-0.013096755432,"ROA_SQ":-7.289459164306,"START_DATE":"2023-01-01 00:00:00","FISCAL_YEAR":"12-31","CURRENCY":"HKD","IS_CNY_CODE":0,"DPS_HKD_LY":null,"ORG_TYPE":"一般企业","PREMIUM_INCOME":null,"PREMIUM_INCOME_YOY":null,"NET_INTEREST_INCOME":null,"NET_INTEREST_INCOME_YOY":null,"FEE_COMMISSION_INCOME":null,"FEE_COMMISSION_INCOME_YOY":null,"ACCOUNTS_RECE_TDAYS":null,"INVENTORY_TDAYS":0.693082362568,"CURRENT_ASSETS_TDAYS":0.381540247484,"TOTAL_ASSETS_TDAYS":0.2057220966,"PREMIUM_EXPENSE":null,"LOAN_DEPOSIT":null,"LOAN_EQUITY":null,"LOAN_ASSETS":null,"DEPOSIT_EQUITY":null,"DEPOSIT_ASSETS":null,"EQUITY_MULTIPLIER":-1.753597372165,"EQUITY_RATIO":-2.732813667158},{"SECUCODE":"00377.HK","SECURITY_CODE":"00377","SECURITY_NAME_ABBR":"中国华君","ORG_CODE":"10008868","STD_REPORT_DATE":"2022-12-31 00:00:00","REPORT_DATE":"2022-12-31 00:00:00","DATE_TYPE_CODE":"001","REPORT_TYPE":"2022年年报","PER_NETCASH_OPERATE":-0.690215755388,"PER_OI":26.667143297601,"BPS":-60.04709709419,"BASIC_EPS":-45.86,"DILUTED_EPS":-45.86,"OPERATE_INCOME":1641178000,"OPERATE_INCOME_YOY":-53.2752464243,"GROSS_PROFIT":-344724000,"GROSS_PROFIT_YOY":-565.239689052041,"HOLDER_PROFIT":-2822338000,"HOLDER_PROFIT_YOY":-58.7359561937,"GROSS_PROFIT_RATIO":-21.0046685978,"EPS_TTM":-45.859554466526,"OPERATE_INCOME_QOQ":-41.517479958279,"NET_PROFIT_RATIO":-172.3390759564,"ROE_AVG":124.165213223375,"GROSS_PROFIT_QOQ":-766.377993852816,"ROA":-21.03020069179,"HOLDER_PROFIT_QOQ":-23.752668124745,"ROE_YEARLY":124.165213223375,"ROIC_YEARLY":-21.224790730164,"TOTAL_ASSETS":11105059000,"TOTAL_LIABILITIES":14772157000,"TAX_EBT":-0.825887995357,"OCF_SALES":-2.588262820974,"TOTAL_PARENT_EQUITY":-3695483000,"DEBT_ASSET_RATIO":133.0218686817,"OPERATE_PROFIT":-1500079000,"PRETAX_PROFIT":-2805223000,"NETCASH_OPERATE":-42478000,"NETCASH_INVEST":92143000,"NETCASH_FINANCE":-115993000,"END_CASH":59739000,"DIVI_RATIO":null,"DIVIDEND_RATE":null,"CURRENT_RATIO":0.382231974047,"COMMON_ACS":400000000,"CURRENTDEBT_DEBT":98.480573960864,"ISSUED_COMMON_SHARES":61543075,"HK_COMMON_SHARES":61543075,"PER_SHARES":80,"TOTAL_MARKET_CAP":46157306.25,"HKSK_MARKET_CAP":46157306.25,"PE_TTM":-0.023011982088,"PB_TTM":-0.006231834209,"REPORT_DATE_SQ":"2021-12-31 00:00:00","REPORT_TYPE_SQ":"2021年年报","OPERATE_INCOME_SQ":3512438000,"DPS_HKD":null,"OPERATE_INCOME_QOQ_SQ":-0.110456323397,"NET_PROFIT_RATIO_SQ":-50.7961991073,"HOLDER_PROFIT_SQ":-1778008000,"HOLDER_PROFIT_QOQ_SQ":-7.118401448803,"ROE_AVG_SQ":-1402.29192463306,"PE_TTM_SQ":-0.021519354986,"PB_TTM_SQ":-0.013096755432,"ROA_SQ":-10.86526937161,"START_DATE":"2022-01-01 00:00:00","FISCAL_YEAR":"12-31","CURRENCY":"HKD","IS_CNY_CODE":0,"DPS_HKD_LY":null,"ORG_TYPE":"一般企业","PREMIUM_INCOME":null,"PREMIUM_INCOME_YOY":null,"NET_INTEREST_INCOME":null,"NET_INTEREST_INCOME_YOY":null,"FEE_COMMISSION_INCOME":null,"FEE_COMMISSION_INCOME_YOY":null,"ACCOUNTS_RECE_TDAYS":1.872537498032,"INVENTORY_TDAYS":0.33845956146,"CURRENT_ASSETS_TDAYS":0.232285827494,"TOTAL_ASSETS_TDAYS":0.122289756617,"PREMIUM_EXPENSE":null,"LOAN_DEPOSIT":null,"LOAN_EQUITY":null,"LOAN_ASSETS":null,"DEPOSIT_EQUITY":null,"DEPOSIT_ASSETS":null,"EQUITY_MULTIPLIER":-3.028296216786,"EQUITY_RATIO":-3.997354878916},{"SECUCODE":"00377.HK","SECURITY_CODE":"00377","SECURITY_NAME_ABBR":"中国华君","ORG_CODE":"10008868","STD_REPORT_DATE":"2022-06-30 00:00:00","REPORT_DATE":"2022-06-30 00:00:00","DATE_TYPE_CODE":"002","REPORT_TYPE":"2022年中报","PER_NETCASH_OPERATE":0.992394351436,"PER_OI":14.277885854745,"BPS":-32.45309078235,"BASIC_EPS":-18.42,"DILUTED_EPS":-18.42,"OPERATE_INCOME":878705000,"OPERATE_INCOME_YOY":-44.5567212999,"GROSS_PROFIT":63661000,"GROSS_PROFIT_YOY":-25.997954106898,"HOLDER_PROFIT":-1133800000,"HOLDER_PROFIT_YOY":-79.6318007541,"GROSS_PROFIT_RATIO":7.244866024434,"EPS_TTM":-37.057426851031,"OPERATE_INCOME_QOQ":-20.104753450452,"NET_PROFIT_RATIO":-129.4709828668,"ROE_AVG":79.624113507552,"GROSS_PROFIT_QOQ":-30.183815590585,"ROA":-7.289459164306,"HOLDER_PROFIT_QOQ":-28.268714201511,"ROE_YEARLY":159.248227015104,"ROIC_YEARLY":-14.711860243556,"TOTAL_ASSETS":15372182000,"TOTAL_LIABILITIES":17338867000,"TAX_EBT":-0.370190000282,"OCF_SALES":6.950569303691,"TOTAL_PARENT_EQUITY":-1997263000,"DEBT_ASSET_RATIO":112.7937920589,"OPERATE_PROFIT":-357753000,"PRETAX_PROFIT":-1133472000,"NETCASH_OPERATE":61075000,"NETCASH_INVEST":-24292000,"NETCASH_FINANCE":-99408000,"END_CASH":92571000,"DIVI_RATIO":null,"DIVIDEND_RATE":null,"CURRENT_RATIO":0.511223494522,"COMMON_ACS":400000000,"CURRENTDEBT_DEBT":96.512546061977,"ISSUED_COMMON_SHARES":61543075,"HK_COMMON_SHARES":61543075,"PER_SHARES":80,"TOTAL_MARKET_CAP":65235659.5,"HKSK_MARKET_CAP":65235659.5,"PE_TTM":-0.032523601352,"PB_TTM":-0.008807659015,"REPORT_DATE_SQ":"2021-06-30 00:00:00","REPORT_TYPE_SQ":"2021年中报","OPERATE_INCOME_SQ":1584872000,"DPS_HKD":null,"OPERATE_INCOME_QOQ_SQ":0.024776337375,"NET_PROFIT_RATIO_SQ":-39.8119217199,"HOLDER_PROFIT_SQ":-631180000,"HOLDER_PROFIT_QOQ_SQ":-5.466642267403,"ROE_AVG_SQ":-100.120236920666,"PE_TTM_SQ":-0.019424550518,"PB_TTM_SQ":-0.011821850036,"ROA_SQ":-3.608844235586,"START_DATE":"2022-01-01 00:00:00","FISCAL_YEAR":"12-31","CURRENCY":"HKD","IS_CNY_CODE":0,"DPS_HKD_LY":null,"ORG_TYPE":"一般企业","PREMIUM_INCOME":null,"PREMIUM_INCOME_YOY":null,"NET_INTEREST_INCOME":null,"NET_INTEREST_INCOME_YOY":null,"FEE_COMMISSION_INCOME":null,"FEE_COMMISSION_INCOME_YOY":null,"ACCOUNTS_RECE_TDAYS":null,"INVENTORY_TDAYS":0.110385450602,"CURRENT_ASSETS_TDAYS":0.102622565648,"TOTAL_ASSETS_TDAYS":0.056493951446,"PREMIUM_EXPENSE":null,"LOAN_DEPOSIT":null,"LOAN_EQUITY":null,"LOAN_ASSETS":null,"DEPOSIT_EQUITY":null,"DEPOSIT_ASSETS":null,"EQUITY_MULTIPLIER":-7.816290865102,"EQUITY_RATIO":-8.681313878042},{"SECUCODE":"00377.HK","SECURITY_CODE":"00377","SECURITY_NAME_ABBR":"中国华君","ORG_CODE":"10008868","STD_REPORT_DATE":"2021-12-31 00:00:00","REPORT_DATE":"2021-12-31 00:00:00","DATE_TYPE_CODE":"001","REPORT_TYPE":"2021年年报","PER_NETCASH_OPERATE":7.375175842286,"PER_OI":57.072838820615,"BPS":-13.821506318948,"BASIC_EPS":-28.89,"DILUTED_EPS":-28.89,"OPERATE_INCOME":3512438000,"OPERATE_INCOME_YOY":-0.0857073531,"GROSS_PROFIT":74096000,"GROSS_PROFIT_YOY":81.017760730951,"HOLDER_PROFIT":-1778008000,"HOLDER_PROFIT_YOY":-12.9741812586,"GROSS_PROFIT_RATIO":2.109531897787,"EPS_TTM":-28.890464118018,"OPERATE_INCOME_QOQ":-0.110456323397,"NET_PROFIT_RATIO":-50.7961991073,"ROE_AVG":-1402.29192463306,"GROSS_PROFIT_QOQ":906.794425087108,"ROA":-10.86526937161,"HOLDER_PROFIT_QOQ":-7.118401448803,"ROE_YEARLY":-1402.29192463306,"ROIC_YEARLY":-10.995950997365,"TOTAL_ASSETS":15735750000,"TOTAL_LIABILITIES":16580618000,"TAX_EBT":2.464484408236,"OCF_SALES":12.922391797378,"TOTAL_PARENT_EQUITY":-850618000,"DEBT_ASSET_RATIO":105.3690990261,"OPERATE_PROFIT":-732437000,"PRETAX_PROFIT":-1829267000,"NETCASH_OPERATE":453891000,"NETCASH_INVEST":-357344000,"NETCASH_FINANCE":-158424000,"END_CASH":152204000,"DIVI_RATIO":null,"DIVIDEND_RATE":null,"CURRENT_RATIO":0.536075583834,"COMMON_ACS":400000000,"CURRENTDEBT_DEBT":96.417992381225,"ISSUED_COMMON_SHARES":61543075,"HK_COMMON_SHARES":61543075,"PER_SHARES":80,"TOTAL_MARKET_CAP":42464721.75,"HKSK_MARKET_CAP":42464721.75,"PE_TTM":-0.021171023521,"PB_TTM":-0.005733287472,"REPORT_DATE_SQ":"2020-12-31 00:00:00","REPORT_TYPE_SQ":"2020年年报","OPERATE_INCOME_SQ":3515451000,"DPS_HKD":null,"OPERATE_INCOME_QOQ_SQ":0.4973911194,"NET_PROFIT_RATIO_SQ":-46.362301736,"HOLDER_PROFIT_SQ":-1573818000,"HOLDER_PROFIT_QOQ_SQ":-66.321585204756,"ROE_AVG_SQ":-83.766411586011,"PE_TTM_SQ":-0.016187125432,"PB_TTM_SQ":-0.009851541697,"ROA_SQ":-9.084603865034,"START_DATE":"2021-01-01 00:00:00","FISCAL_YEAR":"12-31","CURRENCY":"HKD","IS_CNY_CODE":0,"DPS_HKD_LY":null,"ORG_TYPE":"一般企业","PREMIUM_INCOME":null,"PREMIUM_INCOME_YOY":null,"NET_INTEREST_INCOME":null,"NET_INTEREST_INCOME_YOY":null,"FEE_COMMISSION_INCOME":null,"FEE_COMMISSION_INCOME_YOY":null,"ACCOUNTS_RECE_TDAYS":null,"INVENTORY_TDAYS":0.467282123011,"CURRENT_ASSETS_TDAYS":0.398966156793,"TOTAL_ASSETS_TDAYS":0.214642369557,"PREMIUM_EXPENSE":null,"LOAN_DEPOSIT":null,"LOAN_EQUITY":null,"LOAN_ASSETS":null,"DEPOSIT_EQUITY":null,"DEPOSIT_ASSETS":null,"EQUITY_MULTIPLIER":-18.625098832017,"EQUITY_RATIO":-19.49243726326},{"SECUCODE":"00377.HK","SECURITY_CODE":"00377","SECURITY_NAME_ABBR":"中国华君","ORG_CODE":"10008868","STD_REPORT_DATE":"2021-06-30 00:00:00","REPORT_DATE":"2021-06-30 00:00:00","DATE_TYPE_CODE":"002","REPORT_TYPE":"2021年中报","PER_NETCASH_OPERATE":5.178178048464,"PER_OI":25.752239386804,"BPS":2.545209188849,"BASIC_EPS":-10.26,"DILUTED_EPS":-10.26,"OPERATE_INCOME":1584872000,"OPERATE_INCOME_YOY":0.054987339,"GROSS_PROFIT":86026000,"GROSS_PROFIT_YOY":-36.812028528826,"HOLDER_PROFIT":-631180000,"HOLDER_PROFIT_YOY":-15.7820396408,"GROSS_PROFIT_RATIO":5.42794623162,"EPS_TTM":-26.970589298634,"OPERATE_INCOME_QOQ":0.024776337375,"NET_PROFIT_RATIO":-39.8119217199,"ROE_AVG":-100.120236920666,"GROSS_PROFIT_QOQ":-122.436664793687,"ROA":-3.608844235586,"HOLDER_PROFIT_QOQ":-5.466642267403,"ROE_YEARLY":-200.240473841332,"ROIC_YEARLY":-7.299420118907,"TOTAL_ASSETS":17987088000,"TOTAL_LIABILITIES":17818309000,"TAX_EBT":-5.412742724732,"OCF_SALES":20.107680620265,"TOTAL_PARENT_EQUITY":156640000,"DEBT_ASSET_RATIO":99.0616657905,"OPERATE_PROFIT":-22782000,"PRETAX_PROFIT":-598569000,"NETCASH_OPERATE":318681000,"NETCASH_INVEST":-278037000,"NETCASH_FINANCE":-106203000,"END_CASH":148522000,"DIVI_RATIO":null,"DIVIDEND_RATE":null,"CURRENT_RATIO":0.564717782622,"COMMON_ACS":400000000,"CURRENTDEBT_DEBT":96.806262592034,"ISSUED_COMMON_SHARES":61543075,"HK_COMMON_SHARES":61543075,"PER_SHARES":80,"TOTAL_MARKET_CAP":46157306.25,"HKSK_MARKET_CAP":46157306.25,"PE_TTM":-0.023011982088,"PB_TTM":-0.006231834209,"REPORT_DATE_SQ":"2020-06-30 00:00:00","REPORT_TYPE_SQ":"2020年中报","OPERATE_INCOME_SQ":1584001000,"DPS_HKD":null,"OPERATE_INCOME_QOQ_SQ":-5.447985542244,"NET_PROFIT_RATIO_SQ":-33.6829964122,"HOLDER_PROFIT_SQ":-545145000,"HOLDER_PROFIT_QOQ_SQ":-46.771416605916,"ROE_AVG_SQ":-22.839765311561,"PE_TTM_SQ":-0.021519354986,"PB_TTM_SQ":-0.013096755432,"ROA_SQ":-3.102212626574,"START_DATE":"2021-01-01 00:00:00","FISCAL_YEAR":"12-31","CURRENCY":"HKD","IS_CNY_CODE":0,"DPS_HKD_LY":null,"ORG_TYPE":"一般企业","PREMIUM_INCOME":null,"PREMIUM_INCOME_YOY":null,"NET_INTEREST_INCOME":null,"NET_INTEREST_INCOME_YOY":null,"FEE_COMMISSION_INCOME":null,"FEE_COMMISSION_INCOME_YOY":null,"ACCOUNTS_RECE_TDAYS":null,"INVENTORY_TDAYS":0.2012484189,"CURRENT_ASSETS_TDAYS":0.168795795548,"TOTAL_ASSETS_TDAYS":0.0906168792,"PREMIUM_EXPENSE":null,"LOAN_DEPOSIT":null,"LOAN_EQUITY":null,"LOAN_ASSETS":null,"DEPOSIT_EQUITY":null,"DEPOSIT_ASSETS":null,"EQUITY_MULTIPLIER":106.571836545622,"EQUITY_RATIO":113.753249489275},{"SECUCODE":"00377.HK","SECURITY_CODE":"00377","SECURITY_NAME_ABBR":"中国华君","ORG_CODE":"10008868","STD_REPORT_DATE":"2020-12-31 00:00:00","REPORT_DATE":"2020-12-31 00:00:00","DATE_TYPE_CODE":"001","REPORT_TYPE":"2020年年报","PER_NETCASH_OPERATE":-5.351812531304,"PER_OI":57.121796400326,"BPS":17.941969912943,"BASIC_EPS":-25.57,"DILUTED_EPS":-25.57,"OPERATE_INCOME":3515451000,"OPERATE_INCOME_YOY":-4.9776922191,"GROSS_PROFIT":40933000,"GROSS_PROFIT_YOY":-86.54413843433,"HOLDER_PROFIT":-1573818000,"HOLDER_PROFIT_YOY":-144.1125467264,"GROSS_PROFIT_RATIO":1.164374073199,"EPS_TTM":-25.572625352243,"OPERATE_INCOME_QOQ":0.4973911194,"NET_PROFIT_RATIO":-46.362301736,"ROE_AVG":-83.766411586011,"GROSS_PROFIT_QOQ":-86.204839579401,"ROA":-9.084603865034,"HOLDER_PROFIT_QOQ":-66.321585204756,"ROE_YEARLY":-83.766411586011,"ROIC_YEARLY":-9.236456931419,"TOTAL_ASSETS":16992532000,"TOTAL_LIABILITIES":15876405000,"TAX_EBT":1.309739057351,"OCF_SALES":-9.369125042562,"TOTAL_PARENT_EQUITY":1104204000,"DEBT_ASSET_RATIO":93.4316616264,"OPERATE_PROFIT":-753284000,"PRETAX_PROFIT":-1651474000,"NETCASH_OPERATE":-329367000,"NETCASH_INVEST":258146000,"NETCASH_FINANCE":22173000,"END_CASH":219083000,"DIVI_RATIO":null,"DIVIDEND_RATE":null,"CURRENT_RATIO":0.656884409722,"COMMON_ACS":400000000,"CURRENTDEBT_DEBT":86.65885633429,"ISSUED_COMMON_SHARES":61543075,"HK_COMMON_SHARES":61543075,"PER_SHARES":80,"TOTAL_MARKET_CAP":42464721.75,"HKSK_MARKET_CAP":42464721.75,"PE_TTM":-0.021171023521,"PB_TTM":-0.005733287472,"REPORT_DATE_SQ":"2019-12-31 00:00:00","REPORT_TYPE_SQ":"2019年年报","OPERATE_INCOME_SQ":3699606000,"DPS_HKD":null,"OPERATE_INCOME_QOQ_SQ":-7.412517408926,"NET_PROFIT_RATIO_SQ":-17.130337663,"HOLDER_PROFIT_SQ":-644710000,"HOLDER_PROFIT_QOQ_SQ":29.895317619196,"ROE_AVG_SQ":-24.693764911497,"PE_TTM_SQ":-0.016187125432,"PB_TTM_SQ":-0.009851541697,"ROA_SQ":-3.858456049025,"START_DATE":"2020-01-01 00:00:00","FISCAL_YEAR":"12-31","CURRENCY":"HKD","IS_CNY_CODE":0,"DPS_HKD_LY":null,"ORG_TYPE":"一般企业","PREMIUM_INCOME":null,"PREMIUM_INCOME_YOY":null,"NET_INTEREST_INCOME":null,"NET_INTEREST_INCOME_YOY":null,"FEE_COMMISSION_INCOME":null,"FEE_COMMISSION_INCOME_YOY":null,"ACCOUNTS_RECE_TDAYS":null,"INVENTORY_TDAYS":0.462836530501,"CURRENT_ASSETS_TDAYS":0.383564718297,"TOTAL_ASSETS_TDAYS":0.202923589271,"PREMIUM_EXPENSE":null,"LOAN_DEPOSIT":null,"LOAN_EQUITY":null,"LOAN_ASSETS":null,"DEPOSIT_EQUITY":null,"DEPOSIT_ASSETS":null,"EQUITY_MULTIPLIER":15.224550611145,"EQUITY_RATIO":14.378144799331},{"SECUCODE":"00377.HK","SECURITY_CODE":"00377","SECURITY_NAME_ABBR":"中国华君","ORG_CODE":"10008868","STD_REPORT_DATE":"2020-06-30 00:00:00","REPORT_DATE":"2020-06-30 00:00:00","DATE_TYPE_CODE":"002","REPORT_TYPE":"2020年中报","PER_NETCASH_OPERATE":5.832240264238,"PER_OI":25.738086697813,"BPS":34.450943505829,"BASIC_EPS":-8.86,"DILUTED_EPS":-8.86,"OPERATE_INCOME":1584001000,"OPERATE_INCOME_YOY":-11.2880308924,"GROSS_PROFIT":136143000,"GROSS_PROFIT_YOY":-5.209399477807,"HOLDER_PROFIT":-545145000,"HOLDER_PROFIT_YOY":-123.782352579,"GROSS_PROFIT_RATIO":8.594880937575,"EPS_TTM":-15.375409824745,"OPERATE_INCOME_QOQ":-5.447985542244,"NET_PROFIT_RATIO":-33.6829964122,"ROE_AVG":-22.839765311561,"GROSS_PROFIT_QOQ":-2.45954990434,"ROA":-3.102212626574,"HOLDER_PROFIT_QOQ":-46.771416605916,"ROE_YEARLY":-45.679530623121,"ROIC_YEARLY":-6.344920810262,"TOTAL_ASSETS":17490065000,"TOTAL_LIABILITIES":15290306000,"TAX_EBT":5.686335859376,"OCF_SALES":22.659960441944,"TOTAL_PARENT_EQUITY":2120217000,"DEBT_ASSET_RATIO":87.42280832,"OPERATE_PROFIT":-196782000,"PRETAX_PROFIT":-565707000,"NETCASH_OPERATE":358934000,"NETCASH_INVEST":598175000,"NETCASH_FINANCE":-869630000,"END_CASH":360057000,"DIVI_RATIO":null,"DIVIDEND_RATE":null,"CURRENT_RATIO":1.056492727692,"COMMON_ACS":400000000,"CURRENTDEBT_DEBT":56.744044232993,"ISSUED_COMMON_SHARES":61543075,"HK_COMMON_SHARES":61543075,"PER_SHARES":80,"TOTAL_MARKET_CAP":46157306.25,"HKSK_MARKET_CAP":46157306.25,"PE_TTM":-0.023011982088,"PB_TTM":-0.006231834209,"REPORT_DATE_SQ":"2019-06-30 00:00:00","REPORT_TYPE_SQ":"2019年中报","OPERATE_INCOME_SQ":1785555000,"DPS_HKD":null,"OPERATE_INCOME_QOQ_SQ":0,"NET_PROFIT_RATIO_SQ":-13.7117030839,"HOLDER_PROFIT_SQ":-243605000,"HOLDER_PROFIT_QOQ_SQ":0,"ROE_AVG_SQ":-8.520700662842,"PE_TTM_SQ":-0.021519354986,"PB_TTM_SQ":-0.013096755432,"ROA_SQ":-1.487344445266,"START_DATE":"2020-01-01 00:00:00","FISCAL_YEAR":"12-31","CURRENCY":"HKD","IS_CNY_CODE":0,"DPS_HKD_LY":null,"ORG_TYPE":"一般企业","PREMIUM_INCOME":null,"PREMIUM_INCOME_YOY":null,"NET_INTEREST_INCOME":null,"NET_INTEREST_INCOME_YOY":null,"FEE_COMMISSION_INCOME":null,"FEE_COMMISSION_INCOME_YOY":null,"ACCOUNTS_RECE_TDAYS":1.739941518669,"INVENTORY_TDAYS":0.186742425146,"CURRENT_ASSETS_TDAYS":0.171621038234,"TOTAL_ASSETS_TDAYS":0.090139465696,"PREMIUM_EXPENSE":null,"LOAN_DEPOSIT":null,"LOAN_EQUITY":null,"LOAN_ASSETS":null,"DEPOSIT_EQUITY":null,"DEPOSIT_ASSETS":null,"EQUITY_MULTIPLIER":7.950900530443,"EQUITY_RATIO":7.211670314878}],"count":45},"success":true,"message":"ok","code":0}