{"version":"3d6be5a75b7a06f368582b9bbedf2237","result":{"pages":6,"data":[{"SECUCODE":"00374.HK","SECURITY_CODE":"00374","SECURITY_NAME_ABBR":"四洲集团","ORG_CODE":"10008865","STD_REPORT_DATE":"2024-06-30 00:00:00","REPORT_DATE":"2024-09-30 00:00:00","DATE_TYPE_CODE":"002","REPORT_TYPE":"2024年中报","PER_NETCASH_OPERATE":0.072812742067,"PER_OI":4.027852181647,"BPS":2.88959289302,"BASIC_EPS":0.04779487,"DILUTED_EPS":0.04779487,"OPERATE_INCOME":1547587970.91,"OPERATE_INCOME_YOY":-12.2088106876,"GROSS_PROFIT":372889263.21,"GROSS_PROFIT_YOY":-11.622175202581,"HOLDER_PROFIT":18452426.98,"HOLDER_PROFIT_YOY":-32.3994846212,"GROSS_PROFIT_RATIO":24.094866994264,"EPS_TTM":0.081771300935,"OPERATE_INCOME_QOQ":0,"NET_PROFIT_RATIO":1.0648383659,"ROE_AVG":1.667192875606,"GROSS_PROFIT_QOQ":0,"ROA":0.697088576956,"HOLDER_PROFIT_QOQ":0,"ROE_YEARLY":3.334385751212,"ROIC_YEARLY":1.769327265232,"TOTAL_ASSETS":2653571182.4,"TOTAL_LIABILITIES":1522850969.42,"TAX_EBT":38.431993531215,"OCF_SALES":1.807731236987,"TOTAL_PARENT_EQUITY":1110145874.13,"DEBT_ASSET_RATIO":57.3887363384,"OPERATE_PROFIT":47612708.42,"PRETAX_PROFIT":26766028.99,"NETCASH_OPERATE":27976231.17,"NETCASH_INVEST":-39329767.27,"NETCASH_FINANCE":-45479073.28,"END_CASH":513907576.25,"DIVI_RATIO":1.051462420401,"DIVIDEND_RATE":3.725490196078,"CURRENT_RATIO":1.110753535048,"COMMON_ACS":1000000000,"CURRENTDEBT_DEBT":90.826423670781,"ISSUED_COMMON_SHARES":384187640,"HK_COMMON_SHARES":384187640,"PER_SHARES":2000,"TOTAL_MARKET_CAP":979678482,"HKSK_MARKET_CAP":979678482,"PE_TTM":39.423681368209,"PB_TTM":0.795809162445,"REPORT_DATE_SQ":"2023-06-30 00:00:00","REPORT_TYPE_SQ":"2023年中报","OPERATE_INCOME_SQ":1793769359.55,"DPS_HKD":0.095,"OPERATE_INCOME_QOQ_SQ":0,"NET_PROFIT_RATIO_SQ":1.4326895285,"HOLDER_PROFIT_SQ":27775742.47,"HOLDER_PROFIT_QOQ_SQ":0,"ROE_AVG_SQ":2.424703150296,"PE_TTM_SQ":76.113637083994,"PB_TTM_SQ":0.786371287153,"ROA_SQ":0.968265156673,"START_DATE":"2024-04-01 00:00:00","FISCAL_YEAR":"3-31","CURRENCY":"HKD","IS_CNY_CODE":0,"DPS_HKD_LY":0.095,"ORG_TYPE":"一般企业","PREMIUM_INCOME":null,"PREMIUM_INCOME_YOY":null,"NET_INTEREST_INCOME":null,"NET_INTEREST_INCOME_YOY":null,"FEE_COMMISSION_INCOME":null,"FEE_COMMISSION_INCOME_YOY":null,"ACCOUNTS_RECE_TDAYS":2.832073628379,"INVENTORY_TDAYS":4.471513039896,"CURRENT_ASSETS_TDAYS":1.002522181911,"TOTAL_ASSETS_TDAYS":0.584641737114,"PREMIUM_EXPENSE":null,"LOAN_DEPOSIT":null,"LOAN_EQUITY":null,"LOAN_ASSETS":null,"DEPOSIT_EQUITY":null,"DEPOSIT_ASSETS":null,"EQUITY_MULTIPLIER":2.346797334952,"EQUITY_RATIO":1.371757536471},{"SECUCODE":"00374.HK","SECURITY_CODE":"00374","SECURITY_NAME_ABBR":"四洲集团","ORG_CODE":"10008865","STD_REPORT_DATE":"2023-12-31 00:00:00","REPORT_DATE":"2024-03-31 00:00:00","DATE_TYPE_CODE":"001","REPORT_TYPE":"2023年年报","PER_NETCASH_OPERATE":0.797660082472,"PER_OI":9.197642158052,"BPS":2.887315421964,"BASIC_EPS":0.0815895,"DILUTED_EPS":0.0815895,"OPERATE_INCOME":3533933154.1,"OPERATE_INCOME_YOY":-6.086989621,"GROSS_PROFIT":826942218.3,"GROSS_PROFIT_YOY":7.428540012022,"HOLDER_PROFIT":31418303.35,"HOLDER_PROFIT_YOY":-14.9145634882,"GROSS_PROFIT_RATIO":23.400052639383,"EPS_TTM":0.027668485695,"OPERATE_INCOME_QOQ":0,"NET_PROFIT_RATIO":0.8541329868,"ROE_AVG":2.773853725378,"GROSS_PROFIT_QOQ":0,"ROA":1.123000777841,"HOLDER_PROFIT_QOQ":0,"ROE_YEARLY":2.773853725378,"ROIC_YEARLY":1.457617858668,"TOTAL_ASSETS":2654508036.65,"TOTAL_LIABILITIES":1521545361.05,"TAX_EBT":29.054802693258,"OCF_SALES":8.672440923067,"TOTAL_PARENT_EQUITY":1109270897.9,"DEBT_ASSET_RATIO":57.3192975889,"OPERATE_PROFIT":77302425.05,"PRETAX_PROFIT":42546204.6,"NETCASH_OPERATE":306478265.05,"NETCASH_INVEST":-60519464.9,"NETCASH_FINANCE":-329763908.35,"END_CASH":567445907,"DIVI_RATIO":3.1074866528,"DIVIDEND_RATE":3.653846153846,"CURRENT_RATIO":1.163080545549,"COMMON_ACS":1000000000,"CURRENTDEBT_DEBT":88.108372840417,"ISSUED_COMMON_SHARES":384187640,"HK_COMMON_SHARES":384187640,"PER_SHARES":2000,"TOTAL_MARKET_CAP":998887864,"HKSK_MARKET_CAP":998887864,"PE_TTM":40.19669472837,"PB_TTM":0.811413263669,"REPORT_DATE_SQ":"2022-12-31 00:00:00","REPORT_TYPE_SQ":"2022年年报","OPERATE_INCOME_SQ":3633727113.26,"DPS_HKD":0.095,"OPERATE_INCOME_QOQ_SQ":0,"NET_PROFIT_RATIO_SQ":1.0445480796,"HOLDER_PROFIT_SQ":35657200.12,"HOLDER_PROFIT_QOQ_SQ":0,"ROE_AVG_SQ":3.112283901541,"PE_TTM_SQ":24.053942404007,"PB_TTM_SQ":0.802098712896,"ROA_SQ":1.234993316719,"START_DATE":"2023-04-01 00:00:00","FISCAL_YEAR":"3-31","CURRENCY":"HKD","IS_CNY_CODE":0,"DPS_HKD_LY":0.095,"ORG_TYPE":"一般企业","PREMIUM_INCOME":null,"PREMIUM_INCOME_YOY":null,"NET_INTEREST_INCOME":null,"NET_INTEREST_INCOME_YOY":null,"FEE_COMMISSION_INCOME":null,"FEE_COMMISSION_INCOME_YOY":null,"ACCOUNTS_RECE_TDAYS":6.061691065735,"INVENTORY_TDAYS":9.836562186023,"CURRENT_ASSETS_TDAYS":2.133010062277,"TOTAL_ASSETS_TDAYS":1.263152130362,"PREMIUM_EXPENSE":null,"LOAN_DEPOSIT":null,"LOAN_EQUITY":null,"LOAN_ASSETS":null,"DEPOSIT_EQUITY":null,"DEPOSIT_ASSETS":null,"EQUITY_MULTIPLIER":2.34297924708,"EQUITY_RATIO":1.371662561355},{"SECUCODE":"00374.HK","SECURITY_CODE":"00374","SECURITY_NAME_ABBR":"四洲集团","ORG_CODE":"10008865","STD_REPORT_DATE":"2023-06-30 00:00:00","REPORT_DATE":"2023-09-30 00:00:00","DATE_TYPE_CODE":"002","REPORT_TYPE":"2023年中报","PER_NETCASH_OPERATE":0.26876542417,"PER_OI":4.668579727966,"BPS":2.917550601732,"BASIC_EPS":0.07249277,"DILUTED_EPS":0.07249277,"OPERATE_INCOME":1793769359.55,"OPERATE_INCOME_YOY":-7.470573116,"GROSS_PROFIT":421926274,"GROSS_PROFIT_YOY":-4.64728217081,"HOLDER_PROFIT":27775742.47,"HOLDER_PROFIT_YOY":-48.152652404,"GROSS_PROFIT_RATIO":23.52176837862,"EPS_TTM":0.092803726828,"OPERATE_INCOME_QOQ":0,"NET_PROFIT_RATIO":1.4326895285,"ROE_AVG":2.424703150296,"GROSS_PROFIT_QOQ":0,"ROA":0.968265156673,"HOLDER_PROFIT_QOQ":0,"ROE_YEARLY":4.849406300591,"ROIC_YEARLY":2.485564037208,"TOTAL_ASSETS":2760362261.09,"TOTAL_LIABILITIES":1616436444.42,"TAX_EBT":26.35232860862,"OCF_SALES":5.75689909632,"TOTAL_PARENT_EQUITY":1120886880.26,"DEBT_ASSET_RATIO":58.5588517567,"OPERATE_PROFIT":50836702,"PRETAX_PROFIT":34894716.01,"NETCASH_OPERATE":103265492.05,"NETCASH_INVEST":-26238712.22,"NETCASH_FINANCE":-192673853.47,"END_CASH":542403751.96,"DIVI_RATIO":0.92646548731,"DIVIDEND_RATE":3.653846153846,"CURRENT_RATIO":1.146659943463,"COMMON_ACS":1000000000,"CURRENTDEBT_DEBT":87.476710639704,"ISSUED_COMMON_SHARES":384187640,"HK_COMMON_SHARES":384187640,"PER_SHARES":2000,"TOTAL_MARKET_CAP":998887864,"HKSK_MARKET_CAP":998887864,"PE_TTM":40.19669472837,"PB_TTM":0.811413263669,"REPORT_DATE_SQ":"2022-06-30 00:00:00","REPORT_TYPE_SQ":"2022年中报","OPERATE_INCOME_SQ":1910728083.96,"DPS_HKD":0.095,"OPERATE_INCOME_QOQ_SQ":0,"NET_PROFIT_RATIO_SQ":2.8719464889,"HOLDER_PROFIT_SQ":52802111.64,"HOLDER_PROFIT_QOQ_SQ":0,"ROE_AVG_SQ":4.476344519275,"PE_TTM_SQ":77.635909825674,"PB_TTM_SQ":0.802098712896,"ROA_SQ":1.784391002948,"START_DATE":"2023-04-01 00:00:00","FISCAL_YEAR":"3-31","CURRENCY":"HKD","IS_CNY_CODE":0,"DPS_HKD_LY":0.095,"ORG_TYPE":"一般企业","PREMIUM_INCOME":null,"PREMIUM_INCOME_YOY":null,"NET_INTEREST_INCOME":null,"NET_INTEREST_INCOME_YOY":null,"FEE_COMMISSION_INCOME":null,"FEE_COMMISSION_INCOME_YOY":null,"ACCOUNTS_RECE_TDAYS":2.954923019946,"INVENTORY_TDAYS":4.544593703167,"CURRENT_ASSETS_TDAYS":1.0560425921,"TOTAL_ASSETS_TDAYS":0.625309790309,"PREMIUM_EXPENSE":null,"LOAN_DEPOSIT":null,"LOAN_EQUITY":null,"LOAN_ASSETS":null,"DEPOSIT_EQUITY":null,"DEPOSIT_ASSETS":null,"EQUITY_MULTIPLIER":2.413060550661,"EQUITY_RATIO":1.442104883987},{"SECUCODE":"00374.HK","SECURITY_CODE":"00374","SECURITY_NAME_ABBR":"四洲集团","ORG_CODE":"10008865","STD_REPORT_DATE":"2022-12-31 00:00:00","REPORT_DATE":"2023-03-31 00:00:00","DATE_TYPE_CODE":"001","REPORT_TYPE":"2022年年报","PER_NETCASH_OPERATE":0.681801631111,"PER_OI":9.457372347013,"BPS":2.905707321974,"BASIC_EPS":0.09279346,"DILUTED_EPS":0.09279346,"OPERATE_INCOME":3633727113.26,"OPERATE_INCOME_YOY":-12.2429796684,"GROSS_PROFIT":769760268.74,"GROSS_PROFIT_YOY":1.235105090736,"HOLDER_PROFIT":35657200.12,"HOLDER_PROFIT_YOY":222.3998733576,"GROSS_PROFIT_RATIO":21.183766550081,"EPS_TTM":0.130743741152,"OPERATE_INCOME_QOQ":0,"NET_PROFIT_RATIO":1.0445480796,"ROE_AVG":3.112283901541,"GROSS_PROFIT_QOQ":0,"ROA":1.234993316719,"HOLDER_PROFIT_QOQ":0,"ROE_YEARLY":3.112283901541,"ROIC_YEARLY":1.569077931731,"TOTAL_ASSETS":2839891318.7,"TOTAL_LIABILITIES":1697584567.08,"TAX_EBT":-44.680993059263,"OCF_SALES":7.209207865501,"TOTAL_PARENT_EQUITY":1116336838.56,"DEBT_ASSET_RATIO":59.7763920014,"OPERATE_PROFIT":44448942.75,"PRETAX_PROFIT":26234286.88,"NETCASH_OPERATE":261962940.86,"NETCASH_INVEST":-39684961.53,"NETCASH_FINANCE":-96099008.16,"END_CASH":643583923.8,"DIVI_RATIO":0.868174254458,"DIVIDEND_RATE":4.8828125,"CURRENT_RATIO":1.104494870686,"COMMON_ACS":1000000000,"CURRENTDEBT_DEBT":90.351528577941,"ISSUED_COMMON_SHARES":384187640,"HK_COMMON_SHARES":384187640,"PER_SHARES":2000,"TOTAL_MARKET_CAP":983520358.4,"HKSK_MARKET_CAP":983520358.4,"PE_TTM":39.578284040241,"PB_TTM":0.79892998269,"REPORT_DATE_SQ":"2021-12-31 00:00:00","REPORT_TYPE_SQ":"2021年年报","OPERATE_INCOME_SQ":3836057835.76,"DPS_HKD":0.125,"OPERATE_INCOME_QOQ_SQ":0,"NET_PROFIT_RATIO_SQ":0.4188604762,"HOLDER_PROFIT_SQ":10246300.34,"HOLDER_PROFIT_QOQ_SQ":0,"ROE_AVG_SQ":0.929105171852,"PE_TTM_SQ":24.053942404007,"PB_TTM_SQ":0.802098712896,"ROA_SQ":0.365510018689,"START_DATE":"2022-04-01 00:00:00","FISCAL_YEAR":"3-31","CURRENCY":"HKD","IS_CNY_CODE":0,"DPS_HKD_LY":0.095,"ORG_TYPE":"一般企业","PREMIUM_INCOME":null,"PREMIUM_INCOME_YOY":null,"NET_INTEREST_INCOME":null,"NET_INTEREST_INCOME_YOY":null,"FEE_COMMISSION_INCOME":null,"FEE_COMMISSION_INCOME_YOY":null,"ACCOUNTS_RECE_TDAYS":5.993639434639,"INVENTORY_TDAYS":8.791724163877,"CURRENT_ASSETS_TDAYS":2.139460471081,"TOTAL_ASSETS_TDAYS":1.25854769431,"PREMIUM_EXPENSE":null,"LOAN_DEPOSIT":null,"LOAN_EQUITY":null,"LOAN_ASSETS":null,"DEPOSIT_EQUITY":null,"DEPOSIT_ASSETS":null,"EQUITY_MULTIPLIER":2.486102191615,"EQUITY_RATIO":1.520674144616},{"SECUCODE":"00374.HK","SECURITY_CODE":"00374","SECURITY_NAME_ABBR":"四洲集团","ORG_CODE":"10008865","STD_REPORT_DATE":"2022-06-30 00:00:00","REPORT_DATE":"2022-09-30 00:00:00","DATE_TYPE_CODE":"002","REPORT_TYPE":"2022年中报","PER_NETCASH_OPERATE":0.344680703291,"PER_OI":4.972518136425,"BPS":2.98069886267,"BASIC_EPS":0.13747488,"DILUTED_EPS":0.13747488,"OPERATE_INCOME":1910728083.96,"OPERATE_INCOME_YOY":-10.2483644803,"GROSS_PROFIT":442490034.48,"GROSS_PROFIT_YOY":9.031285621531,"HOLDER_PROFIT":52802111.64,"HOLDER_PROFIT_YOY":279.6891259105,"GROSS_PROFIT_RATIO":23.158189707608,"EPS_TTM":0.026665183131,"OPERATE_INCOME_QOQ":0,"NET_PROFIT_RATIO":2.8719464889,"ROE_AVG":4.476344519275,"GROSS_PROFIT_QOQ":0,"ROA":1.784391002948,"HOLDER_PROFIT_QOQ":0,"ROE_YEARLY":8.952689038549,"ROIC_YEARLY":4.475482339377,"TOTAL_ASSETS":2886321283.2,"TOTAL_LIABILITIES":1714526105.88,"TAX_EBT":-30.221926510989,"OCF_SALES":6.931713345915,"TOTAL_PARENT_EQUITY":1145147661.6,"DEBT_ASSET_RATIO":59.4017760898,"OPERATE_PROFIT":49540701,"PRETAX_PROFIT":42139668.48,"NETCASH_OPERATE":132446193.6,"NETCASH_INVEST":-17768628.24,"NETCASH_FINANCE":-45387512.52,"END_CASH":593838119.64,"DIVI_RATIO":4.256799941831,"DIVIDEND_RATE":4.8828125,"CURRENT_RATIO":1.136161514696,"COMMON_ACS":1000000000,"CURRENTDEBT_DEBT":88.855010637361,"ISSUED_COMMON_SHARES":384187640,"HK_COMMON_SHARES":384187640,"PER_SHARES":2000,"TOTAL_MARKET_CAP":983520358.4,"HKSK_MARKET_CAP":983520358.4,"PE_TTM":39.578284040241,"PB_TTM":0.79892998269,"REPORT_DATE_SQ":"2021-06-30 00:00:00","REPORT_TYPE_SQ":"2021年中报","OPERATE_INCOME_SQ":1960889117.34,"DPS_HKD":0.125,"OPERATE_INCOME_QOQ_SQ":0,"NET_PROFIT_RATIO_SQ":0.995607601,"HOLDER_PROFIT_SQ":12809130.56,"HOLDER_PROFIT_QOQ_SQ":0,"ROE_AVG_SQ":1.114594218042,"PE_TTM_SQ":24.053942404007,"PB_TTM_SQ":0.802098712896,"ROA_SQ":0.429962839645,"START_DATE":"2022-04-01 00:00:00","FISCAL_YEAR":"3-31","CURRENCY":"HKD","IS_CNY_CODE":0,"DPS_HKD_LY":0.095,"ORG_TYPE":"一般企业","PREMIUM_INCOME":null,"PREMIUM_INCOME_YOY":null,"NET_INTEREST_INCOME":null,"NET_INTEREST_INCOME_YOY":null,"FEE_COMMISSION_INCOME":null,"FEE_COMMISSION_INCOME_YOY":null,"ACCOUNTS_RECE_TDAYS":3.002223306993,"INVENTORY_TDAYS":4.271484485492,"CURRENT_ASSETS_TDAYS":1.09492922328,"TOTAL_ASSETS_TDAYS":0.645710161242,"PREMIUM_EXPENSE":null,"LOAN_DEPOSIT":null,"LOAN_EQUITY":null,"LOAN_ASSETS":null,"DEPOSIT_EQUITY":null,"DEPOSIT_ASSETS":null,"EQUITY_MULTIPLIER":2.463161940808,"EQUITY_RATIO":1.497209629267},{"SECUCODE":"00374.HK","SECURITY_CODE":"00374","SECURITY_NAME_ABBR":"四洲集团","ORG_CODE":"10008865","STD_REPORT_DATE":"2021-12-31 00:00:00","REPORT_DATE":"2022-03-31 00:00:00","DATE_TYPE_CODE":"001","REPORT_TYPE":"2021年年报","PER_NETCASH_OPERATE":0.683355997164,"PER_OI":9.983035954106,"BPS":2.833524097313,"BASIC_EPS":0.02676333,"DILUTED_EPS":0.02676333,"OPERATE_INCOME":3836057835.76,"OPERATE_INCOME_YOY":3.2782607765,"GROSS_PROFIT":760368913.58,"GROSS_PROFIT_YOY":2.40741374367,"HOLDER_PROFIT":10246300.34,"HOLDER_PROFIT_YOY":-58.0641949082,"GROSS_PROFIT_RATIO":19.821622773562,"EPS_TTM":0.030958939164,"OPERATE_INCOME_QOQ":0,"NET_PROFIT_RATIO":0.4188604762,"ROE_AVG":0.929105171852,"GROSS_PROFIT_QOQ":0,"ROA":0.365510018689,"HOLDER_PROFIT_QOQ":0,"ROE_YEARLY":0.929105171852,"ROIC_YEARLY":0.443627697552,"TOTAL_ASSETS":2718700973.41,"TOTAL_LIABILITIES":1607058487.52,"TAX_EBT":56.195277261873,"OCF_SALES":6.845172153093,"TOTAL_PARENT_EQUITY":1088604935.83,"DEBT_ASSET_RATIO":59.1112631819,"OPERATE_PROFIT":58949883.87,"PRETAX_PROFIT":36680360.28,"NETCASH_OPERATE":262584762.75,"NETCASH_INVEST":-35042120.08,"NETCASH_FINANCE":-198671497.68,"END_CASH":495705532.2,"DIVI_RATIO":3.666416003446,"DIVIDEND_RATE":4.8828125,"CURRENT_RATIO":1.190351933095,"COMMON_ACS":1000000000,"CURRENTDEBT_DEBT":82.465108157646,"ISSUED_COMMON_SHARES":384187640,"HK_COMMON_SHARES":384187640,"PER_SHARES":2000,"TOTAL_MARKET_CAP":983520358.4,"HKSK_MARKET_CAP":983520358.4,"PE_TTM":39.578284040241,"PB_TTM":0.79892998269,"REPORT_DATE_SQ":"2020-12-31 00:00:00","REPORT_TYPE_SQ":"2020年年报","OPERATE_INCOME_SQ":3870786635.66,"DPS_HKD":0.125,"OPERATE_INCOME_QOQ_SQ":0,"NET_PROFIT_RATIO_SQ":0.6910289602,"HOLDER_PROFIT_SQ":25462737.86,"HOLDER_PROFIT_QOQ_SQ":0,"ROE_AVG_SQ":2.244387726975,"PE_TTM_SQ":24.053942404007,"PB_TTM_SQ":0.802098712896,"ROA_SQ":0.933502617894,"START_DATE":"2021-04-01 00:00:00","FISCAL_YEAR":"3-31","CURRENCY":"HKD","IS_CNY_CODE":0,"DPS_HKD_LY":0.095,"ORG_TYPE":"一般企业","PREMIUM_INCOME":null,"PREMIUM_INCOME_YOY":null,"NET_INTEREST_INCOME":null,"NET_INTEREST_INCOME_YOY":null,"FEE_COMMISSION_INCOME":null,"FEE_COMMISSION_INCOME_YOY":null,"ACCOUNTS_RECE_TDAYS":6.283991351165,"INVENTORY_TDAYS":9.202318282132,"CURRENT_ASSETS_TDAYS":2.388166951388,"TOTAL_ASSETS_TDAYS":1.368413500205,"PREMIUM_EXPENSE":null,"LOAN_DEPOSIT":null,"LOAN_EQUITY":null,"LOAN_ASSETS":null,"DEPOSIT_EQUITY":null,"DEPOSIT_ASSETS":null,"EQUITY_MULTIPLIER":2.445661269627,"EQUITY_RATIO":1.476255007327},{"SECUCODE":"00374.HK","SECURITY_CODE":"00374","SECURITY_NAME_ABBR":"四洲集团","ORG_CODE":"10008865","STD_REPORT_DATE":"2021-06-30 00:00:00","REPORT_DATE":"2021-09-30 00:00:00","DATE_TYPE_CODE":"002","REPORT_TYPE":"2021年中报","PER_NETCASH_OPERATE":0.262441744138,"PER_OI":5.103058243266,"BPS":2.996050748744,"BASIC_EPS":0.0333224,"DILUTED_EPS":0.0333224,"OPERATE_INCOME":1960889117.34,"OPERATE_INCOME_YOY":7.7232905538,"GROSS_PROFIT":405837674.9,"GROSS_PROFIT_YOY":-5.692351828737,"HOLDER_PROFIT":12809130.56,"HOLDER_PROFIT_YOY":-48.7739872068,"GROSS_PROFIT_RATIO":20.696615189059,"EPS_TTM":0.066264753669,"OPERATE_INCOME_QOQ":0,"NET_PROFIT_RATIO":0.995607601,"ROE_AVG":1.114594218042,"GROSS_PROFIT_QOQ":0,"ROA":0.429962839645,"HOLDER_PROFIT_QOQ":0,"ROE_YEARLY":2.229188436085,"ROIC_YEARLY":1.037623291998,"TOTAL_ASSETS":2991857515.42,"TOTAL_LIABILITIES":1833764994.4,"TAX_EBT":34.935310122716,"OCF_SALES":5.142832623642,"TOTAL_PARENT_EQUITY":1151045666.48,"DEBT_ASSET_RATIO":61.2918558103,"OPERATE_PROFIT":40812442.46,"PRETAX_PROFIT":30005155.08,"NETCASH_OPERATE":100845245.24,"NETCASH_INVEST":-31447181.94,"NETCASH_FINANCE":-20561586.92,"END_CASH":532082086.48,"DIVI_RATIO":1.712952115798,"DIVIDEND_RATE":4.8828125,"CURRENT_RATIO":1.174864450265,"COMMON_ACS":1000000000,"CURRENTDEBT_DEBT":81.557758354382,"ISSUED_COMMON_SHARES":384187640,"HK_COMMON_SHARES":384187640,"PER_SHARES":2000,"TOTAL_MARKET_CAP":983520358.4,"HKSK_MARKET_CAP":983520358.4,"PE_TTM":39.578284040241,"PB_TTM":0.79892998269,"REPORT_DATE_SQ":"2020-06-30 00:00:00","REPORT_TYPE_SQ":"2020年中报","OPERATE_INCOME_SQ":1920072618.88,"DPS_HKD":0.125,"OPERATE_INCOME_QOQ_SQ":0,"NET_PROFIT_RATIO_SQ":1.4269506961,"HOLDER_PROFIT_SQ":26375659.52,"HOLDER_PROFIT_QOQ_SQ":0,"ROE_AVG_SQ":2.262768687762,"PE_TTM_SQ":24.053942404007,"PB_TTM_SQ":0.802098712896,"ROA_SQ":0.893845698457,"START_DATE":"2021-04-01 00:00:00","FISCAL_YEAR":"3-31","CURRENCY":"HKD","IS_CNY_CODE":0,"DPS_HKD_LY":0.095,"ORG_TYPE":"一般企业","PREMIUM_INCOME":null,"PREMIUM_INCOME_YOY":null,"NET_INTEREST_INCOME":null,"NET_INTEREST_INCOME_YOY":null,"FEE_COMMISSION_INCOME":null,"FEE_COMMISSION_INCOME_YOY":null,"ACCOUNTS_RECE_TDAYS":3.012183284822,"INVENTORY_TDAYS":4.368047081123,"CURRENT_ASSETS_TDAYS":1.141186386567,"TOTAL_ASSETS_TDAYS":0.658209742786,"PREMIUM_EXPENSE":null,"LOAN_DEPOSIT":null,"LOAN_EQUITY":null,"LOAN_ASSETS":null,"DEPOSIT_EQUITY":null,"DEPOSIT_ASSETS":null,"EQUITY_MULTIPLIER":2.583435659171,"EQUITY_RATIO":1.593129662707},{"SECUCODE":"00374.HK","SECURITY_CODE":"00374","SECURITY_NAME_ABBR":"四洲集团","ORG_CODE":"10008865","STD_REPORT_DATE":"2020-12-31 00:00:00","REPORT_DATE":"2021-03-31 00:00:00","DATE_TYPE_CODE":"001","REPORT_TYPE":"2020年年报","PER_NETCASH_OPERATE":0.415263815288,"PER_OI":10.073414898556,"BPS":3.02999298244,"BASIC_EPS":0.06592404,"DILUTED_EPS":0.06592404,"OPERATE_INCOME":3870786635.66,"OPERATE_INCOME_YOY":56.4132215542,"GROSS_PROFIT":742494010.72,"GROSS_PROFIT_YOY":-4.687779826701,"HOLDER_PROFIT":25462737.86,"HOLDER_PROFIT_YOY":252.0951130856,"GROSS_PROFIT_RATIO":19.181992721575,"EPS_TTM":-0.02279035735,"OPERATE_INCOME_QOQ":0,"NET_PROFIT_RATIO":0.6910289602,"ROE_AVG":2.244387726975,"GROSS_PROFIT_QOQ":0,"ROA":0.933502617894,"HOLDER_PROFIT_QOQ":0,"ROE_YEARLY":2.244387726975,"ROIC_YEARLY":1.130028480454,"TOTAL_ASSETS":3009549906.02,"TOTAL_LIABILITIES":1845075270.08,"TAX_EBT":43.631668002494,"OCF_SALES":4.122373787539,"TOTAL_PARENT_EQUITY":1164085853.14,"DEBT_ASSET_RATIO":61.307349195,"OPERATE_PROFIT":62102136.04,"PRETAX_PROFIT":47452631.1,"NETCASH_OPERATE":159568293.64,"NETCASH_INVEST":258864265.94,"NETCASH_FINANCE":-367278040.08,"END_CASH":487860715.86,"DIVI_RATIO":-4.980542790869,"DIVIDEND_RATE":4.8828125,"CURRENT_RATIO":1.180063602888,"COMMON_ACS":1000000000,"CURRENTDEBT_DEBT":78.257864205041,"ISSUED_COMMON_SHARES":384187640,"HK_COMMON_SHARES":384187640,"PER_SHARES":2000,"TOTAL_MARKET_CAP":983520358.4,"HKSK_MARKET_CAP":983520358.4,"PE_TTM":39.578284040241,"PB_TTM":0.79892998269,"REPORT_DATE_SQ":"2019-12-31 00:00:00","REPORT_TYPE_SQ":"2019年年报","OPERATE_INCOME_SQ":2675347406.9,"DPS_HKD":0.125,"OPERATE_INCOME_QOQ_SQ":0,"NET_PROFIT_RATIO_SQ":-0.4876646026,"HOLDER_PROFIT_SQ":-18098569.6,"HOLDER_PROFIT_QOQ_SQ":0,"ROE_AVG_SQ":-1.443465074055,"PE_TTM_SQ":24.053942404007,"PB_TTM_SQ":0.802098712896,"ROA_SQ":-0.727221061362,"START_DATE":"2020-04-01 00:00:00","FISCAL_YEAR":"3-31","CURRENCY":"HKD","IS_CNY_CODE":0,"DPS_HKD_LY":0.095,"ORG_TYPE":"一般企业","PREMIUM_INCOME":null,"PREMIUM_INCOME_YOY":null,"NET_INTEREST_INCOME":null,"NET_INTEREST_INCOME_YOY":null,"FEE_COMMISSION_INCOME":null,"FEE_COMMISSION_INCOME_YOY":null,"ACCOUNTS_RECE_TDAYS":6.993046404637,"INVENTORY_TDAYS":9.697565870574,"CURRENT_ASSETS_TDAYS":2.485826485307,"TOTAL_ASSETS_TDAYS":1.419089132349,"PREMIUM_EXPENSE":null,"LOAN_DEPOSIT":null,"LOAN_EQUITY":null,"LOAN_ASSETS":null,"DEPOSIT_EQUITY":null,"DEPOSIT_ASSETS":null,"EQUITY_MULTIPLIER":2.584470123383,"EQUITY_RATIO":1.584999306626},{"SECUCODE":"00374.HK","SECURITY_CODE":"00374","SECURITY_NAME_ABBR":"四洲集团","ORG_CODE":"10008865","STD_REPORT_DATE":"2020-06-30 00:00:00","REPORT_DATE":"2020-09-30 00:00:00","DATE_TYPE_CODE":"002","REPORT_TYPE":"2020年中报","PER_NETCASH_OPERATE":0.324043996731,"PER_OI":4.996836546646,"BPS":3.077915309509,"BASIC_EPS":0.06854016,"DILUTED_EPS":0.06854016,"OPERATE_INCOME":1920072618.88,"OPERATE_INCOME_YOY":45.1294394885,"GROSS_PROFIT":430333788.16,"GROSS_PROFIT_YOY":6.035447398197,"HOLDER_PROFIT":26375659.52,"HOLDER_PROFIT_YOY":58.9409584326,"GROSS_PROFIT_RATIO":22.412370445188,"EPS_TTM":-0.04710009045,"OPERATE_INCOME_QOQ":0,"NET_PROFIT_RATIO":1.4269506961,"ROE_AVG":2.262768687762,"GROSS_PROFIT_QOQ":0,"ROA":0.893845698457,"HOLDER_PROFIT_QOQ":0,"ROE_YEARLY":4.525537375525,"ROIC_YEARLY":2.205519419626,"TOTAL_ASSETS":3358794723.84,"TOTAL_LIABILITIES":2167779393.28,"TAX_EBT":27.290534710725,"OCF_SALES":6.484982922814,"TOTAL_PARENT_EQUITY":1182497018.88,"DEBT_ASSET_RATIO":64.5403953357,"OPERATE_PROFIT":44668852.48,"PRETAX_PROFIT":37682149.76,"NETCASH_OPERATE":124516381.44,"NETCASH_INVEST":185797435.52,"NETCASH_FINANCE":-129453909.12,"END_CASH":630751367.04,"DIVI_RATIO":-2.40993910874,"DIVIDEND_RATE":4.8828125,"CURRENT_RATIO":1.24069587463,"COMMON_ACS":1000000000,"CURRENTDEBT_DEBT":71.809674524336,"ISSUED_COMMON_SHARES":384187640,"HK_COMMON_SHARES":384187640,"PER_SHARES":2000,"TOTAL_MARKET_CAP":983520358.4,"HKSK_MARKET_CAP":983520358.4,"PE_TTM":39.578284040241,"PB_TTM":0.79892998269,"REPORT_DATE_SQ":"2019-06-30 00:00:00","REPORT_TYPE_SQ":"2019年中报","OPERATE_INCOME_SQ":1358072570.07,"DPS_HKD":0.125,"OPERATE_INCOME_QOQ_SQ":0,"NET_PROFIT_RATIO_SQ":1.8302917029,"HOLDER_PROFIT_SQ":17034458.85,"HOLDER_PROFIT_QOQ_SQ":0,"ROE_AVG_SQ":1.34956720591,"PE_TTM_SQ":24.053942404007,"PB_TTM_SQ":0.802098712896,"ROA_SQ":0.682797709835,"START_DATE":"2020-04-01 00:00:00","FISCAL_YEAR":"3-31","CURRENCY":"HKD","IS_CNY_CODE":0,"DPS_HKD_LY":0.095,"ORG_TYPE":"一般企业","PREMIUM_INCOME":null,"PREMIUM_INCOME_YOY":null,"NET_INTEREST_INCOME":null,"NET_INTEREST_INCOME_YOY":null,"FEE_COMMISSION_INCOME":null,"FEE_COMMISSION_INCOME_YOY":null,"ACCOUNTS_RECE_TDAYS":3.200893874062,"INVENTORY_TDAYS":4.323204169817,"CURRENT_ASSETS_TDAYS":1.130218439791,"TOTAL_ASSETS_TDAYS":0.650694118117,"PREMIUM_EXPENSE":null,"LOAN_DEPOSIT":null,"LOAN_EQUITY":null,"LOAN_ASSETS":null,"DEPOSIT_EQUITY":null,"DEPOSIT_ASSETS":null,"EQUITY_MULTIPLIER":2.820110402998,"EQUITY_RATIO":1.833221867513}],"count":48},"success":true,"message":"ok","code":0}