{"version":"f53f6507c2db353a6d931111feb8fd1c","result":{"pages":6,"data":[{"SECUCODE":"00373.HK","SECURITY_CODE":"00373","SECURITY_NAME_ABBR":"联合集团","ORG_CODE":"10008864","STD_REPORT_DATE":"2024-06-30 00:00:00","REPORT_DATE":"2024-06-30 00:00:00","DATE_TYPE_CODE":"002","REPORT_TYPE":"2024年中报","PER_NETCASH_OPERATE":0.539319213067,"PER_OI":1.031857426146,"BPS":11.253077335609,"BASIC_EPS":-0.0547608,"DILUTED_EPS":-0.0547608,"OPERATE_INCOME":3625621300,"OPERATE_INCOME_YOY":9.8376973484,"GROSS_PROFIT":null,"GROSS_PROFIT_YOY":null,"HOLDER_PROFIT":-195130984,"HOLDER_PROFIT_YOY":-30.4453935326,"GROSS_PROFIT_RATIO":null,"EPS_TTM":-0.044869838565,"OPERATE_INCOME_QOQ":4.101696644481,"NET_PROFIT_RATIO":-2.7237256136,"ROE_AVG":-0.492277369977,"GROSS_PROFIT_QOQ":null,"ROA":-0.188573487432,"HOLDER_PROFIT_QOQ":-38.735011130061,"ROE_YEARLY":-0.984554739954,"ROIC_YEARLY":-0.578750934752,"TOTAL_ASSETS":103076527644,"TOTAL_LIABILITIES":41885166900,"TAX_EBT":296.370235934664,"OCF_SALES":52.266834487099,"TOTAL_PARENT_EQUITY":39539761836,"DEBT_ASSET_RATIO":40.6350192981,"OPERATE_PROFIT":323910132,"PRETAX_PROFIT":50288668,"NETCASH_OPERATE":1894997484,"NETCASH_INVEST":-1965821452,"NETCASH_FINANCE":-1765214388,"END_CASH":11559913612,"DIVI_RATIO":null,"DIVIDEND_RATE":null,"CURRENT_RATIO":1.510111002141,"COMMON_ACS":null,"CURRENTDEBT_DEBT":64.210709810971,"ISSUED_COMMON_SHARES":3513684360,"HK_COMMON_SHARES":3513684360,"PER_SHARES":2000,"TOTAL_MARKET_CAP":5094842322,"HKSK_MARKET_CAP":5094842322,"PE_TTM":-29.063561448945,"PB_TTM":0.11760214211,"REPORT_DATE_SQ":"2023-06-30 00:00:00","REPORT_TYPE_SQ":"2023年中报","OPERATE_INCOME_SQ":3334525066,"DPS_HKD":null,"OPERATE_INCOME_QOQ_SQ":4.004516820562,"NET_PROFIT_RATIO_SQ":-0.7133574806,"HOLDER_PROFIT_SQ":-151112522,"HOLDER_PROFIT_QOQ_SQ":33.651067220503,"ROE_AVG_SQ":-0.380888196881,"PE_TTM_SQ":-6.948855675356,"PB_TTM_SQ":0.125992756607,"ROA_SQ":-0.14603040533,"START_DATE":"2024-01-01 00:00:00","FISCAL_YEAR":"12-31","CURRENCY":"HKD","IS_CNY_CODE":0,"DPS_HKD_LY":null,"ORG_TYPE":"证券","PREMIUM_INCOME":null,"PREMIUM_INCOME_YOY":null,"NET_INTEREST_INCOME":null,"NET_INTEREST_INCOME_YOY":null,"FEE_COMMISSION_INCOME":null,"FEE_COMMISSION_INCOME_YOY":null,"ACCOUNTS_RECE_TDAYS":null,"INVENTORY_TDAYS":null,"CURRENT_ASSETS_TDAYS":0.091830707865,"TOTAL_ASSETS_TDAYS":0.035037800693,"PREMIUM_EXPENSE":null,"LOAN_DEPOSIT":null,"LOAN_EQUITY":null,"LOAN_ASSETS":null,"DEPOSIT_EQUITY":null,"DEPOSIT_ASSETS":null,"EQUITY_MULTIPLIER":1.684494778195,"EQUITY_RATIO":1.059317632558},{"SECUCODE":"00373.HK","SECURITY_CODE":"00373","SECURITY_NAME_ABBR":"联合集团","ORG_CODE":"10008864","STD_REPORT_DATE":"2023-12-31 00:00:00","REPORT_DATE":"2023-12-31 00:00:00","DATE_TYPE_CODE":"001","REPORT_TYPE":"2023年年报","PER_NETCASH_OPERATE":0.319939355623,"PER_OI":2.01980900413,"BPS":11.230142189551,"BASIC_EPS":-0.0362488,"DILUTED_EPS":-0.0362488,"OPERATE_INCOME":7096971308,"OPERATE_INCOME_YOY":-24.2537963053,"GROSS_PROFIT":null,"GROSS_PROFIT_YOY":null,"HOLDER_PROFIT":-113639988,"HOLDER_PROFIT_YOY":89.7255223269,"GROSS_PROFIT_RATIO":null,"EPS_TTM":-0.032342116239,"OPERATE_INCOME_QOQ":-26.114440782163,"NET_PROFIT_RATIO":3.2688918967,"ROE_AVG":-0.289416562521,"GROSS_PROFIT_QOQ":null,"ROA":-0.110452078419,"HOLDER_PROFIT_QOQ":84.289981187154,"ROE_YEARLY":-0.289416562521,"ROIC_YEARLY":-0.17100497469,"TOTAL_ASSETS":103136535712,"TOTAL_LIABILITIES":42062201300,"TAX_EBT":59.678689557411,"OCF_SALES":15.84007967924,"TOTAL_PARENT_EQUITY":39455821958,"DEBT_ASSET_RATIO":40.7819408031,"OPERATE_PROFIT":1475326160,"PRETAX_PROFIT":575359078,"NETCASH_OPERATE":1124165910,"NETCASH_INVEST":3066648480,"NETCASH_FINANCE":-1004454248,"END_CASH":13323246440,"DIVI_RATIO":null,"DIVIDEND_RATE":null,"CURRENT_RATIO":1.512639498884,"COMMON_ACS":null,"CURRENTDEBT_DEBT":59.847032209415,"ISSUED_COMMON_SHARES":3513684360,"HK_COMMON_SHARES":3513684360,"PER_SHARES":2000,"TOTAL_MARKET_CAP":4989431791.2,"HKSK_MARKET_CAP":4989431791.2,"PE_TTM":-28.462246384484,"PB_TTM":0.115168994342,"REPORT_DATE_SQ":"2022-12-31 00:00:00","REPORT_TYPE_SQ":"2022年年报","OPERATE_INCOME_SQ":9235518530,"DPS_HKD":null,"OPERATE_INCOME_QOQ_SQ":58.080303194082,"NET_PROFIT_RATIO_SQ":-10.9401296063,"HOLDER_PROFIT_SQ":-1090236035,"HOLDER_PROFIT_QOQ_SQ":-134.92263210492,"ROE_AVG_SQ":-2.732592178808,"PE_TTM_SQ":-7.129345433158,"PB_TTM_SQ":0.12926529574,"ROA_SQ":-1.045136987445,"START_DATE":"2023-01-01 00:00:00","FISCAL_YEAR":"12-31","CURRENCY":"HKD","IS_CNY_CODE":0,"DPS_HKD_LY":0.1175,"ORG_TYPE":"证券","PREMIUM_INCOME":null,"PREMIUM_INCOME_YOY":null,"NET_INTEREST_INCOME":null,"NET_INTEREST_INCOME_YOY":null,"FEE_COMMISSION_INCOME":null,"FEE_COMMISSION_INCOME_YOY":null,"ACCOUNTS_RECE_TDAYS":null,"INVENTORY_TDAYS":null,"CURRENT_ASSETS_TDAYS":0.185379860173,"TOTAL_ASSETS_TDAYS":0.06897882033,"PREMIUM_EXPENSE":null,"LOAN_DEPOSIT":null,"LOAN_EQUITY":null,"LOAN_ASSETS":null,"DEPOSIT_EQUITY":null,"DEPOSIT_ASSETS":null,"EQUITY_MULTIPLIER":1.688674052412,"EQUITY_RATIO":1.066058168672},{"SECUCODE":"00373.HK","SECURITY_CODE":"00373","SECURITY_NAME_ABBR":"联合集团","ORG_CODE":"10008864","STD_REPORT_DATE":"2023-06-30 00:00:00","REPORT_DATE":"2023-06-30 00:00:00","DATE_TYPE_CODE":"002","REPORT_TYPE":"2023年中报","PER_NETCASH_OPERATE":0.271239709762,"PER_OI":0.949010987999,"BPS":11.269292284979,"BASIC_EPS":-0.046099,"DILUTED_EPS":-0.046099,"OPERATE_INCOME":3334525066,"OPERATE_INCOME_YOY":4.3268814723,"GROSS_PROFIT":null,"GROSS_PROFIT_YOY":null,"HOLDER_PROFIT":-151112522,"HOLDER_PROFIT_YOY":72.9403995377,"GROSS_PROFIT_RATIO":null,"EPS_TTM":-0.205869366707,"OPERATE_INCOME_QOQ":4.004516820562,"NET_PROFIT_RATIO":-0.7133574806,"ROE_AVG":-0.380888196881,"GROSS_PROFIT_QOQ":null,"ROA":-0.14603040533,"HOLDER_PROFIT_QOQ":33.651067220503,"ROE_YEARLY":-0.761776393763,"ROIC_YEARLY":-0.455290740917,"TOTAL_ASSETS":102546119124,"TOTAL_LIABILITIES":41542943632,"TAX_EBT":112.709359605911,"OCF_SALES":28.581303398125,"TOTAL_PARENT_EQUITY":39596736050,"DEBT_ASSET_RATIO":40.5114732638,"OPERATE_PROFIT":939405422,"PRETAX_PROFIT":187161940,"NETCASH_OPERATE":953050726,"NETCASH_INVEST":1802102108,"NETCASH_FINANCE":-12815522,"END_CASH":12919705740,"DIVI_RATIO":null,"DIVIDEND_RATE":null,"CURRENT_RATIO":1.635930943302,"COMMON_ACS":null,"CURRENTDEBT_DEBT":57.912620066403,"ISSUED_COMMON_SHARES":3513684360,"HK_COMMON_SHARES":3513684360,"PER_SHARES":2000,"TOTAL_MARKET_CAP":4989431791.2,"HKSK_MARKET_CAP":4989431791.2,"PE_TTM":-28.462246384484,"PB_TTM":0.115168994342,"REPORT_DATE_SQ":"2022-06-30 00:00:00","REPORT_TYPE_SQ":"2022年中报","OPERATE_INCOME_SQ":2964687173,"DPS_HKD":null,"OPERATE_INCOME_QOQ_SQ":16.140571794127,"NET_PROFIT_RATIO_SQ":-16.2142671705,"HOLDER_PROFIT_SQ":-517988583,"HOLDER_PROFIT_QOQ_SQ":-42.915529430728,"ROE_AVG_SQ":-1.338134741354,"PE_TTM_SQ":-7.129345433158,"PB_TTM_SQ":0.12926529574,"ROA_SQ":-0.510050487167,"START_DATE":"2023-01-01 00:00:00","FISCAL_YEAR":"12-31","CURRENCY":"HKD","IS_CNY_CODE":0,"DPS_HKD_LY":0.1175,"ORG_TYPE":"证券","PREMIUM_INCOME":null,"PREMIUM_INCOME_YOY":null,"NET_INTEREST_INCOME":null,"NET_INTEREST_INCOME_YOY":null,"FEE_COMMISSION_INCOME":null,"FEE_COMMISSION_INCOME_YOY":null,"ACCOUNTS_RECE_TDAYS":null,"INVENTORY_TDAYS":null,"CURRENT_ASSETS_TDAYS":0.084937941076,"TOTAL_ASSETS_TDAYS":0.032223805184,"PREMIUM_EXPENSE":null,"LOAN_DEPOSIT":null,"LOAN_EQUITY":null,"LOAN_ASSETS":null,"DEPOSIT_EQUITY":null,"DEPOSIT_ASSETS":null,"EQUITY_MULTIPLIER":1.680996412022,"EQUITY_RATIO":1.049150707259},{"SECUCODE":"00373.HK","SECURITY_CODE":"00373","SECURITY_NAME_ABBR":"联合集团","ORG_CODE":"10008864","STD_REPORT_DATE":"2022-12-31 00:00:00","REPORT_DATE":"2022-12-31 00:00:00","DATE_TYPE_CODE":"001","REPORT_TYPE":"2022年年报","PER_NETCASH_OPERATE":3.150190915555,"PER_OI":2.62844284909,"BPS":10.960827857344,"BASIC_EPS":-0.3126445,"DILUTED_EPS":-0.3126445,"OPERATE_INCOME":9235518530,"OPERATE_INCOME_YOY":68.0427786627,"GROSS_PROFIT":null,"GROSS_PROFIT_YOY":null,"HOLDER_PROFIT":-1090236035,"HOLDER_PROFIT_YOY":-118.2466474308,"GROSS_PROFIT_RATIO":null,"EPS_TTM":-0.310282860752,"OPERATE_INCOME_QOQ":58.080303194082,"NET_PROFIT_RATIO":-10.9401296063,"ROE_AVG":-2.732592178808,"GROSS_PROFIT_QOQ":null,"ROA":-1.045136987445,"HOLDER_PROFIT_QOQ":-134.92263210492,"ROE_YEARLY":-2.732592178808,"ROIC_YEARLY":-1.581037396295,"TOTAL_ASSETS":101162827500,"TOTAL_LIABILITIES":40235828591,"TAX_EBT":-201.144834930777,"OCF_SALES":119.85008221298,"TOTAL_PARENT_EQUITY":38512889415,"DEBT_ASSET_RATIO":39.7733333333,"OPERATE_PROFIT":2290165626,"PRETAX_PROFIT":-335512212,"NETCASH_OPERATE":11068776551,"NETCASH_INVEST":-4030344913,"NETCASH_FINANCE":-5348722106,"END_CASH":10194979837,"DIVI_RATIO":null,"DIVIDEND_RATE":null,"CURRENT_RATIO":1.796761174709,"COMMON_ACS":null,"CURRENTDEBT_DEBT":52.478837030147,"ISSUED_COMMON_SHARES":3513684360,"HK_COMMON_SHARES":3513684360,"PER_SHARES":2000,"TOTAL_MARKET_CAP":4989431791.2,"HKSK_MARKET_CAP":4989431791.2,"PE_TTM":-28.462246384484,"PB_TTM":0.115168994342,"REPORT_DATE_SQ":"2021-12-31 00:00:00","REPORT_TYPE_SQ":"2021年年报","OPERATE_INCOME_SQ":5030365760,"DPS_HKD":null,"OPERATE_INCOME_QOQ_SQ":23.463265681623,"NET_PROFIT_RATIO_SQ":129.6573806196,"HOLDER_PROFIT_SQ":5468844640,"HOLDER_PROFIT_QOQ_SQ":61.717380657288,"ROE_AVG_SQ":16.072518441983,"PE_TTM_SQ":-7.129345433158,"PB_TTM_SQ":0.12926529574,"ROA_SQ":7.017140794966,"START_DATE":"2022-01-01 00:00:00","FISCAL_YEAR":"12-31","CURRENCY":"HKD","IS_CNY_CODE":0,"DPS_HKD_LY":0.1325,"ORG_TYPE":"证券","PREMIUM_INCOME":null,"PREMIUM_INCOME_YOY":null,"NET_INTEREST_INCOME":null,"NET_INTEREST_INCOME_YOY":null,"FEE_COMMISSION_INCOME":null,"FEE_COMMISSION_INCOME_YOY":null,"ACCOUNTS_RECE_TDAYS":null,"INVENTORY_TDAYS":null,"CURRENT_ASSETS_TDAYS":0.236686255074,"TOTAL_ASSETS_TDAYS":0.088534791587,"PREMIUM_EXPENSE":null,"LOAN_DEPOSIT":null,"LOAN_EQUITY":null,"LOAN_ASSETS":null,"DEPOSIT_EQUITY":null,"DEPOSIT_ASSETS":null,"EQUITY_MULTIPLIER":1.660394066858,"EQUITY_RATIO":1.044736689513},{"SECUCODE":"00373.HK","SECURITY_CODE":"00373","SECURITY_NAME_ABBR":"联合集团","ORG_CODE":"10008864","STD_REPORT_DATE":"2022-06-30 00:00:00","REPORT_DATE":"2022-06-30 00:00:00","DATE_TYPE_CODE":"002","REPORT_TYPE":"2022年中报","PER_NETCASH_OPERATE":0.70312473685,"PER_OI":0.843754551988,"BPS":10.785610730271,"BASIC_EPS":-0.1453823,"DILUTED_EPS":-0.1453823,"OPERATE_INCOME":2964687173,"OPERATE_INCOME_YOY":33.99427953,"GROSS_PROFIT":null,"GROSS_PROFIT_YOY":null,"HOLDER_PROFIT":-517988583,"HOLDER_PROFIT_YOY":-127.555616214,"GROSS_PROFIT_RATIO":null,"EPS_TTM":0.888486468659,"OPERATE_INCOME_QOQ":16.140571794127,"NET_PROFIT_RATIO":-16.2142671705,"ROE_AVG":-1.338134741354,"GROSS_PROFIT_QOQ":null,"ROA":-0.510050487167,"HOLDER_PROFIT_QOQ":-42.915529430728,"ROE_YEARLY":-2.676269482707,"ROIC_YEARLY":-1.508892488608,"TOTAL_ASSETS":100226557620,"TOTAL_LIABILITIES":39906244084,"TAX_EBT":-48.743053717915,"OCF_SALES":83.332852568725,"TOTAL_PARENT_EQUITY":37897231736,"DEBT_ASSET_RATIO":39.8160378163,"OPERATE_PROFIT":798234346,"PRETAX_PROFIT":-323176301,"NETCASH_OPERATE":2470558391,"NETCASH_INVEST":-521152786,"NETCASH_FINANCE":-396209527,"END_CASH":10018465331,"DIVI_RATIO":null,"DIVIDEND_RATE":null,"CURRENT_RATIO":1.629433884785,"COMMON_ACS":null,"CURRENTDEBT_DEBT":56.361489469308,"ISSUED_COMMON_SHARES":3513684360,"HK_COMMON_SHARES":3513684360,"PER_SHARES":2000,"TOTAL_MARKET_CAP":4989431791.2,"HKSK_MARKET_CAP":4989431791.2,"PE_TTM":-28.462246384484,"PB_TTM":0.115168994342,"REPORT_DATE_SQ":"2021-06-30 00:00:00","REPORT_TYPE_SQ":"2021年中报","OPERATE_INCOME_SQ":2152757376,"DPS_HKD":null,"OPERATE_INCOME_QOQ_SQ":-2.499366781599,"NET_PROFIT_RATIO_SQ":125.5836425479,"HOLDER_PROFIT_SQ":1828995048,"HOLDER_PROFIT_QOQ_SQ":97.242351331613,"ROE_AVG_SQ":5.6320525566,"PE_TTM_SQ":-7.129345433158,"PB_TTM_SQ":0.12926529574,"ROA_SQ":3.041346876258,"START_DATE":"2022-01-01 00:00:00","FISCAL_YEAR":"12-31","CURRENCY":"HKD","IS_CNY_CODE":0,"DPS_HKD_LY":0.1325,"ORG_TYPE":"证券","PREMIUM_INCOME":null,"PREMIUM_INCOME_YOY":null,"NET_INTEREST_INCOME":null,"NET_INTEREST_INCOME_YOY":null,"FEE_COMMISSION_INCOME":null,"FEE_COMMISSION_INCOME_YOY":null,"ACCOUNTS_RECE_TDAYS":null,"INVENTORY_TDAYS":null,"CURRENT_ASSETS_TDAYS":0.079015806808,"TOTAL_ASSETS_TDAYS":0.029192537954,"PREMIUM_EXPENSE":null,"LOAN_DEPOSIT":null,"LOAN_EQUITY":null,"LOAN_ASSETS":null,"DEPOSIT_EQUITY":null,"DEPOSIT_ASSETS":null,"EQUITY_MULTIPLIER":1.66157222575,"EQUITY_RATIO":1.053012113444},{"SECUCODE":"00373.HK","SECURITY_CODE":"00373","SECURITY_NAME_ABBR":"联合集团","ORG_CODE":"10008864","STD_REPORT_DATE":"2021-12-31 00:00:00","REPORT_DATE":"2021-12-31 00:00:00","DATE_TYPE_CODE":"001","REPORT_TYPE":"2021年年报","PER_NETCASH_OPERATE":-0.233714148308,"PER_OI":1.431080482564,"BPS":10.753685615631,"BASIC_EPS":1.55344,"DILUTED_EPS":1.55344,"OPERATE_INCOME":5030365760,"OPERATE_INCOME_YOY":23.9169402429,"GROSS_PROFIT":null,"GROSS_PROFIT_YOY":null,"HOLDER_PROFIT":5468844640,"HOLDER_PROFIT_YOY":228.3540326935,"GROSS_PROFIT_RATIO":null,"EPS_TTM":1.555822618051,"OPERATE_INCOME_QOQ":23.463265681623,"NET_PROFIT_RATIO":129.6573806196,"ROE_AVG":16.072518441983,"GROSS_PROFIT_QOQ":null,"ROA":7.017140794966,"HOLDER_PROFIT_QOQ":61.717380657288,"ROE_YEARLY":16.072518441983,"ROIC_YEARLY":10.114735692062,"TOTAL_ASSETS":98363739040,"TOTAL_LIABILITIES":37985696000,"TAX_EBT":7.360267561636,"OCF_SALES":-16.331307089686,"TOTAL_PARENT_EQUITY":37785056960,"DEBT_ASSET_RATIO":38.6175803916,"OPERATE_PROFIT":1837883040,"PRETAX_PROFIT":7040435360,"NETCASH_OPERATE":-787267040,"NETCASH_INVEST":2082836000,"NETCASH_FINANCE":400869280,"END_CASH":8271005120,"DIVI_RATIO":null,"DIVIDEND_RATE":null,"CURRENT_RATIO":1.672107211764,"COMMON_ACS":null,"CURRENTDEBT_DEBT":57.786913473956,"ISSUED_COMMON_SHARES":3513684360,"HK_COMMON_SHARES":3513684360,"PER_SHARES":2000,"TOTAL_MARKET_CAP":4989431791.2,"HKSK_MARKET_CAP":4989431791.2,"PE_TTM":-28.462246384484,"PB_TTM":0.115168994342,"REPORT_DATE_SQ":"2020-12-31 00:00:00","REPORT_TYPE_SQ":"2020年年报","OPERATE_INCOME_SQ":4178826764,"DPS_HKD":null,"OPERATE_INCOME_QOQ_SQ":-17.327608551286,"NET_PROFIT_RATIO_SQ":73.6400072506,"HOLDER_PROFIT_SQ":1714504844,"HOLDER_PROFIT_QOQ_SQ":23.133667591017,"ROE_AVG_SQ":6.255911653789,"PE_TTM_SQ":-7.129345433158,"PB_TTM_SQ":0.12926529574,"ROA_SQ":2.927290506747,"START_DATE":"2021-01-01 00:00:00","FISCAL_YEAR":"12-31","CURRENCY":"HKD","IS_CNY_CODE":0,"DPS_HKD_LY":0.125,"ORG_TYPE":"证券","PREMIUM_INCOME":null,"PREMIUM_INCOME_YOY":null,"NET_INTEREST_INCOME":null,"NET_INTEREST_INCOME_YOY":null,"FEE_COMMISSION_INCOME":null,"FEE_COMMISSION_INCOME_YOY":null,"ACCOUNTS_RECE_TDAYS":null,"INVENTORY_TDAYS":null,"CURRENT_ASSETS_TDAYS":0.174342771729,"TOTAL_ASSETS_TDAYS":0.064545232333,"PREMIUM_EXPENSE":null,"LOAN_DEPOSIT":null,"LOAN_EQUITY":null,"LOAN_ASSETS":null,"DEPOSIT_EQUITY":null,"DEPOSIT_ASSETS":null,"EQUITY_MULTIPLIER":1.629130957006,"EQUITY_RATIO":1.005310010256},{"SECUCODE":"00373.HK","SECURITY_CODE":"00373","SECURITY_NAME_ABBR":"联合集团","ORG_CODE":"10008864","STD_REPORT_DATE":"2021-06-30 00:00:00","REPORT_DATE":"2021-06-30 00:00:00","DATE_TYPE_CODE":"002","REPORT_TYPE":"2021年中报","PER_NETCASH_OPERATE":0.101598966802,"PER_OI":0.612434405662,"BPS":9.718118161302,"BASIC_EPS":0.5242104,"DILUTED_EPS":0.5158896,"OPERATE_INCOME":2152757376,"OPERATE_INCOME_YOY":4.6983124924,"GROSS_PROFIT":null,"GROSS_PROFIT_YOY":null,"HOLDER_PROFIT":1828995048,"HOLDER_PROFIT_YOY":1141.1631846414,"GROSS_PROFIT_RATIO":null,"EPS_TTM":0.962062711953,"OPERATE_INCOME_QOQ":-2.499366781599,"NET_PROFIT_RATIO":125.5836425479,"ROE_AVG":5.6320525566,"GROSS_PROFIT_QOQ":null,"ROA":3.041346876258,"HOLDER_PROFIT_QOQ":97.242351331613,"ROE_YEARLY":11.2641051132,"ROIC_YEARLY":8.105723623256,"TOTAL_ASSETS":61749572088,"TOTAL_LIABILITIES":19325390832,"TAX_EBT":7.952291914556,"OCF_SALES":16.589363017934,"TOTAL_PARENT_EQUITY":34146399792,"DEBT_ASSET_RATIO":31.2963963612,"OPERATE_PROFIT":795718104,"PRETAX_PROFIT":2937075984,"NETCASH_OPERATE":357128736,"NETCASH_INVEST":-17889720,"NETCASH_FINANCE":-1708676280,"END_CASH":5224963152,"DIVI_RATIO":null,"DIVIDEND_RATE":null,"CURRENT_RATIO":1.8455851364,"COMMON_ACS":null,"CURRENTDEBT_DEBT":60.275818715716,"ISSUED_COMMON_SHARES":3513684360,"HK_COMMON_SHARES":3513684360,"PER_SHARES":2000,"TOTAL_MARKET_CAP":4989431791.2,"HKSK_MARKET_CAP":4989431791.2,"PE_TTM":-28.462246384484,"PB_TTM":0.115168994342,"REPORT_DATE_SQ":"2020-06-30 00:00:00","REPORT_TYPE_SQ":"2020年中报","OPERATE_INCOME_SQ":2257201584,"DPS_HKD":null,"OPERATE_INCOME_QOQ_SQ":-1.127156816741,"NET_PROFIT_RATIO_SQ":27.6799805755,"HOLDER_PROFIT_SQ":161770224,"HOLDER_PROFIT_QOQ_SQ":-38.578576939921,"ROE_AVG_SQ":0.635386469964,"PE_TTM_SQ":-7.129345433158,"PB_TTM_SQ":0.12926529574,"ROA_SQ":0.253518989589,"START_DATE":"2021-01-01 00:00:00","FISCAL_YEAR":"12-31","CURRENCY":"HKD","IS_CNY_CODE":0,"DPS_HKD_LY":0.125,"ORG_TYPE":"证券","PREMIUM_INCOME":null,"PREMIUM_INCOME_YOY":null,"NET_INTEREST_INCOME":1756687296,"NET_INTEREST_INCOME_YOY":null,"FEE_COMMISSION_INCOME":null,"FEE_COMMISSION_INCOME_YOY":null,"ACCOUNTS_RECE_TDAYS":6.181340341656,"INVENTORY_TDAYS":null,"CURRENT_ASSETS_TDAYS":0.10042503639,"TOTAL_ASSETS_TDAYS":0.03579715499,"PREMIUM_EXPENSE":null,"LOAN_DEPOSIT":null,"LOAN_EQUITY":null,"LOAN_ASSETS":null,"DEPOSIT_EQUITY":null,"DEPOSIT_ASSETS":null,"EQUITY_MULTIPLIER":1.455527726402,"EQUITY_RATIO":0.565956907601},{"SECUCODE":"00373.HK","SECURITY_CODE":"00373","SECURITY_NAME_ABBR":"联合集团","ORG_CODE":"10008864","STD_REPORT_DATE":"2020-12-31 00:00:00","REPORT_DATE":"2020-12-31 00:00:00","DATE_TYPE_CODE":"001","REPORT_TYPE":"2020年年报","PER_NETCASH_OPERATE":0.548884873355,"PER_OI":1.188827553958,"BPS":8.867332584194,"BASIC_EPS":0.4881512,"DILUTED_EPS":0.4881512,"OPERATE_INCOME":4178826764,"OPERATE_INCOME_YOY":-13.0013491966,"GROSS_PROFIT":null,"GROSS_PROFIT_YOY":null,"HOLDER_PROFIT":1714504844,"HOLDER_PROFIT_YOY":-19.5044849251,"GROSS_PROFIT_RATIO":null,"EPS_TTM":0.487756663545,"OPERATE_INCOME_QOQ":-17.327608551286,"NET_PROFIT_RATIO":73.6400072506,"ROE_AVG":6.255911653789,"GROSS_PROFIT_QOQ":null,"ROA":2.927290506747,"HOLDER_PROFIT_QOQ":23.133667591017,"ROE_YEARLY":6.255911653789,"ROIC_YEARLY":4.447107775398,"TOTAL_ASSETS":59198180188,"TOTAL_LIABILITIES":17986940932,"TAX_EBT":7.259353202283,"OCF_SALES":46.170268473948,"TOTAL_PARENT_EQUITY":31157007816,"DEBT_ASSET_RATIO":30.3842801837,"OPERATE_PROFIT":1022676764,"PRETAX_PROFIT":3318165700,"NETCASH_OPERATE":1929375536,"NETCASH_INVEST":915956812,"NETCASH_FINANCE":-2153335940,"END_CASH":6640792092,"DIVI_RATIO":null,"DIVIDEND_RATE":null,"CURRENT_RATIO":2.009803307932,"COMMON_ACS":null,"CURRENTDEBT_DEBT":59.806375840496,"ISSUED_COMMON_SHARES":3513684360,"HK_COMMON_SHARES":3513684360,"PER_SHARES":2000,"TOTAL_MARKET_CAP":4989431791.2,"HKSK_MARKET_CAP":4989431791.2,"PE_TTM":-28.462246384484,"PB_TTM":0.115168994342,"REPORT_DATE_SQ":"2019-12-31 00:00:00","REPORT_TYPE_SQ":"2019年年报","OPERATE_INCOME_SQ":5112306038,"DPS_HKD":null,"OPERATE_INCOME_QOQ_SQ":5.112177072295,"NET_PROFIT_RATIO_SQ":78.5688002663,"HOLDER_PROFIT_SQ":2266950446,"HOLDER_PROFIT_QOQ_SQ":64.851343858263,"ROE_AVG_SQ":9.314522955973,"PE_TTM_SQ":-7.129345433158,"PB_TTM_SQ":0.12926529574,"ROA_SQ":3.747783236641,"START_DATE":"2020-01-01 00:00:00","FISCAL_YEAR":"12-31","CURRENCY":"HKD","IS_CNY_CODE":0,"DPS_HKD_LY":2.5,"ORG_TYPE":"证券","PREMIUM_INCOME":null,"PREMIUM_INCOME_YOY":null,"NET_INTEREST_INCOME":3463348600,"NET_INTEREST_INCOME_YOY":null,"FEE_COMMISSION_INCOME":null,"FEE_COMMISSION_INCOME_YOY":null,"ACCOUNTS_RECE_TDAYS":9.294459004118,"INVENTORY_TDAYS":null,"CURRENT_ASSETS_TDAYS":0.19100542229,"TOTAL_ASSETS_TDAYS":0.071347946076,"PREMIUM_EXPENSE":null,"LOAN_DEPOSIT":null,"LOAN_EQUITY":null,"LOAN_ASSETS":null,"DEPOSIT_EQUITY":null,"DEPOSIT_ASSETS":null,"EQUITY_MULTIPLIER":1.436457171798,"EQUITY_RATIO":0.577300010265},{"SECUCODE":"00373.HK","SECURITY_CODE":"00373","SECURITY_NAME_ABBR":"联合集团","ORG_CODE":"10008864","STD_REPORT_DATE":"2020-06-30 00:00:00","REPORT_DATE":"2020-06-30 00:00:00","DATE_TYPE_CODE":"002","REPORT_TYPE":"2020年中报","PER_NETCASH_OPERATE":11.205814159074,"PER_OI":12.842951332725,"BPS":7.185316308833,"BASIC_EPS":0.045672,"DILUTED_EPS":0.045672,"OPERATE_INCOME":2257201584,"OPERATE_INCOME_YOY":-6.0953828615,"GROSS_PROFIT":null,"GROSS_PROFIT_YOY":null,"HOLDER_PROFIT":161770224,"HOLDER_PROFIT_YOY":-84.9673202614,"GROSS_PROFIT_RATIO":null,"EPS_TTM":7.922393169758,"OPERATE_INCOME_QOQ":-1.127156816741,"NET_PROFIT_RATIO":27.6799805755,"ROE_AVG":0.635386469964,"GROSS_PROFIT_QOQ":null,"ROA":0.253518989589,"HOLDER_PROFIT_QOQ":-38.578576939921,"ROE_YEARLY":1.270772939927,"ROIC_YEARLY":0.878742470403,"TOTAL_ASSETS":64735675488,"TOTAL_LIABILITIES":20909281008,"TAX_EBT":12.025723472669,"OCF_SALES":87.252640524463,"TOTAL_PARENT_EQUITY":25246933536,"DEBT_ASSET_RATIO":32.299471428,"OPERATE_PROFIT":650095248,"PRETAX_PROFIT":710199600,"NETCASH_OPERATE":1969467984,"NETCASH_INVEST":546511152,"NETCASH_FINANCE":1212956976,"END_CASH":10001619936,"DIVI_RATIO":null,"DIVIDEND_RATE":null,"CURRENT_RATIO":2.051408170252,"COMMON_ACS":null,"CURRENTDEBT_DEBT":62.527139842818,"ISSUED_COMMON_SHARES":3513684360,"HK_COMMON_SHARES":3513684360,"PER_SHARES":2000,"TOTAL_MARKET_CAP":4989431791.2,"HKSK_MARKET_CAP":4989431791.2,"PE_TTM":-28.462246384484,"PB_TTM":0.115168994342,"REPORT_DATE_SQ":"2019-06-30 00:00:00","REPORT_TYPE_SQ":"2019年中报","OPERATE_INCOME_SQ":2314825290,"DPS_HKD":null,"OPERATE_INCOME_QOQ_SQ":2.660693673317,"NET_PROFIT_RATIO_SQ":82.8842865286,"HOLDER_PROFIT_SQ":1036327446,"HOLDER_PROFIT_QOQ_SQ":-7.587253727941,"ROE_AVG_SQ":4.432404977567,"PE_TTM_SQ":-7.129345433158,"PB_TTM_SQ":0.12926529574,"ROA_SQ":1.771080914089,"START_DATE":"2020-01-01 00:00:00","FISCAL_YEAR":"12-31","CURRENCY":"HKD","IS_CNY_CODE":0,"DPS_HKD_LY":2.5,"ORG_TYPE":"证券","PREMIUM_INCOME":null,"PREMIUM_INCOME_YOY":null,"NET_INTEREST_INCOME":1899681168,"NET_INTEREST_INCOME_YOY":null,"FEE_COMMISSION_INCOME":null,"FEE_COMMISSION_INCOME_YOY":null,"ACCOUNTS_RECE_TDAYS":4.655425772419,"INVENTORY_TDAYS":null,"CURRENT_ASSETS_TDAYS":0.088788522275,"TOTAL_ASSETS_TDAYS":0.035373843883,"PREMIUM_EXPENSE":null,"LOAN_DEPOSIT":null,"LOAN_EQUITY":null,"LOAN_ASSETS":null,"DEPOSIT_EQUITY":null,"DEPOSIT_ASSETS":null,"EQUITY_MULTIPLIER":1.477093341947,"EQUITY_RATIO":0.828190915866}],"count":47},"success":true,"message":"ok","code":0}