{"version":"050c8f5462235be24091ff63a4732366","result":{"pages":6,"data":[{"SECUCODE":"00371.HK","SECURITY_CODE":"00371","SECURITY_NAME_ABBR":"北控水务集团","ORG_CODE":"10008862","STD_REPORT_DATE":"2024-06-30 00:00:00","REPORT_DATE":"2024-06-30 00:00:00","DATE_TYPE_CODE":"002","REPORT_TYPE":"2024年中报","PER_NETCASH_OPERATE":0.025072636763,"PER_OI":1.125634531967,"BPS":2.806320575997,"BASIC_EPS":0.1066,"DILUTED_EPS":0.1066,"OPERATE_INCOME":11308811000,"OPERATE_INCOME_YOY":-6.407978487,"GROSS_PROFIT":4293515000,"GROSS_PROFIT_YOY":-3.092497532462,"HOLDER_PROFIT":1122088000,"HOLDER_PROFIT_YOY":-18.0810568905,"GROSS_PROFIT_RATIO":37.966104482602,"EPS_TTM":0.164036926004,"OPERATE_INCOME_QOQ":-3.157837553275,"NET_PROFIT_RATIO":15.6319439771,"ROE_AVG":3.558493235207,"GROSS_PROFIT_QOQ":-1.52225041616,"ROA":0.678378433427,"HOLDER_PROFIT_QOQ":-13.064750873169,"ROE_YEARLY":7.116986470414,"ROIC_YEARLY":1.694855514741,"TOTAL_ASSETS":165321569000,"TOTAL_LIABILITIES":109565940000,"TAX_EBT":20.039415186109,"OCF_SALES":2.227422493841,"TOTAL_PARENT_EQUITY":31682937000,"DEBT_ASSET_RATIO":66.2744375478,"OPERATE_PROFIT":3451663000,"PRETAX_PROFIT":2210823000,"NETCASH_OPERATE":251895000,"NETCASH_INVEST":-215308000,"NETCASH_FINANCE":-1244409000,"END_CASH":8953539000,"DIVI_RATIO":0.870101284369,"DIVIDEND_RATE":6.885964912281,"CURRENT_RATIO":0.891393420703,"COMMON_ACS":15000000000,"CURRENTDEBT_DEBT":40.95558163422,"ISSUED_COMMON_SHARES":10046609871,"HK_COMMON_SHARES":10046609871,"PER_SHARES":2000,"TOTAL_MARKET_CAP":22906270505.88,"HKSK_MARKET_CAP":22906270505.88,"PE_TTM":12.478679932449,"PB_TTM":0.741508442691,"REPORT_DATE_SQ":"2023-06-30 00:00:00","REPORT_TYPE_SQ":"2023年中报","OPERATE_INCOME_SQ":12083093000,"DPS_HKD":0.157,"OPERATE_INCOME_QOQ_SQ":15.931214722098,"NET_PROFIT_RATIO_SQ":16.2015330949,"HOLDER_PROFIT_SQ":1369754000,"HOLDER_PROFIT_QOQ_SQ":68.560371924597,"ROE_AVG_SQ":5.001432273697,"PE_TTM_SQ":8.624239246162,"PB_TTM_SQ":0.640772047793,"ROA_SQ":0.851045677505,"START_DATE":"2024-01-01 00:00:00","FISCAL_YEAR":"12-31","CURRENCY":"HKD","IS_CNY_CODE":0,"DPS_HKD_LY":0.157,"ORG_TYPE":"一般企业","PREMIUM_INCOME":null,"PREMIUM_INCOME_YOY":null,"NET_INTEREST_INCOME":null,"NET_INTEREST_INCOME_YOY":null,"FEE_COMMISSION_INCOME":null,"FEE_COMMISSION_INCOME_YOY":null,"ACCOUNTS_RECE_TDAYS":0.830395631498,"INVENTORY_TDAYS":20.184359004606,"CURRENT_ASSETS_TDAYS":0.281367386746,"TOTAL_ASSETS_TDAYS":0.06836944598,"PREMIUM_EXPENSE":null,"LOAN_DEPOSIT":null,"LOAN_EQUITY":null,"LOAN_ASSETS":null,"DEPOSIT_EQUITY":null,"DEPOSIT_ASSETS":null,"EQUITY_MULTIPLIER":2.965109926387,"EQUITY_RATIO":3.458200229354},{"SECUCODE":"00371.HK","SECURITY_CODE":"00371","SECURITY_NAME_ABBR":"北控水务集团","ORG_CODE":"10008862","STD_REPORT_DATE":"2023-12-31 00:00:00","REPORT_DATE":"2023-12-31 00:00:00","DATE_TYPE_CODE":"001","REPORT_TYPE":"2023年年报","PER_NETCASH_OPERATE":0.260988535801,"PER_OI":2.440561972131,"BPS":2.825968696361,"BASIC_EPS":0.1824,"DILUTED_EPS":0.1821,"OPERATE_INCOME":24519374000,"OPERATE_INCOME_YOY":14.1240707401,"GROSS_PROFIT":9000753000,"GROSS_PROFIT_YOY":6.383303379089,"HOLDER_PROFIT":1895681000,"HOLDER_PROFIT_YOY":60.4564807056,"GROSS_PROFIT_RATIO":36.708738975147,"EPS_TTM":0.188688624754,"OPERATE_INCOME_QOQ":-5.225266462324,"NET_PROFIT_RATIO":12.4975743671,"ROE_AVG":6.192118974019,"GROSS_PROFIT_QOQ":-5.149479752822,"ROA":1.084985660326,"HOLDER_PROFIT_QOQ":-8.379518573584,"ROE_YEARLY":6.192118974019,"ROIC_YEARLY":1.365148174648,"TOTAL_ASSETS":165493193000,"TOTAL_LIABILITIES":111359718000,"TAX_EBT":23.932644878078,"OCF_SALES":10.693788511893,"TOTAL_PARENT_EQUITY":31382407000,"DEBT_ASSET_RATIO":67.2896062861,"OPERATE_PROFIT":6644264000,"PRETAX_PROFIT":4028439000,"NETCASH_OPERATE":2622050000,"NETCASH_INVEST":-1522156000,"NETCASH_FINANCE":-2342837000,"END_CASH":10200706000,"DIVI_RATIO":0.756424719222,"DIVIDEND_RATE":6.916299559471,"CURRENT_RATIO":0.950261150519,"COMMON_ACS":15000000000,"CURRENTDEBT_DEBT":38.163414709797,"ISSUED_COMMON_SHARES":10046609871,"HK_COMMON_SHARES":10046609871,"PER_SHARES":2000,"TOTAL_MARKET_CAP":22805804407.17,"HKSK_MARKET_CAP":22805804407.17,"PE_TTM":12.423948880114,"PB_TTM":0.73825621268,"REPORT_DATE_SQ":"2022-12-31 00:00:00","REPORT_TYPE_SQ":"2022年年报","OPERATE_INCOME_SQ":21484840000,"DPS_HKD":0.157,"OPERATE_INCOME_QOQ_SQ":8.724561607938,"NET_PROFIT_RATIO_SQ":10.8705050105,"HOLDER_PROFIT_SQ":1181430000,"HOLDER_PROFIT_QOQ_SQ":-38.925445849898,"ROE_AVG_SQ":3.718475346931,"PE_TTM_SQ":8.085224293277,"PB_TTM_SQ":0.600723794806,"ROA_SQ":0.747697104524,"START_DATE":"2023-01-01 00:00:00","FISCAL_YEAR":"12-31","CURRENCY":"HKD","IS_CNY_CODE":0,"DPS_HKD_LY":0.157,"ORG_TYPE":"一般企业","PREMIUM_INCOME":null,"PREMIUM_INCOME_YOY":null,"NET_INTEREST_INCOME":null,"NET_INTEREST_INCOME_YOY":null,"FEE_COMMISSION_INCOME":null,"FEE_COMMISSION_INCOME_YOY":null,"ACCOUNTS_RECE_TDAYS":1.803807661523,"INVENTORY_TDAYS":41.626811443562,"CURRENT_ASSETS_TDAYS":0.563853853674,"TOTAL_ASSETS_TDAYS":0.140335685119,"PREMIUM_EXPENSE":null,"LOAN_DEPOSIT":null,"LOAN_EQUITY":null,"LOAN_ASSETS":null,"DEPOSIT_EQUITY":null,"DEPOSIT_ASSETS":null,"EQUITY_MULTIPLIER":3.057132264278,"EQUITY_RATIO":3.548475998033},{"SECUCODE":"00371.HK","SECURITY_CODE":"00371","SECURITY_NAME_ABBR":"北控水务集团","ORG_CODE":"10008862","STD_REPORT_DATE":"2023-06-30 00:00:00","REPORT_DATE":"2023-06-30 00:00:00","DATE_TYPE_CODE":"002","REPORT_TYPE":"2023年中报","PER_NETCASH_OPERATE":-0.040494453158,"PER_OI":1.202703514434,"BPS":2.762607398523,"BASIC_EPS":0.1347,"DILUTED_EPS":0.1345,"OPERATE_INCOME":12083093000,"OPERATE_INCOME_YOY":28.9767581798,"GROSS_PROFIT":4430529000,"GROSS_PROFIT_YOY":12.436584241695,"HOLDER_PROFIT":1369754000,"HOLDER_PROFIT_YOY":124.2756426605,"GROSS_PROFIT_RATIO":36.667177198219,"EPS_TTM":0.205945899668,"OPERATE_INCOME_QOQ":15.931214722098,"NET_PROFIT_RATIO":16.2015330949,"ROE_AVG":5.001432273697,"GROSS_PROFIT_QOQ":7.981528671913,"ROA":0.851045677505,"HOLDER_PROFIT_QOQ":68.560371924597,"ROE_YEARLY":10.002864547394,"ROIC_YEARLY":2.15593800779,"TOTAL_ASSETS":167660699391.58,"TOTAL_LIABILITIES":114987055401.68,"TAX_EBT":21.99099108433,"OCF_SALES":-3.213646821555,"TOTAL_PARENT_EQUITY":29869632228.66,"DEBT_ASSET_RATIO":68.5831896318,"OPERATE_PROFIT":3714404000,"PRETAX_PROFIT":2509514000,"NETCASH_OPERATE":-388308000,"NETCASH_INVEST":-747908000,"NETCASH_FINANCE":2091689000,"END_CASH":12366795000,"DIVI_RATIO":0.69303996938,"DIVIDEND_RATE":6.916299559471,"CURRENT_RATIO":1.030996467089,"COMMON_ACS":15000000000,"CURRENTDEBT_DEBT":35.366862181572,"ISSUED_COMMON_SHARES":10046609871,"HK_COMMON_SHARES":10046609871,"PER_SHARES":2000,"TOTAL_MARKET_CAP":22805804407.17,"HKSK_MARKET_CAP":22805804407.17,"PE_TTM":12.423948880114,"PB_TTM":0.73825621268,"REPORT_DATE_SQ":"2022-06-30 00:00:00","REPORT_TYPE_SQ":"2022年中报","OPERATE_INCOME_SQ":9104300573.41,"DPS_HKD":0.157,"OPERATE_INCOME_QOQ_SQ":-9.956407817568,"NET_PROFIT_RATIO_SQ":13.2264424961,"HOLDER_PROFIT_SQ":593526660.51,"HOLDER_PROFIT_QOQ_SQ":-41.414957473113,"ROE_AVG_SQ":1.800336848664,"PE_TTM_SQ":8.085224293277,"PB_TTM_SQ":0.600723794806,"ROA_SQ":0.371436353911,"START_DATE":"2023-01-01 00:00:00","FISCAL_YEAR":"12-31","CURRENCY":"HKD","IS_CNY_CODE":0,"DPS_HKD_LY":0.157,"ORG_TYPE":"一般企业","PREMIUM_INCOME":null,"PREMIUM_INCOME_YOY":null,"NET_INTEREST_INCOME":null,"NET_INTEREST_INCOME_YOY":null,"FEE_COMMISSION_INCOME":null,"FEE_COMMISSION_INCOME_YOY":null,"ACCOUNTS_RECE_TDAYS":0.895805592926,"INVENTORY_TDAYS":21.040712705224,"CURRENT_ASSETS_TDAYS":0.298295252359,"TOTAL_ASSETS_TDAYS":0.075073830032,"PREMIUM_EXPENSE":null,"LOAN_DEPOSIT":null,"LOAN_EQUITY":null,"LOAN_ASSETS":null,"DEPOSIT_EQUITY":null,"DEPOSIT_ASSETS":null,"EQUITY_MULTIPLIER":3.183009313422,"EQUITY_RATIO":3.849630772867},{"SECUCODE":"00371.HK","SECURITY_CODE":"00371","SECURITY_NAME_ABBR":"北控水务集团","ORG_CODE":"10008862","STD_REPORT_DATE":"2022-12-31 00:00:00","REPORT_DATE":"2022-12-31 00:00:00","DATE_TYPE_CODE":"001","REPORT_TYPE":"2022年年报","PER_NETCASH_OPERATE":0.235440688641,"PER_OI":2.138516402634,"BPS":2.906787134597,"BASIC_EPS":0.1133,"DILUTED_EPS":0.1131,"OPERATE_INCOME":21484840000,"OPERATE_INCOME_YOY":-10.3936862313,"GROSS_PROFIT":8460682000,"GROSS_PROFIT_YOY":-0.971109422032,"HOLDER_PROFIT":1181430000,"HOLDER_PROFIT_YOY":-67.2504611601,"GROSS_PROFIT_RATIO":39.379775467278,"EPS_TTM":0.122179310188,"OPERATE_INCOME_QOQ":8.724561607938,"NET_PROFIT_RATIO":10.8705050105,"ROE_AVG":3.718475346931,"GROSS_PROFIT_QOQ":6.029147336003,"ROA":0.747697104524,"HOLDER_PROFIT_QOQ":-38.925445849898,"ROE_YEARLY":3.718475346931,"ROIC_YEARLY":0.933021126081,"TOTAL_ASSETS":161751644000,"TOTAL_LIABILITIES":109544344000,"TAX_EBT":28.488692394357,"OCF_SALES":10.599481906682,"TOTAL_PARENT_EQUITY":29846423000,"DEBT_ASSET_RATIO":67.673341946,"OPERATE_PROFIT":5345680000,"PRETAX_PROFIT":3265457000,"NETCASH_OPERATE":2333214000,"NETCASH_INVEST":-767728000,"NETCASH_FINANCE":1354457000,"END_CASH":11542595000,"DIVI_RATIO":1.168190749972,"DIVIDEND_RATE":6.916299559471,"CURRENT_RATIO":0.918107446424,"COMMON_ACS":15000000000,"CURRENTDEBT_DEBT":40.761774975803,"ISSUED_COMMON_SHARES":10046609871,"HK_COMMON_SHARES":10046609871,"PER_SHARES":2000,"TOTAL_MARKET_CAP":22805804407.17,"HKSK_MARKET_CAP":22805804407.17,"PE_TTM":12.423948880114,"PB_TTM":0.73825621268,"REPORT_DATE_SQ":"2021-12-31 00:00:00","REPORT_TYPE_SQ":"2021年年报","OPERATE_INCOME_SQ":22794808187.2,"DPS_HKD":0.157,"OPERATE_INCOME_QOQ_SQ":6.804762236275,"NET_PROFIT_RATIO_SQ":19.6122387733,"HOLDER_PROFIT_SQ":3430600544,"HOLDER_PROFIT_QOQ_SQ":-0.941274033055,"ROE_AVG_SQ":10.8459790788,"PE_TTM_SQ":8.085224293277,"PB_TTM_SQ":0.600723794806,"ROA_SQ":2.343941412894,"START_DATE":"2022-01-01 00:00:00","FISCAL_YEAR":"12-31","CURRENCY":"HKD","IS_CNY_CODE":0,"DPS_HKD_LY":0.137,"ORG_TYPE":"一般企业","PREMIUM_INCOME":null,"PREMIUM_INCOME_YOY":null,"NET_INTEREST_INCOME":null,"NET_INTEREST_INCOME_YOY":null,"FEE_COMMISSION_INCOME":null,"FEE_COMMISSION_INCOME_YOY":null,"ACCOUNTS_RECE_TDAYS":1.914120519217,"INVENTORY_TDAYS":48.056083099707,"CURRENT_ASSETS_TDAYS":0.579723916107,"TOTAL_ASSETS_TDAYS":0.135933003058,"PREMIUM_EXPENSE":null,"LOAN_DEPOSIT":null,"LOAN_EQUITY":null,"LOAN_ASSETS":null,"DEPOSIT_EQUITY":null,"DEPOSIT_ASSETS":null,"EQUITY_MULTIPLIER":3.093422148153,"EQUITY_RATIO":3.670267086947},{"SECUCODE":"00371.HK","SECURITY_CODE":"00371","SECURITY_NAME_ABBR":"北控水务集团","ORG_CODE":"10008862","STD_REPORT_DATE":"2022-06-30 00:00:00","REPORT_DATE":"2022-06-30 00:00:00","DATE_TYPE_CODE":"002","REPORT_TYPE":"2022年中报","PER_NETCASH_OPERATE":0.06331031533,"PER_OI":0.898230127688,"BPS":3.054455949931,"BASIC_EPS":0.056784616,"DILUTED_EPS":0.056528059,"OPERATE_INCOME":9104300573.41,"OPERATE_INCOME_YOY":-22.1171626197,"GROSS_PROFIT":3940469225.28,"GROSS_PROFIT_YOY":-6.086283772507,"HOLDER_PROFIT":593526660.51,"HOLDER_PROFIT_YOY":-71.3307234642,"GROSS_PROFIT_RATIO":43.281405238185,"EPS_TTM":0.198288684747,"OPERATE_INCOME_QOQ":-9.956407817568,"NET_PROFIT_RATIO":13.2264424961,"ROE_AVG":1.800336848664,"GROSS_PROFIT_QOQ":-2.989011960241,"ROA":0.371436353911,"HOLDER_PROFIT_QOQ":-41.414957473113,"ROE_YEARLY":3.600673697328,"ROIC_YEARLY":0.927759778434,"TOTAL_ASSETS":162551870097.33,"TOTAL_LIABILITIES":108682665222.53,"TAX_EBT":27.548833617102,"OCF_SALES":7.048340216866,"TOTAL_PARENT_EQUITY":31702343985.13,"DEBT_ASSET_RATIO":66.8602982897,"OPERATE_PROFIT":2451500481.85,"PRETAX_PROFIT":1662050647.53,"NETCASH_OPERATE":641702078.78,"NETCASH_INVEST":-812467273.17,"NETCASH_FINANCE":3477342791.16,"END_CASH":12014894413.34,"DIVI_RATIO":0.719802747101,"DIVIDEND_RATE":6.916299559471,"CURRENT_RATIO":0.829971718795,"COMMON_ACS":15000000000,"CURRENTDEBT_DEBT":43.188298171694,"ISSUED_COMMON_SHARES":10046609871,"HK_COMMON_SHARES":10046609871,"PER_SHARES":2000,"TOTAL_MARKET_CAP":22805804407.17,"HKSK_MARKET_CAP":22805804407.17,"PE_TTM":12.423948880114,"PB_TTM":0.73825621268,"REPORT_DATE_SQ":"2021-06-30 00:00:00","REPORT_TYPE_SQ":"2021年中报","OPERATE_INCOME_SQ":11373844637.76,"DPS_HKD":0.157,"OPERATE_INCOME_QOQ_SQ":-0.009289289162,"NET_PROFIT_RATIO_SQ":22.5789389438,"HOLDER_PROFIT_SQ":2014308416.88,"HOLDER_PROFIT_QOQ_SQ":-1.640841918644,"ROE_AVG_SQ":6.354278527882,"PE_TTM_SQ":8.085224293277,"PB_TTM_SQ":0.600723794806,"ROA_SQ":1.356368183137,"START_DATE":"2022-01-01 00:00:00","FISCAL_YEAR":"12-31","CURRENCY":"HKD","IS_CNY_CODE":0,"DPS_HKD_LY":0.137,"ORG_TYPE":"一般企业","PREMIUM_INCOME":null,"PREMIUM_INCOME_YOY":null,"NET_INTEREST_INCOME":null,"NET_INTEREST_INCOME_YOY":null,"FEE_COMMISSION_INCOME":null,"FEE_COMMISSION_INCOME_YOY":null,"ACCOUNTS_RECE_TDAYS":0.929963786587,"INVENTORY_TDAYS":18.89381468299,"CURRENT_ASSETS_TDAYS":0.250035684778,"TOTAL_ASSETS_TDAYS":0.056975843461,"PREMIUM_EXPENSE":null,"LOAN_DEPOSIT":null,"LOAN_EQUITY":null,"LOAN_ASSETS":null,"DEPOSIT_EQUITY":null,"DEPOSIT_ASSETS":null,"EQUITY_MULTIPLIER":3.017528669213,"EQUITY_RATIO":3.428221751474},{"SECUCODE":"00371.HK","SECURITY_CODE":"00371","SECURITY_NAME_ABBR":"北控水务集团","ORG_CODE":"10008862","STD_REPORT_DATE":"2021-12-31 00:00:00","REPORT_DATE":"2021-12-31 00:00:00","DATE_TYPE_CODE":"001","REPORT_TYPE":"2021年年报","PER_NETCASH_OPERATE":-0.152002464646,"PER_OI":2.248935357913,"BPS":3.15858574682,"BASIC_EPS":0.33864992,"DILUTED_EPS":0.33660592,"OPERATE_INCOME":22794808187.2,"OPERATE_INCOME_YOY":9.9349435405,"GROSS_PROFIT":8543650192,"GROSS_PROFIT_YOY":4.332508575158,"HOLDER_PROFIT":3430600544,"HOLDER_PROFIT_YOY":0.2981738109,"GROSS_PROFIT_RATIO":37.480684732401,"EPS_TTM":0.338462986787,"OPERATE_INCOME_QOQ":6.804762236275,"NET_PROFIT_RATIO":19.6122387733,"ROE_AVG":10.8459790788,"GROSS_PROFIT_QOQ":6.489837500144,"ROA":2.343941412894,"HOLDER_PROFIT_QOQ":-0.941274033055,"ROE_YEARLY":10.8459790788,"ROIC_YEARLY":2.900905467054,"TOTAL_ASSETS":150130316873.6,"TOTAL_LIABILITIES":98172855603.2,"TAX_EBT":21.122235613941,"OCF_SALES":-6.758863215463,"TOTAL_PARENT_EQUITY":32728019452.8,"DEBT_ASSET_RATIO":65.3917594045,"OPERATE_PROFIT":7138554718.4,"PRETAX_PROFIT":5667721752,"NETCASH_OPERATE":-1540669905.6,"NETCASH_INVEST":-1459328516.8,"NETCASH_FINANCE":-357224974.4,"END_CASH":8731026124.8,"DIVI_RATIO":0.421696745499,"DIVIDEND_RATE":6.916299559471,"CURRENT_RATIO":0.796813226053,"COMMON_ACS":15000000000,"CURRENTDEBT_DEBT":41.390662585021,"ISSUED_COMMON_SHARES":10046609871,"HK_COMMON_SHARES":10046609871,"PER_SHARES":2000,"TOTAL_MARKET_CAP":22805804407.17,"HKSK_MARKET_CAP":22805804407.17,"PE_TTM":12.423948880114,"PB_TTM":0.73825621268,"REPORT_DATE_SQ":"2020-12-31 00:00:00","REPORT_TYPE_SQ":"2020年年报","OPERATE_INCOME_SQ":21344484442.68,"DPS_HKD":0.157,"OPERATE_INCOME_QOQ_SQ":-15.783619984468,"NET_PROFIT_RATIO_SQ":20.6641155428,"HOLDER_PROFIT_SQ":3520972324.24,"HOLDER_PROFIT_QOQ_SQ":-13.017527670331,"ROE_AVG_SQ":12.323837435259,"PE_TTM_SQ":8.085224293277,"PB_TTM_SQ":0.600723794806,"ROA_SQ":2.569996127343,"START_DATE":"2021-01-01 00:00:00","FISCAL_YEAR":"12-31","CURRENCY":"HKD","IS_CNY_CODE":0,"DPS_HKD_LY":0.168,"ORG_TYPE":"一般企业","PREMIUM_INCOME":null,"PREMIUM_INCOME_YOY":null,"NET_INTEREST_INCOME":null,"NET_INTEREST_INCOME_YOY":null,"FEE_COMMISSION_INCOME":null,"FEE_COMMISSION_INCOME_YOY":null,"ACCOUNTS_RECE_TDAYS":2.663162957394,"INVENTORY_TDAYS":74.036456541407,"CURRENT_ASSETS_TDAYS":0.687984694445,"TOTAL_ASSETS_TDAYS":0.155744436648,"PREMIUM_EXPENSE":null,"LOAN_DEPOSIT":null,"LOAN_EQUITY":null,"LOAN_ASSETS":null,"DEPOSIT_EQUITY":null,"DEPOSIT_ASSETS":null,"EQUITY_MULTIPLIER":2.889485228931,"EQUITY_RATIO":2.999657701401},{"SECUCODE":"00371.HK","SECURITY_CODE":"00371","SECURITY_NAME_ABBR":"北控水务集团","ORG_CODE":"10008862","STD_REPORT_DATE":"2021-06-30 00:00:00","REPORT_DATE":"2021-06-30 00:00:00","DATE_TYPE_CODE":"002","REPORT_TYPE":"2021年中报","PER_NETCASH_OPERATE":-0.110395457178,"PER_OI":1.134684383455,"BPS":3.118159547716,"BASIC_EPS":0.199782408,"DILUTED_EPS":0.198284664,"OPERATE_INCOME":11373844637.76,"OPERATE_INCOME_YOY":9.7587722204,"GROSS_PROFIT":4195839951.36,"GROSS_PROFIT_YOY":-3.803406885845,"HOLDER_PROFIT":2014308416.88,"HOLDER_PROFIT_YOY":6.7170890278,"GROSS_PROFIT_RATIO":36.890252021117,"EPS_TTM":0.345497731495,"OPERATE_INCOME_QOQ":-0.009289289162,"NET_PROFIT_RATIO":22.5789389438,"ROE_AVG":6.354278527882,"GROSS_PROFIT_QOQ":-2.025854274576,"ROA":1.356368183137,"HOLDER_PROFIT_QOQ":-1.640841918644,"ROE_YEARLY":12.708557055764,"ROIC_YEARLY":3.404348498948,"TOTAL_ASSETS":151899305994.24,"TOTAL_LIABILITIES":100352388500.4,"TAX_EBT":17.973949749791,"OCF_SALES":-9.729177451275,"TOTAL_PARENT_EQUITY":32327027749.2,"DEBT_ASSET_RATIO":66.06507373,"OPERATE_PROFIT":3908144963.04,"PRETAX_PROFIT":3130826644.08,"NETCASH_OPERATE":-1106581527.84,"NETCASH_INVEST":-936386220.48,"NETCASH_FINANCE":2367909965.76,"END_CASH":12432195480.48,"DIVI_RATIO":0.413110498244,"DIVIDEND_RATE":6.916299559471,"CURRENT_RATIO":0.886644447576,"COMMON_ACS":15000000000,"CURRENTDEBT_DEBT":39.754945627748,"ISSUED_COMMON_SHARES":10046609871,"HK_COMMON_SHARES":10046609871,"PER_SHARES":2000,"TOTAL_MARKET_CAP":22805804407.17,"HKSK_MARKET_CAP":22805804407.17,"PE_TTM":12.423948880114,"PB_TTM":0.73825621268,"REPORT_DATE_SQ":"2020-06-30 00:00:00","REPORT_TYPE_SQ":"2020年中报","OPERATE_INCOME_SQ":11375827388.64,"DPS_HKD":0.157,"OPERATE_INCOME_QOQ_SQ":0.358625198649,"NET_PROFIT_RATIO_SQ":22.2554087975,"HOLDER_PROFIT_SQ":2072082006.72,"HOLDER_PROFIT_QOQ_SQ":-8.259741940681,"ROE_AVG_SQ":7.221199142416,"PE_TTM_SQ":8.085224293277,"PB_TTM_SQ":0.600723794806,"ROA_SQ":1.49062845322,"START_DATE":"2021-01-01 00:00:00","FISCAL_YEAR":"12-31","CURRENCY":"HKD","IS_CNY_CODE":0,"DPS_HKD_LY":0.168,"ORG_TYPE":"一般企业","PREMIUM_INCOME":null,"PREMIUM_INCOME_YOY":null,"NET_INTEREST_INCOME":null,"NET_INTEREST_INCOME_YOY":null,"FEE_COMMISSION_INCOME":null,"FEE_COMMISSION_INCOME_YOY":null,"ACCOUNTS_RECE_TDAYS":1.172529662959,"INVENTORY_TDAYS":34.8099322289,"CURRENT_ASSETS_TDAYS":0.325616826972,"TOTAL_ASSETS_TDAYS":0.076587680701,"PREMIUM_EXPENSE":null,"LOAN_DEPOSIT":null,"LOAN_EQUITY":null,"LOAN_ASSETS":null,"DEPOSIT_EQUITY":null,"DEPOSIT_ASSETS":null,"EQUITY_MULTIPLIER":2.946816480589,"EQUITY_RATIO":3.104287510716},{"SECUCODE":"00371.HK","SECURITY_CODE":"00371","SECURITY_NAME_ABBR":"北控水务集团","ORG_CODE":"10008862","STD_REPORT_DATE":"2020-12-31 00:00:00","REPORT_DATE":"2020-12-31 00:00:00","DATE_TYPE_CODE":"001","REPORT_TYPE":"2020年年报","PER_NETCASH_OPERATE":-0.307503583524,"PER_OI":2.129848850166,"BPS":3.028953879497,"BASIC_EPS":0.349869748,"DILUTED_EPS":0.346419024,"OPERATE_INCOME":21344484442.68,"OPERATE_INCOME_YOY":-10.0448013341,"GROSS_PROFIT":8188866834.2,"GROSS_PROFIT_YOY":-10.083780550142,"HOLDER_PROFIT":3520972324.24,"HOLDER_PROFIT_YOY":-15.0689097508,"GROSS_PROFIT_RATIO":38.365259447662,"EPS_TTM":0.351338486361,"OPERATE_INCOME_QOQ":-15.783619984468,"NET_PROFIT_RATIO":20.6641155428,"ROE_AVG":12.323837435259,"GROSS_PROFIT_QOQ":-11.672767826823,"ROA":2.569996127343,"HOLDER_PROFIT_QOQ":-13.017527670331,"ROE_YEARLY":12.323837435259,"ROIC_YEARLY":3.182044479547,"TOTAL_ASSETS":146782959478.44,"TOTAL_LIABILITIES":98705111910.24,"TAX_EBT":19.24209752236,"OCF_SALES":-14.43781250016,"TOTAL_PARENT_EQUITY":31430045931.68,"DEBT_ASSET_RATIO":67.2456205141,"OPERATE_PROFIT":6714486932.04,"PRETAX_PROFIT":5461569446.36,"NETCASH_OPERATE":-3081676642.96,"NETCASH_INVEST":-1671981824.64,"NETCASH_FINANCE":6399961855.84,"END_CASH":12331698338.68,"DIVI_RATIO":0.40624282719,"DIVIDEND_RATE":6.916299559471,"CURRENT_RATIO":0.798263553055,"COMMON_ACS":15000000000,"CURRENTDEBT_DEBT":44.272917659401,"ISSUED_COMMON_SHARES":10046609871,"HK_COMMON_SHARES":10046609871,"PER_SHARES":2000,"TOTAL_MARKET_CAP":22805804407.17,"HKSK_MARKET_CAP":22805804407.17,"PE_TTM":12.423948880114,"PB_TTM":0.73825621268,"REPORT_DATE_SQ":"2019-12-31 00:00:00","REPORT_TYPE_SQ":"2019年年报","OPERATE_INCOME_SQ":25254245401.92,"DPS_HKD":0.157,"OPERATE_INCOME_QOQ_SQ":3.506750582335,"NET_PROFIT_RATIO_SQ":20.7239388512,"HOLDER_PROFIT_SQ":4412359670.04,"HOLDER_PROFIT_QOQ_SQ":1.215267519217,"ROE_AVG_SQ":17.579924846337,"PE_TTM_SQ":8.085224293277,"PB_TTM_SQ":0.600723794806,"ROA_SQ":3.549534481735,"START_DATE":"2020-01-01 00:00:00","FISCAL_YEAR":"12-31","CURRENCY":"HKD","IS_CNY_CODE":0,"DPS_HKD_LY":0.162,"ORG_TYPE":"一般企业","PREMIUM_INCOME":null,"PREMIUM_INCOME_YOY":null,"NET_INTEREST_INCOME":null,"NET_INTEREST_INCOME_YOY":null,"FEE_COMMISSION_INCOME":null,"FEE_COMMISSION_INCOME_YOY":null,"ACCOUNTS_RECE_TDAYS":2.374624373738,"INVENTORY_TDAYS":65.960953275169,"CURRENT_ASSETS_TDAYS":0.661302375155,"TOTAL_ASSETS_TDAYS":0.155795721483,"PREMIUM_EXPENSE":null,"LOAN_DEPOSIT":null,"LOAN_EQUITY":null,"LOAN_ASSETS":null,"DEPOSIT_EQUITY":null,"DEPOSIT_ASSETS":null,"EQUITY_MULTIPLIER":3.05302684922,"EQUITY_RATIO":3.140469858835},{"SECUCODE":"00371.HK","SECURITY_CODE":"00371","SECURITY_NAME_ABBR":"北控水务集团","ORG_CODE":"10008862","STD_REPORT_DATE":"2020-06-30 00:00:00","REPORT_DATE":"2020-06-30 00:00:00","DATE_TYPE_CODE":"002","REPORT_TYPE":"2020年中报","PER_NETCASH_OPERATE":-0.382988763477,"PER_OI":1.135176633116,"BPS":2.934789570821,"BASIC_EPS":0.206802816,"DILUTED_EPS":0.20461056,"OPERATE_INCOME":11375827388.64,"OPERATE_INCOME_YOY":-2.9252524434,"GROSS_PROFIT":4361734460.16,"GROSS_PROFIT_YOY":3.90283082019,"HOLDER_PROFIT":2072082006.72,"HOLDER_PROFIT_YOY":-18.1026739296,"GROSS_PROFIT_RATIO":38.342129421862,"EPS_TTM":0.403934839705,"OPERATE_INCOME_QOQ":0.358625198649,"NET_PROFIT_RATIO":22.2554087975,"ROE_AVG":7.221199142416,"GROSS_PROFIT_QOQ":1.798977775694,"ROA":1.49062845322,"HOLDER_PROFIT_QOQ":-8.259741940681,"ROE_YEARLY":14.442398284832,"ROIC_YEARLY":3.632058786362,"TOTAL_ASSETS":139938115569.12,"TOTAL_LIABILITIES":96214451118.72,"TAX_EBT":20.385306654265,"OCF_SALES":-33.738252911895,"TOTAL_PARENT_EQUITY":29484685871.52,"DEBT_ASSET_RATIO":68.7549998279,"OPERATE_PROFIT":3877275114.24,"PRETAX_PROFIT":3179986988.64,"NETCASH_OPERATE":-3838005415.2,"NETCASH_INVEST":-1051327421.76,"NETCASH_FINANCE":3949569323.04,"END_CASH":9869004889.92,"DIVI_RATIO":0.353345950808,"DIVIDEND_RATE":6.916299559471,"CURRENT_RATIO":0.706399185947,"COMMON_ACS":15000000000,"CURRENTDEBT_DEBT":44.19762209368,"ISSUED_COMMON_SHARES":10046609871,"HK_COMMON_SHARES":10046609871,"PER_SHARES":2000,"TOTAL_MARKET_CAP":22805804407.17,"HKSK_MARKET_CAP":22805804407.17,"PE_TTM":12.423948880114,"PB_TTM":0.73825621268,"REPORT_DATE_SQ":"2019-06-30 00:00:00","REPORT_TYPE_SQ":"2019年中报","OPERATE_INCOME_SQ":11285259300.9,"DPS_HKD":0.157,"OPERATE_INCOME_QOQ_SQ":13.209495838723,"NET_PROFIT_RATIO_SQ":25.672074808,"HOLDER_PROFIT_SQ":2436531528.96,"HOLDER_PROFIT_QOQ_SQ":11.273364599522,"ROE_AVG_SQ":10.021067586082,"PE_TTM_SQ":8.085224293277,"PB_TTM_SQ":0.600723794806,"ROA_SQ":2.087071010956,"START_DATE":"2020-01-01 00:00:00","FISCAL_YEAR":"12-31","CURRENCY":"HKD","IS_CNY_CODE":0,"DPS_HKD_LY":0.162,"ORG_TYPE":"一般企业","PREMIUM_INCOME":null,"PREMIUM_INCOME_YOY":null,"NET_INTEREST_INCOME":null,"NET_INTEREST_INCOME_YOY":null,"FEE_COMMISSION_INCOME":null,"FEE_COMMISSION_INCOME_YOY":null,"ACCOUNTS_RECE_TDAYS":1.415775665517,"INVENTORY_TDAYS":null,"CURRENT_ASSETS_TDAYS":0.365550809684,"TOTAL_ASSETS_TDAYS":0.081836201123,"PREMIUM_EXPENSE":null,"LOAN_DEPOSIT":null,"LOAN_EQUITY":null,"LOAN_ASSETS":null,"DEPOSIT_EQUITY":null,"DEPOSIT_ASSETS":null,"EQUITY_MULTIPLIER":3.200512064304,"EQUITY_RATIO":3.263200820181}],"count":48},"success":true,"message":"ok","code":0}