{"version":"9da66bcfa2625c5899636dea7435feba","result":{"pages":6,"data":[{"SECUCODE":"00379.HK","SECURITY_CODE":"00379","SECURITY_NAME_ABBR":"恒嘉融资租赁","ORG_CODE":"10008870","STD_REPORT_DATE":"2024-06-30 00:00:00","REPORT_DATE":"2024-06-30 00:00:00","DATE_TYPE_CODE":"002","REPORT_TYPE":"2024年中报","PER_NETCASH_OPERATE":-0.00662128703,"PER_OI":0.025435240585,"BPS":0.215502581623,"BASIC_EPS":-0.023547144,"DILUTED_EPS":-0.023547144,"OPERATE_INCOME":42916951.64,"OPERATE_INCOME_YOY":129.4812356644,"GROSS_PROFIT":10158128.4,"GROSS_PROFIT_YOY":27.166803301025,"HOLDER_PROFIT":-39784633.88,"HOLDER_PROFIT_YOY":-92.5227453405,"GROSS_PROFIT_RATIO":23.66926823044,"EPS_TTM":-0.03193864327,"OPERATE_INCOME_QOQ":50.303302834336,"NET_PROFIT_RATIO":-92.7014439742,"ROE_AVG":-10.240441651495,"GROSS_PROFIT_QOQ":13.476646976968,"ROA":-9.166573790383,"HOLDER_PROFIT_QOQ":-54.055526377715,"ROE_YEARLY":-20.480883302989,"ROIC_YEARLY":-19.258590011078,"TOTAL_ASSETS":409113373.4,"TOTAL_LIABILITIES":45495272.64,"TAX_EBT":-0.043605985495,"OCF_SALES":-26.031941815707,"TOTAL_PARENT_EQUITY":363618100.76,"DEBT_ASSET_RATIO":11.1204559905,"OPERATE_PROFIT":-25145246.68,"PRETAX_PROFIT":-39767292.96,"NETCASH_OPERATE":-11172115.88,"NETCASH_INVEST":-1160016.28,"NETCASH_FINANCE":2244280.12,"END_CASH":15777499.16,"DIVI_RATIO":null,"DIVIDEND_RATE":null,"CURRENT_RATIO":1.699649995783,"COMMON_ACS":4000000000,"CURRENTDEBT_DEBT":95.145241534264,"ISSUED_COMMON_SHARES":1687302760,"HK_COMMON_SHARES":1687302760,"PER_SHARES":10000,"TOTAL_MARKET_CAP":156919156.68,"HKSK_MARKET_CAP":156919156.68,"PE_TTM":-2.63508239597,"PB_TTM":0.393866464896,"REPORT_DATE_SQ":"2023-06-30 00:00:00","REPORT_TYPE_SQ":"2023年中报","OPERATE_INCOME_SQ":18892292.18,"DPS_HKD":null,"OPERATE_INCOME_QOQ_SQ":-28.727401638077,"NET_PROFIT_RATIO_SQ":-93.9271739998,"HOLDER_PROFIT_SQ":-20875471.16,"HOLDER_PROFIT_QOQ_SQ":179.86337300899,"ROE_AVG_SQ":-4.64664312767,"PE_TTM_SQ":4.75512596,"PB_TTM_SQ":0.222273909843,"ROA_SQ":-2.911985801465,"START_DATE":"2024-01-01 00:00:00","FISCAL_YEAR":"12-31","CURRENCY":"HKD","IS_CNY_CODE":0,"DPS_HKD_LY":null,"ORG_TYPE":"一般企业","PREMIUM_INCOME":null,"PREMIUM_INCOME_YOY":null,"NET_INTEREST_INCOME":null,"NET_INTEREST_INCOME_YOY":null,"FEE_COMMISSION_INCOME":null,"FEE_COMMISSION_INCOME_YOY":null,"ACCOUNTS_RECE_TDAYS":3.516001196351,"INVENTORY_TDAYS":1.835161183117,"CURRENT_ASSETS_TDAYS":0.524464917075,"TOTAL_ASSETS_TDAYS":0.098882750876,"PREMIUM_EXPENSE":null,"LOAN_DEPOSIT":null,"LOAN_EQUITY":null,"LOAN_ASSETS":null,"DEPOSIT_EQUITY":null,"DEPOSIT_ASSETS":null,"EQUITY_MULTIPLIER":1.125118283565,"EQUITY_RATIO":0.125118283564},{"SECUCODE":"00379.HK","SECURITY_CODE":"00379","SECURITY_NAME_ABBR":"恒嘉融资租赁","ORG_CODE":"10008870","STD_REPORT_DATE":"2023-12-31 00:00:00","REPORT_DATE":"2023-12-31 00:00:00","DATE_TYPE_CODE":"001","REPORT_TYPE":"2023年年报","PER_NETCASH_OPERATE":-0.013406641758,"PER_OI":0.028305297409,"BPS":0.243267548178,"BASIC_EPS":-0.020752438,"DILUTED_EPS":-0.020752438,"OPERATE_INCOME":47759606.44,"OPERATE_INCOME_YOY":-26.5354484374,"GROSS_PROFIT":16102623.18,"GROSS_PROFIT_YOY":-25.700261888459,"HOLDER_PROFIT":-34980998.22,"HOLDER_PROFIT_YOY":-649.2458736483,"GROSS_PROFIT_RATIO":33.715988008045,"EPS_TTM":-0.020731903633,"OPERATE_INCOME_QOQ":-3.560719992545,"NET_PROFIT_RATIO":-70.7677128003,"ROE_AVG":-8.068366135478,"GROSS_PROFIT_QOQ":21.266902225123,"ROA":-5.919645198541,"HOLDER_PROFIT_QOQ":-299.100170883973,"ROE_YEARLY":-8.068366135478,"ROIC_YEARLY":-6.589242231169,"TOTAL_ASSETS":455675508.82,"TOTAL_LIABILITIES":45209503.36,"TAX_EBT":1.171521510505,"OCF_SALES":-47.36442639748,"TOTAL_PARENT_EQUITY":410466005.46,"DEBT_ASSET_RATIO":9.9214248923,"OPERATE_PROFIT":-39678842.7,"PRETAX_PROFIT":-37052617.14,"NETCASH_OPERATE":-22621063.64,"NETCASH_INVEST":16687135.08,"NETCASH_FINANCE":-2315392.1,"END_CASH":25748428.86,"DIVI_RATIO":null,"DIVIDEND_RATE":null,"CURRENT_RATIO":1.978572001283,"COMMON_ACS":4000000000,"CURRENTDEBT_DEBT":100,"ISSUED_COMMON_SHARES":1687302760,"HK_COMMON_SHARES":1687302760,"PER_SHARES":10000,"TOTAL_MARKET_CAP":67492110.4,"HKSK_MARKET_CAP":67492110.4,"PE_TTM":-1.13336877246,"PB_TTM":0.169404931138,"REPORT_DATE_SQ":"2022-12-31 00:00:00","REPORT_TYPE_SQ":"2022年年报","OPERATE_INCOME_SQ":64081403.26,"DPS_HKD":null,"OPERATE_INCOME_QOQ_SQ":-33.468444023371,"NET_PROFIT_RATIO_SQ":56.0679299617,"HOLDER_PROFIT_SQ":6277901.56,"HOLDER_PROFIT_QOQ_SQ":113.700478367057,"ROE_AVG_SQ":1.378558202304,"PE_TTM_SQ":3.98817016,"PB_TTM_SQ":0.186423279224,"ROA_SQ":0.746535006841,"START_DATE":"2023-01-01 00:00:00","FISCAL_YEAR":"12-31","CURRENCY":"HKD","IS_CNY_CODE":0,"DPS_HKD_LY":null,"ORG_TYPE":"一般企业","PREMIUM_INCOME":null,"PREMIUM_INCOME_YOY":null,"NET_INTEREST_INCOME":null,"NET_INTEREST_INCOME_YOY":null,"FEE_COMMISSION_INCOME":null,"FEE_COMMISSION_INCOME_YOY":null,"ACCOUNTS_RECE_TDAYS":3.5890765459,"INVENTORY_TDAYS":2.130580629422,"CURRENT_ASSETS_TDAYS":0.252909306421,"TOTAL_ASSETS_TDAYS":0.080820999781,"PREMIUM_EXPENSE":null,"LOAN_DEPOSIT":null,"LOAN_EQUITY":null,"LOAN_ASSETS":null,"DEPOSIT_EQUITY":null,"DEPOSIT_ASSETS":null,"EQUITY_MULTIPLIER":1.110141894234,"EQUITY_RATIO":0.110141894234},{"SECUCODE":"00379.HK","SECURITY_CODE":"00379","SECURITY_NAME_ABBR":"恒嘉融资租赁","ORG_CODE":"10008870","STD_REPORT_DATE":"2023-06-30 00:00:00","REPORT_DATE":"2023-06-30 00:00:00","DATE_TYPE_CODE":"002","REPORT_TYPE":"2023年中报","PER_NETCASH_OPERATE":-0.010613708425,"PER_OI":0.011196741111,"BPS":0.25717260312,"BASIC_EPS":-0.012354532,"DILUTED_EPS":-0.012354532,"OPERATE_INCOME":18892292.18,"OPERATE_INCOME_YOY":-50.2492898715,"GROSS_PROFIT":7988034.72,"GROSS_PROFIT_YOY":74.787705193922,"HOLDER_PROFIT":-20875471.16,"HOLDER_PROFIT_YOY":39.8043281757,"GROSS_PROFIT_RATIO":22.039447416753,"EPS_TTM":0.010412800522,"OPERATE_INCOME_QOQ":-28.727401638077,"NET_PROFIT_RATIO":-93.9271739998,"ROE_AVG":-4.64664312767,"GROSS_PROFIT_QOQ":4.069089811034,"ROA":-2.911985801465,"HOLDER_PROFIT_QOQ":179.86337300899,"ROE_YEARLY":-9.29328625534,"ROIC_YEARLY":-6.571985034381,"TOTAL_ASSETS":694947034.9,"TOTAL_LIABILITIES":232787964.26,"TAX_EBT":null,"OCF_SALES":-77.553301924459,"TOTAL_PARENT_EQUITY":433928043.04,"DEBT_ASSET_RATIO":33.497223899,"OPERATE_PROFIT":-21517169.24,"PRETAX_PROFIT":-20013419.86,"NETCASH_OPERATE":-17908539.52,"NETCASH_INVEST":17933432.98,"NETCASH_FINANCE":null,"END_CASH":33470639.94,"DIVI_RATIO":null,"DIVIDEND_RATE":null,"CURRENT_RATIO":1.233812842696,"COMMON_ACS":4000000000,"CURRENTDEBT_DEBT":93.251929802326,"ISSUED_COMMON_SHARES":1687302760,"HK_COMMON_SHARES":1687302760,"PER_SHARES":10000,"TOTAL_MARKET_CAP":67492110.4,"HKSK_MARKET_CAP":67492110.4,"PE_TTM":-1.13336877246,"PB_TTM":0.169404931138,"REPORT_DATE_SQ":"2022-06-30 00:00:00","REPORT_TYPE_SQ":"2022年中报","OPERATE_INCOME_SQ":43052830.17,"DPS_HKD":null,"OPERATE_INCOME_QOQ_SQ":3.321750504908,"NET_PROFIT_RATIO_SQ":-110.174204954,"HOLDER_PROFIT_SQ":-32167116.66,"HOLDER_PROFIT_QOQ_SQ":-37.977623393928,"ROE_AVG_SQ":-7.654760414791,"PE_TTM_SQ":3.98817016,"PB_TTM_SQ":0.186423279224,"ROA_SQ":-3.668472099024,"START_DATE":"2023-01-01 00:00:00","FISCAL_YEAR":"12-31","CURRENCY":"HKD","IS_CNY_CODE":0,"DPS_HKD_LY":null,"ORG_TYPE":"一般企业","PREMIUM_INCOME":null,"PREMIUM_INCOME_YOY":null,"NET_INTEREST_INCOME":null,"NET_INTEREST_INCOME_YOY":null,"FEE_COMMISSION_INCOME":null,"FEE_COMMISSION_INCOME_YOY":null,"ACCOUNTS_RECE_TDAYS":1.715445793219,"INVENTORY_TDAYS":1.1734727606,"CURRENT_ASSETS_TDAYS":0.082312479152,"TOTAL_ASSETS_TDAYS":0.032211640484,"PREMIUM_EXPENSE":null,"LOAN_DEPOSIT":null,"LOAN_EQUITY":null,"LOAN_ASSETS":null,"DEPOSIT_EQUITY":null,"DEPOSIT_ASSETS":null,"EQUITY_MULTIPLIER":1.503696625358,"EQUITY_RATIO":0.536466743724},{"SECUCODE":"00379.HK","SECURITY_CODE":"00379","SECURITY_NAME_ABBR":"恒嘉融资租赁","ORG_CODE":"10008870","STD_REPORT_DATE":"2022-12-31 00:00:00","REPORT_DATE":"2022-12-31 00:00:00","DATE_TYPE_CODE":"001","REPORT_TYPE":"2022年年报","PER_NETCASH_OPERATE":-0.02553859676,"PER_OI":0.037978603947,"BPS":0.26677086651,"BASIC_EPS":0.003751734,"DILUTED_EPS":0.003751734,"OPERATE_INCOME":64081403.26,"OPERATE_INCOME_YOY":-37.0816144949,"GROSS_PROFIT":21672516.74,"GROSS_PROFIT_YOY":795.917073657559,"HOLDER_PROFIT":6277901.56,"HOLDER_PROFIT_YOY":117.3022477166,"GROSS_PROFIT_RATIO":18.363201604402,"EPS_TTM":0.003720672845,"OPERATE_INCOME_QOQ":-33.468444023371,"NET_PROFIT_RATIO":56.0679299617,"ROE_AVG":1.378558202304,"GROSS_PROFIT_QOQ":74.717280605851,"ROA":0.746535006841,"HOLDER_PROFIT_QOQ":113.700478367057,"ROE_YEARLY":1.378558202304,"ROIC_YEARLY":0.806988233335,"TOTAL_ASSETS":715808515.45,"TOTAL_LIABILITIES":236427130.52,"TAX_EBT":-1.988270172725,"OCF_SALES":-62.01630113388,"TOTAL_PARENT_EQUITY":450123219.35,"DEBT_ASSET_RATIO":33.0293822184,"OPERATE_PROFIT":-29109882.76,"PRETAX_PROFIT":-27719954.64,"NETCASH_OPERATE":-43091344.8,"NETCASH_INVEST":69033692.14,"NETCASH_FINANCE":-10748717.91,"END_CASH":34071997.61,"DIVI_RATIO":null,"DIVIDEND_RATE":null,"CURRENT_RATIO":1.275455249049,"COMMON_ACS":4000000000,"CURRENTDEBT_DEBT":94.216702685548,"ISSUED_COMMON_SHARES":1687302760,"HK_COMMON_SHARES":1687302760,"PER_SHARES":10000,"TOTAL_MARKET_CAP":67492110.4,"HKSK_MARKET_CAP":67492110.4,"PE_TTM":-1.13336877246,"PB_TTM":0.169404931138,"REPORT_DATE_SQ":"2021-12-31 00:00:00","REPORT_TYPE_SQ":"2021年年报","OPERATE_INCOME_SQ":101079888,"DPS_HKD":null,"OPERATE_INCOME_QOQ_SQ":29.315465801937,"NET_PROFIT_RATIO_SQ":-50.7223165898,"HOLDER_PROFIT_SQ":-33210094.4,"HOLDER_PROFIT_QOQ_SQ":81.594406565077,"ROE_AVG_SQ":-7.495843229308,"PE_TTM_SQ":3.98817016,"PB_TTM_SQ":0.186423279224,"ROA_SQ":-3.583165763428,"START_DATE":"2022-01-01 00:00:00","FISCAL_YEAR":"12-31","CURRENCY":"HKD","IS_CNY_CODE":0,"DPS_HKD_LY":null,"ORG_TYPE":"一般企业","PREMIUM_INCOME":null,"PREMIUM_INCOME_YOY":null,"NET_INTEREST_INCOME":null,"NET_INTEREST_INCOME_YOY":null,"FEE_COMMISSION_INCOME":null,"FEE_COMMISSION_INCOME_YOY":null,"ACCOUNTS_RECE_TDAYS":5.12176489487,"INVENTORY_TDAYS":4.20975173191,"CURRENT_ASSETS_TDAYS":0.192806860995,"TOTAL_ASSETS_TDAYS":0.082626596531,"PREMIUM_EXPENSE":null,"LOAN_DEPOSIT":null,"LOAN_EQUITY":null,"LOAN_ASSETS":null,"DEPOSIT_EQUITY":null,"DEPOSIT_ASSETS":null,"EQUITY_MULTIPLIER":1.493192138769,"EQUITY_RATIO":0.525249799069},{"SECUCODE":"00379.HK","SECURITY_CODE":"00379","SECURITY_NAME_ABBR":"恒嘉融资租赁","ORG_CODE":"10008870","STD_REPORT_DATE":"2022-06-30 00:00:00","REPORT_DATE":"2022-06-30 00:00:00","DATE_TYPE_CODE":"002","REPORT_TYPE":"2022年中报","PER_NETCASH_OPERATE":-0.006756157206,"PER_OI":0.025515770608,"BPS":0.236718921446,"BASIC_EPS":-0.019070737,"DILUTED_EPS":-0.019070737,"OPERATE_INCOME":43052830.17,"OPERATE_INCOME_YOY":5.5276065904,"GROSS_PROFIT":4570135.36,"GROSS_PROFIT_YOY":178.161705368529,"HOLDER_PROFIT":-32167116.66,"HOLDER_PROFIT_YOY":-60.0527637122,"GROSS_PROFIT_RATIO":10.615179866118,"EPS_TTM":-0.027157247689,"OPERATE_INCOME_QOQ":3.321750504908,"NET_PROFIT_RATIO":-110.174204954,"ROE_AVG":-7.654760414791,"GROSS_PROFIT_QOQ":334.501094071668,"ROA":-3.668472099024,"HOLDER_PROFIT_QOQ":-37.977623393928,"ROE_YEARLY":-15.309520829581,"ROIC_YEARLY":-7.517440065233,"TOTAL_ASSETS":828821071.54,"TOTAL_LIABILITIES":445399200.61,"TAX_EBT":-0.698983297023,"OCF_SALES":-26.478358460958,"TOTAL_PARENT_EQUITY":399416489.5,"DEBT_ASSET_RATIO":53.7388847731,"OPERATE_PROFIT":-47867549.87,"PRETAX_PROFIT":-47103865.2,"NETCASH_OPERATE":-11399682.7,"NETCASH_INVEST":20031970.56,"NETCASH_FINANCE":-10532520.04,"END_CASH":19298217.54,"DIVI_RATIO":null,"DIVIDEND_RATE":null,"CURRENT_RATIO":0.913541998091,"COMMON_ACS":4000000000,"CURRENTDEBT_DEBT":96.555617210586,"ISSUED_COMMON_SHARES":1687302760,"HK_COMMON_SHARES":1687302760,"PER_SHARES":10000,"TOTAL_MARKET_CAP":67492110.4,"HKSK_MARKET_CAP":67492110.4,"PE_TTM":-1.13336877246,"PB_TTM":0.169404931138,"REPORT_DATE_SQ":"2021-06-30 00:00:00","REPORT_TYPE_SQ":"2021年中报","OPERATE_INCOME_SQ":39695208.48,"DPS_HKD":null,"OPERATE_INCOME_QOQ_SQ":40.324952705111,"NET_PROFIT_RATIO_SQ":-70.066658282,"HOLDER_PROFIT_SQ":-19554712.08,"HOLDER_PROFIT_QOQ_SQ":11.75148531706,"ROE_AVG_SQ":-4.260912684923,"PE_TTM_SQ":3.98817016,"PB_TTM_SQ":0.186423279224,"ROA_SQ":-2.056591489049,"START_DATE":"2022-01-01 00:00:00","FISCAL_YEAR":"12-31","CURRENCY":"HKD","IS_CNY_CODE":0,"DPS_HKD_LY":null,"ORG_TYPE":"一般企业","PREMIUM_INCOME":null,"PREMIUM_INCOME_YOY":null,"NET_INTEREST_INCOME":null,"NET_INTEREST_INCOME_YOY":null,"FEE_COMMISSION_INCOME":null,"FEE_COMMISSION_INCOME_YOY":null,"ACCOUNTS_RECE_TDAYS":4.254278108759,"INVENTORY_TDAYS":2.452729403428,"CURRENT_ASSETS_TDAYS":0.106183882905,"TOTAL_ASSETS_TDAYS":0.049099242538,"PREMIUM_EXPENSE":null,"LOAN_DEPOSIT":null,"LOAN_EQUITY":null,"LOAN_ASSETS":null,"DEPOSIT_EQUITY":null,"DEPOSIT_ASSETS":null,"EQUITY_MULTIPLIER":2.161642656246,"EQUITY_RATIO":1.115124718981},{"SECUCODE":"00379.HK","SECURITY_CODE":"00379","SECURITY_NAME_ABBR":"恒嘉融资租赁","ORG_CODE":"10008870","STD_REPORT_DATE":"2021-12-31 00:00:00","REPORT_DATE":"2021-12-31 00:00:00","DATE_TYPE_CODE":"001","REPORT_TYPE":"2021年年报","PER_NETCASH_OPERATE":-0.041751657183,"PER_OI":0.059906194902,"BPS":0.249893097786,"BASIC_EPS":-0.01970416,"DILUTED_EPS":-0.01970416,"OPERATE_INCOME":101079888,"OPERATE_INCOME_YOY":86.7974132721,"GROSS_PROFIT":-3114238.4,"GROSS_PROFIT_YOY":77.393679973973,"HOLDER_PROFIT":-33210094.4,"HOLDER_PROFIT_YOY":83.2797520304,"GROSS_PROFIT_RATIO":-3.080967402734,"EPS_TTM":-0.019682356473,"OPERATE_INCOME_QOQ":29.315465801937,"NET_PROFIT_RATIO":-50.7223165898,"ROE_AVG":-7.495843229308,"GROSS_PROFIT_QOQ":84.388353790965,"ROA":-3.583165763428,"HOLDER_PROFIT_QOQ":81.594406565077,"ROE_YEARLY":-7.495843229308,"ROIC_YEARLY":-3.958937921994,"TOTAL_ASSETS":884231947.2,"TOTAL_LIABILITIES":462558017.6,"TAX_EBT":-7.05408358372,"OCF_SALES":-69.695057833859,"TOTAL_PARENT_EQUITY":421645313.6,"DEBT_ASSET_RATIO":52.3118418267,"OPERATE_PROFIT":-65269825.6,"PRETAX_PROFIT":-47891737.6,"NETCASH_OPERATE":-70447686.4,"NETCASH_INVEST":-33080096,"NETCASH_FINANCE":11747276.8,"END_CASH":19049262.4,"DIVI_RATIO":null,"DIVIDEND_RATE":null,"CURRENT_RATIO":0.893260993509,"COMMON_ACS":4000000000,"CURRENTDEBT_DEBT":96.726651830929,"ISSUED_COMMON_SHARES":1687302760,"HK_COMMON_SHARES":1687302760,"PER_SHARES":10000,"TOTAL_MARKET_CAP":224411267.08,"HKSK_MARKET_CAP":224411267.08,"PE_TTM":-3.76845116843,"PB_TTM":0.563271396035,"REPORT_DATE_SQ":"2020-12-31 00:00:00","REPORT_TYPE_SQ":"2020年年报","OPERATE_INCOME_SQ":55703101.76,"DPS_HKD":null,"OPERATE_INCOME_QOQ_SQ":7.232615915441,"NET_PROFIT_RATIO_SQ":-538.7676779886,"HOLDER_PROFIT_SQ":-204462130.12,"HOLDER_PROFIT_QOQ_SQ":-209.970044998558,"ROE_AVG_SQ":-37.132035442597,"PE_TTM_SQ":6.1356464,"PB_TTM_SQ":0.286805044959,"ROA_SQ":-17.781715720774,"START_DATE":"2021-01-01 00:00:00","FISCAL_YEAR":"12-31","CURRENCY":"HKD","IS_CNY_CODE":0,"DPS_HKD_LY":null,"ORG_TYPE":"一般企业","PREMIUM_INCOME":null,"PREMIUM_INCOME_YOY":null,"NET_INTEREST_INCOME":null,"NET_INTEREST_INCOME_YOY":null,"FEE_COMMISSION_INCOME":null,"FEE_COMMISSION_INCOME_YOY":null,"ACCOUNTS_RECE_TDAYS":14.886213124624,"INVENTORY_TDAYS":7.111948211396,"CURRENT_ASSETS_TDAYS":0.22045253129,"TOTAL_ASSETS_TDAYS":0.109059007689,"PREMIUM_EXPENSE":null,"LOAN_DEPOSIT":null,"LOAN_EQUITY":null,"LOAN_ASSETS":null,"DEPOSIT_EQUITY":null,"DEPOSIT_ASSETS":null,"EQUITY_MULTIPLIER":2.09695664145,"EQUITY_RATIO":1.097031089118},{"SECUCODE":"00379.HK","SECURITY_CODE":"00379","SECURITY_NAME_ABBR":"恒嘉融资租赁","ORG_CODE":"10008870","STD_REPORT_DATE":"2021-06-30 00:00:00","REPORT_DATE":"2021-06-30 00:00:00","DATE_TYPE_CODE":"002","REPORT_TYPE":"2021年中报","PER_NETCASH_OPERATE":-0.042785500381,"PER_OI":0.023525836276,"BPS":0.263847781959,"BASIC_EPS":-0.011565912,"DILUTED_EPS":-0.011565912,"OPERATE_INCOME":39695208.48,"OPERATE_INCOME_YOY":152.8675924944,"GROSS_PROFIT":-5847026.16,"GROSS_PROFIT_YOY":-1898.06345096743,"HOLDER_PROFIT":-19554712.08,"HOLDER_PROFIT_YOY":50.744047619,"GROSS_PROFIT_RATIO":-14.72980337903,"EPS_TTM":-0.106936820823,"OPERATE_INCOME_QOQ":40.324952705111,"NET_PROFIT_RATIO":-70.066658282,"ROE_AVG":-4.260912684923,"GROSS_PROFIT_QOQ":-44.804204011133,"ROA":-2.056591489049,"HOLDER_PROFIT_QOQ":11.75148531706,"ROE_YEARLY":-8.521825369845,"ROIC_YEARLY":-4.762445158218,"TOTAL_ASSETS":915051689.28,"TOTAL_LIABILITIES":471882552.96,"TAX_EBT":0.262576833562,"OCF_SALES":-181.866012660881,"TOTAL_PARENT_EQUITY":445191090.72,"DEBT_ASSET_RATIO":51.568950529,"OPERATE_PROFIT":-29640353.76,"PRETAX_PROFIT":-27886329.12,"NETCASH_OPERATE":-72192092.88,"NETCASH_INVEST":-6938715.12,"NETCASH_FINANCE":-797132.64,"END_CASH":30426669.36,"DIVI_RATIO":null,"DIVIDEND_RATE":null,"CURRENT_RATIO":1.169144531546,"COMMON_ACS":4000000000,"CURRENTDEBT_DEBT":95.441288493278,"ISSUED_COMMON_SHARES":1687302760,"HK_COMMON_SHARES":1687302760,"PER_SHARES":10000,"TOTAL_MARKET_CAP":67492110.4,"HKSK_MARKET_CAP":67492110.4,"PE_TTM":-1.13336877246,"PB_TTM":0.169404931138,"REPORT_DATE_SQ":"2020-06-30 00:00:00","REPORT_TYPE_SQ":"2020年中报","OPERATE_INCOME_SQ":17232959.04,"DPS_HKD":null,"OPERATE_INCOME_QOQ_SQ":-18.502235967695,"NET_PROFIT_RATIO_SQ":-383.1124774727,"HOLDER_PROFIT_SQ":-43582049.28,"HOLDER_PROFIT_QOQ_SQ":-115.739692786158,"ROE_AVG_SQ":-6.568747646619,"PE_TTM_SQ":3.98817016,"PB_TTM_SQ":0.186423279224,"ROA_SQ":-3.202612997123,"START_DATE":"2021-01-01 00:00:00","FISCAL_YEAR":"12-31","CURRENCY":"HKD","IS_CNY_CODE":0,"DPS_HKD_LY":null,"ORG_TYPE":"一般企业","PREMIUM_INCOME":null,"PREMIUM_INCOME_YOY":null,"NET_INTEREST_INCOME":null,"NET_INTEREST_INCOME_YOY":null,"FEE_COMMISSION_INCOME":null,"FEE_COMMISSION_INCOME_YOY":null,"ACCOUNTS_RECE_TDAYS":14.522374429224,"INVENTORY_TDAYS":2.666975271044,"CURRENT_ASSETS_TDAYS":0.075389284532,"TOTAL_ASSETS_TDAYS":0.041747905866,"PREMIUM_EXPENSE":null,"LOAN_DEPOSIT":null,"LOAN_EQUITY":null,"LOAN_ASSETS":null,"DEPOSIT_EQUITY":null,"DEPOSIT_ASSETS":null,"EQUITY_MULTIPLIER":2.06479110183,"EQUITY_RATIO":1.059955068276},{"SECUCODE":"00379.HK","SECURITY_CODE":"00379","SECURITY_NAME_ABBR":"恒嘉融资租赁","ORG_CODE":"10008870","STD_REPORT_DATE":"2020-12-31 00:00:00","REPORT_DATE":"2020-12-31 00:00:00","DATE_TYPE_CODE":"001","REPORT_TYPE":"2020年年报","PER_NETCASH_OPERATE":-0.120713015914,"PER_OI":0.033013104157,"BPS":0.28335433015,"BASIC_EPS":-0.135419876,"DILUTED_EPS":-0.135419876,"OPERATE_INCOME":55703101.76,"OPERATE_INCOME_YOY":-6.9861569812,"GROSS_PROFIT":-13775963.52,"GROSS_PROFIT_YOY":-170.541421560821,"HOLDER_PROFIT":-204462130.12,"HOLDER_PROFIT_YOY":-611.7455759991,"GROSS_PROFIT_RATIO":-24.731052822434,"EPS_TTM":-0.121176907291,"OPERATE_INCOME_QOQ":7.232615915441,"NET_PROFIT_RATIO":-538.7676779886,"ROE_AVG":-37.132035442597,"GROSS_PROFIT_QOQ":-188.551584963793,"ROA":-17.781715720774,"HOLDER_PROFIT_QOQ":-209.970044998558,"ROE_YEARLY":-37.132035442597,"ROIC_YEARLY":-21.729754001435,"TOTAL_ASSETS":997946014.24,"TOTAL_LIABILITIES":514324520.72,"TAX_EBT":-4.079065273801,"OCF_SALES":-365.651819170797,"TOTAL_PARENT_EQUITY":478104543.32,"DEBT_ASSET_RATIO":51.5383110289,"OPERATE_PROFIT":-283252258.72,"PRETAX_PROFIT":-288348388.92,"NETCASH_OPERATE":-203679404.92,"NETCASH_INVEST":198049674.96,"NETCASH_FINANCE":26900497.68,"END_CASH":111502992.12,"DIVI_RATIO":null,"DIVIDEND_RATE":null,"CURRENT_RATIO":1.114068708835,"COMMON_ACS":4000000000,"CURRENTDEBT_DEBT":92.945975931847,"ISSUED_COMMON_SHARES":1687302760,"HK_COMMON_SHARES":1687302760,"PER_SHARES":10000,"TOTAL_MARKET_CAP":224411267.08,"HKSK_MARKET_CAP":224411267.08,"PE_TTM":-3.76845116843,"PB_TTM":0.563271396035,"REPORT_DATE_SQ":"2019-12-31 00:00:00","REPORT_TYPE_SQ":"2019年年报","OPERATE_INCOME_SQ":63739225.9,"DPS_HKD":null,"OPERATE_INCOME_QOQ_SQ":2.740010186459,"NET_PROFIT_RATIO_SQ":-71.6225142295,"HOLDER_PROFIT_SQ":-30574762.96,"HOLDER_PROFIT_QOQ_SQ":90.902519906449,"ROE_AVG_SQ":-4.466498642986,"PE_TTM_SQ":6.1356464,"PB_TTM_SQ":0.286805044959,"ROA_SQ":-1.992789479062,"START_DATE":"2020-01-01 00:00:00","FISCAL_YEAR":"12-31","CURRENCY":"HKD","IS_CNY_CODE":0,"DPS_HKD_LY":null,"ORG_TYPE":"一般企业","PREMIUM_INCOME":null,"PREMIUM_INCOME_YOY":null,"NET_INTEREST_INCOME":null,"NET_INTEREST_INCOME_YOY":null,"FEE_COMMISSION_INCOME":null,"FEE_COMMISSION_INCOME_YOY":null,"ACCOUNTS_RECE_TDAYS":22.239247311828,"INVENTORY_TDAYS":7.789026749068,"CURRENT_ASSETS_TDAYS":0.092545166877,"TOTAL_ASSETS_TDAYS":0.048444018444,"PREMIUM_EXPENSE":null,"LOAN_DEPOSIT":null,"LOAN_EQUITY":null,"LOAN_ASSETS":null,"DEPOSIT_EQUITY":null,"DEPOSIT_ASSETS":null,"EQUITY_MULTIPLIER":2.063485654816,"EQUITY_RATIO":1.075757442396},{"SECUCODE":"00379.HK","SECURITY_CODE":"00379","SECURITY_NAME_ABBR":"恒嘉融资租赁","ORG_CODE":"10008870","STD_REPORT_DATE":"2020-06-30 00:00:00","REPORT_DATE":"2020-06-30 00:00:00","DATE_TYPE_CODE":"002","REPORT_TYPE":"2020年中报","PER_NETCASH_OPERATE":-0.04903304271,"PER_OI":0.012048469402,"BPS":0.38559956858,"BASIC_EPS":-0.03105696,"DILUTED_EPS":-0.03105696,"OPERATE_INCOME":17232959.04,"OPERATE_INCOME_YOY":-42.8251053126,"GROSS_PROFIT":325184.64,"GROSS_PROFIT_YOY":-96.71140621506,"HOLDER_PROFIT":-43582049.28,"HOLDER_PROFIT_YOY":-412.1511378274,"GROSS_PROFIT_RATIO":34.331601823386,"EPS_TTM":-0.046117438576,"OPERATE_INCOME_QOQ":-18.502235967695,"NET_PROFIT_RATIO":-383.1124774727,"ROE_AVG":-6.568747646619,"GROSS_PROFIT_QOQ":-20.338612132506,"ROA":-3.202612997123,"HOLDER_PROFIT_QOQ":-115.739692786158,"ROE_YEARLY":-13.137495293237,"ROIC_YEARLY":-7.625772624528,"TOTAL_ASSETS":1308860868.48,"TOTAL_LIABILITIES":572550586.08,"TAX_EBT":0.10918086709,"OCF_SALES":-406.964910420863,"TOTAL_PARENT_EQUITY":650623216.32,"DEBT_ASSET_RATIO":43.7441900715,"OPERATE_PROFIT":-82650791.52,"PRETAX_PROFIT":-66093778.08,"NETCASH_OPERATE":-70132096.32,"NETCASH_INVEST":-45822717.6,"NETCASH_FINANCE":29453872.8,"END_CASH":9788423.04,"DIVI_RATIO":null,"DIVIDEND_RATE":null,"CURRENT_RATIO":1.796812928611,"COMMON_ACS":4000000000,"CURRENTDEBT_DEBT":88.472687765133,"ISSUED_COMMON_SHARES":1687302760,"HK_COMMON_SHARES":1687302760,"PER_SHARES":10000,"TOTAL_MARKET_CAP":67492110.4,"HKSK_MARKET_CAP":67492110.4,"PE_TTM":-1.13336877246,"PB_TTM":0.169404931138,"REPORT_DATE_SQ":"2019-06-30 00:00:00","REPORT_TYPE_SQ":"2019年中报","OPERATE_INCOME_SQ":29026141.02,"DPS_HKD":null,"OPERATE_INCOME_QOQ_SQ":-21.782308686631,"NET_PROFIT_RATIO_SQ":-49.7620995848,"HOLDER_PROFIT_SQ":-8194912.56,"HOLDER_PROFIT_QOQ_SQ":-3.081659166425,"ROE_AVG_SQ":-1.19181109615,"PE_TTM_SQ":3.98817016,"PB_TTM_SQ":0.186423279224,"ROA_SQ":-0.516737817959,"START_DATE":"2020-01-01 00:00:00","FISCAL_YEAR":"12-31","CURRENCY":"HKD","IS_CNY_CODE":0,"DPS_HKD_LY":null,"ORG_TYPE":"一般企业","PREMIUM_INCOME":null,"PREMIUM_INCOME_YOY":null,"NET_INTEREST_INCOME":null,"NET_INTEREST_INCOME_YOY":null,"FEE_COMMISSION_INCOME":null,"FEE_COMMISSION_INCOME_YOY":null,"ACCOUNTS_RECE_TDAYS":null,"INVENTORY_TDAYS":1.306994408693,"CURRENT_ASSETS_TDAYS":0.021032869293,"TOTAL_ASSETS_TDAYS":0.012663585011,"PREMIUM_EXPENSE":null,"LOAN_DEPOSIT":null,"LOAN_EQUITY":null,"LOAN_ASSETS":null,"DEPOSIT_EQUITY":null,"DEPOSIT_ASSETS":null,"EQUITY_MULTIPLIER":1.77759417431,"EQUITY_RATIO":0.880003313313}],"count":46},"success":true,"message":"ok","code":0}