{"version":"3aa69cdb6670104937504b420915d3a6","result":{"pages":6,"data":[{"SECUCODE":"00370.HK","SECURITY_CODE":"00370","SECURITY_NAME_ABBR":"国华","ORG_CODE":"10008861","STD_REPORT_DATE":"2024-06-30 00:00:00","REPORT_DATE":"2024-09-30 00:00:00","DATE_TYPE_CODE":"002","REPORT_TYPE":"2024年中报","PER_NETCASH_OPERATE":0.006507630897,"PER_OI":0.027670258584,"BPS":0.29817349923,"BASIC_EPS":-0.014067924,"DILUTED_EPS":-0.014067924,"OPERATE_INCOME":57872373.25,"OPERATE_INCOME_YOY":-39.2063431917,"GROSS_PROFIT":14508899.31,"GROSS_PROFIT_YOY":-35.75003476437,"HOLDER_PROFIT":-29465988.25,"HOLDER_PROFIT_YOY":20.0024482801,"GROSS_PROFIT_RATIO":25.070510323335,"EPS_TTM":-0.056808128044,"OPERATE_INCOME_QOQ":0,"NET_PROFIT_RATIO":-56.599922088,"ROE_AVG":-4.632744250541,"GROSS_PROFIT_QOQ":0,"ROA":-1.92197855266,"HOLDER_PROFIT_QOQ":0,"ROE_YEARLY":-9.265488501082,"ROIC_YEARLY":-4.002147135097,"TOTAL_ASSETS":1512486696.95,"TOTAL_LIABILITIES":856163033.16,"TAX_EBT":-1.313419601541,"OCF_SALES":23.518504090378,"TOTAL_PARENT_EQUITY":623630169.13,"DEBT_ASSET_RATIO":56.6063182497,"OPERATE_PROFIT":-19515637.39,"PRETAX_PROFIT":-32544699.31,"NETCASH_OPERATE":13610716.47,"NETCASH_INVEST":-8148574.44,"NETCASH_FINANCE":-27215120.41,"END_CASH":15688440.63,"DIVI_RATIO":null,"DIVIDEND_RATE":null,"CURRENT_RATIO":1.123641878889,"COMMON_ACS":25000000000,"CURRENTDEBT_DEBT":97.641889016688,"ISSUED_COMMON_SHARES":2091500991,"HK_COMMON_SHARES":2091500991,"PER_SHARES":6000,"TOTAL_MARKET_CAP":1003920475.68,"HKSK_MARKET_CAP":1003920475.68,"PE_TTM":-8.169127979689,"PB_TTM":1.451702452154,"REPORT_DATE_SQ":"2023-06-30 00:00:00","REPORT_TYPE_SQ":"2023年中报","OPERATE_INCOME_SQ":96866858.06,"DPS_HKD":null,"OPERATE_INCOME_QOQ_SQ":0,"NET_PROFIT_RATIO_SQ":-39.6959301127,"HOLDER_PROFIT_SQ":-37480597.35,"HOLDER_PROFIT_QOQ_SQ":0,"ROE_AVG_SQ":-4.770907103098,"PE_TTM_SQ":-0.917610525644,"PB_TTM_SQ":0.355417276173,"ROA_SQ":-2.178134558002,"START_DATE":"2024-04-01 00:00:00","FISCAL_YEAR":"3-31","CURRENCY":"HKD","IS_CNY_CODE":0,"DPS_HKD_LY":null,"ORG_TYPE":"一般企业","PREMIUM_INCOME":null,"PREMIUM_INCOME_YOY":null,"NET_INTEREST_INCOME":null,"NET_INTEREST_INCOME_YOY":null,"FEE_COMMISSION_INCOME":null,"FEE_COMMISSION_INCOME_YOY":null,"ACCOUNTS_RECE_TDAYS":0.170830621472,"INVENTORY_TDAYS":9.818478815722,"CURRENT_ASSETS_TDAYS":0.06063466328,"TOTAL_ASSETS_TDAYS":0.037748423448,"PREMIUM_EXPENSE":null,"LOAN_DEPOSIT":null,"LOAN_EQUITY":null,"LOAN_ASSETS":null,"DEPOSIT_EQUITY":null,"DEPOSIT_ASSETS":null,"EQUITY_MULTIPLIER":2.304482956192,"EQUITY_RATIO":1.372869812175},{"SECUCODE":"00370.HK","SECURITY_CODE":"00370","SECURITY_NAME_ABBR":"国华","ORG_CODE":"10008861","STD_REPORT_DATE":"2023-12-31 00:00:00","REPORT_DATE":"2024-03-31 00:00:00","DATE_TYPE_CODE":"001","REPORT_TYPE":"2023年年报","PER_NETCASH_OPERATE":-0.000026006681,"PER_OI":0.093177605145,"BPS":0.311674473024,"BASIC_EPS":-0.06255195,"DILUTED_EPS":-0.06255195,"OPERATE_INCOME":194881053.5,"OPERATE_INCOME_YOY":-57.4034260351,"GROSS_PROFIT":32948559.75,"GROSS_PROFIT_YOY":-63.660547796313,"HOLDER_PROFIT":-118814256.1,"HOLDER_PROFIT_YOY":60.7355456825,"GROSS_PROFIT_RATIO":16.907010280504,"EPS_TTM":-0.141500292581,"OPERATE_INCOME_QOQ":0,"NET_PROFIT_RATIO":-61.3029725078,"ROE_AVG":-16.798610091958,"GROSS_PROFIT_QOQ":0,"ROA":-7.246807936533,"HOLDER_PROFIT_QOQ":0,"ROE_YEARLY":-16.798610091958,"ROIC_YEARLY":-7.626539206598,"TOTAL_ASSETS":1561928537.35,"TOTAL_LIABILITIES":874698365.75,"TAX_EBT":-2.625943260313,"OCF_SALES":-0.027910871284,"TOTAL_PARENT_EQUITY":651867469.2,"DEBT_ASSET_RATIO":56.0011770599,"OPERATE_PROFIT":-88634300.05,"PRETAX_PROFIT":-116410992.05,"NETCASH_OPERATE":-54393,"NETCASH_INVEST":-76723139.6,"NETCASH_FINANCE":69654769.25,"END_CASH":31035739.25,"DIVI_RATIO":null,"DIVIDEND_RATE":null,"CURRENT_RATIO":1.121471092294,"COMMON_ACS":25000000000,"CURRENTDEBT_DEBT":99.359910453794,"ISSUED_COMMON_SHARES":2091500991,"HK_COMMON_SHARES":2091500991,"PER_SHARES":6000,"TOTAL_MARKET_CAP":543790257.66,"HKSK_MARKET_CAP":543790257.66,"PE_TTM":-4.424944322332,"PB_TTM":0.78633882825,"REPORT_DATE_SQ":"2022-12-31 00:00:00","REPORT_TYPE_SQ":"2022年年报","OPERATE_INCOME_SQ":441788787.65,"DPS_HKD":null,"OPERATE_INCOME_QOQ_SQ":0,"NET_PROFIT_RATIO_SQ":-65.81197428,"HOLDER_PROFIT_SQ":-292205730.13,"HOLDER_PROFIT_QOQ_SQ":0,"ROE_AVG_SQ":-32.553229254439,"PE_TTM_SQ":-1.295814863916,"PB_TTM_SQ":0.50190682919,"ROA_SQ":-15.763366970898,"START_DATE":"2023-04-01 00:00:00","FISCAL_YEAR":"3-31","CURRENCY":"HKD","IS_CNY_CODE":0,"DPS_HKD_LY":null,"ORG_TYPE":"一般企业","PREMIUM_INCOME":null,"PREMIUM_INCOME_YOY":null,"NET_INTEREST_INCOME":null,"NET_INTEREST_INCOME_YOY":null,"FEE_COMMISSION_INCOME":null,"FEE_COMMISSION_INCOME_YOY":null,"ACCOUNTS_RECE_TDAYS":0.512930026581,"INVENTORY_TDAYS":35.378292731234,"CURRENT_ASSETS_TDAYS":0.193951303309,"TOTAL_ASSETS_TDAYS":0.11886330913,"PREMIUM_EXPENSE":null,"LOAN_DEPOSIT":null,"LOAN_EQUITY":null,"LOAN_ASSETS":null,"DEPOSIT_EQUITY":null,"DEPOSIT_ASSETS":null,"EQUITY_MULTIPLIER":2.272788072902,"EQUITY_RATIO":1.341834662839},{"SECUCODE":"00370.HK","SECURITY_CODE":"00370","SECURITY_NAME_ABBR":"国华","ORG_CODE":"10008861","STD_REPORT_DATE":"2023-06-30 00:00:00","REPORT_DATE":"2023-09-30 00:00:00","DATE_TYPE_CODE":"002","REPORT_TYPE":"2023年中报","PER_NETCASH_OPERATE":0.000906441636,"PER_OI":0.046314516932,"BPS":0.382112095007,"BASIC_EPS":-0.021931357,"DILUTED_EPS":-0.021931357,"OPERATE_INCOME":96866858.06,"OPERATE_INCOME_YOY":-62.4286861345,"GROSS_PROFIT":22581956.67,"GROSS_PROFIT_YOY":-49.302751218755,"HOLDER_PROFIT":-37480597.35,"HOLDER_PROFIT_YOY":-9.4952148621,"GROSS_PROFIT_RATIO":23.438876703598,"EPS_TTM":-0.191574520051,"OPERATE_INCOME_QOQ":0,"NET_PROFIT_RATIO":-39.6959301127,"ROE_AVG":-4.770907103098,"GROSS_PROFIT_QOQ":0,"ROA":-2.178134558002,"HOLDER_PROFIT_QOQ":0,"ROE_YEARLY":-9.541814206195,"ROIC_YEARLY":-4.675368380568,"TOTAL_ASSETS":1703394733.74,"TOTAL_LIABILITIES":862957604.6,"TAX_EBT":-7.252847611558,"OCF_SALES":1.936524005024,"TOTAL_PARENT_EQUITY":799187825.38,"DEBT_ASSET_RATIO":50.6610468793,"OPERATE_PROFIT":-21956133.01,"PRETAX_PROFIT":-36172056.97,"NETCASH_OPERATE":1895823.58,"NETCASH_INVEST":-15629074.16,"NETCASH_FINANCE":76898311.63,"END_CASH":95515189.07,"DIVI_RATIO":null,"DIVIDEND_RATE":null,"CURRENT_RATIO":1.284737689586,"COMMON_ACS":25000000000,"CURRENTDEBT_DEBT":99.255332723677,"ISSUED_COMMON_SHARES":2091500991,"HK_COMMON_SHARES":2091500991,"PER_SHARES":6000,"TOTAL_MARKET_CAP":543790257.66,"HKSK_MARKET_CAP":543790257.66,"PE_TTM":-4.424944322332,"PB_TTM":0.78633882825,"REPORT_DATE_SQ":"2022-06-30 00:00:00","REPORT_TYPE_SQ":"2022年中报","OPERATE_INCOME_SQ":256821164.64,"DPS_HKD":null,"OPERATE_INCOME_QOQ_SQ":0,"NET_PROFIT_RATIO_SQ":-13.2474749609,"HOLDER_PROFIT_SQ":-33738325.32,"HOLDER_PROFIT_QOQ_SQ":0,"ROE_AVG_SQ":-3.200028137395,"PE_TTM_SQ":-1.295814863916,"PB_TTM_SQ":0.50190682919,"ROA_SQ":-1.658690326967,"START_DATE":"2023-04-01 00:00:00","FISCAL_YEAR":"3-31","CURRENCY":"HKD","IS_CNY_CODE":0,"DPS_HKD_LY":null,"ORG_TYPE":"一般企业","PREMIUM_INCOME":null,"PREMIUM_INCOME_YOY":null,"NET_INTEREST_INCOME":null,"NET_INTEREST_INCOME_YOY":null,"FEE_COMMISSION_INCOME":null,"FEE_COMMISSION_INCOME_YOY":null,"ACCOUNTS_RECE_TDAYS":0.25098760897,"INVENTORY_TDAYS":15.791203479942,"CURRENT_ASSETS_TDAYS":0.091153607576,"TOTAL_ASSETS_TDAYS":0.056892266729,"PREMIUM_EXPENSE":null,"LOAN_DEPOSIT":null,"LOAN_EQUITY":null,"LOAN_ASSETS":null,"DEPOSIT_EQUITY":null,"DEPOSIT_ASSETS":null,"EQUITY_MULTIPLIER":2.026796145337,"EQUITY_RATIO":1.079793231572},{"SECUCODE":"00370.HK","SECURITY_CODE":"00370","SECURITY_NAME_ABBR":"国华","ORG_CODE":"10008861","STD_REPORT_DATE":"2022-12-31 00:00:00","REPORT_DATE":"2023-03-31 00:00:00","DATE_TYPE_CODE":"001","REPORT_TYPE":"2022年年报","PER_NETCASH_OPERATE":-0.009346484375,"PER_OI":0.289643447171,"BPS":0.352142347644,"BASIC_EPS":-0.17333118,"DILUTED_EPS":-0.17333118,"OPERATE_INCOME":441788787.65,"OPERATE_INCOME_YOY":-41.2125476291,"GROSS_PROFIT":90668839.93,"GROSS_PROFIT_YOY":-14.323587091167,"HOLDER_PROFIT":-292205730.13,"HOLDER_PROFIT_YOY":-5157.410615845,"GROSS_PROFIT_RATIO":20.523119296959,"EPS_TTM":-0.020934150029,"OPERATE_INCOME_QOQ":0,"NET_PROFIT_RATIO":-65.81197428,"ROE_AVG":-32.553229254439,"GROSS_PROFIT_QOQ":0,"ROA":-15.763366970898,"HOLDER_PROFIT_QOQ":0,"ROE_YEARLY":-32.553229254439,"ROIC_YEARLY":-16.561336902017,"TOTAL_ASSETS":1658165730.19,"TOTAL_LIABILITIES":878705043.24,"TAX_EBT":-5.079158177147,"OCF_SALES":-3.226893087494,"TOTAL_PARENT_EQUITY":736506069.07,"DEBT_ASSET_RATIO":52.9925946027,"OPERATE_PROFIT":-244363698.22,"PRETAX_PROFIT":-276696091.16,"NETCASH_OPERATE":-14256051.85,"NETCASH_INVEST":72023482.34,"NETCASH_FINANCE":-26410244.29,"END_CASH":43887804.94,"DIVI_RATIO":null,"DIVIDEND_RATE":null,"CURRENT_RATIO":1.13770790127,"COMMON_ACS":25000000000,"CURRENTDEBT_DEBT":99.96582862107,"ISSUED_COMMON_SHARES":2091500991,"HK_COMMON_SHARES":2091500991,"PER_SHARES":6000,"TOTAL_MARKET_CAP":585620277.48,"HKSK_MARKET_CAP":585620277.48,"PE_TTM":-4.765324654819,"PB_TTM":0.846826430423,"REPORT_DATE_SQ":"2021-12-31 00:00:00","REPORT_TYPE_SQ":"2021年年报","OPERATE_INCOME_SQ":696217211.57,"DPS_HKD":null,"OPERATE_INCOME_QOQ_SQ":0,"NET_PROFIT_RATIO_SQ":-1.2956968142,"HOLDER_PROFIT_SQ":-5149102.49,"HOLDER_PROFIT_QOQ_SQ":0,"ROE_AVG_SQ":-0.549799789398,"PE_TTM_SQ":-0.768808818783,"PB_TTM_SQ":0.297782042199,"ROA_SQ":-0.285620713327,"START_DATE":"2022-04-01 00:00:00","FISCAL_YEAR":"3-31","CURRENCY":"HKD","IS_CNY_CODE":0,"DPS_HKD_LY":null,"ORG_TYPE":"一般企业","PREMIUM_INCOME":null,"PREMIUM_INCOME_YOY":null,"NET_INTEREST_INCOME":null,"NET_INTEREST_INCOME_YOY":null,"FEE_COMMISSION_INCOME":null,"FEE_COMMISSION_INCOME_YOY":null,"ACCOUNTS_RECE_TDAYS":0.866336782384,"INVENTORY_TDAYS":73.961276046469,"CURRENT_ASSETS_TDAYS":0.378514174453,"TOTAL_ASSETS_TDAYS":0.238327933551,"PREMIUM_EXPENSE":null,"LOAN_DEPOSIT":null,"LOAN_EQUITY":null,"LOAN_ASSETS":null,"DEPOSIT_EQUITY":null,"DEPOSIT_ASSETS":null,"EQUITY_MULTIPLIER":2.127324389738,"EQUITY_RATIO":1.193072372573},{"SECUCODE":"00370.HK","SECURITY_CODE":"00370","SECURITY_NAME_ABBR":"国华","ORG_CODE":"10008861","STD_REPORT_DATE":"2022-06-30 00:00:00","REPORT_DATE":"2022-09-30 00:00:00","DATE_TYPE_CODE":"002","REPORT_TYPE":"2022年中报","PER_NETCASH_OPERATE":-0.022829730727,"PER_OI":0.168375860846,"BPS":0.485189559482,"BASIC_EPS":-0.019988124,"DILUTED_EPS":-0.019988124,"OPERATE_INCOME":256821164.64,"OPERATE_INCOME_YOY":-41.8659023441,"GROSS_PROFIT":44542765.56,"GROSS_PROFIT_YOY":-27.194814263262,"HOLDER_PROFIT":-33738325.32,"HOLDER_PROFIT_YOY":-346.6890192791,"GROSS_PROFIT_RATIO":17.343884263759,"EPS_TTM":-0.003375829891,"OPERATE_INCOME_QOQ":0,"NET_PROFIT_RATIO":-13.2474749609,"ROE_AVG":-3.200028137395,"GROSS_PROFIT_QOQ":0,"ROA":-1.658690326967,"HOLDER_PROFIT_QOQ":0,"ROE_YEARLY":-6.400056274789,"ROIC_YEARLY":-3.484962149628,"TOTAL_ASSETS":1950875271.12,"TOTAL_LIABILITIES":894736263.24,"TAX_EBT":-6.232702626377,"OCF_SALES":-13.558790798574,"TOTAL_PARENT_EQUITY":1014774444.48,"DEBT_ASSET_RATIO":45.8633248617,"OPERATE_PROFIT":-12999516.12,"PRETAX_PROFIT":-32026220.4,"NETCASH_OPERATE":-34821844.44,"NETCASH_INVEST":5480906.4,"NETCASH_FINANCE":54531400.92,"END_CASH":59424421.32,"DIVI_RATIO":null,"DIVIDEND_RATE":null,"CURRENT_RATIO":1.388471915178,"COMMON_ACS":25000000000,"CURRENTDEBT_DEBT":100,"ISSUED_COMMON_SHARES":2091500991,"HK_COMMON_SHARES":2091500991,"PER_SHARES":6000,"TOTAL_MARKET_CAP":585620277.48,"HKSK_MARKET_CAP":585620277.48,"PE_TTM":-4.765324654819,"PB_TTM":0.846826430423,"REPORT_DATE_SQ":"2021-06-30 00:00:00","REPORT_TYPE_SQ":"2021年中报","OPERATE_INCOME_SQ":406908157,"DPS_HKD":null,"OPERATE_INCOME_QOQ_SQ":0,"NET_PROFIT_RATIO_SQ":-1.8030504658,"HOLDER_PROFIT_SQ":-6956884.06,"HOLDER_PROFIT_QOQ_SQ":0,"ROE_AVG_SQ":-0.727505247647,"PE_TTM_SQ":-0.768808818783,"PB_TTM_SQ":0.297782042199,"ROA_SQ":-0.381271014477,"START_DATE":"2022-04-01 00:00:00","FISCAL_YEAR":"3-31","CURRENCY":"HKD","IS_CNY_CODE":0,"DPS_HKD_LY":null,"ORG_TYPE":"一般企业","PREMIUM_INCOME":null,"PREMIUM_INCOME_YOY":null,"NET_INTEREST_INCOME":null,"NET_INTEREST_INCOME_YOY":null,"FEE_COMMISSION_INCOME":null,"FEE_COMMISSION_INCOME_YOY":null,"ACCOUNTS_RECE_TDAYS":0.432507684294,"INVENTORY_TDAYS":60.530496453901,"CURRENT_ASSETS_TDAYS":0.195930838117,"TOTAL_ASSETS_TDAYS":0.12626198174,"PREMIUM_EXPENSE":null,"LOAN_DEPOSIT":null,"LOAN_EQUITY":null,"LOAN_ASSETS":null,"DEPOSIT_EQUITY":null,"DEPOSIT_ASSETS":null,"EQUITY_MULTIPLIER":1.847176608917,"EQUITY_RATIO":0.881709495255},{"SECUCODE":"00370.HK","SECURITY_CODE":"00370","SECURITY_NAME_ABBR":"国华","ORG_CODE":"10008861","STD_REPORT_DATE":"2021-12-31 00:00:00","REPORT_DATE":"2022-03-31 00:00:00","DATE_TYPE_CODE":"001","REPORT_TYPE":"2021年年报","PER_NETCASH_OPERATE":-0.02162838754,"PER_OI":0.456450590816,"BPS":0.468972175232,"BASIC_EPS":-0.003649545,"DILUTED_EPS":-0.003649545,"OPERATE_INCOME":696217211.57,"OPERATE_INCOME_YOY":-18.3720954557,"GROSS_PROFIT":105827072.88,"GROSS_PROFIT_YOY":17.246925122152,"HOLDER_PROFIT":-5149102.49,"HOLDER_PROFIT_YOY":85.2170066126,"GROSS_PROFIT_RATIO":15.200295413748,"EPS_TTM":0.001546117686,"OPERATE_INCOME_QOQ":0,"NET_PROFIT_RATIO":-1.2956968142,"ROE_AVG":-0.549799789398,"GROSS_PROFIT_QOQ":0,"ROA":-0.285620713327,"HOLDER_PROFIT_QOQ":0,"ROE_YEARLY":-0.549799789398,"ROIC_YEARLY":-0.299265858286,"TOTAL_ASSETS":1898483576.88,"TOTAL_LIABILITIES":876198983.8,"TAX_EBT":-922.334558823529,"OCF_SALES":-4.738385265657,"TOTAL_PARENT_EQUITY":980855769.25,"DEBT_ASSET_RATIO":46.152571161,"OPERATE_PROFIT":31035730.68,"PRETAX_PROFIT":-882378.88,"NETCASH_OPERATE":-32989453.77,"NETCASH_INVEST":-89765019.83,"NETCASH_FINANCE":111003749.71,"END_CASH":37346199.49,"DIVI_RATIO":null,"DIVIDEND_RATE":null,"CURRENT_RATIO":1.416537626598,"COMMON_ACS":25000000000,"CURRENTDEBT_DEBT":99.644476943298,"ISSUED_COMMON_SHARES":2091500991,"HK_COMMON_SHARES":2091500991,"PER_SHARES":6000,"TOTAL_MARKET_CAP":585620277.48,"HKSK_MARKET_CAP":585620277.48,"PE_TTM":-4.765324654819,"PB_TTM":0.846826430423,"REPORT_DATE_SQ":"2020-12-31 00:00:00","REPORT_TYPE_SQ":"2020年年报","OPERATE_INCOME_SQ":885128380.44,"DPS_HKD":null,"OPERATE_INCOME_QOQ_SQ":112.806894535121,"NET_PROFIT_RATIO_SQ":-4.3212183278,"HOLDER_PROFIT_SQ":-36146754.72,"HOLDER_PROFIT_QOQ_SQ":70.938943006651,"ROE_AVG_SQ":-3.876887080293,"PE_TTM_SQ":-0.768808818783,"PB_TTM_SQ":0.297782042199,"ROA_SQ":-2.604826401009,"START_DATE":"2021-04-01 00:00:00","FISCAL_YEAR":"3-31","CURRENCY":"HKD","IS_CNY_CODE":0,"DPS_HKD_LY":null,"ORG_TYPE":"一般企业","PREMIUM_INCOME":null,"PREMIUM_INCOME_YOY":null,"NET_INTEREST_INCOME":null,"NET_INTEREST_INCOME_YOY":null,"FEE_COMMISSION_INCOME":null,"FEE_COMMISSION_INCOME_YOY":null,"ACCOUNTS_RECE_TDAYS":1.460532180955,"INVENTORY_TDAYS":15.100115122538,"CURRENT_ASSETS_TDAYS":0.601029257273,"TOTAL_ASSETS_TDAYS":0.386191684834,"PREMIUM_EXPENSE":null,"LOAN_DEPOSIT":null,"LOAN_EQUITY":null,"LOAN_ASSETS":null,"DEPOSIT_EQUITY":null,"DEPOSIT_ASSETS":null,"EQUITY_MULTIPLIER":1.857098883941,"EQUITY_RATIO":0.893300535378},{"SECUCODE":"00370.HK","SECURITY_CODE":"00370","SECURITY_NAME_ABBR":"国华","ORG_CODE":"10008861","STD_REPORT_DATE":"2021-06-30 00:00:00","REPORT_DATE":"2021-09-30 00:00:00","DATE_TYPE_CODE":"002","REPORT_TYPE":"2021年中报","PER_NETCASH_OPERATE":0.017495907393,"PER_OI":0.26677517531,"BPS":0.476235262219,"BASIC_EPS":-0.005248278,"DILUTED_EPS":-0.005248278,"OPERATE_INCOME":406908157,"OPERATE_INCOME_YOY":82.818196109,"GROSS_PROFIT":61180759.46,"GROSS_PROFIT_YOY":250.012597665461,"HOLDER_PROFIT":-6956884.06,"HOLDER_PROFIT_YOY":83.2208157525,"GROSS_PROFIT_RATIO":15.035520524107,"EPS_TTM":-0.023698362054,"OPERATE_INCOME_QOQ":0,"NET_PROFIT_RATIO":-1.8030504658,"ROE_AVG":-0.727505247647,"GROSS_PROFIT_QOQ":0,"ROA":-0.381271014477,"HOLDER_PROFIT_QOQ":0,"ROE_YEARLY":-1.455010495293,"ROIC_YEARLY":-0.804470974358,"TOTAL_ASSETS":1895830463.58,"TOTAL_LIABILITIES":855282708.56,"TAX_EBT":-282.580364900087,"OCF_SALES":6.558296652677,"TOTAL_PARENT_EQUITY":996046522.88,"DEBT_ASSET_RATIO":45.1138814884,"OPERATE_PROFIT":13028225.34,"PRETAX_PROFIT":-1917704.12,"NETCASH_OPERATE":26686244.04,"NETCASH_INVEST":-92492985.68,"NETCASH_FINANCE":72818607.66,"END_CASH":57611930.42,"DIVI_RATIO":null,"DIVIDEND_RATE":null,"CURRENT_RATIO":1.496407231447,"COMMON_ACS":25000000000,"CURRENTDEBT_DEBT":98.017972563886,"ISSUED_COMMON_SHARES":2091500991,"HK_COMMON_SHARES":2091500991,"PER_SHARES":6000,"TOTAL_MARKET_CAP":585620277.48,"HKSK_MARKET_CAP":585620277.48,"PE_TTM":-4.765324654819,"PB_TTM":0.846826430423,"REPORT_DATE_SQ":"2020-06-30 00:00:00","REPORT_TYPE_SQ":"2020年中报","OPERATE_INCOME_SQ":244051072.32,"DPS_HKD":null,"OPERATE_INCOME_QOQ_SQ":28.148556193862,"NET_PROFIT_RATIO_SQ":-19.7538719505,"HOLDER_PROFIT_SQ":-45461908.8,"HOLDER_PROFIT_QOQ_SQ":-30.911035689926,"ROE_AVG_SQ":-4.576892623726,"PE_TTM_SQ":-0.768808818783,"PB_TTM_SQ":0.297782042199,"ROA_SQ":-3.371139268286,"START_DATE":"2021-04-01 00:00:00","FISCAL_YEAR":"3-31","CURRENCY":"HKD","IS_CNY_CODE":0,"DPS_HKD_LY":null,"ORG_TYPE":"一般企业","PREMIUM_INCOME":null,"PREMIUM_INCOME_YOY":null,"NET_INTEREST_INCOME":null,"NET_INTEREST_INCOME_YOY":null,"FEE_COMMISSION_INCOME":null,"FEE_COMMISSION_INCOME_YOY":null,"ACCOUNTS_RECE_TDAYS":0.948243143947,"INVENTORY_TDAYS":4.436179196374,"CURRENT_ASSETS_TDAYS":0.344277085081,"TOTAL_ASSETS_TDAYS":0.223005420933,"PREMIUM_EXPENSE":null,"LOAN_DEPOSIT":null,"LOAN_EQUITY":null,"LOAN_ASSETS":null,"DEPOSIT_EQUITY":null,"DEPOSIT_ASSETS":null,"EQUITY_MULTIPLIER":1.821954306695,"EQUITY_RATIO":0.858677470292},{"SECUCODE":"00370.HK","SECURITY_CODE":"00370","SECURITY_NAME_ABBR":"国华","ORG_CODE":"10008861","STD_REPORT_DATE":"2020-12-31 00:00:00","REPORT_DATE":"2020-12-31 00:00:00","DATE_TYPE_CODE":"001","REPORT_TYPE":"2020年年报","PER_NETCASH_OPERATE":-0.017028852364,"PER_OI":0.870455438661,"BPS":0.441831213533,"BASIC_EPS":-0.035517208,"DILUTED_EPS":-0.035517208,"OPERATE_INCOME":885128380.44,"OPERATE_INCOME_YOY":190.2514551612,"GROSS_PROFIT":90259998.52,"GROSS_PROFIT_YOY":91.455938741253,"HOLDER_PROFIT":-36146754.72,"HOLDER_PROFIT_YOY":59.5086124808,"GROSS_PROFIT_RATIO":10.197390628818,"EPS_TTM":-0.035547543081,"OPERATE_INCOME_QOQ":112.806894535121,"NET_PROFIT_RATIO":-4.3212183278,"ROE_AVG":-3.876887080293,"GROSS_PROFIT_QOQ":89.602680463847,"ROA":-2.604826401009,"HOLDER_PROFIT_QOQ":70.938943006651,"ROE_YEARLY":-3.876887080293,"ROIC_YEARLY":-2.7751330042,"TOTAL_ASSETS":1751949956.96,"TOTAL_LIABILITIES":780232142.9,"TAX_EBT":-24.105631110383,"OCF_SALES":-1.956315235468,"TOTAL_PARENT_EQUITY":929818860.74,"DEBT_ASSET_RATIO":45.9104798971,"OPERATE_PROFIT":-13541145.96,"PRETAX_PROFIT":-30819173.52,"NETCASH_OPERATE":-17315901.36,"NETCASH_INVEST":-180252355.52,"NETCASH_FINANCE":172696111.6,"END_CASH":48093834.52,"DIVI_RATIO":null,"DIVIDEND_RATE":null,"CURRENT_RATIO":1.90178358485,"COMMON_ACS":25000000000,"CURRENTDEBT_DEBT":98.33462419637,"ISSUED_COMMON_SHARES":2091500991,"HK_COMMON_SHARES":2091500991,"PER_SHARES":6000,"TOTAL_MARKET_CAP":585620277.48,"HKSK_MARKET_CAP":585620277.48,"PE_TTM":-4.765324654819,"PB_TTM":0.846826430423,"REPORT_DATE_SQ":"2019-12-31 00:00:00","REPORT_TYPE_SQ":"2019年年报","OPERATE_INCOME_SQ":324568863.18,"DPS_HKD":null,"OPERATE_INCOME_QOQ_SQ":93.239094064381,"NET_PROFIT_RATIO_SQ":-29.2815133124,"HOLDER_PROFIT_SQ":-95012697.26,"HOLDER_PROFIT_QOQ_SQ":-14.705575600206,"ROE_AVG_SQ":-9.016220645664,"PE_TTM_SQ":-0.768808818783,"PB_TTM_SQ":0.297782042199,"ROA_SQ":-8.550887158473,"START_DATE":"2020-01-01 00:00:00","FISCAL_YEAR":"12-31","CURRENCY":"HKD","IS_CNY_CODE":0,"DPS_HKD_LY":null,"ORG_TYPE":"一般企业","PREMIUM_INCOME":null,"PREMIUM_INCOME_YOY":null,"NET_INTEREST_INCOME":null,"NET_INTEREST_INCOME_YOY":null,"FEE_COMMISSION_INCOME":null,"FEE_COMMISSION_INCOME_YOY":null,"ACCOUNTS_RECE_TDAYS":2.887770092344,"INVENTORY_TDAYS":10.266749285241,"CURRENT_ASSETS_TDAYS":1.031691772971,"TOTAL_ASSETS_TDAYS":0.637845856844,"PREMIUM_EXPENSE":null,"LOAN_DEPOSIT":null,"LOAN_EQUITY":null,"LOAN_ASSETS":null,"DEPOSIT_EQUITY":null,"DEPOSIT_ASSETS":null,"EQUITY_MULTIPLIER":1.848786970374,"EQUITY_RATIO":0.839122732227},{"SECUCODE":"00370.HK","SECURITY_CODE":"00370","SECURITY_NAME_ABBR":"国华","ORG_CODE":"10008861","STD_REPORT_DATE":"2020-06-30 00:00:00","REPORT_DATE":"2020-06-30 00:00:00","DATE_TYPE_CODE":"002","REPORT_TYPE":"2020年中报","PER_NETCASH_OPERATE":-0.014661835899,"PER_OI":0.048001078212,"BPS":0.461724812255,"BASIC_EPS":-0.039003888,"DILUTED_EPS":-0.039003888,"OPERATE_INCOME":244051072.32,"OPERATE_INCOME_YOY":53.9238843632,"GROSS_PROFIT":17479587.84,"GROSS_PROFIT_YOY":2.707631012951,"HOLDER_PROFIT":-45461908.8,"HOLDER_PROFIT_YOY":-172.0564119383,"GROSS_PROFIT_RATIO":7.162266354266,"EPS_TTM":-0.024464040016,"OPERATE_INCOME_QOQ":28.148556193862,"NET_PROFIT_RATIO":-19.7538719505,"ROE_AVG":-4.576892623726,"GROSS_PROFIT_QOQ":0.977443078796,"ROA":-3.371139268286,"HOLDER_PROFIT_QOQ":-30.911035689926,"ROE_YEARLY":-9.153785247453,"ROIC_YEARLY":-7.452846929126,"TOTAL_ASSETS":1607661707.52,"TOTAL_LIABILITIES":587355621.6,"TAX_EBT":-0.629194630872,"OCF_SALES":-30.544805335769,"TOTAL_PARENT_EQUITY":965697902.4,"DEBT_ASSET_RATIO":36.5347771146,"OPERATE_PROFIT":-40431594.72,"PRETAX_PROFIT":-47908101.12,"NETCASH_OPERATE":-74544924.96,"NETCASH_INVEST":-99281793.6,"NETCASH_FINANCE":192413395.68,"END_CASH":106862432.16,"DIVI_RATIO":null,"DIVIDEND_RATE":null,"CURRENT_RATIO":2.553649066403,"COMMON_ACS":25000000000,"CURRENTDEBT_DEBT":62.883447509001,"ISSUED_COMMON_SHARES":2091500991,"HK_COMMON_SHARES":2091500991,"PER_SHARES":6000,"TOTAL_MARKET_CAP":585620277.48,"HKSK_MARKET_CAP":585620277.48,"PE_TTM":-4.765324654819,"PB_TTM":0.846826430423,"REPORT_DATE_SQ":"2019-06-30 00:00:00","REPORT_TYPE_SQ":"2019年中报","OPERATE_INCOME_SQ":152689623.48,"DPS_HKD":null,"OPERATE_INCOME_QOQ_SQ":-12.069777088037,"NET_PROFIT_RATIO_SQ":-10.546843494,"HOLDER_PROFIT_SQ":-16092500.04,"HOLDER_PROFIT_QOQ_SQ":-25.157573761739,"ROE_AVG_SQ":-1.490774336418,"PE_TTM_SQ":-0.768808818783,"PB_TTM_SQ":0.297782042199,"ROA_SQ":-1.422726449071,"START_DATE":"2020-01-01 00:00:00","FISCAL_YEAR":"12-31","CURRENCY":"HKD","IS_CNY_CODE":0,"DPS_HKD_LY":null,"ORG_TYPE":"一般企业","PREMIUM_INCOME":null,"PREMIUM_INCOME_YOY":null,"NET_INTEREST_INCOME":null,"NET_INTEREST_INCOME_YOY":null,"FEE_COMMISSION_INCOME":null,"FEE_COMMISSION_INCOME_YOY":null,"ACCOUNTS_RECE_TDAYS":0.891114635395,"INVENTORY_TDAYS":3.26925966443,"CURRENT_ASSETS_TDAYS":0.307165760154,"TOTAL_ASSETS_TDAYS":0.180971317545,"PREMIUM_EXPENSE":null,"LOAN_DEPOSIT":null,"LOAN_EQUITY":null,"LOAN_ASSETS":null,"DEPOSIT_EQUITY":null,"DEPOSIT_ASSETS":null,"EQUITY_MULTIPLIER":1.575666096384,"EQUITY_RATIO":0.608218802319}],"count":46},"success":true,"message":"ok","code":0}