{"version":"dfe1ae06efad334786b0253d234f4254","result":{"pages":6,"data":[{"SECUCODE":"00375.HK","SECURITY_CODE":"00375","SECURITY_NAME_ABBR":"YGM TRADING","ORG_CODE":"10008866","STD_REPORT_DATE":"2024-06-30 00:00:00","REPORT_DATE":"2024-09-30 00:00:00","DATE_TYPE_CODE":"002","REPORT_TYPE":"2024年中报","PER_NETCASH_OPERATE":0.066406675786,"PER_OI":0.481298883846,"BPS":2.393576271065,"BASIC_EPS":-0.01172327,"DILUTED_EPS":-0.01172327,"OPERATE_INCOME":79830057.96,"OPERATE_INCOME_YOY":-16.9365886614,"GROSS_PROFIT":49219698.2,"GROSS_PROFIT_YOY":-29.89707929842,"HOLDER_PROFIT":-1881133.94,"HOLDER_PROFIT_YOY":71.9284080205,"GROSS_PROFIT_RATIO":61.655596222493,"EPS_TTM":-0.027989487603,"OPERATE_INCOME_QOQ":0,"NET_PROFIT_RATIO":-2.9528715377,"ROE_AVG":-0.467476121965,"GROSS_PROFIT_QOQ":0,"ROA":-0.371313454595,"HOLDER_PROFIT_QOQ":0,"ROE_YEARLY":-0.93495224393,"ROIC_YEARLY":-0.920651208465,"TOTAL_ASSETS":497757419.14,"TOTAL_LIABILITIES":95630320.55,"TAX_EBT":-3.157063930545,"OCF_SALES":13.797388278885,"TOTAL_PARENT_EQUITY":397007636.76,"DEBT_ASSET_RATIO":19.2122340869,"OPERATE_PROFIT":-1085755.16,"PRETAX_PROFIT":-2285135.86,"NETCASH_OPERATE":11014463.06,"NETCASH_INVEST":3145443.52,"NETCASH_FINANCE":-16331416.9,"END_CASH":91969053.15,"DIVI_RATIO":-3.2388945909,"DIVIDEND_RATE":10.869565217391,"CURRENT_RATIO":2.225061648121,"COMMON_ACS":null,"CURRENTDEBT_DEBT":76.864538639257,"ISSUED_COMMON_SHARES":165863792,"HK_COMMON_SHARES":165863792,"PER_SHARES":1000,"TOTAL_MARKET_CAP":152594688.64,"HKSK_MARKET_CAP":152594688.64,"PE_TTM":681.226288571429,"PB_TTM":0.346613897384,"REPORT_DATE_SQ":"2023-06-30 00:00:00","REPORT_TYPE_SQ":"2023年中报","OPERATE_INCOME_SQ":97795499.62,"DPS_HKD":0.1,"OPERATE_INCOME_QOQ_SQ":0,"NET_PROFIT_RATIO_SQ":-7.4445924897,"HOLDER_PROFIT_SQ":-6818908.53,"HOLDER_PROFIT_QOQ_SQ":0,"ROE_AVG_SQ":-1.622389897561,"PE_TTM_SQ":67.875807738095,"PB_TTM_SQ":0.409418917852,"ROA_SQ":-1.260483889435,"START_DATE":"2024-04-01 00:00:00","FISCAL_YEAR":"3-31","CURRENCY":"HKD","IS_CNY_CODE":0,"DPS_HKD_LY":0.1,"ORG_TYPE":"一般企业","PREMIUM_INCOME":null,"PREMIUM_INCOME_YOY":null,"NET_INTEREST_INCOME":null,"NET_INTEREST_INCOME_YOY":null,"FEE_COMMISSION_INCOME":null,"FEE_COMMISSION_INCOME_YOY":null,"ACCOUNTS_RECE_TDAYS":2.553773367182,"INVENTORY_TDAYS":0.940250962577,"CURRENT_ASSETS_TDAYS":0.484019388333,"TOTAL_ASSETS_TDAYS":0.157575034777,"PREMIUM_EXPENSE":null,"LOAN_DEPOSIT":null,"LOAN_EQUITY":null,"LOAN_ASSETS":null,"DEPOSIT_EQUITY":null,"DEPOSIT_ASSETS":null,"EQUITY_MULTIPLIER":1.237811181802,"EQUITY_RATIO":0.240877785955},{"SECUCODE":"00375.HK","SECURITY_CODE":"00375","SECURITY_NAME_ABBR":"YGM TRADING","ORG_CODE":"10008866","STD_REPORT_DATE":"2023-12-31 00:00:00","REPORT_DATE":"2024-03-31 00:00:00","DATE_TYPE_CODE":"001","REPORT_TYPE":"2023年年报","PER_NETCASH_OPERATE":0.224194647919,"PER_OI":1.303197320184,"BPS":2.471601290775,"BASIC_EPS":-0.0271965,"DILUTED_EPS":-0.0271965,"OPERATE_INCOME":216153249.25,"OPERATE_INCOME_YOY":11.3511014389,"GROSS_PROFIT":151359401.1,"GROSS_PROFIT_YOY":20.203807107883,"HOLDER_PROFIT":-4642442.55,"HOLDER_PROFIT_YOY":62.8131580858,"GROSS_PROFIT_RATIO":70.024115587057,"EPS_TTM":0.016476724227,"OPERATE_INCOME_QOQ":0,"NET_PROFIT_RATIO":-2.4891479858,"ROE_AVG":-1.110085060999,"GROSS_PROFIT_QOQ":0,"ROA":-0.886185474242,"HOLDER_PROFIT_QOQ":0,"ROE_YEARLY":-1.110085060999,"ROIC_YEARLY":-1.112263459398,"TOTAL_ASSETS":518195765.15,"TOTAL_LIABILITIES":102621460,"TAX_EBT":1.591775824905,"OCF_SALES":17.203430704385,"TOTAL_PARENT_EQUITY":409949162.4,"DEBT_ASSET_RATIO":19.8036083854,"OPERATE_PROFIT":-2093223.95,"PRETAX_PROFIT":-5467403.05,"NETCASH_OPERATE":37185774.45,"NETCASH_INVEST":1443227.6,"NETCASH_FINANCE":-50734164.2,"END_CASH":93734550.35,"DIVI_RATIO":5.502003842025,"DIVIDEND_RATE":11.111111111111,"CURRENT_RATIO":2.282171540299,"COMMON_ACS":null,"CURRENTDEBT_DEBT":71.386042402827,"ISSUED_COMMON_SHARES":165863792,"HK_COMMON_SHARES":165863792,"PER_SHARES":1000,"TOTAL_MARKET_CAP":149277412.8,"HKSK_MARKET_CAP":149277412.8,"PE_TTM":666.417021428572,"PB_TTM":0.339078812658,"REPORT_DATE_SQ":"2022-12-31 00:00:00","REPORT_TYPE_SQ":"2022年年报","OPERATE_INCOME_SQ":187450667.89,"DPS_HKD":0.1,"OPERATE_INCOME_QOQ_SQ":0,"NET_PROFIT_RATIO_SQ":-6.8631525856,"HOLDER_PROFIT_SQ":-12055271.11,"HOLDER_PROFIT_QOQ_SQ":0,"ROE_AVG_SQ":-2.841074372152,"PE_TTM_SQ":67.875807738095,"PB_TTM_SQ":0.409418917852,"ROA_SQ":-2.308527268232,"START_DATE":"2023-04-01 00:00:00","FISCAL_YEAR":"3-31","CURRENCY":"HKD","IS_CNY_CODE":0,"DPS_HKD_LY":0.1,"ORG_TYPE":"一般企业","PREMIUM_INCOME":null,"PREMIUM_INCOME_YOY":null,"NET_INTEREST_INCOME":null,"NET_INTEREST_INCOME_YOY":null,"FEE_COMMISSION_INCOME":null,"FEE_COMMISSION_INCOME_YOY":null,"ACCOUNTS_RECE_TDAYS":6.818077835921,"INVENTORY_TDAYS":1.993167684542,"CURRENT_ASSETS_TDAYS":1.24177458121,"TOTAL_ASSETS_TDAYS":0.412610102618,"PREMIUM_EXPENSE":null,"LOAN_DEPOSIT":null,"LOAN_EQUITY":null,"LOAN_ASSETS":null,"DEPOSIT_EQUITY":null,"DEPOSIT_ASSETS":null,"EQUITY_MULTIPLIER":1.246938895712,"EQUITY_RATIO":0.25032728302},{"SECUCODE":"00375.HK","SECURITY_CODE":"00375","SECURITY_NAME_ABBR":"YGM TRADING","ORG_CODE":"10008866","STD_REPORT_DATE":"2023-06-30 00:00:00","REPORT_DATE":"2023-09-30 00:00:00","DATE_TYPE_CODE":"002","REPORT_TYPE":"2023年中报","PER_NETCASH_OPERATE":0.06800464299,"PER_OI":0.589613311264,"BPS":2.465428332665,"BASIC_EPS":-0.04129335,"DILUTED_EPS":-0.04129335,"OPERATE_INCOME":97795499.62,"OPERATE_INCOME_YOY":22.0890803281,"GROSS_PROFIT":70210624.19,"GROSS_PROFIT_YOY":32.962516669992,"HOLDER_PROFIT":-6818908.53,"HOLDER_PROFIT_YOY":68.8949351193,"GROSS_PROFIT_RATIO":71.79330793627,"EPS_TTM":-0.072681752688,"OPERATE_INCOME_QOQ":0,"NET_PROFIT_RATIO":-7.4445924897,"ROE_AVG":-1.622389897561,"GROSS_PROFIT_QOQ":0,"ROA":-1.260483889435,"HOLDER_PROFIT_QOQ":0,"ROE_YEARLY":-3.244779795122,"ROIC_YEARLY":-3.167455049397,"TOTAL_ASSETS":545938462.72,"TOTAL_LIABILITIES":131042152.15,"TAX_EBT":-4.780771262546,"OCF_SALES":11.533769962655,"TOTAL_PARENT_EQUITY":408925292.16,"DEBT_ASSET_RATIO":24.0030994514,"OPERATE_PROFIT":-5357123.94,"PRETAX_PROFIT":-6948294.36,"NETCASH_OPERATE":11279507.96,"NETCASH_INVEST":-252348.25,"NETCASH_FINANCE":-17903878.93,"END_CASH":99867508.16,"DIVI_RATIO":-1.247286927565,"DIVIDEND_RATE":11.111111111111,"CURRENT_RATIO":2.043669335749,"COMMON_ACS":null,"CURRENTDEBT_DEBT":68.038233955394,"ISSUED_COMMON_SHARES":165863792,"HK_COMMON_SHARES":165863792,"PER_SHARES":1000,"TOTAL_MARKET_CAP":149277412.8,"HKSK_MARKET_CAP":149277412.8,"PE_TTM":666.417021428572,"PB_TTM":0.339078812658,"REPORT_DATE_SQ":"2022-06-30 00:00:00","REPORT_TYPE_SQ":"2022年中报","OPERATE_INCOME_SQ":78950376.48,"DPS_HKD":0.1,"OPERATE_INCOME_QOQ_SQ":0,"NET_PROFIT_RATIO_SQ":-27.9888191358,"HOLDER_PROFIT_SQ":-21607071.6,"HOLDER_PROFIT_QOQ_SQ":0,"ROE_AVG_SQ":-5.049341514295,"PE_TTM_SQ":67.875807738095,"PB_TTM_SQ":0.409418917852,"ROA_SQ":-4.080935420777,"START_DATE":"2023-04-01 00:00:00","FISCAL_YEAR":"3-31","CURRENCY":"HKD","IS_CNY_CODE":0,"DPS_HKD_LY":0.1,"ORG_TYPE":"一般企业","PREMIUM_INCOME":null,"PREMIUM_INCOME_YOY":null,"NET_INTEREST_INCOME":null,"NET_INTEREST_INCOME_YOY":null,"FEE_COMMISSION_INCOME":null,"FEE_COMMISSION_INCOME_YOY":null,"ACCOUNTS_RECE_TDAYS":2.989494943828,"INVENTORY_TDAYS":0.766129340554,"CURRENT_ASSETS_TDAYS":0.535319084813,"TOTAL_ASSETS_TDAYS":0.180776221279,"PREMIUM_EXPENSE":null,"LOAN_DEPOSIT":null,"LOAN_EQUITY":null,"LOAN_ASSETS":null,"DEPOSIT_EQUITY":null,"DEPOSIT_ASSETS":null,"EQUITY_MULTIPLIER":1.315843136735,"EQUITY_RATIO":0.320454994255},{"SECUCODE":"00375.HK","SECURITY_CODE":"00375","SECURITY_NAME_ABBR":"YGM TRADING","ORG_CODE":"10008866","STD_REPORT_DATE":"2022-12-31 00:00:00","REPORT_DATE":"2023-03-31 00:00:00","DATE_TYPE_CODE":"001","REPORT_TYPE":"2022年年报","PER_NETCASH_OPERATE":0.204829434323,"PER_OI":1.130148211552,"BPS":2.48284371697,"BASIC_EPS":-0.0700328,"DILUTED_EPS":-0.0700328,"OPERATE_INCOME":187450667.89,"OPERATE_INCOME_YOY":1.2482918733,"GROSS_PROFIT":125918974.4,"GROSS_PROFIT_YOY":15.463846972446,"HOLDER_PROFIT":-12055271.11,"HOLDER_PROFIT_YOY":-519.3361753959,"GROSS_PROFIT_RATIO":67.174460255267,"EPS_TTM":-0.040280470375,"OPERATE_INCOME_QOQ":0,"NET_PROFIT_RATIO":-6.8631525856,"ROE_AVG":-2.841074372152,"GROSS_PROFIT_QOQ":0,"ROA":-2.308527268232,"HOLDER_PROFIT_QOQ":0,"ROE_YEARLY":-2.841074372152,"ROIC_YEARLY":-2.97339255216,"TOTAL_ASSETS":511350617.07,"TOTAL_LIABILITIES":93239919.1,"TAX_EBT":0.507751675581,"OCF_SALES":18.124121440814,"TOTAL_PARENT_EQUITY":411813873.84,"DEBT_ASSET_RATIO":18.2340484176,"OPERATE_PROFIT":-18964882.24,"PRETAX_PROFIT":-12930681.11,"NETCASH_OPERATE":33973786.69,"NETCASH_INVEST":1851492.15,"NETCASH_FINANCE":-39804017.29,"END_CASH":103399927.56,"DIVI_RATIO":-2.25059437378,"DIVIDEND_RATE":11.111111111111,"CURRENT_RATIO":2.916339143521,"COMMON_ACS":null,"CURRENTDEBT_DEBT":64.259693925453,"ISSUED_COMMON_SHARES":165863792,"HK_COMMON_SHARES":165863792,"PER_SHARES":1000,"TOTAL_MARKET_CAP":149277412.8,"HKSK_MARKET_CAP":149277412.8,"PE_TTM":666.417021428572,"PB_TTM":0.339078812658,"REPORT_DATE_SQ":"2021-12-31 00:00:00","REPORT_TYPE_SQ":"2021年年报","OPERATE_INCOME_SQ":171519693.89,"DPS_HKD":0.1,"OPERATE_INCOME_QOQ_SQ":0,"NET_PROFIT_RATIO_SQ":1.0118729579,"HOLDER_PROFIT_SQ":2663356.84,"HOLDER_PROFIT_QOQ_SQ":0,"ROE_AVG_SQ":0.632826019093,"PE_TTM_SQ":67.875807738095,"PB_TTM_SQ":0.409418917852,"ROA_SQ":0.505390161512,"START_DATE":"2022-04-01 00:00:00","FISCAL_YEAR":"3-31","CURRENCY":"HKD","IS_CNY_CODE":0,"DPS_HKD_LY":0.05,"ORG_TYPE":"一般企业","PREMIUM_INCOME":null,"PREMIUM_INCOME_YOY":null,"NET_INTEREST_INCOME":null,"NET_INTEREST_INCOME_YOY":null,"FEE_COMMISSION_INCOME":null,"FEE_COMMISSION_INCOME_YOY":null,"ACCOUNTS_RECE_TDAYS":5.43309144423,"INVENTORY_TDAYS":1.940371847783,"CURRENT_ASSETS_TDAYS":0.994688127838,"TOTAL_ASSETS_TDAYS":0.358959142705,"PREMIUM_EXPENSE":null,"LOAN_DEPOSIT":null,"LOAN_EQUITY":null,"LOAN_ASSETS":null,"DEPOSIT_EQUITY":null,"DEPOSIT_ASSETS":null,"EQUITY_MULTIPLIER":1.223002950063,"EQUITY_RATIO":0.226412768056},{"SECUCODE":"00375.HK","SECURITY_CODE":"00375","SECURITY_NAME_ABBR":"YGM TRADING","ORG_CODE":"10008866","STD_REPORT_DATE":"2022-06-30 00:00:00","REPORT_DATE":"2022-09-30 00:00:00","DATE_TYPE_CODE":"002","REPORT_TYPE":"2022年中报","PER_NETCASH_OPERATE":0.012759804744,"PER_OI":0.475995246027,"BPS":2.438889448277,"BASIC_EPS":-0.13023936,"DILUTED_EPS":-0.13023936,"OPERATE_INCOME":78950376.48,"OPERATE_INCOME_YOY":-15.229086954,"GROSS_PROFIT":52804824.96,"GROSS_PROFIT_YOY":-1.191593661071,"HOLDER_PROFIT":-21607071.6,"HOLDER_PROFIT_YOY":-62.2961956522,"GROSS_PROFIT_RATIO":66.883563213124,"EPS_TTM":0.016057493971,"OPERATE_INCOME_QOQ":0,"NET_PROFIT_RATIO":-27.9888191358,"ROE_AVG":-5.049341514295,"GROSS_PROFIT_QOQ":0,"ROA":-4.080935420777,"HOLDER_PROFIT_QOQ":0,"ROE_YEARLY":-10.09868302859,"ROIC_YEARLY":-10.429923270866,"TOTAL_ASSETS":508188556.08,"TOTAL_LIABILITIES":97011138.84,"TAX_EBT":-0.118837847806,"OCF_SALES":2.680658021354,"TOTAL_PARENT_EQUITY":404523452.16,"DEBT_ASSET_RATIO":19.0895953243,"OPERATE_PROFIT":-21106916.28,"PRETAX_PROFIT":-22071049.32,"NETCASH_OPERATE":2116389.6,"NETCASH_INVEST":-373533.72,"NETCASH_FINANCE":-15671231.88,"END_CASH":95428368.84,"DIVI_RATIO":5.645650570714,"DIVIDEND_RATE":11.111111111111,"CURRENT_RATIO":2.902803711675,"COMMON_ACS":null,"CURRENTDEBT_DEBT":65.407743727916,"ISSUED_COMMON_SHARES":165863792,"HK_COMMON_SHARES":165863792,"PER_SHARES":1000,"TOTAL_MARKET_CAP":149277412.8,"HKSK_MARKET_CAP":149277412.8,"PE_TTM":666.417021428572,"PB_TTM":0.339078812658,"REPORT_DATE_SQ":"2021-06-30 00:00:00","REPORT_TYPE_SQ":"2021年中报","OPERATE_INCOME_SQ":85783520.44,"DPS_HKD":0.1,"OPERATE_INCOME_QOQ_SQ":0,"NET_PROFIT_RATIO_SQ":-14.9562025366,"HOLDER_PROFIT_SQ":-12262643.2,"HOLDER_PROFIT_QOQ_SQ":0,"ROE_AVG_SQ":-2.820863659534,"PE_TTM_SQ":67.875807738095,"PB_TTM_SQ":0.409418917852,"ROA_SQ":-2.175185156726,"START_DATE":"2022-04-01 00:00:00","FISCAL_YEAR":"3-31","CURRENCY":"HKD","IS_CNY_CODE":0,"DPS_HKD_LY":0.05,"ORG_TYPE":"一般企业","PREMIUM_INCOME":null,"PREMIUM_INCOME_YOY":null,"NET_INTEREST_INCOME":null,"NET_INTEREST_INCOME_YOY":null,"FEE_COMMISSION_INCOME":null,"FEE_COMMISSION_INCOME_YOY":null,"ACCOUNTS_RECE_TDAYS":2.127153544362,"INVENTORY_TDAYS":0.692780540411,"CURRENT_ASSETS_TDAYS":0.401717465036,"TOTAL_ASSETS_TDAYS":0.149113861344,"PREMIUM_EXPENSE":null,"LOAN_DEPOSIT":null,"LOAN_EQUITY":null,"LOAN_ASSETS":null,"DEPOSIT_EQUITY":null,"DEPOSIT_ASSETS":null,"EQUITY_MULTIPLIER":1.235934987605,"EQUITY_RATIO":0.239815858196},{"SECUCODE":"00375.HK","SECURITY_CODE":"00375","SECURITY_NAME_ABBR":"YGM TRADING","ORG_CODE":"10008866","STD_REPORT_DATE":"2021-12-31 00:00:00","REPORT_DATE":"2022-03-31 00:00:00","DATE_TYPE_CODE":"001","REPORT_TYPE":"2021年年报","PER_NETCASH_OPERATE":-0.019538899484,"PER_OI":1.034099677945,"BPS":2.439907849086,"BASIC_EPS":0.0162202,"DILUTED_EPS":0.0162202,"OPERATE_INCOME":171519693.89,"OPERATE_INCOME_YOY":-2.1704035045,"GROSS_PROFIT":109054892.68,"GROSS_PROFIT_YOY":-5.247867805932,"HOLDER_PROFIT":2663356.84,"HOLDER_PROFIT_YOY":127.9727427598,"GROSS_PROFIT_RATIO":63.581557433247,"EPS_TTM":-0.045980037886,"OPERATE_INCOME_QOQ":0,"NET_PROFIT_RATIO":1.0118729579,"ROE_AVG":0.632826019093,"GROSS_PROFIT_QOQ":0,"ROA":0.505390161512,"HOLDER_PROFIT_QOQ":0,"ROE_YEARLY":0.632826019093,"ROIC_YEARLY":0.659659624472,"TOTAL_ASSETS":493846697.28,"TOTAL_LIABILITIES":82121250.58,"TAX_EBT":-8.464267612772,"OCF_SALES":-1.889459971913,"TOTAL_PARENT_EQUITY":404692367.98,"DEBT_ASSET_RATIO":16.6288953702,"OPERATE_PROFIT":-12480632.89,"PRETAX_PROFIT":1600122.73,"NETCASH_OPERATE":-3240795.96,"NETCASH_INVEST":68962613.33,"NETCASH_FINANCE":-72346958.06,"END_CASH":101975586.39,"DIVI_RATIO":-1.971616470297,"DIVIDEND_RATE":11.111111111111,"CURRENT_RATIO":3.255960185538,"COMMON_ACS":null,"CURRENTDEBT_DEBT":70.047798692449,"ISSUED_COMMON_SHARES":165863792,"HK_COMMON_SHARES":165863792,"PER_SHARES":1000,"TOTAL_MARKET_CAP":149277412.8,"HKSK_MARKET_CAP":149277412.8,"PE_TTM":666.417021428572,"PB_TTM":0.339078812658,"REPORT_DATE_SQ":"2020-12-31 00:00:00","REPORT_TYPE_SQ":"2020年年报","OPERATE_INCOME_SQ":182711857.58,"DPS_HKD":0.1,"OPERATE_INCOME_QOQ_SQ":0,"NET_PROFIT_RATIO_SQ":-5.4038051448,"HOLDER_PROFIT_SQ":-9922413.2,"HOLDER_PROFIT_QOQ_SQ":0,"ROE_AVG_SQ":-2.180168452368,"PE_TTM_SQ":67.875807738095,"PB_TTM_SQ":0.409418917852,"ROA_SQ":-1.658433359655,"START_DATE":"2021-04-01 00:00:00","FISCAL_YEAR":"3-31","CURRENCY":"HKD","IS_CNY_CODE":0,"DPS_HKD_LY":0.2,"ORG_TYPE":"一般企业","PREMIUM_INCOME":null,"PREMIUM_INCOME_YOY":null,"NET_INTEREST_INCOME":null,"NET_INTEREST_INCOME_YOY":null,"FEE_COMMISSION_INCOME":null,"FEE_COMMISSION_INCOME_YOY":null,"ACCOUNTS_RECE_TDAYS":5.140902074699,"INVENTORY_TDAYS":2.071570736955,"CURRENT_ASSETS_TDAYS":0.906874379573,"TOTAL_ASSETS_TDAYS":0.325470340646,"PREMIUM_EXPENSE":null,"LOAN_DEPOSIT":null,"LOAN_EQUITY":null,"LOAN_ASSETS":null,"DEPOSIT_EQUITY":null,"DEPOSIT_ASSETS":null,"EQUITY_MULTIPLIER":1.199456339748,"EQUITY_RATIO":0.202922657005},{"SECUCODE":"00375.HK","SECURITY_CODE":"00375","SECURITY_NAME_ABBR":"YGM TRADING","ORG_CODE":"10008866","STD_REPORT_DATE":"2021-06-30 00:00:00","REPORT_DATE":"2021-09-30 00:00:00","DATE_TYPE_CODE":"002","REPORT_TYPE":"2021年中报","PER_NETCASH_OPERATE":0.011270613179,"PER_OI":0.517192567501,"BPS":2.535214942873,"BASIC_EPS":-0.07414234,"DILUTED_EPS":-0.07414234,"OPERATE_INCOME":85783520.44,"OPERATE_INCOME_YOY":13.9269355874,"GROSS_PROFIT":53441632.06,"GROSS_PROFIT_YOY":36.880982397348,"HOLDER_PROFIT":-12262643.2,"HOLDER_PROFIT_YOY":11.1540318687,"GROSS_PROFIT_RATIO":62.2982500437,"EPS_TTM":-0.059822659788,"OPERATE_INCOME_QOQ":0,"NET_PROFIT_RATIO":-14.9562025366,"ROE_AVG":-2.820863659534,"GROSS_PROFIT_QOQ":0,"ROA":-2.175185156726,"HOLDER_PROFIT_QOQ":0,"ROE_YEARLY":-5.641727319068,"ROIC_YEARLY":-5.74736766071,"TOTAL_ASSETS":552140505.16,"TOTAL_LIABILITIES":123812709.44,"TAX_EBT":1.528132992327,"OCF_SALES":2.179190863713,"TOTAL_PARENT_EQUITY":420500363.96,"DEBT_ASSET_RATIO":22.4241308658,"OPERATE_PROFIT":-12019389.68,"PRETAX_PROFIT":-13029058.4,"NETCASH_OPERATE":1869386.64,"NETCASH_INVEST":40593347.68,"NETCASH_FINANCE":-30925686.38,"END_CASH":124200082.34,"DIVI_RATIO":-1.515395676503,"DIVIDEND_RATE":11.111111111111,"CURRENT_RATIO":2.559021841106,"COMMON_ACS":null,"CURRENTDEBT_DEBT":76.737942727958,"ISSUED_COMMON_SHARES":165863792,"HK_COMMON_SHARES":165863792,"PER_SHARES":1000,"TOTAL_MARKET_CAP":149277412.8,"HKSK_MARKET_CAP":149277412.8,"PE_TTM":666.417021428572,"PB_TTM":0.339078812658,"REPORT_DATE_SQ":"2020-06-30 00:00:00","REPORT_TYPE_SQ":"2020年中报","OPERATE_INCOME_SQ":79423985.92,"DPS_HKD":0.1,"OPERATE_INCOME_QOQ_SQ":0,"NET_PROFIT_RATIO_SQ":-19.348129135,"HOLDER_PROFIT_SQ":-14558632.96,"HOLDER_PROFIT_QOQ_SQ":0,"ROE_AVG_SQ":-3.118159969436,"PE_TTM_SQ":67.875807738095,"PB_TTM_SQ":0.409418917852,"ROA_SQ":-2.344228638698,"START_DATE":"2021-04-01 00:00:00","FISCAL_YEAR":"3-31","CURRENCY":"HKD","IS_CNY_CODE":0,"DPS_HKD_LY":0.2,"ORG_TYPE":"一般企业","PREMIUM_INCOME":null,"PREMIUM_INCOME_YOY":null,"NET_INTEREST_INCOME":null,"NET_INTEREST_INCOME_YOY":null,"FEE_COMMISSION_INCOME":null,"FEE_COMMISSION_INCOME_YOY":null,"ACCOUNTS_RECE_TDAYS":2.380296340815,"INVENTORY_TDAYS":1.043054230867,"CURRENT_ASSETS_TDAYS":0.390548612823,"TOTAL_ASSETS_TDAYS":0.152165432288,"PREMIUM_EXPENSE":null,"LOAN_DEPOSIT":null,"LOAN_EQUITY":null,"LOAN_ASSETS":null,"DEPOSIT_EQUITY":null,"DEPOSIT_ASSETS":null,"EQUITY_MULTIPLIER":1.289060646256,"EQUITY_RATIO":0.294441384721},{"SECUCODE":"00375.HK","SECURITY_CODE":"00375","SECURITY_NAME_ABBR":"YGM TRADING","ORG_CODE":"10008866","STD_REPORT_DATE":"2020-12-31 00:00:00","REPORT_DATE":"2021-03-31 00:00:00","DATE_TYPE_CODE":"001","REPORT_TYPE":"2020年年报","PER_NETCASH_OPERATE":0.143655913522,"PER_OI":1.101577718541,"BPS":2.745961996817,"BASIC_EPS":-0.0591626,"DILUTED_EPS":-0.0591626,"OPERATE_INCOME":182711857.58,"OPERATE_INCOME_YOY":-19.878955444,"GROSS_PROFIT":115094922.04,"GROSS_PROFIT_YOY":-9.596325598192,"HOLDER_PROFIT":-9922413.2,"HOLDER_PROFIT_YOY":86.525107604,"GROSS_PROFIT_RATIO":62.992584917268,"EPS_TTM":-0.266742979143,"OPERATE_INCOME_QOQ":0,"NET_PROFIT_RATIO":-5.4038051448,"ROE_AVG":-2.180168452368,"GROSS_PROFIT_QOQ":0,"ROA":-1.658433359655,"HOLDER_PROFIT_QOQ":0,"ROE_YEARLY":-2.180168452368,"ROIC_YEARLY":-2.173884865577,"TOTAL_ASSETS":583733709.16,"TOTAL_LIABILITIES":111338942.12,"TAX_EBT":-67.748420448018,"OCF_SALES":13.040924040503,"TOTAL_PARENT_EQUITY":455455669.48,"DEBT_ASSET_RATIO":19.073584474,"OPERATE_PROFIT":-5882452.8,"PRETAX_PROFIT":-5885833.52,"NETCASH_OPERATE":23827314.56,"NETCASH_INVEST":1179026.1,"NETCASH_FINANCE":-37651923.82,"END_CASH":112881395.62,"DIVI_RATIO":-0.339858991945,"DIVIDEND_RATE":11.111111111111,"CURRENT_RATIO":2.443126757348,"COMMON_ACS":null,"CURRENTDEBT_DEBT":73.163344315059,"ISSUED_COMMON_SHARES":165863792,"HK_COMMON_SHARES":165863792,"PER_SHARES":1000,"TOTAL_MARKET_CAP":149277412.8,"HKSK_MARKET_CAP":149277412.8,"PE_TTM":666.417021428572,"PB_TTM":0.339078812658,"REPORT_DATE_SQ":"2019-12-31 00:00:00","REPORT_TYPE_SQ":"2019年年报","OPERATE_INCOME_SQ":246532706.6,"DPS_HKD":0.1,"OPERATE_INCOME_QOQ_SQ":0,"NET_PROFIT_RATIO_SQ":-33.1779199312,"HOLDER_PROFIT_SQ":-79606112.5,"HOLDER_PROFIT_QOQ_SQ":0,"ROE_AVG_SQ":-14.27800024418,"PE_TTM_SQ":67.875807738095,"PB_TTM_SQ":0.409418917852,"ROA_SQ":-10.591951818625,"START_DATE":"2020-04-01 00:00:00","FISCAL_YEAR":"3-31","CURRENCY":"HKD","IS_CNY_CODE":0,"DPS_HKD_LY":null,"ORG_TYPE":"一般企业","PREMIUM_INCOME":null,"PREMIUM_INCOME_YOY":null,"NET_INTEREST_INCOME":null,"NET_INTEREST_INCOME_YOY":null,"FEE_COMMISSION_INCOME":null,"FEE_COMMISSION_INCOME_YOY":null,"ACCOUNTS_RECE_TDAYS":5.4106796481,"INVENTORY_TDAYS":1.680011759641,"CURRENT_ASSETS_TDAYS":0.852260541836,"TOTAL_ASSETS_TDAYS":0.305384822933,"PREMIUM_EXPENSE":null,"LOAN_DEPOSIT":null,"LOAN_EQUITY":null,"LOAN_ASSETS":null,"DEPOSIT_EQUITY":null,"DEPOSIT_ASSETS":null,"EQUITY_MULTIPLIER":1.235690464603,"EQUITY_RATIO":0.244456155847},{"SECUCODE":"00375.HK","SECURITY_CODE":"00375","SECURITY_NAME_ABBR":"YGM TRADING","ORG_CODE":"10008866","STD_REPORT_DATE":"2020-06-30 00:00:00","REPORT_DATE":"2020-09-30 00:00:00","DATE_TYPE_CODE":"002","REPORT_TYPE":"2020年中报","PER_NETCASH_OPERATE":0.055076355182,"PER_OI":0.478850657894,"BPS":2.779157332662,"BASIC_EPS":-0.087872,"DILUTED_EPS":-0.087872,"OPERATE_INCOME":79423985.92,"OPERATE_INCOME_YOY":-35.859152131,"GROSS_PROFIT":39042408.32,"GROSS_PROFIT_YOY":-51.557037979229,"HOLDER_PROFIT":-14558632.96,"HOLDER_PROFIT_YOY":70.0641431024,"GROSS_PROFIT_RATIO":49.156949085035,"EPS_TTM":-0.479948706949,"OPERATE_INCOME_QOQ":0,"NET_PROFIT_RATIO":-19.348129135,"ROE_AVG":-3.118159969436,"GROSS_PROFIT_QOQ":0,"ROA":-2.344228638698,"HOLDER_PROFIT_QOQ":0,"ROE_YEARLY":-6.236319938871,"ROIC_YEARLY":-6.116169567922,"TOTAL_ASSETS":604895031.04,"TOTAL_LIABILITIES":127429338.24,"TAX_EBT":-4.250372578241,"OCF_SALES":11.501781249309,"TOTAL_PARENT_EQUITY":460961573.76,"DEBT_ASSET_RATIO":21.0663555991,"OPERATE_PROFIT":-13360937.6,"PRETAX_PROFIT":-14740528,"NETCASH_OPERATE":9135173.12,"NETCASH_INVEST":2448992.64,"NETCASH_FINANCE":-28880890.24,"END_CASH":111741550.08,"DIVI_RATIO":-0.188884767659,"DIVIDEND_RATE":11.111111111111,"CURRENT_RATIO":2.33479439632,"COMMON_ACS":null,"CURRENTDEBT_DEBT":72.997648551549,"ISSUED_COMMON_SHARES":165863792,"HK_COMMON_SHARES":165863792,"PER_SHARES":1000,"TOTAL_MARKET_CAP":149277412.8,"HKSK_MARKET_CAP":149277412.8,"PE_TTM":666.417021428572,"PB_TTM":0.339078812658,"REPORT_DATE_SQ":"2019-06-30 00:00:00","REPORT_TYPE_SQ":"2019年中报","OPERATE_INCOME_SQ":127109445.18,"DPS_HKD":0.1,"OPERATE_INCOME_QOQ_SQ":0,"NET_PROFIT_RATIO_SQ":-39.7770334521,"HOLDER_PROFIT_SQ":-49921743.45,"HOLDER_PROFIT_QOQ_SQ":0,"ROE_AVG_SQ":-8.719531072142,"PE_TTM_SQ":67.875807738095,"PB_TTM_SQ":0.409418917852,"ROA_SQ":-5.921281038046,"START_DATE":"2020-04-01 00:00:00","FISCAL_YEAR":"3-31","CURRENCY":"HKD","IS_CNY_CODE":0,"DPS_HKD_LY":null,"ORG_TYPE":"一般企业","PREMIUM_INCOME":null,"PREMIUM_INCOME_YOY":null,"NET_INTEREST_INCOME":null,"NET_INTEREST_INCOME_YOY":null,"FEE_COMMISSION_INCOME":null,"FEE_COMMISSION_INCOME_YOY":null,"ACCOUNTS_RECE_TDAYS":1.974312487713,"INVENTORY_TDAYS":0.919642589128,"CURRENT_ASSETS_TDAYS":0.348308285164,"TOTAL_ASSETS_TDAYS":0.127888368987,"PREMIUM_EXPENSE":null,"LOAN_DEPOSIT":null,"LOAN_EQUITY":null,"LOAN_ASSETS":null,"DEPOSIT_EQUITY":null,"DEPOSIT_ASSETS":null,"EQUITY_MULTIPLIER":1.26688689923,"EQUITY_RATIO":0.276442431417}],"count":48},"success":true,"message":"ok","code":0}