{"version":"1269f161ac2f293004a58863337fa48d","result":{"pages":6,"data":[{"SECUCODE":"00384.HK","SECURITY_CODE":"00384","SECURITY_NAME_ABBR":"中国燃气","ORG_CODE":"10008874","STD_REPORT_DATE":"2024-06-30 00:00:00","REPORT_DATE":"2024-09-30 00:00:00","DATE_TYPE_CODE":"002","REPORT_TYPE":"2024年中报","PER_NETCASH_OPERATE":0.611081708242,"PER_OI":5.824136500389,"BPS":9.455175376587,"BASIC_EPS":0.294975509,"DILUTED_EPS":0.294975509,"OPERATE_INCOME":31657520111.58,"OPERATE_INCOME_YOY":-2.6185135995,"GROSS_PROFIT":5280607194.05,"GROSS_PROFIT_YOY":0.54235032005,"HOLDER_PROFIT":1587824037.13,"HOLDER_PROFIT_YOY":-3.8059737371,"GROSS_PROFIT_RATIO":16.680419614164,"EPS_TTM":0.531187118467,"OPERATE_INCOME_QOQ":0,"NET_PROFIT_RATIO":6.4489445183,"ROE_AVG":3.171060828858,"GROSS_PROFIT_QOQ":0,"ROA":1.165396766467,"HOLDER_PROFIT_QOQ":0,"ROE_YEARLY":6.342121657715,"ROIC_YEARLY":2.598635850741,"TOTAL_ASSETS":138400892815.12,"TOTAL_LIABILITIES":80537138873.94,"TAX_EBT":22.233741037566,"OCF_SALES":10.492228473717,"TOTAL_PARENT_EQUITY":51513239644.59,"DEBT_ASSET_RATIO":58.1911989408,"OPERATE_PROFIT":3421010704.62,"PRETAX_PROFIT":2625272110.41,"NETCASH_OPERATE":3321579339.22,"NETCASH_INVEST":-1317718092.75,"NETCASH_FINANCE":-1539532280.84,"END_CASH":8286316549.97,"DIVI_RATIO":0.851980374272,"DIVIDEND_RATE":7.256894049347,"CURRENT_RATIO":0.989289434016,"COMMON_ACS":9000000000,"CURRENTDEBT_DEBT":53.524883513907,"ISSUED_COMMON_SHARES":5448152741,"HK_COMMON_SHARES":5448152741,"PER_SHARES":200,"TOTAL_MARKET_CAP":37537772385.49,"HKSK_MARKET_CAP":37537772385.49,"PE_TTM":12.049589341255,"PB_TTM":0.657135679935,"REPORT_DATE_SQ":"2023-06-30 00:00:00","REPORT_TYPE_SQ":"2023年中报","OPERATE_INCOME_SQ":33079785185.02,"DPS_HKD":0.5,"OPERATE_INCOME_QOQ_SQ":0,"NET_PROFIT_RATIO_SQ":5.8453604764,"HOLDER_PROFIT_SQ":1679640963.56,"HOLDER_PROFIT_QOQ_SQ":0,"ROE_AVG_SQ":3.251975176883,"PE_TTM_SQ":13.210013376059,"PB_TTM_SQ":0.691977061076,"ROA_SQ":1.193824719928,"START_DATE":"2024-04-01 00:00:00","FISCAL_YEAR":"3-31","CURRENCY":"HKD","IS_CNY_CODE":0,"DPS_HKD_LY":0.5,"ORG_TYPE":"一般企业","PREMIUM_INCOME":null,"PREMIUM_INCOME_YOY":null,"NET_INTEREST_INCOME":null,"NET_INTEREST_INCOME_YOY":null,"FEE_COMMISSION_INCOME":null,"FEE_COMMISSION_INCOME_YOY":null,"ACCOUNTS_RECE_TDAYS":2.227045913391,"INVENTORY_TDAYS":6.305971996269,"CURRENT_ASSETS_TDAYS":0.758725927435,"TOTAL_ASSETS_TDAYS":0.232353023444,"PREMIUM_EXPENSE":null,"LOAN_DEPOSIT":null,"LOAN_EQUITY":null,"LOAN_ASSETS":null,"DEPOSIT_EQUITY":null,"DEPOSIT_ASSETS":null,"EQUITY_MULTIPLIER":2.391840891548,"EQUITY_RATIO":1.563426012994},{"SECUCODE":"00384.HK","SECURITY_CODE":"00384","SECURITY_NAME_ABBR":"中国燃气","ORG_CODE":"10008874","STD_REPORT_DATE":"2023-12-31 00:00:00","REPORT_DATE":"2024-03-31 00:00:00","DATE_TYPE_CODE":"001","REPORT_TYPE":"2023年年报","PER_NETCASH_OPERATE":1.891328375489,"PER_OI":13.577658461361,"BPS":8.973337930184,"BASIC_EPS":0.5348645,"DILUTED_EPS":0.5348645,"OPERATE_INCOME":73802356071.15,"OPERATE_INCOME_YOY":-11.4996095434,"GROSS_PROFIT":10247752705.65,"GROSS_PROFIT_YOY":-2.729137496827,"HOLDER_PROFIT":2887306450.45,"HOLDER_PROFIT_YOY":-25.8192414366,"GROSS_PROFIT_RATIO":13.885400482026,"EPS_TTM":0.458036354228,"OPERATE_INCOME_QOQ":0,"NET_PROFIT_RATIO":4.7326872688,"ROE_AVG":5.696126539201,"GROSS_PROFIT_QOQ":0,"ROA":2.081734766532,"HOLDER_PROFIT_QOQ":0,"ROE_YEARLY":5.696126539201,"ROIC_YEARLY":2.326929104827,"TOTAL_ASSETS":134801921692.2,"TOTAL_LIABILITIES":79731408830.05,"TAX_EBT":16.467578475191,"OCF_SALES":13.92970946258,"TOTAL_PARENT_EQUITY":48888115640.25,"DEBT_ASSET_RATIO":59.1470862056,"OPERATE_PROFIT":5474252941.8,"PRETAX_PROFIT":4181412014.75,"NETCASH_OPERATE":10280453777.25,"NETCASH_INVEST":-6392466614.1,"NETCASH_FINANCE":-5316232211.3,"END_CASH":7337920300.8,"DIVI_RATIO":0.988046026965,"DIVIDEND_RATE":7.278020378457,"CURRENT_RATIO":0.89807765063,"COMMON_ACS":9000000000,"CURRENTDEBT_DEBT":57.284871487353,"ISSUED_COMMON_SHARES":5448152741,"HK_COMMON_SHARES":5448152741,"PER_SHARES":200,"TOTAL_MARKET_CAP":37428809330.67,"HKSK_MARKET_CAP":37428809330.67,"PE_TTM":12.01461230398,"PB_TTM":0.655228174333,"REPORT_DATE_SQ":"2022-12-31 00:00:00","REPORT_TYPE_SQ":"2022年年报","OPERATE_INCOME_SQ":80527604637.45,"DPS_HKD":0.5,"OPERATE_INCOME_QOQ_SQ":0,"NET_PROFIT_RATIO_SQ":5.5598548274,"HOLDER_PROFIT_SQ":3758558828.44,"HOLDER_PROFIT_QOQ_SQ":0,"ROE_AVG_SQ":7.068715555267,"PE_TTM_SQ":12.963274620472,"PB_TTM_SQ":0.679052202176,"ROA_SQ":2.679763250351,"START_DATE":"2023-04-01 00:00:00","FISCAL_YEAR":"3-31","CURRENCY":"HKD","IS_CNY_CODE":0,"DPS_HKD_LY":0.55,"ORG_TYPE":"一般企业","PREMIUM_INCOME":null,"PREMIUM_INCOME_YOY":null,"NET_INTEREST_INCOME":null,"NET_INTEREST_INCOME_YOY":null,"FEE_COMMISSION_INCOME":null,"FEE_COMMISSION_INCOME_YOY":null,"ACCOUNTS_RECE_TDAYS":5.053076175356,"INVENTORY_TDAYS":13.499155893701,"CURRENT_ASSETS_TDAYS":1.670506259833,"TOTAL_ASSETS_TDAYS":0.532111617253,"PREMIUM_EXPENSE":null,"LOAN_DEPOSIT":null,"LOAN_EQUITY":null,"LOAN_ASSETS":null,"DEPOSIT_EQUITY":null,"DEPOSIT_ASSETS":null,"EQUITY_MULTIPLIER":2.447805816331,"EQUITY_RATIO":1.630895521046},{"SECUCODE":"00384.HK","SECURITY_CODE":"00384","SECURITY_NAME_ABBR":"中国燃气","ORG_CODE":"10008874","STD_REPORT_DATE":"2023-06-30 00:00:00","REPORT_DATE":"2023-09-30 00:00:00","DATE_TYPE_CODE":"002","REPORT_TYPE":"2023年中报","PER_NETCASH_OPERATE":1.27719174809,"PER_OI":6.085795212071,"BPS":9.208337255494,"BASIC_EPS":0.3119942,"DILUTED_EPS":0.3119942,"OPERATE_INCOME":33079785185.02,"OPERATE_INCOME_YOY":-16.118886875,"GROSS_PROFIT":5252122291.99,"GROSS_PROFIT_YOY":-16.707401540003,"HOLDER_PROFIT":1679640963.56,"HOLDER_PROFIT_YOY":-43.8530643345,"GROSS_PROFIT_RATIO":15.877135424593,"EPS_TTM":0.690868906986,"OPERATE_INCOME_QOQ":0,"NET_PROFIT_RATIO":5.8453604764,"ROE_AVG":3.251975176883,"GROSS_PROFIT_QOQ":0,"ROA":1.193824719928,"HOLDER_PROFIT_QOQ":0,"ROE_YEARLY":6.503950353765,"ROIC_YEARLY":2.694861648493,"TOTAL_ASSETS":137053070947.66,"TOTAL_LIABILITIES":80785763032.52,"TAX_EBT":16.355142412789,"OCF_SALES":20.986439792734,"TOTAL_PARENT_EQUITY":50168427858.57,"DEBT_ASSET_RATIO":58.9448762249,"OPERATE_PROFIT":2878324515.22,"PRETAX_PROFIT":2311717354.38,"NETCASH_OPERATE":6942269201.42,"NETCASH_INVEST":-2377755514.96,"NETCASH_FINANCE":-3249563660.91,"END_CASH":10077751265.47,"DIVI_RATIO":0.655060598941,"DIVIDEND_RATE":7.278020378457,"CURRENT_RATIO":0.928968608145,"COMMON_ACS":9000000000,"CURRENTDEBT_DEBT":59.216818796702,"ISSUED_COMMON_SHARES":5448152741,"HK_COMMON_SHARES":5448152741,"PER_SHARES":200,"TOTAL_MARKET_CAP":37428809330.67,"HKSK_MARKET_CAP":37428809330.67,"PE_TTM":12.01461230398,"PB_TTM":0.655228174333,"REPORT_DATE_SQ":"2022-06-30 00:00:00","REPORT_TYPE_SQ":"2022年中报","OPERATE_INCOME_SQ":38869652093.4,"DPS_HKD":0.5,"OPERATE_INCOME_QOQ_SQ":0,"NET_PROFIT_RATIO_SQ":8.9614262311,"HOLDER_PROFIT_SQ":2948509673.16,"HOLDER_PROFIT_QOQ_SQ":0,"ROE_AVG_SQ":5.359489543334,"PE_TTM_SQ":12.963274620472,"PB_TTM_SQ":0.679052202176,"ROA_SQ":2.037798649962,"START_DATE":"2023-04-01 00:00:00","FISCAL_YEAR":"3-31","CURRENCY":"HKD","IS_CNY_CODE":0,"DPS_HKD_LY":0.55,"ORG_TYPE":"一般企业","PREMIUM_INCOME":null,"PREMIUM_INCOME_YOY":null,"NET_INTEREST_INCOME":null,"NET_INTEREST_INCOME_YOY":null,"FEE_COMMISSION_INCOME":null,"FEE_COMMISSION_INCOME_YOY":null,"ACCOUNTS_RECE_TDAYS":2.251997781308,"INVENTORY_TDAYS":5.579499444315,"CURRENT_ASSETS_TDAYS":0.716324727177,"TOTAL_ASSETS_TDAYS":0.23511849342,"PREMIUM_EXPENSE":null,"LOAN_DEPOSIT":null,"LOAN_EQUITY":null,"LOAN_ASSETS":null,"DEPOSIT_EQUITY":null,"DEPOSIT_ASSETS":null,"EQUITY_MULTIPLIER":2.435749568015,"EQUITY_RATIO":1.610290903679},{"SECUCODE":"00384.HK","SECURITY_CODE":"00384","SECURITY_NAME_ABBR":"中国燃气","ORG_CODE":"10008874","STD_REPORT_DATE":"2022-12-31 00:00:00","REPORT_DATE":"2023-03-31 00:00:00","DATE_TYPE_CODE":"001","REPORT_TYPE":"2022年年报","PER_NETCASH_OPERATE":1.613500536422,"PER_OI":14.801954881518,"BPS":9.303474525961,"BASIC_EPS":0.700328,"DILUTED_EPS":0.700328,"OPERATE_INCOME":80527604637.45,"OPERATE_INCOME_YOY":4.2655072458,"GROSS_PROFIT":10535274841.75,"GROSS_PROFIT_YOY":-17.464127620544,"HOLDER_PROFIT":3758558828.44,"HOLDER_PROFIT_YOY":-43.9641891529,"GROSS_PROFIT_RATIO":13.082811650963,"EPS_TTM":1.055572634078,"OPERATE_INCOME_QOQ":0,"NET_PROFIT_RATIO":5.5598548274,"ROE_AVG":7.068715555267,"GROSS_PROFIT_QOQ":0,"ROA":2.679763250351,"HOLDER_PROFIT_QOQ":0,"ROE_YEARLY":7.068715555267,"ROIC_YEARLY":3.017131715082,"TOTAL_ASSETS":137694297270.69,"TOTAL_LIABILITIES":80976151590.3,"TAX_EBT":15.296086354393,"OCF_SALES":10.900590829642,"TOTAL_PARENT_EQUITY":50686750239.44,"DEBT_ASSET_RATIO":58.8086458157,"OPERATE_PROFIT":6696453172.05,"PRETAX_PROFIT":5285727330.82,"NETCASH_OPERATE":8777984686.44,"NETCASH_INVEST":-6571959365.13,"NETCASH_FINANCE":-1237665162.92,"END_CASH":9138396235.9,"DIVI_RATIO":0.428735063215,"DIVIDEND_RATE":7.278020378457,"CURRENT_RATIO":1.008502013791,"COMMON_ACS":9000000000,"CURRENTDEBT_DEBT":55.978095547899,"ISSUED_COMMON_SHARES":5448152741,"HK_COMMON_SHARES":5448152741,"PER_SHARES":200,"TOTAL_MARKET_CAP":37428809330.67,"HKSK_MARKET_CAP":37428809330.67,"PE_TTM":12.01461230398,"PB_TTM":0.655228174333,"REPORT_DATE_SQ":"2021-12-31 00:00:00","REPORT_TYPE_SQ":"2021年年报","OPERATE_INCOME_SQ":71551513774.93,"DPS_HKD":0.5,"OPERATE_INCOME_QOQ_SQ":0,"NET_PROFIT_RATIO_SQ":9.9550589818,"HOLDER_PROFIT_SQ":6213987816.36,"HOLDER_PROFIT_QOQ_SQ":0,"ROE_AVG_SQ":13.265900330497,"PE_TTM_SQ":12.963274620472,"PB_TTM_SQ":0.679052202176,"ROA_SQ":5.043019578494,"START_DATE":"2022-04-01 00:00:00","FISCAL_YEAR":"3-31","CURRENCY":"HKD","IS_CNY_CODE":0,"DPS_HKD_LY":0.55,"ORG_TYPE":"一般企业","PREMIUM_INCOME":null,"PREMIUM_INCOME_YOY":null,"NET_INTEREST_INCOME":null,"NET_INTEREST_INCOME_YOY":null,"FEE_COMMISSION_INCOME":null,"FEE_COMMISSION_INCOME_YOY":null,"ACCOUNTS_RECE_TDAYS":5.583583743503,"INVENTORY_TDAYS":14.080504105828,"CURRENT_ASSETS_TDAYS":1.709126500547,"TOTAL_ASSETS_TDAYS":0.574142711066,"PREMIUM_EXPENSE":null,"LOAN_DEPOSIT":null,"LOAN_EQUITY":null,"LOAN_ASSETS":null,"DEPOSIT_EQUITY":null,"DEPOSIT_ASSETS":null,"EQUITY_MULTIPLIER":2.427693917335,"EQUITY_RATIO":1.597580259294},{"SECUCODE":"00384.HK","SECURITY_CODE":"00384","SECURITY_NAME_ABBR":"中国燃气","ORG_CODE":"10008874","STD_REPORT_DATE":"2022-06-30 00:00:00","REPORT_DATE":"2022-09-30 00:00:00","DATE_TYPE_CODE":"002","REPORT_TYPE":"2022年中报","PER_NETCASH_OPERATE":0.787375652056,"PER_OI":7.144715643004,"BPS":9.641269106475,"BASIC_EPS":0.541940448,"DILUTED_EPS":0.541940448,"OPERATE_INCOME":38869652093.4,"OPERATE_INCOME_YOY":10.3449934156,"GROSS_PROFIT":6305629058.4,"GROSS_PROFIT_YOY":-5.498711431834,"HOLDER_PROFIT":2948509673.16,"HOLDER_PROFIT_YOY":-20.5864111821,"GROSS_PROFIT_RATIO":16.222499350517,"EPS_TTM":1.142206671938,"OPERATE_INCOME_QOQ":0,"NET_PROFIT_RATIO":8.9614262311,"ROE_AVG":5.359489543334,"GROSS_PROFIT_QOQ":0,"ROA":2.037798649962,"HOLDER_PROFIT_QOQ":0,"ROE_YEARLY":10.718979086667,"ROIC_YEARLY":4.660372801276,"TOTAL_ASSETS":141825759166.32,"TOTAL_LIABILITIES":82209774741,"TAX_EBT":12.15204904861,"OCF_SALES":11.020391732828,"TOTAL_PARENT_EQUITY":52527106709.16,"DEBT_ASSET_RATIO":57.9653338182,"OPERATE_PROFIT":4514486031.24,"PRETAX_PROFIT":3965118321.96,"NETCASH_OPERATE":4283587925.88,"NETCASH_INVEST":-3523109449.56,"NETCASH_FINANCE":3617195629.44,"END_CASH":12488506615.56,"DIVI_RATIO":0.396216386332,"DIVIDEND_RATE":7.278020378457,"CURRENT_RATIO":1.083260850043,"COMMON_ACS":9000000000,"CURRENTDEBT_DEBT":57.566870407343,"ISSUED_COMMON_SHARES":5448152741,"HK_COMMON_SHARES":5448152741,"PER_SHARES":200,"TOTAL_MARKET_CAP":37428809330.67,"HKSK_MARKET_CAP":37428809330.67,"PE_TTM":12.01461230398,"PB_TTM":0.655228174333,"REPORT_DATE_SQ":"2021-06-30 00:00:00","REPORT_TYPE_SQ":"2021年中报","OPERATE_INCOME_SQ":32445505215.86,"DPS_HKD":0.5,"OPERATE_INCOME_QOQ_SQ":0,"NET_PROFIT_RATIO_SQ":11.8798231902,"HOLDER_PROFIT_SQ":3419827928.4,"HOLDER_PROFIT_QOQ_SQ":0,"ROE_AVG_SQ":7.083463152853,"PE_TTM_SQ":12.963274620472,"PB_TTM_SQ":0.679052202176,"ROA_SQ":2.778937518716,"START_DATE":"2022-04-01 00:00:00","FISCAL_YEAR":"3-31","CURRENCY":"HKD","IS_CNY_CODE":0,"DPS_HKD_LY":0.55,"ORG_TYPE":"一般企业","PREMIUM_INCOME":null,"PREMIUM_INCOME_YOY":null,"NET_INTEREST_INCOME":null,"NET_INTEREST_INCOME_YOY":null,"FEE_COMMISSION_INCOME":null,"FEE_COMMISSION_INCOME_YOY":null,"ACCOUNTS_RECE_TDAYS":2.638943073962,"INVENTORY_TDAYS":6.440669067356,"CURRENT_ASSETS_TDAYS":0.766712141518,"TOTAL_ASSETS_TDAYS":0.268639188406,"PREMIUM_EXPENSE":null,"LOAN_DEPOSIT":null,"LOAN_EQUITY":null,"LOAN_ASSETS":null,"DEPOSIT_EQUITY":null,"DEPOSIT_ASSETS":null,"EQUITY_MULTIPLIER":2.378988798614,"EQUITY_RATIO":1.565092385465},{"SECUCODE":"00384.HK","SECURITY_CODE":"00384","SECURITY_NAME_ABBR":"中国燃气","ORG_CODE":"10008874","STD_REPORT_DATE":"2021-12-31 00:00:00","REPORT_DATE":"2022-03-31 00:00:00","DATE_TYPE_CODE":"001","REPORT_TYPE":"2021年年报","PER_NETCASH_OPERATE":1.446912431015,"PER_OI":12.925247754295,"BPS":9.464181614054,"BASIC_EPS":1.1273039,"DILUTED_EPS":1.1273039,"OPERATE_INCOME":71551513774.93,"OPERATE_INCOME_YOY":26.0803324529,"GROSS_PROFIT":12764479901.92,"GROSS_PROFIT_YOY":-16.569746894708,"HOLDER_PROFIT":6213987816.36,"HOLDER_PROFIT_YOY":-26.8797805984,"GROSS_PROFIT_RATIO":17.83956652835,"EPS_TTM":1.409718044018,"OPERATE_INCOME_QOQ":0,"NET_PROFIT_RATIO":9.9550589818,"ROE_AVG":13.265900330497,"GROSS_PROFIT_QOQ":0,"ROA":5.043019578494,"HOLDER_PROFIT_QOQ":0,"ROE_YEARLY":13.265900330497,"ROIC_YEARLY":5.693628409429,"TOTAL_ASSETS":132313322935.52,"TOTAL_LIABILITIES":73864519160.99,"TAX_EBT":18.581508134183,"OCF_SALES":11.194465734974,"TOTAL_PARENT_EQUITY":51562307001.93,"DEBT_ASSET_RATIO":55.8254584816,"OPERATE_PROFIT":8765841324.49,"PRETAX_PROFIT":8748621149.16,"NETCASH_OPERATE":8009809692.39,"NETCASH_INVEST":-9898411112.42,"NETCASH_FINANCE":2996413505.69,"END_CASH":8118630203.18,"DIVI_RATIO":0.321029444094,"DIVIDEND_RATE":7.278020378457,"CURRENT_RATIO":1.020929889336,"COMMON_ACS":9000000000,"CURRENTDEBT_DEBT":59.605640704871,"ISSUED_COMMON_SHARES":5448152741,"HK_COMMON_SHARES":5448152741,"PER_SHARES":200,"TOTAL_MARKET_CAP":37428809330.67,"HKSK_MARKET_CAP":37428809330.67,"PE_TTM":12.01461230398,"PB_TTM":0.655228174333,"REPORT_DATE_SQ":"2020-12-31 00:00:00","REPORT_TYPE_SQ":"2020年年报","OPERATE_INCOME_SQ":59141792513.58,"DPS_HKD":0.5,"OPERATE_INCOME_QOQ_SQ":0,"NET_PROFIT_RATIO_SQ":16.6805565517,"HOLDER_PROFIT_SQ":8856373297.94,"HOLDER_PROFIT_QOQ_SQ":0,"ROE_AVG_SQ":22.893760561293,"PE_TTM_SQ":12.963274620472,"PB_TTM_SQ":0.679052202176,"ROA_SQ":8.290508884045,"START_DATE":"2021-04-01 00:00:00","FISCAL_YEAR":"3-31","CURRENCY":"HKD","IS_CNY_CODE":0,"DPS_HKD_LY":0.55,"ORG_TYPE":"一般企业","PREMIUM_INCOME":null,"PREMIUM_INCOME_YOY":null,"NET_INTEREST_INCOME":null,"NET_INTEREST_INCOME_YOY":null,"FEE_COMMISSION_INCOME":null,"FEE_COMMISSION_INCOME_YOY":null,"ACCOUNTS_RECE_TDAYS":5.728582962702,"INVENTORY_TDAYS":13.175136347724,"CURRENT_ASSETS_TDAYS":1.667496863138,"TOTAL_ASSETS_TDAYS":0.580682961572,"PREMIUM_EXPENSE":null,"LOAN_DEPOSIT":null,"LOAN_EQUITY":null,"LOAN_ASSETS":null,"DEPOSIT_EQUITY":null,"DEPOSIT_ASSETS":null,"EQUITY_MULTIPLIER":2.263747320577,"EQUITY_RATIO":1.432529369918},{"SECUCODE":"00384.HK","SECURITY_CODE":"00384","SECURITY_NAME_ABBR":"中国燃气","ORG_CODE":"10008874","STD_REPORT_DATE":"2021-06-30 00:00:00","REPORT_DATE":"2021-09-30 00:00:00","DATE_TYPE_CODE":"002","REPORT_TYPE":"2021年中报","PER_NETCASH_OPERATE":0.619152183879,"PER_OI":5.819543715923,"BPS":9.781582798334,"BASIC_EPS":0.61938011,"DILUTED_EPS":0.61938011,"OPERATE_INCOME":32445505215.86,"OPERATE_INCOME_YOY":43.3734518859,"GROSS_PROFIT":6672532357.96,"GROSS_PROFIT_YOY":-12.581992601656,"HOLDER_PROFIT":3419827928.4,"HOLDER_PROFIT_YOY":-19.3418361102,"GROSS_PROFIT_RATIO":20.565352006596,"EPS_TTM":1.586226443328,"OPERATE_INCOME_QOQ":0,"NET_PROFIT_RATIO":11.8798231902,"ROE_AVG":7.083463152853,"GROSS_PROFIT_QOQ":0,"ROA":2.778937518716,"HOLDER_PROFIT_QOQ":0,"ROE_YEARLY":14.166926305705,"ROIC_YEARLY":6.33275792561,"TOTAL_ASSETS":128896114036.22,"TOTAL_LIABILITIES":68548313775.96,"TAX_EBT":16.830212393141,"OCF_SALES":10.639187780046,"TOTAL_PARENT_EQUITY":53291557134.06,"DEBT_ASSET_RATIO":53.1810553704,"OPERATE_PROFIT":4866186700.4,"PRETAX_PROFIT":4634457732.44,"NETCASH_OPERATE":3451938226.1,"NETCASH_INVEST":-6031276092.36,"NETCASH_FINANCE":5146229816.12,"END_CASH":9546791791.54,"DIVI_RATIO":0.285306679827,"DIVIDEND_RATE":7.278020378457,"CURRENT_RATIO":1.373844791414,"COMMON_ACS":9000000000,"CURRENTDEBT_DEBT":50.087816770806,"ISSUED_COMMON_SHARES":5448152741,"HK_COMMON_SHARES":5448152741,"PER_SHARES":200,"TOTAL_MARKET_CAP":37428809330.67,"HKSK_MARKET_CAP":37428809330.67,"PE_TTM":12.01461230398,"PB_TTM":0.655228174333,"REPORT_DATE_SQ":"2020-06-30 00:00:00","REPORT_TYPE_SQ":"2020年中报","OPERATE_INCOME_SQ":23870418255.36,"DPS_HKD":0.5,"OPERATE_INCOME_QOQ_SQ":0,"NET_PROFIT_RATIO_SQ":20.7528639438,"HOLDER_PROFIT_SQ":4472292012.16,"HOLDER_PROFIT_QOQ_SQ":0,"ROE_AVG_SQ":12.075899972017,"PE_TTM_SQ":12.963274620472,"PB_TTM_SQ":0.679052202176,"ROA_SQ":4.302599359232,"START_DATE":"2021-04-01 00:00:00","FISCAL_YEAR":"3-31","CURRENCY":"HKD","IS_CNY_CODE":0,"DPS_HKD_LY":0.55,"ORG_TYPE":"一般企业","PREMIUM_INCOME":null,"PREMIUM_INCOME_YOY":null,"NET_INTEREST_INCOME":null,"NET_INTEREST_INCOME_YOY":null,"FEE_COMMISSION_INCOME":null,"FEE_COMMISSION_INCOME_YOY":null,"ACCOUNTS_RECE_TDAYS":2.47970893454,"INVENTORY_TDAYS":5.741377137796,"CURRENT_ASSETS_TDAYS":0.727874078848,"TOTAL_ASSETS_TDAYS":0.26365078491,"PREMIUM_EXPENSE":null,"LOAN_DEPOSIT":null,"LOAN_EQUITY":null,"LOAN_ASSETS":null,"DEPOSIT_EQUITY":null,"DEPOSIT_ASSETS":null,"EQUITY_MULTIPLIER":2.135887529955,"EQUITY_RATIO":1.286288437839},{"SECUCODE":"00384.HK","SECURITY_CODE":"00384","SECURITY_NAME_ABBR":"中国燃气","ORG_CODE":"10008874","STD_REPORT_DATE":"2020-12-31 00:00:00","REPORT_DATE":"2021-03-31 00:00:00","DATE_TYPE_CODE":"001","REPORT_TYPE":"2020年年报","PER_NETCASH_OPERATE":1.342368968664,"PER_OI":11.346432463105,"BPS":8.057041977634,"BASIC_EPS":1.6988118,"DILUTED_EPS":1.6988118,"OPERATE_INCOME":59141792513.58,"OPERATE_INCOME_YOY":17.527302506,"GROSS_PROFIT":15299581898.44,"GROSS_PROFIT_YOY":-2.061193608072,"HOLDER_PROFIT":8856373297.94,"HOLDER_PROFIT_YOY":14.0416025555,"GROSS_PROFIT_RATIO":25.869323955521,"EPS_TTM":1.619084584573,"OPERATE_INCOME_QOQ":0,"NET_PROFIT_RATIO":16.6805565517,"ROE_AVG":22.893760561293,"GROSS_PROFIT_QOQ":0,"ROA":8.290508884045,"HOLDER_PROFIT_QOQ":0,"ROE_YEARLY":22.893760561293,"ROIC_YEARLY":9.38660652416,"TOTAL_ASSETS":118934272205.56,"TOTAL_LIABILITIES":68338305121.8,"TAX_EBT":17.159386741664,"OCF_SALES":11.830758020453,"TOTAL_PARENT_EQUITY":43895995334.8,"DEBT_ASSET_RATIO":57.4588836796,"OPERATE_PROFIT":11748702654.22,"PRETAX_PROFIT":11908627613.82,"NETCASH_OPERATE":6996922361.24,"NETCASH_INVEST":-7035732181.66,"NETCASH_FINANCE":731572594.76,"END_CASH":7009686269.6,"DIVI_RATIO":0.279516588764,"DIVIDEND_RATE":7.278020378457,"CURRENT_RATIO":1.088114631846,"COMMON_ACS":9000000000,"CURRENTDEBT_DEBT":57.278347779294,"ISSUED_COMMON_SHARES":5448152741,"HK_COMMON_SHARES":5448152741,"PER_SHARES":200,"TOTAL_MARKET_CAP":37428809330.67,"HKSK_MARKET_CAP":37428809330.67,"PE_TTM":12.01461230398,"PB_TTM":0.655228174333,"REPORT_DATE_SQ":"2019-12-31 00:00:00","REPORT_TYPE_SQ":"2019年年报","OPERATE_INCOME_SQ":54401406529.7,"DPS_HKD":0.5,"OPERATE_INCOME_QOQ_SQ":0,"NET_PROFIT_RATIO_SQ":17.2333237728,"HOLDER_PROFIT_SQ":8395508693.8,"HOLDER_PROFIT_QOQ_SQ":0,"ROE_AVG_SQ":24.526792196275,"PE_TTM_SQ":12.963274620472,"PB_TTM_SQ":0.679052202176,"ROA_SQ":8.279898356244,"START_DATE":"2020-04-01 00:00:00","FISCAL_YEAR":"3-31","CURRENCY":"HKD","IS_CNY_CODE":0,"DPS_HKD_LY":0.5,"ORG_TYPE":"一般企业","PREMIUM_INCOME":null,"PREMIUM_INCOME_YOY":null,"NET_INTEREST_INCOME":null,"NET_INTEREST_INCOME_YOY":null,"FEE_COMMISSION_INCOME":null,"FEE_COMMISSION_INCOME_YOY":null,"ACCOUNTS_RECE_TDAYS":5.724523910975,"INVENTORY_TDAYS":12.136229189456,"CURRENT_ASSETS_TDAYS":1.55668084349,"TOTAL_ASSETS_TDAYS":0.553630182195,"PREMIUM_EXPENSE":null,"LOAN_DEPOSIT":null,"LOAN_EQUITY":null,"LOAN_ASSETS":null,"DEPOSIT_EQUITY":null,"DEPOSIT_ASSETS":null,"EQUITY_MULTIPLIER":2.35066704049,"EQUITY_RATIO":1.55682322728},{"SECUCODE":"00384.HK","SECURITY_CODE":"00384","SECURITY_NAME_ABBR":"中国燃气","ORG_CODE":"10008874","STD_REPORT_DATE":"2020-06-30 00:00:00","REPORT_DATE":"2020-09-30 00:00:00","DATE_TYPE_CODE":"002","REPORT_TYPE":"2020年中报","PER_NETCASH_OPERATE":1.159979753292,"PER_OI":4.574136286835,"BPS":7.207587115069,"BASIC_EPS":0.857015616,"DILUTED_EPS":0.857015616,"OPERATE_INCOME":23870418255.36,"OPERATE_INCOME_YOY":-2.723363853,"GROSS_PROFIT":7632903742.08,"GROSS_PROFIT_YOY":3.563857614839,"HOLDER_PROFIT":4472292012.16,"HOLDER_PROFIT_YOY":3.6647168248,"GROSS_PROFIT_RATIO":31.976413904545,"EPS_TTM":1.608777883652,"OPERATE_INCOME_QOQ":0,"NET_PROFIT_RATIO":20.7528639438,"ROE_AVG":12.075899972017,"GROSS_PROFIT_QOQ":0,"ROA":4.302599359232,"HOLDER_PROFIT_QOQ":0,"ROE_YEARLY":24.151799944033,"ROIC_YEARLY":9.804828677092,"TOTAL_ASSETS":109412567745.28,"TOTAL_LIABILITIES":63805143009.92,"TAX_EBT":18.092726520127,"OCF_SALES":25.359536326686,"TOTAL_PARENT_EQUITY":39268035496.96,"DEBT_ASSET_RATIO":58.3161005402,"OPERATE_PROFIT":5966578218.88,"PRETAX_PROFIT":6048053137.28,"NETCASH_OPERATE":6053427388.8,"NETCASH_INVEST":-2720948571.52,"NETCASH_FINANCE":-2482635313.92,"END_CASH":7410994429.44,"DIVI_RATIO":0.281307323154,"DIVIDEND_RATE":7.278020378457,"CURRENT_RATIO":0.944387629469,"COMMON_ACS":9000000000,"CURRENTDEBT_DEBT":64.507934911267,"ISSUED_COMMON_SHARES":5448152741,"HK_COMMON_SHARES":5448152741,"PER_SHARES":200,"TOTAL_MARKET_CAP":37428809330.67,"HKSK_MARKET_CAP":37428809330.67,"PE_TTM":12.01461230398,"PB_TTM":0.655228174333,"REPORT_DATE_SQ":"2019-06-30 00:00:00","REPORT_TYPE_SQ":"2019年中报","OPERATE_INCOME_SQ":25189081157.01,"DPS_HKD":0.5,"OPERATE_INCOME_QOQ_SQ":0,"NET_PROFIT_RATIO_SQ":19.4547915183,"HOLDER_PROFIT_SQ":4428534454.29,"HOLDER_PROFIT_QOQ_SQ":0,"ROE_AVG_SQ":13.76679835796,"PE_TTM_SQ":12.963274620472,"PB_TTM_SQ":0.679052202176,"ROA_SQ":4.438803774221,"START_DATE":"2020-04-01 00:00:00","FISCAL_YEAR":"3-31","CURRENCY":"HKD","IS_CNY_CODE":0,"DPS_HKD_LY":0.5,"ORG_TYPE":"一般企业","PREMIUM_INCOME":null,"PREMIUM_INCOME_YOY":null,"NET_INTEREST_INCOME":null,"NET_INTEREST_INCOME_YOY":null,"FEE_COMMISSION_INCOME":null,"FEE_COMMISSION_INCOME_YOY":null,"ACCOUNTS_RECE_TDAYS":2.370406631592,"INVENTORY_TDAYS":4.946114977787,"CURRENT_ASSETS_TDAYS":0.648759332905,"TOTAL_ASSETS_TDAYS":0.22964700429,"PREMIUM_EXPENSE":null,"LOAN_DEPOSIT":null,"LOAN_EQUITY":null,"LOAN_ASSETS":null,"DEPOSIT_EQUITY":null,"DEPOSIT_ASSETS":null,"EQUITY_MULTIPLIER":2.399007801476,"EQUITY_RATIO":1.624862109918}],"count":47},"success":true,"message":"ok","code":0}