{"version":"26615347caee0bb863af5a7495353488","result":{"pages":6,"data":[{"SECUCODE":"00380.HK","SECURITY_CODE":"00380","SECURITY_NAME_ABBR":"中国管业","ORG_CODE":"10008871","STD_REPORT_DATE":"2024-06-30 00:00:00","REPORT_DATE":"2024-06-30 00:00:00","DATE_TYPE_CODE":"002","REPORT_TYPE":"2024年中报","PER_NETCASH_OPERATE":0.038926387793,"PER_OI":0.256416670034,"BPS":0.525446635131,"BASIC_EPS":0.025646308,"DILUTED_EPS":0.025646308,"OPERATE_INCOME":341615211.32,"OPERATE_INCOME_YOY":9.6814745355,"GROSS_PROFIT":103750724.36,"GROSS_PROFIT_YOY":19.886582302711,"HOLDER_PROFIT":34132406.64,"HOLDER_PROFIT_YOY":18.1760728054,"GROSS_PROFIT_RATIO":30.370639515468,"EPS_TTM":0.043436981324,"OPERATE_INCOME_QOQ":4.16904639278,"NET_PROFIT_RATIO":9.9914774018,"ROE_AVG":4.997090442153,"GROSS_PROFIT_QOQ":9.756418654994,"ROA":3.889041986221,"HOLDER_PROFIT_QOQ":9.365026571003,"ROE_YEARLY":9.994180884305,"ROIC_YEARLY":10.469061429243,"TOTAL_ASSETS":888148074.28,"TOTAL_LIABILITIES":188113387.48,"TAX_EBT":17.410891745064,"OCF_SALES":15.180911517263,"TOTAL_PARENT_EQUITY":700034686.8,"DEBT_ASSET_RATIO":21.1804081918,"OPERATE_PROFIT":37414403.92,"PRETAX_PROFIT":41327975.76,"NETCASH_OPERATE":51860302.96,"NETCASH_INVEST":-5644925.8,"NETCASH_FINANCE":-10988667.2,"END_CASH":243952975.24,"DIVI_RATIO":null,"DIVIDEND_RATE":null,"CURRENT_RATIO":5.128468770775,"COMMON_ACS":25000000000,"CURRENTDEBT_DEBT":76.631038615115,"ISSUED_COMMON_SHARES":1332266000,"HK_COMMON_SHARES":1332266000,"PER_SHARES":4000,"TOTAL_MARKET_CAP":125233004,"HKSK_MARKET_CAP":125233004,"PE_TTM":1.952433725172,"PB_TTM":0.163274278041,"REPORT_DATE_SQ":"2023-06-30 00:00:00","REPORT_TYPE_SQ":"2023年中报","OPERATE_INCOME_SQ":314634894.8,"DPS_HKD":null,"OPERATE_INCOME_QOQ_SQ":6.904758777917,"NET_PROFIT_RATIO_SQ":9.273281369,"HOLDER_PROFIT_SQ":29176979.08,"HOLDER_PROFIT_QOQ_SQ":3.996414407525,"ROE_AVG_SQ":4.604012179988,"PE_TTM_SQ":2.183997868896,"PB_TTM_SQ":0.151599944811,"ROA_SQ":3.414294160549,"START_DATE":"2024-01-01 00:00:00","FISCAL_YEAR":"12-31","CURRENCY":"HKD","IS_CNY_CODE":0,"DPS_HKD_LY":null,"ORG_TYPE":"一般企业","PREMIUM_INCOME":null,"PREMIUM_INCOME_YOY":null,"NET_INTEREST_INCOME":null,"NET_INTEREST_INCOME_YOY":null,"FEE_COMMISSION_INCOME":null,"FEE_COMMISSION_INCOME_YOY":null,"ACCOUNTS_RECE_TDAYS":1.91844904026,"INVENTORY_TDAYS":1.202067233519,"CURRENT_ASSETS_TDAYS":0.470711256292,"TOTAL_ASSETS_TDAYS":0.389235928766,"PREMIUM_EXPENSE":null,"LOAN_DEPOSIT":null,"LOAN_EQUITY":null,"LOAN_ASSETS":null,"DEPOSIT_EQUITY":null,"DEPOSIT_ASSETS":null,"EQUITY_MULTIPLIER":1.268720094914,"EQUITY_RATIO":0.268720094914},{"SECUCODE":"00380.HK","SECURITY_CODE":"00380","SECURITY_NAME_ABBR":"中国管业","ORG_CODE":"10008871","STD_REPORT_DATE":"2023-12-31 00:00:00","REPORT_DATE":"2023-12-31 00:00:00","DATE_TYPE_CODE":"001","REPORT_TYPE":"2023年年报","PER_NETCASH_OPERATE":0.027553246529,"PER_OI":0.485757335532,"BPS":0.496403974747,"BASIC_EPS":0.039692436,"DILUTED_EPS":0.039692436,"OPERATE_INCOME":647157982.38,"OPERATE_INCOME_YOY":12.1900602481,"GROSS_PROFIT":176396629.22,"GROSS_PROFIT_YOY":12.933947883878,"HOLDER_PROFIT":52914185.8,"HOLDER_PROFIT_YOY":18.6354585721,"GROSS_PROFIT_RATIO":27.257120212175,"EPS_TTM":0.039717433155,"OPERATE_INCOME_QOQ":6.465338036707,"NET_PROFIT_RATIO":8.1763939008,"ROE_AVG":8.332786281656,"GROSS_PROFIT_QOQ":9.353123325559,"ROA":6.303910227309,"HOLDER_PROFIT_QOQ":15.730290001012,"ROE_YEARLY":8.332786281656,"ROIC_YEARLY":8.236263255743,"TOTAL_ASSETS":861025902.38,"TOTAL_LIABILITIES":199683764.56,"TAX_EBT":15.185056068793,"OCF_SALES":5.672224486052,"TOTAL_PARENT_EQUITY":661342137.82,"DEBT_ASSET_RATIO":23.1913771709,"OPERATE_PROFIT":56733903.1,"PRETAX_PROFIT":62387809.68,"NETCASH_OPERATE":36708253.54,"NETCASH_INVEST":-2818344.2,"NETCASH_FINANCE":-13022381.4,"END_CASH":207745497.68,"DIVI_RATIO":null,"DIVIDEND_RATE":null,"CURRENT_RATIO":4.872824573345,"COMMON_ACS":25000000000,"CURRENTDEBT_DEBT":72.676402781055,"ISSUED_COMMON_SHARES":1332266000,"HK_COMMON_SHARES":1332266000,"PER_SHARES":4000,"TOTAL_MARKET_CAP":110578078,"HKSK_MARKET_CAP":110578078,"PE_TTM":1.723957438184,"PB_TTM":0.144167713589,"REPORT_DATE_SQ":"2022-12-31 00:00:00","REPORT_TYPE_SQ":"2022年年报","OPERATE_INCOME_SQ":568597619.45,"DPS_HKD":null,"OPERATE_INCOME_QOQ_SQ":-1.83641830811,"NET_PROFIT_RATIO_SQ":7.7321749786,"HOLDER_PROFIT_SQ":43964962.86,"HOLDER_PROFIT_QOQ_SQ":-26.216310386483,"ROE_AVG_SQ":7.602556428723,"PE_TTM_SQ":1.910998135284,"PB_TTM_SQ":0.13264995171,"ROA_SQ":5.437777071911,"START_DATE":"2023-01-01 00:00:00","FISCAL_YEAR":"12-31","CURRENCY":"HKD","IS_CNY_CODE":0,"DPS_HKD_LY":null,"ORG_TYPE":"一般企业","PREMIUM_INCOME":null,"PREMIUM_INCOME_YOY":null,"NET_INTEREST_INCOME":null,"NET_INTEREST_INCOME_YOY":null,"FEE_COMMISSION_INCOME":null,"FEE_COMMISSION_INCOME_YOY":null,"ACCOUNTS_RECE_TDAYS":4.215450909789,"INVENTORY_TDAYS":2.253558886751,"CURRENT_ASSETS_TDAYS":0.955501604591,"TOTAL_ASSETS_TDAYS":0.770989057496,"PREMIUM_EXPENSE":null,"LOAN_DEPOSIT":null,"LOAN_EQUITY":null,"LOAN_ASSETS":null,"DEPOSIT_EQUITY":null,"DEPOSIT_ASSETS":null,"EQUITY_MULTIPLIER":1.30193715649,"EQUITY_RATIO":0.301937156489},{"SECUCODE":"00380.HK","SECURITY_CODE":"00380","SECURITY_NAME_ABBR":"中国管业","ORG_CODE":"10008871","STD_REPORT_DATE":"2023-06-30 00:00:00","REPORT_DATE":"2023-06-30 00:00:00","DATE_TYPE_CODE":"002","REPORT_TYPE":"2023年中报","PER_NETCASH_OPERATE":0.010739752887,"PER_OI":0.23616522136,"BPS":0.486533158648,"BASIC_EPS":0.021943124,"DILUTED_EPS":0.021943124,"OPERATE_INCOME":314634894.8,"OPERATE_INCOME_YOY":5.9800499373,"GROSS_PROFIT":86540730.72,"GROSS_PROFIT_YOY":6.281367437578,"HOLDER_PROFIT":29176979.08,"HOLDER_PROFIT_YOY":-1.3005645136,"GROSS_PROFIT_RATIO":27.505128054856,"EPS_TTM":0.034318961056,"OPERATE_INCOME_QOQ":6.904758777917,"NET_PROFIT_RATIO":9.273281369,"ROE_AVG":4.604012179988,"GROSS_PROFIT_QOQ":3.274551699505,"ROA":3.414294160549,"HOLDER_PROFIT_QOQ":3.996414407525,"ROE_YEARLY":9.208024359976,"ROIC_YEARLY":8.851966070167,"TOTAL_ASSETS":877138580.72,"TOTAL_LIABILITIES":228946995.58,"TAX_EBT":15.287630163022,"OCF_SALES":4.547559045889,"TOTAL_PARENT_EQUITY":648191585.14,"DEBT_ASSET_RATIO":26.1015762631,"OPERATE_PROFIT":31770508.82,"PRETAX_PROFIT":34442406.86,"NETCASH_OPERATE":14308207.62,"NETCASH_INVEST":307019.34,"NETCASH_FINANCE":-4027208.64,"END_CASH":200290013.22,"DIVI_RATIO":null,"DIVIDEND_RATE":null,"CURRENT_RATIO":4.336045952325,"COMMON_ACS":25000000000,"CURRENTDEBT_DEBT":72.001159789144,"ISSUED_COMMON_SHARES":1332266000,"HK_COMMON_SHARES":1332266000,"PER_SHARES":4000,"TOTAL_MARKET_CAP":110578078,"HKSK_MARKET_CAP":110578078,"PE_TTM":1.723957438184,"PB_TTM":0.144167713589,"REPORT_DATE_SQ":"2022-06-30 00:00:00","REPORT_TYPE_SQ":"2022年中报","OPERATE_INCOME_SQ":275374600.76,"DPS_HKD":null,"OPERATE_INCOME_QOQ_SQ":3.850913038671,"NET_PROFIT_RATIO_SQ":9.9573297226,"HOLDER_PROFIT_SQ":27419956.97,"HOLDER_PROFIT_QOQ_SQ":16.970295857049,"ROE_AVG_SQ":5.018198266019,"PE_TTM_SQ":1.910998135284,"PB_TTM_SQ":0.13264995171,"ROA_SQ":3.540425926611,"START_DATE":"2023-01-01 00:00:00","FISCAL_YEAR":"12-31","CURRENCY":"HKD","IS_CNY_CODE":0,"DPS_HKD_LY":null,"ORG_TYPE":"一般企业","PREMIUM_INCOME":null,"PREMIUM_INCOME_YOY":null,"NET_INTEREST_INCOME":null,"NET_INTEREST_INCOME_YOY":null,"FEE_COMMISSION_INCOME":null,"FEE_COMMISSION_INCOME_YOY":null,"ACCOUNTS_RECE_TDAYS":2.043791248937,"INVENTORY_TDAYS":1.012621130724,"CURRENT_ASSETS_TDAYS":0.458161513815,"TOTAL_ASSETS_TDAYS":0.36818619264,"PREMIUM_EXPENSE":null,"LOAN_DEPOSIT":null,"LOAN_EQUITY":null,"LOAN_ASSETS":null,"DEPOSIT_EQUITY":null,"DEPOSIT_ASSETS":null,"EQUITY_MULTIPLIER":1.353208836443,"EQUITY_RATIO":0.353208836444},{"SECUCODE":"00380.HK","SECURITY_CODE":"00380","SECURITY_NAME_ABBR":"中国管业","ORG_CODE":"10008871","STD_REPORT_DATE":"2022-12-31 00:00:00","REPORT_DATE":"2022-12-31 00:00:00","DATE_TYPE_CODE":"001","REPORT_TYPE":"2022年年报","PER_NETCASH_OPERATE":0.047203782533,"PER_OI":0.42678985987,"BPS":0.450348169337,"BASIC_EPS":0.032961663,"DILUTED_EPS":0.032961663,"OPERATE_INCOME":568597619.45,"OPERATE_INCOME_YOY":-6.6920067372,"GROSS_PROFIT":156194512.39,"GROSS_PROFIT_YOY":-2.410486935397,"HOLDER_PROFIT":43964962.86,"HOLDER_PROFIT_YOY":-12.771161208,"GROSS_PROFIT_RATIO":27.470131257511,"EPS_TTM":0.033000138756,"OPERATE_INCOME_QOQ":-1.83641830811,"NET_PROFIT_RATIO":7.7321749786,"ROE_AVG":7.602556428723,"GROSS_PROFIT_QOQ":-10.297260625239,"ROA":5.437777071911,"HOLDER_PROFIT_QOQ":-26.216310386483,"ROE_YEARLY":7.602556428723,"ROIC_YEARLY":6.87568364982,"TOTAL_ASSETS":806061836.44,"TOTAL_LIABILITIES":206078282.27,"TAX_EBT":15.493973421242,"OCF_SALES":11.060193076579,"TOTAL_PARENT_EQUITY":599983554.17,"DEBT_ASSET_RATIO":25.5660636633,"OPERATE_PROFIT":51615820.41,"PRETAX_PROFIT":52025831.34,"NETCASH_OPERATE":62887994.54,"NETCASH_INVEST":-8963071.18,"NETCASH_FINANCE":-22100393.07,"END_CASH":184448642.49,"DIVI_RATIO":null,"DIVIDEND_RATE":null,"CURRENT_RATIO":4.765498472498,"COMMON_ACS":25000000000,"CURRENTDEBT_DEBT":64.983680174772,"ISSUED_COMMON_SHARES":1332266000,"HK_COMMON_SHARES":1332266000,"PER_SHARES":4000,"TOTAL_MARKET_CAP":110578078,"HKSK_MARKET_CAP":110578078,"PE_TTM":1.723957438184,"PB_TTM":0.144167713589,"REPORT_DATE_SQ":"2021-12-31 00:00:00","REPORT_TYPE_SQ":"2021年年报","OPERATE_INCOME_SQ":557756091.2,"DPS_HKD":null,"OPERATE_INCOME_QOQ_SQ":18.865573303813,"NET_PROFIT_RATIO_SQ":9.117294818,"HOLDER_PROFIT_SQ":46132262.4,"HOLDER_PROFIT_QOQ_SQ":24.684374521395,"ROE_AVG_SQ":10.447838780051,"PE_TTM_SQ":1.910998135284,"PB_TTM_SQ":0.13264995171,"ROA_SQ":7.229814601543,"START_DATE":"2022-01-01 00:00:00","FISCAL_YEAR":"12-31","CURRENCY":"HKD","IS_CNY_CODE":0,"DPS_HKD_LY":null,"ORG_TYPE":"一般企业","PREMIUM_INCOME":null,"PREMIUM_INCOME_YOY":null,"NET_INTEREST_INCOME":null,"NET_INTEREST_INCOME_YOY":null,"FEE_COMMISSION_INCOME":null,"FEE_COMMISSION_INCOME_YOY":null,"ACCOUNTS_RECE_TDAYS":4.093012040446,"INVENTORY_TDAYS":1.762812692703,"CURRENT_ASSETS_TDAYS":0.839156460128,"TOTAL_ASSETS_TDAYS":0.70326616857,"PREMIUM_EXPENSE":null,"LOAN_DEPOSIT":null,"LOAN_EQUITY":null,"LOAN_ASSETS":null,"DEPOSIT_EQUITY":null,"DEPOSIT_ASSETS":null,"EQUITY_MULTIPLIER":1.343473218287,"EQUITY_RATIO":0.343473218287},{"SECUCODE":"00380.HK","SECURITY_CODE":"00380","SECURITY_NAME_ABBR":"中国管业","ORG_CODE":"10008871","STD_REPORT_DATE":"2022-06-30 00:00:00","REPORT_DATE":"2022-06-30 00:00:00","DATE_TYPE_CODE":"002","REPORT_TYPE":"2022年中报","PER_NETCASH_OPERATE":0.039737212351,"PER_OI":0.206696411047,"BPS":0.420297808658,"BASIC_EPS":0.020610079,"DILUTED_EPS":0.020610079,"OPERATE_INCOME":275374600.76,"OPERATE_INCOME_YOY":5.5287185302,"GROSS_PROFIT":81426060.66,"GROSS_PROFIT_YOY":11.368573562534,"HOLDER_PROFIT":27419956.97,"HOLDER_PROFIT_YOY":42.0980322638,"GROSS_PROFIT_RATIO":29.569197898163,"EPS_TTM":0.044725519866,"OPERATE_INCOME_QOQ":3.850913038671,"NET_PROFIT_RATIO":9.9573297226,"ROE_AVG":5.018198266019,"GROSS_PROFIT_QOQ":5.012903498528,"ROA":3.540425926611,"HOLDER_PROFIT_QOQ":16.970295857049,"ROE_YEARLY":10.036396532039,"ROIC_YEARLY":8.969769027678,"TOTAL_ASSETS":772576935.62,"TOTAL_LIABILITIES":212628455.27,"TAX_EBT":17.951276933313,"OCF_SALES":19.224916460665,"TOTAL_PARENT_EQUITY":559948480.35,"DEBT_ASSET_RATIO":27.5219781315,"OPERATE_PROFIT":33681658.15,"PRETAX_PROFIT":33419114.82,"NETCASH_OPERATE":52940536.95,"NETCASH_INVEST":-4023668.95,"NETCASH_FINANCE":-16484642.44,"END_CASH":179027184.98,"DIVI_RATIO":null,"DIVIDEND_RATE":null,"CURRENT_RATIO":4.486941216549,"COMMON_ACS":25000000000,"CURRENTDEBT_DEBT":63.754208009395,"ISSUED_COMMON_SHARES":1332266000,"HK_COMMON_SHARES":1332266000,"PER_SHARES":4000,"TOTAL_MARKET_CAP":110578078,"HKSK_MARKET_CAP":110578078,"PE_TTM":1.723957438184,"PB_TTM":0.144167713589,"REPORT_DATE_SQ":"2021-06-30 00:00:00","REPORT_TYPE_SQ":"2021年中报","OPERATE_INCOME_SQ":253895898.72,"DPS_HKD":null,"OPERATE_INCOME_QOQ_SQ":12.110882738598,"NET_PROFIT_RATIO_SQ":8.993753564,"HOLDER_PROFIT_SQ":18775053.12,"HOLDER_PROFIT_QOQ_SQ":140.887464480537,"ROE_AVG_SQ":4.761061319919,"PE_TTM_SQ":1.910998135284,"PB_TTM_SQ":0.13264995171,"ROA_SQ":3.291591102955,"START_DATE":"2022-01-01 00:00:00","FISCAL_YEAR":"12-31","CURRENCY":"HKD","IS_CNY_CODE":0,"DPS_HKD_LY":null,"ORG_TYPE":"一般企业","PREMIUM_INCOME":null,"PREMIUM_INCOME_YOY":null,"NET_INTEREST_INCOME":null,"NET_INTEREST_INCOME_YOY":null,"FEE_COMMISSION_INCOME":null,"FEE_COMMISSION_INCOME_YOY":null,"ACCOUNTS_RECE_TDAYS":2.139284278781,"INVENTORY_TDAYS":0.873471934433,"CURRENT_ASSETS_TDAYS":0.425398905602,"TOTAL_ASSETS_TDAYS":0.355559776088,"PREMIUM_EXPENSE":null,"LOAN_DEPOSIT":null,"LOAN_EQUITY":null,"LOAN_ASSETS":null,"DEPOSIT_EQUITY":null,"DEPOSIT_ASSETS":null,"EQUITY_MULTIPLIER":1.37972860492,"EQUITY_RATIO":0.379728604919},{"SECUCODE":"00380.HK","SECURITY_CODE":"00380","SECURITY_NAME_ABBR":"中国管业","ORG_CODE":"10008871","STD_REPORT_DATE":"2021-12-31 00:00:00","REPORT_DATE":"2021-12-31 00:00:00","DATE_TYPE_CODE":"001","REPORT_TYPE":"2021年年报","PER_NETCASH_OPERATE":0.003907985943,"PER_OI":0.418652199486,"BPS":0.385580377492,"BASIC_EPS":0.03458448,"DILUTED_EPS":0.03458448,"OPERATE_INCOME":557756091.2,"OPERATE_INCOME_YOY":37.1795413185,"GROSS_PROFIT":160052558.4,"GROSS_PROFIT_YOY":35.359190719014,"HOLDER_PROFIT":46132262.4,"HOLDER_PROFIT_YOY":209.1802302501,"GROSS_PROFIT_RATIO":29.728505527077,"EPS_TTM":0.038236647636,"OPERATE_INCOME_QOQ":18.865573303813,"NET_PROFIT_RATIO":9.117294818,"ROE_AVG":10.447838780051,"GROSS_PROFIT_QOQ":19.292469443008,"ROA":7.229814601543,"HOLDER_PROFIT_QOQ":24.684374521395,"ROE_YEARLY":10.447838780051,"ROIC_YEARLY":9.125073227885,"TOTAL_ASSETS":737175140.8,"TOTAL_LIABILITIES":227725310.4,"TAX_EBT":14.280681870396,"OCF_SALES":0.933468389166,"TOTAL_PARENT_EQUITY":509449830.4,"DEBT_ASSET_RATIO":30.7930909519,"OPERATE_PROFIT":54372035.2,"PRETAX_PROFIT":53381921.6,"NETCASH_OPERATE":5206476.8,"NETCASH_INVEST":-684331.2,"NETCASH_FINANCE":-18942974.4,"END_CASH":140695878.4,"DIVI_RATIO":null,"DIVIDEND_RATE":null,"CURRENT_RATIO":4.18438640392,"COMMON_ACS":25000000000,"CURRENTDEBT_DEBT":68.500227983442,"ISSUED_COMMON_SHARES":1332266000,"HK_COMMON_SHARES":1332266000,"PER_SHARES":4000,"TOTAL_MARKET_CAP":110578078,"HKSK_MARKET_CAP":110578078,"PE_TTM":1.723957438184,"PB_TTM":0.144167713589,"REPORT_DATE_SQ":"2020-12-31 00:00:00","REPORT_TYPE_SQ":"2020年年报","OPERATE_INCOME_SQ":418543363.8,"DPS_HKD":null,"OPERATE_INCOME_QOQ_SQ":-6.420154015235,"NET_PROFIT_RATIO_SQ":2.9970138449,"HOLDER_PROFIT_SQ":16960729.28,"HOLDER_PROFIT_QOQ_SQ":351.054974615287,"ROE_AVG_SQ":3.636790196981,"PE_TTM_SQ":1.910998135284,"PB_TTM_SQ":0.13264995171,"ROA_SQ":2.501641733422,"START_DATE":"2021-01-01 00:00:00","FISCAL_YEAR":"12-31","CURRENCY":"HKD","IS_CNY_CODE":0,"DPS_HKD_LY":null,"ORG_TYPE":"一般企业","PREMIUM_INCOME":null,"PREMIUM_INCOME_YOY":null,"NET_INTEREST_INCOME":null,"NET_INTEREST_INCOME_YOY":null,"FEE_COMMISSION_INCOME":null,"FEE_COMMISSION_INCOME_YOY":null,"ACCOUNTS_RECE_TDAYS":4.753419503188,"INVENTORY_TDAYS":2.030156989129,"CURRENT_ASSETS_TDAYS":0.964144231489,"TOTAL_ASSETS_TDAYS":0.791590783164,"PREMIUM_EXPENSE":null,"LOAN_DEPOSIT":null,"LOAN_EQUITY":null,"LOAN_ASSETS":null,"DEPOSIT_EQUITY":null,"DEPOSIT_ASSETS":null,"EQUITY_MULTIPLIER":1.444942439641,"EQUITY_RATIO":0.447002426561},{"SECUCODE":"00380.HK","SECURITY_CODE":"00380","SECURITY_NAME_ABBR":"中国管业","ORG_CODE":"10008871","STD_REPORT_DATE":"2021-06-30 00:00:00","REPORT_DATE":"2021-06-30 00:00:00","DATE_TYPE_CODE":"002","REPORT_TYPE":"2021年中报","PER_NETCASH_OPERATE":-0.016982409879,"PER_OI":0.19057447891,"BPS":0.370351565228,"BASIC_EPS":0.014062152,"DILUTED_EPS":0.014062152,"OPERATE_INCOME":253895898.72,"OPERATE_INCOME_YOY":37.161685314,"GROSS_PROFIT":73114037.52,"GROSS_PROFIT_YOY":27.531376553904,"HOLDER_PROFIT":18775053.12,"HOLDER_PROFIT_YOY":2694.3502824859,"GROSS_PROFIT_RATIO":30.754357102126,"EPS_TTM":0.030666751775,"OPERATE_INCOME_QOQ":12.110882738598,"NET_PROFIT_RATIO":8.993753564,"ROE_AVG":4.761061319919,"GROSS_PROFIT_QOQ":17.551858294576,"ROA":3.291591102955,"HOLDER_PROFIT_QOQ":140.887464480537,"ROE_YEARLY":9.522122639838,"ROIC_YEARLY":8.202892984579,"TOTAL_ASSETS":714217532.16,"TOTAL_LIABILITIES":220810733.76,"TAX_EBT":17.003303799369,"OCF_SALES":-8.911166897166,"TOTAL_PARENT_EQUITY":493406798.4,"DEBT_ASSET_RATIO":30.9164538558,"OPERATE_PROFIT":22761548.4,"PRETAX_PROFIT":22163282.88,"NETCASH_OPERATE":-22625087.28,"NETCASH_INVEST":-209684.16,"NETCASH_FINANCE":-14294302.32,"END_CASH":120366196.56,"DIVI_RATIO":null,"DIVIDEND_RATE":null,"CURRENT_RATIO":3.868043556411,"COMMON_ACS":25000000000,"CURRENTDEBT_DEBT":64.990277798713,"ISSUED_COMMON_SHARES":1332266000,"HK_COMMON_SHARES":1332266000,"PER_SHARES":4000,"TOTAL_MARKET_CAP":110578078,"HKSK_MARKET_CAP":110578078,"PE_TTM":1.723957438184,"PB_TTM":0.144167713589,"REPORT_DATE_SQ":"2020-06-30 00:00:00","REPORT_TYPE_SQ":"2020年中报","OPERATE_INCOME_SQ":203206602.72,"DPS_HKD":null,"OPERATE_INCOME_QOQ_SQ":-6.03655656707,"NET_PROFIT_RATIO_SQ":-2.1792332943,"HOLDER_PROFIT_SQ":-970073.28,"HOLDER_PROFIT_QOQ_SQ":-38.177877806429,"ROE_AVG_SQ":-0.19550989976,"PE_TTM_SQ":1.910998135284,"PB_TTM_SQ":0.13264995171,"ROA_SQ":-0.134563324905,"START_DATE":"2021-01-01 00:00:00","FISCAL_YEAR":"12-31","CURRENCY":"HKD","IS_CNY_CODE":0,"DPS_HKD_LY":null,"ORG_TYPE":"一般企业","PREMIUM_INCOME":null,"PREMIUM_INCOME_YOY":null,"NET_INTEREST_INCOME":null,"NET_INTEREST_INCOME_YOY":null,"FEE_COMMISSION_INCOME":null,"FEE_COMMISSION_INCOME_YOY":null,"ACCOUNTS_RECE_TDAYS":2.206191977326,"INVENTORY_TDAYS":0.969738693029,"CURRENT_ASSETS_TDAYS":0.476931721647,"TOTAL_ASSETS_TDAYS":0.364538458046,"PREMIUM_EXPENSE":null,"LOAN_DEPOSIT":null,"LOAN_EQUITY":null,"LOAN_ASSETS":null,"DEPOSIT_EQUITY":null,"DEPOSIT_ASSETS":null,"EQUITY_MULTIPLIER":1.447522682047,"EQUITY_RATIO":0.447522682047},{"SECUCODE":"00380.HK","SECURITY_CODE":"00380","SECURITY_NAME_ABBR":"中国管业","ORG_CODE":"10008871","STD_REPORT_DATE":"2020-12-31 00:00:00","REPORT_DATE":"2020-12-31 00:00:00","DATE_TYPE_CODE":"001","REPORT_TYPE":"2020年年报","PER_NETCASH_OPERATE":0.026695255662,"PER_OI":0.314159007135,"BPS":0.356557317202,"BASIC_EPS":0.012708764,"DILUTED_EPS":0.012708764,"OPERATE_INCOME":418543363.8,"OPERATE_INCOME_YOY":-5.7353587893,"GROSS_PROFIT":118242845.24,"GROSS_PROFIT_YOY":-1.265691374064,"HOLDER_PROFIT":16960729.28,"HOLDER_PROFIT_YOY":196.7893961708,"GROSS_PROFIT_RATIO":28.251038116209,"EPS_TTM":0.012730737916,"OPERATE_INCOME_QOQ":-6.420154015235,"NET_PROFIT_RATIO":2.9970138449,"ROE_AVG":3.636790196981,"GROSS_PROFIT_QOQ":0.142958272349,"ROA":2.501641733422,"HOLDER_PROFIT_QOQ":351.054974615287,"ROE_YEARLY":3.636790196981,"ROIC_YEARLY":3.18532398959,"TOTAL_ASSETS":686552680.48,"TOTAL_LIABILITIES":214205796.4,"TAX_EBT":8.281319994027,"OCF_SALES":8.497370775898,"TOTAL_PARENT_EQUITY":475029190.76,"DEBT_ASSET_RATIO":31.2001981043,"OPERATE_PROFIT":26999811.2,"PRETAX_PROFIT":28182315.4,"NETCASH_OPERATE":35565181.48,"NETCASH_INVEST":648904.44,"NETCASH_FINANCE":-11378131.16,"END_CASH":159144024.32,"DIVI_RATIO":null,"DIVIDEND_RATE":null,"CURRENT_RATIO":4.016269279194,"COMMON_ACS":25000000000,"CURRENTDEBT_DEBT":59.917488507328,"ISSUED_COMMON_SHARES":1332266000,"HK_COMMON_SHARES":1332266000,"PER_SHARES":4000,"TOTAL_MARKET_CAP":110578078,"HKSK_MARKET_CAP":110578078,"PE_TTM":1.723957438184,"PB_TTM":0.144167713589,"REPORT_DATE_SQ":"2019-12-31 00:00:00","REPORT_TYPE_SQ":"2019年年报","OPERATE_INCOME_SQ":472570530.56,"DPS_HKD":null,"OPERATE_INCOME_QOQ_SQ":0.860199050472,"NET_PROFIT_RATIO_SQ":0.8336924672,"HOLDER_PROFIT_SQ":6082346.2,"HOLDER_PROFIT_QOQ_SQ":-35.274833920495,"ROE_AVG_SQ":1.256667369956,"PE_TTM_SQ":1.910998135284,"PB_TTM_SQ":0.13264995171,"ROA_SQ":0.924910607867,"START_DATE":"2020-01-01 00:00:00","FISCAL_YEAR":"12-31","CURRENCY":"HKD","IS_CNY_CODE":0,"DPS_HKD_LY":null,"ORG_TYPE":"一般企业","PREMIUM_INCOME":null,"PREMIUM_INCOME_YOY":null,"NET_INTEREST_INCOME":null,"NET_INTEREST_INCOME_YOY":null,"FEE_COMMISSION_INCOME":null,"FEE_COMMISSION_INCOME_YOY":null,"ACCOUNTS_RECE_TDAYS":4.00264806848,"INVENTORY_TDAYS":1.859836223657,"CURRENT_ASSETS_TDAYS":0.850792461352,"TOTAL_ASSETS_TDAYS":0.617335215275,"PREMIUM_EXPENSE":null,"LOAN_DEPOSIT":null,"LOAN_EQUITY":null,"LOAN_ASSETS":null,"DEPOSIT_EQUITY":null,"DEPOSIT_ASSETS":null,"EQUITY_MULTIPLIER":1.453492557313,"EQUITY_RATIO":0.450931859697},{"SECUCODE":"00380.HK","SECURITY_CODE":"00380","SECURITY_NAME_ABBR":"中国管业","ORG_CODE":"10008871","STD_REPORT_DATE":"2020-06-30 00:00:00","REPORT_DATE":"2020-06-30 00:00:00","DATE_TYPE_CODE":"002","REPORT_TYPE":"2020年中报","PER_NETCASH_OPERATE":0.022871112018,"PER_OI":0.152412191619,"BPS":0.372000957286,"BASIC_EPS":-0.000730752,"DILUTED_EPS":-0.000730752,"OPERATE_INCOME":203206602.72,"OPERATE_INCOME_YOY":-15.6175045186,"GROSS_PROFIT":57330234.72,"GROSS_PROFIT_YOY":6.131407218458,"HOLDER_PROFIT":-970073.28,"HOLDER_PROFIT_YOY":-169.0956408588,"GROSS_PROFIT_RATIO":27.682953662666,"EPS_TTM":0.00282031059,"OPERATE_INCOME_QOQ":-6.03655656707,"NET_PROFIT_RATIO":-2.1792332943,"ROE_AVG":-0.19550989976,"GROSS_PROFIT_QOQ":1.980980058767,"ROA":-0.134563324905,"HOLDER_PROFIT_QOQ":-38.177877806429,"ROE_YEARLY":-0.39101979952,"ROIC_YEARLY":-0.34206919654,"TOTAL_ASSETS":715286547.36,"TOTAL_LIABILITIES":221151131.52,"TAX_EBT":15.408439798684,"OCF_SALES":14.990592429937,"TOTAL_PARENT_EQUITY":495604227.36,"DEBT_ASSET_RATIO":30.9178373809,"OPERATE_PROFIT":5746451.04,"PRETAX_PROFIT":7078246.56,"NETCASH_OPERATE":30493367.52,"NETCASH_INVEST":748107.36,"NETCASH_FINANCE":-12145098.24,"END_CASH":162861784.8,"DIVI_RATIO":null,"DIVIDEND_RATE":null,"CURRENT_RATIO":4.371009043718,"COMMON_ACS":25000000000,"CURRENTDEBT_DEBT":53.389809506501,"ISSUED_COMMON_SHARES":1332266000,"HK_COMMON_SHARES":1332266000,"PER_SHARES":4000,"TOTAL_MARKET_CAP":110578078,"HKSK_MARKET_CAP":110578078,"PE_TTM":1.723957438184,"PB_TTM":0.144167713589,"REPORT_DATE_SQ":"2019-06-30 00:00:00","REPORT_TYPE_SQ":"2019年中报","OPERATE_INCOME_SQ":232150190.94,"DPS_HKD":null,"OPERATE_INCOME_QOQ_SQ":0.084946438489,"NET_PROFIT_RATIO_SQ":0.1671030545,"HOLDER_PROFIT_SQ":1352037.42,"HOLDER_PROFIT_QOQ_SQ":-58.774029942429,"ROE_AVG_SQ":0.285919709951,"PE_TTM_SQ":1.910998135284,"PB_TTM_SQ":0.13264995171,"ROA_SQ":0.206129571949,"START_DATE":"2020-01-01 00:00:00","FISCAL_YEAR":"12-31","CURRENCY":"HKD","IS_CNY_CODE":0,"DPS_HKD_LY":null,"ORG_TYPE":"一般企业","PREMIUM_INCOME":null,"PREMIUM_INCOME_YOY":null,"NET_INTEREST_INCOME":null,"NET_INTEREST_INCOME_YOY":null,"FEE_COMMISSION_INCOME":null,"FEE_COMMISSION_INCOME_YOY":null,"ACCOUNTS_RECE_TDAYS":1.889820033725,"INVENTORY_TDAYS":0.845023494009,"CURRENT_ASSETS_TDAYS":0.397115782416,"TOTAL_ASSETS_TDAYS":0.282168648899,"PREMIUM_EXPENSE":null,"LOAN_DEPOSIT":null,"LOAN_EQUITY":null,"LOAN_ASSETS":null,"DEPOSIT_EQUITY":null,"DEPOSIT_ASSETS":null,"EQUITY_MULTIPLIER":1.447551671933,"EQUITY_RATIO":0.44622527273}],"count":48},"success":true,"message":"ok","code":0}