{"version":"2b51d2680e121d95b473e8127fbeb44c","result":{"pages":9,"data":[{"SECUCODE":"00386.HK","SECURITY_CODE":"00386","SECURITY_NAME_ABBR":"中国石油化工股份","ORG_CODE":"10002268","STD_REPORT_DATE":"2024-09-30 00:00:00","REPORT_DATE":"2024-09-30 00:00:00","DATE_TYPE_CODE":"004","REPORT_TYPE":"2024年三季报","PER_NETCASH_OPERATE":0.834356178603,"PER_OI":19.445722469415,"BPS":6.75373922511,"BASIC_EPS":0.366,"DILUTED_EPS":0.366,"OPERATE_INCOME":2366541000000,"OPERATE_INCOME_YOY":-4.1863348153,"GROSS_PROFIT":359607000000,"GROSS_PROFIT_YOY":-6.357708672941,"HOLDER_PROFIT":44247000000,"HOLDER_PROFIT_YOY":-16.4615036061,"GROSS_PROFIT_RATIO":15.195468829824,"EPS_TTM":0.407486210034,"OPERATE_INCOME_QOQ":-2.687262259818,"NET_PROFIT_RATIO":2.1465083428,"ROE_AVG":5.446126464553,"GROSS_PROFIT_QOQ":-5.433836809034,"ROA":2.146699111109,"HOLDER_PROFIT_QOQ":-16.326117400915,"ROE_YEARLY":7.261501952738,"ROIC_YEARLY":2.544035643062,"TOTAL_ASSETS":2097633000000,"TOTAL_LIABILITIES":1121216000000,"TAX_EBT":19.467960303117,"OCF_SALES":4.290692618467,"TOTAL_PARENT_EQUITY":819104000000,"DEBT_ASSET_RATIO":53.4514855554,"OPERATE_PROFIT":72061000000,"PRETAX_PROFIT":63078000000,"NETCASH_OPERATE":101541000000,"NETCASH_INVEST":-99801000000,"NETCASH_FINANCE":-7621000000,"END_CASH":115549000000,"DIVI_RATIO":0.84472697118,"DIVIDEND_RATE":8.952718676123,"CURRENT_RATIO":0.855863728215,"COMMON_ACS":null,"CURRENTDEBT_DEBT":62.056374507677,"ISSUED_COMMON_SHARES":121281555698,"HK_COMMON_SHARES":24049292600,"PER_SHARES":2000,"TOTAL_MARKET_CAP":513020980602.54,"HKSK_MARKET_CAP":101728507698,"PE_TTM":9.212164798019,"PB_TTM":0.564808852231,"REPORT_DATE_SQ":"2023-09-30 00:00:00","REPORT_TYPE_SQ":"2023年三季报","OPERATE_INCOME_SQ":2469941000000,"DPS_HKD":0.3787,"OPERATE_INCOME_QOQ_SQ":1.062604023852,"NET_PROFIT_RATIO_SQ":2.5503038332,"HOLDER_PROFIT_SQ":52966000000,"HOLDER_PROFIT_QOQ_SQ":8.548943134729,"ROE_AVG_SQ":6.818216215398,"PE_TTM_SQ":7.508362748307,"PB_TTM_SQ":0.595513247401,"ROA_SQ":2.680832863262,"START_DATE":"2024-01-01 00:00:00","FISCAL_YEAR":"12-31","CURRENCY":"HKD","IS_CNY_CODE":0,"DPS_HKD_LY":0.3787,"ORG_TYPE":"一般企业","PREMIUM_INCOME":null,"PREMIUM_INCOME_YOY":null,"NET_INTEREST_INCOME":null,"NET_INTEREST_INCOME_YOY":null,"FEE_COMMISSION_INCOME":null,"FEE_COMMISSION_INCOME_YOY":null,"ACCOUNTS_RECE_TDAYS":37.488867591265,"INVENTORY_TDAYS":7.747000206516,"CURRENT_ASSETS_TDAYS":4.188816505049,"TOTAL_ASSETS_TDAYS":1.148157267409,"PREMIUM_EXPENSE":null,"LOAN_DEPOSIT":null,"LOAN_EQUITY":null,"LOAN_ASSETS":null,"DEPOSIT_EQUITY":null,"DEPOSIT_ASSETS":null,"EQUITY_MULTIPLIER":2.148296270959,"EQUITY_RATIO":1.368832285033},{"SECUCODE":"00386.HK","SECURITY_CODE":"00386","SECURITY_NAME_ABBR":"中国石油化工股份","ORG_CODE":"10002268","STD_REPORT_DATE":"2024-06-30 00:00:00","REPORT_DATE":"2024-06-30 00:00:00","DATE_TYPE_CODE":"002","REPORT_TYPE":"2024年中报","PER_NETCASH_OPERATE":0.347208047245,"PER_OI":12.946730859799,"BPS":6.809980258306,"BASIC_EPS":0.307,"DILUTED_EPS":0.307,"OPERATE_INCOME":1576131000000,"OPERATE_INCOME_YOY":-1.1012862039,"GROSS_PROFIT":321918000000,"GROSS_PROFIT_YOY":3.57722007722,"HOLDER_PROFIT":37079000000,"HOLDER_PROFIT_YOY":2.6493549637,"GROSS_PROFIT_RATIO":20.424571307842,"EPS_TTM":0.48683383416,"OPERATE_INCOME_QOQ":-0.504134262225,"NET_PROFIT_RATIO":2.6895607028,"ROE_AVG":4.544777624088,"GROSS_PROFIT_QOQ":1.03254135264,"ROA":1.780410158407,"HOLDER_PROFIT_QOQ":5.286813167291,"ROE_YEARLY":9.089555248177,"ROIC_YEARLY":4.223053390948,"TOTAL_ASSETS":2140524000000,"TOTAL_LIABILITIES":1156433000000,"TAX_EBT":18.980543557204,"OCF_SALES":2.68182022941,"TOTAL_PARENT_EQUITY":825925000000,"DEBT_ASSET_RATIO":54.0256965117,"OPERATE_PROFIT":51021000000,"PRETAX_PROFIT":52322000000,"NETCASH_OPERATE":42269000000,"NETCASH_INVEST":-79004000000,"NETCASH_FINANCE":36862000000,"END_CASH":122134000000,"DIVI_RATIO":0.707047390398,"DIVIDEND_RATE":8.646118721461,"CURRENT_RATIO":0.846463131347,"COMMON_ACS":null,"CURRENTDEBT_DEBT":65.144284191129,"ISSUED_COMMON_SHARES":121281555698,"HK_COMMON_SHARES":24049292600,"PER_SHARES":2000,"TOTAL_MARKET_CAP":531213213957.24,"HKSK_MARKET_CAP":105335901588,"PE_TTM":9.538837308587,"PB_TTM":0.584837534934,"REPORT_DATE_SQ":"2023-06-30 00:00:00","REPORT_TYPE_SQ":"2023年中报","OPERATE_INCOME_SQ":1593682000000,"DPS_HKD":0.3787,"OPERATE_INCOME_QOQ_SQ":-1.15002098491,"NET_PROFIT_RATIO_SQ":2.6100564604,"HOLDER_PROFIT_SQ":36122000000,"HOLDER_PROFIT_QOQ_SQ":-9.352904040404,"ROE_AVG_SQ":4.562817371094,"PE_TTM_SQ":7.075853373405,"PB_TTM_SQ":0.56120948891,"ROA_SQ":1.817211338731,"START_DATE":"2024-01-01 00:00:00","FISCAL_YEAR":"12-31","CURRENCY":"HKD","IS_CNY_CODE":0,"DPS_HKD_LY":0.3787,"ORG_TYPE":"一般企业","PREMIUM_INCOME":null,"PREMIUM_INCOME_YOY":null,"NET_INTEREST_INCOME":null,"NET_INTEREST_INCOME_YOY":null,"FEE_COMMISSION_INCOME":null,"FEE_COMMISSION_INCOME_YOY":null,"ACCOUNTS_RECE_TDAYS":24.700569664392,"INVENTORY_TDAYS":4.577444767033,"CURRENT_ASSETS_TDAYS":2.689372571704,"TOTAL_ASSETS_TDAYS":0.756805642919,"PREMIUM_EXPENSE":null,"LOAN_DEPOSIT":null,"LOAN_EQUITY":null,"LOAN_ASSETS":null,"DEPOSIT_EQUITY":null,"DEPOSIT_ASSETS":null,"EQUITY_MULTIPLIER":2.175128113152,"EQUITY_RATIO":1.400167085389},{"SECUCODE":"00386.HK","SECURITY_CODE":"00386","SECURITY_NAME_ABBR":"中国石油化工股份","ORG_CODE":"10002268","STD_REPORT_DATE":"2024-03-31 00:00:00","REPORT_DATE":"2024-03-31 00:00:00","DATE_TYPE_CODE":"003","REPORT_TYPE":"2024年一季报","PER_NETCASH_OPERATE":-0.112986980763,"PER_OI":6.488984822405,"BPS":6.853375150214,"BASIC_EPS":0.156,"DILUTED_EPS":0.156,"OPERATE_INCOME":789967000000,"OPERATE_INCOME_YOY":-0.1723678208,"GROSS_PROFIT":164050000000,"GROSS_PROFIT_YOY":2.778560912195,"HOLDER_PROFIT":18721000000,"HOLDER_PROFIT_YOY":-9.7348119576,"GROSS_PROFIT_RATIO":20.76669025415,"EPS_TTM":0.462388232215,"OPERATE_INCOME_QOQ":-0.042462911107,"NET_PROFIT_RATIO":2.7641660981,"ROE_AVG":2.287257892878,"GROSS_PROFIT_QOQ":0.689946997758,"ROA":0.909530147346,"HOLDER_PROFIT_QOQ":-3.46252786829,"ROE_YEARLY":9.149031571514,"ROIC_YEARLY":4.309274025667,"TOTAL_ASSETS":2091935000000,"TOTAL_LIABILITIES":1103325000000,"TAX_EBT":20.760605290852,"OCF_SALES":-1.741211974677,"TOTAL_PARENT_EQUITY":831188000000,"DEBT_ASSET_RATIO":52.7418394931,"OPERATE_PROFIT":27320000000,"PRETAX_PROFIT":27557000000,"NETCASH_OPERATE":-13755000000,"NETCASH_INVEST":-43082000000,"NETCASH_FINANCE":45931000000,"END_CASH":110964000000,"DIVI_RATIO":0.744427664933,"DIVIDEND_RATE":8.646118721461,"CURRENT_RATIO":0.872459571953,"COMMON_ACS":null,"CURRENTDEBT_DEBT":63.170779235493,"ISSUED_COMMON_SHARES":121281555698,"HK_COMMON_SHARES":24049292600,"PER_SHARES":2000,"TOTAL_MARKET_CAP":531213213957.24,"HKSK_MARKET_CAP":105335901588,"PE_TTM":9.538837308587,"PB_TTM":0.584837534934,"REPORT_DATE_SQ":"2023-03-31 00:00:00","REPORT_TYPE_SQ":"2023年一季报","OPERATE_INCOME_SQ":791331000000,"DPS_HKD":0.3787,"OPERATE_INCOME_QOQ_SQ":0.601084694928,"NET_PROFIT_RATIO_SQ":2.9768832511,"HOLDER_PROFIT_SQ":20740000000,"HOLDER_PROFIT_QOQ_SQ":-4.222030746905,"ROE_AVG_SQ":2.602749954665,"PE_TTM_SQ":7.075853373405,"PB_TTM_SQ":0.56120948891,"ROA_SQ":1.047529504699,"START_DATE":"2024-01-01 00:00:00","FISCAL_YEAR":"12-31","CURRENCY":"HKD","IS_CNY_CODE":0,"DPS_HKD_LY":0.3787,"ORG_TYPE":"一般企业","PREMIUM_INCOME":null,"PREMIUM_INCOME_YOY":null,"NET_INTEREST_INCOME":null,"NET_INTEREST_INCOME_YOY":null,"FEE_COMMISSION_INCOME":null,"FEE_COMMISSION_INCOME_YOY":null,"ACCOUNTS_RECE_TDAYS":11.660459795564,"INVENTORY_TDAYS":2.382013791634,"CURRENT_ASSETS_TDAYS":1.382848980456,"TOTAL_ASSETS_TDAYS":0.383792960797,"PREMIUM_EXPENSE":null,"LOAN_DEPOSIT":null,"LOAN_EQUITY":null,"LOAN_ASSETS":null,"DEPOSIT_EQUITY":null,"DEPOSIT_ASSETS":null,"EQUITY_MULTIPLIER":2.116036657529,"EQUITY_RATIO":1.327407277295},{"SECUCODE":"00386.HK","SECURITY_CODE":"00386","SECURITY_NAME_ABBR":"中国石油化工股份","ORG_CODE":"10002268","STD_REPORT_DATE":"2023-12-31 00:00:00","REPORT_DATE":"2023-12-31 00:00:00","DATE_TYPE_CODE":"001","REPORT_TYPE":"2023年年报","PER_NETCASH_OPERATE":1.352961981521,"PER_OI":26.914412580715,"BPS":6.620866589142,"BASIC_EPS":0.487,"DILUTED_EPS":0.487,"OPERATE_INCOME":3212215000000,"OPERATE_INCOME_YOY":-3.193117407,"GROSS_PROFIT":642803000000,"GROSS_PROFIT_YOY":1.482605318497,"HOLDER_PROFIT":58310000000,"HOLDER_PROFIT_YOY":-12.883032286,"GROSS_PROFIT_RATIO":20.01120721994,"EPS_TTM":0.488566113284,"OPERATE_INCOME_QOQ":-3.675557089553,"NET_PROFIT_RATIO":2.1126854834,"ROE_AVG":7.331875173285,"GROSS_PROFIT_QOQ":1.73380306656,"ROA":2.935065144252,"HOLDER_PROFIT_QOQ":-6.470550494033,"ROE_YEARLY":7.331875173285,"ROIC_YEARLY":3.470425351782,"TOTAL_ASSETS":2026674000000,"TOTAL_LIABILITIES":1068019000000,"TAX_EBT":19.145995663259,"OCF_SALES":5.026905110648,"TOTAL_PARENT_EQUITY":805794000000,"DEBT_ASSET_RATIO":52.7924685978,"OPERATE_PROFIT":86828000000,"PRETAX_PROFIT":83934000000,"NETCASH_OPERATE":161475000000,"NETCASH_INVEST":-155865000000,"NETCASH_FINANCE":22732000000,"END_CASH":121759000000,"DIVI_RATIO":0.704540455511,"DIVIDEND_RATE":8.646118721461,"CURRENT_RATIO":0.825923075497,"COMMON_ACS":null,"CURRENTDEBT_DEBT":60.586562598606,"ISSUED_COMMON_SHARES":121281555698,"HK_COMMON_SHARES":24049292600,"PER_SHARES":2000,"TOTAL_MARKET_CAP":531213213957.24,"HKSK_MARKET_CAP":105335901588,"PE_TTM":9.538837308587,"PB_TTM":0.584837534934,"REPORT_DATE_SQ":"2022-12-31 00:00:00","REPORT_TYPE_SQ":"2022年年报","OPERATE_INCOME_SQ":3318168000000,"DPS_HKD":0.3787,"OPERATE_INCOME_QOQ_SQ":3.935862478328,"NET_PROFIT_RATIO_SQ":2.2796615482,"HOLDER_PROFIT_SQ":66933000000,"HOLDER_PROFIT_QOQ_SQ":-3.238404493396,"ROE_AVG_SQ":8.487203699047,"PE_TTM_SQ":7.075853373405,"PB_TTM_SQ":0.56120948891,"ROA_SQ":3.447358512935,"START_DATE":"2023-01-01 00:00:00","FISCAL_YEAR":"12-31","CURRENCY":"HKD","IS_CNY_CODE":0,"DPS_HKD_LY":0.3745,"ORG_TYPE":"一般企业","PREMIUM_INCOME":null,"PREMIUM_INCOME_YOY":null,"NET_INTEREST_INCOME":null,"NET_INTEREST_INCOME_YOY":null,"FEE_COMMISSION_INCOME":null,"FEE_COMMISSION_INCOME_YOY":null,"ACCOUNTS_RECE_TDAYS":66.069808817631,"INVENTORY_TDAYS":10.378548246048,"CURRENT_ASSETS_TDAYS":6.074680282722,"TOTAL_ASSETS_TDAYS":1.616885659808,"PREMIUM_EXPENSE":null,"LOAN_DEPOSIT":null,"LOAN_EQUITY":null,"LOAN_ASSETS":null,"DEPOSIT_EQUITY":null,"DEPOSIT_ASSETS":null,"EQUITY_MULTIPLIER":2.118306063243,"EQUITY_RATIO":1.325424364043},{"SECUCODE":"00386.HK","SECURITY_CODE":"00386","SECURITY_NAME_ABBR":"中国石油化工股份","ORG_CODE":"10002268","STD_REPORT_DATE":"2023-09-30 00:00:00","REPORT_DATE":"2023-09-30 00:00:00","DATE_TYPE_CODE":"004","REPORT_TYPE":"2023年三季报","PER_NETCASH_OPERATE":0.820173112351,"PER_OI":20.606243551382,"BPS":6.580984185159,"BASIC_EPS":0.442,"DILUTED_EPS":0.442,"OPERATE_INCOME":2469941000000,"OPERATE_INCOME_YOY":0.6774080206,"GROSS_PROFIT":384022000000,"GROSS_PROFIT_YOY":-21.741398670088,"HOLDER_PROFIT":52966000000,"HOLDER_PROFIT_YOY":-6.5821078643,"GROSS_PROFIT_RATIO":19.803914344513,"EPS_TTM":0.520124022382,"OPERATE_INCOME_QOQ":1.062604023852,"NET_PROFIT_RATIO":2.5503038332,"ROE_AVG":6.818216215398,"GROSS_PROFIT_QOQ":6.323567273406,"ROA":2.680832863262,"HOLDER_PROFIT_QOQ":8.548943134729,"ROE_YEARLY":9.090954953864,"ROIC_YEARLY":3.17995136545,"TOTAL_ASSETS":2084435000000,"TOTAL_LIABILITIES":1131626000000,"TAX_EBT":19.20611246304,"OCF_SALES":3.980216531488,"TOTAL_PARENT_EQUITY":798152000000,"DEBT_ASSET_RATIO":54.2893397971,"OPERATE_PROFIT":83709000000,"PRETAX_PROFIT":76434000000,"NETCASH_OPERATE":98309000000,"NETCASH_INVEST":-120662000000,"NETCASH_FINANCE":56645000000,"END_CASH":128468000000,"DIVI_RATIO":0.661793297728,"DIVIDEND_RATE":8.606818181818,"CURRENT_RATIO":0.898704770299,"COMMON_ACS":null,"CURRENTDEBT_DEBT":61.355695256207,"ISSUED_COMMON_SHARES":121281555698,"HK_COMMON_SHARES":24049292600,"PER_SHARES":2000,"TOTAL_MARKET_CAP":533638845071.2,"HKSK_MARKET_CAP":105816887440,"PE_TTM":9.582393643329,"PB_TTM":0.587508025961,"REPORT_DATE_SQ":"2022-09-30 00:00:00","REPORT_TYPE_SQ":"2022年三季报","OPERATE_INCOME_SQ":2453322000000,"DPS_HKD":0.3787,"OPERATE_INCOME_QOQ_SQ":3.242895030362,"NET_PROFIT_RATIO_SQ":2.5964793859,"HOLDER_PROFIT_SQ":57869000000,"HOLDER_PROFIT_QOQ_SQ":-10.278350109581,"ROE_AVG_SQ":7.369726536367,"PE_TTM_SQ":6.781746998471,"PB_TTM_SQ":0.537882933136,"ROA_SQ":2.90798406203,"START_DATE":"2023-01-01 00:00:00","FISCAL_YEAR":"12-31","CURRENCY":"HKD","IS_CNY_CODE":0,"DPS_HKD_LY":0.3745,"ORG_TYPE":"一般企业","PREMIUM_INCOME":null,"PREMIUM_INCOME_YOY":null,"NET_INTEREST_INCOME":null,"NET_INTEREST_INCOME_YOY":null,"FEE_COMMISSION_INCOME":null,"FEE_COMMISSION_INCOME_YOY":null,"ACCOUNTS_RECE_TDAYS":36.30397589476,"INVENTORY_TDAYS":7.730041190807,"CURRENT_ASSETS_TDAYS":4.306311599598,"TOTAL_ASSETS_TDAYS":1.224842582893,"PREMIUM_EXPENSE":null,"LOAN_DEPOSIT":null,"LOAN_EQUITY":null,"LOAN_ASSETS":null,"DEPOSIT_EQUITY":null,"DEPOSIT_ASSETS":null,"EQUITY_MULTIPLIER":2.187673500145,"EQUITY_RATIO":1.417807635638},{"SECUCODE":"00386.HK","SECURITY_CODE":"00386","SECURITY_NAME_ABBR":"中国石油化工股份","ORG_CODE":"10002268","STD_REPORT_DATE":"2023-06-30 00:00:00","REPORT_DATE":"2023-06-30 00:00:00","DATE_TYPE_CODE":"002","REPORT_TYPE":"2023年中报","PER_NETCASH_OPERATE":0.229881783292,"PER_OI":13.292158049517,"BPS":6.56093167193,"BASIC_EPS":0.301,"DILUTED_EPS":0.301,"OPERATE_INCOME":1593682000000,"OPERATE_INCOME_YOY":-1.1440793089,"GROSS_PROFIT":310800000000,"GROSS_PROFIT_YOY":-11.185535930137,"HOLDER_PROFIT":36122000000,"HOLDER_PROFIT_YOY":-19.4442586026,"GROSS_PROFIT_RATIO":19.502008556287,"EPS_TTM":0.479030198883,"OPERATE_INCOME_QOQ":-1.15002098491,"NET_PROFIT_RATIO":2.6100564604,"ROE_AVG":4.562817371094,"GROSS_PROFIT_QOQ":-2.543224818253,"ROA":1.817211338731,"HOLDER_PROFIT_QOQ":-9.352904040404,"ROE_YEARLY":9.125634742187,"ROIC_YEARLY":4.281464637351,"TOTAL_ASSETS":2026902000000,"TOTAL_LIABILITIES":1078305000000,"TAX_EBT":19.646099756597,"OCF_SALES":1.729454182202,"TOTAL_PARENT_EQUITY":795720000000,"DEBT_ASSET_RATIO":53.1996613551,"OPERATE_PROFIT":53696000000,"PRETAX_PROFIT":51766000000,"NETCASH_OPERATE":27562000000,"NETCASH_INVEST":-93430000000,"NETCASH_FINANCE":66861000000,"END_CASH":94874000000,"DIVI_RATIO":0.718565536792,"DIVIDEND_RATE":8.646118721461,"CURRENT_RATIO":0.858549507224,"COMMON_ACS":null,"CURRENTDEBT_DEBT":62.000918107586,"ISSUED_COMMON_SHARES":121281555698,"HK_COMMON_SHARES":24049292600,"PER_SHARES":2000,"TOTAL_MARKET_CAP":531213213957.24,"HKSK_MARKET_CAP":105335901588,"PE_TTM":9.538837308587,"PB_TTM":0.584837534934,"REPORT_DATE_SQ":"2022-06-30 00:00:00","REPORT_TYPE_SQ":"2022年中报","OPERATE_INCOME_SQ":1612126000000,"DPS_HKD":0.3787,"OPERATE_INCOME_QOQ_SQ":5.331791855533,"NET_PROFIT_RATIO_SQ":3.1374098551,"HOLDER_PROFIT_SQ":44841000000,"HOLDER_PROFIT_QOQ_SQ":-0.444217980376,"ROE_AVG_SQ":5.697272099824,"PE_TTM_SQ":7.075853373405,"PB_TTM_SQ":0.56120948891,"ROA_SQ":2.251214146929,"START_DATE":"2023-01-01 00:00:00","FISCAL_YEAR":"12-31","CURRENCY":"HKD","IS_CNY_CODE":0,"DPS_HKD_LY":0.3745,"ORG_TYPE":"一般企业","PREMIUM_INCOME":null,"PREMIUM_INCOME_YOY":null,"NET_INTEREST_INCOME":null,"NET_INTEREST_INCOME_YOY":null,"FEE_COMMISSION_INCOME":null,"FEE_COMMISSION_INCOME_YOY":null,"ACCOUNTS_RECE_TDAYS":26.613929176791,"INVENTORY_TDAYS":4.878462629554,"CURRENT_ASSETS_TDAYS":2.905180876304,"TOTAL_ASSETS_TDAYS":0.801743259158,"PREMIUM_EXPENSE":null,"LOAN_DEPOSIT":null,"LOAN_EQUITY":null,"LOAN_ASSETS":null,"DEPOSIT_EQUITY":null,"DEPOSIT_ASSETS":null,"EQUITY_MULTIPLIER":2.136736675321,"EQUITY_RATIO":1.35513120193},{"SECUCODE":"00386.HK","SECURITY_CODE":"00386","SECURITY_NAME_ABBR":"中国石油化工股份","ORG_CODE":"10002268","STD_REPORT_DATE":"2023-03-31 00:00:00","REPORT_DATE":"2023-03-31 00:00:00","DATE_TYPE_CODE":"003","REPORT_TYPE":"2023年一季报","PER_NETCASH_OPERATE":-0.153440794109,"PER_OI":6.600122685381,"BPS":6.646509400055,"BASIC_EPS":0.173,"DILUTED_EPS":0.173,"OPERATE_INCOME":791331000000,"OPERATE_INCOME_YOY":2.5856056501,"GROSS_PROFIT":159615000000,"GROSS_PROFIT_YOY":-12.897680763984,"HOLDER_PROFIT":20740000000,"HOLDER_PROFIT_YOY":-11.8684400629,"GROSS_PROFIT_RATIO":20.170447006373,"EPS_TTM":0.528456200181,"OPERATE_INCOME_QOQ":0.601084694928,"NET_PROFIT_RATIO":2.9768832511,"ROE_AVG":2.602749954665,"GROSS_PROFIT_QOQ":-3.73137862876,"ROA":1.047529504699,"HOLDER_PROFIT_QOQ":-4.222030746905,"ROE_YEARLY":10.410999818661,"ROIC_YEARLY":4.975976338921,"TOTAL_ASSETS":2011153000000,"TOTAL_LIABILITIES":1051848000000,"TAX_EBT":21.174502258658,"OCF_SALES":-2.324817301483,"TOTAL_PARENT_EQUITY":806099000000,"DEBT_ASSET_RATIO":52.3007448961,"OPERATE_PROFIT":31090000000,"PRETAX_PROFIT":29885000000,"NETCASH_OPERATE":-18397000000,"NETCASH_INVEST":-54289000000,"NETCASH_FINANCE":82285000000,"END_CASH":101935000000,"DIVI_RATIO":0.651358791669,"DIVIDEND_RATE":8.646118721461,"CURRENT_RATIO":0.871614823603,"COMMON_ACS":null,"CURRENTDEBT_DEBT":63.783265262662,"ISSUED_COMMON_SHARES":121281555698,"HK_COMMON_SHARES":24049292600,"PER_SHARES":2000,"TOTAL_MARKET_CAP":531213213957.24,"HKSK_MARKET_CAP":105335901588,"PE_TTM":9.538837308587,"PB_TTM":0.584837534934,"REPORT_DATE_SQ":"2022-03-31 00:00:00","REPORT_TYPE_SQ":"2022年一季报","OPERATE_INCOME_SQ":771386000000,"DPS_HKD":0.3787,"OPERATE_INCOME_QOQ_SQ":7.108181156153,"NET_PROFIT_RATIO_SQ":3.5428436606,"HOLDER_PROFIT_SQ":23533000000,"HOLDER_PROFIT_QOQ_SQ":6.341090656478,"ROE_AVG_SQ":2.977587080196,"PE_TTM_SQ":7.075853373405,"PB_TTM_SQ":0.56120948891,"ROA_SQ":1.195789680793,"START_DATE":"2023-01-01 00:00:00","FISCAL_YEAR":"12-31","CURRENCY":"HKD","IS_CNY_CODE":0,"DPS_HKD_LY":0.3745,"ORG_TYPE":"一般企业","PREMIUM_INCOME":null,"PREMIUM_INCOME_YOY":null,"NET_INTEREST_INCOME":null,"NET_INTEREST_INCOME_YOY":null,"FEE_COMMISSION_INCOME":null,"FEE_COMMISSION_INCOME_YOY":null,"ACCOUNTS_RECE_TDAYS":13.586714283262,"INVENTORY_TDAYS":2.535393062261,"CURRENT_ASSETS_TDAYS":1.42851263055,"TOTAL_ASSETS_TDAYS":0.399683013733,"PREMIUM_EXPENSE":null,"LOAN_DEPOSIT":null,"LOAN_EQUITY":null,"LOAN_ASSETS":null,"DEPOSIT_EQUITY":null,"DEPOSIT_ASSETS":null,"EQUITY_MULTIPLIER":2.096468797724,"EQUITY_RATIO":1.304862057886},{"SECUCODE":"00386.HK","SECURITY_CODE":"00386","SECURITY_NAME_ABBR":"中国石油化工股份","ORG_CODE":"10002268","STD_REPORT_DATE":"2022-12-31 00:00:00","REPORT_DATE":"2022-12-31 00:00:00","DATE_TYPE_CODE":"001","REPORT_TYPE":"2022年年报","PER_NETCASH_OPERATE":0.969745485147,"PER_OI":27.675291238058,"BPS":6.470118193025,"BASIC_EPS":0.554,"DILUTED_EPS":0.554,"OPERATE_INCOME":3318168000000,"OPERATE_INCOME_YOY":21.0619639503,"GROSS_PROFIT":633412000000,"GROSS_PROFIT_YOY":-4.638078705969,"HOLDER_PROFIT":66933000000,"HOLDER_PROFIT_YOY":-8.0889197638,"GROSS_PROFIT_RATIO":19.089208261908,"EPS_TTM":0.551751310142,"OPERATE_INCOME_QOQ":3.935862478328,"NET_PROFIT_RATIO":2.2796615482,"ROE_AVG":8.487203699047,"GROSS_PROFIT_QOQ":-6.156736319351,"ROA":3.447358512935,"HOLDER_PROFIT_QOQ":-3.238404493396,"ROE_YEARLY":8.487203699047,"ROIC_YEARLY":4.162621168313,"TOTAL_ASSETS":1951121000000,"TOTAL_LIABILITIES":1011579000000,"TAX_EBT":18.962923728814,"OCF_SALES":3.504011852323,"TOTAL_PARENT_EQUITY":787600000000,"DEBT_ASSET_RATIO":51.9542860662,"OPERATE_PROFIT":75835000000,"PRETAX_PROFIT":94400000000,"NETCASH_OPERATE":116269000000,"NETCASH_INVEST":-95010000000,"NETCASH_FINANCE":-39699000000,"END_CASH":93438000000,"DIVI_RATIO":0.623858223212,"DIVIDEND_RATE":8.646118721461,"CURRENT_RATIO":0.783865385048,"COMMON_ACS":null,"CURRENTDEBT_DEBT":65.974580334309,"ISSUED_COMMON_SHARES":121281555698,"HK_COMMON_SHARES":24049292600,"PER_SHARES":2000,"TOTAL_MARKET_CAP":531213213957.24,"HKSK_MARKET_CAP":105335901588,"PE_TTM":9.538837308587,"PB_TTM":0.584837534934,"REPORT_DATE_SQ":"2021-12-31 00:00:00","REPORT_TYPE_SQ":"2021年年报","OPERATE_INCOME_SQ":2740884000000,"DPS_HKD":0.3787,"OPERATE_INCOME_QOQ_SQ":7.199864830933,"NET_PROFIT_RATIO_SQ":3.1322376284,"HOLDER_PROFIT_SQ":71975000000,"HOLDER_PROFIT_QOQ_SQ":3.701409100078,"ROE_AVG_SQ":9.467236915055,"PE_TTM_SQ":7.075853373405,"PB_TTM_SQ":0.56120948891,"ROA_SQ":3.973160808819,"START_DATE":"2022-01-01 00:00:00","FISCAL_YEAR":"12-31","CURRENCY":"HKD","IS_CNY_CODE":0,"DPS_HKD_LY":0.5467,"ORG_TYPE":"一般企业","PREMIUM_INCOME":null,"PREMIUM_INCOME_YOY":null,"NET_INTEREST_INCOME":null,"NET_INTEREST_INCOME_YOY":null,"FEE_COMMISSION_INCOME":null,"FEE_COMMISSION_INCOME_YOY":null,"ACCOUNTS_RECE_TDAYS":81.703120960295,"INVENTORY_TDAYS":11.888025434273,"CURRENT_ASSETS_TDAYS":6.138140004662,"TOTAL_ASSETS_TDAYS":1.729160386097,"PREMIUM_EXPENSE":null,"LOAN_DEPOSIT":null,"LOAN_EQUITY":null,"LOAN_ASSETS":null,"DEPOSIT_EQUITY":null,"DEPOSIT_ASSETS":null,"EQUITY_MULTIPLIER":2.081351109441,"EQUITY_RATIO":1.28438166582},{"SECUCODE":"00386.HK","SECURITY_CODE":"00386","SECURITY_NAME_ABBR":"中国石油化工股份","ORG_CODE":"10002268","STD_REPORT_DATE":"2022-09-30 00:00:00","REPORT_DATE":"2022-09-30 00:00:00","DATE_TYPE_CODE":"004","REPORT_TYPE":"2022年三季报","PER_NETCASH_OPERATE":0.489331858278,"PER_OI":20.263463189748,"BPS":6.434564559373,"BASIC_EPS":0.478,"DILUTED_EPS":0.478,"OPERATE_INCOME":2453322000000,"OPERATE_INCOME_YOY":22.5624734287,"GROSS_PROFIT":490709000000,"GROSS_PROFIT_YOY":2.239561630136,"HOLDER_PROFIT":57869000000,"HOLDER_PROFIT_YOY":-5.9252446955,"GROSS_PROFIT_RATIO":20.001817943181,"EPS_TTM":0.564684206922,"OPERATE_INCOME_QOQ":3.242895030362,"NET_PROFIT_RATIO":2.5964793859,"ROE_AVG":7.369726536367,"GROSS_PROFIT_QOQ":-3.430317736471,"ROA":2.90798406203,"HOLDER_PROFIT_QOQ":-10.278350109581,"ROE_YEARLY":9.82630204849,"ROIC_YEARLY":3.562498736763,"TOTAL_ASSETS":2050519000000,"TOTAL_LIABILITIES":1125905000000,"TAX_EBT":18.987182392788,"OCF_SALES":2.41484811207,"TOTAL_PARENT_EQUITY":780394000000,"DEBT_ASSET_RATIO":54.908293949,"OPERATE_PROFIT":75886000000,"PRETAX_PROFIT":79422000000,"NETCASH_OPERATE":59244000000,"NETCASH_INVEST":-69911000000,"NETCASH_FINANCE":23877000000,"END_CASH":126598000000,"DIVI_RATIO":0.609570070813,"DIVIDEND_RATE":8.646118721461,"CURRENT_RATIO":0.863041204343,"COMMON_ACS":null,"CURRENTDEBT_DEBT":69.712187085056,"ISSUED_COMMON_SHARES":121281555698,"HK_COMMON_SHARES":24049292600,"PER_SHARES":2000,"TOTAL_MARKET_CAP":531213213957.24,"HKSK_MARKET_CAP":105335901588,"PE_TTM":9.538837308587,"PB_TTM":0.584837534934,"REPORT_DATE_SQ":"2021-09-30 00:00:00","REPORT_TYPE_SQ":"2021年三季报","OPERATE_INCOME_SQ":2001691000000,"DPS_HKD":0.3787,"OPERATE_INCOME_QOQ_SQ":9.521216968092,"NET_PROFIT_RATIO_SQ":3.6854269099,"HOLDER_PROFIT_SQ":60892000000,"HOLDER_PROFIT_QOQ_SQ":-26.859443168167,"ROE_AVG_SQ":8.021854618987,"PE_TTM_SQ":7.075853373405,"PB_TTM_SQ":0.56120948891,"ROA_SQ":3.35562222062,"START_DATE":"2022-01-01 00:00:00","FISCAL_YEAR":"12-31","CURRENCY":"HKD","IS_CNY_CODE":0,"DPS_HKD_LY":0.5467,"ORG_TYPE":"一般企业","PREMIUM_INCOME":null,"PREMIUM_INCOME_YOY":null,"NET_INTEREST_INCOME":null,"NET_INTEREST_INCOME_YOY":null,"FEE_COMMISSION_INCOME":null,"FEE_COMMISSION_INCOME_YOY":null,"ACCOUNTS_RECE_TDAYS":48.746177613082,"INVENTORY_TDAYS":8.008181135648,"CURRENT_ASSETS_TDAYS":3.971643628599,"TOTAL_ASSETS_TDAYS":1.245412554121,"PREMIUM_EXPENSE":null,"LOAN_DEPOSIT":null,"LOAN_EQUITY":null,"LOAN_ASSETS":null,"DEPOSIT_EQUITY":null,"DEPOSIT_ASSETS":null,"EQUITY_MULTIPLIER":2.217702738657,"EQUITY_RATIO":1.442739180465}],"count":77},"success":true,"message":"ok","code":0}