{"version":"656097285ff016351c00c5654290b03c","result":{"pages":6,"data":[{"SECUCODE":"00381.HK","SECURITY_CODE":"00381","SECURITY_NAME_ABBR":"权识国际","ORG_CODE":"10008872","STD_REPORT_DATE":"2024-06-30 00:00:00","REPORT_DATE":"2024-06-30 00:00:00","DATE_TYPE_CODE":"002","REPORT_TYPE":"2024年中报","PER_NETCASH_OPERATE":-0.163110512992,"PER_OI":0.491948468585,"BPS":0.314006278426,"BASIC_EPS":0.169210872,"DILUTED_EPS":0.169210872,"OPERATE_INCOME":130909343.12,"OPERATE_INCOME_YOY":-6.2056969475,"GROSS_PROFIT":63024204.72,"GROSS_PROFIT_YOY":-4.073178192193,"HOLDER_PROFIT":16075032.84,"HOLDER_PROFIT_YOY":-51.6325689963,"GROSS_PROFIT_RATIO":48.143396963063,"EPS_TTM":0.060969808425,"OPERATE_INCOME_QOQ":-2.89824213797,"NET_PROFIT_RATIO":21.1086632179,"ROE_AVG":7.251520254275,"GROSS_PROFIT_QOQ":-1.781001248517,"ROA":2.212503603656,"HOLDER_PROFIT_QOQ":-51.88975866484,"ROE_YEARLY":14.503040508549,"ROIC_YEARLY":6.288352730424,"TOTAL_ASSETS":750087883.36,"TOTAL_LIABILITIES":378464666.32,"TAX_EBT":12.698595772902,"OCF_SALES":-33.156016007362,"TOTAL_PARENT_EQUITY":247852856.88,"DEBT_ASSET_RATIO":50.4560431805,"OPERATE_PROFIT":36675133.12,"PRETAX_PROFIT":31652655.08,"NETCASH_OPERATE":-43404322.76,"NETCASH_INVEST":-2821093.88,"NETCASH_FINANCE":35335318.88,"END_CASH":89925447.72,"DIVI_RATIO":null,"DIVIDEND_RATE":null,"CURRENT_RATIO":1.410419257252,"COMMON_ACS":19860570307,"CURRENTDEBT_DEBT":64.967902496901,"ISSUED_COMMON_SHARES":789324526,"HK_COMMON_SHARES":789324526,"PER_SHARES":20000,"TOTAL_MARKET_CAP":773538035.48,"HKSK_MARKET_CAP":773538035.48,"PE_TTM":42.014992965075,"PB_TTM":2.848434765324,"REPORT_DATE_SQ":"2023-06-30 00:00:00","REPORT_TYPE_SQ":"2023年中报","OPERATE_INCOME_SQ":140992869.52,"DPS_HKD":null,"OPERATE_INCOME_QOQ_SQ":-6.623668153067,"NET_PROFIT_RATIO_SQ":33.5199183908,"HOLDER_PROFIT_SQ":33573901.7,"HOLDER_PROFIT_QOQ_SQ":100.893721895295,"ROE_AVG_SQ":15.04009383796,"PE_TTM_SQ":47.307783546961,"PB_TTM_SQ":0.057370622415,"ROA_SQ":4.085098840545,"START_DATE":"2024-01-01 00:00:00","FISCAL_YEAR":"12-31","CURRENCY":"HKD","IS_CNY_CODE":0,"DPS_HKD_LY":null,"ORG_TYPE":"一般企业","PREMIUM_INCOME":null,"PREMIUM_INCOME_YOY":null,"NET_INTEREST_INCOME":null,"NET_INTEREST_INCOME_YOY":null,"FEE_COMMISSION_INCOME":null,"FEE_COMMISSION_INCOME_YOY":null,"ACCOUNTS_RECE_TDAYS":2.242242336132,"INVENTORY_TDAYS":0.771584767477,"CURRENT_ASSETS_TDAYS":0.412500934665,"TOTAL_ASSETS_TDAYS":0.180178414743,"PREMIUM_EXPENSE":null,"LOAN_DEPOSIT":null,"LOAN_EQUITY":null,"LOAN_ASSETS":null,"DEPOSIT_EQUITY":null,"DEPOSIT_ASSETS":null,"EQUITY_MULTIPLIER":2.018409639027,"EQUITY_RATIO":1.526973185156},{"SECUCODE":"00381.HK","SECURITY_CODE":"00381","SECURITY_NAME_ABBR":"权识国际","ORG_CODE":"10008872","STD_REPORT_DATE":"2023-12-31 00:00:00","REPORT_DATE":"2023-12-31 00:00:00","DATE_TYPE_CODE":"001","REPORT_TYPE":"2023年年报","PER_NETCASH_OPERATE":0.128987309456,"PER_OI":1.797959365657,"BPS":0.24593125814,"BASIC_EPS":0.353969532,"DILUTED_EPS":0.353969532,"OPERATE_INCOME":347918701.06,"OPERATE_INCOME_YOY":-8.7860889894,"GROSS_PROFIT":150257619.54,"GROSS_PROFIT_YOY":7.126960407913,"HOLDER_PROFIT":33723164.86,"HOLDER_PROFIT_YOY":162.5207909813,"GROSS_PROFIT_RATIO":43.187566256775,"EPS_TTM":0.174273127357,"OPERATE_INCOME_QOQ":-0.89965595289,"NET_PROFIT_RATIO":17.1130669431,"ROE_AVG":18.609198333758,"GROSS_PROFIT_QOQ":-2.504420734269,"ROA":4.510065324623,"HOLDER_PROFIT_QOQ":6996.96984670653,"ROE_YEARLY":18.609198333758,"ROIC_YEARLY":6.129365132308,"TOTAL_ASSETS":698044047.82,"TOTAL_LIABILITIES":389950997.1,"TAX_EBT":4.883168775516,"OCF_SALES":7.174094805469,"TOTAL_PARENT_EQUITY":194119573.76,"DEBT_ASSET_RATIO":55.8633797277,"OPERATE_PROFIT":23652342,"PRETAX_PROFIT":62596240.28,"NETCASH_OPERATE":24960017.46,"NETCASH_INVEST":-15459206.98,"NETCASH_FINANCE":5117424.34,"END_CASH":101376112.74,"DIVI_RATIO":null,"DIVIDEND_RATE":null,"CURRENT_RATIO":1.137418919845,"COMMON_ACS":19860570307,"CURRENTDEBT_DEBT":64.454050034278,"ISSUED_COMMON_SHARES":789324526,"HK_COMMON_SHARES":789324526,"PER_SHARES":20000,"TOTAL_MARKET_CAP":1610222033.04,"HKSK_MARKET_CAP":1610222033.04,"PE_TTM":87.459781274238,"PB_TTM":5.929394817613,"REPORT_DATE_SQ":"2022-12-31 00:00:00","REPORT_TYPE_SQ":"2022年年报","OPERATE_INCOME_SQ":375980916.08,"DPS_HKD":null,"OPERATE_INCOME_QOQ_SQ":4.808406721419,"NET_PROFIT_RATIO_SQ":-9.1472164674,"HOLDER_PROFIT_SQ":-53168323.67,"HOLDER_PROFIT_QOQ_SQ":68.18074241196,"ROE_AVG_SQ":-37.100800658229,"PE_TTM_SQ":50.782366519337,"PB_TTM_SQ":0.061584283948,"ROA_SQ":-6.482434444325,"START_DATE":"2023-01-01 00:00:00","FISCAL_YEAR":"12-31","CURRENCY":"HKD","IS_CNY_CODE":0,"DPS_HKD_LY":null,"ORG_TYPE":"一般企业","PREMIUM_INCOME":null,"PREMIUM_INCOME_YOY":null,"NET_INTEREST_INCOME":null,"NET_INTEREST_INCOME_YOY":null,"FEE_COMMISSION_INCOME":null,"FEE_COMMISSION_INCOME_YOY":null,"ACCOUNTS_RECE_TDAYS":6.702683356902,"INVENTORY_TDAYS":2.690033669203,"CURRENT_ASSETS_TDAYS":1.083346971946,"TOTAL_ASSETS_TDAYS":0.465299172232,"PREMIUM_EXPENSE":null,"LOAN_DEPOSIT":null,"LOAN_EQUITY":null,"LOAN_ASSETS":null,"DEPOSIT_EQUITY":null,"DEPOSIT_ASSETS":null,"EQUITY_MULTIPLIER":2.265692284163,"EQUITY_RATIO":2.008818531521},{"SECUCODE":"00381.HK","SECURITY_CODE":"00381","SECURITY_NAME_ABBR":"权识国际","ORG_CODE":"10008872","STD_REPORT_DATE":"2023-06-30 00:00:00","REPORT_DATE":"2023-06-30 00:00:00","DATE_TYPE_CODE":"002","REPORT_TYPE":"2023年中报","PER_NETCASH_OPERATE":-0.161333062963,"PER_OI":0.728616913871,"BPS":0.348672353176,"BASIC_EPS":0.361508358,"DILUTED_EPS":0.361508358,"OPERATE_INCOME":140992869.52,"OPERATE_INCOME_YOY":-21.1683196899,"GROSS_PROFIT":65700294.8,"GROSS_PROFIT_YOY":26.726453247633,"HOLDER_PROFIT":33573901.7,"HOLDER_PROFIT_YOY":255.1687404125,"GROSS_PROFIT_RATIO":46.598310271769,"EPS_TTM":0.002455599095,"OPERATE_INCOME_QOQ":-6.623668153067,"NET_PROFIT_RATIO":33.5199183908,"ROE_AVG":15.04009383796,"GROSS_PROFIT_QOQ":9.878787545773,"ROA":4.085098840545,"HOLDER_PROFIT_QOQ":100.893721895295,"ROE_YEARLY":30.08018767592,"ROIC_YEARLY":10.374244865226,"TOTAL_ASSETS":832439146.36,"TOTAL_LIABILITIES":451200416.36,"TAX_EBT":8.075247027599,"OCF_SALES":-22.142371374016,"TOTAL_PARENT_EQUITY":275215639.9,"DEBT_ASSET_RATIO":54.2022102556,"OPERATE_PROFIT":47072610.88,"PRETAX_PROFIT":51412370.74,"NETCASH_OPERATE":-31219164.78,"NETCASH_INVEST":-3687.92,"NETCASH_FINANCE":13044173.04,"END_CASH":60334371.2,"DIVI_RATIO":null,"DIVIDEND_RATE":null,"CURRENT_RATIO":1.227787347438,"COMMON_ACS":19860570307,"CURRENTDEBT_DEBT":69.396708501743,"ISSUED_COMMON_SHARES":789324526,"HK_COMMON_SHARES":789324526,"PER_SHARES":20000,"TOTAL_MARKET_CAP":1610222033.04,"HKSK_MARKET_CAP":1610222033.04,"PE_TTM":87.459781274238,"PB_TTM":5.929394817613,"REPORT_DATE_SQ":"2022-06-30 00:00:00","REPORT_TYPE_SQ":"2022年中报","OPERATE_INCOME_SQ":165896597.72,"DPS_HKD":null,"OPERATE_INCOME_QOQ_SQ":35.538274165179,"NET_PROFIT_RATIO_SQ":-7.2081778254,"HOLDER_PROFIT_SQ":-20069598.92,"HOLDER_PROFIT_QOQ_SQ":9.87047428244,"ROE_AVG_SQ":-20.471396918997,"PE_TTM_SQ":50.782366519337,"PB_TTM_SQ":0.061584283948,"ROA_SQ":-2.523100377315,"START_DATE":"2023-01-01 00:00:00","FISCAL_YEAR":"12-31","CURRENCY":"HKD","IS_CNY_CODE":0,"DPS_HKD_LY":null,"ORG_TYPE":"一般企业","PREMIUM_INCOME":null,"PREMIUM_INCOME_YOY":null,"NET_INTEREST_INCOME":null,"NET_INTEREST_INCOME_YOY":null,"FEE_COMMISSION_INCOME":null,"FEE_COMMISSION_INCOME_YOY":null,"ACCOUNTS_RECE_TDAYS":2.222926418002,"INVENTORY_TDAYS":0.960594725575,"CURRENT_ASSETS_TDAYS":0.377457314402,"TOTAL_ASSETS_TDAYS":0.171552836768,"PREMIUM_EXPENSE":null,"LOAN_DEPOSIT":null,"LOAN_EQUITY":null,"LOAN_ASSETS":null,"DEPOSIT_EQUITY":null,"DEPOSIT_ASSETS":null,"EQUITY_MULTIPLIER":2.183511487303,"EQUITY_RATIO":1.639443225407},{"SECUCODE":"00381.HK","SECURITY_CODE":"00381","SECURITY_NAME_ABBR":"权识国际","ORG_CODE":"10008872","STD_REPORT_DATE":"2022-12-31 00:00:00","REPORT_DATE":"2022-12-31 00:00:00","DATE_TYPE_CODE":"001","REPORT_TYPE":"2022年年报","PER_NETCASH_OPERATE":-0.142207764235,"PER_OI":0.408015111094,"BPS":0.210193152138,"BASIC_EPS":-1.049056288,"DILUTED_EPS":-1.049056288,"OPERATE_INCOME":375980916.08,"OPERATE_INCOME_YOY":30.0218091055,"GROSS_PROFIT":140261255.4,"GROSS_PROFIT_YOY":86.628245790878,"HOLDER_PROFIT":-53168323.67,"HOLDER_PROFIT_YOY":73.7508489376,"GROSS_PROFIT_RATIO":37.305418812841,"EPS_TTM":-0.057698352659,"OPERATE_INCOME_QOQ":4.808406721419,"NET_PROFIT_RATIO":-9.1472164674,"ROE_AVG":-37.100800658229,"GROSS_PROFIT_QOQ":31.018364460352,"ROA":-6.482434444325,"HOLDER_PROFIT_QOQ":68.18074241196,"ROE_YEARLY":-37.100800658229,"ROIC_YEARLY":-8.753950756913,"TOTAL_ASSETS":786023110.53,"TOTAL_LIABILITIES":531434014.37,"TAX_EBT":-30.98696968666,"OCF_SALES":-34.853553304316,"TOTAL_PARENT_EQUITY":165910610.18,"DEBT_ASSET_RATIO":67.6104820902,"OPERATE_PROFIT":32942904.33,"PRETAX_PROFIT":-26255885.11,"NETCASH_OPERATE":-131042709,"NETCASH_INVEST":-2345727.02,"NETCASH_FINANCE":38782210.32,"END_CASH":88485539.66,"DIVI_RATIO":null,"DIVIDEND_RATE":null,"CURRENT_RATIO":0.830580990674,"COMMON_ACS":19860570307,"CURRENTDEBT_DEBT":79.59511271055,"ISSUED_COMMON_SHARES":789324526,"HK_COMMON_SHARES":789324526,"PER_SHARES":20000,"TOTAL_MARKET_CAP":1610222033.04,"HKSK_MARKET_CAP":1610222033.04,"PE_TTM":87.459781274238,"PB_TTM":5.929394817613,"REPORT_DATE_SQ":"2021-12-31 00:00:00","REPORT_TYPE_SQ":"2021年年报","OPERATE_INCOME_SQ":264671836.8,"DPS_HKD":null,"OPERATE_INCOME_QOQ_SQ":41.201616506074,"NET_PROFIT_RATIO_SQ":-68.1136050513,"HOLDER_PROFIT_SQ":-185394070.4,"HOLDER_PROFIT_QOQ_SQ":-229.538448631933,"ROE_AVG_SQ":-107.457438364117,"PE_TTM_SQ":50.782366519337,"PB_TTM_SQ":0.061584283948,"ROA_SQ":-25.06499650699,"START_DATE":"2022-01-01 00:00:00","FISCAL_YEAR":"12-31","CURRENCY":"HKD","IS_CNY_CODE":0,"DPS_HKD_LY":null,"ORG_TYPE":"一般企业","PREMIUM_INCOME":null,"PREMIUM_INCOME_YOY":null,"NET_INTEREST_INCOME":null,"NET_INTEREST_INCOME_YOY":null,"FEE_COMMISSION_INCOME":null,"FEE_COMMISSION_INCOME_YOY":null,"ACCOUNTS_RECE_TDAYS":9.095022526659,"INVENTORY_TDAYS":4.814918210764,"CURRENT_ASSETS_TDAYS":1.060600295574,"TOTAL_ASSETS_TDAYS":0.458406711472,"PREMIUM_EXPENSE":null,"LOAN_DEPOSIT":null,"LOAN_EQUITY":null,"LOAN_ASSETS":null,"DEPOSIT_EQUITY":null,"DEPOSIT_ASSETS":null,"EQUITY_MULTIPLIER":3.087418598773,"EQUITY_RATIO":3.203134590328},{"SECUCODE":"00381.HK","SECURITY_CODE":"00381","SECURITY_NAME_ABBR":"权识国际","ORG_CODE":"10008872","STD_REPORT_DATE":"2022-06-30 00:00:00","REPORT_DATE":"2022-06-30 00:00:00","DATE_TYPE_CODE":"002","REPORT_TYPE":"2022年中报","PER_NETCASH_OPERATE":-0.128673703644,"PER_OI":0.180031261838,"BPS":0.102005297768,"BASIC_EPS":-0.435633786,"DILUTED_EPS":-0.435633786,"OPERATE_INCOME":165896597.72,"OPERATE_INCOME_YOY":124.6947900016,"GROSS_PROFIT":51844183.37,"GROSS_PROFIT_YOY":159.93629271992,"HOLDER_PROFIT":-20069598.92,"HOLDER_PROFIT_YOY":49.1065232477,"GROSS_PROFIT_RATIO":31.250902117657,"EPS_TTM":-0.181331548981,"OPERATE_INCOME_QOQ":35.538274165179,"NET_PROFIT_RATIO":-7.2081778254,"ROE_AVG":-20.471396918997,"GROSS_PROFIT_QOQ":42.444340959052,"ROA":-2.523100377315,"HOLDER_PROFIT_QOQ":9.87047428244,"ROE_YEARLY":-40.942793837994,"ROIC_YEARLY":-6.625167619451,"TOTAL_ASSETS":772930984.28,"TOTAL_LIABILITIES":615680357.46,"TAX_EBT":-19.431158182439,"OCF_SALES":-71.472977709961,"TOTAL_PARENT_EQUITY":80515283.31,"DEBT_ASSET_RATIO":79.6552822932,"OPERATE_PROFIT":9899679.44,"PRETAX_PROFIT":-10012564.52,"NETCASH_OPERATE":-118571238.31,"NETCASH_INVEST":-9407.09,"NETCASH_FINANCE":16360639.89,"END_CASH":64517243.98,"DIVI_RATIO":null,"DIVIDEND_RATE":null,"CURRENT_RATIO":0.601129415908,"COMMON_ACS":19860570307,"CURRENTDEBT_DEBT":88.352682329214,"ISSUED_COMMON_SHARES":789324526,"HK_COMMON_SHARES":789324526,"PER_SHARES":20000,"TOTAL_MARKET_CAP":1610222033.04,"HKSK_MARKET_CAP":1610222033.04,"PE_TTM":87.459781274238,"PB_TTM":5.929394817613,"REPORT_DATE_SQ":"2021-06-30 00:00:00","REPORT_TYPE_SQ":"2021年中报","OPERATE_INCOME_SQ":71836794.72,"DPS_HKD":null,"OPERATE_INCOME_QOQ_SQ":9.520491110281,"NET_PROFIT_RATIO_SQ":-51.7443880742,"HOLDER_PROFIT_SQ":-38368872.96,"HOLDER_PROFIT_QOQ_SQ":6.871174207722,"ROE_AVG_SQ":-14.051874797162,"PE_TTM_SQ":50.782366519337,"PB_TTM_SQ":0.061584283948,"ROA_SQ":-4.968224031219,"START_DATE":"2022-01-01 00:00:00","FISCAL_YEAR":"12-31","CURRENCY":"HKD","IS_CNY_CODE":0,"DPS_HKD_LY":null,"ORG_TYPE":"一般企业","PREMIUM_INCOME":null,"PREMIUM_INCOME_YOY":null,"NET_INTEREST_INCOME":null,"NET_INTEREST_INCOME_YOY":null,"FEE_COMMISSION_INCOME":null,"FEE_COMMISSION_INCOME_YOY":null,"ACCOUNTS_RECE_TDAYS":3.570188918847,"INVENTORY_TDAYS":1.943912019998,"CURRENT_ASSETS_TDAYS":0.495647485966,"TOTAL_ASSETS_TDAYS":0.208561102776,"PREMIUM_EXPENSE":null,"LOAN_DEPOSIT":null,"LOAN_EQUITY":null,"LOAN_ASSETS":null,"DEPOSIT_EQUITY":null,"DEPOSIT_ASSETS":null,"EQUITY_MULTIPLIER":4.915280783993,"EQUITY_RATIO":7.646751425931},{"SECUCODE":"00381.HK","SECURITY_CODE":"00381","SECURITY_NAME_ABBR":"权识国际","ORG_CODE":"10008872","STD_REPORT_DATE":"2021-12-31 00:00:00","REPORT_DATE":"2021-12-31 00:00:00","DATE_TYPE_CODE":"001","REPORT_TYPE":"2021年年报","PER_NETCASH_OPERATE":0.09052687146,"PER_OI":0.22977785094,"BPS":0.139967569182,"BASIC_EPS":-0.94416448,"DILUTED_EPS":-0.94416448,"OPERATE_INCOME":264671836.8,"OPERATE_INCOME_YOY":59.1917423568,"GROSS_PROFIT":75155427.2,"GROSS_PROFIT_YOY":35.750085230086,"HOLDER_PROFIT":-185394070.4,"HOLDER_PROFIT_YOY":-215.9189701293,"GROSS_PROFIT_RATIO":28.395702432364,"EPS_TTM":-0.160951960695,"OPERATE_INCOME_QOQ":41.201616506074,"NET_PROFIT_RATIO":-68.1136050513,"ROE_AVG":-107.457438364117,"GROSS_PROFIT_QOQ":34.522712670309,"ROA":-25.06499650699,"HOLDER_PROFIT_QOQ":-229.538448631933,"ROE_YEARLY":-107.457438364117,"ROIC_YEARLY":-30.185167929074,"TOTAL_ASSETS":781984526.4,"TOTAL_LIABILITIES":608494712,"TAX_EBT":-0.470694376729,"OCF_SALES":39.397562075634,"TOTAL_PARENT_EQUITY":110479835.2,"DEBT_ASSET_RATIO":77.8141627433,"OPERATE_PROFIT":45838744,"PRETAX_PROFIT":-179432948.8,"NETCASH_OPERATE":104274251.2,"NETCASH_INVEST":24912272,"NETCASH_FINANCE":17686323.2,"END_CASH":164429988.8,"DIVI_RATIO":null,"DIVIDEND_RATE":null,"CURRENT_RATIO":0.607730521535,"COMMON_ACS":19860570307,"CURRENTDEBT_DEBT":88.525015283946,"ISSUED_COMMON_SHARES":789324526,"HK_COMMON_SHARES":789324526,"PER_SHARES":20000,"TOTAL_MARKET_CAP":1610222033.04,"HKSK_MARKET_CAP":1610222033.04,"PE_TTM":87.459781274238,"PB_TTM":5.929394817613,"REPORT_DATE_SQ":"2020-12-31 00:00:00","REPORT_TYPE_SQ":"2020年年报","OPERATE_INCOME_SQ":171148335.64,"DPS_HKD":null,"OPERATE_INCOME_QOQ_SQ":1.535182910857,"NET_PROFIT_RATIO_SQ":-34.4733982129,"HOLDER_PROFIT_SQ":-60409552.64,"HOLDER_PROFIT_QOQ_SQ":81.841017294851,"ROE_AVG_SQ":-23.410077526965,"PE_TTM_SQ":50.782366519337,"PB_TTM_SQ":0.061584283948,"ROA_SQ":-8.54088800199,"START_DATE":"2021-01-01 00:00:00","FISCAL_YEAR":"12-31","CURRENCY":"HKD","IS_CNY_CODE":0,"DPS_HKD_LY":null,"ORG_TYPE":"一般企业","PREMIUM_INCOME":null,"PREMIUM_INCOME_YOY":null,"NET_INTEREST_INCOME":null,"NET_INTEREST_INCOME_YOY":null,"FEE_COMMISSION_INCOME":null,"FEE_COMMISSION_INCOME_YOY":null,"ACCOUNTS_RECE_TDAYS":7.195972080203,"INVENTORY_TDAYS":9.579336708338,"CURRENT_ASSETS_TDAYS":1.084609585714,"TOTAL_ASSETS_TDAYS":0.357832300169,"PREMIUM_EXPENSE":null,"LOAN_DEPOSIT":null,"LOAN_EQUITY":null,"LOAN_ASSETS":null,"DEPOSIT_EQUITY":null,"DEPOSIT_ASSETS":null,"EQUITY_MULTIPLIER":4.507380039029,"EQUITY_RATIO":5.507744566223},{"SECUCODE":"00381.HK","SECURITY_CODE":"00381","SECURITY_NAME_ABBR":"权识国际","ORG_CODE":"10008872","STD_REPORT_DATE":"2021-06-30 00:00:00","REPORT_DATE":"2021-06-30 00:00:00","DATE_TYPE_CODE":"002","REPORT_TYPE":"2021年中报","PER_NETCASH_OPERATE":-0.020795865949,"PER_OI":0.062365926457,"BPS":0.389412514264,"BASIC_EPS":-0.22965408,"DILUTED_EPS":-0.22965408,"OPERATE_INCOME":71836794.72,"OPERATE_INCOME_YOY":41.9826990757,"GROSS_PROFIT":19944957.6,"GROSS_PROFIT_YOY":2.598415304667,"HOLDER_PROFIT":-38368872.96,"HOLDER_PROFIT_YOY":0.9387956777,"GROSS_PROFIT_RATIO":27.764264368615,"EPS_TTM":-0.048841633309,"OPERATE_INCOME_QOQ":9.520491110281,"NET_PROFIT_RATIO":-51.7443880742,"ROE_AVG":-14.051874797162,"GROSS_PROFIT_QOQ":0.91239058105,"ROA":-4.968224031219,"HOLDER_PROFIT_QOQ":6.871174207722,"ROE_YEARLY":-28.103749594323,"ROIC_YEARLY":-10.683799546694,"TOTAL_ASSETS":834899087.04,"TOTAL_LIABILITIES":487664614.32,"TAX_EBT":-0.726026470655,"OCF_SALES":-33.344916255473,"TOTAL_PARENT_EQUITY":307372848.24,"DEBT_ASSET_RATIO":58.4100068966,"OPERATE_PROFIT":-15652256.88,"PRETAX_PROFIT":-36903580.08,"NETCASH_OPERATE":-23953919.04,"NETCASH_INVEST":21423563.76,"NETCASH_FINANCE":28848213.6,"END_CASH":44279969.28,"DIVI_RATIO":null,"DIVIDEND_RATE":null,"CURRENT_RATIO":0.554695493469,"COMMON_ACS":19860570307,"CURRENTDEBT_DEBT":74.042577877726,"ISSUED_COMMON_SHARES":789324526,"HK_COMMON_SHARES":789324526,"PER_SHARES":20000,"TOTAL_MARKET_CAP":1610222033.04,"HKSK_MARKET_CAP":1610222033.04,"PE_TTM":87.459781274238,"PB_TTM":5.929394817613,"REPORT_DATE_SQ":"2020-06-30 00:00:00","REPORT_TYPE_SQ":"2020年中报","OPERATE_INCOME_SQ":55542632.64,"DPS_HKD":null,"OPERATE_INCOME_QOQ_SQ":-5.891465515724,"NET_PROFIT_RATIO_SQ":-77.0713416439,"HOLDER_PROFIT_SQ":-42519718.56,"HOLDER_PROFIT_QOQ_SQ":-22.997534821108,"ROE_AVG_SQ":-14.709167752893,"PE_TTM_SQ":50.782366519337,"PB_TTM_SQ":0.061584283948,"ROA_SQ":-5.688312862706,"START_DATE":"2021-01-01 00:00:00","FISCAL_YEAR":"12-31","CURRENCY":"HKD","IS_CNY_CODE":0,"DPS_HKD_LY":null,"ORG_TYPE":"一般企业","PREMIUM_INCOME":null,"PREMIUM_INCOME_YOY":null,"NET_INTEREST_INCOME":null,"NET_INTEREST_INCOME_YOY":null,"FEE_COMMISSION_INCOME":null,"FEE_COMMISSION_INCOME_YOY":null,"ACCOUNTS_RECE_TDAYS":1.329893095906,"INVENTORY_TDAYS":2.655482222695,"CURRENT_ASSETS_TDAYS":0.394904400329,"TOTAL_ASSETS_TDAYS":0.093018444984,"PREMIUM_EXPENSE":null,"LOAN_DEPOSIT":null,"LOAN_EQUITY":null,"LOAN_ASSETS":null,"DEPOSIT_EQUITY":null,"DEPOSIT_ASSETS":null,"EQUITY_MULTIPLIER":2.404424539128,"EQUITY_RATIO":1.586557228826},{"SECUCODE":"00381.HK","SECURITY_CODE":"00381","SECURITY_NAME_ABBR":"权识国际","ORG_CODE":"10008872","STD_REPORT_DATE":"2020-12-31 00:00:00","REPORT_DATE":"2020-12-31 00:00:00","DATE_TYPE_CODE":"001","REPORT_TYPE":"2020年年报","PER_NETCASH_OPERATE":-0.086297756632,"PER_OI":0.279919847971,"BPS":0.305923914899,"BASIC_EPS":-0.113453072,"DILUTED_EPS":-0.113453072,"OPERATE_INCOME":171148335.64,"OPERATE_INCOME_YOY":1.6999079779,"GROSS_PROFIT":55363079.2,"GROSS_PROFIT_YOY":48.261589171911,"HOLDER_PROFIT":-60409552.64,"HOLDER_PROFIT_YOY":76.2281535552,"GROSS_PROFIT_RATIO":32.348009107405,"EPS_TTM":-0.09880220411,"OPERATE_INCOME_QOQ":1.535182910857,"NET_PROFIT_RATIO":-34.4733982129,"ROE_AVG":-23.410077526965,"GROSS_PROFIT_QOQ":69.37117110129,"ROA":-8.54088800199,"HOLDER_PROFIT_QOQ":81.841017294851,"ROE_YEARLY":-23.410077526965,"ROIC_YEARLY":-8.817116330264,"TOTAL_ASSETS":717825497.96,"TOTAL_LIABILITIES":470390912.72,"TAX_EBT":-1.486789721317,"OCF_SALES":-30.829452522978,"TOTAL_PARENT_EQUITY":241473249.12,"DEBT_ASSET_RATIO":65.5299810409,"OPERATE_PROFIT":-27174872.32,"PRETAX_PROFIT":-58136283,"NETCASH_OPERATE":-52764094.88,"NETCASH_INVEST":-403987.2,"NETCASH_FINANCE":55823456.28,"END_CASH":18217297.8,"DIVI_RATIO":null,"DIVIDEND_RATE":null,"CURRENT_RATIO":0.414037120526,"COMMON_ACS":19860570307,"CURRENTDEBT_DEBT":84.929629377811,"ISSUED_COMMON_SHARES":789324526,"HK_COMMON_SHARES":789324526,"PER_SHARES":20000,"TOTAL_MARKET_CAP":1610222033.04,"HKSK_MARKET_CAP":1610222033.04,"PE_TTM":87.459781274238,"PB_TTM":5.929394817613,"REPORT_DATE_SQ":"2019-12-31 00:00:00","REPORT_TYPE_SQ":"2019年年报","OPERATE_INCOME_SQ":179113002.56,"DPS_HKD":null,"OPERATE_INCOME_QOQ_SQ":-7.337616735804,"NET_PROFIT_RATIO_SQ":-151.1987877091,"HOLDER_PROFIT_SQ":-270469125.86,"HOLDER_PROFIT_QOQ_SQ":-106.837092143132,"ROE_AVG_SQ":-77.790845817032,"PE_TTM_SQ":50.782366519337,"PB_TTM_SQ":0.061584283948,"ROA_SQ":-37.019458888179,"START_DATE":"2020-01-01 00:00:00","FISCAL_YEAR":"12-31","CURRENCY":"HKD","IS_CNY_CODE":0,"DPS_HKD_LY":null,"ORG_TYPE":"一般企业","PREMIUM_INCOME":null,"PREMIUM_INCOME_YOY":null,"NET_INTEREST_INCOME":null,"NET_INTEREST_INCOME_YOY":null,"FEE_COMMISSION_INCOME":null,"FEE_COMMISSION_INCOME_YOY":null,"ACCOUNTS_RECE_TDAYS":4.428230785144,"INVENTORY_TDAYS":7.428239740821,"CURRENT_ASSETS_TDAYS":1.138245649387,"TOTAL_ASSETS_TDAYS":0.241974770967,"PREMIUM_EXPENSE":null,"LOAN_DEPOSIT":null,"LOAN_EQUITY":null,"LOAN_ASSETS":null,"DEPOSIT_EQUITY":null,"DEPOSIT_ASSETS":null,"EQUITY_MULTIPLIER":2.901071801517,"EQUITY_RATIO":1.948004238292},{"SECUCODE":"00381.HK","SECURITY_CODE":"00381","SECURITY_NAME_ABBR":"权识国际","ORG_CODE":"10008872","STD_REPORT_DATE":"2020-06-30 00:00:00","REPORT_DATE":"2020-06-30 00:00:00","DATE_TYPE_CODE":"002","REPORT_TYPE":"2020年中报","PER_NETCASH_OPERATE":-0.001074394686,"PER_OI":0.005450495854,"BPS":0.354841839642,"BASIC_EPS":-0.004201824,"DILUTED_EPS":-0.004201824,"OPERATE_INCOME":55542632.64,"OPERATE_INCOME_YOY":-19.073159695,"GROSS_PROFIT":19439830.08,"GROSS_PROFIT_YOY":-19.316340459033,"HOLDER_PROFIT":-42519718.56,"HOLDER_PROFIT_YOY":-308.0495217663,"GROSS_PROFIT_RATIO":34.999835542545,"EPS_TTM":-0.032645525011,"OPERATE_INCOME_QOQ":-5.891465515724,"NET_PROFIT_RATIO":-77.0713416439,"ROE_AVG":-14.709167752893,"GROSS_PROFIT_QOQ":-12.463503553833,"ROA":-5.688312862706,"HOLDER_PROFIT_QOQ":-22.997534821108,"ROE_YEARLY":-29.418335505787,"ROIC_YEARLY":-11.687741041298,"TOTAL_ASSETS":738772916.64,"TOTAL_LIABILITIES":454034486.4,"TAX_EBT":-0.989117551988,"OCF_SALES":-19.711870539092,"TOTAL_PARENT_EQUITY":280085366.88,"DEBT_ASSET_RATIO":61.4579224784,"OPERATE_PROFIT":-14533743.84,"PRETAX_PROFIT":-42388183.2,"NETCASH_OPERATE":-10948491.84,"NETCASH_INVEST":-657676.8,"NETCASH_FINANCE":8198124,"END_CASH":13285071.36,"DIVI_RATIO":null,"DIVIDEND_RATE":null,"CURRENT_RATIO":0.334198136874,"COMMON_ACS":19860570307,"CURRENTDEBT_DEBT":96.233050335976,"ISSUED_COMMON_SHARES":789324526,"HK_COMMON_SHARES":789324526,"PER_SHARES":20000,"TOTAL_MARKET_CAP":1610222033.04,"HKSK_MARKET_CAP":1610222033.04,"PE_TTM":87.459781274238,"PB_TTM":5.929394817613,"REPORT_DATE_SQ":"2019-06-30 00:00:00","REPORT_TYPE_SQ":"2019年中报","OPERATE_INCOME_SQ":66095013.42,"DPS_HKD":null,"OPERATE_INCOME_QOQ_SQ":2.797029036338,"NET_PROFIT_RATIO_SQ":22.9554014667,"HOLDER_PROFIT_SQ":19681512.84,"HOLDER_PROFIT_QOQ_SQ":28.272630010845,"ROE_AVG_SQ":4.572533327339,"PE_TTM_SQ":50.782366519337,"PB_TTM_SQ":0.061584283948,"ROA_SQ":2.40677692618,"START_DATE":"2020-01-01 00:00:00","FISCAL_YEAR":"12-31","CURRENCY":"HKD","IS_CNY_CODE":0,"DPS_HKD_LY":null,"ORG_TYPE":"一般企业","PREMIUM_INCOME":null,"PREMIUM_INCOME_YOY":null,"NET_INTEREST_INCOME":null,"NET_INTEREST_INCOME_YOY":null,"FEE_COMMISSION_INCOME":null,"FEE_COMMISSION_INCOME_YOY":null,"ACCOUNTS_RECE_TDAYS":1.668592127108,"INVENTORY_TDAYS":1.658442430346,"CURRENT_ASSETS_TDAYS":0.379286039534,"TOTAL_ASSETS_TDAYS":0.074305259389,"PREMIUM_EXPENSE":null,"LOAN_DEPOSIT":null,"LOAN_EQUITY":null,"LOAN_ASSETS":null,"DEPOSIT_EQUITY":null,"DEPOSIT_ASSETS":null,"EQUITY_MULTIPLIER":2.594566936459,"EQUITY_RATIO":1.621057506351}],"count":48},"success":true,"message":"ok","code":0}