{"version":"c7afc28559323c400b5f0f452b4dc175","result":{"pages":4,"data":[{"SECUCODE":"00389.HK","SECURITY_CODE":"00389","SECURITY_NAME_ABBR":"通天酒业","ORG_CODE":"10153324","STD_REPORT_DATE":"2023-12-31 00:00:00","REPORT_DATE":"2023-12-31 00:00:00","DATE_TYPE_CODE":"001","REPORT_TYPE":"2023年年报","PER_NETCASH_OPERATE":0.078501322117,"PER_OI":0.627198139817,"BPS":1.339426943333,"BASIC_EPS":-0.2659,"DILUTED_EPS":-0.2659,"OPERATE_INCOME":189139000,"OPERATE_INCOME_YOY":29.442642248,"GROSS_PROFIT":28149000,"GROSS_PROFIT_YOY":-21.533701287841,"HOLDER_PROFIT":-80199000,"HOLDER_PROFIT_YOY":-203.7495739121,"GROSS_PROFIT_RATIO":14.882705311966,"EPS_TTM":-0.265945487791,"OPERATE_INCOME_QOQ":22.707573732629,"NET_PROFIT_RATIO":-37.4359597968,"ROE_AVG":-18.071914497597,"GROSS_PROFIT_QOQ":-21.268145330462,"ROA":-13.821360990187,"HOLDER_PROFIT_QOQ":-151.179178802969,"ROE_YEARLY":-18.071914497597,"ROIC_YEARLY":-19.642295140186,"TOTAL_ASSETS":553434000,"TOTAL_LIABILITIES":56049000,"TAX_EBT":null,"OCF_SALES":12.516191795452,"TOTAL_PARENT_EQUITY":403920000,"DEBT_ASSET_RATIO":10.1274948774,"OPERATE_PROFIT":-70616000,"PRETAX_PROFIT":-70806000,"NETCASH_OPERATE":23673000,"NETCASH_INVEST":-3135000,"NETCASH_FINANCE":4052000,"END_CASH":95483000,"DIVI_RATIO":null,"DIVIDEND_RATE":null,"CURRENT_RATIO":6.715736908062,"COMMON_ACS":1000000000,"CURRENTDEBT_DEBT":93.964209887777,"ISSUED_COMMON_SHARES":301561800,"HK_COMMON_SHARES":301561800,"PER_SHARES":2000,"TOTAL_MARKET_CAP":129671574,"HKSK_MARKET_CAP":129671574,"PE_TTM":-1.465242381953,"PB_TTM":0.290926356185,"REPORT_DATE_SQ":"2022-12-31 00:00:00","REPORT_TYPE_SQ":"2022年年报","OPERATE_INCOME_SQ":146118000,"DPS_HKD":null,"OPERATE_INCOME_QOQ_SQ":-30.923273294568,"NET_PROFIT_RATIO_SQ":-18.8573618582,"HOLDER_PROFIT_SQ":-26403000,"HOLDER_PROFIT_QOQ_SQ":-234.359574576357,"ROE_AVG_SQ":-5.404061181758,"PE_TTM_SQ":-4.99978939198,"PB_TTM_SQ":0.342810631923,"ROA_SQ":-4.214658160622,"START_DATE":"2023-01-01 00:00:00","FISCAL_YEAR":"12-31","CURRENCY":"HKD","IS_CNY_CODE":0,"DPS_HKD_LY":null,"ORG_TYPE":"一般企业","PREMIUM_INCOME":null,"PREMIUM_INCOME_YOY":null,"NET_INTEREST_INCOME":null,"NET_INTEREST_INCOME_YOY":null,"FEE_COMMISSION_INCOME":null,"FEE_COMMISSION_INCOME_YOY":null,"ACCOUNTS_RECE_TDAYS":1.514735796774,"INVENTORY_TDAYS":1.062051403842,"CURRENT_ASSETS_TDAYS":0.513094643865,"TOTAL_ASSETS_TDAYS":0.325958976586,"PREMIUM_EXPENSE":null,"LOAN_DEPOSIT":null,"LOAN_EQUITY":null,"LOAN_ASSETS":null,"DEPOSIT_EQUITY":null,"DEPOSIT_ASSETS":null,"EQUITY_MULTIPLIER":1.112687354865,"EQUITY_RATIO":0.138762626263},{"SECUCODE":"00389.HK","SECURITY_CODE":"00389","SECURITY_NAME_ABBR":"通天酒业","ORG_CODE":"10153324","STD_REPORT_DATE":"2023-06-30 00:00:00","REPORT_DATE":"2023-06-30 00:00:00","DATE_TYPE_CODE":"002","REPORT_TYPE":"2023年中报","PER_NETCASH_OPERATE":0.012606493756,"PER_OI":0.025733638764,"BPS":1.586789175552,"BASIC_EPS":-0.0017,"DILUTED_EPS":-0.0017,"OPERATE_INCOME":75671000,"OPERATE_INCOME_YOY":11.8549614935,"GROSS_PROFIT":23138000,"GROSS_PROFIT_YOY":-0.520228728664,"HOLDER_PROFIT":-5119000,"HOLDER_PROFIT_YOY":-1357.7395577396,"GROSS_PROFIT_RATIO":30.577103513896,"EPS_TTM":-0.010858180176,"OPERATE_INCOME_QOQ":5.488714600528,"NET_PROFIT_RATIO":-2.1395250492,"ROE_AVG":-1.064076354078,"GROSS_PROFIT_QOQ":-0.337291631822,"ROA":-0.836138019125,"HOLDER_PROFIT_QOQ":-20.929439836382,"ROE_YEARLY":-2.128152708156,"ROIC_YEARLY":-2.342775678886,"TOTAL_ASSETS":617365000,"TOTAL_LIABILITIES":51278000,"TAX_EBT":null,"OCF_SALES":48.98838392515,"TOTAL_PARENT_EQUITY":478515000,"DEBT_ASSET_RATIO":8.3059454294,"OPERATE_PROFIT":-1565000,"PRETAX_PROFIT":-1619000,"NETCASH_OPERATE":37070000,"NETCASH_INVEST":-811000,"NETCASH_FINANCE":744000,"END_CASH":107896000,"DIVI_RATIO":null,"DIVIDEND_RATE":null,"CURRENT_RATIO":7.715043243455,"COMMON_ACS":1000000000,"CURRENTDEBT_DEBT":99.664573501307,"ISSUED_COMMON_SHARES":301561800,"HK_COMMON_SHARES":301561800,"PER_SHARES":2000,"TOTAL_MARKET_CAP":129671574,"HKSK_MARKET_CAP":129671574,"PE_TTM":-1.465242381953,"PB_TTM":0.290926356185,"REPORT_DATE_SQ":"2022-06-30 00:00:00","REPORT_TYPE_SQ":"2022年中报","OPERATE_INCOME_SQ":67651000,"DPS_HKD":null,"OPERATE_INCOME_QOQ_SQ":1.516045898901,"NET_PROFIT_RATIO_SQ":6.6133538307,"HOLDER_PROFIT_SQ":407000,"HOLDER_PROFIT_QOQ_SQ":73.350388143966,"ROE_AVG_SQ":0.081062617386,"PE_TTM_SQ":-7.203086412174,"PB_TTM_SQ":0.493879723957,"ROA_SQ":0.062930375348,"START_DATE":"2023-01-01 00:00:00","FISCAL_YEAR":"12-31","CURRENCY":"HKD","IS_CNY_CODE":0,"DPS_HKD_LY":null,"ORG_TYPE":"一般企业","PREMIUM_INCOME":null,"PREMIUM_INCOME_YOY":null,"NET_INTEREST_INCOME":null,"NET_INTEREST_INCOME_YOY":null,"FEE_COMMISSION_INCOME":null,"FEE_COMMISSION_INCOME_YOY":null,"ACCOUNTS_RECE_TDAYS":0.633328172144,"INVENTORY_TDAYS":0.308689891027,"CURRENT_ASSETS_TDAYS":0.194566505794,"TOTAL_ASSETS_TDAYS":0.123601094052,"PREMIUM_EXPENSE":null,"LOAN_DEPOSIT":null,"LOAN_EQUITY":null,"LOAN_ASSETS":null,"DEPOSIT_EQUITY":null,"DEPOSIT_ASSETS":null,"EQUITY_MULTIPLIER":1.090583249572,"EQUITY_RATIO":0.107160695067},{"SECUCODE":"00389.HK","SECURITY_CODE":"00389","SECURITY_NAME_ABBR":"通天酒业","ORG_CODE":"10153324","STD_REPORT_DATE":"2022-12-31 00:00:00","REPORT_DATE":"2022-12-31 00:00:00","DATE_TYPE_CODE":"001","REPORT_TYPE":"2022年年报","PER_NETCASH_OPERATE":-0.00239105092,"PER_OI":0.049690737917,"BPS":1.603764137235,"BASIC_EPS":-0.09,"DILUTED_EPS":-0.09,"OPERATE_INCOME":146118000,"OPERATE_INCOME_YOY":-29.8760384123,"GROSS_PROFIT":35874000,"GROSS_PROFIT_YOY":-46.770531938571,"HOLDER_PROFIT":-26403000,"HOLDER_PROFIT_YOY":-332.9128440367,"GROSS_PROFIT_RATIO":24.551389972488,"EPS_TTM":-0.00897893862,"OPERATE_INCOME_QOQ":-30.923273294568,"NET_PROFIT_RATIO":-18.8573618582,"ROE_AVG":-5.404061181758,"GROSS_PROFIT_QOQ":-50.543860374705,"ROA":-4.214658160622,"HOLDER_PROFIT_QOQ":-234.359574576357,"ROE_YEARLY":-5.404061181758,"ROIC_YEARLY":-5.697306710082,"TOTAL_ASSETS":607074000,"TOTAL_LIABILITIES":39368000,"TAX_EBT":null,"OCF_SALES":-4.81186438358,"TOTAL_PARENT_EQUITY":483634000,"DEBT_ASSET_RATIO":6.4848766378,"OPERATE_PROFIT":-27417000,"PRETAX_PROFIT":-27554000,"NETCASH_OPERATE":-7031000,"NETCASH_INVEST":-21110000,"NETCASH_FINANCE":13168000,"END_CASH":70893000,"DIVI_RATIO":null,"DIVIDEND_RATE":null,"CURRENT_RATIO":9.782371394323,"COMMON_ACS":1000000000,"CURRENTDEBT_DEBT":99.596118675066,"ISSUED_COMMON_SHARES":301561800,"HK_COMMON_SHARES":301561800,"PER_SHARES":2000,"TOTAL_MARKET_CAP":129671574,"HKSK_MARKET_CAP":129671574,"PE_TTM":-1.465242381953,"PB_TTM":0.290926356185,"REPORT_DATE_SQ":"2021-12-31 00:00:00","REPORT_TYPE_SQ":"2021年年报","OPERATE_INCOME_SQ":208371000,"DPS_HKD":null,"OPERATE_INCOME_QOQ_SQ":79.189921314013,"NET_PROFIT_RATIO_SQ":8.2621861967,"HOLDER_PROFIT_SQ":11336000,"HOLDER_PROFIT_QOQ_SQ":111.42891709599,"ROE_AVG_SQ":2.489054396466,"PE_TTM_SQ":-7.203086412174,"PB_TTM_SQ":0.493879723957,"ROA_SQ":1.911568055769,"START_DATE":"2022-01-01 00:00:00","FISCAL_YEAR":"12-31","CURRENCY":"HKD","IS_CNY_CODE":0,"DPS_HKD_LY":null,"ORG_TYPE":"一般企业","PREMIUM_INCOME":null,"PREMIUM_INCOME_YOY":null,"NET_INTEREST_INCOME":null,"NET_INTEREST_INCOME_YOY":null,"FEE_COMMISSION_INCOME":null,"FEE_COMMISSION_INCOME_YOY":null,"ACCOUNTS_RECE_TDAYS":1.163239473621,"INVENTORY_TDAYS":0.579246859287,"CURRENT_ASSETS_TDAYS":0.359687472307,"TOTAL_ASSETS_TDAYS":0.23324524528,"PREMIUM_EXPENSE":null,"LOAN_DEPOSIT":null,"LOAN_EQUITY":null,"LOAN_ASSETS":null,"DEPOSIT_EQUITY":null,"DEPOSIT_ASSETS":null,"EQUITY_MULTIPLIER":1.069345752908,"EQUITY_RATIO":0.081400397821},{"SECUCODE":"00389.HK","SECURITY_CODE":"00389","SECURITY_NAME_ABBR":"通天酒业","ORG_CODE":"10153324","STD_REPORT_DATE":"2022-06-30 00:00:00","REPORT_DATE":"2022-06-30 00:00:00","DATE_TYPE_CODE":"002","REPORT_TYPE":"2022年中报","PER_NETCASH_OPERATE":0.002598442272,"PER_OI":0.023816179132,"BPS":1.69332455238,"BASIC_EPS":0.0001,"DILUTED_EPS":0.0001,"OPERATE_INCOME":67651000,"OPERATE_INCOME_YOY":4.8982819575,"GROSS_PROFIT":23259000,"GROSS_PROFIT_YOY":28.382182480543,"HOLDER_PROFIT":407000,"HOLDER_PROFIT_YOY":105.1466868993,"GROSS_PROFIT_RATIO":34.380866506038,"EPS_TTM":0.006918031309,"OPERATE_INCOME_QOQ":1.516045898901,"NET_PROFIT_RATIO":6.6133538307,"ROE_AVG":0.081062617386,"GROSS_PROFIT_QOQ":7.629646116181,"ROA":0.062930375348,"HOLDER_PROFIT_QOQ":73.350388143966,"ROE_YEARLY":0.162125234773,"ROIC_YEARLY":0.172454521476,"TOTAL_ASSETS":647654000,"TOTAL_LIABILITIES":47722000,"TAX_EBT":null,"OCF_SALES":10.910407828414,"TOTAL_PARENT_EQUITY":510642000,"DEBT_ASSET_RATIO":7.3684405562,"OPERATE_PROFIT":4537000,"PRETAX_PROFIT":4474000,"NETCASH_OPERATE":7381000,"NETCASH_INVEST":-19268000,"NETCASH_FINANCE":15118000,"END_CASH":89097000,"DIVI_RATIO":null,"DIVIDEND_RATE":null,"CURRENT_RATIO":8.650232518991,"COMMON_ACS":1000000000,"CURRENTDEBT_DEBT":99.583001550648,"ISSUED_COMMON_SHARES":301561800,"HK_COMMON_SHARES":301561800,"PER_SHARES":2000,"TOTAL_MARKET_CAP":129671574,"HKSK_MARKET_CAP":129671574,"PE_TTM":-1.465242381953,"PB_TTM":0.290926356185,"REPORT_DATE_SQ":"2021-06-30 00:00:00","REPORT_TYPE_SQ":"2021年中报","OPERATE_INCOME_SQ":64492000,"DPS_HKD":null,"OPERATE_INCOME_QOQ_SQ":7.790064979005,"NET_PROFIT_RATIO_SQ":-10.018296843,"HOLDER_PROFIT_SQ":-7908000,"HOLDER_PROFIT_QOQ_SQ":38.833867784904,"ROE_AVG_SQ":-1.912945035487,"PE_TTM_SQ":-7.203086412174,"PB_TTM_SQ":0.493879723957,"ROA_SQ":-1.435263412943,"START_DATE":"2022-01-01 00:00:00","FISCAL_YEAR":"12-31","CURRENCY":"HKD","IS_CNY_CODE":0,"DPS_HKD_LY":null,"ORG_TYPE":"一般企业","PREMIUM_INCOME":null,"PREMIUM_INCOME_YOY":null,"NET_INTEREST_INCOME":null,"NET_INTEREST_INCOME_YOY":null,"FEE_COMMISSION_INCOME":null,"FEE_COMMISSION_INCOME_YOY":null,"ACCOUNTS_RECE_TDAYS":0.606017987674,"INVENTORY_TDAYS":0.216628766067,"CURRENT_ASSETS_TDAYS":0.161073809524,"TOTAL_ASSETS_TDAYS":0.104602034955,"PREMIUM_EXPENSE":null,"LOAN_DEPOSIT":null,"LOAN_EQUITY":null,"LOAN_ASSETS":null,"DEPOSIT_EQUITY":null,"DEPOSIT_ASSETS":null,"EQUITY_MULTIPLIER":1.079545681844,"EQUITY_RATIO":0.093454905785},{"SECUCODE":"00389.HK","SECURITY_CODE":"00389","SECURITY_NAME_ABBR":"通天酒业","ORG_CODE":"10153324","STD_REPORT_DATE":"2021-12-31 00:00:00","REPORT_DATE":"2021-12-31 00:00:00","DATE_TYPE_CODE":"001","REPORT_TYPE":"2021年年报","PER_NETCASH_OPERATE":0.008218748533,"PER_OI":0.078912028867,"BPS":1.636546804005,"BASIC_EPS":0.0055,"DILUTED_EPS":0.0047,"OPERATE_INCOME":208371000,"OPERATE_INCOME_YOY":93.1489326202,"GROSS_PROFIT":67395000,"GROSS_PROFIT_YOY":207.847530044326,"HOLDER_PROFIT":11336000,"HOLDER_PROFIT_YOY":106.9906265417,"GROSS_PROFIT_RATIO":32.343752249593,"EPS_TTM":0.004293048261,"OPERATE_INCOME_QOQ":79.189921314013,"NET_PROFIT_RATIO":8.2621861967,"ROE_AVG":2.489054396466,"GROSS_PROFIT_QOQ":399.028307746916,"ROA":1.911568055769,"HOLDER_PROFIT_QOQ":111.42891709599,"ROE_YEARLY":2.489054396466,"ROIC_YEARLY":2.519220277323,"TOTAL_ASSETS":645839000,"TOTAL_LIABILITIES":67096000,"TAX_EBT":null,"OCF_SALES":10.415076954087,"TOTAL_PARENT_EQUITY":493520000,"DEBT_ASSET_RATIO":10.3889669097,"OPERATE_PROFIT":17372000,"PRETAX_PROFIT":17216000,"NETCASH_OPERATE":21702000,"NETCASH_INVEST":-5912000,"NETCASH_FINANCE":32629000,"END_CASH":85866000,"DIVI_RATIO":null,"DIVIDEND_RATE":null,"CURRENT_RATIO":6.468330568542,"COMMON_ACS":1000000000,"CURRENTDEBT_DEBT":98.82854417551,"ISSUED_COMMON_SHARES":301561800,"HK_COMMON_SHARES":301561800,"PER_SHARES":2000,"TOTAL_MARKET_CAP":129671574,"HKSK_MARKET_CAP":129671574,"PE_TTM":-1.465242381953,"PB_TTM":0.290926356185,"REPORT_DATE_SQ":"2020-12-31 00:00:00","REPORT_TYPE_SQ":"2020年年报","OPERATE_INCOME_SQ":107881000,"DPS_HKD":null,"OPERATE_INCOME_QOQ_SQ":-51.921045712019,"NET_PROFIT_RATIO_SQ":-156.0840185019,"HOLDER_PROFIT_SQ":-162160000,"HOLDER_PROFIT_QOQ_SQ":-106.871037289346,"ROE_AVG_SQ":-32.534287800846,"PE_TTM_SQ":-7.203086412174,"PB_TTM_SQ":0.493879723957,"ROA_SQ":-25.020308942801,"START_DATE":"2021-01-01 00:00:00","FISCAL_YEAR":"12-31","CURRENCY":"HKD","IS_CNY_CODE":0,"DPS_HKD_LY":null,"ORG_TYPE":"一般企业","PREMIUM_INCOME":null,"PREMIUM_INCOME_YOY":null,"NET_INTEREST_INCOME":null,"NET_INTEREST_INCOME_YOY":null,"FEE_COMMISSION_INCOME":null,"FEE_COMMISSION_INCOME_YOY":null,"ACCOUNTS_RECE_TDAYS":2.259168306526,"INVENTORY_TDAYS":0.796274382994,"CURRENT_ASSETS_TDAYS":0.535521808075,"TOTAL_ASSETS_TDAYS":0.351372042474,"PREMIUM_EXPENSE":null,"LOAN_DEPOSIT":null,"LOAN_EQUITY":null,"LOAN_ASSETS":null,"DEPOSIT_EQUITY":null,"DEPOSIT_ASSETS":null,"EQUITY_MULTIPLIER":1.115934015616,"EQUITY_RATIO":0.135953963365},{"SECUCODE":"00389.HK","SECURITY_CODE":"00389","SECURITY_NAME_ABBR":"通天酒业","ORG_CODE":"10153324","STD_REPORT_DATE":"2021-06-30 00:00:00","REPORT_DATE":"2021-06-30 00:00:00","DATE_TYPE_CODE":"002","REPORT_TYPE":"2021年中报","PER_NETCASH_OPERATE":-0.003806722046,"PER_OI":0.03203746812,"BPS":1.357731649035,"BASIC_EPS":-0.0039,"DILUTED_EPS":-0.0039,"OPERATE_INCOME":64492000,"OPERATE_INCOME_YOY":14.9835972044,"GROSS_PROFIT":18117000,"GROSS_PROFIT_YOY":182.968492397875,"HOLDER_PROFIT":-7908000,"HOLDER_PROFIT_YOY":88.8432725272,"GROSS_PROFIT_RATIO":28.091856354277,"EPS_TTM":-0.049272783453,"OPERATE_INCOME_QOQ":7.790064979005,"NET_PROFIT_RATIO":-10.018296843,"ROE_AVG":-1.912945035487,"GROSS_PROFIT_QOQ":63.934006496936,"ROA":-1.435263412943,"HOLDER_PROFIT_QOQ":38.833867784904,"ROE_YEARLY":-3.825890070973,"ROIC_YEARLY":-3.741926325502,"TOTAL_ASSETS":561755000,"TOTAL_LIABILITIES":73323000,"TAX_EBT":null,"OCF_SALES":-11.88209390312,"TOTAL_PARENT_EQUITY":409440000,"DEBT_ASSET_RATIO":13.0524872943,"OPERATE_PROFIT":-5278000,"PRETAX_PROFIT":-6461000,"NETCASH_OPERATE":-7663000,"NETCASH_INVEST":-735000,"NETCASH_FINANCE":33585000,"END_CASH":62634000,"DIVI_RATIO":null,"DIVIDEND_RATE":null,"CURRENT_RATIO":9.945632044023,"COMMON_ACS":1000000000,"CURRENTDEBT_DEBT":51.549991135115,"ISSUED_COMMON_SHARES":301561800,"HK_COMMON_SHARES":301561800,"PER_SHARES":2000,"TOTAL_MARKET_CAP":129671574,"HKSK_MARKET_CAP":129671574,"PE_TTM":-1.465242381953,"PB_TTM":0.290926356185,"REPORT_DATE_SQ":"2020-06-30 00:00:00","REPORT_TYPE_SQ":"2020年中报","OPERATE_INCOME_SQ":56088000,"DPS_HKD":null,"OPERATE_INCOME_QOQ_SQ":-32.647854263408,"NET_PROFIT_RATIO_SQ":-132.2546712309,"HOLDER_PROFIT_SQ":-70881000,"HOLDER_PROFIT_QOQ_SQ":-9541.69741697417,"ROE_AVG_SQ":-13.027979065098,"PE_TTM_SQ":-7.203086412174,"PB_TTM_SQ":0.493879723957,"ROA_SQ":-10.212377867058,"START_DATE":"2021-01-01 00:00:00","FISCAL_YEAR":"12-31","CURRENCY":"HKD","IS_CNY_CODE":0,"DPS_HKD_LY":null,"ORG_TYPE":"一般企业","PREMIUM_INCOME":null,"PREMIUM_INCOME_YOY":null,"NET_INTEREST_INCOME":null,"NET_INTEREST_INCOME_YOY":null,"FEE_COMMISSION_INCOME":null,"FEE_COMMISSION_INCOME_YOY":null,"ACCOUNTS_RECE_TDAYS":0.933739693203,"INVENTORY_TDAYS":0.261035247498,"CURRENT_ASSETS_TDAYS":0.177857938688,"TOTAL_ASSETS_TDAYS":0.117049833115,"PREMIUM_EXPENSE":null,"LOAN_DEPOSIT":null,"LOAN_EQUITY":null,"LOAN_ASSETS":null,"DEPOSIT_EQUITY":null,"DEPOSIT_ASSETS":null,"EQUITY_MULTIPLIER":1.150119156812,"EQUITY_RATIO":0.179081184056},{"SECUCODE":"00389.HK","SECURITY_CODE":"00389","SECURITY_NAME_ABBR":"通天酒业","ORG_CODE":"10153324","STD_REPORT_DATE":"2020-12-31 00:00:00","REPORT_DATE":"2020-12-31 00:00:00","DATE_TYPE_CODE":"001","REPORT_TYPE":"2020年年报","PER_NETCASH_OPERATE":-0.055739690355,"PER_OI":0.053591671808,"BPS":1.383955129595,"BASIC_EPS":-0.0806,"DILUTED_EPS":-0.0806,"OPERATE_INCOME":107881000,"OPERATE_INCOME_YOY":-67.6177926393,"GROSS_PROFIT":-62491000,"GROSS_PROFIT_YOY":-184.331057191439,"HOLDER_PROFIT":-162160000,"HOLDER_PROFIT_YOY":-19845.8794587946,"GROSS_PROFIT_RATIO":-57.925862756185,"EPS_TTM":-0.080555663188,"OPERATE_INCOME_QOQ":-51.921045712019,"NET_PROFIT_RATIO":-156.0840185019,"ROE_AVG":-32.534287800846,"GROSS_PROFIT_QOQ":-709.787275565964,"ROA":-25.020308942801,"HOLDER_PROFIT_QOQ":-106.871037289346,"ROE_YEARLY":-32.534287800846,"ROIC_YEARLY":-36.195176282963,"TOTAL_ASSETS":540203000,"TOTAL_LIABILITIES":45310000,"TAX_EBT":null,"OCF_SALES":-104.008120058212,"TOTAL_PARENT_EQUITY":417348000,"DEBT_ASSET_RATIO":8.3875876291,"OPERATE_PROFIT":-167340000,"PRETAX_PROFIT":-168385000,"NETCASH_OPERATE":-112205000,"NETCASH_INVEST":-12370000,"NETCASH_FINANCE":-39412000,"END_CASH":37447000,"DIVI_RATIO":null,"DIVIDEND_RATE":null,"CURRENT_RATIO":8.136105287678,"COMMON_ACS":1000000000,"CURRENTDEBT_DEBT":94.74729640256,"ISSUED_COMMON_SHARES":301561800,"HK_COMMON_SHARES":301561800,"PER_SHARES":2000,"TOTAL_MARKET_CAP":129671574,"HKSK_MARKET_CAP":129671574,"PE_TTM":-1.465242381953,"PB_TTM":0.290926356185,"REPORT_DATE_SQ":"2019-12-31 00:00:00","REPORT_TYPE_SQ":"2019年年报","OPERATE_INCOME_SQ":333149000,"DPS_HKD":null,"OPERATE_INCOME_QOQ_SQ":-7.272383147265,"NET_PROFIT_RATIO_SQ":1.3558497849,"HOLDER_PROFIT_SQ":-813000,"HOLDER_PROFIT_QOQ_SQ":94.641444766675,"ROE_AVG_SQ":-0.14064855766,"PE_TTM_SQ":-7.203086412174,"PB_TTM_SQ":0.493879723957,"ROA_SQ":-0.111084391345,"START_DATE":"2020-01-01 00:00:00","FISCAL_YEAR":"12-31","CURRENCY":"HKD","IS_CNY_CODE":0,"DPS_HKD_LY":null,"ORG_TYPE":"一般企业","PREMIUM_INCOME":null,"PREMIUM_INCOME_YOY":null,"NET_INTEREST_INCOME":null,"NET_INTEREST_INCOME_YOY":null,"FEE_COMMISSION_INCOME":null,"FEE_COMMISSION_INCOME_YOY":null,"ACCOUNTS_RECE_TDAYS":1.235078279287,"INVENTORY_TDAYS":0.968685946913,"CURRENT_ASSETS_TDAYS":0.245634886752,"TOTAL_ASSETS_TDAYS":0.166453869577,"PREMIUM_EXPENSE":null,"LOAN_DEPOSIT":null,"LOAN_EQUITY":null,"LOAN_ASSETS":null,"DEPOSIT_EQUITY":null,"DEPOSIT_ASSETS":null,"EQUITY_MULTIPLIER":1.091555144243,"EQUITY_RATIO":0.108566472105},{"SECUCODE":"00389.HK","SECURITY_CODE":"00389","SECURITY_NAME_ABBR":"通天酒业","ORG_CODE":"10153324","STD_REPORT_DATE":"2020-06-30 00:00:00","REPORT_DATE":"2020-06-30 00:00:00","DATE_TYPE_CODE":"002","REPORT_TYPE":"2020年中报","PER_NETCASH_OPERATE":0.004368068244,"PER_OI":0.027862642063,"BPS":1.686642671585,"BASIC_EPS":-0.0352,"DILUTED_EPS":-0.0352,"OPERATE_INCOME":56088000,"OPERATE_INCOME_YOY":-65.9771676756,"GROSS_PROFIT":-21836000,"GROSS_PROFIT_YOY":-151.968204103003,"HOLDER_PROFIT":-70881000,"HOLDER_PROFIT_YOY":-1159.031824294,"GROSS_PROFIT_RATIO":-38.931678790472,"EPS_TTM":-0.038940039284,"OPERATE_INCOME_QOQ":-32.647854263408,"NET_PROFIT_RATIO":-132.2546712309,"ROE_AVG":-13.027979065098,"GROSS_PROFIT_QOQ":-86.170413754015,"ROA":-10.212377867058,"HOLDER_PROFIT_QOQ":-9541.69741697417,"ROE_YEARLY":-26.055958130195,"ROIC_YEARLY":-32.931988133873,"TOTAL_ASSETS":632115000,"TOTAL_LIABILITIES":43016000,"TAX_EBT":null,"OCF_SALES":15.677150192555,"TOTAL_PARENT_EQUITY":508627000,"DEBT_ASSET_RATIO":6.8050908458,"OPERATE_PROFIT":-73325000,"PRETAX_PROFIT":-74179000,"NETCASH_OPERATE":8793000,"NETCASH_INVEST":-7345000,"NETCASH_FINANCE":-41357000,"END_CASH":161525000,"DIVI_RATIO":null,"DIVIDEND_RATE":null,"CURRENT_RATIO":9.581132601823,"COMMON_ACS":1000000000,"CURRENTDEBT_DEBT":100,"ISSUED_COMMON_SHARES":301561800,"HK_COMMON_SHARES":301561800,"PER_SHARES":2000,"TOTAL_MARKET_CAP":129671574,"HKSK_MARKET_CAP":129671574,"PE_TTM":-1.465242381953,"PB_TTM":0.290926356185,"REPORT_DATE_SQ":"2019-06-30 00:00:00","REPORT_TYPE_SQ":"2019年中报","OPERATE_INCOME_SQ":164854000,"DPS_HKD":null,"OPERATE_INCOME_QOQ_SQ":1.230167563136,"NET_PROFIT_RATIO_SQ":5.3101532265,"HOLDER_PROFIT_SQ":6693000,"HOLDER_PROFIT_QOQ_SQ":-315.216201423098,"ROE_AVG_SQ":1.154141623334,"PE_TTM_SQ":-7.203086412174,"PB_TTM_SQ":0.493879723957,"ROA_SQ":0.921435032153,"START_DATE":"2020-01-01 00:00:00","FISCAL_YEAR":"12-31","CURRENCY":"HKD","IS_CNY_CODE":0,"DPS_HKD_LY":null,"ORG_TYPE":"一般企业","PREMIUM_INCOME":null,"PREMIUM_INCOME_YOY":null,"NET_INTEREST_INCOME":null,"NET_INTEREST_INCOME_YOY":null,"FEE_COMMISSION_INCOME":null,"FEE_COMMISSION_INCOME_YOY":null,"ACCOUNTS_RECE_TDAYS":0.584116140051,"INVENTORY_TDAYS":0.424211245485,"CURRENT_ASSETS_TDAYS":0.119178448946,"TOTAL_ASSETS_TDAYS":0.080810351125,"PREMIUM_EXPENSE":null,"LOAN_DEPOSIT":null,"LOAN_EQUITY":null,"LOAN_ASSETS":null,"DEPOSIT_EQUITY":null,"DEPOSIT_ASSETS":null,"EQUITY_MULTIPLIER":1.073019984756,"EQUITY_RATIO":0.084572781233},{"SECUCODE":"00389.HK","SECURITY_CODE":"00389","SECURITY_NAME_ABBR":"通天酒业","ORG_CODE":"10153324","STD_REPORT_DATE":"2019-12-31 00:00:00","REPORT_DATE":"2019-12-31 00:00:00","DATE_TYPE_CODE":"001","REPORT_TYPE":"2019年年报","PER_NETCASH_OPERATE":0.018840368044,"PER_OI":0.165497278216,"BPS":1.921689020294,"BASIC_EPS":-0.0004,"DILUTED_EPS":-0.0004,"OPERATE_INCOME":333149000,"OPERATE_INCOME_YOY":-6.1316780827,"GROSS_PROFIT":74102000,"GROSS_PROFIT_YOY":-3.115643590246,"HOLDER_PROFIT":-813000,"HOLDER_PROFIT_YOY":77.750410509,"GROSS_PROFIT_RATIO":22.242900323879,"EPS_TTM":-0.000403871202,"OPERATE_INCOME_QOQ":-7.272383147265,"NET_PROFIT_RATIO":1.3558497849,"ROE_AVG":-0.14064855766,"GROSS_PROFIT_QOQ":27.507054855806,"ROA":-0.111084391345,"HOLDER_PROFIT_QOQ":94.641444766675,"ROE_YEARLY":-0.14064855766,"ROIC_YEARLY":-0.171653884118,"TOTAL_ASSETS":756024000,"TOTAL_LIABILITIES":92746000,"TAX_EBT":null,"OCF_SALES":11.384095404759,"TOTAL_PARENT_EQUITY":579508000,"DEBT_ASSET_RATIO":12.2675999704,"OPERATE_PROFIT":6102000,"PRETAX_PROFIT":4517000,"NETCASH_OPERATE":37926000,"NETCASH_INVEST":-26838000,"NETCASH_FINANCE":37493000,"END_CASH":201434000,"DIVI_RATIO":null,"DIVIDEND_RATE":null,"CURRENT_RATIO":5.704849804843,"COMMON_ACS":1000000000,"CURRENTDEBT_DEBT":100,"ISSUED_COMMON_SHARES":301561800,"HK_COMMON_SHARES":301561800,"PER_SHARES":2000,"TOTAL_MARKET_CAP":129671574,"HKSK_MARKET_CAP":129671574,"PE_TTM":-1.465242381953,"PB_TTM":0.290926356185,"REPORT_DATE_SQ":"2018-12-31 00:00:00","REPORT_TYPE_SQ":"2018年年报","OPERATE_INCOME_SQ":354911000,"DPS_HKD":null,"OPERATE_INCOME_QOQ_SQ":-11.933409924988,"NET_PROFIT_RATIO_SQ":1.1343688981,"HOLDER_PROFIT_SQ":-3654000,"HOLDER_PROFIT_QOQ_SQ":-120.021917808219,"ROE_AVG_SQ":-0.631490535419,"PE_TTM_SQ":-7.203086412174,"PB_TTM_SQ":0.493879723957,"ROA_SQ":-0.512565859242,"START_DATE":"2019-01-01 00:00:00","FISCAL_YEAR":"12-31","CURRENCY":"HKD","IS_CNY_CODE":0,"DPS_HKD_LY":null,"ORG_TYPE":"一般企业","PREMIUM_INCOME":null,"PREMIUM_INCOME_YOY":null,"NET_INTEREST_INCOME":null,"NET_INTEREST_INCOME_YOY":null,"FEE_COMMISSION_INCOME":null,"FEE_COMMISSION_INCOME_YOY":null,"ACCOUNTS_RECE_TDAYS":3.245310772438,"INVENTORY_TDAYS":1.161359306001,"CURRENT_ASSETS_TDAYS":0.647234987901,"TOTAL_ASSETS_TDAYS":0.455198694861,"PREMIUM_EXPENSE":null,"LOAN_DEPOSIT":null,"LOAN_EQUITY":null,"LOAN_ASSETS":null,"DEPOSIT_EQUITY":null,"DEPOSIT_ASSETS":null,"EQUITY_MULTIPLIER":1.139829754643,"EQUITY_RATIO":0.160042656874}],"count":34},"success":true,"message":"ok","code":0}