{"version":"b991e51594339e2128f9d06dbecc3372","result":{"pages":2,"data":[{"SECUCODE":"00382.HK","SECURITY_CODE":"00382","SECURITY_NAME_ABBR":"中汇集团","ORG_CODE":"10000001695","STD_REPORT_DATE":"2024-12-31 00:00:00","REPORT_DATE":"2024-08-31 00:00:00","DATE_TYPE_CODE":"001","REPORT_TYPE":"2024年年报","PER_NETCASH_OPERATE":0.906627639602,"PER_OI":2.024016950222,"BPS":3.450732480066,"BASIC_EPS":0.6286,"DILUTED_EPS":0.6259,"OPERATE_INCOME":2311986000,"OPERATE_INCOME_YOY":17.1823159056,"GROSS_PROFIT":1124144000,"GROSS_PROFIT_YOY":10.384105153904,"HOLDER_PROFIT":714746000,"HOLDER_PROFIT_YOY":15.5854908873,"GROSS_PROFIT_RATIO":48.622439755258,"EPS_TTM":0.606626670155,"OPERATE_INCOME_QOQ":0,"NET_PROFIT_RATIO":34.780530678,"ROE_AVG":18.788805936113,"GROSS_PROFIT_QOQ":0,"ROA":8.123571725175,"HOLDER_PROFIT_QOQ":0,"ROE_YEARLY":18.788805936113,"ROIC_YEARLY":11.915576066521,"TOTAL_ASSETS":9101548000,"TOTAL_LIABILITIES":4253540000,"TAX_EBT":0.602353045882,"OCF_SALES":44.79348058336,"TOTAL_PARENT_EQUITY":4065758000,"DEBT_ASSET_RATIO":46.7342478444,"OPERATE_PROFIT":815417000,"PRETAX_PROFIT":808994000,"NETCASH_OPERATE":1035619000,"NETCASH_INVEST":-655344000,"NETCASH_FINANCE":-288038000,"END_CASH":2071112000,"DIVI_RATIO":0.279425696791,"DIVIDEND_RATE":9.3,"CURRENT_RATIO":0.902804046624,"COMMON_ACS":1500000000,"CURRENTDEBT_DEBT":64.139516731946,"ISSUED_COMMON_SHARES":1178230426,"HK_COMMON_SHARES":1178230426,"PER_SHARES":2000,"TOTAL_MARKET_CAP":2356460852,"HKSK_MARKET_CAP":2356460852,"PE_TTM":3.007516961846,"PB_TTM":0.528710936168,"REPORT_DATE_SQ":"2023-12-31 00:00:00","REPORT_TYPE_SQ":"2023年年报","OPERATE_INCOME_SQ":1972982000,"DPS_HKD":0.186,"OPERATE_INCOME_QOQ_SQ":0,"NET_PROFIT_RATIO_SQ":36.4322634469,"HOLDER_PROFIT_SQ":618370000,"HOLDER_PROFIT_QOQ_SQ":0,"ROE_AVG_SQ":18.975346042993,"PE_TTM_SQ":4.005869160109,"PB_TTM_SQ":0.699263846983,"ROA_SQ":7.870612762148,"START_DATE":"2023-09-01 00:00:00","FISCAL_YEAR":"8-31","CURRENCY":"HKD","IS_CNY_CODE":0,"DPS_HKD_LY":0.09,"ORG_TYPE":"一般企业","PREMIUM_INCOME":null,"PREMIUM_INCOME_YOY":null,"NET_INTEREST_INCOME":null,"NET_INTEREST_INCOME_YOY":null,"FEE_COMMISSION_INCOME":null,"FEE_COMMISSION_INCOME_YOY":null,"ACCOUNTS_RECE_TDAYS":21.412928411664,"INVENTORY_TDAYS":116.615158060082,"CURRENT_ASSETS_TDAYS":1.007988751615,"TOTAL_ASSETS_TDAYS":0.262772846558,"PREMIUM_EXPENSE":null,"LOAN_DEPOSIT":null,"LOAN_EQUITY":null,"LOAN_ASSETS":null,"DEPOSIT_EQUITY":null,"DEPOSIT_ASSETS":null,"EQUITY_MULTIPLIER":1.877378915215,"EQUITY_RATIO":1.04618622161},{"SECUCODE":"00382.HK","SECURITY_CODE":"00382","SECURITY_NAME_ABBR":"中汇集团","ORG_CODE":"10000001695","STD_REPORT_DATE":"2024-06-30 00:00:00","REPORT_DATE":"2024-02-29 00:00:00","DATE_TYPE_CODE":"002","REPORT_TYPE":"2024年中报","PER_NETCASH_OPERATE":-0.078478623604,"PER_OI":1.016094464756,"BPS":3.213331549121,"BASIC_EPS":0.2976,"DILUTED_EPS":0.2975,"OPERATE_INCOME":1160191000,"OPERATE_INCOME_YOY":19.2690626892,"GROSS_PROFIT":578009000,"GROSS_PROFIT_YOY":17.521872350462,"HOLDER_PROFIT":338242000,"HOLDER_PROFIT_YOY":13.2293127747,"GROSS_PROFIT_RATIO":49.820158922109,"EPS_TTM":0.575945739881,"OPERATE_INCOME_QOQ":0,"NET_PROFIT_RATIO":32.620318551,"ROE_AVG":9.230868317082,"GROSS_PROFIT_QOQ":0,"ROA":4.063649611289,"HOLDER_PROFIT_QOQ":0,"ROE_YEARLY":18.461736634164,"ROIC_YEARLY":11.427370627365,"TOTAL_ASSETS":8151910000,"TOTAL_LIABILITIES":3632774000,"TAX_EBT":2.070589452983,"OCF_SALES":-7.723555862785,"TOTAL_PARENT_EQUITY":3786045000,"DEBT_ASSET_RATIO":44.5634704014,"OPERATE_PROFIT":410684000,"PRETAX_PROFIT":386460000,"NETCASH_OPERATE":-89608000,"NETCASH_INVEST":-371205000,"NETCASH_FINANCE":-161778000,"END_CASH":1358822000,"DIVI_RATIO":0.294310849552,"DIVIDEND_RATE":9.346733668342,"CURRENT_RATIO":0.758539949277,"COMMON_ACS":1500000000,"CURRENTDEBT_DEBT":58.958140528423,"ISSUED_COMMON_SHARES":1178230426,"HK_COMMON_SHARES":1178230426,"PER_SHARES":2000,"TOTAL_MARKET_CAP":2344678547.74,"HKSK_MARKET_CAP":2344678547.74,"PE_TTM":2.992479377037,"PB_TTM":0.526067381487,"REPORT_DATE_SQ":"2023-06-30 00:00:00","REPORT_TYPE_SQ":"2023年中报","OPERATE_INCOME_SQ":972751000,"DPS_HKD":0.186,"OPERATE_INCOME_QOQ_SQ":0,"NET_PROFIT_RATIO_SQ":36.3435247047,"HOLDER_PROFIT_SQ":298723000,"HOLDER_PROFIT_QOQ_SQ":0,"ROE_AVG_SQ":9.577127208088,"PE_TTM_SQ":3.97206435707,"PB_TTM_SQ":0.693362886249,"ROA_SQ":4.132204024971,"START_DATE":"2023-09-01 00:00:00","FISCAL_YEAR":"8-31","CURRENCY":"HKD","IS_CNY_CODE":0,"DPS_HKD_LY":0.09,"ORG_TYPE":"一般企业","PREMIUM_INCOME":null,"PREMIUM_INCOME_YOY":null,"NET_INTEREST_INCOME":null,"NET_INTEREST_INCOME_YOY":null,"FEE_COMMISSION_INCOME":null,"FEE_COMMISSION_INCOME_YOY":null,"ACCOUNTS_RECE_TDAYS":10.305800944247,"INVENTORY_TDAYS":66.285096208585,"CURRENT_ASSETS_TDAYS":0.618942167243,"TOTAL_ASSETS_TDAYS":0.139385697405,"PREMIUM_EXPENSE":null,"LOAN_DEPOSIT":null,"LOAN_EQUITY":null,"LOAN_ASSETS":null,"DEPOSIT_EQUITY":null,"DEPOSIT_ASSETS":null,"EQUITY_MULTIPLIER":1.803864721044,"EQUITY_RATIO":0.959516857301},{"SECUCODE":"00382.HK","SECURITY_CODE":"00382","SECURITY_NAME_ABBR":"中汇集团","ORG_CODE":"10000001695","STD_REPORT_DATE":"2023-12-31 00:00:00","REPORT_DATE":"2023-08-31 00:00:00","DATE_TYPE_CODE":"001","REPORT_TYPE":"2023年年报","PER_NETCASH_OPERATE":1.180655519113,"PER_OI":1.728708393781,"BPS":3.006587609545,"BASIC_EPS":0.5619,"DILUTED_EPS":0.5614,"OPERATE_INCOME":1972982000,"OPERATE_INCOME_YOY":17.0234143865,"GROSS_PROFIT":1018393000,"GROSS_PROFIT_YOY":19.880754086203,"HOLDER_PROFIT":618370000,"HOLDER_PROFIT_YOY":8.9665648139,"GROSS_PROFIT_RATIO":51.616943286862,"EPS_TTM":0.541568012656,"OPERATE_INCOME_QOQ":0,"NET_PROFIT_RATIO":36.4322634469,"ROE_AVG":18.975346042993,"GROSS_PROFIT_QOQ":0,"ROA":7.870612762148,"HOLDER_PROFIT_QOQ":0,"ROE_YEARLY":18.975346042993,"ROIC_YEARLY":11.134539273483,"TOTAL_ASSETS":8495293000,"TOTAL_LIABILITIES":4259965000,"TAX_EBT":0.171103031246,"OCF_SALES":68.296973819325,"TOTAL_PARENT_EQUITY":3542453000,"DEBT_ASSET_RATIO":50.1450038274,"OPERATE_PROFIT":732741000,"PRETAX_PROFIT":720034000,"NETCASH_OPERATE":1347487000,"NETCASH_INVEST":-681616000,"NETCASH_FINANCE":-8087000,"END_CASH":1982857000,"DIVI_RATIO":0.312993153286,"DIVIDEND_RATE":9.346733668342,"CURRENT_RATIO":0.825785096338,"COMMON_ACS":1500000000,"CURRENTDEBT_DEBT":60.386763741017,"ISSUED_COMMON_SHARES":1178230426,"HK_COMMON_SHARES":1178230426,"PER_SHARES":2000,"TOTAL_MARKET_CAP":2344678547.74,"HKSK_MARKET_CAP":2344678547.74,"PE_TTM":2.992479377037,"PB_TTM":0.526067381487,"REPORT_DATE_SQ":"2022-12-31 00:00:00","REPORT_TYPE_SQ":"2022年年报","OPERATE_INCOME_SQ":1685972000,"DPS_HKD":0.186,"OPERATE_INCOME_QOQ_SQ":0,"NET_PROFIT_RATIO_SQ":38.2675394372,"HOLDER_PROFIT_SQ":567486000,"HOLDER_PROFIT_QOQ_SQ":0,"ROE_AVG_SQ":20.603851145394,"PE_TTM_SQ":3.97206435707,"PB_TTM_SQ":0.693362886249,"ROA_SQ":8.479949803436,"START_DATE":"2022-09-01 00:00:00","FISCAL_YEAR":"8-31","CURRENCY":"HKD","IS_CNY_CODE":0,"DPS_HKD_LY":0.106,"ORG_TYPE":"一般企业","PREMIUM_INCOME":null,"PREMIUM_INCOME_YOY":null,"NET_INTEREST_INCOME":null,"NET_INTEREST_INCOME_YOY":null,"FEE_COMMISSION_INCOME":null,"FEE_COMMISSION_INCOME_YOY":null,"ACCOUNTS_RECE_TDAYS":19.881916662468,"INVENTORY_TDAYS":99.023755186722,"CURRENT_ASSETS_TDAYS":1.066649726983,"TOTAL_ASSETS_TDAYS":0.251121129885,"PREMIUM_EXPENSE":null,"LOAN_DEPOSIT":null,"LOAN_EQUITY":null,"LOAN_ASSETS":null,"DEPOSIT_EQUITY":null,"DEPOSIT_ASSETS":null,"EQUITY_MULTIPLIER":2.005817022908,"EQUITY_RATIO":1.202546653407},{"SECUCODE":"00382.HK","SECURITY_CODE":"00382","SECURITY_NAME_ABBR":"中汇集团","ORG_CODE":"10000001695","STD_REPORT_DATE":"2023-06-30 00:00:00","REPORT_DATE":"2023-02-28 00:00:00","DATE_TYPE_CODE":"002","REPORT_TYPE":"2023年中报","PER_NETCASH_OPERATE":0.083488601052,"PER_OI":0.867240674053,"BPS":2.769489675358,"BASIC_EPS":0.2773,"DILUTED_EPS":0.277,"OPERATE_INCOME":972751000,"OPERATE_INCOME_YOY":18.2568154879,"GROSS_PROFIT":491831000,"GROSS_PROFIT_YOY":19.09750220963,"HOLDER_PROFIT":298723000,"HOLDER_PROFIT_YOY":18.9188651229,"GROSS_PROFIT_RATIO":50.560832114282,"EPS_TTM":0.538866015635,"OPERATE_INCOME_QOQ":0,"NET_PROFIT_RATIO":36.3435247047,"ROE_AVG":9.577127208088,"GROSS_PROFIT_QOQ":0,"ROA":4.132204024971,"HOLDER_PROFIT_QOQ":0,"ROE_YEARLY":19.154254416176,"ROIC_YEARLY":10.716124211374,"TOTAL_ASSETS":7240193000,"TOTAL_LIABILITIES":3329844000,"TAX_EBT":2.389649545677,"OCF_SALES":9.626924053535,"TOTAL_PARENT_EQUITY":3263097000,"DEBT_ASSET_RATIO":45.9910944363,"OPERATE_PROFIT":367126000,"PRETAX_PROFIT":362187000,"NETCASH_OPERATE":93646000,"NETCASH_INVEST":-566900000,"NETCASH_FINANCE":-94327000,"END_CASH":750130000,"DIVI_RATIO":0.314562572294,"DIVIDEND_RATE":9.346733668342,"CURRENT_RATIO":0.557877566706,"COMMON_ACS":1500000000,"CURRENTDEBT_DEBT":57.516147903626,"ISSUED_COMMON_SHARES":1178230426,"HK_COMMON_SHARES":1178230426,"PER_SHARES":2000,"TOTAL_MARKET_CAP":2344678547.74,"HKSK_MARKET_CAP":2344678547.74,"PE_TTM":2.992479377037,"PB_TTM":0.526067381487,"REPORT_DATE_SQ":"2022-06-30 00:00:00","REPORT_TYPE_SQ":"2022年中报","OPERATE_INCOME_SQ":822575000,"DPS_HKD":0.186,"OPERATE_INCOME_QOQ_SQ":0,"NET_PROFIT_RATIO_SQ":34.7410266541,"HOLDER_PROFIT_SQ":251199000,"HOLDER_PROFIT_QOQ_SQ":0,"ROE_AVG_SQ":9.557561518486,"PE_TTM_SQ":3.97206435707,"PB_TTM_SQ":0.693362886249,"ROA_SQ":3.989048810542,"START_DATE":"2022-09-01 00:00:00","FISCAL_YEAR":"8-31","CURRENCY":"HKD","IS_CNY_CODE":0,"DPS_HKD_LY":0.106,"ORG_TYPE":"一般企业","PREMIUM_INCOME":null,"PREMIUM_INCOME_YOY":null,"NET_INTEREST_INCOME":null,"NET_INTEREST_INCOME_YOY":null,"FEE_COMMISSION_INCOME":null,"FEE_COMMISSION_INCOME_YOY":null,"ACCOUNTS_RECE_TDAYS":null,"INVENTORY_TDAYS":37.627728659729,"CURRENT_ASSETS_TDAYS":0.735942677104,"TOTAL_ASSETS_TDAYS":0.134559628736,"PREMIUM_EXPENSE":null,"LOAN_DEPOSIT":null,"LOAN_EQUITY":null,"LOAN_ASSETS":null,"DEPOSIT_EQUITY":null,"DEPOSIT_ASSETS":null,"EQUITY_MULTIPLIER":1.851546498791,"EQUITY_RATIO":1.020455107525},{"SECUCODE":"00382.HK","SECURITY_CODE":"00382","SECURITY_NAME_ABBR":"中汇集团","ORG_CODE":"10000001695","STD_REPORT_DATE":"2022-12-31 00:00:00","REPORT_DATE":"2022-08-31 00:00:00","DATE_TYPE_CODE":"001","REPORT_TYPE":"2022年年报","PER_NETCASH_OPERATE":0.872560223529,"PER_OI":1.557620807194,"BPS":2.52511048293,"BASIC_EPS":0.5316,"DILUTED_EPS":0.5311,"OPERATE_INCOME":1685972000,"OPERATE_INCOME_YOY":34.7006017686,"GROSS_PROFIT":849505000,"GROSS_PROFIT_YOY":34.650133619064,"HOLDER_PROFIT":567486000,"HOLDER_PROFIT_YOY":37.1680089723,"GROSS_PROFIT_RATIO":50.386661225691,"EPS_TTM":0.524282968927,"OPERATE_INCOME_QOQ":0,"NET_PROFIT_RATIO":38.2675394372,"ROE_AVG":20.603851145394,"GROSS_PROFIT_QOQ":0,"ROA":8.479949803436,"HOLDER_PROFIT_QOQ":0,"ROE_YEARLY":20.603851145394,"ROIC_YEARLY":11.164643701363,"TOTAL_ASSETS":7218096000,"TOTAL_LIABILITIES":3650491000,"TAX_EBT":1.184989822596,"OCF_SALES":56.018783230089,"TOTAL_PARENT_EQUITY":2975162000,"DEBT_ASSET_RATIO":50.5741541814,"OPERATE_PROFIT":653585000,"PRETAX_PROFIT":652917000,"NETCASH_OPERATE":944461000,"NETCASH_INVEST":-515611000,"NETCASH_FINANCE":94208000,"END_CASH":1318052000,"DIVI_RATIO":0.323312199797,"DIVIDEND_RATE":9.346733668342,"CURRENT_RATIO":0.725548904494,"COMMON_ACS":1500000000,"CURRENTDEBT_DEBT":59.469123468596,"ISSUED_COMMON_SHARES":1178230426,"HK_COMMON_SHARES":1178230426,"PER_SHARES":2000,"TOTAL_MARKET_CAP":2344678547.74,"HKSK_MARKET_CAP":2344678547.74,"PE_TTM":2.992479377037,"PB_TTM":0.526067381487,"REPORT_DATE_SQ":"2021-12-31 00:00:00","REPORT_TYPE_SQ":"2021年年报","OPERATE_INCOME_SQ":1251644000,"DPS_HKD":0.186,"OPERATE_INCOME_QOQ_SQ":0,"NET_PROFIT_RATIO_SQ":37.5279232753,"HOLDER_PROFIT_SQ":413716000,"HOLDER_PROFIT_QOQ_SQ":0,"ROE_AVG_SQ":18.941700323855,"PE_TTM_SQ":3.97206435707,"PB_TTM_SQ":0.693362886249,"ROA_SQ":8.535087404415,"START_DATE":"2021-09-01 00:00:00","FISCAL_YEAR":"8-31","CURRENCY":"HKD","IS_CNY_CODE":0,"DPS_HKD_LY":0.168,"ORG_TYPE":"一般企业","PREMIUM_INCOME":null,"PREMIUM_INCOME_YOY":null,"NET_INTEREST_INCOME":null,"NET_INTEREST_INCOME_YOY":null,"FEE_COMMISSION_INCOME":null,"FEE_COMMISSION_INCOME_YOY":null,"ACCOUNTS_RECE_TDAYS":null,"INVENTORY_TDAYS":140.04135275406,"CURRENT_ASSETS_TDAYS":1.170046046171,"TOTAL_ASSETS_TDAYS":0.251934989233,"PREMIUM_EXPENSE":null,"LOAN_DEPOSIT":null,"LOAN_EQUITY":null,"LOAN_ASSETS":null,"DEPOSIT_EQUITY":null,"DEPOSIT_ASSETS":null,"EQUITY_MULTIPLIER":2.023232953201,"EQUITY_RATIO":1.226988984129},{"SECUCODE":"00382.HK","SECURITY_CODE":"00382","SECURITY_NAME_ABBR":"中汇集团","ORG_CODE":"10000001695","STD_REPORT_DATE":"2022-06-30 00:00:00","REPORT_DATE":"2022-02-28 00:00:00","DATE_TYPE_CODE":"002","REPORT_TYPE":"2022年中报","PER_NETCASH_OPERATE":-0.073114983736,"PER_OI":0.767427908317,"BPS":2.311236359126,"BASIC_EPS":0.2358,"DILUTED_EPS":0.2356,"OPERATE_INCOME":822575000,"OPERATE_INCOME_YOY":48.4053071033,"GROSS_PROFIT":412965000,"GROSS_PROFIT_YOY":48.971898560658,"HOLDER_PROFIT":251199000,"HOLDER_PROFIT_YOY":52.4608073415,"GROSS_PROFIT_RATIO":50.203932772088,"EPS_TTM":0.462075978699,"OPERATE_INCOME_QOQ":0,"NET_PROFIT_RATIO":34.7410266541,"ROE_AVG":9.557561518486,"GROSS_PROFIT_QOQ":0,"ROA":3.989048810542,"HOLDER_PROFIT_QOQ":0,"ROE_YEARLY":19.115123036973,"ROIC_YEARLY":9.850128058056,"TOTAL_ASSETS":6428344000,"TOTAL_LIABILITIES":3158029000,"TAX_EBT":2.80658315846,"OCF_SALES":-9.52727714798,"TOTAL_PARENT_EQUITY":2723169000,"DEBT_ASSET_RATIO":49.1266335467,"OPERATE_PROFIT":300199000,"PRETAX_PROFIT":294023000,"NETCASH_OPERATE":-78369000,"NETCASH_INVEST":-326675000,"NETCASH_FINANCE":148531000,"END_CASH":538525000,"DIVI_RATIO":0.366838112808,"DIVIDEND_RATE":9.346733668342,"CURRENT_RATIO":0.688934644963,"COMMON_ACS":1500000000,"CURRENTDEBT_DEBT":53.041501518827,"ISSUED_COMMON_SHARES":1178230426,"HK_COMMON_SHARES":1178230426,"PER_SHARES":2000,"TOTAL_MARKET_CAP":2344678547.74,"HKSK_MARKET_CAP":2344678547.74,"PE_TTM":2.992479377037,"PB_TTM":0.526067381487,"REPORT_DATE_SQ":"2021-06-30 00:00:00","REPORT_TYPE_SQ":"2021年中报","OPERATE_INCOME_SQ":554276000,"DPS_HKD":0.186,"OPERATE_INCOME_QOQ_SQ":0,"NET_PROFIT_RATIO_SQ":31.7354530956,"HOLDER_PROFIT_SQ":164763000,"HOLDER_PROFIT_QOQ_SQ":0,"ROE_AVG_SQ":7.911182792963,"PE_TTM_SQ":3.97206435707,"PB_TTM_SQ":0.693362886249,"ROA_SQ":3.695498363399,"START_DATE":"2021-09-01 00:00:00","FISCAL_YEAR":"8-31","CURRENCY":"HKD","IS_CNY_CODE":0,"DPS_HKD_LY":0.168,"ORG_TYPE":"一般企业","PREMIUM_INCOME":null,"PREMIUM_INCOME_YOY":null,"NET_INTEREST_INCOME":null,"NET_INTEREST_INCOME_YOY":null,"FEE_COMMISSION_INCOME":null,"FEE_COMMISSION_INCOME_YOY":null,"ACCOUNTS_RECE_TDAYS":null,"INVENTORY_TDAYS":52.989650711514,"CURRENT_ASSETS_TDAYS":0.668543837035,"TOTAL_ASSETS_TDAYS":0.13062519458,"PREMIUM_EXPENSE":null,"LOAN_DEPOSIT":null,"LOAN_EQUITY":null,"LOAN_ASSETS":null,"DEPOSIT_EQUITY":null,"DEPOSIT_ASSETS":null,"EQUITY_MULTIPLIER":1.965665081193,"EQUITY_RATIO":1.159688950631},{"SECUCODE":"00382.HK","SECURITY_CODE":"00382","SECURITY_NAME_ABBR":"中汇集团","ORG_CODE":"10000001695","STD_REPORT_DATE":"2021-12-31 00:00:00","REPORT_DATE":"2021-08-31 00:00:00","DATE_TYPE_CODE":"001","REPORT_TYPE":"2021年年报","PER_NETCASH_OPERATE":0.892176518359,"PER_OI":1.167731254752,"BPS":2.15015751087,"BASIC_EPS":0.3942,"DILUTED_EPS":0.3922,"OPERATE_INCOME":1251644000,"OPERATE_INCOME_YOY":56.4375096864,"GROSS_PROFIT":630898000,"GROSS_PROFIT_YOY":59.219571779005,"HOLDER_PROFIT":413716000,"HOLDER_PROFIT_YOY":41.9329163908,"GROSS_PROFIT_RATIO":50.405546625079,"EPS_TTM":0.385979642607,"OPERATE_INCOME_QOQ":0,"NET_PROFIT_RATIO":37.5279232753,"ROE_AVG":18.941700323855,"GROSS_PROFIT_QOQ":0,"ROA":8.535087404415,"HOLDER_PROFIT_QOQ":0,"ROE_YEARLY":18.941700323855,"ROIC_YEARLY":11.490724244532,"TOTAL_ASSETS":6166087000,"TOTAL_LIABILITIES":3120132000,"TAX_EBT":2.947028693394,"OCF_SALES":76.402555359192,"TOTAL_PARENT_EQUITY":2533381000,"DEBT_ASSET_RATIO":50.6014916754,"OPERATE_PROFIT":502368000,"PRETAX_PROFIT":483979000,"NETCASH_OPERATE":956288000,"NETCASH_INVEST":-1747899000,"NETCASH_FINANCE":400500000,"END_CASH":795344000,"DIVI_RATIO":0.439160674006,"DIVIDEND_RATE":9.346733668342,"CURRENT_RATIO":0.738442212617,"COMMON_ACS":1500000000,"CURRENTDEBT_DEBT":56.717183760174,"ISSUED_COMMON_SHARES":1178230426,"HK_COMMON_SHARES":1178230426,"PER_SHARES":2000,"TOTAL_MARKET_CAP":2344678547.74,"HKSK_MARKET_CAP":2344678547.74,"PE_TTM":2.992479377037,"PB_TTM":0.526067381487,"REPORT_DATE_SQ":"2020-12-31 00:00:00","REPORT_TYPE_SQ":"2020年年报","OPERATE_INCOME_SQ":800092000,"DPS_HKD":0.186,"OPERATE_INCOME_QOQ_SQ":0,"NET_PROFIT_RATIO_SQ":36.4316853562,"HOLDER_PROFIT_SQ":291487000,"HOLDER_PROFIT_QOQ_SQ":0,"ROE_AVG_SQ":16.944022358969,"PE_TTM_SQ":3.97206435707,"PB_TTM_SQ":0.693362886249,"ROA_SQ":8.759959639278,"START_DATE":"2020-09-01 00:00:00","FISCAL_YEAR":"8-31","CURRENCY":"HKD","IS_CNY_CODE":0,"DPS_HKD_LY":0.104,"ORG_TYPE":"一般企业","PREMIUM_INCOME":null,"PREMIUM_INCOME_YOY":null,"NET_INTEREST_INCOME":null,"NET_INTEREST_INCOME_YOY":null,"FEE_COMMISSION_INCOME":null,"FEE_COMMISSION_INCOME_YOY":null,"ACCOUNTS_RECE_TDAYS":null,"INVENTORY_TDAYS":359.436016213086,"CURRENT_ASSETS_TDAYS":0.9473693373,"TOTAL_ASSETS_TDAYS":0.258217978981,"PREMIUM_EXPENSE":null,"LOAN_DEPOSIT":null,"LOAN_EQUITY":null,"LOAN_ASSETS":null,"DEPOSIT_EQUITY":null,"DEPOSIT_ASSETS":null,"EQUITY_MULTIPLIER":2.024352625041,"EQUITY_RATIO":1.231607878957},{"SECUCODE":"00382.HK","SECURITY_CODE":"00382","SECURITY_NAME_ABBR":"中汇集团","ORG_CODE":"10000001695","STD_REPORT_DATE":"2021-06-30 00:00:00","REPORT_DATE":"2021-02-28 00:00:00","DATE_TYPE_CODE":"002","REPORT_TYPE":"2021年中报","PER_NETCASH_OPERATE":0.033518964002,"PER_OI":0.517211583503,"BPS":1.977873723658,"BASIC_EPS":0.1603,"DILUTED_EPS":0.1596,"OPERATE_INCOME":554276000,"OPERATE_INCOME_YOY":32.5207528404,"GROSS_PROFIT":277210000,"GROSS_PROFIT_YOY":35.837980340465,"HOLDER_PROFIT":164763000,"HOLDER_PROFIT_YOY":11.980833928,"GROSS_PROFIT_RATIO":50.01298991838,"EPS_TTM":0.288391305206,"OPERATE_INCOME_QOQ":0,"NET_PROFIT_RATIO":31.7354530956,"ROE_AVG":7.911182792963,"GROSS_PROFIT_QOQ":0,"ROA":3.695498363399,"HOLDER_PROFIT_QOQ":0,"ROE_YEARLY":15.822365585925,"ROIC_YEARLY":9.71013911955,"TOTAL_ASSETS":5388568000,"TOTAL_LIABILITIES":2590464000,"TAX_EBT":5.252271711203,"OCF_SALES":6.480706362895,"TOTAL_PARENT_EQUITY":2330391000,"DEBT_ASSET_RATIO":48.0733285726,"OPERATE_PROFIT":196297000,"PRETAX_PROFIT":185653000,"NETCASH_OPERATE":35921000,"NETCASH_INVEST":-1298112000,"NETCASH_FINANCE":579293000,"END_CASH":476299000,"DIVI_RATIO":0.587767650898,"DIVIDEND_RATE":9.346733668342,"CURRENT_RATIO":0.695075497349,"COMMON_ACS":1500000000,"CURRENTDEBT_DEBT":55.910022297164,"ISSUED_COMMON_SHARES":1178230426,"HK_COMMON_SHARES":1178230426,"PER_SHARES":2000,"TOTAL_MARKET_CAP":2344678547.74,"HKSK_MARKET_CAP":2344678547.74,"PE_TTM":2.992479377037,"PB_TTM":0.526067381487,"REPORT_DATE_SQ":"2020-06-30 00:00:00","REPORT_TYPE_SQ":"2020年中报","OPERATE_INCOME_SQ":418256000,"DPS_HKD":0.186,"OPERATE_INCOME_QOQ_SQ":0,"NET_PROFIT_RATIO_SQ":35.1782162121,"HOLDER_PROFIT_SQ":147135000,"HOLDER_PROFIT_QOQ_SQ":0,"ROE_AVG_SQ":8.802522510342,"PE_TTM_SQ":3.97206435707,"PB_TTM_SQ":0.693362886249,"ROA_SQ":4.989380166964,"START_DATE":"2020-08-29 00:00:00","FISCAL_YEAR":"8-31","CURRENCY":"HKD","IS_CNY_CODE":0,"DPS_HKD_LY":0.104,"ORG_TYPE":"一般企业","PREMIUM_INCOME":null,"PREMIUM_INCOME_YOY":null,"NET_INTEREST_INCOME":null,"NET_INTEREST_INCOME_YOY":null,"FEE_COMMISSION_INCOME":null,"FEE_COMMISSION_INCOME_YOY":null,"ACCOUNTS_RECE_TDAYS":null,"INVENTORY_TDAYS":172.68058585229,"CURRENT_ASSETS_TDAYS":0.473281047872,"TOTAL_ASSETS_TDAYS":0.124319540848,"PREMIUM_EXPENSE":null,"LOAN_DEPOSIT":null,"LOAN_EQUITY":null,"LOAN_ASSETS":null,"DEPOSIT_EQUITY":null,"DEPOSIT_ASSETS":null,"EQUITY_MULTIPLIER":1.925792608136,"EQUITY_RATIO":1.111600585481},{"SECUCODE":"00382.HK","SECURITY_CODE":"00382","SECURITY_NAME_ABBR":"中汇集团","ORG_CODE":"10000001695","STD_REPORT_DATE":"2020-12-31 00:00:00","REPORT_DATE":"2020-08-31 00:00:00","DATE_TYPE_CODE":"001","REPORT_TYPE":"2020年年报","PER_NETCASH_OPERATE":0.299378806358,"PER_OI":0.785665608104,"BPS":1.557359205389,"BASIC_EPS":0.2866,"DILUTED_EPS":0.2862,"OPERATE_INCOME":800092000,"OPERATE_INCOME_YOY":13.6108622215,"GROSS_PROFIT":396244000,"GROSS_PROFIT_YOY":15.738312079028,"HOLDER_PROFIT":291487000,"HOLDER_PROFIT_YOY":34.4732932894,"GROSS_PROFIT_RATIO":49.524804647466,"EPS_TTM":0.286231222296,"OPERATE_INCOME_QOQ":0,"NET_PROFIT_RATIO":36.4316853562,"ROE_AVG":16.944022358969,"GROSS_PROFIT_QOQ":0,"ROA":8.759959639278,"HOLDER_PROFIT_QOQ":0,"ROE_YEARLY":16.944022358969,"ROIC_YEARLY":14.159903776369,"TOTAL_ASSETS":3528389000,"TOTAL_LIABILITIES":1693461000,"TAX_EBT":5.352144689418,"OCF_SALES":38.10511791144,"TOTAL_PARENT_EQUITY":1834928000,"DEBT_ASSET_RATIO":47.995303239,"OPERATE_PROFIT":324033000,"PRETAX_PROFIT":307970000,"NETCASH_OPERATE":304876000,"NETCASH_INVEST":-540672000,"NETCASH_FINANCE":77562000,"END_CASH":1185689000,"DIVI_RATIO":0.592203319541,"DIVIDEND_RATE":9.346733668342,"CURRENT_RATIO":1.222816125104,"COMMON_ACS":1500000000,"CURRENTDEBT_DEBT":64.495727979564,"ISSUED_COMMON_SHARES":1178230426,"HK_COMMON_SHARES":1178230426,"PER_SHARES":2000,"TOTAL_MARKET_CAP":2344678547.74,"HKSK_MARKET_CAP":2344678547.74,"PE_TTM":2.992479377037,"PB_TTM":0.526067381487,"REPORT_DATE_SQ":"2019-12-31 00:00:00","REPORT_TYPE_SQ":"2019年年报","OPERATE_INCOME_SQ":704239000,"DPS_HKD":0.186,"OPERATE_INCOME_QOQ_SQ":0,"NET_PROFIT_RATIO_SQ":31.5969436512,"HOLDER_PROFIT_SQ":216762000,"HOLDER_PROFIT_QOQ_SQ":0,"ROE_AVG_SQ":19.424136480273,"PE_TTM_SQ":3.97206435707,"PB_TTM_SQ":0.693362886249,"ROA_SQ":7.849725283878,"START_DATE":"2019-09-01 00:00:00","FISCAL_YEAR":"8-31","CURRENCY":"HKD","IS_CNY_CODE":0,"DPS_HKD_LY":0.059,"ORG_TYPE":"一般企业","PREMIUM_INCOME":null,"PREMIUM_INCOME_YOY":null,"NET_INTEREST_INCOME":null,"NET_INTEREST_INCOME_YOY":null,"FEE_COMMISSION_INCOME":null,"FEE_COMMISSION_INCOME_YOY":null,"ACCOUNTS_RECE_TDAYS":null,"INVENTORY_TDAYS":583.595375722543,"CURRENT_ASSETS_TDAYS":0.528054974762,"TOTAL_ASSETS_TDAYS":0.240448926632,"PREMIUM_EXPENSE":null,"LOAN_DEPOSIT":null,"LOAN_EQUITY":null,"LOAN_ASSETS":null,"DEPOSIT_EQUITY":null,"DEPOSIT_ASSETS":null,"EQUITY_MULTIPLIER":1.922903241982,"EQUITY_RATIO":0.92290324198}],"count":16},"success":true,"message":"ok","code":0}