{"version":"2fee3e38fbe042f4070545d1f89177af","result":{"pages":6,"data":[{"SECUCODE":"00385.HK","SECURITY_CODE":"00385","SECURITY_NAME_ABBR":"建联集团","ORG_CODE":"10008875","STD_REPORT_DATE":"2024-06-30 00:00:00","REPORT_DATE":"2024-06-30 00:00:00","DATE_TYPE_CODE":"002","REPORT_TYPE":"2024年中报","PER_NETCASH_OPERATE":-0.174461864647,"PER_OI":5.287565898525,"BPS":3.234688385392,"BASIC_EPS":0.03285648,"DILUTED_EPS":0.03285648,"OPERATE_INCOME":3145568960.92,"OPERATE_INCOME_YOY":35.7518281986,"GROSS_PROFIT":339990640.92,"GROSS_PROFIT_YOY":48.338223134238,"HOLDER_PROFIT":19639960.92,"HOLDER_PROFIT_YOY":136.014460009,"GROSS_PROFIT_RATIO":10.80855785214,"EPS_TTM":0.164817579118,"OPERATE_INCOME_QOQ":14.84704565321,"NET_PROFIT_RATIO":1.0327521769,"ROE_AVG":1.021249090289,"GROSS_PROFIT_QOQ":18.516401929221,"ROA":0.374293535953,"HOLDER_PROFIT_QOQ":320.441918624014,"ROE_YEARLY":2.042498180578,"ROIC_YEARLY":0.957529778747,"TOTAL_ASSETS":5407782330.24,"TOTAL_LIABILITIES":3313896358.68,"TAX_EBT":24.043447643029,"OCF_SALES":-3.299474049033,"TOTAL_PARENT_EQUITY":1924313678.28,"DEBT_ASSET_RATIO":61.2801358544,"OPERATE_PROFIT":67921645.6,"PRETAX_PROFIT":42769097.48,"NETCASH_OPERATE":-103787231.56,"NETCASH_INVEST":-36339266.88,"NETCASH_FINANCE":135971979.08,"END_CASH":972246060.2,"DIVI_RATIO":0.137458031608,"DIVIDEND_RATE":6.493506493506,"CURRENT_RATIO":1.33089353585,"COMMON_ACS":2500000000,"CURRENTDEBT_DEBT":96.446633402654,"ISSUED_COMMON_SHARES":594899245,"HK_COMMON_SHARES":594899245,"PER_SHARES":2000,"TOTAL_MARKET_CAP":229036209.325,"HKSK_MARKET_CAP":229036209.325,"PE_TTM":2.140445304148,"PB_TTM":0.108629258258,"REPORT_DATE_SQ":"2023-06-30 00:00:00","REPORT_TYPE_SQ":"2023年中报","OPERATE_INCOME_SQ":2340757859.24,"DPS_HKD":0.025,"OPERATE_INCOME_QOQ_SQ":-1.907153448292,"NET_PROFIT_RATIO_SQ":-1.9144191161,"HOLDER_PROFIT_SQ":-55089226.98,"HOLDER_PROFIT_QOQ_SQ":-655.564553791555,"ROE_AVG_SQ":-2.921635707218,"PE_TTM_SQ":-2.447332837237,"PB_TTM_SQ":0.091977278313,"ROA_SQ":-1.204630785332,"START_DATE":"2024-01-01 00:00:00","FISCAL_YEAR":"12-31","CURRENCY":"HKD","IS_CNY_CODE":0,"DPS_HKD_LY":0.025,"ORG_TYPE":"一般企业","PREMIUM_INCOME":null,"PREMIUM_INCOME_YOY":null,"NET_INTEREST_INCOME":null,"NET_INTEREST_INCOME_YOY":null,"FEE_COMMISSION_INCOME":null,"FEE_COMMISSION_INCOME_YOY":null,"ACCOUNTS_RECE_TDAYS":4.608366549313,"INVENTORY_TDAYS":19.761499148211,"CURRENT_ASSETS_TDAYS":0.769637225181,"TOTAL_ASSETS_TDAYS":0.599474781932,"PREMIUM_EXPENSE":null,"LOAN_DEPOSIT":null,"LOAN_EQUITY":null,"LOAN_ASSETS":null,"DEPOSIT_EQUITY":null,"DEPOSIT_ASSETS":null,"EQUITY_MULTIPLIER":2.582653689692,"EQUITY_RATIO":1.722118590168},{"SECUCODE":"00385.HK","SECURITY_CODE":"00385","SECURITY_NAME_ABBR":"建联集团","ORG_CODE":"10008875","STD_REPORT_DATE":"2023-12-31 00:00:00","REPORT_DATE":"2023-12-31 00:00:00","DATE_TYPE_CODE":"001","REPORT_TYPE":"2023年年报","PER_NETCASH_OPERATE":0.302463685796,"PER_OI":9.111932560614,"BPS":3.207846166623,"BASIC_EPS":0.03896746,"DILUTED_EPS":0.03896746,"OPERATE_INCOME":5420681800.8,"OPERATE_INCOME_YOY":1.4119350823,"GROSS_PROFIT":598339910.98,"GROSS_PROFIT_YOY":17.613454591833,"HOLDER_PROFIT":23320665.48,"HOLDER_PROFIT_YOY":352.3683436305,"GROSS_PROFIT_RATIO":11.038093231957,"EPS_TTM":0.039201033916,"OPERATE_INCOME_QOQ":4.882402321273,"NET_PROFIT_RATIO":0.9436709665,"ROE_AVG":1.228052510292,"GROSS_PROFIT_QOQ":25.439037938679,"ROA":0.494447694777,"HOLDER_PROFIT_QOQ":133.88552322074,"ROE_YEARLY":1.228052510292,"ROIC_YEARLY":0.625893288526,"TOTAL_ASSETS":5050630488.68,"TOTAL_LIABILITIES":2972803055.46,"TAX_EBT":25.805730809674,"OCF_SALES":3.319424104426,"TOTAL_PARENT_EQUITY":1908345262.6,"DEBT_ASSET_RATIO":58.8600386055,"OPERATE_PROFIT":103612663.7,"PRETAX_PROFIT":68945217.6,"NETCASH_OPERATE":179935418.32,"NETCASH_INVEST":-101981467.7,"NETCASH_FINANCE":203240678.06,"END_CASH":970560713.78,"DIVI_RATIO":0.577931185397,"DIVIDEND_RATE":6.849315068493,"CURRENT_RATIO":1.365171717454,"COMMON_ACS":2500000000,"CURRENTDEBT_DEBT":95.917106317653,"ISSUED_COMMON_SHARES":594899245,"HK_COMMON_SHARES":594899245,"PER_SHARES":2000,"TOTAL_MARKET_CAP":217138224.425,"HKSK_MARKET_CAP":217138224.425,"PE_TTM":2.029253340296,"PB_TTM":0.102986179907,"REPORT_DATE_SQ":"2022-12-31 00:00:00","REPORT_TYPE_SQ":"2022年年报","OPERATE_INCOME_SQ":5268827143.93,"DPS_HKD":0.025,"OPERATE_INCOME_QOQ_SQ":-4.223885607077,"NET_PROFIT_RATIO_SQ":0.2422029585,"HOLDER_PROFIT_SQ":-9108674.19,"HOLDER_PROFIT_QOQ_SQ":-114.983276375274,"ROE_AVG_SQ":-0.484892463672,"PE_TTM_SQ":-3.157848822241,"PB_TTM_SQ":0.118680359114,"ROA_SQ":-0.208711307458,"START_DATE":"2023-01-01 00:00:00","FISCAL_YEAR":"12-31","CURRENCY":"HKD","IS_CNY_CODE":0,"DPS_HKD_LY":0.025,"ORG_TYPE":"一般企业","PREMIUM_INCOME":null,"PREMIUM_INCOME_YOY":null,"NET_INTEREST_INCOME":null,"NET_INTEREST_INCOME_YOY":null,"FEE_COMMISSION_INCOME":null,"FEE_COMMISSION_INCOME_YOY":null,"ACCOUNTS_RECE_TDAYS":7.514816650429,"INVENTORY_TDAYS":34.223080435524,"CURRENT_ASSETS_TDAYS":1.524528688517,"TOTAL_ASSETS_TDAYS":1.149299801425,"PREMIUM_EXPENSE":null,"LOAN_DEPOSIT":null,"LOAN_EQUITY":null,"LOAN_ASSETS":null,"DEPOSIT_EQUITY":null,"DEPOSIT_ASSETS":null,"EQUITY_MULTIPLIER":2.430726636836,"EQUITY_RATIO":1.557790989776},{"SECUCODE":"00385.HK","SECURITY_CODE":"00385","SECURITY_NAME_ABBR":"建联集团","ORG_CODE":"10008875","STD_REPORT_DATE":"2023-06-30 00:00:00","REPORT_DATE":"2023-06-30 00:00:00","DATE_TYPE_CODE":"002","REPORT_TYPE":"2023年中报","PER_NETCASH_OPERATE":0.125673984004,"PER_OI":3.934713111361,"BPS":3.107439198481,"BASIC_EPS":-0.092198,"DILUTED_EPS":-0.092198,"OPERATE_INCOME":2340757859.24,"OPERATE_INCOME_YOY":-11.0621378677,"GROSS_PROFIT":229199618.1,"GROSS_PROFIT_YOY":-12.16294762221,"HOLDER_PROFIT":-55089226.98,"HOLDER_PROFIT_YOY":-1205.067505086,"GROSS_PROFIT_RATIO":9.791684227194,"EPS_TTM":-0.115686671446,"OPERATE_INCOME_QOQ":-1.907153448292,"NET_PROFIT_RATIO":-1.9144191161,"ROE_AVG":-2.921635707218,"GROSS_PROFIT_QOQ":-6.238554978931,"ROA":-1.204630785332,"HOLDER_PROFIT_QOQ":-655.564553791555,"ROE_YEARLY":-5.843271414437,"ROIC_YEARLY":-3.000515979677,"TOTAL_ASSETS":4687643197.56,"TOTAL_LIABILITIES":2686067950.62,"TAX_EBT":-19.690701339638,"OCF_SALES":3.193980868413,"TOTAL_PARENT_EQUITY":1848613233.06,"DEBT_ASSET_RATIO":57.301032468,"OPERATE_PROFIT":-23840558.84,"PRETAX_PROFIT":-37439763.84,"NETCASH_OPERATE":74763358.2,"NETCASH_INVEST":-69605802.08,"NETCASH_FINANCE":86734346.52,"END_CASH":792238974.4,"DIVI_RATIO":-0.195835006028,"DIVIDEND_RATE":6.666666666667,"CURRENT_RATIO":1.365290140904,"COMMON_ACS":2500000000,"CURRENTDEBT_DEBT":95.29479444588,"ISSUED_COMMON_SHARES":594899245,"HK_COMMON_SHARES":594899245,"PER_SHARES":2000,"TOTAL_MARKET_CAP":223087216.875,"HKSK_MARKET_CAP":223087216.875,"PE_TTM":2.084849322222,"PB_TTM":0.105807719082,"REPORT_DATE_SQ":"2022-06-30 00:00:00","REPORT_TYPE_SQ":"2022年中报","OPERATE_INCOME_SQ":2441242477.8,"DPS_HKD":0.025,"OPERATE_INCOME_QOQ_SQ":-1.049413268759,"NET_PROFIT_RATIO_SQ":0.506687405,"HOLDER_PROFIT_SQ":4624012.33,"HOLDER_PROFIT_QOQ_SQ":-3.908630741048,"ROE_AVG_SQ":0.255830832749,"PE_TTM_SQ":-2.605225278349,"PB_TTM_SQ":0.097911296269,"ROA_SQ":0.112389258023,"START_DATE":"2023-01-01 00:00:00","FISCAL_YEAR":"12-31","CURRENCY":"HKD","IS_CNY_CODE":0,"DPS_HKD_LY":0.025,"ORG_TYPE":"一般企业","PREMIUM_INCOME":null,"PREMIUM_INCOME_YOY":null,"NET_INTEREST_INCOME":null,"NET_INTEREST_INCOME_YOY":null,"FEE_COMMISSION_INCOME":null,"FEE_COMMISSION_INCOME_YOY":null,"ACCOUNTS_RECE_TDAYS":3.583150918285,"INVENTORY_TDAYS":13.639462102398,"CURRENT_ASSETS_TDAYS":0.691581911378,"TOTAL_ASSETS_TDAYS":0.511851251656,"PREMIUM_EXPENSE":null,"LOAN_DEPOSIT":null,"LOAN_EQUITY":null,"LOAN_ASSETS":null,"DEPOSIT_EQUITY":null,"DEPOSIT_ASSETS":null,"EQUITY_MULTIPLIER":2.341977002724,"EQUITY_RATIO":1.453017809558},{"SECUCODE":"00385.HK","SECURITY_CODE":"00385","SECURITY_NAME_ABBR":"建联集团","ORG_CODE":"10008875","STD_REPORT_DATE":"2022-12-31 00:00:00","REPORT_DATE":"2022-12-31 00:00:00","DATE_TYPE_CODE":"001","REPORT_TYPE":"2022年年报","PER_NETCASH_OPERATE":0.307451040924,"PER_OI":8.856671424974,"BPS":3.131022684219,"BASIC_EPS":-0.01518559,"DILUTED_EPS":-0.01518559,"OPERATE_INCOME":5268827143.93,"OPERATE_INCOME_YOY":-13.2571430924,"GROSS_PROFIT":508734237.13,"GROSS_PROFIT_YOY":-3.763034214509,"HOLDER_PROFIT":-9108674.19,"HOLDER_PROFIT_YOY":-113.1779940294,"GROSS_PROFIT_RATIO":9.655549958895,"EPS_TTM":-0.015311288872,"OPERATE_INCOME_QOQ":-4.223885607077,"NET_PROFIT_RATIO":0.2422029585,"ROE_AVG":-0.484892463672,"GROSS_PROFIT_QOQ":-6.472887333039,"ROA":-0.208711307458,"HOLDER_PROFIT_QOQ":-114.983276375274,"ROE_YEARLY":-0.484892463672,"ROIC_YEARLY":-0.253416789974,"TOTAL_ASSETS":4319760819.92,"TOTAL_LIABILITIES":2307601363.13,"TAX_EBT":61.139219846581,"OCF_SALES":3.471406199589,"TOTAL_PARENT_EQUITY":1862643030.92,"DEBT_ASSET_RATIO":53.4196558404,"OPERATE_PROFIT":49543434.01,"PRETAX_PROFIT":32838391.74,"NETCASH_OPERATE":182902392.12,"NETCASH_INVEST":-66256515.71,"NETCASH_FINANCE":-10286897.32,"END_CASH":679476544.74,"DIVI_RATIO":-1.479659889459,"DIVIDEND_RATE":6.849315068493,"CURRENT_RATIO":1.453316763802,"COMMON_ACS":2500000000,"CURRENTDEBT_DEBT":94.600899075956,"ISSUED_COMMON_SHARES":594899245,"HK_COMMON_SHARES":594899245,"PER_SHARES":2000,"TOTAL_MARKET_CAP":217138224.425,"HKSK_MARKET_CAP":217138224.425,"PE_TTM":2.029253340296,"PB_TTM":0.102986179907,"REPORT_DATE_SQ":"2021-12-31 00:00:00","REPORT_TYPE_SQ":"2021年年报","OPERATE_INCOME_SQ":5559533649.6,"DPS_HKD":0.025,"OPERATE_INCOME_QOQ_SQ":19.046676127828,"NET_PROFIT_RATIO_SQ":1.3878306502,"HOLDER_PROFIT_SQ":63265070.4,"HOLDER_PROFIT_QOQ_SQ":-0.83556821223,"ROE_AVG_SQ":3.753710159671,"PE_TTM_SQ":-3.157848822241,"PB_TTM_SQ":0.118680359114,"ROA_SQ":1.679262200172,"START_DATE":"2022-01-01 00:00:00","FISCAL_YEAR":"12-31","CURRENCY":"HKD","IS_CNY_CODE":0,"DPS_HKD_LY":0.0275,"ORG_TYPE":"一般企业","PREMIUM_INCOME":null,"PREMIUM_INCOME_YOY":null,"NET_INTEREST_INCOME":null,"NET_INTEREST_INCOME_YOY":null,"FEE_COMMISSION_INCOME":null,"FEE_COMMISSION_INCOME_YOY":null,"ACCOUNTS_RECE_TDAYS":7.150197745849,"INVENTORY_TDAYS":29.461532720201,"CURRENT_ASSETS_TDAYS":1.648952917124,"TOTAL_ASSETS_TDAYS":1.207270980429,"PREMIUM_EXPENSE":null,"LOAN_DEPOSIT":null,"LOAN_EQUITY":null,"LOAN_ASSETS":null,"DEPOSIT_EQUITY":null,"DEPOSIT_ASSETS":null,"EQUITY_MULTIPLIER":2.146828277124,"EQUITY_RATIO":1.23888545729},{"SECUCODE":"00385.HK","SECURITY_CODE":"00385","SECURITY_NAME_ABBR":"建联集团","ORG_CODE":"10008875","STD_REPORT_DATE":"2022-06-30 00:00:00","REPORT_DATE":"2022-06-30 00:00:00","DATE_TYPE_CODE":"002","REPORT_TYPE":"2022年中报","PER_NETCASH_OPERATE":-0.082155270679,"PER_OI":4.103623425846,"BPS":3.027924143911,"BASIC_EPS":0.00769671,"DILUTED_EPS":0.00769671,"OPERATE_INCOME":2441242477.8,"OPERATE_INCOME_YOY":-4.9733357301,"GROSS_PROFIT":260937283.18,"GROSS_PROFIT_YOY":6.235797670215,"HOLDER_PROFIT":4624012.33,"HOLDER_PROFIT_YOY":-36.6045257357,"GROSS_PROFIT_RATIO":10.688708129278,"EPS_TTM":0.102189190726,"OPERATE_INCOME_QOQ":-1.049413268759,"NET_PROFIT_RATIO":0.506687405,"ROE_AVG":0.255830832749,"GROSS_PROFIT_QOQ":2.897398456188,"ROA":0.112389258023,"HOLDER_PROFIT_QOQ":-3.908630741048,"ROE_YEARLY":0.511661665498,"ROIC_YEARLY":0.267693775055,"TOTAL_ASSETS":4007779519.8,"TOTAL_LIABILITIES":2078003090.87,"TAX_EBT":55.16984874783,"OCF_SALES":-2.002017781701,"TOTAL_PARENT_EQUITY":1801309787.13,"DEBT_ASSET_RATIO":51.8492367308,"OPERATE_PROFIT":34259766.59,"PRETAX_PROFIT":27591850.16,"NETCASH_OPERATE":-48874108.5,"NETCASH_INVEST":-28816482.24,"NETCASH_FINANCE":31666830.51,"END_CASH":510187539.82,"DIVI_RATIO":0.221701530652,"DIVIDEND_RATE":6.666666666667,"CURRENT_RATIO":1.495971279004,"COMMON_ACS":2500000000,"CURRENTDEBT_DEBT":93.081407958358,"ISSUED_COMMON_SHARES":594899245,"HK_COMMON_SHARES":594899245,"PER_SHARES":2000,"TOTAL_MARKET_CAP":223087216.875,"HKSK_MARKET_CAP":223087216.875,"PE_TTM":2.084849322222,"PB_TTM":0.105807719082,"REPORT_DATE_SQ":"2021-06-30 00:00:00","REPORT_TYPE_SQ":"2021年中报","OPERATE_INCOME_SQ":2499584961.6,"DPS_HKD":0.025,"OPERATE_INCOME_QOQ_SQ":12.283848622964,"NET_PROFIT_RATIO_SQ":0.5776592699,"HOLDER_PROFIT_SQ":7096810.32,"HOLDER_PROFIT_QOQ_SQ":-38.910592187642,"ROE_AVG_SQ":0.427300327652,"PE_TTM_SQ":-2.605225278349,"PB_TTM_SQ":0.097911296269,"ROA_SQ":0.195918221084,"START_DATE":"2022-01-01 00:00:00","FISCAL_YEAR":"12-31","CURRENCY":"HKD","IS_CNY_CODE":0,"DPS_HKD_LY":0.0275,"ORG_TYPE":"一般企业","PREMIUM_INCOME":null,"PREMIUM_INCOME_YOY":null,"NET_INTEREST_INCOME":null,"NET_INTEREST_INCOME_YOY":null,"FEE_COMMISSION_INCOME":null,"FEE_COMMISSION_INCOME_YOY":null,"ACCOUNTS_RECE_TDAYS":3.847896854549,"INVENTORY_TDAYS":12.756228016191,"CURRENT_ASSETS_TDAYS":0.817250021329,"TOTAL_ASSETS_TDAYS":0.59335791333,"PREMIUM_EXPENSE":null,"LOAN_DEPOSIT":null,"LOAN_EQUITY":null,"LOAN_ASSETS":null,"DEPOSIT_EQUITY":null,"DEPOSIT_ASSETS":null,"EQUITY_MULTIPLIER":2.07681027694,"EQUITY_RATIO":1.15360672868},{"SECUCODE":"00385.HK","SECURITY_CODE":"00385","SECURITY_NAME_ABBR":"建联集团","ORG_CODE":"10008875","STD_REPORT_DATE":"2021-12-31 00:00:00","REPORT_DATE":"2021-12-31 00:00:00","DATE_TYPE_CODE":"001","REPORT_TYPE":"2021年年报","PER_NETCASH_OPERATE":0.347094935715,"PER_OI":9.345336536105,"BPS":2.914564223392,"BASIC_EPS":0.106288,"DILUTED_EPS":0.106288,"OPERATE_INCOME":5559533649.6,"OPERATE_INCOME_YOY":37.6005117255,"GROSS_PROFIT":528626638.4,"GROSS_PROFIT_YOY":12.207223356847,"HOLDER_PROFIT":63265070.4,"HOLDER_PROFIT_YOY":-37.6398246349,"GROSS_PROFIT_RATIO":9.508470884748,"EPS_TTM":0.106345857608,"OPERATE_INCOME_QOQ":19.046676127828,"NET_PROFIT_RATIO":1.3878306502,"ROE_AVG":3.753710159671,"GROSS_PROFIT_QOQ":20.834613607479,"ROA":1.679262200172,"HOLDER_PROFIT_QOQ":-0.83556821223,"ROE_YEARLY":3.753710159671,"ROIC_YEARLY":1.965928629364,"TOTAL_ASSETS":4035261529.6,"TOTAL_LIABILITIES":2181284033.6,"TAX_EBT":27.01808114086,"OCF_SALES":3.714097768162,"TOTAL_PARENT_EQUITY":1733872056,"DEBT_ASSET_RATIO":54.0555802294,"OPERATE_PROFIT":118720425.6,"PRETAX_PROFIT":105720585.6,"NETCASH_OPERATE":206486515.2,"NETCASH_INVEST":-95108137.6,"NETCASH_FINANCE":78823998.4,"END_CASH":530489131.2,"DIVI_RATIO":0.213036036471,"DIVIDEND_RATE":6.849315068493,"CURRENT_RATIO":1.455895600654,"COMMON_ACS":2500000000,"CURRENTDEBT_DEBT":92.744660522784,"ISSUED_COMMON_SHARES":594899245,"HK_COMMON_SHARES":594899245,"PER_SHARES":2000,"TOTAL_MARKET_CAP":217138224.425,"HKSK_MARKET_CAP":217138224.425,"PE_TTM":2.029253340296,"PB_TTM":0.102986179907,"REPORT_DATE_SQ":"2020-12-31 00:00:00","REPORT_TYPE_SQ":"2020年年报","OPERATE_INCOME_SQ":4159142487.68,"DPS_HKD":0.025,"OPERATE_INCOME_QOQ_SQ":-7.699279716868,"NET_PROFIT_RATIO_SQ":2.9089716276,"HOLDER_PROFIT_SQ":104434057.76,"HOLDER_PROFIT_QOQ_SQ":15.397497625444,"ROE_AVG_SQ":6.313738629925,"PE_TTM_SQ":-3.157848822241,"PB_TTM_SQ":0.118680359114,"ROA_SQ":3.013576931045,"START_DATE":"2021-01-01 00:00:00","FISCAL_YEAR":"12-31","CURRENCY":"HKD","IS_CNY_CODE":0,"DPS_HKD_LY":0.04,"ORG_TYPE":"一般企业","PREMIUM_INCOME":null,"PREMIUM_INCOME_YOY":null,"NET_INTEREST_INCOME":null,"NET_INTEREST_INCOME_YOY":null,"FEE_COMMISSION_INCOME":null,"FEE_COMMISSION_INCOME_YOY":null,"ACCOUNTS_RECE_TDAYS":8.163800156917,"INVENTORY_TDAYS":31.70354608102,"CURRENT_ASSETS_TDAYS":2.046807813834,"TOTAL_ASSETS_TDAYS":1.475682339296,"PREMIUM_EXPENSE":null,"LOAN_DEPOSIT":null,"LOAN_EQUITY":null,"LOAN_ASSETS":null,"DEPOSIT_EQUITY":null,"DEPOSIT_ASSETS":null,"EQUITY_MULTIPLIER":2.176542885933,"EQUITY_RATIO":1.258042094889},{"SECUCODE":"00385.HK","SECURITY_CODE":"00385","SECURITY_NAME_ABBR":"建联集团","ORG_CODE":"10008875","STD_REPORT_DATE":"2021-06-30 00:00:00","REPORT_DATE":"2021-06-30 00:00:00","DATE_TYPE_CODE":"002","REPORT_TYPE":"2021年中报","PER_NETCASH_OPERATE":0.16614486522,"PER_OI":4.201694627466,"BPS":2.783288053963,"BASIC_EPS":0.01164912,"DILUTED_EPS":0.01164912,"OPERATE_INCOME":2499584961.6,"OPERATE_INCOME_YOY":37.9804192207,"GROSS_PROFIT":245620863.12,"GROSS_PROFIT_YOY":-12.045116840283,"HOLDER_PROFIT":7096810.32,"HOLDER_PROFIT_YOY":-83.6784292713,"GROSS_PROFIT_RATIO":9.826465869069,"EPS_TTM":0.107241937145,"OPERATE_INCOME_QOQ":12.283848622964,"NET_PROFIT_RATIO":0.5776592699,"ROE_AVG":0.427300327652,"GROSS_PROFIT_QOQ":-7.139833523743,"ROA":0.195918221084,"HOLDER_PROFIT_QOQ":-38.910592187642,"ROE_YEARLY":0.854600655304,"ROIC_YEARLY":0.457272081714,"TOTAL_ASSETS":3683083132.56,"TOTAL_LIABILITIES":1916388410.4,"TAX_EBT":48.496720387024,"OCF_SALES":3.95423465889,"TOTAL_PARENT_EQUITY":1655775961.92,"DEBT_ASSET_RATIO":52.0321790583,"OPERATE_PROFIT":34364904,"PRETAX_PROFIT":28035271.44,"NETCASH_OPERATE":98839454.88,"NETCASH_INVEST":-45089583.12,"NETCASH_FINANCE":56002312.32,"END_CASH":457313664.24,"DIVI_RATIO":0.21125597507,"DIVIDEND_RATE":6.666666666667,"CURRENT_RATIO":1.519311830956,"COMMON_ACS":2500000000,"CURRENTDEBT_DEBT":90.913061789825,"ISSUED_COMMON_SHARES":594899245,"HK_COMMON_SHARES":594899245,"PER_SHARES":2000,"TOTAL_MARKET_CAP":223087216.875,"HKSK_MARKET_CAP":223087216.875,"PE_TTM":2.084849322222,"PB_TTM":0.105807719082,"REPORT_DATE_SQ":"2020-06-30 00:00:00","REPORT_TYPE_SQ":"2020年中报","OPERATE_INCOME_SQ":1988682194.4,"DPS_HKD":0.025,"OPERATE_INCOME_QOQ_SQ":-3.625189718271,"NET_PROFIT_RATIO_SQ":2.783015293,"HOLDER_PROFIT_SQ":47732720.64,"HOLDER_PROFIT_QOQ_SQ":-22.868910405121,"ROE_AVG_SQ":2.691523010781,"PE_TTM_SQ":-2.605225278349,"PB_TTM_SQ":0.097911296269,"ROA_SQ":1.363182693507,"START_DATE":"2021-01-01 00:00:00","FISCAL_YEAR":"12-31","CURRENCY":"HKD","IS_CNY_CODE":0,"DPS_HKD_LY":0.04,"ORG_TYPE":"一般企业","PREMIUM_INCOME":null,"PREMIUM_INCOME_YOY":null,"NET_INTEREST_INCOME":null,"NET_INTEREST_INCOME_YOY":null,"FEE_COMMISSION_INCOME":null,"FEE_COMMISSION_INCOME_YOY":null,"ACCOUNTS_RECE_TDAYS":4.147480325832,"INVENTORY_TDAYS":15.751535856023,"CURRENT_ASSETS_TDAYS":0.965436231096,"TOTAL_ASSETS_TDAYS":0.69004836968,"PREMIUM_EXPENSE":null,"LOAN_DEPOSIT":null,"LOAN_EQUITY":null,"LOAN_ASSETS":null,"DEPOSIT_EQUITY":null,"DEPOSIT_ASSETS":null,"EQUITY_MULTIPLIER":2.084730930795,"EQUITY_RATIO":1.157395960851},{"SECUCODE":"00385.HK","SECURITY_CODE":"00385","SECURITY_NAME_ABBR":"建联集团","ORG_CODE":"10008875","STD_REPORT_DATE":"2020-12-31 00:00:00","REPORT_DATE":"2020-12-31 00:00:00","DATE_TYPE_CODE":"001","REPORT_TYPE":"2020年年报","PER_NETCASH_OPERATE":-0.230037240541,"PER_OI":6.991339327855,"BPS":2.832514790366,"BASIC_EPS":0.17590276,"DILUTED_EPS":0.17590276,"OPERATE_INCOME":4159142487.68,"OPERATE_INCOME_YOY":-5.3231891813,"GROSS_PROFIT":471116406.4,"GROSS_PROFIT_YOY":-14.391684288407,"HOLDER_PROFIT":104434057.76,"HOLDER_PROFIT_YOY":-5.26709573,"GROSS_PROFIT_RATIO":11.327248532492,"EPS_TTM":0.175549151621,"OPERATE_INCOME_QOQ":-7.699279716868,"NET_PROFIT_RATIO":2.9089716276,"ROE_AVG":6.313738629925,"GROSS_PROFIT_QOQ":-19.558202871232,"ROA":3.013576931045,"HOLDER_PROFIT_QOQ":15.397497625444,"ROE_YEARLY":6.313738629925,"ROIC_YEARLY":3.58840982148,"TOTAL_ASSETS":3602502832.68,"TOTAL_LIABILITIES":1807846086.56,"TAX_EBT":13.558027660854,"OCF_SALES":-3.290317201812,"TOTAL_PARENT_EQUITY":1685060910.24,"DEBT_ASSET_RATIO":50.1830580162,"OPERATE_PROFIT":150472607.4,"PRETAX_PROFIT":139964732,"NETCASH_OPERATE":-136848980.72,"NETCASH_INVEST":-121009315.92,"NETCASH_FINANCE":69415942.28,"END_CASH":351699473.36,"DIVI_RATIO":0.129055024138,"DIVIDEND_RATE":6.849315068493,"CURRENT_RATIO":1.587614650649,"COMMON_ACS":2500000000,"CURRENTDEBT_DEBT":89.200858098961,"ISSUED_COMMON_SHARES":594899245,"HK_COMMON_SHARES":594899245,"PER_SHARES":2000,"TOTAL_MARKET_CAP":217138224.425,"HKSK_MARKET_CAP":217138224.425,"PE_TTM":2.029253340296,"PB_TTM":0.102986179907,"REPORT_DATE_SQ":"2019-12-31 00:00:00","REPORT_TYPE_SQ":"2019年年报","OPERATE_INCOME_SQ":4675576561.02,"DPS_HKD":0.025,"OPERATE_INCOME_QOQ_SQ":-8.742705420123,"NET_PROFIT_RATIO_SQ":2.7546196911,"HOLDER_PROFIT_SQ":117331951.74,"HOLDER_PROFIT_QOQ_SQ":-34.370985631129,"ROE_AVG_SQ":6.963935953247,"PE_TTM_SQ":-3.157848822241,"PB_TTM_SQ":0.118680359114,"ROA_SQ":3.441021963794,"START_DATE":"2020-01-01 00:00:00","FISCAL_YEAR":"12-31","CURRENCY":"HKD","IS_CNY_CODE":0,"DPS_HKD_LY":0.04,"ORG_TYPE":"一般企业","PREMIUM_INCOME":null,"PREMIUM_INCOME_YOY":null,"NET_INTEREST_INCOME":null,"NET_INTEREST_INCOME_YOY":null,"FEE_COMMISSION_INCOME":null,"FEE_COMMISSION_INCOME_YOY":null,"ACCOUNTS_RECE_TDAYS":6.331688604218,"INVENTORY_TDAYS":33.781382261111,"CURRENT_ASSETS_TDAYS":1.633536319708,"TOTAL_ASSETS_TDAYS":1.200173211942,"PREMIUM_EXPENSE":null,"LOAN_DEPOSIT":null,"LOAN_EQUITY":null,"LOAN_ASSETS":null,"DEPOSIT_EQUITY":null,"DEPOSIT_ASSETS":null,"EQUITY_MULTIPLIER":2.007349227348,"EQUITY_RATIO":1.072866906813},{"SECUCODE":"00385.HK","SECURITY_CODE":"00385","SECURITY_NAME_ABBR":"建联集团","ORG_CODE":"10008875","STD_REPORT_DATE":"2020-06-30 00:00:00","REPORT_DATE":"2020-06-30 00:00:00","DATE_TYPE_CODE":"002","REPORT_TYPE":"2020年中报","PER_NETCASH_OPERATE":-0.046800616128,"PER_OI":3.342889087714,"BPS":3.001072619213,"BASIC_EPS":0.08038272,"DILUTED_EPS":0.08038272,"OPERATE_INCOME":1988682194.4,"OPERATE_INCOME_YOY":-11.261436049,"GROSS_PROFIT":279257790.24,"GROSS_PROFIT_YOY":-10.653881782133,"HOLDER_PROFIT":47732720.64,"HOLDER_PROFIT_YOY":-38.3526413892,"GROSS_PROFIT_RATIO":15.142055958863,"EPS_TTM":0.152125613842,"OPERATE_INCOME_QOQ":-3.625189718271,"NET_PROFIT_RATIO":2.783015293,"ROE_AVG":2.691523010781,"GROSS_PROFIT_QOQ":-1.91426425857,"ROA":1.363182693507,"HOLDER_PROFIT_QOQ":-22.868910405121,"ROE_YEARLY":5.383046021562,"ROIC_YEARLY":3.367058580576,"TOTAL_ASSETS":3390783364.32,"TOTAL_LIABILITIES":1490486537.76,"TAX_EBT":22.086773139933,"OCF_SALES":-1.400005052512,"TOTAL_PARENT_EQUITY":1785335835.36,"DEBT_ASSET_RATIO":43.9569968829,"OPERATE_PROFIT":77733744,"PRETAX_PROFIT":71034575.04,"NETCASH_OPERATE":-27841651.2,"NETCASH_INVEST":-21824821.92,"NETCASH_FINANCE":-23332911.36,"END_CASH":513272897.28,"DIVI_RATIO":0.148926268416,"DIVIDEND_RATE":6.666666666667,"CURRENT_RATIO":1.813588106958,"COMMON_ACS":2500000000,"CURRENTDEBT_DEBT":90.647221444247,"ISSUED_COMMON_SHARES":594899245,"HK_COMMON_SHARES":594899245,"PER_SHARES":2000,"TOTAL_MARKET_CAP":223087216.875,"HKSK_MARKET_CAP":223087216.875,"PE_TTM":2.084849322222,"PB_TTM":0.105807719082,"REPORT_DATE_SQ":"2019-06-30 00:00:00","REPORT_TYPE_SQ":"2019年中报","OPERATE_INCOME_SQ":2158180715.16,"DPS_HKD":0.025,"OPERATE_INCOME_QOQ_SQ":-3.315674770843,"NET_PROFIT_RATIO_SQ":3.7382011929,"HOLDER_PROFIT_SQ":74565259.56,"HOLDER_PROFIT_QOQ_SQ":4.17317303063,"ROE_AVG_SQ":4.562503515425,"PE_TTM_SQ":-2.605225278349,"PB_TTM_SQ":0.097911296269,"ROA_SQ":2.310263045003,"START_DATE":"2020-01-01 00:00:00","FISCAL_YEAR":"12-31","CURRENCY":"HKD","IS_CNY_CODE":0,"DPS_HKD_LY":0.04,"ORG_TYPE":"一般企业","PREMIUM_INCOME":null,"PREMIUM_INCOME_YOY":null,"NET_INTEREST_INCOME":null,"NET_INTEREST_INCOME_YOY":null,"FEE_COMMISSION_INCOME":null,"FEE_COMMISSION_INCOME_YOY":null,"ACCOUNTS_RECE_TDAYS":3.405865798123,"INVENTORY_TDAYS":24.053745801109,"CURRENT_ASSETS_TDAYS":0.765128135201,"TOTAL_ASSETS_TDAYS":0.567941050488,"PREMIUM_EXPENSE":null,"LOAN_DEPOSIT":null,"LOAN_EQUITY":null,"LOAN_ASSETS":null,"DEPOSIT_EQUITY":null,"DEPOSIT_ASSETS":null,"EQUITY_MULTIPLIER":1.784344065058,"EQUITY_RATIO":0.834849392613}],"count":48},"success":true,"message":"ok","code":0}