{"version":"d19932943efa807dfaac84630d08b32b","result":{"pages":5,"data":[{"SECUCODE":"00387.HK","SECURITY_CODE":"00387","SECURITY_NAME_ABBR":"力丰(集团)","ORG_CODE":"10008876","STD_REPORT_DATE":"2024-06-30 00:00:00","REPORT_DATE":"2024-06-30 00:00:00","DATE_TYPE_CODE":"002","REPORT_TYPE":"2024年中报","PER_NETCASH_OPERATE":0.185109650912,"PER_OI":1.012537572553,"BPS":1.898064155844,"BASIC_EPS":0.033404088,"DILUTED_EPS":null,"OPERATE_INCOME":232960657.32,"OPERATE_INCOME_YOY":-37.6848709748,"GROSS_PROFIT":61374079.28,"GROSS_PROFIT_YOY":-1.94339049862,"HOLDER_PROFIT":7693892.4,"HOLDER_PROFIT_YOY":53.384279476,"GROSS_PROFIT_RATIO":26.345255025485,"EPS_TTM":0.055877615291,"OPERATE_INCOME_QOQ":-22.758818938343,"NET_PROFIT_RATIO":3.3018738565,"ROE_AVG":1.754168751866,"GROSS_PROFIT_QOQ":-0.844901969974,"ROA":1.058156560728,"HOLDER_PROFIT_QOQ":25.67782473067,"ROE_YEARLY":3.508337503733,"ROIC_YEARLY":2.189522240014,"TOTAL_ASSETS":705094584.72,"TOTAL_LIABILITIES":272519859.24,"TAX_EBT":4.541850719221,"OCF_SALES":18.281756245862,"TOTAL_PARENT_EQUITY":436699126.4,"DEBT_ASSET_RATIO":38.6501137785,"OPERATE_PROFIT":17459568.4,"PRETAX_PROFIT":8058051.72,"NETCASH_OPERATE":42589299.52,"NETCASH_INVEST":-1254022.32,"NETCASH_FINANCE":-38255894.88,"END_CASH":29676702.88,"DIVI_RATIO":1.057634612585,"DIVIDEND_RATE":11.206896551724,"CURRENT_RATIO":1.350776586594,"COMMON_ACS":1000000000,"CURRENTDEBT_DEBT":89.937473416992,"ISSUED_COMMON_SHARES":230076062,"HK_COMMON_SHARES":230076062,"PER_SHARES":4000,"TOTAL_MARKET_CAP":133444115.96,"HKSK_MARKET_CAP":133444115.96,"PE_TTM":9.382936011813,"PB_TTM":0.278891732068,"REPORT_DATE_SQ":"2023-06-30 00:00:00","REPORT_TYPE_SQ":"2023年中报","OPERATE_INCOME_SQ":377652227.8,"DPS_HKD":0.065,"OPERATE_INCOME_QOQ_SQ":10.205215534883,"NET_PROFIT_RATIO_SQ":1.3395669051,"HOLDER_PROFIT_SQ":5067202.08,"HOLDER_PROFIT_QOQ_SQ":133.65696472902,"ROE_AVG_SQ":1.159164751774,"PE_TTM_SQ":6.725645178727,"PB_TTM_SQ":0.27710284563,"ROA_SQ":0.59082988163,"START_DATE":"2024-01-01 00:00:00","FISCAL_YEAR":"12-31","CURRENCY":"HKD","IS_CNY_CODE":0,"DPS_HKD_LY":0.065,"ORG_TYPE":"一般企业","PREMIUM_INCOME":null,"PREMIUM_INCOME_YOY":null,"NET_INTEREST_INCOME":null,"NET_INTEREST_INCOME_YOY":null,"FEE_COMMISSION_INCOME":null,"FEE_COMMISSION_INCOME_YOY":null,"ACCOUNTS_RECE_TDAYS":1.34460116155,"INVENTORY_TDAYS":2.463561493052,"CURRENT_ASSETS_TDAYS":0.709852174965,"TOTAL_ASSETS_TDAYS":0.320395496998,"PREMIUM_EXPENSE":null,"LOAN_DEPOSIT":null,"LOAN_EQUITY":null,"LOAN_ASSETS":null,"DEPOSIT_EQUITY":null,"DEPOSIT_ASSETS":null,"EQUITY_MULTIPLIER":1.629994872997,"EQUITY_RATIO":0.624044892159},{"SECUCODE":"00387.HK","SECURITY_CODE":"00387","SECURITY_NAME_ABBR":"力丰(集团)","ORG_CODE":"10008876","STD_REPORT_DATE":"2023-12-31 00:00:00","REPORT_DATE":"2023-12-31 00:00:00","DATE_TYPE_CODE":"001","REPORT_TYPE":"2023年年报","PER_NETCASH_OPERATE":0.339905275934,"PER_OI":2.763262061744,"BPS":1.901089731708,"BASIC_EPS":0.044495402,"DILUTED_EPS":null,"OPERATE_INCOME":635760453.44,"OPERATE_INCOME_YOY":-19.7319026877,"GROSS_PROFIT":143966640.3,"GROSS_PROFIT_YOY":20.992540070229,"HOLDER_PROFIT":10229411.36,"HOLDER_PROFIT_YOY":35.7220151497,"GROSS_PROFIT_RATIO":22.644793258376,"EPS_TTM":0.04446099812,"OPERATE_INCOME_QOQ":-26.108971050717,"NET_PROFIT_RATIO":1.6754281935,"ROE_AVG":2.357407937247,"GROSS_PROFIT_QOQ":2.358118106498,"ROA":1.241592467731,"HOLDER_PROFIT_QOQ":-41.071896744953,"ROE_YEARLY":2.357407937247,"ROIC_YEARLY":1.301430155064,"TOTAL_ASSETS":743809970.26,"TOTAL_LIABILITIES":310508127.02,"TAX_EBT":14.009803204331,"OCF_SALES":12.300870070929,"TOTAL_PARENT_EQUITY":437395238.98,"DEBT_ASSET_RATIO":41.7456258231,"OPERATE_PROFIT":38247921.32,"PRETAX_PROFIT":12387121.18,"NETCASH_OPERATE":78204067.34,"NETCASH_INVEST":-39664343.18,"NETCASH_FINANCE":-67971937.32,"END_CASH":27000824.9,"DIVI_RATIO":1.329212174696,"DIVIDEND_RATE":10.833333333333,"CURRENT_RATIO":1.140919101642,"COMMON_ACS":1000000000,"CURRENTDEBT_DEBT":91.171809561611,"ISSUED_COMMON_SHARES":230076062,"HK_COMMON_SHARES":230076062,"PER_SHARES":4000,"TOTAL_MARKET_CAP":138045637.2,"HKSK_MARKET_CAP":138045637.2,"PE_TTM":9.706485529461,"PB_TTM":0.288508688346,"REPORT_DATE_SQ":"2022-12-31 00:00:00","REPORT_TYPE_SQ":"2022年年报","OPERATE_INCOME_SQ":780727805.97,"DPS_HKD":0.065,"OPERATE_INCOME_QOQ_SQ":33.069073553175,"NET_PROFIT_RATIO_SQ":0.9368303145,"HOLDER_PROFIT_SQ":7429326.59,"HOLDER_PROFIT_QOQ_SQ":163.070751006339,"ROE_AVG_SQ":1.756377347653,"PE_TTM_SQ":7.905582929381,"PB_TTM_SQ":0.325717379951,"ROA_SQ":0.883447964522,"START_DATE":"2023-01-01 00:00:00","FISCAL_YEAR":"12-31","CURRENCY":"HKD","IS_CNY_CODE":0,"DPS_HKD_LY":0.02,"ORG_TYPE":"一般企业","PREMIUM_INCOME":null,"PREMIUM_INCOME_YOY":null,"NET_INTEREST_INCOME":null,"NET_INTEREST_INCOME_YOY":null,"FEE_COMMISSION_INCOME":null,"FEE_COMMISSION_INCOME_YOY":null,"ACCOUNTS_RECE_TDAYS":2.963536210334,"INVENTORY_TDAYS":6.270249972559,"CURRENT_ASSETS_TDAYS":1.59266633219,"TOTAL_ASSETS_TDAYS":0.771652798478,"PREMIUM_EXPENSE":null,"LOAN_DEPOSIT":null,"LOAN_EQUITY":null,"LOAN_ASSETS":null,"DEPOSIT_EQUITY":null,"DEPOSIT_ASSETS":null,"EQUITY_MULTIPLIER":1.716609291799,"EQUITY_RATIO":0.709902850667},{"SECUCODE":"00387.HK","SECURITY_CODE":"00387","SECURITY_NAME_ABBR":"力丰(集团)","ORG_CODE":"10008876","STD_REPORT_DATE":"2023-06-30 00:00:00","REPORT_DATE":"2023-06-30 00:00:00","DATE_TYPE_CODE":"002","REPORT_TYPE":"2023年中报","PER_NETCASH_OPERATE":0.081708509945,"PER_OI":1.641423381977,"BPS":1.896511018517,"BASIC_EPS":0.022035322,"DILUTED_EPS":null,"OPERATE_INCOME":377652227.8,"OPERATE_INCOME_YOY":17.5574140296,"GROSS_PROFIT":62590456.26,"GROSS_PROFIT_YOY":52.926195259784,"HOLDER_PROFIT":5067202.08,"HOLDER_PROFIT_YOY":196.6584593739,"GROSS_PROFIT_RATIO":16.573569981202,"EPS_TTM":0.075449565935,"OPERATE_INCOME_QOQ":10.205215534883,"NET_PROFIT_RATIO":1.3395669051,"ROE_AVG":1.159164751774,"GROSS_PROFIT_QOQ":18.205123646708,"ROA":0.59082988163,"HOLDER_PROFIT_QOQ":133.65696472902,"ROE_YEARLY":2.318329503548,"ROIC_YEARLY":1.225823935015,"TOTAL_ASSETS":795582995.86,"TOTAL_LIABILITIES":363764443.06,"TAX_EBT":4.855210681464,"OCF_SALES":4.977905812846,"TOTAL_PARENT_EQUITY":436341786.68,"DEBT_ASSET_RATIO":45.7230037536,"OPERATE_PROFIT":9448451.04,"PRETAX_PROFIT":5317058.66,"NETCASH_OPERATE":18799172.2,"NETCASH_INVEST":3390120.46,"NETCASH_FINANCE":-65879158.92,"END_CASH":12547225.82,"DIVI_RATIO":0.783279522783,"DIVIDEND_RATE":10.833333333333,"CURRENT_RATIO":1.087090079555,"COMMON_ACS":1000000000,"CURRENTDEBT_DEBT":92.328163691525,"ISSUED_COMMON_SHARES":230076062,"HK_COMMON_SHARES":230076062,"PER_SHARES":4000,"TOTAL_MARKET_CAP":138045637.2,"HKSK_MARKET_CAP":138045637.2,"PE_TTM":9.706485529461,"PB_TTM":0.288508688346,"REPORT_DATE_SQ":"2022-06-30 00:00:00","REPORT_TYPE_SQ":"2022年中报","OPERATE_INCOME_SQ":297977272.46,"DPS_HKD":0.065,"OPERATE_INCOME_QOQ_SQ":1.391261347856,"NET_PROFIT_RATIO_SQ":-1.6657387052,"HOLDER_PROFIT_SQ":-4862610.34,"HOLDER_PROFIT_QOQ_SQ":63.043216422674,"ROE_AVG_SQ":-1.284717711187,"PE_TTM_SQ":7.905582929381,"PB_TTM_SQ":0.325717379951,"ROA_SQ":-0.614540928955,"START_DATE":"2023-01-01 00:00:00","FISCAL_YEAR":"12-31","CURRENCY":"HKD","IS_CNY_CODE":0,"DPS_HKD_LY":0.02,"ORG_TYPE":"一般企业","PREMIUM_INCOME":null,"PREMIUM_INCOME_YOY":null,"NET_INTEREST_INCOME":null,"NET_INTEREST_INCOME_YOY":null,"FEE_COMMISSION_INCOME":null,"FEE_COMMISSION_INCOME_YOY":null,"ACCOUNTS_RECE_TDAYS":1.727922177905,"INVENTORY_TDAYS":3.081208776842,"CURRENT_ASSETS_TDAYS":0.889908067528,"TOTAL_ASSETS_TDAYS":0.440338114655,"PREMIUM_EXPENSE":null,"LOAN_DEPOSIT":null,"LOAN_EQUITY":null,"LOAN_ASSETS":null,"DEPOSIT_EQUITY":null,"DEPOSIT_ASSETS":null,"EQUITY_MULTIPLIER":1.842401144419,"EQUITY_RATIO":0.833668592293},{"SECUCODE":"00387.HK","SECURITY_CODE":"00387","SECURITY_NAME_ABBR":"力丰(集团)","ORG_CODE":"10008876","STD_REPORT_DATE":"2022-12-31 00:00:00","REPORT_DATE":"2022-12-31 00:00:00","DATE_TYPE_CODE":"001","REPORT_TYPE":"2022年年报","PER_NETCASH_OPERATE":-0.439366842171,"PER_OI":3.393346527158,"BPS":1.844198506014,"BASIC_EPS":0.032247047,"DILUTED_EPS":null,"OPERATE_INCOME":780727805.97,"OPERATE_INCOME_YOY":23.4911381388,"GROSS_PROFIT":118988030.35,"GROSS_PROFIT_YOY":44.209462358155,"HOLDER_PROFIT":7429326.59,"HOLDER_PROFIT_YOY":121.3343935974,"GROSS_PROFIT_RATIO":15.2406548659,"EPS_TTM":0.032290741268,"OPERATE_INCOME_QOQ":33.069073553175,"NET_PROFIT_RATIO":0.9368303145,"ROE_AVG":1.756377347653,"GROSS_PROFIT_QOQ":47.274569693026,"ROA":0.883447964522,"HOLDER_PROFIT_QOQ":163.070751006339,"ROE_YEARLY":1.756377347653,"ROIC_YEARLY":0.942800560897,"TOTAL_ASSETS":891060943.29,"TOTAL_LIABILITIES":471322302.99,"TAX_EBT":29.065234341159,"OCF_SALES":-12.94789196017,"TOTAL_PARENT_EQUITY":424305929.81,"DEBT_ASSET_RATIO":52.8945081186,"OPERATE_PROFIT":14586205.83,"PRETAX_PROFIT":10311015.61,"NETCASH_OPERATE":-101087792.82,"NETCASH_INVEST":78049466.25,"NETCASH_FINANCE":23200008.44,"END_CASH":56667262.26,"DIVI_RATIO":1.830187158279,"DIVIDEND_RATE":10.833333333333,"CURRENT_RATIO":1.057309460606,"COMMON_ACS":1000000000,"CURRENTDEBT_DEBT":94.028849379403,"ISSUED_COMMON_SHARES":230076062,"HK_COMMON_SHARES":230076062,"PER_SHARES":4000,"TOTAL_MARKET_CAP":138045637.2,"HKSK_MARKET_CAP":138045637.2,"PE_TTM":9.706485529461,"PB_TTM":0.288508688346,"REPORT_DATE_SQ":"2021-12-31 00:00:00","REPORT_TYPE_SQ":"2021年年报","OPERATE_INCOME_SQ":578658035.2,"DPS_HKD":0.065,"OPERATE_INCOME_QOQ_SQ":6.467737823738,"NET_PROFIT_RATIO_SQ":-5.6159502199,"HOLDER_PROFIT_SQ":-31873318.4,"HOLDER_PROFIT_QOQ_SQ":-122.190814034068,"ROE_AVG_SQ":-8.306884225891,"PE_TTM_SQ":7.905582929381,"PB_TTM_SQ":0.325717379951,"ROA_SQ":-4.502001325748,"START_DATE":"2022-01-01 00:00:00","FISCAL_YEAR":"12-31","CURRENCY":"HKD","IS_CNY_CODE":0,"DPS_HKD_LY":0.025,"ORG_TYPE":"一般企业","PREMIUM_INCOME":null,"PREMIUM_INCOME_YOY":null,"NET_INTEREST_INCOME":null,"NET_INTEREST_INCOME_YOY":null,"FEE_COMMISSION_INCOME":null,"FEE_COMMISSION_INCOME_YOY":null,"ACCOUNTS_RECE_TDAYS":4.678346327089,"INVENTORY_TDAYS":7.234504243206,"CURRENT_ASSETS_TDAYS":1.787657952114,"TOTAL_ASSETS_TDAYS":0.928391534111,"PREMIUM_EXPENSE":null,"LOAN_DEPOSIT":null,"LOAN_EQUITY":null,"LOAN_ASSETS":null,"DEPOSIT_EQUITY":null,"DEPOSIT_ASSETS":null,"EQUITY_MULTIPLIER":2.122894720042,"EQUITY_RATIO":1.110807721214},{"SECUCODE":"00387.HK","SECURITY_CODE":"00387","SECURITY_NAME_ABBR":"力丰(集团)","ORG_CODE":"10008876","STD_REPORT_DATE":"2022-06-30 00:00:00","REPORT_DATE":"2022-06-30 00:00:00","DATE_TYPE_CODE":"002","REPORT_TYPE":"2022年中报","PER_NETCASH_OPERATE":-0.152935478138,"PER_OI":1.295125055035,"BPS":1.535543566675,"BASIC_EPS":-0.021123193,"DILUTED_EPS":null,"OPERATE_INCOME":297977272.46,"OPERATE_INCOME_YOY":-0.0005739935,"GROSS_PROFIT":40928538.21,"GROSS_PROFIT_YOY":-4.026721021008,"HOLDER_PROFIT":-4862610.34,"HOLDER_PROFIT_YOY":81.0422431901,"GROSS_PROFIT_RATIO":13.735456356154,"EPS_TTM":-0.05119764828,"OPERATE_INCOME_QOQ":1.391261347856,"NET_PROFIT_RATIO":-1.6657387052,"ROE_AVG":-1.284717711187,"GROSS_PROFIT_QOQ":-2.081219684606,"ROA":-0.614540928955,"HOLDER_PROFIT_QOQ":63.043216422674,"ROE_YEARLY":-2.569435422374,"ROIC_YEARLY":-1.304560800541,"TOTAL_ASSETS":825398601.16,"TOTAL_LIABILITIES":476352802.66,"TAX_EBT":-2.183098591549,"OCF_SALES":-11.808549108296,"TOTAL_PARENT_EQUITY":353291816.85,"DEBT_ASSET_RATIO":57.7118500068,"OPERATE_PROFIT":-4364034.57,"PRETAX_PROFIT":-4857479.2,"NETCASH_OPERATE":-35186792.55,"NETCASH_INVEST":-4677034.11,"NETCASH_FINANCE":29468137.02,"END_CASH":44318511.37,"DIVI_RATIO":-1.154312785548,"DIVIDEND_RATE":10.833333333333,"CURRENT_RATIO":1.015715880047,"COMMON_ACS":1000000000,"CURRENTDEBT_DEBT":94.265853281964,"ISSUED_COMMON_SHARES":230076062,"HK_COMMON_SHARES":230076062,"PER_SHARES":4000,"TOTAL_MARKET_CAP":138045637.2,"HKSK_MARKET_CAP":138045637.2,"PE_TTM":9.706485529461,"PB_TTM":0.288508688346,"REPORT_DATE_SQ":"2021-06-30 00:00:00","REPORT_TYPE_SQ":"2021年中报","OPERATE_INCOME_SQ":289926626.88,"DPS_HKD":0.065,"OPERATE_INCOME_QOQ_SQ":4.504115495493,"NET_PROFIT_RATIO_SQ":-8.756270879,"HOLDER_PROFIT_SQ":-24956575.44,"HOLDER_PROFIT_QOQ_SQ":-482.928084335906,"ROE_AVG_SQ":-6.164936142049,"PE_TTM_SQ":7.905582929381,"PB_TTM_SQ":0.325717379951,"ROA_SQ":-3.45264427795,"START_DATE":"2022-01-01 00:00:00","FISCAL_YEAR":"12-31","CURRENCY":"HKD","IS_CNY_CODE":0,"DPS_HKD_LY":0.025,"ORG_TYPE":"一般企业","PREMIUM_INCOME":null,"PREMIUM_INCOME_YOY":null,"NET_INTEREST_INCOME":null,"NET_INTEREST_INCOME_YOY":null,"FEE_COMMISSION_INCOME":null,"FEE_COMMISSION_INCOME_YOY":null,"ACCOUNTS_RECE_TDAYS":2.557661040215,"INVENTORY_TDAYS":2.696175167292,"CURRENT_ASSETS_TDAYS":0.706340019664,"TOTAL_ASSETS_TDAYS":0.376586271614,"PREMIUM_EXPENSE":null,"LOAN_DEPOSIT":null,"LOAN_EQUITY":null,"LOAN_ASSETS":null,"DEPOSIT_EQUITY":null,"DEPOSIT_ASSETS":null,"EQUITY_MULTIPLIER":2.364728653679,"EQUITY_RATIO":1.348326737107},{"SECUCODE":"00387.HK","SECURITY_CODE":"00387","SECURITY_NAME_ABBR":"力丰(集团)","ORG_CODE":"10008876","STD_REPORT_DATE":"2021-12-31 00:00:00","REPORT_DATE":"2021-12-31 00:00:00","DATE_TYPE_CODE":"001","REPORT_TYPE":"2021年年报","PER_NETCASH_OPERATE":-0.215483646447,"PER_OI":2.515072755374,"BPS":1.677515916454,"BASIC_EPS":-0.13850144,"DILUTED_EPS":null,"OPERATE_INCOME":578658035.2,"OPERATE_INCOME_YOY":14.534653209,"GROSS_PROFIT":82510556.8,"GROSS_PROFIT_YOY":5.489326604428,"HOLDER_PROFIT":-31873318.4,"HOLDER_PROFIT_YOY":-975.8481240171,"GROSS_PROFIT_RATIO":14.258949462524,"EPS_TTM":-0.138533831477,"OPERATE_INCOME_QOQ":6.467737823738,"NET_PROFIT_RATIO":-5.6159502199,"ROE_AVG":-8.306884225891,"GROSS_PROFIT_QOQ":3.649458042286,"ROA":-4.502001325748,"HOLDER_PROFIT_QOQ":-122.190814034068,"ROE_YEARLY":-8.306884225891,"ROIC_YEARLY":-4.924333094805,"TOTAL_ASSETS":723840084.8,"TOTAL_LIABILITIES":342229372.8,"TAX_EBT":-13.168384488355,"OCF_SALES":-8.56769037742,"TOTAL_PARENT_EQUITY":385956256,"DEBT_ASSET_RATIO":47.2796934,"OPERATE_PROFIT":-7629843.2,"PRETAX_PROFIT":-28715747.2,"NETCASH_OPERATE":-49577628.8,"NETCASH_INVEST":7387833.6,"NETCASH_FINANCE":19507936,"END_CASH":53631289.6,"DIVI_RATIO":-0.426596877961,"DIVIDEND_RATE":10.833333333333,"CURRENT_RATIO":1.180971636712,"COMMON_ACS":1000000000,"CURRENTDEBT_DEBT":91.69282666552,"ISSUED_COMMON_SHARES":230076062,"HK_COMMON_SHARES":230076062,"PER_SHARES":4000,"TOTAL_MARKET_CAP":138045637.2,"HKSK_MARKET_CAP":138045637.2,"PE_TTM":9.706485529461,"PB_TTM":0.288508688346,"REPORT_DATE_SQ":"2020-12-31 00:00:00","REPORT_TYPE_SQ":"2020年年报","OPERATE_INCOME_SQ":520080496.68,"DPS_HKD":0.065,"OPERATE_INCOME_QOQ_SQ":-5.669844569677,"NET_PROFIT_RATIO_SQ":0.351006656,"HOLDER_PROFIT_SQ":3746139.64,"HOLDER_PROFIT_QOQ_SQ":109.303953677364,"ROE_AVG_SQ":0.982005753923,"PE_TTM_SQ":7.905582929381,"PB_TTM_SQ":0.325717379951,"ROA_SQ":0.51053618917,"START_DATE":"2021-01-01 00:00:00","FISCAL_YEAR":"12-31","CURRENCY":"HKD","IS_CNY_CODE":0,"DPS_HKD_LY":0.06,"ORG_TYPE":"一般企业","PREMIUM_INCOME":null,"PREMIUM_INCOME_YOY":null,"NET_INTEREST_INCOME":null,"NET_INTEREST_INCOME_YOY":null,"FEE_COMMISSION_INCOME":null,"FEE_COMMISSION_INCOME_YOY":null,"ACCOUNTS_RECE_TDAYS":6.664049075133,"INVENTORY_TDAYS":6.431528409272,"CURRENT_ASSETS_TDAYS":1.622002798248,"TOTAL_ASSETS_TDAYS":0.81733543051,"PREMIUM_EXPENSE":null,"LOAN_DEPOSIT":null,"LOAN_EQUITY":null,"LOAN_ASSETS":null,"DEPOSIT_EQUITY":null,"DEPOSIT_ASSETS":null,"EQUITY_MULTIPLIER":1.896802322466,"EQUITY_RATIO":0.886705079863},{"SECUCODE":"00387.HK","SECURITY_CODE":"00387","SECURITY_NAME_ABBR":"力丰(集团)","ORG_CODE":"10008876","STD_REPORT_DATE":"2021-06-30 00:00:00","REPORT_DATE":"2021-06-30 00:00:00","DATE_TYPE_CODE":"002","REPORT_TYPE":"2021年中报","PER_NETCASH_OPERATE":-0.02952184152,"PER_OI":1.260133819919,"BPS":1.831721227565,"BASIC_EPS":-0.108503232,"DILUTED_EPS":null,"OPERATE_INCOME":289926626.88,"OPERATE_INCOME_YOY":19.4271925856,"GROSS_PROFIT":42645764.16,"GROSS_PROFIT_YOY":3.365266711902,"HOLDER_PROFIT":-24956575.44,"HOLDER_PROFIT_YOY":-299.0553485897,"GROSS_PROFIT_RATIO":14.709157492337,"EPS_TTM":-0.062349036381,"OPERATE_INCOME_QOQ":4.504115495493,"NET_PROFIT_RATIO":-8.756270879,"ROE_AVG":-6.164936142049,"GROSS_PROFIT_QOQ":1.775087489017,"ROA":-3.45264427795,"HOLDER_PROFIT_QOQ":-482.928084335906,"ROE_YEARLY":-12.329872284097,"ROIC_YEARLY":-7.72221846749,"TOTAL_ASSETS":741270117.12,"TOTAL_LIABILITIES":324180864.24,"TAX_EBT":-1.395812562313,"OCF_SALES":-2.342754480019,"TOTAL_PARENT_EQUITY":421435206.72,"DEBT_ASSET_RATIO":43.7331624131,"OPERATE_PROFIT":-3220149.6,"PRETAX_PROFIT":-25037287.2,"NETCASH_OPERATE":-6792269.04,"NETCASH_INVEST":19345027.92,"NETCASH_FINANCE":-5531667.84,"END_CASH":83787959.76,"DIVI_RATIO":-0.947859075784,"DIVIDEND_RATE":10.833333333333,"CURRENT_RATIO":1.309781013658,"COMMON_ACS":1000000000,"CURRENTDEBT_DEBT":90.954125096573,"ISSUED_COMMON_SHARES":230076062,"HK_COMMON_SHARES":230076062,"PER_SHARES":4000,"TOTAL_MARKET_CAP":138045637.2,"HKSK_MARKET_CAP":138045637.2,"PE_TTM":9.706485529461,"PB_TTM":0.288508688346,"REPORT_DATE_SQ":"2020-06-30 00:00:00","REPORT_TYPE_SQ":"2020年中报","OPERATE_INCOME_SQ":266501600.64,"DPS_HKD":0.065,"OPERATE_INCOME_QOQ_SQ":-10.914714188562,"NET_PROFIT_RATIO_SQ":-2.9414990609,"HOLDER_PROFIT_SQ":-6865415.04,"HOLDER_PROFIT_QOQ_SQ":-3.536925006508,"ROE_AVG_SQ":-1.750547045952,"PE_TTM_SQ":7.905582929381,"PB_TTM_SQ":0.325717379951,"ROA_SQ":-0.886062668067,"START_DATE":"2021-01-01 00:00:00","FISCAL_YEAR":"12-31","CURRENCY":"HKD","IS_CNY_CODE":0,"DPS_HKD_LY":0.06,"ORG_TYPE":"一般企业","PREMIUM_INCOME":null,"PREMIUM_INCOME_YOY":null,"NET_INTEREST_INCOME":null,"NET_INTEREST_INCOME_YOY":null,"FEE_COMMISSION_INCOME":null,"FEE_COMMISSION_INCOME_YOY":null,"ACCOUNTS_RECE_TDAYS":3.435727280347,"INVENTORY_TDAYS":3.667330984568,"CURRENT_ASSETS_TDAYS":0.788710204978,"TOTAL_ASSETS_TDAYS":0.401102111036,"PREMIUM_EXPENSE":null,"LOAN_DEPOSIT":null,"LOAN_EQUITY":null,"LOAN_ASSETS":null,"DEPOSIT_EQUITY":null,"DEPOSIT_ASSETS":null,"EQUITY_MULTIPLIER":1.777245786127,"EQUITY_RATIO":0.769230617354},{"SECUCODE":"00387.HK","SECURITY_CODE":"00387","SECURITY_NAME_ABBR":"力丰(集团)","ORG_CODE":"10008876","STD_REPORT_DATE":"2020-12-31 00:00:00","REPORT_DATE":"2020-12-31 00:00:00","DATE_TYPE_CODE":"001","REPORT_TYPE":"2020年年报","PER_NETCASH_OPERATE":0.058664863101,"PER_OI":2.260472002863,"BPS":1.706629164228,"BASIC_EPS":0.016243652,"DILUTED_EPS":null,"OPERATE_INCOME":520080496.68,"OPERATE_INCOME_YOY":-10.5600553484,"GROSS_PROFIT":78216971.76,"GROSS_PROFIT_YOY":-23.954985592036,"HOLDER_PROFIT":3746139.64,"HOLDER_PROFIT_YOY":110.2526892866,"GROSS_PROFIT_RATIO":15.039397220105,"EPS_TTM":0.016282179065,"OPERATE_INCOME_QOQ":-5.669844569677,"NET_PROFIT_RATIO":0.351006656,"ROE_AVG":0.982005753923,"GROSS_PROFIT_QOQ":-7.054102739621,"ROA":0.51053618917,"HOLDER_PROFIT_QOQ":109.303953677364,"ROE_YEARLY":0.982005753923,"ROIC_YEARLY":0.557657961848,"TOTAL_ASSETS":712472667.56,"TOTAL_LIABILITIES":323409428.04,"TAX_EBT":65.576892556737,"OCF_SALES":2.595248382926,"TOTAL_PARENT_EQUITY":392654517.4,"DEBT_ASSET_RATIO":45.3925382355,"OPERATE_PROFIT":7722047,"PRETAX_PROFIT":5303173.64,"NETCASH_OPERATE":13497380.68,"NETCASH_INVEST":69618777.52,"NETCASH_FINANCE":-58243171.28,"END_CASH":78238854.4,"DIVI_RATIO":3.629618601105,"DIVIDEND_RATE":10.833333333333,"CURRENT_RATIO":1.227415323926,"COMMON_ACS":1000000000,"CURRENTDEBT_DEBT":88.92757787025,"ISSUED_COMMON_SHARES":230076062,"HK_COMMON_SHARES":230076062,"PER_SHARES":4000,"TOTAL_MARKET_CAP":138045637.2,"HKSK_MARKET_CAP":138045637.2,"PE_TTM":9.706485529461,"PB_TTM":0.288508688346,"REPORT_DATE_SQ":"2019-12-31 00:00:00","REPORT_TYPE_SQ":"2019年年报","OPERATE_INCOME_SQ":618890818.88,"DPS_HKD":0.065,"OPERATE_INCOME_QOQ_SQ":-9.680993844709,"NET_PROFIT_RATIO_SQ":-6.6691658368,"HOLDER_PROFIT_SQ":-38888497.14,"HOLDER_PROFIT_QOQ_SQ":-1116.88956601757,"ROE_AVG_SQ":-9.817292482409,"PE_TTM_SQ":7.905582929381,"PB_TTM_SQ":0.325717379951,"ROA_SQ":-4.745054297661,"START_DATE":"2020-01-01 00:00:00","FISCAL_YEAR":"12-31","CURRENCY":"HKD","IS_CNY_CODE":0,"DPS_HKD_LY":0.025,"ORG_TYPE":"一般企业","PREMIUM_INCOME":null,"PREMIUM_INCOME_YOY":null,"NET_INTEREST_INCOME":null,"NET_INTEREST_INCOME_YOY":null,"FEE_COMMISSION_INCOME":null,"FEE_COMMISSION_INCOME_YOY":null,"ACCOUNTS_RECE_TDAYS":6.135440247826,"INVENTORY_TDAYS":6.362515906199,"CURRENT_ASSETS_TDAYS":1.423408004607,"TOTAL_ASSETS_TDAYS":0.708782747983,"PREMIUM_EXPENSE":null,"LOAN_DEPOSIT":null,"LOAN_EQUITY":null,"LOAN_ASSETS":null,"DEPOSIT_EQUITY":null,"DEPOSIT_ASSETS":null,"EQUITY_MULTIPLIER":1.831251568353,"EQUITY_RATIO":0.823648815201},{"SECUCODE":"00387.HK","SECURITY_CODE":"00387","SECURITY_NAME_ABBR":"力丰(集团)","ORG_CODE":"10008876","STD_REPORT_DATE":"2020-06-30 00:00:00","REPORT_DATE":"2020-06-30 00:00:00","DATE_TYPE_CODE":"002","REPORT_TYPE":"2020年中报","PER_NETCASH_OPERATE":-0.094331127764,"PER_OI":1.158319550167,"BPS":1.66241143957,"BASIC_EPS":-0.029869488,"DILUTED_EPS":null,"OPERATE_INCOME":266501600.64,"OPERATE_INCOME_YOY":-23.1717625497,"GROSS_PROFIT":41257344.48,"GROSS_PROFIT_YOY":-31.192190746667,"HOLDER_PROFIT":-6865415.04,"HOLDER_PROFIT_YOY":-20.4294183624,"GROSS_PROFIT_RATIO":15.481086935659,"EPS_TTM":-0.175002795901,"OPERATE_INCOME_QOQ":-10.914714188562,"NET_PROFIT_RATIO":-2.9414990609,"ROE_AVG":-1.750547045952,"GROSS_PROFIT_QOQ":-18.183570604594,"ROA":-0.886062668067,"HOLDER_PROFIT_QOQ":-3.536925006508,"ROE_YEARLY":-3.501094091904,"ROIC_YEARLY":-1.900290378326,"TOTAL_ASSETS":730172879.04,"TOTAL_LIABILITIES":350333470.08,"TAX_EBT":-24.196816208394,"OCF_SALES":-8.143791387324,"TOTAL_PARENT_EQUITY":382481077.44,"DEBT_ASSET_RATIO":47.9795237726,"OPERATE_PROFIT":-5022093.12,"PRETAX_PROFIT":-6311870.4,"NETCASH_OPERATE":-21703334.4,"NETCASH_INVEST":75017173.44,"NETCASH_FINANCE":-54976299.84,"END_CASH":53102834.4,"DIVI_RATIO":-0.337698033312,"DIVIDEND_RATE":10.833333333333,"CURRENT_RATIO":1.044946847387,"COMMON_ACS":1000000000,"CURRENTDEBT_DEBT":90.970505720514,"ISSUED_COMMON_SHARES":230076062,"HK_COMMON_SHARES":230076062,"PER_SHARES":4000,"TOTAL_MARKET_CAP":138045637.2,"HKSK_MARKET_CAP":138045637.2,"PE_TTM":9.706485529461,"PB_TTM":0.288508688346,"REPORT_DATE_SQ":"2019-06-30 00:00:00","REPORT_TYPE_SQ":"2019年中报","OPERATE_INCOME_SQ":334051764.66,"DPS_HKD":0.065,"OPERATE_INCOME_QOQ_SQ":-4.024268037579,"NET_PROFIT_RATIO_SQ":-1.8085534995,"HOLDER_PROFIT_SQ":-5489958.06,"HOLDER_PROFIT_QOQ_SQ":-118.986258037018,"ROE_AVG_SQ":-1.442232143682,"PE_TTM_SQ":7.905582929381,"PB_TTM_SQ":0.325717379951,"ROA_SQ":-0.679087404893,"START_DATE":"2020-01-01 00:00:00","FISCAL_YEAR":"12-31","CURRENCY":"HKD","IS_CNY_CODE":0,"DPS_HKD_LY":0.025,"ORG_TYPE":"一般企业","PREMIUM_INCOME":null,"PREMIUM_INCOME_YOY":null,"NET_INTEREST_INCOME":null,"NET_INTEREST_INCOME_YOY":null,"FEE_COMMISSION_INCOME":null,"FEE_COMMISSION_INCOME_YOY":null,"ACCOUNTS_RECE_TDAYS":2.914747268886,"INVENTORY_TDAYS":2.698426941701,"CURRENT_ASSETS_TDAYS":0.717366930249,"TOTAL_ASSETS_TDAYS":0.343951702747,"PREMIUM_EXPENSE":null,"LOAN_DEPOSIT":null,"LOAN_EQUITY":null,"LOAN_ASSETS":null,"DEPOSIT_EQUITY":null,"DEPOSIT_ASSETS":null,"EQUITY_MULTIPLIER":1.922319964217,"EQUITY_RATIO":0.915949809661}],"count":45},"success":true,"message":"ok","code":0}