{"version":"dd346409c3817c61a7567d1b8280eb09","result":{"pages":6,"data":[{"SECUCODE":"00383.HK","SECURITY_CODE":"00383","SECURITY_NAME_ABBR":"天安卓健","ORG_CODE":"10008873","STD_REPORT_DATE":"2024-06-30 00:00:00","REPORT_DATE":"2024-06-30 00:00:00","DATE_TYPE_CODE":"002","REPORT_TYPE":"2024年中报","PER_NETCASH_OPERATE":-0.009809159697,"PER_OI":0.683066113249,"BPS":1.530408276622,"BASIC_EPS":0.018162332,"DILUTED_EPS":null,"OPERATE_INCOME":741813526.48,"OPERATE_INCOME_YOY":6.2426473279,"GROSS_PROFIT":null,"GROSS_PROFIT_YOY":null,"HOLDER_PROFIT":19767736.12,"HOLDER_PROFIT_YOY":1553.358778626,"GROSS_PROFIT_RATIO":null,"EPS_TTM":0.026515241737,"OPERATE_INCOME_QOQ":2.511424657458,"NET_PROFIT_RATIO":3.5779405649,"ROE_AVG":1.1942212681,"GROSS_PROFIT_QOQ":null,"ROA":0.610223375734,"HOLDER_PROFIT_QOQ":181.324606746885,"ROE_YEARLY":2.3884425362,"ROIC_YEARLY":1.644241709377,"TOTAL_ASSETS":3177328399.56,"TOTAL_LIABILITIES":1452485498.68,"TAX_EBT":36.897038081805,"OCF_SALES":-1.436048357132,"TOTAL_PARENT_EQUITY":1660210554,"DEBT_ASSET_RATIO":45.7140501712,"OPERATE_PROFIT":56396322.56,"PRETAX_PROFIT":42060857.8,"NETCASH_OPERATE":-10652800.96,"NETCASH_INVEST":-64845001.32,"NETCASH_FINANCE":21152271.68,"END_CASH":758182442.28,"DIVI_RATIO":0.341773237065,"DIVIDEND_RATE":1.282051282051,"CURRENT_RATIO":1.310604638557,"COMMON_ACS":30000000000,"CURRENTDEBT_DEBT":62.597905936155,"ISSUED_COMMON_SHARES":1084815457,"HK_COMMON_SHARES":1084815457,"PER_SHARES":5000,"TOTAL_MARKET_CAP":846156056.46,"HKSK_MARKET_CAP":846156056.46,"PE_TTM":26.739857681077,"PB_TTM":0.465163715379,"REPORT_DATE_SQ":"2023-06-30 00:00:00","REPORT_TYPE_SQ":"2023年中报","OPERATE_INCOME_SQ":705340515.44,"DPS_HKD":0.01,"OPERATE_INCOME_QOQ_SQ":6.33089637692,"NET_PROFIT_RATIO_SQ":0.0737227918,"HOLDER_PROFIT_SQ":1207793.8,"HOLDER_PROFIT_QOQ_SQ":32.546535975154,"ROE_AVG_SQ":-0.103062543108,"PE_TTM_SQ":-9.202644888428,"PB_TTM_SQ":0.404885009393,"ROA_SQ":-0.052611123011,"START_DATE":"2024-01-01 00:00:00","FISCAL_YEAR":"12-31","CURRENCY":"HKD","IS_CNY_CODE":0,"DPS_HKD_LY":0.01,"ORG_TYPE":"证券","PREMIUM_INCOME":null,"PREMIUM_INCOME_YOY":null,"NET_INTEREST_INCOME":null,"NET_INTEREST_INCOME_YOY":null,"FEE_COMMISSION_INCOME":null,"FEE_COMMISSION_INCOME_YOY":null,"ACCOUNTS_RECE_TDAYS":7.940852913878,"INVENTORY_TDAYS":null,"CURRENT_ASSETS_TDAYS":0.609647721357,"TOTAL_ASSETS_TDAYS":0.228995344508,"PREMIUM_EXPENSE":null,"LOAN_DEPOSIT":null,"LOAN_EQUITY":null,"LOAN_ASSETS":null,"DEPOSIT_EQUITY":null,"DEPOSIT_ASSETS":null,"EQUITY_MULTIPLIER":1.842097270387,"EQUITY_RATIO":0.874880294659},{"SECUCODE":"00383.HK","SECURITY_CODE":"00383","SECURITY_NAME_ABBR":"天安卓健","ORG_CODE":"10008873","STD_REPORT_DATE":"2023-12-31 00:00:00","REPORT_DATE":"2023-12-31 00:00:00","DATE_TYPE_CODE":"001","REPORT_TYPE":"2023年年报","PER_NETCASH_OPERATE":0.297131856493,"PER_OI":1.337271092607,"BPS":1.564217186094,"BASIC_EPS":0.011055884,"DILUTED_EPS":null,"OPERATE_INCOME":1452283704.06,"OPERATE_INCOME_YOY":16.6862894576,"GROSS_PROFIT":null,"GROSS_PROFIT_YOY":null,"HOLDER_PROFIT":10235754.9,"HOLDER_PROFIT_YOY":109.1402722255,"GROSS_PROFIT_RATIO":null,"EPS_TTM":0.009425141314,"OPERATE_INCOME_QOQ":11.329753835568,"NET_PROFIT_RATIO":1.2786937007,"ROE_AVG":0.659094231219,"GROSS_PROFIT_QOQ":null,"ROA":0.329784440101,"HOLDER_PROFIT_QOQ":113.746931452211,"ROE_YEARLY":0.659094231219,"ROIC_YEARLY":0.425516525073,"TOTAL_ASSETS":3204623193.66,"TOTAL_LIABILITIES":1508501061.76,"TAX_EBT":42.119534515874,"OCF_SALES":22.219268638621,"TOTAL_PARENT_EQUITY":1638673221.22,"DEBT_ASSET_RATIO":47.190091212,"OPERATE_PROFIT":75407472.42,"PRETAX_PROFIT":32083812.88,"NETCASH_OPERATE":322686817.6,"NETCASH_INVEST":-162055697.72,"NETCASH_FINANCE":91141264.06,"END_CASH":806776854.52,"DIVI_RATIO":0.961492215139,"DIVIDEND_RATE":1.492537313433,"CURRENT_RATIO":1.188576539561,"COMMON_ACS":30000000000,"CURRENTDEBT_DEBT":68.77727368846,"ISSUED_COMMON_SHARES":1084815457,"HK_COMMON_SHARES":1084815457,"PER_SHARES":5000,"TOTAL_MARKET_CAP":726826356.19,"HKSK_MARKET_CAP":726826356.19,"PE_TTM":22.968852110669,"PB_TTM":0.399563704236,"REPORT_DATE_SQ":"2022-12-31 00:00:00","REPORT_TYPE_SQ":"2022年年报","OPERATE_INCOME_SQ":1226819697.81,"DPS_HKD":0.01,"OPERATE_INCOME_QOQ_SQ":0.031190033933,"NET_PROFIT_RATIO_SQ":-8.6751667209,"HOLDER_PROFIT_SQ":-110384946.98,"HOLDER_PROFIT_QOQ_SQ":-25.00010831989,"ROE_AVG_SQ":-7.591615397635,"PE_TTM_SQ":-9.336016553477,"PB_TTM_SQ":0.41075290808,"ROA_SQ":-3.676663980987,"START_DATE":"2023-01-01 00:00:00","FISCAL_YEAR":"12-31","CURRENCY":"HKD","IS_CNY_CODE":0,"DPS_HKD_LY":null,"ORG_TYPE":"证券","PREMIUM_INCOME":null,"PREMIUM_INCOME_YOY":null,"NET_INTEREST_INCOME":null,"NET_INTEREST_INCOME_YOY":null,"FEE_COMMISSION_INCOME":null,"FEE_COMMISSION_INCOME_YOY":null,"ACCOUNTS_RECE_TDAYS":20.595712688437,"INVENTORY_TDAYS":null,"CURRENT_ASSETS_TDAYS":1.338712163264,"TOTAL_ASSETS_TDAYS":0.467909375411,"PREMIUM_EXPENSE":null,"LOAN_DEPOSIT":null,"LOAN_EQUITY":null,"LOAN_ASSETS":null,"DEPOSIT_EQUITY":null,"DEPOSIT_ASSETS":null,"EQUITY_MULTIPLIER":1.893584031766,"EQUITY_RATIO":0.920562466162},{"SECUCODE":"00383.HK","SECURITY_CODE":"00383","SECURITY_NAME_ABBR":"天安卓健","ORG_CODE":"10008873","STD_REPORT_DATE":"2023-06-30 00:00:00","REPORT_DATE":"2023-06-30 00:00:00","DATE_TYPE_CODE":"002","REPORT_TYPE":"2023年中报","PER_NETCASH_OPERATE":0.100279678061,"PER_OI":0.649481557292,"BPS":1.572950429356,"BASIC_EPS":0.001567366,"DILUTED_EPS":null,"OPERATE_INCOME":705340515.44,"OPERATE_INCOME_YOY":4.2334962859,"GROSS_PROFIT":null,"GROSS_PROFIT_YOY":null,"HOLDER_PROFIT":1207793.8,"HOLDER_PROFIT_YOY":96.0024600246,"GROSS_PROFIT_RATIO":null,"EPS_TTM":-0.068561783019,"OPERATE_INCOME_QOQ":6.33089637692,"NET_PROFIT_RATIO":0.0737227918,"ROE_AVG":-0.103062543108,"GROSS_PROFIT_QOQ":null,"ROA":-0.052611123011,"HOLDER_PROFIT_QOQ":32.546535975154,"ROE_YEARLY":-0.206125086216,"ROIC_YEARLY":-0.134791669107,"TOTAL_ASSETS":3170743616.82,"TOTAL_LIABILITIES":1438041709.36,"TAX_EBT":32.709733995908,"OCF_SALES":15.43995775318,"TOTAL_PARENT_EQUITY":1706360938.86,"DEBT_ASSET_RATIO":45.3534527904,"OPERATE_PROFIT":30759096.76,"PRETAX_PROFIT":6308187.16,"NETCASH_OPERATE":108904277.6,"NETCASH_INVEST":-48616927.38,"NETCASH_FINANCE":149944373.34,"END_CASH":757885077.62,"DIVI_RATIO":-0.132175675734,"DIVIDEND_RATE":1.492537313433,"CURRENT_RATIO":1.104604067825,"COMMON_ACS":30000000000,"CURRENTDEBT_DEBT":74.067916795962,"ISSUED_COMMON_SHARES":1084815457,"HK_COMMON_SHARES":1084815457,"PER_SHARES":5000,"TOTAL_MARKET_CAP":726826356.19,"HKSK_MARKET_CAP":726826356.19,"PE_TTM":22.968852110669,"PB_TTM":0.399563704236,"REPORT_DATE_SQ":"2022-06-30 00:00:00","REPORT_TYPE_SQ":"2022年中报","OPERATE_INCOME_SQ":627671831.64,"DPS_HKD":0.01,"OPERATE_INCOME_QOQ_SQ":6.894825402189,"NET_PROFIT_RATIO_SQ":-5.4240308683,"HOLDER_PROFIT_SQ":-37544551.38,"HOLDER_PROFIT_QOQ_SQ":21.331531299039,"ROE_AVG_SQ":-2.633834228986,"PE_TTM_SQ":-9.336016553477,"PB_TTM_SQ":0.41075290808,"ROA_SQ":-1.285128288893,"START_DATE":"2023-01-01 00:00:00","FISCAL_YEAR":"12-31","CURRENCY":"HKD","IS_CNY_CODE":0,"DPS_HKD_LY":null,"ORG_TYPE":"证券","PREMIUM_INCOME":null,"PREMIUM_INCOME_YOY":null,"NET_INTEREST_INCOME":null,"NET_INTEREST_INCOME_YOY":null,"FEE_COMMISSION_INCOME":null,"FEE_COMMISSION_INCOME_YOY":null,"ACCOUNTS_RECE_TDAYS":7.874222899255,"INVENTORY_TDAYS":null,"CURRENT_ASSETS_TDAYS":0.662494116791,"TOTAL_ASSETS_TDAYS":0.229338929998,"PREMIUM_EXPENSE":null,"LOAN_DEPOSIT":null,"LOAN_EQUITY":null,"LOAN_ASSETS":null,"DEPOSIT_EQUITY":null,"DEPOSIT_ASSETS":null,"EQUITY_MULTIPLIER":1.82994178235,"EQUITY_RATIO":0.842753532744},{"SECUCODE":"00383.HK","SECURITY_CODE":"00383","SECURITY_NAME_ABBR":"天安卓健","ORG_CODE":"10008873","STD_REPORT_DATE":"2022-12-31 00:00:00","REPORT_DATE":"2022-12-31 00:00:00","DATE_TYPE_CODE":"001","REPORT_TYPE":"2022年年报","PER_NETCASH_OPERATE":0.000704865451,"PER_OI":0.084724691446,"BPS":1.280386476223,"BASIC_EPS":-0.151319938,"DILUTED_EPS":null,"OPERATE_INCOME":1226819697.81,"OPERATE_INCOME_YOY":-2.1298504729,"GROSS_PROFIT":null,"GROSS_PROFIT_YOY":null,"HOLDER_PROFIT":-110384946.98,"HOLDER_PROFIT_YOY":9.9944645146,"GROSS_PROFIT_RATIO":null,"EPS_TTM":-0.007623231507,"OPERATE_INCOME_QOQ":0.031190033933,"NET_PROFIT_RATIO":-8.6751667209,"ROE_AVG":-7.591615397635,"GROSS_PROFIT_QOQ":null,"ROA":-3.676663980987,"HOLDER_PROFIT_QOQ":-25.00010831989,"ROE_YEARLY":-7.591615397635,"ROIC_YEARLY":-4.480601368104,"TOTAL_ASSETS":2887525646.18,"TOTAL_LIABILITIES":1477178267.25,"TAX_EBT":-1.686452901365,"OCF_SALES":0.83194808807,"TOTAL_PARENT_EQUITY":1388983040.34,"DEBT_ASSET_RATIO":51.1572345411,"OPERATE_PROFIT":-51947223.58,"PRETAX_PROFIT":-104663552.63,"NETCASH_OPERATE":62922832.07,"NETCASH_INVEST":-88097860.48,"NETCASH_FINANCE":26712346.08,"END_CASH":526180693.5,"DIVI_RATIO":-1.188760959474,"DIVIDEND_RATE":1.492537313433,"CURRENT_RATIO":0.913961748199,"COMMON_ACS":30000000000,"CURRENTDEBT_DEBT":68.376071477165,"ISSUED_COMMON_SHARES":1084815457,"HK_COMMON_SHARES":1084815457,"PER_SHARES":5000,"TOTAL_MARKET_CAP":726826356.19,"HKSK_MARKET_CAP":726826356.19,"PE_TTM":22.968852110669,"PB_TTM":0.399563704236,"REPORT_DATE_SQ":"2021-12-31 00:00:00","REPORT_TYPE_SQ":"2021年年报","OPERATE_INCOME_SQ":1147330721.6,"DPS_HKD":0.01,"OPERATE_INCOME_QOQ_SQ":3.150250387941,"NET_PROFIT_RATIO_SQ":-9.06939473,"HOLDER_PROFIT_SQ":-112253209.6,"HOLDER_PROFIT_QOQ_SQ":-22.362212431221,"ROE_AVG_SQ":-7.877737170261,"PE_TTM_SQ":-9.336016553477,"PB_TTM_SQ":0.41075290808,"ROA_SQ":-3.971127069356,"START_DATE":"2022-01-01 00:00:00","FISCAL_YEAR":"12-31","CURRENCY":"HKD","IS_CNY_CODE":0,"DPS_HKD_LY":null,"ORG_TYPE":"证券","PREMIUM_INCOME":null,"PREMIUM_INCOME_YOY":null,"NET_INTEREST_INCOME":null,"NET_INTEREST_INCOME_YOY":null,"FEE_COMMISSION_INCOME":null,"FEE_COMMISSION_INCOME_YOY":null,"ACCOUNTS_RECE_TDAYS":10.97730052033,"INVENTORY_TDAYS":null,"CURRENT_ASSETS_TDAYS":1.362822049607,"TOTAL_ASSETS_TDAYS":0.40862490018,"PREMIUM_EXPENSE":null,"LOAN_DEPOSIT":null,"LOAN_EQUITY":null,"LOAN_ASSETS":null,"DEPOSIT_EQUITY":null,"DEPOSIT_ASSETS":null,"EQUITY_MULTIPLIER":2.047386118711,"EQUITY_RATIO":1.063496259024},{"SECUCODE":"00383.HK","SECURITY_CODE":"00383","SECURITY_NAME_ABBR":"天安卓健","ORG_CODE":"10008873","STD_REPORT_DATE":"2022-06-30 00:00:00","REPORT_DATE":"2022-06-30 00:00:00","DATE_TYPE_CODE":"002","REPORT_TYPE":"2022年中报","PER_NETCASH_OPERATE":-0.000495570665,"PER_OI":0.043347284332,"BPS":1.287416278601,"BASIC_EPS":-0.051482438,"DILUTED_EPS":null,"OPERATE_INCOME":627671831.64,"OPERATE_INCOME_YOY":11.328590714,"GROSS_PROFIT":null,"GROSS_PROFIT_YOY":null,"HOLDER_PROFIT":-37544551.38,"HOLDER_PROFIT_YOY":40.5918889295,"GROSS_PROFIT_RATIO":null,"EPS_TTM":-0.00609857992,"OPERATE_INCOME_QOQ":6.894825402189,"NET_PROFIT_RATIO":-5.4240308683,"ROE_AVG":-2.633834228986,"GROSS_PROFIT_QOQ":null,"ROA":-1.285128288893,"HOLDER_PROFIT_QOQ":21.331531299039,"ROE_YEARLY":-5.267668457972,"ROIC_YEARLY":-3.091736952355,"TOTAL_ASSETS":2858708607.44,"TOTAL_LIABILITIES":1445193277.71,"TAX_EBT":-1.977560325836,"OCF_SALES":-1.143256543989,"TOTAL_PARENT_EQUITY":1396609078.62,"DEBT_ASSET_RATIO":50.5540604575,"OPERATE_PROFIT":-6385703.73,"PRETAX_PROFIT":-33384907.22,"NETCASH_OPERATE":-7175899.29,"NETCASH_INVEST":-38528875.07,"NETCASH_FINANCE":22204153.16,"END_CASH":461359611.58,"DIVI_RATIO":-1.485952487008,"DIVIDEND_RATE":1.492537313433,"CURRENT_RATIO":0.867615628267,"COMMON_ACS":30000000000,"CURRENTDEBT_DEBT":76.969825002411,"ISSUED_COMMON_SHARES":1084815457,"HK_COMMON_SHARES":1084815457,"PER_SHARES":5000,"TOTAL_MARKET_CAP":726826356.19,"HKSK_MARKET_CAP":726826356.19,"PE_TTM":22.968852110669,"PB_TTM":0.399563704236,"REPORT_DATE_SQ":"2021-06-30 00:00:00","REPORT_TYPE_SQ":"2021年中报","OPERATE_INCOME_SQ":548565381.6,"DPS_HKD":0.01,"OPERATE_INCOME_QOQ_SQ":14.436088581264,"NET_PROFIT_RATIO_SQ":-9.9775509275,"HOLDER_PROFIT_SQ":-61489879.92,"HOLDER_PROFIT_QOQ_SQ":2.616285613769,"ROE_AVG_SQ":-4.215287153924,"PE_TTM_SQ":-9.336016553477,"PB_TTM_SQ":0.41075290808,"ROA_SQ":-2.153988036023,"START_DATE":"2022-01-01 00:00:00","FISCAL_YEAR":"12-31","CURRENCY":"HKD","IS_CNY_CODE":0,"DPS_HKD_LY":null,"ORG_TYPE":"证券","PREMIUM_INCOME":null,"PREMIUM_INCOME_YOY":null,"NET_INTEREST_INCOME":null,"NET_INTEREST_INCOME_YOY":null,"FEE_COMMISSION_INCOME":null,"FEE_COMMISSION_INCOME_YOY":null,"ACCOUNTS_RECE_TDAYS":3.839294448121,"INVENTORY_TDAYS":null,"CURRENT_ASSETS_TDAYS":0.695488529437,"TOTAL_ASSETS_TDAYS":0.214848439343,"PREMIUM_EXPENSE":null,"LOAN_DEPOSIT":null,"LOAN_EQUITY":null,"LOAN_ASSETS":null,"DEPOSIT_EQUITY":null,"DEPOSIT_ASSETS":null,"EQUITY_MULTIPLIER":2.022410756581,"EQUITY_RATIO":1.034787257103},{"SECUCODE":"00383.HK","SECURITY_CODE":"00383","SECURITY_NAME_ABBR":"天安卓健","ORG_CODE":"10008873","STD_REPORT_DATE":"2021-12-31 00:00:00","REPORT_DATE":"2021-12-31 00:00:00","DATE_TYPE_CODE":"001","REPORT_TYPE":"2021年年报","PER_NETCASH_OPERATE":0.012389231547,"PER_OI":0.079235148855,"BPS":1.281700125333,"BASIC_EPS":-0.15501696,"DILUTED_EPS":null,"OPERATE_INCOME":1147330721.6,"OPERATE_INCOME_YOY":21.5118901961,"GROSS_PROFIT":null,"GROSS_PROFIT_YOY":null,"HOLDER_PROFIT":-112253209.6,"HOLDER_PROFIT_YOY":-22.6645700808,"GROSS_PROFIT_RATIO":null,"EPS_TTM":-0.00775225452,"OPERATE_INCOME_QOQ":3.150250387941,"NET_PROFIT_RATIO":-9.06939473,"ROE_AVG":-7.877737170261,"GROSS_PROFIT_QOQ":null,"ROA":-3.971127069356,"HOLDER_PROFIT_QOQ":-22.362212431221,"ROE_YEARLY":-7.877737170261,"ROIC_YEARLY":-4.826269450424,"TOTAL_ASSETS":2853046268.8,"TOTAL_LIABILITIES":1449017763.2,"TAX_EBT":-15.209834522215,"OCF_SALES":15.636029875486,"TOTAL_PARENT_EQUITY":1390408107.2,"DEBT_ASSET_RATIO":50.7884424815,"OPERATE_PROFIT":-42695072,"PRETAX_PROFIT":-90318636.8,"NETCASH_OPERATE":179396974.4,"NETCASH_INVEST":-151309144,"NETCASH_FINANCE":-64712222.4,"END_CASH":471338224,"DIVI_RATIO":-1.168976067153,"DIVIDEND_RATE":1.492537313433,"CURRENT_RATIO":0.733741758344,"COMMON_ACS":30000000000,"CURRENTDEBT_DEBT":75.522687698685,"ISSUED_COMMON_SHARES":1084815457,"HK_COMMON_SHARES":1084815457,"PER_SHARES":5000,"TOTAL_MARKET_CAP":726826356.19,"HKSK_MARKET_CAP":726826356.19,"PE_TTM":22.968852110669,"PB_TTM":0.399563704236,"REPORT_DATE_SQ":"2020-12-31 00:00:00","REPORT_TYPE_SQ":"2020年年报","OPERATE_INCOME_SQ":971975528.76,"DPS_HKD":0.01,"OPERATE_INCOME_QOQ_SQ":-12.82345647726,"NET_PROFIT_RATIO_SQ":-9.1040551271,"HOLDER_PROFIT_SQ":-94203081.92,"HOLDER_PROFIT_QOQ_SQ":-538.654173046001,"ROE_AVG_SQ":-6.236064295066,"PE_TTM_SQ":-9.336016553477,"PB_TTM_SQ":0.41075290808,"ROA_SQ":-3.327138991315,"START_DATE":"2021-01-01 00:00:00","FISCAL_YEAR":"12-31","CURRENCY":"HKD","IS_CNY_CODE":0,"DPS_HKD_LY":null,"ORG_TYPE":"证券","PREMIUM_INCOME":null,"PREMIUM_INCOME_YOY":null,"NET_INTEREST_INCOME":null,"NET_INTEREST_INCOME_YOY":null,"FEE_COMMISSION_INCOME":null,"FEE_COMMISSION_INCOME_YOY":null,"ACCOUNTS_RECE_TDAYS":8.578910527008,"INVENTORY_TDAYS":null,"CURRENT_ASSETS_TDAYS":1.419697018749,"TOTAL_ASSETS_TDAYS":0.405885595814,"PREMIUM_EXPENSE":null,"LOAN_DEPOSIT":null,"LOAN_EQUITY":null,"LOAN_ASSETS":null,"DEPOSIT_EQUITY":null,"DEPOSIT_ASSETS":null,"EQUITY_MULTIPLIER":2.032042980196,"EQUITY_RATIO":1.042152843972},{"SECUCODE":"00383.HK","SECURITY_CODE":"00383","SECURITY_NAME_ABBR":"天安卓健","ORG_CODE":"10008873","STD_REPORT_DATE":"2021-06-30 00:00:00","REPORT_DATE":"2021-06-30 00:00:00","DATE_TYPE_CODE":"002","REPORT_TYPE":"2021年中报","PER_NETCASH_OPERATE":0.002399860663,"PER_OI":0.037884159161,"BPS":1.320174903371,"BASIC_EPS":-0.004243608,"DILUTED_EPS":null,"OPERATE_INCOME":548565381.6,"OPERATE_INCOME_YOY":47.508485536,"GROSS_PROFIT":null,"GROSS_PROFIT_YOY":null,"HOLDER_PROFIT":-61489879.92,"HOLDER_PROFIT_YOY":-5.5473827037,"GROSS_PROFIT_RATIO":null,"EPS_TTM":-0.006335497181,"OPERATE_INCOME_QOQ":14.436088581264,"NET_PROFIT_RATIO":-9.9775509275,"ROE_AVG":-4.215287153924,"GROSS_PROFIT_QOQ":null,"ROA":-2.153988036023,"HOLDER_PROFIT_QOQ":2.616285613769,"ROE_YEARLY":-8.430574307848,"ROIC_YEARLY":-5.214665050263,"TOTAL_ASSETS":2859379681.92,"TOTAL_LIABILITIES":1408951079.04,"TAX_EBT":-10.14383550175,"OCF_SALES":6.334733872313,"TOTAL_PARENT_EQUITY":1432146141.12,"DEBT_ASSET_RATIO":49.2747111532,"OPERATE_PROFIT":-24788495.28,"PRETAX_PROFIT":-49692649.68,"NETCASH_OPERATE":34750157.04,"NETCASH_INVEST":-97003886.4,"NETCASH_FINANCE":-7592730,"END_CASH":448524403.2,"DIVI_RATIO":-1.43038497856,"DIVIDEND_RATE":1.492537313433,"CURRENT_RATIO":0.851800432388,"COMMON_ACS":30000000000,"CURRENTDEBT_DEBT":70.613209330014,"ISSUED_COMMON_SHARES":1084815457,"HK_COMMON_SHARES":1084815457,"PER_SHARES":5000,"TOTAL_MARKET_CAP":726826356.19,"HKSK_MARKET_CAP":726826356.19,"PE_TTM":22.968852110669,"PB_TTM":0.399563704236,"REPORT_DATE_SQ":"2020-06-30 00:00:00","REPORT_TYPE_SQ":"2020年中报","OPERATE_INCOME_SQ":408250133.28,"DPS_HKD":0.01,"OPERATE_INCOME_QOQ_SQ":0,"NET_PROFIT_RATIO_SQ":-15.1949827381,"HOLDER_PROFIT_SQ":-63954501.6,"HOLDER_PROFIT_QOQ_SQ":0,"ROE_AVG_SQ":-3.959766084517,"PE_TTM_SQ":-9.336016553477,"PB_TTM_SQ":0.41075290808,"ROA_SQ":-2.175982486472,"START_DATE":"2021-01-01 00:00:00","FISCAL_YEAR":"12-31","CURRENCY":"HKD","IS_CNY_CODE":0,"DPS_HKD_LY":null,"ORG_TYPE":"证券","PREMIUM_INCOME":null,"PREMIUM_INCOME_YOY":null,"NET_INTEREST_INCOME":null,"NET_INTEREST_INCOME_YOY":null,"FEE_COMMISSION_INCOME":null,"FEE_COMMISSION_INCOME_YOY":null,"ACCOUNTS_RECE_TDAYS":3.530794772922,"INVENTORY_TDAYS":null,"CURRENT_ASSETS_TDAYS":0.654921973021,"TOTAL_ASSETS_TDAYS":0.192162233929,"PREMIUM_EXPENSE":null,"LOAN_DEPOSIT":null,"LOAN_EQUITY":null,"LOAN_ASSETS":null,"DEPOSIT_EQUITY":null,"DEPOSIT_ASSETS":null,"EQUITY_MULTIPLIER":1.971403264001,"EQUITY_RATIO":0.983803983816},{"SECUCODE":"00383.HK","SECURITY_CODE":"00383","SECURITY_NAME_ABBR":"天安卓健","ORG_CODE":"10008873","STD_REPORT_DATE":"2020-12-31 00:00:00","REPORT_DATE":"2020-12-31 00:00:00","DATE_TYPE_CODE":"001","REPORT_TYPE":"2020年年报","PER_NETCASH_OPERATE":-0.000885926271,"PER_OI":0.067125044466,"BPS":1.384926506776,"BASIC_EPS":-0.0065058772,"DILUTED_EPS":null,"OPERATE_INCOME":971975528.76,"OPERATE_INCOME_YOY":null,"GROSS_PROFIT":null,"GROSS_PROFIT_YOY":null,"HOLDER_PROFIT":-94203081.92,"HOLDER_PROFIT_YOY":null,"GROSS_PROFIT_RATIO":null,"EPS_TTM":-0.006505705006,"OPERATE_INCOME_QOQ":-12.82345647726,"NET_PROFIT_RATIO":-9.1040551271,"ROE_AVG":-6.236064295066,"GROSS_PROFIT_QOQ":null,"ROA":-3.327138991315,"HOLDER_PROFIT_QOQ":-538.654173046001,"ROE_YEARLY":-6.236064295066,"ROIC_YEARLY":-4.109608405296,"TOTAL_ASSETS":2882763445.36,"TOTAL_LIABILITIES":1367277845.6,"TAX_EBT":-8.882376089973,"OCF_SALES":-1.319814799902,"TOTAL_PARENT_EQUITY":1502389681.36,"DEBT_ASSET_RATIO":47.4294152647,"OPERATE_PROFIT":-39254089.6,"PRETAX_PROFIT":-81270441.68,"NETCASH_OPERATE":-13263404.76,"NETCASH_INVEST":-103713613.92,"NETCASH_FINANCE":92147797.04,"END_CASH":518849177.36,"DIVI_RATIO":-1.392962022144,"DIVIDEND_RATE":1.492537313433,"CURRENT_RATIO":0.882124526923,"COMMON_ACS":30000000000,"CURRENTDEBT_DEBT":69.418050648184,"ISSUED_COMMON_SHARES":1084815457,"HK_COMMON_SHARES":1084815457,"PER_SHARES":5000,"TOTAL_MARKET_CAP":726826356.19,"HKSK_MARKET_CAP":726826356.19,"PE_TTM":22.968852110669,"PB_TTM":0.399563704236,"REPORT_DATE_SQ":"2019-12-31 00:00:00","REPORT_TYPE_SQ":"2019年年报","OPERATE_INCOME_SQ":null,"DPS_HKD":0.01,"OPERATE_INCOME_QOQ_SQ":0,"NET_PROFIT_RATIO_SQ":null,"HOLDER_PROFIT_SQ":null,"HOLDER_PROFIT_QOQ_SQ":0,"ROE_AVG_SQ":null,"PE_TTM_SQ":-9.336016553477,"PB_TTM_SQ":0.41075290808,"ROA_SQ":null,"START_DATE":"2020-01-01 00:00:00","FISCAL_YEAR":"12-31","CURRENCY":"HKD","IS_CNY_CODE":0,"DPS_HKD_LY":null,"ORG_TYPE":"证券","PREMIUM_INCOME":null,"PREMIUM_INCOME_YOY":null,"NET_INTEREST_INCOME":null,"NET_INTEREST_INCOME_YOY":null,"FEE_COMMISSION_INCOME":null,"FEE_COMMISSION_INCOME_YOY":null,"ACCOUNTS_RECE_TDAYS":9.394252943689,"INVENTORY_TDAYS":null,"CURRENT_ASSETS_TDAYS":1.113021093602,"TOTAL_ASSETS_TDAYS":0.34329000861,"PREMIUM_EXPENSE":null,"LOAN_DEPOSIT":null,"LOAN_EQUITY":null,"LOAN_ASSETS":null,"DEPOSIT_EQUITY":null,"DEPOSIT_ASSETS":null,"EQUITY_MULTIPLIER":1.902204445766,"EQUITY_RATIO":0.910068714238},{"SECUCODE":"00383.HK","SECURITY_CODE":"00383","SECURITY_NAME_ABBR":"天安卓健","ORG_CODE":"10008873","STD_REPORT_DATE":"2020-06-30 00:00:00","REPORT_DATE":"2020-06-30 00:00:00","DATE_TYPE_CODE":"002","REPORT_TYPE":"2020年中报","PER_NETCASH_OPERATE":-0.00675847579,"PER_OI":0.028193928282,"BPS":1.458126870477,"BASIC_EPS":-0.004384512,"DILUTED_EPS":null,"OPERATE_INCOME":408250133.28,"OPERATE_INCOME_YOY":-29.344726192,"GROSS_PROFIT":null,"GROSS_PROFIT_YOY":null,"HOLDER_PROFIT":-63954501.6,"HOLDER_PROFIT_YOY":-675.6865647098,"GROSS_PROFIT_RATIO":null,"EPS_TTM":0.001483105691,"OPERATE_INCOME_QOQ":0,"NET_PROFIT_RATIO":-15.1949827381,"ROE_AVG":-3.959766084517,"GROSS_PROFIT_QOQ":null,"ROA":-2.175982486472,"HOLDER_PROFIT_QOQ":0,"ROE_YEARLY":-7.919532169034,"ROIC_YEARLY":-5.325696399555,"TOTAL_ASSETS":2861117872.8,"TOTAL_LIABILITIES":1271597997.12,"TAX_EBT":-0.979881938352,"OCF_SALES":-23.971387466242,"TOTAL_PARENT_EQUITY":1581798567.36,"DEBT_ASSET_RATIO":44.444096806,"OPERATE_PROFIT":-41435465.28,"PRETAX_PROFIT":-61431580.32,"NETCASH_OPERATE":-97863221.28,"NETCASH_INVEST":-55934498.4,"NETCASH_FINANCE":27780450.72,"END_CASH":474197760.96,"DIVI_RATIO":6.110286039081,"DIVIDEND_RATE":1.492537313433,"CURRENT_RATIO":0.834205423449,"COMMON_ACS":30000000000,"CURRENTDEBT_DEBT":74.201600749373,"ISSUED_COMMON_SHARES":1084815457,"HK_COMMON_SHARES":1084815457,"PER_SHARES":5000,"TOTAL_MARKET_CAP":726826356.19,"HKSK_MARKET_CAP":726826356.19,"PE_TTM":22.968852110669,"PB_TTM":0.399563704236,"REPORT_DATE_SQ":"2019-06-30 00:00:00","REPORT_TYPE_SQ":"2019年中报","OPERATE_INCOME_SQ":556437729.6,"DPS_HKD":0.01,"OPERATE_INCOME_QOQ_SQ":12.593674722951,"NET_PROFIT_RATIO_SQ":2.2832616669,"HOLDER_PROFIT_SQ":10698424.92,"HOLDER_PROFIT_QOQ_SQ":149.477378144404,"ROE_AVG_SQ":null,"PE_TTM_SQ":-9.336016553477,"PB_TTM_SQ":0.41075290808,"ROA_SQ":null,"START_DATE":"2020-01-01 00:00:00","FISCAL_YEAR":"12-31","CURRENCY":"HKD","IS_CNY_CODE":0,"DPS_HKD_LY":null,"ORG_TYPE":"证券","PREMIUM_INCOME":null,"PREMIUM_INCOME_YOY":null,"NET_INTEREST_INCOME":null,"NET_INTEREST_INCOME_YOY":null,"FEE_COMMISSION_INCOME":null,"FEE_COMMISSION_INCOME_YOY":null,"ACCOUNTS_RECE_TDAYS":4.501510787019,"INVENTORY_TDAYS":null,"CURRENT_ASSETS_TDAYS":0.460264890432,"TOTAL_ASSETS_TDAYS":0.138902675792,"PREMIUM_EXPENSE":null,"LOAN_DEPOSIT":null,"LOAN_EQUITY":null,"LOAN_ASSETS":null,"DEPOSIT_EQUITY":null,"DEPOSIT_ASSETS":null,"EQUITY_MULTIPLIER":1.799988736585,"EQUITY_RATIO":0.803893759521}],"count":46},"success":true,"message":"ok","code":0}