{"version":"4ee49e85dddeb134e843649198a02072","result":{"pages":6,"data":[{"SECUCODE":"00391.HK","SECURITY_CODE":"00391","SECURITY_NAME_ABBR":"美亚娱乐资讯","ORG_CODE":"10008879","STD_REPORT_DATE":"2024-06-30 00:00:00","REPORT_DATE":"2024-09-30 00:00:00","DATE_TYPE_CODE":"002","REPORT_TYPE":"2024年中报","PER_NETCASH_OPERATE":0.001040362068,"PER_OI":0.012378694932,"BPS":0.041535930346,"BASIC_EPS":-0.005500919,"DILUTED_EPS":-0.005500919,"OPERATE_INCOME":73328152.06,"OPERATE_INCOME_YOY":31.9625440205,"GROSS_PROFIT":14645069.6,"GROSS_PROFIT_YOY":-61.457526555077,"HOLDER_PROFIT":-32477966.85,"HOLDER_PROFIT_YOY":-697.1447543161,"GROSS_PROFIT_RATIO":19.971960547999,"EPS_TTM":-0.003282486367,"OPERATE_INCOME_QOQ":0,"NET_PROFIT_RATIO":-47.7470054357,"ROE_AVG":-12.389103505688,"GROSS_PROFIT_QOQ":0,"ROA":-5.603646454486,"HOLDER_PROFIT_QOQ":0,"ROE_YEARLY":-24.778207011376,"ROIC_YEARLY":-11.696476199059,"TOTAL_ASSETS":562961345.09,"TOTAL_LIABILITIES":313588454.6,"TAX_EBT":1.253878630653,"OCF_SALES":8.404456797108,"TOTAL_PARENT_EQUITY":246047990.76,"DEBT_ASSET_RATIO":55.7033724136,"OPERATE_PROFIT":-31963044.76,"PRETAX_PROFIT":-35456579.22,"NETCASH_OPERATE":6162832.86,"NETCASH_INVEST":-7602089.7,"NETCASH_FINANCE":-4069778.27,"END_CASH":2475413.55,"DIVI_RATIO":null,"DIVIDEND_RATE":null,"CURRENT_RATIO":0.590904042237,"COMMON_ACS":15000000000,"CURRENTDEBT_DEBT":38.836199459366,"ISSUED_COMMON_SHARES":5923738525,"HK_COMMON_SHARES":5923738525,"PER_SHARES":20000,"TOTAL_MARKET_CAP":503517774.625,"HKSK_MARKET_CAP":503517774.625,"PE_TTM":-9.510024829543,"PB_TTM":1.845441991119,"REPORT_DATE_SQ":"2023-06-30 00:00:00","REPORT_TYPE_SQ":"2023年中报","OPERATE_INCOME_SQ":56543442.97,"DPS_HKD":null,"OPERATE_INCOME_QOQ_SQ":0,"NET_PROFIT_RATIO_SQ":-7.4522468719,"HOLDER_PROFIT_SQ":-4145852.34,"HOLDER_PROFIT_QOQ_SQ":0,"ROE_AVG_SQ":-1.363860709914,"PE_TTM_SQ":-32.020208243243,"PB_TTM_SQ":2.324170509419,"ROA_SQ":-0.667804308801,"START_DATE":"2024-04-01 00:00:00","FISCAL_YEAR":"3-31","CURRENCY":"HKD","IS_CNY_CODE":0,"DPS_HKD_LY":null,"ORG_TYPE":"一般企业","PREMIUM_INCOME":null,"PREMIUM_INCOME_YOY":null,"NET_INTEREST_INCOME":null,"NET_INTEREST_INCOME_YOY":null,"FEE_COMMISSION_INCOME":null,"FEE_COMMISSION_INCOME_YOY":null,"ACCOUNTS_RECE_TDAYS":null,"INVENTORY_TDAYS":48.346210995542,"CURRENT_ASSETS_TDAYS":0.896209674753,"TOTAL_ASSETS_TDAYS":0.126518091851,"PREMIUM_EXPENSE":null,"LOAN_DEPOSIT":null,"LOAN_EQUITY":null,"LOAN_ASSETS":null,"DEPOSIT_EQUITY":null,"DEPOSIT_ASSETS":null,"EQUITY_MULTIPLIER":2.257508199805,"EQUITY_RATIO":1.274501180162},{"SECUCODE":"00391.HK","SECURITY_CODE":"00391","SECURITY_NAME_ABBR":"美亚娱乐资讯","ORG_CODE":"10008879","STD_REPORT_DATE":"2023-12-31 00:00:00","REPORT_DATE":"2024-03-31 00:00:00","DATE_TYPE_CODE":"001","REPORT_TYPE":"2023年年报","PER_NETCASH_OPERATE":0.00342113771,"PER_OI":0.018033244605,"BPS":0.047220117417,"BASIC_EPS":-0.00326358,"DILUTED_EPS":-0.00326358,"OPERATE_INCOME":106824225.8,"OPERATE_INCOME_YOY":55.9296016938,"GROSS_PROFIT":51309823.45,"GROSS_PROFIT_YOY":259.496652130892,"HOLDER_PROFIT":-19444590.95,"HOLDER_PROFIT_YOY":56.1504650925,"GROSS_PROFIT_RATIO":48.032010590991,"EPS_TTM":-0.003442314661,"OPERATE_INCOME_QOQ":0,"NET_PROFIT_RATIO":-19.8878101769,"ROE_AVG":-6.705463253442,"GROSS_PROFIT_QOQ":0,"ROA":-3.179414812169,"HOLDER_PROFIT_QOQ":0,"ROE_YEARLY":-6.705463253442,"ROIC_YEARLY":-3.383437890908,"TOTAL_ASSETS":599358280.1,"TOTAL_LIABILITIES":313748796.05,"TAX_EBT":9.934665641814,"OCF_SALES":18.971282120914,"TOTAL_PARENT_EQUITY":279719628.7,"DEBT_ASSET_RATIO":52.3474533459,"OPERATE_PROFIT":-15511070.5,"PRETAX_PROFIT":-23588431,"NETCASH_OPERATE":20265925.25,"NETCASH_INVEST":-22692759.6,"NETCASH_FINANCE":-13054320,"END_CASH":7416485.55,"DIVI_RATIO":null,"DIVIDEND_RATE":null,"CURRENT_RATIO":0.705827217752,"COMMON_ACS":15000000000,"CURRENTDEBT_DEBT":41.616511264378,"ISSUED_COMMON_SHARES":5923738525,"HK_COMMON_SHARES":5923738525,"PER_SHARES":20000,"TOTAL_MARKET_CAP":574602636.925,"HKSK_MARKET_CAP":574602636.925,"PE_TTM":-10.852616570185,"PB_TTM":2.105974978101,"REPORT_DATE_SQ":"2022-12-31 00:00:00","REPORT_TYPE_SQ":"2022年年报","OPERATE_INCOME_SQ":66154733.7,"DPS_HKD":null,"OPERATE_INCOME_QOQ_SQ":0,"NET_PROFIT_RATIO_SQ":-65.0469763134,"HOLDER_PROFIT_SQ":-42820680.15,"HOLDER_PROFIT_QOQ_SQ":0,"ROE_AVG_SQ":-14.16672217701,"PE_TTM_SQ":-20.345253443729,"PB_TTM_SQ":3.003543427557,"ROA_SQ":-6.768855653098,"START_DATE":"2023-04-01 00:00:00","FISCAL_YEAR":"3-31","CURRENCY":"HKD","IS_CNY_CODE":0,"DPS_HKD_LY":null,"ORG_TYPE":"一般企业","PREMIUM_INCOME":null,"PREMIUM_INCOME_YOY":null,"NET_INTEREST_INCOME":null,"NET_INTEREST_INCOME_YOY":null,"FEE_COMMISSION_INCOME":null,"FEE_COMMISSION_INCOME_YOY":null,"ACCOUNTS_RECE_TDAYS":null,"INVENTORY_TDAYS":82.976964769648,"CURRENT_ASSETS_TDAYS":1.186535227719,"TOTAL_ASSETS_TDAYS":0.174669925781,"PREMIUM_EXPENSE":null,"LOAN_DEPOSIT":null,"LOAN_EQUITY":null,"LOAN_ASSETS":null,"DEPOSIT_EQUITY":null,"DEPOSIT_ASSETS":null,"EQUITY_MULTIPLIER":2.098523731079,"EQUITY_RATIO":1.121654556415},{"SECUCODE":"00391.HK","SECURITY_CODE":"00391","SECURITY_NAME_ABBR":"美亚娱乐资讯","ORG_CODE":"10008879","STD_REPORT_DATE":"2023-06-30 00:00:00","REPORT_DATE":"2023-09-30 00:00:00","DATE_TYPE_CODE":"002","REPORT_TYPE":"2023年中报","PER_NETCASH_OPERATE":0.003495481926,"PER_OI":0.009545229374,"BPS":0.051326655904,"BASIC_EPS":-0.000734104,"DILUTED_EPS":-0.000734104,"OPERATE_INCOME":56543442.97,"OPERATE_INCOME_YOY":108.8071840054,"GROSS_PROFIT":37997223.04,"GROSS_PROFIT_YOY":96.344712400912,"HOLDER_PROFIT":-4145852.34,"HOLDER_PROFIT_YOY":84.6237620393,"GROSS_PROFIT_RATIO":67.200051932034,"EPS_TTM":-0.007228658046,"OPERATE_INCOME_QOQ":0,"NET_PROFIT_RATIO":-7.4522468719,"ROE_AVG":-1.363860709914,"GROSS_PROFIT_QOQ":0,"ROA":-0.667804308801,"HOLDER_PROFIT_QOQ":0,"ROE_YEARLY":-2.727721419828,"ROIC_YEARLY":-1.438874123992,"TOTAL_ASSETS":610215691.33,"TOTAL_LIABILITIES":298426122.82,"TAX_EBT":8.196721311475,"OCF_SALES":36.620198315455,"TOTAL_PARENT_EQUITY":304045688.94,"DEBT_ASSET_RATIO":48.9050227747,"OPERATE_PROFIT":-178020.22,"PRETAX_PROFIT":-4589985.26,"NETCASH_OPERATE":20706320.95,"NETCASH_INVEST":-8910187.3,"NETCASH_FINANCE":-6631712.01,"END_CASH":28928285.75,"DIVI_RATIO":null,"DIVIDEND_RATE":null,"CURRENT_RATIO":0.805365448505,"COMMON_ACS":15000000000,"CURRENTDEBT_DEBT":37.021776430289,"ISSUED_COMMON_SHARES":5923738525,"HK_COMMON_SHARES":5923738525,"PER_SHARES":20000,"TOTAL_MARKET_CAP":574602636.925,"HKSK_MARKET_CAP":574602636.925,"PE_TTM":-10.852616570185,"PB_TTM":2.105974978101,"REPORT_DATE_SQ":"2022-06-30 00:00:00","REPORT_TYPE_SQ":"2022年中报","OPERATE_INCOME_SQ":26690024.4,"DPS_HKD":null,"OPERATE_INCOME_QOQ_SQ":0,"NET_PROFIT_RATIO_SQ":-101.6638427652,"HOLDER_PROFIT_SQ":-26575160.52,"HOLDER_PROFIT_QOQ_SQ":0,"ROE_AVG_SQ":-8.303249607558,"PE_TTM_SQ":-20.345253443729,"PB_TTM_SQ":3.003543427557,"ROA_SQ":-3.985962380047,"START_DATE":"2023-04-01 00:00:00","FISCAL_YEAR":"3-31","CURRENCY":"HKD","IS_CNY_CODE":0,"DPS_HKD_LY":null,"ORG_TYPE":"一般企业","PREMIUM_INCOME":null,"PREMIUM_INCOME_YOY":null,"NET_INTEREST_INCOME":null,"NET_INTEREST_INCOME_YOY":null,"FEE_COMMISSION_INCOME":null,"FEE_COMMISSION_INCOME_YOY":null,"ACCOUNTS_RECE_TDAYS":null,"INVENTORY_TDAYS":90.227678571429,"CURRENT_ASSETS_TDAYS":0.635486549062,"TOTAL_ASSETS_TDAYS":0.091078870527,"PREMIUM_EXPENSE":null,"LOAN_DEPOSIT":null,"LOAN_EQUITY":null,"LOAN_ASSETS":null,"DEPOSIT_EQUITY":null,"DEPOSIT_ASSETS":null,"EQUITY_MULTIPLIER":1.957139535635,"EQUITY_RATIO":0.981517362935},{"SECUCODE":"00391.HK","SECURITY_CODE":"00391","SECURITY_NAME_ABBR":"美亚娱乐资讯","ORG_CODE":"10008879","STD_REPORT_DATE":"2022-12-31 00:00:00","REPORT_DATE":"2023-03-31 00:00:00","DATE_TYPE_CODE":"001","REPORT_TYPE":"2022年年报","PER_NETCASH_OPERATE":0.007935933062,"PER_OI":0.011167733589,"BPS":0.048943697111,"BASIC_EPS":-0.007265903,"DILUTED_EPS":-0.007265903,"OPERATE_INCOME":66154733.7,"OPERATE_INCOME_YOY":-3.3854100079,"GROSS_PROFIT":14272684.64,"GROSS_PROFIT_YOY":-54.375717937619,"HOLDER_PROFIT":-42820680.15,"HOLDER_PROFIT_YOY":-24.6813825449,"GROSS_PROFIT_RATIO":21.574698954612,"EPS_TTM":-0.00889085216,"OPERATE_INCOME_QOQ":0,"NET_PROFIT_RATIO":-65.0469763134,"ROE_AVG":-14.16672217701,"GROSS_PROFIT_QOQ":0,"ROA":-6.768855653098,"HOLDER_PROFIT_QOQ":0,"ROE_YEARLY":-14.16672217701,"ROIC_YEARLY":-7.136245166458,"TOTAL_ASSETS":602369621,"TOTAL_LIABILITIES":304987591.54,"TAX_EBT":7.430981883922,"OCF_SALES":71.061267698822,"TOTAL_PARENT_EQUITY":289929664.13,"DEBT_ASSET_RATIO":50.6313035896,"OPERATE_PROFIT":-38402485.88,"PRETAX_PROFIT":-46486021.82,"NETCASH_OPERATE":47010392.41,"NETCASH_INVEST":-8260368.76,"NETCASH_FINANCE":-4511863.14,"END_CASH":23730614.28,"DIVI_RATIO":null,"DIVIDEND_RATE":null,"CURRENT_RATIO":0.730810395249,"COMMON_ACS":15000000000,"CURRENTDEBT_DEBT":38.082171334753,"ISSUED_COMMON_SHARES":5923738525,"HK_COMMON_SHARES":5923738525,"PER_SHARES":20000,"TOTAL_MARKET_CAP":598297591.025,"HKSK_MARKET_CAP":598297591.025,"PE_TTM":-11.300147150399,"PB_TTM":2.192819307095,"REPORT_DATE_SQ":"2021-12-31 00:00:00","REPORT_TYPE_SQ":"2021年年报","OPERATE_INCOME_SQ":63435580.18,"DPS_HKD":null,"OPERATE_INCOME_QOQ_SQ":0,"NET_PROFIT_RATIO_SQ":-50.2863790943,"HOLDER_PROFIT_SQ":-31817544.32,"HOLDER_PROFIT_QOQ_SQ":0,"ROE_AVG_SQ":-10.691170900133,"PE_TTM_SQ":-21.192972337218,"PB_TTM_SQ":3.128691070372,"ROA_SQ":-5.101382036067,"START_DATE":"2022-04-01 00:00:00","FISCAL_YEAR":"3-31","CURRENCY":"HKD","IS_CNY_CODE":0,"DPS_HKD_LY":null,"ORG_TYPE":"一般企业","PREMIUM_INCOME":null,"PREMIUM_INCOME_YOY":null,"NET_INTEREST_INCOME":null,"NET_INTEREST_INCOME_YOY":null,"FEE_COMMISSION_INCOME":null,"FEE_COMMISSION_INCOME_YOY":null,"ACCOUNTS_RECE_TDAYS":null,"INVENTORY_TDAYS":213.571171171171,"CURRENT_ASSETS_TDAYS":0.849144057846,"TOTAL_ASSETS_TDAYS":0.104573734377,"PREMIUM_EXPENSE":null,"LOAN_DEPOSIT":null,"LOAN_EQUITY":null,"LOAN_ASSETS":null,"DEPOSIT_EQUITY":null,"DEPOSIT_ASSETS":null,"EQUITY_MULTIPLIER":2.025575056078,"EQUITY_RATIO":1.051936484165},{"SECUCODE":"00391.HK","SECURITY_CODE":"00391","SECURITY_NAME_ABBR":"美亚娱乐资讯","ORG_CODE":"10008879","STD_REPORT_DATE":"2022-06-30 00:00:00","REPORT_DATE":"2022-09-30 00:00:00","DATE_TYPE_CODE":"002","REPORT_TYPE":"2022年中报","PER_NETCASH_OPERATE":0.002721226477,"PER_OI":0.004505604744,"BPS":0.053190564876,"BASIC_EPS":-0.0045222,"DILUTED_EPS":-0.0045222,"OPERATE_INCOME":26690024.4,"OPERATE_INCOME_YOY":-24.5326445541,"GROSS_PROFIT":19352302.68,"GROSS_PROFIT_YOY":-0.970318093817,"HOLDER_PROFIT":-26575160.52,"HOLDER_PROFIT_YOY":-327.5134584606,"GROSS_PROFIT_RATIO":72.507624534056,"EPS_TTM":-0.00537119324,"OPERATE_INCOME_QOQ":0,"NET_PROFIT_RATIO":-101.6638427652,"ROE_AVG":-8.303249607558,"GROSS_PROFIT_QOQ":0,"ROA":-3.985962380047,"HOLDER_PROFIT_QOQ":0,"ROE_YEARLY":-16.606499215115,"ROIC_YEARLY":-8.268312844053,"TOTAL_ASSETS":648599248.32,"TOTAL_LIABILITIES":325470873.96,"TAX_EBT":3.281859505464,"OCF_SALES":60.396475770925,"TOTAL_PARENT_EQUITY":315086998.32,"DEBT_ASSET_RATIO":50.1805814304,"OPERATE_PROFIT":-23614023.96,"PRETAX_PROFIT":-28054824.36,"NETCASH_OPERATE":16119834.12,"NETCASH_INVEST":6089594.52,"NETCASH_FINANCE":-6118536.6,"END_CASH":4987082.16,"DIVI_RATIO":null,"DIVIDEND_RATE":null,"CURRENT_RATIO":0.462090645634,"COMMON_ACS":15000000000,"CURRENTDEBT_DEBT":39.601899632912,"ISSUED_COMMON_SHARES":5923738525,"HK_COMMON_SHARES":5923738525,"PER_SHARES":20000,"TOTAL_MARKET_CAP":497594036.1,"HKSK_MARKET_CAP":497594036.1,"PE_TTM":-9.39814218449,"PB_TTM":1.823730908871,"REPORT_DATE_SQ":"2021-06-30 00:00:00","REPORT_TYPE_SQ":"2021年中报","OPERATE_INCOME_SQ":32575145.18,"DPS_HKD":null,"OPERATE_INCOME_QOQ_SQ":0,"NET_PROFIT_RATIO_SQ":-17.5766565225,"HOLDER_PROFIT_SQ":-5725621.38,"HOLDER_PROFIT_QOQ_SQ":0,"ROE_AVG_SQ":-1.830093901152,"PE_TTM_SQ":-34.483301185031,"PB_TTM_SQ":2.502952856298,"ROA_SQ":-0.880475992521,"START_DATE":"2022-04-01 00:00:00","FISCAL_YEAR":"3-31","CURRENCY":"HKD","IS_CNY_CODE":0,"DPS_HKD_LY":null,"ORG_TYPE":"一般企业","PREMIUM_INCOME":null,"PREMIUM_INCOME_YOY":null,"NET_INTEREST_INCOME":null,"NET_INTEREST_INCOME_YOY":null,"FEE_COMMISSION_INCOME":null,"FEE_COMMISSION_INCOME_YOY":null,"ACCOUNTS_RECE_TDAYS":null,"INVENTORY_TDAYS":26.556464811784,"CURRENT_ASSETS_TDAYS":0.401816411702,"TOTAL_ASSETS_TDAYS":0.040031906148,"PREMIUM_EXPENSE":null,"LOAN_DEPOSIT":null,"LOAN_EQUITY":null,"LOAN_ASSETS":null,"DEPOSIT_EQUITY":null,"DEPOSIT_ASSETS":null,"EQUITY_MULTIPLIER":2.007249439499,"EQUITY_RATIO":1.032955582729},{"SECUCODE":"00391.HK","SECURITY_CODE":"00391","SECURITY_NAME_ABBR":"美亚娱乐资讯","ORG_CODE":"10008879","STD_REPORT_DATE":"2021-12-31 00:00:00","REPORT_DATE":"2022-03-31 00:00:00","DATE_TYPE_CODE":"001","REPORT_TYPE":"2021年年报","PER_NETCASH_OPERATE":0.000552425691,"PER_OI":0.010708706995,"BPS":0.049200661282,"BASIC_EPS":-0.005352666,"DILUTED_EPS":-0.005352666,"OPERATE_INCOME":63435580.18,"OPERATE_INCOME_YOY":-18.1717370381,"GROSS_PROFIT":31283088.73,"GROSS_PROFIT_YOY":-9.826486116446,"HOLDER_PROFIT":-31817544.32,"HOLDER_PROFIT_YOY":32.6477707772,"GROSS_PROFIT_RATIO":49.314735738577,"EPS_TTM":-0.005530150452,"OPERATE_INCOME_QOQ":0,"NET_PROFIT_RATIO":-50.2863790943,"ROE_AVG":-10.691170900133,"GROSS_PROFIT_QOQ":0,"ROA":-5.101382036067,"HOLDER_PROFIT_QOQ":0,"ROE_YEARLY":-10.691170900133,"ROIC_YEARLY":-5.312318045795,"TOTAL_ASSETS":614093527.96,"TOTAL_LIABILITIES":314929781.18,"TAX_EBT":7.606116840102,"OCF_SALES":5.158659132169,"TOTAL_PARENT_EQUITY":291451852.69,"DEBT_ASSET_RATIO":51.2836834849,"OPERATE_PROFIT":-28871144.99,"PRETAX_PROFIT":-34525506.71,"NETCASH_OPERATE":3272425.35,"NETCASH_INVEST":-11998081.94,"NETCASH_FINANCE":-3704693.68,"END_CASH":-9271466.32,"DIVI_RATIO":null,"DIVIDEND_RATE":null,"CURRENT_RATIO":0.496674737197,"COMMON_ACS":15000000000,"CURRENTDEBT_DEBT":42.013246874984,"ISSUED_COMMON_SHARES":5923738525,"HK_COMMON_SHARES":5923738525,"PER_SHARES":20000,"TOTAL_MARKET_CAP":503517774.625,"HKSK_MARKET_CAP":503517774.625,"PE_TTM":-9.510024829543,"PB_TTM":1.845441991119,"REPORT_DATE_SQ":"2020-12-31 00:00:00","REPORT_TYPE_SQ":"2020年年报","OPERATE_INCOME_SQ":80789065.84,"DPS_HKD":null,"OPERATE_INCOME_QOQ_SQ":0,"NET_PROFIT_RATIO_SQ":-62.1385529564,"HOLDER_PROFIT_SQ":-49230889.82,"HOLDER_PROFIT_QOQ_SQ":0,"ROE_AVG_SQ":-14.349907247505,"PE_TTM_SQ":-35.961156950104,"PB_TTM_SQ":2.610222264425,"ROA_SQ":-7.069885654015,"START_DATE":"2021-04-01 00:00:00","FISCAL_YEAR":"3-31","CURRENCY":"HKD","IS_CNY_CODE":0,"DPS_HKD_LY":null,"ORG_TYPE":"一般企业","PREMIUM_INCOME":null,"PREMIUM_INCOME_YOY":null,"NET_INTEREST_INCOME":null,"NET_INTEREST_INCOME_YOY":null,"FEE_COMMISSION_INCOME":null,"FEE_COMMISSION_INCOME_YOY":null,"ACCOUNTS_RECE_TDAYS":null,"INVENTORY_TDAYS":170.516129032258,"CURRENT_ASSETS_TDAYS":0.864535667706,"TOTAL_ASSETS_TDAYS":0.101707764095,"PREMIUM_EXPENSE":null,"LOAN_DEPOSIT":null,"LOAN_EQUITY":null,"LOAN_ASSETS":null,"DEPOSIT_EQUITY":null,"DEPOSIT_ASSETS":null,"EQUITY_MULTIPLIER":2.052700350795,"EQUITY_RATIO":1.08055508405},{"SECUCODE":"00391.HK","SECURITY_CODE":"00391","SECURITY_NAME_ABBR":"美亚娱乐资讯","ORG_CODE":"10008879","STD_REPORT_DATE":"2021-06-30 00:00:00","REPORT_DATE":"2021-09-30 00:00:00","DATE_TYPE_CODE":"002","REPORT_TYPE":"2021年中报","PER_NETCASH_OPERATE":-0.00057138288,"PER_OI":0.005499085593,"BPS":0.052956490992,"BASIC_EPS":-0.000999672,"DILUTED_EPS":-0.000999672,"OPERATE_INCOME":32575145.18,"OPERATE_INCOME_YOY":20.4800345083,"GROSS_PROFIT":19541921.48,"GROSS_PROFIT_YOY":11.619537755854,"HOLDER_PROFIT":-5725621.38,"HOLDER_PROFIT_YOY":72.7920509877,"GROSS_PROFIT_RATIO":59.990282075544,"EPS_TTM":-0.008310780365,"OPERATE_INCOME_QOQ":0,"NET_PROFIT_RATIO":-17.5766565225,"ROE_AVG":-1.830093901152,"GROSS_PROFIT_QOQ":0,"ROA":-0.880475992521,"HOLDER_PROFIT_QOQ":0,"ROE_YEARLY":-3.660187802303,"ROIC_YEARLY":-1.826661200592,"TOTAL_ASSETS":650040050.24,"TOTAL_LIABILITIES":328665495.68,"TAX_EBT":-7.727272727273,"OCF_SALES":-10.390507122216,"TOTAL_PARENT_EQUITY":313700405.84,"DEBT_ASSET_RATIO":50.5608070701,"OPERATE_PROFIT":-3814581.74,"PRETAX_PROFIT":-5314922.8,"NETCASH_OPERATE":-3384722.78,"NETCASH_INVEST":-10879763.6,"NETCASH_FINANCE":-255749.42,"END_CASH":-11592862.96,"DIVI_RATIO":null,"DIVIDEND_RATE":null,"CURRENT_RATIO":0.481100067174,"COMMON_ACS":15000000000,"CURRENTDEBT_DEBT":44.524596479844,"ISSUED_COMMON_SHARES":5923738525,"HK_COMMON_SHARES":5923738525,"PER_SHARES":20000,"TOTAL_MARKET_CAP":497594036.1,"HKSK_MARKET_CAP":497594036.1,"PE_TTM":-9.39814218449,"PB_TTM":1.823730908871,"REPORT_DATE_SQ":"2020-06-30 00:00:00","REPORT_TYPE_SQ":"2020年中报","OPERATE_INCOME_SQ":28519736.32,"DPS_HKD":null,"OPERATE_INCOME_QOQ_SQ":0,"NET_PROFIT_RATIO_SQ":-79.4922356421,"HOLDER_PROFIT_SQ":-22197345.92,"HOLDER_PROFIT_QOQ_SQ":0,"ROE_AVG_SQ":-5.99755928469,"PE_TTM_SQ":-34.483301185031,"PB_TTM_SQ":2.502952856298,"ROA_SQ":-2.970585779619,"START_DATE":"2021-04-01 00:00:00","FISCAL_YEAR":"3-31","CURRENCY":"HKD","IS_CNY_CODE":0,"DPS_HKD_LY":null,"ORG_TYPE":"一般企业","PREMIUM_INCOME":null,"PREMIUM_INCOME_YOY":null,"NET_INTEREST_INCOME":null,"NET_INTEREST_INCOME_YOY":null,"FEE_COMMISSION_INCOME":null,"FEE_COMMISSION_INCOME_YOY":null,"ACCOUNTS_RECE_TDAYS":null,"INVENTORY_TDAYS":63.59756097561,"CURRENT_ASSETS_TDAYS":0.424043941029,"TOTAL_ASSETS_TDAYS":0.05009348572,"PREMIUM_EXPENSE":null,"LOAN_DEPOSIT":null,"LOAN_EQUITY":null,"LOAN_ASSETS":null,"DEPOSIT_EQUITY":null,"DEPOSIT_ASSETS":null,"EQUITY_MULTIPLIER":2.022686740493,"EQUITY_RATIO":1.047705038187},{"SECUCODE":"00391.HK","SECURITY_CODE":"00391","SECURITY_NAME_ABBR":"美亚娱乐资讯","ORG_CODE":"10008879","STD_REPORT_DATE":"2020-12-31 00:00:00","REPORT_DATE":"2021-03-31 00:00:00","DATE_TYPE_CODE":"001","REPORT_TYPE":"2020年年报","PER_NETCASH_OPERATE":0.001967227586,"PER_OI":0.013638189042,"BPS":0.053438878466,"BASIC_EPS":-0.008282764,"DILUTED_EPS":-0.008282764,"OPERATE_INCOME":80789065.84,"OPERATE_INCOME_YOY":-37.7714702359,"GROSS_PROFIT":34692103.46,"GROSS_PROFIT_YOY":-54.81355763086,"HOLDER_PROFIT":-49230889.82,"HOLDER_PROFIT_YOY":40.0656459645,"GROSS_PROFIT_RATIO":42.941582625434,"EPS_TTM":-0.013399994047,"OPERATE_INCOME_QOQ":0,"NET_PROFIT_RATIO":-62.1385529564,"ROE_AVG":-14.349907247505,"GROSS_PROFIT_QOQ":0,"ROA":-7.069885654015,"HOLDER_PROFIT_QOQ":0,"ROE_YEARLY":-14.349907247505,"ROIC_YEARLY":-7.367509043535,"TOTAL_ASSETS":659998526.46,"TOTAL_LIABILITIES":335654785.2,"TAX_EBT":11.562914104492,"OCF_SALES":14.424404736996,"TOTAL_PARENT_EQUITY":316557943.1,"DEBT_ASSET_RATIO":50.8568991813,"OPERATE_PROFIT":-47595466.52,"PRETAX_PROFIT":-56764824.34,"NETCASH_OPERATE":11653341.84,"NETCASH_INVEST":-8614074.56,"NETCASH_FINANCE":-6892442.9,"END_CASH":2833043.36,"DIVI_RATIO":null,"DIVIDEND_RATE":null,"CURRENT_RATIO":0.525698832517,"COMMON_ACS":15000000000,"CURRENTDEBT_DEBT":47.858941431233,"ISSUED_COMMON_SHARES":5923738525,"HK_COMMON_SHARES":5923738525,"PER_SHARES":20000,"TOTAL_MARKET_CAP":503517774.625,"HKSK_MARKET_CAP":503517774.625,"PE_TTM":-9.510024829543,"PB_TTM":1.845441991119,"REPORT_DATE_SQ":"2019-12-31 00:00:00","REPORT_TYPE_SQ":"2019年年报","OPERATE_INCOME_SQ":140351629.6,"DPS_HKD":null,"OPERATE_INCOME_QOQ_SQ":0,"NET_PROFIT_RATIO_SQ":-63.994713817,"HOLDER_PROFIT_SQ":-88800675.6,"HOLDER_PROFIT_QOQ_SQ":0,"ROE_AVG_SQ":-19.962862847237,"PE_TTM_SQ":-35.961156950104,"PB_TTM_SQ":2.610222264425,"ROA_SQ":-11.667955262513,"START_DATE":"2020-04-01 00:00:00","FISCAL_YEAR":"3-31","CURRENCY":"HKD","IS_CNY_CODE":0,"DPS_HKD_LY":null,"ORG_TYPE":"一般企业","PREMIUM_INCOME":null,"PREMIUM_INCOME_YOY":null,"NET_INTEREST_INCOME":null,"NET_INTEREST_INCOME_YOY":null,"FEE_COMMISSION_INCOME":null,"FEE_COMMISSION_INCOME_YOY":null,"ACCOUNTS_RECE_TDAYS":null,"INVENTORY_TDAYS":376.144827586207,"CURRENT_ASSETS_TDAYS":0.849297420246,"TOTAL_ASSETS_TDAYS":0.116018511888,"PREMIUM_EXPENSE":null,"LOAN_DEPOSIT":null,"LOAN_EQUITY":null,"LOAN_ASSETS":null,"DEPOSIT_EQUITY":null,"DEPOSIT_ASSETS":null,"EQUITY_MULTIPLIER":2.034873630969,"EQUITY_RATIO":1.060326529522},{"SECUCODE":"00391.HK","SECURITY_CODE":"00391","SECURITY_NAME_ABBR":"美亚娱乐资讯","ORG_CODE":"10008879","STD_REPORT_DATE":"2020-06-30 00:00:00","REPORT_DATE":"2020-09-30 00:00:00","DATE_TYPE_CODE":"002","REPORT_TYPE":"2020年中报","PER_NETCASH_OPERATE":-0.001162530826,"PER_OI":0.004814482645,"BPS":0.060089508046,"BASIC_EPS":-0.003778496,"DILUTED_EPS":-0.003778496,"OPERATE_INCOME":28519736.32,"OPERATE_INCOME_YOY":-43.5331779115,"GROSS_PROFIT":17507617.28,"GROSS_PROFIT_YOY":-27.239615866711,"HOLDER_PROFIT":-22197345.92,"HOLDER_PROFIT_YOY":27.9389530737,"GROSS_PROFIT_RATIO":61.387724919892,"EPS_TTM":-0.014990647414,"OPERATE_INCOME_QOQ":0,"NET_PROFIT_RATIO":-79.4922356421,"ROE_AVG":-5.99755928469,"GROSS_PROFIT_QOQ":0,"ROA":-2.970585779619,"HOLDER_PROFIT_QOQ":0,"ROE_YEARLY":-11.99511856938,"ROIC_YEARLY":-6.172899088947,"TOTAL_ASSETS":732705733.76,"TOTAL_LIABILITIES":368460476.8,"TAX_EBT":1.964509632557,"OCF_SALES":-24.146536849889,"TOTAL_PARENT_EQUITY":355954533.76,"DEBT_ASSET_RATIO":50.2876475265,"OPERATE_PROFIT":-14754587.52,"PRETAX_PROFIT":-23125274.24,"NETCASH_OPERATE":-6886528.64,"NETCASH_INVEST":-3929635.84,"NETCASH_FINANCE":4489380.48,"END_CASH":668705.92,"DIVI_RATIO":null,"DIVIDEND_RATE":null,"CURRENT_RATIO":0.488089635035,"COMMON_ACS":15000000000,"CURRENTDEBT_DEBT":52.190596568212,"ISSUED_COMMON_SHARES":5923738525,"HK_COMMON_SHARES":5923738525,"PER_SHARES":20000,"TOTAL_MARKET_CAP":503517774.625,"HKSK_MARKET_CAP":503517774.625,"PE_TTM":-9.510024829543,"PB_TTM":1.845441991119,"REPORT_DATE_SQ":"2019-06-30 00:00:00","REPORT_TYPE_SQ":"2019年中报","OPERATE_INCOME_SQ":51845730.78,"DPS_HKD":null,"OPERATE_INCOME_QOQ_SQ":0,"NET_PROFIT_RATIO_SQ":-61.8062563068,"HOLDER_PROFIT_SQ":-31619960.55,"HOLDER_PROFIT_QOQ_SQ":0,"ROE_AVG_SQ":-6.774593775606,"PE_TTM_SQ":-35.961156950104,"PB_TTM_SQ":2.610222264425,"ROA_SQ":-4.105538876133,"START_DATE":"2020-04-01 00:00:00","FISCAL_YEAR":"3-31","CURRENCY":"HKD","IS_CNY_CODE":0,"DPS_HKD_LY":null,"ORG_TYPE":"一般企业","PREMIUM_INCOME":null,"PREMIUM_INCOME_YOY":null,"NET_INTEREST_INCOME":null,"NET_INTEREST_INCOME_YOY":null,"FEE_COMMISSION_INCOME":null,"FEE_COMMISSION_INCOME_YOY":null,"ACCOUNTS_RECE_TDAYS":null,"INVENTORY_TDAYS":88.253521126761,"CURRENT_ASSETS_TDAYS":0.27979792755,"TOTAL_ASSETS_TDAYS":0.038166870695,"PREMIUM_EXPENSE":null,"LOAN_DEPOSIT":null,"LOAN_EQUITY":null,"LOAN_ASSETS":null,"DEPOSIT_EQUITY":null,"DEPOSIT_ASSETS":null,"EQUITY_MULTIPLIER":2.011572476947,"EQUITY_RATIO":1.035133540534}],"count":48},"success":true,"message":"ok","code":0}