{"version":"2481d844ec0743ab7f22df292440824a","result":{"pages":6,"data":[{"SECUCODE":"00399.HK","SECURITY_CODE":"00399","SECURITY_NAME_ABBR":"领航医药生物科技","ORG_CODE":"10008884","STD_REPORT_DATE":"2024-06-30 00:00:00","REPORT_DATE":"2024-09-30 00:00:00","DATE_TYPE_CODE":"002","REPORT_TYPE":"2024年中报","PER_NETCASH_OPERATE":-0.001301560693,"PER_OI":0.001499021802,"BPS":-0.227114917526,"BASIC_EPS":0.052935073,"DILUTED_EPS":-0.00180358,"OPERATE_INCOME":2731521.91,"OPERATE_INCOME_YOY":-18.7281996244,"GROSS_PROFIT":276849.53,"GROSS_PROFIT_YOY":-20.605102847897,"HOLDER_PROFIT":91749016.39,"HOLDER_PROFIT_YOY":-47.4717070753,"GROSS_PROFIT_RATIO":10.135358204028,"EPS_TTM":0.05439900716,"OPERATE_INCOME_QOQ":0,"NET_PROFIT_RATIO":3333.3113238693,"ROE_AVG":-19.009334549042,"GROSS_PROFIT_QOQ":0,"ROA":7.367493769663,"HOLDER_PROFIT_QOQ":0,"ROE_YEARLY":-38.018669098084,"ROIC_YEARLY":45.355548744811,"TOTAL_ASSETS":1243447570.14,"TOTAL_LIABILITIES":818480836.22,"TAX_EBT":null,"OCF_SALES":-86.827335754374,"TOTAL_PARENT_EQUITY":-413849466.8,"DEBT_ASSET_RATIO":65.8235100438,"OPERATE_PROFIT":195874198.74,"PRETAX_PROFIT":91050129.14,"NETCASH_OPERATE":-2371707.7,"NETCASH_INVEST":null,"NETCASH_FINANCE":null,"END_CASH":385966.12,"DIVI_RATIO":null,"DIVIDEND_RATE":null,"CURRENT_RATIO":0.006622065728,"COMMON_ACS":50000000000,"CURRENTDEBT_DEBT":93.87209156275,"ISSUED_COMMON_SHARES":1822202924,"HK_COMMON_SHARES":1822202924,"PER_SHARES":5000,"TOTAL_MARKET_CAP":324352120.472,"HKSK_MARKET_CAP":324352120.472,"PE_TTM":28.312859678073,"PB_TTM":-0.706772684721,"REPORT_DATE_SQ":"2023-06-30 00:00:00","REPORT_TYPE_SQ":"2023年中报","OPERATE_INCOME_SQ":3420007.01,"DPS_HKD":null,"OPERATE_INCOME_QOQ_SQ":0,"NET_PROFIT_RATIO_SQ":5167.0780788838,"HOLDER_PROFIT_SQ":177733919.44,"HOLDER_PROFIT_QOQ_SQ":0,"ROE_AVG_SQ":-27.738446192745,"PE_TTM_SQ":5.495721730562,"PB_TTM_SQ":-0.58160131792,"ROA_SQ":14.003565093319,"START_DATE":"2024-04-01 00:00:00","FISCAL_YEAR":"3-31","CURRENCY":"HKD","IS_CNY_CODE":0,"DPS_HKD_LY":null,"ORG_TYPE":"一般企业","PREMIUM_INCOME":null,"PREMIUM_INCOME_YOY":null,"NET_INTEREST_INCOME":null,"NET_INTEREST_INCOME_YOY":null,"FEE_COMMISSION_INCOME":null,"FEE_COMMISSION_INCOME_YOY":null,"ACCOUNTS_RECE_TDAYS":0.731907696025,"INVENTORY_TDAYS":null,"CURRENT_ASSETS_TDAYS":0.392332102843,"TOTAL_ASSETS_TDAYS":0.002193426311,"PREMIUM_EXPENSE":null,"LOAN_DEPOSIT":null,"LOAN_EQUITY":null,"LOAN_ASSETS":null,"DEPOSIT_EQUITY":null,"DEPOSIT_ASSETS":null,"EQUITY_MULTIPLIER":2.925988014807,"EQUITY_RATIO":-1.97772596531},{"SECUCODE":"00399.HK","SECURITY_CODE":"00399","SECURITY_NAME_ABBR":"领航医药生物科技","ORG_CODE":"10008884","STD_REPORT_DATE":"2023-12-31 00:00:00","REPORT_DATE":"2024-03-31 00:00:00","DATE_TYPE_CODE":"001","REPORT_TYPE":"2023年年报","PER_NETCASH_OPERATE":-0.004355476923,"PER_OI":0.003468493701,"BPS":-0.304228577563,"BASIC_EPS":0.061373435,"DILUTED_EPS":-0.00743371,"OPERATE_INCOME":5976884.15,"OPERATE_INCOME_YOY":-18.3529411765,"GROSS_PROFIT":761502,"GROSS_PROFIT_YOY":1.384661876317,"HOLDER_PROFIT":93739989.65,"HOLDER_PROFIT_YOY":142.0854056606,"GROSS_PROFIT_RATIO":12.740785681784,"EPS_TTM":0.042860162562,"OPERATE_INCOME_QOQ":0,"NET_PROFIT_RATIO":1497.1484908236,"ROE_AVG":-14.70269148136,"GROSS_PROFIT_QOQ":0,"ROA":7.473823403881,"HOLDER_PROFIT_QOQ":0,"ROE_YEARLY":-14.70269148136,"ROIC_YEARLY":23.078811631919,"TOTAL_ASSETS":1253779500.65,"TOTAL_LIABILITIES":964199327.6,"TAX_EBT":null,"OCF_SALES":-125.57257697558,"TOTAL_PARENT_EQUITY":-554366203.6,"DEBT_ASSET_RATIO":76.9034209843,"OPERATE_PROFIT":287198666.2,"PRETAX_PROFIT":89482830.85,"NETCASH_OPERATE":-7505327.45,"NETCASH_INVEST":null,"NETCASH_FINANCE":9356502.55,"END_CASH":2787641.25,"DIVI_RATIO":null,"DIVIDEND_RATE":null,"CURRENT_RATIO":0.025022918736,"COMMON_ACS":50000000000,"CURRENTDEBT_DEBT":36.818723721126,"ISSUED_COMMON_SHARES":1822202924,"HK_COMMON_SHARES":1822202924,"PER_SHARES":5000,"TOTAL_MARKET_CAP":364440584.8,"HKSK_MARKET_CAP":364440584.8,"PE_TTM":31.812201885475,"PB_TTM":-0.794126612046,"REPORT_DATE_SQ":"2022-12-31 00:00:00","REPORT_TYPE_SQ":"2022年年报","OPERATE_INCOME_SQ":7068935.75,"DPS_HKD":null,"OPERATE_INCOME_QOQ_SQ":0,"NET_PROFIT_RATIO_SQ":-3153.8204334365,"HOLDER_PROFIT_SQ":-215086486.18,"HOLDER_PROFIT_QOQ_SQ":0,"ROE_AVG_SQ":36.550209343512,"PE_TTM_SQ":-1.191864015173,"PB_TTM_SQ":-0.486882029472,"ROA_SQ":-17.68219574789,"START_DATE":"2023-04-01 00:00:00","FISCAL_YEAR":"3-31","CURRENCY":"HKD","IS_CNY_CODE":0,"DPS_HKD_LY":null,"ORG_TYPE":"一般企业","PREMIUM_INCOME":null,"PREMIUM_INCOME_YOY":null,"NET_INTEREST_INCOME":null,"NET_INTEREST_INCOME_YOY":null,"FEE_COMMISSION_INCOME":null,"FEE_COMMISSION_INCOME_YOY":null,"ACCOUNTS_RECE_TDAYS":1.190932080925,"INVENTORY_TDAYS":null,"CURRENT_ASSETS_TDAYS":0.669952240626,"TOTAL_ASSETS_TDAYS":0.00476532767,"PREMIUM_EXPENSE":null,"LOAN_DEPOSIT":null,"LOAN_EQUITY":null,"LOAN_ASSETS":null,"DEPOSIT_EQUITY":null,"DEPOSIT_ASSETS":null,"EQUITY_MULTIPLIER":4.329645525947,"EQUITY_RATIO":-1.739282303536},{"SECUCODE":"00399.HK","SECURITY_CODE":"00399","SECURITY_NAME_ABBR":"领航医药生物科技","ORG_CODE":"10008884","STD_REPORT_DATE":"2023-06-30 00:00:00","REPORT_DATE":"2023-09-30 00:00:00","DATE_TYPE_CODE":"002","REPORT_TYPE":"2023年中报","PER_NETCASH_OPERATE":-0.002743753094,"PER_OI":0.002335762399,"BPS":-0.302883383426,"BASIC_EPS":0.121402449,"DILUTED_EPS":-0.022206646,"OPERATE_INCOME":3420007.01,"OPERATE_INCOME_YOY":-9.9323344611,"GROSS_PROFIT":348699.4,"GROSS_PROFIT_YOY":-8.422382018043,"HOLDER_PROFIT":177733919.44,"HOLDER_PROFIT_YOY":267.4618064862,"GROSS_PROFIT_RATIO":10.195867990341,"EPS_TTM":-0.146897630746,"OPERATE_INCOME_QOQ":0,"NET_PROFIT_RATIO":5167.0780788838,"ROE_AVG":-27.738446192745,"GROSS_PROFIT_QOQ":0,"ROA":14.003565093319,"HOLDER_PROFIT_QOQ":0,"ROE_YEARLY":-55.47689238549,"ROIC_YEARLY":86.669731841913,"TOTAL_ASSETS":1268365620.97,"TOTAL_LIABILITIES":962732432.13,"TAX_EBT":null,"OCF_SALES":-117.467131741347,"TOTAL_PARENT_EQUITY":-551914986.91,"DEBT_ASSET_RATIO":75.9033843407,"OPERATE_PROFIT":297362589.65,"PRETAX_PROFIT":176714432.51,"NETCASH_OPERATE":-4017384.14,"NETCASH_INVEST":null,"NETCASH_FINANCE":3548475.21,"END_CASH":790997.06,"DIVI_RATIO":null,"DIVIDEND_RATE":null,"CURRENT_RATIO":0.023300667774,"COMMON_ACS":50000000000,"CURRENTDEBT_DEBT":36.026463302232,"ISSUED_COMMON_SHARES":1822202924,"HK_COMMON_SHARES":1822202924,"PER_SHARES":5000,"TOTAL_MARKET_CAP":364440584.8,"HKSK_MARKET_CAP":364440584.8,"PE_TTM":31.812201885475,"PB_TTM":-0.794126612046,"REPORT_DATE_SQ":"2022-06-30 00:00:00","REPORT_TYPE_SQ":"2022年中报","OPERATE_INCOME_SQ":3742572.72,"DPS_HKD":null,"OPERATE_INCOME_QOQ_SQ":0,"NET_PROFIT_RATIO_SQ":-2858.1923634606,"HOLDER_PROFIT_SQ":-104608434.84,"HOLDER_PROFIT_QOQ_SQ":0,"ROE_AVG_SQ":19.04833270888,"PE_TTM_SQ":-1.191864015173,"PB_TTM_SQ":-0.486882029472,"ROA_SQ":-8.301846976305,"START_DATE":"2023-04-01 00:00:00","FISCAL_YEAR":"3-31","CURRENCY":"HKD","IS_CNY_CODE":0,"DPS_HKD_LY":null,"ORG_TYPE":"一般企业","PREMIUM_INCOME":null,"PREMIUM_INCOME_YOY":null,"NET_INTEREST_INCOME":null,"NET_INTEREST_INCOME_YOY":null,"FEE_COMMISSION_INCOME":null,"FEE_COMMISSION_INCOME_YOY":null,"ACCOUNTS_RECE_TDAYS":0.633897440259,"INVENTORY_TDAYS":null,"CURRENT_ASSETS_TDAYS":0.398822899946,"TOTAL_ASSETS_TDAYS":0.002694606124,"PREMIUM_EXPENSE":null,"LOAN_DEPOSIT":null,"LOAN_EQUITY":null,"LOAN_ASSETS":null,"DEPOSIT_EQUITY":null,"DEPOSIT_ASSETS":null,"EQUITY_MULTIPLIER":4.149960368456,"EQUITY_RATIO":-1.744349138841},{"SECUCODE":"00399.HK","SECURITY_CODE":"00399","SECURITY_NAME_ABBR":"领航医药生物科技","ORG_CODE":"10008884","STD_REPORT_DATE":"2022-12-31 00:00:00","REPORT_DATE":"2023-03-31 00:00:00","DATE_TYPE_CODE":"001","REPORT_TYPE":"2022年年报","PER_NETCASH_OPERATE":-0.010546582416,"PER_OI":0.004827871486,"BPS":-0.3819638972,"BASIC_EPS":-0.146893798,"DILUTED_EPS":-0.146893798,"OPERATE_INCOME":7068935.75,"OPERATE_INCOME_YOY":-27.5459847465,"GROSS_PROFIT":751101.78,"GROSS_PROFIT_YOY":-12.131751195425,"HOLDER_PROFIT":-215086486.18,"HOLDER_PROFIT_YOY":-636.4233783813,"GROSS_PROFIT_RATIO":10.625386996904,"EPS_TTM":-0.117236971872,"OPERATE_INCOME_QOQ":0,"NET_PROFIT_RATIO":-3153.8204334365,"ROE_AVG":36.550209343512,"GROSS_PROFIT_QOQ":0,"ROA":-17.68219574789,"HOLDER_PROFIT_QOQ":0,"ROE_YEARLY":36.550209343512,"ROIC_YEARLY":-55.005311402669,"TOTAL_ASSETS":1211609459.68,"TOTAL_LIABILITIES":1088560079.26,"TAX_EBT":null,"OCF_SALES":-218.452012383901,"TOTAL_PARENT_EQUITY":-696015730.34,"DEBT_ASSET_RATIO":89.8441383536,"OPERATE_PROFIT":-18122737.82,"PRETAX_PROFIT":-222941540.11,"NETCASH_OPERATE":-15442232.4,"NETCASH_INVEST":null,"NETCASH_FINANCE":13061992.61,"END_CASH":1165170.71,"DIVI_RATIO":null,"DIVIDEND_RATE":null,"CURRENT_RATIO":0.008616060064,"COMMON_ACS":50000000000,"CURRENTDEBT_DEBT":92.244223095395,"ISSUED_COMMON_SHARES":1822202924,"HK_COMMON_SHARES":1822202924,"PER_SHARES":5000,"TOTAL_MARKET_CAP":344396352.636,"HKSK_MARKET_CAP":344396352.636,"PE_TTM":30.062530781774,"PB_TTM":-0.750449648383,"REPORT_DATE_SQ":"2021-12-31 00:00:00","REPORT_TYPE_SQ":"2021年年报","OPERATE_INCOME_SQ":9038706.45,"DPS_HKD":null,"OPERATE_INCOME_QOQ_SQ":0,"NET_PROFIT_RATIO_SQ":326.8820098699,"HOLDER_PROFIT_SQ":37146691.03,"HOLDER_PROFIT_QOQ_SQ":0,"ROE_AVG_SQ":-8.002487946824,"PE_TTM_SQ":-1.263375856083,"PB_TTM_SQ":-0.51609495124,"ROA_SQ":3.273740389378,"START_DATE":"2022-04-01 00:00:00","FISCAL_YEAR":"3-31","CURRENCY":"HKD","IS_CNY_CODE":0,"DPS_HKD_LY":null,"ORG_TYPE":"一般企业","PREMIUM_INCOME":null,"PREMIUM_INCOME_YOY":null,"NET_INTEREST_INCOME":null,"NET_INTEREST_INCOME_YOY":null,"FEE_COMMISSION_INCOME":null,"FEE_COMMISSION_INCOME_YOY":null,"ACCOUNTS_RECE_TDAYS":1.046865884488,"INVENTORY_TDAYS":null,"CURRENT_ASSETS_TDAYS":0.560122082336,"TOTAL_ASSETS_TDAYS":0.005811350954,"PREMIUM_EXPENSE":null,"LOAN_DEPOSIT":null,"LOAN_EQUITY":null,"LOAN_ASSETS":null,"DEPOSIT_EQUITY":null,"DEPOSIT_ASSETS":null,"EQUITY_MULTIPLIER":9.846530356727,"EQUITY_RATIO":-1.563987754599},{"SECUCODE":"00399.HK","SECURITY_CODE":"00399","SECURITY_NAME_ABBR":"领航医药生物科技","ORG_CODE":"10008884","STD_REPORT_DATE":"2022-06-30 00:00:00","REPORT_DATE":"2022-09-30 00:00:00","DATE_TYPE_CODE":"002","REPORT_TYPE":"2022年中报","PER_NETCASH_OPERATE":-0.001765402155,"PER_OI":0.002556065122,"BPS":-0.330082844451,"BASIC_EPS":-0.07145076,"DILUTED_EPS":-0.07145076,"OPERATE_INCOME":3742572.72,"OPERATE_INCOME_YOY":-37.605548854,"GROSS_PROFIT":380769.24,"GROSS_PROFIT_YOY":-38.316733070633,"HOLDER_PROFIT":-104608434.84,"HOLDER_PROFIT_YOY":-192.4725766734,"GROSS_PROFIT_RATIO":10.173997100048,"EPS_TTM":0.025370077866,"OPERATE_INCOME_QOQ":0,"NET_PROFIT_RATIO":-2858.1923634606,"ROE_AVG":19.04833270888,"GROSS_PROFIT_QOQ":0,"ROA":-8.301846976305,"HOLDER_PROFIT_QOQ":0,"ROE_YEARLY":38.09666541776,"ROIC_YEARLY":-51.875631424269,"TOTAL_ASSETS":1258434198.24,"TOTAL_LIABILITIES":1007909744.88,"TAX_EBT":null,"OCF_SALES":-69.06718221363,"TOTAL_PARENT_EQUITY":-601477924.32,"DEBT_ASSET_RATIO":80.0923676653,"OPERATE_PROFIT":-6932532.6,"PRETAX_PROFIT":-106969927.68,"NETCASH_OPERATE":-2584889.52,"NETCASH_INVEST":null,"NETCASH_FINANCE":2302704.24,"END_CASH":3455865.24,"DIVI_RATIO":null,"DIVIDEND_RATE":null,"CURRENT_RATIO":0.019761254065,"COMMON_ACS":50000000000,"CURRENTDEBT_DEBT":73.976087623676,"ISSUED_COMMON_SHARES":1822202924,"HK_COMMON_SHARES":1822202924,"PER_SHARES":5000,"TOTAL_MARKET_CAP":344396352.636,"HKSK_MARKET_CAP":344396352.636,"PE_TTM":30.062530781774,"PB_TTM":-0.750449648383,"REPORT_DATE_SQ":"2021-06-30 00:00:00","REPORT_TYPE_SQ":"2021年中报","OPERATE_INCOME_SQ":5524853.92,"DPS_HKD":null,"OPERATE_INCOME_QOQ_SQ":0,"NET_PROFIT_RATIO_SQ":1826.1610373945,"HOLDER_PROFIT_SQ":104195812.56,"HOLDER_PROFIT_QOQ_SQ":0,"ROE_AVG_SQ":-23.478596307465,"PE_TTM_SQ":-1.263375856083,"PB_TTM_SQ":-0.51609495124,"ROA_SQ":8.922124015641,"START_DATE":"2022-04-01 00:00:00","FISCAL_YEAR":"3-31","CURRENCY":"HKD","IS_CNY_CODE":0,"DPS_HKD_LY":null,"ORG_TYPE":"一般企业","PREMIUM_INCOME":null,"PREMIUM_INCOME_YOY":null,"NET_INTEREST_INCOME":null,"NET_INTEREST_INCOME_YOY":null,"FEE_COMMISSION_INCOME":null,"FEE_COMMISSION_INCOME_YOY":null,"ACCOUNTS_RECE_TDAYS":0.44708551672,"INVENTORY_TDAYS":null,"CURRENT_ASSETS_TDAYS":0.234840101019,"TOTAL_ASSETS_TDAYS":0.002970149211,"PREMIUM_EXPENSE":null,"LOAN_DEPOSIT":null,"LOAN_EQUITY":null,"LOAN_ASSETS":null,"DEPOSIT_EQUITY":null,"DEPOSIT_ASSETS":null,"EQUITY_MULTIPLIER":5.023199058468,"EQUITY_RATIO":-1.67572192449},{"SECUCODE":"00399.HK","SECURITY_CODE":"00399","SECURITY_NAME_ABBR":"领航医药生物科技","ORG_CODE":"10008884","STD_REPORT_DATE":"2021-12-31 00:00:00","REPORT_DATE":"2022-03-31 00:00:00","DATE_TYPE_CODE":"001","REPORT_TYPE":"2021年年报","PER_NETCASH_OPERATE":-0.006832301606,"PER_OI":0.006173165902,"BPS":-0.24450741726,"BASIC_EPS":0.025384613,"DILUTED_EPS":-0.029115259,"OPERATE_INCOME":9038706.45,"OPERATE_INCOME_YOY":-26.6245309105,"GROSS_PROFIT":854804.54,"GROSS_PROFIT_YOY":-28.015120112972,"HOLDER_PROFIT":37146691.03,"HOLDER_PROFIT_YOY":122.3495771913,"GROSS_PROFIT_RATIO":9.457155675191,"EPS_TTM":0.008947572899,"OPERATE_INCOME_QOQ":0,"NET_PROFIT_RATIO":326.8820098699,"ROE_AVG":-8.002487946824,"GROSS_PROFIT_QOQ":0,"ROA":3.273740389378,"HOLDER_PROFIT_QOQ":0,"ROE_YEARLY":-8.002487946824,"ROIC_YEARLY":10.334145571048,"TOTAL_ASSETS":1131355705.96,"TOTAL_LIABILITIES":810791027.3,"TAX_EBT":null,"OCF_SALES":-110.677433826828,"TOTAL_PARENT_EQUITY":-445542130.67,"DEBT_ASSET_RATIO":71.6654384672,"OPERATE_PROFIT":183598065.82,"PRETAX_PROFIT":29545905.31,"NETCASH_OPERATE":-10003808.35,"NETCASH_INVEST":-811.01,"NETCASH_FINANCE":5918750.98,"END_CASH":3311353.83,"DIVI_RATIO":null,"DIVIDEND_RATE":null,"CURRENT_RATIO":0.189933047348,"COMMON_ACS":50000000000,"CURRENTDEBT_DEBT":9.979894571534,"ISSUED_COMMON_SHARES":1822202924,"HK_COMMON_SHARES":1822202924,"PER_SHARES":5000,"TOTAL_MARKET_CAP":344396352.636,"HKSK_MARKET_CAP":344396352.636,"PE_TTM":30.062530781774,"PB_TTM":-0.750449648383,"REPORT_DATE_SQ":"2020-12-31 00:00:00","REPORT_TYPE_SQ":"2020年年报","OPERATE_INCOME_SQ":12837439.02,"DPS_HKD":null,"OPERATE_INCOME_QOQ_SQ":0,"NET_PROFIT_RATIO_SQ":-1396.7673974587,"HOLDER_PROFIT_SQ":-173210344.02,"HOLDER_PROFIT_QOQ_SQ":0,"ROE_AVG_SQ":41.581374115499,"PE_TTM_SQ":-1.263375856083,"PB_TTM_SQ":-0.51609495124,"ROA_SQ":-14.523926964716,"START_DATE":"2021-04-01 00:00:00","FISCAL_YEAR":"3-31","CURRENCY":"HKD","IS_CNY_CODE":0,"DPS_HKD_LY":null,"ORG_TYPE":"一般企业","PREMIUM_INCOME":null,"PREMIUM_INCOME_YOY":null,"NET_INTEREST_INCOME":null,"NET_INTEREST_INCOME_YOY":null,"FEE_COMMISSION_INCOME":null,"FEE_COMMISSION_INCOME_YOY":null,"ACCOUNTS_RECE_TDAYS":0.906724158972,"INVENTORY_TDAYS":null,"CURRENT_ASSETS_TDAYS":0.466806282723,"TOTAL_ASSETS_TDAYS":0.007965818099,"PREMIUM_EXPENSE":null,"LOAN_DEPOSIT":null,"LOAN_EQUITY":null,"LOAN_ASSETS":null,"DEPOSIT_EQUITY":null,"DEPOSIT_ASSETS":null,"EQUITY_MULTIPLIER":3.529258777632,"EQUITY_RATIO":-1.819785316555},{"SECUCODE":"00399.HK","SECURITY_CODE":"00399","SECURITY_NAME_ABBR":"领航医药生物科技","ORG_CODE":"10008884","STD_REPORT_DATE":"2021-06-30 00:00:00","REPORT_DATE":"2021-09-30 00:00:00","DATE_TYPE_CODE":"002","REPORT_TYPE":"2021年中报","PER_NETCASH_OPERATE":-0.008696477781,"PER_OI":0.003773309823,"BPS":-0.214914231309,"BASIC_EPS":0.071143324,"DILUTED_EPS":0.071143324,"OPERATE_INCOME":5524853.92,"OPERATE_INCOME_YOY":-7.2706935123,"GROSS_PROFIT":617297.46,"GROSS_PROFIT_YOY":-8.170431501078,"HOLDER_PROFIT":104195812.56,"HOLDER_PROFIT_YOY":233.8441288831,"GROSS_PROFIT_RATIO":11.173100120627,"EPS_TTM":-0.118297479349,"OPERATE_INCOME_QOQ":0,"NET_PROFIT_RATIO":1826.1610373945,"ROE_AVG":-23.478596307465,"GROSS_PROFIT_QOQ":0,"ROA":8.922124015641,"HOLDER_PROFIT_QOQ":0,"ROE_YEARLY":-46.957192614931,"ROIC_YEARLY":56.329566424559,"TOTAL_ASSETS":1166714692.02,"TOTAL_LIABILITIES":766847558.14,"TAX_EBT":null,"OCF_SALES":-230.473462002413,"TOTAL_PARENT_EQUITY":-391617340.7,"DEBT_ASSET_RATIO":65.7270850693,"OPERATE_PROFIT":196550510.28,"PRETAX_PROFIT":100892729.66,"NETCASH_OPERATE":-12733322.1,"NETCASH_INVEST":null,"NETCASH_FINANCE":7403404.22,"END_CASH":2008507.66,"DIVI_RATIO":null,"DIVIDEND_RATE":null,"CURRENT_RATIO":0.316772280681,"COMMON_ACS":50000000000,"CURRENTDEBT_DEBT":9.343098838807,"ISSUED_COMMON_SHARES":1822202924,"HK_COMMON_SHARES":1822202924,"PER_SHARES":5000,"TOTAL_MARKET_CAP":344396352.636,"HKSK_MARKET_CAP":344396352.636,"PE_TTM":30.062530781774,"PB_TTM":-0.750449648383,"REPORT_DATE_SQ":"2020-06-30 00:00:00","REPORT_TYPE_SQ":"2020年中报","OPERATE_INCOME_SQ":6284605.44,"DPS_HKD":null,"OPERATE_INCOME_QOQ_SQ":0,"NET_PROFIT_RATIO_SQ":-1317.2119686801,"HOLDER_PROFIT_SQ":-82115505.28,"HOLDER_PROFIT_QOQ_SQ":0,"ROE_AVG_SQ":21.37880467296,"PE_TTM_SQ":-1.263375856083,"PB_TTM_SQ":-0.51609495124,"ROA_SQ":-6.619741207498,"START_DATE":"2021-04-01 00:00:00","FISCAL_YEAR":"3-31","CURRENCY":"HKD","IS_CNY_CODE":0,"DPS_HKD_LY":null,"ORG_TYPE":"一般企业","PREMIUM_INCOME":null,"PREMIUM_INCOME_YOY":null,"NET_INTEREST_INCOME":null,"NET_INTEREST_INCOME_YOY":null,"FEE_COMMISSION_INCOME":null,"FEE_COMMISSION_INCOME_YOY":null,"ACCOUNTS_RECE_TDAYS":0.377913271411,"INVENTORY_TDAYS":null,"CURRENT_ASSETS_TDAYS":0.236671186925,"TOTAL_ASSETS_TDAYS":0.004730845764,"PREMIUM_EXPENSE":null,"LOAN_DEPOSIT":null,"LOAN_EQUITY":null,"LOAN_ASSETS":null,"DEPOSIT_EQUITY":null,"DEPOSIT_ASSETS":null,"EQUITY_MULTIPLIER":2.917755907316,"EQUITY_RATIO":-1.958155266489},{"SECUCODE":"00399.HK","SECURITY_CODE":"00399","SECURITY_NAME_ABBR":"领航医药生物科技","ORG_CODE":"10008884","STD_REPORT_DATE":"2020-12-31 00:00:00","REPORT_DATE":"2021-03-31 00:00:00","DATE_TYPE_CODE":"001","REPORT_TYPE":"2020年年报","PER_NETCASH_OPERATE":-0.014434279315,"PER_OI":0.00876758652,"BPS":-0.276138072622,"BASIC_EPS":-0.1183252,"DILUTED_EPS":-0.1183252,"OPERATE_INCOME":12837439.02,"OPERATE_INCOME_YOY":4.1769547325,"GROSS_PROFIT":1187477.9,"GROSS_PROFIT_YOY":-19.775522667975,"HOLDER_PROFIT":-173210344.02,"HOLDER_PROFIT_YOY":2.9263394232,"GROSS_PROFIT_RATIO":9.250115214958,"EPS_TTM":-0.11976559273,"OPERATE_INCOME_QOQ":0,"NET_PROFIT_RATIO":-1396.7673974587,"ROE_AVG":41.581374115499,"GROSS_PROFIT_QOQ":0,"ROA":-14.523926964716,"HOLDER_PROFIT_QOQ":0,"ROE_YEARLY":41.581374115499,"ROIC_YEARLY":-46.685483099381,"TOTAL_ASSETS":1185965027.8,"TOTAL_LIABILITIES":882793890.72,"TAX_EBT":null,"OCF_SALES":-164.632299690566,"TOTAL_PARENT_EQUITY":-503179603.36,"DEBT_ASSET_RATIO":74.4367557244,"OPERATE_PROFIT":-17852737.14,"PRETAX_PROFIT":-179309162.9,"NETCASH_OPERATE":-21134571.08,"NETCASH_INVEST":10987.34,"NETCASH_FINANCE":8936088.14,"END_CASH":7599858.56,"DIVI_RATIO":null,"DIVIDEND_RATE":null,"CURRENT_RATIO":0.035969740456,"COMMON_ACS":50000000000,"CURRENTDEBT_DEBT":76.655809838928,"ISSUED_COMMON_SHARES":1822202924,"HK_COMMON_SHARES":1822202924,"PER_SHARES":5000,"TOTAL_MARKET_CAP":344396352.636,"HKSK_MARKET_CAP":344396352.636,"PE_TTM":30.062530781774,"PB_TTM":-0.750449648383,"REPORT_DATE_SQ":"2019-12-31 00:00:00","REPORT_TYPE_SQ":"2019年年报","OPERATE_INCOME_SQ":13321746,"DPS_HKD":null,"OPERATE_INCOME_QOQ_SQ":0,"NET_PROFIT_RATIO_SQ":-1525.8024691358,"HOLDER_PROFIT_SQ":-192897602.9,"HOLDER_PROFIT_QOQ_SQ":0,"ROE_AVG_SQ":90.738615606129,"PE_TTM_SQ":-1.263375856083,"PB_TTM_SQ":-0.51609495124,"ROA_SQ":-14.085584888339,"START_DATE":"2020-04-01 00:00:00","FISCAL_YEAR":"3-31","CURRENCY":"HKD","IS_CNY_CODE":0,"DPS_HKD_LY":null,"ORG_TYPE":"一般企业","PREMIUM_INCOME":null,"PREMIUM_INCOME_YOY":null,"NET_INTEREST_INCOME":null,"NET_INTEREST_INCOME_YOY":null,"FEE_COMMISSION_INCOME":null,"FEE_COMMISSION_INCOME_YOY":null,"ACCOUNTS_RECE_TDAYS":0.982121496234,"INVENTORY_TDAYS":null,"CURRENT_ASSETS_TDAYS":0.427943538162,"TOTAL_ASSETS_TDAYS":0.010764370211,"PREMIUM_EXPENSE":null,"LOAN_DEPOSIT":null,"LOAN_EQUITY":null,"LOAN_ASSETS":null,"DEPOSIT_EQUITY":null,"DEPOSIT_ASSETS":null,"EQUITY_MULTIPLIER":3.911866542521,"EQUITY_RATIO":-1.754430992085},{"SECUCODE":"00399.HK","SECURITY_CODE":"00399","SECURITY_NAME_ABBR":"领航医药生物科技","ORG_CODE":"10008884","STD_REPORT_DATE":"2020-06-30 00:00:00","REPORT_DATE":"2020-09-30 00:00:00","DATE_TYPE_CODE":"002","REPORT_TYPE":"2020年中报","PER_NETCASH_OPERATE":-0.005815351296,"PER_OI":0.004292197365,"BPS":-0.233325777805,"BASIC_EPS":-0.056062336,"DILUTED_EPS":-0.056062336,"OPERATE_INCOME":6284605.44,"OPERATE_INCOME_YOY":-35.7181376955,"GROSS_PROFIT":672220.8,"GROSS_PROFIT_YOY":-29.158972085283,"HOLDER_PROFIT":-82115505.28,"HOLDER_PROFIT_YOY":15.4146941953,"GROSS_PROFIT_RATIO":10.696308724832,"EPS_TTM":-0.131743287762,"OPERATE_INCOME_QOQ":0,"NET_PROFIT_RATIO":-1317.2119686801,"ROE_AVG":21.37880467296,"GROSS_PROFIT_QOQ":0,"ROA":-6.619741207498,"HOLDER_PROFIT_QOQ":0,"ROE_YEARLY":42.757609345921,"ROIC_YEARLY":-42.820108941571,"TOTAL_ASSETS":1234131484.8,"TOTAL_LIABILITIES":818022416,"TAX_EBT":null,"OCF_SALES":-135.486577181208,"TOTAL_PARENT_EQUITY":-425166914.56,"DEBT_ASSET_RATIO":66.2832466455,"OPERATE_PROFIT":-6043836.16,"PRETAX_PROFIT":-82781575.04,"NETCASH_OPERATE":-8514796.8,"NETCASH_INVEST":null,"NETCASH_FINANCE":-1135306.24,"END_CASH":10481372.16,"DIVI_RATIO":null,"DIVIDEND_RATE":null,"CURRENT_RATIO":0.038900858969,"COMMON_ACS":50000000000,"CURRENTDEBT_DEBT":78.423181244461,"ISSUED_COMMON_SHARES":1822202924,"HK_COMMON_SHARES":1822202924,"PER_SHARES":5000,"TOTAL_MARKET_CAP":344396352.636,"HKSK_MARKET_CAP":344396352.636,"PE_TTM":30.062530781774,"PB_TTM":-0.750449648383,"REPORT_DATE_SQ":"2019-06-30 00:00:00","REPORT_TYPE_SQ":"2019年中报","OPERATE_INCOME_SQ":10035763.26,"DPS_HKD":null,"OPERATE_INCOME_QOQ_SQ":0,"NET_PROFIT_RATIO_SQ":-1000.323566421,"HOLDER_PROFIT_SQ":-99653162.79,"HOLDER_PROFIT_QOQ_SQ":0,"ROE_AVG_SQ":84.682571620197,"PE_TTM_SQ":-1.263375856083,"PB_TTM_SQ":-0.51609495124,"ROA_SQ":-6.985356415736,"START_DATE":"2020-04-01 00:00:00","FISCAL_YEAR":"3-31","CURRENCY":"HKD","IS_CNY_CODE":0,"DPS_HKD_LY":null,"ORG_TYPE":"一般企业","PREMIUM_INCOME":null,"PREMIUM_INCOME_YOY":null,"NET_INTEREST_INCOME":null,"NET_INTEREST_INCOME_YOY":null,"FEE_COMMISSION_INCOME":null,"FEE_COMMISSION_INCOME_YOY":null,"ACCOUNTS_RECE_TDAYS":0.502282463656,"INVENTORY_TDAYS":null,"CURRENT_ASSETS_TDAYS":0.202646417137,"TOTAL_ASSETS_TDAYS":0.005066334484,"PREMIUM_EXPENSE":null,"LOAN_DEPOSIT":null,"LOAN_EQUITY":null,"LOAN_ASSETS":null,"DEPOSIT_EQUITY":null,"DEPOSIT_ASSETS":null,"EQUITY_MULTIPLIER":2.965884613758,"EQUITY_RATIO":-1.924002992675}],"count":46},"success":true,"message":"ok","code":0}