{"version":"41bd8a6a010593dffdf7cf59901cfc1d","result":{"pages":6,"data":[{"SECUCODE":"00397.HK","SECURITY_CODE":"00397","SECURITY_NAME_ABBR":"嬴集团","ORG_CODE":"10008882","STD_REPORT_DATE":"2024-06-30 00:00:00","REPORT_DATE":"2024-06-30 00:00:00","DATE_TYPE_CODE":"002","REPORT_TYPE":"2024年中报","PER_NETCASH_OPERATE":-0.006947607168,"PER_OI":0.013279179323,"BPS":0.459966858958,"BASIC_EPS":-0.005111008,"DILUTED_EPS":-0.005111008,"OPERATE_INCOME":33268098.68,"OPERATE_INCOME_YOY":-6.6340513819,"GROSS_PROFIT":30960843.64,"GROSS_PROFIT_YOY":-8.351794028302,"HOLDER_PROFIT":-12814027.2,"HOLDER_PROFIT_YOY":59.7326985402,"GROSS_PROFIT_RATIO":93.064662149187,"EPS_TTM":-0.029923847118,"OPERATE_INCOME_QOQ":-4.06242243115,"NET_PROFIT_RATIO":-38.522948616,"ROE_AVG":-1.106648085909,"GROSS_PROFIT_QOQ":-4.469038285346,"ROA":-1.057630703833,"HOLDER_PROFIT_QOQ":20.501143504912,"ROE_YEARLY":-2.213296171817,"ROIC_YEARLY":-2.444760003448,"TOTAL_ASSETS":1213127867.24,"TOTAL_LIABILITIES":60780837.28,"TAX_EBT":null,"OCF_SALES":-52.319552275658,"TOTAL_PARENT_EQUITY":1152347029.96,"DEBT_ASSET_RATIO":5.010258104,"OPERATE_PROFIT":-12333044.84,"PRETAX_PROFIT":-12815852.56,"NETCASH_OPERATE":-17405720.28,"NETCASH_INVEST":702763.6,"NETCASH_FINANCE":-1622745.04,"END_CASH":153289169.4,"DIVI_RATIO":null,"DIVIDEND_RATE":null,"CURRENT_RATIO":17.01530166802,"COMMON_ACS":30000000000,"CURRENTDEBT_DEBT":98.03441648147,"ISSUED_COMMON_SHARES":2505282734,"HK_COMMON_SHARES":2505282734,"PER_SHARES":10000,"TOTAL_MARKET_CAP":197917335.986,"HKSK_MARKET_CAP":197917335.986,"PE_TTM":-2.377899557694,"PB_TTM":0.156754163035,"REPORT_DATE_SQ":"2023-06-30 00:00:00","REPORT_TYPE_SQ":"2023年中报","OPERATE_INCOME_SQ":35995021.18,"DPS_HKD":null,"OPERATE_INCOME_QOQ_SQ":6.518752251473,"NET_PROFIT_RATIO_SQ":-89.3137983146,"HOLDER_PROFIT_SQ":-32146676.66,"HOLDER_PROFIT_QOQ_SQ":-11.976683824464,"ROE_AVG_SQ":-2.490872741314,"PE_TTM_SQ":-1.793406033266,"PB_TTM_SQ":0.246476097616,"ROA_SQ":-2.396003339713,"START_DATE":"2024-01-01 00:00:00","FISCAL_YEAR":"12-31","CURRENCY":"HKD","IS_CNY_CODE":0,"DPS_HKD_LY":null,"ORG_TYPE":"一般企业","PREMIUM_INCOME":null,"PREMIUM_INCOME_YOY":null,"NET_INTEREST_INCOME":null,"NET_INTEREST_INCOME_YOY":null,"FEE_COMMISSION_INCOME":null,"FEE_COMMISSION_INCOME_YOY":null,"ACCOUNTS_RECE_TDAYS":0.261428673887,"INVENTORY_TDAYS":null,"CURRENT_ASSETS_TDAYS":0.032521594594,"TOTAL_ASSETS_TDAYS":0.027458473494,"PREMIUM_EXPENSE":null,"LOAN_DEPOSIT":null,"LOAN_EQUITY":null,"LOAN_ASSETS":null,"DEPOSIT_EQUITY":null,"DEPOSIT_ASSETS":null,"EQUITY_MULTIPLIER":1.052745254424,"EQUITY_RATIO":0.052745254424},{"SECUCODE":"00397.HK","SECURITY_CODE":"00397","SECURITY_NAME_ABBR":"嬴集团","ORG_CODE":"10008882","STD_REPORT_DATE":"2023-12-31 00:00:00","REPORT_DATE":"2023-12-31 00:00:00","DATE_TYPE_CODE":"001","REPORT_TYPE":"2023年年报","PER_NETCASH_OPERATE":0.021823149171,"PER_OI":0.026793593764,"BPS":0.461123492858,"BASIC_EPS":-0.034617604,"DILUTED_EPS":null,"OPERATE_INCOME":67125527.84,"OPERATE_INCOME_YOY":1.4990819151,"GROSS_PROFIT":63132722.52,"GROSS_PROFIT_YOY":4.017850431952,"HOLDER_PROFIT":-94300346.98,"HOLDER_PROFIT_YOY":39.2462634283,"GROSS_PROFIT_RATIO":94.051733448537,"EPS_TTM":-0.03764060068,"OPERATE_INCOME_QOQ":-3.331064231826,"NET_PROFIT_RATIO":-140.4862836159,"ROE_AVG":-7.730931862615,"GROSS_PROFIT_QOQ":-3.252884499086,"ROA":-7.436198398193,"HOLDER_PROFIT_QOQ":44.957736382114,"ROE_YEARLY":-7.730931862615,"ROIC_YEARLY":-8.719091483052,"TOTAL_ASSETS":1201464663.56,"TOTAL_LIABILITIES":44548868.98,"TAX_EBT":2.857489591307,"OCF_SALES":81.449130575656,"TOTAL_PARENT_EQUITY":1155244724.9,"DEBT_ASSET_RATIO":3.7078800843,"OPERATE_PROFIT":-96229689.36,"PRETAX_PROFIT":-97076098.84,"NETCASH_OPERATE":54673158.82,"NETCASH_INVEST":-45706111.92,"NETCASH_FINANCE":-37996898.38,"END_CASH":170400171.48,"DIVI_RATIO":null,"DIVIDEND_RATE":null,"CURRENT_RATIO":23.002319005676,"COMMON_ACS":30000000000,"CURRENTDEBT_DEBT":100,"ISSUED_COMMON_SHARES":2505282734,"HK_COMMON_SHARES":2505282734,"PER_SHARES":10000,"TOTAL_MARKET_CAP":215454315.124,"HKSK_MARKET_CAP":215454315.124,"PE_TTM":-2.588599518502,"PB_TTM":0.170643772418,"REPORT_DATE_SQ":"2022-12-31 00:00:00","REPORT_TYPE_SQ":"2022年年报","OPERATE_INCOME_SQ":65189058.06,"DPS_HKD":null,"OPERATE_INCOME_QOQ_SQ":-5.013972864319,"NET_PROFIT_RATIO_SQ":-234.7049795829,"HOLDER_PROFIT_SQ":-152999285.6,"HOLDER_PROFIT_QOQ_SQ":-395.092713088037,"ROE_AVG_SQ":-11.426764433729,"PE_TTM_SQ":-1.875393453933,"PB_TTM_SQ":0.257744008577,"ROA_SQ":-11.043902866785,"START_DATE":"2023-01-01 00:00:00","FISCAL_YEAR":"12-31","CURRENCY":"HKD","IS_CNY_CODE":0,"DPS_HKD_LY":null,"ORG_TYPE":"一般企业","PREMIUM_INCOME":null,"PREMIUM_INCOME_YOY":null,"NET_INTEREST_INCOME":null,"NET_INTEREST_INCOME_YOY":null,"FEE_COMMISSION_INCOME":null,"FEE_COMMISSION_INCOME_YOY":null,"ACCOUNTS_RECE_TDAYS":0.455124699695,"INVENTORY_TDAYS":null,"CURRENT_ASSETS_TDAYS":0.060260356435,"TOTAL_ASSETS_TDAYS":0.052932863832,"PREMIUM_EXPENSE":null,"LOAN_DEPOSIT":null,"LOAN_EQUITY":null,"LOAN_ASSETS":null,"DEPOSIT_EQUITY":null,"DEPOSIT_ASSETS":null,"EQUITY_MULTIPLIER":1.038506578602,"EQUITY_RATIO":0.038562278641},{"SECUCODE":"00397.HK","SECURITY_CODE":"00397","SECURITY_NAME_ABBR":"嬴集团","ORG_CODE":"10008882","STD_REPORT_DATE":"2023-06-30 00:00:00","REPORT_DATE":"2023-06-30 00:00:00","DATE_TYPE_CODE":"002","REPORT_TYPE":"2023年中报","PER_NETCASH_OPERATE":0.012764055391,"PER_OI":0.012931323607,"BPS":0.508727950552,"BASIC_EPS":-0.01152475,"DILUTED_EPS":-0.01152475,"OPERATE_INCOME":35995021.18,"OPERATE_INCOME_YOY":5.1722744538,"GROSS_PROFIT":33782269.18,"GROSS_PROFIT_YOY":15.609609808284,"HOLDER_PROFIT":-32146676.66,"HOLDER_PROFIT_YOY":-115.7210913816,"GROSS_PROFIT_RATIO":93.852616480111,"EPS_TTM":-0.06154851108,"OPERATE_INCOME_QOQ":6.518752251473,"NET_PROFIT_RATIO":-89.3137983146,"ROE_AVG":-2.490872741314,"GROSS_PROFIT_QOQ":7.515195562569,"ROA":-2.396003339713,"HOLDER_PROFIT_QOQ":-11.976683824464,"ROE_YEARLY":-4.981745482628,"ROIC_YEARLY":-5.621098586463,"TOTAL_ASSETS":1325358235.74,"TOTAL_LIABILITIES":49150753.8,"TAX_EBT":8.070129185341,"OCF_SALES":98.706488051023,"TOTAL_PARENT_EQUITY":1274507350.82,"DEBT_ASSET_RATIO":3.7084882015,"OPERATE_PROFIT":-34541980.7,"PRETAX_PROFIT":-34970701.4,"NETCASH_OPERATE":35529421.28,"NETCASH_INVEST":-47313247.66,"NETCASH_FINANCE":-1629138.66,"END_CASH":189485329.6,"DIVI_RATIO":null,"DIVIDEND_RATE":null,"CURRENT_RATIO":23.385312324142,"COMMON_ACS":30000000000,"CURRENTDEBT_DEBT":100,"ISSUED_COMMON_SHARES":2505282734,"HK_COMMON_SHARES":2505282734,"PER_SHARES":10000,"TOTAL_MARKET_CAP":215454315.124,"HKSK_MARKET_CAP":215454315.124,"PE_TTM":-2.588599518502,"PB_TTM":0.170643772418,"REPORT_DATE_SQ":"2022-06-30 00:00:00","REPORT_TYPE_SQ":"2022年中报","OPERATE_INCOME_SQ":31745507.99,"DPS_HKD":null,"OPERATE_INCOME_QOQ_SQ":-12.306607271631,"NET_PROFIT_RATIO_SQ":-43.546779451,"HOLDER_PROFIT_SQ":-13822435.97,"HOLDER_PROFIT_QOQ_SQ":-124.58223918549,"ROE_AVG_SQ":-1.02754367601,"PE_TTM_SQ":-1.875393453933,"PB_TTM_SQ":0.257744008577,"ROA_SQ":-0.996696588736,"START_DATE":"2023-01-01 00:00:00","FISCAL_YEAR":"12-31","CURRENCY":"HKD","IS_CNY_CODE":0,"DPS_HKD_LY":null,"ORG_TYPE":"一般企业","PREMIUM_INCOME":null,"PREMIUM_INCOME_YOY":null,"NET_INTEREST_INCOME":null,"NET_INTEREST_INCOME_YOY":null,"FEE_COMMISSION_INCOME":null,"FEE_COMMISSION_INCOME_YOY":null,"ACCOUNTS_RECE_TDAYS":null,"INVENTORY_TDAYS":null,"CURRENT_ASSETS_TDAYS":0.030331363995,"TOTAL_ASSETS_TDAYS":0.026828338081,"PREMIUM_EXPENSE":null,"LOAN_DEPOSIT":null,"LOAN_EQUITY":null,"LOAN_ASSETS":null,"DEPOSIT_EQUITY":null,"DEPOSIT_ASSETS":null,"EQUITY_MULTIPLIER":1.038513137163,"EQUITY_RATIO":0.038564511824},{"SECUCODE":"00397.HK","SECURITY_CODE":"00397","SECURITY_NAME_ABBR":"嬴集团","ORG_CODE":"10008882","STD_REPORT_DATE":"2022-12-31 00:00:00","REPORT_DATE":"2022-12-31 00:00:00","DATE_TYPE_CODE":"001","REPORT_TYPE":"2022年年报","PER_NETCASH_OPERATE":0.024777463656,"PER_OI":0.023419372395,"BPS":0.505316976307,"BASIC_EPS":-0.054936105,"DILUTED_EPS":null,"OPERATE_INCOME":65189058.06,"OPERATE_INCOME_YOY":-23.75967656,"GROSS_PROFIT":60694123.42,"GROSS_PROFIT_YOY":-12.379760659193,"HOLDER_PROFIT":-152999285.6,"HOLDER_PROFIT_YOY":-211.3951053272,"GROSS_PROFIT_RATIO":93.10477130094,"EPS_TTM":-0.054965470469,"OPERATE_INCOME_QOQ":-5.013972864319,"NET_PROFIT_RATIO":-234.7049795829,"ROE_AVG":-11.426764433729,"GROSS_PROFIT_QOQ":-2.917407904509,"ROA":-11.043902866785,"HOLDER_PROFIT_QOQ":-395.092713088037,"ROE_YEARLY":-11.426764433729,"ROIC_YEARLY":-12.570990721482,"TOTAL_ASSETS":1315712568.59,"TOTAL_LIABILITIES":48101696.23,"TAX_EBT":null,"OCF_SALES":105.799007920195,"TOTAL_PARENT_EQUITY":1265961895.94,"DEBT_ASSET_RATIO":3.6559425955,"OPERATE_PROFIT":-152486548.62,"PRETAX_PROFIT":-153001965.41,"NETCASH_OPERATE":68969376.7,"NETCASH_INVEST":-25936987.72,"NETCASH_FINANCE":16846178.93,"END_CASH":196580142.36,"DIVI_RATIO":null,"DIVIDEND_RATE":null,"CURRENT_RATIO":24.815940484869,"COMMON_ACS":30000000000,"CURRENTDEBT_DEBT":99.350034355327,"ISSUED_COMMON_SHARES":2505282734,"HK_COMMON_SHARES":2505282734,"PER_SHARES":10000,"TOTAL_MARKET_CAP":215454315.124,"HKSK_MARKET_CAP":215454315.124,"PE_TTM":-2.588599518502,"PB_TTM":0.170643772418,"REPORT_DATE_SQ":"2021-12-31 00:00:00","REPORT_TYPE_SQ":"2021年年报","OPERATE_INCOME_SQ":78261489.6,"DPS_HKD":null,"OPERATE_INCOME_QOQ_SQ":-0.554561153415,"NET_PROFIT_RATIO_SQ":160.6209713647,"HOLDER_PROFIT_SQ":125713358.4,"HOLDER_PROFIT_QOQ_SQ":-26.082527607722,"ROE_AVG_SQ":10.247266222722,"PE_TTM_SQ":-1.875393453933,"PB_TTM_SQ":0.257744008577,"ROA_SQ":9.968107165628,"START_DATE":"2022-01-01 00:00:00","FISCAL_YEAR":"12-31","CURRENCY":"HKD","IS_CNY_CODE":0,"DPS_HKD_LY":null,"ORG_TYPE":"一般企业","PREMIUM_INCOME":null,"PREMIUM_INCOME_YOY":null,"NET_INTEREST_INCOME":null,"NET_INTEREST_INCOME_YOY":null,"FEE_COMMISSION_INCOME":null,"FEE_COMMISSION_INCOME_YOY":null,"ACCOUNTS_RECE_TDAYS":0.49608788161,"INVENTORY_TDAYS":null,"CURRENT_ASSETS_TDAYS":0.052073692931,"TOTAL_ASSETS_TDAYS":0.047055227897,"PREMIUM_EXPENSE":null,"LOAN_DEPOSIT":null,"LOAN_EQUITY":null,"LOAN_ASSETS":null,"DEPOSIT_EQUITY":null,"DEPOSIT_ASSETS":null,"EQUITY_MULTIPLIER":1.037946736872,"EQUITY_RATIO":0.037996164327},{"SECUCODE":"00397.HK","SECURITY_CODE":"00397","SECURITY_NAME_ABBR":"嬴集团","ORG_CODE":"10008882","STD_REPORT_DATE":"2022-06-30 00:00:00","REPORT_DATE":"2022-06-30 00:00:00","DATE_TYPE_CODE":"002","REPORT_TYPE":"2022年中报","PER_NETCASH_OPERATE":0.023669895801,"PER_OI":0.011404672742,"BPS":0.534321465303,"BASIC_EPS":-0.004960102,"DILUTED_EPS":-0.004960102,"OPERATE_INCOME":31745507.99,"OPERATE_INCOME_YOY":-25.3504132564,"GROSS_PROFIT":29220987.11,"GROSS_PROFIT_YOY":-18.768500168814,"HOLDER_PROFIT":-13822435.97,"HOLDER_PROFIT_YOY":-109.4183939258,"GROSS_PROFIT_RATIO":92.047628027262,"EPS_TTM":-0.011102056042,"OPERATE_INCOME_QOQ":-12.306607271631,"NET_PROFIT_RATIO":-43.546779451,"ROE_AVG":-1.02754367601,"GROSS_PROFIT_QOQ":-9.74670386363,"ROA":-0.996696588736,"HOLDER_PROFIT_QOQ":-124.58223918549,"ROE_YEARLY":-2.05508735202,"ROIC_YEARLY":-2.27690459026,"TOTAL_ASSETS":1380643536.51,"TOTAL_LIABILITIES":40437659.15,"TAX_EBT":null,"OCF_SALES":207.545594138089,"TOTAL_PARENT_EQUITY":1338626341.43,"DEBT_ASSET_RATIO":2.9288993198,"OPERATE_PROFIT":-13707840.51,"PRETAX_PROFIT":-13824146.35,"NETCASH_OPERATE":65886403.17,"NETCASH_INVEST":-3035924.5,"NETCASH_FINANCE":17604941.34,"END_CASH":211329421.66,"DIVI_RATIO":null,"DIVIDEND_RATE":null,"CURRENT_RATIO":62.344560042321,"COMMON_ACS":30000000000,"CURRENTDEBT_DEBT":47.972930104684,"ISSUED_COMMON_SHARES":2505282734,"HK_COMMON_SHARES":2505282734,"PER_SHARES":10000,"TOTAL_MARKET_CAP":215454315.124,"HKSK_MARKET_CAP":215454315.124,"PE_TTM":-2.588599518502,"PB_TTM":0.170643772418,"REPORT_DATE_SQ":"2021-06-30 00:00:00","REPORT_TYPE_SQ":"2021年中报","OPERATE_INCOME_SQ":41376842.16,"DPS_HKD":null,"OPERATE_INCOME_QOQ_SQ":-8.072044712683,"NET_PROFIT_RATIO_SQ":345.0922034307,"HOLDER_PROFIT_SQ":142794080.88,"HOLDER_PROFIT_QOQ_SQ":357.281836809542,"ROE_AVG_SQ":11.407651145013,"PE_TTM_SQ":-1.875393453933,"PB_TTM_SQ":0.257744008577,"ROA_SQ":11.130633873614,"START_DATE":"2022-01-01 00:00:00","FISCAL_YEAR":"12-31","CURRENCY":"HKD","IS_CNY_CODE":0,"DPS_HKD_LY":null,"ORG_TYPE":"一般企业","PREMIUM_INCOME":null,"PREMIUM_INCOME_YOY":null,"NET_INTEREST_INCOME":null,"NET_INTEREST_INCOME_YOY":null,"FEE_COMMISSION_INCOME":null,"FEE_COMMISSION_INCOME_YOY":null,"ACCOUNTS_RECE_TDAYS":0.297412929743,"INVENTORY_TDAYS":null,"CURRENT_ASSETS_TDAYS":0.025693985402,"TOTAL_ASSETS_TDAYS":0.022890783933,"PREMIUM_EXPENSE":null,"LOAN_DEPOSIT":null,"LOAN_EQUITY":null,"LOAN_ASSETS":null,"DEPOSIT_EQUITY":null,"DEPOSIT_ASSETS":null,"EQUITY_MULTIPLIER":1.030172721843,"EQUITY_RATIO":0.030208324682},{"SECUCODE":"00397.HK","SECURITY_CODE":"00397","SECURITY_NAME_ABBR":"嬴集团","ORG_CODE":"10008882","STD_REPORT_DATE":"2021-12-31 00:00:00","REPORT_DATE":"2021-12-31 00:00:00","DATE_TYPE_CODE":"001","REPORT_TYPE":"2021年年报","PER_NETCASH_OPERATE":-0.008571786878,"PER_OI":0.028115684192,"BPS":0.515846398357,"BASIC_EPS":0.04513152,"DILUTED_EPS":0.04513152,"OPERATE_INCOME":78261489.6,"OPERATE_INCOME_YOY":-5.8938613394,"GROSS_PROFIT":69269524.8,"GROSS_PROFIT_YOY":2.840226322382,"HOLDER_PROFIT":125713358.4,"HOLDER_PROFIT_YOY":247.9497623897,"GROSS_PROFIT_RATIO":88.510358228602,"EPS_TTM":0.045162916033,"OPERATE_INCOME_QOQ":-0.554561153415,"NET_PROFIT_RATIO":160.6209713647,"ROE_AVG":10.247266222722,"GROSS_PROFIT_QOQ":-2.171103476002,"ROA":9.968107165628,"HOLDER_PROFIT_QOQ":-26.082527607722,"ROE_YEARLY":10.247266222722,"ROIC_YEARLY":11.290189344668,"TOTAL_ASSETS":1331776376,"TOTAL_LIABILITIES":37923558.4,"TAX_EBT":2.011420996278,"OCF_SALES":-30.487562812758,"TOTAL_PARENT_EQUITY":1292341075.2,"DEBT_ASSET_RATIO":2.8475920645,"OPERATE_PROFIT":128643636.8,"PRETAX_PROFIT":128284710.4,"NETCASH_OPERATE":-23860020.8,"NETCASH_INVEST":-12769276.8,"NETCASH_FINANCE":-5458297.6,"END_CASH":125121416,"DIVI_RATIO":null,"DIVIDEND_RATE":null,"CURRENT_RATIO":31.805062090376,"COMMON_ACS":30000000000,"CURRENTDEBT_DEBT":100,"ISSUED_COMMON_SHARES":2505282734,"HK_COMMON_SHARES":2505282734,"PER_SHARES":10000,"TOTAL_MARKET_CAP":205433184.188,"HKSK_MARKET_CAP":205433184.188,"PE_TTM":-2.468199540898,"PB_TTM":0.162706852771,"REPORT_DATE_SQ":"2020-12-31 00:00:00","REPORT_TYPE_SQ":"2020年年报","OPERATE_INCOME_SQ":85608254.24,"DPS_HKD":null,"OPERATE_INCOME_QOQ_SQ":-2.119905684591,"NET_PROFIT_RATIO_SQ":43.4336780841,"HOLDER_PROFIT_SQ":37192071.6,"HOLDER_PROFIT_QOQ_SQ":156.337907541105,"ROE_AVG_SQ":3.154029256316,"PE_TTM_SQ":-1.793406033266,"PB_TTM_SQ":0.246476097616,"ROA_SQ":3.05753902358,"START_DATE":"2021-01-01 00:00:00","FISCAL_YEAR":"12-31","CURRENCY":"HKD","IS_CNY_CODE":0,"DPS_HKD_LY":null,"ORG_TYPE":"一般企业","PREMIUM_INCOME":null,"PREMIUM_INCOME_YOY":null,"NET_INTEREST_INCOME":null,"NET_INTEREST_INCOME_YOY":null,"FEE_COMMISSION_INCOME":null,"FEE_COMMISSION_INCOME_YOY":null,"ACCOUNTS_RECE_TDAYS":0.647119866683,"INVENTORY_TDAYS":null,"CURRENT_ASSETS_TDAYS":0.06956088876,"TOTAL_ASSETS_TDAYS":0.062055371458,"PREMIUM_EXPENSE":null,"LOAN_DEPOSIT":null,"LOAN_EQUITY":null,"LOAN_ASSETS":null,"DEPOSIT_EQUITY":null,"DEPOSIT_ASSETS":null,"EQUITY_MULTIPLIER":1.029310565996,"EQUITY_RATIO":0.02934485263},{"SECUCODE":"00397.HK","SECURITY_CODE":"00397","SECURITY_NAME_ABBR":"嬴集团","ORG_CODE":"10008882","STD_REPORT_DATE":"2021-06-30 00:00:00","REPORT_DATE":"2021-06-30 00:00:00","DATE_TYPE_CODE":"002","REPORT_TYPE":"2021年中报","PER_NETCASH_OPERATE":-0.027289076392,"PER_OI":0.014864759577,"BPS":0.527547603368,"BASIC_EPS":0.051339336,"DILUTED_EPS":0.051339336,"OPERATE_INCOME":41376842.16,"OPERATE_INCOME_YOY":-5.9323156083,"GROSS_PROFIT":35972482.56,"GROSS_PROFIT_YOY":10.60928696422,"HOLDER_PROFIT":142794080.88,"HOLDER_PROFIT_YOY":1481.230996038,"GROSS_PROFIT_RATIO":86.938685221308,"EPS_TTM":0.061099107656,"OPERATE_INCOME_QOQ":-8.072044712683,"NET_PROFIT_RATIO":345.0922034307,"ROE_AVG":11.407651145013,"GROSS_PROFIT_QOQ":5.122545563165,"ROA":11.130633873614,"HOLDER_PROFIT_QOQ":357.281836809542,"ROE_YEARLY":22.815302290026,"ROIC_YEARLY":24.861764195632,"TOTAL_ASSETS":1354165267.68,"TOTAL_LIABILITIES":30967521.36,"TAX_EBT":0.061149968843,"OCF_SALES":-183.582359683874,"TOTAL_PARENT_EQUITY":1321655902.08,"DEBT_ASSET_RATIO":2.2868347091,"OPERATE_PROFIT":143098622.16,"PRETAX_PROFIT":142875624.72,"NETCASH_OPERATE":-75960583.2,"NETCASH_INVEST":3505553.04,"NETCASH_FINANCE":-2598585.84,"END_CASH":95116728.96,"DIVI_RATIO":null,"DIVIDEND_RATE":null,"CURRENT_RATIO":39.339576000215,"COMMON_ACS":30000000000,"CURRENTDEBT_DEBT":100,"ISSUED_COMMON_SHARES":2505282734,"HK_COMMON_SHARES":2505282734,"PER_SHARES":10000,"TOTAL_MARKET_CAP":205433184.188,"HKSK_MARKET_CAP":205433184.188,"PE_TTM":-2.468199540898,"PB_TTM":0.162706852771,"REPORT_DATE_SQ":"2020-06-30 00:00:00","REPORT_TYPE_SQ":"2020年中报","OPERATE_INCOME_SQ":48287178.72,"DPS_HKD":null,"OPERATE_INCOME_QOQ_SQ":15.998467968412,"NET_PROFIT_RATIO_SQ":20.5134025689,"HOLDER_PROFIT_SQ":9913564.32,"HOLDER_PROFIT_QOQ_SQ":-2.855149258115,"ROE_AVG_SQ":0.784871569758,"PE_TTM_SQ":-1.793406033266,"PB_TTM_SQ":0.246476097616,"ROA_SQ":0.756703691902,"START_DATE":"2021-01-01 00:00:00","FISCAL_YEAR":"12-31","CURRENCY":"HKD","IS_CNY_CODE":0,"DPS_HKD_LY":null,"ORG_TYPE":"一般企业","PREMIUM_INCOME":null,"PREMIUM_INCOME_YOY":null,"NET_INTEREST_INCOME":null,"NET_INTEREST_INCOME_YOY":null,"FEE_COMMISSION_INCOME":null,"FEE_COMMISSION_INCOME_YOY":null,"ACCOUNTS_RECE_TDAYS":0.252034951496,"INVENTORY_TDAYS":null,"CURRENT_ASSETS_TDAYS":0.036283771828,"TOTAL_ASSETS_TDAYS":0.03225277113,"PREMIUM_EXPENSE":null,"LOAN_DEPOSIT":null,"LOAN_EQUITY":null,"LOAN_ASSETS":null,"DEPOSIT_EQUITY":null,"DEPOSIT_ASSETS":null,"EQUITY_MULTIPLIER":1.023403547539,"EQUITY_RATIO":0.023430850126},{"SECUCODE":"00397.HK","SECURITY_CODE":"00397","SECURITY_NAME_ABBR":"嬴集团","ORG_CODE":"10008882","STD_REPORT_DATE":"2020-12-31 00:00:00","REPORT_DATE":"2020-12-31 00:00:00","DATE_TYPE_CODE":"001","REPORT_TYPE":"2020年年报","PER_NETCASH_OPERATE":-0.050049947859,"PER_OI":0.030755032299,"BPS":0.477152329011,"BASIC_EPS":0.013382076,"DILUTED_EPS":null,"OPERATE_INCOME":85608254.24,"OPERATE_INCOME_YOY":20.8430356888,"GROSS_PROFIT":67356449.2,"GROSS_PROFIT_YOY":1.453223415398,"HOLDER_PROFIT":37192071.6,"HOLDER_PROFIT_YOY":161.673947328,"GROSS_PROFIT_RATIO":78.679853710331,"EPS_TTM":0.013361367703,"OPERATE_INCOME_QOQ":-2.119905684591,"NET_PROFIT_RATIO":43.4336780841,"ROE_AVG":3.154029256316,"GROSS_PROFIT_QOQ":-1.58149746362,"ROA":3.05753902358,"HOLDER_PROFIT_QOQ":156.337907541105,"ROE_YEARLY":3.154029256316,"ROIC_YEARLY":3.854184655478,"TOTAL_ASSETS":1225540619.76,"TOTAL_LIABILITIES":28573678,"TAX_EBT":5.430687558866,"OCF_SALES":-162.737425773723,"TOTAL_PARENT_EQUITY":1195401491.36,"DEBT_ASSET_RATIO":2.3315161929,"OPERATE_PROFIT":39885319.6,"PRETAX_PROFIT":39318054.24,"NETCASH_OPERATE":-139316669.2,"NETCASH_INVEST":6425079.76,"NETCASH_FINANCE":-22570259.88,"END_CASH":172125479.68,"DIVI_RATIO":null,"DIVIDEND_RATE":null,"CURRENT_RATIO":41.136045874811,"COMMON_ACS":30000000000,"CURRENTDEBT_DEBT":91.431516936672,"ISSUED_COMMON_SHARES":2505282734,"HK_COMMON_SHARES":2505282734,"PER_SHARES":10000,"TOTAL_MARKET_CAP":205433184.188,"HKSK_MARKET_CAP":205433184.188,"PE_TTM":-2.468199540898,"PB_TTM":0.162706852771,"REPORT_DATE_SQ":"2019-12-31 00:00:00","REPORT_TYPE_SQ":"2019年年报","OPERATE_INCOME_SQ":75399594.16,"DPS_HKD":null,"OPERATE_INCOME_QOQ_SQ":17.953094247872,"NET_PROFIT_RATIO_SQ":-84.6397852017,"HOLDER_PROFIT_SQ":-64183532.78,"HOLDER_PROFIT_QOQ_SQ":69.40872034876,"ROE_AVG_SQ":-5.071321317336,"PE_TTM_SQ":-1.793406033266,"PB_TTM_SQ":0.246476097616,"ROA_SQ":-4.810703312994,"START_DATE":"2020-01-01 00:00:00","FISCAL_YEAR":"12-31","CURRENCY":"HKD","IS_CNY_CODE":0,"DPS_HKD_LY":null,"ORG_TYPE":"一般企业","PREMIUM_INCOME":null,"PREMIUM_INCOME_YOY":null,"NET_INTEREST_INCOME":null,"NET_INTEREST_INCOME_YOY":null,"FEE_COMMISSION_INCOME":null,"FEE_COMMISSION_INCOME_YOY":null,"ACCOUNTS_RECE_TDAYS":0.939262282593,"INVENTORY_TDAYS":42.272904483431,"CURRENT_ASSETS_TDAYS":0.086144699483,"TOTAL_ASSETS_TDAYS":0.070378058231,"PREMIUM_EXPENSE":null,"LOAN_DEPOSIT":null,"LOAN_EQUITY":null,"LOAN_ASSETS":null,"DEPOSIT_EQUITY":null,"DEPOSIT_ASSETS":null,"EQUITY_MULTIPLIER":1.023871735303,"EQUITY_RATIO":0.023902996781},{"SECUCODE":"00397.HK","SECURITY_CODE":"00397","SECURITY_NAME_ABBR":"嬴集团","ORG_CODE":"10008882","STD_REPORT_DATE":"2020-06-30 00:00:00","REPORT_DATE":"2020-06-30 00:00:00","DATE_TYPE_CODE":"002","REPORT_TYPE":"2020年中报","PER_NETCASH_OPERATE":-0.037794402238,"PER_OI":0.017347319535,"BPS":0.504520018969,"BASIC_EPS":0.003562416,"DILUTED_EPS":0.003562416,"OPERATE_INCOME":48287178.72,"OPERATE_INCOME_YOY":28.370568237,"GROSS_PROFIT":32522117.76,"GROSS_PROFIT_YOY":6.717574013722,"HOLDER_PROFIT":9913564.32,"HOLDER_PROFIT_YOY":-18.7223844829,"GROSS_PROFIT_RATIO":67.351455649509,"EPS_TTM":-0.023716478453,"OPERATE_INCOME_QOQ":15.998467968412,"NET_PROFIT_RATIO":20.5134025689,"ROE_AVG":0.784871569758,"GROSS_PROFIT_QOQ":3.083486134019,"ROA":0.756703691902,"HOLDER_PROFIT_QOQ":-2.855149258115,"ROE_YEARLY":1.569743139515,"ROIC_YEARLY":1.958266177506,"TOTAL_ASSETS":1309935073.92,"TOTAL_LIABILITIES":44268956.16,"TAX_EBT":7.69492679605,"OCF_SALES":-217.868830751187,"TOTAL_PARENT_EQUITY":1263965292.48,"DEBT_ASSET_RATIO":3.3794771238,"OPERATE_PROFIT":10981375.68,"PRETAX_PROFIT":10731093.12,"NETCASH_OPERATE":-105202711.68,"NETCASH_INVEST":6838011.84,"NETCASH_FINANCE":-20883065.28,"END_CASH":236285918.88,"DIVI_RATIO":null,"DIVIDEND_RATE":null,"CURRENT_RATIO":28.510041969981,"COMMON_ACS":30000000000,"CURRENTDEBT_DEBT":87.019230769231,"ISSUED_COMMON_SHARES":2505282734,"HK_COMMON_SHARES":2505282734,"PER_SHARES":10000,"TOTAL_MARKET_CAP":205433184.188,"HKSK_MARKET_CAP":205433184.188,"PE_TTM":-2.468199540898,"PB_TTM":0.162706852771,"REPORT_DATE_SQ":"2019-06-30 00:00:00","REPORT_TYPE_SQ":"2019年中报","OPERATE_INCOME_SQ":36224398.8,"DPS_HKD":null,"OPERATE_INCOME_QOQ_SQ":75.318358139326,"NET_PROFIT_RATIO_SQ":7.1466731423,"HOLDER_PROFIT_SQ":11746099.98,"HOLDER_PROFIT_QOQ_SQ":45.246302200275,"ROE_AVG_SQ":0.203187787569,"PE_TTM_SQ":-1.793406033266,"PB_TTM_SQ":0.246476097616,"ROA_SQ":0.185467664525,"START_DATE":"2020-01-01 00:00:00","FISCAL_YEAR":"12-31","CURRENCY":"HKD","IS_CNY_CODE":0,"DPS_HKD_LY":null,"ORG_TYPE":"一般企业","PREMIUM_INCOME":null,"PREMIUM_INCOME_YOY":null,"NET_INTEREST_INCOME":null,"NET_INTEREST_INCOME_YOY":null,"FEE_COMMISSION_INCOME":null,"FEE_COMMISSION_INCOME_YOY":null,"ACCOUNTS_RECE_TDAYS":0.639863948872,"INVENTORY_TDAYS":22.739130434783,"CURRENT_ASSETS_TDAYS":0.046229828616,"TOTAL_ASSETS_TDAYS":0.03685766817,"PREMIUM_EXPENSE":null,"LOAN_DEPOSIT":null,"LOAN_EQUITY":null,"LOAN_ASSETS":null,"DEPOSIT_EQUITY":null,"DEPOSIT_ASSETS":null,"EQUITY_MULTIPLIER":1.034976804339,"EQUITY_RATIO":0.035023870057}],"count":48},"success":true,"message":"ok","code":0}