{"version":"b724896ac4f6e7ed0d21c3fe46362e5a","result":{"pages":6,"data":[{"SECUCODE":"00393.HK","SECURITY_CODE":"00393","SECURITY_NAME_ABBR":"旭日企业","ORG_CODE":"10008880","STD_REPORT_DATE":"2024-06-30 00:00:00","REPORT_DATE":"2024-06-30 00:00:00","DATE_TYPE_CODE":"002","REPORT_TYPE":"2024年中报","PER_NETCASH_OPERATE":0.038563655519,"PER_OI":0.318864689796,"BPS":1.588566846779,"BASIC_EPS":0.014785416,"DILUTED_EPS":0.014785416,"OPERATE_INCOME":483656512.4,"OPERATE_INCOME_YOY":16.6740423208,"GROSS_PROFIT":175579553.04,"GROSS_PROFIT_YOY":95.881019195586,"HOLDER_PROFIT":22350620.52,"HOLDER_PROFIT_YOY":38.9998864797,"GROSS_PROFIT_RATIO":36.302530522899,"EPS_TTM":0.03008121732,"OPERATE_INCOME_QOQ":8.719980754516,"NET_PROFIT_RATIO":4.8968731719,"ROE_AVG":0.97854622611,"GROSS_PROFIT_QOQ":59.140806668957,"ROA":0.763302626473,"HOLDER_PROFIT_QOQ":15.453283395126,"ROE_YEARLY":1.95709245222,"ROIC_YEARLY":2.672305399472,"TOTAL_ASSETS":3070250956.6,"TOTAL_LIABILITIES":669176063.32,"TAX_EBT":39.067342913497,"OCF_SALES":12.094050157568,"TOTAL_PARENT_EQUITY":2399117194.68,"DEBT_ASSET_RATIO":21.7954842382,"OPERATE_PROFIT":40565887.96,"PRETAX_PROFIT":38869215.84,"NETCASH_OPERATE":58493661.2,"NETCASH_INVEST":-581635448.44,"NETCASH_FINANCE":-80659920.36,"END_CASH":952663598.12,"DIVI_RATIO":2.659658322672,"DIVIDEND_RATE":6.875,"CURRENT_RATIO":2.363393151827,"COMMON_ACS":6000000000,"CURRENTDEBT_DEBT":97.524955707796,"ISSUED_COMMON_SHARES":1510240000,"HK_COMMON_SHARES":1510240000,"PER_SHARES":4000,"TOTAL_MARKET_CAP":1933107200,"HKSK_MARKET_CAP":1933107200,"PE_TTM":38.293758047582,"PB_TTM":0.735398955586,"REPORT_DATE_SQ":"2023-06-30 00:00:00","REPORT_TYPE_SQ":"2023年中报","OPERATE_INCOME_SQ":418760550.06,"DPS_HKD":0.088,"OPERATE_INCOME_QOQ_SQ":-7.244118447295,"NET_PROFIT_RATIO_SQ":3.8434864167,"HOLDER_PROFIT_SQ":16243443.64,"HOLDER_PROFIT_QOQ_SQ":7.145581737857,"ROE_AVG_SQ":0.73118312593,"PE_TTM_SQ":31.73652926608,"PB_TTM_SQ":0.54147671886,"ROA_SQ":0.580297487277,"START_DATE":"2024-01-01 00:00:00","FISCAL_YEAR":"12-31","CURRENCY":"HKD","IS_CNY_CODE":0,"DPS_HKD_LY":0.088,"ORG_TYPE":"一般企业","PREMIUM_INCOME":null,"PREMIUM_INCOME_YOY":null,"NET_INTEREST_INCOME":null,"NET_INTEREST_INCOME_YOY":null,"FEE_COMMISSION_INCOME":null,"FEE_COMMISSION_INCOME_YOY":null,"ACCOUNTS_RECE_TDAYS":3.485120515603,"INVENTORY_TDAYS":1.295849696914,"CURRENT_ASSETS_TDAYS":0.270361137952,"TOTAL_ASSETS_TDAYS":0.165174960532,"PREMIUM_EXPENSE":null,"LOAN_DEPOSIT":null,"LOAN_EQUITY":null,"LOAN_ASSETS":null,"DEPOSIT_EQUITY":null,"DEPOSIT_ASSETS":null,"EQUITY_MULTIPLIER":1.278698538389,"EQUITY_RATIO":0.2789259586},{"SECUCODE":"00393.HK","SECURITY_CODE":"00393","SECURITY_NAME_ABBR":"旭日企业","ORG_CODE":"10008880","STD_REPORT_DATE":"2023-12-31 00:00:00","REPORT_DATE":"2023-12-31 00:00:00","DATE_TYPE_CODE":"001","REPORT_TYPE":"2023年年报","PER_NETCASH_OPERATE":0.048887805186,"PER_OI":0.488769137198,"BPS":1.426036994372,"BASIC_EPS":0.025917892,"DILUTED_EPS":0.025917892,"OPERATE_INCOME":744221394.14,"OPERATE_INCOME_YOY":-22.574553518,"GROSS_PROFIT":145320532.98,"GROSS_PROFIT_YOY":0.005392323003,"HOLDER_PROFIT":39520254.2,"HOLDER_PROFIT_YOY":11.167758546,"GROSS_PROFIT_RATIO":19.526519141247,"EPS_TTM":0.025955019164,"OPERATE_INCOME_QOQ":-15.317600547168,"NET_PROFIT_RATIO":5.3932056154,"ROE_AVG":1.815060297377,"GROSS_PROFIT_QOQ":-9.576588389524,"ROA":1.41358585338,"HOLDER_PROFIT_QOQ":5.258087797999,"ROE_YEARLY":1.815060297377,"ROIC_YEARLY":3.796604385291,"TOTAL_ASSETS":2766322640.9,"TOTAL_LIABILITIES":611867056.92,"TAX_EBT":14.578592092575,"OCF_SALES":10.002228345776,"TOTAL_PARENT_EQUITY":2153658110.38,"DEBT_ASSET_RATIO":22.1184271087,"OPERATE_PROFIT":49262119.2,"PRETAX_PROFIT":46987507,"NETCASH_OPERATE":74438723.24,"NETCASH_INVEST":-370940313.94,"NETCASH_FINANCE":-124130390.72,"END_CASH":1544124569.96,"DIVI_RATIO":3.082477400397,"DIVIDEND_RATE":7.719298245614,"CURRENT_RATIO":3.400511094813,"COMMON_ACS":6000000000,"CURRENTDEBT_DEBT":97.135752222351,"ISSUED_COMMON_SHARES":1510240000,"HK_COMMON_SHARES":1510240000,"PER_SHARES":4000,"TOTAL_MARKET_CAP":1721673600,"HKSK_MARKET_CAP":1721673600,"PE_TTM":34.105378261128,"PB_TTM":0.654964694819,"REPORT_DATE_SQ":"2022-12-31 00:00:00","REPORT_TYPE_SQ":"2022年年报","OPERATE_INCOME_SQ":947474516.87,"DPS_HKD":0.088,"OPERATE_INCOME_QOQ_SQ":-0.493081367668,"NET_PROFIT_RATIO_SQ":4.289131228,"HOLDER_PROFIT_SQ":35042088.83,"HOLDER_PROFIT_QOQ_SQ":190.773148391082,"ROE_AVG_SQ":1.60260705018,"PE_TTM_SQ":30.989787400996,"PB_TTM_SQ":0.528736090181,"ROA_SQ":1.223100571954,"START_DATE":"2023-01-01 00:00:00","FISCAL_YEAR":"12-31","CURRENCY":"HKD","IS_CNY_CODE":0,"DPS_HKD_LY":0.06,"ORG_TYPE":"一般企业","PREMIUM_INCOME":null,"PREMIUM_INCOME_YOY":null,"NET_INTEREST_INCOME":null,"NET_INTEREST_INCOME_YOY":null,"FEE_COMMISSION_INCOME":null,"FEE_COMMISSION_INCOME_YOY":null,"ACCOUNTS_RECE_TDAYS":3.778269030816,"INVENTORY_TDAYS":3.449582946206,"CURRENT_ASSETS_TDAYS":0.333460832096,"TOTAL_ASSETS_TDAYS":0.266197891647,"PREMIUM_EXPENSE":null,"LOAN_DEPOSIT":null,"LOAN_EQUITY":null,"LOAN_ASSETS":null,"DEPOSIT_EQUITY":null,"DEPOSIT_ASSETS":null,"EQUITY_MULTIPLIER":1.284000775634,"EQUITY_RATIO":0.284105937693},{"SECUCODE":"00393.HK","SECURITY_CODE":"00393","SECURITY_NAME_ABBR":"旭日企业","ORG_CODE":"10008880","STD_REPORT_DATE":"2023-06-30 00:00:00","REPORT_DATE":"2023-06-30 00:00:00","DATE_TYPE_CODE":"002","REPORT_TYPE":"2023年中报","PER_NETCASH_OPERATE":0.022200762665,"PER_OI":0.274060821357,"BPS":1.45919402985,"BASIC_EPS":0.01060277,"DILUTED_EPS":0.01060277,"OPERATE_INCOME":418760550.06,"OPERATE_INCOME_YOY":-20.3062492104,"GROSS_PROFIT":89635817.58,"GROSS_PROFIT_YOY":20.742237537198,"HOLDER_PROFIT":16243443.64,"HOLDER_PROFIT_YOY":9.6601518735,"GROSS_PROFIT_RATIO":21.405029095305,"EPS_TTM":0.024572279507,"OPERATE_INCOME_QOQ":-7.244118447295,"NET_PROFIT_RATIO":3.8434864167,"ROE_AVG":0.73118312593,"GROSS_PROFIT_QOQ":10.596791850548,"ROA":0.580297487277,"HOLDER_PROFIT_QOQ":7.145581737857,"ROE_YEARLY":1.462366251861,"ROIC_YEARLY":3.817247488959,"TOTAL_ASSETS":2724016647.42,"TOTAL_LIABILITIES":520215229.26,"TAX_EBT":16.501650165017,"OCF_SALES":8.100669973602,"TOTAL_PARENT_EQUITY":2203733191.64,"DEBT_ASSET_RATIO":19.0973586653,"OPERATE_PROFIT":21222135.64,"PRETAX_PROFIT":19275835.86,"NETCASH_OPERATE":33922410.14,"NETCASH_INVEST":-54850434.16,"NETCASH_FINANCE":-80730412.76,"END_CASH":1897265195.68,"DIVI_RATIO":3.255935615484,"DIVIDEND_RATE":7.719298245614,"CURRENT_RATIO":4.541704412504,"COMMON_ACS":6000000000,"CURRENTDEBT_DEBT":96.646267437265,"ISSUED_COMMON_SHARES":1510240000,"HK_COMMON_SHARES":1510240000,"PER_SHARES":4000,"TOTAL_MARKET_CAP":1721673600,"HKSK_MARKET_CAP":1721673600,"PE_TTM":34.105378261128,"PB_TTM":0.654964694819,"REPORT_DATE_SQ":"2022-06-30 00:00:00","REPORT_TYPE_SQ":"2022年中报","OPERATE_INCOME_SQ":487396726.32,"DPS_HKD":0.088,"OPERATE_INCOME_QOQ_SQ":16.711065197589,"NET_PROFIT_RATIO_SQ":2.5866425233,"HOLDER_PROFIT_SQ":13739482.54,"HOLDER_PROFIT_QOQ_SQ":-60.15810067212,"ROE_AVG_SQ":0.655244546188,"PE_TTM_SQ":30.989787400996,"PB_TTM_SQ":0.528736090181,"ROA_SQ":0.498775956118,"START_DATE":"2023-01-01 00:00:00","FISCAL_YEAR":"12-31","CURRENCY":"HKD","IS_CNY_CODE":0,"DPS_HKD_LY":0.06,"ORG_TYPE":"一般企业","PREMIUM_INCOME":null,"PREMIUM_INCOME_YOY":null,"NET_INTEREST_INCOME":null,"NET_INTEREST_INCOME_YOY":null,"FEE_COMMISSION_INCOME":null,"FEE_COMMISSION_INCOME_YOY":null,"ACCOUNTS_RECE_TDAYS":2.204294082533,"INVENTORY_TDAYS":2.283024539367,"CURRENT_ASSETS_TDAYS":0.175637638056,"TOTAL_ASSETS_TDAYS":0.149602325933,"PREMIUM_EXPENSE":null,"LOAN_DEPOSIT":null,"LOAN_EQUITY":null,"LOAN_ASSETS":null,"DEPOSIT_EQUITY":null,"DEPOSIT_ASSETS":null,"EQUITY_MULTIPLIER":1.236053586759,"EQUITY_RATIO":0.236060894864},{"SECUCODE":"00393.HK","SECURITY_CODE":"00393","SECURITY_NAME_ABBR":"旭日企业","ORG_CODE":"10008880","STD_REPORT_DATE":"2022-12-31 00:00:00","REPORT_DATE":"2022-12-31 00:00:00","DATE_TYPE_CODE":"001","REPORT_TYPE":"2022年年报","PER_NETCASH_OPERATE":0.012576063781,"PER_OI":0.620081438595,"BPS":1.43658818113,"BASIC_EPS":0.022957039,"DILUTED_EPS":0.022957039,"OPERATE_INCOME":947474516.87,"OPERATE_INCOME_YOY":6.2975965109,"GROSS_PROFIT":145312697.25,"GROSS_PROFIT_YOY":6.90766996846,"HOLDER_PROFIT":35042088.83,"HOLDER_PROFIT_YOY":6.0357876527,"GROSS_PROFIT_RATIO":15.336844913787,"EPS_TTM":0.02293354435,"OPERATE_INCOME_QOQ":-0.493081367668,"NET_PROFIT_RATIO":4.289131228,"ROE_AVG":1.60260705018,"GROSS_PROFIT_QOQ":-0.181209218901,"ROA":1.223100571954,"HOLDER_PROFIT_QOQ":190.773148391082,"ROE_YEARLY":1.60260705018,"ROIC_YEARLY":3.200907994192,"TOTAL_ASSETS":2784795129.83,"TOTAL_LIABILITIES":614494725.32,"TAX_EBT":-2.084595534612,"OCF_SALES":2.028130983774,"TOTAL_PARENT_EQUITY":2169592934.67,"DEBT_ASSET_RATIO":22.0660657848,"OPERATE_PROFIT":46983322.19,"PRETAX_PROFIT":39808577.55,"NETCASH_OPERATE":19216024.24,"NETCASH_INVEST":407047060.14,"NETCASH_FINANCE":-63503457.57,"END_CASH":1935486519.61,"DIVI_RATIO":3.488591156221,"DIVIDEND_RATE":7.457627118644,"CURRENT_RATIO":4.006485417843,"COMMON_ACS":6000000000,"CURRENTDEBT_DEBT":97.793916699132,"ISSUED_COMMON_SHARES":1510240000,"HK_COMMON_SHARES":1510240000,"PER_SHARES":4000,"TOTAL_MARKET_CAP":1782083200,"HKSK_MARKET_CAP":1782083200,"PE_TTM":35.302058200115,"PB_TTM":0.677945912181,"REPORT_DATE_SQ":"2021-12-31 00:00:00","REPORT_TYPE_SQ":"2021年年报","OPERATE_INCOME_SQ":815834801.6,"DPS_HKD":0.088,"OPERATE_INCOME_QOQ_SQ":54.39614484886,"NET_PROFIT_RATIO_SQ":4.325438622,"HOLDER_PROFIT_SQ":30247929.6,"HOLDER_PROFIT_QOQ_SQ":-59.329348452129,"ROE_AVG_SQ":1.466588202321,"PE_TTM_SQ":30.616416468453,"PB_TTM_SQ":0.522365775841,"ROA_SQ":1.148203472481,"START_DATE":"2022-01-01 00:00:00","FISCAL_YEAR":"12-31","CURRENCY":"HKD","IS_CNY_CODE":0,"DPS_HKD_LY":0.06,"ORG_TYPE":"一般企业","PREMIUM_INCOME":null,"PREMIUM_INCOME_YOY":null,"NET_INTEREST_INCOME":null,"NET_INTEREST_INCOME_YOY":null,"FEE_COMMISSION_INCOME":null,"FEE_COMMISSION_INCOME_YOY":null,"ACCOUNTS_RECE_TDAYS":4.296490279356,"INVENTORY_TDAYS":5.500583437719,"CURRENT_ASSETS_TDAYS":0.371350562856,"TOTAL_ASSETS_TDAYS":0.33070420805,"PREMIUM_EXPENSE":null,"LOAN_DEPOSIT":null,"LOAN_EQUITY":null,"LOAN_ASSETS":null,"DEPOSIT_EQUITY":null,"DEPOSIT_ASSETS":null,"EQUITY_MULTIPLIER":1.283138096479,"EQUITY_RATIO":0.283230423321},{"SECUCODE":"00393.HK","SECURITY_CODE":"00393","SECURITY_NAME_ABBR":"旭日企业","ORG_CODE":"10008880","STD_REPORT_DATE":"2022-06-30 00:00:00","REPORT_DATE":"2022-06-30 00:00:00","DATE_TYPE_CODE":"002","REPORT_TYPE":"2022年中报","PER_NETCASH_OPERATE":-0.017928395369,"PER_OI":0.318980255238,"BPS":1.379972940255,"BASIC_EPS":0.008979495,"DILUTED_EPS":0.008979495,"OPERATE_INCOME":487396726.32,"OPERATE_INCOME_YOY":35.0831577425,"GROSS_PROFIT":74237333.52,"GROSS_PROFIT_YOY":14.946256768159,"HOLDER_PROFIT":13739482.54,"HOLDER_PROFIT_YOY":-58.1407467236,"GROSS_PROFIT_RATIO":15.23139765023,"EPS_TTM":0.007887091527,"OPERATE_INCOME_QOQ":16.711065197589,"NET_PROFIT_RATIO":2.5866425233,"ROE_AVG":0.655244546188,"GROSS_PROFIT_QOQ":7.10174820982,"ROA":0.498775956118,"HOLDER_PROFIT_QOQ":-60.15810067212,"ROE_YEARLY":1.310489092377,"ROIC_YEARLY":2.497607871211,"TOTAL_ASSETS":2689588798.61,"TOTAL_LIABILITIES":593492452.91,"TAX_EBT":-25.495871286286,"OCF_SALES":-5.620534523659,"TOTAL_PARENT_EQUITY":2084090333.29,"DEBT_ASSET_RATIO":22.0662895836,"OPERATE_PROFIT":11707551.1,"PRETAX_PROFIT":10045916.93,"NETCASH_OPERATE":-27394301.27,"NETCASH_INVEST":321308566.04,"NETCASH_FINANCE":-49837052.44,"END_CASH":1760896928.49,"DIVI_RATIO":10.143886339436,"DIVIDEND_RATE":7.457627118644,"CURRENT_RATIO":4.171511318321,"COMMON_ACS":6000000000,"CURRENTDEBT_DEBT":97.418258790845,"ISSUED_COMMON_SHARES":1510240000,"HK_COMMON_SHARES":1510240000,"PER_SHARES":4000,"TOTAL_MARKET_CAP":1782083200,"HKSK_MARKET_CAP":1782083200,"PE_TTM":35.302058200115,"PB_TTM":0.677945912181,"REPORT_DATE_SQ":"2021-06-30 00:00:00","REPORT_TYPE_SQ":"2021年中报","OPERATE_INCOME_SQ":351062040.72,"DPS_HKD":0.088,"OPERATE_INCOME_QOQ_SQ":-11.267340210385,"NET_PROFIT_RATIO_SQ":9.1901334174,"HOLDER_PROFIT_SQ":31936062.48,"HOLDER_PROFIT_QOQ_SQ":-1.834519587536,"ROE_AVG_SQ":1.490040225767,"PE_TTM_SQ":30.616416468453,"PB_TTM_SQ":0.522365775841,"ROA_SQ":1.213255178723,"START_DATE":"2022-01-01 00:00:00","FISCAL_YEAR":"12-31","CURRENCY":"HKD","IS_CNY_CODE":0,"DPS_HKD_LY":0.06,"ORG_TYPE":"一般企业","PREMIUM_INCOME":null,"PREMIUM_INCOME_YOY":null,"NET_INTEREST_INCOME":null,"NET_INTEREST_INCOME_YOY":null,"FEE_COMMISSION_INCOME":null,"FEE_COMMISSION_INCOME_YOY":null,"ACCOUNTS_RECE_TDAYS":2.371434337298,"INVENTORY_TDAYS":2.734489306727,"CURRENT_ASSETS_TDAYS":0.195265147038,"TOTAL_ASSETS_TDAYS":0.176936625867,"PREMIUM_EXPENSE":null,"LOAN_DEPOSIT":null,"LOAN_EQUITY":null,"LOAN_ASSETS":null,"DEPOSIT_EQUITY":null,"DEPOSIT_ASSETS":null,"EQUITY_MULTIPLIER":1.28314178121,"EQUITY_RATIO":0.284772902321},{"SECUCODE":"00393.HK","SECURITY_CODE":"00393","SECURITY_NAME_ABBR":"旭日企业","ORG_CODE":"10008880","STD_REPORT_DATE":"2021-12-31 00:00:00","REPORT_DATE":"2021-12-31 00:00:00","DATE_TYPE_CODE":"001","REPORT_TYPE":"2021年年报","PER_NETCASH_OPERATE":-0.011815974087,"PER_OI":0.533215602329,"BPS":1.335468372709,"BASIC_EPS":0.0196224,"DILUTED_EPS":0.0196224,"OPERATE_INCOME":815834801.6,"OPERATE_INCOME_YOY":41.0280291938,"GROSS_PROFIT":135923547.2,"GROSS_PROFIT_YOY":15.609543920028,"HOLDER_PROFIT":30247929.6,"HOLDER_PROFIT_YOY":-58.9015530227,"GROSS_PROFIT_RATIO":16.660670387366,"EPS_TTM":0.019769526832,"OPERATE_INCOME_QOQ":54.39614484886,"NET_PROFIT_RATIO":4.325438622,"ROE_AVG":1.466588202321,"GROSS_PROFIT_QOQ":18.923200999645,"ROA":1.148203472481,"HOLDER_PROFIT_QOQ":-59.329348452129,"ROE_YEARLY":1.466588202321,"ROIC_YEARLY":2.539463758277,"TOTAL_ASSETS":2695751475.2,"TOTAL_LIABILITIES":659713264,"TAX_EBT":12.936216565135,"OCF_SALES":-2.215984310126,"TOTAL_PARENT_EQUITY":2016877755.2,"DEBT_ASSET_RATIO":24.4723324857,"OPERATE_PROFIT":42569161.6,"PRETAX_PROFIT":40531702.4,"NETCASH_OPERATE":-18078771.2,"NETCASH_INVEST":135388836.8,"NETCASH_FINANCE":-76013907.2,"END_CASH":1449079900.8,"DIVI_RATIO":4.046923362361,"DIVIDEND_RATE":7.457627118644,"CURRENT_RATIO":3.847847822317,"COMMON_ACS":6000000000,"CURRENTDEBT_DEBT":97.180036931924,"ISSUED_COMMON_SHARES":1510240000,"HK_COMMON_SHARES":1510240000,"PER_SHARES":4000,"TOTAL_MARKET_CAP":1782083200,"HKSK_MARKET_CAP":1782083200,"PE_TTM":35.302058200115,"PB_TTM":0.677945912181,"REPORT_DATE_SQ":"2020-12-31 00:00:00","REPORT_TYPE_SQ":"2020年年报","OPERATE_INCOME_SQ":595500698.72,"DPS_HKD":0.088,"OPERATE_INCOME_QOQ_SQ":-35.300451668592,"NET_PROFIT_RATIO_SQ":13.8671863958,"HOLDER_PROFIT_SQ":75762749.52,"HOLDER_PROFIT_QOQ_SQ":-8.888746626657,"ROE_AVG_SQ":3.534637825077,"PE_TTM_SQ":30.616416468453,"PB_TTM_SQ":0.522365775841,"ROA_SQ":2.923161078294,"START_DATE":"2021-01-01 00:00:00","FISCAL_YEAR":"12-31","CURRENCY":"HKD","IS_CNY_CODE":0,"DPS_HKD_LY":0.062,"ORG_TYPE":"一般企业","PREMIUM_INCOME":null,"PREMIUM_INCOME_YOY":null,"NET_INTEREST_INCOME":null,"NET_INTEREST_INCOME_YOY":null,"FEE_COMMISSION_INCOME":null,"FEE_COMMISSION_INCOME_YOY":null,"ACCOUNTS_RECE_TDAYS":5.146136430446,"INVENTORY_TDAYS":7.045585674889,"CURRENT_ASSETS_TDAYS":0.385150209357,"TOTAL_ASSETS_TDAYS":0.309688750455,"PREMIUM_EXPENSE":null,"LOAN_DEPOSIT":null,"LOAN_EQUITY":null,"LOAN_ASSETS":null,"DEPOSIT_EQUITY":null,"DEPOSIT_ASSETS":null,"EQUITY_MULTIPLIER":1.324018115362,"EQUITY_RATIO":0.327096306308},{"SECUCODE":"00393.HK","SECURITY_CODE":"00393","SECURITY_NAME_ABBR":"旭日企业","ORG_CODE":"10008880","STD_REPORT_DATE":"2021-06-30 00:00:00","REPORT_DATE":"2021-06-30 00:00:00","DATE_TYPE_CODE":"002","REPORT_TYPE":"2021年中报","PER_NETCASH_OPERATE":-0.037430056708,"PER_OI":0.22746961175,"BPS":1.417793819313,"BASIC_EPS":0.020718792,"DILUTED_EPS":0.020718792,"OPERATE_INCOME":351062040.72,"OPERATE_INCOME_YOY":-7.8368666514,"GROSS_PROFIT":64584385.44,"GROSS_PROFIT_YOY":-4.827538591071,"HOLDER_PROFIT":31936062.48,"HOLDER_PROFIT_YOY":5.1995395242,"GROSS_PROFIT_RATIO":18.396858090252,"EPS_TTM":0.048189679396,"OPERATE_INCOME_QOQ":-11.267340210385,"NET_PROFIT_RATIO":9.1901334174,"ROE_AVG":1.490040225767,"GROSS_PROFIT_QOQ":-2.786384029158,"ROA":1.213255178723,"HOLDER_PROFIT_QOQ":-1.834519587536,"ROE_YEARLY":2.980080451535,"ROIC_YEARLY":5.310395090434,"TOTAL_ASSETS":2645967803.52,"TOTAL_LIABILITIES":494321254.32,"TAX_EBT":9.806931844615,"OCF_SALES":-16.454970147591,"TOTAL_PARENT_EQUITY":2141208937.68,"DEBT_ASSET_RATIO":18.682058552,"OPERATE_PROFIT":36935199.12,"PRETAX_PROFIT":35771119.2,"NETCASH_OPERATE":-57767154,"NETCASH_INVEST":52002503.76,"NETCASH_FINANCE":-19345860,"END_CASH":1405148473.44,"DIVI_RATIO":1.660226027712,"DIVIDEND_RATE":7.457627118644,"CURRENT_RATIO":4.102241023987,"COMMON_ACS":6000000000,"CURRENTDEBT_DEBT":96.053218511343,"ISSUED_COMMON_SHARES":1510240000,"HK_COMMON_SHARES":1510240000,"PER_SHARES":4000,"TOTAL_MARKET_CAP":1782083200,"HKSK_MARKET_CAP":1782083200,"PE_TTM":35.302058200115,"PB_TTM":0.677945912181,"REPORT_DATE_SQ":"2020-06-30 00:00:00","REPORT_TYPE_SQ":"2020年中报","OPERATE_INCOME_SQ":418159130.4,"DPS_HKD":0.088,"OPERATE_INCOME_QOQ_SQ":-15.243335249214,"NET_PROFIT_RATIO_SQ":8.1940212108,"HOLDER_PROFIT_SQ":33325944.96,"HOLDER_PROFIT_QOQ_SQ":-15.903068183241,"ROE_AVG_SQ":1.458357816509,"PE_TTM_SQ":30.616416468453,"PB_TTM_SQ":0.522365775841,"ROA_SQ":1.21197263129,"START_DATE":"2021-01-01 00:00:00","FISCAL_YEAR":"12-31","CURRENCY":"HKD","IS_CNY_CODE":0,"DPS_HKD_LY":0.062,"ORG_TYPE":"一般企业","PREMIUM_INCOME":null,"PREMIUM_INCOME_YOY":null,"NET_INTEREST_INCOME":null,"NET_INTEREST_INCOME_YOY":null,"FEE_COMMISSION_INCOME":null,"FEE_COMMISSION_INCOME_YOY":null,"ACCOUNTS_RECE_TDAYS":2.6358604317,"INVENTORY_TDAYS":null,"CURRENT_ASSETS_TDAYS":0.187298593937,"TOTAL_ASSETS_TDAYS":0.133368927125,"PREMIUM_EXPENSE":null,"LOAN_DEPOSIT":null,"LOAN_EQUITY":null,"LOAN_ASSETS":null,"DEPOSIT_EQUITY":null,"DEPOSIT_ASSETS":null,"EQUITY_MULTIPLIER":1.229740918416,"EQUITY_RATIO":0.230860821483},{"SECUCODE":"00393.HK","SECURITY_CODE":"00393","SECURITY_NAME_ABBR":"旭日企业","ORG_CODE":"10008880","STD_REPORT_DATE":"2020-12-31 00:00:00","REPORT_DATE":"2020-12-31 00:00:00","DATE_TYPE_CODE":"001","REPORT_TYPE":"2020年年报","PER_NETCASH_OPERATE":0.102769296254,"PER_OI":0.389639908188,"BPS":1.436886969806,"BASIC_EPS":0.049572596,"DILUTED_EPS":0.049572596,"OPERATE_INCOME":595500698.72,"OPERATE_INCOME_YOY":-41.6353209798,"GROSS_PROFIT":117571216.52,"GROSS_PROFIT_YOY":-41.004826512548,"HOLDER_PROFIT":75762749.52,"HOLDER_PROFIT_YOY":-18.4493989111,"GROSS_PROFIT_RATIO":19.743254167915,"EPS_TTM":0.049572050596,"OPERATE_INCOME_QOQ":-35.300451668592,"NET_PROFIT_RATIO":13.8671863958,"ROE_AVG":3.534637825077,"GROSS_PROFIT_QOQ":-29.49249347509,"ROA":2.923161078294,"HOLDER_PROFIT_QOQ":-8.888746626657,"ROE_YEARLY":3.534637825077,"ROIC_YEARLY":4.902690167279,"TOTAL_ASSETS":2648642763.28,"TOTAL_LIABILITIES":459697876.52,"TAX_EBT":4.476464002337,"OCF_SALES":26.375454386134,"TOTAL_PARENT_EQUITY":2170044177.28,"DEBT_ASSET_RATIO":17.3559788014,"OPERATE_PROFIT":88203030.36,"PRETAX_PROFIT":86449052.6,"NETCASH_OPERATE":157066015.16,"NETCASH_INVEST":669907566.2,"NETCASH_FINANCE":-79331303.12,"END_CASH":1441071157.52,"DIVI_RATIO":1.613928797332,"DIVIDEND_RATE":7.457627118644,"CURRENT_RATIO":4.178190642211,"COMMON_ACS":6000000000,"CURRENTDEBT_DEBT":94.83955305176,"ISSUED_COMMON_SHARES":1510240000,"HK_COMMON_SHARES":1510240000,"PER_SHARES":4000,"TOTAL_MARKET_CAP":1782083200,"HKSK_MARKET_CAP":1782083200,"PE_TTM":35.302058200115,"PB_TTM":0.677945912181,"REPORT_DATE_SQ":"2019-12-31 00:00:00","REPORT_TYPE_SQ":"2019年年报","OPERATE_INCOME_SQ":1085943344.64,"DPS_HKD":0.088,"OPERATE_INCOME_QOQ_SQ":-2.247254514511,"NET_PROFIT_RATIO_SQ":9.2996053743,"HOLDER_PROFIT_SQ":98878883.74,"HOLDER_PROFIT_QOQ_SQ":-10.61421329825,"ROE_AVG_SQ":4.447896393184,"PE_TTM_SQ":30.616416468453,"PB_TTM_SQ":0.522365775841,"ROA_SQ":3.471244299396,"START_DATE":"2020-01-01 00:00:00","FISCAL_YEAR":"12-31","CURRENCY":"HKD","IS_CNY_CODE":0,"DPS_HKD_LY":0.052,"ORG_TYPE":"一般企业","PREMIUM_INCOME":null,"PREMIUM_INCOME_YOY":null,"NET_INTEREST_INCOME":null,"NET_INTEREST_INCOME_YOY":null,"FEE_COMMISSION_INCOME":null,"FEE_COMMISSION_INCOME_YOY":null,"ACCOUNTS_RECE_TDAYS":4.672890159858,"INVENTORY_TDAYS":8.168283718957,"CURRENT_ASSETS_TDAYS":0.357760254192,"TOTAL_ASSETS_TDAYS":0.229762577998,"PREMIUM_EXPENSE":null,"LOAN_DEPOSIT":null,"LOAN_EQUITY":null,"LOAN_ASSETS":null,"DEPOSIT_EQUITY":null,"DEPOSIT_ASSETS":null,"EQUITY_MULTIPLIER":1.210008885697,"EQUITY_RATIO":0.211838026771},{"SECUCODE":"00393.HK","SECURITY_CODE":"00393","SECURITY_NAME_ABBR":"旭日企业","ORG_CODE":"10008880","STD_REPORT_DATE":"2020-06-30 00:00:00","REPORT_DATE":"2020-06-30 00:00:00","DATE_TYPE_CODE":"002","REPORT_TYPE":"2020年中报","PER_NETCASH_OPERATE":0.038958496666,"PER_OI":0.273604188084,"BPS":1.505007075961,"BASIC_EPS":0.021831216,"DILUTED_EPS":0.021831216,"OPERATE_INCOME":418159130.4,"OPERATE_INCOME_YOY":-31.0090966085,"GROSS_PROFIT":67860371.04,"GROSS_PROFIT_YOY":-32.409985032061,"HOLDER_PROFIT":33325944.96,"HOLDER_PROFIT_YOY":-34.5707573394,"GROSS_PROFIT_RATIO":16.228360474895,"EPS_TTM":0.054408263261,"OPERATE_INCOME_QOQ":-15.243335249214,"NET_PROFIT_RATIO":8.1940212108,"ROE_AVG":1.458357816509,"GROSS_PROFIT_QOQ":-16.327811895307,"ROA":1.21197263129,"HOLDER_PROFIT_QOQ":-15.903068183241,"ROE_YEARLY":2.916715633017,"ROIC_YEARLY":4.011505425054,"TOTAL_ASSETS":2748222169.44,"TOTAL_LIABILITIES":458513996.16,"TAX_EBT":10.649802296222,"OCF_SALES":14.238998656575,"TOTAL_PARENT_EQUITY":2272921886.4,"DEBT_ASSET_RATIO":16.6840221747,"OPERATE_PROFIT":39640555.68,"PRETAX_PROFIT":38348038.08,"NETCASH_OPERATE":59541672.96,"NETCASH_INVEST":-149581280.64,"NETCASH_FINANCE":-52932021.12,"END_CASH":527325258.24,"DIVI_RATIO":1.470470755802,"DIVIDEND_RATE":7.457627118644,"CURRENT_RATIO":4.261178007438,"COMMON_ACS":6000000000,"CURRENTDEBT_DEBT":94.551601310054,"ISSUED_COMMON_SHARES":1510240000,"HK_COMMON_SHARES":1510240000,"PER_SHARES":4000,"TOTAL_MARKET_CAP":1782083200,"HKSK_MARKET_CAP":1782083200,"PE_TTM":35.302058200115,"PB_TTM":0.677945912181,"REPORT_DATE_SQ":"2019-06-30 00:00:00","REPORT_TYPE_SQ":"2019年中报","OPERATE_INCOME_SQ":583693115.04,"DPS_HKD":0.088,"OPERATE_INCOME_QOQ_SQ":-0.246288547519,"NET_PROFIT_RATIO_SQ":8.5665758412,"HOLDER_PROFIT_SQ":49050721.26,"HOLDER_PROFIT_QOQ_SQ":17.518506511504,"ROE_AVG_SQ":2.253012481449,"PE_TTM_SQ":30.616416468453,"PB_TTM_SQ":0.522365775841,"ROA_SQ":1.761499572822,"START_DATE":"2020-01-01 00:00:00","FISCAL_YEAR":"12-31","CURRENCY":"HKD","IS_CNY_CODE":0,"DPS_HKD_LY":0.052,"ORG_TYPE":"一般企业","PREMIUM_INCOME":null,"PREMIUM_INCOME_YOY":null,"NET_INTEREST_INCOME":null,"NET_INTEREST_INCOME_YOY":null,"FEE_COMMISSION_INCOME":null,"FEE_COMMISSION_INCOME_YOY":null,"ACCOUNTS_RECE_TDAYS":3.082602723122,"INVENTORY_TDAYS":null,"CURRENT_ASSETS_TDAYS":0.240085401459,"TOTAL_ASSETS_TDAYS":0.152072933619,"PREMIUM_EXPENSE":null,"LOAN_DEPOSIT":null,"LOAN_EQUITY":null,"LOAN_ASSETS":null,"DEPOSIT_EQUITY":null,"DEPOSIT_ASSETS":null,"EQUITY_MULTIPLIER":1.200249971376,"EQUITY_RATIO":0.201728884263}],"count":47},"success":true,"message":"ok","code":0}