{"version":"a44dafa8b06951e2ec81dbdff70e0288","result":{"pages":4,"data":[{"SECUCODE":"00396.HK","SECURITY_CODE":"00396","SECURITY_NAME_ABBR":"兴利(香港)控股","ORG_CODE":"10133163","STD_REPORT_DATE":"2024-06-30 00:00:00","REPORT_DATE":"2024-06-30 00:00:00","DATE_TYPE_CODE":"002","REPORT_TYPE":"2024年中报","PER_NETCASH_OPERATE":0.007291537018,"PER_OI":0.069493226872,"BPS":0.122182939534,"BASIC_EPS":0.000091268,"DILUTED_EPS":0.000091268,"OPERATE_INCOME":56157200.4,"OPERATE_INCOME_YOY":66.3332612457,"GROSS_PROFIT":8346458.6,"GROSS_PROFIT_YOY":-15.552663184652,"HOLDER_PROFIT":967440.8,"HOLDER_PROFIT_YOY":38.3812010444,"GROSS_PROFIT_RATIO":14.862668616935,"EPS_TTM":-0.012523823762,"OPERATE_INCOME_QOQ":25.827956228338,"NET_PROFIT_RATIO":1.7227368763,"ROE_AVG":0.984421072183,"GROSS_PROFIT_QOQ":-7.570811994061,"ROA":0.58558359482,"HOLDER_PROFIT_QOQ":2.516015864413,"ROE_YEARLY":1.968842144366,"ROIC_YEARLY":1.464123787522,"TOTAL_ASSETS":164065182.16,"TOTAL_LIABILITIES":65329634.4,"TAX_EBT":3.372835004558,"OCF_SALES":10.492442710873,"TOTAL_PARENT_EQUITY":98735547.76,"DEBT_ASSET_RATIO":39.819316652,"OPERATE_PROFIT":2463323.32,"PRETAX_PROFIT":1001209.96,"NETCASH_OPERATE":5892262.08,"NETCASH_INVEST":null,"NETCASH_FINANCE":-889863,"END_CASH":35529719.72,"DIVI_RATIO":-5.434212688751,"DIVIDEND_RATE":83.444444444444,"CURRENT_RATIO":1.208841698301,"COMMON_ACS":3000000000,"CURRENTDEBT_DEBT":99.73316568874,"ISSUED_COMMON_SHARES":808096025,"HK_COMMON_SHARES":808096025,"PER_SHARES":2000,"TOTAL_MARKET_CAP":72728642.25,"HKSK_MARKET_CAP":72728642.25,"PE_TTM":-6.515735732844,"PB_TTM":0.672280437134,"REPORT_DATE_SQ":"2023-06-30 00:00:00","REPORT_TYPE_SQ":"2023年中报","OPERATE_INCOME_SQ":34105884.16,"DPS_HKD":0.0751,"OPERATE_INCOME_QOQ_SQ":-16.412764275209,"NET_PROFIT_RATIO_SQ":2.0707179931,"HOLDER_PROFIT_SQ":706236.68,"HOLDER_PROFIT_QOQ_SQ":47.567761824717,"ROE_AVG_SQ":0.644152174644,"PE_TTM_SQ":-2.864319096145,"PB_TTM_SQ":0.325678283138,"ROA_SQ":0.354042018224,"START_DATE":"2024-01-01 00:00:00","FISCAL_YEAR":"12-31","CURRENCY":"HKD","IS_CNY_CODE":0,"DPS_HKD_LY":0.0751,"ORG_TYPE":"一般企业","PREMIUM_INCOME":null,"PREMIUM_INCOME_YOY":null,"NET_INTEREST_INCOME":null,"NET_INTEREST_INCOME_YOY":null,"FEE_COMMISSION_INCOME":null,"FEE_COMMISSION_INCOME_YOY":null,"ACCOUNTS_RECE_TDAYS":1.354346653753,"INVENTORY_TDAYS":13.622415810688,"CURRENT_ASSETS_TDAYS":0.719678583334,"TOTAL_ASSETS_TDAYS":0.339914703673,"PREMIUM_EXPENSE":null,"LOAN_DEPOSIT":null,"LOAN_EQUITY":null,"LOAN_ASSETS":null,"DEPOSIT_EQUITY":null,"DEPOSIT_ASSETS":null,"EQUITY_MULTIPLIER":1.661662753507,"EQUITY_RATIO":0.661662753508},{"SECUCODE":"00396.HK","SECURITY_CODE":"00396","SECURITY_NAME_ABBR":"兴利(香港)控股","ORG_CODE":"10133163","STD_REPORT_DATE":"2023-12-31 00:00:00","REPORT_DATE":"2023-12-31 00:00:00","DATE_TYPE_CODE":"001","REPORT_TYPE":"2023年年报","PER_NETCASH_OPERATE":0.017797032723,"PER_OI":0.105652920221,"BPS":0.120186602898,"BASIC_EPS":-0.012868324,"DILUTED_EPS":-0.012868324,"OPERATE_INCOME":85377704.86,"OPERATE_INCOME_YOY":-6.1501987309,"GROSS_PROFIT":20303859.1,"GROSS_PROFIT_YOY":-6.450129946228,"HOLDER_PROFIT":-10381656.32,"HOLDER_PROFIT_YOY":57.2473503508,"GROSS_PROFIT_RATIO":23.781219152346,"EPS_TTM":-0.012847057774,"OPERATE_INCOME_QOQ":13.905393370526,"NET_PROFIT_RATIO":-12.1596807235,"ROE_AVG":-10.142361357037,"GROSS_PROFIT_QOQ":-7.565466686709,"ROA":-5.66521525197,"HOLDER_PROFIT_QOQ":17.279046261199,"ROE_YEARLY":-10.142361357037,"ROIC_YEARLY":-6.883105568791,"TOTAL_ASSETS":165176719.4,"TOTAL_LIABILITIES":68054403.34,"TAX_EBT":null,"OCF_SALES":16.844809102778,"TOTAL_PARENT_EQUITY":97122316.06,"DEBT_ASSET_RATIO":41.2009656005,"OPERATE_PROFIT":-6403350.52,"PRETAX_PROFIT":-10381656.32,"NETCASH_OPERATE":14381711.4,"NETCASH_INVEST":-202087.06,"NETCASH_FINANCE":-18238583.72,"END_CASH":30367432.2,"DIVI_RATIO":-5.297487035396,"DIVIDEND_RATE":83.444444444444,"CURRENT_RATIO":1.166276507849,"COMMON_ACS":3000000000,"CURRENTDEBT_DEBT":96.701599264951,"ISSUED_COMMON_SHARES":808096025,"HK_COMMON_SHARES":808096025,"PER_SHARES":2000,"TOTAL_MARKET_CAP":72728642.25,"HKSK_MARKET_CAP":72728642.25,"PE_TTM":-6.515735732844,"PB_TTM":0.672280437134,"REPORT_DATE_SQ":"2022-12-31 00:00:00","REPORT_TYPE_SQ":"2022年年报","OPERATE_INCOME_SQ":89672695.49,"DPS_HKD":0.0751,"OPERATE_INCOME_QOQ_SQ":-24.951768098933,"NET_PROFIT_RATIO_SQ":-26.6926992539,"HOLDER_PROFIT_SQ":-23936062.92,"HOLDER_PROFIT_QOQ_SQ":-49.12054421559,"ROE_AVG_SQ":-20.136618797484,"PE_TTM_SQ":-3.16268566866,"PB_TTM_SQ":0.359603104298,"ROA_SQ":-10.497634741389,"START_DATE":"2023-01-01 00:00:00","FISCAL_YEAR":"12-31","CURRENCY":"HKD","IS_CNY_CODE":0,"DPS_HKD_LY":null,"ORG_TYPE":"一般企业","PREMIUM_INCOME":null,"PREMIUM_INCOME_YOY":null,"NET_INTEREST_INCOME":null,"NET_INTEREST_INCOME_YOY":null,"FEE_COMMISSION_INCOME":null,"FEE_COMMISSION_INCOME_YOY":null,"ACCOUNTS_RECE_TDAYS":1.611814923484,"INVENTORY_TDAYS":15.142977646563,"CURRENT_ASSETS_TDAYS":0.951901266501,"TOTAL_ASSETS_TDAYS":0.465901645019,"PREMIUM_EXPENSE":null,"LOAN_DEPOSIT":null,"LOAN_EQUITY":null,"LOAN_ASSETS":null,"DEPOSIT_EQUITY":null,"DEPOSIT_ASSETS":null,"EQUITY_MULTIPLIER":1.70070820076,"EQUITY_RATIO":0.70070820076},{"SECUCODE":"00396.HK","SECURITY_CODE":"00396","SECURITY_NAME_ABBR":"兴利(香港)控股","ORG_CODE":"10133163","STD_REPORT_DATE":"2023-06-30 00:00:00","REPORT_DATE":"2023-06-30 00:00:00","DATE_TYPE_CODE":"002","REPORT_TYPE":"2023年中报","PER_NETCASH_OPERATE":0.007632813439,"PER_OI":0.042205236884,"BPS":0.135885756869,"BASIC_EPS":0.000092198,"DILUTED_EPS":0.000092198,"OPERATE_INCOME":34105884.16,"OPERATE_INCOME_YOY":-35.2051987178,"GROSS_PROFIT":9883625.6,"GROSS_PROFIT_YOY":2.721782513184,"HOLDER_PROFIT":706236.68,"HOLDER_PROFIT_YOY":106.133888533,"GROSS_PROFIT_RATIO":28.979238754325,"EPS_TTM":-0.015530596775,"OPERATE_INCOME_QOQ":-16.412764275209,"NET_PROFIT_RATIO":2.0707179931,"ROE_AVG":0.644152174644,"GROSS_PROFIT_QOQ":1.206623434449,"ROA":0.354042018224,"HOLDER_PROFIT_QOQ":47.567761824717,"ROE_YEARLY":1.288304349289,"ROIC_YEARLY":0.852214255119,"TOTAL_ASSETS":194126576.92,"TOTAL_LIABILITIES":84317836.94,"TAX_EBT":0.13037809648,"OCF_SALES":18.084991349481,"TOTAL_PARENT_EQUITY":109808739.98,"DEBT_ASSET_RATIO":43.4344633681,"OPERATE_PROFIT":3067427.46,"PRETAX_PROFIT":707158.66,"NETCASH_OPERATE":6168046.2,"NETCASH_INVEST":-440706.44,"NETCASH_FINANCE":-8164132.9,"END_CASH":32391923.34,"DIVI_RATIO":-4.382131799869,"DIVIDEND_RATE":83.444444444444,"CURRENT_RATIO":1.239583570372,"COMMON_ACS":3000000000,"CURRENTDEBT_DEBT":96.104009709906,"ISSUED_COMMON_SHARES":808096025,"HK_COMMON_SHARES":808096025,"PER_SHARES":2000,"TOTAL_MARKET_CAP":72728642.25,"HKSK_MARKET_CAP":72728642.25,"PE_TTM":-6.515735732844,"PB_TTM":0.672280437134,"REPORT_DATE_SQ":"2022-06-30 00:00:00","REPORT_TYPE_SQ":"2022年中报","OPERATE_INCOME_SQ":48823652.29,"DPS_HKD":0.0751,"OPERATE_INCOME_QOQ_SQ":-16.494320949342,"NET_PROFIT_RATIO_SQ":-21.8738505193,"HOLDER_PROFIT_SQ":-10679612.72,"HOLDER_PROFIT_QOQ_SQ":-255.724650194365,"ROE_AVG_SQ":-8.886769828534,"PE_TTM_SQ":-3.16268566866,"PB_TTM_SQ":0.359603104298,"ROA_SQ":-4.590003657154,"START_DATE":"2023-01-01 00:00:00","FISCAL_YEAR":"12-31","CURRENCY":"HKD","IS_CNY_CODE":0,"DPS_HKD_LY":null,"ORG_TYPE":"一般企业","PREMIUM_INCOME":null,"PREMIUM_INCOME_YOY":null,"NET_INTEREST_INCOME":null,"NET_INTEREST_INCOME_YOY":null,"FEE_COMMISSION_INCOME":null,"FEE_COMMISSION_INCOME_YOY":null,"ACCOUNTS_RECE_TDAYS":0.542866367292,"INVENTORY_TDAYS":4.126924285265,"CURRENT_ASSETS_TDAYS":0.332962794612,"TOTAL_ASSETS_TDAYS":0.170975487443,"PREMIUM_EXPENSE":null,"LOAN_DEPOSIT":null,"LOAN_EQUITY":null,"LOAN_ASSETS":null,"DEPOSIT_EQUITY":null,"DEPOSIT_ASSETS":null,"EQUITY_MULTIPLIER":1.767860891177,"EQUITY_RATIO":0.767860891176},{"SECUCODE":"00396.HK","SECURITY_CODE":"00396","SECURITY_NAME_ABBR":"兴利(香港)控股","ORG_CODE":"10133163","STD_REPORT_DATE":"2022-12-31 00:00:00","REPORT_DATE":"2022-12-31 00:00:00","DATE_TYPE_CODE":"001","REPORT_TYPE":"2022年年报","PER_NETCASH_OPERATE":0.000219974761,"PER_OI":0.11096787104,"BPS":0.131245343485,"BASIC_EPS":-0.029656564,"DILUTED_EPS":-0.029656564,"OPERATE_INCOME":89672695.49,"OPERATE_INCOME_YOY":-42.6392777556,"GROSS_PROFIT":21703781.19,"GROSS_PROFIT_YOY":10.244281878656,"HOLDER_PROFIT":-23936062.92,"HOLDER_PROFIT_YOY":-385.5227396267,"GROSS_PROFIT_RATIO":24.2033331009,"EPS_TTM":-0.029620320085,"OPERATE_INCOME_QOQ":-24.951768098933,"NET_PROFIT_RATIO":-26.6926992539,"ROE_AVG":-20.136618797484,"GROSS_PROFIT_QOQ":9.884427589425,"ROA":-10.497634741389,"HOLDER_PROFIT_QOQ":-49.12054421559,"ROE_YEARLY":-20.136618797484,"ROIC_YEARLY":-12.565798574882,"TOTAL_ASSETS":198451543.01,"TOTAL_LIABILITIES":92392702.64,"TAX_EBT":null,"OCF_SALES":0.198232838913,"TOTAL_PARENT_EQUITY":106058840.37,"DEBT_ASSET_RATIO":46.5568073892,"OPERATE_PROFIT":-19216917.51,"PRETAX_PROFIT":-23936062.92,"NETCASH_OPERATE":177760.73,"NETCASH_INVEST":78607.76,"NETCASH_FINANCE":-6647715.34,"END_CASH":33988923.5,"DIVI_RATIO":-2.297649782462,"DIVIDEND_RATE":83.444444444444,"CURRENT_RATIO":1.166572243796,"COMMON_ACS":3000000000,"CURRENTDEBT_DEBT":93.859733931472,"ISSUED_COMMON_SHARES":808096025,"HK_COMMON_SHARES":808096025,"PER_SHARES":2000,"TOTAL_MARKET_CAP":72728642.25,"HKSK_MARKET_CAP":72728642.25,"PE_TTM":-6.515735732844,"PB_TTM":0.672280437134,"REPORT_DATE_SQ":"2021-12-31 00:00:00","REPORT_TYPE_SQ":"2021年年报","OPERATE_INCOME_SQ":143088176,"DPS_HKD":0.0751,"OPERATE_INCOME_QOQ_SQ":-13.180015623306,"NET_PROFIT_RATIO_SQ":-3.1535340838,"HOLDER_PROFIT_SQ":-4512334.4,"HOLDER_PROFIT_QOQ_SQ":88.897091342188,"ROE_AVG_SQ":-3.67456864266,"PE_TTM_SQ":-3.16268566866,"PB_TTM_SQ":0.359603104298,"ROA_SQ":-1.894275471381,"START_DATE":"2022-01-01 00:00:00","FISCAL_YEAR":"12-31","CURRENCY":"HKD","IS_CNY_CODE":0,"DPS_HKD_LY":null,"ORG_TYPE":"一般企业","PREMIUM_INCOME":null,"PREMIUM_INCOME_YOY":null,"NET_INTEREST_INCOME":null,"NET_INTEREST_INCOME_YOY":null,"FEE_COMMISSION_INCOME":null,"FEE_COMMISSION_INCOME_YOY":null,"ACCOUNTS_RECE_TDAYS":1.239506355762,"INVENTORY_TDAYS":11.527914551928,"CURRENT_ASSETS_TDAYS":0.774579096002,"TOTAL_ASSETS_TDAYS":0.393277376767,"PREMIUM_EXPENSE":null,"LOAN_DEPOSIT":null,"LOAN_EQUITY":null,"LOAN_ASSETS":null,"DEPOSIT_EQUITY":null,"DEPOSIT_ASSETS":null,"EQUITY_MULTIPLIER":1.871145699102,"EQUITY_RATIO":0.871145699101},{"SECUCODE":"00396.HK","SECURITY_CODE":"00396","SECURITY_NAME_ABBR":"兴利(香港)控股","ORG_CODE":"10133163","STD_REPORT_DATE":"2022-06-30 00:00:00","REPORT_DATE":"2022-06-30 00:00:00","DATE_TYPE_CODE":"002","REPORT_TYPE":"2022年中报","PER_NETCASH_OPERATE":-0.006411046286,"PER_OI":0.060418131979,"BPS":0.141423998268,"BASIC_EPS":-0.013255445,"DILUTED_EPS":-0.013255445,"OPERATE_INCOME":48823652.29,"OPERATE_INCOME_YOY":-34.409071587,"GROSS_PROFIT":9621742.69,"GROSS_PROFIT_YOY":0.674583893347,"HOLDER_PROFIT":-10679612.72,"HOLDER_PROFIT_YOY":-1308.9060987415,"GROSS_PROFIT_RATIO":19.707134224309,"EPS_TTM":-0.019863339583,"OPERATE_INCOME_QOQ":-16.494320949342,"NET_PROFIT_RATIO":-21.8738505193,"ROE_AVG":-8.886769828534,"GROSS_PROFIT_QOQ":0.327484337068,"ROA":-4.590003657154,"HOLDER_PROFIT_QOQ":-255.724650194365,"ROE_YEARLY":-17.773539657068,"ROIC_YEARLY":-10.802464463586,"TOTAL_ASSETS":218746484.53,"TOTAL_LIABILITIES":104462313.69,"TAX_EBT":-0.200593757522,"OCF_SALES":-10.611129600112,"TOTAL_PARENT_EQUITY":114284170.84,"DEBT_ASSET_RATIO":47.7549680007,"OPERATE_PROFIT":-8224362.23,"PRETAX_PROFIT":-10658232.97,"NETCASH_OPERATE":-5180741.02,"NETCASH_INVEST":null,"NETCASH_FINANCE":-3318992.39,"END_CASH":30574752.88,"DIVI_RATIO":-3.426267859776,"DIVIDEND_RATE":83.444444444444,"CURRENT_RATIO":1.168529724639,"COMMON_ACS":3000000000,"CURRENTDEBT_DEBT":93.8887115128,"ISSUED_COMMON_SHARES":808096025,"HK_COMMON_SHARES":808096025,"PER_SHARES":2000,"TOTAL_MARKET_CAP":72728642.25,"HKSK_MARKET_CAP":72728642.25,"PE_TTM":-6.515735732844,"PB_TTM":0.672280437134,"REPORT_DATE_SQ":"2021-06-30 00:00:00","REPORT_TYPE_SQ":"2021年中报","OPERATE_INCOME_SQ":72425075.28,"DPS_HKD":0.0751,"OPERATE_INCOME_QOQ_SQ":-3.757736325959,"NET_PROFIT_RATIO_SQ":1.1867970267,"HOLDER_PROFIT_SQ":859538.64,"HOLDER_PROFIT_QOQ_SQ":18.439523053107,"ROE_AVG_SQ":0.672972937758,"PE_TTM_SQ":-3.16268566866,"PB_TTM_SQ":0.359603104298,"ROA_SQ":0.341018069336,"START_DATE":"2022-01-01 00:00:00","FISCAL_YEAR":"12-31","CURRENCY":"HKD","IS_CNY_CODE":0,"DPS_HKD_LY":null,"ORG_TYPE":"一般企业","PREMIUM_INCOME":null,"PREMIUM_INCOME_YOY":null,"NET_INTEREST_INCOME":null,"NET_INTEREST_INCOME_YOY":null,"FEE_COMMISSION_INCOME":null,"FEE_COMMISSION_INCOME_YOY":null,"ACCOUNTS_RECE_TDAYS":0.639377768321,"INVENTORY_TDAYS":4.663987383629,"CURRENT_ASSETS_TDAYS":0.407842380861,"TOTAL_ASSETS_TDAYS":0.209839765207,"PREMIUM_EXPENSE":null,"LOAN_DEPOSIT":null,"LOAN_EQUITY":null,"LOAN_ASSETS":null,"DEPOSIT_EQUITY":null,"DEPOSIT_ASSETS":null,"EQUITY_MULTIPLIER":1.914057589272,"EQUITY_RATIO":0.914057589272},{"SECUCODE":"00396.HK","SECURITY_CODE":"00396","SECURITY_NAME_ABBR":"兴利(香港)控股","ORG_CODE":"10133163","STD_REPORT_DATE":"2021-12-31 00:00:00","REPORT_DATE":"2021-12-31 00:00:00","DATE_TYPE_CODE":"001","REPORT_TYPE":"2021年年报","PER_NETCASH_OPERATE":-0.030946732104,"PER_OI":0.177068283438,"BPS":0.149144693046,"BASIC_EPS":-0.00555968,"DILUTED_EPS":-0.00555968,"OPERATE_INCOME":143088176,"OPERATE_INCOME_YOY":-13.9856290486,"GROSS_PROFIT":19686990.4,"GROSS_PROFIT_YOY":24.289185715597,"HOLDER_PROFIT":-4512334.4,"HOLDER_PROFIT_YOY":90.6781521831,"GROSS_PROFIT_RATIO":13.758642363294,"EPS_TTM":-0.00558390867,"OPERATE_INCOME_QOQ":-13.180015623306,"NET_PROFIT_RATIO":-3.1535340838,"ROE_AVG":-3.67456864266,"GROSS_PROFIT_QOQ":17.333722984551,"ROA":-1.894275471381,"HOLDER_PROFIT_QOQ":88.897091342188,"ROE_YEARLY":-3.67456864266,"ROIC_YEARLY":-2.367074546336,"TOTAL_ASSETS":235756595.2,"TOTAL_LIABILITIES":115233361.6,"TAX_EBT":-0.217904485201,"OCF_SALES":-17.477287012171,"TOTAL_PARENT_EQUITY":120523233.6,"DEBT_ASSET_RATIO":48.8781073133,"OPERATE_PROFIT":354838.4,"PRETAX_PROFIT":-4502523.2,"NETCASH_OPERATE":-25007931.2,"NETCASH_INVEST":-92388.8,"NETCASH_FINANCE":4616987.2,"END_CASH":37588342.4,"DIVI_RATIO":-12.18807935891,"DIVIDEND_RATE":83.444444444444,"CURRENT_RATIO":1.109858940725,"COMMON_ACS":3000000000,"CURRENTDEBT_DEBT":93.304999964524,"ISSUED_COMMON_SHARES":808096025,"HK_COMMON_SHARES":808096025,"PER_SHARES":2000,"TOTAL_MARKET_CAP":72728642.25,"HKSK_MARKET_CAP":72728642.25,"PE_TTM":-6.515735732844,"PB_TTM":0.672280437134,"REPORT_DATE_SQ":"2020-12-31 00:00:00","REPORT_TYPE_SQ":"2020年年报","OPERATE_INCOME_SQ":171245124.24,"DPS_HKD":0.0751,"OPERATE_INCOME_QOQ_SQ":-27.705280741442,"NET_PROFIT_RATIO_SQ":-29.0982277137,"HOLDER_PROFIT_SQ":-49829296.2,"HOLDER_PROFIT_QOQ_SQ":35.801655263563,"ROE_AVG_SQ":-32.468137846316,"PE_TTM_SQ":-3.16268566866,"PB_TTM_SQ":0.359603104298,"ROA_SQ":-19.025843397112,"START_DATE":"2021-01-01 00:00:00","FISCAL_YEAR":"12-31","CURRENCY":"HKD","IS_CNY_CODE":0,"DPS_HKD_LY":null,"ORG_TYPE":"一般企业","PREMIUM_INCOME":null,"PREMIUM_INCOME_YOY":null,"NET_INTEREST_INCOME":null,"NET_INTEREST_INCOME_YOY":null,"FEE_COMMISSION_INCOME":null,"FEE_COMMISSION_INCOME_YOY":null,"ACCOUNTS_RECE_TDAYS":2.239998976059,"INVENTORY_TDAYS":15.754801670146,"CURRENT_ASSETS_TDAYS":1.199487334138,"TOTAL_ASSETS_TDAYS":0.600683366998,"PREMIUM_EXPENSE":null,"LOAN_DEPOSIT":null,"LOAN_EQUITY":null,"LOAN_ASSETS":null,"DEPOSIT_EQUITY":null,"DEPOSIT_ASSETS":null,"EQUITY_MULTIPLIER":1.956109109904,"EQUITY_RATIO":0.956109109904},{"SECUCODE":"00396.HK","SECURITY_CODE":"00396","SECURITY_NAME_ABBR":"兴利(香港)控股","ORG_CODE":"10133163","STD_REPORT_DATE":"2021-06-30 00:00:00","REPORT_DATE":"2021-06-30 00:00:00","DATE_TYPE_CODE":"002","REPORT_TYPE":"2021年中报","PER_NETCASH_OPERATE":-0.014322843377,"PER_OI":0.089624342949,"BPS":0.158589194199,"BASIC_EPS":0.001081704,"DILUTED_EPS":0.001081704,"OPERATE_INCOME":72425075.28,"OPERATE_INCOME_YOY":0.8200803864,"GROSS_PROFIT":9557270.88,"GROSS_PROFIT_YOY":10.894999973545,"HOLDER_PROFIT":859538.64,"HOLDER_PROFIT_YOY":111.3292388682,"GROSS_PROFIT_RATIO":13.196080008272,"EPS_TTM":-0.050292304853,"OPERATE_INCOME_QOQ":-3.757736325959,"NET_PROFIT_RATIO":1.1867970267,"ROE_AVG":0.672972937758,"GROSS_PROFIT_QOQ":5.927931505217,"ROA":0.341018069336,"HOLDER_PROFIT_QOQ":18.439523053107,"ROE_YEARLY":1.345945875516,"ROIC_YEARLY":0.877826593132,"TOTAL_ASSETS":259177942.56,"TOTAL_LIABILITIES":131022645.12,"TAX_EBT":null,"OCF_SALES":-15.98097448329,"TOTAL_PARENT_EQUITY":128155297.44,"DEBT_ASSET_RATIO":50.5531619805,"OPERATE_PROFIT":3352450.32,"PRETAX_PROFIT":859538.64,"NETCASH_OPERATE":-11574232.8,"NETCASH_INVEST":113994.96,"NETCASH_FINANCE":6198996,"END_CASH":53843896.8,"DIVI_RATIO":-1.353231318361,"DIVIDEND_RATE":83.444444444444,"CURRENT_RATIO":1.126210013244,"COMMON_ACS":3000000000,"CURRENTDEBT_DEBT":93.028247726465,"ISSUED_COMMON_SHARES":808096025,"HK_COMMON_SHARES":808096025,"PER_SHARES":2000,"TOTAL_MARKET_CAP":72728642.25,"HKSK_MARKET_CAP":72728642.25,"PE_TTM":-6.515735732844,"PB_TTM":0.672280437134,"REPORT_DATE_SQ":"2020-06-30 00:00:00","REPORT_TYPE_SQ":"2020年中报","OPERATE_INCOME_SQ":78860015.52,"DPS_HKD":0.0751,"OPERATE_INCOME_QOQ_SQ":-11.898458866349,"NET_PROFIT_RATIO_SQ":-10.5614307391,"HOLDER_PROFIT_SQ":-8328745.92,"HOLDER_PROFIT_QOQ_SQ":17.851871378007,"ROE_AVG_SQ":-4.417154137751,"PE_TTM_SQ":-3.16268566866,"PB_TTM_SQ":0.359603104298,"ROA_SQ":-2.861199802308,"START_DATE":"2021-01-01 00:00:00","FISCAL_YEAR":"12-31","CURRENCY":"HKD","IS_CNY_CODE":0,"DPS_HKD_LY":null,"ORG_TYPE":"一般企业","PREMIUM_INCOME":null,"PREMIUM_INCOME_YOY":null,"NET_INTEREST_INCOME":null,"NET_INTEREST_INCOME_YOY":null,"FEE_COMMISSION_INCOME":null,"FEE_COMMISSION_INCOME_YOY":null,"ACCOUNTS_RECE_TDAYS":1.175570457109,"INVENTORY_TDAYS":5.470639345449,"CURRENT_ASSETS_TDAYS":0.560055335714,"TOTAL_ASSETS_TDAYS":0.287343211743,"PREMIUM_EXPENSE":null,"LOAN_DEPOSIT":null,"LOAN_EQUITY":null,"LOAN_ASSETS":null,"DEPOSIT_EQUITY":null,"DEPOSIT_ASSETS":null,"EQUITY_MULTIPLIER":2.022374008234,"EQUITY_RATIO":1.022374008233},{"SECUCODE":"00396.HK","SECURITY_CODE":"00396","SECURITY_NAME_ABBR":"兴利(香港)控股","ORG_CODE":"10133163","STD_REPORT_DATE":"2020-12-31 00:00:00","REPORT_DATE":"2020-12-31 00:00:00","DATE_TYPE_CODE":"001","REPORT_TYPE":"2020年年报","PER_NETCASH_OPERATE":0.003251593868,"PER_OI":0.211911850748,"BPS":0.159328099554,"BASIC_EPS":-0.061692212,"DILUTED_EPS":-0.061692212,"OPERATE_INCOME":171245124.24,"OPERATE_INCOME_YOY":-32.2100872254,"GROSS_PROFIT":15839664.8,"GROSS_PROFIT_YOY":-43.734562585432,"HOLDER_PROFIT":-49829296.2,"HOLDER_PROFIT_YOY":43.8698117143,"GROSS_PROFIT_RATIO":9.249702653023,"EPS_TTM":-0.061662592883,"OPERATE_INCOME_QOQ":-27.705280741442,"NET_PROFIT_RATIO":-29.0982277137,"ROE_AVG":-32.468137846316,"GROSS_PROFIT_QOQ":-9.986127057009,"ROA":-19.025843397112,"HOLDER_PROFIT_QOQ":35.801655263563,"ROE_YEARLY":-32.468137846316,"ROIC_YEARLY":-24.057293783015,"TOTAL_ASSETS":247737575.64,"TOTAL_LIABILITIES":118985171.72,"TAX_EBT":0.059081701553,"OCF_SALES":1.534408697276,"TOTAL_PARENT_EQUITY":128752403.92,"DEBT_ASSET_RATIO":48.0287140183,"OPERATE_PROFIT":-47604000.04,"PRETAX_PROFIT":-49858753.6,"NETCASH_OPERATE":2627600.08,"NETCASH_INVEST":-18009412.72,"NETCASH_FINANCE":23134158.68,"END_CASH":59264080.6,"DIVI_RATIO":-1.10370191745,"DIVIDEND_RATE":83.444444444444,"CURRENT_RATIO":1.129082450206,"COMMON_ACS":3000000000,"CURRENTDEBT_DEBT":91.376005319262,"ISSUED_COMMON_SHARES":808096025,"HK_COMMON_SHARES":808096025,"PER_SHARES":2000,"TOTAL_MARKET_CAP":72728642.25,"HKSK_MARKET_CAP":72728642.25,"PE_TTM":-6.515735732844,"PB_TTM":0.672280437134,"REPORT_DATE_SQ":"2019-12-31 00:00:00","REPORT_TYPE_SQ":"2019年年报","OPERATE_INCOME_SQ":268861200.76,"DPS_HKD":0.0751,"OPERATE_INCOME_QOQ_SQ":18.958604673531,"NET_PROFIT_RATIO_SQ":-35.1426991224,"HOLDER_PROFIT_SQ":-94485082.84,"HOLDER_PROFIT_QOQ_SQ":-2.594353996672,"ROE_AVG_SQ":-38.617109300061,"PE_TTM_SQ":-3.16268566866,"PB_TTM_SQ":0.359603104298,"ROA_SQ":-26.01462795639,"START_DATE":"2020-01-01 00:00:00","FISCAL_YEAR":"12-31","CURRENCY":"HKD","IS_CNY_CODE":0,"DPS_HKD_LY":null,"ORG_TYPE":"一般企业","PREMIUM_INCOME":null,"PREMIUM_INCOME_YOY":null,"NET_INTEREST_INCOME":null,"NET_INTEREST_INCOME_YOY":null,"FEE_COMMISSION_INCOME":null,"FEE_COMMISSION_INCOME_YOY":null,"ACCOUNTS_RECE_TDAYS":2.229349052779,"INVENTORY_TDAYS":16.722909025042,"CURRENT_ASSETS_TDAYS":1.210908928598,"TOTAL_ASSETS_TDAYS":0.653848873007,"PREMIUM_EXPENSE":null,"LOAN_DEPOSIT":null,"LOAN_EQUITY":null,"LOAN_ASSETS":null,"DEPOSIT_EQUITY":null,"DEPOSIT_ASSETS":null,"EQUITY_MULTIPLIER":1.92413941874,"EQUITY_RATIO":0.92413941874},{"SECUCODE":"00396.HK","SECURITY_CODE":"00396","SECURITY_NAME_ABBR":"兴利(香港)控股","ORG_CODE":"10133163","STD_REPORT_DATE":"2020-06-30 00:00:00","REPORT_DATE":"2020-06-30 00:00:00","DATE_TYPE_CODE":"002","REPORT_TYPE":"2020年中报","PER_NETCASH_OPERATE":-0.00764462951,"PER_OI":0.097587431543,"BPS":0.227346059375,"BASIC_EPS":-0.010321872,"DILUTED_EPS":-0.010321872,"OPERATE_INCOME":78860015.52,"OPERATE_INCOME_YOY":-31.4899019958,"GROSS_PROFIT":8618306.4,"GROSS_PROFIT_YOY":-55.049938858616,"HOLDER_PROFIT":-8328745.92,"HOLDER_PROFIT_YOY":68.1667423105,"GROSS_PROFIT_RATIO":10.928613623991,"EPS_TTM":-0.096050128919,"OPERATE_INCOME_QOQ":-11.898458866349,"NET_PROFIT_RATIO":-10.5614307391,"ROE_AVG":-4.417154137751,"GROSS_PROFIT_QOQ":-37.492482464116,"ROA":-2.861199802308,"HOLDER_PROFIT_QOQ":17.851871378007,"ROE_YEARLY":-8.834308275503,"ROIC_YEARLY":-6.885978823991,"TOTAL_ASSETS":282565356.48,"TOTAL_LIABILITIES":98847909.6,"TAX_EBT":0.371503496503,"OCF_SALES":-7.833620979232,"TOTAL_PARENT_EQUITY":183717446.88,"DEBT_ASSET_RATIO":34.9823173058,"OPERATE_PROFIT":-7596167.04,"PRETAX_PROFIT":-8359802.88,"NETCASH_OPERATE":-6177594.72,"NETCASH_INVEST":-2024183.04,"NETCASH_FINANCE":-2086296.96,"END_CASH":43799448,"DIVI_RATIO":-0.708558361827,"DIVIDEND_RATE":83.444444444444,"CURRENT_RATIO":1.673935185185,"COMMON_ACS":3000000000,"CURRENTDEBT_DEBT":99.801321443423,"ISSUED_COMMON_SHARES":808096025,"HK_COMMON_SHARES":808096025,"PER_SHARES":2000,"TOTAL_MARKET_CAP":72728642.25,"HKSK_MARKET_CAP":72728642.25,"PE_TTM":-6.515735732844,"PB_TTM":0.672280437134,"REPORT_DATE_SQ":"2019-06-30 00:00:00","REPORT_TYPE_SQ":"2019年中报","OPERATE_INCOME_SQ":110850354.9,"DPS_HKD":0.0751,"OPERATE_INCOME_QOQ_SQ":-1.743040881933,"NET_PROFIT_RATIO_SQ":-22.72983375,"HOLDER_PROFIT_SQ":-25196101.38,"HOLDER_PROFIT_QOQ_SQ":-41.676239500446,"ROE_AVG_SQ":-8.942218836634,"PE_TTM_SQ":-3.16268566866,"PB_TTM_SQ":0.359603104298,"ROA_SQ":-6.030289345675,"START_DATE":"2020-01-01 00:00:00","FISCAL_YEAR":"12-31","CURRENCY":"HKD","IS_CNY_CODE":0,"DPS_HKD_LY":null,"ORG_TYPE":"一般企业","PREMIUM_INCOME":null,"PREMIUM_INCOME_YOY":null,"NET_INTEREST_INCOME":null,"NET_INTEREST_INCOME_YOY":null,"FEE_COMMISSION_INCOME":null,"FEE_COMMISSION_INCOME_YOY":null,"ACCOUNTS_RECE_TDAYS":0.742550455638,"INVENTORY_TDAYS":5.890535830557,"CURRENT_ASSETS_TDAYS":0.465427080413,"TOTAL_ASSETS_TDAYS":0.270910246252,"PREMIUM_EXPENSE":null,"LOAN_DEPOSIT":null,"LOAN_EQUITY":null,"LOAN_ASSETS":null,"DEPOSIT_EQUITY":null,"DEPOSIT_ASSETS":null,"EQUITY_MULTIPLIER":1.53804312698,"EQUITY_RATIO":0.538043126979}],"count":35},"success":true,"message":"ok","code":0}