{"version":"e87dffe36c28ba6f399978f01dde9822","result":{"pages":8,"data":[{"SECUCODE":"00390.HK","SECURITY_CODE":"00390","SECURITY_NAME_ABBR":"中国中铁","ORG_CODE":"10088183","STD_REPORT_DATE":"2024-09-30 00:00:00","REPORT_DATE":"2024-09-30 00:00:00","DATE_TYPE_CODE":"004","REPORT_TYPE":"2024年三季报","PER_NETCASH_OPERATE":-2.879011464632,"PER_OI":33.069030972207,"BPS":11.991495005934,"BASIC_EPS":0.784,"DILUTED_EPS":0.784,"OPERATE_INCOME":818479344000,"OPERATE_INCOME_YOY":-7.2983299137,"GROSS_PROFIT":71985692000,"GROSS_PROFIT_YOY":-10.292332153626,"HOLDER_PROFIT":20569710000,"HOLDER_PROFIT_YOY":-14.3346368645,"GROSS_PROFIT_RATIO":8.795052987922,"EPS_TTM":1.213747295407,"OPERATE_INCOME_QOQ":-1.494800882048,"NET_PROFIT_RATIO":2.7442001029,"ROE_AVG":6.010688080384,"GROSS_PROFIT_QOQ":-3.467319064933,"ROA":1.03951782471,"HOLDER_PROFIT_QOQ":-4.701297465343,"ROE_YEARLY":8.014250773846,"ROIC_YEARLY":1.241948602227,"TOTAL_ASSETS":2128258300000,"TOTAL_LIABILITIES":1638695405000,"TAX_EBT":17.503586974471,"OCF_SALES":-8.706065403161,"TOTAL_PARENT_EQUITY":351904271000,"DEBT_ASSET_RATIO":76.9970169974,"OPERATE_PROFIT":30344698000,"PRETAX_PROFIT":27226288000,"NETCASH_OPERATE":-71257347000,"NETCASH_INVEST":-36811070000,"NETCASH_FINANCE":69481030000,"END_CASH":158232664000,"DIVI_RATIO":0.171799535858,"DIVIDEND_RATE":6.03937007874,"CURRENT_RATIO":0.977496035536,"COMMON_ACS":null,"CURRENTDEBT_DEBT":74.823108935245,"ISSUED_COMMON_SHARES":24741865118,"HK_COMMON_SHARES":4207390000,"PER_SHARES":1000,"TOTAL_MARKET_CAP":94266506099.58,"HKSK_MARKET_CAP":16030155900,"PE_TTM":2.806321999552,"PB_TTM":0.286521396898,"REPORT_DATE_SQ":"2023-09-30 00:00:00","REPORT_TYPE_SQ":"2023年三季报","OPERATE_INCOME_SQ":882917582000,"DPS_HKD":0.2301,"OPERATE_INCOME_QOQ_SQ":0.384431773668,"NET_PROFIT_RATIO_SQ":2.9810093871,"HOLDER_PROFIT_SQ":24011700000,"HOLDER_PROFIT_QOQ_SQ":-0.363706790123,"ROE_AVG_SQ":7.70293842847,"PE_TTM_SQ":2.617610272096,"PB_TTM_SQ":0.314434745082,"ROA_SQ":1.432607667257,"START_DATE":"2024-01-01 00:00:00","FISCAL_YEAR":"12-31","CURRENCY":"HKD","IS_CNY_CODE":0,"DPS_HKD_LY":0.2301,"ORG_TYPE":"一般企业","PREMIUM_INCOME":null,"PREMIUM_INCOME_YOY":null,"NET_INTEREST_INCOME":null,"NET_INTEREST_INCOME_YOY":null,"FEE_COMMISSION_INCOME":null,"FEE_COMMISSION_INCOME_YOY":null,"ACCOUNTS_RECE_TDAYS":3.995704945707,"INVENTORY_TDAYS":3.046262985508,"CURRENT_ASSETS_TDAYS":0.742645838056,"TOTAL_ASSETS_TDAYS":0.413629490763,"PREMIUM_EXPENSE":null,"LOAN_DEPOSIT":null,"LOAN_EQUITY":null,"LOAN_ASSETS":null,"DEPOSIT_EQUITY":null,"DEPOSIT_ASSETS":null,"EQUITY_MULTIPLIER":4.34726226545,"EQUITY_RATIO":4.656651083953},{"SECUCODE":"00390.HK","SECURITY_CODE":"00390","SECURITY_NAME_ABBR":"中国中铁","ORG_CODE":"10088183","STD_REPORT_DATE":"2024-06-30 00:00:00","REPORT_DATE":"2024-06-30 00:00:00","DATE_TYPE_CODE":"002","REPORT_TYPE":"2024年中报","PER_NETCASH_OPERATE":-2.801221646181,"PER_OI":22.000329043182,"BPS":11.75145845365,"BASIC_EPS":0.532,"DILUTED_EPS":0.532,"OPERATE_INCOME":544522000000,"OPERATE_INCOME_YOY":-7.827803225,"GROSS_PROFIT":46757000000,"GROSS_PROFIT_YOY":-8.150316269202,"HOLDER_PROFIT":14279000000,"HOLDER_PROFIT_YOY":-12.0697087259,"GROSS_PROFIT_RATIO":8.58679722766,"EPS_TTM":1.27362415555,"OPERATE_INCOME_QOQ":-3.126388928686,"NET_PROFIT_RATIO":2.877569685,"ROE_AVG":4.274685705223,"GROSS_PROFIT_QOQ":-2.199985893142,"ROA":0.744917330818,"HOLDER_PROFIT_QOQ":-4.723130973884,"ROE_YEARLY":8.549371410446,"ROIC_YEARLY":1.774454515856,"TOTAL_ASSETS":2004424000000,"TOTAL_LIABILITIES":1533147000000,"TAX_EBT":19.89263803681,"OCF_SALES":-12.732635228696,"TOTAL_PARENT_EQUITY":335539000000,"DEBT_ASSET_RATIO":76.4881581941,"OPERATE_PROFIT":19401000000,"PRETAX_PROFIT":19560000000,"NETCASH_OPERATE":-69332000000,"NETCASH_INVEST":-22062000000,"NETCASH_FINANCE":50809000000,"END_CASH":155666000000,"DIVI_RATIO":0.163722728633,"DIVIDEND_RATE":5.7959697733,"CURRENT_RATIO":0.992992661896,"COMMON_ACS":null,"CURRENTDEBT_DEBT":74.539623402061,"ISSUED_COMMON_SHARES":24741865118,"HK_COMMON_SHARES":4207390000,"PER_SHARES":1000,"TOTAL_MARKET_CAP":98225204518.46,"HKSK_MARKET_CAP":16703338300,"PE_TTM":2.924172792184,"PB_TTM":0.298553791519,"REPORT_DATE_SQ":"2023-06-30 00:00:00","REPORT_TYPE_SQ":"2023年中报","OPERATE_INCOME_SQ":590766000000,"DPS_HKD":0.2301,"OPERATE_INCOME_QOQ_SQ":2.133342120473,"NET_PROFIT_RATIO_SQ":3.0915794071,"HOLDER_PROFIT_SQ":16239000000,"HOLDER_PROFIT_QOQ_SQ":2.637638419448,"ROE_AVG_SQ":5.352940013054,"PE_TTM_SQ":2.409863425104,"PB_TTM_SQ":0.289479606583,"ROA_SQ":0.979506308071,"START_DATE":"2024-01-01 00:00:00","FISCAL_YEAR":"12-31","CURRENCY":"HKD","IS_CNY_CODE":0,"DPS_HKD_LY":0.2301,"ORG_TYPE":"一般企业","PREMIUM_INCOME":null,"PREMIUM_INCOME_YOY":null,"NET_INTEREST_INCOME":null,"NET_INTEREST_INCOME_YOY":null,"FEE_COMMISSION_INCOME":null,"FEE_COMMISSION_INCOME_YOY":null,"ACCOUNTS_RECE_TDAYS":2.02072507355,"INVENTORY_TDAYS":2.06721195396,"CURRENT_ASSETS_TDAYS":0.508782806172,"TOTAL_ASSETS_TDAYS":0.284070225374,"PREMIUM_EXPENSE":null,"LOAN_DEPOSIT":null,"LOAN_EQUITY":null,"LOAN_ASSETS":null,"DEPOSIT_EQUITY":null,"DEPOSIT_ASSETS":null,"EQUITY_MULTIPLIER":4.253175945362,"EQUITY_RATIO":4.569206560191},{"SECUCODE":"00390.HK","SECURITY_CODE":"00390","SECURITY_NAME_ABBR":"中国中铁","ORG_CODE":"10088183","STD_REPORT_DATE":"2024-03-31 00:00:00","REPORT_DATE":"2024-03-31 00:00:00","DATE_TYPE_CODE":"003","REPORT_TYPE":"2024年一季报","PER_NETCASH_OPERATE":-2.750049170597,"PER_OI":10.707256298503,"BPS":11.716381267842,"BASIC_EPS":0.289,"DILUTED_EPS":0.289,"OPERATE_INCOME":265011337000,"OPERATE_INCOME_YOY":-2.5599896025,"GROSS_PROFIT":22750591000,"GROSS_PROFIT_YOY":-6.117826618532,"HOLDER_PROFIT":7481215000,"HOLDER_PROFIT_YOY":-5.0430695554,"GROSS_PROFIT_RATIO":8.584761413433,"EPS_TTM":1.336761134752,"OPERATE_INCOME_QOQ":-0.551087214622,"NET_PROFIT_RATIO":3.0289500407,"ROE_AVG":2.22499608265,"GROSS_PROFIT_QOQ":-1.20840275174,"ROA":0.405851053922,"HOLDER_PROFIT_QOQ":-1.18663202222,"ROE_YEARLY":8.899984330601,"ROIC_YEARLY":1.956075544566,"TOTAL_ASSETS":1857390090000,"TOTAL_LIABILITIES":1386444984000,"TAX_EBT":18.600096579892,"OCF_SALES":-25.683976304757,"TOTAL_PARENT_EQUITY":339936440000,"DEBT_ASSET_RATIO":74.6447927909,"OPERATE_PROFIT":10839512000,"PRETAX_PROFIT":9861266000,"NETCASH_OPERATE":-68065449000,"NETCASH_INVEST":-12610175000,"NETCASH_FINANCE":36071534000,"END_CASH":151897527000,"DIVI_RATIO":0.155989889726,"DIVIDEND_RATE":6.252717391304,"CURRENT_RATIO":0.99175884967,"COMMON_ACS":null,"CURRENTDEBT_DEBT":73.776944184898,"ISSUED_COMMON_SHARES":24741865118,"HK_COMMON_SHARES":4207390000,"PER_SHARES":1000,"TOTAL_MARKET_CAP":91050063634.24,"HKSK_MARKET_CAP":15483195200,"PE_TTM":2.710568230539,"PB_TTM":0.276745076269,"REPORT_DATE_SQ":"2023-03-31 00:00:00","REPORT_TYPE_SQ":"2023年一季报","OPERATE_INCOME_SQ":271973839000,"DPS_HKD":0.2301,"OPERATE_INCOME_QOQ_SQ":0.470984165101,"NET_PROFIT_RATIO_SQ":3.2600429632,"HOLDER_PROFIT_SQ":7878535000,"HOLDER_PROFIT_QOQ_SQ":0.931599309375,"ROE_AVG_SQ":2.583990036197,"PE_TTM_SQ":2.305990001608,"PB_TTM_SQ":0.277002037334,"ROA_SQ":0.482002957208,"START_DATE":"2024-01-01 00:00:00","FISCAL_YEAR":"12-31","CURRENCY":"HKD","IS_CNY_CODE":0,"DPS_HKD_LY":0.2301,"ORG_TYPE":"一般企业","PREMIUM_INCOME":null,"PREMIUM_INCOME_YOY":null,"NET_INTEREST_INCOME":null,"NET_INTEREST_INCOME_YOY":null,"FEE_COMMISSION_INCOME":null,"FEE_COMMISSION_INCOME_YOY":null,"ACCOUNTS_RECE_TDAYS":1.5251200803,"INVENTORY_TDAYS":1.05740720732,"CURRENT_ASSETS_TDAYS":0.262369010691,"TOTAL_ASSETS_TDAYS":0.143766928798,"PREMIUM_EXPENSE":null,"LOAN_DEPOSIT":null,"LOAN_EQUITY":null,"LOAN_ASSETS":null,"DEPOSIT_EQUITY":null,"DEPOSIT_ASSETS":null,"EQUITY_MULTIPLIER":3.943963035889,"EQUITY_RATIO":4.078541812111},{"SECUCODE":"00390.HK","SECURITY_CODE":"00390","SECURITY_NAME_ABBR":"中国中铁","ORG_CODE":"10088183","STD_REPORT_DATE":"2023-12-31 00:00:00","REPORT_DATE":"2023-12-31 00:00:00","DATE_TYPE_CODE":"001","REPORT_TYPE":"2023年年报","PER_NETCASH_OPERATE":1.549923086677,"PER_OI":51.042420675229,"BPS":11.424926886145,"BASIC_EPS":1.294,"DILUTED_EPS":1.292,"OPERATE_INCOME":1263412000000,"OPERATE_INCOME_YOY":9.4480092242,"GROSS_PROFIT":122686000000,"GROSS_PROFIT_YOY":12.669666636055,"HOLDER_PROFIT":33483000000,"HOLDER_PROFIT_YOY":7.0667988361,"GROSS_PROFIT_RATIO":9.71068819989,"EPS_TTM":1.35272846187,"OPERATE_INCOME_QOQ":6.251067346758,"NET_PROFIT_RATIO":2.9789965585,"ROE_AVG":10.571748365678,"GROSS_PROFIT_QOQ":7.489068638752,"ROA":1.945380266559,"HOLDER_PROFIT_QOQ":3.719828652105,"ROE_YEARLY":10.571748365678,"ROIC_YEARLY":2.398516319625,"TOTAL_ASSETS":1829439189000,"TOTAL_LIABILITIES":1369537197000,"TAX_EBT":20.899098379605,"OCF_SALES":3.036539149541,"TOTAL_PARENT_EQUITY":332533508000,"DEBT_ASSET_RATIO":74.8670795773,"OPERATE_PROFIT":47171000000,"PRETAX_PROFIT":47581000000,"NETCASH_OPERATE":38364000000,"NETCASH_INVEST":-74640000000,"NETCASH_FINANCE":27131000000,"END_CASH":196150000000,"DIVI_RATIO":0.154148617315,"DIVIDEND_RATE":5.7959697733,"CURRENT_RATIO":0.995106076243,"COMMON_ACS":null,"CURRENTDEBT_DEBT":73.794409178066,"ISSUED_COMMON_SHARES":24741865118,"HK_COMMON_SHARES":4207390000,"PER_SHARES":1000,"TOTAL_MARKET_CAP":98225204518.46,"HKSK_MARKET_CAP":16703338300,"PE_TTM":2.924172792184,"PB_TTM":0.298553791519,"REPORT_DATE_SQ":"2022-12-31 00:00:00","REPORT_TYPE_SQ":"2022年年报","OPERATE_INCOME_SQ":1154349000000,"DPS_HKD":0.2301,"OPERATE_INCOME_QOQ_SQ":0.070915998525,"NET_PROFIT_RATIO_SQ":3.0295863729,"HOLDER_PROFIT_SQ":31273000000,"HOLDER_PROFIT_QOQ_SQ":4.29557999627,"ROE_AVG_SQ":10.855877432298,"PE_TTM_SQ":2.409863425104,"PB_TTM_SQ":0.289479606583,"ROA_SQ":2.102871681191,"START_DATE":"2023-01-01 00:00:00","FISCAL_YEAR":"12-31","CURRENCY":"HKD","IS_CNY_CODE":0,"DPS_HKD_LY":0.21764,"ORG_TYPE":"一般企业","PREMIUM_INCOME":null,"PREMIUM_INCOME_YOY":null,"NET_INTEREST_INCOME":null,"NET_INTEREST_INCOME_YOY":null,"FEE_COMMISSION_INCOME":null,"FEE_COMMISSION_INCOME_YOY":null,"ACCOUNTS_RECE_TDAYS":6.125942196805,"INVENTORY_TDAYS":5.340077522283,"CURRENT_ASSETS_TDAYS":1.326783839939,"TOTAL_ASSETS_TDAYS":0.734049151311,"PREMIUM_EXPENSE":null,"LOAN_DEPOSIT":null,"LOAN_EQUITY":null,"LOAN_ASSETS":null,"DEPOSIT_EQUITY":null,"DEPOSIT_ASSETS":null,"EQUITY_MULTIPLIER":3.978845208521,"EQUITY_RATIO":4.118493818073},{"SECUCODE":"00390.HK","SECURITY_CODE":"00390","SECURITY_NAME_ABBR":"中国中铁","ORG_CODE":"10088183","STD_REPORT_DATE":"2023-09-30 00:00:00","REPORT_DATE":"2023-09-30 00:00:00","DATE_TYPE_CODE":"004","REPORT_TYPE":"2023年三季报","PER_NETCASH_OPERATE":-1.36244452909,"PER_OI":35.670272755048,"BPS":11.035961423998,"BASIC_EPS":0.913,"DILUTED_EPS":0.913,"OPERATE_INCOME":882917582000,"OPERATE_INCOME_YOY":4.0949447248,"GROSS_PROFIT":80244748000,"GROSS_PROFIT_YOY":6.997805101376,"HOLDER_PROFIT":24011700000,"HOLDER_PROFIT_YOY":4.3735507024,"GROSS_PROFIT_RATIO":9.088588746667,"EPS_TTM":1.304213938116,"OPERATE_INCOME_QOQ":0.384431773668,"NET_PROFIT_RATIO":2.9810093871,"ROE_AVG":7.70293842847,"GROSS_PROFIT_QOQ":0.787769987461,"ROA":1.432607667257,"HOLDER_PROFIT_QOQ":-0.363706790123,"ROE_YEARLY":10.270584571294,"ROIC_YEARLY":1.77539711818,"TOTAL_ASSETS":1739147898000,"TOTAL_LIABILITIES":1290488426000,"TAX_EBT":17.784923809135,"OCF_SALES":-3.819551755172,"TOTAL_PARENT_EQUITY":322385605000,"DEBT_ASSET_RATIO":74.2023394033,"OPERATE_PROFIT":35084865000,"PRETAX_PROFIT":32013418000,"NETCASH_OPERATE":-33723494000,"NETCASH_INVEST":-50854097000,"NETCASH_FINANCE":44412296000,"END_CASH":165115591000,"DIVI_RATIO":0.159882681749,"DIVIDEND_RATE":5.7959697733,"CURRENT_RATIO":1.002525738249,"COMMON_ACS":null,"CURRENTDEBT_DEBT":73.152104116585,"ISSUED_COMMON_SHARES":24741865118,"HK_COMMON_SHARES":4207390000,"PER_SHARES":1000,"TOTAL_MARKET_CAP":98225204518.46,"HKSK_MARKET_CAP":16703338300,"PE_TTM":2.924172792184,"PB_TTM":0.298553791519,"REPORT_DATE_SQ":"2022-09-30 00:00:00","REPORT_TYPE_SQ":"2022年三季报","OPERATE_INCOME_SQ":848184880000,"DPS_HKD":0.2301,"OPERATE_INCOME_QOQ_SQ":1.576123427307,"NET_PROFIT_RATIO_SQ":2.9537474188,"HOLDER_PROFIT_SQ":23005541000,"HOLDER_PROFIT_QOQ_SQ":1.142864852103,"ROE_AVG_SQ":8.071611084615,"PE_TTM_SQ":2.409863425104,"PB_TTM_SQ":0.289479606583,"ROA_SQ":1.569854591878,"START_DATE":"2023-01-01 00:00:00","FISCAL_YEAR":"12-31","CURRENCY":"HKD","IS_CNY_CODE":0,"DPS_HKD_LY":0.21764,"ORG_TYPE":"一般企业","PREMIUM_INCOME":null,"PREMIUM_INCOME_YOY":null,"NET_INTEREST_INCOME":null,"NET_INTEREST_INCOME_YOY":null,"FEE_COMMISSION_INCOME":null,"FEE_COMMISSION_INCOME_YOY":null,"ACCOUNTS_RECE_TDAYS":4.22087708739,"INVENTORY_TDAYS":3.625921601999,"CURRENT_ASSETS_TDAYS":0.956997939319,"TOTAL_ASSETS_TDAYS":0.526774238196,"PREMIUM_EXPENSE":null,"LOAN_DEPOSIT":null,"LOAN_EQUITY":null,"LOAN_ASSETS":null,"DEPOSIT_EQUITY":null,"DEPOSIT_ASSETS":null,"EQUITY_MULTIPLIER":3.876320475849,"EQUITY_RATIO":4.002934392806},{"SECUCODE":"00390.HK","SECURITY_CODE":"00390","SECURITY_NAME_ABBR":"中国中铁","ORG_CODE":"10088183","STD_REPORT_DATE":"2023-06-30 00:00:00","REPORT_DATE":"2023-06-30 00:00:00","DATE_TYPE_CODE":"002","REPORT_TYPE":"2023年中报","PER_NETCASH_OPERATE":-1.210680459244,"PER_OI":23.867215676772,"BPS":10.74737085227,"BASIC_EPS":0.605,"DILUTED_EPS":0.605,"OPERATE_INCOME":590766000000,"OPERATE_INCOME_YOY":5.3834641189,"GROSS_PROFIT":50906000000,"GROSS_PROFIT_YOY":9.357679914071,"HOLDER_PROFIT":16239000000,"HOLDER_PROFIT_YOY":7.4363215349,"GROSS_PROFIT_RATIO":8.616948165602,"EPS_TTM":1.308974768229,"OPERATE_INCOME_QOQ":2.133342120473,"NET_PROFIT_RATIO":3.0915794071,"ROE_AVG":5.352940013054,"GROSS_PROFIT_QOQ":3.797963697073,"ROA":0.979506308071,"HOLDER_PROFIT_QOQ":2.637638419448,"ROE_YEARLY":10.705880026107,"ROIC_YEARLY":2.414705929368,"TOTAL_ASSETS":1702733000000,"TOTAL_LIABILITIES":1271955000000,"TAX_EBT":20.494515061814,"OCF_SALES":-5.0725668031,"TOTAL_PARENT_EQUITY":305675000000,"DEBT_ASSET_RATIO":74.7007898479,"OPERATE_PROFIT":22655000000,"PRETAX_PROFIT":22972000000,"NETCASH_OPERATE":-29967000000,"NETCASH_INVEST":-34491000000,"NETCASH_FINANCE":32650000000,"END_CASH":173817000000,"DIVI_RATIO":0.159301177579,"DIVIDEND_RATE":5.7959697733,"CURRENT_RATIO":1.010297160154,"COMMON_ACS":null,"CURRENTDEBT_DEBT":73.036703342493,"ISSUED_COMMON_SHARES":24741865118,"HK_COMMON_SHARES":4207390000,"PER_SHARES":1000,"TOTAL_MARKET_CAP":98225204518.46,"HKSK_MARKET_CAP":16703338300,"PE_TTM":2.924172792184,"PB_TTM":0.298553791519,"REPORT_DATE_SQ":"2022-06-30 00:00:00","REPORT_TYPE_SQ":"2022年中报","OPERATE_INCOME_SQ":560587000000,"DPS_HKD":0.2301,"OPERATE_INCOME_QOQ_SQ":2.905490722775,"NET_PROFIT_RATIO_SQ":3.001318261,"HOLDER_PROFIT_SQ":15115000000,"HOLDER_PROFIT_QOQ_SQ":3.235686141787,"ROE_AVG_SQ":5.410209866497,"PE_TTM_SQ":2.409863425104,"PB_TTM_SQ":0.289479606583,"ROA_SQ":1.045282442558,"START_DATE":"2023-01-01 00:00:00","FISCAL_YEAR":"12-31","CURRENCY":"HKD","IS_CNY_CODE":0,"DPS_HKD_LY":0.21764,"ORG_TYPE":"一般企业","PREMIUM_INCOME":null,"PREMIUM_INCOME_YOY":null,"NET_INTEREST_INCOME":null,"NET_INTEREST_INCOME_YOY":null,"FEE_COMMISSION_INCOME":null,"FEE_COMMISSION_INCOME_YOY":null,"ACCOUNTS_RECE_TDAYS":2.170389814599,"INVENTORY_TDAYS":2.477234505813,"CURRENT_ASSETS_TDAYS":0.643067307159,"TOTAL_ASSETS_TDAYS":0.356339074816,"PREMIUM_EXPENSE":null,"LOAN_DEPOSIT":null,"LOAN_EQUITY":null,"LOAN_ASSETS":null,"DEPOSIT_EQUITY":null,"DEPOSIT_ASSETS":null,"EQUITY_MULTIPLIER":3.952692570195,"EQUITY_RATIO":4.161135192607},{"SECUCODE":"00390.HK","SECURITY_CODE":"00390","SECURITY_NAME_ABBR":"中国中铁","ORG_CODE":"10088183","STD_REPORT_DATE":"2023-03-31 00:00:00","REPORT_DATE":"2023-03-31 00:00:00","DATE_TYPE_CODE":"003","REPORT_TYPE":"2023年一季报","PER_NETCASH_OPERATE":-1.536197072216,"PER_OI":10.987867063868,"BPS":10.621559884296,"BASIC_EPS":0.305,"DILUTED_EPS":0.305,"OPERATE_INCOME":271973839000,"OPERATE_INCOME_YOY":2.0397919332,"GROSS_PROFIT":24233132000,"GROSS_PROFIT_YOY":0.883954776026,"HOLDER_PROFIT":7878535000,"HOLDER_PROFIT_YOY":3.8402602921,"GROSS_PROFIT_RATIO":8.910096680291,"EPS_TTM":1.275336015507,"OPERATE_INCOME_QOQ":0.470984165101,"NET_PROFIT_RATIO":3.2600429632,"ROE_AVG":2.583990036197,"GROSS_PROFIT_QOQ":0.194997704105,"ROA":0.482002957208,"HOLDER_PROFIT_QOQ":0.931599309375,"ROE_YEARLY":10.335960144788,"ROIC_YEARLY":2.40584495366,"TOTAL_ASSETS":1656062603000,"TOTAL_LIABILITIES":1220710282000,"TAX_EBT":17.699860247456,"OCF_SALES":-13.980848724204,"TOTAL_PARENT_EQUITY":308739082000,"DEBT_ASSET_RATIO":73.7116024351,"OPERATE_PROFIT":11815800000,"PRETAX_PROFIT":10773328000,"NETCASH_OPERATE":-38024251000,"NETCASH_INVEST":-18104178000,"NETCASH_FINANCE":28778134000,"END_CASH":177684218000,"DIVI_RATIO":0.163502966641,"DIVIDEND_RATE":5.7959697733,"CURRENT_RATIO":1.035282460582,"COMMON_ACS":null,"CURRENTDEBT_DEBT":72.585193969883,"ISSUED_COMMON_SHARES":24741865118,"HK_COMMON_SHARES":4207390000,"PER_SHARES":1000,"TOTAL_MARKET_CAP":98225204518.46,"HKSK_MARKET_CAP":16703338300,"PE_TTM":2.924172792184,"PB_TTM":0.298553791519,"REPORT_DATE_SQ":"2022-03-31 00:00:00","REPORT_TYPE_SQ":"2022年一季报","OPERATE_INCOME_SQ":266537038000,"DPS_HKD":0.2301,"OPERATE_INCOME_QOQ_SQ":2.822764033721,"NET_PROFIT_RATIO_SQ":3.1164831959,"HOLDER_PROFIT_SQ":7587168000,"HOLDER_PROFIT_QOQ_SQ":3.989137519009,"ROE_AVG_SQ":2.720442976555,"PE_TTM_SQ":2.409863425104,"PB_TTM_SQ":0.289479606583,"ROA_SQ":0.547396397028,"START_DATE":"2023-01-01 00:00:00","FISCAL_YEAR":"12-31","CURRENCY":"HKD","IS_CNY_CODE":0,"DPS_HKD_LY":0.21764,"ORG_TYPE":"一般企业","PREMIUM_INCOME":null,"PREMIUM_INCOME_YOY":null,"NET_INTEREST_INCOME":null,"NET_INTEREST_INCOME_YOY":null,"FEE_COMMISSION_INCOME":null,"FEE_COMMISSION_INCOME_YOY":null,"ACCOUNTS_RECE_TDAYS":1.343843515043,"INVENTORY_TDAYS":1.144629400572,"CURRENT_ASSETS_TDAYS":0.299514970781,"TOTAL_ASSETS_TDAYS":0.166391587625,"PREMIUM_EXPENSE":null,"LOAN_DEPOSIT":null,"LOAN_EQUITY":null,"LOAN_ASSETS":null,"DEPOSIT_EQUITY":null,"DEPOSIT_ASSETS":null,"EQUITY_MULTIPLIER":3.803959513056,"EQUITY_RATIO":3.953857328629},{"SECUCODE":"00390.HK","SECURITY_CODE":"00390","SECURITY_NAME_ABBR":"中国中铁","ORG_CODE":"10088183","STD_REPORT_DATE":"2022-12-31 00:00:00","REPORT_DATE":"2022-12-31 00:00:00","DATE_TYPE_CODE":"001","REPORT_TYPE":"2022年年报","PER_NETCASH_OPERATE":1.759520651417,"PER_OI":46.636225763274,"BPS":10.325050224858,"BASIC_EPS":1.198,"DILUTED_EPS":1.198,"OPERATE_INCOME":1154349000000,"OPERATE_INCOME_YOY":7.5541894319,"GROSS_PROFIT":108890000000,"GROSS_PROFIT_YOY":5.323738223744,"HOLDER_PROFIT":31273000000,"HOLDER_PROFIT_YOY":13.2449851546,"GROSS_PROFIT_RATIO":9.433022422162,"EPS_TTM":1.263564655899,"OPERATE_INCOME_QOQ":0.070915998525,"NET_PROFIT_RATIO":3.0295863729,"ROE_AVG":10.855877432298,"GROSS_PROFIT_QOQ":0.684332610771,"ROA":2.102871681191,"HOLDER_PROFIT_QOQ":4.29557999627,"ROE_YEARLY":10.855877432298,"ROIC_YEARLY":2.588434310079,"TOTAL_ASSETS":1613135000000,"TOTAL_LIABILITIES":1190266000000,"TAX_EBT":21.760046540768,"OCF_SALES":3.77286245321,"TOTAL_PARENT_EQUITY":301057000000,"DEBT_ASSET_RATIO":73.7814619667,"OPERATE_PROFIT":43793000000,"PRETAX_PROFIT":44692000000,"NETCASH_OPERATE":43552000000,"NETCASH_INVEST":-84388000000,"NETCASH_FINANCE":96365000000,"END_CASH":204987000000,"DIVI_RATIO":0.165026159149,"DIVIDEND_RATE":5.7959697733,"CURRENT_RATIO":1.029086016889,"COMMON_ACS":null,"CURRENTDEBT_DEBT":73.376455346956,"ISSUED_COMMON_SHARES":24741865118,"HK_COMMON_SHARES":4207390000,"PER_SHARES":1000,"TOTAL_MARKET_CAP":98225204518.46,"HKSK_MARKET_CAP":16703338300,"PE_TTM":2.924172792184,"PB_TTM":0.298553791519,"REPORT_DATE_SQ":"2021-12-31 00:00:00","REPORT_TYPE_SQ":"2021年年报","OPERATE_INCOME_SQ":1073272000000,"DPS_HKD":0.2301,"OPERATE_INCOME_QOQ_SQ":1.623393546274,"NET_PROFIT_RATIO_SQ":2.8389821033,"HOLDER_PROFIT_SQ":27618000000,"HOLDER_PROFIT_QOQ_SQ":0.158183055562,"ROE_AVG_SQ":10.415617769682,"PE_TTM_SQ":2.409863425104,"PB_TTM_SQ":0.289479606583,"ROA_SQ":2.156344754382,"START_DATE":"2022-01-01 00:00:00","FISCAL_YEAR":"12-31","CURRENCY":"HKD","IS_CNY_CODE":0,"DPS_HKD_LY":0.22956,"ORG_TYPE":"一般企业","PREMIUM_INCOME":null,"PREMIUM_INCOME_YOY":null,"NET_INTEREST_INCOME":null,"NET_INTEREST_INCOME_YOY":null,"FEE_COMMISSION_INCOME":null,"FEE_COMMISSION_INCOME_YOY":null,"ACCOUNTS_RECE_TDAYS":4.600457116896,"INVENTORY_TDAYS":5.083470899574,"CURRENT_ASSETS_TDAYS":1.358188672319,"TOTAL_ASSETS_TDAYS":0.776137556693,"PREMIUM_EXPENSE":null,"LOAN_DEPOSIT":null,"LOAN_EQUITY":null,"LOAN_ASSETS":null,"DEPOSIT_EQUITY":null,"DEPOSIT_ASSETS":null,"EQUITY_MULTIPLIER":3.814095197566,"EQUITY_RATIO":3.95362340022},{"SECUCODE":"00390.HK","SECURITY_CODE":"00390","SECURITY_NAME_ABBR":"中国中铁","ORG_CODE":"10088183","STD_REPORT_DATE":"2022-09-30 00:00:00","REPORT_DATE":"2022-09-30 00:00:00","DATE_TYPE_CODE":"004","REPORT_TYPE":"2022年三季报","PER_NETCASH_OPERATE":-1.163630344555,"PER_OI":34.281656790904,"BPS":9.994067739869,"BASIC_EPS":0.871,"DILUTED_EPS":0.871,"OPERATE_INCOME":848184880000,"OPERATE_INCOME_YOY":10.4513938283,"GROSS_PROFIT":74996630000,"GROSS_PROFIT_YOY":6.783012223574,"HOLDER_PROFIT":23005541000,"HOLDER_PROFIT_YOY":11.4781824987,"GROSS_PROFIT_RATIO":8.842014490992,"EPS_TTM":1.212038951972,"OPERATE_INCOME_QOQ":1.576123427307,"NET_PROFIT_RATIO":2.9537474188,"ROE_AVG":8.071611084615,"GROSS_PROFIT_QOQ":-0.017662176779,"ROA":1.569854591878,"HOLDER_PROFIT_QOQ":1.142864852103,"ROE_YEARLY":10.76214811282,"ROIC_YEARLY":1.91877484158,"TOTAL_ASSETS":1570716038000,"TOTAL_LIABILITIES":1159767795000,"TAX_EBT":18.151471467328,"OCF_SALES":-3.394323534746,"TOTAL_PARENT_EQUITY":295182782000,"DEBT_ASSET_RATIO":73.836885022,"OPERATE_PROFIT":32502164000,"PRETAX_PROFIT":30588005000,"NETCASH_OPERATE":-28790139000,"NETCASH_INVEST":-46479881000,"NETCASH_FINANCE":98168876000,"END_CASH":172846893000,"DIVI_RATIO":0.172041683694,"DIVIDEND_RATE":5.7959697733,"CURRENT_RATIO":1.051068804629,"COMMON_ACS":null,"CURRENTDEBT_DEBT":73.794812003725,"ISSUED_COMMON_SHARES":24741865118,"HK_COMMON_SHARES":4207390000,"PER_SHARES":1000,"TOTAL_MARKET_CAP":98225204518.46,"HKSK_MARKET_CAP":16703338300,"PE_TTM":2.924172792184,"PB_TTM":0.298553791519,"REPORT_DATE_SQ":"2021-09-30 00:00:00","REPORT_TYPE_SQ":"2021年三季报","OPERATE_INCOME_SQ":767925918000,"DPS_HKD":0.2301,"OPERATE_INCOME_QOQ_SQ":-0.050072682122,"NET_PROFIT_RATIO_SQ":2.9014634716,"HOLDER_PROFIT_SQ":20646544000,"HOLDER_PROFIT_QOQ_SQ":3.717678477394,"ROE_AVG_SQ":7.791699919963,"PE_TTM_SQ":2.409863425104,"PB_TTM_SQ":0.289479606583,"ROA_SQ":1.618721674521,"START_DATE":"2022-01-01 00:00:00","FISCAL_YEAR":"12-31","CURRENCY":"HKD","IS_CNY_CODE":0,"DPS_HKD_LY":0.22956,"ORG_TYPE":"一般企业","PREMIUM_INCOME":null,"PREMIUM_INCOME_YOY":null,"NET_INTEREST_INCOME":null,"NET_INTEREST_INCOME_YOY":null,"FEE_COMMISSION_INCOME":null,"FEE_COMMISSION_INCOME_YOY":null,"ACCOUNTS_RECE_TDAYS":4.197091331694,"INVENTORY_TDAYS":3.61044416133,"CURRENT_ASSETS_TDAYS":0.997504511345,"TOTAL_ASSETS_TDAYS":0.578512448271,"PREMIUM_EXPENSE":null,"LOAN_DEPOSIT":null,"LOAN_EQUITY":null,"LOAN_ASSETS":null,"DEPOSIT_EQUITY":null,"DEPOSIT_ASSETS":null,"EQUITY_MULTIPLIER":3.822174847456,"EQUITY_RATIO":3.928981857079}],"count":70},"success":true,"message":"ok","code":0}