{"version":"728606ba89421a808a0013c5f81baf18","result":{"pages":6,"data":[{"SECUCODE":"00392.HK","SECURITY_CODE":"00392","SECURITY_NAME_ABBR":"北京控股","ORG_CODE":"10044387","STD_REPORT_DATE":"2024-06-30 00:00:00","REPORT_DATE":"2024-06-30 00:00:00","DATE_TYPE_CODE":"002","REPORT_TYPE":"2024年中报","PER_NETCASH_OPERATE":3.200529046638,"PER_OI":33.644271900254,"BPS":66.447125477579,"BASIC_EPS":2.5,"DILUTED_EPS":2.5,"OPERATE_INCOME":42324604000,"OPERATE_INCOME_YOY":-0.5534379251,"GROSS_PROFIT":6640666000,"GROSS_PROFIT_YOY":5.303647660155,"HOLDER_PROFIT":3149443000,"HOLDER_PROFIT_YOY":-23.0137643956,"GROSS_PROFIT_RATIO":15.689847919191,"EPS_TTM":3.622260860454,"OPERATE_INCOME_QOQ":-0.28615534949,"NET_PROFIT_RATIO":9.1542404035,"ROE_AVG":3.827052844087,"GROSS_PROFIT_QOQ":3.117437016557,"ROA":1.497592933018,"HOLDER_PROFIT_QOQ":-17.12303279747,"ROE_YEARLY":7.654105688173,"ROIC_YEARLY":3.776392543199,"TOTAL_ASSETS":216145970000,"TOTAL_LIABILITIES":120234505000,"TAX_EBT":13.273091888536,"OCF_SALES":9.512849783544,"TOTAL_PARENT_EQUITY":83590701000,"DEBT_ASSET_RATIO":55.6265309966,"OPERATE_PROFIT":2989624000,"PRETAX_PROFIT":4467467000,"NETCASH_OPERATE":4026276000,"NETCASH_INVEST":-6721723000,"NETCASH_FINANCE":4825935000,"END_CASH":26219197000,"DIVI_RATIO":0.381790669772,"DIVIDEND_RATE":5.51724137931,"CURRENT_RATIO":0.789721245119,"COMMON_ACS":null,"CURRENTDEBT_DEBT":58.155018810948,"ISSUED_COMMON_SHARES":1258003268,"HK_COMMON_SHARES":1258003268,"PER_SHARES":500,"TOTAL_MARKET_CAP":34657990033.4,"HKSK_MARKET_CAP":34657990033.4,"PE_TTM":6.821171896173,"PB_TTM":0.378411162549,"REPORT_DATE_SQ":"2023-06-30 00:00:00","REPORT_TYPE_SQ":"2023年中报","OPERATE_INCOME_SQ":42560148000,"DPS_HKD":1.52,"OPERATE_INCOME_QOQ_SQ":6.34375467701,"NET_PROFIT_RATIO_SQ":11.196282013,"HOLDER_PROFIT_SQ":4090917000,"HOLDER_PROFIT_QOQ_SQ":-0.216476805842,"ROE_AVG_SQ":5.510085346977,"PE_TTM_SQ":5.238829618013,"PB_TTM_SQ":0.420502960156,"ROA_SQ":2.086051153144,"START_DATE":"2024-01-01 00:00:00","FISCAL_YEAR":"12-31","CURRENCY":"HKD","IS_CNY_CODE":0,"DPS_HKD_LY":1.52,"ORG_TYPE":"一般企业","PREMIUM_INCOME":null,"PREMIUM_INCOME_YOY":null,"NET_INTEREST_INCOME":null,"NET_INTEREST_INCOME_YOY":null,"FEE_COMMISSION_INCOME":null,"FEE_COMMISSION_INCOME_YOY":null,"ACCOUNTS_RECE_TDAYS":8.532162774828,"INVENTORY_TDAYS":6.218342189601,"CURRENT_ASSETS_TDAYS":0.834968603161,"TOTAL_ASSETS_TDAYS":0.201257898121,"PREMIUM_EXPENSE":null,"LOAN_DEPOSIT":null,"LOAN_EQUITY":null,"LOAN_ASSETS":null,"DEPOSIT_EQUITY":null,"DEPOSIT_ASSETS":null,"EQUITY_MULTIPLIER":2.253598878923,"EQUITY_RATIO":1.438371775349},{"SECUCODE":"00392.HK","SECURITY_CODE":"00392","SECURITY_NAME_ABBR":"北京控股","ORG_CODE":"10044387","STD_REPORT_DATE":"2023-12-31 00:00:00","REPORT_DATE":"2023-12-31 00:00:00","DATE_TYPE_CODE":"001","REPORT_TYPE":"2023年年报","PER_NETCASH_OPERATE":4.560823754347,"PER_OI":65.317503207744,"BPS":64.385940847969,"BASIC_EPS":4.36,"DILUTED_EPS":4.36,"OPERATE_INCOME":82313331000,"OPERATE_INCOME_YOY":3.7017872975,"GROSS_PROFIT":10728653000,"GROSS_PROFIT_YOY":1.517657158986,"HOLDER_PROFIT":5498290000,"HOLDER_PROFIT_YOY":-15.573022873,"GROSS_PROFIT_RATIO":13.033919135164,"EPS_TTM":4.363018363479,"OPERATE_INCOME_QOQ":-6.116351994702,"NET_PROFIT_RATIO":7.7767366746,"ROE_AVG":6.867398926178,"GROSS_PROFIT_QOQ":-8.954987125138,"ROA":2.584231777497,"HOLDER_PROFIT_QOQ":-18.541179449583,"ROE_YEARLY":6.867398926178,"ROIC_YEARLY":3.23286123133,"TOTAL_ASSETS":204454706000,"TOTAL_LIABILITIES":111405341000,"TAX_EBT":11.915037721658,"OCF_SALES":6.982544540689,"TOTAL_PARENT_EQUITY":80997724000,"DEBT_ASSET_RATIO":54.4890079468,"OPERATE_PROFIT":4604632000,"PRETAX_PROFIT":7267178000,"NETCASH_OPERATE":5747565000,"NETCASH_INVEST":-5060680000,"NETCASH_FINANCE":358373000,"END_CASH":24095821000,"DIVI_RATIO":0.31696987837,"DIVIDEND_RATE":5.703564727955,"CURRENT_RATIO":0.741850193715,"COMMON_ACS":null,"CURRENTDEBT_DEBT":55.853718000827,"ISSUED_COMMON_SHARES":1258003268,"HK_COMMON_SHARES":1258003268,"PER_SHARES":500,"TOTAL_MARKET_CAP":33525787092.2,"HKSK_MARKET_CAP":33525787092.2,"PE_TTM":6.598338694483,"PB_TTM":0.366049273391,"REPORT_DATE_SQ":"2022-12-31 00:00:00","REPORT_TYPE_SQ":"2022年年报","OPERATE_INCOME_SQ":79375036000,"DPS_HKD":1.52,"OPERATE_INCOME_QOQ_SQ":15.329224078592,"NET_PROFIT_RATIO_SQ":8.9537699203,"HOLDER_PROFIT_SQ":6512480000,"HOLDER_PROFIT_QOQ_SQ":-5.457443500271,"ROE_AVG_SQ":8.147117493535,"PE_TTM_SQ":5.002293832584,"PB_TTM_SQ":0.40151704055,"ROA_SQ":3.411923084654,"START_DATE":"2023-01-01 00:00:00","FISCAL_YEAR":"12-31","CURRENCY":"HKD","IS_CNY_CODE":0,"DPS_HKD_LY":2.03,"ORG_TYPE":"一般企业","PREMIUM_INCOME":null,"PREMIUM_INCOME_YOY":null,"NET_INTEREST_INCOME":null,"NET_INTEREST_INCOME_YOY":null,"FEE_COMMISSION_INCOME":null,"FEE_COMMISSION_INCOME_YOY":null,"ACCOUNTS_RECE_TDAYS":16.918901292247,"INVENTORY_TDAYS":13.219355025164,"CURRENT_ASSETS_TDAYS":1.683329237316,"TOTAL_ASSETS_TDAYS":0.386877966935,"PREMIUM_EXPENSE":null,"LOAN_DEPOSIT":null,"LOAN_EQUITY":null,"LOAN_ASSETS":null,"DEPOSIT_EQUITY":null,"DEPOSIT_ASSETS":null,"EQUITY_MULTIPLIER":2.197271373103,"EQUITY_RATIO":1.375413227661},{"SECUCODE":"00392.HK","SECURITY_CODE":"00392","SECURITY_NAME_ABBR":"北京控股","ORG_CODE":"10044387","STD_REPORT_DATE":"2023-06-30 00:00:00","REPORT_DATE":"2023-06-30 00:00:00","DATE_TYPE_CODE":"002","REPORT_TYPE":"2023年中报","PER_NETCASH_OPERATE":2.296952623408,"PER_OI":33.772446938298,"BPS":65.672335808845,"BASIC_EPS":3.25,"DILUTED_EPS":3.25,"OPERATE_INCOME":42560148000,"OPERATE_INCOME_YOY":5.0811015188,"GROSS_PROFIT":6306207000,"GROSS_PROFIT_YOY":8.723019376866,"HOLDER_PROFIT":4090917000,"HOLDER_PROFIT_YOY":-7.5600139114,"GROSS_PROFIT_RATIO":14.817165440147,"EPS_TTM":5.356103039546,"OPERATE_INCOME_QOQ":6.34375467701,"NET_PROFIT_RATIO":11.196282013,"ROE_AVG":5.510085346977,"GROSS_PROFIT_QOQ":7.349771436381,"ROA":2.086051153144,"HOLDER_PROFIT_QOQ":-0.216476805842,"ROE_YEARLY":11.020170693953,"ROIC_YEARLY":5.229991795401,"TOTAL_ASSETS":207103461093.66,"TOTAL_LIABILITIES":112492495604.78,"TAX_EBT":9.685615648428,"OCF_SALES":6.491583943819,"TOTAL_PARENT_EQUITY":82616013064.72,"DEBT_ASSET_RATIO":54.3170524581,"OPERATE_PROFIT":3719147000,"PRETAX_PROFIT":5276185000,"NETCASH_OPERATE":2307043000,"NETCASH_INVEST":-4925771000,"NETCASH_FINANCE":3059100000,"END_CASH":23461119000,"DIVI_RATIO":0.258199924421,"DIVIDEND_RATE":5.735849056604,"CURRENT_RATIO":0.971771092742,"COMMON_ACS":null,"CURRENTDEBT_DEBT":44.617169637303,"ISSUED_COMMON_SHARES":1258003268,"HK_COMMON_SHARES":1258003268,"PER_SHARES":500,"TOTAL_MARKET_CAP":33337086602,"HKSK_MARKET_CAP":33337086602,"PE_TTM":6.561199827535,"PB_TTM":0.363988958532,"REPORT_DATE_SQ":"2022-06-30 00:00:00","REPORT_TYPE_SQ":"2022年中报","OPERATE_INCOME_SQ":39360305326.23,"DPS_HKD":1.52,"OPERATE_INCOME_QOQ_SQ":8.702736250748,"NET_PROFIT_RATIO_SQ":11.9615032768,"HOLDER_PROFIT_SQ":4300715447.21,"HOLDER_PROFIT_QOQ_SQ":-11.771206907181,"ROE_AVG_SQ":5.232800792574,"PE_TTM_SQ":4.75699746251,"PB_TTM_SQ":0.381827938737,"ROA_SQ":2.248939977156,"START_DATE":"2023-01-01 00:00:00","FISCAL_YEAR":"12-31","CURRENCY":"HKD","IS_CNY_CODE":0,"DPS_HKD_LY":2.03,"ORG_TYPE":"一般企业","PREMIUM_INCOME":null,"PREMIUM_INCOME_YOY":null,"NET_INTEREST_INCOME":null,"NET_INTEREST_INCOME_YOY":null,"FEE_COMMISSION_INCOME":null,"FEE_COMMISSION_INCOME_YOY":null,"ACCOUNTS_RECE_TDAYS":7.57630515243,"INVENTORY_TDAYS":6.963345117323,"CURRENT_ASSETS_TDAYS":0.925279008933,"TOTAL_ASSETS_TDAYS":0.217023842636,"PREMIUM_EXPENSE":null,"LOAN_DEPOSIT":null,"LOAN_EQUITY":null,"LOAN_ASSETS":null,"DEPOSIT_EQUITY":null,"DEPOSIT_ASSETS":null,"EQUITY_MULTIPLIER":2.189000609216,"EQUITY_RATIO":1.361630650424},{"SECUCODE":"00392.HK","SECURITY_CODE":"00392","SECURITY_NAME_ABBR":"北京控股","ORG_CODE":"10044387","STD_REPORT_DATE":"2022-12-31 00:00:00","REPORT_DATE":"2022-12-31 00:00:00","DATE_TYPE_CODE":"001","REPORT_TYPE":"2022年年报","PER_NETCASH_OPERATE":4.374950371451,"PER_OI":62.985899192256,"BPS":63.849442349422,"BASIC_EPS":5.16,"DILUTED_EPS":5.16,"OPERATE_INCOME":79375036000,"OPERATE_INCOME_YOY":14.6230082329,"GROSS_PROFIT":10568263000,"GROSS_PROFIT_YOY":4.827444354478,"HOLDER_PROFIT":6512480000,"HOLDER_PROFIT_YOY":-23.6523253188,"GROSS_PROFIT_RATIO":13.314341219222,"EPS_TTM":5.367722914658,"OPERATE_INCOME_QOQ":15.329224078592,"NET_PROFIT_RATIO":8.9537699203,"ROE_AVG":8.147117493535,"GROSS_PROFIT_QOQ":2.529874227882,"ROA":3.411923084654,"HOLDER_PROFIT_QOQ":-5.457443500271,"ROE_YEARLY":8.147117493535,"ROIC_YEARLY":4.289246431869,"TOTAL_ASSETS":194542803000,"TOTAL_LIABILITIES":103868750000,"TAX_EBT":11.682934006428,"OCF_SALES":6.687218318977,"TOTAL_PARENT_EQUITY":79129569000,"DEBT_ASSET_RATIO":53.3912064695,"OPERATE_PROFIT":4751512000,"PRETAX_PROFIT":8047208000,"NETCASH_OPERATE":5141663000,"NETCASH_INVEST":-8369037000,"NETCASH_FINANCE":317587000,"END_CASH":23015467000,"DIVI_RATIO":0.257640981472,"DIVIDEND_RATE":5.746691871456,"CURRENT_RATIO":0.894066688712,"COMMON_ACS":null,"CURRENTDEBT_DEBT":48.931869306216,"ISSUED_COMMON_SHARES":1258003268,"HK_COMMON_SHARES":1258003268,"PER_SHARES":500,"TOTAL_MARKET_CAP":33274186438.6,"HKSK_MARKET_CAP":33274186438.6,"PE_TTM":6.548820205219,"PB_TTM":0.363302186912,"REPORT_DATE_SQ":"2021-12-31 00:00:00","REPORT_TYPE_SQ":"2021年年报","OPERATE_INCOME_SQ":65834654748.8,"DPS_HKD":1.52,"OPERATE_INCOME_QOQ_SQ":6.216087866712,"NET_PROFIT_RATIO_SQ":13.0771082517,"HOLDER_PROFIT_SQ":8109480064,"HOLDER_PROFIT_QOQ_SQ":25.812332591334,"ROE_AVG_SQ":10.967408530771,"PE_TTM_SQ":4.643109862118,"PB_TTM_SQ":0.372686570038,"ROA_SQ":4.638927030691,"START_DATE":"2022-01-01 00:00:00","FISCAL_YEAR":"12-31","CURRENCY":"HKD","IS_CNY_CODE":0,"DPS_HKD_LY":1.35,"ORG_TYPE":"一般企业","PREMIUM_INCOME":null,"PREMIUM_INCOME_YOY":null,"NET_INTEREST_INCOME":null,"NET_INTEREST_INCOME_YOY":null,"FEE_COMMISSION_INCOME":null,"FEE_COMMISSION_INCOME_YOY":null,"ACCOUNTS_RECE_TDAYS":13.52163434962,"INVENTORY_TDAYS":13.447180807114,"CURRENT_ASSETS_TDAYS":1.767340096901,"TOTAL_ASSETS_TDAYS":0.415850063359,"PREMIUM_EXPENSE":null,"LOAN_DEPOSIT":null,"LOAN_EQUITY":null,"LOAN_ASSETS":null,"DEPOSIT_EQUITY":null,"DEPOSIT_ASSETS":null,"EQUITY_MULTIPLIER":2.145517882469,"EQUITY_RATIO":1.312641422323},{"SECUCODE":"00392.HK","SECURITY_CODE":"00392","SECURITY_NAME_ABBR":"北京控股","ORG_CODE":"10044387","STD_REPORT_DATE":"2022-06-30 00:00:00","REPORT_DATE":"2022-06-30 00:00:00","DATE_TYPE_CODE":"002","REPORT_TYPE":"2022年中报","PER_NETCASH_OPERATE":2.797050226458,"PER_OI":31.20729699963,"BPS":65.418034378548,"BASIC_EPS":3.4122081,"DILUTED_EPS":3.4122081,"OPERATE_INCOME":39360305326.23,"OPERATE_INCOME_YOY":13.867857642,"GROSS_PROFIT":5800250063.09,"GROSS_PROFIT_YOY":13.335542369833,"HOLDER_PROFIT":4300715447.21,"HOLDER_PROFIT_YOY":-20.3756797572,"GROSS_PROFIT_RATIO":14.702649174226,"EPS_TTM":5.672846658242,"OPERATE_INCOME_QOQ":8.702736250748,"NET_PROFIT_RATIO":11.9615032768,"ROE_AVG":5.232800792574,"GROSS_PROFIT_QOQ":6.619559363759,"ROA":2.248939977156,"HOLDER_PROFIT_QOQ":-11.771206907181,"ROE_YEARLY":10.465601585149,"ROIC_YEARLY":5.638088559611,"TOTAL_ASSETS":191910815602.94,"TOTAL_LIABILITIES":98646783091.99,"TAX_EBT":8.909551457374,"OCF_SALES":8.969835305323,"TOTAL_PARENT_EQUITY":82296101034.35,"DEBT_ASSET_RATIO":51.4024093859,"OPERATE_PROFIT":3167604945.82,"PRETAX_PROFIT":5164532603.93,"NETCASH_OPERATE":3527788738.88,"NETCASH_INVEST":-4636819655.44,"NETCASH_FINANCE":294182794.43,"END_CASH":25187774239.6,"DIVI_RATIO":0.243783321375,"DIVIDEND_RATE":5.880077369439,"CURRENT_RATIO":0.922691344405,"COMMON_ACS":null,"CURRENTDEBT_DEBT":50.53354456276,"ISSUED_COMMON_SHARES":1258003268,"HK_COMMON_SHARES":1258003268,"PER_SHARES":500,"TOTAL_MARKET_CAP":32519384477.8,"HKSK_MARKET_CAP":32519384477.8,"PE_TTM":6.400264737426,"PB_TTM":0.355060927473,"REPORT_DATE_SQ":"2021-06-30 00:00:00","REPORT_TYPE_SQ":"2021年中报","OPERATE_INCOME_SQ":33606200974.8,"DPS_HKD":1.52,"OPERATE_INCOME_QOQ_SQ":7.53958534534,"NET_PROFIT_RATIO_SQ":16.6816904498,"HOLDER_PROFIT_SQ":5255299124.64,"HOLDER_PROFIT_QOQ_SQ":44.858278007244,"ROE_AVG_SQ":7.158018853156,"PE_TTM_SQ":4.494179923145,"PB_TTM_SQ":0.360732472509,"ROA_SQ":2.99049136599,"START_DATE":"2022-01-01 00:00:00","FISCAL_YEAR":"12-31","CURRENCY":"HKD","IS_CNY_CODE":0,"DPS_HKD_LY":1.35,"ORG_TYPE":"一般企业","PREMIUM_INCOME":null,"PREMIUM_INCOME_YOY":null,"NET_INTEREST_INCOME":null,"NET_INTEREST_INCOME_YOY":null,"FEE_COMMISSION_INCOME":null,"FEE_COMMISSION_INCOME_YOY":null,"ACCOUNTS_RECE_TDAYS":6.198427808689,"INVENTORY_TDAYS":6.614605791609,"CURRENT_ASSETS_TDAYS":0.862885224115,"TOTAL_ASSETS_TDAYS":0.205662568911,"PREMIUM_EXPENSE":null,"LOAN_DEPOSIT":null,"LOAN_EQUITY":null,"LOAN_ASSETS":null,"DEPOSIT_EQUITY":null,"DEPOSIT_ASSETS":null,"EQUITY_MULTIPLIER":2.057715181686,"EQUITY_RATIO":1.198681126471},{"SECUCODE":"00392.HK","SECURITY_CODE":"00392","SECURITY_NAME_ABBR":"北京控股","ORG_CODE":"10044387","STD_REPORT_DATE":"2021-12-31 00:00:00","REPORT_DATE":"2021-12-31 00:00:00","DATE_TYPE_CODE":"001","REPORT_TYPE":"2021年年报","PER_NETCASH_OPERATE":5.250723670722,"PER_OI":52.164719523392,"BPS":62.377720068053,"BASIC_EPS":6.426336,"DILUTED_EPS":6.426336,"OPERATE_INCOME":65834654748.8,"OPERATE_INCOME_YOY":17.5828937211,"GROSS_PROFIT":10081580320,"GROSS_PROFIT_YOY":10.249501199583,"HOLDER_PROFIT":8109480064,"HOLDER_PROFIT_YOY":87.6082867653,"GROSS_PROFIT_RATIO":15.269057172316,"EPS_TTM":6.425624234428,"OPERATE_INCOME_QOQ":6.216087866712,"NET_PROFIT_RATIO":13.0771082517,"ROE_AVG":10.967408530771,"GROSS_PROFIT_QOQ":4.232350781806,"ROA":4.638927030691,"HOLDER_PROFIT_QOQ":25.812332591334,"ROE_YEARLY":10.967408530771,"ROIC_YEARLY":5.840551628591,"TOTAL_ASSETS":182179308897.6,"TOTAL_LIABILITIES":93006155043.2,"TAX_EBT":9.5847172096,"OCF_SALES":10.076471132113,"TOTAL_PARENT_EQUITY":78471375696,"DEBT_ASSET_RATIO":51.0519858737,"OPERATE_PROFIT":5825909364.8,"PRETAX_PROFIT":9511702491.2,"NETCASH_OPERATE":6747705126.4,"NETCASH_INVEST":-5227314153.6,"NETCASH_FINANCE":134946515.2,"END_CASH":25844880521.6,"DIVI_RATIO":0.215223509739,"DIVIDEND_RATE":5.880077369439,"CURRENT_RATIO":0.883025915844,"COMMON_ACS":null,"CURRENTDEBT_DEBT":52.573609854195,"ISSUED_COMMON_SHARES":1258003268,"HK_COMMON_SHARES":1258003268,"PER_SHARES":500,"TOTAL_MARKET_CAP":32519384477.8,"HKSK_MARKET_CAP":32519384477.8,"PE_TTM":6.400264737426,"PB_TTM":0.355060927473,"REPORT_DATE_SQ":"2020-12-31 00:00:00","REPORT_TYPE_SQ":"2020年年报","OPERATE_INCOME_SQ":57574440326.52,"DPS_HKD":1.52,"OPERATE_INCOME_QOQ_SQ":-3.834768726362,"NET_PROFIT_RATIO_SQ":8.2541646821,"HOLDER_PROFIT_SQ":4449656416.32,"HOLDER_PROFIT_QOQ_SQ":-29.373825819437,"ROE_AVG_SQ":6.601235388628,"PE_TTM_SQ":4.494179923145,"PB_TTM_SQ":0.360732472509,"ROA_SQ":2.706985774125,"START_DATE":"2021-01-01 00:00:00","FISCAL_YEAR":"12-31","CURRENCY":"HKD","IS_CNY_CODE":0,"DPS_HKD_LY":1.14,"ORG_TYPE":"一般企业","PREMIUM_INCOME":null,"PREMIUM_INCOME_YOY":null,"NET_INTEREST_INCOME":null,"NET_INTEREST_INCOME_YOY":null,"FEE_COMMISSION_INCOME":null,"FEE_COMMISSION_INCOME_YOY":null,"ACCOUNTS_RECE_TDAYS":11.903531559124,"INVENTORY_TDAYS":11.995826067366,"CURRENT_ASSETS_TDAYS":1.615068854285,"TOTAL_ASSETS_TDAYS":0.376194909655,"PREMIUM_EXPENSE":null,"LOAN_DEPOSIT":null,"LOAN_EQUITY":null,"LOAN_ASSETS":null,"DEPOSIT_EQUITY":null,"DEPOSIT_ASSETS":null,"EQUITY_MULTIPLIER":2.042983801998,"EQUITY_RATIO":1.185223965023},{"SECUCODE":"00392.HK","SECURITY_CODE":"00392","SECURITY_NAME_ABBR":"北京控股","ORG_CODE":"10044387","STD_REPORT_DATE":"2021-06-30 00:00:00","REPORT_DATE":"2021-06-30 00:00:00","DATE_TYPE_CODE":"002","REPORT_TYPE":"2021年中报","PER_NETCASH_OPERATE":3.058356991505,"PER_OI":26.628195359817,"BPS":60.568610677854,"BASIC_EPS":4.1604,"DILUTED_EPS":4.1604,"OPERATE_INCOME":33606200974.8,"OPERATE_INCOME_YOY":26.0610681738,"GROSS_PROFIT":5117767949.76,"GROSS_PROFIT_YOY":10.575785028385,"HOLDER_PROFIT":5255299124.64,"HOLDER_PROFIT_YOY":77.0082026481,"GROSS_PROFIT_RATIO":15.228641742628,"EPS_TTM":5.107308720918,"OPERATE_INCOME_QOQ":7.53958534534,"NET_PROFIT_RATIO":16.6816904498,"ROE_AVG":7.158018853156,"GROSS_PROFIT_QOQ":5.352802159411,"ROA":2.99049136599,"HOLDER_PROFIT_QOQ":44.858278007244,"ROE_YEARLY":14.316037706313,"ROIC_YEARLY":7.530804833604,"TOTAL_ASSETS":181053603550.56,"TOTAL_LIABILITIES":94256695232.4,"TAX_EBT":7.814230424744,"OCF_SALES":11.485408418328,"TOTAL_PARENT_EQUITY":76195510170.96,"DEBT_ASSET_RATIO":52.0601045127,"OPERATE_PROFIT":4083339407.04,"PRETAX_PROFIT":6081288299.04,"NETCASH_OPERATE":3859809435.84,"NETCASH_INVEST":-3884875845.84,"NETCASH_FINANCE":1706564460.96,"END_CASH":26339739527.76,"DIVI_RATIO":0.270777717888,"DIVIDEND_RATE":5.880077369439,"CURRENT_RATIO":0.897566816408,"COMMON_ACS":null,"CURRENTDEBT_DEBT":51.869925251861,"ISSUED_COMMON_SHARES":1258003268,"HK_COMMON_SHARES":1258003268,"PER_SHARES":500,"TOTAL_MARKET_CAP":32519384477.8,"HKSK_MARKET_CAP":32519384477.8,"PE_TTM":6.400264737426,"PB_TTM":0.355060927473,"REPORT_DATE_SQ":"2020-06-30 00:00:00","REPORT_TYPE_SQ":"2020年中报","OPERATE_INCOME_SQ":29265326909.28,"DPS_HKD":1.52,"OPERATE_INCOME_QOQ_SQ":-1.397184246755,"NET_PROFIT_RATIO_SQ":11.8201061738,"HOLDER_PROFIT_SQ":3259259879.04,"HOLDER_PROFIT_QOQ_SQ":-12.681603475188,"ROE_AVG_SQ":4.738392247653,"PE_TTM_SQ":4.494179923145,"PB_TTM_SQ":0.360732472509,"ROA_SQ":1.908433426089,"START_DATE":"2021-01-01 00:00:00","FISCAL_YEAR":"12-31","CURRENCY":"HKD","IS_CNY_CODE":0,"DPS_HKD_LY":1.14,"ORG_TYPE":"一般企业","PREMIUM_INCOME":null,"PREMIUM_INCOME_YOY":null,"NET_INTEREST_INCOME":null,"NET_INTEREST_INCOME_YOY":null,"FEE_COMMISSION_INCOME":null,"FEE_COMMISSION_INCOME_YOY":null,"ACCOUNTS_RECE_TDAYS":5.385057945974,"INVENTORY_TDAYS":6.569411806693,"CURRENT_ASSETS_TDAYS":0.811533818314,"TOTAL_ASSETS_TDAYS":0.19123374612,"PREMIUM_EXPENSE":null,"LOAN_DEPOSIT":null,"LOAN_EQUITY":null,"LOAN_ASSETS":null,"DEPOSIT_EQUITY":null,"DEPOSIT_ASSETS":null,"EQUITY_MULTIPLIER":2.085945306795,"EQUITY_RATIO":1.237037392635},{"SECUCODE":"00392.HK","SECURITY_CODE":"00392","SECURITY_NAME_ABBR":"北京控股","ORG_CODE":"10044387","STD_REPORT_DATE":"2020-12-31 00:00:00","REPORT_DATE":"2020-12-31 00:00:00","DATE_TYPE_CODE":"001","REPORT_TYPE":"2020年年报","PER_NETCASH_OPERATE":5.160217822216,"PER_OI":45.619659475831,"BPS":56.798580823591,"BASIC_EPS":3.5264716,"DILUTED_EPS":3.5264716,"OPERATE_INCOME":57574440326.52,"OPERATE_INCOME_YOY":0.9211966748,"GROSS_PROFIT":9144331911.08,"GROSS_PROFIT_YOY":-6.741217788767,"HOLDER_PROFIT":4449656416.32,"HOLDER_PROFIT_YOY":-34.3633469815,"GROSS_PROFIT_RATIO":15.882624058905,"EPS_TTM":3.525727898452,"OPERATE_INCOME_QOQ":-3.834768726362,"NET_PROFIT_RATIO":8.2541646821,"ROE_AVG":6.601235388628,"GROSS_PROFIT_QOQ":0.614125755356,"ROA":2.706985774125,"HOLDER_PROFIT_QOQ":-29.373825819437,"ROE_YEARLY":6.601235388628,"ROIC_YEARLY":3.356034666649,"TOTAL_ASSETS":172371592890.44,"TOTAL_LIABILITIES":90374208226.36,"TAX_EBT":15.132347961307,"OCF_SALES":11.311390487143,"TOTAL_PARENT_EQUITY":71452800293.84,"DEBT_ASSET_RATIO":52.4298735719,"OPERATE_PROFIT":3094146381.2,"PRETAX_PROFIT":5599647221.48,"NETCASH_OPERATE":6512469766.12,"NETCASH_INVEST":-1196693408.76,"NETCASH_FINANCE":-745123249.72,"END_CASH":24392378497.68,"DIVI_RATIO":0.39224393936,"DIVIDEND_RATE":5.880077369439,"CURRENT_RATIO":0.926152652058,"COMMON_ACS":null,"CURRENTDEBT_DEBT":47.055965913687,"ISSUED_COMMON_SHARES":1258003268,"HK_COMMON_SHARES":1258003268,"PER_SHARES":500,"TOTAL_MARKET_CAP":32519384477.8,"HKSK_MARKET_CAP":32519384477.8,"PE_TTM":6.400264737426,"PB_TTM":0.355060927473,"REPORT_DATE_SQ":"2019-12-31 00:00:00","REPORT_TYPE_SQ":"2019年年报","OPERATE_INCOME_SQ":60718680821.84,"DPS_HKD":1.52,"OPERATE_INCOME_QOQ_SQ":0.306966314099,"NET_PROFIT_RATIO_SQ":12.648607259,"HOLDER_PROFIT_SQ":7215310828.4,"HOLDER_PROFIT_QOQ_SQ":-0.006135910755,"ROE_AVG_SQ":11.113547435268,"PE_TTM_SQ":4.494179923145,"PB_TTM_SQ":0.360732472509,"ROA_SQ":4.471120099409,"START_DATE":"2020-01-01 00:00:00","FISCAL_YEAR":"12-31","CURRENCY":"HKD","IS_CNY_CODE":0,"DPS_HKD_LY":1.14,"ORG_TYPE":"一般企业","PREMIUM_INCOME":null,"PREMIUM_INCOME_YOY":null,"NET_INTEREST_INCOME":null,"NET_INTEREST_INCOME_YOY":null,"FEE_COMMISSION_INCOME":null,"FEE_COMMISSION_INCOME_YOY":null,"ACCOUNTS_RECE_TDAYS":10.618133674898,"INVENTORY_TDAYS":11.137466723597,"CURRENT_ASSETS_TDAYS":1.620532024607,"TOTAL_ASSETS_TDAYS":0.350258933129,"PREMIUM_EXPENSE":null,"LOAN_DEPOSIT":null,"LOAN_EQUITY":null,"LOAN_ASSETS":null,"DEPOSIT_EQUITY":null,"DEPOSIT_ASSETS":null,"EQUITY_MULTIPLIER":2.102159643219,"EQUITY_RATIO":1.264809886452},{"SECUCODE":"00392.HK","SECURITY_CODE":"00392","SECURITY_NAME_ABBR":"北京控股","ORG_CODE":"10044387","STD_REPORT_DATE":"2020-06-30 00:00:00","REPORT_DATE":"2020-06-30 00:00:00","DATE_TYPE_CODE":"002","REPORT_TYPE":"2020年中报","PER_NETCASH_OPERATE":1.780644996864,"PER_OI":23.188662199384,"BPS":54.692159245869,"BASIC_EPS":2.5850352,"DILUTED_EPS":2.5850352,"OPERATE_INCOME":29265326909.28,"OPERATE_INCOME_YOY":-6.41109088,"GROSS_PROFIT":4628289953.76,"GROSS_PROFIT_YOY":-13.410659031055,"HOLDER_PROFIT":3259259879.04,"HOLDER_PROFIT_YOY":-24.8078426579,"GROSS_PROFIT_RATIO":15.814926544669,"EPS_TTM":4.992098098699,"OPERATE_INCOME_QOQ":-1.397184246755,"NET_PROFIT_RATIO":11.8201061738,"ROE_AVG":4.738392247653,"GROSS_PROFIT_QOQ":-7.310448198901,"ROA":1.908433426089,"HOLDER_PROFIT_QOQ":-12.681603475188,"ROE_YEARLY":9.476784495305,"ROIC_YEARLY":4.692613247535,"TOTAL_ASSETS":171841021487.52,"TOTAL_LIABILITIES":92602903921.44,"TAX_EBT":11.540964506086,"OCF_SALES":7.678946640187,"TOTAL_PARENT_EQUITY":68802915065.28,"DEBT_ASSET_RATIO":53.8887066195,"OPERATE_PROFIT":2030884949.28,"PRETAX_PROFIT":3910502407.68,"NETCASH_OPERATE":2247268837.44,"NETCASH_INVEST":-2678349490.08,"NETCASH_FINANCE":2658125928.48,"END_CASH":22222150964.64,"DIVI_RATIO":0.277026887825,"DIVIDEND_RATE":5.880077369439,"CURRENT_RATIO":0.868877384158,"COMMON_ACS":null,"CURRENTDEBT_DEBT":48.555579517534,"ISSUED_COMMON_SHARES":1258003268,"HK_COMMON_SHARES":1258003268,"PER_SHARES":500,"TOTAL_MARKET_CAP":32519384477.8,"HKSK_MARKET_CAP":32519384477.8,"PE_TTM":6.400264737426,"PB_TTM":0.355060927473,"REPORT_DATE_SQ":"2019-06-30 00:00:00","REPORT_TYPE_SQ":"2019年中报","OPERATE_INCOME_SQ":30113678752.56,"DPS_HKD":1.52,"OPERATE_INCOME_QOQ_SQ":1.949245073393,"NET_PROFIT_RATIO_SQ":15.0480543573,"HOLDER_PROFIT_SQ":4174276987.8,"HOLDER_PROFIT_QOQ_SQ":8.682396289747,"ROE_AVG_SQ":6.691944947075,"PE_TTM_SQ":4.494179923145,"PB_TTM_SQ":0.360732472509,"ROA_SQ":2.673311205489,"START_DATE":"2020-01-01 00:00:00","FISCAL_YEAR":"12-31","CURRENCY":"HKD","IS_CNY_CODE":0,"DPS_HKD_LY":1.14,"ORG_TYPE":"一般企业","PREMIUM_INCOME":null,"PREMIUM_INCOME_YOY":null,"NET_INTEREST_INCOME":null,"NET_INTEREST_INCOME_YOY":null,"FEE_COMMISSION_INCOME":null,"FEE_COMMISSION_INCOME_YOY":null,"ACCOUNTS_RECE_TDAYS":5.575952071847,"INVENTORY_TDAYS":5.224057187117,"CURRENT_ASSETS_TDAYS":0.796984930748,"TOTAL_ASSETS_TDAYS":0.171360769536,"PREMIUM_EXPENSE":null,"LOAN_DEPOSIT":null,"LOAN_EQUITY":null,"LOAN_ASSETS":null,"DEPOSIT_EQUITY":null,"DEPOSIT_ASSETS":null,"EQUITY_MULTIPLIER":2.168666126426,"EQUITY_RATIO":1.345915414101}],"count":49},"success":true,"message":"ok","code":0}