{"version":"54e94beb1b7881ff1bc3b396733252bc","result":{"pages":6,"data":[{"SECUCODE":"00398.HK","SECURITY_CODE":"00398","SECURITY_NAME_ABBR":"东方表行集团","ORG_CODE":"10008883","STD_REPORT_DATE":"2024-06-30 00:00:00","REPORT_DATE":"2024-09-30 00:00:00","DATE_TYPE_CODE":"002","REPORT_TYPE":"2024年中报","PER_NETCASH_OPERATE":0.436502663367,"PER_OI":3.331507801108,"BPS":3.386935447795,"BASIC_EPS":0.22093855,"DILUTED_EPS":0.22093855,"OPERATE_INCOME":1623637725.19,"OPERATE_INCOME_YOY":-2.5790990441,"GROSS_PROFIT":505383857.17,"GROSS_PROFIT_YOY":-3.746330820513,"HOLDER_PROFIT":107671922.42,"HOLDER_PROFIT_YOY":-13.5054078136,"GROSS_PROFIT_RATIO":31.126639232952,"EPS_TTM":0.46594042168,"OPERATE_INCOME_QOQ":0,"NET_PROFIT_RATIO":6.6307462367,"ROE_AVG":6.588228283175,"GROSS_PROFIT_QOQ":0,"ROA":4.821689404503,"HOLDER_PROFIT_QOQ":0,"ROE_YEARLY":13.17645656635,"ROIC_YEARLY":16.129666317005,"TOTAL_ASSETS":2313148162.77,"TOTAL_LIABILITIES":660905658.78,"TAX_EBT":35.82057457423,"OCF_SALES":13.102255477903,"TOTAL_PARENT_EQUITY":1650650844.64,"DEBT_ASSET_RATIO":28.5716958999,"OPERATE_PROFIT":162985917.44,"PRETAX_PROFIT":167747368.64,"NETCASH_OPERATE":212733162.79,"NETCASH_INVEST":4801129.96,"NETCASH_FINANCE":-60864512.47,"END_CASH":982399204.52,"DIVI_RATIO":0.692701759671,"DIVIDEND_RATE":9.861878453039,"CURRENT_RATIO":3.148472301702,"COMMON_ACS":1000000000,"CURRENTDEBT_DEBT":85.122434443744,"ISSUED_COMMON_SHARES":487358224,"HK_COMMON_SHARES":487358224,"PER_SHARES":2000,"TOTAL_MARKET_CAP":1764236770.88,"HKSK_MARKET_CAP":1764236770.88,"PE_TTM":7.609552808471,"PB_TTM":0.963844705728,"REPORT_DATE_SQ":"2023-06-30 00:00:00","REPORT_TYPE_SQ":"2023年中报","OPERATE_INCOME_SQ":1695895861.38,"DPS_HKD":0.357,"OPERATE_INCOME_QOQ_SQ":0,"NET_PROFIT_RATIO_SQ":7.5051159932,"HOLDER_PROFIT_SQ":126670562.83,"HOLDER_PROFIT_QOQ_SQ":0,"ROE_AVG_SQ":7.430309727666,"PE_TTM_SQ":6.302820082769,"PB_TTM_SQ":0.976925101682,"ROA_SQ":5.302550287722,"START_DATE":"2024-04-01 00:00:00","FISCAL_YEAR":"3-31","CURRENCY":"HKD","IS_CNY_CODE":0,"DPS_HKD_LY":0.357,"ORG_TYPE":"一般企业","PREMIUM_INCOME":null,"PREMIUM_INCOME_YOY":null,"NET_INTEREST_INCOME":null,"NET_INTEREST_INCOME_YOY":null,"FEE_COMMISSION_INCOME":null,"FEE_COMMISSION_INCOME_YOY":null,"ACCOUNTS_RECE_TDAYS":6.930220921214,"INVENTORY_TDAYS":2.611736235361,"CURRENT_ASSETS_TDAYS":1.000019717561,"TOTAL_ASSETS_TDAYS":0.727086192978,"PREMIUM_EXPENSE":null,"LOAN_DEPOSIT":null,"LOAN_EQUITY":null,"LOAN_ASSETS":null,"DEPOSIT_EQUITY":null,"DEPOSIT_ASSETS":null,"EQUITY_MULTIPLIER":1.400005239658,"EQUITY_RATIO":0.40039094938},{"SECUCODE":"00398.HK","SECURITY_CODE":"00398","SECURITY_NAME_ABBR":"东方表行集团","ORG_CODE":"10008883","STD_REPORT_DATE":"2023-12-31 00:00:00","REPORT_DATE":"2024-03-31 00:00:00","DATE_TYPE_CODE":"001","REPORT_TYPE":"2023年年报","PER_NETCASH_OPERATE":0.645441175217,"PER_OI":6.768565507781,"BPS":3.337390718783,"BASIC_EPS":0.4659667,"DILUTED_EPS":0.4659667,"OPERATE_INCOME":3298716064.9,"OPERATE_INCOME_YOY":-1.7793454058,"GROSS_PROFIT":1043194281.5,"GROSS_PROFIT_YOY":0.248475781151,"HOLDER_PROFIT":227079896.4,"HOLDER_PROFIT_YOY":-15.2129762517,"GROSS_PROFIT_RATIO":31.624252011263,"EPS_TTM":0.509904763421,"OPERATE_INCOME_QOQ":0,"NET_PROFIT_RATIO":6.9020803252,"ROE_AVG":13.580578571206,"GROSS_PROFIT_QOQ":0,"ROA":10.006045858647,"HOLDER_PROFIT_QOQ":0,"ROE_YEARLY":13.580578571206,"ROIC_YEARLY":16.553895423934,"TOTAL_ASSETS":2164365461.25,"TOTAL_LIABILITIES":536231577.4,"TAX_EBT":36.654105943895,"OCF_SALES":9.535863610606,"TOTAL_PARENT_EQUITY":1626504813.5,"DEBT_ASSET_RATIO":24.7754636174,"OPERATE_PROFIT":358841499.6,"PRETAX_PROFIT":359423504.7,"NETCASH_OPERATE":314561064.85,"NETCASH_INVEST":-61497632.35,"NETCASH_FINANCE":-383886756.45,"END_CASH":814656652.7,"DIVI_RATIO":1.019892806082,"DIVIDEND_RATE":14.857142857143,"CURRENT_RATIO":3.815563585499,"COMMON_ACS":1000000000,"CURRENTDEBT_DEBT":72.518038640221,"ISSUED_COMMON_SHARES":487358224,"HK_COMMON_SHARES":487358224,"PER_SHARES":2000,"TOTAL_MARKET_CAP":1876329162.4,"HKSK_MARKET_CAP":1876329162.4,"PE_TTM":8.093032683043,"PB_TTM":1.025083457749,"REPORT_DATE_SQ":"2022-12-31 00:00:00","REPORT_TYPE_SQ":"2022年年报","OPERATE_INCOME_SQ":3243111292.57,"DPS_HKD":0.572,"OPERATE_INCOME_QOQ_SQ":0,"NET_PROFIT_RATIO_SQ":7.9770517106,"HOLDER_PROFIT_SQ":258624127.12,"HOLDER_PROFIT_QOQ_SQ":0,"ROE_AVG_SQ":15.03565619408,"PE_TTM_SQ":7.235292095014,"PB_TTM_SQ":1.121456486588,"ROA_SQ":10.74584802892,"START_DATE":"2023-04-01 00:00:00","FISCAL_YEAR":"3-31","CURRENCY":"HKD","IS_CNY_CODE":0,"DPS_HKD_LY":0.435,"ORG_TYPE":"一般企业","PREMIUM_INCOME":null,"PREMIUM_INCOME_YOY":null,"NET_INTEREST_INCOME":null,"NET_INTEREST_INCOME_YOY":null,"FEE_COMMISSION_INCOME":null,"FEE_COMMISSION_INCOME_YOY":null,"ACCOUNTS_RECE_TDAYS":13.245719153149,"INVENTORY_TDAYS":5.751342754673,"CURRENT_ASSETS_TDAYS":2.083232356542,"TOTAL_ASSETS_TDAYS":1.453545855151,"PREMIUM_EXPENSE":null,"LOAN_DEPOSIT":null,"LOAN_EQUITY":null,"LOAN_ASSETS":null,"DEPOSIT_EQUITY":null,"DEPOSIT_ASSETS":null,"EQUITY_MULTIPLIER":1.329353490348,"EQUITY_RATIO":0.329683363338},{"SECUCODE":"00398.HK","SECURITY_CODE":"00398","SECURITY_NAME_ABBR":"东方表行集团","ORG_CODE":"10008883","STD_REPORT_DATE":"2023-06-30 00:00:00","REPORT_DATE":"2023-09-30 00:00:00","DATE_TYPE_CODE":"002","REPORT_TYPE":"2023年中报","PER_NETCASH_OPERATE":0.419427125128,"PER_OI":3.479772737722,"BPS":3.42846088634,"BASIC_EPS":0.259872816,"DILUTED_EPS":0.259872816,"OPERATE_INCOME":1695895861.38,"OPERATE_INCOME_YOY":10.4119494864,"GROSS_PROFIT":525054121.55,"GROSS_PROFIT_YOY":8.154595031169,"HOLDER_PROFIT":126670562.83,"HOLDER_PROFIT_YOY":-8.727792067,"GROSS_PROFIT_RATIO":30.960280846652,"EPS_TTM":0.53066535945,"OPERATE_INCOME_QOQ":0,"NET_PROFIT_RATIO":7.5051159932,"ROE_AVG":7.430309727666,"GROSS_PROFIT_QOQ":0,"ROA":5.302550287722,"HOLDER_PROFIT_QOQ":0,"ROE_YEARLY":14.860619455332,"ROIC_YEARLY":18.724367612939,"TOTAL_ASSETS":2374212545.53,"TOTAL_LIABILITIES":701682296.84,"TAX_EBT":35.389144571354,"OCF_SALES":12.053290738835,"TOTAL_PARENT_EQUITY":1670888608.62,"DEBT_ASSET_RATIO":29.5543167844,"OPERATE_PROFIT":191068000.97,"PRETAX_PROFIT":196993137.88,"NETCASH_OPERATE":204411258.8,"NETCASH_INVEST":-17475345.72,"NETCASH_FINANCE":-70942892.93,"END_CASH":1079064057.75,"DIVI_RATIO":0.979992740696,"DIVIDEND_RATE":14.857142857143,"CURRENT_RATIO":3.116169875675,"COMMON_ACS":1000000000,"CURRENTDEBT_DEBT":79.406618297091,"ISSUED_COMMON_SHARES":487358224,"HK_COMMON_SHARES":487358224,"PER_SHARES":2000,"TOTAL_MARKET_CAP":1876329162.4,"HKSK_MARKET_CAP":1876329162.4,"PE_TTM":8.093032683043,"PB_TTM":1.025083457749,"REPORT_DATE_SQ":"2022-06-30 00:00:00","REPORT_TYPE_SQ":"2022年中报","OPERATE_INCOME_SQ":1513893276.24,"DPS_HKD":0.572,"OPERATE_INCOME_QOQ_SQ":0,"NET_PROFIT_RATIO_SQ":9.0367333673,"HOLDER_PROFIT_SQ":136788410.04,"HOLDER_PROFIT_QOQ_SQ":0,"ROE_AVG_SQ":7.725962079999,"PE_TTM_SQ":7.235292095014,"PB_TTM_SQ":1.121456486588,"ROA_SQ":5.223133451835,"START_DATE":"2023-04-01 00:00:00","FISCAL_YEAR":"3-31","CURRENCY":"HKD","IS_CNY_CODE":0,"DPS_HKD_LY":0.435,"ORG_TYPE":"一般企业","PREMIUM_INCOME":null,"PREMIUM_INCOME_YOY":null,"NET_INTEREST_INCOME":null,"NET_INTEREST_INCOME_YOY":null,"FEE_COMMISSION_INCOME":null,"FEE_COMMISSION_INCOME_YOY":null,"ACCOUNTS_RECE_TDAYS":6.50192265069,"INVENTORY_TDAYS":3.087983775235,"CURRENT_ASSETS_TDAYS":0.985977454239,"TOTAL_ASSETS_TDAYS":0.709918144105,"PREMIUM_EXPENSE":null,"LOAN_DEPOSIT":null,"LOAN_EQUITY":null,"LOAN_ASSETS":null,"DEPOSIT_EQUITY":null,"DEPOSIT_ASSETS":null,"EQUITY_MULTIPLIER":1.419533397014,"EQUITY_RATIO":0.41994558657},{"SECUCODE":"00398.HK","SECURITY_CODE":"00398","SECURITY_NAME_ABBR":"东方表行集团","ORG_CODE":"10008883","STD_REPORT_DATE":"2022-12-31 00:00:00","REPORT_DATE":"2023-03-31 00:00:00","DATE_TYPE_CODE":"001","REPORT_TYPE":"2022年年报","PER_NETCASH_OPERATE":0.757964554918,"PER_OI":6.654471255152,"BPS":3.40340767585,"BASIC_EPS":0.530673542,"DILUTED_EPS":0.530673542,"OPERATE_INCOME":3243111292.57,"OPERATE_INCOME_YOY":1.7831601632,"GROSS_PROFIT":1040608621.1,"GROSS_PROFIT_YOY":8.711208220448,"HOLDER_PROFIT":258624127.12,"HOLDER_PROFIT_YOY":-18.5181507775,"GROSS_PROFIT_RATIO":32.08673792614,"EPS_TTM":0.599229157319,"OPERATE_INCOME_QOQ":0,"NET_PROFIT_RATIO":7.9770517106,"ROE_AVG":15.03565619408,"GROSS_PROFIT_QOQ":0,"ROA":10.74584802892,"HOLDER_PROFIT_QOQ":0,"ROE_YEARLY":15.03565619408,"ROIC_YEARLY":18.847564978459,"TOTAL_ASSETS":2292924645.78,"TOTAL_LIABILITIES":633207689.07,"TAX_EBT":32.84430688682,"OCF_SALES":11.390304741817,"TOTAL_PARENT_EQUITY":1658678720.45,"DEBT_ASSET_RATIO":27.6157217044,"OPERATE_PROFIT":386737754.39,"PRETAX_PROFIT":385231173.78,"NETCASH_OPERATE":369400259.34,"NETCASH_INVEST":-32470707.72,"NETCASH_FINANCE":-464625608.32,"END_CASH":944377426.03,"DIVI_RATIO":0.867861975086,"DIVIDEND_RATE":14.857142857143,"CURRENT_RATIO":3.977759829294,"COMMON_ACS":1000000000,"CURRENTDEBT_DEBT":64.530703264222,"ISSUED_COMMON_SHARES":487358224,"HK_COMMON_SHARES":487358224,"PER_SHARES":2000,"TOTAL_MARKET_CAP":1876329162.4,"HKSK_MARKET_CAP":1876329162.4,"PE_TTM":8.093032683043,"PB_TTM":1.025083457749,"REPORT_DATE_SQ":"2021-12-31 00:00:00","REPORT_TYPE_SQ":"2021年年报","OPERATE_INCOME_SQ":2951893111.74,"DPS_HKD":0.572,"OPERATE_INCOME_QOQ_SQ":0,"NET_PROFIT_RATIO_SQ":9.9724873028,"HOLDER_PROFIT_SQ":294051139.74,"HOLDER_PROFIT_QOQ_SQ":0,"ROE_AVG_SQ":18.009378860361,"PE_TTM_SQ":7.235292095014,"PB_TTM_SQ":1.121456486588,"ROA_SQ":12.933355092606,"START_DATE":"2022-04-01 00:00:00","FISCAL_YEAR":"3-31","CURRENCY":"HKD","IS_CNY_CODE":0,"DPS_HKD_LY":0.383,"ORG_TYPE":"一般企业","PREMIUM_INCOME":null,"PREMIUM_INCOME_YOY":null,"NET_INTEREST_INCOME":null,"NET_INTEREST_INCOME_YOY":null,"FEE_COMMISSION_INCOME":null,"FEE_COMMISSION_INCOME_YOY":null,"ACCOUNTS_RECE_TDAYS":14.805205652445,"INVENTORY_TDAYS":5.555071774191,"CURRENT_ASSETS_TDAYS":1.903693487362,"TOTAL_ASSETS_TDAYS":1.347514691646,"PREMIUM_EXPENSE":null,"LOAN_DEPOSIT":null,"LOAN_EQUITY":null,"LOAN_ASSETS":null,"DEPOSIT_EQUITY":null,"DEPOSIT_ASSETS":null,"EQUITY_MULTIPLIER":1.381515466544,"EQUITY_RATIO":0.381754273002},{"SECUCODE":"00398.HK","SECURITY_CODE":"00398","SECURITY_NAME_ABBR":"东方表行集团","ORG_CODE":"10008883","STD_REPORT_DATE":"2022-06-30 00:00:00","REPORT_DATE":"2022-09-30 00:00:00","DATE_TYPE_CODE":"002","REPORT_TYPE":"2022年中报","PER_NETCASH_OPERATE":0.497219260796,"PER_OI":3.106325494653,"BPS":3.489147599159,"BASIC_EPS":0.280647732,"DILUTED_EPS":0.280647732,"OPERATE_INCOME":1513893276.24,"OPERATE_INCOME_YOY":-9.9820001215,"GROSS_PROFIT":485466309.96,"GROSS_PROFIT_YOY":0.913233632898,"HOLDER_PROFIT":136788410.04,"HOLDER_PROFIT_YOY":-9.2272604507,"GROSS_PROFIT_RATIO":32.067406440019,"EPS_TTM":0.603357295023,"OPERATE_INCOME_QOQ":0,"NET_PROFIT_RATIO":9.0367333673,"ROE_AVG":7.725962079999,"GROSS_PROFIT_QOQ":0,"ROA":5.223133451835,"HOLDER_PROFIT_QOQ":0,"ROE_YEARLY":15.451924159998,"ROIC_YEARLY":19.227265821803,"TOTAL_ASSETS":2633659638.12,"TOTAL_LIABILITIES":932230727.88,"TAX_EBT":28.847483618472,"OCF_SALES":16.006669669731,"TOTAL_PARENT_EQUITY":1700464777.2,"DEBT_ASSET_RATIO":35.3967807528,"OPERATE_PROFIT":188268230.4,"PRETAX_PROFIT":192272186.28,"NETCASH_OPERATE":242323895.88,"NETCASH_INVEST":-2245724.52,"NETCASH_FINANCE":-100396457.76,"END_CASH":1230168639.36,"DIVI_RATIO":0.534936351416,"DIVIDEND_RATE":10.2,"CURRENT_RATIO":2.928614026385,"COMMON_ACS":1000000000,"CURRENTDEBT_DEBT":69.628136257224,"ISSUED_COMMON_SHARES":487358224,"HK_COMMON_SHARES":487358224,"PER_SHARES":2000,"TOTAL_MARKET_CAP":1705753784,"HKSK_MARKET_CAP":1705753784,"PE_TTM":7.35730243913,"PB_TTM":0.9318940525,"REPORT_DATE_SQ":"2021-06-30 00:00:00","REPORT_TYPE_SQ":"2021年中报","OPERATE_INCOME_SQ":1549039248.42,"DPS_HKD":0.357,"OPERATE_INCOME_QOQ_SQ":0,"NET_PROFIT_RATIO_SQ":8.9874086897,"HOLDER_PROFIT_SQ":138800291.9,"HOLDER_PROFIT_QOQ_SQ":0,"ROE_AVG_SQ":8.374622553904,"PE_TTM_SQ":5.97472807846,"PB_TTM_SQ":0.926071466252,"ROA_SQ":5.891161225082,"START_DATE":"2022-04-01 00:00:00","FISCAL_YEAR":"3-31","CURRENCY":"HKD","IS_CNY_CODE":0,"DPS_HKD_LY":0.383,"ORG_TYPE":"一般企业","PREMIUM_INCOME":null,"PREMIUM_INCOME_YOY":null,"NET_INTEREST_INCOME":null,"NET_INTEREST_INCOME_YOY":null,"FEE_COMMISSION_INCOME":null,"FEE_COMMISSION_INCOME_YOY":null,"ACCOUNTS_RECE_TDAYS":7.836999754193,"INVENTORY_TDAYS":2.390731735009,"CURRENT_ASSETS_TDAYS":0.809168715355,"TOTAL_ASSETS_TDAYS":0.578065540152,"PREMIUM_EXPENSE":null,"LOAN_DEPOSIT":null,"LOAN_EQUITY":null,"LOAN_ASSETS":null,"DEPOSIT_EQUITY":null,"DEPOSIT_ASSETS":null,"EQUITY_MULTIPLIER":1.547910478228,"EQUITY_RATIO":0.548221133645},{"SECUCODE":"00398.HK","SECURITY_CODE":"00398","SECURITY_NAME_ABBR":"东方表行集团","ORG_CODE":"10008883","STD_REPORT_DATE":"2021-12-31 00:00:00","REPORT_DATE":"2022-03-31 00:00:00","DATE_TYPE_CODE":"001","REPORT_TYPE":"2021年年报","PER_NETCASH_OPERATE":1.219223586242,"PER_OI":6.056926848412,"BPS":3.386443371211,"BASIC_EPS":0.60339144,"DILUTED_EPS":0.60339144,"OPERATE_INCOME":2951893111.74,"OPERATE_INCOME_YOY":3.8741765891,"GROSS_PROFIT":957222937.85,"GROSS_PROFIT_YOY":17.716258081927,"HOLDER_PROFIT":294051139.74,"HOLDER_PROFIT_YOY":55.4403745241,"GROSS_PROFIT_RATIO":32.427425439052,"EPS_TTM":0.584566889057,"OPERATE_INCOME_QOQ":0,"NET_PROFIT_RATIO":9.9724873028,"ROE_AVG":18.009378860361,"GROSS_PROFIT_QOQ":0,"ROA":12.933355092606,"HOLDER_PROFIT_QOQ":0,"ROE_YEARLY":18.009378860361,"ROIC_YEARLY":22.224517435636,"TOTAL_ASSETS":2335120817.75,"TOTAL_LIABILITIES":683769019.08,"TAX_EBT":29.304666395293,"OCF_SALES":20.129409133644,"TOTAL_PARENT_EQUITY":1650411027.07,"DEBT_ASSET_RATIO":29.2819546587,"OPERATE_PROFIT":413822718.56,"PRETAX_PROFIT":416402541.37,"NETCASH_OPERATE":594198641.65,"NETCASH_INVEST":-62905990.65,"NETCASH_FINANCE":-371741842.69,"END_CASH":1040073286.42,"DIVI_RATIO":0.552131425919,"DIVIDEND_RATE":10.2,"CURRENT_RATIO":4.187477498051,"COMMON_ACS":1000000000,"CURRENTDEBT_DEBT":57.652044577919,"ISSUED_COMMON_SHARES":487358224,"HK_COMMON_SHARES":487358224,"PER_SHARES":2000,"TOTAL_MARKET_CAP":1705753784,"HKSK_MARKET_CAP":1705753784,"PE_TTM":7.35730243913,"PB_TTM":0.9318940525,"REPORT_DATE_SQ":"2020-12-31 00:00:00","REPORT_TYPE_SQ":"2020年年报","OPERATE_INCOME_SQ":2961529313.96,"DPS_HKD":0.357,"OPERATE_INCOME_QOQ_SQ":0,"NET_PROFIT_RATIO_SQ":6.6387711036,"HOLDER_PROFIT_SQ":197143306.08,"HOLDER_PROFIT_QOQ_SQ":0,"ROE_AVG_SQ":11.447849454714,"PE_TTM_SQ":5.97472807846,"PB_TTM_SQ":0.926071466252,"ROA_SQ":8.900945612901,"START_DATE":"2021-04-01 00:00:00","FISCAL_YEAR":"3-31","CURRENCY":"HKD","IS_CNY_CODE":0,"DPS_HKD_LY":0.528,"ORG_TYPE":"一般企业","PREMIUM_INCOME":null,"PREMIUM_INCOME_YOY":null,"NET_INTEREST_INCOME":null,"NET_INTEREST_INCOME_YOY":null,"FEE_COMMISSION_INCOME":null,"FEE_COMMISSION_INCOME_YOY":null,"ACCOUNTS_RECE_TDAYS":14.822340772113,"INVENTORY_TDAYS":4.445959076025,"CURRENT_ASSETS_TDAYS":1.804468269752,"TOTAL_ASSETS_TDAYS":1.298341568861,"PREMIUM_EXPENSE":null,"LOAN_DEPOSIT":null,"LOAN_EQUITY":null,"LOAN_ASSETS":null,"DEPOSIT_EQUITY":null,"DEPOSIT_ASSETS":null,"EQUITY_MULTIPLIER":1.41406623327,"EQUITY_RATIO":0.414302260385},{"SECUCODE":"00398.HK","SECURITY_CODE":"00398","SECURITY_NAME_ABBR":"东方表行集团","ORG_CODE":"10008883","STD_REPORT_DATE":"2021-06-30 00:00:00","REPORT_DATE":"2021-09-30 00:00:00","DATE_TYPE_CODE":"002","REPORT_TYPE":"2021年中报","PER_NETCASH_OPERATE":0.585824367252,"PER_OI":3.17844076931,"BPS":3.397395019644,"BASIC_EPS":0.284823214,"DILUTED_EPS":0.284823214,"OPERATE_INCOME":1549039248.42,"OPERATE_INCOME_YOY":36.7841195813,"GROSS_PROFIT":481072989.62,"GROSS_PROFIT_YOY":48.761387887914,"HOLDER_PROFIT":138800291.9,"HOLDER_PROFIT_YOY":186.7925502616,"GROSS_PROFIT_RATIO":31.056216949357,"EPS_TTM":0.40451416714,"OPERATE_INCOME_QOQ":0,"NET_PROFIT_RATIO":8.9874086897,"ROE_AVG":8.374622553904,"GROSS_PROFIT_QOQ":0,"ROA":5.891161225082,"HOLDER_PROFIT_QOQ":0,"ROE_YEARLY":16.749245107809,"ROIC_YEARLY":20.431518727768,"TOTAL_ASSETS":2439957764.6,"TOTAL_LIABILITIES":784545084.78,"TAX_EBT":32.549654306737,"OCF_SALES":18.431187169157,"TOTAL_PARENT_EQUITY":1655748403,"DEBT_ASSET_RATIO":32.1540436545,"OPERATE_PROFIT":204367112.26,"PRETAX_PROFIT":206401444.78,"NETCASH_OPERATE":285506323.2,"NETCASH_INVEST":-39322098.12,"NETCASH_FINANCE":-27468487.38,"END_CASH":1111758556.88,"DIVI_RATIO":0.797889854593,"DIVIDEND_RATE":10.2,"CURRENT_RATIO":3.356677867919,"COMMON_ACS":1000000000,"CURRENTDEBT_DEBT":67.969011311763,"ISSUED_COMMON_SHARES":487358224,"HK_COMMON_SHARES":487358224,"PER_SHARES":2000,"TOTAL_MARKET_CAP":1705753784,"HKSK_MARKET_CAP":1705753784,"PE_TTM":7.35730243913,"PB_TTM":0.9318940525,"REPORT_DATE_SQ":"2020-06-30 00:00:00","REPORT_TYPE_SQ":"2020年中报","OPERATE_INCOME_SQ":1194540755.2,"DPS_HKD":0.357,"OPERATE_INCOME_QOQ_SQ":0,"NET_PROFIT_RATIO_SQ":4.2377207759,"HOLDER_PROFIT_SQ":51050117.12,"HOLDER_PROFIT_QOQ_SQ":0,"ROE_AVG_SQ":2.781269231754,"PE_TTM_SQ":5.97472807846,"PB_TTM_SQ":0.926071466252,"ROA_SQ":2.207325024202,"START_DATE":"2021-04-01 00:00:00","FISCAL_YEAR":"3-31","CURRENCY":"HKD","IS_CNY_CODE":0,"DPS_HKD_LY":0.528,"ORG_TYPE":"一般企业","PREMIUM_INCOME":null,"PREMIUM_INCOME_YOY":null,"NET_INTEREST_INCOME":null,"NET_INTEREST_INCOME_YOY":null,"FEE_COMMISSION_INCOME":null,"FEE_COMMISSION_INCOME_YOY":null,"ACCOUNTS_RECE_TDAYS":7.26292230505,"INVENTORY_TDAYS":2.259670509518,"CURRENT_ASSETS_TDAYS":0.896683688539,"TOTAL_ASSETS_TDAYS":0.657465472983,"PREMIUM_EXPENSE":null,"LOAN_DEPOSIT":null,"LOAN_EQUITY":null,"LOAN_ASSETS":null,"DEPOSIT_EQUITY":null,"DEPOSIT_ASSETS":null,"EQUITY_MULTIPLIER":1.473927193107,"EQUITY_RATIO":0.473831098589},{"SECUCODE":"00398.HK","SECURITY_CODE":"00398","SECURITY_NAME_ABBR":"东方表行集团","ORG_CODE":"10008883","STD_REPORT_DATE":"2020-12-31 00:00:00","REPORT_DATE":"2021-03-31 00:00:00","DATE_TYPE_CODE":"001","REPORT_TYPE":"2020年年报","PER_NETCASH_OPERATE":1.115958678559,"PER_OI":6.076699167305,"BPS":3.453664391431,"BASIC_EPS":0.364864206,"DILUTED_EPS":0.364864206,"OPERATE_INCOME":2961529313.96,"OPERATE_INCOME_YOY":48.9372771427,"GROSS_PROFIT":813161200.88,"GROSS_PROFIT_YOY":37.909183625836,"HOLDER_PROFIT":197143306.08,"HOLDER_PROFIT_YOY":132.5560064207,"GROSS_PROFIT_RATIO":27.457476008998,"EPS_TTM":0.178553415731,"OPERATE_INCOME_QOQ":0,"NET_PROFIT_RATIO":6.6387711036,"ROE_AVG":11.447849454714,"GROSS_PROFIT_QOQ":0,"ROA":8.900945612901,"HOLDER_PROFIT_QOQ":0,"ROE_YEARLY":11.447849454714,"ROIC_YEARLY":14.378681263812,"TOTAL_ASSETS":2305253805.4,"TOTAL_LIABILITIES":622881601.58,"TAX_EBT":34.607686599051,"OCF_SALES":18.364553647209,"TOTAL_PARENT_EQUITY":1683171744.1,"DEBT_ASSET_RATIO":27.0200877717,"OPERATE_PROFIT":301545855.94,"PRETAX_PROFIT":300660952.48,"NETCASH_OPERATE":543871639.64,"NETCASH_INVEST":-40562723.74,"NETCASH_FINANCE":-420802444.3,"END_CASH":897006437.6,"DIVI_RATIO":1.80762573865,"DIVIDEND_RATE":10.2,"CURRENT_RATIO":4.417448112926,"COMMON_ACS":1000000000,"CURRENTDEBT_DEBT":61.395476952594,"ISSUED_COMMON_SHARES":487358224,"HK_COMMON_SHARES":487358224,"PER_SHARES":2000,"TOTAL_MARKET_CAP":1705753784,"HKSK_MARKET_CAP":1705753784,"PE_TTM":7.35730243913,"PB_TTM":0.9318940525,"REPORT_DATE_SQ":"2019-12-31 00:00:00","REPORT_TYPE_SQ":"2019年年报","OPERATE_INCOME_SQ":2149646457.1,"DPS_HKD":0.357,"OPERATE_INCOME_QOQ_SQ":0,"NET_PROFIT_RATIO_SQ":4.212594727,"HOLDER_PROFIT_SQ":91645023.7,"HOLDER_PROFIT_QOQ_SQ":0,"ROE_AVG_SQ":4.669132639286,"PE_TTM_SQ":5.97472807846,"PB_TTM_SQ":0.926071466252,"ROA_SQ":4.075743876794,"START_DATE":"2020-04-01 00:00:00","FISCAL_YEAR":"3-31","CURRENCY":"HKD","IS_CNY_CODE":0,"DPS_HKD_LY":0.142,"ORG_TYPE":"一般企业","PREMIUM_INCOME":null,"PREMIUM_INCOME_YOY":null,"NET_INTEREST_INCOME":null,"NET_INTEREST_INCOME_YOY":null,"FEE_COMMISSION_INCOME":null,"FEE_COMMISSION_INCOME_YOY":null,"ACCOUNTS_RECE_TDAYS":17.573797952746,"INVENTORY_TDAYS":3.576469561951,"CURRENT_ASSETS_TDAYS":1.807341401501,"TOTAL_ASSETS_TDAYS":1.337119270176,"PREMIUM_EXPENSE":null,"LOAN_DEPOSIT":null,"LOAN_EQUITY":null,"LOAN_ASSETS":null,"DEPOSIT_EQUITY":null,"DEPOSIT_ASSETS":null,"EQUITY_MULTIPLIER":1.370240069448,"EQUITY_RATIO":0.370064198002},{"SECUCODE":"00398.HK","SECURITY_CODE":"00398","SECURITY_NAME_ABBR":"东方表行集团","ORG_CODE":"10008883","STD_REPORT_DATE":"2020-06-30 00:00:00","REPORT_DATE":"2020-09-30 00:00:00","DATE_TYPE_CODE":"002","REPORT_TYPE":"2020年中报","PER_NETCASH_OPERATE":0.419636479968,"PER_OI":2.094369301494,"BPS":3.77562853233,"BASIC_EPS":0.089541568,"DILUTED_EPS":0.089541568,"OPERATE_INCOME":1194540755.2,"OPERATE_INCOME_YOY":16.4082737124,"GROSS_PROFIT":323385655.68,"GROSS_PROFIT_YOY":12.672365879219,"HOLDER_PROFIT":51050117.12,"HOLDER_PROFIT_YOY":-5.8777784978,"GROSS_PROFIT_RATIO":27.071965043659,"EPS_TTM":0.160679762023,"OPERATE_INCOME_QOQ":0,"NET_PROFIT_RATIO":4.2377207759,"ROE_AVG":2.781269231754,"GROSS_PROFIT_QOQ":0,"ROA":2.207325024202,"HOLDER_PROFIT_QOQ":0,"ROE_YEARLY":5.562538463509,"ROIC_YEARLY":7.202355493569,"TOTAL_ASSETS":2416749767.04,"TOTAL_LIABILITIES":577377035.52,"TAX_EBT":43.868264639969,"OCF_SALES":20.036412855577,"TOTAL_PARENT_EQUITY":1840083616,"DEBT_ASSET_RATIO":23.8906420265,"OPERATE_PROFIT":90541551.36,"PRETAX_PROFIT":90183033.6,"NETCASH_OPERATE":239343117.44,"NETCASH_INVEST":16570901.76,"NETCASH_FINANCE":-121414499.84,"END_CASH":968287929.6,"DIVI_RATIO":3.236550723336,"DIVIDEND_RATE":14.857142857143,"CURRENT_RATIO":6.190976913944,"COMMON_ACS":1000000000,"CURRENTDEBT_DEBT":50.121753370286,"ISSUED_COMMON_SHARES":487358224,"HK_COMMON_SHARES":487358224,"PER_SHARES":2000,"TOTAL_MARKET_CAP":1876329162.4,"HKSK_MARKET_CAP":1876329162.4,"PE_TTM":8.093032683043,"PB_TTM":1.025083457749,"REPORT_DATE_SQ":"2019-06-30 00:00:00","REPORT_TYPE_SQ":"2019年中报","OPERATE_INCOME_SQ":1053362767.95,"DPS_HKD":0.572,"OPERATE_INCOME_QOQ_SQ":0,"NET_PROFIT_RATIO_SQ":5.1747096023,"HOLDER_PROFIT_SQ":55675665.24,"HOLDER_PROFIT_QOQ_SQ":0,"ROE_AVG_SQ":2.855541494154,"PE_TTM_SQ":7.235292095014,"PB_TTM_SQ":1.121456486588,"ROA_SQ":2.425926489994,"START_DATE":"2020-04-01 00:00:00","FISCAL_YEAR":"3-31","CURRENCY":"HKD","IS_CNY_CODE":0,"DPS_HKD_LY":0.142,"ORG_TYPE":"一般企业","PREMIUM_INCOME":null,"PREMIUM_INCOME_YOY":null,"NET_INTEREST_INCOME":null,"NET_INTEREST_INCOME_YOY":null,"FEE_COMMISSION_INCOME":null,"FEE_COMMISSION_INCOME_YOY":null,"ACCOUNTS_RECE_TDAYS":8.178574866439,"INVENTORY_TDAYS":1.31945677389,"CURRENT_ASSETS_TDAYS":0.693990800631,"TOTAL_ASSETS_TDAYS":0.516500225687,"PREMIUM_EXPENSE":null,"LOAN_DEPOSIT":null,"LOAN_EQUITY":null,"LOAN_ASSETS":null,"DEPOSIT_EQUITY":null,"DEPOSIT_ASSETS":null,"EQUITY_MULTIPLIER":1.313898877387,"EQUITY_RATIO":0.313777607985}],"count":48},"success":true,"message":"ok","code":0}