{"version":"14bd7b43dea541362d99510f20d3620a","result":{"pages":6,"data":[{"SECUCODE":"00403.HK","SECURITY_CODE":"00403","SECURITY_NAME_ABBR":"星光集团","ORG_CODE":"10008885","STD_REPORT_DATE":"2024-06-30 00:00:00","REPORT_DATE":"2024-09-30 00:00:00","DATE_TYPE_CODE":"002","REPORT_TYPE":"2024年中报","PER_NETCASH_OPERATE":-0.044737050006,"PER_OI":0.916180055091,"BPS":1.161304360089,"BASIC_EPS":0.013075955,"DILUTED_EPS":0.013075955,"OPERATE_INCOME":458670233.38,"OPERATE_INCOME_YOY":10.6392698037,"GROSS_PROFIT":81973612.79,"GROSS_PROFIT_YOY":0.863617061393,"HOLDER_PROFIT":6546995.4,"HOLDER_PROFIT_YOY":5.6153622345,"GROSS_PROFIT_RATIO":17.872014973792,"EPS_TTM":0.031547870424,"OPERATE_INCOME_QOQ":0,"NET_PROFIT_RATIO":1.3939625105,"ROE_AVG":1.143796127005,"GROSS_PROFIT_QOQ":0,"ROA":0.794313329256,"HOLDER_PROFIT_QOQ":0,"ROE_YEARLY":2.287592254011,"ROIC_YEARLY":2.01387800504,"TOTAL_ASSETS":844575933.45,"TOTAL_LIABILITIES":263042223.31,"TAX_EBT":29.80892980893,"OCF_SALES":-4.882997589566,"TOTAL_PARENT_EQUITY":581387620.16,"DEBT_ASSET_RATIO":31.1448873798,"OPERATE_PROFIT":9194650.84,"PRETAX_PROFIT":9108980.79,"NETCASH_OPERATE":-22396856.44,"NETCASH_INVEST":-7385660.1,"NETCASH_FINANCE":-22506874.82,"END_CASH":151203129.3,"DIVI_RATIO":0.716883570767,"DIVIDEND_RATE":11.904761904762,"CURRENT_RATIO":1.88632119679,"COMMON_ACS":1000000000,"CURRENTDEBT_DEBT":97.304320697729,"ISSUED_COMMON_SHARES":500633288,"HK_COMMON_SHARES":500633288,"PER_SHARES":2000,"TOTAL_MARKET_CAP":105132990.48,"HKSK_MARKET_CAP":105132990.48,"PE_TTM":5.903694433962,"PB_TTM":0.163071720479,"REPORT_DATE_SQ":"2023-06-30 00:00:00","REPORT_TYPE_SQ":"2023年中报","OPERATE_INCOME_SQ":421845522.56,"DPS_HKD":0.025,"OPERATE_INCOME_QOQ_SQ":0,"NET_PROFIT_RATIO_SQ":1.4459052624,"HOLDER_PROFIT_SQ":6307788.62,"HOLDER_PROFIT_QOQ_SQ":0,"ROE_AVG_SQ":1.084986962478,"PE_TTM_SQ":22.694472460081,"PB_TTM_SQ":0.161329421789,"ROA_SQ":0.736334587694,"START_DATE":"2024-04-01 00:00:00","FISCAL_YEAR":"3-31","CURRENCY":"HKD","IS_CNY_CODE":0,"DPS_HKD_LY":0.025,"ORG_TYPE":"一般企业","PREMIUM_INCOME":null,"PREMIUM_INCOME_YOY":null,"NET_INTEREST_INCOME":null,"NET_INTEREST_INCOME_YOY":null,"FEE_COMMISSION_INCOME":null,"FEE_COMMISSION_INCOME_YOY":null,"ACCOUNTS_RECE_TDAYS":2.394033531965,"INVENTORY_TDAYS":5.211545419385,"CURRENT_ASSETS_TDAYS":0.990697275798,"TOTAL_ASSETS_TDAYS":0.556481038778,"PREMIUM_EXPENSE":null,"LOAN_DEPOSIT":null,"LOAN_EQUITY":null,"LOAN_ASSETS":null,"DEPOSIT_EQUITY":null,"DEPOSIT_ASSETS":null,"EQUITY_MULTIPLIER":1.452324979143,"EQUITY_RATIO":0.452438638507},{"SECUCODE":"00403.HK","SECURITY_CODE":"00403","SECURITY_NAME_ABBR":"星光集团","ORG_CODE":"10008885","STD_REPORT_DATE":"2023-12-31 00:00:00","REPORT_DATE":"2024-03-31 00:00:00","DATE_TYPE_CODE":"001","REPORT_TYPE":"2023年年报","PER_NETCASH_OPERATE":0.072084584196,"PER_OI":1.511568895015,"BPS":1.131306778286,"BASIC_EPS":0.031275975,"DILUTED_EPS":0.031275975,"OPERATE_INCOME":756741705.95,"OPERATE_INCOME_YOY":-9.5844399482,"GROSS_PROFIT":155207705.85,"GROSS_PROFIT_YOY":7.86926429557,"HOLDER_PROFIT":15793914.1,"HOLDER_PROFIT_YOY":168.9410311825,"GROSS_PROFIT_RATIO":20.50999761605,"EPS_TTM":0.007815897931,"OPERATE_INCOME_QOQ":0,"NET_PROFIT_RATIO":2.0355819534,"ROE_AVG":2.747674325994,"GROSS_PROFIT_QOQ":0,"ROA":1.888634317489,"HOLDER_PROFIT_QOQ":0,"ROE_YEARLY":2.747674325994,"ROIC_YEARLY":2.535178475284,"TOTAL_ASSETS":808134025.45,"TOTAL_LIABILITIES":241463218.7,"TAX_EBT":32.224482469786,"OCF_SALES":4.768858662903,"TOTAL_PARENT_EQUITY":566369832.15,"DEBT_ASSET_RATIO":29.879105581,"OPERATE_PROFIT":23850423.95,"PRETAX_PROFIT":22728115.05,"NETCASH_OPERATE":36087942.4,"NETCASH_INVEST":-27498381.15,"NETCASH_FINANCE":-27820206.4,"END_CASH":197112979.6,"DIVI_RATIO":2.893608667731,"DIVIDEND_RATE":13.440860215054,"CURRENT_RATIO":1.913713135215,"COMMON_ACS":1000000000,"CURRENTDEBT_DEBT":96.406661810973,"ISSUED_COMMON_SHARES":500633288,"HK_COMMON_SHARES":500633288,"PER_SHARES":2000,"TOTAL_MARKET_CAP":93117791.568,"HKSK_MARKET_CAP":93117791.568,"PE_TTM":5.228986498652,"PB_TTM":0.144434952425,"REPORT_DATE_SQ":"2022-12-31 00:00:00","REPORT_TYPE_SQ":"2022年年报","OPERATE_INCOME_SQ":808210026.76,"DPS_HKD":0.025,"OPERATE_INCOME_QOQ_SQ":0,"NET_PROFIT_RATIO_SQ":0.5719014423,"HOLDER_PROFIT_SQ":5670905.98,"HOLDER_PROFIT_QOQ_SQ":0,"ROE_AVG_SQ":0.98598269888,"PE_TTM_SQ":20.887947289129,"PB_TTM_SQ":0.148487278761,"ROA_SQ":0.650085701326,"START_DATE":"2023-04-01 00:00:00","FISCAL_YEAR":"3-31","CURRENCY":"HKD","IS_CNY_CODE":0,"DPS_HKD_LY":0.01,"ORG_TYPE":"一般企业","PREMIUM_INCOME":null,"PREMIUM_INCOME_YOY":null,"NET_INTEREST_INCOME":null,"NET_INTEREST_INCOME_YOY":null,"FEE_COMMISSION_INCOME":null,"FEE_COMMISSION_INCOME_YOY":null,"ACCOUNTS_RECE_TDAYS":4.83630696319,"INVENTORY_TDAYS":8.138474086703,"CURRENT_ASSETS_TDAYS":1.628519562255,"TOTAL_ASSETS_TDAYS":0.904910806962,"PREMIUM_EXPENSE":null,"LOAN_DEPOSIT":null,"LOAN_EQUITY":null,"LOAN_ASSETS":null,"DEPOSIT_EQUITY":null,"DEPOSIT_ASSETS":null,"EQUITY_MULTIPLIER":1.426108449251,"EQUITY_RATIO":0.426334887548},{"SECUCODE":"00403.HK","SECURITY_CODE":"00403","SECURITY_NAME_ABBR":"星光集团","ORG_CODE":"10008885","STD_REPORT_DATE":"2023-06-30 00:00:00","REPORT_DATE":"2023-09-30 00:00:00","DATE_TYPE_CODE":"002","REPORT_TYPE":"2023年中报","PER_NETCASH_OPERATE":0.03997371399,"PER_OI":0.832641413955,"BPS":1.143273359282,"BASIC_EPS":0.012479768,"DILUTED_EPS":0.012479768,"OPERATE_INCOME":421845522.56,"OPERATE_INCOME_YOY":-15.1102411641,"GROSS_PROFIT":81271736.21,"GROSS_PROFIT_YOY":1.104477608947,"HOLDER_PROFIT":6307788.62,"HOLDER_PROFIT_YOY":-22.9199372057,"GROSS_PROFIT_RATIO":19.265757691772,"EPS_TTM":0.011193270809,"OPERATE_INCOME_QOQ":0,"NET_PROFIT_RATIO":1.4459052624,"ROE_AVG":1.084986962478,"GROSS_PROFIT_QOQ":0,"ROA":0.736334587694,"HOLDER_PROFIT_QOQ":0,"ROE_YEARLY":2.169973924957,"ROIC_YEARLY":1.99852886877,"TOTAL_ASSETS":838341262.22,"TOTAL_LIABILITIES":265489629.23,"TAX_EBT":39.435079726652,"OCF_SALES":4.800831825143,"TOTAL_PARENT_EQUITY":572360700.94,"DEBT_ASSET_RATIO":31.6684435318,"OPERATE_PROFIT":10937231.97,"PRETAX_PROFIT":10070989.25,"NETCASH_OPERATE":20252094.1,"NETCASH_INVEST":-4223850.89,"NETCASH_FINANCE":-11690606.2,"END_CASH":218388598.96,"DIVI_RATIO":2.020513073063,"DIVIDEND_RATE":13.440860215054,"CURRENT_RATIO":1.870906639271,"COMMON_ACS":1000000000,"CURRENTDEBT_DEBT":96.893070326731,"ISSUED_COMMON_SHARES":500633288,"HK_COMMON_SHARES":500633288,"PER_SHARES":2000,"TOTAL_MARKET_CAP":93117791.568,"HKSK_MARKET_CAP":93117791.568,"PE_TTM":5.228986498652,"PB_TTM":0.144434952425,"REPORT_DATE_SQ":"2022-06-30 00:00:00","REPORT_TYPE_SQ":"2022年中报","OPERATE_INCOME_SQ":489790437.6,"DPS_HKD":0.025,"OPERATE_INCOME_QOQ_SQ":0,"NET_PROFIT_RATIO_SQ":1.6467850944,"HOLDER_PROFIT_SQ":8065795.92,"HOLDER_PROFIT_QOQ_SQ":0,"ROE_AVG_SQ":1.374781288299,"PE_TTM_SQ":20.887947289129,"PB_TTM_SQ":0.148487278761,"ROA_SQ":0.891280828917,"START_DATE":"2023-04-01 00:00:00","FISCAL_YEAR":"3-31","CURRENCY":"HKD","IS_CNY_CODE":0,"DPS_HKD_LY":0.01,"ORG_TYPE":"一般企业","PREMIUM_INCOME":null,"PREMIUM_INCOME_YOY":null,"NET_INTEREST_INCOME":null,"NET_INTEREST_INCOME_YOY":null,"FEE_COMMISSION_INCOME":null,"FEE_COMMISSION_INCOME_YOY":null,"ACCOUNTS_RECE_TDAYS":2.428438988186,"INVENTORY_TDAYS":5.109550851833,"CURRENT_ASSETS_TDAYS":0.868832738472,"TOTAL_ASSETS_TDAYS":0.492437948761,"PREMIUM_EXPENSE":null,"LOAN_DEPOSIT":null,"LOAN_EQUITY":null,"LOAN_ASSETS":null,"DEPOSIT_EQUITY":null,"DEPOSIT_ASSETS":null,"EQUITY_MULTIPLIER":1.463452688167,"EQUITY_RATIO":0.463850206337},{"SECUCODE":"00403.HK","SECURITY_CODE":"00403","SECURITY_NAME_ABBR":"星光集团","ORG_CODE":"10008885","STD_REPORT_DATE":"2022-12-31 00:00:00","REPORT_DATE":"2023-03-31 00:00:00","DATE_TYPE_CODE":"001","REPORT_TYPE":"2022年年报","PER_NETCASH_OPERATE":0.149042599595,"PER_OI":1.595250164967,"BPS":1.125007159612,"BASIC_EPS":0.011030166,"DILUTED_EPS":0.011030166,"OPERATE_INCOME":808210026.76,"OPERATE_INCOME_YOY":-11.963764661,"GROSS_PROFIT":143885013.83,"GROSS_PROFIT_YOY":79.787797801524,"HOLDER_PROFIT":5670905.98,"HOLDER_PROFIT_YOY":-98.1878351652,"GROSS_PROFIT_RATIO":17.802923629495,"EPS_TTM":-0.098112680631,"OPERATE_INCOME_QOQ":0,"NET_PROFIT_RATIO":0.5719014423,"ROE_AVG":0.98598269888,"GROSS_PROFIT_QOQ":0,"ROA":0.650085701326,"HOLDER_PROFIT_QOQ":0,"ROE_YEARLY":0.98598269888,"ROIC_YEARLY":0.890569762558,"TOTAL_ASSETS":834696431.72,"TOTAL_LIABILITIES":270813335.96,"TAX_EBT":45.131455886938,"OCF_SALES":9.342898240537,"TOTAL_PARENT_EQUITY":563216033.34,"DEBT_ASSET_RATIO":32.4445302111,"OPERATE_PROFIT":12271497.38,"PRETAX_PROFIT":8424070.43,"NETCASH_OPERATE":75510240.37,"NETCASH_INVEST":-50198635.63,"NETCASH_FINANCE":-58490519.15,"END_CASH":212741262.79,"DIVI_RATIO":-0.230511997577,"DIVIDEND_RATE":13.440860215054,"CURRENT_RATIO":1.786014482085,"COMMON_ACS":1000000000,"CURRENTDEBT_DEBT":96.604559148683,"ISSUED_COMMON_SHARES":500633288,"HK_COMMON_SHARES":500633288,"PER_SHARES":2000,"TOTAL_MARKET_CAP":93117791.568,"HKSK_MARKET_CAP":93117791.568,"PE_TTM":5.228986498652,"PB_TTM":0.144434952425,"REPORT_DATE_SQ":"2021-12-31 00:00:00","REPORT_TYPE_SQ":"2021年年报","OPERATE_INCOME_SQ":850506187,"DPS_HKD":0.025,"OPERATE_INCOME_QOQ_SQ":0,"NET_PROFIT_RATIO_SQ":34.087250882,"HOLDER_PROFIT_SQ":289914177.73,"HOLDER_PROFIT_QOQ_SQ":0,"ROE_AVG_SQ":69.828219372886,"PE_TTM_SQ":20.887947289129,"PB_TTM_SQ":0.148487278761,"ROA_SQ":34.723343328583,"START_DATE":"2022-04-01 00:00:00","FISCAL_YEAR":"3-31","CURRENCY":"HKD","IS_CNY_CODE":0,"DPS_HKD_LY":0.01,"ORG_TYPE":"一般企业","PREMIUM_INCOME":null,"PREMIUM_INCOME_YOY":null,"NET_INTEREST_INCOME":null,"NET_INTEREST_INCOME_YOY":null,"FEE_COMMISSION_INCOME":null,"FEE_COMMISSION_INCOME_YOY":null,"ACCOUNTS_RECE_TDAYS":5.347040188112,"INVENTORY_TDAYS":7.506050849888,"CURRENT_ASSETS_TDAYS":1.62182634557,"TOTAL_ASSETS_TDAYS":0.926493551326,"PREMIUM_EXPENSE":null,"LOAN_DEPOSIT":null,"LOAN_EQUITY":null,"LOAN_ASSETS":null,"DEPOSIT_EQUITY":null,"DEPOSIT_ASSETS":null,"EQUITY_MULTIPLIER":1.480265037198,"EQUITY_RATIO":0.480833854026},{"SECUCODE":"00403.HK","SECURITY_CODE":"00403","SECURITY_NAME_ABBR":"星光集团","ORG_CODE":"10008885","STD_REPORT_DATE":"2022-06-30 00:00:00","REPORT_DATE":"2022-09-30 00:00:00","DATE_TYPE_CODE":"002","REPORT_TYPE":"2022年中报","PER_NETCASH_OPERATE":0.065642094951,"PER_OI":0.95172338357,"BPS":1.132236254733,"BASIC_EPS":0.015646812,"DILUTED_EPS":0.015646812,"OPERATE_INCOME":489790437.6,"OPERATE_INCOME_YOY":-2.7574268804,"GROSS_PROFIT":80383913.88,"GROSS_PROFIT_YOY":128.173629420265,"HOLDER_PROFIT":8065795.92,"HOLDER_PROFIT_YOY":-97.8650515303,"GROSS_PROFIT_RATIO":16.411899398013,"EPS_TTM":0.563339095647,"OPERATE_INCOME_QOQ":0,"NET_PROFIT_RATIO":1.6467850944,"ROE_AVG":1.374781288299,"GROSS_PROFIT_QOQ":0,"ROA":0.891280828917,"HOLDER_PROFIT_QOQ":0,"ROE_YEARLY":2.749562576597,"ROIC_YEARLY":2.439314595816,"TOTAL_ASSETS":869789999.16,"TOTAL_LIABILITIES":302954840.16,"TAX_EBT":42.616305257062,"OCF_SALES":6.897182110278,"TOTAL_PARENT_EQUITY":566835159,"DEBT_ASSET_RATIO":34.8308028895,"OPERATE_PROFIT":16288059.96,"PRETAX_PROFIT":14055902.04,"NETCASH_OPERATE":33781738.44,"NETCASH_INVEST":-25355975.4,"NETCASH_FINANCE":-22811785.68,"END_CASH":228788046.84,"DIVI_RATIO":0.056435724496,"DIVIDEND_RATE":17.5,"CURRENT_RATIO":1.696004797242,"COMMON_ACS":1000000000,"CURRENTDEBT_DEBT":99.570401595395,"ISSUED_COMMON_SHARES":500633288,"HK_COMMON_SHARES":500633288,"PER_SHARES":2000,"TOTAL_MARKET_CAP":100126657.6,"HKSK_MARKET_CAP":100126657.6,"PE_TTM":5.622566127583,"PB_TTM":0.155306400457,"REPORT_DATE_SQ":"2021-06-30 00:00:00","REPORT_TYPE_SQ":"2021年中报","OPERATE_INCOME_SQ":463927781.76,"DPS_HKD":0.035,"OPERATE_INCOME_QOQ_SQ":0,"NET_PROFIT_RATIO_SQ":75.0077213699,"HOLDER_PROFIT_SQ":347981657.9,"HOLDER_PROFIT_QOQ_SQ":0,"ROE_AVG_SQ":74.054146050026,"PE_TTM_SQ":23.033195929635,"PB_TTM_SQ":0.163737323607,"ROA_SQ":37.126575567467,"START_DATE":"2022-04-01 00:00:00","FISCAL_YEAR":"3-31","CURRENCY":"HKD","IS_CNY_CODE":0,"DPS_HKD_LY":0.01,"ORG_TYPE":"一般企业","PREMIUM_INCOME":null,"PREMIUM_INCOME_YOY":null,"NET_INTEREST_INCOME":null,"NET_INTEREST_INCOME_YOY":null,"FEE_COMMISSION_INCOME":null,"FEE_COMMISSION_INCOME_YOY":null,"ACCOUNTS_RECE_TDAYS":2.741065621275,"INVENTORY_TDAYS":4.949787317799,"CURRENT_ASSETS_TDAYS":0.925377215017,"TOTAL_ASSETS_TDAYS":0.541224736591,"PREMIUM_EXPENSE":null,"LOAN_DEPOSIT":null,"LOAN_EQUITY":null,"LOAN_ASSETS":null,"DEPOSIT_EQUITY":null,"DEPOSIT_ASSETS":null,"EQUITY_MULTIPLIER":1.534467270334,"EQUITY_RATIO":0.534467270334},{"SECUCODE":"00403.HK","SECURITY_CODE":"00403","SECURITY_NAME_ABBR":"星光集团","ORG_CODE":"10008885","STD_REPORT_DATE":"2021-12-31 00:00:00","REPORT_DATE":"2022-03-31 00:00:00","DATE_TYPE_CODE":"001","REPORT_TYPE":"2021年年报","PER_NETCASH_OPERATE":-0.173205938197,"PER_OI":1.639892631062,"BPS":1.086423564887,"BASIC_EPS":0.55229781,"DILUTED_EPS":0.55229781,"OPERATE_INCOME":850506187,"OPERATE_INCOME_YOY":-0.8299944112,"GROSS_PROFIT":80030466.8,"GROSS_PROFIT_YOY":-44.007592052157,"HOLDER_PROFIT":289914177.73,"HOLDER_PROFIT_YOY":462.8246637909,"GROSS_PROFIT_RATIO":9.409745399066,"EPS_TTM":0.62106375209,"OPERATE_INCOME_QOQ":0,"NET_PROFIT_RATIO":34.087250882,"ROE_AVG":69.828219372886,"GROSS_PROFIT_QOQ":0,"ROA":34.723343328583,"HOLDER_PROFIT_QOQ":0,"ROE_YEARLY":69.828219372886,"ROIC_YEARLY":47.723325318769,"TOTAL_ASSETS":843025430.76,"TOTAL_LIABILITIES":299125629.31,"TAX_EBT":-2.035730902178,"OCF_SALES":-10.562029178984,"TOTAL_PARENT_EQUITY":543899801.45,"DEBT_ASSET_RATIO":35.4823969,"OPERATE_PROFIT":297982105.21,"PRETAX_PROFIT":284130054.41,"NETCASH_OPERATE":-89830711.64,"NETCASH_INVEST":154947515.55,"NETCASH_FINANCE":-69447597.31,"END_CASH":231480096.22,"DIVI_RATIO":0.036415182699,"DIVIDEND_RATE":13.440860215054,"CURRENT_RATIO":1.64978039665,"COMMON_ACS":1000000000,"CURRENTDEBT_DEBT":99.386982113759,"ISSUED_COMMON_SHARES":500633288,"HK_COMMON_SHARES":500633288,"PER_SHARES":2000,"TOTAL_MARKET_CAP":93117791.568,"HKSK_MARKET_CAP":93117791.568,"PE_TTM":5.228986498652,"PB_TTM":0.144434952425,"REPORT_DATE_SQ":"2020-12-31 00:00:00","REPORT_TYPE_SQ":"2020年年报","OPERATE_INCOME_SQ":893758410.86,"DPS_HKD":0.025,"OPERATE_INCOME_QOQ_SQ":0,"NET_PROFIT_RATIO_SQ":-9.3169875089,"HOLDER_PROFIT_SQ":-83271359.5,"HOLDER_PROFIT_QOQ_SQ":0,"ROE_AVG_SQ":-24.575647597311,"PE_TTM_SQ":20.887947289129,"PB_TTM_SQ":0.148487278761,"ROA_SQ":-10.497738231532,"START_DATE":"2021-04-01 00:00:00","FISCAL_YEAR":"3-31","CURRENCY":"HKD","IS_CNY_CODE":0,"DPS_HKD_LY":0.1,"ORG_TYPE":"一般企业","PREMIUM_INCOME":null,"PREMIUM_INCOME_YOY":null,"NET_INTEREST_INCOME":null,"NET_INTEREST_INCOME_YOY":null,"FEE_COMMISSION_INCOME":null,"FEE_COMMISSION_INCOME_YOY":null,"ACCOUNTS_RECE_TDAYS":5.956289118853,"INVENTORY_TDAYS":8.657441369852,"CURRENT_ASSETS_TDAYS":1.751508582175,"TOTAL_ASSETS_TDAYS":1.018660714199,"PREMIUM_EXPENSE":null,"LOAN_DEPOSIT":null,"LOAN_EQUITY":null,"LOAN_ASSETS":null,"DEPOSIT_EQUITY":null,"DEPOSIT_ASSETS":null,"EQUITY_MULTIPLIER":1.549964586332,"EQUITY_RATIO":0.549964586331},{"SECUCODE":"00403.HK","SECURITY_CODE":"00403","SECURITY_NAME_ABBR":"星光集团","ORG_CODE":"10008885","STD_REPORT_DATE":"2021-06-30 00:00:00","REPORT_DATE":"2021-09-30 00:00:00","DATE_TYPE_CODE":"002","REPORT_TYPE":"2021年中报","PER_NETCASH_OPERATE":-0.240592374207,"PER_OI":0.883444309231,"BPS":1.289468170363,"BASIC_EPS":0.662615924,"DILUTED_EPS":0.662615924,"OPERATE_INCOME":463927781.76,"OPERATE_INCOME_YOY":-0.5265752603,"GROSS_PROFIT":35229274.34,"GROSS_PROFIT_YOY":-62.62136034344,"HOLDER_PROFIT":347981657.9,"HOLDER_PROFIT_YOY":697.495386992,"GROSS_PROFIT_RATIO":7.593697925645,"EPS_TTM":-0.158571250881,"OPERATE_INCOME_QOQ":0,"NET_PROFIT_RATIO":75.0077213699,"ROE_AVG":74.054146050026,"GROSS_PROFIT_QOQ":0,"ROA":37.126575567467,"HOLDER_PROFIT_QOQ":0,"ROE_YEARLY":148.108292100052,"ROIC_YEARLY":103.033356375438,"TOTAL_ASSETS":1025262770.14,"TOTAL_LIABILITIES":379712080.24,"TAX_EBT":-0.631423243892,"OCF_SALES":-27.233451129116,"TOTAL_PARENT_EQUITY":645550689.9,"DEBT_ASSET_RATIO":37.0355865149,"OPERATE_PROFIT":354556167.42,"PRETAX_PROFIT":345798207.64,"NETCASH_OPERATE":-126390197.08,"NETCASH_INVEST":192129460.86,"NETCASH_FINANCE":-5759776.84,"END_CASH":294155152.12,"DIVI_RATIO":-0.14262452919,"DIVIDEND_RATE":13.440860215054,"CURRENT_RATIO":1.698990384192,"COMMON_ACS":1000000000,"CURRENTDEBT_DEBT":99.568235469632,"ISSUED_COMMON_SHARES":500633288,"HK_COMMON_SHARES":500633288,"PER_SHARES":2000,"TOTAL_MARKET_CAP":93117791.568,"HKSK_MARKET_CAP":93117791.568,"PE_TTM":5.228986498652,"PB_TTM":0.144434952425,"REPORT_DATE_SQ":"2020-06-30 00:00:00","REPORT_TYPE_SQ":"2020年中报","OPERATE_INCOME_SQ":491946119.68,"DPS_HKD":0.025,"OPERATE_INCOME_QOQ_SQ":0,"NET_PROFIT_RATIO_SQ":-12.4875858275,"HOLDER_PROFIT_SQ":-61432193.92,"HOLDER_PROFIT_QOQ_SQ":0,"ROE_AVG_SQ":-17.288441564865,"PE_TTM_SQ":20.887947289129,"PB_TTM_SQ":0.148487278761,"ROA_SQ":-7.211747005507,"START_DATE":"2021-04-01 00:00:00","FISCAL_YEAR":"3-31","CURRENCY":"HKD","IS_CNY_CODE":0,"DPS_HKD_LY":0.1,"ORG_TYPE":"一般企业","PREMIUM_INCOME":null,"PREMIUM_INCOME_YOY":null,"NET_INTEREST_INCOME":null,"NET_INTEREST_INCOME_YOY":null,"FEE_COMMISSION_INCOME":null,"FEE_COMMISSION_INCOME_YOY":null,"ACCOUNTS_RECE_TDAYS":2.542967974082,"INVENTORY_TDAYS":4.492971642104,"CURRENT_ASSETS_TDAYS":0.816691780596,"TOTAL_ASSETS_TDAYS":0.494970049608,"PREMIUM_EXPENSE":null,"LOAN_DEPOSIT":null,"LOAN_EQUITY":null,"LOAN_ASSETS":null,"DEPOSIT_EQUITY":null,"DEPOSIT_ASSETS":null,"EQUITY_MULTIPLIER":1.588198705665,"EQUITY_RATIO":0.588198705664},{"SECUCODE":"00403.HK","SECURITY_CODE":"00403","SECURITY_NAME_ABBR":"星光集团","ORG_CODE":"10008885","STD_REPORT_DATE":"2020-12-31 00:00:00","REPORT_DATE":"2021-03-31 00:00:00","DATE_TYPE_CODE":"001","REPORT_TYPE":"2020年年报","PER_NETCASH_OPERATE":-0.149244476978,"PER_OI":1.701958392977,"BPS":0.596311994379,"BASIC_EPS":-0.158555768,"DILUTED_EPS":-0.158555768,"OPERATE_INCOME":893758410.86,"OPERATE_INCOME_YOY":-6.9042047641,"GROSS_PROFIT":142930925.34,"GROSS_PROFIT_YOY":-32.421413018681,"HOLDER_PROFIT":-83271359.5,"HOLDER_PROFIT_YOY":-1259.2540298859,"GROSS_PROFIT_RATIO":15.992120868823,"EPS_TTM":-0.130149258528,"OPERATE_INCOME_QOQ":0,"NET_PROFIT_RATIO":-9.3169875089,"ROE_AVG":-24.575647597311,"GROSS_PROFIT_QOQ":0,"ROA":-10.497738231532,"HOLDER_PROFIT_QOQ":0,"ROE_YEARLY":-24.575647597311,"ROIC_YEARLY":-14.389271978052,"TOTAL_ASSETS":861662700.36,"TOTAL_LIABILITIES":563129065.94,"TAX_EBT":-5.640976153714,"OCF_SALES":-8.768985046483,"TOTAL_PARENT_EQUITY":298533634.42,"DEBT_ASSET_RATIO":65.3537707626,"OPERATE_PROFIT":-83430253.34,"PRETAX_PROFIT":-78824867.52,"NETCASH_OPERATE":-78373541.4,"NETCASH_INVEST":-88449777.36,"NETCASH_FINANCE":172603504.78,"END_CASH":232464223.46,"DIVI_RATIO":-0.173770870889,"DIVIDEND_RATE":13.440860215054,"CURRENT_RATIO":1.165296031613,"COMMON_ACS":1000000000,"CURRENTDEBT_DEBT":76.340684063679,"ISSUED_COMMON_SHARES":500633288,"HK_COMMON_SHARES":500633288,"PER_SHARES":2000,"TOTAL_MARKET_CAP":93117791.568,"HKSK_MARKET_CAP":93117791.568,"PE_TTM":5.228986498652,"PB_TTM":0.144434952425,"REPORT_DATE_SQ":"2019-12-31 00:00:00","REPORT_TYPE_SQ":"2019年年报","OPERATE_INCOME_SQ":1037873657.4,"DPS_HKD":0.025,"OPERATE_INCOME_QOQ_SQ":0,"NET_PROFIT_RATIO_SQ":0.7482159552,"HOLDER_PROFIT_SQ":7765536.3,"HOLDER_PROFIT_QOQ_SQ":0,"ROE_AVG_SQ":1.85324497766,"PE_TTM_SQ":20.887947289129,"PB_TTM_SQ":0.148487278761,"ROA_SQ":0.907112007894,"START_DATE":"2020-04-01 00:00:00","FISCAL_YEAR":"3-31","CURRENCY":"HKD","IS_CNY_CODE":0,"DPS_HKD_LY":0.05,"ORG_TYPE":"一般企业","PREMIUM_INCOME":null,"PREMIUM_INCOME_YOY":null,"NET_INTEREST_INCOME":null,"NET_INTEREST_INCOME_YOY":null,"FEE_COMMISSION_INCOME":null,"FEE_COMMISSION_INCOME_YOY":null,"ACCOUNTS_RECE_TDAYS":6.328540693551,"INVENTORY_TDAYS":8.411422728047,"CURRENT_ASSETS_TDAYS":1.906488964209,"TOTAL_ASSETS_TDAYS":1.126730954769,"PREMIUM_EXPENSE":null,"LOAN_DEPOSIT":null,"LOAN_EQUITY":null,"LOAN_ASSETS":null,"DEPOSIT_EQUITY":null,"DEPOSIT_ASSETS":null,"EQUITY_MULTIPLIER":2.886316987479,"EQUITY_RATIO":1.886316987478},{"SECUCODE":"00403.HK","SECURITY_CODE":"00403","SECURITY_NAME_ABBR":"星光集团","ORG_CODE":"10008885","STD_REPORT_DATE":"2020-06-30 00:00:00","REPORT_DATE":"2020-09-30 00:00:00","DATE_TYPE_CODE":"002","REPORT_TYPE":"2020年中报","PER_NETCASH_OPERATE":-0.037212989732,"PER_OI":0.936798822935,"BPS":0.632174710044,"BASIC_EPS":-0.116957632,"DILUTED_EPS":-0.116957632,"OPERATE_INCOME":491946119.68,"OPERATE_INCOME_YOY":-19.4942832204,"GROSS_PROFIT":94249749.76,"GROSS_PROFIT_YOY":-26.482240295677,"HOLDER_PROFIT":-61432193.92,"HOLDER_PROFIT_YOY":-529.5870714022,"GROSS_PROFIT_RATIO":19.158551310722,"EPS_TTM":0.014787687054,"OPERATE_INCOME_QOQ":0,"NET_PROFIT_RATIO":-12.4875858275,"ROE_AVG":-17.288441564865,"GROSS_PROFIT_QOQ":0,"ROA":-7.211747005507,"HOLDER_PROFIT_QOQ":0,"ROE_YEARLY":-34.57688312973,"ROIC_YEARLY":-20.311392346221,"TOTAL_ASSETS":950107212.8,"TOTAL_LIABILITIES":633619509.12,"TAX_EBT":-5.577033435018,"OCF_SALES":-3.972356585049,"TOTAL_PARENT_EQUITY":316487703.68,"DEBT_ASSET_RATIO":66.6892641782,"OPERATE_PROFIT":-57177431.68,"PRETAX_PROFIT":-58187080.96,"NETCASH_OPERATE":-19541854.08,"NETCASH_INVEST":31719155.84,"NETCASH_FINANCE":69187776.64,"END_CASH":289471457.28,"DIVI_RATIO":1.529390628655,"DIVIDEND_RATE":13.440860215054,"CURRENT_RATIO":1.028236634388,"COMMON_ACS":1000000000,"CURRENTDEBT_DEBT":98.847686288868,"ISSUED_COMMON_SHARES":500633288,"HK_COMMON_SHARES":500633288,"PER_SHARES":2000,"TOTAL_MARKET_CAP":93117791.568,"HKSK_MARKET_CAP":93117791.568,"PE_TTM":5.228986498652,"PB_TTM":0.144434952425,"REPORT_DATE_SQ":"2019-06-30 00:00:00","REPORT_TYPE_SQ":"2019年中报","OPERATE_INCOME_SQ":627265872.09,"DPS_HKD":0.025,"OPERATE_INCOME_QOQ_SQ":0,"NET_PROFIT_RATIO_SQ":2.3402055481,"HOLDER_PROFIT_SQ":14679310.74,"HOLDER_PROFIT_QOQ_SQ":0,"ROE_AVG_SQ":3.487537315192,"PE_TTM_SQ":20.887947289129,"PB_TTM_SQ":0.148487278761,"ROA_SQ":1.61216903306,"START_DATE":"2020-04-01 00:00:00","FISCAL_YEAR":"3-31","CURRENCY":"HKD","IS_CNY_CODE":0,"DPS_HKD_LY":0.05,"ORG_TYPE":"一般企业","PREMIUM_INCOME":null,"PREMIUM_INCOME_YOY":null,"NET_INTEREST_INCOME":null,"NET_INTEREST_INCOME_YOY":null,"FEE_COMMISSION_INCOME":null,"FEE_COMMISSION_INCOME_YOY":null,"ACCOUNTS_RECE_TDAYS":2.50490606222,"INVENTORY_TDAYS":4.634492504301,"CURRENT_ASSETS_TDAYS":0.896100954693,"TOTAL_ASSETS_TDAYS":0.577513308428,"PREMIUM_EXPENSE":null,"LOAN_DEPOSIT":null,"LOAN_EQUITY":null,"LOAN_ASSETS":null,"DEPOSIT_EQUITY":null,"DEPOSIT_ASSETS":null,"EQUITY_MULTIPLIER":3.002035155722,"EQUITY_RATIO":2.002035155719}],"count":48},"success":true,"message":"ok","code":0}