{"version":"70168cbe50889ca18ccddf25618bf7f8","result":{"pages":6,"data":[{"SECUCODE":"00408.HK","SECURITY_CODE":"00408","SECURITY_NAME_ABBR":"叶氏化工集团","ORG_CODE":"10008888","STD_REPORT_DATE":"2024-06-30 00:00:00","REPORT_DATE":"2024-06-30 00:00:00","DATE_TYPE_CODE":"002","REPORT_TYPE":"2024年中报","PER_NETCASH_OPERATE":-0.146217513533,"PER_OI":2.500291385812,"BPS":6.198324459336,"BASIC_EPS":0.0547608,"DILUTED_EPS":0.0547608,"OPERATE_INCOME":1421375888.2,"OPERATE_INCOME_YOY":-0.6068771324,"GROSS_PROFIT":327874813.92,"GROSS_PROFIT_YOY":-5.173480342744,"HOLDER_PROFIT":31083142.76,"HOLDER_PROFIT_YOY":109.4526445264,"GROSS_PROFIT_RATIO":23.067424784813,"EPS_TTM":0.166392065645,"OPERATE_INCOME_QOQ":-0.797500336248,"NET_PROFIT_RATIO":2.1543440362,"ROE_AVG":0.882414972631,"GROSS_PROFIT_QOQ":-2.523310709895,"ROA":0.54632168477,"HOLDER_PROFIT_QOQ":20.499173845259,"ROE_YEARLY":1.764829945263,"ROIC_YEARLY":1.226416257893,"TOTAL_ASSETS":5520544856.92,"TOTAL_LIABILITIES":2037674923.04,"TAX_EBT":14.708798332359,"OCF_SALES":-5.84801892941,"TOTAL_PARENT_EQUITY":3461516872.6,"DEBT_ASSET_RATIO":36.9107574678,"OPERATE_PROFIT":19974001.8,"PRETAX_PROFIT":35902093.16,"NETCASH_OPERATE":-83122331,"NETCASH_INVEST":157062188.52,"NETCASH_FINANCE":-231128908.56,"END_CASH":393526624.36,"DIVI_RATIO":0.709182854016,"DIVIDEND_RATE":8.904109589041,"CURRENT_RATIO":1.290854686929,"COMMON_ACS":800000000,"CURRENTDEBT_DEBT":80.547722235858,"ISSUED_COMMON_SHARES":558460096,"HK_COMMON_SHARES":558460096,"PER_SHARES":2000,"TOTAL_MARKET_CAP":815351740.16,"HKSK_MARKET_CAP":815351740.16,"PE_TTM":7.80838670906,"PB_TTM":0.214979517246,"REPORT_DATE_SQ":"2023-06-30 00:00:00","REPORT_TYPE_SQ":"2023年中报","OPERATE_INCOME_SQ":1444626490.52,"DPS_HKD":0.13,"OPERATE_INCOME_QOQ_SQ":-2.326865266079,"NET_PROFIT_RATIO_SQ":0.567690829,"HOLDER_PROFIT_SQ":14991394.8,"HOLDER_PROFIT_QOQ_SQ":-7.136712599188,"ROE_AVG_SQ":0.395049394537,"PE_TTM_SQ":0.782704166811,"PB_TTM_SQ":0.230370500875,"ROA_SQ":0.223408359704,"START_DATE":"2024-01-01 00:00:00","FISCAL_YEAR":"12-31","CURRENCY":"HKD","IS_CNY_CODE":0,"DPS_HKD_LY":0.13,"ORG_TYPE":"一般企业","PREMIUM_INCOME":null,"PREMIUM_INCOME_YOY":null,"NET_INTEREST_INCOME":null,"NET_INTEREST_INCOME_YOY":null,"FEE_COMMISSION_INCOME":null,"FEE_COMMISSION_INCOME_YOY":null,"ACCOUNTS_RECE_TDAYS":1.193237758771,"INVENTORY_TDAYS":3.167767649994,"CURRENT_ASSETS_TDAYS":0.62608997341,"TOTAL_ASSETS_TDAYS":0.249823023344,"PREMIUM_EXPENSE":null,"LOAN_DEPOSIT":null,"LOAN_EQUITY":null,"LOAN_ASSETS":null,"DEPOSIT_EQUITY":null,"DEPOSIT_ASSETS":null,"EQUITY_MULTIPLIER":1.585056278794,"EQUITY_RATIO":0.588665315824},{"SECUCODE":"00408.HK","SECURITY_CODE":"00408","SECURITY_NAME_ABBR":"叶氏化工集团","ORG_CODE":"10008888","STD_REPORT_DATE":"2023-12-31 00:00:00","REPORT_DATE":"2023-12-31 00:00:00","DATE_TYPE_CODE":"001","REPORT_TYPE":"2023年年报","PER_NETCASH_OPERATE":0.37707458342,"PER_OI":5.128436870748,"BPS":6.371334346474,"BASIC_EPS":0.13774544,"DILUTED_EPS":0.13774544,"OPERATE_INCOME":2915434798.36,"OPERATE_INCOME_YOY":-4.2093381319,"GROSS_PROFIT":708908719.4,"GROSS_PROFIT_YOY":10.572948464182,"HOLDER_PROFIT":78499495.06,"HOLDER_PROFIT_YOY":-92.8867753787,"GROSS_PROFIT_RATIO":24.315711666705,"EPS_TTM":0.138085648503,"OPERATE_INCOME_QOQ":-0.505530251386,"NET_PROFIT_RATIO":1.8835374796,"ROE_AVG":2.078959317937,"GROSS_PROFIT_QOQ":6.200457660388,"ROA":1.200594898979,"HOLDER_PROFIT_QOQ":-92.229420778706,"ROE_YEARLY":2.078959317937,"ROIC_YEARLY":1.391861587357,"TOTAL_ASSETS":5817050647.94,"TOTAL_LIABILITIES":2269106913.5,"TAX_EBT":27.745781911405,"OCF_SALES":7.352622113195,"TOTAL_PARENT_EQUITY":3558135990.78,"DEBT_ASSET_RATIO":39.0078589793,"OPERATE_PROFIT":47770481.08,"PRETAX_PROFIT":76000140.3,"NETCASH_OPERATE":214360903.68,"NETCASH_INVEST":593920276.04,"NETCASH_FINANCE":-1217196642.76,"END_CASH":558315798.46,"DIVI_RATIO":0.854559480141,"DIVIDEND_RATE":8.843537414966,"CURRENT_RATIO":1.348867331025,"COMMON_ACS":800000000,"CURRENTDEBT_DEBT":78.565132741596,"ISSUED_COMMON_SHARES":558460096,"HK_COMMON_SHARES":558460096,"PER_SHARES":2000,"TOTAL_MARKET_CAP":820936341.12,"HKSK_MARKET_CAP":820936341.12,"PE_TTM":7.861868809807,"PB_TTM":0.216451979693,"REPORT_DATE_SQ":"2022-12-31 00:00:00","REPORT_TYPE_SQ":"2022年年报","OPERATE_INCOME_SQ":3000055334.43,"DPS_HKD":0.13,"OPERATE_INCOME_QOQ_SQ":-78.758001301329,"NET_PROFIT_RATIO_SQ":38.5858724809,"HOLDER_PROFIT_SQ":1087800980.98,"HOLDER_PROFIT_QOQ_SQ":520.448997104355,"ROE_AVG_SQ":29.670804226365,"PE_TTM_SQ":0.762505349603,"PB_TTM_SQ":0.224425455691,"ROA_SQ":13.214964401154,"START_DATE":"2023-01-01 00:00:00","FISCAL_YEAR":"12-31","CURRENCY":"HKD","IS_CNY_CODE":0,"DPS_HKD_LY":0.77,"ORG_TYPE":"一般企业","PREMIUM_INCOME":null,"PREMIUM_INCOME_YOY":null,"NET_INTEREST_INCOME":null,"NET_INTEREST_INCOME_YOY":null,"FEE_COMMISSION_INCOME":null,"FEE_COMMISSION_INCOME_YOY":null,"ACCOUNTS_RECE_TDAYS":2.583181376198,"INVENTORY_TDAYS":6.011255358886,"CURRENT_ASSETS_TDAYS":0.843715988584,"TOTAL_ASSETS_TDAYS":0.445895370988,"PREMIUM_EXPENSE":null,"LOAN_DEPOSIT":null,"LOAN_EQUITY":null,"LOAN_ASSETS":null,"DEPOSIT_EQUITY":null,"DEPOSIT_ASSETS":null,"EQUITY_MULTIPLIER":1.639555495618,"EQUITY_RATIO":0.63772349325},{"SECUCODE":"00408.HK","SECURITY_CODE":"00408","SECURITY_NAME_ABBR":"叶氏化工集团","ORG_CODE":"10008888","STD_REPORT_DATE":"2023-06-30 00:00:00","REPORT_DATE":"2023-06-30 00:00:00","DATE_TYPE_CODE":"002","REPORT_TYPE":"2023年中报","PER_NETCASH_OPERATE":0.083947127309,"PER_OI":2.541190687101,"BPS":6.314696825644,"BASIC_EPS":0.02673742,"DILUTED_EPS":0.02673742,"OPERATE_INCOME":1444626490.52,"OPERATE_INCOME_YOY":-11.5197354527,"GROSS_PROFIT":345762783.56,"GROSS_PROFIT_YOY":8.265225010404,"HOLDER_PROFIT":14991394.8,"HOLDER_PROFIT_YOY":-84.9879515848,"GROSS_PROFIT_RATIO":23.934406978481,"EPS_TTM":1.777031603062,"OPERATE_INCOME_QOQ":-2.326865266079,"NET_PROFIT_RATIO":0.567690829,"ROE_AVG":0.395049394537,"GROSS_PROFIT_QOQ":4.117205236325,"ROA":0.223408359704,"HOLDER_PROFIT_QOQ":-7.136712599188,"ROE_YEARLY":0.790098789074,"ROIC_YEARLY":0.532917792924,"TOTAL_ASSETS":6034652289.64,"TOTAL_LIABILITIES":2533795577.78,"TAX_EBT":11.685861795076,"OCF_SALES":3.303456436191,"TOTAL_PARENT_EQUITY":3526506195.46,"DEBT_ASSET_RATIO":41.9874328489,"OPERATE_PROFIT":5836133.4,"PRETAX_PROFIT":9286182.56,"NETCASH_OPERATE":47722606.78,"NETCASH_INVEST":893694575.58,"NETCASH_FINANCE":-901441051.54,"END_CASH":1024954102.24,"DIVI_RATIO":0.066404221397,"DIVIDEND_RATE":8.843537414966,"CURRENT_RATIO":1.117854603497,"COMMON_ACS":800000000,"CURRENTDEBT_DEBT":97.592906803735,"ISSUED_COMMON_SHARES":558460096,"HK_COMMON_SHARES":558460096,"PER_SHARES":2000,"TOTAL_MARKET_CAP":820936341.12,"HKSK_MARKET_CAP":820936341.12,"PE_TTM":7.861868809807,"PB_TTM":0.216451979693,"REPORT_DATE_SQ":"2022-06-30 00:00:00","REPORT_TYPE_SQ":"2022年中报","OPERATE_INCOME_SQ":1514433736.06,"DPS_HKD":0.13,"OPERATE_INCOME_QOQ_SQ":-2.984451585494,"NET_PROFIT_RATIO_SQ":2.1300966639,"HOLDER_PROFIT_SQ":92628194.47,"HOLDER_PROFIT_QOQ_SQ":-47.216643516989,"ROE_AVG_SQ":2.93769991727,"PE_TTM_SQ":0.762505349603,"PB_TTM_SQ":0.224425455691,"ROA_SQ":1.08728639676,"START_DATE":"2023-01-01 00:00:00","FISCAL_YEAR":"12-31","CURRENCY":"HKD","IS_CNY_CODE":0,"DPS_HKD_LY":0.77,"ORG_TYPE":"一般企业","PREMIUM_INCOME":null,"PREMIUM_INCOME_YOY":null,"NET_INTEREST_INCOME":null,"NET_INTEREST_INCOME_YOY":null,"FEE_COMMISSION_INCOME":null,"FEE_COMMISSION_INCOME_YOY":null,"ACCOUNTS_RECE_TDAYS":1.250057541577,"INVENTORY_TDAYS":3.0494080804,"CURRENT_ASSETS_TDAYS":0.393155483291,"TOTAL_ASSETS_TDAYS":0.215284594221,"PREMIUM_EXPENSE":null,"LOAN_DEPOSIT":null,"LOAN_EQUITY":null,"LOAN_ASSETS":null,"DEPOSIT_EQUITY":null,"DEPOSIT_ASSETS":null,"EQUITY_MULTIPLIER":1.723764434343,"EQUITY_RATIO":0.718500248501},{"SECUCODE":"00408.HK","SECURITY_CODE":"00408","SECURITY_NAME_ABBR":"叶氏化工集团","ORG_CODE":"10008888","STD_REPORT_DATE":"2022-12-31 00:00:00","REPORT_DATE":"2022-12-31 00:00:00","DATE_TYPE_CODE":"001","REPORT_TYPE":"2022年年报","PER_NETCASH_OPERATE":0.650356464572,"PER_OI":5.277289823126,"BPS":7.048415094711,"BASIC_EPS":1.91338434,"DILUTED_EPS":1.91338434,"OPERATE_INCOME":3000055334.43,"OPERATE_INCOME_YOY":-15.9145101849,"GROSS_PROFIT":641123104.02,"GROSS_PROFIT_YOY":-5.844375117215,"HOLDER_PROFIT":1087800980.98,"HOLDER_PROFIT_YOY":199.7514029733,"GROSS_PROFIT_RATIO":21.370375961476,"EPS_TTM":1.913599715022,"OPERATE_INCOME_QOQ":-78.758001301329,"NET_PROFIT_RATIO":38.5858724809,"ROE_AVG":29.670804226365,"GROSS_PROFIT_QOQ":-61.66012341325,"ROA":13.214964401154,"HOLDER_PROFIT_QOQ":520.448997104355,"ROE_YEARLY":29.670804226365,"ROIC_YEARLY":15.605512410869,"TOTAL_ASSETS":7156433498.27,"TOTAL_LIABILITIES":3173420282.76,"TAX_EBT":-20.268226120858,"OCF_SALES":12.32368292001,"TOTAL_PARENT_EQUITY":3936600692.85,"DEBT_ASSET_RATIO":44.3464512358,"OPERATE_PROFIT":-12937229.41,"PRETAX_PROFIT":-57280938.75,"NETCASH_OPERATE":369717306.84,"NETCASH_INVEST":69252543.29,"NETCASH_FINANCE":-131651025.87,"END_CASH":961163879.62,"DIVI_RATIO":0.061665142963,"DIVIDEND_RATE":8.843537414966,"CURRENT_RATIO":1.581349732584,"COMMON_ACS":800000000,"CURRENTDEBT_DEBT":88.51389465933,"ISSUED_COMMON_SHARES":558460096,"HK_COMMON_SHARES":558460096,"PER_SHARES":2000,"TOTAL_MARKET_CAP":820936341.12,"HKSK_MARKET_CAP":820936341.12,"PE_TTM":7.861868809807,"PB_TTM":0.216451979693,"REPORT_DATE_SQ":"2021-12-31 00:00:00","REPORT_TYPE_SQ":"2021年年报","OPERATE_INCOME_SQ":3265625216,"DPS_HKD":0.13,"OPERATE_INCOME_QOQ_SQ":21.070459712995,"NET_PROFIT_RATIO_SQ":3.2268362227,"HOLDER_PROFIT_SQ":332174528,"HOLDER_PROFIT_QOQ_SQ":-26.252885814098,"ROE_AVG_SQ":11.272565489463,"PE_TTM_SQ":0.762505349603,"PB_TTM_SQ":0.224425455691,"ROA_SQ":4.30850270729,"START_DATE":"2022-01-01 00:00:00","FISCAL_YEAR":"12-31","CURRENCY":"HKD","IS_CNY_CODE":0,"DPS_HKD_LY":0.28,"ORG_TYPE":"一般企业","PREMIUM_INCOME":null,"PREMIUM_INCOME_YOY":null,"NET_INTEREST_INCOME":null,"NET_INTEREST_INCOME_YOY":null,"FEE_COMMISSION_INCOME":null,"FEE_COMMISSION_INCOME_YOY":null,"ACCOUNTS_RECE_TDAYS":1.150202873188,"INVENTORY_TDAYS":3.082042041061,"CURRENT_ASSETS_TDAYS":0.54313312014,"TOTAL_ASSETS_TDAYS":0.364439838696,"PREMIUM_EXPENSE":null,"LOAN_DEPOSIT":null,"LOAN_EQUITY":null,"LOAN_ASSETS":null,"DEPOSIT_EQUITY":null,"DEPOSIT_ASSETS":null,"EQUITY_MULTIPLIER":1.796830610456,"EQUITY_RATIO":0.806132125243},{"SECUCODE":"00408.HK","SECURITY_CODE":"00408","SECURITY_NAME_ABBR":"叶氏化工集团","ORG_CODE":"10008888","STD_REPORT_DATE":"2022-06-30 00:00:00","REPORT_DATE":"2022-06-30 00:00:00","DATE_TYPE_CODE":"002","REPORT_TYPE":"2022年中报","PER_NETCASH_OPERATE":-0.04714131709,"PER_OI":2.663986110985,"BPS":5.470299395572,"BASIC_EPS":0.16334129,"DILUTED_EPS":0.16334129,"OPERATE_INCOME":1514433736.06,"OPERATE_INCOME_YOY":-8.7123018859,"GROSS_PROFIT":319366429.55,"GROSS_PROFIT_YOY":-65.086758370467,"HOLDER_PROFIT":92628194.47,"HOLDER_PROFIT_YOY":-63.8714712631,"GROSS_PROFIT_RATIO":12.422164336516,"EPS_TTM":0.308421759718,"OPERATE_INCOME_QOQ":-2.984451585494,"NET_PROFIT_RATIO":2.1300966639,"ROE_AVG":2.93769991727,"GROSS_PROFIT_QOQ":-5.374090703661,"ROA":1.08728639676,"HOLDER_PROFIT_QOQ":-47.216643516989,"ROE_YEARLY":5.87539983454,"ROIC_YEARLY":2.596362439225,"TOTAL_ASSETS":8128676731.28,"TOTAL_LIABILITIES":4332605482.31,"TAX_EBT":-19.869079707355,"OCF_SALES":-0.40609122584,"TOTAL_PARENT_EQUITY":3054943925.6,"DEBT_ASSET_RATIO":53.300255694,"OPERATE_PROFIT":-33859537.67,"PRETAX_PROFIT":-48860425.46,"NETCASH_OPERATE":-26799089.03,"NETCASH_INVEST":-104620523.84,"NETCASH_FINANCE":89627332.76,"END_CASH":587399224.16,"DIVI_RATIO":0.382600761074,"DIVIDEND_RATE":8.843537414966,"CURRENT_RATIO":1.525885301665,"COMMON_ACS":800000000,"CURRENTDEBT_DEBT":85.201556417776,"ISSUED_COMMON_SHARES":558460096,"HK_COMMON_SHARES":558460096,"PER_SHARES":2000,"TOTAL_MARKET_CAP":820936341.12,"HKSK_MARKET_CAP":820936341.12,"PE_TTM":7.861868809807,"PB_TTM":0.216451979693,"REPORT_DATE_SQ":"2021-06-30 00:00:00","REPORT_TYPE_SQ":"2021年中报","OPERATE_INCOME_SQ":7033745312.64,"DPS_HKD":0.13,"OPERATE_INCOME_QOQ_SQ":32.577356269657,"NET_PROFIT_RATIO_SQ":4.5753399183,"HOLDER_PROFIT_SQ":249477553.92,"HOLDER_PROFIT_QOQ_SQ":76.873140227872,"ROE_AVG_SQ":8.499938977138,"PE_TTM_SQ":0.762505349603,"PB_TTM_SQ":0.224425455691,"ROA_SQ":3.215933104507,"START_DATE":"2022-01-01 00:00:00","FISCAL_YEAR":"12-31","CURRENCY":"HKD","IS_CNY_CODE":0,"DPS_HKD_LY":0.28,"ORG_TYPE":"一般企业","PREMIUM_INCOME":null,"PREMIUM_INCOME_YOY":null,"NET_INTEREST_INCOME":null,"NET_INTEREST_INCOME_YOY":null,"FEE_COMMISSION_INCOME":null,"FEE_COMMISSION_INCOME_YOY":null,"ACCOUNTS_RECE_TDAYS":0.434468006858,"INVENTORY_TDAYS":4.45027271955,"CURRENT_ASSETS_TDAYS":1.103883262793,"TOTAL_ASSETS_TDAYS":0.774570755899,"PREMIUM_EXPENSE":null,"LOAN_DEPOSIT":null,"LOAN_EQUITY":null,"LOAN_ASSETS":null,"DEPOSIT_EQUITY":null,"DEPOSIT_ASSETS":null,"EQUITY_MULTIPLIER":2.141339347487,"EQUITY_RATIO":1.418227498712},{"SECUCODE":"00408.HK","SECURITY_CODE":"00408","SECURITY_NAME_ABBR":"叶氏化工集团","ORG_CODE":"10008888","STD_REPORT_DATE":"2021-12-31 00:00:00","REPORT_DATE":"2021-12-31 00:00:00","DATE_TYPE_CODE":"001","REPORT_TYPE":"2021年年报","PER_NETCASH_OPERATE":0.383099102917,"PER_OI":5.744444284331,"BPS":5.566772249382,"BASIC_EPS":0.5952128,"DILUTED_EPS":0.5952128,"OPERATE_INCOME":3265625216,"OPERATE_INCOME_YOY":65.2315705252,"GROSS_PROFIT":680918537.6,"GROSS_PROFIT_YOY":-53.042039821242,"HOLDER_PROFIT":332174528,"HOLDER_PROFIT_YOY":34.2741469057,"GROSS_PROFIT_RATIO":12.139145226585,"EPS_TTM":0.584316307769,"OPERATE_INCOME_QOQ":21.070459712995,"NET_PROFIT_RATIO":3.2268362227,"ROE_AVG":11.272565489463,"GROSS_PROFIT_QOQ":-0.175527365996,"ROA":4.30850270729,"HOLDER_PROFIT_QOQ":-26.252885814098,"ROE_YEARLY":11.272565489463,"ROIC_YEARLY":5.145901011448,"TOTAL_ASSETS":8519464766.4,"TOTAL_LIABILITIES":4654261584,"TAX_EBT":-27.089136490251,"OCF_SALES":1.496018313998,"TOTAL_PARENT_EQUITY":3108820164.8,"DEBT_ASSET_RATIO":54.6309153406,"OPERATE_PROFIT":-34762716.8,"PRETAX_PROFIT":-61051827.2,"NETCASH_OPERATE":217785747.2,"NETCASH_INVEST":-258819456,"NETCASH_FINANCE":188856606.4,"END_CASH":619999979.2,"DIVI_RATIO":0.201949523625,"DIVIDEND_RATE":8.843537414966,"CURRENT_RATIO":1.588953503739,"COMMON_ACS":800000000,"CURRENTDEBT_DEBT":81.750644258589,"ISSUED_COMMON_SHARES":558460096,"HK_COMMON_SHARES":558460096,"PER_SHARES":2000,"TOTAL_MARKET_CAP":820936341.12,"HKSK_MARKET_CAP":820936341.12,"PE_TTM":7.861868809807,"PB_TTM":0.216451979693,"REPORT_DATE_SQ":"2020-12-31 00:00:00","REPORT_TYPE_SQ":"2020年年报","OPERATE_INCOME_SQ":9069534522.64,"DPS_HKD":0.13,"OPERATE_INCOME_QOQ_SQ":-0.441806075135,"NET_PROFIT_RATIO_SQ":3.7451283061,"HOLDER_PROFIT_SQ":254659223,"HOLDER_PROFIT_QOQ_SQ":15.53034870369,"ROE_AVG_SQ":9.533820367164,"PE_TTM_SQ":0.762505349603,"PB_TTM_SQ":0.224425455691,"ROA_SQ":3.737334348978,"START_DATE":"2021-01-01 00:00:00","FISCAL_YEAR":"12-31","CURRENCY":"HKD","IS_CNY_CODE":0,"DPS_HKD_LY":0.28,"ORG_TYPE":"一般企业","PREMIUM_INCOME":null,"PREMIUM_INCOME_YOY":null,"NET_INTEREST_INCOME":null,"NET_INTEREST_INCOME_YOY":null,"FEE_COMMISSION_INCOME":null,"FEE_COMMISSION_INCOME_YOY":null,"ACCOUNTS_RECE_TDAYS":0.990555749203,"INVENTORY_TDAYS":12.686219891059,"CURRENT_ASSETS_TDAYS":2.719187636944,"TOTAL_ASSETS_TDAYS":1.888219975851,"PREMIUM_EXPENSE":null,"LOAN_DEPOSIT":null,"LOAN_EQUITY":null,"LOAN_ASSETS":null,"DEPOSIT_EQUITY":null,"DEPOSIT_ASSETS":null,"EQUITY_MULTIPLIER":2.204144093951,"EQUITY_RATIO":1.497115091023},{"SECUCODE":"00408.HK","SECURITY_CODE":"00408","SECURITY_NAME_ABBR":"叶氏化工集团","ORG_CODE":"10008888","STD_REPORT_DATE":"2021-06-30 00:00:00","REPORT_DATE":"2021-06-30 00:00:00","DATE_TYPE_CODE":"002","REPORT_TYPE":"2021年中报","PER_NETCASH_OPERATE":-0.592194643756,"PER_OI":12.699061132107,"BPS":5.436558519519,"BASIC_EPS":0.44849112,"DILUTED_EPS":0.44849112,"OPERATE_INCOME":7033745312.64,"OPERATE_INCOME_YOY":89.2927392917,"GROSS_PROFIT":914742987.6,"GROSS_PROFIT_YOY":53.863456653105,"HOLDER_PROFIT":249477553.92,"HOLDER_PROFIT_YOY":409.8787476829,"GROSS_PROFIT_RATIO":13.005062693359,"EPS_TTM":0.813216667332,"OPERATE_INCOME_QOQ":32.577356269657,"NET_PROFIT_RATIO":4.5753399183,"ROE_AVG":8.499938977138,"GROSS_PROFIT_QOQ":22.083702601833,"ROA":3.215933104507,"HOLDER_PROFIT_QOQ":76.873140227872,"ROE_YEARLY":16.999877954276,"ROIC_YEARLY":7.489779037354,"TOTAL_ASSETS":8492870815.68,"TOTAL_LIABILITIES":4721603844.72,"TAX_EBT":18.92372902674,"OCF_SALES":-4.663294692382,"TOTAL_PARENT_EQUITY":3036100992.72,"DEBT_ASSET_RATIO":55.5949095093,"OPERATE_PROFIT":415166316,"PRETAX_PROFIT":396932114.88,"NETCASH_OPERATE":-328004271.84,"NETCASH_INVEST":-272335623.6,"NETCASH_FINANCE":454927258.8,"END_CASH":328172352,"DIVI_RATIO":0.145105732261,"DIVIDEND_RATE":8.843537414966,"CURRENT_RATIO":1.553543519333,"COMMON_ACS":800000000,"CURRENTDEBT_DEBT":85.84111718844,"ISSUED_COMMON_SHARES":558460096,"HK_COMMON_SHARES":558460096,"PER_SHARES":2000,"TOTAL_MARKET_CAP":820936341.12,"HKSK_MARKET_CAP":820936341.12,"PE_TTM":7.861868809807,"PB_TTM":0.216451979693,"REPORT_DATE_SQ":"2020-06-30 00:00:00","REPORT_TYPE_SQ":"2020年中报","OPERATE_INCOME_SQ":4079130739.2,"DPS_HKD":0.13,"OPERATE_INCOME_QOQ_SQ":-2.820584342233,"NET_PROFIT_RATIO_SQ":2.0022034718,"HOLDER_PROFIT_SQ":53713012.32,"HOLDER_PROFIT_QOQ_SQ":-9.833068905758,"ROE_AVG_SQ":2.029268636096,"PE_TTM_SQ":0.762505349603,"PB_TTM_SQ":0.224425455691,"ROA_SQ":0.790570055958,"START_DATE":"2021-01-01 00:00:00","FISCAL_YEAR":"12-31","CURRENCY":"HKD","IS_CNY_CODE":0,"DPS_HKD_LY":0.28,"ORG_TYPE":"一般企业","PREMIUM_INCOME":null,"PREMIUM_INCOME_YOY":null,"NET_INTEREST_INCOME":null,"NET_INTEREST_INCOME_YOY":null,"FEE_COMMISSION_INCOME":null,"FEE_COMMISSION_INCOME_YOY":null,"ACCOUNTS_RECE_TDAYS":2.170152675842,"INVENTORY_TDAYS":5.351617031325,"CURRENT_ASSETS_TDAYS":1.274138858274,"TOTAL_ASSETS_TDAYS":0.906696977109,"PREMIUM_EXPENSE":null,"LOAN_DEPOSIT":null,"LOAN_EQUITY":null,"LOAN_ASSETS":null,"DEPOSIT_EQUITY":null,"DEPOSIT_ASSETS":null,"EQUITY_MULTIPLIER":2.251994059576,"EQUITY_RATIO":1.555153750169},{"SECUCODE":"00408.HK","SECURITY_CODE":"00408","SECURITY_NAME_ABBR":"叶氏化工集团","ORG_CODE":"10008888","STD_REPORT_DATE":"2020-12-31 00:00:00","REPORT_DATE":"2020-12-31 00:00:00","DATE_TYPE_CODE":"001","REPORT_TYPE":"2020年年报","PER_NETCASH_OPERATE":0.335954963896,"PER_OI":16.29279669563,"BPS":5.132975293834,"BASIC_EPS":0.45280232,"DILUTED_EPS":0.45280232,"OPERATE_INCOME":9069534522.64,"OPERATE_INCOME_YOY":2.9736926548,"GROSS_PROFIT":1450059872.72,"GROSS_PROFIT_YOY":9.650555341048,"HOLDER_PROFIT":254659223,"HOLDER_PROFIT_YOY":10.87110261,"GROSS_PROFIT_RATIO":15.988250213947,"EPS_TTM":0.457477827186,"OPERATE_INCOME_QOQ":-0.441806075135,"NET_PROFIT_RATIO":3.7451283061,"ROE_AVG":9.533820367164,"GROSS_PROFIT_QOQ":10.228583393153,"ROA":3.737334348978,"HOLDER_PROFIT_QOQ":15.53034870369,"ROE_YEARLY":9.533820367164,"ROIC_YEARLY":4.592755793881,"TOTAL_ASSETS":7102905475.32,"TOTAL_LIABILITIES":3545967348.96,"TAX_EBT":24.552682595796,"OCF_SALES":2.06198463144,"TOTAL_PARENT_EQUITY":2866561875.36,"DEBT_ASSET_RATIO":49.9227726074,"OPERATE_PROFIT":491726486.72,"PRETAX_PROFIT":450202494.04,"NETCASH_OPERATE":187012408,"NETCASH_INVEST":-155200099.28,"NETCASH_FINANCE":-438042479.32,"END_CASH":475780775.28,"DIVI_RATIO":0.257941244335,"DIVIDEND_RATE":8.843537414966,"CURRENT_RATIO":1.783240301742,"COMMON_ACS":800000000,"CURRENTDEBT_DEBT":75.888358487825,"ISSUED_COMMON_SHARES":558460096,"HK_COMMON_SHARES":558460096,"PER_SHARES":2000,"TOTAL_MARKET_CAP":820936341.12,"HKSK_MARKET_CAP":820936341.12,"PE_TTM":7.861868809807,"PB_TTM":0.216451979693,"REPORT_DATE_SQ":"2019-12-31 00:00:00","REPORT_TYPE_SQ":"2019年年报","OPERATE_INCOME_SQ":9374189000.52,"DPS_HKD":0.13,"OPERATE_INCOME_QOQ_SQ":-6.384358554373,"NET_PROFIT_RATIO_SQ":3.2210162149,"HOLDER_PROFIT_SQ":244464632.46,"HOLDER_PROFIT_QOQ_SQ":47.171548308039,"ROE_AVG_SQ":9.446082304107,"PE_TTM_SQ":0.762505349603,"PB_TTM_SQ":0.224425455691,"ROA_SQ":3.395766002759,"START_DATE":"2020-01-01 00:00:00","FISCAL_YEAR":"12-31","CURRENCY":"HKD","IS_CNY_CODE":0,"DPS_HKD_LY":0.19,"ORG_TYPE":"一般企业","PREMIUM_INCOME":null,"PREMIUM_INCOME_YOY":null,"NET_INTEREST_INCOME":null,"NET_INTEREST_INCOME_YOY":null,"FEE_COMMISSION_INCOME":null,"FEE_COMMISSION_INCOME_YOY":null,"ACCOUNTS_RECE_TDAYS":3.437611771559,"INVENTORY_TDAYS":8.554826467898,"CURRENT_ASSETS_TDAYS":1.976151633695,"TOTAL_ASSETS_TDAYS":1.331029070983,"PREMIUM_EXPENSE":null,"LOAN_DEPOSIT":null,"LOAN_EQUITY":null,"LOAN_ASSETS":null,"DEPOSIT_EQUITY":null,"DEPOSIT_ASSETS":null,"EQUITY_MULTIPLIER":1.996915668194,"EQUITY_RATIO":1.237010573342},{"SECUCODE":"00408.HK","SECURITY_CODE":"00408","SECURITY_NAME_ABBR":"叶氏化工集团","ORG_CODE":"10008888","STD_REPORT_DATE":"2020-06-30 00:00:00","REPORT_DATE":"2020-06-30 00:00:00","DATE_TYPE_CODE":"002","REPORT_TYPE":"2020年中报","PER_NETCASH_OPERATE":0.407722987939,"PER_OI":7.232127394265,"BPS":4.668131324319,"BASIC_EPS":0.09499776,"DILUTED_EPS":0.09499776,"OPERATE_INCOME":4079130739.2,"OPERATE_INCOME_YOY":-9.5603540563,"GROSS_PROFIT":594516077.76,"GROSS_PROFIT_YOY":-1.153000971628,"HOLDER_PROFIT":53713012.32,"HOLDER_PROFIT_YOY":-33.471738245,"GROSS_PROFIT_RATIO":14.574577667903,"EPS_TTM":0.39080649075,"OPERATE_INCOME_QOQ":-2.820584342233,"NET_PROFIT_RATIO":2.0022034718,"ROE_AVG":2.029268636096,"GROSS_PROFIT_QOQ":-0.524390348049,"ROA":0.790570055958,"HOLDER_PROFIT_QOQ":-9.833068905758,"ROE_YEARLY":4.058537272191,"ROIC_YEARLY":2.014327198941,"TOTAL_ASSETS":6506836860.48,"TOTAL_LIABILITIES":3255562273.92,"TAX_EBT":32.716272349648,"OCF_SALES":5.637663245015,"TOTAL_PARENT_EQUITY":2606965067.52,"DEBT_ASSET_RATIO":50.0329475554,"OPERATE_PROFIT":147696853.92,"PRETAX_PROFIT":121385214.72,"NETCASH_OPERATE":229967654.4,"NETCASH_INVEST":-65398650.24,"NETCASH_FINANCE":-284965876.8,"END_CASH":788777362.56,"DIVI_RATIO":0.301945855028,"DIVIDEND_RATE":8.843537414966,"CURRENT_RATIO":1.858363997703,"COMMON_ACS":800000000,"CURRENTDEBT_DEBT":69.333946490359,"ISSUED_COMMON_SHARES":558460096,"HK_COMMON_SHARES":558460096,"PER_SHARES":2000,"TOTAL_MARKET_CAP":820936341.12,"HKSK_MARKET_CAP":820936341.12,"PE_TTM":7.861868809807,"PB_TTM":0.216451979693,"REPORT_DATE_SQ":"2019-06-30 00:00:00","REPORT_TYPE_SQ":"2019年中报","OPERATE_INCOME_SQ":4343537646.36,"DPS_HKD":0.13,"OPERATE_INCOME_QOQ_SQ":-7.749034263027,"NET_PROFIT_RATIO_SQ":2.2908023215,"HOLDER_PROFIT_SQ":77751388.08,"HOLDER_PROFIT_QOQ_SQ":2.582956682701,"ROE_AVG_SQ":3.100645751539,"PE_TTM_SQ":0.762505349603,"PB_TTM_SQ":0.224425455691,"ROA_SQ":1.0799122611,"START_DATE":"2020-01-01 00:00:00","FISCAL_YEAR":"12-31","CURRENCY":"HKD","IS_CNY_CODE":0,"DPS_HKD_LY":0.19,"ORG_TYPE":"一般企业","PREMIUM_INCOME":null,"PREMIUM_INCOME_YOY":null,"NET_INTEREST_INCOME":null,"NET_INTEREST_INCOME_YOY":null,"FEE_COMMISSION_INCOME":null,"FEE_COMMISSION_INCOME_YOY":null,"ACCOUNTS_RECE_TDAYS":1.692824370533,"INVENTORY_TDAYS":4.273500845777,"CURRENT_ASSETS_TDAYS":0.911666906202,"TOTAL_ASSETS_TDAYS":0.600383124584,"PREMIUM_EXPENSE":null,"LOAN_DEPOSIT":null,"LOAN_EQUITY":null,"LOAN_ASSETS":null,"DEPOSIT_EQUITY":null,"DEPOSIT_ASSETS":null,"EQUITY_MULTIPLIER":2.001318771222,"EQUITY_RATIO":1.248793976751}],"count":48},"success":true,"message":"ok","code":0}