{"version":"b9cf3bd5a157510cb3e57e64be2e6b33","result":{"pages":3,"data":[{"SECUCODE":"00400.HK","SECURITY_CODE":"00400","SECURITY_NAME_ABBR":"硬蛋创新","ORG_CODE":"10407391","STD_REPORT_DATE":"2024-06-30 00:00:00","REPORT_DATE":"2024-06-30 00:00:00","DATE_TYPE_CODE":"002","REPORT_TYPE":"2024年中报","PER_NETCASH_OPERATE":0.024506141644,"PER_OI":3.099428035203,"BPS":2.663764808999,"BASIC_EPS":0.082,"DILUTED_EPS":0.082,"OPERATE_INCOME":4321417000,"OPERATE_INCOME_YOY":11.8537484473,"GROSS_PROFIT":457595000,"GROSS_PROFIT_YOY":-5.123707514094,"HOLDER_PROFIT":112688000,"HOLDER_PROFIT_YOY":21.7972136056,"GROSS_PROFIT_RATIO":10.589003560638,"EPS_TTM":0.16558356951,"OPERATE_INCOME_QOQ":5.166921610735,"NET_PROFIT_RATIO":3.9120732852,"ROE_AVG":2.92400627366,"GROSS_PROFIT_QOQ":-2.399407333184,"ROA":1.139283147773,"HOLDER_PROFIT_QOQ":9.571428571429,"ROE_YEARLY":5.848012547321,"ROIC_YEARLY":2.535936436859,"TOTAL_ASSETS":9585974000,"TOTAL_LIABILITIES":5326434000,"TAX_EBT":5.335274519137,"OCF_SALES":0.790666579967,"TOTAL_PARENT_EQUITY":3713988000,"DEBT_ASSET_RATIO":55.5648700904,"OPERATE_PROFIT":228199000,"PRETAX_PROFIT":178585000,"NETCASH_OPERATE":34168000,"NETCASH_INVEST":-23587000,"NETCASH_FINANCE":50084000,"END_CASH":503430000,"DIVI_RATIO":null,"DIVIDEND_RATE":null,"CURRENT_RATIO":1.341960430505,"COMMON_ACS":500000000000,"CURRENTDEBT_DEBT":99.301446333513,"ISSUED_COMMON_SHARES":1394262732,"HK_COMMON_SHARES":1394262732,"PER_SHARES":1000,"TOTAL_MARKET_CAP":2216877743.88,"HKSK_MARKET_CAP":2216877743.88,"PE_TTM":8.672441455987,"PB_TTM":0.544778275881,"REPORT_DATE_SQ":"2023-06-30 00:00:00","REPORT_TYPE_SQ":"2023年中报","OPERATE_INCOME_SQ":3863453000,"DPS_HKD":null,"OPERATE_INCOME_QOQ_SQ":-8.797947966964,"NET_PROFIT_RATIO_SQ":4.3518582988,"HOLDER_PROFIT_SQ":92521000,"HOLDER_PROFIT_QOQ_SQ":-12.45809664964,"ROE_AVG_SQ":2.251471458917,"PE_TTM_SQ":4.813589214623,"PB_TTM_SQ":0.315998762841,"ROA_SQ":0.879065354221,"START_DATE":"2024-01-01 00:00:00","FISCAL_YEAR":"12-31","CURRENCY":"HKD","IS_CNY_CODE":0,"DPS_HKD_LY":null,"ORG_TYPE":"一般企业","PREMIUM_INCOME":null,"PREMIUM_INCOME_YOY":null,"NET_INTEREST_INCOME":null,"NET_INTEREST_INCOME_YOY":null,"FEE_COMMISSION_INCOME":null,"FEE_COMMISSION_INCOME_YOY":null,"ACCOUNTS_RECE_TDAYS":2.184826250776,"INVENTORY_TDAYS":0.904823159107,"CURRENT_ASSETS_TDAYS":0.588494750905,"TOTAL_ASSETS_TDAYS":0.43689812248,"PREMIUM_EXPENSE":null,"LOAN_DEPOSIT":null,"LOAN_EQUITY":null,"LOAN_ASSETS":null,"DEPOSIT_EQUITY":null,"DEPOSIT_ASSETS":null,"EQUITY_MULTIPLIER":2.250471647173,"EQUITY_RATIO":1.434154876106},{"SECUCODE":"00400.HK","SECURITY_CODE":"00400","SECURITY_NAME_ABBR":"硬蛋创新","ORG_CODE":"10407391","STD_REPORT_DATE":"2023-12-31 00:00:00","REPORT_DATE":"2023-12-31 00:00:00","DATE_TYPE_CODE":"001","REPORT_TYPE":"2023年年报","PER_NETCASH_OPERATE":-0.411214462555,"PER_OI":6.357038595793,"BPS":2.864447932472,"BASIC_EPS":0.154,"DILUTED_EPS":0.154,"OPERATE_INCOME":8863382000,"OPERATE_INCOME_YOY":-7.04877207,"GROSS_PROFIT":1029921000,"GROSS_PROFIT_YOY":-7.489771446279,"HOLDER_PROFIT":210700000,"HOLDER_PROFIT_YOY":-32.986444624,"GROSS_PROFIT_RATIO":11.619955001375,"EPS_TTM":0.151119294208,"OPERATE_INCOME_QOQ":1.917912873657,"NET_PROFIT_RATIO":3.6088933096,"ROE_AVG":5.252747003447,"GROSS_PROFIT_QOQ":-12.065158738832,"ROA":2.117425249085,"HOLDER_PROFIT_QOQ":-23.449739140544,"ROE_YEARLY":5.252747003447,"ROIC_YEARLY":2.361878584644,"TOTAL_ASSETS":10196290000,"TOTAL_LIABILITIES":5681570000,"TAX_EBT":11.26184234253,"OCF_SALES":-6.46864819772,"TOTAL_PARENT_EQUITY":3993793000,"DEBT_ASSET_RATIO":55.7219341545,"OPERATE_PROFIT":465325000,"PRETAX_PROFIT":360465000,"NETCASH_OPERATE":-573341000,"NETCASH_INVEST":-244208000,"NETCASH_FINANCE":574819000,"END_CASH":437777000,"DIVI_RATIO":null,"DIVIDEND_RATE":null,"CURRENT_RATIO":1.51029835546,"COMMON_ACS":500000000000,"CURRENTDEBT_DEBT":88.434059599723,"ISSUED_COMMON_SHARES":1394262732,"HK_COMMON_SHARES":1394262732,"PER_SHARES":1000,"TOTAL_MARKET_CAP":1854369433.56,"HKSK_MARKET_CAP":1854369433.56,"PE_TTM":7.254306375134,"PB_TTM":0.4556950358,"REPORT_DATE_SQ":"2022-12-31 00:00:00","REPORT_TYPE_SQ":"2022年年报","OPERATE_INCOME_SQ":9535519000,"DPS_HKD":null,"OPERATE_INCOME_QOQ_SQ":-6.766013715552,"NET_PROFIT_RATIO_SQ":4.7445765668,"HOLDER_PROFIT_SQ":314414000,"HOLDER_PROFIT_QOQ_SQ":-0.93390216083,"ROE_AVG_SQ":7.68427070011,"PE_TTM_SQ":5.795000607896,"PB_TTM_SQ":0.380425695071,"ROA_SQ":3.595776134705,"START_DATE":"2023-01-01 00:00:00","FISCAL_YEAR":"12-31","CURRENCY":"HKD","IS_CNY_CODE":0,"DPS_HKD_LY":0.04,"ORG_TYPE":"一般企业","PREMIUM_INCOME":null,"PREMIUM_INCOME_YOY":null,"NET_INTEREST_INCOME":null,"NET_INTEREST_INCOME_YOY":null,"FEE_COMMISSION_INCOME":null,"FEE_COMMISSION_INCOME_YOY":null,"ACCOUNTS_RECE_TDAYS":5.210689006467,"INVENTORY_TDAYS":1.824577851003,"CURRENT_ASSETS_TDAYS":1.265142299893,"TOTAL_ASSETS_TDAYS":0.890723722785,"PREMIUM_EXPENSE":null,"LOAN_DEPOSIT":null,"LOAN_EQUITY":null,"LOAN_ASSETS":null,"DEPOSIT_EQUITY":null,"DEPOSIT_ASSETS":null,"EQUITY_MULTIPLIER":2.258454566397,"EQUITY_RATIO":1.42260001958},{"SECUCODE":"00400.HK","SECURITY_CODE":"00400","SECURITY_NAME_ABBR":"硬蛋创新","ORG_CODE":"10407391","STD_REPORT_DATE":"2023-06-30 00:00:00","REPORT_DATE":"2023-06-30 00:00:00","DATE_TYPE_CODE":"002","REPORT_TYPE":"2023年中报","PER_NETCASH_OPERATE":-0.388345745442,"PER_OI":2.770964834195,"BPS":3.005199740217,"BASIC_EPS":0.068,"DILUTED_EPS":0.067,"OPERATE_INCOME":3863453000,"OPERATE_INCOME_YOY":-17.8405289403,"GROSS_PROFIT":482307000,"GROSS_PROFIT_YOY":13.649794995052,"HOLDER_PROFIT":92521000,"HOLDER_PROFIT_YOY":-29.7438701202,"GROSS_PROFIT_RATIO":12.483832468002,"EPS_TTM":0.197411860536,"OPERATE_INCOME_QOQ":-8.797947966964,"NET_PROFIT_RATIO":4.3518582988,"ROE_AVG":2.251471458917,"GROSS_PROFIT_QOQ":5.203156367752,"ROA":0.879065354221,"HOLDER_PROFIT_QOQ":-12.45809664964,"ROE_YEARLY":4.502942917834,"ROIC_YEARLY":1.957312454149,"TOTAL_ASSETS":11344618000,"TOTAL_LIABILITIES":6667213000,"TAX_EBT":14.474507469975,"OCF_SALES":-14.014820421007,"TOTAL_PARENT_EQUITY":4190038000,"DEBT_ASSET_RATIO":58.769832532,"OPERATE_PROFIT":247740000,"PRETAX_PROFIT":196587000,"NETCASH_OPERATE":-541456000,"NETCASH_INVEST":-475767000,"NETCASH_FINANCE":880546000,"END_CASH":553632000,"DIVI_RATIO":null,"DIVIDEND_RATE":null,"CURRENT_RATIO":1.413951678523,"COMMON_ACS":500000000000,"CURRENTDEBT_DEBT":90.119619697166,"ISSUED_COMMON_SHARES":1394262732,"HK_COMMON_SHARES":1394262732,"PER_SHARES":1000,"TOTAL_MARKET_CAP":1854369433.56,"HKSK_MARKET_CAP":1854369433.56,"PE_TTM":7.254306375134,"PB_TTM":0.4556950358,"REPORT_DATE_SQ":"2022-06-30 00:00:00","REPORT_TYPE_SQ":"2022年中报","OPERATE_INCOME_SQ":4702383000,"DPS_HKD":null,"OPERATE_INCOME_QOQ_SQ":8.199769879426,"NET_PROFIT_RATIO_SQ":4.5058218354,"HOLDER_PROFIT_SQ":131691000,"HOLDER_PROFIT_QOQ_SQ":7.16762732525,"ROE_AVG_SQ":3.192117524493,"PE_TTM_SQ":5.795000607896,"PB_TTM_SQ":0.380425695071,"ROA_SQ":1.719028274074,"START_DATE":"2023-01-01 00:00:00","FISCAL_YEAR":"12-31","CURRENCY":"HKD","IS_CNY_CODE":0,"DPS_HKD_LY":0.04,"ORG_TYPE":"一般企业","PREMIUM_INCOME":null,"PREMIUM_INCOME_YOY":null,"NET_INTEREST_INCOME":null,"NET_INTEREST_INCOME_YOY":null,"FEE_COMMISSION_INCOME":null,"FEE_COMMISSION_INCOME_YOY":null,"ACCOUNTS_RECE_TDAYS":2.297451483698,"INVENTORY_TDAYS":0.740203995002,"CURRENT_ASSETS_TDAYS":0.517925591278,"TOTAL_ASSETS_TDAYS":0.367076412918,"PREMIUM_EXPENSE":null,"LOAN_DEPOSIT":null,"LOAN_EQUITY":null,"LOAN_ASSETS":null,"DEPOSIT_EQUITY":null,"DEPOSIT_ASSETS":null,"EQUITY_MULTIPLIER":2.425408533148,"EQUITY_RATIO":1.591205855412},{"SECUCODE":"00400.HK","SECURITY_CODE":"00400","SECURITY_NAME_ABBR":"硬蛋创新","ORG_CODE":"10407391","STD_REPORT_DATE":"2022-12-31 00:00:00","REPORT_DATE":"2022-12-31 00:00:00","DATE_TYPE_CODE":"001","REPORT_TYPE":"2022年年报","PER_NETCASH_OPERATE":0.472268952535,"PER_OI":6.839112013216,"BPS":2.889466889946,"BASIC_EPS":0.224,"DILUTED_EPS":0.224,"OPERATE_INCOME":9535519000,"OPERATE_INCOME_YOY":0.8789586092,"GROSS_PROFIT":1113305000,"GROSS_PROFIT_YOY":19.277098107196,"HOLDER_PROFIT":314414000,"HOLDER_PROFIT_YOY":6.1667865379,"GROSS_PROFIT_RATIO":11.675347718357,"EPS_TTM":0.225505561315,"OPERATE_INCOME_QOQ":-6.766013715552,"NET_PROFIT_RATIO":4.7445765668,"ROE_AVG":7.68427070011,"GROSS_PROFIT_QOQ":9.889410273671,"ROA":3.595776134705,"HOLDER_PROFIT_QOQ":-0.93390216083,"ROE_YEARLY":7.68427070011,"ROIC_YEARLY":3.964351675797,"TOTAL_ASSETS":9705239000,"TOTAL_LIABILITIES":5251887000,"TAX_EBT":12.303860281647,"OCF_SALES":6.905413328839,"TOTAL_PARENT_EQUITY":4028676000,"DEBT_ASSET_RATIO":54.1139378433,"OPERATE_PROFIT":584092000,"PRETAX_PROFIT":515895000,"NETCASH_OPERATE":658467000,"NETCASH_INVEST":-422616000,"NETCASH_FINANCE":271907000,"END_CASH":676419000,"DIVI_RATIO":null,"DIVIDEND_RATE":null,"CURRENT_RATIO":1.390006652191,"COMMON_ACS":500000000000,"CURRENTDEBT_DEBT":87.98806981186,"ISSUED_COMMON_SHARES":1394262732,"HK_COMMON_SHARES":1394262732,"PER_SHARES":1000,"TOTAL_MARKET_CAP":1854369433.56,"HKSK_MARKET_CAP":1854369433.56,"PE_TTM":7.254306375134,"PB_TTM":0.4556950358,"REPORT_DATE_SQ":"2021-12-31 00:00:00","REPORT_TYPE_SQ":"2021年年报","OPERATE_INCOME_SQ":9452436000,"DPS_HKD":null,"OPERATE_INCOME_QOQ_SQ":38.371530624195,"NET_PROFIT_RATIO_SQ":4.362737817,"HOLDER_PROFIT_SQ":296151000,"HOLDER_PROFIT_QOQ_SQ":121.69148195558,"ROE_AVG_SQ":7.317121078982,"PE_TTM_SQ":5.795000607896,"PB_TTM_SQ":0.380425695071,"ROA_SQ":4.46182261863,"START_DATE":"2022-01-01 00:00:00","FISCAL_YEAR":"12-31","CURRENCY":"HKD","IS_CNY_CODE":0,"DPS_HKD_LY":null,"ORG_TYPE":"一般企业","PREMIUM_INCOME":null,"PREMIUM_INCOME_YOY":null,"NET_INTEREST_INCOME":null,"NET_INTEREST_INCOME_YOY":null,"FEE_COMMISSION_INCOME":null,"FEE_COMMISSION_INCOME_YOY":null,"ACCOUNTS_RECE_TDAYS":5.023618678836,"INVENTORY_TDAYS":2.67023936588,"CURRENT_ASSETS_TDAYS":1.629642219433,"TOTAL_ASSETS_TDAYS":1.090523693354,"PREMIUM_EXPENSE":null,"LOAN_DEPOSIT":null,"LOAN_EQUITY":null,"LOAN_ASSETS":null,"DEPOSIT_EQUITY":null,"DEPOSIT_ASSETS":null,"EQUITY_MULTIPLIER":2.179310999896,"EQUITY_RATIO":1.303626054813},{"SECUCODE":"00400.HK","SECURITY_CODE":"00400","SECURITY_NAME_ABBR":"硬蛋创新","ORG_CODE":"10407391","STD_REPORT_DATE":"2022-06-30 00:00:00","REPORT_DATE":"2022-06-30 00:00:00","DATE_TYPE_CODE":"002","REPORT_TYPE":"2022年中报","PER_NETCASH_OPERATE":0.094593544525,"PER_OI":3.348477320149,"BPS":2.938021583725,"BASIC_EPS":0.095,"DILUTED_EPS":0.094,"OPERATE_INCOME":4702383000,"OPERATE_INCOME_YOY":19.7356202281,"GROSS_PROFIT":424380000,"GROSS_PROFIT_YOY":23.136114762232,"HOLDER_PROFIT":131691000,"HOLDER_PROFIT_YOY":19.2162152375,"GROSS_PROFIT_RATIO":9.024785943638,"EPS_TTM":0.225998825471,"OPERATE_INCOME_QOQ":8.199769879426,"NET_PROFIT_RATIO":4.5058218354,"ROE_AVG":3.192117524493,"GROSS_PROFIT_QOQ":8.542850316646,"ROA":1.719028274074,"HOLDER_PROFIT_QOQ":7.16762732525,"ROE_YEARLY":6.384235048986,"ROIC_YEARLY":3.839100941803,"TOTAL_ASSETS":7538839000,"TOTAL_LIABILITIES":3022878000,"TAX_EBT":13.475933208375,"OCF_SALES":2.824971934443,"TOTAL_PARENT_EQUITY":4096374000,"DEBT_ASSET_RATIO":40.097394307,"OPERATE_PROFIT":272822000,"PRETAX_PROFIT":244881000,"NETCASH_OPERATE":132841000,"NETCASH_INVEST":-60313000,"NETCASH_FINANCE":403717000,"END_CASH":656147000,"DIVI_RATIO":null,"DIVIDEND_RATE":null,"CURRENT_RATIO":2.095266847738,"COMMON_ACS":500000000000,"CURRENTDEBT_DEBT":79.278058856494,"ISSUED_COMMON_SHARES":1394262732,"HK_COMMON_SHARES":1394262732,"PER_SHARES":1000,"TOTAL_MARKET_CAP":1854369433.56,"HKSK_MARKET_CAP":1854369433.56,"PE_TTM":7.254306375134,"PB_TTM":0.4556950358,"REPORT_DATE_SQ":"2021-06-30 00:00:00","REPORT_TYPE_SQ":"2021年中报","OPERATE_INCOME_SQ":3927305000,"DPS_HKD":null,"OPERATE_INCOME_QOQ_SQ":10.44607201177,"NET_PROFIT_RATIO_SQ":4.3909500281,"HOLDER_PROFIT_SQ":110464000,"HOLDER_PROFIT_QOQ_SQ":8.431006493506,"ROE_AVG_SQ":2.813536834896,"PE_TTM_SQ":5.795000607896,"PB_TTM_SQ":0.380425695071,"ROA_SQ":1.890002614358,"START_DATE":"2022-01-01 00:00:00","FISCAL_YEAR":"12-31","CURRENCY":"HKD","IS_CNY_CODE":0,"DPS_HKD_LY":null,"ORG_TYPE":"一般企业","PREMIUM_INCOME":null,"PREMIUM_INCOME_YOY":null,"NET_INTEREST_INCOME":null,"NET_INTEREST_INCOME_YOY":null,"FEE_COMMISSION_INCOME":null,"FEE_COMMISSION_INCOME_YOY":null,"ACCOUNTS_RECE_TDAYS":2.495067708086,"INVENTORY_TDAYS":1.882825239347,"CURRENT_ASSETS_TDAYS":0.913032043708,"TOTAL_ASSETS_TDAYS":0.61382549548,"PREMIUM_EXPENSE":null,"LOAN_DEPOSIT":null,"LOAN_EQUITY":null,"LOAN_ASSETS":null,"DEPOSIT_EQUITY":null,"DEPOSIT_ASSETS":null,"EQUITY_MULTIPLIER":1.669376462728,"EQUITY_RATIO":0.73793994396},{"SECUCODE":"00400.HK","SECURITY_CODE":"00400","SECURITY_NAME_ABBR":"硬蛋创新","ORG_CODE":"10407391","STD_REPORT_DATE":"2021-12-31 00:00:00","REPORT_DATE":"2021-12-31 00:00:00","DATE_TYPE_CODE":"001","REPORT_TYPE":"2021年年报","PER_NETCASH_OPERATE":-0.314204771415,"PER_OI":6.67457838403,"BPS":2.97980997745,"BASIC_EPS":0.213,"DILUTED_EPS":0.213,"OPERATE_INCOME":9452436000,"OPERATE_INCOME_YOY":52.825920357,"GROSS_PROFIT":933377000,"GROSS_PROFIT_YOY":33.601047764911,"HOLDER_PROFIT":296151000,"HOLDER_PROFIT_YOY":140.3823051948,"GROSS_PROFIT_RATIO":9.874459874682,"EPS_TTM":0.209118904694,"OPERATE_INCOME_QOQ":38.371530624195,"NET_PROFIT_RATIO":4.362737817,"ROE_AVG":7.317121078982,"GROSS_PROFIT_QOQ":18.340729282889,"ROA":4.46182261863,"HOLDER_PROFIT_QOQ":121.69148195558,"ROE_YEARLY":7.317121078982,"ROIC_YEARLY":4.910112011189,"TOTAL_ASSETS":7782724000,"TOTAL_LIABILITIES":3240577000,"TAX_EBT":10.350502285885,"OCF_SALES":-4.707484927695,"TOTAL_PARENT_EQUITY":4154638000,"DEBT_ASSET_RATIO":41.6380819877,"OPERATE_PROFIT":508327000,"PRETAX_PROFIT":459997000,"NETCASH_OPERATE":-444972000,"NETCASH_INVEST":-196492000,"NETCASH_FINANCE":395993000,"END_CASH":137295000,"DIVI_RATIO":null,"DIVIDEND_RATE":null,"CURRENT_RATIO":2.007014043674,"COMMON_ACS":500000000000,"CURRENTDEBT_DEBT":81.171871552504,"ISSUED_COMMON_SHARES":1394262732,"HK_COMMON_SHARES":1394262732,"PER_SHARES":1000,"TOTAL_MARKET_CAP":1854369433.56,"HKSK_MARKET_CAP":1854369433.56,"PE_TTM":7.254306375134,"PB_TTM":0.4556950358,"REPORT_DATE_SQ":"2020-12-31 00:00:00","REPORT_TYPE_SQ":"2020年年报","OPERATE_INCOME_SQ":6185100000,"DPS_HKD":null,"OPERATE_INCOME_QOQ_SQ":-4.318040762176,"NET_PROFIT_RATIO_SQ":3.0303147888,"HOLDER_PROFIT_SQ":123200000,"HOLDER_PROFIT_QOQ_SQ":-28.439077375248,"ROE_AVG_SQ":3.058974521002,"PE_TTM_SQ":5.795000607896,"PB_TTM_SQ":0.380425695071,"ROA_SQ":2.255597043447,"START_DATE":"2021-01-01 00:00:00","FISCAL_YEAR":"12-31","CURRENCY":"HKD","IS_CNY_CODE":0,"DPS_HKD_LY":null,"ORG_TYPE":"一般企业","PREMIUM_INCOME":null,"PREMIUM_INCOME_YOY":null,"NET_INTEREST_INCOME":null,"NET_INTEREST_INCOME_YOY":null,"FEE_COMMISSION_INCOME":null,"FEE_COMMISSION_INCOME_YOY":null,"ACCOUNTS_RECE_TDAYS":4.832904363832,"INVENTORY_TDAYS":6.216113332555,"CURRENT_ASSETS_TDAYS":2.282474593489,"TOTAL_ASSETS_TDAYS":1.424107727002,"PREMIUM_EXPENSE":null,"LOAN_DEPOSIT":null,"LOAN_EQUITY":null,"LOAN_ASSETS":null,"DEPOSIT_EQUITY":null,"DEPOSIT_ASSETS":null,"EQUITY_MULTIPLIER":1.713446086178,"EQUITY_RATIO":0.779990218161},{"SECUCODE":"00400.HK","SECURITY_CODE":"00400","SECURITY_NAME_ABBR":"硬蛋创新","ORG_CODE":"10407391","STD_REPORT_DATE":"2021-06-30 00:00:00","REPORT_DATE":"2021-06-30 00:00:00","DATE_TYPE_CODE":"002","REPORT_TYPE":"2021年中报","PER_NETCASH_OPERATE":-0.009891364935,"PER_OI":2.77315869269,"BPS":2.805941742693,"BASIC_EPS":0.079,"DILUTED_EPS":0.079,"OPERATE_INCOME":3927305000,"OPERATE_INCOME_YOY":19.6909367138,"GROSS_PROFIT":344643000,"GROSS_PROFIT_YOY":35.391450896277,"HOLDER_PROFIT":110464000,"HOLDER_PROFIT_YOY":10.3790081637,"GROSS_PROFIT_RATIO":8.775559830469,"EPS_TTM":0.094328795518,"OPERATE_INCOME_QOQ":10.44607201177,"NET_PROFIT_RATIO":4.3909500281,"ROE_AVG":2.813536834896,"GROSS_PROFIT_QOQ":12.895237822596,"ROA":1.890002614358,"HOLDER_PROFIT_QOQ":8.431006493506,"ROE_YEARLY":5.627073669792,"ROIC_YEARLY":4.354819808903,"TOTAL_ASSETS":6197131000,"TOTAL_LIABILITIES":1943160000,"TAX_EBT":9.713663422322,"OCF_SALES":-0.356682254116,"TOTAL_PARENT_EQUITY":3912220000,"DEBT_ASSET_RATIO":31.3557999661,"OPERATE_PROFIT":208759000,"PRETAX_PROFIT":190999000,"NETCASH_OPERATE":-13609000,"NETCASH_INVEST":-62861000,"NETCASH_FINANCE":190602000,"END_CASH":513995000,"DIVI_RATIO":null,"DIVIDEND_RATE":null,"CURRENT_RATIO":2.821467417626,"COMMON_ACS":500000000000,"CURRENTDEBT_DEBT":69.598128821096,"ISSUED_COMMON_SHARES":1394262732,"HK_COMMON_SHARES":1394262732,"PER_SHARES":1000,"TOTAL_MARKET_CAP":1854369433.56,"HKSK_MARKET_CAP":1854369433.56,"PE_TTM":7.254306375134,"PB_TTM":0.4556950358,"REPORT_DATE_SQ":"2020-06-30 00:00:00","REPORT_TYPE_SQ":"2020年中报","OPERATE_INCOME_SQ":3281205000,"DPS_HKD":null,"OPERATE_INCOME_QOQ_SQ":10.419461290239,"NET_PROFIT_RATIO_SQ":3.6132762202,"HOLDER_PROFIT_SQ":100077000,"HOLDER_PROFIT_QOQ_SQ":56.41472921039,"ROE_AVG_SQ":2.398367105917,"PE_TTM_SQ":5.795000607896,"PB_TTM_SQ":0.380425695071,"ROA_SQ":1.773015500266,"START_DATE":"2021-01-01 00:00:00","FISCAL_YEAR":"12-31","CURRENCY":"HKD","IS_CNY_CODE":0,"DPS_HKD_LY":null,"ORG_TYPE":"一般企业","PREMIUM_INCOME":null,"PREMIUM_INCOME_YOY":null,"NET_INTEREST_INCOME":null,"NET_INTEREST_INCOME_YOY":null,"FEE_COMMISSION_INCOME":null,"FEE_COMMISSION_INCOME_YOY":null,"ACCOUNTS_RECE_TDAYS":2.574570372844,"INVENTORY_TDAYS":3.865096172622,"CURRENT_ASSETS_TDAYS":1.151861444792,"TOTAL_ASSETS_TDAYS":0.671948935163,"PREMIUM_EXPENSE":null,"LOAN_DEPOSIT":null,"LOAN_EQUITY":null,"LOAN_ASSETS":null,"DEPOSIT_EQUITY":null,"DEPOSIT_ASSETS":null,"EQUITY_MULTIPLIER":1.456787317073,"EQUITY_RATIO":0.496689858955},{"SECUCODE":"00400.HK","SECURITY_CODE":"00400","SECURITY_NAME_ABBR":"硬蛋创新","ORG_CODE":"10407391","STD_REPORT_DATE":"2020-12-31 00:00:00","REPORT_DATE":"2020-12-31 00:00:00","DATE_TYPE_CODE":"001","REPORT_TYPE":"2020年年报","PER_NETCASH_OPERATE":0.215597579257,"PER_OI":4.36743869655,"BPS":2.825940125609,"BASIC_EPS":0.089,"DILUTED_EPS":0.088,"OPERATE_INCOME":6185100000,"OPERATE_INCOME_YOY":5.6515039424,"GROSS_PROFIT":698630000,"GROSS_PROFIT_YOY":23.511420691606,"HOLDER_PROFIT":123200000,"HOLDER_PROFIT_YOY":11.931823344,"GROSS_PROFIT_RATIO":11.295371133854,"EPS_TTM":0.086994300402,"OPERATE_INCOME_QOQ":-4.318040762176,"NET_PROFIT_RATIO":3.0303147888,"ROE_AVG":3.058974521002,"GROSS_PROFIT_QOQ":12.712254067615,"ROA":2.255597043447,"HOLDER_PROFIT_QOQ":-28.439077375248,"ROE_YEARLY":3.058974521002,"ROIC_YEARLY":2.480928866211,"TOTAL_ASSETS":5492165000,"TOTAL_LIABILITIES":1268579000,"TAX_EBT":8.525747082681,"OCF_SALES":4.936476370633,"TOTAL_PARENT_EQUITY":3940103000,"DEBT_ASSET_RATIO":23.0979768452,"OPERATE_PROFIT":221654000,"PRETAX_PROFIT":204897000,"NETCASH_OPERATE":305326000,"NETCASH_INVEST":-283272000,"NETCASH_FINANCE":276247000,"END_CASH":403700000,"DIVI_RATIO":null,"DIVIDEND_RATE":null,"CURRENT_RATIO":3.592060931021,"COMMON_ACS":500000000000,"CURRENTDEBT_DEBT":65.907838613125,"ISSUED_COMMON_SHARES":1394262732,"HK_COMMON_SHARES":1394262732,"PER_SHARES":1000,"TOTAL_MARKET_CAP":1854369433.56,"HKSK_MARKET_CAP":1854369433.56,"PE_TTM":7.254306375134,"PB_TTM":0.4556950358,"REPORT_DATE_SQ":"2019-12-31 00:00:00","REPORT_TYPE_SQ":"2019年年报","OPERATE_INCOME_SQ":5854247000,"DPS_HKD":null,"OPERATE_INCOME_QOQ_SQ":11.618214698702,"NET_PROFIT_RATIO_SQ":2.476578115,"HOLDER_PROFIT_SQ":110067000,"HOLDER_PROFIT_QOQ_SQ":19.407016858686,"ROE_AVG_SQ":2.688064638397,"PE_TTM_SQ":5.795000607896,"PB_TTM_SQ":0.380425695071,"ROA_SQ":1.930028213864,"START_DATE":"2020-01-01 00:00:00","FISCAL_YEAR":"12-31","CURRENCY":"HKD","IS_CNY_CODE":0,"DPS_HKD_LY":null,"ORG_TYPE":"一般企业","PREMIUM_INCOME":null,"PREMIUM_INCOME_YOY":null,"NET_INTEREST_INCOME":null,"NET_INTEREST_INCOME_YOY":null,"FEE_COMMISSION_INCOME":null,"FEE_COMMISSION_INCOME_YOY":null,"ACCOUNTS_RECE_TDAYS":3.923709352043,"INVENTORY_TDAYS":13.168560415137,"CURRENT_ASSETS_TDAYS":2.006770673135,"TOTAL_ASSETS_TDAYS":1.132393934531,"PREMIUM_EXPENSE":null,"LOAN_DEPOSIT":null,"LOAN_EQUITY":null,"LOAN_ASSETS":null,"DEPOSIT_EQUITY":null,"DEPOSIT_ASSETS":null,"EQUITY_MULTIPLIER":1.300355906095,"EQUITY_RATIO":0.321965948606},{"SECUCODE":"00400.HK","SECURITY_CODE":"00400","SECURITY_NAME_ABBR":"硬蛋创新","ORG_CODE":"10407391","STD_REPORT_DATE":"2020-06-30 00:00:00","REPORT_DATE":"2020-06-30 00:00:00","DATE_TYPE_CODE":"002","REPORT_TYPE":"2020年中报","PER_NETCASH_OPERATE":0.179766468285,"PER_OI":2.314919053742,"BPS":3.034251653511,"BASIC_EPS":0.072,"DILUTED_EPS":0.071,"OPERATE_INCOME":3281205000,"OPERATE_INCOME_YOY":22.8352620372,"GROSS_PROFIT":254553000,"GROSS_PROFIT_YOY":27.049082142964,"HOLDER_PROFIT":100077000,"HOLDER_PROFIT_YOY":163.4783982308,"GROSS_PROFIT_RATIO":7.757912108509,"EPS_TTM":0.121461103226,"OPERATE_INCOME_QOQ":10.419461290239,"NET_PROFIT_RATIO":3.6132762202,"ROE_AVG":2.398367105917,"GROSS_PROFIT_QOQ":9.581182377484,"ROA":1.773015500266,"HOLDER_PROFIT_QOQ":56.41472921039,"ROE_YEARLY":4.796734211834,"ROIC_YEARLY":3.790583670041,"TOTAL_ASSETS":5857131000,"TOTAL_LIABILITIES":1419846000,"TAX_EBT":6.526486750712,"OCF_SALES":7.765561737228,"TOTAL_PARENT_EQUITY":4230544000,"DEBT_ASSET_RATIO":24.2413222446,"OPERATE_PROFIT":125902000,"PRETAX_PROFIT":126837000,"NETCASH_OPERATE":254804000,"NETCASH_INVEST":-122576000,"NETCASH_FINANCE":-60510000,"END_CASH":216582000,"DIVI_RATIO":null,"DIVIDEND_RATE":null,"CURRENT_RATIO":2.532989516719,"COMMON_ACS":500000000000,"CURRENTDEBT_DEBT":93.888703422766,"ISSUED_COMMON_SHARES":1394262732,"HK_COMMON_SHARES":1394262732,"PER_SHARES":1000,"TOTAL_MARKET_CAP":1854369433.56,"HKSK_MARKET_CAP":1854369433.56,"PE_TTM":7.254306375134,"PB_TTM":0.4556950358,"REPORT_DATE_SQ":"2019-06-30 00:00:00","REPORT_TYPE_SQ":"2019年中报","OPERATE_INCOME_SQ":2671224000,"DPS_HKD":null,"OPERATE_INCOME_QOQ_SQ":-5.238535824684,"NET_PROFIT_RATIO_SQ":1.5116665618,"HOLDER_PROFIT_SQ":37983000,"HOLDER_PROFIT_QOQ_SQ":-68.559139638241,"ROE_AVG_SQ":0.934870768263,"PE_TTM_SQ":5.795000607896,"PB_TTM_SQ":0.380425695071,"ROA_SQ":0.625466016067,"START_DATE":"2020-01-01 00:00:00","FISCAL_YEAR":"12-31","CURRENCY":"HKD","IS_CNY_CODE":0,"DPS_HKD_LY":null,"ORG_TYPE":"一般企业","PREMIUM_INCOME":null,"PREMIUM_INCOME_YOY":null,"NET_INTEREST_INCOME":null,"NET_INTEREST_INCOME_YOY":null,"FEE_COMMISSION_INCOME":null,"FEE_COMMISSION_INCOME_YOY":null,"ACCOUNTS_RECE_TDAYS":1.953869876585,"INVENTORY_TDAYS":5.445317918451,"CURRENT_ASSETS_TDAYS":1.003794970631,"TOTAL_ASSETS_TDAYS":0.581315119813,"PREMIUM_EXPENSE":null,"LOAN_DEPOSIT":null,"LOAN_EQUITY":null,"LOAN_ASSETS":null,"DEPOSIT_EQUITY":null,"DEPOSIT_ASSETS":null,"EQUITY_MULTIPLIER":1.319980799069,"EQUITY_RATIO":0.335617830709}],"count":26},"success":true,"message":"ok","code":0}