{"version":"2fbbd278550468dd33b5c6f76b105758","result":{"pages":6,"data":[{"SECUCODE":"00406.HK","SECURITY_CODE":"00406","SECURITY_NAME_ABBR":"有利集团","ORG_CODE":"10008887","STD_REPORT_DATE":"2024-06-30 00:00:00","REPORT_DATE":"2024-09-30 00:00:00","DATE_TYPE_CODE":"002","REPORT_TYPE":"2024年中报","PER_NETCASH_OPERATE":-0.228176419073,"PER_OI":9.126811786023,"BPS":3.172806910319,"BASIC_EPS":0.050680598,"DILUTED_EPS":0.050680598,"OPERATE_INCOME":3998032759.39,"OPERATE_INCOME_YOY":25.7836866303,"GROSS_PROFIT":289425893.34,"GROSS_PROFIT_YOY":3.938611877723,"HOLDER_PROFIT":22201168.01,"HOLDER_PROFIT_YOY":-35.6651945541,"GROSS_PROFIT_RATIO":7.239207649318,"EPS_TTM":0.138848668633,"OPERATE_INCOME_QOQ":0,"NET_PROFIT_RATIO":0.5222354374,"ROE_AVG":1.616275279536,"GROSS_PROFIT_QOQ":0,"ROA":0.410795928583,"HOLDER_PROFIT_QOQ":0,"ROE_YEARLY":3.232550559072,"ROIC_YEARLY":0.957846058315,"TOTAL_ASSETS":5645101694.15,"TOTAL_LIABILITIES":4259808869.54,"TAX_EBT":34.765580975995,"OCF_SALES":-2.500067103634,"TOTAL_PARENT_EQUITY":1389859489.17,"DEBT_ASSET_RATIO":75.4602680401,"OPERATE_PROFIT":66371744,"PRETAX_PROFIT":32006330.68,"NETCASH_OPERATE":-99953501.81,"NETCASH_INVEST":-56191436.69,"NETCASH_FINANCE":69717384.9,"END_CASH":693681216.33,"DIVI_RATIO":0.325595487843,"DIVIDEND_RATE":5.154639175258,"CURRENT_RATIO":1.125366261783,"COMMON_ACS":1000000000,"CURRENTDEBT_DEBT":87.977986022051,"ISSUED_COMMON_SHARES":438053600,"HK_COMMON_SHARES":438053600,"PER_SHARES":2000,"TOTAL_MARKET_CAP":424911992,"HKSK_MARKET_CAP":424911992,"PE_TTM":7.950453587801,"PB_TTM":0.275697930799,"REPORT_DATE_SQ":"2023-06-30 00:00:00","REPORT_TYPE_SQ":"2023年中报","OPERATE_INCOME_SQ":3234329167.65,"DPS_HKD":0.05,"OPERATE_INCOME_QOQ_SQ":0,"NET_PROFIT_RATIO_SQ":1.0783183035,"HOLDER_PROFIT_SQ":35114947.21,"HOLDER_PROFIT_QOQ_SQ":0,"ROE_AVG_SQ":2.563228353524,"PE_TTM_SQ":7.294870046139,"PB_TTM_SQ":0.322721952505,"ROA_SQ":0.775404753703,"START_DATE":"2024-04-01 00:00:00","FISCAL_YEAR":"3-31","CURRENCY":"HKD","IS_CNY_CODE":0,"DPS_HKD_LY":0.05,"ORG_TYPE":"一般企业","PREMIUM_INCOME":null,"PREMIUM_INCOME_YOY":null,"NET_INTEREST_INCOME":null,"NET_INTEREST_INCOME_YOY":null,"FEE_COMMISSION_INCOME":null,"FEE_COMMISSION_INCOME_YOY":null,"ACCOUNTS_RECE_TDAYS":4.396253095069,"INVENTORY_TDAYS":14.988237180714,"CURRENT_ASSETS_TDAYS":0.999027774288,"TOTAL_ASSETS_TDAYS":0.739769898215,"PREMIUM_EXPENSE":null,"LOAN_DEPOSIT":null,"LOAN_EQUITY":null,"LOAN_ASSETS":null,"DEPOSIT_EQUITY":null,"DEPOSIT_ASSETS":null,"EQUITY_MULTIPLIER":4.075024134877,"EQUITY_RATIO":3.064920520911},{"SECUCODE":"00406.HK","SECURITY_CODE":"00406","SECURITY_NAME_ABBR":"有利集团","ORG_CODE":"10008887","STD_REPORT_DATE":"2023-12-31 00:00:00","REPORT_DATE":"2024-03-31 00:00:00","DATE_TYPE_CODE":"001","REPORT_TYPE":"2023年年报","PER_NETCASH_OPERATE":-0.958838703757,"PER_OI":16.166181552098,"BPS":3.114930282961,"BASIC_EPS":0.13888346,"DILUTED_EPS":0.13888346,"OPERATE_INCOME":7081654027.15,"OPERATE_INCOME_YOY":16.836652203,"GROSS_PROFIT":618704057.1,"GROSS_PROFIT_YOY":27.963524995974,"HOLDER_PROFIT":60823159.15,"HOLDER_PROFIT_YOY":35.1700378757,"GROSS_PROFIT_RATIO":8.736716799889,"EPS_TTM":0.133004327347,"OPERATE_INCOME_QOQ":0,"NET_PROFIT_RATIO":0.8423441236,"ROE_AVG":4.455826102376,"GROSS_PROFIT_QOQ":0,"ROA":1.268685517909,"HOLDER_PROFIT_QOQ":0,"ROE_YEARLY":4.455826102376,"ROIC_YEARLY":1.501883930538,"TOTAL_ASSETS":5191009553.25,"TOTAL_LIABILITIES":3829764895.95,"TAX_EBT":23.763787190657,"OCF_SALES":-5.931139030369,"TOTAL_PARENT_EQUITY":1364506424.2,"DEBT_ASSET_RATIO":73.776880136,"OPERATE_PROFIT":149140166.7,"PRETAX_PROFIT":78246143.6,"NETCASH_OPERATE":-420022746,"NETCASH_INVEST":-134555590.3,"NETCASH_FINANCE":717307687.5,"END_CASH":781274762.05,"DIVI_RATIO":0.512383704796,"DIVIDEND_RATE":7.575757575758,"CURRENT_RATIO":1.115678871808,"COMMON_ACS":1000000000,"CURRENTDEBT_DEBT":89.082455902393,"ISSUED_COMMON_SHARES":438053600,"HK_COMMON_SHARES":438053600,"PER_SHARES":2000,"TOTAL_MARKET_CAP":433673064,"HKSK_MARKET_CAP":433673064,"PE_TTM":8.1143804659,"PB_TTM":0.281382424218,"REPORT_DATE_SQ":"2022-12-31 00:00:00","REPORT_TYPE_SQ":"2022年年报","OPERATE_INCOME_SQ":5852957119.01,"DPS_HKD":0.075,"OPERATE_INCOME_QOQ_SQ":0,"NET_PROFIT_RATIO_SQ":0.7175034374,"HOLDER_PROFIT_SQ":43451850.76,"HOLDER_PROFIT_QOQ_SQ":0,"ROE_AVG_SQ":3.257186204797,"PE_TTM_SQ":7.763347939011,"PB_TTM_SQ":0.34344721551,"ROA_SQ":1.035364920975,"START_DATE":"2023-04-01 00:00:00","FISCAL_YEAR":"3-31","CURRENCY":"HKD","IS_CNY_CODE":0,"DPS_HKD_LY":0.05,"ORG_TYPE":"一般企业","PREMIUM_INCOME":null,"PREMIUM_INCOME_YOY":null,"NET_INTEREST_INCOME":null,"NET_INTEREST_INCOME_YOY":null,"FEE_COMMISSION_INCOME":null,"FEE_COMMISSION_INCOME_YOY":null,"ACCOUNTS_RECE_TDAYS":9.93847717751,"INVENTORY_TDAYS":22.449273856308,"CURRENT_ASSETS_TDAYS":2.037867089006,"TOTAL_ASSETS_TDAYS":1.477133386796,"PREMIUM_EXPENSE":null,"LOAN_DEPOSIT":null,"LOAN_EQUITY":null,"LOAN_ASSETS":null,"DEPOSIT_EQUITY":null,"DEPOSIT_ASSETS":null,"EQUITY_MULTIPLIER":3.813428780352,"EQUITY_RATIO":2.80670345557},{"SECUCODE":"00406.HK","SECURITY_CODE":"00406","SECURITY_NAME_ABBR":"有利集团","ORG_CODE":"10008887","STD_REPORT_DATE":"2023-06-30 00:00:00","REPORT_DATE":"2023-09-30 00:00:00","DATE_TYPE_CODE":"002","REPORT_TYPE":"2023年中报","PER_NETCASH_OPERATE":-0.687426061103,"PER_OI":7.383409627612,"BPS":3.099314106881,"BASIC_EPS":0.080200862,"DILUTED_EPS":0.080200862,"OPERATE_INCOME":3234329167.65,"OPERATE_INCOME_YOY":13.3582906791,"GROSS_PROFIT":278458494.02,"GROSS_PROFIT_YOY":22.525431877167,"HOLDER_PROFIT":35114947.21,"HOLDER_PROFIT_YOY":70.4619359437,"GROSS_PROFIT_RATIO":8.609466742135,"EPS_TTM":0.099193000035,"OPERATE_INCOME_QOQ":0,"NET_PROFIT_RATIO":1.0783183035,"ROE_AVG":2.563228353524,"GROSS_PROFIT_QOQ":0,"ROA":0.775404753703,"HOLDER_PROFIT_QOQ":0,"ROE_YEARLY":5.126456707048,"ROIC_YEARLY":1.794178215905,"TOTAL_ASSETS":4606081407.83,"TOTAL_LIABILITIES":3250770344.36,"TAX_EBT":22.707583429931,"OCF_SALES":-9.310414778184,"TOTAL_PARENT_EQUITY":1357665702.05,"DEBT_ASSET_RATIO":70.5756163761,"OPERATE_PROFIT":71433824.98,"PRETAX_PROFIT":45122619.99,"NETCASH_OPERATE":-301129460.8,"NETCASH_INVEST":-18957318.17,"NETCASH_FINANCE":207299958.04,"END_CASH":511496138.3,"DIVI_RATIO":0.687036887443,"DIVIDEND_RATE":7.575757575758,"CURRENT_RATIO":1.257733100073,"COMMON_ACS":1000000000,"CURRENTDEBT_DEBT":80.063693836004,"ISSUED_COMMON_SHARES":438053600,"HK_COMMON_SHARES":438053600,"PER_SHARES":2000,"TOTAL_MARKET_CAP":433673064,"HKSK_MARKET_CAP":433673064,"PE_TTM":8.1143804659,"PB_TTM":0.281382424218,"REPORT_DATE_SQ":"2022-06-30 00:00:00","REPORT_TYPE_SQ":"2022年中报","OPERATE_INCOME_SQ":2812179814.2,"DPS_HKD":0.075,"OPERATE_INCOME_QOQ_SQ":0,"NET_PROFIT_RATIO_SQ":0.695171429,"HOLDER_PROFIT_SQ":20303773.56,"HOLDER_PROFIT_QOQ_SQ":0,"ROE_AVG_SQ":1.501447674057,"PE_TTM_SQ":7.763347939011,"PB_TTM_SQ":0.34344721551,"ROA_SQ":0.485690057309,"START_DATE":"2023-04-01 00:00:00","FISCAL_YEAR":"3-31","CURRENCY":"HKD","IS_CNY_CODE":0,"DPS_HKD_LY":0.05,"ORG_TYPE":"一般企业","PREMIUM_INCOME":null,"PREMIUM_INCOME_YOY":null,"NET_INTEREST_INCOME":null,"NET_INTEREST_INCOME_YOY":null,"FEE_COMMISSION_INCOME":null,"FEE_COMMISSION_INCOME_YOY":null,"ACCOUNTS_RECE_TDAYS":4.531482421913,"INVENTORY_TDAYS":9.982029748993,"CURRENT_ASSETS_TDAYS":1.002012038114,"TOTAL_ASSETS_TDAYS":0.714201333306,"PREMIUM_EXPENSE":null,"LOAN_DEPOSIT":null,"LOAN_EQUITY":null,"LOAN_ASSETS":null,"DEPOSIT_EQUITY":null,"DEPOSIT_ASSETS":null,"EQUITY_MULTIPLIER":3.398541878674,"EQUITY_RATIO":2.394382018675},{"SECUCODE":"00406.HK","SECURITY_CODE":"00406","SECURITY_NAME_ABBR":"有利集团","ORG_CODE":"10008887","STD_REPORT_DATE":"2022-12-31 00:00:00","REPORT_DATE":"2023-03-31 00:00:00","DATE_TYPE_CODE":"001","REPORT_TYPE":"2022年年报","PER_NETCASH_OPERATE":-0.47422231663,"PER_OI":13.361280717725,"BPS":3.010220579605,"BASIC_EPS":0.099183953,"DILUTED_EPS":0.099183953,"OPERATE_INCOME":5852957119.01,"OPERATE_INCOME_YOY":-0.6978076752,"GROSS_PROFIT":483500323.33,"GROSS_PROFIT_YOY":-9.565339124742,"HOLDER_PROFIT":43451850.76,"HOLDER_PROFIT_YOY":-27.2049980935,"GROSS_PROFIT_RATIO":8.260787043179,"EPS_TTM":0.085906367531,"OPERATE_INCOME_QOQ":0,"NET_PROFIT_RATIO":0.7175034374,"ROE_AVG":3.257186204797,"GROSS_PROFIT_QOQ":0,"ROA":1.035364920975,"HOLDER_PROFIT_QOQ":0,"ROE_YEARLY":3.257186204797,"ROIC_YEARLY":1.272259445987,"TOTAL_ASSETS":4246315395.19,"TOTAL_LIABILITIES":2929696128.96,"TAX_EBT":28.956682710107,"OCF_SALES":-3.549228001779,"TOTAL_PARENT_EQUITY":1318637961.69,"DEBT_ASSET_RATIO":68.9938418677,"OPERATE_PROFIT":88172170.61,"PRETAX_PROFIT":59112060.25,"NETCASH_OPERATE":-207734793,"NETCASH_INVEST":-22943620.69,"NETCASH_FINANCE":22714263.27,"END_CASH":602906247.33,"DIVI_RATIO":0.793296841182,"DIVIDEND_RATE":7.575757575758,"CURRENT_RATIO":1.204456918744,"COMMON_ACS":1000000000,"CURRENTDEBT_DEBT":86.031071015366,"ISSUED_COMMON_SHARES":438053600,"HK_COMMON_SHARES":438053600,"PER_SHARES":2000,"TOTAL_MARKET_CAP":433673064,"HKSK_MARKET_CAP":433673064,"PE_TTM":8.1143804659,"PB_TTM":0.281382424218,"REPORT_DATE_SQ":"2021-12-31 00:00:00","REPORT_TYPE_SQ":"2021年年报","OPERATE_INCOME_SQ":5460484913.44,"DPS_HKD":0.075,"OPERATE_INCOME_QOQ_SQ":0,"NET_PROFIT_RATIO_SQ":0.9802992569,"HOLDER_PROFIT_SQ":55299527.86,"HOLDER_PROFIT_QOQ_SQ":0,"ROE_AVG_SQ":4.516059809677,"PE_TTM_SQ":7.763347939011,"PB_TTM_SQ":0.34344721551,"ROA_SQ":1.384868886717,"START_DATE":"2022-04-01 00:00:00","FISCAL_YEAR":"3-31","CURRENCY":"HKD","IS_CNY_CODE":0,"DPS_HKD_LY":0.05,"ORG_TYPE":"一般企业","PREMIUM_INCOME":null,"PREMIUM_INCOME_YOY":null,"NET_INTEREST_INCOME":null,"NET_INTEREST_INCOME_YOY":null,"FEE_COMMISSION_INCOME":null,"FEE_COMMISSION_INCOME_YOY":null,"ACCOUNTS_RECE_TDAYS":9.721993849196,"INVENTORY_TDAYS":18.037621214683,"CURRENT_ASSETS_TDAYS":1.994493780893,"TOTAL_ASSETS_TDAYS":1.394634838102,"PREMIUM_EXPENSE":null,"LOAN_DEPOSIT":null,"LOAN_EQUITY":null,"LOAN_ASSETS":null,"DEPOSIT_EQUITY":null,"DEPOSIT_ASSETS":null,"EQUITY_MULTIPLIER":3.225165774273,"EQUITY_RATIO":2.221759280466},{"SECUCODE":"00406.HK","SECURITY_CODE":"00406","SECURITY_NAME_ABBR":"有利集团","ORG_CODE":"10008887","STD_REPORT_DATE":"2022-06-30 00:00:00","REPORT_DATE":"2022-09-30 00:00:00","DATE_TYPE_CODE":"002","REPORT_TYPE":"2022年中报","PER_NETCASH_OPERATE":-0.41907612347,"PER_OI":6.419716249792,"BPS":2.991387230147,"BASIC_EPS":0.046307328,"DILUTED_EPS":0.046307328,"OPERATE_INCOME":2812179814.2,"OPERATE_INCOME_YOY":-0.4713781649,"GROSS_PROFIT":227265874.32,"GROSS_PROFIT_YOY":-0.238961763622,"HOLDER_PROFIT":20303773.56,"HOLDER_PROFIT_YOY":-50.749215682,"GROSS_PROFIT_RATIO":8.081484447489,"EPS_TTM":0.12623918137,"OPERATE_INCOME_QOQ":0,"NET_PROFIT_RATIO":0.695171429,"ROE_AVG":1.501447674057,"GROSS_PROFIT_QOQ":0,"ROA":0.485690057309,"HOLDER_PROFIT_QOQ":0,"ROE_YEARLY":3.002895348114,"ROIC_YEARLY":1.19144398962,"TOTAL_ASSETS":4076047887.96,"TOTAL_LIABILITIES":2766520969.68,"TAX_EBT":26.828029790115,"OCF_SALES":-6.52795399615,"TOTAL_PARENT_EQUITY":1310387945.16,"DEBT_ASSET_RATIO":67.8726316698,"OPERATE_PROFIT":35174576.04,"PRETAX_PROFIT":26717157.6,"NETCASH_OPERATE":-183577804.56,"NETCASH_INVEST":-12657637.8,"NETCASH_FINANCE":-81233183.04,"END_CASH":551719253.28,"DIVI_RATIO":0.539842299836,"DIVIDEND_RATE":7.575757575758,"CURRENT_RATIO":1.145826534926,"COMMON_ACS":1000000000,"CURRENTDEBT_DEBT":88.863000200731,"ISSUED_COMMON_SHARES":438053600,"HK_COMMON_SHARES":438053600,"PER_SHARES":2000,"TOTAL_MARKET_CAP":433673064,"HKSK_MARKET_CAP":433673064,"PE_TTM":8.1143804659,"PB_TTM":0.281382424218,"REPORT_DATE_SQ":"2021-06-30 00:00:00","REPORT_TYPE_SQ":"2021年中报","OPERATE_INCOME_SQ":2602505264.86,"DPS_HKD":0.075,"OPERATE_INCOME_QOQ_SQ":0,"NET_PROFIT_RATIO_SQ":1.4316119142,"HOLDER_PROFIT_SQ":37971707.86,"HOLDER_PROFIT_QOQ_SQ":0,"ROE_AVG_SQ":3.067086503332,"PE_TTM_SQ":7.763347939011,"PB_TTM_SQ":0.34344721551,"ROA_SQ":0.855420578813,"START_DATE":"2022-04-01 00:00:00","FISCAL_YEAR":"3-31","CURRENCY":"HKD","IS_CNY_CODE":0,"DPS_HKD_LY":0.05,"ORG_TYPE":"一般企业","PREMIUM_INCOME":null,"PREMIUM_INCOME_YOY":null,"NET_INTEREST_INCOME":null,"NET_INTEREST_INCOME_YOY":null,"FEE_COMMISSION_INCOME":null,"FEE_COMMISSION_INCOME_YOY":null,"ACCOUNTS_RECE_TDAYS":4.66363337748,"INVENTORY_TDAYS":8.885352674907,"CURRENT_ASSETS_TDAYS":0.979134267582,"TOTAL_ASSETS_TDAYS":0.672706367161,"PREMIUM_EXPENSE":null,"LOAN_DEPOSIT":null,"LOAN_EQUITY":null,"LOAN_ASSETS":null,"DEPOSIT_EQUITY":null,"DEPOSIT_ASSETS":null,"EQUITY_MULTIPLIER":3.112610997957,"EQUITY_RATIO":2.111222848087},{"SECUCODE":"00406.HK","SECURITY_CODE":"00406","SECURITY_NAME_ABBR":"有利集团","ORG_CODE":"10008887","STD_REPORT_DATE":"2021-12-31 00:00:00","REPORT_DATE":"2022-03-31 00:00:00","DATE_TYPE_CODE":"001","REPORT_TYPE":"2021年年报","PER_NETCASH_OPERATE":1.505998294273,"PER_OI":12.465335094701,"BPS":2.853878246292,"BASIC_EPS":0.126274257,"DILUTED_EPS":0.126274257,"OPERATE_INCOME":5460484913.44,"OPERATE_INCOME_YOY":-0.9097015404,"GROSS_PROFIT":534640500.28,"GROSS_PROFIT_YOY":9.883823971219,"HOLDER_PROFIT":55299527.86,"HOLDER_PROFIT_YOY":-54.6720025527,"GROSS_PROFIT_RATIO":9.791080989237,"EPS_TTM":0.225143069844,"OPERATE_INCOME_QOQ":0,"NET_PROFIT_RATIO":0.9802992569,"ROE_AVG":4.516059809677,"GROSS_PROFIT_QOQ":0,"ROA":1.384868886717,"HOLDER_PROFIT_QOQ":0,"ROE_YEARLY":4.516059809677,"ROIC_YEARLY":1.689430135092,"TOTAL_ASSETS":3842125812.58,"TOTAL_LIABILITIES":2592069872.01,"TAX_EBT":22.834194589286,"OCF_SALES":12.081490652529,"TOTAL_PARENT_EQUITY":1250151639.75,"DEBT_ASSET_RATIO":67.4644714528,"OPERATE_PROFIT":112813113.02,"PRETAX_PROFIT":69368929.34,"NETCASH_OPERATE":659707974.4,"NETCASH_INVEST":-16444038.76,"NETCASH_FINANCE":-419872042.15,"END_CASH":757736375.12,"DIVI_RATIO":0.302693083324,"DIVIDEND_RATE":7.575757575758,"CURRENT_RATIO":1.144350305358,"COMMON_ACS":1000000000,"CURRENTDEBT_DEBT":88.492854262115,"ISSUED_COMMON_SHARES":438053600,"HK_COMMON_SHARES":438053600,"PER_SHARES":2000,"TOTAL_MARKET_CAP":433673064,"HKSK_MARKET_CAP":433673064,"PE_TTM":8.1143804659,"PB_TTM":0.281382424218,"REPORT_DATE_SQ":"2020-12-31 00:00:00","REPORT_TYPE_SQ":"2020年年报","OPERATE_INCOME_SQ":5742791876.08,"DPS_HKD":0.075,"OPERATE_INCOME_QOQ_SQ":0,"NET_PROFIT_RATIO_SQ":2.1971502729,"HOLDER_PROFIT_SQ":127138737.04,"HOLDER_PROFIT_QOQ_SQ":0,"ROE_AVG_SQ":10.917656348717,"PE_TTM_SQ":7.763347939011,"PB_TTM_SQ":0.34344721551,"ROA_SQ":2.961070645101,"START_DATE":"2021-04-01 00:00:00","FISCAL_YEAR":"3-31","CURRENCY":"HKD","IS_CNY_CODE":0,"DPS_HKD_LY":0.093,"ORG_TYPE":"一般企业","PREMIUM_INCOME":null,"PREMIUM_INCOME_YOY":null,"NET_INTEREST_INCOME":null,"NET_INTEREST_INCOME_YOY":null,"FEE_COMMISSION_INCOME":null,"FEE_COMMISSION_INCOME_YOY":null,"ACCOUNTS_RECE_TDAYS":9.209371670243,"INVENTORY_TDAYS":11.176228886033,"CURRENT_ASSETS_TDAYS":1.996441483214,"TOTAL_ASSETS_TDAYS":1.367472012085,"PREMIUM_EXPENSE":null,"LOAN_DEPOSIT":null,"LOAN_EQUITY":null,"LOAN_ASSETS":null,"DEPOSIT_EQUITY":null,"DEPOSIT_ASSETS":null,"EQUITY_MULTIPLIER":3.073563100563,"EQUITY_RATIO":2.073404369192},{"SECUCODE":"00406.HK","SECURITY_CODE":"00406","SECURITY_NAME_ABBR":"有利集团","ORG_CODE":"10008887","STD_REPORT_DATE":"2021-06-30 00:00:00","REPORT_DATE":"2021-09-30 00:00:00","DATE_TYPE_CODE":"002","REPORT_TYPE":"2021年中报","PER_NETCASH_OPERATE":0.800008680308,"PER_OI":5.941065807609,"BPS":2.841242788097,"BASIC_EPS":0.086721546,"DILUTED_EPS":0.086721546,"OPERATE_INCOME":2602505264.86,"OPERATE_INCOME_YOY":-8.4293413632,"GROSS_PROFIT":227810253.72,"GROSS_PROFIT_YOY":-5.088601696854,"HOLDER_PROFIT":37971707.86,"HOLDER_PROFIT_YOY":-39.757077529,"GROSS_PROFIT_RATIO":8.753498284748,"EPS_TTM":0.29023557172,"OPERATE_INCOME_QOQ":0,"NET_PROFIT_RATIO":1.4316119142,"ROE_AVG":3.067086503332,"GROSS_PROFIT_QOQ":0,"ROA":0.855420578813,"HOLDER_PROFIT_QOQ":0,"ROE_YEARLY":6.134173006665,"ROIC_YEARLY":2.09428894925,"TOTAL_ASSETS":4621110445.12,"TOTAL_LIABILITIES":3375487476.84,"TAX_EBT":13.160653955186,"OCF_SALES":13.465743457731,"TOTAL_PARENT_EQUITY":1244616631.8,"DEBT_ASSET_RATIO":73.0449427021,"OPERATE_PROFIT":47529405.24,"PRETAX_PROFIT":42904256.12,"NETCASH_OPERATE":350446682.44,"NETCASH_INVEST":8352259.56,"NETCASH_FINANCE":-274070075.52,"END_CASH":626840995.36,"DIVI_RATIO":0.234806676508,"DIVIDEND_RATE":7.575757575758,"CURRENT_RATIO":1.079889021921,"COMMON_ACS":1000000000,"CURRENTDEBT_DEBT":91.604214699522,"ISSUED_COMMON_SHARES":438053600,"HK_COMMON_SHARES":438053600,"PER_SHARES":2000,"TOTAL_MARKET_CAP":433673064,"HKSK_MARKET_CAP":433673064,"PE_TTM":8.1143804659,"PB_TTM":0.281382424218,"REPORT_DATE_SQ":"2020-06-30 00:00:00","REPORT_TYPE_SQ":"2020年中报","OPERATE_INCOME_SQ":2997847303.04,"DPS_HKD":0.075,"OPERATE_INCOME_QOQ_SQ":0,"NET_PROFIT_RATIO_SQ":2.2023345596,"HOLDER_PROFIT_SQ":66485712.64,"HOLDER_PROFIT_QOQ_SQ":0,"ROE_AVG_SQ":5.708424607745,"PE_TTM_SQ":7.763347939011,"PB_TTM_SQ":0.34344721551,"ROA_SQ":1.467918030799,"START_DATE":"2021-04-01 00:00:00","FISCAL_YEAR":"3-31","CURRENCY":"HKD","IS_CNY_CODE":0,"DPS_HKD_LY":0.093,"ORG_TYPE":"一般企业","PREMIUM_INCOME":null,"PREMIUM_INCOME_YOY":null,"NET_INTEREST_INCOME":null,"NET_INTEREST_INCOME_YOY":null,"FEE_COMMISSION_INCOME":null,"FEE_COMMISSION_INCOME_YOY":null,"ACCOUNTS_RECE_TDAYS":4.434561413595,"INVENTORY_TDAYS":3.542274195583,"CURRENT_ASSETS_TDAYS":0.831234579973,"TOTAL_ASSETS_TDAYS":0.586288235504,"PREMIUM_EXPENSE":null,"LOAN_DEPOSIT":null,"LOAN_EQUITY":null,"LOAN_ASSETS":null,"DEPOSIT_EQUITY":null,"DEPOSIT_ASSETS":null,"EQUITY_MULTIPLIER":3.709878962409,"EQUITY_RATIO":2.712070038754},{"SECUCODE":"00406.HK","SECURITY_CODE":"00406","SECURITY_NAME_ABBR":"有利集团","ORG_CODE":"10008887","STD_REPORT_DATE":"2020-12-31 00:00:00","REPORT_DATE":"2021-03-31 00:00:00","DATE_TYPE_CODE":"001","REPORT_TYPE":"2020年年报","PER_NETCASH_OPERATE":1.306565575172,"PER_OI":13.109792673956,"BPS":2.852108389613,"BASIC_EPS":0.290234812,"DILUTED_EPS":0.290234812,"OPERATE_INCOME":5742791876.08,"OPERATE_INCOME_YOY":1.5027881778,"GROSS_PROFIT":486550686.86,"GROSS_PROFIT_YOY":15.823096145708,"HOLDER_PROFIT":127138737.04,"HOLDER_PROFIT_YOY":461.9450927552,"GROSS_PROFIT_RATIO":8.472371929176,"EPS_TTM":0.050637690844,"OPERATE_INCOME_QOQ":0,"NET_PROFIT_RATIO":2.1971502729,"ROE_AVG":10.917656348717,"GROSS_PROFIT_QOQ":0,"ROA":2.961070645101,"HOLDER_PROFIT_QOQ":0,"ROE_YEARLY":10.917656348717,"ROIC_YEARLY":3.433239347642,"TOTAL_ASSETS":4318724429.04,"TOTAL_LIABILITIES":3067602784.68,"TAX_EBT":8.667058204554,"OCF_SALES":9.966332860223,"TOTAL_PARENT_EQUITY":1249376347.66,"DEBT_ASSET_RATIO":71.0302969102,"OPERATE_PROFIT":156371822.88,"PRETAX_PROFIT":138151432.44,"NETCASH_OPERATE":572345753.84,"NETCASH_INVEST":13112967.7,"NETCASH_FINANCE":-530400315.62,"END_CASH":549999194.64,"DIVI_RATIO":1.345820649872,"DIVIDEND_RATE":7.575757575758,"CURRENT_RATIO":1.276470530449,"COMMON_ACS":1000000000,"CURRENTDEBT_DEBT":75.725618166119,"ISSUED_COMMON_SHARES":438053600,"HK_COMMON_SHARES":438053600,"PER_SHARES":2000,"TOTAL_MARKET_CAP":433673064,"HKSK_MARKET_CAP":433673064,"PE_TTM":8.1143804659,"PB_TTM":0.281382424218,"REPORT_DATE_SQ":"2019-12-31 00:00:00","REPORT_TYPE_SQ":"2019年年报","OPERATE_INCOME_SQ":6116451250.9,"DPS_HKD":0.075,"OPERATE_INCOME_QOQ_SQ":0,"NET_PROFIT_RATIO_SQ":-0.6345533874,"HOLDER_PROFIT_SQ":-37974285.7,"HOLDER_PROFIT_QOQ_SQ":0,"ROE_AVG_SQ":-3.128722844058,"PE_TTM_SQ":7.763347939011,"PB_TTM_SQ":0.34344721551,"ROA_SQ":-0.823562760521,"START_DATE":"2020-04-01 00:00:00","FISCAL_YEAR":"3-31","CURRENCY":"HKD","IS_CNY_CODE":0,"DPS_HKD_LY":0.025,"ORG_TYPE":"一般企业","PREMIUM_INCOME":null,"PREMIUM_INCOME_YOY":null,"NET_INTEREST_INCOME":null,"NET_INTEREST_INCOME_YOY":null,"FEE_COMMISSION_INCOME":null,"FEE_COMMISSION_INCOME_YOY":null,"ACCOUNTS_RECE_TDAYS":8.610641208498,"INVENTORY_TDAYS":9.313456193317,"CURRENT_ASSETS_TDAYS":1.961614771504,"TOTAL_ASSETS_TDAYS":1.33750050072,"PREMIUM_EXPENSE":null,"LOAN_DEPOSIT":null,"LOAN_EQUITY":null,"LOAN_ASSETS":null,"DEPOSIT_EQUITY":null,"DEPOSIT_ASSETS":null,"EQUITY_MULTIPLIER":3.451882115948,"EQUITY_RATIO":2.455307234226},{"SECUCODE":"00406.HK","SECURITY_CODE":"00406","SECURITY_NAME_ABBR":"有利集团","ORG_CODE":"10008887","STD_REPORT_DATE":"2020-06-30 00:00:00","REPORT_DATE":"2020-09-30 00:00:00","DATE_TYPE_CODE":"002","REPORT_TYPE":"2020年中报","PER_NETCASH_OPERATE":1.251587490115,"PER_OI":6.843562758165,"BPS":2.755077992647,"BASIC_EPS":0.151754944,"DILUTED_EPS":0.151754944,"OPERATE_INCOME":2997847303.04,"OPERATE_INCOME_YOY":5.3871973785,"GROSS_PROFIT":240024125.44,"GROSS_PROFIT_YOY":8.761070092994,"HOLDER_PROFIT":66485712.64,"HOLDER_PROFIT_YOY":978.2670656976,"GROSS_PROFIT_RATIO":8.006549406189,"EPS_TTM":-0.086688673943,"OPERATE_INCOME_QOQ":0,"NET_PROFIT_RATIO":2.2023345596,"ROE_AVG":5.708424607745,"GROSS_PROFIT_QOQ":0,"ROA":1.467918030799,"HOLDER_PROFIT_QOQ":0,"ROE_YEARLY":11.41684921549,"ROIC_YEARLY":3.50043505612,"TOTAL_ASSETS":4620484625.28,"TOTAL_LIABILITIES":3411262216.32,"TAX_EBT":12.081675637725,"OCF_SALES":18.288536751156,"TOTAL_PARENT_EQUITY":1206871832.96,"DEBT_ASSET_RATIO":73.8291000398,"OPERATE_PROFIT":85511758.08,"PRETAX_PROFIT":75095411.2,"NETCASH_OPERATE":548262405.76,"NETCASH_INVEST":-15024354.56,"NETCASH_FINANCE":-244326338.56,"END_CASH":794019300.48,"DIVI_RATIO":-0.786137875921,"DIVIDEND_RATE":7.575757575758,"CURRENT_RATIO":1.398575500658,"COMMON_ACS":1000000000,"CURRENTDEBT_DEBT":66.954527739117,"ISSUED_COMMON_SHARES":438053600,"HK_COMMON_SHARES":438053600,"PER_SHARES":2000,"TOTAL_MARKET_CAP":433673064,"HKSK_MARKET_CAP":433673064,"PE_TTM":8.1143804659,"PB_TTM":0.281382424218,"REPORT_DATE_SQ":"2019-06-30 00:00:00","REPORT_TYPE_SQ":"2019年中报","OPERATE_INCOME_SQ":2919997596.12,"DPS_HKD":0.075,"OPERATE_INCOME_QOQ_SQ":0,"NET_PROFIT_RATIO_SQ":0.2040953759,"HOLDER_PROFIT_SQ":6329404.17,"HOLDER_PROFIT_QOQ_SQ":0,"ROE_AVG_SQ":0.516793962562,"PE_TTM_SQ":7.763347939011,"PB_TTM_SQ":0.34344721551,"ROA_SQ":0.138434381521,"START_DATE":"2020-04-01 00:00:00","FISCAL_YEAR":"3-31","CURRENCY":"HKD","IS_CNY_CODE":0,"DPS_HKD_LY":0.025,"ORG_TYPE":"一般企业","PREMIUM_INCOME":null,"PREMIUM_INCOME_YOY":null,"NET_INTEREST_INCOME":null,"NET_INTEREST_INCOME_YOY":null,"FEE_COMMISSION_INCOME":null,"FEE_COMMISSION_INCOME_YOY":null,"ACCOUNTS_RECE_TDAYS":4.29866703291,"INVENTORY_TDAYS":5.282638243079,"CURRENT_ASSETS_TDAYS":0.967203433798,"TOTAL_ASSETS_TDAYS":0.661885679641,"PREMIUM_EXPENSE":null,"LOAN_DEPOSIT":null,"LOAN_EQUITY":null,"LOAN_ASSETS":null,"DEPOSIT_EQUITY":null,"DEPOSIT_ASSETS":null,"EQUITY_MULTIPLIER":3.821037876117,"EQUITY_RATIO":2.826532298756}],"count":48},"success":true,"message":"ok","code":0}