{"version":"56e0b35ffe46eaa15856a595f0a97fa5","result":{"pages":5,"data":[{"SECUCODE":"00401.HK","SECURITY_CODE":"00401","SECURITY_NAME_ABBR":"万嘉集团","ORG_CODE":"10337011","STD_REPORT_DATE":"2024-06-30 00:00:00","REPORT_DATE":"2024-09-30 00:00:00","DATE_TYPE_CODE":"002","REPORT_TYPE":"2024年中报","PER_NETCASH_OPERATE":0.017962650819,"PER_OI":0.134723905394,"BPS":0.123864864044,"BASIC_EPS":0.001983938,"DILUTED_EPS":0.001983938,"OPERATE_INCOME":75475314.05,"OPERATE_INCOME_YOY":-10.36488064,"GROSS_PROFIT":23837015.07,"GROSS_PROFIT_YOY":-2.595833095852,"HOLDER_PROFIT":1132648.24,"HOLDER_PROFIT_YOY":141.1803278689,"GROSS_PROFIT_RATIO":31.582531811936,"EPS_TTM":-0.064690677182,"OPERATE_INCOME_QOQ":0,"NET_PROFIT_RATIO":1.5795447757,"ROE_AVG":1.669801976907,"GROSS_PROFIT_QOQ":0,"ROA":1.054186530585,"HOLDER_PROFIT_QOQ":0,"ROE_YEARLY":3.339603953815,"ROIC_YEARLY":2.722754838255,"TOTAL_ASSETS":109285224.73,"TOTAL_LIABILITIES":38295414.14,"TAX_EBT":16.223067173638,"OCF_SALES":13.332935061832,"TOTAL_PARENT_EQUITY":69391838.71,"DEBT_ASSET_RATIO":35.0417123949,"OPERATE_PROFIT":2088545.64,"PRETAX_PROFIT":1423024.62,"NETCASH_OPERATE":10063074.61,"NETCASH_INVEST":23446.54,"NETCASH_FINANCE":1469917.7,"END_CASH":28913190.98,"DIVI_RATIO":null,"DIVIDEND_RATE":null,"CURRENT_RATIO":2.073785676159,"COMMON_ACS":1000000000,"CURRENTDEBT_DEBT":74.998822587482,"ISSUED_COMMON_SHARES":560222136,"HK_COMMON_SHARES":560222136,"PER_SHARES":20000,"TOTAL_MARKET_CAP":43137104.472,"HKSK_MARKET_CAP":43137104.472,"PE_TTM":-1.209304602394,"PB_TTM":0.560593438147,"REPORT_DATE_SQ":"2023-06-30 00:00:00","REPORT_TYPE_SQ":"2023年中报","OPERATE_INCOME_SQ":85681865.99,"DPS_HKD":null,"OPERATE_INCOME_QOQ_SQ":0,"NET_PROFIT_RATIO_SQ":-3.2482623456,"HOLDER_PROFIT_SQ":-2798771.5,"HOLDER_PROFIT_QOQ_SQ":0,"ROE_AVG_SQ":-2.66200016583,"PE_TTM_SQ":27.220824789969,"PB_TTM_SQ":0.31304659978,"ROA_SQ":-1.74925441615,"START_DATE":"2024-04-01 00:00:00","FISCAL_YEAR":"3-31","CURRENCY":"HKD","IS_CNY_CODE":0,"DPS_HKD_LY":null,"ORG_TYPE":"一般企业","PREMIUM_INCOME":null,"PREMIUM_INCOME_YOY":null,"NET_INTEREST_INCOME":null,"NET_INTEREST_INCOME_YOY":null,"FEE_COMMISSION_INCOME":null,"FEE_COMMISSION_INCOME_YOY":null,"ACCOUNTS_RECE_TDAYS":2.857655012292,"INVENTORY_TDAYS":7.360627289672,"CURRENT_ASSETS_TDAYS":1.345146255223,"TOTAL_ASSETS_TDAYS":0.70246928087,"PREMIUM_EXPENSE":null,"LOAN_DEPOSIT":null,"LOAN_EQUITY":null,"LOAN_ASSETS":null,"DEPOSIT_EQUITY":null,"DEPOSIT_ASSETS":null,"EQUITY_MULTIPLIER":1.539449448051,"EQUITY_RATIO":0.55187201913},{"SECUCODE":"00401.HK","SECURITY_CODE":"00401","SECURITY_NAME_ABBR":"万嘉集团","ORG_CODE":"10337011","STD_REPORT_DATE":"2023-12-31 00:00:00","REPORT_DATE":"2024-03-31 00:00:00","DATE_TYPE_CODE":"001","REPORT_TYPE":"2023年年报","PER_NETCASH_OPERATE":0.01505247215,"PER_OI":0.293042602301,"BPS":0.11891809002,"BASIC_EPS":-0.06472767,"DILUTED_EPS":-0.06472767,"OPERATE_INCOME":164168952.6,"OPERATE_INCOME_YOY":4.2544127298,"GROSS_PROFIT":49624547,"GROSS_PROFIT_YOY":-0.436971345185,"HOLDER_PROFIT":-36241149.35,"HOLDER_PROFIT_YOY":-2296.5384615385,"GROSS_PROFIT_RATIO":30.22772955183,"EPS_TTM":0.001893893996,"OPERATE_INCOME_QOQ":0,"NET_PROFIT_RATIO":-22.2511209772,"ROE_AVG":-41.711140673501,"GROSS_PROFIT_QOQ":0,"ROA":-27.518249933746,"HOLDER_PROFIT_QOQ":0,"ROE_YEARLY":-41.711140673501,"ROIC_YEARLY":-30.905113100484,"TOTAL_ASSETS":106157911.55,"TOTAL_LIABILITIES":37989884.3,"TAX_EBT":2.075384577997,"OCF_SALES":5.136615642878,"TOTAL_PARENT_EQUITY":66620546.4,"DEBT_ASSET_RATIO":35.786201655,"OPERATE_PROFIT":-35752518.9,"PRETAX_PROFIT":-37303625.95,"NETCASH_OPERATE":8432728.1,"NETCASH_INVEST":611014.7,"NETCASH_FINANCE":-944625.1,"END_CASH":16524593.4,"DIVI_RATIO":null,"DIVIDEND_RATE":null,"CURRENT_RATIO":1.923256809723,"COMMON_ACS":1000000000,"CURRENTDEBT_DEBT":72.450245788193,"ISSUED_COMMON_SHARES":560222136,"HK_COMMON_SHARES":560222136,"PER_SHARES":20000,"TOTAL_MARKET_CAP":33613328.16,"HKSK_MARKET_CAP":33613328.16,"PE_TTM":-0.942315274593,"PB_TTM":0.436826055699,"REPORT_DATE_SQ":"2022-12-31 00:00:00","REPORT_TYPE_SQ":"2022年年报","OPERATE_INCOME_SQ":152060467.82,"DPS_HKD":null,"OPERATE_INCOME_QOQ_SQ":0,"NET_PROFIT_RATIO_SQ":1.1157039067,"HOLDER_PROFIT_SQ":1593246.2,"HOLDER_PROFIT_QOQ_SQ":0,"ROE_AVG_SQ":1.489507971323,"PE_TTM_SQ":43.465510551724,"PB_TTM_SQ":0.499864731907,"ROA_SQ":0.996534032732,"START_DATE":"2023-04-01 00:00:00","FISCAL_YEAR":"3-31","CURRENCY":"HKD","IS_CNY_CODE":0,"DPS_HKD_LY":null,"ORG_TYPE":"一般企业","PREMIUM_INCOME":null,"PREMIUM_INCOME_YOY":null,"NET_INTEREST_INCOME":null,"NET_INTEREST_INCOME_YOY":null,"FEE_COMMISSION_INCOME":null,"FEE_COMMISSION_INCOME_YOY":null,"ACCOUNTS_RECE_TDAYS":4.372038000507,"INVENTORY_TDAYS":12.259447921215,"CURRENT_ASSETS_TDAYS":2.677667620378,"TOTAL_ASSETS_TDAYS":1.246550495786,"PREMIUM_EXPENSE":null,"LOAN_DEPOSIT":null,"LOAN_EQUITY":null,"LOAN_ASSETS":null,"DEPOSIT_EQUITY":null,"DEPOSIT_ASSETS":null,"EQUITY_MULTIPLIER":1.557297692666,"EQUITY_RATIO":0.570242760723},{"SECUCODE":"00401.HK","SECURITY_CODE":"00401","SECURITY_NAME_ABBR":"万嘉集团","ORG_CODE":"10337011","STD_REPORT_DATE":"2023-06-30 00:00:00","REPORT_DATE":"2023-09-30 00:00:00","DATE_TYPE_CODE":"002","REPORT_TYPE":"2023年中报","PER_NETCASH_OPERATE":0.016471479235,"PER_OI":0.15294266414,"BPS":0.181739907221,"BASIC_EPS":-0.004955202,"DILUTED_EPS":-0.004955202,"OPERATE_INCOME":85681865.99,"OPERATE_INCOME_YOY":3.5797484081,"GROSS_PROFIT":24472274.47,"GROSS_PROFIT_YOY":1.196537842603,"HOLDER_PROFIT":-2798771.5,"HOLDER_PROFIT_YOY":-21.7079010375,"GROSS_PROFIT_RATIO":28.561789810759,"EPS_TTM":0.002843954385,"OPERATE_INCOME_QOQ":0,"NET_PROFIT_RATIO":-3.2482623456,"ROE_AVG":-2.66200016583,"GROSS_PROFIT_QOQ":0,"ROA":-1.74925441615,"HOLDER_PROFIT_QOQ":0,"ROE_YEARLY":-5.324000331659,"ROIC_YEARLY":-3.824235623068,"TOTAL_ASSETS":160834845.36,"TOTAL_LIABILITIES":57156419.81,"TAX_EBT":-5.057152753724,"OCF_SALES":10.769708588136,"TOTAL_PARENT_EQUITY":101814719.02,"DEBT_ASSET_RATIO":35.5373362545,"OPERATE_PROFIT":-1829754.22,"PRETAX_PROFIT":-2649197.81,"NETCASH_OPERATE":9227687.28,"NETCASH_INVEST":-233078.02,"NETCASH_FINANCE":1269999.92,"END_CASH":14466436.95,"DIVI_RATIO":null,"DIVIDEND_RATE":null,"CURRENT_RATIO":1.719980465173,"COMMON_ACS":1000000000,"CURRENTDEBT_DEBT":78.897683304702,"ISSUED_COMMON_SHARES":560222136,"HK_COMMON_SHARES":560222136,"PER_SHARES":20000,"TOTAL_MARKET_CAP":33613328.16,"HKSK_MARKET_CAP":33613328.16,"PE_TTM":-0.942315274593,"PB_TTM":0.436826055699,"REPORT_DATE_SQ":"2022-06-30 00:00:00","REPORT_TYPE_SQ":"2022年中报","OPERATE_INCOME_SQ":81531648.24,"DPS_HKD":null,"OPERATE_INCOME_QOQ_SQ":0,"NET_PROFIT_RATIO_SQ":-2.7577485413,"HOLDER_PROFIT_SQ":-2266526.64,"HOLDER_PROFIT_QOQ_SQ":0,"ROE_AVG_SQ":-2.097632838919,"PE_TTM_SQ":43.465510551724,"PB_TTM_SQ":0.499864731907,"ROA_SQ":-1.35068854933,"START_DATE":"2023-04-01 00:00:00","FISCAL_YEAR":"3-31","CURRENCY":"HKD","IS_CNY_CODE":0,"DPS_HKD_LY":null,"ORG_TYPE":"一般企业","PREMIUM_INCOME":null,"PREMIUM_INCOME_YOY":null,"NET_INTEREST_INCOME":null,"NET_INTEREST_INCOME_YOY":null,"FEE_COMMISSION_INCOME":null,"FEE_COMMISSION_INCOME_YOY":null,"ACCOUNTS_RECE_TDAYS":1.736203049461,"INVENTORY_TDAYS":5.447447937934,"CURRENT_ASSETS_TDAYS":1.157081428058,"TOTAL_ASSETS_TDAYS":0.535518467538,"PREMIUM_EXPENSE":null,"LOAN_DEPOSIT":null,"LOAN_EQUITY":null,"LOAN_ASSETS":null,"DEPOSIT_EQUITY":null,"DEPOSIT_ASSETS":null,"EQUITY_MULTIPLIER":1.551285568881,"EQUITY_RATIO":0.561376786777},{"SECUCODE":"00401.HK","SECURITY_CODE":"00401","SECURITY_NAME_ABBR":"万嘉集团","ORG_CODE":"10337011","STD_REPORT_DATE":"2022-12-31 00:00:00","REPORT_DATE":"2023-03-31 00:00:00","DATE_TYPE_CODE":"001","REPORT_TYPE":"2022年年报","PER_NETCASH_OPERATE":0.014665116428,"PER_OI":0.271428881596,"BPS":0.184696085929,"BASIC_EPS":0.002801312,"DILUTED_EPS":0.002801312,"OPERATE_INCOME":152060467.82,"OPERATE_INCOME_YOY":12.1939246753,"GROSS_PROFIT":49842343.76,"GROSS_PROFIT_YOY":13.318445999518,"HOLDER_PROFIT":1593246.2,"HOLDER_PROFIT_YOY":103.5686974254,"GROSS_PROFIT_RATIO":32.777976073966,"EPS_TTM":-0.078490494474,"OPERATE_INCOME_QOQ":0,"NET_PROFIT_RATIO":1.1157039067,"ROE_AVG":1.489507971323,"GROSS_PROFIT_QOQ":0,"ROA":0.996534032732,"HOLDER_PROFIT_QOQ":0,"ROE_YEARLY":1.489507971323,"ROIC_YEARLY":1.053012222463,"TOTAL_ASSETS":151838113.68,"TOTAL_LIABILITIES":46590195.61,"TAX_EBT":21.059063136456,"OCF_SALES":5.402931457323,"TOTAL_PARENT_EQUITY":103470835.77,"DEBT_ASSET_RATIO":30.6841243485,"OPERATE_PROFIT":3915708.93,"PRETAX_PROFIT":2149131.55,"NETCASH_OPERATE":8215722.85,"NETCASH_INVEST":-3365076.04,"NETCASH_FINANCE":-702078.82,"END_CASH":8645549.16,"DIVI_RATIO":null,"DIVIDEND_RATE":null,"CURRENT_RATIO":2.01893680727,"COMMON_ACS":1000000000,"CURRENTDEBT_DEBT":71.539429924278,"ISSUED_COMMON_SHARES":560222136,"HK_COMMON_SHARES":560222136,"PER_SHARES":20000,"TOTAL_MARKET_CAP":33613328.16,"HKSK_MARKET_CAP":33613328.16,"PE_TTM":-0.942315274593,"PB_TTM":0.436826055699,"REPORT_DATE_SQ":"2021-12-31 00:00:00","REPORT_TYPE_SQ":"2021年年报","OPERATE_INCOME_SQ":125563001.23,"DPS_HKD":null,"OPERATE_INCOME_QOQ_SQ":0,"NET_PROFIT_RATIO_SQ":-32.9001504944,"HOLDER_PROFIT_SQ":-41360698.99,"HOLDER_PROFIT_QOQ_SQ":0,"ROE_AVG_SQ":-34.518491444661,"PE_TTM_SQ":43.465510551724,"PB_TTM_SQ":0.499864731907,"ROA_SQ":-24.553869115682,"START_DATE":"2022-04-01 00:00:00","FISCAL_YEAR":"3-31","CURRENCY":"HKD","IS_CNY_CODE":0,"DPS_HKD_LY":null,"ORG_TYPE":"一般企业","PREMIUM_INCOME":null,"PREMIUM_INCOME_YOY":null,"NET_INTEREST_INCOME":null,"NET_INTEREST_INCOME_YOY":null,"FEE_COMMISSION_INCOME":null,"FEE_COMMISSION_INCOME_YOY":null,"ACCOUNTS_RECE_TDAYS":3.110347112174,"INVENTORY_TDAYS":8.559929623928,"CURRENT_ASSETS_TDAYS":2.194287591112,"TOTAL_ASSETS_TDAYS":0.951098651394,"PREMIUM_EXPENSE":null,"LOAN_DEPOSIT":null,"LOAN_EQUITY":null,"LOAN_ASSETS":null,"DEPOSIT_EQUITY":null,"DEPOSIT_ASSETS":null,"EQUITY_MULTIPLIER":1.442670947458,"EQUITY_RATIO":0.45027369561},{"SECUCODE":"00401.HK","SECURITY_CODE":"00401","SECURITY_NAME_ABBR":"万嘉集团","ORG_CODE":"10337011","STD_REPORT_DATE":"2022-06-30 00:00:00","REPORT_DATE":"2022-09-30 00:00:00","DATE_TYPE_CODE":"002","REPORT_TYPE":"2022年中报","PER_NETCASH_OPERATE":0.022448663471,"PER_OI":0.145534499622,"BPS":0.182038399639,"BASIC_EPS":-0.00406998,"DILUTED_EPS":-0.00406998,"OPERATE_INCOME":81531648.24,"OPERATE_INCOME_YOY":28.2651072125,"GROSS_PROFIT":24182916.72,"GROSS_PROFIT_YOY":5.510200934392,"HOLDER_PROFIT":-2266526.64,"HOLDER_PROFIT_YOY":-705.3140096618,"GROSS_PROFIT_RATIO":29.660772524571,"EPS_TTM":-0.073829105157,"OPERATE_INCOME_QOQ":0,"NET_PROFIT_RATIO":-2.7577485413,"ROE_AVG":-2.097632838919,"GROSS_PROFIT_QOQ":0,"ROA":-1.35068854933,"HOLDER_PROFIT_QOQ":0,"ROE_YEARLY":-4.195265677838,"ROIC_YEARLY":-2.878259721018,"TOTAL_ASSETS":162122678.88,"TOTAL_LIABILITIES":58408735.2,"TAX_EBT":-18.947368421053,"OCF_SALES":15.424977259113,"TOTAL_PARENT_EQUITY":101981941.08,"DEBT_ASSET_RATIO":36.0274920224,"OPERATE_PROFIT":-1041914.88,"PRETAX_PROFIT":-1890279.6,"NETCASH_OPERATE":12576238.2,"NETCASH_INVEST":-399762.48,"NETCASH_FINANCE":3689210.76,"END_CASH":11942225.76,"DIVI_RATIO":null,"DIVIDEND_RATE":null,"CURRENT_RATIO":1.658275798864,"COMMON_ACS":1000000000,"CURRENTDEBT_DEBT":76.031279033757,"ISSUED_COMMON_SHARES":560222136,"HK_COMMON_SHARES":560222136,"PER_SHARES":20000,"TOTAL_MARKET_CAP":33613328.16,"HKSK_MARKET_CAP":33613328.16,"PE_TTM":-0.942315274593,"PB_TTM":0.436826055699,"REPORT_DATE_SQ":"2021-06-30 00:00:00","REPORT_TYPE_SQ":"2021年中报","OPERATE_INCOME_SQ":58548289.86,"DPS_HKD":null,"OPERATE_INCOME_QOQ_SQ":0,"NET_PROFIT_RATIO_SQ":0.6658983224,"HOLDER_PROFIT_SQ":344886.84,"HOLDER_PROFIT_QOQ_SQ":0,"ROE_AVG_SQ":0.241700309131,"PE_TTM_SQ":43.465510551724,"PB_TTM_SQ":0.499864731907,"ROA_SQ":0.183475667315,"START_DATE":"2022-04-01 00:00:00","FISCAL_YEAR":"3-31","CURRENCY":"HKD","IS_CNY_CODE":0,"DPS_HKD_LY":null,"ORG_TYPE":"一般企业","PREMIUM_INCOME":null,"PREMIUM_INCOME_YOY":null,"NET_INTEREST_INCOME":null,"NET_INTEREST_INCOME_YOY":null,"FEE_COMMISSION_INCOME":null,"FEE_COMMISSION_INCOME_YOY":null,"ACCOUNTS_RECE_TDAYS":1.5922213489,"INVENTORY_TDAYS":4.1347200939,"CURRENT_ASSETS_TDAYS":1.106927969744,"TOTAL_ASSETS_TDAYS":0.485870590455,"PREMIUM_EXPENSE":null,"LOAN_DEPOSIT":null,"LOAN_EQUITY":null,"LOAN_ASSETS":null,"DEPOSIT_EQUITY":null,"DEPOSIT_ASSETS":null,"EQUITY_MULTIPLIER":1.563171480396,"EQUITY_RATIO":0.572736060732},{"SECUCODE":"00401.HK","SECURITY_CODE":"00401","SECURITY_NAME_ABBR":"万嘉集团","ORG_CODE":"10337011","STD_REPORT_DATE":"2021-12-31 00:00:00","REPORT_DATE":"2022-03-31 00:00:00","DATE_TYPE_CODE":"001","REPORT_TYPE":"2021年年报","PER_NETCASH_OPERATE":0.003069034744,"PER_OI":0.224130738793,"BPS":0.182664025953,"BASIC_EPS":-0.07380191,"DILUTED_EPS":-0.07380191,"OPERATE_INCOME":125563001.23,"OPERATE_INCOME_YOY":35.7072734604,"GROSS_PROFIT":43984316.34,"GROSS_PROFIT_YOY":25.898392779579,"HOLDER_PROFIT":-41360698.99,"HOLDER_PROFIT_YOY":-1024.3165784832,"GROSS_PROFIT_RATIO":35.029679052854,"EPS_TTM":-0.000061763572,"OPERATE_INCOME_QOQ":0,"NET_PROFIT_RATIO":-32.9001504944,"ROE_AVG":-34.518491444661,"GROSS_PROFIT_QOQ":0,"ROA":-24.553869115682,"HOLDER_PROFIT_QOQ":0,"ROE_YEARLY":-34.518491444661,"ROIC_YEARLY":-26.781320975174,"TOTAL_ASSETS":155566316.18,"TOTAL_LIABILITIES":51679179.22,"TAX_EBT":-4.612762112095,"OCF_SALES":1.36930559413,"TOTAL_PARENT_EQUITY":102332430.79,"DEBT_ASSET_RATIO":33.2200314882,"OPERATE_PROFIT":-38428086.83,"PRETAX_PROFIT":-39488887.91,"NETCASH_OPERATE":1719341.2,"NETCASH_INVEST":-5622732.33,"NETCASH_FINANCE":-12140008.69,"END_CASH":4677905.68,"DIVI_RATIO":null,"DIVIDEND_RATE":null,"CURRENT_RATIO":1.791435735022,"COMMON_ACS":1000000000,"CURRENTDEBT_DEBT":71.353692602241,"ISSUED_COMMON_SHARES":560222136,"HK_COMMON_SHARES":560222136,"PER_SHARES":20000,"TOTAL_MARKET_CAP":33613328.16,"HKSK_MARKET_CAP":33613328.16,"PE_TTM":-0.942315274593,"PB_TTM":0.436826055699,"REPORT_DATE_SQ":"2020-12-31 00:00:00","REPORT_TYPE_SQ":"2020年年报","OPERATE_INCOME_SQ":96423205.48,"DPS_HKD":null,"OPERATE_INCOME_QOQ_SQ":0,"NET_PROFIT_RATIO_SQ":-3.9242325965,"HOLDER_PROFIT_SQ":-3833736.48,"HOLDER_PROFIT_QOQ_SQ":0,"ROE_AVG_SQ":-2.78201990837,"PE_TTM_SQ":43.465510551724,"PB_TTM_SQ":0.499864731907,"ROA_SQ":-2.108360233983,"START_DATE":"2021-04-01 00:00:00","FISCAL_YEAR":"3-31","CURRENCY":"HKD","IS_CNY_CODE":0,"DPS_HKD_LY":null,"ORG_TYPE":"一般企业","PREMIUM_INCOME":null,"PREMIUM_INCOME_YOY":null,"NET_INTEREST_INCOME":null,"NET_INTEREST_INCOME_YOY":null,"FEE_COMMISSION_INCOME":null,"FEE_COMMISSION_INCOME_YOY":null,"ACCOUNTS_RECE_TDAYS":3.334546629334,"INVENTORY_TDAYS":8.300107269577,"CURRENT_ASSETS_TDAYS":2.092697597405,"TOTAL_ASSETS_TDAYS":0.745407493892,"PREMIUM_EXPENSE":null,"LOAN_DEPOSIT":null,"LOAN_EQUITY":null,"LOAN_ASSETS":null,"DEPOSIT_EQUITY":null,"DEPOSIT_ASSETS":null,"EQUITY_MULTIPLIER":1.497455033725,"EQUITY_RATIO":0.505012720025},{"SECUCODE":"00401.HK","SECURITY_CODE":"00401","SECURITY_NAME_ABBR":"万嘉集团","ORG_CODE":"10337011","STD_REPORT_DATE":"2021-06-30 00:00:00","REPORT_DATE":"2021-09-30 00:00:00","DATE_TYPE_CODE":"002","REPORT_TYPE":"2021年中报","PER_NETCASH_OPERATE":-0.014132612282,"PER_OI":0.104509061848,"BPS":0.25764656297,"BASIC_EPS":0.000583142,"DILUTED_EPS":0.000583142,"OPERATE_INCOME":58548289.86,"OPERATE_INCOME_YOY":37.4393773467,"GROSS_PROFIT":22919979.78,"GROSS_PROFIT_YOY":65.220567662847,"HOLDER_PROFIT":344886.84,"HOLDER_PROFIT_YOY":110.5316713305,"GROSS_PROFIT_RATIO":39.147137917787,"EPS_TTM":-0.006843243481,"OPERATE_INCOME_QOQ":0,"NET_PROFIT_RATIO":0.6658983224,"ROE_AVG":0.241700309131,"GROSS_PROFIT_QOQ":0,"ROA":0.183475667315,"HOLDER_PROFIT_QOQ":0,"ROE_YEARLY":0.483400618262,"ROIC_YEARLY":0.400913191158,"TOTAL_ASSETS":189686928.94,"TOTAL_LIABILITIES":43799795.62,"TAX_EBT":54.607177497575,"OCF_SALES":-13.522858240492,"TOTAL_PARENT_EQUITY":144339307.84,"DEBT_ASSET_RATIO":23.0905713244,"OPERATE_PROFIT":1410370.58,"PRETAX_PROFIT":858884.86,"NETCASH_OPERATE":-7917402.24,"NETCASH_INVEST":-4333578.12,"NETCASH_FINANCE":-1209603.12,"END_CASH":7919068.36,"DIVI_RATIO":null,"DIVIDEND_RATE":null,"CURRENT_RATIO":1.985447417659,"COMMON_ACS":1000000000,"CURRENTDEBT_DEBT":64.04131083934,"ISSUED_COMMON_SHARES":560222136,"HK_COMMON_SHARES":560222136,"PER_SHARES":20000,"TOTAL_MARKET_CAP":29691773.208,"HKSK_MARKET_CAP":29691773.208,"PE_TTM":-0.832378492557,"PB_TTM":0.385863015868,"REPORT_DATE_SQ":"2020-06-30 00:00:00","REPORT_TYPE_SQ":"2020年中报","OPERATE_INCOME_SQ":44934225.92,"DPS_HKD":null,"OPERATE_INCOME_QOQ_SQ":0,"NET_PROFIT_RATIO_SQ":-7.6306320401,"HOLDER_PROFIT_SQ":-3454248.32,"HOLDER_PROFIT_QOQ_SQ":0,"ROE_AVG_SQ":-2.460404142191,"PE_TTM_SQ":37.757918257053,"PB_TTM_SQ":0.434225928727,"ROA_SQ":-1.868488097954,"START_DATE":"2021-04-01 00:00:00","FISCAL_YEAR":"3-31","CURRENCY":"HKD","IS_CNY_CODE":0,"DPS_HKD_LY":null,"ORG_TYPE":"一般企业","PREMIUM_INCOME":null,"PREMIUM_INCOME_YOY":null,"NET_INTEREST_INCOME":null,"NET_INTEREST_INCOME_YOY":null,"FEE_COMMISSION_INCOME":null,"FEE_COMMISSION_INCOME_YOY":null,"ACCOUNTS_RECE_TDAYS":1.814054333097,"INVENTORY_TDAYS":4.020682523268,"CURRENT_ASSETS_TDAYS":1.053972586305,"TOTAL_ASSETS_TDAYS":0.311469888275,"PREMIUM_EXPENSE":null,"LOAN_DEPOSIT":null,"LOAN_EQUITY":null,"LOAN_ASSETS":null,"DEPOSIT_EQUITY":null,"DEPOSIT_ASSETS":null,"EQUITY_MULTIPLIER":1.300230696314,"EQUITY_RATIO":0.303450226244},{"SECUCODE":"00401.HK","SECURITY_CODE":"00401","SECURITY_NAME_ABBR":"万嘉集团","ORG_CODE":"10337011","STD_REPORT_DATE":"2020-12-31 00:00:00","REPORT_DATE":"2021-03-31 00:00:00","DATE_TYPE_CODE":"001","REPORT_TYPE":"2020年年报","PER_NETCASH_OPERATE":0.011482347031,"PER_OI":0.172116021992,"BPS":0.255428287146,"BASIC_EPS":-0.006845958,"DILUTED_EPS":-0.006845958,"OPERATE_INCOME":96423205.48,"OPERATE_INCOME_YOY":17.6423275622,"GROSS_PROFIT":34936360.48,"GROSS_PROFIT_YOY":50.820997561298,"HOLDER_PROFIT":-3833736.48,"HOLDER_PROFIT_YOY":78.1334361743,"GROSS_PROFIT_RATIO":36.232315972161,"EPS_TTM":-0.021277936169,"OPERATE_INCOME_QOQ":0,"NET_PROFIT_RATIO":-3.9242325965,"ROE_AVG":-2.78201990837,"GROSS_PROFIT_QOQ":0,"ROA":-2.108360233983,"HOLDER_PROFIT_QOQ":0,"ROE_YEARLY":-2.78201990837,"ROIC_YEARLY":-2.405912944777,"TOTAL_ASSETS":188971260.66,"TOTAL_LIABILITIES":44382092.16,"TAX_EBT":-30.63904289466,"OCF_SALES":6.67128306716,"TOTAL_PARENT_EQUITY":143096580.62,"DEBT_ASSET_RATIO":23.4861597499,"OPERATE_PROFIT":-1765581.02,"PRETAX_PROFIT":-2896431.86,"NETCASH_OPERATE":6432664.98,"NETCASH_INVEST":-10002705.3,"NETCASH_FINANCE":3657093.86,"END_CASH":21213172.82,"DIVI_RATIO":null,"DIVIDEND_RATE":null,"CURRENT_RATIO":2.020658646251,"COMMON_ACS":1000000000,"CURRENTDEBT_DEBT":62.68281535649,"ISSUED_COMMON_SHARES":560222136,"HK_COMMON_SHARES":560222136,"PER_SHARES":20000,"TOTAL_MARKET_CAP":33613328.16,"HKSK_MARKET_CAP":33613328.16,"PE_TTM":-0.942315274593,"PB_TTM":0.436826055699,"REPORT_DATE_SQ":"2019-12-31 00:00:00","REPORT_TYPE_SQ":"2019年年报","OPERATE_INCOME_SQ":88607884.9,"DPS_HKD":null,"OPERATE_INCOME_QOQ_SQ":0,"NET_PROFIT_RATIO_SQ":-21.5174732153,"HOLDER_PROFIT_SQ":-18953792.8,"HOLDER_PROFIT_QOQ_SQ":0,"ROE_AVG_SQ":-17.162737400355,"PE_TTM_SQ":43.465510551724,"PB_TTM_SQ":0.499864731907,"ROA_SQ":-9.575133455961,"START_DATE":"2020-04-01 00:00:00","FISCAL_YEAR":"3-31","CURRENCY":"HKD","IS_CNY_CODE":0,"DPS_HKD_LY":null,"ORG_TYPE":"一般企业","PREMIUM_INCOME":null,"PREMIUM_INCOME_YOY":null,"NET_INTEREST_INCOME":null,"NET_INTEREST_INCOME_YOY":null,"FEE_COMMISSION_INCOME":null,"FEE_COMMISSION_INCOME_YOY":null,"ACCOUNTS_RECE_TDAYS":3.885762942779,"INVENTORY_TDAYS":8.547761720127,"CURRENT_ASSETS_TDAYS":1.816048773499,"TOTAL_ASSETS_TDAYS":0.530278627986,"PREMIUM_EXPENSE":null,"LOAN_DEPOSIT":null,"LOAN_EQUITY":null,"LOAN_ASSETS":null,"DEPOSIT_EQUITY":null,"DEPOSIT_ASSETS":null,"EQUITY_MULTIPLIER":1.30695309075,"EQUITY_RATIO":0.31015480571},{"SECUCODE":"00401.HK","SECURITY_CODE":"00401","SECURITY_NAME_ABBR":"万嘉集团","ORG_CODE":"10337011","STD_REPORT_DATE":"2020-06-30 00:00:00","REPORT_DATE":"2020-09-30 00:00:00","DATE_TYPE_CODE":"002","REPORT_TYPE":"2020年中报","PER_NETCASH_OPERATE":-0.015826373558,"PER_OI":0.080207872971,"BPS":0.255286150135,"BASIC_EPS":-0.00615104,"DILUTED_EPS":-0.00615104,"OPERATE_INCOME":44934225.92,"OPERATE_INCOME_YOY":-0.5929122684,"GROSS_PROFIT":13872352.64,"GROSS_PROFIT_YOY":26.112159723608,"HOLDER_PROFIT":-3454248.32,"HOLDER_PROFIT_YOY":66.1907628795,"GROSS_PROFIT_RATIO":30.872575093867,"EPS_TTM":-0.033832638131,"OPERATE_INCOME_QOQ":0,"NET_PROFIT_RATIO":-7.6306320401,"ROE_AVG":-2.460404142191,"GROSS_PROFIT_QOQ":0,"ROA":-1.868488097954,"HOLDER_PROFIT_QOQ":0,"ROE_YEARLY":-4.920808284383,"ROIC_YEARLY":-4.185844689296,"TOTAL_ASSETS":188105832.96,"TOTAL_LIABILITIES":43769921.92,"TAX_EBT":-9.17739227756,"OCF_SALES":-19.731695869837,"TOTAL_PARENT_EQUITY":143016952.32,"DEBT_ASSET_RATIO":23.2687744081,"OPERATE_PROFIT":-2556196.48,"PRETAX_PROFIT":-3140545.28,"NETCASH_OPERATE":-8866284.8,"NETCASH_INVEST":-3155483.52,"NETCASH_FINANCE":206499.2,"END_CASH":15174615.68,"DIVI_RATIO":null,"DIVIDEND_RATE":null,"CURRENT_RATIO":2.080175709208,"COMMON_ACS":1000000000,"CURRENTDEBT_DEBT":59.870309770934,"ISSUED_COMMON_SHARES":560222136,"HK_COMMON_SHARES":560222136,"PER_SHARES":20000,"TOTAL_MARKET_CAP":29691773.208,"HKSK_MARKET_CAP":29691773.208,"PE_TTM":-0.832378492557,"PB_TTM":0.385863015868,"REPORT_DATE_SQ":"2019-06-30 00:00:00","REPORT_TYPE_SQ":"2019年中报","OPERATE_INCOME_SQ":46400296.41,"DPS_HKD":null,"OPERATE_INCOME_QOQ_SQ":0,"NET_PROFIT_RATIO_SQ":-22.6220330087,"HOLDER_PROFIT_SQ":-10487670.27,"HOLDER_PROFIT_QOQ_SQ":0,"ROE_AVG_SQ":-12.838363818052,"PE_TTM_SQ":37.757918257053,"PB_TTM_SQ":0.434225928727,"ROA_SQ":-5.128555738363,"START_DATE":"2020-04-01 00:00:00","FISCAL_YEAR":"3-31","CURRENCY":"HKD","IS_CNY_CODE":0,"DPS_HKD_LY":null,"ORG_TYPE":"一般企业","PREMIUM_INCOME":null,"PREMIUM_INCOME_YOY":null,"NET_INTEREST_INCOME":null,"NET_INTEREST_INCOME_YOY":null,"FEE_COMMISSION_INCOME":null,"FEE_COMMISSION_INCOME_YOY":null,"ACCOUNTS_RECE_TDAYS":1.651306229212,"INVENTORY_TDAYS":4.119689994756,"CURRENT_ASSETS_TDAYS":0.844072133042,"TOTAL_ASSETS_TDAYS":0.243060308769,"PREMIUM_EXPENSE":null,"LOAN_DEPOSIT":null,"LOAN_EQUITY":null,"LOAN_ASSETS":null,"DEPOSIT_EQUITY":null,"DEPOSIT_ASSETS":null,"EQUITY_MULTIPLIER":1.303250394199,"EQUITY_RATIO":0.306047088894}],"count":37},"success":true,"message":"ok","code":0}