{"version":"565d3a5ca7f81cf07a5fc9aa7746f4d0","result":{"pages":6,"data":[{"SECUCODE":"00411.HK","SECURITY_CODE":"00411","SECURITY_NAME_ABBR":"南顺(香港)","ORG_CODE":"10008890","STD_REPORT_DATE":"2024-06-30 00:00:00","REPORT_DATE":"2024-12-31 00:00:00","DATE_TYPE_CODE":"002","REPORT_TYPE":"2024年中报","PER_NETCASH_OPERATE":null,"PER_OI":10.200170291558,"BPS":11.455537110203,"BASIC_EPS":0.740832,"DILUTED_EPS":0.740832,"OPERATE_INCOME":2482253924.16,"OPERATE_INCOME_YOY":0.8024320407,"GROSS_PROFIT":586803766.8,"GROSS_PROFIT_YOY":11.202155626047,"HOLDER_PROFIT":174266837.4,"HOLDER_PROFIT_YOY":46.023604634,"GROSS_PROFIT_RATIO":23.639957261769,"EPS_TTM":0.752330231619,"OPERATE_INCOME_QOQ":-6.141726534848,"NET_PROFIT_RATIO":7.0205080836,"ROE_AVG":6.363378912442,"GROSS_PROFIT_QOQ":-1.042674641381,"ROA":5.148953984054,"HOLDER_PROFIT_QOQ":16.040286999586,"ROE_YEARLY":12.726757824883,"ROIC_YEARLY":20.307315613734,"TOTAL_ASSETS":3484728339.72,"TOTAL_LIABILITIES":696975671.64,"TAX_EBT":19.514051947941,"OCF_SALES":null,"TOTAL_PARENT_EQUITY":2787752668.08,"DEBT_ASSET_RATIO":20.0008610053,"OPERATE_PROFIT":216669282.96,"PRETAX_PROFIT":216518338.44,"NETCASH_OPERATE":null,"NETCASH_INVEST":null,"NETCASH_FINANCE":null,"END_CASH":null,"DIVI_RATIO":0.484138726176,"DIVIDEND_RATE":4.819277108434,"CURRENT_RATIO":4.18427963441,"COMMON_ACS":null,"CURRENTDEBT_DEBT":95.218038879094,"ISSUED_COMMON_SHARES":243354165,"HK_COMMON_SHARES":243354165,"PER_SHARES":1000,"TOTAL_MARKET_CAP":2019839569.5,"HKSK_MARKET_CAP":2019839569.5,"PE_TTM":7.77127389568,"PB_TTM":0.670953437282,"REPORT_DATE_SQ":"2023-06-30 00:00:00","REPORT_TYPE_SQ":"2023年中报","OPERATE_INCOME_SQ":2409789412.52,"DPS_HKD":0.4,"OPERATE_INCOME_QOQ_SQ":-5.783386737181,"NET_PROFIT_RATIO_SQ":4.8463691248,"HOLDER_PROFIT_SQ":116787290.06,"HOLDER_PROFIT_QOQ_SQ":-32.301363143842,"ROE_AVG_SQ":4.532389901661,"PE_TTM_SQ":25.804112447129,"PB_TTM_SQ":0.759316571273,"ROA_SQ":3.670381915039,"START_DATE":"2024-07-01 00:00:00","FISCAL_YEAR":"6-30","CURRENCY":"HKD","IS_CNY_CODE":0,"DPS_HKD_LY":0.42,"ORG_TYPE":"一般企业","PREMIUM_INCOME":null,"PREMIUM_INCOME_YOY":null,"NET_INTEREST_INCOME":null,"NET_INTEREST_INCOME_YOY":null,"FEE_COMMISSION_INCOME":null,"FEE_COMMISSION_INCOME_YOY":null,"ACCOUNTS_RECE_TDAYS":6.924264596666,"INVENTORY_TDAYS":3.069041030574,"CURRENT_ASSETS_TDAYS":0.935110150439,"TOTAL_ASSETS_TDAYS":0.733416146349,"PREMIUM_EXPENSE":null,"LOAN_DEPOSIT":null,"LOAN_EQUITY":null,"LOAN_ASSETS":null,"DEPOSIT_EQUITY":null,"DEPOSIT_ASSETS":null,"EQUITY_MULTIPLIER":1.250013453353,"EQUITY_RATIO":0.250013453353},{"SECUCODE":"00411.HK","SECURITY_CODE":"00411","SECURITY_NAME_ABBR":"南顺(香港)","ORG_CODE":"10008890","STD_REPORT_DATE":"2023-12-31 00:00:00","REPORT_DATE":"2024-06-30 00:00:00","DATE_TYPE_CODE":"001","REPORT_TYPE":"2023年年报","PER_NETCASH_OPERATE":0.895187428578,"PER_OI":18.142969025412,"BPS":10.892052115237,"BASIC_EPS":0.775778,"DILUTED_EPS":0.775778,"OPERATE_INCOME":4415167077.8,"OPERATE_INCOME_YOY":-5.4963158374,"GROSS_PROFIT":924451746.64,"GROSS_PROFIT_YOY":14.46481927445,"HOLDER_PROFIT":183082695.32,"HOLDER_PROFIT_YOY":135.0338023878,"GROSS_PROFIT_RATIO":20.938092043861,"EPS_TTM":0.648335376508,"OPERATE_INCOME_QOQ":-0.327991019504,"NET_PROFIT_RATIO":4.1466764925,"ROE_AVG":7.05026732104,"GROSS_PROFIT_QOQ":15.670890315226,"ROA":5.754768470539,"HOLDER_PROFIT_QOQ":100.501933909679,"ROE_YEARLY":7.05026732104,"ROIC_YEARLY":10.534853945023,"TOTAL_ASSETS":3236908149.96,"TOTAL_LIABILITIES":586281902.32,"TAX_EBT":17.97454172238,"OCF_SALES":4.934073509819,"TOTAL_PARENT_EQUITY":2650626247.64,"DEBT_ASSET_RATIO":18.1124046516,"OPERATE_PROFIT":223434103.48,"PRETAX_PROFIT":223202282.76,"NETCASH_OPERATE":217847589.2,"NETCASH_INVEST":-104280078.76,"NETCASH_FINANCE":-76222470.2,"END_CASH":701355334.76,"DIVI_RATIO":0.561795967331,"DIVIDEND_RATE":4.819277108434,"CURRENT_RATIO":4.423133477301,"COMMON_ACS":null,"CURRENTDEBT_DEBT":96.235993362122,"ISSUED_COMMON_SHARES":243354165,"HK_COMMON_SHARES":243354165,"PER_SHARES":1000,"TOTAL_MARKET_CAP":2019839569.5,"HKSK_MARKET_CAP":2019839569.5,"PE_TTM":7.77127389568,"PB_TTM":0.670953437282,"REPORT_DATE_SQ":"2022-12-31 00:00:00","REPORT_TYPE_SQ":"2022年年报","OPERATE_INCOME_SQ":4719558457.24,"DPS_HKD":0.4,"OPERATE_INCOME_QOQ_SQ":-4.079970342863,"NET_PROFIT_RATIO_SQ":1.6673184946,"HOLDER_PROFIT_SQ":78690071.02,"HOLDER_PROFIT_QOQ_SQ":-47.167016759712,"ROE_AVG_SQ":2.97101856656,"PE_TTM_SQ":25.804112447129,"PB_TTM_SQ":0.790419164412,"ROA_SQ":2.362295059507,"START_DATE":"2023-07-01 00:00:00","FISCAL_YEAR":"6-30","CURRENCY":"HKD","IS_CNY_CODE":0,"DPS_HKD_LY":0.33,"ORG_TYPE":"一般企业","PREMIUM_INCOME":null,"PREMIUM_INCOME_YOY":null,"NET_INTEREST_INCOME":null,"NET_INTEREST_INCOME_YOY":null,"FEE_COMMISSION_INCOME":null,"FEE_COMMISSION_INCOME_YOY":null,"ACCOUNTS_RECE_TDAYS":13.526049945547,"INVENTORY_TDAYS":5.857702091945,"CURRENT_ASSETS_TDAYS":1.833870374653,"TOTAL_ASSETS_TDAYS":1.387802612752,"PREMIUM_EXPENSE":null,"LOAN_DEPOSIT":null,"LOAN_EQUITY":null,"LOAN_ASSETS":null,"DEPOSIT_EQUITY":null,"DEPOSIT_ASSETS":null,"EQUITY_MULTIPLIER":1.221186183018,"EQUITY_RATIO":0.221186183017},{"SECUCODE":"00411.HK","SECURITY_CODE":"00411","SECURITY_NAME_ABBR":"南顺(香港)","ORG_CODE":"10008890","STD_REPORT_DATE":"2023-06-30 00:00:00","REPORT_DATE":"2023-12-31 00:00:00","DATE_TYPE_CODE":"002","REPORT_TYPE":"2023年中报","PER_NETCASH_OPERATE":0.431563363709,"PER_OI":9.902396420953,"BPS":10.800885046204,"BASIC_EPS":0.498421,"DILUTED_EPS":0.498421,"OPERATE_INCOME":2409789412.52,"OPERATE_INCOME_YOY":-2.0581603406,"GROSS_PROFIT":527690999.78,"GROSS_PROFIT_YOY":31.551690930666,"HOLDER_PROFIT":116787290.06,"HOLDER_PROFIT_YOY":205.3356078376,"GROSS_PROFIT_RATIO":21.897805552568,"EPS_TTM":0.323356171118,"OPERATE_INCOME_QOQ":-5.783386737181,"NET_PROFIT_RATIO":4.8463691248,"ROE_AVG":4.532389901661,"GROSS_PROFIT_QOQ":-6.841516215184,"ROA":3.670381915039,"HOLDER_PROFIT_QOQ":-32.301363143842,"ROE_YEARLY":9.064779803322,"ROIC_YEARLY":12.81863378348,"TOTAL_ASSETS":3259984173.46,"TOTAL_LIABILITIES":631543811.78,"TAX_EBT":18.530201978696,"OCF_SALES":4.358170945326,"TOTAL_PARENT_EQUITY":2628440361.68,"DEBT_ASSET_RATIO":19.3726036133,"OPERATE_PROFIT":143469125.52,"PRETAX_PROFIT":143350410.7,"NETCASH_OPERATE":105022742.02,"NETCASH_INVEST":-16974406.82,"NETCASH_FINANCE":-45570178.92,"END_CASH":724241055.58,"DIVI_RATIO":1.126411779125,"DIVIDEND_RATE":4.819277108434,"CURRENT_RATIO":4.084904186744,"COMMON_ACS":null,"CURRENTDEBT_DEBT":96.454866487109,"ISSUED_COMMON_SHARES":243354165,"HK_COMMON_SHARES":243354165,"PER_SHARES":1000,"TOTAL_MARKET_CAP":2019839569.5,"HKSK_MARKET_CAP":2019839569.5,"PE_TTM":7.77127389568,"PB_TTM":0.670953437282,"REPORT_DATE_SQ":"2022-06-30 00:00:00","REPORT_TYPE_SQ":"2022年中报","OPERATE_INCOME_SQ":2425269140.42,"DPS_HKD":0.4,"OPERATE_INCOME_QOQ_SQ":7.36558839494,"NET_PROFIT_RATIO_SQ":1.5545592966,"HOLDER_PROFIT_SQ":37702246.89,"HOLDER_PROFIT_QOQ_SQ":-7.792701379799,"ROE_AVG_SQ":1.456828423738,"PE_TTM_SQ":25.804112447129,"PB_TTM_SQ":0.790419164412,"ROA_SQ":1.143167611903,"START_DATE":"2023-07-01 00:00:00","FISCAL_YEAR":"6-30","CURRENCY":"HKD","IS_CNY_CODE":0,"DPS_HKD_LY":0.33,"ORG_TYPE":"一般企业","PREMIUM_INCOME":null,"PREMIUM_INCOME_YOY":null,"NET_INTEREST_INCOME":null,"NET_INTEREST_INCOME_YOY":null,"FEE_COMMISSION_INCOME":null,"FEE_COMMISSION_INCOME_YOY":null,"ACCOUNTS_RECE_TDAYS":6.737165601303,"INVENTORY_TDAYS":3.113692277938,"CURRENT_ASSETS_TDAYS":1.00586820696,"TOTAL_ASSETS_TDAYS":0.757346751879,"PREMIUM_EXPENSE":null,"LOAN_DEPOSIT":null,"LOAN_EQUITY":null,"LOAN_ASSETS":null,"DEPOSIT_EQUITY":null,"DEPOSIT_ASSETS":null,"EQUITY_MULTIPLIER":1.240273213343,"EQUITY_RATIO":0.240273213343},{"SECUCODE":"00411.HK","SECURITY_CODE":"00411","SECURITY_NAME_ABBR":"南顺(香港)","ORG_CODE":"10008890","STD_REPORT_DATE":"2022-12-31 00:00:00","REPORT_DATE":"2023-06-30 00:00:00","DATE_TYPE_CODE":"001","REPORT_TYPE":"2022年年报","PER_NETCASH_OPERATE":0.601309345661,"PER_OI":19.393785420685,"BPS":10.556321728621,"BASIC_EPS":0.3319128,"DILUTED_EPS":0.3319128,"OPERATE_INCOME":4719558457.24,"OPERATE_INCOME_YOY":-16.1741613835,"GROSS_PROFIT":807629586.54,"GROSS_PROFIT_YOY":-17.404650205525,"HOLDER_PROFIT":78690071.02,"HOLDER_PROFIT_YOY":-66.8238358081,"GROSS_PROFIT_RATIO":17.112397141751,"EPS_TTM":0.477640593865,"OPERATE_INCOME_QOQ":-4.079970342863,"NET_PROFIT_RATIO":1.6673184946,"ROE_AVG":2.97101856656,"GROSS_PROFIT_QOQ":-11.338885693696,"ROA":2.362295059507,"HOLDER_PROFIT_QOQ":-47.167016759712,"ROE_YEARLY":2.97101856656,"ROIC_YEARLY":4.037660674522,"TOTAL_ASSETS":3157761216.44,"TOTAL_LIABILITIES":588836356.7,"TAX_EBT":5.765642424176,"OCF_SALES":3.100525929402,"TOTAL_PARENT_EQUITY":2568924859.74,"DEBT_ASSET_RATIO":18.6472730628,"OPERATE_PROFIT":83696422.42,"PRETAX_PROFIT":83504650.58,"NETCASH_OPERATE":146331133.72,"NETCASH_INVEST":-232499384.52,"NETCASH_FINANCE":-98492357.46,"END_CASH":673213200.36,"DIVI_RATIO":0.762565419855,"DIVIDEND_RATE":4.819277108434,"CURRENT_RATIO":4.085792509614,"COMMON_ACS":null,"CURRENTDEBT_DEBT":97.394408649292,"ISSUED_COMMON_SHARES":243354165,"HK_COMMON_SHARES":243354165,"PER_SHARES":1000,"TOTAL_MARKET_CAP":2019839569.5,"HKSK_MARKET_CAP":2019839569.5,"PE_TTM":7.77127389568,"PB_TTM":0.670953437282,"REPORT_DATE_SQ":"2021-12-31 00:00:00","REPORT_TYPE_SQ":"2021年年报","OPERATE_INCOME_SQ":5222333185.65,"DPS_HKD":0.4,"OPERATE_INCOME_QOQ_SQ":1.465363175875,"NET_PROFIT_RATIO_SQ":4.2127947716,"HOLDER_PROFIT_SQ":220006179.4,"HOLDER_PROFIT_QOQ_SQ":-19.834411484817,"ROE_AVG_SQ":8.810592300509,"PE_TTM_SQ":25.804112447129,"PB_TTM_SQ":0.790419164412,"ROA_SQ":6.881826971781,"START_DATE":"2022-07-01 00:00:00","FISCAL_YEAR":"6-30","CURRENCY":"HKD","IS_CNY_CODE":0,"DPS_HKD_LY":0.43,"ORG_TYPE":"一般企业","PREMIUM_INCOME":null,"PREMIUM_INCOME_YOY":null,"NET_INTEREST_INCOME":null,"NET_INTEREST_INCOME_YOY":null,"FEE_COMMISSION_INCOME":null,"FEE_COMMISSION_INCOME_YOY":null,"ACCOUNTS_RECE_TDAYS":13.423219382745,"INVENTORY_TDAYS":5.521412077326,"CURRENT_ASSETS_TDAYS":1.907473200869,"TOTAL_ASSETS_TDAYS":1.416822920869,"PREMIUM_EXPENSE":null,"LOAN_DEPOSIT":null,"LOAN_EQUITY":null,"LOAN_ASSETS":null,"DEPOSIT_EQUITY":null,"DEPOSIT_ASSETS":null,"EQUITY_MULTIPLIER":1.229215095361,"EQUITY_RATIO":0.229215095361},{"SECUCODE":"00411.HK","SECURITY_CODE":"00411","SECURITY_NAME_ABBR":"南顺(香港)","ORG_CODE":"10008890","STD_REPORT_DATE":"2022-06-30 00:00:00","REPORT_DATE":"2022-12-31 00:00:00","DATE_TYPE_CODE":"002","REPORT_TYPE":"2022年中报","PER_NETCASH_OPERATE":-0.05471850416,"PER_OI":9.966006295475,"BPS":10.407212088932,"BASIC_EPS":0.1607886,"DILUTED_EPS":0.1607886,"OPERATE_INCOME":2425269140.42,"OPERATE_INCOME_YOY":-15.8629050327,"GROSS_PROFIT":401128253.12,"GROSS_PROFIT_YOY":-21.654876770297,"HOLDER_PROFIT":37702246.89,"HOLDER_PROFIT_YOY":-75.607684039,"GROSS_PROFIT_RATIO":16.539535610078,"EPS_TTM":0.904057587837,"OPERATE_INCOME_QOQ":7.36558839494,"NET_PROFIT_RATIO":1.5545592966,"ROE_AVG":1.456828423738,"GROSS_PROFIT_QOQ":1.337432109672,"ROA":1.143167611903,"HOLDER_PROFIT_QOQ":-7.792701379799,"ROE_YEARLY":2.913656847477,"ROIC_YEARLY":3.788964540904,"TOTAL_ASSETS":3200816873.66,"TOTAL_LIABILITIES":668178465.78,"TAX_EBT":16.748195195077,"OCF_SALES":-0.549051470951,"TOTAL_PARENT_EQUITY":2532638407.88,"DEBT_ASSET_RATIO":20.875248168,"OPERATE_PROFIT":45381689.08,"PRETAX_PROFIT":45287002.46,"NETCASH_OPERATE":-13315975.89,"NETCASH_INVEST":-187480400.87,"NETCASH_FINANCE":-72067237.06,"END_CASH":589512643.23,"DIVI_RATIO":0.402886060468,"DIVIDEND_RATE":4.819277108434,"CURRENT_RATIO":3.605328860799,"COMMON_ACS":null,"CURRENTDEBT_DEBT":98.041614194387,"ISSUED_COMMON_SHARES":243354165,"HK_COMMON_SHARES":243354165,"PER_SHARES":1000,"TOTAL_MARKET_CAP":2019839569.5,"HKSK_MARKET_CAP":2019839569.5,"PE_TTM":7.77127389568,"PB_TTM":0.670953437282,"REPORT_DATE_SQ":"2021-06-30 00:00:00","REPORT_TYPE_SQ":"2021年中报","OPERATE_INCOME_SQ":2638338785.6,"DPS_HKD":0.4,"OPERATE_INCOME_QOQ_SQ":2.389804604921,"NET_PROFIT_RATIO_SQ":5.3621846888,"HOLDER_PROFIT_SQ":141472598.4,"HOLDER_PROFIT_QOQ_SQ":-7.614198468054,"ROE_AVG_SQ":5.88506882392,"PE_TTM_SQ":25.804112447129,"PB_TTM_SQ":0.790419164412,"ROA_SQ":4.638113296761,"START_DATE":"2022-07-01 00:00:00","FISCAL_YEAR":"6-30","CURRENCY":"HKD","IS_CNY_CODE":0,"DPS_HKD_LY":0.43,"ORG_TYPE":"一般企业","PREMIUM_INCOME":null,"PREMIUM_INCOME_YOY":null,"NET_INTEREST_INCOME":null,"NET_INTEREST_INCOME_YOY":null,"FEE_COMMISSION_INCOME":null,"FEE_COMMISSION_INCOME_YOY":null,"ACCOUNTS_RECE_TDAYS":6.411258120199,"INVENTORY_TDAYS":2.674670253369,"CURRENT_ASSETS_TDAYS":0.992739413427,"TOTAL_ASSETS_TDAYS":0.735364430551,"PREMIUM_EXPENSE":null,"LOAN_DEPOSIT":null,"LOAN_EQUITY":null,"LOAN_ASSETS":null,"DEPOSIT_EQUITY":null,"DEPOSIT_ASSETS":null,"EQUITY_MULTIPLIER":1.263827028644,"EQUITY_RATIO":0.263827028644},{"SECUCODE":"00411.HK","SECURITY_CODE":"00411","SECURITY_NAME_ABBR":"南顺(香港)","ORG_CODE":"10008890","STD_REPORT_DATE":"2021-12-31 00:00:00","REPORT_DATE":"2022-06-30 00:00:00","DATE_TYPE_CODE":"001","REPORT_TYPE":"2021年年报","PER_NETCASH_OPERATE":0.947053563065,"PER_OI":21.459806063521,"BPS":10.398890249362,"BASIC_EPS":0.9321571,"DILUTED_EPS":0.9321571,"OPERATE_INCOME":5222333185.65,"OPERATE_INCOME_YOY":5.995003166,"GROSS_PROFIT":977814838.91,"GROSS_PROFIT_YOY":-8.505719039782,"HOLDER_PROFIT":220006179.4,"HOLDER_PROFIT_YOY":-28.0789940117,"GROSS_PROFIT_RATIO":18.723716089139,"EPS_TTM":0.980462069018,"OPERATE_INCOME_QOQ":1.465363175875,"NET_PROFIT_RATIO":4.2127947716,"ROE_AVG":8.810592300509,"GROSS_PROFIT_QOQ":-9.713243117115,"ROA":6.881826971781,"HOLDER_PROFIT_QOQ":-19.834411484817,"ROE_YEARLY":8.810592300509,"ROIC_YEARLY":11.563359352315,"TOTAL_ASSETS":3250543837.59,"TOTAL_LIABILITIES":719930584.03,"TAX_EBT":9.86963574384,"OCF_SALES":4.413150614045,"TOTAL_PARENT_EQUITY":2530613253.56,"DEBT_ASSET_RATIO":22.1480041495,"OPERATE_PROFIT":244350873.13,"PRETAX_PROFIT":244097736.89,"NETCASH_OPERATE":230469429.05,"NETCASH_INVEST":-316778624.61,"NETCASH_FINANCE":-117098601.13,"END_CASH":863707692.4,"DIVI_RATIO":0.371490352875,"DIVIDEND_RATE":4.819277108434,"CURRENT_RATIO":3.413669008257,"COMMON_ACS":null,"CURRENTDEBT_DEBT":98.330793253326,"ISSUED_COMMON_SHARES":243354165,"HK_COMMON_SHARES":243354165,"PER_SHARES":1000,"TOTAL_MARKET_CAP":2019839569.5,"HKSK_MARKET_CAP":2019839569.5,"PE_TTM":7.77127389568,"PB_TTM":0.670953437282,"REPORT_DATE_SQ":"2020-12-31 00:00:00","REPORT_TYPE_SQ":"2020年年报","OPERATE_INCOME_SQ":4793819235.84,"DPS_HKD":0.4,"OPERATE_INCOME_QOQ_SQ":0.120431101221,"NET_PROFIT_RATIO_SQ":6.2086895062,"HOLDER_PROFIT_SQ":297633351.84,"HOLDER_PROFIT_QOQ_SQ":11.29846494988,"ROE_AVG_SQ":13.353013926857,"PE_TTM_SQ":25.804112447129,"PB_TTM_SQ":0.790419164412,"ROA_SQ":10.382140065054,"START_DATE":"2021-07-01 00:00:00","FISCAL_YEAR":"6-30","CURRENCY":"HKD","IS_CNY_CODE":0,"DPS_HKD_LY":0.48,"ORG_TYPE":"一般企业","PREMIUM_INCOME":null,"PREMIUM_INCOME_YOY":null,"NET_INTEREST_INCOME":null,"NET_INTEREST_INCOME_YOY":null,"FEE_COMMISSION_INCOME":null,"FEE_COMMISSION_INCOME_YOY":null,"ACCOUNTS_RECE_TDAYS":15.846469233514,"INVENTORY_TDAYS":5.775181679979,"CURRENT_ASSETS_TDAYS":2.187133784516,"TOTAL_ASSETS_TDAYS":1.633553815199,"PREMIUM_EXPENSE":null,"LOAN_DEPOSIT":null,"LOAN_EQUITY":null,"LOAN_ASSETS":null,"DEPOSIT_EQUITY":null,"DEPOSIT_ASSETS":null,"EQUITY_MULTIPLIER":1.284488585136,"EQUITY_RATIO":0.284488585135},{"SECUCODE":"00411.HK","SECURITY_CODE":"00411","SECURITY_NAME_ABBR":"南顺(香港)","ORG_CODE":"10008890","STD_REPORT_DATE":"2021-06-30 00:00:00","REPORT_DATE":"2021-12-31 00:00:00","DATE_TYPE_CODE":"002","REPORT_TYPE":"2021年中报","PER_NETCASH_OPERATE":0.528375246012,"PER_OI":10.841560018502,"BPS":10.07838455364,"BASIC_EPS":0.596848,"DILUTED_EPS":0.596848,"OPERATE_INCOME":2638338785.6,"OPERATE_INCOME_YOY":5.7561133879,"GROSS_PROFIT":512001560,"GROSS_PROFIT_YOY":-16.857034016039,"HOLDER_PROFIT":141472598.4,"HOLDER_PROFIT_YOY":-27.3677450227,"GROSS_PROFIT_RATIO":19.406209801201,"EPS_TTM":1.223046056516,"OPERATE_INCOME_QOQ":2.389804604921,"NET_PROFIT_RATIO":5.3621846888,"ROE_AVG":5.88506882392,"GROSS_PROFIT_QOQ":-4.326688013846,"ROA":4.638113296761,"HOLDER_PROFIT_QOQ":-7.614198468054,"ROE_YEARLY":11.77013764784,"ROIC_YEARLY":15.39956693891,"TOTAL_ASSETS":3095314230.4,"TOTAL_LIABILITIES":642697372.8,"TAX_EBT":8.037436821378,"OCF_SALES":4.873609011163,"TOTAL_PARENT_EQUITY":2452616857.6,"DEBT_ASSET_RATIO":20.7635582355,"OPERATE_PROFIT":153968796.8,"PRETAX_PROFIT":153837163.2,"NETCASH_OPERATE":128582316.8,"NETCASH_INVEST":-195002505.6,"NETCASH_FINANCE":-76160257.6,"END_CASH":919044537.6,"DIVI_RATIO":0.297807427659,"DIVIDEND_RATE":4.819277108434,"CURRENT_RATIO":3.593810484861,"COMMON_ACS":null,"CURRENTDEBT_DEBT":98.457659418022,"ISSUED_COMMON_SHARES":243354165,"HK_COMMON_SHARES":243354165,"PER_SHARES":1000,"TOTAL_MARKET_CAP":2019839569.5,"HKSK_MARKET_CAP":2019839569.5,"PE_TTM":7.77127389568,"PB_TTM":0.670953437282,"REPORT_DATE_SQ":"2020-06-30 00:00:00","REPORT_TYPE_SQ":"2020年中报","OPERATE_INCOME_SQ":2568091923.8,"DPS_HKD":0.4,"OPERATE_INCOME_QOQ_SQ":-1.254533217414,"NET_PROFIT_RATIO_SQ":7.8076030013,"HOLDER_PROFIT_SQ":200506422.12,"HOLDER_PROFIT_QOQ_SQ":-0.351604100353,"ROE_AVG_SQ":9.065203345213,"PE_TTM_SQ":25.804112447129,"PB_TTM_SQ":0.790419164412,"ROA_SQ":7.010140490886,"START_DATE":"2021-07-01 00:00:00","FISCAL_YEAR":"6-30","CURRENCY":"HKD","IS_CNY_CODE":0,"DPS_HKD_LY":0.48,"ORG_TYPE":"一般企业","PREMIUM_INCOME":null,"PREMIUM_INCOME_YOY":null,"NET_INTEREST_INCOME":null,"NET_INTEREST_INCOME_YOY":null,"FEE_COMMISSION_INCOME":null,"FEE_COMMISSION_INCOME_YOY":null,"ACCOUNTS_RECE_TDAYS":8.562439883196,"INVENTORY_TDAYS":3.093134570132,"CURRENT_ASSETS_TDAYS":1.164998256256,"TOTAL_ASSETS_TDAYS":0.864967091949,"PREMIUM_EXPENSE":null,"LOAN_DEPOSIT":null,"LOAN_EQUITY":null,"LOAN_ASSETS":null,"DEPOSIT_EQUITY":null,"DEPOSIT_ASSETS":null,"EQUITY_MULTIPLIER":1.262045566069,"EQUITY_RATIO":0.262045566069},{"SECUCODE":"00411.HK","SECURITY_CODE":"00411","SECURITY_NAME_ABBR":"南顺(香港)","ORG_CODE":"10008890","STD_REPORT_DATE":"2020-12-31 00:00:00","REPORT_DATE":"2021-06-30 00:00:00","DATE_TYPE_CODE":"001","REPORT_TYPE":"2020年年报","PER_NETCASH_OPERATE":0.788621224215,"PER_OI":19.698940578395,"BPS":9.849610476977,"BASIC_EPS":1.2564408,"DILUTED_EPS":1.2564408,"OPERATE_INCOME":4793819235.84,"OPERATE_INCOME_YOY":12.5367496465,"GROSS_PROFIT":1068716895.36,"GROSS_PROFIT_YOY":-1.977936805016,"HOLDER_PROFIT":297633351.84,"HOLDER_PROFIT_YOY":12.8780109123,"GROSS_PROFIT_RATIO":22.293641933137,"EPS_TTM":1.323846344606,"OPERATE_INCOME_QOQ":0.120431101221,"NET_PROFIT_RATIO":6.2086895062,"ROE_AVG":13.353013926857,"GROSS_PROFIT_QOQ":2.454970106156,"ROA":10.382140065054,"HOLDER_PROFIT_QOQ":11.29846494988,"ROE_YEARLY":13.353013926857,"ROIC_YEARLY":18.459183662938,"TOTAL_ASSETS":3058344987.36,"TOTAL_LIABILITIES":661401254.16,"TAX_EBT":14.986227073841,"OCF_SALES":4.003368714556,"TOTAL_PARENT_EQUITY":2396943733.2,"DEBT_ASSET_RATIO":21.626116638,"OPERATE_PROFIT":350335634.88,"PRETAX_PROFIT":350100156.24,"NETCASH_OPERATE":191914259.52,"NETCASH_INVEST":-231755914.08,"NETCASH_FINANCE":-107493086.88,"END_CASH":1062840746.4,"DIVI_RATIO":0.275131779065,"DIVIDEND_RATE":4.819277108434,"CURRENT_RATIO":3.546434485667,"COMMON_ACS":null,"CURRENTDEBT_DEBT":97.849604404203,"ISSUED_COMMON_SHARES":243354165,"HK_COMMON_SHARES":243354165,"PER_SHARES":1000,"TOTAL_MARKET_CAP":2019839569.5,"HKSK_MARKET_CAP":2019839569.5,"PE_TTM":7.77127389568,"PB_TTM":0.670953437282,"REPORT_DATE_SQ":"2019-12-31 00:00:00","REPORT_TYPE_SQ":"2019年年报","OPERATE_INCOME_SQ":4676298533.28,"DPS_HKD":0.4,"OPERATE_INCOME_QOQ_SQ":1.26712904353,"NET_PROFIT_RATIO_SQ":6.1899189305,"HOLDER_PROFIT_SQ":289459088.16,"HOLDER_PROFIT_QOQ_SQ":-2.898475195883,"ROE_AVG_SQ":13.201708824518,"PE_TTM_SQ":25.804112447129,"PB_TTM_SQ":0.790419164412,"ROA_SQ":10.097122459182,"START_DATE":"2020-07-01 00:00:00","FISCAL_YEAR":"6-30","CURRENCY":"HKD","IS_CNY_CODE":0,"DPS_HKD_LY":0.46,"ORG_TYPE":"一般企业","PREMIUM_INCOME":null,"PREMIUM_INCOME_YOY":null,"NET_INTEREST_INCOME":null,"NET_INTEREST_INCOME_YOY":null,"FEE_COMMISSION_INCOME":null,"FEE_COMMISSION_INCOME_YOY":null,"ACCOUNTS_RECE_TDAYS":16.413297588964,"INVENTORY_TDAYS":5.985513708497,"CURRENT_ASSETS_TDAYS":2.181771498717,"TOTAL_ASSETS_TDAYS":1.672195083157,"PREMIUM_EXPENSE":null,"LOAN_DEPOSIT":null,"LOAN_EQUITY":null,"LOAN_ASSETS":null,"DEPOSIT_EQUITY":null,"DEPOSIT_ASSETS":null,"EQUITY_MULTIPLIER":1.275935244118,"EQUITY_RATIO":0.275935244119},{"SECUCODE":"00411.HK","SECURITY_CODE":"00411","SECURITY_NAME_ABBR":"南顺(香港)","ORG_CODE":"10008890","STD_REPORT_DATE":"2020-06-30 00:00:00","REPORT_DATE":"2020-12-31 00:00:00","DATE_TYPE_CODE":"002","REPORT_TYPE":"2020年中报","PER_NETCASH_OPERATE":0.529665577575,"PER_OI":10.552898997229,"BPS":9.61148188789,"BASIC_EPS":0.8500564,"DILUTED_EPS":0.8500564,"OPERATE_INCOME":2568091923.8,"OPERATE_INCOME_YOY":6.6665944205,"GROSS_PROFIT":615808630.28,"GROSS_PROFIT_YOY":4.544000688874,"HOLDER_PROFIT":200506422.12,"HOLDER_PROFIT_YOY":27.176297878,"GROSS_PROFIT_RATIO":23.979228491509,"EPS_TTM":1.189456067703,"OPERATE_INCOME_QOQ":-1.254533217414,"NET_PROFIT_RATIO":7.8076030013,"ROE_AVG":9.065203345213,"GROSS_PROFIT_QOQ":3.997301034997,"ROA":7.010140490886,"HOLDER_PROFIT_QOQ":-0.351604100353,"ROE_YEARLY":18.130406690426,"ROIC_YEARLY":26.208207577215,"TOTAL_ASSETS":3014512087.68,"TOTAL_LIABILITIES":675517938.44,"TAX_EBT":18.995093455561,"OCF_SALES":5.019147607819,"TOTAL_PARENT_EQUITY":2338994149.24,"DEBT_ASSET_RATIO":22.408864811,"OPERATE_PROFIT":247630687.36,"PRETAX_PROFIT":247523799.08,"NETCASH_OPERATE":128896324.36,"NETCASH_INVEST":-303212592.96,"NETCASH_FINANCE":-71763276.24,"END_CASH":964085153.76,"DIVI_RATIO":0.306217446688,"DIVIDEND_RATE":4.819277108434,"CURRENT_RATIO":3.609220635245,"COMMON_ACS":null,"CURRENTDEBT_DEBT":96.426333225769,"ISSUED_COMMON_SHARES":243354165,"HK_COMMON_SHARES":243354165,"PER_SHARES":1000,"TOTAL_MARKET_CAP":2019839569.5,"HKSK_MARKET_CAP":2019839569.5,"PE_TTM":7.77127389568,"PB_TTM":0.670953437282,"REPORT_DATE_SQ":"2019-06-30 00:00:00","REPORT_TYPE_SQ":"2019年中报","OPERATE_INCOME_SQ":2562460205.98,"DPS_HKD":0.4,"OPERATE_INCOME_QOQ_SQ":-0.223486087049,"NET_PROFIT_RATIO_SQ":6.5484719766,"HOLDER_PROFIT_SQ":167801988.5,"HOLDER_PROFIT_QOQ_SQ":1.06152472825,"ROE_AVG_SQ":7.912978150127,"PE_TTM_SQ":25.804112447129,"PB_TTM_SQ":0.790419164412,"ROA_SQ":5.958269056442,"START_DATE":"2020-07-01 00:00:00","FISCAL_YEAR":"6-30","CURRENCY":"HKD","IS_CNY_CODE":0,"DPS_HKD_LY":0.46,"ORG_TYPE":"一般企业","PREMIUM_INCOME":null,"PREMIUM_INCOME_YOY":null,"NET_INTEREST_INCOME":null,"NET_INTEREST_INCOME_YOY":null,"FEE_COMMISSION_INCOME":null,"FEE_COMMISSION_INCOME_YOY":null,"ACCOUNTS_RECE_TDAYS":8.159873669235,"INVENTORY_TDAYS":3.297387314198,"CURRENT_ASSETS_TDAYS":1.147921169405,"TOTAL_ASSETS_TDAYS":0.897860776179,"PREMIUM_EXPENSE":null,"LOAN_DEPOSIT":null,"LOAN_EQUITY":null,"LOAN_ASSETS":null,"DEPOSIT_EQUITY":null,"DEPOSIT_ASSETS":null,"EQUITY_MULTIPLIER":1.288807023591,"EQUITY_RATIO":0.288807023592}],"count":48},"success":true,"message":"ok","code":0}