{"version":"a93f7c8af1fcf50e10cc3e0e53394149","result":{"pages":6,"data":[{"SECUCODE":"00419.HK","SECURITY_CODE":"00419","SECURITY_NAME_ABBR":"弘毅文化集团","ORG_CODE":"10008895","STD_REPORT_DATE":"2024-06-30 00:00:00","REPORT_DATE":"2024-06-30 00:00:00","DATE_TYPE_CODE":"002","REPORT_TYPE":"2024年中报","PER_NETCASH_OPERATE":-0.0042629189,"PER_OI":0.032878368327,"BPS":0.015900189012,"BASIC_EPS":-0.00273804,"DILUTED_EPS":-0.00273804,"OPERATE_INCOME":446663766.64,"OPERATE_INCOME_YOY":-22.3476061576,"GROSS_PROFIT":121567150.64,"GROSS_PROFIT_YOY":-38.131075340445,"HOLDER_PROFIT":-37434482.88,"HOLDER_PROFIT_YOY":6.4458738196,"GROSS_PROFIT_RATIO":27.216702969771,"EPS_TTM":-0.006256392962,"OPERATE_INCOME_QOQ":-11.035147931642,"NET_PROFIT_RATIO":-9.4369000282,"ROE_AVG":-15.569714672907,"GROSS_PROFIT_QOQ":-19.998072721479,"ROA":-7.759834117843,"HOLDER_PROFIT_QOQ":3.394965027347,"ROE_YEARLY":-31.139429345815,"ROIC_YEARLY":-14.592935860603,"TOTAL_ASSETS":484490701.92,"TOTAL_LIABILITIES":334868680.76,"TAX_EBT":0.463372055432,"OCF_SALES":-12.965725237945,"TOTAL_PARENT_EQUITY":216009451.68,"DEBT_ASSET_RATIO":69.1176692211,"OPERATE_PROFIT":-34160699.72,"PRETAX_PROFIT":-42347439.32,"NETCASH_OPERATE":-57913196.72,"NETCASH_INVEST":3344059.52,"NETCASH_FINANCE":71605222.08,"END_CASH":41954074.24,"DIVI_RATIO":null,"DIVIDEND_RATE":null,"CURRENT_RATIO":1.217827820003,"COMMON_ACS":150000000000,"CURRENTDEBT_DEBT":49.162594335894,"ISSUED_COMMON_SHARES":13585338609,"HK_COMMON_SHARES":13585338609,"PER_SHARES":10000,"TOTAL_MARKET_CAP":855876332.367,"HKSK_MARKET_CAP":855876332.367,"PE_TTM":-9.07985627531,"PB_TTM":3.616236257022,"REPORT_DATE_SQ":"2023-06-30 00:00:00","REPORT_TYPE_SQ":"2023年中报","OPERATE_INCOME_SQ":581070519.16,"DPS_HKD":null,"OPERATE_INCOME_QOQ_SQ":3.886212744711,"NET_PROFIT_RATIO_SQ":-8.3437793567,"HOLDER_PROFIT_SQ":-40421447.16,"HOLDER_PROFIT_QOQ_SQ":25.229265266798,"ROE_AVG_SQ":-12.056263663738,"PE_TTM_SQ":-7.091303563899,"PB_TTM_SQ":4.086539084367,"ROA_SQ":-7.574231511443,"START_DATE":"2024-01-01 00:00:00","FISCAL_YEAR":"12-31","CURRENCY":"HKD","IS_CNY_CODE":0,"DPS_HKD_LY":null,"ORG_TYPE":"一般企业","PREMIUM_INCOME":null,"PREMIUM_INCOME_YOY":null,"NET_INTEREST_INCOME":null,"NET_INTEREST_INCOME_YOY":null,"FEE_COMMISSION_INCOME":null,"FEE_COMMISSION_INCOME_YOY":null,"ACCOUNTS_RECE_TDAYS":6.397735814525,"INVENTORY_TDAYS":107.808716707022,"CURRENT_ASSETS_TDAYS":2.37101095398,"TOTAL_ASSETS_TDAYS":0.925894113908,"PREMIUM_EXPENSE":null,"LOAN_DEPOSIT":null,"LOAN_EQUITY":null,"LOAN_ASSETS":null,"DEPOSIT_EQUITY":null,"DEPOSIT_ASSETS":null,"EQUITY_MULTIPLIER":3.238097561869,"EQUITY_RATIO":1.550250130981},{"SECUCODE":"00419.HK","SECURITY_CODE":"00419","SECURITY_NAME_ABBR":"弘毅文化集团","ORG_CODE":"10008895","STD_REPORT_DATE":"2023-12-31 00:00:00","REPORT_DATE":"2023-12-31 00:00:00","DATE_TYPE_CODE":"001","REPORT_TYPE":"2023年年报","PER_NETCASH_OPERATE":-0.003448819922,"PER_OI":0.089654576001,"BPS":0.019357537418,"BASIC_EPS":-0.006434162,"DILUTED_EPS":-0.006434162,"OPERATE_INCOME":1217987772.82,"OPERATE_INCOME_YOY":-15.0095706881,"GROSS_PROFIT":374657628.38,"GROSS_PROFIT_YOY":18.801120186627,"HOLDER_PROFIT":-87982181.14,"HOLDER_PROFIT_YOY":64.039188088,"GROSS_PROFIT_RATIO":30.760376806785,"EPS_TTM":-0.006476259714,"OPERATE_INCOME_QOQ":-22.431346939516,"NET_PROFIT_RATIO":-9.3267193986,"ROE_AVG":-28.622642037875,"GROSS_PROFIT_QOQ":-17.711280963821,"ROA":-17.407246041607,"HOLDER_PROFIT_QOQ":51.207987198407,"ROE_YEARLY":-28.622642037875,"ROIC_YEARLY":-16.799732829447,"TOTAL_ASSETS":476936336.24,"TOTAL_LIABILITIES":275036863.78,"TAX_EBT":0.05767494734,"OCF_SALES":-3.846786272043,"TOTAL_PARENT_EQUITY":262978700.46,"DEBT_ASSET_RATIO":57.6674165672,"OPERATE_PROFIT":-103739534.5,"PRETAX_PROFIT":-108416535.92,"NETCASH_OPERATE":-46853386.44,"NETCASH_INVEST":-18765097.54,"NETCASH_FINANCE":55280326.22,"END_CASH":24501470.14,"DIVI_RATIO":null,"DIVIDEND_RATE":null,"CURRENT_RATIO":0.722574924897,"COMMON_ACS":150000000000,"CURRENTDEBT_DEBT":88.073107324901,"ISSUED_COMMON_SHARES":13585338609,"HK_COMMON_SHARES":13585338609,"PER_SHARES":10000,"TOTAL_MARKET_CAP":855876332.367,"HKSK_MARKET_CAP":855876332.367,"PE_TTM":-9.07985627531,"PB_TTM":3.616236257022,"REPORT_DATE_SQ":"2022-12-31 00:00:00","REPORT_TYPE_SQ":"2022年年报","OPERATE_INCOME_SQ":1412609138.57,"DPS_HKD":null,"OPERATE_INCOME_QOQ_SQ":118.854811151907,"NET_PROFIT_RATIO_SQ":-18.7107911594,"HOLDER_PROFIT_SQ":-241165034.6,"HOLDER_PROFIT_QOQ_SQ":-29.974729448108,"ROE_AVG_SQ":-51.742460612925,"PE_TTM_SQ":-7.438916483698,"PB_TTM_SQ":4.286859627718,"ROA_SQ":-35.988072402702,"START_DATE":"2023-01-01 00:00:00","FISCAL_YEAR":"12-31","CURRENCY":"HKD","IS_CNY_CODE":0,"DPS_HKD_LY":null,"ORG_TYPE":"一般企业","PREMIUM_INCOME":null,"PREMIUM_INCOME_YOY":null,"NET_INTEREST_INCOME":null,"NET_INTEREST_INCOME_YOY":null,"FEE_COMMISSION_INCOME":null,"FEE_COMMISSION_INCOME_YOY":null,"ACCOUNTS_RECE_TDAYS":13.984080989268,"INVENTORY_TDAYS":203.099519860323,"CURRENT_ASSETS_TDAYS":6.183077436198,"TOTAL_ASSETS_TDAYS":2.409784863529,"PREMIUM_EXPENSE":null,"LOAN_DEPOSIT":null,"LOAN_EQUITY":null,"LOAN_ASSETS":null,"DEPOSIT_EQUITY":null,"DEPOSIT_ASSETS":null,"EQUITY_MULTIPLIER":2.362246569684,"EQUITY_RATIO":1.045852243162},{"SECUCODE":"00419.HK","SECURITY_CODE":"00419","SECURITY_NAME_ABBR":"弘毅文化集团","ORG_CODE":"10008895","STD_REPORT_DATE":"2023-06-30 00:00:00","REPORT_DATE":"2023-06-30 00:00:00","DATE_TYPE_CODE":"002","REPORT_TYPE":"2023年中报","PER_NETCASH_OPERATE":-0.004714502044,"PER_OI":0.042771883417,"BPS":0.023012617293,"BASIC_EPS":-0.002950336,"DILUTED_EPS":-0.002950336,"OPERATE_INCOME":581070519.16,"OPERATE_INCOME_YOY":2.2267546526,"GROSS_PROFIT":196491455.62,"GROSS_PROFIT_YOY":63.500163254981,"HOLDER_PROFIT":-40421447.16,"HOLDER_PROFIT_YOY":62.9753489904,"GROSS_PROFIT_RATIO":34.882689460811,"EPS_TTM":-0.013273196457,"OPERATE_INCOME_QOQ":3.886212744711,"NET_PROFIT_RATIO":-8.3437793567,"ROE_AVG":-12.056263663738,"GROSS_PROFIT_QOQ":28.500602937089,"ROA":-7.574231511443,"HOLDER_PROFIT_QOQ":25.229265266798,"ROE_YEARLY":-24.112527327476,"ROIC_YEARLY":-14.843053046936,"TOTAL_ASSETS":524123502.48,"TOTAL_LIABILITIES":259188861.56,"TAX_EBT":-0.325431420553,"OCF_SALES":-10.102055951907,"TOTAL_PARENT_EQUITY":312634198.2,"DEBT_ASSET_RATIO":49.4518678009,"OPERATE_PROFIT":-62056629.84,"PRETAX_PROFIT":-61761596.24,"NETCASH_OPERATE":-64048106.64,"NETCASH_INVEST":-1773889.52,"NETCASH_FINANCE":54715825.08,"END_CASH":25714944.18,"DIVI_RATIO":null,"DIVIDEND_RATE":null,"CURRENT_RATIO":1.066816689721,"COMMON_ACS":150000000000,"CURRENTDEBT_DEBT":86.149429784933,"ISSUED_COMMON_SHARES":13585338609,"HK_COMMON_SHARES":13585338609,"PER_SHARES":10000,"TOTAL_MARKET_CAP":855876332.367,"HKSK_MARKET_CAP":855876332.367,"PE_TTM":-9.07985627531,"PB_TTM":3.616236257022,"REPORT_DATE_SQ":"2022-06-30 00:00:00","REPORT_TYPE_SQ":"2022年中报","OPERATE_INCOME_SQ":575271774.77,"DPS_HKD":null,"OPERATE_INCOME_QOQ_SQ":157.75560236684,"NET_PROFIT_RATIO_SQ":-20.9728802423,"HOLDER_PROFIT_SQ":-101265613.47,"HOLDER_PROFIT_QOQ_SQ":-105.559520442389,"ROE_AVG_SQ":-19.998530674699,"PE_TTM_SQ":-7.438916483698,"PB_TTM_SQ":4.286859627718,"ROA_SQ":-14.323887540796,"START_DATE":"2023-01-01 00:00:00","FISCAL_YEAR":"12-31","CURRENCY":"HKD","IS_CNY_CODE":0,"DPS_HKD_LY":null,"ORG_TYPE":"一般企业","PREMIUM_INCOME":null,"PREMIUM_INCOME_YOY":null,"NET_INTEREST_INCOME":null,"NET_INTEREST_INCOME_YOY":null,"FEE_COMMISSION_INCOME":null,"FEE_COMMISSION_INCOME_YOY":null,"ACCOUNTS_RECE_TDAYS":6.656196863284,"INVENTORY_TDAYS":84.46420824295,"CURRENT_ASSETS_TDAYS":2.750829554751,"TOTAL_ASSETS_TDAYS":1.188018609922,"PREMIUM_EXPENSE":null,"LOAN_DEPOSIT":null,"LOAN_EQUITY":null,"LOAN_ASSETS":null,"DEPOSIT_EQUITY":null,"DEPOSIT_ASSETS":null,"EQUITY_MULTIPLIER":1.978312464764,"EQUITY_RATIO":0.82904833525},{"SECUCODE":"00419.HK","SECURITY_CODE":"00419","SECURITY_NAME_ABBR":"弘毅文化集团","ORG_CODE":"10008895","STD_REPORT_DATE":"2022-12-31 00:00:00","REPORT_DATE":"2022-12-31 00:00:00","DATE_TYPE_CODE":"001","REPORT_TYPE":"2022年年报","PER_NETCASH_OPERATE":-0.005933242744,"PER_OI":0.103980414418,"BPS":0.02552512116,"BASIC_EPS":-0.017776073,"DILUTED_EPS":-0.017776073,"OPERATE_INCOME":1412609138.57,"OPERATE_INCOME_YOY":416.3240396322,"GROSS_PROFIT":315365400.42,"GROSS_PROFIT_YOY":820.552948437167,"HOLDER_PROFIT":-241165034.6,"HOLDER_PROFIT_YOY":-144.5426713284,"GROSS_PROFIT_RATIO":23.441767170333,"EPS_TTM":-0.017751860409,"OPERATE_INCOME_QOQ":118.854811151907,"NET_PROFIT_RATIO":-18.7107911594,"ROE_AVG":-51.742460612925,"GROSS_PROFIT_QOQ":194.026867285769,"ROA":-35.988072402702,"HOLDER_PROFIT_QOQ":-29.974729448108,"ROE_YEARLY":-51.742460612925,"ROIC_YEARLY":-40.04859589605,"TOTAL_ASSETS":526302178.22,"TOTAL_LIABILITIES":213724673.47,"TAX_EBT":0.133594864928,"OCF_SALES":-5.332904664785,"TOTAL_PARENT_EQUITY":346767414,"DEBT_ASSET_RATIO":40.6087381574,"OPERATE_PROFIT":-278532305.24,"PRETAX_PROFIT":-284172412.02,"NETCASH_OPERATE":-80605111.72,"NETCASH_INVEST":-10684402.47,"NETCASH_FINANCE":-9329311.88,"END_CASH":34212241,"DIVI_RATIO":null,"DIVIDEND_RATE":null,"CURRENT_RATIO":1.07395438361,"COMMON_ACS":150000000000,"CURRENTDEBT_DEBT":94.02409920547,"ISSUED_COMMON_SHARES":13585338609,"HK_COMMON_SHARES":13585338609,"PER_SHARES":10000,"TOTAL_MARKET_CAP":855876332.367,"HKSK_MARKET_CAP":855876332.367,"PE_TTM":-9.07985627531,"PB_TTM":3.616236257022,"REPORT_DATE_SQ":"2021-12-31 00:00:00","REPORT_TYPE_SQ":"2021年年报","OPERATE_INCOME_SQ":267938148.8,"DPS_HKD":null,"OPERATE_INCOME_QOQ_SQ":29.212130014416,"NET_PROFIT_RATIO_SQ":-43.1557490853,"HOLDER_PROFIT_SQ":-90264675.2,"HOLDER_PROFIT_QOQ_SQ":-109.914045855084,"ROE_AVG_SQ":-15.419865986473,"PE_TTM_SQ":-7.438916483698,"PB_TTM_SQ":4.286859627718,"ROA_SQ":-12.321830562274,"START_DATE":"2022-01-01 00:00:00","FISCAL_YEAR":"12-31","CURRENCY":"HKD","IS_CNY_CODE":0,"DPS_HKD_LY":null,"ORG_TYPE":"一般企业","PREMIUM_INCOME":null,"PREMIUM_INCOME_YOY":null,"NET_INTEREST_INCOME":null,"NET_INTEREST_INCOME_YOY":null,"FEE_COMMISSION_INCOME":null,"FEE_COMMISSION_INCOME_YOY":null,"ACCOUNTS_RECE_TDAYS":19.877458928818,"INVENTORY_TDAYS":364.699324324324,"CURRENT_ASSETS_TDAYS":5.062973701612,"TOTAL_ASSETS_TDAYS":2.255500917764,"PREMIUM_EXPENSE":null,"LOAN_DEPOSIT":null,"LOAN_EQUITY":null,"LOAN_ASSETS":null,"DEPOSIT_EQUITY":null,"DEPOSIT_ASSETS":null,"EQUITY_MULTIPLIER":1.683749374866,"EQUITY_RATIO":0.61633436373},{"SECUCODE":"00419.HK","SECURITY_CODE":"00419","SECURITY_NAME_ABBR":"弘毅文化集团","ORG_CODE":"10008895","STD_REPORT_DATE":"2022-06-30 00:00:00","REPORT_DATE":"2022-06-30 00:00:00","DATE_TYPE_CODE":"002","REPORT_TYPE":"2022年中报","PER_NETCASH_OPERATE":-0.005566684711,"PER_OI":0.042422274513,"BPS":0.033291713749,"BASIC_EPS":-0.007525672,"DILUTED_EPS":-0.007525672,"OPERATE_INCOME":575271774.77,"OPERATE_INCOME_YOY":266.8306276142,"GROSS_PROFIT":120178140.32,"GROSS_PROFIT_YOY":254.171144180642,"HOLDER_PROFIT":-101265613.47,"HOLDER_PROFIT_YOY":-1546.9123783032,"GROSS_PROFIT_RATIO":20.890672129369,"EPS_TTM":-0.013682841724,"OPERATE_INCOME_QOQ":157.75560236684,"NET_PROFIT_RATIO":-20.9728802423,"ROE_AVG":-19.998530674699,"GROSS_PROFIT_QOQ":251.752202131845,"ROA":-14.323887540796,"HOLDER_PROFIT_QOQ":-105.559520442389,"ROE_YEARLY":-39.997061349398,"ROIC_YEARLY":-32.401881510791,"TOTAL_ASSETS":634691231.16,"TOTAL_LIABILITIES":193813420.08,"TAX_EBT":0.214309964352,"OCF_SALES":-13.122079790927,"TOTAL_PARENT_EQUITY":452279204.16,"DEBT_ASSET_RATIO":30.5366468867,"OPERATE_PROFIT":-117497974.86,"PRETAX_PROFIT":-120910182.96,"NETCASH_OPERATE":-75487621.3,"NETCASH_INVEST":-7281087.66,"NETCASH_FINANCE":3809016.26,"END_CASH":45148045.67,"DIVI_RATIO":null,"DIVIDEND_RATE":null,"CURRENT_RATIO":1.595895122896,"COMMON_ACS":150000000000,"CURRENTDEBT_DEBT":96.850841893466,"ISSUED_COMMON_SHARES":13585338609,"HK_COMMON_SHARES":13585338609,"PER_SHARES":10000,"TOTAL_MARKET_CAP":855876332.367,"HKSK_MARKET_CAP":855876332.367,"PE_TTM":-9.07985627531,"PB_TTM":3.616236257022,"REPORT_DATE_SQ":"2021-06-30 00:00:00","REPORT_TYPE_SQ":"2021年中报","OPERATE_INCOME_SQ":152584334.16,"DPS_HKD":null,"OPERATE_INCOME_QOQ_SQ":121.853754396053,"NET_PROFIT_RATIO_SQ":-4.9128298533,"HOLDER_PROFIT_SQ":-5982655.2,"HOLDER_PROFIT_QOQ_SQ":9.690576336352,"ROE_AVG_SQ":-0.936634524948,"PE_TTM_SQ":-7.438916483698,"PB_TTM_SQ":4.286859627718,"ROA_SQ":-0.81753922966,"START_DATE":"2022-01-01 00:00:00","FISCAL_YEAR":"12-31","CURRENCY":"HKD","IS_CNY_CODE":0,"DPS_HKD_LY":null,"ORG_TYPE":"一般企业","PREMIUM_INCOME":null,"PREMIUM_INCOME_YOY":null,"NET_INTEREST_INCOME":null,"NET_INTEREST_INCOME_YOY":null,"FEE_COMMISSION_INCOME":null,"FEE_COMMISSION_INCOME_YOY":null,"ACCOUNTS_RECE_TDAYS":8.756954840725,"INVENTORY_TDAYS":146.841887417219,"CURRENT_ASSETS_TDAYS":1.731271643051,"TOTAL_ASSETS_TDAYS":0.813714342395,"PREMIUM_EXPENSE":null,"LOAN_DEPOSIT":null,"LOAN_EQUITY":null,"LOAN_ASSETS":null,"DEPOSIT_EQUITY":null,"DEPOSIT_ASSETS":null,"EQUITY_MULTIPLIER":1.439608016574,"EQUITY_RATIO":0.428526048285},{"SECUCODE":"00419.HK","SECURITY_CODE":"00419","SECURITY_NAME_ABBR":"弘毅文化集团","ORG_CODE":"10008895","STD_REPORT_DATE":"2021-12-31 00:00:00","REPORT_DATE":"2021-12-31 00:00:00","DATE_TYPE_CODE":"001","REPORT_TYPE":"2021年年报","PER_NETCASH_OPERATE":0.006583814663,"PER_OI":0.019850054322,"BPS":0.039440799248,"BASIC_EPS":-0.00670432,"DILUTED_EPS":-0.00670432,"OPERATE_INCOME":267938148.8,"OPERATE_INCOME_YOY":195.090720814,"GROSS_PROFIT":34258257.6,"GROSS_PROFIT_YOY":-19.97764724197,"HOLDER_PROFIT":-90264675.2,"HOLDER_PROFIT_YOY":-95.1461802241,"GROSS_PROFIT_RATIO":12.785882769374,"EPS_TTM":-0.006687210142,"OPERATE_INCOME_QOQ":29.212130014416,"NET_PROFIT_RATIO":-43.1557490853,"ROE_AVG":-15.419865986473,"GROSS_PROFIT_QOQ":-43.652396620327,"ROA":-12.321830562274,"HOLDER_PROFIT_QOQ":-109.914045855084,"ROE_YEARLY":-15.419865986473,"ROIC_YEARLY":-14.469102342144,"TOTAL_ASSETS":744997120,"TOTAL_LIABILITIES":206280480,"TAX_EBT":0.294687863513,"OCF_SALES":33.16774128582,"TOTAL_PARENT_EQUITY":535816612.8,"DEBT_ASSET_RATIO":27.688762072,"OPERATE_PROFIT":-110075123.2,"PRETAX_PROFIT":-115972472,"NETCASH_OPERATE":88869032,"NETCASH_INVEST":-30000196.8,"NETCASH_FINANCE":-32373689.6,"END_CASH":121456115.2,"DIVI_RATIO":null,"DIVIDEND_RATE":null,"CURRENT_RATIO":1.769122042006,"COMMON_ACS":150000000000,"CURRENTDEBT_DEBT":95.621482362267,"ISSUED_COMMON_SHARES":13585338609,"HK_COMMON_SHARES":13585338609,"PER_SHARES":10000,"TOTAL_MARKET_CAP":855876332.367,"HKSK_MARKET_CAP":855876332.367,"PE_TTM":-9.07985627531,"PB_TTM":3.616236257022,"REPORT_DATE_SQ":"2020-12-31 00:00:00","REPORT_TYPE_SQ":"2020年年报","OPERATE_INCOME_SQ":93468330.2,"DPS_HKD":null,"OPERATE_INCOME_QOQ_SQ":9.481826696855,"NET_PROFIT_RATIO_SQ":-50.9423258746,"HOLDER_PROFIT_SQ":-47614941.36,"HOLDER_PROFIT_QOQ_SQ":-65.578542401592,"ROE_AVG_SQ":-7.028690484917,"PE_TTM_SQ":-7.438916483698,"PB_TTM_SQ":4.286859627718,"ROA_SQ":-5.396783908285,"START_DATE":"2021-01-01 00:00:00","FISCAL_YEAR":"12-31","CURRENCY":"HKD","IS_CNY_CODE":0,"DPS_HKD_LY":null,"ORG_TYPE":"一般企业","PREMIUM_INCOME":null,"PREMIUM_INCOME_YOY":null,"NET_INTEREST_INCOME":null,"NET_INTEREST_INCOME_YOY":null,"FEE_COMMISSION_INCOME":null,"FEE_COMMISSION_INCOME_YOY":null,"ACCOUNTS_RECE_TDAYS":5.174933282802,"INVENTORY_TDAYS":125.797535211268,"CURRENT_ASSETS_TDAYS":1.107383559538,"TOTAL_ASSETS_TDAYS":0.365756422805,"PREMIUM_EXPENSE":null,"LOAN_DEPOSIT":null,"LOAN_EQUITY":null,"LOAN_ASSETS":null,"DEPOSIT_EQUITY":null,"DEPOSIT_ASSETS":null,"EQUITY_MULTIPLIER":1.382910912126,"EQUITY_RATIO":0.384983360113},{"SECUCODE":"00419.HK","SECURITY_CODE":"00419","SECURITY_NAME_ABBR":"弘毅文化集团","ORG_CODE":"10008895","STD_REPORT_DATE":"2021-06-30 00:00:00","REPORT_DATE":"2021-06-30 00:00:00","DATE_TYPE_CODE":"002","REPORT_TYPE":"2021年中报","PER_NETCASH_OPERATE":0.004880802932,"PER_OI":0.011304128715,"BPS":0.046468656949,"BASIC_EPS":-0.00041604,"DILUTED_EPS":-0.00041604,"OPERATE_INCOME":152584334.16,"OPERATE_INCOME_YOY":332.9422041741,"GROSS_PROFIT":33932222.4,"GROSS_PROFIT_YOY":112.807801902828,"HOLDER_PROFIT":-5982655.2,"HOLDER_PROFIT_YOY":38.02258426,"GROSS_PROFIT_RATIO":22.238339595478,"EPS_TTM":-0.003185689702,"OPERATE_INCOME_QOQ":121.853754396053,"NET_PROFIT_RATIO":-4.9128298533,"ROE_AVG":-0.936634524948,"GROSS_PROFIT_QOQ":42.015539185998,"ROA":-0.81753922966,"HOLDER_PROFIT_QOQ":9.690576336352,"ROE_YEARLY":-1.873269049896,"ROIC_YEARLY":-1.95166176263,"TOTAL_ASSETS":730701869.04,"TOTAL_LIABILITIES":87222786,"TAX_EBT":1.605504587156,"OCF_SALES":43.177170528474,"TOTAL_PARENT_EQUITY":631292439.36,"DEBT_ASSET_RATIO":11.9368499925,"OPERATE_PROFIT":-4776971.28,"PRETAX_PROFIT":-7618524.48,"NETCASH_OPERATE":65881598.16,"NETCASH_INVEST":-3360771.12,"NETCASH_FINANCE":-27216504.72,"END_CASH":130501763.04,"DIVI_RATIO":null,"DIVIDEND_RATE":null,"CURRENT_RATIO":2.344727722529,"COMMON_ACS":150000000000,"CURRENTDEBT_DEBT":97.174338182685,"ISSUED_COMMON_SHARES":13585338609,"HK_COMMON_SHARES":13585338609,"PER_SHARES":10000,"TOTAL_MARKET_CAP":855876332.367,"HKSK_MARKET_CAP":855876332.367,"PE_TTM":-9.07985627531,"PB_TTM":3.616236257022,"REPORT_DATE_SQ":"2020-06-30 00:00:00","REPORT_TYPE_SQ":"2020年中报","OPERATE_INCOME_SQ":38689664.64,"DPS_HKD":null,"OPERATE_INCOME_QOQ_SQ":-4.047091997397,"NET_PROFIT_RATIO_SQ":-27.3892718859,"HOLDER_PROFIT_SQ":-10596817.44,"HOLDER_PROFIT_QOQ_SQ":-11.582984947774,"ROE_AVG_SQ":-1.410871040476,"PE_TTM_SQ":-7.438916483698,"PB_TTM_SQ":4.286859627718,"ROA_SQ":-1.046981973608,"START_DATE":"2021-01-01 00:00:00","FISCAL_YEAR":"12-31","CURRENCY":"HKD","IS_CNY_CODE":0,"DPS_HKD_LY":null,"ORG_TYPE":"一般企业","PREMIUM_INCOME":null,"PREMIUM_INCOME_YOY":null,"NET_INTEREST_INCOME":null,"NET_INTEREST_INCOME_YOY":null,"FEE_COMMISSION_INCOME":null,"FEE_COMMISSION_INCOME_YOY":null,"ACCOUNTS_RECE_TDAYS":54.398398101454,"INVENTORY_TDAYS":null,"CURRENT_ASSETS_TDAYS":0.908022698463,"TOTAL_ASSETS_TDAYS":0.208508889176,"PREMIUM_EXPENSE":null,"LOAN_DEPOSIT":null,"LOAN_EQUITY":null,"LOAN_ASSETS":null,"DEPOSIT_EQUITY":null,"DEPOSIT_ASSETS":null,"EQUITY_MULTIPLIER":1.135548750998,"EQUITY_RATIO":0.138165421541},{"SECUCODE":"00419.HK","SECURITY_CODE":"00419","SECURITY_NAME_ABBR":"弘毅文化集团","ORG_CODE":"10008895","STD_REPORT_DATE":"2020-12-31 00:00:00","REPORT_DATE":"2020-12-31 00:00:00","DATE_TYPE_CODE":"001","REPORT_TYPE":"2020年年报","PER_NETCASH_OPERATE":-0.004390111219,"PER_OI":0.006924551208,"BPS":0.048111490607,"BASIC_EPS":-0.003534888,"DILUTED_EPS":-0.003534888,"OPERATE_INCOME":93468330.2,"OPERATE_INCOME_YOY":11.8085898959,"GROSS_PROFIT":42810860.24,"GROSS_PROFIT_YOY":22.508298989256,"HOLDER_PROFIT":-47614941.36,"HOLDER_PROFIT_YOY":-96.6423357664,"GROSS_PROFIT_RATIO":45.80253027779,"EPS_TTM":-0.003527527442,"OPERATE_INCOME_QOQ":9.481826696855,"NET_PROFIT_RATIO":-50.9423258746,"ROE_AVG":-7.028690484917,"GROSS_PROFIT_QOQ":22.279501049907,"ROA":-5.396783908285,"HOLDER_PROFIT_QOQ":-65.578542401592,"ROE_YEARLY":-7.028690484917,"ROIC_YEARLY":-6.340610267207,"TOTAL_ASSETS":741294629.36,"TOTAL_LIABILITIES":87683738.48,"TAX_EBT":-0.722831505484,"OCF_SALES":-63.399216604385,"TOTAL_PARENT_EQUITY":653610890.88,"DEBT_ASSET_RATIO":11.8284599682,"OPERATE_PROFIT":-28685616.12,"PRETAX_PROFIT":-47273235.52,"NETCASH_OPERATE":-59258189.12,"NETCASH_INVEST":-14563738.56,"NETCASH_FINANCE":1631939.96,"END_CASH":95809772.68,"DIVI_RATIO":null,"DIVIDEND_RATE":null,"CURRENT_RATIO":1.640393941803,"COMMON_ACS":150000000000,"CURRENTDEBT_DEBT":96.584822714097,"ISSUED_COMMON_SHARES":13585338609,"HK_COMMON_SHARES":13585338609,"PER_SHARES":10000,"TOTAL_MARKET_CAP":855876332.367,"HKSK_MARKET_CAP":855876332.367,"PE_TTM":-9.07985627531,"PB_TTM":3.616236257022,"REPORT_DATE_SQ":"2019-12-31 00:00:00","REPORT_TYPE_SQ":"2019年年报","OPERATE_INCOME_SQ":88974244.28,"DPS_HKD":null,"OPERATE_INCOME_QOQ_SQ":0.001493623081,"NET_PROFIT_RATIO_SQ":-28.9652256207,"HOLDER_PROFIT_SQ":-25771590.6,"HOLDER_PROFIT_QOQ_SQ":-133.358538327985,"ROE_AVG_SQ":-3.380724581992,"PE_TTM_SQ":-7.438916483698,"PB_TTM_SQ":4.286859627718,"ROA_SQ":-2.74434913997,"START_DATE":"2020-01-01 00:00:00","FISCAL_YEAR":"12-31","CURRENCY":"HKD","IS_CNY_CODE":0,"DPS_HKD_LY":null,"ORG_TYPE":"一般企业","PREMIUM_INCOME":null,"PREMIUM_INCOME_YOY":null,"NET_INTEREST_INCOME":null,"NET_INTEREST_INCOME_YOY":null,"FEE_COMMISSION_INCOME":null,"FEE_COMMISSION_INCOME_YOY":null,"ACCOUNTS_RECE_TDAYS":null,"INVENTORY_TDAYS":null,"CURRENT_ASSETS_TDAYS":0.27061899633,"TOTAL_ASSETS_TDAYS":0.105939095156,"PREMIUM_EXPENSE":null,"LOAN_DEPOSIT":null,"LOAN_EQUITY":null,"LOAN_ASSETS":null,"DEPOSIT_EQUITY":null,"DEPOSIT_ASSETS":null,"EQUITY_MULTIPLIER":1.134152811258,"EQUITY_RATIO":0.134152811257},{"SECUCODE":"00419.HK","SECURITY_CODE":"00419","SECURITY_NAME_ABBR":"弘毅文化集团","ORG_CODE":"10008895","STD_REPORT_DATE":"2020-06-30 00:00:00","REPORT_DATE":"2020-06-30 00:00:00","DATE_TYPE_CODE":"002","REPORT_TYPE":"2020年中报","PER_NETCASH_OPERATE":-0.003356313971,"PER_OI":0.002866303094,"BPS":0.054549936072,"BASIC_EPS":-0.000822096,"DILUTED_EPS":-0.000822096,"OPERATE_INCOME":38689664.64,"OPERATE_INCOME_YOY":-11.8978284383,"GROSS_PROFIT":15945008.64,"GROSS_PROFIT_YOY":0.411762437937,"HOLDER_PROFIT":-10596817.44,"HOLDER_PROFIT_YOY":-34.0691089795,"GROSS_PROFIT_RATIO":41.21257909151,"EPS_TTM":-0.002130425471,"OPERATE_INCOME_QOQ":-4.047091997397,"NET_PROFIT_RATIO":-27.3892718859,"ROE_AVG":-1.410871040476,"GROSS_PROFIT_QOQ":0.187110625562,"ROA":-1.046981973608,"HOLDER_PROFIT_QOQ":-11.582984947774,"ROE_YEARLY":-2.821742080953,"ROIC_YEARLY":-2.480893686296,"TOTAL_ASSETS":913692109.44,"TOTAL_LIABILITIES":172612756.8,"TAX_EBT":-0.17269665832,"OCF_SALES":-117.095570875437,"TOTAL_PARENT_EQUITY":741079352.64,"DEBT_ASSET_RATIO":18.8917858671,"OPERATE_PROFIT":-13337137.44,"PRETAX_PROFIT":-10578548.64,"NETCASH_OPERATE":-45303883.68,"NETCASH_INVEST":724357.92,"NETCASH_FINANCE":-1527271.68,"END_CASH":134623700.64,"DIVI_RATIO":null,"DIVIDEND_RATE":null,"CURRENT_RATIO":1.577907237524,"COMMON_ACS":150000000000,"CURRENTDEBT_DEBT":99.102503042811,"ISSUED_COMMON_SHARES":13585338609,"HK_COMMON_SHARES":13585338609,"PER_SHARES":10000,"TOTAL_MARKET_CAP":855876332.367,"HKSK_MARKET_CAP":855876332.367,"PE_TTM":-9.07985627531,"PB_TTM":3.616236257022,"REPORT_DATE_SQ":"2019-06-30 00:00:00","REPORT_TYPE_SQ":"2019年中报","OPERATE_INCOME_SQ":42290534.16,"DPS_HKD":null,"OPERATE_INCOME_QOQ_SQ":-6.983666093339,"NET_PROFIT_RATIO_SQ":-17.9985855728,"HOLDER_PROFIT_SQ":-7611697.98,"HOLDER_PROFIT_QOQ_SQ":19.576406423965,"ROE_AVG_SQ":-1.002595997147,"PE_TTM_SQ":-7.438916483698,"PB_TTM_SQ":4.286859627718,"ROA_SQ":-0.836523184202,"START_DATE":"2020-01-01 00:00:00","FISCAL_YEAR":"12-31","CURRENCY":"HKD","IS_CNY_CODE":0,"DPS_HKD_LY":null,"ORG_TYPE":"一般企业","PREMIUM_INCOME":null,"PREMIUM_INCOME_YOY":null,"NET_INTEREST_INCOME":null,"NET_INTEREST_INCOME_YOY":null,"FEE_COMMISSION_INCOME":null,"FEE_COMMISSION_INCOME_YOY":null,"ACCOUNTS_RECE_TDAYS":null,"INVENTORY_TDAYS":null,"CURRENT_ASSETS_TDAYS":0.089059342757,"TOTAL_ASSETS_TDAYS":0.038225987824,"PREMIUM_EXPENSE":null,"LOAN_DEPOSIT":null,"LOAN_EQUITY":null,"LOAN_ASSETS":null,"DEPOSIT_EQUITY":null,"DEPOSIT_ASSETS":null,"EQUITY_MULTIPLIER":1.232920747535,"EQUITY_RATIO":0.232920747535}],"count":48},"success":true,"message":"ok","code":0}