{"version":"a7d35127611097414e2165923d27dfb6","result":{"pages":6,"data":[{"SECUCODE":"00412.HK","SECURITY_CODE":"00412","SECURITY_NAME_ABBR":"山高控股","ORG_CODE":"10008891","STD_REPORT_DATE":"2024-06-30 00:00:00","REPORT_DATE":"2024-06-30 00:00:00","DATE_TYPE_CODE":"002","REPORT_TYPE":"2024年中报","PER_NETCASH_OPERATE":0.14420145144,"PER_OI":0.491779051381,"BPS":-0.288694169321,"BASIC_EPS":-0.059689272,"DILUTED_EPS":-0.059689272,"OPERATE_INCOME":2960230120.64,"OPERATE_INCOME_YOY":4.1661340786,"GROSS_PROFIT":null,"GROSS_PROFIT_YOY":null,"HOLDER_PROFIT":-359169698.44,"HOLDER_PROFIT_YOY":-33.6583659385,"GROSS_PROFIT_RATIO":null,"EPS_TTM":-0.012298938139,"OPERATE_INCOME_QOQ":1.362340624411,"NET_PROFIT_RATIO":2.6216853176,"ROE_AVG":27.08188745271,"GROSS_PROFIT_QOQ":null,"ROA":-0.519241424053,"HOLDER_PROFIT_QOQ":-641.305732424278,"ROE_YEARLY":54.163774905419,"ROIC_YEARLY":-1.849267150127,"TOTAL_ASSETS":71957668977.56,"TOTAL_LIABILITIES":47323866265.24,"TAX_EBT":57.604961784487,"OCF_SALES":29.32240627875,"TOTAL_PARENT_EQUITY":-1737774663.8,"DEBT_ASSET_RATIO":65.7662580482,"OPERATE_PROFIT":1229759634.88,"PRETAX_PROFIT":183058965.64,"NETCASH_OPERATE":868010702.76,"NETCASH_INVEST":-1022873332.48,"NETCASH_FINANCE":5897226146.52,"END_CASH":10871870627.72,"DIVI_RATIO":null,"DIVIDEND_RATE":null,"CURRENT_RATIO":1.724598822298,"COMMON_ACS":500000000000,"CURRENTDEBT_DEBT":37.846457144004,"ISSUED_COMMON_SHARES":6019431109,"HK_COMMON_SHARES":6019431109,"PER_SHARES":1000,"TOTAL_MARKET_CAP":36778724075.99,"HKSK_MARKET_CAP":36778724075.99,"PE_TTM":-437.795046673452,"PB_TTM":-19.316201685363,"REPORT_DATE_SQ":"2023-06-30 00:00:00","REPORT_TYPE_SQ":"2023年中报","OPERATE_INCOME_SQ":2870793097.48,"DPS_HKD":null,"OPERATE_INCOME_QOQ_SQ":17.5332237133,"NET_PROFIT_RATIO_SQ":2.8919692998,"HOLDER_PROFIT_SQ":-271460415.36,"HOLDER_PROFIT_QOQ_SQ":-82.198480331435,"ROE_AVG_SQ":60.190548616882,"PE_TTM_SQ":-39.966670488868,"PB_TTM_SQ":-35.134854925818,"ROA_SQ":-0.433694759135,"START_DATE":"2024-01-01 00:00:00","FISCAL_YEAR":"12-31","CURRENCY":"HKD","IS_CNY_CODE":0,"DPS_HKD_LY":null,"ORG_TYPE":"证券","PREMIUM_INCOME":null,"PREMIUM_INCOME_YOY":null,"NET_INTEREST_INCOME":null,"NET_INTEREST_INCOME_YOY":null,"FEE_COMMISSION_INCOME":null,"FEE_COMMISSION_INCOME_YOY":null,"ACCOUNTS_RECE_TDAYS":0.25359571613,"INVENTORY_TDAYS":null,"CURRENT_ASSETS_TDAYS":0.106266813528,"TOTAL_ASSETS_TDAYS":0.042795205443,"PREMIUM_EXPENSE":null,"LOAN_DEPOSIT":null,"LOAN_EQUITY":null,"LOAN_ASSETS":null,"DEPOSIT_EQUITY":null,"DEPOSIT_ASSETS":null,"EQUITY_MULTIPLIER":2.92109463642,"EQUITY_RATIO":-27.232452659746},{"SECUCODE":"00412.HK","SECURITY_CODE":"00412","SECURITY_NAME_ABBR":"山高控股","ORG_CODE":"10008891","STD_REPORT_DATE":"2023-12-31 00:00:00","REPORT_DATE":"2023-12-31 00:00:00","DATE_TYPE_CODE":"001","REPORT_TYPE":"2023年年报","PER_NETCASH_OPERATE":0.500899322906,"PER_OI":1.090626836464,"BPS":-0.150881824171,"BASIC_EPS":0.00226555,"DILUTED_EPS":0.00226555,"OPERATE_INCOME":6564953107.72,"OPERATE_INCOME_YOY":38.2968942634,"GROSS_PROFIT":null,"GROSS_PROFIT_YOY":null,"HOLDER_PROFIT":13676672.24,"HOLDER_PROFIT_YOY":103.2947145287,"GROSS_PROFIT_RATIO":null,"EPS_TTM":0.002272087178,"OPERATE_INCOME_QOQ":19.372055751562,"NET_PROFIT_RATIO":7.5603582721,"ROE_AVG":-2.907163213945,"GROSS_PROFIT_QOQ":null,"ROA":0.021302030433,"HOLDER_PROFIT_QOQ":101.834526268178,"ROE_YEARLY":-2.907163213945,"ROIC_YEARLY":0.03143211065,"TOTAL_ASSETS":65916452740.88,"TOTAL_LIABILITIES":48795856322.92,"TAX_EBT":9.992719838686,"OCF_SALES":45.927654277292,"TOTAL_PARENT_EQUITY":-908222746.2,"DEBT_ASSET_RATIO":74.0268237958,"OPERATE_PROFIT":2553831269.08,"PRETAX_PROFIT":551437588.66,"NETCASH_OPERATE":3015128966.78,"NETCASH_INVEST":-4070558089.78,"NETCASH_FINANCE":2359081872.42,"END_CASH":5182306067.12,"DIVI_RATIO":null,"DIVIDEND_RATE":null,"CURRENT_RATIO":1.289202051234,"COMMON_ACS":500000000000,"CURRENTDEBT_DEBT":39.183083982193,"ISSUED_COMMON_SHARES":6019431109,"HK_COMMON_SHARES":6019431109,"PER_SHARES":1000,"TOTAL_MARKET_CAP":37260278564.71,"HKSK_MARKET_CAP":37260278564.71,"PE_TTM":-443.527224043971,"PB_TTM":-19.569114309721,"REPORT_DATE_SQ":"2022-12-31 00:00:00","REPORT_TYPE_SQ":"2022年年报","OPERATE_INCOME_SQ":4679164431.34,"DPS_HKD":null,"OPERATE_INCOME_QOQ_SQ":83.072937386309,"NET_PROFIT_RATIO_SQ":3.2509761863,"HOLDER_PROFIT_SQ":-409177509.09,"HOLDER_PROFIT_QOQ_SQ":-41.878084835818,"ROE_AVG_SQ":-66.744523888276,"PE_TTM_SQ":-42.00133735012,"PB_TTM_SQ":-36.923538449314,"ROA_SQ":-0.996793969974,"START_DATE":"2023-01-01 00:00:00","FISCAL_YEAR":"12-31","CURRENCY":"HKD","IS_CNY_CODE":0,"DPS_HKD_LY":null,"ORG_TYPE":"证券","PREMIUM_INCOME":null,"PREMIUM_INCOME_YOY":null,"NET_INTEREST_INCOME":null,"NET_INTEREST_INCOME_YOY":null,"FEE_COMMISSION_INCOME":null,"FEE_COMMISSION_INCOME_YOY":null,"ACCOUNTS_RECE_TDAYS":0.609762622871,"INVENTORY_TDAYS":null,"CURRENT_ASSETS_TDAYS":0.263643736389,"TOTAL_ASSETS_TDAYS":0.102252089134,"PREMIUM_EXPENSE":null,"LOAN_DEPOSIT":null,"LOAN_EQUITY":null,"LOAN_ASSETS":null,"DEPOSIT_EQUITY":null,"DEPOSIT_ASSETS":null,"EQUITY_MULTIPLIER":3.850125961253,"EQUITY_RATIO":-53.726749882759},{"SECUCODE":"00412.HK","SECURITY_CODE":"00412","SECURITY_NAME_ABBR":"山高控股","ORG_CODE":"10008891","STD_REPORT_DATE":"2023-06-30 00:00:00","REPORT_DATE":"2023-06-30 00:00:00","DATE_TYPE_CODE":"002","REPORT_TYPE":"2023年中报","PER_NETCASH_OPERATE":0.076661304948,"PER_OI":0.476920998928,"BPS":-0.1443264818,"BASIC_EPS":-0.045084822,"DILUTED_EPS":-0.045084822,"OPERATE_INCOME":2870793097.48,"OPERATE_INCOME_YOY":29.8696434485,"GROSS_PROFIT":null,"GROSS_PROFIT_YOY":null,"HOLDER_PROFIT":-271460415.36,"HOLDER_PROFIT_YOY":-488.1101459209,"GROSS_PROFIT_RATIO":null,"EPS_TTM":-0.123851438769,"OPERATE_INCOME_QOQ":17.5332237133,"NET_PROFIT_RATIO":2.8919692998,"ROE_AVG":60.190548616882,"GROSS_PROFIT_QOQ":null,"ROA":-0.433694759135,"HOLDER_PROFIT_QOQ":-82.198480331435,"ROE_YEARLY":120.381097233764,"ROIC_YEARLY":-1.214084588583,"TOTAL_ASSETS":61607474375.28,"TOTAL_LIABILITIES":48404009928.7,"TAX_EBT":48.983326440311,"OCF_SALES":16.07421462261,"TOTAL_PARENT_EQUITY":-868763314.4,"DEBT_ASSET_RATIO":78.5684049209,"OPERATE_PROFIT":1166596967.66,"PRETAX_PROFIT":162735923.86,"NETCASH_OPERATE":461457443.86,"NETCASH_INVEST":-1399031813.58,"NETCASH_FINANCE":175819742.04,"END_CASH":3222395702.36,"DIVI_RATIO":null,"DIVIDEND_RATE":null,"CURRENT_RATIO":1.458218152009,"COMMON_ACS":500000000000,"CURRENTDEBT_DEBT":36.380825433264,"ISSUED_COMMON_SHARES":6019431109,"HK_COMMON_SHARES":6019431109,"PER_SHARES":1000,"TOTAL_MARKET_CAP":37260278564.71,"HKSK_MARKET_CAP":37260278564.71,"PE_TTM":-443.527224043971,"PB_TTM":-19.569114309721,"REPORT_DATE_SQ":"2022-06-30 00:00:00","REPORT_TYPE_SQ":"2022年中报","OPERATE_INCOME_SQ":2050384729.82,"DPS_HKD":null,"OPERATE_INCOME_QOQ_SQ":133.753188177648,"NET_PROFIT_RATIO_SQ":12.5510410923,"HOLDER_PROFIT_SQ":64877278.97,"HOLDER_PROFIT_QOQ_SQ":-12.10216901326,"ROE_AVG_SQ":5.885762077516,"PE_TTM_SQ":-42.00133735012,"PB_TTM_SQ":-36.923538449314,"ROA_SQ":0.150826391463,"START_DATE":"2023-01-01 00:00:00","FISCAL_YEAR":"12-31","CURRENCY":"HKD","IS_CNY_CODE":0,"DPS_HKD_LY":null,"ORG_TYPE":"证券","PREMIUM_INCOME":null,"PREMIUM_INCOME_YOY":null,"NET_INTEREST_INCOME":null,"NET_INTEREST_INCOME_YOY":null,"FEE_COMMISSION_INCOME":null,"FEE_COMMISSION_INCOME_YOY":null,"ACCOUNTS_RECE_TDAYS":0.263819973201,"INVENTORY_TDAYS":null,"CURRENT_ASSETS_TDAYS":0.111989782353,"TOTAL_ASSETS_TDAYS":0.045864805713,"PREMIUM_EXPENSE":null,"LOAN_DEPOSIT":null,"LOAN_EQUITY":null,"LOAN_ASSETS":null,"DEPOSIT_EQUITY":null,"DEPOSIT_ASSETS":null,"EQUITY_MULTIPLIER":4.666008275675,"EQUITY_RATIO":-55.715992061808},{"SECUCODE":"00412.HK","SECURITY_CODE":"00412","SECURITY_NAME_ABBR":"山高控股","ORG_CODE":"10008891","STD_REPORT_DATE":"2022-12-31 00:00:00","REPORT_DATE":"2022-12-31 00:00:00","DATE_TYPE_CODE":"001","REPORT_TYPE":"2022年年报","PER_NETCASH_OPERATE":0.914246153413,"PER_OI":0.777343298164,"BPS":-0.005350183884,"BASIC_EPS":-0.067977847,"DILUTED_EPS":-0.067977847,"OPERATE_INCOME":4679164431.34,"OPERATE_INCOME_YOY":291.6876035629,"GROSS_PROFIT":null,"GROSS_PROFIT_YOY":null,"HOLDER_PROFIT":-409177509.09,"HOLDER_PROFIT_YOY":-45.5752240514,"GROSS_PROFIT_RATIO":null,"EPS_TTM":-0.067976109649,"OPERATE_INCOME_QOQ":83.072937386309,"NET_PROFIT_RATIO":3.2509761863,"ROE_AVG":-66.744523888276,"GROSS_PROFIT_QOQ":null,"ROA":-0.996793969974,"HOLDER_PROFIT_QOQ":-41.878084835818,"ROE_YEARLY":-66.744523888276,"ROIC_YEARLY":-1.446377105065,"TOTAL_ASSETS":61597763391.43,"TOTAL_LIABILITIES":47685281447.37,"TAX_EBT":11044.3444730077,"OCF_SALES":117.611633826769,"TOTAL_PARENT_EQUITY":-32205063.31,"DEBT_ASSET_RATIO":77.4139819726,"OPERATE_PROFIT":1433023037.88,"PRETAX_PROFIT":-1389928.12,"NETCASH_OPERATE":5503241737.14,"NETCASH_INVEST":415249065.28,"NETCASH_FINANCE":-3130631756.49,"END_CASH":3923743857.74,"DIVI_RATIO":null,"DIVIDEND_RATE":null,"CURRENT_RATIO":1.516523905394,"COMMON_ACS":500000000000,"CURRENTDEBT_DEBT":34.284429388917,"ISSUED_COMMON_SHARES":6019431109,"HK_COMMON_SHARES":6019431109,"PER_SHARES":1000,"TOTAL_MARKET_CAP":37260278564.71,"HKSK_MARKET_CAP":37260278564.71,"PE_TTM":-443.527224043971,"PB_TTM":-19.569114309721,"REPORT_DATE_SQ":"2021-12-31 00:00:00","REPORT_TYPE_SQ":"2021年年报","OPERATE_INCOME_SQ":1093418995.2,"DPS_HKD":null,"OPERATE_INCOME_QOQ_SQ":0.668809223084,"NET_PROFIT_RATIO_SQ":0.8268578504,"HOLDER_PROFIT_SQ":-257266016,"HOLDER_PROFIT_QOQ_SQ":-207.590318242187,"ROE_AVG_SQ":-16.550477747376,"PE_TTM_SQ":-42.00133735012,"PB_TTM_SQ":-36.923538449314,"ROA_SQ":-1.31336407213,"START_DATE":"2022-01-01 00:00:00","FISCAL_YEAR":"12-31","CURRENCY":"HKD","IS_CNY_CODE":0,"DPS_HKD_LY":null,"ORG_TYPE":"证券","PREMIUM_INCOME":null,"PREMIUM_INCOME_YOY":null,"NET_INTEREST_INCOME":null,"NET_INTEREST_INCOME_YOY":null,"FEE_COMMISSION_INCOME":null,"FEE_COMMISSION_INCOME_YOY":null,"ACCOUNTS_RECE_TDAYS":0.835608751856,"INVENTORY_TDAYS":null,"CURRENT_ASSETS_TDAYS":0.244283007584,"TOTAL_ASSETS_TDAYS":0.113988740487,"PREMIUM_EXPENSE":null,"LOAN_DEPOSIT":null,"LOAN_EQUITY":null,"LOAN_ASSETS":null,"DEPOSIT_EQUITY":null,"DEPOSIT_ASSETS":null,"EQUITY_MULTIPLIER":4.42751793958,"EQUITY_RATIO":-1480.67653177267},{"SECUCODE":"00412.HK","SECURITY_CODE":"00412","SECURITY_NAME_ABBR":"山高控股","ORG_CODE":"10008891","STD_REPORT_DATE":"2022-06-30 00:00:00","REPORT_DATE":"2022-06-30 00:00:00","DATE_TYPE_CODE":"002","REPORT_TYPE":"2022年中报","PER_NETCASH_OPERATE":0.085431191018,"PER_OI":0.085115696301,"BPS":0.166109647959,"BASIC_EPS":0.010775394,"DILUTED_EPS":0.010775394,"OPERATE_INCOME":2050384729.82,"OPERATE_INCOME_YOY":239.3383294765,"GROSS_PROFIT":null,"GROSS_PROFIT_YOY":null,"HOLDER_PROFIT":64877278.97,"HOLDER_PROFIT_YOY":-34.2539952161,"GROSS_PROFIT_RATIO":null,"EPS_TTM":-0.011972110986,"OPERATE_INCOME_QOQ":133.753188177648,"NET_PROFIT_RATIO":12.5510410923,"ROE_AVG":5.885762077516,"GROSS_PROFIT_QOQ":null,"ROA":0.150826391463,"HOLDER_PROFIT_QOQ":-12.10216901326,"ROE_YEARLY":11.771524155032,"ROIC_YEARLY":0.450289762409,"TOTAL_ASSETS":66402084450.38,"TOTAL_LIABILITIES":51675346629.06,"TAX_EBT":-30.014992374196,"OCF_SALES":100.370665730166,"TOTAL_PARENT_EQUITY":999885582.43,"DEBT_ASSET_RATIO":77.8218742029,"OPERATE_PROFIT":509376819.7,"PRETAX_PROFIT":197934580.69,"NETCASH_OPERATE":2057984803.35,"NETCASH_INVEST":559095855.92,"NETCASH_FINANCE":3565920805.79,"END_CASH":7344570124.08,"DIVI_RATIO":null,"DIVIDEND_RATE":null,"CURRENT_RATIO":1.355524592973,"COMMON_ACS":500000000000,"CURRENTDEBT_DEBT":44.120616876556,"ISSUED_COMMON_SHARES":6019431109,"HK_COMMON_SHARES":6019431109,"PER_SHARES":1000,"TOTAL_MARKET_CAP":37260278564.71,"HKSK_MARKET_CAP":37260278564.71,"PE_TTM":-443.527224043971,"PB_TTM":-19.569114309721,"REPORT_DATE_SQ":"2021-06-30 00:00:00","REPORT_TYPE_SQ":"2021年中报","OPERATE_INCOME_SQ":587901963.6,"DPS_HKD":null,"OPERATE_INCOME_QOQ_SQ":-11.295631768788,"NET_PROFIT_RATIO_SQ":36.5854970313,"HOLDER_PROFIT_SQ":96012047.04,"HOLDER_PROFIT_QOQ_SQ":65.094334314124,"ROE_AVG_SQ":4.724089980756,"PE_TTM_SQ":-42.00133735012,"PB_TTM_SQ":-36.923538449314,"ROA_SQ":0.484379619913,"START_DATE":"2022-01-01 00:00:00","FISCAL_YEAR":"12-31","CURRENCY":"HKD","IS_CNY_CODE":0,"DPS_HKD_LY":null,"ORG_TYPE":"证券","PREMIUM_INCOME":null,"PREMIUM_INCOME_YOY":null,"NET_INTEREST_INCOME":null,"NET_INTEREST_INCOME_YOY":null,"FEE_COMMISSION_INCOME":null,"FEE_COMMISSION_INCOME_YOY":null,"ACCOUNTS_RECE_TDAYS":0.317127362671,"INVENTORY_TDAYS":null,"CURRENT_ASSETS_TDAYS":0.093528035399,"TOTAL_ASSETS_TDAYS":0.047667247274,"PREMIUM_EXPENSE":null,"LOAN_DEPOSIT":null,"LOAN_EQUITY":null,"LOAN_ASSETS":null,"DEPOSIT_EQUITY":null,"DEPOSIT_ASSETS":null,"EQUITY_MULTIPLIER":4.508947280526,"EQUITY_RATIO":51.681259873229},{"SECUCODE":"00412.HK","SECURITY_CODE":"00412","SECURITY_NAME_ABBR":"山高控股","ORG_CODE":"10008891","STD_REPORT_DATE":"2021-12-31 00:00:00","REPORT_DATE":"2021-12-31 00:00:00","DATE_TYPE_CODE":"001","REPORT_TYPE":"2021年年报","PER_NETCASH_OPERATE":-0.409365674918,"PER_OI":0.0453900762,"BPS":0.191332542352,"BASIC_EPS":-0.04267872,"DILUTED_EPS":-0.04267872,"OPERATE_INCOME":1093418995.2,"OPERATE_INCOME_YOY":-8.0767388135,"GROSS_PROFIT":null,"GROSS_PROFIT_YOY":null,"HOLDER_PROFIT":-257266016,"HOLDER_PROFIT_YOY":-10.5233579206,"GROSS_PROFIT_RATIO":null,"EPS_TTM":-0.01067964259,"OPERATE_INCOME_QOQ":0.668809223084,"NET_PROFIT_RATIO":0.8268578504,"ROE_AVG":-16.550477747376,"GROSS_PROFIT_QOQ":null,"ROA":-1.31336407213,"HOLDER_PROFIT_QOQ":-207.590318242187,"ROE_YEARLY":-16.550477747376,"ROIC_YEARLY":-2.326258793888,"TOTAL_ASSETS":18764288737.6,"TOTAL_LIABILITIES":11722706284.8,"TAX_EBT":1065.76419213974,"OCF_SALES":-901.883647685875,"TOTAL_PARENT_EQUITY":1151713057.6,"DEBT_ASSET_RATIO":62.4734912617,"OPERATE_PROFIT":210270368,"PRETAX_PROFIT":-936152,"NETCASH_OPERATE":-389692688,"NETCASH_INVEST":-1157440345.6,"NETCASH_FINANCE":-1449247508.8,"END_CASH":1090923680,"DIVI_RATIO":null,"DIVIDEND_RATE":null,"CURRENT_RATIO":1.427440540402,"COMMON_ACS":500000000000,"CURRENTDEBT_DEBT":73.931534693807,"ISSUED_COMMON_SHARES":6019431109,"HK_COMMON_SHARES":6019431109,"PER_SHARES":1000,"TOTAL_MARKET_CAP":37260278564.71,"HKSK_MARKET_CAP":37260278564.71,"PE_TTM":-443.527224043971,"PB_TTM":-19.569114309721,"REPORT_DATE_SQ":"2020-12-31 00:00:00","REPORT_TYPE_SQ":"2020年年报","OPERATE_INCOME_SQ":1224465845.48,"DPS_HKD":null,"OPERATE_INCOME_QOQ_SQ":-8.30880116253,"NET_PROFIT_RATIO_SQ":-1.25833673,"HOLDER_PROFIT_SQ":-239614908,"HOLDER_PROFIT_QOQ_SQ":53.386800403945,"ROE_AVG_SQ":-10.636068263609,"PE_TTM_SQ":-42.00133735012,"PB_TTM_SQ":-36.923538449314,"ROA_SQ":-1.182186259362,"START_DATE":"2021-01-01 00:00:00","FISCAL_YEAR":"12-31","CURRENCY":"HKD","IS_CNY_CODE":0,"DPS_HKD_LY":null,"ORG_TYPE":"证券","PREMIUM_INCOME":null,"PREMIUM_INCOME_YOY":null,"NET_INTEREST_INCOME":null,"NET_INTEREST_INCOME_YOY":null,"FEE_COMMISSION_INCOME":null,"FEE_COMMISSION_INCOME_YOY":null,"ACCOUNTS_RECE_TDAYS":1.34950496698,"INVENTORY_TDAYS":null,"CURRENT_ASSETS_TDAYS":0.079543936487,"TOTAL_ASSETS_TDAYS":0.055819934806,"PREMIUM_EXPENSE":null,"LOAN_DEPOSIT":null,"LOAN_EQUITY":null,"LOAN_ASSETS":null,"DEPOSIT_EQUITY":null,"DEPOSIT_ASSETS":null,"EQUITY_MULTIPLIER":2.664782932443,"EQUITY_RATIO":10.178495596141},{"SECUCODE":"00412.HK","SECURITY_CODE":"00412","SECURITY_NAME_ABBR":"山高控股","ORG_CODE":"10008891","STD_REPORT_DATE":"2021-06-30 00:00:00","REPORT_DATE":"2021-06-30 00:00:00","DATE_TYPE_CODE":"002","REPORT_TYPE":"2021年中报","PER_NETCASH_OPERATE":0.003923241739,"PER_OI":0.024405022268,"BPS":0.344379867702,"BASIC_EPS":0.015975936,"DILUTED_EPS":0.015892728,"OPERATE_INCOME":587901963.6,"OPERATE_INCOME_YOY":-11.1298804701,"GROSS_PROFIT":null,"GROSS_PROFIT_YOY":null,"HOLDER_PROFIT":96012047.04,"HOLDER_PROFIT_YOY":275.7730859458,"GROSS_PROFIT_RATIO":null,"EPS_TTM":-0.003472034702,"OPERATE_INCOME_QOQ":-11.295631768788,"NET_PROFIT_RATIO":36.5854970313,"ROE_AVG":4.724089980756,"GROSS_PROFIT_QOQ":null,"ROA":0.484379619913,"HOLDER_PROFIT_QOQ":65.094334314124,"ROE_YEARLY":9.448179961511,"ROIC_YEARLY":1.766651918795,"TOTAL_ASSETS":18869435122.32,"TOTAL_LIABILITIES":10822128169.2,"TAX_EBT":1.413806254767,"OCF_SALES":16.075550743406,"TOTAL_PARENT_EQUITY":2072970888.96,"DEBT_ASSET_RATIO":57.3526875555,"OPERATE_PROFIT":278952323.76,"PRETAX_PROFIT":218171376,"NETCASH_OPERATE":94508478.48,"NETCASH_INVEST":-463296319.44,"NETCASH_FINANCE":-2164101122.64,"END_CASH":1675154273.04,"DIVI_RATIO":null,"DIVIDEND_RATE":null,"CURRENT_RATIO":4.166387489421,"COMMON_ACS":500000000000,"CURRENTDEBT_DEBT":31.006053690899,"ISSUED_COMMON_SHARES":6019431109,"HK_COMMON_SHARES":6019431109,"PER_SHARES":1000,"TOTAL_MARKET_CAP":37260278564.71,"HKSK_MARKET_CAP":37260278564.71,"PE_TTM":-443.527224043971,"PB_TTM":-19.569114309721,"REPORT_DATE_SQ":"2020-06-30 00:00:00","REPORT_TYPE_SQ":"2020年中报","OPERATE_INCOME_SQ":726213116.64,"DPS_HKD":null,"OPERATE_INCOME_QOQ_SQ":46.582810728405,"NET_PROFIT_RATIO_SQ":7.2194374826,"HOLDER_PROFIT_SQ":-59963682.24,"HOLDER_PROFIT_QOQ_SQ":72.615115134152,"ROE_AVG_SQ":-2.425941453828,"PE_TTM_SQ":-42.00133735012,"PB_TTM_SQ":-36.923538449314,"ROA_SQ":-0.270639732367,"START_DATE":"2021-01-01 00:00:00","FISCAL_YEAR":"12-31","CURRENCY":"HKD","IS_CNY_CODE":0,"DPS_HKD_LY":null,"ORG_TYPE":"证券","PREMIUM_INCOME":null,"PREMIUM_INCOME_YOY":null,"NET_INTEREST_INCOME":null,"NET_INTEREST_INCOME_YOY":null,"FEE_COMMISSION_INCOME":null,"FEE_COMMISSION_INCOME_YOY":null,"ACCOUNTS_RECE_TDAYS":0.745806097487,"INVENTORY_TDAYS":null,"CURRENT_ASSETS_TDAYS":0.040035455612,"TOTAL_ASSETS_TDAYS":0.029659583193,"PREMIUM_EXPENSE":null,"LOAN_DEPOSIT":null,"LOAN_EQUITY":null,"LOAN_ASSETS":null,"DEPOSIT_EQUITY":null,"DEPOSIT_ASSETS":null,"EQUITY_MULTIPLIER":2.34481364166,"EQUITY_RATIO":5.220588589466},{"SECUCODE":"00412.HK","SECURITY_CODE":"00412","SECURITY_NAME_ABBR":"山高控股","ORG_CODE":"10008891","STD_REPORT_DATE":"2020-12-31 00:00:00","REPORT_DATE":"2020-12-31 00:00:00","DATE_TYPE_CODE":"001","REPORT_TYPE":"2020年年报","PER_NETCASH_OPERATE":-0.109018608653,"PER_OI":0.050830101063,"BPS":0.33469914977,"BASIC_EPS":-0.009847188,"DILUTED_EPS":-0.009847188,"OPERATE_INCOME":1224465845.48,"OPERATE_INCOME_YOY":43.2690413916,"GROSS_PROFIT":null,"GROSS_PROFIT_YOY":null,"HOLDER_PROFIT":-239614908,"HOLDER_PROFIT_YOY":86.4138993397,"GROSS_PROFIT_RATIO":null,"EPS_TTM":-0.009946908715,"OPERATE_INCOME_QOQ":-8.30880116253,"NET_PROFIT_RATIO":-1.25833673,"ROE_AVG":-10.636068263609,"GROSS_PROFIT_QOQ":null,"ROA":-1.182186259362,"HOLDER_PROFIT_QOQ":53.386800403945,"ROE_YEARLY":-10.636068263609,"ROIC_YEARLY":-2.798216729011,"TOTAL_ASSETS":21012547518.16,"TOTAL_LIABILITIES":12885042131.44,"TAX_EBT":-460.704441041348,"OCF_SALES":-214.476474320157,"TOTAL_PARENT_EQUITY":2014698474.28,"DEBT_ASSET_RATIO":61.3207043092,"OPERATE_PROFIT":-1205699798.4,"PRETAX_PROFIT":-2747954.6,"NETCASH_OPERATE":-2626191174.64,"NETCASH_INVEST":-1420429094.88,"NETCASH_FINANCE":1292717799.64,"END_CASH":4246703346.72,"DIVI_RATIO":null,"DIVIDEND_RATE":null,"CURRENT_RATIO":2.383710759965,"COMMON_ACS":500000000000,"CURRENTDEBT_DEBT":50.678476543175,"ISSUED_COMMON_SHARES":6019431109,"HK_COMMON_SHARES":6019431109,"PER_SHARES":1000,"TOTAL_MARKET_CAP":37260278564.71,"HKSK_MARKET_CAP":37260278564.71,"PE_TTM":-443.527224043971,"PB_TTM":-19.569114309721,"REPORT_DATE_SQ":"2019-12-31 00:00:00","REPORT_TYPE_SQ":"2019年年报","OPERATE_INCOME_SQ":909639508.16,"DPS_HKD":null,"OPERATE_INCOME_QOQ_SQ":343.646595941118,"NET_PROFIT_RATIO_SQ":-192.8960937316,"HOLDER_PROFIT_SQ":-1877128488.72,"HOLDER_PROFIT_QOQ_SQ":-649.889510300021,"ROE_AVG_SQ":-54.045046823675,"PE_TTM_SQ":-42.00133735012,"PB_TTM_SQ":-36.923538449314,"ROA_SQ":-11.458379982431,"START_DATE":"2020-01-01 00:00:00","FISCAL_YEAR":"12-31","CURRENCY":"HKD","IS_CNY_CODE":0,"DPS_HKD_LY":null,"ORG_TYPE":"证券","PREMIUM_INCOME":null,"PREMIUM_INCOME_YOY":null,"NET_INTEREST_INCOME":null,"NET_INTEREST_INCOME_YOY":null,"FEE_COMMISSION_INCOME":null,"FEE_COMMISSION_INCOME_YOY":null,"ACCOUNTS_RECE_TDAYS":1.47690872416,"INVENTORY_TDAYS":null,"CURRENT_ASSETS_TDAYS":0.083187219632,"TOTAL_ASSETS_TDAYS":0.060411378811,"PREMIUM_EXPENSE":null,"LOAN_DEPOSIT":null,"LOAN_EQUITY":null,"LOAN_ASSETS":null,"DEPOSIT_EQUITY":null,"DEPOSIT_ASSETS":null,"EQUITY_MULTIPLIER":2.585362484348,"EQUITY_RATIO":6.395518880831},{"SECUCODE":"00412.HK","SECURITY_CODE":"00412","SECURITY_NAME_ABBR":"山高控股","ORG_CODE":"10008891","STD_REPORT_DATE":"2020-06-30 00:00:00","REPORT_DATE":"2020-06-30 00:00:00","DATE_TYPE_CODE":"002","REPORT_TYPE":"2020年中报","PER_NETCASH_OPERATE":-0.181003030805,"PER_OI":0.029698991986,"BPS":0.372132537298,"BASIC_EPS":-0.002466288,"DILUTED_EPS":-0.002466288,"OPERATE_INCOME":726213116.64,"OPERATE_INCOME_YOY":122.6401446655,"GROSS_PROFIT":null,"GROSS_PROFIT_YOY":null,"HOLDER_PROFIT":-59963682.24,"HOLDER_PROFIT_YOY":95.9420641038,"GROSS_PROFIT_RATIO":null,"EPS_TTM":-0.02102241188,"OPERATE_INCOME_QOQ":46.582810728405,"NET_PROFIT_RATIO":7.2194374826,"ROE_AVG":-2.425941453828,"GROSS_PROFIT_QOQ":null,"ROA":-0.270639732367,"HOLDER_PROFIT_QOQ":72.615115134152,"ROE_YEARLY":-4.851882907656,"ROIC_YEARLY":-1.19282885379,"TOTAL_ASSETS":23121832731.36,"TOTAL_LIABILITIES":14245704237.6,"TAX_EBT":24.264866042257,"OCF_SALES":-591.804071582465,"TOTAL_PARENT_EQUITY":2240026171.68,"DEBT_ASSET_RATIO":61.6114838435,"OPERATE_PROFIT":-251472772.32,"PRETAX_PROFIT":71291251.68,"NETCASH_OPERATE":-4425967560.96,"NETCASH_INVEST":-1802615379.84,"NETCASH_FINANCE":1989913511.52,"END_CASH":3404745294.72,"DIVI_RATIO":null,"DIVIDEND_RATE":null,"CURRENT_RATIO":2.239861600532,"COMMON_ACS":500000000000,"CURRENTDEBT_DEBT":52.929169740438,"ISSUED_COMMON_SHARES":6019431109,"HK_COMMON_SHARES":6019431109,"PER_SHARES":1000,"TOTAL_MARKET_CAP":37260278564.71,"HKSK_MARKET_CAP":37260278564.71,"PE_TTM":-443.527224043971,"PB_TTM":-19.569114309721,"REPORT_DATE_SQ":"2019-06-30 00:00:00","REPORT_TYPE_SQ":"2019年中报","OPERATE_INCOME_SQ":323490566.7,"DPS_HKD":null,"OPERATE_INCOME_QOQ_SQ":0,"NET_PROFIT_RATIO_SQ":-437.7060191165,"HOLDER_PROFIT_SQ":-1423042695.54,"HOLDER_PROFIT_QOQ_SQ":0,"ROE_AVG_SQ":-38.719414158234,"PE_TTM_SQ":-42.00133735012,"PB_TTM_SQ":-36.923538449314,"ROA_SQ":-12.574419018063,"START_DATE":"2020-01-01 00:00:00","FISCAL_YEAR":"12-31","CURRENCY":"HKD","IS_CNY_CODE":0,"DPS_HKD_LY":null,"ORG_TYPE":"证券","PREMIUM_INCOME":null,"PREMIUM_INCOME_YOY":null,"NET_INTEREST_INCOME":null,"NET_INTEREST_INCOME_YOY":null,"FEE_COMMISSION_INCOME":null,"FEE_COMMISSION_INCOME_YOY":null,"ACCOUNTS_RECE_TDAYS":0.84330560787,"INVENTORY_TDAYS":null,"CURRENT_ASSETS_TDAYS":0.04682179994,"TOTAL_ASSETS_TDAYS":0.033754644547,"PREMIUM_EXPENSE":null,"LOAN_DEPOSIT":null,"LOAN_EQUITY":null,"LOAN_ASSETS":null,"DEPOSIT_EQUITY":null,"DEPOSIT_ASSETS":null,"EQUITY_MULTIPLIER":2.604945697623,"EQUITY_RATIO":6.359615087406}],"count":46},"success":true,"message":"ok","code":0}