{"version":"4c209ead975f243ef132b2b41ad84708","result":{"pages":6,"data":[{"SECUCODE":"00418.HK","SECURITY_CODE":"00418","SECURITY_NAME_ABBR":"方正控股","ORG_CODE":"10061440","STD_REPORT_DATE":"2024-06-30 00:00:00","REPORT_DATE":"2024-06-30 00:00:00","DATE_TYPE_CODE":"002","REPORT_TYPE":"2024年中报","PER_NETCASH_OPERATE":-0.052248255779,"PER_OI":0.292933168118,"BPS":0.828772571585,"BASIC_EPS":-0.00365072,"DILUTED_EPS":-0.00365072,"OPERATE_INCOME":351445687.6,"OPERATE_INCOME_YOY":3.2226415904,"GROSS_PROFIT":159336587.08,"GROSS_PROFIT_YOY":-0.730075779629,"HOLDER_PROFIT":-4017617.36,"HOLDER_PROFIT_YOY":83.6277755049,"GROSS_PROFIT_RATIO":45.337471109149,"EPS_TTM":0.062449617842,"OPERATE_INCOME_QOQ":0.843083853289,"NET_PROFIT_RATIO":-1.1431687745,"ROE_AVG":-0.402094325008,"GROSS_PROFIT_QOQ":-0.266690044726,"ROA":-0.307273167032,"HOLDER_PROFIT_QOQ":38.35800584224,"ROE_YEARLY":-0.804188650015,"ROIC_YEARLY":-1.219998891414,"TOTAL_ASSETS":1276644006.48,"TOTAL_LIABILITIES":282326605.84,"TAX_EBT":16.072449952336,"OCF_SALES":-17.836237567196,"TOTAL_PARENT_EQUITY":994317400.64,"DEBT_ASSET_RATIO":22.1147480744,"OPERATE_PROFIT":67418758.92,"PRETAX_PROFIT":-4787006.6,"NETCASH_OPERATE":-62684687.76,"NETCASH_INVEST":-200270285.08,"NETCASH_FINANCE":-1486755.72,"END_CASH":414144978.24,"DIVI_RATIO":null,"DIVIDEND_RATE":null,"CURRENT_RATIO":3.87988885789,"COMMON_ACS":2100000000,"CURRENTDEBT_DEBT":85.746335723384,"ISSUED_COMMON_SHARES":1199746993,"HK_COMMON_SHARES":1199746993,"PER_SHARES":2000,"TOTAL_MARKET_CAP":1187749523.07,"HKSK_MARKET_CAP":1187749523.07,"PE_TTM":14.442303997641,"PB_TTM":1.090230578302,"REPORT_DATE_SQ":"2023-06-30 00:00:00","REPORT_TYPE_SQ":"2023年中报","OPERATE_INCOME_SQ":343942795.04,"DPS_HKD":null,"OPERATE_INCOME_QOQ_SQ":7.897275240022,"NET_PROFIT_RATIO_SQ":-7.2073835002,"HOLDER_PROFIT_SQ":-24789276.26,"HOLDER_PROFIT_QOQ_SQ":93.902593973654,"ROE_AVG_SQ":-2.62207440052,"PE_TTM_SQ":5.665885342492,"PB_TTM_SQ":0.401613630818,"ROA_SQ":-1.889860634464,"START_DATE":"2024-01-01 00:00:00","FISCAL_YEAR":"12-31","CURRENCY":"HKD","IS_CNY_CODE":0,"DPS_HKD_LY":null,"ORG_TYPE":"一般企业","PREMIUM_INCOME":null,"PREMIUM_INCOME_YOY":null,"NET_INTEREST_INCOME":null,"NET_INTEREST_INCOME_YOY":null,"FEE_COMMISSION_INCOME":null,"FEE_COMMISSION_INCOME_YOY":null,"ACCOUNTS_RECE_TDAYS":2.138380845812,"INVENTORY_TDAYS":2.362509891072,"CURRENT_ASSETS_TDAYS":0.363806424031,"TOTAL_ASSETS_TDAYS":0.268790727917,"PREMIUM_EXPENSE":null,"LOAN_DEPOSIT":null,"LOAN_EQUITY":null,"LOAN_ASSETS":null,"DEPOSIT_EQUITY":null,"DEPOSIT_ASSETS":null,"EQUITY_MULTIPLIER":1.283940123806,"EQUITY_RATIO":0.283940123806},{"SECUCODE":"00418.HK","SECURITY_CODE":"00418","SECURITY_NAME_ABBR":"方正控股","ORG_CODE":"10061440","STD_REPORT_DATE":"2023-12-31 00:00:00","REPORT_DATE":"2023-12-31 00:00:00","DATE_TYPE_CODE":"001","REPORT_TYPE":"2023年年报","PER_NETCASH_OPERATE":0.023701895104,"PER_OI":0.741768327466,"BPS":0.830943318197,"BASIC_EPS":0.045311,"DILUTED_EPS":0.045311,"OPERATE_INCOME":889934320.38,"OPERATE_INCOME_YOY":2.5534212357,"GROSS_PROFIT":439398891.4,"GROSS_PROFIT_YOY":0.405440176066,"HOLDER_PROFIT":54152082.32,"HOLDER_PROFIT_YOY":71.9547638917,"GROSS_PROFIT_RATIO":49.374305646778,"EPS_TTM":0.045136251756,"OPERATE_INCOME_QOQ":-3.574795235704,"NET_PROFIT_RATIO":6.0849526847,"ROE_AVG":5.55829437492,"GROSS_PROFIT_QOQ":-5.794003297695,"ROA":4.051046878617,"HOLDER_PROFIT_QOQ":-10.03336288346,"ROE_YEARLY":5.55829437492,"ROIC_YEARLY":8.142170505139,"TOTAL_ASSETS":1328896413.74,"TOTAL_LIABILITIES":331974666.38,"TAX_EBT":-2.944165934501,"OCF_SALES":3.195323152371,"TOTAL_PARENT_EQUITY":996921747.36,"DEBT_ASSET_RATIO":24.9812297593,"OPERATE_PROFIT":231070694.26,"PRETAX_PROFIT":52603352.34,"NETCASH_OPERATE":28436277.38,"NETCASH_INVEST":-1995496.44,"NETCASH_FINANCE":-2961526.96,"END_CASH":678777810.62,"DIVI_RATIO":null,"DIVIDEND_RATE":null,"CURRENT_RATIO":3.393491105801,"COMMON_ACS":2100000000,"CURRENTDEBT_DEBT":87.502217951623,"ISSUED_COMMON_SHARES":1199746993,"HK_COMMON_SHARES":1199746993,"PER_SHARES":2000,"TOTAL_MARKET_CAP":887812774.82,"HKSK_MARKET_CAP":887812774.82,"PE_TTM":10.79525753359,"PB_TTM":0.814919826206,"REPORT_DATE_SQ":"2022-12-31 00:00:00","REPORT_TYPE_SQ":"2022年年报","OPERATE_INCOME_SQ":855375700.06,"DPS_HKD":null,"OPERATE_INCOME_QOQ_SQ":10.232309487848,"NET_PROFIT_RATIO_SQ":3.6290516282,"HOLDER_PROFIT_SQ":31042025.77,"HOLDER_PROFIT_QOQ_SQ":770.925014022801,"ROE_AVG_SQ":3.24249779913,"PE_TTM_SQ":6.849801682714,"PB_TTM_SQ":0.485532896959,"ROA_SQ":2.278346237034,"START_DATE":"2023-01-01 00:00:00","FISCAL_YEAR":"12-31","CURRENCY":"HKD","IS_CNY_CODE":0,"DPS_HKD_LY":null,"ORG_TYPE":"一般企业","PREMIUM_INCOME":null,"PREMIUM_INCOME_YOY":null,"NET_INTEREST_INCOME":null,"NET_INTEREST_INCOME_YOY":null,"FEE_COMMISSION_INCOME":null,"FEE_COMMISSION_INCOME_YOY":null,"ACCOUNTS_RECE_TDAYS":5.421246573868,"INVENTORY_TDAYS":5.575250217276,"CURRENT_ASSETS_TDAYS":0.90738103103,"TOTAL_ASSETS_TDAYS":0.665748295596,"PREMIUM_EXPENSE":null,"LOAN_DEPOSIT":null,"LOAN_EQUITY":null,"LOAN_ASSETS":null,"DEPOSIT_EQUITY":null,"DEPOSIT_ASSETS":null,"EQUITY_MULTIPLIER":1.332999723658,"EQUITY_RATIO":0.332999723658},{"SECUCODE":"00418.HK","SECURITY_CODE":"00418","SECURITY_NAME_ABBR":"方正控股","ORG_CODE":"10061440","STD_REPORT_DATE":"2023-06-30 00:00:00","REPORT_DATE":"2023-06-30 00:00:00","DATE_TYPE_CODE":"002","REPORT_TYPE":"2023年中报","PER_NETCASH_OPERATE":-0.060695984057,"PER_OI":0.286679439121,"BPS":0.769055819571,"BASIC_EPS":-0.02028356,"DILUTED_EPS":-0.02028356,"OPERATE_INCOME":343942795.04,"OPERATE_INCOME_YOY":15.425767266,"GROSS_PROFIT":160508420.18,"GROSS_PROFIT_YOY":21.865463788394,"HOLDER_PROFIT":-24789276.26,"HOLDER_PROFIT_YOY":57.3709411466,"GROSS_PROFIT_RATIO":46.667184919903,"EPS_TTM":0.05016998879,"OPERATE_INCOME_QOQ":7.897275240022,"NET_PROFIT_RATIO":-7.2073835002,"ROE_AVG":-2.62207440052,"GROSS_PROFIT_QOQ":6.580731259977,"ROA":-1.889860634464,"HOLDER_PROFIT_QOQ":93.902593973654,"ROE_YEARLY":-5.24414880104,"ROIC_YEARLY":-7.252291375581,"TOTAL_ASSETS":1255424208.78,"TOTAL_LIABILITIES":332751801.8,"TAX_EBT":2.77355897881,"OCF_SALES":-21.172074371127,"TOTAL_PARENT_EQUITY":922672406.98,"DEBT_ASSET_RATIO":26.5051286627,"OPERATE_PROFIT":56493402.52,"PRETAX_PROFIT":-25496434.92,"NETCASH_OPERATE":-72819824.36,"NETCASH_INVEST":-1358998.52,"NETCASH_FINANCE":-1544316.5,"END_CASH":580043433.44,"DIVI_RATIO":null,"DIVIDEND_RATE":null,"CURRENT_RATIO":3.057873278237,"COMMON_ACS":2100000000,"CURRENTDEBT_DEBT":88.006705272783,"ISSUED_COMMON_SHARES":1199746993,"HK_COMMON_SHARES":1199746993,"PER_SHARES":2000,"TOTAL_MARKET_CAP":887812774.82,"HKSK_MARKET_CAP":887812774.82,"PE_TTM":10.79525753359,"PB_TTM":0.814919826206,"REPORT_DATE_SQ":"2022-06-30 00:00:00","REPORT_TYPE_SQ":"2022年中报","OPERATE_INCOME_SQ":276391421.67,"DPS_HKD":null,"OPERATE_INCOME_QOQ_SQ":-11.617078947794,"NET_PROFIT_RATIO_SQ":-19.5152741551,"HOLDER_PROFIT_SQ":-53938543.68,"HOLDER_PROFIT_QOQ_SQ":-113.013847142823,"ROE_AVG_SQ":-6.024350709823,"PE_TTM_SQ":6.849801682714,"PB_TTM_SQ":0.485532896959,"ROA_SQ":-4.266564205629,"START_DATE":"2023-01-01 00:00:00","FISCAL_YEAR":"12-31","CURRENCY":"HKD","IS_CNY_CODE":0,"DPS_HKD_LY":null,"ORG_TYPE":"一般企业","PREMIUM_INCOME":null,"PREMIUM_INCOME_YOY":null,"NET_INTEREST_INCOME":null,"NET_INTEREST_INCOME_YOY":null,"FEE_COMMISSION_INCOME":null,"FEE_COMMISSION_INCOME_YOY":null,"ACCOUNTS_RECE_TDAYS":2.247879702691,"INVENTORY_TDAYS":1.904477926255,"CURRENT_ASSETS_TDAYS":0.364300774113,"TOTAL_ASSETS_TDAYS":0.26221174916,"PREMIUM_EXPENSE":null,"LOAN_DEPOSIT":null,"LOAN_EQUITY":null,"LOAN_ASSETS":null,"DEPOSIT_EQUITY":null,"DEPOSIT_ASSETS":null,"EQUITY_MULTIPLIER":1.360639159991,"EQUITY_RATIO":0.360639159991},{"SECUCODE":"00418.HK","SECURITY_CODE":"00418","SECURITY_NAME_ABBR":"方正控股","ORG_CODE":"10061440","STD_REPORT_DATE":"2022-12-31 00:00:00","REPORT_DATE":"2022-12-31 00:00:00","DATE_TYPE_CODE":"001","REPORT_TYPE":"2022年年报","PER_NETCASH_OPERATE":0.034985596359,"PER_OI":0.712963403993,"BPS":0.781826708325,"BASIC_EPS":0.02590483,"DILUTED_EPS":0.02590483,"OPERATE_INCOME":855375700.06,"OPERATE_INCOME_YOY":-10.8265865056,"GROSS_PROFIT":437624585.51,"GROSS_PROFIT_YOY":3.914872986022,"HOLDER_PROFIT":31042025.77,"HOLDER_PROFIT_YOY":-20.0832490111,"GROSS_PROFIT_RATIO":51.161680823912,"EPS_TTM":0.025873810021,"OPERATE_INCOME_QOQ":10.232309487848,"NET_PROFIT_RATIO":3.6290516282,"ROE_AVG":3.24249779913,"GROSS_PROFIT_QOQ":15.107413688285,"ROA":2.278346237034,"HOLDER_PROFIT_QOQ":770.925014022801,"ROE_YEARLY":3.24249779913,"ROIC_YEARLY":4.045364989101,"TOTAL_ASSETS":1325375070.18,"TOTAL_LIABILITIES":387380827.82,"TAX_EBT":77.467336683417,"OCF_SALES":4.90706762269,"TOTAL_PARENT_EQUITY":937994242.36,"DEBT_ASSET_RATIO":29.2280152642,"OPERATE_PROFIT":200037990.53,"PRETAX_PROFIT":137764565.75,"NETCASH_OPERATE":41973864.03,"NETCASH_INVEST":124082349.16,"NETCASH_FINANCE":-3052303.59,"END_CASH":655048290.05,"DIVI_RATIO":null,"DIVIDEND_RATE":null,"CURRENT_RATIO":2.780621270068,"COMMON_ACS":2100000000,"CURRENTDEBT_DEBT":89.294295609986,"ISSUED_COMMON_SHARES":1199746993,"HK_COMMON_SHARES":1199746993,"PER_SHARES":2000,"TOTAL_MARKET_CAP":887812774.82,"HKSK_MARKET_CAP":887812774.82,"PE_TTM":10.79525753359,"PB_TTM":0.814919826206,"REPORT_DATE_SQ":"2021-12-31 00:00:00","REPORT_TYPE_SQ":"2021年年报","OPERATE_INCOME_SQ":877969948.8,"DPS_HKD":null,"OPERATE_INCOME_QOQ_SQ":-2.574271605933,"NET_PROFIT_RATIO_SQ":4.0494003751,"HOLDER_PROFIT_SQ":35552518.4,"HOLDER_PROFIT_QOQ_SQ":-37.016386234361,"ROE_AVG_SQ":4.06458430409,"PE_TTM_SQ":6.849801682714,"PB_TTM_SQ":0.485532896959,"ROA_SQ":2.821419534003,"START_DATE":"2022-01-01 00:00:00","FISCAL_YEAR":"12-31","CURRENCY":"HKD","IS_CNY_CODE":0,"DPS_HKD_LY":null,"ORG_TYPE":"一般企业","PREMIUM_INCOME":null,"PREMIUM_INCOME_YOY":null,"NET_INTEREST_INCOME":null,"NET_INTEREST_INCOME_YOY":null,"FEE_COMMISSION_INCOME":null,"FEE_COMMISSION_INCOME_YOY":null,"ACCOUNTS_RECE_TDAYS":5.544025821766,"INVENTORY_TDAYS":4.709996777182,"CURRENT_ASSETS_TDAYS":0.937446798721,"TOTAL_ASSETS_TDAYS":0.627807612145,"PREMIUM_EXPENSE":null,"LOAN_DEPOSIT":null,"LOAN_EQUITY":null,"LOAN_ASSETS":null,"DEPOSIT_EQUITY":null,"DEPOSIT_ASSETS":null,"EQUITY_MULTIPLIER":1.412988492174,"EQUITY_RATIO":0.412988492174},{"SECUCODE":"00418.HK","SECURITY_CODE":"00418","SECURITY_NAME_ABBR":"方正控股","ORG_CODE":"10061440","STD_REPORT_DATE":"2022-06-30 00:00:00","REPORT_DATE":"2022-06-30 00:00:00","DATE_TYPE_CODE":"002","REPORT_TYPE":"2022年中报","PER_NETCASH_OPERATE":-0.09242205303,"PER_OI":0.230374756747,"BPS":0.713164312811,"BASIC_EPS":-0.04532507,"DILUTED_EPS":-0.04532507,"OPERATE_INCOME":276391421.67,"OPERATE_INCOME_YOY":-28.929052858,"GROSS_PROFIT":131709522.28,"GROSS_PROFIT_YOY":-23.71700932749,"HOLDER_PROFIT":-53938543.68,"HOLDER_PROFIT_YOY":-281.4223512337,"GROSS_PROFIT_RATIO":47.65325981689,"EPS_TTM":-0.003856438422,"OPERATE_INCOME_QOQ":-11.617078947794,"NET_PROFIT_RATIO":-19.5152741551,"ROE_AVG":-6.024350709823,"GROSS_PROFIT_QOQ":-9.72356197019,"ROA":-4.266564205629,"HOLDER_PROFIT_QOQ":-113.013847142823,"ROE_YEARLY":-12.048701419646,"ROIC_YEARLY":-13.180481928089,"TOTAL_ASSETS":1188507999.21,"TOTAL_LIABILITIES":332891259.4,"TAX_EBT":2.514722020433,"OCF_SALES":-40.118133746709,"TOTAL_PARENT_EQUITY":855616739.81,"DEBT_ASSET_RATIO":28.0091728134,"OPERATE_PROFIT":-55162320.57,"PRETAX_PROFIT":-55329937.81,"NETCASH_OPERATE":-110883080.21,"NETCASH_INVEST":-543900.84,"NETCASH_FINANCE":-1347779.44,"END_CASH":379107437.38,"DIVI_RATIO":null,"DIVIDEND_RATE":null,"CURRENT_RATIO":2.420687394783,"COMMON_ACS":2100000000,"CURRENTDEBT_DEBT":86.218722704619,"ISSUED_COMMON_SHARES":1199746993,"HK_COMMON_SHARES":1199746993,"PER_SHARES":2000,"TOTAL_MARKET_CAP":887812774.82,"HKSK_MARKET_CAP":887812774.82,"PE_TTM":10.79525753359,"PB_TTM":0.814919826206,"REPORT_DATE_SQ":"2021-06-30 00:00:00","REPORT_TYPE_SQ":"2021年中报","OPERATE_INCOME_SQ":378385883.76,"DPS_HKD":null,"OPERATE_INCOME_QOQ_SQ":14.327569891681,"NET_PROFIT_RATIO_SQ":-3.6363076612,"HOLDER_PROFIT_SQ":-13759274.88,"HOLDER_PROFIT_QOQ_SQ":24.437659682181,"ROE_AVG_SQ":-1.588899992313,"PE_TTM_SQ":6.849801682714,"PB_TTM_SQ":0.485532896959,"ROA_SQ":-1.107218986101,"START_DATE":"2022-01-01 00:00:00","FISCAL_YEAR":"12-31","CURRENCY":"HKD","IS_CNY_CODE":0,"DPS_HKD_LY":null,"ORG_TYPE":"一般企业","PREMIUM_INCOME":null,"PREMIUM_INCOME_YOY":null,"NET_INTEREST_INCOME":null,"NET_INTEREST_INCOME_YOY":null,"FEE_COMMISSION_INCOME":null,"FEE_COMMISSION_INCOME_YOY":null,"ACCOUNTS_RECE_TDAYS":2.12337105596,"INVENTORY_TDAYS":1.354238875503,"CURRENT_ASSETS_TDAYS":0.363423428387,"TOTAL_ASSETS_TDAYS":0.218626916113,"PREMIUM_EXPENSE":null,"LOAN_DEPOSIT":null,"LOAN_EQUITY":null,"LOAN_ASSETS":null,"DEPOSIT_EQUITY":null,"DEPOSIT_ASSETS":null,"EQUITY_MULTIPLIER":1.389065856137,"EQUITY_RATIO":0.389065856138},{"SECUCODE":"00418.HK","SECURITY_CODE":"00418","SECURITY_NAME_ABBR":"方正控股","ORG_CODE":"10061440","STD_REPORT_DATE":"2021-12-31 00:00:00","REPORT_DATE":"2021-12-31 00:00:00","DATE_TYPE_CODE":"001","REPORT_TYPE":"2021年年报","PER_NETCASH_OPERATE":0.032586186444,"PER_OI":0.731795915241,"BPS":0.745129013047,"BASIC_EPS":0.0294336,"DILUTED_EPS":0.0294336,"OPERATE_INCOME":877969948.8,"OPERATE_INCOME_YOY":14.6595198309,"GROSS_PROFIT":421137584,"GROSS_PROFIT_YOY":12.734161412725,"HOLDER_PROFIT":35552518.4,"HOLDER_PROFIT_YOY":-19.3201847969,"GROSS_PROFIT_RATIO":47.967198031733,"EPS_TTM":0.029633346537,"OPERATE_INCOME_QOQ":-2.574271605933,"NET_PROFIT_RATIO":4.0494003751,"ROE_AVG":4.06458430409,"GROSS_PROFIT_QOQ":-0.906197630346,"ROA":2.821419534003,"HOLDER_PROFIT_QOQ":-37.016386234361,"ROE_YEARLY":4.06458430409,"ROIC_YEARLY":4.103291909436,"TOTAL_ASSETS":1281025491.2,"TOTAL_LIABILITIES":387059198.4,"TAX_EBT":-0.662067688319,"OCF_SALES":4.452906304303,"TOTAL_PARENT_EQUITY":893966292.8,"DEBT_ASSET_RATIO":30.2147928405,"OPERATE_PROFIT":35447865.6,"PRETAX_PROFIT":35318684.8,"NETCASH_OPERATE":39095179.2,"NETCASH_INVEST":142062088,"NETCASH_FINANCE":-1396460.8,"END_CASH":489878121.6,"DIVI_RATIO":null,"DIVIDEND_RATE":null,"CURRENT_RATIO":2.314579071183,"COMMON_ACS":2100000000,"CURRENTDEBT_DEBT":88.176185919575,"ISSUED_COMMON_SHARES":1199746993,"HK_COMMON_SHARES":1199746993,"PER_SHARES":2000,"TOTAL_MARKET_CAP":887812774.82,"HKSK_MARKET_CAP":887812774.82,"PE_TTM":10.79525753359,"PB_TTM":0.814919826206,"REPORT_DATE_SQ":"2020-12-31 00:00:00","REPORT_TYPE_SQ":"2020年年报","OPERATE_INCOME_SQ":788233733.8,"DPS_HKD":null,"OPERATE_INCOME_QOQ_SQ":-6.258767935428,"NET_PROFIT_RATIO_SQ":5.7548756333,"HOLDER_PROFIT_SQ":45361871.08,"HOLDER_PROFIT_QOQ_SQ":118.765510920752,"ROE_AVG_SQ":5.42323729946,"PE_TTM_SQ":6.849801682714,"PB_TTM_SQ":0.485532896959,"ROA_SQ":3.563732539879,"START_DATE":"2021-01-01 00:00:00","FISCAL_YEAR":"12-31","CURRENCY":"HKD","IS_CNY_CODE":0,"DPS_HKD_LY":null,"ORG_TYPE":"一般企业","PREMIUM_INCOME":null,"PREMIUM_INCOME_YOY":null,"NET_INTEREST_INCOME":null,"NET_INTEREST_INCOME_YOY":null,"FEE_COMMISSION_INCOME":null,"FEE_COMMISSION_INCOME_YOY":null,"ACCOUNTS_RECE_TDAYS":5.884833854408,"INVENTORY_TDAYS":6.022613850714,"CURRENT_ASSETS_TDAYS":1.150330368161,"TOTAL_ASSETS_TDAYS":0.696749956203,"PREMIUM_EXPENSE":null,"LOAN_DEPOSIT":null,"LOAN_EQUITY":null,"LOAN_ASSETS":null,"DEPOSIT_EQUITY":null,"DEPOSIT_ASSETS":null,"EQUITY_MULTIPLIER":1.432968448047,"EQUITY_RATIO":0.432968448047},{"SECUCODE":"00418.HK","SECURITY_CODE":"00418","SECURITY_NAME_ABBR":"方正控股","ORG_CODE":"10061440","STD_REPORT_DATE":"2021-06-30 00:00:00","REPORT_DATE":"2021-06-30 00:00:00","DATE_TYPE_CODE":"002","REPORT_TYPE":"2021年中报","PER_NETCASH_OPERATE":-0.060758117191,"PER_OI":0.315388065957,"BPS":0.717952118426,"BASIC_EPS":-0.011482704,"DILUTED_EPS":-0.011482704,"OPERATE_INCOME":378385883.76,"OPERATE_INCOME_YOY":56.4823162633,"GROSS_PROFIT":172659096.24,"GROSS_PROFIT_YOY":42.414244901818,"HOLDER_PROFIT":-13759274.88,"HOLDER_PROFIT_YOY":39.2036471929,"GROSS_PROFIT_RATIO":45.630427468461,"EPS_TTM":0.047049295468,"OPERATE_INCOME_QOQ":14.327569891681,"NET_PROFIT_RATIO":-3.6363076612,"ROE_AVG":-1.588899992313,"GROSS_PROFIT_QOQ":13.765098035281,"ROA":-1.107218986101,"HOLDER_PROFIT_QOQ":24.437659682181,"ROE_YEARLY":-3.177799984626,"ROIC_YEARLY":-3.055217852405,"TOTAL_ASSETS":1224268426.8,"TOTAL_LIABILITIES":362907531.6,"TAX_EBT":-20.939077013092,"OCF_SALES":-19.264558094941,"TOTAL_PARENT_EQUITY":861360895.2,"DEBT_ASSET_RATIO":29.6428073824,"OPERATE_PROFIT":-11398663.92,"PRETAX_PROFIT":-11377029.84,"NETCASH_OPERATE":-72894368.4,"NETCASH_INVEST":138287535.6,"NETCASH_FINANCE":-921944.64,"END_CASH":371144291.52,"DIVI_RATIO":null,"DIVIDEND_RATE":null,"CURRENT_RATIO":2.292662854586,"COMMON_ACS":2100000000,"CURRENTDEBT_DEBT":86.089030024419,"ISSUED_COMMON_SHARES":1199746993,"HK_COMMON_SHARES":1199746993,"PER_SHARES":2000,"TOTAL_MARKET_CAP":887812774.82,"HKSK_MARKET_CAP":887812774.82,"PE_TTM":10.79525753359,"PB_TTM":0.814919826206,"REPORT_DATE_SQ":"2020-06-30 00:00:00","REPORT_TYPE_SQ":"2020年中报","OPERATE_INCOME_SQ":265451144.64,"DPS_HKD":null,"OPERATE_INCOME_QOQ_SQ":-11.312314892433,"NET_PROFIT_RATIO_SQ":-9.3594075828,"HOLDER_PROFIT_SQ":-24844654.56,"HOLDER_PROFIT_QOQ_SQ":-13.009009750407,"ROE_AVG_SQ":-2.934678875524,"PE_TTM_SQ":6.849801682714,"PB_TTM_SQ":0.485532896959,"ROA_SQ":-1.956128607239,"START_DATE":"2021-01-01 00:00:00","FISCAL_YEAR":"12-31","CURRENCY":"HKD","IS_CNY_CODE":0,"DPS_HKD_LY":null,"ORG_TYPE":"一般企业","PREMIUM_INCOME":null,"PREMIUM_INCOME_YOY":null,"NET_INTEREST_INCOME":null,"NET_INTEREST_INCOME_YOY":null,"FEE_COMMISSION_INCOME":null,"FEE_COMMISSION_INCOME_YOY":null,"ACCOUNTS_RECE_TDAYS":2.363543753784,"INVENTORY_TDAYS":2.587357482589,"CURRENT_ASSETS_TDAYS":0.516271896289,"TOTAL_ASSETS_TDAYS":0.304489908244,"PREMIUM_EXPENSE":null,"LOAN_DEPOSIT":null,"LOAN_EQUITY":null,"LOAN_ASSETS":null,"DEPOSIT_EQUITY":null,"DEPOSIT_ASSETS":null,"EQUITY_MULTIPLIER":1.421318791719,"EQUITY_RATIO":0.421318791719},{"SECUCODE":"00418.HK","SECURITY_CODE":"00418","SECURITY_NAME_ABBR":"方正控股","ORG_CODE":"10061440","STD_REPORT_DATE":"2020-12-31 00:00:00","REPORT_DATE":"2020-12-31 00:00:00","DATE_TYPE_CODE":"001","REPORT_TYPE":"2020年年报","PER_NETCASH_OPERATE":0.042217848543,"PER_OI":0.656999966159,"BPS":0.733959622435,"BASIC_EPS":0.0378738,"DILUTED_EPS":0.0378738,"OPERATE_INCOME":788233733.8,"OPERATE_INCOME_YOY":-11.5151394904,"GROSS_PROFIT":373566963.84,"GROSS_PROFIT_YOY":-20.05379003975,"HOLDER_PROFIT":45361871.08,"HOLDER_PROFIT_YOY":122.5708781775,"GROSS_PROFIT_RATIO":47.39291758538,"EPS_TTM":0.037809530963,"OPERATE_INCOME_QOQ":-6.258767935428,"NET_PROFIT_RATIO":5.7548756333,"ROE_AVG":5.42323729946,"GROSS_PROFIT_QOQ":-8.345491490086,"ROA":3.563732539879,"HOLDER_PROFIT_QOQ":118.765510920752,"ROE_YEARLY":5.42323729946,"ROIC_YEARLY":5.115753934675,"TOTAL_ASSETS":1275596317.12,"TOTAL_LIABILITIES":395030467.12,"TAX_EBT":-3.193628061039,"OCF_SALES":6.425852468381,"TOTAL_PARENT_EQUITY":880565850,"DEBT_ASSET_RATIO":30.9682978712,"OPERATE_PROFIT":45180076.84,"PRETAX_PROFIT":43958015.56,"NETCASH_OPERATE":50650736.84,"NETCASH_INVEST":-75452184.36,"NETCASH_FINANCE":-97872632.32,"END_CASH":306176007.4,"DIVI_RATIO":null,"DIVIDEND_RATE":null,"CURRENT_RATIO":2.207231135635,"COMMON_ACS":2100000000,"CURRENTDEBT_DEBT":86.953668628211,"ISSUED_COMMON_SHARES":1199746993,"HK_COMMON_SHARES":1199746993,"PER_SHARES":2000,"TOTAL_MARKET_CAP":887812774.82,"HKSK_MARKET_CAP":887812774.82,"PE_TTM":10.79525753359,"PB_TTM":0.814919826206,"REPORT_DATE_SQ":"2019-12-31 00:00:00","REPORT_TYPE_SQ":"2019年年报","OPERATE_INCOME_SQ":948115050.72,"DPS_HKD":null,"OPERATE_INCOME_QOQ_SQ":1.793883794829,"NET_PROFIT_RATIO_SQ":-22.5609018692,"HOLDER_PROFIT_SQ":-213903306.2,"HOLDER_PROFIT_QOQ_SQ":-347.48909097329,"ROE_AVG_SQ":-22.452344360798,"PE_TTM_SQ":6.849801682714,"PB_TTM_SQ":0.485532896959,"ROA_SQ":-14.383895626854,"START_DATE":"2020-01-01 00:00:00","FISCAL_YEAR":"12-31","CURRENCY":"HKD","IS_CNY_CODE":0,"DPS_HKD_LY":null,"ORG_TYPE":"一般企业","PREMIUM_INCOME":null,"PREMIUM_INCOME_YOY":null,"NET_INTEREST_INCOME":null,"NET_INTEREST_INCOME_YOY":null,"FEE_COMMISSION_INCOME":null,"FEE_COMMISSION_INCOME_YOY":null,"ACCOUNTS_RECE_TDAYS":4.956365964923,"INVENTORY_TDAYS":6.72470671735,"CURRENT_ASSETS_TDAYS":1.034000018769,"TOTAL_ASSETS_TDAYS":0.619254483842,"PREMIUM_EXPENSE":null,"LOAN_DEPOSIT":null,"LOAN_EQUITY":null,"LOAN_ASSETS":null,"DEPOSIT_EQUITY":null,"DEPOSIT_ASSETS":null,"EQUITY_MULTIPLIER":1.448609796893,"EQUITY_RATIO":0.448609796894},{"SECUCODE":"00418.HK","SECURITY_CODE":"00418","SECURITY_NAME_ABBR":"方正控股","ORG_CODE":"10061440","STD_REPORT_DATE":"2020-06-30 00:00:00","REPORT_DATE":"2020-06-30 00:00:00","DATE_TYPE_CODE":"002","REPORT_TYPE":"2020年中报","PER_NETCASH_OPERATE":-0.08321594398,"PER_OI":0.221255936617,"BPS":0.694547331781,"BASIC_EPS":-0.020735088,"DILUTED_EPS":-0.020735088,"OPERATE_INCOME":265451144.64,"OPERATE_INCOME_YOY":-31.4110249899,"GROSS_PROFIT":121237237.44,"GROSS_PROFIT_YOY":-32.991619149766,"HOLDER_PROFIT":-24844654.56,"HOLDER_PROFIT_YOY":-902.3303834808,"GROSS_PROFIT_RATIO":45.672147168331,"EPS_TTM":-0.201484154218,"OPERATE_INCOME_QOQ":-11.312314892433,"NET_PROFIT_RATIO":-9.3594075828,"ROE_AVG":-2.934678875524,"GROSS_PROFIT_QOQ":-12.774383650093,"ROA":-1.956128607239,"HOLDER_PROFIT_QOQ":-13.009009750407,"ROE_YEARLY":-5.869357751047,"ROIC_YEARLY":-5.808906641351,"TOTAL_ASSETS":1161675540.96,"TOTAL_LIABILITIES":328394468.16,"TAX_EBT":6.660947151682,"OCF_SALES":-37.610716915687,"TOTAL_PARENT_EQUITY":833281072.8,"DEBT_ASSET_RATIO":28.2690352496,"OPERATE_PROFIT":-25400026.08,"PRETAX_PROFIT":-26617641.6,"NETCASH_OPERATE":-99838078.56,"NETCASH_INVEST":9054930.72,"NETCASH_FINANCE":-87607116.96,"END_CASH":251812572,"DIVI_RATIO":null,"DIVIDEND_RATE":null,"CURRENT_RATIO":2.235493198397,"COMMON_ACS":2100000000,"CURRENTDEBT_DEBT":84.653170669292,"ISSUED_COMMON_SHARES":1199746993,"HK_COMMON_SHARES":1199746993,"PER_SHARES":2000,"TOTAL_MARKET_CAP":887812774.82,"HKSK_MARKET_CAP":887812774.82,"PE_TTM":10.79525753359,"PB_TTM":0.814919826206,"REPORT_DATE_SQ":"2019-06-30 00:00:00","REPORT_TYPE_SQ":"2019年中报","OPERATE_INCOME_SQ":372704904.72,"DPS_HKD":null,"OPERATE_INCOME_QOQ_SQ":0.39192812303,"NET_PROFIT_RATIO_SQ":0.8001095135,"HOLDER_PROFIT_SQ":2982047.4,"HOLDER_PROFIT_QOQ_SQ":12.944448897961,"ROE_AVG_SQ":0.285970852062,"PE_TTM_SQ":6.849801682714,"PB_TTM_SQ":0.485532896959,"ROA_SQ":0.190316590807,"START_DATE":"2020-01-01 00:00:00","FISCAL_YEAR":"12-31","CURRENCY":"HKD","IS_CNY_CODE":0,"DPS_HKD_LY":null,"ORG_TYPE":"一般企业","PREMIUM_INCOME":null,"PREMIUM_INCOME_YOY":null,"NET_INTEREST_INCOME":null,"NET_INTEREST_INCOME_YOY":null,"FEE_COMMISSION_INCOME":null,"FEE_COMMISSION_INCOME_YOY":null,"ACCOUNTS_RECE_TDAYS":1.843414496449,"INVENTORY_TDAYS":1.914346687361,"CURRENT_ASSETS_TDAYS":0.365306641945,"TOTAL_ASSETS_TDAYS":0.209001327268,"PREMIUM_EXPENSE":null,"LOAN_DEPOSIT":null,"LOAN_EQUITY":null,"LOAN_ASSETS":null,"DEPOSIT_EQUITY":null,"DEPOSIT_ASSETS":null,"EQUITY_MULTIPLIER":1.394098076723,"EQUITY_RATIO":0.394098076723}],"count":49},"success":true,"message":"ok","code":0}