{"version":"448bf086c9810781e75ad018b6a595b7","result":{"pages":6,"data":[{"SECUCODE":"00413.HK","SECURITY_CODE":"00413","SECURITY_NAME_ABBR":"南华集团控股","ORG_CODE":"10008892","STD_REPORT_DATE":"2024-06-30 00:00:00","REPORT_DATE":"2024-06-30 00:00:00","DATE_TYPE_CODE":"002","REPORT_TYPE":"2024年中报","PER_NETCASH_OPERATE":-0.004718201317,"PER_OI":0.080662956202,"BPS":0.399958906913,"BASIC_EPS":-0.00547608,"DILUTED_EPS":-0.00547608,"OPERATE_INCOME":1066469318.04,"OPERATE_INCOME_YOY":2.690149856,"GROSS_PROFIT":138796723.68,"GROSS_PROFIT_YOY":20.567680388773,"HOLDER_PROFIT":-72231320.56,"HOLDER_PROFIT_YOY":0.1753257401,"GROSS_PROFIT_RATIO":13.014600732732,"EPS_TTM":-0.002117439412,"OPERATE_INCOME_QOQ":0.663288689617,"NET_PROFIT_RATIO":-6.9213343911,"ROE_AVG":-1.342392643318,"GROSS_PROFIT_QOQ":5.450557275416,"ROA":-0.59710478645,"HOLDER_PROFIT_QOQ":2.994425944328,"ROE_YEARLY":-2.684785286636,"ROIC_YEARLY":-1.270680753944,"TOTAL_ASSETS":12096017280.6,"TOTAL_LIABILITIES":6552234678.2,"TAX_EBT":-1.689885832118,"OCF_SALES":-5.84927894922,"TOTAL_PARENT_EQUITY":5287977564.68,"DEBT_ASSET_RATIO":54.168529411,"OPERATE_PROFIT":40926396.56,"PRETAX_PROFIT":-72587265.76,"NETCASH_OPERATE":-62380765.32,"NETCASH_INVEST":-1947659.12,"NETCASH_FINANCE":37948321.72,"END_CASH":432169495.56,"DIVI_RATIO":null,"DIVIDEND_RATE":null,"CURRENT_RATIO":0.939080224673,"COMMON_ACS":20000000000,"CURRENTDEBT_DEBT":48.693258152293,"ISSUED_COMMON_SHARES":13221302172,"HK_COMMON_SHARES":13221302172,"PER_SHARES":8000,"TOTAL_MARKET_CAP":423081669.504,"HKSK_MARKET_CAP":423081669.504,"PE_TTM":-13.343478396064,"PB_TTM":0.073021901738,"REPORT_DATE_SQ":"2023-06-30 00:00:00","REPORT_TYPE_SQ":"2023年中报","OPERATE_INCOME_SQ":1049113666.16,"DPS_HKD":null,"OPERATE_INCOME_QOQ_SQ":-24.42348063805,"NET_PROFIT_RATIO_SQ":-7.409754177,"HOLDER_PROFIT_SQ":-73095496.38,"HOLDER_PROFIT_QOQ_SQ":-169.309284668007,"ROE_AVG_SQ":-1.319486006102,"PE_TTM_SQ":-11.869240825761,"PB_TTM_SQ":0.103899095288,"ROA_SQ":-0.587003145736,"START_DATE":"2024-01-01 00:00:00","FISCAL_YEAR":"12-31","CURRENCY":"HKD","IS_CNY_CODE":0,"DPS_HKD_LY":null,"ORG_TYPE":"一般企业","PREMIUM_INCOME":null,"PREMIUM_INCOME_YOY":null,"NET_INTEREST_INCOME":null,"NET_INTEREST_INCOME_YOY":null,"FEE_COMMISSION_INCOME":null,"FEE_COMMISSION_INCOME_YOY":null,"ACCOUNTS_RECE_TDAYS":2.759173312711,"INVENTORY_TDAYS":0.936905721527,"CURRENT_ASSETS_TDAYS":0.364587178234,"TOTAL_ASSETS_TDAYS":0.088160361664,"PREMIUM_EXPENSE":null,"LOAN_DEPOSIT":null,"LOAN_EQUITY":null,"LOAN_ASSETS":null,"DEPOSIT_EQUITY":null,"DEPOSIT_ASSETS":null,"EQUITY_MULTIPLIER":2.18190685821,"EQUITY_RATIO":1.239081406465},{"SECUCODE":"00413.HK","SECURITY_CODE":"00413","SECURITY_NAME_ABBR":"南华集团控股","ORG_CODE":"10008892","STD_REPORT_DATE":"2023-12-31 00:00:00","REPORT_DATE":"2023-12-31 00:00:00","DATE_TYPE_CODE":"001","REPORT_TYPE":"2023年年报","PER_NETCASH_OPERATE":0.008535244413,"PER_OI":0.197908345234,"BPS":0.411068337731,"BASIC_EPS":-0.00181244,"DILUTED_EPS":-0.00181244,"OPERATE_INCOME":2616606034.7,"OPERATE_INCOME_YOY":-24.2895785272,"GROSS_PROFIT":434402900.54,"GROSS_PROFIT_YOY":-14.872015520916,"HOLDER_PROFIT":-28859482.12,"HOLDER_PROFIT_YOY":-142.6124655445,"GROSS_PROFIT_RATIO":16.60176942112,"EPS_TTM":-0.002182801796,"OPERATE_INCOME_QOQ":1.629472415081,"NET_PROFIT_RATIO":-1.4698074555,"ROE_AVG":-0.52375390737,"GROSS_PROFIT_QOQ":18.773718155614,"ROA":-0.237723145845,"HOLDER_PROFIT_QOQ":37.627070749602,"ROE_YEARLY":-0.52375390737,"ROIC_YEARLY":-0.252773535914,"TOTAL_ASSETS":12012204372.7,"TOTAL_LIABILITIES":6312248223.4,"TAX_EBT":-20.603029355765,"OCF_SALES":4.312725874797,"TOTAL_PARENT_EQUITY":5434858706.48,"DEBT_ASSET_RATIO":52.5486249447,"OPERATE_PROFIT":210073576.86,"PRETAX_PROFIT":-31888975.58,"NETCASH_OPERATE":112847045.5,"NETCASH_INVEST":52157492.1,"NETCASH_FINANCE":-71675658.46,"END_CASH":458769343.9,"DIVI_RATIO":null,"DIVIDEND_RATE":null,"CURRENT_RATIO":0.958716777615,"COMMON_ACS":20000000000,"CURRENTDEBT_DEBT":46.829316614672,"ISSUED_COMMON_SHARES":13221302172,"HK_COMMON_SHARES":13221302172,"PER_SHARES":8000,"TOTAL_MARKET_CAP":436302971.676,"HKSK_MARKET_CAP":436302971.676,"PE_TTM":-13.760462095941,"PB_TTM":0.075303836168,"REPORT_DATE_SQ":"2022-12-31 00:00:00","REPORT_TYPE_SQ":"2022年年报","OPERATE_INCOME_SQ":3406683450.94,"DPS_HKD":null,"OPERATE_INCOME_QOQ_SQ":-20.739226533243,"NET_PROFIT_RATIO_SQ":1.7212581305,"HOLDER_PROFIT_SQ":66757640.18,"HOLDER_PROFIT_QOQ_SQ":-57.000677515567,"ROE_AVG_SQ":1.175338247483,"PE_TTM_SQ":-12.64332174918,"PB_TTM_SQ":0.110675123242,"ROA_SQ":0.512715740032,"START_DATE":"2023-01-01 00:00:00","FISCAL_YEAR":"12-31","CURRENCY":"HKD","IS_CNY_CODE":0,"DPS_HKD_LY":null,"ORG_TYPE":"一般企业","PREMIUM_INCOME":null,"PREMIUM_INCOME_YOY":null,"NET_INTEREST_INCOME":null,"NET_INTEREST_INCOME_YOY":null,"FEE_COMMISSION_INCOME":null,"FEE_COMMISSION_INCOME_YOY":null,"ACCOUNTS_RECE_TDAYS":8.061211812414,"INVENTORY_TDAYS":2.147801450195,"CURRENT_ASSETS_TDAYS":0.913597594777,"TOTAL_ASSETS_TDAYS":0.215536722183,"PREMIUM_EXPENSE":null,"LOAN_DEPOSIT":null,"LOAN_EQUITY":null,"LOAN_ASSETS":null,"DEPOSIT_EQUITY":null,"DEPOSIT_ASSETS":null,"EQUITY_MULTIPLIER":2.10742048852,"EQUITY_RATIO":1.161437410668},{"SECUCODE":"00413.HK","SECURITY_CODE":"00413","SECURITY_NAME_ABBR":"南华集团控股","ORG_CODE":"10008892","STD_REPORT_DATE":"2023-06-30 00:00:00","REPORT_DATE":"2023-06-30 00:00:00","DATE_TYPE_CODE":"002","REPORT_TYPE":"2023年中报","PER_NETCASH_OPERATE":-0.017487931174,"PER_OI":0.079350252533,"BPS":0.408194892192,"BASIC_EPS":-0.00553188,"DILUTED_EPS":-0.00553188,"OPERATE_INCOME":1049113666.16,"OPERATE_INCOME_YOY":-48.2701120163,"GROSS_PROFIT":115119344.78,"GROSS_PROFIT_YOY":-55.667625704869,"HOLDER_PROFIT":-73095496.38,"HOLDER_PROFIT_YOY":-269.7920459169,"GROSS_PROFIT_RATIO":10.973009740819,"EPS_TTM":-0.003499598018,"OPERATE_INCOME_QOQ":-24.42348063805,"NET_PROFIT_RATIO":-7.409754177,"ROE_AVG":-1.319486006102,"GROSS_PROFIT_QOQ":-28.327591489936,"ROA":-0.587003145736,"HOLDER_PROFIT_QOQ":-169.309284668007,"ROE_YEARLY":-2.638972012204,"ROIC_YEARLY":-1.243042662887,"TOTAL_ASSETS":12423583692.1,"TOTAL_LIABILITIES":6748789416.26,"TAX_EBT":-0.732360039187,"OCF_SALES":-22.038910546871,"TOTAL_PARENT_EQUITY":5396868014.74,"DEBT_ASSET_RATIO":54.3224047386,"OPERATE_PROFIT":50447979.66,"PRETAX_PROFIT":-77171569.96,"NETCASH_OPERATE":-231213222.42,"NETCASH_INVEST":-7624774.6,"NETCASH_FINANCE":240988054.38,"END_CASH":371215885.42,"DIVI_RATIO":null,"DIVIDEND_RATE":null,"CURRENT_RATIO":1.017324613257,"COMMON_ACS":20000000000,"CURRENTDEBT_DEBT":45.759067045707,"ISSUED_COMMON_SHARES":13221302172,"HK_COMMON_SHARES":13221302172,"PER_SHARES":8000,"TOTAL_MARKET_CAP":436302971.676,"HKSK_MARKET_CAP":436302971.676,"PE_TTM":-13.760462095941,"PB_TTM":0.075303836168,"REPORT_DATE_SQ":"2022-06-30 00:00:00","REPORT_TYPE_SQ":"2022年中报","OPERATE_INCOME_SQ":1881144339.2,"DPS_HKD":null,"OPERATE_INCOME_QOQ_SQ":11.260022477891,"NET_PROFIT_RATIO_SQ":1.715294952,"HOLDER_PROFIT_SQ":39931386.67,"HOLDER_PROFIT_QOQ_SQ":515.481719167489,"ROE_AVG_SQ":0.725631708923,"PE_TTM_SQ":-12.64332174918,"PB_TTM_SQ":0.110675123242,"ROA_SQ":0.301578619689,"START_DATE":"2023-01-01 00:00:00","FISCAL_YEAR":"12-31","CURRENCY":"HKD","IS_CNY_CODE":0,"DPS_HKD_LY":null,"ORG_TYPE":"一般企业","PREMIUM_INCOME":null,"PREMIUM_INCOME_YOY":null,"NET_INTEREST_INCOME":null,"NET_INTEREST_INCOME_YOY":null,"FEE_COMMISSION_INCOME":null,"FEE_COMMISSION_INCOME_YOY":null,"ACCOUNTS_RECE_TDAYS":2.559772882954,"INVENTORY_TDAYS":0.843379341751,"CURRENT_ASSETS_TDAYS":0.34475140398,"TOTAL_ASSETS_TDAYS":0.084250474074,"PREMIUM_EXPENSE":null,"LOAN_DEPOSIT":null,"LOAN_EQUITY":null,"LOAN_ASSETS":null,"DEPOSIT_EQUITY":null,"DEPOSIT_ASSETS":null,"EQUITY_MULTIPLIER":2.189257105759,"EQUITY_RATIO":1.250501105053},{"SECUCODE":"00413.HK","SECURITY_CODE":"00413","SECURITY_NAME_ABBR":"南华集团控股","ORG_CODE":"10008892","STD_REPORT_DATE":"2022-12-31 00:00:00","REPORT_DATE":"2022-12-31 00:00:00","DATE_TYPE_CODE":"001","REPORT_TYPE":"2022年年报","PER_NETCASH_OPERATE":0.04596428188,"PER_OI":0.257666257576,"BPS":0.416416660054,"BASIC_EPS":0.00535962,"DILUTED_EPS":0.00535962,"OPERATE_INCOME":3406683450.94,"OPERATE_INCOME_YOY":-19.2847523624,"GROSS_PROFIT":510293886.55,"GROSS_PROFIT_YOY":16.570577646273,"HOLDER_PROFIT":66757640.18,"HOLDER_PROFIT_YOY":142.2338908337,"GROSS_PROFIT_RATIO":14.979198798444,"EPS_TTM":0.005049248502,"OPERATE_INCOME_QOQ":-20.739226533243,"NET_PROFIT_RATIO":1.7212581305,"ROE_AVG":1.175338247483,"GROSS_PROFIT_QOQ":-5.460910702927,"ROA":0.512715740032,"HOLDER_PROFIT_QOQ":-57.000677515567,"ROE_YEARLY":1.175338247483,"ROIC_YEARLY":0.545072425731,"TOTAL_ASSETS":12092397869.02,"TOTAL_LIABILITIES":6295785718.67,"TAX_EBT":24.491580012883,"OCF_SALES":17.838688818954,"TOTAL_PARENT_EQUITY":5505570492.03,"DEBT_ASSET_RATIO":52.0639974541,"OPERATE_PROFIT":261144804.69,"PRETAX_PROFIT":77657320.72,"NETCASH_OPERATE":607707659.86,"NETCASH_INVEST":245466129.65,"NETCASH_FINANCE":-1004735803.68,"END_CASH":363183930.06,"DIVI_RATIO":null,"DIVIDEND_RATE":null,"CURRENT_RATIO":1.15233802203,"COMMON_ACS":20000000000,"CURRENTDEBT_DEBT":39.322924832375,"ISSUED_COMMON_SHARES":13221302172,"HK_COMMON_SHARES":13221302172,"PER_SHARES":8000,"TOTAL_MARKET_CAP":436302971.676,"HKSK_MARKET_CAP":436302971.676,"PE_TTM":-13.760462095941,"PB_TTM":0.075303836168,"REPORT_DATE_SQ":"2021-12-31 00:00:00","REPORT_TYPE_SQ":"2021年年报","OPERATE_INCOME_SQ":3863085598.4,"DPS_HKD":null,"OPERATE_INCOME_QOQ_SQ":11.524619198791,"NET_PROFIT_RATIO_SQ":0.7000346462,"HOLDER_PROFIT_SQ":25224595.2,"HOLDER_PROFIT_QOQ_SQ":-75.079420252698,"ROE_AVG_SQ":0.477978028379,"PE_TTM_SQ":-12.64332174918,"PB_TTM_SQ":0.110675123242,"ROA_SQ":0.202465901063,"START_DATE":"2022-01-01 00:00:00","FISCAL_YEAR":"12-31","CURRENCY":"HKD","IS_CNY_CODE":0,"DPS_HKD_LY":null,"ORG_TYPE":"一般企业","PREMIUM_INCOME":null,"PREMIUM_INCOME_YOY":null,"NET_INTEREST_INCOME":null,"NET_INTEREST_INCOME_YOY":null,"FEE_COMMISSION_INCOME":null,"FEE_COMMISSION_INCOME_YOY":null,"ACCOUNTS_RECE_TDAYS":6.434706755754,"INVENTORY_TDAYS":2.317621663349,"CURRENT_ASSETS_TDAYS":0.983729998794,"TOTAL_ASSETS_TDAYS":0.261641996615,"PREMIUM_EXPENSE":null,"LOAN_DEPOSIT":null,"LOAN_EQUITY":null,"LOAN_ASSETS":null,"DEPOSIT_EQUITY":null,"DEPOSIT_ASSETS":null,"EQUITY_MULTIPLIER":2.086114708965,"EQUITY_RATIO":1.143530126039},{"SECUCODE":"00413.HK","SECURITY_CODE":"00413","SECURITY_NAME_ABBR":"南华集团控股","ORG_CODE":"10008892","STD_REPORT_DATE":"2022-06-30 00:00:00","REPORT_DATE":"2022-06-30 00:00:00","DATE_TYPE_CODE":"002","REPORT_TYPE":"2022年中报","PER_NETCASH_OPERATE":0.002694100644,"PER_OI":0.142281321063,"BPS":0.40853506194,"BASIC_EPS":0.00342076,"DILUTED_EPS":0.00342076,"OPERATE_INCOME":1881144339.2,"OPERATE_INCOME_YOY":26.5634295854,"GROSS_PROFIT":259673312.36,"GROSS_PROFIT_YOY":64.706340757399,"HOLDER_PROFIT":39931386.67,"HOLDER_PROFIT_YOY":143.1228585414,"GROSS_PROFIT_RATIO":13.804007855688,"EPS_TTM":0.011742623394,"OPERATE_INCOME_QOQ":11.260022477891,"NET_PROFIT_RATIO":1.715294952,"ROE_AVG":0.725631708923,"GROSS_PROFIT_QOQ":23.30410469681,"ROA":0.301578619689,"HOLDER_PROFIT_QOQ":515.481719167489,"ROE_YEARLY":1.451263417846,"ROIC_YEARLY":0.643324205922,"TOTAL_ASSETS":13127793354.27,"TOTAL_LIABILITIES":7458740554.65,"TAX_EBT":-2.672181555961,"OCF_SALES":1.893502691301,"TOTAL_PARENT_EQUITY":5401365501.77,"DEBT_ASSET_RATIO":56.8164073989,"OPERATE_PROFIT":107408443.24,"PRETAX_PROFIT":31427377.31,"NETCASH_OPERATE":35619518.69,"NETCASH_INVEST":36677388.72,"NETCASH_FINANCE":-37479556.94,"END_CASH":531864895.94,"DIVI_RATIO":null,"DIVIDEND_RATE":null,"CURRENT_RATIO":1.122145713497,"COMMON_ACS":20000000000,"CURRENTDEBT_DEBT":47.738781331925,"ISSUED_COMMON_SHARES":13221302172,"HK_COMMON_SHARES":13221302172,"PER_SHARES":8000,"TOTAL_MARKET_CAP":436302971.676,"HKSK_MARKET_CAP":436302971.676,"PE_TTM":-13.760462095941,"PB_TTM":0.075303836168,"REPORT_DATE_SQ":"2021-06-30 00:00:00","REPORT_TYPE_SQ":"2021年中报","OPERATE_INCOME_SQ":1446160032.48,"DPS_HKD":null,"OPERATE_INCOME_QOQ_SQ":0.7193263731,"NET_PROFIT_RATIO_SQ":-6.2839829091,"HOLDER_PROFIT_SQ":-90096790.32,"HOLDER_PROFIT_QOQ_SQ":72.361335789941,"ROE_AVG_SQ":-1.711048246381,"PE_TTM_SQ":-12.64332174918,"PB_TTM_SQ":0.110675123242,"ROA_SQ":-0.718156157495,"START_DATE":"2022-01-01 00:00:00","FISCAL_YEAR":"12-31","CURRENCY":"HKD","IS_CNY_CODE":0,"DPS_HKD_LY":null,"ORG_TYPE":"一般企业","PREMIUM_INCOME":null,"PREMIUM_INCOME_YOY":null,"NET_INTEREST_INCOME":null,"NET_INTEREST_INCOME_YOY":null,"FEE_COMMISSION_INCOME":null,"FEE_COMMISSION_INCOME_YOY":null,"ACCOUNTS_RECE_TDAYS":2.410908096514,"INVENTORY_TDAYS":1.209233624475,"CURRENT_ASSETS_TDAYS":0.476527291764,"TOTAL_ASSETS_TDAYS":0.142071929016,"PREMIUM_EXPENSE":null,"LOAN_DEPOSIT":null,"LOAN_EQUITY":null,"LOAN_ASSETS":null,"DEPOSIT_EQUITY":null,"DEPOSIT_ASSETS":null,"EQUITY_MULTIPLIER":2.315694317602,"EQUITY_RATIO":1.380899061951},{"SECUCODE":"00413.HK","SECURITY_CODE":"00413","SECURITY_NAME_ABBR":"南华集团控股","ORG_CODE":"10008892","STD_REPORT_DATE":"2021-12-31 00:00:00","REPORT_DATE":"2021-12-31 00:00:00","DATE_TYPE_CODE":"001","REPORT_TYPE":"2021年年报","PER_NETCASH_OPERATE":0.000252800273,"PER_OI":0.292186469089,"BPS":0.405273900853,"BASIC_EPS":0.0016352,"DILUTED_EPS":0.0016352,"OPERATE_INCOME":3863085598.4,"OPERATE_INCOME_YOY":15.6296061543,"GROSS_PROFIT":437755304,"GROSS_PROFIT_YOY":-2.032575810084,"HOLDER_PROFIT":25224595.2,"HOLDER_PROFIT_YOY":-55.7835901111,"GROSS_PROFIT_RATIO":11.331752632696,"EPS_TTM":0.001907875251,"OPERATE_INCOME_QOQ":11.524619198791,"NET_PROFIT_RATIO":0.7000346462,"ROE_AVG":0.477978028379,"GROSS_PROFIT_QOQ":-4.069027036183,"ROA":0.202465901063,"HOLDER_PROFIT_QOQ":-75.079420252698,"ROE_YEARLY":0.477978028379,"ROIC_YEARLY":0.215818656925,"TOTAL_ASSETS":12766815824,"TOTAL_LIABILITIES":7127342152,"TAX_EBT":61.670123880268,"OCF_SALES":0.086520184833,"TOTAL_PARENT_EQUITY":5358248705.6,"DEBT_ASSET_RATIO":55.8270930689,"OPERATE_PROFIT":209501006.4,"PRETAX_PROFIT":70553156.8,"NETCASH_OPERATE":3342348.8,"NETCASH_INVEST":-40158059.2,"NETCASH_FINANCE":47572056,"END_CASH":484762398.4,"DIVI_RATIO":null,"DIVIDEND_RATE":null,"CURRENT_RATIO":1.15210914948,"COMMON_ACS":20000000000,"CURRENTDEBT_DEBT":45.402038108862,"ISSUED_COMMON_SHARES":13221302172,"HK_COMMON_SHARES":13221302172,"PER_SHARES":8000,"TOTAL_MARKET_CAP":436302971.676,"HKSK_MARKET_CAP":436302971.676,"PE_TTM":-13.760462095941,"PB_TTM":0.075303836168,"REPORT_DATE_SQ":"2020-12-31 00:00:00","REPORT_TYPE_SQ":"2020年年报","OPERATE_INCOME_SQ":3439147241.8,"DPS_HKD":null,"OPERATE_INCOME_QOQ_SQ":-11.902799864417,"NET_PROFIT_RATIO_SQ":1.6000509025,"HOLDER_PROFIT_SQ":58725431,"HOLDER_PROFIT_QOQ_SQ":-84.011133460523,"ROE_AVG_SQ":1.1211356771,"PE_TTM_SQ":-12.64332174918,"PB_TTM_SQ":0.110675123242,"ROA_SQ":0.472964831989,"START_DATE":"2021-01-01 00:00:00","FISCAL_YEAR":"12-31","CURRENCY":"HKD","IS_CNY_CODE":0,"DPS_HKD_LY":null,"ORG_TYPE":"一般企业","PREMIUM_INCOME":null,"PREMIUM_INCOME_YOY":null,"NET_INTEREST_INCOME":null,"NET_INTEREST_INCOME_YOY":null,"FEE_COMMISSION_INCOME":null,"FEE_COMMISSION_INCOME_YOY":null,"ACCOUNTS_RECE_TDAYS":6.423880982567,"INVENTORY_TDAYS":2.652840259149,"CURRENT_ASSETS_TDAYS":1.117334171409,"TOTAL_ASSETS_TDAYS":0.310071618736,"PREMIUM_EXPENSE":null,"LOAN_DEPOSIT":null,"LOAN_EQUITY":null,"LOAN_ASSETS":null,"DEPOSIT_EQUITY":null,"DEPOSIT_ASSETS":null,"EQUITY_MULTIPLIER":2.263831088952,"EQUITY_RATIO":1.330162622827},{"SECUCODE":"00413.HK","SECURITY_CODE":"00413","SECURITY_NAME_ABBR":"南华集团控股","ORG_CODE":"10008892","STD_REPORT_DATE":"2021-06-30 00:00:00","REPORT_DATE":"2021-06-30 00:00:00","DATE_TYPE_CODE":"002","REPORT_TYPE":"2021年中报","PER_NETCASH_OPERATE":-0.014990691608,"PER_OI":0.109381058966,"BPS":0.396533479383,"BASIC_EPS":-0.00665664,"DILUTED_EPS":-0.00665664,"OPERATE_INCOME":1446160032.48,"OPERATE_INCOME_YOY":11.6885019719,"GROSS_PROFIT":157658358,"GROSS_PROFIT_YOY":6.401717890539,"HOLDER_PROFIT":-90096790.32,"HOLDER_PROFIT_YOY":25.4050814296,"GROSS_PROFIT_RATIO":10.901861098293,"EPS_TTM":0.007655822097,"OPERATE_INCOME_QOQ":0.7193263731,"NET_PROFIT_RATIO":-6.2839829091,"ROE_AVG":-1.711048246381,"GROSS_PROFIT_QOQ":2.122829742243,"ROA":-0.718156157495,"HOLDER_PROFIT_QOQ":72.361335789941,"ROE_YEARLY":-3.422096492761,"ROIC_YEARLY":-1.52949002803,"TOTAL_ASSETS":12725390517.6,"TOTAL_LIABILITIES":7207586794.56,"TAX_EBT":-2.583947776265,"OCF_SALES":-13.705015978081,"TOTAL_PARENT_EQUITY":5242688952.24,"DEBT_ASSET_RATIO":56.6394153845,"OPERATE_PROFIT":-19790190.72,"PRETAX_PROFIT":-88587397.2,"NETCASH_OPERATE":-198196463.52,"NETCASH_INVEST":-14147024.16,"NETCASH_FINANCE":197156363.52,"END_CASH":463961151.36,"DIVI_RATIO":null,"DIVIDEND_RATE":null,"CURRENT_RATIO":1.097669568174,"COMMON_ACS":20000000000,"CURRENTDEBT_DEBT":44.546585067048,"ISSUED_COMMON_SHARES":13221302172,"HK_COMMON_SHARES":13221302172,"PER_SHARES":8000,"TOTAL_MARKET_CAP":436302971.676,"HKSK_MARKET_CAP":436302971.676,"PE_TTM":-13.760462095941,"PB_TTM":0.075303836168,"REPORT_DATE_SQ":"2020-06-30 00:00:00","REPORT_TYPE_SQ":"2020年中报","OPERATE_INCOME_SQ":1421421339.36,"DPS_HKD":null,"OPERATE_INCOME_QOQ_SQ":-1.188934891297,"NET_PROFIT_RATIO_SQ":-9.4175959551,"HOLDER_PROFIT_SQ":-132591296.64,"HOLDER_PROFIT_QOQ_SQ":-30.977373043418,"ROE_AVG_SQ":-2.429271012012,"PE_TTM_SQ":-12.64332174918,"PB_TTM_SQ":0.110675123242,"ROA_SQ":-1.021787854215,"START_DATE":"2021-01-01 00:00:00","FISCAL_YEAR":"12-31","CURRENCY":"HKD","IS_CNY_CODE":0,"DPS_HKD_LY":null,"ORG_TYPE":"一般企业","PREMIUM_INCOME":null,"PREMIUM_INCOME_YOY":null,"NET_INTEREST_INCOME":null,"NET_INTEREST_INCOME_YOY":null,"FEE_COMMISSION_INCOME":null,"FEE_COMMISSION_INCOME_YOY":null,"ACCOUNTS_RECE_TDAYS":3.020221337321,"INVENTORY_TDAYS":0.867884894481,"CURRENT_ASSETS_TDAYS":0.427389524616,"TOTAL_ASSETS_TDAYS":0.115272556143,"PREMIUM_EXPENSE":null,"LOAN_DEPOSIT":null,"LOAN_EQUITY":null,"LOAN_ASSETS":null,"DEPOSIT_EQUITY":null,"DEPOSIT_ASSETS":null,"EQUITY_MULTIPLIER":2.306241968063,"EQUITY_RATIO":1.374788178399},{"SECUCODE":"00413.HK","SECURITY_CODE":"00413","SECURITY_NAME_ABBR":"南华集团控股","ORG_CODE":"10008892","STD_REPORT_DATE":"2020-12-31 00:00:00","REPORT_DATE":"2020-12-31 00:00:00","DATE_TYPE_CODE":"001","REPORT_TYPE":"2020年年报","PER_NETCASH_OPERATE":0.005807889877,"PER_OI":0.26012167312,"BPS":0.404593474891,"BASIC_EPS":0.0042082,"DILUTED_EPS":0.0042082,"OPERATE_INCOME":3439147241.8,"OPERATE_INCOME_YOY":-7.3505851346,"GROSS_PROFIT":446837617.32,"GROSS_PROFIT_YOY":-29.498361598334,"HOLDER_PROFIT":58725431,"HOLDER_PROFIT_YOY":-88.2541579692,"GROSS_PROFIT_RATIO":12.992686439506,"EPS_TTM":0.004441728223,"OPERATE_INCOME_QOQ":-11.902799864417,"NET_PROFIT_RATIO":1.6000509025,"ROE_AVG":1.1211356771,"GROSS_PROFIT_QOQ":-20.99849157615,"ROA":0.472964831989,"HOLDER_PROFIT_QOQ":-84.011133460523,"ROE_YEARLY":1.1211356771,"ROIC_YEARLY":0.509339936686,"TOTAL_ASSETS":12507824974.92,"TOTAL_LIABILITIES":6882724034.92,"TAX_EBT":43.141637171605,"OCF_SALES":2.232758926594,"TOTAL_PARENT_EQUITY":5349252588.36,"DEBT_ASSET_RATIO":55.0273452716,"OPERATE_PROFIT":259709904.64,"PRETAX_PROFIT":96781025.24,"NETCASH_OPERATE":76787867.04,"NETCASH_INVEST":-38399825,"NETCASH_FINANCE":-282206100.2,"END_CASH":483935425.24,"DIVI_RATIO":null,"DIVIDEND_RATE":null,"CURRENT_RATIO":1.041111405238,"COMMON_ACS":20000000000,"CURRENTDEBT_DEBT":45.778553106214,"ISSUED_COMMON_SHARES":13221302172,"HK_COMMON_SHARES":13221302172,"PER_SHARES":8000,"TOTAL_MARKET_CAP":436302971.676,"HKSK_MARKET_CAP":436302971.676,"PE_TTM":-13.760462095941,"PB_TTM":0.075303836168,"REPORT_DATE_SQ":"2019-12-31 00:00:00","REPORT_TYPE_SQ":"2019年年报","OPERATE_INCOME_SQ":3950782151.64,"DPS_HKD":null,"OPERATE_INCOME_QOQ_SQ":0.452526312322,"NET_PROFIT_RATIO_SQ":12.6169555042,"HOLDER_PROFIT_SQ":532129151.2,"HOLDER_PROFIT_QOQ_SQ":263.772975287784,"ROE_AVG_SQ":10.136204177183,"PE_TTM_SQ":-12.64332174918,"PB_TTM_SQ":0.110675123242,"ROA_SQ":4.211477061934,"START_DATE":"2020-01-01 00:00:00","FISCAL_YEAR":"12-31","CURRENCY":"HKD","IS_CNY_CODE":0,"DPS_HKD_LY":null,"ORG_TYPE":"一般企业","PREMIUM_INCOME":null,"PREMIUM_INCOME_YOY":null,"NET_INTEREST_INCOME":null,"NET_INTEREST_INCOME_YOY":null,"FEE_COMMISSION_INCOME":null,"FEE_COMMISSION_INCOME_YOY":null,"ACCOUNTS_RECE_TDAYS":7.540853065525,"INVENTORY_TDAYS":1.990326405442,"CURRENT_ASSETS_TDAYS":0.76619066691,"TOTAL_ASSETS_TDAYS":0.276983185939,"PREMIUM_EXPENSE":null,"LOAN_DEPOSIT":null,"LOAN_EQUITY":null,"LOAN_ASSETS":null,"DEPOSIT_EQUITY":null,"DEPOSIT_ASSETS":null,"EQUITY_MULTIPLIER":2.223573427095,"EQUITY_RATIO":1.286670225649},{"SECUCODE":"00413.HK","SECURITY_CODE":"00413","SECURITY_NAME_ABBR":"南华集团控股","ORG_CODE":"10008892","STD_REPORT_DATE":"2020-06-30 00:00:00","REPORT_DATE":"2020-06-30 00:00:00","DATE_TYPE_CODE":"002","REPORT_TYPE":"2020年中报","PER_NETCASH_OPERATE":-0.010839295535,"PER_OI":0.107509935169,"BPS":0.404798531761,"BASIC_EPS":-0.01004784,"DILUTED_EPS":-0.01004784,"OPERATE_INCOME":1421421339.36,"OPERATE_INCOME_YOY":-6.7786954089,"GROSS_PROFIT":148172756.16,"GROSS_PROFIT_YOY":-31.516849147214,"HOLDER_PROFIT":-132591296.64,"HOLDER_PROFIT_YOY":-495.9519912711,"GROSS_PROFIT_RATIO":10.424267038703,"EPS_TTM":0.027780131955,"OPERATE_INCOME_QOQ":-1.188934891297,"NET_PROFIT_RATIO":-9.4175959551,"ROE_AVG":-2.429271012012,"GROSS_PROFIT_QOQ":-10.75912370759,"ROA":-1.021787854215,"HOLDER_PROFIT_QOQ":-30.977373043418,"ROE_YEARLY":-4.858542024024,"ROIC_YEARLY":-2.213103531763,"TOTAL_ASSETS":12576285765.12,"TOTAL_LIABILITIES":6956605582.08,"TAX_EBT":-3.451951517376,"OCF_SALES":-10.082133821385,"TOTAL_PARENT_EQUITY":5351963707.2,"DEBT_ASSET_RATIO":55.3152632821,"OPERATE_PROFIT":-35763916.32,"PRETAX_PROFIT":-129396996.96,"NETCASH_OPERATE":-143309601.6,"NETCASH_INVEST":-13227524.64,"NETCASH_FINANCE":-10298122.56,"END_CASH":614189748.48,"DIVI_RATIO":null,"DIVIDEND_RATE":null,"CURRENT_RATIO":1.554132114444,"COMMON_ACS":20000000000,"CURRENTDEBT_DEBT":51.12221488079,"ISSUED_COMMON_SHARES":13221302172,"HK_COMMON_SHARES":13221302172,"PER_SHARES":8000,"TOTAL_MARKET_CAP":436302971.676,"HKSK_MARKET_CAP":436302971.676,"PE_TTM":-13.760462095941,"PB_TTM":0.075303836168,"REPORT_DATE_SQ":"2019-06-30 00:00:00","REPORT_TYPE_SQ":"2019年中报","OPERATE_INCOME_SQ":1468393566.84,"DPS_HKD":null,"OPERATE_INCOME_QOQ_SQ":6.160695986075,"NET_PROFIT_RATIO_SQ":1.6060874368,"HOLDER_PROFIT_SQ":32248335.6,"HOLDER_PROFIT_QOQ_SQ":19.246606355126,"ROE_AVG_SQ":0.649278598522,"PE_TTM_SQ":-12.64332174918,"PB_TTM_SQ":0.110675123242,"ROA_SQ":0.263114048062,"START_DATE":"2020-01-01 00:00:00","FISCAL_YEAR":"12-31","CURRENCY":"HKD","IS_CNY_CODE":0,"DPS_HKD_LY":null,"ORG_TYPE":"一般企业","PREMIUM_INCOME":null,"PREMIUM_INCOME_YOY":null,"NET_INTEREST_INCOME":null,"NET_INTEREST_INCOME_YOY":null,"FEE_COMMISSION_INCOME":null,"FEE_COMMISSION_INCOME_YOY":null,"ACCOUNTS_RECE_TDAYS":3.74672758245,"INVENTORY_TDAYS":0.787300330361,"CURRENT_ASSETS_TDAYS":0.242770750983,"TOTAL_ASSETS_TDAYS":0.109538943889,"PREMIUM_EXPENSE":null,"LOAN_DEPOSIT":null,"LOAN_EQUITY":null,"LOAN_ASSETS":null,"DEPOSIT_EQUITY":null,"DEPOSIT_ASSETS":null,"EQUITY_MULTIPLIER":2.237900619876,"EQUITY_RATIO":1.299823011266}],"count":48},"success":true,"message":"ok","code":0}