{"version":"42b0bd7aa8b43cb0b1501ef2a6ba9a22","result":{"pages":6,"data":[{"SECUCODE":"00417.HK","SECURITY_CODE":"00417","SECURITY_NAME_ABBR":"谢瑞麟","ORG_CODE":"10008894","STD_REPORT_DATE":"2024-06-30 00:00:00","REPORT_DATE":"2024-09-30 00:00:00","DATE_TYPE_CODE":"002","REPORT_TYPE":"2024年中报","PER_NETCASH_OPERATE":0.220140207984,"PER_OI":3.12823545775,"BPS":1.929850344545,"BASIC_EPS":-0.15871504,"DILUTED_EPS":-0.15871504,"OPERATE_INCOME":779500061.68,"OPERATE_INCOME_YOY":-35.8061512,"GROSS_PROFIT":267773915.44,"GROSS_PROFIT_YOY":-37.912166799177,"HOLDER_PROFIT":-39489384.1,"HOLDER_PROFIT_YOY":24.7452267611,"GROSS_PROFIT_RATIO":34.352006959805,"EPS_TTM":-1.361371030246,"OPERATE_INCOME_QOQ":0,"NET_PROFIT_RATIO":-5.0652944497,"ROE_AVG":-8.057185964783,"GROSS_PROFIT_QOQ":0,"ROA":-1.908064743482,"HOLDER_PROFIT_QOQ":0,"ROE_YEARLY":-16.114371929566,"ROIC_YEARLY":-4.072197580162,"TOTAL_ASSETS":2009836507.01,"TOTAL_LIABILITIES":1529603572.94,"TAX_EBT":-9.632671457546,"OCF_SALES":7.037200714491,"TOTAL_PARENT_EQUITY":480884026.45,"DEBT_ASSET_RATIO":76.1058706818,"OPERATE_PROFIT":-1133550.03,"PRETAX_PROFIT":-36014787.23,"NETCASH_OPERATE":54854983.91,"NETCASH_INVEST":-7404597.69,"NETCASH_FINANCE":-116838617.77,"END_CASH":99328561.34,"DIVI_RATIO":null,"DIVIDEND_RATE":null,"CURRENT_RATIO":1.44405876822,"COMMON_ACS":1500000000,"CURRENTDEBT_DEBT":71.16642868176,"ISSUED_COMMON_SHARES":249182030,"HK_COMMON_SHARES":249182030,"PER_SHARES":2000,"TOTAL_MARKET_CAP":196853803.7,"HKSK_MARKET_CAP":196853803.7,"PE_TTM":-0.547121597614,"PB_TTM":0.369155101593,"REPORT_DATE_SQ":"2023-06-30 00:00:00","REPORT_TYPE_SQ":"2023年中报","OPERATE_INCOME_SQ":1235619994.42,"DPS_HKD":null,"OPERATE_INCOME_QOQ_SQ":0,"NET_PROFIT_RATIO_SQ":-4.3291888656,"HOLDER_PROFIT_SQ":-53395972.07,"HOLDER_PROFIT_QOQ_SQ":0,"ROE_AVG_SQ":-6.959137238721,"PE_TTM_SQ":-1.629098817877,"PB_TTM_SQ":0.27535801076,"ROA_SQ":-2.077320934643,"START_DATE":"2024-04-01 00:00:00","FISCAL_YEAR":"3-31","CURRENCY":"HKD","IS_CNY_CODE":0,"DPS_HKD_LY":null,"ORG_TYPE":"一般企业","PREMIUM_INCOME":null,"PREMIUM_INCOME_YOY":null,"NET_INTEREST_INCOME":null,"NET_INTEREST_INCOME_YOY":null,"FEE_COMMISSION_INCOME":null,"FEE_COMMISSION_INCOME_YOY":null,"ACCOUNTS_RECE_TDAYS":11.527609039201,"INVENTORY_TDAYS":0.460650123107,"CURRENT_ASSETS_TDAYS":0.478119761701,"TOTAL_ASSETS_TDAYS":0.376642132849,"PREMIUM_EXPENSE":null,"LOAN_DEPOSIT":null,"LOAN_EQUITY":null,"LOAN_ASSETS":null,"DEPOSIT_EQUITY":null,"DEPOSIT_ASSETS":null,"EQUITY_MULTIPLIER":4.185128433361,"EQUITY_RATIO":3.18081593234},{"SECUCODE":"00417.HK","SECURITY_CODE":"00417","SECURITY_NAME_ABBR":"谢瑞麟","ORG_CODE":"10008894","STD_REPORT_DATE":"2023-12-31 00:00:00","REPORT_DATE":"2024-03-31 00:00:00","DATE_TYPE_CODE":"001","REPORT_TYPE":"2023年年报","PER_NETCASH_OPERATE":0.531304987964,"PER_OI":9.657807614979,"BPS":2.014508826138,"BASIC_EPS":-1.3616381,"DILUTED_EPS":-1.3616381,"OPERATE_INCOME":2406552106.85,"OPERATE_INCOME_YOY":2.4582235918,"GROSS_PROFIT":712244605.75,"GROSS_PROFIT_YOY":-10.47820145781,"HOLDER_PROFIT":-339229196.9,"HOLDER_PROFIT_YOY":-423.830055295,"GROSS_PROFIT_RATIO":29.596060011444,"EPS_TTM":-0.472211040981,"OPERATE_INCOME_QOQ":0,"NET_PROFIT_RATIO":-14.1016421516,"ROE_AVG":-51.692553372985,"GROSS_PROFIT_QOQ":0,"ROA":-14.377051920184,"HOLDER_PROFIT_QOQ":0,"ROE_YEARLY":-51.692553372985,"ROIC_YEARLY":-15.996159533262,"TOTAL_ASSETS":2140611131.6,"TOTAL_LIABILITIES":1639323430.5,"TAX_EBT":-7.62573960244,"OCF_SALES":5.501300182662,"TOTAL_PARENT_EQUITY":501979398.75,"DEBT_ASSET_RATIO":76.5820286693,"OPERATE_PROFIT":-232918984.95,"PRETAX_PROFIT":-315318034.1,"NETCASH_OPERATE":132391655.45,"NETCASH_INVEST":-4642442.55,"NETCASH_FINANCE":-271499033.3,"END_CASH":163149083.85,"DIVI_RATIO":null,"DIVIDEND_RATE":null,"CURRENT_RATIO":1.518030878579,"COMMON_ACS":1500000000,"CURRENTDEBT_DEBT":68.218723559567,"ISSUED_COMMON_SHARES":249182030,"HK_COMMON_SHARES":249182030,"PER_SHARES":2000,"TOTAL_MARKET_CAP":171935600.7,"HKSK_MARKET_CAP":171935600.7,"PE_TTM":-0.477865699182,"PB_TTM":0.322426607721,"REPORT_DATE_SQ":"2022-12-31 00:00:00","REPORT_TYPE_SQ":"2022年年报","OPERATE_INCOME_SQ":2268131283.76,"DPS_HKD":null,"OPERATE_INCOME_QOQ_SQ":0,"NET_PROFIT_RATIO_SQ":-2.7612800934,"HOLDER_PROFIT_SQ":-62534913.35,"HOLDER_PROFIT_QOQ_SQ":0,"ROE_AVG_SQ":-7.354814863243,"PE_TTM_SQ":-1.648041827387,"PB_TTM_SQ":0.278559848094,"ROA_SQ":-2.573591995511,"START_DATE":"2023-04-01 00:00:00","FISCAL_YEAR":"3-31","CURRENCY":"HKD","IS_CNY_CODE":0,"DPS_HKD_LY":null,"ORG_TYPE":"一般企业","PREMIUM_INCOME":null,"PREMIUM_INCOME_YOY":null,"NET_INTEREST_INCOME":null,"NET_INTEREST_INCOME_YOY":null,"FEE_COMMISSION_INCOME":null,"FEE_COMMISSION_INCOME_YOY":null,"ACCOUNTS_RECE_TDAYS":34.028880542488,"INVENTORY_TDAYS":1.372714666385,"CURRENT_ASSETS_TDAYS":1.258185039381,"TOTAL_ASSETS_TDAYS":1.019933570135,"PREMIUM_EXPENSE":null,"LOAN_DEPOSIT":null,"LOAN_EQUITY":null,"LOAN_ASSETS":null,"DEPOSIT_EQUITY":null,"DEPOSIT_ASSETS":null,"EQUITY_MULTIPLIER":4.27022471707,"EQUITY_RATIO":3.265718542598},{"SECUCODE":"00417.HK","SECURITY_CODE":"00417","SECURITY_NAME_ABBR":"谢瑞麟","ORG_CODE":"10008894","STD_REPORT_DATE":"2023-06-30 00:00:00","REPORT_DATE":"2023-09-30 00:00:00","DATE_TYPE_CODE":"002","REPORT_TYPE":"2023年中报","PER_NETCASH_OPERATE":0.027387265085,"PER_OI":4.958704262984,"BPS":2.865948217093,"BASIC_EPS":-0.21472542,"DILUTED_EPS":-0.21472542,"OPERATE_INCOME":1235619994.42,"OPERATE_INCOME_YOY":7.879447261,"GROSS_PROFIT":431282429.48,"GROSS_PROFIT_YOY":6.960261595907,"HOLDER_PROFIT":-53395972.07,"HOLDER_PROFIT_YOY":-3132.2563835331,"GROSS_PROFIT_RATIO":34.904131644652,"EPS_TTM":-0.250960766914,"OPERATE_INCOME_QOQ":0,"NET_PROFIT_RATIO":-4.3291888656,"ROE_AVG":-6.959137238721,"GROSS_PROFIT_QOQ":0,"ROA":-2.077320934643,"HOLDER_PROFIT_QOQ":0,"ROE_YEARLY":-13.918274477443,"ROIC_YEARLY":-4.622289724999,"TOTAL_ASSETS":2530909797.22,"TOTAL_LIABILITIES":1817423108.06,"TAX_EBT":-8.581220779705,"OCF_SALES":0.552306885678,"TOTAL_PARENT_EQUITY":714142794.61,"DEBT_ASSET_RATIO":71.8090826491,"OPERATE_PROFIT":-7412615.14,"PRETAX_PROFIT":-49264801.81,"NETCASH_OPERATE":6824414.31,"NETCASH_INVEST":-17200974.35,"NETCASH_FINANCE":-102336850.49,"END_CASH":201718932.38,"DIVI_RATIO":null,"DIVIDEND_RATE":null,"CURRENT_RATIO":1.664056925188,"COMMON_ACS":1500000000,"CURRENTDEBT_DEBT":67.785507345895,"ISSUED_COMMON_SHARES":249182030,"HK_COMMON_SHARES":249182030,"PER_SHARES":2000,"TOTAL_MARKET_CAP":171935600.7,"HKSK_MARKET_CAP":171935600.7,"PE_TTM":-0.477865699182,"PB_TTM":0.322426607721,"REPORT_DATE_SQ":"2022-06-30 00:00:00","REPORT_TYPE_SQ":"2022年中报","OPERATE_INCOME_SQ":1128907536.96,"DPS_HKD":null,"OPERATE_INCOME_QOQ_SQ":0,"NET_PROFIT_RATIO_SQ":0.1435685764,"HOLDER_PROFIT_SQ":1735620.36,"HOLDER_PROFIT_QOQ_SQ":0,"ROE_AVG_SQ":0.196762493111,"PE_TTM_SQ":-1.648041827387,"PB_TTM_SQ":0.278559848094,"ROA_SQ":0.070253050095,"START_DATE":"2023-04-01 00:00:00","FISCAL_YEAR":"3-31","CURRENCY":"HKD","IS_CNY_CODE":0,"DPS_HKD_LY":null,"ORG_TYPE":"一般企业","PREMIUM_INCOME":null,"PREMIUM_INCOME_YOY":null,"NET_INTEREST_INCOME":null,"NET_INTEREST_INCOME_YOY":null,"FEE_COMMISSION_INCOME":null,"FEE_COMMISSION_INCOME_YOY":null,"ACCOUNTS_RECE_TDAYS":15.803184029387,"INVENTORY_TDAYS":0.584427434295,"CURRENT_ASSETS_TDAYS":0.587855555771,"TOTAL_ASSETS_TDAYS":0.480706536873,"PREMIUM_EXPENSE":null,"LOAN_DEPOSIT":null,"LOAN_EQUITY":null,"LOAN_ASSETS":null,"DEPOSIT_EQUITY":null,"DEPOSIT_ASSETS":null,"EQUITY_MULTIPLIER":3.547241785546,"EQUITY_RATIO":2.544901554391},{"SECUCODE":"00417.HK","SECURITY_CODE":"00417","SECURITY_NAME_ABBR":"谢瑞麟","ORG_CODE":"10008894","STD_REPORT_DATE":"2022-12-31 00:00:00","REPORT_DATE":"2023-03-31 00:00:00","DATE_TYPE_CODE":"001","REPORT_TYPE":"2022年年报","PER_NETCASH_OPERATE":0.304191781687,"PER_OI":9.102306790582,"BPS":3.140946053694,"BASIC_EPS":-0.25124267,"DILUTED_EPS":-0.25124267,"OPERATE_INCOME":2268131283.76,"OPERATE_INCOME_YOY":-6.3896512305,"GROSS_PROFIT":795610250.63,"GROSS_PROFIT_YOY":-7.697899979586,"HOLDER_PROFIT":-62534913.35,"HOLDER_PROFIT_YOY":-559.5072687508,"GROSS_PROFIT_RATIO":35.077786560533,"EPS_TTM":0.048569515306,"OPERATE_INCOME_QOQ":0,"NET_PROFIT_RATIO":-2.7612800934,"ROE_AVG":-7.354814863243,"GROSS_PROFIT_QOQ":0,"ROA":-2.573591995511,"HOLDER_PROFIT_QOQ":0,"ROE_YEARLY":-7.354814863243,"ROIC_YEARLY":-3.198415724197,"TOTAL_ASSETS":2489856879.38,"TOTAL_LIABILITIES":1707709559.14,"TAX_EBT":-51.648048837357,"OCF_SALES":3.341919676904,"TOTAL_PARENT_EQUITY":782667313.78,"DEBT_ASSET_RATIO":68.5866554533,"OPERATE_PROFIT":19432351.18,"PRETAX_PROFIT":-41299217.57,"NETCASH_OPERATE":75799125.67,"NETCASH_INVEST":-115799234.8,"NETCASH_FINANCE":51250878.45,"END_CASH":304889545.62,"DIVI_RATIO":null,"DIVIDEND_RATE":null,"CURRENT_RATIO":1.863402953982,"COMMON_ACS":1500000000,"CURRENTDEBT_DEBT":64.569289618271,"ISSUED_COMMON_SHARES":249182030,"HK_COMMON_SHARES":249182030,"PER_SHARES":2000,"TOTAL_MARKET_CAP":171935600.7,"HKSK_MARKET_CAP":171935600.7,"PE_TTM":-0.477865699182,"PB_TTM":0.322426607721,"REPORT_DATE_SQ":"2021-12-31 00:00:00","REPORT_TYPE_SQ":"2021年年报","OPERATE_INCOME_SQ":2244703745.88,"DPS_HKD":null,"OPERATE_INCOME_QOQ_SQ":0,"NET_PROFIT_RATIO_SQ":0.5569068151,"HOLDER_PROFIT_SQ":12607961.46,"HOLDER_PROFIT_QOQ_SQ":0,"ROE_AVG_SQ":1.561873645567,"PE_TTM_SQ":-1.648041827387,"PB_TTM_SQ":0.278559848094,"ROA_SQ":0.59356414729,"START_DATE":"2022-04-01 00:00:00","FISCAL_YEAR":"3-31","CURRENCY":"HKD","IS_CNY_CODE":0,"DPS_HKD_LY":0.02,"ORG_TYPE":"一般企业","PREMIUM_INCOME":null,"PREMIUM_INCOME_YOY":null,"NET_INTEREST_INCOME":null,"NET_INTEREST_INCOME_YOY":null,"FEE_COMMISSION_INCOME":null,"FEE_COMMISSION_INCOME_YOY":null,"ACCOUNTS_RECE_TDAYS":30.262640892367,"INVENTORY_TDAYS":1.184897547602,"CURRENT_ASSETS_TDAYS":1.106542943767,"TOTAL_ASSETS_TDAYS":0.933437691675,"PREMIUM_EXPENSE":null,"LOAN_DEPOSIT":null,"LOAN_EQUITY":null,"LOAN_ASSETS":null,"DEPOSIT_EQUITY":null,"DEPOSIT_ASSETS":null,"EQUITY_MULTIPLIER":3.183360493542,"EQUITY_RATIO":2.181909898463},{"SECUCODE":"00417.HK","SECURITY_CODE":"00417","SECURITY_NAME_ABBR":"谢瑞麟","ORG_CODE":"10008894","STD_REPORT_DATE":"2022-06-30 00:00:00","REPORT_DATE":"2022-09-30 00:00:00","DATE_TYPE_CODE":"002","REPORT_TYPE":"2022年中报","PER_NETCASH_OPERATE":-0.446281861497,"PER_OI":4.53045324721,"BPS":3.2742798758,"BASIC_EPS":0.00723552,"DILUTED_EPS":0.00723552,"OPERATE_INCOME":1128907536.96,"OPERATE_INCOME_YOY":-10.7022717484,"GROSS_PROFIT":403217440.8,"GROSS_PROFIT_YOY":-5.252833996118,"HOLDER_PROFIT":1735620.36,"HOLDER_PROFIT_YOY":-28.6617100372,"GROSS_PROFIT_RATIO":35.71749037001,"EPS_TTM":0.050597394443,"OPERATE_INCOME_QOQ":0,"NET_PROFIT_RATIO":0.1435685764,"ROE_AVG":0.196762493111,"GROSS_PROFIT_QOQ":0,"ROA":0.070253050095,"HOLDER_PROFIT_QOQ":0,"ROE_YEARLY":0.393524986222,"ROIC_YEARLY":0.185518264462,"TOTAL_ASSETS":2492583278.04,"TOTAL_LIABILITIES":1677285788.88,"TAX_EBT":85.732484076433,"OCF_SALES":-9.850711113105,"TOTAL_PARENT_EQUITY":815891706.24,"DEBT_ASSET_RATIO":67.2910631977,"OPERATE_PROFIT":36978029.4,"PRETAX_PROFIT":11359766.4,"NETCASH_OPERATE":-111205420.2,"NETCASH_INVEST":-26245944.36,"NETCASH_FINANCE":56996904.36,"END_CASH":225539298.36,"DIVI_RATIO":null,"DIVIDEND_RATE":null,"CURRENT_RATIO":2.077335699705,"COMMON_ACS":1500000000,"CURRENTDEBT_DEBT":59.671922704856,"ISSUED_COMMON_SHARES":249182030,"HK_COMMON_SHARES":249182030,"PER_SHARES":2000,"TOTAL_MARKET_CAP":171935600.7,"HKSK_MARKET_CAP":171935600.7,"PE_TTM":-0.477865699182,"PB_TTM":0.322426607721,"REPORT_DATE_SQ":"2021-06-30 00:00:00","REPORT_TYPE_SQ":"2021年中报","OPERATE_INCOME_SQ":1164432940.68,"DPS_HKD":null,"OPERATE_INCOME_QOQ_SQ":0,"NET_PROFIT_RATIO_SQ":0.1890858205,"HOLDER_PROFIT_SQ":2240931.4,"HOLDER_PROFIT_QOQ_SQ":0,"ROE_AVG_SQ":0.280268182268,"PE_TTM_SQ":-1.648041827387,"PB_TTM_SQ":0.278559848094,"ROA_SQ":0.102901398656,"START_DATE":"2022-04-01 00:00:00","FISCAL_YEAR":"3-31","CURRENCY":"HKD","IS_CNY_CODE":0,"DPS_HKD_LY":0.02,"ORG_TYPE":"一般企业","PREMIUM_INCOME":null,"PREMIUM_INCOME_YOY":null,"NET_INTEREST_INCOME":null,"NET_INTEREST_INCOME_YOY":null,"FEE_COMMISSION_INCOME":null,"FEE_COMMISSION_INCOME_YOY":null,"ACCOUNTS_RECE_TDAYS":13.030284682277,"INVENTORY_TDAYS":0.55130798948,"CURRENT_ASSETS_TDAYS":0.538633371833,"TOTAL_ASSETS_TDAYS":0.456950146327,"PREMIUM_EXPENSE":null,"LOAN_DEPOSIT":null,"LOAN_EQUITY":null,"LOAN_ASSETS":null,"DEPOSIT_EQUITY":null,"DEPOSIT_ASSETS":null,"EQUITY_MULTIPLIER":3.057268434141,"EQUITY_RATIO":2.055770117593},{"SECUCODE":"00417.HK","SECURITY_CODE":"00417","SECURITY_NAME_ABBR":"谢瑞麟","ORG_CODE":"10008894","STD_REPORT_DATE":"2021-12-31 00:00:00","REPORT_DATE":"2022-03-31 00:00:00","DATE_TYPE_CODE":"001","REPORT_TYPE":"2021年年报","PER_NETCASH_OPERATE":1.009103290715,"PER_OI":9.008289024213,"BPS":3.412473017376,"BASIC_EPS":0.05028262,"DILUTED_EPS":0.05028262,"OPERATE_INCOME":2244703745.88,"OPERATE_INCOME_YOY":4.5000377558,"GROSS_PROFIT":861963325.27,"GROSS_PROFIT_YOY":6.266502870665,"HOLDER_PROFIT":12607961.46,"HOLDER_PROFIT_YOY":135.3478854025,"GROSS_PROFIT_RATIO":38.399870221274,"EPS_TTM":0.006442419463,"OPERATE_INCOME_QOQ":0,"NET_PROFIT_RATIO":0.5569068151,"ROE_AVG":1.561873645567,"GROSS_PROFIT_QOQ":0,"ROA":0.59356414729,"HOLDER_PROFIT_QOQ":0,"ROE_YEARLY":1.561873645567,"ROIC_YEARLY":0.81722942089,"TOTAL_ASSETS":2195539508.67,"TOTAL_LIABILITIES":1345564533.22,"TAX_EBT":74.523156259297,"OCF_SALES":11.201941767216,"TOTAL_PARENT_EQUITY":850326953.79,"DEBT_ASSET_RATIO":61.2862819324,"OPERATE_PROFIT":79365438.6,"PRETAX_PROFIT":49067727.02,"NETCASH_OPERATE":251450406.46,"NETCASH_INVEST":-76555288.95,"NETCASH_FINANCE":-203296687.71,"END_CASH":287508722.07,"DIVI_RATIO":null,"DIVIDEND_RATE":null,"CURRENT_RATIO":1.486720628137,"COMMON_ACS":1500000000,"CURRENTDEBT_DEBT":94.695929533814,"ISSUED_COMMON_SHARES":249182030,"HK_COMMON_SHARES":249182030,"PER_SHARES":2000,"TOTAL_MARKET_CAP":171935600.7,"HKSK_MARKET_CAP":171935600.7,"PE_TTM":-0.477865699182,"PB_TTM":0.322426607721,"REPORT_DATE_SQ":"2020-12-31 00:00:00","REPORT_TYPE_SQ":"2020年年报","OPERATE_INCOME_SQ":2238543748,"DPS_HKD":null,"OPERATE_INCOME_QOQ_SQ":0,"NET_PROFIT_RATIO_SQ":-1.6646152684,"HOLDER_PROFIT_SQ":-37171016.4,"HOLDER_PROFIT_QOQ_SQ":0,"ROE_AVG_SQ":-4.774153138723,"PE_TTM_SQ":-1.648041827387,"PB_TTM_SQ":0.278559848094,"ROA_SQ":-1.678646777107,"START_DATE":"2021-04-01 00:00:00","FISCAL_YEAR":"3-31","CURRENCY":"HKD","IS_CNY_CODE":0,"DPS_HKD_LY":null,"ORG_TYPE":"一般企业","PREMIUM_INCOME":null,"PREMIUM_INCOME_YOY":null,"NET_INTEREST_INCOME":null,"NET_INTEREST_INCOME_YOY":null,"FEE_COMMISSION_INCOME":null,"FEE_COMMISSION_INCOME_YOY":null,"ACCOUNTS_RECE_TDAYS":26.518237475209,"INVENTORY_TDAYS":1.314720931569,"CURRENT_ASSETS_TDAYS":1.214979100583,"TOTAL_ASSETS_TDAYS":1.056773269072,"PREMIUM_EXPENSE":null,"LOAN_DEPOSIT":null,"LOAN_EQUITY":null,"LOAN_ASSETS":null,"DEPOSIT_EQUITY":null,"DEPOSIT_ASSETS":null,"EQUITY_MULTIPLIER":2.583063704328,"EQUITY_RATIO":1.582408422105},{"SECUCODE":"00417.HK","SECURITY_CODE":"00417","SECURITY_NAME_ABBR":"谢瑞麟","ORG_CODE":"10008894","STD_REPORT_DATE":"2021-06-30 00:00:00","REPORT_DATE":"2021-09-30 00:00:00","DATE_TYPE_CODE":"002","REPORT_TYPE":"2021年中报","PER_NETCASH_OPERATE":0.571640058555,"PER_OI":4.673021327742,"BPS":3.267565811146,"BASIC_EPS":0.00916366,"DILUTED_EPS":0.00916366,"OPERATE_INCOME":1164432940.68,"OPERATE_INCOME_YOY":18.723292572,"GROSS_PROFIT":425572033.24,"GROSS_PROFIT_YOY":18.109750696116,"HOLDER_PROFIT":2240931.4,"HOLDER_PROFIT_YOY":106.4697676656,"GROSS_PROFIT_RATIO":36.547577655393,"EPS_TTM":-0.149172138938,"OPERATE_INCOME_QOQ":0,"NET_PROFIT_RATIO":0.1890858205,"ROE_AVG":0.280268182268,"GROSS_PROFIT_QOQ":0,"ROA":0.102901398656,"HOLDER_PROFIT_QOQ":0,"ROE_YEARLY":0.560536364536,"ROIC_YEARLY":0.281561883429,"TOTAL_ASSETS":2247001075.16,"TOTAL_LIABILITIES":1433034810.36,"TAX_EBT":91.39564410587,"OCF_SALES":12.232772300036,"TOTAL_PARENT_EQUITY":814218681.98,"DEBT_ASSET_RATIO":63.7754394603,"OPERATE_PROFIT":40898247.64,"PRETAX_PROFIT":25589104.02,"NETCASH_OPERATE":142442430.22,"NETCASH_INVEST":-8568022.1,"NETCASH_FINANCE":-132800593.78,"END_CASH":320671451.92,"DIVI_RATIO":null,"DIVIDEND_RATE":null,"CURRENT_RATIO":1.843662236263,"COMMON_ACS":1500000000,"CURRENTDEBT_DEBT":74.931258233026,"ISSUED_COMMON_SHARES":249182030,"HK_COMMON_SHARES":249182030,"PER_SHARES":2000,"TOTAL_MARKET_CAP":171935600.7,"HKSK_MARKET_CAP":171935600.7,"PE_TTM":-0.477865699182,"PB_TTM":0.322426607721,"REPORT_DATE_SQ":"2020-06-30 00:00:00","REPORT_TYPE_SQ":"2020年中报","OPERATE_INCOME_SQ":1034553083.52,"DPS_HKD":null,"OPERATE_INCOME_QOQ_SQ":0,"NET_PROFIT_RATIO_SQ":-3.5351695048,"HOLDER_PROFIT_SQ":-36535420.16,"HOLDER_PROFIT_QOQ_SQ":0,"ROE_AVG_SQ":-4.622687502745,"PE_TTM_SQ":-1.648041827387,"PB_TTM_SQ":0.278559848094,"ROA_SQ":-1.557478419289,"START_DATE":"2021-04-01 00:00:00","FISCAL_YEAR":"3-31","CURRENCY":"HKD","IS_CNY_CODE":0,"DPS_HKD_LY":null,"ORG_TYPE":"一般企业","PREMIUM_INCOME":null,"PREMIUM_INCOME_YOY":null,"NET_INTEREST_INCOME":null,"NET_INTEREST_INCOME_YOY":null,"FEE_COMMISSION_INCOME":null,"FEE_COMMISSION_INCOME_YOY":null,"ACCOUNTS_RECE_TDAYS":11.897957533378,"INVENTORY_TDAYS":0.676431916289,"CURRENT_ASSETS_TDAYS":0.608163344333,"TOTAL_ASSETS_TDAYS":0.534696324201,"PREMIUM_EXPENSE":null,"LOAN_DEPOSIT":null,"LOAN_EQUITY":null,"LOAN_ASSETS":null,"DEPOSIT_EQUITY":null,"DEPOSIT_ASSETS":null,"EQUITY_MULTIPLIER":2.760557989114,"EQUITY_RATIO":1.760012195833},{"SECUCODE":"00417.HK","SECURITY_CODE":"00417","SECURITY_NAME_ABBR":"谢瑞麟","ORG_CODE":"10008894","STD_REPORT_DATE":"2020-12-31 00:00:00","REPORT_DATE":"2021-03-31 00:00:00","DATE_TYPE_CODE":"001","REPORT_TYPE":"2020年年报","PER_NETCASH_OPERATE":1.222950369334,"PER_OI":8.983568148955,"BPS":3.195794304509,"BASIC_EPS":-0.14875168,"DILUTED_EPS":-0.14875168,"OPERATE_INCOME":2238543748,"OPERATE_INCOME_YOY":-9.1023591998,"GROSS_PROFIT":811133614.06,"GROSS_PROFIT_YOY":-22.696865652163,"HOLDER_PROFIT":-37171016.4,"HOLDER_PROFIT_YOY":50.9534961526,"GROSS_PROFIT_RATIO":36.234878803896,"EPS_TTM":-0.481099101889,"OPERATE_INCOME_QOQ":0,"NET_PROFIT_RATIO":-1.6646152684,"ROE_AVG":-4.774153138723,"GROSS_PROFIT_QOQ":0,"ROA":-1.678646777107,"HOLDER_PROFIT_QOQ":0,"ROE_YEARLY":-4.774153138723,"ROIC_YEARLY":-2.213118590045,"TOTAL_ASSETS":2139167483.6,"TOTAL_LIABILITIES":1343045111.52,"TAX_EBT":-4260.92977250247,"OCF_SALES":13.613191874953,"TOTAL_PARENT_EQUITY":796334512.26,"DEBT_ASSET_RATIO":62.7835418132,"OPERATE_PROFIT":41761188.98,"PRETAX_PROFIT":-854476.98,"NETCASH_OPERATE":304737255.62,"NETCASH_INVEST":-67336335.78,"NETCASH_FINANCE":-210381360.42,"END_CASH":320679885.96,"DIVI_RATIO":null,"DIVIDEND_RATE":null,"CURRENT_RATIO":2.011197828915,"COMMON_ACS":1500000000,"CURRENTDEBT_DEBT":69.472595188111,"ISSUED_COMMON_SHARES":249182030,"HK_COMMON_SHARES":249182030,"PER_SHARES":2000,"TOTAL_MARKET_CAP":171935600.7,"HKSK_MARKET_CAP":171935600.7,"PE_TTM":-0.477865699182,"PB_TTM":0.322426607721,"REPORT_DATE_SQ":"2019-12-31 00:00:00","REPORT_TYPE_SQ":"2019年年报","OPERATE_INCOME_SQ":2662363729.9,"DPS_HKD":null,"OPERATE_INCOME_QOQ_SQ":0,"NET_PROFIT_RATIO_SQ":-3.0802789596,"HOLDER_PROFIT_SQ":-81931479,"HOLDER_PROFIT_QOQ_SQ":0,"ROE_AVG_SQ":-9.030379720065,"PE_TTM_SQ":-1.648041827387,"PB_TTM_SQ":0.278559848094,"ROA_SQ":-3.471503052035,"START_DATE":"2020-04-01 00:00:00","FISCAL_YEAR":"3-31","CURRENCY":"HKD","IS_CNY_CODE":0,"DPS_HKD_LY":null,"ORG_TYPE":"一般企业","PREMIUM_INCOME":null,"PREMIUM_INCOME_YOY":null,"NET_INTEREST_INCOME":null,"NET_INTEREST_INCOME_YOY":null,"FEE_COMMISSION_INCOME":null,"FEE_COMMISSION_INCOME_YOY":null,"ACCOUNTS_RECE_TDAYS":27.322900440492,"INVENTORY_TDAYS":1.261324796458,"CURRENT_ASSETS_TDAYS":1.194646777237,"TOTAL_ASSETS_TDAYS":1.010928570679,"PREMIUM_EXPENSE":null,"LOAN_DEPOSIT":null,"LOAN_EQUITY":null,"LOAN_ASSETS":null,"DEPOSIT_EQUITY":null,"DEPOSIT_ASSETS":null,"EQUITY_MULTIPLIER":2.686983256119,"EQUITY_RATIO":1.686533850842},{"SECUCODE":"00417.HK","SECURITY_CODE":"00417","SECURITY_NAME_ABBR":"谢瑞麟","ORG_CODE":"10008894","STD_REPORT_DATE":"2020-06-30 00:00:00","REPORT_DATE":"2020-09-30 00:00:00","DATE_TYPE_CODE":"002","REPORT_TYPE":"2020年中报","PER_NETCASH_OPERATE":0.656580244089,"PER_OI":4.151796514058,"BPS":3.169026129854,"BASIC_EPS":-0.14674624,"DILUTED_EPS":-0.14674624,"OPERATE_INCOME":1034553083.52,"OPERATE_INCOME_YOY":-28.7390279599,"GROSS_PROFIT":360319136,"GROSS_PROFIT_YOY":-41.425386566876,"HOLDER_PROFIT":-36535420.16,"HOLDER_PROFIT_YOY":-2751.6581632653,"GROSS_PROFIT_RATIO":34.828482147483,"EPS_TTM":-0.328801715758,"OPERATE_INCOME_QOQ":0,"NET_PROFIT_RATIO":-3.5351695048,"ROE_AVG":-4.622687502745,"GROSS_PROFIT_QOQ":0,"ROA":-1.557478419289,"HOLDER_PROFIT_QOQ":0,"ROE_YEARLY":-9.24537500549,"ROIC_YEARLY":-4.099010960058,"TOTAL_ASSETS":2311233948.16,"TOTAL_LIABILITIES":1521711057.92,"TAX_EBT":-63.213207325203,"OCF_SALES":15.814364742245,"TOTAL_PARENT_EQUITY":789664364.16,"DEBT_ASSET_RATIO":65.839767503,"OPERATE_PROFIT":2220525.44,"PRETAX_PROFIT":-22408238.72,"NETCASH_OPERATE":163607998.08,"NETCASH_INVEST":-33973072.64,"NETCASH_FINANCE":-43630205.44,"END_CASH":387140306.56,"DIVI_RATIO":null,"DIVIDEND_RATE":null,"CURRENT_RATIO":1.907368127364,"COMMON_ACS":1500000000,"CURRENTDEBT_DEBT":66.644453889045,"ISSUED_COMMON_SHARES":249182030,"HK_COMMON_SHARES":249182030,"PER_SHARES":2000,"TOTAL_MARKET_CAP":171935600.7,"HKSK_MARKET_CAP":171935600.7,"PE_TTM":-0.477865699182,"PB_TTM":0.322426607721,"REPORT_DATE_SQ":"2019-06-30 00:00:00","REPORT_TYPE_SQ":"2019年中报","OPERATE_INCOME_SQ":1490259429.54,"DPS_HKD":null,"OPERATE_INCOME_QOQ_SQ":0,"NET_PROFIT_RATIO_SQ":0.0926063793,"HOLDER_PROFIT_SQ":1414351.68,"HOLDER_PROFIT_QOQ_SQ":0,"ROE_AVG_SQ":0.149485523833,"PE_TTM_SQ":-1.648041827387,"PB_TTM_SQ":0.278559848094,"ROA_SQ":0.058544927071,"START_DATE":"2020-04-01 00:00:00","FISCAL_YEAR":"3-31","CURRENCY":"HKD","IS_CNY_CODE":0,"DPS_HKD_LY":null,"ORG_TYPE":"一般企业","PREMIUM_INCOME":null,"PREMIUM_INCOME_YOY":null,"NET_INTEREST_INCOME":null,"NET_INTEREST_INCOME_YOY":null,"FEE_COMMISSION_INCOME":null,"FEE_COMMISSION_INCOME_YOY":null,"ACCOUNTS_RECE_TDAYS":12.668503085506,"INVENTORY_TDAYS":0.564480496025,"CURRENT_ASSETS_TDAYS":0.533321223457,"TOTAL_ASSETS_TDAYS":0.441022463717,"PREMIUM_EXPENSE":null,"LOAN_DEPOSIT":null,"LOAN_EQUITY":null,"LOAN_ASSETS":null,"DEPOSIT_EQUITY":null,"DEPOSIT_ASSETS":null,"EQUITY_MULTIPLIER":2.927380544286,"EQUITY_RATIO":1.927035240521}],"count":48},"success":true,"message":"ok","code":0}