{"version":"8ffc2970c43d204bd2789df488fecc06","result":{"pages":5,"data":[{"SECUCODE":"00410.HK","SECURITY_CODE":"00410","SECURITY_NAME_ABBR":"SOHO中国","ORG_CODE":"10096599","STD_REPORT_DATE":"2024-06-30 00:00:00","REPORT_DATE":"2024-06-30 00:00:00","DATE_TYPE_CODE":"002","REPORT_TYPE":"2024年中报","PER_NETCASH_OPERATE":0.021133857512,"PER_OI":0.153737533519,"BPS":6.951563024712,"BASIC_EPS":-0.02,"DILUTED_EPS":-0.02,"OPERATE_INCOME":799362000,"OPERATE_INCOME_YOY":-2.69518188,"GROSS_PROFIT":648418000,"GROSS_PROFIT_YOY":-4.393303588543,"HOLDER_PROFIT":-107546000,"HOLDER_PROFIT_YOY":-890.0242415338,"GROSS_PROFIT_RATIO":81.116940760256,"EPS_TTM":-0.05790106906,"OPERATE_INCOME_QOQ":-1.319058280202,"NET_PROFIT_RATIO":-13.6570164706,"ROE_AVG":-0.297040436427,"GROSS_PROFIT_QOQ":-2.161178856481,"ROA":-0.157220470264,"HOLDER_PROFIT_QOQ":-67.348345460508,"ROE_YEARLY":-0.594080872854,"ROIC_YEARLY":-0.322436362808,"TOTAL_ASSETS":68191601000,"TOTAL_LIABILITIES":31120093000,"TAX_EBT":804.634350997225,"OCF_SALES":13.74671300362,"TOTAL_PARENT_EQUITY":36144819000,"DEBT_ASSET_RATIO":45.6362551159,"OPERATE_PROFIT":380332000,"PRETAX_PROFIT":15493000,"NETCASH_OPERATE":109886000,"NETCASH_INVEST":74679000,"NETCASH_FINANCE":-186031000,"END_CASH":768140000,"DIVI_RATIO":null,"DIVIDEND_RATE":null,"CURRENT_RATIO":0.233197925376,"COMMON_ACS":7500000000,"CURRENTDEBT_DEBT":41.584515830335,"ISSUED_COMMON_SHARES":5199524031,"HK_COMMON_SHARES":5199524031,"PER_SHARES":500,"TOTAL_MARKET_CAP":3379690620.15,"HKSK_MARKET_CAP":3379690620.15,"PE_TTM":-10.206963646621,"PB_TTM":0.085339368699,"REPORT_DATE_SQ":"2023-06-30 00:00:00","REPORT_TYPE_SQ":"2023年中报","OPERATE_INCOME_SQ":821503000,"DPS_HKD":null,"OPERATE_INCOME_QOQ_SQ":-4.199054695818,"NET_PROFIT_RATIO_SQ":1.7894030819,"HOLDER_PROFIT_SQ":13613000,"HOLDER_PROFIT_QOQ_SQ":-289.104365442426,"ROE_AVG_SQ":0.037340775558,"PE_TTM_SQ":-25.708715255253,"PB_TTM_SQ":0.090694089165,"ROA_SQ":0.019762247374,"START_DATE":"2024-01-01 00:00:00","FISCAL_YEAR":"12-31","CURRENCY":"HKD","IS_CNY_CODE":0,"DPS_HKD_LY":null,"ORG_TYPE":"一般企业","PREMIUM_INCOME":null,"PREMIUM_INCOME_YOY":null,"NET_INTEREST_INCOME":null,"NET_INTEREST_INCOME_YOY":null,"FEE_COMMISSION_INCOME":null,"FEE_COMMISSION_INCOME_YOY":null,"ACCOUNTS_RECE_TDAYS":1.52992041892,"INVENTORY_TDAYS":0.093796857572,"CURRENT_ASSETS_TDAYS":0.262123974072,"TOTAL_ASSETS_TDAYS":0.011685796734,"PREMIUM_EXPENSE":null,"LOAN_DEPOSIT":null,"LOAN_EQUITY":null,"LOAN_ASSETS":null,"DEPOSIT_EQUITY":null,"DEPOSIT_ASSETS":null,"EQUITY_MULTIPLIER":1.839461211018,"EQUITY_RATIO":0.860983506377},{"SECUCODE":"00410.HK","SECURITY_CODE":"00410","SECURITY_NAME_ABBR":"SOHO中国","ORG_CODE":"10096599","STD_REPORT_DATE":"2023-12-31 00:00:00","REPORT_DATE":"2023-12-31 00:00:00","DATE_TYPE_CODE":"001","REPORT_TYPE":"2023年年报","PER_NETCASH_OPERATE":0.123850182471,"PER_OI":0.322826856842,"BPS":6.975036711779,"BASIC_EPS":-0.03,"DILUTED_EPS":-0.03,"OPERATE_INCOME":1678546000,"OPERATE_INCOME_YOY":-5.4388228203,"GROSS_PROFIT":1378692000,"GROSS_PROFIT_YOY":-4.097329219982,"HOLDER_PROFIT":-179899000,"HOLDER_PROFIT_YOY":-393.914194223,"GROSS_PROFIT_RATIO":82.136086827528,"EPS_TTM":-0.034599128483,"OPERATE_INCOME_QOQ":-1.2941084459,"NET_PROFIT_RATIO":-10.7278561326,"ROE_AVG":-0.494856857251,"GROSS_PROFIT_QOQ":0.362229165271,"ROA":-0.261738534772,"HOLDER_PROFIT_QOQ":-55.424330652198,"ROE_YEARLY":-0.494856857251,"ROIC_YEARLY":-0.267520886374,"TOTAL_ASSETS":68617556000,"TOTAL_LIABILITIES":31422532000,"TAX_EBT":489.707187222715,"OCF_SALES":38.364274794971,"TOTAL_PARENT_EQUITY":36266871000,"DEBT_ASSET_RATIO":45.793720779,"OPERATE_PROFIT":812761000,"PRETAX_PROFIT":46207000,"NETCASH_OPERATE":643962000,"NETCASH_INVEST":94408000,"NETCASH_FINANCE":-316954000,"END_CASH":769461000,"DIVI_RATIO":null,"DIVIDEND_RATE":null,"CURRENT_RATIO":0.294814780795,"COMMON_ACS":7500000000,"CURRENTDEBT_DEBT":33.261275698597,"ISSUED_COMMON_SHARES":5199524031,"HK_COMMON_SHARES":5199524031,"PER_SHARES":500,"TOTAL_MARKET_CAP":3535676341.08,"HKSK_MARKET_CAP":3535676341.08,"PE_TTM":-10.678054276465,"PB_TTM":0.089278108793,"REPORT_DATE_SQ":"2022-12-31 00:00:00","REPORT_TYPE_SQ":"2022年年报","OPERATE_INCOME_SQ":1775090000,"DPS_HKD":null,"OPERATE_INCOME_QOQ_SQ":-3.148047208977,"NET_PROFIT_RATIO_SQ":3.6339002529,"HOLDER_PROFIT_SQ":61208000,"HOLDER_PROFIT_QOQ_SQ":-56.18172186189,"ROE_AVG_SQ":0.168582799065,"PE_TTM_SQ":-26.081305331416,"PB_TTM_SQ":0.092008496255,"ROA_SQ":0.08788341956,"START_DATE":"2023-01-01 00:00:00","FISCAL_YEAR":"12-31","CURRENCY":"HKD","IS_CNY_CODE":0,"DPS_HKD_LY":null,"ORG_TYPE":"一般企业","PREMIUM_INCOME":null,"PREMIUM_INCOME_YOY":null,"NET_INTEREST_INCOME":null,"NET_INTEREST_INCOME_YOY":null,"FEE_COMMISSION_INCOME":null,"FEE_COMMISSION_INCOME_YOY":null,"ACCOUNTS_RECE_TDAYS":2.790282403417,"INVENTORY_TDAYS":0.180704173406,"CURRENT_ASSETS_TDAYS":0.560666475051,"TOTAL_ASSETS_TDAYS":0.024421490424,"PREMIUM_EXPENSE":null,"LOAN_DEPOSIT":null,"LOAN_EQUITY":null,"LOAN_ASSETS":null,"DEPOSIT_EQUITY":null,"DEPOSIT_ASSETS":null,"EQUITY_MULTIPLIER":1.844804724418,"EQUITY_RATIO":0.866425228689},{"SECUCODE":"00410.HK","SECURITY_CODE":"00410","SECURITY_NAME_ABBR":"SOHO中国","ORG_CODE":"10096599","STD_REPORT_DATE":"2023-06-30 00:00:00","REPORT_DATE":"2023-06-30 00:00:00","DATE_TYPE_CODE":"002","REPORT_TYPE":"2023年中报","PER_NETCASH_OPERATE":0.064279537513,"PER_OI":0.157995807905,"BPS":7.014417431779,"BASIC_EPS":0,"DILUTED_EPS":0,"OPERATE_INCOME":821503000,"OPERATE_INCOME_YOY":-8.318490246,"GROSS_PROFIT":678214000,"GROSS_PROFIT_YOY":-8.607950755498,"HOLDER_PROFIT":13613000,"HOLDER_PROFIT_YOY":-92.8566181101,"GROSS_PROFIT_RATIO":82.557702162987,"EPS_TTM":-0.022261076073,"OPERATE_INCOME_QOQ":-4.199054695818,"NET_PROFIT_RATIO":1.7894030819,"ROE_AVG":0.037340775558,"GROSS_PROFIT_QOQ":-4.443462866802,"ROA":0.019762247374,"HOLDER_PROFIT_QOQ":-289.104365442426,"ROE_YEARLY":0.074681551115,"ROIC_YEARLY":0.040353668647,"TOTAL_ASSETS":68920623000,"TOTAL_LIABILITIES":31519064000,"TAX_EBT":86.128803963199,"OCF_SALES":40.684331037136,"TOTAL_PARENT_EQUITY":36471632000,"DEBT_ASSET_RATIO":45.7324130689,"OPERATE_PROFIT":490220000,"PRETAX_PROFIT":105975000,"NETCASH_OPERATE":334223000,"NETCASH_INVEST":94546000,"NETCASH_FINANCE":-148276000,"END_CASH":627252000,"DIVI_RATIO":null,"DIVIDEND_RATE":null,"CURRENT_RATIO":0.302459595692,"COMMON_ACS":7500000000,"CURRENTDEBT_DEBT":32.613706422247,"ISSUED_COMMON_SHARES":5199524031,"HK_COMMON_SHARES":5199524031,"PER_SHARES":500,"TOTAL_MARKET_CAP":3535676341.08,"HKSK_MARKET_CAP":3535676341.08,"PE_TTM":-10.678054276465,"PB_TTM":0.089278108793,"REPORT_DATE_SQ":"2022-06-30 00:00:00","REPORT_TYPE_SQ":"2022年中报","OPERATE_INCOME_SQ":896040000,"DPS_HKD":null,"OPERATE_INCOME_QOQ_SQ":5.227419263162,"NET_PROFIT_RATIO_SQ":21.6118700058,"HOLDER_PROFIT_SQ":190568000,"HOLDER_PROFIT_QOQ_SQ":206.550824573983,"ROE_AVG_SQ":0.525189895193,"PE_TTM_SQ":-26.081305331416,"PB_TTM_SQ":0.092008496255,"ROA_SQ":0.272942427084,"START_DATE":"2023-01-01 00:00:00","FISCAL_YEAR":"12-31","CURRENCY":"HKD","IS_CNY_CODE":0,"DPS_HKD_LY":null,"ORG_TYPE":"一般企业","PREMIUM_INCOME":null,"PREMIUM_INCOME_YOY":null,"NET_INTEREST_INCOME":null,"NET_INTEREST_INCOME_YOY":null,"FEE_COMMISSION_INCOME":null,"FEE_COMMISSION_INCOME_YOY":null,"ACCOUNTS_RECE_TDAYS":1.279152383629,"INVENTORY_TDAYS":0.083899807859,"CURRENT_ASSETS_TDAYS":0.273126117311,"TOTAL_ASSETS_TDAYS":0.011925913101,"PREMIUM_EXPENSE":null,"LOAN_DEPOSIT":null,"LOAN_EQUITY":null,"LOAN_ASSETS":null,"DEPOSIT_EQUITY":null,"DEPOSIT_ASSETS":null,"EQUITY_MULTIPLIER":1.842720593546,"EQUITY_RATIO":0.864207666934},{"SECUCODE":"00410.HK","SECURITY_CODE":"00410","SECURITY_NAME_ABBR":"SOHO中国","ORG_CODE":"10096599","STD_REPORT_DATE":"2022-12-31 00:00:00","REPORT_DATE":"2022-12-31 00:00:00","DATE_TYPE_CODE":"001","REPORT_TYPE":"2022年年报","PER_NETCASH_OPERATE":-0.02600084146,"PER_OI":0.34139471025,"BPS":7.008452847364,"BASIC_EPS":0.01,"DILUTED_EPS":0.01,"OPERATE_INCOME":1775090000,"OPERATE_INCOME_YOY":1.914810428,"GROSS_PROFIT":1437595000,"GROSS_PROFIT_YOY":2.703330225647,"HOLDER_PROFIT":61208000,"HOLDER_PROFIT_YOY":146.6887366703,"GROSS_PROFIT_RATIO":80.987161214361,"EPS_TTM":0.011771846737,"OPERATE_INCOME_QOQ":-3.148047208977,"NET_PROFIT_RATIO":3.6339002529,"ROE_AVG":0.168582799065,"GROSS_PROFIT_QOQ":-3.04999726872,"ROA":0.08788341956,"HOLDER_PROFIT_QOQ":-56.18172186189,"ROE_YEARLY":0.168582799065,"ROIC_YEARLY":0.089830240907,"TOTAL_ASSETS":68847109000,"TOTAL_LIABILITIES":31478588000,"TAX_EBT":87.297689540212,"OCF_SALES":-7.616064537573,"TOTAL_PARENT_EQUITY":36440619000,"DEBT_ASSET_RATIO":45.7224543735,"OPERATE_PROFIT":1306839000,"PRETAX_PROFIT":507821000,"NETCASH_OPERATE":-135192000,"NETCASH_INVEST":1656856000,"NETCASH_FINANCE":-1933574000,"END_CASH":345725000,"DIVI_RATIO":null,"DIVIDEND_RATE":null,"CURRENT_RATIO":0.156400258535,"COMMON_ACS":7500000000,"CURRENTDEBT_DEBT":59.034347411008,"ISSUED_COMMON_SHARES":5199524031,"HK_COMMON_SHARES":5199524031,"PER_SHARES":500,"TOTAL_MARKET_CAP":3535676341.08,"HKSK_MARKET_CAP":3535676341.08,"PE_TTM":-10.678054276465,"PB_TTM":0.089278108793,"REPORT_DATE_SQ":"2021-12-31 00:00:00","REPORT_TYPE_SQ":"2021年年报","OPERATE_INCOME_SQ":1741739000,"DPS_HKD":null,"OPERATE_INCOME_QOQ_SQ":12.813505968612,"NET_PROFIT_RATIO_SQ":-7.1165656852,"HOLDER_PROFIT_SQ":-131098000,"HOLDER_PROFIT_QOQ_SQ":-119.50770201419,"ROE_AVG_SQ":-0.361500786655,"PE_TTM_SQ":-26.081305331416,"PB_TTM_SQ":0.092008496255,"ROA_SQ":-0.18575600909,"START_DATE":"2022-01-01 00:00:00","FISCAL_YEAR":"12-31","CURRENCY":"HKD","IS_CNY_CODE":0,"DPS_HKD_LY":null,"ORG_TYPE":"一般企业","PREMIUM_INCOME":null,"PREMIUM_INCOME_YOY":null,"NET_INTEREST_INCOME":null,"NET_INTEREST_INCOME_YOY":null,"FEE_COMMISSION_INCOME":null,"FEE_COMMISSION_INCOME_YOY":null,"ACCOUNTS_RECE_TDAYS":3.161366674117,"INVENTORY_TDAYS":0.195887178922,"CURRENT_ASSETS_TDAYS":0.47158812333,"TOTAL_ASSETS_TDAYS":0.025487024446,"PREMIUM_EXPENSE":null,"LOAN_DEPOSIT":null,"LOAN_EQUITY":null,"LOAN_ASSETS":null,"DEPOSIT_EQUITY":null,"DEPOSIT_ASSETS":null,"EQUITY_MULTIPLIER":1.842382496219,"EQUITY_RATIO":0.863832417336},{"SECUCODE":"00410.HK","SECURITY_CODE":"00410","SECURITY_NAME_ABBR":"SOHO中国","ORG_CODE":"10096599","STD_REPORT_DATE":"2022-06-30 00:00:00","REPORT_DATE":"2022-06-30 00:00:00","DATE_TYPE_CODE":"002","REPORT_TYPE":"2022年中报","PER_NETCASH_OPERATE":-0.064319925825,"PER_OI":0.172331158517,"BPS":7.000052270746,"BASIC_EPS":0.04,"DILUTED_EPS":0.04,"OPERATE_INCOME":896040000,"OPERATE_INCOME_YOY":11.3104229607,"GROSS_PROFIT":742093000,"GROSS_PROFIT_YOY":12.604339427671,"HOLDER_PROFIT":190568000,"HOLDER_PROFIT_YOY":337.5685648748,"GROSS_PROFIT_RATIO":82.819182179367,"EPS_TTM":0.026865151342,"OPERATE_INCOME_QOQ":5.227419263162,"NET_PROFIT_RATIO":21.6118700058,"ROE_AVG":0.525189895193,"GROSS_PROFIT_QOQ":5.934324221024,"ROA":0.272942427084,"HOLDER_PROFIT_QOQ":206.550824573983,"ROE_YEARLY":1.050379790386,"ROIC_YEARLY":0.558415592163,"TOTAL_ASSETS":69193190000,"TOTAL_LIABILITIES":31869471000,"TAX_EBT":38.106348501168,"OCF_SALES":-37.323445381903,"TOTAL_PARENT_EQUITY":36396940000,"DEBT_ASSET_RATIO":46.0586814974,"OPERATE_PROFIT":731601000,"PRETAX_PROFIT":312877000,"NETCASH_OPERATE":-334433000,"NETCASH_INVEST":1330704000,"NETCASH_FINANCE":-1290842000,"END_CASH":461533000,"DIVI_RATIO":null,"DIVIDEND_RATE":null,"CURRENT_RATIO":0.528894086217,"COMMON_ACS":7500000000,"CURRENTDEBT_DEBT":20.784518199251,"ISSUED_COMMON_SHARES":5199524031,"HK_COMMON_SHARES":5199524031,"PER_SHARES":500,"TOTAL_MARKET_CAP":3535676341.08,"HKSK_MARKET_CAP":3535676341.08,"PE_TTM":-10.678054276465,"PB_TTM":0.089278108793,"REPORT_DATE_SQ":"2021-06-30 00:00:00","REPORT_TYPE_SQ":"2021年中报","OPERATE_INCOME_SQ":804992000,"DPS_HKD":null,"OPERATE_INCOME_QOQ_SQ":-29.554483703278,"NET_PROFIT_RATIO_SQ":42.6694923676,"HOLDER_PROFIT_SQ":-80216000,"HOLDER_PROFIT_QOQ_SQ":25.471803795341,"ROE_AVG_SQ":0.928538992464,"PE_TTM_SQ":-26.081305331416,"PB_TTM_SQ":0.092008496255,"ROA_SQ":0.479924391107,"START_DATE":"2022-01-01 00:00:00","FISCAL_YEAR":"12-31","CURRENCY":"HKD","IS_CNY_CODE":0,"DPS_HKD_LY":null,"ORG_TYPE":"一般企业","PREMIUM_INCOME":null,"PREMIUM_INCOME_YOY":null,"NET_INTEREST_INCOME":null,"NET_INTEREST_INCOME_YOY":null,"FEE_COMMISSION_INCOME":null,"FEE_COMMISSION_INCOME_YOY":null,"ACCOUNTS_RECE_TDAYS":1.664395870774,"INVENTORY_TDAYS":0.088579521017,"CURRENT_ASSETS_TDAYS":0.220561710646,"TOTAL_ASSETS_TDAYS":0.012833599154,"PREMIUM_EXPENSE":null,"LOAN_DEPOSIT":null,"LOAN_EQUITY":null,"LOAN_ASSETS":null,"DEPOSIT_EQUITY":null,"DEPOSIT_ASSETS":null,"EQUITY_MULTIPLIER":1.853866438122,"EQUITY_RATIO":0.875608526431},{"SECUCODE":"00410.HK","SECURITY_CODE":"00410","SECURITY_NAME_ABBR":"SOHO中国","ORG_CODE":"10096599","STD_REPORT_DATE":"2021-12-31 00:00:00","REPORT_DATE":"2021-12-31 00:00:00","DATE_TYPE_CODE":"001","REPORT_TYPE":"2021年年报","PER_NETCASH_OPERATE":0.010820028846,"PER_OI":0.334980469292,"BPS":6.957202964026,"BASIC_EPS":-0.03,"DILUTED_EPS":-0.03,"OPERATE_INCOME":1741739000,"OPERATE_INCOME_YOY":-20.527943268,"GROSS_PROFIT":1399755000,"GROSS_PROFIT_YOY":0.684559046724,"HOLDER_PROFIT":-131098000,"HOLDER_PROFIT_YOY":-124.7557901296,"GROSS_PROFIT_RATIO":80.365370471695,"EPS_TTM":-0.025213461697,"OPERATE_INCOME_QOQ":12.813505968612,"NET_PROFIT_RATIO":-7.1165656852,"ROE_AVG":-0.361500786655,"GROSS_PROFIT_QOQ":11.970188318825,"ROA":-0.18575600909,"HOLDER_PROFIT_QOQ":-119.50770201419,"ROE_YEARLY":-0.361500786655,"ROIC_YEARLY":-0.189967536719,"TOTAL_ASSETS":70446515000,"TOTAL_LIABILITIES":33346751000,"TAX_EBT":146.811081905798,"OCF_SALES":3.230047670747,"TOTAL_PARENT_EQUITY":36174144000,"DEBT_ASSET_RATIO":47.3362678054,"OPERATE_PROFIT":1123745000,"PRETAX_PROFIT":264792000,"NETCASH_OPERATE":56259000,"NETCASH_INVEST":757408000,"NETCASH_FINANCE":-455078000,"END_CASH":734698000,"DIVI_RATIO":null,"DIVIDEND_RATE":null,"CURRENT_RATIO":0.663973309604,"COMMON_ACS":7500000000,"CURRENTDEBT_DEBT":20.873715703218,"ISSUED_COMMON_SHARES":5199524031,"HK_COMMON_SHARES":5199524031,"PER_SHARES":500,"TOTAL_MARKET_CAP":3535676341.08,"HKSK_MARKET_CAP":3535676341.08,"PE_TTM":-10.678054276465,"PB_TTM":0.089278108793,"REPORT_DATE_SQ":"2020-12-31 00:00:00","REPORT_TYPE_SQ":"2020年年报","OPERATE_INCOME_SQ":2191637000,"DPS_HKD":null,"OPERATE_INCOME_QOQ_SQ":-9.103061104722,"NET_PROFIT_RATIO_SQ":24.7972634154,"HOLDER_PROFIT_SQ":529565000,"HOLDER_PROFIT_QOQ_SQ":-44.805284473253,"ROE_AVG_SQ":1.478909577407,"PE_TTM_SQ":-26.081305331416,"PB_TTM_SQ":0.092008496255,"ROA_SQ":0.762788009515,"START_DATE":"2021-01-01 00:00:00","FISCAL_YEAR":"12-31","CURRENCY":"HKD","IS_CNY_CODE":0,"DPS_HKD_LY":null,"ORG_TYPE":"一般企业","PREMIUM_INCOME":null,"PREMIUM_INCOME_YOY":null,"NET_INTEREST_INCOME":null,"NET_INTEREST_INCOME_YOY":null,"FEE_COMMISSION_INCOME":null,"FEE_COMMISSION_INCOME_YOY":null,"ACCOUNTS_RECE_TDAYS":3.973262007688,"INVENTORY_TDAYS":0.196313552669,"CURRENT_ASSETS_TDAYS":0.355236583348,"TOTAL_ASSETS_TDAYS":0.024679132063,"PREMIUM_EXPENSE":null,"LOAN_DEPOSIT":null,"LOAN_EQUITY":null,"LOAN_ASSETS":null,"DEPOSIT_EQUITY":null,"DEPOSIT_ASSETS":null,"EQUITY_MULTIPLIER":1.898839976447,"EQUITY_RATIO":0.921839394458},{"SECUCODE":"00410.HK","SECURITY_CODE":"00410","SECURITY_NAME_ABBR":"SOHO中国","ORG_CODE":"10096599","STD_REPORT_DATE":"2021-06-30 00:00:00","REPORT_DATE":"2021-06-30 00:00:00","DATE_TYPE_CODE":"002","REPORT_TYPE":"2021年中报","PER_NETCASH_OPERATE":0.013115238932,"PER_OI":0.154820324938,"BPS":7.104925908554,"BASIC_EPS":-0.02,"DILUTED_EPS":-0.02,"OPERATE_INCOME":804992000,"OPERATE_INCOME_YOY":-44.5872188634,"GROSS_PROFIT":659027000,"GROSS_PROFIT_YOY":-17.534108072192,"HOLDER_PROFIT":-80216000,"HOLDER_PROFIT_YOY":66.9184586407,"GROSS_PROFIT_RATIO":81.867521664812,"EPS_TTM":0.129248753538,"OPERATE_INCOME_QOQ":-29.554483703278,"NET_PROFIT_RATIO":42.6694923676,"ROE_AVG":0.928538992464,"GROSS_PROFIT_QOQ":-10.07913752897,"ROA":0.479924391107,"HOLDER_PROFIT_QOQ":25.471803795341,"ROE_YEARLY":1.857077984929,"ROIC_YEARLY":0.986670031338,"TOTAL_ASSETS":71109770000,"TOTAL_LIABILITIES":33246179000,"TAX_EBT":213.725953375755,"OCF_SALES":8.471264310701,"TOTAL_PARENT_EQUITY":36942233000,"DEBT_ASSET_RATIO":46.7533209572,"OPERATE_PROFIT":494452000,"PRETAX_PROFIT":67733000,"NETCASH_OPERATE":68193000,"NETCASH_INVEST":1002136000,"NETCASH_FINANCE":58756000,"END_CASH":1492098000,"DIVI_RATIO":null,"DIVIDEND_RATE":null,"CURRENT_RATIO":0.877383717499,"COMMON_ACS":7500000000,"CURRENTDEBT_DEBT":17.78922925248,"ISSUED_COMMON_SHARES":5199524031,"HK_COMMON_SHARES":5199524031,"PER_SHARES":500,"TOTAL_MARKET_CAP":3535676341.08,"HKSK_MARKET_CAP":3535676341.08,"PE_TTM":-10.678054276465,"PB_TTM":0.089278108793,"REPORT_DATE_SQ":"2020-06-30 00:00:00","REPORT_TYPE_SQ":"2020年中报","OPERATE_INCOME_SQ":1452719000,"DPS_HKD":null,"OPERATE_INCOME_QOQ_SQ":30.536232378372,"NET_PROFIT_RATIO_SQ":14.0777397418,"HOLDER_PROFIT_SQ":203872000,"HOLDER_PROFIT_QOQ_SQ":-27.103733267828,"ROE_AVG_SQ":0.56568759767,"PE_TTM_SQ":-26.081305331416,"PB_TTM_SQ":0.092008496255,"ROA_SQ":0.291253153723,"START_DATE":"2021-01-01 00:00:00","FISCAL_YEAR":"12-31","CURRENCY":"HKD","IS_CNY_CODE":0,"DPS_HKD_LY":null,"ORG_TYPE":"一般企业","PREMIUM_INCOME":null,"PREMIUM_INCOME_YOY":null,"NET_INTEREST_INCOME":null,"NET_INTEREST_INCOME_YOY":null,"FEE_COMMISSION_INCOME":null,"FEE_COMMISSION_INCOME_YOY":null,"ACCOUNTS_RECE_TDAYS":1.983366656688,"INVENTORY_TDAYS":0.083584935643,"CURRENT_ASSETS_TDAYS":0.15520292116,"TOTAL_ASSETS_TDAYS":0.011352785643,"PREMIUM_EXPENSE":null,"LOAN_DEPOSIT":null,"LOAN_EQUITY":null,"LOAN_ASSETS":null,"DEPOSIT_EQUITY":null,"DEPOSIT_ASSETS":null,"EQUITY_MULTIPLIER":1.878051397715,"EQUITY_RATIO":0.899950444252},{"SECUCODE":"00410.HK","SECURITY_CODE":"00410","SECURITY_NAME_ABBR":"SOHO中国","ORG_CODE":"10096599","STD_REPORT_DATE":"2020-12-31 00:00:00","REPORT_DATE":"2020-12-31 00:00:00","DATE_TYPE_CODE":"001","REPORT_TYPE":"2020年年报","PER_NETCASH_OPERATE":0.040203872269,"PER_OI":0.421507235457,"BPS":7.044697511083,"BASIC_EPS":0.1,"DILUTED_EPS":0.1,"OPERATE_INCOME":2191637000,"OPERATE_INCOME_YOY":18.6534393812,"GROSS_PROFIT":1390238000,"GROSS_PROFIT_YOY":-7.958139377837,"HOLDER_PROFIT":529565000,"HOLDER_PROFIT_YOY":-59.7651129476,"GROSS_PROFIT_RATIO":63.433771194774,"EPS_TTM":0.103010198012,"OPERATE_INCOME_QOQ":-9.103061104722,"NET_PROFIT_RATIO":24.7972634154,"ROE_AVG":1.478909577407,"GROSS_PROFIT_QOQ":-13.008725796006,"ROA":0.762788009515,"HOLDER_PROFIT_QOQ":-44.805284473253,"ROE_YEARLY":1.478909577407,"ROIC_YEARLY":0.790129858849,"TOTAL_ASSETS":70704235000,"TOTAL_LIABILITIES":33430584000,"TAX_EBT":66.284950003984,"OCF_SALES":9.53812150461,"TOTAL_PARENT_EQUITY":36355712000,"DEBT_ASSET_RATIO":46.8956661507,"OPERATE_PROFIT":2446035000,"PRETAX_PROFIT":1594027000,"NETCASH_OPERATE":209041000,"NETCASH_INVEST":-1579099000,"NETCASH_FINANCE":573535000,"END_CASH":396804000,"DIVI_RATIO":null,"DIVIDEND_RATE":null,"CURRENT_RATIO":0.863110774592,"COMMON_ACS":7500000000,"CURRENTDEBT_DEBT":18.785062205315,"ISSUED_COMMON_SHARES":5199524031,"HK_COMMON_SHARES":5199524031,"PER_SHARES":500,"TOTAL_MARKET_CAP":3535676341.08,"HKSK_MARKET_CAP":3535676341.08,"PE_TTM":-10.678054276465,"PB_TTM":0.089278108793,"REPORT_DATE_SQ":"2019-12-31 00:00:00","REPORT_TYPE_SQ":"2019年年报","OPERATE_INCOME_SQ":1847091000,"DPS_HKD":null,"OPERATE_INCOME_QOQ_SQ":4.881549876471,"NET_PROFIT_RATIO_SQ":71.4651308463,"HOLDER_PROFIT_SQ":1331193000,"HOLDER_PROFIT_QOQ_SQ":-4.657428874082,"ROE_AVG_SQ":3.75951122934,"PE_TTM_SQ":-26.081305331416,"PB_TTM_SQ":0.092008496255,"ROA_SQ":1.904042708566,"START_DATE":"2020-01-01 00:00:00","FISCAL_YEAR":"12-31","CURRENCY":"HKD","IS_CNY_CODE":0,"DPS_HKD_LY":null,"ORG_TYPE":"一般企业","PREMIUM_INCOME":null,"PREMIUM_INCOME_YOY":null,"NET_INTEREST_INCOME":null,"NET_INTEREST_INCOME_YOY":null,"FEE_COMMISSION_INCOME":null,"FEE_COMMISSION_INCOME_YOY":null,"ACCOUNTS_RECE_TDAYS":5.00431442438,"INVENTORY_TDAYS":0.403665635087,"CURRENT_ASSETS_TDAYS":0.414817886647,"TOTAL_ASSETS_TDAYS":0.031212508211,"PREMIUM_EXPENSE":null,"LOAN_DEPOSIT":null,"LOAN_EQUITY":null,"LOAN_ASSETS":null,"DEPOSIT_EQUITY":null,"DEPOSIT_ASSETS":null,"EQUITY_MULTIPLIER":1.883085480062,"EQUITY_RATIO":0.919541446472},{"SECUCODE":"00410.HK","SECURITY_CODE":"00410","SECURITY_NAME_ABBR":"SOHO中国","ORG_CODE":"10096599","STD_REPORT_DATE":"2020-06-30 00:00:00","REPORT_DATE":"2020-06-30 00:00:00","DATE_TYPE_CODE":"002","REPORT_TYPE":"2020年中报","PER_NETCASH_OPERATE":0.082177521914,"PER_OI":0.279394612149,"BPS":6.976821105878,"BASIC_EPS":0.04,"DILUTED_EPS":0.04,"OPERATE_INCOME":1452719000,"OPERATE_INCOME_YOY":63.4680151729,"GROSS_PROFIT":799151000,"GROSS_PROFIT_YOY":12.32597331954,"HOLDER_PROFIT":203872000,"HOLDER_PROFIT_YOY":-63.8956922123,"GROSS_PROFIT_RATIO":55.010707507784,"EPS_TTM":0.186630544299,"OPERATE_INCOME_QOQ":30.536232378372,"NET_PROFIT_RATIO":14.0777397418,"ROE_AVG":0.56568759767,"GROSS_PROFIT_QOQ":5.805854051896,"ROA":0.291253153723,"HOLDER_PROFIT_QOQ":-27.103733267828,"ROE_YEARLY":1.13137519534,"ROIC_YEARLY":0.61824919562,"TOTAL_ASSETS":70267408000,"TOTAL_LIABILITIES":32945016000,"TAX_EBT":39.435668721903,"OCF_SALES":29.41270816999,"TOTAL_PARENT_EQUITY":36276149000,"DEBT_ASSET_RATIO":46.8852017425,"OPERATE_PROFIT":769095000,"PRETAX_PROFIT":337674000,"NETCASH_OPERATE":427284000,"NETCASH_INVEST":-1937869000,"NETCASH_FINANCE":1041793000,"END_CASH":746422000,"DIVI_RATIO":null,"DIVIDEND_RATE":null,"CURRENT_RATIO":1.07044897584,"COMMON_ACS":7500000000,"CURRENTDEBT_DEBT":17.237651364322,"ISSUED_COMMON_SHARES":5199524031,"HK_COMMON_SHARES":5199524031,"PER_SHARES":500,"TOTAL_MARKET_CAP":3535676341.08,"HKSK_MARKET_CAP":3535676341.08,"PE_TTM":-10.678054276465,"PB_TTM":0.089278108793,"REPORT_DATE_SQ":"2019-06-30 00:00:00","REPORT_TYPE_SQ":"2019年中报","OPERATE_INCOME_SQ":888687000,"DPS_HKD":null,"OPERATE_INCOME_QOQ_SQ":2.339586020943,"NET_PROFIT_RATIO_SQ":63.8581412803,"HOLDER_PROFIT_SQ":564675000,"HOLDER_PROFIT_QOQ_SQ":-27.467757872087,"ROE_AVG_SQ":1.615372481565,"PE_TTM_SQ":-26.081305331416,"PB_TTM_SQ":0.092008496255,"ROA_SQ":0.812497241405,"START_DATE":"2020-01-01 00:00:00","FISCAL_YEAR":"12-31","CURRENCY":"HKD","IS_CNY_CODE":0,"DPS_HKD_LY":null,"ORG_TYPE":"一般企业","PREMIUM_INCOME":null,"PREMIUM_INCOME_YOY":null,"NET_INTEREST_INCOME":null,"NET_INTEREST_INCOME_YOY":null,"FEE_COMMISSION_INCOME":null,"FEE_COMMISSION_INCOME_YOY":null,"ACCOUNTS_RECE_TDAYS":3.058033891169,"INVENTORY_TDAYS":0.325810884341,"CURRENT_ASSETS_TDAYS":0.253497431817,"TOTAL_ASSETS_TDAYS":0.020753658679,"PREMIUM_EXPENSE":null,"LOAN_DEPOSIT":null,"LOAN_EQUITY":null,"LOAN_ASSETS":null,"DEPOSIT_EQUITY":null,"DEPOSIT_ASSETS":null,"EQUITY_MULTIPLIER":1.88271448411,"EQUITY_RATIO":0.908172915488}],"count":40},"success":true,"message":"ok","code":0}