{"version":"74064125339dba20721deb17ef158abb","result":{"pages":8,"data":[{"SECUCODE":"00422.HK","SECURITY_CODE":"00422","SECURITY_NAME_ABBR":"越南制造加工出口","ORG_CODE":"10106506","STD_REPORT_DATE":"2024-09-30 00:00:00","REPORT_DATE":"2024-09-30 00:00:00","DATE_TYPE_CODE":"004","REPORT_TYPE":"2024年三季报","PER_NETCASH_OPERATE":0.119854031353,"PER_OI":0.472141084236,"BPS":0.372995306417,"BASIC_EPS":null,"DILUTED_EPS":null,"OPERATE_INCOME":428553019.3392,"OPERATE_INCOME_YOY":-31.4515882986,"GROSS_PROFIT":34265737.5264,"GROSS_PROFIT_YOY":-63.281409103367,"HOLDER_PROFIT":-13337716.9824,"HOLDER_PROFIT_YOY":-154.0078967044,"GROSS_PROFIT_RATIO":7.995682209691,"EPS_TTM":-0.029413811538,"OPERATE_INCOME_QOQ":-1.514401178253,"NET_PROFIT_RATIO":-3.1122676496,"ROE_AVG":-3.827885680283,"GROSS_PROFIT_QOQ":-26.364115973433,"ROA":-1.825866576182,"HOLDER_PROFIT_QOQ":1.036322403005,"ROE_YEARLY":-5.103847573711,"ROIC_YEARLY":-3.927643532533,"TOTAL_ASSETS":717452361.6966,"TOTAL_LIABILITIES":378861766.0596,"TAX_EBT":-0.016131837574,"OCF_SALES":25.385215427101,"TOTAL_PARENT_EQUITY":338560379.7282,"DEBT_ASSET_RATIO":52.8065396793,"OPERATE_PROFIT":-17497337.652,"PRETAX_PROFIT":-13335565.7106,"NETCASH_OPERATE":108789107.1786,"NETCASH_INVEST":-12614188.9176,"NETCASH_FINANCE":-87159828.087,"END_CASH":121436770.446,"DIVI_RATIO":null,"DIVIDEND_RATE":null,"CURRENT_RATIO":1.814077916964,"COMMON_ACS":10000000000,"CURRENTDEBT_DEBT":96.025570916588,"ISSUED_COMMON_SHARES":907680000,"HK_COMMON_SHARES":907680000,"PER_SHARES":1000,"TOTAL_MARKET_CAP":417532800,"HKSK_MARKET_CAP":417532800,"PE_TTM":-14.305773785749,"PB_TTM":1.112141072032,"REPORT_DATE_SQ":"2023-09-30 00:00:00","REPORT_TYPE_SQ":"2023年三季报","OPERATE_INCOME_SQ":640564108.0516,"DPS_HKD":null,"OPERATE_INCOME_QOQ_SQ":-6.407415278948,"NET_PROFIT_RATIO_SQ":3.9501771972,"HOLDER_PROFIT_SQ":25303446.049,"HOLDER_PROFIT_QOQ_SQ":57.567520359302,"ROE_AVG_SQ":6.804652156976,"PE_TTM_SQ":22.339868844728,"PB_TTM_SQ":1.672814097158,"ROA_SQ":2.938206109516,"START_DATE":"2024-01-01 00:00:00","FISCAL_YEAR":"12-31","CURRENCY":"HKD","IS_CNY_CODE":0,"DPS_HKD_LY":null,"ORG_TYPE":"一般企业","PREMIUM_INCOME":null,"PREMIUM_INCOME_YOY":null,"NET_INTEREST_INCOME":null,"NET_INTEREST_INCOME_YOY":null,"FEE_COMMISSION_INCOME":null,"FEE_COMMISSION_INCOME_YOY":null,"ACCOUNTS_RECE_TDAYS":3.159768625764,"INVENTORY_TDAYS":2.709996540698,"CURRENT_ASSETS_TDAYS":0.637734709614,"TOTAL_ASSETS_TDAYS":0.586667594736,"PREMIUM_EXPENSE":null,"LOAN_DEPOSIT":null,"LOAN_EQUITY":null,"LOAN_ASSETS":null,"DEPOSIT_EQUITY":null,"DEPOSIT_ASSETS":null,"EQUITY_MULTIPLIER":2.118937651964,"EQUITY_RATIO":1.119037515151},{"SECUCODE":"00422.HK","SECURITY_CODE":"00422","SECURITY_NAME_ABBR":"越南制造加工出口","ORG_CODE":"10106506","STD_REPORT_DATE":"2024-06-30 00:00:00","REPORT_DATE":"2024-06-30 00:00:00","DATE_TYPE_CODE":"002","REPORT_TYPE":"2024年中报","PER_NETCASH_OPERATE":0.052472965103,"PER_OI":0.257927024755,"BPS":0.364273385923,"BASIC_EPS":-0.01924236,"DILUTED_EPS":-0.01924236,"OPERATE_INCOME":234115201.83,"OPERATE_INCOME_YOY":-45.7984627574,"GROSS_PROFIT":20188984.3368,"GROSS_PROFIT_YOY":-66.960250090554,"HOLDER_PROFIT":-17235118.1604,"HOLDER_PROFIT_YOY":-180.5811995316,"GROSS_PROFIT_RATIO":8.62352558868,"EPS_TTM":-0.029721825474,"OPERATE_INCOME_QOQ":-14.110819026654,"NET_PROFIT_RATIO":-7.3618107776,"ROE_AVG":-4.959319368995,"GROSS_PROFIT_QOQ":-22.598257618914,"ROA":-2.348825658315,"HOLDER_PROFIT_QOQ":-161.932067977617,"ROE_YEARLY":-9.918638737989,"ROIC_YEARLY":-9.782264243189,"TOTAL_ASSETS":711361442.2248,"TOTAL_LIABILITIES":380687044.5288,"TAX_EBT":-0.011868989515,"OCF_SALES":20.344112895063,"TOTAL_PARENT_EQUITY":330643666.9344,"DEBT_ASSET_RATIO":53.5152767541,"OPERATE_PROFIT":-15040263.3108,"PRETAX_PROFIT":-17233072.7688,"NETCASH_OPERATE":47628660.9648,"NETCASH_INVEST":59762650.8696,"NETCASH_FINANCE":-65013021.444,"END_CASH":156591895.4412,"DIVI_RATIO":null,"DIVIDEND_RATE":null,"CURRENT_RATIO":1.790388302844,"COMMON_ACS":10000000000,"CURRENTDEBT_DEBT":96.087309809338,"ISSUED_COMMON_SHARES":907680000,"HK_COMMON_SHARES":907680000,"PER_SHARES":1000,"TOTAL_MARKET_CAP":471993600,"HKSK_MARKET_CAP":471993600,"PE_TTM":-16.171744279542,"PB_TTM":1.257202950992,"REPORT_DATE_SQ":"2023-06-30 00:00:00","REPORT_TYPE_SQ":"2023年中报","OPERATE_INCOME_SQ":437934718.1478,"DPS_HKD":null,"OPERATE_INCOME_QOQ_SQ":0.485872059745,"NET_PROFIT_RATIO_SQ":4.951796812,"HOLDER_PROFIT_SQ":21685622.9604,"HOLDER_PROFIT_QOQ_SQ":184.166486358393,"ROE_AVG_SQ":5.73343719401,"PE_TTM_SQ":20.870140631259,"PB_TTM_SQ":1.562760538135,"ROA_SQ":2.390930150674,"START_DATE":"2024-01-01 00:00:00","FISCAL_YEAR":"12-31","CURRENCY":"HKD","IS_CNY_CODE":0,"DPS_HKD_LY":null,"ORG_TYPE":"一般企业","PREMIUM_INCOME":null,"PREMIUM_INCOME_YOY":null,"NET_INTEREST_INCOME":null,"NET_INTEREST_INCOME_YOY":null,"FEE_COMMISSION_INCOME":null,"FEE_COMMISSION_INCOME_YOY":null,"ACCOUNTS_RECE_TDAYS":1.728654637852,"INVENTORY_TDAYS":1.350038627275,"CURRENT_ASSETS_TDAYS":0.346688189424,"TOTAL_ASSETS_TDAYS":0.319055423898,"PREMIUM_EXPENSE":null,"LOAN_DEPOSIT":null,"LOAN_EQUITY":null,"LOAN_ASSETS":null,"DEPOSIT_EQUITY":null,"DEPOSIT_ASSETS":null,"EQUITY_MULTIPLIER":2.151244387775,"EQUITY_RATIO":1.151351387003},{"SECUCODE":"00422.HK","SECURITY_CODE":"00422","SECURITY_NAME_ABBR":"越南制造加工出口","ORG_CODE":"10106506","STD_REPORT_DATE":"2024-03-31 00:00:00","REPORT_DATE":"2024-03-31 00:00:00","DATE_TYPE_CODE":"003","REPORT_TYPE":"2024年一季报","PER_NETCASH_OPERATE":0.02730533043,"PER_OI":0.087576350212,"BPS":0.377276281068,"BASIC_EPS":null,"DILUTED_EPS":null,"OPERATE_INCOME":79491301.56,"OPERATE_INCOME_YOY":-60.4052991745,"GROSS_PROFIT":2492870.82,"GROSS_PROFIT_YOY":-89.311413159318,"HOLDER_PROFIT":-11139824.025,"HOLDER_PROFIT_YOY":-197.1775047069,"GROSS_PROFIT_RATIO":3.136029692656,"EPS_TTM":-0.011347150314,"OPERATE_INCOME_QOQ":-15.435449502812,"NET_PROFIT_RATIO":-14.0138905847,"ROE_AVG":-3.159175094321,"GROSS_PROFIT_QOQ":-18.985586270142,"ROA":-1.552043001603,"HOLDER_PROFIT_QOQ":-186.240677057565,"ROE_YEARLY":-12.636700377284,"ROIC_YEARLY":-12.473804361369,"TOTAL_ASSETS":682688214.945,"TOTAL_LIABILITIES":340211486.505,"TAX_EBT":null,"OCF_SALES":31.178886039868,"TOTAL_PARENT_EQUITY":342446134.8,"DEBT_ASSET_RATIO":49.8340939623,"OPERATE_PROFIT":-11145053.04,"PRETAX_PROFIT":-11139824.025,"NETCASH_OPERATE":24784502.325,"NETCASH_INVEST":34727456.61,"NETCASH_FINANCE":-65362588.17,"END_CASH":105678187.395,"DIVI_RATIO":null,"DIVIDEND_RATE":null,"CURRENT_RATIO":1.921746582918,"COMMON_ACS":10000000000,"CURRENTDEBT_DEBT":95.501686215179,"ISSUED_COMMON_SHARES":907680000,"HK_COMMON_SHARES":907680000,"PER_SHARES":1000,"TOTAL_MARKET_CAP":471993600,"HKSK_MARKET_CAP":471993600,"PE_TTM":-16.171744279542,"PB_TTM":1.257202950992,"REPORT_DATE_SQ":"2023-03-31 00:00:00","REPORT_TYPE_SQ":"2023年一季报","OPERATE_INCOME_SQ":194443904.6044,"DPS_HKD":null,"OPERATE_INCOME_QOQ_SQ":1.715571014728,"NET_PROFIT_RATIO_SQ":5.7099061461,"HOLDER_PROFIT_SQ":11102591.9466,"HOLDER_PROFIT_QOQ_SQ":553.123045126074,"ROE_AVG_SQ":3.131960725664,"PE_TTM_SQ":20.870140631259,"PB_TTM_SQ":1.562760538135,"ROA_SQ":1.28714535654,"START_DATE":"2024-01-01 00:00:00","FISCAL_YEAR":"12-31","CURRENCY":"HKD","IS_CNY_CODE":0,"DPS_HKD_LY":null,"ORG_TYPE":"一般企业","PREMIUM_INCOME":null,"PREMIUM_INCOME_YOY":null,"NET_INTEREST_INCOME":null,"NET_INTEREST_INCOME_YOY":null,"FEE_COMMISSION_INCOME":null,"FEE_COMMISSION_INCOME_YOY":null,"ACCOUNTS_RECE_TDAYS":0.574965727518,"INVENTORY_TDAYS":0.482065784782,"CURRENT_ASSETS_TDAYS":0.120719630861,"TOTAL_ASSETS_TDAYS":0.110750329626,"PREMIUM_EXPENSE":null,"LOAN_DEPOSIT":null,"LOAN_EQUITY":null,"LOAN_ASSETS":null,"DEPOSIT_EQUITY":null,"DEPOSIT_ASSETS":null,"EQUITY_MULTIPLIER":1.99338570552,"EQUITY_RATIO":0.993474453154},{"SECUCODE":"00422.HK","SECURITY_CODE":"00422","SECURITY_NAME_ABBR":"越南制造加工出口","ORG_CODE":"10106506","STD_REPORT_DATE":"2023-12-31 00:00:00","REPORT_DATE":"2023-12-31 00:00:00","DATE_TYPE_CODE":"001","REPORT_TYPE":"2023年年报","PER_NETCASH_OPERATE":-0.026614535879,"PER_OI":0.820477663826,"BPS":0.398996539953,"BASIC_EPS":0.01345713,"DILUTED_EPS":0.01345713,"OPERATE_INCOME":744731165.9013,"OPERATE_INCOME_YOY":-20.8815531499,"GROSS_PROFIT":109714096.8918,"GROSS_PROFIT_YOY":16.192275036053,"HOLDER_PROFIT":11942834.5746,"HOLDER_PROFIT_YOY":941.6429576832,"GROSS_PROFIT_RATIO":14.7320404886,"EPS_TTM":0.013157538532,"OPERATE_INCOME_QOQ":-15.890213038971,"NET_PROFIT_RATIO":1.6036456223,"ROE_AVG":3.305893165432,"GROSS_PROFIT_QOQ":-11.079151551442,"ROA":1.446602668221,"HOLDER_PROFIT_QOQ":-57.81336804996,"ROE_YEARLY":3.305893165432,"ROIC_YEARLY":2.723212788954,"TOTAL_ASSETS":751511250.4611,"TOTAL_LIABILITIES":389319530.4744,"TAX_EBT":9.23995594946,"OCF_SALES":-3.243785547482,"TOTAL_PARENT_EQUITY":362161179.3843,"DEBT_ASSET_RATIO":51.8048838571,"OPERATE_PROFIT":13301431.0059,"PRETAX_PROFIT":13158707.5182,"NETCASH_OPERATE":-24157481.9271,"NETCASH_INVEST":69158500.0302,"NETCASH_FINANCE":5397506.1063,"END_CASH":119215765.5882,"DIVI_RATIO":null,"DIVIDEND_RATE":null,"CURRENT_RATIO":1.848822635877,"COMMON_ACS":10000000000,"CURRENTDEBT_DEBT":96.05209403811,"ISSUED_COMMON_SHARES":907680000,"HK_COMMON_SHARES":907680000,"PER_SHARES":1000,"TOTAL_MARKET_CAP":471993600,"HKSK_MARKET_CAP":471993600,"PE_TTM":-16.171744279542,"PB_TTM":1.257202950992,"REPORT_DATE_SQ":"2022-12-31 00:00:00","REPORT_TYPE_SQ":"2022年年报","OPERATE_INCOME_SQ":925590966.2312,"DPS_HKD":null,"OPERATE_INCOME_QOQ_SQ":11.982157767954,"NET_PROFIT_RATIO_SQ":-0.150750148,"HOLDER_PROFIT_SQ":-1395329.7516,"HOLDER_PROFIT_QOQ_SQ":91.722431159109,"ROE_AVG_SQ":-0.387269824286,"PE_TTM_SQ":20.870140631259,"PB_TTM_SQ":1.562760538135,"ROA_SQ":-0.166450430488,"START_DATE":"2023-01-01 00:00:00","FISCAL_YEAR":"12-31","CURRENCY":"HKD","IS_CNY_CODE":0,"DPS_HKD_LY":null,"ORG_TYPE":"一般企业","PREMIUM_INCOME":null,"PREMIUM_INCOME_YOY":null,"NET_INTEREST_INCOME":null,"NET_INTEREST_INCOME_YOY":null,"FEE_COMMISSION_INCOME":null,"FEE_COMMISSION_INCOME_YOY":null,"ACCOUNTS_RECE_TDAYS":3.652278777027,"INVENTORY_TDAYS":3.674123141163,"CURRENT_ASSETS_TDAYS":0.975118019669,"TOTAL_ASSETS_TDAYS":0.902072355579,"PREMIUM_EXPENSE":null,"LOAN_DEPOSIT":null,"LOAN_EQUITY":null,"LOAN_ASSETS":null,"DEPOSIT_EQUITY":null,"DEPOSIT_ASSETS":null,"EQUITY_MULTIPLIER":2.074899035485,"EQUITY_RATIO":1.074989680386},{"SECUCODE":"00422.HK","SECURITY_CODE":"00422","SECURITY_NAME_ABBR":"越南制造加工出口","ORG_CODE":"10106506","STD_REPORT_DATE":"2023-09-30 00:00:00","REPORT_DATE":"2023-09-30 00:00:00","DATE_TYPE_CODE":"004","REPORT_TYPE":"2023年三季报","PER_NETCASH_OPERATE":-0.025798633153,"PER_OI":0.705715789762,"BPS":0.416901555844,"BASIC_EPS":null,"DILUTED_EPS":null,"OPERATE_INCOME":640564108.0516,"OPERATE_INCOME_YOY":-6.9485784533,"GROSS_PROFIT":93319859.7486,"GROSS_PROFIT_YOY":44.99562026258,"HOLDER_PROFIT":25303446.049,"HOLDER_PROFIT_YOY":668.48874235,"GROSS_PROFIT_RATIO":14.568387234878,"EPS_TTM":0.031188881225,"OPERATE_INCOME_QOQ":-6.407415278948,"NET_PROFIT_RATIO":3.9501771972,"ROE_AVG":6.804652156976,"GROSS_PROFIT_QOQ":5.151433500117,"ROA":2.938206109516,"HOLDER_PROFIT_QOQ":57.567520359302,"ROE_YEARLY":9.072869542635,"ROIC_YEARLY":5.253110271367,"TOTAL_ASSETS":810395233.6678,"TOTAL_LIABILITIES":431951113.2404,"TAX_EBT":0.193933956539,"OCF_SALES":-3.655668971468,"TOTAL_PARENT_EQUITY":378413204.2086,"DEBT_ASSET_RATIO":53.3012899503,"OPERATE_PROFIT":21063264.3832,"PRETAX_PROFIT":25352584.6002,"NETCASH_OPERATE":-23416903.3404,"NETCASH_INVEST":35042076.5104,"NETCASH_FINANCE":-14329064.3106,"END_CASH":60766122.4232,"DIVI_RATIO":null,"DIVIDEND_RATE":null,"CURRENT_RATIO":1.801488383273,"COMMON_ACS":10000000000,"CURRENTDEBT_DEBT":96.256469075379,"ISSUED_COMMON_SHARES":907680000,"HK_COMMON_SHARES":907680000,"PER_SHARES":1000,"TOTAL_MARKET_CAP":471993600,"HKSK_MARKET_CAP":471993600,"PE_TTM":-16.171744279542,"PB_TTM":1.257202950992,"REPORT_DATE_SQ":"2022-09-30 00:00:00","REPORT_TYPE_SQ":"2022年三季报","OPERATE_INCOME_SQ":680727595.7346,"DPS_HKD":null,"OPERATE_INCOME_QOQ_SQ":32.624907087324,"NET_PROFIT_RATIO_SQ":-0.6465781379,"HOLDER_PROFIT_SQ":-4401407.4132,"HOLDER_PROFIT_QOQ_SQ":33.839994246523,"ROE_AVG_SQ":-1.210272799836,"PE_TTM_SQ":20.870140631259,"PB_TTM_SQ":1.562760538135,"ROA_SQ":-0.530710397465,"START_DATE":"2023-01-01 00:00:00","FISCAL_YEAR":"12-31","CURRENCY":"HKD","IS_CNY_CODE":0,"DPS_HKD_LY":null,"ORG_TYPE":"一般企业","PREMIUM_INCOME":null,"PREMIUM_INCOME_YOY":null,"NET_INTEREST_INCOME":null,"NET_INTEREST_INCOME_YOY":null,"FEE_COMMISSION_INCOME":null,"FEE_COMMISSION_INCOME_YOY":null,"ACCOUNTS_RECE_TDAYS":2.63391894672,"INVENTORY_TDAYS":3.115970500723,"CURRENT_ASSETS_TDAYS":0.802415623576,"TOTAL_ASSETS_TDAYS":0.743815436115,"PREMIUM_EXPENSE":null,"LOAN_DEPOSIT":null,"LOAN_EQUITY":null,"LOAN_ASSETS":null,"DEPOSIT_EQUITY":null,"DEPOSIT_ASSETS":null,"EQUITY_MULTIPLIER":2.141386772645,"EQUITY_RATIO":1.14148002352},{"SECUCODE":"00422.HK","SECURITY_CODE":"00422","SECURITY_NAME_ABBR":"越南制造加工出口","ORG_CODE":"10106506","STD_REPORT_DATE":"2023-06-30 00:00:00","REPORT_DATE":"2023-06-30 00:00:00","DATE_TYPE_CODE":"002","REPORT_TYPE":"2023年中报","PER_NETCASH_OPERATE":-0.025613673019,"PER_OI":0.482476994258,"BPS":0.428371356891,"BASIC_EPS":0.02384514,"DILUTED_EPS":0.02384514,"OPERATE_INCOME":437934718.1478,"OPERATE_INCOME_YOY":-2.5684454156,"GROSS_PROFIT":61105136.6676,"GROSS_PROFIT_YOY":60.0012883155,"HOLDER_PROFIT":21685622.9604,"HOLDER_PROFIT_YOY":766.8022216382,"GROSS_PROFIT_RATIO":13.953024077661,"EPS_TTM":0.019793978578,"OPERATE_INCOME_QOQ":0.485872059745,"NET_PROFIT_RATIO":4.951796812,"ROE_AVG":5.73343719401,"GROSS_PROFIT_QOQ":14.850188056083,"ROA":2.390930150674,"HOLDER_PROFIT_QOQ":184.166486358393,"ROE_YEARLY":11.466874388021,"ROIC_YEARLY":8.372214906325,"TOTAL_ASSETS":896169020.7516,"TOTAL_LIABILITIES":507313749.8796,"TAX_EBT":0.229086734811,"OCF_SALES":-5.308786392668,"TOTAL_PARENT_EQUITY":388824113.2224,"DEBT_ASSET_RATIO":56.6091594479,"OPERATE_PROFIT":13022524.6308,"PRETAX_PROFIT":21735430.3998,"NETCASH_OPERATE":-23249018.7258,"NETCASH_INVEST":20582423.9454,"NETCASH_FINANCE":-9343537.464,"END_CASH":63999264.6642,"DIVI_RATIO":null,"DIVIDEND_RATE":null,"CURRENT_RATIO":1.697126626408,"COMMON_ACS":10000000000,"CURRENTDEBT_DEBT":96.661713906469,"ISSUED_COMMON_SHARES":907680000,"HK_COMMON_SHARES":907680000,"PER_SHARES":1000,"TOTAL_MARKET_CAP":471993600,"HKSK_MARKET_CAP":471993600,"PE_TTM":-16.171744279542,"PB_TTM":1.257202950992,"REPORT_DATE_SQ":"2022-06-30 00:00:00","REPORT_TYPE_SQ":"2022年中报","OPERATE_INCOME_SQ":417481207.4718,"DPS_HKD":null,"OPERATE_INCOME_QOQ_SQ":7.811344717706,"NET_PROFIT_RATIO_SQ":0.5565954273,"HOLDER_PROFIT_SQ":2323694.7334,"HOLDER_PROFIT_QOQ_SQ":4.726356443537,"ROE_AVG_SQ":0.661342748442,"PE_TTM_SQ":20.870140631259,"PB_TTM_SQ":1.562760538135,"ROA_SQ":0.292045294295,"START_DATE":"2023-01-01 00:00:00","FISCAL_YEAR":"12-31","CURRENCY":"HKD","IS_CNY_CODE":0,"DPS_HKD_LY":null,"ORG_TYPE":"一般企业","PREMIUM_INCOME":null,"PREMIUM_INCOME_YOY":null,"NET_INTEREST_INCOME":null,"NET_INTEREST_INCOME_YOY":null,"FEE_COMMISSION_INCOME":null,"FEE_COMMISSION_INCOME_YOY":null,"ACCOUNTS_RECE_TDAYS":1.638607627115,"INVENTORY_TDAYS":2.021530636292,"CURRENT_ASSETS_TDAYS":0.519733199851,"TOTAL_ASSETS_TDAYS":0.482841246276,"PREMIUM_EXPENSE":null,"LOAN_DEPOSIT":null,"LOAN_EQUITY":null,"LOAN_ASSETS":null,"DEPOSIT_EQUITY":null,"DEPOSIT_ASSETS":null,"EQUITY_MULTIPLIER":2.304633851928,"EQUITY_RATIO":1.304738396174},{"SECUCODE":"00422.HK","SECURITY_CODE":"00422","SECURITY_NAME_ABBR":"越南制造加工出口","ORG_CODE":"10106506","STD_REPORT_DATE":"2023-03-31 00:00:00","REPORT_DATE":"2023-03-31 00:00:00","DATE_TYPE_CODE":"003","REPORT_TYPE":"2023年一季报","PER_NETCASH_OPERATE":-0.032567306543,"PER_OI":0.214220765693,"BPS":0.395916309917,"BASIC_EPS":null,"DILUTED_EPS":null,"OPERATE_INCOME":194443904.6044,"OPERATE_INCOME_YOY":0.5970050771,"GROSS_PROFIT":23322735.3359,"GROSS_PROFIT_YOY":49.696266291078,"HOLDER_PROFIT":11102591.9466,"HOLDER_PROFIT_YOY":203.0333380222,"GROSS_PROFIT_RATIO":11.994582902123,"EPS_TTM":0.00696562738,"OPERATE_INCOME_QOQ":1.715571014728,"NET_PROFIT_RATIO":5.7099061461,"ROE_AVG":3.131960725664,"GROSS_PROFIT_QOQ":8.199872497662,"ROA":1.28714535654,"HOLDER_PROFIT_QOQ":553.123045126074,"ROE_YEARLY":12.527842902656,"ROIC_YEARLY":8.9024432249,"TOTAL_ASSETS":852305987.2855,"TOTAL_LIABILITIES":492911081.5596,"TAX_EBT":null,"OCF_SALES":-15.202684220697,"TOTAL_PARENT_EQUITY":359365316.1857,"DEBT_ASSET_RATIO":57.8326433127,"OPERATE_PROFIT":2772717.2066,"PRETAX_PROFIT":11102564.4598,"NETCASH_OPERATE":-29560692.8034,"NETCASH_INVEST":7583532.5313,"NETCASH_FINANCE":-4849090.6937,"END_CASH":42859108.9982,"DIVI_RATIO":null,"DIVIDEND_RATE":null,"CURRENT_RATIO":1.659141638801,"COMMON_ACS":10000000000,"CURRENTDEBT_DEBT":96.699547478964,"ISSUED_COMMON_SHARES":907680000,"HK_COMMON_SHARES":907680000,"PER_SHARES":1000,"TOTAL_MARKET_CAP":471993600,"HKSK_MARKET_CAP":471993600,"PE_TTM":-16.171744279542,"PB_TTM":1.257202950992,"REPORT_DATE_SQ":"2022-03-31 00:00:00","REPORT_TYPE_SQ":"2022年一季报","OPERATE_INCOME_SQ":178564734.2728,"DPS_HKD":null,"OPERATE_INCOME_QOQ_SQ":-2.527587129346,"NET_PROFIT_RATIO_SQ":1.8954896979,"HOLDER_PROFIT_SQ":3384701.535,"HOLDER_PROFIT_QOQ_SQ":24.675480275608,"ROE_AVG_SQ":1.007251521412,"PE_TTM_SQ":20.870140631259,"PB_TTM_SQ":1.562760538135,"ROA_SQ":0.465248950924,"START_DATE":"2023-01-01 00:00:00","FISCAL_YEAR":"12-31","CURRENCY":"HKD","IS_CNY_CODE":0,"DPS_HKD_LY":null,"ORG_TYPE":"一般企业","PREMIUM_INCOME":null,"PREMIUM_INCOME_YOY":null,"NET_INTEREST_INCOME":null,"NET_INTEREST_INCOME_YOY":null,"FEE_COMMISSION_INCOME":null,"FEE_COMMISSION_INCOME_YOY":null,"ACCOUNTS_RECE_TDAYS":0.758473942386,"INVENTORY_TDAYS":0.945657415246,"CURRENT_ASSETS_TDAYS":0.242749620555,"TOTAL_ASSETS_TDAYS":0.225422649164,"PREMIUM_EXPENSE":null,"LOAN_DEPOSIT":null,"LOAN_EQUITY":null,"LOAN_ASSETS":null,"DEPOSIT_EQUITY":null,"DEPOSIT_ASSETS":null,"EQUITY_MULTIPLIER":2.371502694408,"EQUITY_RATIO":1.37161562165},{"SECUCODE":"00422.HK","SECURITY_CODE":"00422","SECURITY_NAME_ABBR":"越南制造加工出口","ORG_CODE":"10106506","STD_REPORT_DATE":"2022-12-31 00:00:00","REPORT_DATE":"2022-12-31 00:00:00","DATE_TYPE_CODE":"001","REPORT_TYPE":"2022年年报","PER_NETCASH_OPERATE":0.002486471463,"PER_OI":1.019732687986,"BPS":0.390388634062,"BASIC_EPS":-0.00139292,"DILUTED_EPS":-0.00139292,"OPERATE_INCOME":925590966.2312,"OPERATE_INCOME_YOY":42.8735379918,"GROSS_PROFIT":94424605.1278,"GROSS_PROFIT_YOY":152.747899193873,"HOLDER_PROFIT":-1395329.7516,"HOLDER_PROFIT_YOY":96.4021821152,"GROSS_PROFIT_RATIO":10.201547829737,"EPS_TTM":-0.001537248536,"OPERATE_INCOME_QOQ":11.982157767954,"NET_PROFIT_RATIO":-0.150750148,"ROE_AVG":-0.387269824286,"GROSS_PROFIT_QOQ":33.454766102753,"ROA":-0.166450430488,"HOLDER_PROFIT_QOQ":91.722431159109,"ROE_YEARLY":-0.387269824286,"ROIC_YEARLY":-0.29716749301,"TOTAL_ASSETS":884643847.1946,"TOTAL_LIABILITIES":530265874.403,"TAX_EBT":-358.804131266174,"OCF_SALES":0.243835614212,"TOTAL_PARENT_EQUITY":354347955.3656,"DEBT_ASSET_RATIO":59.941170233,"OPERATE_PROFIT":4523911.6468,"PRETAX_PROFIT":-304123.1882,"NETCASH_OPERATE":2256920.4176,"NETCASH_INVEST":-29885983.1042,"NETCASH_FINANCE":28500160.0316,"END_CASH":73259575.7454,"DIVI_RATIO":null,"DIVIDEND_RATE":null,"CURRENT_RATIO":1.600326787936,"COMMON_ACS":10000000000,"CURRENTDEBT_DEBT":96.884528550098,"ISSUED_COMMON_SHARES":907680000,"HK_COMMON_SHARES":907680000,"PER_SHARES":1000,"TOTAL_MARKET_CAP":471993600,"HKSK_MARKET_CAP":471993600,"PE_TTM":-16.171744279542,"PB_TTM":1.257202950992,"REPORT_DATE_SQ":"2021-12-31 00:00:00","REPORT_TYPE_SQ":"2021年年报","OPERATE_INCOME_SQ":593060505.0945,"DPS_HKD":null,"OPERATE_INCOME_QOQ_SQ":-3.042486156003,"NET_PROFIT_RATIO_SQ":-5.9864650065,"HOLDER_PROFIT_SQ":-35503353.2294,"HOLDER_PROFIT_QOQ_SQ":-20.139392640359,"ROE_AVG_SQ":-10.119583277668,"PE_TTM_SQ":20.870140631259,"PB_TTM_SQ":1.562760538135,"ROA_SQ":-5.041613732649,"START_DATE":"2022-01-01 00:00:00","FISCAL_YEAR":"12-31","CURRENCY":"HKD","IS_CNY_CODE":0,"DPS_HKD_LY":null,"ORG_TYPE":"一般企业","PREMIUM_INCOME":null,"PREMIUM_INCOME_YOY":null,"NET_INTEREST_INCOME":null,"NET_INTEREST_INCOME_YOY":null,"FEE_COMMISSION_INCOME":null,"FEE_COMMISSION_INCOME_YOY":null,"ACCOUNTS_RECE_TDAYS":4.24749574745,"INVENTORY_TDAYS":4.304935342505,"CURRENT_ASSETS_TDAYS":1.186940751724,"TOTAL_ASSETS_TDAYS":1.10414770851,"PREMIUM_EXPENSE":null,"LOAN_DEPOSIT":null,"LOAN_EQUITY":null,"LOAN_ASSETS":null,"DEPOSIT_EQUITY":null,"DEPOSIT_ASSETS":null,"EQUITY_MULTIPLIER":2.496328539342,"EQUITY_RATIO":1.496455295914},{"SECUCODE":"00422.HK","SECURITY_CODE":"00422","SECURITY_NAME_ABBR":"越南制造加工出口","ORG_CODE":"10106506","STD_REPORT_DATE":"2022-09-30 00:00:00","REPORT_DATE":"2022-09-30 00:00:00","DATE_TYPE_CODE":"004","REPORT_TYPE":"2022年三季报","PER_NETCASH_OPERATE":0.027734172572,"PER_OI":0.749964299902,"BPS":0.389984666089,"BASIC_EPS":null,"DILUTED_EPS":null,"OPERATE_INCOME":680727595.7346,"OPERATE_INCOME_YOY":39.0360212703,"GROSS_PROFIT":64360467.978,"GROSS_PROFIT_YOY":107.844665910112,"HOLDER_PROFIT":-4401407.4132,"HOLDER_PROFIT_YOY":82.555885497,"GROSS_PROFIT_RATIO":9.454658277596,"EPS_TTM":-0.018571256441,"OPERATE_INCOME_QOQ":32.624907087324,"NET_PROFIT_RATIO":-0.6465781379,"ROE_AVG":-1.210272799836,"GROSS_PROFIT_QOQ":74.521916347203,"ROA":-0.530710397465,"HOLDER_PROFIT_QOQ":33.839994246523,"ROE_YEARLY":-1.613697066447,"ROIC_YEARLY":-0.977356441855,"TOTAL_ASSETS":851384884.8516,"TOTAL_LIABILITIES":497373031.3974,"TAX_EBT":-0.625890709354,"OCF_SALES":3.698065704687,"TOTAL_PARENT_EQUITY":353981281.7154,"DEBT_ASSET_RATIO":58.4192931125,"OPERATE_PROFIT":-2085573.3498,"PRETAX_PROFIT":-4374058.9836,"NETCASH_OPERATE":25173753.7602,"NETCASH_INVEST":-12925476.9918,"NETCASH_FINANCE":22530086.4318,"END_CASH":95182006.1412,"DIVI_RATIO":null,"DIVIDEND_RATE":null,"CURRENT_RATIO":1.635995580468,"COMMON_ACS":10000000000,"CURRENTDEBT_DEBT":96.688661585586,"ISSUED_COMMON_SHARES":907680000,"HK_COMMON_SHARES":907680000,"PER_SHARES":1000,"TOTAL_MARKET_CAP":471993600,"HKSK_MARKET_CAP":471993600,"PE_TTM":-16.171744279542,"PB_TTM":1.257202950992,"REPORT_DATE_SQ":"2021-09-30 00:00:00","REPORT_TYPE_SQ":"2021年三季报","OPERATE_INCOME_SQ":447235920.8388,"DPS_HKD":null,"OPERATE_INCOME_QOQ_SQ":-17.277511380145,"NET_PROFIT_RATIO_SQ":-5.1534342409,"HOLDER_PROFIT_SQ":-23048002.5966,"HOLDER_PROFIT_QOQ_SQ":-17.152761432976,"ROE_AVG_SQ":-6.34286371856,"PE_TTM_SQ":20.870140631259,"PB_TTM_SQ":1.562760538135,"ROA_SQ":-3.352033262334,"START_DATE":"2022-01-01 00:00:00","FISCAL_YEAR":"12-31","CURRENCY":"HKD","IS_CNY_CODE":0,"DPS_HKD_LY":null,"ORG_TYPE":"一般企业","PREMIUM_INCOME":null,"PREMIUM_INCOME_YOY":null,"NET_INTEREST_INCOME":null,"NET_INTEREST_INCOME_YOY":null,"FEE_COMMISSION_INCOME":null,"FEE_COMMISSION_INCOME_YOY":null,"ACCOUNTS_RECE_TDAYS":3.45378609376,"INVENTORY_TDAYS":3.192241968134,"CURRENT_ASSETS_TDAYS":0.88490338216,"TOTAL_ASSETS_TDAYS":0.820803845184,"PREMIUM_EXPENSE":null,"LOAN_DEPOSIT":null,"LOAN_EQUITY":null,"LOAN_ASSETS":null,"DEPOSIT_EQUITY":null,"DEPOSIT_ASSETS":null,"EQUITY_MULTIPLIER":2.404961519066,"EQUITY_RATIO":1.405082859148}],"count":72},"success":true,"message":"ok","code":0}