{"version":"0f9ffdea480199fb99102fce3990ba57","result":{"pages":5,"data":[{"SECUCODE":"00423.HK","SECURITY_CODE":"00423","SECURITY_NAME_ABBR":"经济日报集团","ORG_CODE":"10008897","STD_REPORT_DATE":"2024-06-30 00:00:00","REPORT_DATE":"2024-09-30 00:00:00","DATE_TYPE_CODE":"002","REPORT_TYPE":"2024年中报","PER_NETCASH_OPERATE":-0.096775272081,"PER_OI":0.851777846525,"BPS":1.718760340477,"BASIC_EPS":-0.070429799,"DILUTED_EPS":-0.070429799,"OPERATE_INCOME":367627318.56,"OPERATE_INCOME_YOY":-15.615510564,"GROSS_PROFIT":139010026.71,"GROSS_PROFIT_YOY":-20.857986844011,"HOLDER_PROFIT":-30400242.69,"HOLDER_PROFIT_YOY":-66.3508512213,"GROSS_PROFIT_RATIO":37.812757565054,"EPS_TTM":0.113890069741,"OPERATE_INCOME_QOQ":0,"NET_PROFIT_RATIO":-8.2447800149,"ROE_AVG":-3.945596623578,"GROSS_PROFIT_QOQ":0,"ROA":-2.975544503637,"HOLDER_PROFIT_QOQ":0,"ROE_YEARLY":-7.891193247155,"ROIC_YEARLY":-10.841284096089,"TOTAL_ASSETS":989512524.04,"TOTAL_LIABILITIES":227793055.79,"TAX_EBT":-3.878724193349,"OCF_SALES":-11.361562463205,"TOTAL_PARENT_EQUITY":741816962.95,"DEBT_ASSET_RATIO":23.0207349837,"OPERATE_PROFIT":-36949041.67,"PRETAX_PROFIT":-29178317.24,"NETCASH_OPERATE":-41768207.43,"NETCASH_INVEST":19148608.86,"NETCASH_FINANCE":-31077486.98,"END_CASH":137834994.34,"DIVI_RATIO":0.79473302814,"DIVIDEND_RATE":12.987012987013,"CURRENT_RATIO":2.8942981864,"COMMON_ACS":2000000000,"CURRENTDEBT_DEBT":87.968772886885,"ISSUED_COMMON_SHARES":431600000,"HK_COMMON_SHARES":431600000,"PER_SHARES":2000,"TOTAL_MARKET_CAP":332332000,"HKSK_MARKET_CAP":332332000,"PE_TTM":8.150186384148,"PB_TTM":0.403999489427,"REPORT_DATE_SQ":"2023-06-30 00:00:00","REPORT_TYPE_SQ":"2023年中报","OPERATE_INCOME_SQ":443309805.89,"DPS_HKD":0.1,"OPERATE_INCOME_QOQ_SQ":0,"NET_PROFIT_RATIO_SQ":-4.102023792,"HOLDER_PROFIT_SQ":-18595771.95,"HOLDER_PROFIT_QOQ_SQ":0,"ROE_AVG_SQ":-2.396238384629,"PE_TTM_SQ":-14.683426443203,"PB_TTM_SQ":0.499903072303,"ROA_SQ":-1.747793373133,"START_DATE":"2024-04-01 00:00:00","FISCAL_YEAR":"3-31","CURRENCY":"HKD","IS_CNY_CODE":0,"DPS_HKD_LY":0.1,"ORG_TYPE":"一般企业","PREMIUM_INCOME":null,"PREMIUM_INCOME_YOY":null,"NET_INTEREST_INCOME":null,"NET_INTEREST_INCOME_YOY":null,"FEE_COMMISSION_INCOME":null,"FEE_COMMISSION_INCOME_YOY":null,"ACCOUNTS_RECE_TDAYS":3.118282613102,"INVENTORY_TDAYS":17.509755844873,"CURRENT_ASSETS_TDAYS":0.599466211795,"TOTAL_ASSETS_TDAYS":0.359829840269,"PREMIUM_EXPENSE":null,"LOAN_DEPOSIT":null,"LOAN_EQUITY":null,"LOAN_ASSETS":null,"DEPOSIT_EQUITY":null,"DEPOSIT_ASSETS":null,"EQUITY_MULTIPLIER":1.299051114334,"EQUITY_RATIO":0.307074476815},{"SECUCODE":"00423.HK","SECURITY_CODE":"00423","SECURITY_NAME_ABBR":"经济日报集团","ORG_CODE":"10008897","STD_REPORT_DATE":"2023-12-31 00:00:00","REPORT_DATE":"2024-03-31 00:00:00","DATE_TYPE_CODE":"001","REPORT_TYPE":"2023年年报","PER_NETCASH_OPERATE":-0.005444341057,"PER_OI":1.94058411886,"BPS":1.861380718953,"BASIC_EPS":0.11386268,"DILUTED_EPS":0.11386268,"OPERATE_INCOME":837556105.7,"OPERATE_INCOME_YOY":-9.6808945355,"GROSS_PROFIT":337224814.85,"GROSS_PROFIT_YOY":-8.889825203755,"HOLDER_PROFIT":49154954.1,"HOLDER_PROFIT_YOY":97.4725034598,"GROSS_PROFIT_RATIO":40.262952243439,"EPS_TTM":-0.060982353221,"OPERATE_INCOME_QOQ":0,"NET_PROFIT_RATIO":5.9500332289,"ROE_AVG":6.170748861378,"GROSS_PROFIT_QOQ":0,"ROA":4.58378648898,"HOLDER_PROFIT_QOQ":0,"ROE_YEARLY":6.170748861378,"ROIC_YEARLY":8.141441441441,"TOTAL_ASSETS":1059389797.25,"TOTAL_LIABILITIES":236100975.45,"TAX_EBT":35.542422963276,"OCF_SALES":-0.280551665018,"TOTAL_PARENT_EQUITY":803371918.3,"DEBT_ASSET_RATIO":22.2865064458,"OPERATE_PROFIT":66534424.15,"PRETAX_PROFIT":77314210.2,"NETCASH_OPERATE":-2349777.6,"NETCASH_INVEST":48425181.35,"NETCASH_FINANCE":-48768763.8,"END_CASH":192233020.95,"DIVI_RATIO":-1.484235934166,"DIVIDEND_RATE":12.820512820513,"CURRENT_RATIO":3.073666159354,"COMMON_ACS":2000000000,"CURRENTDEBT_DEBT":89.562239142371,"ISSUED_COMMON_SHARES":431600000,"HK_COMMON_SHARES":431600000,"PER_SHARES":2000,"TOTAL_MARKET_CAP":336648000,"HKSK_MARKET_CAP":336648000,"PE_TTM":8.256032960565,"PB_TTM":0.409246236043,"REPORT_DATE_SQ":"2022-12-31 00:00:00","REPORT_TYPE_SQ":"2022年年报","OPERATE_INCOME_SQ":895476148.02,"DPS_HKD":0.1,"OPERATE_INCOME_QOQ_SQ":0,"NET_PROFIT_RATIO_SQ":2.8034395584,"HOLDER_PROFIT_SQ":24037007.78,"HOLDER_PROFIT_QOQ_SQ":0,"ROE_AVG_SQ":3.126368099158,"PE_TTM_SQ":-14.374301675978,"PB_TTM_SQ":0.489378797097,"ROA_SQ":2.292419104105,"START_DATE":"2023-04-01 00:00:00","FISCAL_YEAR":"3-31","CURRENCY":"HKD","IS_CNY_CODE":0,"DPS_HKD_LY":0.1,"ORG_TYPE":"一般企业","PREMIUM_INCOME":null,"PREMIUM_INCOME_YOY":null,"NET_INTEREST_INCOME":null,"NET_INTEREST_INCOME_YOY":null,"FEE_COMMISSION_INCOME":null,"FEE_COMMISSION_INCOME_YOY":null,"ACCOUNTS_RECE_TDAYS":6.11313913288,"INVENTORY_TDAYS":30.866418724309,"CURRENT_ASSETS_TDAYS":1.314160135414,"TOTAL_ASSETS_TDAYS":0.781035895845,"PREMIUM_EXPENSE":null,"LOAN_DEPOSIT":null,"LOAN_EQUITY":null,"LOAN_ASSETS":null,"DEPOSIT_EQUITY":null,"DEPOSIT_ASSETS":null,"EQUITY_MULTIPLIER":1.286777822313,"EQUITY_RATIO":0.293887513457},{"SECUCODE":"00423.HK","SECURITY_CODE":"00423","SECURITY_NAME_ABBR":"经济日报集团","ORG_CODE":"10008897","STD_REPORT_DATE":"2023-06-30 00:00:00","REPORT_DATE":"2023-09-30 00:00:00","DATE_TYPE_CODE":"002","REPORT_TYPE":"2023年中报","PER_NETCASH_OPERATE":-0.048369051205,"PER_OI":1.027131153591,"BPS":1.74383505183,"BASIC_EPS":-0.04312861,"DILUTED_EPS":-0.04312861,"OPERATE_INCOME":443309805.89,"OPERATE_INCOME_YOY":-6.2352856691,"GROSS_PROFIT":175646311.19,"GROSS_PROFIT_YOY":-10.538647841557,"HOLDER_PROFIT":-18595771.95,"HOLDER_PROFIT_YOY":-157.7070934305,"GROSS_PROFIT_RATIO":39.621571383328,"EPS_TTM":0.05569278911,"OPERATE_INCOME_QOQ":0,"NET_PROFIT_RATIO":-4.102023792,"ROE_AVG":-2.396238384629,"GROSS_PROFIT_QOQ":0,"ROA":-1.747793373133,"HOLDER_PROFIT_QOQ":0,"ROE_YEARLY":-4.792476769258,"ROIC_YEARLY":-5.689427182912,"TOTAL_ASSETS":1029307406.26,"TOTAL_LIABILITIES":256784991.05,"TAX_EBT":-34.58064516129,"OCF_SALES":-4.709140700844,"TOTAL_PARENT_EQUITY":752639208.37,"DEBT_ASSET_RATIO":24.9473567846,"OPERATE_PROFIT":-18659088.42,"PRETAX_PROFIT":-13512101.75,"NETCASH_OPERATE":-20876082.5,"NETCASH_INVEST":45858559.25,"NETCASH_FINANCE":-33012656.88,"END_CASH":189244670.16,"DIVI_RATIO":1.625205012102,"DIVIDEND_RATE":12.820512820513,"CURRENT_RATIO":2.467334894689,"COMMON_ACS":2000000000,"CURRENTDEBT_DEBT":88.345274894134,"ISSUED_COMMON_SHARES":431600000,"HK_COMMON_SHARES":431600000,"PER_SHARES":2000,"TOTAL_MARKET_CAP":336648000,"HKSK_MARKET_CAP":336648000,"PE_TTM":8.256032960565,"PB_TTM":0.409246236043,"REPORT_DATE_SQ":"2022-06-30 00:00:00","REPORT_TYPE_SQ":"2022年中报","OPERATE_INCOME_SQ":465993716.76,"DPS_HKD":0.1,"OPERATE_INCOME_QOQ_SQ":0,"NET_PROFIT_RATIO_SQ":6.9640878134,"HOLDER_PROFIT_SQ":31761219.48,"HOLDER_PROFIT_QOQ_SQ":0,"ROE_AVG_SQ":3.953021218348,"PE_TTM_SQ":-14.374301675978,"PB_TTM_SQ":0.489378797097,"ROA_SQ":2.928925779751,"START_DATE":"2023-04-01 00:00:00","FISCAL_YEAR":"3-31","CURRENCY":"HKD","IS_CNY_CODE":0,"DPS_HKD_LY":0.1,"ORG_TYPE":"一般企业","PREMIUM_INCOME":null,"PREMIUM_INCOME_YOY":null,"NET_INTEREST_INCOME":null,"NET_INTEREST_INCOME_YOY":null,"FEE_COMMISSION_INCOME":null,"FEE_COMMISSION_INCOME_YOY":null,"ACCOUNTS_RECE_TDAYS":2.936617834782,"INVENTORY_TDAYS":14.90609908782,"CURRENT_ASSETS_TDAYS":0.743756586346,"TOTAL_ASSETS_TDAYS":0.416661348108,"PREMIUM_EXPENSE":null,"LOAN_DEPOSIT":null,"LOAN_EQUITY":null,"LOAN_ASSETS":null,"DEPOSIT_EQUITY":null,"DEPOSIT_ASSETS":null,"EQUITY_MULTIPLIER":1.33239811039,"EQUITY_RATIO":0.341179396707},{"SECUCODE":"00423.HK","SECURITY_CODE":"00423","SECURITY_NAME_ABBR":"经济日报集团","ORG_CODE":"10008897","STD_REPORT_DATE":"2022-12-31 00:00:00","REPORT_DATE":"2023-03-31 00:00:00","DATE_TYPE_CODE":"001","REPORT_TYPE":"2022年年报","PER_NETCASH_OPERATE":0.155825413948,"PER_OI":2.074782548703,"BPS":1.767050377247,"BASIC_EPS":0.055676076,"DILUTED_EPS":0.055676076,"OPERATE_INCOME":895476148.02,"OPERATE_INCOME_YOY":-1.9809408822,"GROSS_PROFIT":370128600.46,"GROSS_PROFIT_YOY":-1.175632510969,"HOLDER_PROFIT":24037007.78,"HOLDER_PROFIT_YOY":-16.8367810522,"GROSS_PROFIT_RATIO":41.333161277204,"EPS_TTM":0.090932189921,"OPERATE_INCOME_QOQ":0,"NET_PROFIT_RATIO":2.8034395584,"ROE_AVG":3.126368099158,"GROSS_PROFIT_QOQ":0,"ROA":2.292419104105,"HOLDER_PROFIT_QOQ":0,"ROE_YEARLY":3.126368099158,"ROIC_YEARLY":3.843144609898,"TOTAL_ASSETS":1048060111.02,"TOTAL_LIABILITIES":266824968,"TAX_EBT":28.616234784557,"OCF_SALES":7.51044556672,"TOTAL_PARENT_EQUITY":762658942.82,"DEBT_ASSET_RATIO":25.4589374402,"OPERATE_PROFIT":30225281.07,"PRETAX_PROFIT":35167845.93,"NETCASH_OPERATE":67254248.66,"NETCASH_INVEST":-149111211.53,"NETCASH_FINANCE":-46503530.02,"END_CASH":188658733.69,"DIVI_RATIO":0.995381284432,"DIVIDEND_RATE":12.820512820513,"CURRENT_RATIO":2.518951204623,"COMMON_ACS":2000000000,"CURRENTDEBT_DEBT":89.754265091864,"ISSUED_COMMON_SHARES":431600000,"HK_COMMON_SHARES":431600000,"PER_SHARES":2000,"TOTAL_MARKET_CAP":336648000,"HKSK_MARKET_CAP":336648000,"PE_TTM":8.256032960565,"PB_TTM":0.409246236043,"REPORT_DATE_SQ":"2021-12-31 00:00:00","REPORT_TYPE_SQ":"2021年年报","OPERATE_INCOME_SQ":846365980.95,"DPS_HKD":0.1,"OPERATE_INCOME_QOQ_SQ":0,"NET_PROFIT_RATIO_SQ":3.3009932014,"HOLDER_PROFIT_SQ":26777117.17,"HOLDER_PROFIT_QOQ_SQ":0,"ROE_AVG_SQ":3.716494201315,"PE_TTM_SQ":-14.374301675978,"PB_TTM_SQ":0.489378797097,"ROA_SQ":2.758582083629,"START_DATE":"2022-04-01 00:00:00","FISCAL_YEAR":"3-31","CURRENCY":"HKD","IS_CNY_CODE":0,"DPS_HKD_LY":0.095,"ORG_TYPE":"一般企业","PREMIUM_INCOME":null,"PREMIUM_INCOME_YOY":null,"NET_INTEREST_INCOME":null,"NET_INTEREST_INCOME_YOY":null,"FEE_COMMISSION_INCOME":null,"FEE_COMMISSION_INCOME_YOY":null,"ACCOUNTS_RECE_TDAYS":5.871168813279,"INVENTORY_TDAYS":27.296611325904,"CURRENT_ASSETS_TDAYS":1.477716630925,"TOTAL_ASSETS_TDAYS":0.854019205626,"PREMIUM_EXPENSE":null,"LOAN_DEPOSIT":null,"LOAN_EQUITY":null,"LOAN_ASSETS":null,"DEPOSIT_EQUITY":null,"DEPOSIT_ASSETS":null,"EQUITY_MULTIPLIER":1.341542454131,"EQUITY_RATIO":0.349861455782},{"SECUCODE":"00423.HK","SECURITY_CODE":"00423","SECURITY_NAME_ABBR":"经济日报集团","ORG_CODE":"10008897","STD_REPORT_DATE":"2022-06-30 00:00:00","REPORT_DATE":"2022-09-30 00:00:00","DATE_TYPE_CODE":"002","REPORT_TYPE":"2022年中报","PER_NETCASH_OPERATE":-0.001986582762,"PER_OI":1.079688871084,"BPS":1.867924257275,"BASIC_EPS":0.073621416,"DILUTED_EPS":0.073621416,"OPERATE_INCOME":465993716.76,"OPERATE_INCOME_YOY":-1.0056430524,"GROSS_PROFIT":196337644.08,"GROSS_PROFIT_YOY":2.008057698512,"HOLDER_PROFIT":31761219.48,"HOLDER_PROFIT_YOY":51.6409016323,"GROSS_PROFIT_RATIO":42.133109743435,"EPS_TTM":0.062041513369,"OPERATE_INCOME_QOQ":0,"NET_PROFIT_RATIO":6.9640878134,"ROE_AVG":3.953021218348,"GROSS_PROFIT_QOQ":0,"ROA":2.928925779751,"HOLDER_PROFIT_QOQ":0,"ROE_YEARLY":7.906042436696,"ROIC_YEARLY":9.438740712818,"TOTAL_ASSETS":1084982503.92,"TOTAL_LIABILITIES":259752454.68,"TAX_EBT":14.601580350343,"OCF_SALES":-0.183995854271,"TOTAL_PARENT_EQUITY":806196109.44,"DEBT_ASSET_RATIO":23.9407044576,"OPERATE_PROFIT":36579171.36,"PRETAX_PROFIT":38000951.04,"NETCASH_OPERATE":-857409.12,"NETCASH_INVEST":-121863341.16,"NETCASH_FINANCE":-30932752.44,"END_CASH":173515909.56,"DIVI_RATIO":1.458897358965,"DIVIDEND_RATE":12.820512820513,"CURRENT_RATIO":2.624038276035,"COMMON_ACS":2000000000,"CURRENTDEBT_DEBT":90.241193327228,"ISSUED_COMMON_SHARES":431600000,"HK_COMMON_SHARES":431600000,"PER_SHARES":2000,"TOTAL_MARKET_CAP":336648000,"HKSK_MARKET_CAP":336648000,"PE_TTM":8.256032960565,"PB_TTM":0.409246236043,"REPORT_DATE_SQ":"2021-06-30 00:00:00","REPORT_TYPE_SQ":"2021年中报","OPERATE_INCOME_SQ":433576906.78,"DPS_HKD":0.1,"OPERATE_INCOME_QOQ_SQ":0,"NET_PROFIT_RATIO_SQ":4.5901437758,"HOLDER_PROFIT_SQ":19292003.48,"HOLDER_PROFIT_QOQ_SQ":0,"ROE_AVG_SQ":2.60161176803,"PE_TTM_SQ":-14.374301675978,"PB_TTM_SQ":0.489378797097,"ROA_SQ":1.946668773779,"START_DATE":"2022-04-01 00:00:00","FISCAL_YEAR":"3-31","CURRENCY":"HKD","IS_CNY_CODE":0,"DPS_HKD_LY":0.095,"ORG_TYPE":"一般企业","PREMIUM_INCOME":null,"PREMIUM_INCOME_YOY":null,"NET_INTEREST_INCOME":null,"NET_INTEREST_INCOME_YOY":null,"FEE_COMMISSION_INCOME":null,"FEE_COMMISSION_INCOME_YOY":null,"ACCOUNTS_RECE_TDAYS":2.772649609445,"INVENTORY_TDAYS":12.048047198594,"CURRENT_ASSETS_TDAYS":0.74919352083,"TOTAL_ASSETS_TDAYS":0.429725631624,"PREMIUM_EXPENSE":null,"LOAN_DEPOSIT":null,"LOAN_EQUITY":null,"LOAN_ASSETS":null,"DEPOSIT_EQUITY":null,"DEPOSIT_ASSETS":null,"EQUITY_MULTIPLIER":1.314763689131,"EQUITY_RATIO":0.322195123046},{"SECUCODE":"00423.HK","SECURITY_CODE":"00423","SECURITY_NAME_ABBR":"经济日报集团","ORG_CODE":"10008897","STD_REPORT_DATE":"2021-12-31 00:00:00","REPORT_DATE":"2022-03-31 00:00:00","DATE_TYPE_CODE":"001","REPORT_TYPE":"2021年年报","PER_NETCASH_OPERATE":0.186464653197,"PER_OI":1.960996248726,"BPS":1.663624662674,"BASIC_EPS":0.062042265,"DILUTED_EPS":0.062042265,"OPERATE_INCOME":846365980.95,"OPERATE_INCOME_YOY":4.3660750627,"GROSS_PROFIT":374531717.09,"GROSS_PROFIT_YOY":6.613866767872,"HOLDER_PROFIT":26777117.17,"HOLDER_PROFIT_YOY":6.7958338724,"GROSS_PROFIT_RATIO":44.251745169343,"EPS_TTM":0.046755045505,"OPERATE_INCOME_QOQ":0,"NET_PROFIT_RATIO":3.3009932014,"ROE_AVG":3.716494201315,"GROSS_PROFIT_QOQ":0,"ROA":2.758582083629,"HOLDER_PROFIT_QOQ":0,"ROE_YEARLY":3.716494201315,"ROIC_YEARLY":4.635067570461,"TOTAL_ASSETS":971854369.26,"TOTAL_LIABILITIES":237385871.04,"TAX_EBT":34.351595998094,"OCF_SALES":9.508669550927,"TOTAL_PARENT_EQUITY":718020404.41,"DEBT_ASSET_RATIO":24.4260743738,"OPERATE_PROFIT":41652662.59,"PRETAX_PROFIT":42557749.75,"NETCASH_OPERATE":80478144.32,"NETCASH_INVEST":74902450.57,"NETCASH_FINANCE":-46359764.63,"END_CASH":294206042.65,"DIVI_RATIO":1.935880909155,"DIVIDEND_RATE":12.820512820513,"CURRENT_RATIO":2.559684158215,"COMMON_ACS":2000000000,"CURRENTDEBT_DEBT":92.808776101454,"ISSUED_COMMON_SHARES":431600000,"HK_COMMON_SHARES":431600000,"PER_SHARES":2000,"TOTAL_MARKET_CAP":336648000,"HKSK_MARKET_CAP":336648000,"PE_TTM":8.256032960565,"PB_TTM":0.409246236043,"REPORT_DATE_SQ":"2020-12-31 00:00:00","REPORT_TYPE_SQ":"2020年年报","OPERATE_INCOME_SQ":845126753.66,"DPS_HKD":0.1,"OPERATE_INCOME_QOQ_SQ":0,"NET_PROFIT_RATIO_SQ":3.2953076044,"HOLDER_PROFIT_SQ":26129584.88,"HOLDER_PROFIT_QOQ_SQ":0,"ROE_AVG_SQ":3.474769817292,"PE_TTM_SQ":-14.374301675978,"PB_TTM_SQ":0.489378797097,"ROA_SQ":2.566820056499,"START_DATE":"2021-04-01 00:00:00","FISCAL_YEAR":"3-31","CURRENCY":"HKD","IS_CNY_CODE":0,"DPS_HKD_LY":0.09,"ORG_TYPE":"一般企业","PREMIUM_INCOME":null,"PREMIUM_INCOME_YOY":null,"NET_INTEREST_INCOME":null,"NET_INTEREST_INCOME_YOY":null,"FEE_COMMISSION_INCOME":null,"FEE_COMMISSION_INCOME_YOY":null,"ACCOUNTS_RECE_TDAYS":5.837118118868,"INVENTORY_TDAYS":28.700409451926,"CURRENT_ASSETS_TDAYS":1.494229092362,"TOTAL_ASSETS_TDAYS":0.871927331243,"PREMIUM_EXPENSE":null,"LOAN_DEPOSIT":null,"LOAN_EQUITY":null,"LOAN_ASSETS":null,"DEPOSIT_EQUITY":null,"DEPOSIT_ASSETS":null,"EQUITY_MULTIPLIER":1.323207695927,"EQUITY_RATIO":0.330611594854},{"SECUCODE":"00423.HK","SECURITY_CODE":"00423","SECURITY_NAME_ABBR":"经济日报集团","ORG_CODE":"10008897","STD_REPORT_DATE":"2021-06-30 00:00:00","REPORT_DATE":"2021-09-30 00:00:00","DATE_TYPE_CODE":"002","REPORT_TYPE":"2021年中报","PER_NETCASH_OPERATE":0.056864644717,"PER_OI":1.004580414226,"BPS":1.715609477294,"BASIC_EPS":0.044735322,"DILUTED_EPS":0.044735322,"OPERATE_INCOME":433576906.78,"OPERATE_INCOME_YOY":11.2554482706,"GROSS_PROFIT":192472681.58,"GROSS_PROFIT_YOY":24.92018821673,"HOLDER_PROFIT":19292003.48,"HOLDER_PROFIT_YOY":-19.3831372276,"GROSS_PROFIT_RATIO":44.391820359949,"EPS_TTM":0.060541206858,"OPERATE_INCOME_QOQ":0,"NET_PROFIT_RATIO":4.5901437758,"ROE_AVG":2.60161176803,"GROSS_PROFIT_QOQ":0,"ROA":1.946668773779,"HOLDER_PROFIT_QOQ":0,"ROE_YEARLY":5.20322353606,"ROIC_YEARLY":6.543684135423,"TOTAL_ASSETS":986179760.24,"TOTAL_LIABILITIES":229177305.18,"TAX_EBT":22.701093638776,"OCF_SALES":5.660536868135,"TOTAL_PARENT_EQUITY":740457050.4,"DEBT_ASSET_RATIO":23.2388976554,"OPERATE_PROFIT":25345017.44,"PRETAX_PROFIT":25746552.36,"NETCASH_OPERATE":24542780.66,"NETCASH_INVEST":-2616641.46,"NETCASH_FINANCE":-29039638.54,"END_CASH":182869165.9,"DIVI_RATIO":1.495051134544,"DIVIDEND_RATE":12.820512820513,"CURRENT_RATIO":2.761927794228,"COMMON_ACS":2000000000,"CURRENTDEBT_DEBT":92.438468500889,"ISSUED_COMMON_SHARES":431600000,"HK_COMMON_SHARES":431600000,"PER_SHARES":2000,"TOTAL_MARKET_CAP":336648000,"HKSK_MARKET_CAP":336648000,"PE_TTM":8.256032960565,"PB_TTM":0.409246236043,"REPORT_DATE_SQ":"2020-06-30 00:00:00","REPORT_TYPE_SQ":"2020年中报","OPERATE_INCOME_SQ":411073124.48,"DPS_HKD":0.1,"OPERATE_INCOME_QOQ_SQ":0,"NET_PROFIT_RATIO_SQ":6.3508825183,"HOLDER_PROFIT_SQ":25242110.72,"HOLDER_PROFIT_QOQ_SQ":0,"ROE_AVG_SQ":3.221093305854,"PE_TTM_SQ":-14.374301675978,"PB_TTM_SQ":0.489378797097,"ROA_SQ":2.369392066916,"START_DATE":"2021-04-01 00:00:00","FISCAL_YEAR":"3-31","CURRENCY":"HKD","IS_CNY_CODE":0,"DPS_HKD_LY":0.09,"ORG_TYPE":"一般企业","PREMIUM_INCOME":null,"PREMIUM_INCOME_YOY":null,"NET_INTEREST_INCOME":null,"NET_INTEREST_INCOME_YOY":null,"FEE_COMMISSION_INCOME":null,"FEE_COMMISSION_INCOME_YOY":null,"ACCOUNTS_RECE_TDAYS":2.861502766866,"INVENTORY_TDAYS":14.144613053784,"CURRENT_ASSETS_TDAYS":0.741482671864,"TOTAL_ASSETS_TDAYS":0.437502837036,"PREMIUM_EXPENSE":null,"LOAN_DEPOSIT":null,"LOAN_EQUITY":null,"LOAN_ASSETS":null,"DEPOSIT_EQUITY":null,"DEPOSIT_ASSETS":null,"EQUITY_MULTIPLIER":1.302743146536,"EQUITY_RATIO":0.309507897934},{"SECUCODE":"00423.HK","SECURITY_CODE":"00423","SECURITY_NAME_ABBR":"经济日报集团","ORG_CODE":"10008897","STD_REPORT_DATE":"2020-12-31 00:00:00","REPORT_DATE":"2021-03-31 00:00:00","DATE_TYPE_CODE":"001","REPORT_TYPE":"2020年年报","PER_NETCASH_OPERATE":0.290993750741,"PER_OI":1.95812500848,"BPS":1.745662892447,"BASIC_EPS":0.060514888,"DILUTED_EPS":0.060514888,"OPERATE_INCOME":845126753.66,"OPERATE_INCOME_YOY":-11.6525287081,"GROSS_PROFIT":351297376.64,"GROSS_PROFIT_YOY":-13.370583098474,"HOLDER_PROFIT":26129584.88,"HOLDER_PROFIT_YOY":192.4051830133,"GROSS_PROFIT_RATIO":41.567418747381,"EPS_TTM":0.057793253962,"OPERATE_INCOME_QOQ":0,"NET_PROFIT_RATIO":3.2953076044,"ROE_AVG":3.474769817292,"GROSS_PROFIT_QOQ":0,"ROA":2.566820056499,"HOLDER_PROFIT_QOQ":0,"ROE_YEARLY":3.474769817292,"ROIC_YEARLY":4.070958668893,"TOTAL_ASSETS":1010361979.2,"TOTAL_LIABILITIES":240766426.6,"TAX_EBT":-19.595673635308,"OCF_SALES":14.860836232683,"TOTAL_PARENT_EQUITY":753428104.38,"DEBT_ASSET_RATIO":23.8297196012,"OPERATE_PROFIT":21789585.58,"PRETAX_PROFIT":23286399.36,"NETCASH_OPERATE":125592902.82,"NETCASH_INVEST":-79253373.78,"NETCASH_FINANCE":-40719082.04,"END_CASH":192630890.06,"DIVI_RATIO":1.566137806664,"DIVIDEND_RATE":12.820512820513,"CURRENT_RATIO":2.660649874266,"COMMON_ACS":2000000000,"CURRENTDEBT_DEBT":92.551339207358,"ISSUED_COMMON_SHARES":431600000,"HK_COMMON_SHARES":431600000,"PER_SHARES":2000,"TOTAL_MARKET_CAP":336648000,"HKSK_MARKET_CAP":336648000,"PE_TTM":8.256032960565,"PB_TTM":0.409246236043,"REPORT_DATE_SQ":"2019-12-31 00:00:00","REPORT_TYPE_SQ":"2019年年报","OPERATE_INCOME_SQ":1034146675.1,"DPS_HKD":0.1,"OPERATE_INCOME_QOQ_SQ":0,"NET_PROFIT_RATIO_SQ":1.1005254355,"HOLDER_PROFIT_SQ":9660550.1,"HOLDER_PROFIT_QOQ_SQ":0,"ROE_AVG_SQ":1.17578895628,"PE_TTM_SQ":-14.374301675978,"PB_TTM_SQ":0.489378797097,"ROA_SQ":0.853034837029,"START_DATE":"2020-04-01 00:00:00","FISCAL_YEAR":"3-31","CURRENCY":"HKD","IS_CNY_CODE":0,"DPS_HKD_LY":0.07,"ORG_TYPE":"一般企业","PREMIUM_INCOME":null,"PREMIUM_INCOME_YOY":null,"NET_INTEREST_INCOME":null,"NET_INTEREST_INCOME_YOY":null,"FEE_COMMISSION_INCOME":null,"FEE_COMMISSION_INCOME_YOY":null,"ACCOUNTS_RECE_TDAYS":5.804576616531,"INVENTORY_TDAYS":22.704060617836,"CURRENT_ASSETS_TDAYS":1.510679667388,"TOTAL_ASSETS_TDAYS":0.830203890165,"PREMIUM_EXPENSE":null,"LOAN_DEPOSIT":null,"LOAN_EQUITY":null,"LOAN_ASSETS":null,"DEPOSIT_EQUITY":null,"DEPOSIT_ASSETS":null,"EQUITY_MULTIPLIER":1.312847996311,"EQUITY_RATIO":0.319561249707},{"SECUCODE":"00423.HK","SECURITY_CODE":"00423","SECURITY_NAME_ABBR":"经济日报集团","ORG_CODE":"10008897","STD_REPORT_DATE":"2020-06-30 00:00:00","REPORT_DATE":"2020-09-30 00:00:00","DATE_TYPE_CODE":"002","REPORT_TYPE":"2020年中报","PER_NETCASH_OPERATE":0.075721395366,"PER_OI":0.952440047451,"BPS":1.823411186654,"BASIC_EPS":0.058522752,"DILUTED_EPS":0.058522752,"OPERATE_INCOME":411073124.48,"OPERATE_INCOME_YOY":-22.368624119,"GROSS_PROFIT":154076522.24,"GROSS_PROFIT_YOY":-26.587537381675,"HOLDER_PROFIT":25242110.72,"HOLDER_PROFIT_YOY":160.175708722,"GROSS_PROFIT_RATIO":37.481536268007,"EPS_TTM":0.022383109592,"OPERATE_INCOME_QOQ":0,"NET_PROFIT_RATIO":6.3508825183,"ROE_AVG":3.221093305854,"GROSS_PROFIT_QOQ":0,"ROA":2.369392066916,"HOLDER_PROFIT_QOQ":0,"ROE_YEARLY":6.442186611707,"ROIC_YEARLY":7.093697756025,"TOTAL_ASSETS":1064395293.44,"TOTAL_LIABILITIES":261525525.12,"TAX_EBT":8.488880675168,"OCF_SALES":7.950253201627,"TOTAL_PARENT_EQUITY":786984268.16,"DEBT_ASSET_RATIO":24.5703383632,"OPERATE_PROFIT":27616412.16,"PRETAX_PROFIT":28528523.52,"NETCASH_OPERATE":32681354.24,"NETCASH_INVEST":25939814.4,"NETCASH_FINANCE":-26978461.44,"END_CASH":225810829.44,"DIVI_RATIO":4.043772364474,"DIVIDEND_RATE":12.820512820513,"CURRENT_RATIO":2.458386406881,"COMMON_ACS":2000000000,"CURRENTDEBT_DEBT":85.465743344724,"ISSUED_COMMON_SHARES":431600000,"HK_COMMON_SHARES":431600000,"PER_SHARES":2000,"TOTAL_MARKET_CAP":336648000,"HKSK_MARKET_CAP":336648000,"PE_TTM":8.256032960565,"PB_TTM":0.409246236043,"REPORT_DATE_SQ":"2019-06-30 00:00:00","REPORT_TYPE_SQ":"2019年中报","OPERATE_INCOME_SQ":543553932.03,"DPS_HKD":0.1,"OPERATE_INCOME_QOQ_SQ":0,"NET_PROFIT_RATIO_SQ":1.9639796018,"HOLDER_PROFIT_SQ":9959092.41,"HOLDER_PROFIT_QOQ_SQ":0,"ROE_AVG_SQ":1.22462991298,"PE_TTM_SQ":-14.374301675978,"PB_TTM_SQ":0.489378797097,"ROA_SQ":0.879754296681,"START_DATE":"2020-04-01 00:00:00","FISCAL_YEAR":"3-31","CURRENCY":"HKD","IS_CNY_CODE":0,"DPS_HKD_LY":0.07,"ORG_TYPE":"一般企业","PREMIUM_INCOME":null,"PREMIUM_INCOME_YOY":null,"NET_INTEREST_INCOME":null,"NET_INTEREST_INCOME_YOY":null,"FEE_COMMISSION_INCOME":null,"FEE_COMMISSION_INCOME_YOY":null,"ACCOUNTS_RECE_TDAYS":2.808921366125,"INVENTORY_TDAYS":10.290343577925,"CURRENT_ASSETS_TDAYS":0.749894603203,"TOTAL_ASSETS_TDAYS":0.385860521281,"PREMIUM_EXPENSE":null,"LOAN_DEPOSIT":null,"LOAN_EQUITY":null,"LOAN_ASSETS":null,"DEPOSIT_EQUITY":null,"DEPOSIT_ASSETS":null,"EQUITY_MULTIPLIER":1.325738414173,"EQUITY_RATIO":0.332313536243}],"count":42},"success":true,"message":"ok","code":0}