{"version":"e426863c894e2ebf6ea75fe0b1e02f67","result":{"pages":5,"data":[{"SECUCODE":"00425.HK","SECURITY_CODE":"00425","SECURITY_NAME_ABBR":"敏实集团","ORG_CODE":"10010838","STD_REPORT_DATE":"2024-06-30 00:00:00","REPORT_DATE":"2024-06-30 00:00:00","DATE_TYPE_CODE":"002","REPORT_TYPE":"2024年中报","PER_NETCASH_OPERATE":1.489359323054,"PER_OI":9.544298703146,"BPS":16.798204242309,"BASIC_EPS":0.928,"DILUTED_EPS":0.928,"OPERATE_INCOME":11090414000,"OPERATE_INCOME_YOY":13.7781067086,"GROSS_PROFIT":3161637000,"GROSS_PROFIT_YOY":23.369738478414,"HOLDER_PROFIT":1068192000,"HOLDER_PROFIT_YOY":20.3867913896,"GROSS_PROFIT_RATIO":28.507835685845,"EPS_TTM":1.793575284574,"OPERATE_INCOME_QOQ":6.543701678364,"NET_PROFIT_RATIO":9.7080415573,"ROE_AVG":5.671943121273,"GROSS_PROFIT_QOQ":10.65288080326,"ROA":2.806428113674,"HOLDER_PROFIT_QOQ":9.50446897933,"ROE_YEARLY":11.343886242546,"ROIC_YEARLY":6.591299733887,"TOTAL_ASSETS":38577359000,"TOTAL_LIABILITIES":18419668000,"TAX_EBT":15.402850491045,"OCF_SALES":15.604701501675,"TOTAL_PARENT_EQUITY":19347325000,"DEBT_ASSET_RATIO":47.7473535708,"OPERATE_PROFIT":1556026000,"PRETAX_PROFIT":1272693000,"NETCASH_OPERATE":1730626000,"NETCASH_INVEST":31017000,"NETCASH_FINANCE":-437574000,"END_CASH":5503250000,"DIVI_RATIO":null,"DIVIDEND_RATE":null,"CURRENT_RATIO":1.262385391725,"COMMON_ACS":5000000000,"CURRENTDEBT_DEBT":77.436124255877,"ISSUED_COMMON_SHARES":1151749599,"HK_COMMON_SHARES":1151749599,"PER_SHARES":2000,"TOTAL_MARKET_CAP":18635308511.82,"HKSK_MARKET_CAP":18635308511.82,"PE_TTM":8.073553260106,"PB_TTM":0.879091728317,"REPORT_DATE_SQ":"2023-06-30 00:00:00","REPORT_TYPE_SQ":"2023年中报","OPERATE_INCOME_SQ":9747406000,"DPS_HKD":null,"OPERATE_INCOME_QOQ_SQ":14.418405961312,"NET_PROFIT_RATIO_SQ":9.207280378,"HOLDER_PROFIT_SQ":887300000,"HOLDER_PROFIT_QOQ_SQ":15.3073070218,"ROE_AVG_SQ":5.174050860809,"PE_TTM_SQ":7.443470035251,"PB_TTM_SQ":0.73968794148,"ROA_SQ":2.582510978364,"START_DATE":"2024-01-01 00:00:00","FISCAL_YEAR":"12-31","CURRENCY":"HKD","IS_CNY_CODE":0,"DPS_HKD_LY":null,"ORG_TYPE":"一般企业","PREMIUM_INCOME":null,"PREMIUM_INCOME_YOY":null,"NET_INTEREST_INCOME":null,"NET_INTEREST_INCOME_YOY":null,"FEE_COMMISSION_INCOME":null,"FEE_COMMISSION_INCOME_YOY":null,"ACCOUNTS_RECE_TDAYS":1.666770466471,"INVENTORY_TDAYS":1.945048444206,"CURRENT_ASSETS_TDAYS":0.624822634321,"TOTAL_ASSETS_TDAYS":0.291375049072,"PREMIUM_EXPENSE":null,"LOAN_DEPOSIT":null,"LOAN_EQUITY":null,"LOAN_ASSETS":null,"DEPOSIT_EQUITY":null,"DEPOSIT_ASSETS":null,"EQUITY_MULTIPLIER":1.913778666416,"EQUITY_RATIO":0.952052441358},{"SECUCODE":"00425.HK","SECURITY_CODE":"00425","SECURITY_NAME_ABBR":"敏实集团","ORG_CODE":"10010838","STD_REPORT_DATE":"2023-12-31 00:00:00","REPORT_DATE":"2023-12-31 00:00:00","DATE_TYPE_CODE":"001","REPORT_TYPE":"2023年年报","PER_NETCASH_OPERATE":2.896665698414,"PER_OI":17.662467347206,"BPS":15.904930217388,"BASIC_EPS":1.654,"DILUTED_EPS":1.654,"OPERATE_INCOME":20523674000,"OPERATE_INCOME_YOY":18.5901302484,"GROSS_PROFIT":5621991000,"GROSS_PROFIT_YOY":17.51277603371,"HOLDER_PROFIT":1903231000,"HOLDER_PROFIT_YOY":26.8326864741,"GROSS_PROFIT_RATIO":27.392712435405,"EPS_TTM":1.637901449404,"OPERATE_INCOME_QOQ":3.646025525385,"NET_PROFIT_RATIO":9.5694026323,"ROE_AVG":10.802688186325,"GROSS_PROFIT_QOQ":7.430260986013,"ROA":5.374756654457,"HOLDER_PROFIT_QOQ":9.995359140672,"ROE_YEARLY":10.802688186325,"ROIC_YEARLY":6.257191156739,"TOTAL_ASSETS":37547306000,"TOTAL_LIABILITIES":18407427000,"TAX_EBT":15.179693151513,"OCF_SALES":16.400119198931,"TOTAL_PARENT_EQUITY":18318497000,"DEBT_ASSET_RATIO":49.0246277589,"OPERATE_PROFIT":2815426000,"PRETAX_PROFIT":2315475000,"NETCASH_OPERATE":3365907000,"NETCASH_INVEST":-3500377000,"NETCASH_FINANCE":51863000,"END_CASH":4165305000,"DIVI_RATIO":null,"DIVIDEND_RATE":null,"CURRENT_RATIO":1.239137707649,"COMMON_ACS":5000000000,"CURRENTDEBT_DEBT":76.694005088272,"ISSUED_COMMON_SHARES":1151749599,"HK_COMMON_SHARES":1151749599,"PER_SHARES":2000,"TOTAL_MARKET_CAP":16193599361.94,"HKSK_MARKET_CAP":16193599361.94,"PE_TTM":7.015708209956,"PB_TTM":0.763907892469,"REPORT_DATE_SQ":"2022-12-31 00:00:00","REPORT_TYPE_SQ":"2022年年报","OPERATE_INCOME_SQ":17306393000,"DPS_HKD":null,"OPERATE_INCOME_QOQ_SQ":19.258221884165,"NET_PROFIT_RATIO_SQ":8.8427496128,"HOLDER_PROFIT_SQ":1500584000,"HOLDER_PROFIT_QOQ_SQ":19.758150759929,"ROE_AVG_SQ":9.110813991545,"PE_TTM_SQ":9.93703249706,"PB_TTM_SQ":0.987483401875,"ROA_SQ":4.769918587881,"START_DATE":"2023-01-01 00:00:00","FISCAL_YEAR":"12-31","CURRENCY":"HKD","IS_CNY_CODE":0,"DPS_HKD_LY":0.578,"ORG_TYPE":"一般企业","PREMIUM_INCOME":null,"PREMIUM_INCOME_YOY":null,"NET_INTEREST_INCOME":null,"NET_INTEREST_INCOME_YOY":null,"FEE_COMMISSION_INCOME":null,"FEE_COMMISSION_INCOME_YOY":null,"ACCOUNTS_RECE_TDAYS":3.121329387454,"INVENTORY_TDAYS":3.913598810821,"CURRENT_ASSETS_TDAYS":1.225736772132,"TOTAL_ASSETS_TDAYS":0.579592037989,"PREMIUM_EXPENSE":null,"LOAN_DEPOSIT":null,"LOAN_EQUITY":null,"LOAN_ASSETS":null,"DEPOSIT_EQUITY":null,"DEPOSIT_ASSETS":null,"EQUITY_MULTIPLIER":1.961731628501,"EQUITY_RATIO":1.004854655925},{"SECUCODE":"00425.HK","SECURITY_CODE":"00425","SECURITY_NAME_ABBR":"敏实集团","ORG_CODE":"10010838","STD_REPORT_DATE":"2023-06-30 00:00:00","REPORT_DATE":"2023-06-30 00:00:00","DATE_TYPE_CODE":"002","REPORT_TYPE":"2023年中报","PER_NETCASH_OPERATE":1.37468242243,"PER_OI":8.389644413695,"BPS":15.090369482299,"BASIC_EPS":0.771,"DILUTED_EPS":0.771,"OPERATE_INCOME":9747406000,"OPERATE_INCOME_YOY":34.4080473242,"GROSS_PROFIT":2562733000,"GROSS_PROFIT_YOY":21.242096916733,"HOLDER_PROFIT":887300000,"HOLDER_PROFIT_YOY":34.9298434765,"GROSS_PROFIT_RATIO":26.291435895868,"EPS_TTM":1.489263821068,"OPERATE_INCOME_QOQ":14.418405961312,"NET_PROFIT_RATIO":9.207280378,"ROE_AVG":5.174050860809,"GROSS_PROFIT_QOQ":9.385172255152,"ROA":2.582510978364,"HOLDER_PROFIT_QOQ":15.3073070218,"ROE_YEARLY":10.348101721618,"ROIC_YEARLY":6.028364361326,"TOTAL_ASSETS":35442270000,"TOTAL_LIABILITIES":17339498000,"TAX_EBT":15.030481137104,"OCF_SALES":16.385467066828,"TOTAL_PARENT_EQUITY":17380327000,"DEBT_ASSET_RATIO":48.9232151327,"OPERATE_PROFIT":1287118000,"PRETAX_PROFIT":1056227000,"NETCASH_OPERATE":1597158000,"NETCASH_INVEST":-1803766000,"NETCASH_FINANCE":80340000,"END_CASH":4117596000,"DIVI_RATIO":null,"DIVIDEND_RATE":null,"CURRENT_RATIO":1.18447096471,"COMMON_ACS":5000000000,"CURRENTDEBT_DEBT":80.105196817117,"ISSUED_COMMON_SHARES":1151749599,"HK_COMMON_SHARES":1151749599,"PER_SHARES":2000,"TOTAL_MARKET_CAP":16193599361.94,"HKSK_MARKET_CAP":16193599361.94,"PE_TTM":7.015708209956,"PB_TTM":0.763907892469,"REPORT_DATE_SQ":"2022-06-30 00:00:00","REPORT_TYPE_SQ":"2022年中报","OPERATE_INCOME_SQ":7252100000,"DPS_HKD":null,"OPERATE_INCOME_QOQ_SQ":4.256178970318,"NET_PROFIT_RATIO_SQ":9.3511258808,"HOLDER_PROFIT_SQ":657601000,"HOLDER_PROFIT_QOQ_SQ":-16.270889477964,"ROE_AVG_SQ":4.097925693117,"PE_TTM_SQ":9.93703249706,"PB_TTM_SQ":0.987483401875,"ROA_SQ":2.204599422363,"START_DATE":"2023-01-01 00:00:00","FISCAL_YEAR":"12-31","CURRENCY":"HKD","IS_CNY_CODE":0,"DPS_HKD_LY":0.578,"ORG_TYPE":"一般企业","PREMIUM_INCOME":null,"PREMIUM_INCOME_YOY":null,"NET_INTEREST_INCOME":null,"NET_INTEREST_INCOME_YOY":null,"FEE_COMMISSION_INCOME":null,"FEE_COMMISSION_INCOME_YOY":null,"ACCOUNTS_RECE_TDAYS":1.465967347001,"INVENTORY_TDAYS":2.01321891789,"CURRENT_ASSETS_TDAYS":0.600827297393,"TOTAL_ASSETS_TDAYS":0.283700924215,"PREMIUM_EXPENSE":null,"LOAN_DEPOSIT":null,"LOAN_EQUITY":null,"LOAN_ASSETS":null,"DEPOSIT_EQUITY":null,"DEPOSIT_ASSETS":null,"EQUITY_MULTIPLIER":1.957836623033,"EQUITY_RATIO":0.997650849722},{"SECUCODE":"00425.HK","SECURITY_CODE":"00425","SECURITY_NAME_ABBR":"敏实集团","ORG_CODE":"10010838","STD_REPORT_DATE":"2022-12-31 00:00:00","REPORT_DATE":"2022-12-31 00:00:00","DATE_TYPE_CODE":"001","REPORT_TYPE":"2022年年报","PER_NETCASH_OPERATE":1.596981261549,"PER_OI":14.895730545483,"BPS":14.688740516766,"BASIC_EPS":1.304,"DILUTED_EPS":1.304,"OPERATE_INCOME":17306393000,"OPERATE_INCOME_YOY":24.3340652444,"GROSS_PROFIT":4784153000,"GROSS_PROFIT_YOY":17.150287944436,"HOLDER_PROFIT":1500584000,"HOLDER_PROFIT_YOY":0.2724344089,"GROSS_PROFIT_RATIO":27.643848143284,"EPS_TTM":1.291562888053,"OPERATE_INCOME_QOQ":19.258221884165,"NET_PROFIT_RATIO":8.8427496128,"ROE_AVG":9.110813991545,"GROSS_PROFIT_QOQ":17.395008565096,"ROA":4.769918587881,"HOLDER_PROFIT_QOQ":19.758150759929,"ROE_YEARLY":9.110813991545,"ROIC_YEARLY":5.783379563093,"TOTAL_ASSETS":33273798000,"TOTAL_LIABILITIES":15575679000,"TAX_EBT":13.979671389924,"OCF_SALES":10.721067064639,"TOTAL_PARENT_EQUITY":16917751000,"DEBT_ASSET_RATIO":46.8106436181,"OPERATE_PROFIT":2031780000,"PRETAX_PROFIT":1779069000,"NETCASH_OPERATE":1855430000,"NETCASH_INVEST":-3036938000,"NETCASH_FINANCE":-124696000,"END_CASH":4220651000,"DIVI_RATIO":null,"DIVIDEND_RATE":null,"CURRENT_RATIO":1.20133875123,"COMMON_ACS":5000000000,"CURRENTDEBT_DEBT":85.478777522315,"ISSUED_COMMON_SHARES":1151749599,"HK_COMMON_SHARES":1151749599,"PER_SHARES":2000,"TOTAL_MARKET_CAP":16193599361.94,"HKSK_MARKET_CAP":16193599361.94,"PE_TTM":7.015708209956,"PB_TTM":0.763907892469,"REPORT_DATE_SQ":"2021-12-31 00:00:00","REPORT_TYPE_SQ":"2021年年报","OPERATE_INCOME_SQ":13919269000,"DPS_HKD":null,"OPERATE_INCOME_QOQ_SQ":-2.508206165349,"NET_PROFIT_RATIO_SQ":11.3472050867,"HOLDER_PROFIT_SQ":1496507000,"HOLDER_PROFIT_QOQ_SQ":-22.331880317439,"ROE_AVG_SQ":9.665180093788,"PE_TTM_SQ":9.93703249706,"PB_TTM_SQ":0.987483401875,"ROA_SQ":5.26470183097,"START_DATE":"2022-01-01 00:00:00","FISCAL_YEAR":"12-31","CURRENCY":"HKD","IS_CNY_CODE":0,"DPS_HKD_LY":0.63,"ORG_TYPE":"一般企业","PREMIUM_INCOME":null,"PREMIUM_INCOME_YOY":null,"NET_INTEREST_INCOME":null,"NET_INTEREST_INCOME_YOY":null,"FEE_COMMISSION_INCOME":null,"FEE_COMMISSION_INCOME_YOY":null,"ACCOUNTS_RECE_TDAYS":2.965894190966,"INVENTORY_TDAYS":3.798084221404,"CURRENT_ASSETS_TDAYS":1.11706953345,"TOTAL_ASSETS_TDAYS":0.550119724453,"PREMIUM_EXPENSE":null,"LOAN_DEPOSIT":null,"LOAN_EQUITY":null,"LOAN_ASSETS":null,"DEPOSIT_EQUITY":null,"DEPOSIT_ASSETS":null,"EQUITY_MULTIPLIER":1.880075391061,"EQUITY_RATIO":0.920670779467},{"SECUCODE":"00425.HK","SECURITY_CODE":"00425","SECURITY_NAME_ABBR":"敏实集团","ORG_CODE":"10010838","STD_REPORT_DATE":"2022-06-30 00:00:00","REPORT_DATE":"2022-06-30 00:00:00","DATE_TYPE_CODE":"002","REPORT_TYPE":"2022年中报","PER_NETCASH_OPERATE":0.307590797519,"PER_OI":6.241931954793,"BPS":13.953868978078,"BASIC_EPS":0.571,"DILUTED_EPS":0.571,"OPERATE_INCOME":7252100000,"OPERATE_INCOME_YOY":8.895769776,"GROSS_PROFIT":2113732000,"GROSS_PROFIT_YOY":-0.401131820313,"HOLDER_PROFIT":657601000,"HOLDER_PROFIT_YOY":-27.0220930955,"GROSS_PROFIT_RATIO":29.146481708746,"EPS_TTM":1.078475978343,"OPERATE_INCOME_QOQ":4.256178970318,"NET_PROFIT_RATIO":9.3511258808,"ROE_AVG":4.097925693117,"GROSS_PROFIT_QOQ":-0.208459136083,"ROA":2.204599422363,"HOLDER_PROFIT_QOQ":-16.270889477964,"ROE_YEARLY":8.195851386234,"ROIC_YEARLY":5.427108049876,"TOTAL_ASSETS":30012343000,"TOTAL_LIABILITIES":13369344000,"TAX_EBT":14.880929220257,"OCF_SALES":4.927814012493,"TOTAL_PARENT_EQUITY":16071363000,"DEBT_ASSET_RATIO":44.5461522281,"OPERATE_PROFIT":933728000,"PRETAX_PROFIT":796711000,"NETCASH_OPERATE":357370000,"NETCASH_INVEST":-577350000,"NETCASH_FINANCE":-679099000,"END_CASH":4593032000,"DIVI_RATIO":null,"DIVIDEND_RATE":null,"CURRENT_RATIO":1.400030188267,"COMMON_ACS":5000000000,"CURRENTDEBT_DEBT":75.520818373736,"ISSUED_COMMON_SHARES":1151749599,"HK_COMMON_SHARES":1151749599,"PER_SHARES":2000,"TOTAL_MARKET_CAP":16193599361.94,"HKSK_MARKET_CAP":16193599361.94,"PE_TTM":7.015708209956,"PB_TTM":0.763907892469,"REPORT_DATE_SQ":"2021-06-30 00:00:00","REPORT_TYPE_SQ":"2021年中报","OPERATE_INCOME_SQ":6659671000,"DPS_HKD":null,"OPERATE_INCOME_QOQ_SQ":14.522640748776,"NET_PROFIT_RATIO_SQ":14.2229248262,"HOLDER_PROFIT_SQ":901096000,"HOLDER_PROFIT_QOQ_SQ":38.071270052719,"ROE_AVG_SQ":5.950230076364,"PE_TTM_SQ":9.93703249706,"PB_TTM_SQ":0.987483401875,"ROA_SQ":3.252809310202,"START_DATE":"2022-01-01 00:00:00","FISCAL_YEAR":"12-31","CURRENCY":"HKD","IS_CNY_CODE":0,"DPS_HKD_LY":0.63,"ORG_TYPE":"一般企业","PREMIUM_INCOME":null,"PREMIUM_INCOME_YOY":null,"NET_INTEREST_INCOME":null,"NET_INTEREST_INCOME_YOY":null,"FEE_COMMISSION_INCOME":null,"FEE_COMMISSION_INCOME_YOY":null,"ACCOUNTS_RECE_TDAYS":1.362117082416,"INVENTORY_TDAYS":1.601267709327,"CURRENT_ASSETS_TDAYS":0.497973662418,"TOTAL_ASSETS_TDAYS":0.243125777955,"PREMIUM_EXPENSE":null,"LOAN_DEPOSIT":null,"LOAN_EQUITY":null,"LOAN_ASSETS":null,"DEPOSIT_EQUITY":null,"DEPOSIT_ASSETS":null,"EQUITY_MULTIPLIER":1.803301376152,"EQUITY_RATIO":0.831873687378},{"SECUCODE":"00425.HK","SECURITY_CODE":"00425","SECURITY_NAME_ABBR":"敏实集团","ORG_CODE":"10010838","STD_REPORT_DATE":"2021-12-31 00:00:00","REPORT_DATE":"2021-12-31 00:00:00","DATE_TYPE_CODE":"001","REPORT_TYPE":"2021年年报","PER_NETCASH_OPERATE":1.138108689585,"PER_OI":11.984900137364,"BPS":13.91185376918,"BASIC_EPS":1.299,"DILUTED_EPS":1.292,"OPERATE_INCOME":13919269000,"OPERATE_INCOME_YOY":11.6501768128,"GROSS_PROFIT":4083774000,"GROSS_PROFIT_YOY":5.828975161726,"HOLDER_PROFIT":1496507000,"HOLDER_PROFIT_YOY":7.2373592718,"GROSS_PROFIT_RATIO":29.338997615464,"EPS_TTM":1.288536556759,"OPERATE_INCOME_QOQ":-2.508206165349,"NET_PROFIT_RATIO":11.3472050867,"ROE_AVG":9.665180093788,"GROSS_PROFIT_QOQ":-12.988190113855,"ROA":5.26470183097,"HOLDER_PROFIT_QOQ":-22.331880317439,"ROE_YEARLY":9.665180093788,"ROIC_YEARLY":6.733624180442,"TOTAL_ASSETS":29644844000,"TOTAL_LIABILITIES":13089188000,"TAX_EBT":14.430722088707,"OCF_SALES":9.4961883415,"TOTAL_PARENT_EQUITY":16022972000,"DEBT_ASSET_RATIO":44.1533374235,"OPERATE_PROFIT":2086912000,"PRETAX_PROFIT":1845812000,"NETCASH_OPERATE":1321800000,"NETCASH_INVEST":-1949679000,"NETCASH_FINANCE":149235000,"END_CASH":5491959000,"DIVI_RATIO":null,"DIVIDEND_RATE":null,"CURRENT_RATIO":1.598606400635,"COMMON_ACS":5000000000,"CURRENTDEBT_DEBT":71.642671799045,"ISSUED_COMMON_SHARES":1151749599,"HK_COMMON_SHARES":1151749599,"PER_SHARES":2000,"TOTAL_MARKET_CAP":16193599361.94,"HKSK_MARKET_CAP":16193599361.94,"PE_TTM":7.015708209956,"PB_TTM":0.763907892469,"REPORT_DATE_SQ":"2020-12-31 00:00:00","REPORT_TYPE_SQ":"2020年年报","OPERATE_INCOME_SQ":12466858000,"DPS_HKD":null,"OPERATE_INCOME_QOQ_SQ":4.611439219575,"NET_PROFIT_RATIO_SQ":11.7350177567,"HOLDER_PROFIT_SQ":1395509000,"HOLDER_PROFIT_QOQ_SQ":19.684987371193,"ROE_AVG_SQ":9.535764335098,"PE_TTM_SQ":9.93703249706,"PB_TTM_SQ":0.987483401875,"ROA_SQ":5.48889818012,"START_DATE":"2021-01-01 00:00:00","FISCAL_YEAR":"12-31","CURRENCY":"HKD","IS_CNY_CODE":0,"DPS_HKD_LY":0.572,"ORG_TYPE":"一般企业","PREMIUM_INCOME":null,"PREMIUM_INCOME_YOY":null,"NET_INTEREST_INCOME":null,"NET_INTEREST_INCOME_YOY":null,"FEE_COMMISSION_INCOME":null,"FEE_COMMISSION_INCOME_YOY":null,"ACCOUNTS_RECE_TDAYS":2.856926260031,"INVENTORY_TDAYS":3.670648382645,"CURRENT_ASSETS_TDAYS":0.928865053144,"TOTAL_ASSETS_TDAYS":0.489678972367,"PREMIUM_EXPENSE":null,"LOAN_DEPOSIT":null,"LOAN_EQUITY":null,"LOAN_ASSETS":null,"DEPOSIT_EQUITY":null,"DEPOSIT_ASSETS":null,"EQUITY_MULTIPLIER":1.790617297193,"EQUITY_RATIO":0.816901383838},{"SECUCODE":"00425.HK","SECURITY_CODE":"00425","SECURITY_NAME_ABBR":"敏实集团","ORG_CODE":"10010838","STD_REPORT_DATE":"2021-06-30 00:00:00","REPORT_DATE":"2021-06-30 00:00:00","DATE_TYPE_CODE":"002","REPORT_TYPE":"2021年中报","PER_NETCASH_OPERATE":0.641484738748,"PER_OI":5.742085704432,"BPS":13.322137045519,"BASIC_EPS":0.783,"DILUTED_EPS":0.778,"OPERATE_INCOME":6659671000,"OPERATE_INCOME_YOY":37.3367601854,"GROSS_PROFIT":2122245000,"GROSS_PROFIT_YOY":64.80486622993,"HOLDER_PROFIT":901096000,"HOLDER_PROFIT_YOY":143.6659023061,"GROSS_PROFIT_RATIO":31.86711475687,"EPS_TTM":1.661318330747,"OPERATE_INCOME_QOQ":14.522640748776,"NET_PROFIT_RATIO":14.2229248262,"ROE_AVG":5.950230076364,"GROSS_PROFIT_QOQ":21.625989966423,"ROA":3.252809310202,"HOLDER_PROFIT_QOQ":38.071270052719,"ROE_YEARLY":11.900460152728,"ROIC_YEARLY":8.549911981344,"TOTAL_ASSETS":28198425000,"TOTAL_LIABILITIES":12437842000,"TAX_EBT":13.445547087742,"OCF_SALES":11.171632953039,"TOTAL_PARENT_EQUITY":15343766000,"DEBT_ASSET_RATIO":44.1082861897,"OPERATE_PROFIT":1217409000,"PRETAX_PROFIT":1094340000,"NETCASH_OPERATE":743994000,"NETCASH_INVEST":-216024000,"NETCASH_FINANCE":-79996000,"END_CASH":6453218000,"DIVI_RATIO":null,"DIVIDEND_RATE":null,"CURRENT_RATIO":1.725307604561,"COMMON_ACS":5000000000,"CURRENTDEBT_DEBT":68.530272373616,"ISSUED_COMMON_SHARES":1151749599,"HK_COMMON_SHARES":1151749599,"PER_SHARES":2000,"TOTAL_MARKET_CAP":16193599361.94,"HKSK_MARKET_CAP":16193599361.94,"PE_TTM":7.015708209956,"PB_TTM":0.763907892469,"REPORT_DATE_SQ":"2020-06-30 00:00:00","REPORT_TYPE_SQ":"2020年中报","OPERATE_INCOME_SQ":4849154000,"DPS_HKD":null,"OPERATE_INCOME_QOQ_SQ":-9.705043623788,"NET_PROFIT_RATIO_SQ":8.1208392227,"HOLDER_PROFIT_SQ":369808000,"HOLDER_PROFIT_QOQ_SQ":-31.019049872804,"ROE_AVG_SQ":2.607016854725,"PE_TTM_SQ":9.93703249706,"PB_TTM_SQ":0.987483401875,"ROA_SQ":1.538355205646,"START_DATE":"2021-01-01 00:00:00","FISCAL_YEAR":"12-31","CURRENCY":"HKD","IS_CNY_CODE":0,"DPS_HKD_LY":0.572,"ORG_TYPE":"一般企业","PREMIUM_INCOME":null,"PREMIUM_INCOME_YOY":null,"NET_INTEREST_INCOME":null,"NET_INTEREST_INCOME_YOY":null,"FEE_COMMISSION_INCOME":null,"FEE_COMMISSION_INCOME_YOY":null,"ACCOUNTS_RECE_TDAYS":1.515352806806,"INVENTORY_TDAYS":1.802615632975,"CURRENT_ASSETS_TDAYS":0.448679827446,"TOTAL_ASSETS_TDAYS":0.240403240406,"PREMIUM_EXPENSE":null,"LOAN_DEPOSIT":null,"LOAN_EQUITY":null,"LOAN_ASSETS":null,"DEPOSIT_EQUITY":null,"DEPOSIT_ASSETS":null,"EQUITY_MULTIPLIER":1.789173979159,"EQUITY_RATIO":0.810612075288},{"SECUCODE":"00425.HK","SECURITY_CODE":"00425","SECURITY_NAME_ABBR":"敏实集团","ORG_CODE":"10010838","STD_REPORT_DATE":"2020-12-31 00:00:00","REPORT_DATE":"2020-12-31 00:00:00","DATE_TYPE_CODE":"001","REPORT_TYPE":"2020年年报","PER_NETCASH_OPERATE":1.793850846221,"PER_OI":10.750484087731,"BPS":12.975045976118,"BASIC_EPS":1.213,"DILUTED_EPS":1.21,"OPERATE_INCOME":12466858000,"OPERATE_INCOME_YOY":-5.5411465922,"GROSS_PROFIT":3858843000,"GROSS_PROFIT_YOY":-6.371463947422,"HOLDER_PROFIT":1395509000,"HOLDER_PROFIT_YOY":-17.4401585517,"GROSS_PROFIT_RATIO":30.952811045093,"EPS_TTM":1.20338238382,"OPERATE_INCOME_QOQ":4.611439219575,"NET_PROFIT_RATIO":11.7350177567,"ROE_AVG":9.535764335098,"GROSS_PROFIT_QOQ":12.771521855011,"ROA":5.48889818012,"HOLDER_PROFIT_QOQ":19.684987371193,"ROE_YEARLY":9.535764335098,"ROIC_YEARLY":7.274854859632,"TOTAL_ASSETS":27205745000,"TOTAL_LIABILITIES":11892850000,"TAX_EBT":12.895345548725,"OCF_SALES":16.686233211287,"TOTAL_PARENT_EQUITY":14944004000,"DEBT_ASSET_RATIO":43.7144801585,"OPERATE_PROFIT":1913057000,"PRETAX_PROFIT":1679575000,"NETCASH_OPERATE":2080249000,"NETCASH_INVEST":-3411777000,"NETCASH_FINANCE":1671256000,"END_CASH":6008272000,"DIVI_RATIO":null,"DIVIDEND_RATE":null,"CURRENT_RATIO":1.555039584377,"COMMON_ACS":5000000000,"CURRENTDEBT_DEBT":80.99796936815,"ISSUED_COMMON_SHARES":1151749599,"HK_COMMON_SHARES":1151749599,"PER_SHARES":2000,"TOTAL_MARKET_CAP":16193599361.94,"HKSK_MARKET_CAP":16193599361.94,"PE_TTM":7.015708209956,"PB_TTM":0.763907892469,"REPORT_DATE_SQ":"2019-12-31 00:00:00","REPORT_TYPE_SQ":"2019年年报","OPERATE_INCOME_SQ":13198189000,"DPS_HKD":null,"OPERATE_INCOME_QOQ_SQ":3.999314455918,"NET_PROFIT_RATIO_SQ":13.3737363513,"HOLDER_PROFIT_SQ":1690300000,"HOLDER_PROFIT_QOQ_SQ":7.732068821563,"ROE_AVG_SQ":12.299639237021,"PE_TTM_SQ":9.93703249706,"PB_TTM_SQ":0.987483401875,"ROA_SQ":7.527371556791,"START_DATE":"2020-01-01 00:00:00","FISCAL_YEAR":"12-31","CURRENCY":"HKD","IS_CNY_CODE":0,"DPS_HKD_LY":0.656,"ORG_TYPE":"一般企业","PREMIUM_INCOME":null,"PREMIUM_INCOME_YOY":null,"NET_INTEREST_INCOME":null,"NET_INTEREST_INCOME_YOY":null,"FEE_COMMISSION_INCOME":null,"FEE_COMMISSION_INCOME_YOY":null,"ACCOUNTS_RECE_TDAYS":2.791974688973,"INVENTORY_TDAYS":3.862315945239,"CURRENT_ASSETS_TDAYS":0.904594061603,"TOTAL_ASSETS_TDAYS":0.49035380057,"PREMIUM_EXPENSE":null,"LOAN_DEPOSIT":null,"LOAN_EQUITY":null,"LOAN_ASSETS":null,"DEPOSIT_EQUITY":null,"DEPOSIT_ASSETS":null,"EQUITY_MULTIPLIER":1.776655883815,"EQUITY_RATIO":0.795827543943},{"SECUCODE":"00425.HK","SECURITY_CODE":"00425","SECURITY_NAME_ABBR":"敏实集团","ORG_CODE":"10010838","STD_REPORT_DATE":"2020-06-30 00:00:00","REPORT_DATE":"2020-06-30 00:00:00","DATE_TYPE_CODE":"002","REPORT_TYPE":"2020年中报","PER_NETCASH_OPERATE":0.493236593707,"PER_OI":4.21200779314,"BPS":12.194715771722,"BASIC_EPS":0.321,"DILUTED_EPS":0.32,"OPERATE_INCOME":4849154000,"OPERATE_INCOME_YOY":-20.8952823177,"GROSS_PROFIT":1287732000,"GROSS_PROFIT_YOY":-35.203464719548,"HOLDER_PROFIT":369808000,"HOLDER_PROFIT_YOY":-58.6401423518,"GROSS_PROFIT_RATIO":26.555807466622,"EPS_TTM":1.01278241662,"OPERATE_INCOME_QOQ":-9.705043623788,"NET_PROFIT_RATIO":8.1208392227,"ROE_AVG":2.607016854725,"GROSS_PROFIT_QOQ":-16.975017706194,"ROA":1.538355205646,"HOLDER_PROFIT_QOQ":-31.019049872804,"ROE_YEARLY":5.214033709451,"ROIC_YEARLY":4.186141387093,"TOTAL_ASSETS":24435688000,"TOTAL_LIABILITIES":10003891000,"TAX_EBT":14.594118629401,"OCF_SALES":11.710248839282,"TOTAL_PARENT_EQUITY":14045259000,"DEBT_ASSET_RATIO":40.9396739719,"OPERATE_PROFIT":579647000,"PRETAX_PROFIT":461083000,"NETCASH_OPERATE":567848000,"NETCASH_INVEST":-1164453000,"NETCASH_FINANCE":1167911000,"END_CASH":6249434000,"DIVI_RATIO":null,"DIVIDEND_RATE":null,"CURRENT_RATIO":1.451937172419,"COMMON_ACS":5000000000,"CURRENTDEBT_DEBT":88.312187727755,"ISSUED_COMMON_SHARES":1151749599,"HK_COMMON_SHARES":1151749599,"PER_SHARES":2000,"TOTAL_MARKET_CAP":16193599361.94,"HKSK_MARKET_CAP":16193599361.94,"PE_TTM":7.015708209956,"PB_TTM":0.763907892469,"REPORT_DATE_SQ":"2019-06-30 00:00:00","REPORT_TYPE_SQ":"2019年中报","OPERATE_INCOME_SQ":6130044000,"DPS_HKD":null,"OPERATE_INCOME_QOQ_SQ":1.094923828996,"NET_PROFIT_RATIO_SQ":15.2290097755,"HOLDER_PROFIT_SQ":894123000,"HOLDER_PROFIT_QOQ_SQ":-5.519030058363,"ROE_AVG_SQ":6.714199009191,"PE_TTM_SQ":9.93703249706,"PB_TTM_SQ":0.987483401875,"ROA_SQ":4.226692072178,"START_DATE":"2020-01-01 00:00:00","FISCAL_YEAR":"12-31","CURRENCY":"HKD","IS_CNY_CODE":0,"DPS_HKD_LY":0.656,"ORG_TYPE":"一般企业","PREMIUM_INCOME":null,"PREMIUM_INCOME_YOY":null,"NET_INTEREST_INCOME":null,"NET_INTEREST_INCOME_YOY":null,"FEE_COMMISSION_INCOME":null,"FEE_COMMISSION_INCOME_YOY":null,"ACCOUNTS_RECE_TDAYS":1.197356122131,"INVENTORY_TDAYS":1.715056080649,"CURRENT_ASSETS_TDAYS":0.381655611808,"TOTAL_ASSETS_TDAYS":0.201718764842,"PREMIUM_EXPENSE":null,"LOAN_DEPOSIT":null,"LOAN_EQUITY":null,"LOAN_ASSETS":null,"DEPOSIT_EQUITY":null,"DEPOSIT_ASSETS":null,"EQUITY_MULTIPLIER":1.693184015822,"EQUITY_RATIO":0.712261055492}],"count":43},"success":true,"message":"ok","code":0}