{"version":"8565328a8e7f9d26c8e678f3991b0485","result":{"pages":6,"data":[{"SECUCODE":"00420.HK","SECURITY_CODE":"00420","SECURITY_NAME_ABBR":"福田实业","ORG_CODE":"10008896","STD_REPORT_DATE":"2024-06-30 00:00:00","REPORT_DATE":"2024-06-30 00:00:00","DATE_TYPE_CODE":"002","REPORT_TYPE":"2024年中报","PER_NETCASH_OPERATE":-0.046594827497,"PER_OI":1.653490924706,"BPS":2.398319013289,"BASIC_EPS":-0.00730144,"DILUTED_EPS":-0.00730144,"OPERATE_INCOME":2025570960.88,"OPERATE_INCOME_YOY":1.1622855898,"GROSS_PROFIT":223436841.52,"GROSS_PROFIT_YOY":41.441565806621,"HOLDER_PROFIT":-9041008.08,"HOLDER_PROFIT_YOY":87.8613354247,"GROSS_PROFIT_RATIO":11.030807897391,"EPS_TTM":0.091694578248,"OPERATE_INCOME_QOQ":0.071311769879,"NET_PROFIT_RATIO":0.1911807246,"ROE_AVG":-0.305389966432,"GROSS_PROFIT_QOQ":22.435678413087,"ROA":-0.206361650981,"HOLDER_PROFIT_QOQ":143.507466776335,"ROE_YEARLY":-0.610779932864,"ROIC_YEARLY":-0.592020630479,"TOTAL_ASSETS":4289397035.76,"TOTAL_LIABILITIES":1156238697.48,"TAX_EBT":83.575271938993,"OCF_SALES":-2.817966932899,"TOTAL_PARENT_EQUITY":2938005449.96,"DEBT_ASSET_RATIO":26.9557396492,"OPERATE_PROFIT":30218834.8,"PRETAX_PROFIT":23577262.44,"NETCASH_OPERATE":-57079919.88,"NETCASH_INVEST":-24678867.2,"NETCASH_FINANCE":-158689496.96,"END_CASH":1017154479.6,"DIVI_RATIO":0.296490812427,"DIVIDEND_RATE":5,"CURRENT_RATIO":2.947457829906,"COMMON_ACS":null,"CURRENTDEBT_DEBT":86.42708237131,"ISSUED_COMMON_SHARES":1225026960,"HK_COMMON_SHARES":1225026960,"PER_SHARES":2000,"TOTAL_MARKET_CAP":735016176,"HKSK_MARKET_CAP":735016176,"PE_TTM":5.995042380346,"PB_TTM":0.228329924821,"REPORT_DATE_SQ":"2023-06-30 00:00:00","REPORT_TYPE_SQ":"2023年中报","OPERATE_INCOME_SQ":2022701496.66,"DPS_HKD":0.03,"OPERATE_INCOME_QOQ_SQ":-18.209410078421,"NET_PROFIT_RATIO_SQ":-3.3970609887,"HOLDER_PROFIT_SQ":-75240021.86,"HOLDER_PROFIT_QOQ_SQ":-131.183433558773,"ROE_AVG_SQ":-2.569145322447,"PE_TTM_SQ":-1.740446429827,"PB_TTM_SQ":0.148640549974,"ROA_SQ":-1.66245842046,"START_DATE":"2024-01-01 00:00:00","FISCAL_YEAR":"12-31","CURRENCY":"HKD","IS_CNY_CODE":0,"DPS_HKD_LY":0.03,"ORG_TYPE":"一般企业","PREMIUM_INCOME":null,"PREMIUM_INCOME_YOY":null,"NET_INTEREST_INCOME":null,"NET_INTEREST_INCOME_YOY":null,"FEE_COMMISSION_INCOME":null,"FEE_COMMISSION_INCOME_YOY":null,"ACCOUNTS_RECE_TDAYS":2.622813771342,"INVENTORY_TDAYS":2.420513449156,"CURRENT_ASSETS_TDAYS":0.672941873505,"TOTAL_ASSETS_TDAYS":0.462338009177,"PREMIUM_EXPENSE":null,"LOAN_DEPOSIT":null,"LOAN_EQUITY":null,"LOAN_ASSETS":null,"DEPOSIT_EQUITY":null,"DEPOSIT_ASSETS":null,"EQUITY_MULTIPLIER":1.36903296056,"EQUITY_RATIO":0.393545457002},{"SECUCODE":"00420.HK","SECURITY_CODE":"00420","SECURITY_NAME_ABBR":"福田实业","ORG_CODE":"10008896","STD_REPORT_DATE":"2023-12-31 00:00:00","REPORT_DATE":"2023-12-31 00:00:00","DATE_TYPE_CODE":"001","REPORT_TYPE":"2023年年报","PER_NETCASH_OPERATE":0.217308992742,"PER_OI":3.284686699222,"BPS":2.417775778682,"BASIC_EPS":0.03806124,"DILUTED_EPS":0.03806124,"OPERATE_INCOME":4023829761.7,"OPERATE_INCOME_YOY":-26.6518766793,"GROSS_PROFIT":291792871.58,"GROSS_PROFIT_YOY":-43.46705445034,"HOLDER_PROFIT":46129316.66,"HOLDER_PROFIT_YOY":144.059654468,"GROSS_PROFIT_RATIO":7.251620691247,"EPS_TTM":0.037655756295,"OPERATE_INCOME_QOQ":-9.021963431331,"NET_PROFIT_RATIO":1.5279371475,"ROE_AVG":1.568801369246,"GROSS_PROFIT_QOQ":-10.693237583257,"ROA":1.023422323607,"HOLDER_PROFIT_QOQ":119.334603545014,"ROE_YEARLY":1.568801369246,"ROIC_YEARLY":1.503357694759,"TOTAL_ASSETS":4441238318.58,"TOTAL_LIABILITIES":1297863816.06,"TAX_EBT":38.949679648693,"OCF_SALES":6.615821009474,"TOTAL_PARENT_EQUITY":2961840512.12,"DEBT_ASSET_RATIO":29.223016712,"OPERATE_PROFIT":123457975.48,"PRETAX_PROFIT":100706416.16,"NETCASH_OPERATE":266209374.76,"NETCASH_INVEST":1686475.42,"NETCASH_FINANCE":-280840296.66,"END_CASH":1249674661.34,"DIVI_RATIO":0.721977266566,"DIVIDEND_RATE":4.761904761905,"CURRENT_RATIO":2.890957709276,"COMMON_ACS":null,"CURRENTDEBT_DEBT":81.365240093201,"ISSUED_COMMON_SHARES":1225026960,"HK_COMMON_SHARES":1225026960,"PER_SHARES":2000,"TOTAL_MARKET_CAP":771766984.8,"HKSK_MARKET_CAP":771766984.8,"PE_TTM":6.294794499364,"PB_TTM":0.239746421062,"REPORT_DATE_SQ":"2022-12-31 00:00:00","REPORT_TYPE_SQ":"2022年年报","OPERATE_INCOME_SQ":5407539469.15,"DPS_HKD":0.03,"OPERATE_INCOME_QOQ_SQ":-7.543860697997,"NET_PROFIT_RATIO_SQ":-1.5389736266,"HOLDER_PROFIT_SQ":-103201269.64,"HOLDER_PROFIT_QOQ_SQ":-171.623584566413,"ROE_AVG_SQ":-3.407367755911,"PE_TTM_SQ":-1.832048873502,"PB_TTM_SQ":0.156463736815,"ROA_SQ":-2.140441707414,"START_DATE":"2023-01-01 00:00:00","FISCAL_YEAR":"12-31","CURRENCY":"HKD","IS_CNY_CODE":0,"DPS_HKD_LY":null,"ORG_TYPE":"一般企业","PREMIUM_INCOME":null,"PREMIUM_INCOME_YOY":null,"NET_INTEREST_INCOME":null,"NET_INTEREST_INCOME_YOY":null,"FEE_COMMISSION_INCOME":null,"FEE_COMMISSION_INCOME_YOY":null,"ACCOUNTS_RECE_TDAYS":5.113086505621,"INVENTORY_TDAYS":4.807008615447,"CURRENT_ASSETS_TDAYS":1.316789812619,"TOTAL_ASSETS_TDAYS":0.892724519392,"PREMIUM_EXPENSE":null,"LOAN_DEPOSIT":null,"LOAN_EQUITY":null,"LOAN_ASSETS":null,"DEPOSIT_EQUITY":null,"DEPOSIT_ASSETS":null,"EQUITY_MULTIPLIER":1.412888701304,"EQUITY_RATIO":0.438195038102},{"SECUCODE":"00420.HK","SECURITY_CODE":"00420","SECURITY_NAME_ABBR":"福田实业","ORG_CODE":"10008896","STD_REPORT_DATE":"2023-06-30 00:00:00","REPORT_DATE":"2023-06-30 00:00:00","DATE_TYPE_CODE":"002","REPORT_TYPE":"2023年中报","PER_NETCASH_OPERATE":0.024728088335,"PER_OI":1.651148556486,"BPS":2.357044561942,"BASIC_EPS":-0.06177266,"DILUTED_EPS":-0.06177266,"OPERATE_INCOME":2022701496.66,"OPERATE_INCOME_YOY":-37.6144172324,"GROSS_PROFIT":157971131.22,"GROSS_PROFIT_YOY":-54.525859043184,"HOLDER_PROFIT":-75240021.86,"HOLDER_PROFIT_YOY":-216.0393589944,"GROSS_PROFIT_RATIO":7.809908257884,"EPS_TTM":-0.194758357506,"OPERATE_INCOME_QOQ":-18.209410078421,"NET_PROFIT_RATIO":-3.3970609887,"ROE_AVG":-2.569145322447,"GROSS_PROFIT_QOQ":-36.698023733239,"ROA":-1.66245842046,"HOLDER_PROFIT_QOQ":-131.183433558773,"ROE_YEARLY":-5.138290644895,"ROIC_YEARLY":-4.850761239679,"TOTAL_ASSETS":4398641190.72,"TOTAL_LIABILITIES":1318402818.62,"TAX_EBT":-72.772162462908,"OCF_SALES":1.497629528135,"TOTAL_PARENT_EQUITY":2887443134.3,"DEBT_ASSET_RATIO":29.9729566804,"OPERATE_PROFIT":-27506351.32,"PRETAX_PROFIT":-39770529.28,"NETCASH_OPERATE":30292574.88,"NETCASH_INVEST":-22450213,"NETCASH_FINANCE":-109385551.16,"END_CASH":1182644029.56,"DIVI_RATIO":-0.139591442176,"DIVIDEND_RATE":4.761904761905,"CURRENT_RATIO":3.000305024762,"COMMON_ACS":null,"CURRENTDEBT_DEBT":73.823418549633,"ISSUED_COMMON_SHARES":1225026960,"HK_COMMON_SHARES":1225026960,"PER_SHARES":2000,"TOTAL_MARKET_CAP":771766984.8,"HKSK_MARKET_CAP":771766984.8,"PE_TTM":6.294794499364,"PB_TTM":0.239746421062,"REPORT_DATE_SQ":"2022-06-30 00:00:00","REPORT_TYPE_SQ":"2022年中报","OPERATE_INCOME_SQ":3007382533.75,"DPS_HKD":0.03,"OPERATE_INCOME_QOQ_SQ":5.958824947751,"NET_PROFIT_RATIO_SQ":2.4871289944,"HOLDER_PROFIT_SQ":60142947.13,"HOLDER_PROFIT_QOQ_SQ":-26.975331557492,"ROE_AVG_SQ":2.014742366686,"PE_TTM_SQ":-1.832048873502,"PB_TTM_SQ":0.156463736815,"ROA_SQ":1.226223256953,"START_DATE":"2023-01-01 00:00:00","FISCAL_YEAR":"12-31","CURRENCY":"HKD","IS_CNY_CODE":0,"DPS_HKD_LY":null,"ORG_TYPE":"一般企业","PREMIUM_INCOME":null,"PREMIUM_INCOME_YOY":null,"NET_INTEREST_INCOME":null,"NET_INTEREST_INCOME_YOY":null,"FEE_COMMISSION_INCOME":null,"FEE_COMMISSION_INCOME_YOY":null,"ACCOUNTS_RECE_TDAYS":2.371276416367,"INVENTORY_TDAYS":2.345093228485,"CURRENT_ASSETS_TDAYS":0.670650871891,"TOTAL_ASSETS_TDAYS":0.446923997637,"PREMIUM_EXPENSE":null,"LOAN_DEPOSIT":null,"LOAN_EQUITY":null,"LOAN_ASSETS":null,"DEPOSIT_EQUITY":null,"DEPOSIT_ASSETS":null,"EQUITY_MULTIPLIER":1.428019737226,"EQUITY_RATIO":0.456598712875},{"SECUCODE":"00420.HK","SECURITY_CODE":"00420","SECURITY_NAME_ABBR":"福田实业","ORG_CODE":"10008896","STD_REPORT_DATE":"2022-12-31 00:00:00","REPORT_DATE":"2022-12-31 00:00:00","DATE_TYPE_CODE":"001","REPORT_TYPE":"2022年年报","PER_NETCASH_OPERATE":0.660373779186,"PER_OI":4.414220785108,"BPS":2.348750364719,"BASIC_EPS":-0.08396738,"DILUTED_EPS":-0.08396738,"OPERATE_INCOME":5407539469.15,"OPERATE_INCOME_YOY":-10.3333339752,"GROSS_PROFIT":516146591.59,"GROSS_PROFIT_YOY":-28.224359024428,"HOLDER_PROFIT":-103201269.64,"HOLDER_PROFIT_YOY":-147.8722434468,"GROSS_PROFIT_RATIO":9.544943583577,"EPS_TTM":-0.084244080343,"OPERATE_INCOME_QOQ":-7.543860697997,"NET_PROFIT_RATIO":-1.5389736266,"ROE_AVG":-3.407367755911,"GROSS_PROFIT_QOQ":-24.9986054451,"ROA":-2.140441707414,"HOLDER_PROFIT_QOQ":-171.623584566413,"ROE_YEARLY":-3.407367755911,"ROIC_YEARLY":-2.826492730158,"TOTAL_ASSETS":4508123771.55,"TOTAL_LIABILITIES":1449775423.46,"TAX_EBT":-360.97971301336,"OCF_SALES":14.960143847219,"TOTAL_PARENT_EQUITY":2877282519.09,"DEBT_ASSET_RATIO":32.159175234,"OPERATE_PROFIT":919174.83,"PRETAX_PROFIT":-18052986.7,"NETCASH_OPERATE":808975683.18,"NETCASH_INVEST":-122043013.75,"NETCASH_FINANCE":-153104691.46,"END_CASH":1244931640.33,"DIVI_RATIO":-0.322712288976,"DIVIDEND_RATE":4.761904761905,"CURRENT_RATIO":2.85509831886,"COMMON_ACS":null,"CURRENTDEBT_DEBT":72.838906763902,"ISSUED_COMMON_SHARES":1225026960,"HK_COMMON_SHARES":1225026960,"PER_SHARES":2000,"TOTAL_MARKET_CAP":771766984.8,"HKSK_MARKET_CAP":771766984.8,"PE_TTM":6.294794499364,"PB_TTM":0.239746421062,"REPORT_DATE_SQ":"2021-12-31 00:00:00","REPORT_TYPE_SQ":"2021年年报","OPERATE_INCOME_SQ":5519844075.2,"DPS_HKD":0.03,"OPERATE_INCOME_QOQ_SQ":12.171347870874,"NET_PROFIT_RATIO_SQ":4.0030649016,"HOLDER_PROFIT_SQ":197314678.4,"HOLDER_PROFIT_QOQ_SQ":-1.018547737046,"ROE_AVG_SQ":6.94006018856,"PE_TTM_SQ":-1.832048873502,"PB_TTM_SQ":0.156463736815,"ROA_SQ":4.319524228392,"START_DATE":"2022-01-01 00:00:00","FISCAL_YEAR":"12-31","CURRENCY":"HKD","IS_CNY_CODE":0,"DPS_HKD_LY":0.16,"ORG_TYPE":"一般企业","PREMIUM_INCOME":null,"PREMIUM_INCOME_YOY":null,"NET_INTEREST_INCOME":null,"NET_INTEREST_INCOME_YOY":null,"FEE_COMMISSION_INCOME":null,"FEE_COMMISSION_INCOME_YOY":null,"ACCOUNTS_RECE_TDAYS":5.505676071914,"INVENTORY_TDAYS":4.137781260461,"CURRENT_ASSETS_TDAYS":1.637203922272,"TOTAL_ASSETS_TDAYS":1.121548509493,"PREMIUM_EXPENSE":null,"LOAN_DEPOSIT":null,"LOAN_EQUITY":null,"LOAN_ASSETS":null,"DEPOSIT_EQUITY":null,"DEPOSIT_ASSETS":null,"EQUITY_MULTIPLIER":1.474038683122,"EQUITY_RATIO":0.503869680451},{"SECUCODE":"00420.HK","SECURITY_CODE":"00420","SECURITY_NAME_ABBR":"福田实业","ORG_CODE":"10008896","STD_REPORT_DATE":"2022-06-30 00:00:00","REPORT_DATE":"2022-06-30 00:00:00","DATE_TYPE_CODE":"002","REPORT_TYPE":"2022年中报","PER_NETCASH_OPERATE":0.126361489644,"PER_OI":2.454952121013,"BPS":2.38819780781,"BASIC_EPS":0.04874583,"DILUTED_EPS":0.04874583,"OPERATE_INCOME":3007382533.75,"OPERATE_INCOME_YOY":9.2459177527,"GROSS_PROFIT":347386729.9,"GROSS_PROFIT_YOY":-8.175307409973,"HOLDER_PROFIT":60142947.13,"HOLDER_PROFIT_YOY":-48.3830955317,"GROSS_PROFIT_RATIO":11.551132122419,"EPS_TTM":0.117620586644,"OPERATE_INCOME_QOQ":5.958824947751,"NET_PROFIT_RATIO":2.4871289944,"ROE_AVG":2.014742366686,"GROSS_PROFIT_QOQ":-4.300924800761,"ROA":1.226223256953,"HOLDER_PROFIT_QOQ":-26.975331557492,"ROE_YEARLY":4.029484733371,"ROIC_YEARLY":3.089230652994,"TOTAL_ASSETS":4893495526.85,"TOTAL_LIABILITIES":1785292933.62,"TAX_EBT":23.334560499281,"OCF_SALES":5.147207905307,"TOTAL_PARENT_EQUITY":2925606700.38,"DEBT_ASSET_RATIO":36.4829787587,"OPERATE_PROFIT":103737112.57,"PRETAX_PROFIT":97563495.96,"NETCASH_OPERATE":154796231.52,"NETCASH_INVEST":-28224690.76,"NETCASH_FINANCE":149800211.54,"END_CASH":963854717.35,"DIVI_RATIO":0.231138109201,"DIVIDEND_RATE":4.761904761905,"CURRENT_RATIO":2.47341492487,"COMMON_ACS":null,"CURRENTDEBT_DEBT":77.92309630494,"ISSUED_COMMON_SHARES":1225026960,"HK_COMMON_SHARES":1225026960,"PER_SHARES":2000,"TOTAL_MARKET_CAP":771766984.8,"HKSK_MARKET_CAP":771766984.8,"PE_TTM":6.294794499364,"PB_TTM":0.239746421062,"REPORT_DATE_SQ":"2021-06-30 00:00:00","REPORT_TYPE_SQ":"2021年中报","OPERATE_INCOME_SQ":2678464687.92,"DPS_HKD":0.03,"OPERATE_INCOME_QOQ_SQ":18.279011378486,"NET_PROFIT_RATIO_SQ":4.7132975189,"HOLDER_PROFIT_SQ":113369235.84,"HOLDER_PROFIT_QOQ_SQ":176.355414687853,"ROE_AVG_SQ":3.981902462562,"PE_TTM_SQ":-1.832048873502,"PB_TTM_SQ":0.156463736815,"ROA_SQ":2.436672413423,"START_DATE":"2022-01-01 00:00:00","FISCAL_YEAR":"12-31","CURRENCY":"HKD","IS_CNY_CODE":0,"DPS_HKD_LY":0.16,"ORG_TYPE":"一般企业","PREMIUM_INCOME":null,"PREMIUM_INCOME_YOY":null,"NET_INTEREST_INCOME":null,"NET_INTEREST_INCOME_YOY":null,"FEE_COMMISSION_INCOME":null,"FEE_COMMISSION_INCOME_YOY":null,"ACCOUNTS_RECE_TDAYS":2.777653813086,"INVENTORY_TDAYS":1.939545390063,"CURRENT_ASSETS_TDAYS":0.874408756955,"TOTAL_ASSETS_TDAYS":0.613159577543,"PREMIUM_EXPENSE":null,"LOAN_DEPOSIT":null,"LOAN_EQUITY":null,"LOAN_ASSETS":null,"DEPOSIT_EQUITY":null,"DEPOSIT_ASSETS":null,"EQUITY_MULTIPLIER":1.574381135099,"EQUITY_RATIO":0.61022998525},{"SECUCODE":"00420.HK","SECURITY_CODE":"00420","SECURITY_NAME_ABBR":"福田实业","ORG_CODE":"10008896","STD_REPORT_DATE":"2021-12-31 00:00:00","REPORT_DATE":"2021-12-31 00:00:00","DATE_TYPE_CODE":"001","REPORT_TYPE":"2021年年报","PER_NETCASH_OPERATE":-0.140417874232,"PER_OI":4.505895996934,"BPS":2.376152267539,"BASIC_EPS":0.1610672,"DILUTED_EPS":0.1610672,"OPERATE_INCOME":5519844075.2,"OPERATE_INCOME_YOY":36.5762264754,"GROSS_PROFIT":719111086.4,"GROSS_PROFIT_YOY":39.808826931876,"HOLDER_PROFIT":197314678.4,"HOLDER_PROFIT_YOY":181.5835530768,"GROSS_PROFIT_RATIO":13.027742751482,"EPS_TTM":0.16106966201,"OPERATE_INCOME_QOQ":12.171347870874,"NET_PROFIT_RATIO":4.0030649016,"ROE_AVG":6.94006018856,"GROSS_PROFIT_QOQ":3.095803897664,"ROA":4.319524228392,"HOLDER_PROFIT_QOQ":-1.018547737046,"ROE_YEARLY":6.94006018856,"ROIC_YEARLY":5.541870592015,"TOTAL_ASSETS":4699883664,"TOTAL_LIABILITIES":1626445139.2,"TAX_EBT":19.911690620833,"OCF_SALES":-3.116314143235,"TOTAL_PARENT_EQUITY":2910850588.8,"DEBT_ASSET_RATIO":34.6060723089,"OPERATE_PROFIT":287688912,"PRETAX_PROFIT":275899120,"NETCASH_OPERATE":-172015681.6,"NETCASH_INVEST":-121631081.6,"NETCASH_FINANCE":-52965763.2,"END_CASH":660972368,"DIVI_RATIO":0.168787837888,"DIVIDEND_RATE":4.761904761905,"CURRENT_RATIO":2.269708807921,"COMMON_ACS":null,"CURRENTDEBT_DEBT":89.031625321974,"ISSUED_COMMON_SHARES":1225026960,"HK_COMMON_SHARES":1225026960,"PER_SHARES":2000,"TOTAL_MARKET_CAP":771766984.8,"HKSK_MARKET_CAP":771766984.8,"PE_TTM":6.294794499364,"PB_TTM":0.239746421062,"REPORT_DATE_SQ":"2020-12-31 00:00:00","REPORT_TYPE_SQ":"2020年年报","OPERATE_INCOME_SQ":4160420097.2,"DPS_HKD":0.03,"OPERATE_INCOME_QOQ_SQ":-14.298734637957,"NET_PROFIT_RATIO_SQ":2.055154221,"HOLDER_PROFIT_SQ":72133597.84,"HOLDER_PROFIT_QOQ_SQ":81.204921808944,"ROE_AVG_SQ":2.515573376296,"PE_TTM_SQ":-1.832048873502,"PB_TTM_SQ":0.156463736815,"ROA_SQ":1.598603176036,"START_DATE":"2021-01-01 00:00:00","FISCAL_YEAR":"12-31","CURRENCY":"HKD","IS_CNY_CODE":0,"DPS_HKD_LY":0.07,"ORG_TYPE":"一般企业","PREMIUM_INCOME":null,"PREMIUM_INCOME_YOY":null,"NET_INTEREST_INCOME":null,"NET_INTEREST_INCOME_YOY":null,"FEE_COMMISSION_INCOME":null,"FEE_COMMISSION_INCOME_YOY":null,"ACCOUNTS_RECE_TDAYS":5.876224852339,"INVENTORY_TDAYS":4.000654087073,"CURRENT_ASSETS_TDAYS":1.753859059008,"TOTAL_ASSETS_TDAYS":1.208379448154,"PREMIUM_EXPENSE":null,"LOAN_DEPOSIT":null,"LOAN_EQUITY":null,"LOAN_ASSETS":null,"DEPOSIT_EQUITY":null,"DEPOSIT_ASSETS":null,"EQUITY_MULTIPLIER":1.529193971532,"EQUITY_RATIO":0.558752532836},{"SECUCODE":"00420.HK","SECURITY_CODE":"00420","SECURITY_NAME_ABBR":"福田实业","ORG_CODE":"10008896","STD_REPORT_DATE":"2021-06-30 00:00:00","REPORT_DATE":"2021-06-30 00:00:00","DATE_TYPE_CODE":"002","REPORT_TYPE":"2021年中报","PER_NETCASH_OPERATE":-0.119479303737,"PER_OI":2.186453666228,"BPS":2.342535533422,"BASIC_EPS":0.09236088,"DILUTED_EPS":0.09236088,"OPERATE_INCOME":2678464687.92,"OPERATE_INCOME_YOY":53.3050853108,"GROSS_PROFIT":378315156.96,"GROSS_PROFIT_YOY":93.857681859961,"HOLDER_PROFIT":113369235.84,"HOLDER_PROFIT_YOY":999.0893493467,"GROSS_PROFIT_RATIO":14.124328712125,"EPS_TTM":0.162727115361,"OPERATE_INCOME_QOQ":18.279011378486,"NET_PROFIT_RATIO":4.7132975189,"ROE_AVG":3.981902462562,"GROSS_PROFIT_QOQ":35.610589031009,"ROA":2.436672413423,"HOLDER_PROFIT_QOQ":176.355414687853,"ROE_YEARLY":7.963804925123,"ROIC_YEARLY":6.469550229079,"TOTAL_ASSETS":4790624880.72,"TOTAL_LIABILITIES":1768543603.92,"TAX_EBT":19.699696203068,"OCF_SALES":-5.464524841418,"TOTAL_PARENT_EQUITY":2869669183.2,"DEBT_ASSET_RATIO":36.9167623839,"OPERATE_PROFIT":163565293.92,"PRETAX_PROFIT":157214859.36,"NETCASH_OPERATE":-146365368.24,"NETCASH_INVEST":-8514674.64,"NETCASH_FINANCE":76305896.4,"END_CASH":944586368.88,"DIVI_RATIO":0.167068653185,"DIVIDEND_RATE":4.761904761905,"CURRENT_RATIO":2.12273776699,"COMMON_ACS":null,"CURRENTDEBT_DEBT":89.788181226649,"ISSUED_COMMON_SHARES":1225026960,"HK_COMMON_SHARES":1225026960,"PER_SHARES":2000,"TOTAL_MARKET_CAP":771766984.8,"HKSK_MARKET_CAP":771766984.8,"PE_TTM":6.294794499364,"PB_TTM":0.239746421062,"REPORT_DATE_SQ":"2020-06-30 00:00:00","REPORT_TYPE_SQ":"2020年中报","OPERATE_INCOME_SQ":1917981024.96,"DPS_HKD":0.03,"OPERATE_INCOME_QOQ_SQ":-17.958668163895,"NET_PROFIT_RATIO_SQ":-0.7825753167,"HOLDER_PROFIT_SQ":-13842269.76,"HOLDER_PROFIT_QOQ_SQ":-68.502717363874,"ROE_AVG_SQ":-0.453051377563,"PE_TTM_SQ":-1.832048873502,"PB_TTM_SQ":0.156463736815,"ROA_SQ":-0.293226447772,"START_DATE":"2021-01-01 00:00:00","FISCAL_YEAR":"12-31","CURRENCY":"HKD","IS_CNY_CODE":0,"DPS_HKD_LY":0.07,"ORG_TYPE":"一般企业","PREMIUM_INCOME":null,"PREMIUM_INCOME_YOY":null,"NET_INTEREST_INCOME":null,"NET_INTEREST_INCOME_YOY":null,"FEE_COMMISSION_INCOME":null,"FEE_COMMISSION_INCOME_YOY":null,"ACCOUNTS_RECE_TDAYS":2.87080226418,"INVENTORY_TDAYS":2.013416283158,"CURRENT_ASSETS_TDAYS":0.832866705322,"TOTAL_ASSETS_TDAYS":0.575688895407,"PREMIUM_EXPENSE":null,"LOAN_DEPOSIT":null,"LOAN_EQUITY":null,"LOAN_ASSETS":null,"DEPOSIT_EQUITY":null,"DEPOSIT_ASSETS":null,"EQUITY_MULTIPLIER":1.585207160871,"EQUITY_RATIO":0.616288321411},{"SECUCODE":"00420.HK","SECURITY_CODE":"00420","SECURITY_NAME_ABBR":"福田实业","ORG_CODE":"10008896","STD_REPORT_DATE":"2020-12-31 00:00:00","REPORT_DATE":"2020-12-31 00:00:00","DATE_TYPE_CODE":"001","REPORT_TYPE":"2020年年报","PER_NETCASH_OPERATE":0.413117974906,"PER_OI":3.396186560008,"BPS":2.332199756714,"BASIC_EPS":0.0589148,"DILUTED_EPS":0.0589148,"OPERATE_INCOME":4160420097.2,"OPERATE_INCOME_YOY":-25.1666942945,"GROSS_PROFIT":514353136.48,"GROSS_PROFIT_YOY":-24.542438234796,"HOLDER_PROFIT":72133597.84,"HOLDER_PROFIT_YOY":-39.2539460908,"GROSS_PROFIT_RATIO":12.363009611125,"EPS_TTM":0.058883273753,"OPERATE_INCOME_QOQ":-14.298734637957,"NET_PROFIT_RATIO":2.055154221,"ROE_AVG":2.515573376296,"GROSS_PROFIT_QOQ":0.841141781721,"ROA":1.598603176036,"HOLDER_PROFIT_QOQ":81.204921808944,"ROE_YEARLY":2.515573376296,"ROIC_YEARLY":2.09578843262,"TOTAL_ASSETS":4566495406.04,"TOTAL_LIABILITIES":1553601792.08,"TAX_EBT":16.827541037292,"OCF_SALES":12.16417200899,"TOTAL_PARENT_EQUITY":2857007578.08,"DEBT_ASSET_RATIO":34.0217530937,"OPERATE_PROFIT":117367539.64,"PRETAX_PROFIT":102802117.8,"NETCASH_OPERATE":506080656.92,"NETCASH_INVEST":-122238110.32,"NETCASH_FINANCE":-144371559.04,"END_CASH":1033646699.76,"DIVI_RATIO":0.461703269323,"DIVIDEND_RATE":4.761904761905,"CURRENT_RATIO":2.271429506383,"COMMON_ACS":null,"CURRENTDEBT_DEBT":87.741302178532,"ISSUED_COMMON_SHARES":1225026960,"HK_COMMON_SHARES":1225026960,"PER_SHARES":2000,"TOTAL_MARKET_CAP":771766984.8,"HKSK_MARKET_CAP":771766984.8,"PE_TTM":6.294794499364,"PB_TTM":0.239746421062,"REPORT_DATE_SQ":"2019-12-31 00:00:00","REPORT_TYPE_SQ":"2019年年报","OPERATE_INCOME_SQ":5917213635.9,"DPS_HKD":0.03,"OPERATE_INCOME_QOQ_SQ":-7.419601664279,"NET_PROFIT_RATIO_SQ":2.5253211074,"HOLDER_PROFIT_SQ":126384704.42,"HOLDER_PROFIT_QOQ_SQ":-20.945149847748,"ROE_AVG_SQ":4.118027611616,"PE_TTM_SQ":-1.832048873502,"PB_TTM_SQ":0.156463736815,"ROA_SQ":2.574282319523,"START_DATE":"2020-01-01 00:00:00","FISCAL_YEAR":"12-31","CURRENCY":"HKD","IS_CNY_CODE":0,"DPS_HKD_LY":0.0116,"ORG_TYPE":"一般企业","PREMIUM_INCOME":null,"PREMIUM_INCOME_YOY":null,"NET_INTEREST_INCOME":null,"NET_INTEREST_INCOME_YOY":null,"FEE_COMMISSION_INCOME":null,"FEE_COMMISSION_INCOME_YOY":null,"ACCOUNTS_RECE_TDAYS":4.582396093233,"INVENTORY_TDAYS":3.501994078595,"CURRENT_ASSETS_TDAYS":1.384661366188,"TOTAL_ASSETS_TDAYS":0.922019832669,"PREMIUM_EXPENSE":null,"LOAN_DEPOSIT":null,"LOAN_EQUITY":null,"LOAN_ASSETS":null,"DEPOSIT_EQUITY":null,"DEPOSIT_ASSETS":null,"EQUITY_MULTIPLIER":1.515651062115,"EQUITY_RATIO":0.543786374247},{"SECUCODE":"00420.HK","SECURITY_CODE":"00420","SECURITY_NAME_ABBR":"福田实业","ORG_CODE":"10008896","STD_REPORT_DATE":"2020-06-30 00:00:00","REPORT_DATE":"2020-06-30 00:00:00","DATE_TYPE_CODE":"002","REPORT_TYPE":"2020年中报","PER_NETCASH_OPERATE":-0.00194465232,"PER_OI":1.565664338489,"BPS":2.438486636017,"BASIC_EPS":-0.01096128,"DILUTED_EPS":-0.01096128,"OPERATE_INCOME":1917981024.96,"OPERATE_INCOME_YOY":-38.031568357,"GROSS_PROFIT":195150975.36,"GROSS_PROFIT_YOY":-46.786745612445,"HOLDER_PROFIT":-13842269.76,"HOLDER_PROFIT_YOY":-118.3273870714,"GROSS_PROFIT_RATIO":10.174812619122,"EPS_TTM":0.032495405293,"OPERATE_INCOME_QOQ":-17.958668163895,"NET_PROFIT_RATIO":-0.7825753167,"ROE_AVG":-0.453051377563,"GROSS_PROFIT_QOQ":-25.171849076701,"ROA":-0.293226447772,"HOLDER_PROFIT_QOQ":-68.502717363874,"ROE_YEARLY":-0.906102755126,"ROIC_YEARLY":-0.762595001993,"TOTAL_ASSETS":4602951128.16,"TOTAL_LIABILITIES":1467577462.56,"TAX_EBT":-78.395396808164,"OCF_SALES":-0.124206208977,"TOTAL_PARENT_EQUITY":2987211870.72,"DEBT_ASSET_RATIO":31.8834030972,"OPERATE_PROFIT":1245018.72,"PRETAX_PROFIT":-8413695.84,"NETCASH_OPERATE":-2382251.52,"NETCASH_INVEST":-27759441.6,"NETCASH_FINANCE":201597121.44,"END_CASH":1025098905.6,"DIVI_RATIO":0.836629048166,"DIVIDEND_RATE":4.761904761905,"CURRENT_RATIO":2.51382414793,"COMMON_ACS":null,"CURRENTDEBT_DEBT":80.770161995557,"ISSUED_COMMON_SHARES":1225026960,"HK_COMMON_SHARES":1225026960,"PER_SHARES":2000,"TOTAL_MARKET_CAP":771766984.8,"HKSK_MARKET_CAP":771766984.8,"PE_TTM":6.294794499364,"PB_TTM":0.239746421062,"REPORT_DATE_SQ":"2019-06-30 00:00:00","REPORT_TYPE_SQ":"2019年中报","OPERATE_INCOME_SQ":2980633786.38,"DPS_HKD":0.03,"OPERATE_INCOME_QOQ_SQ":-2.879838939021,"NET_PROFIT_RATIO_SQ":2.6737453418,"HOLDER_PROFIT_SQ":72734687.1,"HOLDER_PROFIT_QOQ_SQ":13.474508739943,"ROE_AVG_SQ":2.433472049726,"PE_TTM_SQ":-1.832048873502,"PB_TTM_SQ":0.156463736815,"ROA_SQ":1.450741420365,"START_DATE":"2020-01-01 00:00:00","FISCAL_YEAR":"12-31","CURRENCY":"HKD","IS_CNY_CODE":0,"DPS_HKD_LY":0.0116,"ORG_TYPE":"一般企业","PREMIUM_INCOME":null,"PREMIUM_INCOME_YOY":null,"NET_INTEREST_INCOME":null,"NET_INTEREST_INCOME_YOY":null,"FEE_COMMISSION_INCOME":null,"FEE_COMMISSION_INCOME_YOY":null,"ACCOUNTS_RECE_TDAYS":1.929144568655,"INVENTORY_TDAYS":1.694534712495,"CURRENT_ASSETS_TDAYS":0.624617169004,"TOTAL_ASSETS_TDAYS":0.406293745602,"PREMIUM_EXPENSE":null,"LOAN_DEPOSIT":null,"LOAN_EQUITY":null,"LOAN_ASSETS":null,"DEPOSIT_EQUITY":null,"DEPOSIT_ASSETS":null,"EQUITY_MULTIPLIER":1.468070992194,"EQUITY_RATIO":0.491286700132}],"count":47},"success":true,"message":"ok","code":0}