{"version":"42d8d7301a04e8f747f09318be1550da","result":{"pages":6,"data":[{"SECUCODE":"00432.HK","SECURITY_CODE":"00432","SECURITY_NAME_ABBR":"盈大地产","ORG_CODE":"10008902","STD_REPORT_DATE":"2024-12-31 00:00:00","REPORT_DATE":"2024-12-31 00:00:00","DATE_TYPE_CODE":"001","REPORT_TYPE":"2024年年报","PER_NETCASH_OPERATE":null,"PER_OI":0.409354822429,"BPS":-0.030440369703,"BASIC_EPS":-0.104549916,"DILUTED_EPS":-0.104549916,"OPERATE_INCOME":834362040,"OPERATE_INCOME_YOY":9.6107055961,"GROSS_PROFIT":574144800,"GROSS_PROFIT_YOY":15.824508716259,"HOLDER_PROFIT":-212989200,"HOLDER_PROFIT_YOY":50.643776824,"GROSS_PROFIT_RATIO":68.81243063263,"EPS_TTM":-0.104496791519,"OPERATE_INCOME_QOQ":1.062703781913,"NET_PROFIT_RATIO":-25.5271920089,"ROE_AVG":-95.435684647303,"GROSS_PROFIT_QOQ":1.626056409902,"ROA":-2.101224191485,"HOLDER_PROFIT_QOQ":40.535871000185,"ROE_YEARLY":-95.435684647303,"ROIC_YEARLY":-2.288329519451,"TOTAL_ASSETS":10063276680,"TOTAL_LIABILITIES":10002158040,"TAX_EBT":-11.650485436893,"OCF_SALES":null,"TOTAL_PARENT_EQUITY":-62044680,"DEBT_ASSET_RATIO":99.392656667,"OPERATE_PROFIT":92604000,"PRETAX_PROFIT":-190764240,"NETCASH_OPERATE":null,"NETCASH_INVEST":null,"NETCASH_FINANCE":null,"END_CASH":null,"DIVI_RATIO":null,"DIVIDEND_RATE":null,"CURRENT_RATIO":2.946103896104,"COMMON_ACS":4000000000,"CURRENTDEBT_DEBT":14.257939079715,"ISSUED_COMMON_SHARES":2038236743,"HK_COMMON_SHARES":2038236743,"PER_SHARES":1000,"TOTAL_MARKET_CAP":395417928.142,"HKSK_MARKET_CAP":395417928.142,"PE_TTM":-1.719208383226,"PB_TTM":-5.901760121522,"REPORT_DATE_SQ":"2023-12-31 00:00:00","REPORT_TYPE_SQ":"2023年年报","OPERATE_INCOME_SQ":744912840,"DPS_HKD":null,"OPERATE_INCOME_QOQ_SQ":8.571585482493,"NET_PROFIT_RATIO_SQ":-56.6909975669,"HOLDER_PROFIT_SQ":-422298520,"HOLDER_PROFIT_QOQ_SQ":6.278597001437,"ROE_AVG_SQ":-57.213014119092,"PE_TTM_SQ":-0.974808877087,"PB_TTM_SQ":0.545576694824,"ROA_SQ":-4.176562850101,"START_DATE":"2024-01-01 00:00:00","FISCAL_YEAR":"12-31","CURRENCY":"HKD","IS_CNY_CODE":0,"DPS_HKD_LY":null,"ORG_TYPE":"一般企业","PREMIUM_INCOME":null,"PREMIUM_INCOME_YOY":null,"NET_INTEREST_INCOME":null,"NET_INTEREST_INCOME_YOY":null,"FEE_COMMISSION_INCOME":null,"FEE_COMMISSION_INCOME_YOY":null,"ACCOUNTS_RECE_TDAYS":9.385416666667,"INVENTORY_TDAYS":0.081296108781,"CURRENT_ASSETS_TDAYS":0.200266725939,"TOTAL_ASSETS_TDAYS":0.082313173762,"PREMIUM_EXPENSE":null,"LOAN_DEPOSIT":null,"LOAN_EQUITY":null,"LOAN_ASSETS":null,"DEPOSIT_EQUITY":null,"DEPOSIT_ASSETS":null,"EQUITY_MULTIPLIER":164.651515158725,"EQUITY_RATIO":-161.208955223881},{"SECUCODE":"00432.HK","SECURITY_CODE":"00432","SECURITY_NAME_ABBR":"盈大地产","ORG_CODE":"10008902","STD_REPORT_DATE":"2024-06-30 00:00:00","REPORT_DATE":"2024-06-30 00:00:00","DATE_TYPE_CODE":"002","REPORT_TYPE":"2024年中报","PER_NETCASH_OPERATE":-0.034926776904,"PER_OI":0.244039659136,"BPS":-0.048807931827,"BASIC_EPS":-0.068633536,"DILUTED_EPS":-0.068633536,"OPERATE_INCOME":497410600,"OPERATE_INCOME_YOY":20.5752212389,"GROSS_PROFIT":351381800,"GROSS_PROFIT_YOY":24.547879124028,"HOLDER_PROFIT":-139640040,"HOLDER_PROFIT_YOY":30.7692307692,"GROSS_PROFIT_RATIO":70.642201834862,"EPS_TTM":-0.17573080322,"OPERATE_INCOME_QOQ":10.830212028564,"NET_PROFIT_RATIO":-28.0733944954,"ROE_AVG":-69.545454545455,"GROSS_PROFIT_QOQ":13.971271549777,"ROA":-1.438848920863,"HOLDER_PROFIT_QOQ":15.182989511779,"ROE_YEARLY":-139.090909090909,"ROIC_YEARLY":-3.123723968967,"TOTAL_ASSETS":9347668560,"TOTAL_LIABILITIES":9325764240,"TAX_EBT":-31.896551724138,"OCF_SALES":-14.311926605505,"TOTAL_PARENT_EQUITY":-99482120,"DEBT_ASSET_RATIO":99.7656707674,"OPERATE_PROFIT":44721320,"PRETAX_PROFIT":-105870880,"NETCASH_OPERATE":-71189040,"NETCASH_INVEST":-27380400,"NETCASH_FINANCE":-167933120,"END_CASH":496497920,"DIVI_RATIO":null,"DIVIDEND_RATE":null,"CURRENT_RATIO":3.805834092981,"COMMON_ACS":4000000000,"CURRENTDEBT_DEBT":10.735956155804,"ISSUED_COMMON_SHARES":2038236743,"HK_COMMON_SHARES":2038236743,"PER_SHARES":1000,"TOTAL_MARKET_CAP":395417928.142,"HKSK_MARKET_CAP":395417928.142,"PE_TTM":-1.719208383226,"PB_TTM":-5.901760121522,"REPORT_DATE_SQ":"2023-06-30 00:00:00","REPORT_TYPE_SQ":"2023年中报","OPERATE_INCOME_SQ":416734960,"DPS_HKD":null,"OPERATE_INCOME_QOQ_SQ":36.912679598344,"NET_PROFIT_RATIO_SQ":-48.8938053097,"HOLDER_PROFIT_SQ":-203757580,"HOLDER_PROFIT_QOQ_SQ":15.647716201714,"ROE_AVG_SQ":-22.748327328873,"PE_TTM_SQ":-0.974808877087,"PB_TTM_SQ":0.545576694824,"ROA_SQ":-1.979931911844,"START_DATE":"2024-01-01 00:00:00","FISCAL_YEAR":"12-31","CURRENCY":"HKD","IS_CNY_CODE":0,"DPS_HKD_LY":null,"ORG_TYPE":"一般企业","PREMIUM_INCOME":null,"PREMIUM_INCOME_YOY":null,"NET_INTEREST_INCOME":null,"NET_INTEREST_INCOME_YOY":null,"FEE_COMMISSION_INCOME":null,"FEE_COMMISSION_INCOME_YOY":null,"ACCOUNTS_RECE_TDAYS":8.320610687023,"INVENTORY_TDAYS":0.047470701676,"CURRENT_ASSETS_TDAYS":0.126215840667,"TOTAL_ASSETS_TDAYS":0.051253115155,"PREMIUM_EXPENSE":null,"LOAN_DEPOSIT":null,"LOAN_EQUITY":null,"LOAN_ASSETS":null,"DEPOSIT_EQUITY":null,"DEPOSIT_ASSETS":null,"EQUITY_MULTIPLIER":426.749999948586,"EQUITY_RATIO":-93.743119266055},{"SECUCODE":"00432.HK","SECURITY_CODE":"00432","SECURITY_NAME_ABBR":"盈大地产","ORG_CODE":"10008902","STD_REPORT_DATE":"2023-12-31 00:00:00","REPORT_DATE":"2023-12-31 00:00:00","DATE_TYPE_CODE":"001","REPORT_TYPE":"2023年年报","PER_NETCASH_OPERATE":0.108929397315,"PER_OI":0.365469243236,"BPS":0.244090771942,"BASIC_EPS":-0.207433758,"DILUTED_EPS":-0.207433758,"OPERATE_INCOME":744912840,"OPERATE_INCOME_YOY":46.5240641711,"GROSS_PROFIT":495702340,"GROSS_PROFIT_YOY":66.645651999464,"HOLDER_PROFIT":-422298520,"HOLDER_PROFIT_YOY":22.0735785953,"GROSS_PROFIT_RATIO":66.54501216545,"EPS_TTM":-0.207188159791,"OPERATE_INCOME_QOQ":8.571585482493,"NET_PROFIT_RATIO":-56.6909975669,"ROE_AVG":-57.213014119092,"GROSS_PROFIT_QOQ":6.409395993324,"ROA":-4.176562850101,"HOLDER_PROFIT_QOQ":6.278597001437,"ROE_YEARLY":-57.213014119092,"ROIC_YEARLY":-4.5467850522,"TOTAL_ASSETS":9991075500,"TOTAL_LIABILITIES":9373033460,"TAX_EBT":-16.5,"OCF_SALES":29.805352798054,"TOTAL_PARENT_EQUITY":497514780,"DEBT_ASSET_RATIO":93.8140589569,"OPERATE_PROFIT":-80653580,"PRETAX_PROFIT":-362488000,"NETCASH_OPERATE":222023900,"NETCASH_INVEST":14499520,"NETCASH_FINANCE":8155980,"END_CASH":783880300,"DIVI_RATIO":null,"DIVIDEND_RATE":null,"CURRENT_RATIO":3.806313993174,"COMMON_ACS":4000000000,"CURRENTDEBT_DEBT":11.331335202553,"ISSUED_COMMON_SHARES":2038236743,"HK_COMMON_SHARES":2038236743,"PER_SHARES":1000,"TOTAL_MARKET_CAP":395417928.142,"HKSK_MARKET_CAP":395417928.142,"PE_TTM":-1.719208383226,"PB_TTM":-5.901760121522,"REPORT_DATE_SQ":"2022-12-31 00:00:00","REPORT_TYPE_SQ":"2022年年报","OPERATE_INCOME_SQ":501124470,"DPS_HKD":null,"OPERATE_INCOME_QOQ_SQ":14.627958939896,"NET_PROFIT_RATIO_SQ":-106.5953654189,"HOLDER_PROFIT_SQ":-534175460,"HOLDER_PROFIT_QOQ_SQ":13.126165987582,"ROE_AVG_SQ":-34.25952449155,"PE_TTM_SQ":-0.974808877087,"PB_TTM_SQ":0.545576694824,"ROA_SQ":-4.541312272175,"START_DATE":"2023-01-01 00:00:00","FISCAL_YEAR":"12-31","CURRENCY":"HKD","IS_CNY_CODE":0,"DPS_HKD_LY":null,"ORG_TYPE":"一般企业","PREMIUM_INCOME":null,"PREMIUM_INCOME_YOY":null,"NET_INTEREST_INCOME":null,"NET_INTEREST_INCOME_YOY":null,"FEE_COMMISSION_INCOME":null,"FEE_COMMISSION_INCOME_YOY":null,"ACCOUNTS_RECE_TDAYS":10.606451612903,"INVENTORY_TDAYS":0.152354570637,"CURRENT_ASSETS_TDAYS":0.262117346939,"TOTAL_ASSETS_TDAYS":0.073672417656,"PREMIUM_EXPENSE":null,"LOAN_DEPOSIT":null,"LOAN_EQUITY":null,"LOAN_ASSETS":null,"DEPOSIT_EQUITY":null,"DEPOSIT_ASSETS":null,"EQUITY_MULTIPLIER":16.165689149518,"EQUITY_RATIO":18.83970856102},{"SECUCODE":"00432.HK","SECURITY_CODE":"00432","SECURITY_NAME_ABBR":"盈大地产","ORG_CODE":"10008902","STD_REPORT_DATE":"2023-06-30 00:00:00","REPORT_DATE":"2023-06-30 00:00:00","DATE_TYPE_CODE":"002","REPORT_TYPE":"2023年中报","PER_NETCASH_OPERATE":0.017641336377,"PER_OI":0.204458565194,"BPS":0.390371110094,"BASIC_EPS":-0.10003483,"DILUTED_EPS":-0.10003483,"OPERATE_INCOME":416734960,"OPERATE_INCOME_YOY":66.7896678967,"GROSS_PROFIT":282125880,"GROSS_PROFIT_YOY":148.043968947849,"HOLDER_PROFIT":-203757580,"HOLDER_PROFIT_YOY":34.2261904762,"GROSS_PROFIT_RATIO":67.699115044248,"EPS_TTM":-0.221068137226,"OPERATE_INCOME_QOQ":36.912679598344,"NET_PROFIT_RATIO":-48.8938053097,"ROE_AVG":-22.748327328873,"GROSS_PROFIT_QOQ":56.608023609042,"ROA":-1.979931911844,"HOLDER_PROFIT_QOQ":15.647716201714,"ROE_YEARLY":-45.496654657746,"ROIC_YEARLY":-4.22158548233,"TOTAL_ASSETS":10173127320,"TOTAL_LIABILITIES":9254835240,"TAX_EBT":-15.104166666667,"OCF_SALES":8.628318584071,"TOTAL_PARENT_EQUITY":795668740,"DEBT_ASSET_RATIO":90.9733550843,"OPERATE_PROFIT":-19361580,"PRETAX_PROFIT":-177020160,"NETCASH_OPERATE":35957220,"NETCASH_INVEST":49786920,"NETCASH_FINANCE":-213899360,"END_CASH":398295360,"DIVI_RATIO":null,"DIVIDEND_RATE":null,"CURRENT_RATIO":1.906723484848,"COMMON_ACS":4000000000,"CURRENTDEBT_DEBT":21.040047818291,"ISSUED_COMMON_SHARES":2038236743,"HK_COMMON_SHARES":2038236743,"PER_SHARES":1000,"TOTAL_MARKET_CAP":395417928.142,"HKSK_MARKET_CAP":395417928.142,"PE_TTM":-1.719208383226,"PB_TTM":-5.901760121522,"REPORT_DATE_SQ":"2022-06-30 00:00:00","REPORT_TYPE_SQ":"2022年中报","OPERATE_INCOME_SQ":231756490,"DPS_HKD":null,"OPERATE_INCOME_QOQ_SQ":14.49783824386,"NET_PROFIT_RATIO_SQ":-123.9852398524,"HOLDER_PROFIT_SQ":-287343840,"HOLDER_PROFIT_QOQ_SQ":8.840882405266,"ROE_AVG_SQ":-16.978271854472,"PE_TTM_SQ":-0.974808877087,"PB_TTM_SQ":0.545576694824,"ROA_SQ":-2.523943661972,"START_DATE":"2023-01-01 00:00:00","FISCAL_YEAR":"12-31","CURRENCY":"HKD","IS_CNY_CODE":0,"DPS_HKD_LY":null,"ORG_TYPE":"一般企业","PREMIUM_INCOME":null,"PREMIUM_INCOME_YOY":null,"NET_INTEREST_INCOME":null,"NET_INTEREST_INCOME_YOY":null,"FEE_COMMISSION_INCOME":null,"FEE_COMMISSION_INCOME_YOY":null,"ACCOUNTS_RECE_TDAYS":11.024390243902,"INVENTORY_TDAYS":0.094376212023,"CURRENT_ASSETS_TDAYS":0.154847550531,"TOTAL_ASSETS_TDAYS":0.04049453503,"PREMIUM_EXPENSE":null,"LOAN_DEPOSIT":null,"LOAN_EQUITY":null,"LOAN_ASSETS":null,"DEPOSIT_EQUITY":null,"DEPOSIT_ASSETS":null,"EQUITY_MULTIPLIER":11.078313253031,"EQUITY_RATIO":11.631517960603},{"SECUCODE":"00432.HK","SECURITY_CODE":"00432","SECURITY_NAME_ABBR":"盈大地产","ORG_CODE":"10008902","STD_REPORT_DATE":"2022-12-31 00:00:00","REPORT_DATE":"2022-12-31 00:00:00","DATE_TYPE_CODE":"001","REPORT_TYPE":"2022年年报","PER_NETCASH_OPERATE":0.044263881666,"PER_OI":0.245861758562,"BPS":0.473316754451,"BASIC_EPS":-0.262085418,"DILUTED_EPS":-0.262085418,"OPERATE_INCOME":501124470,"OPERATE_INCOME_YOY":20.1284796574,"GROSS_PROFIT":297458910,"GROSS_PROFIT_YOY":18.508015037259,"HOLDER_PROFIT":-534175460,"HOLDER_PROFIT_YOY":27.5151515152,"GROSS_PROFIT_RATIO":59.358288770054,"EPS_TTM":-0.262077239965,"OPERATE_INCOME_QOQ":14.627958939896,"NET_PROFIT_RATIO":-106.5953654189,"ROE_AVG":-34.25952449155,"GROSS_PROFIT_QOQ":21.86350573659,"ROA":-4.541312272175,"HOLDER_PROFIT_QOQ":13.126165987582,"ROE_YEARLY":-34.25952449155,"ROIC_YEARLY":-5.454711301651,"TOTAL_ASSETS":10085018300,"TOTAL_LIABILITIES":9001481790,"TAX_EBT":-9.926470588235,"OCF_SALES":18.003565062389,"TOTAL_PARENT_EQUITY":964731600,"DEBT_ASSET_RATIO":89.2559787422,"OPERATE_PROFIT":-192053050,"PRETAX_PROFIT":-485938880,"NETCASH_OPERATE":90220270,"NETCASH_INVEST":1604312920,"NETCASH_FINANCE":-2463638660,"END_CASH":532388920,"DIVI_RATIO":null,"DIVIDEND_RATE":null,"CURRENT_RATIO":1.211371237458,"COMMON_ACS":4000000000,"CURRENTDEBT_DEBT":14.835764612484,"ISSUED_COMMON_SHARES":2038236743,"HK_COMMON_SHARES":2038236743,"PER_SHARES":1000,"TOTAL_MARKET_CAP":395417928.142,"HKSK_MARKET_CAP":395417928.142,"PE_TTM":-1.719208383226,"PB_TTM":-5.901760121522,"REPORT_DATE_SQ":"2021-12-31 00:00:00","REPORT_TYPE_SQ":"2021年年报","OPERATE_INCOME_SQ":381819200,"DPS_HKD":null,"OPERATE_INCOME_QOQ_SQ":44.512108809345,"NET_PROFIT_RATIO_SQ":-176.6595289079,"HOLDER_PROFIT_SQ":-674520000,"HOLDER_PROFIT_QOQ_SQ":9.613925555171,"ROE_AVG_SQ":-29.333333333333,"PE_TTM_SQ":-0.974808877087,"PB_TTM_SQ":0.545576694824,"ROA_SQ":-5.884660651236,"START_DATE":"2022-01-01 00:00:00","FISCAL_YEAR":"12-31","CURRENCY":"HKD","IS_CNY_CODE":0,"DPS_HKD_LY":null,"ORG_TYPE":"一般企业","PREMIUM_INCOME":null,"PREMIUM_INCOME_YOY":null,"NET_INTEREST_INCOME":null,"NET_INTEREST_INCOME_YOY":null,"FEE_COMMISSION_INCOME":null,"FEE_COMMISSION_INCOME_YOY":null,"ACCOUNTS_RECE_TDAYS":12.064516129032,"INVENTORY_TDAYS":0.835164835165,"CURRENT_ASSETS_TDAYS":0.168342085521,"TOTAL_ASSETS_TDAYS":0.04260328068,"PREMIUM_EXPENSE":null,"LOAN_DEPOSIT":null,"LOAN_EQUITY":null,"LOAN_ASSETS":null,"DEPOSIT_EQUITY":null,"DEPOSIT_ASSETS":null,"EQUITY_MULTIPLIER":9.307502060963,"EQUITY_RATIO":9.330555555556},{"SECUCODE":"00432.HK","SECURITY_CODE":"00432","SECURITY_NAME_ABBR":"盈大地产","ORG_CODE":"10008902","STD_REPORT_DATE":"2022-06-30 00:00:00","REPORT_DATE":"2022-06-30 00:00:00","DATE_TYPE_CODE":"002","REPORT_TYPE":"2022年中报","PER_NETCASH_OPERATE":0.070068764333,"PER_OI":0.113704402001,"BPS":0.649080110318,"BASIC_EPS":-0.141020831,"DILUTED_EPS":-0.141020831,"OPERATE_INCOME":231756490,"OPERATE_INCOME_YOY":27.8301886792,"GROSS_PROFIT":113740270,"GROSS_PROFIT_YOY":-5.728336797854,"HOLDER_PROFIT":-287343840,"HOLDER_PROFIT_YOY":19.4244604317,"GROSS_PROFIT_RATIO":49.077490774908,"EPS_TTM":-0.301675692047,"OPERATE_INCOME_QOQ":14.49783824386,"NET_PROFIT_RATIO":-123.9852398524,"ROE_AVG":-16.978271854472,"GROSS_PROFIT_QOQ":-2.753482824123,"ROA":-2.523943661972,"HOLDER_PROFIT_QOQ":8.840882405266,"ROE_YEARLY":-33.956543708944,"ROIC_YEARLY":-6.111869031378,"TOTAL_ASSETS":9902245010,"TOTAL_LIABILITIES":8465525810,"TAX_EBT":-5.329153605016,"OCF_SALES":61.623616236162,"TOTAL_PARENT_EQUITY":1322978930,"DEBT_ASSET_RATIO":85.490975041,"OPERATE_PROFIT":-92360520,"PRETAX_PROFIT":-272805610,"NETCASH_OPERATE":142816730,"NETCASH_INVEST":1641964800,"NETCASH_FINANCE":-2260267170,"END_CASH":779078090,"DIVI_RATIO":null,"DIVIDEND_RATE":null,"CURRENT_RATIO":1.367142857143,"COMMON_ACS":4000000000,"CURRENTDEBT_DEBT":14.142842711385,"ISSUED_COMMON_SHARES":2038236743,"HK_COMMON_SHARES":2038236743,"PER_SHARES":1000,"TOTAL_MARKET_CAP":395417928.142,"HKSK_MARKET_CAP":395417928.142,"PE_TTM":-1.719208383226,"PB_TTM":-5.901760121522,"REPORT_DATE_SQ":"2021-06-30 00:00:00","REPORT_TYPE_SQ":"2021年中报","OPERATE_INCOME_SQ":176400960,"DPS_HKD":null,"OPERATE_INCOME_QOQ_SQ":-82.966581304212,"NET_PROFIT_RATIO_SQ":-196.6981132075,"HOLDER_PROFIT_SQ":-346977360,"HOLDER_PROFIT_QOQ_SQ":-18.381849563339,"ROE_AVG_SQ":-13.717105263158,"PE_TTM_SQ":-0.974808877087,"PB_TTM_SQ":0.545576694824,"ROA_SQ":-2.921497880688,"START_DATE":"2022-01-01 00:00:00","FISCAL_YEAR":"12-31","CURRENCY":"HKD","IS_CNY_CODE":0,"DPS_HKD_LY":null,"ORG_TYPE":"一般企业","PREMIUM_INCOME":null,"PREMIUM_INCOME_YOY":null,"NET_INTEREST_INCOME":null,"NET_INTEREST_INCOME_YOY":null,"FEE_COMMISSION_INCOME":null,"FEE_COMMISSION_INCOME_YOY":null,"ACCOUNTS_RECE_TDAYS":11.061224489796,"INVENTORY_TDAYS":0.526717557252,"CURRENT_ASSETS_TDAYS":0.080082742317,"TOTAL_ASSETS_TDAYS":0.020356807512,"PREMIUM_EXPENSE":null,"LOAN_DEPOSIT":null,"LOAN_EQUITY":null,"LOAN_ASSETS":null,"DEPOSIT_EQUITY":null,"DEPOSIT_ASSETS":null,"EQUITY_MULTIPLIER":6.892261904751,"EQUITY_RATIO":6.39883645766},{"SECUCODE":"00432.HK","SECURITY_CODE":"00432","SECURITY_NAME_ABBR":"盈大地产","ORG_CODE":"10008902","STD_REPORT_DATE":"2021-12-31 00:00:00","REPORT_DATE":"2021-12-31 00:00:00","DATE_TYPE_CODE":"001","REPORT_TYPE":"2021年年报","PER_NETCASH_OPERATE":-0.157243362971,"PER_OI":0.18732819007,"BPS":0.967126908476,"BASIC_EPS":-0.34715296,"DILUTED_EPS":-0.34715296,"OPERATE_INCOME":381819200,"OPERATE_INCOME_YOY":-74.6608790016,"GROSS_PROFIT":251003200,"GROSS_PROFIT_YOY":-33.578825686493,"HOLDER_PROFIT":-674520000,"HOLDER_PROFIT_YOY":-10.1468624833,"GROSS_PROFIT_RATIO":65.738758029979,"EPS_TTM":-0.330933098089,"OPERATE_INCOME_QOQ":44.512108809345,"NET_PROFIT_RATIO":-176.6595289079,"ROE_AVG":-29.333333333333,"GROSS_PROFIT_QOQ":2.231185506589,"ROA":-5.884660651236,"HOLDER_PROFIT_QOQ":9.613925555171,"ROE_YEARLY":-29.333333333333,"ROIC_YEARLY":-7.13883961407,"TOTAL_ASSETS":12301609600,"TOTAL_LIABILITIES":10221635200,"TAX_EBT":-5.36398467433,"OCF_SALES":-83.940042826553,"TOTAL_PARENT_EQUITY":1971233600,"DEBT_ASSET_RATIO":83.0918516549,"OPERATE_PROFIT":-292700800,"PRETAX_PROFIT":-640180800,"NETCASH_OPERATE":-320499200,"NETCASH_INVEST":-1801172800,"NETCASH_FINANCE":2406196800,"END_CASH":1239481600,"DIVI_RATIO":null,"DIVIDEND_RATE":null,"CURRENT_RATIO":1.443354148082,"COMMON_ACS":4000000000,"CURRENTDEBT_DEBT":26.899696048632,"ISSUED_COMMON_SHARES":2038236743,"HK_COMMON_SHARES":2038236743,"PER_SHARES":1000,"TOTAL_MARKET_CAP":395417928.142,"HKSK_MARKET_CAP":395417928.142,"PE_TTM":-1.719208383226,"PB_TTM":-5.901760121522,"REPORT_DATE_SQ":"2020-12-31 00:00:00","REPORT_TYPE_SQ":"2020年年报","OPERATE_INCOME_SQ":1551142520,"DPS_HKD":null,"OPERATE_INCOME_QOQ_SQ":-29.186382559015,"NET_PROFIT_RATIO_SQ":-40.6402604449,"HOLDER_PROFIT_SQ":-630388360,"HOLDER_PROFIT_QOQ_SQ":-76.022972315576,"ROE_AVG_SQ":-21.083743842365,"PE_TTM_SQ":-0.974808877087,"PB_TTM_SQ":0.545576694824,"ROA_SQ":-5.319224486897,"START_DATE":"2021-01-01 00:00:00","FISCAL_YEAR":"12-31","CURRENCY":"HKD","IS_CNY_CODE":0,"DPS_HKD_LY":null,"ORG_TYPE":"一般企业","PREMIUM_INCOME":null,"PREMIUM_INCOME_YOY":null,"NET_INTEREST_INCOME":null,"NET_INTEREST_INCOME_YOY":null,"FEE_COMMISSION_INCOME":null,"FEE_COMMISSION_INCOME_YOY":null,"ACCOUNTS_RECE_TDAYS":15.311475409836,"INVENTORY_TDAYS":0.558464223386,"CURRENT_ASSETS_TDAYS":0.125318663625,"TOTAL_ASSETS_TDAYS":0.033310745747,"PREMIUM_EXPENSE":null,"LOAN_DEPOSIT":null,"LOAN_EQUITY":null,"LOAN_ASSETS":null,"DEPOSIT_EQUITY":null,"DEPOSIT_ASSETS":null,"EQUITY_MULTIPLIER":5.914308176092,"EQUITY_RATIO":5.185400248859},{"SECUCODE":"00432.HK","SECURITY_CODE":"00432","SECURITY_NAME_ABBR":"盈大地产","ORG_CODE":"10008902","STD_REPORT_DATE":"2021-06-30 00:00:00","REPORT_DATE":"2021-06-30 00:00:00","DATE_TYPE_CODE":"002","REPORT_TYPE":"2021年中报","PER_NETCASH_OPERATE":-0.121654091877,"PER_OI":0.08654586402,"BPS":1.170002105099,"BASIC_EPS":-0.18763404,"DILUTED_EPS":-0.18763404,"OPERATE_INCOME":176400960,"OPERATE_INCOME_YOY":-86.7665418227,"GROSS_PROFIT":120651600,"GROSS_PROFIT_YOY":-52.315932851606,"HOLDER_PROFIT":-346977360,"HOLDER_PROFIT_YOY":-64.8221343874,"GROSS_PROFIT_RATIO":68.396226415094,"EPS_TTM":-0.366132836415,"OPERATE_INCOME_QOQ":-82.966581304212,"NET_PROFIT_RATIO":-196.6981132075,"ROE_AVG":-13.717105263158,"GROSS_PROFIT_QOQ":-35.028461242654,"ROA":-2.921497880688,"HOLDER_PROFIT_QOQ":-18.381849563339,"ROE_YEARLY":-27.434210526316,"ROIC_YEARLY":-7.258169792437,"TOTAL_ASSETS":12942172320,"TOTAL_LIABILITIES":10446764400,"TAX_EBT":-4.25,"OCF_SALES":-140.566037735849,"TOTAL_PARENT_EQUITY":2384741280,"DEBT_ASSET_RATIO":80.7187861643,"OPERATE_PROFIT":-173904720,"PRETAX_PROFIT":-332832000,"NETCASH_OPERATE":-247959840,"NETCASH_INVEST":-34115280,"NETCASH_FINANCE":2716741200,"END_CASH":3409863840,"DIVI_RATIO":null,"DIVIDEND_RATE":null,"CURRENT_RATIO":1.59900264007,"COMMON_ACS":4000000000,"CURRENTDEBT_DEBT":27.152528872959,"ISSUED_COMMON_SHARES":2038236743,"HK_COMMON_SHARES":2038236743,"PER_SHARES":1000,"TOTAL_MARKET_CAP":395417928.142,"HKSK_MARKET_CAP":395417928.142,"PE_TTM":-1.719208383226,"PB_TTM":-5.901760121522,"REPORT_DATE_SQ":"2020-06-30 00:00:00","REPORT_TYPE_SQ":"2020年中报","OPERATE_INCOME_SQ":1463330880,"DPS_HKD":null,"OPERATE_INCOME_QOQ_SQ":140.917039909188,"NET_PROFIT_RATIO_SQ":-15.7927590512,"HOLDER_PROFIT_SQ":-231100320,"HOLDER_PROFIT_QOQ_SQ":-35.523764725827,"ROE_AVG_SQ":-6.794682422452,"PE_TTM_SQ":-0.974808877087,"PB_TTM_SQ":0.545576694824,"ROA_SQ":-1.753352507017,"START_DATE":"2021-01-01 00:00:00","FISCAL_YEAR":"12-31","CURRENCY":"HKD","IS_CNY_CODE":0,"DPS_HKD_LY":null,"ORG_TYPE":"一般企业","PREMIUM_INCOME":null,"PREMIUM_INCOME_YOY":null,"NET_INTEREST_INCOME":null,"NET_INTEREST_INCOME_YOY":null,"FEE_COMMISSION_INCOME":null,"FEE_COMMISSION_INCOME_YOY":null,"ACCOUNTS_RECE_TDAYS":10.095238095238,"INVENTORY_TDAYS":0.230240549828,"CURRENT_ASSETS_TDAYS":0.052670807453,"TOTAL_ASSETS_TDAYS":0.014852699058,"PREMIUM_EXPENSE":null,"LOAN_DEPOSIT":null,"LOAN_EQUITY":null,"LOAN_ASSETS":null,"DEPOSIT_EQUITY":null,"DEPOSIT_ASSETS":null,"EQUITY_MULTIPLIER":5.186395465147,"EQUITY_RATIO":4.380669923238},{"SECUCODE":"00432.HK","SECURITY_CODE":"00432","SECURITY_NAME_ABBR":"盈大地产","ORG_CODE":"10008902","STD_REPORT_DATE":"2020-12-31 00:00:00","REPORT_DATE":"2020-12-31 00:00:00","DATE_TYPE_CODE":"001","REPORT_TYPE":"2020年年报","PER_NETCASH_OPERATE":0.342540489495,"PER_OI":0.977247867088,"BPS":1.327142673338,"BASIC_EPS":-0.397169916,"DILUTED_EPS":-0.397169916,"OPERATE_INCOME":1551142520,"OPERATE_INCOME_YOY":81.5763546798,"GROSS_PROFIT":377896360,"GROSS_PROFIT_YOY":-22.735730262132,"HOLDER_PROFIT":-630388360,"HOLDER_PROFIT_YOY":-153.8983050847,"GROSS_PROFIT_RATIO":24.36245252306,"EPS_TTM":-0.397156078377,"OPERATE_INCOME_QOQ":-29.186382559015,"NET_PROFIT_RATIO":-40.6402604449,"ROE_AVG":-21.083743842365,"GROSS_PROFIT_QOQ":-35.655157359476,"ROA":-5.319224486897,"HOLDER_PROFIT_QOQ":-76.022972315576,"ROE_YEARLY":-21.083743842365,"ROIC_YEARLY":-5.917206509717,"TOTAL_ASSETS":10935428520,"TOTAL_LIABILITIES":8118459440,"TAX_EBT":-7.153075822604,"OCF_SALES":35.051546391753,"TOTAL_PARENT_EQUITY":2705030960,"DEBT_ASSET_RATIO":74.2399753714,"OPERATE_PROFIT":-388837680,"PRETAX_PROFIT":-588306360,"NETCASH_OPERATE":543699440,"NETCASH_INVEST":-177586040,"NETCASH_FINANCE":-524341720,"END_CASH":1011651280,"DIVI_RATIO":null,"DIVIDEND_RATE":null,"CURRENT_RATIO":1.297553669496,"COMMON_ACS":4000000000,"CURRENTDEBT_DEBT":20.765083972631,"ISSUED_COMMON_SHARES":2038236743,"HK_COMMON_SHARES":2038236743,"PER_SHARES":1000,"TOTAL_MARKET_CAP":395417928.142,"HKSK_MARKET_CAP":395417928.142,"PE_TTM":-1.719208383226,"PB_TTM":-5.901760121522,"REPORT_DATE_SQ":"2019-12-31 00:00:00","REPORT_TYPE_SQ":"2019年年报","OPERATE_INCOME_SQ":909216700,"DPS_HKD":null,"OPERATE_INCOME_QOQ_SQ":197.286911128018,"NET_PROFIT_RATIO_SQ":-29.0640394089,"HOLDER_PROFIT_SQ":-264255100,"HOLDER_PROFIT_QOQ_SQ":25.181011740451,"ROE_AVG_SQ":-7.502543234995,"PE_TTM_SQ":-0.974808877087,"PB_TTM_SQ":0.545576694824,"ROA_SQ":-2.206349799933,"START_DATE":"2020-01-01 00:00:00","FISCAL_YEAR":"12-31","CURRENCY":"HKD","IS_CNY_CODE":0,"DPS_HKD_LY":null,"ORG_TYPE":"一般企业","PREMIUM_INCOME":null,"PREMIUM_INCOME_YOY":null,"NET_INTEREST_INCOME":null,"NET_INTEREST_INCOME_YOY":null,"FEE_COMMISSION_INCOME":null,"FEE_COMMISSION_INCOME_YOY":null,"ACCOUNTS_RECE_TDAYS":72.274509803922,"INVENTORY_TDAYS":1.623762376238,"CURRENT_ASSETS_TDAYS":0.506179620983,"TOTAL_ASSETS_TDAYS":0.130885590512,"PREMIUM_EXPENSE":null,"LOAN_DEPOSIT":null,"LOAN_EQUITY":null,"LOAN_ASSETS":null,"DEPOSIT_EQUITY":null,"DEPOSIT_ASSETS":null,"EQUITY_MULTIPLIER":3.881983866156,"EQUITY_RATIO":3.001244555072}],"count":49},"success":true,"message":"ok","code":0}