{"version":"e55f9c0f1115cb29a0a50142623c3893","result":{"pages":6,"data":[{"SECUCODE":"00430.HK","SECURITY_CODE":"00430","SECURITY_NAME_ABBR":"东方兴业控股","ORG_CODE":"10008900","STD_REPORT_DATE":"2024-06-30 00:00:00","REPORT_DATE":"2024-06-30 00:00:00","DATE_TYPE_CODE":"002","REPORT_TYPE":"2024年中报","PER_NETCASH_OPERATE":-0.326065296009,"PER_OI":0.029923155847,"BPS":3.455368603826,"BASIC_EPS":0.006571296,"DILUTED_EPS":0.006571296,"OPERATE_INCOME":11615678.36,"OPERATE_INCOME_YOY":5.1036419192,"GROSS_PROFIT":null,"GROSS_PROFIT_YOY":null,"HOLDER_PROFIT":2537250.4,"HOLDER_PROFIT_YOY":22.0904699166,"GROSS_PROFIT_RATIO":null,"EPS_TTM":-0.094157438851,"OPERATE_INCOME_QOQ":2.018468793431,"NET_PROFIT_RATIO":21.8433252141,"ROE_AVG":0.189028333171,"GROSS_PROFIT_QOQ":null,"ROA":0.15958338404,"HOLDER_PROFIT_QOQ":1.183893906498,"ROE_YEARLY":0.378056666343,"ROIC_YEARLY":0.335234098614,"TOTAL_ASSETS":1523048440.2,"TOTAL_LIABILITIES":181731016.24,"TAX_EBT":14.880587875077,"OCF_SALES":-1089.67549304628,"TOTAL_PARENT_EQUITY":1341317423.96,"DEBT_ASSET_RATIO":11.9320575396,"OPERATE_PROFIT":6351340.12,"PRETAX_PROFIT":2980812.88,"NETCASH_OPERATE":-126573200.44,"NETCASH_INVEST":89442.64,"NETCASH_FINANCE":-11158425.68,"END_CASH":7296876.6,"DIVI_RATIO":-0.193039235368,"DIVIDEND_RATE":5.128205128205,"CURRENT_RATIO":0.082681622629,"COMMON_ACS":2000000000,"CURRENTDEBT_DEBT":86.500969274501,"ISSUED_COMMON_SHARES":388183600,"HK_COMMON_SHARES":388183600,"PER_SHARES":4000,"TOTAL_MARKET_CAP":151391604,"HKSK_MARKET_CAP":151391604,"PE_TTM":-3.755404063205,"PB_TTM":0.103012222663,"REPORT_DATE_SQ":"2023-06-30 00:00:00","REPORT_TYPE_SQ":"2023年中报","OPERATE_INCOME_SQ":11164255.82,"DPS_HKD":0.02,"OPERATE_INCOME_QOQ_SQ":2.537396899065,"NET_PROFIT_RATIO_SQ":18.8041952267,"HOLDER_PROFIT_SQ":2099348.46,"HOLDER_PROFIT_QOQ_SQ":-30.245220256903,"ROE_AVG_SQ":0.149897648937,"PE_TTM_SQ":14.514649748682,"PB_TTM_SQ":0.078002641902,"ROA_SQ":0.121153173899,"START_DATE":"2024-01-01 00:00:00","FISCAL_YEAR":"12-31","CURRENCY":"HKD","IS_CNY_CODE":0,"DPS_HKD_LY":0.02,"ORG_TYPE":"证券","PREMIUM_INCOME":null,"PREMIUM_INCOME_YOY":null,"NET_INTEREST_INCOME":null,"NET_INTEREST_INCOME_YOY":null,"FEE_COMMISSION_INCOME":null,"FEE_COMMISSION_INCOME_YOY":null,"ACCOUNTS_RECE_TDAYS":62.694581280788,"INVENTORY_TDAYS":null,"CURRENT_ASSETS_TDAYS":0.145438131371,"TOTAL_ASSETS_TDAYS":0.007305819168,"PREMIUM_EXPENSE":null,"LOAN_DEPOSIT":null,"LOAN_EQUITY":null,"LOAN_ASSETS":null,"DEPOSIT_EQUITY":null,"DEPOSIT_ASSETS":null,"EQUITY_MULTIPLIER":1.135486957073,"EQUITY_RATIO":0.135486957072},{"SECUCODE":"00430.HK","SECURITY_CODE":"00430","SECURITY_NAME_ABBR":"东方兴业控股","ORG_CODE":"10008900","STD_REPORT_DATE":"2023-12-31 00:00:00","REPORT_DATE":"2023-12-31 00:00:00","DATE_TYPE_CODE":"001","REPORT_TYPE":"2023年年报","PER_NETCASH_OPERATE":0.028509083434,"PER_OI":0.057613467905,"BPS":3.435729748552,"BASIC_EPS":-0.095243722,"DILUTED_EPS":-0.095243722,"OPERATE_INCOME":22364603.38,"OPERATE_INCOME_YOY":-6.6533020652,"GROSS_PROFIT":null,"GROSS_PROFIT_YOY":null,"HOLDER_PROFIT":-36988275.52,"HOLDER_PROFIT_YOY":-434.9967170059,"GROSS_PROFIT_RATIO":null,"EPS_TTM":-0.095285518296,"OPERATE_INCOME_QOQ":-7.643478817186,"NET_PROFIT_RATIO":-165.387576482,"ROE_AVG":-2.728398783665,"GROSS_PROFIT_QOQ":null,"ROA":-2.211557087145,"HOLDER_PROFIT_QOQ":-587.211435508538,"ROE_YEARLY":-2.728398783665,"ROIC_YEARLY":-2.430694304579,"TOTAL_ASSETS":1645067509.54,"TOTAL_LIABILITIES":311373567.12,"TAX_EBT":-7.21866134286,"OCF_SALES":49.483366424896,"TOTAL_PARENT_EQUITY":1333693942.42,"DEBT_ASSET_RATIO":18.9277075448,"OPERATE_PROFIT":-27569024.84,"PRETAX_PROFIT":-34497982.96,"NETCASH_OPERATE":11066758.64,"NETCASH_INVEST":879939.62,"NETCASH_FINANCE":-25339723.64,"END_CASH":144081730.24,"DIVI_RATIO":-0.190753855623,"DIVIDEND_RATE":5.333333333333,"CURRENT_RATIO":0.507629839889,"COMMON_ACS":2000000000,"CURRENTDEBT_DEBT":92.177149908614,"ISSUED_COMMON_SHARES":388183600,"HK_COMMON_SHARES":388183600,"PER_SHARES":4000,"TOTAL_MARKET_CAP":145568850,"HKSK_MARKET_CAP":145568850,"PE_TTM":-3.61096544539,"PB_TTM":0.099050214099,"REPORT_DATE_SQ":"2022-12-31 00:00:00","REPORT_TYPE_SQ":"2022年年报","OPERATE_INCOME_SQ":23616272.26,"DPS_HKD":0.02,"OPERATE_INCOME_QOQ_SQ":8.887648211885,"NET_PROFIT_RATIO_SQ":46.0851804221,"HOLDER_PROFIT_SQ":10883601.68,"HOLDER_PROFIT_QOQ_SQ":-21.890910949457,"ROE_AVG_SQ":0.80192134668,"PE_TTM_SQ":14.514649748682,"PB_TTM_SQ":0.078002641902,"ROA_SQ":0.650172748829,"START_DATE":"2023-01-01 00:00:00","FISCAL_YEAR":"12-31","CURRENCY":"HKD","IS_CNY_CODE":0,"DPS_HKD_LY":0.02,"ORG_TYPE":"证券","PREMIUM_INCOME":null,"PREMIUM_INCOME_YOY":null,"NET_INTEREST_INCOME":null,"NET_INTEREST_INCOME_YOY":null,"FEE_COMMISSION_INCOME":null,"FEE_COMMISSION_INCOME_YOY":null,"ACCOUNTS_RECE_TDAYS":28.220697541452,"INVENTORY_TDAYS":null,"CURRENT_ASSETS_TDAYS":0.146251125966,"TOTAL_ASSETS_TDAYS":0.013371966227,"PREMIUM_EXPENSE":null,"LOAN_DEPOSIT":null,"LOAN_EQUITY":null,"LOAN_ASSETS":null,"DEPOSIT_EQUITY":null,"DEPOSIT_ASSETS":null,"EQUITY_MULTIPLIER":1.23346703259,"EQUITY_RATIO":0.23346703259},{"SECUCODE":"00430.HK","SECURITY_CODE":"00430","SECURITY_NAME_ABBR":"东方兴业控股","ORG_CODE":"10008900","STD_REPORT_DATE":"2023-06-30 00:00:00","REPORT_DATE":"2023-06-30 00:00:00","DATE_TYPE_CODE":"002","REPORT_TYPE":"2023年中报","PER_NETCASH_OPERATE":0.041614358721,"PER_OI":0.028760245976,"BPS":3.605056099949,"BASIC_EPS":0.005439682,"DILUTED_EPS":0.005439682,"OPERATE_INCOME":11164255.82,"OPERATE_INCOME_YOY":-1.9831633479,"GROSS_PROFIT":null,"GROSS_PROFIT_YOY":null,"HOLDER_PROFIT":2099348.46,"HOLDER_PROFIT_YOY":-63.8800761421,"GROSS_PROFIT_RATIO":null,"EPS_TTM":0.019557323854,"OPERATE_INCOME_QOQ":2.537396899065,"NET_PROFIT_RATIO":18.8041952267,"ROE_AVG":0.149897648937,"GROSS_PROFIT_QOQ":null,"ROA":0.121153173899,"HOLDER_PROFIT_QOQ":-30.245220256903,"ROE_YEARLY":0.299795297875,"ROIC_YEARLY":0.267690167148,"TOTAL_ASSETS":1736115999.4,"TOTAL_LIABILITIES":336692344.32,"TAX_EBT":30.895295902883,"OCF_SALES":144.694029234454,"TOTAL_PARENT_EQUITY":1399423655.08,"DEBT_ASSET_RATIO":19.3934244277,"OPERATE_PROFIT":6081380.08,"PRETAX_PROFIT":3037924.1,"NETCASH_OPERATE":16154011.58,"NETCASH_INVEST":654605.8,"NETCASH_FINANCE":-8626044.88,"END_CASH":168405178.88,"DIVI_RATIO":0.929374598269,"DIVIDEND_RATE":6.060606060606,"CURRENT_RATIO":0.542550554969,"COMMON_ACS":2000000000,"CURRENTDEBT_DEBT":92.812938135296,"ISSUED_COMMON_SHARES":388183600,"HK_COMMON_SHARES":388183600,"PER_SHARES":4000,"TOTAL_MARKET_CAP":128100588,"HKSK_MARKET_CAP":128100588,"PE_TTM":-3.177649591943,"PB_TTM":0.087164188407,"REPORT_DATE_SQ":"2022-06-30 00:00:00","REPORT_TYPE_SQ":"2022年中报","OPERATE_INCOME_SQ":10565017.26,"DPS_HKD":0.02,"OPERATE_INCOME_QOQ_SQ":-4.175029653232,"NET_PROFIT_RATIO_SQ":51.1439234139,"HOLDER_PROFIT_SQ":5391117.76,"HOLDER_PROFIT_QOQ_SQ":-9.382795804993,"ROE_AVG_SQ":0.415353040201,"PE_TTM_SQ":14.038759592988,"PB_TTM_SQ":0.075445178233,"ROA_SQ":0.336410424988,"START_DATE":"2023-01-01 00:00:00","FISCAL_YEAR":"12-31","CURRENCY":"HKD","IS_CNY_CODE":0,"DPS_HKD_LY":0.02,"ORG_TYPE":"证券","PREMIUM_INCOME":null,"PREMIUM_INCOME_YOY":null,"NET_INTEREST_INCOME":null,"NET_INTEREST_INCOME_YOY":null,"FEE_COMMISSION_INCOME":null,"FEE_COMMISSION_INCOME_YOY":null,"ACCOUNTS_RECE_TDAYS":14.776082977425,"INVENTORY_TDAYS":null,"CURRENT_ASSETS_TDAYS":0.067159543433,"TOTAL_ASSETS_TDAYS":0.00644288003,"PREMIUM_EXPENSE":null,"LOAN_DEPOSIT":null,"LOAN_EQUITY":null,"LOAN_ASSETS":null,"DEPOSIT_EQUITY":null,"DEPOSIT_ASSETS":null,"EQUITY_MULTIPLIER":1.240593578005,"EQUITY_RATIO":0.240593578005},{"SECUCODE":"00430.HK","SECURITY_CODE":"00430","SECURITY_NAME_ABBR":"东方兴业控股","ORG_CODE":"10008900","STD_REPORT_DATE":"2022-12-31 00:00:00","REPORT_DATE":"2022-12-31 00:00:00","DATE_TYPE_CODE":"001","REPORT_TYPE":"2022年年报","PER_NETCASH_OPERATE":0.040297797846,"PER_OI":0.060837892842,"BPS":3.498275486883,"BASIC_EPS":0.028048678,"DILUTED_EPS":0.028048678,"OPERATE_INCOME":23616272.26,"OPERATE_INCOME_YOY":-4.5076934191,"GROSS_PROFIT":null,"GROSS_PROFIT_YOY":null,"HOLDER_PROFIT":10883601.68,"HOLDER_PROFIT_YOY":-35.2156112086,"GROSS_PROFIT_RATIO":null,"EPS_TTM":0.028037252681,"OPERATE_INCOME_QOQ":8.7552778939,"NET_PROFIT_RATIO":46.0851804221,"ROE_AVG":0.80192134668,"GROSS_PROFIT_QOQ":null,"ROA":0.650172748829,"HOLDER_PROFIT_QOQ":-21.890910949457,"ROE_YEARLY":0.80192134668,"ROIC_YEARLY":0.716059533321,"TOTAL_ASSETS":1675638742.96,"TOTAL_LIABILITIES":317665570.67,"TAX_EBT":17.166360731525,"OCF_SALES":66.23799077086,"TOTAL_PARENT_EQUITY":1357973172.29,"DEBT_ASSET_RATIO":18.9578793164,"OPERATE_PROFIT":16206597.61,"PRETAX_PROFIT":13139108.43,"NETCASH_OPERATE":12639770.5,"NETCASH_INVEST":1476575.31,"NETCASH_FINANCE":-11742034.15,"END_CASH":155233353.87,"DIVI_RATIO":0.648283204011,"DIVIDEND_RATE":5.333333333333,"CURRENT_RATIO":0.536510056926,"COMMON_ACS":2000000000,"CURRENTDEBT_DEBT":92.619670941817,"ISSUED_COMMON_SHARES":388183600,"HK_COMMON_SHARES":388183600,"PER_SHARES":4000,"TOTAL_MARKET_CAP":145568850,"HKSK_MARKET_CAP":145568850,"PE_TTM":-3.61096544539,"PB_TTM":0.099050214099,"REPORT_DATE_SQ":"2021-12-31 00:00:00","REPORT_TYPE_SQ":"2021年年报","OPERATE_INCOME_SQ":22636073.6,"DPS_HKD":0.02,"OPERATE_INCOME_QOQ_SQ":3.552291150489,"NET_PROFIT_RATIO_SQ":67.929639529,"HOLDER_PROFIT_SQ":15376603.2,"HOLDER_PROFIT_QOQ_SQ":-42.866163313531,"ROE_AVG_SQ":1.241414818164,"PE_TTM_SQ":14.514649748682,"PB_TTM_SQ":0.078002641902,"ROA_SQ":1.008983585977,"START_DATE":"2022-01-01 00:00:00","FISCAL_YEAR":"12-31","CURRENCY":"HKD","IS_CNY_CODE":0,"DPS_HKD_LY":0.028,"ORG_TYPE":"证券","PREMIUM_INCOME":null,"PREMIUM_INCOME_YOY":null,"NET_INTEREST_INCOME":null,"NET_INTEREST_INCOME_YOY":null,"FEE_COMMISSION_INCOME":null,"FEE_COMMISSION_INCOME_YOY":null,"ACCOUNTS_RECE_TDAYS":24.859426422191,"INVENTORY_TDAYS":null,"CURRENT_ASSETS_TDAYS":0.15057952442,"TOTAL_ASSETS_TDAYS":0.014108065605,"PREMIUM_EXPENSE":null,"LOAN_DEPOSIT":null,"LOAN_EQUITY":null,"LOAN_ASSETS":null,"DEPOSIT_EQUITY":null,"DEPOSIT_ASSETS":null,"EQUITY_MULTIPLIER":1.233926249171,"EQUITY_RATIO":0.233926249172},{"SECUCODE":"00430.HK","SECURITY_CODE":"00430","SECURITY_NAME_ABBR":"东方兴业控股","ORG_CODE":"10008900","STD_REPORT_DATE":"2022-06-30 00:00:00","REPORT_DATE":"2022-06-30 00:00:00","DATE_TYPE_CODE":"002","REPORT_TYPE":"2022年中报","PER_NETCASH_OPERATE":0.025762530565,"PER_OI":0.02721654717,"BPS":3.342068180753,"BASIC_EPS":0.013854078,"DILUTED_EPS":0.013854078,"OPERATE_INCOME":10565017.26,"OPERATE_INCOME_YOY":-10.5042016807,"GROSS_PROFIT":null,"GROSS_PROFIT_YOY":null,"HOLDER_PROFIT":5391117.76,"HOLDER_PROFIT_YOY":-23.2436381347,"GROSS_PROFIT_RATIO":null,"EPS_TTM":0.035894993812,"OPERATE_INCOME_QOQ":-4.06879336176,"NET_PROFIT_RATIO":51.0280071232,"ROE_AVG":0.415353040201,"GROSS_PROFIT_QOQ":null,"ROA":0.336410424988,"HOLDER_PROFIT_QOQ":-9.382795804993,"ROE_YEARLY":0.830706080402,"ROIC_YEARLY":0.741099952682,"TOTAL_ASSETS":1604100407.56,"TOTAL_LIABILITIES":306764349.71,"TAX_EBT":6.260223048327,"OCF_SALES":94.657600777076,"TOTAL_PARENT_EQUITY":1297336057.85,"DEBT_ASSET_RATIO":19.1237623446,"OPERATE_PROFIT":6545624.26,"PRETAX_PROFIT":5751152.75,"NETCASH_OPERATE":10000591.86,"NETCASH_INVEST":105188.37,"NETCASH_FINANCE":-7421338.82,"END_CASH":148987781.04,"DIVI_RATIO":0.506368105121,"DIVIDEND_RATE":5.333333333333,"CURRENT_RATIO":0.534540357365,"COMMON_ACS":2000000000,"CURRENTDEBT_DEBT":92.877792305183,"ISSUED_COMMON_SHARES":388183600,"HK_COMMON_SHARES":388183600,"PER_SHARES":4000,"TOTAL_MARKET_CAP":145568850,"HKSK_MARKET_CAP":145568850,"PE_TTM":-3.61096544539,"PB_TTM":0.099050214099,"REPORT_DATE_SQ":"2021-06-30 00:00:00","REPORT_TYPE_SQ":"2021年中报","OPERATE_INCOME_SQ":11486032.32,"DPS_HKD":0.02,"OPERATE_INCOME_QOQ_SQ":69.059268993434,"NET_PROFIT_RATIO_SQ":59.1672069736,"HOLDER_PROFIT_SQ":6833873.04,"HOLDER_PROFIT_QOQ_SQ":127.708932105338,"ROE_AVG_SQ":0.543302995112,"PE_TTM_SQ":14.514649748682,"PB_TTM_SQ":0.078002641902,"ROA_SQ":0.432126242106,"START_DATE":"2022-01-01 00:00:00","FISCAL_YEAR":"12-31","CURRENCY":"HKD","IS_CNY_CODE":0,"DPS_HKD_LY":0.028,"ORG_TYPE":"证券","PREMIUM_INCOME":null,"PREMIUM_INCOME_YOY":null,"NET_INTEREST_INCOME":null,"NET_INTEREST_INCOME_YOY":null,"FEE_COMMISSION_INCOME":null,"FEE_COMMISSION_INCOME_YOY":null,"ACCOUNTS_RECE_TDAYS":15.308550185874,"INVENTORY_TDAYS":null,"CURRENT_ASSETS_TDAYS":0.070088646195,"TOTAL_ASSETS_TDAYS":0.006592662421,"PREMIUM_EXPENSE":null,"LOAN_DEPOSIT":null,"LOAN_EQUITY":null,"LOAN_ASSETS":null,"DEPOSIT_EQUITY":null,"DEPOSIT_ASSETS":null,"EQUITY_MULTIPLIER":1.236457121387,"EQUITY_RATIO":0.236457121386},{"SECUCODE":"00430.HK","SECURITY_CODE":"00430","SECURITY_NAME_ABBR":"东方兴业控股","ORG_CODE":"10008900","STD_REPORT_DATE":"2021-12-31 00:00:00","REPORT_DATE":"2021-12-31 00:00:00","DATE_TYPE_CODE":"001","REPORT_TYPE":"2021年年报","PER_NETCASH_OPERATE":0.037227435677,"PER_OI":0.058312802499,"BPS":3.198242172003,"BASIC_EPS":0.03957184,"DILUTED_EPS":0.03957184,"OPERATE_INCOME":22636073.6,"OPERATE_INCOME_YOY":80.6708431219,"GROSS_PROFIT":null,"GROSS_PROFIT_YOY":null,"HOLDER_PROFIT":15376603.2,"HOLDER_PROFIT_YOY":116.2966621608,"GROSS_PROFIT_RATIO":null,"EPS_TTM":0.039611676537,"OPERATE_INCOME_QOQ":3.552291150489,"NET_PROFIT_RATIO":67.929639529,"ROE_AVG":1.241414818164,"GROSS_PROFIT_QOQ":null,"ROA":1.008983585977,"HOLDER_PROFIT_QOQ":-42.866163313531,"ROE_YEARLY":1.241414818164,"ROIC_YEARLY":1.107689480602,"TOTAL_ASSETS":1530611790.4,"TOTAL_LIABILITIES":289106630.4,"TAX_EBT":11.379700310998,"OCF_SALES":63.840930434154,"TOTAL_PARENT_EQUITY":1241505160,"DEBT_ASSET_RATIO":18.8883054615,"OPERATE_PROFIT":17703492.8,"PRETAX_PROFIT":17351107.2,"NETCASH_OPERATE":14451080,"NETCASH_INVEST":902630.4,"NETCASH_FINANCE":-7516196.8,"END_CASH":139872555.2,"DIVI_RATIO":0.458856619795,"DIVIDEND_RATE":5.333333333333,"CURRENT_RATIO":0.531729338893,"COMMON_ACS":2000000000,"CURRENTDEBT_DEBT":92.774968608952,"ISSUED_COMMON_SHARES":388183600,"HK_COMMON_SHARES":388183600,"PER_SHARES":4000,"TOTAL_MARKET_CAP":145568850,"HKSK_MARKET_CAP":145568850,"PE_TTM":-3.61096544539,"PB_TTM":0.099050214099,"REPORT_DATE_SQ":"2020-12-31 00:00:00","REPORT_TYPE_SQ":"2020年年报","OPERATE_INCOME_SQ":12897291.36,"DPS_HKD":0.02,"OPERATE_INCOME_QOQ_SQ":111.963121114171,"NET_PROFIT_RATIO_SQ":-751.1814098809,"HOLDER_PROFIT_SQ":-97128622.56,"HOLDER_PROFIT_QOQ_SQ":7.058497860237,"ROE_AVG_SQ":-7.795563370363,"PE_TTM_SQ":14.514649748682,"PB_TTM_SQ":0.078002641902,"ROA_SQ":-6.39200462158,"START_DATE":"2021-01-01 00:00:00","FISCAL_YEAR":"12-31","CURRENCY":"HKD","IS_CNY_CODE":0,"DPS_HKD_LY":0.012,"ORG_TYPE":"证券","PREMIUM_INCOME":null,"PREMIUM_INCOME_YOY":null,"NET_INTEREST_INCOME":null,"NET_INTEREST_INCOME_YOY":null,"FEE_COMMISSION_INCOME":null,"FEE_COMMISSION_INCOME_YOY":null,"ACCOUNTS_RECE_TDAYS":46.066555740433,"INVENTORY_TDAYS":null,"CURRENT_ASSETS_TDAYS":0.163956852213,"TOTAL_ASSETS_TDAYS":0.014853362876,"PREMIUM_EXPENSE":null,"LOAN_DEPOSIT":null,"LOAN_EQUITY":null,"LOAN_ASSETS":null,"DEPOSIT_EQUITY":null,"DEPOSIT_ASSETS":null,"EQUITY_MULTIPLIER":1.232867844384,"EQUITY_RATIO":0.232867844383},{"SECUCODE":"00430.HK","SECURITY_CODE":"00430","SECURITY_NAME_ABBR":"东方兴业控股","ORG_CODE":"10008900","STD_REPORT_DATE":"2021-06-30 00:00:00","REPORT_DATE":"2021-06-30 00:00:00","DATE_TYPE_CODE":"002","REPORT_TYPE":"2021年中报","PER_NETCASH_OPERATE":0.208714715408,"PER_OI":0.029589174607,"BPS":3.240799148444,"BASIC_EPS":0.017640096,"DILUTED_EPS":0.017640096,"OPERATE_INCOME":11486032.32,"OPERATE_INCOME_YOY":383.8271174625,"GROSS_PROFIT":null,"GROSS_PROFIT_YOY":null,"HOLDER_PROFIT":6833873.04,"HOLDER_PROFIT_YOY":106.400654639,"GROSS_PROFIT_RATIO":null,"EPS_TTM":0.069331378451,"OPERATE_INCOME_QOQ":69.059268993434,"NET_PROFIT_RATIO":59.1672069736,"ROE_AVG":0.543302995112,"GROSS_PROFIT_QOQ":null,"ROA":0.432126242106,"HOLDER_PROFIT_QOQ":127.708932105338,"ROE_YEARLY":1.086605990225,"ROIC_YEARLY":0.969374928445,"TOTAL_ASSETS":1618705965.84,"TOTAL_LIABILITIES":360680885.52,"TAX_EBT":null,"OCF_SALES":701.462430660615,"TOTAL_PARENT_EQUITY":1258025080.32,"DEBT_ASSET_RATIO":22.2820507944,"OPERATE_PROFIT":6833873.04,"PRETAX_PROFIT":6833873.04,"NETCASH_OPERATE":81019629.6,"NETCASH_INVEST":9984.96,"NETCASH_FINANCE":-6155727.84,"END_CASH":208935288,"DIVI_RATIO":0.262162391779,"DIVIDEND_RATE":5.333333333333,"CURRENT_RATIO":0.617894901485,"COMMON_ACS":2000000000,"CURRENTDEBT_DEBT":94.396139054927,"ISSUED_COMMON_SHARES":388183600,"HK_COMMON_SHARES":388183600,"PER_SHARES":4000,"TOTAL_MARKET_CAP":145568850,"HKSK_MARKET_CAP":145568850,"PE_TTM":-3.61096544539,"PB_TTM":0.099050214099,"REPORT_DATE_SQ":"2020-06-30 00:00:00","REPORT_TYPE_SQ":"2020年中报","OPERATE_INCOME_SQ":2620659.36,"DPS_HKD":0.02,"OPERATE_INCOME_QOQ_SQ":-345.664491920714,"NET_PROFIT_RATIO_SQ":null,"HOLDER_PROFIT_SQ":-117208053.6,"HOLDER_PROFIT_QOQ_SQ":-324.159509584099,"ROE_AVG_SQ":-9.263627690461,"PE_TTM_SQ":14.514649748682,"PB_TTM_SQ":0.078002641902,"ROA_SQ":-7.697914666923,"START_DATE":"2021-01-01 00:00:00","FISCAL_YEAR":"12-31","CURRENCY":"HKD","IS_CNY_CODE":0,"DPS_HKD_LY":0.012,"ORG_TYPE":"证券","PREMIUM_INCOME":null,"PREMIUM_INCOME_YOY":null,"NET_INTEREST_INCOME":null,"NET_INTEREST_INCOME_YOY":null,"FEE_COMMISSION_INCOME":null,"FEE_COMMISSION_INCOME_YOY":null,"ACCOUNTS_RECE_TDAYS":22.760098928277,"INVENTORY_TDAYS":null,"CURRENT_ASSETS_TDAYS":0.066717133485,"TOTAL_ASSETS_TDAYS":0.007303475425,"PREMIUM_EXPENSE":null,"LOAN_DEPOSIT":null,"LOAN_EQUITY":null,"LOAN_ASSETS":null,"DEPOSIT_EQUITY":null,"DEPOSIT_ASSETS":null,"EQUITY_MULTIPLIER":1.286704049993,"EQUITY_RATIO":0.286704049993},{"SECUCODE":"00430.HK","SECURITY_CODE":"00430","SECURITY_NAME_ABBR":"东方兴业控股","ORG_CODE":"10008900","STD_REPORT_DATE":"2020-12-31 00:00:00","REPORT_DATE":"2020-12-31 00:00:00","DATE_TYPE_CODE":"001","REPORT_TYPE":"2020年年报","PER_NETCASH_OPERATE":0.054569065561,"PER_OI":0.003322471981,"BPS":3.277060097851,"BASIC_EPS":-0.304084532,"DILUTED_EPS":-0.304084532,"OPERATE_INCOME":12897291.36,"OPERATE_INCOME_YOY":188.6696730552,"GROSS_PROFIT":null,"GROSS_PROFIT_YOY":null,"HOLDER_PROFIT":-97128622.56,"HOLDER_PROFIT_YOY":-321.7388798155,"GROSS_PROFIT_RATIO":null,"EPS_TTM":-0.025021310138,"OPERATE_INCOME_QOQ":111.963121114171,"NET_PROFIT_RATIO":-751.1814098809,"ROE_AVG":-7.795563370363,"GROSS_PROFIT_QOQ":null,"ROA":-6.39200462158,"HOLDER_PROFIT_QOQ":7.058497860237,"ROE_YEARLY":-7.795563370363,"ROIC_YEARLY":-7.104431835986,"TOTAL_ASSETS":1561941602.84,"TOTAL_LIABILITIES":289840616.64,"TAX_EBT":30.196667577165,"OCF_SALES":1638.25424721734,"TOTAL_PARENT_EQUITY":1272100986.2,"DEBT_ASSET_RATIO":18.5564310543,"OPERATE_PROFIT":6162488.08,"PRETAX_PROFIT":6162488.08,"NETCASH_OPERATE":212098329.84,"NETCASH_INVEST":271008.08,"NETCASH_FINANCE":-245651150.08,"END_CASH":135601670.24,"DIVI_RATIO":-0.726423992186,"DIVIDEND_RATE":5.333333333333,"CURRENT_RATIO":0.510133245857,"COMMON_ACS":2000000000,"CURRENTDEBT_DEBT":92.946372569517,"ISSUED_COMMON_SHARES":388183600,"HK_COMMON_SHARES":388183600,"PER_SHARES":4000,"TOTAL_MARKET_CAP":145568850,"HKSK_MARKET_CAP":145568850,"PE_TTM":-3.61096544539,"PB_TTM":0.099050214099,"REPORT_DATE_SQ":"2019-12-31 00:00:00","REPORT_TYPE_SQ":"2019年年报","OPERATE_INCOME_SQ":4767341.16,"DPS_HKD":0.02,"OPERATE_INCOME_QOQ_SQ":675.982492644965,"NET_PROFIT_RATIO_SQ":105.96559096,"HOLDER_PROFIT_SQ":46620870.1,"HOLDER_PROFIT_QOQ_SQ":336.287100888176,"ROE_AVG_SQ":3.674519927802,"PE_TTM_SQ":14.514649748682,"PB_TTM_SQ":0.078002641902,"ROA_SQ":2.950008842374,"START_DATE":"2020-01-01 00:00:00","FISCAL_YEAR":"12-31","CURRENCY":"HKD","IS_CNY_CODE":0,"DPS_HKD_LY":null,"ORG_TYPE":"证券","PREMIUM_INCOME":null,"PREMIUM_INCOME_YOY":null,"NET_INTEREST_INCOME":null,"NET_INTEREST_INCOME_YOY":null,"FEE_COMMISSION_INCOME":null,"FEE_COMMISSION_INCOME_YOY":null,"ACCOUNTS_RECE_TDAYS":25.54,"INVENTORY_TDAYS":null,"CURRENT_ASSETS_TDAYS":0.03316717005,"TOTAL_ASSETS_TDAYS":0.008509268916,"PREMIUM_EXPENSE":null,"LOAN_DEPOSIT":null,"LOAN_EQUITY":null,"LOAN_ASSETS":null,"DEPOSIT_EQUITY":null,"DEPOSIT_ASSETS":null,"EQUITY_MULTIPLIER":1.227844031082,"EQUITY_RATIO":0.227844031083},{"SECUCODE":"00430.HK","SECURITY_CODE":"00430","SECURITY_NAME_ABBR":"东方兴业控股","ORG_CODE":"10008900","STD_REPORT_DATE":"2020-06-30 00:00:00","REPORT_DATE":"2020-06-30 00:00:00","DATE_TYPE_CODE":"002","REPORT_TYPE":"2020年中报","PER_NETCASH_OPERATE":-0.000381276622,"PER_OI":0.000970614578,"BPS":3.108441518498,"BASIC_EPS":-0.434066688,"DILUTED_EPS":-0.434066688,"OPERATE_INCOME":2620659.36,"OPERATE_INCOME_YOY":-375.0061330538,"GROSS_PROFIT":null,"GROSS_PROFIT_YOY":null,"HOLDER_PROFIT":-117208053.6,"HOLDER_PROFIT_YOY":-432.784376783,"GROSS_PROFIT_RATIO":null,"EPS_TTM":-0.038705597696,"OPERATE_INCOME_QOQ":-345.664491920714,"NET_PROFIT_RATIO":null,"ROE_AVG":-9.263627690461,"GROSS_PROFIT_QOQ":null,"ROA":-7.697914666923,"HOLDER_PROFIT_QOQ":-324.159509584099,"ROE_YEARLY":-18.527255380921,"ROIC_YEARLY":-17.219318004161,"TOTAL_ASSETS":1442052295.2,"TOTAL_LIABILITIES":235406276.16,"TAX_EBT":null,"OCF_SALES":null,"TOTAL_PARENT_EQUITY":1206646019.04,"DEBT_ASSET_RATIO":16.3243924609,"OPERATE_PROFIT":-1537319.52,"PRETAX_PROFIT":-1537319.52,"NETCASH_OPERATE":-1029446.88,"NETCASH_INVEST":196389.6,"NETCASH_FINANCE":-43856081.28,"END_CASH":138894946.08,"DIVI_RATIO":-0.469598225627,"DIVIDEND_RATE":5.333333333333,"CURRENT_RATIO":2.312624571631,"COMMON_ACS":2000000000,"CURRENTDEBT_DEBT":98.508424066989,"ISSUED_COMMON_SHARES":388183600,"HK_COMMON_SHARES":388183600,"PER_SHARES":4000,"TOTAL_MARKET_CAP":145568850,"HKSK_MARKET_CAP":145568850,"PE_TTM":-3.61096544539,"PB_TTM":0.099050214099,"REPORT_DATE_SQ":"2019-06-30 00:00:00","REPORT_TYPE_SQ":"2019年中报","OPERATE_INCOME_SQ":39443074.74,"DPS_HKD":0.02,"OPERATE_INCOME_QOQ_SQ":88.942935643169,"NET_PROFIT_RATIO_SQ":85.9921050871,"HOLDER_PROFIT_SQ":33917930.28,"HOLDER_PROFIT_QOQ_SQ":75.466167281032,"ROE_AVG_SQ":2.748794488438,"PE_TTM_SQ":14.514649748682,"PB_TTM_SQ":0.078002641902,"ROA_SQ":2.216325382179,"START_DATE":"2020-01-01 00:00:00","FISCAL_YEAR":"12-31","CURRENCY":"HKD","IS_CNY_CODE":0,"DPS_HKD_LY":null,"ORG_TYPE":"证券","PREMIUM_INCOME":null,"PREMIUM_INCOME_YOY":null,"NET_INTEREST_INCOME":null,"NET_INTEREST_INCOME_YOY":null,"FEE_COMMISSION_INCOME":null,"FEE_COMMISSION_INCOME_YOY":null,"ACCOUNTS_RECE_TDAYS":168.764705882353,"INVENTORY_TDAYS":null,"CURRENT_ASSETS_TDAYS":-0.182651986568,"TOTAL_ASSETS_TDAYS":-0.073976531004,"PREMIUM_EXPENSE":null,"LOAN_DEPOSIT":null,"LOAN_EQUITY":null,"LOAN_ASSETS":null,"DEPOSIT_EQUITY":null,"DEPOSIT_ASSETS":null,"EQUITY_MULTIPLIER":1.195091412432,"EQUITY_RATIO":0.195091412432}],"count":47},"success":true,"message":"ok","code":0}