{"version":"7147437774823889a9dc039b2d4574aa","result":{"pages":6,"data":[{"SECUCODE":"00431.HK","SECURITY_CODE":"00431","SECURITY_NAME_ABBR":"大中华金融","ORG_CODE":"10008901","STD_REPORT_DATE":"2024-06-30 00:00:00","REPORT_DATE":"2024-06-30 00:00:00","DATE_TYPE_CODE":"002","REPORT_TYPE":"2024年中报","PER_NETCASH_OPERATE":-0.000017958153,"PER_OI":0.001032769851,"BPS":-0.076471918425,"BASIC_EPS":-0.00365072,"DILUTED_EPS":-0.00365072,"OPERATE_INCOME":8030671.32,"OPERATE_INCOME_YOY":-74.9266235432,"GROSS_PROFIT":7870039.64,"GROSS_PROFIT_YOY":-65.579176927844,"HOLDER_PROFIT":-28478354.04,"HOLDER_PROFIT_YOY":59.8639105772,"GROSS_PROFIT_RATIO":97.999772701443,"EPS_TTM":-0.049509398295,"OPERATE_INCOME_QOQ":-54.324176883973,"NET_PROFIT_RATIO":-691.2490055688,"ROE_AVG":4.85215565836,"GROSS_PROFIT_QOQ":-44.784973015428,"ROA":-7.873958125673,"HOLDER_PROFIT_QOQ":10.089079991529,"ROE_YEARLY":9.70431131672,"ROIC_YEARLY":-15.878965065819,"TOTAL_ASSETS":342652015.8,"TOTAL_LIABILITIES":979708131.88,"TAX_EBT":null,"OCF_SALES":-1.738833958404,"TOTAL_PARENT_EQUITY":-594634749.68,"DEBT_ASSET_RATIO":285.9192669836,"OPERATE_PROFIT":-37644399.28,"PRETAX_PROFIT":-55511935.64,"NETCASH_OPERATE":-139640.04,"NETCASH_INVEST":38332.56,"NETCASH_FINANCE":6282889.12,"END_CASH":34845209.72,"DIVI_RATIO":null,"DIVIDEND_RATE":null,"CURRENT_RATIO":0.141401047815,"COMMON_ACS":2109890000000,"CURRENTDEBT_DEBT":72.441615328649,"ISSUED_COMMON_SHARES":7775857621,"HK_COMMON_SHARES":7775857621,"PER_SHARES":4000,"TOTAL_MARKET_CAP":77758576.21,"HKSK_MARKET_CAP":77758576.21,"PE_TTM":-0.182554581227,"PB_TTM":-0.119348385498,"REPORT_DATE_SQ":"2023-06-30 00:00:00","REPORT_TYPE_SQ":"2023年中报","OPERATE_INCOME_SQ":32355044.14,"DPS_HKD":null,"OPERATE_INCOME_QOQ_SQ":-40.895430086725,"NET_PROFIT_RATIO_SQ":-253.1359530391,"HOLDER_PROFIT_SQ":-71677491.14,"HOLDER_PROFIT_QOQ_SQ":-1.87818360884,"ROE_AVG_SQ":38.698324995645,"PE_TTM_SQ":-2.786098351071,"PB_TTM_SQ":-3.864133017006,"ROA_SQ":-8.4447222794,"START_DATE":"2024-01-01 00:00:00","FISCAL_YEAR":"12-31","CURRENCY":"HKD","IS_CNY_CODE":0,"DPS_HKD_LY":null,"ORG_TYPE":"一般企业","PREMIUM_INCOME":null,"PREMIUM_INCOME_YOY":null,"NET_INTEREST_INCOME":null,"NET_INTEREST_INCOME_YOY":null,"FEE_COMMISSION_INCOME":null,"FEE_COMMISSION_INCOME_YOY":null,"ACCOUNTS_RECE_TDAYS":0.147852533943,"INVENTORY_TDAYS":null,"CURRENT_ASSETS_TDAYS":0.068203750857,"TOTAL_ASSETS_TDAYS":0.022203941143,"PREMIUM_EXPENSE":null,"LOAN_DEPOSIT":null,"LOAN_EQUITY":null,"LOAN_ASSETS":null,"DEPOSIT_EQUITY":null,"DEPOSIT_ASSETS":null,"EQUITY_MULTIPLIER":-0.537867869331,"EQUITY_RATIO":-1.647579682162},{"SECUCODE":"00431.HK","SECURITY_CODE":"00431","SECURITY_NAME_ABBR":"大中华金融","ORG_CODE":"10008901","STD_REPORT_DATE":"2023-12-31 00:00:00","REPORT_DATE":"2023-12-31 00:00:00","DATE_TYPE_CODE":"001","REPORT_TYPE":"2023年年报","PER_NETCASH_OPERATE":-0.00102382825,"PER_OI":0.005758378353,"BPS":-0.073960839988,"BASIC_EPS":-0.055098176,"DILUTED_EPS":-0.055098176,"OPERATE_INCOME":44776330.2,"OPERATE_INCOME_YOY":-75.5336690583,"GROSS_PROFIT":33480297.9,"GROSS_PROFIT_YOY":-60.241640995269,"HOLDER_PROFIT":-428177169.14,"HOLDER_PROFIT_YOY":-44.8400278346,"GROSS_PROFIT_RATIO":74.772313296904,"EPS_TTM":-0.055064944603,"OPERATE_INCOME_QOQ":-58.00489432409,"NET_PROFIT_RATIO":-1245.1426836673,"ROE_AVG":117.978258942561,"GROSS_PROFIT_QOQ":-26.187951101365,"ROA":-67.86777987252,"HOLDER_PROFIT_QOQ":-44.2308956156,"ROE_YEARLY":117.978258942561,"ROIC_YEARLY":-77.430546166673,"TOTAL_ASSETS":378008829.94,"TOTAL_LIABILITIES":968653120.68,"TAX_EBT":-7.450870121069,"OCF_SALES":-17.779801659583,"TOTAL_PARENT_EQUITY":-575108961.28,"DEBT_ASSET_RATIO":256.2514533943,"OPERATE_PROFIT":-485126752.6,"PRETAX_PROFIT":-518868948.08,"NETCASH_OPERATE":-7961142.7,"NETCASH_INVEST":781161.64,"NETCASH_FINANCE":10165975.96,"END_CASH":28985446.7,"DIVI_RATIO":null,"DIVIDEND_RATE":null,"CURRENT_RATIO":0.211818882803,"COMMON_ACS":2109890000000,"CURRENTDEBT_DEBT":65.396288125857,"ISSUED_COMMON_SHARES":7775857621,"HK_COMMON_SHARES":7775857621,"PER_SHARES":4000,"TOTAL_MARKET_CAP":77758576.21,"HKSK_MARKET_CAP":77758576.21,"PE_TTM":-0.182554581227,"PB_TTM":-0.119348385498,"REPORT_DATE_SQ":"2022-12-31 00:00:00","REPORT_TYPE_SQ":"2022年年报","OPERATE_INCOME_SQ":180396769.77,"DPS_HKD":null,"OPERATE_INCOME_QOQ_SQ":-8.431647681931,"NET_PROFIT_RATIO_SQ":-197.0403711791,"HOLDER_PROFIT_SQ":-291396286.51,"HOLDER_PROFIT_QOQ_SQ":-92.300937595594,"ROE_AVG_SQ":3594.83167116646,"PE_TTM_SQ":-2.80991115749,"PB_TTM_SQ":-3.89715979493,"ROA_SQ":-28.667380246836,"START_DATE":"2023-01-01 00:00:00","FISCAL_YEAR":"12-31","CURRENCY":"HKD","IS_CNY_CODE":0,"DPS_HKD_LY":null,"ORG_TYPE":"一般企业","PREMIUM_INCOME":null,"PREMIUM_INCOME_YOY":null,"NET_INTEREST_INCOME":null,"NET_INTEREST_INCOME_YOY":null,"FEE_COMMISSION_INCOME":null,"FEE_COMMISSION_INCOME_YOY":null,"ACCOUNTS_RECE_TDAYS":0.593203551298,"INVENTORY_TDAYS":null,"CURRENT_ASSETS_TDAYS":0.142849502079,"TOTAL_ASSETS_TDAYS":0.070972259628,"PREMIUM_EXPENSE":null,"LOAN_DEPOSIT":null,"LOAN_EQUITY":null,"LOAN_ASSETS":null,"DEPOSIT_EQUITY":null,"DEPOSIT_ASSETS":null,"EQUITY_MULTIPLIER":-0.639994046952,"EQUITY_RATIO":-1.684294952602},{"SECUCODE":"00431.HK","SECURITY_CODE":"00431","SECURITY_NAME_ABBR":"大中华金融","ORG_CODE":"10008901","STD_REPORT_DATE":"2023-06-30 00:00:00","REPORT_DATE":"2023-06-30 00:00:00","DATE_TYPE_CODE":"002","REPORT_TYPE":"2023年中报","PER_NETCASH_OPERATE":-0.000686636309,"PER_OI":0.004160961494,"BPS":-0.027916135269,"BASIC_EPS":-0.0092198,"DILUTED_EPS":-0.0092198,"OPERATE_INCOME":32355044.14,"OPERATE_INCOME_YOY":-71.7219983884,"GROSS_PROFIT":22864182.02,"GROSS_PROFIT_YOY":-62.95185745223,"HOLDER_PROFIT":-71677491.14,"HOLDER_PROFIT_YOY":-0.4236904993,"GROSS_PROFIT_RATIO":70.666514689539,"EPS_TTM":-0.038178328137,"OPERATE_INCOME_QOQ":-40.895430086725,"NET_PROFIT_RATIO":-253.1359530391,"ROE_AVG":38.698324995645,"GROSS_PROFIT_QOQ":-46.135678933218,"ROA":-8.4447222794,"HOLDER_PROFIT_QOQ":-1.87818360884,"ROE_YEARLY":77.396649991289,"ROIC_YEARLY":-20.265851962543,"TOTAL_ASSETS":798409786.54,"TOTAL_LIABILITIES":911770915.46,"TAX_EBT":-5.691917809849,"OCF_SALES":-16.501866469096,"TOTAL_PARENT_EQUITY":-217071893.18,"DEBT_ASSET_RATIO":114.1983641522,"OPERATE_PROFIT":-60846070.1,"PRETAX_PROFIT":-77491497.02,"NETCASH_OPERATE":-5339186.18,"NETCASH_INVEST":293189.64,"NETCASH_FINANCE":16969963.88,"END_CASH":37797492.08,"DIVI_RATIO":null,"DIVIDEND_RATE":null,"CURRENT_RATIO":0.801004981619,"COMMON_ACS":2109890000000,"CURRENTDEBT_DEBT":60.733299829007,"ISSUED_COMMON_SHARES":7775857621,"HK_COMMON_SHARES":7775857621,"PER_SHARES":4000,"TOTAL_MARKET_CAP":77758576.21,"HKSK_MARKET_CAP":77758576.21,"PE_TTM":-0.182554581227,"PB_TTM":-0.119348385498,"REPORT_DATE_SQ":"2022-06-30 00:00:00","REPORT_TYPE_SQ":"2022年中报","OPERATE_INCOME_SQ":106129079,"DPS_HKD":null,"OPERATE_INCOME_QOQ_SQ":-15.413640778441,"NET_PROFIT_RATIO_SQ":-76.5535858179,"HOLDER_PROFIT_SQ":-66204533.85,"HOLDER_PROFIT_QOQ_SQ":8.517202518907,"ROE_AVG_SQ":-70.492945241965,"PE_TTM_SQ":-2.738472738232,"PB_TTM_SQ":-3.79807946116,"ROA_SQ":-6.237606770118,"START_DATE":"2023-01-01 00:00:00","FISCAL_YEAR":"12-31","CURRENCY":"HKD","IS_CNY_CODE":0,"DPS_HKD_LY":null,"ORG_TYPE":"一般企业","PREMIUM_INCOME":null,"PREMIUM_INCOME_YOY":null,"NET_INTEREST_INCOME":null,"NET_INTEREST_INCOME_YOY":null,"FEE_COMMISSION_INCOME":null,"FEE_COMMISSION_INCOME_YOY":null,"ACCOUNTS_RECE_TDAYS":0.346405938444,"INVENTORY_TDAYS":null,"CURRENT_ASSETS_TDAYS":0.068487376098,"TOTAL_ASSETS_TDAYS":0.038119269767,"PREMIUM_EXPENSE":null,"LOAN_DEPOSIT":null,"LOAN_EQUITY":null,"LOAN_ASSETS":null,"DEPOSIT_EQUITY":null,"DEPOSIT_ASSETS":null,"EQUITY_MULTIPLIER":-7.04306488607,"EQUITY_RATIO":-4.200317701675},{"SECUCODE":"00431.HK","SECURITY_CODE":"00431","SECURITY_NAME_ABBR":"大中华金融","ORG_CODE":"10008901","STD_REPORT_DATE":"2022-12-31 00:00:00","REPORT_DATE":"2022-12-31 00:00:00","DATE_TYPE_CODE":"001","REPORT_TYPE":"2022年年报","PER_NETCASH_OPERATE":-0.009193060783,"PER_OI":0.023199597853,"BPS":-0.019109734061,"BASIC_EPS":-0.03751734,"DILUTED_EPS":-0.03751734,"OPERATE_INCOME":180396769.77,"OPERATE_INCOME_YOY":-29.1069165611,"GROSS_PROFIT":84209456.17,"GROSS_PROFIT_YOY":-36.589025040107,"HOLDER_PROFIT":-291396286.51,"HOLDER_PROFIT_YOY":-61.0196848839,"GROSS_PROFIT_RATIO":46.68013528034,"EPS_TTM":-0.037474488438,"OPERATE_INCOME_QOQ":-8.431647681931,"NET_PROFIT_RATIO":-197.0403711791,"ROE_AVG":3594.83167116646,"GROSS_PROFIT_QOQ":-32.274838120181,"ROA":-28.667380246836,"HOLDER_PROFIT_QOQ":-92.300937595594,"ROE_YEARLY":3594.83167116646,"ROIC_YEARLY":-35.231020206269,"TOTAL_ASSETS":871159780.96,"TOTAL_LIABILITIES":902880691.93,"TAX_EBT":-3.907447494654,"OCF_SALES":-39.625948868785,"TOTAL_PARENT_EQUITY":-148594571.23,"DEBT_ASSET_RATIO":103.6412276672,"OPERATE_PROFIT":-310094214.15,"PRETAX_PROFIT":-342087572.47,"NETCASH_OPERATE":-71483931.75,"NETCASH_INVEST":3605237.72,"NETCASH_FINANCE":44328523.75,"END_CASH":26930303.96,"DIVI_RATIO":null,"DIVIDEND_RATE":null,"CURRENT_RATIO":0.862313588474,"COMMON_ACS":2109890000000,"CURRENTDEBT_DEBT":62.381537042955,"ISSUED_COMMON_SHARES":7775857621,"HK_COMMON_SHARES":7775857621,"PER_SHARES":4000,"TOTAL_MARKET_CAP":77758576.21,"HKSK_MARKET_CAP":77758576.21,"PE_TTM":-0.182554581227,"PB_TTM":-0.119348385498,"REPORT_DATE_SQ":"2021-12-31 00:00:00","REPORT_TYPE_SQ":"2021年年报","OPERATE_INCOME_SQ":232907259.2,"DPS_HKD":null,"OPERATE_INCOME_QOQ_SQ":-33.201718461129,"NET_PROFIT_RATIO_SQ":-70.8263856466,"HOLDER_PROFIT_SQ":-165639219.2,"HOLDER_PROFIT_QOQ_SQ":19.51880387467,"ROE_AVG_SQ":-81.546137172781,"PE_TTM_SQ":-2.738472738232,"PB_TTM_SQ":-3.79807946116,"ROA_SQ":-15.660755773392,"START_DATE":"2022-01-01 00:00:00","FISCAL_YEAR":"12-31","CURRENCY":"HKD","IS_CNY_CODE":0,"DPS_HKD_LY":null,"ORG_TYPE":"一般企业","PREMIUM_INCOME":null,"PREMIUM_INCOME_YOY":null,"NET_INTEREST_INCOME":null,"NET_INTEREST_INCOME_YOY":null,"FEE_COMMISSION_INCOME":null,"FEE_COMMISSION_INCOME_YOY":null,"ACCOUNTS_RECE_TDAYS":2.216550232959,"INVENTORY_TDAYS":null,"CURRENT_ASSETS_TDAYS":0.307322751967,"TOTAL_ASSETS_TDAYS":0.177473188016,"PREMIUM_EXPENSE":null,"LOAN_DEPOSIT":null,"LOAN_EQUITY":null,"LOAN_ASSETS":null,"DEPOSIT_EQUITY":null,"DEPOSIT_ASSETS":null,"EQUITY_MULTIPLIER":-27.463264903976,"EQUITY_RATIO":-6.076135113526},{"SECUCODE":"00431.HK","SECURITY_CODE":"00431","SECURITY_NAME_ABBR":"大中华金融","ORG_CODE":"10008901","STD_REPORT_DATE":"2022-06-30 00:00:00","REPORT_DATE":"2022-06-30 00:00:00","DATE_TYPE_CODE":"002","REPORT_TYPE":"2022年中报","PER_NETCASH_OPERATE":-0.004225657385,"PER_OI":0.013648536814,"BPS":0.00785687205,"BASIC_EPS":-0.0085519,"DILUTED_EPS":-0.0085519,"OPERATE_INCOME":106129079,"OPERATE_INCOME_YOY":-27.2955223181,"GROSS_PROFIT":61714786.35,"GROSS_PROFIT_YOY":-12.055001140041,"HOLDER_PROFIT":-66204533.85,"HOLDER_PROFIT_YOY":19.793825114,"GROSS_PROFIT_RATIO":58.150684931507,"EPS_TTM":-0.019487418473,"OPERATE_INCOME_QOQ":-15.413640778441,"NET_PROFIT_RATIO":-76.5535858179,"ROE_AVG":-70.492945241965,"GROSS_PROFIT_QOQ":-6.370138956008,"ROA":-6.237606770118,"HOLDER_PROFIT_QOQ":8.517202518907,"ROE_YEARLY":-140.98589048393,"ROIC_YEARLY":-15.615521119985,"TOTAL_ASSETS":1010494214.38,"TOTAL_LIABILITIES":785522801.84,"TAX_EBT":-4.922359905462,"OCF_SALES":-30.960515713135,"TOTAL_PARENT_EQUITY":61093918.41,"DEBT_ASSET_RATIO":77.7364967222,"OPERATE_PROFIT":-62540899.89,"PRETAX_PROFIT":-77434033.74,"NETCASH_OPERATE":-32858110.18,"NETCASH_INVEST":4349496.34,"NETCASH_FINANCE":24605526.68,"END_CASH":34779722.11,"DIVI_RATIO":null,"DIVIDEND_RATE":null,"CURRENT_RATIO":1.232266716072,"COMMON_ACS":2109890000000,"CURRENTDEBT_DEBT":61.700902305408,"ISSUED_COMMON_SHARES":7775857621,"HK_COMMON_SHARES":7775857621,"PER_SHARES":4000,"TOTAL_MARKET_CAP":77758576.21,"HKSK_MARKET_CAP":77758576.21,"PE_TTM":-0.182554581227,"PB_TTM":-0.119348385498,"REPORT_DATE_SQ":"2021-06-30 00:00:00","REPORT_TYPE_SQ":"2021年中报","OPERATE_INCOME_SQ":142028567.28,"DPS_HKD":null,"OPERATE_INCOME_QOQ_SQ":5.596839165599,"NET_PROFIT_RATIO_SQ":-50.2018266927,"HOLDER_PROFIT_SQ":-80312361.6,"HOLDER_PROFIT_QOQ_SQ":27.140833336447,"ROE_AVG_SQ":-31.658772746953,"PE_TTM_SQ":-2.738472738232,"PB_TTM_SQ":-3.79807946116,"ROA_SQ":-7.585125389934,"START_DATE":"2022-01-01 00:00:00","FISCAL_YEAR":"12-31","CURRENCY":"HKD","IS_CNY_CODE":0,"DPS_HKD_LY":null,"ORG_TYPE":"一般企业","PREMIUM_INCOME":null,"PREMIUM_INCOME_YOY":null,"NET_INTEREST_INCOME":null,"NET_INTEREST_INCOME_YOY":null,"FEE_COMMISSION_INCOME":null,"FEE_COMMISSION_INCOME_YOY":null,"ACCOUNTS_RECE_TDAYS":1.505775577558,"INVENTORY_TDAYS":null,"CURRENT_ASSETS_TDAYS":0.168966641682,"TOTAL_ASSETS_TDAYS":0.099991862064,"PREMIUM_EXPENSE":null,"LOAN_DEPOSIT":null,"LOAN_EQUITY":null,"LOAN_ASSETS":null,"DEPOSIT_EQUITY":null,"DEPOSIT_ASSETS":null,"EQUITY_MULTIPLIER":4.491656086296,"EQUITY_RATIO":12.857626786489},{"SECUCODE":"00431.HK","SECURITY_CODE":"00431","SECURITY_NAME_ABBR":"大中华金融","ORG_CODE":"10008901","STD_REPORT_DATE":"2021-12-31 00:00:00","REPORT_DATE":"2021-12-31 00:00:00","DATE_TYPE_CODE":"001","REPORT_TYPE":"2021年年报","PER_NETCASH_OPERATE":-0.01687834464,"PER_OI":0.02995261366,"BPS":0.015582630998,"BASIC_EPS":-0.02133936,"DILUTED_EPS":-0.02133936,"OPERATE_INCOME":232907259.2,"OPERATE_INCOME_YOY":-27.3891211256,"GROSS_PROFIT":132799497.6,"GROSS_PROFIT_YOY":39.249665071412,"HOLDER_PROFIT":-165639219.2,"HOLDER_PROFIT_YOY":39.6379324729,"GROSS_PROFIT_RATIO":57.018187434838,"EPS_TTM":-0.021301729954,"OPERATE_INCOME_QOQ":-33.201718461129,"NET_PROFIT_RATIO":-70.8263856466,"ROE_AVG":-81.546137172781,"GROSS_PROFIT_QOQ":-0.714673436915,"ROA":-15.660755773392,"HOLDER_PROFIT_QOQ":19.51880387467,"ROE_YEARLY":-81.546137172781,"ROIC_YEARLY":-20.094525364637,"TOTAL_ASSETS":1063370560,"TOTAL_LIABILITIES":763194443.2,"TAX_EBT":10.601012025558,"OCF_SALES":-56.350156388771,"TOTAL_PARENT_EQUITY":121168320,"DEBT_ASSET_RATIO":71.7712594187,"OPERATE_PROFIT":-160610979.2,"PRETAX_PROFIT":-184520873.6,"NETCASH_OPERATE":-131243604.8,"NETCASH_INVEST":16678222.4,"NETCASH_FINANCE":74171854.4,"END_CASH":39192473.6,"DIVI_RATIO":null,"DIVIDEND_RATE":null,"CURRENT_RATIO":1.353969316626,"COMMON_ACS":2109890000000,"CURRENTDEBT_DEBT":60.967243268838,"ISSUED_COMMON_SHARES":7775857621,"HK_COMMON_SHARES":7775857621,"PER_SHARES":4000,"TOTAL_MARKET_CAP":77758576.21,"HKSK_MARKET_CAP":77758576.21,"PE_TTM":-0.182554581227,"PB_TTM":-0.119348385498,"REPORT_DATE_SQ":"2020-12-31 00:00:00","REPORT_TYPE_SQ":"2020年年报","OPERATE_INCOME_SQ":330192204.8,"DPS_HKD":null,"OPERATE_INCOME_QOQ_SQ":63.546936540397,"NET_PROFIT_RATIO_SQ":-82.1467169657,"HOLDER_PROFIT_SQ":-282477949.92,"HOLDER_PROFIT_QOQ_SQ":9.139464554572,"ROE_AVG_SQ":-83.863600586696,"PE_TTM_SQ":-2.738472738232,"PB_TTM_SQ":-3.79807946116,"ROA_SQ":-32.385834020044,"START_DATE":"2021-01-01 00:00:00","FISCAL_YEAR":"12-31","CURRENCY":"HKD","IS_CNY_CODE":0,"DPS_HKD_LY":null,"ORG_TYPE":"一般企业","PREMIUM_INCOME":null,"PREMIUM_INCOME_YOY":null,"NET_INTEREST_INCOME":null,"NET_INTEREST_INCOME_YOY":null,"FEE_COMMISSION_INCOME":null,"FEE_COMMISSION_INCOME_YOY":null,"ACCOUNTS_RECE_TDAYS":4.385740458485,"INVENTORY_TDAYS":null,"CURRENT_ASSETS_TDAYS":0.363065499556,"TOTAL_ASSETS_TDAYS":0.220207733519,"PREMIUM_EXPENSE":null,"LOAN_DEPOSIT":null,"LOAN_EQUITY":null,"LOAN_ASSETS":null,"DEPOSIT_EQUITY":null,"DEPOSIT_ASSETS":null,"EQUITY_MULTIPLIER":3.542488893969,"EQUITY_RATIO":6.29863022942},{"SECUCODE":"00431.HK","SECURITY_CODE":"00431","SECURITY_NAME_ABBR":"大中华金融","ORG_CODE":"10008901","STD_REPORT_DATE":"2021-06-30 00:00:00","REPORT_DATE":"2021-06-30 00:00:00","DATE_TYPE_CODE":"002","REPORT_TYPE":"2021年中报","PER_NETCASH_OPERATE":-0.010951961303,"PER_OI":0.018265325087,"BPS":0.027937148105,"BASIC_EPS":-0.010317792,"DILUTED_EPS":-0.010317792,"OPERATE_INCOME":142028567.28,"OPERATE_INCOME_YOY":26.1984680901,"GROSS_PROFIT":70174298.88,"GROSS_PROFIT_YOY":120.76554437384,"HOLDER_PROFIT":-80312361.6,"HOLDER_PROFIT_YOY":43.8363736871,"GROSS_PROFIT_RATIO":49.408580417245,"EPS_TTM":-0.026467958951,"OPERATE_INCOME_QOQ":5.596839165599,"NET_PROFIT_RATIO":-50.2018266927,"ROE_AVG":-31.658772746953,"GROSS_PROFIT_QOQ":40.252008923931,"ROA":-7.585125389934,"HOLDER_PROFIT_QOQ":27.140833336447,"ROE_YEARLY":-63.317545493906,"ROIC_YEARLY":-19.725988202625,"TOTAL_ASSETS":1047026233.92,"TOTAL_LIABILITIES":641254933.2,"TAX_EBT":-5.935294044926,"OCF_SALES":-59.960396271625,"TOTAL_PARENT_EQUITY":217235286,"DEBT_ASSET_RATIO":61.2453549324,"OPERATE_PROFIT":-55656999.12,"PRETAX_PROFIT":-67306119.12,"NETCASH_OPERATE":-85160891.76,"NETCASH_INVEST":9398343.6,"NETCASH_FINANCE":47695657.68,"END_CASH":48177432,"DIVI_RATIO":null,"DIVIDEND_RATE":null,"CURRENT_RATIO":1.373863304107,"COMMON_ACS":2109890000000,"CURRENTDEBT_DEBT":70.118923267568,"ISSUED_COMMON_SHARES":7775857621,"HK_COMMON_SHARES":7775857621,"PER_SHARES":4000,"TOTAL_MARKET_CAP":77758576.21,"HKSK_MARKET_CAP":77758576.21,"PE_TTM":-0.182554581227,"PB_TTM":-0.119348385498,"REPORT_DATE_SQ":"2020-06-30 00:00:00","REPORT_TYPE_SQ":"2020年中报","OPERATE_INCOME_SQ":123548240.64,"DPS_HKD":null,"OPERATE_INCOME_QOQ_SQ":49.255970662683,"NET_PROFIT_RATIO_SQ":-127.0590583782,"HOLDER_PROFIT_SQ":-156979231.2,"HOLDER_PROFIT_QOQ_SQ":-68.154590207264,"ROE_AVG_SQ":-47.51168750743,"PE_TTM_SQ":-2.738472738232,"PB_TTM_SQ":-3.79807946116,"ROA_SQ":-23.228278609588,"START_DATE":"2021-01-01 00:00:00","FISCAL_YEAR":"12-31","CURRENCY":"HKD","IS_CNY_CODE":0,"DPS_HKD_LY":null,"ORG_TYPE":"一般企业","PREMIUM_INCOME":null,"PREMIUM_INCOME_YOY":null,"NET_INTEREST_INCOME":null,"NET_INTEREST_INCOME_YOY":null,"FEE_COMMISSION_INCOME":null,"FEE_COMMISSION_INCOME_YOY":null,"ACCOUNTS_RECE_TDAYS":2.594620476846,"INVENTORY_TDAYS":null,"CURRENT_ASSETS_TDAYS":0.221519114655,"TOTAL_ASSETS_TDAYS":0.134139311846,"PREMIUM_EXPENSE":null,"LOAN_DEPOSIT":null,"LOAN_EQUITY":null,"LOAN_ASSETS":null,"DEPOSIT_EQUITY":null,"DEPOSIT_ASSETS":null,"EQUITY_MULTIPLIER":2.580335849434,"EQUITY_RATIO":2.951891218998},{"SECUCODE":"00431.HK","SECURITY_CODE":"00431","SECURITY_NAME_ABBR":"大中华金融","ORG_CODE":"10008901","STD_REPORT_DATE":"2020-12-31 00:00:00","REPORT_DATE":"2020-12-31 00:00:00","DATE_TYPE_CODE":"001","REPORT_TYPE":"2020年年报","PER_NETCASH_OPERATE":-0.016750517652,"PER_OI":0.042466497478,"BPS":0.037739954174,"BASIC_EPS":-0.038799604,"DILUTED_EPS":-0.038799604,"OPERATE_INCOME":330192204.8,"OPERATE_INCOME_YOY":159.8059666898,"GROSS_PROFIT":95367911.68,"GROSS_PROFIT_YOY":20.157942767637,"HOLDER_PROFIT":-282477949.92,"HOLDER_PROFIT_YOY":-62.6144044187,"GROSS_PROFIT_RATIO":28.882544861338,"EPS_TTM":-0.036329898082,"OPERATE_INCOME_QOQ":63.546936540397,"NET_PROFIT_RATIO":-82.1467169657,"ROE_AVG":-83.863600586696,"GROSS_PROFIT_QOQ":14.751072497993,"ROA":-32.385834020044,"HOLDER_PROFIT_QOQ":9.139464554572,"ROE_YEARLY":-83.863600586696,"ROIC_YEARLY":-42.942080367664,"TOTAL_ASSETS":1082901997.48,"TOTAL_LIABILITIES":609543462.12,"TAX_EBT":-6.977763172308,"OCF_SALES":-39.444076264274,"TOTAL_PARENT_EQUITY":293460510.28,"DEBT_ASSET_RATIO":56.2879617489,"OPERATE_PROFIT":-241576770.84,"PRETAX_PROFIT":-253549941.48,"NETCASH_OPERATE":-130241265.08,"NETCASH_INVEST":69350294.36,"NETCASH_FINANCE":-41034158.2,"END_CASH":76001775.28,"DIVI_RATIO":null,"DIVIDEND_RATE":null,"CURRENT_RATIO":1.587553742762,"COMMON_ACS":2109890000000,"CURRENTDEBT_DEBT":69.465351620266,"ISSUED_COMMON_SHARES":7775857621,"HK_COMMON_SHARES":7775857621,"PER_SHARES":4000,"TOTAL_MARKET_CAP":77758576.21,"HKSK_MARKET_CAP":77758576.21,"PE_TTM":-0.182554581227,"PB_TTM":-0.119348385498,"REPORT_DATE_SQ":"2019-12-31 00:00:00","REPORT_TYPE_SQ":"2019年年报","OPERATE_INCOME_SQ":135267258.9,"DPS_HKD":null,"OPERATE_INCOME_QOQ_SQ":-4.496292136129,"NET_PROFIT_RATIO_SQ":-136.6809046058,"HOLDER_PROFIT_SQ":-184884513.1,"HOLDER_PROFIT_QOQ_SQ":-374.733179299358,"ROE_AVG_SQ":-36.976357131468,"PE_TTM_SQ":-2.738472738232,"PB_TTM_SQ":-3.79807946116,"ROA_SQ":-24.32923533742,"START_DATE":"2020-01-01 00:00:00","FISCAL_YEAR":"12-31","CURRENCY":"HKD","IS_CNY_CODE":0,"DPS_HKD_LY":null,"ORG_TYPE":"一般企业","PREMIUM_INCOME":null,"PREMIUM_INCOME_YOY":null,"NET_INTEREST_INCOME":null,"NET_INTEREST_INCOME_YOY":null,"FEE_COMMISSION_INCOME":null,"FEE_COMMISSION_INCOME_YOY":null,"ACCOUNTS_RECE_TDAYS":10.164783915432,"INVENTORY_TDAYS":null,"CURRENT_ASSETS_TDAYS":0.577283726447,"TOTAL_ASSETS_TDAYS":0.378562289283,"PREMIUM_EXPENSE":null,"LOAN_DEPOSIT":null,"LOAN_EQUITY":null,"LOAN_ASSETS":null,"DEPOSIT_EQUITY":null,"DEPOSIT_ASSETS":null,"EQUITY_MULTIPLIER":2.287699315817,"EQUITY_RATIO":2.077088537529},{"SECUCODE":"00431.HK","SECURITY_CODE":"00431","SECURITY_NAME_ABBR":"大中华金融","ORG_CODE":"10008901","STD_REPORT_DATE":"2020-06-30 00:00:00","REPORT_DATE":"2020-06-30 00:00:00","DATE_TYPE_CODE":"002","REPORT_TYPE":"2020年中报","PER_NETCASH_OPERATE":-0.024393086335,"PER_OI":0.01784327782,"BPS":0.031915186529,"BASIC_EPS":-0.022653312,"DILUTED_EPS":-0.022653312,"OPERATE_INCOME":123548240.64,"OPERATE_INCOME_YOY":109.0251591766,"GROSS_PROFIT":31786798.56,"GROSS_PROFIT_YOY":13.333720282713,"HOLDER_PROFIT":-156979231.2,"HOLDER_PROFIT_YOY":-388.0996336164,"GROSS_PROFIT_RATIO":25.728248654404,"EPS_TTM":-0.044900102566,"OPERATE_INCOME_QOQ":49.255970662683,"NET_PROFIT_RATIO":-127.0590583782,"ROE_AVG":-47.51168750743,"GROSS_PROFIT_QOQ":4.711825477481,"ROA":-23.228278609588,"HOLDER_PROFIT_QOQ":-68.154590207264,"ROE_YEARLY":-95.02337501486,"ROIC_YEARLY":-58.63277198537,"TOTAL_ASSETS":633633232.32,"TOTAL_LIABILITIES":385465285.92,"TAX_EBT":-0.012803128619,"OCF_SALES":-136.707428875614,"TOTAL_PARENT_EQUITY":248167946.4,"DEBT_ASSET_RATIO":60.8341334164,"OPERATE_PROFIT":-154036127.52,"PRETAX_PROFIT":-156959135.52,"NETCASH_OPERATE":-168899623.2,"NETCASH_INVEST":40684617.6,"NETCASH_FINANCE":35292581.28,"END_CASH":91115640,"DIVI_RATIO":null,"DIVIDEND_RATE":null,"CURRENT_RATIO":1.418563947154,"COMMON_ACS":2109890000000,"CURRENTDEBT_DEBT":85.702369470584,"ISSUED_COMMON_SHARES":7775857621,"HK_COMMON_SHARES":7775857621,"PER_SHARES":4000,"TOTAL_MARKET_CAP":77758576.21,"HKSK_MARKET_CAP":77758576.21,"PE_TTM":-0.182554581227,"PB_TTM":-0.119348385498,"REPORT_DATE_SQ":"2019-06-30 00:00:00","REPORT_TYPE_SQ":"2019年中报","OPERATE_INCOME_SQ":56921039.28,"DPS_HKD":null,"OPERATE_INCOME_QOQ_SQ":5.9324224882,"NET_PROFIT_RATIO_SQ":-54.4121283303,"HOLDER_PROFIT_SQ":-30971948.94,"HOLDER_PROFIT_QOQ_SQ":24.15484376332,"ROE_AVG_SQ":-5.430252966597,"PE_TTM_SQ":-2.738472738232,"PB_TTM_SQ":-3.79807946116,"ROA_SQ":-3.953231305406,"START_DATE":"2020-01-01 00:00:00","FISCAL_YEAR":"12-31","CURRENCY":"HKD","IS_CNY_CODE":0,"DPS_HKD_LY":null,"ORG_TYPE":"一般企业","PREMIUM_INCOME":null,"PREMIUM_INCOME_YOY":null,"NET_INTEREST_INCOME":null,"NET_INTEREST_INCOME_YOY":null,"FEE_COMMISSION_INCOME":null,"FEE_COMMISSION_INCOME_YOY":null,"ACCOUNTS_RECE_TDAYS":5.126440266828,"INVENTORY_TDAYS":null,"CURRENT_ASSETS_TDAYS":0.25198035665,"TOTAL_ASSETS_TDAYS":0.182814817818,"PREMIUM_EXPENSE":null,"LOAN_DEPOSIT":null,"LOAN_EQUITY":null,"LOAN_ASSETS":null,"DEPOSIT_EQUITY":null,"DEPOSIT_ASSETS":null,"EQUITY_MULTIPLIER":2.553243646136,"EQUITY_RATIO":1.553243646134}],"count":47},"success":true,"message":"ok","code":0}