{"version":"6c19502ccf80dc402814307c3434f9c1","result":{"pages":6,"data":[{"SECUCODE":"00439.HK","SECURITY_CODE":"00439","SECURITY_NAME_ABBR":"光启科学","ORG_CODE":"10008904","STD_REPORT_DATE":"2024-06-30 00:00:00","REPORT_DATE":"2024-06-30 00:00:00","DATE_TYPE_CODE":"002","REPORT_TYPE":"2024年中报","PER_NETCASH_OPERATE":-0.141632317967,"PER_OI":0.047477103772,"BPS":2.312308983021,"BASIC_EPS":-0.00775778,"DILUTED_EPS":-0.00775778,"OPERATE_INCOME":29231315.04,"OPERATE_INCOME_YOY":-4.282597651,"GROSS_PROFIT":6880694.52,"GROSS_PROFIT_YOY":59.703706553598,"HOLDER_PROFIT":-4769665.68,"HOLDER_PROFIT_YOY":42.5651170458,"GROSS_PROFIT_RATIO":23.538778568752,"EPS_TTM":-0.004858663512,"OPERATE_INCOME_QOQ":-2.148938060995,"NET_PROFIT_RATIO":-16.3169726489,"ROE_AVG":-0.342270169445,"GROSS_PROFIT_QOQ":19.340924496743,"ROA":-0.285594370741,"HOLDER_PROFIT_QOQ":54.749641987629,"ROE_YEARLY":-0.684540338891,"ROIC_YEARLY":-0.639508951106,"TOTAL_ASSETS":1671555166.4,"TOTAL_LIABILITIES":247882975.32,"TAX_EBT":323.142613151153,"OCF_SALES":-298.317097539653,"TOTAL_PARENT_EQUITY":1423672191.08,"DEBT_ASSET_RATIO":14.8294821674,"OPERATE_PROFIT":-2558242.04,"PRETAX_PROFIT":2137496.56,"NETCASH_OPERATE":-87202010.6,"NETCASH_INVEST":-17150169.88,"NETCASH_FINANCE":-9126800,"END_CASH":121301560.76,"DIVI_RATIO":null,"DIVIDEND_RATE":null,"CURRENT_RATIO":3.543038472688,"COMMON_ACS":731666666,"CURRENTDEBT_DEBT":35.562722984989,"ISSUED_COMMON_SHARES":615692886,"HK_COMMON_SHARES":615692886,"PER_SHARES":2000,"TOTAL_MARKET_CAP":1145188767.96,"HKSK_MARKET_CAP":1145188767.96,"PE_TTM":-334.654812378726,"PB_TTM":0.734151366649,"REPORT_DATE_SQ":"2023-06-30 00:00:00","REPORT_TYPE_SQ":"2023年中报","OPERATE_INCOME_SQ":30850372.78,"DPS_HKD":null,"OPERATE_INCOME_QOQ_SQ":9.375003187129,"NET_PROFIT_RATIO_SQ":-27.1928513792,"HOLDER_PROFIT_SQ":-8389096.02,"HOLDER_PROFIT_QOQ_SQ":40.404553897407,"ROE_AVG_SQ":-0.590254667741,"PE_TTM_SQ":-10.064517856253,"PB_TTM_SQ":0.264574090605,"ROA_SQ":-0.480432373296,"START_DATE":"2024-01-01 00:00:00","FISCAL_YEAR":"12-31","CURRENCY":"HKD","IS_CNY_CODE":0,"DPS_HKD_LY":null,"ORG_TYPE":"一般企业","PREMIUM_INCOME":null,"PREMIUM_INCOME_YOY":null,"NET_INTEREST_INCOME":null,"NET_INTEREST_INCOME_YOY":null,"FEE_COMMISSION_INCOME":null,"FEE_COMMISSION_INCOME_YOY":null,"ACCOUNTS_RECE_TDAYS":0.219615049679,"INVENTORY_TDAYS":1.770139867722,"CURRENT_ASSETS_TDAYS":0.080818582117,"TOTAL_ASSETS_TDAYS":0.017502901849,"PREMIUM_EXPENSE":null,"LOAN_DEPOSIT":null,"LOAN_EQUITY":null,"LOAN_ASSETS":null,"DEPOSIT_EQUITY":null,"DEPOSIT_ASSETS":null,"EQUITY_MULTIPLIER":1.174115204942,"EQUITY_RATIO":0.174115204942},{"SECUCODE":"00439.HK","SECURITY_CODE":"00439","SECURITY_NAME_ABBR":"光启科学","ORG_CODE":"10008904","STD_REPORT_DATE":"2023-12-31 00:00:00","REPORT_DATE":"2023-12-31 00:00:00","DATE_TYPE_CODE":"001","REPORT_TYPE":"2023年年报","PER_NETCASH_OPERATE":-0.006416618057,"PER_OI":0.012236981504,"BPS":2.198748855351,"BASIC_EPS":-0.010693396,"DILUTED_EPS":-0.010693396,"OPERATE_INCOME":75342224.58,"OPERATE_INCOME_YOY":58.2906536184,"GROSS_PROFIT":13299684.72,"GROSS_PROFIT_YOY":37.527824891022,"HOLDER_PROFIT":-6610874.9,"HOLDER_PROFIT_YOY":89.2581576157,"GROSS_PROFIT_RATIO":17.652365315917,"EPS_TTM":-0.001073729298,"OPERATE_INCOME_QOQ":46.820969572416,"NET_PROFIT_RATIO":-8.7744620455,"ROE_AVG":-0.469004553105,"GROSS_PROFIT_QOQ":56.000585417217,"ROA":-0.383146491426,"HOLDER_PROFIT_QOQ":81.714089296409,"ROE_YEARLY":-0.469004553105,"ROIC_YEARLY":-0.430774354547,"TOTAL_ASSETS":1656796715,"TOTAL_LIABILITIES":303042686.66,"TAX_EBT":null,"OCF_SALES":-52.436281408244,"TOTAL_PARENT_EQUITY":1353754028.34,"DEBT_ASSET_RATIO":18.2908192288,"OPERATE_PROFIT":-8686118.7,"PRETAX_PROFIT":-6610874.9,"NETCASH_OPERATE":-39506660.9,"NETCASH_INVEST":39058988.22,"NETCASH_FINANCE":-20280297.38,"END_CASH":44494495.78,"DIVI_RATIO":null,"DIVIDEND_RATE":null,"CURRENT_RATIO":2.762477535223,"COMMON_ACS":731666666,"CURRENTDEBT_DEBT":48.753450178378,"ISSUED_COMMON_SHARES":615692886,"HK_COMMON_SHARES":615692886,"PER_SHARES":2000,"TOTAL_MARKET_CAP":1219071914.28,"HKSK_MARKET_CAP":1219071914.28,"PE_TTM":-356.245445435418,"PB_TTM":0.781515970949,"REPORT_DATE_SQ":"2022-12-31 00:00:00","REPORT_TYPE_SQ":"2022年年报","OPERATE_INCOME_SQ":46917220.21,"DPS_HKD":null,"OPERATE_INCOME_QOQ_SQ":-56.552270834765,"NET_PROFIT_RATIO_SQ":-129.2995449613,"HOLDER_PROFIT_SQ":-60663752.24,"HOLDER_PROFIT_QOQ_SQ":-11.884776272535,"ROE_AVG_SQ":-3.536121029564,"PE_TTM_SQ":-22.685103739491,"PB_TTM_SQ":0.596341601046,"ROA_SQ":-2.859809656237,"START_DATE":"2023-01-01 00:00:00","FISCAL_YEAR":"12-31","CURRENCY":"HKD","IS_CNY_CODE":0,"DPS_HKD_LY":null,"ORG_TYPE":"一般企业","PREMIUM_INCOME":null,"PREMIUM_INCOME_YOY":null,"NET_INTEREST_INCOME":null,"NET_INTEREST_INCOME_YOY":null,"FEE_COMMISSION_INCOME":null,"FEE_COMMISSION_INCOME_YOY":null,"ACCOUNTS_RECE_TDAYS":0.902919264102,"INVENTORY_TDAYS":4.974785641622,"CURRENT_ASSETS_TDAYS":0.230087148562,"TOTAL_ASSETS_TDAYS":0.043666094792,"PREMIUM_EXPENSE":null,"LOAN_DEPOSIT":null,"LOAN_EQUITY":null,"LOAN_ASSETS":null,"DEPOSIT_EQUITY":null,"DEPOSIT_ASSETS":null,"EQUITY_MULTIPLIER":1.223852681622,"EQUITY_RATIO":0.223853580721},{"SECUCODE":"00439.HK","SECURITY_CODE":"00439","SECURITY_NAME_ABBR":"光启科学","ORG_CODE":"10008904","STD_REPORT_DATE":"2023-06-30 00:00:00","REPORT_DATE":"2023-06-30 00:00:00","DATE_TYPE_CODE":"002","REPORT_TYPE":"2023年中报","PER_NETCASH_OPERATE":-0.003911534489,"PER_OI":0.00501067553,"BPS":2.195405448326,"BASIC_EPS":-0.013645304,"DILUTED_EPS":-0.013645304,"OPERATE_INCOME":30850372.78,"OPERATE_INCOME_YOY":8.1794962982,"GROSS_PROFIT":4308412.54,"GROSS_PROFIT_YOY":-20.99797008612,"HOLDER_PROFIT":-8389096.02,"HOLDER_PROFIT_YOY":76.3484182891,"GROSS_PROFIT_RATIO":13.9655120887,"EPS_TTM":-0.005871894023,"OPERATE_INCOME_QOQ":9.375003187129,"NET_PROFIT_RATIO":-27.1928513792,"ROE_AVG":-0.590254667741,"GROSS_PROFIT_QOQ":-11.84146872064,"ROA":-0.480432373296,"HOLDER_PROFIT_QOQ":40.404553897407,"ROE_YEARLY":-1.180509335482,"ROIC_YEARLY":-1.101653539708,"TOTAL_ASSETS":1667079058.98,"TOTAL_LIABILITIES":315383542.56,"TAX_EBT":null,"OCF_SALES":-78.064014823227,"TOTAL_PARENT_EQUITY":1351695516.42,"DEBT_ASSET_RATIO":18.9183314889,"OPERATE_PROFIT":-9291714.44,"PRETAX_PROFIT":-8389096.02,"NETCASH_OPERATE":-24083039.58,"NETCASH_INVEST":169959637.16,"NETCASH_FINANCE":-5964288.62,"END_CASH":296074515.42,"DIVI_RATIO":null,"DIVIDEND_RATE":null,"CURRENT_RATIO":3.65110985094,"COMMON_ACS":731666666,"CURRENTDEBT_DEBT":36.085970205103,"ISSUED_COMMON_SHARES":615692886,"HK_COMMON_SHARES":615692886,"PER_SHARES":2000,"TOTAL_MARKET_CAP":1256013487.44,"HKSK_MARKET_CAP":1256013487.44,"PE_TTM":-367.040761963764,"PB_TTM":0.805198273099,"REPORT_DATE_SQ":"2022-06-30 00:00:00","REPORT_TYPE_SQ":"2022年中报","OPERATE_INCOME_SQ":26451881.89,"DPS_HKD":null,"OPERATE_INCOME_QOQ_SQ":15.884709917851,"NET_PROFIT_RATIO_SQ":-124.3768387702,"HOLDER_PROFIT_SQ":-32900014.49,"HOLDER_PROFIT_QOQ_SQ":-63.3073713327,"ROE_AVG_SQ":-1.952926902937,"PE_TTM_SQ":-13.898619896731,"PB_TTM_SQ":0.365364220359,"ROA_SQ":-1.573533583148,"START_DATE":"2023-01-01 00:00:00","FISCAL_YEAR":"12-31","CURRENCY":"HKD","IS_CNY_CODE":0,"DPS_HKD_LY":null,"ORG_TYPE":"一般企业","PREMIUM_INCOME":null,"PREMIUM_INCOME_YOY":null,"NET_INTEREST_INCOME":null,"NET_INTEREST_INCOME_YOY":null,"FEE_COMMISSION_INCOME":null,"FEE_COMMISSION_INCOME_YOY":null,"ACCOUNTS_RECE_TDAYS":0.389749861681,"INVENTORY_TDAYS":1.630540058339,"CURRENT_ASSETS_TDAYS":0.092562573306,"TOTAL_ASSETS_TDAYS":0.017667598245,"PREMIUM_EXPENSE":null,"LOAN_DEPOSIT":null,"LOAN_EQUITY":null,"LOAN_ASSETS":null,"DEPOSIT_EQUITY":null,"DEPOSIT_ASSETS":null,"EQUITY_MULTIPLIER":1.233324397935,"EQUITY_RATIO":0.233324397935},{"SECUCODE":"00439.HK","SECURITY_CODE":"00439","SECURITY_NAME_ABBR":"光启科学","ORG_CODE":"10008904","STD_REPORT_DATE":"2022-12-31 00:00:00","REPORT_DATE":"2022-12-31 00:00:00","DATE_TYPE_CODE":"001","REPORT_TYPE":"2022年年报","PER_NETCASH_OPERATE":-0.011303760986,"PER_OI":0.007620231008,"BPS":2.345999024894,"BASIC_EPS":-0.098527681,"DILUTED_EPS":-0.098527681,"OPERATE_INCOME":46917220.21,"OPERATE_INCOME_YOY":-53.9158740743,"GROSS_PROFIT":9670541.02,"GROSS_PROFIT_YOY":-71.655976203841,"HOLDER_PROFIT":-60663752.24,"HOLDER_PROFIT_YOY":-67.2379826635,"GROSS_PROFIT_RATIO":20.611922395903,"EPS_TTM":-0.009852924018,"OPERATE_INCOME_QOQ":-56.552270834765,"NET_PROFIT_RATIO":-129.2995449613,"ROE_AVG":-3.536121029564,"GROSS_PROFIT_QOQ":-71.950884137549,"ROA":-2.859809656237,"HOLDER_PROFIT_QOQ":-11.884776272535,"ROE_YEARLY":-3.536121029564,"ROIC_YEARLY":-3.1665987064,"TOTAL_ASSETS":1768395006.49,"TOTAL_LIABILITIES":323980096.3,"TAX_EBT":null,"OCF_SALES":-148.338822991832,"TOTAL_PARENT_EQUITY":1444414910.19,"DEBT_ASSET_RATIO":18.3205728986,"OPERATE_PROFIT":-62726312.67,"PRETAX_PROFIT":-60663752.24,"NETCASH_OPERATE":-69596452.24,"NETCASH_INVEST":-93120717.69,"NETCASH_FINANCE":-21254466.38,"END_CASH":64940729,"DIVI_RATIO":null,"DIVIDEND_RATE":null,"CURRENT_RATIO":2.237865513897,"COMMON_ACS":731666666,"CURRENTDEBT_DEBT":33.548760649591,"ISSUED_COMMON_SHARES":615692886,"HK_COMMON_SHARES":615692886,"PER_SHARES":2000,"TOTAL_MARKET_CAP":1256013487.44,"HKSK_MARKET_CAP":1256013487.44,"PE_TTM":-367.040761963764,"PB_TTM":0.805198273099,"REPORT_DATE_SQ":"2021-12-31 00:00:00","REPORT_TYPE_SQ":"2021年年报","OPERATE_INCOME_SQ":93183507.2,"DPS_HKD":null,"OPERATE_INCOME_QOQ_SQ":133.055491156051,"NET_PROFIT_RATIO_SQ":-35.6298038115,"HOLDER_PROFIT_SQ":-33201100.8,"HOLDER_PROFIT_QOQ_SQ":50.714627800261,"ROE_AVG_SQ":-1.951212480495,"PE_TTM_SQ":-13.898619896731,"PB_TTM_SQ":0.365364220359,"ROA_SQ":-1.446987616084,"START_DATE":"2022-01-01 00:00:00","FISCAL_YEAR":"12-31","CURRENCY":"HKD","IS_CNY_CODE":0,"DPS_HKD_LY":null,"ORG_TYPE":"一般企业","PREMIUM_INCOME":null,"PREMIUM_INCOME_YOY":null,"NET_INTEREST_INCOME":null,"NET_INTEREST_INCOME_YOY":null,"FEE_COMMISSION_INCOME":null,"FEE_COMMISSION_INCOME_YOY":null,"ACCOUNTS_RECE_TDAYS":0.52942836695,"INVENTORY_TDAYS":3.564760194922,"CURRENT_ASSETS_TDAYS":0.145542260819,"TOTAL_ASSETS_TDAYS":0.02211770859,"PREMIUM_EXPENSE":null,"LOAN_DEPOSIT":null,"LOAN_EQUITY":null,"LOAN_ASSETS":null,"DEPOSIT_EQUITY":null,"DEPOSIT_ASSETS":null,"EQUITY_MULTIPLIER":1.224298499007,"EQUITY_RATIO":0.224298499008},{"SECUCODE":"00439.HK","SECURITY_CODE":"00439","SECURITY_NAME_ABBR":"光启科学","ORG_CODE":"10008904","STD_REPORT_DATE":"2022-06-30 00:00:00","REPORT_DATE":"2022-06-30 00:00:00","DATE_TYPE_CODE":"002","REPORT_TYPE":"2022年中报","PER_NETCASH_OPERATE":-0.007848615314,"PER_OI":0.00429627863,"BPS":2.383200524068,"BASIC_EPS":-0.005302178,"DILUTED_EPS":-0.005302178,"OPERATE_INCOME":26451881.89,"OPERATE_INCOME_YOY":120.9199342904,"GROSS_PROFIT":5453546.63,"GROSS_PROFIT_YOY":7.04088424738,"HOLDER_PROFIT":-32900014.49,"HOLDER_PROFIT_YOY":-169.4236291057,"GROSS_PROFIT_RATIO":20.61685687498,"EPS_TTM":-0.008806313375,"OPERATE_INCOME_QOQ":15.884709917851,"NET_PROFIT_RATIO":-124.3768387702,"ROE_AVG":-1.952926902937,"GROSS_PROFIT_QOQ":1.05139832269,"ROA":-1.573533583148,"HOLDER_PROFIT_QOQ":-63.3073713327,"ROE_YEARLY":-3.905853805875,"ROIC_YEARLY":-3.513714386834,"TOTAL_ASSETS":1813036152.41,"TOTAL_LIABILITIES":345718254.21,"TAX_EBT":null,"OCF_SALES":-182.68403866671,"TOTAL_PARENT_EQUITY":1467319608.58,"DEBT_ASSET_RATIO":19.0684699668,"OPERATE_PROFIT":-33708169.04,"PRETAX_PROFIT":-32900014.49,"NETCASH_OPERATE":-48323366.14,"NETCASH_INVEST":-6534506.79,"NETCASH_FINANCE":-10575279.54,"END_CASH":182196519.12,"DIVI_RATIO":null,"DIVIDEND_RATE":null,"CURRENT_RATIO":2.445631714177,"COMMON_ACS":731666666,"CURRENTDEBT_DEBT":34.562743191865,"ISSUED_COMMON_SHARES":615692886,"HK_COMMON_SHARES":615692886,"PER_SHARES":2000,"TOTAL_MARKET_CAP":1256013487.44,"HKSK_MARKET_CAP":1256013487.44,"PE_TTM":-367.040761963764,"PB_TTM":0.805198273099,"REPORT_DATE_SQ":"2021-06-30 00:00:00","REPORT_TYPE_SQ":"2021年中报","OPERATE_INCOME_SQ":11649952.08,"DPS_HKD":null,"OPERATE_INCOME_QOQ_SQ":-52.24418080889,"NET_PROFIT_RATIO_SQ":-96.4015662976,"HOLDER_PROFIT_SQ":-11881270.32,"HOLDER_PROFIT_QOQ_SQ":-2.159829678236,"ROE_AVG_SQ":-0.747133172734,"PE_TTM_SQ":-13.898619896731,"PB_TTM_SQ":0.365364220359,"ROA_SQ":-0.539435374101,"START_DATE":"2022-01-01 00:00:00","FISCAL_YEAR":"12-31","CURRENCY":"HKD","IS_CNY_CODE":0,"DPS_HKD_LY":null,"ORG_TYPE":"一般企业","PREMIUM_INCOME":null,"PREMIUM_INCOME_YOY":null,"NET_INTEREST_INCOME":null,"NET_INTEREST_INCOME_YOY":null,"FEE_COMMISSION_INCOME":null,"FEE_COMMISSION_INCOME_YOY":null,"ACCOUNTS_RECE_TDAYS":0.270527218024,"INVENTORY_TDAYS":2.223288663528,"CURRENT_ASSETS_TDAYS":0.078190725611,"TOTAL_ASSETS_TDAYS":0.012651339258,"PREMIUM_EXPENSE":null,"LOAN_DEPOSIT":null,"LOAN_EQUITY":null,"LOAN_ASSETS":null,"DEPOSIT_EQUITY":null,"DEPOSIT_ASSETS":null,"EQUITY_MULTIPLIER":1.235612374546,"EQUITY_RATIO":0.235612099905},{"SECUCODE":"00439.HK","SECURITY_CODE":"00439","SECURITY_NAME_ABBR":"光启科学","ORG_CODE":"10008904","STD_REPORT_DATE":"2021-12-31 00:00:00","REPORT_DATE":"2021-12-31 00:00:00","DATE_TYPE_CODE":"001","REPORT_TYPE":"2021年年报","PER_NETCASH_OPERATE":0.013972662598,"PER_OI":0.015134738328,"BPS":2.953390702,"BASIC_EPS":-0.00539616,"DILUTED_EPS":-0.00539616,"OPERATE_INCOME":93183507.2,"OPERATE_INCOME_YOY":14.5700556907,"GROSS_PROFIT":34118448,"GROSS_PROFIT_YOY":5.086204570165,"HOLDER_PROFIT":-33201100.8,"HOLDER_PROFIT_YOY":48.1697043958,"GROSS_PROFIT_RATIO":36.614256133085,"EPS_TTM":-0.005392477574,"OPERATE_INCOME_QOQ":133.055491156051,"NET_PROFIT_RATIO":-35.6298038115,"ROE_AVG":-1.951212480495,"GROSS_PROFIT_QOQ":55.319982714376,"ROA":-1.446987616084,"HOLDER_PROFIT_QOQ":50.714627800261,"ROE_YEARLY":-1.951212480495,"ROIC_YEARLY":-1.571588187236,"TOTAL_ASSETS":2264523072,"TOTAL_LIABILITIES":446143062.4,"TAX_EBT":null,"OCF_SALES":92.321798336434,"TOTAL_PARENT_EQUITY":1818381644.8,"DEBT_ASSET_RATIO":19.7014138613,"OPERATE_PROFIT":-35237742.4,"PRETAX_PROFIT":-33201100.8,"NETCASH_OPERATE":86028689.6,"NETCASH_INVEST":301867731.2,"NETCASH_FINANCE":-266509801.6,"END_CASH":242982544,"DIVI_RATIO":null,"DIVIDEND_RATE":null,"CURRENT_RATIO":2.40391187844,"COMMON_ACS":731666666,"CURRENTDEBT_DEBT":34.263864505181,"ISSUED_COMMON_SHARES":615692886,"HK_COMMON_SHARES":615692886,"PER_SHARES":2000,"TOTAL_MARKET_CAP":1256013487.44,"HKSK_MARKET_CAP":1256013487.44,"PE_TTM":-367.040761963764,"PB_TTM":0.805198273099,"REPORT_DATE_SQ":"2020-12-31 00:00:00","REPORT_TYPE_SQ":"2020年年报","OPERATE_INCOME_SQ":83724663.92,"DPS_HKD":null,"OPERATE_INCOME_QOQ_SQ":5.261887586048,"NET_PROFIT_RATIO_SQ":-79.7854802067,"HOLDER_PROFIT_SQ":-65940810.72,"HOLDER_PROFIT_QOQ_SQ":65.935825552123,"ROE_AVG_SQ":-5.289561069997,"PE_TTM_SQ":-13.898619896731,"PB_TTM_SQ":0.365364220359,"ROA_SQ":-3.344431922959,"START_DATE":"2021-01-01 00:00:00","FISCAL_YEAR":"12-31","CURRENCY":"HKD","IS_CNY_CODE":0,"DPS_HKD_LY":null,"ORG_TYPE":"一般企业","PREMIUM_INCOME":null,"PREMIUM_INCOME_YOY":null,"NET_INTEREST_INCOME":null,"NET_INTEREST_INCOME_YOY":null,"FEE_COMMISSION_INCOME":null,"FEE_COMMISSION_INCOME_YOY":null,"ACCOUNTS_RECE_TDAYS":0.723317160473,"INVENTORY_TDAYS":6.094057109115,"CURRENT_ASSETS_TDAYS":0.277544877735,"TOTAL_ASSETS_TDAYS":0.040611720001,"PREMIUM_EXPENSE":null,"LOAN_DEPOSIT":null,"LOAN_EQUITY":null,"LOAN_ASSETS":null,"DEPOSIT_EQUITY":null,"DEPOSIT_ASSETS":null,"EQUITY_MULTIPLIER":1.245351939663,"EQUITY_RATIO":0.245351719028},{"SECUCODE":"00439.HK","SECURITY_CODE":"00439","SECURITY_NAME_ABBR":"光启科学","ORG_CODE":"10008904","STD_REPORT_DATE":"2021-06-30 00:00:00","REPORT_DATE":"2021-06-30 00:00:00","DATE_TYPE_CODE":"002","REPORT_TYPE":"2021年中报","PER_NETCASH_OPERATE":-0.017367927983,"PER_OI":0.00189216935,"BPS":2.546214491359,"BASIC_EPS":-0.001913784,"DILUTED_EPS":-0.001913784,"OPERATE_INCOME":11649952.08,"OPERATE_INCOME_YOY":-75.8679678717,"GROSS_PROFIT":5094825.84,"GROSS_PROFIT_YOY":-68.686138189503,"HOLDER_PROFIT":-11881270.32,"HOLDER_PROFIT_YOY":-24.7292103424,"GROSS_PROFIT_RATIO":46.813394544964,"EPS_TTM":-0.010941334787,"OPERATE_INCOME_QOQ":-52.24418080889,"NET_PROFIT_RATIO":-96.4015662976,"ROE_AVG":-0.747133172734,"GROSS_PROFIT_QOQ":-32.342121899786,"ROA":-0.539435374101,"HOLDER_PROFIT_QOQ":-2.159829678236,"ROE_YEARLY":-1.494266345468,"ROIC_YEARLY":-1.13219725082,"TOTAL_ASSETS":2039436400.8,"TOTAL_LIABILITIES":471751916.4,"TAX_EBT":null,"OCF_SALES":-867.627599243856,"TOTAL_PARENT_EQUITY":1567686148.56,"DEBT_ASSET_RATIO":23.1314845717,"OPERATE_PROFIT":-13114412.88,"PRETAX_PROFIT":-11881270.32,"NETCASH_OPERATE":-106933097.04,"NETCASH_INVEST":334150014.72,"NETCASH_FINANCE":-265335334.56,"END_CASH":84491067.36,"DIVI_RATIO":null,"DIVIDEND_RATE":null,"CURRENT_RATIO":1.769815109908,"COMMON_ACS":731666666,"CURRENTDEBT_DEBT":40.400913652759,"ISSUED_COMMON_SHARES":615692886,"HK_COMMON_SHARES":615692886,"PER_SHARES":2000,"TOTAL_MARKET_CAP":1219071914.28,"HKSK_MARKET_CAP":1219071914.28,"PE_TTM":-356.245445435418,"PB_TTM":0.781515970949,"REPORT_DATE_SQ":"2020-06-30 00:00:00","REPORT_TYPE_SQ":"2020年中报","OPERATE_INCOME_SQ":56066033.76,"DPS_HKD":null,"OPERATE_INCOME_QOQ_SQ":45.989022485543,"NET_PROFIT_RATIO_SQ":-18.9266687303,"HOLDER_PROFIT_SQ":-10457061.12,"HOLDER_PROFIT_QOQ_SQ":26.605394019029,"ROE_AVG_SQ":-1.190289285629,"PE_TTM_SQ":-22.685103739491,"PB_TTM_SQ":0.596341601046,"ROA_SQ":-0.664397840127,"START_DATE":"2021-01-01 00:00:00","FISCAL_YEAR":"12-31","CURRENCY":"HKD","IS_CNY_CODE":0,"DPS_HKD_LY":null,"ORG_TYPE":"一般企业","PREMIUM_INCOME":null,"PREMIUM_INCOME_YOY":null,"NET_INTEREST_INCOME":null,"NET_INTEREST_INCOME_YOY":null,"FEE_COMMISSION_INCOME":null,"FEE_COMMISSION_INCOME_YOY":null,"ACCOUNTS_RECE_TDAYS":0.060331064616,"INVENTORY_TDAYS":0.441975932004,"CURRENT_ASSETS_TDAYS":0.038115579344,"TOTAL_ASSETS_TDAYS":0.005595711717,"PREMIUM_EXPENSE":null,"LOAN_DEPOSIT":null,"LOAN_EQUITY":null,"LOAN_ASSETS":null,"DEPOSIT_EQUITY":null,"DEPOSIT_ASSETS":null,"EQUITY_MULTIPLIER":1.300922743763,"EQUITY_RATIO":0.300922424322},{"SECUCODE":"00439.HK","SECURITY_CODE":"00439","SECURITY_NAME_ABBR":"光启科学","ORG_CODE":"10008904","STD_REPORT_DATE":"2020-12-31 00:00:00","REPORT_DATE":"2020-12-31 00:00:00","DATE_TYPE_CODE":"001","REPORT_TYPE":"2020年年报","PER_NETCASH_OPERATE":0.000465046673,"PER_OI":0.013598445885,"BPS":2.649599999893,"BASIC_EPS":-0.010688828,"DILUTED_EPS":-0.010688828,"OPERATE_INCOME":83724663.92,"OPERATE_INCOME_YOY":63.5559501496,"GROSS_PROFIT":32467104.64,"GROSS_PROFIT_YOY":269.351953307875,"HOLDER_PROFIT":-65940810.72,"HOLDER_PROFIT_YOY":73.3904821421,"GROSS_PROFIT_RATIO":38.778423369991,"EPS_TTM":-0.010710016669,"OPERATE_INCOME_QOQ":5.261887586048,"NET_PROFIT_RATIO":-79.7854802067,"ROE_AVG":-5.289561069997,"GROSS_PROFIT_QOQ":43.78240983775,"ROA":-3.344431922959,"HOLDER_PROFIT_QOQ":65.935825552123,"ROE_YEARLY":-5.289561069997,"ROIC_YEARLY":-3.672021737424,"TOTAL_ASSETS":2392819552.16,"TOTAL_LIABILITIES":761481364.76,"TAX_EBT":-0.07640705535,"OCF_SALES":3.419851625485,"TOTAL_PARENT_EQUITY":1631339870.68,"DEBT_ASSET_RATIO":31.8236017452,"OPERATE_PROFIT":-38055594.24,"PRETAX_PROFIT":-64989757.52,"NETCASH_OPERATE":2863259.28,"NETCASH_INVEST":-54635902.24,"NETCASH_FINANCE":-35671228.12,"END_CASH":124404491.68,"DIVI_RATIO":null,"DIVIDEND_RATE":null,"CURRENT_RATIO":0.737155341269,"COMMON_ACS":731666666,"CURRENTDEBT_DEBT":55.750978989985,"ISSUED_COMMON_SHARES":615692886,"HK_COMMON_SHARES":615692886,"PER_SHARES":2000,"TOTAL_MARKET_CAP":1219071914.28,"HKSK_MARKET_CAP":1219071914.28,"PE_TTM":-356.245445435418,"PB_TTM":0.781515970949,"REPORT_DATE_SQ":"2019-12-31 00:00:00","REPORT_TYPE_SQ":"2019年年报","OPERATE_INCOME_SQ":54483131.16,"DPS_HKD":null,"OPERATE_INCOME_QOQ_SQ":-41.431099103913,"NET_PROFIT_RATIO_SQ":-482.9288744204,"HOLDER_PROFIT_SQ":-263749880.08,"HOLDER_PROFIT_QOQ_SQ":23.389231485166,"ROE_AVG_SQ":-24.392751499818,"PE_TTM_SQ":-22.685103739491,"PB_TTM_SQ":0.596341601046,"ROA_SQ":-14.754780623388,"START_DATE":"2020-01-01 00:00:00","FISCAL_YEAR":"12-31","CURRENCY":"HKD","IS_CNY_CODE":0,"DPS_HKD_LY":null,"ORG_TYPE":"一般企业","PREMIUM_INCOME":null,"PREMIUM_INCOME_YOY":null,"NET_INTEREST_INCOME":null,"NET_INTEREST_INCOME_YOY":null,"FEE_COMMISSION_INCOME":null,"FEE_COMMISSION_INCOME_YOY":null,"ACCOUNTS_RECE_TDAYS":0.398288781187,"INVENTORY_TDAYS":7.34732778381,"CURRENT_ASSETS_TDAYS":0.21198412005,"TOTAL_ASSETS_TDAYS":0.042464057644,"PREMIUM_EXPENSE":null,"LOAN_DEPOSIT":null,"LOAN_EQUITY":null,"LOAN_ASSETS":null,"DEPOSIT_EQUITY":null,"DEPOSIT_ASSETS":null,"EQUITY_MULTIPLIER":1.466783264588,"EQUITY_RATIO":0.466782782942},{"SECUCODE":"00439.HK","SECURITY_CODE":"00439","SECURITY_NAME_ABBR":"光启科学","ORG_CODE":"10008904","STD_REPORT_DATE":"2020-06-30 00:00:00","REPORT_DATE":"2020-06-30 00:00:00","DATE_TYPE_CODE":"002","REPORT_TYPE":"2020年中报","PER_NETCASH_OPERATE":-0.017210168045,"PER_OI":0.009106168844,"BPS":1.334480492276,"BASIC_EPS":-0.001735536,"DILUTED_EPS":-0.001735536,"OPERATE_INCOME":56066033.76,"OPERATE_INCOME_YOY":74.114943833,"GROSS_PROFIT":16270193.28,"GROSS_PROFIT_YOY":556.119268629354,"HOLDER_PROFIT":-10457061.12,"HOLDER_PROFIT_YOY":87.5102281282,"GROSS_PROFIT_RATIO":29.019697290604,"EPS_TTM":-0.031440705206,"OPERATE_INCOME_QOQ":45.989022485543,"NET_PROFIT_RATIO":-18.9266687303,"ROE_AVG":-1.190289285629,"GROSS_PROFIT_QOQ":156.882572579404,"ROA":-0.664397840127,"HOLDER_PROFIT_QOQ":26.605394019029,"ROE_YEARLY":-2.380578571258,"ROIC_YEARLY":-1.49612149322,"TOTAL_ASSETS":1465059108.48,"TOTAL_LIABILITIES":642280768.8,"TAX_EBT":-5.896532542184,"OCF_SALES":-188.994607276104,"TOTAL_PARENT_EQUITY":821630145.6,"DEBT_ASSET_RATIO":43.83992189,"OPERATE_PROFIT":-10961.28,"PRETAX_PROFIT":-9852363.84,"NETCASH_OPERATE":-105961780.32,"NETCASH_INVEST":-13866932.64,"NETCASH_FINANCE":1916397.12,"END_CASH":104115718.08,"DIVI_RATIO":null,"DIVIDEND_RATE":null,"CURRENT_RATIO":0.977008163825,"COMMON_ACS":731666666,"CURRENTDEBT_DEBT":72.643622581402,"ISSUED_COMMON_SHARES":615692886,"HK_COMMON_SHARES":615692886,"PER_SHARES":2000,"TOTAL_MARKET_CAP":1219071914.28,"HKSK_MARKET_CAP":1219071914.28,"PE_TTM":-356.245445435418,"PB_TTM":0.781515970949,"REPORT_DATE_SQ":"2019-06-30 00:00:00","REPORT_TYPE_SQ":"2019年中报","OPERATE_INCOME_SQ":31009774.32,"DPS_HKD":null,"OPERATE_INCOME_QOQ_SQ":-32.977579509062,"NET_PROFIT_RATIO_SQ":-256.235107228,"HOLDER_PROFIT_SQ":-80628755.94,"HOLDER_PROFIT_QOQ_SQ":14.137279294298,"ROE_AVG_SQ":-6.90593852397,"PE_TTM_SQ":-22.685103739491,"PB_TTM_SQ":0.596341601046,"ROA_SQ":-4.374575829513,"START_DATE":"2020-01-01 00:00:00","FISCAL_YEAR":"12-31","CURRENCY":"HKD","IS_CNY_CODE":0,"DPS_HKD_LY":null,"ORG_TYPE":"一般企业","PREMIUM_INCOME":null,"PREMIUM_INCOME_YOY":null,"NET_INTEREST_INCOME":null,"NET_INTEREST_INCOME_YOY":null,"FEE_COMMISSION_INCOME":null,"FEE_COMMISSION_INCOME_YOY":null,"ACCOUNTS_RECE_TDAYS":0.187196159641,"INVENTORY_TDAYS":4.028945299857,"CURRENT_ASSETS_TDAYS":0.115183747155,"TOTAL_ASSETS_TDAYS":0.035622008236,"PREMIUM_EXPENSE":null,"LOAN_DEPOSIT":null,"LOAN_EQUITY":null,"LOAN_ASSETS":null,"DEPOSIT_EQUITY":null,"DEPOSIT_ASSETS":null,"EQUITY_MULTIPLIER":1.78062430405,"EQUITY_RATIO":0.781715194166}],"count":47},"success":true,"message":"ok","code":0}