{"version":"0ed5c8a3718f5db04f805a58d07cb4ff","result":{"pages":6,"data":[{"SECUCODE":"00434.HK","SECURITY_CODE":"00434","SECURITY_NAME_ABBR":"博雅互动","ORG_CODE":"10180423","STD_REPORT_DATE":"2024-09-30 00:00:00","REPORT_DATE":"2024-09-30 00:00:00","DATE_TYPE_CODE":"004","REPORT_TYPE":"2024年三季报","PER_NETCASH_OPERATE":0.291430251699,"PER_OI":0.448426757703,"BPS":2.582813323532,"BASIC_EPS":0.3201,"DILUTED_EPS":0.3163,"OPERATE_INCOME":318193000,"OPERATE_INCOME_YOY":8.1112394672,"GROSS_PROFIT":225694000,"GROSS_PROFIT_YOY":13.747883235223,"HOLDER_PROFIT":212325000,"HOLDER_PROFIT_YOY":149.4155928062,"GROSS_PROFIT_RATIO":70.9299073204,"EPS_TTM":0.344395662109,"OPERATE_INCOME_QOQ":1.158186354142,"NET_PROFIT_RATIO":66.7283692602,"ROE_AVG":12.369427749755,"GROSS_PROFIT_QOQ":1.806941328114,"ROA":10.364544446969,"HOLDER_PROFIT_QOQ":-29.366896161028,"ROE_YEARLY":16.492570333006,"ROIC_YEARLY":16.760431409913,"TOTAL_ASSETS":2168469000,"TOTAL_LIABILITIES":334197000,"TAX_EBT":8.997591270283,"OCF_SALES":64.989487512296,"TOTAL_PARENT_EQUITY":1834272000,"DEBT_ASSET_RATIO":15.4116567956,"OPERATE_PROFIT":219698000,"PRETAX_PROFIT":233318000,"NETCASH_OPERATE":206792000,"NETCASH_INVEST":-845722000,"NETCASH_FINANCE":-33335000,"END_CASH":66905000,"DIVI_RATIO":0.097885623162,"DIVIDEND_RATE":0.944162436548,"CURRENT_RATIO":5.586501312798,"COMMON_ACS":2000000000,"CURRENTDEBT_DEBT":91.855402651729,"ISSUED_COMMON_SHARES":710183730,"HK_COMMON_SHARES":710183730,"PER_SHARES":1000,"TOTAL_MARKET_CAP":2798123896.2,"HKSK_MARKET_CAP":2798123896.2,"PE_TTM":10.287858457662,"PB_TTM":1.375652110676,"REPORT_DATE_SQ":"2023-09-30 00:00:00","REPORT_TYPE_SQ":"2023年三季报","OPERATE_INCOME_SQ":294320000,"DPS_HKD":0.0372,"OPERATE_INCOME_QOQ_SQ":1.450024406351,"NET_PROFIT_RATIO_SQ":28.9239603153,"HOLDER_PROFIT_SQ":85129000,"HOLDER_PROFIT_QOQ_SQ":17.016336346297,"ROE_AVG_SQ":5.613430982111,"PE_TTM_SQ":3.252580213708,"PB_TTM_SQ":0.235532402791,"ROA_SQ":4.607597293539,"START_DATE":"2024-01-01 00:00:00","FISCAL_YEAR":"12-31","CURRENCY":"HKD","IS_CNY_CODE":0,"DPS_HKD_LY":0.0372,"ORG_TYPE":"一般企业","PREMIUM_INCOME":null,"PREMIUM_INCOME_YOY":null,"NET_INTEREST_INCOME":null,"NET_INTEREST_INCOME_YOY":null,"FEE_COMMISSION_INCOME":null,"FEE_COMMISSION_INCOME_YOY":null,"ACCOUNTS_RECE_TDAYS":11.618183477864,"INVENTORY_TDAYS":null,"CURRENT_ASSETS_TDAYS":0.18181142906,"TOTAL_ASSETS_TDAYS":0.155324407923,"PREMIUM_EXPENSE":null,"LOAN_DEPOSIT":null,"LOAN_EQUITY":null,"LOAN_ASSETS":null,"DEPOSIT_EQUITY":null,"DEPOSIT_ASSETS":null,"EQUITY_MULTIPLIER":1.182195988381,"EQUITY_RATIO":0.182195988381},{"SECUCODE":"00434.HK","SECURITY_CODE":"00434","SECURITY_NAME_ABBR":"博雅互动","ORG_CODE":"10180423","STD_REPORT_DATE":"2024-06-30 00:00:00","REPORT_DATE":"2024-06-30 00:00:00","DATE_TYPE_CODE":"002","REPORT_TYPE":"2024年中报","PER_NETCASH_OPERATE":0.138447408491,"PER_OI":0.300696344705,"BPS":2.614340376398,"BASIC_EPS":0.4289,"DILUTED_EPS":0.4235,"OPERATE_INCOME":213367000,"OPERATE_INCOME_YOY":9.8216537561,"GROSS_PROFIT":151653000,"GROSS_PROFIT_YOY":16.949427024693,"HOLDER_PROFIT":284379000,"HOLDER_PROFIT_YOY":411.6570708888,"GROSS_PROFIT_RATIO":71.0761270487,"EPS_TTM":0.487583927919,"OPERATE_INCOME_QOQ":1.419307385841,"NET_PROFIT_RATIO":133.2816227439,"ROE_AVG":16.459732752686,"GROSS_PROFIT_QOQ":2.867225098567,"ROA":13.651573539242,"HOLDER_PROFIT_QOQ":-21.424532094215,"ROE_YEARLY":32.919465505371,"ROIC_YEARLY":43.317309010483,"TOTAL_ASSETS":2237573000,"TOTAL_LIABILITIES":380911000,"TAX_EBT":14.419717419763,"OCF_SALES":46.042265205022,"TOTAL_PARENT_EQUITY":1856662000,"DEBT_ASSET_RATIO":17.023399907,"OPERATE_PROFIT":320316000,"PRETAX_PROFIT":332295000,"NETCASH_OPERATE":98239000,"NETCASH_INVEST":-747459000,"NETCASH_FINANCE":-27328000,"END_CASH":61589000,"DIVI_RATIO":0.069139653852,"DIVIDEND_RATE":0.762295081967,"CURRENT_RATIO":5.796193357836,"COMMON_ACS":2000000000,"CURRENTDEBT_DEBT":83.641848095749,"ISSUED_COMMON_SHARES":710183730,"HK_COMMON_SHARES":710183730,"PER_SHARES":1000,"TOTAL_MARKET_CAP":3465696602.4,"HKSK_MARKET_CAP":3465696602.4,"PE_TTM":12.742322150607,"PB_TTM":1.70385337566,"REPORT_DATE_SQ":"2023-06-30 00:00:00","REPORT_TYPE_SQ":"2023年中报","OPERATE_INCOME_SQ":194285000,"DPS_HKD":0.0372,"OPERATE_INCOME_QOQ_SQ":1.088737660665,"NET_PROFIT_RATIO_SQ":28.6074581157,"HOLDER_PROFIT_SQ":55580000,"HOLDER_PROFIT_QOQ_SQ":21.075816714567,"ROE_AVG_SQ":3.698648642354,"PE_TTM_SQ":3.024328970641,"PB_TTM_SQ":0.219003813122,"ROA_SQ":3.025748257527,"START_DATE":"2024-01-01 00:00:00","FISCAL_YEAR":"12-31","CURRENCY":"HKD","IS_CNY_CODE":0,"DPS_HKD_LY":0.0372,"ORG_TYPE":"一般企业","PREMIUM_INCOME":null,"PREMIUM_INCOME_YOY":null,"NET_INTEREST_INCOME":null,"NET_INTEREST_INCOME_YOY":null,"FEE_COMMISSION_INCOME":null,"FEE_COMMISSION_INCOME_YOY":null,"ACCOUNTS_RECE_TDAYS":7.398044450609,"INVENTORY_TDAYS":null,"CURRENT_ASSETS_TDAYS":0.117493067856,"TOTAL_ASSETS_TDAYS":0.102426525564,"PREMIUM_EXPENSE":null,"LOAN_DEPOSIT":null,"LOAN_EQUITY":null,"LOAN_ASSETS":null,"DEPOSIT_EQUITY":null,"DEPOSIT_ASSETS":null,"EQUITY_MULTIPLIER":1.205159043488,"EQUITY_RATIO":0.205159043488},{"SECUCODE":"00434.HK","SECURITY_CODE":"00434","SECURITY_NAME_ABBR":"博雅互动","ORG_CODE":"10180423","STD_REPORT_DATE":"2024-03-31 00:00:00","REPORT_DATE":"2024-03-31 00:00:00","DATE_TYPE_CODE":"003","REPORT_TYPE":"2024年一季报","PER_NETCASH_OPERATE":0.074724874443,"PER_OI":0.152939155165,"BPS":2.733736240339,"BASIC_EPS":0.533,"DILUTED_EPS":0.5254,"OPERATE_INCOME":108522000,"OPERATE_INCOME_YOY":13.9589830829,"GROSS_PROFIT":77112000,"GROSS_PROFIT_YOY":21.806435307312,"HOLDER_PROFIT":351791000,"HOLDER_PROFIT_YOY":1127.5918623722,"GROSS_PROFIT_RATIO":71.056559960192,"EPS_TTM":0.620529461567,"OPERATE_INCOME_QOQ":3.368881499916,"NET_PROFIT_RATIO":324.1656069737,"ROE_AVG":19.873827905647,"GROSS_PROFIT_QOQ":5.088856859543,"ROA":16.472724020496,"HOLDER_PROFIT_QOQ":275.761015198969,"ROE_YEARLY":79.495311622589,"ROIC_YEARLY":158.27192153687,"TOTAL_ASSETS":2342522000,"TOTAL_LIABILITIES":401067000,"TAX_EBT":15.024275948694,"OCF_SALES":48.859217485855,"TOTAL_PARENT_EQUITY":1941455000,"DEBT_ASSET_RATIO":17.1211625761,"OPERATE_PROFIT":405369000,"PRETAX_PROFIT":413990000,"NETCASH_OPERATE":53023000,"NETCASH_INVEST":-96598000,"NETCASH_FINANCE":-1011000,"END_CASH":702913000,"DIVI_RATIO":0.054326806522,"DIVIDEND_RATE":0.762295081967,"CURRENT_RATIO":6.773891521592,"COMMON_ACS":2000000000,"CURRENTDEBT_DEBT":80.290325556578,"ISSUED_COMMON_SHARES":710183730,"HK_COMMON_SHARES":710183730,"PER_SHARES":1000,"TOTAL_MARKET_CAP":3465696602.4,"HKSK_MARKET_CAP":3465696602.4,"PE_TTM":12.742322150607,"PB_TTM":1.70385337566,"REPORT_DATE_SQ":"2023-03-31 00:00:00","REPORT_TYPE_SQ":"2023年一季报","OPERATE_INCOME_SQ":95229000,"DPS_HKD":0.0372,"OPERATE_INCOME_QOQ_SQ":0.98729967543,"NET_PROFIT_RATIO_SQ":30.0927238551,"HOLDER_PROFIT_SQ":28657000,"HOLDER_PROFIT_QOQ_SQ":24.110591900312,"ROE_AVG_SQ":1.956721608777,"PE_TTM_SQ":3.024328970641,"PB_TTM_SQ":0.219003813122,"ROA_SQ":1.598419930914,"START_DATE":"2024-01-01 00:00:00","FISCAL_YEAR":"12-31","CURRENCY":"HKD","IS_CNY_CODE":0,"DPS_HKD_LY":0.0372,"ORG_TYPE":"一般企业","PREMIUM_INCOME":null,"PREMIUM_INCOME_YOY":null,"NET_INTEREST_INCOME":null,"NET_INTEREST_INCOME_YOY":null,"FEE_COMMISSION_INCOME":null,"FEE_COMMISSION_INCOME_YOY":null,"ACCOUNTS_RECE_TDAYS":3.554078173869,"INVENTORY_TDAYS":null,"CURRENT_ASSETS_TDAYS":0.05471741161,"TOTAL_ASSETS_TDAYS":0.050815767207,"PREMIUM_EXPENSE":null,"LOAN_DEPOSIT":null,"LOAN_EQUITY":null,"LOAN_ASSETS":null,"DEPOSIT_EQUITY":null,"DEPOSIT_ASSETS":null,"EQUITY_MULTIPLIER":1.206580631537,"EQUITY_RATIO":0.206580631537},{"SECUCODE":"00434.HK","SECURITY_CODE":"00434","SECURITY_NAME_ABBR":"博雅互动","ORG_CODE":"10180423","STD_REPORT_DATE":"2023-12-31 00:00:00","REPORT_DATE":"2023-12-31 00:00:00","DATE_TYPE_CODE":"001","REPORT_TYPE":"2023年年报","PER_NETCASH_OPERATE":0.13132625747,"PER_OI":0.556081142287,"BPS":2.251232930949,"BASIC_EPS":0.1774,"DILUTED_EPS":0.1742,"OPERATE_INCOME":394582000,"OPERATE_INCOME_YOY":5.1472821945,"GROSS_PROFIT":271279000,"GROSS_PROFIT_YOY":10.345542923387,"HOLDER_PROFIT":117179000,"HOLDER_PROFIT_YOY":82.5218068536,"GROSS_PROFIT_RATIO":68.750982051893,"EPS_TTM":0.165139393515,"OPERATE_INCOME_QOQ":1.525786564845,"NET_PROFIT_RATIO":29.6969958082,"ROE_AVG":7.668599539343,"GROSS_PROFIT_QOQ":4.60078581977,"ROA":6.307980433143,"HOLDER_PROFIT_QOQ":3.801112607186,"ROE_YEARLY":7.668599539343,"ROIC_YEARLY":27.182594454407,"TOTAL_ASSETS":1928672000,"TOTAL_LIABILITIES":329883000,"TAX_EBT":7.696730996455,"OCF_SALES":23.616383920199,"TOTAL_PARENT_EQUITY":1598789000,"DEBT_ASSET_RATIO":17.1041524946,"OPERATE_PROFIT":72948000,"PRETAX_PROFIT":126950000,"NETCASH_OPERATE":93186000,"NETCASH_INVEST":338615000,"NETCASH_FINANCE":-4150000,"END_CASH":744260000,"DIVI_RATIO":0.204138959714,"DIVIDEND_RATE":0.762295081967,"CURRENT_RATIO":5.576023337019,"COMMON_ACS":2000000000,"CURRENTDEBT_DEBT":97.05804785333,"ISSUED_COMMON_SHARES":710183730,"HK_COMMON_SHARES":710183730,"PER_SHARES":1000,"TOTAL_MARKET_CAP":3465696602.4,"HKSK_MARKET_CAP":3465696602.4,"PE_TTM":12.742322150607,"PB_TTM":1.70385337566,"REPORT_DATE_SQ":"2022-12-31 00:00:00","REPORT_TYPE_SQ":"2022年年报","OPERATE_INCOME_SQ":375266000,"DPS_HKD":0.0372,"OPERATE_INCOME_QOQ_SQ":1.808464460119,"NET_PROFIT_RATIO_SQ":17.1078648212,"HOLDER_PROFIT_SQ":64200000,"HOLDER_PROFIT_QOQ_SQ":9.218965311921,"ROE_AVG_SQ":4.590242231802,"PE_TTM_SQ":3.024328970641,"PB_TTM_SQ":0.219003813122,"ROA_SQ":3.139180097011,"START_DATE":"2023-01-01 00:00:00","FISCAL_YEAR":"12-31","CURRENCY":"HKD","IS_CNY_CODE":0,"DPS_HKD_LY":null,"ORG_TYPE":"一般企业","PREMIUM_INCOME":null,"PREMIUM_INCOME_YOY":null,"NET_INTEREST_INCOME":null,"NET_INTEREST_INCOME_YOY":null,"FEE_COMMISSION_INCOME":null,"FEE_COMMISSION_INCOME_YOY":null,"ACCOUNTS_RECE_TDAYS":14.833909774436,"INVENTORY_TDAYS":null,"CURRENT_ASSETS_TDAYS":0.240401914773,"TOTAL_ASSETS_TDAYS":0.21241139925,"PREMIUM_EXPENSE":null,"LOAN_DEPOSIT":null,"LOAN_EQUITY":null,"LOAN_ASSETS":null,"DEPOSIT_EQUITY":null,"DEPOSIT_ASSETS":null,"EQUITY_MULTIPLIER":1.206333043323,"EQUITY_RATIO":0.206333043322},{"SECUCODE":"00434.HK","SECURITY_CODE":"00434","SECURITY_NAME_ABBR":"博雅互动","ORG_CODE":"10180423","STD_REPORT_DATE":"2023-09-30 00:00:00","REPORT_DATE":"2023-09-30 00:00:00","DATE_TYPE_CODE":"004","REPORT_TYPE":"2023年三季报","PER_NETCASH_OPERATE":0.121575368115,"PER_OI":0.414782736663,"BPS":2.218810335179,"BASIC_EPS":0.129,"DILUTED_EPS":0.1269,"OPERATE_INCOME":294320000,"OPERATE_INCOME_YOY":4.7648202069,"GROSS_PROFIT":198416000,"GROSS_PROFIT_YOY":7.301772715965,"HOLDER_PROFIT":85129000,"HOLDER_PROFIT_YOY":133.6077495129,"GROSS_PROFIT_RATIO":67.415058439793,"EPS_TTM":0.159092122779,"OPERATE_INCOME_QOQ":1.450024406351,"NET_PROFIT_RATIO":28.9239603153,"ROE_AVG":5.613430982111,"GROSS_PROFIT_QOQ":2.64013994206,"ROA":4.607597293539,"HOLDER_PROFIT_QOQ":17.016336346297,"ROE_YEARLY":7.484574642815,"ROIC_YEARLY":19.495443834004,"TOTAL_ASSETS":1908568000,"TOTAL_LIABILITIES":332805000,"TAX_EBT":12.935557441934,"OCF_SALES":29.310614297363,"TOTAL_PARENT_EQUITY":1575763000,"DEBT_ASSET_RATIO":17.4374190493,"OPERATE_PROFIT":58209000,"PRETAX_PROFIT":97777000,"NETCASH_OPERATE":86267000,"NETCASH_INVEST":-111617000,"NETCASH_FINANCE":-4223000,"END_CASH":253420000,"DIVI_RATIO":0.211898511448,"DIVIDEND_RATE":0.762295081967,"CURRENT_RATIO":5.160380938278,"COMMON_ACS":2000000000,"CURRENTDEBT_DEBT":97.398476585388,"ISSUED_COMMON_SHARES":710183730,"HK_COMMON_SHARES":710183730,"PER_SHARES":1000,"TOTAL_MARKET_CAP":3465696602.4,"HKSK_MARKET_CAP":3465696602.4,"PE_TTM":12.742322150607,"PB_TTM":1.70385337566,"REPORT_DATE_SQ":"2022-09-30 00:00:00","REPORT_TYPE_SQ":"2022年三季报","OPERATE_INCOME_SQ":280934000,"DPS_HKD":0.0372,"OPERATE_INCOME_QOQ_SQ":-0.682237047735,"NET_PROFIT_RATIO_SQ":16.2062975646,"HOLDER_PROFIT_SQ":36441000,"HOLDER_PROFIT_QOQ_SQ":21.780475677467,"ROE_AVG_SQ":2.629616730575,"PE_TTM_SQ":3.024328970641,"PB_TTM_SQ":0.219003813122,"ROA_SQ":1.910994313901,"START_DATE":"2023-01-01 00:00:00","FISCAL_YEAR":"12-31","CURRENCY":"HKD","IS_CNY_CODE":0,"DPS_HKD_LY":null,"ORG_TYPE":"一般企业","PREMIUM_INCOME":null,"PREMIUM_INCOME_YOY":null,"NET_INTEREST_INCOME":null,"NET_INTEREST_INCOME_YOY":null,"FEE_COMMISSION_INCOME":null,"FEE_COMMISSION_INCOME_YOY":null,"ACCOUNTS_RECE_TDAYS":11.379963654642,"INVENTORY_TDAYS":null,"CURRENT_ASSETS_TDAYS":0.185685697053,"TOTAL_ASSETS_TDAYS":0.159300360093,"PREMIUM_EXPENSE":null,"LOAN_DEPOSIT":null,"LOAN_EQUITY":null,"LOAN_ASSETS":null,"DEPOSIT_EQUITY":null,"DEPOSIT_ASSETS":null,"EQUITY_MULTIPLIER":1.211202446054,"EQUITY_RATIO":0.211202446053},{"SECUCODE":"00434.HK","SECURITY_CODE":"00434","SECURITY_NAME_ABBR":"博雅互动","ORG_CODE":"10180423","STD_REPORT_DATE":"2023-06-30 00:00:00","REPORT_DATE":"2023-06-30 00:00:00","DATE_TYPE_CODE":"002","REPORT_TYPE":"2023年中报","PER_NETCASH_OPERATE":0.068635324956,"PER_OI":0.273804240257,"BPS":2.179911950391,"BASIC_EPS":0.0843,"DILUTED_EPS":0.083,"OPERATE_INCOME":194285000,"OPERATE_INCOME_YOY":4.1999635299,"GROSS_PROFIT":129674000,"GROSS_PROFIT_YOY":5.560756412657,"HOLDER_PROFIT":55580000,"HOLDER_PROFIT_YOY":138.4588982324,"GROSS_PROFIT_RATIO":66.744215971382,"EPS_TTM":0.135957190036,"OPERATE_INCOME_QOQ":1.088737660665,"NET_PROFIT_RATIO":28.6074581157,"ROE_AVG":3.698648642354,"GROSS_PROFIT_QOQ":1.502394189671,"ROA":3.025748257527,"HOLDER_PROFIT_QOQ":21.075816714567,"ROE_YEARLY":7.397297284707,"ROIC_YEARLY":27.820358966722,"TOTAL_ASSETS":1887212000,"TOTAL_LIABILITIES":339074000,"TAX_EBT":11.78337883309,"OCF_SALES":25.067298041537,"TOTAL_PARENT_EQUITY":1548138000,"DEBT_ASSET_RATIO":17.9669268741,"OPERATE_PROFIT":38261000,"PRETAX_PROFIT":63004000,"NETCASH_OPERATE":48702000,"NETCASH_INVEST":-158392000,"NETCASH_FINANCE":-2160000,"END_CASH":194392000,"DIVI_RATIO":0.247955874868,"DIVIDEND_RATE":0.762295081967,"CURRENT_RATIO":4.970717481016,"COMMON_ACS":2000000000,"CURRENTDEBT_DEBT":96.979125500628,"ISSUED_COMMON_SHARES":710183730,"HK_COMMON_SHARES":710183730,"PER_SHARES":1000,"TOTAL_MARKET_CAP":3465696602.4,"HKSK_MARKET_CAP":3465696602.4,"PE_TTM":12.742322150607,"PB_TTM":1.70385337566,"REPORT_DATE_SQ":"2022-06-30 00:00:00","REPORT_TYPE_SQ":"2022年中报","OPERATE_INCOME_SQ":186454000,"DPS_HKD":0.0372,"OPERATE_INCOME_QOQ_SQ":-0.438344698819,"NET_PROFIT_RATIO_SQ":15.7406116254,"HOLDER_PROFIT_SQ":23308000,"HOLDER_PROFIT_QOQ_SQ":19.857962305381,"ROE_AVG_SQ":1.721183416962,"PE_TTM_SQ":3.024328970641,"PB_TTM_SQ":0.219003813122,"ROA_SQ":1.251782838347,"START_DATE":"2023-01-01 00:00:00","FISCAL_YEAR":"12-31","CURRENCY":"HKD","IS_CNY_CODE":0,"DPS_HKD_LY":null,"ORG_TYPE":"一般企业","PREMIUM_INCOME":null,"PREMIUM_INCOME_YOY":null,"NET_INTEREST_INCOME":null,"NET_INTEREST_INCOME_YOY":null,"FEE_COMMISSION_INCOME":null,"FEE_COMMISSION_INCOME_YOY":null,"ACCOUNTS_RECE_TDAYS":7.061057604943,"INVENTORY_TDAYS":null,"CURRENT_ASSETS_TDAYS":0.124068773764,"TOTAL_ASSETS_TDAYS":0.105767812201,"PREMIUM_EXPENSE":null,"LOAN_DEPOSIT":null,"LOAN_EQUITY":null,"LOAN_ASSETS":null,"DEPOSIT_EQUITY":null,"DEPOSIT_ASSETS":null,"EQUITY_MULTIPLIER":1.219020526593,"EQUITY_RATIO":0.219020526594},{"SECUCODE":"00434.HK","SECURITY_CODE":"00434","SECURITY_NAME_ABBR":"博雅互动","ORG_CODE":"10180423","STD_REPORT_DATE":"2023-03-31 00:00:00","REPORT_DATE":"2023-03-31 00:00:00","DATE_TYPE_CODE":"003","REPORT_TYPE":"2023年一季报","PER_NETCASH_OPERATE":0.02391427106,"PER_OI":0.134205440438,"BPS":2.07242004826,"BASIC_EPS":0.0436,"DILUTED_EPS":0.0429,"OPERATE_INCOME":95229000,"OPERATE_INCOME_YOY":4.0481185263,"GROSS_PROFIT":63307000,"GROSS_PROFIT_YOY":5.133187192773,"HOLDER_PROFIT":28657000,"HOLDER_PROFIT_YOY":117.4609197147,"GROSS_PROFIT_RATIO":66.478698715727,"EPS_TTM":0.112290954317,"OPERATE_INCOME_QOQ":0.98729967543,"NET_PROFIT_RATIO":30.0927238551,"ROE_AVG":1.956721608777,"GROSS_PROFIT_QOQ":1.257296263906,"ROA":1.598419930914,"HOLDER_PROFIT_QOQ":24.110591900312,"ROE_YEARLY":7.826886435106,"ROIC_YEARLY":28.479041588872,"TOTAL_ASSETS":1799076000,"TOTAL_LIABILITIES":327277000,"TAX_EBT":14.80005946187,"OCF_SALES":17.81915172899,"TOTAL_PARENT_EQUITY":1471799000,"DEBT_ASSET_RATIO":18.1913938044,"OPERATE_PROFIT":22985000,"PRETAX_PROFIT":33635000,"NETCASH_OPERATE":16969000,"NETCASH_INVEST":-170159000,"NETCASH_FINANCE":-1011000,"END_CASH":140209000,"DIVI_RATIO":0.300214600589,"DIVIDEND_RATE":0.762295081967,"CURRENT_RATIO":4.86308931061,"COMMON_ACS":2000000000,"CURRENTDEBT_DEBT":96.652988141544,"ISSUED_COMMON_SHARES":710183730,"HK_COMMON_SHARES":710183730,"PER_SHARES":1000,"TOTAL_MARKET_CAP":3465696602.4,"HKSK_MARKET_CAP":3465696602.4,"PE_TTM":12.742322150607,"PB_TTM":1.70385337566,"REPORT_DATE_SQ":"2022-03-31 00:00:00","REPORT_TYPE_SQ":"2022年一季报","OPERATE_INCOME_SQ":91524000,"DPS_HKD":0.0372,"OPERATE_INCOME_QOQ_SQ":1.803851311308,"NET_PROFIT_RATIO_SQ":17.6838861938,"HOLDER_PROFIT_SQ":13178000,"HOLDER_PROFIT_QOQ_SQ":405.409136546185,"ROE_AVG_SQ":0.962952077293,"PE_TTM_SQ":3.024328970641,"PB_TTM_SQ":0.219003813122,"ROA_SQ":0.699966353177,"START_DATE":"2023-01-01 00:00:00","FISCAL_YEAR":"12-31","CURRENCY":"HKD","IS_CNY_CODE":0,"DPS_HKD_LY":null,"ORG_TYPE":"一般企业","PREMIUM_INCOME":null,"PREMIUM_INCOME_YOY":null,"NET_INTEREST_INCOME":null,"NET_INTEREST_INCOME_YOY":null,"FEE_COMMISSION_INCOME":null,"FEE_COMMISSION_INCOME_YOY":null,"ACCOUNTS_RECE_TDAYS":3.574662162162,"INVENTORY_TDAYS":null,"CURRENT_ASSETS_TDAYS":0.062739959146,"TOTAL_ASSETS_TDAYS":0.053116492166,"PREMIUM_EXPENSE":null,"LOAN_DEPOSIT":null,"LOAN_EQUITY":null,"LOAN_ASSETS":null,"DEPOSIT_EQUITY":null,"DEPOSIT_ASSETS":null,"EQUITY_MULTIPLIER":1.222365282216,"EQUITY_RATIO":0.222365282216},{"SECUCODE":"00434.HK","SECURITY_CODE":"00434","SECURITY_NAME_ABBR":"博雅互动","ORG_CODE":"10180423","STD_REPORT_DATE":"2022-12-31 00:00:00","REPORT_DATE":"2022-12-31 00:00:00","DATE_TYPE_CODE":"001","REPORT_TYPE":"2022年年报","PER_NETCASH_OPERATE":0.180868131277,"PER_OI":0.528635762979,"BPS":2.051981675221,"BASIC_EPS":0.0977,"DILUTED_EPS":0.0968,"OPERATE_INCOME":375266000,"OPERATE_INCOME_YOY":2.4866110809,"GROSS_PROFIT":245845000,"GROSS_PROFIT_YOY":0.360464071979,"HOLDER_PROFIT":64200000,"HOLDER_PROFIT_YOY":1570.4535043518,"GROSS_PROFIT_RATIO":65.51219668182,"EPS_TTM":0.090438291727,"OPERATE_INCOME_QOQ":1.808464460119,"NET_PROFIT_RATIO":17.1078648212,"ROE_AVG":4.590242231802,"GROSS_PROFIT_QOQ":1.444222080092,"ROA":3.139180097011,"HOLDER_PROFIT_QOQ":9.218965311921,"ROE_YEARLY":4.590242231802,"ROIC_YEARLY":8.853664237885,"TOTAL_ASSETS":1786590000,"TOTAL_LIABILITIES":329306000,"TAX_EBT":24.645233987112,"OCF_SALES":34.214130776569,"TOTAL_PARENT_EQUITY":1457284000,"DEBT_ASSET_RATIO":18.4320968997,"OPERATE_PROFIT":56736000,"PRETAX_PROFIT":85197000,"NETCASH_OPERATE":128394000,"NETCASH_INVEST":-89778000,"NETCASH_FINANCE":-4135000,"END_CASH":293956000,"DIVI_RATIO":0.372755647594,"DIVIDEND_RATE":0.762295081967,"CURRENT_RATIO":4.739759936186,"COMMON_ACS":2000000000,"CURRENTDEBT_DEBT":95.933873054241,"ISSUED_COMMON_SHARES":710183730,"HK_COMMON_SHARES":710183730,"PER_SHARES":1000,"TOTAL_MARKET_CAP":3465696602.4,"HKSK_MARKET_CAP":3465696602.4,"PE_TTM":12.742322150607,"PB_TTM":1.70385337566,"REPORT_DATE_SQ":"2021-12-31 00:00:00","REPORT_TYPE_SQ":"2021年年报","OPERATE_INCOME_SQ":366161000,"DPS_HKD":0.0372,"OPERATE_INCOME_QOQ_SQ":2.817534194262,"NET_PROFIT_RATIO_SQ":2.1760919377,"HOLDER_PROFIT_SQ":-4366000,"HOLDER_PROFIT_QOQ_SQ":122.304957590348,"ROE_AVG_SQ":0.39205015959,"PE_TTM_SQ":3.024328970641,"PB_TTM_SQ":0.219003813122,"ROA_SQ":0.34367944473,"START_DATE":"2022-01-01 00:00:00","FISCAL_YEAR":"12-31","CURRENCY":"HKD","IS_CNY_CODE":0,"DPS_HKD_LY":null,"ORG_TYPE":"一般企业","PREMIUM_INCOME":null,"PREMIUM_INCOME_YOY":null,"NET_INTEREST_INCOME":null,"NET_INTEREST_INCOME_YOY":null,"FEE_COMMISSION_INCOME":null,"FEE_COMMISSION_INCOME_YOY":null,"ACCOUNTS_RECE_TDAYS":16.430210157618,"INVENTORY_TDAYS":null,"CURRENT_ASSETS_TDAYS":0.25725933995,"TOTAL_ASSETS_TDAYS":0.183493389141,"PREMIUM_EXPENSE":null,"LOAN_DEPOSIT":null,"LOAN_EQUITY":null,"LOAN_ASSETS":null,"DEPOSIT_EQUITY":null,"DEPOSIT_ASSETS":null,"EQUITY_MULTIPLIER":1.225972425416,"EQUITY_RATIO":0.225972425416},{"SECUCODE":"00434.HK","SECURITY_CODE":"00434","SECURITY_NAME_ABBR":"博雅互动","ORG_CODE":"10180423","STD_REPORT_DATE":"2022-09-30 00:00:00","REPORT_DATE":"2022-09-30 00:00:00","DATE_TYPE_CODE":"004","REPORT_TYPE":"2022年三季报","PER_NETCASH_OPERATE":0.225747781373,"PER_OI":0.395750639378,"BPS":2.989130714104,"BASIC_EPS":0.0555,"DILUTED_EPS":0.0551,"OPERATE_INCOME":280934000,"OPERATE_INCOME_YOY":0.8757787393,"GROSS_PROFIT":184914000,"GROSS_PROFIT_YOY":-1.395502610235,"HOLDER_PROFIT":36441000,"HOLDER_PROFIT_YOY":961.6389099167,"GROSS_PROFIT_RATIO":65.821153722939,"EPS_TTM":0.082804567383,"OPERATE_INCOME_QOQ":-0.682237047735,"NET_PROFIT_RATIO":16.2062975646,"ROE_AVG":2.629616730575,"GROSS_PROFIT_QOQ":-1.142584419081,"ROA":1.910994313901,"HOLDER_PROFIT_QOQ":21.780475677467,"ROE_YEARLY":3.506155640766,"ROIC_YEARLY":4.173335166598,"TOTAL_ASSETS":2461304000,"TOTAL_LIABILITIES":338472000,"TAX_EBT":33.86868466899,"OCF_SALES":57.042935351364,"TOTAL_PARENT_EQUITY":2122832000,"DEBT_ASSET_RATIO":13.7517348527,"OPERATE_PROFIT":35755000,"PRETAX_PROFIT":55104000,"NETCASH_OPERATE":160253000,"NETCASH_INVEST":-203543000,"NETCASH_FINANCE":-3351000,"END_CASH":213847000,"DIVI_RATIO":0.407119861444,"DIVIDEND_RATE":0.762295081967,"CURRENT_RATIO":4.656298677832,"COMMON_ACS":2000000000,"CURRENTDEBT_DEBT":94.834432390272,"ISSUED_COMMON_SHARES":710183730,"HK_COMMON_SHARES":710183730,"PER_SHARES":1000,"TOTAL_MARKET_CAP":3465696602.4,"HKSK_MARKET_CAP":3465696602.4,"PE_TTM":12.742322150607,"PB_TTM":1.70385337566,"REPORT_DATE_SQ":"2021-09-30 00:00:00","REPORT_TYPE_SQ":"2021年三季报","OPERATE_INCOME_SQ":278495000,"DPS_HKD":0.0372,"OPERATE_INCOME_QOQ_SQ":3.374436142606,"NET_PROFIT_RATIO_SQ":-1.8973410654,"HOLDER_PROFIT_SQ":-5284000,"HOLDER_PROFIT_QOQ_SQ":15.920163814814,"ROE_AVG_SQ":-0.259652510838,"PE_TTM_SQ":3.024328970641,"PB_TTM_SQ":0.219003813122,"ROA_SQ":-0.227989804317,"START_DATE":"2022-01-01 00:00:00","FISCAL_YEAR":"12-31","CURRENCY":"HKD","IS_CNY_CODE":0,"DPS_HKD_LY":null,"ORG_TYPE":"一般企业","PREMIUM_INCOME":null,"PREMIUM_INCOME_YOY":null,"NET_INTEREST_INCOME":null,"NET_INTEREST_INCOME_YOY":null,"FEE_COMMISSION_INCOME":null,"FEE_COMMISSION_INCOME_YOY":null,"ACCOUNTS_RECE_TDAYS":11.012700901607,"INVENTORY_TDAYS":null,"CURRENT_ASSETS_TDAYS":0.192772820469,"TOTAL_ASSETS_TDAYS":0.117916773173,"PREMIUM_EXPENSE":null,"LOAN_DEPOSIT":null,"LOAN_EQUITY":null,"LOAN_ASSETS":null,"DEPOSIT_EQUITY":null,"DEPOSIT_ASSETS":null,"EQUITY_MULTIPLIER":1.159443611175,"EQUITY_RATIO":0.159443611176}],"count":51},"success":true,"message":"ok","code":0}