{"version":"5e5edf870f9e4073660d8b0ec769c034","result":{"pages":8,"data":[{"SECUCODE":"00436.HK","SECURITY_CODE":"00436","SECURITY_NAME_ABBR":"新宇环保","ORG_CODE":"10010691","STD_REPORT_DATE":"2024-06-30 00:00:00","REPORT_DATE":"2024-06-30 00:00:00","DATE_TYPE_CODE":"002","REPORT_TYPE":"2024年中报","PER_NETCASH_OPERATE":0.009586501653,"PER_OI":0.049928819214,"BPS":0.267149097394,"BASIC_EPS":-0.006114956,"DILUTED_EPS":-0.006114956,"OPERATE_INCOME":151568767.6,"OPERATE_INCOME_YOY":-17.2290393644,"GROSS_PROFIT":18190625.08,"GROSS_PROFIT_YOY":-21.911041446878,"HOLDER_PROFIT":-18479944.64,"HOLDER_PROFIT_YOY":38.9476858134,"GROSS_PROFIT_RATIO":12.001565604865,"EPS_TTM":-0.005901337253,"OPERATE_INCOME_QOQ":-9.090817715296,"NET_PROFIT_RATIO":-14.2747034383,"ROE_AVG":-2.253753147914,"GROSS_PROFIT_QOQ":-8.609873012436,"ROA":-1.569240772825,"HOLDER_PROFIT_QOQ":40.30868944844,"ROE_YEARLY":-4.507506295827,"ROIC_YEARLY":-4.095460971964,"TOTAL_ASSETS":1167488391.16,"TOTAL_LIABILITIES":265937611.08,"TAX_EBT":-25.781291452221,"OCF_SALES":19.200337207202,"TOTAL_PARENT_EQUITY":810983718.32,"DEBT_ASSET_RATIO":22.7786086006,"OPERATE_PROFIT":-7963133,"PRETAX_PROFIT":-17201279.96,"NETCASH_OPERATE":29101714.48,"NETCASH_INVEST":-10661927.76,"NETCASH_FINANCE":7490364.76,"END_CASH":193763789.36,"DIVI_RATIO":-0.245698887884,"DIVIDEND_RATE":3.636363636364,"CURRENT_RATIO":1.343259313766,"COMMON_ACS":100000000000,"CURRENTDEBT_DEBT":86.749307607565,"ISSUED_COMMON_SHARES":3035697018,"HK_COMMON_SHARES":3035697018,"PER_SHARES":20000,"TOTAL_MARKET_CAP":133570668.792,"HKSK_MARKET_CAP":133570668.792,"PE_TTM":-6.612082015346,"PB_TTM":0.150320253341,"REPORT_DATE_SQ":"2023-06-30 00:00:00","REPORT_TYPE_SQ":"2023年中报","OPERATE_INCOME_SQ":184984223.24,"DPS_HKD":0.0016,"OPERATE_INCOME_QOQ_SQ":-7.915109374201,"NET_PROFIT_RATIO_SQ":-18.5141738037,"HOLDER_PROFIT_SQ":-30577466.7,"HOLDER_PROFIT_QOQ_SQ":-664.961838912289,"ROE_AVG_SQ":-3.594021343058,"PE_TTM_SQ":-4.181709418936,"PB_TTM_SQ":0.19233096615,"ROA_SQ":-2.277822974041,"START_DATE":"2024-01-01 00:00:00","FISCAL_YEAR":"12-31","CURRENCY":"HKD","IS_CNY_CODE":0,"DPS_HKD_LY":0.0016,"ORG_TYPE":"一般企业","PREMIUM_INCOME":null,"PREMIUM_INCOME_YOY":null,"NET_INTEREST_INCOME":null,"NET_INTEREST_INCOME_YOY":null,"FEE_COMMISSION_INCOME":null,"FEE_COMMISSION_INCOME_YOY":null,"ACCOUNTS_RECE_TDAYS":2.070491721524,"INVENTORY_TDAYS":31.676384523681,"CURRENT_ASSETS_TDAYS":0.494955666493,"TOTAL_ASSETS_TDAYS":0.128705953745,"PREMIUM_EXPENSE":null,"LOAN_DEPOSIT":null,"LOAN_EQUITY":null,"LOAN_ASSETS":null,"DEPOSIT_EQUITY":null,"DEPOSIT_ASSETS":null,"EQUITY_MULTIPLIER":1.294977961259,"EQUITY_RATIO":0.327919790586},{"SECUCODE":"00436.HK","SECURITY_CODE":"00436","SECURITY_NAME_ABBR":"新宇环保","ORG_CODE":"10010691","STD_REPORT_DATE":"2023-12-31 00:00:00","REPORT_DATE":"2023-12-31 00:00:00","DATE_TYPE_CODE":"001","REPORT_TYPE":"2023年年报","PER_NETCASH_OPERATE":0.00531397637,"PER_OI":0.121083792111,"BPS":0.271132203359,"BASIC_EPS":-0.009877798,"DILUTED_EPS":-0.009877798,"OPERATE_INCOME":367573706.64,"OPERATE_INCOME_YOY":-21.4144972013,"GROSS_PROFIT":59282193.74,"GROSS_PROFIT_YOY":-44.150057526949,"HOLDER_PROFIT":-30012193.96,"HOLDER_PROFIT_YOY":-555.3554241716,"GROSS_PROFIT_RATIO":16.127974517519,"EPS_TTM":-0.009886426011,"OPERATE_INCOME_QOQ":-24.125795812923,"NET_PROFIT_RATIO":-8.8180329971,"ROE_AVG":-3.542168468519,"GROSS_PROFIT_QOQ":-23.770512191985,"ROA":-2.352573460204,"HOLDER_PROFIT_QOQ":18.232203499731,"ROE_YEARLY":-3.542168468519,"ROIC_YEARLY":-3.09530218404,"TOTAL_ASSETS":1179376457.28,"TOTAL_LIABILITIES":261050264.3,"TAX_EBT":-71.80657938167,"OCF_SALES":4.388676863604,"TOTAL_PARENT_EQUITY":823075221.22,"DEBT_ASSET_RATIO":22.1346002533,"OPERATE_PROFIT":1155430.5,"PRETAX_PROFIT":-16473267.16,"NETCASH_OPERATE":16131622.22,"NETCASH_INVEST":-23058767.9,"NETCASH_FINANCE":-67575919.18,"END_CASH":168887690.3,"DIVI_RATIO":-0.146660886189,"DIVIDEND_RATE":3.265306122449,"CURRENT_RATIO":1.326158092647,"COMMON_ACS":100000000000,"CURRENTDEBT_DEBT":86.779025567146,"ISSUED_COMMON_SHARES":3035697018,"HK_COMMON_SHARES":3035697018,"PER_SHARES":20000,"TOTAL_MARKET_CAP":148749153.882,"HKSK_MARKET_CAP":148749153.882,"PE_TTM":-7.363454971635,"PB_TTM":0.167402100311,"REPORT_DATE_SQ":"2022-12-31 00:00:00","REPORT_TYPE_SQ":"2022年年报","OPERATE_INCOME_SQ":461053271.07,"DPS_HKD":0.0016,"OPERATE_INCOME_QOQ_SQ":-6.999971658403,"NET_PROFIT_RATIO_SQ":0.774937134,"HOLDER_PROFIT_SQ":6496752.71,"HOLDER_PROFIT_QOQ_SQ":-70.131331438405,"ROE_AVG_SQ":0.722080799978,"PE_TTM_SQ":-4.853769861265,"PB_TTM_SQ":0.223241299995,"ROA_SQ":0.441047562246,"START_DATE":"2023-01-01 00:00:00","FISCAL_YEAR":"12-31","CURRENCY":"HKD","IS_CNY_CODE":0,"DPS_HKD_LY":0.0038,"ORG_TYPE":"一般企业","PREMIUM_INCOME":null,"PREMIUM_INCOME_YOY":null,"NET_INTEREST_INCOME":null,"NET_INTEREST_INCOME_YOY":null,"FEE_COMMISSION_INCOME":null,"FEE_COMMISSION_INCOME_YOY":null,"ACCOUNTS_RECE_TDAYS":4.074127644187,"INVENTORY_TDAYS":56.827027478493,"CURRENT_ASSETS_TDAYS":1.028109965984,"TOTAL_ASSETS_TDAYS":0.288130933734,"PREMIUM_EXPENSE":null,"LOAN_DEPOSIT":null,"LOAN_EQUITY":null,"LOAN_ASSETS":null,"DEPOSIT_EQUITY":null,"DEPOSIT_ASSETS":null,"EQUITY_MULTIPLIER":1.284267470857,"EQUITY_RATIO":0.317164528308},{"SECUCODE":"00436.HK","SECURITY_CODE":"00436","SECURITY_NAME_ABBR":"新宇环保","ORG_CODE":"10010691","STD_REPORT_DATE":"2023-06-30 00:00:00","REPORT_DATE":"2023-06-30 00:00:00","DATE_TYPE_CODE":"002","REPORT_TYPE":"2023年中报","PER_NETCASH_OPERATE":-0.004800788015,"PER_OI":0.060936326038,"BPS":0.268448087345,"BASIC_EPS":-0.010049582,"DILUTED_EPS":-0.010049582,"OPERATE_INCOME":184984223.24,"OPERATE_INCOME_YOY":-24.2498635089,"GROSS_PROFIT":23294746.68,"GROSS_PROFIT_YOY":-50.995296240931,"HOLDER_PROFIT":-30577466.7,"HOLDER_PROFIT_YOY":-324.6798997358,"GROSS_PROFIT_RATIO":10.07401295351,"EPS_TTM":-0.012090855366,"OPERATE_INCOME_QOQ":-7.915109374201,"NET_PROFIT_RATIO":-18.5141738037,"ROE_AVG":-3.594021343058,"GROSS_PROFIT_QOQ":-27.059183325977,"ROA":-2.277822974041,"HOLDER_PROFIT_QOQ":-664.961838912289,"ROE_YEARLY":-7.188042686115,"ROIC_YEARLY":-6.046393972749,"TOTAL_ASSETS":1288877331.1,"TOTAL_LIABILITIES":377306485.3,"TAX_EBT":-27.149340458922,"OCF_SALES":-7.857103802049,"TOTAL_PARENT_EQUITY":814927058.24,"DEBT_ASSET_RATIO":29.2740415395,"OPERATE_PROFIT":-13395447.42,"PRETAX_PROFIT":-21737522.46,"NETCASH_OPERATE":-6208613.32,"NETCASH_INVEST":-24650979.26,"NETCASH_FINANCE":-3989407.46,"END_CASH":211156469.5,"DIVI_RATIO":-0.119921374964,"DIVIDEND_RATE":3.265306122449,"CURRENT_RATIO":1.089219964913,"COMMON_ACS":100000000000,"CURRENTDEBT_DEBT":90.258164624238,"ISSUED_COMMON_SHARES":3035697018,"HK_COMMON_SHARES":3035697018,"PER_SHARES":20000,"TOTAL_MARKET_CAP":148749153.882,"HKSK_MARKET_CAP":148749153.882,"PE_TTM":-7.363454971635,"PB_TTM":0.167402100311,"REPORT_DATE_SQ":"2022-06-30 00:00:00","REPORT_TYPE_SQ":"2022年中报","OPERATE_INCOME_SQ":227125636.15,"DPS_HKD":0.0016,"OPERATE_INCOME_QOQ_SQ":-4.85109671837,"NET_PROFIT_RATIO_SQ":4.8221849879,"HOLDER_PROFIT_SQ":12623459.59,"HOLDER_PROFIT_QOQ_SQ":-34.180583903426,"ROE_AVG_SQ":1.439479638009,"PE_TTM_SQ":-4.853769861265,"PB_TTM_SQ":0.223241299995,"ROA_SQ":0.852384117395,"START_DATE":"2023-01-01 00:00:00","FISCAL_YEAR":"12-31","CURRENCY":"HKD","IS_CNY_CODE":0,"DPS_HKD_LY":0.0038,"ORG_TYPE":"一般企业","PREMIUM_INCOME":null,"PREMIUM_INCOME_YOY":null,"NET_INTEREST_INCOME":null,"NET_INTEREST_INCOME_YOY":null,"FEE_COMMISSION_INCOME":null,"FEE_COMMISSION_INCOME_YOY":null,"ACCOUNTS_RECE_TDAYS":1.811000239195,"INVENTORY_TDAYS":28.775886750437,"CURRENT_ASSETS_TDAYS":0.467942232053,"TOTAL_ASSETS_TDAYS":0.138174190786,"PREMIUM_EXPENSE":null,"LOAN_DEPOSIT":null,"LOAN_EQUITY":null,"LOAN_ASSETS":null,"DEPOSIT_EQUITY":null,"DEPOSIT_ASSETS":null,"EQUITY_MULTIPLIER":1.413908021563,"EQUITY_RATIO":0.462994180258},{"SECUCODE":"00436.HK","SECURITY_CODE":"00436","SECURITY_NAME_ABBR":"新宇环保","ORG_CODE":"10010691","STD_REPORT_DATE":"2022-12-31 00:00:00","REPORT_DATE":"2022-12-31 00:00:00","DATE_TYPE_CODE":"001","REPORT_TYPE":"2022年年报","PER_NETCASH_OPERATE":0.021885827998,"PER_OI":0.151877235553,"BPS":0.282978574178,"BASIC_EPS":0.002143848,"DILUTED_EPS":0.002143848,"OPERATE_INCOME":461053271.07,"OPERATE_INCOME_YOY":-19.00746321,"GROSS_PROFIT":106145487.56,"GROSS_PROFIT_YOY":-32.264266205055,"HOLDER_PROFIT":6496752.71,"HOLDER_PROFIT_YOY":-82.0059872832,"GROSS_PROFIT_RATIO":20.266032318478,"EPS_TTM":0.002140118948,"OPERATE_INCOME_QOQ":-6.999971658403,"NET_PROFIT_RATIO":0.774937134,"ROE_AVG":0.722080799978,"GROSS_PROFIT_QOQ":-15.231188170445,"ROA":0.441047562246,"HOLDER_PROFIT_QOQ":-70.131331438405,"ROE_YEARLY":0.722080799978,"ROIC_YEARLY":0.586096703136,"TOTAL_ASSETS":1352451870.42,"TOTAL_LIABILITIES":391733732.53,"TAX_EBT":53.751006171183,"OCF_SALES":12.628724630742,"TOTAL_PARENT_EQUITY":859037213.79,"DEBT_ASSET_RATIO":28.9647078094,"OPERATE_PROFIT":51655124.29,"PRETAX_PROFIT":33292172.9,"NETCASH_OPERATE":71047122.72,"NETCASH_INVEST":20903411.27,"NETCASH_FINANCE":-103387069.8,"END_CASH":241432122.33,"DIVI_RATIO":0.677510005247,"DIVIDEND_RATE":3.265306122449,"CURRENT_RATIO":1.151496466467,"COMMON_ACS":100000000000,"CURRENTDEBT_DEBT":90.60448443582,"ISSUED_COMMON_SHARES":3035697018,"HK_COMMON_SHARES":3035697018,"PER_SHARES":20000,"TOTAL_MARKET_CAP":148749153.882,"HKSK_MARKET_CAP":148749153.882,"PE_TTM":-7.363454971635,"PB_TTM":0.167402100311,"REPORT_DATE_SQ":"2021-12-31 00:00:00","REPORT_TYPE_SQ":"2021年年报","OPERATE_INCOME_SQ":594531739.2,"DPS_HKD":0.0016,"OPERATE_INCOME_QOQ_SQ":1.046593455432,"NET_PROFIT_RATIO_SQ":7.277282935,"HOLDER_PROFIT_SQ":33046574.4,"HOLDER_PROFIT_QOQ_SQ":-36.012745856691,"ROE_AVG_SQ":3.873024512195,"PE_TTM_SQ":-4.853769861265,"PB_TTM_SQ":0.223241299995,"ROA_SQ":2.290278767027,"START_DATE":"2022-01-01 00:00:00","FISCAL_YEAR":"12-31","CURRENCY":"HKD","IS_CNY_CODE":0,"DPS_HKD_LY":0.0039,"ORG_TYPE":"一般企业","PREMIUM_INCOME":null,"PREMIUM_INCOME_YOY":null,"NET_INTEREST_INCOME":null,"NET_INTEREST_INCOME_YOY":null,"FEE_COMMISSION_INCOME":null,"FEE_COMMISSION_INCOME_YOY":null,"ACCOUNTS_RECE_TDAYS":4.024161764534,"INVENTORY_TDAYS":68.279752817157,"CURRENT_ASSETS_TDAYS":1.151235922331,"TOTAL_ASSETS_TDAYS":0.357150285759,"PREMIUM_EXPENSE":null,"LOAN_DEPOSIT":null,"LOAN_EQUITY":null,"LOAN_ASSETS":null,"DEPOSIT_EQUITY":null,"DEPOSIT_ASSETS":null,"EQUITY_MULTIPLIER":1.407750949087,"EQUITY_RATIO":0.456014857379},{"SECUCODE":"00436.HK","SECURITY_CODE":"00436","SECURITY_NAME_ABBR":"新宇环保","ORG_CODE":"10010691","STD_REPORT_DATE":"2022-06-30 00:00:00","REPORT_DATE":"2022-06-30 00:00:00","DATE_TYPE_CODE":"002","REPORT_TYPE":"2022年中报","PER_NETCASH_OPERATE":-0.000454963668,"PER_OI":0.074818282195,"BPS":0.281176279823,"BASIC_EPS":0.004190431,"DILUTED_EPS":0.004190431,"OPERATE_INCOME":227125636.15,"OPERATE_INCOME_YOY":-13.6654281377,"GROSS_PROFIT":47535736.15,"GROSS_PROFIT_YOY":-39.418664592237,"HOLDER_PROFIT":12623459.59,"HOLDER_PROFIT_YOY":-48.6502469909,"GROSS_PROFIT_RATIO":20.929269348796,"EPS_TTM":0.007165096576,"OPERATE_INCOME_QOQ":-4.85109671837,"NET_PROFIT_RATIO":4.8221849879,"ROE_AVG":1.439479638009,"GROSS_PROFIT_QOQ":-19.737838567353,"ROA":0.852384117395,"HOLDER_PROFIT_QOQ":-34.180583903426,"ROE_YEARLY":2.878959276018,"ROIC_YEARLY":2.272451737727,"TOTAL_ASSETS":1436249700.69,"TOTAL_LIABILITIES":477729658.56,"TAX_EBT":47.113478691774,"OCF_SALES":-0.608091571437,"TOTAL_PARENT_EQUITY":853565994.19,"DEBT_ASSET_RATIO":33.2622982153,"OPERATE_PROFIT":31632622.91,"PRETAX_PROFIT":20709281.04,"NETCASH_OPERATE":-1381131.85,"NETCASH_INVEST":37228986.27,"NETCASH_FINANCE":-19848104.71,"END_CASH":265433872.2,"DIVI_RATIO":0.202363217939,"DIVIDEND_RATE":3.265306122449,"CURRENT_RATIO":1.093464999757,"COMMON_ACS":100000000000,"CURRENTDEBT_DEBT":91.998374577533,"ISSUED_COMMON_SHARES":3035697018,"HK_COMMON_SHARES":3035697018,"PER_SHARES":20000,"TOTAL_MARKET_CAP":148749153.882,"HKSK_MARKET_CAP":148749153.882,"PE_TTM":-7.363454971635,"PB_TTM":0.167402100311,"REPORT_DATE_SQ":"2021-06-30 00:00:00","REPORT_TYPE_SQ":"2021年中报","OPERATE_INCOME_SQ":255966945.84,"DPS_HKD":0.0016,"OPERATE_INCOME_QOQ_SQ":-11.434956894259,"NET_PROFIT_RATIO_SQ":12.6726545154,"HOLDER_PROFIT_SQ":23918971.68,"HOLDER_PROFIT_QOQ_SQ":-17.71749210308,"ROE_AVG_SQ":2.733305853844,"PE_TTM_SQ":-4.853769861265,"PB_TTM_SQ":0.223241299995,"ROA_SQ":1.588760511459,"START_DATE":"2022-01-01 00:00:00","FISCAL_YEAR":"12-31","CURRENCY":"HKD","IS_CNY_CODE":0,"DPS_HKD_LY":0.0039,"ORG_TYPE":"一般企业","PREMIUM_INCOME":null,"PREMIUM_INCOME_YOY":null,"NET_INTEREST_INCOME":null,"NET_INTEREST_INCOME_YOY":null,"FEE_COMMISSION_INCOME":null,"FEE_COMMISSION_INCOME_YOY":null,"ACCOUNTS_RECE_TDAYS":1.770507649745,"INVENTORY_TDAYS":30.094582975064,"CURRENT_ASSETS_TDAYS":0.471066193327,"TOTAL_ASSETS_TDAYS":0.153363888502,"PREMIUM_EXPENSE":null,"LOAN_DEPOSIT":null,"LOAN_EQUITY":null,"LOAN_ASSETS":null,"DEPOSIT_EQUITY":null,"DEPOSIT_ASSETS":null,"EQUITY_MULTIPLIER":1.498403411053,"EQUITY_RATIO":0.559686845319},{"SECUCODE":"00436.HK","SECURITY_CODE":"00436","SECURITY_NAME_ABBR":"新宇环保","ORG_CODE":"10010691","STD_REPORT_DATE":"2021-12-31 00:00:00","REPORT_DATE":"2021-12-31 00:00:00","DATE_TYPE_CODE":"001","REPORT_TYPE":"2021年年报","PER_NETCASH_OPERATE":0.035986878319,"PER_OI":0.195846863397,"BPS":0.28354348451,"BASIC_EPS":0.01087408,"DILUTED_EPS":0.01087408,"OPERATE_INCOME":594531739.2,"OPERATE_INCOME_YOY":-7.8766971436,"GROSS_PROFIT":156705304,"GROSS_PROFIT_YOY":-15.284431140564,"HOLDER_PROFIT":33046574.4,"HOLDER_PROFIT_YOY":-45.8015983694,"GROSS_PROFIT_RATIO":26.357769260706,"EPS_TTM":0.010885992312,"OPERATE_INCOME_QOQ":1.046593455432,"NET_PROFIT_RATIO":7.277282935,"ROE_AVG":3.873024512195,"GROSS_PROFIT_QOQ":-5.17248719988,"ROA":2.290278767027,"HOLDER_PROFIT_QOQ":-36.012745856691,"ROE_YEARLY":3.873024512195,"ROIC_YEARLY":2.981768124538,"TOTAL_ASSETS":1458607393.6,"TOTAL_LIABILITIES":491541937.6,"TAX_EBT":12.320641548199,"OCF_SALES":18.3750087669,"TOTAL_PARENT_EQUITY":860752110.4,"DEBT_ASSET_RATIO":33.6993998355,"OPERATE_PROFIT":60145926.4,"PRETAX_PROFIT":49345430.4,"NETCASH_OPERATE":102155849.6,"NETCASH_INVEST":-29026435.2,"NETCASH_FINANCE":-40829308.8,"END_CASH":246975702.4,"DIVI_RATIO":0.133194288442,"DIVIDEND_RATE":3.265306122449,"CURRENT_RATIO":1.021049838349,"COMMON_ACS":100000000000,"CURRENTDEBT_DEBT":92.14405830995,"ISSUED_COMMON_SHARES":3035697018,"HK_COMMON_SHARES":3035697018,"PER_SHARES":20000,"TOTAL_MARKET_CAP":148749153.882,"HKSK_MARKET_CAP":148749153.882,"PE_TTM":-7.363454971635,"PB_TTM":0.167402100311,"REPORT_DATE_SQ":"2020-12-31 00:00:00","REPORT_TYPE_SQ":"2020年年报","OPERATE_INCOME_SQ":664340959.24,"DPS_HKD":0.0016,"OPERATE_INCOME_QOQ_SQ":4.03618218107,"NET_PROFIT_RATIO_SQ":12.9279994324,"HOLDER_PROFIT_SQ":62766144.64,"HOLDER_PROFIT_QOQ_SQ":-10.537940370686,"ROE_AVG_SQ":7.664719893317,"PE_TTM_SQ":-4.853769861265,"PB_TTM_SQ":0.223241299995,"ROA_SQ":4.43354131907,"START_DATE":"2021-01-01 00:00:00","FISCAL_YEAR":"12-31","CURRENCY":"HKD","IS_CNY_CODE":0,"DPS_HKD_LY":0.0072,"ORG_TYPE":"一般企业","PREMIUM_INCOME":null,"PREMIUM_INCOME_YOY":null,"NET_INTEREST_INCOME":null,"NET_INTEREST_INCOME_YOY":null,"FEE_COMMISSION_INCOME":null,"FEE_COMMISSION_INCOME_YOY":null,"ACCOUNTS_RECE_TDAYS":5.204086452444,"INVENTORY_TDAYS":83.803129890454,"CURRENT_ASSETS_TDAYS":1.435263651858,"TOTAL_ASSETS_TDAYS":0.41203769024,"PREMIUM_EXPENSE":null,"LOAN_DEPOSIT":null,"LOAN_EQUITY":null,"LOAN_ASSETS":null,"DEPOSIT_EQUITY":null,"DEPOSIT_ASSETS":null,"EQUITY_MULTIPLIER":1.50828197259,"EQUITY_RATIO":0.571060972911},{"SECUCODE":"00436.HK","SECURITY_CODE":"00436","SECURITY_NAME_ABBR":"新宇环保","ORG_CODE":"10010691","STD_REPORT_DATE":"2021-06-30 00:00:00","REPORT_DATE":"2021-06-30 00:00:00","DATE_TYPE_CODE":"002","REPORT_TYPE":"2021年中报","PER_NETCASH_OPERATE":0.018612110466,"PER_OI":0.084319002958,"BPS":0.293000332881,"BASIC_EPS":0.00790476,"DILUTED_EPS":0.00790476,"OPERATE_INCOME":255966945.84,"OPERATE_INCOME_YOY":-15.3460891772,"GROSS_PROFIT":78465976.08,"GROSS_PROFIT_YOY":-20.088542516642,"HOLDER_PROFIT":23918971.68,"HOLDER_PROFIT_YOY":-25.0625651721,"GROSS_PROFIT_RATIO":30.654729977928,"EPS_TTM":0.017012751145,"OPERATE_INCOME_QOQ":-11.434956894259,"NET_PROFIT_RATIO":12.6726545154,"ROE_AVG":2.733305853844,"GROSS_PROFIT_QOQ":-10.663512773975,"ROA":1.588760511459,"HOLDER_PROFIT_QOQ":-17.71749210308,"ROE_YEARLY":5.466611707689,"ROIC_YEARLY":4.143430199792,"TOTAL_ASSETS":1558541589.36,"TOTAL_LIABILITIES":551409431.04,"TAX_EBT":22.07252228841,"OCF_SALES":22.073447043947,"TOTAL_PARENT_EQUITY":889460236.8,"DEBT_ASSET_RATIO":35.3798342505,"OPERATE_PROFIT":46405933.68,"PRETAX_PROFIT":41625634.08,"NETCASH_OPERATE":56500728.24,"NETCASH_INVEST":-12294814.08,"NETCASH_FINANCE":2472109.68,"END_CASH":262709290.08,"DIVI_RATIO":0.08522736785,"DIVIDEND_RATE":3.265306122449,"CURRENT_RATIO":0.932976549201,"COMMON_ACS":100000000000,"CURRENTDEBT_DEBT":93.696732097156,"ISSUED_COMMON_SHARES":3035697018,"HK_COMMON_SHARES":3035697018,"PER_SHARES":20000,"TOTAL_MARKET_CAP":148749153.882,"HKSK_MARKET_CAP":148749153.882,"PE_TTM":-7.363454971635,"PB_TTM":0.167402100311,"REPORT_DATE_SQ":"2020-06-30 00:00:00","REPORT_TYPE_SQ":"2020年中报","OPERATE_INCOME_SQ":331934048.16,"DPS_HKD":0.0016,"OPERATE_INCOME_QOQ_SQ":19.666692221533,"NET_PROFIT_RATIO_SQ":15.0698012323,"HOLDER_PROFIT_SQ":35039558.4,"HOLDER_PROFIT_QOQ_SQ":92.793250265776,"ROE_AVG_SQ":4.144063461643,"PE_TTM_SQ":-4.853769861265,"PB_TTM_SQ":0.223241299995,"ROA_SQ":2.350507479222,"START_DATE":"2021-01-01 00:00:00","FISCAL_YEAR":"12-31","CURRENCY":"HKD","IS_CNY_CODE":0,"DPS_HKD_LY":0.0072,"ORG_TYPE":"一般企业","PREMIUM_INCOME":null,"PREMIUM_INCOME_YOY":null,"NET_INTEREST_INCOME":null,"NET_INTEREST_INCOME_YOY":null,"FEE_COMMISSION_INCOME":null,"FEE_COMMISSION_INCOME_YOY":null,"ACCOUNTS_RECE_TDAYS":1.974232924098,"INVENTORY_TDAYS":34.009087285771,"CURRENT_ASSETS_TDAYS":0.599096748059,"TOTAL_ASSETS_TDAYS":0.170019924447,"PREMIUM_EXPENSE":null,"LOAN_DEPOSIT":null,"LOAN_EQUITY":null,"LOAN_ASSETS":null,"DEPOSIT_EQUITY":null,"DEPOSIT_ASSETS":null,"EQUITY_MULTIPLIER":1.547504541967,"EQUITY_RATIO":0.619937135159},{"SECUCODE":"00436.HK","SECURITY_CODE":"00436","SECURITY_NAME_ABBR":"新宇环保","ORG_CODE":"10010691","STD_REPORT_DATE":"2020-12-31 00:00:00","REPORT_DATE":"2020-12-31 00:00:00","DATE_TYPE_CODE":"001","REPORT_TYPE":"2020年年报","PER_NETCASH_OPERATE":0.055183935645,"PER_OI":0.21884297257,"BPS":0.286792501069,"BASIC_EPS":0.020704344,"DILUTED_EPS":0.020704344,"OPERATE_INCOME":664340959.24,"OPERATE_INCOME_YOY":32.5051283687,"GROSS_PROFIT":184978164.12,"GROSS_PROFIT_YOY":2.365844382594,"HOLDER_PROFIT":62766144.64,"HOLDER_PROFIT_YOY":83.5716923077,"GROSS_PROFIT_RATIO":27.843859624674,"EPS_TTM":0.020676024079,"OPERATE_INCOME_QOQ":4.03618218107,"NET_PROFIT_RATIO":12.9279994324,"ROE_AVG":7.664719893317,"GROSS_PROFIT_QOQ":-8.228227997539,"ROA":4.43354131907,"HOLDER_PROFIT_QOQ":-10.537940370686,"ROE_YEARLY":7.664719893317,"ROIC_YEARLY":5.750862039383,"TOTAL_ASSETS":1469169308.92,"TOTAL_LIABILITIES":490058356.24,"TAX_EBT":19.361185962528,"OCF_SALES":25.216224673494,"TOTAL_PARENT_EQUITY":870615140.28,"DEBT_ASSET_RATIO":33.3561525731,"OPERATE_PROFIT":107091956.88,"PRETAX_PROFIT":106507017.08,"NETCASH_OPERATE":167521708.88,"NETCASH_INVEST":-78003195.2,"NETCASH_FINANCE":-102532793,"END_CASH":216741657.72,"DIVI_RATIO":0.070127215681,"DIVIDEND_RATE":3.265306122449,"CURRENT_RATIO":0.845838592407,"COMMON_ACS":100000000000,"CURRENTDEBT_DEBT":90.893852637798,"ISSUED_COMMON_SHARES":3035697018,"HK_COMMON_SHARES":3035697018,"PER_SHARES":20000,"TOTAL_MARKET_CAP":148749153.882,"HKSK_MARKET_CAP":148749153.882,"PE_TTM":-7.363454971635,"PB_TTM":0.167402100311,"REPORT_DATE_SQ":"2019-12-31 00:00:00","REPORT_TYPE_SQ":"2019年年报","OPERATE_INCOME_SQ":533621520.68,"DPS_HKD":0.0016,"OPERATE_INCOME_QOQ_SQ":18.650399714198,"NET_PROFIT_RATIO_SQ":11.94028598,"HOLDER_PROFIT_SQ":36391062.5,"HOLDER_PROFIT_QOQ_SQ":6.670994566654,"ROE_AVG_SQ":4.469430470789,"PE_TTM_SQ":-4.853769861265,"PB_TTM_SQ":0.223241299995,"ROA_SQ":2.549783542991,"START_DATE":"2020-01-01 00:00:00","FISCAL_YEAR":"12-31","CURRENCY":"HKD","IS_CNY_CODE":0,"DPS_HKD_LY":0.007,"ORG_TYPE":"一般企业","PREMIUM_INCOME":null,"PREMIUM_INCOME_YOY":null,"NET_INTEREST_INCOME":null,"NET_INTEREST_INCOME_YOY":null,"FEE_COMMISSION_INCOME":null,"FEE_COMMISSION_INCOME_YOY":null,"ACCOUNTS_RECE_TDAYS":7.226445236864,"INVENTORY_TDAYS":110.112711454809,"CURRENT_ASSETS_TDAYS":1.890053133283,"TOTAL_ASSETS_TDAYS":0.469263025415,"PREMIUM_EXPENSE":null,"LOAN_DEPOSIT":null,"LOAN_EQUITY":null,"LOAN_ASSETS":null,"DEPOSIT_EQUITY":null,"DEPOSIT_ASSETS":null,"EQUITY_MULTIPLIER":1.500513608697,"EQUITY_RATIO":0.562887472968},{"SECUCODE":"00436.HK","SECURITY_CODE":"00436","SECURITY_NAME_ABBR":"新宇环保","ORG_CODE":"10010691","STD_REPORT_DATE":"2020-06-30 00:00:00","REPORT_DATE":"2020-06-30 00:00:00","DATE_TYPE_CODE":"002","REPORT_TYPE":"2020年中报","PER_NETCASH_OPERATE":0.018863094644,"PER_OI":0.109343602537,"BPS":0.282783933874,"BASIC_EPS":0.011509344,"DILUTED_EPS":0.011509344,"OPERATE_INCOME":331934048.16,"OPERATE_INCOME_YOY":40.8260702757,"GROSS_PROFIT":98191146.24,"GROSS_PROFIT_YOY":26.975287731838,"HOLDER_PROFIT":35039558.4,"HOLDER_PROFIT_YOY":2554.6712802768,"GROSS_PROFIT_RATIO":29.581522830906,"EPS_TTM":0.023111500187,"OPERATE_INCOME_QOQ":19.666692221533,"NET_PROFIT_RATIO":15.0698012323,"ROE_AVG":4.144063461643,"GROSS_PROFIT_QOQ":11.543933552737,"ROA":2.350507479222,"HOLDER_PROFIT_QOQ":92.793250265776,"ROE_YEARLY":8.288126923287,"ROIC_YEARLY":6.116271338588,"TOTAL_ASSETS":1502979656.64,"TOTAL_LIABILITIES":525124781.28,"TAX_EBT":13.862367282737,"OCF_SALES":17.251210135695,"TOTAL_PARENT_EQUITY":858446344.8,"DEBT_ASSET_RATIO":34.9389147724,"OPERATE_PROFIT":57154854.24,"PRETAX_PROFIT":58071948,"NETCASH_OPERATE":57262640.16,"NETCASH_INVEST":-51064949.76,"NETCASH_FINANCE":-28852829.28,"END_CASH":219548044.32,"DIVI_RATIO":0.062737251509,"DIVIDEND_RATE":3.265306122449,"CURRENT_RATIO":0.871967247065,"COMMON_ACS":100000000000,"CURRENTDEBT_DEBT":87.353514690713,"ISSUED_COMMON_SHARES":3035697018,"HK_COMMON_SHARES":3035697018,"PER_SHARES":20000,"TOTAL_MARKET_CAP":148749153.882,"HKSK_MARKET_CAP":148749153.882,"PE_TTM":-7.363454971635,"PB_TTM":0.167402100311,"REPORT_DATE_SQ":"2019-06-30 00:00:00","REPORT_TYPE_SQ":"2019年中报","OPERATE_INCOME_SQ":226988346.06,"DPS_HKD":0.0016,"OPERATE_INCOME_QOQ_SQ":3.918703137959,"NET_PROFIT_RATIO_SQ":5.5801209885,"HOLDER_PROFIT_SQ":1271108.7,"HOLDER_PROFIT_QOQ_SQ":-47.657563264958,"ROE_AVG_SQ":0.159011290902,"PE_TTM_SQ":-4.853769861265,"PB_TTM_SQ":0.223241299995,"ROA_SQ":0.091040826613,"START_DATE":"2020-01-01 00:00:00","FISCAL_YEAR":"12-31","CURRENCY":"HKD","IS_CNY_CODE":0,"DPS_HKD_LY":0.007,"ORG_TYPE":"一般企业","PREMIUM_INCOME":null,"PREMIUM_INCOME_YOY":null,"NET_INTEREST_INCOME":null,"NET_INTEREST_INCOME_YOY":null,"FEE_COMMISSION_INCOME":null,"FEE_COMMISSION_INCOME_YOY":null,"ACCOUNTS_RECE_TDAYS":3.22303377015,"INVENTORY_TDAYS":57.182793296089,"CURRENT_ASSETS_TDAYS":0.880419047573,"TOTAL_ASSETS_TDAYS":0.222666465685,"PREMIUM_EXPENSE":null,"LOAN_DEPOSIT":null,"LOAN_EQUITY":null,"LOAN_ASSETS":null,"DEPOSIT_EQUITY":null,"DEPOSIT_ASSETS":null,"EQUITY_MULTIPLIER":1.53701709171,"EQUITY_RATIO":0.611715320894}],"count":70},"success":true,"message":"ok","code":0}