{"version":"ab920505b8e1a26f628b189642026548","result":{"pages":5,"data":[{"SECUCODE":"00438.HK","SECURITY_CODE":"00438","SECURITY_NAME_ABBR":"彩虹新能源","ORG_CODE":"10059133","STD_REPORT_DATE":"2024-06-30 00:00:00","REPORT_DATE":"2024-06-30 00:00:00","DATE_TYPE_CODE":"002","REPORT_TYPE":"2024年中报","PER_NETCASH_OPERATE":0.118226534205,"PER_OI":11.564334909408,"BPS":10.240299123076,"BASIC_EPS":0.0238,"DILUTED_EPS":0.0238,"OPERATE_INCOME":2039047469.4,"OPERATE_INCOME_YOY":58.3725893118,"GROSS_PROFIT":153997667.37,"GROSS_PROFIT_YOY":472.539973536794,"HOLDER_PROFIT":4192939.69,"HOLDER_PROFIT_YOY":102.8422097492,"GROSS_PROFIT_RATIO":7.552431695733,"EPS_TTM":-0.449397016267,"OPERATE_INCOME_QOQ":23.893644439796,"NET_PROFIT_RATIO":0.2056322745,"ROE_AVG":0.232626660346,"GROSS_PROFIT_QOQ":58.382125349154,"ROA":0.046526954391,"HOLDER_PROFIT_QOQ":65.690959364162,"ROE_YEARLY":0.465253320692,"ROIC_YEARLY":0.105402860107,"TOTAL_ASSETS":9183305197.16,"TOTAL_LIABILITIES":7377714458.36,"TAX_EBT":69.755984709326,"OCF_SALES":1.022337515572,"TOTAL_PARENT_EQUITY":1805590738.8,"DEBT_ASSET_RATIO":80.3383346188,"OPERATE_PROFIT":81456232.16,"PRETAX_PROFIT":13863700.47,"NETCASH_OPERATE":20845947.24,"NETCASH_INVEST":-220918611.1,"NETCASH_FINANCE":270765002.6,"END_CASH":1021327405.52,"DIVI_RATIO":null,"DIVIDEND_RATE":null,"CURRENT_RATIO":0.724333210542,"COMMON_ACS":null,"CURRENTDEBT_DEBT":65.909824035138,"ISSUED_COMMON_SHARES":176322070,"HK_COMMON_SHARES":96248670,"PER_SHARES":200,"TOTAL_MARKET_CAP":454910940.6,"HKSK_MARKET_CAP":248321568.6,"PE_TTM":-5.040339064717,"PB_TTM":0.229945861122,"REPORT_DATE_SQ":"2023-06-30 00:00:00","REPORT_TYPE_SQ":"2023年中报","OPERATE_INCOME_SQ":1287500241.21,"DPS_HKD":null,"OPERATE_INCOME_QOQ_SQ":7.777949560167,"NET_PROFIT_RATIO_SQ":-11.4581676359,"HOLDER_PROFIT_SQ":-147523935.95,"HOLDER_PROFIT_QOQ_SQ":-233.796809187891,"ROE_AVG_SQ":-7.934931047535,"PE_TTM_SQ":-3.953768010642,"PB_TTM_SQ":0.266964229306,"ROA_SQ":-2.190157675255,"START_DATE":"2024-01-01 00:00:00","FISCAL_YEAR":"12-31","CURRENCY":"HKD","IS_CNY_CODE":0,"DPS_HKD_LY":null,"ORG_TYPE":"一般企业","PREMIUM_INCOME":null,"PREMIUM_INCOME_YOY":null,"NET_INTEREST_INCOME":null,"NET_INTEREST_INCOME_YOY":null,"FEE_COMMISSION_INCOME":null,"FEE_COMMISSION_INCOME_YOY":null,"ACCOUNTS_RECE_TDAYS":1.026634365055,"INVENTORY_TDAYS":7.439558643834,"CURRENT_ASSETS_TDAYS":0.587480249894,"TOTAL_ASSETS_TDAYS":0.226262898169,"PREMIUM_EXPENSE":null,"LOAN_DEPOSIT":null,"LOAN_EQUITY":null,"LOAN_ASSETS":null,"DEPOSIT_EQUITY":null,"DEPOSIT_ASSETS":null,"EQUITY_MULTIPLIER":5.086039155952,"EQUITY_RATIO":4.086039155951},{"SECUCODE":"00438.HK","SECURITY_CODE":"00438","SECURITY_NAME_ABBR":"彩虹新能源","ORG_CODE":"10059133","STD_REPORT_DATE":"2023-12-31 00:00:00","REPORT_DATE":"2023-12-31 00:00:00","DATE_TYPE_CODE":"001","REPORT_TYPE":"2023年年报","PER_NETCASH_OPERATE":1.570770965597,"PER_OI":17.838864427692,"BPS":10.204481258245,"BASIC_EPS":-1.3099,"DILUTED_EPS":-1.3099,"OPERATE_INCOME":3145385502.34,"OPERATE_INCOME_YOY":27.3292390645,"GROSS_PROFIT":217704286.68,"GROSS_PROFIT_YOY":-40.002204811896,"HOLDER_PROFIT":-230955487.8,"HOLDER_PROFIT_YOY":-358.8301871242,"GROSS_PROFIT_RATIO":6.921386472915,"EPS_TTM":-1.309850138443,"OPERATE_INCOME_QOQ":18.140342791914,"NET_PROFIT_RATIO":-7.3426766807,"ROE_AVG":-12.412818244112,"GROSS_PROFIT_QOQ":2.02495577014,"ROA":-3.03516583715,"HOLDER_PROFIT_QOQ":-93.44609693248,"ROE_YEARLY":-12.412818244112,"ROIC_YEARLY":-3.398629902453,"TOTAL_ASSETS":8840396310.29,"TOTAL_LIABILITIES":7041121051.56,"TAX_EBT":-2.37872562803,"OCF_SALES":8.805330473608,"TOTAL_PARENT_EQUITY":1799275258.73,"DEBT_ASSET_RATIO":79.6471199302,"OPERATE_PROFIT":-137269976.28,"PRETAX_PROFIT":-225589336.44,"NETCASH_OPERATE":276961588.15,"NETCASH_INVEST":-925714857.2,"NETCASH_FINANCE":1190552744.61,"END_CASH":950634372.1,"DIVI_RATIO":null,"DIVIDEND_RATE":null,"CURRENT_RATIO":0.745868875943,"COMMON_ACS":null,"CURRENTDEBT_DEBT":65.111609079129,"ISSUED_COMMON_SHARES":176322070,"HK_COMMON_SHARES":96248670,"PER_SHARES":200,"TOTAL_MARKET_CAP":476069589,"HKSK_MARKET_CAP":259871409,"PE_TTM":-5.27477343982,"PB_TTM":0.240641017453,"REPORT_DATE_SQ":"2022-12-31 00:00:00","REPORT_TYPE_SQ":"2022年年报","OPERATE_INCOME_SQ":2470277467.65,"DPS_HKD":null,"OPERATE_INCOME_QOQ_SQ":24.39713273873,"NET_PROFIT_RATIO_SQ":3.6122418598,"HOLDER_PROFIT_SQ":89230506.83,"HOLDER_PROFIT_QOQ_SQ":937.322426182343,"ROE_AVG_SQ":4.656252511638,"PE_TTM_SQ":-3.886754993512,"PB_TTM_SQ":0.26243941186,"ROA_SQ":1.550873040564,"START_DATE":"2023-01-01 00:00:00","FISCAL_YEAR":"12-31","CURRENCY":"HKD","IS_CNY_CODE":0,"DPS_HKD_LY":null,"ORG_TYPE":"一般企业","PREMIUM_INCOME":null,"PREMIUM_INCOME_YOY":null,"NET_INTEREST_INCOME":null,"NET_INTEREST_INCOME_YOY":null,"FEE_COMMISSION_INCOME":null,"FEE_COMMISSION_INCOME_YOY":null,"ACCOUNTS_RECE_TDAYS":1.741379508961,"INVENTORY_TDAYS":10.00317638682,"CURRENT_ASSETS_TDAYS":1.026916876986,"TOTAL_ASSETS_TDAYS":0.413359592028,"PREMIUM_EXPENSE":null,"LOAN_DEPOSIT":null,"LOAN_EQUITY":null,"LOAN_ASSETS":null,"DEPOSIT_EQUITY":null,"DEPOSIT_ASSETS":null,"EQUITY_MULTIPLIER":4.913309549167,"EQUITY_RATIO":3.913309549163},{"SECUCODE":"00438.HK","SECURITY_CODE":"00438","SECURITY_NAME_ABBR":"彩虹新能源","ORG_CODE":"10059133","STD_REPORT_DATE":"2023-06-30 00:00:00","REPORT_DATE":"2023-06-30 00:00:00","DATE_TYPE_CODE":"002","REPORT_TYPE":"2023年中报","PER_NETCASH_OPERATE":0.122272995888,"PER_OI":7.301980070958,"BPS":10.188035329951,"BASIC_EPS":-0.8367,"DILUTED_EPS":-0.8367,"OPERATE_INCOME":1287500241.21,"OPERATE_INCOME_YOY":17.5409322566,"GROSS_PROFIT":26897277.83,"GROSS_PROFIT_YOY":-84.749319433446,"HOLDER_PROFIT":-147523935.95,"HOLDER_PROFIT_YOY":-341.4523926723,"GROSS_PROFIT_RATIO":2.08910856628,"EPS_TTM":-0.67711375893,"OPERATE_INCOME_QOQ":7.777949560167,"NET_PROFIT_RATIO":-11.4581676359,"ROE_AVG":-7.934931047535,"GROSS_PROFIT_QOQ":-41.19302014374,"ROA":-2.190157675255,"HOLDER_PROFIT_QOQ":-233.796809187891,"ROE_YEARLY":-15.86986209507,"ROIC_YEARLY":-4.796697695655,"TOTAL_ASSETS":7093291512.27,"TOTAL_LIABILITIES":5296916033.66,"TAX_EBT":-2.42015010387,"OCF_SALES":1.674518345701,"TOTAL_PARENT_EQUITY":1796375478.61,"DEBT_ASSET_RATIO":74.6750084146,"OPERATE_PROFIT":-103217867.1,"PRETAX_PROFIT":-144038000.14,"NETCASH_OPERATE":21559427.74,"NETCASH_INVEST":-395742605.05,"NETCASH_FINANCE":426202974.86,"END_CASH":460855371.37,"DIVI_RATIO":null,"DIVIDEND_RATE":null,"CURRENT_RATIO":0.730758552059,"COMMON_ACS":null,"CURRENTDEBT_DEBT":70.579209747956,"ISSUED_COMMON_SHARES":176322070,"HK_COMMON_SHARES":96248670,"PER_SHARES":200,"TOTAL_MARKET_CAP":476069589,"HKSK_MARKET_CAP":259871409,"PE_TTM":-5.27477343982,"PB_TTM":0.240641017453,"REPORT_DATE_SQ":"2022-06-30 00:00:00","REPORT_TYPE_SQ":"2022年中报","OPERATE_INCOME_SQ":1095363305.78,"DPS_HKD":null,"OPERATE_INCOME_QOQ_SQ":-3.931343761282,"NET_PROFIT_RATIO_SQ":5.5780127943,"HOLDER_PROFIT_SQ":61098560.39,"HOLDER_PROFIT_QOQ_SQ":-94.709737987624,"ROE_AVG_SQ":3.202342480442,"PE_TTM_SQ":-3.886754993512,"PB_TTM_SQ":0.26243941186,"ROA_SQ":1.110897976473,"START_DATE":"2023-01-01 00:00:00","FISCAL_YEAR":"12-31","CURRENCY":"HKD","IS_CNY_CODE":0,"DPS_HKD_LY":null,"ORG_TYPE":"一般企业","PREMIUM_INCOME":null,"PREMIUM_INCOME_YOY":null,"NET_INTEREST_INCOME":null,"NET_INTEREST_INCOME_YOY":null,"FEE_COMMISSION_INCOME":null,"FEE_COMMISSION_INCOME_YOY":null,"ACCOUNTS_RECE_TDAYS":0.776889894399,"INVENTORY_TDAYS":3.61378512711,"CURRENT_ASSETS_TDAYS":0.473490418907,"TOTAL_ASSETS_TDAYS":0.191143797582,"PREMIUM_EXPENSE":null,"LOAN_DEPOSIT":null,"LOAN_EQUITY":null,"LOAN_ASSETS":null,"DEPOSIT_EQUITY":null,"DEPOSIT_ASSETS":null,"EQUITY_MULTIPLIER":3.948668636781,"EQUITY_RATIO":2.948668636781},{"SECUCODE":"00438.HK","SECURITY_CODE":"00438","SECURITY_NAME_ABBR":"彩虹新能源","ORG_CODE":"10059133","STD_REPORT_DATE":"2022-12-31 00:00:00","REPORT_DATE":"2022-12-31 00:00:00","DATE_TYPE_CODE":"001","REPORT_TYPE":"2022年年报","PER_NETCASH_OPERATE":-0.50904214617,"PER_OI":14.01002987119,"BPS":10.900317228014,"BASIC_EPS":0.5061,"DILUTED_EPS":0.5061,"OPERATE_INCOME":2470277467.65,"OPERATE_INCOME_YOY":19.5066538216,"GROSS_PROFIT":362853811.54,"GROSS_PROFIT_YOY":-19.450591643329,"HOLDER_PROFIT":89230506.83,"HOLDER_PROFIT_YOY":-45.7328222535,"GROSS_PROFIT_RATIO":14.68878764802,"EPS_TTM":0.50607616358,"OPERATE_INCOME_QOQ":24.39713273873,"NET_PROFIT_RATIO":3.6122418598,"ROE_AVG":4.656252511638,"GROSS_PROFIT_QOQ":38.637913349578,"ROA":1.550873040564,"HOLDER_PROFIT_QOQ":937.322426182343,"ROE_YEARLY":4.656252511638,"ROIC_YEARLY":1.747463512569,"TOTAL_ASSETS":6378244132.56,"TOTAL_LIABILITIES":4456277635.26,"TAX_EBT":11.46773268727,"OCF_SALES":-3.633412282847,"TOTAL_PARENT_EQUITY":1921966497.3,"DEBT_ASSET_RATIO":69.8668401937,"OPERATE_PROFIT":172836508.7,"PRETAX_PROFIT":100788683.65,"NETCASH_OPERATE":-89755364.93,"NETCASH_INVEST":-508402055.46,"NETCASH_FINANCE":594994594.06,"END_CASH":408832090.42,"DIVI_RATIO":null,"DIVIDEND_RATE":null,"CURRENT_RATIO":0.80015166849,"COMMON_ACS":null,"CURRENTDEBT_DEBT":75.900441030144,"ISSUED_COMMON_SHARES":176322070,"HK_COMMON_SHARES":96248670,"PER_SHARES":200,"TOTAL_MARKET_CAP":476069589,"HKSK_MARKET_CAP":259871409,"PE_TTM":-5.27477343982,"PB_TTM":0.240641017453,"REPORT_DATE_SQ":"2021-12-31 00:00:00","REPORT_TYPE_SQ":"2021年年报","OPERATE_INCOME_SQ":2067062702.08,"DPS_HKD":null,"OPERATE_INCOME_QOQ_SQ":-23.207261200727,"NET_PROFIT_RATIO_SQ":7.8664349967,"HOLDER_PROFIT_SQ":164431614.92,"HOLDER_PROFIT_QOQ_SQ":-58.647112248609,"ROE_AVG_SQ":8.896935392568,"PE_TTM_SQ":-3.886754993512,"PB_TTM_SQ":0.26243941186,"ROA_SQ":3.215749078776,"START_DATE":"2022-01-01 00:00:00","FISCAL_YEAR":"12-31","CURRENCY":"HKD","IS_CNY_CODE":0,"DPS_HKD_LY":null,"ORG_TYPE":"一般企业","PREMIUM_INCOME":null,"PREMIUM_INCOME_YOY":null,"NET_INTEREST_INCOME":null,"NET_INTEREST_INCOME_YOY":null,"FEE_COMMISSION_INCOME":null,"FEE_COMMISSION_INCOME_YOY":null,"ACCOUNTS_RECE_TDAYS":1.814766237969,"INVENTORY_TDAYS":7.238201615687,"CURRENT_ASSETS_TDAYS":1.012564311399,"TOTAL_ASSETS_TDAYS":0.429338095496,"PREMIUM_EXPENSE":null,"LOAN_DEPOSIT":null,"LOAN_EQUITY":null,"LOAN_ASSETS":null,"DEPOSIT_EQUITY":null,"DEPOSIT_ASSETS":null,"EQUITY_MULTIPLIER":3.318603181439,"EQUITY_RATIO":2.31860318144},{"SECUCODE":"00438.HK","SECURITY_CODE":"00438","SECURITY_NAME_ABBR":"彩虹新能源","ORG_CODE":"10059133","STD_REPORT_DATE":"2022-06-30 00:00:00","REPORT_DATE":"2022-06-30 00:00:00","DATE_TYPE_CODE":"002","REPORT_TYPE":"2022年中报","PER_NETCASH_OPERATE":0.196014137084,"PER_OI":6.212287014212,"BPS":10.80462225262,"BASIC_EPS":0.3465,"DILUTED_EPS":0.3465,"OPERATE_INCOME":1095363305.78,"OPERATE_INCOME_YOY":-6.9064678104,"GROSS_PROFIT":176367721.51,"GROSS_PROFIT_YOY":-51.408985428159,"HOLDER_PROFIT":61098560.39,"HOLDER_PROFIT_YOY":-71.5950304405,"GROSS_PROFIT_RATIO":16.101299046567,"EPS_TTM":0.04878677553,"OPERATE_INCOME_QOQ":-3.931343761282,"NET_PROFIT_RATIO":5.5780127943,"ROE_AVG":3.202342480442,"GROSS_PROFIT_QOQ":-41.620811729182,"ROA":1.110897976473,"HOLDER_PROFIT_QOQ":-94.709737987624,"ROE_YEARLY":6.404684960884,"ROIC_YEARLY":2.563485185274,"TOTAL_ASSETS":5870889039.17,"TOTAL_LIABILITIES":3965795678.02,"TAX_EBT":3.468479614983,"OCF_SALES":3.155265309475,"TOTAL_PARENT_EQUITY":1905093361.15,"DEBT_ASSET_RATIO":67.5501725814,"OPERATE_PROFIT":101157675.04,"PRETAX_PROFIT":63293896.28,"NETCASH_OPERATE":34561618.4,"NETCASH_INVEST":-273466339.01,"NETCASH_FINANCE":288640986.42,"END_CASH":461581153.75,"DIVI_RATIO":null,"DIVIDEND_RATE":null,"CURRENT_RATIO":0.762708555966,"COMMON_ACS":null,"CURRENTDEBT_DEBT":85.207250252668,"ISSUED_COMMON_SHARES":176322070,"HK_COMMON_SHARES":96248670,"PER_SHARES":200,"TOTAL_MARKET_CAP":476069589,"HKSK_MARKET_CAP":259871409,"PE_TTM":-5.27477343982,"PB_TTM":0.240641017453,"REPORT_DATE_SQ":"2021-06-30 00:00:00","REPORT_TYPE_SQ":"2021年中报","OPERATE_INCOME_SQ":1176626646.36,"DPS_HKD":null,"OPERATE_INCOME_QOQ_SQ":6.878409472246,"NET_PROFIT_RATIO_SQ":18.2811994404,"HOLDER_PROFIT_SQ":215101463.89,"HOLDER_PROFIT_QOQ_SQ":79.00758920703,"ROE_AVG_SQ":11.338278904871,"PE_TTM_SQ":-3.886754993512,"PB_TTM_SQ":0.26243941186,"ROA_SQ":4.238388108297,"START_DATE":"2022-01-01 00:00:00","FISCAL_YEAR":"12-31","CURRENCY":"HKD","IS_CNY_CODE":0,"DPS_HKD_LY":null,"ORG_TYPE":"一般企业","PREMIUM_INCOME":null,"PREMIUM_INCOME_YOY":null,"NET_INTEREST_INCOME":null,"NET_INTEREST_INCOME_YOY":null,"FEE_COMMISSION_INCOME":null,"FEE_COMMISSION_INCOME_YOY":null,"ACCOUNTS_RECE_TDAYS":0.870933001907,"INVENTORY_TDAYS":4.215653512997,"CURRENT_ASSETS_TDAYS":0.461188789828,"TOTAL_ASSETS_TDAYS":0.199156584513,"PREMIUM_EXPENSE":null,"LOAN_DEPOSIT":null,"LOAN_EQUITY":null,"LOAN_ASSETS":null,"DEPOSIT_EQUITY":null,"DEPOSIT_ASSETS":null,"EQUITY_MULTIPLIER":3.081680488158,"EQUITY_RATIO":2.081680488155},{"SECUCODE":"00438.HK","SECURITY_CODE":"00438","SECURITY_NAME_ABBR":"彩虹新能源","ORG_CODE":"10059133","STD_REPORT_DATE":"2021-12-31 00:00:00","REPORT_DATE":"2021-12-31 00:00:00","DATE_TYPE_CODE":"001","REPORT_TYPE":"2021年年报","PER_NETCASH_OPERATE":-3.050646712178,"PER_OI":11.723221614175,"BPS":10.887450425406,"BASIC_EPS":1.2346,"DILUTED_EPS":1.2346,"OPERATE_INCOME":2067062702.08,"OPERATE_INCOME_YOY":-17.9251421812,"GROSS_PROFIT":450473589.99,"GROSS_PROFIT_YOY":-10.529468199701,"HOLDER_PROFIT":164431614.92,"HOLDER_PROFIT_YOY":-25.9751925687,"GROSS_PROFIT_RATIO":21.688922330168,"EPS_TTM":0.922199607797,"OPERATE_INCOME_QOQ":-23.207261200727,"NET_PROFIT_RATIO":7.8664349967,"ROE_AVG":8.896935392568,"GROSS_PROFIT_QOQ":-42.864816783159,"ROA":3.215749078776,"HOLDER_PROFIT_QOQ":-58.647112248609,"ROE_YEARLY":8.896935392568,"ROIC_YEARLY":3.741046295925,"TOTAL_ASSETS":5120266531.99,"TOTAL_LIABILITIES":3209434162.95,"TAX_EBT":12.40000694984,"OCF_SALES":-26.022255763637,"TOTAL_PARENT_EQUITY":1910832369.04,"DEBT_ASSET_RATIO":62.572657296,"OPERATE_PROFIT":257143881.08,"PRETAX_PROFIT":187707337.86,"NETCASH_OPERATE":-537896343.13,"NETCASH_INVEST":197943851.05,"NETCASH_FINANCE":358245260.79,"END_CASH":411742786.14,"DIVI_RATIO":null,"DIVIDEND_RATE":null,"CURRENT_RATIO":0.816825889915,"COMMON_ACS":null,"CURRENTDEBT_DEBT":82.884969358427,"ISSUED_COMMON_SHARES":176322070,"HK_COMMON_SHARES":96248670,"PER_SHARES":200,"TOTAL_MARKET_CAP":476069589,"HKSK_MARKET_CAP":259871409,"PE_TTM":-5.27477343982,"PB_TTM":0.240641017453,"REPORT_DATE_SQ":"2020-12-31 00:00:00","REPORT_TYPE_SQ":"2020年年报","OPERATE_INCOME_SQ":2518509025.8,"DPS_HKD":null,"OPERATE_INCOME_QOQ_SQ":16.524308670393,"NET_PROFIT_RATIO_SQ":8.0055032904,"HOLDER_PROFIT_SQ":219661691.05,"HOLDER_PROFIT_QOQ_SQ":145.275872790102,"ROE_AVG_SQ":22.60870618622,"PE_TTM_SQ":-3.886754993512,"PB_TTM_SQ":0.26243941186,"ROA_SQ":4.439426170277,"START_DATE":"2021-01-01 00:00:00","FISCAL_YEAR":"12-31","CURRENCY":"HKD","IS_CNY_CODE":0,"DPS_HKD_LY":null,"ORG_TYPE":"一般企业","PREMIUM_INCOME":null,"PREMIUM_INCOME_YOY":null,"NET_INTEREST_INCOME":null,"NET_INTEREST_INCOME_YOY":null,"FEE_COMMISSION_INCOME":null,"FEE_COMMISSION_INCOME_YOY":null,"ACCOUNTS_RECE_TDAYS":1.997878108942,"INVENTORY_TDAYS":8.000673029559,"CURRENT_ASSETS_TDAYS":0.988963117571,"TOTAL_ASSETS_TDAYS":0.408793701356,"PREMIUM_EXPENSE":null,"LOAN_DEPOSIT":null,"LOAN_EQUITY":null,"LOAN_ASSETS":null,"DEPOSIT_EQUITY":null,"DEPOSIT_ASSETS":null,"EQUITY_MULTIPLIER":2.671843437854,"EQUITY_RATIO":1.67960006066},{"SECUCODE":"00438.HK","SECURITY_CODE":"00438","SECURITY_NAME_ABBR":"彩虹新能源","ORG_CODE":"10059133","STD_REPORT_DATE":"2021-06-30 00:00:00","REPORT_DATE":"2021-06-30 00:00:00","DATE_TYPE_CODE":"002","REPORT_TYPE":"2021年中报","PER_NETCASH_OPERATE":-1.745615861871,"PER_OI":6.673167155762,"BPS":11.675599730595,"BASIC_EPS":1.615,"DILUTED_EPS":1.615,"OPERATE_INCOME":1176626646.36,"OPERATE_INCOME_YOY":17.2647521495,"GROSS_PROFIT":362963652.98,"GROSS_PROFIT_YOY":90.478233987274,"HOLDER_PROFIT":215101463.89,"HOLDER_PROFIT_YOY":417.667421189,"GROSS_PROFIT_RATIO":33.819227378627,"EPS_TTM":2.230073056425,"OPERATE_INCOME_QOQ":6.878409472246,"NET_PROFIT_RATIO":18.2811994404,"ROE_AVG":11.338278904871,"GROSS_PROFIT_QOQ":35.921068553606,"ROA":4.238388108297,"HOLDER_PROFIT_QOQ":79.00758920703,"ROE_YEARLY":22.676557809743,"ROIC_YEARLY":9.767578865324,"TOTAL_ASSETS":5166299099.19,"TOTAL_LIABILITIES":3107633186.2,"TAX_EBT":3.92373810543,"OCF_SALES":-26.158731245989,"TOTAL_PARENT_EQUITY":2058665912.99,"DEBT_ASSET_RATIO":60.1520184282,"OPERATE_PROFIT":261188759.22,"PRETAX_PROFIT":223886170.89,"NETCASH_OPERATE":-320261907.15,"NETCASH_INVEST":83533359.48,"NETCASH_FINANCE":129584753.33,"END_CASH":286332349.97,"DIVI_RATIO":null,"DIVIDEND_RATE":null,"CURRENT_RATIO":0.794459804693,"COMMON_ACS":null,"CURRENTDEBT_DEBT":85.349397557866,"ISSUED_COMMON_SHARES":176322070,"HK_COMMON_SHARES":96248670,"PER_SHARES":200,"TOTAL_MARKET_CAP":476069589,"HKSK_MARKET_CAP":259871409,"PE_TTM":-5.27477343982,"PB_TTM":0.240641017453,"REPORT_DATE_SQ":"2020-06-30 00:00:00","REPORT_TYPE_SQ":"2020年中报","OPERATE_INCOME_SQ":1003393282.97,"DPS_HKD":null,"OPERATE_INCOME_QOQ_SQ":-3.730478641559,"NET_PROFIT_RATIO_SQ":3.333747906,"HOLDER_PROFIT_SQ":41552057.38,"HOLDER_PROFIT_QOQ_SQ":-3.848966305944,"ROE_AVG_SQ":18.97239970329,"PE_TTM_SQ":-3.886754993512,"PB_TTM_SQ":0.26243941186,"ROA_SQ":0.82417288428,"START_DATE":"2021-01-01 00:00:00","FISCAL_YEAR":"12-31","CURRENCY":"HKD","IS_CNY_CODE":0,"DPS_HKD_LY":null,"ORG_TYPE":"一般企业","PREMIUM_INCOME":null,"PREMIUM_INCOME_YOY":null,"NET_INTEREST_INCOME":null,"NET_INTEREST_INCOME_YOY":null,"FEE_COMMISSION_INCOME":null,"FEE_COMMISSION_INCOME_YOY":null,"ACCOUNTS_RECE_TDAYS":1.216570292999,"INVENTORY_TDAYS":4.00386980472,"CURRENT_ASSETS_TDAYS":0.571931086451,"TOTAL_ASSETS_TDAYS":0.231844093278,"PREMIUM_EXPENSE":null,"LOAN_DEPOSIT":null,"LOAN_EQUITY":null,"LOAN_ASSETS":null,"DEPOSIT_EQUITY":null,"DEPOSIT_ASSETS":null,"EQUITY_MULTIPLIER":2.50953739827,"EQUITY_RATIO":1.509537398269},{"SECUCODE":"00438.HK","SECURITY_CODE":"00438","SECURITY_NAME_ABBR":"彩虹新能源","ORG_CODE":"10059133","STD_REPORT_DATE":"2020-12-31 00:00:00","REPORT_DATE":"2020-12-31 00:00:00","DATE_TYPE_CODE":"001","REPORT_TYPE":"2020年年报","PER_NETCASH_OPERATE":0.052630375908,"PER_OI":0.714178612411,"BPS":9.903929487386,"BASIC_EPS":1.6493,"DILUTED_EPS":1.6493,"OPERATE_INCOME":2518509025.8,"OPERATE_INCOME_YOY":12.1773942232,"GROSS_PROFIT":503488222.24,"GROSS_PROFIT_YOY":80.677983855464,"HOLDER_PROFIT":219661691.05,"HOLDER_PROFIT_YOY":135.8352870898,"GROSS_PROFIT_RATIO":22.922274450719,"EPS_TTM":0.06228990252,"OPERATE_INCOME_QOQ":16.524308670393,"NET_PROFIT_RATIO":8.0055032904,"ROE_AVG":22.60870618622,"GROSS_PROFIT_QOQ":56.241639322013,"ROA":4.439426170277,"HOLDER_PROFIT_QOQ":145.275872790102,"ROE_YEARLY":22.60870618622,"ROIC_YEARLY":5.06628780337,"TOTAL_ASSETS":5275448159.91,"TOTAL_LIABILITIES":3539861599.58,"TAX_EBT":-17.682430630737,"OCF_SALES":7.369357607962,"TOTAL_PARENT_EQUITY":1735586560.33,"DEBT_ASSET_RATIO":64.9612334288,"OPERATE_PROFIT":312334954.99,"PRETAX_PROFIT":171324913.88,"NETCASH_OPERATE":399216379.43,"NETCASH_INVEST":72085230.52,"NETCASH_FINANCE":-222604509.87,"END_CASH":393496091.98,"DIVI_RATIO":null,"DIVIDEND_RATE":null,"CURRENT_RATIO":0.711385570172,"COMMON_ACS":null,"CURRENTDEBT_DEBT":88.254704800342,"ISSUED_COMMON_SHARES":176322070,"HK_COMMON_SHARES":96248670,"PER_SHARES":200,"TOTAL_MARKET_CAP":476069589,"HKSK_MARKET_CAP":259871409,"PE_TTM":-5.27477343982,"PB_TTM":0.240641017453,"REPORT_DATE_SQ":"2019-12-31 00:00:00","REPORT_TYPE_SQ":"2019年年报","OPERATE_INCOME_SQ":2245112790.54,"DPS_HKD":null,"OPERATE_INCOME_QOQ_SQ":-0.296301349215,"NET_PROFIT_RATIO_SQ":3.2998394099,"HOLDER_PROFIT_SQ":93141994.89,"HOLDER_PROFIT_QOQ_SQ":223.212545642466,"ROE_AVG_SQ":66.239946243138,"PE_TTM_SQ":-3.886754993512,"PB_TTM_SQ":0.26243941186,"ROA_SQ":1.904185116828,"START_DATE":"2020-01-01 00:00:00","FISCAL_YEAR":"12-31","CURRENCY":"HKD","IS_CNY_CODE":0,"DPS_HKD_LY":null,"ORG_TYPE":"一般企业","PREMIUM_INCOME":null,"PREMIUM_INCOME_YOY":null,"NET_INTEREST_INCOME":null,"NET_INTEREST_INCOME_YOY":null,"FEE_COMMISSION_INCOME":null,"FEE_COMMISSION_INCOME_YOY":null,"ACCOUNTS_RECE_TDAYS":2.195566107376,"INVENTORY_TDAYS":11.639952992596,"CURRENT_ASSETS_TDAYS":1.347285681858,"TOTAL_ASSETS_TDAYS":0.508997942507,"PREMIUM_EXPENSE":null,"LOAN_DEPOSIT":null,"LOAN_EQUITY":null,"LOAN_ASSETS":null,"DEPOSIT_EQUITY":null,"DEPOSIT_ASSETS":null,"EQUITY_MULTIPLIER":2.85398174039,"EQUITY_RATIO":2.039576521558},{"SECUCODE":"00438.HK","SECURITY_CODE":"00438","SECURITY_NAME_ABBR":"彩虹新能源","ORG_CODE":"10059133","STD_REPORT_DATE":"2020-06-30 00:00:00","REPORT_DATE":"2020-06-30 00:00:00","DATE_TYPE_CODE":"002","REPORT_TYPE":"2020年中报","PER_NETCASH_OPERATE":0.057199407293,"PER_OI":0.449478599976,"BPS":1.367653612846,"BASIC_EPS":0.0186,"DILUTED_EPS":0.0186,"OPERATE_INCOME":1003393282.97,"OPERATE_INCOME_YOY":-7.7039695148,"GROSS_PROFIT":190553873.47,"GROSS_PROFIT_YOY":91.072727966161,"HOLDER_PROFIT":41552057.38,"HOLDER_PROFIT_YOY":-7.9424842699,"GROSS_PROFIT_RATIO":18.990945694391,"EPS_TTM":0.040117819769,"OPERATE_INCOME_QOQ":-3.730478641559,"NET_PROFIT_RATIO":3.333747906,"ROE_AVG":18.97239970329,"GROSS_PROFIT_QOQ":32.592925395016,"ROA":0.82417288428,"HOLDER_PROFIT_QOQ":-3.848966305944,"ROE_YEARLY":37.944799406579,"ROIC_YEARLY":1.899822275924,"TOTAL_ASSETS":5171240577.58,"TOTAL_LIABILITIES":4836056921.79,"TAX_EBT":5.550172258629,"OCF_SALES":12.725724271548,"TOTAL_PARENT_EQUITY":241147516.06,"DEBT_ASSET_RATIO":93.5183124675,"OPERATE_PROFIT":84572643.76,"PRETAX_PROFIT":35416266.35,"NETCASH_OPERATE":127689062.55,"NETCASH_INVEST":-9841455.79,"NETCASH_FINANCE":38775563.93,"END_CASH":318592230.91,"DIVI_RATIO":null,"DIVIDEND_RATE":null,"CURRENT_RATIO":0.469706577516,"COMMON_ACS":null,"CURRENTDEBT_DEBT":87.707358510992,"ISSUED_COMMON_SHARES":176322070,"HK_COMMON_SHARES":96248670,"PER_SHARES":200,"TOTAL_MARKET_CAP":476069589,"HKSK_MARKET_CAP":259871409,"PE_TTM":-5.27477343982,"PB_TTM":0.240641017453,"REPORT_DATE_SQ":"2019-06-30 00:00:00","REPORT_TYPE_SQ":"2019年中报","OPERATE_INCOME_SQ":1087146736.1,"DPS_HKD":null,"OPERATE_INCOME_QOQ_SQ":-3.436405611793,"NET_PROFIT_RATIO_SQ":2.90805209,"HOLDER_PROFIT_SQ":45137061.38,"HOLDER_PROFIT_QOQ_SQ":-192.984562555962,"ROE_AVG_SQ":34.35703729819,"PE_TTM_SQ":-3.886754993512,"PB_TTM_SQ":0.26243941186,"ROA_SQ":0.920327794316,"START_DATE":"2020-01-01 00:00:00","FISCAL_YEAR":"12-31","CURRENCY":"HKD","IS_CNY_CODE":0,"DPS_HKD_LY":null,"ORG_TYPE":"一般企业","PREMIUM_INCOME":null,"PREMIUM_INCOME_YOY":null,"NET_INTEREST_INCOME":null,"NET_INTEREST_INCOME_YOY":null,"FEE_COMMISSION_INCOME":null,"FEE_COMMISSION_INCOME_YOY":null,"ACCOUNTS_RECE_TDAYS":0.956118640994,"INVENTORY_TDAYS":4.307694170978,"CURRENT_ASSETS_TDAYS":0.538945025599,"TOTAL_ASSETS_TDAYS":0.199020117952,"PREMIUM_EXPENSE":null,"LOAN_DEPOSIT":null,"LOAN_EQUITY":null,"LOAN_ASSETS":null,"DEPOSIT_EQUITY":null,"DEPOSIT_ASSETS":null,"EQUITY_MULTIPLIER":15.428080958637,"EQUITY_RATIO":20.054350966596}],"count":45},"success":true,"message":"ok","code":0}