{"version":"c7579263f5b5c8188ec07533472a4ced","result":{"pages":6,"data":[{"SECUCODE":"00433.HK","SECURITY_CODE":"00433","SECURITY_NAME_ABBR":"北方矿业","ORG_CODE":"10008903","STD_REPORT_DATE":"2024-06-30 00:00:00","REPORT_DATE":"2024-06-30 00:00:00","DATE_TYPE_CODE":"002","REPORT_TYPE":"2024年中报","PER_NETCASH_OPERATE":0.004315513161,"PER_OI":0.045322444179,"BPS":-0.007582858496,"BASIC_EPS":-0.004289596,"DILUTED_EPS":-0.004289596,"OPERATE_INCOME":567058123.48,"OPERATE_INCOME_YOY":-16.7230504049,"GROSS_PROFIT":7412786.96,"GROSS_PROFIT_YOY":-85.509725887608,"HOLDER_PROFIT":-53431025.24,"HOLDER_PROFIT_YOY":40.624556279,"GROSS_PROFIT_RATIO":1.307235828756,"EPS_TTM":-0.115249596627,"OPERATE_INCOME_QOQ":-8.692165578778,"NET_PROFIT_RATIO":-16.0611996247,"ROE_AVG":81.35322359873,"GROSS_PROFIT_QOQ":-52.237443963331,"ROA":-3.391979197236,"HOLDER_PROFIT_QOQ":2.533016781475,"ROE_YEARLY":162.70644719746,"ROIC_YEARLY":-5.78157929562,"TOTAL_ASSETS":1545077797.36,"TOTAL_LIABILITIES":1937095761.68,"TAX_EBT":null,"OCF_SALES":9.521801481062,"TOTAL_PARENT_EQUITY":-94873998.68,"DEBT_ASSET_RATIO":125.3720534325,"OPERATE_PROFIT":-62306838.24,"PRETAX_PROFIT":-91076337.2,"NETCASH_OPERATE":53994148.8,"NETCASH_INVEST":-2058093.4,"NETCASH_FINANCE":-39365713.76,"END_CASH":16759542.84,"DIVI_RATIO":null,"DIVIDEND_RATE":null,"CURRENT_RATIO":0.180792088643,"COMMON_ACS":25000000000,"CURRENTDEBT_DEBT":88.007638428855,"ISSUED_COMMON_SHARES":12511640397,"HK_COMMON_SHARES":12511640397,"PER_SHARES":10000,"TOTAL_MARKET_CAP":375349211.91,"HKSK_MARKET_CAP":375349211.91,"PE_TTM":-0.23570105239,"PB_TTM":-3.610828293234,"REPORT_DATE_SQ":"2023-06-30 00:00:00","REPORT_TYPE_SQ":"2023年中报","OPERATE_INCOME_SQ":687868994.44,"DPS_HKD":null,"OPERATE_INCOME_QOQ_SQ":21.702391831844,"NET_PROFIT_RATIO_SQ":-20.9151053911,"HOLDER_PROFIT_SQ":-90905384.04,"HOLDER_PROFIT_QOQ_SQ":-1.268188686912,"ROE_AVG_SQ":7.155103067141,"PE_TTM_SQ":-5.973207825579,"PB_TTM_SQ":-0.656425254474,"ROA_SQ":-5.004913645722,"START_DATE":"2024-01-01 00:00:00","FISCAL_YEAR":"12-31","CURRENCY":"HKD","IS_CNY_CODE":0,"DPS_HKD_LY":null,"ORG_TYPE":"一般企业","PREMIUM_INCOME":null,"PREMIUM_INCOME_YOY":null,"NET_INTEREST_INCOME":null,"NET_INTEREST_INCOME_YOY":null,"FEE_COMMISSION_INCOME":null,"FEE_COMMISSION_INCOME_YOY":null,"ACCOUNTS_RECE_TDAYS":7.706852067776,"INVENTORY_TDAYS":4.026998184141,"CURRENT_ASSETS_TDAYS":1.884379459323,"TOTAL_ASSETS_TDAYS":0.3599873575,"PREMIUM_EXPENSE":null,"LOAN_DEPOSIT":null,"LOAN_EQUITY":null,"LOAN_ASSETS":null,"DEPOSIT_EQUITY":null,"DEPOSIT_ASSETS":null,"EQUITY_MULTIPLIER":-3.941344371911,"EQUITY_RATIO":-20.417562120615},{"SECUCODE":"00433.HK","SECURITY_CODE":"00433","SECURITY_NAME_ABBR":"北方矿业","ORG_CODE":"10008903","STD_REPORT_DATE":"2023-12-31 00:00:00","REPORT_DATE":"2023-12-31 00:00:00","DATE_TYPE_CODE":"001","REPORT_TYPE":"2023年年报","PER_NETCASH_OPERATE":-0.002581483003,"PER_OI":0.111087136217,"BPS":-0.002895177986,"BASIC_EPS":-0.390490198,"DILUTED_EPS":-0.390490198,"OPERATE_INCOME":1389882301.08,"OPERATE_INCOME_YOY":18.3726361578,"GROSS_PROFIT":83741071.54,"GROSS_PROFIT_YOY":-49.889806194608,"HOLDER_PROFIT":-1479435867.7,"HOLDER_PROFIT_YOY":-903.7536198914,"GROSS_PROFIT_RATIO":6.025047694681,"EPS_TTM":-0.118244756144,"OPERATE_INCOME_QOQ":-1.32591681381,"NET_PROFIT_RATIO":-114.7457739839,"ROE_AVG":238.94177044372,"GROSS_PROFIT_QOQ":-48.48263467734,"ROA":-86.470228528102,"HOLDER_PROFIT_QOQ":-905.553023990719,"ROE_YEARLY":238.94177044372,"ROIC_YEARLY":-77.089366263442,"TOTAL_ASSETS":1593992950.34,"TOTAL_LIABILITIES":1899539522.86,"TAX_EBT":0.727169960113,"OCF_SALES":-2.323836125901,"TOTAL_PARENT_EQUITY":-36223425.84,"DEBT_ASSET_RATIO":119.1686275937,"OPERATE_PROFIT":-1486717345.4,"PRETAX_PROFIT":-1606513285.86,"NETCASH_OPERATE":-32298587.02,"NETCASH_INVEST":-5855993.64,"NETCASH_FINANCE":32468050.16,"END_CASH":5383853.02,"DIVI_RATIO":null,"DIVIDEND_RATE":null,"CURRENT_RATIO":0.174653117061,"COMMON_ACS":25000000000,"CURRENTDEBT_DEBT":87.882666631045,"ISSUED_COMMON_SHARES":12511640397,"HK_COMMON_SHARES":12511640397,"PER_SHARES":10000,"TOTAL_MARKET_CAP":250232807.94,"HKSK_MARKET_CAP":250232807.94,"PE_TTM":-0.157134034927,"PB_TTM":-2.407218862156,"REPORT_DATE_SQ":"2022-12-31 00:00:00","REPORT_TYPE_SQ":"2022年年报","OPERATE_INCOME_SQ":1157379567.82,"DPS_HKD":null,"OPERATE_INCOME_QOQ_SQ":15.9588714787,"NET_PROFIT_RATIO_SQ":-18.9908510372,"HOLDER_PROFIT_SQ":-145284112.61,"HOLDER_PROFIT_QOQ_SQ":45.677646061481,"ROE_AVG_SQ":13.184253926771,"PE_TTM_SQ":-5.654636741548,"PB_TTM_SQ":-0.621415907568,"ROA_SQ":-7.868254640547,"START_DATE":"2023-01-01 00:00:00","FISCAL_YEAR":"12-31","CURRENCY":"HKD","IS_CNY_CODE":0,"DPS_HKD_LY":null,"ORG_TYPE":"一般企业","PREMIUM_INCOME":null,"PREMIUM_INCOME_YOY":null,"NET_INTEREST_INCOME":null,"NET_INTEREST_INCOME_YOY":null,"FEE_COMMISSION_INCOME":null,"FEE_COMMISSION_INCOME_YOY":null,"ACCOUNTS_RECE_TDAYS":24.447696243694,"INVENTORY_TDAYS":6.733112992701,"CURRENT_ASSETS_TDAYS":4.208967266021,"TOTAL_ASSETS_TDAYS":0.812359919247,"PREMIUM_EXPENSE":null,"LOAN_DEPOSIT":null,"LOAN_EQUITY":null,"LOAN_ASSETS":null,"DEPOSIT_EQUITY":null,"DEPOSIT_ASSETS":null,"EQUITY_MULTIPLIER":-5.216857571633,"EQUITY_RATIO":-52.439532672871},{"SECUCODE":"00433.HK","SECURITY_CODE":"00433","SECURITY_NAME_ABBR":"北方矿业","ORG_CODE":"10008903","STD_REPORT_DATE":"2023-06-30 00:00:00","REPORT_DATE":"2023-06-30 00:00:00","DATE_TYPE_CODE":"002","REPORT_TYPE":"2023年中报","PER_NETCASH_OPERATE":0.001000984676,"PER_OI":0.029433360066,"BPS":-0.105341011073,"BASIC_EPS":-0.077815112,"DILUTED_EPS":-0.077815112,"OPERATE_INCOME":687868994.44,"OPERATE_INCOME_YOY":46.1078852801,"GROSS_PROFIT":51156982.28,"GROSS_PROFIT_YOY":-8.191852594233,"HOLDER_PROFIT":-90905384.04,"HOLDER_PROFIT_YOY":5.3253187894,"GROSS_PROFIT_RATIO":7.437024010894,"EPS_TTM":-0.006295428218,"OPERATE_INCOME_QOQ":21.702391831844,"NET_PROFIT_RATIO":-20.9151053911,"ROE_AVG":7.155103067141,"GROSS_PROFIT_QOQ":-2.731450858276,"ROA":-5.004913645722,"HOLDER_PROFIT_QOQ":-1.268188686912,"ROE_YEARLY":14.310206134283,"ROIC_YEARLY":-9.135886090053,"TOTAL_ASSETS":1773011795.04,"TOTAL_LIABILITIES":3292508593.44,"TAX_EBT":null,"OCF_SALES":3.400850849375,"TOTAL_PARENT_EQUITY":-1317988849.6,"DEBT_ASSET_RATIO":185.7014489498,"OPERATE_PROFIT":-105893090.92,"PRETAX_PROFIT":-143868525.14,"NETCASH_OPERATE":23393398.54,"NETCASH_INVEST":-24152188.08,"NETCASH_FINANCE":-213899.36,"END_CASH":9117460.22,"DIVI_RATIO":null,"DIVIDEND_RATE":null,"CURRENT_RATIO":0.120767411894,"COMMON_ACS":25000000000,"CURRENTDEBT_DEBT":92.751533969099,"ISSUED_COMMON_SHARES":12511640397,"HK_COMMON_SHARES":12511640397,"PER_SHARES":10000,"TOTAL_MARKET_CAP":250232807.94,"HKSK_MARKET_CAP":250232807.94,"PE_TTM":-0.157134034927,"PB_TTM":-2.407218862156,"REPORT_DATE_SQ":"2022-06-30 00:00:00","REPORT_TYPE_SQ":"2022年中报","OPERATE_INCOME_SQ":436689945.65,"DPS_HKD":null,"OPERATE_INCOME_QOQ_SQ":-9.597772406221,"NET_PROFIT_RATIO_SQ":-28.6180931585,"HOLDER_PROFIT_SQ":-89062907.36,"HOLDER_PROFIT_QOQ_SQ":8.55902021833,"ROE_AVG_SQ":8.683341198679,"PE_TTM_SQ":-5.654636741548,"PB_TTM_SQ":-0.621415907568,"ROA_SQ":-5.007597176543,"START_DATE":"2023-01-01 00:00:00","FISCAL_YEAR":"12-31","CURRENCY":"HKD","IS_CNY_CODE":0,"DPS_HKD_LY":null,"ORG_TYPE":"一般企业","PREMIUM_INCOME":null,"PREMIUM_INCOME_YOY":null,"NET_INTEREST_INCOME":null,"NET_INTEREST_INCOME_YOY":null,"FEE_COMMISSION_INCOME":null,"FEE_COMMISSION_INCOME_YOY":null,"ACCOUNTS_RECE_TDAYS":17.601991223517,"INVENTORY_TDAYS":2.838397310355,"CURRENT_ASSETS_TDAYS":1.84886260992,"TOTAL_ASSETS_TDAYS":0.378715183165,"PREMIUM_EXPENSE":null,"LOAN_DEPOSIT":null,"LOAN_EQUITY":null,"LOAN_ASSETS":null,"DEPOSIT_EQUITY":null,"DEPOSIT_ASSETS":null,"EQUITY_MULTIPLIER":-1.166841415465,"EQUITY_RATIO":-2.498130841121},{"SECUCODE":"00433.HK","SECURITY_CODE":"00433","SECURITY_NAME_ABBR":"北方矿业","ORG_CODE":"10008903","STD_REPORT_DATE":"2022-12-31 00:00:00","REPORT_DATE":"2022-12-31 00:00:00","DATE_TYPE_CODE":"001","REPORT_TYPE":"2022年年报","PER_NETCASH_OPERATE":0.00312799866,"PER_OI":0.049523339223,"BPS":-0.094705548124,"BASIC_EPS":-0.124343184,"DILUTED_EPS":-0.124343184,"OPERATE_INCOME":1157379567.82,"OPERATE_INCOME_YOY":-4.0508247017,"GROSS_PROFIT":167113844.87,"GROSS_PROFIT_YOY":40.058383692401,"HOLDER_PROFIT":-145284112.61,"HOLDER_PROFIT_YOY":54.5349591314,"GROSS_PROFIT_RATIO":14.438983503465,"EPS_TTM":-0.006216590125,"OPERATE_INCOME_QOQ":15.9588714787,"NET_PROFIT_RATIO":-18.9908510372,"ROE_AVG":13.184253926771,"GROSS_PROFIT_QOQ":46.121821671207,"ROA":-7.868254640547,"HOLDER_PROFIT_QOQ":45.677646061481,"ROE_YEARLY":13.184253926771,"ROIC_YEARLY":-7.376476124065,"TOTAL_ASSETS":1801725590,"TOTAL_LIABILITIES":3147059885.06,"TAX_EBT":-0.066695405337,"OCF_SALES":6.316211122311,"TOTAL_PARENT_EQUITY":-1184921761.73,"DEBT_ASSET_RATIO":174.6692117005,"OPERATE_PROFIT":-94565135.28,"PRETAX_PROFIT":-219649733.38,"NETCASH_OPERATE":73102536.99,"NETCASH_INVEST":-79581424.3,"NETCASH_FINANCE":6035825.39,"END_CASH":10133254.88,"DIVI_RATIO":null,"DIVIDEND_RATE":null,"CURRENT_RATIO":0.124816057819,"COMMON_ACS":25000000000,"CURRENTDEBT_DEBT":92.567209695613,"ISSUED_COMMON_SHARES":12511640397,"HK_COMMON_SHARES":12511640397,"PER_SHARES":10000,"TOTAL_MARKET_CAP":250232807.94,"HKSK_MARKET_CAP":250232807.94,"PE_TTM":-0.157134034927,"PB_TTM":-2.407218862156,"REPORT_DATE_SQ":"2021-12-31 00:00:00","REPORT_TYPE_SQ":"2021年年报","OPERATE_INCOME_SQ":1104060059.2,"DPS_HKD":null,"OPERATE_INCOME_QOQ_SQ":13.136079879188,"NET_PROFIT_RATIO_SQ":-33.8246565563,"HOLDER_PROFIT_SQ":-292481683.2,"HOLDER_PROFIT_QOQ_SQ":87.432146853862,"ROE_AVG_SQ":36.859087136587,"PE_TTM_SQ":-5.654636741548,"PB_TTM_SQ":-0.621415907568,"ROA_SQ":-17.149402904687,"START_DATE":"2022-01-01 00:00:00","FISCAL_YEAR":"12-31","CURRENCY":"HKD","IS_CNY_CODE":0,"DPS_HKD_LY":null,"ORG_TYPE":"一般企业","PREMIUM_INCOME":null,"PREMIUM_INCOME_YOY":null,"NET_INTEREST_INCOME":null,"NET_INTEREST_INCOME_YOY":null,"FEE_COMMISSION_INCOME":null,"FEE_COMMISSION_INCOME_YOY":null,"ACCOUNTS_RECE_TDAYS":96.497058166381,"INVENTORY_TDAYS":4.357285758644,"CURRENT_ASSETS_TDAYS":2.987394832043,"TOTAL_ASSETS_TDAYS":0.626810254182,"PREMIUM_EXPENSE":null,"LOAN_DEPOSIT":null,"LOAN_EQUITY":null,"LOAN_ASSETS":null,"DEPOSIT_EQUITY":null,"DEPOSIT_ASSETS":null,"EQUITY_MULTIPLIER":-1.33924006592,"EQUITY_RATIO":-2.655922092666},{"SECUCODE":"00433.HK","SECURITY_CODE":"00433","SECURITY_NAME_ABBR":"北方矿业","ORG_CODE":"10008903","STD_REPORT_DATE":"2022-06-30 00:00:00","REPORT_DATE":"2022-06-30 00:00:00","DATE_TYPE_CODE":"002","REPORT_TYPE":"2022年中报","PER_NETCASH_OPERATE":0.002506942375,"PER_OI":0.01868561094,"BPS":-0.085984608037,"BASIC_EPS":-0.003848355,"DILUTED_EPS":-0.003848355,"OPERATE_INCOME":436689945.65,"OPERATE_INCOME_YOY":-21.7018033724,"GROSS_PROFIT":55721614.83,"GROSS_PROFIT_YOY":-8.160434951943,"HOLDER_PROFIT":-89062907.36,"HOLDER_PROFIT_YOY":24.0501159551,"GROSS_PROFIT_RATIO":12.7599949083,"EPS_TTM":-0.011443889439,"OPERATE_INCOME_QOQ":-9.597772406221,"NET_PROFIT_RATIO":-28.6180931585,"ROE_AVG":8.683341198679,"GROSS_PROFIT_QOQ":-4.149577324905,"ROA":-5.007597176543,"HOLDER_PROFIT_QOQ":8.55902021833,"ROE_YEARLY":17.366682397357,"ROIC_YEARLY":-9.51222708999,"TOTAL_ASSETS":1746539998.77,"TOTAL_LIABILITIES":2952876999.1,"TAX_EBT":-0.030803140551,"OCF_SALES":13.416432481126,"TOTAL_PARENT_EQUITY":-1075808495.44,"DEBT_ASSET_RATIO":169.0701043881,"OPERATE_PROFIT":-41185095.21,"PRETAX_PROFIT":-124933851.91,"NETCASH_OPERATE":58588211.71,"NETCASH_INVEST":-44344167.07,"NETCASH_FINANCE":8590383.55,"END_CASH":34276015.2,"DIVI_RATIO":null,"DIVIDEND_RATE":null,"CURRENT_RATIO":0.137645857473,"COMMON_ACS":25000000000,"CURRENTDEBT_DEBT":91.806023360142,"ISSUED_COMMON_SHARES":12511640397,"HK_COMMON_SHARES":12511640397,"PER_SHARES":10000,"TOTAL_MARKET_CAP":250232807.94,"HKSK_MARKET_CAP":250232807.94,"PE_TTM":-0.157134034927,"PB_TTM":-2.407218862156,"REPORT_DATE_SQ":"2021-06-30 00:00:00","REPORT_TYPE_SQ":"2021年中报","OPERATE_INCOME_SQ":542655117.36,"DPS_HKD":null,"OPERATE_INCOME_QOQ_SQ":78.131582042733,"NET_PROFIT_RATIO_SQ":-26.453807077,"HOLDER_PROFIT_SQ":-114096473.76,"HOLDER_PROFIT_QOQ_SQ":-6.122171876931,"ROE_AVG_SQ":15.879607647856,"PE_TTM_SQ":-5.654636741548,"PB_TTM_SQ":-0.621415907568,"ROA_SQ":-6.468700827658,"START_DATE":"2022-01-01 00:00:00","FISCAL_YEAR":"12-31","CURRENCY":"HKD","IS_CNY_CODE":0,"DPS_HKD_LY":null,"ORG_TYPE":"一般企业","PREMIUM_INCOME":null,"PREMIUM_INCOME_YOY":null,"NET_INTEREST_INCOME":null,"NET_INTEREST_INCOME_YOY":null,"FEE_COMMISSION_INCOME":null,"FEE_COMMISSION_INCOME_YOY":null,"ACCOUNTS_RECE_TDAYS":32.154843991058,"INVENTORY_TDAYS":2.03362610474,"CURRENT_ASSETS_TDAYS":1.138917945984,"TOTAL_ASSETS_TDAYS":0.245530648357,"PREMIUM_EXPENSE":null,"LOAN_DEPOSIT":null,"LOAN_EQUITY":null,"LOAN_ASSETS":null,"DEPOSIT_EQUITY":null,"DEPOSIT_ASSETS":null,"EQUITY_MULTIPLIER":-1.44780438492,"EQUITY_RATIO":-2.744797992966},{"SECUCODE":"00433.HK","SECURITY_CODE":"00433","SECURITY_NAME_ABBR":"北方矿业","ORG_CODE":"10008903","STD_REPORT_DATE":"2021-12-31 00:00:00","REPORT_DATE":"2021-12-31 00:00:00","DATE_TYPE_CODE":"001","REPORT_TYPE":"2021年年报","PER_NETCASH_OPERATE":0.00818625524,"PER_OI":0.047241840408,"BPS":-0.074543581306,"BASIC_EPS":-0.01250928,"DILUTED_EPS":-0.01250928,"OPERATE_INCOME":1104060059.2,"OPERATE_INCOME_YOY":107.4567339822,"GROSS_PROFIT":119317273.6,"GROSS_PROFIT_YOY":99.467574174326,"HOLDER_PROFIT":-292481683.2,"HOLDER_PROFIT_YOY":86.2705635282,"GROSS_PROFIT_RATIO":10.807136134103,"EPS_TTM":-0.012515055576,"OPERATE_INCOME_QOQ":13.136079879188,"NET_PROFIT_RATIO":-33.8246565563,"ROE_AVG":36.859087136587,"GROSS_PROFIT_QOQ":60.000760125572,"ROA":-17.149402904687,"HOLDER_PROFIT_QOQ":87.432146853862,"ROE_YEARLY":36.859087136587,"ROIC_YEARLY":-16.731244804108,"TOTAL_ASSETS":1730987563.2,"TOTAL_LIABILITIES":2768397688,"TAX_EBT":-0.001956151771,"OCF_SALES":17.328400353385,"TOTAL_PARENT_EQUITY":-932662483.2,"DEBT_ASSET_RATIO":159.9316914145,"OPERATE_PROFIT":-129910916.8,"PRETAX_PROFIT":-376167131.2,"NETCASH_OPERATE":190973372.8,"NETCASH_INVEST":-63533243.2,"NETCASH_FINANCE":-126760704,"END_CASH":16951300.8,"DIVI_RATIO":null,"DIVIDEND_RATE":null,"CURRENT_RATIO":0.148937120111,"COMMON_ACS":25000000000,"CURRENTDEBT_DEBT":91.288583448636,"ISSUED_COMMON_SHARES":12511640397,"HK_COMMON_SHARES":12511640397,"PER_SHARES":10000,"TOTAL_MARKET_CAP":250232807.94,"HKSK_MARKET_CAP":250232807.94,"PE_TTM":-0.157134034927,"PB_TTM":-2.407218862156,"REPORT_DATE_SQ":"2020-12-31 00:00:00","REPORT_TYPE_SQ":"2020年年报","OPERATE_INCOME_SQ":547836100.6,"DPS_HKD":null,"OPERATE_INCOME_QOQ_SQ":48.622231855487,"NET_PROFIT_RATIO_SQ":-538.1062043431,"HOLDER_PROFIT_SQ":-2192963717.76,"HOLDER_PROFIT_QOQ_SQ":-286.535663980476,"ROE_AVG_SQ":-546.371168133465,"PE_TTM_SQ":-5.654636741548,"PB_TTM_SQ":-0.621415907568,"ROA_SQ":-72.22018421859,"START_DATE":"2021-01-01 00:00:00","FISCAL_YEAR":"12-31","CURRENCY":"HKD","IS_CNY_CODE":0,"DPS_HKD_LY":null,"ORG_TYPE":"一般企业","PREMIUM_INCOME":null,"PREMIUM_INCOME_YOY":null,"NET_INTEREST_INCOME":null,"NET_INTEREST_INCOME_YOY":null,"FEE_COMMISSION_INCOME":null,"FEE_COMMISSION_INCOME_YOY":null,"ACCOUNTS_RECE_TDAYS":83.384297137917,"INVENTORY_TDAYS":4.693112477497,"CURRENT_ASSETS_TDAYS":2.932472651266,"TOTAL_ASSETS_TDAYS":0.647355778968,"PREMIUM_EXPENSE":null,"LOAN_DEPOSIT":null,"LOAN_EQUITY":null,"LOAN_ASSETS":null,"DEPOSIT_EQUITY":null,"DEPOSIT_ASSETS":null,"EQUITY_MULTIPLIER":-1.668566290051,"EQUITY_RATIO":-2.96827388028},{"SECUCODE":"00433.HK","SECURITY_CODE":"00433","SECURITY_NAME_ABBR":"北方矿业","ORG_CODE":"10008903","STD_REPORT_DATE":"2021-06-30 00:00:00","REPORT_DATE":"2021-06-30 00:00:00","DATE_TYPE_CODE":"002","REPORT_TYPE":"2021年中报","PER_NETCASH_OPERATE":0.002374397344,"PER_OI":0.023219775263,"BPS":-0.061627895733,"BASIC_EPS":-0.004909272,"DILUTED_EPS":-0.004909272,"OPERATE_INCOME":542655117.36,"OPERATE_INCOME_YOY":419.7212393612,"GROSS_PROFIT":60672777.36,"GROSS_PROFIT_YOY":32.133702394204,"HOLDER_PROFIT":-114096473.76,"HOLDER_PROFIT_YOY":-721.2767885461,"GROSS_PROFIT_RATIO":11.180725182354,"EPS_TTM":-0.099579899848,"OPERATE_INCOME_QOQ":78.131582042733,"NET_PROFIT_RATIO":-26.453807077,"ROE_AVG":15.879607647856,"GROSS_PROFIT_QOQ":24.666641594564,"ROA":-6.468700827658,"HOLDER_PROFIT_QOQ":-6.122171876931,"ROE_YEARLY":31.759215295712,"ROIC_YEARLY":-12.894453124523,"TOTAL_ASSETS":1817897597.04,"TOTAL_LIABILITIES":2637348286.8,"TAX_EBT":null,"OCF_SALES":10.22575505967,"TOTAL_PARENT_EQUITY":-771066069.84,"DEBT_ASSET_RATIO":145.0768344209,"OPERATE_PROFIT":-28602750,"PRETAX_PROFIT":-146331252.96,"NETCASH_OPERATE":55490583.12,"NETCASH_INVEST":-8293341.36,"NETCASH_FINANCE":-25822770.72,"END_CASH":34042889.04,"DIVI_RATIO":null,"DIVIDEND_RATE":null,"CURRENT_RATIO":0.220929181669,"COMMON_ACS":25000000000,"CURRENTDEBT_DEBT":84.829812104739,"ISSUED_COMMON_SHARES":12511640397,"HK_COMMON_SHARES":12511640397,"PER_SHARES":10000,"TOTAL_MARKET_CAP":250232807.94,"HKSK_MARKET_CAP":250232807.94,"PE_TTM":-0.157134034927,"PB_TTM":-2.407218862156,"REPORT_DATE_SQ":"2020-06-30 00:00:00","REPORT_TYPE_SQ":"2020年中报","OPERATE_INCOME_SQ":114622104.96,"DPS_HKD":null,"OPERATE_INCOME_QOQ_SQ":-51.393549068088,"NET_PROFIT_RATIO_SQ":-4.712951452,"HOLDER_PROFIT_SQ":20160534.24,"HOLDER_PROFIT_QOQ_SQ":14.729228482734,"ROE_AVG_SQ":1.257532317173,"PE_TTM_SQ":-5.654636741548,"PB_TTM_SQ":-0.621415907568,"ROA_SQ":0.42567352744,"START_DATE":"2021-01-01 00:00:00","FISCAL_YEAR":"12-31","CURRENCY":"HKD","IS_CNY_CODE":0,"DPS_HKD_LY":null,"ORG_TYPE":"一般企业","PREMIUM_INCOME":null,"PREMIUM_INCOME_YOY":null,"NET_INTEREST_INCOME":null,"NET_INTEREST_INCOME_YOY":null,"FEE_COMMISSION_INCOME":null,"FEE_COMMISSION_INCOME_YOY":null,"ACCOUNTS_RECE_TDAYS":30.397678808642,"INVENTORY_TDAYS":2.054668184833,"CURRENT_ASSETS_TDAYS":1.236770466202,"TOTAL_ASSETS_TDAYS":0.307658378136,"PREMIUM_EXPENSE":null,"LOAN_DEPOSIT":null,"LOAN_EQUITY":null,"LOAN_ASSETS":null,"DEPOSIT_EQUITY":null,"DEPOSIT_ASSETS":null,"EQUITY_MULTIPLIER":-2.218434397284,"EQUITY_RATIO":-3.420392090845},{"SECUCODE":"00433.HK","SECURITY_CODE":"00433","SECURITY_NAME_ABBR":"北方矿业","ORG_CODE":"10008903","STD_REPORT_DATE":"2020-12-31 00:00:00","REPORT_DATE":"2020-12-31 00:00:00","DATE_TYPE_CODE":"001","REPORT_TYPE":"2020年年报","PER_NETCASH_OPERATE":0.001684224531,"PER_OI":0.023441465361,"BPS":-0.053838188096,"BASIC_EPS":-0.098556044,"DILUTED_EPS":-0.098556044,"OPERATE_INCOME":547836100.6,"OPERATE_INCOME_YOY":-22.4720934554,"GROSS_PROFIT":59817879.72,"GROSS_PROFIT_YOY":-26.694744261047,"HOLDER_PROFIT":-2192963717.76,"HOLDER_PROFIT_YOY":-250.8041780097,"GROSS_PROFIT_RATIO":10.918937188419,"EPS_TTM":-0.093835150644,"OPERATE_INCOME_QOQ":48.622231855487,"NET_PROFIT_RATIO":-538.1062043431,"ROE_AVG":-546.371168133465,"GROSS_PROFIT_QOQ":23.15561408423,"ROA":-72.22018421859,"HOLDER_PROFIT_QOQ":-286.535663980476,"ROE_YEARLY":-546.371168133465,"ROIC_YEARLY":-82.921940683206,"TOTAL_ASSETS":1729393455.6,"TOTAL_LIABILITIES":2413642567.4,"TAX_EBT":-0.005111986781,"OCF_SALES":7.184809076454,"TOTAL_PARENT_EQUITY":-673604049.08,"DEBT_ASSET_RATIO":139.5658437115,"OPERATE_PROFIT":-2675132540.64,"PRETAX_PROFIT":-2947064741.36,"NETCASH_OPERATE":39360977.88,"NETCASH_INVEST":-90390452.72,"NETCASH_FINANCE":52337383.4,"END_CASH":13266771.32,"DIVI_RATIO":null,"DIVIDEND_RATE":null,"CURRENT_RATIO":0.192628022431,"COMMON_ACS":25000000000,"CURRENTDEBT_DEBT":83.380134842745,"ISSUED_COMMON_SHARES":12511640397,"HK_COMMON_SHARES":12511640397,"PER_SHARES":10000,"TOTAL_MARKET_CAP":250232807.94,"HKSK_MARKET_CAP":250232807.94,"PE_TTM":-0.157134034927,"PB_TTM":-2.407218862156,"REPORT_DATE_SQ":"2019-12-31 00:00:00","REPORT_TYPE_SQ":"2019年年报","OPERATE_INCOME_SQ":752086138.64,"DPS_HKD":null,"OPERATE_INCOME_QOQ_SQ":-30.813455939836,"NET_PROFIT_RATIO_SQ":-143.7032460928,"HOLDER_PROFIT_SQ":-665337011.88,"HOLDER_PROFIT_QOQ_SQ":-56.892189270812,"ROE_AVG_SQ":-34.938448729226,"PE_TTM_SQ":-5.654636741548,"PB_TTM_SQ":-0.621415907568,"ROA_SQ":-12.877896339442,"START_DATE":"2020-01-01 00:00:00","FISCAL_YEAR":"12-31","CURRENCY":"HKD","IS_CNY_CODE":0,"DPS_HKD_LY":null,"ORG_TYPE":"一般企业","PREMIUM_INCOME":null,"PREMIUM_INCOME_YOY":null,"NET_INTEREST_INCOME":null,"NET_INTEREST_INCOME_YOY":null,"FEE_COMMISSION_INCOME":null,"FEE_COMMISSION_INCOME_YOY":null,"ACCOUNTS_RECE_TDAYS":3.152107853938,"INVENTORY_TDAYS":1.650821578701,"CURRENT_ASSETS_TDAYS":0.763322210358,"TOTAL_ASSETS_TDAYS":0.180417139538,"PREMIUM_EXPENSE":null,"LOAN_DEPOSIT":null,"LOAN_EQUITY":null,"LOAN_ASSETS":null,"DEPOSIT_EQUITY":null,"DEPOSIT_ASSETS":null,"EQUITY_MULTIPLIER":-2.527432518037,"EQUITY_RATIO":-3.583177046956},{"SECUCODE":"00433.HK","SECURITY_CODE":"00433","SECURITY_NAME_ABBR":"北方矿业","ORG_CODE":"10008903","STD_REPORT_DATE":"2020-06-30 00:00:00","REPORT_DATE":"2020-06-30 00:00:00","DATE_TYPE_CODE":"002","REPORT_TYPE":"2020年中报","PER_NETCASH_OPERATE":0.000040837407,"PER_OI":0.005332404984,"BPS":0.128206726266,"BASIC_EPS":0.00091344,"DILUTED_EPS":0.00091344,"OPERATE_INCOME":114622104.96,"OPERATE_INCOME_YOY":-78.1145409485,"GROSS_PROFIT":45917715.36,"GROSS_PROFIT_YOY":-42.580613639887,"HOLDER_PROFIT":20160534.24,"HOLDER_PROFIT_YOY":124.9426469425,"GROSS_PROFIT_RATIO":40.060087341813,"EPS_TTM":-0.026393477915,"OPERATE_INCOME_QOQ":-51.393549068088,"NET_PROFIT_RATIO":-4.712951452,"ROE_AVG":1.257532317173,"GROSS_PROFIT_QOQ":-41.213218035071,"ROA":0.42567352744,"HOLDER_PROFIT_QOQ":14.729228482734,"ROE_YEARLY":2.515064634346,"ROIC_YEARLY":1.034985691045,"TOTAL_ASSETS":4758147324.48,"TOTAL_LIABILITIES":2347981078.08,"TAX_EBT":36.056037041434,"OCF_SALES":0.765834688088,"TOTAL_PARENT_EQUITY":1604076455.52,"DEBT_ASSET_RATIO":49.3465401124,"OPERATE_PROFIT":131983859.04,"PRETAX_PROFIT":-7693905.12,"NETCASH_OPERATE":877815.84,"NETCASH_INVEST":-4075769.28,"NETCASH_FINANCE":12420957.12,"END_CASH":26803069.92,"DIVI_RATIO":null,"DIVIDEND_RATE":null,"CURRENT_RATIO":0.742282704165,"COMMON_ACS":25000000000,"CURRENTDEBT_DEBT":70.514090353482,"ISSUED_COMMON_SHARES":12511640397,"HK_COMMON_SHARES":12511640397,"PER_SHARES":10000,"TOTAL_MARKET_CAP":250232807.94,"HKSK_MARKET_CAP":250232807.94,"PE_TTM":-0.157134034927,"PB_TTM":-2.407218862156,"REPORT_DATE_SQ":"2019-06-30 00:00:00","REPORT_TYPE_SQ":"2019年中报","OPERATE_INCOME_SQ":504368015.22,"DPS_HKD":null,"OPERATE_INCOME_QOQ_SQ":29.356933096358,"NET_PROFIT_RATIO_SQ":-19.548735801,"HOLDER_PROFIT_SQ":-77838474.42,"HOLDER_PROFIT_QOQ_SQ":0.003552514281,"ROE_AVG_SQ":-3.600569421141,"PE_TTM_SQ":-5.654636741548,"PB_TTM_SQ":-0.621415907568,"ROA_SQ":-1.377087790883,"START_DATE":"2020-01-01 00:00:00","FISCAL_YEAR":"12-31","CURRENCY":"HKD","IS_CNY_CODE":0,"DPS_HKD_LY":null,"ORG_TYPE":"一般企业","PREMIUM_INCOME":null,"PREMIUM_INCOME_YOY":null,"NET_INTEREST_INCOME":null,"NET_INTEREST_INCOME_YOY":null,"FEE_COMMISSION_INCOME":null,"FEE_COMMISSION_INCOME_YOY":null,"ACCOUNTS_RECE_TDAYS":0.302973380817,"INVENTORY_TDAYS":0.172291756384,"CURRENT_ASSETS_TDAYS":0.096887619195,"TOTAL_ASSETS_TDAYS":0.024201539086,"PREMIUM_EXPENSE":null,"LOAN_DEPOSIT":null,"LOAN_EQUITY":null,"LOAN_ASSETS":null,"DEPOSIT_EQUITY":null,"DEPOSIT_ASSETS":null,"EQUITY_MULTIPLIER":1.97419880541,"EQUITY_RATIO":1.463758831445}],"count":47},"success":true,"message":"ok","code":0}