{"version":"d9899c241a5974624ea1b76a5e9f9318","result":{"pages":3,"data":[{"SECUCODE":"00442.HK","SECURITY_CODE":"00442","SECURITY_NAME_ABBR":"域能控股","ORG_CODE":"10436892","STD_REPORT_DATE":"2024-06-30 00:00:00","REPORT_DATE":"2024-09-30 00:00:00","DATE_TYPE_CODE":"002","REPORT_TYPE":"2024年中报","PER_NETCASH_OPERATE":-0.054937652519,"PER_OI":0.454205566647,"BPS":0.409669568327,"BASIC_EPS":-0.0180358,"DILUTED_EPS":-0.0180358,"OPERATE_INCOME":78441301.36,"OPERATE_INCOME_YOY":-33.3169789335,"GROSS_PROFIT":857602.29,"GROSS_PROFIT_YOY":-41.806726540889,"HOLDER_PROFIT":-2744146.97,"HOLDER_PROFIT_YOY":66.3682581786,"GROSS_PROFIT_RATIO":1.093304515773,"EPS_TTM":-0.093092075319,"OPERATE_INCOME_QOQ":0,"NET_PROFIT_RATIO":-3.5949140072,"ROE_AVG":-3.808034038293,"GROSS_PROFIT_QOQ":0,"ROA":-3.382708501237,"HOLDER_PROFIT_QOQ":0,"ROE_YEARLY":-7.616068076586,"ROIC_YEARLY":-10.679160196177,"TOTAL_ASSETS":79109527.75,"TOTAL_LIABILITIES":6656111.99,"TAX_EBT":-0.708534621578,"OCF_SALES":-12.095327876391,"TOTAL_PARENT_EQUITY":70749934.45,"DEBT_ASSET_RATIO":8.4137931034,"OPERATE_PROFIT":-6631763.66,"PRETAX_PROFIT":-2800057.95,"NETCASH_OPERATE":-9487732.59,"NETCASH_INVEST":137072.08,"NETCASH_FINANCE":-350796.31,"END_CASH":23157967.2,"DIVI_RATIO":null,"DIVIDEND_RATE":null,"CURRENT_RATIO":7.773833097595,"COMMON_ACS":2000000000,"CURRENTDEBT_DEBT":95.786478796911,"ISSUED_COMMON_SHARES":172700000,"HK_COMMON_SHARES":172700000,"PER_SHARES":1000,"TOTAL_MARKET_CAP":105347000,"HKSK_MARKET_CAP":105347000,"PE_TTM":-8.989418892397,"PB_TTM":1.342769740616,"REPORT_DATE_SQ":"2023-06-30 00:00:00","REPORT_TYPE_SQ":"2023年中报","OPERATE_INCOME_SQ":119699327.72,"DPS_HKD":null,"OPERATE_INCOME_QOQ_SQ":0,"NET_PROFIT_RATIO_SQ":-7.0091380209,"HOLDER_PROFIT_SQ":-8302716.24,"HOLDER_PROFIT_QOQ_SQ":0,"ROE_AVG_SQ":-9.539523972693,"PE_TTM_SQ":-9.81954286855,"PB_TTM_SQ":2.192698582509,"ROA_SQ":-8.599738624213,"START_DATE":"2024-04-01 00:00:00","FISCAL_YEAR":"3-31","CURRENCY":"HKD","IS_CNY_CODE":0,"DPS_HKD_LY":null,"ORG_TYPE":"一般企业","PREMIUM_INCOME":null,"PREMIUM_INCOME_YOY":null,"NET_INTEREST_INCOME":null,"NET_INTEREST_INCOME_YOY":null,"FEE_COMMISSION_INCOME":null,"FEE_COMMISSION_INCOME_YOY":null,"ACCOUNTS_RECE_TDAYS":7.084541456263,"INVENTORY_TDAYS":6.495998187859,"CURRENT_ASSETS_TDAYS":1.476344441899,"TOTAL_ASSETS_TDAYS":0.966945502043,"PREMIUM_EXPENSE":null,"LOAN_DEPOSIT":null,"LOAN_EQUITY":null,"LOAN_ASSETS":null,"DEPOSIT_EQUITY":null,"DEPOSIT_ASSETS":null,"EQUITY_MULTIPLIER":1.091867469879,"EQUITY_RATIO":0.094079408578},{"SECUCODE":"00442.HK","SECURITY_CODE":"00442","SECURITY_NAME_ABBR":"域能控股","ORG_CODE":"10436892","STD_REPORT_DATE":"2023-12-31 00:00:00","REPORT_DATE":"2024-03-31 00:00:00","DATE_TYPE_CODE":"001","REPORT_TYPE":"2023年年报","PER_NETCASH_OPERATE":-0.130236464658,"PER_OI":1.190984001738,"BPS":0.427107358135,"BASIC_EPS":-0.090655,"DILUTED_EPS":-0.090655,"OPERATE_INCOME":205563838.7,"OPERATE_INCOME_YOY":22.2578071084,"GROSS_PROFIT":2737781,"GROSS_PROFIT_YOY":3.011434401248,"HOLDER_PROFIT":-16067692.2,"HOLDER_PROFIT_YOY":31.741508126,"GROSS_PROFIT_RATIO":1.331839791139,"EPS_TTM":-0.101325138239,"OPERATE_INCOME_QOQ":0,"NET_PROFIT_RATIO":-7.8882842199,"ROE_AVG":-19.549535637864,"GROSS_PROFIT_QOQ":0,"ROA":-17.475326109462,"HOLDER_PROFIT_QOQ":0,"ROE_YEARLY":-19.549535637864,"ROIC_YEARLY":-35.55644716385,"TOTAL_ASSETS":83574844.5,"TOTAL_LIABILITIES":8024780.6,"TAX_EBT":-0.359086573529,"OCF_SALES":-10.93519849705,"TOTAL_PARENT_EQUITY":73761440.75,"DEBT_ASSET_RATIO":9.6019091008,"OPERATE_PROFIT":-16175571.65,"PRETAX_PROFIT":-16157440.65,"NETCASH_OPERATE":-22478813.8,"NETCASH_INVEST":27196.5,"NETCASH_FINANCE":-648183.25,"END_CASH":32992980.7,"DIVI_RATIO":null,"DIVIDEND_RATE":null,"CURRENT_RATIO":7.478116079924,"COMMON_ACS":2000000000,"CURRENTDEBT_DEBT":94.984184365115,"ISSUED_COMMON_SHARES":172700000,"HK_COMMON_SHARES":172700000,"PER_SHARES":1000,"TOTAL_MARKET_CAP":138160000,"HKSK_MARKET_CAP":138160000,"PE_TTM":-11.789401826094,"PB_TTM":1.761009495889,"REPORT_DATE_SQ":"2022-12-31 00:00:00","REPORT_TYPE_SQ":"2022年年报","OPERATE_INCOME_SQ":162364043.52,"DPS_HKD":null,"OPERATE_INCOME_QOQ_SQ":0,"NET_PROFIT_RATIO_SQ":-14.0614216701,"HOLDER_PROFIT_SQ":-22730896.06,"HOLDER_PROFIT_QOQ_SQ":0,"ROE_AVG_SQ":-22.783888247862,"PE_TTM_SQ":-12.059087733307,"PB_TTM_SQ":2.692787732905,"ROA_SQ":-20.999510717708,"START_DATE":"2023-04-01 00:00:00","FISCAL_YEAR":"3-31","CURRENCY":"HKD","IS_CNY_CODE":0,"DPS_HKD_LY":null,"ORG_TYPE":"一般企业","PREMIUM_INCOME":null,"PREMIUM_INCOME_YOY":null,"NET_INTEREST_INCOME":null,"NET_INTEREST_INCOME_YOY":null,"FEE_COMMISSION_INCOME":null,"FEE_COMMISSION_INCOME_YOY":null,"ACCOUNTS_RECE_TDAYS":38.964515851877,"INVENTORY_TDAYS":19.176652095654,"CURRENT_ASSETS_TDAYS":3.181128210884,"TOTAL_ASSETS_TDAYS":2.235725624365,"PREMIUM_EXPENSE":null,"LOAN_DEPOSIT":null,"LOAN_EQUITY":null,"LOAN_ASSETS":null,"DEPOSIT_EQUITY":null,"DEPOSIT_ASSETS":null,"EQUITY_MULTIPLIER":1.106218051789,"EQUITY_RATIO":0.108793707368},{"SECUCODE":"00442.HK","SECURITY_CODE":"00442","SECURITY_NAME_ABBR":"域能控股","ORG_CODE":"10436892","STD_REPORT_DATE":"2023-06-30 00:00:00","REPORT_DATE":"2023-09-30 00:00:00","DATE_TYPE_CODE":"002","REPORT_TYPE":"2023年中报","PER_NETCASH_OPERATE":-0.092900733604,"PER_OI":0.693507113094,"BPS":0.476806286508,"BASIC_EPS":-0.0458815,"DILUTED_EPS":-0.0458815,"OPERATE_INCOME":119699327.72,"OPERATE_INCOME_YOY":50.237834725,"GROSS_PROFIT":1473713.78,"GROSS_PROFIT_YOY":-6.890212728318,"HOLDER_PROFIT":-8302716.24,"HOLDER_PROFIT_YOY":39.5833333333,"GROSS_PROFIT_RATIO":1.231179663304,"EPS_TTM":-0.131696964426,"OPERATE_INCOME_QOQ":0,"NET_PROFIT_RATIO":-7.0091380209,"ROE_AVG":-9.539523972693,"GROSS_PROFIT_QOQ":0,"ROA":-8.599738624213,"HOLDER_PROFIT_QOQ":0,"ROE_YEARLY":-19.079047945386,"ROIC_YEARLY":-36.214090595263,"TOTAL_ASSETS":91551027.47,"TOTAL_LIABILITIES":7333698.96,"TAX_EBT":-0.197260273973,"OCF_SALES":-13.39578669774,"TOTAL_PARENT_EQUITY":82344445.68,"DEBT_ASSET_RATIO":8.0105042649,"OPERATE_PROFIT":-8200859.31,"PRETAX_PROFIT":-8373373.75,"NETCASH_OPERATE":-16034666.62,"NETCASH_INVEST":-289053.45,"NETCASH_FINANCE":-306488.42,"END_CASH":40064643.43,"DIVI_RATIO":null,"DIVIDEND_RATE":null,"CURRENT_RATIO":9.400352494577,"COMMON_ACS":2000000000,"CURRENTDEBT_DEBT":92.292292292292,"ISSUED_COMMON_SHARES":172700000,"HK_COMMON_SHARES":172700000,"PER_SHARES":1000,"TOTAL_MARKET_CAP":138160000,"HKSK_MARKET_CAP":138160000,"PE_TTM":-11.789401826094,"PB_TTM":1.761009495889,"REPORT_DATE_SQ":"2022-06-30 00:00:00","REPORT_TYPE_SQ":"2022年中报","OPERATE_INCOME_SQ":78528003,"DPS_HKD":null,"OPERATE_INCOME_QOQ_SQ":0,"NET_PROFIT_RATIO_SQ":-17.2484883386,"HOLDER_PROFIT_SQ":-13544893.44,"HOLDER_PROFIT_QOQ_SQ":0,"ROE_AVG_SQ":-12.579694075549,"PE_TTM_SQ":-12.059087733307,"PB_TTM_SQ":2.692787732905,"ROA_SQ":-11.873181483038,"START_DATE":"2023-04-01 00:00:00","FISCAL_YEAR":"3-31","CURRENCY":"HKD","IS_CNY_CODE":0,"DPS_HKD_LY":null,"ORG_TYPE":"一般企业","PREMIUM_INCOME":null,"PREMIUM_INCOME_YOY":null,"NET_INTEREST_INCOME":null,"NET_INTEREST_INCOME_YOY":null,"FEE_COMMISSION_INCOME":null,"FEE_COMMISSION_INCOME_YOY":null,"ACCOUNTS_RECE_TDAYS":21.291765281972,"INVENTORY_TDAYS":11.348366070642,"CURRENT_ASSETS_TDAYS":1.750655939016,"TOTAL_ASSETS_TDAYS":1.239814660806,"PREMIUM_EXPENSE":null,"LOAN_DEPOSIT":null,"LOAN_EQUITY":null,"LOAN_ASSETS":null,"DEPOSIT_EQUITY":null,"DEPOSIT_ASSETS":null,"EQUITY_MULTIPLIER":1.08708064112,"EQUITY_RATIO":0.089061246323},{"SECUCODE":"00442.HK","SECURITY_CODE":"00442","SECURITY_NAME_ABBR":"域能控股","ORG_CODE":"10436892","STD_REPORT_DATE":"2022-12-31 00:00:00","REPORT_DATE":"2023-03-31 00:00:00","DATE_TYPE_CODE":"001","REPORT_TYPE":"2022年年报","PER_NETCASH_OPERATE":-0.150249975898,"PER_OI":0.940695501275,"BPS":0.506688524551,"BASIC_EPS":-0.1313115,"DILUTED_EPS":-0.1313115,"OPERATE_INCOME":162364043.52,"OPERATE_INCOME_YOY":36.8665736867,"GROSS_PROFIT":2657744.76,"GROSS_PROFIT_YOY":35.9220296411,"HOLDER_PROFIT":-22730896.06,"HOLDER_PROFIT_YOY":66.7818032955,"GROSS_PROFIT_RATIO":1.636904761905,"EPS_TTM":-0.117671902897,"OPERATE_INCOME_QOQ":0,"NET_PROFIT_RATIO":-14.0614216701,"ROE_AVG":-22.783888247862,"GROSS_PROFIT_QOQ":0,"ROA":-20.999510717708,"HOLDER_PROFIT_QOQ":0,"ROE_YEARLY":-22.783888247862,"ROIC_YEARLY":-57.905534989519,"TOTAL_ASSETS":96869368.96,"TOTAL_LIABILITIES":7494385.01,"TAX_EBT":0.677888643461,"OCF_SALES":-15.972222222222,"TOTAL_PARENT_EQUITY":87505108.19,"DEBT_ASSET_RATIO":7.7365890688,"OPERATE_PROFIT":-16743091.66,"PRETAX_PROFIT":-22986515.78,"NETCASH_OPERATE":-25933145.84,"NETCASH_INVEST":1169547.76,"NETCASH_FINANCE":146193.47,"END_CASH":54842685.68,"DIVI_RATIO":null,"DIVIDEND_RATE":null,"CURRENT_RATIO":10.072810011377,"COMMON_ACS":2000000000,"CURRENTDEBT_DEBT":92.407429038664,"ISSUED_COMMON_SHARES":172700000,"HK_COMMON_SHARES":172700000,"PER_SHARES":1000,"TOTAL_MARKET_CAP":138160000,"HKSK_MARKET_CAP":138160000,"PE_TTM":-11.789401826094,"PB_TTM":1.761009495889,"REPORT_DATE_SQ":"2021-12-31 00:00:00","REPORT_TYPE_SQ":"2021年年报","OPERATE_INCOME_SQ":109902398.13,"DPS_HKD":null,"OPERATE_INCOME_QOQ_SQ":0,"NET_PROFIT_RATIO_SQ":-57.8859592807,"HOLDER_PROFIT_SQ":-63395029.68,"HOLDER_PROFIT_QOQ_SQ":0,"ROE_AVG_SQ":-46.904505455931,"PE_TTM_SQ":-12.059087733307,"PB_TTM_SQ":2.692787732905,"ROA_SQ":-42.814068700346,"START_DATE":"2022-04-01 00:00:00","FISCAL_YEAR":"3-31","CURRENCY":"HKD","IS_CNY_CODE":0,"DPS_HKD_LY":null,"ORG_TYPE":"一般企业","PREMIUM_INCOME":null,"PREMIUM_INCOME_YOY":null,"NET_INTEREST_INCOME":null,"NET_INTEREST_INCOME_YOY":null,"FEE_COMMISSION_INCOME":null,"FEE_COMMISSION_INCOME_YOY":null,"ACCOUNTS_RECE_TDAYS":304.551724137931,"INVENTORY_TDAYS":29.354143201931,"CURRENT_ASSETS_TDAYS":2.116644127566,"TOTAL_ASSETS_TDAYS":1.499969672585,"PREMIUM_EXPENSE":null,"LOAN_DEPOSIT":null,"LOAN_EQUITY":null,"LOAN_ASSETS":null,"DEPOSIT_EQUITY":null,"DEPOSIT_ASSETS":null,"EQUITY_MULTIPLIER":1.083853273911,"EQUITY_RATIO":0.085645114497},{"SECUCODE":"00442.HK","SECURITY_CODE":"00442","SECURITY_NAME_ABBR":"域能控股","ORG_CODE":"10436892","STD_REPORT_DATE":"2022-06-30 00:00:00","REPORT_DATE":"2022-09-30 00:00:00","DATE_TYPE_CODE":"002","REPORT_TYPE":"2022年中报","PER_NETCASH_OPERATE":-0.041286690382,"PER_OI":0.454971048667,"BPS":0.576725828373,"BASIC_EPS":-0.0813996,"DILUTED_EPS":-0.0813996,"OPERATE_INCOME":78528003,"OPERATE_INCOME_YOY":26.1166388263,"GROSS_PROFIT":1582770,"GROSS_PROFIT_YOY":-46.928849645924,"HOLDER_PROFIT":-13544893.44,"HOLDER_PROFIT_YOY":77.9693430227,"GROSS_PROFIT_RATIO":2.015548517132,"EPS_TTM":-0.36729449409,"OPERATE_INCOME_QOQ":0,"NET_PROFIT_RATIO":-17.2484883386,"ROE_AVG":-12.579694075549,"GROSS_PROFIT_QOQ":0,"ROA":-11.873181483038,"HOLDER_PROFIT_QOQ":0,"ROE_YEARLY":-25.159388151097,"ROIC_YEARLY":-78.245536122468,"TOTAL_ASSETS":104572257.24,"TOTAL_LIABILITIES":4971706.68,"TAX_EBT":0.006676904587,"OCF_SALES":-9.074575295134,"TOTAL_PARENT_EQUITY":99600550.56,"DEBT_ASSET_RATIO":4.7543266362,"OPERATE_PROFIT":-7364854.92,"PRETAX_PROFIT":-13545797.88,"NETCASH_OPERATE":-7126082.76,"NETCASH_INVEST":835702.56,"NETCASH_FINANCE":-74164.08,"END_CASH":74954560.56,"DIVI_RATIO":null,"DIVIDEND_RATE":null,"CURRENT_RATIO":17.836789713812,"COMMON_ACS":2000000000,"CURRENTDEBT_DEBT":87.720574859014,"ISSUED_COMMON_SHARES":172700000,"HK_COMMON_SHARES":172700000,"PER_SHARES":1000,"TOTAL_MARKET_CAP":138160000,"HKSK_MARKET_CAP":138160000,"PE_TTM":-11.789401826094,"PB_TTM":1.761009495889,"REPORT_DATE_SQ":"2021-06-30 00:00:00","REPORT_TYPE_SQ":"2021年中报","OPERATE_INCOME_SQ":57352015.7,"DPS_HKD":null,"OPERATE_INCOME_QOQ_SQ":0,"NET_PROFIT_RATIO_SQ":-98.7406492846,"HOLDER_PROFIT_SQ":-56629752.68,"HOLDER_PROFIT_QOQ_SQ":0,"ROE_AVG_SQ":-39.63188717581,"PE_TTM_SQ":-12.059087733307,"PB_TTM_SQ":2.692787732905,"ROA_SQ":-34.401647764941,"START_DATE":"2022-04-01 00:00:00","FISCAL_YEAR":"3-31","CURRENCY":"HKD","IS_CNY_CODE":0,"DPS_HKD_LY":null,"ORG_TYPE":"一般企业","PREMIUM_INCOME":null,"PREMIUM_INCOME_YOY":null,"NET_INTEREST_INCOME":null,"NET_INTEREST_INCOME_YOY":null,"FEE_COMMISSION_INCOME":null,"FEE_COMMISSION_INCOME_YOY":null,"ACCOUNTS_RECE_TDAYS":null,"INVENTORY_TDAYS":36.948968512486,"CURRENT_ASSETS_TDAYS":0.956359390662,"TOTAL_ASSETS_TDAYS":0.688360698628,"PREMIUM_EXPENSE":null,"LOAN_DEPOSIT":null,"LOAN_EQUITY":null,"LOAN_ASSETS":null,"DEPOSIT_EQUITY":null,"DEPOSIT_ASSETS":null,"EQUITY_MULTIPLIER":1.049916457812,"EQUITY_RATIO":0.049916457811},{"SECUCODE":"00442.HK","SECURITY_CODE":"00442","SECURITY_NAME_ABBR":"域能控股","ORG_CODE":"10436892","STD_REPORT_DATE":"2021-12-31 00:00:00","REPORT_DATE":"2022-03-31 00:00:00","DATE_TYPE_CODE":"001","REPORT_TYPE":"2021年年报","PER_NETCASH_OPERATE":0.180311110892,"PER_OI":0.636746223233,"BPS":0.600973907006,"BASIC_EPS":-0.3649545,"DILUTED_EPS":-0.3649545,"OPERATE_INCOME":109902398.13,"OPERATE_INCOME_YOY":-16.6812178746,"GROSS_PROFIT":1955345.11,"GROSS_PROFIT_YOY":-67.039107283793,"HOLDER_PROFIT":-63395029.68,"HOLDER_PROFIT_YOY":-4.2267793808,"GROSS_PROFIT_RATIO":1.779165098551,"EPS_TTM":-0.237748848667,"OPERATE_INCOME_QOQ":0,"NET_PROFIT_RATIO":-57.8859592807,"ROE_AVG":-46.904505455931,"GROSS_PROFIT_QOQ":0,"ROA":-42.814068700346,"HOLDER_PROFIT_QOQ":0,"ROE_YEARLY":-46.904505455931,"ROIC_YEARLY":-66.49624635801,"TOTAL_ASSETS":110820461.45,"TOTAL_LIABILITIES":7032267.71,"TAX_EBT":-0.001274827261,"OCF_SALES":28.317578387313,"TOTAL_PARENT_EQUITY":103788193.74,"DEBT_ASSET_RATIO":6.3456401625,"OPERATE_PROFIT":-12161094.95,"PRETAX_PROFIT":-63617246.42,"NETCASH_OPERATE":31121697.74,"NETCASH_INVEST":13508182.56,"NETCASH_FINANCE":-491472.06,"END_CASH":75288491.33,"DIVI_RATIO":null,"DIVIDEND_RATE":null,"CURRENT_RATIO":15.118652112008,"COMMON_ACS":2000000000,"CURRENTDEBT_DEBT":72.898166301465,"ISSUED_COMMON_SHARES":172700000,"HK_COMMON_SHARES":172700000,"PER_SHARES":1000,"TOTAL_MARKET_CAP":138160000,"HKSK_MARKET_CAP":138160000,"PE_TTM":-11.789401826094,"PB_TTM":1.761009495889,"REPORT_DATE_SQ":"2020-12-31 00:00:00","REPORT_TYPE_SQ":"2020年年报","OPERATE_INCOME_SQ":137463455.92,"DPS_HKD":null,"OPERATE_INCOME_QOQ_SQ":0,"NET_PROFIT_RATIO_SQ":-46.1117532771,"HOLDER_PROFIT_SQ":-63386809.64,"HOLDER_PROFIT_QOQ_SQ":0,"ROE_AVG_SQ":-31.014041464812,"PE_TTM_SQ":-12.059087733307,"PB_TTM_SQ":2.692787732905,"ROA_SQ":-27.881696665074,"START_DATE":"2021-04-01 00:00:00","FISCAL_YEAR":"3-31","CURRENCY":"HKD","IS_CNY_CODE":0,"DPS_HKD_LY":null,"ORG_TYPE":"一般企业","PREMIUM_INCOME":null,"PREMIUM_INCOME_YOY":null,"NET_INTEREST_INCOME":null,"NET_INTEREST_INCOME_YOY":null,"FEE_COMMISSION_INCOME":null,"FEE_COMMISSION_INCOME_YOY":null,"ACCOUNTS_RECE_TDAYS":null,"INVENTORY_TDAYS":11.332652192422,"CURRENT_ASSETS_TDAYS":1.302972029653,"TOTAL_ASSETS_TDAYS":0.742229926797,"PREMIUM_EXPENSE":null,"LOAN_DEPOSIT":null,"LOAN_EQUITY":null,"LOAN_ASSETS":null,"DEPOSIT_EQUITY":null,"DEPOSIT_ASSETS":null,"EQUITY_MULTIPLIER":1.067755950428,"EQUITY_RATIO":0.067755950427},{"SECUCODE":"00442.HK","SECURITY_CODE":"00442","SECURITY_NAME_ABBR":"域能控股","ORG_CODE":"10436892","STD_REPORT_DATE":"2021-06-30 00:00:00","REPORT_DATE":"2021-09-30 00:00:00","DATE_TYPE_CODE":"002","REPORT_TYPE":"2021年中报","PER_NETCASH_OPERATE":0.160192707995,"PER_OI":0.332282825608,"BPS":0.664296611697,"BASIC_EPS":-0.3248934,"DILUTED_EPS":-0.3248934,"OPERATE_INCOME":57352015.7,"OPERATE_INCOME_YOY":74.2029352227,"GROSS_PROFIT":2982354.8,"GROSS_PROFIT_YOY":11.132162349856,"HOLDER_PROFIT":-56629752.68,"HOLDER_PROFIT_YOY":24.3697292005,"GROSS_PROFIT_RATIO":5.200087152299,"EPS_TTM":-0.367246869293,"OPERATE_INCOME_QOQ":0,"NET_PROFIT_RATIO":-98.7406492846,"ROE_AVG":-39.63188717581,"GROSS_PROFIT_QOQ":0,"ROA":-34.401647764941,"HOLDER_PROFIT_QOQ":0,"ROE_YEARLY":-79.26377435162,"ROIC_YEARLY":-100.185329152681,"TOTAL_ASSETS":138867769.76,"TOTAL_LIABILITIES":24143744.92,"TAX_EBT":null,"OCF_SALES":48.209746532065,"TOTAL_PARENT_EQUITY":114724024.84,"DEBT_ASSET_RATIO":17.3861400394,"OPERATE_PROFIT":-3637139.96,"PRETAX_PROFIT":-56629752.68,"NETCASH_OPERATE":27649261.4,"NETCASH_INVEST":13277310.28,"NETCASH_FINANCE":-89137.42,"END_CASH":72126334.8,"DIVI_RATIO":null,"DIVIDEND_RATE":null,"CURRENT_RATIO":4.586838006231,"COMMON_ACS":2000000000,"CURRENTDEBT_DEBT":97.46739355462,"ISSUED_COMMON_SHARES":172700000,"HK_COMMON_SHARES":172700000,"PER_SHARES":1000,"TOTAL_MARKET_CAP":138160000,"HKSK_MARKET_CAP":138160000,"PE_TTM":-11.789401826094,"PB_TTM":1.761009495889,"REPORT_DATE_SQ":"2020-06-30 00:00:00","REPORT_TYPE_SQ":"2020年中报","OPERATE_INCOME_SQ":34727014.4,"DPS_HKD":null,"OPERATE_INCOME_QOQ_SQ":0,"NET_PROFIT_RATIO_SQ":-227.4342105263,"HOLDER_PROFIT_SQ":-78981111.04,"HOLDER_PROFIT_QOQ_SQ":0,"ROE_AVG_SQ":-38.432873315018,"PE_TTM_SQ":-12.059087733307,"PB_TTM_SQ":2.692787732905,"ROA_SQ":-33.778606231315,"START_DATE":"2021-04-01 00:00:00","FISCAL_YEAR":"3-31","CURRENCY":"HKD","IS_CNY_CODE":0,"DPS_HKD_LY":null,"ORG_TYPE":"一般企业","PREMIUM_INCOME":null,"PREMIUM_INCOME_YOY":null,"NET_INTEREST_INCOME":null,"NET_INTEREST_INCOME_YOY":null,"FEE_COMMISSION_INCOME":null,"FEE_COMMISSION_INCOME_YOY":null,"ACCOUNTS_RECE_TDAYS":1.588706327595,"INVENTORY_TDAYS":4.74051207554,"CURRENT_ASSETS_TDAYS":0.56894343209,"TOTAL_ASSETS_TDAYS":0.348404107267,"PREMIUM_EXPENSE":null,"LOAN_DEPOSIT":null,"LOAN_EQUITY":null,"LOAN_ASSETS":null,"DEPOSIT_EQUITY":null,"DEPOSIT_ASSETS":null,"EQUITY_MULTIPLIER":1.210450644089,"EQUITY_RATIO":0.210450644088},{"SECUCODE":"00442.HK","SECURITY_CODE":"00442","SECURITY_NAME_ABBR":"域能控股","ORG_CODE":"10436892","STD_REPORT_DATE":"2020-12-31 00:00:00","REPORT_DATE":"2021-03-31 00:00:00","DATE_TYPE_CODE":"001","REPORT_TYPE":"2020年年报","PER_NETCASH_OPERATE":0.072902895944,"PER_OI":0.796427902202,"BPS":1.004883294383,"BASIC_EPS":-0.3634274,"DILUTED_EPS":-0.3634274,"OPERATE_INCOME":137463455.92,"OPERATE_INCOME_YOY":5.5869330944,"GROSS_PROFIT":5932318.42,"GROSS_PROFIT_YOY":-26.925913172271,"HOLDER_PROFIT":-63386809.64,"HOLDER_PROFIT_YOY":-10.7897302567,"GROSS_PROFIT_RATIO":4.315560364969,"EPS_TTM":-0.618579995191,"OPERATE_INCOME_QOQ":0,"NET_PROFIT_RATIO":-46.1117532771,"ROE_AVG":-31.014041464812,"GROSS_PROFIT_QOQ":0,"ROA":-27.881696665074,"HOLDER_PROFIT_QOQ":0,"ROE_YEARLY":-31.014041464812,"ROIC_YEARLY":-31.7220230731,"TOTAL_ASSETS":193128701.08,"TOTAL_LIABILITIES":19585356.14,"TAX_EBT":-0.43657595886,"OCF_SALES":9.15373453678,"TOTAL_PARENT_EQUITY":173543344.94,"DEBT_ASSET_RATIO":10.1410903871,"OPERATE_PROFIT":-62799409.54,"PRETAX_PROFIT":-63111280.96,"NETCASH_OPERATE":12583039.84,"NETCASH_INVEST":2850792.14,"NETCASH_FINANCE":-8608158.3,"END_CASH":31451683.34,"DIVI_RATIO":null,"DIVIDEND_RATE":null,"CURRENT_RATIO":5.026644016273,"COMMON_ACS":2000000000,"CURRENTDEBT_DEBT":96.53044491434,"ISSUED_COMMON_SHARES":172700000,"HK_COMMON_SHARES":172700000,"PER_SHARES":1000,"TOTAL_MARKET_CAP":138160000,"HKSK_MARKET_CAP":138160000,"PE_TTM":-11.789401826094,"PB_TTM":1.761009495889,"REPORT_DATE_SQ":"2019-12-31 00:00:00","REPORT_TYPE_SQ":"2019年年报","OPERATE_INCOME_SQ":140744520.6,"DPS_HKD":null,"OPERATE_INCOME_QOQ_SQ":0,"NET_PROFIT_RATIO_SQ":-43.9462989652,"HOLDER_PROFIT_SQ":-61852007.8,"HOLDER_PROFIT_QOQ_SQ":0,"ROE_AVG_SQ":-21.633800296253,"PE_TTM_SQ":-12.059087733307,"PB_TTM_SQ":2.692787732905,"ROA_SQ":-19.697498748792,"START_DATE":"2020-04-01 00:00:00","FISCAL_YEAR":"3-31","CURRENCY":"HKD","IS_CNY_CODE":0,"DPS_HKD_LY":null,"ORG_TYPE":"一般企业","PREMIUM_INCOME":null,"PREMIUM_INCOME_YOY":null,"NET_INTEREST_INCOME":null,"NET_INTEREST_INCOME_YOY":null,"FEE_COMMISSION_INCOME":null,"FEE_COMMISSION_INCOME_YOY":null,"ACCOUNTS_RECE_TDAYS":2.501311064461,"INVENTORY_TDAYS":7.761651829131,"CURRENT_ASSETS_TDAYS":0.81453751443,"TOTAL_ASSETS_TDAYS":0.604654880449,"PREMIUM_EXPENSE":null,"LOAN_DEPOSIT":null,"LOAN_EQUITY":null,"LOAN_ASSETS":null,"DEPOSIT_EQUITY":null,"DEPOSIT_ASSETS":null,"EQUITY_MULTIPLIER":1.112855702688,"EQUITY_RATIO":0.112855702688},{"SECUCODE":"00442.HK","SECURITY_CODE":"00442","SECURITY_NAME_ABBR":"域能控股","ORG_CODE":"10436892","STD_REPORT_DATE":"2020-06-30 00:00:00","REPORT_DATE":"2020-09-30 00:00:00","DATE_TYPE_CODE":"002","REPORT_TYPE":"2020年中报","PER_NETCASH_OPERATE":0.189469545307,"PER_OI":0.201199388181,"BPS":0.96383932183,"BASIC_EPS":-0.4569344,"DILUTED_EPS":-0.4569344,"OPERATE_INCOME":34727014.4,"OPERATE_INCOME_YOY":-59.6738808788,"GROSS_PROFIT":2683610.88,"GROSS_PROFIT_YOY":-40.258124993405,"HOLDER_PROFIT":-78981111.04,"HOLDER_PROFIT_YOY":-137.9908385628,"GROSS_PROFIT_RATIO":7.727732793522,"EPS_TTM":-0.358354622248,"OPERATE_INCOME_QOQ":0,"NET_PROFIT_RATIO":-227.4342105263,"ROE_AVG":-38.432873315018,"GROSS_PROFIT_QOQ":0,"ROA":-33.778606231315,"HOLDER_PROFIT_QOQ":0,"ROE_YEARLY":-76.865746630036,"ROIC_YEARLY":-80.244083715179,"TOTAL_ASSETS":195705003.52,"TOTAL_LIABILITIES":29249952.64,"TAX_EBT":null,"OCF_SALES":94.17004048583,"TOTAL_PARENT_EQUITY":166455050.88,"DEBT_ASSET_RATIO":14.9459401211,"OPERATE_PROFIT":-10062222.72,"PRETAX_PROFIT":-78981111.04,"NETCASH_OPERATE":32702443.52,"NETCASH_INVEST":336549.76,"NETCASH_FINANCE":-8828499.84,"END_CASH":49406032,"DIVI_RATIO":null,"DIVIDEND_RATE":null,"CURRENT_RATIO":3.895518685067,"COMMON_ACS":2000000000,"CURRENTDEBT_DEBT":96.869648811849,"ISSUED_COMMON_SHARES":172700000,"HK_COMMON_SHARES":172700000,"PER_SHARES":1000,"TOTAL_MARKET_CAP":138160000,"HKSK_MARKET_CAP":138160000,"PE_TTM":-11.789401826094,"PB_TTM":1.761009495889,"REPORT_DATE_SQ":"2019-06-30 00:00:00","REPORT_TYPE_SQ":"2019年中报","OPERATE_INCOME_SQ":88397882.01,"DPS_HKD":null,"OPERATE_INCOME_QOQ_SQ":0,"NET_PROFIT_RATIO_SQ":-38.5373618637,"HOLDER_PROFIT_SQ":-34066211.67,"HOLDER_PROFIT_QOQ_SQ":0,"ROE_AVG_SQ":-11.512293557847,"PE_TTM_SQ":-12.059087733307,"PB_TTM_SQ":2.692787732905,"ROA_SQ":-10.322236798951,"START_DATE":"2020-04-01 00:00:00","FISCAL_YEAR":"3-31","CURRENCY":"HKD","IS_CNY_CODE":0,"DPS_HKD_LY":null,"ORG_TYPE":"一般企业","PREMIUM_INCOME":null,"PREMIUM_INCOME_YOY":null,"NET_INTEREST_INCOME":null,"NET_INTEREST_INCOME_YOY":null,"FEE_COMMISSION_INCOME":null,"FEE_COMMISSION_INCOME_YOY":null,"ACCOUNTS_RECE_TDAYS":0.727379813002,"INVENTORY_TDAYS":1.405674196284,"CURRENT_ASSETS_TDAYS":0.19160143798,"TOTAL_ASSETS_TDAYS":0.148520339808,"PREMIUM_EXPENSE":null,"LOAN_DEPOSIT":null,"LOAN_EQUITY":null,"LOAN_ASSETS":null,"DEPOSIT_EQUITY":null,"DEPOSIT_ASSETS":null,"EQUITY_MULTIPLIER":1.17572283019,"EQUITY_RATIO":0.17572283019}],"count":24},"success":true,"message":"ok","code":0}