{"version":"209f09a4a880811097b0a2605f28b1c5","result":{"pages":6,"data":[{"SECUCODE":"00440.HK","SECURITY_CODE":"00440","SECURITY_NAME_ABBR":"大新金融","ORG_CODE":"10008905","STD_REPORT_DATE":"2024-06-30 00:00:00","REPORT_DATE":"2024-06-30 00:00:00","DATE_TYPE_CODE":"002","REPORT_TYPE":"2024年中报","PER_NETCASH_OPERATE":8.338109927463,"PER_OI":9.688978717804,"BPS":96.790798234656,"BASIC_EPS":3.1852532,"DILUTED_EPS":2.6650256,"OPERATE_INCOME":3096356342.64,"OPERATE_INCOME_YOY":19.7527146989,"GROSS_PROFIT":null,"GROSS_PROFIT_YOY":null,"HOLDER_PROFIT":1015248803.76,"HOLDER_PROFIT_YOY":20.666867709,"GROSS_PROFIT_RATIO":null,"EPS_TTM":5.031990314327,"OPERATE_INCOME_QOQ":8.561193132456,"NET_PROFIT_RATIO":43.3352846403,"ROE_AVG":3.341847461392,"GROSS_PROFIT_QOQ":null,"ROA":0.410356111996,"HOLDER_PROFIT_QOQ":11.457708207058,"ROE_YEARLY":6.683694922784,"ROIC_YEARLY":0.8988931726,"TOTAL_ASSETS":248582916913.44,"TOTAL_LIABILITIES":209886313503.8,"TAX_EBT":11.334013620212,"OCF_SALES":86.057676152612,"TOTAL_PARENT_EQUITY":30931929024.92,"DEBT_ASSET_RATIO":84.4331203889,"OPERATE_PROFIT":1104570970,"PRETAX_PROFIT":1513336612.32,"NETCASH_OPERATE":2664652313.88,"NETCASH_INVEST":-128785536.76,"NETCASH_FINANCE":-2615122995.64,"END_CASH":18399281981.6,"DIVI_RATIO":0.462215993019,"DIVIDEND_RATE":8.767123287671,"CURRENT_RATIO":null,"COMMON_ACS":null,"CURRENTDEBT_DEBT":null,"ISSUED_COMMON_SHARES":319575100,"HK_COMMON_SHARES":319575100,"PER_SHARES":400,"TOTAL_MARKET_CAP":9331592920,"HKSK_MARKET_CAP":9331592920,"PE_TTM":5.234777515055,"PB_TTM":0.275338735562,"REPORT_DATE_SQ":"2023-06-30 00:00:00","REPORT_TYPE_SQ":"2023年中报","OPERATE_INCOME_SQ":2611972105.94,"DPS_HKD":2.56,"OPERATE_INCOME_QOQ_SQ":4.045383105936,"NET_PROFIT_RATIO_SQ":42.5994960118,"HOLDER_PROFIT_SQ":849938326.76,"HOLDER_PROFIT_QOQ_SQ":12.379083883932,"ROE_AVG_SQ":3.067775559556,"PE_TTM_SQ":4.031613268865,"PB_TTM_SQ":0.16534710542,"ROA_SQ":0.355484059401,"START_DATE":"2024-01-01 00:00:00","FISCAL_YEAR":"12-31","CURRENCY":"HKD","IS_CNY_CODE":0,"DPS_HKD_LY":2.56,"ORG_TYPE":"银行","PREMIUM_INCOME":null,"PREMIUM_INCOME_YOY":null,"NET_INTEREST_INCOME":2368075122.52,"NET_INTEREST_INCOME_YOY":11.237970051172,"FEE_COMMISSION_INCOME":542819168.04,"FEE_COMMISSION_INCOME_YOY":null,"ACCOUNTS_RECE_TDAYS":null,"INVENTORY_TDAYS":null,"CURRENT_ASSETS_TDAYS":null,"TOTAL_ASSETS_TDAYS":0.012515244986,"PREMIUM_EXPENSE":null,"LOAN_DEPOSIT":71.145239207082,"LOAN_EQUITY":3.484607668699,"LOAN_ASSETS":54.244468070505,"DEPOSIT_EQUITY":4.897878912961,"DEPOSIT_ASSETS":76.244691387734,"EQUITY_MULTIPLIER":6.423894993618,"EQUITY_RATIO":6.785425937539},{"SECUCODE":"00440.HK","SECURITY_CODE":"00440","SECURITY_NAME_ABBR":"大新金融","ORG_CODE":"10008905","STD_REPORT_DATE":"2023-12-31 00:00:00","REPORT_DATE":"2023-12-31 00:00:00","DATE_TYPE_CODE":"001","REPORT_TYPE":"2023年年报","PER_NETCASH_OPERATE":-5.951876418219,"PER_OI":17.704463610776,"BPS":92.675184927612,"BASIC_EPS":4.5220378,"DILUTED_EPS":3.7245642,"OPERATE_INCOME":5657905728.86,"OPERATE_INCOME_YOY":-10.628890224,"GROSS_PROFIT":null,"GROSS_PROFIT_YOY":null,"HOLDER_PROFIT":1442788330.9,"HOLDER_PROFIT_YOY":30.0329636763,"GROSS_PROFIT_RATIO":null,"EPS_TTM":4.514708220071,"OPERATE_INCOME_QOQ":-16.775455107225,"NET_PROFIT_RATIO":33.1370998523,"ROE_AVG":5.112502051141,"GROSS_PROFIT_QOQ":null,"ROA":0.601204322793,"HOLDER_PROFIT_QOQ":22.698478023023,"ROE_YEARLY":5.112502051141,"ROIC_YEARLY":0.666052799532,"TOTAL_ASSETS":244487789749.42,"TOTAL_LIABILITIES":207334052956.94,"TAX_EBT":12.177891805181,"OCF_SALES":-33.617942622088,"TOTAL_PARENT_EQUITY":29616681490.76,"DEBT_ASSET_RATIO":84.8034387196,"OPERATE_PROFIT":1486017743.56,"PRETAX_PROFIT":2134844983.18,"NETCASH_OPERATE":-1902071501.54,"NETCASH_INVEST":-40672059.82,"NETCASH_FINANCE":872372683,"END_CASH":18353230518.42,"DIVI_RATIO":0.515175352786,"DIVIDEND_RATE":9.04593639576,"CURRENT_RATIO":null,"COMMON_ACS":null,"CURRENTDEBT_DEBT":null,"ISSUED_COMMON_SHARES":319575100,"HK_COMMON_SHARES":319575100,"PER_SHARES":400,"TOTAL_MARKET_CAP":9043975330,"HKSK_MARKET_CAP":9043975330,"PE_TTM":5.073431632742,"PB_TTM":0.266852267685,"REPORT_DATE_SQ":"2022-12-31 00:00:00","REPORT_TYPE_SQ":"2022年年报","OPERATE_INCOME_SQ":6240331517.07,"DPS_HKD":2.56,"OPERATE_INCOME_QOQ_SQ":34.043037474345,"NET_PROFIT_RATIO_SQ":21.6508809544,"HOLDER_PROFIT_SQ":1093700136.06,"HOLDER_PROFIT_QOQ_SQ":-0.23884995316,"ROE_AVG_SQ":3.923359422957,"PE_TTM_SQ":4.016283940846,"PB_TTM_SQ":0.164718409201,"ROA_SQ":0.453688475204,"START_DATE":"2023-01-01 00:00:00","FISCAL_YEAR":"12-31","CURRENCY":"HKD","IS_CNY_CODE":0,"DPS_HKD_LY":1.17,"ORG_TYPE":"银行","PREMIUM_INCOME":null,"PREMIUM_INCOME_YOY":null,"NET_INTEREST_INCOME":4486601879.34,"NET_INTEREST_INCOME_YOY":11.722888075302,"FEE_COMMISSION_INCOME":771418868.78,"FEE_COMMISSION_INCOME_YOY":null,"ACCOUNTS_RECE_TDAYS":null,"INVENTORY_TDAYS":null,"CURRENT_ASSETS_TDAYS":null,"TOTAL_ASSETS_TDAYS":0.02357627456,"PREMIUM_EXPENSE":null,"LOAN_DEPOSIT":72.466232900749,"LOAN_EQUITY":3.650574736923,"LOAN_ASSETS":55.476182698495,"DEPOSIT_EQUITY":5.037621787133,"DEPOSIT_ASSETS":76.554528195879,"EQUITY_MULTIPLIER":6.58043607069,"EQUITY_RATIO":7.000583540112},{"SECUCODE":"00440.HK","SECURITY_CODE":"00440","SECURITY_NAME_ABBR":"大新金融","ORG_CODE":"10008905","STD_REPORT_DATE":"2023-06-30 00:00:00","REPORT_DATE":"2023-06-30 00:00:00","DATE_TYPE_CODE":"002","REPORT_TYPE":"2023年中报","PER_NETCASH_OPERATE":-4.679949685942,"PER_OI":8.17326539502,"BPS":87.989713294872,"BASIC_EPS":2.6645222,"DILUTED_EPS":2.5262252,"OPERATE_INCOME":2611972105.94,"OPERATE_INCOME_YOY":3.1993964681,"GROSS_PROFIT":null,"GROSS_PROFIT_YOY":null,"HOLDER_PROFIT":849938326.76,"HOLDER_PROFIT_YOY":9.4332007355,"GROSS_PROFIT_RATIO":null,"EPS_TTM":3.679514442896,"OPERATE_INCOME_QOQ":4.045383105936,"NET_PROFIT_RATIO":42.5994960118,"ROE_AVG":3.067775559556,"GROSS_PROFIT_QOQ":null,"ROA":0.355484059401,"HOLDER_PROFIT_QOQ":12.379083883932,"ROE_YEARLY":6.135551119113,"ROIC_YEARLY":0.788606684689,"TOTAL_ASSETS":238613016382.38,"TOTAL_LIABILITIES":203301312381.56,"TAX_EBT":7.818696494369,"OCF_SALES":-57.259240459682,"TOTAL_PARENT_EQUITY":28119321425.18,"DEBT_ASSET_RATIO":85.2012666634,"OPERATE_PROFIT":797682344.32,"PRETAX_PROFIT":1207063591.84,"NETCASH_OPERATE":-1495595388.88,"NETCASH_INVEST":-35586584.04,"NETCASH_FINANCE":-554955435.66,"END_CASH":18680374155.02,"DIVI_RATIO":0.632112317018,"DIVIDEND_RATE":9.04593639576,"CURRENT_RATIO":null,"COMMON_ACS":null,"CURRENTDEBT_DEBT":null,"ISSUED_COMMON_SHARES":319575100,"HK_COMMON_SHARES":319575100,"PER_SHARES":400,"TOTAL_MARKET_CAP":9043975330,"HKSK_MARKET_CAP":9043975330,"PE_TTM":5.073431632742,"PB_TTM":0.266852267685,"REPORT_DATE_SQ":"2022-06-30 00:00:00","REPORT_TYPE_SQ":"2022年中报","OPERATE_INCOME_SQ":2347645353.06,"DPS_HKD":2.56,"OPERATE_INCOME_QOQ_SQ":-0.864958563535,"NET_PROFIT_RATIO_SQ":38.228428316,"HOLDER_PROFIT_SQ":720409490.43,"HOLDER_PROFIT_QOQ_SQ":-1.953122993459,"ROE_AVG_SQ":2.797226116032,"PE_TTM_SQ":4.016283940846,"PB_TTM_SQ":0.164718409201,"ROA_SQ":0.321234837794,"START_DATE":"2023-01-01 00:00:00","FISCAL_YEAR":"12-31","CURRENCY":"HKD","IS_CNY_CODE":0,"DPS_HKD_LY":1.17,"ORG_TYPE":"银行","PREMIUM_INCOME":null,"PREMIUM_INCOME_YOY":null,"NET_INTEREST_INCOME":2150529413.76,"NET_INTEREST_INCOME_YOY":15.032457973299,"FEE_COMMISSION_INCOME":340180194.66,"FEE_COMMISSION_INCOME_YOY":null,"ACCOUNTS_RECE_TDAYS":null,"INVENTORY_TDAYS":null,"CURRENT_ASSETS_TDAYS":null,"TOTAL_ASSETS_TDAYS":0.010924492025,"PREMIUM_EXPENSE":null,"LOAN_DEPOSIT":72.918619114911,"LOAN_EQUITY":3.833757273101,"LOAN_ASSETS":56.734751561833,"DEPOSIT_EQUITY":5.257583480921,"DEPOSIT_ASSETS":77.805575929004,"EQUITY_MULTIPLIER":6.757335085746,"EQUITY_RATIO":7.229950869281},{"SECUCODE":"00440.HK","SECURITY_CODE":"00440","SECURITY_NAME_ABBR":"大新金融","ORG_CODE":"10008905","STD_REPORT_DATE":"2022-12-31 00:00:00","REPORT_DATE":"2022-12-31 00:00:00","DATE_TYPE_CODE":"001","REPORT_TYPE":"2022年年报","PER_NETCASH_OPERATE":15.885464834432,"PER_OI":19.526964137913,"BPS":82.514762851392,"BASIC_EPS":3.4212241,"DILUTED_EPS":3.215772,"OPERATE_INCOME":6240331517.07,"OPERATE_INCOME_YOY":21.6268858457,"GROSS_PROFIT":null,"GROSS_PROFIT_YOY":null,"HOLDER_PROFIT":1093700136.06,"HOLDER_PROFIT_YOY":-10.4731413233,"GROSS_PROFIT_RATIO":null,"EPS_TTM":3.274198645983,"OPERATE_INCOME_QOQ":34.043037474345,"NET_PROFIT_RATIO":21.6508809544,"ROE_AVG":3.923359422957,"GROSS_PROFIT_QOQ":null,"ROA":0.453688475204,"HOLDER_PROFIT_QOQ":-0.23884995316,"ROE_YEARLY":3.923359422957,"ROIC_YEARLY":0.498851402666,"TOTAL_ASSETS":231499027818.52,"TOTAL_LIABILITIES":198238086317.53,"TAX_EBT":18.872580120707,"OCF_SALES":77.694700438307,"TOTAL_PARENT_EQUITY":26441561998.74,"DEBT_ASSET_RATIO":85.7013577614,"OPERATE_PROFIT":1188840537.22,"PRETAX_PROFIT":1802132921.12,"NETCASH_OPERATE":5076599013.01,"NETCASH_INVEST":-34480222,"NETCASH_FINANCE":-692490595.37,"END_CASH":19140682275.12,"DIVI_RATIO":0.710362030982,"DIVIDEND_RATE":9.04593639576,"CURRENT_RATIO":null,"COMMON_ACS":null,"CURRENTDEBT_DEBT":null,"ISSUED_COMMON_SHARES":319575100,"HK_COMMON_SHARES":319575100,"PER_SHARES":400,"TOTAL_MARKET_CAP":9043975330,"HKSK_MARKET_CAP":9043975330,"PE_TTM":5.073431632742,"PB_TTM":0.266852267685,"REPORT_DATE_SQ":"2021-12-31 00:00:00","REPORT_TYPE_SQ":"2021年年报","OPERATE_INCOME_SQ":4917110990.4,"DPS_HKD":2.56,"OPERATE_INCOME_QOQ_SQ":1.067127730374,"NET_PROFIT_RATIO_SQ":28.8448488954,"HOLDER_PROFIT_SQ":1069751110.4,"HOLDER_PROFIT_QOQ_SQ":4.0922721,"ROE_AVG_SQ":4.467185305614,"PE_TTM_SQ":4.016283940846,"PB_TTM_SQ":0.164718409201,"ROA_SQ":0.511602828501,"START_DATE":"2022-01-01 00:00:00","FISCAL_YEAR":"12-31","CURRENCY":"HKD","IS_CNY_CODE":0,"DPS_HKD_LY":1.06,"ORG_TYPE":"银行","PREMIUM_INCOME":null,"PREMIUM_INCOME_YOY":null,"NET_INTEREST_INCOME":3958443824.16,"NET_INTEREST_INCOME_YOY":12.067674449481,"FEE_COMMISSION_INCOME":1997316882.47,"FEE_COMMISSION_INCOME_YOY":null,"ACCOUNTS_RECE_TDAYS":null,"INVENTORY_TDAYS":null,"CURRENT_ASSETS_TDAYS":null,"TOTAL_ASSETS_TDAYS":0.028330957569,"PREMIUM_EXPENSE":null,"LOAN_DEPOSIT":72.085678256562,"LOAN_EQUITY":3.844338062562,"LOAN_ASSETS":55.234056321454,"DEPOSIT_EQUITY":5.333012264766,"DEPOSIT_ASSETS":76.622787850965,"EQUITY_MULTIPLIER":6.993671030529,"EQUITY_RATIO":7.497215418929},{"SECUCODE":"00440.HK","SECURITY_CODE":"00440","SECURITY_NAME_ABBR":"大新金融","ORG_CODE":"10008905","STD_REPORT_DATE":"2022-06-30 00:00:00","REPORT_DATE":"2022-06-30 00:00:00","DATE_TYPE_CODE":"002","REPORT_TYPE":"2022年中报","PER_NETCASH_OPERATE":15.337133088341,"PER_OI":7.346146032842,"BPS":78.581707313242,"BASIC_EPS":2.2577016,"DILUTED_EPS":2.2577016,"OPERATE_INCOME":2347645353.06,"OPERATE_INCOME_YOY":-4.3339285697,"GROSS_PROFIT":null,"GROSS_PROFIT_YOY":null,"HOLDER_PROFIT":720409490.43,"HOLDER_PROFIT_YOY":-5.4747714542,"GROSS_PROFIT_RATIO":null,"EPS_TTM":3.282037791712,"OPERATE_INCOME_QOQ":-0.864958563535,"NET_PROFIT_RATIO":38.228428316,"ROE_AVG":2.797226116032,"GROSS_PROFIT_QOQ":null,"ROA":0.321234837794,"HOLDER_PROFIT_QOQ":-1.953122993459,"ROE_YEARLY":5.594452232063,"ROIC_YEARLY":0.712104622125,"TOTAL_ASSETS":224127883910.84,"TOTAL_LIABILITIES":192535866277.23,"TAX_EBT":13.956172645791,"OCF_SALES":196.548132759165,"TOTAL_PARENT_EQUITY":25112756972.8,"DEBT_ASSET_RATIO":85.9044679839,"OPERATE_PROFIT":718365586.33,"PRETAX_PROFIT":1117297183.1,"NETCASH_OPERATE":4901365840.42,"NETCASH_INVEST":-187909188.32,"NETCASH_FINANCE":-406269126.97,"END_CASH":18584696605.02,"DIVI_RATIO":0.708665331604,"DIVIDEND_RATE":9.04593639576,"CURRENT_RATIO":null,"COMMON_ACS":null,"CURRENTDEBT_DEBT":null,"ISSUED_COMMON_SHARES":319575100,"HK_COMMON_SHARES":319575100,"PER_SHARES":400,"TOTAL_MARKET_CAP":9043975330,"HKSK_MARKET_CAP":9043975330,"PE_TTM":5.073431632742,"PB_TTM":0.266852267685,"REPORT_DATE_SQ":"2021-06-30 00:00:00","REPORT_TYPE_SQ":"2021年中报","OPERATE_INCOME_SQ":2536253895.12,"DPS_HKD":2.56,"OPERATE_INCOME_QOQ_SQ":-2.407154001397,"NET_PROFIT_RATIO_SQ":38.2834621955,"HOLDER_PROFIT_SQ":733248865.92,"HOLDER_PROFIT_QOQ_SQ":5.431971714006,"ROE_AVG_SQ":3.046972616754,"PE_TTM_SQ":4.016283940846,"PB_TTM_SQ":0.164718409201,"ROA_SQ":0.34711061972,"START_DATE":"2022-01-01 00:00:00","FISCAL_YEAR":"12-31","CURRENCY":"HKD","IS_CNY_CODE":0,"DPS_HKD_LY":1.06,"ORG_TYPE":"银行","PREMIUM_INCOME":null,"PREMIUM_INCOME_YOY":null,"NET_INTEREST_INCOME":1734067907.81,"NET_INTEREST_INCOME_YOY":3.022544861852,"FEE_COMMISSION_INCOME":406381156.86,"FEE_COMMISSION_INCOME_YOY":null,"ACCOUNTS_RECE_TDAYS":null,"INVENTORY_TDAYS":null,"CURRENT_ASSETS_TDAYS":null,"TOTAL_ASSETS_TDAYS":0.011245380867,"PREMIUM_EXPENSE":null,"LOAN_DEPOSIT":74.115149917051,"LOAN_EQUITY":3.930445307352,"LOAN_ASSETS":55.401717667221,"DEPOSIT_EQUITY":5.303160435823,"DEPOSIT_ASSETS":74.750867709538,"EQUITY_MULTIPLIER":7.094446657691,"EQUITY_RATIO":7.666854996676},{"SECUCODE":"00440.HK","SECURITY_CODE":"00440","SECURITY_NAME_ABBR":"大新金融","ORG_CODE":"10008905","STD_REPORT_DATE":"2021-12-31 00:00:00","REPORT_DATE":"2021-12-31 00:00:00","DATE_TYPE_CODE":"001","REPORT_TYPE":"2021年年报","PER_NETCASH_OPERATE":-6.407385221189,"PER_OI":15.386402102041,"BPS":77.24410169378,"BASIC_EPS":3.343984,"DILUTED_EPS":3.343984,"OPERATE_INCOME":4917110990.4,"OPERATE_INCOME_YOY":1.5344431743,"GROSS_PROFIT":null,"GROSS_PROFIT_YOY":null,"HOLDER_PROFIT":1069751110.4,"HOLDER_PROFIT_YOY":12.9734266314,"GROSS_PROFIT_RATIO":null,"EPS_TTM":3.347416962085,"OPERATE_INCOME_QOQ":1.067127730374,"NET_PROFIT_RATIO":28.8448488954,"ROE_AVG":4.467185305614,"GROSS_PROFIT_QOQ":null,"ROA":0.511602828501,"HOLDER_PROFIT_QOQ":4.0922721,"ROE_YEARLY":4.467185305614,"ROIC_YEARLY":0.55957522229,"TOTAL_ASSETS":209739736606.4,"TOTAL_LIABILITIES":178812915299.2,"TAX_EBT":15.69375009416,"OCF_SALES":-41.643167640465,"TOTAL_PARENT_EQUITY":24685291523.2,"DEBT_ASSET_RATIO":85.2546676144,"OPERATE_PROFIT":1084681304,"PRETAX_PROFIT":1682358350.4,"NETCASH_OPERATE":-2047640772.8,"NETCASH_INVEST":-76479121.6,"NETCASH_FINANCE":-386337257.6,"END_CASH":13775928812.8,"DIVI_RATIO":0.694824226066,"DIVIDEND_RATE":9.04593639576,"CURRENT_RATIO":null,"COMMON_ACS":null,"CURRENTDEBT_DEBT":null,"ISSUED_COMMON_SHARES":319575100,"HK_COMMON_SHARES":319575100,"PER_SHARES":400,"TOTAL_MARKET_CAP":9043975330,"HKSK_MARKET_CAP":9043975330,"PE_TTM":5.073431632742,"PB_TTM":0.266852267685,"REPORT_DATE_SQ":"2020-12-31 00:00:00","REPORT_TYPE_SQ":"2020年年报","OPERATE_INCOME_SQ":4985194473.24,"DPS_HKD":2.56,"OPERATE_INCOME_QOQ_SQ":-6.69175781806,"NET_PROFIT_RATIO_SQ":26.0506878809,"HOLDER_PROFIT_SQ":974747049.28,"HOLDER_PROFIT_QOQ_SQ":-20.774059361855,"ROE_AVG_SQ":4.196864360868,"PE_TTM_SQ":4.016283940846,"PB_TTM_SQ":0.164718409201,"ROA_SQ":0.458426164323,"START_DATE":"2021-01-01 00:00:00","FISCAL_YEAR":"12-31","CURRENCY":"HKD","IS_CNY_CODE":0,"DPS_HKD_LY":1,"ORG_TYPE":"银行","PREMIUM_INCOME":null,"PREMIUM_INCOME_YOY":null,"NET_INTEREST_INCOME":3232974360,"NET_INTEREST_INCOME_YOY":6.319206732844,"FEE_COMMISSION_INCOME":969549324.8,"FEE_COMMISSION_INCOME_YOY":null,"ACCOUNTS_RECE_TDAYS":null,"INVENTORY_TDAYS":null,"CURRENT_ASSETS_TDAYS":null,"TOTAL_ASSETS_TDAYS":0.023515824067,"PREMIUM_EXPENSE":null,"LOAN_DEPOSIT":78.682723766131,"LOAN_EQUITY":4.054573734017,"LOAN_ASSETS":59.786037389814,"DEPOSIT_EQUITY":5.153067331614,"DEPOSIT_ASSETS":75.983690609792,"EQUITY_MULTIPLIER":6.781807109188,"EQUITY_RATIO":7.243702798938},{"SECUCODE":"00440.HK","SECURITY_CODE":"00440","SECURITY_NAME_ABBR":"大新金融","ORG_CODE":"10008905","STD_REPORT_DATE":"2021-06-30 00:00:00","REPORT_DATE":"2021-06-30 00:00:00","DATE_TYPE_CODE":"002","REPORT_TYPE":"2021年中报","PER_NETCASH_OPERATE":-6.512374310264,"PER_OI":7.936331382264,"BPS":76.696164657134,"BASIC_EPS":2.2965408,"DILUTED_EPS":2.2965408,"OPERATE_INCOME":2536253895.12,"OPERATE_INCOME_YOY":4.8184832782,"GROSS_PROFIT":null,"GROSS_PROFIT_YOY":null,"HOLDER_PROFIT":733248865.92,"HOLDER_PROFIT_YOY":18.3219472373,"GROSS_PROFIT_RATIO":null,"EPS_TTM":3.215816980985,"OPERATE_INCOME_QOQ":-2.407154001397,"NET_PROFIT_RATIO":38.2834621955,"ROE_AVG":3.046972616754,"GROSS_PROFIT_QOQ":null,"ROA":0.34711061972,"HOLDER_PROFIT_QOQ":5.431971714006,"ROE_YEARLY":6.093945233507,"ROIC_YEARLY":0.765216881617,"TOTAL_ASSETS":210339107641.68,"TOTAL_LIABILITIES":179607004179.84,"TAX_EBT":15.612052962221,"OCF_SALES":-82.057741752291,"TOTAL_PARENT_EQUITY":24510184489.92,"DEBT_ASSET_RATIO":85.3892584187,"OPERATE_PROFIT":776254088.64,"PRETAX_PROFIT":1150597727.76,"NETCASH_OPERATE":-2081192671.44,"NETCASH_INVEST":-152361336.72,"NETCASH_FINANCE":-422512750.32,"END_CASH":13914747363.84,"DIVI_RATIO":0.723258324013,"DIVIDEND_RATE":9.04593639576,"CURRENT_RATIO":null,"COMMON_ACS":null,"CURRENTDEBT_DEBT":null,"ISSUED_COMMON_SHARES":319575100,"HK_COMMON_SHARES":319575100,"PER_SHARES":400,"TOTAL_MARKET_CAP":9043975330,"HKSK_MARKET_CAP":9043975330,"PE_TTM":5.073431632742,"PB_TTM":0.266852267685,"REPORT_DATE_SQ":"2020-06-30 00:00:00","REPORT_TYPE_SQ":"2020年中报","OPERATE_INCOME_SQ":2656255203.36,"DPS_HKD":2.56,"OPERATE_INCOME_QOQ_SQ":0.655020024613,"NET_PROFIT_RATIO_SQ":33.9848189578,"HOLDER_PROFIT_SQ":680300881.92,"HOLDER_PROFIT_QOQ_SQ":-19.57633411717,"ROE_AVG_SQ":2.780584118001,"PE_TTM_SQ":4.016283940846,"PB_TTM_SQ":0.164718409201,"ROA_SQ":0.291920849206,"START_DATE":"2021-01-01 00:00:00","FISCAL_YEAR":"12-31","CURRENCY":"HKD","IS_CNY_CODE":0,"DPS_HKD_LY":1,"ORG_TYPE":"银行","PREMIUM_INCOME":null,"PREMIUM_INCOME_YOY":null,"NET_INTEREST_INCOME":1637707344.72,"NET_INTEREST_INCOME_YOY":5.110172388012,"FEE_COMMISSION_INCOME":528848413.92,"FEE_COMMISSION_INCOME_YOY":null,"ACCOUNTS_RECE_TDAYS":null,"INVENTORY_TDAYS":null,"CURRENT_ASSETS_TDAYS":null,"TOTAL_ASSETS_TDAYS":0.012006301028,"PREMIUM_EXPENSE":null,"LOAN_DEPOSIT":78.815111008419,"LOAN_EQUITY":4.037598290337,"LOAN_ASSETS":58.992305229031,"DEPOSIT_EQUITY":5.12287331538,"DEPOSIT_ASSETS":74.848978164517,"EQUITY_MULTIPLIER":6.844279562646,"EQUITY_RATIO":7.327851989597},{"SECUCODE":"00440.HK","SECURITY_CODE":"00440","SECURITY_NAME_ABBR":"大新金融","ORG_CODE":"10008905","STD_REPORT_DATE":"2020-12-31 00:00:00","REPORT_DATE":"2020-12-31 00:00:00","DATE_TYPE_CODE":"001","REPORT_TYPE":"2020年年报","PER_NETCASH_OPERATE":-9.030215635699,"PER_OI":15.599445868092,"BPS":74.758177200915,"BASIC_EPS":3.0467368,"DILUTED_EPS":3.0467368,"OPERATE_INCOME":4985194473.24,"OPERATE_INCOME_YOY":-0.0390346543,"GROSS_PROFIT":null,"GROSS_PROFIT_YOY":null,"HOLDER_PROFIT":974747049.28,"HOLDER_PROFIT_YOY":-32.1849223186,"GROSS_PROFIT_RATIO":null,"EPS_TTM":3.050134535763,"OPERATE_INCOME_QOQ":-6.69175781806,"NET_PROFIT_RATIO":26.0506878809,"ROE_AVG":4.196864360868,"GROSS_PROFIT_QOQ":null,"ROA":0.458426164323,"HOLDER_PROFIT_QOQ":-20.774059361855,"ROE_YEARLY":4.196864360868,"ROIC_YEARLY":0.507511651358,"TOTAL_ASSETS":214585461045.64,"TOTAL_LIABILITIES":184546513896.48,"TAX_EBT":18.173921620409,"OCF_SALES":-57.888053922286,"TOTAL_PARENT_EQUITY":23890851954.8,"DEBT_ASSET_RATIO":86.0014061518,"OPERATE_PROFIT":961309425.04,"PRETAX_PROFIT":1587119263.44,"NETCASH_OPERATE":-3005670659.48,"NETCASH_INVEST":2230346,"NETCASH_FINANCE":-2309394512.08,"END_CASH":16776969810.6,"DIVI_RATIO":0.762545511593,"DIVIDEND_RATE":9.04593639576,"CURRENT_RATIO":null,"COMMON_ACS":null,"CURRENTDEBT_DEBT":null,"ISSUED_COMMON_SHARES":319575100,"HK_COMMON_SHARES":319575100,"PER_SHARES":400,"TOTAL_MARKET_CAP":9043975330,"HKSK_MARKET_CAP":9043975330,"PE_TTM":5.073431632742,"PB_TTM":0.266852267685,"REPORT_DATE_SQ":"2019-12-31 00:00:00","REPORT_TYPE_SQ":"2019年年报","OPERATE_INCOME_SQ":5307947973.12,"DPS_HKD":2.56,"OPERATE_INCOME_QOQ_SQ":-2.129951265337,"NET_PROFIT_RATIO_SQ":38.5366544348,"HOLDER_PROFIT_SQ":1529821146.02,"HOLDER_PROFIT_QOQ_SQ":-14.073638992904,"ROE_AVG_SQ":6.538239570088,"PE_TTM_SQ":4.016283940846,"PB_TTM_SQ":0.164718409201,"ROA_SQ":0.700476566216,"START_DATE":"2020-01-01 00:00:00","FISCAL_YEAR":"12-31","CURRENCY":"HKD","IS_CNY_CODE":0,"DPS_HKD_LY":1.35,"ORG_TYPE":"银行","PREMIUM_INCOME":null,"PREMIUM_INCOME_YOY":null,"NET_INTEREST_INCOME":3130228329.64,"NET_INTEREST_INCOME_YOY":-9.838513237677,"FEE_COMMISSION_INCOME":986859932.16,"FEE_COMMISSION_INCOME_YOY":null,"ACCOUNTS_RECE_TDAYS":null,"INVENTORY_TDAYS":null,"CURRENT_ASSETS_TDAYS":null,"TOTAL_ASSETS_TDAYS":0.023445503964,"PREMIUM_EXPENSE":null,"LOAN_DEPOSIT":77.885076064101,"LOAN_EQUITY":4.144040107177,"LOAN_ASSETS":58.010734351198,"DEPOSIT_EQUITY":5.320711382199,"DEPOSIT_ASSETS":74.482477623126,"EQUITY_MULTIPLIER":7.14357463931,"EQUITY_RATIO":7.72456814205},{"SECUCODE":"00440.HK","SECURITY_CODE":"00440","SECURITY_NAME_ABBR":"大新金融","ORG_CODE":"10008905","STD_REPORT_DATE":"2020-06-30 00:00:00","REPORT_DATE":"2020-06-30 00:00:00","DATE_TYPE_CODE":"002","REPORT_TYPE":"2020年中报","PER_NETCASH_OPERATE":9.029106118468,"PER_OI":8.311834067673,"BPS":76.499260531374,"BASIC_EPS":2.1283152,"DILUTED_EPS":2.1283152,"OPERATE_INCOME":2656255203.36,"OPERATE_INCOME_YOY":-2.4208805435,"GROSS_PROFIT":null,"GROSS_PROFIT_YOY":null,"HOLDER_PROFIT":680300881.92,"HOLDER_PROFIT_YOY":-33.133959586,"GROSS_PROFIT_RATIO":null,"EPS_TTM":3.849918992687,"OPERATE_INCOME_QOQ":0.655020024613,"NET_PROFIT_RATIO":33.9848189578,"ROE_AVG":2.780584118001,"GROSS_PROFIT_QOQ":null,"ROA":0.291920849206,"HOLDER_PROFIT_QOQ":-19.57633411717,"ROE_YEARLY":5.561168236002,"ROIC_YEARLY":0.64860805359,"TOTAL_ASSETS":237440873329.44,"TOTAL_LIABILITIES":206633934645.6,"TAX_EBT":14.061186103601,"OCF_SALES":108.62952803142,"TOTAL_PARENT_EQUITY":24447258834.24,"DEBT_ASSET_RATIO":87.0254273193,"OPERATE_PROFIT":661904200.32,"PRETAX_PROFIT":1050425856.48,"NETCASH_OPERATE":2885477490.72,"NETCASH_INVEST":-46771781.76,"NETCASH_FINANCE":-2241050137.92,"END_CASH":24271907584.32,"DIVI_RATIO":0.604133854353,"DIVIDEND_RATE":9.04593639576,"CURRENT_RATIO":null,"COMMON_ACS":null,"CURRENTDEBT_DEBT":null,"ISSUED_COMMON_SHARES":319575100,"HK_COMMON_SHARES":319575100,"PER_SHARES":400,"TOTAL_MARKET_CAP":9043975330,"HKSK_MARKET_CAP":9043975330,"PE_TTM":5.073431632742,"PB_TTM":0.266852267685,"REPORT_DATE_SQ":"2019-06-30 00:00:00","REPORT_TYPE_SQ":"2019年中报","OPERATE_INCOME_SQ":2621487081.24,"DPS_HKD":2.56,"OPERATE_INCOME_QOQ_SQ":0.748302172707,"NET_PROFIT_RATIO_SQ":49.0604721833,"HOLDER_PROFIT_SQ":979783780.86,"HOLDER_PROFIT_QOQ_SQ":6.096526690688,"ROE_AVG_SQ":4.318234298059,"PE_TTM_SQ":4.016283940846,"PB_TTM_SQ":0.164718409201,"ROA_SQ":0.467452264604,"START_DATE":"2020-01-01 00:00:00","FISCAL_YEAR":"12-31","CURRENCY":"HKD","IS_CNY_CODE":0,"DPS_HKD_LY":1.35,"ORG_TYPE":"银行","PREMIUM_INCOME":null,"PREMIUM_INCOME_YOY":null,"NET_INTEREST_INCOME":1710434668.8,"NET_INTEREST_INCOME_YOY":-9.411303123233,"FEE_COMMISSION_INCOME":522151534.08,"FEE_COMMISSION_INCOME_YOY":null,"ACCOUNTS_RECE_TDAYS":null,"INVENTORY_TDAYS":null,"CURRENT_ASSETS_TDAYS":null,"TOTAL_ASSETS_TDAYS":0.011398137137,"PREMIUM_EXPENSE":null,"LOAN_DEPOSIT":79.553214909312,"LOAN_EQUITY":4.412845102482,"LOAN_ASSETS":57.254779510864,"DEPOSIT_EQUITY":5.5470355378,"DEPOSIT_ASSETS":71.970415747663,"EQUITY_MULTIPLIER":7.707382929748,"EQUITY_RATIO":8.452233276812}],"count":50},"success":true,"message":"ok","code":0}