{"version":"e6bf70121381cdc69577dad393286702","result":{"pages":6,"data":[{"SECUCODE":"00444.HK","SECURITY_CODE":"00444","SECURITY_NAME_ABBR":"SINCEREWATCH HK","ORG_CODE":"10008906","STD_REPORT_DATE":"2024-06-30 00:00:00","REPORT_DATE":"2024-09-30 00:00:00","DATE_TYPE_CODE":"002","REPORT_TYPE":"2024年中报","PER_NETCASH_OPERATE":0.001251236516,"PER_OI":0.005307982238,"BPS":-0.005998504847,"BASIC_EPS":-0.011272375,"DILUTED_EPS":-0.011272375,"OPERATE_INCOME":32081179.25,"OPERATE_INCOME_YOY":-60.5125871332,"GROSS_PROFIT":17918567.3,"GROSS_PROFIT_YOY":41.377113051076,"HOLDER_PROFIT":-68368307.06,"HOLDER_PROFIT_YOY":-35.4014859266,"GROSS_PROFIT_RATIO":55.853829936753,"EPS_TTM":-0.029533015462,"OPERATE_INCOME_QOQ":0,"NET_PROFIT_RATIO":-213.2508784259,"ROE_AVG":1830.59278039358,"GROSS_PROFIT_QOQ":0,"ROA":-11.080329980862,"HOLDER_PROFIT_QOQ":0,"ROE_YEARLY":3661.18556078715,"ROIC_YEARLY":-22.891927330043,"TOTAL_ASSETS":732759384.19,"TOTAL_LIABILITIES":768187106.13,"TAX_EBT":-0.005272871078,"OCF_SALES":23.572733661279,"TOTAL_PARENT_EQUITY":-36254663.37,"DEBT_ASSET_RATIO":104.8348370153,"OPERATE_PROFIT":-51325377.85,"PRETAX_PROFIT":-68409789.4,"NETCASH_OPERATE":7562410.94,"NETCASH_INVEST":-4215868.25,"NETCASH_FINANCE":-13706306.21,"END_CASH":11591608.66,"DIVI_RATIO":null,"DIVIDEND_RATE":null,"CURRENT_RATIO":0.598541407612,"COMMON_ACS":20000000000,"CURRENTDEBT_DEBT":69.95587235736,"ISSUED_COMMON_SHARES":6043950000,"HK_COMMON_SHARES":6043950000,"PER_SHARES":10000,"TOTAL_MARKET_CAP":60439500,"HKSK_MARKET_CAP":60439500,"PE_TTM":-0.278885464059,"PB_TTM":-1.503357958361,"REPORT_DATE_SQ":"2023-06-30 00:00:00","REPORT_TYPE_SQ":"2023年中报","OPERATE_INCOME_SQ":82671121.96,"DPS_HKD":null,"OPERATE_INCOME_QOQ_SQ":0,"NET_PROFIT_RATIO_SQ":-62.4617058118,"HOLDER_PROFIT_SQ":-51379938.96,"HOLDER_PROFIT_QOQ_SQ":0,"ROE_AVG_SQ":-26.906812240504,"PE_TTM_SQ":-0.59773875204,"PB_TTM_SQ":0.970598255304,"ROA_SQ":-7.51510954166,"START_DATE":"2024-04-01 00:00:00","FISCAL_YEAR":"3-31","CURRENCY":"HKD","IS_CNY_CODE":0,"DPS_HKD_LY":null,"ORG_TYPE":"一般企业","PREMIUM_INCOME":null,"PREMIUM_INCOME_YOY":null,"NET_INTEREST_INCOME":null,"NET_INTEREST_INCOME_YOY":null,"FEE_COMMISSION_INCOME":null,"FEE_COMMISSION_INCOME_YOY":null,"ACCOUNTS_RECE_TDAYS":0.214737350416,"INVENTORY_TDAYS":0.39459798995,"CURRENT_ASSETS_TDAYS":0.153687307351,"TOTAL_ASSETS_TDAYS":0.051993396875,"PREMIUM_EXPENSE":null,"LOAN_DEPOSIT":null,"LOAN_EQUITY":null,"LOAN_ASSETS":null,"DEPOSIT_EQUITY":null,"DEPOSIT_ASSETS":null,"EQUITY_MULTIPLIER":-20.683220485726,"EQUITY_RATIO":-21.188642638609},{"SECUCODE":"00444.HK","SECURITY_CODE":"00444","SECURITY_NAME_ABBR":"SINCEREWATCH HK","ORG_CODE":"10008906","STD_REPORT_DATE":"2023-12-31 00:00:00","REPORT_DATE":"2024-03-31 00:00:00","DATE_TYPE_CODE":"001","REPORT_TYPE":"2023年年报","PER_NETCASH_OPERATE":0.001217192937,"PER_OI":0.018846166472,"BPS":0.004787775544,"BASIC_EPS":-0.02955353,"DILUTED_EPS":-0.02955353,"OPERATE_INCOME":113905287.85,"OPERATE_INCOME_YOY":27.9344682931,"GROSS_PROFIT":-17248020.3,"GROSS_PROFIT_YOY":4.91848742854,"HOLDER_PROFIT":-178496068.8,"HOLDER_PROFIT_YOY":28.2710382514,"GROSS_PROFIT_RATIO":-15.142422819486,"EPS_TTM":-0.04117059926,"OPERATE_INCOME_QOQ":0,"NET_PROFIT_RATIO":-155.866833271,"ROE_AVG":-143.848331537324,"GROSS_PROFIT_QOQ":0,"ROA":-29.563364706571,"HOLDER_PROFIT_QOQ":0,"ROE_YEARLY":-143.848331537324,"ROIC_YEARLY":-31.834438156831,"TOTAL_ASSETS":503934827.1,"TOTAL_LIABILITIES":474239875.3,"TAX_EBT":0.003063600343,"OCF_SALES":6.458570439406,"TOTAL_PARENT_EQUITY":28937076,"DEBT_ASSET_RATIO":94.107382502,"OPERATE_PROFIT":-156877570.95,"PRETAX_PROFIT":-177546004.4,"NETCASH_OPERATE":7356653.25,"NETCASH_INVEST":-7684824.35,"NETCASH_FINANCE":-16261693.9,"END_CASH":21865986,"DIVI_RATIO":null,"DIVIDEND_RATE":null,"CURRENT_RATIO":0.365099269266,"COMMON_ACS":20000000000,"CURRENTDEBT_DEBT":55.641853014379,"ISSUED_COMMON_SHARES":6043950000,"HK_COMMON_SHARES":6043950000,"PER_SHARES":10000,"TOTAL_MARKET_CAP":60439500,"HKSK_MARKET_CAP":60439500,"PE_TTM":-0.278885464059,"PB_TTM":-1.503357958361,"REPORT_DATE_SQ":"2022-12-31 00:00:00","REPORT_TYPE_SQ":"2022年年报","OPERATE_INCOME_SQ":85975766.92,"DPS_HKD":null,"OPERATE_INCOME_QOQ_SQ":0,"NET_PROFIT_RATIO_SQ":-280.5960575082,"HOLDER_PROFIT_SQ":-240300045,"HOLDER_PROFIT_QOQ_SQ":0,"ROE_AVG_SQ":-69.60698047708,"PE_TTM_SQ":-0.661782189758,"PB_TTM_SQ":1.074590925515,"ROA_SQ":-30.596003459745,"START_DATE":"2023-04-01 00:00:00","FISCAL_YEAR":"3-31","CURRENCY":"HKD","IS_CNY_CODE":0,"DPS_HKD_LY":null,"ORG_TYPE":"一般企业","PREMIUM_INCOME":null,"PREMIUM_INCOME_YOY":null,"NET_INTEREST_INCOME":null,"NET_INTEREST_INCOME_YOY":null,"FEE_COMMISSION_INCOME":null,"FEE_COMMISSION_INCOME_YOY":null,"ACCOUNTS_RECE_TDAYS":3.550002119033,"INVENTORY_TDAYS":1.299701291409,"CURRENT_ASSETS_TDAYS":0.643124950414,"TOTAL_ASSETS_TDAYS":0.188655335065,"PREMIUM_EXPENSE":null,"LOAN_DEPOSIT":null,"LOAN_EQUITY":null,"LOAN_ASSETS":null,"DEPOSIT_EQUITY":null,"DEPOSIT_ASSETS":null,"EQUITY_MULTIPLIER":16.970387104532,"EQUITY_RATIO":16.38865914787},{"SECUCODE":"00444.HK","SECURITY_CODE":"00444","SECURITY_NAME_ABBR":"SINCEREWATCH HK","ORG_CODE":"10008906","STD_REPORT_DATE":"2023-06-30 00:00:00","REPORT_DATE":"2023-09-30 00:00:00","DATE_TYPE_CODE":"002","REPORT_TYPE":"2023年中报","PER_NETCASH_OPERATE":0.000598043427,"PER_OI":0.013678326584,"BPS":0.026471961864,"BASIC_EPS":-0.008533959,"DILUTED_EPS":-0.008533959,"OPERATE_INCOME":82671121.96,"OPERATE_INCOME_YOY":98.1176056648,"GROSS_PROFIT":12674305.56,"GROSS_PROFIT_YOY":3.108151113472,"HOLDER_PROFIT":-51379938.96,"HOLDER_PROFIT_YOY":-18.1914130114,"GROSS_PROFIT_RATIO":15.330994982906,"EPS_TTM":-0.039758774477,"OPERATE_INCOME_QOQ":0,"NET_PROFIT_RATIO":-62.4617058118,"ROE_AVG":-26.906812240504,"GROSS_PROFIT_QOQ":0,"ROA":-7.51510954166,"HOLDER_PROFIT_QOQ":0,"ROE_YEARLY":-53.813624481009,"ROIC_YEARLY":-16.572704260016,"TOTAL_ASSETS":655163043.99,"TOTAL_LIABILITIES":495738595.94,"TAX_EBT":0.010661170241,"OCF_SALES":4.372197309417,"TOTAL_PARENT_EQUITY":159995213.91,"DEBT_ASSET_RATIO":75.6664467704,"OPERATE_PROFIT":-43474556.51,"PRETAX_PROFIT":-51643298.77,"NETCASH_OPERATE":3614544.57,"NETCASH_INVEST":5763634.03,"NETCASH_FINANCE":5254349.38,"END_CASH":68114757.27,"DIVI_RATIO":null,"DIVIDEND_RATE":null,"CURRENT_RATIO":1.156855535713,"COMMON_ACS":20000000000,"CURRENTDEBT_DEBT":38.764766639888,"ISSUED_COMMON_SHARES":6043950000,"HK_COMMON_SHARES":6043950000,"PER_SHARES":10000,"TOTAL_MARKET_CAP":60439500,"HKSK_MARKET_CAP":60439500,"PE_TTM":-0.278885464059,"PB_TTM":-1.503357958361,"REPORT_DATE_SQ":"2022-06-30 00:00:00","REPORT_TYPE_SQ":"2022年中报","OPERATE_INCOME_SQ":41128504.56,"DPS_HKD":null,"OPERATE_INCOME_QOQ_SQ":0,"NET_PROFIT_RATIO_SQ":-104.5916347803,"HOLDER_PROFIT_SQ":-42846940.56,"HOLDER_PROFIT_QOQ_SQ":0,"ROE_AVG_SQ":-9.491609640674,"PE_TTM_SQ":-0.789869065195,"PB_TTM_SQ":1.282576265937,"ROA_SQ":-4.954501292119,"START_DATE":"2023-04-01 00:00:00","FISCAL_YEAR":"3-31","CURRENCY":"HKD","IS_CNY_CODE":0,"DPS_HKD_LY":null,"ORG_TYPE":"一般企业","PREMIUM_INCOME":null,"PREMIUM_INCOME_YOY":null,"NET_INTEREST_INCOME":null,"NET_INTEREST_INCOME_YOY":null,"FEE_COMMISSION_INCOME":null,"FEE_COMMISSION_INCOME_YOY":null,"ACCOUNTS_RECE_TDAYS":1.850698438784,"INVENTORY_TDAYS":0.531375390103,"CURRENT_ASSETS_TDAYS":0.342075187285,"TOTAL_ASSETS_TDAYS":0.120919282902,"PREMIUM_EXPENSE":null,"LOAN_DEPOSIT":null,"LOAN_EQUITY":null,"LOAN_ASSETS":null,"DEPOSIT_EQUITY":null,"DEPOSIT_ASSETS":null,"EQUITY_MULTIPLIER":4.109551903762,"EQUITY_RATIO":3.09845890902},{"SECUCODE":"00444.HK","SECURITY_CODE":"00444","SECURITY_NAME_ABBR":"SINCEREWATCH HK","ORG_CODE":"10008906","STD_REPORT_DATE":"2022-12-31 00:00:00","REPORT_DATE":"2023-03-31 00:00:00","DATE_TYPE_CODE":"001","REPORT_TYPE":"2022年年报","PER_NETCASH_OPERATE":0.001594841041,"PER_OI":0.014225095661,"BPS":0.035027552735,"BASIC_EPS":-0.039743614,"DILUTED_EPS":-0.039743614,"OPERATE_INCOME":85975766.92,"OPERATE_INCOME_YOY":-33.9613633766,"GROSS_PROFIT":-18140246.02,"GROSS_PROFIT_YOY":-139.352337564475,"HOLDER_PROFIT":-240300045,"HOLDER_PROFIT_YOY":-75.0425649953,"GROSS_PROFIT_RATIO":-21.099254673563,"EPS_TTM":-0.0236735456,"OPERATE_INCOME_QOQ":0,"NET_PROFIT_RATIO":-280.5960575082,"ROE_AVG":-69.60698047708,"GROSS_PROFIT_QOQ":0,"ROA":-30.596003459745,"HOLDER_PROFIT_QOQ":0,"ROE_YEARLY":-69.60698047708,"ROIC_YEARLY":-33.484899774023,"TOTAL_ASSETS":679445094.45,"TOTAL_LIABILITIES":468082602.41,"TAX_EBT":-0.020324981943,"OCF_SALES":11.211460921272,"TOTAL_PARENT_EQUITY":211704777.35,"DEBT_ASSET_RATIO":68.8918952,"OPERATE_PROFIT":-223430894.3,"PRETAX_PROFIT":-241195589.43,"NETCASH_OPERATE":9639139.51,"NETCASH_INVEST":-6392243.82,"NETCASH_FINANCE":-30768910.68,"END_CASH":45025837.94,"DIVI_RATIO":null,"DIVIDEND_RATE":null,"CURRENT_RATIO":1.052828903784,"COMMON_ACS":20000000000,"CURRENTDEBT_DEBT":50.53160551411,"ISSUED_COMMON_SHARES":6043950000,"HK_COMMON_SHARES":6043950000,"PER_SHARES":10000,"TOTAL_MARKET_CAP":60439500,"HKSK_MARKET_CAP":60439500,"PE_TTM":-0.278885464059,"PB_TTM":-1.503357958361,"REPORT_DATE_SQ":"2021-12-31 00:00:00","REPORT_TYPE_SQ":"2021年年报","OPERATE_INCOME_SQ":120612596.19,"DPS_HKD":null,"OPERATE_INCOME_QOQ_SQ":0,"NET_PROFIT_RATIO_SQ":-105.4465132229,"HOLDER_PROFIT_SQ":-127181777.19,"HOLDER_PROFIT_QOQ_SQ":0,"ROE_AVG_SQ":-24.646922179857,"PE_TTM_SQ":-0.726595081967,"PB_TTM_SQ":1.143919372322,"ROA_SQ":-14.359175802593,"START_DATE":"2022-04-01 00:00:00","FISCAL_YEAR":"3-31","CURRENCY":"HKD","IS_CNY_CODE":0,"DPS_HKD_LY":null,"ORG_TYPE":"一般企业","PREMIUM_INCOME":null,"PREMIUM_INCOME_YOY":null,"NET_INTEREST_INCOME":null,"NET_INTEREST_INCOME_YOY":null,"FEE_COMMISSION_INCOME":null,"FEE_COMMISSION_INCOME_YOY":null,"ACCOUNTS_RECE_TDAYS":1.925970957083,"INVENTORY_TDAYS":0.518298688282,"CURRENT_ASSETS_TDAYS":0.273218662282,"TOTAL_ASSETS_TDAYS":0.109467930484,"PREMIUM_EXPENSE":null,"LOAN_DEPOSIT":null,"LOAN_EQUITY":null,"LOAN_ASSETS":null,"DEPOSIT_EQUITY":null,"DEPOSIT_ASSETS":null,"EQUITY_MULTIPLIER":3.214596345323,"EQUITY_RATIO":2.211015775219},{"SECUCODE":"00444.HK","SECURITY_CODE":"00444","SECURITY_NAME_ABBR":"SINCEREWATCH HK","ORG_CODE":"10008906","STD_REPORT_DATE":"2022-06-30 00:00:00","REPORT_DATE":"2022-09-30 00:00:00","DATE_TYPE_CODE":"002","REPORT_TYPE":"2022年中报","PER_NETCASH_OPERATE":0.002936760728,"PER_OI":0.006804904832,"BPS":0.06754175564,"BASIC_EPS":-0.007054632,"DILUTED_EPS":-0.007054632,"OPERATE_INCOME":41128504.56,"OPERATE_INCOME_YOY":-33.9117544472,"GROSS_PROFIT":12292244.04,"GROSS_PROFIT_YOY":-41.14032206026,"HOLDER_PROFIT":-42846940.56,"HOLDER_PROFIT_YOY":-46.4556218506,"GROSS_PROFIT_RATIO":29.887408189295,"EPS_TTM":-0.021042824178,"OPERATE_INCOME_QOQ":0,"NET_PROFIT_RATIO":-104.5916347803,"ROE_AVG":-9.491609640674,"GROSS_PROFIT_QOQ":0,"ROA":-4.954501292119,"HOLDER_PROFIT_QOQ":0,"ROE_YEARLY":-18.983219281347,"ROIC_YEARLY":-10.53799988433,"TOTAL_ASSETS":808709548.2,"TOTAL_LIABILITIES":400155006.96,"TAX_EBT":-0.103129669775,"OCF_SALES":43.156529005586,"TOTAL_PARENT_EQUITY":408218994,"DEBT_ASSET_RATIO":49.4806828794,"OPERATE_PROFIT":-33940015.44,"PRETAX_PROFIT":-42972657.72,"NETCASH_OPERATE":17749635,"NETCASH_INVEST":-5220427.68,"NETCASH_FINANCE":-44033565.84,"END_CASH":21753590.88,"DIVI_RATIO":null,"DIVIDEND_RATE":null,"CURRENT_RATIO":1.782917055076,"COMMON_ACS":20000000000,"CURRENTDEBT_DEBT":47.038428330553,"ISSUED_COMMON_SHARES":6043950000,"HK_COMMON_SHARES":6043950000,"PER_SHARES":10000,"TOTAL_MARKET_CAP":60439500,"HKSK_MARKET_CAP":60439500,"PE_TTM":-0.278885464059,"PB_TTM":-1.503357958361,"REPORT_DATE_SQ":"2021-06-30 00:00:00","REPORT_TYPE_SQ":"2021年中报","OPERATE_INCOME_SQ":57321192.48,"DPS_HKD":null,"OPERATE_INCOME_QOQ_SQ":0,"NET_PROFIT_RATIO_SQ":-47.0105220323,"HOLDER_PROFIT_SQ":-26946991.82,"HOLDER_PROFIT_QOQ_SQ":0,"ROE_AVG_SQ":-4.640766349817,"PE_TTM_SQ":-0.726595081967,"PB_TTM_SQ":1.143919372322,"ROA_SQ":-2.804877731541,"START_DATE":"2022-04-01 00:00:00","FISCAL_YEAR":"3-31","CURRENCY":"HKD","IS_CNY_CODE":0,"DPS_HKD_LY":null,"ORG_TYPE":"一般企业","PREMIUM_INCOME":null,"PREMIUM_INCOME_YOY":null,"NET_INTEREST_INCOME":null,"NET_INTEREST_INCOME_YOY":null,"FEE_COMMISSION_INCOME":null,"FEE_COMMISSION_INCOME_YOY":null,"ACCOUNTS_RECE_TDAYS":0.668042691034,"INVENTORY_TDAYS":0.118315681661,"CURRENT_ASSETS_TDAYS":0.112907490792,"TOTAL_ASSETS_TDAYS":0.047557941436,"PREMIUM_EXPENSE":null,"LOAN_DEPOSIT":null,"LOAN_EQUITY":null,"LOAN_ASSETS":null,"DEPOSIT_EQUITY":null,"DEPOSIT_ASSETS":null,"EQUITY_MULTIPLIER":1.979440849552,"EQUITY_RATIO":0.98024592888},{"SECUCODE":"00444.HK","SECURITY_CODE":"00444","SECURITY_NAME_ABBR":"SINCEREWATCH HK","ORG_CODE":"10008906","STD_REPORT_DATE":"2021-12-31 00:00:00","REPORT_DATE":"2022-03-31 00:00:00","DATE_TYPE_CODE":"001","REPORT_TYPE":"2021年年报","PER_NETCASH_OPERATE":0.001957631167,"PER_OI":0.019955922235,"BPS":0.07338319109,"BASIC_EPS":-0.021005159,"DILUTED_EPS":-0.021005159,"OPERATE_INCOME":120612596.19,"OPERATE_INCOME_YOY":9.0667077356,"GROSS_PROFIT":46096997.39,"GROSS_PROFIT_YOY":157.718855659069,"HOLDER_PROFIT":-127181777.19,"HOLDER_PROFIT_YOY":25.4308131241,"GROSS_PROFIT_RATIO":38.219057417008,"EPS_TTM":-0.023018789113,"OPERATE_INCOME_QOQ":0,"NET_PROFIT_RATIO":-105.4465132229,"ROE_AVG":-24.646922179857,"GROSS_PROFIT_QOQ":0,"ROA":-14.359175802593,"HOLDER_PROFIT_QOQ":0,"ROE_YEARLY":-24.646922179857,"ROIC_YEARLY":-15.792534601148,"TOTAL_ASSETS":825776059.07,"TOTAL_LIABILITIES":382251721.28,"TAX_EBT":-1.309499198925,"OCF_SALES":9.809775482622,"TOTAL_PARENT_EQUITY":443524337.79,"DEBT_ASSET_RATIO":46.2899980063,"OPERATE_PROFIT":-108423926.9,"PRETAX_PROFIT":-125537859.92,"NETCASH_OPERATE":11831824.89,"NETCASH_INVEST":-2717694.51,"NETCASH_FINANCE":-24311646.77,"END_CASH":57743100.99,"DIVI_RATIO":null,"DIVIDEND_RATE":null,"CURRENT_RATIO":2.552458111062,"COMMON_ACS":20000000000,"CURRENTDEBT_DEBT":36.11327992396,"ISSUED_COMMON_SHARES":6043950000,"HK_COMMON_SHARES":6043950000,"PER_SHARES":10000,"TOTAL_MARKET_CAP":60439500,"HKSK_MARKET_CAP":60439500,"PE_TTM":-0.278885464059,"PB_TTM":-1.503357958361,"REPORT_DATE_SQ":"2020-12-31 00:00:00","REPORT_TYPE_SQ":"2020年年报","OPERATE_INCOME_SQ":115245364.08,"DPS_HKD":null,"OPERATE_INCOME_QOQ_SQ":0,"NET_PROFIT_RATIO_SQ":-154.2286368037,"HOLDER_PROFIT_SQ":-177741354,"HOLDER_PROFIT_QOQ_SQ":0,"ROE_AVG_SQ":-26.565608716248,"PE_TTM_SQ":-0.726595081967,"PB_TTM_SQ":1.143919372322,"ROA_SQ":-17.492522217084,"START_DATE":"2021-04-01 00:00:00","FISCAL_YEAR":"3-31","CURRENCY":"HKD","IS_CNY_CODE":0,"DPS_HKD_LY":null,"ORG_TYPE":"一般企业","PREMIUM_INCOME":null,"PREMIUM_INCOME_YOY":null,"NET_INTEREST_INCOME":null,"NET_INTEREST_INCOME_YOY":null,"FEE_COMMISSION_INCOME":null,"FEE_COMMISSION_INCOME_YOY":null,"ACCOUNTS_RECE_TDAYS":2.485028239147,"INVENTORY_TDAYS":0.312439428305,"CURRENT_ASSETS_TDAYS":0.326207190776,"TOTAL_ASSETS_TDAYS":0.136174970264,"PREMIUM_EXPENSE":null,"LOAN_DEPOSIT":null,"LOAN_EQUITY":null,"LOAN_ASSETS":null,"DEPOSIT_EQUITY":null,"DEPOSIT_ASSETS":null,"EQUITY_MULTIPLIER":1.861850610464,"EQUITY_RATIO":0.861850610464},{"SECUCODE":"00444.HK","SECURITY_CODE":"00444","SECURITY_NAME_ABBR":"SINCEREWATCH HK","ORG_CODE":"10008906","STD_REPORT_DATE":"2021-06-30 00:00:00","REPORT_DATE":"2021-09-30 00:00:00","DATE_TYPE_CODE":"002","REPORT_TYPE":"2021年中报","PER_NETCASH_OPERATE":0.004511434883,"PER_OI":0.009484061331,"BPS":0.092126943393,"BASIC_EPS":-0.004498524,"DILUTED_EPS":-0.004498524,"OPERATE_INCOME":57321192.48,"OPERATE_INCOME_YOY":38.0494753526,"GROSS_PROFIT":20883981.14,"GROSS_PROFIT_YOY":2927.56254900005,"HOLDER_PROFIT":-26946991.82,"HOLDER_PROFIT_YOY":56.6469650061,"GROSS_PROFIT_RATIO":36.433263574003,"EPS_TTM":-0.029408144343,"OPERATE_INCOME_QOQ":0,"NET_PROFIT_RATIO":-47.0105220323,"ROE_AVG":-4.640766349817,"GROSS_PROFIT_QOQ":0,"ROA":-2.804877731541,"HOLDER_PROFIT_QOQ":0,"ROE_YEARLY":-9.281532699634,"ROIC_YEARLY":-6.251395098722,"TOTAL_ASSETS":950067442.3,"TOTAL_LIABILITIES":393256802.78,"TAX_EBT":-1.793750196683,"OCF_SALES":47.568596674805,"TOTAL_PARENT_EQUITY":556810639.52,"DEBT_ASSET_RATIO":41.3925143912,"OPERATE_PROFIT":-18326486.94,"PRETAX_PROFIT":-26472147.62,"NETCASH_OPERATE":27266886.86,"NETCASH_INVEST":-1110468.98,"NETCASH_FINANCE":4194457.1,"END_CASH":106809954.84,"DIVI_RATIO":null,"DIVIDEND_RATE":null,"CURRENT_RATIO":1.934625402359,"COMMON_ACS":20000000000,"CURRENTDEBT_DEBT":53.109224828042,"ISSUED_COMMON_SHARES":6043950000,"HK_COMMON_SHARES":6043950000,"PER_SHARES":10000,"TOTAL_MARKET_CAP":60439500,"HKSK_MARKET_CAP":60439500,"PE_TTM":-0.278885464059,"PB_TTM":-1.503357958361,"REPORT_DATE_SQ":"2020-06-30 00:00:00","REPORT_TYPE_SQ":"2020年中报","OPERATE_INCOME_SQ":43798040.96,"DPS_HKD":null,"OPERATE_INCOME_QOQ_SQ":0,"NET_PROFIT_RATIO_SQ":-149.6960455831,"HOLDER_PROFIT_SQ":-65563935.36,"HOLDER_PROFIT_QOQ_SQ":0,"ROE_AVG_SQ":-8.920177129112,"PE_TTM_SQ":-0.811216877768,"PB_TTM_SQ":1.317240489341,"ROA_SQ":-6.093085471258,"START_DATE":"2021-04-01 00:00:00","FISCAL_YEAR":"3-31","CURRENCY":"HKD","IS_CNY_CODE":0,"DPS_HKD_LY":null,"ORG_TYPE":"一般企业","PREMIUM_INCOME":null,"PREMIUM_INCOME_YOY":null,"NET_INTEREST_INCOME":null,"NET_INTEREST_INCOME_YOY":null,"FEE_COMMISSION_INCOME":null,"FEE_COMMISSION_INCOME_YOY":null,"ACCOUNTS_RECE_TDAYS":1.417786202918,"INVENTORY_TDAYS":0.144762100191,"CURRENT_ASSETS_TDAYS":0.14299608469,"TOTAL_ASSETS_TDAYS":0.059664892247,"PREMIUM_EXPENSE":null,"LOAN_DEPOSIT":null,"LOAN_EQUITY":null,"LOAN_ASSETS":null,"DEPOSIT_EQUITY":null,"DEPOSIT_ASSETS":null,"EQUITY_MULTIPLIER":1.706266681828,"EQUITY_RATIO":0.706266681827},{"SECUCODE":"00444.HK","SECURITY_CODE":"00444","SECURITY_NAME_ABBR":"SINCEREWATCH HK","ORG_CODE":"10008906","STD_REPORT_DATE":"2020-12-31 00:00:00","REPORT_DATE":"2021-03-31 00:00:00","DATE_TYPE_CODE":"001","REPORT_TYPE":"2020年年报","PER_NETCASH_OPERATE":-0.007267992839,"PER_OI":0.019067888397,"BPS":0.101473480274,"BASIC_EPS":-0.029412264,"DILUTED_EPS":-0.029412264,"OPERATE_INCOME":115245364.08,"OPERATE_INCOME_YOY":-47.9103953058,"GROSS_PROFIT":17886544.34,"GROSS_PROFIT_YOY":-78.854186059,"HOLDER_PROFIT":-177741354,"HOLDER_PROFIT_YOY":-47.7707901486,"GROSS_PROFIT_RATIO":15.520402475872,"EPS_TTM":-0.023485716803,"OPERATE_INCOME_QOQ":0,"NET_PROFIT_RATIO":-154.2286368037,"ROE_AVG":-26.565608716248,"GROSS_PROFIT_QOQ":0,"ROA":-17.492522217084,"HOLDER_PROFIT_QOQ":0,"ROE_YEARLY":-26.565608716248,"ROIC_YEARLY":-18.674094865823,"TOTAL_ASSETS":985502699.86,"TOTAL_LIABILITIES":372202058.76,"TAX_EBT":-2.25035161744,"OCF_SALES":-38.116401185133,"TOTAL_PARENT_EQUITY":613300641.1,"DEBT_ASSET_RATIO":37.7677360816,"OPERATE_PROFIT":-164854894.54,"PRETAX_PROFIT":-173065818.24,"NETCASH_OPERATE":-43927385.32,"NETCASH_INVEST":-30064742.96,"NETCASH_FINANCE":102063091.62,"END_CASH":76744034.36,"DIVI_RATIO":null,"DIVIDEND_RATE":null,"CURRENT_RATIO":2.25241710589,"COMMON_ACS":20000000000,"CURRENTDEBT_DEBT":48.123447370692,"ISSUED_COMMON_SHARES":6043950000,"HK_COMMON_SHARES":6043950000,"PER_SHARES":10000,"TOTAL_MARKET_CAP":60439500,"HKSK_MARKET_CAP":60439500,"PE_TTM":-0.278885464059,"PB_TTM":-1.503357958361,"REPORT_DATE_SQ":"2019-12-31 00:00:00","REPORT_TYPE_SQ":"2019年年报","OPERATE_INCOME_SQ":239181076.4,"DPS_HKD":null,"OPERATE_INCOME_QOQ_SQ":0,"NET_PROFIT_RATIO_SQ":-54.3660131718,"HOLDER_PROFIT_SQ":-130033215.5,"HOLDER_PROFIT_QOQ_SQ":0,"ROE_AVG_SQ":-14.829715910097,"PE_TTM_SQ":-0.726595081967,"PB_TTM_SQ":1.143919372322,"ROA_SQ":-10.599927677829,"START_DATE":"2020-04-01 00:00:00","FISCAL_YEAR":"3-31","CURRENCY":"HKD","IS_CNY_CODE":0,"DPS_HKD_LY":null,"ORG_TYPE":"一般企业","PREMIUM_INCOME":null,"PREMIUM_INCOME_YOY":null,"NET_INTEREST_INCOME":null,"NET_INTEREST_INCOME_YOY":null,"FEE_COMMISSION_INCOME":null,"FEE_COMMISSION_INCOME_YOY":null,"ACCOUNTS_RECE_TDAYS":2.727474571694,"INVENTORY_TDAYS":0.342901624119,"CURRENT_ASSETS_TDAYS":0.280388475687,"TOTAL_ASSETS_TDAYS":0.113419417947,"PREMIUM_EXPENSE":null,"LOAN_DEPOSIT":null,"LOAN_EQUITY":null,"LOAN_ASSETS":null,"DEPOSIT_EQUITY":null,"DEPOSIT_ASSETS":null,"EQUITY_MULTIPLIER":1.606883531204,"EQUITY_RATIO":0.606883531203},{"SECUCODE":"00444.HK","SECURITY_CODE":"00444","SECURITY_NAME_ABBR":"SINCEREWATCH HK","ORG_CODE":"10008906","STD_REPORT_DATE":"2020-06-30 00:00:00","REPORT_DATE":"2020-09-30 00:00:00","DATE_TYPE_CODE":"002","REPORT_TYPE":"2020年中报","PER_NETCASH_OPERATE":-0.000821298866,"PER_OI":0.007246592205,"BPS":0.11853498743,"BASIC_EPS":-0.010808256,"DILUTED_EPS":-0.010808256,"OPERATE_INCOME":43798040.96,"OPERATE_INCOME_YOY":-67.7234903675,"GROSS_PROFIT":689795.2,"GROSS_PROFIT_YOY":-98.588666214994,"HOLDER_PROFIT":-65563935.36,"HOLDER_PROFIT_YOY":-25.4442744498,"GROSS_PROFIT_RATIO":1.574945328331,"EPS_TTM":-0.021514608079,"OPERATE_INCOME_QOQ":0,"NET_PROFIT_RATIO":-149.6960455831,"ROE_AVG":-8.920177129112,"GROSS_PROFIT_QOQ":0,"ROA":-6.093085471258,"HOLDER_PROFIT_QOQ":0,"ROE_YEARLY":-17.840354258224,"ROIC_YEARLY":-12.640641815869,"TOTAL_ASSETS":1063844336,"TOTAL_LIABILITIES":347424798.72,"TAX_EBT":16.532819844821,"OCF_SALES":-11.333587464639,"TOTAL_PARENT_EQUITY":716419537.28,"DEBT_ASSET_RATIO":32.6574844611,"OPERATE_PROFIT":-74227235.84,"PRETAX_PROFIT":-77577795.2,"NETCASH_OPERATE":-4963889.28,"NETCASH_INVEST":-9630771.2,"NETCASH_FINANCE":12474309.12,"END_CASH":39047680.64,"DIVI_RATIO":null,"DIVIDEND_RATE":null,"CURRENT_RATIO":1.350966378236,"COMMON_ACS":20000000000,"CURRENTDEBT_DEBT":90.700244830238,"ISSUED_COMMON_SHARES":6043950000,"HK_COMMON_SHARES":6043950000,"PER_SHARES":10000,"TOTAL_MARKET_CAP":60439500,"HKSK_MARKET_CAP":60439500,"PE_TTM":-0.278885464059,"PB_TTM":-1.503357958361,"REPORT_DATE_SQ":"2019-06-30 00:00:00","REPORT_TYPE_SQ":"2019年中报","OPERATE_INCOME_SQ":139292894.25,"DPS_HKD":null,"OPERATE_INCOME_QOQ_SQ":0,"NET_PROFIT_RATIO_SQ":-38.3174318901,"HOLDER_PROFIT_SQ":-53650652.79,"HOLDER_PROFIT_QOQ_SQ":0,"ROE_AVG_SQ":-5.89753212687,"PE_TTM_SQ":-0.811216877768,"PB_TTM_SQ":1.317240489341,"ROA_SQ":-4.213948631188,"START_DATE":"2020-04-01 00:00:00","FISCAL_YEAR":"3-31","CURRENCY":"HKD","IS_CNY_CODE":0,"DPS_HKD_LY":null,"ORG_TYPE":"一般企业","PREMIUM_INCOME":null,"PREMIUM_INCOME_YOY":null,"NET_INTEREST_INCOME":null,"NET_INTEREST_INCOME_YOY":null,"FEE_COMMISSION_INCOME":null,"FEE_COMMISSION_INCOME_YOY":null,"ACCOUNTS_RECE_TDAYS":1.032833594082,"INVENTORY_TDAYS":0.14043977247,"CURRENT_ASSETS_TDAYS":0.101747402372,"TOTAL_ASSETS_TDAYS":0.040703048952,"PREMIUM_EXPENSE":null,"LOAN_DEPOSIT":null,"LOAN_EQUITY":null,"LOAN_ASSETS":null,"DEPOSIT_EQUITY":null,"DEPOSIT_ASSETS":null,"EQUITY_MULTIPLIER":1.48494601367,"EQUITY_RATIO":0.484946013671}],"count":47},"success":true,"message":"ok","code":0}