{"version":"06677057798540edbff5201140d715ed","result":{"pages":6,"data":[{"SECUCODE":"00450.HK","SECURITY_CODE":"00450","SECURITY_NAME_ABBR":"鸿兴印刷集团","ORG_CODE":"10008908","STD_REPORT_DATE":"2024-06-30 00:00:00","REPORT_DATE":"2024-06-30 00:00:00","DATE_TYPE_CODE":"002","REPORT_TYPE":"2024年中报","PER_NETCASH_OPERATE":-0.142791324209,"PER_OI":1.101513253622,"BPS":2.931291615575,"BASIC_EPS":-0.0045634,"DILUTED_EPS":-0.0045634,"OPERATE_INCOME":1000025301.36,"OPERATE_INCOME_YOY":-8.1529702489,"GROSS_PROFIT":139698451.52,"GROSS_PROFIT_YOY":-26.601571696968,"HOLDER_PROFIT":-4081504.96,"HOLDER_PROFIT_YOY":-105.4286997584,"GROSS_PROFIT_RATIO":13.969491704861,"EPS_TTM":0.04675663661,"OPERATE_INCOME_QOQ":-4.616857507265,"NET_PROFIT_RATIO":-0.6956270957,"ROE_AVG":-0.150020975093,"GROSS_PROFIT_QOQ":-14.365711560111,"ROA":-0.120996833168,"HOLDER_PROFIT_QOQ":-65.342377688731,"ROE_YEARLY":-0.300041950185,"ROIC_YEARLY":-0.345600462449,"TOTAL_ASSETS":3268047878.88,"TOTAL_LIABILITIES":495611707.72,"TAX_EBT":29.957728358758,"OCF_SALES":-12.963196197506,"TOTAL_PARENT_EQUITY":2661216986.36,"DEBT_ASSET_RATIO":15.1653747463,"OPERATE_PROFIT":-7757780,"PRETAX_PROFIT":-9931783.76,"NETCASH_OPERATE":-129635241.84,"NETCASH_INVEST":53315114.88,"NETCASH_FINANCE":-115365490.04,"END_CASH":535864546.44,"DIVI_RATIO":1.749873513849,"DIVIDEND_RATE":9,"CURRENT_RATIO":4.243110978395,"COMMON_ACS":null,"CURRENTDEBT_DEBT":85.720467967641,"ISSUED_COMMON_SHARES":907864974,"HK_COMMON_SHARES":907864974,"PER_SHARES":2000,"TOTAL_MARKET_CAP":907864974,"HKSK_MARKET_CAP":907864974,"PE_TTM":18.794041609738,"PB_TTM":0.311357626498,"REPORT_DATE_SQ":"2023-06-30 00:00:00","REPORT_TYPE_SQ":"2023年中报","OPERATE_INCOME_SQ":1099888948.72,"DPS_HKD":0.09,"OPERATE_INCOME_QOQ_SQ":-8.607857939275,"NET_PROFIT_RATIO_SQ":6.7036390034,"HOLDER_PROFIT_SQ":75949946.46,"HOLDER_PROFIT_QOQ_SQ":162.645655332883,"ROE_AVG_SQ":2.712824788047,"PE_TTM_SQ":5.813041540208,"PB_TTM_SQ":0.330845484768,"ROA_SQ":2.091971898802,"START_DATE":"2024-01-01 00:00:00","FISCAL_YEAR":"12-31","CURRENCY":"HKD","IS_CNY_CODE":0,"DPS_HKD_LY":0.09,"ORG_TYPE":"一般企业","PREMIUM_INCOME":null,"PREMIUM_INCOME_YOY":null,"NET_INTEREST_INCOME":null,"NET_INTEREST_INCOME_YOY":null,"FEE_COMMISSION_INCOME":null,"FEE_COMMISSION_INCOME_YOY":null,"ACCOUNTS_RECE_TDAYS":1.639862489467,"INVENTORY_TDAYS":2.316593226462,"CURRENT_ASSETS_TDAYS":0.531324419591,"TOTAL_ASSETS_TDAYS":0.296459016314,"PREMIUM_EXPENSE":null,"LOAN_DEPOSIT":null,"LOAN_EQUITY":null,"LOAN_ASSETS":null,"DEPOSIT_EQUITY":null,"DEPOSIT_ASSETS":null,"EQUITY_MULTIPLIER":1.178763974037,"EQUITY_RATIO":0.18623498582},{"SECUCODE":"00450.HK","SECURITY_CODE":"00450","SECURITY_NAME_ABBR":"鸿兴印刷集团","ORG_CODE":"10008908","STD_REPORT_DATE":"2023-12-31 00:00:00","REPORT_DATE":"2023-12-31 00:00:00","DATE_TYPE_CODE":"001","REPORT_TYPE":"2023年年报","PER_NETCASH_OPERATE":0.277068064992,"PER_OI":2.382537209371,"BPS":3.04048689659,"BASIC_EPS":0.135933,"DILUTED_EPS":0.13502678,"OPERATE_INCOME":2163022081.64,"OPERATE_INCOME_YOY":-19.0924954714,"GROSS_PROFIT":352439832.64,"GROSS_PROFIT_YOY":-6.025472895665,"HOLDER_PROFIT":122480164.1,"HOLDER_PROFIT_YOY":104.6624670644,"GROSS_PROFIT_RATIO":16.293861982804,"EPS_TTM":0.134910110653,"OPERATE_INCOME_QOQ":-10.188728750558,"NET_PROFIT_RATIO":5.4996057585,"ROE_AVG":4.43082045334,"GROSS_PROFIT_QOQ":-14.610950268784,"ROA":3.467130370182,"HOLDER_PROFIT_QOQ":-20.946904962692,"ROE_YEARLY":4.43082045334,"ROIC_YEARLY":5.234511174193,"TOTAL_ASSETS":3453797444.86,"TOTAL_LIABILITIES":576408480.76,"TAX_EBT":21.341298993906,"OCF_SALES":11.629118063801,"TOTAL_PARENT_EQUITY":2760351557.32,"DEBT_ASSET_RATIO":16.6891223345,"OPERATE_PROFIT":160588527.54,"PRETAX_PROFIT":151232712.26,"NETCASH_OPERATE":251540391.62,"NETCASH_INVEST":-217957690.86,"NETCASH_FINANCE":-188959557.08,"END_CASH":724667885.2,"DIVI_RATIO":0.606464553355,"DIVIDEND_RATE":9.183673469388,"CURRENT_RATIO":3.850986708904,"COMMON_ACS":null,"CURRENTDEBT_DEBT":87.74640048549,"ISSUED_COMMON_SHARES":907864974,"HK_COMMON_SHARES":907864974,"PER_SHARES":2000,"TOTAL_MARKET_CAP":889707674.52,"HKSK_MARKET_CAP":889707674.52,"PE_TTM":18.418160777543,"PB_TTM":0.305130473968,"REPORT_DATE_SQ":"2022-12-31 00:00:00","REPORT_TYPE_SQ":"2022年年报","OPERATE_INCOME_SQ":2635246546.24,"DPS_HKD":0.09,"OPERATE_INCOME_QOQ_SQ":-11.060169382274,"NET_PROFIT_RATIO_SQ":1.8476586652,"HOLDER_PROFIT_SQ":58989764.26,"HOLDER_PROFIT_QOQ_SQ":854.400112317184,"ROE_AVG_SQ":2.115697628691,"PE_TTM_SQ":5.443120714922,"PB_TTM_SQ":0.309791681192,"ROA_SQ":1.593177788731,"START_DATE":"2023-01-01 00:00:00","FISCAL_YEAR":"12-31","CURRENCY":"HKD","IS_CNY_CODE":0,"DPS_HKD_LY":0.09,"ORG_TYPE":"一般企业","PREMIUM_INCOME":null,"PREMIUM_INCOME_YOY":null,"NET_INTEREST_INCOME":null,"NET_INTEREST_INCOME_YOY":null,"FEE_COMMISSION_INCOME":null,"FEE_COMMISSION_INCOME_YOY":null,"ACCOUNTS_RECE_TDAYS":3.805443996792,"INVENTORY_TDAYS":4.245294043903,"CURRENT_ASSETS_TDAYS":1.04585028228,"TOTAL_ASSETS_TDAYS":0.612301559664,"PREMIUM_EXPENSE":null,"LOAN_DEPOSIT":null,"LOAN_EQUITY":null,"LOAN_ASSETS":null,"DEPOSIT_EQUITY":null,"DEPOSIT_ASSETS":null,"EQUITY_MULTIPLIER":1.200323448776,"EQUITY_RATIO":0.208817054201},{"SECUCODE":"00450.HK","SECURITY_CODE":"00450","SECURITY_NAME_ABBR":"鸿兴印刷集团","ORG_CODE":"10008908","STD_REPORT_DATE":"2023-06-30 00:00:00","REPORT_DATE":"2023-06-30 00:00:00","DATE_TYPE_CODE":"002","REPORT_TYPE":"2023年中报","PER_NETCASH_OPERATE":0.054249531627,"PER_OI":1.211511601636,"BPS":3.065412848872,"BASIC_EPS":0.08390018,"DILUTED_EPS":0.08390018,"OPERATE_INCOME":1099888948.72,"OPERATE_INCOME_YOY":-23.1031924418,"GROSS_PROFIT":190328941.3,"GROSS_PROFIT_YOY":24.707219197439,"HOLDER_PROFIT":75949946.46,"HOLDER_PROFIT_YOY":452.3396065013,"GROSS_PROFIT_RATIO":17.304378003024,"EPS_TTM":0.170657594859,"OPERATE_INCOME_QOQ":-8.607857939275,"NET_PROFIT_RATIO":6.7036390034,"ROE_AVG":2.712824788047,"GROSS_PROFIT_QOQ":10.054541419708,"ROA":2.091971898802,"HOLDER_PROFIT_QOQ":162.645655332883,"ROE_YEARLY":5.425649576093,"ROIC_YEARLY":6.272377519812,"TOTAL_ASSETS":3586859928.24,"TOTAL_LIABILITIES":684933410.12,"TAX_EBT":28.352057911806,"OCF_SALES":4.477838392441,"TOTAL_PARENT_EQUITY":2782980956.34,"DEBT_ASSET_RATIO":19.0956274798,"OPERATE_PROFIT":106087628.7,"PRETAX_PROFIT":102909563.64,"NETCASH_OPERATE":49251249.62,"NETCASH_INVEST":16457343,"NETCASH_FINANCE":-113263399.04,"END_CASH":844741125.5,"DIVI_RATIO":0.479428999731,"DIVIDEND_RATE":8.910891089109,"CURRENT_RATIO":3.777092824578,"COMMON_ACS":null,"CURRENTDEBT_DEBT":83.587564309309,"ISSUED_COMMON_SHARES":907864974,"HK_COMMON_SHARES":907864974,"PER_SHARES":2000,"TOTAL_MARKET_CAP":916943623.74,"HKSK_MARKET_CAP":916943623.74,"PE_TTM":18.981982025835,"PB_TTM":0.314471202763,"REPORT_DATE_SQ":"2022-06-30 00:00:00","REPORT_TYPE_SQ":"2022年中报","OPERATE_INCOME_SQ":1326727227.77,"DPS_HKD":0.09,"OPERATE_INCOME_QOQ_SQ":2.694819377231,"NET_PROFIT_RATIO_SQ":-1.77312759,"HOLDER_PROFIT_SQ":-19994342.2,"HOLDER_PROFIT_QOQ_SQ":-118.408711972582,"ROE_AVG_SQ":-0.749393201452,"PE_TTM_SQ":5.760195708024,"PB_TTM_SQ":0.327837798543,"ROA_SQ":-0.547583751565,"START_DATE":"2023-01-01 00:00:00","FISCAL_YEAR":"12-31","CURRENCY":"HKD","IS_CNY_CODE":0,"DPS_HKD_LY":0.09,"ORG_TYPE":"一般企业","PREMIUM_INCOME":null,"PREMIUM_INCOME_YOY":null,"NET_INTEREST_INCOME":null,"NET_INTEREST_INCOME_YOY":null,"FEE_COMMISSION_INCOME":null,"FEE_COMMISSION_INCOME_YOY":null,"ACCOUNTS_RECE_TDAYS":1.814462907335,"INVENTORY_TDAYS":1.856959062456,"CURRENT_ASSETS_TDAYS":0.501183467252,"TOTAL_ASSETS_TDAYS":0.302954363995,"PREMIUM_EXPENSE":null,"LOAN_DEPOSIT":null,"LOAN_EQUITY":null,"LOAN_ASSETS":null,"DEPOSIT_EQUITY":null,"DEPOSIT_ASSETS":null,"EQUITY_MULTIPLIER":1.23602713778,"EQUITY_RATIO":0.246115018703},{"SECUCODE":"00450.HK","SECURITY_CODE":"00450","SECURITY_NAME_ABBR":"鸿兴印刷集团","ORG_CODE":"10008908","STD_REPORT_DATE":"2022-12-31 00:00:00","REPORT_DATE":"2022-12-31 00:00:00","DATE_TYPE_CODE":"001","REPORT_TYPE":"2022年年报","PER_NETCASH_OPERATE":0.448616143462,"PER_OI":2.902685555352,"BPS":3.005562665203,"BASIC_EPS":0.06520871,"DILUTED_EPS":0.06520871,"OPERATE_INCOME":2635246546.24,"OPERATE_INCOME_YOY":-16.4006371446,"GROSS_PROFIT":375037622.96,"GROSS_PROFIT_YOY":-4.073831619026,"HOLDER_PROFIT":58989764.26,"HOLDER_PROFIT_YOY":27.1110426732,"GROSS_PROFIT_RATIO":14.231595275027,"EPS_TTM":0.06497636317,"OPERATE_INCOME_QOQ":-11.060169382274,"NET_PROFIT_RATIO":1.8476586652,"ROE_AVG":2.115697628691,"GROSS_PROFIT_QOQ":2.080434721275,"ROA":1.593177788731,"HOLDER_PROFIT_QOQ":854.400112317184,"ROE_YEARLY":2.115697628691,"ROIC_YEARLY":2.177993355666,"TOTAL_ASSETS":3559813153.96,"TOTAL_LIABILITIES":710237190.46,"TAX_EBT":27.277093645351,"OCF_SALES":15.455209836101,"TOTAL_PARENT_EQUITY":2728645070.9,"DEBT_ASSET_RATIO":19.951530031,"OPERATE_PROFIT":73553638.34,"PRETAX_PROFIT":66953266.31,"NETCASH_OPERATE":407282883.42,"NETCASH_INVEST":-2929032.33,"NETCASH_FINANCE":-120603955.78,"END_CASH":869009680.07,"DIVI_RATIO":1.2591994382,"DIVIDEND_RATE":9.183673469388,"CURRENT_RATIO":3.57572024808,"COMMON_ACS":null,"CURRENTDEBT_DEBT":84.948899380957,"ISSUED_COMMON_SHARES":907864974,"HK_COMMON_SHARES":907864974,"PER_SHARES":2000,"TOTAL_MARKET_CAP":889707674.52,"HKSK_MARKET_CAP":889707674.52,"PE_TTM":18.418160777543,"PB_TTM":0.305130473968,"REPORT_DATE_SQ":"2021-12-31 00:00:00","REPORT_TYPE_SQ":"2021年年报","OPERATE_INCOME_SQ":2885203294.4,"DPS_HKD":0.09,"OPERATE_INCOME_QOQ_SQ":20.470389953982,"NET_PROFIT_RATIO_SQ":1.3976432676,"HOLDER_PROFIT_SQ":42476772.8,"HOLDER_PROFIT_QOQ_SQ":-63.973300283352,"ROE_AVG_SQ":1.61702650821,"PE_TTM_SQ":5.443120714922,"PB_TTM_SQ":0.309791681192,"ROA_SQ":1.230384406021,"START_DATE":"2022-01-01 00:00:00","FISCAL_YEAR":"12-31","CURRENCY":"HKD","IS_CNY_CODE":0,"DPS_HKD_LY":0.09,"ORG_TYPE":"一般企业","PREMIUM_INCOME":null,"PREMIUM_INCOME_YOY":null,"NET_INTEREST_INCOME":null,"NET_INTEREST_INCOME_YOY":null,"FEE_COMMISSION_INCOME":null,"FEE_COMMISSION_INCOME_YOY":null,"ACCOUNTS_RECE_TDAYS":3.739284188752,"INVENTORY_TDAYS":3.973441960822,"CURRENT_ASSETS_TDAYS":1.140768152509,"TOTAL_ASSETS_TDAYS":0.711719451326,"PREMIUM_EXPENSE":null,"LOAN_DEPOSIT":null,"LOAN_EQUITY":null,"LOAN_ASSETS":null,"DEPOSIT_EQUITY":null,"DEPOSIT_ASSETS":null,"EQUITY_MULTIPLIER":1.249243115312,"EQUITY_RATIO":0.260289327489},{"SECUCODE":"00450.HK","SECURITY_CODE":"00450","SECURITY_NAME_ABBR":"鸿兴印刷集团","ORG_CODE":"10008908","STD_REPORT_DATE":"2022-06-30 00:00:00","REPORT_DATE":"2022-06-30 00:00:00","DATE_TYPE_CODE":"002","REPORT_TYPE":"2022年中报","PER_NETCASH_OPERATE":-0.007792994633,"PER_OI":1.461370650665,"BPS":2.874653258779,"BASIC_EPS":-0.02223494,"DILUTED_EPS":-0.02223494,"OPERATE_INCOME":1326727227.77,"OPERATE_INCOME_YOY":3.3546320557,"GROSS_PROFIT":152620628.16,"GROSS_PROFIT_YOY":-13.37787445356,"HOLDER_PROFIT":-19994342.2,"HOLDER_PROFIT_YOY":-164.2007853475,"GROSS_PROFIT_RATIO":11.503542323205,"EPS_TTM":-0.008612984292,"OPERATE_INCOME_QOQ":2.694819377231,"NET_PROFIT_RATIO":-1.77312759,"ROE_AVG":-0.749393201452,"GROSS_PROFIT_QOQ":-6.028840254359,"ROA":-0.547583751565,"HOLDER_PROFIT_QOQ":-118.408711972582,"ROE_YEARLY":-1.498786402905,"ROIC_YEARLY":-1.418485111898,"TOTAL_ASSETS":3621201997.77,"TOTAL_LIABILITIES":883993654.39,"TAX_EBT":-1.494299524038,"OCF_SALES":-0.533266124484,"TOTAL_PARENT_EQUITY":2609797006.04,"DEBT_ASSET_RATIO":24.4116084917,"OPERATE_PROFIT":-20788813.71,"PRETAX_PROFIT":-23178214.57,"NETCASH_OPERATE":-7074986.87,"NETCASH_INVEST":169290846.83,"NETCASH_FINANCE":-37161426.26,"END_CASH":690630919.44,"DIVI_RATIO":-9.499401976076,"DIVIDEND_RATE":9.183673469388,"CURRENT_RATIO":3.517584472127,"COMMON_ACS":null,"CURRENTDEBT_DEBT":74.30377456875,"ISSUED_COMMON_SHARES":907864974,"HK_COMMON_SHARES":907864974,"PER_SHARES":2000,"TOTAL_MARKET_CAP":889707674.52,"HKSK_MARKET_CAP":889707674.52,"PE_TTM":18.418160777543,"PB_TTM":0.305130473968,"REPORT_DATE_SQ":"2021-06-30 00:00:00","REPORT_TYPE_SQ":"2021年中报","OPERATE_INCOME_SQ":1248976210.32,"DPS_HKD":0.09,"OPERATE_INCOME_QOQ_SQ":11.415063308994,"NET_PROFIT_RATIO_SQ":2.4436569846,"HOLDER_PROFIT_SQ":30301857.36,"HOLDER_PROFIT_QOQ_SQ":28.101459682122,"ROE_AVG_SQ":1.134111477207,"PE_TTM_SQ":5.443120714922,"PB_TTM_SQ":0.309791681192,"ROA_SQ":0.857677309422,"START_DATE":"2022-01-01 00:00:00","FISCAL_YEAR":"12-31","CURRENCY":"HKD","IS_CNY_CODE":0,"DPS_HKD_LY":0.09,"ORG_TYPE":"一般企业","PREMIUM_INCOME":null,"PREMIUM_INCOME_YOY":null,"NET_INTEREST_INCOME":null,"NET_INTEREST_INCOME_YOY":null,"FEE_COMMISSION_INCOME":null,"FEE_COMMISSION_INCOME_YOY":null,"ACCOUNTS_RECE_TDAYS":1.594335187108,"INVENTORY_TDAYS":1.848100839838,"CURRENT_ASSETS_TDAYS":0.568403122917,"TOTAL_ASSETS_TDAYS":0.363349924403,"PREMIUM_EXPENSE":null,"LOAN_DEPOSIT":null,"LOAN_EQUITY":null,"LOAN_ASSETS":null,"DEPOSIT_EQUITY":null,"DEPOSIT_ASSETS":null,"EQUITY_MULTIPLIER":1.322954464364,"EQUITY_RATIO":0.33872123094},{"SECUCODE":"00450.HK","SECURITY_CODE":"00450","SECURITY_NAME_ABBR":"鸿兴印刷集团","ORG_CODE":"10008908","STD_REPORT_DATE":"2021-12-31 00:00:00","REPORT_DATE":"2021-12-31 00:00:00","DATE_TYPE_CODE":"001","REPORT_TYPE":"2021年年报","PER_NETCASH_OPERATE":-0.145501311079,"PER_OI":3.178009260218,"BPS":2.87103044731,"BASIC_EPS":0.0474208,"DILUTED_EPS":0.0466032,"OPERATE_INCOME":2885203294.4,"OPERATE_INCOME_YOY":38.1687130412,"GROSS_PROFIT":390964873.6,"GROSS_PROFIT_YOY":9.772725702538,"HOLDER_PROFIT":42476772.8,"HOLDER_PROFIT_YOY":-52.492295875,"GROSS_PROFIT_RATIO":13.55068720318,"EPS_TTM":0.046787544422,"OPERATE_INCOME_QOQ":20.470389953982,"NET_PROFIT_RATIO":1.3976432676,"ROE_AVG":1.61702650821,"GROSS_PROFIT_QOQ":4.201551274338,"ROA":1.230384406021,"HOLDER_PROFIT_QOQ":-63.973300283352,"ROE_YEARLY":1.61702650821,"ROIC_YEARLY":1.588422642169,"TOTAL_ASSETS":3519727120,"TOTAL_LIABILITIES":783108726.4,"TAX_EBT":27.87429440496,"OCF_SALES":-4.578379078396,"TOTAL_PARENT_EQUITY":2606507982.4,"DEBT_ASSET_RATIO":22.2491318134,"OPERATE_PROFIT":58598209.6,"PRETAX_PROFIT":55909123.2,"NETCASH_OPERATE":-132095544,"NETCASH_INVEST":5780432,"NETCASH_FINANCE":-54771841.6,"END_CASH":545344105.6,"DIVI_RATIO":1.748717548894,"DIVIDEND_RATE":9.183673469388,"CURRENT_RATIO":4.068471621907,"COMMON_ACS":null,"CURRENTDEBT_DEBT":70.749957716216,"ISSUED_COMMON_SHARES":907864974,"HK_COMMON_SHARES":907864974,"PER_SHARES":2000,"TOTAL_MARKET_CAP":889707674.52,"HKSK_MARKET_CAP":889707674.52,"PE_TTM":18.418160777543,"PB_TTM":0.305130473968,"REPORT_DATE_SQ":"2020-12-31 00:00:00","REPORT_TYPE_SQ":"2020年年报","OPERATE_INCOME_SQ":2149572967.56,"DPS_HKD":0.09,"OPERATE_INCOME_QOQ_SQ":-14.108104739552,"NET_PROFIT_RATIO_SQ":3.984802052,"HOLDER_PROFIT_SQ":92039225.48,"HOLDER_PROFIT_QOQ_SQ":35.402331260032,"ROE_AVG_SQ":3.409135367991,"PE_TTM_SQ":5.443120714922,"PB_TTM_SQ":0.309791681192,"ROA_SQ":2.712991220618,"START_DATE":"2021-01-01 00:00:00","FISCAL_YEAR":"12-31","CURRENCY":"HKD","IS_CNY_CODE":0,"DPS_HKD_LY":0.1,"ORG_TYPE":"一般企业","PREMIUM_INCOME":null,"PREMIUM_INCOME_YOY":null,"NET_INTEREST_INCOME":null,"NET_INTEREST_INCOME_YOY":null,"FEE_COMMISSION_INCOME":null,"FEE_COMMISSION_INCOME_YOY":null,"ACCOUNTS_RECE_TDAYS":3.942722814286,"INVENTORY_TDAYS":5.095311942825,"CURRENT_ASSETS_TDAYS":1.302104661516,"TOTAL_ASSETS_TDAYS":0.835729484051,"PREMIUM_EXPENSE":null,"LOAN_DEPOSIT":null,"LOAN_EQUITY":null,"LOAN_ASSETS":null,"DEPOSIT_EQUITY":null,"DEPOSIT_ASSETS":null,"EQUITY_MULTIPLIER":1.286159271688,"EQUITY_RATIO":0.300443632511},{"SECUCODE":"00450.HK","SECURITY_CODE":"00450","SECURITY_NAME_ABBR":"鸿兴印刷集团","ORG_CODE":"10008908","STD_REPORT_DATE":"2021-06-30 00:00:00","REPORT_DATE":"2021-06-30 00:00:00","DATE_TYPE_CODE":"002","REPORT_TYPE":"2021年中报","PER_NETCASH_OPERATE":-0.236865535381,"PER_OI":1.37572904131,"BPS":2.918555064687,"BASIC_EPS":0.0332832,"DILUTED_EPS":0.0332832,"OPERATE_INCOME":1248976210.32,"OPERATE_INCOME_YOY":36.6180184854,"GROSS_PROFIT":176191275.84,"GROSS_PROFIT_YOY":12.117244730519,"HOLDER_PROFIT":30301857.36,"HOLDER_PROFIT_YOY":649.6294771511,"GROSS_PROFIT_RATIO":14.106856030097,"EPS_TTM":0.129869082624,"OPERATE_INCOME_QOQ":11.415063308994,"NET_PROFIT_RATIO":2.4436569846,"ROE_AVG":1.134111477207,"GROSS_PROFIT_QOQ":5.346536937375,"ROA":0.857677309422,"HOLDER_PROFIT_QOQ":28.101459682122,"ROE_YEARLY":2.268222954414,"ROIC_YEARLY":2.194951166299,"TOTAL_ASSETS":3621172220.16,"TOTAL_LIABILITIES":845808487.92,"TAX_EBT":20.927826161938,"OCF_SALES":-17.217455492199,"TOTAL_PARENT_EQUITY":2649653917.92,"DEBT_ASSET_RATIO":23.3573118454,"OPERATE_PROFIT":38661765.12,"PRETAX_PROFIT":38598527.04,"NETCASH_OPERATE":-215041923.12,"NETCASH_INVEST":81478937.76,"NETCASH_FINANCE":-87858495.12,"END_CASH":511994633.52,"DIVI_RATIO":0.630005220232,"DIVIDEND_RATE":9.183673469388,"CURRENT_RATIO":3.875308356879,"COMMON_ACS":null,"CURRENTDEBT_DEBT":72.421123877151,"ISSUED_COMMON_SHARES":907864974,"HK_COMMON_SHARES":907864974,"PER_SHARES":2000,"TOTAL_MARKET_CAP":889707674.52,"HKSK_MARKET_CAP":889707674.52,"PE_TTM":18.418160777543,"PB_TTM":0.305130473968,"REPORT_DATE_SQ":"2020-06-30 00:00:00","REPORT_TYPE_SQ":"2020年中报","OPERATE_INCOME_SQ":1003601095.2,"DPS_HKD":0.09,"OPERATE_INCOME_QOQ_SQ":-9.406342413352,"NET_PROFIT_RATIO_SQ":0.220168289,"HOLDER_PROFIT_SQ":4437491.52,"HOLDER_PROFIT_QOQ_SQ":0.171831709766,"ROE_AVG_SQ":0.155153884356,"PE_TTM_SQ":5.443120714922,"PB_TTM_SQ":0.309791681192,"ROA_SQ":0.124709260946,"START_DATE":"2021-01-01 00:00:00","FISCAL_YEAR":"12-31","CURRENCY":"HKD","IS_CNY_CODE":0,"DPS_HKD_LY":0.1,"ORG_TYPE":"一般企业","PREMIUM_INCOME":null,"PREMIUM_INCOME_YOY":null,"NET_INTEREST_INCOME":null,"NET_INTEREST_INCOME_YOY":null,"FEE_COMMISSION_INCOME":null,"FEE_COMMISSION_INCOME_YOY":null,"ACCOUNTS_RECE_TDAYS":1.628304616171,"INVENTORY_TDAYS":1.995338518432,"CURRENT_ASSETS_TDAYS":0.544236686536,"TOTAL_ASSETS_TDAYS":0.353515806927,"PREMIUM_EXPENSE":null,"LOAN_DEPOSIT":null,"LOAN_EQUITY":null,"LOAN_ASSETS":null,"DEPOSIT_EQUITY":null,"DEPOSIT_ASSETS":null,"EQUITY_MULTIPLIER":1.30475590572,"EQUITY_RATIO":0.319214702796},{"SECUCODE":"00450.HK","SECURITY_CODE":"00450","SECURITY_NAME_ABBR":"鸿兴印刷集团","ORG_CODE":"10008908","STD_REPORT_DATE":"2020-12-31 00:00:00","REPORT_DATE":"2020-12-31 00:00:00","DATE_TYPE_CODE":"001","REPORT_TYPE":"2020年年报","PER_NETCASH_OPERATE":0.25087012598,"PER_OI":2.367723206777,"BPS":3.001565895239,"BASIC_EPS":0.10183844,"DILUTED_EPS":0.10183844,"OPERATE_INCOME":2149572967.56,"OPERATE_INCOME_YOY":-17.1819550803,"GROSS_PROFIT":356158482.08,"GROSS_PROFIT_YOY":-24.356772974107,"HOLDER_PROFIT":92039225.48,"HOLDER_PROFIT_YOY":44.3599593415,"GROSS_PROFIT_RATIO":16.568801685494,"EPS_TTM":0.101379861671,"OPERATE_INCOME_QOQ":-14.108104739552,"NET_PROFIT_RATIO":3.984802052,"ROE_AVG":3.409135367991,"GROSS_PROFIT_QOQ":-19.620136053209,"ROA":2.712991220618,"HOLDER_PROFIT_QOQ":35.402331260032,"ROE_YEARLY":3.409135367991,"ROIC_YEARLY":3.74479494836,"TOTAL_ASSETS":3484434206.92,"TOTAL_LIABILITIES":632951153.8,"TAX_EBT":16.487096377139,"OCF_SALES":10.595416105299,"TOTAL_PARENT_EQUITY":2725016543.44,"DEBT_ASSET_RATIO":18.1651056158,"OPERATE_PROFIT":107180329.08,"PRETAX_PROFIT":102566458.6,"NETCASH_OPERATE":227756200.4,"NETCASH_INVEST":-234841967.56,"NETCASH_FINANCE":-101935228.6,"END_CASH":739557484.4,"DIVI_RATIO":0.807045883191,"DIVIDEND_RATE":9.183673469388,"CURRENT_RATIO":4.611259245921,"COMMON_ACS":null,"CURRENTDEBT_DEBT":76.797532062576,"ISSUED_COMMON_SHARES":907864974,"HK_COMMON_SHARES":907864974,"PER_SHARES":2000,"TOTAL_MARKET_CAP":889707674.52,"HKSK_MARKET_CAP":889707674.52,"PE_TTM":18.418160777543,"PB_TTM":0.305130473968,"REPORT_DATE_SQ":"2019-12-31 00:00:00","REPORT_TYPE_SQ":"2019年年报","OPERATE_INCOME_SQ":2762499525.12,"DPS_HKD":0.09,"OPERATE_INCOME_QOQ_SQ":-4.761056054478,"NET_PROFIT_RATIO_SQ":2.2141739821,"HOLDER_PROFIT_SQ":67858022.34,"HOLDER_PROFIT_QOQ_SQ":314.98814962252,"ROE_AVG_SQ":2.3591065771,"PE_TTM_SQ":5.443120714922,"PB_TTM_SQ":0.309791681192,"ROA_SQ":1.896689237835,"START_DATE":"2020-01-01 00:00:00","FISCAL_YEAR":"12-31","CURRENCY":"HKD","IS_CNY_CODE":0,"DPS_HKD_LY":0.07,"ORG_TYPE":"一般企业","PREMIUM_INCOME":null,"PREMIUM_INCOME_YOY":null,"NET_INTEREST_INCOME":null,"NET_INTEREST_INCOME_YOY":null,"FEE_COMMISSION_INCOME":null,"FEE_COMMISSION_INCOME_YOY":null,"ACCOUNTS_RECE_TDAYS":2.969340224512,"INVENTORY_TDAYS":4.545251322765,"CURRENT_ASSETS_TDAYS":0.998612944715,"TOTAL_ASSETS_TDAYS":0.633618172975,"PREMIUM_EXPENSE":null,"LOAN_DEPOSIT":null,"LOAN_EQUITY":null,"LOAN_ASSETS":null,"DEPOSIT_EQUITY":null,"DEPOSIT_ASSETS":null,"EQUITY_MULTIPLIER":1.221972616357,"EQUITY_RATIO":0.232274242637},{"SECUCODE":"00450.HK","SECURITY_CODE":"00450","SECURITY_NAME_ABBR":"鸿兴印刷集团","ORG_CODE":"10008908","STD_REPORT_DATE":"2020-06-30 00:00:00","REPORT_DATE":"2020-06-30 00:00:00","DATE_TYPE_CODE":"002","REPORT_TYPE":"2020年中报","PER_NETCASH_OPERATE":0.088045369972,"PER_OI":1.105451938275,"BPS":3.103329645759,"BASIC_EPS":0.0045672,"DILUTED_EPS":0.0045672,"OPERATE_INCOME":1003601095.2,"OPERATE_INCOME_YOY":-23.5042244107,"GROSS_PROFIT":157149131.04,"GROSS_PROFIT_YOY":-15.006217771151,"HOLDER_PROFIT":4437491.52,"HOLDER_PROFIT_YOY":-1.0993485342,"GROSS_PROFIT_RATIO":15.658525263833,"EPS_TTM":0.07487305479,"OPERATE_INCOME_QOQ":-9.406342413352,"NET_PROFIT_RATIO":0.220168289,"ROE_AVG":0.155153884356,"GROSS_PROFIT_QOQ":-5.892815300152,"ROA":0.124709260946,"HOLDER_PROFIT_QOQ":0.171831709766,"ROE_YEARLY":0.310307768713,"ROIC_YEARLY":0.357005001414,"TOTAL_ASSETS":3534323152.8,"TOTAL_LIABILITIES":584633570.4,"TAX_EBT":35.801486199575,"OCF_SALES":7.964649291666,"TOTAL_PARENT_EQUITY":2817404288.16,"DEBT_ASSET_RATIO":16.5415992009,"OPERATE_PROFIT":5223049.92,"PRETAX_PROFIT":3441841.92,"NETCASH_OPERATE":79933307.52,"NETCASH_INVEST":9678810.24,"NETCASH_FINANCE":-73492642.08,"END_CASH":919417551.36,"DIVI_RATIO":1.092758940179,"DIVIDEND_RATE":9.183673469388,"CURRENT_RATIO":5.436451323215,"COMMON_ACS":null,"CURRENTDEBT_DEBT":70.462552829142,"ISSUED_COMMON_SHARES":907864974,"HK_COMMON_SHARES":907864974,"PER_SHARES":2000,"TOTAL_MARKET_CAP":889707674.52,"HKSK_MARKET_CAP":889707674.52,"PE_TTM":18.418160777543,"PB_TTM":0.305130473968,"REPORT_DATE_SQ":"2019-06-30 00:00:00","REPORT_TYPE_SQ":"2019年中报","OPERATE_INCOME_SQ":1263451259.7,"DPS_HKD":0.09,"OPERATE_INCOME_QOQ_SQ":1.026302213131,"NET_PROFIT_RATIO_SQ":0.1492033322,"HOLDER_PROFIT_SQ":4320889.92,"HOLDER_PROFIT_QOQ_SQ":51.658264539446,"ROE_AVG_SQ":0.152762847652,"PE_TTM_SQ":5.443120714922,"PB_TTM_SQ":0.309791681192,"ROA_SQ":0.120270044446,"START_DATE":"2020-01-01 00:00:00","FISCAL_YEAR":"12-31","CURRENCY":"HKD","IS_CNY_CODE":0,"DPS_HKD_LY":0.07,"ORG_TYPE":"一般企业","PREMIUM_INCOME":null,"PREMIUM_INCOME_YOY":null,"NET_INTEREST_INCOME":null,"NET_INTEREST_INCOME_YOY":null,"FEE_COMMISSION_INCOME":null,"FEE_COMMISSION_INCOME_YOY":null,"ACCOUNTS_RECE_TDAYS":1.379064720479,"INVENTORY_TDAYS":1.939853212699,"CURRENT_ASSETS_TDAYS":0.448115482509,"TOTAL_ASSETS_TDAYS":0.282047526859,"PREMIUM_EXPENSE":null,"LOAN_DEPOSIT":null,"LOAN_EQUITY":null,"LOAN_ASSETS":null,"DEPOSIT_EQUITY":null,"DEPOSIT_ASSETS":null,"EQUITY_MULTIPLIER":1.198201727358,"EQUITY_RATIO":0.20750787271}],"count":47},"success":true,"message":"ok","code":0}