{"version":"21d458c62d238366b7554d26e521784a","result":{"pages":6,"data":[{"SECUCODE":"00458.HK","SECURITY_CODE":"00458","SECURITY_NAME_ABBR":"联亚集团","ORG_CODE":"10008912","STD_REPORT_DATE":"2024-06-30 00:00:00","REPORT_DATE":"2024-06-30 00:00:00","DATE_TYPE_CODE":"002","REPORT_TYPE":"2024年中报","PER_NETCASH_OPERATE":-0.712355853478,"PER_OI":6.449668317115,"BPS":3.866086004674,"BASIC_EPS":0.2099164,"DILUTED_EPS":0.2099164,"OPERATE_INCOME":1758187664.68,"OPERATE_INCOME_YOY":-6.2752355889,"GROSS_PROFIT":725519450.44,"GROSS_PROFIT_YOY":-10.304630197272,"HOLDER_PROFIT":57071705.76,"HOLDER_PROFIT_YOY":-15.6977998274,"GROSS_PROFIT_RATIO":41.265188296725,"EPS_TTM":0.527718705387,"OPERATE_INCOME_QOQ":-3.581701194281,"NET_PROFIT_RATIO":3.3172221152,"ROE_AVG":5.356215941192,"GROSS_PROFIT_QOQ":-5.158492536688,"ROA":2.019362721393,"HOLDER_PROFIT_QOQ":-7.293162971062,"ROE_YEARLY":10.712431882385,"ROIC_YEARLY":4.547791740637,"TOTAL_ASSETS":2807917518.84,"TOTAL_LIABILITIES":1733099916.84,"TAX_EBT":34.216242369339,"OCF_SALES":-11.044844764927,"TOTAL_PARENT_EQUITY":1053899889.08,"DEBT_ASSET_RATIO":61.7218955048,"OPERATE_PROFIT":114438207.16,"PRETAX_PROFIT":88658647.88,"NETCASH_OPERATE":-194189098.24,"NETCASH_INVEST":-24648748.76,"NETCASH_FINANCE":-35153695.56,"END_CASH":157010165.76,"DIVI_RATIO":0.430044638713,"DIVIDEND_RATE":9.842519685039,"CURRENT_RATIO":1.623918618537,"COMMON_ACS":500000000,"CURRENTDEBT_DEBT":59.180910341864,"ISSUED_COMMON_SHARES":272601253,"HK_COMMON_SHARES":272601253,"PER_SHARES":1000,"TOTAL_MARKET_CAP":692407182.62,"HKSK_MARKET_CAP":692407182.62,"PE_TTM":4.338717087876,"PB_TTM":0.599626391445,"REPORT_DATE_SQ":"2023-06-30 00:00:00","REPORT_TYPE_SQ":"2023年中报","OPERATE_INCOME_SQ":1895020174.38,"DPS_HKD":0.25,"OPERATE_INCOME_QOQ_SQ":15.16164588983,"NET_PROFIT_RATIO_SQ":3.8000253968,"HOLDER_PROFIT_SQ":68388788.48,"HOLDER_PROFIT_QOQ_SQ":308.824712974104,"ROE_AVG_SQ":7.034971421851,"PE_TTM_SQ":4.809452170764,"PB_TTM_SQ":0.548889020492,"ROA_SQ":2.430910075564,"START_DATE":"2024-01-01 00:00:00","FISCAL_YEAR":"12-31","CURRENCY":"HKD","IS_CNY_CODE":0,"DPS_HKD_LY":0.25,"ORG_TYPE":"一般企业","PREMIUM_INCOME":null,"PREMIUM_INCOME_YOY":null,"NET_INTEREST_INCOME":null,"NET_INTEREST_INCOME_YOY":null,"FEE_COMMISSION_INCOME":null,"FEE_COMMISSION_INCOME_YOY":null,"ACCOUNTS_RECE_TDAYS":3.308262064228,"INVENTORY_TDAYS":1.336461083255,"CURRENT_ASSETS_TDAYS":1.050189250939,"TOTAL_ASSETS_TDAYS":0.62209786443,"PREMIUM_EXPENSE":null,"LOAN_DEPOSIT":null,"LOAN_EQUITY":null,"LOAN_ASSETS":null,"DEPOSIT_EQUITY":null,"DEPOSIT_ASSETS":null,"EQUITY_MULTIPLIER":2.61245955929,"EQUITY_RATIO":1.644463515745},{"SECUCODE":"00458.HK","SECURITY_CODE":"00458","SECURITY_NAME_ABBR":"联亚集团","ORG_CODE":"10008912","STD_REPORT_DATE":"2023-12-31 00:00:00","REPORT_DATE":"2023-12-31 00:00:00","DATE_TYPE_CODE":"001","REPORT_TYPE":"2023年年报","PER_NETCASH_OPERATE":1.573127215347,"PER_OI":14.065610202022,"BPS":3.923392641999,"BASIC_EPS":0.5709186,"DILUTED_EPS":0.5709186,"OPERATE_INCOME":3820321748.74,"OPERATE_INCOME_YOY":12.9843958797,"GROSS_PROFIT":1615803853.3,"GROSS_PROFIT_YOY":24.837481463104,"HOLDER_PROFIT":155173863.04,"HOLDER_PROFIT_YOY":456.4539191473,"GROSS_PROFIT_RATIO":42.294967795132,"EPS_TTM":0.571317081286,"OPERATE_INCOME_QOQ":-0.468282408302,"NET_PROFIT_RATIO":4.2738907034,"ROE_AVG":15.564055205713,"GROSS_PROFIT_QOQ":3.429106840268,"ROA":5.52995719121,"HOLDER_PROFIT_QOQ":38.083872784311,"ROE_YEARLY":15.564055205713,"ROIC_YEARLY":6.359962307923,"TOTAL_ASSETS":2824395937.16,"TOTAL_LIABILITIES":1732348276.4,"TAX_EBT":27.178407304268,"OCF_SALES":11.184208809662,"TOTAL_PARENT_EQUITY":1069521750.22,"DEBT_ASSET_RATIO":61.3351780325,"OPERATE_PROFIT":279298816.44,"PRETAX_PROFIT":224214233.74,"NETCASH_OPERATE":427272761.58,"NETCASH_INVEST":-84269397.8,"NETCASH_FINANCE":-197031258.62,"END_CASH":410410726.04,"DIVI_RATIO":0.397227052076,"DIVIDEND_RATE":10,"CURRENT_RATIO":1.665328965255,"COMMON_ACS":500000000,"CURRENTDEBT_DEBT":57.915432983543,"ISSUED_COMMON_SHARES":272601253,"HK_COMMON_SHARES":272601253,"PER_SHARES":1000,"TOTAL_MARKET_CAP":681503132.5,"HKSK_MARKET_CAP":681503132.5,"PE_TTM":4.270390834524,"PB_TTM":0.590183456147,"REPORT_DATE_SQ":"2022-12-31 00:00:00","REPORT_TYPE_SQ":"2022年年报","OPERATE_INCOME_SQ":3332963664.38,"DPS_HKD":0.25,"OPERATE_INCOME_QOQ_SQ":16.953531369262,"NET_PROFIT_RATIO_SQ":1.0673259016,"HOLDER_PROFIT_SQ":27487704.44,"HOLDER_PROFIT_QOQ_SQ":-4.322443609679,"ROE_AVG_SQ":3.007878918505,"PE_TTM_SQ":4.481534977302,"PB_TTM_SQ":0.511464769095,"ROA_SQ":1.120826903051,"START_DATE":"2023-01-01 00:00:00","FISCAL_YEAR":"12-31","CURRENCY":"HKD","IS_CNY_CODE":0,"DPS_HKD_LY":0.06,"ORG_TYPE":"一般企业","PREMIUM_INCOME":null,"PREMIUM_INCOME_YOY":null,"NET_INTEREST_INCOME":null,"NET_INTEREST_INCOME_YOY":null,"FEE_COMMISSION_INCOME":null,"FEE_COMMISSION_INCOME_YOY":null,"ACCOUNTS_RECE_TDAYS":7.946561935676,"INVENTORY_TDAYS":3.049815768788,"CURRENT_ASSETS_TDAYS":2.342981573962,"TOTAL_ASSETS_TDAYS":1.361454520323,"PREMIUM_EXPENSE":null,"LOAN_DEPOSIT":null,"LOAN_EQUITY":null,"LOAN_ASSETS":null,"DEPOSIT_EQUITY":null,"DEPOSIT_ASSETS":null,"EQUITY_MULTIPLIER":2.586330284517,"EQUITY_RATIO":1.61974104411},{"SECUCODE":"00458.HK","SECURITY_CODE":"00458","SECURITY_NAME_ABBR":"联亚集团","ORG_CODE":"10008912","STD_REPORT_DATE":"2023-06-30 00:00:00","REPORT_DATE":"2023-06-30 00:00:00","DATE_TYPE_CODE":"002","REPORT_TYPE":"2023年中报","PER_NETCASH_OPERATE":0.279258111933,"PER_OI":6.977060271583,"BPS":3.681909867964,"BASIC_EPS":0.2489346,"DILUTED_EPS":0.2489346,"OPERATE_INCOME":1895020174.38,"OPERATE_INCOME_YOY":26.484595432,"GROSS_PROFIT":808870571.62,"GROSS_PROFIT_YOY":49.524122600523,"HOLDER_PROFIT":68388788.48,"HOLDER_PROFIT_YOY":484.451124702,"GROSS_PROFIT_RATIO":42.684008463638,"EPS_TTM":0.413746420756,"OPERATE_INCOME_QOQ":15.16164588983,"NET_PROFIT_RATIO":3.8000253968,"ROE_AVG":7.034971421851,"GROSS_PROFIT_QOQ":20.698597596805,"ROA":2.430910075564,"HOLDER_PROFIT_QOQ":308.824712974104,"ROE_YEARLY":14.069942843702,"ROIC_YEARLY":5.376358114622,"TOTAL_ASSETS":2790396441.48,"TOTAL_LIABILITIES":1765261631.16,"TAX_EBT":32.073748749837,"OCF_SALES":4.002518267903,"TOTAL_PARENT_EQUITY":1003693243.44,"DEBT_ASSET_RATIO":63.2620370682,"OPERATE_PROFIT":135175175.72,"PRETAX_PROFIT":106013870.3,"NETCASH_OPERATE":75848528.66,"NETCASH_INVEST":-42665546.48,"NETCASH_FINANCE":-88326605.98,"END_CASH":211019094.48,"DIVI_RATIO":0.548506497254,"DIVIDEND_RATE":10,"CURRENT_RATIO":1.562487709306,"COMMON_ACS":500000000,"CURRENTDEBT_DEBT":57.368009267529,"ISSUED_COMMON_SHARES":272601253,"HK_COMMON_SHARES":272601253,"PER_SHARES":1000,"TOTAL_MARKET_CAP":681503132.5,"HKSK_MARKET_CAP":681503132.5,"PE_TTM":4.270390834524,"PB_TTM":0.590183456147,"REPORT_DATE_SQ":"2022-06-30 00:00:00","REPORT_TYPE_SQ":"2022年中报","OPERATE_INCOME_SQ":1389688025.95,"DPS_HKD":0.25,"OPERATE_INCOME_QOQ_SQ":14.74582906922,"NET_PROFIT_RATIO_SQ":-0.9014741493,"HOLDER_PROFIT_SQ":-16500035.86,"HOLDER_PROFIT_QOQ_SQ":66.266904642763,"ROE_AVG_SQ":-1.944407912472,"PE_TTM_SQ":4.481534977302,"PB_TTM_SQ":0.511464769095,"ROA_SQ":-0.726269937228,"START_DATE":"2023-01-01 00:00:00","FISCAL_YEAR":"12-31","CURRENCY":"HKD","IS_CNY_CODE":0,"DPS_HKD_LY":0.06,"ORG_TYPE":"一般企业","PREMIUM_INCOME":null,"PREMIUM_INCOME_YOY":null,"NET_INTEREST_INCOME":null,"NET_INTEREST_INCOME_YOY":null,"FEE_COMMISSION_INCOME":null,"FEE_COMMISSION_INCOME_YOY":null,"ACCOUNTS_RECE_TDAYS":3.687522874551,"INVENTORY_TDAYS":1.439001986158,"CURRENT_ASSETS_TDAYS":1.184299616629,"TOTAL_ASSETS_TDAYS":0.673593397059,"PREMIUM_EXPENSE":null,"LOAN_DEPOSIT":null,"LOAN_EQUITY":null,"LOAN_ASSETS":null,"DEPOSIT_EQUITY":null,"DEPOSIT_ASSETS":null,"EQUITY_MULTIPLIER":2.721979990715,"EQUITY_RATIO":1.758766079873},{"SECUCODE":"00458.HK","SECURITY_CODE":"00458","SECURITY_NAME_ABBR":"联亚集团","ORG_CODE":"10008912","STD_REPORT_DATE":"2022-12-31 00:00:00","REPORT_DATE":"2022-12-31 00:00:00","DATE_TYPE_CODE":"001","REPORT_TYPE":"2022年年报","PER_NETCASH_OPERATE":0.199681295146,"PER_OI":12.271261638142,"BPS":3.342869021112,"BASIC_EPS":0.0982597,"DILUTED_EPS":0.0982597,"OPERATE_INCOME":3332963664.38,"OPERATE_INCOME_YOY":22.8311115588,"GROSS_PROFIT":1294325898.25,"GROSS_PROFIT_YOY":29.248715019469,"HOLDER_PROFIT":27487704.44,"HOLDER_PROFIT_YOY":45.6042396139,"GROSS_PROFIT_RATIO":38.83408367402,"EPS_TTM":0.101203867483,"OPERATE_INCOME_QOQ":16.953531369262,"NET_PROFIT_RATIO":1.0673259016,"ROE_AVG":3.007878918505,"GROSS_PROFIT_QOQ":15.491661201109,"ROA":1.120826903051,"HOLDER_PROFIT_QOQ":-4.322443609679,"ROE_YEARLY":3.007878918505,"ROIC_YEARLY":1.287243501401,"TOTAL_ASSETS":2747885213.43,"TOTAL_LIABILITIES":1819350700.37,"TAX_EBT":67.135677562574,"OCF_SALES":1.627227102102,"TOTAL_PARENT_EQUITY":911270283.77,"DEBT_ASSET_RATIO":66.2091229822,"OPERATE_PROFIT":162622483.31,"PRETAX_PROFIT":108243778.79,"NETCASH_OPERATE":54234888.05,"NETCASH_INVEST":-74483532.41,"NETCASH_FINANCE":-35619141.25,"END_CASH":259263578.07,"DIVI_RATIO":2.242430113043,"DIVIDEND_RATE":10,"CURRENT_RATIO":1.432366382804,"COMMON_ACS":500000000,"CURRENTDEBT_DEBT":60.151438751607,"ISSUED_COMMON_SHARES":272601253,"HK_COMMON_SHARES":272601253,"PER_SHARES":1000,"TOTAL_MARKET_CAP":681503132.5,"HKSK_MARKET_CAP":681503132.5,"PE_TTM":4.270390834524,"PB_TTM":0.590183456147,"REPORT_DATE_SQ":"2021-12-31 00:00:00","REPORT_TYPE_SQ":"2021年年报","OPERATE_INCOME_SQ":2483592451.2,"DPS_HKD":0.25,"OPERATE_INCOME_QOQ_SQ":16.880221170766,"NET_PROFIT_RATIO_SQ":0.9611668448,"HOLDER_PROFIT_SQ":17279158.4,"HOLDER_PROFIT_QOQ_SQ":136.99945744248,"ROE_AVG_SQ":2.049922111883,"PE_TTM_SQ":4.481534977302,"PB_TTM_SQ":0.511464769095,"ROA_SQ":0.907861351607,"START_DATE":"2022-01-01 00:00:00","FISCAL_YEAR":"12-31","CURRENCY":"HKD","IS_CNY_CODE":0,"DPS_HKD_LY":null,"ORG_TYPE":"一般企业","PREMIUM_INCOME":null,"PREMIUM_INCOME_YOY":null,"NET_INTEREST_INCOME":null,"NET_INTEREST_INCOME_YOY":null,"FEE_COMMISSION_INCOME":null,"FEE_COMMISSION_INCOME_YOY":null,"ACCOUNTS_RECE_TDAYS":8.041687006917,"INVENTORY_TDAYS":3.294769081516,"CURRENT_ASSETS_TDAYS":2.342461930695,"TOTAL_ASSETS_TDAYS":1.35903503695,"PREMIUM_EXPENSE":null,"LOAN_DEPOSIT":null,"LOAN_EQUITY":null,"LOAN_ASSETS":null,"DEPOSIT_EQUITY":null,"DEPOSIT_ASSETS":null,"EQUITY_MULTIPLIER":2.959378649667,"EQUITY_RATIO":1.996499537814},{"SECUCODE":"00458.HK","SECURITY_CODE":"00458","SECURITY_NAME_ABBR":"联亚集团","ORG_CODE":"10008912","STD_REPORT_DATE":"2022-06-30 00:00:00","REPORT_DATE":"2022-06-30 00:00:00","DATE_TYPE_CODE":"002","REPORT_TYPE":"2022年中报","PER_NETCASH_OPERATE":-0.382828993672,"PER_OI":5.116535035793,"BPS":3.007334280265,"BASIC_EPS":-0.0598633,"DILUTED_EPS":-0.0598633,"OPERATE_INCOME":1389688025.95,"OPERATE_INCOME_YOY":32.1137980039,"GROSS_PROFIT":540963262.35,"GROSS_PROFIT_YOY":28.288688040183,"HOLDER_PROFIT":-16500035.86,"HOLDER_PROFIT_YOY":42.5619957727,"GROSS_PROFIT_RATIO":38.926957147824,"EPS_TTM":0.105775974326,"OPERATE_INCOME_QOQ":14.74582906922,"NET_PROFIT_RATIO":-0.9014741493,"ROE_AVG":-1.944407912472,"GROSS_PROFIT_QOQ":11.911729102592,"ROA":-0.726269937228,"HOLDER_PROFIT_QOQ":66.266904642763,"ROE_YEARLY":-3.888815824945,"ROIC_YEARLY":-1.679376522544,"TOTAL_ASSETS":2478716048.41,"TOTAL_LIABILITIES":1646153520.62,"TAX_EBT":173.528083120012,"OCF_SALES":-7.482192362485,"TOTAL_PARENT_EQUITY":819803092.99,"DEBT_ASSET_RATIO":66.4115408328,"OPERATE_PROFIT":39535433.7,"PRETAX_PROFIT":17037950.37,"NETCASH_OPERATE":-103979131.34,"NETCASH_INVEST":-15074434.13,"NETCASH_FINANCE":74221940.1,"END_CASH":258294746.08,"DIVI_RATIO":2.14550233592,"DIVIDEND_RATE":10,"CURRENT_RATIO":1.44005306867,"COMMON_ACS":500000000,"CURRENTDEBT_DEBT":58.070453603256,"ISSUED_COMMON_SHARES":272601253,"HK_COMMON_SHARES":272601253,"PER_SHARES":1000,"TOTAL_MARKET_CAP":681503132.5,"HKSK_MARKET_CAP":681503132.5,"PE_TTM":4.270390834524,"PB_TTM":0.590183456147,"REPORT_DATE_SQ":"2021-06-30 00:00:00","REPORT_TYPE_SQ":"2021年中报","OPERATE_INCOME_SQ":1023461728.32,"DPS_HKD":0.25,"OPERATE_INCOME_QOQ_SQ":10.873604155536,"NET_PROFIT_RATIO_SQ":-2.5231625263,"HOLDER_PROFIT_SQ":-27950399.28,"HOLDER_PROFIT_QOQ_SQ":67.25140976355,"ROE_AVG_SQ":-3.321556447474,"PE_TTM_SQ":4.481534977302,"PB_TTM_SQ":0.511464769095,"ROA_SQ":-1.51033779482,"START_DATE":"2022-01-01 00:00:00","FISCAL_YEAR":"12-31","CURRENCY":"HKD","IS_CNY_CODE":0,"DPS_HKD_LY":null,"ORG_TYPE":"一般企业","PREMIUM_INCOME":null,"PREMIUM_INCOME_YOY":null,"NET_INTEREST_INCOME":null,"NET_INTEREST_INCOME_YOY":null,"FEE_COMMISSION_INCOME":null,"FEE_COMMISSION_INCOME_YOY":null,"ACCOUNTS_RECE_TDAYS":3.948370057111,"INVENTORY_TDAYS":1.465120999738,"CURRENT_ASSETS_TDAYS":1.068883579203,"TOTAL_ASSETS_TDAYS":0.611688752641,"PREMIUM_EXPENSE":null,"LOAN_DEPOSIT":null,"LOAN_EQUITY":null,"LOAN_ASSETS":null,"DEPOSIT_EQUITY":null,"DEPOSIT_ASSETS":null,"EQUITY_MULTIPLIER":2.977213080904,"EQUITY_RATIO":2.007986472235},{"SECUCODE":"00458.HK","SECURITY_CODE":"00458","SECURITY_NAME_ABBR":"联亚集团","ORG_CODE":"10008912","STD_REPORT_DATE":"2021-12-31 00:00:00","REPORT_DATE":"2021-12-31 00:00:00","DATE_TYPE_CODE":"001","REPORT_TYPE":"2021年年报","PER_NETCASH_OPERATE":0.598120439737,"PER_OI":9.144057913652,"BPS":3.077059147633,"BASIC_EPS":0.065408,"DILUTED_EPS":0.065408,"OPERATE_INCOME":2483592451.2,"OPERATE_INCOME_YOY":33.3996453405,"GROSS_PROFIT":1001422643.2,"GROSS_PROFIT_YOY":52.556976360301,"HOLDER_PROFIT":17279158.4,"HOLDER_PROFIT_YOY":112.4730725875,"GROSS_PROFIT_RATIO":40.321536760838,"EPS_TTM":0.063618177384,"OPERATE_INCOME_QOQ":16.880221170766,"NET_PROFIT_RATIO":0.9611668448,"ROE_AVG":2.049922111883,"GROSS_PROFIT_QOQ":20.450959960051,"ROA":0.907861351607,"HOLDER_PROFIT_QOQ":136.99945744248,"ROE_YEARLY":2.049922111883,"ROIC_YEARLY":1.082195442428,"TOTAL_ASSETS":1974288971.2,"TOTAL_LIABILITIES":1127077952,"TAX_EBT":65.442429694158,"OCF_SALES":6.541083240993,"TOTAL_PARENT_EQUITY":838810179.2,"DEBT_ASSET_RATIO":57.087790513,"OPERATE_PROFIT":94014188.8,"PRETAX_PROFIT":69077388.8,"NETCASH_OPERATE":162453849.6,"NETCASH_INVEST":-12376011.2,"NETCASH_FINANCE":-104514625.6,"END_CASH":300544036.8,"DIVI_RATIO":3.567260322973,"DIVIDEND_RATE":10,"CURRENT_RATIO":1.60599397729,"COMMON_ACS":500000000,"CURRENTDEBT_DEBT":64.631706467806,"ISSUED_COMMON_SHARES":272601253,"HK_COMMON_SHARES":272601253,"PER_SHARES":1000,"TOTAL_MARKET_CAP":681503132.5,"HKSK_MARKET_CAP":681503132.5,"PE_TTM":4.270390834524,"PB_TTM":0.590183456147,"REPORT_DATE_SQ":"2020-12-31 00:00:00","REPORT_TYPE_SQ":"2020年年报","OPERATE_INCOME_SQ":1916510226.96,"DPS_HKD":0.25,"OPERATE_INCOME_QOQ_SQ":-18.657856591255,"NET_PROFIT_RATIO_SQ":-7.3246662222,"HOLDER_PROFIT_SQ":-142604956.68,"HOLDER_PROFIT_QOQ_SQ":-11.563736799019,"ROE_AVG_SQ":-15.594552854358,"PE_TTM_SQ":4.481534977302,"PB_TTM_SQ":0.511464769095,"ROA_SQ":-7.501030945178,"START_DATE":"2021-01-01 00:00:00","FISCAL_YEAR":"12-31","CURRENCY":"HKD","IS_CNY_CODE":0,"DPS_HKD_LY":null,"ORG_TYPE":"一般企业","PREMIUM_INCOME":null,"PREMIUM_INCOME_YOY":null,"NET_INTEREST_INCOME":null,"NET_INTEREST_INCOME_YOY":null,"FEE_COMMISSION_INCOME":null,"FEE_COMMISSION_INCOME_YOY":null,"ACCOUNTS_RECE_TDAYS":8.4620315314,"INVENTORY_TDAYS":3.904802625273,"CURRENT_ASSETS_TDAYS":2.373571196111,"TOTAL_ASSETS_TDAYS":1.304900127304,"PREMIUM_EXPENSE":null,"LOAN_DEPOSIT":null,"LOAN_EQUITY":null,"LOAN_ASSETS":null,"DEPOSIT_EQUITY":null,"DEPOSIT_ASSETS":null,"EQUITY_MULTIPLIER":2.330339108507,"EQUITY_RATIO":1.34366270218},{"SECUCODE":"00458.HK","SECURITY_CODE":"00458","SECURITY_NAME_ABBR":"联亚集团","ORG_CODE":"10008912","STD_REPORT_DATE":"2021-06-30 00:00:00","REPORT_DATE":"2021-06-30 00:00:00","DATE_TYPE_CODE":"002","REPORT_TYPE":"2021年中报","PER_NETCASH_OPERATE":-0.146385187438,"PER_OI":3.768167885855,"BPS":3.011517490274,"BASIC_EPS":-0.0998496,"DILUTED_EPS":-0.0998496,"OPERATE_INCOME":1023461728.32,"OPERATE_INCOME_YOY":37.8455372933,"GROSS_PROFIT":421676509.92,"GROSS_PROFIT_YOY":70.921741868724,"HOLDER_PROFIT":-27950399.28,"HOLDER_PROFIT_YOY":75.2262318295,"GROSS_PROFIT_RATIO":41.201004224377,"EPS_TTM":-0.171943541287,"OPERATE_INCOME_QOQ":10.873604155536,"NET_PROFIT_RATIO":-2.5231625263,"ROE_AVG":-3.321556447474,"GROSS_PROFIT_QOQ":26.654844769107,"ROA":-1.51033779482,"HOLDER_PROFIT_QOQ":67.25140976355,"ROE_YEARLY":-6.643112894948,"ROIC_YEARLY":-3.485517090743,"TOTAL_ASSETS":1836487096.32,"TOTAL_LIABILITIES":1011576297.6,"TAX_EBT":-77.932576539388,"OCF_SALES":-3.884784114523,"TOTAL_PARENT_EQUITY":820943441.28,"DEBT_ASSET_RATIO":55.0821347793,"OPERATE_PROFIT":-1968701.28,"PRETAX_PROFIT":-14513139.36,"NETCASH_OPERATE":-39759278.64,"NETCASH_INVEST":13376518.08,"NETCASH_FINANCE":-54096017.04,"END_CASH":179886543.12,"DIVI_RATIO":-1.319866965061,"DIVIDEND_RATE":10,"CURRENT_RATIO":1.545448781789,"COMMON_ACS":500000000,"CURRENTDEBT_DEBT":62.27535945777,"ISSUED_COMMON_SHARES":272601253,"HK_COMMON_SHARES":272601253,"PER_SHARES":1000,"TOTAL_MARKET_CAP":681503132.5,"HKSK_MARKET_CAP":681503132.5,"PE_TTM":4.270390834524,"PB_TTM":0.590183456147,"REPORT_DATE_SQ":"2020-06-30 00:00:00","REPORT_TYPE_SQ":"2020年中报","OPERATE_INCOME_SQ":815067992.64,"DPS_HKD":0.25,"OPERATE_INCOME_QOQ_SQ":-12.362181181872,"NET_PROFIT_RATIO_SQ":-15.1936667466,"HOLDER_PROFIT_SQ":-123854243.04,"HOLDER_PROFIT_QOQ_SQ":-267.497171621338,"ROE_AVG_SQ":-12.775062478065,"PE_TTM_SQ":4.481534977302,"PB_TTM_SQ":0.511464769095,"ROA_SQ":-6.138839338265,"START_DATE":"2021-01-01 00:00:00","FISCAL_YEAR":"12-31","CURRENCY":"HKD","IS_CNY_CODE":0,"DPS_HKD_LY":null,"ORG_TYPE":"一般企业","PREMIUM_INCOME":null,"PREMIUM_INCOME_YOY":null,"NET_INTEREST_INCOME":null,"NET_INTEREST_INCOME_YOY":null,"FEE_COMMISSION_INCOME":null,"FEE_COMMISSION_INCOME_YOY":null,"ACCOUNTS_RECE_TDAYS":4.151884206689,"INVENTORY_TDAYS":1.533795870672,"CURRENT_ASSETS_TDAYS":1.070153557836,"TOTAL_ASSETS_TDAYS":0.553041448298,"PREMIUM_EXPENSE":null,"LOAN_DEPOSIT":null,"LOAN_EQUITY":null,"LOAN_ASSETS":null,"DEPOSIT_EQUITY":null,"DEPOSIT_ASSETS":null,"EQUITY_MULTIPLIER":2.226285677395,"EQUITY_RATIO":1.232211924396},{"SECUCODE":"00458.HK","SECURITY_CODE":"00458","SECURITY_NAME_ABBR":"联亚集团","ORG_CODE":"10008912","STD_REPORT_DATE":"2020-12-31 00:00:00","REPORT_DATE":"2020-12-31 00:00:00","DATE_TYPE_CODE":"001","REPORT_TYPE":"2020年年报","PER_NETCASH_OPERATE":0.668583936527,"PER_OI":7.056182063592,"BPS":3.198556917858,"BASIC_EPS":-0.5218168,"DILUTED_EPS":-0.5218168,"OPERATE_INCOME":1916510226.96,"OPERATE_INCOME_YOY":-24.1278892516,"GROSS_PROFIT":656425335.04,"GROSS_PROFIT_YOY":-11.564428047067,"HOLDER_PROFIT":-142604956.68,"HOLDER_PROFIT_YOY":-336.3671482655,"GROSS_PROFIT_RATIO":34.25107394711,"EPS_TTM":-0.525041047707,"OPERATE_INCOME_QOQ":-18.657856591255,"NET_PROFIT_RATIO":-7.3246662222,"ROE_AVG":-15.594552854358,"GROSS_PROFIT_QOQ":-1.747620278757,"ROA":-7.501030945178,"HOLDER_PROFIT_QOQ":-11.563736799019,"ROE_YEARLY":-15.594552854358,"ROIC_YEARLY":-8.752035475711,"TOTAL_ASSETS":1886148905.6,"TOTAL_LIABILITIES":1012356574.32,"TAX_EBT":-9.010163066566,"OCF_SALES":9.475151441693,"TOTAL_PARENT_EQUITY":871930623.6,"DEBT_ASSET_RATIO":53.6732052975,"OPERATE_PROFIT":-100517065.2,"PRETAX_PROFIT":-128775128.2,"NETCASH_OPERATE":181592246.4,"NETCASH_INVEST":-49426992.28,"NETCASH_FINANCE":-84882760.56,"END_CASH":264630973.72,"DIVI_RATIO":-0.432237824054,"DIVIDEND_RATE":10,"CURRENT_RATIO":1.617919497721,"COMMON_ACS":500000000,"CURRENTDEBT_DEBT":57.997835119941,"ISSUED_COMMON_SHARES":272601253,"HK_COMMON_SHARES":272601253,"PER_SHARES":1000,"TOTAL_MARKET_CAP":681503132.5,"HKSK_MARKET_CAP":681503132.5,"PE_TTM":4.270390834524,"PB_TTM":0.590183456147,"REPORT_DATE_SQ":"2019-12-31 00:00:00","REPORT_TYPE_SQ":"2019年年报","OPERATE_INCOME_SQ":2688462412.34,"DPS_HKD":0.25,"OPERATE_INCOME_QOQ_SQ":4.322684048696,"NET_PROFIT_RATIO_SQ":-1.2307193029,"HOLDER_PROFIT_SQ":-34782241.62,"HOLDER_PROFIT_QOQ_SQ":-14.656323676671,"ROE_AVG_SQ":-3.352084077924,"PE_TTM_SQ":4.481534977302,"PB_TTM_SQ":0.511464769095,"ROA_SQ":-1.79412912379,"START_DATE":"2020-01-01 00:00:00","FISCAL_YEAR":"12-31","CURRENCY":"HKD","IS_CNY_CODE":0,"DPS_HKD_LY":null,"ORG_TYPE":"一般企业","PREMIUM_INCOME":null,"PREMIUM_INCOME_YOY":null,"NET_INTEREST_INCOME":null,"NET_INTEREST_INCOME_YOY":null,"FEE_COMMISSION_INCOME":null,"FEE_COMMISSION_INCOME_YOY":null,"ACCOUNTS_RECE_TDAYS":7.174927765927,"INVENTORY_TDAYS":3.69082137513,"CURRENT_ASSETS_TDAYS":2.017015781008,"TOTAL_ASSETS_TDAYS":1.008085753389,"PREMIUM_EXPENSE":null,"LOAN_DEPOSIT":null,"LOAN_EQUITY":null,"LOAN_ASSETS":null,"DEPOSIT_EQUITY":null,"DEPOSIT_ASSETS":null,"EQUITY_MULTIPLIER":2.158578003123,"EQUITY_RATIO":1.161051747604},{"SECUCODE":"00458.HK","SECURITY_CODE":"00458","SECURITY_NAME_ABBR":"联亚集团","ORG_CODE":"10008912","STD_REPORT_DATE":"2020-06-30 00:00:00","REPORT_DATE":"2020-06-30 00:00:00","DATE_TYPE_CODE":"002","REPORT_TYPE":"2020年中报","PER_NETCASH_OPERATE":0.002428151946,"PER_OI":3.000906579766,"BPS":3.302934935813,"BASIC_EPS":-0.45672,"DILUTED_EPS":-0.45672,"OPERATE_INCOME":815067992.64,"OPERATE_INCOME_YOY":-31.5921376336,"GROSS_PROFIT":246707355.84,"GROSS_PROFIT_YOY":-23.113002136035,"HOLDER_PROFIT":-123854243.04,"HOLDER_PROFIT_YOY":-287.0931825968,"GROSS_PROFIT_RATIO":30.268316026117,"EPS_TTM":-0.470619811394,"OPERATE_INCOME_QOQ":-12.362181181872,"NET_PROFIT_RATIO":-15.1936667466,"ROE_AVG":-12.775062478065,"GROSS_PROFIT_QOQ":-9.991419847704,"ROA":-6.138839338265,"HOLDER_PROFIT_QOQ":-267.497171621338,"ROE_YEARLY":-25.55012495613,"ROIC_YEARLY":-13.87309318636,"TOTAL_ASSETS":1955511534.24,"TOTAL_LIABILITIES":1055508236.64,"TAX_EBT":-2.035071874765,"OCF_SALES":0.080913946561,"TOTAL_PARENT_EQUITY":900384202.08,"DEBT_ASSET_RATIO":53.9760680599,"OPERATE_PROFIT":-106519892.16,"PRETAX_PROFIT":-121368772.8,"NETCASH_OPERATE":659503.68,"NETCASH_INVEST":-22058662.56,"NETCASH_FINANCE":-40575004.8,"END_CASH":165813109.44,"DIVI_RATIO":-0.482220668373,"DIVIDEND_RATE":10,"CURRENT_RATIO":1.577711750162,"COMMON_ACS":500000000,"CURRENTDEBT_DEBT":57.261639886771,"ISSUED_COMMON_SHARES":272601253,"HK_COMMON_SHARES":272601253,"PER_SHARES":1000,"TOTAL_MARKET_CAP":681503132.5,"HKSK_MARKET_CAP":681503132.5,"PE_TTM":4.270390834524,"PB_TTM":0.590183456147,"REPORT_DATE_SQ":"2019-06-30 00:00:00","REPORT_TYPE_SQ":"2019年中报","OPERATE_INCOME_SQ":1147420587.06,"DPS_HKD":0.25,"OPERATE_INCOME_QOQ_SQ":14.073512294479,"NET_PROFIT_RATIO_SQ":-2.6196899549,"HOLDER_PROFIT_SQ":-30812730.48,"HOLDER_PROFIT_QOQ_SQ":56.966837138654,"ROE_AVG_SQ":-2.999739231302,"PE_TTM_SQ":4.481534977302,"PB_TTM_SQ":0.511464769095,"ROA_SQ":-1.597331032583,"START_DATE":"2020-01-01 00:00:00","FISCAL_YEAR":"12-31","CURRENCY":"HKD","IS_CNY_CODE":0,"DPS_HKD_LY":null,"ORG_TYPE":"一般企业","PREMIUM_INCOME":null,"PREMIUM_INCOME_YOY":null,"NET_INTEREST_INCOME":null,"NET_INTEREST_INCOME_YOY":null,"FEE_COMMISSION_INCOME":null,"FEE_COMMISSION_INCOME_YOY":null,"ACCOUNTS_RECE_TDAYS":3.010113481493,"INVENTORY_TDAYS":1.346932104638,"CURRENT_ASSETS_TDAYS":0.821211654077,"TOTAL_ASSETS_TDAYS":0.403988699439,"PREMIUM_EXPENSE":null,"LOAN_DEPOSIT":null,"LOAN_EQUITY":null,"LOAN_ASSETS":null,"DEPOSIT_EQUITY":null,"DEPOSIT_ASSETS":null,"EQUITY_MULTIPLIER":2.172782632526,"EQUITY_RATIO":1.172286490813}],"count":47},"success":true,"message":"ok","code":0}