{"version":"9ed6eb7825426961dcd091eba58376a0","result":{"pages":6,"data":[{"SECUCODE":"00459.HK","SECURITY_CODE":"00459","SECURITY_NAME_ABBR":"鋑联控股","ORG_CODE":"10010708","STD_REPORT_DATE":"2024-06-30 00:00:00","REPORT_DATE":"2024-06-30 00:00:00","DATE_TYPE_CODE":"002","REPORT_TYPE":"2024年中报","PER_NETCASH_OPERATE":-0.003583414481,"PER_OI":0.101885654681,"BPS":0.577830135125,"BASIC_EPS":0.0048006968,"DILUTED_EPS":0.0048006968,"OPERATE_INCOME":183932400.4,"OPERATE_INCOME_YOY":-12.5755360729,"GROSS_PROFIT":183932400.4,"GROSS_PROFIT_YOY":-13.457385478057,"HOLDER_PROFIT":8674110.72,"HOLDER_PROFIT_YOY":-45.7255439438,"GROSS_PROFIT_RATIO":null,"EPS_TTM":-0.004506186613,"OPERATE_INCOME_QOQ":-7.948495268571,"NET_PROFIT_RATIO":4.6102317273,"ROE_AVG":0.835004836597,"GROSS_PROFIT_QOQ":-7.948495268571,"ROA":0.561507325768,"HOLDER_PROFIT_QOQ":-1124.6634424035,"ROE_YEARLY":1.670009673194,"ROIC_YEARLY":1.287886897946,"TOTAL_ASSETS":1545838059.8,"TOTAL_LIABILITIES":497384132.28,"TAX_EBT":15.336249316566,"OCF_SALES":-3.517094229147,"TOTAL_PARENT_EQUITY":1043146693.32,"DEBT_ASSET_RATIO":32.1756945449,"OPERATE_PROFIT":18060111.84,"PRETAX_PROFIT":10015750.32,"NETCASH_OPERATE":-6469075.84,"NETCASH_INVEST":3106762.72,"NETCASH_FINANCE":-12009956.12,"END_CASH":184669845.84,"DIVI_RATIO":null,"DIVIDEND_RATE":null,"CURRENT_RATIO":2.248793744864,"COMMON_ACS":5000000000,"CURRENTDEBT_DEBT":53.812588192766,"ISSUED_COMMON_SHARES":1805282608,"HK_COMMON_SHARES":1805282608,"PER_SHARES":10000,"TOTAL_MARKET_CAP":124564499.952,"HKSK_MARKET_CAP":124564499.952,"PE_TTM":-14.252231115789,"PB_TTM":0.108985177774,"REPORT_DATE_SQ":"2023-06-30 00:00:00","REPORT_TYPE_SQ":"2023年中报","OPERATE_INCOME_SQ":212533907.62,"DPS_HKD":null,"OPERATE_INCOME_QOQ_SQ":-2.935937593703,"NET_PROFIT_RATIO_SQ":7.5499199632,"HOLDER_PROFIT_SQ":16144791.78,"HOLDER_PROFIT_QOQ_SQ":478.596875173041,"ROE_AVG_SQ":1.532154373893,"PE_TTM_SQ":12.812988252521,"PB_TTM_SQ":0.148916436429,"ROA_SQ":0.976763722021,"START_DATE":"2024-01-01 00:00:00","FISCAL_YEAR":"12-31","CURRENCY":"HKD","IS_CNY_CODE":0,"DPS_HKD_LY":null,"ORG_TYPE":"一般企业","PREMIUM_INCOME":null,"PREMIUM_INCOME_YOY":null,"NET_INTEREST_INCOME":null,"NET_INTEREST_INCOME_YOY":null,"FEE_COMMISSION_INCOME":null,"FEE_COMMISSION_INCOME_YOY":null,"ACCOUNTS_RECE_TDAYS":1.998789994644,"INVENTORY_TDAYS":null,"CURRENT_ASSETS_TDAYS":0.309140372555,"TOTAL_ASSETS_TDAYS":0.119066257746,"PREMIUM_EXPENSE":null,"LOAN_DEPOSIT":null,"LOAN_EQUITY":null,"LOAN_ASSETS":null,"DEPOSIT_EQUITY":null,"DEPOSIT_ASSETS":null,"EQUITY_MULTIPLIER":1.474397700485,"EQUITY_RATIO":0.476811301292},{"SECUCODE":"00459.HK","SECURITY_CODE":"00459","SECURITY_NAME_ABBR":"鋑联控股","ORG_CODE":"10010708","STD_REPORT_DATE":"2023-12-31 00:00:00","REPORT_DATE":"2023-12-31 00:00:00","DATE_TYPE_CODE":"001","REPORT_TYPE":"2023年年报","PER_NETCASH_OPERATE":0.030714793847,"PER_OI":0.199323636347,"BPS":0.568969380942,"BASIC_EPS":-0.0003715502,"DILUTED_EPS":-0.0003715502,"OPERATE_INCOME":359835494.06,"OPERATE_INCOME_YOY":-11.7778276451,"GROSS_PROFIT":359835494.06,"GROSS_PROFIT_YOY":-10.498844659021,"HOLDER_PROFIT":-664259.26,"HOLDER_PROFIT_YOY":80.1301165628,"GROSS_PROFIT_RATIO":null,"EPS_TTM":-0.00036795306,"OPERATE_INCOME_QOQ":-7.791665501966,"NET_PROFIT_RATIO":-0.4268736479,"ROE_AVG":-0.064650391761,"GROSS_PROFIT_QOQ":-7.791665501966,"ROA":-0.041743036587,"HOLDER_PROFIT_QOQ":-105.324381776435,"ROE_YEARLY":-0.064650391761,"ROIC_YEARLY":-0.047799479553,"TOTAL_ASSETS":1532815850.58,"TOTAL_LIABILITIES":500202628.52,"TAX_EBT":128.506559031282,"OCF_SALES":15.409509082713,"TOTAL_PARENT_EQUITY":1027150527.9,"DEBT_ASSET_RATIO":32.6329238004,"OPERATE_PROFIT":20051023.72,"PRETAX_PROFIT":5388384.12,"NETCASH_OPERATE":55448883.14,"NETCASH_INVEST":31783854.06,"NETCASH_FINANCE":-81436554.08,"END_CASH":198626205.82,"DIVI_RATIO":null,"DIVIDEND_RATE":null,"CURRENT_RATIO":2.543305439331,"COMMON_ACS":5000000000,"CURRENTDEBT_DEBT":45.89775457184,"ISSUED_COMMON_SHARES":1805282608,"HK_COMMON_SHARES":1805282608,"PER_SHARES":10000,"TOTAL_MARKET_CAP":142617326.032,"HKSK_MARKET_CAP":142617326.032,"PE_TTM":-16.317771857208,"PB_TTM":0.124780131075,"REPORT_DATE_SQ":"2022-12-31 00:00:00","REPORT_TYPE_SQ":"2022年年报","OPERATE_INCOME_SQ":402045641.41,"DPS_HKD":null,"OPERATE_INCOME_QOQ_SQ":-5.755926492035,"NET_PROFIT_RATIO_SQ":-0.8114058962,"HOLDER_PROFIT_SQ":-3295273.03,"HOLDER_PROFIT_QOQ_SQ":-124.497868918866,"ROE_AVG_SQ":-0.325732755214,"PE_TTM_SQ":12.138620449757,"PB_TTM_SQ":0.141078729249,"ROA_SQ":-0.204161993604,"START_DATE":"2023-01-01 00:00:00","FISCAL_YEAR":"12-31","CURRENCY":"HKD","IS_CNY_CODE":0,"DPS_HKD_LY":null,"ORG_TYPE":"一般企业","PREMIUM_INCOME":null,"PREMIUM_INCOME_YOY":null,"NET_INTEREST_INCOME":null,"NET_INTEREST_INCOME_YOY":null,"FEE_COMMISSION_INCOME":null,"FEE_COMMISSION_INCOME_YOY":null,"ACCOUNTS_RECE_TDAYS":3.695627489669,"INVENTORY_TDAYS":null,"CURRENT_ASSETS_TDAYS":0.594158712963,"TOTAL_ASSETS_TDAYS":0.226125958616,"PREMIUM_EXPENSE":null,"LOAN_DEPOSIT":null,"LOAN_EQUITY":null,"LOAN_ASSETS":null,"DEPOSIT_EQUITY":null,"DEPOSIT_ASSETS":null,"EQUITY_MULTIPLIER":1.484404632668,"EQUITY_RATIO":0.486980841594},{"SECUCODE":"00459.HK","SECURITY_CODE":"00459","SECURITY_NAME_ABBR":"鋑联控股","ORG_CODE":"10010708","STD_REPORT_DATE":"2023-06-30 00:00:00","REPORT_DATE":"2023-06-30 00:00:00","DATE_TYPE_CODE":"002","REPORT_TYPE":"2023年中报","PER_NETCASH_OPERATE":0.064135759059,"PER_OI":0.117728884485,"BPS":0.588169460003,"BASIC_EPS":0.008943206,"DILUTED_EPS":0.008943206,"OPERATE_INCOME":212533907.62,"OPERATE_INCOME_YOY":-12.1246545316,"GROSS_PROFIT":212533907.62,"GROSS_PROFIT_YOY":-5.261624884573,"HOLDER_PROFIT":16144791.78,"HOLDER_PROFIT_YOY":3907.0938215103,"GROSS_PROFIT_RATIO":null,"EPS_TTM":0.006910718945,"OPERATE_INCOME_QOQ":-2.935937593703,"NET_PROFIT_RATIO":7.5499199632,"ROE_AVG":1.532154373893,"GROSS_PROFIT_QOQ":-2.935937593703,"ROA":0.976763722021,"HOLDER_PROFIT_QOQ":478.596875173041,"ROE_YEARLY":3.064308747787,"ROIC_YEARLY":2.289453556556,"TOTAL_ASSETS":1627285480.2,"TOTAL_LIABILITIES":559127395.16,"TAX_EBT":10.265532353699,"OCF_SALES":54.477505108039,"TOTAL_PARENT_EQUITY":1061812096.7,"DEBT_ASSET_RATIO":34.3595147848,"OPERATE_PROFIT":24449065.64,"PRETAX_PROFIT":17881802.1,"NETCASH_OPERATE":115783170.38,"NETCASH_INVEST":28940952.2,"NETCASH_FINANCE":-64833633.6,"END_CASH":276074003.28,"DIVI_RATIO":null,"DIVIDEND_RATE":null,"CURRENT_RATIO":2.283380679431,"COMMON_ACS":5000000000,"CURRENTDEBT_DEBT":49.049208333196,"ISSUED_COMMON_SHARES":1805282608,"HK_COMMON_SHARES":1805282608,"PER_SHARES":10000,"TOTAL_MARKET_CAP":142617326.032,"HKSK_MARKET_CAP":142617326.032,"PE_TTM":-16.317771857208,"PB_TTM":0.124780131075,"REPORT_DATE_SQ":"2022-06-30 00:00:00","REPORT_TYPE_SQ":"2022年中报","OPERATE_INCOME_SQ":224337716.75,"DPS_HKD":null,"OPERATE_INCOME_QOQ_SQ":-3.611070880814,"NET_PROFIT_RATIO_SQ":0.1787858572,"HOLDER_PROFIT_SQ":373718.03,"HOLDER_PROFIT_QOQ_SQ":-66.989439777885,"ROE_AVG_SQ":0.038605433914,"PE_TTM_SQ":12.138620449757,"PB_TTM_SQ":0.141078729249,"ROA_SQ":0.024160211504,"START_DATE":"2023-01-01 00:00:00","FISCAL_YEAR":"12-31","CURRENCY":"HKD","IS_CNY_CODE":0,"DPS_HKD_LY":null,"ORG_TYPE":"一般企业","PREMIUM_INCOME":null,"PREMIUM_INCOME_YOY":null,"NET_INTEREST_INCOME":null,"NET_INTEREST_INCOME_YOY":null,"FEE_COMMISSION_INCOME":null,"FEE_COMMISSION_INCOME_YOY":null,"ACCOUNTS_RECE_TDAYS":1.907969772966,"INVENTORY_TDAYS":null,"CURRENT_ASSETS_TDAYS":0.336163141619,"TOTAL_ASSETS_TDAYS":0.128583516896,"PREMIUM_EXPENSE":null,"LOAN_DEPOSIT":null,"LOAN_EQUITY":null,"LOAN_ASSETS":null,"DEPOSIT_EQUITY":null,"DEPOSIT_ASSETS":null,"EQUITY_MULTIPLIER":1.52345004264,"EQUITY_RATIO":0.526578475512},{"SECUCODE":"00459.HK","SECURITY_CODE":"00459","SECURITY_NAME_ABBR":"鋑联控股","ORG_CODE":"10010708","STD_REPORT_DATE":"2022-12-31 00:00:00","REPORT_DATE":"2022-12-31 00:00:00","DATE_TYPE_CODE":"001","REPORT_TYPE":"2022年年报","PER_NETCASH_OPERATE":0.00008065386,"PER_OI":0.222705098708,"BPS":0.56118064852,"BASIC_EPS":-0.0018222708,"DILUTED_EPS":-0.0018222708,"OPERATE_INCOME":402045641.41,"OPERATE_INCOME_YOY":-16.8543871543,"GROSS_PROFIT":402045641.41,"GROSS_PROFIT_YOY":-9.159146787374,"HOLDER_PROFIT":-3295273.03,"HOLDER_PROFIT_YOY":-107.4018339052,"GROSS_PROFIT_RATIO":null,"EPS_TTM":-0.001825350233,"OPERATE_INCOME_QOQ":-5.755926492035,"NET_PROFIT_RATIO":-0.8114058962,"ROE_AVG":-0.325732755214,"GROSS_PROFIT_QOQ":-5.755926492035,"ROA":-0.204161993604,"HOLDER_PROFIT_QOQ":-124.497868918866,"ROE_YEARLY":-0.325732755214,"ROIC_YEARLY":-0.237904531214,"TOTAL_ASSETS":1626219473.48,"TOTAL_LIABILITIES":606885851.46,"TAX_EBT":-62.745098039216,"OCF_SALES":0.036215542467,"TOTAL_PARENT_EQUITY":1013089664.72,"DEBT_ASSET_RATIO":37.3188159014,"OPERATE_PROFIT":7093457.07,"PRETAX_PROFIT":-2004497.88,"NETCASH_OPERATE":145603.01,"NETCASH_INVEST":-62587855.82,"NETCASH_FINANCE":-2802187.99,"END_CASH":190074456.95,"DIVI_RATIO":null,"DIVIDEND_RATE":null,"CURRENT_RATIO":2.863143440894,"COMMON_ACS":5000000000,"CURRENTDEBT_DEBT":35.588270792672,"ISSUED_COMMON_SHARES":1805282608,"HK_COMMON_SHARES":1805282608,"PER_SHARES":10000,"TOTAL_MARKET_CAP":142617326.032,"HKSK_MARKET_CAP":142617326.032,"PE_TTM":-16.317771857208,"PB_TTM":0.124780131075,"REPORT_DATE_SQ":"2021-12-31 00:00:00","REPORT_TYPE_SQ":"2021年年报","OPERATE_INCOME_SQ":442582414.4,"DPS_HKD":null,"OPERATE_INCOME_QOQ_SQ":10.76064216152,"NET_PROFIT_RATIO_SQ":9.2152686309,"HOLDER_PROFIT_SQ":40748366.4,"HOLDER_PROFIT_QOQ_SQ":42.187923682477,"ROE_AVG_SQ":4.50627333031,"PE_TTM_SQ":12.138620449757,"PB_TTM_SQ":0.141078729249,"ROA_SQ":2.930793026525,"START_DATE":"2022-01-01 00:00:00","FISCAL_YEAR":"12-31","CURRENCY":"HKD","IS_CNY_CODE":0,"DPS_HKD_LY":null,"ORG_TYPE":"一般企业","PREMIUM_INCOME":null,"PREMIUM_INCOME_YOY":null,"NET_INTEREST_INCOME":null,"NET_INTEREST_INCOME_YOY":null,"FEE_COMMISSION_INCOME":null,"FEE_COMMISSION_INCOME_YOY":null,"ACCOUNTS_RECE_TDAYS":3.364842386205,"INVENTORY_TDAYS":null,"CURRENT_ASSETS_TDAYS":0.628358304806,"TOTAL_ASSETS_TDAYS":0.24909146806,"PREMIUM_EXPENSE":null,"LOAN_DEPOSIT":null,"LOAN_EQUITY":null,"LOAN_ASSETS":null,"DEPOSIT_EQUITY":null,"DEPOSIT_ASSETS":null,"EQUITY_MULTIPLIER":1.595375094425,"EQUITY_RATIO":0.59904455903},{"SECUCODE":"00459.HK","SECURITY_CODE":"00459","SECURITY_NAME_ABBR":"鋑联控股","ORG_CODE":"10010708","STD_REPORT_DATE":"2022-06-30 00:00:00","REPORT_DATE":"2022-06-30 00:00:00","DATE_TYPE_CODE":"002","REPORT_TYPE":"2022年中报","PER_NETCASH_OPERATE":-0.033008008688,"PER_OI":0.124267367201,"BPS":0.536728440365,"BASIC_EPS":0.0002052456,"DILUTED_EPS":0.0002052456,"OPERATE_INCOME":224337716.75,"OPERATE_INCOME_YOY":-9.1729047359,"GROSS_PROFIT":224337716.75,"GROSS_PROFIT_YOY":-6.650293723026,"HOLDER_PROFIT":373718.03,"HOLDER_PROFIT_YOY":-98.6859118929,"GROSS_PROFIT_RATIO":null,"EPS_TTM":0.007451057231,"OPERATE_INCOME_QOQ":-3.611070880814,"NET_PROFIT_RATIO":0.1787858572,"ROE_AVG":0.038605433914,"GROSS_PROFIT_QOQ":-3.611070880814,"ROA":0.024160211504,"HOLDER_PROFIT_QOQ":-66.989439777885,"ROE_YEARLY":0.077210867827,"ROIC_YEARLY":0.054965597762,"TOTAL_ASSETS":1560076081.55,"TOTAL_LIABILITIES":585156060.79,"TAX_EBT":15.342960288809,"OCF_SALES":-26.562089011722,"TOTAL_PARENT_EQUITY":968946518.61,"DEBT_ASSET_RATIO":37.5081746147,"OPERATE_PROFIT":3094932.61,"PRETAX_PROFIT":473775.26,"NETCASH_OPERATE":-59588784.01,"NETCASH_INVEST":-41595586.41,"NETCASH_FINANCE":-25589850.37,"END_CASH":117660460.96,"DIVI_RATIO":null,"DIVIDEND_RATE":null,"CURRENT_RATIO":2.378485477529,"COMMON_ACS":5000000000,"CURRENTDEBT_DEBT":43.298340789283,"ISSUED_COMMON_SHARES":1805282608,"HK_COMMON_SHARES":1805282608,"PER_SHARES":10000,"TOTAL_MARKET_CAP":142617326.032,"HKSK_MARKET_CAP":142617326.032,"PE_TTM":-16.317771857208,"PB_TTM":0.124780131075,"REPORT_DATE_SQ":"2021-06-30 00:00:00","REPORT_TYPE_SQ":"2021年中报","OPERATE_INCOME_SQ":240319681.44,"DPS_HKD":null,"OPERATE_INCOME_QOQ_SQ":38.547076074567,"NET_PROFIT_RATIO_SQ":11.5079392559,"HOLDER_PROFIT_SQ":27670820.4,"HOLDER_PROFIT_QOQ_SQ":568.045554653482,"ROE_AVG_SQ":3.029517641212,"PE_TTM_SQ":12.138620449757,"PB_TTM_SQ":0.141078729249,"ROA_SQ":2.075737095772,"START_DATE":"2022-01-01 00:00:00","FISCAL_YEAR":"12-31","CURRENCY":"HKD","IS_CNY_CODE":0,"DPS_HKD_LY":null,"ORG_TYPE":"一般企业","PREMIUM_INCOME":null,"PREMIUM_INCOME_YOY":null,"NET_INTEREST_INCOME":null,"NET_INTEREST_INCOME_YOY":null,"FEE_COMMISSION_INCOME":null,"FEE_COMMISSION_INCOME_YOY":null,"ACCOUNTS_RECE_TDAYS":1.751858208507,"INVENTORY_TDAYS":null,"CURRENT_ASSETS_TDAYS":0.36308913314,"TOTAL_ASSETS_TDAYS":0.145030377181,"PREMIUM_EXPENSE":null,"LOAN_DEPOSIT":null,"LOAN_EQUITY":null,"LOAN_ASSETS":null,"DEPOSIT_EQUITY":null,"DEPOSIT_ASSETS":null,"EQUITY_MULTIPLIER":1.600209297511,"EQUITY_RATIO":0.603909554915},{"SECUCODE":"00459.HK","SECURITY_CODE":"00459","SECURITY_NAME_ABBR":"鋑联控股","ORG_CODE":"10010708","STD_REPORT_DATE":"2021-12-31 00:00:00","REPORT_DATE":"2021-12-31 00:00:00","DATE_TYPE_CODE":"001","REPORT_TYPE":"2021年年报","PER_NETCASH_OPERATE":-0.046054244378,"PER_OI":0.24515962899,"BPS":0.512181765615,"BASIC_EPS":0.022573936,"DILUTED_EPS":0.02199344,"OPERATE_INCOME":442582414.4,"OPERATE_INCOME_YOY":57.9677071995,"GROSS_PROFIT":442582414.4,"GROSS_PROFIT_YOY":53.4556311562,"HOLDER_PROFIT":40748366.4,"HOLDER_PROFIT_YOY":785.0721649485,"GROSS_PROFIT_RATIO":null,"EPS_TTM":0.022571738197,"OPERATE_INCOME_QOQ":10.76064216152,"NET_PROFIT_RATIO":9.2152686309,"ROE_AVG":4.50627333031,"GROSS_PROFIT_QOQ":10.76064216152,"ROA":2.930793026525,"HOLDER_PROFIT_QOQ":42.187923682477,"ROE_YEARLY":4.50627333031,"ROIC_YEARLY":3.800074264579,"TOTAL_ASSETS":1466180004.8,"TOTAL_LIABILITIES":535862398.4,"TAX_EBT":20.32200872107,"OCF_SALES":-18.785411190075,"TOTAL_PARENT_EQUITY":924632833.6,"DEBT_ASSET_RATIO":36.5481998558,"OPERATE_PROFIT":55426739.2,"PRETAX_PROFIT":51187483.2,"NETCASH_OPERATE":-83140926.4,"NETCASH_INVEST":-126862086.4,"NETCASH_FINANCE":52619918.4,"END_CASH":233690520,"DIVI_RATIO":null,"DIVIDEND_RATE":null,"CURRENT_RATIO":2.741618306589,"COMMON_ACS":5000000000,"CURRENTDEBT_DEBT":41.199159608733,"ISSUED_COMMON_SHARES":1805282608,"HK_COMMON_SHARES":1805282608,"PER_SHARES":10000,"TOTAL_MARKET_CAP":142617326.032,"HKSK_MARKET_CAP":142617326.032,"PE_TTM":-16.317771857208,"PB_TTM":0.124780131075,"REPORT_DATE_SQ":"2020-12-31 00:00:00","REPORT_TYPE_SQ":"2020年年报","OPERATE_INCOME_SQ":288410670.28,"DPS_HKD":null,"OPERATE_INCOME_QOQ_SQ":17.124980936716,"NET_PROFIT_RATIO_SQ":-2.3436063698,"HOLDER_PROFIT_SQ":-6122931,"HOLDER_PROFIT_QOQ_SQ":85.769012365743,"ROE_AVG_SQ":-0.67068648334,"PE_TTM_SQ":12.138620449757,"PB_TTM_SQ":0.141078729249,"ROA_SQ":-0.452053862451,"START_DATE":"2021-01-01 00:00:00","FISCAL_YEAR":"12-31","CURRENCY":"HKD","IS_CNY_CODE":0,"DPS_HKD_LY":null,"ORG_TYPE":"一般企业","PREMIUM_INCOME":null,"PREMIUM_INCOME_YOY":null,"NET_INTEREST_INCOME":null,"NET_INTEREST_INCOME_YOY":null,"FEE_COMMISSION_INCOME":null,"FEE_COMMISSION_INCOME_YOY":null,"ACCOUNTS_RECE_TDAYS":4.181877877692,"INVENTORY_TDAYS":null,"CURRENT_ASSETS_TDAYS":0.734890174227,"TOTAL_ASSETS_TDAYS":0.318323792678,"PREMIUM_EXPENSE":null,"LOAN_DEPOSIT":null,"LOAN_EQUITY":null,"LOAN_ASSETS":null,"DEPOSIT_EQUITY":null,"DEPOSIT_ASSETS":null,"EQUITY_MULTIPLIER":1.575999416451,"EQUITY_RATIO":0.579540741933},{"SECUCODE":"00459.HK","SECURITY_CODE":"00459","SECURITY_NAME_ABBR":"鋑联控股","ORG_CODE":"10010708","STD_REPORT_DATE":"2021-06-30 00:00:00","REPORT_DATE":"2021-06-30 00:00:00","DATE_TYPE_CODE":"002","REPORT_TYPE":"2021年中报","PER_NETCASH_OPERATE":-0.029342706081,"PER_OI":0.133120255175,"BPS":0.513608897605,"BASIC_EPS":0.0153269136,"DILUTED_EPS":0.0143783424,"OPERATE_INCOME":240319681.44,"OPERATE_INCOME_YOY":104.2791263509,"GROSS_PROFIT":240319681.44,"GROSS_PROFIT_YOY":86.084007109479,"HOLDER_PROFIT":27670820.4,"HOLDER_PROFIT_YOY":527.2225077081,"GROSS_PROFIT_RATIO":null,"EPS_TTM":0.01587458176,"OPERATE_INCOME_QOQ":38.547076074567,"NET_PROFIT_RATIO":11.5079392559,"ROE_AVG":3.029517641212,"GROSS_PROFIT_QOQ":38.547076074567,"ROA":2.075737095772,"HOLDER_PROFIT_QOQ":568.045554653482,"ROE_YEARLY":6.059035282425,"ROIC_YEARLY":5.524740262033,"TOTAL_ASSETS":1328313374.16,"TOTAL_LIABILITIES":395371132.8,"TAX_EBT":18.183832217408,"OCF_SALES":-22.042254984108,"TOTAL_PARENT_EQUITY":927209210.16,"DEBT_ASSET_RATIO":29.7648988929,"OPERATE_PROFIT":36391850.88,"PRETAX_PROFIT":33802417.92,"NETCASH_OPERATE":-52971876.96,"NETCASH_INVEST":-14282653.2,"NETCASH_FINANCE":-77517404.88,"END_CASH":253227738.48,"DIVI_RATIO":null,"DIVIDEND_RATE":null,"CURRENT_RATIO":3.242871412584,"COMMON_ACS":5000000000,"CURRENTDEBT_DEBT":45.509302129809,"ISSUED_COMMON_SHARES":1805282608,"HK_COMMON_SHARES":1805282608,"PER_SHARES":10000,"TOTAL_MARKET_CAP":142617326.032,"HKSK_MARKET_CAP":142617326.032,"PE_TTM":-16.317771857208,"PB_TTM":0.124780131075,"REPORT_DATE_SQ":"2020-06-30 00:00:00","REPORT_TYPE_SQ":"2020年中报","OPERATE_INCOME_SQ":129145800.96,"DPS_HKD":null,"OPERATE_INCOME_QOQ_SQ":-37.825203314711,"NET_PROFIT_RATIO_SQ":-5.5600350818,"HOLDER_PROFIT_SQ":-7110216.96,"HOLDER_PROFIT_QOQ_SQ":-146.263061380084,"ROE_AVG_SQ":-0.717779898659,"PE_TTM_SQ":12.138620449757,"PB_TTM_SQ":0.141078729249,"ROA_SQ":-0.484646077302,"START_DATE":"2021-01-01 00:00:00","FISCAL_YEAR":"12-31","CURRENCY":"HKD","IS_CNY_CODE":0,"DPS_HKD_LY":null,"ORG_TYPE":"一般企业","PREMIUM_INCOME":null,"PREMIUM_INCOME_YOY":null,"NET_INTEREST_INCOME":null,"NET_INTEREST_INCOME_YOY":null,"FEE_COMMISSION_INCOME":null,"FEE_COMMISSION_INCOME_YOY":null,"ACCOUNTS_RECE_TDAYS":1.972901617228,"INVENTORY_TDAYS":null,"CURRENT_ASSETS_TDAYS":0.402774620644,"TOTAL_ASSETS_TDAYS":0.180276721253,"PREMIUM_EXPENSE":null,"LOAN_DEPOSIT":null,"LOAN_EQUITY":null,"LOAN_ASSETS":null,"DEPOSIT_EQUITY":null,"DEPOSIT_ASSETS":null,"EQUITY_MULTIPLIER":1.423789507294,"EQUITY_RATIO":0.426409841994},{"SECUCODE":"00459.HK","SECURITY_CODE":"00459","SECURITY_NAME_ABBR":"鋑联控股","ORG_CODE":"10010708","STD_REPORT_DATE":"2020-12-31 00:00:00","REPORT_DATE":"2020-12-31 00:00:00","DATE_TYPE_CODE":"001","REPORT_TYPE":"2020年年报","PER_NETCASH_OPERATE":-0.007259815179,"PER_OI":0.159759291427,"BPS":0.50400609525,"BASIC_EPS":-0.0033918092,"DILUTED_EPS":-0.0033918092,"OPERATE_INCOME":288410670.28,"OPERATE_INCOME_YOY":-22.4933616209,"GROSS_PROFIT":288410670.28,"GROSS_PROFIT_YOY":-27.177781234913,"HOLDER_PROFIT":-6122931,"HOLDER_PROFIT_YOY":62.6999589828,"GROSS_PROFIT_RATIO":null,"EPS_TTM":-0.003391674507,"OPERATE_INCOME_QOQ":17.124980936716,"NET_PROFIT_RATIO":-2.3436063698,"ROE_AVG":-0.67068648334,"GROSS_PROFIT_QOQ":17.124980936716,"ROA":-0.452053862451,"HOLDER_PROFIT_QOQ":85.769012365743,"ROE_YEARLY":-0.67068648334,"ROIC_YEARLY":-0.666821570922,"TOTAL_ASSETS":1353177009.04,"TOTAL_LIABILITIES":437489521.84,"TAX_EBT":15.896952560478,"OCF_SALES":-4.544220942754,"TOTAL_PARENT_EQUITY":909873438.08,"DEBT_ASSET_RATIO":32.3305464782,"OPERATE_PROFIT":-3051786.64,"PRETAX_PROFIT":-8036820.36,"NETCASH_OPERATE":-13106018.08,"NETCASH_INVEST":-12851842.8,"NETCASH_FINANCE":-29119060.72,"END_CASH":402572403.16,"DIVI_RATIO":null,"DIVIDEND_RATE":null,"CURRENT_RATIO":1.929595412552,"COMMON_ACS":5000000000,"CURRENTDEBT_DEBT":73.069375882541,"ISSUED_COMMON_SHARES":1805282608,"HK_COMMON_SHARES":1805282608,"PER_SHARES":10000,"TOTAL_MARKET_CAP":142617326.032,"HKSK_MARKET_CAP":142617326.032,"PE_TTM":-16.317771857208,"PB_TTM":0.124780131075,"REPORT_DATE_SQ":"2019-12-31 00:00:00","REPORT_TYPE_SQ":"2019年年报","OPERATE_INCOME_SQ":396047628.28,"DPS_HKD":null,"OPERATE_INCOME_QOQ_SQ":-18.044467403957,"NET_PROFIT_RATIO_SQ":-4.4333515785,"HOLDER_PROFIT_SQ":-17471293.12,"HOLDER_PROFIT_QOQ_SQ":-194.080715285675,"ROE_AVG_SQ":-1.772082433088,"PE_TTM_SQ":12.138620449757,"PB_TTM_SQ":0.141078729249,"ROA_SQ":-1.192184419389,"START_DATE":"2020-01-01 00:00:00","FISCAL_YEAR":"12-31","CURRENCY":"HKD","IS_CNY_CODE":0,"DPS_HKD_LY":null,"ORG_TYPE":"一般企业","PREMIUM_INCOME":null,"PREMIUM_INCOME_YOY":null,"NET_INTEREST_INCOME":null,"NET_INTEREST_INCOME_YOY":null,"FEE_COMMISSION_INCOME":null,"FEE_COMMISSION_INCOME_YOY":null,"ACCOUNTS_RECE_TDAYS":3.059083463147,"INVENTORY_TDAYS":null,"CURRENT_ASSETS_TDAYS":0.475932676075,"TOTAL_ASSETS_TDAYS":0.212932593021,"PREMIUM_EXPENSE":null,"LOAN_DEPOSIT":null,"LOAN_EQUITY":null,"LOAN_ASSETS":null,"DEPOSIT_EQUITY":null,"DEPOSIT_ASSETS":null,"EQUITY_MULTIPLIER":1.477771650214,"EQUITY_RATIO":0.480824588927},{"SECUCODE":"00459.HK","SECURITY_CODE":"00459","SECURITY_NAME_ABBR":"鋑联控股","ORG_CODE":"10010708","STD_REPORT_DATE":"2020-06-30 00:00:00","REPORT_DATE":"2020-06-30 00:00:00","DATE_TYPE_CODE":"002","REPORT_TYPE":"2020年中报","PER_NETCASH_OPERATE":-0.010266875091,"PER_OI":0.071537719572,"BPS":0.546745125858,"BASIC_EPS":-0.0039369264,"DILUTED_EPS":-0.0039369264,"OPERATE_INCOME":129145800.96,"OPERATE_INCOME_YOY":-55.4152620675,"GROSS_PROFIT":129145800.96,"GROSS_PROFIT_YOY":-53.703154608491,"HOLDER_PROFIT":-7110216.96,"HOLDER_PROFIT_YOY":-137.1250059617,"GROSS_PROFIT_RATIO":null,"EPS_TTM":-0.023833022658,"OPERATE_INCOME_QOQ":-37.825203314711,"NET_PROFIT_RATIO":-5.5600350818,"ROE_AVG":-0.717779898659,"GROSS_PROFIT_QOQ":-37.825203314711,"ROA":-0.484646077302,"HOLDER_PROFIT_QOQ":-146.263061380084,"ROE_YEARLY":-1.435559797318,"ROIC_YEARLY":-1.452846643395,"TOTAL_ASSETS":1462768200.96,"TOTAL_LIABILITIES":468808464.96,"TAX_EBT":25.579854208085,"OCF_SALES":-14.351694675494,"TOTAL_PARENT_EQUITY":987029466.72,"DEBT_ASSET_RATIO":32.049402267,"OPERATE_PROFIT":-8183508.96,"PRETAX_PROFIT":-9648666.72,"NETCASH_OPERATE":-18534611.04,"NETCASH_INVEST":4249322.88,"NETCASH_FINANCE":-16434612.48,"END_CASH":465971320.32,"DIVI_RATIO":null,"DIVIDEND_RATE":null,"CURRENT_RATIO":1.89229123667,"COMMON_ACS":5000000000,"CURRENTDEBT_DEBT":72.500263037913,"ISSUED_COMMON_SHARES":1805282608,"HK_COMMON_SHARES":1805282608,"PER_SHARES":10000,"TOTAL_MARKET_CAP":142617326.032,"HKSK_MARKET_CAP":142617326.032,"PE_TTM":-16.317771857208,"PB_TTM":0.124780131075,"REPORT_DATE_SQ":"2019-06-30 00:00:00","REPORT_TYPE_SQ":"2019年中报","OPERATE_INCOME_SQ":278951621.58,"DPS_HKD":null,"OPERATE_INCOME_QOQ_SQ":-12.286352388188,"NET_PROFIT_RATIO_SQ":6.6262418485,"HOLDER_PROFIT_SQ":18443831.22,"HOLDER_PROFIT_QOQ_SQ":-55.980719599693,"ROE_AVG_SQ":1.870614701281,"PE_TTM_SQ":12.138620449757,"PB_TTM_SQ":0.141078729249,"ROA_SQ":1.21833127489,"START_DATE":"2020-01-01 00:00:00","FISCAL_YEAR":"12-31","CURRENCY":"HKD","IS_CNY_CODE":0,"DPS_HKD_LY":null,"ORG_TYPE":"一般企业","PREMIUM_INCOME":null,"PREMIUM_INCOME_YOY":null,"NET_INTEREST_INCOME":null,"NET_INTEREST_INCOME_YOY":null,"FEE_COMMISSION_INCOME":null,"FEE_COMMISSION_INCOME_YOY":null,"ACCOUNTS_RECE_TDAYS":1.249565828373,"INVENTORY_TDAYS":null,"CURRENT_ASSETS_TDAYS":0.200368470281,"TOTAL_ASSETS_TDAYS":0.08802826438,"PREMIUM_EXPENSE":null,"LOAN_DEPOSIT":null,"LOAN_EQUITY":null,"LOAN_ASSETS":null,"DEPOSIT_EQUITY":null,"DEPOSIT_ASSETS":null,"EQUITY_MULTIPLIER":1.471657400174,"EQUITY_RATIO":0.474969067051}],"count":53},"success":true,"message":"ok","code":0}