{"version":"09fc421b6e69c3c5fd78a8fafa84f13c","result":{"pages":6,"data":[{"SECUCODE":"00451.HK","SECURITY_CODE":"00451","SECURITY_NAME_ABBR":"协鑫新能源","ORG_CODE":"10008909","STD_REPORT_DATE":"2024-06-30 00:00:00","REPORT_DATE":"2024-06-30 00:00:00","DATE_TYPE_CODE":"002","REPORT_TYPE":"2024年中报","PER_NETCASH_OPERATE":-0.277130877648,"PER_OI":0.354389945932,"BPS":1.38180192791,"BASIC_EPS":-0.1414,"DILUTED_EPS":-0.1414,"OPERATE_INCOME":496473000,"OPERATE_INCOME_YOY":17.4350228496,"GROSS_PROFIT":70230000,"GROSS_PROFIT_YOY":-64.072315783012,"HOLDER_PROFIT":-174452000,"HOLDER_PROFIT_YOY":19.2766680086,"GROSS_PROFIT_RATIO":14.145784362896,"EPS_TTM":-0.802315373059,"OPERATE_INCOME_QOQ":8.864368866654,"NET_PROFIT_RATIO":-14.9760409932,"ROE_AVG":-8.741766322662,"GROSS_PROFIT_QOQ":-32.891094829171,"ROA":-2.694428928552,"HOLDER_PROFIT_QOQ":3.573913409017,"ROE_YEARLY":-17.483532645325,"ROIC_YEARLY":-11.60074285132,"TOTAL_ASSETS":6442825000,"TOTAL_LIABILITIES":1467705000,"TAX_EBT":-1.793488677747,"OCF_SALES":-78.199418699506,"TOTAL_PARENT_EQUITY":1935798000,"DEBT_ASSET_RATIO":22.7804573304,"OPERATE_PROFIT":-90421000,"PRETAX_PROFIT":-73042000,"NETCASH_OPERATE":-388239000,"NETCASH_INVEST":255808000,"NETCASH_FINANCE":-23198000,"END_CASH":400499000,"DIVI_RATIO":null,"DIVIDEND_RATE":null,"CURRENT_RATIO":3.403881278218,"COMMON_ACS":1800000000,"CURRENTDEBT_DEBT":48.457217220082,"ISSUED_COMMON_SHARES":1400922926,"HK_COMMON_SHARES":1400922926,"PER_SHARES":2000,"TOTAL_MARKET_CAP":651429160.59,"HKSK_MARKET_CAP":651429160.59,"PE_TTM":-0.524073567662,"PB_TTM":0.307132441653,"REPORT_DATE_SQ":"2023-06-30 00:00:00","REPORT_TYPE_SQ":"2023年中报","OPERATE_INCOME_SQ":422764000,"DPS_HKD":null,"OPERATE_INCOME_QOQ_SQ":-14.560140012938,"NET_PROFIT_RATIO_SQ":-27.3627839646,"HOLDER_PROFIT_SQ":-216111000,"HOLDER_PROFIT_QOQ_SQ":19.943170930745,"ROE_AVG_SQ":-6.957660876852,"PE_TTM_SQ":-0.344545741233,"PB_TTM_SQ":0.137787518639,"ROA_SQ":-1.8558222321,"START_DATE":"2024-01-01 00:00:00","FISCAL_YEAR":"12-31","CURRENCY":"HKD","IS_CNY_CODE":0,"DPS_HKD_LY":null,"ORG_TYPE":"一般企业","PREMIUM_INCOME":null,"PREMIUM_INCOME_YOY":null,"NET_INTEREST_INCOME":null,"NET_INTEREST_INCOME_YOY":null,"FEE_COMMISSION_INCOME":null,"FEE_COMMISSION_INCOME_YOY":null,"ACCOUNTS_RECE_TDAYS":0.452062802359,"INVENTORY_TDAYS":5.026391198217,"CURRENT_ASSETS_TDAYS":0.200708115719,"TOTAL_ASSETS_TDAYS":0.076680761094,"PREMIUM_EXPENSE":null,"LOAN_DEPOSIT":null,"LOAN_EQUITY":null,"LOAN_ASSETS":null,"DEPOSIT_EQUITY":null,"DEPOSIT_ASSETS":null,"EQUITY_MULTIPLIER":1.295008964607,"EQUITY_RATIO":0.758191195569},{"SECUCODE":"00451.HK","SECURITY_CODE":"00451","SECURITY_NAME_ABBR":"协鑫新能源","ORG_CODE":"10008909","STD_REPORT_DATE":"2023-12-31 00:00:00","REPORT_DATE":"2023-12-31 00:00:00","DATE_TYPE_CODE":"001","REPORT_TYPE":"2023年年报","PER_NETCASH_OPERATE":0.336874207072,"PER_OI":0.712261881932,"BPS":1.467198488834,"BASIC_EPS":-0.9985,"DILUTED_EPS":-0.9985,"OPERATE_INCOME":831520000,"OPERATE_INCOME_YOY":-10.4984947102,"GROSS_PROFIT":380790000,"GROSS_PROFIT_YOY":-15.5803559552,"HOLDER_PROFIT":-1165641000,"HOLDER_PROFIT_YOY":21.9025075274,"GROSS_PROFIT_RATIO":45.794448720416,"EPS_TTM":-0.99846263748,"OPERATE_INCOME_QOQ":4.753806131383,"NET_PROFIT_RATIO":-115.9334712334,"ROE_AVG":-44.320040577114,"GROSS_PROFIT_QOQ":-2.821764617312,"ROA":-12.486901319884,"HOLDER_PROFIT_QOQ":2.447432179666,"ROE_YEARLY":-44.320040577114,"ROIC_YEARLY":-20.089080979277,"TOTAL_ASSETS":6506264000,"TOTAL_LIABILITIES":1511610000,"TAX_EBT":-1.596652825496,"OCF_SALES":47.296396959785,"TOTAL_PARENT_EQUITY":2055432000,"DEBT_ASSET_RATIO":23.2331488547,"OPERATE_PROFIT":-617339000,"PRETAX_PROFIT":-948860000,"NETCASH_OPERATE":393279000,"NETCASH_INVEST":1571540000,"NETCASH_FINANCE":-2260372000,"END_CASH":555953000,"DIVI_RATIO":null,"DIVIDEND_RATE":null,"CURRENT_RATIO":3.298636200424,"COMMON_ACS":1800000000,"CURRENTDEBT_DEBT":50.666177122406,"ISSUED_COMMON_SHARES":1400922926,"HK_COMMON_SHARES":1400922926,"PER_SHARES":2000,"TOTAL_MARKET_CAP":616406087.44,"HKSK_MARKET_CAP":616406087.44,"PE_TTM":-0.495897569401,"PB_TTM":0.29061994479,"REPORT_DATE_SQ":"2022-12-31 00:00:00","REPORT_TYPE_SQ":"2022年年报","OPERATE_INCOME_SQ":929057000,"DPS_HKD":null,"OPERATE_INCOME_QOQ_SQ":-36.378378193298,"NET_PROFIT_RATIO_SQ":-138.6762060885,"HOLDER_PROFIT_SQ":-1492546000,"HOLDER_PROFIT_QOQ_SQ":-9.999027174266,"ROE_AVG_SQ":-39.428574070271,"PE_TTM_SQ":-0.326647261169,"PB_TTM_SQ":0.130629725463,"ROA_SQ":-10.630584334705,"START_DATE":"2023-01-01 00:00:00","FISCAL_YEAR":"12-31","CURRENCY":"HKD","IS_CNY_CODE":0,"DPS_HKD_LY":null,"ORG_TYPE":"一般企业","PREMIUM_INCOME":null,"PREMIUM_INCOME_YOY":null,"NET_INTEREST_INCOME":null,"NET_INTEREST_INCOME_YOY":null,"FEE_COMMISSION_INCOME":null,"FEE_COMMISSION_INCOME_YOY":null,"ACCOUNTS_RECE_TDAYS":0.332482521097,"INVENTORY_TDAYS":null,"CURRENT_ASSETS_TDAYS":0.20489736035,"TOTAL_ASSETS_TDAYS":0.089076381026,"PREMIUM_EXPENSE":null,"LOAN_DEPOSIT":null,"LOAN_EQUITY":null,"LOAN_ASSETS":null,"DEPOSIT_EQUITY":null,"DEPOSIT_ASSETS":null,"EQUITY_MULTIPLIER":1.302645588663,"EQUITY_RATIO":0.735422042665},{"SECUCODE":"00451.HK","SECURITY_CODE":"00451","SECURITY_NAME_ABBR":"协鑫新能源","ORG_CODE":"10008909","STD_REPORT_DATE":"2023-06-30 00:00:00","REPORT_DATE":"2023-06-30 00:00:00","DATE_TYPE_CODE":"002","REPORT_TYPE":"2023年中报","PER_NETCASH_OPERATE":0.233033804964,"PER_OI":0.362130414486,"BPS":2.146797617616,"BASIC_EPS":-0.1851,"DILUTED_EPS":-0.1851,"OPERATE_INCOME":422764000,"OPERATE_INCOME_YOY":-24.2407299887,"GROSS_PROFIT":195476000,"GROSS_PROFIT_YOY":-23.251549880839,"HOLDER_PROFIT":-216111000,"HOLDER_PROFIT_YOY":57.9363998038,"GROSS_PROFIT_RATIO":46.237617204871,"EPS_TTM":-1.023512409555,"OPERATE_INCOME_QOQ":-14.560140012938,"NET_PROFIT_RATIO":-27.3627839646,"ROE_AVG":-6.957660876852,"GROSS_PROFIT_QOQ":-13.129062580365,"ROA":-1.8558222321,"HOLDER_PROFIT_QOQ":19.943170930745,"ROE_YEARLY":-13.915321753705,"ROIC_YEARLY":-5.393307049475,"TOTAL_ASSETS":11126498000,"TOTAL_LIABILITIES":5280978000,"TAX_EBT":-8.775988039155,"OCF_SALES":64.35079618889,"TOTAL_PARENT_EQUITY":3007498000,"DEBT_ASSET_RATIO":47.4630741856,"OPERATE_PROFIT":29277000,"PRETAX_PROFIT":-106347000,"NETCASH_OPERATE":272052000,"NETCASH_INVEST":736879000,"NETCASH_FINANCE":-973275000,"END_CASH":894709000,"DIVI_RATIO":null,"DIVIDEND_RATE":null,"CURRENT_RATIO":1.864293318883,"COMMON_ACS":1800000000,"CURRENTDEBT_DEBT":59.405663117703,"ISSUED_COMMON_SHARES":1400922926,"HK_COMMON_SHARES":1400922926,"PER_SHARES":2000,"TOTAL_MARKET_CAP":672443004.48,"HKSK_MARKET_CAP":672443004.48,"PE_TTM":-0.540979166619,"PB_TTM":0.317039939771,"REPORT_DATE_SQ":"2022-06-30 00:00:00","REPORT_TYPE_SQ":"2022年中报","OPERATE_INCOME_SQ":558036000,"DPS_HKD":null,"OPERATE_INCOME_QOQ_SQ":-48.670058234053,"NET_PROFIT_RATIO_SQ":-73.5438215456,"HOLDER_PROFIT_SQ":-513772000,"HOLDER_PROFIT_QOQ_SQ":-71.696398970484,"ROE_AVG_SQ":-12.446387437815,"PE_TTM_SQ":-0.335596501201,"PB_TTM_SQ":0.134208622051,"ROA_SQ":-3.466122239483,"START_DATE":"2023-01-01 00:00:00","FISCAL_YEAR":"12-31","CURRENCY":"HKD","IS_CNY_CODE":0,"DPS_HKD_LY":null,"ORG_TYPE":"一般企业","PREMIUM_INCOME":null,"PREMIUM_INCOME_YOY":null,"NET_INTEREST_INCOME":null,"NET_INTEREST_INCOME_YOY":null,"FEE_COMMISSION_INCOME":null,"FEE_COMMISSION_INCOME_YOY":null,"ACCOUNTS_RECE_TDAYS":0.132346949461,"INVENTORY_TDAYS":null,"CURRENT_ASSETS_TDAYS":0.073917724735,"TOTAL_ASSETS_TDAYS":0.03630425245,"PREMIUM_EXPENSE":null,"LOAN_DEPOSIT":null,"LOAN_EQUITY":null,"LOAN_ASSETS":null,"DEPOSIT_EQUITY":null,"DEPOSIT_ASSETS":null,"EQUITY_MULTIPLIER":1.903423134297,"EQUITY_RATIO":1.755937327307},{"SECUCODE":"00451.HK","SECURITY_CODE":"00451","SECURITY_NAME_ABBR":"协鑫新能源","ORG_CODE":"10008909","STD_REPORT_DATE":"2022-12-31 00:00:00","REPORT_DATE":"2022-12-31 00:00:00","DATE_TYPE_CODE":"001","REPORT_TYPE":"2022年年报","PER_NETCASH_OPERATE":1.077847732766,"PER_OI":0.795809947136,"BPS":2.287546260057,"BASIC_EPS":-1.3563,"DILUTED_EPS":-1.3563,"OPERATE_INCOME":929057000,"OPERATE_INCOME_YOY":-67.3430585761,"GROSS_PROFIT":451068000,"GROSS_PROFIT_YOY":-74.641663705829,"HOLDER_PROFIT":-1492546000,"HOLDER_PROFIT_YOY":-88.8643685608,"GROSS_PROFIT_RATIO":48.551165321396,"EPS_TTM":-1.278482324936,"OPERATE_INCOME_QOQ":-36.378378193298,"NET_PROFIT_RATIO":-138.6762060885,"ROE_AVG":-39.428574070271,"GROSS_PROFIT_QOQ":-42.394176431148,"ROA":-10.630584334705,"HOLDER_PROFIT_QOQ":-9.999027174266,"ROE_YEARLY":-39.428574070271,"ROIC_YEARLY":-13.99085021909,"TOTAL_ASSETS":12163556000,"TOTAL_LIABILITIES":6185524000,"TAX_EBT":-1.489676794253,"OCF_SALES":135.440344349163,"TOTAL_PARENT_EQUITY":3204676000,"DEBT_ASSET_RATIO":50.8529249177,"OPERATE_PROFIT":-820720000,"PRETAX_PROFIT":-1269470000,"NETCASH_OPERATE":1258318000,"NETCASH_INVEST":1535526000,"NETCASH_FINANCE":-2587675000,"END_CASH":850333000,"DIVI_RATIO":null,"DIVIDEND_RATE":null,"CURRENT_RATIO":3.112877143471,"COMMON_ACS":1800000000,"CURRENTDEBT_DEBT":29.032334204831,"ISSUED_COMMON_SHARES":1400922926,"HK_COMMON_SHARES":1400922926,"PER_SHARES":2000,"TOTAL_MARKET_CAP":616406087.44,"HKSK_MARKET_CAP":616406087.44,"PE_TTM":-0.495897569401,"PB_TTM":0.29061994479,"REPORT_DATE_SQ":"2021-12-31 00:00:00","REPORT_TYPE_SQ":"2021年年报","OPERATE_INCOME_SQ":2844899000,"DPS_HKD":null,"OPERATE_INCOME_QOQ_SQ":-30.347983545382,"NET_PROFIT_RATIO_SQ":-19.7449540388,"HOLDER_PROFIT_SQ":-790274000,"HOLDER_PROFIT_QOQ_SQ":41.798838147871,"ROE_AVG_SQ":-16.810631356443,"PE_TTM_SQ":-0.326647261169,"PB_TTM_SQ":0.130629725463,"ROA_SQ":-2.593054398496,"START_DATE":"2022-01-01 00:00:00","FISCAL_YEAR":"12-31","CURRENCY":"HKD","IS_CNY_CODE":0,"DPS_HKD_LY":null,"ORG_TYPE":"一般企业","PREMIUM_INCOME":null,"PREMIUM_INCOME_YOY":null,"NET_INTEREST_INCOME":null,"NET_INTEREST_INCOME_YOY":null,"FEE_COMMISSION_INCOME":null,"FEE_COMMISSION_INCOME_YOY":null,"ACCOUNTS_RECE_TDAYS":0.180158704457,"INVENTORY_TDAYS":null,"CURRENT_ASSETS_TDAYS":0.134720741328,"TOTAL_ASSETS_TDAYS":0.066171620776,"PREMIUM_EXPENSE":null,"LOAN_DEPOSIT":null,"LOAN_EQUITY":null,"LOAN_ASSETS":null,"DEPOSIT_EQUITY":null,"DEPOSIT_ASSETS":null,"EQUITY_MULTIPLIER":2.034709081518,"EQUITY_RATIO":1.930155809823},{"SECUCODE":"00451.HK","SECURITY_CODE":"00451","SECURITY_NAME_ABBR":"协鑫新能源","ORG_CODE":"10008909","STD_REPORT_DATE":"2022-06-30 00:00:00","REPORT_DATE":"2022-06-30 00:00:00","DATE_TYPE_CODE":"002","REPORT_TYPE":"2022年中报","PER_NETCASH_OPERATE":0.081736702046,"PER_OI":0.026480190528,"BPS":2.776421120544,"BASIC_EPS":-0.4876,"DILUTED_EPS":-0.4876,"OPERATE_INCOME":558036000,"OPERATE_INCOME_YOY":-71.2744961779,"GROSS_PROFIT":254697000,"GROSS_PROFIT_YOY":-79.631540056044,"HOLDER_PROFIT":-513772000,"HOLDER_PROFIT_YOY":-1072.5741112331,"GROSS_PROFIT_RATIO":45.64167903146,"EPS_TTM":-0.064386937548,"OPERATE_INCOME_QOQ":-48.670058234053,"NET_PROFIT_RATIO":-73.5438215456,"ROE_AVG":-12.446387437815,"GROSS_PROFIT_QOQ":-55.979561226371,"ROA":-3.466122239483,"HOLDER_PROFIT_QOQ":-71.696398970484,"ROE_YEARLY":-24.892774875629,"ROIC_YEARLY":-8.797767423446,"TOTAL_ASSETS":13728679000,"TOTAL_LIABILITIES":7166565000,"TAX_EBT":-4.002990332104,"OCF_SALES":308.671125160384,"TOTAL_PARENT_EQUITY":3889552000,"DEBT_ASSET_RATIO":52.2014171939,"OPERATE_PROFIT":-142957000,"PRETAX_PROFIT":-394605000,"NETCASH_OPERATE":682050000,"NETCASH_INVEST":1084702000,"NETCASH_FINANCE":-1921842000,"END_CASH":458349000,"DIVI_RATIO":null,"DIVIDEND_RATE":null,"CURRENT_RATIO":2.41009458108,"COMMON_ACS":1800000000,"CURRENTDEBT_DEBT":40.768848116218,"ISSUED_COMMON_SHARES":1400922926,"HK_COMMON_SHARES":1400922926,"PER_SHARES":2000,"TOTAL_MARKET_CAP":616406087.44,"HKSK_MARKET_CAP":616406087.44,"PE_TTM":-0.495897569401,"PB_TTM":0.29061994479,"REPORT_DATE_SQ":"2021-06-30 00:00:00","REPORT_TYPE_SQ":"2021年中报","OPERATE_INCOME_SQ":1942650000,"DPS_HKD":null,"OPERATE_INCOME_QOQ_SQ":-17.238306374893,"NET_PROFIT_RATIO_SQ":9.2773389129,"HOLDER_PROFIT_SQ":52826000,"HOLDER_PROFIT_QOQ_SQ":0.768953063315,"ROE_AVG_SQ":0.968238173467,"PE_TTM_SQ":-0.326647261169,"PB_TTM_SQ":0.130629725463,"ROA_SQ":0.136989823541,"START_DATE":"2022-01-01 00:00:00","FISCAL_YEAR":"12-31","CURRENCY":"HKD","IS_CNY_CODE":0,"DPS_HKD_LY":null,"ORG_TYPE":"一般企业","PREMIUM_INCOME":null,"PREMIUM_INCOME_YOY":null,"NET_INTEREST_INCOME":null,"NET_INTEREST_INCOME_YOY":null,"FEE_COMMISSION_INCOME":null,"FEE_COMMISSION_INCOME_YOY":null,"ACCOUNTS_RECE_TDAYS":0.09401976023,"INVENTORY_TDAYS":null,"CURRENT_ASSETS_TDAYS":0.073214512621,"TOTAL_ASSETS_TDAYS":0.037647458212,"PREMIUM_EXPENSE":null,"LOAN_DEPOSIT":null,"LOAN_EQUITY":null,"LOAN_ASSETS":null,"DEPOSIT_EQUITY":null,"DEPOSIT_ASSETS":null,"EQUITY_MULTIPLIER":2.092112237002,"EQUITY_RATIO":1.84251682456},{"SECUCODE":"00451.HK","SECURITY_CODE":"00451","SECURITY_NAME_ABBR":"协鑫新能源","ORG_CODE":"10008909","STD_REPORT_DATE":"2021-12-31 00:00:00","REPORT_DATE":"2021-12-31 00:00:00","DATE_TYPE_CODE":"001","REPORT_TYPE":"2021年年报","PER_NETCASH_OPERATE":0.028594103479,"PER_OI":0.134997504734,"BPS":3.116666105584,"BASIC_EPS":-0.7617,"DILUTED_EPS":-0.7617,"OPERATE_INCOME":2844899000,"OPERATE_INCOME_YOY":-43.3710528023,"GROSS_PROFIT":1778776000,"GROSS_PROFIT_YOY":-44.758646562369,"HOLDER_PROFIT":-790274000,"HOLDER_PROFIT_YOY":42.2463777648,"GROSS_PROFIT_RATIO":62.525101945623,"EPS_TTM":-0.037500458911,"OPERATE_INCOME_QOQ":-30.347983545382,"NET_PROFIT_RATIO":-19.7449540388,"ROE_AVG":-16.810631356443,"GROSS_PROFIT_QOQ":-28.299129041139,"ROA":-2.593054398496,"HOLDER_PROFIT_QOQ":41.798838147871,"ROE_YEARLY":-16.810631356443,"ROIC_YEARLY":-2.974593396441,"TOTAL_ASSETS":15916669000,"TOTAL_LIABILITIES":8962796000,"TAX_EBT":-9.140436776249,"OCF_SALES":21.181208893532,"TOTAL_PARENT_EQUITY":4366209000,"DEBT_ASSET_RATIO":56.3107519544,"OPERATE_PROFIT":964252000,"PRETAX_PROFIT":-514680000,"NETCASH_OPERATE":602584000,"NETCASH_INVEST":1968198000,"NETCASH_FINANCE":-3150919000,"END_CASH":609401000,"DIVI_RATIO":null,"DIVIDEND_RATE":null,"CURRENT_RATIO":2.25090347865,"COMMON_ACS":1800000000,"CURRENTDEBT_DEBT":40.656632149164,"ISSUED_COMMON_SHARES":1400922926,"HK_COMMON_SHARES":1400922926,"PER_SHARES":2000,"TOTAL_MARKET_CAP":616406087.44,"HKSK_MARKET_CAP":616406087.44,"PE_TTM":-0.495897569401,"PB_TTM":0.29061994479,"REPORT_DATE_SQ":"2020-12-31 00:00:00","REPORT_TYPE_SQ":"2020年年报","OPERATE_INCOME_SQ":5023754000,"DPS_HKD":null,"OPERATE_INCOME_QOQ_SQ":-12.030958925646,"NET_PROFIT_RATIO_SQ":-24.6774540955,"HOLDER_PROFIT_SQ":-1368354000,"HOLDER_PROFIT_QOQ_SQ":-1768.57025809095,"ROE_AVG_SQ":-23.833831296123,"PE_TTM_SQ":-0.326647261169,"PB_TTM_SQ":0.130629725463,"ROA_SQ":-2.721855785627,"START_DATE":"2021-01-01 00:00:00","FISCAL_YEAR":"12-31","CURRENCY":"HKD","IS_CNY_CODE":0,"DPS_HKD_LY":null,"ORG_TYPE":"一般企业","PREMIUM_INCOME":null,"PREMIUM_INCOME_YOY":null,"NET_INTEREST_INCOME":null,"NET_INTEREST_INCOME_YOY":null,"FEE_COMMISSION_INCOME":null,"FEE_COMMISSION_INCOME_YOY":null,"ACCOUNTS_RECE_TDAYS":0.372334426033,"INVENTORY_TDAYS":null,"CURRENT_ASSETS_TDAYS":0.253515028227,"TOTAL_ASSETS_TDAYS":0.093347090569,"PREMIUM_EXPENSE":null,"LOAN_DEPOSIT":null,"LOAN_EQUITY":null,"LOAN_ASSETS":null,"DEPOSIT_EQUITY":null,"DEPOSIT_ASSETS":null,"EQUITY_MULTIPLIER":2.288892678941,"EQUITY_RATIO":2.052763850746},{"SECUCODE":"00451.HK","SECURITY_CODE":"00451","SECURITY_NAME_ABBR":"协鑫新能源","ORG_CODE":"10008909","STD_REPORT_DATE":"2021-06-30 00:00:00","REPORT_DATE":"2021-06-30 00:00:00","DATE_TYPE_CODE":"002","REPORT_TYPE":"2021年中报","PER_NETCASH_OPERATE":0.069500985913,"PER_OI":0.092183554696,"BPS":4.194315683574,"BASIC_EPS":0.0026,"DILUTED_EPS":0.0026,"OPERATE_INCOME":1942650000,"OPERATE_INCOME_YOY":-30.7272087654,"GROSS_PROFIT":1250448000,"GROSS_PROFIT_YOY":-33.357955408463,"HOLDER_PROFIT":52826000,"HOLDER_PROFIT_YOY":24.8723524962,"GROSS_PROFIT_RATIO":63.909334587448,"EPS_TTM":-0.064432491926,"OPERATE_INCOME_QOQ":-17.238306374893,"NET_PROFIT_RATIO":9.2773389129,"ROE_AVG":0.968238173467,"GROSS_PROFIT_QOQ":-20.776811201737,"ROA":0.136989823541,"HOLDER_PROFIT_QOQ":0.768953063315,"ROE_YEARLY":1.936476346934,"ROIC_YEARLY":0.30862359651,"TOTAL_ASSETS":32087509000,"TOTAL_LIABILITIES":22816718000,"TAX_EBT":19.054226185061,"OCF_SALES":76.364957848289,"TOTAL_PARENT_EQUITY":5875913000,"DEBT_ASSET_RATIO":71.1077883921,"OPERATE_PROFIT":1102793000,"PRETAX_PROFIT":219820000,"NETCASH_OPERATE":1464644000,"NETCASH_INVEST":5040069000,"NETCASH_FINANCE":-6858933000,"END_CASH":808823000,"DIVI_RATIO":null,"DIVIDEND_RATE":null,"CURRENT_RATIO":1.199087821909,"COMMON_ACS":1800000000,"CURRENTDEBT_DEBT":64.410021634137,"ISSUED_COMMON_SHARES":1400922926,"HK_COMMON_SHARES":1400922926,"PER_SHARES":2000,"TOTAL_MARKET_CAP":616406087.44,"HKSK_MARKET_CAP":616406087.44,"PE_TTM":-0.495897569401,"PB_TTM":0.29061994479,"REPORT_DATE_SQ":"2020-06-30 00:00:00","REPORT_TYPE_SQ":"2020年中报","OPERATE_INCOME_SQ":2768696000,"DPS_HKD":null,"OPERATE_INCOME_QOQ_SQ":-7.300808808743,"NET_PROFIT_RATIO_SQ":6.9900481118,"HOLDER_PROFIT_SQ":42304000,"HOLDER_PROFIT_QOQ_SQ":-124.850010858942,"ROE_AVG_SQ":0.653601940906,"PE_TTM_SQ":-0.326647261169,"PB_TTM_SQ":0.130629725463,"ROA_SQ":0.078076676745,"START_DATE":"2021-01-01 00:00:00","FISCAL_YEAR":"12-31","CURRENCY":"HKD","IS_CNY_CODE":0,"DPS_HKD_LY":null,"ORG_TYPE":"一般企业","PREMIUM_INCOME":null,"PREMIUM_INCOME_YOY":null,"NET_INTEREST_INCOME":null,"NET_INTEREST_INCOME_YOY":null,"FEE_COMMISSION_INCOME":null,"FEE_COMMISSION_INCOME_YOY":null,"ACCOUNTS_RECE_TDAYS":0.244404896754,"INVENTORY_TDAYS":null,"CURRENT_ASSETS_TDAYS":0.120385570915,"TOTAL_ASSETS_TDAYS":0.04973688014,"PREMIUM_EXPENSE":null,"LOAN_DEPOSIT":null,"LOAN_EQUITY":null,"LOAN_ASSETS":null,"DEPOSIT_EQUITY":null,"DEPOSIT_ASSETS":null,"EQUITY_MULTIPLIER":3.461140370876,"EQUITY_RATIO":3.883093231639},{"SECUCODE":"00451.HK","SECURITY_CODE":"00451","SECURITY_NAME_ABBR":"协鑫新能源","ORG_CODE":"10008909","STD_REPORT_DATE":"2020-12-31 00:00:00","REPORT_DATE":"2020-12-31 00:00:00","DATE_TYPE_CODE":"001","REPORT_TYPE":"2020年年报","PER_NETCASH_OPERATE":0.222224611304,"PER_OI":0.26338622989,"BPS":3.59467669958,"BASIC_EPS":-0.0717,"DILUTED_EPS":-0.0717,"OPERATE_INCOME":5023754000,"OPERATE_INCOME_YOY":-18.4534104254,"GROSS_PROFIT":3220008000,"GROSS_PROFIT_YOY":-18.558437337576,"HOLDER_PROFIT":-1368354000,"HOLDER_PROFIT_YOY":-564.3399120426,"GROSS_PROFIT_RATIO":63.451328814358,"EPS_TTM":-0.071740296443,"OPERATE_INCOME_QOQ":-12.030958925646,"NET_PROFIT_RATIO":-24.6774540955,"ROE_AVG":-23.833831296123,"GROSS_PROFIT_QOQ":-14.23800939825,"ROA":-2.721855785627,"HOLDER_PROFIT_QOQ":-1768.57025809095,"ROE_YEARLY":-23.833831296123,"ROIC_YEARLY":-2.997336609106,"TOTAL_ASSETS":45036468000,"TOTAL_LIABILITIES":36499587000,"TAX_EBT":-14.730051426402,"OCF_SALES":85.886254812126,"TOTAL_PARENT_EQUITY":5035865000,"DEBT_ASSET_RATIO":81.0445148585,"OPERATE_PROFIT":1286951000,"PRETAX_PROFIT":-1061517000,"NETCASH_OPERATE":4238649000,"NETCASH_INVEST":974473000,"NETCASH_FINANCE":-5071099000,"END_CASH":1191499000,"DIVI_RATIO":null,"DIVIDEND_RATE":null,"CURRENT_RATIO":0.606752075354,"COMMON_ACS":1800000000,"CURRENTDEBT_DEBT":64.306313931717,"ISSUED_COMMON_SHARES":1400922926,"HK_COMMON_SHARES":1400922926,"PER_SHARES":2000,"TOTAL_MARKET_CAP":616406087.44,"HKSK_MARKET_CAP":616406087.44,"PE_TTM":-0.495897569401,"PB_TTM":0.29061994479,"REPORT_DATE_SQ":"2019-12-31 00:00:00","REPORT_TYPE_SQ":"2019年年报","OPERATE_INCOME_SQ":6051987000,"DPS_HKD":null,"OPERATE_INCOME_QOQ_SQ":-0.806546781975,"NET_PROFIT_RATIO_SQ":9.9926354766,"HOLDER_PROFIT_SQ":294688000,"HOLDER_PROFIT_QOQ_SQ":-44.883206368147,"ROE_AVG_SQ":4.684359547104,"PE_TTM_SQ":-0.326647261169,"PB_TTM_SQ":0.130629725463,"ROA_SQ":0.505082490254,"START_DATE":"2020-01-01 00:00:00","FISCAL_YEAR":"12-31","CURRENCY":"HKD","IS_CNY_CODE":0,"DPS_HKD_LY":null,"ORG_TYPE":"一般企业","PREMIUM_INCOME":null,"PREMIUM_INCOME_YOY":null,"NET_INTEREST_INCOME":null,"NET_INTEREST_INCOME_YOY":null,"FEE_COMMISSION_INCOME":null,"FEE_COMMISSION_INCOME_YOY":null,"ACCOUNTS_RECE_TDAYS":0.721779417058,"INVENTORY_TDAYS":null,"CURRENT_ASSETS_TDAYS":0.426019148115,"TOTAL_ASSETS_TDAYS":0.098168110977,"PREMIUM_EXPENSE":null,"LOAN_DEPOSIT":null,"LOAN_EQUITY":null,"LOAN_ASSETS":null,"DEPOSIT_EQUITY":null,"DEPOSIT_ASSETS":null,"EQUITY_MULTIPLIER":5.275517838426,"EQUITY_RATIO":7.247928012367},{"SECUCODE":"00451.HK","SECURITY_CODE":"00451","SECURITY_NAME_ABBR":"协鑫新能源","ORG_CODE":"10008909","STD_REPORT_DATE":"2020-06-30 00:00:00","REPORT_DATE":"2020-06-30 00:00:00","DATE_TYPE_CODE":"002","REPORT_TYPE":"2020年中报","PER_NETCASH_OPERATE":0.056881209293,"PER_OI":0.145157665195,"BPS":4.638582094273,"BASIC_EPS":0.0022,"DILUTED_EPS":0.0022,"OPERATE_INCOME":2768696000,"OPERATE_INCOME_YOY":-13.9251884031,"GROSS_PROFIT":1876365000,"GROSS_PROFIT_YOY":-12.370823479304,"HOLDER_PROFIT":42304000,"HOLDER_PROFIT_YOY":-89.687535042,"GROSS_PROFIT_RATIO":67.327526234466,"EPS_TTM":-0.003839314906,"OPERATE_INCOME_QOQ":-7.300808808743,"NET_PROFIT_RATIO":6.9900481118,"ROE_AVG":0.653601940906,"GROSS_PROFIT_QOQ":-7.649594753355,"ROA":0.078076676745,"HOLDER_PROFIT_QOQ":-124.850010858942,"ROE_YEARLY":1.307203881812,"ROIC_YEARLY":0.170186483316,"TOTAL_ASSETS":52856071000,"TOTAL_LIABILITIES":42686114000,"TAX_EBT":33.098070824061,"OCF_SALES":39.724657102895,"TOTAL_PARENT_EQUITY":6498296000,"DEBT_ASSET_RATIO":80.7591506376,"OPERATE_PROFIT":1534575000,"PRETAX_PROFIT":285355000,"NETCASH_OPERATE":1084936000,"NETCASH_INVEST":-109145000,"NETCASH_FINANCE":-1311664000,"END_CASH":736855000,"DIVI_RATIO":null,"DIVIDEND_RATE":null,"CURRENT_RATIO":0.7046078536,"COMMON_ACS":1800000000,"CURRENTDEBT_DEBT":51.629211316823,"ISSUED_COMMON_SHARES":1400922926,"HK_COMMON_SHARES":1400922926,"PER_SHARES":2000,"TOTAL_MARKET_CAP":616406087.44,"HKSK_MARKET_CAP":616406087.44,"PE_TTM":-0.495897569401,"PB_TTM":0.29061994479,"REPORT_DATE_SQ":"2019-06-30 00:00:00","REPORT_TYPE_SQ":"2019年中报","OPERATE_INCOME_SQ":3172984000,"DPS_HKD":null,"OPERATE_INCOME_QOQ_SQ":8.32325917367,"NET_PROFIT_RATIO_SQ":18.0026750844,"HOLDER_PROFIT_SQ":410222000,"HOLDER_PROFIT_QOQ_SQ":13.835164367229,"ROE_AVG_SQ":6.469270405732,"PE_TTM_SQ":-0.326647261169,"PB_TTM_SQ":0.130629725463,"ROA_SQ":0.66772133417,"START_DATE":"2020-01-01 00:00:00","FISCAL_YEAR":"12-31","CURRENCY":"HKD","IS_CNY_CODE":0,"DPS_HKD_LY":null,"ORG_TYPE":"一般企业","PREMIUM_INCOME":null,"PREMIUM_INCOME_YOY":null,"NET_INTEREST_INCOME":null,"NET_INTEREST_INCOME_YOY":null,"FEE_COMMISSION_INCOME":null,"FEE_COMMISSION_INCOME_YOY":null,"ACCOUNTS_RECE_TDAYS":0.484866443068,"INVENTORY_TDAYS":null,"CURRENT_ASSETS_TDAYS":0.223351708406,"TOTAL_ASSETS_TDAYS":0.05040618734,"PREMIUM_EXPENSE":null,"LOAN_DEPOSIT":null,"LOAN_EQUITY":null,"LOAN_ASSETS":null,"DEPOSIT_EQUITY":null,"DEPOSIT_ASSETS":null,"EQUITY_MULTIPLIER":5.197275760363,"EQUITY_RATIO":6.568816502049}],"count":46},"success":true,"message":"ok","code":0}