{"version":"8b46dcc0b136c2dcf5a35129ca635d7d","result":{"pages":6,"data":[{"SECUCODE":"00455.HK","SECURITY_CODE":"00455","SECURITY_NAME_ABBR":"天大药业","ORG_CODE":"10008910","STD_REPORT_DATE":"2024-06-30 00:00:00","REPORT_DATE":"2024-06-30 00:00:00","DATE_TYPE_CODE":"002","REPORT_TYPE":"2024年中报","PER_NETCASH_OPERATE":-0.012574362928,"PER_OI":0.066252060809,"BPS":0.231156540242,"BASIC_EPS":-0.011591036,"DILUTED_EPS":-0.011591036,"OPERATE_INCOME":142444705.64,"OPERATE_INCOME_YOY":-48.5729066442,"GROSS_PROFIT":69222214.6,"GROSS_PROFIT_YOY":-51.591615251393,"HOLDER_PROFIT":-24857752.48,"HOLDER_PROFIT_YOY":-559.9466925127,"GROSS_PROFIT_RATIO":48.595849378176,"EPS_TTM":-0.019972859803,"OPERATE_INCOME_QOQ":-28.487019633324,"NET_PROFIT_RATIO":-17.4437602917,"ROE_AVG":-4.792467471453,"GROSS_PROFIT_QOQ":-31.858482546392,"ROA":-3.163186437647,"HOLDER_PROFIT_QOQ":-96.176277455889,"ROE_YEARLY":-9.584934942905,"ROIC_YEARLY":-7.42450542029,"TOTAL_ASSETS":734497483.6,"TOTAL_LIABILITIES":237609849.24,"TAX_EBT":-8.035714285714,"OCF_SALES":-18.979580068301,"TOTAL_PARENT_EQUITY":496996243.28,"DEBT_ASSET_RATIO":32.3499881954,"OPERATE_PROFIT":-20778985.56,"PRETAX_PROFIT":-22999536,"NETCASH_OPERATE":-27035406.96,"NETCASH_INVEST":-18091142.96,"NETCASH_FINANCE":-14287092.72,"END_CASH":84432939.48,"DIVI_RATIO":-0.117968684666,"DIVIDEND_RATE":1.405405405405,"CURRENT_RATIO":0.964207398744,"COMMON_ACS":4000000000,"CURRENTDEBT_DEBT":97.216748673865,"ISSUED_COMMON_SHARES":2150041884,"HK_COMMON_SHARES":2150041884,"PER_SHARES":2000,"TOTAL_MARKET_CAP":397757748.54,"HKSK_MARKET_CAP":397757748.54,"PE_TTM":-8.415659879401,"PB_TTM":0.73043920723,"REPORT_DATE_SQ":"2023-06-30 00:00:00","REPORT_TYPE_SQ":"2023年中报","OPERATE_INCOME_SQ":279806178.32,"DPS_HKD":0.0026,"OPERATE_INCOME_QOQ_SQ":0,"NET_PROFIT_RATIO_SQ":-1.6182072201,"HOLDER_PROFIT_SQ":-3805011.46,"HOLDER_PROFIT_QOQ_SQ":0,"ROE_AVG_SQ":-0.671374585373,"PE_TTM_SQ":-24.608662040233,"PB_TTM_SQ":0.743381608765,"ROA_SQ":-0.401462268189,"START_DATE":"2024-01-01 00:00:00","FISCAL_YEAR":"12-31","CURRENCY":"HKD","IS_CNY_CODE":0,"DPS_HKD_LY":0.0026,"ORG_TYPE":"一般企业","PREMIUM_INCOME":null,"PREMIUM_INCOME_YOY":null,"NET_INTEREST_INCOME":null,"NET_INTEREST_INCOME_YOY":null,"FEE_COMMISSION_INCOME":null,"FEE_COMMISSION_INCOME_YOY":null,"ACCOUNTS_RECE_TDAYS":1.867069414122,"INVENTORY_TDAYS":1.159464693471,"CURRENT_ASSETS_TDAYS":0.530638542379,"TOTAL_ASSETS_TDAYS":0.181263033075,"PREMIUM_EXPENSE":null,"LOAN_DEPOSIT":null,"LOAN_EQUITY":null,"LOAN_ASSETS":null,"DEPOSIT_EQUITY":null,"DEPOSIT_ASSETS":null,"EQUITY_MULTIPLIER":1.47819634221,"EQUITY_RATIO":0.478091841644},{"SECUCODE":"00455.HK","SECURITY_CODE":"00455","SECURITY_NAME_ABBR":"天大药业","ORG_CODE":"10008910","STD_REPORT_DATE":"2023-12-31 00:00:00","REPORT_DATE":"2023-12-31 00:00:00","DATE_TYPE_CODE":"001","REPORT_TYPE":"2023年年报","PER_NETCASH_OPERATE":-0.020972051231,"PER_OI":0.224269907097,"BPS":0.249551688092,"BASIC_EPS":-0.010149664,"DILUTED_EPS":-0.010149664,"OPERATE_INCOME":482189693.58,"OPERATE_INCOME_YOY":null,"GROSS_PROFIT":231568209.04,"GROSS_PROFIT_YOY":null,"HOLDER_PROFIT":-21889744.1,"HOLDER_PROFIT_YOY":null,"GROSS_PROFIT_RATIO":48.024296687208,"EPS_TTM":-0.010181077989,"OPERATE_INCOME_QOQ":8.963818419022,"NET_PROFIT_RATIO":-4.6994017918,"ROE_AVG":-3.960154176319,"GROSS_PROFIT_QOQ":8.337838533504,"ROA":-2.408564538412,"HOLDER_PROFIT_QOQ":-37.930790136097,"ROE_YEARLY":-3.960154176319,"ROIC_YEARLY":-3.271353010207,"TOTAL_ASSETS":831267450.02,"TOTAL_LIABILITIES":294838677,"TAX_EBT":2.681559897252,"OCF_SALES":-9.351255147165,"TOTAL_PARENT_EQUITY":536546581.62,"DEBT_ASSET_RATIO":35.4685699522,"OPERATE_PROFIT":-18802252.56,"PRETAX_PROFIT":-23284416.68,"NETCASH_OPERATE":-45090788.54,"NETCASH_INVEST":-62620708.22,"NETCASH_FINANCE":-52011590.68,"END_CASH":147208189.24,"DIVI_RATIO":-0.231426574142,"DIVIDEND_RATE":1.405405405405,"CURRENT_RATIO":1.098610969257,"COMMON_ACS":4000000000,"CURRENTDEBT_DEBT":96.299984631935,"ISSUED_COMMON_SHARES":2150041884,"HK_COMMON_SHARES":2150041884,"PER_SHARES":2000,"TOTAL_MARKET_CAP":397757748.54,"HKSK_MARKET_CAP":397757748.54,"PE_TTM":-8.415659879401,"PB_TTM":0.73043920723,"REPORT_DATE_SQ":"2022-12-31 00:00:00","REPORT_TYPE_SQ":"2022年年报","OPERATE_INCOME_SQ":null,"DPS_HKD":0.0026,"OPERATE_INCOME_QOQ_SQ":0,"NET_PROFIT_RATIO_SQ":null,"HOLDER_PROFIT_SQ":null,"HOLDER_PROFIT_QOQ_SQ":0,"ROE_AVG_SQ":null,"PE_TTM_SQ":-25.910081667361,"PB_TTM_SQ":0.782695059228,"ROA_SQ":null,"START_DATE":"2023-01-01 00:00:00","FISCAL_YEAR":"12-31","CURRENCY":"HKD","IS_CNY_CODE":0,"DPS_HKD_LY":0.0026,"ORG_TYPE":"一般企业","PREMIUM_INCOME":null,"PREMIUM_INCOME_YOY":null,"NET_INTEREST_INCOME":null,"NET_INTEREST_INCOME_YOY":null,"FEE_COMMISSION_INCOME":null,"FEE_COMMISSION_INCOME_YOY":null,"ACCOUNTS_RECE_TDAYS":4.369389824802,"INVENTORY_TDAYS":4.880087523491,"CURRENT_ASSETS_TDAYS":1.179300096079,"TOTAL_ASSETS_TDAYS":0.530561248884,"PREMIUM_EXPENSE":null,"LOAN_DEPOSIT":null,"LOAN_EQUITY":null,"LOAN_ASSETS":null,"DEPOSIT_EQUITY":null,"DEPOSIT_ASSETS":null,"EQUITY_MULTIPLIER":1.549632480265,"EQUITY_RATIO":0.549511798416},{"SECUCODE":"00455.HK","SECURITY_CODE":"00455","SECURITY_NAME_ABBR":"天大药业","ORG_CODE":"10008910","STD_REPORT_DATE":"2023-06-30 00:00:00","REPORT_DATE":"2023-06-30 00:00:00","DATE_TYPE_CODE":"002","REPORT_TYPE":"2023年中报","PER_NETCASH_OPERATE":-0.022845361695,"PER_OI":0.130139873275,"BPS":0.257972268535,"BASIC_EPS":-0.001751762,"DILUTED_EPS":-0.001751762,"OPERATE_INCOME":279806178.32,"OPERATE_INCOME_YOY":21.4635630123,"GROSS_PROFIT":142996332.06,"GROSS_PROFIT_YOY":29.39472744795,"HOLDER_PROFIT":-3805011.46,"HOLDER_PROFIT_YOY":74.7568658634,"GROSS_PROFIT_RATIO":51.105494853106,"EPS_TTM":-0.007381294618,"OPERATE_INCOME_QOQ":0,"NET_PROFIT_RATIO":-1.6182072201,"ROE_AVG":-0.671374585373,"GROSS_PROFIT_QOQ":0,"ROA":-0.401462268189,"HOLDER_PROFIT_QOQ":0,"ROE_YEARLY":-1.342749170746,"ROIC_YEARLY":-1.119452832505,"TOTAL_ASSETS":892030401.68,"TOTAL_LIABILITIES":314336173.28,"TAX_EBT":11.815406715748,"OCF_SALES":-17.554467451332,"TOTAL_PARENT_EQUITY":554651182.26,"DEBT_ASSET_RATIO":35.2382802972,"OPERATE_PROFIT":-2851684.14,"PRETAX_PROFIT":-5134506.62,"NETCASH_OPERATE":-49118484.5,"NETCASH_INVEST":-62508400.04,"NETCASH_FINANCE":-26818554.24,"END_CASH":174857194.92,"DIVI_RATIO":-0.319208502299,"DIVIDEND_RATE":1.405405405405,"CURRENT_RATIO":1.31876682163,"COMMON_ACS":4000000000,"CURRENTDEBT_DEBT":89.906903348429,"ISSUED_COMMON_SHARES":2150041884,"HK_COMMON_SHARES":2150041884,"PER_SHARES":2000,"TOTAL_MARKET_CAP":397757748.54,"HKSK_MARKET_CAP":397757748.54,"PE_TTM":-8.415659879401,"PB_TTM":0.73043920723,"REPORT_DATE_SQ":"2022-06-30 00:00:00","REPORT_TYPE_SQ":"2022年中报","OPERATE_INCOME_SQ":225979760.64,"DPS_HKD":0.0026,"OPERATE_INCOME_QOQ_SQ":0,"NET_PROFIT_RATIO_SQ":-7.6540326512,"HOLDER_PROFIT_SQ":-14786689.56,"HOLDER_PROFIT_QOQ_SQ":0,"ROE_AVG_SQ":-2.333855217179,"PE_TTM_SQ":-25.910081667361,"PB_TTM_SQ":0.782695059228,"ROA_SQ":-1.506689211834,"START_DATE":"2023-01-01 00:00:00","FISCAL_YEAR":"12-31","CURRENCY":"HKD","IS_CNY_CODE":0,"DPS_HKD_LY":0.0026,"ORG_TYPE":"一般企业","PREMIUM_INCOME":null,"PREMIUM_INCOME_YOY":null,"NET_INTEREST_INCOME":null,"NET_INTEREST_INCOME_YOY":null,"FEE_COMMISSION_INCOME":null,"FEE_COMMISSION_INCOME_YOY":null,"ACCOUNTS_RECE_TDAYS":2.44046479836,"INVENTORY_TDAYS":2.572478654705,"CURRENT_ASSETS_TDAYS":0.63067638673,"TOTAL_ASSETS_TDAYS":0.295220196266,"PREMIUM_EXPENSE":null,"LOAN_DEPOSIT":null,"LOAN_EQUITY":null,"LOAN_ASSETS":null,"DEPOSIT_EQUITY":null,"DEPOSIT_ASSETS":null,"EQUITY_MULTIPLIER":1.544122059434,"EQUITY_RATIO":0.566727671974},{"SECUCODE":"00455.HK","SECURITY_CODE":"00455","SECURITY_NAME_ABBR":"天大药业","ORG_CODE":"10008910","STD_REPORT_DATE":"2022-06-30 00:00:00","REPORT_DATE":"2022-09-30 00:00:00","DATE_TYPE_CODE":"002","REPORT_TYPE":"2022年中报","PER_NETCASH_OPERATE":-0.011797628798,"PER_OI":0.105104817874,"BPS":0.271025440271,"BASIC_EPS":-0.006873744,"DILUTED_EPS":-0.006873744,"OPERATE_INCOME":225979760.64,"OPERATE_INCOME_YOY":5.638295618,"GROSS_PROFIT":110511714.72,"GROSS_PROFIT_YOY":19.602460810945,"HOLDER_PROFIT":-14786689.56,"HOLDER_PROFIT_YOY":8.905413858,"GROSS_PROFIT_RATIO":48.903417115455,"EPS_TTM":-0.007457791774,"OPERATE_INCOME_QOQ":0,"NET_PROFIT_RATIO":-7.6540326512,"ROE_AVG":-2.333855217179,"GROSS_PROFIT_QOQ":0,"ROA":-1.506689211834,"HOLDER_PROFIT_QOQ":0,"ROE_YEARLY":-4.667710434358,"ROIC_YEARLY":-4.234570228962,"TOTAL_ASSETS":909912110.721,"TOTAL_LIABILITIES":303066760.99224,"TAX_EBT":5.312670198544,"OCF_SALES":-11.22465281257,"TOTAL_PARENT_EQUITY":582716048.21196,"DEBT_ASSET_RATIO":33.3072565384,"OPERATE_PROFIT":-15298602.6,"PRETAX_PROFIT":-18266974.68,"NETCASH_OPERATE":-25365019.8,"NETCASH_INVEST":-33275252.04,"NETCASH_FINANCE":-5413977.84,"END_CASH":210603376.2,"DIVI_RATIO":-0.315934269993,"DIVIDEND_RATE":1.405405405405,"CURRENT_RATIO":2.08593970115,"COMMON_ACS":4000000000,"CURRENTDEBT_DEBT":68.037257918707,"ISSUED_COMMON_SHARES":2150041884,"HK_COMMON_SHARES":2150041884,"PER_SHARES":2000,"TOTAL_MARKET_CAP":397757748.54,"HKSK_MARKET_CAP":397757748.54,"PE_TTM":-8.415659879401,"PB_TTM":0.73043920723,"REPORT_DATE_SQ":"2021-06-30 00:00:00","REPORT_TYPE_SQ":"2021年中报","OPERATE_INCOME_SQ":197035221.24264,"DPS_HKD":0.0026,"OPERATE_INCOME_QOQ_SQ":0,"NET_PROFIT_RATIO_SQ":-7.6093162821,"HOLDER_PROFIT_SQ":-14951249.38116,"HOLDER_PROFIT_QOQ_SQ":0,"ROE_AVG_SQ":-2.394040367511,"PE_TTM_SQ":-25.910081667361,"PB_TTM_SQ":0.782695059228,"ROA_SQ":-1.589199207434,"START_DATE":"2022-04-01 00:00:00","FISCAL_YEAR":"3-31","CURRENCY":"HKD","IS_CNY_CODE":0,"DPS_HKD_LY":0.0056,"ORG_TYPE":"一般企业","PREMIUM_INCOME":null,"PREMIUM_INCOME_YOY":null,"NET_INTEREST_INCOME":null,"NET_INTEREST_INCOME_YOY":null,"FEE_COMMISSION_INCOME":null,"FEE_COMMISSION_INCOME_YOY":null,"ACCOUNTS_RECE_TDAYS":1.883983258898,"INVENTORY_TDAYS":1.810075823759,"CURRENT_ASSETS_TDAYS":0.474555863272,"TOTAL_ASSETS_TDAYS":0.230260200047,"PREMIUM_EXPENSE":null,"LOAN_DEPOSIT":null,"LOAN_EQUITY":null,"LOAN_ASSETS":null,"DEPOSIT_EQUITY":null,"DEPOSIT_ASSETS":null,"EQUITY_MULTIPLIER":1.499413501524,"EQUITY_RATIO":0.520093383256},{"SECUCODE":"00455.HK","SECURITY_CODE":"00455","SECURITY_NAME_ABBR":"天大药业","ORG_CODE":"10008910","STD_REPORT_DATE":"2021-12-31 00:00:00","REPORT_DATE":"2022-03-31 00:00:00","DATE_TYPE_CODE":"001","REPORT_TYPE":"2021年年报","PER_NETCASH_OPERATE":-0.003102746879,"PER_OI":0.192358394331,"BPS":0.285452702709,"BASIC_EPS":-0.007461292,"DILUTED_EPS":-0.007461292,"OPERATE_INCOME":413578604.55,"OPERATE_INCOME_YOY":7.5101249049,"GROSS_PROFIT":195634265.23,"GROSS_PROFIT_YOY":-10.62483637432,"HOLDER_PROFIT":-16034478.71,"HOLDER_PROFIT_YOY":27.15697071,"GROSS_PROFIT_RATIO":47.302723517521,"EPS_TTM":-0.011267821641,"OPERATE_INCOME_QOQ":0,"NET_PROFIT_RATIO":-4.2503291638,"ROE_AVG":-2.612698033274,"GROSS_PROFIT_QOQ":0,"ROA":-1.721013202228,"HOLDER_PROFIT_QOQ":0,"ROE_YEARLY":-2.612698033274,"ROIC_YEARLY":-2.378451776476,"TOTAL_ASSETS":944138102.51,"TOTAL_LIABILITIES":304190386.76,"TAX_EBT":22.639017774288,"OCF_SALES":-1.613002965781,"TOTAL_PARENT_EQUITY":613735061.54,"DEBT_ASSET_RATIO":32.2188452425,"OPERATE_PROFIT":-22134895.93,"PRETAX_PROFIT":-22722878.18,"NETCASH_OPERATE":-6670557.25,"NETCASH_INVEST":70030713.5,"NETCASH_FINANCE":-1050257.95,"END_CASH":270878962.02,"DIVI_RATIO":-0.209106256308,"DIVIDEND_RATE":1.405405405405,"CURRENT_RATIO":2.125630550042,"COMMON_ACS":4000000000,"CURRENTDEBT_DEBT":72.427721315147,"ISSUED_COMMON_SHARES":2150041884,"HK_COMMON_SHARES":2150041884,"PER_SHARES":2000,"TOTAL_MARKET_CAP":397757748.54,"HKSK_MARKET_CAP":397757748.54,"PE_TTM":-8.415659879401,"PB_TTM":0.73043920723,"REPORT_DATE_SQ":"2020-12-31 00:00:00","REPORT_TYPE_SQ":"2020年年报","OPERATE_INCOME_SQ":400896013.57498,"DPS_HKD":0.0026,"OPERATE_INCOME_QOQ_SQ":0,"NET_PROFIT_RATIO_SQ":-5.4640631319,"HOLDER_PROFIT_SQ":-22939934.7226,"HOLDER_PROFIT_QOQ_SQ":0,"ROE_AVG_SQ":-3.669123877222,"PE_TTM_SQ":-25.910081667361,"PB_TTM_SQ":0.782695059228,"ROA_SQ":-2.626757632398,"START_DATE":"2021-04-01 00:00:00","FISCAL_YEAR":"3-31","CURRENCY":"HKD","IS_CNY_CODE":0,"DPS_HKD_LY":0.0026,"ORG_TYPE":"一般企业","PREMIUM_INCOME":null,"PREMIUM_INCOME_YOY":null,"NET_INTEREST_INCOME":null,"NET_INTEREST_INCOME_YOY":null,"FEE_COMMISSION_INCOME":null,"FEE_COMMISSION_INCOME_YOY":null,"ACCOUNTS_RECE_TDAYS":3.554275872354,"INVENTORY_TDAYS":3.858680048664,"CURRENT_ASSETS_TDAYS":0.861515074631,"TOTAL_ASSETS_TDAYS":0.443899984648,"PREMIUM_EXPENSE":null,"LOAN_DEPOSIT":null,"LOAN_EQUITY":null,"LOAN_ASSETS":null,"DEPOSIT_EQUITY":null,"DEPOSIT_ASSETS":null,"EQUITY_MULTIPLIER":1.475336328479,"EQUITY_RATIO":0.495637948395},{"SECUCODE":"00455.HK","SECURITY_CODE":"00455","SECURITY_NAME_ABBR":"天大药业","ORG_CODE":"10008910","STD_REPORT_DATE":"2021-06-30 00:00:00","REPORT_DATE":"2021-09-30 00:00:00","DATE_TYPE_CODE":"002","REPORT_TYPE":"2021年中报","PER_NETCASH_OPERATE":-0.009914431313,"PER_OI":0.091642503669,"BPS":0.287741111327,"BASIC_EPS":-0.006914398,"DILUTED_EPS":-0.006914398,"OPERATE_INCOME":197035221.24264,"OPERATE_INCOME_YOY":26.2353569798,"GROSS_PROFIT":92399198.11908,"GROSS_PROFIT_YOY":-15.413042508003,"HOLDER_PROFIT":-14951249.38116,"HOLDER_PROFIT_YOY":-15.4105193844,"GROSS_PROFIT_RATIO":46.894762031046,"EPS_TTM":-0.010669529228,"OPERATE_INCOME_QOQ":0,"NET_PROFIT_RATIO":-7.6093162821,"ROE_AVG":-2.394040367511,"GROSS_PROFIT_QOQ":0,"ROA":-1.589199207434,"HOLDER_PROFIT_QOQ":0,"ROE_YEARLY":-4.788080735021,"ROIC_YEARLY":-4.094409525309,"TOTAL_ASSETS":937366945.26318,"TOTAL_LIABILITIES":290126735.54084,"TAX_EBT":1.094598126564,"OCF_SALES":-10.818594992816,"TOTAL_PARENT_EQUITY":618655441.10272,"DEBT_ASSET_RATIO":30.951244548,"OPERATE_PROFIT":-14839938.40314,"PRETAX_PROFIT":-15158962.89544,"NETCASH_OPERATE":-21316442.57944,"NETCASH_INVEST":-19592047.53326,"NETCASH_FINANCE":8773878.72354,"END_CASH":178233636.01934,"DIVI_RATIO":-0.220831861431,"DIVIDEND_RATE":1.405405405405,"CURRENT_RATIO":2.849741172624,"COMMON_ACS":4000000000,"CURRENTDEBT_DEBT":58.175617869261,"ISSUED_COMMON_SHARES":2150041884,"HK_COMMON_SHARES":2150041884,"PER_SHARES":2000,"TOTAL_MARKET_CAP":397757748.54,"HKSK_MARKET_CAP":397757748.54,"PE_TTM":-8.415659879401,"PB_TTM":0.73043920723,"REPORT_DATE_SQ":"2020-06-30 00:00:00","REPORT_TYPE_SQ":"2020年中报","OPERATE_INCOME_SQ":164640654.00704,"DPS_HKD":0.0026,"OPERATE_INCOME_QOQ_SQ":0,"NET_PROFIT_RATIO_SQ":-8.3210637346,"HOLDER_PROFIT_SQ":-13664895.6352,"HOLDER_PROFIT_QOQ_SQ":0,"ROE_AVG_SQ":-2.130902233914,"PE_TTM_SQ":-25.910081667361,"PB_TTM_SQ":0.782695059228,"ROA_SQ":-1.613647895544,"START_DATE":"2021-04-01 00:00:00","FISCAL_YEAR":"3-31","CURRENCY":"HKD","IS_CNY_CODE":0,"DPS_HKD_LY":0.0026,"ORG_TYPE":"一般企业","PREMIUM_INCOME":null,"PREMIUM_INCOME_YOY":null,"NET_INTEREST_INCOME":null,"NET_INTEREST_INCOME_YOY":null,"FEE_COMMISSION_INCOME":null,"FEE_COMMISSION_INCOME_YOY":null,"ACCOUNTS_RECE_TDAYS":1.694339771726,"INVENTORY_TDAYS":1.806459511942,"CURRENT_ASSETS_TDAYS":0.399599223273,"TOTAL_ASSETS_TDAYS":0.209432810231,"PREMIUM_EXPENSE":null,"LOAN_DEPOSIT":null,"LOAN_EQUITY":null,"LOAN_ASSETS":null,"DEPOSIT_EQUITY":null,"DEPOSIT_ASSETS":null,"EQUITY_MULTIPLIER":1.448252026346,"EQUITY_RATIO":0.468963361938},{"SECUCODE":"00455.HK","SECURITY_CODE":"00455","SECURITY_NAME_ABBR":"天大药业","ORG_CODE":"10008910","STD_REPORT_DATE":"2020-12-31 00:00:00","REPORT_DATE":"2021-03-31 00:00:00","DATE_TYPE_CODE":"001","REPORT_TYPE":"2020年年报","PER_NETCASH_OPERATE":-0.014794222498,"PER_OI":0.186459629721,"BPS":0.297461602173,"BASIC_EPS":-0.010649268,"DILUTED_EPS":-0.010649268,"OPERATE_INCOME":400896013.57498,"OPERATE_INCOME_YOY":-3.4880684769,"GROSS_PROFIT":218891084.8313,"GROSS_PROFIT_YOY":-33.640886694046,"HOLDER_PROFIT":-22939934.7226,"HOLDER_PROFIT_YOY":-963.5734387105,"GROSS_PROFIT_RATIO":54.600464314759,"EPS_TTM":-0.006113142384,"OPERATE_INCOME_QOQ":0,"NET_PROFIT_RATIO":-5.4640631319,"ROE_AVG":-3.669123877222,"GROSS_PROFIT_QOQ":0,"ROA":-2.626757632398,"HOLDER_PROFIT_QOQ":0,"ROE_YEARLY":-3.669123877222,"ROIC_YEARLY":-3.721129904979,"TOTAL_ASSETS":957978560.37338,"TOTAL_LIABILITIES":289868195.73586,"TAX_EBT":5.552723678975,"OCF_SALES":-7.934276454667,"TOTAL_PARENT_EQUITY":639554903.55288,"DEBT_ASSET_RATIO":30.2583176416,"OPERATE_PROFIT":-22711853.60262,"PRETAX_PROFIT":-23193057.6808,"NETCASH_OPERATE":-31808198.01278,"NETCASH_INVEST":-116408783.9313,"NETCASH_FINANCE":76702760.83988,"END_CASH":209813772.18438,"DIVI_RATIO":-0.385427305949,"DIVIDEND_RATE":1.405405405405,"CURRENT_RATIO":2.830592446733,"COMMON_ACS":4000000000,"CURRENTDEBT_DEBT":62.465173866813,"ISSUED_COMMON_SHARES":2150041884,"HK_COMMON_SHARES":2150041884,"PER_SHARES":2000,"TOTAL_MARKET_CAP":397757748.54,"HKSK_MARKET_CAP":397757748.54,"PE_TTM":-8.415659879401,"PB_TTM":0.73043920723,"REPORT_DATE_SQ":"2019-12-31 00:00:00","REPORT_TYPE_SQ":"2019年年报","OPERATE_INCOME_SQ":449060797.9563,"DPS_HKD":0.0026,"OPERATE_INCOME_QOQ_SQ":0,"NET_PROFIT_RATIO_SQ":1.7905700651,"HOLDER_PROFIT_SQ":2871754.5315,"HOLDER_PROFIT_QOQ_SQ":0,"ROE_AVG_SQ":0.419071827892,"PE_TTM_SQ":-25.910081667361,"PB_TTM_SQ":0.782695059228,"ROA_SQ":0.325717343977,"START_DATE":"2020-04-01 00:00:00","FISCAL_YEAR":"3-31","CURRENCY":"HKD","IS_CNY_CODE":0,"DPS_HKD_LY":0.0013,"ORG_TYPE":"一般企业","PREMIUM_INCOME":null,"PREMIUM_INCOME_YOY":null,"NET_INTEREST_INCOME":null,"NET_INTEREST_INCOME_YOY":null,"FEE_COMMISSION_INCOME":null,"FEE_COMMISSION_INCOME_YOY":null,"ACCOUNTS_RECE_TDAYS":4.010003236698,"INVENTORY_TDAYS":3.819281010709,"CURRENT_ASSETS_TDAYS":0.790403069061,"TOTAL_ASSETS_TDAYS":0.459049546649,"PREMIUM_EXPENSE":null,"LOAN_DEPOSIT":null,"LOAN_EQUITY":null,"LOAN_ASSETS":null,"DEPOSIT_EQUITY":null,"DEPOSIT_ASSETS":null,"EQUITY_MULTIPLIER":1.433862743461,"EQUITY_RATIO":0.453234263588},{"SECUCODE":"00455.HK","SECURITY_CODE":"00455","SECURITY_NAME_ABBR":"天大药业","ORG_CODE":"10008910","STD_REPORT_DATE":"2020-06-30 00:00:00","REPORT_DATE":"2020-09-30 00:00:00","DATE_TYPE_CODE":"002","REPORT_TYPE":"2020年中报","PER_NETCASH_OPERATE":-0.009707890641,"PER_OI":0.076575556612,"BPS":0.301123116106,"BASIC_EPS":-0.006326784,"DILUTED_EPS":-0.006326784,"OPERATE_INCOME":164640654.00704,"OPERATE_INCOME_YOY":-28.5556918583,"GROSS_PROFIT":109235750.82816,"GROSS_PROFIT_YOY":-41.213597480452,"HOLDER_PROFIT":-13664895.6352,"HOLDER_PROFIT_YOY":-696.8026299227,"GROSS_PROFIT_RATIO":66.34798160088,"EPS_TTM":0.001335673762,"OPERATE_INCOME_QOQ":0,"NET_PROFIT_RATIO":-8.3210637346,"ROE_AVG":-2.130902233914,"GROSS_PROFIT_QOQ":0,"ROA":-1.613647895544,"HOLDER_PROFIT_QOQ":0,"ROE_YEARLY":-4.261804467828,"ROIC_YEARLY":-4.703635461599,"TOTAL_ASSETS":873711684.39424,"TOTAL_LIABILITIES":198825600.97728,"TAX_EBT":12.123914540445,"OCF_SALES":-12.677531930836,"TOTAL_PARENT_EQUITY":647427311.86752,"DEBT_ASSET_RATIO":22.7564315012,"OPERATE_PROFIT":-15458902.68928,"PRETAX_PROFIT":-15589968.17088,"NETCASH_OPERATE":-20872371.48288,"NETCASH_INVEST":-73257472.53952,"NETCASH_FINANCE":26720126.5472,"END_CASH":216774200.3744,"DIVI_RATIO":1.764032555826,"DIVIDEND_RATE":1.405405405405,"CURRENT_RATIO":3.767086300384,"COMMON_ACS":4000000000,"CURRENTDEBT_DEBT":63.639518673885,"ISSUED_COMMON_SHARES":2150041884,"HK_COMMON_SHARES":2150041884,"PER_SHARES":2000,"TOTAL_MARKET_CAP":397757748.54,"HKSK_MARKET_CAP":397757748.54,"PE_TTM":-8.415659879401,"PB_TTM":0.73043920723,"REPORT_DATE_SQ":"2019-06-30 00:00:00","REPORT_TYPE_SQ":"2019年中报","OPERATE_INCOME_SQ":236553995.97477,"DPS_HKD":0.0026,"OPERATE_INCOME_QOQ_SQ":0,"NET_PROFIT_RATIO_SQ":2.7900084086,"HOLDER_PROFIT_SQ":2350371.06504,"HOLDER_PROFIT_QOQ_SQ":0,"ROE_AVG_SQ":0.345521821757,"PE_TTM_SQ":-25.910081667361,"PB_TTM_SQ":0.782695059228,"ROA_SQ":0.269500900385,"START_DATE":"2020-04-01 00:00:00","FISCAL_YEAR":"3-31","CURRENCY":"HKD","IS_CNY_CODE":0,"DPS_HKD_LY":0.0013,"ORG_TYPE":"一般企业","PREMIUM_INCOME":null,"PREMIUM_INCOME_YOY":null,"NET_INTEREST_INCOME":null,"NET_INTEREST_INCOME_YOY":null,"FEE_COMMISSION_INCOME":null,"FEE_COMMISSION_INCOME_YOY":null,"ACCOUNTS_RECE_TDAYS":1.937562661279,"INVENTORY_TDAYS":1.264487188509,"CURRENT_ASSETS_TDAYS":0.329790697099,"TOTAL_ASSETS_TDAYS":0.194419373519,"PREMIUM_EXPENSE":null,"LOAN_DEPOSIT":null,"LOAN_EQUITY":null,"LOAN_ASSETS":null,"DEPOSIT_EQUITY":null,"DEPOSIT_ASSETS":null,"EQUITY_MULTIPLIER":1.294606165192,"EQUITY_RATIO":0.307101040275},{"SECUCODE":"00455.HK","SECURITY_CODE":"00455","SECURITY_NAME_ABBR":"天大药业","ORG_CODE":"10008910","STD_REPORT_DATE":"2019-12-31 00:00:00","REPORT_DATE":"2020-03-31 00:00:00","DATE_TYPE_CODE":"001","REPORT_TYPE":"2019年年报","PER_NETCASH_OPERATE":-0.008457852014,"PER_OI":0.208861418607,"BPS":0.307157243409,"BASIC_EPS":0.00137055,"DILUTED_EPS":0.00137055,"OPERATE_INCOME":449060797.9563,"OPERATE_INCOME_YOY":-6.7414667852,"GROSS_PROFIT":329858362.9683,"GROSS_PROFIT_YOY":-9.322610520614,"HOLDER_PROFIT":2871754.5315,"HOLDER_PROFIT_YOY":18.2834162473,"GROSS_PROFIT_RATIO":73.455167868027,"EPS_TTM":0.001129453055,"OPERATE_INCOME_QOQ":0,"NET_PROFIT_RATIO":1.7905700651,"ROE_AVG":0.419071827892,"GROSS_PROFIT_QOQ":0,"ROA":0.325717343977,"HOLDER_PROFIT_QOQ":0,"ROE_YEARLY":0.419071827892,"ROIC_YEARLY":0.536249256346,"TOTAL_ASSETS":852594042.8692,"TOTAL_LIABILITIES":158398783.4736,"TAX_EBT":44.74924845041,"OCF_SALES":-4.049504245585,"TOTAL_PARENT_EQUITY":660400938.3035,"DEBT_ASSET_RATIO":18.5784529928,"OPERATE_PROFIT":14894865.1174,"PRETAX_PROFIT":14553192.4846,"NETCASH_OPERATE":-18184736.0785,"NETCASH_INVEST":-37520977.2012,"NETCASH_FINANCE":-742031.3029,"END_CASH":285040282.442,"DIVI_RATIO":2.086117692406,"DIVIDEND_RATE":1.405405405405,"CURRENT_RATIO":4.09534124776,"COMMON_ACS":4000000000,"CURRENTDEBT_DEBT":83.64019641286,"ISSUED_COMMON_SHARES":2150041884,"HK_COMMON_SHARES":2150041884,"PER_SHARES":2000,"TOTAL_MARKET_CAP":397757748.54,"HKSK_MARKET_CAP":397757748.54,"PE_TTM":-8.415659879401,"PB_TTM":0.73043920723,"REPORT_DATE_SQ":"2018-12-31 00:00:00","REPORT_TYPE_SQ":"2018年年报","OPERATE_INCOME_SQ":452057748.11001,"DPS_HKD":0.0026,"OPERATE_INCOME_QOQ_SQ":0,"NET_PROFIT_RATIO_SQ":3.0328002856,"HOLDER_PROFIT_SQ":2279296.42767,"HOLDER_PROFIT_QOQ_SQ":0,"ROE_AVG_SQ":0.327050741514,"PE_TTM_SQ":-25.910081667361,"PB_TTM_SQ":0.782695059228,"ROA_SQ":0.26024230954,"START_DATE":"2019-04-01 00:00:00","FISCAL_YEAR":"3-31","CURRENCY":"HKD","IS_CNY_CODE":0,"DPS_HKD_LY":0.0011,"ORG_TYPE":"一般企业","PREMIUM_INCOME":null,"PREMIUM_INCOME_YOY":null,"NET_INTEREST_INCOME":null,"NET_INTEREST_INCOME_YOY":null,"FEE_COMMISSION_INCOME":null,"FEE_COMMISSION_INCOME_YOY":null,"ACCOUNTS_RECE_TDAYS":5.793812122664,"INVENTORY_TDAYS":2.685738536595,"CURRENT_ASSETS_TDAYS":0.747881566827,"TOTAL_ASSETS_TDAYS":0.509329362208,"PREMIUM_EXPENSE":null,"LOAN_DEPOSIT":null,"LOAN_EQUITY":null,"LOAN_ASSETS":null,"DEPOSIT_EQUITY":null,"DEPOSIT_ASSETS":null,"EQUITY_MULTIPLIER":1.228176123836,"EQUITY_RATIO":0.239852450665}],"count":49},"success":true,"message":"ok","code":0}