{"version":"ae042cba059b03a915ca411fe7dbb7da","result":{"pages":6,"data":[{"SECUCODE":"00456.HK","SECURITY_CODE":"00456","SECURITY_NAME_ABBR":"新城市建设发展","ORG_CODE":"10008911","STD_REPORT_DATE":"2024-06-30 00:00:00","REPORT_DATE":"2024-06-30 00:00:00","DATE_TYPE_CODE":"002","REPORT_TYPE":"2024年中报","PER_NETCASH_OPERATE":0.450264119991,"PER_OI":0.439513890924,"BPS":2.382368350796,"BASIC_EPS":-0.091359268,"DILUTED_EPS":-0.091359268,"OPERATE_INCOME":51530825.48,"OPERATE_INCOME_YOY":-37.6004332306,"GROSS_PROFIT":31126038.72,"GROSS_PROFIT_YOY":-19.442604262917,"HOLDER_PROFIT":-9790318.36,"HOLDER_PROFIT_YOY":-23.9399191219,"GROSS_PROFIT_RATIO":60.402755884593,"EPS_TTM":-0.98891485409,"OPERATE_INCOME_QOQ":-20.35153751028,"NET_PROFIT_RATIO":-20.7931138308,"ROE_AVG":-2.797419812471,"GROSS_PROFIT_QOQ":-10.378870841284,"ROA":-0.62733397098,"HOLDER_PROFIT_QOQ":-1.586353778088,"ROE_YEARLY":-5.594839624942,"ROIC_YEARLY":-1.230917875505,"TOTAL_ASSETS":1543995358.88,"TOTAL_LIABILITIES":1260926744.2,"TAX_EBT":null,"OCF_SALES":102.445936132906,"TOTAL_PARENT_EQUITY":329350617.48,"DEBT_ASSET_RATIO":81.6664853912,"OPERATE_PROFIT":-5821985.72,"PRETAX_PROFIT":-10714863.2,"NETCASH_OPERATE":52791236.56,"NETCASH_INVEST":-425308.88,"NETCASH_FINANCE":-17738848.48,"END_CASH":8686888.24,"DIVI_RATIO":null,"DIVIDEND_RATE":null,"CURRENT_RATIO":3.311434758063,"COMMON_ACS":200000000,"CURRENTDEBT_DEBT":20.257172120023,"ISSUED_COMMON_SHARES":138245044,"HK_COMMON_SHARES":138245044,"PER_SHARES":2000,"TOTAL_MARKET_CAP":62901495.02,"HKSK_MARKET_CAP":62901495.02,"PE_TTM":-0.491348833914,"PB_TTM":0.174309484871,"REPORT_DATE_SQ":"2023-06-30 00:00:00","REPORT_TYPE_SQ":"2023年中报","OPERATE_INCOME_SQ":83423516.34,"DPS_HKD":null,"OPERATE_INCOME_QOQ_SQ":10.36997039059,"NET_PROFIT_RATIO_SQ":-8.8701745079,"HOLDER_PROFIT_SQ":-7979736.9,"HOLDER_PROFIT_QOQ_SQ":4.94339960205,"ROE_AVG_SQ":-1.612918254582,"PE_TTM_SQ":-0.982280864611,"PB_TTM_SQ":0.132975616137,"ROA_SQ":-0.442662881912,"START_DATE":"2024-01-01 00:00:00","FISCAL_YEAR":"12-31","CURRENCY":"HKD","IS_CNY_CODE":0,"DPS_HKD_LY":null,"ORG_TYPE":"一般企业","PREMIUM_INCOME":null,"PREMIUM_INCOME_YOY":null,"NET_INTEREST_INCOME":null,"NET_INTEREST_INCOME_YOY":null,"FEE_COMMISSION_INCOME":null,"FEE_COMMISSION_INCOME_YOY":null,"ACCOUNTS_RECE_TDAYS":null,"INVENTORY_TDAYS":0.047115028992,"CURRENT_ASSETS_TDAYS":0.060379896823,"TOTAL_ASSETS_TDAYS":0.033019393433,"PREMIUM_EXPENSE":null,"LOAN_DEPOSIT":null,"LOAN_EQUITY":null,"LOAN_ASSETS":null,"DEPOSIT_EQUITY":null,"DEPOSIT_ASSETS":null,"EQUITY_MULTIPLIER":5.454491521882,"EQUITY_RATIO":3.828524002317},{"SECUCODE":"00456.HK","SECURITY_CODE":"00456","SECURITY_NAME_ABBR":"新城市建设发展","ORG_CODE":"10008911","STD_REPORT_DATE":"2023-12-31 00:00:00","REPORT_DATE":"2023-12-31 00:00:00","DATE_TYPE_CODE":"001","REPORT_TYPE":"2023年年报","PER_NETCASH_OPERATE":0.895035388959,"PER_OI":1.33659380707,"BPS":2.661793020226,"BASIC_EPS":-1.255386566,"DILUTED_EPS":-1.255386566,"OPERATE_INCOME":156708999.72,"OPERATE_INCOME_YOY":-4.0313002941,"GROSS_PROFIT":72380697.62,"GROSS_PROFIT_YOY":-0.951124518968,"HOLDER_PROFIT":-114134784.12,"HOLDER_PROFIT_YOY":-65.2227527942,"GROSS_PROFIT_RATIO":46.187964794189,"EPS_TTM":-0.973472141987,"OPERATE_INCOME_QOQ":-11.787612109629,"NET_PROFIT_RATIO":-81.9807316424,"ROE_AVG":-26.508027378116,"GROSS_PROFIT_QOQ":-8.374477008869,"ROA":-6.819996463994,"HOLDER_PROFIT_QOQ":-76.334978654914,"ROE_YEARLY":-26.508027378116,"ROIC_YEARLY":-6.752061467959,"TOTAL_ASSETS":1566086811.66,"TOTAL_LIABILITIES":1229221275.94,"TAX_EBT":29.394128047414,"OCF_SALES":66.963903635081,"TOTAL_PARENT_EQUITY":367979693.2,"DEBT_ASSET_RATIO":78.4899832364,"OPERATE_PROFIT":-160648338.06,"PRETAX_PROFIT":-181955382.7,"NETCASH_OPERATE":104938463.56,"NETCASH_INVEST":-5438226.22,"NETCASH_FINANCE":-98449022.14,"END_CASH":8646245.02,"DIVI_RATIO":null,"DIVIDEND_RATE":null,"CURRENT_RATIO":2.383968302501,"COMMON_ACS":200000000,"CURRENTDEBT_DEBT":29.175252335732,"ISSUED_COMMON_SHARES":138245044,"HK_COMMON_SHARES":138245044,"PER_SHARES":2000,"TOTAL_MARKET_CAP":69122522,"HKSK_MARKET_CAP":69122522,"PE_TTM":-0.539943773532,"PB_TTM":0.191548884474,"REPORT_DATE_SQ":"2022-12-31 00:00:00","REPORT_TYPE_SQ":"2022年年报","OPERATE_INCOME_SQ":160958321.3,"DPS_HKD":null,"OPERATE_INCOME_QOQ_SQ":5.068238362664,"NET_PROFIT_RATIO_SQ":-70.9157000943,"HOLDER_PROFIT_SQ":-68092185.56,"HOLDER_PROFIT_QOQ_SQ":-13.778895924508,"ROE_AVG_SQ":-12.190521273202,"PE_TTM_SQ":-0.851310082663,"PB_TTM_SQ":0.115245533985,"ROA_SQ":-3.586415207966,"START_DATE":"2023-01-01 00:00:00","FISCAL_YEAR":"12-31","CURRENCY":"HKD","IS_CNY_CODE":0,"DPS_HKD_LY":null,"ORG_TYPE":"一般企业","PREMIUM_INCOME":null,"PREMIUM_INCOME_YOY":null,"NET_INTEREST_INCOME":null,"NET_INTEREST_INCOME_YOY":null,"FEE_COMMISSION_INCOME":null,"FEE_COMMISSION_INCOME_YOY":null,"ACCOUNTS_RECE_TDAYS":null,"INVENTORY_TDAYS":0.197534192488,"CURRENT_ASSETS_TDAYS":0.182715532817,"TOTAL_ASSETS_TDAYS":0.093639711347,"PREMIUM_EXPENSE":null,"LOAN_DEPOSIT":null,"LOAN_EQUITY":null,"LOAN_ASSETS":null,"DEPOSIT_EQUITY":null,"DEPOSIT_ASSETS":null,"EQUITY_MULTIPLIER":4.648996841752,"EQUITY_RATIO":3.340459537999},{"SECUCODE":"00456.HK","SECURITY_CODE":"00456","SECURITY_NAME_ABBR":"新城市建设发展","ORG_CODE":"10008911","STD_REPORT_DATE":"2023-06-30 00:00:00","REPORT_DATE":"2023-06-30 00:00:00","DATE_TYPE_CODE":"002","REPORT_TYPE":"2023年中报","PER_NETCASH_OPERATE":1.265399806501,"PER_OI":0.963951293509,"BPS":3.528138799392,"BASIC_EPS":-0.085467546,"DILUTED_EPS":-0.085467546,"OPERATE_INCOME":83423516.34,"OPERATE_INCOME_YOY":15.956274349,"GROSS_PROFIT":38638337.84,"GROSS_PROFIT_YOY":18.095556975109,"HOLDER_PROFIT":-7979736.9,"HOLDER_PROFIT_YOY":34.7629456546,"GROSS_PROFIT_RATIO":46.315882541472,"EPS_TTM":-0.747904508021,"OPERATE_INCOME_QOQ":10.36997039059,"NET_PROFIT_RATIO":-8.8701745079,"ROE_AVG":-1.612918254582,"GROSS_PROFIT_QOQ":8.101839146522,"ROA":-0.442662881912,"HOLDER_PROFIT_QOQ":4.94339960205,"ROE_YEARLY":-3.225836509164,"ROIC_YEARLY":-0.879553729376,"TOTAL_ASSETS":1793384787.1,"TOTAL_LIABILITIES":1325363767.62,"TAX_EBT":null,"OCF_SALES":131.27217267332,"TOTAL_PARENT_EQUITY":487747703.56,"DEBT_ASSET_RATIO":73.9029224042,"OPERATE_PROFIT":4580396.64,"PRETAX_PROFIT":-7399811.48,"NETCASH_OPERATE":109511862.42,"NETCASH_INVEST":-175176.2,"NETCASH_FINANCE":-27069332.8,"END_CASH":7469881.96,"DIVI_RATIO":null,"DIVIDEND_RATE":null,"CURRENT_RATIO":3.824838901016,"COMMON_ACS":200000000,"CURRENTDEBT_DEBT":17.240050392377,"ISSUED_COMMON_SHARES":138245044,"HK_COMMON_SHARES":138245044,"PER_SHARES":2000,"TOTAL_MARKET_CAP":69122522,"HKSK_MARKET_CAP":69122522,"PE_TTM":-0.539943773532,"PB_TTM":0.191548884474,"REPORT_DATE_SQ":"2022-06-30 00:00:00","REPORT_TYPE_SQ":"2022年中报","OPERATE_INCOME_SQ":66732186.08,"DPS_HKD":null,"OPERATE_INCOME_QOQ_SQ":-5.280916051936,"NET_PROFIT_RATIO_SQ":-17.5850932951,"HOLDER_PROFIT_SQ":-11345805.73,"HOLDER_PROFIT_QOQ_SQ":-13.626779354944,"ROE_AVG_SQ":-1.901586757835,"PE_TTM_SQ":-0.851310082663,"PB_TTM_SQ":0.115245533985,"ROA_SQ":-0.583802398708,"START_DATE":"2023-01-01 00:00:00","FISCAL_YEAR":"12-31","CURRENCY":"HKD","IS_CNY_CODE":0,"DPS_HKD_LY":null,"ORG_TYPE":"一般企业","PREMIUM_INCOME":null,"PREMIUM_INCOME_YOY":null,"NET_INTEREST_INCOME":null,"NET_INTEREST_INCOME_YOY":null,"FEE_COMMISSION_INCOME":null,"FEE_COMMISSION_INCOME_YOY":null,"ACCOUNTS_RECE_TDAYS":null,"INVENTORY_TDAYS":0.105331863133,"CURRENT_ASSETS_TDAYS":0.095379999958,"TOTAL_ASSETS_TDAYS":0.046277834251,"PREMIUM_EXPENSE":null,"LOAN_DEPOSIT":null,"LOAN_EQUITY":null,"LOAN_ASSETS":null,"DEPOSIT_EQUITY":null,"DEPOSIT_ASSETS":null,"EQUITY_MULTIPLIER":3.831846674514,"EQUITY_RATIO":2.717314213776},{"SECUCODE":"00456.HK","SECURITY_CODE":"00456","SECURITY_NAME_ABBR":"新城市建设发展","ORG_CODE":"10008911","STD_REPORT_DATE":"2022-12-31 00:00:00","REPORT_DATE":"2022-12-31 00:00:00","DATE_TYPE_CODE":"001","REPORT_TYPE":"2022年年报","PER_NETCASH_OPERATE":1.813948329674,"PER_OI":1.859859052042,"BPS":3.51626937715,"BASIC_EPS":-0.786792216,"DILUTED_EPS":-0.786792216,"OPERATE_INCOME":160958321.3,"OPERATE_INCOME_YOY":-8.9107609558,"GROSS_PROFIT":73075738.89,"GROSS_PROFIT_YOY":-4.669194596203,"HOLDER_PROFIT":-68092185.56,"HOLDER_PROFIT_YOY":-18.3315481457,"GROSS_PROFIT_RATIO":45.400410677618,"EPS_TTM":-0.786799133243,"OPERATE_INCOME_QOQ":5.068238362664,"NET_PROFIT_RATIO":-70.9157000943,"ROE_AVG":-12.190521273202,"GROSS_PROFIT_QOQ":1.658712117611,"ROA":-3.586415207966,"HOLDER_PROFIT_QOQ":-13.778895924508,"ROE_YEARLY":-12.190521273202,"ROIC_YEARLY":-3.60406447771,"TOTAL_ASSETS":1755525665.6,"TOTAL_LIABILITIES":1288156082.36,"TAX_EBT":-2.181440166327,"OCF_SALES":97.531494533548,"TOTAL_PARENT_EQUITY":486106814.76,"DEBT_ASSET_RATIO":73.3772286901,"OPERATE_PROFIT":-81459077.84,"PRETAX_PROFIT":-111707879.85,"NETCASH_OPERATE":156985056.34,"NETCASH_INVEST":75927.95,"NETCASH_FINANCE":-192985623.88,"END_CASH":7689268.16,"DIVI_RATIO":null,"DIVIDEND_RATE":null,"CURRENT_RATIO":5.088596604065,"COMMON_ACS":200000000,"CURRENTDEBT_DEBT":12.938086137408,"ISSUED_COMMON_SHARES":138245044,"HK_COMMON_SHARES":138245044,"PER_SHARES":2000,"TOTAL_MARKET_CAP":69122522,"HKSK_MARKET_CAP":69122522,"PE_TTM":-0.539943773532,"PB_TTM":0.191548884474,"REPORT_DATE_SQ":"2021-12-31 00:00:00","REPORT_TYPE_SQ":"2021年年报","OPERATE_INCOME_SQ":161735179.2,"DPS_HKD":null,"OPERATE_INCOME_QOQ_SQ":65.86385389153,"NET_PROFIT_RATIO_SQ":-35.0884908779,"HOLDER_PROFIT_SQ":-52668974.4,"HOLDER_PROFIT_QOQ_SQ":-195.377687842927,"ROE_AVG_SQ":-8.722585781775,"PE_TTM_SQ":-0.851310082663,"PB_TTM_SQ":0.115245533985,"ROA_SQ":-3.054312802141,"START_DATE":"2022-01-01 00:00:00","FISCAL_YEAR":"12-31","CURRENCY":"HKD","IS_CNY_CODE":0,"DPS_HKD_LY":null,"ORG_TYPE":"一般企业","PREMIUM_INCOME":null,"PREMIUM_INCOME_YOY":null,"NET_INTEREST_INCOME":null,"NET_INTEREST_INCOME_YOY":null,"FEE_COMMISSION_INCOME":null,"FEE_COMMISSION_INCOME_YOY":null,"ACCOUNTS_RECE_TDAYS":null,"INVENTORY_TDAYS":0.207796020568,"CURRENT_ASSETS_TDAYS":0.170929955145,"TOTAL_ASSETS_TDAYS":0.084776742972,"PREMIUM_EXPENSE":null,"LOAN_DEPOSIT":null,"LOAN_EQUITY":null,"LOAN_ASSETS":null,"DEPOSIT_EQUITY":null,"DEPOSIT_ASSETS":null,"EQUITY_MULTIPLIER":3.75618296217,"EQUITY_RATIO":2.649944504473},{"SECUCODE":"00456.HK","SECURITY_CODE":"00456","SECURITY_NAME_ABBR":"新城市建设发展","ORG_CODE":"10008911","STD_REPORT_DATE":"2022-06-30 00:00:00","REPORT_DATE":"2022-06-30 00:00:00","DATE_TYPE_CODE":"002","REPORT_TYPE":"2022年中报","PER_NETCASH_OPERATE":0.310451615949,"PER_OI":0.771084460505,"BPS":4.261801155201,"BASIC_EPS":-0.135633134,"DILUTED_EPS":-0.135633134,"OPERATE_INCOME":66732186.08,"OPERATE_INCOME_YOY":-13.7424831977,"GROSS_PROFIT":32717859.02,"GROSS_PROFIT_YOY":-12.727624104505,"HOLDER_PROFIT":-11345805.73,"HOLDER_PROFIT_YOY":-164.8103792415,"GROSS_PROFIT_RATIO":49.028603649785,"EPS_TTM":-0.691515879856,"OPERATE_INCOME_QOQ":-5.280916051936,"NET_PROFIT_RATIO":-17.5850932951,"ROE_AVG":-1.901586757835,"GROSS_PROFIT_QOQ":-6.224657564512,"ROA":-0.583802398708,"HOLDER_PROFIT_QOQ":-13.626779354944,"ROE_YEARLY":-3.803173515671,"ROIC_YEARLY":-1.187017427468,"TOTAL_ASSETS":1932200037.39,"TOTAL_LIABILITIES":1320748594.48,"TAX_EBT":null,"OCF_SALES":40.261687512815,"TOTAL_PARENT_EQUITY":589172888.22,"DEBT_ASSET_RATIO":68.354651119,"OPERATE_PROFIT":579818.82,"PRETAX_PROFIT":-11734917.18,"NETCASH_OPERATE":26867504.23,"NETCASH_INVEST":-3420.76,"NETCASH_FINANCE":-17138862.79,"END_CASH":12908237.86,"DIVI_RATIO":null,"DIVIDEND_RATE":null,"CURRENT_RATIO":8.656494873058,"COMMON_ACS":200000000,"CURRENTDEBT_DEBT":8.676424120301,"ISSUED_COMMON_SHARES":138245044,"HK_COMMON_SHARES":138245044,"PER_SHARES":2000,"TOTAL_MARKET_CAP":69122522,"HKSK_MARKET_CAP":69122522,"PE_TTM":-0.539943773532,"PB_TTM":0.191548884474,"REPORT_DATE_SQ":"2021-06-30 00:00:00","REPORT_TYPE_SQ":"2021年中报","OPERATE_INCOME_SQ":75273285.12,"DPS_HKD":null,"OPERATE_INCOME_QOQ_SQ":147.591769417342,"NET_PROFIT_RATIO_SQ":-8.3281747435,"HOLDER_PROFIT_SQ":-4168720.8,"HOLDER_PROFIT_QOQ_SQ":24.200036745704,"ROE_AVG_SQ":-0.651517052906,"PE_TTM_SQ":-0.851310082663,"PB_TTM_SQ":0.115245533985,"ROA_SQ":-0.243050561066,"START_DATE":"2022-01-01 00:00:00","FISCAL_YEAR":"12-31","CURRENCY":"HKD","IS_CNY_CODE":0,"DPS_HKD_LY":null,"ORG_TYPE":"一般企业","PREMIUM_INCOME":null,"PREMIUM_INCOME_YOY":null,"NET_INTEREST_INCOME":null,"NET_INTEREST_INCOME_YOY":null,"FEE_COMMISSION_INCOME":null,"FEE_COMMISSION_INCOME_YOY":null,"ACCOUNTS_RECE_TDAYS":null,"INVENTORY_TDAYS":0.078848143875,"CURRENT_ASSETS_TDAYS":0.067301107598,"TOTAL_ASSETS_TDAYS":0.034337279548,"PREMIUM_EXPENSE":null,"LOAN_DEPOSIT":null,"LOAN_EQUITY":null,"LOAN_ASSETS":null,"DEPOSIT_EQUITY":null,"DEPOSIT_ASSETS":null,"EQUITY_MULTIPLIER":3.160022042293,"EQUITY_RATIO":2.241699543355},{"SECUCODE":"00456.HK","SECURITY_CODE":"00456","SECURITY_NAME_ABBR":"新城市建设发展","ORG_CODE":"10008911","STD_REPORT_DATE":"2021-12-31 00:00:00","REPORT_DATE":"2021-12-31 00:00:00","DATE_TYPE_CODE":"001","REPORT_TYPE":"2021年年报","PER_NETCASH_OPERATE":-0.050262444101,"PER_OI":0.037376711482,"BPS":4.177881738748,"BASIC_EPS":-0.60862144,"DILUTED_EPS":-0.60862144,"OPERATE_INCOME":161735179.2,"OPERATE_INCOME_YOY":322.740094884,"GROSS_PROFIT":76654905.6,"GROSS_PROFIT_YOY":107.779397286595,"HOLDER_PROFIT":-52668974.4,"HOLDER_PROFIT_YOY":-130.4794275492,"GROSS_PROFIT_RATIO":47.395319916893,"EPS_TTM":-0.012171706056,"OPERATE_INCOME_QOQ":65.86385389153,"NET_PROFIT_RATIO":-35.0884908779,"ROE_AVG":-8.722585781775,"GROSS_PROFIT_QOQ":31.651101529721,"ROA":-3.054312802141,"HOLDER_PROFIT_QOQ":-195.377687842927,"ROE_YEARLY":-8.722585781775,"ROIC_YEARLY":-3.126990957458,"TOTAL_ASSETS":1868747440,"TOTAL_LIABILITIES":1268978155.2,"TAX_EBT":-0.012967925996,"OCF_SALES":-134.47529787632,"TOTAL_PARENT_EQUITY":577571444.8,"DEBT_ASSET_RATIO":67.905278586,"OPERATE_PROFIT":-30839872,"PRETAX_PROFIT":-56743075.2,"NETCASH_OPERATE":-215096660.8,"NETCASH_INVEST":-7096768,"NETCASH_FINANCE":190033132.8,"END_CASH":4934216,"DIVI_RATIO":null,"DIVIDEND_RATE":null,"CURRENT_RATIO":11.708583378796,"COMMON_ACS":200000000,"CURRENTDEBT_DEBT":6.377389781564,"ISSUED_COMMON_SHARES":138245044,"HK_COMMON_SHARES":138245044,"PER_SHARES":2000,"TOTAL_MARKET_CAP":69122522,"HKSK_MARKET_CAP":69122522,"PE_TTM":-0.539943773532,"PB_TTM":0.191548884474,"REPORT_DATE_SQ":"2020-12-31 00:00:00","REPORT_TYPE_SQ":"2020年年报","OPERATE_INCOME_SQ":39383702.16,"DPS_HKD":null,"OPERATE_INCOME_QOQ_SQ":1.893537706547,"NET_PROFIT_RATIO_SQ":-72.2058383553,"HOLDER_PROFIT_SQ":-23523838,"HOLDER_PROFIT_QOQ_SQ":-8046.10890069297,"ROE_AVG_SQ":-3.763280880783,"PE_TTM_SQ":-0.851310082663,"PB_TTM_SQ":0.115245533985,"ROA_SQ":-1.600833922788,"START_DATE":"2021-01-01 00:00:00","FISCAL_YEAR":"12-31","CURRENCY":"HKD","IS_CNY_CODE":0,"DPS_HKD_LY":null,"ORG_TYPE":"一般企业","PREMIUM_INCOME":null,"PREMIUM_INCOME_YOY":null,"NET_INTEREST_INCOME":null,"NET_INTEREST_INCOME_YOY":null,"FEE_COMMISSION_INCOME":null,"FEE_COMMISSION_INCOME_YOY":null,"ACCOUNTS_RECE_TDAYS":null,"INVENTORY_TDAYS":0.232794751766,"CURRENT_ASSETS_TDAYS":0.193104478311,"TOTAL_ASSETS_TDAYS":0.093791427309,"PREMIUM_EXPENSE":null,"LOAN_DEPOSIT":null,"LOAN_EQUITY":null,"LOAN_ASSETS":null,"DEPOSIT_EQUITY":null,"DEPOSIT_ASSETS":null,"EQUITY_MULTIPLIER":3.115777161922,"EQUITY_RATIO":2.197092959884},{"SECUCODE":"00456.HK","SECURITY_CODE":"00456","SECURITY_NAME_ABBR":"新城市建设发展","ORG_CODE":"10008911","STD_REPORT_DATE":"2021-06-30 00:00:00","REPORT_DATE":"2021-06-30 00:00:00","DATE_TYPE_CODE":"002","REPORT_TYPE":"2021年中报","PER_NETCASH_OPERATE":-0.041258407605,"PER_OI":0.017395521952,"BPS":4.61834497879,"BASIC_EPS":-0.048177432,"DILUTED_EPS":-0.048177432,"OPERATE_INCOME":75273285.12,"OPERATE_INCOME_YOY":381.9348995791,"GROSS_PROFIT":37489364.4,"GROSS_PROFIT_YOY":132.0458874988,"HOLDER_PROFIT":-4168720.8,"HOLDER_PROFIT_YOY":53.5939236754,"GROSS_PROFIT_RATIO":49.80434205872,"EPS_TTM":-0.004120726296,"OPERATE_INCOME_QOQ":147.591769417342,"NET_PROFIT_RATIO":-8.3281747435,"ROE_AVG":-0.651517052906,"GROSS_PROFIT_QOQ":57.825794750139,"ROA":-0.243050561066,"HOLDER_PROFIT_QOQ":24.200036745704,"ROE_YEARLY":-1.303034105812,"ROIC_YEARLY":-0.501491085145,"TOTAL_ASSETS":1822269345.36,"TOTAL_LIABILITIES":1168156279.92,"TAX_EBT":null,"OCF_SALES":-237.17832507959,"TOTAL_PARENT_EQUITY":638463304.8,"DEBT_ASSET_RATIO":64.1044795543,"OPERATE_PROFIT":5671457.28,"PRETAX_PROFIT":-6268890.72,"NETCASH_OPERATE":-178531916.88,"NETCASH_INVEST":-45696169.44,"NETCASH_FINANCE":225878933.04,"END_CASH":35656292.16,"DIVI_RATIO":null,"DIVIDEND_RATE":null,"CURRENT_RATIO":6.185078712458,"COMMON_ACS":200000000,"CURRENTDEBT_DEBT":12.958766976827,"ISSUED_COMMON_SHARES":138245044,"HK_COMMON_SHARES":138245044,"PER_SHARES":2000,"TOTAL_MARKET_CAP":69122522,"HKSK_MARKET_CAP":69122522,"PE_TTM":-0.539943773532,"PB_TTM":0.191548884474,"REPORT_DATE_SQ":"2020-06-30 00:00:00","REPORT_TYPE_SQ":"2020年中报","OPERATE_INCOME_SQ":17146182.24,"DPS_HKD":null,"OPERATE_INCOME_QOQ_SQ":-11.022432745909,"NET_PROFIT_RATIO_SQ":-84.103137819,"HOLDER_PROFIT_SQ":-9861498.24,"HOLDER_PROFIT_QOQ_SQ":70.011955801025,"ROE_AVG_SQ":-1.478449435756,"PE_TTM_SQ":-0.851310082663,"PB_TTM_SQ":0.115245533985,"ROA_SQ":-0.689248338807,"START_DATE":"2021-01-01 00:00:00","FISCAL_YEAR":"12-31","CURRENCY":"HKD","IS_CNY_CODE":0,"DPS_HKD_LY":null,"ORG_TYPE":"一般企业","PREMIUM_INCOME":null,"PREMIUM_INCOME_YOY":null,"NET_INTEREST_INCOME":null,"NET_INTEREST_INCOME_YOY":null,"FEE_COMMISSION_INCOME":null,"FEE_COMMISSION_INCOME_YOY":null,"ACCOUNTS_RECE_TDAYS":null,"INVENTORY_TDAYS":0.104413228879,"CURRENT_ASSETS_TDAYS":0.089785758381,"TOTAL_ASSETS_TDAYS":0.043886878156,"PREMIUM_EXPENSE":null,"LOAN_DEPOSIT":null,"LOAN_EQUITY":null,"LOAN_ASSETS":null,"DEPOSIT_EQUITY":null,"DEPOSIT_ASSETS":null,"EQUITY_MULTIPLIER":2.78586293661,"EQUITY_RATIO":1.829637304349},{"SECUCODE":"00456.HK","SECURITY_CODE":"00456","SECURITY_NAME_ABBR":"新城市建设发展","ORG_CODE":"10008911","STD_REPORT_DATE":"2020-12-31 00:00:00","REPORT_DATE":"2020-12-31 00:00:00","DATE_TYPE_CODE":"001","REPORT_TYPE":"2020年年报","PER_NETCASH_OPERATE":-0.014841048188,"PER_OI":0.009101503334,"BPS":4.691673489286,"BASIC_EPS":-0.005723152,"DILUTED_EPS":-0.005723152,"OPERATE_INCOME":39383702.16,"OPERATE_INCOME_YOY":-3.5055883202,"GROSS_PROFIT":36892447.76,"GROSS_PROFIT_YOY":0.084372282977,"HOLDER_PROFIT":-23523838,"HOLDER_PROFIT_YOY":-2500,"GROSS_PROFIT_RATIO":93.674402701201,"EPS_TTM":-0.00543631701,"OPERATE_INCOME_QOQ":1.893537706547,"NET_PROFIT_RATIO":-72.2058383553,"ROE_AVG":-3.763280880783,"GROSS_PROFIT_QOQ":3.902344211214,"ROA":-1.600833922788,"HOLDER_PROFIT_QOQ":-8046.10890069297,"ROE_YEARLY":-3.763280880783,"ROIC_YEARLY":-1.649427834434,"TOTAL_ASSETS":1626538314.48,"TOTAL_LIABILITIES":959928293.8,"TAX_EBT":-0.032566539361,"OCF_SALES":-163.061503611574,"TOTAL_PARENT_EQUITY":648600607.96,"DEBT_ASSET_RATIO":59.0166419847,"OPERATE_PROFIT":-2921332.44,"PRETAX_PROFIT":-28428074.28,"NETCASH_OPERATE":-64219656.92,"NETCASH_INVEST":-27720255.04,"NETCASH_FINANCE":116290240.44,"END_CASH":36575991.12,"DIVI_RATIO":null,"DIVIDEND_RATE":null,"CURRENT_RATIO":11.404044546398,"COMMON_ACS":200000000,"CURRENTDEBT_DEBT":6.841553818569,"ISSUED_COMMON_SHARES":138245044,"HK_COMMON_SHARES":138245044,"PER_SHARES":2000,"TOTAL_MARKET_CAP":69122522,"HKSK_MARKET_CAP":69122522,"PE_TTM":-0.539943773532,"PB_TTM":0.191548884474,"REPORT_DATE_SQ":"2019-12-31 00:00:00","REPORT_TYPE_SQ":"2019年年报","OPERATE_INCOME_SQ":43439955.32,"DPS_HKD":null,"OPERATE_INCOME_QOQ_SQ":-39.453891069591,"NET_PROFIT_RATIO_SQ":-7.7102321937,"HOLDER_PROFIT_SQ":-962963.5,"HOLDER_PROFIT_QOQ_SQ":-106.902758420868,"ROE_AVG_SQ":-0.153115363524,"PE_TTM_SQ":-0.851310082663,"PB_TTM_SQ":0.115245533985,"ROA_SQ":-0.07622007963,"START_DATE":"2020-01-01 00:00:00","FISCAL_YEAR":"12-31","CURRENCY":"HKD","IS_CNY_CODE":0,"DPS_HKD_LY":null,"ORG_TYPE":"一般企业","PREMIUM_INCOME":null,"PREMIUM_INCOME_YOY":null,"NET_INTEREST_INCOME":null,"NET_INTEREST_INCOME_YOY":null,"FEE_COMMISSION_INCOME":null,"FEE_COMMISSION_INCOME_YOY":null,"ACCOUNTS_RECE_TDAYS":null,"INVENTORY_TDAYS":0.014210819427,"CURRENT_ASSETS_TDAYS":0.087752790446,"TOTAL_ASSETS_TDAYS":0.026801224538,"PREMIUM_EXPENSE":null,"LOAN_DEPOSIT":null,"LOAN_EQUITY":null,"LOAN_ASSETS":null,"DEPOSIT_EQUITY":null,"DEPOSIT_ASSETS":null,"EQUITY_MULTIPLIER":2.440014797291,"EQUITY_RATIO":1.47999906571},{"SECUCODE":"00456.HK","SECURITY_CODE":"00456","SECURITY_NAME_ABBR":"新城市建设发展","ORG_CODE":"10008911","STD_REPORT_DATE":"2020-06-30 00:00:00","REPORT_DATE":"2020-06-30 00:00:00","DATE_TYPE_CODE":"002","REPORT_TYPE":"2020年中报","PER_NETCASH_OPERATE":0.000316008249,"PER_OI":0.003962452138,"BPS":4.92701760853,"BASIC_EPS":-0.002557632,"DILUTED_EPS":-0.002557632,"OPERATE_INCOME":17146182.24,"OPERATE_INCOME_YOY":-24.720272709,"GROSS_PROFIT":16156013.28,"GROSS_PROFIT_YOY":-7.735345963009,"HOLDER_PROFIT":-9861498.24,"HOLDER_PROFIT_YOY":9.860566085,"GROSS_PROFIT_RATIO":94.225134516009,"EPS_TTM":-0.000066735138,"OPERATE_INCOME_QOQ":-11.022432745909,"NET_PROFIT_RATIO":-84.103137819,"ROE_AVG":-1.478449435756,"GROSS_PROFIT_QOQ":-3.674577274672,"ROA":-0.689248338807,"HOLDER_PROFIT_QOQ":70.011955801025,"ROE_YEARLY":-2.956898871511,"ROIC_YEARLY":-1.419857955022,"TOTAL_ASSETS":1437151689.6,"TOTAL_LIABILITIES":736459173.12,"TAX_EBT":null,"OCF_SALES":7.975067923925,"TOTAL_PARENT_EQUITY":681135766.08,"DEBT_ASSET_RATIO":51.2443591341,"OPERATE_PROFIT":1015745.28,"PRETAX_PROFIT":-14420477.28,"NETCASH_OPERATE":1367419.68,"NETCASH_INVEST":-1779381.12,"NETCASH_FINANCE":24158661.12,"END_CASH":29072054.88,"DIVI_RATIO":null,"DIVIDEND_RATE":null,"CURRENT_RATIO":3.221543200676,"COMMON_ACS":200000000,"CURRENTDEBT_DEBT":7.489134856769,"ISSUED_COMMON_SHARES":138245044,"HK_COMMON_SHARES":138245044,"PER_SHARES":2000,"TOTAL_MARKET_CAP":69122522,"HKSK_MARKET_CAP":69122522,"PE_TTM":-0.539943773532,"PB_TTM":0.191548884474,"REPORT_DATE_SQ":"2019-06-30 00:00:00","REPORT_TYPE_SQ":"2019年中报","OPERATE_INCOME_SQ":21934322.1,"DPS_HKD":null,"OPERATE_INCOME_QOQ_SQ":-10.766578226864,"NET_PROFIT_RATIO_SQ":-35.8371766593,"HOLDER_PROFIT_SQ":-10535687.82,"HOLDER_PROFIT_QOQ_SQ":15.767448003667,"ROE_AVG_SQ":-1.701904535902,"PE_TTM_SQ":-0.851310082663,"PB_TTM_SQ":0.115245533985,"ROA_SQ":-0.851427440105,"START_DATE":"2020-01-01 00:00:00","FISCAL_YEAR":"12-31","CURRENCY":"HKD","IS_CNY_CODE":0,"DPS_HKD_LY":null,"ORG_TYPE":"一般企业","PREMIUM_INCOME":null,"PREMIUM_INCOME_YOY":null,"NET_INTEREST_INCOME":null,"NET_INTEREST_INCOME_YOY":null,"FEE_COMMISSION_INCOME":null,"FEE_COMMISSION_INCOME_YOY":null,"ACCOUNTS_RECE_TDAYS":null,"INVENTORY_TDAYS":0.141514360313,"CURRENT_ASSETS_TDAYS":0.101151295848,"TOTAL_ASSETS_TDAYS":0.011983957547,"PREMIUM_EXPENSE":null,"LOAN_DEPOSIT":null,"LOAN_EQUITY":null,"LOAN_ASSETS":null,"DEPOSIT_EQUITY":null,"DEPOSIT_ASSETS":null,"EQUITY_MULTIPLIER":2.051044724754,"EQUITY_RATIO":1.081222290467}],"count":48},"success":true,"message":"ok","code":0}