{"version":"9a28e35a4a35c296a4d155908ad46996","result":{"pages":6,"data":[{"SECUCODE":"00467.HK","SECURITY_CODE":"00467","SECURITY_NAME_ABBR":"联合能源集团","ORG_CODE":"10008915","STD_REPORT_DATE":"2024-06-30 00:00:00","REPORT_DATE":"2024-06-30 00:00:00","DATE_TYPE_CODE":"002","REPORT_TYPE":"2024年中报","PER_NETCASH_OPERATE":0.152777107915,"PER_OI":0.29684031143,"BPS":0.487484681919,"BASIC_EPS":0.03559452,"DILUTED_EPS":null,"OPERATE_INCOME":7702843052.76,"OPERATE_INCOME_YOY":35.5544698101,"GROSS_PROFIT":1723667369.04,"GROSS_PROFIT_YOY":-26.66415592755,"HOLDER_PROFIT":922058699.68,"HOLDER_PROFIT_YOY":-39.2542824554,"GROSS_PROFIT_RATIO":22.377028289865,"EPS_TTM":-0.083183798238,"OPERATE_INCOME_QOQ":15.93365506682,"NET_PROFIT_RATIO":11.970297425,"ROE_AVG":7.585330614673,"GROSS_PROFIT_QOQ":-15.578395940443,"ROA":3.801986284902,"HOLDER_PROFIT_QOQ":-39.508867390284,"ROE_YEARLY":15.170661229345,"ROIC_YEARLY":8.898957329332,"TOTAL_ASSETS":24930303238.56,"TOTAL_LIABILITIES":12324077759,"TAX_EBT":26.540136177094,"OCF_SALES":51.467776455078,"TOTAL_PARENT_EQUITY":12601281492,"DEBT_ASSET_RATIO":49.4341269782,"OPERATE_PROFIT":1370232039.04,"PRETAX_PROFIT":1255179598.24,"NETCASH_OPERATE":3964482043.08,"NETCASH_INVEST":-2665803203.36,"NETCASH_FINANCE":-322419725.56,"END_CASH":4011721447.2,"DIVI_RATIO":-0.435767550508,"DIVIDEND_RATE":10.526315789474,"CURRENT_RATIO":1.189482190829,"COMMON_ACS":60000000000,"CURRENTDEBT_DEBT":78.23279339859,"ISSUED_COMMON_SHARES":25849594786,"HK_COMMON_SHARES":25849594786,"PER_SHARES":2000,"TOTAL_MARKET_CAP":9822846018.68,"HKSK_MARKET_CAP":9822846018.68,"PE_TTM":-4.161813761817,"PB_TTM":0.711444713779,"REPORT_DATE_SQ":"2023-06-30 00:00:00","REPORT_TYPE_SQ":"2023年中报","OPERATE_INCOME_SQ":5740373791.26,"DPS_HKD":0.04,"OPERATE_INCOME_QOQ_SQ":6.157084173555,"NET_PROFIT_RATIO_SQ":26.7118600185,"HOLDER_PROFIT_SQ":1533366143.54,"HOLDER_PROFIT_QOQ_SQ":10.407273321247,"ROE_AVG_SQ":10.321706529163,"PE_TTM_SQ":3.923988488967,"PB_TTM_SQ":0.658001026577,"ROA_SQ":5.774264783095,"START_DATE":"2024-01-01 00:00:00","FISCAL_YEAR":"12-31","CURRENCY":"HKD","IS_CNY_CODE":0,"DPS_HKD_LY":0.04,"ORG_TYPE":"一般企业","PREMIUM_INCOME":null,"PREMIUM_INCOME_YOY":null,"NET_INTEREST_INCOME":null,"NET_INTEREST_INCOME_YOY":null,"FEE_COMMISSION_INCOME":null,"FEE_COMMISSION_INCOME_YOY":null,"ACCOUNTS_RECE_TDAYS":1.064278198595,"INVENTORY_TDAYS":22.630672799407,"CURRENT_ASSETS_TDAYS":0.696798180424,"TOTAL_ASSETS_TDAYS":0.317616477687,"PREMIUM_EXPENSE":null,"LOAN_DEPOSIT":null,"LOAN_EQUITY":null,"LOAN_ASSETS":null,"DEPOSIT_EQUITY":null,"DEPOSIT_ASSETS":null,"EQUITY_MULTIPLIER":1.977618382202,"EQUITY_RATIO":0.978001941058},{"SECUCODE":"00467.HK","SECURITY_CODE":"00467","SECURITY_NAME_ABBR":"联合能源集团","ORG_CODE":"10008915","STD_REPORT_DATE":"2023-12-31 00:00:00","REPORT_DATE":"2023-12-31 00:00:00","DATE_TYPE_CODE":"001","REPORT_TYPE":"2023年年报","PER_NETCASH_OPERATE":0.254967293077,"PER_OI":0.472974855431,"BPS":0.449812100034,"BASIC_EPS":-0.059176166,"DILUTED_EPS":null,"OPERATE_INCOME":12316503986.5,"OPERATE_INCOME_YOY":26.3845992972,"GROSS_PROFIT":4022928072.8,"GROSS_PROFIT_YOY":-18.309253297294,"HOLDER_PROFIT":-1547266434.7,"HOLDER_PROFIT_YOY":-165.6393181201,"GROSS_PROFIT_RATIO":32.662905620048,"EPS_TTM":-0.059417682085,"OPERATE_INCOME_QOQ":20.780290169156,"NET_PROFIT_RATIO":-12.5626633655,"ROE_AVG":-11.926091946548,"GROSS_PROFIT_QOQ":-11.150384980392,"ROA":-6.412834766418,"HOLDER_PROFIT_QOQ":-160.313880390785,"ROE_YEARLY":-11.926091946548,"ROIC_YEARLY":-7.319133215653,"TOTAL_ASSETS":23406892313,"TOTAL_LIABILITIES":11774517366.22,"TAX_EBT":15.47272915397,"OCF_SALES":53.907155982879,"TOTAL_PARENT_EQUITY":11627460515.72,"DEBT_ASSET_RATIO":50.3036336852,"OPERATE_PROFIT":-1568341487.02,"PRETAX_PROFIT":-1830510933.02,"NETCASH_OPERATE":6639477015.64,"NETCASH_INVEST":-5929682013.08,"NETCASH_FINANCE":-578287981.04,"END_CASH":3015246775.38,"DIVI_RATIO":-0.610067554441,"DIVIDEND_RATE":10.810810810811,"CURRENT_RATIO":1.297253903265,"COMMON_ACS":60000000000,"CURRENTDEBT_DEBT":69.171171463775,"ISSUED_COMMON_SHARES":25849594786,"HK_COMMON_SHARES":25849594786,"PER_SHARES":2000,"TOTAL_MARKET_CAP":9564350070.82,"HKSK_MARKET_CAP":9564350070.82,"PE_TTM":-4.052292347032,"PB_TTM":0.692722484469,"REPORT_DATE_SQ":"2022-12-31 00:00:00","REPORT_TYPE_SQ":"2022年年报","OPERATE_INCOME_SQ":9605996009.61,"DPS_HKD":0.04,"OPERATE_INCOME_QOQ_SQ":21.432957023028,"NET_PROFIT_RATIO_SQ":24.1882849534,"HOLDER_PROFIT_SQ":2323539979.74,"HOLDER_PROFIT_QOQ_SQ":9.112362217818,"ROE_AVG_SQ":17.320056914917,"PE_TTM_SQ":5.389574551112,"PB_TTM_SQ":0.903760446142,"ROA_SQ":9.918220008109,"START_DATE":"2023-01-01 00:00:00","FISCAL_YEAR":"12-31","CURRENCY":"HKD","IS_CNY_CODE":0,"DPS_HKD_LY":0.04,"ORG_TYPE":"一般企业","PREMIUM_INCOME":null,"PREMIUM_INCOME_YOY":null,"NET_INTEREST_INCOME":null,"NET_INTEREST_INCOME_YOY":null,"FEE_COMMISSION_INCOME":null,"FEE_COMMISSION_INCOME_YOY":null,"ACCOUNTS_RECE_TDAYS":1.892351536297,"INVENTORY_TDAYS":28.515719449118,"CURRENT_ASSETS_TDAYS":1.254712241953,"TOTAL_ASSETS_TDAYS":0.510472554655,"PREMIUM_EXPENSE":null,"LOAN_DEPOSIT":null,"LOAN_EQUITY":null,"LOAN_ASSETS":null,"DEPOSIT_EQUITY":null,"DEPOSIT_ASSETS":null,"EQUITY_MULTIPLIER":2.012219552765,"EQUITY_RATIO":1.012647374747},{"SECUCODE":"00467.HK","SECURITY_CODE":"00467","SECURITY_NAME_ABBR":"联合能源集团","ORG_CODE":"10008915","STD_REPORT_DATE":"2023-06-30 00:00:00","REPORT_DATE":"2023-06-30 00:00:00","DATE_TYPE_CODE":"002","REPORT_TYPE":"2023年中报","PER_NETCASH_OPERATE":0.099991404124,"PER_OI":0.21834877675,"BPS":0.585785591048,"BASIC_EPS":0.058637928,"DILUTED_EPS":null,"OPERATE_INCOME":5740373791.26,"OPERATE_INCOME_YOY":3.4105291061,"GROSS_PROFIT":2350375032.62,"GROSS_PROFIT_YOY":-14.443546223853,"HOLDER_PROFIT":1533366143.54,"HOLDER_PROFIT_YOY":10.1225096805,"GROSS_PROFIT_RATIO":40.944633887754,"EPS_TTM":0.097579463111,"OPERATE_INCOME_QOQ":6.157084173555,"NET_PROFIT_RATIO":26.7118600185,"ROE_AVG":10.321706529163,"GROSS_PROFIT_QOQ":-8.057286815843,"ROA":5.774264783095,"HOLDER_PROFIT_QOQ":10.407273321247,"ROE_YEARLY":20.643413058327,"ROIC_YEARLY":12.883480327517,"TOTAL_ASSETS":27829803109.54,"TOTAL_LIABILITIES":12682159436.96,"TAX_EBT":25.736963020681,"OCF_SALES":45.794350493733,"TOTAL_PARENT_EQUITY":15142320160.06,"DEBT_ASSET_RATIO":45.5704245806,"OPERATE_PROFIT":2250551336.04,"PRETAX_PROFIT":2064769600.1,"NETCASH_OPERATE":2628766893.62,"NETCASH_INVEST":-2916498412.02,"NETCASH_FINANCE":-156477523.62,"END_CASH":2491336554.82,"DIVI_RATIO":0.371479805734,"DIVIDEND_RATE":10.810810810811,"CURRENT_RATIO":1.238169826464,"COMMON_ACS":60000000000,"CURRENTDEBT_DEBT":67.010818770759,"ISSUED_COMMON_SHARES":25849594786,"HK_COMMON_SHARES":25849594786,"PER_SHARES":2000,"TOTAL_MARKET_CAP":9564350070.82,"HKSK_MARKET_CAP":9564350070.82,"PE_TTM":-4.052292347032,"PB_TTM":0.692722484469,"REPORT_DATE_SQ":"2022-06-30 00:00:00","REPORT_TYPE_SQ":"2022年中报","OPERATE_INCOME_SQ":5148924531.24,"DPS_HKD":0.04,"OPERATE_INCOME_QOQ_SQ":30.098085114643,"NET_PROFIT_RATIO_SQ":27.4441608795,"HOLDER_PROFIT_SQ":1291548987.12,"HOLDER_PROFIT_QOQ_SQ":30.189420962735,"ROE_AVG_SQ":10.433857683305,"PE_TTM_SQ":5.389574551112,"PB_TTM_SQ":0.903760446142,"ROA_SQ":5.9924200795,"START_DATE":"2023-01-01 00:00:00","FISCAL_YEAR":"12-31","CURRENCY":"HKD","IS_CNY_CODE":0,"DPS_HKD_LY":0.04,"ORG_TYPE":"一般企业","PREMIUM_INCOME":null,"PREMIUM_INCOME_YOY":null,"NET_INTEREST_INCOME":null,"NET_INTEREST_INCOME_YOY":null,"FEE_COMMISSION_INCOME":null,"FEE_COMMISSION_INCOME_YOY":null,"ACCOUNTS_RECE_TDAYS":0.848788737233,"INVENTORY_TDAYS":10.012589029327,"CURRENT_ASSETS_TDAYS":0.581392424762,"TOTAL_ASSETS_TDAYS":0.216167797654,"PREMIUM_EXPENSE":null,"LOAN_DEPOSIT":null,"LOAN_EQUITY":null,"LOAN_ASSETS":null,"DEPOSIT_EQUITY":null,"DEPOSIT_ASSETS":null,"EQUITY_MULTIPLIER":1.837236451497,"EQUITY_RATIO":0.83753079468},{"SECUCODE":"00467.HK","SECURITY_CODE":"00467","SECURITY_NAME_ABBR":"联合能源集团","ORG_CODE":"10008915","STD_REPORT_DATE":"2022-12-31 00:00:00","REPORT_DATE":"2022-12-31 00:00:00","DATE_TYPE_CODE":"001","REPORT_TYPE":"2022年年报","PER_NETCASH_OPERATE":0.265871917703,"PER_OI":0.365386916328,"BPS":0.546062264715,"BASIC_EPS":0.088791038,"DILUTED_EPS":0.088791038,"OPERATE_INCOME":9605996009.61,"OPERATE_INCOME_YOY":44.5991064062,"GROSS_PROFIT":4924582324.41,"GROSS_PROFIT_YOY":79.399366739237,"HOLDER_PROFIT":2323539979.74,"HOLDER_PROFIT_YOY":30.0192892422,"GROSS_PROFIT_RATIO":51.265712784842,"EPS_TTM":0.088381372146,"OPERATE_INCOME_QOQ":21.432957023028,"NET_PROFIT_RATIO":24.1882849534,"ROE_AVG":17.320056914917,"GROSS_PROFIT_QOQ":16.147456233325,"ROA":9.918220008109,"HOLDER_PROFIT_QOQ":9.112362217818,"ROE_YEARLY":17.320056914917,"ROIC_YEARLY":11.305757088444,"TOTAL_ASSETS":24493324049.88,"TOTAL_LIABILITIES":10372672678.48,"TAX_EBT":13.900584423666,"OCF_SALES":72.764487676523,"TOTAL_PARENT_EQUITY":14115488270.8,"DEBT_ASSET_RATIO":42.3489790824,"OPERATE_PROFIT":3212039917.94,"PRETAX_PROFIT":2698654423.92,"NETCASH_OPERATE":6989753782.62,"NETCASH_INVEST":-5097668572.5,"NETCASH_FINANCE":-1848947415.28,"END_CASH":2831179067.85,"DIVI_RATIO":0.41014072445,"DIVIDEND_RATE":10.810810810811,"CURRENT_RATIO":1.254666329083,"COMMON_ACS":60000000000,"CURRENTDEBT_DEBT":68.672860131877,"ISSUED_COMMON_SHARES":25849594786,"HK_COMMON_SHARES":25849594786,"PER_SHARES":2000,"TOTAL_MARKET_CAP":9564350070.82,"HKSK_MARKET_CAP":9564350070.82,"PE_TTM":-4.052292347032,"PB_TTM":0.692722484469,"REPORT_DATE_SQ":"2021-12-31 00:00:00","REPORT_TYPE_SQ":"2021年年报","OPERATE_INCOME_SQ":6080438873.6,"DPS_HKD":0.04,"OPERATE_INCOME_QOQ_SQ":10.954590494712,"NET_PROFIT_RATIO_SQ":26.9005542067,"HOLDER_PROFIT_SQ":1635688107.2,"HOLDER_PROFIT_QOQ_SQ":43.677641371893,"ROE_AVG_SQ":14.741954252861,"PE_TTM_SQ":5.389574551112,"PB_TTM_SQ":0.903760446142,"ROA_SQ":8.006593863757,"START_DATE":"2022-01-01 00:00:00","FISCAL_YEAR":"12-31","CURRENCY":"HKD","IS_CNY_CODE":0,"DPS_HKD_LY":0.04,"ORG_TYPE":"一般企业","PREMIUM_INCOME":null,"PREMIUM_INCOME_YOY":null,"NET_INTEREST_INCOME":null,"NET_INTEREST_INCOME_YOY":null,"FEE_COMMISSION_INCOME":null,"FEE_COMMISSION_INCOME_YOY":null,"ACCOUNTS_RECE_TDAYS":2.055936222776,"INVENTORY_TDAYS":15.49315177835,"CURRENT_ASSETS_TDAYS":1.216921428666,"TOTAL_ASSETS_TDAYS":0.410039778317,"PREMIUM_EXPENSE":null,"LOAN_DEPOSIT":null,"LOAN_EQUITY":null,"LOAN_ASSETS":null,"DEPOSIT_EQUITY":null,"DEPOSIT_ASSETS":null,"EQUITY_MULTIPLIER":1.734574659882,"EQUITY_RATIO":0.73484334934},{"SECUCODE":"00467.HK","SECURITY_CODE":"00467","SECURITY_NAME_ABBR":"联合能源集团","ORG_CODE":"10008915","STD_REPORT_DATE":"2022-06-30 00:00:00","REPORT_DATE":"2022-06-30 00:00:00","DATE_TYPE_CODE":"002","REPORT_TYPE":"2022年中报","PER_NETCASH_OPERATE":0.103508652561,"PER_OI":0.195851596752,"BPS":0.486807980568,"BASIC_EPS":0.049344463,"DILUTED_EPS":0.049344463,"OPERATE_INCOME":5148924531.24,"OPERATE_INCOME_YOY":59.2120281209,"GROSS_PROFIT":2747162754.98,"GROSS_PROFIT_YOY":119.389869744004,"HOLDER_PROFIT":1291548987.12,"HOLDER_PROFIT_YOY":57.5250721002,"GROSS_PROFIT_RATIO":58.373214958081,"EPS_TTM":0.08100032879,"OPERATE_INCOME_QOQ":30.098085114643,"NET_PROFIT_RATIO":27.4441608795,"ROE_AVG":10.433857683305,"GROSS_PROFIT_QOQ":54.458283080128,"ROA":5.9924200795,"HOLDER_PROFIT_QOQ":30.189420962735,"ROE_YEARLY":20.867715366611,"ROIC_YEARLY":13.579993031281,"TOTAL_ASSETS":21698674296.32,"TOTAL_LIABILITIES":9109936275.51,"TAX_EBT":5.542348170845,"OCF_SALES":57.823946129278,"TOTAL_PARENT_EQUITY":12583789036.28,"DEBT_ASSET_RATIO":41.9838380498,"OPERATE_PROFIT":1645278661.25,"PRETAX_PROFIT":1367323097.07,"NETCASH_OPERATE":2721235104.56,"NETCASH_INVEST":-2217612858.37,"NETCASH_FINANCE":-1134283822.07,"END_CASH":2042583686.64,"DIVI_RATIO":0.447514232864,"DIVIDEND_RATE":10.810810810811,"CURRENT_RATIO":1.428758166591,"COMMON_ACS":60000000000,"CURRENTDEBT_DEBT":55.053546439536,"ISSUED_COMMON_SHARES":25849594786,"HK_COMMON_SHARES":25849594786,"PER_SHARES":2000,"TOTAL_MARKET_CAP":9564350070.82,"HKSK_MARKET_CAP":9564350070.82,"PE_TTM":-4.052292347032,"PB_TTM":0.692722484469,"REPORT_DATE_SQ":"2021-06-30 00:00:00","REPORT_TYPE_SQ":"2021年中报","OPERATE_INCOME_SQ":2875973853.36,"DPS_HKD":0.04,"OPERATE_INCOME_QOQ_SQ":4.948347569094,"NET_PROFIT_RATIO_SQ":27.7382291869,"HOLDER_PROFIT_SQ":797744218.8,"HOLDER_PROFIT_QOQ_SQ":56.524648614657,"ROE_AVG_SQ":7.332250399408,"PE_TTM_SQ":5.389574551112,"PB_TTM_SQ":0.903760446142,"ROA_SQ":3.905008663858,"START_DATE":"2022-01-01 00:00:00","FISCAL_YEAR":"12-31","CURRENCY":"HKD","IS_CNY_CODE":0,"DPS_HKD_LY":0.04,"ORG_TYPE":"一般企业","PREMIUM_INCOME":null,"PREMIUM_INCOME_YOY":null,"NET_INTEREST_INCOME":null,"NET_INTEREST_INCOME_YOY":null,"FEE_COMMISSION_INCOME":null,"FEE_COMMISSION_INCOME_YOY":null,"ACCOUNTS_RECE_TDAYS":1.285126404394,"INVENTORY_TDAYS":7.032992741965,"CURRENT_ASSETS_TDAYS":0.685825411729,"TOTAL_ASSETS_TDAYS":0.218348245198,"PREMIUM_EXPENSE":null,"LOAN_DEPOSIT":null,"LOAN_EQUITY":null,"LOAN_ASSETS":null,"DEPOSIT_EQUITY":null,"DEPOSIT_ASSETS":null,"EQUITY_MULTIPLIER":1.723657626401,"EQUITY_RATIO":0.72394222831},{"SECUCODE":"00467.HK","SECURITY_CODE":"00467","SECURITY_NAME_ABBR":"联合能源集团","ORG_CODE":"10008915","STD_REPORT_DATE":"2021-12-31 00:00:00","REPORT_DATE":"2021-12-31 00:00:00","DATE_TYPE_CODE":"001","REPORT_TYPE":"2021年年报","PER_NETCASH_OPERATE":0.133130955435,"PER_OI":0.231283961364,"BPS":0.450220758923,"BASIC_EPS":0.06238288,"DILUTED_EPS":0.06238288,"OPERATE_INCOME":6080438873.6,"OPERATE_INCOME_YOY":19.8688571517,"GROSS_PROFIT":2745038856,"GROSS_PROFIT_YOY":60.449501632571,"HOLDER_PROFIT":1635688107.2,"HOLDER_PROFIT_YOY":131.5034205995,"GROSS_PROFIT_RATIO":45.14540665672,"EPS_TTM":0.062217289385,"OPERATE_INCOME_QOQ":10.954590494712,"NET_PROFIT_RATIO":26.9005542067,"ROE_AVG":14.741954252861,"GROSS_PROFIT_QOQ":27.665464236621,"ROA":8.006593863757,"HOLDER_PROFIT_QOQ":43.677641371893,"ROE_YEARLY":14.741954252861,"ROIC_YEARLY":9.157021783821,"TOTAL_ASSETS":20466449360,"TOTAL_LIABILITIES":8823596432,"TAX_EBT":17.767023893299,"OCF_SALES":57.561689383908,"TOTAL_PARENT_EQUITY":11638024182.4,"DEBT_ASSET_RATIO":43.1124924348,"OPERATE_PROFIT":2255505761.6,"PRETAX_PROFIT":1989070361.6,"NETCASH_OPERATE":3500003337.6,"NETCASH_INVEST":-2039096035.2,"NETCASH_FINANCE":-1187072622.4,"END_CASH":2528435358.4,"DIVI_RATIO":0.582616188492,"DIVIDEND_RATE":10.810810810811,"CURRENT_RATIO":1.505607309293,"COMMON_ACS":60000000000,"CURRENTDEBT_DEBT":47.195320267567,"ISSUED_COMMON_SHARES":25849594786,"HK_COMMON_SHARES":25849594786,"PER_SHARES":2000,"TOTAL_MARKET_CAP":9564350070.82,"HKSK_MARKET_CAP":9564350070.82,"PE_TTM":-4.052292347032,"PB_TTM":0.692722484469,"REPORT_DATE_SQ":"2020-12-31 00:00:00","REPORT_TYPE_SQ":"2020年年报","OPERATE_INCOME_SQ":5221725612.28,"DPS_HKD":0.04,"OPERATE_INCOME_QOQ_SQ":-11.765112342621,"NET_PROFIT_RATIO_SQ":13.9288101483,"HOLDER_PROFIT_SQ":727325088.64,"HOLDER_PROFIT_QOQ_SQ":-41.422685791629,"ROE_AVG_SQ":6.929018524414,"PE_TTM_SQ":5.389574551112,"PB_TTM_SQ":0.903760446142,"ROA_SQ":3.410021487836,"START_DATE":"2021-01-01 00:00:00","FISCAL_YEAR":"12-31","CURRENCY":"HKD","IS_CNY_CODE":0,"DPS_HKD_LY":0.0236,"ORG_TYPE":"一般企业","PREMIUM_INCOME":null,"PREMIUM_INCOME_YOY":null,"NET_INTEREST_INCOME":null,"NET_INTEREST_INCOME_YOY":null,"FEE_COMMISSION_INCOME":null,"FEE_COMMISSION_INCOME_YOY":null,"ACCOUNTS_RECE_TDAYS":1.881040193574,"INVENTORY_TDAYS":13.188269409817,"CURRENT_ASSETS_TDAYS":0.994988556597,"TOTAL_ASSETS_TDAYS":0.297633787028,"PREMIUM_EXPENSE":null,"LOAN_DEPOSIT":null,"LOAN_EQUITY":null,"LOAN_ASSETS":null,"DEPOSIT_EQUITY":null,"DEPOSIT_ASSETS":null,"EQUITY_MULTIPLIER":1.757855182623,"EQUITY_RATIO":0.758169625162},{"SECUCODE":"00467.HK","SECURITY_CODE":"00467","SECURITY_NAME_ABBR":"联合能源集团","ORG_CODE":"10008915","STD_REPORT_DATE":"2021-06-30 00:00:00","REPORT_DATE":"2021-06-30 00:00:00","DATE_TYPE_CODE":"002","REPORT_TYPE":"2021年中报","PER_NETCASH_OPERATE":0.038897270507,"PER_OI":0.109419807543,"BPS":0.426315225907,"BASIC_EPS":0.030454128,"DILUTED_EPS":0.03037092,"OPERATE_INCOME":2875973853.36,"OPERATE_INCOME_YOY":20.6143910911,"GROSS_PROFIT":1252183046.64,"GROSS_PROFIT_YOY":54.049485460489,"HOLDER_PROFIT":797744218.8,"HOLDER_PROFIT_YOY":126.5099323354,"GROSS_PROFIT_RATIO":43.539444740677,"EPS_TTM":0.043313404297,"OPERATE_INCOME_QOQ":4.948347569094,"NET_PROFIT_RATIO":27.7382291869,"ROE_AVG":7.332250399408,"GROSS_PROFIT_QOQ":25.679644524055,"ROA":3.905008663858,"HOLDER_PROFIT_QOQ":56.524648614657,"ROE_YEARLY":14.664500798817,"ROIC_YEARLY":8.693775499401,"TOTAL_ASSETS":20104260148.08,"TOTAL_LIABILITIES":9078529491.6,"TAX_EBT":17.74991120712,"OCF_SALES":35.548655568115,"TOTAL_PARENT_EQUITY":11020075840.8,"DEBT_ASSET_RATIO":45.1572424189,"OPERATE_PROFIT":1044605713.2,"PRETAX_PROFIT":969900738.72,"NETCASH_OPERATE":1022370039.36,"NETCASH_INVEST":-756312459.36,"NETCASH_FINANCE":-1075722176.88,"END_CASH":1483786690.08,"DIVI_RATIO":0.836895658253,"DIVIDEND_RATE":10.810810810811,"CURRENT_RATIO":1.302805295438,"COMMON_ACS":60000000000,"CURRENTDEBT_DEBT":45.647512131501,"ISSUED_COMMON_SHARES":25849594786,"HK_COMMON_SHARES":25849594786,"PER_SHARES":2000,"TOTAL_MARKET_CAP":9564350070.82,"HKSK_MARKET_CAP":9564350070.82,"PE_TTM":-4.052292347032,"PB_TTM":0.692722484469,"REPORT_DATE_SQ":"2020-06-30 00:00:00","REPORT_TYPE_SQ":"2020年中报","OPERATE_INCOME_SQ":2617584720.96,"DPS_HKD":0.04,"OPERATE_INCOME_QOQ_SQ":-6.998241657578,"NET_PROFIT_RATIO_SQ":14.7703440146,"HOLDER_PROFIT_SQ":386626268.16,"HOLDER_PROFIT_QOQ_SQ":-27.274845392717,"ROE_AVG_SQ":3.455345091023,"PE_TTM_SQ":5.389574551112,"PB_TTM_SQ":0.903760446142,"ROA_SQ":1.681819895822,"START_DATE":"2021-01-01 00:00:00","FISCAL_YEAR":"12-31","CURRENCY":"HKD","IS_CNY_CODE":0,"DPS_HKD_LY":0.0236,"ORG_TYPE":"一般企业","PREMIUM_INCOME":null,"PREMIUM_INCOME_YOY":null,"NET_INTEREST_INCOME":null,"NET_INTEREST_INCOME_YOY":null,"FEE_COMMISSION_INCOME":null,"FEE_COMMISSION_INCOME_YOY":null,"ACCOUNTS_RECE_TDAYS":0.871584654325,"INVENTORY_TDAYS":5.61452913379,"CURRENT_ASSETS_TDAYS":0.502060028732,"TOTAL_ASSETS_TDAYS":0.140780748387,"PREMIUM_EXPENSE":null,"LOAN_DEPOSIT":null,"LOAN_EQUITY":null,"LOAN_ASSETS":null,"DEPOSIT_EQUITY":null,"DEPOSIT_ASSETS":null,"EQUITY_MULTIPLIER":1.823394818397,"EQUITY_RATIO":0.82381733327},{"SECUCODE":"00467.HK","SECURITY_CODE":"00467","SECURITY_NAME_ABBR":"联合能源集团","ORG_CODE":"10008915","STD_REPORT_DATE":"2020-12-31 00:00:00","REPORT_DATE":"2020-12-31 00:00:00","DATE_TYPE_CODE":"001","REPORT_TYPE":"2020年年报","PER_NETCASH_OPERATE":0.06117131588,"PER_OI":0.198666691935,"BPS":0.420246067636,"BASIC_EPS":0.02777412,"DILUTED_EPS":0.027689956,"OPERATE_INCOME":5221725612.28,"OPERATE_INCOME_YOY":-12.6613467679,"GROSS_PROFIT":1710842868.36,"GROSS_PROFIT_YOY":-45.083413509474,"HOLDER_PROFIT":727325088.64,"HOLDER_PROFIT_YOY":-54.6592079465,"GROSS_PROFIT_RATIO":32.763936587104,"EPS_TTM":0.027671938369,"OPERATE_INCOME_QOQ":-11.765112342621,"NET_PROFIT_RATIO":13.9288101483,"ROE_AVG":6.929018524414,"GROSS_PROFIT_QOQ":-25.501421612667,"ROA":3.410021487836,"HOLDER_PROFIT_QOQ":-41.422685791629,"ROE_YEARLY":6.929018524414,"ROIC_YEARLY":3.909734473157,"TOTAL_ASSETS":20991667271.4,"TOTAL_LIABILITIES":10121220092.52,"TAX_EBT":15.835007689214,"OCF_SALES":30.790926895486,"TOTAL_PARENT_EQUITY":10863190558.8,"DEBT_ASSET_RATIO":48.2154178687,"OPERATE_PROFIT":1101388620.08,"PRETAX_PROFIT":864164811.32,"NETCASH_OPERATE":1607817715.96,"NETCASH_INVEST":-1835463661.52,"NETCASH_FINANCE":-79388534.64,"END_CASH":2324830189.68,"DIVI_RATIO":1.309947988352,"DIVIDEND_RATE":10.810810810811,"CURRENT_RATIO":1.363001074083,"COMMON_ACS":60000000000,"CURRENTDEBT_DEBT":44.416113201237,"ISSUED_COMMON_SHARES":25849594786,"HK_COMMON_SHARES":25849594786,"PER_SHARES":2000,"TOTAL_MARKET_CAP":9564350070.82,"HKSK_MARKET_CAP":9564350070.82,"PE_TTM":-4.052292347032,"PB_TTM":0.692722484469,"REPORT_DATE_SQ":"2019-12-31 00:00:00","REPORT_TYPE_SQ":"2019年年报","OPERATE_INCOME_SQ":6363302222.32,"DPS_HKD":0.04,"OPERATE_INCOME_QOQ_SQ":12.133177686934,"NET_PROFIT_RATIO_SQ":26.8305534455,"HOLDER_PROFIT_SQ":1707318161.46,"HOLDER_PROFIT_QOQ_SQ":11.804146092632,"ROE_AVG_SQ":16.36039097753,"PE_TTM_SQ":5.389574551112,"PB_TTM_SQ":0.903760446142,"ROA_SQ":9.099700617392,"START_DATE":"2020-01-01 00:00:00","FISCAL_YEAR":"12-31","CURRENCY":"HKD","IS_CNY_CODE":0,"DPS_HKD_LY":null,"ORG_TYPE":"一般企业","PREMIUM_INCOME":null,"PREMIUM_INCOME_YOY":null,"NET_INTEREST_INCOME":null,"NET_INTEREST_INCOME_YOY":null,"FEE_COMMISSION_INCOME":null,"FEE_COMMISSION_INCOME_YOY":null,"ACCOUNTS_RECE_TDAYS":1.74010648647,"INVENTORY_TDAYS":12.710983944737,"CURRENT_ASSETS_TDAYS":0.856279845864,"TOTAL_ASSETS_TDAYS":0.244817576343,"PREMIUM_EXPENSE":null,"LOAN_DEPOSIT":null,"LOAN_EQUITY":null,"LOAN_ASSETS":null,"DEPOSIT_EQUITY":null,"DEPOSIT_ASSETS":null,"EQUITY_MULTIPLIER":1.931076700522,"EQUITY_RATIO":0.931698660512},{"SECUCODE":"00467.HK","SECURITY_CODE":"00467","SECURITY_NAME_ABBR":"联合能源集团","ORG_CODE":"10008915","STD_REPORT_DATE":"2020-06-30 00:00:00","REPORT_DATE":"2020-06-30 00:00:00","DATE_TYPE_CODE":"002","REPORT_TYPE":"2020年中报","PER_NETCASH_OPERATE":0.014629993239,"PER_OI":0.099611776501,"BPS":0.440386751492,"BASIC_EPS":0.014706384,"DILUTED_EPS":0.014706384,"OPERATE_INCOME":2617584720.96,"OPERATE_INCOME_YOY":-17.6995552451,"GROSS_PROFIT":812844679.68,"GROSS_PROFIT_YOY":-50.184660894017,"HOLDER_PROFIT":386626268.16,"HOLDER_PROFIT_YOY":-56.3145905989,"GROSS_PROFIT_RATIO":31.053232897153,"EPS_TTM":0.047250787585,"OPERATE_INCOME_QOQ":-6.998241657578,"NET_PROFIT_RATIO":14.7703440146,"ROE_AVG":3.455345091023,"GROSS_PROFIT_QOQ":-26.285054454322,"ROA":1.681819895822,"HOLDER_PROFIT_QOQ":-27.274845392717,"ROE_YEARLY":6.910690182046,"ROIC_YEARLY":3.806590242096,"TOTAL_ASSETS":22462349147.04,"TOTAL_LIABILITIES":11062469969.76,"TAX_EBT":27.355733172231,"OCF_SALES":14.687011670018,"TOTAL_PARENT_EQUITY":11383819075.2,"DEBT_ASSET_RATIO":49.2489449672,"OPERATE_PROFIT":699713308.8,"PRETAX_PROFIT":532218556.32,"NETCASH_OPERATE":384444973.44,"NETCASH_INVEST":-1003555423.2,"NETCASH_FINANCE":-543704150.88,"END_CASH":1719025572,"DIVI_RATIO":0.767157583028,"DIVIDEND_RATE":10.810810810811,"CURRENT_RATIO":1.240978933325,"COMMON_ACS":60000000000,"CURRENTDEBT_DEBT":45.756767586957,"ISSUED_COMMON_SHARES":25849594786,"HK_COMMON_SHARES":25849594786,"PER_SHARES":2000,"TOTAL_MARKET_CAP":9564350070.82,"HKSK_MARKET_CAP":9564350070.82,"PE_TTM":-4.052292347032,"PB_TTM":0.692722484469,"REPORT_DATE_SQ":"2019-06-30 00:00:00","REPORT_TYPE_SQ":"2019年中报","OPERATE_INCOME_SQ":3062903987.88,"DPS_HKD":0.04,"OPERATE_INCOME_QOQ_SQ":22.680836204969,"NET_PROFIT_RATIO_SQ":27.8263589206,"HOLDER_PROFIT_SQ":852294657.06,"HOLDER_PROFIT_QOQ_SQ":6.40003996294,"ROE_AVG_SQ":8.264283828628,"PE_TTM_SQ":5.389574551112,"PB_TTM_SQ":0.903760446142,"ROA_SQ":4.630826299982,"START_DATE":"2020-01-01 00:00:00","FISCAL_YEAR":"12-31","CURRENCY":"HKD","IS_CNY_CODE":0,"DPS_HKD_LY":null,"ORG_TYPE":"一般企业","PREMIUM_INCOME":null,"PREMIUM_INCOME_YOY":null,"NET_INTEREST_INCOME":null,"NET_INTEREST_INCOME_YOY":null,"FEE_COMMISSION_INCOME":null,"FEE_COMMISSION_INCOME_YOY":null,"ACCOUNTS_RECE_TDAYS":0.782269211687,"INVENTORY_TDAYS":5.519720851749,"CURRENT_ASSETS_TDAYS":0.406824710191,"TOTAL_ASSETS_TDAYS":0.113864639453,"PREMIUM_EXPENSE":null,"LOAN_DEPOSIT":null,"LOAN_EQUITY":null,"LOAN_ASSETS":null,"DEPOSIT_EQUITY":null,"DEPOSIT_ASSETS":null,"EQUITY_MULTIPLIER":1.970402387406,"EQUITY_RATIO":0.971771414908}],"count":50},"success":true,"message":"ok","code":0}