{"version":"54588fdb25186904938172bd10db10d5","result":{"pages":4,"data":[{"SECUCODE":"00468.HK","SECURITY_CODE":"00468","SECURITY_NAME_ABBR":"纷美包装","ORG_CODE":"10156180","STD_REPORT_DATE":"2024-06-30 00:00:00","REPORT_DATE":"2024-06-30 00:00:00","DATE_TYPE_CODE":"002","REPORT_TYPE":"2024年中报","PER_NETCASH_OPERATE":0.077353249062,"PER_OI":1.156481744033,"BPS":2.205052983771,"BASIC_EPS":0.084,"DILUTED_EPS":0.084,"OPERATE_INCOME":1627319000,"OPERATE_INCOME_YOY":-13.8775957348,"GROSS_PROFIT":330058000,"GROSS_PROFIT_YOY":11.123530817894,"HOLDER_PROFIT":114824000,"HOLDER_PROFIT_YOY":15.020685372,"GROSS_PROFIT_RATIO":20.282317111765,"EPS_TTM":0.184211255684,"OPERATE_INCOME_QOQ":-6.870449414268,"NET_PROFIT_RATIO":7.2202807194,"ROE_AVG":3.824732620299,"GROSS_PROFIT_QOQ":4.850751199144,"ROA":2.870980763824,"HOLDER_PROFIT_QOQ":6.140106627794,"ROE_YEARLY":7.649465240597,"ROIC_YEARLY":7.277894719495,"TOTAL_ASSETS":3970571000,"TOTAL_LIABILITIES":826622000,"TAX_EBT":22.037170971873,"OCF_SALES":6.688670137816,"TOTAL_PARENT_EQUITY":3102794000,"DEBT_ASSET_RATIO":20.8187185168,"OPERATE_PROFIT":145766000,"PRETAX_PROFIT":150709000,"NETCASH_OPERATE":108846000,"NETCASH_INVEST":-189991000,"NETCASH_FINANCE":-6949000,"END_CASH":780290000,"DIVI_RATIO":0.19677842087,"DIVIDEND_RATE":1.6,"CURRENT_RATIO":3.410664753392,"COMMON_ACS":3000000000,"CURRENTDEBT_DEBT":91.892666781189,"ISSUED_COMMON_SHARES":1407129000,"HK_COMMON_SHARES":1407129000,"PER_SHARES":1000,"TOTAL_MARKET_CAP":3517822500,"HKSK_MARKET_CAP":3517822500,"PE_TTM":12.256393232246,"PB_TTM":1.03475971634,"REPORT_DATE_SQ":"2023-06-30 00:00:00","REPORT_TYPE_SQ":"2023年中报","OPERATE_INCOME_SQ":1889542000,"DPS_HKD":0.04,"OPERATE_INCOME_QOQ_SQ":2.930852872903,"NET_PROFIT_RATIO_SQ":5.2832379487,"HOLDER_PROFIT_SQ":99829000,"HOLDER_PROFIT_QOQ_SQ":17.795248825364,"ROE_AVG_SQ":3.711948705211,"PE_TTM_SQ":10.009518466858,"PB_TTM_SQ":0.781700080038,"ROA_SQ":2.441920935077,"START_DATE":"2024-01-01 00:00:00","FISCAL_YEAR":"12-31","CURRENCY":"HKD","IS_CNY_CODE":0,"DPS_HKD_LY":0.04,"ORG_TYPE":"一般企业","PREMIUM_INCOME":null,"PREMIUM_INCOME_YOY":null,"NET_INTEREST_INCOME":null,"NET_INTEREST_INCOME_YOY":null,"FEE_COMMISSION_INCOME":null,"FEE_COMMISSION_INCOME_YOY":null,"ACCOUNTS_RECE_TDAYS":2.362010581243,"INVENTORY_TDAYS":1.590123605091,"CURRENT_ASSETS_TDAYS":0.623044847755,"TOTAL_ASSETS_TDAYS":0.406883712952,"PREMIUM_EXPENSE":null,"LOAN_DEPOSIT":null,"LOAN_EQUITY":null,"LOAN_ASSETS":null,"DEPOSIT_EQUITY":null,"DEPOSIT_ASSETS":null,"EQUITY_MULTIPLIER":1.262924748461,"EQUITY_RATIO":0.266412143378},{"SECUCODE":"00468.HK","SECURITY_CODE":"00468","SECURITY_NAME_ABBR":"纷美包装","ORG_CODE":"10156180","STD_REPORT_DATE":"2023-12-31 00:00:00","REPORT_DATE":"2023-12-31 00:00:00","DATE_TYPE_CODE":"001","REPORT_TYPE":"2023年年报","PER_NETCASH_OPERATE":0.330866933357,"PER_OI":2.855447015669,"BPS":2.061996448087,"BASIC_EPS":0.18,"DILUTED_EPS":0.18,"OPERATE_INCOME":3816679000,"OPERATE_INCOME_YOY":-3.0564303732,"GROSS_PROFIT":681111000,"GROSS_PROFIT_YOY":15.842493490237,"HOLDER_PROFIT":244214000,"HOLDER_PROFIT_YOY":33.8914565481,"GROSS_PROFIT_RATIO":17.845645389618,"EPS_TTM":0.182708615916,"OPERATE_INCOME_QOQ":-5.816801356431,"NET_PROFIT_RATIO":6.3985994106,"ROE_AVG":8.846059319171,"GROSS_PROFIT_QOQ":8.961023586777,"ROA":5.878993324644,"HOLDER_PROFIT_QOQ":13.664564473715,"ROE_YEARLY":8.846059319171,"ROIC_YEARLY":7.147109040136,"TOTAL_ASSETS":4028368000,"TOTAL_LIABILITIES":1126873000,"TAX_EBT":24.65809632228,"OCF_SALES":11.587220198502,"TOTAL_PARENT_EQUITY":2901495000,"DEBT_ASSET_RATIO":27.9734373821,"OPERATE_PROFIT":319641000,"PRETAX_PROFIT":324141000,"NETCASH_OPERATE":442247000,"NETCASH_INVEST":-89497000,"NETCASH_FINANCE":-95066000,"END_CASH":866658000,"DIVI_RATIO":0.198396774111,"DIVIDEND_RATE":1.574803149606,"CURRENT_RATIO":2.526254586205,"COMMON_ACS":3000000000,"CURRENTDEBT_DEBT":92.49099055528,"ISSUED_COMMON_SHARES":1407129000,"HK_COMMON_SHARES":1407129000,"PER_SHARES":1000,"TOTAL_MARKET_CAP":3574107660,"HKSK_MARKET_CAP":3574107660,"PE_TTM":12.452495523962,"PB_TTM":1.051315871801,"REPORT_DATE_SQ":"2022-12-31 00:00:00","REPORT_TYPE_SQ":"2022年年报","OPERATE_INCOME_SQ":3937011000,"DPS_HKD":0.04,"OPERATE_INCOME_QOQ_SQ":6.731666982948,"NET_PROFIT_RATIO_SQ":4.6328801215,"HOLDER_PROFIT_SQ":182397000,"HOLDER_PROFIT_QOQ_SQ":-12.263579166105,"ROE_AVG_SQ":7.238036507447,"PE_TTM_SQ":8.865573499217,"PB_TTM_SQ":0.692362928034,"ROA_SQ":4.595463442097,"START_DATE":"2023-01-01 00:00:00","FISCAL_YEAR":"12-31","CURRENCY":"HKD","IS_CNY_CODE":0,"DPS_HKD_LY":null,"ORG_TYPE":"一般企业","PREMIUM_INCOME":null,"PREMIUM_INCOME_YOY":null,"NET_INTEREST_INCOME":null,"NET_INTEREST_INCOME_YOY":null,"FEE_COMMISSION_INCOME":null,"FEE_COMMISSION_INCOME_YOY":null,"ACCOUNTS_RECE_TDAYS":5.448860704014,"INVENTORY_TDAYS":3.071415347634,"CURRENT_ASSETS_TDAYS":1.38286773716,"TOTAL_ASSETS_TDAYS":0.918793777724,"PREMIUM_EXPENSE":null,"LOAN_DEPOSIT":null,"LOAN_EQUITY":null,"LOAN_ASSETS":null,"DEPOSIT_EQUITY":null,"DEPOSIT_ASSETS":null,"EQUITY_MULTIPLIER":1.388376681676,"EQUITY_RATIO":0.388376681676},{"SECUCODE":"00468.HK","SECURITY_CODE":"00468","SECURITY_NAME_ABBR":"纷美包装","ORG_CODE":"10156180","STD_REPORT_DATE":"2023-06-30 00:00:00","REPORT_DATE":"2023-06-30 00:00:00","DATE_TYPE_CODE":"002","REPORT_TYPE":"2023年中报","PER_NETCASH_OPERATE":-0.0024853531,"PER_OI":1.413660164997,"BPS":1.960636160579,"BASIC_EPS":0.075,"DILUTED_EPS":0.075,"OPERATE_INCOME":1889542000,"OPERATE_INCOME_YOY":6.5038322491,"GROSS_PROFIT":297019000,"GROSS_PROFIT_YOY":14.288187897771,"HOLDER_PROFIT":99829000,"HOLDER_PROFIT_YOY":48.177999436,"GROSS_PROFIT_RATIO":15.719100184066,"EPS_TTM":0.160743690667,"OPERATE_INCOME_QOQ":2.930852872903,"NET_PROFIT_RATIO":5.2832379487,"ROE_AVG":3.711948705211,"GROSS_PROFIT_QOQ":6.315533460439,"ROA":2.441920935077,"HOLDER_PROFIT_QOQ":17.795248825364,"ROE_YEARLY":7.423897410422,"ROIC_YEARLY":5.64343618212,"TOTAL_ASSETS":3896615000,"TOTAL_LIABILITIES":1137747000,"TAX_EBT":22.994623531499,"OCF_SALES":-0.175809799412,"TOTAL_PARENT_EQUITY":2758868000,"DEBT_ASSET_RATIO":29.1983426641,"OPERATE_PROFIT":125290000,"PRETAX_PROFIT":129639000,"NETCASH_OPERATE":-3322000,"NETCASH_INVEST":-8541000,"NETCASH_FINANCE":-106213000,"END_CASH":493069000,"DIVI_RATIO":0.225506829223,"DIVIDEND_RATE":1.574803149606,"CURRENT_RATIO":2.357651010011,"COMMON_ACS":3000000000,"CURRENTDEBT_DEBT":92.956694238702,"ISSUED_COMMON_SHARES":1407129000,"HK_COMMON_SHARES":1407129000,"PER_SHARES":1000,"TOTAL_MARKET_CAP":3574107660,"HKSK_MARKET_CAP":3574107660,"PE_TTM":12.452495523962,"PB_TTM":1.051315871801,"REPORT_DATE_SQ":"2022-06-30 00:00:00","REPORT_TYPE_SQ":"2022年中报","OPERATE_INCOME_SQ":1774154000,"DPS_HKD":0.04,"OPERATE_INCOME_QOQ_SQ":6.476484795197,"NET_PROFIT_RATIO_SQ":3.797359192,"HOLDER_PROFIT_SQ":67371000,"HOLDER_PROFIT_QOQ_SQ":-27.07386204187,"ROE_AVG_SQ":2.755827566375,"PE_TTM_SQ":8.865573499217,"PB_TTM_SQ":0.692362928034,"ROA_SQ":1.798441169463,"START_DATE":"2023-01-01 00:00:00","FISCAL_YEAR":"12-31","CURRENCY":"HKD","IS_CNY_CODE":0,"DPS_HKD_LY":null,"ORG_TYPE":"一般企业","PREMIUM_INCOME":null,"PREMIUM_INCOME_YOY":null,"NET_INTEREST_INCOME":null,"NET_INTEREST_INCOME_YOY":null,"FEE_COMMISSION_INCOME":null,"FEE_COMMISSION_INCOME_YOY":null,"ACCOUNTS_RECE_TDAYS":2.61761806899,"INVENTORY_TDAYS":1.421904422617,"CURRENT_ASSETS_TDAYS":0.702376615672,"TOTAL_ASSETS_TDAYS":0.462201581455,"PREMIUM_EXPENSE":null,"LOAN_DEPOSIT":null,"LOAN_EQUITY":null,"LOAN_ASSETS":null,"DEPOSIT_EQUITY":null,"DEPOSIT_ASSETS":null,"EQUITY_MULTIPLIER":1.412396316171,"EQUITY_RATIO":0.41239631617},{"SECUCODE":"00468.HK","SECURITY_CODE":"00468","SECURITY_NAME_ABBR":"纷美包装","ORG_CODE":"10156180","STD_REPORT_DATE":"2022-12-31 00:00:00","REPORT_DATE":"2022-12-31 00:00:00","DATE_TYPE_CODE":"001","REPORT_TYPE":"2022年年报","PER_NETCASH_OPERATE":0.258250781255,"PER_OI":2.945473358017,"BPS":1.861893259253,"BASIC_EPS":0.14,"DILUTED_EPS":0.14,"OPERATE_INCOME":3937011000,"OPERATE_INCOME_YOY":13.6441271668,"GROSS_PROFIT":587963000,"GROSS_PROFIT_YOY":-15.724044812403,"HOLDER_PROFIT":182397000,"HOLDER_PROFIT_YOY":-36.0172167031,"GROSS_PROFIT_RATIO":14.934248342207,"EPS_TTM":0.136460249687,"OPERATE_INCOME_QOQ":6.731666982948,"NET_PROFIT_RATIO":4.6328801215,"ROE_AVG":7.238036507447,"GROSS_PROFIT_QOQ":-2.488038277512,"ROA":4.595463442097,"HOLDER_PROFIT_QOQ":-12.263579166105,"ROE_YEARLY":7.238036507447,"ROIC_YEARLY":5.282695470188,"TOTAL_ASSETS":4279653000,"TOTAL_LIABILITIES":1659729000,"TAX_EBT":21.648080690058,"OCF_SALES":8.767717438432,"TOTAL_PARENT_EQUITY":2619924000,"DEBT_ASSET_RATIO":38.7818591834,"OPERATE_PROFIT":227483000,"PRETAX_PROFIT":232792000,"NETCASH_OPERATE":345186000,"NETCASH_INVEST":-78461000,"NETCASH_FINANCE":-87053000,"END_CASH":607439000,"DIVI_RATIO":0.265636330602,"DIVIDEND_RATE":1.574803149606,"CURRENT_RATIO":1.818916340826,"COMMON_ACS":3000000000,"CURRENTDEBT_DEBT":95.628744210651,"ISSUED_COMMON_SHARES":1407129000,"HK_COMMON_SHARES":1407129000,"PER_SHARES":1000,"TOTAL_MARKET_CAP":3574107660,"HKSK_MARKET_CAP":3574107660,"PE_TTM":12.452495523962,"PB_TTM":1.051315871801,"REPORT_DATE_SQ":"2021-12-31 00:00:00","REPORT_TYPE_SQ":"2021年年报","OPERATE_INCOME_SQ":3464333000,"DPS_HKD":0.04,"OPERATE_INCOME_QOQ_SQ":7.206996997936,"NET_PROFIT_RATIO_SQ":8.2287701558,"HOLDER_PROFIT_SQ":285072000,"HOLDER_PROFIT_QOQ_SQ":-14.043027936498,"ROE_AVG_SQ":11.607664742928,"PE_TTM_SQ":8.865573499217,"PB_TTM_SQ":0.692362928034,"ROA_SQ":7.831784977568,"START_DATE":"2022-01-01 00:00:00","FISCAL_YEAR":"12-31","CURRENCY":"HKD","IS_CNY_CODE":0,"DPS_HKD_LY":null,"ORG_TYPE":"一般企业","PREMIUM_INCOME":null,"PREMIUM_INCOME_YOY":null,"NET_INTEREST_INCOME":null,"NET_INTEREST_INCOME_YOY":null,"FEE_COMMISSION_INCOME":null,"FEE_COMMISSION_INCOME_YOY":null,"ACCOUNTS_RECE_TDAYS":5.383405565389,"INVENTORY_TDAYS":3.382063705897,"CURRENT_ASSETS_TDAYS":1.544515523868,"TOTAL_ASSETS_TDAYS":0.991923667694,"PREMIUM_EXPENSE":null,"LOAN_DEPOSIT":null,"LOAN_EQUITY":null,"LOAN_ASSETS":null,"DEPOSIT_EQUITY":null,"DEPOSIT_ASSETS":null,"EQUITY_MULTIPLIER":1.633502727559,"EQUITY_RATIO":0.63350272756},{"SECUCODE":"00468.HK","SECURITY_CODE":"00468","SECURITY_NAME_ABBR":"纷美包装","ORG_CODE":"10156180","STD_REPORT_DATE":"2022-06-30 00:00:00","REPORT_DATE":"2022-06-30 00:00:00","DATE_TYPE_CODE":"002","REPORT_TYPE":"2022年中报","PER_NETCASH_OPERATE":0.125002337968,"PER_OI":1.327332674463,"BPS":1.754859717908,"BASIC_EPS":0.05,"DILUTED_EPS":0.05,"OPERATE_INCOME":1774154000,"OPERATE_INCOME_YOY":14.477279781,"GROSS_PROFIT":259886000,"GROSS_PROFIT_YOY":-26.706995501784,"HOLDER_PROFIT":67371000,"HOLDER_PROFIT_YOY":-53.3929201458,"GROSS_PROFIT_RATIO":14.64844652719,"EPS_TTM":0.155534324731,"OPERATE_INCOME_QOQ":6.476484795197,"NET_PROFIT_RATIO":3.797359192,"ROE_AVG":2.755827566375,"GROSS_PROFIT_QOQ":-13.573726034309,"ROA":1.798441169463,"HOLDER_PROFIT_QOQ":-27.07386204187,"ROE_YEARLY":5.51165513275,"ROIC_YEARLY":4.157549470448,"TOTAL_ASSETS":3833675000,"TOTAL_LIABILITIES":1364361000,"TAX_EBT":23.731519007404,"OCF_SALES":9.417559016861,"TOTAL_PARENT_EQUITY":2469314000,"DEBT_ASSET_RATIO":35.5888540369,"OPERATE_PROFIT":84367000,"PRETAX_PROFIT":88334000,"NETCASH_OPERATE":167082000,"NETCASH_INVEST":-15660000,"NETCASH_FINANCE":6606000,"END_CASH":585114000,"DIVI_RATIO":0.233059808905,"DIVIDEND_RATE":1.574803149606,"CURRENT_RATIO":1.926873048867,"COMMON_ACS":3000000000,"CURRENTDEBT_DEBT":93.302139243206,"ISSUED_COMMON_SHARES":1407129000,"HK_COMMON_SHARES":1407129000,"PER_SHARES":1000,"TOTAL_MARKET_CAP":3574107660,"HKSK_MARKET_CAP":3574107660,"PE_TTM":12.452495523962,"PB_TTM":1.051315871801,"REPORT_DATE_SQ":"2021-06-30 00:00:00","REPORT_TYPE_SQ":"2021年中报","OPERATE_INCOME_SQ":1549787000,"DPS_HKD":0.04,"OPERATE_INCOME_QOQ_SQ":6.337203639255,"NET_PROFIT_RATIO_SQ":9.327152699,"HOLDER_PROFIT_SQ":144551000,"HOLDER_PROFIT_QOQ_SQ":-3.243640649662,"ROE_AVG_SQ":5.844292231997,"PE_TTM_SQ":8.865573499217,"PB_TTM_SQ":0.692362928034,"ROA_SQ":3.982564999323,"START_DATE":"2022-01-01 00:00:00","FISCAL_YEAR":"12-31","CURRENCY":"HKD","IS_CNY_CODE":0,"DPS_HKD_LY":null,"ORG_TYPE":"一般企业","PREMIUM_INCOME":null,"PREMIUM_INCOME_YOY":null,"NET_INTEREST_INCOME":null,"NET_INTEREST_INCOME_YOY":null,"FEE_COMMISSION_INCOME":null,"FEE_COMMISSION_INCOME_YOY":null,"ACCOUNTS_RECE_TDAYS":2.563802653464,"INVENTORY_TDAYS":1.770635684857,"CURRENT_ASSETS_TDAYS":0.760790364273,"TOTAL_ASSETS_TDAYS":0.473603122199,"PREMIUM_EXPENSE":null,"LOAN_DEPOSIT":null,"LOAN_EQUITY":null,"LOAN_ASSETS":null,"DEPOSIT_EQUITY":null,"DEPOSIT_ASSETS":null,"EQUITY_MULTIPLIER":1.552526329174,"EQUITY_RATIO":0.552526329175},{"SECUCODE":"00468.HK","SECURITY_CODE":"00468","SECURITY_NAME_ABBR":"纷美包装","ORG_CODE":"10156180","STD_REPORT_DATE":"2021-12-31 00:00:00","REPORT_DATE":"2021-12-31 00:00:00","DATE_TYPE_CODE":"001","REPORT_TYPE":"2021年年报","PER_NETCASH_OPERATE":0.100122621726,"PER_OI":2.591839482999,"BPS":1.719838053228,"BASIC_EPS":0.21,"DILUTED_EPS":0.21,"OPERATE_INCOME":3464333000,"OPERATE_INCOME_YOY":14.0009227132,"GROSS_PROFIT":697664000,"GROSS_PROFIT_YOY":-13.394234839485,"HOLDER_PROFIT":285072000,"HOLDER_PROFIT_YOY":-16.8311632236,"GROSS_PROFIT_RATIO":20.138479759307,"EPS_TTM":0.213276513862,"OPERATE_INCOME_QOQ":7.206996997936,"NET_PROFIT_RATIO":8.2287701558,"ROE_AVG":11.607664742928,"GROSS_PROFIT_QOQ":-13.240977939165,"ROA":7.831784977568,"HOLDER_PROFIT_QOQ":-14.043027936498,"ROE_YEARLY":11.607664742928,"ROIC_YEARLY":9.082495060849,"TOTAL_ASSETS":3658480000,"TOTAL_LIABILITIES":1238446000,"TAX_EBT":20.789570204395,"OCF_SALES":3.862994694794,"TOTAL_PARENT_EQUITY":2420034000,"DEBT_ASSET_RATIO":33.8513809014,"OPERATE_PROFIT":362318000,"PRETAX_PROFIT":359892000,"NETCASH_OPERATE":133827000,"NETCASH_INVEST":-78426000,"NETCASH_FINANCE":-202183000,"END_CASH":425242000,"DIVI_RATIO":0.169961517767,"DIVIDEND_RATE":1.574803149606,"CURRENT_RATIO":1.936152159522,"COMMON_ACS":3000000000,"CURRENTDEBT_DEBT":92.213306030299,"ISSUED_COMMON_SHARES":1407129000,"HK_COMMON_SHARES":1407129000,"PER_SHARES":1000,"TOTAL_MARKET_CAP":3574107660,"HKSK_MARKET_CAP":3574107660,"PE_TTM":12.452495523962,"PB_TTM":1.051315871801,"REPORT_DATE_SQ":"2020-12-31 00:00:00","REPORT_TYPE_SQ":"2020年年报","OPERATE_INCOME_SQ":3038864000,"DPS_HKD":0.04,"OPERATE_INCOME_QOQ_SQ":5.46978497292,"NET_PROFIT_RATIO_SQ":11.2793135856,"HOLDER_PROFIT_SQ":342763000,"HOLDER_PROFIT_QOQ_SQ":6.703296703297,"ROE_AVG_SQ":13.863223405815,"PE_TTM_SQ":8.865573499217,"PB_TTM_SQ":0.692362928034,"ROA_SQ":9.50302518823,"START_DATE":"2021-01-01 00:00:00","FISCAL_YEAR":"12-31","CURRENCY":"HKD","IS_CNY_CODE":0,"DPS_HKD_LY":0.26,"ORG_TYPE":"一般企业","PREMIUM_INCOME":null,"PREMIUM_INCOME_YOY":null,"NET_INTEREST_INCOME":null,"NET_INTEREST_INCOME_YOY":null,"FEE_COMMISSION_INCOME":null,"FEE_COMMISSION_INCOME_YOY":null,"ACCOUNTS_RECE_TDAYS":5.347133600664,"INVENTORY_TDAYS":3.666042777383,"CURRENT_ASSETS_TDAYS":1.608254510595,"TOTAL_ASSETS_TDAYS":0.951756438608,"PREMIUM_EXPENSE":null,"LOAN_DEPOSIT":null,"LOAN_EQUITY":null,"LOAN_ASSETS":null,"DEPOSIT_EQUITY":null,"DEPOSIT_ASSETS":null,"EQUITY_MULTIPLIER":1.511747355617,"EQUITY_RATIO":0.511747355616},{"SECUCODE":"00468.HK","SECURITY_CODE":"00468","SECURITY_NAME_ABBR":"纷美包装","ORG_CODE":"10156180","STD_REPORT_DATE":"2021-06-30 00:00:00","REPORT_DATE":"2021-06-30 00:00:00","DATE_TYPE_CODE":"002","REPORT_TYPE":"2021年中报","PER_NETCASH_OPERATE":-0.008414438989,"PER_OI":1.159472584431,"BPS":1.744677282609,"BASIC_EPS":0.108,"DILUTED_EPS":0.108,"OPERATE_INCOME":1549787000,"OPERATE_INCOME_YOY":14.1893504901,"GROSS_PROFIT":354585000,"GROSS_PROFIT_YOY":-0.399710118874,"HOLDER_PROFIT":144551000,"HOLDER_PROFIT_YOY":-7.1420770995,"GROSS_PROFIT_RATIO":22.879595712185,"EPS_TTM":0.248120086995,"OPERATE_INCOME_QOQ":6.337203639255,"NET_PROFIT_RATIO":9.327152699,"ROE_AVG":5.844292231997,"GROSS_PROFIT_QOQ":-0.176646643403,"ROA":3.982564999323,"HOLDER_PROFIT_QOQ":-3.243640649662,"ROE_YEARLY":11.688584463994,"ROIC_YEARLY":9.275932042637,"TOTAL_ASSETS":3637798000,"TOTAL_LIABILITIES":1182812000,"TAX_EBT":24.792928346965,"OCF_SALES":-0.725712630187,"TOTAL_PARENT_EQUITY":2454986000,"DEBT_ASSET_RATIO":32.5145046536,"OPERATE_PROFIT":194930000,"PRETAX_PROFIT":192204000,"NETCASH_OPERATE":-11247000,"NETCASH_INVEST":-57359000,"NETCASH_FINANCE":-55515000,"END_CASH":448575000,"DIVI_RATIO":0.146093774345,"DIVIDEND_RATE":1.574803149606,"CURRENT_RATIO":1.989172987578,"COMMON_ACS":3000000000,"CURRENTDEBT_DEBT":91.587589574675,"ISSUED_COMMON_SHARES":1407129000,"HK_COMMON_SHARES":1407129000,"PER_SHARES":1000,"TOTAL_MARKET_CAP":3574107660,"HKSK_MARKET_CAP":3574107660,"PE_TTM":12.452495523962,"PB_TTM":1.051315871801,"REPORT_DATE_SQ":"2020-06-30 00:00:00","REPORT_TYPE_SQ":"2020年中报","OPERATE_INCOME_SQ":1357208000,"DPS_HKD":0.04,"OPERATE_INCOME_QOQ_SQ":6.44319223365,"NET_PROFIT_RATIO_SQ":11.4697968182,"HOLDER_PROFIT_SQ":155669000,"HOLDER_PROFIT_QOQ_SQ":-4.769669066966,"ROE_AVG_SQ":6.351070778563,"PE_TTM_SQ":8.865573499217,"PB_TTM_SQ":0.692362928034,"ROA_SQ":4.255002776416,"START_DATE":"2021-01-01 00:00:00","FISCAL_YEAR":"12-31","CURRENCY":"HKD","IS_CNY_CODE":0,"DPS_HKD_LY":0.26,"ORG_TYPE":"一般企业","PREMIUM_INCOME":null,"PREMIUM_INCOME_YOY":null,"NET_INTEREST_INCOME":null,"NET_INTEREST_INCOME_YOY":null,"FEE_COMMISSION_INCOME":null,"FEE_COMMISSION_INCOME_YOY":null,"ACCOUNTS_RECE_TDAYS":2.682782306437,"INVENTORY_TDAYS":1.513905628054,"CURRENT_ASSETS_TDAYS":0.728973628694,"TOTAL_ASSETS_TDAYS":0.42698614763,"PREMIUM_EXPENSE":null,"LOAN_DEPOSIT":null,"LOAN_EQUITY":null,"LOAN_ASSETS":null,"DEPOSIT_EQUITY":null,"DEPOSIT_ASSETS":null,"EQUITY_MULTIPLIER":1.48179989621,"EQUITY_RATIO":0.481799896211},{"SECUCODE":"00468.HK","SECURITY_CODE":"00468","SECURITY_NAME_ABBR":"纷美包装","ORG_CODE":"10156180","STD_REPORT_DATE":"2020-12-31 00:00:00","REPORT_DATE":"2020-12-31 00:00:00","DATE_TYPE_CODE":"001","REPORT_TYPE":"2020年年报","PER_NETCASH_OPERATE":0.389248042279,"PER_OI":2.273525004283,"BPS":1.770807793742,"BASIC_EPS":0.26,"DILUTED_EPS":0.26,"OPERATE_INCOME":3038864000,"OPERATE_INCOME_YOY":12.2654059671,"GROSS_PROFIT":805563000,"GROSS_PROFIT_YOY":20.565287994552,"HOLDER_PROFIT":342763000,"HOLDER_PROFIT_YOY":1.613902567,"GROSS_PROFIT_RATIO":26.508688773173,"EPS_TTM":0.25643801468,"OPERATE_INCOME_QOQ":5.46978497292,"NET_PROFIT_RATIO":11.2793135856,"ROE_AVG":13.863223405815,"GROSS_PROFIT_QOQ":9.355956684581,"ROA":9.50302518823,"HOLDER_PROFIT_QOQ":6.703296703297,"ROE_YEARLY":13.863223405815,"ROIC_YEARLY":11.286706542107,"TOTAL_ASSETS":3621393000,"TOTAL_LIABILITIES":1129638000,"TAX_EBT":24.818661373282,"OCF_SALES":17.120904390588,"TOTAL_PARENT_EQUITY":2491755000,"DEBT_ASSET_RATIO":31.1934661607,"OPERATE_PROFIT":461143000,"PRETAX_PROFIT":455915000,"NETCASH_OPERATE":520281000,"NETCASH_INVEST":-65284000,"NETCASH_FINANCE":-438466000,"END_CASH":577237000,"DIVI_RATIO":0.141355017294,"DIVIDEND_RATE":1.574803149606,"CURRENT_RATIO":2.058286417601,"COMMON_ACS":3000000000,"CURRENTDEBT_DEBT":90.192433328199,"ISSUED_COMMON_SHARES":1407129000,"HK_COMMON_SHARES":1407129000,"PER_SHARES":1000,"TOTAL_MARKET_CAP":3574107660,"HKSK_MARKET_CAP":3574107660,"PE_TTM":12.452495523962,"PB_TTM":1.051315871801,"REPORT_DATE_SQ":"2019-12-31 00:00:00","REPORT_TYPE_SQ":"2019年年报","OPERATE_INCOME_SQ":2706857000,"DPS_HKD":0.04,"OPERATE_INCOME_QOQ_SQ":10.20130408373,"NET_PROFIT_RATIO_SQ":12.461648325,"HOLDER_PROFIT_SQ":337319000,"HOLDER_PROFIT_QOQ_SQ":-5.443225681665,"ROE_AVG_SQ":13.789146676494,"PE_TTM_SQ":8.865573499217,"PB_TTM_SQ":0.692362928034,"ROA_SQ":9.902459079798,"START_DATE":"2020-01-01 00:00:00","FISCAL_YEAR":"12-31","CURRENCY":"HKD","IS_CNY_CODE":0,"DPS_HKD_LY":0.27,"ORG_TYPE":"一般企业","PREMIUM_INCOME":null,"PREMIUM_INCOME_YOY":null,"NET_INTEREST_INCOME":null,"NET_INTEREST_INCOME_YOY":null,"FEE_COMMISSION_INCOME":null,"FEE_COMMISSION_INCOME_YOY":null,"ACCOUNTS_RECE_TDAYS":5.283248882758,"INVENTORY_TDAYS":3.338584454578,"CURRENT_ASSETS_TDAYS":1.479589971154,"TOTAL_ASSETS_TDAYS":0.842518041201,"PREMIUM_EXPENSE":null,"LOAN_DEPOSIT":null,"LOAN_EQUITY":null,"LOAN_ASSETS":null,"DEPOSIT_EQUITY":null,"DEPOSIT_ASSETS":null,"EQUITY_MULTIPLIER":1.453350349453,"EQUITY_RATIO":0.453350349452},{"SECUCODE":"00468.HK","SECURITY_CODE":"00468","SECURITY_NAME_ABBR":"纷美包装","ORG_CODE":"10156180","STD_REPORT_DATE":"2020-06-30 00:00:00","REPORT_DATE":"2020-06-30 00:00:00","DATE_TYPE_CODE":"002","REPORT_TYPE":"2020年中报","PER_NETCASH_OPERATE":0.085571708405,"PER_OI":1.015100009798,"BPS":1.740397646556,"BASIC_EPS":0.116,"DILUTED_EPS":0.116,"OPERATE_INCOME":1357208000,"OPERATE_INCOME_YOY":14.7453500169,"GROSS_PROFIT":356008000,"GROSS_PROFIT_YOY":23.820255982193,"HOLDER_PROFIT":155669000,"HOLDER_PROFIT_YOY":-9.3672492693,"GROSS_PROFIT_RATIO":26.230909337404,"EPS_TTM":0.240258365812,"OPERATE_INCOME_QOQ":6.44319223365,"NET_PROFIT_RATIO":11.4697968182,"ROE_AVG":6.351070778563,"GROSS_PROFIT_QOQ":10.250316169152,"ROA":4.255002776416,"HOLDER_PROFIT_QOQ":-4.769669066966,"ROE_YEARLY":12.702141557126,"ROIC_YEARLY":9.963012072078,"TOTAL_ASSETS":3724614000,"TOTAL_LIABILITIES":1275650000,"TAX_EBT":25.856016765497,"OCF_SALES":8.429879576307,"TOTAL_PARENT_EQUITY":2448964000,"DEBT_ASSET_RATIO":34.2491866271,"OPERATE_PROFIT":209225000,"PRETAX_PROFIT":209955000,"NETCASH_OPERATE":114411000,"NETCASH_INVEST":-121341000,"NETCASH_FINANCE":-52037000,"END_CASH":504328000,"DIVI_RATIO":0.150874246886,"DIVIDEND_RATE":1.574803149606,"CURRENT_RATIO":1.908583860691,"COMMON_ACS":3000000000,"CURRENTDEBT_DEBT":90.007290400972,"ISSUED_COMMON_SHARES":1407129000,"HK_COMMON_SHARES":1407129000,"PER_SHARES":1000,"TOTAL_MARKET_CAP":3574107660,"HKSK_MARKET_CAP":3574107660,"PE_TTM":12.452495523962,"PB_TTM":1.051315871801,"REPORT_DATE_SQ":"2019-06-30 00:00:00","REPORT_TYPE_SQ":"2019年中报","OPERATE_INCOME_SQ":1182800000,"DPS_HKD":0.04,"OPERATE_INCOME_QOQ_SQ":-1.46078725172,"NET_PROFIT_RATIO_SQ":14.5213053771,"HOLDER_PROFIT_SQ":171758000,"HOLDER_PROFIT_QOQ_SQ":-0.922626569534,"ROE_AVG_SQ":6.803923234722,"PE_TTM_SQ":8.865573499217,"PB_TTM_SQ":0.692362928034,"ROA_SQ":5.192106551876,"START_DATE":"2020-01-01 00:00:00","FISCAL_YEAR":"12-31","CURRENCY":"HKD","IS_CNY_CODE":0,"DPS_HKD_LY":0.27,"ORG_TYPE":"一般企业","PREMIUM_INCOME":null,"PREMIUM_INCOME_YOY":null,"NET_INTEREST_INCOME":null,"NET_INTEREST_INCOME_YOY":null,"FEE_COMMISSION_INCOME":null,"FEE_COMMISSION_INCOME_YOY":null,"ACCOUNTS_RECE_TDAYS":2.168155680712,"INVENTORY_TDAYS":1.475049244428,"CURRENT_ASSETS_TDAYS":0.645978223827,"TOTAL_ASSETS_TDAYS":0.37097455551,"PREMIUM_EXPENSE":null,"LOAN_DEPOSIT":null,"LOAN_EQUITY":null,"LOAN_ASSETS":null,"DEPOSIT_EQUITY":null,"DEPOSIT_ASSETS":null,"EQUITY_MULTIPLIER":1.520893733023,"EQUITY_RATIO":0.520893733023}],"count":33},"success":true,"message":"ok","code":0}