{"version":"2d6abfe390d7b7255e05ed4d5d08f198","result":{"pages":5,"data":[{"SECUCODE":"00464.HK","SECURITY_CODE":"00464","SECURITY_NAME_ABBR":"中国智能科技","ORG_CODE":"10008914","STD_REPORT_DATE":"2024-06-30 00:00:00","REPORT_DATE":"2024-09-30 00:00:00","DATE_TYPE_CODE":"002","REPORT_TYPE":"2024年中报","PER_NETCASH_OPERATE":-0.045279447027,"PER_OI":0.096725829573,"BPS":0.017772661231,"BASIC_EPS":-0.0355215081,"DILUTED_EPS":-0.0355215081,"OPERATE_INCOME":51569762.94,"OPERATE_INCOME_YOY":-18.5384615385,"GROSS_PROFIT":-615020.78,"GROSS_PROFIT_YOY":-108.036299903116,"HOLDER_PROFIT":-18936688.21,"HOLDER_PROFIT_YOY":-151.9376124775,"GROSS_PROFIT_RATIO":-1.192599587312,"EPS_TTM":-0.026367373873,"OPERATE_INCOME_QOQ":0,"NET_PROFIT_RATIO":-41.0852306509,"ROE_AVG":-95.586863008398,"GROSS_PROFIT_QOQ":0,"ROA":-15.957414471784,"HOLDER_PROFIT_QOQ":0,"ROE_YEARLY":-191.173726016797,"ROIC_YEARLY":-41.081874205224,"TOTAL_ASSETS":102812176.11,"TOTAL_LIABILITIES":87094878.2,"TAX_EBT":null,"OCF_SALES":-46.8121568216,"TOTAL_PARENT_EQUITY":10541925.1,"DEBT_ASSET_RATIO":84.712610408,"OPERATE_PROFIT":-20149595.76,"PRETAX_PROFIT":-21187556.05,"NETCASH_OPERATE":-24140918.3,"NETCASH_INVEST":9919.69,"NETCASH_FINANCE":-6896889.92,"END_CASH":4315065.15,"DIVI_RATIO":null,"DIVIDEND_RATE":null,"CURRENT_RATIO":1.084167279997,"COMMON_ACS":1000000000,"CURRENTDEBT_DEBT":94.25657486022,"ISSUED_COMMON_SHARES":593154000,"HK_COMMON_SHARES":593154000,"PER_SHARES":4000,"TOTAL_MARKET_CAP":163117350,"HKSK_MARKET_CAP":163117350,"PE_TTM":-5.790257711831,"PB_TTM":13.953579982891,"REPORT_DATE_SQ":"2023-06-30 00:00:00","REPORT_TYPE_SQ":"2023年中报","OPERATE_INCOME_SQ":64417626,"DPS_HKD":null,"OPERATE_INCOME_QOQ_SQ":0,"NET_PROFIT_RATIO_SQ":-11.8732193732,"HOLDER_PROFIT_SQ":-7648446.05,"HOLDER_PROFIT_QOQ_SQ":0,"ROE_AVG_SQ":-23.758622655493,"PE_TTM_SQ":-7.784197729507,"PB_TTM_SQ":5.913206428248,"ROA_SQ":-9.85195472947,"START_DATE":"2024-04-01 00:00:00","FISCAL_YEAR":"3-31","CURRENCY":"HKD","IS_CNY_CODE":0,"DPS_HKD_LY":null,"ORG_TYPE":"一般企业","PREMIUM_INCOME":null,"PREMIUM_INCOME_YOY":null,"NET_INTEREST_INCOME":null,"NET_INTEREST_INCOME_YOY":null,"FEE_COMMISSION_INCOME":null,"FEE_COMMISSION_INCOME_YOY":null,"ACCOUNTS_RECE_TDAYS":1.420011670785,"INVENTORY_TDAYS":5.671943151188,"CURRENT_ASSETS_TDAYS":0.498689746888,"TOTAL_ASSETS_TDAYS":0.434563885891,"PREMIUM_EXPENSE":null,"LOAN_DEPOSIT":null,"LOAN_EQUITY":null,"LOAN_ASSETS":null,"DEPOSIT_EQUITY":null,"DEPOSIT_ASSETS":null,"EQUITY_MULTIPLIER":6.541339147419,"EQUITY_RATIO":8.261762189906},{"SECUCODE":"00464.HK","SECURITY_CODE":"00464","SECURITY_NAME_ABBR":"中国智能科技","ORG_CODE":"10008914","STD_REPORT_DATE":"2023-12-31 00:00:00","REPORT_DATE":"2024-03-31 00:00:00","DATE_TYPE_CODE":"001","REPORT_TYPE":"2023年年报","PER_NETCASH_OPERATE":-0.037210524914,"PER_OI":0.307755390094,"BPS":0.049284870118,"BASIC_EPS":-0.02864698,"DILUTED_EPS":-0.02864698,"OPERATE_INCOME":164081017.25,"OPERATE_INCOME_YOY":7.2880853586,"GROSS_PROFIT":32355676.05,"GROSS_PROFIT_YOY":302.51272152796,"HOLDER_PROFIT":-14057870.85,"HOLDER_PROFIT_YOY":65.0585849482,"GROSS_PROFIT_RATIO":19.719329263239,"EPS_TTM":-0.054722459346,"OPERATE_INCOME_QOQ":0,"NET_PROFIT_RATIO":-4.3316113705,"ROE_AVG":-53.26029091034,"GROSS_PROFIT_QOQ":0,"ROA":-13.973228566408,"HOLDER_PROFIT_QOQ":0,"ROE_YEARLY":-53.26029091034,"ROIC_YEARLY":-18.762023447992,"TOTAL_ASSETS":135238222.45,"TOTAL_LIABILITIES":98905511.55,"TAX_EBT":-93.389245189936,"OCF_SALES":-12.090941738722,"TOTAL_PARENT_EQUITY":29233517.85,"DEBT_ASSET_RATIO":73.1342883382,"OPERATE_PROFIT":-2389665.8,"PRETAX_PROFIT":-3675153.7,"NETCASH_OPERATE":-19838940.2,"NETCASH_INVEST":-255647.1,"NETCASH_FINANCE":51703266.15,"END_CASH":36209420.1,"DIVI_RATIO":null,"DIVIDEND_RATE":null,"CURRENT_RATIO":1.307820899108,"COMMON_ACS":1000000000,"CURRENTDEBT_DEBT":91.565613514083,"ISSUED_COMMON_SHARES":593154000,"HK_COMMON_SHARES":593154000,"PER_SHARES":4000,"TOTAL_MARKET_CAP":177946200,"HKSK_MARKET_CAP":177946200,"PE_TTM":-6.316644776543,"PB_TTM":15.222087254063,"REPORT_DATE_SQ":"2022-12-31 00:00:00","REPORT_TYPE_SQ":"2022年年报","OPERATE_INCOME_SQ":147681667,"DPS_HKD":null,"OPERATE_INCOME_QOQ_SQ":0,"NET_PROFIT_RATIO_SQ":-26.3070539419,"HOLDER_PROFIT_SQ":-38850695.8,"HOLDER_PROFIT_QOQ_SQ":0,"ROE_AVG_SQ":-92.056544871861,"PE_TTM_SQ":-7.784197729507,"PB_TTM_SQ":5.913206428248,"ROA_SQ":-34.974210656968,"START_DATE":"2023-04-01 00:00:00","FISCAL_YEAR":"3-31","CURRENCY":"HKD","IS_CNY_CODE":0,"DPS_HKD_LY":null,"ORG_TYPE":"一般企业","PREMIUM_INCOME":null,"PREMIUM_INCOME_YOY":null,"NET_INTEREST_INCOME":null,"NET_INTEREST_INCOME_YOY":null,"FEE_COMMISSION_INCOME":null,"FEE_COMMISSION_INCOME_YOY":null,"ACCOUNTS_RECE_TDAYS":5.634436385145,"INVENTORY_TDAYS":11.496024368053,"CURRENT_ASSETS_TDAYS":1.891166129428,"TOTAL_ASSETS_TDAYS":1.630930872752,"PREMIUM_EXPENSE":null,"LOAN_DEPOSIT":null,"LOAN_EQUITY":null,"LOAN_ASSETS":null,"DEPOSIT_EQUITY":null,"DEPOSIT_ASSETS":null,"EQUITY_MULTIPLIER":3.722216677483,"EQUITY_RATIO":3.383291468974},{"SECUCODE":"00464.HK","SECURITY_CODE":"00464","SECURITY_NAME_ABBR":"中国智能科技","ORG_CODE":"10008914","STD_REPORT_DATE":"2023-06-30 00:00:00","REPORT_DATE":"2023-09-30 00:00:00","DATE_TYPE_CODE":"002","REPORT_TYPE":"2023年中报","PER_NETCASH_OPERATE":-0.012001474227,"PER_OI":0.120823675711,"BPS":0.06834800642,"BASIC_EPS":-0.0170862706,"DILUTED_EPS":-0.0170862706,"OPERATE_INCOME":64417626,"OPERATE_INCOME_YOY":-35.1632924486,"GROSS_PROFIT":7653034.2,"GROSS_PROFIT_YOY":213.045775260595,"HOLDER_PROFIT":-7648446.05,"HOLDER_PROFIT_YOY":56.4842852668,"GROSS_PROFIT_RATIO":11.880341880342,"EPS_TTM":-0.087178378803,"OPERATE_INCOME_QOQ":0,"NET_PROFIT_RATIO":-11.8732193732,"ROE_AVG":-23.758622655493,"GROSS_PROFIT_QOQ":0,"ROA":-9.85195472947,"HOLDER_PROFIT_QOQ":0,"ROE_YEARLY":-47.517245310986,"ROIC_YEARLY":-26.5665837955,"TOTAL_ASSETS":88487978.53,"TOTAL_LIABILITIES":47947085.13,"TAX_EBT":null,"OCF_SALES":-9.933048433048,"TOTAL_PARENT_EQUITY":40540893.4,"DEBT_ASSET_RATIO":54.1848575666,"OPERATE_PROFIT":-7420873.81,"PRETAX_PROFIT":-7648446.05,"NETCASH_OPERATE":-6398633.99,"NETCASH_INVEST":-49552.02,"NETCASH_FINANCE":30210214.86,"END_CASH":31961970.53,"DIVI_RATIO":null,"DIVIDEND_RATE":null,"CURRENT_RATIO":1.716375925456,"COMMON_ACS":1000000000,"CURRENTDEBT_DEBT":97.971330692236,"ISSUED_COMMON_SHARES":593154000,"HK_COMMON_SHARES":593154000,"PER_SHARES":4000,"TOTAL_MARKET_CAP":177946200,"HKSK_MARKET_CAP":177946200,"PE_TTM":-6.316644776543,"PB_TTM":15.222087254063,"REPORT_DATE_SQ":"2022-06-30 00:00:00","REPORT_TYPE_SQ":"2022年中报","OPERATE_INCOME_SQ":97925527.68,"DPS_HKD":null,"OPERATE_INCOME_QOQ_SQ":0,"NET_PROFIT_RATIO_SQ":-17.6906310034,"HOLDER_PROFIT_SQ":-17323643.76,"HOLDER_PROFIT_QOQ_SQ":0,"ROE_AVG_SQ":-30.700432761661,"PE_TTM_SQ":-7.784197729507,"PB_TTM_SQ":5.913206428248,"ROA_SQ":-12.405560934854,"START_DATE":"2023-04-01 00:00:00","FISCAL_YEAR":"3-31","CURRENCY":"HKD","IS_CNY_CODE":0,"DPS_HKD_LY":null,"ORG_TYPE":"一般企业","PREMIUM_INCOME":null,"PREMIUM_INCOME_YOY":null,"NET_INTEREST_INCOME":null,"NET_INTEREST_INCOME_YOY":null,"FEE_COMMISSION_INCOME":null,"FEE_COMMISSION_INCOME_YOY":null,"ACCOUNTS_RECE_TDAYS":2.419229775136,"INVENTORY_TDAYS":4.198880027151,"CURRENT_ASSETS_TDAYS":0.944665733663,"TOTAL_ASSETS_TDAYS":0.829762713868,"PREMIUM_EXPENSE":null,"LOAN_DEPOSIT":null,"LOAN_EQUITY":null,"LOAN_ASSETS":null,"DEPOSIT_EQUITY":null,"DEPOSIT_ASSETS":null,"EQUITY_MULTIPLIER":2.182684472614,"EQUITY_RATIO":1.182684472612},{"SECUCODE":"00464.HK","SECURITY_CODE":"00464","SECURITY_NAME_ABBR":"中国智能科技","ORG_CODE":"10008914","STD_REPORT_DATE":"2022-12-31 00:00:00","REPORT_DATE":"2023-03-31 00:00:00","DATE_TYPE_CODE":"001","REPORT_TYPE":"2022年年报","PER_NETCASH_OPERATE":0.03318003597,"PER_OI":0.331387843715,"BPS":0.03834864713,"BASIC_EPS":-0.087190836,"DILUTED_EPS":-0.087190836,"OPERATE_INCOME":147681667,"OPERATE_INCOME_YOY":-36.5211959753,"GROSS_PROFIT":-15977107.91,"GROSS_PROFIT_YOY":-225.311748988268,"HOLDER_PROFIT":-38850695.8,"HOLDER_PROFIT_YOY":-287.0573870574,"GROSS_PROFIT_RATIO":-10.818612922347,"EPS_TTM":-0.035309243839,"OPERATE_INCOME_QOQ":0,"NET_PROFIT_RATIO":-26.3070539419,"ROE_AVG":-92.056544871861,"GROSS_PROFIT_QOQ":0,"ROA":-34.974210656968,"HOLDER_PROFIT_QOQ":0,"ROE_YEARLY":-92.056544871861,"ROIC_YEARLY":-38.168628277295,"TOTAL_ASSETS":63707087.34,"TOTAL_LIABILITIES":40960433.9,"TAX_EBT":4.221339779006,"OCF_SALES":10.01244813278,"TOTAL_PARENT_EQUITY":22746653.44,"DEBT_ASSET_RATIO":64.2949405007,"OPERATE_PROFIT":-39497623.79,"PRETAX_PROFIT":-40562997.76,"NETCASH_OPERATE":14786550.31,"NETCASH_INVEST":-652180.45,"NETCASH_FINANCE":-19116328.17,"END_CASH":4630043.49,"DIVI_RATIO":null,"DIVIDEND_RATE":null,"CURRENT_RATIO":1.378519409216,"COMMON_ACS":1000000000,"CURRENTDEBT_DEBT":94.20175251122,"ISSUED_COMMON_SHARES":593154000,"HK_COMMON_SHARES":593154000,"PER_SHARES":4000,"TOTAL_MARKET_CAP":177946200,"HKSK_MARKET_CAP":177946200,"PE_TTM":-6.316644776543,"PB_TTM":15.222087254063,"REPORT_DATE_SQ":"2021-12-31 00:00:00","REPORT_TYPE_SQ":"2021年年报","OPERATE_INCOME_SQ":215532395.58,"DPS_HKD":null,"OPERATE_INCOME_QOQ_SQ":0,"NET_PROFIT_RATIO_SQ":-4.3144514935,"HOLDER_PROFIT_SQ":-9299040.66,"HOLDER_PROFIT_QOQ_SQ":0,"ROE_AVG_SQ":-14.537662765782,"PE_TTM_SQ":-7.784197729507,"PB_TTM_SQ":5.913206428248,"ROA_SQ":-4.840006669467,"START_DATE":"2022-04-01 00:00:00","FISCAL_YEAR":"3-31","CURRENCY":"HKD","IS_CNY_CODE":0,"DPS_HKD_LY":null,"ORG_TYPE":"一般企业","PREMIUM_INCOME":null,"PREMIUM_INCOME_YOY":null,"NET_INTEREST_INCOME":null,"NET_INTEREST_INCOME_YOY":null,"FEE_COMMISSION_INCOME":null,"FEE_COMMISSION_INCOME_YOY":null,"ACCOUNTS_RECE_TDAYS":4.540499804869,"INVENTORY_TDAYS":4.518780817945,"CURRENT_ASSETS_TDAYS":1.503699081915,"TOTAL_ASSETS_TDAYS":1.329461319926,"PREMIUM_EXPENSE":null,"LOAN_DEPOSIT":null,"LOAN_EQUITY":null,"LOAN_ASSETS":null,"DEPOSIT_EQUITY":null,"DEPOSIT_ASSETS":null,"EQUITY_MULTIPLIER":2.800723522165,"EQUITY_RATIO":1.800723522167},{"SECUCODE":"00464.HK","SECURITY_CODE":"00464","SECURITY_NAME_ABBR":"中国智能科技","ORG_CODE":"10008914","STD_REPORT_DATE":"2022-06-30 00:00:00","REPORT_DATE":"2022-09-30 00:00:00","DATE_TYPE_CODE":"002","REPORT_TYPE":"2022年中报","PER_NETCASH_OPERATE":0.003468421034,"PER_OI":0.219738374584,"BPS":0.082865144296,"BASIC_EPS":-0.0388728312,"DILUTED_EPS":-0.0388728312,"OPERATE_INCOME":97925527.68,"OPERATE_INCOME_YOY":-27.0158409168,"GROSS_PROFIT":2444701.32,"GROSS_PROFIT_YOY":-73.907671964471,"HOLDER_PROFIT":-17323643.76,"HOLDER_PROFIT_YOY":-46.5605631647,"GROSS_PROFIT_RATIO":2.496490320674,"EPS_TTM":-0.020866429094,"OPERATE_INCOME_QOQ":0,"NET_PROFIT_RATIO":-17.6906310034,"ROE_AVG":-30.700432761661,"GROSS_PROFIT_QOQ":0,"ROA":-12.405560934854,"HOLDER_PROFIT_QOQ":0,"ROE_YEARLY":-61.400865523321,"ROIC_YEARLY":-27.028094881962,"TOTAL_ASSETS":115572960.96,"TOTAL_LIABILITIES":66421169.16,"TAX_EBT":null,"OCF_SALES":1.578432096941,"TOTAL_PARENT_EQUITY":49151791.8,"DEBT_ASSET_RATIO":57.4712014024,"OPERATE_PROFIT":-16801781.88,"PRETAX_PROFIT":-17323643.76,"NETCASH_OPERATE":1545687.96,"NETCASH_INVEST":-910771.08,"NETCASH_FINANCE":-2685282.36,"END_CASH":11727873.48,"DIVI_RATIO":null,"DIVIDEND_RATE":null,"CURRENT_RATIO":1.636654969403,"COMMON_ACS":1000000000,"CURRENTDEBT_DEBT":93.903784092921,"ISSUED_COMMON_SHARES":593154000,"HK_COMMON_SHARES":593154000,"PER_SHARES":4000,"TOTAL_MARKET_CAP":177946200,"HKSK_MARKET_CAP":177946200,"PE_TTM":-6.316644776543,"PB_TTM":15.222087254063,"REPORT_DATE_SQ":"2021-06-30 00:00:00","REPORT_TYPE_SQ":"2021年中报","OPERATE_INCOME_SQ":123584451,"DPS_HKD":null,"OPERATE_INCOME_QOQ_SQ":0,"NET_PROFIT_RATIO_SQ":-8.8095719582,"HOLDER_PROFIT_SQ":-10887261.14,"HOLDER_PROFIT_QOQ_SQ":0,"ROE_AVG_SQ":-15.868139873725,"PE_TTM_SQ":-7.784197729507,"PB_TTM_SQ":5.913206428248,"ROA_SQ":-4.490116349981,"START_DATE":"2022-04-01 00:00:00","FISCAL_YEAR":"3-31","CURRENCY":"HKD","IS_CNY_CODE":0,"DPS_HKD_LY":null,"ORG_TYPE":"一般企业","PREMIUM_INCOME":null,"PREMIUM_INCOME_YOY":null,"NET_INTEREST_INCOME":null,"NET_INTEREST_INCOME_YOY":null,"FEE_COMMISSION_INCOME":null,"FEE_COMMISSION_INCOME_YOY":null,"ACCOUNTS_RECE_TDAYS":2.388449532886,"INVENTORY_TDAYS":1.873302043315,"CURRENT_ASSETS_TDAYS":0.783200596052,"TOTAL_ASSETS_TDAYS":0.701250335981,"PREMIUM_EXPENSE":null,"LOAN_DEPOSIT":null,"LOAN_EQUITY":null,"LOAN_ASSETS":null,"DEPOSIT_EQUITY":null,"DEPOSIT_ASSETS":null,"EQUITY_MULTIPLIER":2.351347870091,"EQUITY_RATIO":1.351347870089},{"SECUCODE":"00464.HK","SECURITY_CODE":"00464","SECURITY_NAME_ABBR":"中国智能科技","ORG_CODE":"10008914","STD_REPORT_DATE":"2021-12-31 00:00:00","REPORT_DATE":"2022-03-31 00:00:00","DATE_TYPE_CODE":"001","REPORT_TYPE":"2021年年报","PER_NETCASH_OPERATE":-0.064297209691,"PER_OI":0.483640368319,"BPS":0.096304651659,"BASIC_EPS":-0.020842957,"DILUTED_EPS":-0.020842957,"OPERATE_INCOME":215532395.58,"OPERATE_INCOME_YOY":-27.3561722844,"GROSS_PROFIT":12749888.21,"GROSS_PROFIT_YOY":-51.937389237187,"HOLDER_PROFIT":-9299040.66,"HOLDER_PROFIT_YOY":53.0620599312,"GROSS_PROFIT_RATIO":5.915532175889,"EPS_TTM":-0.06658833554,"OPERATE_INCOME_QOQ":0,"NET_PROFIT_RATIO":-4.3144514935,"ROE_AVG":-14.537662765782,"GROSS_PROFIT_QOQ":0,"ROA":-4.840006669467,"HOLDER_PROFIT_QOQ":0,"ROE_YEARLY":-14.537662765782,"ROIC_YEARLY":-5.290551202901,"TOTAL_ASSETS":146803353.13,"TOTAL_LIABILITIES":89679863.78,"TAX_EBT":null,"OCF_SALES":-13.294425755763,"TOTAL_PARENT_EQUITY":57123489.35,"DEBT_ASSET_RATIO":61.0884301128,"OPERATE_PROFIT":-8779183.25,"PRETAX_PROFIT":-9299040.66,"NETCASH_OPERATE":-28653794.31,"NETCASH_INVEST":2684443.1,"NETCASH_FINANCE":11273850.01,"END_CASH":9389062.77,"DIVI_RATIO":null,"DIVIDEND_RATE":null,"CURRENT_RATIO":1.569095477387,"COMMON_ACS":1000000000,"CURRENTDEBT_DEBT":94.300855504712,"ISSUED_COMMON_SHARES":593154000,"HK_COMMON_SHARES":593154000,"PER_SHARES":4000,"TOTAL_MARKET_CAP":177946200,"HKSK_MARKET_CAP":177946200,"PE_TTM":-6.316644776543,"PB_TTM":15.222087254063,"REPORT_DATE_SQ":"2020-12-31 00:00:00","REPORT_TYPE_SQ":"2020年年报","OPERATE_INCOME_SQ":309198115.66,"DPS_HKD":null,"OPERATE_INCOME_QOQ_SQ":0,"NET_PROFIT_RATIO_SQ":-6.677290706,"HOLDER_PROFIT_SQ":-20646057.04,"HOLDER_PROFIT_QOQ_SQ":0,"ROE_AVG_SQ":-26.395094410978,"PE_TTM_SQ":-7.784197729507,"PB_TTM_SQ":5.913206428248,"ROA_SQ":-7.848013017909,"START_DATE":"2021-04-01 00:00:00","FISCAL_YEAR":"3-31","CURRENCY":"HKD","IS_CNY_CODE":0,"DPS_HKD_LY":null,"ORG_TYPE":"一般企业","PREMIUM_INCOME":null,"PREMIUM_INCOME_YOY":null,"NET_INTEREST_INCOME":null,"NET_INTEREST_INCOME_YOY":null,"FEE_COMMISSION_INCOME":null,"FEE_COMMISSION_INCOME_YOY":null,"ACCOUNTS_RECE_TDAYS":4.29161081954,"INVENTORY_TDAYS":3.609105146544,"CURRENT_ASSETS_TDAYS":1.501220145966,"TOTAL_ASSETS_TDAYS":1.121812744169,"PREMIUM_EXPENSE":null,"LOAN_DEPOSIT":null,"LOAN_EQUITY":null,"LOAN_ASSETS":null,"DEPOSIT_EQUITY":null,"DEPOSIT_ASSETS":null,"EQUITY_MULTIPLIER":2.569929722442,"EQUITY_RATIO":1.569929722439},{"SECUCODE":"00464.HK","SECURITY_CODE":"00464","SECURITY_NAME_ABBR":"中国智能科技","ORG_CODE":"10008914","STD_REPORT_DATE":"2021-06-30 00:00:00","REPORT_DATE":"2021-09-30 00:00:00","DATE_TYPE_CODE":"002","REPORT_TYPE":"2021年中报","PER_NETCASH_OPERATE":-0.008656873079,"PER_OI":0.277315292856,"BPS":0.108723322746,"BASIC_EPS":-0.0244336498,"DILUTED_EPS":-0.0244336498,"OPERATE_INCOME":123584451,"OPERATE_INCOME_YOY":-23.5297453053,"GROSS_PROFIT":9369425.82,"GROSS_PROFIT_YOY":-53.695296788301,"HOLDER_PROFIT":-10887261.14,"HOLDER_PROFIT_YOY":-517.9196217494,"GROSS_PROFIT_RATIO":7.581395348837,"EPS_TTM":-0.046328379566,"OPERATE_INCOME_QOQ":0,"NET_PROFIT_RATIO":-8.8095719582,"ROE_AVG":-15.868139873725,"GROSS_PROFIT_QOQ":0,"ROA":-4.490116349981,"HOLDER_PROFIT_QOQ":0,"ROE_YEARLY":-31.73627974745,"ROIC_YEARLY":-9.889182736872,"TOTAL_ASSETS":241033415.1,"TOTAL_LIABILITIES":176543741.32,"TAX_EBT":-6.781599803906,"OCF_SALES":-3.121671722278,"TOTAL_PARENT_EQUITY":64489673.78,"DEBT_ASSET_RATIO":73.2445089602,"OPERATE_PROFIT":-9975893.5,"PRETAX_PROFIT":-10195821.34,"NETCASH_OPERATE":-3857900.86,"NETCASH_INVEST":-852220.38,"NETCASH_FINANCE":1588645.42,"END_CASH":21258025.08,"DIVI_RATIO":null,"DIVIDEND_RATE":null,"CURRENT_RATIO":0.951401426889,"COMMON_ACS":1000000000,"CURRENTDEBT_DEBT":91.736110455734,"ISSUED_COMMON_SHARES":593154000,"HK_COMMON_SHARES":593154000,"PER_SHARES":4000,"TOTAL_MARKET_CAP":177946200,"HKSK_MARKET_CAP":177946200,"PE_TTM":-6.316644776543,"PB_TTM":15.222087254063,"REPORT_DATE_SQ":"2020-06-30 00:00:00","REPORT_TYPE_SQ":"2020年中报","OPERATE_INCOME_SQ":170469043.84,"DPS_HKD":null,"OPERATE_INCOME_QOQ_SQ":0,"NET_PROFIT_RATIO_SQ":-1.0902230447,"HOLDER_PROFIT_SQ":-1858492.8,"HOLDER_PROFIT_QOQ_SQ":0,"ROE_AVG_SQ":-2.114947126322,"PE_TTM_SQ":-7.784197729507,"PB_TTM_SQ":5.913206428248,"ROA_SQ":-0.620399255521,"START_DATE":"2021-04-01 00:00:00","FISCAL_YEAR":"3-31","CURRENCY":"HKD","IS_CNY_CODE":0,"DPS_HKD_LY":null,"ORG_TYPE":"一般企业","PREMIUM_INCOME":null,"PREMIUM_INCOME_YOY":null,"NET_INTEREST_INCOME":null,"NET_INTEREST_INCOME_YOY":null,"FEE_COMMISSION_INCOME":null,"FEE_COMMISSION_INCOME_YOY":null,"ACCOUNTS_RECE_TDAYS":2.113052210265,"INVENTORY_TDAYS":1.999081405013,"CURRENT_ASSETS_TDAYS":0.790361163352,"TOTAL_ASSETS_TDAYS":0.509686097268,"PREMIUM_EXPENSE":null,"LOAN_DEPOSIT":null,"LOAN_EQUITY":null,"LOAN_ASSETS":null,"DEPOSIT_EQUITY":null,"DEPOSIT_ASSETS":null,"EQUITY_MULTIPLIER":3.737550540607,"EQUITY_RATIO":2.737550540607},{"SECUCODE":"00464.HK","SECURITY_CODE":"00464","SECURITY_NAME_ABBR":"中国智能科技","ORG_CODE":"10008914","STD_REPORT_DATE":"2020-12-31 00:00:00","REPORT_DATE":"2021-03-31 00:00:00","DATE_TYPE_CODE":"001","REPORT_TYPE":"2020年年报","PER_NETCASH_OPERATE":0.028007921624,"PER_OI":0.693820017817,"BPS":0.124402988532,"BASIC_EPS":-0.046315864,"DILUTED_EPS":-0.046315864,"OPERATE_INCOME":309198115.66,"OPERATE_INCOME_YOY":-18.8471606034,"GROSS_PROFIT":26527664.66,"GROSS_PROFIT_YOY":1.083603636699,"HOLDER_PROFIT":-20646057.04,"HOLDER_PROFIT_YOY":39.0382071823,"GROSS_PROFIT_RATIO":8.579503986748,"EPS_TTM":-0.063291468318,"OPERATE_INCOME_QOQ":0,"NET_PROFIT_RATIO":-6.677290706,"ROE_AVG":-26.395094410978,"GROSS_PROFIT_QOQ":0,"ROA":-7.848013017909,"HOLDER_PROFIT_QOQ":0,"ROE_YEARLY":-26.395094410978,"ROIC_YEARLY":-8.670405338255,"TOTAL_ASSETS":247458561.84,"TOTAL_LIABILITIES":173668431.58,"TAX_EBT":-0.41104899704,"OCF_SALES":4.036770474282,"TOTAL_PARENT_EQUITY":73790130.26,"DEBT_ASSET_RATIO":70.1808134213,"OPERATE_PROFIT":-19478018.28,"PRETAX_PROFIT":-20561539.04,"NETCASH_OPERATE":12481618.24,"NETCASH_INVEST":-3122940.1,"NETCASH_FINANCE":-15329874.84,"END_CASH":23654052.66,"DIVI_RATIO":null,"DIVIDEND_RATE":null,"CURRENT_RATIO":1.009226480689,"COMMON_ACS":1000000000,"CURRENTDEBT_DEBT":91.831361537076,"ISSUED_COMMON_SHARES":593154000,"HK_COMMON_SHARES":593154000,"PER_SHARES":4000,"TOTAL_MARKET_CAP":177946200,"HKSK_MARKET_CAP":177946200,"PE_TTM":-6.316644776543,"PB_TTM":15.222087254063,"REPORT_DATE_SQ":"2019-12-31 00:00:00","REPORT_TYPE_SQ":"2019年年报","OPERATE_INCOME_SQ":411895960,"DPS_HKD":null,"OPERATE_INCOME_QOQ_SQ":0,"NET_PROFIT_RATIO_SQ":-8.8888642413,"HOLDER_PROFIT_SQ":-36612872.7,"HOLDER_PROFIT_QOQ_SQ":0,"ROE_AVG_SQ":-32.810657670641,"PE_TTM_SQ":-7.784197729507,"PB_TTM_SQ":5.913206428248,"ROA_SQ":-10.997292598351,"START_DATE":"2020-04-01 00:00:00","FISCAL_YEAR":"3-31","CURRENCY":"HKD","IS_CNY_CODE":0,"DPS_HKD_LY":null,"ORG_TYPE":"一般企业","PREMIUM_INCOME":null,"PREMIUM_INCOME_YOY":null,"NET_INTEREST_INCOME":null,"NET_INTEREST_INCOME_YOY":null,"FEE_COMMISSION_INCOME":null,"FEE_COMMISSION_INCOME_YOY":null,"ACCOUNTS_RECE_TDAYS":4.779215519775,"INVENTORY_TDAYS":3.800136348142,"CURRENT_ASSETS_TDAYS":1.710106041094,"TOTAL_ASSETS_TDAYS":1.175328941556,"PREMIUM_EXPENSE":null,"LOAN_DEPOSIT":null,"LOAN_EQUITY":null,"LOAN_ASSETS":null,"DEPOSIT_EQUITY":null,"DEPOSIT_ASSETS":null,"EQUITY_MULTIPLIER":3.353545534721,"EQUITY_RATIO":2.353545534722},{"SECUCODE":"00464.HK","SECURITY_CODE":"00464","SECURITY_NAME_ABBR":"中国智能科技","ORG_CODE":"10008914","STD_REPORT_DATE":"2020-06-30 00:00:00","REPORT_DATE":"2020-09-30 00:00:00","DATE_TYPE_CODE":"002","REPORT_TYPE":"2020年中报","PER_NETCASH_OPERATE":0.012895501811,"PER_OI":0.382521202569,"BPS":0.151427997181,"BASIC_EPS":-0.00417392,"DILUTED_EPS":null,"OPERATE_INCOME":170469043.84,"OPERATE_INCOME_YOY":-22.0228548919,"GROSS_PROFIT":20234285.44,"GROSS_PROFIT_YOY":13.009774615589,"HOLDER_PROFIT":-1858492.8,"HOLDER_PROFIT_YOY":81.4163957473,"GROSS_PROFIT_RATIO":11.869771182029,"EPS_TTM":-0.082156852524,"OPERATE_INCOME_QOQ":0,"NET_PROFIT_RATIO":-1.0902230447,"ROE_AVG":-2.114947126322,"GROSS_PROFIT_QOQ":0,"ROA":-0.620399255521,"HOLDER_PROFIT_QOQ":0,"ROE_YEARLY":-4.229894252644,"ROIC_YEARLY":-1.353184301782,"TOTAL_ASSETS":309379737.6,"TOTAL_LIABILITIES":219559615.36,"TAX_EBT":-0.906488549618,"OCF_SALES":3.371186152363,"TOTAL_PARENT_EQUITY":89820122.24,"DEBT_ASSET_RATIO":70.9676778005,"OPERATE_PROFIT":-1059736.32,"PRETAX_PROFIT":-1841797.12,"NETCASH_OPERATE":5746828.8,"NETCASH_INVEST":-1762712.32,"NETCASH_FINANCE":-11020906.24,"END_CASH":22466234.24,"DIVI_RATIO":null,"DIVIDEND_RATE":null,"CURRENT_RATIO":1.080485228473,"COMMON_ACS":1000000000,"CURRENTDEBT_DEBT":93.961891116332,"ISSUED_COMMON_SHARES":593154000,"HK_COMMON_SHARES":593154000,"PER_SHARES":4000,"TOTAL_MARKET_CAP":177946200,"HKSK_MARKET_CAP":177946200,"PE_TTM":-6.316644776543,"PB_TTM":15.222087254063,"REPORT_DATE_SQ":"2019-06-30 00:00:00","REPORT_TYPE_SQ":"2019年中报","OPERATE_INCOME_SQ":224408361.87,"DPS_HKD":null,"OPERATE_INCOME_QOQ_SQ":0,"NET_PROFIT_RATIO_SQ":-4.5745959395,"HOLDER_PROFIT_SQ":-10265775.81,"HOLDER_PROFIT_QOQ_SQ":0,"ROE_AVG_SQ":-8.375156376481,"PE_TTM_SQ":-7.784197729507,"PB_TTM_SQ":5.913206428248,"ROA_SQ":-2.858524272089,"START_DATE":"2020-04-01 00:00:00","FISCAL_YEAR":"3-31","CURRENCY":"HKD","IS_CNY_CODE":0,"DPS_HKD_LY":null,"ORG_TYPE":"一般企业","PREMIUM_INCOME":null,"PREMIUM_INCOME_YOY":null,"NET_INTEREST_INCOME":null,"NET_INTEREST_INCOME_YOY":null,"FEE_COMMISSION_INCOME":null,"FEE_COMMISSION_INCOME_YOY":null,"ACCOUNTS_RECE_TDAYS":1.936223407706,"INVENTORY_TDAYS":1.777807817488,"CURRENT_ASSETS_TDAYS":0.790070211449,"TOTAL_ASSETS_TDAYS":0.569057183798,"PREMIUM_EXPENSE":null,"LOAN_DEPOSIT":null,"LOAN_EQUITY":null,"LOAN_ASSETS":null,"DEPOSIT_EQUITY":null,"DEPOSIT_ASSETS":null,"EQUITY_MULTIPLIER":3.44443683536,"EQUITY_RATIO":2.44443683536}],"count":43},"success":true,"message":"ok","code":0}