{"version":"87759c7221cb01ad328b6d7c7bf04f6f","result":{"pages":4,"data":[{"SECUCODE":"00460.HK","SECURITY_CODE":"00460","SECURITY_NAME_ABBR":"四环医药","ORG_CODE":"10144632","STD_REPORT_DATE":"2024-06-30 00:00:00","REPORT_DATE":"2024-06-30 00:00:00","DATE_TYPE_CODE":"002","REPORT_TYPE":"2024年中报","PER_NETCASH_OPERATE":0.003912017501,"PER_OI":0.101898828424,"BPS":0.475399072846,"BASIC_EPS":-0.0036,"DILUTED_EPS":-0.0036,"OPERATE_INCOME":949697000,"OPERATE_INCOME_YOY":-10.0414415012,"GROSS_PROFIT":608516000,"GROSS_PROFIT_YOY":-18.618544319965,"HOLDER_PROFIT":-33424000,"HOLDER_PROFIT_YOY":32.6726291193,"GROSS_PROFIT_RATIO":64.07475226309,"EPS_TTM":-0.004055472449,"OPERATE_INCOME_QOQ":-5.697703729941,"NET_PROFIT_RATIO":-7.1557559938,"ROE_AVG":-0.75505958711,"GROSS_PROFIT_QOQ":-10.745004028884,"ROA":-0.289861256154,"HOLDER_PROFIT_QOQ":30.027583908769,"ROE_YEARLY":-1.510119174219,"ROIC_YEARLY":-0.961815017223,"TOTAL_ASSETS":11526638000,"TOTAL_LIABILITIES":6437372000,"TAX_EBT":-253.726837393296,"OCF_SALES":3.839119213812,"TOTAL_PARENT_EQUITY":4421211000,"DEBT_ASSET_RATIO":55.8477849309,"OPERATE_PROFIT":109104000,"PRETAX_PROFIT":-19212000,"NETCASH_OPERATE":36460000,"NETCASH_INVEST":253261000,"NETCASH_FINANCE":-58320000,"END_CASH":4010067000,"DIVI_RATIO":-4.726028901288,"DIVIDEND_RATE":3.387096774194,"CURRENT_RATIO":1.637611840211,"COMMON_ACS":100000000000,"CURRENTDEBT_DEBT":63.936106224714,"ISSUED_COMMON_SHARES":9299999206,"HK_COMMON_SHARES":9299999206,"PER_SHARES":1000,"TOTAL_MARKET_CAP":5765999507.72,"HKSK_MARKET_CAP":5765999507.72,"PE_TTM":-136.042629276669,"PB_TTM":1.190287554859,"REPORT_DATE_SQ":"2023-06-30 00:00:00","REPORT_TYPE_SQ":"2023年中报","OPERATE_INCOME_SQ":1055705000,"DPS_HKD":0.021,"OPERATE_INCOME_QOQ_SQ":-18.727950672775,"NET_PROFIT_RATIO_SQ":-11.2664049143,"HOLDER_PROFIT_SQ":-49644000,"HOLDER_PROFIT_QOQ_SQ":-4.700984585241,"ROE_AVG_SQ":-1.085956934471,"PE_TTM_SQ":-2.327538413187,"PB_TTM_SQ":1.093341685921,"ROA_SQ":-0.415163798359,"START_DATE":"2024-01-01 00:00:00","FISCAL_YEAR":"12-31","CURRENCY":"HKD","IS_CNY_CODE":0,"DPS_HKD_LY":0.021,"ORG_TYPE":"一般企业","PREMIUM_INCOME":null,"PREMIUM_INCOME_YOY":null,"NET_INTEREST_INCOME":null,"NET_INTEREST_INCOME_YOY":null,"FEE_COMMISSION_INCOME":null,"FEE_COMMISSION_INCOME_YOY":null,"ACCOUNTS_RECE_TDAYS":0.764349813681,"INVENTORY_TDAYS":0.660735467416,"CURRENT_ASSETS_TDAYS":0.146741084528,"TOTAL_ASSETS_TDAYS":0.082360090171,"PREMIUM_EXPENSE":null,"LOAN_DEPOSIT":null,"LOAN_EQUITY":null,"LOAN_ASSETS":null,"DEPOSIT_EQUITY":null,"DEPOSIT_ASSETS":null,"EQUITY_MULTIPLIER":2.264892029618,"EQUITY_RATIO":1.456020081376},{"SECUCODE":"00460.HK","SECURITY_CODE":"00460","SECURITY_NAME_ABBR":"四环医药","ORG_CODE":"10144632","STD_REPORT_DATE":"2023-12-31 00:00:00","REPORT_DATE":"2023-12-31 00:00:00","DATE_TYPE_CODE":"001","REPORT_TYPE":"2023年年报","PER_NETCASH_OPERATE":0.021381245121,"PER_OI":0.199414700786,"BPS":0.476573158968,"BASIC_EPS":-0.0058,"DILUTED_EPS":-0.0058,"OPERATE_INCOME":1860539000,"OPERATE_INCOME_YOY":-14.700697647,"GROSS_PROFIT":1295644000,"GROSS_PROFIT_YOY":-12.902625134362,"HOLDER_PROFIT":-54017000,"HOLDER_PROFIT_YOY":97.1791481411,"GROSS_PROFIT_RATIO":69.638099496974,"EPS_TTM":-0.005789603923,"OPERATE_INCOME_QOQ":4.955274364429,"NET_PROFIT_RATIO":-13.8501262269,"ROE_AVG":-1.178236360099,"GROSS_PROFIT_QOQ":5.1979295646,"ROA":-0.456302106341,"HOLDER_PROFIT_QOQ":97.305801974924,"ROE_YEARLY":-1.178236360099,"ROIC_YEARLY":-0.747085382273,"TOTAL_ASSETS":11535430000,"TOTAL_LIABILITIES":6398406000,"TAX_EBT":-59.795981644549,"OCF_SALES":10.722000452557,"TOTAL_PARENT_EQUITY":4432130000,"DEBT_ASSET_RATIO":55.4674251415,"OPERATE_PROFIT":161698000,"PRETAX_PROFIT":-161260000,"NETCASH_OPERATE":199487000,"NETCASH_INVEST":169877000,"NETCASH_FINANCE":-419561000,"END_CASH":3778666000,"DIVI_RATIO":-3.310464801488,"DIVIDEND_RATE":3.387096774194,"CURRENT_RATIO":1.510604845327,"COMMON_ACS":100000000000,"CURRENTDEBT_DEBT":64.184767268598,"ISSUED_COMMON_SHARES":9299999206,"HK_COMMON_SHARES":9299999206,"PER_SHARES":1000,"TOTAL_MARKET_CAP":5765999507.72,"HKSK_MARKET_CAP":5765999507.72,"PE_TTM":-136.042629276669,"PB_TTM":1.190287554859,"REPORT_DATE_SQ":"2022-12-31 00:00:00","REPORT_TYPE_SQ":"2022年年报","OPERATE_INCOME_SQ":2181189000,"DPS_HKD":0.021,"OPERATE_INCOME_QOQ_SQ":-23.4199760695,"NET_PROFIT_RATIO_SQ":-104.6803371922,"HOLDER_PROFIT_SQ":-1914918000,"HOLDER_PROFIT_QOQ_SQ":-1139.11633956477,"ROE_AVG_SQ":-29.4124342051,"PE_TTM_SQ":-2.327538413187,"PB_TTM_SQ":1.093341685921,"ROA_SQ":-14.378326256616,"START_DATE":"2023-01-01 00:00:00","FISCAL_YEAR":"12-31","CURRENCY":"HKD","IS_CNY_CODE":0,"DPS_HKD_LY":0.037,"ORG_TYPE":"一般企业","PREMIUM_INCOME":null,"PREMIUM_INCOME_YOY":null,"NET_INTEREST_INCOME":null,"NET_INTEREST_INCOME_YOY":null,"FEE_COMMISSION_INCOME":null,"FEE_COMMISSION_INCOME_YOY":null,"ACCOUNTS_RECE_TDAYS":1.651333242803,"INVENTORY_TDAYS":0.970590787295,"CURRENT_ASSETS_TDAYS":0.291754497618,"TOTAL_ASSETS_TDAYS":0.157166792793,"PREMIUM_EXPENSE":null,"LOAN_DEPOSIT":null,"LOAN_EQUITY":null,"LOAN_ASSETS":null,"DEPOSIT_EQUITY":null,"DEPOSIT_ASSETS":null,"EQUITY_MULTIPLIER":2.245547227344,"EQUITY_RATIO":1.443641319185},{"SECUCODE":"00460.HK","SECURITY_CODE":"00460","SECURITY_NAME_ABBR":"四环医药","ORG_CODE":"10144632","STD_REPORT_DATE":"2023-06-30 00:00:00","REPORT_DATE":"2023-06-30 00:00:00","DATE_TYPE_CODE":"002","REPORT_TYPE":"2023年中报","PER_NETCASH_OPERATE":0.003035155671,"PER_OI":0.113151670937,"BPS":0.473753373781,"BASIC_EPS":-0.0053,"DILUTED_EPS":-0.0053,"OPERATE_INCOME":1055705000,"OPERATE_INCOME_YOY":-27.8987048874,"GROSS_PROFIT":747733000,"GROSS_PROFIT_YOY":-25.501524874737,"HOLDER_PROFIT":-49644000,"HOLDER_PROFIT_YOY":-222.9542302358,"GROSS_PROFIT_RATIO":70.827835427511,"EPS_TTM":-0.214891550978,"OPERATE_INCOME_QOQ":-18.727950672775,"NET_PROFIT_RATIO":-11.2664049143,"ROE_AVG":-1.085956934471,"GROSS_PROFIT_QOQ":-17.206189108358,"ROA":-0.415163798359,"HOLDER_PROFIT_QOQ":-4.700984585241,"ROE_YEARLY":-2.171913868941,"ROIC_YEARLY":-1.359700840617,"TOTAL_ASSETS":11774829000,"TOTAL_LIABILITIES":6523655000,"TAX_EBT":-259.835420826526,"OCF_SALES":2.682378126465,"TOTAL_PARENT_EQUITY":4405906000,"DEBT_ASSET_RATIO":55.4033948179,"OPERATE_PROFIT":146160000,"PRETAX_PROFIT":-33054000,"NETCASH_OPERATE":28318000,"NETCASH_INVEST":100361000,"NETCASH_FINANCE":-223510000,"END_CASH":3734032000,"DIVI_RATIO":-0.089190477303,"DIVIDEND_RATE":3.387096774194,"CURRENT_RATIO":2.843917667526,"COMMON_ACS":100000000000,"CURRENTDEBT_DEBT":34.381125304756,"ISSUED_COMMON_SHARES":9299999206,"HK_COMMON_SHARES":9299999206,"PER_SHARES":1000,"TOTAL_MARKET_CAP":5765999507.72,"HKSK_MARKET_CAP":5765999507.72,"PE_TTM":-136.042629276669,"PB_TTM":1.190287554859,"REPORT_DATE_SQ":"2022-06-30 00:00:00","REPORT_TYPE_SQ":"2022年中报","OPERATE_INCOME_SQ":1464197000,"DPS_HKD":0.021,"OPERATE_INCOME_QOQ_SQ":-13.460518280178,"NET_PROFIT_RATIO_SQ":-6.5497334034,"HOLDER_PROFIT_SQ":40376000,"HOLDER_PROFIT_QOQ_SQ":-137.103399926532,"ROE_AVG_SQ":0.519453452012,"PE_TTM_SQ":-2.327538413187,"PB_TTM_SQ":1.093341685921,"ROA_SQ":0.279346924859,"START_DATE":"2023-01-01 00:00:00","FISCAL_YEAR":"12-31","CURRENCY":"HKD","IS_CNY_CODE":0,"DPS_HKD_LY":0.037,"ORG_TYPE":"一般企业","PREMIUM_INCOME":null,"PREMIUM_INCOME_YOY":null,"NET_INTEREST_INCOME":null,"NET_INTEREST_INCOME_YOY":null,"FEE_COMMISSION_INCOME":null,"FEE_COMMISSION_INCOME_YOY":null,"ACCOUNTS_RECE_TDAYS":0.895430164072,"INVENTORY_TDAYS":0.504047888903,"CURRENT_ASSETS_TDAYS":0.163307738727,"TOTAL_ASSETS_TDAYS":0.088286700859,"PREMIUM_EXPENSE":null,"LOAN_DEPOSIT":null,"LOAN_EQUITY":null,"LOAN_ASSETS":null,"DEPOSIT_EQUITY":null,"DEPOSIT_ASSETS":null,"EQUITY_MULTIPLIER":2.242323145263,"EQUITY_RATIO":1.480661412204},{"SECUCODE":"00460.HK","SECURITY_CODE":"00460","SECURITY_NAME_ABBR":"四环医药","ORG_CODE":"10144632","STD_REPORT_DATE":"2022-12-31 00:00:00","REPORT_DATE":"2022-12-31 00:00:00","DATE_TYPE_CODE":"001","REPORT_TYPE":"2022年年报","PER_NETCASH_OPERATE":0.004983172986,"PER_OI":0.233782335008,"BPS":0.509354667143,"BASIC_EPS":-0.2052,"DILUTED_EPS":-0.2052,"OPERATE_INCOME":2181189000,"OPERATE_INCOME_YOY":-28.2123663478,"GROSS_PROFIT":1487581000,"GROSS_PROFIT_YOY":-38.794966278377,"HOLDER_PROFIT":-1914918000,"HOLDER_PROFIT_YOY":-559.7542910237,"GROSS_PROFIT_RATIO":68.200463141892,"EPS_TTM":-0.205243104283,"OPERATE_INCOME_QOQ":-23.4199760695,"NET_PROFIT_RATIO":-104.6803371922,"ROE_AVG":-29.4124342051,"GROSS_PROFIT_QOQ":-25.061987363746,"ROA":-14.378326256616,"HOLDER_PROFIT_QOQ":-1139.11633956477,"ROE_YEARLY":-29.4124342051,"ROIC_YEARLY":-24.940095622989,"TOTAL_ASSETS":12140551000,"TOTAL_LIABILITIES":6500725000,"TAX_EBT":-9.270587880598,"OCF_SALES":2.131543850625,"TOTAL_PARENT_EQUITY":4736998000,"DEBT_ASSET_RATIO":53.5455515981,"OPERATE_PROFIT":-1830727000,"PRETAX_PROFIT":-2122778000,"NETCASH_OPERATE":46493000,"NETCASH_INVEST":-1661121000,"NETCASH_FINANCE":-238934000,"END_CASH":3828863000,"DIVI_RATIO":-0.093383307892,"DIVIDEND_RATE":3.387096774194,"CURRENT_RATIO":2.586018949862,"COMMON_ACS":100000000000,"CURRENTDEBT_DEBT":38.964884685939,"ISSUED_COMMON_SHARES":9299999206,"HK_COMMON_SHARES":9299999206,"PER_SHARES":1000,"TOTAL_MARKET_CAP":5765999507.72,"HKSK_MARKET_CAP":5765999507.72,"PE_TTM":-136.042629276669,"PB_TTM":1.190287554859,"REPORT_DATE_SQ":"2021-12-31 00:00:00","REPORT_TYPE_SQ":"2021年年报","OPERATE_INCOME_SQ":3038391000,"DPS_HKD":0.021,"OPERATE_INCOME_QOQ_SQ":-0.77294878242,"NET_PROFIT_RATIO_SQ":7.0723459333,"HOLDER_PROFIT_SQ":416509000,"HOLDER_PROFIT_QOQ_SQ":-55.444814808476,"ROE_AVG_SQ":4.767051856735,"PE_TTM_SQ":-2.327538413187,"PB_TTM_SQ":1.093341685921,"ROA_SQ":3.024806252274,"START_DATE":"2022-01-01 00:00:00","FISCAL_YEAR":"12-31","CURRENCY":"HKD","IS_CNY_CODE":0,"DPS_HKD_LY":0.0525,"ORG_TYPE":"一般企业","PREMIUM_INCOME":null,"PREMIUM_INCOME_YOY":null,"NET_INTEREST_INCOME":null,"NET_INTEREST_INCOME_YOY":null,"FEE_COMMISSION_INCOME":null,"FEE_COMMISSION_INCOME_YOY":null,"ACCOUNTS_RECE_TDAYS":1.853920178695,"INVENTORY_TDAYS":1.049332903681,"CURRENT_ASSETS_TDAYS":0.305235553628,"TOTAL_ASSETS_TDAYS":0.163776449275,"PREMIUM_EXPENSE":null,"LOAN_DEPOSIT":null,"LOAN_EQUITY":null,"LOAN_ASSETS":null,"DEPOSIT_EQUITY":null,"DEPOSIT_ASSETS":null,"EQUITY_MULTIPLIER":2.152646375969,"EQUITY_RATIO":1.372330112869},{"SECUCODE":"00460.HK","SECURITY_CODE":"00460","SECURITY_NAME_ABBR":"四环医药","ORG_CODE":"10144632","STD_REPORT_DATE":"2022-06-30 00:00:00","REPORT_DATE":"2022-06-30 00:00:00","DATE_TYPE_CODE":"002","REPORT_TYPE":"2022年中报","PER_NETCASH_OPERATE":0.040178031286,"PER_OI":0.156934311319,"BPS":0.780798131178,"BASIC_EPS":0.0043,"DILUTED_EPS":0.0043,"OPERATE_INCOME":1464197000,"OPERATE_INCOME_YOY":-23.2286905699,"GROSS_PROFIT":1003689000,"GROSS_PROFIT_YOY":-31.587944569065,"HOLDER_PROFIT":40376000,"HOLDER_PROFIT_YOY":-93.3963992254,"GROSS_PROFIT_RATIO":68.548767686315,"EPS_TTM":-0.016563667004,"OPERATE_INCOME_QOQ":-13.460518280178,"NET_PROFIT_RATIO":-6.5497334034,"ROE_AVG":0.519453452012,"GROSS_PROFIT_QOQ":-18.927137907206,"ROA":0.279346924859,"HOLDER_PROFIT_QOQ":-137.103399926532,"ROE_YEARLY":1.038906904025,"ROIC_YEARLY":0.983427734983,"TOTAL_ASSETS":14411801000,"TOTAL_LIABILITIES":6309502000,"TAX_EBT":271.123443131937,"OCF_SALES":25.601814509933,"TOTAL_PARENT_EQUITY":7261422000,"DEBT_ASSET_RATIO":43.7801077048,"OPERATE_PROFIT":203175000,"PRETAX_PROFIT":56042000,"NETCASH_OPERATE":374861000,"NETCASH_INVEST":-472430000,"NETCASH_FINANCE":-489211000,"END_CASH":5095645000,"DIVI_RATIO":-1.157127826516,"DIVIDEND_RATE":3.387096774194,"CURRENT_RATIO":2.433098347447,"COMMON_ACS":100000000000,"CURRENTDEBT_DEBT":48.46747017435,"ISSUED_COMMON_SHARES":9299999206,"HK_COMMON_SHARES":9299999206,"PER_SHARES":1000,"TOTAL_MARKET_CAP":5765999507.72,"HKSK_MARKET_CAP":5765999507.72,"PE_TTM":-136.042629276669,"PB_TTM":1.190287554859,"REPORT_DATE_SQ":"2021-06-30 00:00:00","REPORT_TYPE_SQ":"2021年中报","OPERATE_INCOME_SQ":1907219000,"DPS_HKD":0.021,"OPERATE_INCOME_QOQ_SQ":34.602426887794,"NET_PROFIT_RATIO_SQ":31.156254211,"HOLDER_PROFIT_SQ":611424000,"HOLDER_PROFIT_QOQ_SQ":97.476034154235,"ROE_AVG_SQ":6.424841239935,"PE_TTM_SQ":-2.327538413187,"PB_TTM_SQ":1.093341685921,"ROA_SQ":4.471172108616,"START_DATE":"2022-01-01 00:00:00","FISCAL_YEAR":"12-31","CURRENCY":"HKD","IS_CNY_CODE":0,"DPS_HKD_LY":0.0525,"ORG_TYPE":"一般企业","PREMIUM_INCOME":null,"PREMIUM_INCOME_YOY":null,"NET_INTEREST_INCOME":null,"NET_INTEREST_INCOME_YOY":null,"FEE_COMMISSION_INCOME":null,"FEE_COMMISSION_INCOME_YOY":null,"ACCOUNTS_RECE_TDAYS":1.07332365224,"INVENTORY_TDAYS":0.650443296596,"CURRENT_ASSETS_TDAYS":0.192885841305,"TOTAL_ASSETS_TDAYS":0.101302488938,"PREMIUM_EXPENSE":null,"LOAN_DEPOSIT":null,"LOAN_EQUITY":null,"LOAN_ASSETS":null,"DEPOSIT_EQUITY":null,"DEPOSIT_ASSETS":null,"EQUITY_MULTIPLIER":1.778729839519,"EQUITY_RATIO":0.86890721955},{"SECUCODE":"00460.HK","SECURITY_CODE":"00460","SECURITY_NAME_ABBR":"四环医药","ORG_CODE":"10144632","STD_REPORT_DATE":"2021-12-31 00:00:00","REPORT_DATE":"2021-12-31 00:00:00","DATE_TYPE_CODE":"001","REPORT_TYPE":"2021年年报","PER_NETCASH_OPERATE":0.071306865661,"PER_OI":0.325658227071,"BPS":0.890768678201,"BASIC_EPS":0.0442,"DILUTED_EPS":0.0439,"OPERATE_INCOME":3038391000,"OPERATE_INCOME_YOY":33.5620190681,"GROSS_PROFIT":2430488000,"GROSS_PROFIT_YOY":26.954961976005,"HOLDER_PROFIT":416509000,"HOLDER_PROFIT_YOY":-12.0141872737,"GROSS_PROFIT_RATIO":74.394261181854,"EPS_TTM":0.044641911623,"OPERATE_INCOME_QOQ":-0.77294878242,"NET_PROFIT_RATIO":7.0723459333,"ROE_AVG":4.767051856735,"GROSS_PROFIT_QOQ":-5.663577363259,"ROA":3.024806252274,"HOLDER_PROFIT_QOQ":-55.444814808476,"ROE_YEARLY":4.767051856735,"ROIC_YEARLY":5.33002507809,"TOTAL_ASSETS":14495623000,"TOTAL_LIABILITIES":5345557000,"TAX_EBT":51.030718952931,"OCF_SALES":20.21386881052,"TOTAL_PARENT_EQUITY":8284148000,"DEBT_ASSET_RATIO":36.8770421251,"OPERATE_PROFIT":771945000,"PRETAX_PROFIT":496013000,"NETCASH_OPERATE":665293000,"NETCASH_INVEST":-337569000,"NETCASH_FINANCE":750660000,"END_CASH":5682425000,"DIVI_RATIO":0.429333765133,"DIVIDEND_RATE":3.387096774194,"CURRENT_RATIO":3.094310775891,"COMMON_ACS":100000000000,"CURRENTDEBT_DEBT":46.802138673295,"ISSUED_COMMON_SHARES":9299999206,"HK_COMMON_SHARES":9299999206,"PER_SHARES":1000,"TOTAL_MARKET_CAP":5765999507.72,"HKSK_MARKET_CAP":5765999507.72,"PE_TTM":-136.042629276669,"PB_TTM":1.190287554859,"REPORT_DATE_SQ":"2020-12-31 00:00:00","REPORT_TYPE_SQ":"2020年年报","OPERATE_INCOME_SQ":2464226000,"DPS_HKD":0.021,"OPERATE_INCOME_QOQ_SQ":7.896663391533,"NET_PROFIT_RATIO_SQ":20.7727294493,"HOLDER_PROFIT_SQ":473382000,"HOLDER_PROFIT_QOQ_SQ":181.142622065667,"ROE_AVG_SQ":5.036775498422,"PE_TTM_SQ":-2.327538413187,"PB_TTM_SQ":1.093341685921,"ROA_SQ":3.696078938881,"START_DATE":"2021-01-01 00:00:00","FISCAL_YEAR":"12-31","CURRENCY":"HKD","IS_CNY_CODE":0,"DPS_HKD_LY":0.016,"ORG_TYPE":"一般企业","PREMIUM_INCOME":null,"PREMIUM_INCOME_YOY":null,"NET_INTEREST_INCOME":null,"NET_INTEREST_INCOME_YOY":null,"FEE_COMMISSION_INCOME":null,"FEE_COMMISSION_INCOME_YOY":null,"ACCOUNTS_RECE_TDAYS":2.754700884147,"INVENTORY_TDAYS":1.391616653745,"CURRENT_ASSETS_TDAYS":0.465341609919,"TOTAL_ASSETS_TDAYS":0.23902134345,"PREMIUM_EXPENSE":null,"LOAN_DEPOSIT":null,"LOAN_EQUITY":null,"LOAN_ASSETS":null,"DEPOSIT_EQUITY":null,"DEPOSIT_ASSETS":null,"EQUITY_MULTIPLIER":1.584209665811,"EQUITY_RATIO":0.645275410338},{"SECUCODE":"00460.HK","SECURITY_CODE":"00460","SECURITY_NAME_ABBR":"四环医药","ORG_CODE":"10144632","STD_REPORT_DATE":"2021-06-30 00:00:00","REPORT_DATE":"2021-06-30 00:00:00","DATE_TYPE_CODE":"002","REPORT_TYPE":"2021年中报","PER_NETCASH_OPERATE":0.06507672168,"PER_OI":0.201784061295,"BPS":1.058363746273,"BASIC_EPS":0.0646,"DILUTED_EPS":0.0642,"OPERATE_INCOME":1907219000,"OPERATE_INCOME_YOY":80.8584241236,"GROSS_PROFIT":1467123000,"GROSS_PROFIT_YOY":86.643335025323,"HOLDER_PROFIT":611424000,"HOLDER_PROFIT_YOY":307.6431762117,"GROSS_PROFIT_RATIO":76.9247265259,"EPS_TTM":0.098903675479,"OPERATE_INCOME_QOQ":34.602426887794,"NET_PROFIT_RATIO":31.156254211,"ROE_AVG":6.424841239935,"GROSS_PROFIT_QOQ":35.57504012904,"ROA":4.471172108616,"HOLDER_PROFIT_QOQ":97.476034154235,"ROE_YEARLY":12.84968247987,"ROIC_YEARLY":14.804859382057,"TOTAL_ASSETS":14305681000,"TOTAL_LIABILITIES":3626115000,"TAX_EBT":27.488672736347,"OCF_SALES":32.2506749356,"TOTAL_PARENT_EQUITY":9842782000,"DEBT_ASSET_RATIO":25.3473777306,"OPERATE_PROFIT":885960000,"PRETAX_PROFIT":819483000,"NETCASH_OPERATE":615091000,"NETCASH_INVEST":-895355000,"NETCASH_FINANCE":307073000,"END_CASH":4630850000,"DIVI_RATIO":0.193787338106,"DIVIDEND_RATE":3.387096774194,"CURRENT_RATIO":2.749193691924,"COMMON_ACS":100000000000,"CURRENTDEBT_DEBT":71.893583077205,"ISSUED_COMMON_SHARES":9299999206,"HK_COMMON_SHARES":9299999206,"PER_SHARES":1000,"TOTAL_MARKET_CAP":5765999507.72,"HKSK_MARKET_CAP":5765999507.72,"PE_TTM":-136.042629276669,"PB_TTM":1.190287554859,"REPORT_DATE_SQ":"2020-06-30 00:00:00","REPORT_TYPE_SQ":"2020年中报","OPERATE_INCOME_SQ":1054537000,"DPS_HKD":0.021,"OPERATE_INCOME_QOQ_SQ":-20.890453307766,"NET_PROFIT_RATIO_SQ":13.6796527765,"HOLDER_PROFIT_SQ":149990000,"HOLDER_PROFIT_QOQ_SQ":78.811309351724,"ROE_AVG_SQ":1.645463095452,"PE_TTM_SQ":-2.327538413187,"PB_TTM_SQ":1.093341685921,"ROA_SQ":1.167743209539,"START_DATE":"2021-01-01 00:00:00","FISCAL_YEAR":"12-31","CURRENCY":"HKD","IS_CNY_CODE":0,"DPS_HKD_LY":0.016,"ORG_TYPE":"一般企业","PREMIUM_INCOME":null,"PREMIUM_INCOME_YOY":null,"NET_INTEREST_INCOME":null,"NET_INTEREST_INCOME_YOY":null,"FEE_COMMISSION_INCOME":null,"FEE_COMMISSION_INCOME_YOY":null,"ACCOUNTS_RECE_TDAYS":1.685758391474,"INVENTORY_TDAYS":0.829118311982,"CURRENT_ASSETS_TDAYS":0.281069684088,"TOTAL_ASSETS_TDAYS":0.139469572634,"PREMIUM_EXPENSE":null,"LOAN_DEPOSIT":null,"LOAN_EQUITY":null,"LOAN_ASSETS":null,"DEPOSIT_EQUITY":null,"DEPOSIT_ASSETS":null,"EQUITY_MULTIPLIER":1.339537674097,"EQUITY_RATIO":0.368403465606},{"SECUCODE":"00460.HK","SECURITY_CODE":"00460","SECURITY_NAME_ABBR":"四环医药","ORG_CODE":"10144632","STD_REPORT_DATE":"2020-12-31 00:00:00","REPORT_DATE":"2020-12-31 00:00:00","DATE_TYPE_CODE":"001","REPORT_TYPE":"2020年年报","PER_NETCASH_OPERATE":0.023995206585,"PER_OI":0.260332635976,"BPS":0.988208901574,"BASIC_EPS":0.05,"DILUTED_EPS":0.05,"OPERATE_INCOME":2464226000,"OPERATE_INCOME_YOY":-14.3865966165,"GROSS_PROFIT":1914449000,"GROSS_PROFIT_YOY":-16.375176852976,"HOLDER_PROFIT":473382000,"HOLDER_PROFIT_YOY":117.1930591734,"GROSS_PROFIT_RATIO":77.689668074276,"EPS_TTM":0.050010341537,"OPERATE_INCOME_QOQ":7.896663391533,"NET_PROFIT_RATIO":20.7727294493,"ROE_AVG":5.036775498422,"GROSS_PROFIT_QOQ":11.60137224669,"ROA":3.696078938881,"HOLDER_PROFIT_QOQ":181.142622065667,"ROE_YEARLY":5.036775498422,"ROIC_YEARLY":6.396930869912,"TOTAL_ASSETS":13043926000,"TOTAL_LIABILITIES":3095201000,"TAX_EBT":28.601125033297,"OCF_SALES":9.217133493438,"TOTAL_PARENT_EQUITY":9190342000,"DEBT_ASSET_RATIO":23.7290597938,"OPERATE_PROFIT":787125000,"PRETAX_PROFIT":765844000,"NETCASH_OPERATE":227131000,"NETCASH_INVEST":-924777000,"NETCASH_FINANCE":184544000,"END_CASH":4604041000,"DIVI_RATIO":0.38324633288,"DIVIDEND_RATE":3.387096774194,"CURRENT_RATIO":2.621337521479,"COMMON_ACS":100000000000,"CURRENTDEBT_DEBT":78.931416731902,"ISSUED_COMMON_SHARES":9299999206,"HK_COMMON_SHARES":9299999206,"PER_SHARES":1000,"TOTAL_MARKET_CAP":5765999507.72,"HKSK_MARKET_CAP":5765999507.72,"PE_TTM":-136.042629276669,"PB_TTM":1.190287554859,"REPORT_DATE_SQ":"2019-12-31 00:00:00","REPORT_TYPE_SQ":"2019年年报","OPERATE_INCOME_SQ":2878318000,"DPS_HKD":0.021,"OPERATE_INCOME_QOQ_SQ":-12.553125044489,"NET_PROFIT_RATIO_SQ":-95.5085229231,"HOLDER_PROFIT_SQ":-2753332000,"HOLDER_PROFIT_QOQ_SQ":-136.203290490725,"ROE_AVG_SQ":-24.89777026343,"PE_TTM_SQ":-2.327538413187,"PB_TTM_SQ":1.093341685921,"ROA_SQ":-19.656189519931,"START_DATE":"2020-01-01 00:00:00","FISCAL_YEAR":"12-31","CURRENCY":"HKD","IS_CNY_CODE":0,"DPS_HKD_LY":0.01512,"ORG_TYPE":"一般企业","PREMIUM_INCOME":null,"PREMIUM_INCOME_YOY":null,"NET_INTEREST_INCOME":null,"NET_INTEREST_INCOME_YOY":null,"FEE_COMMISSION_INCOME":null,"FEE_COMMISSION_INCOME_YOY":null,"ACCOUNTS_RECE_TDAYS":3.077180317592,"INVENTORY_TDAYS":1.214327365254,"CURRENT_ASSETS_TDAYS":0.387783119448,"TOTAL_ASSETS_TDAYS":0.192402199899,"PREMIUM_EXPENSE":null,"LOAN_DEPOSIT":null,"LOAN_EQUITY":null,"LOAN_ASSETS":null,"DEPOSIT_EQUITY":null,"DEPOSIT_ASSETS":null,"EQUITY_MULTIPLIER":1.311115343926,"EQUITY_RATIO":0.336788445958},{"SECUCODE":"00460.HK","SECURITY_CODE":"00460","SECURITY_NAME_ABBR":"四环医药","ORG_CODE":"10144632","STD_REPORT_DATE":"2020-06-30 00:00:00","REPORT_DATE":"2020-06-30 00:00:00","DATE_TYPE_CODE":"002","REPORT_TYPE":"2020年中报","PER_NETCASH_OPERATE":0.00286223427,"PER_OI":0.111406338925,"BPS":0.927317283472,"BASIC_EPS":0.0158,"DILUTED_EPS":0.0158,"OPERATE_INCOME":1054537000,"OPERATE_INCOME_YOY":-36.3832315822,"GROSS_PROFIT":786057000,"GROSS_PROFIT_YOY":-42.436558483072,"HOLDER_PROFIT":149990000,"HOLDER_PROFIT_YOY":107.4254423507,"GROSS_PROFIT_RATIO":74.5404855401,"EPS_TTM":-0.061632641716,"OPERATE_INCOME_QOQ":-20.890453307766,"NET_PROFIT_RATIO":13.6796527765,"ROE_AVG":1.645463095452,"GROSS_PROFIT_QOQ":-25.250999269258,"ROA":1.167743209539,"HOLDER_PROFIT_QOQ":78.811309351724,"ROE_YEARLY":3.290926190904,"ROIC_YEARLY":4.00737486288,"TOTAL_ASSETS":13117431000,"TOTAL_LIABILITIES":4176378000,"TAX_EBT":44.163577386469,"OCF_SALES":2.569184390875,"TOTAL_PARENT_EQUITY":8624050000,"DEBT_ASSET_RATIO":31.8383835981,"OPERATE_PROFIT":315135000,"PRETAX_PROFIT":302120000,"NETCASH_OPERATE":27093000,"NETCASH_INVEST":-669098000,"NETCASH_FINANCE":561372000,"END_CASH":5036510000,"DIVI_RATIO":-0.310976123469,"DIVIDEND_RATE":3.387096774194,"CURRENT_RATIO":1.830017642866,"COMMON_ACS":100000000000,"CURRENTDEBT_DEBT":90.861866430673,"ISSUED_COMMON_SHARES":9299999206,"HK_COMMON_SHARES":9299999206,"PER_SHARES":1000,"TOTAL_MARKET_CAP":5765999507.72,"HKSK_MARKET_CAP":5765999507.72,"PE_TTM":-136.042629276669,"PB_TTM":1.190287554859,"REPORT_DATE_SQ":"2019-06-30 00:00:00","REPORT_TYPE_SQ":"2019年中报","OPERATE_INCOME_SQ":1657640000,"DPS_HKD":0.021,"OPERATE_INCOME_QOQ_SQ":13.162519430796,"NET_PROFIT_RATIO_SQ":-118.1546763239,"HOLDER_PROFIT_SQ":-2019947000,"HOLDER_PROFIT_QOQ_SQ":-171.95639881577,"ROE_AVG_SQ":-17.662531689556,"PE_TTM_SQ":-2.327538413187,"PB_TTM_SQ":1.093341685921,"ROA_SQ":-13.832224072844,"START_DATE":"2020-01-01 00:00:00","FISCAL_YEAR":"12-31","CURRENCY":"HKD","IS_CNY_CODE":0,"DPS_HKD_LY":0.01512,"ORG_TYPE":"一般企业","PREMIUM_INCOME":null,"PREMIUM_INCOME_YOY":null,"NET_INTEREST_INCOME":null,"NET_INTEREST_INCOME_YOY":null,"FEE_COMMISSION_INCOME":null,"FEE_COMMISSION_INCOME_YOY":null,"ACCOUNTS_RECE_TDAYS":1.592683127591,"INVENTORY_TDAYS":0.632232358579,"CURRENT_ASSETS_TDAYS":0.15918045396,"TOTAL_ASSETS_TDAYS":0.082100701444,"PREMIUM_EXPENSE":null,"LOAN_DEPOSIT":null,"LOAN_EQUITY":null,"LOAN_ASSETS":null,"DEPOSIT_EQUITY":null,"DEPOSIT_ASSETS":null,"EQUITY_MULTIPLIER":1.467101358195,"EQUITY_RATIO":0.484271079133}],"count":33},"success":true,"message":"ok","code":0}