{"version":"050930fd7b985f35ee16df5e1265e2a8","result":{"pages":4,"data":[{"SECUCODE":"00465.HK","SECURITY_CODE":"00465","SECURITY_NAME_ABBR":"富通科技","ORG_CODE":"10133847","STD_REPORT_DATE":"2024-06-30 00:00:00","REPORT_DATE":"2024-06-30 00:00:00","DATE_TYPE_CODE":"002","REPORT_TYPE":"2024年中报","PER_NETCASH_OPERATE":-0.097873092369,"PER_OI":0.215235341365,"BPS":0.913998393574,"BASIC_EPS":-0.1,"DILUTED_EPS":-0.1,"OPERATE_INCOME":66992000,"OPERATE_INCOME_YOY":70.1859567117,"GROSS_PROFIT":12613000,"GROSS_PROFIT_YOY":82.4533487632,"HOLDER_PROFIT":-30529000,"HOLDER_PROFIT_YOY":18.5393708141,"GROSS_PROFIT_RATIO":18.827621208503,"EPS_TTM":-0.245304417671,"OPERATE_INCOME_QOQ":18.980228356302,"NET_PROFIT_RATIO":-45.5845474086,"ROE_AVG":-10.18685975508,"GROSS_PROFIT_QOQ":23.166023166023,"ROA":-8.276963369238,"HOLDER_PROFIT_QOQ":8.341036507041,"ROE_YEARLY":-20.373719510161,"ROIC_YEARLY":-45.946962855939,"TOTAL_ASSETS":354580000,"TOTAL_LIABILITIES":65497000,"TAX_EBT":-5.234501533478,"OCF_SALES":-45.472593742536,"TOTAL_PARENT_EQUITY":284482000,"DEBT_ASSET_RATIO":18.4717130126,"OPERATE_PROFIT":-28950000,"PRETAX_PROFIT":-29019000,"NETCASH_OPERATE":-30463000,"NETCASH_INVEST":3949000,"NETCASH_FINANCE":-795000,"END_CASH":217632000,"DIVI_RATIO":null,"DIVIDEND_RATE":null,"CURRENT_RATIO":4.540271423032,"COMMON_ACS":2000000000,"CURRENTDEBT_DEBT":98.439623188848,"ISSUED_COMMON_SHARES":311250000,"HK_COMMON_SHARES":311250000,"PER_SHARES":2000,"TOTAL_MARKET_CAP":82481250,"HKSK_MARKET_CAP":82481250,"PE_TTM":-0.97356743521,"PB_TTM":0.264617751738,"REPORT_DATE_SQ":"2023-06-30 00:00:00","REPORT_TYPE_SQ":"2023年中报","OPERATE_INCOME_SQ":39364000,"DPS_HKD":null,"OPERATE_INCOME_QOQ_SQ":-52.130670638749,"NET_PROFIT_RATIO_SQ":-95.231683772,"HOLDER_PROFIT_SQ":-37477000,"HOLDER_PROFIT_QOQ_SQ":-5.189734358662,"ROE_AVG_SQ":-9.883292391392,"PE_TTM_SQ":-0.90489570079,"PB_TTM_SQ":0.198941172352,"ROA_SQ":-7.97169269515,"START_DATE":"2024-01-01 00:00:00","FISCAL_YEAR":"12-31","CURRENCY":"HKD","IS_CNY_CODE":0,"DPS_HKD_LY":null,"ORG_TYPE":"一般企业","PREMIUM_INCOME":null,"PREMIUM_INCOME_YOY":null,"NET_INTEREST_INCOME":null,"NET_INTEREST_INCOME_YOY":null,"FEE_COMMISSION_INCOME":null,"FEE_COMMISSION_INCOME_YOY":null,"ACCOUNTS_RECE_TDAYS":0.98308019664,"INVENTORY_TDAYS":null,"CURRENT_ASSETS_TDAYS":0.223683573488,"TOTAL_ASSETS_TDAYS":0.18162741329,"PREMIUM_EXPENSE":null,"LOAN_DEPOSIT":null,"LOAN_EQUITY":null,"LOAN_ASSETS":null,"DEPOSIT_EQUITY":null,"DEPOSIT_ASSETS":null,"EQUITY_MULTIPLIER":1.226568148248,"EQUITY_RATIO":0.230232492741},{"SECUCODE":"00465.HK","SECURITY_CODE":"00465","SECURITY_NAME_ABBR":"富通科技","ORG_CODE":"10133847","STD_REPORT_DATE":"2023-12-31 00:00:00","REPORT_DATE":"2023-12-31 00:00:00","DATE_TYPE_CODE":"001","REPORT_TYPE":"2023年年报","PER_NETCASH_OPERATE":0.071595180723,"PER_OI":0.467669076305,"BPS":1.011720481928,"BASIC_EPS":-0.27,"DILUTED_EPS":-0.27,"OPERATE_INCOME":145562000,"OPERATE_INCOME_YOY":-57.5696450485,"GROSS_PROFIT":24605000,"GROSS_PROFIT_YOY":-21.198437099667,"HOLDER_PROFIT":-83299000,"HOLDER_PROFIT_YOY":-10.2524055961,"GROSS_PROFIT_RATIO":16.903450076256,"EPS_TTM":-0.267627309237,"OPERATE_INCOME_QOQ":-11.36212786428,"NET_PROFIT_RATIO":-57.2058641678,"ROE_AVG":-23.376532261686,"GROSS_PROFIT_QOQ":-8.439697837979,"ROA":-18.897789635357,"HOLDER_PROFIT_QOQ":-4.8128947832,"ROE_YEARLY":-23.376532261686,"ROIC_YEARLY":-42.101778353968,"TOTAL_ASSETS":383106000,"TOTAL_LIABILITIES":63598000,"TAX_EBT":0.898542100565,"OCF_SALES":15.308940520191,"TOTAL_PARENT_EQUITY":314898000,"DEBT_ASSET_RATIO":16.6006275026,"OPERATE_PROFIT":-83883000,"PRETAX_PROFIT":-84025000,"NETCASH_OPERATE":22284000,"NETCASH_INVEST":-7134000,"NETCASH_FINANCE":-1699000,"END_CASH":245067000,"DIVI_RATIO":null,"DIVIDEND_RATE":null,"CURRENT_RATIO":4.957507770008,"COMMON_ACS":2000000000,"CURRENTDEBT_DEBT":97.135130035536,"ISSUED_COMMON_SHARES":311250000,"HK_COMMON_SHARES":311250000,"PER_SHARES":2000,"TOTAL_MARKET_CAP":87150000,"HKSK_MARKET_CAP":87150000,"PE_TTM":-1.028675025882,"PB_TTM":0.279596115044,"REPORT_DATE_SQ":"2022-12-31 00:00:00","REPORT_TYPE_SQ":"2022年年报","OPERATE_INCOME_SQ":343061000,"DPS_HKD":null,"OPERATE_INCOME_QOQ_SQ":10.928921108963,"NET_PROFIT_RATIO_SQ":-22.0313588545,"HOLDER_PROFIT_SQ":-75553000,"HOLDER_PROFIT_QOQ_SQ":10.372848381318,"ROE_AVG_SQ":-17.363316709949,"PE_TTM_SQ":-0.90489570079,"PB_TTM_SQ":0.198941172352,"ROA_SQ":-13.537720001613,"START_DATE":"2023-01-01 00:00:00","FISCAL_YEAR":"12-31","CURRENCY":"HKD","IS_CNY_CODE":0,"DPS_HKD_LY":null,"ORG_TYPE":"一般企业","PREMIUM_INCOME":null,"PREMIUM_INCOME_YOY":null,"NET_INTEREST_INCOME":null,"NET_INTEREST_INCOME_YOY":null,"FEE_COMMISSION_INCOME":null,"FEE_COMMISSION_INCOME_YOY":null,"ACCOUNTS_RECE_TDAYS":2.582512042154,"INVENTORY_TDAYS":null,"CURRENT_ASSETS_TDAYS":0.410789423926,"TOTAL_ASSETS_TDAYS":0.330232062198,"PREMIUM_EXPENSE":null,"LOAN_DEPOSIT":null,"LOAN_EQUITY":null,"LOAN_ASSETS":null,"DEPOSIT_EQUITY":null,"DEPOSIT_ASSETS":null,"EQUITY_MULTIPLIER":1.199049789051,"EQUITY_RATIO":0.201963810504},{"SECUCODE":"00465.HK","SECURITY_CODE":"00465","SECURITY_NAME_ABBR":"富通科技","ORG_CODE":"10133847","STD_REPORT_DATE":"2023-06-30 00:00:00","REPORT_DATE":"2023-06-30 00:00:00","DATE_TYPE_CODE":"002","REPORT_TYPE":"2023年中报","PER_NETCASH_OPERATE":0.144016064257,"PER_OI":0.126470682731,"BPS":1.158608835341,"BASIC_EPS":-0.12,"DILUTED_EPS":-0.12,"OPERATE_INCOME":39364000,"OPERATE_INCOME_YOY":-81.9600007333,"GROSS_PROFIT":6913000,"GROSS_PROFIT_YOY":-38.627485795455,"HOLDER_PROFIT":-37477000,"HOLDER_PROFIT_YOY":-11.6849445703,"GROSS_PROFIT_RATIO":17.561731531348,"EPS_TTM":-0.25533815261,"OPERATE_INCOME_QOQ":-52.130670638749,"NET_PROFIT_RATIO":-95.231683772,"ROE_AVG":-9.883292391392,"GROSS_PROFIT_QOQ":-13.934793748399,"ROA":-7.97169269515,"HOLDER_PROFIT_QOQ":-5.189734358662,"ROE_YEARLY":-19.766584782784,"ROIC_YEARLY":-35.004705184576,"TOTAL_ASSETS":441784000,"TOTAL_LIABILITIES":76596000,"TAX_EBT":1.536562303005,"OCF_SALES":113.873082003861,"TOTAL_PARENT_EQUITY":360617000,"DEBT_ASSET_RATIO":17.3378845771,"OPERATE_PROFIT":-38005000,"PRETAX_PROFIT":-38072000,"NETCASH_OPERATE":44825000,"NETCASH_INVEST":-3803000,"NETCASH_FINANCE":-830000,"END_CASH":271236000,"DIVI_RATIO":null,"DIVIDEND_RATE":null,"CURRENT_RATIO":4.632071086082,"COMMON_ACS":2000000000,"CURRENTDEBT_DEBT":98.29364457674,"ISSUED_COMMON_SHARES":311250000,"HK_COMMON_SHARES":311250000,"PER_SHARES":2000,"TOTAL_MARKET_CAP":87150000,"HKSK_MARKET_CAP":87150000,"PE_TTM":-1.028675025882,"PB_TTM":0.279596115044,"REPORT_DATE_SQ":"2022-06-30 00:00:00","REPORT_TYPE_SQ":"2022年中报","OPERATE_INCOME_SQ":218204000,"DPS_HKD":null,"OPERATE_INCOME_QOQ_SQ":31.471058359407,"NET_PROFIT_RATIO_SQ":-15.38331103,"HOLDER_PROFIT_SQ":-33556000,"HOLDER_PROFIT_QOQ_SQ":-15.959832175528,"ROE_AVG_SQ":-7.360071240647,"PE_TTM_SQ":-0.90489570079,"PB_TTM_SQ":0.198941172352,"ROA_SQ":-5.747027023324,"START_DATE":"2023-01-01 00:00:00","FISCAL_YEAR":"12-31","CURRENCY":"HKD","IS_CNY_CODE":0,"DPS_HKD_LY":null,"ORG_TYPE":"一般企业","PREMIUM_INCOME":null,"PREMIUM_INCOME_YOY":null,"NET_INTEREST_INCOME":null,"NET_INTEREST_INCOME_YOY":null,"FEE_COMMISSION_INCOME":null,"FEE_COMMISSION_INCOME_YOY":null,"ACCOUNTS_RECE_TDAYS":0.632897349529,"INVENTORY_TDAYS":9.372129963899,"CURRENT_ASSETS_TDAYS":0.104805353689,"TOTAL_ASSETS_TDAYS":0.083730744524,"PREMIUM_EXPENSE":null,"LOAN_DEPOSIT":null,"LOAN_EQUITY":null,"LOAN_ASSETS":null,"DEPOSIT_EQUITY":null,"DEPOSIT_ASSETS":null,"EQUITY_MULTIPLIER":1.209744022257,"EQUITY_RATIO":0.212402632155},{"SECUCODE":"00465.HK","SECURITY_CODE":"00465","SECURITY_NAME_ABBR":"富通科技","ORG_CODE":"10133847","STD_REPORT_DATE":"2022-12-31 00:00:00","REPORT_DATE":"2022-12-31 00:00:00","DATE_TYPE_CODE":"001","REPORT_TYPE":"2022年年报","PER_NETCASH_OPERATE":-0.306348594378,"PER_OI":1.102204016064,"BPS":1.27798875502,"BASIC_EPS":-0.24,"DILUTED_EPS":-0.24,"OPERATE_INCOME":343061000,"OPERATE_INCOME_YOY":45.8394266086,"GROSS_PROFIT":31224000,"GROSS_PROFIT_YOY":5.081779632496,"HOLDER_PROFIT":-75553000,"HOLDER_PROFIT_YOY":-3.9314946007,"GROSS_PROFIT_RATIO":9.101588347262,"EPS_TTM":-0.242740562249,"OPERATE_INCOME_QOQ":10.928921108963,"NET_PROFIT_RATIO":-22.0313588545,"ROE_AVG":-17.363316709949,"GROSS_PROFIT_QOQ":33.864951768489,"ROA":-13.537720001613,"HOLDER_PROFIT_QOQ":10.372848381318,"ROE_YEARLY":-17.363316709949,"ROIC_YEARLY":-27.835630771611,"TOTAL_ASSETS":498468000,"TOTAL_LIABILITIES":96113000,"TAX_EBT":-0.572181341566,"OCF_SALES":-27.794182375729,"TOTAL_PARENT_EQUITY":397774000,"DEBT_ASSET_RATIO":19.2816790647,"OPERATE_PROFIT":-75058000,"PRETAX_PROFIT":-75151000,"NETCASH_OPERATE":-95351000,"NETCASH_INVEST":-20030000,"NETCASH_FINANCE":-1738000,"END_CASH":231613000,"DIVI_RATIO":null,"DIVIDEND_RATE":null,"CURRENT_RATIO":4.26837003097,"COMMON_ACS":2000000000,"CURRENTDEBT_DEBT":98.097031619032,"ISSUED_COMMON_SHARES":311250000,"HK_COMMON_SHARES":311250000,"PER_SHARES":2000,"TOTAL_MARKET_CAP":87150000,"HKSK_MARKET_CAP":87150000,"PE_TTM":-1.028675025882,"PB_TTM":0.279596115044,"REPORT_DATE_SQ":"2021-12-31 00:00:00","REPORT_TYPE_SQ":"2021年年报","OPERATE_INCOME_SQ":235232000,"DPS_HKD":null,"OPERATE_INCOME_QOQ_SQ":-35.75336142831,"NET_PROFIT_RATIO_SQ":-30.8516698408,"HOLDER_PROFIT_SQ":-72695000,"HOLDER_PROFIT_QOQ_SQ":-228.14968627274,"ROE_AVG_SQ":-14.299174249488,"PE_TTM_SQ":-0.90489570079,"PB_TTM_SQ":0.198941172352,"ROA_SQ":-10.563930343017,"START_DATE":"2022-01-01 00:00:00","FISCAL_YEAR":"12-31","CURRENCY":"HKD","IS_CNY_CODE":0,"DPS_HKD_LY":null,"ORG_TYPE":"一般企业","PREMIUM_INCOME":null,"PREMIUM_INCOME_YOY":null,"NET_INTEREST_INCOME":null,"NET_INTEREST_INCOME_YOY":null,"FEE_COMMISSION_INCOME":null,"FEE_COMMISSION_INCOME_YOY":null,"ACCOUNTS_RECE_TDAYS":4.575305744122,"INVENTORY_TDAYS":11.141213669412,"CURRENT_ASSETS_TDAYS":0.734773561851,"TOTAL_ASSETS_TDAYS":0.614702759847,"PREMIUM_EXPENSE":null,"LOAN_DEPOSIT":null,"LOAN_EQUITY":null,"LOAN_ASSETS":null,"DEPOSIT_EQUITY":null,"DEPOSIT_ASSETS":null,"EQUITY_MULTIPLIER":1.238876116863,"EQUITY_RATIO":0.241627155118},{"SECUCODE":"00465.HK","SECURITY_CODE":"00465","SECURITY_NAME_ABBR":"富通科技","ORG_CODE":"10133847","STD_REPORT_DATE":"2022-06-30 00:00:00","REPORT_DATE":"2022-06-30 00:00:00","DATE_TYPE_CODE":"002","REPORT_TYPE":"2022年中报","PER_NETCASH_OPERATE":-0.402438554217,"PER_OI":0.701057028112,"BPS":1.411575903614,"BASIC_EPS":-0.11,"DILUTED_EPS":-0.11,"OPERATE_INCOME":218204000,"OPERATE_INCOME_YOY":51.3476771124,"GROSS_PROFIT":11264000,"GROSS_PROFIT_YOY":-36.19214864329,"HOLDER_PROFIT":-33556000,"HOLDER_PROFIT_YOY":-52.8468616198,"GROSS_PROFIT_RATIO":5.162141848912,"EPS_TTM":-0.27083373494,"OPERATE_INCOME_QOQ":31.471058359407,"NET_PROFIT_RATIO":-15.38331103,"ROE_AVG":-7.360071240647,"GROSS_PROFIT_QOQ":-21.501649054318,"ROA":-5.747027023324,"HOLDER_PROFIT_QOQ":-15.959832175528,"ROE_YEARLY":-14.720142481293,"ROIC_YEARLY":-20.48695907004,"TOTAL_ASSETS":550052000,"TOTAL_LIABILITIES":106101000,"TAX_EBT":-0.466912094819,"OCF_SALES":-57.404538871881,"TOTAL_PARENT_EQUITY":439353000,"DEBT_ASSET_RATIO":19.2892671966,"OPERATE_PROFIT":-33384000,"PRETAX_PROFIT":-33411000,"NETCASH_OPERATE":-125259000,"NETCASH_INVEST":-53329000,"NETCASH_FINANCE":-971000,"END_CASH":170863000,"DIVI_RATIO":null,"DIVIDEND_RATE":null,"CURRENT_RATIO":4.274487396228,"COMMON_ACS":2000000000,"CURRENTDEBT_DEBT":99.792650399148,"ISSUED_COMMON_SHARES":311250000,"HK_COMMON_SHARES":311250000,"PER_SHARES":2000,"TOTAL_MARKET_CAP":87150000,"HKSK_MARKET_CAP":87150000,"PE_TTM":-1.028675025882,"PB_TTM":0.279596115044,"REPORT_DATE_SQ":"2021-06-30 00:00:00","REPORT_TYPE_SQ":"2021年中报","OPERATE_INCOME_SQ":144174000,"DPS_HKD":null,"OPERATE_INCOME_QOQ_SQ":-40.588084482177,"NET_PROFIT_RATIO_SQ":-15.2329823685,"HOLDER_PROFIT_SQ":-21954000,"HOLDER_PROFIT_QOQ_SQ":-846.646444219751,"ROE_AVG_SQ":-4.11457230301,"PE_TTM_SQ":-0.90489570079,"PB_TTM_SQ":0.198941172352,"ROA_SQ":-3.135566773618,"START_DATE":"2022-01-01 00:00:00","FISCAL_YEAR":"12-31","CURRENCY":"HKD","IS_CNY_CODE":0,"DPS_HKD_LY":null,"ORG_TYPE":"一般企业","PREMIUM_INCOME":null,"PREMIUM_INCOME_YOY":null,"NET_INTEREST_INCOME":null,"NET_INTEREST_INCOME_YOY":null,"FEE_COMMISSION_INCOME":null,"FEE_COMMISSION_INCOME_YOY":null,"ACCOUNTS_RECE_TDAYS":2.135695409611,"INVENTORY_TDAYS":4.042625929146,"CURRENT_ASSETS_TDAYS":0.443533363484,"TOTAL_ASSETS_TDAYS":0.37371089659,"PREMIUM_EXPENSE":null,"LOAN_DEPOSIT":null,"LOAN_EQUITY":null,"LOAN_ASSETS":null,"DEPOSIT_EQUITY":null,"DEPOSIT_ASSETS":null,"EQUITY_MULTIPLIER":1.238992591525,"EQUITY_RATIO":0.241493741934},{"SECUCODE":"00465.HK","SECURITY_CODE":"00465","SECURITY_NAME_ABBR":"富通科技","ORG_CODE":"10133847","STD_REPORT_DATE":"2021-12-31 00:00:00","REPORT_DATE":"2021-12-31 00:00:00","DATE_TYPE_CODE":"001","REPORT_TYPE":"2021年年报","PER_NETCASH_OPERATE":-0.279020080321,"PER_OI":0.755765461847,"BPS":1.518027309237,"BASIC_EPS":-0.23,"DILUTED_EPS":-0.23,"OPERATE_INCOME":235232000,"OPERATE_INCOME_YOY":-61.8298413687,"GROSS_PROFIT":29714000,"GROSS_PROFIT_YOY":-65.363454096144,"HOLDER_PROFIT":-72695000,"HOLDER_PROFIT_YOY":-2550.1179642737,"GROSS_PROFIT_RATIO":12.631784791185,"EPS_TTM":-0.233558232932,"OPERATE_INCOME_QOQ":-35.75336142831,"NET_PROFIT_RATIO":-30.8516698408,"ROE_AVG":-14.299174249488,"GROSS_PROFIT_QOQ":-49.687600535058,"ROA":-10.563930343017,"HOLDER_PROFIT_QOQ":-228.14968627274,"ROE_YEARLY":-14.299174249488,"ROIC_YEARLY":-24.4855821536,"TOTAL_ASSETS":617717000,"TOTAL_LIABILITIES":140622000,"TAX_EBT":-20.625290871618,"OCF_SALES":-36.918871582098,"TOTAL_PARENT_EQUITY":472486000,"DEBT_ASSET_RATIO":22.7647935867,"OPERATE_PROFIT":-60068000,"PRETAX_PROFIT":-60164000,"NETCASH_OPERATE":-86845000,"NETCASH_INVEST":-21442000,"NETCASH_FINANCE":-2124000,"END_CASH":350239000,"DIVI_RATIO":null,"DIVIDEND_RATE":null,"CURRENT_RATIO":3.788739625225,"COMMON_ACS":2000000000,"CURRENTDEBT_DEBT":99.731194265478,"ISSUED_COMMON_SHARES":311250000,"HK_COMMON_SHARES":311250000,"PER_SHARES":2000,"TOTAL_MARKET_CAP":87150000,"HKSK_MARKET_CAP":87150000,"PE_TTM":-1.028675025882,"PB_TTM":0.279596115044,"REPORT_DATE_SQ":"2020-12-31 00:00:00","REPORT_TYPE_SQ":"2020年年报","OPERATE_INCOME_SQ":616272000,"DPS_HKD":null,"OPERATE_INCOME_QOQ_SQ":-11.250640844705,"NET_PROFIT_RATIO_SQ":0.4741412883,"HOLDER_PROFIT_SQ":2967000,"HOLDER_PROFIT_QOQ_SQ":200.202634245187,"ROE_AVG_SQ":0.546808120478,"PE_TTM_SQ":-0.90489570079,"PB_TTM_SQ":0.198941172352,"ROA_SQ":0.399308779948,"START_DATE":"2021-01-01 00:00:00","FISCAL_YEAR":"12-31","CURRENCY":"HKD","IS_CNY_CODE":0,"DPS_HKD_LY":null,"ORG_TYPE":"一般企业","PREMIUM_INCOME":null,"PREMIUM_INCOME_YOY":null,"NET_INTEREST_INCOME":null,"NET_INTEREST_INCOME_YOY":null,"FEE_COMMISSION_INCOME":null,"FEE_COMMISSION_INCOME_YOY":null,"ACCOUNTS_RECE_TDAYS":1.927380732911,"INVENTORY_TDAYS":5.796914224466,"CURRENT_ASSETS_TDAYS":0.388277015791,"TOTAL_ASSETS_TDAYS":0.341835678169,"PREMIUM_EXPENSE":null,"LOAN_DEPOSIT":null,"LOAN_EQUITY":null,"LOAN_ASSETS":null,"DEPOSIT_EQUITY":null,"DEPOSIT_ASSETS":null,"EQUITY_MULTIPLIER":1.294746329347,"EQUITY_RATIO":0.297621516828},{"SECUCODE":"00465.HK","SECURITY_CODE":"00465","SECURITY_NAME_ABBR":"富通科技","ORG_CODE":"10133847","STD_REPORT_DATE":"2021-06-30 00:00:00","REPORT_DATE":"2021-06-30 00:00:00","DATE_TYPE_CODE":"002","REPORT_TYPE":"2021年中报","PER_NETCASH_OPERATE":-0.097240160643,"PER_OI":0.463209638554,"BPS":1.679832931727,"BASIC_EPS":-0.07,"DILUTED_EPS":-0.07,"OPERATE_INCOME":144174000,"OPERATE_INCOME_YOY":-63.4361043552,"GROSS_PROFIT":17653000,"GROSS_PROFIT_YOY":-60.224865936641,"HOLDER_PROFIT":-21954000,"HOLDER_PROFIT_YOY":-793.4301958307,"GROSS_PROFIT_RATIO":12.24423266331,"EPS_TTM":-0.071174297189,"OPERATE_INCOME_QOQ":-40.588084482177,"NET_PROFIT_RATIO":-15.2329823685,"ROE_AVG":-4.11457230301,"GROSS_PROFIT_QOQ":-31.157038280412,"ROA":-3.135566773618,"HOLDER_PROFIT_QOQ":-846.646444219751,"ROE_YEARLY":-8.229144606019,"ROIC_YEARLY":-15.880789192904,"TOTAL_ASSETS":641751000,"TOTAL_LIABILITIES":114424000,"TAX_EBT":2.728319603154,"OCF_SALES":-20.99268938921,"TOTAL_PARENT_EQUITY":522848000,"DEBT_ASSET_RATIO":17.829968321,"OPERATE_PROFIT":-22522000,"PRETAX_PROFIT":-22578000,"NETCASH_OPERATE":-30266000,"NETCASH_INVEST":-9664000,"NETCASH_FINANCE":-1068000,"END_CASH":419298000,"DIVI_RATIO":null,"DIVIDEND_RATE":null,"CURRENT_RATIO":4.911699740241,"COMMON_ACS":2000000000,"CURRENTDEBT_DEBT":98.914563378312,"ISSUED_COMMON_SHARES":311250000,"HK_COMMON_SHARES":311250000,"PER_SHARES":2000,"TOTAL_MARKET_CAP":87150000,"HKSK_MARKET_CAP":87150000,"PE_TTM":-1.028675025882,"PB_TTM":0.279596115044,"REPORT_DATE_SQ":"2020-06-30 00:00:00","REPORT_TYPE_SQ":"2020年中报","OPERATE_INCOME_SQ":394307000,"DPS_HKD":null,"OPERATE_INCOME_QOQ_SQ":-18.188255281447,"NET_PROFIT_RATIO_SQ":0.8014060111,"HOLDER_PROFIT_SQ":3166000,"HOLDER_PROFIT_QOQ_SQ":-203.350785340314,"ROE_AVG_SQ":0.583451430341,"PE_TTM_SQ":-0.90489570079,"PB_TTM_SQ":0.198941172352,"ROA_SQ":0.428488097478,"START_DATE":"2021-01-01 00:00:00","FISCAL_YEAR":"12-31","CURRENCY":"HKD","IS_CNY_CODE":0,"DPS_HKD_LY":null,"ORG_TYPE":"一般企业","PREMIUM_INCOME":null,"PREMIUM_INCOME_YOY":null,"NET_INTEREST_INCOME":null,"NET_INTEREST_INCOME_YOY":null,"FEE_COMMISSION_INCOME":null,"FEE_COMMISSION_INCOME_YOY":null,"ACCOUNTS_RECE_TDAYS":1.185324645962,"INVENTORY_TDAYS":8.510190354476,"CURRENT_ASSETS_TDAYS":0.23324616033,"TOTAL_ASSETS_TDAYS":0.205915643627,"PREMIUM_EXPENSE":null,"LOAN_DEPOSIT":null,"LOAN_EQUITY":null,"LOAN_ASSETS":null,"DEPOSIT_EQUITY":null,"DEPOSIT_ASSETS":null,"EQUITY_MULTIPLIER":1.216988699611,"EQUITY_RATIO":0.218847542689},{"SECUCODE":"00465.HK","SECURITY_CODE":"00465","SECURITY_NAME_ABBR":"富通科技","ORG_CODE":"10133847","STD_REPORT_DATE":"2020-12-31 00:00:00","REPORT_DATE":"2020-12-31 00:00:00","DATE_TYPE_CODE":"001","REPORT_TYPE":"2020年年报","PER_NETCASH_OPERATE":0.265365461847,"PER_OI":1.979990361446,"BPS":1.748710040161,"BASIC_EPS":0.01,"DILUTED_EPS":0.01,"OPERATE_INCOME":616272000,"OPERATE_INCOME_YOY":-27.3926008485,"GROSS_PROFIT":85788000,"GROSS_PROFIT_YOY":-27.065904917364,"HOLDER_PROFIT":2967000,"HOLDER_PROFIT_YOY":3.5602094241,"GROSS_PROFIT_RATIO":13.920476672638,"EPS_TTM":0.00953253012,"OPERATE_INCOME_QOQ":-11.250640844705,"NET_PROFIT_RATIO":0.4741412883,"ROE_AVG":0.546808120478,"GROSS_PROFIT_QOQ":-8.485966952199,"ROA":0.399308779948,"HOLDER_PROFIT_QOQ":200.202634245187,"ROE_YEARLY":0.546808120478,"ROIC_YEARLY":0.8974618798,"TOTAL_ASSETS":758570000,"TOTAL_LIABILITIES":209797000,"TAX_EBT":71.754470758821,"OCF_SALES":13.402361295013,"TOTAL_PARENT_EQUITY":544286000,"DEBT_ASSET_RATIO":27.6569070752,"OPERATE_PROFIT":10642000,"PRETAX_PROFIT":10345000,"NETCASH_OPERATE":82595000,"NETCASH_INVEST":-3644000,"NETCASH_FINANCE":-13375000,"END_CASH":440882000,"DIVI_RATIO":null,"DIVIDEND_RATE":null,"CURRENT_RATIO":3.278633458955,"COMMON_ACS":2000000000,"CURRENTDEBT_DEBT":98.906085406369,"ISSUED_COMMON_SHARES":311250000,"HK_COMMON_SHARES":311250000,"PER_SHARES":2000,"TOTAL_MARKET_CAP":87150000,"HKSK_MARKET_CAP":87150000,"PE_TTM":-1.028675025882,"PB_TTM":0.279596115044,"REPORT_DATE_SQ":"2019-12-31 00:00:00","REPORT_TYPE_SQ":"2019年年报","OPERATE_INCOME_SQ":848773000,"DPS_HKD":null,"OPERATE_INCOME_QOQ_SQ":-30.956287464605,"NET_PROFIT_RATIO_SQ":0.3247040139,"HOLDER_PROFIT_SQ":2865000,"HOLDER_PROFIT_QOQ_SQ":-85.046972860125,"ROE_AVG_SQ":0.528563166066,"PE_TTM_SQ":-0.90489570079,"PB_TTM_SQ":0.198941172352,"ROA_SQ":0.353540245899,"START_DATE":"2020-01-01 00:00:00","FISCAL_YEAR":"12-31","CURRENCY":"HKD","IS_CNY_CODE":0,"DPS_HKD_LY":null,"ORG_TYPE":"一般企业","PREMIUM_INCOME":null,"PREMIUM_INCOME_YOY":null,"NET_INTEREST_INCOME":null,"NET_INTEREST_INCOME_YOY":null,"FEE_COMMISSION_INCOME":null,"FEE_COMMISSION_INCOME_YOY":null,"ACCOUNTS_RECE_TDAYS":3.592323049795,"INVENTORY_TDAYS":25.117613636364,"CURRENT_ASSETS_TDAYS":0.916862678587,"TOTAL_ASSETS_TDAYS":0.829399462205,"PREMIUM_EXPENSE":null,"LOAN_DEPOSIT":null,"LOAN_EQUITY":null,"LOAN_ASSETS":null,"DEPOSIT_EQUITY":null,"DEPOSIT_ASSETS":null,"EQUITY_MULTIPLIER":1.382301971854,"EQUITY_RATIO":0.385453603436},{"SECUCODE":"00465.HK","SECURITY_CODE":"00465","SECURITY_NAME_ABBR":"富通科技","ORG_CODE":"10133847","STD_REPORT_DATE":"2020-06-30 00:00:00","REPORT_DATE":"2020-06-30 00:00:00","DATE_TYPE_CODE":"002","REPORT_TYPE":"2020年中报","PER_NETCASH_OPERATE":0.050473895582,"PER_OI":1.266849799197,"BPS":1.748899598394,"BASIC_EPS":0.01,"DILUTED_EPS":0.01,"OPERATE_INCOME":394307000,"OPERATE_INCOME_YOY":-28.1358669106,"GROSS_PROFIT":44382000,"GROSS_PROFIT_YOY":-34.983812607123,"HOLDER_PROFIT":3166000,"HOLDER_PROFIT_YOY":-64.7909252669,"GROSS_PROFIT_RATIO":11.25569670333,"EPS_TTM":-0.009513253012,"OPERATE_INCOME_QOQ":-18.188255281447,"NET_PROFIT_RATIO":0.8014060111,"ROE_AVG":0.583451430341,"GROSS_PROFIT_QOQ":-20.302829354553,"ROA":0.428488097478,"HOLDER_PROFIT_QOQ":-203.350785340314,"ROE_YEARLY":1.166902860681,"ROIC_YEARLY":1.786976687743,"TOTAL_ASSETS":750256000,"TOTAL_LIABILITIES":201385000,"TAX_EBT":60.992470065424,"OCF_SALES":3.984205200516,"TOTAL_PARENT_EQUITY":544345000,"DEBT_ASSET_RATIO":26.8421712056,"OPERATE_PROFIT":8167000,"PRETAX_PROFIT":8101000,"NETCASH_OPERATE":15710000,"NETCASH_INVEST":5964000,"NETCASH_FINANCE":-11820000,"END_CASH":385044000,"DIVI_RATIO":null,"DIVIDEND_RATE":null,"CURRENT_RATIO":3.406154494678,"COMMON_ACS":2000000000,"CURRENTDEBT_DEBT":98.949276261886,"ISSUED_COMMON_SHARES":311250000,"HK_COMMON_SHARES":311250000,"PER_SHARES":2000,"TOTAL_MARKET_CAP":87150000,"HKSK_MARKET_CAP":87150000,"PE_TTM":-1.028675025882,"PB_TTM":0.279596115044,"REPORT_DATE_SQ":"2019-06-30 00:00:00","REPORT_TYPE_SQ":"2019年中报","OPERATE_INCOME_SQ":548684000,"DPS_HKD":null,"OPERATE_INCOME_QOQ_SQ":-30.82448893233,"NET_PROFIT_RATIO_SQ":1.6284418718,"HOLDER_PROFIT_SQ":8992000,"HOLDER_PROFIT_QOQ_SQ":-1.374375868636,"ROE_AVG_SQ":1.650080834142,"PE_TTM_SQ":-0.90489570079,"PB_TTM_SQ":0.198941172352,"ROA_SQ":1.07063104961,"START_DATE":"2020-01-01 00:00:00","FISCAL_YEAR":"12-31","CURRENCY":"HKD","IS_CNY_CODE":0,"DPS_HKD_LY":null,"ORG_TYPE":"一般企业","PREMIUM_INCOME":null,"PREMIUM_INCOME_YOY":null,"NET_INTEREST_INCOME":null,"NET_INTEREST_INCOME_YOY":null,"FEE_COMMISSION_INCOME":null,"FEE_COMMISSION_INCOME_YOY":null,"ACCOUNTS_RECE_TDAYS":2.220841065962,"INVENTORY_TDAYS":19.578414368041,"CURRENT_ASSETS_TDAYS":0.587323977228,"TOTAL_ASSETS_TDAYS":0.533657158093,"PREMIUM_EXPENSE":null,"LOAN_DEPOSIT":null,"LOAN_EQUITY":null,"LOAN_ASSETS":null,"DEPOSIT_EQUITY":null,"DEPOSIT_ASSETS":null,"EQUITY_MULTIPLIER":1.366907706912,"EQUITY_RATIO":0.369958390359}],"count":35},"success":true,"message":"ok","code":0}