{"version":"a7fed84ae7c302d879ec90d85fad79cf","result":{"pages":6,"data":[{"SECUCODE":"00472.HK","SECURITY_CODE":"00472","SECURITY_NAME_ABBR":"新丝路文旅","ORG_CODE":"10008917","STD_REPORT_DATE":"2024-06-30 00:00:00","REPORT_DATE":"2024-06-30 00:00:00","DATE_TYPE_CODE":"002","REPORT_TYPE":"2024年中报","PER_NETCASH_OPERATE":-0.006062355205,"PER_OI":0.080430489445,"BPS":0.394941129742,"BASIC_EPS":-0.014785416,"DILUTED_EPS":-0.014785416,"OPERATE_INCOME":257988168.28,"OPERATE_INCOME_YOY":108.9942552106,"GROSS_PROFIT":62736710.52,"GROSS_PROFIT_YOY":79.289201436131,"HOLDER_PROFIT":-47410987.96,"HOLDER_PROFIT_YOY":-325.9696596966,"GROSS_PROFIT_RATIO":24.317669658366,"EPS_TTM":-0.034514545245,"OPERATE_INCOME_QOQ":31.348424040273,"NET_PROFIT_RATIO":-22.0142851584,"ROE_AVG":-3.669177202181,"GROSS_PROFIT_QOQ":28.124167893289,"ROA":-2.355565350195,"HOLDER_PROFIT_QOQ":-48.520117353043,"ROE_YEARLY":-7.338354404362,"ROIC_YEARLY":-5.880125668769,"TOTAL_ASSETS":1934919019.88,"TOTAL_LIABILITIES":440525080.96,"TAX_EBT":-6.259017659371,"OCF_SALES":-7.537384450474,"TOTAL_PARENT_EQUITY":1266809879.48,"DEBT_ASSET_RATIO":22.7671068626,"OPERATE_PROFIT":-43055679,"PRETAX_PROFIT":-44912070.12,"NETCASH_OPERATE":-19445560.08,"NETCASH_INVEST":-2624867.68,"NETCASH_FINANCE":-5818335,"END_CASH":160150697.64,"DIVI_RATIO":null,"DIVIDEND_RATE":null,"CURRENT_RATIO":2.049988224789,"COMMON_ACS":16000000000,"CURRENTDEBT_DEBT":84.454039181888,"ISSUED_COMMON_SHARES":3207591674,"HK_COMMON_SHARES":3207591674,"PER_SHARES":10000,"TOTAL_MARKET_CAP":481138751.1,"HKSK_MARKET_CAP":481138751.1,"PE_TTM":-3.943533986575,"PB_TTM":0.346639004374,"REPORT_DATE_SQ":"2023-06-30 00:00:00","REPORT_TYPE_SQ":"2023年中报","OPERATE_INCOME_SQ":124700560.94,"DPS_HKD":null,"OPERATE_INCOME_QOQ_SQ":-27.018394220903,"NET_PROFIT_RATIO_SQ":-13.7468300149,"HOLDER_PROFIT_SQ":-11243546.1,"HOLDER_PROFIT_QOQ_SQ":51.216734934623,"ROE_AVG_SQ":-0.808674668755,"PE_TTM_SQ":-9.931784700707,"PB_TTM_SQ":0.349388117657,"ROA_SQ":-0.547538657711,"START_DATE":"2024-01-01 00:00:00","FISCAL_YEAR":"12-31","CURRENCY":"HKD","IS_CNY_CODE":0,"DPS_HKD_LY":null,"ORG_TYPE":"一般企业","PREMIUM_INCOME":null,"PREMIUM_INCOME_YOY":null,"NET_INTEREST_INCOME":null,"NET_INTEREST_INCOME_YOY":null,"FEE_COMMISSION_INCOME":null,"FEE_COMMISSION_INCOME_YOY":null,"ACCOUNTS_RECE_TDAYS":1.969750393712,"INVENTORY_TDAYS":0.562477897978,"CURRENT_ASSETS_TDAYS":0.331630818433,"TOTAL_ASSETS_TDAYS":0.128178723142,"PREMIUM_EXPENSE":null,"LOAN_DEPOSIT":null,"LOAN_EQUITY":null,"LOAN_ASSETS":null,"DEPOSIT_EQUITY":null,"DEPOSIT_ASSETS":null,"EQUITY_MULTIPLIER":1.294785109527,"EQUITY_RATIO":0.347743641801},{"SECUCODE":"00472.HK","SECURITY_CODE":"00472","SECURITY_NAME_ABBR":"新丝路文旅","ORG_CODE":"10008917","STD_REPORT_DATE":"2023-12-31 00:00:00","REPORT_DATE":"2023-12-31 00:00:00","DATE_TYPE_CODE":"001","REPORT_TYPE":"2023年年报","PER_NETCASH_OPERATE":0.003245064827,"PER_OI":0.132554654405,"BPS":0.40782915845,"BASIC_EPS":-0.023199232,"DILUTED_EPS":-0.023199232,"OPERATE_INCOME":425181205.82,"OPERATE_INCOME_YOY":26.9937637366,"GROSS_PROFIT":98651109.2,"GROSS_PROFIT_YOY":28.182475819214,"HOLDER_PROFIT":-74541126.1,"HOLDER_PROFIT_YOY":26.867542721,"GROSS_PROFIT_RATIO":23.202133078705,"EPS_TTM":-0.023238969818,"OPERATE_INCOME_QOQ":76.530549857628,"NET_PROFIT_RATIO":-26.2039596659,"ROE_AVG":-5.483933551433,"GROSS_PROFIT_QOQ":51.462017583288,"ROA":-3.709118194407,"HOLDER_PROFIT_QOQ":-52.086335535118,"ROE_YEARLY":-5.483933551433,"ROIC_YEARLY":-5.181949390709,"TOTAL_ASSETS":2075728627.7,"TOTAL_LIABILITIES":540783160.12,"TAX_EBT":7.686531862653,"OCF_SALES":2.448095724251,"TOTAL_PARENT_EQUITY":1308149413.06,"DEBT_ASSET_RATIO":26.0526907469,"OPERATE_PROFIT":-115661764.82,"PRETAX_PROFIT":-120691285.82,"NETCASH_OPERATE":10408842.92,"NETCASH_INVEST":-351781916.92,"NETCASH_FINANCE":18368173.18,"END_CASH":182825353.9,"DIVI_RATIO":null,"DIVIDEND_RATE":null,"CURRENT_RATIO":1.74484727537,"COMMON_ACS":16000000000,"CURRENTDEBT_DEBT":83.467002711371,"ISSUED_COMMON_SHARES":3207591674,"HK_COMMON_SHARES":3207591674,"PER_SHARES":10000,"TOTAL_MARKET_CAP":477931159.426,"HKSK_MARKET_CAP":477931159.426,"PE_TTM":-3.917243759997,"PB_TTM":0.344328077678,"REPORT_DATE_SQ":"2022-12-31 00:00:00","REPORT_TYPE_SQ":"2022年年报","OPERATE_INCOME_SQ":330020388.04,"DPS_HKD":null,"OPERATE_INCOME_QOQ_SQ":-85.647687102671,"NET_PROFIT_RATIO_SQ":-46.4853350368,"HOLDER_PROFIT_SQ":-100469649.98,"HOLDER_PROFIT_QOQ_SQ":-4252.92603910538,"ROE_AVG_SQ":-6.683977713735,"PE_TTM_SQ":-9.369608208214,"PB_TTM_SQ":0.329611431752,"ROA_SQ":-4.579941611588,"START_DATE":"2023-01-01 00:00:00","FISCAL_YEAR":"12-31","CURRENCY":"HKD","IS_CNY_CODE":0,"DPS_HKD_LY":null,"ORG_TYPE":"一般企业","PREMIUM_INCOME":null,"PREMIUM_INCOME_YOY":null,"NET_INTEREST_INCOME":null,"NET_INTEREST_INCOME_YOY":null,"FEE_COMMISSION_INCOME":null,"FEE_COMMISSION_INCOME_YOY":null,"ACCOUNTS_RECE_TDAYS":6.730903587235,"INVENTORY_TDAYS":0.818649023836,"CURRENT_ASSETS_TDAYS":0.468639721122,"TOTAL_ASSETS_TDAYS":0.211567416397,"PREMIUM_EXPENSE":null,"LOAN_DEPOSIT":null,"LOAN_EQUITY":null,"LOAN_ASSETS":null,"DEPOSIT_EQUITY":null,"DEPOSIT_ASSETS":null,"EQUITY_MULTIPLIER":1.352314249295,"EQUITY_RATIO":0.413395560722},{"SECUCODE":"00472.HK","SECURITY_CODE":"00472","SECURITY_NAME_ABBR":"新丝路文旅","ORG_CODE":"10008917","STD_REPORT_DATE":"2023-06-30 00:00:00","REPORT_DATE":"2023-06-30 00:00:00","DATE_TYPE_CODE":"002","REPORT_TYPE":"2023年中报","PER_NETCASH_OPERATE":-0.004168408987,"PER_OI":0.038876694297,"BPS":0.419575860172,"BASIC_EPS":-0.003503524,"DILUTED_EPS":-0.003503524,"OPERATE_INCOME":124700560.94,"OPERATE_INCOME_YOY":-45.9163231113,"GROSS_PROFIT":34991906.94,"GROSS_PROFIT_YOY":-25.264179701343,"HOLDER_PROFIT":-11243546.1,"HOLDER_PROFIT_YOY":83.3669767315,"GROSS_PROFIT_RATIO":28.060745417847,"EPS_TTM":-0.015280116873,"OPERATE_INCOME_QOQ":-27.018394220903,"NET_PROFIT_RATIO":-13.7468300149,"ROE_AVG":-0.808674668755,"GROSS_PROFIT_QOQ":-15.369887537166,"ROA":-0.547538657711,"HOLDER_PROFIT_QOQ":51.216734934623,"ROE_YEARLY":-1.61734933751,"ROIC_YEARLY":-1.565866046227,"TOTAL_ASSETS":2129523943.42,"TOTAL_LIABILITIES":517816237.3,"TAX_EBT":-14.927679564841,"OCF_SALES":-10.722128159819,"TOTAL_PARENT_EQUITY":1345828035.7,"DEBT_ASSET_RATIO":24.3160561261,"OPERATE_PROFIT":-12324106.66,"PRETAX_PROFIT":-14915792.44,"NETCASH_OPERATE":-13370553.96,"NETCASH_INVEST":-354156489.48,"NETCASH_FINANCE":45522762.5,"END_CASH":223387456.18,"DIVI_RATIO":null,"DIVIDEND_RATE":null,"CURRENT_RATIO":1.96905798607,"COMMON_ACS":16000000000,"CURRENTDEBT_DEBT":78.840528100991,"ISSUED_COMMON_SHARES":3207591674,"HK_COMMON_SHARES":3207591674,"PER_SHARES":10000,"TOTAL_MARKET_CAP":477931159.426,"HKSK_MARKET_CAP":477931159.426,"PE_TTM":-3.917243759997,"PB_TTM":0.344328077678,"REPORT_DATE_SQ":"2022-06-30 00:00:00","REPORT_TYPE_SQ":"2022年中报","OPERATE_INCOME_SQ":213866770.39,"DPS_HKD":null,"OPERATE_INCOME_QOQ_SQ":8.097405003092,"NET_PROFIT_RATIO_SQ":-49.3552089123,"HOLDER_PROFIT_SQ":-62700820.42,"HOLDER_PROFIT_QOQ_SQ":-104.563254819991,"ROE_AVG_SQ":-4.227817050239,"PE_TTM_SQ":-9.369608208214,"PB_TTM_SQ":0.329611431752,"ROA_SQ":-2.912779114184,"START_DATE":"2023-01-01 00:00:00","FISCAL_YEAR":"12-31","CURRENCY":"HKD","IS_CNY_CODE":0,"DPS_HKD_LY":null,"ORG_TYPE":"一般企业","PREMIUM_INCOME":null,"PREMIUM_INCOME_YOY":null,"NET_INTEREST_INCOME":null,"NET_INTEREST_INCOME_YOY":null,"FEE_COMMISSION_INCOME":null,"FEE_COMMISSION_INCOME_YOY":null,"ACCOUNTS_RECE_TDAYS":2.623648196464,"INVENTORY_TDAYS":0.203677072409,"CURRENT_ASSETS_TDAYS":0.134907838296,"TOTAL_ASSETS_TDAYS":0.060726729046,"PREMIUM_EXPENSE":null,"LOAN_DEPOSIT":null,"LOAN_EQUITY":null,"LOAN_ASSETS":null,"DEPOSIT_EQUITY":null,"DEPOSIT_ASSETS":null,"EQUITY_MULTIPLIER":1.321284210117,"EQUITY_RATIO":0.384756613449},{"SECUCODE":"00472.HK","SECURITY_CODE":"00472","SECURITY_NAME_ABBR":"新丝路文旅","ORG_CODE":"10008917","STD_REPORT_DATE":"2022-12-31 00:00:00","REPORT_DATE":"2022-12-31 00:00:00","DATE_TYPE_CODE":"001","REPORT_TYPE":"2022年年报","PER_NETCASH_OPERATE":0.033227023369,"PER_OI":0.102887281668,"BPS":0.433416698154,"BASIC_EPS":-0.031353777,"DILUTED_EPS":-0.031353777,"OPERATE_INCOME":330020388.04,"OPERATE_INCOME_YOY":-85.79977269,"GROSS_PROFIT":76961463.39,"GROSS_PROFIT_YOY":-82.943274979019,"HOLDER_PROFIT":-100469649.98,"HOLDER_PROFIT_YOY":-281.8084831243,"GROSS_PROFIT_RATIO":23.32021480463,"EPS_TTM":-0.031322456282,"OPERATE_INCOME_QOQ":-85.647687102671,"NET_PROFIT_RATIO":-46.4853350368,"ROE_AVG":-6.683977713735,"GROSS_PROFIT_QOQ":-83.870970104429,"ROA":-4.579941611588,"HOLDER_PROFIT_QOQ":-4252.92603910538,"ROE_YEARLY":-6.683977713735,"ROIC_YEARLY":-7.156022723875,"TOTAL_ASSETS":1915841725.77,"TOTAL_LIABILITIES":298820253.48,"TAX_EBT":-21.733922128736,"OCF_SALES":32.294587659561,"TOTAL_PARENT_EQUITY":1390223792.37,"DEBT_ASSET_RATIO":15.5973350753,"OPERATE_PROFIT":-120711148.18,"PRETAX_PROFIT":-126021638.33,"NETCASH_OPERATE":106578723.51,"NETCASH_INVEST":12315513.49,"NETCASH_FINANCE":-146405166.46,"END_CASH":495501335.35,"DIVI_RATIO":null,"DIVIDEND_RATE":null,"CURRENT_RATIO":4.395961022235,"COMMON_ACS":16000000000,"CURRENTDEBT_DEBT":77.061137616434,"ISSUED_COMMON_SHARES":3207591674,"HK_COMMON_SHARES":3207591674,"PER_SHARES":10000,"TOTAL_MARKET_CAP":477931159.426,"HKSK_MARKET_CAP":477931159.426,"PE_TTM":-3.917243759997,"PB_TTM":0.344328077678,"REPORT_DATE_SQ":"2021-12-31 00:00:00","REPORT_TYPE_SQ":"2021年年报","OPERATE_INCOME_SQ":2127176900.8,"DPS_HKD":null,"OPERATE_INCOME_QOQ_SQ":2132.66548770713,"NET_PROFIT_RATIO_SQ":2.2122946513,"HOLDER_PROFIT_SQ":50580006.4,"HOLDER_PROFIT_QOQ_SQ":206.388870007566,"ROE_AVG_SQ":3.531309231299,"PE_TTM_SQ":-9.369608208214,"PB_TTM_SQ":0.329611431752,"ROA_SQ":1.733416832334,"START_DATE":"2022-01-01 00:00:00","FISCAL_YEAR":"12-31","CURRENCY":"HKD","IS_CNY_CODE":0,"DPS_HKD_LY":null,"ORG_TYPE":"一般企业","PREMIUM_INCOME":null,"PREMIUM_INCOME_YOY":null,"NET_INTEREST_INCOME":null,"NET_INTEREST_INCOME_YOY":null,"FEE_COMMISSION_INCOME":null,"FEE_COMMISSION_INCOME_YOY":null,"ACCOUNTS_RECE_TDAYS":76.777223607648,"INVENTORY_TDAYS":0.793575649431,"CURRENT_ASSETS_TDAYS":0.276461122234,"TOTAL_ASSETS_TDAYS":0.150440865292,"PREMIUM_EXPENSE":null,"LOAN_DEPOSIT":null,"LOAN_EQUITY":null,"LOAN_ASSETS":null,"DEPOSIT_EQUITY":null,"DEPOSIT_ASSETS":null,"EQUITY_MULTIPLIER":1.184796713341,"EQUITY_RATIO":0.214943993276},{"SECUCODE":"00472.HK","SECURITY_CODE":"00472","SECURITY_NAME_ABBR":"新丝路文旅","ORG_CODE":"10008917","STD_REPORT_DATE":"2022-06-30 00:00:00","REPORT_DATE":"2022-06-30 00:00:00","DATE_TYPE_CODE":"002","REPORT_TYPE":"2022年中报","PER_NETCASH_OPERATE":0.008658034713,"PER_OI":0.066675185661,"BPS":0.442369744809,"BASIC_EPS":-0.019583851,"DILUTED_EPS":-0.019583851,"OPERATE_INCOME":213866770.39,"OPERATE_INCOME_YOY":399.9620151939,"GROSS_PROFIT":46820797.31,"GROSS_PROFIT_YOY":124.360391665428,"HOLDER_PROFIT":-62700820.42,"HOLDER_PROFIT_YOY":-521.7077927584,"GROSS_PROFIT_RATIO":21.892506827788,"EPS_TTM":-0.000719572444,"OPERATE_INCOME_QOQ":8.097405003092,"NET_PROFIT_RATIO":-49.3552089123,"ROE_AVG":-4.227817050239,"GROSS_PROFIT_QOQ":5.751710620024,"ROA":-2.912779114184,"HOLDER_PROFIT_QOQ":-104.563254819991,"ROE_YEARLY":-8.455634100477,"ROIC_YEARLY":-8.990092174869,"TOTAL_ASSETS":1939049254.1,"TOTAL_LIABILITIES":287965563.13,"TAX_EBT":-16.91357556928,"OCF_SALES":12.985392732755,"TOTAL_PARENT_EQUITY":1418941510.28,"DEBT_ASSET_RATIO":14.8508637685,"OPERATE_PROFIT":-87860510.22,"PRETAX_PROFIT":-90284118.68,"NETCASH_OPERATE":27771440.06,"NETCASH_INVEST":-2716083.44,"NETCASH_FINANCE":-83520420.97,"END_CASH":462741598.62,"DIVI_RATIO":null,"DIVIDEND_RATE":null,"CURRENT_RATIO":6.00016405015,"COMMON_ACS":16000000000,"CURRENTDEBT_DEBT":59.739195253128,"ISSUED_COMMON_SHARES":3207591674,"HK_COMMON_SHARES":3207591674,"PER_SHARES":10000,"TOTAL_MARKET_CAP":391326184.228,"HKSK_MARKET_CAP":391326184.228,"PE_TTM":-3.207407642414,"PB_TTM":0.281933056891,"REPORT_DATE_SQ":"2021-06-30 00:00:00","REPORT_TYPE_SQ":"2021年中报","OPERATE_INCOME_SQ":41620641.6,"DPS_HKD":null,"OPERATE_INCOME_QOQ_SQ":-3.699785724624,"NET_PROFIT_RATIO_SQ":-29.2822870852,"HOLDER_PROFIT_SQ":-9812719.44,"HOLDER_PROFIT_QOQ_SQ":38.618664641788,"ROE_AVG_SQ":-0.693265862432,"PE_TTM_SQ":-9.432072262935,"PB_TTM_SQ":0.331808841297,"ROA_SQ":-0.263227029909,"START_DATE":"2022-01-01 00:00:00","FISCAL_YEAR":"12-31","CURRENCY":"HKD","IS_CNY_CODE":0,"DPS_HKD_LY":null,"ORG_TYPE":"一般企业","PREMIUM_INCOME":null,"PREMIUM_INCOME_YOY":null,"NET_INTEREST_INCOME":null,"NET_INTEREST_INCOME_YOY":null,"FEE_COMMISSION_INCOME":null,"FEE_COMMISSION_INCOME_YOY":null,"ACCOUNTS_RECE_TDAYS":51.760529856152,"INVENTORY_TDAYS":0.48956615454,"CURRENT_ASSETS_TDAYS":0.182110324568,"TOTAL_ASSETS_TDAYS":0.099352234602,"PREMIUM_EXPENSE":null,"LOAN_DEPOSIT":null,"LOAN_EQUITY":null,"LOAN_ASSETS":null,"DEPOSIT_EQUITY":null,"DEPOSIT_ASSETS":null,"EQUITY_MULTIPLIER":1.174410034274,"EQUITY_RATIO":0.202943927599},{"SECUCODE":"00472.HK","SECURITY_CODE":"00472","SECURITY_NAME_ABBR":"新丝路文旅","ORG_CODE":"10008917","STD_REPORT_DATE":"2021-12-31 00:00:00","REPORT_DATE":"2021-12-31 00:00:00","DATE_TYPE_CODE":"001","REPORT_TYPE":"2021年年报","PER_NETCASH_OPERATE":0.528972463719,"PER_OI":0.66316947947,"BPS":0.461143808294,"BASIC_EPS":0.01577968,"DILUTED_EPS":0.01577968,"OPERATE_INCOME":2127176900.8,"OPERATE_INCOME_YOY":2113.2801932778,"GROSS_PROFIT":451208912,"GROSS_PROFIT_YOY":1718.48235133494,"HOLDER_PROFIT":50580006.4,"HOLDER_PROFIT_YOY":167.2230190811,"GROSS_PROFIT_RATIO":21.211630862967,"EPS_TTM":0.015768842029,"OPERATE_INCOME_QOQ":2132.66548770713,"NET_PROFIT_RATIO":2.2122946513,"ROE_AVG":3.531309231299,"GROSS_PROFIT_QOQ":932.759130872755,"ROA":1.733416832334,"HOLDER_PROFIT_QOQ":206.388870007566,"ROE_YEARLY":3.531309231299,"ROIC_YEARLY":2.212778164375,"TOTAL_ASSETS":2262168384,"TOTAL_LIABILITIES":511194588.8,"TAX_EBT":37.387955791489,"OCF_SALES":79.764295567608,"TOTAL_PARENT_EQUITY":1479161040,"DEBT_ASSET_RATIO":22.5975481054,"OPERATE_PROFIT":99521542.4,"PRETAX_PROFIT":75160332.8,"NETCASH_OPERATE":1696727670.4,"NETCASH_INVEST":98577214.4,"NETCASH_FINANCE":-1410176040,"END_CASH":512684256,"DIVI_RATIO":null,"DIVIDEND_RATE":null,"CURRENT_RATIO":3.168269497912,"COMMON_ACS":16000000000,"CURRENTDEBT_DEBT":77.716165684108,"ISSUED_COMMON_SHARES":3207591674,"HK_COMMON_SHARES":3207591674,"PER_SHARES":10000,"TOTAL_MARKET_CAP":477931159.426,"HKSK_MARKET_CAP":477931159.426,"PE_TTM":-3.917243759997,"PB_TTM":0.344328077678,"REPORT_DATE_SQ":"2020-12-31 00:00:00","REPORT_TYPE_SQ":"2020年年报","OPERATE_INCOME_SQ":98935623.64,"DPS_HKD":null,"OPERATE_INCOME_QOQ_SQ":-25.994523893488,"NET_PROFIT_RATIO_SQ":-97.2428988269,"HOLDER_PROFIT_SQ":-77454445.92,"HOLDER_PROFIT_QOQ_SQ":35.701702015028,"ROE_AVG_SQ":-5.408493217345,"PE_TTM_SQ":-9.369608208214,"PB_TTM_SQ":0.329611431752,"ROA_SQ":-2.23013625864,"START_DATE":"2021-01-01 00:00:00","FISCAL_YEAR":"12-31","CURRENCY":"HKD","IS_CNY_CODE":0,"DPS_HKD_LY":null,"ORG_TYPE":"一般企业","PREMIUM_INCOME":null,"PREMIUM_INCOME_YOY":null,"NET_INTEREST_INCOME":null,"NET_INTEREST_INCOME_YOY":null,"FEE_COMMISSION_INCOME":null,"FEE_COMMISSION_INCOME_YOY":null,"ACCOUNTS_RECE_TDAYS":358.736022061358,"INVENTORY_TDAYS":1.59597118807,"CURRENT_ASSETS_TDAYS":1.183171949308,"TOTAL_ASSETS_TDAYS":0.729000351648,"PREMIUM_EXPENSE":null,"LOAN_DEPOSIT":null,"LOAN_EQUITY":null,"LOAN_ASSETS":null,"DEPOSIT_EQUITY":null,"DEPOSIT_ASSETS":null,"EQUITY_MULTIPLIER":1.29194873744,"EQUITY_RATIO":0.345597656358},{"SECUCODE":"00472.HK","SECURITY_CODE":"00472","SECURITY_NAME_ABBR":"新丝路文旅","ORG_CODE":"10008917","STD_REPORT_DATE":"2021-06-30 00:00:00","REPORT_DATE":"2021-06-30 00:00:00","DATE_TYPE_CODE":"002","REPORT_TYPE":"2021年中报","PER_NETCASH_OPERATE":-0.078289291581,"PER_OI":0.012975667052,"BPS":0.442958714701,"BASIC_EPS":-0.003078696,"DILUTED_EPS":-0.003078696,"OPERATE_INCOME":41620641.6,"OPERATE_INCOME_YOY":0.90373598,"GROSS_PROFIT":20868566.4,"GROSS_PROFIT_YOY":947.987484753673,"HOLDER_PROFIT":-9812719.44,"HOLDER_PROFIT_YOY":72.8827979489,"GROSS_PROFIT_RATIO":50.139944022391,"EPS_TTM":-0.014821890699,"OPERATE_INCOME_QOQ":-3.699785724624,"NET_PROFIT_RATIO":-29.2822870852,"ROE_AVG":-0.693265862432,"GROSS_PROFIT_QOQ":76.080007135661,"ROA":-0.263227029909,"HOLDER_PROFIT_QOQ":38.618664641788,"ROE_YEARLY":-1.386531724864,"ROIC_YEARLY":-0.602214374887,"TOTAL_ASSETS":3818711340.48,"TOTAL_LIABILITIES":2087228579.76,"TAX_EBT":0.245181502418,"OCF_SALES":-603.354658136745,"TOTAL_PARENT_EQUITY":1420830685.2,"DEBT_ASSET_RATIO":54.6579302194,"OPERATE_PROFIT":-9541461.36,"PRETAX_PROFIT":-12217430.64,"NETCASH_OPERATE":-251120079.84,"NETCASH_INVEST":-2140941.84,"NETCASH_FINANCE":211826766,"END_CASH":139053881.28,"DIVI_RATIO":null,"DIVIDEND_RATE":null,"CURRENT_RATIO":1.31775069918,"COMMON_ACS":16000000000,"CURRENTDEBT_DEBT":93.465518705398,"ISSUED_COMMON_SHARES":3207591674,"HK_COMMON_SHARES":3207591674,"PER_SHARES":10000,"TOTAL_MARKET_CAP":477931159.426,"HKSK_MARKET_CAP":477931159.426,"PE_TTM":-3.917243759997,"PB_TTM":0.344328077678,"REPORT_DATE_SQ":"2020-06-30 00:00:00","REPORT_TYPE_SQ":"2020年中报","OPERATE_INCOME_SQ":45281047.68,"DPS_HKD":null,"OPERATE_INCOME_QOQ_SQ":-29.331738247711,"NET_PROFIT_RATIO_SQ":-99.4311304769,"HOLDER_PROFIT_SQ":-39724592.16,"HOLDER_PROFIT_QOQ_SQ":28.746389741574,"ROE_AVG_SQ":-2.62114327026,"PE_TTM_SQ":-9.369608208214,"PB_TTM_SQ":0.329611431752,"ROA_SQ":-1.143669973805,"START_DATE":"2021-01-01 00:00:00","FISCAL_YEAR":"12-31","CURRENCY":"HKD","IS_CNY_CODE":0,"DPS_HKD_LY":null,"ORG_TYPE":"一般企业","PREMIUM_INCOME":null,"PREMIUM_INCOME_YOY":null,"NET_INTEREST_INCOME":null,"NET_INTEREST_INCOME_YOY":null,"FEE_COMMISSION_INCOME":null,"FEE_COMMISSION_INCOME_YOY":null,"ACCOUNTS_RECE_TDAYS":5.977890648342,"INVENTORY_TDAYS":0.010039831239,"CURRENT_ASSETS_TDAYS":0.016819359008,"TOTAL_ASSETS_TDAYS":0.011164772353,"PREMIUM_EXPENSE":null,"LOAN_DEPOSIT":null,"LOAN_EQUITY":null,"LOAN_ASSETS":null,"DEPOSIT_EQUITY":null,"DEPOSIT_ASSETS":null,"EQUITY_MULTIPLIER":2.205457326582,"EQUITY_RATIO":1.469019920179},{"SECUCODE":"00472.HK","SECURITY_CODE":"00472","SECURITY_NAME_ABBR":"新丝路文旅","ORG_CODE":"10008917","STD_REPORT_DATE":"2020-12-31 00:00:00","REPORT_DATE":"2020-12-31 00:00:00","DATE_TYPE_CODE":"001","REPORT_TYPE":"2020年年报","PER_NETCASH_OPERATE":-0.094559323351,"PER_OI":0.030844207647,"BPS":0.444644268184,"BASIC_EPS":-0.024155068,"DILUTED_EPS":-0.024155068,"OPERATE_INCOME":98935623.64,"OPERATE_INCOME_YOY":-44.3374292682,"GROSS_PROFIT":24812388.84,"GROSS_PROFIT_YOY":-63.451734573232,"HOLDER_PROFIT":-77454445.92,"HOLDER_PROFIT_YOY":51.2380185345,"GROSS_PROFIT_RATIO":25.079327270717,"EPS_TTM":-0.024147227513,"OPERATE_INCOME_QOQ":-25.994523893488,"NET_PROFIT_RATIO":-97.2428988269,"ROE_AVG":-5.408493217345,"GROSS_PROFIT_QOQ":-27.627657546634,"ROA":-2.23013625864,"HOLDER_PROFIT_QOQ":35.701702015028,"ROE_YEARLY":-5.408493217345,"ROIC_YEARLY":-2.626041233139,"TOTAL_ASSETS":3678783190.8,"TOTAL_LIABILITIES":1938327219.04,"TAX_EBT":6.376182480855,"OCF_SALES":-306.570765029647,"TOTAL_PARENT_EQUITY":1426237252.52,"DEBT_ASSET_RATIO":52.6893572823,"OPERATE_PROFIT":-97834758.52,"PRETAX_PROFIT":-102760035.8,"NETCASH_OPERATE":-303307698.28,"NETCASH_INVEST":42384148.76,"NETCASH_FINANCE":219482037.56,"END_CASH":179634591.76,"DIVI_RATIO":null,"DIVIDEND_RATE":null,"CURRENT_RATIO":1.339723552932,"COMMON_ACS":16000000000,"CURRENTDEBT_DEBT":92.641756359866,"ISSUED_COMMON_SHARES":3207591674,"HK_COMMON_SHARES":3207591674,"PER_SHARES":10000,"TOTAL_MARKET_CAP":477931159.426,"HKSK_MARKET_CAP":477931159.426,"PE_TTM":-3.917243759997,"PB_TTM":0.344328077678,"REPORT_DATE_SQ":"2019-12-31 00:00:00","REPORT_TYPE_SQ":"2019年年报","OPERATE_INCOME_SQ":189175299.3,"DPS_HKD":null,"OPERATE_INCOME_QOQ_SQ":-53.308774809717,"NET_PROFIT_RATIO_SQ":-108.67059687,"HOLDER_PROFIT_SQ":-169059663.62,"HOLDER_PROFIT_QOQ_SQ":-764.609776917162,"ROE_AVG_SQ":-8.553821762936,"PE_TTM_SQ":-9.369608208214,"PB_TTM_SQ":0.329611431752,"ROA_SQ":-4.09276639338,"START_DATE":"2020-01-01 00:00:00","FISCAL_YEAR":"12-31","CURRENCY":"HKD","IS_CNY_CODE":0,"DPS_HKD_LY":null,"ORG_TYPE":"一般企业","PREMIUM_INCOME":null,"PREMIUM_INCOME_YOY":null,"NET_INTEREST_INCOME":null,"NET_INTEREST_INCOME_YOY":null,"FEE_COMMISSION_INCOME":null,"FEE_COMMISSION_INCOME_YOY":null,"ACCOUNTS_RECE_TDAYS":7.747635524798,"INVENTORY_TDAYS":0.068955446733,"CURRENT_ASSETS_TDAYS":0.044281016884,"TOTAL_ASSETS_TDAYS":0.028486411455,"PREMIUM_EXPENSE":null,"LOAN_DEPOSIT":null,"LOAN_EQUITY":null,"LOAN_ASSETS":null,"DEPOSIT_EQUITY":null,"DEPOSIT_ASSETS":null,"EQUITY_MULTIPLIER":2.113689315038,"EQUITY_RATIO":1.359049636107},{"SECUCODE":"00472.HK","SECURITY_CODE":"00472","SECURITY_NAME_ABBR":"新丝路文旅","ORG_CODE":"10008917","STD_REPORT_DATE":"2020-06-30 00:00:00","REPORT_DATE":"2020-06-30 00:00:00","DATE_TYPE_CODE":"002","REPORT_TYPE":"2020年中报","PER_NETCASH_OPERATE":-0.045704013285,"PER_OI":0.014116836643,"BPS":0.458436666512,"BASIC_EPS":-0.012422784,"DILUTED_EPS":-0.012422784,"OPERATE_INCOME":45281047.68,"OPERATE_INCOME_YOY":-56.7264632709,"GROSS_PROFIT":1991299.2,"GROSS_PROFIT_YOY":-94.405884898406,"HOLDER_PROFIT":-39724592.16,"HOLDER_PROFIT_YOY":56.6868513834,"GROSS_PROFIT_RATIO":4.397643831195,"EPS_TTM":-0.037555002651,"OPERATE_INCOME_QOQ":-29.331738247711,"NET_PROFIT_RATIO":-99.4311304769,"ROE_AVG":-2.62114327026,"GROSS_PROFIT_QOQ":-49.499678761513,"ROA":-1.143669973805,"HOLDER_PROFIT_QOQ":28.746389741574,"ROE_YEARLY":-5.242286540521,"ROIC_YEARLY":-2.717548713446,"TOTAL_ASSETS":3400744427.52,"TOTAL_LIABILITIES":1588318702.08,"TAX_EBT":3.318818406496,"OCF_SALES":-323.755345759703,"TOTAL_PARENT_EQUITY":1470477634.56,"DEBT_ASSET_RATIO":46.7050299113,"OPERATE_PROFIT":-42090401.76,"PRETAX_PROFIT":-46568998.08,"NETCASH_OPERATE":-146599812.48,"NETCASH_INVEST":-6937576.8,"NETCASH_FINANCE":72013782.72,"END_CASH":157228600.32,"DIVI_RATIO":null,"DIVIDEND_RATE":null,"CURRENT_RATIO":14.308356729062,"COMMON_ACS":16000000000,"CURRENTDEBT_DEBT":9.361398916054,"ISSUED_COMMON_SHARES":3207591674,"HK_COMMON_SHARES":3207591674,"PER_SHARES":10000,"TOTAL_MARKET_CAP":477931159.426,"HKSK_MARKET_CAP":477931159.426,"PE_TTM":-3.917243759997,"PB_TTM":0.344328077678,"REPORT_DATE_SQ":"2019-06-30 00:00:00","REPORT_TYPE_SQ":"2019年中报","OPERATE_INCOME_SQ":100769451.3,"DPS_HKD":null,"OPERATE_INCOME_QOQ_SQ":0.357148630054,"NET_PROFIT_RATIO_SQ":-72.0740188603,"HOLDER_PROFIT_SQ":-88323141.96,"HOLDER_PROFIT_QOQ_SQ":-134.645200803153,"ROE_AVG_SQ":-3.79723593627,"PE_TTM_SQ":-9.369608208214,"PB_TTM_SQ":0.329611431752,"ROA_SQ":-1.878675852169,"START_DATE":"2020-01-01 00:00:00","FISCAL_YEAR":"12-31","CURRENCY":"HKD","IS_CNY_CODE":0,"DPS_HKD_LY":null,"ORG_TYPE":"一般企业","PREMIUM_INCOME":null,"PREMIUM_INCOME_YOY":null,"NET_INTEREST_INCOME":null,"NET_INTEREST_INCOME_YOY":null,"FEE_COMMISSION_INCOME":null,"FEE_COMMISSION_INCOME_YOY":null,"ACCOUNTS_RECE_TDAYS":2.343996028087,"INVENTORY_TDAYS":0.243154981029,"CURRENT_ASSETS_TDAYS":0.02074133581,"TOTAL_ASSETS_TDAYS":0.013036401835,"PREMIUM_EXPENSE":null,"LOAN_DEPOSIT":null,"LOAN_EQUITY":null,"LOAN_ASSETS":null,"DEPOSIT_EQUITY":null,"DEPOSIT_ASSETS":null,"EQUITY_MULTIPLIER":1.876349678658,"EQUITY_RATIO":1.080137952969}],"count":49},"success":true,"message":"ok","code":0}