{"version":"96af0a35a50eaabfc7bc3aefb626e325","result":{"pages":5,"data":[{"SECUCODE":"00471.HK","SECURITY_CODE":"00471","SECURITY_NAME_ABBR":"中播数据","ORG_CODE":"10008916","STD_REPORT_DATE":"2024-06-30 00:00:00","REPORT_DATE":"2024-06-30 00:00:00","DATE_TYPE_CODE":"002","REPORT_TYPE":"2024年中报","PER_NETCASH_OPERATE":0.002027833355,"PER_OI":0.012453282486,"BPS":2.061392018125,"BASIC_EPS":-0.00142536,"DILUTED_EPS":-0.00142536,"OPERATE_INCOME":22321137.6,"OPERATE_INCOME_YOY":-12.7090301003,"GROSS_PROFIT":10348113.6,"GROSS_PROFIT_YOY":21.570992004175,"HOLDER_PROFIT":-3549146.4,"HOLDER_PROFIT_YOY":75.8135016999,"GROSS_PROFIT_RATIO":46.360153256705,"EPS_TTM":-0.257693743081,"OPERATE_INCOME_QOQ":-6.936376626747,"NET_PROFIT_RATIO":-4.2784163474,"ROE_AVG":-1.852609649939,"GROSS_PROFIT_QOQ":10.27100989382,"ROA":-1.123696917731,"HOLDER_PROFIT_QOQ":2.393994578317,"ROE_YEARLY":-3.705219299877,"ROIC_YEARLY":-2.61194519111,"TOTAL_ASSETS":312517306.8,"TOTAL_LIABILITIES":87559864.8,"TAX_EBT":null,"OCF_SALES":16.283524904215,"TOTAL_PARENT_EQUITY":184740909.6,"DEBT_ASSET_RATIO":28.0176050717,"OPERATE_PROFIT":3748696.8,"PRETAX_PROFIT":-954991.2,"NETCASH_OPERATE":3634668,"NETCASH_INVEST":7126.8,"NETCASH_FINANCE":-3677428.8,"END_CASH":5145549.6,"DIVI_RATIO":null,"DIVIDEND_RATE":null,"CURRENT_RATIO":3.105828720287,"COMMON_ACS":500000000000,"CURRENTDEBT_DEBT":24.995930327202,"ISSUED_COMMON_SHARES":89619494,"HK_COMMON_SHARES":89619494,"PER_SHARES":4000,"TOTAL_MARKET_CAP":71695595.2,"HKSK_MARKET_CAP":71695595.2,"PE_TTM":-0.140596434429,"PB_TTM":0.354199489453,"REPORT_DATE_SQ":"2023-06-30 00:00:00","REPORT_TYPE_SQ":"2023年中报","OPERATE_INCOME_SQ":25926170.4,"DPS_HKD":null,"OPERATE_INCOME_QOQ_SQ":7.212457521074,"NET_PROFIT_RATIO_SQ":-61.3433667781,"HOLDER_PROFIT_SQ":-14877922.2,"HOLDER_PROFIT_QOQ_SQ":43.089578651558,"ROE_AVG_SQ":-2.435029417852,"PE_TTM_SQ":-1.283776183792,"PB_TTM_SQ":0.227270524745,"ROA_SQ":-1.819121538346,"START_DATE":"2024-01-01 00:00:00","FISCAL_YEAR":"12-31","CURRENCY":"HKD","IS_CNY_CODE":0,"DPS_HKD_LY":null,"ORG_TYPE":"一般企业","PREMIUM_INCOME":null,"PREMIUM_INCOME_YOY":null,"NET_INTEREST_INCOME":null,"NET_INTEREST_INCOME_YOY":null,"FEE_COMMISSION_INCOME":null,"FEE_COMMISSION_INCOME_YOY":null,"ACCOUNTS_RECE_TDAYS":0.930066815145,"INVENTORY_TDAYS":null,"CURRENT_ASSETS_TDAYS":0.320245398773,"TOTAL_ASSETS_TDAYS":0.070671059163,"PREMIUM_EXPENSE":null,"LOAN_DEPOSIT":null,"LOAN_EQUITY":null,"LOAN_ASSETS":null,"DEPOSIT_EQUITY":null,"DEPOSIT_ASSETS":null,"EQUITY_MULTIPLIER":1.389228575954,"EQUITY_RATIO":0.473960342566},{"SECUCODE":"00471.HK","SECURITY_CODE":"00471","SECURITY_NAME_ABBR":"中播数据","ORG_CODE":"10008916","STD_REPORT_DATE":"2023-12-31 00:00:00","REPORT_DATE":"2023-12-31 00:00:00","DATE_TYPE_CODE":"001","REPORT_TYPE":"2023年年报","PER_NETCASH_OPERATE":-0.010175215014,"PER_OI":0.028996399136,"BPS":2.200217376813,"BASIC_EPS":-0.283308,"DILUTED_EPS":-0.283308,"OPERATE_INCOME":51972852.6,"OPERATE_INCOME_YOY":-14.185475383,"GROSS_PROFIT":17876734.8,"GROSS_PROFIT_YOY":4.256699069051,"HOLDER_PROFIT":-473216435.1,"HOLDER_PROFIT_YOY":-138.8481750259,"GROSS_PROFIT_RATIO":34.39629326792,"EPS_TTM":-0.26401422942,"OPERATE_INCOME_QOQ":-18.601159535746,"NET_PROFIT_RATIO":-1021.6407740529,"ROE_AVG":-119.92999461497,"GROSS_PROFIT_QOQ":11.721681208449,"ROA":-83.722416450509,"HOLDER_PROFIT_QOQ":-326.80823932807,"ROE_YEARLY":-119.92999461497,"ROIC_YEARLY":-96.517103894603,"TOTAL_ASSETS":317198719.5,"TOTAL_LIABILITIES":82626778.2,"TAX_EBT":-0.698474102729,"OCF_SALES":-35.091305532843,"TOTAL_PARENT_EQUITY":197182368,"DEBT_ASSET_RATIO":26.0489003014,"OPERATE_PROFIT":-169892724.9,"PRETAX_PROFIT":-527292849.6,"NETCASH_OPERATE":-18237952.5,"NETCASH_INVEST":-15213639.6,"NETCASH_FINANCE":26432636.4,"END_CASH":5149122.9,"DIVI_RATIO":null,"DIVIDEND_RATE":null,"CURRENT_RATIO":3.65632980664,"COMMON_ACS":500000000000,"CURRENTDEBT_DEBT":23.495628321618,"ISSUED_COMMON_SHARES":89619494,"HK_COMMON_SHARES":89619494,"PER_SHARES":4000,"TOTAL_MARKET_CAP":74384180.02,"HKSK_MARKET_CAP":74384180.02,"PE_TTM":-0.145868800721,"PB_TTM":0.367481970308,"REPORT_DATE_SQ":"2022-12-31 00:00:00","REPORT_TYPE_SQ":"2022年年报","OPERATE_INCOME_SQ":59554294.6,"DPS_HKD":null,"OPERATE_INCOME_QOQ_SQ":43.715585902323,"NET_PROFIT_RATIO_SQ":-345.3046427318,"HOLDER_PROFIT_SQ":-194820755.8,"HOLDER_PROFIT_QOQ_SQ":6.678722644445,"ROE_AVG_SQ":-34.477106057805,"PE_TTM_SQ":-1.268672934571,"PB_TTM_SQ":0.224596753866,"ROA_SQ":-22.316182483237,"START_DATE":"2023-01-01 00:00:00","FISCAL_YEAR":"12-31","CURRENCY":"HKD","IS_CNY_CODE":0,"DPS_HKD_LY":null,"ORG_TYPE":"一般企业","PREMIUM_INCOME":null,"PREMIUM_INCOME_YOY":null,"NET_INTEREST_INCOME":null,"NET_INTEREST_INCOME_YOY":null,"FEE_COMMISSION_INCOME":null,"FEE_COMMISSION_INCOME_YOY":null,"ACCOUNTS_RECE_TDAYS":2.394127243067,"INVENTORY_TDAYS":null,"CURRENT_ASSETS_TDAYS":0.736192626035,"TOTAL_ASSETS_TDAYS":0.091951430397,"PREMIUM_EXPENSE":null,"LOAN_DEPOSIT":null,"LOAN_EQUITY":null,"LOAN_ASSETS":null,"DEPOSIT_EQUITY":null,"DEPOSIT_ASSETS":null,"EQUITY_MULTIPLIER":1.352244934931,"EQUITY_RATIO":0.419037356322},{"SECUCODE":"00471.HK","SECURITY_CODE":"00471","SECURITY_NAME_ABBR":"中播数据","ORG_CODE":"10008916","STD_REPORT_DATE":"2023-06-30 00:00:00","REPORT_DATE":"2023-06-30 00:00:00","DATE_TYPE_CODE":"002","REPORT_TYPE":"2023年中报","PER_NETCASH_OPERATE":-0.006752222783,"PER_OI":0.01503847011,"BPS":6.89647726643,"BASIC_EPS":-0.01372902,"DILUTED_EPS":-0.01372902,"OPERATE_INCOME":25926170.4,"OPERATE_INCOME_YOY":11.3248526218,"GROSS_PROFIT":8511992.4,"GROSS_PROFIT_YOY":-11.863193661981,"HOLDER_PROFIT":-14877922.2,"HOLDER_PROFIT_YOY":86.0169779287,"GROSS_PROFIT_RATIO":32.831661092531,"EPS_TTM":-0.064312043691,"OPERATE_INCOME_QOQ":7.212457521074,"NET_PROFIT_RATIO":-61.3433667781,"ROE_AVG":-2.435029417852,"GROSS_PROFIT_QOQ":-6.681766742724,"ROA":-1.819121538346,"HOLDER_PROFIT_QOQ":43.089578651558,"ROE_YEARLY":-4.870058835704,"ROIC_YEARLY":-4.166982883799,"TOTAL_ASSETS":806052441.6,"TOTAL_LIABILITIES":91948305,"TAX_EBT":null,"OCF_SALES":-44.89966555184,"TOTAL_PARENT_EQUITY":618058803,"DEBT_ASSET_RATIO":11.4072360872,"OPERATE_PROFIT":-3569545.2,"PRETAX_PROFIT":-15903985.8,"NETCASH_OPERATE":-15369276.6,"NETCASH_INVEST":7225.8,"NETCASH_FINANCE":4971350.4,"END_CASH":5751736.8,"DIVI_RATIO":null,"DIVIDEND_RATE":null,"CURRENT_RATIO":2.089164237123,"COMMON_ACS":500000000000,"CURRENTDEBT_DEBT":32.345776031434,"ISSUED_COMMON_SHARES":89619494,"HK_COMMON_SHARES":89619494,"PER_SHARES":4000,"TOTAL_MARKET_CAP":74384180.02,"HKSK_MARKET_CAP":74384180.02,"PE_TTM":-0.145868800721,"PB_TTM":0.367481970308,"REPORT_DATE_SQ":"2022-06-30 00:00:00","REPORT_TYPE_SQ":"2022年中报","OPERATE_INCOME_SQ":21630842.2,"DPS_HKD":null,"OPERATE_INCOME_QOQ_SQ":13.568423075524,"NET_PROFIT_RATIO_SQ":-506.3915606578,"HOLDER_PROFIT_SQ":-98825365,"HOLDER_PROFIT_QOQ_SQ":7.600477503861,"ROE_AVG_SQ":-18.073250362079,"PE_TTM_SQ":-1.268672934571,"PB_TTM_SQ":0.224596753866,"ROA_SQ":-11.326923076923,"START_DATE":"2023-01-01 00:00:00","FISCAL_YEAR":"12-31","CURRENCY":"HKD","IS_CNY_CODE":0,"DPS_HKD_LY":null,"ORG_TYPE":"一般企业","PREMIUM_INCOME":null,"PREMIUM_INCOME_YOY":null,"NET_INTEREST_INCOME":null,"NET_INTEREST_INCOME_YOY":null,"FEE_COMMISSION_INCOME":null,"FEE_COMMISSION_INCOME_YOY":null,"ACCOUNTS_RECE_TDAYS":1.371297534875,"INVENTORY_TDAYS":null,"CURRENT_ASSETS_TDAYS":0.387640449438,"TOTAL_ASSETS_TDAYS":0.031699893539,"PREMIUM_EXPENSE":null,"LOAN_DEPOSIT":null,"LOAN_EQUITY":null,"LOAN_ASSETS":null,"DEPOSIT_EQUITY":null,"DEPOSIT_ASSETS":null,"EQUITY_MULTIPLIER":1.128760359011,"EQUITY_RATIO":0.148769509557},{"SECUCODE":"00471.HK","SECURITY_CODE":"00471","SECURITY_NAME_ABBR":"中播数据","ORG_CODE":"10008916","STD_REPORT_DATE":"2022-12-31 00:00:00","REPORT_DATE":"2022-12-31 00:00:00","DATE_TYPE_CODE":"001","REPORT_TYPE":"2022年年报","PER_NETCASH_OPERATE":-0.030024552571,"PER_OI":0.038624935917,"BPS":6.495252785069,"BASIC_EPS":-0.1601858,"DILUTED_EPS":-0.1601858,"OPERATE_INCOME":59554294.6,"OPERATE_INCOME_YOY":49.4146426699,"GROSS_PROFIT":17146845.2,"GROSS_PROFIT_YOY":78.342566348048,"HOLDER_PROFIT":-194820755.8,"HOLDER_PROFIT_YOY":21.0627310438,"GROSS_PROFIT_RATIO":28.791954157409,"EPS_TTM":-0.126354266448,"OPERATE_INCOME_QOQ":43.715585902323,"NET_PROFIT_RATIO":-345.3046427318,"ROE_AVG":-34.477106057805,"GROSS_PROFIT_QOQ":41.767001947923,"ROA":-22.316182483237,"HOLDER_PROFIT_QOQ":6.678722644445,"ROE_YEARLY":-34.477106057805,"ROIC_YEARLY":-25.486185454297,"TOTAL_ASSETS":799682336.6,"TOTAL_LIABILITIES":124018632.2,"TAX_EBT":-0.057607590647,"OCF_SALES":-77.733598409543,"TOTAL_PARENT_EQUITY":582101268,"DEBT_ASSET_RATIO":15.5084871234,"OPERATE_PROFIT":-47630899.4,"PRETAX_PROFIT":-205525346,"NETCASH_OPERATE":-46293696.2,"NETCASH_INVEST":-8183405,"NETCASH_FINANCE":59185170.8,"END_CASH":11965182.8,"DIVI_RATIO":null,"DIVIDEND_RATE":null,"CURRENT_RATIO":2.580838323353,"COMMON_ACS":500000000000,"CURRENTDEBT_DEBT":21.570169034649,"ISSUED_COMMON_SHARES":89619494,"HK_COMMON_SHARES":89619494,"PER_SHARES":4000,"TOTAL_MARKET_CAP":74384180.02,"HKSK_MARKET_CAP":74384180.02,"PE_TTM":-0.145868800721,"PB_TTM":0.367481970308,"REPORT_DATE_SQ":"2021-12-31 00:00:00","REPORT_TYPE_SQ":"2021年年报","OPERATE_INCOME_SQ":36488131.1,"DPS_HKD":null,"OPERATE_INCOME_QOQ_SQ":77.575758068324,"NET_PROFIT_RATIO_SQ":-663.4806919448,"HOLDER_PROFIT_SQ":-225935680.9,"HOLDER_PROFIT_QOQ_SQ":73.2302933631,"ROE_AVG_SQ":-38.353184373867,"PE_TTM_SQ":-1.268672934571,"PB_TTM_SQ":0.224596753866,"ROA_SQ":-22.045818622953,"START_DATE":"2022-01-01 00:00:00","FISCAL_YEAR":"12-31","CURRENCY":"HKD","IS_CNY_CODE":0,"DPS_HKD_LY":null,"ORG_TYPE":"一般企业","PREMIUM_INCOME":null,"PREMIUM_INCOME_YOY":null,"NET_INTEREST_INCOME":null,"NET_INTEREST_INCOME_YOY":null,"FEE_COMMISSION_INCOME":null,"FEE_COMMISSION_INCOME_YOY":null,"ACCOUNTS_RECE_TDAYS":4.345020325203,"INVENTORY_TDAYS":null,"CURRENT_ASSETS_TDAYS":0.983495313129,"TOTAL_ASSETS_TDAYS":0.068217808749,"PREMIUM_EXPENSE":null,"LOAN_DEPOSIT":null,"LOAN_EQUITY":null,"LOAN_ASSETS":null,"DEPOSIT_EQUITY":null,"DEPOSIT_ASSETS":null,"EQUITY_MULTIPLIER":1.183550827715,"EQUITY_RATIO":0.213053362048},{"SECUCODE":"00471.HK","SECURITY_CODE":"00471","SECURITY_NAME_ABBR":"中播数据","ORG_CODE":"10008916","STD_REPORT_DATE":"2022-06-30 00:00:00","REPORT_DATE":"2022-06-30 00:00:00","DATE_TYPE_CODE":"002","REPORT_TYPE":"2022年中报","PER_NETCASH_OPERATE":-0.007105614651,"PER_OI":0.016716347461,"BPS":6.309889913014,"BASIC_EPS":-0.10335556,"DILUTED_EPS":-0.10335556,"OPERATE_INCOME":21630842.2,"OPERATE_INCOME_YOY":24.8257164988,"GROSS_PROFIT":9657704.6,"GROSS_PROFIT_YOY":34.561437444344,"HOLDER_PROFIT":-98825365,"HOLDER_PROFIT_YOY":17.9939852974,"GROSS_PROFIT_RATIO":44.647843623953,"EPS_TTM":-0.161332740018,"OPERATE_INCOME_QOQ":13.568423075524,"NET_PROFIT_RATIO":-506.3915606578,"ROE_AVG":-18.073250362079,"GROSS_PROFIT_QOQ":25.799772794491,"ROA":-11.326923076923,"HOLDER_PROFIT_QOQ":7.600477503861,"ROE_YEARLY":-36.146500724157,"ROIC_YEARLY":-25.736145520644,"TOTAL_ASSETS":833045813.6,"TOTAL_LIABILITIES":177677603.6,"TAX_EBT":null,"OCF_SALES":-42.506981073534,"TOTAL_PARENT_EQUITY":565489141.2,"DEBT_ASSET_RATIO":21.3286713287,"OPERATE_PROFIT":-39456320.6,"PRETAX_PROFIT":-109536759.4,"NETCASH_OPERATE":-9194618,"NETCASH_INVEST":6711.4,"NETCASH_FINANCE":17650982,"END_CASH":11523473.8,"DIVI_RATIO":null,"DIVIDEND_RATE":null,"CURRENT_RATIO":0.935340206186,"COMMON_ACS":500000000000,"CURRENTDEBT_DEBT":45.799652489235,"ISSUED_COMMON_SHARES":89619494,"HK_COMMON_SHARES":89619494,"PER_SHARES":4000,"TOTAL_MARKET_CAP":74384180.02,"HKSK_MARKET_CAP":74384180.02,"PE_TTM":-0.145868800721,"PB_TTM":0.367481970308,"REPORT_DATE_SQ":"2021-06-30 00:00:00","REPORT_TYPE_SQ":"2021年中报","OPERATE_INCOME_SQ":16679978.2,"DPS_HKD":null,"OPERATE_INCOME_QOQ_SQ":-18.752442516744,"NET_PROFIT_RATIO_SQ":-843.2610379551,"HOLDER_PROFIT_SQ":-115997555.6,"HOLDER_PROFIT_QOQ_SQ":-1.292304776499,"ROE_AVG_SQ":-18.18319907241,"PE_TTM_SQ":-1.268672934571,"PB_TTM_SQ":0.224596753866,"ROA_SQ":-10.169366736611,"START_DATE":"2022-01-01 00:00:00","FISCAL_YEAR":"12-31","CURRENCY":"HKD","IS_CNY_CODE":0,"DPS_HKD_LY":null,"ORG_TYPE":"一般企业","PREMIUM_INCOME":null,"PREMIUM_INCOME_YOY":null,"NET_INTEREST_INCOME":null,"NET_INTEREST_INCOME_YOY":null,"FEE_COMMISSION_INCOME":null,"FEE_COMMISSION_INCOME_YOY":null,"ACCOUNTS_RECE_TDAYS":2.242867084203,"INVENTORY_TDAYS":null,"CURRENT_ASSETS_TDAYS":0.342562576394,"TOTAL_ASSETS_TDAYS":0.024792307692,"PREMIUM_EXPENSE":null,"LOAN_DEPOSIT":null,"LOAN_EQUITY":null,"LOAN_ASSETS":null,"DEPOSIT_EQUITY":null,"DEPOSIT_ASSETS":null,"EQUITY_MULTIPLIER":1.271111111112,"EQUITY_RATIO":0.314201618837},{"SECUCODE":"00471.HK","SECURITY_CODE":"00471","SECURITY_NAME_ABBR":"中播数据","ORG_CODE":"10008916","STD_REPORT_DATE":"2021-12-31 00:00:00","REPORT_DATE":"2021-12-31 00:00:00","DATE_TYPE_CODE":"001","REPORT_TYPE":"2021年年报","PER_NETCASH_OPERATE":-0.042466995662,"PER_OI":0.07611607146,"BPS":5.598155162536,"BASIC_EPS":-0.66179766,"DILUTED_EPS":-0.82119016,"OPERATE_INCOME":36488131.1,"OPERATE_INCOME_YOY":47.6522187822,"GROSS_PROFIT":9614555.6,"GROSS_PROFIT_YOY":144.770381022884,"HOLDER_PROFIT":-225935680.9,"HOLDER_PROFIT_YOY":72.2498042287,"GROSS_PROFIT_RATIO":26.349816529792,"EPS_TTM":-0.471313161687,"OPERATE_INCOME_QOQ":77.575758068324,"NET_PROFIT_RATIO":-663.4806919448,"ROE_AVG":-38.353184373867,"GROSS_PROFIT_QOQ":643.600129902082,"ROA":-22.045818622953,"HOLDER_PROFIT_QOQ":73.2302933631,"ROE_YEARLY":-38.353184373867,"ROIC_YEARLY":-24.653026582164,"TOTAL_ASSETS":866304613.2,"TOTAL_LIABILITIES":269041788.6,"TAX_EBT":null,"OCF_SALES":-55.792416564739,"TOTAL_PARENT_EQUITY":501703833,"DEBT_ASSET_RATIO":31.0562571757,"OPERATE_PROFIT":72957135.1,"PRETAX_PROFIT":-242091704.7,"NETCASH_OPERATE":-16213405.1,"NETCASH_INVEST":6375700,"NETCASH_FINANCE":13631246.6,"END_CASH":6643479.4,"DIVI_RATIO":null,"DIVIDEND_RATE":null,"CURRENT_RATIO":1.133070627463,"COMMON_ACS":500000000000,"CURRENTDEBT_DEBT":15.635812123797,"ISSUED_COMMON_SHARES":89619494,"HK_COMMON_SHARES":89619494,"PER_SHARES":4000,"TOTAL_MARKET_CAP":74384180.02,"HKSK_MARKET_CAP":74384180.02,"PE_TTM":-0.145868800721,"PB_TTM":0.367481970308,"REPORT_DATE_SQ":"2020-12-31 00:00:00","REPORT_TYPE_SQ":"2020年年报","OPERATE_INCOME_SQ":25290512.4,"DPS_HKD":null,"OPERATE_INCOME_QOQ_SQ":-47.876049663427,"NET_PROFIT_RATIO_SQ":-3436.3261093911,"HOLDER_PROFIT_SQ":-833229730,"HOLDER_PROFIT_QOQ_SQ":-226.715875481803,"ROE_AVG_SQ":-76.545903565349,"PE_TTM_SQ":-1.268672934571,"PB_TTM_SQ":0.224596753866,"ROA_SQ":-50.909757770017,"START_DATE":"2021-01-01 00:00:00","FISCAL_YEAR":"12-31","CURRENCY":"HKD","IS_CNY_CODE":0,"DPS_HKD_LY":null,"ORG_TYPE":"一般企业","PREMIUM_INCOME":null,"PREMIUM_INCOME_YOY":null,"NET_INTEREST_INCOME":null,"NET_INTEREST_INCOME_YOY":null,"FEE_COMMISSION_INCOME":null,"FEE_COMMISSION_INCOME_YOY":null,"ACCOUNTS_RECE_TDAYS":4.467603434817,"INVENTORY_TDAYS":null,"CURRENT_ASSETS_TDAYS":0.880800307811,"TOTAL_ASSETS_TDAYS":0.035603527381,"PREMIUM_EXPENSE":null,"LOAN_DEPOSIT":null,"LOAN_EQUITY":null,"LOAN_ASSETS":null,"DEPOSIT_EQUITY":null,"DEPOSIT_ASSETS":null,"EQUITY_MULTIPLIER":1.450457951708,"EQUITY_RATIO":0.536256195196},{"SECUCODE":"00471.HK","SECURITY_CODE":"00471","SECURITY_NAME_ABBR":"中播数据","ORG_CODE":"10008916","STD_REPORT_DATE":"2021-06-30 00:00:00","REPORT_DATE":"2021-06-30 00:00:00","DATE_TYPE_CODE":"002","REPORT_TYPE":"2021年中报","PER_NETCASH_OPERATE":-0.006092534998,"PER_OI":0.046267427545,"BPS":6.58830119929,"BASIC_EPS":-0.39019004,"DILUTED_EPS":-0.39019004,"OPERATE_INCOME":16679978.2,"OPERATE_INCOME_YOY":-14.6728354263,"GROSS_PROFIT":7177171.1,"GROSS_PROFIT_YOY":-26.854521830862,"HOLDER_PROFIT":-115997555.6,"HOLDER_PROFIT_YOY":-20.8019375673,"GROSS_PROFIT_RATIO":43.028659953524,"EPS_TTM":-2.341106039058,"OPERATE_INCOME_QOQ":-18.752442516744,"NET_PROFIT_RATIO":-843.2610379551,"ROE_AVG":-18.18319907241,"GROSS_PROFIT_QOQ":-67.083063708567,"ROA":-10.169366736611,"HOLDER_PROFIT_QOQ":-1.292304776499,"ROE_YEARLY":-36.36639814482,"ROIC_YEARLY":-22.415509595189,"TOTAL_ASSETS":1082260553,"TOTAL_LIABILITIES":403284662.7,"TAX_EBT":null,"OCF_SALES":-13.168086754454,"TOTAL_PARENT_EQUITY":590440219.8,"DEBT_ASSET_RATIO":37.2631767445,"OPERATE_PROFIT":-60783080.9,"PRETAX_PROFIT":-140655757.3,"NETCASH_OPERATE":-2196434,"NETCASH_INVEST":6460.1,"NETCASH_FINANCE":10943409.4,"END_CASH":6744344.4,"DIVI_RATIO":null,"DIVIDEND_RATE":null,"CURRENT_RATIO":0.946022255439,"COMMON_ACS":500000000000,"CURRENTDEBT_DEBT":9.644865202557,"ISSUED_COMMON_SHARES":89619494,"HK_COMMON_SHARES":89619494,"PER_SHARES":4000,"TOTAL_MARKET_CAP":74384180.02,"HKSK_MARKET_CAP":74384180.02,"PE_TTM":-0.145868800721,"PB_TTM":0.367481970308,"REPORT_DATE_SQ":"2020-06-30 00:00:00","REPORT_TYPE_SQ":"2020年中报","OPERATE_INCOME_SQ":21422567,"DPS_HKD":null,"OPERATE_INCOME_QOQ_SQ":-2.767118053392,"NET_PROFIT_RATIO_SQ":-534.2035690681,"HOLDER_PROFIT_SQ":-105229688,"HOLDER_PROFIT_QOQ_SQ":-28.705199676607,"ROE_AVG_SQ":-6.710897307108,"PE_TTM_SQ":-1.268672934571,"PB_TTM_SQ":0.224596753866,"ROA_SQ":-4.833090280657,"START_DATE":"2021-01-01 00:00:00","FISCAL_YEAR":"12-31","CURRENCY":"HKD","IS_CNY_CODE":0,"DPS_HKD_LY":null,"ORG_TYPE":"一般企业","PREMIUM_INCOME":null,"PREMIUM_INCOME_YOY":null,"NET_INTEREST_INCOME":null,"NET_INTEREST_INCOME_YOY":null,"FEE_COMMISSION_INCOME":null,"FEE_COMMISSION_INCOME_YOY":null,"ACCOUNTS_RECE_TDAYS":3.447263017356,"INVENTORY_TDAYS":null,"CURRENT_ASSETS_TDAYS":0.460454748105,"TOTAL_ASSETS_TDAYS":0.014623137065,"PREMIUM_EXPENSE":null,"LOAN_DEPOSIT":null,"LOAN_EQUITY":null,"LOAN_ASSETS":null,"DEPOSIT_EQUITY":null,"DEPOSIT_ASSETS":null,"EQUITY_MULTIPLIER":1.593960210461,"EQUITY_RATIO":0.683023698549},{"SECUCODE":"00471.HK","SECURITY_CODE":"00471","SECURITY_NAME_ABBR":"中播数据","ORG_CODE":"10008916","STD_REPORT_DATE":"2020-12-31 00:00:00","REPORT_DATE":"2020-12-31 00:00:00","DATE_TYPE_CODE":"001","REPORT_TYPE":"2020年年报","PER_NETCASH_OPERATE":-0.242589635703,"PER_OI":0.090997525209,"BPS":7.725009747321,"BASIC_EPS":-3.44188475,"DILUTED_EPS":-3.44188475,"OPERATE_INCOME":25290512.4,"OPERATE_INCOME_YOY":-45.8129456172,"GROSS_PROFIT":3927989.8,"GROSS_PROFIT_YOY":-79.702386817414,"HOLDER_PROFIT":-833229730,"HOLDER_PROFIT_YOY":-349.5845655541,"GROSS_PROFIT_RATIO":15.531475748194,"EPS_TTM":-2.998035079767,"OPERATE_INCOME_QOQ":-47.876049663427,"NET_PROFIT_RATIO":-3436.3261093911,"ROE_AVG":-76.545903565349,"GROSS_PROFIT_QOQ":-80.95592893797,"ROA":-50.909757770017,"HOLDER_PROFIT_QOQ":-226.715875481803,"ROE_YEARLY":-76.545903565349,"ROIC_YEARLY":-55.479887997532,"TOTAL_ASSETS":1211080164.1,"TOTAL_LIABILITIES":404439401.6,"TAX_EBT":null,"OCF_SALES":-266.589267285862,"TOTAL_PARENT_EQUITY":692311464.7,"DEBT_ASSET_RATIO":33.3949323578,"OPERATE_PROFIT":-183460613.3,"PRETAX_PROFIT":-869064480.8,"NETCASH_OPERATE":-67421791.7,"NETCASH_INVEST":null,"NETCASH_FINANCE":68674572.5,"END_CASH":2916630.3,"DIVI_RATIO":null,"DIVIDEND_RATE":null,"CURRENT_RATIO":0.643390067615,"COMMON_ACS":500000000000,"CURRENTDEBT_DEBT":13.839055240062,"ISSUED_COMMON_SHARES":89619494,"HK_COMMON_SHARES":89619494,"PER_SHARES":4000,"TOTAL_MARKET_CAP":74384180.02,"HKSK_MARKET_CAP":74384180.02,"PE_TTM":-0.145868800721,"PB_TTM":0.367481970308,"REPORT_DATE_SQ":"2019-12-31 00:00:00","REPORT_TYPE_SQ":"2019年年报","OPERATE_INCOME_SQ":49900758.6,"DPS_HKD":null,"OPERATE_INCOME_QOQ_SQ":2.895504557767,"NET_PROFIT_RATIO_SQ":-445.5053823571,"HOLDER_PROFIT_SQ":-198151984.8,"HOLDER_PROFIT_QOQ_SQ":-35.942092884566,"ROE_AVG_SQ":-11.667067152178,"PE_TTM_SQ":-1.268672934571,"PB_TTM_SQ":0.224596753866,"ROA_SQ":-8.583927046895,"START_DATE":"2020-01-01 00:00:00","FISCAL_YEAR":"12-31","CURRENCY":"HKD","IS_CNY_CODE":0,"DPS_HKD_LY":null,"ORG_TYPE":"一般企业","PREMIUM_INCOME":null,"PREMIUM_INCOME_YOY":null,"NET_INTEREST_INCOME":null,"NET_INTEREST_INCOME_YOY":null,"FEE_COMMISSION_INCOME":null,"FEE_COMMISSION_INCOME_YOY":null,"ACCOUNTS_RECE_TDAYS":3.33850129199,"INVENTORY_TDAYS":null,"CURRENT_ASSETS_TDAYS":0.523006341924,"TOTAL_ASSETS_TDAYS":0.015452327417,"PREMIUM_EXPENSE":null,"LOAN_DEPOSIT":null,"LOAN_EQUITY":null,"LOAN_ASSETS":null,"DEPOSIT_EQUITY":null,"DEPOSIT_ASSETS":null,"EQUITY_MULTIPLIER":1.501387259858,"EQUITY_RATIO":0.584187063514},{"SECUCODE":"00471.HK","SECURITY_CODE":"00471","SECURITY_NAME_ABBR":"中播数据","ORG_CODE":"10008916","STD_REPORT_DATE":"2020-06-30 00:00:00","REPORT_DATE":"2020-06-30 00:00:00","DATE_TYPE_CODE":"002","REPORT_TYPE":"2020年中报","PER_NETCASH_OPERATE":0.028777644393,"PER_OI":0.094345776743,"BPS":17.017754262259,"BASIC_EPS":-0.495565,"DILUTED_EPS":-0.495565,"OPERATE_INCOME":21422567,"OPERATE_INCOME_YOY":-8.7729876394,"GROSS_PROFIT":9812187,"GROSS_PROFIT_YOY":14.918637819874,"HOLDER_PROFIT":-105229688,"HOLDER_PROFIT_YOY":-111.3465093132,"GROSS_PROFIT_RATIO":45.803040317251,"EPS_TTM":-1.123169946263,"OPERATE_INCOME_QOQ":-2.767118053392,"NET_PROFIT_RATIO":-534.2035690681,"ROE_AVG":-6.710897307108,"GROSS_PROFIT_QOQ":6.582322217095,"ROA":-4.833090280657,"HOLDER_PROFIT_QOQ":-28.705199676607,"ROE_YEARLY":-13.421794614216,"ROIC_YEARLY":-10.462079887383,"TOTAL_ASSETS":2116982885,"TOTAL_LIABILITIES":438143175.5,"TAX_EBT":-1.481574486785,"OCF_SALES":30.502313284865,"TOTAL_PARENT_EQUITY":1525122526,"DEBT_ASSET_RATIO":20.6965856269,"OPERATE_PROFIT":-46930005.5,"PRETAX_PROFIT":-112769355.5,"NETCASH_OPERATE":6534378.5,"NETCASH_INVEST":null,"NETCASH_FINANCE":5040604,"END_CASH":12205058,"DIVI_RATIO":null,"DIVIDEND_RATE":null,"CURRENT_RATIO":0.534295385712,"COMMON_ACS":500000000000,"CURRENTDEBT_DEBT":18.138926141964,"ISSUED_COMMON_SHARES":89619494,"HK_COMMON_SHARES":89619494,"PER_SHARES":4000,"TOTAL_MARKET_CAP":74384180.02,"HKSK_MARKET_CAP":74384180.02,"PE_TTM":-0.145868800721,"PB_TTM":0.367481970308,"REPORT_DATE_SQ":"2019-06-30 00:00:00","REPORT_TYPE_SQ":"2019年中报","OPERATE_INCOME_SQ":22803379.9,"DPS_HKD":null,"OPERATE_INCOME_QOQ_SQ":9.214376637319,"NET_PROFIT_RATIO_SQ":-210.2803738318,"HOLDER_PROFIT_SQ":-48349765.1,"HOLDER_PROFIT_QOQ_SQ":-185.610309475407,"ROE_AVG_SQ":-2.763104908018,"PE_TTM_SQ":-1.268672934571,"PB_TTM_SQ":0.224596753866,"ROA_SQ":-2.065767966057,"START_DATE":"2020-01-01 00:00:00","FISCAL_YEAR":"12-31","CURRENCY":"HKD","IS_CNY_CODE":0,"DPS_HKD_LY":null,"ORG_TYPE":"一般企业","PREMIUM_INCOME":null,"PREMIUM_INCOME_YOY":null,"NET_INTEREST_INCOME":null,"NET_INTEREST_INCOME_YOY":null,"FEE_COMMISSION_INCOME":null,"FEE_COMMISSION_INCOME_YOY":null,"ACCOUNTS_RECE_TDAYS":2.641641204714,"INVENTORY_TDAYS":null,"CURRENT_ASSETS_TDAYS":0.395529703941,"TOTAL_ASSETS_TDAYS":0.009839162533,"PREMIUM_EXPENSE":null,"LOAN_DEPOSIT":null,"LOAN_EQUITY":null,"LOAN_ASSETS":null,"DEPOSIT_EQUITY":null,"DEPOSIT_ASSETS":null,"EQUITY_MULTIPLIER":1.260979754661,"EQUITY_RATIO":0.287283918525}],"count":41},"success":true,"message":"ok","code":0}