{"version":"dc02b073f7d214f983bdbc97f3b6072e","result":{"pages":5,"data":[{"SECUCODE":"00475.HK","SECURITY_CODE":"00475","SECURITY_NAME_ABBR":"中发展控股","ORG_CODE":"10099571","STD_REPORT_DATE":"2024-06-30 00:00:00","REPORT_DATE":"2024-09-30 00:00:00","DATE_TYPE_CODE":"002","REPORT_TYPE":"2024年中报","PER_NETCASH_OPERATE":-0.050899540649,"PER_OI":0.189831061248,"BPS":0.023575422478,"BASIC_EPS":-0.021552781,"DILUTED_EPS":-0.028226027,"OPERATE_INCOME":78225773.55,"OPERATE_INCOME_YOY":-4.3784516684,"GROSS_PROFIT":5279078.66,"GROSS_PROFIT_YOY":62.558606254179,"HOLDER_PROFIT":-8378530.89,"HOLDER_PROFIT_YOY":21.9768223043,"GROSS_PROFIT_RATIO":6.748515764597,"EPS_TTM":-0.072628978698,"OPERATE_INCOME_QOQ":0,"NET_PROFIT_RATIO":-9.7515706957,"ROE_AVG":-126.305057096248,"GROSS_PROFIT_QOQ":0,"ROA":-3.432498083513,"HOLDER_PROFIT_QOQ":0,"ROE_YEARLY":-252.610114192496,"ROIC_YEARLY":-8.14656986532,"TOTAL_ASSETS":254334539.07,"TOTAL_LIABILITIES":222206466.74,"TAX_EBT":14.873704337325,"OCF_SALES":-26.813072799585,"TOTAL_PARENT_EQUITY":9714983.67,"DEBT_ASSET_RATIO":87.367790294,"OPERATE_PROFIT":-2128224.4,"PRETAX_PROFIT":-8961087.23,"NETCASH_OPERATE":-20974733.61,"NETCASH_INVEST":9919.69,"NETCASH_FINANCE":24280695.75,"END_CASH":18153032.7,"DIVI_RATIO":null,"DIVIDEND_RATE":null,"CURRENT_RATIO":1.254541529161,"COMMON_ACS":10000000000,"CURRENTDEBT_DEBT":26.316729300423,"ISSUED_COMMON_SHARES":412081000,"HK_COMMON_SHARES":412081000,"PER_SHARES":2000,"TOTAL_MARKET_CAP":185436450,"HKSK_MARKET_CAP":185436450,"PE_TTM":-6.521874230647,"PB_TTM":17.213074352548,"REPORT_DATE_SQ":"2023-06-30 00:00:00","REPORT_TYPE_SQ":"2023年中报","OPERATE_INCOME_SQ":83244640.71,"DPS_HKD":null,"OPERATE_INCOME_QOQ_SQ":0,"NET_PROFIT_RATIO_SQ":-13.3249556312,"HOLDER_PROFIT_SQ":-10927138.04,"HOLDER_PROFIT_QOQ_SQ":0,"ROE_AVG_SQ":-52.007948813137,"PE_TTM_SQ":-14.69336043956,"PB_TTM_SQ":16.783980418,"ROA_SQ":-4.621145972796,"START_DATE":"2024-04-01 00:00:00","FISCAL_YEAR":"3-31","CURRENCY":"HKD","IS_CNY_CODE":0,"DPS_HKD_LY":null,"ORG_TYPE":"一般企业","PREMIUM_INCOME":null,"PREMIUM_INCOME_YOY":null,"NET_INTEREST_INCOME":null,"NET_INTEREST_INCOME_YOY":null,"FEE_COMMISSION_INCOME":null,"FEE_COMMISSION_INCOME_YOY":null,"ACCOUNTS_RECE_TDAYS":14.443056943057,"INVENTORY_TDAYS":24.676937156803,"CURRENT_ASSETS_TDAYS":1.327990447103,"TOTAL_ASSETS_TDAYS":0.320473626363,"PREMIUM_EXPENSE":null,"LOAN_DEPOSIT":null,"LOAN_EQUITY":null,"LOAN_ASSETS":null,"DEPOSIT_EQUITY":null,"DEPOSIT_ASSETS":null,"EQUITY_MULTIPLIER":7.916271367194,"EQUITY_RATIO":22.872551749745},{"SECUCODE":"00475.HK","SECURITY_CODE":"00475","SECURITY_NAME_ABBR":"中发展控股","ORG_CODE":"10099571","STD_REPORT_DATE":"2023-12-31 00:00:00","REPORT_DATE":"2024-03-31 00:00:00","DATE_TYPE_CODE":"001","REPORT_TYPE":"2023年年报","PER_NETCASH_OPERATE":-0.023341854378,"PER_OI":0.44103450256,"BPS":0.008665530442,"BASIC_EPS":-0.072614655,"DILUTED_EPS":-0.072614655,"OPERATE_INCOME":170929095.95,"OPERATE_INCOME_YOY":-23.939360934,"GROSS_PROFIT":7013070.8,"GROSS_PROFIT_YOY":72.468982671616,"HOLDER_PROFIT":-28148377.5,"HOLDER_PROFIT_YOY":-160.7928775407,"GROSS_PROFIT_RATIO":4.102912240319,"EPS_TTM":-0.041985951585,"OPERATE_INCOME_QOQ":0,"NET_PROFIT_RATIO":-16.4567300808,"ROE_AVG":-183.733246545756,"GROSS_PROFIT_QOQ":0,"ROA":-12.050367041373,"HOLDER_PROFIT_QOQ":0,"ROE_YEARLY":-183.733246545756,"ROIC_YEARLY":-14.194837285106,"TOTAL_ASSETS":235088359.1,"TOTAL_LIABILITIES":209860885.7,"TAX_EBT":-0.466245750364,"OCF_SALES":-5.292523428923,"TOTAL_PARENT_EQUITY":3570900.45,"DEBT_ASSET_RATIO":89.2689397737,"OPERATE_PROFIT":-15701446,"PRETAX_PROFIT":-27998796.75,"NETCASH_OPERATE":-9046462.45,"NETCASH_INVEST":-63458.5,"NETCASH_FINANCE":12429707.05,"END_CASH":14767699.5,"DIVI_RATIO":null,"DIVIDEND_RATE":null,"CURRENT_RATIO":1.348278031567,"COMMON_ACS":10000000000,"CURRENTDEBT_DEBT":15.791769981079,"ISSUED_COMMON_SHARES":412081000,"HK_COMMON_SHARES":412081000,"PER_SHARES":2000,"TOTAL_MARKET_CAP":185436450,"HKSK_MARKET_CAP":185436450,"PE_TTM":-6.521874230647,"PB_TTM":17.213074352548,"REPORT_DATE_SQ":"2022-12-31 00:00:00","REPORT_TYPE_SQ":"2022年年报","OPERATE_INCOME_SQ":217008011.13,"DPS_HKD":null,"OPERATE_INCOME_QOQ_SQ":0,"NET_PROFIT_RATIO_SQ":-5.9130350595,"HOLDER_PROFIT_SQ":-10422631.46,"HOLDER_PROFIT_QOQ_SQ":0,"ROE_AVG_SQ":-44.05061417789,"PE_TTM_SQ":-14.054518681319,"PB_TTM_SQ":16.054242138957,"ROA_SQ":-4.7810364802,"START_DATE":"2023-04-01 00:00:00","FISCAL_YEAR":"3-31","CURRENCY":"HKD","IS_CNY_CODE":0,"DPS_HKD_LY":null,"ORG_TYPE":"一般企业","PREMIUM_INCOME":null,"PREMIUM_INCOME_YOY":null,"NET_INTEREST_INCOME":null,"NET_INTEREST_INCOME_YOY":null,"FEE_COMMISSION_INCOME":null,"FEE_COMMISSION_INCOME_YOY":null,"ACCOUNTS_RECE_TDAYS":61.386618915839,"INVENTORY_TDAYS":70.478659130774,"CURRENT_ASSETS_TDAYS":4.348053685084,"TOTAL_ASSETS_TDAYS":0.731750291557,"PREMIUM_EXPENSE":null,"LOAN_DEPOSIT":null,"LOAN_EQUITY":null,"LOAN_ASSETS":null,"DEPOSIT_EQUITY":null,"DEPOSIT_ASSETS":null,"EQUITY_MULTIPLIER":9.318743711355,"EQUITY_RATIO":58.769738512313},{"SECUCODE":"00475.HK","SECURITY_CODE":"00475","SECURITY_NAME_ABBR":"中发展控股","ORG_CODE":"10099571","STD_REPORT_DATE":"2023-06-30 00:00:00","REPORT_DATE":"2023-09-30 00:00:00","DATE_TYPE_CODE":"002","REPORT_TYPE":"2023年中报","PER_NETCASH_OPERATE":-0.001482171667,"PER_OI":0.214789404356,"BPS":0.035479914847,"BASIC_EPS":-0.028171241,"DILUTED_EPS":-0.028171241,"OPERATE_INCOME":83244640.71,"OPERATE_INCOME_YOY":-33.1148483754,"GROSS_PROFIT":3247492.57,"GROSS_PROFIT_YOY":86.719261305059,"HOLDER_PROFIT":-10927138.04,"HOLDER_PROFIT_YOY":-112.1125757036,"GROSS_PROFIT_RATIO":3.901143115403,"EPS_TTM":-0.026892671817,"OPERATE_INCOME_QOQ":0,"NET_PROFIT_RATIO":-13.3249556312,"ROE_AVG":-52.007948813137,"GROSS_PROFIT_QOQ":0,"ROA":-4.621145972796,"HOLDER_PROFIT_QOQ":0,"ROE_YEARLY":-104.015897626275,"ROIC_YEARLY":-10.951848837263,"TOTAL_ASSETS":237991928.65,"TOTAL_LIABILITIES":201940998.84,"TAX_EBT":-3.911286856357,"OCF_SALES":-0.69005809275,"TOTAL_PARENT_EQUITY":14620598.79,"DEBT_ASSET_RATIO":84.8520367836,"OPERATE_PROFIT":-4776264.15,"PRETAX_PROFIT":-10674789.79,"NETCASH_OPERATE":-574436.38,"NETCASH_INVEST":-46799.13,"NETCASH_FINANCE":7087774.12,"END_CASH":17819456.97,"DIVI_RATIO":null,"DIVIDEND_RATE":null,"CURRENT_RATIO":1.260841998478,"COMMON_ACS":10000000000,"CURRENTDEBT_DEBT":17.917189232419,"ISSUED_COMMON_SHARES":412081000,"HK_COMMON_SHARES":412081000,"PER_SHARES":2000,"TOTAL_MARKET_CAP":185436450,"HKSK_MARKET_CAP":185436450,"PE_TTM":-6.521874230647,"PB_TTM":17.213074352548,"REPORT_DATE_SQ":"2022-06-30 00:00:00","REPORT_TYPE_SQ":"2022年中报","OPERATE_INCOME_SQ":122670101.64,"DPS_HKD":null,"OPERATE_INCOME_QOQ_SQ":0,"NET_PROFIT_RATIO_SQ":-5.1846554254,"HOLDER_PROFIT_SQ":-5077526.16,"HOLDER_PROFIT_QOQ_SQ":0,"ROE_AVG_SQ":-23.375595944455,"PE_TTM_SQ":-14.054518681319,"PB_TTM_SQ":16.054242138957,"ROA_SQ":-2.436647808037,"START_DATE":"2023-04-01 00:00:00","FISCAL_YEAR":"3-31","CURRENCY":"HKD","IS_CNY_CODE":0,"DPS_HKD_LY":null,"ORG_TYPE":"一般企业","PREMIUM_INCOME":null,"PREMIUM_INCOME_YOY":null,"NET_INTEREST_INCOME":null,"NET_INTEREST_INCOME_YOY":null,"FEE_COMMISSION_INCOME":null,"FEE_COMMISSION_INCOME_YOY":null,"ACCOUNTS_RECE_TDAYS":19.156794425087,"INVENTORY_TDAYS":34.920088123373,"CURRENT_ASSETS_TDAYS":2.08176331551,"TOTAL_ASSETS_TDAYS":0.3520461028,"PREMIUM_EXPENSE":null,"LOAN_DEPOSIT":null,"LOAN_EQUITY":null,"LOAN_ASSETS":null,"DEPOSIT_EQUITY":null,"DEPOSIT_ASSETS":null,"EQUITY_MULTIPLIER":6.601547585733,"EQUITY_RATIO":13.812088118998},{"SECUCODE":"00475.HK","SECURITY_CODE":"00475","SECURITY_NAME_ABBR":"中发展控股","ORG_CODE":"10099571","STD_REPORT_DATE":"2022-12-31 00:00:00","REPORT_DATE":"2023-03-31 00:00:00","DATE_TYPE_CODE":"001","REPORT_TYPE":"2022年年报","PER_NETCASH_OPERATE":0.020644970637,"PER_OI":0.559928195421,"BPS":0.063433506034,"BASIC_EPS":-0.026875087,"DILUTED_EPS":-0.044470828,"OPERATE_INCOME":217008011.13,"OPERATE_INCOME_YOY":28.3681406031,"GROSS_PROFIT":4066279.45,"GROSS_PROFIT_YOY":-38.922569698659,"HOLDER_PROFIT":-10422631.46,"HOLDER_PROFIT_YOY":14.811104751,"GROSS_PROFIT_RATIO":1.873792321687,"EPS_TTM":-0.025839090112,"OPERATE_INCOME_QOQ":0,"NET_PROFIT_RATIO":-5.9130350595,"ROE_AVG":-44.05061417789,"GROSS_PROFIT_QOQ":0,"ROA":-4.7810364802,"HOLDER_PROFIT_QOQ":0,"ROE_YEARLY":-44.05061417789,"ROIC_YEARLY":-5.8139875575,"TOTAL_ASSETS":224118091.15,"TOTAL_LIABILITIES":176484406.82,"TAX_EBT":-16.167379933428,"OCF_SALES":3.687074665279,"TOTAL_PARENT_EQUITY":26139742.6,"DEBT_ASSET_RATIO":78.7461672168,"OPERATE_PROFIT":1438298.63,"PRETAX_PROFIT":-11045923.38,"NETCASH_OPERATE":8001247.4,"NETCASH_INVEST":-1444426.5,"NETCASH_FINANCE":-11527398.88,"END_CASH":11487130.02,"DIVI_RATIO":null,"DIVIDEND_RATE":null,"CURRENT_RATIO":1.264702901733,"COMMON_ACS":10000000000,"CURRENTDEBT_DEBT":14.683882104344,"ISSUED_COMMON_SHARES":412081000,"HK_COMMON_SHARES":412081000,"PER_SHARES":2000,"TOTAL_MARKET_CAP":185436450,"HKSK_MARKET_CAP":185436450,"PE_TTM":-6.521874230647,"PB_TTM":17.213074352548,"REPORT_DATE_SQ":"2021-12-31 00:00:00","REPORT_TYPE_SQ":"2021年年报","OPERATE_INCOME_SQ":156614952.11,"DPS_HKD":null,"OPERATE_INCOME_QOQ_SQ":0,"NET_PROFIT_RATIO_SQ":-8.2978183532,"HOLDER_PROFIT_SQ":-11334675.76,"HOLDER_PROFIT_QOQ_SQ":0,"ROE_AVG_SQ":-59.488794773022,"PE_TTM_SQ":-14.054518681319,"PB_TTM_SQ":16.054242138957,"ROA_SQ":-5.858042233567,"START_DATE":"2022-04-01 00:00:00","FISCAL_YEAR":"3-31","CURRENCY":"HKD","IS_CNY_CODE":0,"DPS_HKD_LY":null,"ORG_TYPE":"一般企业","PREMIUM_INCOME":null,"PREMIUM_INCOME_YOY":null,"NET_INTEREST_INCOME":null,"NET_INTEREST_INCOME_YOY":null,"FEE_COMMISSION_INCOME":null,"FEE_COMMISSION_INCOME_YOY":null,"ACCOUNTS_RECE_TDAYS":122.235207100592,"INVENTORY_TDAYS":68.25140291807,"CURRENT_ASSETS_TDAYS":4.809300701336,"TOTAL_ASSETS_TDAYS":0.99545227296,"PREMIUM_EXPENSE":null,"LOAN_DEPOSIT":null,"LOAN_EQUITY":null,"LOAN_ASSETS":null,"DEPOSIT_EQUITY":null,"DEPOSIT_ASSETS":null,"EQUITY_MULTIPLIER":4.705033723567,"EQUITY_RATIO":6.751574012056},{"SECUCODE":"00475.HK","SECURITY_CODE":"00475","SECURITY_NAME_ABBR":"中发展控股","ORG_CODE":"10099571","STD_REPORT_DATE":"2022-06-30 00:00:00","REPORT_DATE":"2022-09-30 00:00:00","DATE_TYPE_CODE":"002","REPORT_TYPE":"2022年中报","PER_NETCASH_OPERATE":0.001577549618,"PER_OI":0.316515728086,"BPS":0.052317714915,"BASIC_EPS":-0.01311438,"DILUTED_EPS":-0.01311438,"OPERATE_INCOME":122670101.64,"OPERATE_INCOME_YOY":92.7699370372,"GROSS_PROFIT":1739238.12,"GROSS_PROFIT_YOY":-45.38920918821,"HOLDER_PROFIT":-5077526.16,"HOLDER_PROFIT_YOY":26.9010416667,"GROSS_PROFIT_RATIO":1.41781746061,"EPS_TTM":-0.029245945857,"OPERATE_INCOME_QOQ":0,"NET_PROFIT_RATIO":-5.1846554254,"ROE_AVG":-23.375595944455,"GROSS_PROFIT_QOQ":0,"ROA":-2.436647808037,"HOLDER_PROFIT_QOQ":0,"ROE_YEARLY":-46.75119188891,"ROIC_YEARLY":-6.134882170704,"TOTAL_ASSETS":197856198.84,"TOTAL_LIABILITIES":153306197.76,"TAX_EBT":-24.372125928546,"OCF_SALES":0.498411130199,"TOTAL_PARENT_EQUITY":21559136.28,"DEBT_ASSET_RATIO":77.4836465366,"OPERATE_PROFIT":-2341595.16,"PRETAX_PROFIT":-5113703.76,"NETCASH_OPERATE":611401.44,"NETCASH_INVEST":-385291.44,"NETCASH_FINANCE":217970.04,"END_CASH":16756559.88,"DIVI_RATIO":null,"DIVIDEND_RATE":null,"CURRENT_RATIO":1.642827465862,"COMMON_ACS":10000000000,"CURRENTDEBT_DEBT":21.299202378705,"ISSUED_COMMON_SHARES":412081000,"HK_COMMON_SHARES":412081000,"PER_SHARES":2000,"TOTAL_MARKET_CAP":185436450,"HKSK_MARKET_CAP":185436450,"PE_TTM":-6.521874230647,"PB_TTM":17.213074352548,"REPORT_DATE_SQ":"2021-06-30 00:00:00","REPORT_TYPE_SQ":"2021年中报","OPERATE_INCOME_SQ":58613268.54,"DPS_HKD":null,"OPERATE_INCOME_QOQ_SQ":0,"NET_PROFIT_RATIO_SQ":-12.7545871886,"HOLDER_PROFIT_SQ":-6397900.8,"HOLDER_PROFIT_QOQ_SQ":0,"ROE_AVG_SQ":-29.817715916371,"PE_TTM_SQ":-14.054518681319,"PB_TTM_SQ":16.054242138957,"ROA_SQ":-3.165059066678,"START_DATE":"2022-04-01 00:00:00","FISCAL_YEAR":"3-31","CURRENCY":"HKD","IS_CNY_CODE":0,"DPS_HKD_LY":null,"ORG_TYPE":"一般企业","PREMIUM_INCOME":null,"PREMIUM_INCOME_YOY":null,"NET_INTEREST_INCOME":null,"NET_INTEREST_INCOME_YOY":null,"FEE_COMMISSION_INCOME":null,"FEE_COMMISSION_INCOME_YOY":null,"ACCOUNTS_RECE_TDAYS":39.301941466242,"INVENTORY_TDAYS":39.541032086352,"CURRENT_ASSETS_TDAYS":2.170773281264,"TOTAL_ASSETS_TDAYS":0.58868004783,"PREMIUM_EXPENSE":null,"LOAN_DEPOSIT":null,"LOAN_EQUITY":null,"LOAN_ASSETS":null,"DEPOSIT_EQUITY":null,"DEPOSIT_ASSETS":null,"EQUITY_MULTIPLIER":4.44121647684,"EQUITY_RATIO":7.11096194991},{"SECUCODE":"00475.HK","SECURITY_CODE":"00475","SECURITY_NAME_ABBR":"中发展控股","ORG_CODE":"10099571","STD_REPORT_DATE":"2021-12-31 00:00:00","REPORT_DATE":"2022-03-31 00:00:00","DATE_TYPE_CODE":"001","REPORT_TYPE":"2021年年报","PER_NETCASH_OPERATE":-0.058941797148,"PER_OI":0.404100876526,"BPS":0.047619759125,"BASIC_EPS":-0.029439663,"DILUTED_EPS":-0.029439663,"OPERATE_INCOME":156614952.11,"OPERATE_INCOME_YOY":243.4916399858,"GROSS_PROFIT":6657581.09,"GROSS_PROFIT_YOY":261.335606594632,"HOLDER_PROFIT":-11334675.76,"HOLDER_PROFIT_YOY":43.2169991468,"GROSS_PROFIT_RATIO":4.25092304426,"EPS_TTM":-0.050139928734,"OPERATE_INCOME_QOQ":0,"NET_PROFIT_RATIO":-8.2978183532,"ROE_AVG":-59.488794773022,"GROSS_PROFIT_QOQ":0,"ROA":-5.858042233567,"HOLDER_PROFIT_QOQ":0,"ROE_YEARLY":-59.488794773022,"ROIC_YEARLY":-7.796583695009,"TOTAL_ASSETS":196293616.36,"TOTAL_LIABILITIES":151755380.19,"TAX_EBT":-18.687504629287,"OCF_SALES":-14.585911729523,"TOTAL_PARENT_EQUITY":19623197.96,"DEBT_ASSET_RATIO":77.3104001058,"OPERATE_PROFIT":-3900147.09,"PRETAX_PROFIT":-10949446.01,"NETCASH_OPERATE":-22843718.67,"NETCASH_INVEST":-76234.94,"NETCASH_FINANCE":7824624.48,"END_CASH":16294001.91,"DIVI_RATIO":null,"DIVIDEND_RATE":null,"CURRENT_RATIO":1.77571610181,"COMMON_ACS":10000000000,"CURRENTDEBT_DEBT":19.758014953051,"ISSUED_COMMON_SHARES":412081000,"HK_COMMON_SHARES":412081000,"PER_SHARES":2000,"TOTAL_MARKET_CAP":185436450,"HKSK_MARKET_CAP":185436450,"PE_TTM":-6.521874230647,"PB_TTM":17.213074352548,"REPORT_DATE_SQ":"2020-12-31 00:00:00","REPORT_TYPE_SQ":"2020年年报","OPERATE_INCOME_SQ":47516019.6,"DPS_HKD":null,"OPERATE_INCOME_QOQ_SQ":0,"NET_PROFIT_RATIO_SQ":-48.2942013518,"HOLDER_PROFIT_SQ":-20802415.34,"HOLDER_PROFIT_QOQ_SQ":0,"ROE_AVG_SQ":-97.645448594609,"PE_TTM_SQ":-14.054518681319,"PB_TTM_SQ":16.054242138957,"ROA_SQ":-12.720192459256,"START_DATE":"2021-04-01 00:00:00","FISCAL_YEAR":"3-31","CURRENCY":"HKD","IS_CNY_CODE":0,"DPS_HKD_LY":null,"ORG_TYPE":"一般企业","PREMIUM_INCOME":null,"PREMIUM_INCOME_YOY":null,"NET_INTEREST_INCOME":null,"NET_INTEREST_INCOME_YOY":null,"FEE_COMMISSION_INCOME":null,"FEE_COMMISSION_INCOME_YOY":null,"ACCOUNTS_RECE_TDAYS":38.552804951088,"INVENTORY_TDAYS":32.031528800346,"CURRENT_ASSETS_TDAYS":2.929119645674,"TOTAL_ASSETS_TDAYS":0.80942500985,"PREMIUM_EXPENSE":null,"LOAN_DEPOSIT":null,"LOAN_EQUITY":null,"LOAN_ASSETS":null,"DEPOSIT_EQUITY":null,"DEPOSIT_ASSETS":null,"EQUITY_MULTIPLIER":4.40730557023,"EQUITY_RATIO":7.733468341875},{"SECUCODE":"00475.HK","SECURITY_CODE":"00475","SECURITY_NAME_ABBR":"中发展控股","ORG_CODE":"10099571","STD_REPORT_DATE":"2021-06-30 00:00:00","REPORT_DATE":"2021-09-30 00:00:00","DATE_TYPE_CODE":"002","REPORT_TYPE":"2021年中报","PER_NETCASH_OPERATE":-0.057565150169,"PER_OI":0.151235069666,"BPS":0.058064189613,"BASIC_EPS":-0.016744506,"DILUTED_EPS":-0.016744506,"OPERATE_INCOME":58613268.54,"OPERATE_INCOME_YOY":391.7802474313,"GROSS_PROFIT":3184788.38,"GROSS_PROFIT_YOY":549.524997422122,"HOLDER_PROFIT":-6397900.8,"HOLDER_PROFIT_YOY":13.1221719457,"GROSS_PROFIT_RATIO":5.433562159781,"EPS_TTM":-0.053674787493,"OPERATE_INCOME_QOQ":0,"NET_PROFIT_RATIO":-12.7545871886,"ROE_AVG":-29.817715916371,"GROSS_PROFIT_QOQ":0,"ROA":-3.165059066678,"HOLDER_PROFIT_QOQ":0,"ROE_YEARLY":-59.635431832741,"ROIC_YEARLY":-8.342204166757,"TOTAL_ASSETS":208414117.74,"TOTAL_LIABILITIES":159131121.2,"TAX_EBT":-18.265682656827,"OCF_SALES":-38.063360764081,"TOTAL_PARENT_EQUITY":23927149.32,"DEBT_ASSET_RATIO":76.353331015,"OPERATE_PROFIT":-1742761.52,"PRETAX_PROFIT":-6321259.28,"NETCASH_OPERATE":-22310179.86,"NETCASH_INVEST":130790.42,"NETCASH_FINANCE":6315427.86,"END_CASH":15649865.16,"DIVI_RATIO":null,"DIVIDEND_RATE":null,"CURRENT_RATIO":1.534345063831,"COMMON_ACS":10000000000,"CURRENTDEBT_DEBT":26.285729243011,"ISSUED_COMMON_SHARES":412081000,"HK_COMMON_SHARES":412081000,"PER_SHARES":2000,"TOTAL_MARKET_CAP":185436450,"HKSK_MARKET_CAP":185436450,"PE_TTM":-6.521874230647,"PB_TTM":17.213074352548,"REPORT_DATE_SQ":"2020-06-30 00:00:00","REPORT_TYPE_SQ":"2020年中报","OPERATE_INCOME_SQ":12571847.04,"DPS_HKD":null,"OPERATE_INCOME_QOQ_SQ":0,"NET_PROFIT_RATIO_SQ":-71.0071992731,"HOLDER_PROFIT_SQ":-7767884.8,"HOLDER_PROFIT_QOQ_SQ":0,"ROE_AVG_SQ":-28.16273216732,"PE_TTM_SQ":-14.054518681319,"PB_TTM_SQ":16.054242138957,"ROA_SQ":-5.361962818063,"START_DATE":"2021-04-01 00:00:00","FISCAL_YEAR":"3-31","CURRENCY":"HKD","IS_CNY_CODE":0,"DPS_HKD_LY":null,"ORG_TYPE":"一般企业","PREMIUM_INCOME":null,"PREMIUM_INCOME_YOY":null,"NET_INTEREST_INCOME":null,"NET_INTEREST_INCOME_YOY":null,"FEE_COMMISSION_INCOME":null,"FEE_COMMISSION_INCOME_YOY":null,"ACCOUNTS_RECE_TDAYS":11.125711574953,"INVENTORY_TDAYS":11.150661974191,"CURRENT_ASSETS_TDAYS":0.982345180004,"TOTAL_ASSETS_TDAYS":0.289961446448,"PREMIUM_EXPENSE":null,"LOAN_DEPOSIT":null,"LOAN_EQUITY":null,"LOAN_ASSETS":null,"DEPOSIT_EQUITY":null,"DEPOSIT_ASSETS":null,"EQUITY_MULTIPLIER":4.228925438227,"EQUITY_RATIO":6.650651068867},{"SECUCODE":"00475.HK","SECURITY_CODE":"00475","SECURITY_NAME_ABBR":"中发展控股","ORG_CODE":"10099571","STD_REPORT_DATE":"2020-12-31 00:00:00","REPORT_DATE":"2021-03-31 00:00:00","DATE_TYPE_CODE":"001","REPORT_TYPE":"2020年年报","PER_NETCASH_OPERATE":-0.002297622547,"PER_OI":0.127640651796,"BPS":0.046744444369,"BASIC_EPS":-0.055866398,"DILUTED_EPS":-0.055866398,"OPERATE_INCOME":47516019.6,"OPERATE_INCOME_YOY":-49.1865509761,"GROSS_PROFIT":1842492.4,"GROSS_PROFIT_YOY":-47.500184996719,"HOLDER_PROFIT":-20802415.34,"HOLDER_PROFIT_YOY":26.4756840722,"GROSS_PROFIT_RATIO":3.877623621487,"EPS_TTM":-0.067395839861,"OPERATE_INCOME_QOQ":0,"NET_PROFIT_RATIO":-48.2942013518,"ROE_AVG":-97.645448594609,"GROSS_PROFIT_QOQ":0,"ROA":-12.720192459256,"HOLDER_PROFIT_QOQ":0,"ROE_YEARLY":-97.645448594609,"ROIC_YEARLY":-17.103050517685,"TOTAL_ASSETS":198718721.6,"TOTAL_LIABILITIES":153655414.36,"TAX_EBT":-2.572723838308,"OCF_SALES":-1.800071149057,"TOTAL_PARENT_EQUITY":19262497.38,"DEBT_ASSET_RATIO":77.3230690711,"OPERATE_PROFIT":-16827533.8,"PRETAX_PROFIT":-22371914.6,"NETCASH_OPERATE":-855322.16,"NETCASH_INVEST":-18926115.74,"NETCASH_FINANCE":16702447.16,"END_CASH":31526059.18,"DIVI_RATIO":null,"DIVIDEND_RATE":null,"CURRENT_RATIO":1.520090003214,"COMMON_ACS":10000000000,"CURRENTDEBT_DEBT":23.956832158062,"ISSUED_COMMON_SHARES":412081000,"HK_COMMON_SHARES":412081000,"PER_SHARES":2000,"TOTAL_MARKET_CAP":185436450,"HKSK_MARKET_CAP":185436450,"PE_TTM":-6.521874230647,"PB_TTM":17.213074352548,"REPORT_DATE_SQ":"2019-12-31 00:00:00","REPORT_TYPE_SQ":"2019年年报","OPERATE_INCOME_SQ":101091768,"DPS_HKD":null,"OPERATE_INCOME_QOQ_SQ":0,"NET_PROFIT_RATIO_SQ":-37.4114244396,"HOLDER_PROFIT_SQ":-30587021.2,"HOLDER_PROFIT_QOQ_SQ":0,"ROE_AVG_SQ":-125.232875687404,"PE_TTM_SQ":-14.054518681319,"PB_TTM_SQ":16.054242138957,"ROA_SQ":-19.959872761476,"START_DATE":"2020-04-01 00:00:00","FISCAL_YEAR":"3-31","CURRENCY":"HKD","IS_CNY_CODE":0,"DPS_HKD_LY":null,"ORG_TYPE":"一般企业","PREMIUM_INCOME":null,"PREMIUM_INCOME_YOY":null,"NET_INTEREST_INCOME":null,"NET_INTEREST_INCOME_YOY":null,"FEE_COMMISSION_INCOME":null,"FEE_COMMISSION_INCOME_YOY":null,"ACCOUNTS_RECE_TDAYS":4.750919001141,"INVENTORY_TDAYS":7.900584795322,"CURRENT_ASSETS_TDAYS":0.795162830169,"TOTAL_ASSETS_TDAYS":0.290549392622,"PREMIUM_EXPENSE":null,"LOAN_DEPOSIT":null,"LOAN_EQUITY":null,"LOAN_ASSETS":null,"DEPOSIT_EQUITY":null,"DEPOSIT_ASSETS":null,"EQUITY_MULTIPLIER":4.409767808242,"EQUITY_RATIO":7.976920714317},{"SECUCODE":"00475.HK","SECURITY_CODE":"00475","SECURITY_NAME_ABBR":"中发展控股","ORG_CODE":"10099571","STD_REPORT_DATE":"2020-06-30 00:00:00","REPORT_DATE":"2020-09-30 00:00:00","DATE_TYPE_CODE":"002","REPORT_TYPE":"2020年中报","PER_NETCASH_OPERATE":-0.008516595105,"PER_OI":0.033771320998,"BPS":0.074966524348,"BASIC_EPS":-0.020825664,"DILUTED_EPS":-0.020825664,"OPERATE_INCOME":12571847.04,"OPERATE_INCOME_YOY":-78.4416249774,"GROSS_PROFIT":490325.76,"GROSS_PROFIT_YOY":-83.154869010702,"HOLDER_PROFIT":-7767884.8,"HOLDER_PROFIT_YOY":39.8925681648,"GROSS_PROFIT_RATIO":3.900188718809,"EPS_TTM":-0.08216486472,"OPERATE_INCOME_QOQ":0,"NET_PROFIT_RATIO":-71.0071992731,"ROE_AVG":-28.16273216732,"GROSS_PROFIT_QOQ":0,"ROA":-5.361962818063,"HOLDER_PROFIT_QOQ":0,"ROE_YEARLY":-56.32546433464,"ROIC_YEARLY":-13.308442731543,"TOTAL_ASSETS":156288260.48,"TOTAL_LIABILITIES":131794819.2,"TAX_EBT":-2.64726684854,"OCF_SALES":-25.218424547424,"TOTAL_PARENT_EQUITY":30892280.32,"DEBT_ASSET_RATIO":84.328035129,"OPERATE_PROFIT":-5202022.4,"PRETAX_PROFIT":-8696691.84,"NETCASH_OPERATE":-3170421.76,"NETCASH_INVEST":339185.92,"NETCASH_FINANCE":3729287.68,"END_CASH":35125074.56,"DIVI_RATIO":null,"DIVIDEND_RATE":null,"CURRENT_RATIO":2.304711200999,"COMMON_ACS":10000000000,"CURRENTDEBT_DEBT":22.416908357502,"ISSUED_COMMON_SHARES":412081000,"HK_COMMON_SHARES":412081000,"PER_SHARES":2000,"TOTAL_MARKET_CAP":185436450,"HKSK_MARKET_CAP":185436450,"PE_TTM":-6.521874230647,"PB_TTM":17.213074352548,"REPORT_DATE_SQ":"2019-06-30 00:00:00","REPORT_TYPE_SQ":"2019年中报","OPERATE_INCOME_SQ":59860991.64,"DPS_HKD":null,"OPERATE_INCOME_QOQ_SQ":0,"NET_PROFIT_RATIO_SQ":-26.2341028268,"HOLDER_PROFIT_SQ":-13265861.07,"HOLDER_PROFIT_QOQ_SQ":0,"ROE_AVG_SQ":-69.39555513613,"PE_TTM_SQ":-14.054518681319,"PB_TTM_SQ":16.054242138957,"ROA_SQ":-7.935253254198,"START_DATE":"2020-04-01 00:00:00","FISCAL_YEAR":"3-31","CURRENCY":"HKD","IS_CNY_CODE":0,"DPS_HKD_LY":null,"ORG_TYPE":"一般企业","PREMIUM_INCOME":null,"PREMIUM_INCOME_YOY":null,"NET_INTEREST_INCOME":null,"NET_INTEREST_INCOME_YOY":null,"FEE_COMMISSION_INCOME":null,"FEE_COMMISSION_INCOME_YOY":null,"ACCOUNTS_RECE_TDAYS":1.168013715405,"INVENTORY_TDAYS":2.050100648624,"CURRENT_ASSETS_TDAYS":0.187401760453,"TOTAL_ASSETS_TDAYS":0.086780092803,"PREMIUM_EXPENSE":null,"LOAN_DEPOSIT":null,"LOAN_EQUITY":null,"LOAN_ASSETS":null,"DEPOSIT_EQUITY":null,"DEPOSIT_ASSETS":null,"EQUITY_MULTIPLIER":6.380820836642,"EQUITY_RATIO":4.266270337922}],"count":41},"success":true,"message":"ok","code":0}