{"version":"5ca8bf65e632ca606d12162ea5fdc6bf","result":{"pages":6,"data":[{"SECUCODE":"00476.HK","SECURITY_CODE":"00476","SECURITY_NAME_ABBR":"科轩动力控股","ORG_CODE":"10008918","STD_REPORT_DATE":"2024-06-30 00:00:00","REPORT_DATE":"2024-09-30 00:00:00","DATE_TYPE_CODE":"002","REPORT_TYPE":"2024年中报","PER_NETCASH_OPERATE":-0.007008542146,"PER_OI":0.001944462343,"BPS":5.573743602288,"BASIC_EPS":-0.20019738,"DILUTED_EPS":-0.20019738,"OPERATE_INCOME":1944259.24,"OPERATE_INCOME_YOY":-93.9382011415,"GROSS_PROFIT":578047.39,"GROSS_PROFIT_YOY":-87.575243626166,"HOLDER_PROFIT":-37177194.54,"HOLDER_PROFIT_YOY":58.4796205094,"GROSS_PROFIT_RATIO":29.730983302412,"EPS_TTM":-0.3119665651,"OPERATE_INCOME_QOQ":0,"NET_PROFIT_RATIO":-1933.7662337662,"ROE_AVG":-3.321683885692,"GROSS_PROFIT_QOQ":0,"ROA":-3.066826556846,"HOLDER_PROFIT_QOQ":0,"ROE_YEARLY":-6.643367771383,"ROIC_YEARLY":-6.055062647632,"TOTAL_ASSETS":1206003445.76,"TOTAL_LIABILITIES":113162921.73,"TAX_EBT":0.146097286423,"OCF_SALES":-360.43599257885,"TOTAL_PARENT_EQUITY":1114632279.38,"DEBT_ASSET_RATIO":9.3833000335,"OPERATE_PROFIT":-37491919.25,"PRETAX_PROFIT":-37652437.87,"NETCASH_OPERATE":-7007810.09,"NETCASH_INVEST":10821.48,"NETCASH_FINANCE":-897281.05,"END_CASH":4764156.57,"DIVI_RATIO":null,"DIVIDEND_RATE":null,"CURRENT_RATIO":0.745899033298,"COMMON_ACS":10000000000,"CURRENTDEBT_DEBT":92.738690063513,"ISSUED_COMMON_SHARES":199979109,"HK_COMMON_SHARES":199979109,"PER_SHARES":10000,"TOTAL_MARKET_CAP":71992479.24,"HKSK_MARKET_CAP":71992479.24,"PE_TTM":-0.275546094645,"PB_TTM":0.058245305698,"REPORT_DATE_SQ":"2023-06-30 00:00:00","REPORT_TYPE_SQ":"2023年中报","OPERATE_INCOME_SQ":32637346.21,"DPS_HKD":null,"OPERATE_INCOME_QOQ_SQ":0,"NET_PROFIT_RATIO_SQ":-293.0047515956,"HOLDER_PROFIT_SQ":-91112400.33,"HOLDER_PROFIT_QOQ_SQ":0,"ROE_AVG_SQ":-6.391331718941,"PE_TTM_SQ":-0.685299928858,"PB_TTM_SQ":0.067284588427,"ROA_SQ":-6.1411326809,"START_DATE":"2024-04-01 00:00:00","FISCAL_YEAR":"3-31","CURRENCY":"HKD","IS_CNY_CODE":0,"DPS_HKD_LY":null,"ORG_TYPE":"一般企业","PREMIUM_INCOME":null,"PREMIUM_INCOME_YOY":null,"NET_INTEREST_INCOME":null,"NET_INTEREST_INCOME_YOY":null,"FEE_COMMISSION_INCOME":null,"FEE_COMMISSION_INCOME_YOY":null,"ACCOUNTS_RECE_TDAYS":0.169476869866,"INVENTORY_TDAYS":0.09448966227,"CURRENT_ASSETS_TDAYS":0.020682741518,"TOTAL_ASSETS_TDAYS":0.001603861169,"PREMIUM_EXPENSE":null,"LOAN_DEPOSIT":null,"LOAN_EQUITY":null,"LOAN_ASSETS":null,"DEPOSIT_EQUITY":null,"DEPOSIT_ASSETS":null,"EQUITY_MULTIPLIER":1.103549346169,"EQUITY_RATIO":0.101524891952},{"SECUCODE":"00476.HK","SECURITY_CODE":"00476","SECURITY_NAME_ABBR":"科轩动力控股","ORG_CODE":"10008918","STD_REPORT_DATE":"2023-12-31 00:00:00","REPORT_DATE":"2024-03-31 00:00:00","DATE_TYPE_CODE":"001","REPORT_TYPE":"2023年年报","PER_NETCASH_OPERATE":0.003619487011,"PER_OI":0.041264105767,"BPS":5.649362079866,"BASIC_EPS":-0.308227,"DILUTED_EPS":-0.308227,"OPERATE_INCOME":38291765.45,"OPERATE_INCOME_YOY":16.2104162654,"GROSS_PROFIT":2448591.55,"GROSS_PROFIT_YOY":541.876731630494,"HOLDER_PROFIT":-289494957.35,"HOLDER_PROFIT_YOY":-293.4659931,"GROSS_PROFIT_RATIO":6.394564265252,"EPS_TTM":-0.137448458661,"OPERATE_INCOME_QOQ":0,"NET_PROFIT_RATIO":-773.7612159379,"ROE_AVG":-21.984291279795,"GROSS_PROFIT_QOQ":0,"ROA":-20.864621739423,"HOLDER_PROFIT_QOQ":0,"ROE_YEARLY":-21.984291279795,"ROIC_YEARLY":-20.495078830806,"TOTAL_ASSETS":1224901350.4,"TOTAL_LIABILITIES":122265491.95,"TAX_EBT":0.037314459965,"OCF_SALES":8.771514477142,"TOTAL_PARENT_EQUITY":1129754395.15,"DEBT_ASSET_RATIO":9.9816603117,"OPERATE_PROFIT":-295318634.55,"PRETAX_PROFIT":-296397429.05,"NETCASH_OPERATE":3358767.75,"NETCASH_INVEST":10011938.2,"NETCASH_FINANCE":-1901941.9,"END_CASH":12601951.55,"DIVI_RATIO":null,"DIVIDEND_RATE":null,"CURRENT_RATIO":0.946991983812,"COMMON_ACS":10000000000,"CURRENTDEBT_DEBT":95.270225181472,"ISSUED_COMMON_SHARES":199979109,"HK_COMMON_SHARES":199979109,"PER_SHARES":10000,"TOTAL_MARKET_CAP":76991956.965,"HKSK_MARKET_CAP":76991956.965,"PE_TTM":-0.294681240106,"PB_TTM":0.062290118594,"REPORT_DATE_SQ":"2022-12-31 00:00:00","REPORT_TYPE_SQ":"2022年年报","OPERATE_INCOME_SQ":31818527.27,"DPS_HKD":null,"OPERATE_INCOME_QOQ_SQ":0,"NET_PROFIT_RATIO_SQ":-223.9276969213,"HOLDER_PROFIT_SQ":-71048275.6,"HOLDER_PROFIT_QOQ_SQ":0,"ROE_AVG_SQ":-4.620866606069,"PE_TTM_SQ":-1.53213033758,"PB_TTM_SQ":0.085867950945,"ROA_SQ":-4.36158249778,"START_DATE":"2023-04-01 00:00:00","FISCAL_YEAR":"3-31","CURRENCY":"HKD","IS_CNY_CODE":0,"DPS_HKD_LY":null,"ORG_TYPE":"一般企业","PREMIUM_INCOME":null,"PREMIUM_INCOME_YOY":null,"NET_INTEREST_INCOME":null,"NET_INTEREST_INCOME_YOY":null,"FEE_COMMISSION_INCOME":null,"FEE_COMMISSION_INCOME_YOY":null,"ACCOUNTS_RECE_TDAYS":2.577827957645,"INVENTORY_TDAYS":1.984440875326,"CURRENT_ASSETS_TDAYS":0.251878399008,"TOTAL_ASSETS_TDAYS":0.027597827926,"PREMIUM_EXPENSE":null,"LOAN_DEPOSIT":null,"LOAN_EQUITY":null,"LOAN_ASSETS":null,"DEPOSIT_EQUITY":null,"DEPOSIT_ASSETS":null,"EQUITY_MULTIPLIER":1.110884741335,"EQUITY_RATIO":0.108223072621},{"SECUCODE":"00476.HK","SECURITY_CODE":"00476","SECURITY_NAME_ABBR":"科轩动力控股","ORG_CODE":"10008918","STD_REPORT_DATE":"2023-06-30 00:00:00","REPORT_DATE":"2023-09-30 00:00:00","DATE_TYPE_CODE":"002","REPORT_TYPE":"2023年中报","PER_NETCASH_OPERATE":0.000986684148,"PER_OI":0.003517077078,"BPS":6.644917989959,"BASIC_EPS":-0.49093205,"DILUTED_EPS":-0.49093205,"OPERATE_INCOME":32637346.21,"OPERATE_INCOME_YOY":4454.033290653,"GROSS_PROFIT":4652384.1,"GROSS_PROFIT_YOY":1925.17279583451,"HOLDER_PROFIT":-91112400.33,"HOLDER_PROFIT_YOY":-159.4486542984,"GROSS_PROFIT_RATIO":14.254786740518,"EPS_TTM":-0.007656329038,"OPERATE_INCOME_QOQ":0,"NET_PROFIT_RATIO":-293.0047515956,"ROE_AVG":-6.391331718941,"GROSS_PROFIT_QOQ":0,"ROA":-6.1411326809,"HOLDER_PROFIT_QOQ":0,"ROE_YEARLY":-12.782663437883,"ROIC_YEARLY":-12.048654035467,"TOTAL_ASSETS":1398255229.84,"TOTAL_LIABILITIES":94999481.01,"TAX_EBT":0.058499721887,"OCF_SALES":28.054095088144,"TOTAL_PARENT_EQUITY":1328844779.01,"DEBT_ASSET_RATIO":6.7941445154,"OPERATE_PROFIT":-94807696.34,"PRETAX_PROFIT":-95684950.62,"NETCASH_OPERATE":9156112.14,"NETCASH_INVEST":283547.67,"NETCASH_FINANCE":-6650982.24,"END_CASH":4009125.47,"DIVI_RATIO":null,"DIVIDEND_RATE":null,"CURRENT_RATIO":1.253298848826,"COMMON_ACS":10000000000,"CURRENTDEBT_DEBT":95.236025384682,"ISSUED_COMMON_SHARES":199979109,"HK_COMMON_SHARES":199979109,"PER_SHARES":10000,"TOTAL_MARKET_CAP":76991956.965,"HKSK_MARKET_CAP":76991956.965,"PE_TTM":-0.294681240106,"PB_TTM":0.062290118594,"REPORT_DATE_SQ":"2022-06-30 00:00:00","REPORT_TYPE_SQ":"2022年中报","OPERATE_INCOME_SQ":706367.64,"DPS_HKD":null,"OPERATE_INCOME_QOQ_SQ":0,"NET_PROFIT_RATIO_SQ":-5250.0640204866,"HOLDER_PROFIT_SQ":-34612918.8,"HOLDER_PROFIT_QOQ_SQ":0,"ROE_AVG_SQ":-2.199458152823,"PE_TTM_SQ":-1.53213033758,"PB_TTM_SQ":0.085867950945,"ROA_SQ":-2.021323457176,"START_DATE":"2023-04-01 00:00:00","FISCAL_YEAR":"3-31","CURRENCY":"HKD","IS_CNY_CODE":0,"DPS_HKD_LY":null,"ORG_TYPE":"一般企业","PREMIUM_INCOME":null,"PREMIUM_INCOME_YOY":null,"NET_INTEREST_INCOME":null,"NET_INTEREST_INCOME_YOY":null,"FEE_COMMISSION_INCOME":null,"FEE_COMMISSION_INCOME_YOY":null,"ACCOUNTS_RECE_TDAYS":1.873673119979,"INVENTORY_TDAYS":1.325581900767,"CURRENT_ASSETS_TDAYS":0.210903635533,"TOTAL_ASSETS_TDAYS":0.021998133372,"PREMIUM_EXPENSE":null,"LOAN_DEPOSIT":null,"LOAN_EQUITY":null,"LOAN_ASSETS":null,"DEPOSIT_EQUITY":null,"DEPOSIT_ASSETS":null,"EQUITY_MULTIPLIER":1.072893966587,"EQUITY_RATIO":0.071490276751},{"SECUCODE":"00476.HK","SECURITY_CODE":"00476","SECURITY_NAME_ABBR":"科轩动力控股","ORG_CODE":"10008918","STD_REPORT_DATE":"2022-12-31 00:00:00","REPORT_DATE":"2023-03-31 00:00:00","DATE_TYPE_CODE":"001","REPORT_TYPE":"2022年年报","PER_NETCASH_OPERATE":-0.00127419956,"PER_OI":0.003428839226,"BPS":7.261956218887,"BASIC_EPS":-0.0787869,"DILUTED_EPS":-0.0787869,"OPERATE_INCOME":31818527.27,"OPERATE_INCOME_YOY":-27.2288625944,"GROSS_PROFIT":-554134.53,"GROSS_PROFIT_YOY":-115.856689060825,"HOLDER_PROFIT":-71048275.6,"HOLDER_PROFIT_YOY":80.1241627585,"GROSS_PROFIT_RATIO":-1.741546757642,"EPS_TTM":-0.034963520564,"OPERATE_INCOME_QOQ":0,"NET_PROFIT_RATIO":-223.9276969213,"ROE_AVG":-4.620866606069,"GROSS_PROFIT_QOQ":0,"ROA":-4.36158249778,"HOLDER_PROFIT_QOQ":0,"ROE_YEARLY":-4.620866606069,"ROIC_YEARLY":-4.272386203498,"TOTAL_ASSETS":1496837296.7,"TOTAL_LIABILITIES":80147287.14,"TAX_EBT":0.15579381241,"OCF_SALES":-37.161251272457,"TOTAL_PARENT_EQUITY":1452239534.25,"DEBT_ASSET_RATIO":5.3544421506,"OPERATE_PROFIT":-70687606.68,"PRETAX_PROFIT":-71361672.38,"NETCASH_OPERATE":-11824162.87,"NETCASH_INVEST":3212754.7,"NETCASH_FINANCE":5694542.05,"END_CASH":1250960.89,"DIVI_RATIO":null,"DIVIDEND_RATE":null,"CURRENT_RATIO":2.799379117928,"COMMON_ACS":10000000000,"CURRENTDEBT_DEBT":83.385761408568,"ISSUED_COMMON_SHARES":199979109,"HK_COMMON_SHARES":199979109,"PER_SHARES":10000,"TOTAL_MARKET_CAP":76991956.965,"HKSK_MARKET_CAP":76991956.965,"PE_TTM":-0.294681240106,"PB_TTM":0.062290118594,"REPORT_DATE_SQ":"2021-12-31 00:00:00","REPORT_TYPE_SQ":"2021年年报","OPERATE_INCOME_SQ":40507516.47,"DPS_HKD":null,"OPERATE_INCOME_QOQ_SQ":0,"NET_PROFIT_RATIO_SQ":-831.0629267023,"HOLDER_PROFIT_SQ":-331163768.35,"HOLDER_PROFIT_QOQ_SQ":0,"ROE_AVG_SQ":-20.614817163305,"PE_TTM_SQ":-1.53213033758,"PB_TTM_SQ":0.085867950945,"ROA_SQ":-19.192101973097,"START_DATE":"2022-04-01 00:00:00","FISCAL_YEAR":"3-31","CURRENCY":"HKD","IS_CNY_CODE":0,"DPS_HKD_LY":null,"ORG_TYPE":"一般企业","PREMIUM_INCOME":null,"PREMIUM_INCOME_YOY":null,"NET_INTEREST_INCOME":null,"NET_INTEREST_INCOME_YOY":null,"FEE_COMMISSION_INCOME":null,"FEE_COMMISSION_INCOME_YOY":null,"ACCOUNTS_RECE_TDAYS":1.419721500693,"INVENTORY_TDAYS":1.347593972633,"CURRENT_ASSETS_TDAYS":0.184214527541,"TOTAL_ASSETS_TDAYS":0.019533075289,"PREMIUM_EXPENSE":null,"LOAN_DEPOSIT":null,"LOAN_EQUITY":null,"LOAN_ASSETS":null,"DEPOSIT_EQUITY":null,"DEPOSIT_ASSETS":null,"EQUITY_MULTIPLIER":1.056573623446,"EQUITY_RATIO":0.055188751752},{"SECUCODE":"00476.HK","SECURITY_CODE":"00476","SECURITY_NAME_ABBR":"科轩动力控股","ORG_CODE":"10008918","STD_REPORT_DATE":"2022-06-30 00:00:00","REPORT_DATE":"2022-09-30 00:00:00","DATE_TYPE_CODE":"002","REPORT_TYPE":"2022年中报","PER_NETCASH_OPERATE":-0.000397224928,"PER_OI":0.000078400978,"BPS":7.354371887315,"BASIC_EPS":-0.03798648,"DILUTED_EPS":-0.03798648,"OPERATE_INCOME":706367.64,"OPERATE_INCOME_YOY":-97.3718746845,"GROSS_PROFIT":229727.76,"GROSS_PROFIT_YOY":-93.2377694332,"HOLDER_PROFIT":-34612918.8,"HOLDER_PROFIT_YOY":22.8551846476,"GROSS_PROFIT_RATIO":49.935979513444,"EPS_TTM":-0.036756444849,"OPERATE_INCOME_QOQ":0,"NET_PROFIT_RATIO":-5250.0640204866,"ROE_AVG":-2.199458152823,"GROSS_PROFIT_QOQ":0,"ROA":-2.021323457176,"HOLDER_PROFIT_QOQ":0,"ROE_YEARLY":-4.398916305646,"ROIC_YEARLY":-3.961844343618,"TOTAL_ASSETS":1605302313.72,"TOTAL_LIABILITIES":171309075.96,"TAX_EBT":0.15827408201,"OCF_SALES":-506.658130601793,"TOTAL_PARENT_EQUITY":1470720737.28,"DEBT_ASSET_RATIO":10.6714526289,"OPERATE_PROFIT":-36700366.32,"PRETAX_PROFIT":-37143541.92,"NETCASH_OPERATE":-3578869.08,"NETCASH_INVEST":312031.8,"NETCASH_FINANCE":984935.16,"END_CASH":1714818.24,"DIVI_RATIO":null,"DIVIDEND_RATE":null,"CURRENT_RATIO":1.326289450614,"COMMON_ACS":10000000000,"CURRENTDEBT_DEBT":57.813514669314,"ISSUED_COMMON_SHARES":199979109,"HK_COMMON_SHARES":199979109,"PER_SHARES":10000,"TOTAL_MARKET_CAP":76991956.965,"HKSK_MARKET_CAP":76991956.965,"PE_TTM":-0.294681240106,"PB_TTM":0.062290118594,"REPORT_DATE_SQ":"2021-06-30 00:00:00","REPORT_TYPE_SQ":"2021年中报","OPERATE_INCOME_SQ":24756044.02,"DPS_HKD":null,"OPERATE_INCOME_QOQ_SQ":0,"NET_PROFIT_RATIO_SQ":-181.4584244708,"HOLDER_PROFIT_SQ":-41326440.48,"HOLDER_PROFIT_QOQ_SQ":0,"ROE_AVG_SQ":-2.311384622266,"PE_TTM_SQ":-1.53213033758,"PB_TTM_SQ":0.085867950945,"ROA_SQ":-2.163657334564,"START_DATE":"2022-04-01 00:00:00","FISCAL_YEAR":"3-31","CURRENCY":"HKD","IS_CNY_CODE":0,"DPS_HKD_LY":null,"ORG_TYPE":"一般企业","PREMIUM_INCOME":null,"PREMIUM_INCOME_YOY":null,"NET_INTEREST_INCOME":null,"NET_INTEREST_INCOME_YOY":null,"FEE_COMMISSION_INCOME":null,"FEE_COMMISSION_INCOME_YOY":null,"ACCOUNTS_RECE_TDAYS":0.026850021487,"INVENTORY_TDAYS":0.013235841712,"CURRENT_ASSETS_TDAYS":0.00478939832,"TOTAL_ASSETS_TDAYS":0.000412504212,"PREMIUM_EXPENSE":null,"LOAN_DEPOSIT":null,"LOAN_EQUITY":null,"LOAN_ASSETS":null,"DEPOSIT_EQUITY":null,"DEPOSIT_ASSETS":null,"EQUITY_MULTIPLIER":1.119462959412,"EQUITY_RATIO":0.116479676677},{"SECUCODE":"00476.HK","SECURITY_CODE":"00476","SECURITY_NAME_ABBR":"科轩动力控股","ORG_CODE":"10008918","STD_REPORT_DATE":"2021-12-31 00:00:00","REPORT_DATE":"2022-03-31 00:00:00","DATE_TYPE_CODE":"001","REPORT_TYPE":"2021年年报","PER_NETCASH_OPERATE":-0.00838592616,"PER_OI":0.004495999978,"BPS":7.518182983604,"BASIC_EPS":-0.0405505,"DILUTED_EPS":-0.0405505,"OPERATE_INCOME":40507516.47,"OPERATE_INCOME_YOY":109.9672103582,"GROSS_PROFIT":3494642.09,"GROSS_PROFIT_YOY":-39.866341932993,"HOLDER_PROFIT":-331163768.35,"HOLDER_PROFIT_YOY":47.6845712821,"GROSS_PROFIT_RATIO":9.576150719763,"EPS_TTM":-0.075103030962,"OPERATE_INCOME_QOQ":0,"NET_PROFIT_RATIO":-831.0629267023,"ROE_AVG":-20.614817163305,"GROSS_PROFIT_QOQ":0,"ROA":-19.192101973097,"HOLDER_PROFIT_QOQ":0,"ROE_YEARLY":-20.614817163305,"ROIC_YEARLY":-19.09294093993,"TOTAL_ASSETS":1631520982.15,"TOTAL_LIABILITIES":163065725.65,"TAX_EBT":0.86408460291,"OCF_SALES":-186.519710893547,"TOTAL_PARENT_EQUITY":1503479534.36,"DEBT_ASSET_RATIO":9.9947060095,"OPERATE_PROFIT":-338737790.74,"PRETAX_PROFIT":-339577186.09,"NETCASH_OPERATE":-75554502.61,"NETCASH_INVEST":-6118259.44,"NETCASH_FINANCE":42137646.57,"END_CASH":3786605.69,"DIVI_RATIO":null,"DIVIDEND_RATE":null,"CURRENT_RATIO":1.596503459475,"COMMON_ACS":10000000000,"CURRENTDEBT_DEBT":56.355904806903,"ISSUED_COMMON_SHARES":199979109,"HK_COMMON_SHARES":199979109,"PER_SHARES":10000,"TOTAL_MARKET_CAP":76991956.965,"HKSK_MARKET_CAP":76991956.965,"PE_TTM":-0.294681240106,"PB_TTM":0.062290118594,"REPORT_DATE_SQ":"2020-12-31 00:00:00","REPORT_TYPE_SQ":"2020年年报","OPERATE_INCOME_SQ":20105141.84,"DPS_HKD":null,"OPERATE_INCOME_QOQ_SQ":0,"NET_PROFIT_RATIO_SQ":-3309.6309063393,"HOLDER_PROFIT_SQ":-659684119.5,"HOLDER_PROFIT_QOQ_SQ":0,"ROE_AVG_SQ":-32.9203969807,"PE_TTM_SQ":-1.53213033758,"PB_TTM_SQ":0.085867950945,"ROA_SQ":-31.227782674397,"START_DATE":"2021-04-01 00:00:00","FISCAL_YEAR":"3-31","CURRENCY":"HKD","IS_CNY_CODE":0,"DPS_HKD_LY":null,"ORG_TYPE":"一般企业","PREMIUM_INCOME":null,"PREMIUM_INCOME_YOY":null,"NET_INTEREST_INCOME":null,"NET_INTEREST_INCOME_YOY":null,"FEE_COMMISSION_INCOME":null,"FEE_COMMISSION_INCOME_YOY":null,"ACCOUNTS_RECE_TDAYS":2.534544439652,"INVENTORY_TDAYS":1.496785311858,"CURRENT_ASSETS_TDAYS":0.28222550579,"TOTAL_ASSETS_TDAYS":0.023475526645,"PREMIUM_EXPENSE":null,"LOAN_DEPOSIT":null,"LOAN_EQUITY":null,"LOAN_ASSETS":null,"DEPOSIT_EQUITY":null,"DEPOSIT_ASSETS":null,"EQUITY_MULTIPLIER":1.111045757048,"EQUITY_RATIO":0.108458892804},{"SECUCODE":"00476.HK","SECURITY_CODE":"00476","SECURITY_NAME_ABBR":"科轩动力控股","ORG_CODE":"10008918","STD_REPORT_DATE":"2021-06-30 00:00:00","REPORT_DATE":"2021-09-30 00:00:00","DATE_TYPE_CODE":"002","REPORT_TYPE":"2021年中报","PER_NETCASH_OPERATE":-0.005195853678,"PER_OI":0.002747716549,"BPS":9.101131486689,"BASIC_EPS":-0.004831748,"DILUTED_EPS":-0.004831748,"OPERATE_INCOME":24756044.02,"OPERATE_INCOME_YOY":38.5149622448,"GROSS_PROFIT":3397218.68,"GROSS_PROFIT_YOY":-44.564106829215,"HOLDER_PROFIT":-41326440.48,"HOLDER_PROFIT_YOY":-78.9739519446,"GROSS_PROFIT_RATIO":13.722784937914,"EPS_TTM":-0.075769440653,"OPERATE_INCOME_QOQ":0,"NET_PROFIT_RATIO":-181.4584244708,"ROE_AVG":-2.311384622266,"GROSS_PROFIT_QOQ":0,"ROA":-2.163657334564,"HOLDER_PROFIT_QOQ":0,"ROE_YEARLY":-4.622769244532,"ROIC_YEARLY":-4.329605251244,"TOTAL_ASSETS":1951063174.64,"TOTAL_LIABILITIES":164162803.6,"TAX_EBT":2.034735847685,"OCF_SALES":-189.097149779587,"TOTAL_PARENT_EQUITY":1820036165.6,"DEBT_ASSET_RATIO":8.4140178408,"OPERATE_PROFIT":-45443423,"PRETAX_PROFIT":-45854954.64,"NETCASH_OPERATE":-46812973.64,"NETCASH_INVEST":-17220183.26,"NETCASH_FINANCE":42618516.54,"END_CASH":21480452.1,"DIVI_RATIO":null,"DIVIDEND_RATE":null,"CURRENT_RATIO":2.212654467247,"COMMON_ACS":10000000000,"CURRENTDEBT_DEBT":55.684563077235,"ISSUED_COMMON_SHARES":199979109,"HK_COMMON_SHARES":199979109,"PER_SHARES":10000,"TOTAL_MARKET_CAP":76991956.965,"HKSK_MARKET_CAP":76991956.965,"PE_TTM":-0.294681240106,"PB_TTM":0.062290118594,"REPORT_DATE_SQ":"2020-06-30 00:00:00","REPORT_TYPE_SQ":"2020年中报","OPERATE_INCOME_SQ":18852058.88,"DPS_HKD":null,"OPERATE_INCOME_QOQ_SQ":0,"NET_PROFIT_RATIO_SQ":-136.2869394985,"HOLDER_PROFIT_SQ":-24356360.96,"HOLDER_PROFIT_QOQ_SQ":0,"ROE_AVG_SQ":-1.035954745843,"PE_TTM_SQ":-1.53213033758,"PB_TTM_SQ":0.085867950945,"ROA_SQ":-0.990822434811,"START_DATE":"2021-04-01 00:00:00","FISCAL_YEAR":"3-31","CURRENCY":"HKD","IS_CNY_CODE":0,"DPS_HKD_LY":null,"ORG_TYPE":"一般企业","PREMIUM_INCOME":null,"PREMIUM_INCOME_YOY":null,"NET_INTEREST_INCOME":null,"NET_INTEREST_INCOME_YOY":null,"FEE_COMMISSION_INCOME":null,"FEE_COMMISSION_INCOME_YOY":null,"ACCOUNTS_RECE_TDAYS":1.525043621061,"INVENTORY_TDAYS":0.866782738045,"CURRENT_ASSETS_TDAYS":0.142922757649,"TOTAL_ASSETS_TDAYS":0.012961095995,"PREMIUM_EXPENSE":null,"LOAN_DEPOSIT":null,"LOAN_EQUITY":null,"LOAN_ASSETS":null,"DEPOSIT_EQUITY":null,"DEPOSIT_ASSETS":null,"EQUITY_MULTIPLIER":1.091870149148,"EQUITY_RATIO":0.090197550303},{"SECUCODE":"00476.HK","SECURITY_CODE":"00476","SECURITY_NAME_ABBR":"科轩动力控股","ORG_CODE":"10008918","STD_REPORT_DATE":"2020-12-31 00:00:00","REPORT_DATE":"2021-03-31 00:00:00","DATE_TYPE_CODE":"001","REPORT_TYPE":"2020年年报","PER_NETCASH_OPERATE":-0.005435356349,"PER_OI":0.002425138457,"BPS":8.907995143433,"BASIC_EPS":-0.0929698,"DILUTED_EPS":-0.0929698,"OPERATE_INCOME":20105141.84,"OPERATE_INCOME_YOY":367.7152968934,"GROSS_PROFIT":5811457.68,"GROSS_PROFIT_YOY":835.34653541837,"HOLDER_PROFIT":-659684119.5,"HOLDER_PROFIT_YOY":-431.5117466803,"GROSS_PROFIT_RATIO":28.905330418699,"EPS_TTM":-0.015859474092,"OPERATE_INCOME_QOQ":0,"NET_PROFIT_RATIO":-3309.6309063393,"ROE_AVG":-32.9203969807,"GROSS_PROFIT_QOQ":0,"ROA":-31.227782674397,"HOLDER_PROFIT_QOQ":0,"ROE_YEARLY":-32.9203969807,"ROIC_YEARLY":-31.617675355004,"TOTAL_ASSETS":1896182459.5,"TOTAL_LIABILITIES":145432658.14,"TAX_EBT":0.107974918353,"OCF_SALES":-224.125609551034,"TOTAL_PARENT_EQUITY":1781412931.76,"DEBT_ASSET_RATIO":7.669760756,"OPERATE_PROFIT":-665671374.62,"PRETAX_PROFIT":-666125236.28,"NETCASH_OPERATE":-45060771.7,"NETCASH_INVEST":-2019135.02,"NETCASH_FINANCE":27481027.7,"END_CASH":44538450.46,"DIVI_RATIO":null,"DIVIDEND_RATE":null,"CURRENT_RATIO":1.89137966839,"COMMON_ACS":10000000000,"CURRENTDEBT_DEBT":53.171037873461,"ISSUED_COMMON_SHARES":199979109,"HK_COMMON_SHARES":199979109,"PER_SHARES":10000,"TOTAL_MARKET_CAP":76991956.965,"HKSK_MARKET_CAP":76991956.965,"PE_TTM":-0.294681240106,"PB_TTM":0.062290118594,"REPORT_DATE_SQ":"2019-12-31 00:00:00","REPORT_TYPE_SQ":"2019年年报","OPERATE_INCOME_SQ":4647078.2,"DPS_HKD":null,"OPERATE_INCOME_QOQ_SQ":0,"NET_PROFIT_RATIO_SQ":-3185.6468737711,"HOLDER_PROFIT_SQ":-134176845,"HOLDER_PROFIT_QOQ_SQ":0,"ROE_AVG_SQ":-5.2936230497,"PE_TTM_SQ":-1.53213033758,"PB_TTM_SQ":0.085867950945,"ROA_SQ":-5.037226942252,"START_DATE":"2020-04-01 00:00:00","FISCAL_YEAR":"3-31","CURRENCY":"HKD","IS_CNY_CODE":0,"DPS_HKD_LY":null,"ORG_TYPE":"一般企业","PREMIUM_INCOME":null,"PREMIUM_INCOME_YOY":null,"NET_INTEREST_INCOME":null,"NET_INTEREST_INCOME_YOY":null,"FEE_COMMISSION_INCOME":null,"FEE_COMMISSION_INCOME_YOY":null,"ACCOUNTS_RECE_TDAYS":3.140744652759,"INVENTORY_TDAYS":0.629037957263,"CURRENT_ASSETS_TDAYS":0.133661850352,"TOTAL_ASSETS_TDAYS":0.00951726715,"PREMIUM_EXPENSE":null,"LOAN_DEPOSIT":null,"LOAN_EQUITY":null,"LOAN_ASSETS":null,"DEPOSIT_EQUITY":null,"DEPOSIT_ASSETS":null,"EQUITY_MULTIPLIER":1.083068784602,"EQUITY_RATIO":0.081638937019},{"SECUCODE":"00476.HK","SECURITY_CODE":"00476","SECURITY_NAME_ABBR":"科轩动力控股","ORG_CODE":"10008918","STD_REPORT_DATE":"2020-06-30 00:00:00","REPORT_DATE":"2020-09-30 00:00:00","DATE_TYPE_CODE":"002","REPORT_TYPE":"2020年中报","PER_NETCASH_OPERATE":-0.003317011375,"PER_OI":0.002750160846,"BPS":11.938825226789,"BASIC_EPS":-0.00351488,"DILUTED_EPS":-0.00351488,"OPERATE_INCOME":18852058.88,"OPERATE_INCOME_YOY":702.0186915888,"GROSS_PROFIT":6128193.28,"GROSS_PROFIT_YOY":7533.6298122707,"HOLDER_PROFIT":-24356360.96,"HOLDER_PROFIT_YOY":25.9114722549,"GROSS_PROFIT_RATIO":32.506758646406,"EPS_TTM":-0.019573878263,"OPERATE_INCOME_QOQ":0,"NET_PROFIT_RATIO":-136.2869394985,"ROE_AVG":-1.035954745843,"GROSS_PROFIT_QOQ":0,"ROA":-0.990822434811,"HOLDER_PROFIT_QOQ":0,"ROE_YEARLY":-2.071909491686,"ROIC_YEARLY":-2.00265341824,"TOTAL_ASSETS":2495177284.48,"TOTAL_LIABILITIES":133497778.56,"TAX_EBT":1.389497824694,"OCF_SALES":-120.611540971381,"TOTAL_PARENT_EQUITY":2387515631.36,"DEBT_ASSET_RATIO":5.3502322015,"OPERATE_PROFIT":-26813262.08,"PRETAX_PROFIT":-26054926.72,"NETCASH_OPERATE":-22737758.72,"NETCASH_INVEST":-1246903.68,"NETCASH_FINANCE":-3405040,"END_CASH":37668968.96,"DIVI_RATIO":null,"DIVIDEND_RATE":null,"CURRENT_RATIO":2.126387192349,"COMMON_ACS":10000000000,"CURRENTDEBT_DEBT":50.653291470021,"ISSUED_COMMON_SHARES":199979109,"HK_COMMON_SHARES":199979109,"PER_SHARES":10000,"TOTAL_MARKET_CAP":76991956.965,"HKSK_MARKET_CAP":76991956.965,"PE_TTM":-0.294681240106,"PB_TTM":0.062290118594,"REPORT_DATE_SQ":"2019-06-30 00:00:00","REPORT_TYPE_SQ":"2019年中报","OPERATE_INCOME_SQ":2412876.75,"DPS_HKD":null,"OPERATE_INCOME_QOQ_SQ":0,"NET_PROFIT_RATIO_SQ":-1555.738317757,"HOLDER_PROFIT_SQ":-33745998.12,"HOLDER_PROFIT_QOQ_SQ":0,"ROE_AVG_SQ":-1.316605605498,"PE_TTM_SQ":-1.53213033758,"PB_TTM_SQ":0.085867950945,"ROA_SQ":-1.247745232115,"START_DATE":"2020-04-01 00:00:00","FISCAL_YEAR":"3-31","CURRENCY":"HKD","IS_CNY_CODE":0,"DPS_HKD_LY":null,"ORG_TYPE":"一般企业","PREMIUM_INCOME":null,"PREMIUM_INCOME_YOY":null,"NET_INTEREST_INCOME":null,"NET_INTEREST_INCOME_YOY":null,"FEE_COMMISSION_INCOME":null,"FEE_COMMISSION_INCOME_YOY":null,"ACCOUNTS_RECE_TDAYS":1.94470630892,"INVENTORY_TDAYS":0.555278597998,"CURRENT_ASSETS_TDAYS":0.123822248643,"TOTAL_ASSETS_TDAYS":0.007669061446,"PREMIUM_EXPENSE":null,"LOAN_DEPOSIT":null,"LOAN_EQUITY":null,"LOAN_ASSETS":null,"DEPOSIT_EQUITY":null,"DEPOSIT_ASSETS":null,"EQUITY_MULTIPLIER":1.056526627861,"EQUITY_RATIO":0.055914933836}],"count":47},"success":true,"message":"ok","code":0}