{"version":"56dbb74be05cdd19962c332819e8faa7","result":{"pages":5,"data":[{"SECUCODE":"00474.HK","SECURITY_CODE":"00474","SECURITY_NAME_ABBR":"信铭生命科技","ORG_CODE":"10088766","STD_REPORT_DATE":"2024-06-30 00:00:00","REPORT_DATE":"2024-09-30 00:00:00","DATE_TYPE_CODE":"002","REPORT_TYPE":"2024年中报","PER_NETCASH_OPERATE":-0.000610821774,"PER_OI":0.013315914663,"BPS":0.097487155059,"BASIC_EPS":-0.017224189,"DILUTED_EPS":-0.017224189,"OPERATE_INCOME":98295110,"OPERATE_INCOME_YOY":-3.5398230088,"GROSS_PROFIT":48696660,"GROSS_PROFIT_YOY":-6.898491938902,"HOLDER_PROFIT":-123545230,"HOLDER_PROFIT_YOY":33.8164251208,"GROSS_PROFIT_RATIO":49.54128440367,"EPS_TTM":-0.056737843891,"OPERATE_INCOME_QOQ":0,"NET_PROFIT_RATIO":-178.8990825688,"ROE_AVG":-15.939499709133,"GROSS_PROFIT_QOQ":0,"ROA":-2.988982218828,"HOLDER_PROFIT_QOQ":0,"ROE_YEARLY":-31.878999418266,"ROIC_YEARLY":-8.076639646279,"TOTAL_ASSETS":3950741990,"TOTAL_LIABILITIES":2471806390,"TAX_EBT":1.515151515152,"OCF_SALES":-4.587155963303,"TOTAL_PARENT_EQUITY":719628420,"DEBT_ASSET_RATIO":62.5656242867,"OPERATE_PROFIT":-59518140,"PRETAX_PROFIT":-178554420,"NETCASH_OPERATE":-4508950,"NETCASH_INVEST":316528290,"NETCASH_FINANCE":-333662300,"END_CASH":268733420,"DIVI_RATIO":null,"DIVIDEND_RATE":null,"CURRENT_RATIO":0.422009569378,"COMMON_ACS":50000000000,"CURRENTDEBT_DEBT":76.249543962058,"ISSUED_COMMON_SHARES":7381776805,"HK_COMMON_SHARES":7381776805,"PER_SHARES":6000,"TOTAL_MARKET_CAP":324798179.42,"HKSK_MARKET_CAP":324798179.42,"PE_TTM":-0.828566784235,"PB_TTM":0.407015262431,"REPORT_DATE_SQ":"2023-06-30 00:00:00","REPORT_TYPE_SQ":"2023年中报","OPERATE_INCOME_SQ":103692190,"DPS_HKD":null,"OPERATE_INCOME_QOQ_SQ":0,"NET_PROFIT_RATIO_SQ":-221.2389380531,"HOLDER_PROFIT_SQ":-189949410,"HOLDER_PROFIT_QOQ_SQ":0,"ROE_AVG_SQ":-14.675646933711,"PE_TTM_SQ":-2.952710722,"PB_TTM_SQ":0.974951653491,"ROA_SQ":-3.568350284434,"START_DATE":"2024-04-01 00:00:00","FISCAL_YEAR":"3-31","CURRENCY":"HKD","IS_CNY_CODE":0,"DPS_HKD_LY":null,"ORG_TYPE":"一般企业","PREMIUM_INCOME":null,"PREMIUM_INCOME_YOY":null,"NET_INTEREST_INCOME":null,"NET_INTEREST_INCOME_YOY":null,"FEE_COMMISSION_INCOME":null,"FEE_COMMISSION_INCOME_YOY":null,"ACCOUNTS_RECE_TDAYS":0.207619047619,"INVENTORY_TDAYS":27.5,"CURRENT_ASSETS_TDAYS":0.101537028412,"TOTAL_ASSETS_TDAYS":0.02378095342,"PREMIUM_EXPENSE":null,"LOAN_DEPOSIT":null,"LOAN_EQUITY":null,"LOAN_ASSETS":null,"DEPOSIT_EQUITY":null,"DEPOSIT_ASSETS":null,"EQUITY_MULTIPLIER":2.671341463415,"EQUITY_RATIO":3.434837092732},{"SECUCODE":"00474.HK","SECURITY_CODE":"00474","SECURITY_NAME_ABBR":"信铭生命科技","ORG_CODE":"10088766","STD_REPORT_DATE":"2023-12-31 00:00:00","REPORT_DATE":"2024-03-31 00:00:00","DATE_TYPE_CODE":"001","REPORT_TYPE":"2023年年报","PER_NETCASH_OPERATE":-0.004543939879,"PER_OI":0.028000494388,"BPS":0.113107260224,"BASIC_EPS":-0.057565925,"DILUTED_EPS":-0.057565925,"OPERATE_INCOME":206693400,"OPERATE_INCOME_YOY":-26.9230769231,"GROSS_PROFIT":106066350,"GROSS_PROFIT_YOY":-14.069565458325,"HOLDER_PROFIT":-418826100,"HOLDER_PROFIT_YOY":-75,"GROSS_PROFIT_RATIO":51.315789473684,"EPS_TTM":-0.050791458466,"OPERATE_INCOME_QOQ":0,"NET_PROFIT_RATIO":-354.8245614035,"ROE_AVG":-37.408906882591,"GROSS_PROFIT_QOQ":0,"ROA":-8.334084964373,"HOLDER_PROFIT_QOQ":0,"ROE_YEARLY":-37.408906882591,"ROIC_YEARLY":-10.704355885079,"TOTAL_ASSETS":4338748300,"TOTAL_LIABILITIES":2695173150,"TAX_EBT":1.701093560146,"OCF_SALES":-16.228070175439,"TOTAL_PARENT_EQUITY":834932550,"DEBT_ASSET_RATIO":62.1186794818,"OPERATE_PROFIT":-293722200,"PRETAX_PROFIT":-746090650,"NETCASH_OPERATE":-33542350,"NETCASH_INVEST":67991250,"NETCASH_FINANCE":106066350,"END_CASH":317292500,"DIVI_RATIO":null,"DIVIDEND_RATE":null,"CURRENT_RATIO":0.571364046974,"COMMON_ACS":50000000000,"CURRENTDEBT_DEBT":74.470232088799,"ISSUED_COMMON_SHARES":7381776805,"HK_COMMON_SHARES":7381776805,"PER_SHARES":6000,"TOTAL_MARKET_CAP":354325286.64,"HKSK_MARKET_CAP":354325286.64,"PE_TTM":-0.903891037347,"PB_TTM":0.444016649925,"REPORT_DATE_SQ":"2022-12-31 00:00:00","REPORT_TYPE_SQ":"2022年年报","OPERATE_INCOME_SQ":273127920,"DPS_HKD":null,"OPERATE_INCOME_QOQ_SQ":0,"NET_PROFIT_RATIO_SQ":-66.6666666667,"HOLDER_PROFIT_SQ":-231108240,"HOLDER_PROFIT_QOQ_SQ":0,"ROE_AVG_SQ":-14.869050971557,"PE_TTM_SQ":-2.812105449524,"PB_TTM_SQ":0.928525384277,"ROA_SQ":-4.202483285578,"START_DATE":"2023-04-01 00:00:00","FISCAL_YEAR":"3-31","CURRENCY":"HKD","IS_CNY_CODE":0,"DPS_HKD_LY":null,"ORG_TYPE":"一般企业","PREMIUM_INCOME":null,"PREMIUM_INCOME_YOY":null,"NET_INTEREST_INCOME":null,"NET_INTEREST_INCOME_YOY":null,"FEE_COMMISSION_INCOME":null,"FEE_COMMISSION_INCOME_YOY":null,"ACCOUNTS_RECE_TDAYS":0.353762606672,"INVENTORY_TDAYS":0.623595505618,"CURRENT_ASSETS_TDAYS":0.128017967434,"TOTAL_ASSETS_TDAYS":0.041129250474,"PREMIUM_EXPENSE":null,"LOAN_DEPOSIT":null,"LOAN_EQUITY":null,"LOAN_ASSETS":null,"DEPOSIT_EQUITY":null,"DEPOSIT_ASSETS":null,"EQUITY_MULTIPLIER":2.639823496965,"EQUITY_RATIO":3.228013029316},{"SECUCODE":"00474.HK","SECURITY_CODE":"00474","SECURITY_NAME_ABBR":"信铭生命科技","ORG_CODE":"10088766","STD_REPORT_DATE":"2023-06-30 00:00:00","REPORT_DATE":"2023-09-30 00:00:00","DATE_TYPE_CODE":"002","REPORT_TYPE":"2023年中报","PER_NETCASH_OPERATE":0.003853615566,"PER_OI":0.014047050289,"BPS":0.158122548383,"BASIC_EPS":-0.026152455,"DILUTED_EPS":-0.026152455,"OPERATE_INCOME":103692190,"OPERATE_INCOME_YOY":-29.8136645963,"GROSS_PROFIT":52304910,"GROSS_PROFIT_YOY":-22.891645659192,"HOLDER_PROFIT":-189949410,"HOLDER_PROFIT_YOY":-305.8823529412,"GROSS_PROFIT_RATIO":50.442477876106,"EPS_TTM":-0.031307941991,"OPERATE_INCOME_QOQ":0,"NET_PROFIT_RATIO":-221.2389380531,"ROE_AVG":-14.675646933711,"GROSS_PROFIT_QOQ":0,"ROA":-3.568350284434,"HOLDER_PROFIT_QOQ":0,"ROE_YEARLY":-29.351293867423,"ROIC_YEARLY":-8.905140890514,"TOTAL_ASSETS":4864356630,"TOTAL_LIABILITIES":2815288840,"TAX_EBT":4.214559386973,"OCF_SALES":27.433628318584,"TOTAL_PARENT_EQUITY":1167225360,"DEBT_ASSET_RATIO":57.8758724769,"OPERATE_PROFIT":-173432070,"PRETAX_PROFIT":-239501430,"NETCASH_OPERATE":28446530,"NETCASH_INVEST":43128610,"NETCASH_FINANCE":-125715310,"END_CASH":119291900,"DIVI_RATIO":null,"DIVIDEND_RATE":null,"CURRENT_RATIO":0.632545931759,"COMMON_ACS":50000000000,"CURRENTDEBT_DEBT":74.511082138201,"ISSUED_COMMON_SHARES":7381776805,"HK_COMMON_SHARES":7381776805,"PER_SHARES":6000,"TOTAL_MARKET_CAP":354325286.64,"HKSK_MARKET_CAP":354325286.64,"PE_TTM":-0.903891037347,"PB_TTM":0.444016649925,"REPORT_DATE_SQ":"2022-06-30 00:00:00","REPORT_TYPE_SQ":"2022年中报","OPERATE_INCOME_SQ":145614840,"DPS_HKD":null,"OPERATE_INCOME_QOQ_SQ":0,"NET_PROFIT_RATIO_SQ":-2.4844720497,"HOLDER_PROFIT_SQ":-46126440,"HOLDER_PROFIT_QOQ_SQ":0,"ROE_AVG_SQ":-2.767978290366,"PE_TTM_SQ":-2.812105449524,"PB_TTM_SQ":0.928525384277,"ROA_SQ":-0.847246449041,"START_DATE":"2023-04-01 00:00:00","FISCAL_YEAR":"3-31","CURRENCY":"HKD","IS_CNY_CODE":0,"DPS_HKD_LY":null,"ORG_TYPE":"一般企业","PREMIUM_INCOME":null,"PREMIUM_INCOME_YOY":null,"NET_INTEREST_INCOME":null,"NET_INTEREST_INCOME_YOY":null,"FEE_COMMISSION_INCOME":null,"FEE_COMMISSION_INCOME_YOY":null,"ACCOUNTS_RECE_TDAYS":0.194659776055,"INVENTORY_TDAYS":0.163265306122,"CURRENT_ASSETS_TDAYS":0.060379374833,"TOTAL_ASSETS_TDAYS":0.019479400103,"PREMIUM_EXPENSE":null,"LOAN_DEPOSIT":null,"LOAN_EQUITY":null,"LOAN_ASSETS":null,"DEPOSIT_EQUITY":null,"DEPOSIT_ASSETS":null,"EQUITY_MULTIPLIER":2.37393640842,"EQUITY_RATIO":2.411949685535},{"SECUCODE":"00474.HK","SECURITY_CODE":"00474","SECURITY_NAME_ABBR":"信铭生命科技","ORG_CODE":"10088766","STD_REPORT_DATE":"2022-12-31 00:00:00","REPORT_DATE":"2023-03-31 00:00:00","DATE_TYPE_CODE":"001","REPORT_TYPE":"2022年年报","PER_NETCASH_OPERATE":0.026327133038,"PER_OI":0.03700029508,"BPS":0.183696977817,"BASIC_EPS":-0.031602301,"DILUTED_EPS":-0.031602301,"OPERATE_INCOME":273127920,"OPERATE_INCOME_YOY":-0.9523809524,"GROSS_PROFIT":123432810,"GROSS_PROFIT_YOY":-6.051599126284,"HOLDER_PROFIT":-231108240,"HOLDER_PROFIT_YOY":28.6486486486,"GROSS_PROFIT_RATIO":45.192307692308,"EPS_TTM":-0.037532448802,"OPERATE_INCOME_QOQ":0,"NET_PROFIT_RATIO":-66.6666666667,"ROE_AVG":-14.869050971557,"GROSS_PROFIT_QOQ":0,"ROA":-4.202483285578,"HOLDER_PROFIT_QOQ":0,"ROE_YEARLY":-14.869050971557,"ROIC_YEARLY":-5.110831478076,"TOTAL_ASSETS":5515958410,"TOTAL_LIABILITIES":3261777660,"TAX_EBT":2.347417840376,"OCF_SALES":71.153846153846,"TOTAL_PARENT_EQUITY":1356010090,"DEBT_ASSET_RATIO":59.1334708776,"OPERATE_PROFIT":54275420,"PRETAX_PROFIT":-186462330,"NETCASH_OPERATE":187337740,"NETCASH_INVEST":-98045920,"NETCASH_FINANCE":-85790180,"END_CASH":163701670,"DIVI_RATIO":null,"DIVIDEND_RATE":null,"CURRENT_RATIO":0.804553415061,"COMMON_ACS":50000000000,"CURRENTDEBT_DEBT":76.62372517445,"ISSUED_COMMON_SHARES":7381776805,"HK_COMMON_SHARES":7381776805,"PER_SHARES":6000,"TOTAL_MARKET_CAP":354325286.64,"HKSK_MARKET_CAP":354325286.64,"PE_TTM":-0.903891037347,"PB_TTM":0.444016649925,"REPORT_DATE_SQ":"2021-12-31 00:00:00","REPORT_TYPE_SQ":"2021年年报","OPERATE_INCOME_SQ":255468150,"DPS_HKD":null,"OPERATE_INCOME_QOQ_SQ":0,"NET_PROFIT_RATIO_SQ":-189.2063492063,"HOLDER_PROFIT_SQ":-300073700,"HOLDER_PROFIT_QOQ_SQ":0,"ROE_AVG_SQ":-16.879562043796,"PE_TTM_SQ":-2.812105449524,"PB_TTM_SQ":0.928525384277,"ROA_SQ":-5.954296749276,"START_DATE":"2022-04-01 00:00:00","FISCAL_YEAR":"3-31","CURRENCY":"HKD","IS_CNY_CODE":0,"DPS_HKD_LY":null,"ORG_TYPE":"一般企业","PREMIUM_INCOME":null,"PREMIUM_INCOME_YOY":null,"NET_INTEREST_INCOME":null,"NET_INTEREST_INCOME_YOY":null,"FEE_COMMISSION_INCOME":null,"FEE_COMMISSION_INCOME_YOY":null,"ACCOUNTS_RECE_TDAYS":0.52,"INVENTORY_TDAYS":0.46978021978,"CURRENT_ASSETS_TDAYS":0.136752136752,"TOTAL_ASSETS_TDAYS":0.049665711557,"PREMIUM_EXPENSE":null,"LOAN_DEPOSIT":null,"LOAN_EQUITY":null,"LOAN_ASSETS":null,"DEPOSIT_EQUITY":null,"DEPOSIT_ASSETS":null,"EQUITY_MULTIPLIER":2.44699029126,"EQUITY_RATIO":2.405422853454},{"SECUCODE":"00474.HK","SECURITY_CODE":"00474","SECURITY_NAME_ABBR":"信铭生命科技","ORG_CODE":"10088766","STD_REPORT_DATE":"2022-06-30 00:00:00","REPORT_DATE":"2022-09-30 00:00:00","DATE_TYPE_CODE":"002","REPORT_TYPE":"2022年中报","PER_NETCASH_OPERATE":0.018991118765,"PER_OI":0.019726258846,"BPS":0.206206792783,"BASIC_EPS":-0.00633108,"DILUTED_EPS":-0.006421524,"OPERATE_INCOME":145614840,"OPERATE_INCOME_YOY":-3.0120481928,"GROSS_PROFIT":67833000,"GROSS_PROFIT_YOY":-12.444830291432,"HOLDER_PROFIT":-46126440,"HOLDER_PROFIT_YOY":38.5542168675,"GROSS_PROFIT_RATIO":46.583850931677,"EPS_TTM":-0.040622870165,"OPERATE_INCOME_QOQ":0,"NET_PROFIT_RATIO":-2.4844720497,"ROE_AVG":-2.767978290366,"GROSS_PROFIT_QOQ":0,"ROA":-0.847246449041,"HOLDER_PROFIT_QOQ":0,"ROE_YEARLY":-5.535956580733,"ROIC_YEARLY":-2.095962190486,"TOTAL_ASSETS":5224045440,"TOTAL_LIABILITIES":2785675200,"TAX_EBT":20,"OCF_SALES":96.273291925466,"TOTAL_PARENT_EQUITY":1522172520,"DEBT_ASSET_RATIO":53.324099723,"OPERATE_PROFIT":45222000,"PRETAX_PROFIT":-4522200,"NETCASH_OPERATE":140188200,"NETCASH_INVEST":-54266400,"NETCASH_FINANCE":8139960,"END_CASH":246912120,"DIVI_RATIO":null,"DIVIDEND_RATE":null,"CURRENT_RATIO":1.023864157871,"COMMON_ACS":50000000000,"CURRENTDEBT_DEBT":70.746753246753,"ISSUED_COMMON_SHARES":7381776805,"HK_COMMON_SHARES":7381776805,"PER_SHARES":6000,"TOTAL_MARKET_CAP":354325286.64,"HKSK_MARKET_CAP":354325286.64,"PE_TTM":-0.903891037347,"PB_TTM":0.444016649925,"REPORT_DATE_SQ":"2021-06-30 00:00:00","REPORT_TYPE_SQ":"2021年中报","OPERATE_INCOME_SQ":138287960,"DPS_HKD":null,"OPERATE_INCOME_QOQ_SQ":0,"NET_PROFIT_RATIO_SQ":-78.313253012,"HOLDER_PROFIT_SQ":-69143980,"HOLDER_PROFIT_QOQ_SQ":0,"ROE_AVG_SQ":-3.645147123408,"PE_TTM_SQ":-2.812105449524,"PB_TTM_SQ":0.928525384277,"ROA_SQ":-1.285625774473,"START_DATE":"2022-04-01 00:00:00","FISCAL_YEAR":"3-31","CURRENCY":"HKD","IS_CNY_CODE":0,"DPS_HKD_LY":null,"ORG_TYPE":"一般企业","PREMIUM_INCOME":null,"PREMIUM_INCOME_YOY":null,"NET_INTEREST_INCOME":null,"NET_INTEREST_INCOME_YOY":null,"FEE_COMMISSION_INCOME":null,"FEE_COMMISSION_INCOME_YOY":null,"ACCOUNTS_RECE_TDAYS":0.262001627339,"INVENTORY_TDAYS":0.241912798875,"CURRENT_ASSETS_TDAYS":0.071603291083,"TOTAL_ASSETS_TDAYS":0.026746407509,"PREMIUM_EXPENSE":null,"LOAN_DEPOSIT":null,"LOAN_EQUITY":null,"LOAN_ASSETS":null,"DEPOSIT_EQUITY":null,"DEPOSIT_ASSETS":null,"EQUITY_MULTIPLIER":2.142433234422,"EQUITY_RATIO":1.830065359477},{"SECUCODE":"00474.HK","SECURITY_CODE":"00474","SECURITY_NAME_ABBR":"信铭生命科技","ORG_CODE":"10088766","STD_REPORT_DATE":"2021-12-31 00:00:00","REPORT_DATE":"2022-03-31 00:00:00","DATE_TYPE_CODE":"001","REPORT_TYPE":"2021年年报","PER_NETCASH_OPERATE":0.034694126951,"PER_OI":0.03458433541,"BPS":0.219952738059,"BASIC_EPS":-0.041685914,"DILUTED_EPS":-0.045011055,"OPERATE_INCOME":255468150,"OPERATE_INCOME_YOY":-8.9595375723,"GROSS_PROFIT":131383620,"GROSS_PROFIT_YOY":-27.018563259631,"HOLDER_PROFIT":-300073700,"HOLDER_PROFIT_YOY":1.5957446809,"GROSS_PROFIT_RATIO":51.428571428571,"EPS_TTM":-0.000753664284,"OPERATE_INCOME_QOQ":0,"NET_PROFIT_RATIO":-189.2063492063,"ROE_AVG":-16.879562043796,"GROSS_PROFIT_QOQ":0,"ROA":-5.954296749276,"HOLDER_PROFIT_QOQ":0,"ROE_YEARLY":-16.879562043796,"ROIC_YEARLY":-6.995651351862,"TOTAL_ASSETS":5079355630,"TOTAL_LIABILITIES":2786630360,"TAX_EBT":-7.387387387387,"OCF_SALES":100.31746031746,"TOTAL_PARENT_EQUITY":1623642020,"DEBT_ASSET_RATIO":54.8618872745,"OPERATE_PROFIT":-261145220,"PRETAX_PROFIT":-450110550,"NETCASH_OPERATE":256279160,"NETCASH_INVEST":-357655410,"NETCASH_FINANCE":102187260,"END_CASH":158146950,"DIVI_RATIO":null,"DIVIDEND_RATE":null,"CURRENT_RATIO":0.924520603835,"COMMON_ACS":50000000000,"CURRENTDEBT_DEBT":71.332945285215,"ISSUED_COMMON_SHARES":7381776805,"HK_COMMON_SHARES":7381776805,"PER_SHARES":6000,"TOTAL_MARKET_CAP":354325286.64,"HKSK_MARKET_CAP":354325286.64,"PE_TTM":-0.903891037347,"PB_TTM":0.444016649925,"REPORT_DATE_SQ":"2020-12-31 00:00:00","REPORT_TYPE_SQ":"2020年年报","OPERATE_INCOME_SQ":292432280,"DPS_HKD":null,"OPERATE_INCOME_QOQ_SQ":0,"NET_PROFIT_RATIO_SQ":-100.5780346821,"HOLDER_PROFIT_SQ":-317787680,"HOLDER_PROFIT_QOQ_SQ":0,"ROE_AVG_SQ":-15.435139573071,"PE_TTM_SQ":-2.812105449524,"PB_TTM_SQ":0.928525384277,"ROA_SQ":-6.715314596415,"START_DATE":"2021-04-01 00:00:00","FISCAL_YEAR":"3-31","CURRENCY":"HKD","IS_CNY_CODE":0,"DPS_HKD_LY":null,"ORG_TYPE":"一般企业","PREMIUM_INCOME":null,"PREMIUM_INCOME_YOY":null,"NET_INTEREST_INCOME":null,"NET_INTEREST_INCOME_YOY":null,"FEE_COMMISSION_INCOME":null,"FEE_COMMISSION_INCOME_YOY":null,"ACCOUNTS_RECE_TDAYS":0.764563106796,"INVENTORY_TDAYS":0.367788461538,"CURRENT_ASSETS_TDAYS":0.14678471575,"TOTAL_ASSETS_TDAYS":0.050691985838,"PREMIUM_EXPENSE":null,"LOAN_DEPOSIT":null,"LOAN_EQUITY":null,"LOAN_ASSETS":null,"DEPOSIT_EQUITY":null,"DEPOSIT_ASSETS":null,"EQUITY_MULTIPLIER":2.215422709588,"EQUITY_RATIO":1.716283716284},{"SECUCODE":"00474.HK","SECURITY_CODE":"00474","SECURITY_NAME_ABBR":"信铭生命科技","ORG_CODE":"10088766","STD_REPORT_DATE":"2021-06-30 00:00:00","REPORT_DATE":"2021-09-30 00:00:00","DATE_TYPE_CODE":"002","REPORT_TYPE":"2021年中报","PER_NETCASH_OPERATE":0.015901498995,"PER_OI":0.01872091371,"BPS":0.245117993648,"BASIC_EPS":-0.009830108,"DILUTED_EPS":-0.013578878,"OPERATE_INCOME":138287960,"OPERATE_INCOME_YOY":-14.4329896907,"GROSS_PROFIT":77474580,"GROSS_PROFIT_YOY":-28.319073863535,"HOLDER_PROFIT":-69143980,"HOLDER_PROFIT_YOY":80.8755760369,"GROSS_PROFIT_RATIO":56.024096385542,"EPS_TTM":-0.045844326219,"OPERATE_INCOME_QOQ":0,"NET_PROFIT_RATIO":-78.313253012,"ROE_AVG":-3.645147123408,"GROSS_PROFIT_QOQ":0,"ROA":-1.285625774473,"HOLDER_PROFIT_QOQ":0,"ROE_YEARLY":-7.290294246816,"ROIC_YEARLY":-3.098170959313,"TOTAL_ASSETS":5620655820,"TOTAL_LIABILITIES":2977356440,"TAX_EBT":-21.495327102804,"OCF_SALES":84.939759036145,"TOTAL_PARENT_EQUITY":1809406320,"DEBT_ASSET_RATIO":52.971691122,"OPERATE_PROFIT":-67477860,"PRETAX_PROFIT":-89137420,"NETCASH_OPERATE":117461460,"NETCASH_INVEST":-355716620,"NETCASH_FINANCE":377376180,"END_CASH":304066900,"DIVI_RATIO":null,"DIVIDEND_RATE":null,"CURRENT_RATIO":2.82285115304,"COMMON_ACS":50000000000,"CURRENTDEBT_DEBT":26.692781197538,"ISSUED_COMMON_SHARES":7381776805,"HK_COMMON_SHARES":7381776805,"PER_SHARES":6000,"TOTAL_MARKET_CAP":354325286.64,"HKSK_MARKET_CAP":354325286.64,"PE_TTM":-0.903891037347,"PB_TTM":0.444016649925,"REPORT_DATE_SQ":"2020-06-30 00:00:00","REPORT_TYPE_SQ":"2020年中报","OPERATE_INCOME_SQ":170471680,"DPS_HKD":null,"OPERATE_INCOME_QOQ_SQ":0,"NET_PROFIT_RATIO_SQ":-235.5670103093,"HOLDER_PROFIT_SQ":-381364480,"HOLDER_PROFIT_QOQ_SQ":0,"ROE_AVG_SQ":-18.670681867068,"PE_TTM_SQ":-2.812105449524,"PB_TTM_SQ":0.928525384277,"ROA_SQ":-8.539706289199,"START_DATE":"2021-04-01 00:00:00","FISCAL_YEAR":"3-31","CURRENCY":"HKD","IS_CNY_CODE":0,"DPS_HKD_LY":null,"ORG_TYPE":"一般企业","PREMIUM_INCOME":null,"PREMIUM_INCOME_YOY":null,"NET_INTEREST_INCOME":null,"NET_INTEREST_INCOME_YOY":null,"FEE_COMMISSION_INCOME":null,"FEE_COMMISSION_INCOME_YOY":null,"ACCOUNTS_RECE_TDAYS":0.392899408284,"INVENTORY_TDAYS":0.175903614458,"CURRENT_ASSETS_TDAYS":0.070353888536,"TOTAL_ASSETS_TDAYS":0.025712515489,"PREMIUM_EXPENSE":null,"LOAN_DEPOSIT":null,"LOAN_EQUITY":null,"LOAN_ASSETS":null,"DEPOSIT_EQUITY":null,"DEPOSIT_ASSETS":null,"EQUITY_MULTIPLIER":2.126378821306,"EQUITY_RATIO":1.645488029466},{"SECUCODE":"00474.HK","SECURITY_CODE":"00474","SECURITY_NAME_ABBR":"信铭生命科技","ORG_CODE":"10088766","STD_REPORT_DATE":"2020-12-31 00:00:00","REPORT_DATE":"2021-03-31 00:00:00","DATE_TYPE_CODE":"001","REPORT_TYPE":"2020年年报","PER_NETCASH_OPERATE":0.021824825514,"PER_OI":0.042186534233,"BPS":0.272728208016,"BASIC_EPS":-0.048428814,"DILUTED_EPS":-0.053499894,"OPERATE_INCOME":292432280,"OPERATE_INCOME_YOY":16.8918918919,"GROSS_PROFIT":180023340,"GROSS_PROFIT_YOY":17.980088853703,"HOLDER_PROFIT":-317787680,"HOLDER_PROFIT_YOY":-32.3943661972,"GROSS_PROFIT_RATIO":61.560693641619,"EPS_TTM":-0.086297304533,"OPERATE_INCOME_QOQ":0,"NET_PROFIT_RATIO":-100.5780346821,"ROE_AVG":-15.435139573071,"GROSS_PROFIT_QOQ":0,"ROA":-6.715314596415,"HOLDER_PROFIT_QOQ":0,"ROE_YEARLY":-15.435139573071,"ROIC_YEARLY":-7.549550450373,"TOTAL_ASSETS":5210534700,"TOTAL_LIABILITIES":2663162180,"TAX_EBT":-7.739938080495,"OCF_SALES":51.734104046243,"TOTAL_PARENT_EQUITY":2013218760,"DEBT_ASSET_RATIO":51.1111111111,"OPERATE_PROFIT":-356665960,"PRETAX_PROFIT":-272993140,"NETCASH_OPERATE":151287220,"NETCASH_INVEST":null,"NETCASH_FINANCE":-316942500,"END_CASH":167345640,"DIVI_RATIO":null,"DIVIDEND_RATE":null,"CURRENT_RATIO":1.848540145985,"COMMON_ACS":50000000000,"CURRENTDEBT_DEBT":34.782608695652,"ISSUED_COMMON_SHARES":7381776805,"HK_COMMON_SHARES":7381776805,"PER_SHARES":6000,"TOTAL_MARKET_CAP":354325286.64,"HKSK_MARKET_CAP":354325286.64,"PE_TTM":-0.903891037347,"PB_TTM":0.444016649925,"REPORT_DATE_SQ":"2019-12-31 00:00:00","REPORT_TYPE_SQ":"2019年年报","OPERATE_INCOME_SQ":270455200,"DPS_HKD":null,"OPERATE_INCOME_QOQ_SQ":0,"NET_PROFIT_RATIO_SQ":-93.9447648362,"HOLDER_PROFIT_SQ":-259490800,"HOLDER_PROFIT_QOQ_SQ":0,"ROE_AVG_SQ":-11.080613476327,"PE_TTM_SQ":-2.812105449524,"PB_TTM_SQ":0.928525384277,"ROA_SQ":-5.359343674114,"START_DATE":"2020-04-01 00:00:00","FISCAL_YEAR":"3-31","CURRENCY":"HKD","IS_CNY_CODE":0,"DPS_HKD_LY":null,"ORG_TYPE":"一般企业","PREMIUM_INCOME":null,"PREMIUM_INCOME_YOY":null,"NET_INTEREST_INCOME":null,"NET_INTEREST_INCOME_YOY":null,"FEE_COMMISSION_INCOME":null,"FEE_COMMISSION_INCOME_YOY":null,"ACCOUNTS_RECE_TDAYS":1.751898734177,"INVENTORY_TDAYS":0.486046269412,"CURRENT_ASSETS_TDAYS":0.189070883275,"TOTAL_ASSETS_TDAYS":0.06179518219,"PREMIUM_EXPENSE":null,"LOAN_DEPOSIT":null,"LOAN_EQUITY":null,"LOAN_ASSETS":null,"DEPOSIT_EQUITY":null,"DEPOSIT_ASSETS":null,"EQUITY_MULTIPLIER":2.045454545454,"EQUITY_RATIO":1.322837951301},{"SECUCODE":"00474.HK","SECURITY_CODE":"00474","SECURITY_NAME_ABBR":"信铭生命科技","ORG_CODE":"10088766","STD_REPORT_DATE":"2020-06-30 00:00:00","REPORT_DATE":"2020-09-30 00:00:00","DATE_TYPE_CODE":"002","REPORT_TYPE":"2020年中报","PER_NETCASH_OPERATE":-0.016815968078,"PER_OI":0.026098382457,"BPS":0.257005397226,"BASIC_EPS":-0.0615104,"DILUTED_EPS":-0.0615104,"OPERATE_INCOME":170471680,"OPERATE_INCOME_YOY":49.2307692308,"GROSS_PROFIT":108082560,"GROSS_PROFIT_YOY":57.663323839915,"HOLDER_PROFIT":-381364480,"HOLDER_PROFIT_YOY":-823.4042553191,"GROSS_PROFIT_RATIO":63.40206185567,"EPS_TTM":-0.042553833467,"OPERATE_INCOME_QOQ":0,"NET_PROFIT_RATIO":-235.5670103093,"ROE_AVG":-18.670681867068,"GROSS_PROFIT_QOQ":0,"ROA":-8.539706289199,"HOLDER_PROFIT_QOQ":0,"ROE_YEARLY":-37.341363734136,"ROIC_YEARLY":-19.081414548348,"TOTAL_ASSETS":4508712320,"TOTAL_LIABILITIES":2304003840,"TAX_EBT":-2.237136465324,"OCF_SALES":-64.432989690722,"TOTAL_PARENT_EQUITY":1897156480,"DEBT_ASSET_RATIO":51.1011498733,"OPERATE_PROFIT":-351488000,"PRETAX_PROFIT":-392787840,"NETCASH_OPERATE":-109840000,"NETCASH_INVEST":-31633920,"NETCASH_FINANCE":79084800,"END_CASH":271524480,"DIVI_RATIO":null,"DIVIDEND_RATE":null,"CURRENT_RATIO":1.507339449541,"COMMON_ACS":50000000000,"CURRENTDEBT_DEBT":41.571319603356,"ISSUED_COMMON_SHARES":7381776805,"HK_COMMON_SHARES":7381776805,"PER_SHARES":6000,"TOTAL_MARKET_CAP":354325286.64,"HKSK_MARKET_CAP":354325286.64,"PE_TTM":-0.903891037347,"PB_TTM":0.444016649925,"REPORT_DATE_SQ":"2019-06-30 00:00:00","REPORT_TYPE_SQ":"2019年中报","OPERATE_INCOME_SQ":117261300,"DPS_HKD":null,"OPERATE_INCOME_QOQ_SQ":0,"NET_PROFIT_RATIO_SQ":-49.0559091955,"HOLDER_PROFIT_SQ":-42394470,"HOLDER_PROFIT_QOQ_SQ":0,"ROE_AVG_SQ":-1.762597062512,"PE_TTM_SQ":-2.812105449524,"PB_TTM_SQ":0.928525384277,"ROA_SQ":-0.835491660281,"START_DATE":"2020-04-01 00:00:00","FISCAL_YEAR":"3-31","CURRENCY":"HKD","IS_CNY_CODE":0,"DPS_HKD_LY":null,"ORG_TYPE":"一般企业","PREMIUM_INCOME":null,"PREMIUM_INCOME_YOY":null,"NET_INTEREST_INCOME":null,"NET_INTEREST_INCOME_YOY":null,"FEE_COMMISSION_INCOME":null,"FEE_COMMISSION_INCOME_YOY":null,"ACCOUNTS_RECE_TDAYS":0.741873804971,"INVENTORY_TDAYS":0.80102440868,"CURRENT_ASSETS_TDAYS":0.11840086811,"TOTAL_ASSETS_TDAYS":0.038172880648,"PREMIUM_EXPENSE":null,"LOAN_DEPOSIT":null,"LOAN_EQUITY":null,"LOAN_ASSETS":null,"DEPOSIT_EQUITY":null,"DEPOSIT_ASSETS":null,"EQUITY_MULTIPLIER":2.04503786369,"EQUITY_RATIO":1.214451134785}],"count":42},"success":true,"message":"ok","code":0}