{"version":"fb1490d7d49d980d0174dfc2dcc7556c","result":{"pages":5,"data":[{"SECUCODE":"00482.HK","SECURITY_CODE":"00482","SECURITY_NAME_ABBR":"圣马丁国际","ORG_CODE":"10008921","STD_REPORT_DATE":"2024-06-30 00:00:00","REPORT_DATE":"2024-06-30 00:00:00","DATE_TYPE_CODE":"002","REPORT_TYPE":"2024年中报","PER_NETCASH_OPERATE":0.007548279879,"PER_OI":0.231489484218,"BPS":-0.038076680693,"BASIC_EPS":0.013325128,"DILUTED_EPS":0.013325128,"OPERATE_INCOME":284825523.68,"OPERATE_INCOME_YOY":5.6666892395,"GROSS_PROFIT":24875093.4,"GROSS_PROFIT_YOY":-36.972740025177,"HOLDER_PROFIT":16423676.6,"HOLDER_PROFIT_YOY":136.8719777067,"GROSS_PROFIT_RATIO":8.733449544342,"EPS_TTM":-0.043300138741,"OPERATE_INCOME_QOQ":2.459704999271,"NET_PROFIT_RATIO":0.6248477935,"ROE_AVG":-32.810049958064,"GROSS_PROFIT_QOQ":-21.875564537537,"ROA":1.936411037812,"HOLDER_PROFIT_QOQ":53.54994552721,"ROE_YEARLY":-65.620099916129,"ROIC_YEARLY":4.223913169772,"TOTAL_ASSETS":923483393.16,"TOTAL_LIABILITIES":960812917.84,"TAX_EBT":90.149027532205,"OCF_SALES":3.2607441777,"TOTAL_PARENT_EQUITY":-46849689.76,"DEBT_ASSET_RATIO":104.0422518647,"OPERATE_PROFIT":30357562.16,"PRETAX_PROFIT":18066500.6,"NETCASH_OPERATE":9287431.68,"NETCASH_INVEST":-7966783.72,"NETCASH_FINANCE":-15573971.52,"END_CASH":48644931.32,"DIVI_RATIO":null,"DIVIDEND_RATE":null,"CURRENT_RATIO":0.770261207111,"COMMON_ACS":10000000000,"CURRENTDEBT_DEBT":74.782899448866,"ISSUED_COMMON_SHARES":1230403725,"HK_COMMON_SHARES":1230403725,"PER_SHARES":10000,"TOTAL_MARKET_CAP":105814720.35,"HKSK_MARKET_CAP":105814720.35,"PE_TTM":-1.770453935282,"PB_TTM":-2.061379263422,"REPORT_DATE_SQ":"2023-06-30 00:00:00","REPORT_TYPE_SQ":"2023年中报","OPERATE_INCOME_SQ":272297573.2,"DPS_HKD":null,"OPERATE_INCOME_QOQ_SQ":-15.55040292599,"NET_PROFIT_RATIO_SQ":-15.8772939663,"HOLDER_PROFIT_SQ":-44996311.92,"HOLDER_PROFIT_QOQ_SQ":-40.095241339679,"ROE_AVG_SQ":95.898136231001,"PE_TTM_SQ":-0.463367814036,"PB_TTM_SQ":-0.647495711091,"ROA_SQ":-5.290059567909,"START_DATE":"2024-01-01 00:00:00","FISCAL_YEAR":"12-31","CURRENCY":"HKD","IS_CNY_CODE":0,"DPS_HKD_LY":null,"ORG_TYPE":"一般企业","PREMIUM_INCOME":null,"PREMIUM_INCOME_YOY":null,"NET_INTEREST_INCOME":null,"NET_INTEREST_INCOME_YOY":null,"FEE_COMMISSION_INCOME":null,"FEE_COMMISSION_INCOME_YOY":null,"ACCOUNTS_RECE_TDAYS":0.983334646228,"INVENTORY_TDAYS":2.528539405642,"CURRENT_ASSETS_TDAYS":0.563567888426,"TOTAL_ASSETS_TDAYS":0.335819622693,"PREMIUM_EXPENSE":null,"LOAN_DEPOSIT":null,"LOAN_EQUITY":null,"LOAN_ASSETS":null,"DEPOSIT_EQUITY":null,"DEPOSIT_ASSETS":null,"EQUITY_MULTIPLIER":-24.738686095559,"EQUITY_RATIO":-20.508415803008},{"SECUCODE":"00482.HK","SECURITY_CODE":"00482","SECURITY_NAME_ABBR":"圣马丁国际","ORG_CODE":"10008921","STD_REPORT_DATE":"2023-12-31 00:00:00","REPORT_DATE":"2023-12-31 00:00:00","DATE_TYPE_CODE":"001","REPORT_TYPE":"2023年年报","PER_NETCASH_OPERATE":-0.056845541345,"PER_OI":0.413951410705,"BPS":-0.042983451793,"BASIC_EPS":-0.13366745,"DILUTED_EPS":-0.13366745,"OPERATE_INCOME":509327357.7,"OPERATE_INCOME_YOY":-24.6555417626,"GROSS_PROFIT":66705041.76,"GROSS_PROFIT_YOY":-6.295340815765,"HOLDER_PROFIT":-114696640.52,"HOLDER_PROFIT_YOY":-63.2098829112,"GROSS_PROFIT_RATIO":13.096693266434,"EPS_TTM":-0.093218703901,"OPERATE_INCOME_QOQ":-9.48831985862,"NET_PROFIT_RATIO":-24.3104077148,"ROE_AVG":300.871239584943,"GROSS_PROFIT_QOQ":-8.867283269445,"ROA":-14.771761083694,"HOLDER_PROFIT_QOQ":-18.18815784465,"ROE_YEARLY":300.871239584943,"ROIC_YEARLY":-16.81847446287,"TOTAL_ASSETS":767347222.32,"TOTAL_LIABILITIES":800843832.18,"TAX_EBT":2.931251287662,"OCF_SALES":-13.732418799541,"TOTAL_PARENT_EQUITY":-52886999.2,"DEBT_ASSET_RATIO":104.3652480762,"OPERATE_PROFIT":-59235070.3,"PRETAX_PROFIT":-127558620.98,"NETCASH_OPERATE":-69942965.82,"NETCASH_INVEST":-13656735.4,"NETCASH_FINANCE":74312758.66,"END_CASH":62854512.98,"DIVI_RATIO":null,"DIVIDEND_RATE":null,"CURRENT_RATIO":1.024358982221,"COMMON_ACS":10000000000,"CURRENTDEBT_DEBT":55.355039328112,"ISSUED_COMMON_SHARES":1230403725,"HK_COMMON_SHARES":1230403725,"PER_SHARES":10000,"TOTAL_MARKET_CAP":118118757.6,"HKSK_MARKET_CAP":118118757.6,"PE_TTM":-1.976320671943,"PB_TTM":-2.301074526611,"REPORT_DATE_SQ":"2022-12-31 00:00:00","REPORT_TYPE_SQ":"2022年年报","OPERATE_INCOME_SQ":666338329.58,"DPS_HKD":null,"OPERATE_INCOME_QOQ_SQ":-0.841559664818,"NET_PROFIT_RATIO_SQ":-10.7935609971,"HOLDER_PROFIT_SQ":-69271301.96,"HOLDER_PROFIT_QOQ_SQ":-81.787236403824,"ROE_AVG_SQ":-525.642242255812,"PE_TTM_SQ":-0.880398846668,"PB_TTM_SQ":-1.230241851072,"ROA_SQ":-8.232547054387,"START_DATE":"2023-01-01 00:00:00","FISCAL_YEAR":"12-31","CURRENCY":"HKD","IS_CNY_CODE":0,"DPS_HKD_LY":null,"ORG_TYPE":"一般企业","PREMIUM_INCOME":null,"PREMIUM_INCOME_YOY":null,"NET_INTEREST_INCOME":null,"NET_INTEREST_INCOME_YOY":null,"FEE_COMMISSION_INCOME":null,"FEE_COMMISSION_INCOME_YOY":null,"ACCOUNTS_RECE_TDAYS":2.368118347982,"INVENTORY_TDAYS":3.738610269128,"CURRENT_ASSETS_TDAYS":1.108737272262,"TOTAL_ASSETS_TDAYS":0.655961849207,"PREMIUM_EXPENSE":null,"LOAN_DEPOSIT":null,"LOAN_EQUITY":null,"LOAN_ASSETS":null,"DEPOSIT_EQUITY":null,"DEPOSIT_ASSETS":null,"EQUITY_MULTIPLIER":-22.908205502733,"EQUITY_RATIO":-15.142546264565},{"SECUCODE":"00482.HK","SECURITY_CODE":"00482","SECURITY_NAME_ABBR":"圣马丁国际","ORG_CODE":"10008921","STD_REPORT_DATE":"2023-06-30 00:00:00","REPORT_DATE":"2023-06-30 00:00:00","DATE_TYPE_CODE":"002","REPORT_TYPE":"2023年中报","PER_NETCASH_OPERATE":0.077774592368,"PER_OI":0.221307500674,"BPS":-0.056956670706,"BASIC_EPS":-0.091460416,"DILUTED_EPS":-0.091460416,"OPERATE_INCOME":272297573.2,"OPERATE_INCOME_YOY":-32.8116113475,"GROSS_PROFIT":39467197.86,"GROSS_PROFIT_YOY":5.363370085548,"HOLDER_PROFIT":-44996311.92,"HOLDER_PROFIT_YOY":-142.3478001788,"GROSS_PROFIT_RATIO":14.494142344417,"EPS_TTM":-0.078873133824,"OPERATE_INCOME_QOQ":-15.55040292599,"NET_PROFIT_RATIO":-15.8772939663,"ROE_AVG":95.898136231001,"GROSS_PROFIT_QOQ":2.822194428028,"ROA":-5.290059567909,"HOLDER_PROFIT_QOQ":-40.095241339679,"ROE_YEARLY":191.796272462003,"ROIC_YEARLY":-13.003979477779,"TOTAL_ASSETS":901932466.88,"TOTAL_LIABILITIES":935560765.4,"TAX_EBT":0.776571658308,"OCF_SALES":35.143224757906,"TOTAL_PARENT_EQUITY":-70079699.8,"DEBT_ASSET_RATIO":103.7284718928,"OPERATE_PROFIT":-6248258.46,"PRETAX_PROFIT":-43571852.82,"NETCASH_OPERATE":95694148.16,"NETCASH_INVEST":-47178638.58,"NETCASH_FINANCE":49977769.86,"END_CASH":172042389.98,"DIVI_RATIO":null,"DIVIDEND_RATE":null,"CURRENT_RATIO":0.788679864949,"COMMON_ACS":10000000000,"CURRENTDEBT_DEBT":79.217328747549,"ISSUED_COMMON_SHARES":1230403725,"HK_COMMON_SHARES":1230403725,"PER_SHARES":10000,"TOTAL_MARKET_CAP":118118757.6,"HKSK_MARKET_CAP":118118757.6,"PE_TTM":-1.976320671943,"PB_TTM":-2.301074526611,"REPORT_DATE_SQ":"2022-06-30 00:00:00","REPORT_TYPE_SQ":"2022年中报","OPERATE_INCOME_SQ":375915868.3,"DPS_HKD":null,"OPERATE_INCOME_QOQ_SQ":-11.285952071742,"NET_PROFIT_RATIO_SQ":-4.8040130127,"HOLDER_PROFIT_SQ":-17221816.22,"HOLDER_PROFIT_QOQ_SQ":-83.25316698731,"ROE_AVG_SQ":-44.420915638201,"PE_TTM_SQ":-0.880398846668,"PB_TTM_SQ":-1.230241851072,"ROA_SQ":-1.887853726491,"START_DATE":"2023-01-01 00:00:00","FISCAL_YEAR":"12-31","CURRENCY":"HKD","IS_CNY_CODE":0,"DPS_HKD_LY":null,"ORG_TYPE":"一般企业","PREMIUM_INCOME":null,"PREMIUM_INCOME_YOY":null,"NET_INTEREST_INCOME":null,"NET_INTEREST_INCOME_YOY":null,"FEE_COMMISSION_INCOME":null,"FEE_COMMISSION_INCOME_YOY":null,"ACCOUNTS_RECE_TDAYS":1.336788385593,"INVENTORY_TDAYS":1.67796013289,"CURRENT_ASSETS_TDAYS":0.515111135917,"TOTAL_ASSETS_TDAYS":0.320130766492,"PREMIUM_EXPENSE":null,"LOAN_DEPOSIT":null,"LOAN_EQUITY":null,"LOAN_ASSETS":null,"DEPOSIT_EQUITY":null,"DEPOSIT_ASSETS":null,"EQUITY_MULTIPLIER":-26.820639359816,"EQUITY_RATIO":-13.349953953427},{"SECUCODE":"00482.HK","SECURITY_CODE":"00482","SECURITY_NAME_ABBR":"圣马丁国际","ORG_CODE":"10008921","STD_REPORT_DATE":"2022-12-31 00:00:00","REPORT_DATE":"2022-12-31 00:00:00","DATE_TYPE_CODE":"001","REPORT_TYPE":"2022年年报","PER_NETCASH_OPERATE":0.011650444512,"PER_OI":1.353901804832,"BPS":-0.018711132974,"BASIC_EPS":-0.140779352,"DILUTED_EPS":-0.140779352,"OPERATE_INCOME":666338329.58,"OPERATE_INCOME_YOY":-19.4843659435,"GROSS_PROFIT":71186472.84,"GROSS_PROFIT_YOY":-28.159079362083,"HOLDER_PROFIT":-69271301.96,"HOLDER_PROFIT_YOY":-204.9109424763,"GROSS_PROFIT_RATIO":10.683232478142,"EPS_TTM":-0.140749130859,"OPERATE_INCOME_QOQ":-0.841559664818,"NET_PROFIT_RATIO":-10.7935609971,"ROE_AVG":-525.642242255812,"GROSS_PROFIT_QOQ":-19.349090608537,"ROA":-8.232547054387,"HOLDER_PROFIT_QOQ":-81.787236403824,"ROE_YEARLY":-525.642242255812,"ROIC_YEARLY":-9.603544796336,"TOTAL_ASSETS":774344498.55,"TOTAL_LIABILITIES":762865085.78,"TAX_EBT":-18.68191801418,"OCF_SALES":0.860508824941,"TOTAL_PARENT_EQUITY":-23022247.71,"DEBT_ASSET_RATIO":98.5175315649,"OPERATE_PROFIT":5133622.69,"PRETAX_PROFIT":-60600330.07,"NETCASH_OPERATE":5733900.13,"NETCASH_INVEST":-17659054.63,"NETCASH_FINANCE":-14278920.95,"END_CASH":70709466.66,"DIVI_RATIO":null,"DIVIDEND_RATE":null,"CURRENT_RATIO":0.741267092096,"COMMON_ACS":10000000000,"CURRENTDEBT_DEBT":80.993285824354,"ISSUED_COMMON_SHARES":1230403725,"HK_COMMON_SHARES":1230403725,"PER_SHARES":10000,"TOTAL_MARKET_CAP":139035620.925,"HKSK_MARKET_CAP":139035620.925,"PE_TTM":-2.326294124266,"PB_TTM":-2.708556474032,"REPORT_DATE_SQ":"2021-12-31 00:00:00","REPORT_TYPE_SQ":"2021年年报","OPERATE_INCOME_SQ":757482689.6,"DPS_HKD":null,"OPERATE_INCOME_QOQ_SQ":0.617277409062,"NET_PROFIT_RATIO_SQ":-2.8345193751,"HOLDER_PROFIT_SQ":-20794020.8,"HOLDER_PROFIT_QOQ_SQ":-121.775199633529,"ROE_AVG_SQ":-72.966963606891,"PE_TTM_SQ":-0.602378158247,"PB_TTM_SQ":-0.841744424418,"ROA_SQ":-2.658185445878,"START_DATE":"2022-01-01 00:00:00","FISCAL_YEAR":"12-31","CURRENCY":"HKD","IS_CNY_CODE":0,"DPS_HKD_LY":null,"ORG_TYPE":"一般企业","PREMIUM_INCOME":null,"PREMIUM_INCOME_YOY":null,"NET_INTEREST_INCOME":null,"NET_INTEREST_INCOME_YOY":null,"FEE_COMMISSION_INCOME":null,"FEE_COMMISSION_INCOME_YOY":null,"ACCOUNTS_RECE_TDAYS":3.283277141524,"INVENTORY_TDAYS":3.891239976405,"CURRENT_ASSETS_TDAYS":1.33346442371,"TOTAL_ASSETS_TDAYS":0.791909708233,"PREMIUM_EXPENSE":null,"LOAN_DEPOSIT":null,"LOAN_EQUITY":null,"LOAN_ASSETS":null,"DEPOSIT_EQUITY":null,"DEPOSIT_ASSETS":null,"EQUITY_MULTIPLIER":67.455061863259,"EQUITY_RATIO":-33.135995033562},{"SECUCODE":"00482.HK","SECURITY_CODE":"00482","SECURITY_NAME_ABBR":"圣马丁国际","ORG_CODE":"10008921","STD_REPORT_DATE":"2022-06-30 00:00:00","REPORT_DATE":"2022-06-30 00:00:00","DATE_TYPE_CODE":"002","REPORT_TYPE":"2022年中报","PER_NETCASH_OPERATE":-0.046832353503,"PER_OI":0.763805937559,"BPS":0.024597758837,"BASIC_EPS":-0.034977271,"DILUTED_EPS":-0.034977271,"OPERATE_INCOME":375915868.3,"OPERATE_INCOME_YOY":-20.7296400491,"GROSS_PROFIT":37458177.19,"GROSS_PROFIT_YOY":-22.418365945368,"HOLDER_PROFIT":-17221816.22,"HOLDER_PROFIT_YOY":-18746.2962962963,"GROSS_PROFIT_RATIO":9.964510771891,"EPS_TTM":-0.077425199725,"OPERATE_INCOME_QOQ":-11.285952071742,"NET_PROFIT_RATIO":-4.8040130127,"ROE_AVG":-44.420915638201,"GROSS_PROFIT_QOQ":-10.923607458392,"ROA":-1.887853726491,"HOLDER_PROFIT_QOQ":-83.25316698731,"ROE_YEARLY":-88.841831276401,"ROIC_YEARLY":-4.336831246807,"TOTAL_ASSETS":954696487.64,"TOTAL_LIABILITIES":889635342.82,"TAX_EBT":-6.179605792438,"OCF_SALES":-6.131446641036,"TOTAL_PARENT_EQUITY":30265174.1,"DEBT_ASSET_RATIO":93.1851488235,"OPERATE_PROFIT":5921335.56,"PRETAX_PROFIT":-17008018.72,"NETCASH_OPERATE":-23049080.88,"NETCASH_INVEST":-17408247.64,"NETCASH_FINANCE":18998045.85,"END_CASH":71989039.01,"DIVI_RATIO":null,"DIVIDEND_RATE":null,"CURRENT_RATIO":0.778007335974,"COMMON_ACS":10000000000,"CURRENTDEBT_DEBT":90.729785691902,"ISSUED_COMMON_SHARES":1230403725,"HK_COMMON_SHARES":1230403725,"PER_SHARES":10000,"TOTAL_MARKET_CAP":139035620.925,"HKSK_MARKET_CAP":139035620.925,"PE_TTM":-2.326294124266,"PB_TTM":-2.708556474032,"REPORT_DATE_SQ":"2021-06-30 00:00:00","REPORT_TYPE_SQ":"2021年中报","OPERATE_INCOME_SQ":461405001.6,"DPS_HKD":null,"OPERATE_INCOME_QOQ_SQ":3.573002445567,"NET_PROFIT_RATIO_SQ":-0.4310033903,"HOLDER_PROFIT_SQ":89864.64,"HOLDER_PROFIT_QOQ_SQ":11.54234165067,"ROE_AVG_SQ":0.864553314121,"PE_TTM_SQ":-0.602378158247,"PB_TTM_SQ":-0.841744424418,"ROA_SQ":0.011221158117,"START_DATE":"2022-01-01 00:00:00","FISCAL_YEAR":"12-31","CURRENCY":"HKD","IS_CNY_CODE":0,"DPS_HKD_LY":null,"ORG_TYPE":"一般企业","PREMIUM_INCOME":null,"PREMIUM_INCOME_YOY":null,"NET_INTEREST_INCOME":null,"NET_INTEREST_INCOME_YOY":null,"FEE_COMMISSION_INCOME":null,"FEE_COMMISSION_INCOME_YOY":null,"ACCOUNTS_RECE_TDAYS":1.556895559393,"INVENTORY_TDAYS":1.80417390353,"CURRENT_ASSETS_TDAYS":0.655875416944,"TOTAL_ASSETS_TDAYS":0.412078589013,"PREMIUM_EXPENSE":null,"LOAN_DEPOSIT":null,"LOAN_EQUITY":null,"LOAN_ASSETS":null,"DEPOSIT_EQUITY":null,"DEPOSIT_ASSETS":null,"EQUITY_MULTIPLIER":14.673834748561,"EQUITY_RATIO":29.394687764905},{"SECUCODE":"00482.HK","SECURITY_CODE":"00482","SECURITY_NAME_ABBR":"圣马丁国际","ORG_CODE":"10008921","STD_REPORT_DATE":"2021-12-31 00:00:00","REPORT_DATE":"2021-12-31 00:00:00","DATE_TYPE_CODE":"001","REPORT_TYPE":"2021年年报","PER_NETCASH_OPERATE":0.010580458865,"PER_OI":1.539093783221,"BPS":0.036732748351,"BASIC_EPS":-0.05167232,"DILUTED_EPS":-0.05167232,"OPERATE_INCOME":757482689.6,"OPERATE_INCOME_YOY":7.276504147,"GROSS_PROFIT":99089032,"GROSS_PROFIT_YOY":-0.992092426054,"HOLDER_PROFIT":-20794020.8,"HOLDER_PROFIT_YOY":-101.9453708115,"GROSS_PROFIT_RATIO":13.081359265428,"EPS_TTM":-0.042250401997,"OPERATE_INCOME_QOQ":0.617277409062,"NET_PROFIT_RATIO":-2.8345193751,"ROE_AVG":-72.966963606891,"GROSS_PROFIT_QOQ":8.589083250136,"ROA":-2.658185445878,"HOLDER_PROFIT_QOQ":-121.775199633529,"ROE_YEARLY":-72.966963606891,"ROIC_YEARLY":-3.112140075059,"TOTAL_ASSETS":831558067.2,"TOTAL_LIABILITIES":753810030.4,"TAX_EBT":-59.71901228561,"OCF_SALES":0.687447313515,"TOTAL_PARENT_EQUITY":45196110.4,"DEBT_ASSET_RATIO":90.6503177749,"OPERATE_PROFIT":5895713.6,"PRETAX_PROFIT":-13442979.2,"NETCASH_OPERATE":5207294.4,"NETCASH_INVEST":-3053736,"NETCASH_FINANCE":12629467.2,"END_CASH":91043030.4,"DIVI_RATIO":null,"DIVIDEND_RATE":null,"CURRENT_RATIO":0.989672052984,"COMMON_ACS":10000000000,"CURRENTDEBT_DEBT":66.424072565644,"ISSUED_COMMON_SHARES":1230403725,"HK_COMMON_SHARES":1230403725,"PER_SHARES":10000,"TOTAL_MARKET_CAP":139035620.925,"HKSK_MARKET_CAP":139035620.925,"PE_TTM":-2.326294124266,"PB_TTM":-2.708556474032,"REPORT_DATE_SQ":"2020-12-31 00:00:00","REPORT_TYPE_SQ":"2020年年报","OPERATE_INCOME_SQ":726864711.56,"DPS_HKD":null,"OPERATE_INCOME_QOQ_SQ":-9.94214889822,"NET_PROFIT_RATIO_SQ":-2.7589393131,"HOLDER_PROFIT_SQ":-10599614.16,"HOLDER_PROFIT_QOQ_SQ":97.4280786651,"ROE_AVG_SQ":-132.540517785729,"PE_TTM_SQ":-0.602378158247,"PB_TTM_SQ":-0.841744424418,"ROA_SQ":-1.305642596667,"START_DATE":"2021-01-01 00:00:00","FISCAL_YEAR":"12-31","CURRENCY":"HKD","IS_CNY_CODE":0,"DPS_HKD_LY":null,"ORG_TYPE":"一般企业","PREMIUM_INCOME":null,"PREMIUM_INCOME_YOY":null,"NET_INTEREST_INCOME":null,"NET_INTEREST_INCOME_YOY":null,"FEE_COMMISSION_INCOME":null,"FEE_COMMISSION_INCOME_YOY":null,"ACCOUNTS_RECE_TDAYS":4.279025192308,"INVENTORY_TDAYS":4.453085815562,"CURRENT_ASSETS_TDAYS":1.685044196282,"TOTAL_ASSETS_TDAYS":0.968321365245,"PREMIUM_EXPENSE":null,"LOAN_DEPOSIT":null,"LOAN_EQUITY":null,"LOAN_ASSETS":null,"DEPOSIT_EQUITY":null,"DEPOSIT_ASSETS":null,"EQUITY_MULTIPLIER":10.695550671395,"EQUITY_RATIO":16.678648311294},{"SECUCODE":"00482.HK","SECURITY_CODE":"00482","SECURITY_NAME_ABBR":"圣马丁国际","ORG_CODE":"10008921","STD_REPORT_DATE":"2021-06-30 00:00:00","REPORT_DATE":"2021-06-30 00:00:00","DATE_TYPE_CODE":"002","REPORT_TYPE":"2021年中报","PER_NETCASH_OPERATE":-0.048277772485,"PER_OI":1.406260986409,"BPS":0.00713595707,"BASIC_EPS":0.000249624,"DILUTED_EPS":0.000249624,"OPERATE_INCOME":461405001.6,"OPERATE_INCOME_YOY":16.3254646033,"GROSS_PROFIT":48282274.08,"GROSS_PROFIT_YOY":-15.461606424167,"HOLDER_PROFIT":89864.64,"HOLDER_PROFIT_YOY":108.7026591459,"GROSS_PROFIT_RATIO":10.46418524129,"EPS_TTM":-0.028576505894,"OPERATE_INCOME_QOQ":3.573002445567,"NET_PROFIT_RATIO":-0.4310033903,"ROE_AVG":0.864553314121,"GROSS_PROFIT_QOQ":-8.823332317964,"ROA":0.011221158117,"HOLDER_PROFIT_QOQ":11.54234165067,"ROE_YEARLY":1.729106628242,"ROIC_YEARLY":0.026007958917,"TOTAL_ASSETS":855749347.68,"TOTAL_LIABILITIES":816783041.28,"TAX_EBT":142.97015462064,"OCF_SALES":-3.433059222391,"TOTAL_PARENT_EQUITY":8780108.16,"DEBT_ASSET_RATIO":95.4465280627,"OPERATE_PROFIT":8384870.16,"PRETAX_PROFIT":4628028.96,"NETCASH_OPERATE":-15840306.96,"NETCASH_INVEST":-3890806.08,"NETCASH_FINANCE":29242619.52,"END_CASH":82935077.76,"DIVI_RATIO":null,"DIVIDEND_RATE":null,"CURRENT_RATIO":0.689783657152,"COMMON_ACS":10000000000,"CURRENTDEBT_DEBT":88.884451761178,"ISSUED_COMMON_SHARES":1230403725,"HK_COMMON_SHARES":1230403725,"PER_SHARES":10000,"TOTAL_MARKET_CAP":139035620.925,"HKSK_MARKET_CAP":139035620.925,"PE_TTM":-2.326294124266,"PB_TTM":-2.708556474032,"REPORT_DATE_SQ":"2020-06-30 00:00:00","REPORT_TYPE_SQ":"2020年中报","OPERATE_INCOME_SQ":435434107.68,"DPS_HKD":null,"OPERATE_INCOME_QOQ_SQ":-15.834711197161,"NET_PROFIT_RATIO_SQ":-0.7178564161,"HOLDER_PROFIT_SQ":-1133579.04,"HOLDER_PROFIT_QOQ_SQ":-45.842915688998,"ROE_AVG_SQ":19.017699793119,"PE_TTM_SQ":-0.602378158247,"PB_TTM_SQ":-0.841744424418,"ROA_SQ":-0.124956891886,"START_DATE":"2021-01-01 00:00:00","FISCAL_YEAR":"12-31","CURRENCY":"HKD","IS_CNY_CODE":0,"DPS_HKD_LY":null,"ORG_TYPE":"一般企业","PREMIUM_INCOME":null,"PREMIUM_INCOME_YOY":null,"NET_INTEREST_INCOME":null,"NET_INTEREST_INCOME_YOY":null,"FEE_COMMISSION_INCOME":null,"FEE_COMMISSION_INCOME_YOY":null,"ACCOUNTS_RECE_TDAYS":2.193772995213,"INVENTORY_TDAYS":3.106864281893,"CURRENT_ASSETS_TDAYS":1.012463163737,"TOTAL_ASSETS_TDAYS":0.576144129542,"PREMIUM_EXPENSE":null,"LOAN_DEPOSIT":null,"LOAN_EQUITY":null,"LOAN_ASSETS":null,"DEPOSIT_EQUITY":null,"DEPOSIT_ASSETS":null,"EQUITY_MULTIPLIER":21.961264146781,"EQUITY_RATIO":93.02653525398},{"SECUCODE":"00482.HK","SECURITY_CODE":"00482","SECURITY_NAME_ABBR":"圣马丁国际","ORG_CODE":"10008921","STD_REPORT_DATE":"2020-12-31 00:00:00","REPORT_DATE":"2020-12-31 00:00:00","DATE_TYPE_CODE":"001","REPORT_TYPE":"2020年年报","PER_NETCASH_OPERATE":0.019243118982,"PER_OI":0.221532373609,"BPS":0.009872002362,"BASIC_EPS":-0.032150648,"DILUTED_EPS":-0.032150648,"OPERATE_INCOME":726864711.56,"OPERATE_INCOME_YOY":-19.3267428098,"GROSS_PROFIT":100081937.32,"GROSS_PROFIT_YOY":-37.999565216862,"HOLDER_PROFIT":-10599614.16,"HOLDER_PROFIT_YOY":96.0077473919,"GROSS_PROFIT_RATIO":13.768991082977,"EPS_TTM":-0.003230529212,"OPERATE_INCOME_QOQ":-9.94214889822,"NET_PROFIT_RATIO":-2.7589393131,"ROE_AVG":-132.540517785729,"GROSS_PROFIT_QOQ":-21.214054312108,"ROA":-1.305642596667,"HOLDER_PROFIT_QOQ":97.4280786651,"ROE_YEARLY":-132.540517785729,"ROIC_YEARLY":-1.502284022815,"TOTAL_ASSETS":754521001.96,"TOTAL_LIABILITIES":709479795.72,"TAX_EBT":-15.184182538915,"OCF_SALES":8.686368799566,"TOTAL_PARENT_EQUITY":12146548.48,"DEBT_ASSET_RATIO":94.0304900562,"OPERATE_PROFIT":-5995843.36,"PRETAX_PROFIT":-17410165.04,"NETCASH_OPERATE":63138149.52,"NETCASH_INVEST":-5334314.32,"NETCASH_FINANCE":-37612049.96,"END_CASH":74797388.44,"DIVI_RATIO":null,"DIVIDEND_RATE":null,"CURRENT_RATIO":0.661288010237,"COMMON_ACS":10000000000,"CURRENTDEBT_DEBT":88.537236661198,"ISSUED_COMMON_SHARES":1230403725,"HK_COMMON_SHARES":1230403725,"PER_SHARES":10000,"TOTAL_MARKET_CAP":139035620.925,"HKSK_MARKET_CAP":139035620.925,"PE_TTM":-2.326294124266,"PB_TTM":-2.708556474032,"REPORT_DATE_SQ":"2019-12-31 00:00:00","REPORT_TYPE_SQ":"2019年年报","OPERATE_INCOME_SQ":958956676.06,"DPS_HKD":null,"OPERATE_INCOME_QOQ_SQ":-14.564270404612,"NET_PROFIT_RATIO_SQ":-33.1937447631,"HOLDER_PROFIT_SQ":-282583654.58,"HOLDER_PROFIT_QOQ_SQ":-1743.20357745436,"ROE_AVG_SQ":-189.739564537471,"PE_TTM_SQ":-0.602378158247,"PB_TTM_SQ":-0.841744424418,"ROA_SQ":-29.634246581777,"START_DATE":"2020-01-01 00:00:00","FISCAL_YEAR":"12-31","CURRENCY":"HKD","IS_CNY_CODE":0,"DPS_HKD_LY":null,"ORG_TYPE":"一般企业","PREMIUM_INCOME":null,"PREMIUM_INCOME_YOY":null,"NET_INTEREST_INCOME":null,"NET_INTEREST_INCOME_YOY":null,"FEE_COMMISSION_INCOME":null,"FEE_COMMISSION_INCOME_YOY":null,"ACCOUNTS_RECE_TDAYS":3.231515573317,"INVENTORY_TDAYS":3.943613939769,"CURRENT_ASSETS_TDAYS":1.471262703397,"TOTAL_ASSETS_TDAYS":0.895339693598,"PREMIUM_EXPENSE":null,"LOAN_DEPOSIT":null,"LOAN_EQUITY":null,"LOAN_ASSETS":null,"DEPOSIT_EQUITY":null,"DEPOSIT_ASSETS":null,"EQUITY_MULTIPLIER":16.75179385602,"EQUITY_RATIO":58.409991685144},{"SECUCODE":"00482.HK","SECURITY_CODE":"00482","SECURITY_NAME_ABBR":"圣马丁国际","ORG_CODE":"10008921","STD_REPORT_DATE":"2020-06-30 00:00:00","REPORT_DATE":"2020-06-30 00:00:00","DATE_TYPE_CODE":"002","REPORT_TYPE":"2020年中报","PER_NETCASH_OPERATE":0.019428418916,"PER_OI":0.132801861396,"BPS":-0.013083147257,"BASIC_EPS":-0.003471072,"DILUTED_EPS":-0.003471072,"OPERATE_INCOME":435434107.68,"OPERATE_INCOME_YOY":-28.597983296,"GROSS_PROFIT":57112836,"GROSS_PROFIT_YOY":-37.58432345177,"HOLDER_PROFIT":-1133579.04,"HOLDER_PROFIT_YOY":-100.8501281015,"GROSS_PROFIT_RATIO":13.116298193612,"EPS_TTM":-0.125693868685,"OPERATE_INCOME_QOQ":-15.834711197161,"NET_PROFIT_RATIO":-0.7178564161,"ROE_AVG":19.017699793119,"GROSS_PROFIT_QOQ":-21.305209651541,"ROA":-0.124956891886,"HOLDER_PROFIT_QOQ":-45.842915688998,"ROE_YEARLY":38.035399586239,"ROIC_YEARLY":-0.295912838051,"TOTAL_ASSETS":871064604.96,"TOTAL_LIABILITIES":836607821.28,"TAX_EBT":-216.851851851852,"OCF_SALES":14.629628464203,"TOTAL_PARENT_EQUITY":-16097553.12,"DEBT_ASSET_RATIO":96.0442906894,"OPERATE_PROFIT":8127789.12,"PRETAX_PROFIT":-986515.2,"NETCASH_OPERATE":63702392.16,"NETCASH_INVEST":-7259107.68,"NETCASH_FINANCE":694214.4,"END_CASH":117702224.64,"DIVI_RATIO":null,"DIVIDEND_RATE":null,"CURRENT_RATIO":0.719795350991,"COMMON_ACS":10000000000,"CURRENTDEBT_DEBT":91.466196157386,"ISSUED_COMMON_SHARES":1230403725,"HK_COMMON_SHARES":1230403725,"PER_SHARES":10000,"TOTAL_MARKET_CAP":139035620.925,"HKSK_MARKET_CAP":139035620.925,"PE_TTM":-2.326294124266,"PB_TTM":-2.708556474032,"REPORT_DATE_SQ":"2019-06-30 00:00:00","REPORT_TYPE_SQ":"2019年中报","OPERATE_INCOME_SQ":587282127.84,"DPS_HKD":null,"OPERATE_INCOME_QOQ_SQ":-1.487061932653,"NET_PROFIT_RATIO_SQ":16.5659113513,"HOLDER_PROFIT_SQ":128411007.48,"HOLDER_PROFIT_QOQ_SQ":110.471327103355,"ROE_AVG_SQ":35.913685914547,"PE_TTM_SQ":-0.602378158247,"PB_TTM_SQ":-0.841744424418,"ROA_SQ":10.389316464993,"START_DATE":"2020-01-01 00:00:00","FISCAL_YEAR":"12-31","CURRENCY":"HKD","IS_CNY_CODE":0,"DPS_HKD_LY":null,"ORG_TYPE":"一般企业","PREMIUM_INCOME":null,"PREMIUM_INCOME_YOY":null,"NET_INTEREST_INCOME":null,"NET_INTEREST_INCOME_YOY":null,"FEE_COMMISSION_INCOME":null,"FEE_COMMISSION_INCOME_YOY":null,"ACCOUNTS_RECE_TDAYS":1.557840969809,"INVENTORY_TDAYS":2.28204626663,"CURRENT_ASSETS_TDAYS":0.742842672817,"TOTAL_ASSETS_TDAYS":0.479988521285,"PREMIUM_EXPENSE":null,"LOAN_DEPOSIT":null,"LOAN_EQUITY":null,"LOAN_ASSETS":null,"DEPOSIT_EQUITY":null,"DEPOSIT_ASSETS":null,"EQUITY_MULTIPLIER":25.279916229444,"EQUITY_RATIO":-51.971117289905}],"count":41},"success":true,"message":"ok","code":0}