{"version":"81a39fa714401f31f3ec78288e6a18d4","result":{"pages":6,"data":[{"SECUCODE":"00488.HK","SECURITY_CODE":"00488","SECURITY_NAME_ABBR":"丽新发展","ORG_CODE":"10008925","STD_REPORT_DATE":"2024-12-31 00:00:00","REPORT_DATE":"2024-07-31 00:00:00","DATE_TYPE_CODE":"001","REPORT_TYPE":"2024年年报","PER_NETCASH_OPERATE":-0.480045906638,"PER_OI":3.770048161062,"BPS":16.22064952549,"BASIC_EPS":-2.30897408,"DILUTED_EPS":-2.30897408,"OPERATE_INCOME":5479119682.96,"OPERATE_INCOME_YOY":22.3873450308,"GROSS_PROFIT":1397375951.44,"GROSS_PROFIT_YOY":110.0014101902,"HOLDER_PROFIT":-3356317598.48,"HOLDER_PROFIT_YOY":-23.8955683826,"GROSS_PROFIT_RATIO":25.503658111098,"EPS_TTM":-2.309399998953,"OPERATE_INCOME_QOQ":0,"NET_PROFIT_RATIO":-68.7566856442,"ROE_AVG":-13.21981307925,"GROSS_PROFIT_QOQ":0,"ROA":-5.19789487332,"HOLDER_PROFIT_QOQ":0,"ROE_YEARLY":-13.21981307925,"ROIC_YEARLY":-6.057483979089,"TOTAL_ASSETS":61580165175.2,"TOTAL_LIABILITIES":32071713906.4,"TAX_EBT":-10.628597606392,"OCF_SALES":-12.733150509738,"TOTAL_PARENT_EQUITY":23573937596.72,"DEBT_ASSET_RATIO":52.0812404695,"OPERATE_PROFIT":-1451694384,"PRETAX_PROFIT":-3405323015.92,"NETCASH_OPERATE":-697664555.84,"NETCASH_INVEST":821248557.36,"NETCASH_FINANCE":-892535392,"END_CASH":2566197263.28,"DIVI_RATIO":null,"DIVIDEND_RATE":null,"CURRENT_RATIO":2.258768324517,"COMMON_ACS":null,"CURRENTDEBT_DEBT":18.621777246049,"ISSUED_COMMON_SHARES":1453328830,"HK_COMMON_SHARES":1453328830,"PER_SHARES":300,"TOTAL_MARKET_CAP":959197027.8,"HKSK_MARKET_CAP":959197027.8,"PE_TTM":-0.261027799547,"PB_TTM":0.037163591942,"REPORT_DATE_SQ":"2023-12-31 00:00:00","REPORT_TYPE_SQ":"2023年年报","OPERATE_INCOME_SQ":4481818386.69,"DPS_HKD":null,"OPERATE_INCOME_QOQ_SQ":0,"NET_PROFIT_RATIO_SQ":-70.0741828533,"HOLDER_PROFIT_SQ":-2711984845.2,"HOLDER_PROFIT_QOQ_SQ":0,"ROE_AVG_SQ":-9.479258417322,"PE_TTM_SQ":-0.33320193273,"PB_TTM_SQ":0.033181475829,"ROA_SQ":-3.830365223018,"START_DATE":"2023-08-01 00:00:00","FISCAL_YEAR":"7-31","CURRENCY":"HKD","IS_CNY_CODE":0,"DPS_HKD_LY":null,"ORG_TYPE":"一般企业","PREMIUM_INCOME":null,"PREMIUM_INCOME_YOY":null,"NET_INTEREST_INCOME":null,"NET_INTEREST_INCOME_YOY":null,"FEE_COMMISSION_INCOME":null,"FEE_COMMISSION_INCOME_YOY":null,"ACCOUNTS_RECE_TDAYS":15.669327475375,"INVENTORY_TDAYS":0.487287453869,"CURRENT_ASSETS_TDAYS":0.384791018324,"TOTAL_ASSETS_TDAYS":0.084854568362,"PREMIUM_EXPENSE":null,"LOAN_DEPOSIT":null,"LOAN_EQUITY":null,"LOAN_ASSETS":null,"DEPOSIT_EQUITY":null,"DEPOSIT_ASSETS":null,"EQUITY_MULTIPLIER":2.08686537339,"EQUITY_RATIO":1.360473352185},{"SECUCODE":"00488.HK","SECURITY_CODE":"00488","SECURITY_NAME_ABBR":"丽新发展","ORG_CODE":"10008925","STD_REPORT_DATE":"2024-06-30 00:00:00","REPORT_DATE":"2024-01-31 00:00:00","DATE_TYPE_CODE":"002","REPORT_TYPE":"2024年中报","PER_NETCASH_OPERATE":-0.379083744262,"PER_OI":1.900267994752,"BPS":17.384389543473,"BASIC_EPS":-1.1586945,"DILUTED_EPS":-1.1586945,"OPERATE_INCOME":2761714261.5,"OPERATE_INCOME_YOY":23.1608997655,"GROSS_PROFIT":973829563.62,"GROSS_PROFIT_YOY":22.934699682308,"HOLDER_PROFIT":-1683986606.82,"HOLDER_PROFIT_YOY":-36.1689947921,"GROSS_PROFIT_RATIO":35.261778424937,"EPS_TTM":-2.217000177868,"OPERATE_INCOME_QOQ":0,"NET_PROFIT_RATIO":-66.5580756353,"ROE_AVG":-6.43578537831,"GROSS_PROFIT_QOQ":0,"ROA":-2.547753754961,"HOLDER_PROFIT_QOQ":0,"ROE_YEARLY":-12.871570756619,"ROIC_YEARLY":-5.93706598366,"TOTAL_ASSETS":64971356739.54,"TOTAL_LIABILITIES":33446192034.44,"TAX_EBT":-5.696528969152,"OCF_SALES":-19.948962215257,"TOTAL_PARENT_EQUITY":25265234515.48,"DEBT_ASSET_RATIO":51.4783647947,"OPERATE_PROFIT":-818304589.54,"PRETAX_PROFIT":-1739076850.42,"NETCASH_OPERATE":-550933334.52,"NETCASH_INVEST":-550100892.04,"NETCASH_FINANCE":466473138.88,"END_CASH":2702167360.78,"DIVI_RATIO":null,"DIVIDEND_RATE":null,"CURRENT_RATIO":2.295851254519,"COMMON_ACS":null,"CURRENTDEBT_DEBT":18.337336677445,"ISSUED_COMMON_SHARES":1453328830,"HK_COMMON_SHARES":1453328830,"PER_SHARES":300,"TOTAL_MARKET_CAP":1046396757.6,"HKSK_MARKET_CAP":1046396757.6,"PE_TTM":-0.284757599506,"PB_TTM":0.0405421003,"REPORT_DATE_SQ":"2023-06-30 00:00:00","REPORT_TYPE_SQ":"2023年中报","OPERATE_INCOME_SQ":2128589052.81,"DPS_HKD":null,"OPERATE_INCOME_QOQ_SQ":0,"NET_PROFIT_RATIO_SQ":-61.8400911389,"HOLDER_PROFIT_SQ":-1173941177.41,"HOLDER_PROFIT_QOQ_SQ":0,"ROE_AVG_SQ":-4.18858611722,"PE_TTM_SQ":-0.436102529603,"PB_TTM_SQ":0.043428696305,"ROA_SQ":-1.713255159876,"START_DATE":"2023-08-01 00:00:00","FISCAL_YEAR":"7-31","CURRENCY":"HKD","IS_CNY_CODE":0,"DPS_HKD_LY":null,"ORG_TYPE":"一般企业","PREMIUM_INCOME":null,"PREMIUM_INCOME_YOY":null,"NET_INTEREST_INCOME":null,"NET_INTEREST_INCOME_YOY":null,"FEE_COMMISSION_INCOME":null,"FEE_COMMISSION_INCOME_YOY":null,"ACCOUNTS_RECE_TDAYS":8.877076188751,"INVENTORY_TDAYS":0.205123173726,"CURRENT_ASSETS_TDAYS":0.190502832695,"TOTAL_ASSETS_TDAYS":0.041782801902,"PREMIUM_EXPENSE":null,"LOAN_DEPOSIT":null,"LOAN_EQUITY":null,"LOAN_ASSETS":null,"DEPOSIT_EQUITY":null,"DEPOSIT_ASSETS":null,"EQUITY_MULTIPLIER":2.060936313809,"EQUITY_RATIO":1.323802951995},{"SECUCODE":"00488.HK","SECURITY_CODE":"00488","SECURITY_NAME_ABBR":"丽新发展","ORG_CODE":"10008925","STD_REPORT_DATE":"2023-12-31 00:00:00","REPORT_DATE":"2023-07-31 00:00:00","DATE_TYPE_CODE":"001","REPORT_TYPE":"2023年年报","PER_NETCASH_OPERATE":-0.238824956442,"PER_OI":3.08382954647,"BPS":18.738515526304,"BASIC_EPS":-2.23837776,"DILUTED_EPS":-2.23837776,"OPERATE_INCOME":4481818386.69,"OPERATE_INCOME_YOY":-3.772618859,"GROSS_PROFIT":665412651.36,"GROSS_PROFIT_YOY":-49.834669255127,"HOLDER_PROFIT":-2711984845.2,"HOLDER_PROFIT_YOY":-50.7920246924,"GROSS_PROFIT_RATIO":14.846934747203,"EPS_TTM":-1.866050400445,"OPERATE_INCOME_QOQ":0,"NET_PROFIT_RATIO":-70.0741828533,"ROE_AVG":-9.479258417322,"GROSS_PROFIT_QOQ":0,"ROA":-3.830365223018,"HOLDER_PROFIT_QOQ":0,"ROE_YEARLY":-9.479258417322,"ROIC_YEARLY":-4.53306867762,"TOTAL_ASSETS":67635963529.92,"TOTAL_LIABILITIES":33930615690.3,"TAX_EBT":1.695135490345,"OCF_SALES":-7.744427921283,"TOTAL_PARENT_EQUITY":27233224845.78,"DEBT_ASSET_RATIO":50.1665296382,"OPERATE_PROFIT":-2112343742.31,"PRETAX_PROFIT":-3194753003.43,"NETCASH_OPERATE":-347091194.52,"NETCASH_INVEST":511229753.22,"NETCASH_FINANCE":-1329211439.67,"END_CASH":3363927912.09,"DIVI_RATIO":null,"DIVIDEND_RATE":null,"CURRENT_RATIO":1.475625167817,"COMMON_ACS":null,"CURRENTDEBT_DEBT":29.968516384119,"ISSUED_COMMON_SHARES":1453328830,"HK_COMMON_SHARES":1453328830,"PER_SHARES":300,"TOTAL_MARKET_CAP":1046396757.6,"HKSK_MARKET_CAP":1046396757.6,"PE_TTM":-0.284757599506,"PB_TTM":0.0405421003,"REPORT_DATE_SQ":"2022-12-31 00:00:00","REPORT_TYPE_SQ":"2022年年报","OPERATE_INCOME_SQ":4375898373.24,"DPS_HKD":null,"OPERATE_INCOME_QOQ_SQ":0,"NET_PROFIT_RATIO_SQ":-45.6168135441,"HOLDER_PROFIT_SQ":-1689742492.68,"HOLDER_PROFIT_QOQ_SQ":0,"ROE_AVG_SQ":-5.876351665583,"PE_TTM_SQ":-0.436102529603,"PB_TTM_SQ":0.043428696305,"ROA_SQ":-2.399653782054,"START_DATE":"2022-08-01 00:00:00","FISCAL_YEAR":"7-31","CURRENCY":"HKD","IS_CNY_CODE":0,"DPS_HKD_LY":null,"ORG_TYPE":"一般企业","PREMIUM_INCOME":null,"PREMIUM_INCOME_YOY":null,"NET_INTEREST_INCOME":null,"NET_INTEREST_INCOME_YOY":null,"FEE_COMMISSION_INCOME":null,"FEE_COMMISSION_INCOME_YOY":null,"ACCOUNTS_RECE_TDAYS":13.0188288853,"INVENTORY_TDAYS":0.392290527456,"CURRENT_ASSETS_TDAYS":0.263729437538,"TOTAL_ASSETS_TDAYS":0.063300505955,"PREMIUM_EXPENSE":null,"LOAN_DEPOSIT":null,"LOAN_EQUITY":null,"LOAN_ASSETS":null,"DEPOSIT_EQUITY":null,"DEPOSIT_ASSETS":null,"EQUITY_MULTIPLIER":2.006683445363,"EQUITY_RATIO":1.245927204084},{"SECUCODE":"00488.HK","SECURITY_CODE":"00488","SECURITY_NAME_ABBR":"丽新发展","ORG_CODE":"10008925","STD_REPORT_DATE":"2023-06-30 00:00:00","REPORT_DATE":"2023-01-31 00:00:00","DATE_TYPE_CODE":"002","REPORT_TYPE":"2023年中报","PER_NETCASH_OPERATE":-0.606924059705,"PER_OI":1.46463003339,"BPS":19.103479346288,"BASIC_EPS":-1.20514999,"DILUTED_EPS":-1.20514999,"OPERATE_INCOME":2128589052.81,"OPERATE_INCOME_YOY":-9.2685052399,"GROSS_PROFIT":792151903.52,"GROSS_PROFIT_YOY":0.109384845734,"HOLDER_PROFIT":-1173941177.41,"HOLDER_PROFIT_YOY":-183.5425973463,"GROSS_PROFIT_RATIO":37.214881964852,"EPS_TTM":-1.700221440904,"OPERATE_INCOME_QOQ":0,"NET_PROFIT_RATIO":-61.8400911389,"ROE_AVG":-4.18858611722,"GROSS_PROFIT_QOQ":0,"ROA":-1.713255159876,"HOLDER_PROFIT_QOQ":0,"ROE_YEARLY":-8.37717223444,"ROIC_YEARLY":-4.073952788721,"TOTAL_ASSETS":67255951283.16,"TOTAL_LIABILITIES":32662772136.06,"TAX_EBT":-3.401776820021,"OCF_SALES":-41.438728270521,"TOTAL_PARENT_EQUITY":27763637287.27,"DEBT_ASSET_RATIO":48.5648801525,"OPERATE_PROFIT":-761987784.3,"PRETAX_PROFIT":-1273016238.9,"NETCASH_OPERATE":-882060233.59,"NETCASH_INVEST":785611139.58,"NETCASH_FINANCE":-755243430.24,"END_CASH":3519464129.78,"DIVI_RATIO":null,"DIVIDEND_RATE":null,"CURRENT_RATIO":1.774118037092,"COMMON_ACS":null,"CURRENTDEBT_DEBT":27.787353676144,"ISSUED_COMMON_SHARES":1453328830,"HK_COMMON_SHARES":1453328830,"PER_SHARES":300,"TOTAL_MARKET_CAP":1046396757.6,"HKSK_MARKET_CAP":1046396757.6,"PE_TTM":-0.284757599506,"PB_TTM":0.0405421003,"REPORT_DATE_SQ":"2022-06-30 00:00:00","REPORT_TYPE_SQ":"2022年中报","OPERATE_INCOME_SQ":2225203680,"DPS_HKD":null,"OPERATE_INCOME_QOQ_SQ":0,"NET_PROFIT_RATIO_SQ":-23.6573267145,"HOLDER_PROFIT_SQ":-392702832.64,"HOLDER_PROFIT_QOQ_SQ":0,"ROE_AVG_SQ":-1.385505675175,"PE_TTM_SQ":-0.436102529603,"PB_TTM_SQ":0.043428696305,"ROA_SQ":-0.575016822833,"START_DATE":"2022-08-01 00:00:00","FISCAL_YEAR":"7-31","CURRENCY":"HKD","IS_CNY_CODE":0,"DPS_HKD_LY":null,"ORG_TYPE":"一般企业","PREMIUM_INCOME":null,"PREMIUM_INCOME_YOY":null,"NET_INTEREST_INCOME":null,"NET_INTEREST_INCOME_YOY":null,"FEE_COMMISSION_INCOME":null,"FEE_COMMISSION_INCOME_YOY":null,"ACCOUNTS_RECE_TDAYS":6.346948828392,"INVENTORY_TDAYS":0.135181421631,"CURRENT_ASSETS_TDAYS":0.125167397824,"TOTAL_ASSETS_TDAYS":0.03106472665,"PREMIUM_EXPENSE":null,"LOAN_DEPOSIT":null,"LOAN_EQUITY":null,"LOAN_ASSETS":null,"DEPOSIT_EQUITY":null,"DEPOSIT_ASSETS":null,"EQUITY_MULTIPLIER":1.944196889139,"EQUITY_RATIO":1.1764586822},{"SECUCODE":"00488.HK","SECURITY_CODE":"00488","SECURITY_NAME_ABBR":"丽新发展","ORG_CODE":"10008925","STD_REPORT_DATE":"2022-12-31 00:00:00","REPORT_DATE":"2022-07-31 00:00:00","DATE_TYPE_CODE":"001","REPORT_TYPE":"2022年年报","PER_NETCASH_OPERATE":-3.847648292518,"PER_OI":4.516422864605,"BPS":19.385099975454,"BASIC_EPS":-1.83241764,"DILUTED_EPS":-1.83241764,"OPERATE_INCOME":4375898373.24,"OPERATE_INCOME_YOY":-14.9170869279,"GROSS_PROFIT":1326439278.84,"GROSS_PROFIT_YOY":21.074749259228,"HOLDER_PROFIT":-1689742492.68,"HOLDER_PROFIT_YOY":5.8028629034,"GROSS_PROFIT_RATIO":30.312387667675,"EPS_TTM":-1.16267045544,"OPERATE_INCOME_QOQ":0,"NET_PROFIT_RATIO":-45.6168135441,"ROE_AVG":-5.876351665583,"GROSS_PROFIT_QOQ":0,"ROA":-2.399653782054,"HOLDER_PROFIT_QOQ":0,"ROE_YEARLY":-5.876351665583,"ROIC_YEARLY":-2.945288338052,"TOTAL_ASSETS":69495821256.72,"TOTAL_LIABILITIES":34284279756.72,"TAX_EBT":-12.75411815287,"OCF_SALES":-85.192383615613,"TOTAL_PARENT_EQUITY":28172924666.76,"DEBT_ASSET_RATIO":49.3328651086,"OPERATE_PROFIT":-983081325.36,"PRETAX_PROFIT":-1770352546.32,"NETCASH_OPERATE":-3727932128.76,"NETCASH_INVEST":-892778272.08,"NETCASH_FINANCE":1918524946.56,"END_CASH":4343888193.36,"DIVI_RATIO":null,"DIVIDEND_RATE":null,"CURRENT_RATIO":1.661037852978,"COMMON_ACS":null,"CURRENTDEBT_DEBT":31.318743191551,"ISSUED_COMMON_SHARES":1453328830,"HK_COMMON_SHARES":1453328830,"PER_SHARES":300,"TOTAL_MARKET_CAP":1046396757.6,"HKSK_MARKET_CAP":1046396757.6,"PE_TTM":-0.284757599506,"PB_TTM":0.0405421003,"REPORT_DATE_SQ":"2021-12-31 00:00:00","REPORT_TYPE_SQ":"2021年年报","OPERATE_INCOME_SQ":4976188262.4,"DPS_HKD":null,"OPERATE_INCOME_QOQ_SQ":0,"NET_PROFIT_RATIO_SQ":-44.3844174604,"HOLDER_PROFIT_SQ":-1735620408,"HOLDER_PROFIT_QOQ_SQ":0,"ROE_AVG_SQ":-6.041972275747,"PE_TTM_SQ":-0.436102529603,"PB_TTM_SQ":0.043428696305,"ROA_SQ":-2.607574450004,"START_DATE":"2021-08-01 00:00:00","FISCAL_YEAR":"7-31","CURRENCY":"HKD","IS_CNY_CODE":0,"DPS_HKD_LY":null,"ORG_TYPE":"一般企业","PREMIUM_INCOME":null,"PREMIUM_INCOME_YOY":null,"NET_INTEREST_INCOME":null,"NET_INTEREST_INCOME_YOY":null,"FEE_COMMISSION_INCOME":null,"FEE_COMMISSION_INCOME_YOY":null,"ACCOUNTS_RECE_TDAYS":13.688205662905,"INVENTORY_TDAYS":0.33872858929,"CURRENT_ASSETS_TDAYS":0.239346396814,"TOTAL_ASSETS_TDAYS":0.062143439765,"PREMIUM_EXPENSE":null,"LOAN_DEPOSIT":null,"LOAN_EQUITY":null,"LOAN_ASSETS":null,"DEPOSIT_EQUITY":null,"DEPOSIT_ASSETS":null,"EQUITY_MULTIPLIER":1.973665971331,"EQUITY_RATIO":1.216922991214},{"SECUCODE":"00488.HK","SECURITY_CODE":"00488","SECURITY_NAME_ABBR":"丽新发展","ORG_CODE":"10008925","STD_REPORT_DATE":"2022-06-30 00:00:00","REPORT_DATE":"2022-01-31 00:00:00","DATE_TYPE_CODE":"002","REPORT_TYPE":"2022年中报","PER_NETCASH_OPERATE":-2.083739442723,"PER_OI":2.296662290014,"BPS":19.778702509438,"BASIC_EPS":-0.44839552,"DILUTED_EPS":-0.44839552,"OPERATE_INCOME":2225203680,"OPERATE_INCOME_YOY":-0.9423498682,"GROSS_PROFIT":791286356.16,"GROSS_PROFIT_YOY":53.376224187539,"HOLDER_PROFIT":-392702832.64,"HOLDER_PROFIT_YOY":60.8988277046,"GROSS_PROFIT_RATIO":35.560176503034,"EPS_TTM":-1.139342765161,"OPERATE_INCOME_QOQ":0,"NET_PROFIT_RATIO":-23.6573267145,"ROE_AVG":-1.385505675175,"GROSS_PROFIT_QOQ":0,"ROA":-0.575016822833,"HOLDER_PROFIT_QOQ":0,"ROE_YEARLY":-2.771011350349,"ROIC_YEARLY":-1.424344937468,"TOTAL_ASSETS":68643200128.96,"TOTAL_LIABILITIES":32656621992.64,"TAX_EBT":-25.075528113566,"OCF_SALES":-90.729031071888,"TOTAL_PARENT_EQUITY":28744958576.96,"DEBT_ASSET_RATIO":47.5744457299,"OPERATE_PROFIT":-97364014.08,"PRETAX_PROFIT":-420884654.72,"NETCASH_OPERATE":-2018905738.24,"NETCASH_INVEST":-708892042.88,"NETCASH_FINANCE":997531930.56,"END_CASH":5055182454.08,"DIVI_RATIO":null,"DIVIDEND_RATE":null,"CURRENT_RATIO":1.738225612428,"COMMON_ACS":null,"CURRENTDEBT_DEBT":32.084669990795,"ISSUED_COMMON_SHARES":1453328830,"HK_COMMON_SHARES":1453328830,"PER_SHARES":300,"TOTAL_MARKET_CAP":1046396757.6,"HKSK_MARKET_CAP":1046396757.6,"PE_TTM":-0.284757599506,"PB_TTM":0.0405421003,"REPORT_DATE_SQ":"2021-06-30 00:00:00","REPORT_TYPE_SQ":"2021年中报","OPERATE_INCOME_SQ":2291341544.02,"DPS_HKD":null,"OPERATE_INCOME_QOQ_SQ":0,"NET_PROFIT_RATIO_SQ":-55.8164269966,"HOLDER_PROFIT_SQ":-1024430115.02,"HOLDER_PROFIT_QOQ_SQ":0,"ROE_AVG_SQ":-3.512852508639,"PE_TTM_SQ":-0.436102529603,"PB_TTM_SQ":0.043428696305,"ROA_SQ":-1.558670396389,"START_DATE":"2021-08-01 00:00:00","FISCAL_YEAR":"7-31","CURRENCY":"HKD","IS_CNY_CODE":0,"DPS_HKD_LY":null,"ORG_TYPE":"一般企业","PREMIUM_INCOME":null,"PREMIUM_INCOME_YOY":null,"NET_INTEREST_INCOME":null,"NET_INTEREST_INCOME_YOY":null,"FEE_COMMISSION_INCOME":null,"FEE_COMMISSION_INCOME_YOY":null,"ACCOUNTS_RECE_TDAYS":8.381308710767,"INVENTORY_TDAYS":0.173329133731,"CURRENT_ASSETS_TDAYS":0.12344250017,"TOTAL_ASSETS_TDAYS":0.032582641221,"PREMIUM_EXPENSE":null,"LOAN_DEPOSIT":null,"LOAN_EQUITY":null,"LOAN_ASSETS":null,"DEPOSIT_EQUITY":null,"DEPOSIT_ASSETS":null,"EQUITY_MULTIPLIER":1.907466719089,"EQUITY_RATIO":1.13608172039},{"SECUCODE":"00488.HK","SECURITY_CODE":"00488","SECURITY_NAME_ABBR":"丽新发展","ORG_CODE":"10008925","STD_REPORT_DATE":"2021-12-31 00:00:00","REPORT_DATE":"2021-07-31 00:00:00","DATE_TYPE_CODE":"001","REPORT_TYPE":"2021年年报","PER_NETCASH_OPERATE":1.589187566302,"PER_OI":8.129843959218,"BPS":19.530961755434,"BASIC_EPS":-2.5218608,"DILUTED_EPS":-2.5218608,"OPERATE_INCOME":4976188262.4,"OPERATE_INCOME_YOY":14.8310865826,"GROSS_PROFIT":1095554016.8,"GROSS_PROFIT_YOY":-25.357286174477,"HOLDER_PROFIT":-1735620408,"HOLDER_PROFIT_YOY":28.8510034541,"GROSS_PROFIT_RATIO":22.015927835327,"EPS_TTM":-1.791356888657,"OPERATE_INCOME_QOQ":0,"NET_PROFIT_RATIO":-44.3844174604,"ROE_AVG":-6.041972275747,"GROSS_PROFIT_QOQ":0,"ROA":-2.607574450004,"HOLDER_PROFIT_QOQ":0,"ROE_YEARLY":-6.041972275747,"ROIC_YEARLY":-3.202832015887,"TOTAL_ASSETS":69021267057.6,"TOTAL_LIABILITIES":33292381924,"TAX_EBT":-10.652462605861,"OCF_SALES":19.547577718269,"TOTAL_PARENT_EQUITY":28384909796.8,"DEBT_ASSET_RATIO":48.2349619809,"OPERATE_PROFIT":-981648862.4,"PRETAX_PROFIT":-1996026224.8,"NETCASH_OPERATE":972724268,"NETCASH_INVEST":-1656131089.6,"NETCASH_FINANCE":4017023360,"END_CASH":6886323266.4,"DIVI_RATIO":null,"DIVIDEND_RATE":null,"CURRENT_RATIO":2.463048538111,"COMMON_ACS":null,"CURRENTDEBT_DEBT":22.100171533524,"ISSUED_COMMON_SHARES":1453328830,"HK_COMMON_SHARES":1453328830,"PER_SHARES":300,"TOTAL_MARKET_CAP":1046396757.6,"HKSK_MARKET_CAP":1046396757.6,"PE_TTM":-0.284757599506,"PB_TTM":0.0405421003,"REPORT_DATE_SQ":"2020-12-31 00:00:00","REPORT_TYPE_SQ":"2020年年报","OPERATE_INCOME_SQ":4698693011.25,"DPS_HKD":null,"OPERATE_INCOME_QOQ_SQ":0,"NET_PROFIT_RATIO_SQ":-76.9648926859,"HOLDER_PROFIT_SQ":-2645000216.25,"HOLDER_PROFIT_QOQ_SQ":0,"ROE_AVG_SQ":-8.290681626439,"PE_TTM_SQ":-0.436102529603,"PB_TTM_SQ":0.043428696305,"ROA_SQ":-3.768774653739,"START_DATE":"2020-08-01 00:00:00","FISCAL_YEAR":"7-31","CURRENCY":"HKD","IS_CNY_CODE":0,"DPS_HKD_LY":null,"ORG_TYPE":"一般企业","PREMIUM_INCOME":null,"PREMIUM_INCOME_YOY":null,"NET_INTEREST_INCOME":null,"NET_INTEREST_INCOME_YOY":null,"FEE_COMMISSION_INCOME":null,"FEE_COMMISSION_INCOME_YOY":null,"ACCOUNTS_RECE_TDAYS":18.534204717486,"INVENTORY_TDAYS":0.483439897188,"CURRENT_ASSETS_TDAYS":0.303633189826,"TOTAL_ASSETS_TDAYS":0.0747616317,"PREMIUM_EXPENSE":null,"LOAN_DEPOSIT":null,"LOAN_EQUITY":null,"LOAN_ASSETS":null,"DEPOSIT_EQUITY":null,"DEPOSIT_ASSETS":null,"EQUITY_MULTIPLIER":1.931805786815,"EQUITY_RATIO":1.172890178702},{"SECUCODE":"00488.HK","SECURITY_CODE":"00488","SECURITY_NAME_ABBR":"丽新发展","ORG_CODE":"10008925","STD_REPORT_DATE":"2021-06-30 00:00:00","REPORT_DATE":"2021-01-31 00:00:00","DATE_TYPE_CODE":"002","REPORT_TYPE":"2021年中报","PER_NETCASH_OPERATE":0.60695729145,"PER_OI":3.743477583216,"BPS":20.049065246961,"BASIC_EPS":-1.48896208,"DILUTED_EPS":-1.48896208,"OPERATE_INCOME":2291341544.02,"OPERATE_INCOME_YOY":-0.2260872978,"GROSS_PROFIT":515912006.8,"GROSS_PROFIT_YOY":-48.643418269701,"HOLDER_PROFIT":-1024430115.02,"HOLDER_PROFIT_YOY":-10.6615144518,"GROSS_PROFIT_RATIO":22.515718276328,"EPS_TTM":-4.389534693846,"OPERATE_INCOME_QOQ":0,"NET_PROFIT_RATIO":-55.8164269966,"ROE_AVG":-3.512852508639,"GROSS_PROFIT_QOQ":0,"ROA":-1.558670396389,"HOLDER_PROFIT_QOQ":0,"ROE_YEARLY":-7.025705017279,"ROIC_YEARLY":-3.752166002717,"TOTAL_ASSETS":67085308368.92,"TOTAL_LIABILITIES":30331997906.7,"TAX_EBT":-14.633850757434,"OCF_SALES":16.213728490612,"TOTAL_PARENT_EQUITY":29137884537.96,"DEBT_ASSET_RATIO":45.2140694351,"OPERATE_PROFIT":-524576197.02,"PRETAX_PROFIT":-1115678285,"NETCASH_OPERATE":371511896.74,"NETCASH_INVEST":-936801691.98,"NETCASH_FINANCE":1060576672.6,"END_CASH":4070301523.84,"DIVI_RATIO":null,"DIVIDEND_RATE":null,"CURRENT_RATIO":1.90669783626,"COMMON_ACS":null,"CURRENTDEBT_DEBT":28.352809956776,"ISSUED_COMMON_SHARES":1453328830,"HK_COMMON_SHARES":1453328830,"PER_SHARES":300,"TOTAL_MARKET_CAP":1046396757.6,"HKSK_MARKET_CAP":1046396757.6,"PE_TTM":-0.284757599506,"PB_TTM":0.0405421003,"REPORT_DATE_SQ":"2020-06-30 00:00:00","REPORT_TYPE_SQ":"2020年中报","OPERATE_INCOME_SQ":2437717900.56,"DPS_HKD":null,"OPERATE_INCOME_QOQ_SQ":0,"NET_PROFIT_RATIO_SQ":-58.9997717685,"HOLDER_PROFIT_SQ":-982644320.31,"HOLDER_PROFIT_QOQ_SQ":0,"ROE_AVG_SQ":-3.145913746445,"PE_TTM_SQ":-0.436102529603,"PB_TTM_SQ":0.043428696305,"ROA_SQ":-1.410994695497,"START_DATE":"2020-08-01 00:00:00","FISCAL_YEAR":"7-31","CURRENCY":"HKD","IS_CNY_CODE":0,"DPS_HKD_LY":null,"ORG_TYPE":"一般企业","PREMIUM_INCOME":null,"PREMIUM_INCOME_YOY":null,"NET_INTEREST_INCOME":null,"NET_INTEREST_INCOME_YOY":null,"FEE_COMMISSION_INCOME":null,"FEE_COMMISSION_INCOME_YOY":null,"ACCOUNTS_RECE_TDAYS":8.873152080465,"INVENTORY_TDAYS":0.211142602605,"CURRENT_ASSETS_TDAYS":0.147290758161,"TOTAL_ASSETS_TDAYS":0.034862761064,"PREMIUM_EXPENSE":null,"LOAN_DEPOSIT":null,"LOAN_EQUITY":null,"LOAN_ASSETS":null,"DEPOSIT_EQUITY":null,"DEPOSIT_ASSETS":null,"EQUITY_MULTIPLIER":1.825286144981,"EQUITY_RATIO":1.04098147095},{"SECUCODE":"00488.HK","SECURITY_CODE":"00488","SECURITY_NAME_ABBR":"丽新发展","ORG_CODE":"10008925","STD_REPORT_DATE":"2020-12-31 00:00:00","REPORT_DATE":"2020-07-31 00:00:00","DATE_TYPE_CODE":"001","REPORT_TYPE":"2020年年报","PER_NETCASH_OPERATE":-0.433048974881,"PER_OI":7.687978904617,"BPS":21.685983351235,"BASIC_EPS":-3.868165,"DILUTED_EPS":-3.868165,"OPERATE_INCOME":4698693011.25,"OPERATE_INCOME_YOY":-19.7166669336,"GROSS_PROFIT":1467730687.5,"GROSS_PROFIT_YOY":-27.641366713984,"HOLDER_PROFIT":-2645000216.25,"HOLDER_PROFIT_YOY":-160.5997715439,"GROSS_PROFIT_RATIO":31.236998969412,"EPS_TTM":-4.32126718209,"OPERATE_INCOME_QOQ":0,"NET_PROFIT_RATIO":-76.9648926859,"ROE_AVG":-8.290681626439,"GROSS_PROFIT_QOQ":0,"ROA":-3.768774653739,"HOLDER_PROFIT_QOQ":0,"ROE_YEARLY":-8.290681626439,"ROIC_YEARLY":-4.627225160137,"TOTAL_ASSETS":69502269445,"TOTAL_LIABILITIES":30342118782.5,"TAX_EBT":2.194333756153,"OCF_SALES":-5.632806492493,"TOTAL_PARENT_EQUITY":31516864811.25,"DEBT_ASSET_RATIO":43.6562993191,"OPERATE_PROFIT":-2671040933.75,"PRETAX_PROFIT":-3697479065,"NETCASH_OPERATE":-264668285,"NETCASH_INVEST":-1630509956.25,"NETCASH_FINANCE":2369905370,"END_CASH":3753307897.5,"DIVI_RATIO":null,"DIVIDEND_RATE":null,"CURRENT_RATIO":1.327173287871,"COMMON_ACS":null,"CURRENTDEBT_DEBT":39.460412313578,"ISSUED_COMMON_SHARES":1453328830,"HK_COMMON_SHARES":1453328830,"PER_SHARES":300,"TOTAL_MARKET_CAP":1046396757.6,"HKSK_MARKET_CAP":1046396757.6,"PE_TTM":-0.284757599506,"PB_TTM":0.0405421003,"REPORT_DATE_SQ":"2019-12-31 00:00:00","REPORT_TYPE_SQ":"2019年年报","OPERATE_INCOME_SQ":5713603534.08,"DPS_HKD":null,"OPERATE_INCOME_QOQ_SQ":0,"NET_PROFIT_RATIO_SQ":72.8814926965,"HOLDER_PROFIT_SQ":4261015848.96,"HOLDER_PROFIT_QOQ_SQ":0,"ROE_AVG_SQ":14.459485608376,"PE_TTM_SQ":-0.436102529603,"PB_TTM_SQ":0.043428696305,"ROA_SQ":7.728374635082,"START_DATE":"2019-08-01 00:00:00","FISCAL_YEAR":"7-31","CURRENCY":"HKD","IS_CNY_CODE":0,"DPS_HKD_LY":0.108,"ORG_TYPE":"一般企业","PREMIUM_INCOME":null,"PREMIUM_INCOME_YOY":null,"NET_INTEREST_INCOME":null,"NET_INTEREST_INCOME_YOY":null,"FEE_COMMISSION_INCOME":null,"FEE_COMMISSION_INCOME_YOY":null,"ACCOUNTS_RECE_TDAYS":17.219550943297,"INVENTORY_TDAYS":0.448955046312,"CURRENT_ASSETS_TDAYS":0.334711150891,"TOTAL_ASSETS_TDAYS":0.066950146233,"PREMIUM_EXPENSE":null,"LOAN_DEPOSIT":null,"LOAN_EQUITY":null,"LOAN_ASSETS":null,"DEPOSIT_EQUITY":null,"DEPOSIT_ASSETS":null,"EQUITY_MULTIPLIER":1.774821298415,"EQUITY_RATIO":0.962726431205}],"count":49},"success":true,"message":"ok","code":0}