{"version":"ad0d23d85b4c043797ad3c64630e4031","result":{"pages":5,"data":[{"SECUCODE":"00483.HK","SECURITY_CODE":"00483","SECURITY_NAME_ABBR":"包浩斯国际","ORG_CODE":"10008922","STD_REPORT_DATE":"2024-06-30 00:00:00","REPORT_DATE":"2024-09-30 00:00:00","DATE_TYPE_CODE":"002","REPORT_TYPE":"2024年中报","PER_NETCASH_OPERATE":0.088401832054,"PER_OI":0.202594691192,"BPS":0.39619308332,"BASIC_EPS":-0.00631253,"DILUTED_EPS":-0.00631253,"OPERATE_INCOME":74429237.65,"OPERATE_INCOME_YOY":-4.9037342582,"GROSS_PROFIT":54607893.45,"GROSS_PROFIT_YOY":-7.871151954124,"HOLDER_PROFIT":-2227421.3,"HOLDER_PROFIT_YOY":-170.5714285714,"GROSS_PROFIT_RATIO":73.36887381111,"EPS_TTM":0.002995676684,"OPERATE_INCOME_QOQ":0,"NET_PROFIT_RATIO":-2.9926697765,"ROE_AVG":-1.517935607574,"GROSS_PROFIT_QOQ":0,"ROA":-1.066404167179,"HOLDER_PROFIT_QOQ":0,"ROE_YEARLY":-3.035871215147,"ROIC_YEARLY":-3.49600860556,"TOTAL_ASSETS":208714786.55,"TOTAL_LIABILITIES":63161371.6,"TAX_EBT":null,"OCF_SALES":43.63482159084,"TOTAL_PARENT_EQUITY":145553414.95,"DEBT_ASSET_RATIO":30.262049299,"OPERATE_PROFIT":-586163.5,"PRETAX_PROFIT":-2227421.3,"NETCASH_OPERATE":32477065.06,"NETCASH_INVEST":-40288370.04,"NETCASH_FINANCE":-20404802.33,"END_CASH":23826193.59,"DIVI_RATIO":null,"DIVIDEND_RATE":null,"CURRENT_RATIO":3.621643091431,"COMMON_ACS":2000000000,"CURRENTDEBT_DEBT":55.71673329526,"ISSUED_COMMON_SHARES":367380000,"HK_COMMON_SHARES":367380000,"PER_SHARES":2000,"TOTAL_MARKET_CAP":73476000,"HKSK_MARKET_CAP":73476000,"PE_TTM":-15.449116904962,"PB_TTM":0.455227533224,"REPORT_DATE_SQ":"2023-06-30 00:00:00","REPORT_TYPE_SQ":"2023年中报","OPERATE_INCOME_SQ":79642025.33,"DPS_HKD":null,"OPERATE_INCOME_QOQ_SQ":0,"NET_PROFIT_RATIO_SQ":4.0326761991,"HOLDER_PROFIT_SQ":3211705,"HOLDER_PROFIT_QOQ_SQ":0,"ROE_AVG_SQ":2.130612642447,"PE_TTM_SQ":3.244215330978,"PB_TTM_SQ":0.851943115973,"ROA_SQ":1.544728723569,"START_DATE":"2024-04-01 00:00:00","FISCAL_YEAR":"3-31","CURRENCY":"HKD","IS_CNY_CODE":0,"DPS_HKD_LY":null,"ORG_TYPE":"一般企业","PREMIUM_INCOME":null,"PREMIUM_INCOME_YOY":null,"NET_INTEREST_INCOME":null,"NET_INTEREST_INCOME_YOY":null,"FEE_COMMISSION_INCOME":null,"FEE_COMMISSION_INCOME_YOY":null,"ACCOUNTS_RECE_TDAYS":24.386172255872,"INVENTORY_TDAYS":0.597518043794,"CURRENT_ASSETS_TDAYS":0.584206912661,"TOTAL_ASSETS_TDAYS":0.356338736592,"PREMIUM_EXPENSE":null,"LOAN_DEPOSIT":null,"LOAN_EQUITY":null,"LOAN_ASSETS":null,"DEPOSIT_EQUITY":null,"DEPOSIT_ASSETS":null,"EQUITY_MULTIPLIER":1.433939469038,"EQUITY_RATIO":0.433939469038},{"SECUCODE":"00483.HK","SECURITY_CODE":"00483","SECURITY_NAME_ABBR":"包浩斯国际","ORG_CODE":"10008922","STD_REPORT_DATE":"2023-12-31 00:00:00","REPORT_DATE":"2024-03-31 00:00:00","DATE_TYPE_CODE":"001","REPORT_TYPE":"2023年年报","PER_NETCASH_OPERATE":0.110334177555,"PER_OI":0.476238564429,"BPS":0.404779090724,"BASIC_EPS":0.00271965,"DILUTED_EPS":0.00271965,"OPERATE_INCOME":174960523.8,"OPERATE_INCOME_YOY":-1.8421507695,"GROSS_PROFIT":129855128.55,"GROSS_PROFIT_YOY":-1.10250348542,"HOLDER_PROFIT":1100551.7,"HOLDER_PROFIT_YOY":-97.3589749168,"GROSS_PROFIT_RATIO":74.21967294659,"EPS_TTM":0.103825788312,"OPERATE_INCOME_QOQ":0,"NET_PROFIT_RATIO":0.6290285809,"ROE_AVG":0.743510361068,"GROSS_PROFIT_QOQ":0,"ROA":0.553477355983,"HOLDER_PROFIT_QOQ":0,"ROE_YEARLY":0.743510361068,"ROIC_YEARLY":0.919550677544,"TOTAL_ASSETS":210132850.7,"TOTAL_LIABILITIES":61425108.35,"TAX_EBT":11.580480699199,"OCF_SALES":23.167837675392,"TOTAL_PARENT_EQUITY":148707742.35,"DEBT_ASSET_RATIO":29.2315590567,"OPERATE_PROFIT":5010501.85,"PRETAX_PROFIT":1244693.15,"NETCASH_OPERATE":40534570.15,"NETCASH_INVEST":-16852764.5,"NETCASH_FINANCE":-32837054.1,"END_CASH":52317000.5,"DIVI_RATIO":null,"DIVIDEND_RATE":null,"CURRENT_RATIO":3.031121890494,"COMMON_ACS":2000000000,"CURRENTDEBT_DEBT":68.761899139572,"ISSUED_COMMON_SHARES":367380000,"HK_COMMON_SHARES":367380000,"PER_SHARES":2000,"TOTAL_MARKET_CAP":76047660,"HKSK_MARKET_CAP":76047660,"PE_TTM":-15.989835996636,"PB_TTM":0.471160496887,"REPORT_DATE_SQ":"2022-12-31 00:00:00","REPORT_TYPE_SQ":"2022年年报","OPERATE_INCOME_SQ":172121363.38,"DPS_HKD":null,"OPERATE_INCOME_QOQ_SQ":0,"NET_PROFIT_RATIO_SQ":23.3788361188,"HOLDER_PROFIT_SQ":40239971.47,"HOLDER_PROFIT_QOQ_SQ":0,"ROE_AVG_SQ":26.213232358946,"PE_TTM_SQ":3.244215330978,"PB_TTM_SQ":0.851943115973,"ROA_SQ":20.057335346325,"START_DATE":"2023-04-01 00:00:00","FISCAL_YEAR":"3-31","CURRENCY":"HKD","IS_CNY_CODE":0,"DPS_HKD_LY":null,"ORG_TYPE":"一般企业","PREMIUM_INCOME":null,"PREMIUM_INCOME_YOY":null,"NET_INTEREST_INCOME":null,"NET_INTEREST_INCOME_YOY":null,"FEE_COMMISSION_INCOME":null,"FEE_COMMISSION_INCOME_YOY":null,"ACCOUNTS_RECE_TDAYS":57.696860986547,"INVENTORY_TDAYS":1.412370841376,"CURRENT_ASSETS_TDAYS":1.419756355932,"TOTAL_ASSETS_TDAYS":0.879892222367,"PREMIUM_EXPENSE":null,"LOAN_DEPOSIT":null,"LOAN_EQUITY":null,"LOAN_ASSETS":null,"DEPOSIT_EQUITY":null,"DEPOSIT_ASSETS":null,"EQUITY_MULTIPLIER":1.413059248827,"EQUITY_RATIO":0.413059248828},{"SECUCODE":"00483.HK","SECURITY_CODE":"00483","SECURITY_NAME_ABBR":"包浩斯国际","ORG_CODE":"10008922","STD_REPORT_DATE":"2023-06-30 00:00:00","REPORT_DATE":"2023-09-30 00:00:00","DATE_TYPE_CODE":"002","REPORT_TYPE":"2023年中报","PER_NETCASH_OPERATE":0.015648516386,"PER_OI":0.216783780636,"BPS":0.414684435353,"BASIC_EPS":0.0091763,"DILUTED_EPS":0.0091763,"OPERATE_INCOME":79642025.33,"OPERATE_INCOME_YOY":8.2708549045,"GROSS_PROFIT":59273392.22,"GROSS_PROFIT_YOY":24.172976785835,"HOLDER_PROFIT":3211705,"HOLDER_PROFIT_YOY":-40.3646277049,"GROSS_PROFIT_RATIO":74.424767545022,"EPS_TTM":0.109532286651,"OPERATE_INCOME_QOQ":0,"NET_PROFIT_RATIO":4.0326761991,"ROE_AVG":2.130612642447,"GROSS_PROFIT_QOQ":0,"ROA":1.544728723569,"HOLDER_PROFIT_QOQ":0,"ROE_YEARLY":4.261225284893,"ROIC_YEARLY":4.752787170191,"TOTAL_ASSETS":225981987.21,"TOTAL_LIABILITIES":73635219.35,"TAX_EBT":-151.436781609195,"OCF_SALES":7.21849039647,"TOTAL_PARENT_EQUITY":152346767.86,"DEBT_ASSET_RATIO":32.5845525385,"OPERATE_PROFIT":2854746.93,"PRETAX_PROFIT":1277340.96,"NETCASH_OPERATE":5748951.95,"NETCASH_INVEST":-21512000.09,"NETCASH_FINANCE":-15462065.5,"END_CASH":30998459.03,"DIVI_RATIO":null,"DIVIDEND_RATE":null,"CURRENT_RATIO":2.549545829893,"COMMON_ACS":2000000000,"CURRENTDEBT_DEBT":66.401644962303,"ISSUED_COMMON_SHARES":367380000,"HK_COMMON_SHARES":367380000,"PER_SHARES":2000,"TOTAL_MARKET_CAP":76047660,"HKSK_MARKET_CAP":76047660,"PE_TTM":-15.989835996636,"PB_TTM":0.471160496887,"REPORT_DATE_SQ":"2022-06-30 00:00:00","REPORT_TYPE_SQ":"2022年中报","OPERATE_INCOME_SQ":72500814.84,"DPS_HKD":null,"OPERATE_INCOME_QOQ_SQ":0,"NET_PROFIT_RATIO_SQ":7.3215154502,"HOLDER_PROFIT_SQ":5308158.36,"HOLDER_PROFIT_QOQ_SQ":0,"ROE_AVG_SQ":3.649433060046,"PE_TTM_SQ":3.244215330978,"PB_TTM_SQ":0.851943115973,"ROA_SQ":2.761005327719,"START_DATE":"2023-04-01 00:00:00","FISCAL_YEAR":"3-31","CURRENCY":"HKD","IS_CNY_CODE":0,"DPS_HKD_LY":null,"ORG_TYPE":"一般企业","PREMIUM_INCOME":null,"PREMIUM_INCOME_YOY":null,"NET_INTEREST_INCOME":null,"NET_INTEREST_INCOME_YOY":null,"FEE_COMMISSION_INCOME":null,"FEE_COMMISSION_INCOME_YOY":null,"ACCOUNTS_RECE_TDAYS":27.925032175032,"INVENTORY_TDAYS":0.549804941482,"CURRENT_ASSETS_TDAYS":0.651342031302,"TOTAL_ASSETS_TDAYS":0.383053001849,"PREMIUM_EXPENSE":null,"LOAN_DEPOSIT":null,"LOAN_EQUITY":null,"LOAN_ASSETS":null,"DEPOSIT_EQUITY":null,"DEPOSIT_ASSETS":null,"EQUITY_MULTIPLIER":1.483339557408,"EQUITY_RATIO":0.483339557408},{"SECUCODE":"00483.HK","SECURITY_CODE":"00483","SECURITY_NAME_ABBR":"包浩斯国际","ORG_CODE":"10008922","STD_REPORT_DATE":"2022-12-31 00:00:00","REPORT_DATE":"2023-03-31 00:00:00","DATE_TYPE_CODE":"001","REPORT_TYPE":"2022年年报","PER_NETCASH_OPERATE":0.170556975257,"PER_OI":0.468510434373,"BPS":0.387264913768,"BASIC_EPS":0.10942625,"DILUTED_EPS":0.10942625,"OPERATE_INCOME":172121363.38,"OPERATE_INCOME_YOY":-21.133234926,"GROSS_PROFIT":131302745.9,"GROSS_PROFIT_YOY":1.413319495003,"HOLDER_PROFIT":40239971.47,"HOLDER_PROFIT_YOY":-67.7675635119,"GROSS_PROFIT_RATIO":76.284978994802,"EPS_TTM":0.252024923975,"OPERATE_INCOME_QOQ":0,"NET_PROFIT_RATIO":23.3788361188,"ROE_AVG":26.213232358946,"GROSS_PROFIT_QOQ":0,"ROA":20.057335346325,"HOLDER_PROFIT_QOQ":0,"ROE_YEARLY":26.213232358946,"ROIC_YEARLY":35.038226707625,"TOTAL_ASSETS":181110948.67,"TOTAL_LIABILITIES":38837564.65,"TAX_EBT":-16.694168718743,"OCF_SALES":36.404093216287,"TOTAL_PARENT_EQUITY":142273384.02,"DEBT_ASSET_RATIO":21.4440733347,"OPERATE_PROFIT":35405082.04,"PRETAX_PROFIT":34483275.31,"NETCASH_OPERATE":62659221.57,"NETCASH_INVEST":-8215722.85,"NETCASH_FINANCE":-90034167.68,"END_CASH":59360676.69,"DIVI_RATIO":null,"DIVIDEND_RATE":null,"CURRENT_RATIO":3.956902295717,"COMMON_ACS":2000000000,"CURRENTDEBT_DEBT":74.423532063564,"ISSUED_COMMON_SHARES":367380000,"HK_COMMON_SHARES":367380000,"PER_SHARES":2000,"TOTAL_MARKET_CAP":76047660,"HKSK_MARKET_CAP":76047660,"PE_TTM":-15.989835996636,"PB_TTM":0.471160496887,"REPORT_DATE_SQ":"2021-12-31 00:00:00","REPORT_TYPE_SQ":"2021年年报","OPERATE_INCOME_SQ":202188037.04,"DPS_HKD":null,"OPERATE_INCOME_QOQ_SQ":0,"NET_PROFIT_RATIO_SQ":57.2036549755,"HOLDER_PROFIT_SQ":115658947.11,"HOLDER_PROFIT_QOQ_SQ":0,"ROE_AVG_SQ":44.83593388939,"PE_TTM_SQ":3.244215330978,"PB_TTM_SQ":0.851943115973,"ROA_SQ":33.525080750189,"START_DATE":"2022-04-01 00:00:00","FISCAL_YEAR":"3-31","CURRENCY":"HKD","IS_CNY_CODE":0,"DPS_HKD_LY":0.195,"ORG_TYPE":"一般企业","PREMIUM_INCOME":null,"PREMIUM_INCOME_YOY":null,"NET_INTEREST_INCOME":null,"NET_INTEREST_INCOME_YOY":null,"FEE_COMMISSION_INCOME":null,"FEE_COMMISSION_INCOME_YOY":null,"ACCOUNTS_RECE_TDAYS":87.037627268703,"INVENTORY_TDAYS":1.207525670409,"CURRENT_ASSETS_TDAYS":1.281328914913,"TOTAL_ASSETS_TDAYS":0.857927026154,"PREMIUM_EXPENSE":null,"LOAN_DEPOSIT":null,"LOAN_EQUITY":null,"LOAN_ASSETS":null,"DEPOSIT_EQUITY":null,"DEPOSIT_ASSETS":null,"EQUITY_MULTIPLIER":1.272978427536,"EQUITY_RATIO":0.272978427536},{"SECUCODE":"00483.HK","SECURITY_CODE":"00483","SECURITY_NAME_ABBR":"包浩斯国际","ORG_CODE":"10008922","STD_REPORT_DATE":"2022-06-30 00:00:00","REPORT_DATE":"2022-09-30 00:00:00","DATE_TYPE_CODE":"002","REPORT_TYPE":"2022年中报","PER_NETCASH_OPERATE":0.054254583048,"PER_OI":0.197345568186,"BPS":0.32852358811,"BASIC_EPS":0.01447104,"DILUTED_EPS":0.01447104,"OPERATE_INCOME":72500814.84,"OPERATE_INCOME_YOY":-31.3378502231,"GROSS_PROFIT":47734534.32,"GROSS_PROFIT_YOY":-19.092604471355,"HOLDER_PROFIT":5308158.36,"HOLDER_PROFIT_YOY":-82.771172758,"GROSS_PROFIT_RATIO":65.839997006025,"EPS_TTM":0.31482102213,"OPERATE_INCOME_QOQ":0,"NET_PROFIT_RATIO":7.3215154502,"ROE_AVG":3.649433060046,"GROSS_PROFIT_QOQ":0,"ROA":2.761005327719,"HOLDER_PROFIT_QOQ":0,"ROE_YEARLY":7.298866120091,"ROIC_YEARLY":9.241428177774,"TOTAL_ASSETS":157070477.04,"TOTAL_LIABILITIES":36377481.24,"TAX_EBT":1.938178780284,"OCF_SALES":27.492172003842,"TOTAL_PARENT_EQUITY":120692995.8,"DEBT_ASSET_RATIO":23.1599737427,"OPERATE_PROFIT":5864388.96,"PRETAX_PROFIT":5413073.4,"NETCASH_OPERATE":19932048.72,"NETCASH_INVEST":-7619002.56,"NETCASH_FINANCE":-71242738.8,"END_CASH":38836653.6,"DIVI_RATIO":null,"DIVIDEND_RATE":null,"CURRENT_RATIO":3.051118120881,"COMMON_ACS":2000000000,"CURRENTDEBT_DEBT":88.277268093782,"ISSUED_COMMON_SHARES":367380000,"HK_COMMON_SHARES":367380000,"PER_SHARES":2000,"TOTAL_MARKET_CAP":76047660,"HKSK_MARKET_CAP":76047660,"PE_TTM":-15.989835996636,"PB_TTM":0.471160496887,"REPORT_DATE_SQ":"2021-06-30 00:00:00","REPORT_TYPE_SQ":"2021年中报","OPERATE_INCOME_SQ":97257255.82,"DPS_HKD":null,"OPERATE_INCOME_QOQ_SQ":0,"NET_PROFIT_RATIO_SQ":29.1784799609,"HOLDER_PROFIT_SQ":28378188.9,"HOLDER_PROFIT_QOQ_SQ":0,"ROE_AVG_SQ":9.573109300375,"PE_TTM_SQ":3.244215330978,"PB_TTM_SQ":0.851943115973,"ROA_SQ":7.058406683575,"START_DATE":"2022-04-01 00:00:00","FISCAL_YEAR":"3-31","CURRENCY":"HKD","IS_CNY_CODE":0,"DPS_HKD_LY":0.195,"ORG_TYPE":"一般企业","PREMIUM_INCOME":null,"PREMIUM_INCOME_YOY":null,"NET_INTEREST_INCOME":null,"NET_INTEREST_INCOME_YOY":null,"FEE_COMMISSION_INCOME":null,"FEE_COMMISSION_INCOME_YOY":null,"ACCOUNTS_RECE_TDAYS":35.603375527426,"INVENTORY_TDAYS":0.651813237167,"CURRENT_ASSETS_TDAYS":0.563361573682,"TOTAL_ASSETS_TDAYS":0.377108447905,"PREMIUM_EXPENSE":null,"LOAN_DEPOSIT":null,"LOAN_EQUITY":null,"LOAN_ASSETS":null,"DEPOSIT_EQUITY":null,"DEPOSIT_ASSETS":null,"EQUITY_MULTIPLIER":1.301405073251,"EQUITY_RATIO":0.301405073251},{"SECUCODE":"00483.HK","SECURITY_CODE":"00483","SECURITY_NAME_ABBR":"包浩斯国际","ORG_CODE":"10008922","STD_REPORT_DATE":"2021-12-31 00:00:00","REPORT_DATE":"2022-03-31 00:00:00","DATE_TYPE_CODE":"001","REPORT_TYPE":"2021年年报","PER_NETCASH_OPERATE":0.131300704393,"PER_OI":0.550351235887,"BPS":0.415447808645,"BASIC_EPS":0.31467188,"DILUTED_EPS":0.31467188,"OPERATE_INCOME":202188037.04,"OPERATE_INCOME_YOY":-32.964414974,"GROSS_PROFIT":129472880.44,"GROSS_PROFIT_YOY":-36.326158493645,"HOLDER_PROFIT":115658947.11,"HOLDER_PROFIT_YOY":42.9870559572,"GROSS_PROFIT_RATIO":64.035875878446,"EPS_TTM":0.396565009309,"OPERATE_INCOME_QOQ":0,"NET_PROFIT_RATIO":57.2036549755,"ROE_AVG":44.83593388939,"GROSS_PROFIT_QOQ":0,"ROA":33.525080750189,"HOLDER_PROFIT_QOQ":0,"ROE_YEARLY":44.83593388939,"ROIC_YEARLY":59.969470913265,"TOTAL_ASSETS":203943873.69,"TOTAL_LIABILITIES":51316657.75,"TAX_EBT":0.263658488824,"OCF_SALES":23.857619613003,"TOTAL_PARENT_EQUITY":152627215.94,"DEBT_ASSET_RATIO":25.1621472229,"OPERATE_PROFIT":118531544.53,"PRETAX_PROFIT":115964697.88,"NETCASH_OPERATE":48237252.78,"NETCASH_INVEST":201339720.58,"NETCASH_FINANCE":-377903085.66,"END_CASH":87966199.65,"DIVI_RATIO":null,"DIVIDEND_RATE":null,"CURRENT_RATIO":3.144983137346,"COMMON_ACS":2000000000,"CURRENTDEBT_DEBT":88.567364677993,"ISSUED_COMMON_SHARES":367380000,"HK_COMMON_SHARES":367380000,"PER_SHARES":2000,"TOTAL_MARKET_CAP":76047660,"HKSK_MARKET_CAP":76047660,"PE_TTM":-15.989835996636,"PB_TTM":0.471160496887,"REPORT_DATE_SQ":"2020-12-31 00:00:00","REPORT_TYPE_SQ":"2020年年报","OPERATE_INCOME_SQ":314320751.64,"DPS_HKD":null,"OPERATE_INCOME_QOQ_SQ":0,"NET_PROFIT_RATIO_SQ":26.8183749308,"HOLDER_PROFIT_SQ":84295717.66,"HOLDER_PROFIT_QOQ_SQ":0,"ROE_AVG_SQ":20.273581655251,"PE_TTM_SQ":3.244215330978,"PB_TTM_SQ":0.851943115973,"ROA_SQ":13.405285529477,"START_DATE":"2021-04-01 00:00:00","FISCAL_YEAR":"3-31","CURRENCY":"HKD","IS_CNY_CODE":0,"DPS_HKD_LY":0.71,"ORG_TYPE":"一般企业","PREMIUM_INCOME":null,"PREMIUM_INCOME_YOY":null,"NET_INTEREST_INCOME":null,"NET_INTEREST_INCOME_YOY":null,"FEE_COMMISSION_INCOME":null,"FEE_COMMISSION_INCOME_YOY":null,"ACCOUNTS_RECE_TDAYS":107.620979926613,"INVENTORY_TDAYS":1.522719360071,"CURRENT_ASSETS_TDAYS":0.925970015098,"TOTAL_ASSETS_TDAYS":0.586065361813,"PREMIUM_EXPENSE":null,"LOAN_DEPOSIT":null,"LOAN_EQUITY":null,"LOAN_ASSETS":null,"DEPOSIT_EQUITY":null,"DEPOSIT_ASSETS":null,"EQUITY_MULTIPLIER":1.336222196244,"EQUITY_RATIO":0.336222196244},{"SECUCODE":"00483.HK","SECURITY_CODE":"00483","SECURITY_NAME_ABBR":"包浩斯国际","ORG_CODE":"10008922","STD_REPORT_DATE":"2021-06-30 00:00:00","REPORT_DATE":"2021-09-30 00:00:00","DATE_TYPE_CODE":"002","REPORT_TYPE":"2021年中报","PER_NETCASH_OPERATE":0.051804912516,"PER_OI":0.264732037182,"BPS":0.598024064293,"BASIC_EPS":0.07747458,"DILUTED_EPS":0.07747458,"OPERATE_INCOME":97257255.82,"OPERATE_INCOME_YOY":-31.5856710051,"GROSS_PROFIT":58998975.32,"GROSS_PROFIT_YOY":-39.675880796188,"HOLDER_PROFIT":28378188.9,"HOLDER_PROFIT_YOY":190.6635083704,"GROSS_PROFIT_RATIO":60.662800757193,"EPS_TTM":0.22945102526,"OPERATE_INCOME_QOQ":0,"NET_PROFIT_RATIO":29.1784799609,"ROE_AVG":9.573109300375,"GROSS_PROFIT_QOQ":0,"ROA":7.058406683575,"HOLDER_PROFIT_QOQ":0,"ROE_YEARLY":19.14621860075,"ROIC_YEARLY":25.070698781791,"TOTAL_ASSETS":304840812.74,"TOTAL_LIABILITIES":85138732,"TAX_EBT":0.368518031061,"OCF_SALES":19.568811190009,"TOTAL_PARENT_EQUITY":219702080.74,"DEBT_ASSET_RATIO":27.9289151721,"OPERATE_PROFIT":30343377.44,"PRETAX_PROFIT":28483154.46,"NETCASH_OPERATE":19032088.76,"NETCASH_INVEST":98547665.76,"NETCASH_FINANCE":-209376302.04,"END_CASH":129152624.04,"DIVI_RATIO":null,"DIVIDEND_RATE":null,"CURRENT_RATIO":2.91658961828,"COMMON_ACS":2000000000,"CURRENTDEBT_DEBT":88.896281800391,"ISSUED_COMMON_SHARES":367380000,"HK_COMMON_SHARES":367380000,"PER_SHARES":2000,"TOTAL_MARKET_CAP":76047660,"HKSK_MARKET_CAP":76047660,"PE_TTM":-15.989835996636,"PB_TTM":0.471160496887,"REPORT_DATE_SQ":"2020-06-30 00:00:00","REPORT_TYPE_SQ":"2020年中报","OPERATE_INCOME_SQ":149950931.84,"DPS_HKD":null,"OPERATE_INCOME_QOQ_SQ":0,"NET_PROFIT_RATIO_SQ":-22.0179669142,"HOLDER_PROFIT_SQ":-33016146.56,"HOLDER_PROFIT_QOQ_SQ":0,"ROE_AVG_SQ":-8.231542672113,"PE_TTM_SQ":3.244215330978,"PB_TTM_SQ":0.851943115973,"ROA_SQ":-4.796622589433,"START_DATE":"2021-04-01 00:00:00","FISCAL_YEAR":"3-31","CURRENCY":"HKD","IS_CNY_CODE":0,"DPS_HKD_LY":0.71,"ORG_TYPE":"一般企业","PREMIUM_INCOME":null,"PREMIUM_INCOME_YOY":null,"NET_INTEREST_INCOME":null,"NET_INTEREST_INCOME_YOY":null,"FEE_COMMISSION_INCOME":null,"FEE_COMMISSION_INCOME_YOY":null,"ACCOUNTS_RECE_TDAYS":34.176522248244,"INVENTORY_TDAYS":0.649998584652,"CURRENT_ASSETS_TDAYS":0.372279380932,"TOTAL_ASSETS_TDAYS":0.24190453694,"PREMIUM_EXPENSE":null,"LOAN_DEPOSIT":null,"LOAN_EQUITY":null,"LOAN_ASSETS":null,"DEPOSIT_EQUITY":null,"DEPOSIT_ASSETS":null,"EQUITY_MULTIPLIER":1.387519006253,"EQUITY_RATIO":0.387519006253},{"SECUCODE":"00483.HK","SECURITY_CODE":"00483","SECURITY_NAME_ABBR":"包浩斯国际","ORG_CODE":"10008922","STD_REPORT_DATE":"2020-12-31 00:00:00","REPORT_DATE":"2021-03-31 00:00:00","DATE_TYPE_CODE":"001","REPORT_TYPE":"2020年年报","PER_NETCASH_OPERATE":0.365664925363,"PER_OI":0.855573933366,"BPS":1.030540778921,"BASIC_EPS":0.22904378,"DILUTED_EPS":0.22904378,"OPERATE_INCOME":314320751.64,"OPERATE_INCOME_YOY":-58.0873577312,"GROSS_PROFIT":203337630.3,"GROSS_PROFIT_YOY":-58.350064977421,"HOLDER_PROFIT":84295717.66,"HOLDER_PROFIT_YOY":157.7847173539,"GROSS_PROFIT_RATIO":64.691124985883,"EPS_TTM":-0.285410028581,"OPERATE_INCOME_QOQ":0,"NET_PROFIT_RATIO":26.8183749308,"ROE_AVG":20.273581655251,"GROSS_PROFIT_QOQ":0,"ROA":13.405285529477,"HOLDER_PROFIT_QOQ":0,"ROE_YEARLY":20.273581655251,"ROIC_YEARLY":22.184211901852,"TOTAL_ASSETS":506518909.54,"TOTAL_LIABILITIES":127918838.18,"TAX_EBT":-1.923253793879,"OCF_SALES":42.739138150783,"TOTAL_PARENT_EQUITY":378600071.36,"DEBT_ASSET_RATIO":25.2545039821,"OPERATE_PROFIT":120244603.78,"PRETAX_PROFIT":82705088.9,"NETCASH_OPERATE":127129440.06,"NETCASH_INVEST":41759498.62,"NETCASH_FINANCE":-215766002.2,"END_CASH":225405280.1,"DIVI_RATIO":null,"DIVIDEND_RATE":null,"CURRENT_RATIO":3.672357682364,"COMMON_ACS":2000000000,"CURRENTDEBT_DEBT":65.169704858243,"ISSUED_COMMON_SHARES":367380000,"HK_COMMON_SHARES":367380000,"PER_SHARES":2000,"TOTAL_MARKET_CAP":76047660,"HKSK_MARKET_CAP":76047660,"PE_TTM":-15.989835996636,"PB_TTM":0.471160496887,"REPORT_DATE_SQ":"2019-12-31 00:00:00","REPORT_TYPE_SQ":"2019年年报","OPERATE_INCOME_SQ":810741542.9,"DPS_HKD":null,"OPERATE_INCOME_QOQ_SQ":0,"NET_PROFIT_RATIO_SQ":-19.4520109499,"HOLDER_PROFIT_SQ":-157705533.7,"HOLDER_PROFIT_QOQ_SQ":0,"ROE_AVG_SQ":-27.017368655025,"PE_TTM_SQ":3.244215330978,"PB_TTM_SQ":0.851943115973,"ROA_SQ":-19.715925543684,"START_DATE":"2020-04-01 00:00:00","FISCAL_YEAR":"3-31","CURRENCY":"HKD","IS_CNY_CODE":0,"DPS_HKD_LY":0.305,"ORG_TYPE":"一般企业","PREMIUM_INCOME":null,"PREMIUM_INCOME_YOY":null,"NET_INTEREST_INCOME":null,"NET_INTEREST_INCOME_YOY":null,"FEE_COMMISSION_INCOME":null,"FEE_COMMISSION_INCOME_YOY":null,"ACCOUNTS_RECE_TDAYS":51.186841924162,"INVENTORY_TDAYS":1.431001601953,"CURRENT_ASSETS_TDAYS":0.893811541503,"TOTAL_ASSETS_TDAYS":0.499854505133,"PREMIUM_EXPENSE":null,"LOAN_DEPOSIT":null,"LOAN_EQUITY":null,"LOAN_ASSETS":null,"DEPOSIT_EQUITY":null,"DEPOSIT_ASSETS":null,"EQUITY_MULTIPLIER":1.337873254277,"EQUITY_RATIO":0.337873254277},{"SECUCODE":"00483.HK","SECURITY_CODE":"00483","SECURITY_NAME_ABBR":"包浩斯国际","ORG_CODE":"10008922","STD_REPORT_DATE":"2020-06-30 00:00:00","REPORT_DATE":"2020-09-30 00:00:00","DATE_TYPE_CODE":"002","REPORT_TYPE":"2020年中报","PER_NETCASH_OPERATE":0.099556215798,"PER_OI":0.408163024226,"BPS":0.901595709293,"BASIC_EPS":-0.08962944,"DILUTED_EPS":-0.08962944,"OPERATE_INCOME":149950931.84,"OPERATE_INCOME_YOY":-58.4601378276,"GROSS_PROFIT":97803293.44,"GROSS_PROFIT_YOY":-54.804647660139,"HOLDER_PROFIT":-33016146.56,"HOLDER_PROFIT_YOY":60.5309046599,"GROSS_PROFIT_RATIO":65.223531617901,"EPS_TTM":-0.429270874027,"OPERATE_INCOME_QOQ":0,"NET_PROFIT_RATIO":-22.0179669142,"ROE_AVG":-8.231542672113,"GROSS_PROFIT_QOQ":0,"ROA":-4.796622589433,"HOLDER_PROFIT_QOQ":0,"ROE_YEARLY":-16.463085344226,"ROIC_YEARLY":-14.224478573653,"TOTAL_ASSETS":595703619.84,"TOTAL_LIABILITIES":264475388.16,"TAX_EBT":2.171479157445,"OCF_SALES":24.391287277245,"TOTAL_PARENT_EQUITY":331228231.68,"DEBT_ASSET_RATIO":44.3971430342,"OPERATE_PROFIT":null,"PRETAX_PROFIT":-33748999.04,"NETCASH_OPERATE":36574962.56,"NETCASH_INVEST":-15478652.8,"NETCASH_FINANCE":-142576713.6,"END_CASH":165122032.64,"DIVI_RATIO":null,"DIVIDEND_RATE":null,"CURRENT_RATIO":1.642235251439,"COMMON_ACS":2000000000,"CURRENTDEBT_DEBT":67.774388825761,"ISSUED_COMMON_SHARES":367380000,"HK_COMMON_SHARES":367380000,"PER_SHARES":2000,"TOTAL_MARKET_CAP":76047660,"HKSK_MARKET_CAP":76047660,"PE_TTM":-15.989835996636,"PB_TTM":0.471160496887,"REPORT_DATE_SQ":"2019-06-30 00:00:00","REPORT_TYPE_SQ":"2019年中报","OPERATE_INCOME_SQ":370548414.03,"DPS_HKD":null,"OPERATE_INCOME_QOQ_SQ":0,"NET_PROFIT_RATIO_SQ":-23.1731511211,"HOLDER_PROFIT_SQ":-85867743.96,"HOLDER_PROFIT_QOQ_SQ":0,"ROE_AVG_SQ":-13.981626313586,"PE_TTM_SQ":3.244215330978,"PB_TTM_SQ":0.851943115973,"ROA_SQ":-9.683980730917,"START_DATE":"2020-04-01 00:00:00","FISCAL_YEAR":"3-31","CURRENCY":"HKD","IS_CNY_CODE":0,"DPS_HKD_LY":0.305,"ORG_TYPE":"一般企业","PREMIUM_INCOME":null,"PREMIUM_INCOME_YOY":null,"NET_INTEREST_INCOME":null,"NET_INTEREST_INCOME_YOY":null,"FEE_COMMISSION_INCOME":null,"FEE_COMMISSION_INCOME_YOY":null,"ACCOUNTS_RECE_TDAYS":16.770379833915,"INVENTORY_TDAYS":0.53497218992,"CURRENT_ASSETS_TDAYS":0.42400351831,"TOTAL_ASSETS_TDAYS":0.21785038592,"PREMIUM_EXPENSE":null,"LOAN_DEPOSIT":null,"LOAN_EQUITY":null,"LOAN_ASSETS":null,"DEPOSIT_EQUITY":null,"DEPOSIT_ASSETS":null,"EQUITY_MULTIPLIER":1.798468738063,"EQUITY_RATIO":0.798468738062}],"count":43},"success":true,"message":"ok","code":0}