{"version":"8846f8aa0ed8212057d1a4084fa8e2f8","result":{"pages":6,"data":[{"SECUCODE":"00487.HK","SECURITY_CODE":"00487","SECURITY_NAME_ABBR":"实德环球","ORG_CODE":"10008924","STD_REPORT_DATE":"2024-06-30 00:00:00","REPORT_DATE":"2024-06-30 00:00:00","DATE_TYPE_CODE":"002","REPORT_TYPE":"2024年中报","PER_NETCASH_OPERATE":-0.001686789049,"PER_OI":0.00602427307,"BPS":0.157617977929,"BASIC_EPS":-0.006571296,"DILUTED_EPS":-0.006571296,"OPERATE_INCOME":29678528.24,"OPERATE_INCOME_YOY":-52.489626556,"GROSS_PROFIT":8114637.88,"GROSS_PROFIT_YOY":17.711871087706,"HOLDER_PROFIT":-32375497.64,"HOLDER_PROFIT_YOY":-123.060770751,"GROSS_PROFIT_RATIO":27.341779937266,"EPS_TTM":-0.004216834277,"OPERATE_INCOME_QOQ":-36.197826448792,"NET_PROFIT_RATIO":-109.0872747401,"ROE_AVG":-4.081674921569,"GROSS_PROFIT_QOQ":8.030442758329,"ROA":-2.581287864207,"HOLDER_PROFIT_QOQ":-113.540387038271,"ROE_YEARLY":-8.163349843139,"ROIC_YEARLY":-5.396013266042,"TOTAL_ASSETS":1241169960.24,"TOTAL_LIABILITIES":464666379.64,"TAX_EBT":null,"OCF_SALES":-27.999876991205,"TOTAL_PARENT_EQUITY":776503580.6,"DEBT_ASSET_RATIO":37.4377719833,"OPERATE_PROFIT":-72658454.8,"PRETAX_PROFIT":-32375497.64,"NETCASH_OPERATE":-8309951.4,"NETCASH_INVEST":22877236.88,"NETCASH_FINANCE":-10248483.72,"END_CASH":56142597.52,"DIVI_RATIO":null,"DIVIDEND_RATE":null,"CURRENT_RATIO":1.074114824336,"COMMON_ACS":160000000000,"CURRENTDEBT_DEBT":57.304423489019,"ISSUED_COMMON_SHARES":4926491196,"HK_COMMON_SHARES":4926491196,"PER_SHARES":4000,"TOTAL_MARKET_CAP":443384207.64,"HKSK_MARKET_CAP":443384207.64,"PE_TTM":-22.173645111022,"PB_TTM":0.521141059409,"REPORT_DATE_SQ":"2023-06-30 00:00:00","REPORT_TYPE_SQ":"2023年中报","OPERATE_INCOME_SQ":63103999.12,"DPS_HKD":null,"OPERATE_INCOME_QOQ_SQ":16.059416337459,"NET_PROFIT_RATIO_SQ":224.7443165215,"HOLDER_PROFIT_SQ":141822651.52,"HOLDER_PROFIT_QOQ_SQ":97.147891995546,"ROE_AVG_SQ":19.315014138695,"PE_TTM_SQ":-36.712898544006,"PB_TTM_SQ":0.32714409947,"ROA_SQ":11.769193014107,"START_DATE":"2024-01-01 00:00:00","FISCAL_YEAR":"12-31","CURRENCY":"HKD","IS_CNY_CODE":0,"DPS_HKD_LY":null,"ORG_TYPE":"一般企业","PREMIUM_INCOME":null,"PREMIUM_INCOME_YOY":null,"NET_INTEREST_INCOME":null,"NET_INTEREST_INCOME_YOY":null,"FEE_COMMISSION_INCOME":null,"FEE_COMMISSION_INCOME_YOY":null,"ACCOUNTS_RECE_TDAYS":1.923061001212,"INVENTORY_TDAYS":0.273777520278,"CURRENT_ASSETS_TDAYS":0.097888288505,"TOTAL_ASSETS_TDAYS":0.023662593738,"PREMIUM_EXPENSE":null,"LOAN_DEPOSIT":null,"LOAN_EQUITY":null,"LOAN_ASSETS":null,"DEPOSIT_EQUITY":null,"DEPOSIT_ASSETS":null,"EQUITY_MULTIPLIER":1.5984085473,"EQUITY_RATIO":0.5984085473},{"SECUCODE":"00487.HK","SECURITY_CODE":"00487","SECURITY_NAME_ABBR":"实德环球","ORG_CODE":"10008924","STD_REPORT_DATE":"2023-12-31 00:00:00","REPORT_DATE":"2023-12-31 00:00:00","DATE_TYPE_CODE":"001","REPORT_TYPE":"2023年年报","PER_NETCASH_OPERATE":-0.00319720653,"PER_OI":0.018743786534,"BPS":0.163229156835,"BASIC_EPS":0.031173968,"DILUTED_EPS":0.031173968,"OPERATE_INCOME":92341099.34,"OPERATE_INCOME_YOY":-11.2225339351,"GROSS_PROFIT":15204559.16,"GROSS_PROFIT_YOY":37.00286252286,"HOLDER_PROFIT":153423952.22,"HOLDER_PROFIT_YOY":158.9751003233,"GROSS_PROFIT_RATIO":16.465646682434,"EPS_TTM":0.031142642119,"OPERATE_INCOME_QOQ":-22.397938787936,"NET_PROFIT_RATIO":166.1491506129,"ROE_AVG":21.073995676931,"GROSS_PROFIT_QOQ":12.939711613362,"ROA":12.730776866067,"HOLDER_PROFIT_QOQ":2197.74944505586,"ROE_YEARLY":21.073995676931,"ROIC_YEARLY":13.792055643651,"TOTAL_ASSETS":1258336312.1,"TOTAL_LIABILITIES":454189308.02,"TAX_EBT":null,"OCF_SALES":-17.057420728775,"TOTAL_PARENT_EQUITY":804147004.08,"DEBT_ASSET_RATIO":36.0944291008,"OPERATE_PROFIT":46974819.92,"PRETAX_PROFIT":153423952.22,"NETCASH_OPERATE":-15751009.82,"NETCASH_INVEST":3912151.74,"NETCASH_FINANCE":-69157273.08,"END_CASH":52006153.36,"DIVI_RATIO":null,"DIVIDEND_RATE":null,"CURRENT_RATIO":1.070477299966,"COMMON_ACS":160000000000,"CURRENTDEBT_DEBT":65.425556324834,"ISSUED_COMMON_SHARES":4926491196,"HK_COMMON_SHARES":4926491196,"PER_SHARES":4000,"TOTAL_MARKET_CAP":330074910.132,"HKSK_MARKET_CAP":330074910.132,"PE_TTM":-16.507046915983,"PB_TTM":0.387960566449,"REPORT_DATE_SQ":"2022-12-31 00:00:00","REPORT_TYPE_SQ":"2022年年报","OPERATE_INCOME_SQ":102527744.06,"DPS_HKD":null,"OPERATE_INCOME_QOQ_SQ":-27.161416394443,"NET_PROFIT_RATIO_SQ":-250.1106483821,"HOLDER_PROFIT_SQ":-256432805.44,"HOLDER_PROFIT_QOQ_SQ":-331.561018326869,"ROE_AVG_SQ":-33.244972524768,"PE_TTM_SQ":-37.345879553386,"PB_TTM_SQ":0.332784514978,"ROA_SQ":-21.584466390249,"START_DATE":"2023-01-01 00:00:00","FISCAL_YEAR":"12-31","CURRENCY":"HKD","IS_CNY_CODE":0,"DPS_HKD_LY":null,"ORG_TYPE":"一般企业","PREMIUM_INCOME":null,"PREMIUM_INCOME_YOY":null,"NET_INTEREST_INCOME":null,"NET_INTEREST_INCOME_YOY":null,"FEE_COMMISSION_INCOME":null,"FEE_COMMISSION_INCOME_YOY":null,"ACCOUNTS_RECE_TDAYS":5.978818283166,"INVENTORY_TDAYS":0.898353562005,"CURRENT_ASSETS_TDAYS":0.28653861566,"TOTAL_ASSETS_TDAYS":0.076622581693,"PREMIUM_EXPENSE":null,"LOAN_DEPOSIT":null,"LOAN_EQUITY":null,"LOAN_ASSETS":null,"DEPOSIT_EQUITY":null,"DEPOSIT_ASSETS":null,"EQUITY_MULTIPLIER":1.564808804505,"EQUITY_RATIO":0.564808804504},{"SECUCODE":"00487.HK","SECURITY_CODE":"00487","SECURITY_NAME_ABBR":"实德环球","ORG_CODE":"10008924","STD_REPORT_DATE":"2023-06-30 00:00:00","REPORT_DATE":"2023-06-30 00:00:00","DATE_TYPE_CODE":"002","REPORT_TYPE":"2023年中报","PER_NETCASH_OPERATE":-0.000993004085,"PER_OI":0.012809116389,"BPS":0.163459588868,"BASIC_EPS":0.028765776,"DILUTED_EPS":0.028765776,"OPERATE_INCOME":63103999.12,"OPERATE_INCOME_YOY":25.5024204195,"GROSS_PROFIT":6893644.46,"GROSS_PROFIT_YOY":52.2082842918,"HOLDER_PROFIT":141822651.52,"HOLDER_PROFIT_YOY":222.603116407,"GROSS_PROFIT_RATIO":10.924259248437,"EPS_TTM":-0.001484573965,"OPERATE_INCOME_QOQ":16.059416337459,"NET_PROFIT_RATIO":224.7443165215,"ROE_AVG":19.315014138695,"GROSS_PROFIT_QOQ":21.306191211002,"ROA":11.769193014107,"HOLDER_PROFIT_QOQ":97.147891995546,"ROE_YEARLY":38.63002827739,"ROIC_YEARLY":25.356050216268,"TOTAL_ASSETS":1238084530.92,"TOTAL_LIABILITIES":432802305.46,"TAX_EBT":null,"OCF_SALES":-7.752323067033,"TOTAL_PARENT_EQUITY":805282225.46,"DEBT_ASSET_RATIO":34.9574116025,"OPERATE_PROFIT":86622786.94,"PRETAX_PROFIT":141822651.52,"NETCASH_OPERATE":-4892025.88,"NETCASH_INVEST":1160772.82,"NETCASH_FINANCE":-95584432.54,"END_CASH":36984305.72,"DIVI_RATIO":null,"DIVIDEND_RATE":null,"CURRENT_RATIO":1.227132731203,"COMMON_ACS":160000000000,"CURRENTDEBT_DEBT":63.56366378585,"ISSUED_COMMON_SHARES":4926491196,"HK_COMMON_SHARES":4926491196,"PER_SHARES":4000,"TOTAL_MARKET_CAP":330074910.132,"HKSK_MARKET_CAP":330074910.132,"PE_TTM":-16.507046915983,"PB_TTM":0.387960566449,"REPORT_DATE_SQ":"2022-06-30 00:00:00","REPORT_TYPE_SQ":"2022年中报","OPERATE_INCOME_SQ":46638641.84,"DPS_HKD":null,"OPERATE_INCOME_QOQ_SQ":13.916948874254,"NET_PROFIT_RATIO_SQ":-230.0590435676,"HOLDER_PROFIT_SQ":-107296413.35,"HOLDER_PROFIT_QOQ_SQ":-1595.69689686538,"ROE_AVG_SQ":-13.280218808977,"PE_TTM_SQ":-37.345879553386,"PB_TTM_SQ":0.332784514978,"ROA_SQ":-9.431547517251,"START_DATE":"2023-01-01 00:00:00","FISCAL_YEAR":"12-31","CURRENCY":"HKD","IS_CNY_CODE":0,"DPS_HKD_LY":null,"ORG_TYPE":"一般企业","PREMIUM_INCOME":null,"PREMIUM_INCOME_YOY":null,"NET_INTEREST_INCOME":null,"NET_INTEREST_INCOME_YOY":null,"FEE_COMMISSION_INCOME":null,"FEE_COMMISSION_INCOME_YOY":null,"ACCOUNTS_RECE_TDAYS":3.246869070209,"INVENTORY_TDAYS":0.600660098522,"CURRENT_ASSETS_TDAYS":0.188455438566,"TOTAL_ASSETS_TDAYS":0.052367032885,"PREMIUM_EXPENSE":null,"LOAN_DEPOSIT":null,"LOAN_EQUITY":null,"LOAN_ASSETS":null,"DEPOSIT_EQUITY":null,"DEPOSIT_ASSETS":null,"EQUITY_MULTIPLIER":1.537454189075,"EQUITY_RATIO":0.537454189074},{"SECUCODE":"00487.HK","SECURITY_CODE":"00487","SECURITY_NAME_ABBR":"实德环球","ORG_CODE":"10008924","STD_REPORT_DATE":"2022-12-31 00:00:00","REPORT_DATE":"2022-12-31 00:00:00","DATE_TYPE_CODE":"001","REPORT_TYPE":"2022年年报","PER_NETCASH_OPERATE":-0.004043248417,"PER_OI":0.020811514723,"BPS":0.130435059759,"BASIC_EPS":-0.052077641,"DILUTED_EPS":-0.052077641,"OPERATE_INCOME":102527744.06,"OPERATE_INCOME_YOY":-24.0534639052,"GROSS_PROFIT":11097986.48,"GROSS_PROFIT_YOY":53.689517880187,"HOLDER_PROFIT":-256432805.44,"HOLDER_PROFIT_YOY":-6008.0469232352,"GROSS_PROFIT_RATIO":10.824374008956,"EPS_TTM":-0.052051814413,"OPERATE_INCOME_QOQ":-27.161416394443,"NET_PROFIT_RATIO":-250.1106483821,"ROE_AVG":-33.244972524768,"GROSS_PROFIT_QOQ":35.305981695275,"ROA":-21.584466390249,"HOLDER_PROFIT_QOQ":-331.561018326869,"ROE_YEARLY":-33.244972524768,"ROIC_YEARLY":-23.309784446692,"TOTAL_ASSETS":1135486413.39,"TOTAL_LIABILITIES":492899239.84,"TAX_EBT":null,"OCF_SALES":-19.427939152102,"TOTAL_PARENT_EQUITY":642587173.55,"DEBT_ASSET_RATIO":43.4086426775,"OPERATE_PROFIT":-207142166.84,"PRETAX_PROFIT":-256432805.44,"NETCASH_OPERATE":-19919027.73,"NETCASH_INVEST":-27387658.2,"NETCASH_FINANCE":135618931.21,"END_CASH":131554552.71,"DIVI_RATIO":null,"DIVIDEND_RATE":null,"CURRENT_RATIO":1.073260990042,"COMMON_ACS":160000000000,"CURRENTDEBT_DEBT":60.824006147244,"ISSUED_COMMON_SHARES":4926491196,"HK_COMMON_SHARES":4926491196,"PER_SHARES":4000,"TOTAL_MARKET_CAP":330074910.132,"HKSK_MARKET_CAP":330074910.132,"PE_TTM":-16.507046915983,"PB_TTM":0.387960566449,"REPORT_DATE_SQ":"2021-12-31 00:00:00","REPORT_TYPE_SQ":"2021年年报","OPERATE_INCOME_SQ":123563888,"DPS_HKD":null,"OPERATE_INCOME_QOQ_SQ":302.421414745701,"NET_PROFIT_RATIO_SQ":3.2151128168,"HOLDER_PROFIT_SQ":3972718.4,"HOLDER_PROFIT_QOQ_SQ":109.33650152192,"ROE_AVG_SQ":0.483482346526,"PE_TTM_SQ":-37.345879553386,"PB_TTM_SQ":0.332784514978,"ROA_SQ":0.350079108224,"START_DATE":"2022-01-01 00:00:00","FISCAL_YEAR":"12-31","CURRENCY":"HKD","IS_CNY_CODE":0,"DPS_HKD_LY":null,"ORG_TYPE":"一般企业","PREMIUM_INCOME":null,"PREMIUM_INCOME_YOY":null,"NET_INTEREST_INCOME":null,"NET_INTEREST_INCOME_YOY":null,"FEE_COMMISSION_INCOME":null,"FEE_COMMISSION_INCOME_YOY":null,"ACCOUNTS_RECE_TDAYS":8.108367772244,"INVENTORY_TDAYS":0.965603773585,"CURRENT_ASSETS_TDAYS":0.28747143206,"TOTAL_ASSETS_TDAYS":0.086299669886,"PREMIUM_EXPENSE":null,"LOAN_DEPOSIT":null,"LOAN_EQUITY":null,"LOAN_ASSETS":null,"DEPOSIT_EQUITY":null,"DEPOSIT_ASSETS":null,"EQUITY_MULTIPLIER":1.767054277036,"EQUITY_RATIO":0.767054277036},{"SECUCODE":"00487.HK","SECURITY_CODE":"00487","SECURITY_NAME_ABBR":"实德环球","ORG_CODE":"10008924","STD_REPORT_DATE":"2022-06-30 00:00:00","REPORT_DATE":"2022-06-30 00:00:00","DATE_TYPE_CODE":"002","REPORT_TYPE":"2022年中报","PER_NETCASH_OPERATE":-0.001006822463,"PER_OI":0.009466908594,"BPS":0.153081627029,"BASIC_EPS":-0.021807345,"DILUTED_EPS":-0.021807345,"OPERATE_INCOME":46638641.84,"OPERATE_INCOME_YOY":54.1261587158,"GROSS_PROFIT":4529086.24,"GROSS_PROFIT_YOY":27.652202045084,"HOLDER_PROFIT":-107296413.35,"HOLDER_PROFIT_YOY":-137.7852323554,"GROSS_PROFIT_RATIO":9.711016576207,"EPS_TTM":-0.012061287327,"OPERATE_INCOME_QOQ":13.916948874254,"NET_PROFIT_RATIO":-230.0590435676,"ROE_AVG":-13.280218808977,"GROSS_PROFIT_QOQ":13.586639670013,"ROA":-9.431547517251,"HOLDER_PROFIT_QOQ":-1595.69689686538,"ROE_YEARLY":-26.560437617954,"ROIC_YEARLY":-19.515567812573,"TOTAL_ASSETS":1087552819.71,"TOTAL_LIABILITIES":333397531.88,"TAX_EBT":null,"OCF_SALES":-10.635176763972,"TOTAL_PARENT_EQUITY":754155287.83,"DEBT_ASSET_RATIO":30.6557553654,"OPERATE_PROFIT":-95372499.18,"PRETAX_PROFIT":-107296413.35,"NETCASH_OPERATE":-4960102,"NETCASH_INVEST":-73546.34,"NETCASH_FINANCE":-3679882.57,"END_CASH":33643174.6,"DIVI_RATIO":null,"DIVIDEND_RATE":null,"CURRENT_RATIO":1.183410607657,"COMMON_ACS":160000000000,"CURRENTDEBT_DEBT":73.027713080862,"ISSUED_COMMON_SHARES":4926491196,"HK_COMMON_SHARES":4926491196,"PER_SHARES":4000,"TOTAL_MARKET_CAP":330074910.132,"HKSK_MARKET_CAP":330074910.132,"PE_TTM":-16.507046915983,"PB_TTM":0.387960566449,"REPORT_DATE_SQ":"2021-06-30 00:00:00","REPORT_TYPE_SQ":"2021年中报","OPERATE_INCOME_SQ":29442318.72,"DPS_HKD":null,"OPERATE_INCOME_QOQ_SQ":-89.972690641644,"NET_PROFIT_RATIO_SQ":-149.1182455347,"HOLDER_PROFIT_SQ":-43903869.12,"HOLDER_PROFIT_QOQ_SQ":64.380757445763,"ROE_AVG_SQ":-5.40222871114,"PE_TTM_SQ":-37.345879553386,"PB_TTM_SQ":0.332784514978,"ROA_SQ":-3.851215383841,"START_DATE":"2022-01-01 00:00:00","FISCAL_YEAR":"12-31","CURRENCY":"HKD","IS_CNY_CODE":0,"DPS_HKD_LY":null,"ORG_TYPE":"一般企业","PREMIUM_INCOME":null,"PREMIUM_INCOME_YOY":null,"NET_INTEREST_INCOME":null,"NET_INTEREST_INCOME_YOY":null,"FEE_COMMISSION_INCOME":null,"FEE_COMMISSION_INCOME_YOY":null,"ACCOUNTS_RECE_TDAYS":4.38286586836,"INVENTORY_TDAYS":0.442805755396,"CURRENT_ASSETS_TDAYS":0.140694131639,"TOTAL_ASSETS_TDAYS":0.040996204153,"PREMIUM_EXPENSE":null,"LOAN_DEPOSIT":null,"LOAN_EQUITY":null,"LOAN_ASSETS":null,"DEPOSIT_EQUITY":null,"DEPOSIT_ASSETS":null,"EQUITY_MULTIPLIER":1.442080745517,"EQUITY_RATIO":0.442080745518},{"SECUCODE":"00487.HK","SECURITY_CODE":"00487","SECURITY_NAME_ABBR":"实德环球","ORG_CODE":"10008924","STD_REPORT_DATE":"2021-12-31 00:00:00","REPORT_DATE":"2021-12-31 00:00:00","DATE_TYPE_CODE":"001","REPORT_TYPE":"2021年年报","PER_NETCASH_OPERATE":-0.003128012248,"PER_OI":0.025081520109,"BPS":0.16722866625,"BASIC_EPS":0.0008176,"DILUTED_EPS":0.0008176,"OPERATE_INCOME":123563888,"OPERATE_INCOME_YOY":-58.461483491,"GROSS_PROFIT":7221043.2,"GROSS_PROFIT_YOY":-50.866286219632,"HOLDER_PROFIT":3972718.4,"HOLDER_PROFIT_YOY":103.423373915,"GROSS_PROFIT_RATIO":5.84397538543,"EPS_TTM":0.000806399168,"OPERATE_INCOME_QOQ":302.421414745701,"NET_PROFIT_RATIO":3.2151128168,"ROE_AVG":0.483482346526,"GROSS_PROFIT_QOQ":-15.338969389559,"ROA":0.350079108224,"HOLDER_PROFIT_QOQ":109.33650152192,"ROE_YEARLY":0.483482346526,"ROIC_YEARLY":0.372488586356,"TOTAL_ASSETS":1135507408,"TOTAL_LIABILITIES":311656856,"TAX_EBT":null,"OCF_SALES":-12.471382253689,"TOTAL_PARENT_EQUITY":823850552,"DEBT_ASSET_RATIO":27.4464837309,"OPERATE_PROFIT":49894040,"PRETAX_PROFIT":3972718.4,"NETCASH_OPERATE":-15410124.8,"NETCASH_INVEST":-32902676.8,"NETCASH_FINANCE":-7218590.4,"END_CASH":40561953.6,"DIVI_RATIO":null,"DIVIDEND_RATE":null,"CURRENT_RATIO":1.366826947064,"COMMON_ACS":160000000000,"CURRENTDEBT_DEBT":84.129228589792,"ISSUED_COMMON_SHARES":4926491196,"HK_COMMON_SHARES":4926491196,"PER_SHARES":4000,"TOTAL_MARKET_CAP":330074910.132,"HKSK_MARKET_CAP":330074910.132,"PE_TTM":-16.507046915983,"PB_TTM":0.387960566449,"REPORT_DATE_SQ":"2020-12-31 00:00:00","REPORT_TYPE_SQ":"2020年年报","OPERATE_INCOME_SQ":306214722.84,"DPS_HKD":null,"OPERATE_INCOME_QOQ_SQ":-59.13407882722,"NET_PROFIT_RATIO_SQ":-39.0115190844,"HOLDER_PROFIT_SQ":-119459015.04,"HOLDER_PROFIT_QOQ_SQ":-22.90787495578,"ROE_AVG_SQ":-13.224169215253,"PE_TTM_SQ":-37.345879553386,"PB_TTM_SQ":0.332784514978,"ROA_SQ":-10.240142214578,"START_DATE":"2021-01-01 00:00:00","FISCAL_YEAR":"12-31","CURRENCY":"HKD","IS_CNY_CODE":0,"DPS_HKD_LY":null,"ORG_TYPE":"一般企业","PREMIUM_INCOME":null,"PREMIUM_INCOME_YOY":null,"NET_INTEREST_INCOME":null,"NET_INTEREST_INCOME_YOY":null,"FEE_COMMISSION_INCOME":null,"FEE_COMMISSION_INCOME_YOY":null,"ACCOUNTS_RECE_TDAYS":11.964533111665,"INVENTORY_TDAYS":1.280233918129,"CURRENT_ASSETS_TDAYS":0.354800238521,"TOTAL_ASSETS_TDAYS":0.10888548184,"PREMIUM_EXPENSE":null,"LOAN_DEPOSIT":null,"LOAN_EQUITY":null,"LOAN_ASSETS":null,"DEPOSIT_EQUITY":null,"DEPOSIT_ASSETS":null,"EQUITY_MULTIPLIER":1.378292950394,"EQUITY_RATIO":0.378292950394},{"SECUCODE":"00487.HK","SECURITY_CODE":"00487","SECURITY_NAME_ABBR":"实德环球","ORG_CODE":"10008924","STD_REPORT_DATE":"2021-06-30 00:00:00","REPORT_DATE":"2021-06-30 00:00:00","DATE_TYPE_CODE":"002","REPORT_TYPE":"2021年中报","PER_NETCASH_OPERATE":-0.001240732894,"PER_OI":0.005976326263,"BPS":0.160633191721,"BASIC_EPS":-0.008903256,"DILUTED_EPS":-0.008903256,"OPERATE_INCOME":29442318.72,"OPERATE_INCOME_YOY":-89.4012280965,"GROSS_PROFIT":3547989.12,"GROSS_PROFIT_YOY":-63.480575493219,"HOLDER_PROFIT":-43903869.12,"HOLDER_PROFIT_YOY":60.1061537415,"GROSS_PROFIT_RATIO":12.050644359032,"EPS_TTM":-0.008637059243,"OPERATE_INCOME_QOQ":-89.972690641644,"NET_PROFIT_RATIO":-149.1182455347,"ROE_AVG":-5.40222871114,"GROSS_PROFIT_QOQ":-41.96419128601,"ROA":-3.851215383841,"HOLDER_PROFIT_QOQ":64.380757445763,"ROE_YEARLY":-10.80445742228,"ROIC_YEARLY":-8.286864603432,"TOTAL_ASSETS":1125810896.64,"TOTAL_LIABILITIES":334452891.84,"TAX_EBT":null,"OCF_SALES":-20.760795839928,"TOTAL_PARENT_EQUITY":791358004.8,"DEBT_ASSET_RATIO":29.7077326963,"OPERATE_PROFIT":-15653088.96,"PRETAX_PROFIT":-43903869.12,"NETCASH_OPERATE":-6112459.68,"NETCASH_INVEST":-41945984.88,"NETCASH_FINANCE":12933019.44,"END_CASH":63116596.32,"DIVI_RATIO":null,"DIVIDEND_RATE":null,"CURRENT_RATIO":1.148536561816,"COMMON_ACS":160000000000,"CURRENTDEBT_DEBT":79.875755072796,"ISSUED_COMMON_SHARES":4926491196,"HK_COMMON_SHARES":4926491196,"PER_SHARES":4000,"TOTAL_MARKET_CAP":330074910.132,"HKSK_MARKET_CAP":330074910.132,"PE_TTM":-16.507046915983,"PB_TTM":0.387960566449,"REPORT_DATE_SQ":"2020-06-30 00:00:00","REPORT_TYPE_SQ":"2020年中报","OPERATE_INCOME_SQ":304951944,"DPS_HKD":null,"OPERATE_INCOME_QOQ_SQ":-27.094625654093,"NET_PROFIT_RATIO_SQ":-39.6168938146,"HOLDER_PROFIT_SQ":-120812487.84,"HOLDER_PROFIT_QOQ_SQ":-246.240974443278,"ROE_AVG_SQ":-12.285035563265,"PE_TTM_SQ":-37.345879553386,"PB_TTM_SQ":0.332784514978,"ROA_SQ":-9.680535946019,"START_DATE":"2021-01-01 00:00:00","FISCAL_YEAR":"12-31","CURRENCY":"HKD","IS_CNY_CODE":0,"DPS_HKD_LY":null,"ORG_TYPE":"一般企业","PREMIUM_INCOME":null,"PREMIUM_INCOME_YOY":null,"NET_INTEREST_INCOME":null,"NET_INTEREST_INCOME_YOY":null,"FEE_COMMISSION_INCOME":null,"FEE_COMMISSION_INCOME_YOY":null,"ACCOUNTS_RECE_TDAYS":2.677766005751,"INVENTORY_TDAYS":0.281247175779,"CURRENT_ASSETS_TDAYS":0.090456950248,"TOTAL_ASSETS_TDAYS":0.025826587283,"PREMIUM_EXPENSE":null,"LOAN_DEPOSIT":null,"LOAN_EQUITY":null,"LOAN_ASSETS":null,"DEPOSIT_EQUITY":null,"DEPOSIT_ASSETS":null,"EQUITY_MULTIPLIER":1.422631590015,"EQUITY_RATIO":0.422631590015},{"SECUCODE":"00487.HK","SECURITY_CODE":"00487","SECURITY_NAME_ABBR":"实德环球","ORG_CODE":"10008924","STD_REPORT_DATE":"2020-12-31 00:00:00","REPORT_DATE":"2020-12-31 00:00:00","DATE_TYPE_CODE":"001","REPORT_TYPE":"2020年年报","PER_NETCASH_OPERATE":-0.003261328796,"PER_OI":0.062156758362,"BPS":0.171242141775,"BASIC_EPS":-0.024239232,"DILUTED_EPS":-0.024239232,"OPERATE_INCOME":306214722.84,"OPERATE_INCOME_YOY":-68.2900299903,"GROSS_PROFIT":14696717.68,"GROSS_PROFIT_YOY":-45.861689139126,"HOLDER_PROFIT":-119459015.04,"HOLDER_PROFIT_YOY":-291.3038790199,"GROSS_PROFIT_RATIO":4.799481077753,"EPS_TTM":-0.02424829565,"OPERATE_INCOME_QOQ":-59.13407882722,"NET_PROFIT_RATIO":-39.0115190844,"ROE_AVG":-13.224169215253,"GROSS_PROFIT_QOQ":-33.931451668408,"ROA":-10.240142214578,"HOLDER_PROFIT_QOQ":-22.90787495578,"ROE_YEARLY":-13.224169215253,"ROIC_YEARLY":-11.106090251068,"TOTAL_ASSETS":1167450626.96,"TOTAL_LIABILITIES":323827723.12,"TAX_EBT":null,"OCF_SALES":-5.246941574522,"TOTAL_PARENT_EQUITY":843622903.84,"DEBT_ASSET_RATIO":27.7380229743,"OPERATE_PROFIT":8287629.08,"PRETAX_PROFIT":-119459015.04,"NETCASH_OPERATE":-16066907.6,"NETCASH_INVEST":-100166101.32,"NETCASH_FINANCE":131521399.52,"END_CASH":98803486.16,"DIVI_RATIO":null,"DIVIDEND_RATE":null,"CURRENT_RATIO":1.278397517333,"COMMON_ACS":160000000000,"CURRENTDEBT_DEBT":84.084801355657,"ISSUED_COMMON_SHARES":4926491196,"HK_COMMON_SHARES":4926491196,"PER_SHARES":4000,"TOTAL_MARKET_CAP":330074910.132,"HKSK_MARKET_CAP":330074910.132,"PE_TTM":-16.507046915983,"PB_TTM":0.387960566449,"REPORT_DATE_SQ":"2019-12-31 00:00:00","REPORT_TYPE_SQ":"2019年年报","OPERATE_INCOME_SQ":1027791994.38,"DPS_HKD":null,"OPERATE_INCOME_QOQ_SQ":-11.515571409732,"NET_PROFIT_RATIO_SQ":6.4664350066,"HOLDER_PROFIT_SQ":66461501.32,"HOLDER_PROFIT_QOQ_SQ":-15.020307947392,"ROE_AVG_SQ":6.707166038384,"PE_TTM_SQ":-37.345879553386,"PB_TTM_SQ":0.332784514978,"ROA_SQ":5.361256514237,"START_DATE":"2020-01-01 00:00:00","FISCAL_YEAR":"12-31","CURRENCY":"HKD","IS_CNY_CODE":0,"DPS_HKD_LY":null,"ORG_TYPE":"一般企业","PREMIUM_INCOME":null,"PREMIUM_INCOME_YOY":null,"NET_INTEREST_INCOME":null,"NET_INTEREST_INCOME_YOY":null,"FEE_COMMISSION_INCOME":null,"FEE_COMMISSION_INCOME_YOY":null,"ACCOUNTS_RECE_TDAYS":12.516116825484,"INVENTORY_TDAYS":3.003416431823,"CURRENT_ASSETS_TDAYS":1.061854000219,"TOTAL_ASSETS_TDAYS":0.262490219682,"PREMIUM_EXPENSE":null,"LOAN_DEPOSIT":null,"LOAN_EQUITY":null,"LOAN_ASSETS":null,"DEPOSIT_EQUITY":null,"DEPOSIT_ASSETS":null,"EQUITY_MULTIPLIER":1.383853640822,"EQUITY_RATIO":0.383853640822},{"SECUCODE":"00487.HK","SECURITY_CODE":"00487","SECURITY_NAME_ABBR":"实德环球","ORG_CODE":"10008924","STD_REPORT_DATE":"2020-06-30 00:00:00","REPORT_DATE":"2020-06-30 00:00:00","DATE_TYPE_CODE":"002","REPORT_TYPE":"2020年中报","PER_NETCASH_OPERATE":-0.000521198504,"PER_OI":0.061900434177,"BPS":0.187072623816,"BASIC_EPS":-0.024480192,"DILUTED_EPS":-0.024480192,"OPERATE_INCOME":304951944,"OPERATE_INCOME_YOY":-49.6639994693,"GROSS_PROFIT":9715347.84,"GROSS_PROFIT_YOY":-33.535324257489,"HOLDER_PROFIT":-120812487.84,"HOLDER_PROFIT_YOY":-371.5608574244,"GROSS_PROFIT_RATIO":3.185861914033,"EPS_TTM":-0.01972883809,"OPERATE_INCOME_QOQ":-27.094625654093,"NET_PROFIT_RATIO":-39.6168938146,"ROE_AVG":-12.285035563265,"GROSS_PROFIT_QOQ":-18.057362802709,"ROA":-9.680535946019,"HOLDER_PROFIT_QOQ":-246.240974443278,"ROE_YEARLY":-24.57007112653,"ROIC_YEARLY":-21.387915821901,"TOTAL_ASSETS":1230841217.76,"TOTAL_LIABILITIES":309229583.52,"TAX_EBT":null,"OCF_SALES":-0.841994907893,"TOTAL_PARENT_EQUITY":921611634.24,"DEBT_ASSET_RATIO":25.1234342057,"OPERATE_PROFIT":-59564508.96,"PRETAX_PROFIT":-120812487.84,"NETCASH_OPERATE":-2567679.84,"NETCASH_INVEST":-33559785.6,"NETCASH_FINANCE":93352654.56,"END_CASH":146330347.68,"DIVI_RATIO":null,"DIVIDEND_RATE":null,"CURRENT_RATIO":1.184606701182,"COMMON_ACS":160000000000,"CURRENTDEBT_DEBT":87.923186218183,"ISSUED_COMMON_SHARES":4926491196,"HK_COMMON_SHARES":4926491196,"PER_SHARES":4000,"TOTAL_MARKET_CAP":330074910.132,"HKSK_MARKET_CAP":330074910.132,"PE_TTM":-16.507046915983,"PB_TTM":0.387960566449,"REPORT_DATE_SQ":"2019-06-30 00:00:00","REPORT_TYPE_SQ":"2019年中报","OPERATE_INCOME_SQ":583428337.38,"DPS_HKD":null,"OPERATE_INCOME_QOQ_SQ":18.333939679634,"NET_PROFIT_RATIO_SQ":7.3433115766,"HOLDER_PROFIT_SQ":42842960.64,"HOLDER_PROFIT_QOQ_SQ":63.886134394234,"ROE_AVG_SQ":4.453977592023,"PE_TTM_SQ":-37.345879553386,"PB_TTM_SQ":0.332784514978,"ROA_SQ":3.456185798372,"START_DATE":"2020-01-01 00:00:00","FISCAL_YEAR":"12-31","CURRENCY":"HKD","IS_CNY_CODE":0,"DPS_HKD_LY":null,"ORG_TYPE":"一般企业","PREMIUM_INCOME":null,"PREMIUM_INCOME_YOY":null,"NET_INTEREST_INCOME":null,"NET_INTEREST_INCOME_YOY":null,"FEE_COMMISSION_INCOME":null,"FEE_COMMISSION_INCOME_YOY":null,"ACCOUNTS_RECE_TDAYS":9.230535279805,"INVENTORY_TDAYS":2.807504885993,"CURRENT_ASSETS_TDAYS":1.069550410793,"TOTAL_ASSETS_TDAYS":0.244353734327,"PREMIUM_EXPENSE":null,"LOAN_DEPOSIT":null,"LOAN_EQUITY":null,"LOAN_ASSETS":null,"DEPOSIT_EQUITY":null,"DEPOSIT_ASSETS":null,"EQUITY_MULTIPLIER":1.335531336663,"EQUITY_RATIO":0.335531336662}],"count":46},"success":true,"message":"ok","code":0}