{"version":"3ef561c858b3210cbfdde057ef329d5e","result":{"pages":6,"data":[{"SECUCODE":"00486.HK","SECURITY_CODE":"00486","SECURITY_NAME_ABBR":"俄铝","ORG_CODE":"10142111","STD_REPORT_DATE":"2024-06-30 00:00:00","REPORT_DATE":"2024-06-30 00:00:00","DATE_TYPE_CODE":"002","REPORT_TYPE":"2024年中报","PER_NETCASH_OPERATE":-0.189040847132,"PER_OI":2.671433311206,"BPS":5.611651747491,"BASIC_EPS":0.26511696,"DILUTED_EPS":0.26511696,"OPERATE_INCOME":40587126000,"OPERATE_INCOME_YOY":-4.2052144659,"GROSS_PROFIT":9336108000,"GROSS_PROFIT_YOY":77.479644825821,"HOLDER_PROFIT":4026642000,"HOLDER_PROFIT_YOY":34.5238095238,"GROSS_PROFIT_RATIO":23.002633889377,"EPS_TTM":0.196743531626,"OPERATE_INCOME_QOQ":-2.740147034413,"NET_PROFIT_RATIO":9.9209833187,"ROE_AVG":4.917533400061,"GROSS_PROFIT_QOQ":32.54796420339,"ROA":2.597940040463,"HOLDER_PROFIT_QOQ":49.656805359418,"ROE_YEARLY":9.835066800122,"ROIC_YEARLY":5.638159864285,"TOTAL_ASSETS":157017657600,"TOTAL_LIABILITIES":71759749200,"TAX_EBT":22.496570644719,"OCF_SALES":-7.076382791923,"TOTAL_PARENT_EQUITY":85257908400,"DEBT_ASSET_RATIO":45.7017066086,"OPERATE_PROFIT":3135792000,"PRETAX_PROFIT":5195437200,"NETCASH_OPERATE":-2872100400,"NETCASH_INVEST":-1653417600,"NETCASH_FINANCE":-741187200,"END_CASH":9421629600,"DIVI_RATIO":null,"DIVIDEND_RATE":null,"CURRENT_RATIO":1.424685418209,"COMMON_ACS":20000000000,"CURRENTDEBT_DEBT":53.669679213427,"ISSUED_COMMON_SHARES":15193014862,"HK_COMMON_SHARES":15193014862,"PER_SHARES":1000,"TOTAL_MARKET_CAP":68064706581.76,"HKSK_MARKET_CAP":68064706581.76,"PE_TTM":20.475198893532,"PB_TTM":0.728627966619,"REPORT_DATE_SQ":"2023-06-30 00:00:00","REPORT_TYPE_SQ":"2023年中报","OPERATE_INCOME_SQ":42957381000,"DPS_HKD":null,"OPERATE_INCOME_QOQ_SQ":-5.188132894816,"NET_PROFIT_RATIO_SQ":7.0647603028,"HOLDER_PROFIT_SQ":3034836000,"HOLDER_PROFIT_QOQ_SQ":-65.988369611477,"ROE_AVG_SQ":3.561736770692,"PE_TTM_SQ":9.033647045836,"PB_TTM_SQ":0.417726684891,"ROA_SQ":1.823866597186,"START_DATE":"2024-01-01 00:00:00","FISCAL_YEAR":"12-31","CURRENCY":"HKD","IS_CNY_CODE":0,"DPS_HKD_LY":null,"ORG_TYPE":"一般企业","PREMIUM_INCOME":null,"PREMIUM_INCOME_YOY":null,"NET_INTEREST_INCOME":null,"NET_INTEREST_INCOME_YOY":null,"FEE_COMMISSION_INCOME":null,"FEE_COMMISSION_INCOME_YOY":null,"ACCOUNTS_RECE_TDAYS":4.158451989777,"INVENTORY_TDAYS":1.175603217158,"CURRENT_ASSETS_TDAYS":0.728214308548,"TOTAL_ASSETS_TDAYS":0.261863159831,"PREMIUM_EXPENSE":null,"LOAN_DEPOSIT":null,"LOAN_EQUITY":null,"LOAN_ASSETS":null,"DEPOSIT_EQUITY":null,"DEPOSIT_ASSETS":null,"EQUITY_MULTIPLIER":1.841678508736,"EQUITY_RATIO":0.841678508735},{"SECUCODE":"00486.HK","SECURITY_CODE":"00486","SECURITY_NAME_ABBR":"俄铝","ORG_CODE":"10142111","STD_REPORT_DATE":"2023-12-31 00:00:00","REPORT_DATE":"2023-12-31 00:00:00","DATE_TYPE_CODE":"001","REPORT_TYPE":"2023年年报","PER_NETCASH_OPERATE":0.820479155271,"PER_OI":5.69347268371,"BPS":5.135453621858,"BASIC_EPS":0.1345713,"DILUTED_EPS":0.1345713,"OPERATE_INCOME":86501015100,"OPERATE_INCOME_YOY":-12.6019750966,"GROSS_PROFIT":12522213600,"GROSS_PROFIT_YOY":-43.883261536324,"HOLDER_PROFIT":1997321400,"HOLDER_PROFIT_YOY":-84.2721695482,"GROSS_PROFIT_RATIO":14.476377630394,"EPS_TTM":0.131463137379,"OPERATE_INCOME_QOQ":-6.256408653937,"NET_PROFIT_RATIO":2.309014984,"ROE_AVG":2.418213780388,"GROSS_PROFIT_QOQ":8.624305228779,"ROA":1.22356003905,"HOLDER_PROFIT_QOQ":-52.973350657954,"ROE_YEARLY":2.418213780388,"ROIC_YEARLY":1.381946486328,"TOTAL_ASSETS":152023072800,"TOTAL_LIABILITIES":74000049600,"TAX_EBT":-15.573770491803,"OCF_SALES":14.410873659216,"TOTAL_PARENT_EQUITY":78023023200,"DEBT_ASSET_RATIO":48.6768542676,"OPERATE_PROFIT":-559533300,"PRETAX_PROFIT":1728178800,"NETCASH_OPERATE":12465552000,"NETCASH_INVEST":-7295181000,"NETCASH_FINANCE":-12373476900,"END_CASH":14767429500,"DIVI_RATIO":null,"DIVIDEND_RATE":null,"CURRENT_RATIO":2.135520301156,"COMMON_ACS":20000000000,"CURRENTDEBT_DEBT":35.595329249617,"ISSUED_COMMON_SHARES":15193014862,"HK_COMMON_SHARES":15193014862,"PER_SHARES":1000,"TOTAL_MARKET_CAP":49377298301.5,"HKSK_MARKET_CAP":49377298301.5,"PE_TTM":14.853659911602,"PB_TTM":0.528580556141,"REPORT_DATE_SQ":"2022-12-31 00:00:00","REPORT_TYPE_SQ":"2022年年报","OPERATE_INCOME_SQ":97323320400,"DPS_HKD":null,"OPERATE_INCOME_QOQ_SQ":9.014339669438,"NET_PROFIT_RATIO_SQ":12.8309718048,"HOLDER_PROFIT_SQ":12487527800,"HOLDER_PROFIT_QOQ_SQ":-33.578049251303,"ROE_AVG_SQ":15.706714554772,"PE_TTM_SQ":9.368226566052,"PB_TTM_SQ":0.433198043591,"ROA_SQ":7.874914904363,"START_DATE":"2023-01-01 00:00:00","FISCAL_YEAR":"12-31","CURRENCY":"HKD","IS_CNY_CODE":0,"DPS_HKD_LY":null,"ORG_TYPE":"一般企业","PREMIUM_INCOME":null,"PREMIUM_INCOME_YOY":null,"NET_INTEREST_INCOME":null,"NET_INTEREST_INCOME_YOY":null,"FEE_COMMISSION_INCOME":null,"FEE_COMMISSION_INCOME_YOY":null,"ACCOUNTS_RECE_TDAYS":10.010655737705,"INVENTORY_TDAYS":2.582838773492,"CURRENT_ASSETS_TDAYS":1.352716398073,"TOTAL_ASSETS_TDAYS":0.529905629678,"PREMIUM_EXPENSE":null,"LOAN_DEPOSIT":null,"LOAN_EQUITY":null,"LOAN_ASSETS":null,"DEPOSIT_EQUITY":null,"DEPOSIT_ASSETS":null,"EQUITY_MULTIPLIER":1.948438634713,"EQUITY_RATIO":0.948438634713},{"SECUCODE":"00486.HK","SECURITY_CODE":"00486","SECURITY_NAME_ABBR":"俄铝","ORG_CODE":"10142111","STD_REPORT_DATE":"2023-06-30 00:00:00","REPORT_DATE":"2023-06-30 00:00:00","DATE_TYPE_CODE":"002","REPORT_TYPE":"2023年中报","PER_NETCASH_OPERATE":0.112241633112,"PER_OI":2.827442834104,"BPS":5.363342782202,"BASIC_EPS":0.19943208,"DILUTED_EPS":0.19943208,"OPERATE_INCOME":42957381000,"OPERATE_INCOME_YOY":-16.888019013,"GROSS_PROFIT":5260382400,"GROSS_PROFIT_YOY":-67.21881744386,"HOLDER_PROFIT":3034836000,"HOLDER_PROFIT_YOY":-75,"GROSS_PROFIT_RATIO":12.245584524811,"EPS_TTM":0.279550295881,"OPERATE_INCOME_QOQ":-5.188132894816,"NET_PROFIT_RATIO":7.0647603028,"ROE_AVG":3.561736770692,"GROSS_PROFIT_QOQ":-48.338690548597,"ROA":1.823866597186,"HOLDER_PROFIT_QOQ":-65.988369611477,"ROE_YEARLY":7.123473541384,"ROIC_YEARLY":4.060619244435,"TOTAL_ASSETS":154812765000,"TOTAL_LIABILITIES":73327418400,"TAX_EBT":-56.133828996283,"OCF_SALES":3.969722455845,"TOTAL_PARENT_EQUITY":81485346600,"DEBT_ASSET_RATIO":47.3652275379,"OPERATE_PROFIT":-238451400,"PRETAX_PROFIT":1943740200,"NETCASH_OPERATE":1705288800,"NETCASH_INVEST":-2875868400,"NETCASH_FINANCE":-10426829400,"END_CASH":10730313000,"DIVI_RATIO":null,"DIVIDEND_RATE":null,"CURRENT_RATIO":2.744347826087,"COMMON_ACS":20000000000,"CURRENTDEBT_DEBT":28.330705557745,"ISSUED_COMMON_SHARES":15193014862,"HK_COMMON_SHARES":15193014862,"PER_SHARES":1000,"TOTAL_MARKET_CAP":49377298301.5,"HKSK_MARKET_CAP":49377298301.5,"PE_TTM":14.853659911602,"PB_TTM":0.528580556141,"REPORT_DATE_SQ":"2022-06-30 00:00:00","REPORT_TYPE_SQ":"2022年中报","OPERATE_INCOME_SQ":48006644200,"DPS_HKD":null,"OPERATE_INCOME_QOQ_SQ":16.745828278518,"NET_PROFIT_RATIO_SQ":23.4866489585,"HOLDER_PROFIT_SQ":11275152000,"HOLDER_PROFIT_QOQ_SQ":-8.566099019618,"ROE_AVG_SQ":13.239814012137,"PE_TTM_SQ":9.368226566052,"PB_TTM_SQ":0.433198043591,"ROA_SQ":7.253103076093,"START_DATE":"2023-01-01 00:00:00","FISCAL_YEAR":"12-31","CURRENCY":"HKD","IS_CNY_CODE":0,"DPS_HKD_LY":null,"ORG_TYPE":"一般企业","PREMIUM_INCOME":null,"PREMIUM_INCOME_YOY":null,"NET_INTEREST_INCOME":null,"NET_INTEREST_INCOME_YOY":null,"FEE_COMMISSION_INCOME":null,"FEE_COMMISSION_INCOME_YOY":null,"ACCOUNTS_RECE_TDAYS":4.950041631973,"INVENTORY_TDAYS":1.177785303082,"CURRENT_ASSETS_TDAYS":0.660372118856,"TOTAL_ASSETS_TDAYS":0.258163974292,"PREMIUM_EXPENSE":null,"LOAN_DEPOSIT":null,"LOAN_EQUITY":null,"LOAN_ASSETS":null,"DEPOSIT_EQUITY":null,"DEPOSIT_ASSETS":null,"EQUITY_MULTIPLIER":1.899884721113,"EQUITY_RATIO":0.899884721114},{"SECUCODE":"00486.HK","SECURITY_CODE":"00486","SECURITY_NAME_ABBR":"俄铝","ORG_CODE":"10142111","STD_REPORT_DATE":"2022-12-31 00:00:00","REPORT_DATE":"2022-12-31 00:00:00","DATE_TYPE_CODE":"001","REPORT_TYPE":"2022年年报","PER_NETCASH_OPERATE":-0.188864108017,"PER_OI":6.405793799585,"BPS":5.641627614963,"BASIC_EPS":0.8218228,"DILUTED_EPS":0.8218228,"OPERATE_INCOME":97323320400,"OPERATE_INCOME_YOY":16.5082541271,"GROSS_PROFIT":22314578400,"GROSS_PROFIT_YOY":-5.940829986463,"HOLDER_PROFIT":12487527800,"HOLDER_PROFIT_YOY":-44.4031007752,"GROSS_PROFIT_RATIO":22.928295405754,"EPS_TTM":0.821925596297,"OPERATE_INCOME_QOQ":9.014339669438,"NET_PROFIT_RATIO":12.8309718048,"ROE_AVG":15.706714554772,"GROSS_PROFIT_QOQ":-23.687294671897,"ROA":7.874914904363,"HOLDER_PROFIT_QOQ":-33.578049251303,"ROE_YEARLY":15.706714554772,"ROIC_YEARLY":8.885695170602,"TOTAL_ASSETS":171545062600,"TOTAL_LIABILITIES":85831730400,"TAX_EBT":17.220683287165,"OCF_SALES":-2.948332617719,"TOTAL_PARENT_EQUITY":85713332200,"DEBT_ASSET_RATIO":50.0345093581,"OPERATE_PROFIT":9165413600,"PRETAX_PROFIT":15085323600,"NETCASH_OPERATE":-2869415200,"NETCASH_INVEST":3287291200,"NETCASH_FINANCE":9854909000,"END_CASH":22237967800,"DIVI_RATIO":null,"DIVIDEND_RATE":null,"CURRENT_RATIO":2.203223698541,"COMMON_ACS":20000000000,"CURRENTDEBT_DEBT":37.252515417072,"ISSUED_COMMON_SHARES":15193014862,"HK_COMMON_SHARES":15193014862,"PER_SHARES":1000,"TOTAL_MARKET_CAP":49377298301.5,"HKSK_MARKET_CAP":49377298301.5,"PE_TTM":14.853659911602,"PB_TTM":0.528580556141,"REPORT_DATE_SQ":"2021-12-31 00:00:00","REPORT_TYPE_SQ":"2021年年报","OPERATE_INCOME_SQ":76470145800,"DPS_HKD":null,"OPERATE_INCOME_QOQ_SQ":22.021923252751,"NET_PROFIT_RATIO_SQ":26.8884442221,"HOLDER_PROFIT_SQ":20561632500,"HOLDER_PROFIT_QOQ_SQ":8.983500587905,"ROE_AVG_SQ":37.792230620496,"PE_TTM_SQ":9.368226566052,"PB_TTM_SQ":0.433198043591,"ROA_SQ":16.847769303103,"START_DATE":"2022-01-01 00:00:00","FISCAL_YEAR":"12-31","CURRENCY":"HKD","IS_CNY_CODE":0,"DPS_HKD_LY":0.156953,"ORG_TYPE":"一般企业","PREMIUM_INCOME":null,"PREMIUM_INCOME_YOY":null,"NET_INTEREST_INCOME":null,"NET_INTEREST_INCOME_YOY":null,"FEE_COMMISSION_INCOME":null,"FEE_COMMISSION_INCOME_YOY":null,"ACCOUNTS_RECE_TDAYS":12.124945770065,"INVENTORY_TDAYS":2.632929959663,"CURRENT_ASSETS_TDAYS":1.506549512156,"TOTAL_ASSETS_TDAYS":0.613742670795,"PREMIUM_EXPENSE":null,"LOAN_DEPOSIT":null,"LOAN_EQUITY":null,"LOAN_ASSETS":null,"DEPOSIT_EQUITY":null,"DEPOSIT_ASSETS":null,"EQUITY_MULTIPLIER":2.001381327699,"EQUITY_RATIO":1.0013813277},{"SECUCODE":"00486.HK","SECURITY_CODE":"00486","SECURITY_NAME_ABBR":"俄铝","ORG_CODE":"10142111","STD_REPORT_DATE":"2022-06-30 00:00:00","REPORT_DATE":"2022-06-30 00:00:00","DATE_TYPE_CODE":"002","REPORT_TYPE":"2022年中报","PER_NETCASH_OPERATE":-0.423189291816,"PER_OI":3.159783929395,"BPS":6.561642735527,"BASIC_EPS":0.74228084,"DILUTED_EPS":0.74228084,"OPERATE_INCOME":48006644200,"OPERATE_INCOME_YOY":31.2717929895,"GROSS_PROFIT":16046957400,"GROSS_PROFIT_YOY":52.393293309768,"HOLDER_PROFIT":11275152000,"HOLDER_PROFIT_YOY":-16.7492566898,"GROSS_PROFIT_RATIO":33.426534321264,"EPS_TTM":1.237430679214,"OPERATE_INCOME_QOQ":16.745828278518,"NET_PROFIT_RATIO":23.4866489585,"ROE_AVG":13.239814012137,"GROSS_PROFIT_QOQ":23.254928008558,"ROA":7.253103076093,"HOLDER_PROFIT_QOQ":-8.566099019618,"ROE_YEARLY":26.479628024273,"ROIC_YEARLY":15.660685154976,"TOTAL_ASSETS":170597076600,"TOTAL_LIABILITIES":70905941000,"TAX_EBT":28.934010152284,"OCF_SALES":-13.392981965609,"TOTAL_PARENT_EQUITY":99691135600,"DEBT_ASSET_RATIO":41.5633974586,"OPERATE_PROFIT":10281864800,"PRETAX_PROFIT":15865749600,"NETCASH_OPERATE":-6429521200,"NETCASH_INVEST":8348981600,"NETCASH_FINANCE":-6543615000,"END_CASH":9590590600,"DIVI_RATIO":null,"DIVIDEND_RATE":null,"CURRENT_RATIO":1.513421097624,"COMMON_ACS":20000000000,"CURRENTDEBT_DEBT":55.362044486512,"ISSUED_COMMON_SHARES":15193014862,"HK_COMMON_SHARES":15193014862,"PER_SHARES":1000,"TOTAL_MARKET_CAP":49377298301.5,"HKSK_MARKET_CAP":49377298301.5,"PE_TTM":14.853659911602,"PB_TTM":0.528580556141,"REPORT_DATE_SQ":"2021-06-30 00:00:00","REPORT_TYPE_SQ":"2021年中报","OPERATE_INCOME_SQ":35201084900,"DPS_HKD":null,"OPERATE_INCOME_QOQ_SQ":12.124913807885,"NET_PROFIT_RATIO_SQ":37.0343182235,"HOLDER_PROFIT_SQ":13036481800,"HOLDER_PROFIT_QOQ_SQ":280.961601014749,"ROE_AVG_SQ":25.410816596361,"PE_TTM_SQ":9.368226566052,"PB_TTM_SQ":0.433198043591,"ROA_SQ":10.664834584082,"START_DATE":"2022-01-01 00:00:00","FISCAL_YEAR":"12-31","CURRENCY":"HKD","IS_CNY_CODE":0,"DPS_HKD_LY":0.156953,"ORG_TYPE":"一般企业","PREMIUM_INCOME":null,"PREMIUM_INCOME_YOY":null,"NET_INTEREST_INCOME":null,"NET_INTEREST_INCOME_YOY":null,"FEE_COMMISSION_INCOME":null,"FEE_COMMISSION_INCOME_YOY":null,"ACCOUNTS_RECE_TDAYS":4.016282987086,"INVENTORY_TDAYS":1.155825242718,"CURRENT_ASSETS_TDAYS":0.827510411846,"TOTAL_ASSETS_TDAYS":0.308818132758,"PREMIUM_EXPENSE":null,"LOAN_DEPOSIT":null,"LOAN_EQUITY":null,"LOAN_ASSETS":null,"DEPOSIT_EQUITY":null,"DEPOSIT_ASSETS":null,"EQUITY_MULTIPLIER":1.711256227279,"EQUITY_RATIO":0.711256227279},{"SECUCODE":"00486.HK","SECURITY_CODE":"00486","SECURITY_NAME_ABBR":"俄铝","ORG_CODE":"10142111","STD_REPORT_DATE":"2021-12-31 00:00:00","REPORT_DATE":"2021-12-31 00:00:00","DATE_TYPE_CODE":"001","REPORT_TYPE":"2021年年报","PER_NETCASH_OPERATE":0.480915227581,"PER_OI":5.033243664578,"BPS":4.416362875272,"BASIC_EPS":1.3516484,"DILUTED_EPS":1.3516484,"OPERATE_INCOME":76470145800,"OPERATE_INCOME_YOY":40.0186784964,"GROSS_PROFIT":23723979700,"GROSS_PROFIT_YOY":150.062907887535,"HOLDER_PROFIT":20561632500,"HOLDER_PROFIT_YOY":324.9011857708,"GROSS_PROFIT_RATIO":31.023845255961,"EPS_TTM":1.353360915313,"OPERATE_INCOME_QOQ":22.021923252751,"NET_PROFIT_RATIO":26.8884442221,"ROE_AVG":37.792230620496,"GROSS_PROFIT_QOQ":43.670110494969,"ROA":16.847769303103,"HOLDER_PROFIT_QOQ":8.983500587905,"ROE_YEARLY":37.792230620496,"ROIC_YEARLY":18.93105573655,"TOTAL_ASSETS":133290384200,"TOTAL_LIABILITIES":66192517400,"TAX_EBT":11.425432573469,"OCF_SALES":9.554777388694,"TOTAL_PARENT_EQUITY":67097866800,"DEBT_ASSET_RATIO":49.6603845786,"OPERATE_PROFIT":13255080300,"PRETAX_PROFIT":23213923700,"NETCASH_OPERATE":7306552200,"NETCASH_INVEST":3124093000,"NETCASH_FINANCE":-12056448700,"END_CASH":12636637400,"DIVI_RATIO":null,"DIVIDEND_RATE":null,"CURRENT_RATIO":1.837108013937,"COMMON_ACS":20000000000,"CURRENTDEBT_DEBT":44.230398767097,"ISSUED_COMMON_SHARES":15193014862,"HK_COMMON_SHARES":15193014862,"PER_SHARES":1000,"TOTAL_MARKET_CAP":49377298301.5,"HKSK_MARKET_CAP":49377298301.5,"PE_TTM":14.853659911602,"PB_TTM":0.528580556141,"REPORT_DATE_SQ":"2020-12-31 00:00:00","REPORT_TYPE_SQ":"2020年年报","OPERATE_INCOME_SQ":55892293400,"DPS_HKD":null,"OPERATE_INCOME_QOQ_SQ":-12.134911346954,"NET_PROFIT_RATIO_SQ":8.8606117208,"HOLDER_PROFIT_SQ":4952399100,"HOLDER_PROFIT_QOQ_SQ":225.257977028208,"ROE_AVG_SQ":11.422121896163,"PE_TTM_SQ":9.368226566052,"PB_TTM_SQ":0.433198043591,"ROA_SQ":4.31348033644,"START_DATE":"2021-01-01 00:00:00","FISCAL_YEAR":"12-31","CURRENCY":"HKD","IS_CNY_CODE":0,"DPS_HKD_LY":null,"ORG_TYPE":"一般企业","PREMIUM_INCOME":null,"PREMIUM_INCOME_YOY":null,"NET_INTEREST_INCOME":null,"NET_INTEREST_INCOME_YOY":null,"FEE_COMMISSION_INCOME":null,"FEE_COMMISSION_INCOME_YOY":null,"ACCOUNTS_RECE_TDAYS":10.993583868011,"INVENTORY_TDAYS":2.765040106952,"CURRENT_ASSETS_TDAYS":1.675958918466,"TOTAL_ASSETS_TDAYS":0.62658029464,"PREMIUM_EXPENSE":null,"LOAN_DEPOSIT":null,"LOAN_EQUITY":null,"LOAN_ASSETS":null,"DEPOSIT_EQUITY":null,"DEPOSIT_ASSETS":null,"EQUITY_MULTIPLIER":1.986507031547,"EQUITY_RATIO":0.986507031547},{"SECUCODE":"00486.HK","SECURITY_CODE":"00486","SECURITY_NAME_ABBR":"俄铝","ORG_CODE":"10142111","STD_REPORT_DATE":"2021-06-30 00:00:00","REPORT_DATE":"2021-06-30 00:00:00","DATE_TYPE_CODE":"002","REPORT_TYPE":"2021年中报","PER_NETCASH_OPERATE":0.283184518615,"PER_OI":2.316925588485,"BPS":3.971386492283,"BASIC_EPS":0.85790128,"DILUTED_EPS":0.85790128,"OPERATE_INCOME":35201084900,"OPERATE_INCOME_YOY":35.7160647572,"GROSS_PROFIT":10529963000,"GROSS_PROFIT_YOY":200.482414368988,"HOLDER_PROFIT":13036481800,"HOLDER_PROFIT_YOY":1727.4193548387,"GROSS_PROFIT_RATIO":29.913745641402,"EPS_TTM":1.241803491366,"OPERATE_INCOME_QOQ":12.124913807885,"NET_PROFIT_RATIO":37.0343182235,"ROE_AVG":25.410816596361,"GROSS_PROFIT_QOQ":74.053536275585,"ROA":10.664834584082,"HOLDER_PROFIT_QOQ":280.961601014749,"ROE_YEARLY":50.821633192722,"ROIC_YEARLY":25.344594806744,"TOTAL_ASSETS":132212406600,"TOTAL_LIABILITIES":71875072600,"TAX_EBT":6.617306802406,"OCF_SALES":12.222426133236,"TOTAL_PARENT_EQUITY":60337334000,"DEBT_ASSET_RATIO":54.3633343106,"OPERATE_PROFIT":6085414200,"PRETAX_PROFIT":13960276100,"NETCASH_OPERATE":4302426600,"NETCASH_INVEST":7881322000,"NETCASH_FINANCE":-2293335500,"END_CASH":24244755300,"DIVI_RATIO":null,"DIVIDEND_RATE":null,"CURRENT_RATIO":2.253143336127,"COMMON_ACS":20000000000,"CURRENTDEBT_DEBT":32.167895020672,"ISSUED_COMMON_SHARES":15193014862,"HK_COMMON_SHARES":15193014862,"PER_SHARES":1000,"TOTAL_MARKET_CAP":49377298301.5,"HKSK_MARKET_CAP":49377298301.5,"PE_TTM":14.853659911602,"PB_TTM":0.528580556141,"REPORT_DATE_SQ":"2020-06-30 00:00:00","REPORT_TYPE_SQ":"2020年中报","OPERATE_INCOME_SQ":28424192500,"DPS_HKD":null,"OPERATE_INCOME_QOQ_SQ":-6.102787077015,"NET_PROFIT_RATIO_SQ":-3.0884184309,"HOLDER_PROFIT_SQ":-877858000,"HOLDER_PROFIT_QOQ_SQ":-77.264865722026,"ROE_AVG_SQ":-1.948919449902,"PE_TTM_SQ":9.368226566052,"PB_TTM_SQ":0.433198043591,"ROA_SQ":-0.718091267084,"START_DATE":"2021-01-01 00:00:00","FISCAL_YEAR":"12-31","CURRENCY":"HKD","IS_CNY_CODE":0,"DPS_HKD_LY":null,"ORG_TYPE":"一般企业","PREMIUM_INCOME":null,"PREMIUM_INCOME_YOY":null,"NET_INTEREST_INCOME":null,"NET_INTEREST_INCOME_YOY":null,"FEE_COMMISSION_INCOME":null,"FEE_COMMISSION_INCOME_YOY":null,"ACCOUNTS_RECE_TDAYS":4.191538461538,"INVENTORY_TDAYS":1.525769077107,"CURRENT_ASSETS_TDAYS":0.781722975396,"TOTAL_ASSETS_TDAYS":0.287971673185,"PREMIUM_EXPENSE":null,"LOAN_DEPOSIT":null,"LOAN_EQUITY":null,"LOAN_ASSETS":null,"DEPOSIT_EQUITY":null,"DEPOSIT_ASSETS":null,"EQUITY_MULTIPLIER":2.191220556747,"EQUITY_RATIO":1.191220556745},{"SECUCODE":"00486.HK","SECURITY_CODE":"00486","SECURITY_NAME_ABBR":"俄铝","ORG_CODE":"10142111","STD_REPORT_DATE":"2020-12-31 00:00:00","REPORT_DATE":"2020-12-31 00:00:00","DATE_TYPE_CODE":"001","REPORT_TYPE":"2020年年报","PER_NETCASH_OPERATE":0.468548603727,"PER_OI":3.678815159972,"BPS":2.810003221071,"BASIC_EPS":0.326245,"DILUTED_EPS":0.326245,"OPERATE_INCOME":55892293400,"OPERATE_INCOME_YOY":-11.7907527546,"GROSS_PROFIT":9487204600,"GROSS_PROFIT_YOY":-14.897450903966,"HOLDER_PROFIT":4952399100,"HOLDER_PROFIT_YOY":-20.9375,"GROSS_PROFIT_RATIO":16.974083586271,"EPS_TTM":0.325965527249,"OPERATE_INCOME_QOQ":-12.134911346954,"NET_PROFIT_RATIO":8.8606117208,"ROE_AVG":11.422121896163,"GROSS_PROFIT_QOQ":4.047054707128,"ROA":4.31348033644,"HOLDER_PROFIT_QOQ":225.257977028208,"ROE_YEARLY":11.422121896163,"ROIC_YEARLY":4.868193188378,"TOTAL_ASSETS":113389712200,"TOTAL_LIABILITIES":70697291500,"TAX_EBT":-6.005586592179,"OCF_SALES":12.736399719823,"TOTAL_PARENT_EQUITY":42692420700,"DEBT_ASSET_RATIO":62.3489469444,"OPERATE_PROFIT":1820447100,"PRETAX_PROFIT":4671828400,"NETCASH_OPERATE":7118665900,"NETCASH_INVEST":835187200,"NETCASH_FINANCE":-4528280600,"END_CASH":14459178400,"DIVI_RATIO":null,"DIVIDEND_RATE":null,"CURRENT_RATIO":2.105696882838,"COMMON_ACS":20000000000,"CURRENTDEBT_DEBT":25.759113982464,"ISSUED_COMMON_SHARES":15193014862,"HK_COMMON_SHARES":15193014862,"PER_SHARES":1000,"TOTAL_MARKET_CAP":49377298301.5,"HKSK_MARKET_CAP":49377298301.5,"PE_TTM":14.853659911602,"PB_TTM":0.528580556141,"REPORT_DATE_SQ":"2019-12-31 00:00:00","REPORT_TYPE_SQ":"2019年年报","OPERATE_INCOME_SQ":67745878200,"DPS_HKD":null,"OPERATE_INCOME_QOQ_SQ":-3.288045068372,"NET_PROFIT_RATIO_SQ":9.8856966327,"HOLDER_PROFIT_SQ":6697152000,"HOLDER_PROFIT_QOQ_SQ":-27.131946068201,"ROE_AVG_SQ":16.058882569421,"PE_TTM_SQ":9.368226566052,"PB_TTM_SQ":0.433198043591,"ROA_SQ":5.715816736626,"START_DATE":"2020-01-01 00:00:00","FISCAL_YEAR":"12-31","CURRENCY":"HKD","IS_CNY_CODE":0,"DPS_HKD_LY":null,"ORG_TYPE":"一般企业","PREMIUM_INCOME":null,"PREMIUM_INCOME_YOY":null,"NET_INTEREST_INCOME":null,"NET_INTEREST_INCOME_YOY":null,"FEE_COMMISSION_INCOME":null,"FEE_COMMISSION_INCOME_YOY":null,"ACCOUNTS_RECE_TDAYS":6.814638027049,"INVENTORY_TDAYS":2.993265993266,"CURRENT_ASSETS_TDAYS":1.410621655002,"TOTAL_ASSETS_TDAYS":0.486815185269,"PREMIUM_EXPENSE":null,"LOAN_DEPOSIT":null,"LOAN_EQUITY":null,"LOAN_ASSETS":null,"DEPOSIT_EQUITY":null,"DEPOSIT_ASSETS":null,"EQUITY_MULTIPLIER":2.6559682103,"EQUITY_RATIO":1.655968210301},{"SECUCODE":"00486.HK","SECURITY_CODE":"00486","SECURITY_NAME_ABBR":"俄铝","ORG_CODE":"10142111","STD_REPORT_DATE":"2020-06-30 00:00:00","REPORT_DATE":"2020-06-30 00:00:00","DATE_TYPE_CODE":"002","REPORT_TYPE":"2020年中报","PER_NETCASH_OPERATE":0.080612933715,"PER_OI":1.870872421187,"BPS":2.785572934958,"BASIC_EPS":-0.0580519,"DILUTED_EPS":-0.0580519,"OPERATE_INCOME":28424192500,"OPERATE_INCOME_YOY":-15.2238175676,"GROSS_PROFIT":3504352500,"GROSS_PROFIT_YOY":-36.677485282926,"HOLDER_PROFIT":-877858000,"HOLDER_PROFIT_YOY":-119.84,"GROSS_PROFIT_RATIO":12.328767123288,"EPS_TTM":0.100217535086,"OPERATE_INCOME_QOQ":-6.102787077015,"NET_PROFIT_RATIO":-3.0884184309,"ROE_AVG":-1.948919449902,"GROSS_PROFIT_QOQ":-18.207632752718,"ROA":-0.718091267084,"HOLDER_PROFIT_QOQ":-77.264865722026,"ROE_YEARLY":-3.897838899804,"ROIC_YEARLY":-1.617795753286,"TOTAL_ASSETS":118383399000,"TOTAL_LIABILITIES":76062148000,"TAX_EBT":39.21568627451,"OCF_SALES":4.308841843088,"TOTAL_PARENT_EQUITY":42321251000,"DEBT_ASSET_RATIO":64.2506877168,"OPERATE_PROFIT":-750427000,"PRETAX_PROFIT":-1444218000,"NETCASH_OPERATE":1224753500,"NETCASH_INVEST":2817641000,"NETCASH_FINANCE":-1330946000,"END_CASH":14753678000,"DIVI_RATIO":null,"DIVIDEND_RATE":null,"CURRENT_RATIO":2.337406385495,"COMMON_ACS":20000000000,"CURRENTDEBT_DEBT":23.613179448995,"ISSUED_COMMON_SHARES":15193014862,"HK_COMMON_SHARES":15193014862,"PER_SHARES":1000,"TOTAL_MARKET_CAP":49377298301.5,"HKSK_MARKET_CAP":49377298301.5,"PE_TTM":14.853659911602,"PB_TTM":0.528580556141,"REPORT_DATE_SQ":"2019-06-30 00:00:00","REPORT_TYPE_SQ":"2019年中报","OPERATE_INCOME_SQ":32558579200,"DPS_HKD":null,"OPERATE_INCOME_QOQ_SQ":3.148658233592,"NET_PROFIT_RATIO_SQ":11.7820945946,"HOLDER_PROFIT_SQ":4296687500,"HOLDER_PROFIT_QOQ_SQ":-8.742124486906,"ROE_AVG_SQ":9.721254355401,"PE_TTM_SQ":9.368226566052,"PB_TTM_SQ":0.433198043591,"ROA_SQ":3.368446470073,"START_DATE":"2020-01-01 00:00:00","FISCAL_YEAR":"12-31","CURRENCY":"HKD","IS_CNY_CODE":0,"DPS_HKD_LY":null,"ORG_TYPE":"一般企业","PREMIUM_INCOME":null,"PREMIUM_INCOME_YOY":null,"NET_INTEREST_INCOME":null,"NET_INTEREST_INCOME_YOY":null,"FEE_COMMISSION_INCOME":null,"FEE_COMMISSION_INCOME_YOY":null,"ACCOUNTS_RECE_TDAYS":3.201754385965,"INVENTORY_TDAYS":1.450948062655,"CURRENT_ASSETS_TDAYS":0.658304640105,"TOTAL_ASSETS_TDAYS":0.232511003011,"PREMIUM_EXPENSE":null,"LOAN_DEPOSIT":null,"LOAN_EQUITY":null,"LOAN_ASSETS":null,"DEPOSIT_EQUITY":null,"DEPOSIT_ASSETS":null,"EQUITY_MULTIPLIER":2.797256607563,"EQUITY_RATIO":1.797256607561}],"count":51},"success":true,"message":"ok","code":0}