{"version":"512118a13f64eb18a4688808fdeabe67","result":{"pages":6,"data":[{"SECUCODE":"00489.HK","SECURITY_CODE":"00489","SECURITY_NAME_ABBR":"东风集团股份","ORG_CODE":"10033200","STD_REPORT_DATE":"2024-06-30 00:00:00","REPORT_DATE":"2024-06-30 00:00:00","DATE_TYPE_CODE":"002","REPORT_TYPE":"2024年中报","PER_NETCASH_OPERATE":-0.059860009975,"PER_OI":6.197449818166,"BPS":18.461360242387,"BASIC_EPS":0.0827,"DILUTED_EPS":0.0827,"OPERATE_INCOME":51145000000,"OPERATE_INCOME_YOY":12.0617879053,"GROSS_PROFIT":5936000000,"GROSS_PROFIT_YOY":14.949651432998,"HOLDER_PROFIT":684000000,"HOLDER_PROFIT_YOY":-47.9452054795,"GROSS_PROFIT_RATIO":11.60621761658,"EPS_TTM":-0.560551429442,"OPERATE_INCOME_QOQ":5.542969339979,"NET_PROFIT_RATIO":0.0782090136,"ROE_AVG":0.446712840055,"GROSS_PROFIT_QOQ":8.155503908726,"ROA":0.20915896081,"HOLDER_PROFIT_QOQ":-15.765765765766,"ROE_YEARLY":0.893425680111,"ROIC_YEARLY":0.562224898179,"TOTAL_ASSETS":323370000000,"TOTAL_LIABILITIES":164832000000,"TAX_EBT":68.992248062016,"OCF_SALES":-0.965881317822,"TOTAL_PARENT_EQUITY":152354000000,"DEBT_ASSET_RATIO":50.9731886075,"OPERATE_PROFIT":-537000000,"PRETAX_PROFIT":129000000,"NETCASH_OPERATE":-494000000,"NETCASH_INVEST":-8254000000,"NETCASH_FINANCE":-3124000000,"END_CASH":60561000000,"DIVI_RATIO":-0.08906158004,"DIVIDEND_RATE":1.237556561086,"CURRENT_RATIO":1.264933628319,"COMMON_ACS":null,"CURRENTDEBT_DEBT":80.071830712483,"ISSUED_COMMON_SHARES":8252588000,"HK_COMMON_SHARES":2492200000,"PER_SHARES":2000,"TOTAL_MARKET_CAP":36476438960,"HKSK_MARKET_CAP":11015524000,"PE_TTM":-7.17294929734,"PB_TTM":0.218512912756,"REPORT_DATE_SQ":"2023-06-30 00:00:00","REPORT_TYPE_SQ":"2023年中报","OPERATE_INCOME_SQ":45640000000,"DPS_HKD":0.0547,"OPERATE_INCOME_QOQ_SQ":1.38242880114,"NET_PROFIT_RATIO_SQ":0.450992841,"HOLDER_PROFIT_SQ":1314000000,"HOLDER_PROFIT_QOQ_SQ":-41.207988309791,"ROE_AVG_SQ":0.812914458356,"PE_TTM_SQ":4.000076697143,"PB_TTM_SQ":0.151604979681,"ROA_SQ":0.392734716976,"START_DATE":"2024-01-01 00:00:00","FISCAL_YEAR":"12-31","CURRENCY":"HKD","IS_CNY_CODE":0,"DPS_HKD_LY":0.0547,"ORG_TYPE":"一般企业","PREMIUM_INCOME":null,"PREMIUM_INCOME_YOY":null,"NET_INTEREST_INCOME":null,"NET_INTEREST_INCOME_YOY":null,"FEE_COMMISSION_INCOME":null,"FEE_COMMISSION_INCOME_YOY":null,"ACCOUNTS_RECE_TDAYS":2.78037510193,"INVENTORY_TDAYS":3.350055576139,"CURRENT_ASSETS_TDAYS":0.296013126557,"TOTAL_ASSETS_TDAYS":0.156395249278,"PREMIUM_EXPENSE":null,"LOAN_DEPOSIT":null,"LOAN_EQUITY":null,"LOAN_ASSETS":null,"DEPOSIT_EQUITY":null,"DEPOSIT_ASSETS":null,"EQUITY_MULTIPLIER":2.039700261137,"EQUITY_RATIO":1.081901361303},{"SECUCODE":"00489.HK","SECURITY_CODE":"00489","SECURITY_NAME_ABBR":"东风集团股份","ORG_CODE":"10033200","STD_REPORT_DATE":"2023-12-31 00:00:00","REPORT_DATE":"2023-12-31 00:00:00","DATE_TYPE_CODE":"001","REPORT_TYPE":"2023年年报","PER_NETCASH_OPERATE":1.030202407732,"PER_OI":11.962416944222,"BPS":18.513828631697,"BASIC_EPS":-0.4694,"DILUTED_EPS":-0.4694,"OPERATE_INCOME":99315000000,"OPERATE_INCOME_YOY":7.1787013155,"GROSS_PROFIT":9466000000,"GROSS_PROFIT_YOY":7.239152599977,"HOLDER_PROFIT":-3996000000,"HOLDER_PROFIT_YOY":-138.9283974671,"GROSS_PROFIT_RATIO":9.531289331924,"EPS_TTM":-0.481315190144,"OPERATE_INCOME_QOQ":5.717235800051,"NET_PROFIT_RATIO":-6.8599909379,"ROE_AVG":-2.589432962134,"GROSS_PROFIT_QOQ":10.056970119754,"ROA":-1.209600523071,"HOLDER_PROFIT_QOQ":-166.213753106877,"ROE_YEARLY":-2.589432962134,"ROIC_YEARLY":-1.608485202218,"TOTAL_ASSETS":336430000000,"TOTAL_LIABILITIES":175714000000,"TAX_EBT":-6.703210649961,"OCF_SALES":8.611992146201,"TOTAL_PARENT_EQUITY":153883000000,"DEBT_ASSET_RATIO":51.7328035128,"OPERATE_PROFIT":-6597000000,"PRETAX_PROFIT":-6385000000,"NETCASH_OPERATE":8553000000,"NETCASH_INVEST":129000000,"NETCASH_FINANCE":-1627000000,"END_CASH":72395000000,"DIVI_RATIO":-0.103723291977,"DIVIDEND_RATE":1.370927318296,"CURRENT_RATIO":1.343301093546,"COMMON_ACS":null,"CURRENTDEBT_DEBT":78.16110270098,"ISSUED_COMMON_SHARES":8252588000,"HK_COMMON_SHARES":2492200000,"PER_SHARES":2000,"TOTAL_MARKET_CAP":32927826120,"HKSK_MARKET_CAP":9943878000,"PE_TTM":-6.475128438097,"PB_TTM":0.197254869207,"REPORT_DATE_SQ":"2022-12-31 00:00:00","REPORT_TYPE_SQ":"2022年年报","OPERATE_INCOME_SQ":92663000000,"DPS_HKD":0.0547,"OPERATE_INCOME_QOQ_SQ":6.179672281425,"NET_PROFIT_RATIO_SQ":10.0503976776,"HOLDER_PROFIT_SQ":10265000000,"HOLDER_PROFIT_QOQ_SQ":23.630013248224,"ROE_AVG_SQ":6.76929975831,"PE_TTM_SQ":5.132778050839,"PB_TTM_SQ":0.194534947957,"ROA_SQ":3.159419085477,"START_DATE":"2023-01-01 00:00:00","FISCAL_YEAR":"12-31","CURRENCY":"HKD","IS_CNY_CODE":0,"DPS_HKD_LY":0.3279,"ORG_TYPE":"一般企业","PREMIUM_INCOME":null,"PREMIUM_INCOME_YOY":null,"NET_INTEREST_INCOME":null,"NET_INTEREST_INCOME_YOY":null,"FEE_COMMISSION_INCOME":null,"FEE_COMMISSION_INCOME_YOY":null,"ACCOUNTS_RECE_TDAYS":6.248780948186,"INVENTORY_TDAYS":6.566469341519,"CURRENT_ASSETS_TDAYS":0.549290399655,"TOTAL_ASSETS_TDAYS":0.300629319191,"PREMIUM_EXPENSE":null,"LOAN_DEPOSIT":null,"LOAN_EQUITY":null,"LOAN_ASSETS":null,"DEPOSIT_EQUITY":null,"DEPOSIT_ASSETS":null,"EQUITY_MULTIPLIER":2.071800462381,"EQUITY_RATIO":1.141867522728},{"SECUCODE":"00489.HK","SECURITY_CODE":"00489","SECURITY_NAME_ABBR":"东风集团股份","ORG_CODE":"10033200","STD_REPORT_DATE":"2023-06-30 00:00:00","REPORT_DATE":"2023-06-30 00:00:00","DATE_TYPE_CODE":"002","REPORT_TYPE":"2023年中报","PER_NETCASH_OPERATE":-0.932334810644,"PER_OI":5.34973104825,"BPS":18.976350206747,"BASIC_EPS":0.153,"DILUTED_EPS":0.153,"OPERATE_INCOME":45640000000,"OPERATE_INCOME_YOY":2.8853950806,"GROSS_PROFIT":5164000000,"GROSS_PROFIT_YOY":-0.920951650038,"HOLDER_PROFIT":1314000000,"HOLDER_PROFIT_YOY":-76.9090909091,"GROSS_PROFIT_RATIO":10.915778181579,"EPS_TTM":0.707397609031,"OPERATE_INCOME_QOQ":1.38242880114,"NET_PROFIT_RATIO":0.450992841,"ROE_AVG":0.812914458356,"GROSS_PROFIT_QOQ":-2.560326271666,"ROA":0.392734716976,"HOLDER_PROFIT_QOQ":-41.207988309791,"ROE_YEARLY":1.625828916711,"ROIC_YEARLY":1.020742369047,"TOTAL_ASSETS":316711000000,"TOTAL_LIABILITIES":151475000000,"TAX_EBT":18.506493506494,"OCF_SALES":-17.413577949515,"TOTAL_PARENT_EQUITY":156604000000,"DEBT_ASSET_RATIO":47.8275146743,"OPERATE_PROFIT":-796000000,"PRETAX_PROFIT":308000000,"NETCASH_OPERATE":-7413000000,"NETCASH_INVEST":3573000000,"NETCASH_FINANCE":335000000,"END_CASH":61925000000,"DIVI_RATIO":0.07057360014,"DIVIDEND_RATE":1.370927318296,"CURRENT_RATIO":1.489731675741,"COMMON_ACS":null,"CURRENTDEBT_DEBT":74.450569400891,"ISSUED_COMMON_SHARES":8252588000,"HK_COMMON_SHARES":2492200000,"PER_SHARES":2000,"TOTAL_MARKET_CAP":32927826120,"HKSK_MARKET_CAP":9943878000,"PE_TTM":-6.475128438097,"PB_TTM":0.197254869207,"REPORT_DATE_SQ":"2022-06-30 00:00:00","REPORT_TYPE_SQ":"2022年中报","OPERATE_INCOME_SQ":44396000000,"DPS_HKD":0.0547,"OPERATE_INCOME_QOQ_SQ":-22.775378734249,"NET_PROFIT_RATIO_SQ":11.6364621183,"HOLDER_PROFIT_SQ":5500000000,"HOLDER_PROFIT_QOQ_SQ":-27.083516290507,"ROE_AVG_SQ":3.749847401761,"PE_TTM_SQ":5.132778050839,"PB_TTM_SQ":0.194534947957,"ROA_SQ":1.764413043062,"START_DATE":"2023-01-01 00:00:00","FISCAL_YEAR":"12-31","CURRENCY":"HKD","IS_CNY_CODE":0,"DPS_HKD_LY":0.3279,"ORG_TYPE":"一般企业","PREMIUM_INCOME":null,"PREMIUM_INCOME_YOY":null,"NET_INTEREST_INCOME":null,"NET_INTEREST_INCOME_YOY":null,"FEE_COMMISSION_INCOME":null,"FEE_COMMISSION_INCOME_YOY":null,"ACCOUNTS_RECE_TDAYS":3.057956448911,"INVENTORY_TDAYS":3.086509652217,"CURRENT_ASSETS_TDAYS":0.260262615845,"TOTAL_ASSETS_TDAYS":0.141251524939,"PREMIUM_EXPENSE":null,"LOAN_DEPOSIT":null,"LOAN_EQUITY":null,"LOAN_ASSETS":null,"DEPOSIT_EQUITY":null,"DEPOSIT_ASSETS":null,"EQUITY_MULTIPLIER":1.916719116901,"EQUITY_RATIO":0.967248601568},{"SECUCODE":"00489.HK","SECURITY_CODE":"00489","SECURITY_NAME_ABBR":"东风集团股份","ORG_CODE":"10033200","STD_REPORT_DATE":"2022-12-31 00:00:00","REPORT_DATE":"2022-12-31 00:00:00","DATE_TYPE_CODE":"001","REPORT_TYPE":"2022年年报","PER_NETCASH_OPERATE":0.761595706652,"PER_OI":10.754608803034,"BPS":18.885227276583,"BASIC_EPS":1.1914,"DILUTED_EPS":1.1914,"OPERATE_INCOME":92663000000,"OPERATE_INCOME_YOY":-18.1190795985,"GROSS_PROFIT":8827000000,"GROSS_PROFIT_YOY":-38.008287098813,"HOLDER_PROFIT":10265000000,"HOLDER_PROFIT_YOY":-9.9008162907,"GROSS_PROFIT_RATIO":9.525916493099,"EPS_TTM":1.191371522217,"OPERATE_INCOME_QOQ":6.179672281425,"NET_PROFIT_RATIO":10.0503976776,"ROE_AVG":6.76929975831,"GROSS_PROFIT_QOQ":-3.498414780802,"ROA":3.159419085477,"HOLDER_PROFIT_QOQ":23.630013248224,"ROE_YEARLY":6.76929975831,"ROIC_YEARLY":3.970364410992,"TOTAL_ASSETS":330036000000,"TOTAL_LIABILITIES":164500000000,"TAX_EBT":-11.080629770992,"OCF_SALES":7.081575170241,"TOTAL_PARENT_EQUITY":155852000000,"DEBT_ASSET_RATIO":49.8430474251,"OPERATE_PROFIT":-3333000000,"PRETAX_PROFIT":8384000000,"NETCASH_OPERATE":6562000000,"NETCASH_INVEST":8369000000,"NETCASH_FINANCE":1130000000,"END_CASH":65244000000,"DIVI_RATIO":0.041904305306,"DIVIDEND_RATE":1.370927318296,"CURRENT_RATIO":1.406976297196,"COMMON_ACS":null,"CURRENTDEBT_DEBT":79.069300911854,"ISSUED_COMMON_SHARES":8252588000,"HK_COMMON_SHARES":2492200000,"PER_SHARES":2000,"TOTAL_MARKET_CAP":32927826120,"HKSK_MARKET_CAP":9943878000,"PE_TTM":-6.475128438097,"PB_TTM":0.197254869207,"REPORT_DATE_SQ":"2021-12-31 00:00:00","REPORT_TYPE_SQ":"2021年年报","OPERATE_INCOME_SQ":113168000000,"DPS_HKD":0.0547,"OPERATE_INCOME_QOQ_SQ":-11.187953852441,"NET_PROFIT_RATIO_SQ":10.0656590684,"HOLDER_PROFIT_SQ":11393000000,"HOLDER_PROFIT_QOQ_SQ":-27.829889719863,"ROE_AVG_SQ":8.040389062472,"PE_TTM_SQ":5.132778050839,"PB_TTM_SQ":0.194534947957,"ROA_SQ":3.579196841682,"START_DATE":"2022-01-01 00:00:00","FISCAL_YEAR":"12-31","CURRENCY":"HKD","IS_CNY_CODE":0,"DPS_HKD_LY":0.3498,"ORG_TYPE":"一般企业","PREMIUM_INCOME":null,"PREMIUM_INCOME_YOY":null,"NET_INTEREST_INCOME":null,"NET_INTEREST_INCOME_YOY":null,"FEE_COMMISSION_INCOME":null,"FEE_COMMISSION_INCOME_YOY":null,"ACCOUNTS_RECE_TDAYS":7.910449035342,"INVENTORY_TDAYS":6.82953851167,"CURRENT_ASSETS_TDAYS":0.517845417026,"TOTAL_ASSETS_TDAYS":0.285203361634,"PREMIUM_EXPENSE":null,"LOAN_DEPOSIT":null,"LOAN_EQUITY":null,"LOAN_ASSETS":null,"DEPOSIT_EQUITY":null,"DEPOSIT_ASSETS":null,"EQUITY_MULTIPLIER":1.993741542624,"EQUITY_RATIO":1.05548854041},{"SECUCODE":"00489.HK","SECURITY_CODE":"00489","SECURITY_NAME_ABBR":"东风集团股份","ORG_CODE":"10033200","STD_REPORT_DATE":"2022-06-30 00:00:00","REPORT_DATE":"2022-06-30 00:00:00","DATE_TYPE_CODE":"002","REPORT_TYPE":"2022年中报","PER_NETCASH_OPERATE":-0.448577782111,"PER_OI":5.152667325896,"BPS":17.86869767399,"BASIC_EPS":0.6384,"DILUTED_EPS":0.6384,"OPERATE_INCOME":44396000000,"OPERATE_INCOME_YOY":-36.7439005239,"GROSS_PROFIT":5212000000,"GROSS_PROFIT_YOY":-49.136332585147,"HOLDER_PROFIT":5500000000,"HOLDER_PROFIT_YOY":-35.8063392546,"GROSS_PROFIT_RATIO":11.744792254395,"EPS_TTM":0.963658816265,"OPERATE_INCOME_QOQ":-22.775378734249,"NET_PROFIT_RATIO":11.6364621183,"ROE_AVG":3.749847401761,"GROSS_PROFIT_QOQ":-35.53911205074,"ROA":1.764413043062,"HOLDER_PROFIT_QOQ":-27.083516290507,"ROE_YEARLY":7.499694803521,"ROIC_YEARLY":4.385780520598,"TOTAL_ASSETS":306957000000,"TOTAL_LIABILITIES":155180000000,"TAX_EBT":-0.530347672363,"OCF_SALES":-8.722832833059,"TOTAL_PARENT_EQUITY":147463000000,"DEBT_ASSET_RATIO":50.5543121675,"OPERATE_PROFIT":-202000000,"PRETAX_PROFIT":5091000000,"NETCASH_OPERATE":-3895000000,"NETCASH_INVEST":10484000000,"NETCASH_FINANCE":6581000000,"END_CASH":62041000000,"DIVI_RATIO":0.051806298202,"DIVIDEND_RATE":1.370927318296,"CURRENT_RATIO":1.371915901309,"COMMON_ACS":null,"CURRENTDEBT_DEBT":80.54903982472,"ISSUED_COMMON_SHARES":8252588000,"HK_COMMON_SHARES":2492200000,"PER_SHARES":2000,"TOTAL_MARKET_CAP":32927826120,"HKSK_MARKET_CAP":9943878000,"PE_TTM":-6.475128438097,"PB_TTM":0.197254869207,"REPORT_DATE_SQ":"2021-06-30 00:00:00","REPORT_TYPE_SQ":"2021年中报","OPERATE_INCOME_SQ":70047000000,"DPS_HKD":0.0547,"OPERATE_INCOME_QOQ_SQ":17.857804453336,"NET_PROFIT_RATIO_SQ":13.2544090701,"HOLDER_PROFIT_SQ":8613000000,"HOLDER_PROFIT_QOQ_SQ":46.200889547813,"ROE_AVG_SQ":6.061968506426,"PE_TTM_SQ":5.132778050839,"PB_TTM_SQ":0.194534947957,"ROA_SQ":2.69139837936,"START_DATE":"2022-01-01 00:00:00","FISCAL_YEAR":"12-31","CURRENCY":"HKD","IS_CNY_CODE":0,"DPS_HKD_LY":0.3498,"ORG_TYPE":"一般企业","PREMIUM_INCOME":null,"PREMIUM_INCOME_YOY":null,"NET_INTEREST_INCOME":null,"NET_INTEREST_INCOME_YOY":null,"FEE_COMMISSION_INCOME":null,"FEE_COMMISSION_INCOME_YOY":null,"ACCOUNTS_RECE_TDAYS":4.945802929872,"INVENTORY_TDAYS":3.19929640841,"CURRENT_ASSETS_TDAYS":0.255855918281,"TOTAL_ASSETS_TDAYS":0.141398765645,"PREMIUM_EXPENSE":null,"LOAN_DEPOSIT":null,"LOAN_EQUITY":null,"LOAN_ASSETS":null,"DEPOSIT_EQUITY":null,"DEPOSIT_ASSETS":null,"EQUITY_MULTIPLIER":2.022421051938,"EQUITY_RATIO":1.05233177136},{"SECUCODE":"00489.HK","SECURITY_CODE":"00489","SECURITY_NAME_ABBR":"东风集团股份","ORG_CODE":"10033200","STD_REPORT_DATE":"2021-12-31 00:00:00","REPORT_DATE":"2021-12-31 00:00:00","DATE_TYPE_CODE":"001","REPORT_TYPE":"2021年年报","PER_NETCASH_OPERATE":1.026332038087,"PER_OI":13.13445030942,"BPS":17.85403560677,"BASIC_EPS":1.3223,"DILUTED_EPS":1.3223,"OPERATE_INCOME":113168000000,"OPERATE_INCOME_YOY":4.2115067179,"GROSS_PROFIT":14239000000,"GROSS_PROFIT_YOY":-9.948140652669,"HOLDER_PROFIT":11393000000,"HOLDER_PROFIT_YOY":5.846811675,"GROSS_PROFIT_RATIO":12.556633158714,"EPS_TTM":1.321592549779,"OPERATE_INCOME_QOQ":-11.187953852441,"NET_PROFIT_RATIO":10.0656590684,"ROE_AVG":8.040389062472,"GROSS_PROFIT_QOQ":-21.358900465529,"ROA":3.579196841682,"HOLDER_PROFIT_QOQ":-27.829889719863,"ROE_YEARLY":8.040389062472,"ROIC_YEARLY":4.310498203801,"TOTAL_ASSETS":320073000000,"TOTAL_LIABILITIES":167895000000,"TAX_EBT":10.833463888454,"OCF_SALES":7.825109726745,"TOTAL_PARENT_EQUITY":147429000000,"DEBT_ASSET_RATIO":52.4453742882,"OPERATE_PROFIT":-569000000,"PRETAX_PROFIT":12766000000,"NETCASH_OPERATE":8893000000,"NETCASH_INVEST":5314000000,"NETCASH_FINANCE":-11260000000,"END_CASH":49030000000,"DIVI_RATIO":0.037775330989,"DIVIDEND_RATE":1.370927318296,"CURRENT_RATIO":1.252775986819,"COMMON_ACS":null,"CURRENTDEBT_DEBT":83.254414961732,"ISSUED_COMMON_SHARES":8252588000,"HK_COMMON_SHARES":2492200000,"PER_SHARES":2000,"TOTAL_MARKET_CAP":32927826120,"HKSK_MARKET_CAP":9943878000,"PE_TTM":-6.475128438097,"PB_TTM":0.197254869207,"REPORT_DATE_SQ":"2020-12-31 00:00:00","REPORT_TYPE_SQ":"2020年年报","OPERATE_INCOME_SQ":108441000000,"DPS_HKD":0.0547,"OPERATE_INCOME_QOQ_SQ":4.600062005891,"NET_PROFIT_RATIO_SQ":9.8180875107,"HOLDER_PROFIT_SQ":10758000000,"HOLDER_PROFIT_QOQ_SQ":46.292530839094,"ROE_AVG_SQ":8.188505590142,"PE_TTM_SQ":5.132778050839,"PB_TTM_SQ":0.194534947957,"ROA_SQ":3.667498695883,"START_DATE":"2021-01-01 00:00:00","FISCAL_YEAR":"12-31","CURRENCY":"HKD","IS_CNY_CODE":0,"DPS_HKD_LY":0.4818,"ORG_TYPE":"一般企业","PREMIUM_INCOME":null,"PREMIUM_INCOME_YOY":null,"NET_INTEREST_INCOME":null,"NET_INTEREST_INCOME_YOY":null,"FEE_COMMISSION_INCOME":null,"FEE_COMMISSION_INCOME_YOY":null,"ACCOUNTS_RECE_TDAYS":11.809245538975,"INVENTORY_TDAYS":8.254437622687,"CURRENT_ASSETS_TDAYS":0.651421785922,"TOTAL_ASSETS_TDAYS":0.355210219272,"PREMIUM_EXPENSE":null,"LOAN_DEPOSIT":null,"LOAN_EQUITY":null,"LOAN_ASSETS":null,"DEPOSIT_EQUITY":null,"DEPOSIT_ASSETS":null,"EQUITY_MULTIPLIER":2.1028448548,"EQUITY_RATIO":1.138819363897},{"SECUCODE":"00489.HK","SECURITY_CODE":"00489","SECURITY_NAME_ABBR":"东风集团股份","ORG_CODE":"10033200","STD_REPORT_DATE":"2021-06-30 00:00:00","REPORT_DATE":"2021-06-30 00:00:00","DATE_TYPE_CODE":"002","REPORT_TYPE":"2021年中报","PER_NETCASH_OPERATE":-1.330761410008,"PER_OI":8.129761423936,"BPS":18.02949571698,"BASIC_EPS":0.9997,"DILUTED_EPS":0.9997,"OPERATE_INCOME":70047000000,"OPERATE_INCOME_YOY":38.120847833,"GROSS_PROFIT":10247000000,"GROSS_PROFIT_YOY":31.10286591607,"HOLDER_PROFIT":8613000000,"HOLDER_PROFIT_YOY":136.8652209717,"GROSS_PROFIT_RATIO":14.601465872652,"EPS_TTM":1.831218692404,"OPERATE_INCOME_QOQ":17.857804453336,"NET_PROFIT_RATIO":13.2544090701,"ROE_AVG":6.061968506426,"GROSS_PROFIT_QOQ":15.22349936143,"ROA":2.69139837936,"HOLDER_PROFIT_QOQ":46.200889547813,"ROE_YEARLY":12.123937012852,"ROIC_YEARLY":6.332653270905,"TOTAL_ASSETS":324707000000,"TOTAL_LIABILITIES":170555000000,"TAX_EBT":12.319802731411,"OCF_SALES":-16.413765460376,"TOTAL_PARENT_EQUITY":148790000000,"DEBT_ASSET_RATIO":52.5258155814,"OPERATE_PROFIT":3659000000,"PRETAX_PROFIT":10544000000,"NETCASH_OPERATE":-11591000000,"NETCASH_INVEST":10227000000,"NETCASH_FINANCE":-8203000000,"END_CASH":36829000000,"DIVI_RATIO":0.027262498033,"DIVIDEND_RATE":1.370927318296,"CURRENT_RATIO":1.166226763963,"COMMON_ACS":null,"CURRENTDEBT_DEBT":83.080531206942,"ISSUED_COMMON_SHARES":8252588000,"HK_COMMON_SHARES":2492200000,"PER_SHARES":2000,"TOTAL_MARKET_CAP":32927826120,"HKSK_MARKET_CAP":9943878000,"PE_TTM":-6.475128438097,"PB_TTM":0.197254869207,"REPORT_DATE_SQ":"2020-06-30 00:00:00","REPORT_TYPE_SQ":"2020年中报","OPERATE_INCOME_SQ":50576000000,"DPS_HKD":0.0547,"OPERATE_INCOME_QOQ_SQ":2.106106621029,"NET_PROFIT_RATIO_SQ":5.4472477064,"HOLDER_PROFIT_SQ":3643000000,"HOLDER_PROFIT_QOQ_SQ":-42.627158189454,"ROE_AVG_SQ":2.34975357952,"PE_TTM_SQ":5.132778050839,"PB_TTM_SQ":0.194534947957,"ROA_SQ":1.070277286219,"START_DATE":"2021-01-01 00:00:00","FISCAL_YEAR":"12-31","CURRENCY":"HKD","IS_CNY_CODE":0,"DPS_HKD_LY":0.4818,"ORG_TYPE":"一般企业","PREMIUM_INCOME":null,"PREMIUM_INCOME_YOY":null,"NET_INTEREST_INCOME":null,"NET_INTEREST_INCOME_YOY":null,"FEE_COMMISSION_INCOME":null,"FEE_COMMISSION_INCOME_YOY":null,"ACCOUNTS_RECE_TDAYS":5.709965355614,"INVENTORY_TDAYS":5.234130291731,"CURRENT_ASSETS_TDAYS":0.414163961641,"TOTAL_ASSETS_TDAYS":0.217881939029,"PREMIUM_EXPENSE":null,"LOAN_DEPOSIT":null,"LOAN_EQUITY":null,"LOAN_ASSETS":null,"DEPOSIT_EQUITY":null,"DEPOSIT_ASSETS":null,"EQUITY_MULTIPLIER":2.106407960972,"EQUITY_RATIO":1.146279991935},{"SECUCODE":"00489.HK","SECURITY_CODE":"00489","SECURITY_NAME_ABBR":"东风集团股份","ORG_CODE":"10033200","STD_REPORT_DATE":"2020-12-31 00:00:00","REPORT_DATE":"2020-12-31 00:00:00","DATE_TYPE_CODE":"001","REPORT_TYPE":"2020年年报","PER_NETCASH_OPERATE":0.142523548883,"PER_OI":12.585827495439,"BPS":16.456413430551,"BASIC_EPS":1.2486,"DILUTED_EPS":1.2486,"OPERATE_INCOME":108441000000,"OPERATE_INCOME_YOY":6.8030508374,"GROSS_PROFIT":15812000000,"GROSS_PROFIT_YOY":17.204061967237,"HOLDER_PROFIT":10758000000,"HOLDER_PROFIT_YOY":-16.067817701,"GROSS_PROFIT_RATIO":14.504834944982,"EPS_TTM":1.252535944253,"OPERATE_INCOME_QOQ":4.600062005891,"NET_PROFIT_RATIO":9.8180875107,"ROE_AVG":8.188505590142,"GROSS_PROFIT_QOQ":15.888403759343,"ROA":3.667498695883,"HOLDER_PROFIT_QOQ":46.292530839094,"ROE_YEARLY":8.188505590142,"ROIC_YEARLY":4.294400407475,"TOTAL_ASSETS":317309000000,"TOTAL_LIABILITIES":176072000000,"TAX_EBT":13.292853040125,"OCF_SALES":1.137416175762,"TOTAL_PARENT_EQUITY":135903000000,"DEBT_ASSET_RATIO":55.4133848939,"OPERATE_PROFIT":938000000,"PRETAX_PROFIT":12187000000,"NETCASH_OPERATE":1111000000,"NETCASH_INVEST":11434000000,"NETCASH_FINANCE":7708000000,"END_CASH":46396000000,"DIVI_RATIO":0.039858014637,"DIVIDEND_RATE":1.370927318296,"CURRENT_RATIO":1.211289119142,"COMMON_ACS":null,"CURRENTDEBT_DEBT":80.975396428734,"ISSUED_COMMON_SHARES":8252588000,"HK_COMMON_SHARES":2492200000,"PER_SHARES":2000,"TOTAL_MARKET_CAP":32927826120,"HKSK_MARKET_CAP":9943878000,"PE_TTM":-6.475128438097,"PB_TTM":0.197254869207,"REPORT_DATE_SQ":"2019-12-31 00:00:00","REPORT_TYPE_SQ":"2019年年报","OPERATE_INCOME_SQ":101087000000,"DPS_HKD":0.0547,"OPERATE_INCOME_QOQ_SQ":6.33125762612,"NET_PROFIT_RATIO_SQ":12.707865502,"HOLDER_PROFIT_SQ":12858000000,"HOLDER_PROFIT_QOQ_SQ":-4.116331096197,"ROE_AVG_SQ":10.447840024052,"PE_TTM_SQ":5.132778050839,"PB_TTM_SQ":0.194534947957,"ROA_SQ":5.15850011133,"START_DATE":"2020-01-01 00:00:00","FISCAL_YEAR":"12-31","CURRENCY":"HKD","IS_CNY_CODE":0,"DPS_HKD_LY":0.3846,"ORG_TYPE":"一般企业","PREMIUM_INCOME":null,"PREMIUM_INCOME_YOY":null,"NET_INTEREST_INCOME":null,"NET_INTEREST_INCOME_YOY":null,"FEE_COMMISSION_INCOME":null,"FEE_COMMISSION_INCOME_YOY":null,"ACCOUNTS_RECE_TDAYS":9.19927044452,"INVENTORY_TDAYS":7.469471980579,"CURRENT_ASSETS_TDAYS":0.687259498324,"TOTAL_ASSETS_TDAYS":0.366899396963,"PREMIUM_EXPENSE":null,"LOAN_DEPOSIT":null,"LOAN_EQUITY":null,"LOAN_ASSETS":null,"DEPOSIT_EQUITY":null,"DEPOSIT_ASSETS":null,"EQUITY_MULTIPLIER":2.242825560138,"EQUITY_RATIO":1.295571105862},{"SECUCODE":"00489.HK","SECURITY_CODE":"00489","SECURITY_NAME_ABBR":"东风集团股份","ORG_CODE":"10033200","STD_REPORT_DATE":"2020-06-30 00:00:00","REPORT_DATE":"2020-06-30 00:00:00","DATE_TYPE_CODE":"002","REPORT_TYPE":"2020年中报","PER_NETCASH_OPERATE":-0.396234035738,"PER_OI":5.869927531186,"BPS":15.643213983298,"BASIC_EPS":0.4228,"DILUTED_EPS":0.4228,"OPERATE_INCOME":50576000000,"OPERATE_INCOME_YOY":4.3944929511,"GROSS_PROFIT":7816000000,"GROSS_PROFIT_YOY":0.282268411599,"HOLDER_PROFIT":3643000000,"HOLDER_PROFIT_YOY":-64.4899399929,"GROSS_PROFIT_RATIO":15.453970262575,"EPS_TTM":0.856185846994,"OPERATE_INCOME_QOQ":2.106106621029,"NET_PROFIT_RATIO":5.4472477064,"ROE_AVG":2.34975357952,"GROSS_PROFIT_QOQ":0.163071677415,"ROA":1.070277286219,"HOLDER_PROFIT_QOQ":-42.627158189454,"ROE_YEARLY":4.69950715904,"ROIC_YEARLY":2.452432320425,"TOTAL_ASSETS":291966000000,"TOTAL_LIABILITIES":156887000000,"TAX_EBT":22.831050228311,"OCF_SALES":-6.750237266688,"TOTAL_PARENT_EQUITY":129097000000,"DEBT_ASSET_RATIO":53.7346814355,"OPERATE_PROFIT":794000000,"PRETAX_PROFIT":4380000000,"NETCASH_OPERATE":-3414000000,"NETCASH_INVEST":-2374000000,"NETCASH_FINANCE":11663000000,"END_CASH":32008000000,"DIVI_RATIO":0.058309298355,"DIVIDEND_RATE":1.370927318296,"CURRENT_RATIO":1.359229127196,"COMMON_ACS":null,"CURRENTDEBT_DEBT":74.350965981885,"ISSUED_COMMON_SHARES":8252588000,"HK_COMMON_SHARES":2492200000,"PER_SHARES":2000,"TOTAL_MARKET_CAP":32927826120,"HKSK_MARKET_CAP":9943878000,"PE_TTM":-6.475128438097,"PB_TTM":0.197254869207,"REPORT_DATE_SQ":"2019-06-30 00:00:00","REPORT_TYPE_SQ":"2019年中报","OPERATE_INCOME_SQ":48447000000,"DPS_HKD":0.0547,"OPERATE_INCOME_QOQ_SQ":-9.063256267756,"NET_PROFIT_RATIO_SQ":18.2735773113,"HOLDER_PROFIT_SQ":8499000000,"HOLDER_PROFIT_QOQ_SQ":3.320748902073,"ROE_AVG_SQ":7.000564229497,"PE_TTM_SQ":5.132778050839,"PB_TTM_SQ":0.194534947957,"ROA_SQ":3.646027721651,"START_DATE":"2020-01-01 00:00:00","FISCAL_YEAR":"12-31","CURRENCY":"HKD","IS_CNY_CODE":0,"DPS_HKD_LY":0.3846,"ORG_TYPE":"一般企业","PREMIUM_INCOME":null,"PREMIUM_INCOME_YOY":null,"NET_INTEREST_INCOME":null,"NET_INTEREST_INCOME_YOY":null,"FEE_COMMISSION_INCOME":null,"FEE_COMMISSION_INCOME_YOY":null,"ACCOUNTS_RECE_TDAYS":4.224876785565,"INVENTORY_TDAYS":3.410976388003,"CURRENT_ASSETS_TDAYS":0.336439894364,"TOTAL_ASSETS_TDAYS":0.179358330112,"PREMIUM_EXPENSE":null,"LOAN_DEPOSIT":null,"LOAN_EQUITY":null,"LOAN_ASSETS":null,"DEPOSIT_EQUITY":null,"DEPOSIT_ASSETS":null,"EQUITY_MULTIPLIER":2.161446264778,"EQUITY_RATIO":1.215264491042}],"count":47},"success":true,"message":"ok","code":0}