{"version":"b88ebccda71dac4cf5244f4d6c847690","result":{"pages":6,"data":[{"SECUCODE":"00485.HK","SECURITY_CODE":"00485","SECURITY_NAME_ABBR":"中国华星","ORG_CODE":"10008923","STD_REPORT_DATE":"2024-06-30 00:00:00","REPORT_DATE":"2024-09-30 00:00:00","DATE_TYPE_CODE":"002","REPORT_TYPE":"2024年中报","PER_NETCASH_OPERATE":0.009537354132,"PER_OI":0.062452509957,"BPS":0.85086672334,"BASIC_EPS":-0.015240251,"DILUTED_EPS":-0.015240251,"OPERATE_INCOME":13292384.6,"OPERATE_INCOME_YOY":-34.1876144126,"GROSS_PROFIT":2502467.25,"GROSS_PROFIT_YOY":-34.444751435345,"HOLDER_PROFIT":-3235622.52,"HOLDER_PROFIT_YOY":-43.8076152305,"GROSS_PROFIT_RATIO":18.826322930801,"EPS_TTM":-0.079176224439,"OPERATE_INCOME_QOQ":0,"NET_PROFIT_RATIO":-24.34192673,"ROE_AVG":-1.80569185476,"GROSS_PROFIT_QOQ":0,"ROA":-1.358293426208,"HOLDER_PROFIT_QOQ":0,"ROE_YEARLY":-3.611383709519,"ROIC_YEARLY":-2.785476395649,"TOTAL_ASSETS":240042971.15,"TOTAL_LIABILITIES":58944601.56,"TAX_EBT":-4.850964348334,"OCF_SALES":15.271370420624,"TOTAL_PARENT_EQUITY":181098369.59,"DEBT_ASSET_RATIO":24.5558540113,"OPERATE_PROFIT":-1782838.83,"PRETAX_PROFIT":-3085925.38,"NETCASH_OPERATE":2029929.29,"NETCASH_INVEST":-61321.72,"NETCASH_FINANCE":190277.69,"END_CASH":7660706.05,"DIVI_RATIO":null,"DIVIDEND_RATE":null,"CURRENT_RATIO":3.244966648308,"COMMON_ACS":50000000000,"CURRENTDEBT_DEBT":100,"ISSUED_COMMON_SHARES":212839878,"HK_COMMON_SHARES":212839878,"PER_SHARES":20000,"TOTAL_MARKET_CAP":29371903.164,"HKSK_MARKET_CAP":29371903.164,"PE_TTM":-1.492323095417,"PB_TTM":0.146259122124,"REPORT_DATE_SQ":"2023-06-30 00:00:00","REPORT_TYPE_SQ":"2023年中报","OPERATE_INCOME_SQ":20552159.11,"DPS_HKD":null,"OPERATE_INCOME_QOQ_SQ":0,"NET_PROFIT_RATIO_SQ":-11.139884806,"HOLDER_PROFIT_SQ":-2289486.85,"HOLDER_PROFIT_QOQ_SQ":0,"ROE_AVG_SQ":-1.126121043343,"PE_TTM_SQ":-1.096677928656,"PB_TTM_SQ":0.14401009976,"ROA_SQ":-0.856183480635,"START_DATE":"2024-04-01 00:00:00","FISCAL_YEAR":"3-31","CURRENCY":"HKD","IS_CNY_CODE":0,"DPS_HKD_LY":null,"ORG_TYPE":"一般企业","PREMIUM_INCOME":null,"PREMIUM_INCOME_YOY":null,"NET_INTEREST_INCOME":null,"NET_INTEREST_INCOME_YOY":null,"FEE_COMMISSION_INCOME":null,"FEE_COMMISSION_INCOME_YOY":null,"ACCOUNTS_RECE_TDAYS":0.390924400949,"INVENTORY_TDAYS":0.072044894838,"CURRENT_ASSETS_TDAYS":0.070085181549,"TOTAL_ASSETS_TDAYS":0.055800571634,"PREMIUM_EXPENSE":null,"LOAN_DEPOSIT":null,"LOAN_EQUITY":null,"LOAN_ASSETS":null,"DEPOSIT_EQUITY":null,"DEPOSIT_ASSETS":null,"EQUITY_MULTIPLIER":1.325483888637,"EQUITY_RATIO":0.325483888637},{"SECUCODE":"00485.HK","SECURITY_CODE":"00485","SECURITY_NAME_ABBR":"中国华星","ORG_CODE":"10008923","STD_REPORT_DATE":"2023-12-31 00:00:00","REPORT_DATE":"2024-03-31 00:00:00","DATE_TYPE_CODE":"001","REPORT_TYPE":"2023年年报","PER_NETCASH_OPERATE":0.051563148801,"PER_OI":0.135944244198,"BPS":0.837332550764,"BASIC_EPS":-0.079141815,"DILUTED_EPS":null,"OPERATE_INCOME":28934356.35,"OPERATE_INCOME_YOY":34.3081972732,"GROSS_PROFIT":5307850.25,"GROSS_PROFIT_YOY":77.652314524036,"HOLDER_PROFIT":-16851857.95,"HOLDER_PROFIT_YOY":63.700449131,"GROSS_PROFIT_RATIO":18.344455932575,"EPS_TTM":-0.111103268298,"OPERATE_INCOME_QOQ":0,"NET_PROFIT_RATIO":-58.2416893818,"ROE_AVG":-8.679229425991,"GROSS_PROFIT_QOQ":0,"ROA":-6.529856644548,"HOLDER_PROFIT_QOQ":0,"ROE_YEARLY":-8.679229425991,"ROIC_YEARLY":-6.631976838564,"TOTAL_ASSETS":237629418.75,"TOTAL_LIABILITIES":59411660.8,"TAX_EBT":-5.260475651189,"OCF_SALES":37.929629977755,"TOTAL_PARENT_EQUITY":178217757.95,"DEBT_ASSET_RATIO":25.0018121125,"OPERATE_PROFIT":-13107806.45,"PRETAX_PROFIT":-16009673,"NETCASH_OPERATE":10974694.3,"NETCASH_INVEST":-411573.7,"NETCASH_FINANCE":-10003779.25,"END_CASH":4143840.05,"DIVI_RATIO":null,"DIVIDEND_RATE":null,"CURRENT_RATIO":3.193417969647,"COMMON_ACS":50000000000,"CURRENTDEBT_DEBT":99.638366699219,"ISSUED_COMMON_SHARES":212839878,"HK_COMMON_SHARES":212839878,"PER_SHARES":20000,"TOTAL_MARKET_CAP":23199546.702,"HKSK_MARKET_CAP":23199546.702,"PE_TTM":-1.17871896667,"PB_TTM":0.115523509503,"REPORT_DATE_SQ":"2022-12-31 00:00:00","REPORT_TYPE_SQ":"2022年年报","OPERATE_INCOME_SQ":20803243.24,"DPS_HKD":null,"OPERATE_INCOME_QOQ_SQ":0,"NET_PROFIT_RATIO_SQ":-215.494024575,"HOLDER_PROFIT_SQ":-44829746.1,"HOLDER_PROFIT_QOQ_SQ":0,"ROE_AVG_SQ":-18.884066361581,"PE_TTM_SQ":-1.096677928656,"PB_TTM_SQ":0.14401009976,"ROA_SQ":-14.230712049698,"START_DATE":"2023-04-01 00:00:00","FISCAL_YEAR":"3-31","CURRENCY":"HKD","IS_CNY_CODE":0,"DPS_HKD_LY":null,"ORG_TYPE":"一般企业","PREMIUM_INCOME":null,"PREMIUM_INCOME_YOY":null,"NET_INTEREST_INCOME":null,"NET_INTEREST_INCOME_YOY":null,"FEE_COMMISSION_INCOME":null,"FEE_COMMISSION_INCOME_YOY":null,"ACCOUNTS_RECE_TDAYS":1.090881126529,"INVENTORY_TDAYS":0.136949302169,"CURRENT_ASSETS_TDAYS":0.14252128308,"TOTAL_ASSETS_TDAYS":0.112116539095,"PREMIUM_EXPENSE":null,"LOAN_DEPOSIT":null,"LOAN_EQUITY":null,"LOAN_ASSETS":null,"DEPOSIT_EQUITY":null,"DEPOSIT_ASSETS":null,"EQUITY_MULTIPLIER":1.333365549445,"EQUITY_RATIO":0.333365549446},{"SECUCODE":"00485.HK","SECURITY_CODE":"00485","SECURITY_NAME_ABBR":"中国华星","ORG_CODE":"10008923","STD_REPORT_DATE":"2023-06-30 00:00:00","REPORT_DATE":"2023-09-30 00:00:00","DATE_TYPE_CODE":"002","REPORT_TYPE":"2023年中报","PER_NETCASH_OPERATE":0.052913359544,"PER_OI":0.096561599749,"BPS":0.911193660851,"BASIC_EPS":-0.010736271,"DILUTED_EPS":-0.010736271,"OPERATE_INCOME":20552159.11,"OPERATE_INCOME_YOY":119.5138684701,"GROSS_PROFIT":3817340.8,"GROSS_PROFIT_YOY":-39.323349388306,"HOLDER_PROFIT":-2289486.85,"HOLDER_PROFIT_YOY":90.3860974106,"GROSS_PROFIT_RATIO":18.573916149484,"EPS_TTM":-0.210626629376,"OPERATE_INCOME_QOQ":0,"NET_PROFIT_RATIO":-11.139884806,"ROE_AVG":-1.126121043343,"GROSS_PROFIT_QOQ":0,"ROA":-0.856183480635,"HOLDER_PROFIT_QOQ":0,"ROE_YEARLY":-2.252242086687,"ROIC_YEARLY":-1.738303464589,"TOTAL_ASSETS":252889651.7,"TOTAL_LIABILITIES":58951304.09,"TAX_EBT":-41.520136131594,"OCF_SALES":54.797517524669,"TOTAL_PARENT_EQUITY":193938347.61,"DEBT_ASSET_RATIO":23.3110780507,"OPERATE_PROFIT":-469826.56,"PRETAX_PROFIT":-1617781.69,"NETCASH_OPERATE":11262072.99,"NETCASH_INVEST":-412933.5,"NETCASH_FINANCE":-8425678.66,"END_CASH":4129335,"DIVI_RATIO":null,"DIVIDEND_RATE":null,"CURRENT_RATIO":3.332549849789,"COMMON_ACS":50000000000,"CURRENTDEBT_DEBT":100,"ISSUED_COMMON_SHARES":212839878,"HK_COMMON_SHARES":212839878,"PER_SHARES":20000,"TOTAL_MARKET_CAP":23199546.702,"HKSK_MARKET_CAP":23199546.702,"PE_TTM":-1.17871896667,"PB_TTM":0.115523509503,"REPORT_DATE_SQ":"2022-06-30 00:00:00","REPORT_TYPE_SQ":"2022年中报","OPERATE_INCOME_SQ":9228001.32,"DPS_HKD":null,"OPERATE_INCOME_QOQ_SQ":0,"NET_PROFIT_RATIO_SQ":-254.3565617956,"HOLDER_PROFIT_SQ":-23472026.88,"HOLDER_PROFIT_QOQ_SQ":0,"ROE_AVG_SQ":-9.302392269035,"PE_TTM_SQ":-1.096677928656,"PB_TTM_SQ":0.14401009976,"ROA_SQ":-7.047673360761,"START_DATE":"2023-04-01 00:00:00","FISCAL_YEAR":"3-31","CURRENCY":"HKD","IS_CNY_CODE":0,"DPS_HKD_LY":null,"ORG_TYPE":"一般企业","PREMIUM_INCOME":null,"PREMIUM_INCOME_YOY":null,"NET_INTEREST_INCOME":null,"NET_INTEREST_INCOME_YOY":null,"FEE_COMMISSION_INCOME":null,"FEE_COMMISSION_INCOME_YOY":null,"ACCOUNTS_RECE_TDAYS":null,"INVENTORY_TDAYS":0.09413835556,"CURRENT_ASSETS_TDAYS":0.098783346602,"TOTAL_ASSETS_TDAYS":0.076857480624,"PREMIUM_EXPENSE":null,"LOAN_DEPOSIT":null,"LOAN_EQUITY":null,"LOAN_ASSETS":null,"DEPOSIT_EQUITY":null,"DEPOSIT_ASSETS":null,"EQUITY_MULTIPLIER":1.303969301669,"EQUITY_RATIO":0.30396930167},{"SECUCODE":"00485.HK","SECURITY_CODE":"00485","SECURITY_NAME_ABBR":"中国华星","ORG_CODE":"10008923","STD_REPORT_DATE":"2022-12-31 00:00:00","REPORT_DATE":"2023-03-31 00:00:00","DATE_TYPE_CODE":"001","REPORT_TYPE":"2022年年报","PER_NETCASH_OPERATE":0.044658932665,"PER_OI":0.097741285306,"BPS":0.953257215596,"BASIC_EPS":-0.210623646,"DILUTED_EPS":null,"OPERATE_INCOME":20803243.24,"OPERATE_INCOME_YOY":-38.9712113819,"GROSS_PROFIT":2987774.33,"GROSS_PROFIT_YOY":-66.557583210055,"HOLDER_PROFIT":-44829746.1,"HOLDER_PROFIT_YOY":-190.8502300222,"GROSS_PROFIT_RATIO":14.362060259216,"EPS_TTM":-0.159197527683,"OPERATE_INCOME_QOQ":0,"NET_PROFIT_RATIO":-215.494024575,"ROE_AVG":-18.884066361581,"GROSS_PROFIT_QOQ":0,"ROA":-14.230712049698,"HOLDER_PROFIT_QOQ":0,"ROE_YEARLY":-18.884066361581,"ROIC_YEARLY":-14.572265174819,"TOTAL_ASSETS":268951338.89,"TOTAL_LIABILITIES":66060189.42,"TAX_EBT":-0.087950747581,"OCF_SALES":45.690961117657,"TOTAL_PARENT_EQUITY":202891149.47,"DEBT_ASSET_RATIO":24.5621344339,"OPERATE_PROFIT":-41328981.51,"PRETAX_PROFIT":-44790352.65,"NETCASH_OPERATE":9505201.78,"NETCASH_INVEST":-27137.71,"NETCASH_FINANCE":-15310045.49,"END_CASH":3673220.36,"DIVI_RATIO":null,"DIVIDEND_RATE":null,"CURRENT_RATIO":3.171980599507,"COMMON_ACS":50000000000,"CURRENTDEBT_DEBT":100,"ISSUED_COMMON_SHARES":212839878,"HK_COMMON_SHARES":212839878,"PER_SHARES":20000,"TOTAL_MARKET_CAP":23199546.702,"HKSK_MARKET_CAP":23199546.702,"PE_TTM":-1.17871896667,"PB_TTM":0.115523509503,"REPORT_DATE_SQ":"2021-12-31 00:00:00","REPORT_TYPE_SQ":"2021年年报","OPERATE_INCOME_SQ":31579918.39,"DPS_HKD":null,"OPERATE_INCOME_QOQ_SQ":0,"NET_PROFIT_RATIO_SQ":-45.2168776805,"HOLDER_PROFIT_SQ":-14279453.07,"HOLDER_PROFIT_QOQ_SQ":0,"ROE_AVG_SQ":-5.646517788279,"PE_TTM_SQ":-1.096677928656,"PB_TTM_SQ":0.14401009976,"ROA_SQ":-4.373285378791,"START_DATE":"2022-04-01 00:00:00","FISCAL_YEAR":"3-31","CURRENCY":"HKD","IS_CNY_CODE":0,"DPS_HKD_LY":null,"ORG_TYPE":"一般企业","PREMIUM_INCOME":null,"PREMIUM_INCOME_YOY":null,"NET_INTEREST_INCOME":null,"NET_INTEREST_INCOME_YOY":null,"FEE_COMMISSION_INCOME":null,"FEE_COMMISSION_INCOME_YOY":null,"ACCOUNTS_RECE_TDAYS":0.994850755641,"INVENTORY_TDAYS":0.090742086653,"CURRENT_ASSETS_TDAYS":0.085484935636,"TOTAL_ASSETS_TDAYS":0.066037617877,"PREMIUM_EXPENSE":null,"LOAN_DEPOSIT":null,"LOAN_EQUITY":null,"LOAN_ASSETS":null,"DEPOSIT_EQUITY":null,"DEPOSIT_ASSETS":null,"EQUITY_MULTIPLIER":1.325594239041,"EQUITY_RATIO":0.325594239042},{"SECUCODE":"00485.HK","SECURITY_CODE":"00485","SECURITY_NAME_ABBR":"中国华星","ORG_CODE":"10008923","STD_REPORT_DATE":"2022-06-30 00:00:00","REPORT_DATE":"2022-09-30 00:00:00","DATE_TYPE_CODE":"002","REPORT_TYPE":"2022年中报","PER_NETCASH_OPERATE":0.022228567712,"PER_OI":0.043356542988,"BPS":1.05116776265,"BASIC_EPS":-0.110251236,"DILUTED_EPS":-0.110251236,"OPERATE_INCOME":9228001.32,"OPERATE_INCOME_YOY":-52.5,"GROSS_PROFIT":6291284.64,"GROSS_PROFIT_YOY":10.928593274246,"HOLDER_PROFIT":-23472026.88,"HOLDER_PROFIT_YOY":-458.9489554168,"GROSS_PROFIT_RATIO":68.176026658826,"EPS_TTM":-0.067090120537,"OPERATE_INCOME_QOQ":0,"NET_PROFIT_RATIO":-254.3565617956,"ROE_AVG":-9.302392269035,"GROSS_PROFIT_QOQ":0,"ROA":-7.047673360761,"HOLDER_PROFIT_QOQ":0,"ROE_YEARLY":-18.604784538071,"ROIC_YEARLY":-14.392251520567,"TOTAL_ASSETS":293027706.72,"TOTAL_LIABILITIES":69297288.36,"TAX_EBT":-0.737520378853,"OCF_SALES":51.269234538861,"TOTAL_PARENT_EQUITY":223730418.36,"DEBT_ASSET_RATIO":23.6487153845,"OPERATE_PROFIT":-20946830.4,"PRETAX_PROFIT":-23300183.28,"NETCASH_OPERATE":4731125.64,"NETCASH_INVEST":-16279.92,"NETCASH_FINANCE":-10329609.24,"END_CASH":2279188.8,"DIVI_RATIO":null,"DIVIDEND_RATE":null,"CURRENT_RATIO":3.15445316889,"COMMON_ACS":50000000000,"CURRENTDEBT_DEBT":99.898197575014,"ISSUED_COMMON_SHARES":212839878,"HK_COMMON_SHARES":212839878,"PER_SHARES":20000,"TOTAL_MARKET_CAP":23199546.702,"HKSK_MARKET_CAP":23199546.702,"PE_TTM":-1.17871896667,"PB_TTM":0.115523509503,"REPORT_DATE_SQ":"2021-06-30 00:00:00","REPORT_TYPE_SQ":"2021年中报","OPERATE_INCOME_SQ":17894128.8,"DPS_HKD":null,"OPERATE_INCOME_QOQ_SQ":0,"NET_PROFIT_RATIO_SQ":-21.6154562384,"HOLDER_PROFIT_SQ":-3867897.58,"HOLDER_PROFIT_QOQ_SQ":0,"ROE_AVG_SQ":-1.47955533674,"PE_TTM_SQ":-1.096677928656,"PB_TTM_SQ":0.14401009976,"ROA_SQ":-1.179197064071,"START_DATE":"2022-04-01 00:00:00","FISCAL_YEAR":"3-31","CURRENCY":"HKD","IS_CNY_CODE":0,"DPS_HKD_LY":null,"ORG_TYPE":"一般企业","PREMIUM_INCOME":null,"PREMIUM_INCOME_YOY":null,"NET_INTEREST_INCOME":null,"NET_INTEREST_INCOME_YOY":null,"FEE_COMMISSION_INCOME":null,"FEE_COMMISSION_INCOME_YOY":null,"ACCOUNTS_RECE_TDAYS":null,"INVENTORY_TDAYS":0.014509559463,"CURRENT_ASSETS_TDAYS":0.036565829603,"TOTAL_ASSETS_TDAYS":0.027707849607,"PREMIUM_EXPENSE":null,"LOAN_DEPOSIT":null,"LOAN_EQUITY":null,"LOAN_ASSETS":null,"DEPOSIT_EQUITY":null,"DEPOSIT_ASSETS":null,"EQUITY_MULTIPLIER":1.309735658065,"EQUITY_RATIO":0.309735658065},{"SECUCODE":"00485.HK","SECURITY_CODE":"00485","SECURITY_NAME_ABBR":"中国华星","ORG_CODE":"10008923","STD_REPORT_DATE":"2021-12-31 00:00:00","REPORT_DATE":"2022-03-31 00:00:00","DATE_TYPE_CODE":"001","REPORT_TYPE":"2021年年报","PER_NETCASH_OPERATE":-0.061698371768,"PER_OI":0.148374067335,"BPS":1.183498380647,"BASIC_EPS":-0.067070527,"DILUTED_EPS":-0.067070527,"OPERATE_INCOME":31579918.39,"OPERATE_INCOME_YOY":31.8089499695,"GROSS_PROFIT":8934086.16,"GROSS_PROFIT_YOY":16.880045306005,"HOLDER_PROFIT":-14279453.07,"HOLDER_PROFIT_YOY":-14.1236712471,"GROSS_PROFIT_RATIO":28.290402937929,"EPS_TTM":-0.064441981967,"OPERATE_INCOME_QOQ":0,"NET_PROFIT_RATIO":-45.2168776805,"ROE_AVG":-5.646517788279,"GROSS_PROFIT_QOQ":0,"ROA":-4.373285378791,"HOLDER_PROFIT_QOQ":0,"ROE_YEARLY":-5.646517788279,"ROIC_YEARLY":-4.51202964455,"TOTAL_ASSETS":334527026.82,"TOTAL_LIABILITIES":82631375.87,"TAX_EBT":-0.319070138454,"OCF_SALES":-41.582988777318,"TOTAL_PARENT_EQUITY":251895650.95,"DEBT_ASSET_RATIO":24.7009566478,"OPERATE_PROFIT":-11087317.71,"PRETAX_PROFIT":-14234036.51,"NETCASH_OPERATE":-13131873.92,"NETCASH_INVEST":811.01,"NETCASH_FINANCE":12127843.54,"END_CASH":10277929.73,"DIVI_RATIO":null,"DIVIDEND_RATE":null,"CURRENT_RATIO":3.11572638975,"COMMON_ACS":50000000000,"CURRENTDEBT_DEBT":99.736963498778,"ISSUED_COMMON_SHARES":212839878,"HK_COMMON_SHARES":212839878,"PER_SHARES":20000,"TOTAL_MARKET_CAP":23199546.702,"HKSK_MARKET_CAP":23199546.702,"PE_TTM":-1.17871896667,"PB_TTM":0.115523509503,"REPORT_DATE_SQ":"2020-12-31 00:00:00","REPORT_TYPE_SQ":"2020年年报","OPERATE_INCOME_SQ":24968307.56,"DPS_HKD":null,"OPERATE_INCOME_QOQ_SQ":0,"NET_PROFIT_RATIO_SQ":-52.223952339,"HOLDER_PROFIT_SQ":-13039437.04,"HOLDER_PROFIT_QOQ_SQ":0,"ROE_AVG_SQ":-5.041393474095,"PE_TTM_SQ":-1.096677928656,"PB_TTM_SQ":0.14401009976,"ROA_SQ":-4.054078911064,"START_DATE":"2021-04-01 00:00:00","FISCAL_YEAR":"3-31","CURRENCY":"HKD","IS_CNY_CODE":0,"DPS_HKD_LY":null,"ORG_TYPE":"一般企业","PREMIUM_INCOME":null,"PREMIUM_INCOME_YOY":null,"NET_INTEREST_INCOME":null,"NET_INTEREST_INCOME_YOY":null,"FEE_COMMISSION_INCOME":null,"FEE_COMMISSION_INCOME_YOY":null,"ACCOUNTS_RECE_TDAYS":null,"INVENTORY_TDAYS":0.117368405567,"CURRENT_ASSETS_TDAYS":0.128176937434,"TOTAL_ASSETS_TDAYS":0.096717986803,"PREMIUM_EXPENSE":null,"LOAN_DEPOSIT":null,"LOAN_EQUITY":null,"LOAN_ASSETS":null,"DEPOSIT_EQUITY":null,"DEPOSIT_ASSETS":null,"EQUITY_MULTIPLIER":1.328038120382,"EQUITY_RATIO":0.328038120382},{"SECUCODE":"00485.HK","SECURITY_CODE":"00485","SECURITY_NAME_ABBR":"中国华星","ORG_CODE":"10008923","STD_REPORT_DATE":"2021-06-30 00:00:00","REPORT_DATE":"2021-09-30 00:00:00","DATE_TYPE_CODE":"002","REPORT_TYPE":"2021年中报","PER_NETCASH_OPERATE":-0.000551877125,"PER_OI":0.084073196095,"BPS":1.231253522425,"BASIC_EPS":-0.018160708,"DILUTED_EPS":-0.018160708,"OPERATE_INCOME":17894128.8,"OPERATE_INCOME_YOY":53.0568619068,"GROSS_PROFIT":5671472.48,"GROSS_PROFIT_YOY":55.824313878437,"HOLDER_PROFIT":-3867897.58,"HOLDER_PROFIT_YOY":-27.8359030837,"GROSS_PROFIT_RATIO":31.694599627561,"EPS_TTM":-0.061264069321,"OPERATE_INCOME_QOQ":0,"NET_PROFIT_RATIO":-21.6154562384,"ROE_AVG":-1.47955533674,"GROSS_PROFIT_QOQ":0,"ROA":-1.179197064071,"HOLDER_PROFIT_QOQ":0,"ROE_YEARLY":-2.95911067348,"ROIC_YEARLY":-2.434870619639,"TOTAL_ASSETS":328858765.6,"TOTAL_LIABILITIES":66798916.1,"TAX_EBT":null,"OCF_SALES":-0.656424581006,"TOTAL_PARENT_EQUITY":262059849.5,"DEBT_ASSET_RATIO":20.312341676,"OPERATE_PROFIT":-2409209.52,"PRETAX_PROFIT":-3867897.58,"NETCASH_OPERATE":-117461.46,"NETCASH_INVEST":-1249590,"NETCASH_FINANCE":-823063.28,"END_CASH":10535709.82,"DIVI_RATIO":null,"DIVIDEND_RATE":null,"CURRENT_RATIO":3.849747325589,"COMMON_ACS":50000000000,"CURRENTDEBT_DEBT":95.011535823408,"ISSUED_COMMON_SHARES":212839878,"HK_COMMON_SHARES":212839878,"PER_SHARES":20000,"TOTAL_MARKET_CAP":23199546.702,"HKSK_MARKET_CAP":23199546.702,"PE_TTM":-1.17871896667,"PB_TTM":0.115523509503,"REPORT_DATE_SQ":"2020-06-30 00:00:00","REPORT_TYPE_SQ":"2020年中报","OPERATE_INCOME_SQ":12331956.48,"DPS_HKD":null,"OPERATE_INCOME_QOQ_SQ":0,"NET_PROFIT_RATIO_SQ":-25.8800057004,"HOLDER_PROFIT_SQ":-3191511.04,"HOLDER_PROFIT_QOQ_SQ":0,"ROE_AVG_SQ":-1.192886690544,"PE_TTM_SQ":-1.096677928656,"PB_TTM_SQ":0.14401009976,"ROA_SQ":-0.968128010406,"START_DATE":"2021-04-01 00:00:00","FISCAL_YEAR":"3-31","CURRENCY":"HKD","IS_CNY_CODE":0,"DPS_HKD_LY":null,"ORG_TYPE":"一般企业","PREMIUM_INCOME":null,"PREMIUM_INCOME_YOY":null,"NET_INTEREST_INCOME":null,"NET_INTEREST_INCOME_YOY":null,"FEE_COMMISSION_INCOME":null,"FEE_COMMISSION_INCOME_YOY":null,"ACCOUNTS_RECE_TDAYS":0.503374578178,"INVENTORY_TDAYS":0.061578882204,"CURRENT_ASSETS_TDAYS":0.073529160063,"TOTAL_ASSETS_TDAYS":0.054553420065,"PREMIUM_EXPENSE":null,"LOAN_DEPOSIT":null,"LOAN_EQUITY":null,"LOAN_ASSETS":null,"DEPOSIT_EQUITY":null,"DEPOSIT_ASSETS":null,"EQUITY_MULTIPLIER":1.254899467536,"EQUITY_RATIO":0.254899467536},{"SECUCODE":"00485.HK","SECURITY_CODE":"00485","SECURITY_NAME_ABBR":"中国华星","ORG_CODE":"10008923","STD_REPORT_DATE":"2020-12-31 00:00:00","REPORT_DATE":"2021-03-31 00:00:00","DATE_TYPE_CODE":"001","REPORT_TYPE":"2020年年报","PER_NETCASH_OPERATE":-0.014410636995,"PER_OI":0.117310288817,"BPS":1.243095141597,"BASIC_EPS":-0.06127555,"DILUTED_EPS":-0.06127555,"OPERATE_INCOME":24968307.56,"OPERATE_INCOME_YOY":-58.4950194585,"GROSS_PROFIT":7643807.92,"GROSS_PROFIT_YOY":-62.569242789171,"HOLDER_PROFIT":-13039437.04,"HOLDER_PROFIT_YOY":38.5681293303,"GROSS_PROFIT_RATIO":30.614041026335,"EPS_TTM":-0.089157227576,"OPERATE_INCOME_QOQ":0,"NET_PROFIT_RATIO":-52.223952339,"ROE_AVG":-5.041393474095,"GROSS_PROFIT_QOQ":0,"ROA":-4.054078911064,"HOLDER_PROFIT_QOQ":0,"ROE_YEARLY":-5.041393474095,"ROIC_YEARLY":-4.196867582952,"TOTAL_ASSETS":331923315.5,"TOTAL_LIABILITIES":67343097.22,"TAX_EBT":-0.286011440458,"OCF_SALES":-12.284205537878,"TOTAL_PARENT_EQUITY":264580218.28,"DEBT_ASSET_RATIO":20.288751671,"OPERATE_PROFIT":-10105817.26,"PRETAX_PROFIT":-13002249.12,"NETCASH_OPERATE":-3067158.22,"NETCASH_INVEST":1276221.8,"NETCASH_FINANCE":-1430889.74,"END_CASH":10215690.66,"DIVI_RATIO":null,"DIVIDEND_RATE":null,"CURRENT_RATIO":4.267663063407,"COMMON_ACS":50000000000,"CURRENTDEBT_DEBT":85.567087940361,"ISSUED_COMMON_SHARES":212839878,"HK_COMMON_SHARES":212839878,"PER_SHARES":20000,"TOTAL_MARKET_CAP":23199546.702,"HKSK_MARKET_CAP":23199546.702,"PE_TTM":-1.17871896667,"PB_TTM":0.115523509503,"REPORT_DATE_SQ":"2019-12-31 00:00:00","REPORT_TYPE_SQ":"2019年年报","OPERATE_INCOME_SQ":65034424.9,"DPS_HKD":null,"OPERATE_INCOME_QOQ_SQ":0,"NET_PROFIT_RATIO_SQ":-41.0624218498,"HOLDER_PROFIT_SQ":-22946661.8,"HOLDER_PROFIT_QOQ_SQ":0,"ROE_AVG_SQ":-7.730060405525,"PE_TTM_SQ":-1.096677928656,"PB_TTM_SQ":0.14401009976,"ROA_SQ":-5.264691516413,"START_DATE":"2020-04-01 00:00:00","FISCAL_YEAR":"3-31","CURRENCY":"HKD","IS_CNY_CODE":0,"DPS_HKD_LY":null,"ORG_TYPE":"一般企业","PREMIUM_INCOME":null,"PREMIUM_INCOME_YOY":null,"NET_INTEREST_INCOME":null,"NET_INTEREST_INCOME_YOY":null,"FEE_COMMISSION_INCOME":null,"FEE_COMMISSION_INCOME_YOY":null,"ACCOUNTS_RECE_TDAYS":null,"INVENTORY_TDAYS":0.098118102642,"CURRENT_ASSETS_TDAYS":0.105875058686,"TOTAL_ASSETS_TDAYS":0.077628726465,"PREMIUM_EXPENSE":null,"LOAN_DEPOSIT":null,"LOAN_EQUITY":null,"LOAN_ASSETS":null,"DEPOSIT_EQUITY":null,"DEPOSIT_ASSETS":null,"EQUITY_MULTIPLIER":1.254528088523,"EQUITY_RATIO":0.254528088524},{"SECUCODE":"00485.HK","SECURITY_CODE":"00485","SECURITY_NAME_ABBR":"中国华星","ORG_CODE":"10008923","STD_REPORT_DATE":"2020-06-30 00:00:00","REPORT_DATE":"2020-09-30 00:00:00","DATE_TYPE_CODE":"002","REPORT_TYPE":"2020年中报","PER_NETCASH_OPERATE":-0.060801150431,"PER_OI":0.057940065536,"BPS":1.279586158755,"BASIC_EPS":-0.015026112,"DILUTED_EPS":-0.015026112,"OPERATE_INCOME":12331956.48,"OPERATE_INCOME_YOY":-66.3582318535,"GROSS_PROFIT":3639658.24,"GROSS_PROFIT_YOY":-69.21686685583,"HOLDER_PROFIT":-3191511.04,"HOLDER_PROFIT_YOY":54.2569269521,"GROSS_PROFIT_RATIO":29.514037337894,"EPS_TTM":-0.005390592686,"OPERATE_INCOME_QOQ":0,"NET_PROFIT_RATIO":-25.8800057004,"ROE_AVG":-1.192886690544,"GROSS_PROFIT_QOQ":0,"ROA":-0.968128010406,"HOLDER_PROFIT_QOQ":0,"ROE_YEARLY":-2.385773381088,"ROIC_YEARLY":-2.000663766475,"TOTAL_ASSETS":335608650.88,"TOTAL_LIABILITIES":63261688.96,"TAX_EBT":null,"OCF_SALES":-104.938007695596,"TOTAL_PARENT_EQUITY":272346961.92,"DEBT_ASSET_RATIO":18.8498385826,"OPERATE_PROFIT":-1715261.44,"PRETAX_PROFIT":-3191511.04,"NETCASH_OPERATE":-12940909.44,"NETCASH_INVEST":2887473.92,"NETCASH_FINANCE":-2031600.64,"END_CASH":9092115.84,"DIVI_RATIO":null,"DIVIDEND_RATE":null,"CURRENT_RATIO":4.632500498372,"COMMON_ACS":50000000000,"CURRENTDEBT_DEBT":83.613684663787,"ISSUED_COMMON_SHARES":212839878,"HK_COMMON_SHARES":212839878,"PER_SHARES":20000,"TOTAL_MARKET_CAP":23199546.702,"HKSK_MARKET_CAP":23199546.702,"PE_TTM":-1.17871896667,"PB_TTM":0.115523509503,"REPORT_DATE_SQ":"2019-06-30 00:00:00","REPORT_TYPE_SQ":"2019年中报","OPERATE_INCOME_SQ":37628249.16,"DPS_HKD":null,"OPERATE_INCOME_QOQ_SQ":0,"NET_PROFIT_RATIO_SQ":-21.5600728737,"HOLDER_PROFIT_SQ":-7161959.4,"HOLDER_PROFIT_QOQ_SQ":0,"ROE_AVG_SQ":-2.325465605661,"PE_TTM_SQ":-1.096677928656,"PB_TTM_SQ":0.14401009976,"ROA_SQ":-1.168938047756,"START_DATE":"2020-04-01 00:00:00","FISCAL_YEAR":"3-31","CURRENCY":"HKD","IS_CNY_CODE":0,"DPS_HKD_LY":null,"ORG_TYPE":"一般企业","PREMIUM_INCOME":null,"PREMIUM_INCOME_YOY":null,"NET_INTEREST_INCOME":null,"NET_INTEREST_INCOME_YOY":null,"FEE_COMMISSION_INCOME":null,"FEE_COMMISSION_INCOME_YOY":null,"ACCOUNTS_RECE_TDAYS":0.248327847967,"INVENTORY_TDAYS":0.048399565519,"CURRENT_ASSETS_TDAYS":0.051411583908,"TOTAL_ASSETS_TDAYS":0.037408338376,"PREMIUM_EXPENSE":null,"LOAN_DEPOSIT":null,"LOAN_EQUITY":null,"LOAN_ASSETS":null,"DEPOSIT_EQUITY":null,"DEPOSIT_ASSETS":null,"EQUITY_MULTIPLIER":1.232283439162,"EQUITY_RATIO":0.232283439162}],"count":48},"success":true,"message":"ok","code":0}