{"version":"6d1dee833ff6e041ca8617e7bbdb3cf4","result":{"pages":6,"data":[{"SECUCODE":"00480.HK","SECURITY_CODE":"00480","SECURITY_NAME_ABBR":"香港兴业国际","ORG_CODE":"10008920","STD_REPORT_DATE":"2024-06-30 00:00:00","REPORT_DATE":"2024-09-30 00:00:00","DATE_TYPE_CODE":"002","REPORT_TYPE":"2024年中报","PER_NETCASH_OPERATE":0.0582856897,"PER_OI":0.517589067385,"BPS":14.091294056014,"BASIC_EPS":-0.28767101,"DILUTED_EPS":-0.28767101,"OPERATE_INCOME":768775975,"OPERATE_INCOME_YOY":-72.997371005,"GROSS_PROFIT":269995926,"GROSS_PROFIT_YOY":-73.509336516693,"HOLDER_PROFIT":-427718997,"HOLDER_PROFIT_YOY":-502.9736618522,"GROSS_PROFIT_RATIO":35.120234604106,"EPS_TTM":-0.285642553684,"OPERATE_INCOME_QOQ":0,"NET_PROFIT_RATIO":-63.3431085044,"ROE_AVG":-2.037043002094,"GROSS_PROFIT_QOQ":0,"ROA":-1.117921509795,"HOLDER_PROFIT_QOQ":0,"ROE_YEARLY":-4.074086004187,"ROIC_YEARLY":-2.512568138114,"TOTAL_ASSETS":38803302268,"TOTAL_LIABILITIES":15417993809,"TAX_EBT":-10.136651029982,"OCF_SALES":11.260997067449,"TOTAL_PARENT_EQUITY":20929824468,"DEBT_ASSET_RATIO":39.7337157093,"OPERATE_PROFIT":-339614114,"PRETAX_PROFIT":-442147637,"NETCASH_OPERATE":86571840,"NETCASH_INVEST":-53746684,"NETCASH_FINANCE":548558857,"END_CASH":2009368478,"DIVI_RATIO":null,"DIVIDEND_RATE":null,"CURRENT_RATIO":1.478579020022,"COMMON_ACS":4000000000,"CURRENTDEBT_DEBT":47.878880043984,"ISSUED_COMMON_SHARES":1485301803,"HK_COMMON_SHARES":1485301803,"PER_SHARES":800,"TOTAL_MARKET_CAP":1247653514.52,"HKSK_MARKET_CAP":1247653514.52,"PE_TTM":-1.177031617472,"PB_TTM":0.053756851357,"REPORT_DATE_SQ":"2023-06-30 00:00:00","REPORT_TYPE_SQ":"2023年中报","OPERATE_INCOME_SQ":2897049673,"DPS_HKD":null,"OPERATE_INCOME_QOQ_SQ":0,"NET_PROFIT_RATIO_SQ":3.6615881664,"HOLDER_PROFIT_SQ":108005051,"HOLDER_PROFIT_QOQ_SQ":0,"ROE_AVG_SQ":0.488874674464,"PE_TTM_SQ":3.341060381051,"PB_TTM_SQ":0.078162260456,"ROA_SQ":0.264407632552,"START_DATE":"2024-04-01 00:00:00","FISCAL_YEAR":"3-31","CURRENCY":"HKD","IS_CNY_CODE":0,"DPS_HKD_LY":null,"ORG_TYPE":"一般企业","PREMIUM_INCOME":null,"PREMIUM_INCOME_YOY":null,"NET_INTEREST_INCOME":null,"NET_INTEREST_INCOME_YOY":null,"FEE_COMMISSION_INCOME":null,"FEE_COMMISSION_INCOME_YOY":null,"ACCOUNTS_RECE_TDAYS":17.239635995956,"INVENTORY_TDAYS":0.061685849393,"CURRENT_ASSETS_TDAYS":0.073387308515,"TOTAL_ASSETS_TDAYS":0.02009336047,"PREMIUM_EXPENSE":null,"LOAN_DEPOSIT":null,"LOAN_EQUITY":null,"LOAN_ASSETS":null,"DEPOSIT_EQUITY":null,"DEPOSIT_ASSETS":null,"EQUITY_MULTIPLIER":1.659302563232,"EQUITY_RATIO":0.736651844958},{"SECUCODE":"00480.HK","SECURITY_CODE":"00480","SECURITY_NAME_ABBR":"香港兴业国际","ORG_CODE":"10008920","STD_REPORT_DATE":"2023-12-31 00:00:00","REPORT_DATE":"2024-03-31 00:00:00","DATE_TYPE_CODE":"001","REPORT_TYPE":"2023年年报","PER_NETCASH_OPERATE":-1.624805645644,"PER_OI":2.405195750644,"BPS":14.256676200238,"BASIC_EPS":-0.28556325,"DILUTED_EPS":-0.28556325,"OPERATE_INCOME":3572441585,"OPERATE_INCOME_YOY":132.6681230442,"GROSS_PROFIT":1260467120,"GROSS_PROFIT_YOY":82.792836683789,"HOLDER_PROFIT":-424265400,"HOLDER_PROFIT_YOY":-202.7216856892,"GROSS_PROFIT_RATIO":35.283071535514,"EPS_TTM":0.330521178934,"OPERATE_INCOME_QOQ":0,"NET_PROFIT_RATIO":-13.8833202223,"ROE_AVG":-1.959954937788,"GROSS_PROFIT_QOQ":0,"ROA":-1.054920086422,"HOLDER_PROFIT_QOQ":0,"ROE_YEARLY":-1.959954937788,"ROIC_YEARLY":-1.24390175834,"TOTAL_ASSETS":37916181785,"TOTAL_LIABILITIES":14212709590,"TAX_EBT":-215.877598152425,"OCF_SALES":-67.553987870175,"TOTAL_PARENT_EQUITY":21175466865,"DEBT_ASSET_RATIO":37.4845486041,"OPERATE_PROFIT":40160165,"PRETAX_PROFIT":-157014460,"NETCASH_OPERATE":-2413326755,"NETCASH_INVEST":-234887105,"NETCASH_FINANCE":-1426819045,"END_CASH":1455737990,"DIVI_RATIO":null,"DIVIDEND_RATE":null,"CURRENT_RATIO":2.076845562439,"COMMON_ACS":4000000000,"CURRENTDEBT_DEBT":34.180816185945,"ISSUED_COMMON_SHARES":1485301803,"HK_COMMON_SHARES":1485301803,"PER_SHARES":800,"TOTAL_MARKET_CAP":1277359550.58,"HKSK_MARKET_CAP":1277359550.58,"PE_TTM":-1.205056179792,"PB_TTM":0.05503677639,"REPORT_DATE_SQ":"2022-12-31 00:00:00","REPORT_TYPE_SQ":"2022年年报","OPERATE_INCOME_SQ":1482681917,"DPS_HKD":null,"OPERATE_INCOME_QOQ_SQ":0,"NET_PROFIT_RATIO_SQ":28.2340438094,"HOLDER_PROFIT_SQ":398836796,"HOLDER_PROFIT_QOQ_SQ":0,"ROE_AVG_SQ":1.843608876515,"PE_TTM_SQ":4.03600094031,"PB_TTM_SQ":0.094420010631,"ROA_SQ":1.008970223641,"START_DATE":"2023-04-01 00:00:00","FISCAL_YEAR":"3-31","CURRENCY":"HKD","IS_CNY_CODE":0,"DPS_HKD_LY":0.01,"ORG_TYPE":"一般企业","PREMIUM_INCOME":null,"PREMIUM_INCOME_YOY":null,"NET_INTEREST_INCOME":null,"NET_INTEREST_INCOME_YOY":null,"FEE_COMMISSION_INCOME":null,"FEE_COMMISSION_INCOME_YOY":null,"ACCOUNTS_RECE_TDAYS":84.113127001067,"INVENTORY_TDAYS":0.297522107375,"CURRENT_ASSETS_TDAYS":0.293525705007,"TOTAL_ASSETS_TDAYS":0.088827427021,"PREMIUM_EXPENSE":null,"LOAN_DEPOSIT":null,"LOAN_EQUITY":null,"LOAN_ASSETS":null,"DEPOSIT_EQUITY":null,"DEPOSIT_ASSETS":null,"EQUITY_MULTIPLIER":1.599604542031,"EQUITY_RATIO":0.671187543614},{"SECUCODE":"00480.HK","SECURITY_CODE":"00480","SECURITY_NAME_ABBR":"香港兴业国际","ORG_CODE":"10008920","STD_REPORT_DATE":"2023-06-30 00:00:00","REPORT_DATE":"2023-09-30 00:00:00","DATE_TYPE_CODE":"002","REPORT_TYPE":"2023年中报","PER_NETCASH_OPERATE":-1.050766316211,"PER_OI":1.950478796396,"BPS":14.675080957267,"BASIC_EPS":0.07249277,"DILUTED_EPS":0.07249277,"OPERATE_INCOME":2897049673,"OPERATE_INCOME_YOY":296.4711792038,"GROSS_PROFIT":1019211641,"GROSS_PROFIT_YOY":219.415537229737,"HOLDER_PROFIT":108005051,"HOLDER_PROFIT_YOY":568.75,"GROSS_PROFIT_RATIO":35.18102055684,"EPS_TTM":0.268522394031,"OPERATE_INCOME_QOQ":0,"NET_PROFIT_RATIO":3.6615881664,"ROE_AVG":0.488874674464,"GROSS_PROFIT_QOQ":0,"ROA":0.264407632552,"HOLDER_PROFIT_QOQ":0,"ROE_YEARLY":0.977749348929,"ROIC_YEARLY":0.635476830337,"TOTAL_ASSETS":38656815484,"TOTAL_LIABILITIES":14230606040,"TAX_EBT":74.951245937161,"OCF_SALES":-53.872224509835,"TOTAL_PARENT_EQUITY":21796924205,"DEBT_ASSET_RATIO":36.8126703191,"OPERATE_PROFIT":489647368,"PRETAX_PROFIT":423486245,"NETCASH_OPERATE":-1560705104,"NETCASH_INVEST":-206283224,"NETCASH_FINANCE":-1054632159,"END_CASH":2745732486,"DIVI_RATIO":null,"DIVIDEND_RATE":null,"CURRENT_RATIO":2.963128069513,"COMMON_ACS":4000000000,"CURRENTDEBT_DEBT":25.60291462471,"ISSUED_COMMON_SHARES":1485301803,"HK_COMMON_SHARES":1485301803,"PER_SHARES":800,"TOTAL_MARKET_CAP":1277359550.58,"HKSK_MARKET_CAP":1277359550.58,"PE_TTM":-1.205056179792,"PB_TTM":0.05503677639,"REPORT_DATE_SQ":"2022-06-30 00:00:00","REPORT_TYPE_SQ":"2022年中报","OPERATE_INCOME_SQ":720205572,"DPS_HKD":null,"OPERATE_INCOME_QOQ_SQ":0,"NET_PROFIT_RATIO_SQ":4.8850935577,"HOLDER_PROFIT_SQ":15918144,"HOLDER_PROFIT_QOQ_SQ":0,"ROE_AVG_SQ":0.072809258359,"PE_TTM_SQ":4.03600094031,"PB_TTM_SQ":0.094420010631,"ROA_SQ":0.041346680167,"START_DATE":"2023-04-01 00:00:00","FISCAL_YEAR":"3-31","CURRENCY":"HKD","IS_CNY_CODE":0,"DPS_HKD_LY":0.01,"ORG_TYPE":"一般企业","PREMIUM_INCOME":null,"PREMIUM_INCOME_YOY":null,"NET_INTEREST_INCOME":null,"NET_INTEREST_INCOME_YOY":null,"FEE_COMMISSION_INCOME":null,"FEE_COMMISSION_INCOME_YOY":null,"ACCOUNTS_RECE_TDAYS":71.105855855856,"INVENTORY_TDAYS":0.265328613845,"CURRENT_ASSETS_TDAYS":0.229720044385,"TOTAL_ASSETS_TDAYS":0.070922798363,"PREMIUM_EXPENSE":null,"LOAN_DEPOSIT":null,"LOAN_EQUITY":null,"LOAN_ASSETS":null,"DEPOSIT_EQUITY":null,"DEPOSIT_ASSETS":null,"EQUITY_MULTIPLIER":1.582595759387,"EQUITY_RATIO":0.652872208306},{"SECUCODE":"00480.HK","SECURITY_CODE":"00480","SECURITY_NAME_ABBR":"香港兴业国际","ORG_CODE":"10008920","STD_REPORT_DATE":"2022-12-31 00:00:00","REPORT_DATE":"2023-03-31 00:00:00","DATE_TYPE_CODE":"001","REPORT_TYPE":"2022年年报","PER_NETCASH_OPERATE":1.685750112834,"PER_OI":0.998236125483,"BPS":14.379680678944,"BASIC_EPS":0.26875087,"DILUTED_EPS":0.26875087,"OPERATE_INCOME":1482681917,"OPERATE_INCOME_YOY":-59.3632284844,"GROSS_PROFIT":689560457,"GROSS_PROFIT_YOY":-43.012800326789,"HOLDER_PROFIT":398836796,"HOLDER_PROFIT_YOY":-58.4799052219,"GROSS_PROFIT_RATIO":46.507645982169,"EPS_TTM":0.324947385121,"OPERATE_INCOME_QOQ":0,"NET_PROFIT_RATIO":28.2340438094,"ROE_AVG":1.843608876515,"GROSS_PROFIT_QOQ":0,"ROA":1.008970223641,"HOLDER_PROFIT_QOQ":0,"ROE_YEARLY":1.843608876515,"ROIC_YEARLY":1.205495110283,"TOTAL_ASSETS":41058829984,"TOTAL_LIABILITIES":17185611415,"TAX_EBT":13.822310326185,"OCF_SALES":168.872881856291,"TOTAL_PARENT_EQUITY":21358165639,"DEBT_ASSET_RATIO":41.8560670669,"OPERATE_PROFIT":438405328,"PRETAX_PROFIT":485765009,"NETCASH_OPERATE":2503847682,"NETCASH_INVEST":282844971,"NETCASH_FINANCE":447772215,"END_CASH":5438572166,"DIVI_RATIO":null,"DIVIDEND_RATE":null,"CURRENT_RATIO":2.182860792536,"COMMON_ACS":4000000000,"CURRENTDEBT_DEBT":36.686957186155,"ISSUED_COMMON_SHARES":1485301803,"HK_COMMON_SHARES":1485301803,"PER_SHARES":800,"TOTAL_MARKET_CAP":1277359550.58,"HKSK_MARKET_CAP":1277359550.58,"PE_TTM":-1.205056179792,"PB_TTM":0.05503677639,"REPORT_DATE_SQ":"2021-12-31 00:00:00","REPORT_TYPE_SQ":"2021年年报","OPERATE_INCOME_SQ":3380208579,"DPS_HKD":null,"OPERATE_INCOME_QOQ_SQ":0,"NET_PROFIT_RATIO_SQ":29.2593392356,"HOLDER_PROFIT_SQ":889921273,"HOLDER_PROFIT_QOQ_SQ":0,"ROE_AVG_SQ":4.505366366391,"PE_TTM_SQ":4.03600094031,"PB_TTM_SQ":0.094420010631,"ROA_SQ":2.691027252383,"START_DATE":"2022-04-01 00:00:00","FISCAL_YEAR":"3-31","CURRENCY":"HKD","IS_CNY_CODE":0,"DPS_HKD_LY":0.05,"ORG_TYPE":"一般企业","PREMIUM_INCOME":null,"PREMIUM_INCOME_YOY":null,"NET_INTEREST_INCOME":null,"NET_INTEREST_INCOME_YOY":null,"FEE_COMMISSION_INCOME":null,"FEE_COMMISSION_INCOME_YOY":null,"ACCOUNTS_RECE_TDAYS":30.380269058296,"INVENTORY_TDAYS":0.129946501054,"CURRENT_ASSETS_TDAYS":0.13139897981,"TOTAL_ASSETS_TDAYS":0.037508623086,"PREMIUM_EXPENSE":null,"LOAN_DEPOSIT":null,"LOAN_EQUITY":null,"LOAN_ASSETS":null,"DEPOSIT_EQUITY":null,"DEPOSIT_ASSETS":null,"EQUITY_MULTIPLIER":1.719869897949,"EQUITY_RATIO":0.804638923842},{"SECUCODE":"00480.HK","SECURITY_CODE":"00480","SECURITY_NAME_ABBR":"香港兴业国际","ORG_CODE":"10008920","STD_REPORT_DATE":"2022-06-30 00:00:00","REPORT_DATE":"2022-09-30 00:00:00","DATE_TYPE_CODE":"002","REPORT_TYPE":"2022年中报","PER_NETCASH_OPERATE":-0.211236689652,"PER_OI":0.484888371202,"BPS":14.199319317732,"BASIC_EPS":0.01085328,"DILUTED_EPS":0.01085328,"OPERATE_INCOME":720205572,"OPERATE_INCOME_YOY":-57.6976200595,"GROSS_PROFIT":319086432,"GROSS_PROFIT_YOY":-53.481982993993,"HOLDER_PROFIT":15918144,"HOLDER_PROFIT_YOY":-96.5354330709,"GROSS_PROFIT_RATIO":44.30491020972,"EPS_TTM":0.599151816286,"OPERATE_INCOME_QOQ":0,"NET_PROFIT_RATIO":4.8850935577,"ROE_AVG":0.072809258359,"GROSS_PROFIT_QOQ":0,"ROA":0.041346680167,"HOLDER_PROFIT_QOQ":0,"ROE_YEARLY":0.145618516718,"ROIC_YEARLY":0.094237838098,"TOTAL_ASSETS":37738934772,"TOTAL_LIABILITIES":14051379840,"TAX_EBT":54.396248534584,"OCF_SALES":-43.563983423333,"TOTAL_PARENT_EQUITY":21090274584,"DEBT_ASSET_RATIO":37.2331119701,"OPERATE_PROFIT":42418236,"PRETAX_PROFIT":77148732,"NETCASH_OPERATE":-313750236,"NETCASH_INVEST":-328130832,"NETCASH_FINANCE":59512152,"END_CASH":1736886576,"DIVI_RATIO":null,"DIVIDEND_RATE":null,"CURRENT_RATIO":2.372247889941,"COMMON_ACS":4000000000,"CURRENTDEBT_DEBT":24.937564366632,"ISSUED_COMMON_SHARES":1485301803,"HK_COMMON_SHARES":1485301803,"PER_SHARES":800,"TOTAL_MARKET_CAP":1277359550.58,"HKSK_MARKET_CAP":1277359550.58,"PE_TTM":-1.205056179792,"PB_TTM":0.05503677639,"REPORT_DATE_SQ":"2021-06-30 00:00:00","REPORT_TYPE_SQ":"2021年中报","OPERATE_INCOME_SQ":1568152144,"DPS_HKD":null,"OPERATE_INCOME_QOQ_SQ":0,"NET_PROFIT_RATIO_SQ":31.5789473684,"HOLDER_PROFIT_SQ":423194480,"HOLDER_PROFIT_QOQ_SQ":0,"ROE_AVG_SQ":2.123142250531,"PE_TTM_SQ":4.03600094031,"PB_TTM_SQ":0.094420010631,"ROA_SQ":1.23084079995,"START_DATE":"2022-04-01 00:00:00","FISCAL_YEAR":"3-31","CURRENCY":"HKD","IS_CNY_CODE":0,"DPS_HKD_LY":0.05,"ORG_TYPE":"一般企业","PREMIUM_INCOME":null,"PREMIUM_INCOME_YOY":null,"NET_INTEREST_INCOME":null,"NET_INTEREST_INCOME_YOY":null,"FEE_COMMISSION_INCOME":null,"FEE_COMMISSION_INCOME_YOY":null,"ACCOUNTS_RECE_TDAYS":13.753022452504,"INVENTORY_TDAYS":0.073986954273,"CURRENT_ASSETS_TDAYS":0.082737195372,"TOTAL_ASSETS_TDAYS":0.018707023532,"PREMIUM_EXPENSE":null,"LOAN_DEPOSIT":null,"LOAN_EQUITY":null,"LOAN_ASSETS":null,"DEPOSIT_EQUITY":null,"DEPOSIT_ASSETS":null,"EQUITY_MULTIPLIER":1.593196717868,"EQUITY_RATIO":0.666249260247},{"SECUCODE":"00480.HK","SECURITY_CODE":"00480","SECURITY_NAME_ABBR":"香港兴业国际","ORG_CODE":"10008920","STD_REPORT_DATE":"2021-12-31 00:00:00","REPORT_DATE":"2022-03-31 00:00:00","DATE_TYPE_CODE":"001","REPORT_TYPE":"2021年年报","PER_NETCASH_OPERATE":-2.866515269422,"PER_OI":2.275772218261,"BPS":13.665280771897,"BASIC_EPS":0.59933639,"DILUTED_EPS":0.59933639,"OPERATE_INCOME":3380208579,"OPERATE_INCOME_YOY":9.4080588004,"GROSS_PROFIT":1210026920,"GROSS_PROFIT_YOY":-18.949300976449,"HOLDER_PROFIT":889921273,"HOLDER_PROFIT_YOY":22.2890894907,"GROSS_PROFIT_RATIO":35.797403968425,"EPS_TTM":0.444331448778,"OPERATE_INCOME_QOQ":0,"NET_PROFIT_RATIO":29.2593392356,"ROE_AVG":4.505366366391,"GROSS_PROFIT_QOQ":0,"ROA":2.691027252383,"HOLDER_PROFIT_QOQ":0,"ROE_YEARLY":4.505366366391,"ROIC_YEARLY":3.138115100445,"TOTAL_ASSETS":35203916575,"TOTAL_LIABILITIES":12539187812,"TAX_EBT":28.861982583801,"OCF_SALES":-125.957916456729,"TOTAL_PARENT_EQUITY":20297066169,"DEBT_ASSET_RATIO":35.6187294822,"OPERATE_PROFIT":1181398267,"PRETAX_PROFIT":1359739366,"NETCASH_OPERATE":-4257640298,"NETCASH_INVEST":893570818,"NETCASH_FINANCE":3050695216,"END_CASH":2204081877,"DIVI_RATIO":null,"DIVIDEND_RATE":null,"CURRENT_RATIO":2.454033084468,"COMMON_ACS":4000000000,"CURRENTDEBT_DEBT":26.508938504127,"ISSUED_COMMON_SHARES":1485301803,"HK_COMMON_SHARES":1485301803,"PER_SHARES":800,"TOTAL_MARKET_CAP":1277359550.58,"HKSK_MARKET_CAP":1277359550.58,"PE_TTM":-1.205056179792,"PB_TTM":0.05503677639,"REPORT_DATE_SQ":"2020-12-31 00:00:00","REPORT_TYPE_SQ":"2020年年报","OPERATE_INCOME_SQ":3219713210,"DPS_HKD":null,"OPERATE_INCOME_QOQ_SQ":0,"NET_PROFIT_RATIO_SQ":28.6279582985,"HOLDER_PROFIT_SQ":758380014,"HOLDER_PROFIT_QOQ_SQ":0,"ROE_AVG_SQ":3.922511491477,"PE_TTM_SQ":4.03600094031,"PB_TTM_SQ":0.094420010631,"ROA_SQ":2.380551270198,"START_DATE":"2021-04-01 00:00:00","FISCAL_YEAR":"3-31","CURRENCY":"HKD","IS_CNY_CODE":0,"DPS_HKD_LY":0.08,"ORG_TYPE":"一般企业","PREMIUM_INCOME":null,"PREMIUM_INCOME_YOY":null,"NET_INTEREST_INCOME":null,"NET_INTEREST_INCOME_YOY":null,"FEE_COMMISSION_INCOME":null,"FEE_COMMISSION_INCOME_YOY":null,"ACCOUNTS_RECE_TDAYS":58.129707112971,"INVENTORY_TDAYS":0.541236435716,"CURRENT_ASSETS_TDAYS":0.44896024646,"TOTAL_ASSETS_TDAYS":0.102213911284,"PREMIUM_EXPENSE":null,"LOAN_DEPOSIT":null,"LOAN_EQUITY":null,"LOAN_ASSETS":null,"DEPOSIT_EQUITY":null,"DEPOSIT_ASSETS":null,"EQUITY_MULTIPLIER":1.55324676254,"EQUITY_RATIO":0.617783265207},{"SECUCODE":"00480.HK","SECURITY_CODE":"00480","SECURITY_NAME_ABBR":"香港兴业国际","ORG_CODE":"10008920","STD_REPORT_DATE":"2021-06-30 00:00:00","REPORT_DATE":"2021-09-30 00:00:00","DATE_TYPE_CODE":"002","REPORT_TYPE":"2021年中报","PER_NETCASH_OPERATE":-2.598731245195,"PER_OI":1.055780138981,"BPS":13.556039749856,"BASIC_EPS":0.28490652,"DILUTED_EPS":0.28490652,"OPERATE_INCOME":1568152144,"OPERATE_INCOME_YOY":-20.7344108993,"GROSS_PROFIT":685941604,"GROSS_PROFIT_YOY":-24.839732834791,"HOLDER_PROFIT":423194480,"HOLDER_PROFIT_YOY":-14.4204851752,"GROSS_PROFIT_RATIO":42.684973302822,"EPS_TTM":0.51058984273,"OPERATE_INCOME_QOQ":0,"NET_PROFIT_RATIO":31.5789473684,"ROE_AVG":2.123142250531,"GROSS_PROFIT_QOQ":0,"ROA":1.23084079995,"HOLDER_PROFIT_QOQ":0,"ROE_YEARLY":4.246284501062,"ROIC_YEARLY":2.887569524773,"TOTAL_ASSETS":36988030612,"TOTAL_LIABILITIES":14424433900,"TAX_EBT":26.537369914853,"OCF_SALES":-235.616577676074,"TOTAL_PARENT_EQUITY":20134810282,"DEBT_ASSET_RATIO":38.997572083,"OPERATE_PROFIT":618297132,"PRETAX_PROFIT":704435536,"NETCASH_OPERATE":-3859900204,"NETCASH_INVEST":-102799604,"NETCASH_FINANCE":4106069434,"END_CASH":2730270844,"DIVI_RATIO":null,"DIVIDEND_RATE":null,"CURRENT_RATIO":2.198523705877,"COMMON_ACS":4000000000,"CURRENTDEBT_DEBT":30.514005197805,"ISSUED_COMMON_SHARES":1485301803,"HK_COMMON_SHARES":1485301803,"PER_SHARES":800,"TOTAL_MARKET_CAP":1277359550.58,"HKSK_MARKET_CAP":1277359550.58,"PE_TTM":-1.205056179792,"PB_TTM":0.05503677639,"REPORT_DATE_SQ":"2020-06-30 00:00:00","REPORT_TYPE_SQ":"2020年中报","OPERATE_INCOME_SQ":2180016448,"DPS_HKD":null,"OPERATE_INCOME_QOQ_SQ":0,"NET_PROFIT_RATIO_SQ":30.4969970575,"HOLDER_PROFIT_SQ":521608192,"HOLDER_PROFIT_QOQ_SQ":0,"ROE_AVG_SQ":2.63568610648,"PE_TTM_SQ":4.03600094031,"PB_TTM_SQ":0.094420010631,"ROA_SQ":1.605604468428,"START_DATE":"2021-04-01 00:00:00","FISCAL_YEAR":"3-31","CURRENCY":"HKD","IS_CNY_CODE":0,"DPS_HKD_LY":0.08,"ORG_TYPE":"一般企业","PREMIUM_INCOME":null,"PREMIUM_INCOME_YOY":null,"NET_INTEREST_INCOME":null,"NET_INTEREST_INCOME_YOY":null,"FEE_COMMISSION_INCOME":null,"FEE_COMMISSION_INCOME_YOY":null,"ACCOUNTS_RECE_TDAYS":24.735873850197,"INVENTORY_TDAYS":0.205139872231,"CURRENT_ASSETS_TDAYS":0.195431484693,"TOTAL_ASSETS_TDAYS":0.047646622699,"PREMIUM_EXPENSE":null,"LOAN_DEPOSIT":null,"LOAN_EQUITY":null,"LOAN_ASSETS":null,"DEPOSIT_EQUITY":null,"DEPOSIT_ASSETS":null,"EQUITY_MULTIPLIER":1.639279015846,"EQUITY_RATIO":0.716392838968},{"SECUCODE":"00480.HK","SECURITY_CODE":"00480","SECURITY_NAME_ABBR":"香港兴业国际","ORG_CODE":"10008920","STD_REPORT_DATE":"2020-12-31 00:00:00","REPORT_DATE":"2021-03-31 00:00:00","DATE_TYPE_CODE":"001","REPORT_TYPE":"2020年年报","PER_NETCASH_OPERATE":0.546040357833,"PER_OI":2.167716489334,"BPS":13.476829127636,"BASIC_EPS":0.51048872,"DILUTED_EPS":0.51048872,"OPERATE_INCOME":3219713210,"OPERATE_INCOME_YOY":-16.058767167,"GROSS_PROFIT":1492925952,"GROSS_PROFIT_YOY":-15.793934277025,"HOLDER_PROFIT":758380014,"HOLDER_PROFIT_YOY":-44.7679428782,"GROSS_PROFIT_RATIO":45.235015092712,"EPS_TTM":0.780203334877,"OPERATE_INCOME_QOQ":0,"NET_PROFIT_RATIO":28.6279582985,"ROE_AVG":3.922511491477,"GROSS_PROFIT_QOQ":0,"ROA":2.380551270198,"HOLDER_PROFIT_QOQ":0,"ROE_YEARLY":3.922511491477,"ROIC_YEARLY":2.794717662815,"TOTAL_ASSETS":32239391100,"TOTAL_LIABILITIES":9753630754,"TAX_EBT":31.373994226399,"OCF_SALES":24.341120665601,"TOTAL_PARENT_EQUITY":20017158602,"DEBT_ASSET_RATIO":30.2537685149,"OPERATE_PROFIT":1263713136,"PRETAX_PROFIT":1376037558,"NETCASH_OPERATE":811034728,"NETCASH_INVEST":-424618432,"NETCASH_FINANCE":-90265224,"END_CASH":2587011462,"DIVI_RATIO":null,"DIVIDEND_RATE":null,"CURRENT_RATIO":2.800697804549,"COMMON_ACS":4000000000,"CURRENTDEBT_DEBT":26.326005389808,"ISSUED_COMMON_SHARES":1485301803,"HK_COMMON_SHARES":1485301803,"PER_SHARES":800,"TOTAL_MARKET_CAP":1217947478.46,"HKSK_MARKET_CAP":1217947478.46,"PE_TTM":-1.149007055151,"PB_TTM":0.052476926325,"REPORT_DATE_SQ":"2019-12-31 00:00:00","REPORT_TYPE_SQ":"2019年年报","OPERATE_INCOME_SQ":4291192050,"DPS_HKD":null,"OPERATE_INCOME_QOQ_SQ":0,"NET_PROFIT_RATIO_SQ":35.8628766102,"HOLDER_PROFIT_SQ":1484397020,"HOLDER_PROFIT_QOQ_SQ":0,"ROE_AVG_SQ":7.492194669778,"PE_TTM_SQ":3.314331898003,"PB_TTM_SQ":0.077536962373,"ROA_SQ":4.469430509379,"START_DATE":"2020-04-01 00:00:00","FISCAL_YEAR":"3-31","CURRENCY":"HKD","IS_CNY_CODE":0,"DPS_HKD_LY":0.11,"ORG_TYPE":"一般企业","PREMIUM_INCOME":null,"PREMIUM_INCOME_YOY":null,"NET_INTEREST_INCOME":null,"NET_INTEREST_INCOME_YOY":null,"FEE_COMMISSION_INCOME":null,"FEE_COMMISSION_INCOME_YOY":null,"ACCOUNTS_RECE_TDAYS":69.899082568807,"INVENTORY_TDAYS":0.616056269707,"CURRENT_ASSETS_TDAYS":0.431744258633,"TOTAL_ASSETS_TDAYS":0.104589850357,"PREMIUM_EXPENSE":null,"LOAN_DEPOSIT":null,"LOAN_EQUITY":null,"LOAN_ASSETS":null,"DEPOSIT_EQUITY":null,"DEPOSIT_ASSETS":null,"EQUITY_MULTIPLIER":1.433769221228,"EQUITY_RATIO":0.487263499677},{"SECUCODE":"00480.HK","SECURITY_CODE":"00480","SECURITY_NAME_ABBR":"香港兴业国际","ORG_CODE":"10008920","STD_REPORT_DATE":"2020-06-30 00:00:00","REPORT_DATE":"2020-09-30 00:00:00","DATE_TYPE_CODE":"002","REPORT_TYPE":"2020年中报","PER_NETCASH_OPERATE":0.636040345532,"PER_OI":1.467726251727,"BPS":13.592781485367,"BASIC_EPS":0.351488,"DILUTED_EPS":0.351488,"OPERATE_INCOME":2180016448,"OPERATE_INCOME_YOY":30.3609899637,"GROSS_PROFIT":912638592,"GROSS_PROFIT_YOY":39.864975225958,"HOLDER_PROFIT":521608192,"HOLDER_PROFIT_YOY":-36.797274276,"GROSS_PROFIT_RATIO":41.86383973558,"EPS_TTM":0.99939084232,"OPERATE_INCOME_QOQ":0,"NET_PROFIT_RATIO":30.4969970575,"ROE_AVG":2.63568610648,"GROSS_PROFIT_QOQ":0,"ROA":1.605604468428,"HOLDER_PROFIT_QOQ":0,"ROE_YEARLY":5.27137221296,"ROIC_YEARLY":3.758680789158,"TOTAL_ASSETS":32249111872,"TOTAL_LIABILITIES":9553180224,"TAX_EBT":27.908527870415,"OCF_SALES":43.335080011286,"TOTAL_PARENT_EQUITY":20189382848,"DEBT_ASSET_RATIO":29.6230800461,"OPERATE_PROFIT":895503552,"PRETAX_PROFIT":922216640,"NETCASH_OPERATE":944711872,"NETCASH_INVEST":-64498048,"NETCASH_FINANCE":-752711552,"END_CASH":2396445184,"DIVI_RATIO":null,"DIVIDEND_RATE":null,"CURRENT_RATIO":2.09169914674,"COMMON_ACS":4000000000,"CURRENTDEBT_DEBT":34.927380262516,"ISSUED_COMMON_SHARES":1485301803,"HK_COMMON_SHARES":1485301803,"PER_SHARES":800,"TOTAL_MARKET_CAP":1277359550.58,"HKSK_MARKET_CAP":1277359550.58,"PE_TTM":-1.205056179792,"PB_TTM":0.05503677639,"REPORT_DATE_SQ":"2019-06-30 00:00:00","REPORT_TYPE_SQ":"2019年中报","OPERATE_INCOME_SQ":1716615231,"DPS_HKD":null,"OPERATE_INCOME_QOQ_SQ":0,"NET_PROFIT_RATIO_SQ":50.8643791708,"HOLDER_PROFIT_SQ":847167792,"HOLDER_PROFIT_QOQ_SQ":0,"ROE_AVG_SQ":4.367336120269,"PE_TTM_SQ":4.03600094031,"PB_TTM_SQ":0.094420010631,"ROA_SQ":2.592373310589,"START_DATE":"2020-04-01 00:00:00","FISCAL_YEAR":"3-31","CURRENCY":"HKD","IS_CNY_CODE":0,"DPS_HKD_LY":0.11,"ORG_TYPE":"一般企业","PREMIUM_INCOME":null,"PREMIUM_INCOME_YOY":null,"NET_INTEREST_INCOME":null,"NET_INTEREST_INCOME_YOY":null,"FEE_COMMISSION_INCOME":null,"FEE_COMMISSION_INCOME_YOY":null,"ACCOUNTS_RECE_TDAYS":80.288025889968,"INVENTORY_TDAYS":0.676532670388,"CURRENT_ASSETS_TDAYS":0.280391048825,"TOTAL_ASSETS_TDAYS":0.06710485387,"PREMIUM_EXPENSE":null,"LOAN_DEPOSIT":null,"LOAN_EQUITY":null,"LOAN_ASSETS":null,"DEPOSIT_EQUITY":null,"DEPOSIT_ASSETS":null,"EQUITY_MULTIPLIER":1.420920382215,"EQUITY_RATIO":0.473178417385}],"count":47},"success":true,"message":"ok","code":0}