{"version":"5e40ccbfd57eb40278e230d52f664561","result":{"pages":3,"data":[{"SECUCODE":"00484.HK","SECURITY_CODE":"00484","SECURITY_NAME_ABBR":"云游控股","ORG_CODE":"10336783","STD_REPORT_DATE":"2024-06-30 00:00:00","REPORT_DATE":"2024-06-30 00:00:00","DATE_TYPE_CODE":"002","REPORT_TYPE":"2024年中报","PER_NETCASH_OPERATE":0.079577391978,"PER_OI":0.254843939779,"BPS":3.927106127521,"BASIC_EPS":-0.03,"DILUTED_EPS":-0.03,"OPERATE_INCOME":37392000,"OPERATE_INCOME_YOY":60.0753456912,"GROSS_PROFIT":2940000,"GROSS_PROFIT_YOY":-54.489164086687,"HOLDER_PROFIT":-3748000,"HOLDER_PROFIT_YOY":-14.2334654069,"GROSS_PROFIT_RATIO":7.862644415918,"EPS_TTM":-0.123250904123,"OPERATE_INCOME_QOQ":23.321478428505,"NET_PROFIT_RATIO":-10.0235344459,"ROE_AVG":-0.642617655354,"GROSS_PROFIT_QOQ":-38.933746267006,"ROA":-0.583342671797,"HOLDER_PROFIT_QOQ":-2.650848612136,"ROE_YEARLY":-1.285235310709,"ROIC_YEARLY":-1.562071829047,"TOTAL_ASSETS":629243000,"TOTAL_LIABILITIES":53038000,"TAX_EBT":null,"OCF_SALES":31.225930680359,"TOTAL_PARENT_EQUITY":576205000,"DEBT_ASSET_RATIO":8.4288581677,"OPERATE_PROFIT":-5421000,"PRETAX_PROFIT":-3748000,"NETCASH_OPERATE":11676000,"NETCASH_INVEST":-79410000,"NETCASH_FINANCE":-1247000,"END_CASH":129308000,"DIVI_RATIO":null,"DIVIDEND_RATE":null,"CURRENT_RATIO":8.217908783264,"COMMON_ACS":500000000,"CURRENTDEBT_DEBT":98.057996153701,"ISSUED_COMMON_SHARES":146725090,"HK_COMMON_SHARES":146725090,"PER_SHARES":3000,"TOTAL_MARKET_CAP":111511068.4,"HKSK_MARKET_CAP":111511068.4,"PE_TTM":-5.578891415805,"PB_TTM":0.176627974258,"REPORT_DATE_SQ":"2023-06-30 00:00:00","REPORT_TYPE_SQ":"2023年中报","OPERATE_INCOME_SQ":23359000,"DPS_HKD":null,"OPERATE_INCOME_QOQ_SQ":-9.770759577973,"NET_PROFIT_RATIO_SQ":-14.0459779956,"HOLDER_PROFIT_SQ":-3281000,"HOLDER_PROFIT_QOQ_SQ":-69.159994031929,"ROE_AVG_SQ":-0.522091005507,"PE_TTM_SQ":-3.04944951667,"PB_TTM_SQ":0.176354538463,"ROA_SQ":-0.464490409002,"START_DATE":"2024-01-01 00:00:00","FISCAL_YEAR":"12-31","CURRENCY":"HKD","IS_CNY_CODE":0,"DPS_HKD_LY":null,"ORG_TYPE":"一般企业","PREMIUM_INCOME":null,"PREMIUM_INCOME_YOY":null,"NET_INTEREST_INCOME":null,"NET_INTEREST_INCOME_YOY":null,"FEE_COMMISSION_INCOME":null,"FEE_COMMISSION_INCOME_YOY":null,"ACCOUNTS_RECE_TDAYS":1.014653207424,"INVENTORY_TDAYS":2.295422746352,"CURRENT_ASSETS_TDAYS":0.08480459585,"TOTAL_ASSETS_TDAYS":0.058197303052,"PREMIUM_EXPENSE":null,"LOAN_DEPOSIT":null,"LOAN_EQUITY":null,"LOAN_ASSETS":null,"DEPOSIT_EQUITY":null,"DEPOSIT_ASSETS":null,"EQUITY_MULTIPLIER":1.092047101292,"EQUITY_RATIO":0.092047101292},{"SECUCODE":"00484.HK","SECURITY_CODE":"00484","SECURITY_NAME_ABBR":"云游控股","ORG_CODE":"10336783","STD_REPORT_DATE":"2023-12-31 00:00:00","REPORT_DATE":"2023-12-31 00:00:00","DATE_TYPE_CODE":"001","REPORT_TYPE":"2023年年报","PER_NETCASH_OPERATE":-0.137979128178,"PER_OI":0.410100276647,"BPS":4.022992931884,"BASIC_EPS":-0.12,"DILUTED_EPS":-0.12,"OPERATE_INCOME":60172000,"OPERATE_INCOME_YOY":-47.2711977286,"GROSS_PROFIT":9041000,"GROSS_PROFIT_YOY":56.608349211848,"HOLDER_PROFIT":-17617000,"HOLDER_PROFIT_YOY":12.3837469538,"GROSS_PROFIT_RATIO":15.0252609187,"EPS_TTM":-0.120068081062,"OPERATE_INCOME_QOQ":-41.561292076996,"NET_PROFIT_RATIO":-29.2777371535,"ROE_AVG":-2.856468806573,"GROSS_PROFIT_QOQ":22.923181509177,"ROA":-2.553591799284,"HOLDER_PROFIT_QOQ":48.205098050745,"ROE_YEARLY":-2.856468806573,"ROIC_YEARLY":-3.673231096423,"TOTAL_ASSETS":655765000,"TOTAL_LIABILITIES":65491000,"TAX_EBT":-0.011353959693,"OCF_SALES":-33.645217044473,"TOTAL_PARENT_EQUITY":590274000,"DEBT_ASSET_RATIO":9.9869617927,"OPERATE_PROFIT":-21945000,"PRETAX_PROFIT":-17615000,"NETCASH_OPERATE":-20245000,"NETCASH_INVEST":-4133000,"NETCASH_FINANCE":-6047000,"END_CASH":195949000,"DIVI_RATIO":null,"DIVIDEND_RATE":null,"CURRENT_RATIO":7.077543646529,"COMMON_ACS":500000000,"CURRENTDEBT_DEBT":98.042479119268,"ISSUED_COMMON_SHARES":146725090,"HK_COMMON_SHARES":146725090,"PER_SHARES":3000,"TOTAL_MARKET_CAP":101240312.1,"HKSK_MARKET_CAP":101240312.1,"PE_TTM":-5.065046153823,"PB_TTM":0.160359608208,"REPORT_DATE_SQ":"2022-12-31 00:00:00","REPORT_TYPE_SQ":"2022年年报","OPERATE_INCOME_SQ":114116000,"DPS_HKD":null,"OPERATE_INCOME_QOQ_SQ":36.432217878364,"NET_PROFIT_RATIO_SQ":-17.6197903887,"HOLDER_PROFIT_SQ":-20107000,"HOLDER_PROFIT_QOQ_SQ":-234.928197557375,"ROE_AVG_SQ":-3.142055048079,"PE_TTM_SQ":-3.125685754587,"PB_TTM_SQ":0.180763401925,"ROA_SQ":-2.797666918044,"START_DATE":"2023-01-01 00:00:00","FISCAL_YEAR":"12-31","CURRENCY":"HKD","IS_CNY_CODE":0,"DPS_HKD_LY":null,"ORG_TYPE":"一般企业","PREMIUM_INCOME":null,"PREMIUM_INCOME_YOY":null,"NET_INTEREST_INCOME":null,"NET_INTEREST_INCOME_YOY":null,"FEE_COMMISSION_INCOME":null,"FEE_COMMISSION_INCOME_YOY":null,"ACCOUNTS_RECE_TDAYS":0.839142894996,"INVENTORY_TDAYS":1.980248252358,"CURRENT_ASSETS_TDAYS":0.13207315253,"TOTAL_ASSETS_TDAYS":0.087219575266,"PREMIUM_EXPENSE":null,"LOAN_DEPOSIT":null,"LOAN_EQUITY":null,"LOAN_ASSETS":null,"DEPOSIT_EQUITY":null,"DEPOSIT_ASSETS":null,"EQUITY_MULTIPLIER":1.110950168904,"EQUITY_RATIO":0.110950168905},{"SECUCODE":"00484.HK","SECURITY_CODE":"00484","SECURITY_NAME_ABBR":"云游控股","ORG_CODE":"10336783","STD_REPORT_DATE":"2023-06-30 00:00:00","REPORT_DATE":"2023-06-30 00:00:00","DATE_TYPE_CODE":"002","REPORT_TYPE":"2023年中报","PER_NETCASH_OPERATE":0.00725847229,"PER_OI":0.159202492225,"BPS":4.18239307265,"BASIC_EPS":-0.02,"DILUTED_EPS":-0.02,"OPERATE_INCOME":23359000,"OPERATE_INCOME_YOY":-32.3104117766,"GROSS_PROFIT":6460000,"GROSS_PROFIT_YOY":32.431324313243,"HOLDER_PROFIT":-3281000,"HOLDER_PROFIT_YOY":-130.88,"GROSS_PROFIT_RATIO":27.655293462905,"EPS_TTM":-0.231814476992,"OPERATE_INCOME_QOQ":-9.770759577973,"NET_PROFIT_RATIO":-14.0459779956,"ROE_AVG":-0.522091005507,"GROSS_PROFIT_QOQ":27.403429759224,"ROA":-0.464490409002,"HOLDER_PROFIT_QOQ":-69.159994031929,"ROE_YEARLY":-1.044182011013,"ROIC_YEARLY":-1.333827945952,"TOTAL_ASSETS":688714000,"TOTAL_LIABILITIES":75052000,"TAX_EBT":-0.06099420555,"OCF_SALES":4.559270516717,"TOTAL_PARENT_EQUITY":613662000,"DEBT_ASSET_RATIO":10.8974116977,"OPERATE_PROFIT":-12849000,"PRETAX_PROFIT":-3279000,"NETCASH_OPERATE":1065000,"NETCASH_INVEST":-82104000,"NETCASH_FINANCE":-1246000,"END_CASH":146367000,"DIVI_RATIO":null,"DIVIDEND_RATE":null,"CURRENT_RATIO":5.990372713519,"COMMON_ACS":500000000,"CURRENTDEBT_DEBT":96.879496882162,"ISSUED_COMMON_SHARES":146725090,"HK_COMMON_SHARES":146725090,"PER_SHARES":3000,"TOTAL_MARKET_CAP":101240312.1,"HKSK_MARKET_CAP":101240312.1,"PE_TTM":-5.065046153823,"PB_TTM":0.160359608208,"REPORT_DATE_SQ":"2022-06-30 00:00:00","REPORT_TYPE_SQ":"2022年中报","OPERATE_INCOME_SQ":34509000,"DPS_HKD":null,"OPERATE_INCOME_QOQ_SQ":-41.152839533967,"NET_PROFIT_RATIO_SQ":30.7890695181,"HOLDER_PROFIT_SQ":10625000,"HOLDER_PROFIT_QOQ_SQ":-15.097994530538,"ROE_AVG_SQ":1.642716504237,"PE_TTM_SQ":-3.125685754587,"PB_TTM_SQ":0.180763401925,"ROA_SQ":1.49712094835,"START_DATE":"2023-01-01 00:00:00","FISCAL_YEAR":"12-31","CURRENCY":"HKD","IS_CNY_CODE":0,"DPS_HKD_LY":null,"ORG_TYPE":"一般企业","PREMIUM_INCOME":null,"PREMIUM_INCOME_YOY":null,"NET_INTEREST_INCOME":null,"NET_INTEREST_INCOME_YOY":null,"FEE_COMMISSION_INCOME":null,"FEE_COMMISSION_INCOME_YOY":null,"ACCOUNTS_RECE_TDAYS":0.355137629324,"INVENTORY_TDAYS":0.524,"CURRENT_ASSETS_TDAYS":0.052356243906,"TOTAL_ASSETS_TDAYS":0.033069282121,"PREMIUM_EXPENSE":null,"LOAN_DEPOSIT":null,"LOAN_EQUITY":null,"LOAN_ASSETS":null,"DEPOSIT_EQUITY":null,"DEPOSIT_ASSETS":null,"EQUITY_MULTIPLIER":1.122301853463,"EQUITY_RATIO":0.122301853463},{"SECUCODE":"00484.HK","SECURITY_CODE":"00484","SECURITY_NAME_ABBR":"云游控股","ORG_CODE":"10336783","STD_REPORT_DATE":"2022-12-31 00:00:00","REPORT_DATE":"2022-12-31 00:00:00","DATE_TYPE_CODE":"001","REPORT_TYPE":"2022年年报","PER_NETCASH_OPERATE":-0.200361097069,"PER_OI":0.777753825198,"BPS":4.38375604336,"BASIC_EPS":-0.14,"DILUTED_EPS":-0.14,"OPERATE_INCOME":114116000,"OPERATE_INCOME_YOY":-19.7135138178,"GROSS_PROFIT":5773000,"GROSS_PROFIT_YOY":-57.554591574149,"HOLDER_PROFIT":-20107000,"HOLDER_PROFIT_YOY":-214.55674567,"GROSS_PROFIT_RATIO":5.05888744786,"EPS_TTM":-0.13703859374,"OPERATE_INCOME_QOQ":36.432217878364,"NET_PROFIT_RATIO":-17.6197903887,"ROE_AVG":-3.142055048079,"GROSS_PROFIT_QOQ":-34.308147473828,"ROA":-2.797666918044,"HOLDER_PROFIT_QOQ":-234.928197557375,"ROE_YEARLY":-3.142055048079,"ROIC_YEARLY":-4.773044771478,"TOTAL_ASSETS":724017000,"TOTAL_LIABILITIES":80810000,"TAX_EBT":0.862834040035,"OCF_SALES":-25.761505836167,"TOTAL_PARENT_EQUITY":643207000,"DEBT_ASSET_RATIO":11.1613401343,"OPERATE_PROFIT":-24016000,"PRETAX_PROFIT":-20282000,"NETCASH_OPERATE":-29398000,"NETCASH_INVEST":-130350000,"NETCASH_FINANCE":-1707000,"END_CASH":224623000,"DIVI_RATIO":null,"DIVIDEND_RATE":null,"CURRENT_RATIO":5.832439472878,"COMMON_ACS":500000000,"CURRENTDEBT_DEBT":96.908798416038,"ISSUED_COMMON_SHARES":146725090,"HK_COMMON_SHARES":146725090,"PER_SHARES":3000,"TOTAL_MARKET_CAP":101240312.1,"HKSK_MARKET_CAP":101240312.1,"PE_TTM":-5.065046153823,"PB_TTM":0.160359608208,"REPORT_DATE_SQ":"2021-12-31 00:00:00","REPORT_TYPE_SQ":"2021年年报","OPERATE_INCOME_SQ":142136000,"DPS_HKD":null,"OPERATE_INCOME_QOQ_SQ":10.94234176573,"NET_PROFIT_RATIO_SQ":12.3297405302,"HOLDER_PROFIT_SQ":17552000,"HOLDER_PROFIT_QOQ_SQ":243.281632653061,"ROE_AVG_SQ":2.80898741541,"PE_TTM_SQ":-3.125685754587,"PB_TTM_SQ":0.180763401925,"ROA_SQ":2.52262377593,"START_DATE":"2022-01-01 00:00:00","FISCAL_YEAR":"12-31","CURRENCY":"HKD","IS_CNY_CODE":0,"DPS_HKD_LY":null,"ORG_TYPE":"一般企业","PREMIUM_INCOME":null,"PREMIUM_INCOME_YOY":null,"NET_INTEREST_INCOME":null,"NET_INTEREST_INCOME_YOY":null,"FEE_COMMISSION_INCOME":null,"FEE_COMMISSION_INCOME_YOY":null,"ACCOUNTS_RECE_TDAYS":1.683399961646,"INVENTORY_TDAYS":1.862795835733,"CURRENT_ASSETS_TDAYS":0.224913624386,"TOTAL_ASSETS_TDAYS":0.158779807042,"PREMIUM_EXPENSE":null,"LOAN_DEPOSIT":null,"LOAN_EQUITY":null,"LOAN_ASSETS":null,"DEPOSIT_EQUITY":null,"DEPOSIT_ASSETS":null,"EQUITY_MULTIPLIER":1.125636070503,"EQUITY_RATIO":0.125636070503},{"SECUCODE":"00484.HK","SECURITY_CODE":"00484","SECURITY_NAME_ABBR":"云游控股","ORG_CODE":"10336783","STD_REPORT_DATE":"2022-06-30 00:00:00","REPORT_DATE":"2022-06-30 00:00:00","DATE_TYPE_CODE":"002","REPORT_TYPE":"2022年中报","PER_NETCASH_OPERATE":-0.368089738435,"PER_OI":0.235194948594,"BPS":4.477305142563,"BASIC_EPS":0.07,"DILUTED_EPS":0.07,"OPERATE_INCOME":34509000,"OPERATE_INCOME_YOY":-62.8943463581,"GROSS_PROFIT":4878000,"GROSS_PROFIT_YOY":-49.664637292333,"HOLDER_PROFIT":10625000,"HOLDER_PROFIT_YOY":-19.9623352166,"GROSS_PROFIT_RATIO":14.135442927932,"EPS_TTM":0.101564088323,"OPERATE_INCOME_QOQ":-41.152839533967,"NET_PROFIT_RATIO":30.7890695181,"ROE_AVG":1.642716504237,"GROSS_PROFIT_QOQ":-35.38710388942,"ROA":1.49712094835,"HOLDER_PROFIT_QOQ":-15.097994530538,"ROE_YEARLY":3.285433008475,"ROIC_YEARLY":5.641580438981,"TOTAL_ASSETS":705996000,"TOTAL_LIABILITIES":49063000,"TAX_EBT":0.821431905162,"OCF_SALES":-156.504100379611,"TOTAL_PARENT_EQUITY":656933000,"DEBT_ASSET_RATIO":6.9494728015,"OPERATE_PROFIT":4402000,"PRETAX_PROFIT":10713000,"NETCASH_OPERATE":-54008000,"NETCASH_INVEST":-29846000,"NETCASH_FINANCE":-783000,"END_CASH":295790000,"DIVI_RATIO":null,"DIVIDEND_RATE":null,"CURRENT_RATIO":10.99952614121,"COMMON_ACS":500000000,"CURRENTDEBT_DEBT":90.326722784991,"ISSUED_COMMON_SHARES":146725090,"HK_COMMON_SHARES":146725090,"PER_SHARES":3000,"TOTAL_MARKET_CAP":101240312.1,"HKSK_MARKET_CAP":101240312.1,"PE_TTM":-5.065046153823,"PB_TTM":0.160359608208,"REPORT_DATE_SQ":"2021-06-30 00:00:00","REPORT_TYPE_SQ":"2021年中报","OPERATE_INCOME_SQ":93002000,"DPS_HKD":null,"OPERATE_INCOME_QOQ_SQ":111.973858371939,"NET_PROFIT_RATIO_SQ":14.2448549494,"HOLDER_PROFIT_SQ":13275000,"HOLDER_PROFIT_QOQ_SQ":75.138009417113,"ROE_AVG_SQ":2.118094751832,"PE_TTM_SQ":-3.125685754587,"PB_TTM_SQ":0.180763401925,"ROA_SQ":1.926382442421,"START_DATE":"2022-01-01 00:00:00","FISCAL_YEAR":"12-31","CURRENCY":"HKD","IS_CNY_CODE":0,"DPS_HKD_LY":null,"ORG_TYPE":"一般企业","PREMIUM_INCOME":null,"PREMIUM_INCOME_YOY":null,"NET_INTEREST_INCOME":null,"NET_INTEREST_INCOME_YOY":null,"FEE_COMMISSION_INCOME":null,"FEE_COMMISSION_INCOME_YOY":null,"ACCOUNTS_RECE_TDAYS":0.60646907375,"INVENTORY_TDAYS":0.406134994552,"CURRENT_ASSETS_TDAYS":0.066016241499,"TOTAL_ASSETS_TDAYS":0.048625079347,"PREMIUM_EXPENSE":null,"LOAN_DEPOSIT":null,"LOAN_EQUITY":null,"LOAN_ASSETS":null,"DEPOSIT_EQUITY":null,"DEPOSIT_ASSETS":null,"EQUITY_MULTIPLIER":1.074684937428,"EQUITY_RATIO":0.074684937429},{"SECUCODE":"00484.HK","SECURITY_CODE":"00484","SECURITY_NAME_ABBR":"云游控股","ORG_CODE":"10336783","STD_REPORT_DATE":"2021-12-31 00:00:00","REPORT_DATE":"2021-12-31 00:00:00","DATE_TYPE_CODE":"001","REPORT_TYPE":"2021年年报","PER_NETCASH_OPERATE":-0.885274631626,"PER_OI":0.968723208825,"BPS":4.339107919443,"BASIC_EPS":0.12,"DILUTED_EPS":0.12,"OPERATE_INCOME":142136000,"OPERATE_INCOME_YOY":165.3771471247,"GROSS_PROFIT":13601000,"GROSS_PROFIT_YOY":4.945987654321,"HOLDER_PROFIT":17552000,"HOLDER_PROFIT_YOY":135.6226660172,"GROSS_PROFIT_RATIO":9.569004333877,"EPS_TTM":0.119625075711,"OPERATE_INCOME_QOQ":10.94234176573,"NET_PROFIT_RATIO":12.3297405302,"ROE_AVG":2.80898741541,"GROSS_PROFIT_QOQ":3.919621026895,"ROA":2.52262377593,"HOLDER_PROFIT_QOQ":243.281632653061,"ROE_YEARLY":2.80898741541,"ROIC_YEARLY":5.512008843332,"TOTAL_ASSETS":713395000,"TOTAL_LIABILITIES":76739000,"TAX_EBT":0.113862795332,"OCF_SALES":-91.385715089773,"TOTAL_PARENT_EQUITY":636656000,"DEBT_ASSET_RATIO":10.7568738217,"OPERATE_PROFIT":10131000,"PRETAX_PROFIT":31617000,"NETCASH_OPERATE":-129892000,"NETCASH_INVEST":115964000,"NETCASH_FINANCE":2903000,"END_CASH":370266000,"DIVI_RATIO":null,"DIVIDEND_RATE":null,"CURRENT_RATIO":7.860650541648,"COMMON_ACS":500000000,"CURRENTDEBT_DEBT":92.504463180391,"ISSUED_COMMON_SHARES":146725090,"HK_COMMON_SHARES":146725090,"PER_SHARES":3000,"TOTAL_MARKET_CAP":101240312.1,"HKSK_MARKET_CAP":101240312.1,"PE_TTM":-5.065046153823,"PB_TTM":0.160359608208,"REPORT_DATE_SQ":"2020-12-31 00:00:00","REPORT_TYPE_SQ":"2020年年报","OPERATE_INCOME_SQ":53560000,"DPS_HKD":null,"OPERATE_INCOME_QOQ_SQ":-39.417024177058,"NET_PROFIT_RATIO_SQ":-91.2309728657,"HOLDER_PROFIT_SQ":-49272000,"HOLDER_PROFIT_QOQ_SQ":80.291909491258,"ROE_AVG_SQ":-7.577941043028,"PE_TTM_SQ":-3.125685754587,"PB_TTM_SQ":0.180763401925,"ROA_SQ":-6.606907001535,"START_DATE":"2021-01-01 00:00:00","FISCAL_YEAR":"12-31","CURRENCY":"HKD","IS_CNY_CODE":0,"DPS_HKD_LY":null,"ORG_TYPE":"一般企业","PREMIUM_INCOME":null,"PREMIUM_INCOME_YOY":null,"NET_INTEREST_INCOME":null,"NET_INTEREST_INCOME_YOY":null,"FEE_COMMISSION_INCOME":null,"FEE_COMMISSION_INCOME_YOY":null,"ACCOUNTS_RECE_TDAYS":4.484139127691,"INVENTORY_TDAYS":2.877434519812,"CURRENT_ASSETS_TDAYS":0.255316320748,"TOTAL_ASSETS_TDAYS":0.204281935401,"PREMIUM_EXPENSE":null,"LOAN_DEPOSIT":null,"LOAN_EQUITY":null,"LOAN_ASSETS":null,"DEPOSIT_EQUITY":null,"DEPOSIT_ASSETS":null,"EQUITY_MULTIPLIER":1.120534480159,"EQUITY_RATIO":0.120534480159},{"SECUCODE":"00484.HK","SECURITY_CODE":"00484","SECURITY_NAME_ABBR":"云游控股","ORG_CODE":"10336783","STD_REPORT_DATE":"2021-06-30 00:00:00","REPORT_DATE":"2021-06-30 00:00:00","DATE_TYPE_CODE":"002","REPORT_TYPE":"2021年中报","PER_NETCASH_OPERATE":-1.225039289463,"PER_OI":0.63385205625,"BPS":4.364884015406,"BASIC_EPS":0.09,"DILUTED_EPS":0.09,"OPERATE_INCOME":93002000,"OPERATE_INCOME_YOY":267.233958539,"GROSS_PROFIT":9691000,"GROSS_PROFIT_YOY":-41.063066350423,"HOLDER_PROFIT":13275000,"HOLDER_PROFIT_YOY":155.9017981219,"GROSS_PROFIT_RATIO":10.420206017075,"EPS_TTM":-0.083489470001,"OPERATE_INCOME_QOQ":111.973858371939,"NET_PROFIT_RATIO":14.2448549494,"ROE_AVG":2.118094751832,"GROSS_PROFIT_QOQ":-34.032258064516,"ROA":1.926382442421,"HOLDER_PROFIT_QOQ":75.138009417113,"ROE_YEARLY":4.236189503664,"ROIC_YEARLY":7.267541326443,"TOTAL_ASSETS":700059000,"TOTAL_LIABILITIES":59621000,"TAX_EBT":3.519642286809,"OCF_SALES":-193.268961957807,"TOTAL_PARENT_EQUITY":640438000,"DEBT_ASSET_RATIO":8.5165678893,"OPERATE_PROFIT":9656000,"PRETAX_PROFIT":15655000,"NETCASH_OPERATE":-179744000,"NETCASH_INVEST":57815000,"NETCASH_FINANCE":-493000,"END_CASH":263148000,"DIVI_RATIO":null,"DIVIDEND_RATE":null,"CURRENT_RATIO":10.69185380385,"COMMON_ACS":500000000,"CURRENTDEBT_DEBT":87.834823300515,"ISSUED_COMMON_SHARES":146725090,"HK_COMMON_SHARES":146725090,"PER_SHARES":3000,"TOTAL_MARKET_CAP":101240312.1,"HKSK_MARKET_CAP":101240312.1,"PE_TTM":-5.065046153823,"PB_TTM":0.160359608208,"REPORT_DATE_SQ":"2020-06-30 00:00:00","REPORT_TYPE_SQ":"2020年中报","OPERATE_INCOME_SQ":25325000,"DPS_HKD":null,"OPERATE_INCOME_QOQ_SQ":-19.725778289172,"NET_PROFIT_RATIO_SQ":-98.043350503,"HOLDER_PROFIT_SQ":-23747000,"HOLDER_PROFIT_QOQ_SQ":-15.811928199189,"ROE_AVG_SQ":-3.522549015972,"PE_TTM_SQ":-3.125685754587,"PB_TTM_SQ":0.180763401925,"ROA_SQ":-3.025180323525,"START_DATE":"2021-01-01 00:00:00","FISCAL_YEAR":"12-31","CURRENCY":"HKD","IS_CNY_CODE":0,"DPS_HKD_LY":null,"ORG_TYPE":"一般企业","PREMIUM_INCOME":null,"PREMIUM_INCOME_YOY":null,"NET_INTEREST_INCOME":null,"NET_INTEREST_INCOME_YOY":null,"FEE_COMMISSION_INCOME":null,"FEE_COMMISSION_INCOME_YOY":null,"ACCOUNTS_RECE_TDAYS":3.372203488161,"INVENTORY_TDAYS":1.104737278303,"CURRENT_ASSETS_TDAYS":0.16677216722,"TOTAL_ASSETS_TDAYS":0.134958508407,"PREMIUM_EXPENSE":null,"LOAN_DEPOSIT":null,"LOAN_EQUITY":null,"LOAN_ASSETS":null,"DEPOSIT_EQUITY":null,"DEPOSIT_ASSETS":null,"EQUITY_MULTIPLIER":1.093094101225,"EQUITY_RATIO":0.093094101224},{"SECUCODE":"00484.HK","SECURITY_CODE":"00484","SECURITY_NAME_ABBR":"云游控股","ORG_CODE":"10336783","STD_REPORT_DATE":"2020-12-31 00:00:00","REPORT_DATE":"2020-12-31 00:00:00","DATE_TYPE_CODE":"001","REPORT_TYPE":"2020年年报","PER_NETCASH_OPERATE":0.447912795266,"PER_OI":0.336053808966,"BPS":4.178201560483,"BASIC_EPS":-0.32,"DILUTED_EPS":-0.32,"OPERATE_INCOME":53560000,"OPERATE_INCOME_YOY":-38.504115666,"GROSS_PROFIT":12960000,"GROSS_PROFIT_YOY":-82.591174692726,"HOLDER_PROFIT":-49272000,"HOLDER_PROFIT_YOY":77.1756803706,"GROSS_PROFIT_RATIO":32.82594308405,"EPS_TTM":-0.309149426351,"OPERATE_INCOME_QOQ":-39.417024177058,"NET_PROFIT_RATIO":-91.2309728657,"ROE_AVG":-7.577941043028,"GROSS_PROFIT_QOQ":353.485714285714,"ROA":-6.606907001535,"HOLDER_PROFIT_QOQ":80.291909491258,"ROE_YEARLY":-7.577941043028,"ROIC_YEARLY":-13.25107440417,"TOTAL_ASSETS":678172000,"TOTAL_LIABILITIES":66204000,"TAX_EBT":-0.691092295112,"OCF_SALES":118.113831899404,"TOTAL_PARENT_EQUITY":613047000,"DEBT_ASSET_RATIO":9.7621252426,"OPERATE_PROFIT":-34287000,"PRETAX_PROFIT":-37911000,"NETCASH_OPERATE":71388000,"NETCASH_INVEST":6797000,"NETCASH_FINANCE":-7569000,"END_CASH":385516000,"DIVI_RATIO":null,"DIVIDEND_RATE":null,"CURRENT_RATIO":9.542583715616,"COMMON_ACS":500000000,"CURRENTDEBT_DEBT":87.914627514954,"ISSUED_COMMON_SHARES":146725090,"HK_COMMON_SHARES":146725090,"PER_SHARES":3000,"TOTAL_MARKET_CAP":101240312.1,"HKSK_MARKET_CAP":101240312.1,"PE_TTM":-5.065046153823,"PB_TTM":0.160359608208,"REPORT_DATE_SQ":"2019-12-31 00:00:00","REPORT_TYPE_SQ":"2019年年报","OPERATE_INCOME_SQ":98283000,"DPS_HKD":null,"OPERATE_INCOME_QOQ_SQ":-59.207446965644,"NET_PROFIT_RATIO_SQ":-209.4159109745,"HOLDER_PROFIT_SQ":-215875000,"HOLDER_PROFIT_QOQ_SQ":-643.960436985216,"ROE_AVG_SQ":-28.848723773888,"PE_TTM_SQ":-3.125685754587,"PB_TTM_SQ":0.180763401925,"ROA_SQ":-23.946227339132,"START_DATE":"2020-01-01 00:00:00","FISCAL_YEAR":"12-31","CURRENCY":"HKD","IS_CNY_CODE":0,"DPS_HKD_LY":null,"ORG_TYPE":"一般企业","PREMIUM_INCOME":null,"PREMIUM_INCOME_YOY":null,"NET_INTEREST_INCOME":null,"NET_INTEREST_INCOME_YOY":null,"FEE_COMMISSION_INCOME":null,"FEE_COMMISSION_INCOME_YOY":null,"ACCOUNTS_RECE_TDAYS":10.90501883335,"INVENTORY_TDAYS":4.825864733151,"CURRENT_ASSETS_TDAYS":0.099165119604,"TOTAL_ASSETS_TDAYS":0.081044296796,"PREMIUM_EXPENSE":null,"LOAN_DEPOSIT":null,"LOAN_EQUITY":null,"LOAN_ASSETS":null,"DEPOSIT_EQUITY":null,"DEPOSIT_ASSETS":null,"EQUITY_MULTIPLIER":1.10818212717,"EQUITY_RATIO":0.107991720048},{"SECUCODE":"00484.HK","SECURITY_CODE":"00484","SECURITY_NAME_ABBR":"云游控股","ORG_CODE":"10336783","STD_REPORT_DATE":"2020-06-30 00:00:00","REPORT_DATE":"2020-06-30 00:00:00","DATE_TYPE_CODE":"002","REPORT_TYPE":"2020年中报","PER_NETCASH_OPERATE":0.699432381525,"PER_OI":0.158897735475,"BPS":4.50451930205,"BASIC_EPS":-0.15,"DILUTED_EPS":-0.15,"OPERATE_INCOME":25325000,"OPERATE_INCOME_YOY":-45.872160473,"GROSS_PROFIT":16443000,"GROSS_PROFIT_YOY":-53.608509197608,"HOLDER_PROFIT":-23747000,"HOLDER_PROFIT_YOY":-328.622316357,"GROSS_PROFIT_RATIO":32.502506308985,"EPS_TTM":-1.568642209219,"OPERATE_INCOME_QOQ":-19.725778289172,"NET_PROFIT_RATIO":-98.043350503,"ROE_AVG":-3.522549015972,"GROSS_PROFIT_QOQ":-85.61659598251,"ROA":-3.025180323525,"HOLDER_PROFIT_QOQ":-15.811928199189,"ROE_YEARLY":-7.045098031944,"ROIC_YEARLY":-12.833597468625,"TOTAL_ASSETS":756598000,"TOTAL_LIABILITIES":123682000,"TAX_EBT":-3.532744542576,"OCF_SALES":385.366612507346,"TOTAL_PARENT_EQUITY":660926000,"DEBT_ASSET_RATIO":16.3471222499,"OPERATE_PROFIT":-14525000,"PRETAX_PROFIT":-6001000,"NETCASH_OPERATE":111475000,"NETCASH_INVEST":25806000,"NETCASH_FINANCE":-4066000,"END_CASH":451588000,"DIVI_RATIO":null,"DIVIDEND_RATE":null,"CURRENT_RATIO":5.46036415541,"COMMON_ACS":500000000,"CURRENTDEBT_DEBT":92.896298572145,"ISSUED_COMMON_SHARES":146725090,"HK_COMMON_SHARES":146725090,"PER_SHARES":3000,"TOTAL_MARKET_CAP":101240312.1,"HKSK_MARKET_CAP":101240312.1,"PE_TTM":-5.065046153823,"PB_TTM":0.160359608208,"REPORT_DATE_SQ":"2019-06-30 00:00:00","REPORT_TYPE_SQ":"2019年中报","OPERATE_INCOME_SQ":53442000,"DPS_HKD":null,"OPERATE_INCOME_QOQ_SQ":-6.039297687228,"NET_PROFIT_RATIO_SQ":18.442423562,"HOLDER_PROFIT_SQ":10387000,"HOLDER_PROFIT_QOQ_SQ":89.814200514608,"ROE_AVG_SQ":1.206478301801,"PE_TTM_SQ":-3.125685754587,"PB_TTM_SQ":0.180763401925,"ROA_SQ":0.962252413621,"START_DATE":"2020-01-01 00:00:00","FISCAL_YEAR":"12-31","CURRENCY":"HKD","IS_CNY_CODE":0,"DPS_HKD_LY":null,"ORG_TYPE":"一般企业","PREMIUM_INCOME":null,"PREMIUM_INCOME_YOY":null,"NET_INTEREST_INCOME":null,"NET_INTEREST_INCOME_YOY":null,"FEE_COMMISSION_INCOME":null,"FEE_COMMISSION_INCOME_YOY":null,"ACCOUNTS_RECE_TDAYS":5.326532758439,"INVENTORY_TDAYS":null,"CURRENT_ASSETS_TDAYS":0.044815266967,"TOTAL_ASSETS_TDAYS":0.036850714288,"PREMIUM_EXPENSE":null,"LOAN_DEPOSIT":null,"LOAN_EQUITY":null,"LOAN_ASSETS":null,"DEPOSIT_EQUITY":null,"DEPOSIT_ASSETS":null,"EQUITY_MULTIPLIER":1.195416137371,"EQUITY_RATIO":0.187134414443}],"count":27},"success":true,"message":"ok","code":0}