{"version":"d0bd0df465add620be6c8a31a1ec39b6","result":{"pages":5,"data":[{"SECUCODE":"00496.HK","SECURITY_CODE":"00496","SECURITY_NAME_ABBR":"卡森国际","ORG_CODE":"10008930","STD_REPORT_DATE":"2024-06-30 00:00:00","REPORT_DATE":"2024-06-30 00:00:00","DATE_TYPE_CODE":"002","REPORT_TYPE":"2024年中报","PER_NETCASH_OPERATE":0.03509356957,"PER_OI":0.293711938916,"BPS":2.611586601165,"BASIC_EPS":0.0193,"DILUTED_EPS":0.0193,"OPERATE_INCOME":423868000,"OPERATE_INCOME_YOY":11.0224052218,"GROSS_PROFIT":160622000,"GROSS_PROFIT_YOY":22.382396415891,"HOLDER_PROFIT":27824000,"HOLDER_PROFIT_YOY":-14.9711212297,"GROSS_PROFIT_RATIO":37.89434446573,"EPS_TTM":0.045405791948,"OPERATE_INCOME_QOQ":4.398400011706,"NET_PROFIT_RATIO":5.5043079449,"ROE_AVG":0.73985134104,"GROSS_PROFIT_QOQ":8.401376205825,"ROA":0.463803715547,"HOLDER_PROFIT_QOQ":-6.956237753103,"ROE_YEARLY":1.479702682081,"ROIC_YEARLY":1.027855990815,"TOTAL_ASSETS":6015401000,"TOTAL_LIABILITIES":2095051000,"TAX_EBT":52.841896753851,"OCF_SALES":11.948295223985,"TOTAL_PARENT_EQUITY":3768890000,"DEBT_ASSET_RATIO":34.8281186907,"OPERATE_PROFIT":69923000,"PRETAX_PROFIT":49474000,"NETCASH_OPERATE":50645000,"NETCASH_INVEST":-118907000,"NETCASH_FINANCE":-108638000,"END_CASH":390372000,"DIVI_RATIO":null,"DIVIDEND_RATE":null,"CURRENT_RATIO":2.554409931265,"COMMON_ACS":266666666666,"CURRENTDEBT_DEBT":79.671234733665,"ISSUED_COMMON_SHARES":1443141881,"HK_COMMON_SHARES":1443141881,"PER_SHARES":1000,"TOTAL_MARKET_CAP":584472461.805,"HKSK_MARKET_CAP":584472461.805,"PE_TTM":8.038630026101,"PB_TTM":0.141536719416,"REPORT_DATE_SQ":"2023-06-30 00:00:00","REPORT_TYPE_SQ":"2023年中报","OPERATE_INCOME_SQ":381786000,"DPS_HKD":null,"OPERATE_INCOME_QOQ_SQ":-12.693689927024,"NET_PROFIT_RATIO_SQ":6.1652339269,"HOLDER_PROFIT_SQ":32723000,"HOLDER_PROFIT_QOQ_SQ":-4.045167621084,"ROE_AVG_SQ":0.884408512787,"PE_TTM_SQ":5.941762242864,"PB_TTM_SQ":0.103763196236,"ROA_SQ":0.565834868832,"START_DATE":"2024-01-01 00:00:00","FISCAL_YEAR":"12-31","CURRENCY":"HKD","IS_CNY_CODE":0,"DPS_HKD_LY":null,"ORG_TYPE":"一般企业","PREMIUM_INCOME":null,"PREMIUM_INCOME_YOY":null,"NET_INTEREST_INCOME":null,"NET_INTEREST_INCOME_YOY":null,"FEE_COMMISSION_INCOME":null,"FEE_COMMISSION_INCOME_YOY":null,"ACCOUNTS_RECE_TDAYS":0.429886409736,"INVENTORY_TDAYS":0.096167173051,"CURRENT_ASSETS_TDAYS":0.09818705084,"TOTAL_ASSETS_TDAYS":0.070655388622,"PREMIUM_EXPENSE":null,"LOAN_DEPOSIT":null,"LOAN_EQUITY":null,"LOAN_ASSETS":null,"DEPOSIT_EQUITY":null,"DEPOSIT_ASSETS":null,"EQUITY_MULTIPLIER":1.534404071066,"EQUITY_RATIO":0.555880113243},{"SECUCODE":"00496.HK","SECURITY_CODE":"00496","SECURITY_NAME_ABBR":"卡森国际","ORG_CODE":"10008930","STD_REPORT_DATE":"2023-12-31 00:00:00","REPORT_DATE":"2023-12-31 00:00:00","DATE_TYPE_CODE":"001","REPORT_TYPE":"2023年年报","PER_NETCASH_OPERATE":0.189263442213,"PER_OI":0.662968078604,"BPS":2.600313281325,"BASIC_EPS":0.0488,"DILUTED_EPS":0.0488,"OPERATE_INCOME":956757000,"OPERATE_INCOME_YOY":10.8089952967,"GROSS_PROFIT":349657000,"GROSS_PROFIT_YOY":39.558005316389,"HOLDER_PROFIT":70426000,"HOLDER_PROFIT_YOY":3.1444514419,"GROSS_PROFIT_RATIO":36.546061330097,"EPS_TTM":0.048800468566,"OPERATE_INCOME_QOQ":26.919801333991,"NET_PROFIT_RATIO":6.8887920339,"ROE_AVG":1.894713789958,"GROSS_PROFIT_QOQ":68.660582498046,"ROA":1.193207598062,"HOLDER_PROFIT_QOQ":7.492711815254,"ROE_YEARLY":1.894713789958,"ROIC_YEARLY":1.318206878518,"TOTAL_ASSETS":5982778000,"TOTAL_LIABILITIES":2169328000,"TAX_EBT":40.451925335646,"OCF_SALES":28.547896696862,"TOTAL_PARENT_EQUITY":3752621000,"DEBT_ASSET_RATIO":36.2595436434,"OPERATE_PROFIT":147748000,"PRETAX_PROFIT":110682000,"NETCASH_OPERATE":273134000,"NETCASH_INVEST":38671000,"NETCASH_FINANCE":-205745000,"END_CASH":567542000,"DIVI_RATIO":null,"DIVIDEND_RATE":null,"CURRENT_RATIO":2.568765616927,"COMMON_ACS":266666666666,"CURRENTDEBT_DEBT":78.42424013335,"ISSUED_COMMON_SHARES":1443141881,"HK_COMMON_SHARES":1443141881,"PER_SHARES":1000,"TOTAL_MARKET_CAP":634982427.64,"HKSK_MARKET_CAP":634982427.64,"PE_TTM":8.73332644811,"PB_TTM":0.153768287761,"REPORT_DATE_SQ":"2022-12-31 00:00:00","REPORT_TYPE_SQ":"2022年年报","OPERATE_INCOME_SQ":863429000,"DPS_HKD":null,"OPERATE_INCOME_QOQ_SQ":-33.703452310934,"NET_PROFIT_RATIO_SQ":6.9200826009,"HOLDER_PROFIT_SQ":68279000,"HOLDER_PROFIT_QOQ_SQ":-67.288206238711,"ROE_AVG_SQ":1.869784114544,"PE_TTM_SQ":6.146650596066,"PB_TTM_SQ":0.107341237485,"ROA_SQ":1.15765399711,"START_DATE":"2023-01-01 00:00:00","FISCAL_YEAR":"12-31","CURRENCY":"HKD","IS_CNY_CODE":0,"DPS_HKD_LY":null,"ORG_TYPE":"一般企业","PREMIUM_INCOME":null,"PREMIUM_INCOME_YOY":null,"NET_INTEREST_INCOME":null,"NET_INTEREST_INCOME_YOY":null,"FEE_COMMISSION_INCOME":null,"FEE_COMMISSION_INCOME_YOY":null,"ACCOUNTS_RECE_TDAYS":0.892031630879,"INVENTORY_TDAYS":0.226264496525,"CURRENT_ASSETS_TDAYS":0.217803876869,"TOTAL_ASSETS_TDAYS":0.16210060516,"PREMIUM_EXPENSE":null,"LOAN_DEPOSIT":null,"LOAN_EQUITY":null,"LOAN_ASSETS":null,"DEPOSIT_EQUITY":null,"DEPOSIT_ASSETS":null,"EQUITY_MULTIPLIER":1.568862316274,"EQUITY_RATIO":0.578083424892},{"SECUCODE":"00496.HK","SECURITY_CODE":"00496","SECURITY_NAME_ABBR":"卡森国际","ORG_CODE":"10008930","STD_REPORT_DATE":"2023-06-30 00:00:00","REPORT_DATE":"2023-06-30 00:00:00","DATE_TYPE_CODE":"002","REPORT_TYPE":"2023年中报","PER_NETCASH_OPERATE":-0.002477926839,"PER_OI":0.264551950869,"BPS":2.57677297635,"BASIC_EPS":0.023,"DILUTED_EPS":0.023,"OPERATE_INCOME":381786000,"OPERATE_INCOME_YOY":-22.3044158677,"GROSS_PROFIT":131246000,"GROSS_PROFIT_YOY":-24.777908962735,"HOLDER_PROFIT":32723000,"HOLDER_PROFIT_YOY":-7.7835705228,"GROSS_PROFIT_RATIO":34.376849858298,"EPS_TTM":0.045398862622,"OPERATE_INCOME_QOQ":-12.693689927024,"NET_PROFIT_RATIO":6.1652339269,"ROE_AVG":0.884408512787,"GROSS_PROFIT_QOQ":-17.255114829213,"ROA":0.565834868832,"HOLDER_PROFIT_QOQ":-4.045167621084,"ROE_YEARLY":1.768817025573,"ROIC_YEARLY":1.234582806238,"TOTAL_ASSETS":5744566000,"TOTAL_LIABILITIES":2004420000,"TAX_EBT":5.666880410388,"OCF_SALES":-0.936650374817,"TOTAL_PARENT_EQUITY":3718649000,"DEBT_ASSET_RATIO":34.8924531462,"OPERATE_PROFIT":39672000,"PRETAX_PROFIT":24952000,"NETCASH_OPERATE":-3576000,"NETCASH_INVEST":20728000,"NETCASH_FINANCE":-24089000,"END_CASH":451659000,"DIVI_RATIO":null,"DIVIDEND_RATE":null,"CURRENT_RATIO":3.064356095116,"COMMON_ACS":266666666666,"CURRENTDEBT_DEBT":71.077818022171,"ISSUED_COMMON_SHARES":1443141881,"HK_COMMON_SHARES":1443141881,"PER_SHARES":1000,"TOTAL_MARKET_CAP":634982427.64,"HKSK_MARKET_CAP":634982427.64,"PE_TTM":8.73332644811,"PB_TTM":0.153768287761,"REPORT_DATE_SQ":"2022-06-30 00:00:00","REPORT_TYPE_SQ":"2022年中报","OPERATE_INCOME_SQ":491387000,"DPS_HKD":null,"OPERATE_INCOME_QOQ_SQ":-13.951681424583,"NET_PROFIT_RATIO_SQ":2.6746739332,"HOLDER_PROFIT_SQ":35485000,"HOLDER_PROFIT_QOQ_SQ":-5.139997909462,"ROE_AVG_SQ":0.97408149893,"PE_TTM_SQ":6.146650596066,"PB_TTM_SQ":0.107341237485,"ROA_SQ":0.596055818776,"START_DATE":"2023-01-01 00:00:00","FISCAL_YEAR":"12-31","CURRENCY":"HKD","IS_CNY_CODE":0,"DPS_HKD_LY":null,"ORG_TYPE":"一般企业","PREMIUM_INCOME":null,"PREMIUM_INCOME_YOY":null,"NET_INTEREST_INCOME":null,"NET_INTEREST_INCOME_YOY":null,"FEE_COMMISSION_INCOME":null,"FEE_COMMISSION_INCOME_YOY":null,"ACCOUNTS_RECE_TDAYS":0.333215798744,"INVENTORY_TDAYS":0.094251518834,"CURRENT_ASSETS_TDAYS":0.086956442517,"TOTAL_ASSETS_TDAYS":0.06601712289,"PREMIUM_EXPENSE":null,"LOAN_DEPOSIT":null,"LOAN_EQUITY":null,"LOAN_ASSETS":null,"DEPOSIT_EQUITY":null,"DEPOSIT_ASSETS":null,"EQUITY_MULTIPLIER":1.53592025552,"EQUITY_RATIO":0.539018337036},{"SECUCODE":"00496.HK","SECURITY_CODE":"00496","SECURITY_NAME_ABBR":"卡森国际","ORG_CODE":"10008930","STD_REPORT_DATE":"2022-12-31 00:00:00","REPORT_DATE":"2022-12-31 00:00:00","DATE_TYPE_CODE":"001","REPORT_TYPE":"2022年年报","PER_NETCASH_OPERATE":0.031504871835,"PER_OI":0.598298068518,"BPS":2.55090996143,"BASIC_EPS":0.0459,"DILUTED_EPS":0.0459,"OPERATE_INCOME":863429000,"OPERATE_INCOME_YOY":-42.95293544,"GROSS_PROFIT":250546000,"GROSS_PROFIT_YOY":-55.224862169721,"HOLDER_PROFIT":68279000,"HOLDER_PROFIT_YOY":-68.9695917542,"GROSS_PROFIT_RATIO":29.017556741782,"EPS_TTM":0.047312742357,"OPERATE_INCOME_QOQ":-33.703452310934,"NET_PROFIT_RATIO":6.9200826009,"ROE_AVG":1.869784114544,"GROSS_PROFIT_QOQ":-48.345823583379,"ROA":1.15765399711,"HOLDER_PROFIT_QOQ":-67.288206238711,"ROE_YEARLY":1.869784114544,"ROIC_YEARLY":1.242155232747,"TOTAL_ASSETS":5821706000,"TOTAL_LIABILITIES":2109699000,"TAX_EBT":22.648715127193,"OCF_SALES":5.265748544466,"TOTAL_PARENT_EQUITY":3681325000,"DEBT_ASSET_RATIO":36.2385012228,"OPERATE_PROFIT":141667000,"PRETAX_PROFIT":77245000,"NETCASH_OPERATE":45466000,"NETCASH_INVEST":269831000,"NETCASH_FINANCE":-125767000,"END_CASH":460310000,"DIVI_RATIO":null,"DIVIDEND_RATE":null,"CURRENT_RATIO":2.926558061168,"COMMON_ACS":266666666666,"CURRENTDEBT_DEBT":71.512666024869,"ISSUED_COMMON_SHARES":1443141881,"HK_COMMON_SHARES":1443141881,"PER_SHARES":1000,"TOTAL_MARKET_CAP":634982427.64,"HKSK_MARKET_CAP":634982427.64,"PE_TTM":8.73332644811,"PB_TTM":0.153768287761,"REPORT_DATE_SQ":"2021-12-31 00:00:00","REPORT_TYPE_SQ":"2021年年报","OPERATE_INCOME_SQ":1513538000,"DPS_HKD":null,"OPERATE_INCOME_QOQ_SQ":2.739515877218,"NET_PROFIT_RATIO_SQ":14.084020355,"HOLDER_PROFIT_SQ":220039000,"HOLDER_PROFIT_QOQ_SQ":49.003209772878,"ROE_AVG_SQ":6.26613243117,"PE_TTM_SQ":6.146650596066,"PB_TTM_SQ":0.107341237485,"ROA_SQ":3.590742584901,"START_DATE":"2022-01-01 00:00:00","FISCAL_YEAR":"12-31","CURRENCY":"HKD","IS_CNY_CODE":0,"DPS_HKD_LY":null,"ORG_TYPE":"一般企业","PREMIUM_INCOME":null,"PREMIUM_INCOME_YOY":null,"NET_INTEREST_INCOME":null,"NET_INTEREST_INCOME_YOY":null,"FEE_COMMISSION_INCOME":null,"FEE_COMMISSION_INCOME_YOY":null,"ACCOUNTS_RECE_TDAYS":0.765800535794,"INVENTORY_TDAYS":0.23188936047,"CURRENT_ASSETS_TDAYS":0.200835857556,"TOTAL_ASSETS_TDAYS":0.146392307015,"PREMIUM_EXPENSE":null,"LOAN_DEPOSIT":null,"LOAN_EQUITY":null,"LOAN_ASSETS":null,"DEPOSIT_EQUITY":null,"DEPOSIT_ASSETS":null,"EQUITY_MULTIPLIER":1.568344564004,"EQUITY_RATIO":0.573081431278},{"SECUCODE":"00496.HK","SECURITY_CODE":"00496","SECURITY_NAME_ABBR":"卡森国际","ORG_CODE":"10008930","STD_REPORT_DATE":"2022-06-30 00:00:00","REPORT_DATE":"2022-06-30 00:00:00","DATE_TYPE_CODE":"002","REPORT_TYPE":"2022年中报","PER_NETCASH_OPERATE":0.028729874406,"PER_OI":0.328986921956,"BPS":2.538733750462,"BASIC_EPS":0.024,"DILUTED_EPS":0.024,"OPERATE_INCOME":491387000,"OPERATE_INCOME_YOY":-30.0567503284,"GROSS_PROFIT":174478000,"GROSS_PROFIT_YOY":-29.927951228524,"HOLDER_PROFIT":35485000,"HOLDER_PROFIT_YOY":-24.1692488514,"GROSS_PROFIT_RATIO":35.50724785149,"EPS_TTM":0.139745478071,"OPERATE_INCOME_QOQ":-13.951681424583,"NET_PROFIT_RATIO":2.6746739332,"ROE_AVG":0.97408149893,"GROSS_PROFIT_QOQ":-13.317487691332,"ROA":0.596055818776,"HOLDER_PROFIT_QOQ":-5.139997909462,"ROE_YEARLY":1.94816299786,"ROIC_YEARLY":1.259287958451,"TOTAL_ASSETS":5932211000,"TOTAL_LIABILITIES":2252265000,"TAX_EBT":20.849141824752,"OCF_SALES":8.732831759896,"TOTAL_PARENT_EQUITY":3663753000,"DEBT_ASSET_RATIO":37.9667041513,"OPERATE_PROFIT":41322000,"PRETAX_PROFIT":16605000,"NETCASH_OPERATE":42912000,"NETCASH_INVEST":-3643000,"NETCASH_FINANCE":-16059000,"END_CASH":307489000,"DIVI_RATIO":null,"DIVIDEND_RATE":null,"CURRENT_RATIO":2.630596939599,"COMMON_ACS":266666666666,"CURRENTDEBT_DEBT":70.380350447217,"ISSUED_COMMON_SHARES":1443141881,"HK_COMMON_SHARES":1443141881,"PER_SHARES":1000,"TOTAL_MARKET_CAP":634982427.64,"HKSK_MARKET_CAP":634982427.64,"PE_TTM":8.73332644811,"PB_TTM":0.153768287761,"REPORT_DATE_SQ":"2021-06-30 00:00:00","REPORT_TYPE_SQ":"2021年中报","OPERATE_INCOME_SQ":702551000,"DPS_HKD":null,"OPERATE_INCOME_QOQ_SQ":16.894369918731,"NET_PROFIT_RATIO_SQ":7.6344635478,"HOLDER_PROFIT_SQ":46795000,"HOLDER_PROFIT_QOQ_SQ":28.440095672972,"ROE_AVG_SQ":1.366613339688,"PE_TTM_SQ":6.146650596066,"PB_TTM_SQ":0.107341237485,"ROA_SQ":0.75299005601,"START_DATE":"2022-01-01 00:00:00","FISCAL_YEAR":"12-31","CURRENCY":"HKD","IS_CNY_CODE":0,"DPS_HKD_LY":null,"ORG_TYPE":"一般企业","PREMIUM_INCOME":null,"PREMIUM_INCOME_YOY":null,"NET_INTEREST_INCOME":null,"NET_INTEREST_INCOME_YOY":null,"FEE_COMMISSION_INCOME":null,"FEE_COMMISSION_INCOME_YOY":null,"ACCOUNTS_RECE_TDAYS":0.470610037456,"INVENTORY_TDAYS":0.119219598408,"CURRENT_ASSETS_TDAYS":0.117655960226,"TOTAL_ASSETS_TDAYS":0.082540250985,"PREMIUM_EXPENSE":null,"LOAN_DEPOSIT":null,"LOAN_EQUITY":null,"LOAN_ASSETS":null,"DEPOSIT_EQUITY":null,"DEPOSIT_ASSETS":null,"EQUITY_MULTIPLIER":1.612037513594,"EQUITY_RATIO":0.614742587724},{"SECUCODE":"00496.HK","SECURITY_CODE":"00496","SECURITY_NAME_ABBR":"卡森国际","ORG_CODE":"10008930","STD_REPORT_DATE":"2021-12-31 00:00:00","REPORT_DATE":"2021-12-31 00:00:00","DATE_TYPE_CODE":"001","REPORT_TYPE":"2021年年报","PER_NETCASH_OPERATE":0.056272713314,"PER_OI":1.013323933851,"BPS":2.509860636496,"BASIC_EPS":0.1473,"DILUTED_EPS":0.1473,"OPERATE_INCOME":1513538000,"OPERATE_INCOME_YOY":20.0967097422,"GROSS_PROFIT":559565000,"GROSS_PROFIT_YOY":33.390147677565,"HOLDER_PROFIT":220039000,"HOLDER_PROFIT_YOY":91.3798651881,"GROSS_PROFIT_RATIO":36.970660796095,"EPS_TTM":0.147317599611,"OPERATE_INCOME_QOQ":2.739515877218,"NET_PROFIT_RATIO":14.084020355,"ROE_AVG":6.26613243117,"GROSS_PROFIT_QOQ":13.778743841513,"ROA":3.590742584901,"HOLDER_PROFIT_QOQ":49.003209772878,"ROE_YEARLY":6.26613243117,"ROIC_YEARLY":3.791121096839,"TOTAL_ASSETS":5974392000,"TOTAL_LIABILITIES":2320402000,"TAX_EBT":37.265998616813,"OCF_SALES":5.553279798723,"TOTAL_PARENT_EQUITY":3622085000,"DEBT_ASSET_RATIO":38.8391320824,"OPERATE_PROFIT":393599000,"PRETAX_PROFIT":339795000,"NETCASH_OPERATE":84051000,"NETCASH_INVEST":41607000,"NETCASH_FINANCE":-146496000,"END_CASH":279567000,"DIVI_RATIO":null,"DIVIDEND_RATE":null,"CURRENT_RATIO":2.50426612068,"COMMON_ACS":266666666666,"CURRENTDEBT_DEBT":71.986233419899,"ISSUED_COMMON_SHARES":1443141881,"HK_COMMON_SHARES":1443141881,"PER_SHARES":1000,"TOTAL_MARKET_CAP":634982427.64,"HKSK_MARKET_CAP":634982427.64,"PE_TTM":8.73332644811,"PB_TTM":0.153768287761,"REPORT_DATE_SQ":"2020-12-31 00:00:00","REPORT_TYPE_SQ":"2020年年报","OPERATE_INCOME_SQ":1260266000,"DPS_HKD":null,"OPERATE_INCOME_QOQ_SQ":-35.011571686702,"NET_PROFIT_RATIO_SQ":7.5872871283,"HOLDER_PROFIT_SQ":114975000,"HOLDER_PROFIT_QOQ_SQ":-50.285165759354,"ROE_AVG_SQ":3.433515229757,"PE_TTM_SQ":6.146650596066,"PB_TTM_SQ":0.107341237485,"ROA_SQ":1.828375093357,"START_DATE":"2021-01-01 00:00:00","FISCAL_YEAR":"12-31","CURRENCY":"HKD","IS_CNY_CODE":0,"DPS_HKD_LY":null,"ORG_TYPE":"一般企业","PREMIUM_INCOME":null,"PREMIUM_INCOME_YOY":null,"NET_INTEREST_INCOME":null,"NET_INTEREST_INCOME_YOY":null,"FEE_COMMISSION_INCOME":null,"FEE_COMMISSION_INCOME_YOY":null,"ACCOUNTS_RECE_TDAYS":1.349856433641,"INVENTORY_TDAYS":0.361450069602,"CURRENT_ASSETS_TDAYS":0.354642015038,"TOTAL_ASSETS_TDAYS":0.246989186029,"PREMIUM_EXPENSE":null,"LOAN_DEPOSIT":null,"LOAN_EQUITY":null,"LOAN_ASSETS":null,"DEPOSIT_EQUITY":null,"DEPOSIT_ASSETS":null,"EQUITY_MULTIPLIER":1.635032389251,"EQUITY_RATIO":0.640626048257},{"SECUCODE":"00496.HK","SECURITY_CODE":"00496","SECURITY_NAME_ABBR":"卡森国际","ORG_CODE":"10008930","STD_REPORT_DATE":"2021-06-30 00:00:00","REPORT_DATE":"2021-06-30 00:00:00","DATE_TYPE_CODE":"002","REPORT_TYPE":"2021年中报","PER_NETCASH_OPERATE":0.069337468375,"PER_OI":0.470362649006,"BPS":2.38873325304,"BASIC_EPS":0.031,"DILUTED_EPS":0.031,"OPERATE_INCOME":702551000,"OPERATE_INCOME_YOY":43.4840504292,"GROSS_PROFIT":248998000,"GROSS_PROFIT_YOY":40.922056459828,"HOLDER_PROFIT":46795000,"HOLDER_PROFIT_YOY":231.9736095346,"GROSS_PROFIT_RATIO":35.441982147915,"EPS_TTM":0.098868742382,"OPERATE_INCOME_QOQ":16.894369918731,"NET_PROFIT_RATIO":7.6344635478,"ROE_AVG":1.366613339688,"GROSS_PROFIT_QOQ":17.236439051717,"ROA":0.75299005601,"HOLDER_PROFIT_QOQ":28.440095672972,"ROE_YEARLY":2.733226679376,"ROIC_YEARLY":1.591032147893,"TOTAL_ASSETS":6147602000,"TOTAL_LIABILITIES":2654719000,"TAX_EBT":39.867932778008,"OCF_SALES":14.7412785691,"TOTAL_PARENT_EQUITY":3447281000,"DEBT_ASSET_RATIO":43.183000461,"OPERATE_PROFIT":117173000,"PRETAX_PROFIT":89197000,"NETCASH_OPERATE":103565000,"NETCASH_INVEST":-87551000,"NETCASH_FINANCE":-35469000,"END_CASH":282513000,"DIVI_RATIO":null,"DIVIDEND_RATE":null,"CURRENT_RATIO":2.094335985275,"COMMON_ACS":266666666666,"CURRENTDEBT_DEBT":77.768117830927,"ISSUED_COMMON_SHARES":1443141881,"HK_COMMON_SHARES":1443141881,"PER_SHARES":1000,"TOTAL_MARKET_CAP":634982427.64,"HKSK_MARKET_CAP":634982427.64,"PE_TTM":8.73332644811,"PB_TTM":0.153768287761,"REPORT_DATE_SQ":"2020-06-30 00:00:00","REPORT_TYPE_SQ":"2020年中报","OPERATE_INCOME_SQ":489637000,"DPS_HKD":null,"OPERATE_INCOME_QOQ_SQ":-43.184562219745,"NET_PROFIT_RATIO_SQ":1.3520220081,"HOLDER_PROFIT_SQ":14096000,"HOLDER_PROFIT_QOQ_SQ":-48.02453265252,"ROE_AVG_SQ":0.426533429436,"PE_TTM_SQ":6.146650596066,"PB_TTM_SQ":0.107341237485,"ROA_SQ":0.225450581284,"START_DATE":"2021-01-01 00:00:00","FISCAL_YEAR":"12-31","CURRENCY":"HKD","IS_CNY_CODE":0,"DPS_HKD_LY":null,"ORG_TYPE":"一般企业","PREMIUM_INCOME":null,"PREMIUM_INCOME_YOY":null,"NET_INTEREST_INCOME":null,"NET_INTEREST_INCOME_YOY":null,"FEE_COMMISSION_INCOME":null,"FEE_COMMISSION_INCOME_YOY":null,"ACCOUNTS_RECE_TDAYS":0.621151022018,"INVENTORY_TDAYS":0.168531756442,"CURRENT_ASSETS_TDAYS":0.161946396753,"TOTAL_ASSETS_TDAYS":0.113049239628,"PREMIUM_EXPENSE":null,"LOAN_DEPOSIT":null,"LOAN_EQUITY":null,"LOAN_ASSETS":null,"DEPOSIT_EQUITY":null,"DEPOSIT_ASSETS":null,"EQUITY_MULTIPLIER":1.760036623042,"EQUITY_RATIO":0.770090688865},{"SECUCODE":"00496.HK","SECURITY_CODE":"00496","SECURITY_NAME_ABBR":"卡森国际","ORG_CODE":"10008930","STD_REPORT_DATE":"2020-12-31 00:00:00","REPORT_DATE":"2020-12-31 00:00:00","DATE_TYPE_CODE":"001","REPORT_TYPE":"2020年年报","PER_NETCASH_OPERATE":0.109708726455,"PER_OI":0.843756615836,"BPS":2.356687893808,"BASIC_EPS":0.077,"DILUTED_EPS":0.077,"OPERATE_INCOME":1260266000,"OPERATE_INCOME_YOY":-63.0765399473,"GROSS_PROFIT":419495000,"GROSS_PROFIT_YOY":-64.836464559847,"HOLDER_PROFIT":114975000,"HOLDER_PROFIT_YOY":-74.1604825624,"GROSS_PROFIT_RATIO":33.286226875914,"EPS_TTM":0.076976540592,"OPERATE_INCOME_QOQ":-35.011571686702,"NET_PROFIT_RATIO":7.5872871283,"ROE_AVG":3.433515229757,"GROSS_PROFIT_QOQ":-41.515457809069,"ROA":1.828375093357,"HOLDER_PROFIT_QOQ":-50.285165759354,"ROE_YEARLY":3.433515229757,"ROIC_YEARLY":1.923443357583,"TOTAL_ASSETS":6281513000,"TOTAL_LIABILITIES":2841852000,"TAX_EBT":38.763224633041,"OCF_SALES":13.002413776139,"TOTAL_PARENT_EQUITY":3401035000,"DEBT_ASSET_RATIO":45.2415206336,"OPERATE_PROFIT":233367000,"PRETAX_PROFIT":156148000,"NETCASH_OPERATE":163865000,"NETCASH_INVEST":1979000,"NETCASH_FINANCE":-104240000,"END_CASH":297684000,"DIVI_RATIO":null,"DIVIDEND_RATE":null,"CURRENT_RATIO":1.967549786227,"COMMON_ACS":266666666666,"CURRENTDEBT_DEBT":77.842125487182,"ISSUED_COMMON_SHARES":1443141881,"HK_COMMON_SHARES":1443141881,"PER_SHARES":1000,"TOTAL_MARKET_CAP":634982427.64,"HKSK_MARKET_CAP":634982427.64,"PE_TTM":8.73332644811,"PB_TTM":0.153768287761,"REPORT_DATE_SQ":"2019-12-31 00:00:00","REPORT_TYPE_SQ":"2019年年报","OPERATE_INCOME_SQ":3413185000,"DPS_HKD":null,"OPERATE_INCOME_QOQ_SQ":-24.588995848532,"NET_PROFIT_RATIO_SQ":14.0986204967,"HOLDER_PROFIT_SQ":444958000,"HOLDER_PROFIT_QOQ_SQ":-22.44037803862,"ROE_AVG_SQ":14.502241785619,"PE_TTM_SQ":6.146650596066,"PB_TTM_SQ":0.107341237485,"ROA_SQ":6.159525591472,"START_DATE":"2020-01-01 00:00:00","FISCAL_YEAR":"12-31","CURRENCY":"HKD","IS_CNY_CODE":0,"DPS_HKD_LY":null,"ORG_TYPE":"一般企业","PREMIUM_INCOME":null,"PREMIUM_INCOME_YOY":null,"NET_INTEREST_INCOME":null,"NET_INTEREST_INCOME_YOY":null,"FEE_COMMISSION_INCOME":null,"FEE_COMMISSION_INCOME_YOY":null,"ACCOUNTS_RECE_TDAYS":1.099573743359,"INVENTORY_TDAYS":0.324770411499,"CURRENT_ASSETS_TDAYS":0.298114798228,"TOTAL_ASSETS_TDAYS":0.200412173551,"PREMIUM_EXPENSE":null,"LOAN_DEPOSIT":null,"LOAN_EQUITY":null,"LOAN_ASSETS":null,"DEPOSIT_EQUITY":null,"DEPOSIT_ASSETS":null,"EQUITY_MULTIPLIER":1.826201186685,"EQUITY_RATIO":0.835584461789},{"SECUCODE":"00496.HK","SECURITY_CODE":"00496","SECURITY_NAME_ABBR":"卡森国际","ORG_CODE":"10008930","STD_REPORT_DATE":"2020-06-30 00:00:00","REPORT_DATE":"2020-06-30 00:00:00","DATE_TYPE_CODE":"002","REPORT_TYPE":"2020年中报","PER_NETCASH_OPERATE":0.064478857763,"PER_OI":0.327815285113,"BPS":2.295949583075,"BASIC_EPS":0.01,"DILUTED_EPS":0.01,"OPERATE_INCOME":489637000,"OPERATE_INCOME_YOY":-75.0643968291,"GROSS_PROFIT":176692000,"GROSS_PROFIT_YOY":-72.916615573268,"HOLDER_PROFIT":14096000,"HOLDER_PROFIT_YOY":-93.8117084092,"GROSS_PROFIT_RATIO":36.086325175589,"EPS_TTM":0.15483616061,"OPERATE_INCOME_QOQ":-43.184562219745,"NET_PROFIT_RATIO":1.3520220081,"ROE_AVG":0.426533429436,"GROSS_PROFIT_QOQ":-39.875505350873,"ROA":0.225450581284,"HOLDER_PROFIT_QOQ":-48.02453265252,"ROE_YEARLY":0.853066858873,"ROIC_YEARLY":0.470252116652,"TOTAL_ASSETS":6209508000,"TOTAL_LIABILITIES":2845569000,"TAX_EBT":74.75787386563,"OCF_SALES":19.669265190335,"TOTAL_PARENT_EQUITY":3313381000,"DEBT_ASSET_RATIO":45.8259978085,"OPERATE_PROFIT":66995000,"PRETAX_PROFIT":26226000,"NETCASH_OPERATE":96308000,"NETCASH_INVEST":-108523000,"NETCASH_FINANCE":-15166000,"END_CASH":178705000,"DIVI_RATIO":null,"DIVIDEND_RATE":null,"CURRENT_RATIO":1.848150730786,"COMMON_ACS":266666666666,"CURRENTDEBT_DEBT":78.26635024489,"ISSUED_COMMON_SHARES":1443141881,"HK_COMMON_SHARES":1443141881,"PER_SHARES":1000,"TOTAL_MARKET_CAP":634982427.64,"HKSK_MARKET_CAP":634982427.64,"PE_TTM":8.73332644811,"PB_TTM":0.153768287761,"REPORT_DATE_SQ":"2019-06-30 00:00:00","REPORT_TYPE_SQ":"2019年中报","OPERATE_INCOME_SQ":1963606000,"DPS_HKD":null,"OPERATE_INCOME_QOQ_SQ":25.427735316776,"NET_PROFIT_RATIO_SQ":12.3750895037,"HOLDER_PROFIT_SQ":227785000,"HOLDER_PROFIT_QOQ_SQ":27.54541472969,"ROE_AVG_SQ":7.686191091361,"PE_TTM_SQ":6.146650596066,"PB_TTM_SQ":0.107341237485,"ROA_SQ":3.000611885866,"START_DATE":"2020-01-01 00:00:00","FISCAL_YEAR":"12-31","CURRENCY":"HKD","IS_CNY_CODE":0,"DPS_HKD_LY":null,"ORG_TYPE":"一般企业","PREMIUM_INCOME":null,"PREMIUM_INCOME_YOY":null,"NET_INTEREST_INCOME":null,"NET_INTEREST_INCOME_YOY":null,"FEE_COMMISSION_INCOME":null,"FEE_COMMISSION_INCOME_YOY":null,"ACCOUNTS_RECE_TDAYS":0.428438051804,"INVENTORY_TDAYS":0.123169329934,"CURRENT_ASSETS_TDAYS":0.119155819504,"TOTAL_ASSETS_TDAYS":0.078312249055,"PREMIUM_EXPENSE":null,"LOAN_DEPOSIT":null,"LOAN_EQUITY":null,"LOAN_ASSETS":null,"DEPOSIT_EQUITY":null,"DEPOSIT_ASSETS":null,"EQUITY_MULTIPLIER":1.845903864487,"EQUITY_RATIO":0.858811286719}],"count":42},"success":true,"message":"ok","code":0}