{"version":"6142418caa558b94e0c92b39b94bd81d","result":{"pages":6,"data":[{"SECUCODE":"00498.HK","SECURITY_CODE":"00498","SECURITY_NAME_ABBR":"蓝河控股","ORG_CODE":"10008932","STD_REPORT_DATE":"2024-06-30 00:00:00","REPORT_DATE":"2024-09-30 00:00:00","DATE_TYPE_CODE":"002","REPORT_TYPE":"2024年中报","PER_NETCASH_OPERATE":-0.03276066857,"PER_OI":0.019716523588,"BPS":0.64996002112,"BASIC_EPS":-0.10641122,"DILUTED_EPS":-0.10641122,"OPERATE_INCOME":20523838.61,"OPERATE_INCOME_YOY":-41.9561336394,"GROSS_PROFIT":5819250.87,"GROSS_PROFIT_YOY":-62.119292625401,"HOLDER_PROFIT":-110570275.48,"HOLDER_PROFIT_YOY":-49.8979180166,"GROSS_PROFIT_RATIO":28.353618348785,"EPS_TTM":-0.231015005883,"OPERATE_INCOME_QOQ":0,"NET_PROFIT_RATIO":-538.7495056901,"ROE_AVG":-14.565584749211,"GROSS_PROFIT_QOQ":0,"ROA":-13.865101021009,"HOLDER_PROFIT_QOQ":0,"ROE_YEARLY":-29.131169498422,"ROIC_YEARLY":-27.892417690161,"TOTAL_ASSETS":714740718.2,"TOTAL_LIABILITIES":44507845.45,"TAX_EBT":0.002446642798,"OCF_SALES":-166.158442813832,"TOTAL_PARENT_EQUITY":676573358.24,"DEBT_ASSET_RATIO":6.227131646,"OPERATE_PROFIT":-41007096.67,"PRETAX_PROFIT":-110574784.43,"NETCASH_OPERATE":-34102090.64,"NETCASH_INVEST":22331025.77,"NETCASH_FINANCE":-2880317.26,"END_CASH":3810062.75,"DIVI_RATIO":null,"DIVIDEND_RATE":null,"CURRENT_RATIO":0.964867271648,"COMMON_ACS":10000000000,"CURRENTDEBT_DEBT":95.560733461655,"ISSUED_COMMON_SHARES":1040946114,"HK_COMMON_SHARES":1040946114,"PER_SHARES":10000,"TOTAL_MARKET_CAP":97848934.716,"HKSK_MARKET_CAP":97848934.716,"PE_TTM":-0.319686271852,"PB_TTM":0.130420729346,"REPORT_DATE_SQ":"2023-06-30 00:00:00","REPORT_TYPE_SQ":"2023年中报","OPERATE_INCOME_SQ":35980272.3,"DPS_HKD":null,"OPERATE_INCOME_QOQ_SQ":0,"NET_PROFIT_RATIO_SQ":-208.5666921704,"HOLDER_PROFIT_SQ":-75059381.11,"HOLDER_PROFIT_QOQ_SQ":0,"ROE_AVG_SQ":-6.284132329628,"PE_TTM_SQ":-0.51265259197,"PB_TTM_SQ":0.212227368654,"ROA_SQ":-4.886518687736,"START_DATE":"2024-04-01 00:00:00","FISCAL_YEAR":"3-31","CURRENCY":"HKD","IS_CNY_CODE":0,"DPS_HKD_LY":null,"ORG_TYPE":"一般企业","PREMIUM_INCOME":null,"PREMIUM_INCOME_YOY":null,"NET_INTEREST_INCOME":null,"NET_INTEREST_INCOME_YOY":null,"FEE_COMMISSION_INCOME":null,"FEE_COMMISSION_INCOME_YOY":null,"ACCOUNTS_RECE_TDAYS":1.105960103992,"INVENTORY_TDAYS":187.425287356322,"CURRENT_ASSETS_TDAYS":0.514176626076,"TOTAL_ASSETS_TDAYS":0.025736129754,"PREMIUM_EXPENSE":null,"LOAN_DEPOSIT":null,"LOAN_EQUITY":null,"LOAN_ASSETS":null,"DEPOSIT_EQUITY":null,"DEPOSIT_ASSETS":null,"EQUITY_MULTIPLIER":1.066406539069,"EQUITY_RATIO":0.065784212322},{"SECUCODE":"00498.HK","SECURITY_CODE":"00498","SECURITY_NAME_ABBR":"蓝河控股","ORG_CODE":"10008932","STD_REPORT_DATE":"2023-12-31 00:00:00","REPORT_DATE":"2024-03-31 00:00:00","DATE_TYPE_CODE":"001","REPORT_TYPE":"2023年年报","PER_NETCASH_OPERATE":-0.063680378512,"PER_OI":0.053969079422,"BPS":0.812827286226,"BASIC_EPS":-0.23117025,"DILUTED_EPS":-0.23117025,"OPERATE_INCOME":56178903.5,"OPERATE_INCOME_YOY":-19.6176096713,"GROSS_PROFIT":21561385.2,"GROSS_PROFIT_YOY":36.092618806926,"HOLDER_PROFIT":-240474172.65,"HOLDER_PROFIT_YOY":56.1847862534,"GROSS_PROFIT_RATIO":38.379861223173,"EPS_TTM":-0.434032751709,"OPERATE_INCOME_QOQ":0,"NET_PROFIT_RATIO":-424.8991447475,"ROE_AVG":-23.208870472414,"GROSS_PROFIT_QOQ":0,"ROA":-18.138149513935,"HOLDER_PROFIT_QOQ":0,"ROE_YEARLY":-23.208870472414,"ROIC_YEARLY":-24.715034017028,"TOTAL_ASSETS":884849006.1,"TOTAL_LIABILITIES":45111741.1,"TAX_EBT":0.133125490687,"OCF_SALES":-117.994190737454,"TOTAL_PARENT_EQUITY":846109404.95,"DEBT_ASSET_RATIO":5.0982417101,"OPERATE_PROFIT":-19748285.2,"PRETAX_PROFIT":-239021879.55,"NETCASH_OPERATE":-66287842.55,"NETCASH_INVEST":-210841772.8,"NETCASH_FINANCE":-405659367.8,"END_CASH":18240692.55,"DIVI_RATIO":null,"DIVIDEND_RATE":null,"CURRENT_RATIO":0.966567056867,"COMMON_ACS":10000000000,"CURRENTDEBT_DEBT":89.439733129697,"ISSUED_COMMON_SHARES":1040946114,"HK_COMMON_SHARES":1040946114,"PER_SHARES":10000,"TOTAL_MARKET_CAP":114504072.54,"HKSK_MARKET_CAP":114504072.54,"PE_TTM":-0.374100956423,"PB_TTM":0.152620002426,"REPORT_DATE_SQ":"2022-12-31 00:00:00","REPORT_TYPE_SQ":"2022年年报","OPERATE_INCOME_SQ":67488858.54,"DPS_HKD":null,"OPERATE_INCOME_QOQ_SQ":0,"NET_PROFIT_RATIO_SQ":-919.6630087945,"HOLDER_PROFIT_SQ":-529984594.33,"HOLDER_PROFIT_QOQ_SQ":0,"ROE_AVG_SQ":-34.473288615062,"PE_TTM_SQ":-0.603120696435,"PB_TTM_SQ":0.24967925724,"ROA_SQ":-9.260382238772,"START_DATE":"2023-04-01 00:00:00","FISCAL_YEAR":"3-31","CURRENCY":"HKD","IS_CNY_CODE":0,"DPS_HKD_LY":null,"ORG_TYPE":"一般企业","PREMIUM_INCOME":null,"PREMIUM_INCOME_YOY":null,"NET_INTEREST_INCOME":null,"NET_INTEREST_INCOME_YOY":null,"FEE_COMMISSION_INCOME":null,"FEE_COMMISSION_INCOME_YOY":null,"ACCOUNTS_RECE_TDAYS":2.848998919615,"INVENTORY_TDAYS":499.16339869281,"CURRENT_ASSETS_TDAYS":0.1435530836,"TOTAL_ASSETS_TDAYS":0.042373837489,"PREMIUM_EXPENSE":null,"LOAN_DEPOSIT":null,"LOAN_EQUITY":null,"LOAN_ASSETS":null,"DEPOSIT_EQUITY":null,"DEPOSIT_ASSETS":null,"EQUITY_MULTIPLIER":1.053721256613,"EQUITY_RATIO":0.053316676113},{"SECUCODE":"00498.HK","SECURITY_CODE":"00498","SECURITY_NAME_ABBR":"蓝河控股","ORG_CODE":"10008932","STD_REPORT_DATE":"2023-06-30 00:00:00","REPORT_DATE":"2023-09-30 00:00:00","DATE_TYPE_CODE":"002","REPORT_TYPE":"2023年中报","PER_NETCASH_OPERATE":-0.029850524097,"PER_OI":0.034564971055,"BPS":1.102570566107,"BASIC_EPS":-0.07249277,"DILUTED_EPS":-0.07249277,"OPERATE_INCOME":35980272.3,"OPERATE_INCOME_YOY":-9.8060865365,"GROSS_PROFIT":15362043.83,"GROSS_PROFIT_YOY":173.556840244522,"HOLDER_PROFIT":-75059381.11,"HOLDER_PROFIT_YOY":51.722245175,"GROSS_PROFIT_RATIO":42.695740882428,"EPS_TTM":-0.509137396453,"OPERATE_INCOME_QOQ":0,"NET_PROFIT_RATIO":-208.5666921704,"ROE_AVG":-6.284132329628,"GROSS_PROFIT_QOQ":0,"ROA":-4.886518687736,"HOLDER_PROFIT_QOQ":0,"ROE_YEARLY":-12.568264659256,"ROIC_YEARLY":-12.835341478896,"TOTAL_ASSETS":1283771711.04,"TOTAL_LIABILITIES":144280800.16,"TAX_EBT":-0.149405439828,"OCF_SALES":-86.360622290232,"TOTAL_PARENT_EQUITY":1147716546.2,"DEBT_ASSET_RATIO":11.2388206501,"OPERATE_PROFIT":-35908697.16,"PRETAX_PROFIT":-74930912.91,"NETCASH_OPERATE":-31072787.06,"NETCASH_INVEST":-220756084.36,"NETCASH_FINANCE":-418223636.95,"END_CASH":38958899.28,"DIVI_RATIO":null,"DIVIDEND_RATE":null,"CURRENT_RATIO":0.584556259055,"COMMON_ACS":10000000000,"CURRENTDEBT_DEBT":94.825480818154,"ISSUED_COMMON_SHARES":1040946114,"HK_COMMON_SHARES":1040946114,"PER_SHARES":10000,"TOTAL_MARKET_CAP":114504072.54,"HKSK_MARKET_CAP":114504072.54,"PE_TTM":-0.374100956423,"PB_TTM":0.152620002426,"REPORT_DATE_SQ":"2022-06-30 00:00:00","REPORT_TYPE_SQ":"2022年中报","OPERATE_INCOME_SQ":39318720.12,"DPS_HKD":null,"OPERATE_INCOME_QOQ_SQ":0,"NET_PROFIT_RATIO_SQ":-4.7603060705,"HOLDER_PROFIT_SQ":-153239269.2,"HOLDER_PROFIT_QOQ_SQ":0,"ROE_AVG_SQ":-8.398169285343,"PE_TTM_SQ":-0.603120696435,"PB_TTM_SQ":0.24967925724,"ROA_SQ":-1.530786789445,"START_DATE":"2023-04-01 00:00:00","FISCAL_YEAR":"3-31","CURRENCY":"HKD","IS_CNY_CODE":0,"DPS_HKD_LY":null,"ORG_TYPE":"一般企业","PREMIUM_INCOME":null,"PREMIUM_INCOME_YOY":null,"NET_INTEREST_INCOME":null,"NET_INTEREST_INCOME_YOY":null,"FEE_COMMISSION_INCOME":null,"FEE_COMMISSION_INCOME_YOY":null,"ACCOUNTS_RECE_TDAYS":1.560317555065,"INVENTORY_TDAYS":332.874074074074,"CURRENT_ASSETS_TDAYS":0.086412270939,"TOTAL_ASSETS_TDAYS":0.023423890576,"PREMIUM_EXPENSE":null,"LOAN_DEPOSIT":null,"LOAN_EQUITY":null,"LOAN_ASSETS":null,"DEPOSIT_EQUITY":null,"DEPOSIT_ASSETS":null,"EQUITY_MULTIPLIER":1.126618649419,"EQUITY_RATIO":0.125711178982},{"SECUCODE":"00498.HK","SECURITY_CODE":"00498","SECURITY_NAME_ABBR":"蓝河控股","ORG_CODE":"10008932","STD_REPORT_DATE":"2022-12-31 00:00:00","REPORT_DATE":"2023-03-31 00:00:00","DATE_TYPE_CODE":"001","REPORT_TYPE":"2022年年报","PER_NETCASH_OPERATE":-0.817131154851,"PER_OI":0.064834151963,"BPS":1.137458657413,"BASIC_EPS":-0.48497714,"DILUTED_EPS":-0.48497714,"OPERATE_INCOME":67488858.54,"OPERATE_INCOME_YOY":-42.3876247058,"GROSS_PROFIT":15843170.18,"GROSS_PROFIT_YOY":-66.191116866924,"HOLDER_PROFIT":-529984594.33,"HOLDER_PROFIT_YOY":62.8249370911,"GROSS_PROFIT_RATIO":23.475238021117,"EPS_TTM":-0.556986073004,"OPERATE_INCOME_QOQ":0,"NET_PROFIT_RATIO":-919.6630087945,"ROE_AVG":-34.473288615062,"GROSS_PROFIT_QOQ":0,"ROA":-9.260382238772,"HOLDER_PROFIT_QOQ":0,"ROE_YEARLY":-34.473288615062,"ROIC_YEARLY":-11.536765552194,"TOTAL_ASSETS":1706048030.96,"TOTAL_LIABILITIES":529877794.31,"TAX_EBT":-0.306272229436,"OCF_SALES":-1260.34062313539,"TOTAL_PARENT_EQUITY":1184033169.27,"DEBT_ASSET_RATIO":31.0587852566,"OPERATE_PROFIT":-141546793.72,"PRETAX_PROFIT":-124049098.64,"NETCASH_OPERATE":-850589500.27,"NETCASH_INVEST":-135963428.74,"NETCASH_FINANCE":841081672.26,"END_CASH":677773936.76,"DIVI_RATIO":null,"DIVIDEND_RATE":null,"CURRENT_RATIO":1.382290745187,"COMMON_ACS":10000000000,"CURRENTDEBT_DEBT":98.047881101817,"ISSUED_COMMON_SHARES":1040946114,"HK_COMMON_SHARES":1040946114,"PER_SHARES":10000,"TOTAL_MARKET_CAP":114504072.54,"HKSK_MARKET_CAP":114504072.54,"PE_TTM":-0.374100956423,"PB_TTM":0.152620002426,"REPORT_DATE_SQ":"2021-12-31 00:00:00","REPORT_TYPE_SQ":"2021年年报","OPERATE_INCOME_SQ":108525303.15,"DPS_HKD":null,"OPERATE_INCOME_QOQ_SQ":0,"NET_PROFIT_RATIO_SQ":-16.7256264237,"HOLDER_PROFIT_SQ":-1320767091.46,"HOLDER_PROFIT_QOQ_SQ":0,"ROE_AVG_SQ":-53.758863070949,"PE_TTM_SQ":-0.603120696435,"PB_TTM_SQ":0.24967925724,"ROA_SQ":-18.394454056504,"START_DATE":"2022-04-01 00:00:00","FISCAL_YEAR":"3-31","CURRENCY":"HKD","IS_CNY_CODE":0,"DPS_HKD_LY":null,"ORG_TYPE":"一般企业","PREMIUM_INCOME":null,"PREMIUM_INCOME_YOY":null,"NET_INTEREST_INCOME":null,"NET_INTEREST_INCOME_YOY":null,"FEE_COMMISSION_INCOME":null,"FEE_COMMISSION_INCOME_YOY":null,"ACCOUNTS_RECE_TDAYS":0.063567398023,"INVENTORY_TDAYS":0.152755085924,"CURRENT_ASSETS_TDAYS":0.015702273137,"TOTAL_ASSETS_TDAYS":0.011792279127,"PREMIUM_EXPENSE":null,"LOAN_DEPOSIT":null,"LOAN_EQUITY":null,"LOAN_ASSETS":null,"DEPOSIT_EQUITY":null,"DEPOSIT_ASSETS":null,"EQUITY_MULTIPLIER":1.450511140139,"EQUITY_RATIO":0.4475193838},{"SECUCODE":"00498.HK","SECURITY_CODE":"00498","SECURITY_NAME_ABBR":"蓝河控股","ORG_CODE":"10008932","STD_REPORT_DATE":"2022-06-30 00:00:00","REPORT_DATE":"2022-09-30 00:00:00","DATE_TYPE_CODE":"002","REPORT_TYPE":"2022年中报","PER_NETCASH_OPERATE":-0.873858663141,"PER_OI":0.035617489066,"BPS":1.629217961767,"BASIC_EPS":-0.13837932,"DILUTED_EPS":-0.13837932,"OPERATE_INCOME":39318720.12,"OPERATE_INCOME_YOY":0.808655686,"GROSS_PROFIT":5615667.96,"GROSS_PROFIT_YOY":-96.950182054864,"HOLDER_PROFIT":-153239269.2,"HOLDER_PROFIT_YOY":83.6616811795,"GROSS_PROFIT_RATIO":4.388692273559,"EPS_TTM":-1.196437912908,"OPERATE_INCOME_QOQ":0,"NET_PROFIT_RATIO":-4.7603060705,"ROE_AVG":-8.398169285343,"GROSS_PROFIT_QOQ":0,"ROA":-1.530786789445,"HOLDER_PROFIT_QOQ":0,"ROE_YEARLY":-16.796338570685,"ROIC_YEARLY":-3.59809818754,"TOTAL_ASSETS":9957748734,"TOTAL_LIABILITIES":7535109418.92,"TAX_EBT":-0.477420545228,"OCF_SALES":-23.087113217962,"TOTAL_PARENT_EQUITY":1695928106.16,"DEBT_ASSET_RATIO":75.6708129539,"OPERATE_PROFIT":-56046337.92,"PRETAX_PROFIT":-39214709.52,"NETCASH_OPERATE":-964666659.6,"NETCASH_INVEST":331730503.2,"NETCASH_FINANCE":402876466.92,"END_CASH":622324361.88,"DIVI_RATIO":null,"DIVIDEND_RATE":null,"CURRENT_RATIO":1.190832818371,"COMMON_ACS":10000000000,"CURRENTDEBT_DEBT":93.447748433217,"ISSUED_COMMON_SHARES":1040946114,"HK_COMMON_SHARES":1040946114,"PER_SHARES":10000,"TOTAL_MARKET_CAP":109299341.97,"HKSK_MARKET_CAP":109299341.97,"PE_TTM":-0.357096367495,"PB_TTM":0.145682729588,"REPORT_DATE_SQ":"2021-06-30 00:00:00","REPORT_TYPE_SQ":"2021年中报","OPERATE_INCOME_SQ":3817739870.46,"DPS_HKD":null,"OPERATE_INCOME_QOQ_SQ":0,"NET_PROFIT_RATIO_SQ":-23.4872810041,"HOLDER_PROFIT_SQ":-863891550.6,"HOLDER_PROFIT_QOQ_SQ":0,"ROE_AVG_SQ":-30.768892978841,"PE_TTM_SQ":-0.524416497118,"PB_TTM_SQ":0.253840578194,"ROA_SQ":-11.029544909093,"START_DATE":"2022-04-01 00:00:00","FISCAL_YEAR":"3-31","CURRENCY":"HKD","IS_CNY_CODE":0,"DPS_HKD_LY":null,"ORG_TYPE":"一般企业","PREMIUM_INCOME":null,"PREMIUM_INCOME_YOY":null,"NET_INTEREST_INCOME":null,"NET_INTEREST_INCOME_YOY":null,"FEE_COMMISSION_INCOME":null,"FEE_COMMISSION_INCOME_YOY":null,"ACCOUNTS_RECE_TDAYS":0.016504123468,"INVENTORY_TDAYS":6.500303154276,"CURRENT_ASSETS_TDAYS":0.505725834278,"TOTAL_ASSETS_TDAYS":0.417399831743,"PREMIUM_EXPENSE":null,"LOAN_DEPOSIT":null,"LOAN_EQUITY":null,"LOAN_ASSETS":null,"DEPOSIT_EQUITY":null,"DEPOSIT_ASSETS":null,"EQUITY_MULTIPLIER":4.110289415364,"EQUITY_RATIO":4.443059461985},{"SECUCODE":"00498.HK","SECURITY_CODE":"00498","SECURITY_NAME_ABBR":"蓝河控股","ORG_CODE":"10008932","STD_REPORT_DATE":"2021-12-31 00:00:00","REPORT_DATE":"2022-03-31 00:00:00","DATE_TYPE_CODE":"001","REPORT_TYPE":"2021年年报","PER_NETCASH_OPERATE":0.534785661531,"PER_OI":0.098309374937,"BPS":1.682728738377,"BASIC_EPS":-1.19623975,"DILUTED_EPS":-1.19623975,"OPERATE_INCOME":108525303.15,"OPERATE_INCOME_YOY":3792.9524283504,"GROSS_PROFIT":46860968.81,"GROSS_PROFIT_YOY":-54.398943092271,"HOLDER_PROFIT":-1320767091.46,"HOLDER_PROFIT_YOY":-1176.4399497654,"GROSS_PROFIT_RATIO":4.014932951515,"EPS_TTM":-0.639937109642,"OPERATE_INCOME_QOQ":0,"NET_PROFIT_RATIO":-16.7256264237,"ROE_AVG":-53.758863070949,"GROSS_PROFIT_QOQ":0,"ROA":-18.394454056504,"HOLDER_PROFIT_QOQ":0,"ROE_YEARLY":-53.758863070949,"ROIC_YEARLY":-21.182921883337,"TOTAL_ASSETS":9023685733.79,"TOTAL_LIABILITIES":6565383040.17,"TAX_EBT":8.227208230581,"OCF_SALES":6.743432464838,"TOTAL_PARENT_EQUITY":1751629941.13,"DEBT_ASSET_RATIO":72.757221759,"OPERATE_PROFIT":-988446011.84,"PRETAX_PROFIT":-1009956430.07,"NETCASH_OPERATE":590358509.3,"NETCASH_INVEST":42168464.95,"NETCASH_FINANCE":-15496779.08,"END_CASH":769153773.9,"DIVI_RATIO":null,"DIVIDEND_RATE":null,"CURRENT_RATIO":1.198263704924,"COMMON_ACS":10000000000,"CURRENTDEBT_DEBT":92.771277517607,"ISSUED_COMMON_SHARES":1040946114,"HK_COMMON_SHARES":1040946114,"PER_SHARES":10000,"TOTAL_MARKET_CAP":109299341.97,"HKSK_MARKET_CAP":109299341.97,"PE_TTM":-0.357096367495,"PB_TTM":0.145682729588,"REPORT_DATE_SQ":"2020-12-31 00:00:00","REPORT_TYPE_SQ":"2020年年报","OPERATE_INCOME_SQ":234357426.66,"DPS_HKD":null,"OPERATE_INCOME_QOQ_SQ":0,"NET_PROFIT_RATIO_SQ":17.8371146141,"HOLDER_PROFIT_SQ":127867282.2,"HOLDER_PROFIT_QOQ_SQ":0,"ROE_AVG_SQ":3.993531265966,"PE_TTM_SQ":-0.524416497118,"PB_TTM_SQ":0.253840578194,"ROA_SQ":2.470486915678,"START_DATE":"2021-04-01 00:00:00","FISCAL_YEAR":"3-31","CURRENCY":"HKD","IS_CNY_CODE":0,"DPS_HKD_LY":null,"ORG_TYPE":"一般企业","PREMIUM_INCOME":null,"PREMIUM_INCOME_YOY":null,"NET_INTEREST_INCOME":null,"NET_INTEREST_INCOME_YOY":null,"FEE_COMMISSION_INCOME":null,"FEE_COMMISSION_INCOME_YOY":null,"ACCOUNTS_RECE_TDAYS":0.093849052515,"INVENTORY_TDAYS":12.308683700332,"CURRENT_ASSETS_TDAYS":1.623196353637,"TOTAL_ASSETS_TDAYS":1.219257619223,"PREMIUM_EXPENSE":null,"LOAN_DEPOSIT":null,"LOAN_EQUITY":null,"LOAN_ASSETS":null,"DEPOSIT_EQUITY":null,"DEPOSIT_ASSETS":null,"EQUITY_MULTIPLIER":3.670697574064,"EQUITY_RATIO":3.748156437618},{"SECUCODE":"00498.HK","SECURITY_CODE":"00498","SECURITY_NAME_ABBR":"蓝河控股","ORG_CODE":"10008932","STD_REPORT_DATE":"2021-06-30 00:00:00","REPORT_DATE":"2021-09-30 00:00:00","DATE_TYPE_CODE":"002","REPORT_TYPE":"2021年中报","PER_NETCASH_OPERATE":-0.024086621024,"PER_OI":3.458360487761,"BPS":2.274223475991,"BASIC_EPS":-0.78224334,"DILUTED_EPS":-0.78224334,"OPERATE_INCOME":3817739870.46,"OPERATE_INCOME_YOY":2293.3773070536,"GROSS_PROFIT":184131251.8,"GROSS_PROFIT_YOY":147.495867732888,"HOLDER_PROFIT":-863891550.6,"HOLDER_PROFIT_YOY":-2979.8313088414,"GROSS_PROFIT_RATIO":4.823043424847,"EPS_TTM":0.115830614825,"OPERATE_INCOME_QOQ":0,"NET_PROFIT_RATIO":-23.4872810041,"ROE_AVG":-30.768892978841,"GROSS_PROFIT_QOQ":0,"ROA":-11.029544909093,"HOLDER_PROFIT_QOQ":0,"ROE_YEARLY":-61.537785957682,"ROIC_YEARLY":-25.035653432402,"TOTAL_ASSETS":10183138834.56,"TOTAL_LIABILITIES":7135870333.24,"TAX_EBT":15.461892494738,"OCF_SALES":-0.696475139276,"TOTAL_PARENT_EQUITY":2367344089.7,"DEBT_ASSET_RATIO":70.0753515117,"OPERATE_PROFIT":-1034830464.24,"PRETAX_PROFIT":-1060685314.4,"NETCASH_OPERATE":-26589609.08,"NETCASH_INVEST":634971660.96,"NETCASH_FINANCE":-11364604.52,"END_CASH":752528089.8,"DIVI_RATIO":null,"DIVIDEND_RATE":null,"CURRENT_RATIO":1.218344715084,"COMMON_ACS":10000000000,"CURRENTDEBT_DEBT":91.803549301681,"ISSUED_COMMON_SHARES":1040946114,"HK_COMMON_SHARES":1040946114,"PER_SHARES":10000,"TOTAL_MARKET_CAP":114504072.54,"HKSK_MARKET_CAP":114504072.54,"PE_TTM":-0.374100956423,"PB_TTM":0.152620002426,"REPORT_DATE_SQ":"2020-06-30 00:00:00","REPORT_TYPE_SQ":"2020年中报","OPERATE_INCOME_SQ":168255548.16,"DPS_HKD":null,"OPERATE_INCOME_QOQ_SQ":0,"NET_PROFIT_RATIO_SQ":-71.938812814,"HOLDER_PROFIT_SQ":-29587381.12,"HOLDER_PROFIT_QOQ_SQ":0,"ROE_AVG_SQ":-0.910164166628,"PE_TTM_SQ":-0.603120696435,"PB_TTM_SQ":0.24967925724,"ROA_SQ":-0.620172086657,"START_DATE":"2021-04-01 00:00:00","FISCAL_YEAR":"3-31","CURRENCY":"HKD","IS_CNY_CODE":0,"DPS_HKD_LY":null,"ORG_TYPE":"一般企业","PREMIUM_INCOME":null,"PREMIUM_INCOME_YOY":null,"NET_INTEREST_INCOME":null,"NET_INTEREST_INCOME_YOY":null,"FEE_COMMISSION_INCOME":null,"FEE_COMMISSION_INCOME_YOY":null,"ACCOUNTS_RECE_TDAYS":2.921685627463,"INVENTORY_TDAYS":5.056563110803,"CURRENT_ASSETS_TDAYS":0.660242729147,"TOTAL_ASSETS_TDAYS":0.487421520945,"PREMIUM_EXPENSE":null,"LOAN_DEPOSIT":null,"LOAN_EQUITY":null,"LOAN_ASSETS":null,"DEPOSIT_EQUITY":null,"DEPOSIT_ASSETS":null,"EQUITY_MULTIPLIER":3.34172680555,"EQUITY_RATIO":3.014293682227},{"SECUCODE":"00498.HK","SECURITY_CODE":"00498","SECURITY_NAME_ABBR":"蓝河控股","ORG_CODE":"10008932","STD_REPORT_DATE":"2020-12-31 00:00:00","REPORT_DATE":"2021-03-31 00:00:00","DATE_TYPE_CODE":"001","REPORT_TYPE":"2020年年报","PER_NETCASH_OPERATE":-0.359012125137,"PER_OI":0.212296408837,"BPS":3.165646315982,"BASIC_EPS":0.11578966,"DILUTED_EPS":0.11578966,"OPERATE_INCOME":234357426.66,"OPERATE_INCOME_YOY":-23.8073910021,"GROSS_PROFIT":102762900.66,"GROSS_PROFIT_YOY":-21.076066445812,"HOLDER_PROFIT":127867282.2,"HOLDER_PROFIT_YOY":126.4369141731,"GROSS_PROFIT_RATIO":43.848792045787,"EPS_TTM":-0.332672653821,"OPERATE_INCOME_QOQ":0,"NET_PROFIT_RATIO":17.8371146141,"ROE_AVG":3.993531265966,"GROSS_PROFIT_QOQ":0,"ROA":2.470486915678,"HOLDER_PROFIT_QOQ":0,"ROE_YEARLY":3.993531265966,"ROIC_YEARLY":2.747705046967,"TOTAL_ASSETS":5561660505.1,"TOTAL_LIABILITIES":1984177530.02,"TAX_EBT":128.639092998882,"OCF_SALES":-169.10890160736,"TOTAL_PARENT_EQUITY":3295267230.92,"DEBT_ASSET_RATIO":35.6759915173,"OPERATE_PROFIT":-179763869.74,"PRETAX_PROFIT":-145963431.18,"NETCASH_OPERATE":-396319270.06,"NETCASH_INVEST":199905354.32,"NETCASH_FINANCE":3717101.64,"END_CASH":154051803.78,"DIVI_RATIO":null,"DIVIDEND_RATE":null,"CURRENT_RATIO":2.648724307102,"COMMON_ACS":10000000000,"CURRENTDEBT_DEBT":69.173369500166,"ISSUED_COMMON_SHARES":1040946114,"HK_COMMON_SHARES":1040946114,"PER_SHARES":10000,"TOTAL_MARKET_CAP":114504072.54,"HKSK_MARKET_CAP":114504072.54,"PE_TTM":-0.374100956423,"PB_TTM":0.152620002426,"REPORT_DATE_SQ":"2019-12-31 00:00:00","REPORT_TYPE_SQ":"2019年年报","OPERATE_INCOME_SQ":332521927.3,"DPS_HKD":null,"OPERATE_INCOME_QOQ_SQ":0,"NET_PROFIT_RATIO_SQ":-155.237697463,"HOLDER_PROFIT_SQ":-522881271.6,"HOLDER_PROFIT_QOQ_SQ":0,"ROE_AVG_SQ":-14.08841237757,"PE_TTM_SQ":-0.603120696435,"PB_TTM_SQ":0.24967925724,"ROA_SQ":-8.582409081815,"START_DATE":"2020-04-01 00:00:00","FISCAL_YEAR":"3-31","CURRENCY":"HKD","IS_CNY_CODE":0,"DPS_HKD_LY":null,"ORG_TYPE":"一般企业","PREMIUM_INCOME":null,"PREMIUM_INCOME_YOY":null,"NET_INTEREST_INCOME":null,"NET_INTEREST_INCOME_YOY":null,"FEE_COMMISSION_INCOME":null,"FEE_COMMISSION_INCOME_YOY":null,"ACCOUNTS_RECE_TDAYS":0.915936657682,"INVENTORY_TDAYS":0.127789601029,"CURRENT_ASSETS_TDAYS":0.071533318792,"TOTAL_ASSETS_TDAYS":0.045279523127,"PREMIUM_EXPENSE":null,"LOAN_DEPOSIT":null,"LOAN_EQUITY":null,"LOAN_ASSETS":null,"DEPOSIT_EQUITY":null,"DEPOSIT_ASSETS":null,"EQUITY_MULTIPLIER":1.554629482192,"EQUITY_RATIO":0.602129475692},{"SECUCODE":"00498.HK","SECURITY_CODE":"00498","SECURITY_NAME_ABBR":"蓝河控股","ORG_CODE":"10008932","STD_REPORT_DATE":"2020-06-30 00:00:00","REPORT_DATE":"2020-09-30 00:00:00","DATE_TYPE_CODE":"002","REPORT_TYPE":"2020年中报","PER_NETCASH_OPERATE":-0.011928416042,"PER_OI":0.030483393795,"BPS":3.141123178947,"BASIC_EPS":-0.02724032,"DILUTED_EPS":-0.02724032,"OPERATE_INCOME":168255548.16,"OPERATE_INCOME_YOY":-25.2882488129,"GROSS_PROFIT":74397707.52,"GROSS_PROFIT_YOY":-16.104773199196,"HOLDER_PROFIT":-29587381.12,"HOLDER_PROFIT_YOY":83.6029569316,"GROSS_PROFIT_RATIO":44.217090214019,"EPS_TTM":-0.094732066102,"OPERATE_INCOME_QOQ":0,"NET_PROFIT_RATIO":-71.938812814,"ROE_AVG":-0.910164166628,"GROSS_PROFIT_QOQ":0,"ROA":-0.620172086657,"HOLDER_PROFIT_QOQ":0,"ROE_YEARLY":-1.820328333256,"ROIC_YEARLY":-1.483963903771,"TOTAL_ASSETS":4561660472.32,"TOTAL_LIABILITIES":1055681905.92,"TAX_EBT":60.570600914267,"OCF_SALES":-39.130866209173,"TOTAL_PARENT_EQUITY":3269739966.72,"DEBT_ASSET_RATIO":23.1424919133,"OPERATE_PROFIT":-320314529.28,"PRETAX_PROFIT":-306981710.72,"NETCASH_OPERATE":-65839853.44,"NETCASH_INVEST":395783396.48,"NETCASH_FINANCE":18187746.56,"END_CASH":697955872.64,"DIVI_RATIO":null,"DIVIDEND_RATE":null,"CURRENT_RATIO":5.988822858825,"COMMON_ACS":10000000000,"CURRENTDEBT_DEBT":41.837760719702,"ISSUED_COMMON_SHARES":1040946114,"HK_COMMON_SHARES":1040946114,"PER_SHARES":10000,"TOTAL_MARKET_CAP":114504072.54,"HKSK_MARKET_CAP":114504072.54,"PE_TTM":-0.374100956423,"PB_TTM":0.152620002426,"REPORT_DATE_SQ":"2019-06-30 00:00:00","REPORT_TYPE_SQ":"2019年中报","OPERATE_INCOME_SQ":231175240.89,"DPS_HKD":null,"OPERATE_INCOME_QOQ_SQ":0,"NET_PROFIT_RATIO_SQ":-76.9607747504,"HOLDER_PROFIT_SQ":-185225949.48,"HOLDER_PROFIT_QOQ_SQ":0,"ROE_AVG_SQ":-4.810734355737,"PE_TTM_SQ":-0.603120696435,"PB_TTM_SQ":0.24967925724,"ROA_SQ":-3.006622687213,"START_DATE":"2020-04-01 00:00:00","FISCAL_YEAR":"3-31","CURRENCY":"HKD","IS_CNY_CODE":0,"DPS_HKD_LY":null,"ORG_TYPE":"一般企业","PREMIUM_INCOME":null,"PREMIUM_INCOME_YOY":null,"NET_INTEREST_INCOME":null,"NET_INTEREST_INCOME_YOY":null,"FEE_COMMISSION_INCOME":null,"FEE_COMMISSION_INCOME_YOY":null,"ACCOUNTS_RECE_TDAYS":0.80459364403,"INVENTORY_TDAYS":0.08602541975,"CURRENT_ASSETS_TDAYS":0.059267582092,"TOTAL_ASSETS_TDAYS":0.035267533132,"PREMIUM_EXPENSE":null,"LOAN_DEPOSIT":null,"LOAN_EQUITY":null,"LOAN_ASSETS":null,"DEPOSIT_EQUITY":null,"DEPOSIT_ASSETS":null,"EQUITY_MULTIPLIER":1.301109058691,"EQUITY_RATIO":0.322864177783}],"count":48},"success":true,"message":"ok","code":0}