{"version":"8f07de7a67e67f852b71b8347103eebf","result":{"pages":6,"data":[{"SECUCODE":"00495.HK","SECURITY_CODE":"00495","SECURITY_NAME_ABBR":"PALADIN","ORG_CODE":"10008929","STD_REPORT_DATE":"2023-12-31 00:00:00","REPORT_DATE":"2024-06-30 00:00:00","DATE_TYPE_CODE":"001","REPORT_TYPE":"2023年年报","PER_NETCASH_OPERATE":-0.014111947583,"PER_OI":0.014806244723,"BPS":0.319863709667,"BASIC_EPS":-0.084787972,"DILUTED_EPS":-0.084787972,"OPERATE_INCOME":20747954.44,"OPERATE_INCOME_YOY":23.6429892309,"GROSS_PROFIT":12404233.88,"GROSS_PROFIT_YOY":33.299393279757,"HOLDER_PROFIT":-118767048.4,"HOLDER_PROFIT_YOY":-249.6144649526,"GROSS_PROFIT_RATIO":59.785334095808,"EPS_TTM":-0.022094498875,"OPERATE_INCOME_QOQ":13.277541670135,"NET_PROFIT_RATIO":-586.8517133682,"ROE_AVG":-20.215389514811,"GROSS_PROFIT_QOQ":13.93444284925,"ROA":-16.994984305139,"HOLDER_PROFIT_QOQ":9.770537961767,"ROE_YEARLY":-20.215389514811,"ROIC_YEARLY":-17.176791729585,"TOTAL_ASSETS":643866534.24,"TOTAL_LIABILITIES":147908008.12,"TAX_EBT":-0.284898143276,"OCF_SALES":-95.310781683016,"TOTAL_PARENT_EQUITY":526162758.04,"DEBT_ASSET_RATIO":22.9718428051,"OPERATE_PROFIT":-116323804.04,"PRETAX_PROFIT":-121413820.4,"NETCASH_OPERATE":-19775037.56,"NETCASH_INVEST":-912.68,"NETCASH_FINANCE":12842320.28,"END_CASH":33084650,"DIVI_RATIO":null,"DIVIDEND_RATE":null,"CURRENT_RATIO":0.328791544633,"COMMON_ACS":50000000000,"CURRENTDEBT_DEBT":87.223788867018,"ISSUED_COMMON_SHARES":1644959219,"HK_COMMON_SHARES":1644959219,"PER_SHARES":5000,"TOTAL_MARKET_CAP":19739510.628,"HKSK_MARKET_CAP":19739510.628,"PE_TTM":-0.151690698747,"PB_TTM":0.034240083101,"REPORT_DATE_SQ":"2022-12-31 00:00:00","REPORT_TYPE_SQ":"2022年年报","OPERATE_INCOME_SQ":16951524.28,"DPS_HKD":null,"OPERATE_INCOME_QOQ_SQ":-11.761136743453,"NET_PROFIT_RATIO_SQ":-227.1510932231,"HOLDER_PROFIT_SQ":-34317017.58,"HOLDER_PROFIT_QOQ_SQ":36.662954368204,"ROE_AVG_SQ":-5.098735692725,"PE_TTM_SQ":-1.882401801402,"PB_TTM_SQ":0.098553557091,"ROA_SQ":-4.354247470668,"START_DATE":"2023-07-01 00:00:00","FISCAL_YEAR":"6-30","CURRENCY":"HKD","IS_CNY_CODE":0,"DPS_HKD_LY":null,"ORG_TYPE":"一般企业","PREMIUM_INCOME":null,"PREMIUM_INCOME_YOY":null,"NET_INTEREST_INCOME":null,"NET_INTEREST_INCOME_YOY":null,"FEE_COMMISSION_INCOME":null,"FEE_COMMISSION_INCOME_YOY":null,"ACCOUNTS_RECE_TDAYS":4.133272727273,"INVENTORY_TDAYS":2.034041606408,"CURRENT_ASSETS_TDAYS":0.450390299956,"TOTAL_ASSETS_TDAYS":0.029689309015,"PREMIUM_EXPENSE":null,"LOAN_DEPOSIT":null,"LOAN_EQUITY":null,"LOAN_ASSETS":null,"DEPOSIT_EQUITY":null,"DEPOSIT_ASSETS":null,"EQUITY_MULTIPLIER":1.298226565994,"EQUITY_RATIO":0.281106950007},{"SECUCODE":"00495.HK","SECURITY_CODE":"00495","SECURITY_NAME_ABBR":"PALADIN","ORG_CODE":"10008929","STD_REPORT_DATE":"2023-06-30 00:00:00","REPORT_DATE":"2023-12-31 00:00:00","DATE_TYPE_CODE":"002","REPORT_TYPE":"2023年中报","PER_NETCASH_OPERATE":-0.007753812525,"PER_OI":0.006675870278,"BPS":0.383524015473,"BASIC_EPS":-0.008699712,"DILUTED_EPS":-0.009605932,"OPERATE_INCOME":9355815.28,"OPERATE_INCOME_YOY":29.7963288911,"GROSS_PROFIT":5163641.56,"GROSS_PROFIT_YOY":33.532122780614,"HOLDER_PROFIT":-12215845.6,"HOLDER_PROFIT_YOY":22.6576395662,"GROSS_PROFIT_RATIO":55.191786129407,"EPS_TTM":-0.024487011643,"OPERATE_INCOME_QOQ":-21.954084421812,"NET_PROFIT_RATIO":-151.4722975591,"ROE_AVG":-1.915997441546,"GROSS_PROFIT_QOQ":1.278878592985,"ROA":-1.653338566452,"HOLDER_PROFIT_QOQ":22.593800700575,"ROE_YEARLY":-3.831994883093,"ROIC_YEARLY":-3.318170181761,"TOTAL_ASSETS":729248827.3,"TOTAL_LIABILITIES":129159911.72,"TAX_EBT":null,"OCF_SALES":-116.146842309182,"TOTAL_PARENT_EQUITY":630881364.96,"DEBT_ASSET_RATIO":17.7113636505,"OPERATE_PROFIT":-11653989.2,"PRETAX_PROFIT":-14171468.36,"NETCASH_OPERATE":-10866484.02,"NETCASH_INVEST":115996.16,"NETCASH_FINANCE":-4986928.66,"END_CASH":24081890.28,"DIVI_RATIO":null,"DIVIDEND_RATE":null,"CURRENT_RATIO":0.305274728935,"COMMON_ACS":50000000000,"CURRENTDEBT_DEBT":84.252697753392,"ISSUED_COMMON_SHARES":1644959219,"HK_COMMON_SHARES":1644959219,"PER_SHARES":5000,"TOTAL_MARKET_CAP":19739510.628,"HKSK_MARKET_CAP":19739510.628,"PE_TTM":-0.151690698747,"PB_TTM":0.034240083101,"REPORT_DATE_SQ":"2022-06-30 00:00:00","REPORT_TYPE_SQ":"2022年中报","OPERATE_INCOME_SQ":7105069.58,"DPS_HKD":null,"OPERATE_INCOME_QOQ_SQ":35.694630128255,"NET_PROFIT_RATIO_SQ":-252.0870002514,"HOLDER_PROFIT_SQ":-15568802.83,"HOLDER_PROFIT_QOQ_SQ":-65.836974327591,"ROE_AVG_SQ":-2.355969101646,"PE_TTM_SQ":-1.543723691169,"PB_TTM_SQ":0.080821990723,"ROA_SQ":-2.003849266938,"START_DATE":"2023-07-01 00:00:00","FISCAL_YEAR":"6-30","CURRENCY":"HKD","IS_CNY_CODE":0,"DPS_HKD_LY":null,"ORG_TYPE":"一般企业","PREMIUM_INCOME":null,"PREMIUM_INCOME_YOY":null,"NET_INTEREST_INCOME":null,"NET_INTEREST_INCOME_YOY":null,"FEE_COMMISSION_INCOME":null,"FEE_COMMISSION_INCOME_YOY":null,"ACCOUNTS_RECE_TDAYS":1.944439212732,"INVENTORY_TDAYS":1.018269865727,"CURRENT_ASSETS_TDAYS":0.226577416877,"TOTAL_ASSETS_TDAYS":0.012662512878,"PREMIUM_EXPENSE":null,"LOAN_DEPOSIT":null,"LOAN_EQUITY":null,"LOAN_ASSETS":null,"DEPOSIT_EQUITY":null,"DEPOSIT_ASSETS":null,"EQUITY_MULTIPLIER":1.215234623348,"EQUITY_RATIO":0.204729318211},{"SECUCODE":"00495.HK","SECURITY_CODE":"00495","SECURITY_NAME_ABBR":"PALADIN","ORG_CODE":"10008929","STD_REPORT_DATE":"2022-12-31 00:00:00","REPORT_DATE":"2023-06-30 00:00:00","DATE_TYPE_CODE":"001","REPORT_TYPE":"2022年年报","PER_NETCASH_OPERATE":-0.021413388732,"PER_OI":0.012095811399,"BPS":0.398468896851,"BASIC_EPS":-0.024524668,"DILUTED_EPS":-0.028396984,"OPERATE_INCOME":16951524.28,"OPERATE_INCOME_YOY":-36.1220164681,"GROSS_PROFIT":9305544.14,"GROSS_PROFIT_YOY":-0.226854033531,"HOLDER_PROFIT":-34317017.58,"HOLDER_PROFIT_YOY":54.5247956603,"GROSS_PROFIT_RATIO":54.895028826281,"EPS_TTM":-0.03163443221,"OPERATE_INCOME_QOQ":-11.761136743453,"NET_PROFIT_RATIO":-227.1510932231,"ROE_AVG":-5.098735692725,"GROSS_PROFIT_QOQ":-11.24445771135,"ROA":-4.354247470668,"HOLDER_PROFIT_QOQ":36.662954368204,"ROE_YEARLY":-5.098735692725,"ROIC_YEARLY":-4.545945856821,"TOTAL_ASSETS":761486331.5,"TOTAL_LIABILITIES":135207445.02,"TAX_EBT":-0.040721488969,"OCF_SALES":-177.031436962907,"TOTAL_PARENT_EQUITY":655465085.36,"DEBT_ASSET_RATIO":17.7557284257,"OPERATE_PROFIT":-34636022.66,"PRETAX_PROFIT":-38489899.06,"NETCASH_OPERATE":-30009527.02,"NETCASH_INVEST":-455458.12,"NETCASH_FINANCE":-8689661.5,"END_CASH":41220803.82,"DIVI_RATIO":null,"DIVIDEND_RATE":null,"CURRENT_RATIO":0.439978676316,"COMMON_ACS":50000000000,"CURRENTDEBT_DEBT":84.423350994552,"ISSUED_COMMON_SHARES":1644959219,"HK_COMMON_SHARES":1644959219,"PER_SHARES":5000,"TOTAL_MARKET_CAP":19739510.628,"HKSK_MARKET_CAP":19739510.628,"PE_TTM":-0.151690698747,"PB_TTM":0.034240083101,"REPORT_DATE_SQ":"2021-12-31 00:00:00","REPORT_TYPE_SQ":"2021年年报","OPERATE_INCOME_SQ":24614933.77,"DPS_HKD":null,"OPERATE_INCOME_QOQ_SQ":19.312196243676,"NET_PROFIT_RATIO_SQ":-310.8293089671,"HOLDER_PROFIT_SQ":-69996446.31,"HOLDER_PROFIT_QOQ_SQ":-13.901144006338,"ROE_AVG_SQ":-10.388695539597,"PE_TTM_SQ":-1.543723691169,"PB_TTM_SQ":0.080821990723,"ROA_SQ":-8.694779244453,"START_DATE":"2022-07-01 00:00:00","FISCAL_YEAR":"6-30","CURRENCY":"HKD","IS_CNY_CODE":0,"DPS_HKD_LY":null,"ORG_TYPE":"一般企业","PREMIUM_INCOME":null,"PREMIUM_INCOME_YOY":null,"NET_INTEREST_INCOME":null,"NET_INTEREST_INCOME_YOY":null,"FEE_COMMISSION_INCOME":null,"FEE_COMMISSION_INCOME_YOY":null,"ACCOUNTS_RECE_TDAYS":3.429903926872,"INVENTORY_TDAYS":1.758295346125,"CURRENT_ASSETS_TDAYS":0.242661809735,"TOTAL_ASSETS_TDAYS":0.021508609117,"PREMIUM_EXPENSE":null,"LOAN_DEPOSIT":null,"LOAN_EQUITY":null,"LOAN_ASSETS":null,"DEPOSIT_EQUITY":null,"DEPOSIT_ASSETS":null,"EQUITY_MULTIPLIER":1.215890153634,"EQUITY_RATIO":0.206277112298},{"SECUCODE":"00495.HK","SECURITY_CODE":"00495","SECURITY_NAME_ABBR":"PALADIN","ORG_CODE":"10008929","STD_REPORT_DATE":"2022-06-30 00:00:00","REPORT_DATE":"2022-12-31 00:00:00","DATE_TYPE_CODE":"002","REPORT_TYPE":"2022年中报","PER_NETCASH_OPERATE":-0.011203500863,"PER_OI":0.005069843879,"BPS":0.396678188215,"BASIC_EPS":-0.011076548,"DILUTED_EPS":-0.011076548,"OPERATE_INCOME":7105069.58,"OPERATE_INCOME_YOY":-34.9685226065,"GROSS_PROFIT":3866965.83,"GROSS_PROFIT_YOY":-35.156911432177,"HOLDER_PROFIT":-15568802.83,"HOLDER_PROFIT_YOY":65.4392226849,"GROSS_PROFIT_RATIO":67.550917777219,"EPS_TTM":-0.049946175882,"OPERATE_INCOME_QOQ":35.694630128255,"NET_PROFIT_RATIO":-252.0870002514,"ROE_AVG":-2.355969101646,"GROSS_PROFIT_QOQ":-9.055264902121,"ROA":-2.003849266938,"HOLDER_PROFIT_QOQ":-65.836974327591,"ROE_YEARLY":-4.711938203291,"ROIC_YEARLY":-4.237498298096,"TOTAL_ASSETS":764492623.72,"TOTAL_LIABILITIES":138334472.01,"TAX_EBT":null,"OCF_SALES":-220.9831531305,"TOTAL_PARENT_EQUITY":652519442.68,"DEBT_ASSET_RATIO":18.0949387499,"OPERATE_PROFIT":-16262873.62,"PRETAX_PROFIT":-17910956.77,"NETCASH_OPERATE":-15701006.79,"NETCASH_INVEST":-321577.2,"NETCASH_FINANCE":-3522163.61,"END_CASH":57889255.62,"DIVI_RATIO":null,"DIVIDEND_RATE":null,"CURRENT_RATIO":0.538108931469,"COMMON_ACS":50000000000,"CURRENTDEBT_DEBT":90.720184937655,"ISSUED_COMMON_SHARES":1644959219,"HK_COMMON_SHARES":1644959219,"PER_SHARES":5000,"TOTAL_MARKET_CAP":19739510.628,"HKSK_MARKET_CAP":19739510.628,"PE_TTM":-0.151690698747,"PB_TTM":0.034240083101,"REPORT_DATE_SQ":"2021-06-30 00:00:00","REPORT_TYPE_SQ":"2021年中报","OPERATE_INCOME_SQ":10000065.6,"DPS_HKD":null,"OPERATE_INCOME_QOQ_SQ":9.372402064191,"NET_PROFIT_RATIO_SQ":-442.155179462,"HOLDER_PROFIT_SQ":-41231568,"HOLDER_PROFIT_QOQ_SQ":67.510930953043,"ROE_AVG_SQ":-6.269113149847,"PE_TTM_SQ":-1.543723691169,"PB_TTM_SQ":0.080821990723,"ROA_SQ":-5.223151726188,"START_DATE":"2022-07-01 00:00:00","FISCAL_YEAR":"6-30","CURRENCY":"HKD","IS_CNY_CODE":0,"DPS_HKD_LY":null,"ORG_TYPE":"一般企业","PREMIUM_INCOME":null,"PREMIUM_INCOME_YOY":null,"NET_INTEREST_INCOME":null,"NET_INTEREST_INCOME_YOY":null,"FEE_COMMISSION_INCOME":null,"FEE_COMMISSION_INCOME_YOY":null,"ACCOUNTS_RECE_TDAYS":1.34052414258,"INVENTORY_TDAYS":0.553981541103,"CURRENT_ASSETS_TDAYS":0.09213269703,"TOTAL_ASSETS_TDAYS":0.00914488328,"PREMIUM_EXPENSE":null,"LOAN_DEPOSIT":null,"LOAN_EQUITY":null,"LOAN_ASSETS":null,"DEPOSIT_EQUITY":null,"DEPOSIT_ASSETS":null,"EQUITY_MULTIPLIER":1.220925770321,"EQUITY_RATIO":0.212000536631},{"SECUCODE":"00495.HK","SECURITY_CODE":"00495","SECURITY_NAME_ABBR":"PALADIN","ORG_CODE":"10008929","STD_REPORT_DATE":"2021-12-31 00:00:00","REPORT_DATE":"2022-06-30 00:00:00","DATE_TYPE_CODE":"001","REPORT_TYPE":"2021年年报","PER_NETCASH_OPERATE":-0.03084435248,"PER_OI":0.017564060409,"BPS":0.389434067563,"BASIC_EPS":-0.049943096,"DILUTED_EPS":-0.049943096,"OPERATE_INCOME":24614933.77,"OPERATE_INCOME_YOY":57.5251751313,"GROSS_PROFIT":9326702.14,"GROSS_PROFIT_YOY":-7.126516242148,"HOLDER_PROFIT":-69996446.31,"HOLDER_PROFIT_YOY":-83.7857864601,"GROSS_PROFIT_RATIO":42.056074766355,"EPS_TTM":-0.030117635759,"OPERATE_INCOME_QOQ":19.312196243676,"NET_PROFIT_RATIO":-310.8293089671,"ROE_AVG":-10.388695539597,"GROSS_PROFIT_QOQ":13.347899053251,"ROA":-8.694779244453,"HOLDER_PROFIT_QOQ":-13.901144006338,"ROE_YEARLY":-10.388695539597,"ROIC_YEARLY":-9.638121503047,"TOTAL_ASSETS":755745086.04,"TOTAL_LIABILITIES":138772536.49,"TAX_EBT":-0.102938214693,"OCF_SALES":-175.610603481222,"TOTAL_PARENT_EQUITY":640603159.63,"DEBT_ASSET_RATIO":18.3623471794,"OPERATE_PROFIT":-74598223.7,"PRETAX_PROFIT":-76431751.06,"NETCASH_OPERATE":-43226433.74,"NETCASH_INVEST":16821587.3,"NETCASH_FINANCE":-19818173.06,"END_CASH":74121882.87,"DIVI_RATIO":null,"DIVIDEND_RATE":null,"CURRENT_RATIO":0.668052362795,"COMMON_ACS":50000000000,"CURRENTDEBT_DEBT":89.537871831689,"ISSUED_COMMON_SHARES":1644959219,"HK_COMMON_SHARES":1644959219,"PER_SHARES":5000,"TOTAL_MARKET_CAP":19739510.628,"HKSK_MARKET_CAP":19739510.628,"PE_TTM":-0.151690698747,"PB_TTM":0.034240083101,"REPORT_DATE_SQ":"2020-12-31 00:00:00","REPORT_TYPE_SQ":"2020年年报","OPERATE_INCOME_SQ":15203765.76,"DPS_HKD":null,"OPERATE_INCOME_QOQ_SQ":29.604869147762,"NET_PROFIT_RATIO_SQ":-291.0080998249,"HOLDER_PROFIT_SQ":-37056682.8,"HOLDER_PROFIT_QOQ_SQ":2.895652663824,"ROE_AVG_SQ":-5.225775564468,"PE_TTM_SQ":-1.543723691169,"PB_TTM_SQ":0.080821990723,"ROA_SQ":-4.311928604106,"START_DATE":"2021-07-01 00:00:00","FISCAL_YEAR":"6-30","CURRENCY":"HKD","IS_CNY_CODE":0,"DPS_HKD_LY":null,"ORG_TYPE":"一般企业","PREMIUM_INCOME":null,"PREMIUM_INCOME_YOY":null,"NET_INTEREST_INCOME":null,"NET_INTEREST_INCOME_YOY":null,"FEE_COMMISSION_INCOME":null,"FEE_COMMISSION_INCOME_YOY":null,"ACCOUNTS_RECE_TDAYS":5.400187617261,"INVENTORY_TDAYS":4.180473743577,"CURRENT_ASSETS_TDAYS":0.215410981971,"TOTAL_ASSETS_TDAYS":0.030576040146,"PREMIUM_EXPENSE":null,"LOAN_DEPOSIT":null,"LOAN_EQUITY":null,"LOAN_ASSETS":null,"DEPOSIT_EQUITY":null,"DEPOSIT_ASSETS":null,"EQUITY_MULTIPLIER":1.224924976956,"EQUITY_RATIO":0.216627930106},{"SECUCODE":"00495.HK","SECURITY_CODE":"00495","SECURITY_NAME_ABBR":"PALADIN","ORG_CODE":"10008929","STD_REPORT_DATE":"2021-06-30 00:00:00","REPORT_DATE":"2021-12-31 00:00:00","DATE_TYPE_CODE":"002","REPORT_TYPE":"2021年中报","PER_NETCASH_OPERATE":-0.017659546812,"PER_OI":0.007135577042,"BPS":0.38877222524,"BASIC_EPS":-0.0294336,"DILUTED_EPS":-0.0294336,"OPERATE_INCOME":10000065.6,"OPERATE_INCOME_YOY":45.7285833433,"GROSS_PROFIT":5963574.4,"GROSS_PROFIT_YOY":28.994346019176,"HOLDER_PROFIT":-41231568,"HOLDER_PROFIT_YOY":-17.6374536378,"GROSS_PROFIT_RATIO":59.635352792086,"EPS_TTM":-0.026406484282,"OPERATE_INCOME_QOQ":9.372402064191,"NET_PROFIT_RATIO":-442.155179462,"ROE_AVG":-6.269113149847,"GROSS_PROFIT_QOQ":4.108465051301,"ROA":-5.223151726188,"HOLDER_PROFIT_QOQ":67.510930953043,"ROE_YEARLY":-12.538226299694,"ROIC_YEARLY":-11.723306260625,"TOTAL_ASSETS":762017916.8,"TOTAL_LIABILITIES":143672760,"TAX_EBT":null,"OCF_SALES":-247.485896492519,"TOTAL_PARENT_EQUITY":639514456,"DEBT_ASSET_RATIO":18.854249596,"OPERATE_PROFIT":-43351604.8,"PRETAX_PROFIT":-44215808,"NETCASH_OPERATE":-24748752,"NETCASH_INVEST":16124707.2,"NETCASH_FINANCE":-16106720,"END_CASH":90756052.8,"DIVI_RATIO":null,"DIVIDEND_RATE":null,"CURRENT_RATIO":0.847431817738,"COMMON_ACS":50000000000,"CURRENTDEBT_DEBT":87.448570209134,"ISSUED_COMMON_SHARES":1644959219,"HK_COMMON_SHARES":1644959219,"PER_SHARES":5000,"TOTAL_MARKET_CAP":19739510.628,"HKSK_MARKET_CAP":19739510.628,"PE_TTM":-0.151690698747,"PB_TTM":0.034240083101,"REPORT_DATE_SQ":"2020-06-30 00:00:00","REPORT_TYPE_SQ":"2020年中报","OPERATE_INCOME_SQ":7063884.52,"DPS_HKD":null,"OPERATE_INCOME_QOQ_SQ":46.979974503329,"NET_PROFIT_RATIO_SQ":-561.3129989277,"HOLDER_PROFIT_SQ":-36080265.16,"HOLDER_PROFIT_QOQ_SQ":-142.229802707152,"ROE_AVG_SQ":-5.004725238611,"PE_TTM_SQ":-1.543723691169,"PB_TTM_SQ":0.080821990723,"ROA_SQ":-4.12119895367,"START_DATE":"2021-07-01 00:00:00","FISCAL_YEAR":"6-30","CURRENCY":"HKD","IS_CNY_CODE":0,"DPS_HKD_LY":null,"ORG_TYPE":"一般企业","PREMIUM_INCOME":null,"PREMIUM_INCOME_YOY":null,"NET_INTEREST_INCOME":null,"NET_INTEREST_INCOME_YOY":null,"FEE_COMMISSION_INCOME":null,"FEE_COMMISSION_INCOME_YOY":null,"ACCOUNTS_RECE_TDAYS":1.696276263782,"INVENTORY_TDAYS":0.756744328633,"CURRENT_ASSETS_TDAYS":0.081431966924,"TOTAL_ASSETS_TDAYS":0.012667929558,"PREMIUM_EXPENSE":null,"LOAN_DEPOSIT":null,"LOAN_EQUITY":null,"LOAN_ASSETS":null,"DEPOSIT_EQUITY":null,"DEPOSIT_ASSETS":null,"EQUITY_MULTIPLIER":1.232350425033,"EQUITY_RATIO":0.224659127956},{"SECUCODE":"00495.HK","SECURITY_CODE":"00495","SECURITY_NAME_ABBR":"PALADIN","ORG_CODE":"10008929","STD_REPORT_DATE":"2020-12-31 00:00:00","REPORT_DATE":"2021-06-30 00:00:00","DATE_TYPE_CODE":"001","REPORT_TYPE":"2020年年报","PER_NETCASH_OPERATE":-0.034653655942,"PER_OI":0.010834159219,"BPS":0.418152063866,"BASIC_EPS":-0.026376936,"DILUTED_EPS":-0.026376936,"OPERATE_INCOME":15203765.76,"OPERATE_INCOME_YOY":55.6123318004,"GROSS_PROFIT":10042373.52,"GROSS_PROFIT_YOY":12.68978579171,"HOLDER_PROFIT":-37056682.8,"HOLDER_PROFIT_YOY":65.3669385882,"GROSS_PROFIT_RATIO":66.051882661997,"EPS_TTM":-0.081278057686,"OPERATE_INCOME_QOQ":29.604869147762,"NET_PROFIT_RATIO":-291.0080998249,"ROE_AVG":-5.225775564468,"GROSS_PROFIT_QOQ":8.242673385089,"ROA":-4.311928604106,"HOLDER_PROFIT_QOQ":2.895652663824,"ROE_YEARLY":-5.225775564468,"ROIC_YEARLY":-5.103759832774,"TOTAL_ASSETS":831247920,"TOTAL_LIABILITIES":157295571.12,"TAX_EBT":1.326826009501,"OCF_SALES":-319.855516637478,"TOTAL_PARENT_EQUITY":687843092.4,"DEBT_ASSET_RATIO":18.9228228228,"OPERATE_PROFIT":-42713994.72,"PRETAX_PROFIT":-44839127.04,"NETCASH_OPERATE":-48630083.52,"NETCASH_INVEST":-411047.52,"NETCASH_FINANCE":-8569591.92,"END_CASH":118093786.08,"DIVI_RATIO":null,"DIVIDEND_RATE":null,"CURRENT_RATIO":1.02747806766,"COMMON_ACS":50000000000,"CURRENTDEBT_DEBT":87.613138029719,"ISSUED_COMMON_SHARES":1644959219,"HK_COMMON_SHARES":1644959219,"PER_SHARES":5000,"TOTAL_MARKET_CAP":19739510.628,"HKSK_MARKET_CAP":19739510.628,"PE_TTM":-0.151690698747,"PB_TTM":0.034240083101,"REPORT_DATE_SQ":"2019-12-31 00:00:00","REPORT_TYPE_SQ":"2019年年报","OPERATE_INCOME_SQ":10725612.48,"DPS_HKD":null,"OPERATE_INCOME_QOQ_SQ":1.17849228229,"NET_PROFIT_RATIO_SQ":-1159.1636859138,"HOLDER_PROFIT_SQ":-117460163.04,"HOLDER_PROFIT_QOQ_SQ":5.234749281579,"ROE_AVG_SQ":-13.605267278629,"PE_TTM_SQ":-1.543723691169,"PB_TTM_SQ":0.080821990723,"ROA_SQ":-11.467777614776,"START_DATE":"2020-07-01 00:00:00","FISCAL_YEAR":"6-30","CURRENCY":"HKD","IS_CNY_CODE":0,"DPS_HKD_LY":null,"ORG_TYPE":"一般企业","PREMIUM_INCOME":null,"PREMIUM_INCOME_YOY":null,"NET_INTEREST_INCOME":null,"NET_INTEREST_INCOME_YOY":null,"FEE_COMMISSION_INCOME":null,"FEE_COMMISSION_INCOME_YOY":null,"ACCOUNTS_RECE_TDAYS":3.67867928327,"INVENTORY_TDAYS":2.243399638336,"CURRENT_ASSETS_TDAYS":0.094386259443,"TOTAL_ASSETS_TDAYS":0.017691155149,"PREMIUM_EXPENSE":null,"LOAN_DEPOSIT":null,"LOAN_EQUITY":null,"LOAN_ASSETS":null,"DEPOSIT_EQUITY":null,"DEPOSIT_ASSETS":null,"EQUITY_MULTIPLIER":1.233392718908,"EQUITY_RATIO":0.228679437008},{"SECUCODE":"00495.HK","SECURITY_CODE":"00495","SECURITY_NAME_ABBR":"PALADIN","ORG_CODE":"10008929","STD_REPORT_DATE":"2020-06-30 00:00:00","REPORT_DATE":"2020-12-31 00:00:00","DATE_TYPE_CODE":"002","REPORT_TYPE":"2020年中报","PER_NETCASH_OPERATE":-0.018955105506,"PER_OI":0.005033703544,"BPS":0.427410225299,"BASIC_EPS":-0.025585856,"DILUTED_EPS":-0.026764152,"OPERATE_INCOME":7063884.52,"OPERATE_INCOME_YOY":93.3425478,"GROSS_PROFIT":4623128.52,"GROSS_PROFIT_YOY":18.88986094871,"HOLDER_PROFIT":-36080265.16,"HOLDER_PROFIT_YOY":2.7362450369,"GROSS_PROFIT_RATIO":65.447396640057,"EPS_TTM":-0.082195295094,"OPERATE_INCOME_QOQ":46.979974503329,"NET_PROFIT_RATIO":-561.3129989277,"ROE_AVG":-5.004725238611,"GROSS_PROFIT_QOQ":22.120305846915,"ROA":-4.12119895367,"HOLDER_PROFIT_QOQ":-142.229802707152,"ROE_YEARLY":-10.009450477223,"ROIC_YEARLY":-9.962995219998,"TOTAL_ASSETS":853211708.36,"TOTAL_LIABILITIES":163816809.6,"TAX_EBT":null,"OCF_SALES":-376.563803169308,"TOTAL_PARENT_EQUITY":703072390.4,"DEBT_ASSET_RATIO":19.2000189396,"OPERATE_PROFIT":-38555528.4,"PRETAX_PROFIT":-39650502.04,"NETCASH_OPERATE":-26600032.2,"NETCASH_INVEST":-191893.92,"NETCASH_FINANCE":-2260645.04,"END_CASH":151736750.68,"DIVI_RATIO":null,"DIVIDEND_RATE":null,"CURRENT_RATIO":1.114973736513,"COMMON_ACS":50000000000,"CURRENTDEBT_DEBT":86.855733662146,"ISSUED_COMMON_SHARES":1644959219,"HK_COMMON_SHARES":1644959219,"PER_SHARES":5000,"TOTAL_MARKET_CAP":19739510.628,"HKSK_MARKET_CAP":19739510.628,"PE_TTM":-0.151690698747,"PB_TTM":0.034240083101,"REPORT_DATE_SQ":"2019-06-30 00:00:00","REPORT_TYPE_SQ":"2019年中报","OPERATE_INCOME_SQ":3888580.98,"DPS_HKD":null,"OPERATE_INCOME_QOQ_SQ":-13.719686549452,"NET_PROFIT_RATIO_SQ":-1078.3690393918,"HOLDER_PROFIT_SQ":-39481503.5,"HOLDER_PROFIT_QOQ_SQ":-41.591689389115,"ROE_AVG_SQ":-4.452276545215,"PE_TTM_SQ":-1.543723691169,"PB_TTM_SQ":0.080821990723,"ROA_SQ":-3.813380965627,"START_DATE":"2020-07-01 00:00:00","FISCAL_YEAR":"6-30","CURRENCY":"HKD","IS_CNY_CODE":0,"DPS_HKD_LY":null,"ORG_TYPE":"一般企业","PREMIUM_INCOME":null,"PREMIUM_INCOME_YOY":null,"NET_INTEREST_INCOME":null,"NET_INTEREST_INCOME_YOY":null,"FEE_COMMISSION_INCOME":null,"FEE_COMMISSION_INCOME_YOY":null,"ACCOUNTS_RECE_TDAYS":1.557720861173,"INVENTORY_TDAYS":1.248385708136,"CURRENT_ASSETS_TDAYS":0.041396420169,"TOTAL_ASSETS_TDAYS":0.008068586349,"PREMIUM_EXPENSE":null,"LOAN_DEPOSIT":null,"LOAN_EQUITY":null,"LOAN_ASSETS":null,"DEPOSIT_EQUITY":null,"DEPOSIT_ASSETS":null,"EQUITY_MULTIPLIER":1.237624052477,"EQUITY_RATIO":0.233001340739},{"SECUCODE":"00495.HK","SECURITY_CODE":"00495","SECURITY_NAME_ABBR":"PALADIN","ORG_CODE":"10008929","STD_REPORT_DATE":"2019-12-31 00:00:00","REPORT_DATE":"2020-06-30 00:00:00","DATE_TYPE_CODE":"001","REPORT_TYPE":"2019年年报","PER_NETCASH_OPERATE":-0.035355399384,"PER_OI":0.007505479816,"BPS":0.48742866533,"BASIC_EPS":-0.081844224,"DILUTED_EPS":-0.081844224,"OPERATE_INCOME":10725612.48,"OPERATE_INCOME_YOY":43.2125869008,"GROSS_PROFIT":8911520.64,"GROSS_PROFIT_YOY":23.55948422643,"HOLDER_PROFIT":-117460163.04,"HOLDER_PROFIT_YOY":-121.0606842015,"GROSS_PROFIT_RATIO":83.08635666837,"EPS_TTM":-0.033809158814,"OPERATE_INCOME_QOQ":1.17849228229,"NET_PROFIT_RATIO":-1159.1636859138,"ROE_AVG":-13.605267278629,"GROSS_PROFIT_QOQ":1.17849228229,"ROA":-11.467777614776,"HOLDER_PROFIT_QOQ":5.234749281579,"ROE_YEARLY":-13.605267278629,"ROIC_YEARLY":-14.238686317281,"TOTAL_ASSETS":974334477.6,"TOTAL_LIABILITIES":185811964.8,"TAX_EBT":-0.323579273237,"OCF_SALES":-471.06114801567,"TOTAL_PARENT_EQUITY":801800276.64,"DEBT_ASSET_RATIO":19.0706547979,"OPERATE_PROFIT":-120778690.56,"PRETAX_PROFIT":-123926404.8,"NETCASH_OPERATE":-50524193.28,"NETCASH_INVEST":2849019.36,"NETCASH_FINANCE":11275503.36,"END_CASH":191626010.4,"DIVI_RATIO":null,"DIVIDEND_RATE":null,"CURRENT_RATIO":1.176999262345,"COMMON_ACS":50000000000,"CURRENTDEBT_DEBT":90.634155933537,"ISSUED_COMMON_SHARES":1644959219,"HK_COMMON_SHARES":1644959219,"PER_SHARES":5000,"TOTAL_MARKET_CAP":19739510.628,"HKSK_MARKET_CAP":19739510.628,"PE_TTM":-0.151690698747,"PB_TTM":0.034240083101,"REPORT_DATE_SQ":"2018-12-31 00:00:00","REPORT_TYPE_SQ":"2018年年报","OPERATE_INCOME_SQ":7212332.34,"DPS_HKD":null,"OPERATE_INCOME_QOQ_SQ":31.461444189139,"NET_PROFIT_RATIO_SQ":-790.4866447128,"HOLDER_PROFIT_SQ":-51169822.2,"HOLDER_PROFIT_QOQ_SQ":-363.230350097884,"ROE_AVG_SQ":-5.612963175604,"PE_TTM_SQ":-1.543723691169,"PB_TTM_SQ":0.080821990723,"ROA_SQ":-4.806482678443,"START_DATE":"2019-07-01 00:00:00","FISCAL_YEAR":"6-30","CURRENCY":"HKD","IS_CNY_CODE":0,"DPS_HKD_LY":null,"ORG_TYPE":"一般企业","PREMIUM_INCOME":null,"PREMIUM_INCOME_YOY":null,"NET_INTEREST_INCOME":null,"NET_INTEREST_INCOME_YOY":null,"FEE_COMMISSION_INCOME":null,"FEE_COMMISSION_INCOME_YOY":null,"ACCOUNTS_RECE_TDAYS":2.494052676296,"INVENTORY_TDAYS":0.93042867182,"CURRENT_ASSETS_TDAYS":0.049525078872,"TOTAL_ASSETS_TDAYS":0.010471545034,"PREMIUM_EXPENSE":null,"LOAN_DEPOSIT":null,"LOAN_EQUITY":null,"LOAN_ASSETS":null,"DEPOSIT_EQUITY":null,"DEPOSIT_ASSETS":null,"EQUITY_MULTIPLIER":1.235645732092,"EQUITY_RATIO":0.231743453094}],"count":47},"success":true,"message":"ok","code":0}