{"version":"bf0368bcab22758c6fc470624fb135e1","result":{"pages":9,"data":[{"SECUCODE":"00493.HK","SECURITY_CODE":"00493","SECURITY_NAME_ABBR":"国美零售","ORG_CODE":"10008927","STD_REPORT_DATE":"2024-06-30 00:00:00","REPORT_DATE":"2024-06-30 00:00:00","DATE_TYPE_CODE":"002","REPORT_TYPE":"2024年中报","PER_NETCASH_OPERATE":0.000635588099,"PER_OI":0.003532181835,"BPS":-0.190511701816,"BASIC_EPS":-0.094,"DILUTED_EPS":-0.094,"OPERATE_INCOME":169160000,"OPERATE_INCOME_YOY":-59.2152626922,"GROSS_PROFIT":17960000,"GROSS_PROFIT_YOY":114.968912003467,"HOLDER_PROFIT":-4431909000,"HOLDER_PROFIT_YOY":-25.2321023488,"GROSS_PROFIT_RATIO":10.617167179002,"EPS_TTM":-0.228647927404,"OPERATE_INCOME_QOQ":-37.96591147991,"NET_PROFIT_RATIO":-2610.7448569402,"ROE_AVG":62.954907195715,"GROSS_PROFIT_QOQ":79.169177614399,"ROA":-15.307347242352,"HOLDER_PROFIT_QOQ":-8.878705625389,"ROE_YEARLY":125.909814391429,"ROIC_YEARLY":-26.707640515612,"TOTAL_ASSETS":27927992000,"TOTAL_LIABILITIES":41339934000,"TAX_EBT":-0.285779100589,"OCF_SALES":17.994206668243,"TOTAL_PARENT_EQUITY":-9123811000,"DEBT_ASSET_RATIO":148.0232950511,"OPERATE_PROFIT":-3481376000,"PRETAX_PROFIT":-4403751000,"NETCASH_OPERATE":30439000,"NETCASH_INVEST":132698000,"NETCASH_FINANCE":-174568000,"END_CASH":54585000,"DIVI_RATIO":null,"DIVIDEND_RATE":null,"CURRENT_RATIO":0.115064870859,"COMMON_ACS":200000000000,"CURRENTDEBT_DEBT":98.03311732428,"ISSUED_COMMON_SHARES":47891079199,"HK_COMMON_SHARES":47891079199,"PER_SHARES":1000,"TOTAL_MARKET_CAP":1005712663.179,"HKSK_MARKET_CAP":1005712663.179,"PE_TTM":-0.083010323,"PB_TTM":-0.1006042139,"REPORT_DATE_SQ":"2023-06-30 00:00:00","REPORT_TYPE_SQ":"2023年中报","OPERATE_INCOME_SQ":414763000,"DPS_HKD":null,"OPERATE_INCOME_QOQ_SQ":-67.038805398613,"NET_PROFIT_RATIO_SQ":-866.8663791129,"HOLDER_PROFIT_SQ":-3538956000,"HOLDER_PROFIT_QOQ_SQ":-2.872161339893,"ROE_AVG_SQ":-104.15278718119,"PE_TTM_SQ":-0.08622588844,"PB_TTM_SQ":0.888315151739,"ROA_SQ":-9.120550016981,"START_DATE":"2024-01-01 00:00:00","FISCAL_YEAR":"12-31","CURRENCY":"HKD","IS_CNY_CODE":0,"DPS_HKD_LY":null,"ORG_TYPE":"一般企业","PREMIUM_INCOME":null,"PREMIUM_INCOME_YOY":null,"NET_INTEREST_INCOME":null,"NET_INTEREST_INCOME_YOY":null,"FEE_COMMISSION_INCOME":null,"FEE_COMMISSION_INCOME_YOY":null,"ACCOUNTS_RECE_TDAYS":0.511353245155,"INVENTORY_TDAYS":0.171792705741,"CURRENT_ASSETS_TDAYS":0.033273422421,"TOTAL_ASSETS_TDAYS":0.005842608365,"PREMIUM_EXPENSE":null,"LOAN_DEPOSIT":null,"LOAN_EQUITY":null,"LOAN_ASSETS":null,"DEPOSIT_EQUITY":null,"DEPOSIT_ASSETS":null,"EQUITY_MULTIPLIER":-2.082322753855,"EQUITY_RATIO":-4.530994120768},{"SECUCODE":"00493.HK","SECURITY_CODE":"00493","SECURITY_NAME_ABBR":"国美零售","ORG_CODE":"10008927","STD_REPORT_DATE":"2023-12-31 00:00:00","REPORT_DATE":"2023-12-31 00:00:00","DATE_TYPE_CODE":"001","REPORT_TYPE":"2023年年报","PER_NETCASH_OPERATE":0.023298035416,"PER_OI":0.013544199393,"BPS":-0.103481046635,"BASIC_EPS":-0.223,"DILUTED_EPS":-0.223,"OPERATE_INCOME":646904000,"OPERATE_INCOME_YOY":-96.2916406795,"GROSS_PROFIT":174237000,"GROSS_PROFIT_YOY":-90.423291852238,"HOLDER_PROFIT":-10057243000,"HOLDER_PROFIT_YOY":49.6028659477,"GROSS_PROFIT_RATIO":26.93398093071,"EPS_TTM":-0.21056803565,"OPERATE_INCOME_QOQ":-88.749317597896,"NET_PROFIT_RATIO":-1559.8951312714,"ROE_AVG":10444.1464035183,"GROSS_PROFIT_QOQ":144.89255900237,"ROA":-27.720374303936,"HOLDER_PROFIT_QOQ":51.009939525017,"ROE_YEARLY":10444.1464035183,"ROIC_YEARLY":-24.863466230545,"TOTAL_ASSETS":29977652000,"TOTAL_LIABILITIES":39237174000,"TAX_EBT":-0.083530025285,"OCF_SALES":172.014858464316,"TOTAL_PARENT_EQUITY":-4955819000,"DEBT_ASSET_RATIO":130.8880828959,"OPERATE_PROFIT":-7271627000,"PRETAX_PROFIT":-10082602000,"NETCASH_OPERATE":1112771000,"NETCASH_INVEST":373090000,"NETCASH_FINANCE":-1589276000,"END_CASH":66247000,"DIVI_RATIO":null,"DIVIDEND_RATE":null,"CURRENT_RATIO":0.143877746411,"COMMON_ACS":200000000000,"CURRENTDEBT_DEBT":97.507771584162,"ISSUED_COMMON_SHARES":47891079199,"HK_COMMON_SHARES":47891079199,"PER_SHARES":1000,"TOTAL_MARKET_CAP":909930504.781,"HKSK_MARKET_CAP":909930504.781,"PE_TTM":-0.075104577952,"PB_TTM":-0.091022860196,"REPORT_DATE_SQ":"2022-12-31 00:00:00","REPORT_TYPE_SQ":"2022年年报","OPERATE_INCOME_SQ":17444480000,"DPS_HKD":null,"OPERATE_INCOME_QOQ_SQ":-46.412450032229,"NET_PROFIT_RATIO_SQ":-115.8320741002,"HOLDER_PROFIT_SQ":-19955982000,"HOLDER_PROFIT_QOQ_SQ":-269.981180184668,"ROE_AVG_SQ":-151.366813751865,"PE_TTM_SQ":-0.111462733837,"PB_TTM_SQ":1.148309830297,"ROA_SQ":-32.315467518732,"START_DATE":"2023-01-01 00:00:00","FISCAL_YEAR":"12-31","CURRENCY":"HKD","IS_CNY_CODE":0,"DPS_HKD_LY":null,"ORG_TYPE":"一般企业","PREMIUM_INCOME":null,"PREMIUM_INCOME_YOY":null,"NET_INTEREST_INCOME":null,"NET_INTEREST_INCOME_YOY":null,"FEE_COMMISSION_INCOME":null,"FEE_COMMISSION_INCOME_YOY":null,"ACCOUNTS_RECE_TDAYS":4.899117725018,"INVENTORY_TDAYS":0.469034096406,"CURRENT_ASSETS_TDAYS":0.076534563826,"TOTAL_ASSETS_TDAYS":0.017830354719,"PREMIUM_EXPENSE":null,"LOAN_DEPOSIT":null,"LOAN_EQUITY":null,"LOAN_ASSETS":null,"DEPOSIT_EQUITY":null,"DEPOSIT_ASSETS":null,"EQUITY_MULTIPLIER":-3.237494548853,"EQUITY_RATIO":-7.917394481114},{"SECUCODE":"00493.HK","SECURITY_CODE":"00493","SECURITY_NAME_ABBR":"国美零售","ORG_CODE":"10008927","STD_REPORT_DATE":"2023-06-30 00:00:00","REPORT_DATE":"2023-06-30 00:00:00","DATE_TYPE_CODE":"002","REPORT_TYPE":"2023年中报","PER_NETCASH_OPERATE":-0.02499154189,"PER_OI":0.008683873918,"BPS":0.042439490485,"BASIC_EPS":-0.082,"DILUTED_EPS":-0.082,"OPERATE_INCOME":414763000,"OPERATE_INCOME_YOY":-96.5748487902,"GROSS_PROFIT":-119982000,"GROSS_PROFIT_YOY":-105.747582898567,"HOLDER_PROFIT":-3538956000,"HOLDER_PROFIT_YOY":-19.3259936314,"GROSS_PROFIT_RATIO":-28.927845540706,"EPS_TTM":-0.42981787246,"OPERATE_INCOME_QOQ":-67.038805398613,"NET_PROFIT_RATIO":-866.8663791129,"ROE_AVG":-104.15278718119,"GROSS_PROFIT_QOQ":-121.332506679462,"ROA":-9.120550016981,"HOLDER_PROFIT_QOQ":-2.872161339893,"ROE_YEARLY":-208.30557436238,"ROIC_YEARLY":-16.482495543261,"TOTAL_ASSETS":35019555000,"TOTAL_LIABILITIES":37313489000,"TAX_EBT":0.369819554327,"OCF_SALES":-287.792546586846,"TOTAL_PARENT_EQUITY":2032473000,"DEBT_ASSET_RATIO":106.5504373199,"OPERATE_PROFIT":-2369556000,"PRETAX_PROFIT":-3608787000,"NETCASH_OPERATE":-1193657000,"NETCASH_INVEST":37215000,"NETCASH_FINANCE":1133364000,"END_CASH":146635000,"DIVI_RATIO":null,"DIVIDEND_RATE":null,"CURRENT_RATIO":0.147503149072,"COMMON_ACS":200000000000,"CURRENTDEBT_DEBT":96.76361275141,"ISSUED_COMMON_SHARES":47891079199,"HK_COMMON_SHARES":47891079199,"PER_SHARES":1000,"TOTAL_MARKET_CAP":1053603742.378,"HKSK_MARKET_CAP":1053603742.378,"PE_TTM":-0.086963195523,"PB_TTM":-0.105394890753,"REPORT_DATE_SQ":"2022-06-30 00:00:00","REPORT_TYPE_SQ":"2022年中报","OPERATE_INCOME_SQ":12109334000,"DPS_HKD":null,"OPERATE_INCOME_QOQ_SQ":-29.968655319173,"NET_PROFIT_RATIO_SQ":-27.0119562314,"HOLDER_PROFIT_SQ":-2965788000,"HOLDER_PROFIT_QOQ_SQ":-22.529251798656,"ROE_AVG_SQ":-14.179408926906,"PE_TTM_SQ":-0.117771945186,"PB_TTM_SQ":1.213308499936,"ROA_SQ":-3.817127254674,"START_DATE":"2023-01-01 00:00:00","FISCAL_YEAR":"12-31","CURRENCY":"HKD","IS_CNY_CODE":0,"DPS_HKD_LY":null,"ORG_TYPE":"一般企业","PREMIUM_INCOME":null,"PREMIUM_INCOME_YOY":null,"NET_INTEREST_INCOME":null,"NET_INTEREST_INCOME_YOY":null,"FEE_COMMISSION_INCOME":null,"FEE_COMMISSION_INCOME_YOY":null,"ACCOUNTS_RECE_TDAYS":1.650485977775,"INVENTORY_TDAYS":0.530295555145,"CURRENT_ASSETS_TDAYS":0.049595135225,"TOTAL_ASSETS_TDAYS":0.0106892165,"PREMIUM_EXPENSE":null,"LOAN_DEPOSIT":null,"LOAN_EQUITY":null,"LOAN_ASSETS":null,"DEPOSIT_EQUITY":null,"DEPOSIT_ASSETS":null,"EQUITY_MULTIPLIER":-15.266156306267,"EQUITY_RATIO":18.358664051134},{"SECUCODE":"00493.HK","SECURITY_CODE":"00493","SECURITY_NAME_ABBR":"国美零售","ORG_CODE":"10008927","STD_REPORT_DATE":"2022-12-31 00:00:00","REPORT_DATE":"2022-12-31 00:00:00","DATE_TYPE_CODE":"001","REPORT_TYPE":"2022年年报","PER_NETCASH_OPERATE":0.022977238569,"PER_OI":0.488380369385,"BPS":0.099459608755,"BASIC_EPS":-0.586,"DILUTED_EPS":-0.586,"OPERATE_INCOME":17444480000,"OPERATE_INCOME_YOY":-62.4719181761,"GROSS_PROFIT":1819383000,"GROSS_PROFIT_YOY":-66.961817062563,"HOLDER_PROFIT":-19955982000,"HOLDER_PROFIT_YOY":-353.3351718761,"GROSS_PROFIT_RATIO":10.429562818726,"EPS_TTM":-0.558693057094,"OPERATE_INCOME_QOQ":-46.412450032229,"NET_PROFIT_RATIO":-115.8320741002,"ROE_AVG":-151.366813751865,"GROSS_PROFIT_QOQ":-59.230234355515,"ROA":-32.315467518732,"HOLDER_PROFIT_QOQ":-269.981180184668,"ROE_YEARLY":-151.366813751865,"ROIC_YEARLY":-31.3653228428,"TOTAL_ASSETS":42584449000,"TOTAL_LIABILITIES":42091143000,"TAX_EBT":0.390397139395,"OCF_SALES":4.704783404263,"TOTAL_PARENT_EQUITY":4763228000,"DEBT_ASSET_RATIO":98.8415818178,"OPERATE_PROFIT":-18661483000,"PRETAX_PROFIT":-20285497000,"NETCASH_OPERATE":820725000,"NETCASH_INVEST":-167911000,"NETCASH_FINANCE":-4727350000,"END_CASH":169713000,"DIVI_RATIO":null,"DIVIDEND_RATE":null,"CURRENT_RATIO":0.280834007404,"COMMON_ACS":200000000000,"CURRENTDEBT_DEBT":96.443501189787,"ISSUED_COMMON_SHARES":47891079199,"HK_COMMON_SHARES":47891079199,"PER_SHARES":1000,"TOTAL_MARKET_CAP":909930504.781,"HKSK_MARKET_CAP":909930504.781,"PE_TTM":-0.075104577952,"PB_TTM":-0.091022860196,"REPORT_DATE_SQ":"2021-12-31 00:00:00","REPORT_TYPE_SQ":"2021年年报","OPERATE_INCOME_SQ":46483804000,"DPS_HKD":null,"OPERATE_INCOME_QOQ_SQ":-9.005126284109,"NET_PROFIT_RATIO_SQ":-10.267952683,"HOLDER_PROFIT_SQ":-4402037000,"HOLDER_PROFIT_QOQ_SQ":30.625802949939,"ROE_AVG_SQ":-33.196824292692,"PE_TTM_SQ":-0.111462733837,"PB_TTM_SQ":1.148309830297,"ROA_SQ":-5.814453908226,"START_DATE":"2022-01-01 00:00:00","FISCAL_YEAR":"12-31","CURRENCY":"HKD","IS_CNY_CODE":0,"DPS_HKD_LY":null,"ORG_TYPE":"一般企业","PREMIUM_INCOME":null,"PREMIUM_INCOME_YOY":null,"NET_INTEREST_INCOME":null,"NET_INTEREST_INCOME_YOY":null,"FEE_COMMISSION_INCOME":null,"FEE_COMMISSION_INCOME_YOY":null,"ACCOUNTS_RECE_TDAYS":22.202511523186,"INVENTORY_TDAYS":3.84955822744,"CURRENT_ASSETS_TDAYS":0.826734132458,"TOTAL_ASSETS_TDAYS":0.282484984613,"PREMIUM_EXPENSE":null,"LOAN_DEPOSIT":null,"LOAN_EQUITY":null,"LOAN_ASSETS":null,"DEPOSIT_EQUITY":null,"DEPOSIT_ASSETS":null,"EQUITY_MULTIPLIER":86.324611903178,"EQUITY_RATIO":8.836684492113},{"SECUCODE":"00493.HK","SECURITY_CODE":"00493","SECURITY_NAME_ABBR":"国美零售","ORG_CODE":"10008927","STD_REPORT_DATE":"2022-06-30 00:00:00","REPORT_DATE":"2022-06-30 00:00:00","DATE_TYPE_CODE":"002","REPORT_TYPE":"2022年中报","PER_NETCASH_OPERATE":0.001639770934,"PER_OI":0.358725523816,"BPS":0.422371751448,"BASIC_EPS":-0.09,"DILUTED_EPS":-0.09,"OPERATE_INCOME":12109334000,"OPERATE_INCOME_YOY":-53.4970116058,"GROSS_PROFIT":2087521000,"GROSS_PROFIT_YOY":-33.345477372494,"HOLDER_PROFIT":-2965788000,"HOLDER_PROFIT_YOY":-50.2393566094,"GROSS_PROFIT_RATIO":17.238941464493,"EPS_TTM":-0.159784809968,"OPERATE_INCOME_QOQ":-29.968655319173,"NET_PROFIT_RATIO":-27.0119562314,"ROE_AVG":-14.179408926906,"GROSS_PROFIT_QOQ":-18.964010670231,"ROA":-3.817127254674,"HOLDER_PROFIT_QOQ":-22.529251798656,"ROE_YEARLY":-28.358817853812,"ROIC_YEARLY":-7.558538483465,"TOTAL_ASSETS":74470860000,"TOTAL_LIABILITIES":58567802000,"TAX_EBT":0.796787616309,"OCF_SALES":0.457110192848,"TOTAL_PARENT_EQUITY":20227839000,"DEBT_ASSET_RATIO":78.64526071,"OPERATE_PROFIT":-2453218000,"PRETAX_PROFIT":-3297240000,"NETCASH_OPERATE":55353000,"NETCASH_INVEST":250468000,"NETCASH_FINANCE":-2354954000,"END_CASH":2409336000,"DIVI_RATIO":null,"DIVIDEND_RATE":null,"CURRENT_RATIO":0.500338098333,"COMMON_ACS":200000000000,"CURRENTDEBT_DEBT":85.48771217332,"ISSUED_COMMON_SHARES":47891079199,"HK_COMMON_SHARES":47891079199,"PER_SHARES":1000,"TOTAL_MARKET_CAP":1053603742.378,"HKSK_MARKET_CAP":1053603742.378,"PE_TTM":-0.086963195523,"PB_TTM":-0.105394890753,"REPORT_DATE_SQ":"2021-06-30 00:00:00","REPORT_TYPE_SQ":"2021年中报","OPERATE_INCOME_SQ":26039905000,"DPS_HKD":null,"OPERATE_INCOME_QOQ_SQ":15.786509579193,"NET_PROFIT_RATIO_SQ":-7.9448715347,"HOLDER_PROFIT_SQ":-1974042000,"HOLDER_PROFIT_QOQ_SQ":9.271962545197,"ROE_AVG_SQ":-33.963310082553,"PE_TTM_SQ":-0.117771945186,"PB_TTM_SQ":1.213308499936,"ROA_SQ":-2.864944013741,"START_DATE":"2022-01-01 00:00:00","FISCAL_YEAR":"12-31","CURRENCY":"HKD","IS_CNY_CODE":0,"DPS_HKD_LY":null,"ORG_TYPE":"一般企业","PREMIUM_INCOME":null,"PREMIUM_INCOME_YOY":null,"NET_INTEREST_INCOME":null,"NET_INTEREST_INCOME_YOY":null,"FEE_COMMISSION_INCOME":null,"FEE_COMMISSION_INCOME_YOY":null,"ACCOUNTS_RECE_TDAYS":9.487356090399,"INVENTORY_TDAYS":1.94521465258,"CURRENT_ASSETS_TDAYS":0.433623892838,"TOTAL_ASSETS_TDAYS":0.15585358376,"PREMIUM_EXPENSE":null,"LOAN_DEPOSIT":null,"LOAN_EQUITY":null,"LOAN_ASSETS":null,"DEPOSIT_EQUITY":null,"DEPOSIT_ASSETS":null,"EQUITY_MULTIPLIER":4.682801257463,"EQUITY_RATIO":2.895405782101},{"SECUCODE":"00493.HK","SECURITY_CODE":"00493","SECURITY_NAME_ABBR":"国美零售","ORG_CODE":"10008927","STD_REPORT_DATE":"2021-12-31 00:00:00","REPORT_DATE":"2021-12-31 00:00:00","DATE_TYPE_CODE":"001","REPORT_TYPE":"2021年年报","PER_NETCASH_OPERATE":0.019217044143,"PER_OI":1.377030886988,"BPS":0.451117063164,"BASIC_EPS":-0.178,"DILUTED_EPS":-0.178,"OPERATE_INCOME":46483804000,"OPERATE_INCOME_YOY":5.3597881716,"GROSS_PROFIT":5506910000,"GROSS_PROFIT_YOY":21.020775389506,"HOLDER_PROFIT":-4402037000,"HOLDER_PROFIT_YOY":37.0581525165,"GROSS_PROFIT_RATIO":11.846943507463,"EPS_TTM":-0.130405440025,"OPERATE_INCOME_QOQ":-9.005126284109,"NET_PROFIT_RATIO":-10.267952683,"ROE_AVG":-33.196824292692,"GROSS_PROFIT_QOQ":-7.751017820912,"ROA":-5.814453908226,"HOLDER_PROFIT_QOQ":30.625802949939,"ROE_YEARLY":-33.196824292692,"ROIC_YEARLY":-6.067184155085,"TOTAL_ASSETS":80922859000,"TOTAL_LIABILITIES":63337977000,"TAX_EBT":-0.939833921787,"OCF_SALES":1.395541982752,"TOTAL_PARENT_EQUITY":21604483000,"DEBT_ASSET_RATIO":78.2695739902,"OPERATE_PROFIT":-3384676000,"PRETAX_PROFIT":-4728495000,"NETCASH_OPERATE":648701000,"NETCASH_INVEST":-1975216000,"NETCASH_FINANCE":-3870747000,"END_CASH":4378423000,"DIVI_RATIO":null,"DIVIDEND_RATE":null,"CURRENT_RATIO":0.590620101731,"COMMON_ACS":200000000000,"CURRENTDEBT_DEBT":82.335749371976,"ISSUED_COMMON_SHARES":47891079199,"HK_COMMON_SHARES":47891079199,"PER_SHARES":1000,"TOTAL_MARKET_CAP":1053603742.378,"HKSK_MARKET_CAP":1053603742.378,"PE_TTM":-0.086963195523,"PB_TTM":-0.105394890753,"REPORT_DATE_SQ":"2020-12-31 00:00:00","REPORT_TYPE_SQ":"2020年年报","OPERATE_INCOME_SQ":44119113000,"DPS_HKD":null,"OPERATE_INCOME_QOQ_SQ":-0.238464710558,"NET_PROFIT_RATIO_SQ":-16.3277239957,"HOLDER_PROFIT_SQ":-6993816000,"HOLDER_PROFIT_QOQ_SQ":-44.744272527067,"ROE_AVG_SQ":-84.690002399452,"PE_TTM_SQ":-0.117771945186,"PB_TTM_SQ":1.213308499936,"ROA_SQ":-9.825110538562,"START_DATE":"2021-01-01 00:00:00","FISCAL_YEAR":"12-31","CURRENCY":"HKD","IS_CNY_CODE":0,"DPS_HKD_LY":null,"ORG_TYPE":"一般企业","PREMIUM_INCOME":null,"PREMIUM_INCOME_YOY":null,"NET_INTEREST_INCOME":null,"NET_INTEREST_INCOME_YOY":null,"FEE_COMMISSION_INCOME":null,"FEE_COMMISSION_INCOME_YOY":null,"ACCOUNTS_RECE_TDAYS":49.854330660103,"INVENTORY_TDAYS":5.335173921235,"CURRENT_ASSETS_TDAYS":1.372016891487,"TOTAL_ASSETS_TDAYS":0.613983789407,"PREMIUM_EXPENSE":null,"LOAN_DEPOSIT":null,"LOAN_EQUITY":null,"LOAN_ASSETS":null,"DEPOSIT_EQUITY":null,"DEPOSIT_ASSETS":null,"EQUITY_MULTIPLIER":4.601842594108,"EQUITY_RATIO":2.931705285426},{"SECUCODE":"00493.HK","SECURITY_CODE":"00493","SECURITY_NAME_ABBR":"国美零售","ORG_CODE":"10008927","STD_REPORT_DATE":"2021-06-30 00:00:00","REPORT_DATE":"2021-06-30 00:00:00","DATE_TYPE_CODE":"002","REPORT_TYPE":"2021年中报","PER_NETCASH_OPERATE":-0.089821827775,"PER_OI":1.092616888676,"BPS":0.140072161918,"BASIC_EPS":-0.091,"DILUTED_EPS":-0.091,"OPERATE_INCOME":26039905000,"OPERATE_INCOME_YOY":36.512998638,"GROSS_PROFIT":3131852000,"GROSS_PROFIT_YOY":82.869054431222,"HOLDER_PROFIT":-1974042000,"HOLDER_PROFIT_YOY":24.7268833703,"GROSS_PROFIT_RATIO":12.027125290972,"EPS_TTM":-0.266246699433,"OPERATE_INCOME_QOQ":15.786509579193,"NET_PROFIT_RATIO":-7.9448715347,"ROE_AVG":-33.963310082553,"GROSS_PROFIT_QOQ":31.189279849789,"ROA":-2.864944013741,"HOLDER_PROFIT_QOQ":9.271962545197,"ROE_YEARLY":-67.926620165106,"ROIC_YEARLY":-6.096265582514,"TOTAL_ASSETS":67312491000,"TOTAL_LIABILITIES":64349657000,"TAX_EBT":-2.450031247493,"OCF_SALES":-8.220798040546,"TOTAL_PARENT_EQUITY":6708207000,"DEBT_ASSET_RATIO":95.5983890122,"OPERATE_PROFIT":-1261106000,"PRETAX_PROFIT":-2019362000,"NETCASH_OPERATE":-2140688000,"NETCASH_INVEST":-671822000,"NETCASH_FINANCE":-703748000,"END_CASH":6078876000,"DIVI_RATIO":null,"DIVIDEND_RATE":null,"CURRENT_RATIO":0.672796264563,"COMMON_ACS":200000000000,"CURRENTDEBT_DEBT":77.987763011697,"ISSUED_COMMON_SHARES":47891079199,"HK_COMMON_SHARES":47891079199,"PER_SHARES":1000,"TOTAL_MARKET_CAP":1053603742.378,"HKSK_MARKET_CAP":1053603742.378,"PE_TTM":-0.086963195523,"PB_TTM":-0.105394890753,"REPORT_DATE_SQ":"2020-06-30 00:00:00","REPORT_TYPE_SQ":"2020年中报","OPERATE_INCOME_SQ":19075037000,"DPS_HKD":null,"OPERATE_INCOME_QOQ_SQ":-25.651527961171,"NET_PROFIT_RATIO_SQ":-14.4474005476,"HOLDER_PROFIT_SQ":-2622506000,"HOLDER_PROFIT_QOQ_SQ":-86.570178845992,"ROE_AVG_SQ":-25.525228430806,"PE_TTM_SQ":-0.117771945186,"PB_TTM_SQ":1.213308499936,"ROA_SQ":-3.608874403456,"START_DATE":"2021-01-01 00:00:00","FISCAL_YEAR":"12-31","CURRENCY":"HKD","IS_CNY_CODE":0,"DPS_HKD_LY":null,"ORG_TYPE":"一般企业","PREMIUM_INCOME":null,"PREMIUM_INCOME_YOY":null,"NET_INTEREST_INCOME":null,"NET_INTEREST_INCOME_YOY":null,"FEE_COMMISSION_INCOME":null,"FEE_COMMISSION_INCOME_YOY":null,"ACCOUNTS_RECE_TDAYS":54.551083169756,"INVENTORY_TDAYS":2.840912845143,"CURRENT_ASSETS_TDAYS":0.736388509362,"TOTAL_ASSETS_TDAYS":0.377919365181,"PREMIUM_EXPENSE":null,"LOAN_DEPOSIT":null,"LOAN_EQUITY":null,"LOAN_ASSETS":null,"DEPOSIT_EQUITY":null,"DEPOSIT_ASSETS":null,"EQUITY_MULTIPLIER":22.71895455486,"EQUITY_RATIO":9.592676105552},{"SECUCODE":"00493.HK","SECURITY_CODE":"00493","SECURITY_NAME_ABBR":"国美零售","ORG_CODE":"10008927","STD_REPORT_DATE":"2020-12-31 00:00:00","REPORT_DATE":"2020-12-31 00:00:00","DATE_TYPE_CODE":"001","REPORT_TYPE":"2020年年报","PER_NETCASH_OPERATE":0.085881501302,"PER_OI":2.047041046836,"BPS":0.102656884794,"BASIC_EPS":-0.348,"DILUTED_EPS":-0.348,"OPERATE_INCOME":44119113000,"OPERATE_INCOME_YOY":-25.8288228298,"GROSS_PROFIT":4550384000,"GROSS_PROFIT_YOY":-50.053674049025,"HOLDER_PROFIT":-6993816000,"HOLDER_PROFIT_YOY":-170.0496481231,"GROSS_PROFIT_RATIO":10.313861024359,"EPS_TTM":-0.324499461855,"OPERATE_INCOME_QOQ":-0.238464710558,"NET_PROFIT_RATIO":-16.3277239957,"ROE_AVG":-84.690002399452,"GROSS_PROFIT_QOQ":-21.902989730337,"ROA":-9.825110538562,"HOLDER_PROFIT_QOQ":-44.744272527067,"ROE_YEARLY":-84.690002399452,"ROIC_YEARLY":-10.623247256691,"TOTAL_ASSETS":70494181000,"TOTAL_LIABILITIES":69226535000,"TAX_EBT":-0.485293541216,"OCF_SALES":4.195397128678,"TOTAL_PARENT_EQUITY":4916349000,"DEBT_ASSET_RATIO":98.2017721434,"OPERATE_PROFIT":-5697180000,"PRETAX_PROFIT":-7168857000,"NETCASH_OPERATE":1850972000,"NETCASH_INVEST":-977910000,"NETCASH_FINANCE":592826000,"END_CASH":9597200000,"DIVI_RATIO":null,"DIVIDEND_RATE":null,"CURRENT_RATIO":0.698086728938,"COMMON_ACS":200000000000,"CURRENTDEBT_DEBT":76.478496287587,"ISSUED_COMMON_SHARES":47891079199,"HK_COMMON_SHARES":47891079199,"PER_SHARES":1000,"TOTAL_MARKET_CAP":1053603742.378,"HKSK_MARKET_CAP":1053603742.378,"PE_TTM":-0.086963195523,"PB_TTM":-0.105394890753,"REPORT_DATE_SQ":"2019-12-31 00:00:00","REPORT_TYPE_SQ":"2019年年报","OPERATE_INCOME_SQ":59482827000,"DPS_HKD":null,"OPERATE_INCOME_QOQ_SQ":-7.033689324138,"NET_PROFIT_RATIO_SQ":-4.9907715381,"HOLDER_PROFIT_SQ":-2589826000,"HOLDER_PROFIT_QOQ_SQ":46.158929975088,"ROE_AVG_SQ":-20.171892427052,"PE_TTM_SQ":-0.117771945186,"PB_TTM_SQ":1.213308499936,"ROA_SQ":-3.90581780033,"START_DATE":"2020-01-01 00:00:00","FISCAL_YEAR":"12-31","CURRENCY":"HKD","IS_CNY_CODE":0,"DPS_HKD_LY":null,"ORG_TYPE":"一般企业","PREMIUM_INCOME":null,"PREMIUM_INCOME_YOY":null,"NET_INTEREST_INCOME":null,"NET_INTEREST_INCOME_YOY":null,"FEE_COMMISSION_INCOME":null,"FEE_COMMISSION_INCOME_YOY":null,"ACCOUNTS_RECE_TDAYS":131.983693164651,"INVENTORY_TDAYS":4.928665826969,"CURRENT_ASSETS_TDAYS":1.255127038863,"TOTAL_ASSETS_TDAYS":0.619797778621,"PREMIUM_EXPENSE":null,"LOAN_DEPOSIT":null,"LOAN_EQUITY":null,"LOAN_ASSETS":null,"DEPOSIT_EQUITY":null,"DEPOSIT_ASSETS":null,"EQUITY_MULTIPLIER":55.610305241892,"EQUITY_RATIO":14.080882988575},{"SECUCODE":"00493.HK","SECURITY_CODE":"00493","SECURITY_NAME_ABBR":"国美零售","ORG_CODE":"10008927","STD_REPORT_DATE":"2020-06-30 00:00:00","REPORT_DATE":"2020-06-30 00:00:00","DATE_TYPE_CODE":"002","REPORT_TYPE":"2020年中报","PER_NETCASH_OPERATE":0.092497191874,"PER_OI":0.884839348347,"BPS":0.186849433123,"BASIC_EPS":-0.131,"DILUTED_EPS":-0.131,"OPERATE_INCOME":19075037000,"OPERATE_INCOME_YOY":-44.4415713017,"GROSS_PROFIT":1712620000,"GROSS_PROFIT_YOY":-65.724217060879,"HOLDER_PROFIT":-2622506000,"HOLDER_PROFIT_YOY":-589.2462068549,"GROSS_PROFIT_RATIO":8.978331208479,"EPS_TTM":-0.224136121541,"OPERATE_INCOME_QOQ":-25.651527961171,"NET_PROFIT_RATIO":-14.4474005476,"ROE_AVG":-25.525228430806,"GROSS_PROFIT_QOQ":-36.045790000777,"ROA":-3.608874403456,"HOLDER_PROFIT_QOQ":-86.570178845992,"ROE_YEARLY":-51.050456861611,"ROIC_YEARLY":-7.903618389525,"TOTAL_ASSETS":73464534000,"TOTAL_LIABILITIES":68088326000,"TAX_EBT":-1.518590242549,"OCF_SALES":10.453557704764,"TOTAL_PARENT_EQUITY":8948421000,"DEBT_ASSET_RATIO":92.6819000853,"OPERATE_PROFIT":-1998325000,"PRETAX_PROFIT":-2714623000,"NETCASH_OPERATE":1994020000,"NETCASH_INVEST":-329082000,"NETCASH_FINANCE":1675527000,"END_CASH":11436762000,"DIVI_RATIO":null,"DIVIDEND_RATE":null,"CURRENT_RATIO":0.75540128113,"COMMON_ACS":200000000000,"CURRENTDEBT_DEBT":71.676975873955,"ISSUED_COMMON_SHARES":47891079199,"HK_COMMON_SHARES":47891079199,"PER_SHARES":1000,"TOTAL_MARKET_CAP":1053603742.378,"HKSK_MARKET_CAP":1053603742.378,"PE_TTM":-0.086963195523,"PB_TTM":-0.105394890753,"REPORT_DATE_SQ":"2019-06-30 00:00:00","REPORT_TYPE_SQ":"2019年中报","OPERATE_INCOME_SQ":34333291000,"DPS_HKD":null,"OPERATE_INCOME_QOQ_SQ":-0.935910542706,"NET_PROFIT_RATIO_SQ":-1.8087430069,"HOLDER_PROFIT_SQ":-380489000,"HOLDER_PROFIT_QOQ_SQ":5.441208935621,"ROE_AVG_SQ":-2.733225002067,"PE_TTM_SQ":-0.117771945186,"PB_TTM_SQ":1.213308499936,"ROA_SQ":-0.547055132185,"START_DATE":"2020-01-01 00:00:00","FISCAL_YEAR":"12-31","CURRENCY":"HKD","IS_CNY_CODE":0,"DPS_HKD_LY":null,"ORG_TYPE":"一般企业","PREMIUM_INCOME":null,"PREMIUM_INCOME_YOY":null,"NET_INTEREST_INCOME":null,"NET_INTEREST_INCOME_YOY":null,"FEE_COMMISSION_INCOME":null,"FEE_COMMISSION_INCOME_YOY":null,"ACCOUNTS_RECE_TDAYS":35.778127274228,"INVENTORY_TDAYS":2.426333710835,"CURRENT_ASSETS_TDAYS":0.543375007433,"TOTAL_ASSETS_TDAYS":0.262494777035,"PREMIUM_EXPENSE":null,"LOAN_DEPOSIT":null,"LOAN_EQUITY":null,"LOAN_ASSETS":null,"DEPOSIT_EQUITY":null,"DEPOSIT_ASSETS":null,"EQUITY_MULTIPLIER":13.66474920616,"EQUITY_RATIO":7.608976600453}],"count":77},"success":true,"message":"ok","code":0}