{"version":"4943260086b0b2726c5dc531d98bb05d","result":{"pages":6,"data":[{"SECUCODE":"00497.HK","SECURITY_CODE":"00497","SECURITY_NAME_ABBR":"资本策略地产","ORG_CODE":"10008931","STD_REPORT_DATE":"2024-06-30 00:00:00","REPORT_DATE":"2024-09-30 00:00:00","DATE_TYPE_CODE":"002","REPORT_TYPE":"2024年中报","PER_NETCASH_OPERATE":0.008621054698,"PER_OI":0.014000487079,"BPS":1.257959293607,"BASIC_EPS":-0.088555778,"DILUTED_EPS":null,"OPERATE_INCOME":128941541.36,"OPERATE_INCOME_YOY":-55.8668201727,"GROSS_PROFIT":31972062.66,"GROSS_PROFIT_YOY":-81.849722844687,"HOLDER_PROFIT":-815310142.58,"HOLDER_PROFIT_YOY":-1670.1939943382,"GROSS_PROFIT_RATIO":24.795781346165,"EPS_TTM":-0.041893705103,"OPERATE_INCOME_QOQ":0,"NET_PROFIT_RATIO":-639.6813629497,"ROE_AVG":-6.802911197111,"GROSS_PROFIT_QOQ":0,"ROA":-3.638754098344,"HOLDER_PROFIT_QOQ":0,"ROE_YEARLY":-13.605822394222,"ROIC_YEARLY":-8.000576436673,"TOTAL_ASSETS":21151119225.05,"TOTAL_LIABILITIES":9572618984.49,"TAX_EBT":2.553874706615,"OCF_SALES":61.576819784032,"TOTAL_PARENT_EQUITY":11585540515.09,"DEBT_ASSET_RATIO":45.2582148615,"OPERATE_PROFIT":-12954213.35,"PRETAX_PROFIT":-846431817.27,"NETCASH_OPERATE":79398100.55,"NETCASH_INVEST":-142649651.15,"NETCASH_FINANCE":-430519054.95,"END_CASH":1776412674.46,"DIVI_RATIO":null,"DIVIDEND_RATE":null,"CURRENT_RATIO":1.544637899323,"COMMON_ACS":22500000000,"CURRENTDEBT_DEBT":47.248828111495,"ISSUED_COMMON_SHARES":9209789676,"HK_COMMON_SHARES":9209789676,"PER_SHARES":10000,"TOTAL_MARKET_CAP":782832122.46,"HKSK_MARKET_CAP":782832122.46,"PE_TTM":-0.564290364395,"PB_TTM":0.060933728452,"REPORT_DATE_SQ":"2023-06-30 00:00:00","REPORT_TYPE_SQ":"2023年中报","OPERATE_INCOME_SQ":297296520.29,"DPS_HKD":null,"OPERATE_INCOME_QOQ_SQ":0,"NET_PROFIT_RATIO_SQ":17.2814622989,"HOLDER_PROFIT_SQ":52836217.77,"HOLDER_PROFIT_QOQ_SQ":0,"ROE_AVG_SQ":0.403655876197,"PE_TTM_SQ":2.362668951496,"PB_TTM_SQ":0.055322239688,"ROA_SQ":0.206348908556,"START_DATE":"2024-04-01 00:00:00","FISCAL_YEAR":"3-31","CURRENCY":"HKD","IS_CNY_CODE":0,"DPS_HKD_LY":null,"ORG_TYPE":"一般企业","PREMIUM_INCOME":null,"PREMIUM_INCOME_YOY":null,"NET_INTEREST_INCOME":null,"NET_INTEREST_INCOME_YOY":null,"FEE_COMMISSION_INCOME":null,"FEE_COMMISSION_INCOME_YOY":null,"ACCOUNTS_RECE_TDAYS":0.607704257168,"INVENTORY_TDAYS":0.01933086932,"CURRENT_ASSETS_TDAYS":0.017495173147,"TOTAL_ASSETS_TDAYS":0.005754700421,"PREMIUM_EXPENSE":null,"LOAN_DEPOSIT":null,"LOAN_EQUITY":null,"LOAN_ASSETS":null,"DEPOSIT_EQUITY":null,"DEPOSIT_ASSETS":null,"EQUITY_MULTIPLIER":1.826758110774,"EQUITY_RATIO":0.826255708313},{"SECUCODE":"00497.HK","SECURITY_CODE":"00497","SECURITY_NAME_ABBR":"资本策略地产","ORG_CODE":"10008931","STD_REPORT_DATE":"2023-12-31 00:00:00","REPORT_DATE":"2024-03-31 00:00:00","DATE_TYPE_CODE":"001","REPORT_TYPE":"2023年年报","PER_NETCASH_OPERATE":0.110675155428,"PER_OI":0.155439175591,"BPS":1.35174367382,"BASIC_EPS":-0.041610645,"DILUTED_EPS":null,"OPERATE_INCOME":1431562114.6,"OPERATE_INCOME_YOY":96.3435164808,"GROSS_PROFIT":712632609.15,"GROSS_PROFIT_YOY":101.53538245759,"HOLDER_PROFIT":-385832212.75,"HOLDER_PROFIT_YOY":-226.7987272608,"GROSS_PROFIT_RATIO":49.780069050592,"EPS_TTM":0.031563794247,"OPERATE_INCOME_QOQ":0,"NET_PROFIT_RATIO":-28.8735837156,"ROE_AVG":-3.029553782792,"GROSS_PROFIT_QOQ":0,"ROA":-1.576173163549,"HOLDER_PROFIT_QOQ":0,"ROE_YEARLY":-3.029553782792,"ROIC_YEARLY":-1.76307361098,"TOTAL_ASSETS":23786374379.4,"TOTAL_LIABILITIES":11333896606.5,"TAX_EBT":8.335511264259,"OCF_SALES":71.201584161425,"TOTAL_PARENT_EQUITY":12449274931.75,"DEBT_ASSET_RATIO":47.6486934315,"OPERATE_PROFIT":152475364.15,"PRETAX_PROFIT":-450930661.7,"NETCASH_OPERATE":1019294903.85,"NETCASH_INVEST":-456824143.25,"NETCASH_FINANCE":-1130348185.4,"END_CASH":2284975592.9,"DIVI_RATIO":null,"DIVIDEND_RATE":null,"CURRENT_RATIO":1.419086710287,"COMMON_ACS":22500000000,"CURRENTDEBT_DEBT":48.464034016332,"ISSUED_COMMON_SHARES":9209789676,"HK_COMMON_SHARES":9209789676,"PER_SHARES":10000,"TOTAL_MARKET_CAP":727573384.404,"HKSK_MARKET_CAP":727573384.404,"PE_TTM":-0.524458103379,"PB_TTM":0.05663252409,"REPORT_DATE_SQ":"2022-12-31 00:00:00","REPORT_TYPE_SQ":"2022年年报","OPERATE_INCOME_SQ":704066000.7,"DPS_HKD":null,"OPERATE_INCOME_QOQ_SQ":0,"NET_PROFIT_RATIO_SQ":45.3952031034,"HOLDER_PROFIT_SQ":293834868.14,"HOLDER_PROFIT_QOQ_SQ":0,"ROE_AVG_SQ":2.325129921537,"PE_TTM_SQ":2.307076740873,"PB_TTM_SQ":0.054020539931,"ROA_SQ":1.182719450292,"START_DATE":"2023-04-01 00:00:00","FISCAL_YEAR":"3-31","CURRENCY":"HKD","IS_CNY_CODE":0,"DPS_HKD_LY":0.0042,"ORG_TYPE":"一般企业","PREMIUM_INCOME":null,"PREMIUM_INCOME_YOY":null,"NET_INTEREST_INCOME":null,"NET_INTEREST_INCOME_YOY":null,"FEE_COMMISSION_INCOME":null,"FEE_COMMISSION_INCOME_YOY":null,"ACCOUNTS_RECE_TDAYS":5.637129837701,"INVENTORY_TDAYS":0.132340069551,"CURRENT_ASSETS_TDAYS":0.169039063814,"TOTAL_ASSETS_TDAYS":0.058481114651,"PREMIUM_EXPENSE":null,"LOAN_DEPOSIT":null,"LOAN_EQUITY":null,"LOAN_ASSETS":null,"DEPOSIT_EQUITY":null,"DEPOSIT_ASSETS":null,"EQUITY_MULTIPLIER":1.910172000562,"EQUITY_RATIO":0.910406161695},{"SECUCODE":"00497.HK","SECURITY_CODE":"00497","SECURITY_NAME_ABBR":"资本策略地产","ORG_CODE":"10008931","STD_REPORT_DATE":"2023-06-30 00:00:00","REPORT_DATE":"2023-09-30 00:00:00","DATE_TYPE_CODE":"002","REPORT_TYPE":"2023年中报","PER_NETCASH_OPERATE":0.10230780451,"PER_OI":0.032248450553,"BPS":1.411295757838,"BASIC_EPS":0.005689306,"DILUTED_EPS":null,"OPERATE_INCOME":297296520.29,"OPERATE_INCOME_YOY":40.4152869996,"GROSS_PROFIT":176151925.32,"GROSS_PROFIT_YOY":56.417723215326,"HOLDER_PROFIT":52836217.77,"HOLDER_PROFIT_YOY":-6.4820529479,"GROSS_PROFIT_RATIO":59.251257010399,"EPS_TTM":0.031362659842,"OPERATE_INCOME_QOQ":0,"NET_PROFIT_RATIO":17.2814622989,"ROE_AVG":0.403655876197,"GROSS_PROFIT_QOQ":0,"ROA":0.206348908556,"HOLDER_PROFIT_QOQ":0,"ROE_YEARLY":0.807311752395,"ROIC_YEARLY":0.466200956911,"TOTAL_ASSETS":25731183913.82,"TOTAL_LIABILITIES":12703081519.17,"TAX_EBT":-7.240131011895,"OCF_SALES":317.248744532892,"TOTAL_PARENT_EQUITY":12997737100.32,"DEBT_ASSET_RATIO":49.368430002,"OPERATE_PROFIT":132646169.39,"PRETAX_PROFIT":47908544.67,"NETCASH_OPERATE":943169478.16,"NETCASH_INVEST":-489718025.51,"NETCASH_FINANCE":-498051023.54,"END_CASH":2868899537.49,"DIVI_RATIO":null,"DIVIDEND_RATE":null,"CURRENT_RATIO":1.754022114439,"COMMON_ACS":22500000000,"CURRENTDEBT_DEBT":41.189251828259,"ISSUED_COMMON_SHARES":9209789676,"HK_COMMON_SHARES":9209789676,"PER_SHARES":10000,"TOTAL_MARKET_CAP":727573384.404,"HKSK_MARKET_CAP":727573384.404,"PE_TTM":-0.524458103379,"PB_TTM":0.05663252409,"REPORT_DATE_SQ":"2022-06-30 00:00:00","REPORT_TYPE_SQ":"2022年中报","OPERATE_INCOME_SQ":208683250.08,"DPS_HKD":null,"OPERATE_INCOME_QOQ_SQ":0,"NET_PROFIT_RATIO_SQ":40.3372744136,"HOLDER_PROFIT_SQ":55686370.8,"HOLDER_PROFIT_QOQ_SQ":0,"ROE_AVG_SQ":0.432902259149,"PE_TTM_SQ":2.307076740873,"PB_TTM_SQ":0.054020539931,"ROA_SQ":0.217015567862,"START_DATE":"2023-04-01 00:00:00","FISCAL_YEAR":"3-31","CURRENCY":"HKD","IS_CNY_CODE":0,"DPS_HKD_LY":0.0042,"ORG_TYPE":"一般企业","PREMIUM_INCOME":null,"PREMIUM_INCOME_YOY":null,"NET_INTEREST_INCOME":null,"NET_INTEREST_INCOME_YOY":null,"FEE_COMMISSION_INCOME":null,"FEE_COMMISSION_INCOME_YOY":null,"ACCOUNTS_RECE_TDAYS":1.280104784445,"INVENTORY_TDAYS":0.02076329025,"CURRENT_ASSETS_TDAYS":0.032258525422,"TOTAL_ASSETS_TDAYS":0.011610750176,"PREMIUM_EXPENSE":null,"LOAN_DEPOSIT":null,"LOAN_EQUITY":null,"LOAN_ASSETS":null,"DEPOSIT_EQUITY":null,"DEPOSIT_ASSETS":null,"EQUITY_MULTIPLIER":1.975052324152,"EQUITY_RATIO":0.977330239958},{"SECUCODE":"00497.HK","SECURITY_CODE":"00497","SECURITY_NAME_ABBR":"资本策略地产","ORG_CODE":"10008931","STD_REPORT_DATE":"2022-12-31 00:00:00","REPORT_DATE":"2023-03-31 00:00:00","DATE_TYPE_CODE":"001","REPORT_TYPE":"2022年年报","PER_NETCASH_OPERATE":0.052007014307,"PER_OI":0.075148952288,"BPS":1.365356354716,"BASIC_EPS":0.031339678,"DILUTED_EPS":null,"OPERATE_INCOME":704066000.7,"OPERATE_INCOME_YOY":91.2824464518,"GROSS_PROFIT":353601735.07,"GROSS_PROFIT_YOY":1291.55398794567,"HOLDER_PROFIT":293834868.14,"HOLDER_PROFIT_YOY":-70.9687072947,"GROSS_PROFIT_RATIO":50.222810747635,"EPS_TTM":0.094601424013,"OPERATE_INCOME_QOQ":0,"NET_PROFIT_RATIO":45.3952031034,"ROE_AVG":2.325129921537,"GROSS_PROFIT_QOQ":0,"ROA":1.182719450292,"HOLDER_PROFIT_QOQ":0,"ROE_YEARLY":2.325129921537,"ROIC_YEARLY":1.376093548812,"TOTAL_ASSETS":24307076142.05,"TOTAL_LIABILITIES":11701371735.53,"TAX_EBT":4.779788590788,"OCF_SALES":69.205242020714,"TOTAL_PARENT_EQUITY":12574644859.72,"DEBT_ASSET_RATIO":48.1397748834,"OPERATE_PROFIT":602965775.21,"PRETAX_PROFIT":335655830.07,"NETCASH_OPERATE":487791583.15,"NETCASH_INVEST":415397802.38,"NETCASH_FINANCE":-1173502862.38,"END_CASH":2754857492.94,"DIVI_RATIO":null,"DIVIDEND_RATE":null,"CURRENT_RATIO":2.437813707619,"COMMON_ACS":22500000000,"CURRENTDEBT_DEBT":30.950068352529,"ISSUED_COMMON_SHARES":9209789676,"HK_COMMON_SHARES":9209789676,"PER_SHARES":10000,"TOTAL_MARKET_CAP":727573384.404,"HKSK_MARKET_CAP":727573384.404,"PE_TTM":-0.524458103379,"PB_TTM":0.05663252409,"REPORT_DATE_SQ":"2021-12-31 00:00:00","REPORT_TYPE_SQ":"2021年年报","OPERATE_INCOME_SQ":340998886.62,"DPS_HKD":null,"OPERATE_INCOME_QOQ_SQ":0,"NET_PROFIT_RATIO_SQ":294.4518172867,"HOLDER_PROFIT_SQ":937673541.8,"HOLDER_PROFIT_QOQ_SQ":0,"ROE_AVG_SQ":8.316208399358,"PE_TTM_SQ":2.307076740873,"PB_TTM_SQ":0.054020539931,"ROA_SQ":4.011926962165,"START_DATE":"2022-04-01 00:00:00","FISCAL_YEAR":"3-31","CURRENCY":"HKD","IS_CNY_CODE":0,"DPS_HKD_LY":0.0042,"ORG_TYPE":"一般企业","PREMIUM_INCOME":null,"PREMIUM_INCOME_YOY":null,"NET_INTEREST_INCOME":null,"NET_INTEREST_INCOME_YOY":null,"FEE_COMMISSION_INCOME":null,"FEE_COMMISSION_INCOME_YOY":null,"ACCOUNTS_RECE_TDAYS":4.457999950114,"INVENTORY_TDAYS":0.058497692782,"CURRENT_ASSETS_TDAYS":0.074548721488,"TOTAL_ASSETS_TDAYS":0.028339473752,"PREMIUM_EXPENSE":null,"LOAN_DEPOSIT":null,"LOAN_EQUITY":null,"LOAN_ASSETS":null,"DEPOSIT_EQUITY":null,"DEPOSIT_ASSETS":null,"EQUITY_MULTIPLIER":1.928260044671,"EQUITY_RATIO":0.930552859828},{"SECUCODE":"00497.HK","SECURITY_CODE":"00497","SECURITY_NAME_ABBR":"资本策略地产","ORG_CODE":"10008931","STD_REPORT_DATE":"2022-06-30 00:00:00","REPORT_DATE":"2022-09-30 00:00:00","DATE_TYPE_CODE":"002","REPORT_TYPE":"2022年中报","PER_NETCASH_OPERATE":0.003687964969,"PER_OI":0.022273945323,"BPS":1.36873700347,"BASIC_EPS":0.005969304,"DILUTED_EPS":null,"OPERATE_INCOME":208683250.08,"OPERATE_INCOME_YOY":131.5075502935,"GROSS_PROFIT":112616346.6,"GROSS_PROFIT_YOY":157.077030061144,"HOLDER_PROFIT":55686370.8,"HOLDER_PROFIT_YOY":-52.0841115677,"GROSS_PROFIT_RATIO":53.96520638663,"EPS_TTM":0.100053413214,"OPERATE_INCOME_QOQ":0,"NET_PROFIT_RATIO":40.3372744136,"ROE_AVG":0.432902259149,"GROSS_PROFIT_QOQ":0,"ROA":0.217015567862,"HOLDER_PROFIT_QOQ":0,"ROE_YEARLY":0.865804518299,"ROIC_YEARLY":0.499516962554,"TOTAL_ASSETS":25097557898.76,"TOTAL_LIABILITIES":12457106267.64,"TAX_EBT":18.501037662326,"OCF_SALES":16.557304578472,"TOTAL_PARENT_EQUITY":12605779923.72,"DEBT_ASSET_RATIO":49.6347346538,"OPERATE_PROFIT":137083257.48,"PRETAX_PROFIT":103286143.56,"NETCASH_OPERATE":34552321.32,"NETCASH_INVEST":-137000049,"NETCASH_FINANCE":-679971558.6,"END_CASH":2358320968.92,"DIVI_RATIO":null,"DIVIDEND_RATE":null,"CURRENT_RATIO":2.247585569648,"COMMON_ACS":22500000000,"CURRENTDEBT_DEBT":33.119450623276,"ISSUED_COMMON_SHARES":9209789676,"HK_COMMON_SHARES":9209789676,"PER_SHARES":10000,"TOTAL_MARKET_CAP":727573384.404,"HKSK_MARKET_CAP":727573384.404,"PE_TTM":-0.524458103379,"PB_TTM":0.05663252409,"REPORT_DATE_SQ":"2021-06-30 00:00:00","REPORT_TYPE_SQ":"2021年中报","OPERATE_INCOME_SQ":83026924.9,"DPS_HKD":null,"OPERATE_INCOME_QOQ_SQ":0,"NET_PROFIT_RATIO_SQ":172.534992224,"HOLDER_PROFIT_SQ":107044877.76,"HOLDER_PROFIT_QOQ_SQ":0,"ROE_AVG_SQ":0.963731299749,"PE_TTM_SQ":2.307076740873,"PB_TTM_SQ":0.054020539931,"ROA_SQ":0.453248037745,"START_DATE":"2022-04-01 00:00:00","FISCAL_YEAR":"3-31","CURRENCY":"HKD","IS_CNY_CODE":0,"DPS_HKD_LY":0.0042,"ORG_TYPE":"一般企业","PREMIUM_INCOME":null,"PREMIUM_INCOME_YOY":null,"NET_INTEREST_INCOME":null,"NET_INTEREST_INCOME_YOY":null,"FEE_COMMISSION_INCOME":null,"FEE_COMMISSION_INCOME_YOY":null,"ACCOUNTS_RECE_TDAYS":2.825036119206,"INVENTORY_TDAYS":0.014563321112,"CURRENT_ASSETS_TDAYS":0.021222172411,"TOTAL_ASSETS_TDAYS":0.008132602892,"PREMIUM_EXPENSE":null,"LOAN_DEPOSIT":null,"LOAN_EQUITY":null,"LOAN_ASSETS":null,"DEPOSIT_EQUITY":null,"DEPOSIT_ASSETS":null,"EQUITY_MULTIPLIER":1.985495347093,"EQUITY_RATIO":0.988205913717},{"SECUCODE":"00497.HK","SECURITY_CODE":"00497","SECURITY_NAME_ABBR":"资本策略地产","ORG_CODE":"10008931","STD_REPORT_DATE":"2021-12-31 00:00:00","REPORT_DATE":"2022-03-31 00:00:00","DATE_TYPE_CODE":"001","REPORT_TYPE":"2021年年报","PER_NETCASH_OPERATE":0.001198030975,"PER_OI":0.036385907235,"BPS":1.277529044255,"BASIC_EPS":0.099429826,"DILUTED_EPS":null,"OPERATE_INCOME":340998886.62,"OPERATE_INCOME_YOY":14.0353446592,"GROSS_PROFIT":25410565.32,"GROSS_PROFIT_YOY":-87.274929106527,"HOLDER_PROFIT":937673541.8,"HOLDER_PROFIT_YOY":249.5007693261,"GROSS_PROFIT_RATIO":7.451803016682,"EPS_TTM":0.01527412025,"OPERATE_INCOME_QOQ":0,"NET_PROFIT_RATIO":294.4518172867,"ROE_AVG":8.316208399358,"GROSS_PROFIT_QOQ":0,"ROA":4.011926962165,"HOLDER_PROFIT_QOQ":0,"ROE_YEARLY":8.316208399358,"ROIC_YEARLY":4.644747500959,"TOTAL_ASSETS":23513770265.94,"TOTAL_LIABILITIES":10694282799.76,"TAX_EBT":7.272269715703,"OCF_SALES":3.292568650675,"TOTAL_PARENT_EQUITY":11765773802.57,"DEBT_ASSET_RATIO":45.4809359741,"OPERATE_PROFIT":1258992459.76,"PRETAX_PROFIT":1082823245.54,"NETCASH_OPERATE":11227622.44,"NETCASH_INVEST":980328612.75,"NETCASH_FINANCE":624616382.71,"END_CASH":2802622666.19,"DIVI_RATIO":null,"DIVIDEND_RATE":null,"CURRENT_RATIO":2.858427797465,"COMMON_ACS":22500000000,"CURRENTDEBT_DEBT":30.488354040564,"ISSUED_COMMON_SHARES":9209789676,"HK_COMMON_SHARES":9209789676,"PER_SHARES":10000,"TOTAL_MARKET_CAP":727573384.404,"HKSK_MARKET_CAP":727573384.404,"PE_TTM":-0.524458103379,"PB_TTM":0.05663252409,"REPORT_DATE_SQ":"2020-12-31 00:00:00","REPORT_TYPE_SQ":"2020年年报","OPERATE_INCOME_SQ":311628008.16,"DPS_HKD":null,"OPERATE_INCOME_QOQ_SQ":0,"NET_PROFIT_RATIO_SQ":113.5045780989,"HOLDER_PROFIT_SQ":279593150.62,"HOLDER_PROFIT_QOQ_SQ":0,"ROE_AVG_SQ":2.526994005084,"PE_TTM_SQ":2.307076740873,"PB_TTM_SQ":0.054020539931,"ROA_SQ":1.186620840961,"START_DATE":"2021-04-01 00:00:00","FISCAL_YEAR":"3-31","CURRENCY":"HKD","IS_CNY_CODE":0,"DPS_HKD_LY":0.0042,"ORG_TYPE":"一般企业","PREMIUM_INCOME":null,"PREMIUM_INCOME_YOY":null,"NET_INTEREST_INCOME":null,"NET_INTEREST_INCOME_YOY":null,"FEE_COMMISSION_INCOME":null,"FEE_COMMISSION_INCOME_YOY":null,"ACCOUNTS_RECE_TDAYS":2.527095861018,"INVENTORY_TDAYS":0.039952026357,"CURRENT_ASSETS_TDAYS":0.031100353008,"TOTAL_ASSETS_TDAYS":0.014589967257,"PREMIUM_EXPENSE":null,"LOAN_DEPOSIT":null,"LOAN_EQUITY":null,"LOAN_ASSETS":null,"DEPOSIT_EQUITY":null,"DEPOSIT_ASSETS":null,"EQUITY_MULTIPLIER":1.834220777387,"EQUITY_RATIO":0.908931531339},{"SECUCODE":"00497.HK","SECURITY_CODE":"00497","SECURITY_NAME_ABBR":"资本策略地产","ORG_CODE":"10008931","STD_REPORT_DATE":"2021-06-30 00:00:00","REPORT_DATE":"2021-09-30 00:00:00","DATE_TYPE_CODE":"002","REPORT_TYPE":"2021年中报","PER_NETCASH_OPERATE":-0.031602786698,"PER_OI":0.008827017623,"BPS":1.209226505908,"BASIC_EPS":0.011329616,"DILUTED_EPS":null,"OPERATE_INCOME":83026924.9,"OPERATE_INCOME_YOY":-59.5797576367,"GROSS_PROFIT":43806460.1,"GROSS_PROFIT_YOY":-40.046443692575,"HOLDER_PROFIT":107044877.76,"HOLDER_PROFIT_YOY":-53.5375814926,"GROSS_PROFIT_RATIO":52.76175186876,"EPS_TTM":0.02946584578,"OPERATE_INCOME_QOQ":0,"NET_PROFIT_RATIO":172.534992224,"ROE_AVG":0.963731299749,"GROSS_PROFIT_QOQ":0,"ROA":0.453248037745,"HOLDER_PROFIT_QOQ":0,"ROE_YEARLY":1.927462599499,"ROIC_YEARLY":1.045804765002,"TOTAL_ASSETS":23372442156.98,"TOTAL_LIABILITIES":11100996011.96,"TAX_EBT":-3.924744504814,"OCF_SALES":-358.023378317363,"TOTAL_PARENT_EQUITY":11136721790.06,"DEBT_ASSET_RATIO":47.4960893577,"OPERATE_PROFIT":451657641.02,"PRETAX_PROFIT":137840606.78,"NETCASH_OPERATE":-297255801.44,"NETCASH_INVEST":894941362.92,"NETCASH_FINANCE":738582665.4,"END_CASH":2533758654.48,"DIVI_RATIO":null,"DIVIDEND_RATE":null,"CURRENT_RATIO":5.018868752616,"COMMON_ACS":22500000000,"CURRENTDEBT_DEBT":22.228249066494,"ISSUED_COMMON_SHARES":9209789676,"HK_COMMON_SHARES":9209789676,"PER_SHARES":10000,"TOTAL_MARKET_CAP":727573384.404,"HKSK_MARKET_CAP":727573384.404,"PE_TTM":-0.524458103379,"PB_TTM":0.05663252409,"REPORT_DATE_SQ":"2020-06-30 00:00:00","REPORT_TYPE_SQ":"2020年中报","OPERATE_INCOME_SQ":216667747.84,"DPS_HKD":null,"OPERATE_INCOME_QOQ_SQ":0,"NET_PROFIT_RATIO_SQ":128.9392145094,"HOLDER_PROFIT_SQ":243017924.48,"HOLDER_PROFIT_QOQ_SQ":0,"ROE_AVG_SQ":2.123436315299,"PE_TTM_SQ":2.307076740873,"PB_TTM_SQ":0.054020539931,"ROA_SQ":1.009741377886,"START_DATE":"2021-04-01 00:00:00","FISCAL_YEAR":"3-31","CURRENCY":"HKD","IS_CNY_CODE":0,"DPS_HKD_LY":0.0042,"ORG_TYPE":"一般企业","PREMIUM_INCOME":null,"PREMIUM_INCOME_YOY":null,"NET_INTEREST_INCOME":null,"NET_INTEREST_INCOME_YOY":null,"FEE_COMMISSION_INCOME":null,"FEE_COMMISSION_INCOME_YOY":null,"ACCOUNTS_RECE_TDAYS":0.411163481472,"INVENTORY_TDAYS":0.004333557252,"CURRENT_ASSETS_TDAYS":0.006554023909,"TOTAL_ASSETS_TDAYS":0.003515515322,"PREMIUM_EXPENSE":null,"LOAN_DEPOSIT":null,"LOAN_EQUITY":null,"LOAN_ASSETS":null,"DEPOSIT_EQUITY":null,"DEPOSIT_ASSETS":null,"EQUITY_MULTIPLIER":1.904620032616,"EQUITY_RATIO":0.996792074115},{"SECUCODE":"00497.HK","SECURITY_CODE":"00497","SECURITY_NAME_ABBR":"资本策略地产","ORG_CODE":"10008931","STD_REPORT_DATE":"2020-12-31 00:00:00","REPORT_DATE":"2021-03-31 00:00:00","DATE_TYPE_CODE":"001","REPORT_TYPE":"2020年年报","PER_NETCASH_OPERATE":0.040843510455,"PER_OI":0.032752338363,"BPS":1.220345095049,"BASIC_EPS":0.028989674,"DILUTED_EPS":null,"OPERATE_INCOME":311628008.16,"OPERATE_INCOME_YOY":-90.0615532907,"GROSS_PROFIT":199688988.24,"GROSS_PROFIT_YOY":-85.405063095962,"HOLDER_PROFIT":279593150.62,"HOLDER_PROFIT_YOY":-71.3744642593,"GROSS_PROFIT_RATIO":64.079281390353,"EPS_TTM":-0.003140074568,"OPERATE_INCOME_QOQ":0,"NET_PROFIT_RATIO":113.5045780989,"ROE_AVG":2.526994005084,"GROSS_PROFIT_QOQ":0,"ROA":1.186620840961,"HOLDER_PROFIT_QOQ":0,"ROE_YEARLY":2.526994005084,"ROIC_YEARLY":1.366092676956,"TOTAL_ASSETS":24209291125.46,"TOTAL_LIABILITIES":11640429179.96,"TAX_EBT":5.845390303878,"OCF_SALES":124.704105101,"TOTAL_PARENT_EQUITY":11239121657.54,"DEBT_ASSET_RATIO":48.0824866769,"OPERATE_PROFIT":399911285.06,"PRETAX_PROFIT":375671522.66,"NETCASH_OPERATE":388612918.82,"NETCASH_INVEST":-1642980899.56,"NETCASH_FINANCE":235200916.3,"END_CASH":1236438332.22,"DIVI_RATIO":null,"DIVIDEND_RATE":null,"CURRENT_RATIO":2.934385505117,"COMMON_ACS":22500000000,"CURRENTDEBT_DEBT":38.469599546117,"ISSUED_COMMON_SHARES":9209789676,"HK_COMMON_SHARES":9209789676,"PER_SHARES":10000,"TOTAL_MARKET_CAP":727573384.404,"HKSK_MARKET_CAP":727573384.404,"PE_TTM":-0.524458103379,"PB_TTM":0.05663252409,"REPORT_DATE_SQ":"2019-12-31 00:00:00","REPORT_TYPE_SQ":"2019年年报","OPERATE_INCOME_SQ":3389786797.2,"DPS_HKD":null,"OPERATE_INCOME_QOQ_SQ":0,"NET_PROFIT_RATIO_SQ":33.5240633582,"HOLDER_PROFIT_SQ":1055911009.1,"HOLDER_PROFIT_QOQ_SQ":0,"ROE_AVG_SQ":9.27438279016,"PE_TTM_SQ":2.307076740873,"PB_TTM_SQ":0.054020539931,"ROA_SQ":4.324907070445,"START_DATE":"2020-04-01 00:00:00","FISCAL_YEAR":"3-31","CURRENCY":"HKD","IS_CNY_CODE":0,"DPS_HKD_LY":0.005,"ORG_TYPE":"一般企业","PREMIUM_INCOME":null,"PREMIUM_INCOME_YOY":null,"NET_INTEREST_INCOME":null,"NET_INTEREST_INCOME_YOY":null,"FEE_COMMISSION_INCOME":null,"FEE_COMMISSION_INCOME_YOY":null,"ACCOUNTS_RECE_TDAYS":1.430771648593,"INVENTORY_TDAYS":0.0111853055,"CURRENT_ASSETS_TDAYS":0.022879894886,"TOTAL_ASSETS_TDAYS":0.013225799283,"PREMIUM_EXPENSE":null,"LOAN_DEPOSIT":null,"LOAN_EQUITY":null,"LOAN_ASSETS":null,"DEPOSIT_EQUITY":null,"DEPOSIT_ASSETS":null,"EQUITY_MULTIPLIER":1.926132312572,"EQUITY_RATIO":1.035706306476},{"SECUCODE":"00497.HK","SECURITY_CODE":"00497","SECURITY_NAME_ABBR":"资本策略地产","ORG_CODE":"10008931","STD_REPORT_DATE":"2020-06-30 00:00:00","REPORT_DATE":"2020-09-30 00:00:00","DATE_TYPE_CODE":"002","REPORT_TYPE":"2020年中报","PER_NETCASH_OPERATE":0.012981542108,"PER_OI":0.022536363642,"BPS":1.256010179697,"BASIC_EPS":0.02504352,"DILUTED_EPS":null,"OPERATE_INCOME":216667747.84,"OPERATE_INCOME_YOY":-90.9422223757,"GROSS_PROFIT":73067325.44,"GROSS_PROFIT_YOY":-94.157784453199,"HOLDER_PROFIT":243017924.48,"HOLDER_PROFIT_YOY":-81.2312394851,"GROSS_PROFIT_RATIO":33.723212692439,"EPS_TTM":0.10777208815,"OPERATE_INCOME_QOQ":0,"NET_PROFIT_RATIO":128.9392145094,"ROE_AVG":2.123436315299,"GROSS_PROFIT_QOQ":0,"ROA":1.009741377886,"HOLDER_PROFIT_QOQ":0,"ROE_YEARLY":4.246872630599,"ROIC_YEARLY":2.374464319436,"TOTAL_ASSETS":24310362604.16,"TOTAL_LIABILITIES":11361562258.56,"TAX_EBT":1.535526470643,"OCF_SALES":57.602647502555,"TOTAL_PARENT_EQUITY":11567589585.92,"DEBT_ASSET_RATIO":46.7354701514,"OPERATE_PROFIT":156833945.6,"PRETAX_PROFIT":283726385.92,"NETCASH_OPERATE":124806359.04,"NETCASH_INVEST":-360194357.76,"NETCASH_FINANCE":-87630352,"END_CASH":2022098161.92,"DIVI_RATIO":null,"DIVIDEND_RATE":null,"CURRENT_RATIO":2.680817553263,"COMMON_ACS":22500000000,"CURRENTDEBT_DEBT":46.459001708705,"ISSUED_COMMON_SHARES":9209789676,"HK_COMMON_SHARES":9209789676,"PER_SHARES":10000,"TOTAL_MARKET_CAP":727573384.404,"HKSK_MARKET_CAP":727573384.404,"PE_TTM":-0.524458103379,"PB_TTM":0.05663252409,"REPORT_DATE_SQ":"2019-06-30 00:00:00","REPORT_TYPE_SQ":"2019年中报","OPERATE_INCOME_SQ":2455463348.13,"DPS_HKD":null,"OPERATE_INCOME_QOQ_SQ":0,"NET_PROFIT_RATIO_SQ":55.7539031663,"HOLDER_PROFIT_SQ":1329118049.07,"HOLDER_PROFIT_QOQ_SQ":0,"ROE_AVG_SQ":11.663374987914,"PE_TTM_SQ":2.307076740873,"PB_TTM_SQ":0.054020539931,"ROA_SQ":5.493185118322,"START_DATE":"2020-04-01 00:00:00","FISCAL_YEAR":"3-31","CURRENCY":"HKD","IS_CNY_CODE":0,"DPS_HKD_LY":0.005,"ORG_TYPE":"一般企业","PREMIUM_INCOME":null,"PREMIUM_INCOME_YOY":null,"NET_INTEREST_INCOME":null,"NET_INTEREST_INCOME_YOY":null,"FEE_COMMISSION_INCOME":null,"FEE_COMMISSION_INCOME_YOY":null,"ACCOUNTS_RECE_TDAYS":1.203115965542,"INVENTORY_TDAYS":0.014208698233,"CURRENT_ASSETS_TDAYS":0.015041025609,"TOTAL_ASSETS_TDAYS":0.009002561878,"PREMIUM_EXPENSE":null,"LOAN_DEPOSIT":null,"LOAN_EQUITY":null,"LOAN_ASSETS":null,"DEPOSIT_EQUITY":null,"DEPOSIT_ASSETS":null,"EQUITY_MULTIPLIER":1.877421997045,"EQUITY_RATIO":0.982189260275}],"count":48},"success":true,"message":"ok","code":0}