{"version":"7f255b6a32888d9e76e3c1ac23e045fb","result":{"pages":6,"data":[{"SECUCODE":"00499.HK","SECURITY_CODE":"00499","SECURITY_NAME_ABBR":"青岛控股","ORG_CODE":"10008933","STD_REPORT_DATE":"2024-06-30 00:00:00","REPORT_DATE":"2024-06-30 00:00:00","DATE_TYPE_CODE":"002","REPORT_TYPE":"2024年中报","PER_NETCASH_OPERATE":0.200742401988,"PER_OI":0.012266745565,"BPS":0.279951989746,"BASIC_EPS":-0.0144,"DILUTED_EPS":-0.0144,"OPERATE_INCOME":12249000,"OPERATE_INCOME_YOY":16.9355608592,"GROSS_PROFIT":7907000,"GROSS_PROFIT_YOY":26.816359262229,"HOLDER_PROFIT":-14398000,"HOLDER_PROFIT_YOY":61.8848444739,"GROSS_PROFIT_RATIO":64.552208343538,"EPS_TTM":-0.023981692876,"OPERATE_INCOME_QOQ":4.19335775913,"NET_PROFIT_RATIO":-148.3141480937,"ROE_AVG":-5.025313296767,"GROSS_PROFIT_QOQ":8.403276875911,"ROA":-1.036335813687,"HOLDER_PROFIT_QOQ":49.397768574085,"ROE_YEARLY":-10.050626593534,"ROIC_YEARLY":-2.671518124779,"TOTAL_ASSETS":1531638000,"TOTAL_LIABILITIES":1196022000,"TAX_EBT":-0.547930042063,"OCF_SALES":1636.4764470569,"TOTAL_PARENT_EQUITY":279547000,"DEBT_ASSET_RATIO":78.0877726982,"OPERATE_PROFIT":-3047000,"PRETAX_PROFIT":-18068000,"NETCASH_OPERATE":200452000,"NETCASH_INVEST":144000,"NETCASH_FINANCE":-1698000,"END_CASH":350684000,"DIVI_RATIO":null,"DIVIDEND_RATE":null,"CURRENT_RATIO":0.854241142195,"COMMON_ACS":20000000000,"CURRENTDEBT_DEBT":99.425345018737,"ISSUED_COMMON_SHARES":998553360,"HK_COMMON_SHARES":998553360,"PER_SHARES":2000,"TOTAL_MARKET_CAP":114833636.4,"HKSK_MARKET_CAP":114833636.4,"PE_TTM":-4.249127295104,"PB_TTM":0.374914999158,"REPORT_DATE_SQ":"2023-06-30 00:00:00","REPORT_TYPE_SQ":"2023年中报","OPERATE_INCOME_SQ":10475000,"DPS_HKD":null,"OPERATE_INCOME_QOQ_SQ":-17.512058090846,"NET_PROFIT_RATIO_SQ":-413.4510739857,"HOLDER_PROFIT_SQ":-37775000,"HOLDER_PROFIT_QOQ_SQ":-64.370150005509,"ROE_AVG_SQ":-11.695589578463,"PE_TTM_SQ":-0.871370006285,"PB_TTM_SQ":0.3021700184,"ROA_SQ":-3.362004938654,"START_DATE":"2024-01-01 00:00:00","FISCAL_YEAR":"12-31","CURRENCY":"HKD","IS_CNY_CODE":0,"DPS_HKD_LY":null,"ORG_TYPE":"一般企业","PREMIUM_INCOME":null,"PREMIUM_INCOME_YOY":null,"NET_INTEREST_INCOME":null,"NET_INTEREST_INCOME_YOY":null,"FEE_COMMISSION_INCOME":null,"FEE_COMMISSION_INCOME_YOY":null,"ACCOUNTS_RECE_TDAYS":0.226422418574,"INVENTORY_TDAYS":0.010671359247,"CURRENT_ASSETS_TDAYS":0.014014601547,"TOTAL_ASSETS_TDAYS":0.008816556037,"PREMIUM_EXPENSE":null,"LOAN_DEPOSIT":null,"LOAN_EQUITY":null,"LOAN_ASSETS":null,"DEPOSIT_EQUITY":null,"DEPOSIT_ASSETS":null,"EQUITY_MULTIPLIER":4.563662042324,"EQUITY_RATIO":4.278429029823},{"SECUCODE":"00499.HK","SECURITY_CODE":"00499","SECURITY_NAME_ABBR":"青岛控股","ORG_CODE":"10008933","STD_REPORT_DATE":"2023-12-31 00:00:00","REPORT_DATE":"2023-12-31 00:00:00","DATE_TYPE_CODE":"001","REPORT_TYPE":"2023年年报","PER_NETCASH_OPERATE":0.006569503707,"PER_OI":0.042366288768,"BPS":0.293897163392,"BASIC_EPS":-0.0474,"DILUTED_EPS":-0.0474,"OPERATE_INCOME":42305000,"OPERATE_INCOME_YOY":-25.2575042844,"GROSS_PROFIT":19897000,"GROSS_PROFIT_YOY":-47.676650800747,"HOLDER_PROFIT":-47324000,"HOLDER_PROFIT_YOY":25.510380759,"GROSS_PROFIT_RATIO":47.032265689635,"EPS_TTM":-0.047392559973,"OPERATE_INCOME_QOQ":-9.389792028101,"NET_PROFIT_RATIO":-112.6013473585,"ROE_AVG":-14.982658373924,"GROSS_PROFIT_QOQ":-28.957046452673,"ROA":-4.031966738234,"HOLDER_PROFIT_QOQ":54.681784229981,"ROE_YEARLY":-14.982658373924,"ROIC_YEARLY":-4.986265748029,"TOTAL_ASSETS":1246998000,"TOTAL_LIABILITIES":893688000,"TAX_EBT":21.124615027983,"OCF_SALES":15.506441318993,"TOTAL_PARENT_EQUITY":293472000,"DEBT_ASSET_RATIO":71.6671558415,"OPERATE_PROFIT":-38203000,"PRETAX_PROFIT":-60394000,"NETCASH_OPERATE":6560000,"NETCASH_INVEST":-5313000,"NETCASH_FINANCE":-19563000,"END_CASH":156267000,"DIVI_RATIO":null,"DIVIDEND_RATE":null,"CURRENT_RATIO":0.827081954325,"COMMON_ACS":20000000000,"CURRENTDEBT_DEBT":99.061193615669,"ISSUED_COMMON_SHARES":998553360,"HK_COMMON_SHARES":998553360,"PER_SHARES":2000,"TOTAL_MARKET_CAP":113835083.04,"HKSK_MARKET_CAP":113835083.04,"PE_TTM":-4.212178362103,"PB_TTM":0.37165486873,"REPORT_DATE_SQ":"2022-12-31 00:00:00","REPORT_TYPE_SQ":"2022年年报","OPERATE_INCOME_SQ":56601000,"DPS_HKD":null,"OPERATE_INCOME_QOQ_SQ":-12.779301630351,"NET_PROFIT_RATIO_SQ":-121.6250596279,"HOLDER_PROFIT_SQ":-63531000,"HOLDER_PROFIT_QOQ_SQ":-897.927656367747,"ROE_AVG_SQ":-17.571406049912,"PE_TTM_SQ":-0.862742580481,"PB_TTM_SQ":0.29917823604,"ROA_SQ":-5.943333874365,"START_DATE":"2023-01-01 00:00:00","FISCAL_YEAR":"12-31","CURRENCY":"HKD","IS_CNY_CODE":0,"DPS_HKD_LY":null,"ORG_TYPE":"一般企业","PREMIUM_INCOME":null,"PREMIUM_INCOME_YOY":null,"NET_INTEREST_INCOME":null,"NET_INTEREST_INCOME_YOY":null,"FEE_COMMISSION_INCOME":null,"FEE_COMMISSION_INCOME_YOY":null,"ACCOUNTS_RECE_TDAYS":2.149535084599,"INVENTORY_TDAYS":0.072786567877,"CURRENT_ASSETS_TDAYS":0.064907816478,"TOTAL_ASSETS_TDAYS":0.036043519749,"PREMIUM_EXPENSE":null,"LOAN_DEPOSIT":null,"LOAN_EQUITY":null,"LOAN_ASSETS":null,"DEPOSIT_EQUITY":null,"DEPOSIT_ASSETS":null,"EQUITY_MULTIPLIER":3.529472701031,"EQUITY_RATIO":3.045224075891},{"SECUCODE":"00499.HK","SECURITY_CODE":"00499","SECURITY_NAME_ABBR":"青岛控股","ORG_CODE":"10008933","STD_REPORT_DATE":"2023-06-30 00:00:00","REPORT_DATE":"2023-06-30 00:00:00","DATE_TYPE_CODE":"002","REPORT_TYPE":"2023年中报","PER_NETCASH_OPERATE":-0.013779934605,"PER_OI":0.010490175507,"BPS":0.308170812224,"BASIC_EPS":-0.0378,"DILUTED_EPS":-0.0378,"OPERATE_INCOME":10475000,"OPERATE_INCOME_YOY":-48.6192181292,"GROSS_PROFIT":6235000,"GROSS_PROFIT_YOY":-61.642571516457,"HOLDER_PROFIT":-37775000,"HOLDER_PROFIT_YOY":-1310.7371794872,"GROSS_PROFIT_RATIO":59.522673031026,"EPS_TTM":-0.104577285685,"OPERATE_INCOME_QOQ":-17.512058090846,"NET_PROFIT_RATIO":-413.4510739857,"ROE_AVG":-11.695589578463,"GROSS_PROFIT_QOQ":-26.349698898151,"ROA":-3.362004938654,"HOLDER_PROFIT_QOQ":-64.370150005509,"ROE_YEARLY":-23.391179156927,"ROIC_YEARLY":-8.374480613161,"TOTAL_ASSETS":1146729000,"TOTAL_LIABILITIES":784388000,"TAX_EBT":11.907328682139,"OCF_SALES":-131.360381861575,"TOTAL_PARENT_EQUITY":307725000,"DEBT_ASSET_RATIO":68.4022118565,"OPERATE_PROFIT":-33049000,"PRETAX_PROFIT":-49163000,"NETCASH_OPERATE":-13760000,"NETCASH_INVEST":470000,"NETCASH_FINANCE":-8298000,"END_CASH":155103000,"DIVI_RATIO":null,"DIVIDEND_RATE":null,"CURRENT_RATIO":1.478019920963,"COMMON_ACS":20000000000,"CURRENTDEBT_DEBT":55.16530084601,"ISSUED_COMMON_SHARES":998553360,"HK_COMMON_SHARES":998553360,"PER_SHARES":2000,"TOTAL_MARKET_CAP":113835083.04,"HKSK_MARKET_CAP":113835083.04,"PE_TTM":-4.212178362103,"PB_TTM":0.37165486873,"REPORT_DATE_SQ":"2022-06-30 00:00:00","REPORT_TYPE_SQ":"2022年中报","OPERATE_INCOME_SQ":20387000,"DPS_HKD":null,"OPERATE_INCOME_QOQ_SQ":-6.303782847242,"NET_PROFIT_RATIO_SQ":1.5254819248,"HOLDER_PROFIT_SQ":3120000,"HOLDER_PROFIT_QOQ_SQ":-4.783544606553,"ROE_AVG_SQ":0.799007386977,"PE_TTM_SQ":-0.862742580481,"PB_TTM_SQ":0.29917823604,"ROA_SQ":0.299106706317,"START_DATE":"2023-01-01 00:00:00","FISCAL_YEAR":"12-31","CURRENCY":"HKD","IS_CNY_CODE":0,"DPS_HKD_LY":null,"ORG_TYPE":"一般企业","PREMIUM_INCOME":null,"PREMIUM_INCOME_YOY":null,"NET_INTEREST_INCOME":null,"NET_INTEREST_INCOME_YOY":null,"FEE_COMMISSION_INCOME":null,"FEE_COMMISSION_INCOME_YOY":null,"ACCOUNTS_RECE_TDAYS":0.903523526114,"INVENTORY_TDAYS":0.015642350927,"CURRENT_ASSETS_TDAYS":0.017301452414,"TOTAL_ASSETS_TDAYS":0.00932283302,"PREMIUM_EXPENSE":null,"LOAN_DEPOSIT":null,"LOAN_EQUITY":null,"LOAN_ASSETS":null,"DEPOSIT_EQUITY":null,"DEPOSIT_ASSETS":null,"EQUITY_MULTIPLIER":3.164778482147,"EQUITY_RATIO":2.548990169794},{"SECUCODE":"00499.HK","SECURITY_CODE":"00499","SECURITY_NAME_ABBR":"青岛控股","ORG_CODE":"10008933","STD_REPORT_DATE":"2022-12-31 00:00:00","REPORT_DATE":"2022-12-31 00:00:00","DATE_TYPE_CODE":"001","REPORT_TYPE":"2022年年报","PER_NETCASH_OPERATE":0.01452801681,"PER_OI":0.056682999895,"BPS":0.33873502764,"BASIC_EPS":-0.0636,"DILUTED_EPS":-0.0636,"OPERATE_INCOME":56601000,"OPERATE_INCOME_YOY":-18.2775050534,"GROSS_PROFIT":38027000,"GROSS_PROFIT_YOY":-14.905567490154,"HOLDER_PROFIT":-63531000,"HOLDER_PROFIT_YOY":-859.7584309974,"GROSS_PROFIT_RATIO":67.184325365276,"EPS_TTM":-0.063623039634,"OPERATE_INCOME_QOQ":-12.779301630351,"NET_PROFIT_RATIO":-121.6250596279,"ROE_AVG":-17.571406049912,"GROSS_PROFIT_QOQ":-9.811687695665,"ROA":-5.943333874365,"HOLDER_PROFIT_QOQ":-897.927656367747,"ROE_YEARLY":-17.571406049912,"ROIC_YEARLY":-7.909278160565,"TOTAL_ASSETS":1100442000,"TOTAL_LIABILITIES":702047000,"TAX_EBT":18.784139306065,"OCF_SALES":25.630289217505,"TOTAL_PARENT_EQUITY":338245000,"DEBT_ASSET_RATIO":63.7968198233,"OPERATE_PROFIT":-54288000,"PRETAX_PROFIT":-84763000,"NETCASH_OPERATE":14507000,"NETCASH_INVEST":-7944000,"NETCASH_FINANCE":-76628000,"END_CASH":173011000,"DIVI_RATIO":null,"DIVIDEND_RATE":null,"CURRENT_RATIO":1.648475527946,"COMMON_ACS":20000000000,"CURRENTDEBT_DEBT":49.366922727396,"ISSUED_COMMON_SHARES":998553360,"HK_COMMON_SHARES":998553360,"PER_SHARES":2000,"TOTAL_MARKET_CAP":113835083.04,"HKSK_MARKET_CAP":113835083.04,"PE_TTM":-4.212178362103,"PB_TTM":0.37165486873,"REPORT_DATE_SQ":"2021-12-31 00:00:00","REPORT_TYPE_SQ":"2021年年报","OPERATE_INCOME_SQ":69260000,"DPS_HKD":null,"OPERATE_INCOME_QOQ_SQ":-1.877169370263,"NET_PROFIT_RATIO_SQ":7.8241409183,"HOLDER_PROFIT_SQ":8362000,"HOLDER_PROFIT_QOQ_SQ":86.818588025022,"ROE_AVG_SQ":2.755416426394,"PE_TTM_SQ":-0.862742580481,"PB_TTM_SQ":0.29917823604,"ROA_SQ":0.910295802591,"START_DATE":"2022-01-01 00:00:00","FISCAL_YEAR":"12-31","CURRENCY":"HKD","IS_CNY_CODE":0,"DPS_HKD_LY":null,"ORG_TYPE":"一般企业","PREMIUM_INCOME":null,"PREMIUM_INCOME_YOY":null,"NET_INTEREST_INCOME":null,"NET_INTEREST_INCOME_YOY":null,"FEE_COMMISSION_INCOME":null,"FEE_COMMISSION_INCOME_YOY":null,"ACCOUNTS_RECE_TDAYS":4.502147629653,"INVENTORY_TDAYS":0.130157984913,"CURRENT_ASSETS_TDAYS":0.107836282267,"TOTAL_ASSETS_TDAYS":0.052950314118,"PREMIUM_EXPENSE":null,"LOAN_DEPOSIT":null,"LOAN_EQUITY":null,"LOAN_ASSETS":null,"DEPOSIT_EQUITY":null,"DEPOSIT_ASSETS":null,"EQUITY_MULTIPLIER":2.762188280475,"EQUITY_RATIO":2.075557657911},{"SECUCODE":"00499.HK","SECURITY_CODE":"00499","SECURITY_NAME_ABBR":"青岛控股","ORG_CODE":"10008933","STD_REPORT_DATE":"2022-06-30 00:00:00","REPORT_DATE":"2022-06-30 00:00:00","DATE_TYPE_CODE":"002","REPORT_TYPE":"2022年中报","PER_NETCASH_OPERATE":-0.002230226335,"PER_OI":0.020416535377,"BPS":0.396669838455,"BASIC_EPS":0.0031,"DILUTED_EPS":0.0031,"OPERATE_INCOME":20387000,"OPERATE_INCOME_YOY":-17.6382660688,"GROSS_PROFIT":16255000,"GROSS_PROFIT_YOY":-13.440545289952,"HOLDER_PROFIT":3120000,"HOLDER_PROFIT_YOY":-11.3636363636,"GROSS_PROFIT_RATIO":79.732182273017,"EPS_TTM":0.007973534834,"OPERATE_INCOME_QOQ":-6.303782847242,"NET_PROFIT_RATIO":1.5254819248,"ROE_AVG":0.799007386977,"GROSS_PROFIT_QOQ":-5.648048693161,"ROA":0.299106706317,"HOLDER_PROFIT_QOQ":-4.783544606553,"ROE_YEARLY":1.598014773954,"ROIC_YEARLY":0.826433693596,"TOTAL_ASSETS":1048763000,"TOTAL_LIABILITIES":590016000,"TAX_EBT":83.125339120998,"OCF_SALES":-10.923627802031,"TOTAL_PARENT_EQUITY":396096000,"DEBT_ASSET_RATIO":56.258277609,"OPERATE_PROFIT":14433000,"PRETAX_PROFIT":1843000,"NETCASH_OPERATE":-2227000,"NETCASH_INVEST":-9315000,"NETCASH_FINANCE":-13138000,"END_CASH":215221000,"DIVI_RATIO":null,"DIVIDEND_RATE":null,"CURRENT_RATIO":2.223240855405,"COMMON_ACS":20000000000,"CURRENTDEBT_DEBT":36.67900531511,"ISSUED_COMMON_SHARES":998553360,"HK_COMMON_SHARES":998553360,"PER_SHARES":2000,"TOTAL_MARKET_CAP":113835083.04,"HKSK_MARKET_CAP":113835083.04,"PE_TTM":-4.212178362103,"PB_TTM":0.37165486873,"REPORT_DATE_SQ":"2021-06-30 00:00:00","REPORT_TYPE_SQ":"2021年中报","OPERATE_INCOME_SQ":24753000,"DPS_HKD":null,"OPERATE_INCOME_QOQ_SQ":5.903975993998,"NET_PROFIT_RATIO_SQ":1.4584090817,"HOLDER_PROFIT_SQ":3520000,"HOLDER_PROFIT_QOQ_SQ":83.819301848049,"ROE_AVG_SQ":1.161756430503,"PE_TTM_SQ":-0.862742580481,"PB_TTM_SQ":0.29917823604,"ROA_SQ":0.382099299141,"START_DATE":"2022-01-01 00:00:00","FISCAL_YEAR":"12-31","CURRENCY":"HKD","IS_CNY_CODE":0,"DPS_HKD_LY":null,"ORG_TYPE":"一般企业","PREMIUM_INCOME":null,"PREMIUM_INCOME_YOY":null,"NET_INTEREST_INCOME":null,"NET_INTEREST_INCOME_YOY":null,"FEE_COMMISSION_INCOME":null,"FEE_COMMISSION_INCOME_YOY":null,"ACCOUNTS_RECE_TDAYS":1.040285750734,"INVENTORY_TDAYS":0.070971564999,"CURRENT_ASSETS_TDAYS":0.042492082366,"TOTAL_ASSETS_TDAYS":0.019544514172,"PREMIUM_EXPENSE":null,"LOAN_DEPOSIT":null,"LOAN_EQUITY":null,"LOAN_ASSETS":null,"DEPOSIT_EQUITY":null,"DEPOSIT_ASSETS":null,"EQUITY_MULTIPLIER":2.28614683039,"EQUITY_RATIO":1.489578284052},{"SECUCODE":"00499.HK","SECURITY_CODE":"00499","SECURITY_NAME_ABBR":"青岛控股","ORG_CODE":"10008933","STD_REPORT_DATE":"2021-12-31 00:00:00","REPORT_DATE":"2021-12-31 00:00:00","DATE_TYPE_CODE":"001","REPORT_TYPE":"2021年年报","PER_NETCASH_OPERATE":-0.037087652482,"PER_OI":0.069360339441,"BPS":0.385430579293,"BASIC_EPS":0.01,"DILUTED_EPS":0.01,"OPERATE_INCOME":69260000,"OPERATE_INCOME_YOY":3.9159789947,"GROSS_PROFIT":44688000,"GROSS_PROFIT_YOY":-8.497481469348,"HOLDER_PROFIT":8362000,"HOLDER_PROFIT_YOY":243.40862423,"GROSS_PROFIT_RATIO":64.522090672827,"EPS_TTM":0.008374114329,"OPERATE_INCOME_QOQ":-1.877169370263,"NET_PROFIT_RATIO":7.8241409183,"ROE_AVG":2.755416426394,"GROSS_PROFIT_QOQ":-12.226739732485,"ROA":0.910295802591,"HOLDER_PROFIT_QOQ":86.818588025022,"ROE_YEARLY":2.755416426394,"ROIC_YEARLY":1.225781578681,"TOTAL_ASSETS":1037449000,"TOTAL_LIABILITIES":587116000,"TAX_EBT":56.658401983524,"OCF_SALES":-53.470978920012,"TOTAL_PARENT_EQUITY":384873000,"DEBT_ASSET_RATIO":56.5922758613,"OPERATE_PROFIT":36069000,"PRETAX_PROFIT":12503000,"NETCASH_OPERATE":-37034000,"NETCASH_INVEST":-47905000,"NETCASH_FINANCE":212312000,"END_CASH":232777000,"DIVI_RATIO":null,"DIVIDEND_RATE":null,"CURRENT_RATIO":2.224722392724,"COMMON_ACS":20000000000,"CURRENTDEBT_DEBT":36.628536779785,"ISSUED_COMMON_SHARES":998553360,"HK_COMMON_SHARES":998553360,"PER_SHARES":2000,"TOTAL_MARKET_CAP":113835083.04,"HKSK_MARKET_CAP":113835083.04,"PE_TTM":-4.212178362103,"PB_TTM":0.37165486873,"REPORT_DATE_SQ":"2020-12-31 00:00:00","REPORT_TYPE_SQ":"2020年年报","OPERATE_INCOME_SQ":66650000,"DPS_HKD":null,"OPERATE_INCOME_QOQ_SQ":36.66536145676,"NET_PROFIT_RATIO_SQ":6.3150787697,"HOLDER_PROFIT_SQ":2435000,"HOLDER_PROFIT_QOQ_SQ":-75.556623588895,"ROE_AVG_SQ":1.072198358898,"PE_TTM_SQ":-0.862742580481,"PB_TTM_SQ":0.29917823604,"ROA_SQ":0.31525402224,"START_DATE":"2021-01-01 00:00:00","FISCAL_YEAR":"12-31","CURRENCY":"HKD","IS_CNY_CODE":0,"DPS_HKD_LY":null,"ORG_TYPE":"一般企业","PREMIUM_INCOME":null,"PREMIUM_INCOME_YOY":null,"NET_INTEREST_INCOME":null,"NET_INTEREST_INCOME_YOY":null,"FEE_COMMISSION_INCOME":null,"FEE_COMMISSION_INCOME_YOY":null,"ACCOUNTS_RECE_TDAYS":5.179866876075,"INVENTORY_TDAYS":0.733383077153,"CURRENT_ASSETS_TDAYS":0.223495054777,"TOTAL_ASSETS_TDAYS":0.075397138588,"PREMIUM_EXPENSE":null,"LOAN_DEPOSIT":null,"LOAN_EQUITY":null,"LOAN_ASSETS":null,"DEPOSIT_EQUITY":null,"DEPOSIT_ASSETS":null,"EQUITY_MULTIPLIER":2.303737456506,"EQUITY_RATIO":1.525479833607},{"SECUCODE":"00499.HK","SECURITY_CODE":"00499","SECURITY_NAME_ABBR":"青岛控股","ORG_CODE":"10008933","STD_REPORT_DATE":"2021-06-30 00:00:00","REPORT_DATE":"2021-06-30 00:00:00","DATE_TYPE_CODE":"002","REPORT_TYPE":"2021年中报","PER_NETCASH_OPERATE":-0.057693461669,"PER_OI":0.024788860557,"BPS":0.384458172571,"BASIC_EPS":0.0057,"DILUTED_EPS":0.0057,"OPERATE_INCOME":24753000,"OPERATE_INCOME_YOY":18.9019118071,"GROSS_PROFIT":18779000,"GROSS_PROFIT_YOY":12.422174329502,"HOLDER_PROFIT":3520000,"HOLDER_PROFIT_YOY":137.998647735,"GROSS_PROFIT_RATIO":75.865551650305,"EPS_TTM":0.004482484541,"OPERATE_INCOME_QOQ":5.903975993998,"NET_PROFIT_RATIO":1.4584090817,"ROE_AVG":1.161756430503,"GROSS_PROFIT_QOQ":4.248740734674,"ROA":0.382099299141,"HOLDER_PROFIT_QOQ":83.819301848049,"ROE_YEARLY":2.323512861007,"ROIC_YEARLY":1.0196714022,"TOTAL_ASSETS":1042697000,"TOTAL_LIABILITIES":593551000,"TAX_EBT":89.385474860335,"OCF_SALES":-232.739465923322,"TOTAL_PARENT_EQUITY":383902000,"DEBT_ASSET_RATIO":56.9245907488,"OPERATE_PROFIT":14675000,"PRETAX_PROFIT":3401000,"NETCASH_OPERATE":-57610000,"NETCASH_INVEST":-57243000,"NETCASH_FINANCE":229554000,"END_CASH":221758000,"DIVI_RATIO":null,"DIVIDEND_RATE":null,"CURRENT_RATIO":3.386121799695,"COMMON_ACS":20000000000,"CURRENTDEBT_DEBT":15.674811431537,"ISSUED_COMMON_SHARES":998553360,"HK_COMMON_SHARES":998553360,"PER_SHARES":2000,"TOTAL_MARKET_CAP":113835083.04,"HKSK_MARKET_CAP":113835083.04,"PE_TTM":-4.212178362103,"PB_TTM":0.37165486873,"REPORT_DATE_SQ":"2020-06-30 00:00:00","REPORT_TYPE_SQ":"2020年中报","OPERATE_INCOME_SQ":20818000,"DPS_HKD":null,"OPERATE_INCOME_QOQ_SQ":0,"NET_PROFIT_RATIO_SQ":0.1967041133,"HOLDER_PROFIT_SQ":1479000,"HOLDER_PROFIT_QOQ_SQ":0,"ROE_AVG_SQ":0.664218399585,"PE_TTM_SQ":-0.862742580481,"PB_TTM_SQ":0.29917823604,"ROA_SQ":0.218728750119,"START_DATE":"2021-01-01 00:00:00","FISCAL_YEAR":"12-31","CURRENCY":"HKD","IS_CNY_CODE":0,"DPS_HKD_LY":null,"ORG_TYPE":"一般企业","PREMIUM_INCOME":null,"PREMIUM_INCOME_YOY":null,"NET_INTEREST_INCOME":null,"NET_INTEREST_INCOME_YOY":null,"FEE_COMMISSION_INCOME":null,"FEE_COMMISSION_INCOME_YOY":null,"ACCOUNTS_RECE_TDAYS":1.300564823329,"INVENTORY_TDAYS":0.18793846541,"CURRENT_ASSETS_TDAYS":0.108471352792,"TOTAL_ASSETS_TDAYS":0.026869613499,"PREMIUM_EXPENSE":null,"LOAN_DEPOSIT":null,"LOAN_EQUITY":null,"LOAN_ASSETS":null,"DEPOSIT_EQUITY":null,"DEPOSIT_ASSETS":null,"EQUITY_MULTIPLIER":2.321510154827,"EQUITY_RATIO":1.546100306849},{"SECUCODE":"00499.HK","SECURITY_CODE":"00499","SECURITY_NAME_ABBR":"青岛控股","ORG_CODE":"10008933","STD_REPORT_DATE":"2020-12-31 00:00:00","REPORT_DATE":"2020-12-31 00:00:00","DATE_TYPE_CODE":"001","REPORT_TYPE":"2020年年报","PER_NETCASH_OPERATE":0.094122160883,"PER_OI":0.133493116482,"BPS":0.2223987309,"BASIC_EPS":0.0045,"DILUTED_EPS":0.0045,"OPERATE_INCOME":66650000,"OPERATE_INCOME_YOY":null,"GROSS_PROFIT":48838000,"GROSS_PROFIT_YOY":null,"HOLDER_PROFIT":2435000,"HOLDER_PROFIT_YOY":null,"GROSS_PROFIT_RATIO":73.275318829707,"EPS_TTM":0.004877055343,"OPERATE_INCOME_QOQ":36.66536145676,"NET_PROFIT_RATIO":6.3150787697,"ROE_AVG":1.072198358898,"GROSS_PROFIT_QOQ":0.141979337213,"ROA":0.31525402224,"HOLDER_PROFIT_QOQ":-75.556623588895,"ROE_YEARLY":1.072198358898,"ROIC_YEARLY":0.38538816977,"TOTAL_ASSETS":799756000,"TOTAL_LIABILITIES":511221000,"TAX_EBT":60.05125284738,"OCF_SALES":70.507126781695,"TOTAL_PARENT_EQUITY":222077000,"DEBT_ASSET_RATIO":63.922121247,"OPERATE_PROFIT":28772000,"PRETAX_PROFIT":10536000,"NETCASH_OPERATE":46993000,"NETCASH_INVEST":-111339000,"NETCASH_FINANCE":108166000,"END_CASH":108156000,"DIVI_RATIO":null,"DIVIDEND_RATE":null,"CURRENT_RATIO":2.590985739946,"COMMON_ACS":20000000000,"CURRENTDEBT_DEBT":10.672096803535,"ISSUED_COMMON_SHARES":998553360,"HK_COMMON_SHARES":998553360,"PER_SHARES":2000,"TOTAL_MARKET_CAP":113835083.04,"HKSK_MARKET_CAP":113835083.04,"PE_TTM":-4.212178362103,"PB_TTM":0.37165486873,"REPORT_DATE_SQ":"2019-12-31 00:00:00","REPORT_TYPE_SQ":"2019年年报","OPERATE_INCOME_SQ":null,"DPS_HKD":null,"OPERATE_INCOME_QOQ_SQ":0,"NET_PROFIT_RATIO_SQ":null,"HOLDER_PROFIT_SQ":null,"HOLDER_PROFIT_QOQ_SQ":0,"ROE_AVG_SQ":null,"PE_TTM_SQ":-0.862742580481,"PB_TTM_SQ":0.29917823604,"ROA_SQ":null,"START_DATE":"2020-01-01 00:00:00","FISCAL_YEAR":"12-31","CURRENCY":"HKD","IS_CNY_CODE":0,"DPS_HKD_LY":null,"ORG_TYPE":"一般企业","PREMIUM_INCOME":null,"PREMIUM_INCOME_YOY":null,"NET_INTEREST_INCOME":null,"NET_INTEREST_INCOME_YOY":null,"FEE_COMMISSION_INCOME":null,"FEE_COMMISSION_INCOME_YOY":null,"ACCOUNTS_RECE_TDAYS":3.291195496519,"INVENTORY_TDAYS":1.406839902061,"CURRENT_ASSETS_TDAYS":0.478498097494,"TOTAL_ASSETS_TDAYS":0.086290269332,"PREMIUM_EXPENSE":null,"LOAN_DEPOSIT":null,"LOAN_EQUITY":null,"LOAN_ASSETS":null,"DEPOSIT_EQUITY":null,"DEPOSIT_ASSETS":null,"EQUITY_MULTIPLIER":2.771781586291,"EQUITY_RATIO":2.301998856253},{"SECUCODE":"00499.HK","SECURITY_CODE":"00499","SECURITY_NAME_ABBR":"青岛控股","ORG_CODE":"10008933","STD_REPORT_DATE":"2020-06-30 00:00:00","REPORT_DATE":"2020-06-30 00:00:00","DATE_TYPE_CODE":"002","REPORT_TYPE":"2020年中报","PER_NETCASH_OPERATE":0.027532546804,"PER_OI":0.041696319564,"BPS":0.23552228588,"BASIC_EPS":0.003,"DILUTED_EPS":0.003,"OPERATE_INCOME":20818000,"OPERATE_INCOME_YOY":-19.0967924462,"GROSS_PROFIT":16704000,"GROSS_PROFIT_YOY":-34.509878345642,"HOLDER_PROFIT":1479000,"HOLDER_PROFIT_YOY":-57.5346043353,"GROSS_PROFIT_RATIO":null,"EPS_TTM":0.019952461809,"OPERATE_INCOME_QOQ":0,"NET_PROFIT_RATIO":0.1967041133,"ROE_AVG":0.664218399585,"GROSS_PROFIT_QOQ":0,"ROA":0.218728750119,"HOLDER_PROFIT_QOQ":0,"ROE_YEARLY":1.32843679917,"ROIC_YEARLY":0.518552772153,"TOTAL_ASSETS":677537725.92,"TOTAL_LIABILITIES":409655004,"TAX_EBT":97.709049255441,"OCF_SALES":65.782226690563,"TOTAL_PARENT_EQUITY":235181569.92,"DEBT_ASSET_RATIO":60.4623164627,"OPERATE_PROFIT":11056000,"PRETAX_PROFIT":1746000,"NETCASH_OPERATE":13923000,"NETCASH_INVEST":8250000,"NETCASH_FINANCE":-6259000,"END_CASH":82083000,"DIVI_RATIO":null,"DIVIDEND_RATE":null,"CURRENT_RATIO":2.189973183334,"COMMON_ACS":20000000000,"CURRENTDEBT_DEBT":13.636434583868,"ISSUED_COMMON_SHARES":998553360,"HK_COMMON_SHARES":998553360,"PER_SHARES":2000,"TOTAL_MARKET_CAP":113835083.04,"HKSK_MARKET_CAP":113835083.04,"PE_TTM":-4.212178362103,"PB_TTM":0.37165486873,"REPORT_DATE_SQ":"2019-06-30 00:00:00","REPORT_TYPE_SQ":"2019年中报","OPERATE_INCOME_SQ":25506136.77,"DPS_HKD":null,"OPERATE_INCOME_QOQ_SQ":0,"NET_PROFIT_RATIO_SQ":11.8081833292,"HOLDER_PROFIT_SQ":3453796.29,"HOLDER_PROFIT_QOQ_SQ":0,"ROE_AVG_SQ":1.648487666479,"PE_TTM_SQ":-0.862742580481,"PB_TTM_SQ":0.29917823604,"ROA_SQ":0.525284368983,"START_DATE":"2020-01-01 00:00:00","FISCAL_YEAR":"12-31","CURRENCY":"HKD","IS_CNY_CODE":0,"DPS_HKD_LY":null,"ORG_TYPE":"一般企业","PREMIUM_INCOME":null,"PREMIUM_INCOME_YOY":null,"NET_INTEREST_INCOME":null,"NET_INTEREST_INCOME_YOY":null,"FEE_COMMISSION_INCOME":null,"FEE_COMMISSION_INCOME_YOY":null,"ACCOUNTS_RECE_TDAYS":0.786475255006,"INVENTORY_TDAYS":null,"CURRENT_ASSETS_TDAYS":0.168739927199,"TOTAL_ASSETS_TDAYS":0.030774032082,"PREMIUM_EXPENSE":null,"LOAN_DEPOSIT":null,"LOAN_EQUITY":null,"LOAN_ASSETS":null,"DEPOSIT_EQUITY":null,"DEPOSIT_ASSETS":null,"EQUITY_MULTIPLIER":2.529232647271,"EQUITY_RATIO":1.741866950456}],"count":47},"success":true,"message":"ok","code":0}