{"version":"312b749dd57d20012f3612826d5d6522","result":{"pages":5,"data":[{"SECUCODE":"00491.HK","SECURITY_CODE":"00491","SECURITY_NAME_ABBR":"英皇文化产业","ORG_CODE":"10008926","STD_REPORT_DATE":"2023-12-31 00:00:00","REPORT_DATE":"2024-06-30 00:00:00","DATE_TYPE_CODE":"001","REPORT_TYPE":"2023年年报","PER_NETCASH_OPERATE":-0.003672202895,"PER_OI":0.140463677939,"BPS":-0.365709826622,"BASIC_EPS":-0.2007896,"DILUTED_EPS":-0.2007896,"OPERATE_INCOME":451357679.88,"OPERATE_INCOME_YOY":8.4051407616,"GROSS_PROFIT":269950665.04,"GROSS_PROFIT_YOY":7.698090694349,"HOLDER_PROFIT":-652702189.32,"HOLDER_PROFIT_YOY":-116.7518844392,"GROSS_PROFIT_RATIO":59.808590187669,"EPS_TTM":-0.095624965648,"OPERATE_INCOME_QOQ":12.493853559132,"NET_PROFIT_RATIO":-144.6086370999,"ROE_AVG":77.069200188376,"GROSS_PROFIT_QOQ":13.786108873232,"ROA":-63.818884937107,"HOLDER_PROFIT_QOQ":-1.011992685235,"ROE_YEARLY":77.069200188376,"ROIC_YEARLY":-68.759401369806,"TOTAL_ASSETS":765544119.16,"TOTAL_LIABILITIES":1943244486.84,"TAX_EBT":null,"OCF_SALES":-2.614343401255,"TOTAL_PARENT_EQUITY":-1175150339.76,"DEBT_ASSET_RATIO":253.8383403653,"OPERATE_PROFIT":-520191092.8,"PRETAX_PROFIT":-652702189.32,"NETCASH_OPERATE":-11800039.72,"NETCASH_INVEST":-78315245.44,"NETCASH_FINANCE":92861539.28,"END_CASH":77245584.48,"DIVI_RATIO":null,"DIVIDEND_RATE":null,"CURRENT_RATIO":0.400085954247,"COMMON_ACS":50000000000,"CURRENTDEBT_DEBT":18.141025370063,"ISSUED_COMMON_SHARES":3213340890,"HK_COMMON_SHARES":3213340890,"PER_SHARES":20000,"TOTAL_MARKET_CAP":147813680.94,"HKSK_MARKET_CAP":147813680.94,"PE_TTM":-0.206689348569,"PB_TTM":-0.11479943098,"REPORT_DATE_SQ":"2022-12-31 00:00:00","REPORT_TYPE_SQ":"2022年年报","OPERATE_INCOME_SQ":420604510.06,"DPS_HKD":null,"OPERATE_INCOME_QOQ_SQ":15.862524435651,"NET_PROFIT_RATIO_SQ":-69.4840167735,"HOLDER_PROFIT_SQ":-304197159.22,"HOLDER_PROFIT_QOQ_SQ":-28.284230781272,"ROE_AVG_SQ":82.306556305598,"PE_TTM_SQ":-0.438263861047,"PB_TTM_SQ":-0.254452629074,"ROA_SQ":-20.546712089523,"START_DATE":"2023-07-01 00:00:00","FISCAL_YEAR":"6-30","CURRENCY":"HKD","IS_CNY_CODE":0,"DPS_HKD_LY":null,"ORG_TYPE":"一般企业","PREMIUM_INCOME":null,"PREMIUM_INCOME_YOY":null,"NET_INTEREST_INCOME":null,"NET_INTEREST_INCOME_YOY":null,"FEE_COMMISSION_INCOME":null,"FEE_COMMISSION_INCOME_YOY":null,"ACCOUNTS_RECE_TDAYS":18.423119190866,"INVENTORY_TDAYS":55.135367545076,"CURRENT_ASSETS_TDAYS":3.369978671064,"TOTAL_ASSETS_TDAYS":0.441321391426,"PREMIUM_EXPENSE":null,"LOAN_DEPOSIT":null,"LOAN_EQUITY":null,"LOAN_ASSETS":null,"DEPOSIT_EQUITY":null,"DEPOSIT_ASSETS":null,"EQUITY_MULTIPLIER":-0.650033013633,"EQUITY_RATIO":-1.65361351743},{"SECUCODE":"00491.HK","SECURITY_CODE":"00491","SECURITY_NAME_ABBR":"英皇文化产业","ORG_CODE":"10008926","STD_REPORT_DATE":"2023-06-30 00:00:00","REPORT_DATE":"2023-12-31 00:00:00","DATE_TYPE_CODE":"002","REPORT_TYPE":"2023年中报","PER_NETCASH_OPERATE":-0.007925834125,"PER_OI":0.07535126375,"BPS":-0.200380845837,"BASIC_EPS":-0.0407799,"DILUTED_EPS":-0.0407799,"OPERATE_INCOME":242129296.92,"OPERATE_INCOME_YOY":25.8939551715,"GROSS_PROFIT":145857015.22,"GROSS_PROFIT_YOY":31.046833355492,"HOLDER_PROFIT":-129787015.96,"HOLDER_PROFIT_YOY":-0.9658225706,"GROSS_PROFIT_RATIO":60.239308945828,"EPS_TTM":-0.094666943108,"OPERATE_INCOME_QOQ":38.4000161113,"NET_PROFIT_RATIO":-53.6023594051,"ROE_AVG":22.398723808556,"GROSS_PROFIT_QOQ":42.226520573548,"ROA":-10.501142918944,"HOLDER_PROFIT_QOQ":-37.690851537093,"ROE_YEARLY":44.797447617111,"ROIC_YEARLY":-22.150039148212,"TOTAL_ASSETS":1200985273.18,"TOTAL_LIABILITIES":1847409217.36,"TAX_EBT":null,"OCF_SALES":-10.518515191664,"TOTAL_PARENT_EQUITY":-643891965.5,"DEBT_ASSET_RATIO":153.8244688437,"OPERATE_PROFIT":-75649433.16,"PRETAX_PROFIT":-129787015.96,"NETCASH_OPERATE":-25468406.88,"NETCASH_INVEST":-44172787.68,"NETCASH_FINANCE":53743377.1,"END_CASH":58851739.24,"DIVI_RATIO":null,"DIVIDEND_RATE":null,"CURRENT_RATIO":0.307322222194,"COMMON_ACS":50000000000,"CURRENTDEBT_DEBT":19.657674821985,"ISSUED_COMMON_SHARES":3213340890,"HK_COMMON_SHARES":3213340890,"PER_SHARES":20000,"TOTAL_MARKET_CAP":141386999.16,"HKSK_MARKET_CAP":141386999.16,"PE_TTM":-0.197702855153,"PB_TTM":-0.109808151372,"REPORT_DATE_SQ":"2022-06-30 00:00:00","REPORT_TYPE_SQ":"2022年中报","OPERATE_INCOME_SQ":189579585.37,"DPS_HKD":null,"OPERATE_INCOME_QOQ_SQ":5.848076929659,"NET_PROFIT_RATIO_SQ":-68.430153936,"HOLDER_PROFIT_SQ":-126708562.96,"HOLDER_PROFIT_QOQ_SQ":-9.703047952501,"ROE_AVG_SQ":46.110536820685,"PE_TTM_SQ":-0.36035028575,"PB_TTM_SQ":-0.209216606127,"ROA_SQ":-8.577580120777,"START_DATE":"2023-07-01 00:00:00","FISCAL_YEAR":"6-30","CURRENCY":"HKD","IS_CNY_CODE":0,"DPS_HKD_LY":null,"ORG_TYPE":"一般企业","PREMIUM_INCOME":null,"PREMIUM_INCOME_YOY":null,"NET_INTEREST_INCOME":null,"NET_INTEREST_INCOME_YOY":null,"FEE_COMMISSION_INCOME":null,"FEE_COMMISSION_INCOME_YOY":null,"ACCOUNTS_RECE_TDAYS":10.590221764205,"INVENTORY_TDAYS":28.130544154641,"CURRENT_ASSETS_TDAYS":2.038654051579,"TOTAL_ASSETS_TDAYS":0.195908221867,"PREMIUM_EXPENSE":null,"LOAN_DEPOSIT":null,"LOAN_EQUITY":null,"LOAN_ASSETS":null,"DEPOSIT_EQUITY":null,"DEPOSIT_ASSETS":null,"EQUITY_MULTIPLIER":-1.857891069773,"EQUITY_RATIO":-2.869129165054},{"SECUCODE":"00491.HK","SECURITY_CODE":"00491","SECURITY_NAME_ABBR":"英皇文化产业","ORG_CODE":"10008926","STD_REPORT_DATE":"2022-12-31 00:00:00","REPORT_DATE":"2023-06-30 00:00:00","DATE_TYPE_CODE":"001","REPORT_TYPE":"2022年年报","PER_NETCASH_OPERATE":0.020037524024,"PER_OI":0.130893211912,"BPS":-0.163052353403,"BASIC_EPS":-0.092198,"DILUTED_EPS":-0.092198,"OPERATE_INCOME":420604510.06,"OPERATE_INCOME_YOY":48.7374190204,"GROSS_PROFIT":250655014.68,"GROSS_PROFIT_YOY":63.745908752969,"HOLDER_PROFIT":-304197159.22,"HOLDER_PROFIT_YOY":-63.8398244107,"GROSS_PROFIT_RATIO":59.593991192402,"EPS_TTM":-0.068753255609,"OPERATE_INCOME_QOQ":15.862524435651,"NET_PROFIT_RATIO":-69.4840167735,"ROE_AVG":82.306556305598,"GROSS_PROFIT_QOQ":15.130362531995,"ROA":-20.546712089523,"HOLDER_PROFIT_QOQ":-28.284230781272,"ROE_YEARLY":82.306556305598,"ROIC_YEARLY":-21.195853453041,"TOTAL_ASSETS":1292981064.08,"TOTAL_LIABILITIES":1819499870.6,"TAX_EBT":null,"OCF_SALES":15.308298827042,"TOTAL_PARENT_EQUITY":-523942794.4,"DEBT_ASSET_RATIO":140.7213083894,"OPERATE_PROFIT":-189924192.08,"PRETAX_PROFIT":-292252908.32,"NETCASH_OPERATE":64387395.28,"NETCASH_INVEST":-59508277.12,"NETCASH_FINANCE":-34647086.42,"END_CASH":75589452.28,"DIVI_RATIO":null,"DIVIDEND_RATE":null,"CURRENT_RATIO":0.344967629185,"COMMON_ACS":50000000000,"CURRENTDEBT_DEBT":20.412370089234,"ISSUED_COMMON_SHARES":3213340890,"HK_COMMON_SHARES":3213340890,"PER_SHARES":20000,"TOTAL_MARKET_CAP":128533635.6,"HKSK_MARKET_CAP":128533635.6,"PE_TTM":-0.179729868321,"PB_TTM":-0.099825592156,"REPORT_DATE_SQ":"2021-12-31 00:00:00","REPORT_TYPE_SQ":"2021年年报","OPERATE_INCOME_SQ":262297890.47,"DPS_HKD":null,"OPERATE_INCOME_QOQ_SQ":54.381943494211,"NET_PROFIT_RATIO_SQ":-71.2072849863,"HOLDER_PROFIT_SQ":-172217307.01,"HOLDER_PROFIT_QOQ_SQ":14.155054808165,"ROE_AVG_SQ":294.875023794532,"PE_TTM_SQ":-0.340871891925,"PB_TTM_SQ":-0.197907600391,"ROA_SQ":-11.393598212139,"START_DATE":"2022-07-01 00:00:00","FISCAL_YEAR":"6-30","CURRENCY":"HKD","IS_CNY_CODE":0,"DPS_HKD_LY":null,"ORG_TYPE":"一般企业","PREMIUM_INCOME":null,"PREMIUM_INCOME_YOY":null,"NET_INTEREST_INCOME":null,"NET_INTEREST_INCOME_YOY":null,"FEE_COMMISSION_INCOME":null,"FEE_COMMISSION_INCOME_YOY":null,"ACCOUNTS_RECE_TDAYS":21.634039929815,"INVENTORY_TDAYS":55.993620899149,"CURRENT_ASSETS_TDAYS":2.875393541352,"TOTAL_ASSETS_TDAYS":0.284093375294,"PREMIUM_EXPENSE":null,"LOAN_DEPOSIT":null,"LOAN_EQUITY":null,"LOAN_ASSETS":null,"DEPOSIT_EQUITY":null,"DEPOSIT_ASSETS":null,"EQUITY_MULTIPLIER":-2.455716772255,"EQUITY_RATIO":-3.47270711621},{"SECUCODE":"00491.HK","SECURITY_CODE":"00491","SECURITY_NAME_ABBR":"英皇文化产业","ORG_CODE":"10008926","STD_REPORT_DATE":"2022-06-30 00:00:00","REPORT_DATE":"2022-12-31 00:00:00","DATE_TYPE_CODE":"002","REPORT_TYPE":"2022年中报","PER_NETCASH_OPERATE":0.008473628249,"PER_OI":0.058997657535,"BPS":-0.106135793766,"BASIC_EPS":-0.03930388,"DILUTED_EPS":-0.03930388,"OPERATE_INCOME":189579585.37,"OPERATE_INCOME_YOY":17.2650621049,"GROSS_PROFIT":111301442,"GROSS_PROFIT_YOY":26.277225970216,"HOLDER_PROFIT":-126708562.96,"HOLDER_PROFIT_YOY":-48.6891896141,"GROSS_PROFIT_RATIO":58.709613581428,"EPS_TTM":-0.053594471581,"OPERATE_INCOME_QOQ":5.848076929659,"NET_PROFIT_RATIO":-68.430153936,"ROE_AVG":46.110536820685,"GROSS_PROFIT_QOQ":3.934902169325,"ROA":-8.577580120777,"HOLDER_PROFIT_QOQ":-9.703047952501,"ROE_YEARLY":92.22107364137,"ROIC_YEARLY":-17.152105712149,"TOTAL_ASSETS":1338306046.7,"TOTAL_LIABILITIES":1768774646.24,"TAX_EBT":null,"OCF_SALES":14.362652015964,"TOTAL_PARENT_EQUITY":-341050486,"DEBT_ASSET_RATIO":132.165183786,"OPERATE_PROFIT":-81272384.41,"PRETAX_PROFIT":-129729602.1,"NETCASH_OPERATE":27228656.14,"NETCASH_INVEST":-14069895.77,"NETCASH_FINANCE":-44876991.53,"END_CASH":71771564.69,"DIVI_RATIO":null,"DIVIDEND_RATE":null,"CURRENT_RATIO":0.297865201622,"COMMON_ACS":50000000000,"CURRENTDEBT_DEBT":22.126071656553,"ISSUED_COMMON_SHARES":3213340890,"HK_COMMON_SHARES":3213340890,"PER_SHARES":20000,"TOTAL_MARKET_CAP":128533635.6,"HKSK_MARKET_CAP":128533635.6,"PE_TTM":-0.179729868321,"PB_TTM":-0.099825592156,"REPORT_DATE_SQ":"2021-06-30 00:00:00","REPORT_TYPE_SQ":"2021年中报","OPERATE_INCOME_SQ":147972518.4,"DPS_HKD":null,"OPERATE_INCOME_QOQ_SQ":78.452552313411,"NET_PROFIT_RATIO_SQ":-55.2203509703,"HOLDER_PROFIT_SQ":-77998222.4,"HOLDER_PROFIT_QOQ_SQ":44.838679297222,"ROE_AVG_SQ":-185.057515858082,"PE_TTM_SQ":-0.340871891925,"PB_TTM_SQ":-0.197907600391,"ROA_SQ":-5.424097516516,"START_DATE":"2022-07-01 00:00:00","FISCAL_YEAR":"6-30","CURRENCY":"HKD","IS_CNY_CODE":0,"DPS_HKD_LY":null,"ORG_TYPE":"一般企业","PREMIUM_INCOME":null,"PREMIUM_INCOME_YOY":null,"NET_INTEREST_INCOME":null,"NET_INTEREST_INCOME_YOY":null,"FEE_COMMISSION_INCOME":null,"FEE_COMMISSION_INCOME_YOY":null,"ACCOUNTS_RECE_TDAYS":11.929456732526,"INVENTORY_TDAYS":26.680164408586,"CURRENT_ASSETS_TDAYS":1.37433948091,"TOTAL_ASSETS_TDAYS":0.128336557908,"PREMIUM_EXPENSE":null,"LOAN_DEPOSIT":null,"LOAN_EQUITY":null,"LOAN_ASSETS":null,"DEPOSIT_EQUITY":null,"DEPOSIT_ASSETS":null,"EQUITY_MULTIPLIER":-3.108951612567,"EQUITY_RATIO":-5.186254583552},{"SECUCODE":"00491.HK","SECURITY_CODE":"00491","SECURITY_NAME_ABBR":"英皇文化产业","ORG_CODE":"10008926","STD_REPORT_DATE":"2021-12-31 00:00:00","REPORT_DATE":"2022-06-30 00:00:00","DATE_TYPE_CODE":"001","REPORT_TYPE":"2021年年报","PER_NETCASH_OPERATE":-0.002084653792,"PER_OI":0.081627782252,"BPS":-0.062130294517,"BASIC_EPS":-0.0513114,"DILUTED_EPS":-0.0513114,"OPERATE_INCOME":262297890.47,"OPERATE_INCOME_YOY":58.9944429469,"GROSS_PROFIT":153075589.24,"GROSS_PROFIT_YOY":65.479971619337,"HOLDER_PROFIT":-172217307.01,"HOLDER_PROFIT_YOY":8.3703787965,"GROSS_PROFIT_RATIO":58.35944351886,"EPS_TTM":-0.048854131751,"OPERATE_INCOME_QOQ":54.381943494211,"NET_PROFIT_RATIO":-71.2072849863,"ROE_AVG":294.875023794532,"GROSS_PROFIT_QOQ":59.2150164819,"ROA":-11.393598212139,"HOLDER_PROFIT_QOQ":14.155054808165,"ROE_YEARLY":294.875023794532,"ROIC_YEARLY":-11.498281215964,"TOTAL_ASSETS":1547212313.57,"TOTAL_LIABILITIES":1830877126.19,"TAX_EBT":null,"OCF_SALES":-2.553853276516,"TOTAL_PARENT_EQUITY":-199645815.88,"DEBT_ASSET_RATIO":118.3339293601,"OPERATE_PROFIT":-130106896.22,"PRETAX_PROFIT":-186775206.38,"NETCASH_OPERATE":-6698703.27,"NETCASH_INVEST":-54773209.12,"NETCASH_FINANCE":113811250.77,"END_CASH":100409568.28,"DIVI_RATIO":null,"DIVIDEND_RATE":null,"CURRENT_RATIO":0.408035471199,"COMMON_ACS":50000000000,"CURRENTDEBT_DEBT":20.416030446994,"ISSUED_COMMON_SHARES":3213340890,"HK_COMMON_SHARES":3213340890,"PER_SHARES":20000,"TOTAL_MARKET_CAP":141386999.16,"HKSK_MARKET_CAP":141386999.16,"PE_TTM":-0.197702855153,"PB_TTM":-0.109808151372,"REPORT_DATE_SQ":"2020-12-31 00:00:00","REPORT_TYPE_SQ":"2020年年报","OPERATE_INCOME_SQ":160514888.64,"DPS_HKD":null,"OPERATE_INCOME_QOQ_SQ":-21.999327753553,"NET_PROFIT_RATIO_SQ":-118.2314885852,"HOLDER_PROFIT_SQ":-182870382,"HOLDER_PROFIT_QOQ_SQ":-6.065171743112,"ROE_AVG_SQ":-112.549578915294,"PE_TTM_SQ":-0.36035028575,"PB_TTM_SQ":-0.209216606127,"ROA_SQ":-12.769854138081,"START_DATE":"2021-07-01 00:00:00","FISCAL_YEAR":"6-30","CURRENCY":"HKD","IS_CNY_CODE":0,"DPS_HKD_LY":null,"ORG_TYPE":"一般企业","PREMIUM_INCOME":null,"PREMIUM_INCOME_YOY":null,"NET_INTEREST_INCOME":null,"NET_INTEREST_INCOME_YOY":null,"FEE_COMMISSION_INCOME":null,"FEE_COMMISSION_INCOME_YOY":null,"ACCOUNTS_RECE_TDAYS":23.852010265184,"INVENTORY_TDAYS":53.889029535865,"CURRENT_ASSETS_TDAYS":2.123293977563,"TOTAL_ASSETS_TDAYS":0.173531733122,"PREMIUM_EXPENSE":null,"LOAN_DEPOSIT":null,"LOAN_EQUITY":null,"LOAN_ASSETS":null,"DEPOSIT_EQUITY":null,"DEPOSIT_ASSETS":null,"EQUITY_MULTIPLIER":-5.454368130033,"EQUITY_RATIO":-9.170626081593},{"SECUCODE":"00491.HK","SECURITY_CODE":"00491","SECURITY_NAME_ABBR":"英皇文化产业","ORG_CODE":"10008926","STD_REPORT_DATE":"2021-06-30 00:00:00","REPORT_DATE":"2021-12-31 00:00:00","DATE_TYPE_CODE":"002","REPORT_TYPE":"2021年中报","PER_NETCASH_OPERATE":0.003383532956,"PER_OI":0.046049430629,"BPS":0.001586683074,"BASIC_EPS":-0.024528,"DILUTED_EPS":-0.024528,"OPERATE_INCOME":147972518.4,"OPERATE_INCOME_YOY":151.0215120875,"GROSS_PROFIT":88140550.4,"GROSS_PROFIT_YOY":164.176287856636,"HOLDER_PROFIT":-77998222.4,"HOLDER_PROFIT_YOY":22.7100380783,"GROSS_PROFIT_RATIO":59.565486451841,"EPS_TTM":-0.056909736085,"OPERATE_INCOME_QOQ":78.452552313411,"NET_PROFIT_RATIO":-55.2203509703,"ROE_AVG":-185.057515858082,"GROSS_PROFIT_QOQ":79.911423200033,"ROA":-5.424097516516,"HOLDER_PROFIT_QOQ":44.838679297222,"ROE_YEARLY":-370.115031716165,"ROIC_YEARLY":-11.166903946354,"TOTAL_ASSETS":1465018195.2,"TOTAL_LIABILITIES":1499505380.8,"TAX_EBT":null,"OCF_SALES":7.347610838527,"TOTAL_PARENT_EQUITY":5098553.6,"DEBT_ASSET_RATIO":102.3540448653,"OPERATE_PROFIT":-57257345.6,"PRETAX_PROFIT":-81710944,"NETCASH_OPERATE":10872444.8,"NETCASH_INVEST":-38535940.8,"NETCASH_FINANCE":91825473.6,"END_CASH":111025174.4,"DIVI_RATIO":null,"DIVIDEND_RATE":null,"CURRENT_RATIO":0.789057911768,"COMMON_ACS":50000000000,"CURRENTDEBT_DEBT":14.204597190999,"ISSUED_COMMON_SHARES":3213340890,"HK_COMMON_SHARES":3213340890,"PER_SHARES":20000,"TOTAL_MARKET_CAP":141386999.16,"HKSK_MARKET_CAP":141386999.16,"PE_TTM":-0.197702855153,"PB_TTM":-0.109808151372,"REPORT_DATE_SQ":"2020-06-30 00:00:00","REPORT_TYPE_SQ":"2020年中报","OPERATE_INCOME_SQ":60681402.36,"DPS_HKD":null,"OPERATE_INCOME_QOQ_SQ":-23.015455413261,"NET_PROFIT_RATIO_SQ":-177.7153635973,"HOLDER_PROFIT_SQ":-103883625.2,"HOLDER_PROFIT_QOQ_SQ":-143.559501137578,"ROE_AVG_SQ":-51.070080165503,"PE_TTM_SQ":-0.36035028575,"PB_TTM_SQ":-0.209216606127,"ROA_SQ":-7.04897791819,"START_DATE":"2021-07-01 00:00:00","FISCAL_YEAR":"6-30","CURRENCY":"HKD","IS_CNY_CODE":0,"DPS_HKD_LY":null,"ORG_TYPE":"一般企业","PREMIUM_INCOME":null,"PREMIUM_INCOME_YOY":null,"NET_INTEREST_INCOME":null,"NET_INTEREST_INCOME_YOY":null,"FEE_COMMISSION_INCOME":null,"FEE_COMMISSION_INCOME_YOY":null,"ACCOUNTS_RECE_TDAYS":14.586661293572,"INVENTORY_TDAYS":37.653717519938,"CURRENT_ASSETS_TDAYS":1.14503715373,"TOTAL_ASSETS_TDAYS":0.102902007875,"PREMIUM_EXPENSE":null,"LOAN_DEPOSIT":null,"LOAN_EQUITY":null,"LOAN_ASSETS":null,"DEPOSIT_EQUITY":null,"DEPOSIT_ASSETS":null,"EQUITY_MULTIPLIER":-42.480073967178,"EQUITY_RATIO":294.104073123797},{"SECUCODE":"00491.HK","SECURITY_CODE":"00491","SECURITY_NAME_ABBR":"英皇文化产业","ORG_CODE":"10008926","STD_REPORT_DATE":"2020-12-31 00:00:00","REPORT_DATE":"2021-06-30 00:00:00","DATE_TYPE_CODE":"001","REPORT_TYPE":"2020年年报","PER_NETCASH_OPERATE":-0.000551812752,"PER_OI":0.049952648703,"BPS":0.025083009876,"BASIC_EPS":-0.0582456,"DILUTED_EPS":-0.0582456,"OPERATE_INCOME":160514888.64,"OPERATE_INCOME_YOY":52.8044675037,"GROSS_PROFIT":92503997.76,"GROSS_PROFIT_YOY":33.420183955919,"HOLDER_PROFIT":-182870382,"HOLDER_PROFIT_YOY":35.7722959486,"GROSS_PROFIT_RATIO":57.629543616646,"EPS_TTM":-0.103169640175,"OPERATE_INCOME_QOQ":-21.999327753553,"NET_PROFIT_RATIO":-118.2314885852,"ROE_AVG":-112.549578915294,"GROSS_PROFIT_QOQ":-25.841182520369,"ROA":-12.769854138081,"HOLDER_PROFIT_QOQ":-6.065171743112,"ROE_YEARLY":-112.549578915294,"ROIC_YEARLY":-12.835169327581,"TOTAL_ASSETS":1435959563.76,"TOTAL_LIABILITIES":1391838521.76,"TAX_EBT":null,"OCF_SALES":-1.104671656956,"TOTAL_PARENT_EQUITY":80600261.28,"DEBT_ASSET_RATIO":96.9274175183,"OPERATE_PROFIT":-138938222.16,"PRETAX_PROFIT":-189779142.24,"NETCASH_OPERATE":-1773162.48,"NETCASH_INVEST":-60836697.12,"NETCASH_FINANCE":74699982,"END_CASH":47310404.64,"DIVI_RATIO":null,"DIVIDEND_RATE":null,"CURRENT_RATIO":0.555203463117,"COMMON_ACS":50000000000,"CURRENTDEBT_DEBT":11.904369046381,"ISSUED_COMMON_SHARES":3213340890,"HK_COMMON_SHARES":3213340890,"PER_SHARES":20000,"TOTAL_MARKET_CAP":141386999.16,"HKSK_MARKET_CAP":141386999.16,"PE_TTM":-0.197702855153,"PB_TTM":-0.109808151372,"REPORT_DATE_SQ":"2019-12-31 00:00:00","REPORT_TYPE_SQ":"2019年年报","OPERATE_INCOME_SQ":115317232.8,"DPS_HKD":null,"OPERATE_INCOME_QOQ_SQ":16.83106098857,"NET_PROFIT_RATIO_SQ":-279.7940512496,"HOLDER_PROFIT_SQ":-312561812.64,"HOLDER_PROFIT_QOQ_SQ":-15.382996698897,"ROE_AVG_SQ":-74.614992951305,"PE_TTM_SQ":-0.36035028575,"PB_TTM_SQ":-0.209216606127,"ROA_SQ":-28.31900959068,"START_DATE":"2020-07-01 00:00:00","FISCAL_YEAR":"6-30","CURRENCY":"HKD","IS_CNY_CODE":0,"DPS_HKD_LY":null,"ORG_TYPE":"一般企业","PREMIUM_INCOME":null,"PREMIUM_INCOME_YOY":null,"NET_INTEREST_INCOME":null,"NET_INTEREST_INCOME_YOY":null,"FEE_COMMISSION_INCOME":null,"FEE_COMMISSION_INCOME_YOY":null,"ACCOUNTS_RECE_TDAYS":36.408040011324,"INVENTORY_TDAYS":42.33929033929,"CURRENT_ASSETS_TDAYS":1.912716708558,"TOTAL_ASSETS_TDAYS":0.112087681587,"PREMIUM_EXPENSE":null,"LOAN_DEPOSIT":null,"LOAN_EQUITY":null,"LOAN_ASSETS":null,"DEPOSIT_EQUITY":null,"DEPOSIT_ASSETS":null,"EQUITY_MULTIPLIER":32.545912305232,"EQUITY_RATIO":17.268412033118},{"SECUCODE":"00491.HK","SECURITY_CODE":"00491","SECURITY_NAME_ABBR":"英皇文化产业","ORG_CODE":"10008926","STD_REPORT_DATE":"2020-06-30 00:00:00","REPORT_DATE":"2020-12-31 00:00:00","DATE_TYPE_CODE":"002","REPORT_TYPE":"2020年中报","PER_NETCASH_OPERATE":0.000317447702,"PER_OI":0.018884209437,"BPS":0.049686851394,"BASIC_EPS":-0.0336656,"DILUTED_EPS":-0.0336656,"OPERATE_INCOME":60681402.36,"OPERATE_INCOME_YOY":-24.9453477962,"GROSS_PROFIT":33364292.88,"GROSS_PROFIT_YOY":-34.93793690406,"HOLDER_PROFIT":-103883625.2,"HOLDER_PROFIT_YOY":-30.1908086956,"GROSS_PROFIT_RATIO":54.982732076728,"EPS_TTM":-0.097270044897,"OPERATE_INCOME_QOQ":-23.015455413261,"NET_PROFIT_RATIO":-177.7153635973,"ROE_AVG":-51.070080165503,"GROSS_PROFIT_QOQ":-19.499103539422,"ROA":-7.04897791819,"HOLDER_PROFIT_QOQ":-143.559501137578,"ROE_YEARLY":-102.140160331006,"ROIC_YEARLY":-14.133231730096,"TOTAL_ASSETS":1502936747.36,"TOTAL_LIABILITIES":1377192364.8,"TAX_EBT":null,"OCF_SALES":1.681021928182,"TOTAL_PARENT_EQUITY":159660791.28,"DEBT_ASSET_RATIO":91.6334215142,"OPERATE_PROFIT":-81741760.08,"PRETAX_PROFIT":-107840174.84,"NETCASH_OPERATE":1020067.68,"NETCASH_INVEST":-51605156.6,"NETCASH_FINANCE":52568834.4,"END_CASH":37486645.6,"DIVI_RATIO":null,"DIVIDEND_RATE":null,"CURRENT_RATIO":0.539242431494,"COMMON_ACS":50000000000,"CURRENTDEBT_DEBT":11.492189791728,"ISSUED_COMMON_SHARES":3213340890,"HK_COMMON_SHARES":3213340890,"PER_SHARES":20000,"TOTAL_MARKET_CAP":128533635.6,"HKSK_MARKET_CAP":128533635.6,"PE_TTM":-0.179729868321,"PB_TTM":-0.099825592156,"REPORT_DATE_SQ":"2019-06-30 00:00:00","REPORT_TYPE_SQ":"2019年中报","OPERATE_INCOME_SQ":86050418.36,"DPS_HKD":null,"OPERATE_INCOME_QOQ_SQ":3.824858710824,"NET_PROFIT_RATIO_SQ":-103.0313755699,"HOLDER_PROFIT_SQ":-84926214.46,"HOLDER_PROFIT_QOQ_SQ":21.306520020432,"ROE_AVG_SQ":-16.209040146896,"PE_TTM_SQ":-0.340871891925,"PB_TTM_SQ":-0.197907600391,"ROA_SQ":-7.8130672142,"START_DATE":"2020-07-01 00:00:00","FISCAL_YEAR":"6-30","CURRENCY":"HKD","IS_CNY_CODE":0,"DPS_HKD_LY":null,"ORG_TYPE":"一般企业","PREMIUM_INCOME":null,"PREMIUM_INCOME_YOY":null,"NET_INTEREST_INCOME":null,"NET_INTEREST_INCOME_YOY":null,"FEE_COMMISSION_INCOME":null,"FEE_COMMISSION_INCOME_YOY":null,"ACCOUNTS_RECE_TDAYS":16.023780420047,"INVENTORY_TDAYS":16.935559613879,"CURRENT_ASSETS_TDAYS":0.748851001511,"TOTAL_ASSETS_TDAYS":0.04117509997,"PREMIUM_EXPENSE":null,"LOAN_DEPOSIT":null,"LOAN_EQUITY":null,"LOAN_ASSETS":null,"DEPOSIT_EQUITY":null,"DEPOSIT_ASSETS":null,"EQUITY_MULTIPLIER":11.952317207055,"EQUITY_RATIO":8.625739317456},{"SECUCODE":"00491.HK","SECURITY_CODE":"00491","SECURITY_NAME_ABBR":"英皇文化产业","ORG_CODE":"10008926","STD_REPORT_DATE":"2019-12-31 00:00:00","REPORT_DATE":"2020-06-30 00:00:00","DATE_TYPE_CODE":"001","REPORT_TYPE":"2019年年报","PER_NETCASH_OPERATE":0.031988043995,"PER_OI":0.035887021249,"BPS":0.083480923532,"BASIC_EPS":-0.1004784,"DILUTED_EPS":-0.1004784,"OPERATE_INCOME":115317232.8,"OPERATE_INCOME_YOY":-13.3842871159,"GROSS_PROFIT":69332836.32,"GROSS_PROFIT_YOY":0.226050761451,"HOLDER_PROFIT":-312561812.64,"HOLDER_PROFIT_YOY":-170.6335961783,"GROSS_PROFIT_RATIO":60.123569250267,"EPS_TTM":-0.03993687146,"OPERATE_INCOME_QOQ":16.83106098857,"NET_PROFIT_RATIO":-279.7940512496,"ROE_AVG":-74.614992951305,"GROSS_PROFIT_QOQ":24.503024398657,"ROA":-28.31900959068,"HOLDER_PROFIT_QOQ":-15.382996698897,"ROE_YEARLY":-74.614992951305,"ROIC_YEARLY":-30.147547930831,"TOTAL_ASSETS":1567777263.36,"TOTAL_LIABILITIES":1332523531.68,"TAX_EBT":0.275548980525,"OCF_SALES":89.135411303418,"TOTAL_PARENT_EQUITY":268252665.12,"DEBT_ASSET_RATIO":84.9944416737,"OPERATE_PROFIT":-278065751.04,"PRETAX_PROFIT":-323542274.88,"NETCASH_OPERATE":102788489.76,"NETCASH_INVEST":-315872119.2,"NETCASH_FINANCE":100461044.64,"END_CASH":37108500,"DIVI_RATIO":null,"DIVIDEND_RATE":null,"CURRENT_RATIO":0.75758583147,"COMMON_ACS":50000000000,"CURRENTDEBT_DEBT":8.248097576291,"ISSUED_COMMON_SHARES":3213340890,"HK_COMMON_SHARES":3213340890,"PER_SHARES":20000,"TOTAL_MARKET_CAP":141386999.16,"HKSK_MARKET_CAP":141386999.16,"PE_TTM":-0.197702855153,"PB_TTM":-0.109808151372,"REPORT_DATE_SQ":"2018-12-31 00:00:00","REPORT_TYPE_SQ":"2018年年报","OPERATE_INCOME_SQ":128213083.98,"DPS_HKD":null,"OPERATE_INCOME_QOQ_SQ":60.600741585324,"NET_PROFIT_RATIO_SQ":-92.1318943692,"HOLDER_PROFIT_SQ":-111221571.42,"HOLDER_PROFIT_QOQ_SQ":-8.999202982276,"ROE_AVG_SQ":-18.374479735857,"PE_TTM_SQ":-0.36035028575,"PB_TTM_SQ":-0.209216606127,"ROA_SQ":-15.776217947558,"START_DATE":"2019-07-01 00:00:00","FISCAL_YEAR":"6-30","CURRENCY":"HKD","IS_CNY_CODE":0,"DPS_HKD_LY":null,"ORG_TYPE":"一般企业","PREMIUM_INCOME":null,"PREMIUM_INCOME_YOY":null,"NET_INTEREST_INCOME":null,"NET_INTEREST_INCOME_YOY":null,"FEE_COMMISSION_INCOME":null,"FEE_COMMISSION_INCOME_YOY":null,"ACCOUNTS_RECE_TDAYS":34.620869326752,"INVENTORY_TDAYS":36.599054889131,"CURRENT_ASSETS_TDAYS":0.534113769681,"TOTAL_ASSETS_TDAYS":0.10448076795,"PREMIUM_EXPENSE":null,"LOAN_DEPOSIT":null,"LOAN_EQUITY":null,"LOAN_ASSETS":null,"DEPOSIT_EQUITY":null,"DEPOSIT_ASSETS":null,"EQUITY_MULTIPLIER":6.66419721449,"EQUITY_RATIO":4.967419544868}],"count":45},"success":true,"message":"ok","code":0}