{"version":"cf12dffe6b9dbb4a5cdf70af9c9a7874","result":{"pages":5,"data":[{"SECUCODE":"00505.HK","SECURITY_CODE":"00505","SECURITY_NAME_ABBR":"兴业合金","ORG_CODE":"10107884","STD_REPORT_DATE":"2024-06-30 00:00:00","REPORT_DATE":"2024-06-30 00:00:00","DATE_TYPE_CODE":"002","REPORT_TYPE":"2024年中报","PER_NETCASH_OPERATE":-0.336657493745,"PER_OI":3.994745540487,"BPS":2.318551554086,"BASIC_EPS":0.1597,"DILUTED_EPS":0.1597,"OPERATE_INCOME":3593506000,"OPERATE_INCOME_YOY":27.9148683211,"GROSS_PROFIT":430096000,"GROSS_PROFIT_YOY":50.466867944067,"HOLDER_PROFIT":140937000,"HOLDER_PROFIT_YOY":30.8291405974,"GROSS_PROFIT_RATIO":11.968701318434,"EPS_TTM":0.245295975984,"OPERATE_INCOME_QOQ":12.402173338896,"NET_PROFIT_RATIO":3.9275014429,"ROE_AVG":6.964438063288,"GROSS_PROFIT_QOQ":23.635419295009,"ROA":2.785054762646,"HOLDER_PROFIT_QOQ":17.717541491728,"ROE_YEARLY":13.928876126575,"ROIC_YEARLY":6.464286111522,"TOTAL_ASSETS":5481383000,"TOTAL_LIABILITIES":3392023000,"TAX_EBT":23.155453194165,"OCF_SALES":-8.427507843315,"TOTAL_PARENT_EQUITY":2085672000,"DEBT_ASSET_RATIO":61.8826124721,"OPERATE_PROFIT":195912000,"PRETAX_PROFIT":183663000,"NETCASH_OPERATE":-302843000,"NETCASH_INVEST":-77202000,"NETCASH_FINANCE":662247000,"END_CASH":700931000,"DIVI_RATIO":null,"DIVIDEND_RATE":null,"CURRENT_RATIO":1.419757243464,"COMMON_ACS":5000000000,"CURRENTDEBT_DEBT":85.364279664377,"ISSUED_COMMON_SHARES":899558173,"HK_COMMON_SHARES":899558173,"PER_SHARES":1000,"TOTAL_MARKET_CAP":899558173,"HKSK_MARKET_CAP":899558173,"PE_TTM":3.680319298696,"PB_TTM":0.393642314484,"REPORT_DATE_SQ":"2023-06-30 00:00:00","REPORT_TYPE_SQ":"2023年中报","OPERATE_INCOME_SQ":2809295000,"DPS_HKD":null,"OPERATE_INCOME_QOQ_SQ":-6.620753949985,"NET_PROFIT_RATIO_SQ":3.840322928,"HOLDER_PROFIT_SQ":107726000,"HOLDER_PROFIT_QOQ_SQ":-5.411182464094,"ROE_AVG_SQ":5.881204859203,"PE_TTM_SQ":4.218150569507,"PB_TTM_SQ":0.454243073631,"ROA_SQ":2.454003382609,"START_DATE":"2024-01-01 00:00:00","FISCAL_YEAR":"12-31","CURRENCY":"HKD","IS_CNY_CODE":0,"DPS_HKD_LY":null,"ORG_TYPE":"一般企业","PREMIUM_INCOME":null,"PREMIUM_INCOME_YOY":null,"NET_INTEREST_INCOME":null,"NET_INTEREST_INCOME_YOY":null,"FEE_COMMISSION_INCOME":null,"FEE_COMMISSION_INCOME_YOY":null,"ACCOUNTS_RECE_TDAYS":4.483246646148,"INVENTORY_TDAYS":2.218827428391,"CURRENT_ASSETS_TDAYS":0.964392415678,"TOTAL_ASSETS_TDAYS":0.710112390635,"PREMIUM_EXPENSE":null,"LOAN_DEPOSIT":null,"LOAN_EQUITY":null,"LOAN_ASSETS":null,"DEPOSIT_EQUITY":null,"DEPOSIT_ASSETS":null,"EQUITY_MULTIPLIER":2.623474652527,"EQUITY_RATIO":1.626345369742},{"SECUCODE":"00505.HK","SECURITY_CODE":"00505","SECURITY_NAME_ABBR":"兴业合金","ORG_CODE":"10107884","STD_REPORT_DATE":"2023-12-31 00:00:00","REPORT_DATE":"2023-12-31 00:00:00","DATE_TYPE_CODE":"001","REPORT_TYPE":"2023年年报","PER_NETCASH_OPERATE":-0.141150404511,"PER_OI":7.029199655774,"BPS":2.180693877149,"BASIC_EPS":0.21,"DILUTED_EPS":0.21,"OPERATE_INCOME":6323174000,"OPERATE_INCOME_YOY":1.3572164096,"GROSS_PROFIT":610334000,"GROSS_PROFIT_YOY":3.80765613227,"HOLDER_PROFIT":187447000,"HOLDER_PROFIT_YOY":-13.4621688126,"GROSS_PROFIT_RATIO":9.65233599455,"EPS_TTM":0.208376740522,"OPERATE_INCOME_QOQ":8.543622589636,"NET_PROFIT_RATIO":2.9683193915,"ROE_AVG":10.01200177543,"GROSS_PROFIT_QOQ":2.086441641856,"ROA":4.254815429531,"HOLDER_PROFIT_QOQ":-8.511562527454,"ROE_YEARLY":10.01200177543,"ROIC_YEARLY":4.930921926171,"TOTAL_ASSETS":4639567000,"TOTAL_LIABILITIES":2674916000,"TAX_EBT":16.051900653455,"OCF_SALES":-2.008057978477,"TOTAL_PARENT_EQUITY":1961661000,"DEBT_ASSET_RATIO":57.6544319761,"OPERATE_PROFIT":219748000,"PRETAX_PROFIT":223581000,"NETCASH_OPERATE":-126973000,"NETCASH_INVEST":-146128000,"NETCASH_FINANCE":371896000,"END_CASH":418750000,"DIVI_RATIO":null,"DIVIDEND_RATE":null,"CURRENT_RATIO":1.346695669312,"COMMON_ACS":5000000000,"CURRENTDEBT_DEBT":92.756295898638,"ISSUED_COMMON_SHARES":899558173,"HK_COMMON_SHARES":899558173,"PER_SHARES":1000,"TOTAL_MARKET_CAP":899558173,"HKSK_MARKET_CAP":899558173,"PE_TTM":3.680319298696,"PB_TTM":0.393642314484,"REPORT_DATE_SQ":"2022-12-31 00:00:00","REPORT_TYPE_SQ":"2022年年报","OPERATE_INCOME_SQ":6238504000,"DPS_HKD":null,"OPERATE_INCOME_QOQ_SQ":-10.934205854425,"NET_PROFIT_RATIO_SQ":3.475608896,"HOLDER_PROFIT_SQ":216607000,"HOLDER_PROFIT_QOQ_SQ":-7.545905431823,"ROE_AVG_SQ":12.935120464121,"PE_TTM_SQ":4.218150569507,"PB_TTM_SQ":0.454243073631,"ROA_SQ":5.593881328326,"START_DATE":"2023-01-01 00:00:00","FISCAL_YEAR":"12-31","CURRENCY":"HKD","IS_CNY_CODE":0,"DPS_HKD_LY":null,"ORG_TYPE":"一般企业","PREMIUM_INCOME":null,"PREMIUM_INCOME_YOY":null,"NET_INTEREST_INCOME":null,"NET_INTEREST_INCOME_YOY":null,"FEE_COMMISSION_INCOME":null,"FEE_COMMISSION_INCOME_YOY":null,"ACCOUNTS_RECE_TDAYS":10.083809894396,"INVENTORY_TDAYS":4.483028675551,"CURRENT_ASSETS_TDAYS":1.955469527847,"TOTAL_ASSETS_TDAYS":1.435282415766,"PREMIUM_EXPENSE":null,"LOAN_DEPOSIT":null,"LOAN_EQUITY":null,"LOAN_ASSETS":null,"DEPOSIT_EQUITY":null,"DEPOSIT_ASSETS":null,"EQUITY_MULTIPLIER":2.361522224559,"EQUITY_RATIO":1.36359748193},{"SECUCODE":"00505.HK","SECURITY_CODE":"00505","SECURITY_NAME_ABBR":"兴业合金","ORG_CODE":"10107884","STD_REPORT_DATE":"2023-06-30 00:00:00","REPORT_DATE":"2023-06-30 00:00:00","DATE_TYPE_CODE":"002","REPORT_TYPE":"2023年中报","PER_NETCASH_OPERATE":-0.205287446152,"PER_OI":3.12297201484,"BPS":2.090597424876,"BASIC_EPS":0.1213,"DILUTED_EPS":0.1213,"OPERATE_INCOME":2809295000,"OPERATE_INCOME_YOY":-12.8179259052,"GROSS_PROFIT":285841000,"GROSS_PROFIT_YOY":3.592603867676,"HOLDER_PROFIT":107726000,"HOLDER_PROFIT_YOY":-9.812720286,"GROSS_PROFIT_RATIO":10.174830339996,"EPS_TTM":0.227762924233,"OPERATE_INCOME_QOQ":-6.620753949985,"NET_PROFIT_RATIO":3.840322928,"ROE_AVG":5.881204859203,"GROSS_PROFIT_QOQ":1.686036326404,"ROA":2.454003382609,"HOLDER_PROFIT_QOQ":-5.411182464094,"ROE_YEARLY":11.762409718406,"ROIC_YEARLY":5.758824692125,"TOTAL_ASSETS":4608128000,"TOTAL_LIABILITIES":2724609000,"TAX_EBT":13.731228709879,"OCF_SALES":-6.573464160937,"TOTAL_PARENT_EQUITY":1880614000,"DEBT_ASSET_RATIO":59.1261570859,"OPERATE_PROFIT":120950000,"PRETAX_PROFIT":125058000,"NETCASH_OPERATE":-184668000,"NETCASH_INVEST":3809000,"NETCASH_FINANCE":343935000,"END_CASH":484613000,"DIVI_RATIO":null,"DIVIDEND_RATE":null,"CURRENT_RATIO":1.328857745492,"COMMON_ACS":5000000000,"CURRENTDEBT_DEBT":95.914239437659,"ISSUED_COMMON_SHARES":899558173,"HK_COMMON_SHARES":899558173,"PER_SHARES":1000,"TOTAL_MARKET_CAP":899558173,"HKSK_MARKET_CAP":899558173,"PE_TTM":3.680319298696,"PB_TTM":0.393642314484,"REPORT_DATE_SQ":"2022-06-30 00:00:00","REPORT_TYPE_SQ":"2022年中报","OPERATE_INCOME_SQ":3222331000,"DPS_HKD":null,"OPERATE_INCOME_QOQ_SQ":0.784128533999,"NET_PROFIT_RATIO_SQ":3.7105437027,"HOLDER_PROFIT_SQ":119447000,"HOLDER_PROFIT_QOQ_SQ":-15.413193153222,"ROE_AVG_SQ":7.336964950908,"PE_TTM_SQ":4.218150569507,"PB_TTM_SQ":0.454243073631,"ROA_SQ":3.125019213006,"START_DATE":"2023-01-01 00:00:00","FISCAL_YEAR":"12-31","CURRENCY":"HKD","IS_CNY_CODE":0,"DPS_HKD_LY":null,"ORG_TYPE":"一般企业","PREMIUM_INCOME":null,"PREMIUM_INCOME_YOY":null,"NET_INTEREST_INCOME":null,"NET_INTEREST_INCOME_YOY":null,"FEE_COMMISSION_INCOME":null,"FEE_COMMISSION_INCOME_YOY":null,"ACCOUNTS_RECE_TDAYS":4.980772231166,"INVENTORY_TDAYS":2.029310745531,"CURRENT_ASSETS_TDAYS":0.851495423882,"TOTAL_ASSETS_TDAYS":0.639958731666,"PREMIUM_EXPENSE":null,"LOAN_DEPOSIT":null,"LOAN_EQUITY":null,"LOAN_ASSETS":null,"DEPOSIT_EQUITY":null,"DEPOSIT_ASSETS":null,"EQUITY_MULTIPLIER":2.446552437219,"EQUITY_RATIO":1.448786938734},{"SECUCODE":"00505.HK","SECURITY_CODE":"00505","SECURITY_NAME_ABBR":"兴业合金","ORG_CODE":"10107884","STD_REPORT_DATE":"2022-12-31 00:00:00","REPORT_DATE":"2022-12-31 00:00:00","DATE_TYPE_CODE":"001","REPORT_TYPE":"2022年年报","PER_NETCASH_OPERATE":0.368636526189,"PER_OI":6.935075670754,"BPS":1.98184514744,"BASIC_EPS":0.24,"DILUTED_EPS":0.24,"OPERATE_INCOME":6238504000,"OPERATE_INCOME_YOY":-10.2358155485,"GROSS_PROFIT":587947000,"GROSS_PROFIT_YOY":-25.620391970326,"HOLDER_PROFIT":216607000,"HOLDER_PROFIT_YOY":-21.7960336057,"GROSS_PROFIT_RATIO":9.424487024453,"EPS_TTM":0.240792654107,"OPERATE_INCOME_QOQ":-10.934205854425,"NET_PROFIT_RATIO":3.475608896,"ROE_AVG":12.935120464121,"GROSS_PROFIT_QOQ":-6.308194150746,"ROA":5.593881328326,"HOLDER_PROFIT_QOQ":-7.545905431823,"ROE_YEARLY":12.935120464121,"ROIC_YEARLY":6.417322537214,"TOTAL_ASSETS":4171485000,"TOTAL_LIABILITIES":2385955000,"TAX_EBT":13.066871945377,"OCF_SALES":5.315537186479,"TOTAL_PARENT_EQUITY":1782785000,"DEBT_ASSET_RATIO":57.1967776463,"OPERATE_PROFIT":232302000,"PRETAX_PROFIT":249417000,"NETCASH_OPERATE":490746000,"NETCASH_INVEST":-315877000,"NETCASH_FINANCE":-116631000,"END_CASH":316859000,"DIVI_RATIO":null,"DIVIDEND_RATE":null,"CURRENT_RATIO":1.406480645311,"COMMON_ACS":5000000000,"CURRENTDEBT_DEBT":93.146475939404,"ISSUED_COMMON_SHARES":899558173,"HK_COMMON_SHARES":899558173,"PER_SHARES":1000,"TOTAL_MARKET_CAP":899558173,"HKSK_MARKET_CAP":899558173,"PE_TTM":3.680319298696,"PB_TTM":0.393642314484,"REPORT_DATE_SQ":"2021-12-31 00:00:00","REPORT_TYPE_SQ":"2021年年报","OPERATE_INCOME_SQ":6949881000,"DPS_HKD":null,"OPERATE_INCOME_QOQ_SQ":20.82939761776,"NET_PROFIT_RATIO_SQ":3.9906150911,"HOLDER_PROFIT_SQ":276977000,"HOLDER_PROFIT_QOQ_SQ":2.518386367254,"ROE_AVG_SQ":19.817747443692,"PE_TTM_SQ":4.218150569507,"PB_TTM_SQ":0.454243073631,"ROA_SQ":8.485616069354,"START_DATE":"2022-01-01 00:00:00","FISCAL_YEAR":"12-31","CURRENCY":"HKD","IS_CNY_CODE":0,"DPS_HKD_LY":null,"ORG_TYPE":"一般企业","PREMIUM_INCOME":null,"PREMIUM_INCOME_YOY":null,"NET_INTEREST_INCOME":null,"NET_INTEREST_INCOME_YOY":null,"FEE_COMMISSION_INCOME":null,"FEE_COMMISSION_INCOME_YOY":null,"ACCOUNTS_RECE_TDAYS":12.377161438674,"INVENTORY_TDAYS":4.618332071931,"CURRENT_ASSETS_TDAYS":2.17717180033,"TOTAL_ASSETS_TDAYS":1.611095257415,"PREMIUM_EXPENSE":null,"LOAN_DEPOSIT":null,"LOAN_EQUITY":null,"LOAN_ASSETS":null,"DEPOSIT_EQUITY":null,"DEPOSIT_ASSETS":null,"EQUITY_MULTIPLIER":2.336272703341,"EQUITY_RATIO":1.338330196855},{"SECUCODE":"00505.HK","SECURITY_CODE":"00505","SECURITY_NAME_ABBR":"兴业合金","ORG_CODE":"10107884","STD_REPORT_DATE":"2022-06-30 00:00:00","REPORT_DATE":"2022-06-30 00:00:00","DATE_TYPE_CODE":"002","REPORT_TYPE":"2022年中报","PER_NETCASH_OPERATE":0.235791309963,"PER_OI":3.582126311246,"BPS":1.878353230192,"BASIC_EPS":0.1336,"DILUTED_EPS":0.1336,"OPERATE_INCOME":3222331000,"OPERATE_INCOME_YOY":1.7202916187,"GROSS_PROFIT":275928000,"GROSS_PROFIT_YOY":-37.126620380392,"HOLDER_PROFIT":119447000,"HOLDER_PROFIT_YOY":-26.3300398426,"GROSS_PROFIT_RATIO":8.562993683765,"EPS_TTM":0.26044563546,"OPERATE_INCOME_QOQ":0.784128533999,"NET_PROFIT_RATIO":3.7105437027,"ROE_AVG":7.336964950908,"GROSS_PROFIT_QOQ":-20.612472611162,"ROA":3.125019213006,"HOLDER_PROFIT_QOQ":-15.413193153222,"ROE_YEARLY":14.673929901816,"ROIC_YEARLY":7.334768597437,"TOTAL_ASSETS":4071620000,"TOTAL_LIABILITIES":2379287000,"TAX_EBT":11.355767591172,"OCF_SALES":6.582439854875,"TOTAL_PARENT_EQUITY":1689688000,"DEBT_ASSET_RATIO":58.4358805586,"OPERATE_PROFIT":139077000,"PRETAX_PROFIT":134883000,"NETCASH_OPERATE":296091000,"NETCASH_INVEST":-44971000,"NETCASH_FINANCE":168862000,"END_CASH":665131000,"DIVI_RATIO":null,"DIVIDEND_RATE":null,"CURRENT_RATIO":1.372562313541,"COMMON_ACS":5000000000,"CURRENTDEBT_DEBT":94.16451230978,"ISSUED_COMMON_SHARES":899558173,"HK_COMMON_SHARES":899558173,"PER_SHARES":1000,"TOTAL_MARKET_CAP":899558173,"HKSK_MARKET_CAP":899558173,"PE_TTM":3.680319298696,"PB_TTM":0.393642314484,"REPORT_DATE_SQ":"2021-06-30 00:00:00","REPORT_TYPE_SQ":"2021年中报","OPERATE_INCOME_SQ":3167835000,"DPS_HKD":null,"OPERATE_INCOME_QOQ_SQ":26.833080959932,"NET_PROFIT_RATIO_SQ":5.1257088832,"HOLDER_PROFIT_SQ":162138000,"HOLDER_PROFIT_QOQ_SQ":79.121804391641,"ROE_AVG_SQ":12.378477338419,"PE_TTM_SQ":4.218150569507,"PB_TTM_SQ":0.454243073631,"ROA_SQ":4.958198513256,"START_DATE":"2022-01-01 00:00:00","FISCAL_YEAR":"12-31","CURRENCY":"HKD","IS_CNY_CODE":0,"DPS_HKD_LY":null,"ORG_TYPE":"一般企业","PREMIUM_INCOME":null,"PREMIUM_INCOME_YOY":null,"NET_INTEREST_INCOME":null,"NET_INTEREST_INCOME_YOY":null,"FEE_COMMISSION_INCOME":null,"FEE_COMMISSION_INCOME_YOY":null,"ACCOUNTS_RECE_TDAYS":7.189461448186,"INVENTORY_TDAYS":2.521277751869,"CURRENT_ASSETS_TDAYS":1.134589034524,"TOTAL_ASSETS_TDAYS":0.843038861224,"PREMIUM_EXPENSE":null,"LOAN_DEPOSIT":null,"LOAN_EQUITY":null,"LOAN_ASSETS":null,"DEPOSIT_EQUITY":null,"DEPOSIT_ASSETS":null,"EQUITY_MULTIPLIER":2.405921293268,"EQUITY_RATIO":1.408122091179},{"SECUCODE":"00505.HK","SECURITY_CODE":"00505","SECURITY_NAME_ABBR":"兴业合金","ORG_CODE":"10107884","STD_REPORT_DATE":"2021-12-31 00:00:00","REPORT_DATE":"2021-12-31 00:00:00","DATE_TYPE_CODE":"001","REPORT_TYPE":"2021年年报","PER_NETCASH_OPERATE":0.11013184358,"PER_OI":7.725882781791,"BPS":1.741238140026,"BASIC_EPS":0.32,"DILUTED_EPS":0.32,"OPERATE_INCOME":6949881000,"OPERATE_INCOME_YOY":53.2516477039,"GROSS_PROFIT":790468000,"GROSS_PROFIT_YOY":47.229532776427,"HOLDER_PROFIT":276977000,"HOLDER_PROFIT_YOY":83.6327834942,"GROSS_PROFIT_RATIO":11.37383503401,"EPS_TTM":0.307903377806,"OPERATE_INCOME_QOQ":20.82939761776,"NET_PROFIT_RATIO":3.9906150911,"ROE_AVG":19.817747443692,"GROSS_PROFIT_QOQ":2.218773842314,"ROA":8.485616069354,"HOLDER_PROFIT_QOQ":2.518386367254,"ROE_YEARLY":19.817747443692,"ROIC_YEARLY":9.547472544859,"TOTAL_ASSETS":3572941000,"TOTAL_LIABILITIES":2004070000,"TAX_EBT":21.623966404983,"OCF_SALES":1.425492033605,"TOTAL_PARENT_EQUITY":1566345000,"DEBT_ASSET_RATIO":56.0902069192,"OPERATE_PROFIT":368410000,"PRETAX_PROFIT":353862000,"NETCASH_OPERATE":99070000,"NETCASH_INVEST":-141739000,"NETCASH_FINANCE":54864000,"END_CASH":235844000,"DIVI_RATIO":null,"DIVIDEND_RATE":null,"CURRENT_RATIO":1.357767714927,"COMMON_ACS":5000000000,"CURRENTDEBT_DEBT":95.735578098569,"ISSUED_COMMON_SHARES":899558173,"HK_COMMON_SHARES":899558173,"PER_SHARES":1000,"TOTAL_MARKET_CAP":899558173,"HKSK_MARKET_CAP":899558173,"PE_TTM":3.680319298696,"PB_TTM":0.393642314484,"REPORT_DATE_SQ":"2020-12-31 00:00:00","REPORT_TYPE_SQ":"2020年年报","OPERATE_INCOME_SQ":4534947000,"DPS_HKD":null,"OPERATE_INCOME_QOQ_SQ":6.57596675637,"NET_PROFIT_RATIO_SQ":3.3313509507,"HOLDER_PROFIT_SQ":150832000,"HOLDER_PROFIT_QOQ_SQ":217.120450770557,"ROE_AVG_SQ":12.892588120907,"PE_TTM_SQ":4.218150569507,"PB_TTM_SQ":0.454243073631,"ROA_SQ":5.476773042274,"START_DATE":"2021-01-01 00:00:00","FISCAL_YEAR":"12-31","CURRENCY":"HKD","IS_CNY_CODE":0,"DPS_HKD_LY":null,"ORG_TYPE":"一般企业","PREMIUM_INCOME":null,"PREMIUM_INCOME_YOY":null,"NET_INTEREST_INCOME":null,"NET_INTEREST_INCOME_YOY":null,"FEE_COMMISSION_INCOME":null,"FEE_COMMISSION_INCOME_YOY":null,"ACCOUNTS_RECE_TDAYS":15.403907340032,"INVENTORY_TDAYS":5.699521462918,"CURRENT_ASSETS_TDAYS":2.998451995687,"TOTAL_ASSETS_TDAYS":2.129202854161,"PREMIUM_EXPENSE":null,"LOAN_DEPOSIT":null,"LOAN_EQUITY":null,"LOAN_ASSETS":null,"DEPOSIT_EQUITY":null,"DEPOSIT_ASSETS":null,"EQUITY_MULTIPLIER":2.277396293259,"EQUITY_RATIO":1.279456313903},{"SECUCODE":"00505.HK","SECURITY_CODE":"00505","SECURITY_NAME_ABBR":"兴业合金","ORG_CODE":"10107884","STD_REPORT_DATE":"2021-06-30 00:00:00","REPORT_DATE":"2021-06-30 00:00:00","DATE_TYPE_CODE":"002","REPORT_TYPE":"2021年中报","PER_NETCASH_OPERATE":-0.147826151638,"PER_OI":3.889022423448,"BPS":1.546068994473,"BASIC_EPS":0.1994,"DILUTED_EPS":0.1988,"OPERATE_INCOME":3167835000,"OPERATE_INCOME_YOY":62.3723903353,"GROSS_PROFIT":438863000,"GROSS_PROFIT_YOY":116.778135620011,"HOLDER_PROFIT":162138000,"HOLDER_PROFIT_YOY":278.8536579667,"GROSS_PROFIT_RATIO":13.853720285305,"EPS_TTM":0.331680423763,"OPERATE_INCOME_QOQ":26.833080959932,"NET_PROFIT_RATIO":5.1257088832,"ROE_AVG":12.378477338419,"GROSS_PROFIT_QOQ":44.033749615847,"ROA":4.958198513256,"HOLDER_PROFIT_QOQ":79.121804391641,"ROE_YEARLY":24.756954676838,"ROIC_YEARLY":11.414700392099,"TOTAL_ASSETS":3584986000,"TOTAL_LIABILITIES":2191811000,"TAX_EBT":21.652697962355,"OCF_SALES":-3.801113378696,"TOTAL_PARENT_EQUITY":1390779000,"DEBT_ASSET_RATIO":61.138620904,"OPERATE_PROFIT":219137000,"PRETAX_PROFIT":207249000,"NETCASH_OPERATE":-120413000,"NETCASH_INVEST":-71001000,"NETCASH_FINANCE":316182000,"END_CASH":348357000,"DIVI_RATIO":null,"DIVIDEND_RATE":null,"CURRENT_RATIO":1.290831670045,"COMMON_ACS":5000000000,"CURRENTDEBT_DEBT":93.559937421612,"ISSUED_COMMON_SHARES":899558173,"HK_COMMON_SHARES":899558173,"PER_SHARES":1000,"TOTAL_MARKET_CAP":899558173,"HKSK_MARKET_CAP":899558173,"PE_TTM":3.680319298696,"PB_TTM":0.393642314484,"REPORT_DATE_SQ":"2020-06-30 00:00:00","REPORT_TYPE_SQ":"2020年中报","OPERATE_INCOME_SQ":1950969000,"DPS_HKD":null,"OPERATE_INCOME_QOQ_SQ":0.048341494095,"NET_PROFIT_RATIO_SQ":2.1979334372,"HOLDER_PROFIT_SQ":42797000,"HOLDER_PROFIT_QOQ_SQ":-19.741149471837,"ROE_AVG_SQ":3.831582962048,"PE_TTM_SQ":4.218150569507,"PB_TTM_SQ":0.454243073631,"ROA_SQ":1.650835408273,"START_DATE":"2021-01-01 00:00:00","FISCAL_YEAR":"12-31","CURRENCY":"HKD","IS_CNY_CODE":0,"DPS_HKD_LY":null,"ORG_TYPE":"一般企业","PREMIUM_INCOME":null,"PREMIUM_INCOME_YOY":null,"NET_INTEREST_INCOME":null,"NET_INTEREST_INCOME_YOY":null,"FEE_COMMISSION_INCOME":null,"FEE_COMMISSION_INCOME_YOY":null,"ACCOUNTS_RECE_TDAYS":6.78895494368,"INVENTORY_TDAYS":2.519149517535,"CURRENT_ASSETS_TDAYS":1.354448524107,"TOTAL_ASSETS_TDAYS":0.968727552285,"PREMIUM_EXPENSE":null,"LOAN_DEPOSIT":null,"LOAN_EQUITY":null,"LOAN_ASSETS":null,"DEPOSIT_EQUITY":null,"DEPOSIT_ASSETS":null,"EQUITY_MULTIPLIER":2.573248873978,"EQUITY_RATIO":1.575959228605},{"SECUCODE":"00505.HK","SECURITY_CODE":"00505","SECURITY_NAME_ABBR":"兴业合金","ORG_CODE":"10107884","STD_REPORT_DATE":"2020-12-31 00:00:00","REPORT_DATE":"2020-12-31 00:00:00","DATE_TYPE_CODE":"001","REPORT_TYPE":"2020年年报","PER_NETCASH_OPERATE":-0.01680788488,"PER_OI":5.567370324575,"BPS":1.366111761179,"BASIC_EPS":0.18,"DILUTED_EPS":0.18,"OPERATE_INCOME":4534947000,"OPERATE_INCOME_YOY":6.627487171,"GROSS_PROFIT":536895000,"GROSS_PROFIT_YOY":33.620121102918,"HOLDER_PROFIT":150832000,"HOLDER_PROFIT_YOY":154.5172285782,"GROSS_PROFIT_RATIO":11.839057876531,"EPS_TTM":0.185170323004,"OPERATE_INCOME_QOQ":6.57596675637,"NET_PROFIT_RATIO":3.3313509507,"ROE_AVG":12.892588120907,"GROSS_PROFIT_QOQ":28.507111160045,"ROA":5.476773042274,"HOLDER_PROFIT_QOQ":217.120450770557,"ROE_YEARLY":12.892588120907,"ROIC_YEARLY":6.132149878928,"TOTAL_ASSETS":2955212000,"TOTAL_LIABILITIES":1724155000,"TAX_EBT":13.437462398368,"OCF_SALES":-0.301899889899,"TOTAL_PARENT_EQUITY":1228897000,"DEBT_ASSET_RATIO":58.3428532369,"OPERATE_PROFIT":169837000,"PRETAX_PROFIT":174527000,"NETCASH_OPERATE":-13691000,"NETCASH_INVEST":-14343000,"NETCASH_FINANCE":91158000,"END_CASH":223300000,"DIVI_RATIO":null,"DIVIDEND_RATE":null,"CURRENT_RATIO":1.275420194458,"COMMON_ACS":5000000000,"CURRENTDEBT_DEBT":92.342045813746,"ISSUED_COMMON_SHARES":899558173,"HK_COMMON_SHARES":899558173,"PER_SHARES":1000,"TOTAL_MARKET_CAP":899558173,"HKSK_MARKET_CAP":899558173,"PE_TTM":3.680319298696,"PB_TTM":0.393642314484,"REPORT_DATE_SQ":"2019-12-31 00:00:00","REPORT_TYPE_SQ":"2019年年报","OPERATE_INCOME_SQ":4253075000,"DPS_HKD":null,"OPERATE_INCOME_QOQ_SQ":-3.067639726115,"NET_PROFIT_RATIO_SQ":1.4150232479,"HOLDER_PROFIT_SQ":59262000,"HOLDER_PROFIT_QOQ_SQ":72.800699810468,"ROE_AVG_SQ":5.480014480954,"PE_TTM_SQ":4.218150569507,"PB_TTM_SQ":0.454243073631,"ROA_SQ":2.399330995488,"START_DATE":"2020-01-01 00:00:00","FISCAL_YEAR":"12-31","CURRENCY":"HKD","IS_CNY_CODE":0,"DPS_HKD_LY":null,"ORG_TYPE":"一般企业","PREMIUM_INCOME":null,"PREMIUM_INCOME_YOY":null,"NET_INTEREST_INCOME":null,"NET_INTEREST_INCOME_YOY":null,"FEE_COMMISSION_INCOME":null,"FEE_COMMISSION_INCOME_YOY":null,"ACCOUNTS_RECE_TDAYS":10.953197779385,"INVENTORY_TDAYS":4.872844543899,"CURRENT_ASSETS_TDAYS":2.533416347682,"TOTAL_ASSETS_TDAYS":1.646658234177,"PREMIUM_EXPENSE":null,"LOAN_DEPOSIT":null,"LOAN_EQUITY":null,"LOAN_ASSETS":null,"DEPOSIT_EQUITY":null,"DEPOSIT_ASSETS":null,"EQUITY_MULTIPLIER":2.400548471759,"EQUITY_RATIO":1.403010179047},{"SECUCODE":"00505.HK","SECURITY_CODE":"00505","SECURITY_NAME_ABBR":"兴业合金","ORG_CODE":"10107884","STD_REPORT_DATE":"2020-06-30 00:00:00","REPORT_DATE":"2020-06-30 00:00:00","DATE_TYPE_CODE":"002","REPORT_TYPE":"2020年中报","PER_NETCASH_OPERATE":0.329169860284,"PER_OI":2.395125436916,"BPS":1.248367291528,"BASIC_EPS":0.051,"DILUTED_EPS":0.051,"OPERATE_INCOME":1950969000,"OPERATE_INCOME_YOY":0.105494704,"GROSS_PROFIT":202448000,"GROSS_PROFIT_YOY":8.573910898258,"HOLDER_PROFIT":42797000,"HOLDER_PROFIT_YOY":-21.4676306518,"GROSS_PROFIT_RATIO":10.376792250415,"EPS_TTM":0.058391164163,"OPERATE_INCOME_QOQ":0.048341494095,"NET_PROFIT_RATIO":2.1979334372,"ROE_AVG":3.831582962048,"GROSS_PROFIT_QOQ":3.978775879962,"ROA":1.650835408273,"HOLDER_PROFIT_QOQ":-19.741149471837,"ROE_YEARLY":7.663165924096,"ROIC_YEARLY":3.73345534795,"TOTAL_ASSETS":2632041000,"TOTAL_LIABILITIES":1507061000,"TAX_EBT":15.13922146801,"OCF_SALES":13.743324471071,"TOTAL_PARENT_EQUITY":1122979000,"DEBT_ASSET_RATIO":57.2582645939,"OPERATE_PROFIT":53745000,"PRETAX_PROFIT":50531000,"NETCASH_OPERATE":268128000,"NETCASH_INVEST":-182514000,"NETCASH_FINANCE":-41861000,"END_CASH":207927000,"DIVI_RATIO":null,"DIVIDEND_RATE":null,"CURRENT_RATIO":1.215341987235,"COMMON_ACS":5000000000,"CURRENTDEBT_DEBT":92.317431079432,"ISSUED_COMMON_SHARES":899558173,"HK_COMMON_SHARES":899558173,"PER_SHARES":1000,"TOTAL_MARKET_CAP":899558173,"HKSK_MARKET_CAP":899558173,"PE_TTM":3.680319298696,"PB_TTM":0.393642314484,"REPORT_DATE_SQ":"2019-06-30 00:00:00","REPORT_TYPE_SQ":"2019年中报","OPERATE_INCOME_SQ":1948913000,"DPS_HKD":null,"OPERATE_INCOME_QOQ_SQ":-12.177283005378,"NET_PROFIT_RATIO_SQ":2.8186481387,"HOLDER_PROFIT_SQ":54496000,"HOLDER_PROFIT_QOQ_SQ":24.577718042791,"ROE_AVG_SQ":5.049519032756,"PE_TTM_SQ":4.218150569507,"PB_TTM_SQ":0.454243073631,"ROA_SQ":2.249852716721,"START_DATE":"2020-01-01 00:00:00","FISCAL_YEAR":"12-31","CURRENCY":"HKD","IS_CNY_CODE":0,"DPS_HKD_LY":null,"ORG_TYPE":"一般企业","PREMIUM_INCOME":null,"PREMIUM_INCOME_YOY":null,"NET_INTEREST_INCOME":null,"NET_INTEREST_INCOME_YOY":null,"FEE_COMMISSION_INCOME":null,"FEE_COMMISSION_INCOME_YOY":null,"ACCOUNTS_RECE_TDAYS":5.620793521147,"INVENTORY_TDAYS":2.525645794168,"CURRENT_ASSETS_TDAYS":1.204166940556,"TOTAL_ASSETS_TDAYS":0.75255945642,"PREMIUM_EXPENSE":null,"LOAN_DEPOSIT":null,"LOAN_EQUITY":null,"LOAN_ASSETS":null,"DEPOSIT_EQUITY":null,"DEPOSIT_ASSETS":null,"EQUITY_MULTIPLIER":2.339633593486,"EQUITY_RATIO":1.342020643307}],"count":39},"success":true,"message":"ok","code":0}