{"version":"bac85b604503b62eb10818e0995e45ce","result":{"pages":6,"data":[{"SECUCODE":"00508.HK","SECURITY_CODE":"00508","SECURITY_NAME_ABBR":"鼎亿集团投资","ORG_CODE":"10008937","STD_REPORT_DATE":"2024-06-30 00:00:00","REPORT_DATE":"2024-09-30 00:00:00","DATE_TYPE_CODE":"002","REPORT_TYPE":"2024年中报","PER_NETCASH_OPERATE":-0.075323170445,"PER_OI":0.184929440113,"BPS":1.36833453355,"BASIC_EPS":0.031923366,"DILUTED_EPS":0.031923366,"OPERATE_INCOME":157315461.92,"OPERATE_INCOME_YOY":48.1172045476,"GROSS_PROFIT":28943851.84,"GROSS_PROFIT_YOY":-43.025968422132,"HOLDER_PROFIT":24608947.31,"HOLDER_PROFIT_YOY":-74.2719224641,"GROSS_PROFIT_RATIO":18.398605888288,"EPS_TTM":0.049270849977,"OPERATE_INCOME_QOQ":0,"NET_PROFIT_RATIO":15.6430569568,"ROE_AVG":2.194844861249,"GROSS_PROFIT_QOQ":0,"ROA":1.029552328283,"HOLDER_PROFIT_QOQ":0,"ROE_YEARLY":4.389689722498,"ROIC_YEARLY":2.134732029096,"TOTAL_ASSETS":2395975770.69,"TOTAL_LIABILITIES":1231963274.49,"TAX_EBT":33.621171949113,"OCF_SALES":-40.730762175548,"TOTAL_PARENT_EQUITY":1164012496.2,"DEBT_ASSET_RATIO":51.4180188949,"OPERATE_PROFIT":37126694.3,"PRETAX_PROFIT":37073488.69,"NETCASH_OPERATE":-64075786.66,"NETCASH_INVEST":null,"NETCASH_FINANCE":27324237,"END_CASH":66572843.17,"DIVI_RATIO":null,"DIVIDEND_RATE":null,"CURRENT_RATIO":1.908433045137,"COMMON_ACS":1050000000,"CURRENTDEBT_DEBT":99.979650560598,"ISSUED_COMMON_SHARES":850678301,"HK_COMMON_SHARES":850678301,"PER_SHARES":5000,"TOTAL_MARKET_CAP":323257754.38,"HKSK_MARKET_CAP":323257754.38,"PE_TTM":-8.332673979997,"PB_TTM":0.25043598009,"REPORT_DATE_SQ":"2023-06-30 00:00:00","REPORT_TYPE_SQ":"2023年中报","OPERATE_INCOME_SQ":108075708.51,"DPS_HKD":null,"OPERATE_INCOME_QOQ_SQ":0,"NET_PROFIT_RATIO_SQ":90.0574815117,"HOLDER_PROFIT_SQ":97330261.21,"HOLDER_PROFIT_QOQ_SQ":0,"ROE_AVG_SQ":8.541147358084,"PE_TTM_SQ":1.438596291958,"PB_TTM_SQ":0.086942600001,"ROA_SQ":3.121435424159,"START_DATE":"2024-04-01 00:00:00","FISCAL_YEAR":"3-31","CURRENCY":"HKD","IS_CNY_CODE":0,"DPS_HKD_LY":null,"ORG_TYPE":"一般企业","PREMIUM_INCOME":null,"PREMIUM_INCOME_YOY":null,"NET_INTEREST_INCOME":null,"NET_INTEREST_INCOME_YOY":null,"FEE_COMMISSION_INCOME":null,"FEE_COMMISSION_INCOME_YOY":null,"ACCOUNTS_RECE_TDAYS":null,"INVENTORY_TDAYS":0.103749165955,"CURRENT_ASSETS_TDAYS":0.067136789939,"TOTAL_ASSETS_TDAYS":0.065815289884,"PREMIUM_EXPENSE":null,"LOAN_DEPOSIT":null,"LOAN_EQUITY":null,"LOAN_ASSETS":null,"DEPOSIT_EQUITY":null,"DEPOSIT_ASSETS":null,"EQUITY_MULTIPLIER":2.058376330592,"EQUITY_RATIO":1.058376330591},{"SECUCODE":"00508.HK","SECURITY_CODE":"00508","SECURITY_NAME_ABBR":"鼎亿集团投资","ORG_CODE":"10008937","STD_REPORT_DATE":"2023-12-31 00:00:00","REPORT_DATE":"2024-03-31 00:00:00","DATE_TYPE_CODE":"001","REPORT_TYPE":"2023年年报","PER_NETCASH_OPERATE":0.278227994521,"PER_OI":1.062444599613,"BPS":1.274408215745,"BASIC_EPS":0.049225665,"DILUTED_EPS":0.049225665,"OPERATE_INCOME":781617437.95,"OPERATE_INCOME_YOY":-29.1296946422,"GROSS_PROFIT":97923717.9,"GROSS_PROFIT_YOY":-52.179036886491,"HOLDER_PROFIT":36247495.2,"HOLDER_PROFIT_YOY":756.9224174882,"GROSS_PROFIT_RATIO":12.528343553444,"EPS_TTM":0.092878504228,"OPERATE_INCOME_QOQ":0,"NET_PROFIT_RATIO":4.6374982747,"ROE_AVG":3.260545152973,"GROSS_PROFIT_QOQ":0,"ROA":1.213567775138,"HOLDER_PROFIT_QOQ":0,"ROE_YEARLY":3.260545152973,"ROIC_YEARLY":1.275573113047,"TOTAL_ASSETS":2397124893.4,"TOTAL_LIABILITIES":1313013477.65,"TAX_EBT":65.692810625756,"OCF_SALES":26.187529648372,"TOTAL_PARENT_EQUITY":1084111415.75,"DEBT_ASSET_RATIO":54.7745126366,"OPERATE_PROFIT":108465987.85,"PRETAX_PROFIT":105655682.85,"NETCASH_OPERATE":204686298.3,"NETCASH_INVEST":327264.55,"NETCASH_FINANCE":-284921412.6,"END_CASH":103329475.55,"DIVI_RATIO":null,"DIVIDEND_RATE":null,"CURRENT_RATIO":1.789692536666,"COMMON_ACS":1050000000,"CURRENTDEBT_DEBT":99.923983145109,"ISSUED_COMMON_SHARES":850678301,"HK_COMMON_SHARES":850678301,"PER_SHARES":5000,"TOTAL_MARKET_CAP":382805235.45,"HKSK_MARKET_CAP":382805235.45,"PE_TTM":-9.86764023947,"PB_TTM":0.29656892379,"REPORT_DATE_SQ":"2022-12-31 00:00:00","REPORT_TYPE_SQ":"2022年年报","OPERATE_INCOME_SQ":1065000169.93,"DPS_HKD":null,"OPERATE_INCOME_QOQ_SQ":0,"NET_PROFIT_RATIO_SQ":0.3835363764,"HOLDER_PROFIT_SQ":4084663.06,"HOLDER_PROFIT_QOQ_SQ":0,"ROE_AVG_SQ":0.341665549993,"PE_TTM_SQ":1.815607733989,"PB_TTM_SQ":0.109727557242,"ROA_SQ":0.111607436509,"START_DATE":"2023-04-01 00:00:00","FISCAL_YEAR":"3-31","CURRENCY":"HKD","IS_CNY_CODE":0,"DPS_HKD_LY":null,"ORG_TYPE":"一般企业","PREMIUM_INCOME":null,"PREMIUM_INCOME_YOY":null,"NET_INTEREST_INCOME":null,"NET_INTEREST_INCOME_YOY":null,"FEE_COMMISSION_INCOME":null,"FEE_COMMISSION_INCOME_YOY":null,"ACCOUNTS_RECE_TDAYS":null,"INVENTORY_TDAYS":0.47070083571,"CURRENT_ASSETS_TDAYS":0.266825881203,"TOTAL_ASSETS_TDAYS":0.261685870968,"PREMIUM_EXPENSE":null,"LOAN_DEPOSIT":null,"LOAN_EQUITY":null,"LOAN_ASSETS":null,"DEPOSIT_EQUITY":null,"DEPOSIT_ASSETS":null,"EQUITY_MULTIPLIER":2.211142562079,"EQUITY_RATIO":1.211142562078},{"SECUCODE":"00508.HK","SECURITY_CODE":"00508","SECURITY_NAME_ABBR":"鼎亿集团投资","ORG_CODE":"10008937","STD_REPORT_DATE":"2023-06-30 00:00:00","REPORT_DATE":"2023-09-30 00:00:00","DATE_TYPE_CODE":"002","REPORT_TYPE":"2023年中报","PER_NETCASH_OPERATE":0.460006007735,"PER_OI":0.146906206644,"BPS":1.323504961719,"BASIC_EPS":0.132322246,"DILUTED_EPS":0.132322246,"OPERATE_INCOME":108075708.51,"OPERATE_INCOME_YOY":-88.0403215324,"GROSS_PROFIT":50801832.06,"GROSS_PROFIT_YOY":-66.092555127923,"HOLDER_PROFIT":97330261.21,"HOLDER_PROFIT_YOY":189.9431414357,"GROSS_PROFIT_RATIO":47.005782113656,"EPS_TTM":0.000555224077,"OPERATE_INCOME_QOQ":0,"NET_PROFIT_RATIO":90.0574815117,"ROE_AVG":8.541147358084,"GROSS_PROFIT_QOQ":0,"ROA":3.121435424159,"HOLDER_PROFIT_QOQ":0,"ROE_YEARLY":17.082294716168,"ROIC_YEARLY":6.649705999073,"TOTAL_ASSETS":2615953910.36,"TOTAL_LIABILITIES":1490076958.16,"TAX_EBT":12.507630124557,"OCF_SALES":313.129048965418,"TOTAL_PARENT_EQUITY":1125876952.2,"DEBT_ASSET_RATIO":56.961131932,"OPERATE_PROFIT":114040303.51,"PRETAX_PROFIT":111244284.9,"NETCASH_OPERATE":338416438.22,"NETCASH_INVEST":1609523.02,"NETCASH_FINANCE":-328481258.21,"END_CASH":192202191.65,"DIVI_RATIO":null,"DIVIDEND_RATE":null,"CURRENT_RATIO":1.713147665522,"COMMON_ACS":1050000000,"CURRENTDEBT_DEBT":100,"ISSUED_COMMON_SHARES":850678301,"HK_COMMON_SHARES":850678301,"PER_SHARES":5000,"TOTAL_MARKET_CAP":382805235.45,"HKSK_MARKET_CAP":382805235.45,"PE_TTM":-9.86764023947,"PB_TTM":0.29656892379,"REPORT_DATE_SQ":"2022-06-30 00:00:00","REPORT_TYPE_SQ":"2022年中报","OPERATE_INCOME_SQ":890678040.96,"DPS_HKD":null,"OPERATE_INCOME_QOQ_SQ":0,"NET_PROFIT_RATIO_SQ":3.7147232286,"HOLDER_PROFIT_SQ":33086224.08,"HOLDER_PROFIT_QOQ_SQ":0,"ROE_AVG_SQ":2.743134290753,"PE_TTM_SQ":1.815607733989,"PB_TTM_SQ":0.109727557242,"ROA_SQ":0.899683074574,"START_DATE":"2023-04-01 00:00:00","FISCAL_YEAR":"3-31","CURRENCY":"HKD","IS_CNY_CODE":0,"DPS_HKD_LY":null,"ORG_TYPE":"一般企业","PREMIUM_INCOME":null,"PREMIUM_INCOME_YOY":null,"NET_INTEREST_INCOME":null,"NET_INTEREST_INCOME_YOY":null,"FEE_COMMISSION_INCOME":null,"FEE_COMMISSION_INCOME_YOY":null,"ACCOUNTS_RECE_TDAYS":null,"INVENTORY_TDAYS":0.034869221564,"CURRENT_ASSETS_TDAYS":0.035398929619,"TOTAL_ASSETS_TDAYS":0.034660478749,"PREMIUM_EXPENSE":null,"LOAN_DEPOSIT":null,"LOAN_EQUITY":null,"LOAN_ASSETS":null,"DEPOSIT_EQUITY":null,"DEPOSIT_ASSETS":null,"EQUITY_MULTIPLIER":2.323481180825,"EQUITY_RATIO":1.323481180824},{"SECUCODE":"00508.HK","SECURITY_CODE":"00508","SECURITY_NAME_ABBR":"鼎亿集团投资","ORG_CODE":"10008937","STD_REPORT_DATE":"2022-12-31 00:00:00","REPORT_DATE":"2023-03-31 00:00:00","DATE_TYPE_CODE":"001","REPORT_TYPE":"2022年年报","PER_NETCASH_OPERATE":0.002243743077,"PER_OI":0.144764385161,"BPS":1.293267835111,"BASIC_EPS":0.005515083,"DILUTED_EPS":0.005515083,"OPERATE_INCOME":1065000169.93,"OPERATE_INCOME_YOY":684.9668352862,"GROSS_PROFIT":204771530.15,"GROSS_PROFIT_YOY":64.898656977982,"HOLDER_PROFIT":4084663.06,"HOLDER_PROFIT_YOY":104.6049385153,"GROSS_PROFIT_RATIO":19.227370655111,"EPS_TTM":0.000424351284,"OPERATE_INCOME_QOQ":0,"NET_PROFIT_RATIO":0.3835363764,"ROE_AVG":0.341665549993,"GROSS_PROFIT_QOQ":0,"ROA":0.111607436509,"HOLDER_PROFIT_QOQ":0,"ROE_YEARLY":0.341665549993,"ROIC_YEARLY":0.116606316359,"TOTAL_ASSETS":3453727059.88,"TOTAL_LIABILITIES":2353572175.17,"TAX_EBT":96.158279541562,"OCF_SALES":1.549927542367,"TOTAL_PARENT_EQUITY":1100154884.71,"DEBT_ASSET_RATIO":68.145864869,"OPERATE_PROFIT":199533076.71,"PRETAX_PROFIT":106323796.96,"NETCASH_OPERATE":16506730.96,"NETCASH_INVEST":284508.25,"NETCASH_FINANCE":43593667.18,"END_CASH":180625971.53,"DIVI_RATIO":null,"DIVIDEND_RATE":null,"CURRENT_RATIO":1.440654729928,"COMMON_ACS":1050000000,"CURRENTDEBT_DEBT":99.978092174294,"ISSUED_COMMON_SHARES":850678301,"HK_COMMON_SHARES":850678301,"PER_SHARES":5000,"TOTAL_MARKET_CAP":416832367.49,"HKSK_MARKET_CAP":416832367.49,"PE_TTM":-10.744763816312,"PB_TTM":0.322930605905,"REPORT_DATE_SQ":"2021-12-31 00:00:00","REPORT_TYPE_SQ":"2021年年报","OPERATE_INCOME_SQ":125693573.84,"DPS_HKD":null,"OPERATE_INCOME_QOQ_SQ":0,"NET_PROFIT_RATIO_SQ":-65.3783616373,"HOLDER_PROFIT_SQ":-82176399.26,"HOLDER_PROFIT_QOQ_SQ":0,"ROE_AVG_SQ":-6.873138013556,"PE_TTM_SQ":39.416968549078,"PB_TTM_SQ":0.149901034484,"ROA_SQ":-2.420510341025,"START_DATE":"2022-04-01 00:00:00","FISCAL_YEAR":"3-31","CURRENCY":"HKD","IS_CNY_CODE":0,"DPS_HKD_LY":null,"ORG_TYPE":"一般企业","PREMIUM_INCOME":null,"PREMIUM_INCOME_YOY":null,"NET_INTEREST_INCOME":null,"NET_INTEREST_INCOME_YOY":null,"FEE_COMMISSION_INCOME":null,"FEE_COMMISSION_INCOME_YOY":null,"ACCOUNTS_RECE_TDAYS":null,"INVENTORY_TDAYS":0.480844780615,"CURRENT_ASSETS_TDAYS":0.296754182147,"TOTAL_ASSETS_TDAYS":0.290995700506,"PREMIUM_EXPENSE":null,"LOAN_DEPOSIT":null,"LOAN_EQUITY":null,"LOAN_ASSETS":null,"DEPOSIT_EQUITY":null,"DEPOSIT_ASSETS":null,"EQUITY_MULTIPLIER":3.13930984435,"EQUITY_RATIO":2.13930984435},{"SECUCODE":"00508.HK","SECURITY_CODE":"00508","SECURITY_NAME_ABBR":"鼎亿集团投资","ORG_CODE":"10008937","STD_REPORT_DATE":"2022-06-30 00:00:00","REPORT_DATE":"2022-09-30 00:00:00","DATE_TYPE_CODE":"002","REPORT_TYPE":"2022年中报","PER_NETCASH_OPERATE":-0.005203049975,"PER_OI":0.121068956247,"BPS":1.267941973895,"BASIC_EPS":0.045222,"DILUTED_EPS":0.045222,"OPERATE_INCOME":890678040.96,"OPERATE_INCOME_YOY":1163.8722759824,"GROSS_PROFIT":149825008.2,"GROSS_PROFIT_YOY":132.570379682278,"HOLDER_PROFIT":33086224.08,"HOLDER_PROFIT_YOY":158.3677702433,"GROSS_PROFIT_RATIO":16.821455263286,"EPS_TTM":-0.011170154005,"OPERATE_INCOME_QOQ":0,"NET_PROFIT_RATIO":3.7147232286,"ROE_AVG":2.743134290753,"GROSS_PROFIT_QOQ":0,"ROA":0.899683074574,"HOLDER_PROFIT_QOQ":0,"ROE_YEARLY":5.486268581507,"ROIC_YEARLY":1.855407592326,"TOTAL_ASSETS":3360912606.6,"TOTAL_LIABILITIES":2282301882.48,"TAX_EBT":50.90455228688,"OCF_SALES":-4.297592162342,"TOTAL_PARENT_EQUITY":1078610724.12,"DEBT_ASSET_RATIO":67.9072070484,"OPERATE_PROFIT":115352277.6,"PRETAX_PROFIT":67391633.28,"NETCASH_OPERATE":-38277709.68,"NETCASH_INVEST":148328.16,"NETCASH_FINANCE":-5200530,"END_CASH":84572375.52,"DIVI_RATIO":null,"DIVIDEND_RATE":null,"CURRENT_RATIO":1.440189398451,"COMMON_ACS":1050000000,"CURRENTDEBT_DEBT":99.804156386396,"ISSUED_COMMON_SHARES":850678301,"HK_COMMON_SHARES":850678301,"PER_SHARES":5000,"TOTAL_MARKET_CAP":416832367.49,"HKSK_MARKET_CAP":416832367.49,"PE_TTM":-10.744763816312,"PB_TTM":0.322930605905,"REPORT_DATE_SQ":"2021-06-30 00:00:00","REPORT_TYPE_SQ":"2021年中报","OPERATE_INCOME_SQ":64910369.08,"DPS_HKD":null,"OPERATE_INCOME_QOQ_SQ":0,"NET_PROFIT_RATIO_SQ":-80.4371262096,"HOLDER_PROFIT_SQ":-52212035.5,"HOLDER_PROFIT_QOQ_SQ":0,"ROE_AVG_SQ":-4.309955050624,"PE_TTM_SQ":39.416968549078,"PB_TTM_SQ":0.149901034484,"ROA_SQ":-1.578453349935,"START_DATE":"2022-04-01 00:00:00","FISCAL_YEAR":"3-31","CURRENCY":"HKD","IS_CNY_CODE":0,"DPS_HKD_LY":null,"ORG_TYPE":"一般企业","PREMIUM_INCOME":null,"PREMIUM_INCOME_YOY":null,"NET_INTEREST_INCOME":null,"NET_INTEREST_INCOME_YOY":null,"FEE_COMMISSION_INCOME":null,"FEE_COMMISSION_INCOME_YOY":null,"ACCOUNTS_RECE_TDAYS":null,"INVENTORY_TDAYS":0.402779676352,"CURRENT_ASSETS_TDAYS":0.247622646927,"TOTAL_ASSETS_TDAYS":0.242193837655,"PREMIUM_EXPENSE":null,"LOAN_DEPOSIT":null,"LOAN_EQUITY":null,"LOAN_ASSETS":null,"DEPOSIT_EQUITY":null,"DEPOSIT_ASSETS":null,"EQUITY_MULTIPLIER":3.1159643896,"EQUITY_RATIO":2.115964389601},{"SECUCODE":"00508.HK","SECURITY_CODE":"00508","SECURITY_NAME_ABBR":"鼎亿集团投资","ORG_CODE":"10008937","STD_REPORT_DATE":"2021-12-31 00:00:00","REPORT_DATE":"2022-03-31 00:00:00","DATE_TYPE_CODE":"001","REPORT_TYPE":"2021年年报","PER_NETCASH_OPERATE":0.034822866368,"PER_OI":0.017085399091,"BPS":1.405832603869,"BASIC_EPS":-0.011191938,"DILUTED_EPS":-0.011191938,"OPERATE_INCOME":125693573.84,"OPERATE_INCOME_YOY":-31.4439396821,"GROSS_PROFIT":124180229.18,"GROSS_PROFIT_YOY":-29.493275561147,"HOLDER_PROFIT":-82176399.26,"HOLDER_PROFIT_YOY":-335.9986025387,"GROSS_PROFIT_RATIO":98.796004748877,"EPS_TTM":-0.01075983918,"OPERATE_INCOME_QOQ":0,"NET_PROFIT_RATIO":-65.3783616373,"ROE_AVG":-6.873138013556,"GROSS_PROFIT_QOQ":0,"ROA":-2.420510341025,"HOLDER_PROFIT_QOQ":0,"ROE_YEARLY":-6.873138013556,"ROIC_YEARLY":-2.560790856405,"TOTAL_ASSETS":3581567763.82,"TOTAL_LIABILITIES":2385656472.87,"TAX_EBT":-23.979541895067,"OCF_SALES":203.816522995922,"TOTAL_PARENT_EQUITY":1195911290.95,"DEBT_ASSET_RATIO":66.6092792371,"OPERATE_PROFIT":32115184.99,"PRETAX_PROFIT":-66282225.28,"NETCASH_OPERATE":256184271.83,"NETCASH_INVEST":555541.85,"NETCASH_FINANCE":-357737322.01,"END_CASH":123370841.2,"DIVI_RATIO":null,"DIVIDEND_RATE":null,"CURRENT_RATIO":1.473218781974,"COMMON_ACS":1050000000,"CURRENTDEBT_DEBT":99.842873931657,"ISSUED_COMMON_SHARES":850678301,"HK_COMMON_SHARES":850678301,"PER_SHARES":5000,"TOTAL_MARKET_CAP":416832367.49,"HKSK_MARKET_CAP":416832367.49,"PE_TTM":-10.744763816312,"PB_TTM":0.322930605905,"REPORT_DATE_SQ":"2020-12-31 00:00:00","REPORT_TYPE_SQ":"2020年年报","OPERATE_INCOME_SQ":191068997.42,"DPS_HKD":null,"OPERATE_INCOME_QOQ_SQ":0,"NET_PROFIT_RATIO_SQ":18.9919891714,"HOLDER_PROFIT_SQ":36287803.3,"HOLDER_PROFIT_QOQ_SQ":0,"ROE_AVG_SQ":3.192546981041,"PE_TTM_SQ":39.416968549078,"PB_TTM_SQ":0.149901034484,"ROA_SQ":1.273210099683,"START_DATE":"2021-04-01 00:00:00","FISCAL_YEAR":"3-31","CURRENCY":"HKD","IS_CNY_CODE":0,"DPS_HKD_LY":null,"ORG_TYPE":"一般企业","PREMIUM_INCOME":null,"PREMIUM_INCOME_YOY":null,"NET_INTEREST_INCOME":null,"NET_INTEREST_INCOME_YOY":null,"FEE_COMMISSION_INCOME":null,"FEE_COMMISSION_INCOME_YOY":null,"ACCOUNTS_RECE_TDAYS":null,"INVENTORY_TDAYS":0.001105300943,"CURRENT_ASSETS_TDAYS":0.037801717814,"TOTAL_ASSETS_TDAYS":0.037023111017,"PREMIUM_EXPENSE":null,"LOAN_DEPOSIT":null,"LOAN_EQUITY":null,"LOAN_ASSETS":null,"DEPOSIT_EQUITY":null,"DEPOSIT_ASSETS":null,"EQUITY_MULTIPLIER":2.994844008013,"EQUITY_RATIO":1.994844008016},{"SECUCODE":"00508.HK","SECURITY_CODE":"00508","SECURITY_NAME_ABBR":"鼎亿集团投资","ORG_CODE":"10008937","STD_REPORT_DATE":"2021-06-30 00:00:00","REPORT_DATE":"2021-09-30 00:00:00","DATE_TYPE_CODE":"002","REPORT_TYPE":"2021年中报","PER_NETCASH_OPERATE":0.034265854337,"PER_OI":0.008823200161,"BPS":1.404803944611,"BASIC_EPS":-0.00708101,"DILUTED_EPS":-0.00708101,"OPERATE_INCOME":64910369.08,"OPERATE_INCOME_YOY":-41.9159578671,"GROSS_PROFIT":64421362.86,"GROSS_PROFIT_YOY":-38.721199904277,"HOLDER_PROFIT":-52212035.5,"HOLDER_PROFIT_YOY":-187.0957879963,"GROSS_PROFIT_RATIO":99.246643907698,"EPS_TTM":0.00493241318,"OPERATE_INCOME_QOQ":0,"NET_PROFIT_RATIO":-80.4371262096,"ROE_AVG":-4.309955050624,"GROSS_PROFIT_QOQ":0,"ROA":-1.578453349935,"HOLDER_PROFIT_QOQ":0,"ROE_YEARLY":-8.619910101249,"ROIC_YEARLY":-3.338323730049,"TOTAL_ASSETS":3319924040.96,"TOTAL_LIABILITIES":2124887808.12,"TAX_EBT":-22.221138845554,"OCF_SALES":388.360840884006,"TOTAL_PARENT_EQUITY":1195036232.84,"DEBT_ASSET_RATIO":64.0041091876,"OPERATE_PROFIT":16012246.26,"PRETAX_PROFIT":-42719316.8,"NETCASH_OPERATE":252086455.18,"NETCASH_INVEST":381541.48,"NETCASH_FINANCE":-417281420.12,"END_CASH":104170820.76,"DIVI_RATIO":null,"DIVIDEND_RATE":null,"CURRENT_RATIO":2.301604842849,"COMMON_ACS":1050000000,"CURRENTDEBT_DEBT":66.447197673425,"ISSUED_COMMON_SHARES":850678301,"HK_COMMON_SHARES":850678301,"PER_SHARES":5000,"TOTAL_MARKET_CAP":416832367.49,"HKSK_MARKET_CAP":416832367.49,"PE_TTM":-10.744763816312,"PB_TTM":0.322930605905,"REPORT_DATE_SQ":"2020-06-30 00:00:00","REPORT_TYPE_SQ":"2020年中报","OPERATE_INCOME_SQ":117877651.84,"DPS_HKD":null,"OPERATE_INCOME_QOQ_SQ":0,"NET_PROFIT_RATIO_SQ":53.6433912052,"HOLDER_PROFIT_SQ":63233569.92,"HOLDER_PROFIT_QOQ_SQ":0,"ROE_AVG_SQ":5.497587390256,"PE_TTM_SQ":39.416968549078,"PB_TTM_SQ":0.149901034484,"ROA_SQ":2.34127286886,"START_DATE":"2021-04-01 00:00:00","FISCAL_YEAR":"3-31","CURRENCY":"HKD","IS_CNY_CODE":0,"DPS_HKD_LY":null,"ORG_TYPE":"一般企业","PREMIUM_INCOME":null,"PREMIUM_INCOME_YOY":null,"NET_INTEREST_INCOME":null,"NET_INTEREST_INCOME_YOY":null,"FEE_COMMISSION_INCOME":null,"FEE_COMMISSION_INCOME_YOY":null,"ACCOUNTS_RECE_TDAYS":null,"INVENTORY_TDAYS":0.000506320379,"CURRENT_ASSETS_TDAYS":0.020045876186,"TOTAL_ASSETS_TDAYS":0.019623442859,"PREMIUM_EXPENSE":null,"LOAN_DEPOSIT":null,"LOAN_EQUITY":null,"LOAN_ASSETS":null,"DEPOSIT_EQUITY":null,"DEPOSIT_ASSETS":null,"EQUITY_MULTIPLIER":2.778094880918,"EQUITY_RATIO":1.778094880914},{"SECUCODE":"00508.HK","SECURITY_CODE":"00508","SECURITY_NAME_ABBR":"鼎亿集团投资","ORG_CODE":"10008937","STD_REPORT_DATE":"2020-12-31 00:00:00","REPORT_DATE":"2021-03-31 00:00:00","DATE_TYPE_CODE":"001","REPORT_TYPE":"2020年年报","PER_NETCASH_OPERATE":0.027092601959,"PER_OI":0.025971019337,"BPS":1.464342748552,"BASIC_EPS":0.004902044,"DILUTED_EPS":0.004902044,"OPERATE_INCOME":191068997.42,"OPERATE_INCOME_YOY":22.2814210606,"GROSS_PROFIT":176125369.84,"GROSS_PROFIT_YOY":7.891823357431,"HOLDER_PROFIT":36287803.3,"HOLDER_PROFIT_YOY":112.3201900756,"GROSS_PROFIT_RATIO":92.178936519381,"EPS_TTM":-0.009935033004,"OPERATE_INCOME_QOQ":0,"NET_PROFIT_RATIO":18.9919891714,"ROE_AVG":3.192546981041,"GROSS_PROFIT_QOQ":0,"ROA":1.273210099683,"HOLDER_PROFIT_QOQ":0,"ROE_YEARLY":3.192546981041,"ROIC_YEARLY":1.338271029261,"TOTAL_ASSETS":3343618288.36,"TOTAL_LIABILITIES":2097933686.94,"TAX_EBT":62.754606336098,"OCF_SALES":104.318592995944,"TOTAL_PARENT_EQUITY":1245684601.42,"DEBT_ASSET_RATIO":62.7444135667,"OPERATE_PROFIT":213031844.9,"PRETAX_PROFIT":97428969.68,"NETCASH_OPERATE":199320489.76,"NETCASH_INVEST":502882.1,"NETCASH_FINANCE":32703394.92,"END_CASH":259060347.7,"DIVI_RATIO":null,"DIVIDEND_RATE":null,"CURRENT_RATIO":3.020793539496,"COMMON_ACS":1050000000,"CURRENTDEBT_DEBT":51.652242154544,"ISSUED_COMMON_SHARES":850678301,"HK_COMMON_SHARES":850678301,"PER_SHARES":5000,"TOTAL_MARKET_CAP":416832367.49,"HKSK_MARKET_CAP":416832367.49,"PE_TTM":-10.744763816312,"PB_TTM":0.322930605905,"REPORT_DATE_SQ":"2019-12-31 00:00:00","REPORT_TYPE_SQ":"2019年年报","OPERATE_INCOME_SQ":168921201.2,"DPS_HKD":null,"OPERATE_INCOME_QOQ_SQ":0,"NET_PROFIT_RATIO_SQ":-188.5009411714,"HOLDER_PROFIT_SQ":-318418054.1,"HOLDER_PROFIT_QOQ_SQ":0,"ROE_AVG_SQ":-25.370675932792,"PE_TTM_SQ":39.416968549078,"PB_TTM_SQ":0.149901034484,"ROA_SQ":-12.412591428942,"START_DATE":"2020-04-01 00:00:00","FISCAL_YEAR":"3-31","CURRENCY":"HKD","IS_CNY_CODE":0,"DPS_HKD_LY":null,"ORG_TYPE":"一般企业","PREMIUM_INCOME":null,"PREMIUM_INCOME_YOY":null,"NET_INTEREST_INCOME":null,"NET_INTEREST_INCOME_YOY":null,"FEE_COMMISSION_INCOME":null,"FEE_COMMISSION_INCOME_YOY":null,"ACCOUNTS_RECE_TDAYS":null,"INVENTORY_TDAYS":0.020141529531,"CURRENT_ASSETS_TDAYS":0.068842564608,"TOTAL_ASSETS_TDAYS":0.067039323169,"PREMIUM_EXPENSE":null,"LOAN_DEPOSIT":null,"LOAN_EQUITY":null,"LOAN_ASSETS":null,"DEPOSIT_EQUITY":null,"DEPOSIT_ASSETS":null,"EQUITY_MULTIPLIER":2.684161211072,"EQUITY_RATIO":1.684161211071},{"SECUCODE":"00508.HK","SECURITY_CODE":"00508","SECURITY_NAME_ABBR":"鼎亿集团投资","ORG_CODE":"10008937","STD_REPORT_DATE":"2020-06-30 00:00:00","REPORT_DATE":"2020-09-30 00:00:00","DATE_TYPE_CODE":"002","REPORT_TYPE":"2020年中报","PER_NETCASH_OPERATE":0.019789273599,"PER_OI":0.016022498766,"BPS":1.448297032417,"BASIC_EPS":0.008611456,"DILUTED_EPS":0.008611456,"OPERATE_INCOME":117877651.84,"OPERATE_INCOME_YOY":42.029645315,"GROSS_PROFIT":105128303.36,"GROSS_PROFIT_YOY":27.860776208976,"HOLDER_PROFIT":63233569.92,"HOLDER_PROFIT_YOY":135.6464923665,"GROSS_PROFIT_RATIO":89.184253095485,"EPS_TTM":-0.043280917113,"OPERATE_INCOME_QOQ":0,"NET_PROFIT_RATIO":53.6433912052,"ROE_AVG":5.497587390256,"GROSS_PROFIT_QOQ":0,"ROA":2.34127286886,"HOLDER_PROFIT_QOQ":0,"ROE_YEARLY":10.995174780512,"ROIC_YEARLY":4.902559075067,"TOTAL_ASSETS":2951533486.72,"TOTAL_LIABILITIES":1719498627.84,"TAX_EBT":16.810015953388,"OCF_SALES":123.509284590785,"TOTAL_PARENT_EQUITY":1232034858.88,"DEBT_ASSET_RATIO":58.2578051571,"OPERATE_PROFIT":138077667.2,"PRETAX_PROFIT":76011037.44,"NETCASH_OPERATE":145589844.48,"NETCASH_INVEST":90508.16,"NETCASH_FINANCE":54525454.72,"END_CASH":223635118.72,"DIVI_RATIO":null,"DIVIDEND_RATE":null,"CURRENT_RATIO":3.795897082515,"COMMON_ACS":1050000000,"CURRENTDEBT_DEBT":43.902613523356,"ISSUED_COMMON_SHARES":850678301,"HK_COMMON_SHARES":850678301,"PER_SHARES":5000,"TOTAL_MARKET_CAP":416832367.49,"HKSK_MARKET_CAP":416832367.49,"PE_TTM":-10.744763816312,"PB_TTM":0.322930605905,"REPORT_DATE_SQ":"2019-06-30 00:00:00","REPORT_TYPE_SQ":"2019年中报","OPERATE_INCOME_SQ":85194844.5,"DPS_HKD":null,"OPERATE_INCOME_QOQ_SQ":0,"NET_PROFIT_RATIO_SQ":-213.7363684489,"HOLDER_PROFIT_SQ":-182092366.74,"HOLDER_PROFIT_QOQ_SQ":0,"ROE_AVG_SQ":-14.077836964068,"PE_TTM_SQ":39.416968549078,"PB_TTM_SQ":0.149901034484,"ROA_SQ":-7.236437773048,"START_DATE":"2020-04-01 00:00:00","FISCAL_YEAR":"3-31","CURRENCY":"HKD","IS_CNY_CODE":0,"DPS_HKD_LY":null,"ORG_TYPE":"一般企业","PREMIUM_INCOME":null,"PREMIUM_INCOME_YOY":null,"NET_INTEREST_INCOME":null,"NET_INTEREST_INCOME_YOY":null,"FEE_COMMISSION_INCOME":null,"FEE_COMMISSION_INCOME_YOY":null,"ACCOUNTS_RECE_TDAYS":null,"INVENTORY_TDAYS":0.020322934212,"CURRENT_ASSETS_TDAYS":0.045048250391,"TOTAL_ASSETS_TDAYS":0.043645131604,"PREMIUM_EXPENSE":null,"LOAN_DEPOSIT":null,"LOAN_EQUITY":null,"LOAN_ASSETS":null,"DEPOSIT_EQUITY":null,"DEPOSIT_ASSETS":null,"EQUITY_MULTIPLIER":2.395657448688,"EQUITY_RATIO":1.395657448689}],"count":48},"success":true,"message":"ok","code":0}