{"version":"13ba72796e95203b8de997d54145f47f","result":{"pages":6,"data":[{"SECUCODE":"00509.HK","SECURITY_CODE":"00509","SECURITY_NAME_ABBR":"世纪阳光","ORG_CODE":"10010812","STD_REPORT_DATE":"2024-06-30 00:00:00","REPORT_DATE":"2024-06-30 00:00:00","DATE_TYPE_CODE":"002","REPORT_TYPE":"2024年中报","PER_NETCASH_OPERATE":0.003183042227,"PER_OI":0.027151388053,"BPS":6.412265168072,"BASIC_EPS":-0.015789364,"DILUTED_EPS":-0.02099164,"OPERATE_INCOME":124383681.12,"OPERATE_INCOME_YOY":11.3877287476,"GROSS_PROFIT":-19889122.56,"GROSS_PROFIT_YOY":36.485147845429,"HOLDER_PROFIT":-72470442.72,"HOLDER_PROFIT_YOY":64.7434929713,"GROSS_PROFIT_RATIO":-15.990138240733,"EPS_TTM":-0.017313935793,"OPERATE_INCOME_QOQ":4.048616711427,"NET_PROFIT_RATIO":-100.181239177,"ROE_AVG":-9.24975347853,"GROSS_PROFIT_QOQ":15.693825320546,"ROA":-2.532449763384,"HOLDER_PROFIT_QOQ":63.021131431442,"ROE_YEARLY":-18.49950695706,"ROIC_YEARLY":-4.679640522702,"TOTAL_ASSETS":2782315019.48,"TOTAL_LIABILITIES":2371376286.08,"TAX_EBT":0.201744062804,"OCF_SALES":11.723313081506,"TOTAL_PARENT_EQUITY":734383398.6,"DEBT_ASSET_RATIO":85.2303304794,"OPERATE_PROFIT":-85143917.2,"PRETAX_PROFIT":-124861012.76,"NETCASH_OPERATE":14581888.36,"NETCASH_INVEST":-7409136.24,"NETCASH_FINANCE":-5650401.88,"END_CASH":53728558.92,"DIVI_RATIO":null,"DIVIDEND_RATE":null,"CURRENT_RATIO":0.368126192585,"COMMON_ACS":250000000,"CURRENTDEBT_DEBT":53.914741272608,"ISSUED_COMMON_SHARES":114527921,"HK_COMMON_SHARES":114527921,"PER_SHARES":10000,"TOTAL_MARKET_CAP":25768782.225,"HKSK_MARKET_CAP":25768782.225,"PE_TTM":-0.28355982025,"PB_TTM":0.032025032437,"REPORT_DATE_SQ":"2023-06-30 00:00:00","REPORT_TYPE_SQ":"2023年中报","OPERATE_INCOME_SQ":112805174.98,"DPS_HKD":null,"OPERATE_INCOME_QOQ_SQ":-37.525176089203,"NET_PROFIT_RATIO_SQ":-224.2842314325,"HOLDER_PROFIT_SQ":-207646491.64,"HOLDER_PROFIT_QOQ_SQ":12.481190790082,"ROE_AVG_SQ":-18.130107741549,"PE_TTM_SQ":-0.053380651586,"PB_TTM_SQ":0.041802668723,"ROA_SQ":-5.382231571602,"START_DATE":"2024-01-01 00:00:00","FISCAL_YEAR":"12-31","CURRENCY":"HKD","IS_CNY_CODE":0,"DPS_HKD_LY":null,"ORG_TYPE":"一般企业","PREMIUM_INCOME":null,"PREMIUM_INCOME_YOY":null,"NET_INTEREST_INCOME":null,"NET_INTEREST_INCOME_YOY":null,"FEE_COMMISSION_INCOME":null,"FEE_COMMISSION_INCOME_YOY":null,"ACCOUNTS_RECE_TDAYS":50.748091603053,"INVENTORY_TDAYS":1.335185928163,"CURRENT_ASSETS_TDAYS":0.24933998562,"TOTAL_ASSETS_TDAYS":0.043465364913,"PREMIUM_EXPENSE":null,"LOAN_DEPOSIT":null,"LOAN_EQUITY":null,"LOAN_ASSETS":null,"DEPOSIT_EQUITY":null,"DEPOSIT_ASSETS":null,"EQUITY_MULTIPLIER":6.770632197323,"EQUITY_RATIO":3.229071205314},{"SECUCODE":"00509.HK","SECURITY_CODE":"00509","SECURITY_NAME_ABBR":"世纪阳光","ORG_CODE":"10010812","STD_REPORT_DATE":"2023-12-31 00:00:00","REPORT_DATE":"2023-12-31 00:00:00","DATE_TYPE_CODE":"001","REPORT_TYPE":"2023年年报","PER_NETCASH_OPERATE":-0.002057488281,"PER_OI":0.062427292261,"BPS":7.218272631352,"BASIC_EPS":-0.046851574,"DILUTED_EPS":-0.067604012,"OPERATE_INCOME":285986720.04,"OPERATE_INCOME_YOY":-40.6359985327,"GROSS_PROFIT":-72799371.26,"GROSS_PROFIT_YOY":-224.423834069813,"HOLDER_PROFIT":-214493211.8,"HOLDER_PROFIT_YOY":76.4973984192,"GROSS_PROFIT_RATIO":-25.455507601828,"EPS_TTM":-0.046821161553,"OPERATE_INCOME_QOQ":-3.601778724528,"NET_PROFIT_RATIO":-150.5586503666,"ROE_AVG":-20.574430734822,"GROSS_PROFIT_QOQ":-154.618457715332,"ROA":-6.242290761679,"HOLDER_PROFIT_QOQ":72.756341204227,"ROE_YEARLY":-20.574430734822,"ROIC_YEARLY":-5.974279727494,"TOTAL_ASSETS":2920215108.86,"TOTAL_LIABILITIES":2349178700.26,"TAX_EBT":1.765035468178,"OCF_SALES":-3.295815350685,"TOTAL_PARENT_EQUITY":826693757.68,"DEBT_ASSET_RATIO":80.4453991465,"OPERATE_PROFIT":-864442351.78,"PRETAX_PROFIT":-438314146.06,"NETCASH_OPERATE":-9425594.22,"NETCASH_INVEST":-11867857.12,"NETCASH_FINANCE":9154634.44,"END_CASH":55496912.8,"DIVI_RATIO":null,"DIVIDEND_RATE":null,"CURRENT_RATIO":0.405354599549,"COMMON_ACS":250000000,"CURRENTDEBT_DEBT":54.955689637281,"ISSUED_COMMON_SHARES":114527921,"HK_COMMON_SHARES":114527921,"PER_SHARES":10000,"TOTAL_MARKET_CAP":40084772.35,"HKSK_MARKET_CAP":40084772.35,"PE_TTM":-0.441093053722,"PB_TTM":0.049816717124,"REPORT_DATE_SQ":"2022-12-31 00:00:00","REPORT_TYPE_SQ":"2022年年报","OPERATE_INCOME_SQ":474866798.35,"DPS_HKD":null,"OPERATE_INCOME_QOQ_SQ":-31.553817539343,"NET_PROFIT_RATIO_SQ":-198.5246564649,"HOLDER_PROFIT_SQ":-899594351.6,"HOLDER_PROFIT_QOQ_SQ":20.090847495844,"ROE_AVG_SQ":-53.902740846361,"PE_TTM_SQ":-0.053380651586,"PB_TTM_SQ":0.041802668723,"ROA_SQ":-19.609244313528,"START_DATE":"2023-01-01 00:00:00","FISCAL_YEAR":"12-31","CURRENCY":"HKD","IS_CNY_CODE":0,"DPS_HKD_LY":null,"ORG_TYPE":"一般企业","PREMIUM_INCOME":null,"PREMIUM_INCOME_YOY":null,"NET_INTEREST_INCOME":null,"NET_INTEREST_INCOME_YOY":null,"FEE_COMMISSION_INCOME":null,"FEE_COMMISSION_INCOME_YOY":null,"ACCOUNTS_RECE_TDAYS":10.484277669806,"INVENTORY_TDAYS":2.289763542724,"CURRENT_ASSETS_TDAYS":0.506771388265,"TOTAL_ASSETS_TDAYS":0.083229312736,"PREMIUM_EXPENSE":null,"LOAN_DEPOSIT":null,"LOAN_EQUITY":null,"LOAN_ASSETS":null,"DEPOSIT_EQUITY":null,"DEPOSIT_ASSETS":null,"EQUITY_MULTIPLIER":5.113886023508,"EQUITY_RATIO":2.841655302748},{"SECUCODE":"00509.HK","SECURITY_CODE":"00509","SECURITY_NAME_ABBR":"世纪阳光","ORG_CODE":"10010812","STD_REPORT_DATE":"2023-06-30 00:00:00","REPORT_DATE":"2023-06-30 00:00:00","DATE_TYPE_CODE":"002","REPORT_TYPE":"2023年中报","PER_NETCASH_OPERATE":0.000499116368,"PER_OI":0.024623946266,"BPS":8.822211870763,"BASIC_EPS":-0.045361416,"DILUTED_EPS":-0.045361416,"OPERATE_INCOME":112805174.98,"OPERATE_INCOME_YOY":-64.0434942326,"GROSS_PROFIT":-31314128.72,"GROSS_PROFIT_YOY":-156.131980648696,"HOLDER_PROFIT":-207646491.64,"HOLDER_PROFIT_YOY":39.7973803796,"GROSS_PROFIT_RATIO":-27.759478876348,"EPS_TTM":-0.171860769158,"OPERATE_INCOME_QOQ":-37.525176089203,"NET_PROFIT_RATIO":-224.2842314325,"ROE_AVG":-18.130107741549,"GROSS_PROFIT_QOQ":-148.866777053893,"ROA":-5.382231571602,"HOLDER_PROFIT_QOQ":12.481190790082,"ROE_YEARLY":-36.260215483098,"ROIC_YEARLY":-10.34746581434,"TOTAL_ASSETS":3695225769.52,"TOTAL_LIABILITIES":2954384414.18,"TAX_EBT":0.114658445231,"OCF_SALES":2.026955235347,"TOTAL_PARENT_EQUITY":1010389584.18,"DEBT_ASSET_RATIO":79.9513912938,"OPERATE_PROFIT":-175312653.04,"PRETAX_PROFIT":-253294643.42,"NETCASH_OPERATE":2286510.4,"NETCASH_INVEST":-5321668.56,"NETCASH_FINANCE":-2670976.06,"END_CASH":60042103.54,"DIVI_RATIO":null,"DIVIDEND_RATE":null,"CURRENT_RATIO":0.20811686904,"COMMON_ACS":250000000,"CURRENTDEBT_DEBT":85.653685832971,"ISSUED_COMMON_SHARES":114527921,"HK_COMMON_SHARES":114527921,"PER_SHARES":10000,"TOTAL_MARKET_CAP":40084772.35,"HKSK_MARKET_CAP":40084772.35,"PE_TTM":-0.441093053722,"PB_TTM":0.049816717124,"REPORT_DATE_SQ":"2022-06-30 00:00:00","REPORT_TYPE_SQ":"2022年中报","OPERATE_INCOME_SQ":290999777.25,"DPS_HKD":null,"OPERATE_INCOME_QOQ_SQ":-36.287628810937,"NET_PROFIT_RATIO_SQ":-131.5683082431,"HOLDER_PROFIT_SQ":-319926579,"HOLDER_PROFIT_QOQ_SQ":-22.767801074778,"ROE_AVG_SQ":-17.844004478888,"PE_TTM_SQ":-0.053380651586,"PB_TTM_SQ":0.041802668723,"ROA_SQ":-6.737869673283,"START_DATE":"2023-01-01 00:00:00","FISCAL_YEAR":"12-31","CURRENCY":"HKD","IS_CNY_CODE":0,"DPS_HKD_LY":null,"ORG_TYPE":"一般企业","PREMIUM_INCOME":null,"PREMIUM_INCOME_YOY":null,"NET_INTEREST_INCOME":null,"NET_INTEREST_INCOME_YOY":null,"FEE_COMMISSION_INCOME":null,"FEE_COMMISSION_INCOME_YOY":null,"ACCOUNTS_RECE_TDAYS":2.744342013772,"INVENTORY_TDAYS":0.748880739131,"CURRENT_ASSETS_TDAYS":0.197467083709,"TOTAL_ASSETS_TDAYS":0.029239288823,"PREMIUM_EXPENSE":null,"LOAN_DEPOSIT":null,"LOAN_EQUITY":null,"LOAN_ASSETS":null,"DEPOSIT_EQUITY":null,"DEPOSIT_ASSETS":null,"EQUITY_MULTIPLIER":4.98787728692,"EQUITY_RATIO":2.924005215847},{"SECUCODE":"00509.HK","SECURITY_CODE":"00509","SECURITY_NAME_ABBR":"世纪阳光","ORG_CODE":"10010812","STD_REPORT_DATE":"2022-12-31 00:00:00","REPORT_DATE":"2022-12-31 00:00:00","DATE_TYPE_CODE":"001","REPORT_TYPE":"2022年年报","PER_NETCASH_OPERATE":0.014707088262,"PER_OI":0.103657429973,"BPS":10.830290053986,"BASIC_EPS":-0.196340746,"DILUTED_EPS":-0.196340746,"OPERATE_INCOME":474866798.35,"OPERATE_INCOME_YOY":-60.085459561,"GROSS_PROFIT":58509185,"GROSS_PROFIT_YOY":-45.58924383295,"HOLDER_PROFIT":-899594351.6,"HOLDER_PROFIT_YOY":10.2076917453,"GROSS_PROFIT_RATIO":12.321178318488,"EPS_TTM":-0.196370095422,"OPERATE_INCOME_QOQ":-31.553817539343,"NET_PROFIT_RATIO":-198.5246564649,"ROE_AVG":-53.902740846361,"GROSS_PROFIT_QOQ":-42.895053445875,"ROA":-19.609244313528,"HOLDER_PROFIT_QOQ":20.090847495844,"ROE_YEARLY":-53.902740846361,"ROIC_YEARLY":-19.819710070713,"TOTAL_ASSETS":3895569228.67,"TOTAL_LIABILITIES":2838997860.16,"TAX_EBT":0.599492150562,"OCF_SALES":14.188166025527,"TOTAL_PARENT_EQUITY":1240370603.71,"DEBT_ASSET_RATIO":72.8776128342,"OPERATE_PROFIT":-902794044.74,"PRETAX_PROFIT":-948413343.64,"NETCASH_OPERATE":67374889.75,"NETCASH_INVEST":-42197181.53,"NETCASH_FINANCE":-41800569.65,"END_CASH":68426268.54,"DIVI_RATIO":null,"DIVIDEND_RATE":null,"CURRENT_RATIO":0.245896721095,"COMMON_ACS":250000000,"CURRENTDEBT_DEBT":85.474172867226,"ISSUED_COMMON_SHARES":114527921,"HK_COMMON_SHARES":114527921,"PER_SHARES":10000,"TOTAL_MARKET_CAP":40084772.35,"HKSK_MARKET_CAP":40084772.35,"PE_TTM":-0.441093053722,"PB_TTM":0.049816717124,"REPORT_DATE_SQ":"2021-12-31 00:00:00","REPORT_TYPE_SQ":"2021年年报","OPERATE_INCOME_SQ":1088927100.8,"DPS_HKD":null,"OPERATE_INCOME_QOQ_SQ":-26.430122013659,"NET_PROFIT_RATIO_SQ":-94.161840076,"HOLDER_PROFIT_SQ":-916992361.6,"HOLDER_PROFIT_QOQ_SQ":-25.212012028303,"ROE_AVG_SQ":-39.288608025054,"PE_TTM_SQ":-0.053380651586,"PB_TTM_SQ":0.041802668723,"ROA_SQ":-17.463162136425,"START_DATE":"2022-01-01 00:00:00","FISCAL_YEAR":"12-31","CURRENCY":"HKD","IS_CNY_CODE":0,"DPS_HKD_LY":null,"ORG_TYPE":"一般企业","PREMIUM_INCOME":null,"PREMIUM_INCOME_YOY":null,"NET_INTEREST_INCOME":null,"NET_INTEREST_INCOME_YOY":null,"FEE_COMMISSION_INCOME":null,"FEE_COMMISSION_INCOME_YOY":null,"ACCOUNTS_RECE_TDAYS":2.3842531339,"INVENTORY_TDAYS":1.604252031107,"CURRENT_ASSETS_TDAYS":0.55136881518,"TOTAL_ASSETS_TDAYS":0.1035108663,"PREMIUM_EXPENSE":null,"LOAN_DEPOSIT":null,"LOAN_EQUITY":null,"LOAN_ASSETS":null,"DEPOSIT_EQUITY":null,"DEPOSIT_ASSETS":null,"EQUITY_MULTIPLIER":3.686991096643,"EQUITY_RATIO":2.288830331571},{"SECUCODE":"00509.HK","SECURITY_CODE":"00509","SECURITY_NAME_ABBR":"世纪阳光","ORG_CODE":"10010812","STD_REPORT_DATE":"2022-06-30 00:00:00","REPORT_DATE":"2022-06-30 00:00:00","DATE_TYPE_CODE":"002","REPORT_TYPE":"2022年中报","PER_NETCASH_OPERATE":0.007907085558,"PER_OI":0.063521579393,"BPS":13.776193887078,"BASIC_EPS":-0.069869023,"DILUTED_EPS":-0.069869023,"OPERATE_INCOME":290999777.25,"OPERATE_INCOME_YOY":-59.2528406448,"GROSS_PROFIT":55786609.27,"GROSS_PROFIT_YOY":2.210178295213,"HOLDER_PROFIT":-319926579,"HOLDER_PROFIT_YOY":-180.0610879037,"GROSS_PROFIT_RATIO":17.387935073829,"EPS_TTM":-0.245741681983,"OPERATE_INCOME_QOQ":-36.287628810937,"NET_PROFIT_RATIO":-131.5683082431,"ROE_AVG":-17.844004478888,"GROSS_PROFIT_QOQ":-4.717963240753,"ROA":-6.737869673283,"HOLDER_PROFIT_QOQ":-22.767801074778,"ROE_YEARLY":-35.688008957776,"ROIC_YEARLY":-13.909834822106,"TOTAL_ASSETS":4441804693.41,"TOTAL_LIABILITIES":2849502487.09,"TAX_EBT":-2.331486988761,"OCF_SALES":12.72241779102,"TOTAL_PARENT_EQUITY":1577758845.18,"DEBT_ASSET_RATIO":64.1519085996,"OPERATE_PROFIT":-278906535.46,"PRETAX_PROFIT":-366066645.07,"NETCASH_OPERATE":36223282.83,"NETCASH_INVEST":1682158.73,"NETCASH_FINANCE":-35852130.37,"END_CASH":77796634.3,"DIVI_RATIO":null,"DIVIDEND_RATE":null,"CURRENT_RATIO":0.289013625987,"COMMON_ACS":250000000,"CURRENTDEBT_DEBT":91.524727859542,"ISSUED_COMMON_SHARES":114527921,"HK_COMMON_SHARES":114527921,"PER_SHARES":10000,"TOTAL_MARKET_CAP":40084772.35,"HKSK_MARKET_CAP":40084772.35,"PE_TTM":-0.441093053722,"PB_TTM":0.049816717124,"REPORT_DATE_SQ":"2021-06-30 00:00:00","REPORT_TYPE_SQ":"2021年中报","OPERATE_INCOME_SQ":679865941.44,"DPS_HKD":null,"OPERATE_INCOME_QOQ_SQ":-18.272487682862,"NET_PROFIT_RATIO_SQ":-20.4188635462,"HOLDER_PROFIT_SQ":-111147582.24,"HOLDER_PROFIT_QOQ_SQ":-16.740785817796,"ROE_AVG_SQ":-4.030900005899,"PE_TTM_SQ":-0.053380651586,"PB_TTM_SQ":0.041802668723,"ROA_SQ":-1.943590366265,"START_DATE":"2022-01-01 00:00:00","FISCAL_YEAR":"12-31","CURRENCY":"HKD","IS_CNY_CODE":0,"DPS_HKD_LY":null,"ORG_TYPE":"一般企业","PREMIUM_INCOME":null,"PREMIUM_INCOME_YOY":null,"NET_INTEREST_INCOME":null,"NET_INTEREST_INCOME_YOY":null,"FEE_COMMISSION_INCOME":null,"FEE_COMMISSION_INCOME_YOY":null,"ACCOUNTS_RECE_TDAYS":1.205089157651,"INVENTORY_TDAYS":0.891520182555,"CURRENT_ASSETS_TDAYS":0.310904421721,"TOTAL_ASSETS_TDAYS":0.059963978243,"PREMIUM_EXPENSE":null,"LOAN_DEPOSIT":null,"LOAN_EQUITY":null,"LOAN_ASSETS":null,"DEPOSIT_EQUITY":null,"DEPOSIT_ASSETS":null,"EQUITY_MULTIPLIER":2.789548790285,"EQUITY_RATIO":1.806044374776},{"SECUCODE":"00509.HK","SECURITY_CODE":"00509","SECURITY_NAME_ABBR":"世纪阳光","ORG_CODE":"10010812","STD_REPORT_DATE":"2021-12-31 00:00:00","REPORT_DATE":"2021-12-31 00:00:00","DATE_TYPE_CODE":"001","REPORT_TYPE":"2021年年报","PER_NETCASH_OPERATE":0.036269210172,"PER_OI":0.237699045477,"BPS":16.762660528868,"BASIC_EPS":-0.20014848,"DILUTED_EPS":-0.20014848,"OPERATE_INCOME":1088927100.8,"OPERATE_INCOME_YOY":-38.1052518088,"GROSS_PROFIT":107532387.2,"GROSS_PROFIT_YOY":-57.906169136539,"HOLDER_PROFIT":-916992361.6,"HOLDER_PROFIT_YOY":-50.4714449775,"GROSS_PROFIT_RATIO":9.875076772449,"EPS_TTM":-0.200167861468,"OPERATE_INCOME_QOQ":-26.430122013659,"NET_PROFIT_RATIO":-94.161840076,"ROE_AVG":-39.288608025054,"GROSS_PROFIT_QOQ":-21.329665122918,"ROA":-17.463162136425,"HOLDER_PROFIT_QOQ":-25.212012028303,"ROE_YEARLY":-39.288608025054,"ROIC_YEARLY":-18.36049375117,"TOTAL_ASSETS":4832392913.6,"TOTAL_LIABILITIES":2817810979.2,"TAX_EBT":0.444944737149,"OCF_SALES":15.258458484313,"TOTAL_PARENT_EQUITY":1919792660.8,"DEBT_ASSET_RATIO":58.3108830259,"OPERATE_PROFIT":-866170345.6,"PRETAX_PROFIT":-1029936443.2,"NETCASH_OPERATE":166153489.6,"NETCASH_INVEST":-182668192,"NETCASH_FINANCE":-34260710.4,"END_CASH":83365766.4,"DIVI_RATIO":null,"DIVIDEND_RATE":null,"CURRENT_RATIO":0.401152734817,"COMMON_ACS":250000000,"CURRENTDEBT_DEBT":91.159114240135,"ISSUED_COMMON_SHARES":114527921,"HK_COMMON_SHARES":114527921,"PER_SHARES":10000,"TOTAL_MARKET_CAP":40084772.35,"HKSK_MARKET_CAP":40084772.35,"PE_TTM":-0.441093053722,"PB_TTM":0.049816717124,"REPORT_DATE_SQ":"2020-12-31 00:00:00","REPORT_TYPE_SQ":"2020年年报","OPERATE_INCOME_SQ":1811050210.04,"DPS_HKD":null,"OPERATE_INCOME_QOQ_SQ":-39.932789630307,"NET_PROFIT_RATIO_SQ":-45.7384500776,"HOLDER_PROFIT_SQ":-627331523.52,"HOLDER_PROFIT_QOQ_SQ":-530.676767545777,"ROE_AVG_SQ":-20.733145946307,"PE_TTM_SQ":-0.053380651586,"PB_TTM_SQ":0.041802668723,"ROA_SQ":-10.237137104417,"START_DATE":"2021-01-01 00:00:00","FISCAL_YEAR":"12-31","CURRENCY":"HKD","IS_CNY_CODE":0,"DPS_HKD_LY":null,"ORG_TYPE":"一般企业","PREMIUM_INCOME":null,"PREMIUM_INCOME_YOY":null,"NET_INTEREST_INCOME":null,"NET_INTEREST_INCOME_YOY":null,"FEE_COMMISSION_INCOME":null,"FEE_COMMISSION_INCOME_YOY":null,"ACCOUNTS_RECE_TDAYS":2.906663669487,"INVENTORY_TDAYS":2.551387566318,"CURRENT_ASSETS_TDAYS":0.850246498823,"TOTAL_ASSETS_TDAYS":0.207374797352,"PREMIUM_EXPENSE":null,"LOAN_DEPOSIT":null,"LOAN_EQUITY":null,"LOAN_ASSETS":null,"DEPOSIT_EQUITY":null,"DEPOSIT_ASSETS":null,"EQUITY_MULTIPLIER":2.398707558669,"EQUITY_RATIO":1.467768388085},{"SECUCODE":"00509.HK","SECURITY_CODE":"00509","SECURITY_NAME_ABBR":"世纪阳光","ORG_CODE":"10010812","STD_REPORT_DATE":"2021-06-30 00:00:00","REPORT_DATE":"2021-06-30 00:00:00","DATE_TYPE_CODE":"002","REPORT_TYPE":"2021年中报","PER_NETCASH_OPERATE":0.010535960163,"PER_OI":0.148406156127,"BPS":23.731486063735,"BASIC_EPS":-0.024296736,"DILUTED_EPS":-0.024296736,"OPERATE_INCOME":679865941.44,"OPERATE_INCOME_YOY":-26.1624381538,"GROSS_PROFIT":54580287.6,"GROSS_PROFIT_YOY":-68.514714173568,"HOLDER_PROFIT":-111147582.24,"HOLDER_PROFIT_YOY":-1891.3237924866,"GROSS_PROFIT_RATIO":8.028095580784,"EPS_TTM":-0.159863145896,"OPERATE_INCOME_QOQ":-18.272487682862,"NET_PROFIT_RATIO":-20.4188635462,"ROE_AVG":-4.030900005899,"GROSS_PROFIT_QOQ":-46.493387972442,"ROA":-1.943590366265,"HOLDER_PROFIT_QOQ":-16.740785817796,"ROE_YEARLY":-8.061800011799,"ROIC_YEARLY":-4.089710762219,"TOTAL_ASSETS":5667308529.12,"TOTAL_LIABILITIES":2782785053.76,"TAX_EBT":-4.812941730799,"OCF_SALES":7.099409106708,"TOTAL_PARENT_EQUITY":2717917761.12,"DEBT_ASSET_RATIO":49.1024097146,"OPERATE_PROFIT":-48613441.92,"PRETAX_PROFIT":-132446334,"NETCASH_OPERATE":48266464.56,"NETCASH_INVEST":-102094551.84,"NETCASH_FINANCE":-20008195.68,"END_CASH":58915424.4,"DIVI_RATIO":null,"DIVIDEND_RATE":null,"CURRENT_RATIO":0.561337438309,"COMMON_ACS":250000000,"CURRENTDEBT_DEBT":90.448879490679,"ISSUED_COMMON_SHARES":114527921,"HK_COMMON_SHARES":114527921,"PER_SHARES":10000,"TOTAL_MARKET_CAP":40084772.35,"HKSK_MARKET_CAP":40084772.35,"PE_TTM":-0.441093053722,"PB_TTM":0.049816717124,"REPORT_DATE_SQ":"2020-06-30 00:00:00","REPORT_TYPE_SQ":"2020年中报","OPERATE_INCOME_SQ":1010789868,"DPS_HKD":null,"OPERATE_INCOME_QOQ_SQ":-21.986592838432,"NET_PROFIT_RATIO_SQ":-1.5957345864,"HOLDER_PROFIT_SQ":-6127355.52,"HOLDER_PROFIT_QOQ_SQ":-57.249585306022,"ROE_AVG_SQ":-0.177046856844,"PE_TTM_SQ":-0.053380651586,"PB_TTM_SQ":0.041802668723,"ROA_SQ":-0.089619795233,"START_DATE":"2021-01-01 00:00:00","FISCAL_YEAR":"12-31","CURRENCY":"HKD","IS_CNY_CODE":0,"DPS_HKD_LY":null,"ORG_TYPE":"一般企业","PREMIUM_INCOME":null,"PREMIUM_INCOME_YOY":null,"NET_INTEREST_INCOME":null,"NET_INTEREST_INCOME_YOY":null,"FEE_COMMISSION_INCOME":null,"FEE_COMMISSION_INCOME_YOY":null,"ACCOUNTS_RECE_TDAYS":1.575242411945,"INVENTORY_TDAYS":1.381193769241,"CURRENT_ASSETS_TDAYS":0.457667975234,"TOTAL_ASSETS_TDAYS":0.118885257556,"PREMIUM_EXPENSE":null,"LOAN_DEPOSIT":null,"LOAN_EQUITY":null,"LOAN_ASSETS":null,"DEPOSIT_EQUITY":null,"DEPOSIT_ASSETS":null,"EQUITY_MULTIPLIER":1.964729556729,"EQUITY_RATIO":1.023866539881},{"SECUCODE":"00509.HK","SECURITY_CODE":"00509","SECURITY_NAME_ABBR":"世纪阳光","ORG_CODE":"10010812","STD_REPORT_DATE":"2020-12-31 00:00:00","REPORT_DATE":"2020-12-31 00:00:00","DATE_TYPE_CODE":"001","REPORT_TYPE":"2020年年报","PER_NETCASH_OPERATE":-0.00905258931,"PER_OI":0.395329408113,"BPS":24.70134414367,"BASIC_EPS":-0.136934828,"DILUTED_EPS":-0.136934828,"OPERATE_INCOME":1811050210.04,"OPERATE_INCOME_YOY":-50.1251384891,"GROSS_PROFIT":255458781,"GROSS_PROFIT_YOY":-73.18181686082,"HOLDER_PROFIT":-627331523.52,"HOLDER_PROFIT_YOY":-295.9597021831,"GROSS_PROFIT_RATIO":14.105560386112,"EPS_TTM":-0.136938555601,"OPERATE_INCOME_QOQ":-39.932789630307,"NET_PROFIT_RATIO":-45.7384500776,"ROE_AVG":-20.733145946307,"GROSS_PROFIT_QOQ":-61.011679553807,"ROA":-10.237137104417,"HOLDER_PROFIT_QOQ":-530.676767545777,"ROE_YEARLY":-20.733145946307,"ROIC_YEARLY":-11.557358061208,"TOTAL_ASSETS":5836331539,"TOTAL_LIABILITIES":2817370542.28,"TAX_EBT":-6.058516158162,"OCF_SALES":-2.289885124669,"TOTAL_PARENT_EQUITY":2828993590.68,"DEBT_ASSET_RATIO":48.272969475,"OPERATE_PROFIT":-506052882.8,"PRETAX_PROFIT":-781027612.12,"NETCASH_OPERATE":-41470969.36,"NETCASH_INVEST":-353471125.56,"NETCASH_FINANCE":-161175743.28,"END_CASH":132488443.88,"DIVI_RATIO":null,"DIVIDEND_RATE":null,"CURRENT_RATIO":0.633681992014,"COMMON_ACS":250000000,"CURRENTDEBT_DEBT":88.276603543505,"ISSUED_COMMON_SHARES":114527921,"HK_COMMON_SHARES":114527921,"PER_SHARES":10000,"TOTAL_MARKET_CAP":40084772.35,"HKSK_MARKET_CAP":40084772.35,"PE_TTM":-0.441093053722,"PB_TTM":0.049816717124,"REPORT_DATE_SQ":"2019-12-31 00:00:00","REPORT_TYPE_SQ":"2019年年报","OPERATE_INCOME_SQ":3864771147.6,"DPS_HKD":null,"OPERATE_INCOME_QOQ_SQ":-5.228040470768,"NET_PROFIT_RATIO_SQ":9.9261082602,"HOLDER_PROFIT_SQ":340726047.04,"HOLDER_PROFIT_QOQ_SQ":-24.371028301931,"ROE_AVG_SQ":10.34071217724,"PE_TTM_SQ":-0.053380651586,"PB_TTM_SQ":0.041802668723,"ROA_SQ":5.037275531693,"START_DATE":"2020-01-01 00:00:00","FISCAL_YEAR":"12-31","CURRENCY":"HKD","IS_CNY_CODE":0,"DPS_HKD_LY":null,"ORG_TYPE":"一般企业","PREMIUM_INCOME":null,"PREMIUM_INCOME_YOY":null,"NET_INTEREST_INCOME":null,"NET_INTEREST_INCOME_YOY":null,"FEE_COMMISSION_INCOME":null,"FEE_COMMISSION_INCOME_YOY":null,"ACCOUNTS_RECE_TDAYS":4.358212975734,"INVENTORY_TDAYS":3.504650338181,"CURRENT_ASSETS_TDAYS":0.986401408954,"TOTAL_ASSETS_TDAYS":0.295537026406,"PREMIUM_EXPENSE":null,"LOAN_DEPOSIT":null,"LOAN_EQUITY":null,"LOAN_ASSETS":null,"DEPOSIT_EQUITY":null,"DEPOSIT_ASSETS":null,"EQUITY_MULTIPLIER":1.933225220645,"EQUITY_RATIO":0.995891454672},{"SECUCODE":"00509.HK","SECURITY_CODE":"00509","SECURITY_NAME_ABBR":"世纪阳光","ORG_CODE":"10010812","STD_REPORT_DATE":"2020-06-30 00:00:00","REPORT_DATE":"2020-06-30 00:00:00","DATE_TYPE_CODE":"002","REPORT_TYPE":"2020年中报","PER_NETCASH_OPERATE":-0.049042959824,"PER_OI":0.220642673532,"BPS":29.899548268933,"BASIC_EPS":-0.00137016,"DILUTED_EPS":-0.00137016,"OPERATE_INCOME":1010789868,"OPERATE_INCOME_YOY":-47.6808069423,"GROSS_PROFIT":173351729.76,"GROSS_PROFIT_YOY":-63.170808748769,"HOLDER_PROFIT":-6127355.52,"HOLDER_PROFIT_YOY":-103.1231376639,"GROSS_PROFIT_RATIO":17.150125386892,"EPS_TTM":0.031796132487,"OPERATE_INCOME_QOQ":-21.986592838432,"NET_PROFIT_RATIO":-1.5957345864,"ROE_AVG":-0.177046856844,"GROSS_PROFIT_QOQ":-31.214828358172,"ROA":-0.089619795233,"HOLDER_PROFIT_QOQ":-57.249585306022,"ROE_YEARLY":-0.354093713688,"ROIC_YEARLY":-0.206627767377,"TOTAL_ASSETS":6706788876.48,"TOTAL_LIABILITIES":2901756818.4,"TAX_EBT":308.995147354717,"OCF_SALES":-22.227323046337,"TOTAL_PARENT_EQUITY":3424333102.08,"DEBT_ASSET_RATIO":43.265963367,"OPERATE_PROFIT":75961670.4,"PRETAX_PROFIT":7717654.56,"NETCASH_OPERATE":-224671529.28,"NETCASH_INVEST":-208459796.16,"NETCASH_FINANCE":-157999543.68,"END_CASH":106096056,"DIVI_RATIO":null,"DIVIDEND_RATE":null,"CURRENT_RATIO":0.852210795165,"COMMON_ACS":250000000,"CURRENTDEBT_DEBT":85.535463298009,"ISSUED_COMMON_SHARES":114527921,"HK_COMMON_SHARES":114527921,"PER_SHARES":10000,"TOTAL_MARKET_CAP":40084772.35,"HKSK_MARKET_CAP":40084772.35,"PE_TTM":-0.441093053722,"PB_TTM":0.049816717124,"REPORT_DATE_SQ":"2019-06-30 00:00:00","REPORT_TYPE_SQ":"2019年中报","OPERATE_INCOME_SQ":1860521364.36,"DPS_HKD":null,"OPERATE_INCOME_QOQ_SQ":-0.020683002987,"NET_PROFIT_RATIO_SQ":10.7841153337,"HOLDER_PROFIT_SQ":188936893.44,"HOLDER_PROFIT_QOQ_SQ":8.423860434688,"ROE_AVG_SQ":5.913984490054,"PE_TTM_SQ":-0.053380651586,"PB_TTM_SQ":0.041802668723,"ROA_SQ":2.880273737577,"START_DATE":"2020-01-01 00:00:00","FISCAL_YEAR":"12-31","CURRENCY":"HKD","IS_CNY_CODE":0,"DPS_HKD_LY":null,"ORG_TYPE":"一般企业","PREMIUM_INCOME":null,"PREMIUM_INCOME_YOY":null,"NET_INTEREST_INCOME":null,"NET_INTEREST_INCOME_YOY":null,"FEE_COMMISSION_INCOME":null,"FEE_COMMISSION_INCOME_YOY":null,"ACCOUNTS_RECE_TDAYS":1.927224975421,"INVENTORY_TDAYS":1.784542076486,"CURRENT_ASSETS_TDAYS":0.460492120979,"TOTAL_ASSETS_TDAYS":0.1478399298,"PREMIUM_EXPENSE":null,"LOAN_DEPOSIT":null,"LOAN_EQUITY":null,"LOAN_ASSETS":null,"DEPOSIT_EQUITY":null,"DEPOSIT_ASSETS":null,"EQUITY_MULTIPLIER":1.762610347063,"EQUITY_RATIO":0.84739326809}],"count":49},"success":true,"message":"ok","code":0}