{"version":"65dcea3d69081071a5f29ebfb5fa60e6","result":{"pages":6,"data":[{"SECUCODE":"00506.HK","SECURITY_CODE":"00506","SECURITY_NAME_ABBR":"中国食品","ORG_CODE":"10008936","STD_REPORT_DATE":"2024-06-30 00:00:00","REPORT_DATE":"2024-06-30 00:00:00","DATE_TYPE_CODE":"002","REPORT_TYPE":"2024年中报","PER_NETCASH_OPERATE":0.586196298209,"PER_OI":4.052272341283,"BPS":2.204570077892,"BASIC_EPS":0.2021,"DILUTED_EPS":0.2021,"OPERATE_INCOME":11335111000,"OPERATE_INCOME_YOY":-8.9980279219,"GROSS_PROFIT":3917825000,"GROSS_PROFIT_YOY":-11.328805574177,"HOLDER_PROFIT":565232000,"HOLDER_PROFIT_YOY":-5.8903448161,"GROSS_PROFIT_RATIO":34.563622711767,"EPS_TTM":0.284996543766,"OPERATE_INCOME_QOQ":-5.225973210654,"NET_PROFIT_RATIO":8.5181344938,"ROE_AVG":9.279708346019,"GROSS_PROFIT_QOQ":-6.635231605903,"ROA":3.40118213271,"HOLDER_PROFIT_QOQ":-4.249216588976,"ROE_YEARLY":18.559416692039,"ROIC_YEARLY":11.550129926497,"TOTAL_ASSETS":17011778000,"TOTAL_LIABILITIES":6808753000,"TAX_EBT":23.931120927569,"OCF_SALES":14.465866280445,"TOTAL_PARENT_EQUITY":6166675000,"DEBT_ASSET_RATIO":40.0237588334,"OPERATE_PROFIT":1268945000,"PRETAX_PROFIT":1269297000,"NETCASH_OPERATE":1639722000,"NETCASH_INVEST":-211619000,"NETCASH_FINANCE":-59536000,"END_CASH":3661582000,"DIVI_RATIO":0.505581499678,"DIVIDEND_RATE":6.259842519685,"CURRENT_RATIO":1.068439246278,"COMMON_ACS":4000000000,"CURRENTDEBT_DEBT":91.734316107516,"ISSUED_COMMON_SHARES":2797223396,"HK_COMMON_SHARES":2797223396,"PER_SHARES":2000,"TOTAL_MARKET_CAP":7104947425.84,"HKSK_MARKET_CAP":7104947425.84,"PE_TTM":8.013599208543,"PB_TTM":1.051546160064,"REPORT_DATE_SQ":"2023-06-30 00:00:00","REPORT_TYPE_SQ":"2023年中报","OPERATE_INCOME_SQ":12455896000,"DPS_HKD":0.159,"OPERATE_INCOME_QOQ_SQ":2.681149228697,"NET_PROFIT_RATIO_SQ":8.1638125431,"HOLDER_PROFIT_SQ":600610000,"HOLDER_PROFIT_QOQ_SQ":18.051758315703,"ROE_AVG_SQ":10.626803781883,"PE_TTM_SQ":9.909406274323,"PB_TTM_SQ":1.30655639795,"ROA_SQ":3.855946274453,"START_DATE":"2024-01-01 00:00:00","FISCAL_YEAR":"12-31","CURRENCY":"HKD","IS_CNY_CODE":0,"DPS_HKD_LY":0.159,"ORG_TYPE":"一般企业","PREMIUM_INCOME":null,"PREMIUM_INCOME_YOY":null,"NET_INTEREST_INCOME":null,"NET_INTEREST_INCOME_YOY":null,"FEE_COMMISSION_INCOME":null,"FEE_COMMISSION_INCOME_YOY":null,"ACCOUNTS_RECE_TDAYS":22.58638135242,"INVENTORY_TDAYS":5.340210950718,"CURRENT_ASSETS_TDAYS":1.792309069169,"TOTAL_ASSETS_TDAYS":0.682069964289,"PREMIUM_EXPENSE":null,"LOAN_DEPOSIT":null,"LOAN_EQUITY":null,"LOAN_ASSETS":null,"DEPOSIT_EQUITY":null,"DEPOSIT_ASSETS":null,"EQUITY_MULTIPLIER":1.667326895699,"EQUITY_RATIO":1.104120616053},{"SECUCODE":"00506.HK","SECURITY_CODE":"00506","SECURITY_NAME_ABBR":"中国食品","ORG_CODE":"10008936","STD_REPORT_DATE":"2023-12-31 00:00:00","REPORT_DATE":"2023-12-31 00:00:00","DATE_TYPE_CODE":"001","REPORT_TYPE":"2023年年报","PER_NETCASH_OPERATE":0.868606706019,"PER_OI":7.667044409348,"BPS":2.150501103559,"BASIC_EPS":0.2976,"DILUTED_EPS":0.2976,"OPERATE_INCOME":21446436000,"OPERATE_INCOME_YOY":2.2825387282,"GROSS_PROFIT":7543806000,"GROSS_PROFIT_YOY":0.606481709927,"HOLDER_PROFIT":832577000,"HOLDER_PROFIT_YOY":26.1793839681,"GROSS_PROFIT_RATIO":35.175103219948,"EPS_TTM":0.297644085628,"OPERATE_INCOME_QOQ":-0.388202219636,"NET_PROFIT_RATIO":6.460569952,"ROE_AVG":14.434854461579,"GROSS_PROFIT_QOQ":-0.811502164545,"ROA":5.321925628925,"HOLDER_PROFIT_QOQ":6.884798471785,"ROE_YEARLY":14.434854461579,"ROIC_YEARLY":7.950271141242,"TOTAL_ASSETS":16225607000,"TOTAL_LIABILITIES":6538651000,"TAX_EBT":24.860655426548,"OCF_SALES":11.329094493836,"TOTAL_PARENT_EQUITY":6015432000,"DEBT_ASSET_RATIO":40.2983444626,"OPERATE_PROFIT":1848961000,"PRETAX_PROFIT":1843990000,"NETCASH_OPERATE":2429687000,"NETCASH_INVEST":-564431000,"NETCASH_FINANCE":-609649000,"END_CASH":2293015000,"DIVI_RATIO":0.484098246723,"DIVIDEND_RATE":6.259842519685,"CURRENT_RATIO":1.002617465892,"COMMON_ACS":4000000000,"CURRENTDEBT_DEBT":91.143891912873,"ISSUED_COMMON_SHARES":2797223396,"HK_COMMON_SHARES":2797223396,"PER_SHARES":2000,"TOTAL_MARKET_CAP":7104947425.84,"HKSK_MARKET_CAP":7104947425.84,"PE_TTM":8.013599208543,"PB_TTM":1.051546160064,"REPORT_DATE_SQ":"2022-12-31 00:00:00","REPORT_TYPE_SQ":"2022年年报","OPERATE_INCOME_SQ":20967837000,"DPS_HKD":0.159,"OPERATE_INCOME_QOQ_SQ":2.485553031847,"NET_PROFIT_RATIO_SQ":5.7727747502,"HOLDER_PROFIT_SQ":659836000,"HOLDER_PROFIT_QOQ_SQ":1.612498363786,"ROE_AVG_SQ":12.359202359846,"PE_TTM_SQ":9.875585775093,"PB_TTM_SQ":1.302097161096,"ROA_SQ":4.36529116005,"START_DATE":"2023-01-01 00:00:00","FISCAL_YEAR":"12-31","CURRENCY":"HKD","IS_CNY_CODE":0,"DPS_HKD_LY":0.133,"ORG_TYPE":"一般企业","PREMIUM_INCOME":null,"PREMIUM_INCOME_YOY":null,"NET_INTEREST_INCOME":null,"NET_INTEREST_INCOME_YOY":null,"FEE_COMMISSION_INCOME":null,"FEE_COMMISSION_INCOME_YOY":null,"ACCOUNTS_RECE_TDAYS":58.756714994904,"INVENTORY_TDAYS":7.67162073164,"CURRENT_ASSETS_TDAYS":4.068963796616,"TOTAL_ASSETS_TDAYS":1.370880259694,"PREMIUM_EXPENSE":null,"LOAN_DEPOSIT":null,"LOAN_EQUITY":null,"LOAN_ASSETS":null,"DEPOSIT_EQUITY":null,"DEPOSIT_ASSETS":null,"EQUITY_MULTIPLIER":1.674995426841,"EQUITY_RATIO":1.086979455507},{"SECUCODE":"00506.HK","SECURITY_CODE":"00506","SECURITY_NAME_ABBR":"中国食品","ORG_CODE":"10008936","STD_REPORT_DATE":"2023-06-30 00:00:00","REPORT_DATE":"2023-06-30 00:00:00","DATE_TYPE_CODE":"002","REPORT_TYPE":"2023年中报","PER_NETCASH_OPERATE":0.52841292623,"PER_OI":4.452950028164,"BPS":2.067573511744,"BASIC_EPS":0.2147,"DILUTED_EPS":0.2147,"OPERATE_INCOME":12455896000,"OPERATE_INCOME_YOY":4.7266888896,"GROSS_PROFIT":4418374000,"GROSS_PROFIT_YOY":2.486442803697,"HOLDER_PROFIT":600610000,"HOLDER_PROFIT_YOY":24.7377974571,"GROSS_PROFIT_RATIO":35.472149093088,"EPS_TTM":0.278471859314,"OPERATE_INCOME_QOQ":2.681149228697,"NET_PROFIT_RATIO":8.1638125431,"ROE_AVG":10.626803781883,"GROSS_PROFIT_QOQ":1.429584987591,"ROA":3.855946274453,"HOLDER_PROFIT_QOQ":18.051758315703,"ROE_YEARLY":21.253607563766,"ROIC_YEARLY":11.508914589553,"TOTAL_ASSETS":16089450000,"TOTAL_LIABILITIES":6683842000,"TAX_EBT":23.405575880284,"OCF_SALES":11.866581095411,"TOTAL_PARENT_EQUITY":5783465000,"DEBT_ASSET_RATIO":41.541768053,"OPERATE_PROFIT":1329354000,"PRETAX_PROFIT":1327611000,"NETCASH_OPERATE":1478089000,"NETCASH_INVEST":-202245000,"NETCASH_FINANCE":-36995000,"END_CASH":2276257000,"DIVI_RATIO":0.517427435415,"DIVIDEND_RATE":6.259842519685,"CURRENT_RATIO":0.945467620857,"COMMON_ACS":4000000000,"CURRENTDEBT_DEBT":91.373105468382,"ISSUED_COMMON_SHARES":2797223396,"HK_COMMON_SHARES":2797223396,"PER_SHARES":2000,"TOTAL_MARKET_CAP":7104947425.84,"HKSK_MARKET_CAP":7104947425.84,"PE_TTM":8.013599208543,"PB_TTM":1.051546160064,"REPORT_DATE_SQ":"2022-06-30 00:00:00","REPORT_TYPE_SQ":"2022年中报","OPERATE_INCOME_SQ":11893717000,"DPS_HKD":0.159,"OPERATE_INCOME_QOQ_SQ":3.411209081569,"NET_PROFIT_RATIO_SQ":7.3969222574,"HOLDER_PROFIT_SQ":481498000,"HOLDER_PROFIT_QOQ_SQ":13.443043945389,"ROE_AVG_SQ":9.171994080753,"PE_TTM_SQ":9.875585775093,"PB_TTM_SQ":1.302097161096,"ROA_SQ":3.194018066874,"START_DATE":"2023-01-01 00:00:00","FISCAL_YEAR":"12-31","CURRENCY":"HKD","IS_CNY_CODE":0,"DPS_HKD_LY":0.133,"ORG_TYPE":"一般企业","PREMIUM_INCOME":null,"PREMIUM_INCOME_YOY":null,"NET_INTEREST_INCOME":null,"NET_INTEREST_INCOME_YOY":null,"FEE_COMMISSION_INCOME":null,"FEE_COMMISSION_INCOME_YOY":null,"ACCOUNTS_RECE_TDAYS":17.96216032256,"INVENTORY_TDAYS":5.188666498607,"CURRENT_ASSETS_TDAYS":2.409151214861,"TOTAL_ASSETS_TDAYS":0.799674760263,"PREMIUM_EXPENSE":null,"LOAN_DEPOSIT":null,"LOAN_EQUITY":null,"LOAN_ASSETS":null,"DEPOSIT_EQUITY":null,"DEPOSIT_ASSETS":null,"EQUITY_MULTIPLIER":1.71062306658,"EQUITY_RATIO":1.155681239534},{"SECUCODE":"00506.HK","SECURITY_CODE":"00506","SECURITY_NAME_ABBR":"中国食品","ORG_CODE":"10008936","STD_REPORT_DATE":"2022-12-31 00:00:00","REPORT_DATE":"2022-12-31 00:00:00","DATE_TYPE_CODE":"001","REPORT_TYPE":"2022年年报","PER_NETCASH_OPERATE":0.407928090989,"PER_OI":7.495946526825,"BPS":1.973462687283,"BASIC_EPS":0.2359,"DILUTED_EPS":0.2359,"OPERATE_INCOME":20967837000,"OPERATE_INCOME_YOY":5.9815495242,"GROSS_PROFIT":7498330000,"GROSS_PROFIT_YOY":6.195283086207,"HOLDER_PROFIT":659836000,"HOLDER_PROFIT_YOY":15.2723111728,"GROSS_PROFIT_RATIO":35.761104018502,"EPS_TTM":0.235889632892,"OPERATE_INCOME_QOQ":2.485553031847,"NET_PROFIT_RATIO":5.7727747502,"ROE_AVG":12.359202359846,"GROSS_PROFIT_QOQ":6.961964555752,"ROA":4.36529116005,"HOLDER_PROFIT_QOQ":1.612498363786,"ROE_YEARLY":12.359202359846,"ROIC_YEARLY":6.275770342544,"TOTAL_ASSETS":15062955000,"TOTAL_LIABILITIES":6200743000,"TAX_EBT":25.025395677036,"OCF_SALES":5.441982403812,"TOTAL_PARENT_EQUITY":5520216000,"DEBT_ASSET_RATIO":41.1655150002,"OPERATE_PROFIT":1588062000,"PRETAX_PROFIT":1614448000,"NETCASH_OPERATE":1141066000,"NETCASH_INVEST":-851226000,"NETCASH_FINANCE":-844135000,"END_CASH":1037408000,"DIVI_RATIO":0.610832185515,"DIVIDEND_RATE":6.259842519685,"CURRENT_RATIO":0.778789263358,"COMMON_ACS":4000000000,"CURRENTDEBT_DEBT":94.558394050519,"ISSUED_COMMON_SHARES":2797223396,"HK_COMMON_SHARES":2797223396,"PER_SHARES":2000,"TOTAL_MARKET_CAP":7104947425.84,"HKSK_MARKET_CAP":7104947425.84,"PE_TTM":8.013599208543,"PB_TTM":1.051546160064,"REPORT_DATE_SQ":"2021-12-31 00:00:00","REPORT_TYPE_SQ":"2021年年报","OPERATE_INCOME_SQ":19784422000,"DPS_HKD":0.159,"OPERATE_INCOME_QOQ_SQ":3.763649238934,"NET_PROFIT_RATIO_SQ":5.4319656142,"HOLDER_PROFIT_SQ":572415000,"HOLDER_PROFIT_QOQ_SQ":-0.090237584914,"ROE_AVG_SQ":11.322224762821,"PE_TTM_SQ":9.875585775093,"PB_TTM_SQ":1.302097161096,"ROA_SQ":3.781030188793,"START_DATE":"2022-01-01 00:00:00","FISCAL_YEAR":"12-31","CURRENCY":"HKD","IS_CNY_CODE":0,"DPS_HKD_LY":0.125,"ORG_TYPE":"一般企业","PREMIUM_INCOME":null,"PREMIUM_INCOME_YOY":null,"NET_INTEREST_INCOME":null,"NET_INTEREST_INCOME_YOY":null,"FEE_COMMISSION_INCOME":null,"FEE_COMMISSION_INCOME_YOY":null,"ACCOUNTS_RECE_TDAYS":60.972422907873,"INVENTORY_TDAYS":7.050222767976,"CURRENT_ASSETS_TDAYS":4.453826767138,"TOTAL_ASSETS_TDAYS":1.387173684089,"PREMIUM_EXPENSE":null,"LOAN_DEPOSIT":null,"LOAN_EQUITY":null,"LOAN_ASSETS":null,"DEPOSIT_EQUITY":null,"DEPOSIT_ASSETS":null,"EQUITY_MULTIPLIER":1.699683442463,"EQUITY_RATIO":1.123279052849},{"SECUCODE":"00506.HK","SECURITY_CODE":"00506","SECURITY_NAME_ABBR":"中国食品","ORG_CODE":"10008936","STD_REPORT_DATE":"2022-06-30 00:00:00","REPORT_DATE":"2022-06-30 00:00:00","DATE_TYPE_CODE":"002","REPORT_TYPE":"2022年中报","PER_NETCASH_OPERATE":0.452344636402,"PER_OI":4.251972515677,"BPS":1.909707321782,"BASIC_EPS":0.1721,"DILUTED_EPS":0.1721,"OPERATE_INCOME":11893717000,"OPERATE_INCOME_YOY":6.0156724022,"GROSS_PROFIT":4311179000,"GROSS_PROFIT_YOY":-1.160326379766,"HOLDER_PROFIT":481498000,"HOLDER_PROFIT_YOY":19.0212286305,"GROSS_PROFIT_RATIO":36.247533046229,"EPS_TTM":0.232146277959,"OPERATE_INCOME_QOQ":3.411209081569,"NET_PROFIT_RATIO":7.3969222574,"ROE_AVG":9.171994080753,"GROSS_PROFIT_QOQ":-0.716779532546,"ROA":3.194018066874,"HOLDER_PROFIT_QOQ":13.443043945389,"ROE_YEARLY":18.343988161507,"ROIC_YEARLY":9.588664975981,"TOTAL_ASSETS":14981922000,"TOTAL_LIABILITIES":6391728000,"TAX_EBT":23.782605569316,"OCF_SALES":10.638465670572,"TOTAL_PARENT_EQUITY":5341878000,"DEBT_ASSET_RATIO":42.6629373721,"OPERATE_PROFIT":1126441000,"PRETAX_PROFIT":1154289000,"NETCASH_OPERATE":1265309000,"NETCASH_INVEST":-407459000,"NETCASH_FINANCE":-457583000,"END_CASH":1991970000,"DIVI_RATIO":0.620681844512,"DIVIDEND_RATE":6.259842519685,"CURRENT_RATIO":0.752328052749,"COMMON_ACS":4000000000,"CURRENTDEBT_DEBT":94.922609347582,"ISSUED_COMMON_SHARES":2797223396,"HK_COMMON_SHARES":2797223396,"PER_SHARES":2000,"TOTAL_MARKET_CAP":7104947425.84,"HKSK_MARKET_CAP":7104947425.84,"PE_TTM":8.013599208543,"PB_TTM":1.051546160064,"REPORT_DATE_SQ":"2021-06-30 00:00:00","REPORT_TYPE_SQ":"2021年中报","OPERATE_INCOME_SQ":11218829000,"DPS_HKD":0.159,"OPERATE_INCOME_QOQ_SQ":10.537778757408,"NET_PROFIT_RATIO_SQ":6.6489648786,"HOLDER_PROFIT_SQ":404548000,"HOLDER_PROFIT_QOQ_SQ":14.87726924573,"ROE_AVG_SQ":8.041077177728,"PE_TTM_SQ":9.875585775093,"PB_TTM_SQ":1.302097161096,"ROA_SQ":2.664134250376,"START_DATE":"2022-01-01 00:00:00","FISCAL_YEAR":"12-31","CURRENCY":"HKD","IS_CNY_CODE":0,"DPS_HKD_LY":0.125,"ORG_TYPE":"一般企业","PREMIUM_INCOME":null,"PREMIUM_INCOME_YOY":null,"NET_INTEREST_INCOME":null,"NET_INTEREST_INCOME_YOY":null,"FEE_COMMISSION_INCOME":null,"FEE_COMMISSION_INCOME_YOY":null,"ACCOUNTS_RECE_TDAYS":20.348288386623,"INVENTORY_TDAYS":5.091516230155,"CURRENT_ASSETS_TDAYS":2.526847490482,"TOTAL_ASSETS_TDAYS":0.788969984928,"PREMIUM_EXPENSE":null,"LOAN_DEPOSIT":null,"LOAN_EQUITY":null,"LOAN_ASSETS":null,"DEPOSIT_EQUITY":null,"DEPOSIT_ASSETS":null,"EQUITY_MULTIPLIER":1.744072601852,"EQUITY_RATIO":1.19653200616},{"SECUCODE":"00506.HK","SECURITY_CODE":"00506","SECURITY_NAME_ABBR":"中国食品","ORG_CODE":"10008936","STD_REPORT_DATE":"2021-12-31 00:00:00","REPORT_DATE":"2021-12-31 00:00:00","DATE_TYPE_CODE":"001","REPORT_TYPE":"2021年年报","PER_NETCASH_OPERATE":0.383947882581,"PER_OI":7.072878779826,"BPS":1.843768004863,"BASIC_EPS":0.2046,"DILUTED_EPS":0.2046,"OPERATE_INCOME":19784422000,"OPERATE_INCOME_YOY":14.6980330263,"GROSS_PROFIT":7060888000,"GROSS_PROFIT_YOY":3.447519073485,"HOLDER_PROFIT":572415000,"HOLDER_PROFIT_YOY":14.7736067723,"GROSS_PROFIT_RATIO":35.689129558599,"EPS_TTM":0.20463685554,"OPERATE_INCOME_QOQ":3.763649238934,"NET_PROFIT_RATIO":5.4319656142,"ROE_AVG":11.322224762821,"GROSS_PROFIT_QOQ":-6.507454496969,"ROA":3.781030188793,"HOLDER_PROFIT_QOQ":-0.090237584914,"ROE_YEARLY":11.322224762821,"ROIC_YEARLY":5.593001115102,"TOTAL_ASSETS":15168064000,"TOTAL_LIABILITIES":6778769000,"TAX_EBT":24.469956531059,"OCF_SALES":5.42845274934,"TOTAL_PARENT_EQUITY":5157431000,"DEBT_ASSET_RATIO":44.6910627487,"OPERATE_PROFIT":1397896000,"PRETAX_PROFIT":1422855000,"NETCASH_OPERATE":1073988000,"NETCASH_INVEST":-846640000,"NETCASH_FINANCE":-496060000,"END_CASH":1591703000,"DIVI_RATIO":0.704120377631,"DIVIDEND_RATE":6.259842519685,"CURRENT_RATIO":0.749707266199,"COMMON_ACS":4000000000,"CURRENTDEBT_DEBT":95.420481211264,"ISSUED_COMMON_SHARES":2797223396,"HK_COMMON_SHARES":2797223396,"PER_SHARES":2000,"TOTAL_MARKET_CAP":7104947425.84,"HKSK_MARKET_CAP":7104947425.84,"PE_TTM":8.013599208543,"PB_TTM":1.051546160064,"REPORT_DATE_SQ":"2020-12-31 00:00:00","REPORT_TYPE_SQ":"2020年年报","OPERATE_INCOME_SQ":17249138000,"DPS_HKD":0.159,"OPERATE_INCOME_QOQ_SQ":1.333533699813,"NET_PROFIT_RATIO_SQ":5.5264384806,"HOLDER_PROFIT_SQ":498734000,"HOLDER_PROFIT_QOQ_SQ":8.932179215838,"ROE_AVG_SQ":10.505869361985,"PE_TTM_SQ":9.875585775093,"PB_TTM_SQ":1.302097161096,"ROA_SQ":3.374549149153,"START_DATE":"2021-01-01 00:00:00","FISCAL_YEAR":"12-31","CURRENCY":"HKD","IS_CNY_CODE":0,"DPS_HKD_LY":0.106,"ORG_TYPE":"一般企业","PREMIUM_INCOME":null,"PREMIUM_INCOME_YOY":null,"NET_INTEREST_INCOME":null,"NET_INTEREST_INCOME_YOY":null,"FEE_COMMISSION_INCOME":null,"FEE_COMMISSION_INCOME_YOY":null,"ACCOUNTS_RECE_TDAYS":62.468573774115,"INVENTORY_TDAYS":6.754088353124,"CURRENT_ASSETS_TDAYS":4.095877596655,"TOTAL_ASSETS_TDAYS":1.30684026187,"PREMIUM_EXPENSE":null,"LOAN_DEPOSIT":null,"LOAN_EQUITY":null,"LOAN_ASSETS":null,"DEPOSIT_EQUITY":null,"DEPOSIT_ASSETS":null,"EQUITY_MULTIPLIER":1.808026061785,"EQUITY_RATIO":1.314369305183},{"SECUCODE":"00506.HK","SECURITY_CODE":"00506","SECURITY_NAME_ABBR":"中国食品","ORG_CODE":"10008936","STD_REPORT_DATE":"2021-06-30 00:00:00","REPORT_DATE":"2021-06-30 00:00:00","DATE_TYPE_CODE":"002","REPORT_TYPE":"2021年中报","PER_NETCASH_OPERATE":0.250123033076,"PER_OI":4.010701832411,"BPS":1.826137307197,"BASIC_EPS":0.1446,"DILUTED_EPS":0.1446,"OPERATE_INCOME":11218829000,"OPERATE_INCOME_YOY":19.3346071487,"GROSS_PROFIT":4361790000,"GROSS_PROFIT_YOY":19.993859715968,"HOLDER_PROFIT":404548000,"HOLDER_PROFIT_YOY":22.4604207659,"GROSS_PROFIT_RATIO":38.87919140224,"EPS_TTM":0.204821681679,"OPERATE_INCOME_QOQ":10.537778757408,"NET_PROFIT_RATIO":6.6489648786,"ROE_AVG":8.041077177728,"GROSS_PROFIT_QOQ":10.647879482681,"ROA":2.664134250376,"HOLDER_PROFIT_QOQ":14.87726924573,"ROE_YEARLY":16.082154355456,"ROIC_YEARLY":8.061464311305,"TOTAL_ASSETS":15259749000,"TOTAL_LIABILITIES":6769544000,"TAX_EBT":23.429660105278,"OCF_SALES":6.236390625082,"TOTAL_PARENT_EQUITY":5108114000,"DEBT_ASSET_RATIO":44.3620927186,"OPERATE_PROFIT":934185000,"PRETAX_PROFIT":974184000,"NETCASH_OPERATE":699650000,"NETCASH_INVEST":-257043000,"NETCASH_FINANCE":-374063000,"END_CASH":1928959000,"DIVI_RATIO":0.703484996408,"DIVIDEND_RATE":6.259842519685,"CURRENT_RATIO":0.769240249805,"COMMON_ACS":4000000000,"CURRENTDEBT_DEBT":92.289717003095,"ISSUED_COMMON_SHARES":2797223396,"HK_COMMON_SHARES":2797223396,"PER_SHARES":2000,"TOTAL_MARKET_CAP":7104947425.84,"HKSK_MARKET_CAP":7104947425.84,"PE_TTM":8.013599208543,"PB_TTM":1.051546160064,"REPORT_DATE_SQ":"2020-06-30 00:00:00","REPORT_TYPE_SQ":"2020年中报","OPERATE_INCOME_SQ":9401153000,"DPS_HKD":0.159,"OPERATE_INCOME_QOQ_SQ":-0.87284395721,"NET_PROFIT_RATIO_SQ":5.958566997,"HOLDER_PROFIT_SQ":330350000,"HOLDER_PROFIT_QOQ_SQ":9.586178669137,"ROE_AVG_SQ":7.113321991351,"PE_TTM_SQ":9.875585775093,"PB_TTM_SQ":1.302097161096,"ROA_SQ":2.274390575548,"START_DATE":"2021-01-01 00:00:00","FISCAL_YEAR":"12-31","CURRENCY":"HKD","IS_CNY_CODE":0,"DPS_HKD_LY":0.106,"ORG_TYPE":"一般企业","PREMIUM_INCOME":null,"PREMIUM_INCOME_YOY":null,"NET_INTEREST_INCOME":null,"NET_INTEREST_INCOME_YOY":null,"FEE_COMMISSION_INCOME":null,"FEE_COMMISSION_INCOME_YOY":null,"ACCOUNTS_RECE_TDAYS":20.639901904239,"INVENTORY_TDAYS":4.4807027678,"CURRENT_ASSETS_TDAYS":2.333077402827,"TOTAL_ASSETS_TDAYS":0.738811379317,"PREMIUM_EXPENSE":null,"LOAN_DEPOSIT":null,"LOAN_EQUITY":null,"LOAN_ASSETS":null,"DEPOSIT_EQUITY":null,"DEPOSIT_ASSETS":null,"EQUITY_MULTIPLIER":1.797335753378,"EQUITY_RATIO":1.325253116904},{"SECUCODE":"00506.HK","SECURITY_CODE":"00506","SECURITY_NAME_ABBR":"中国食品","ORG_CODE":"10008936","STD_REPORT_DATE":"2020-12-31 00:00:00","REPORT_DATE":"2020-12-31 00:00:00","DATE_TYPE_CODE":"001","REPORT_TYPE":"2020年年报","PER_NETCASH_OPERATE":0.791618217968,"PER_OI":6.166521424305,"BPS":1.771013715631,"BASIC_EPS":0.1783,"DILUTED_EPS":0.1783,"OPERATE_INCOME":17249138000,"OPERATE_INCOME_YOY":0.4490500743,"GROSS_PROFIT":6825575000,"GROSS_PROFIT_YOY":8.791909050294,"HOLDER_PROFIT":498734000,"HOLDER_PROFIT_YOY":19.3746125437,"GROSS_PROFIT_RATIO":39.570528104071,"EPS_TTM":0.178296092015,"OPERATE_INCOME_QOQ":1.333533699813,"NET_PROFIT_RATIO":5.5264384806,"ROE_AVG":10.505869361985,"GROSS_PROFIT_QOQ":4.764679978923,"ROA":3.374549149153,"HOLDER_PROFIT_QOQ":8.932179215838,"ROE_YEARLY":10.505869361985,"ROIC_YEARLY":4.757512878488,"TOTAL_ASSETS":15110192000,"TOTAL_LIABILITIES":7030972000,"TAX_EBT":23.934782296456,"OCF_SALES":12.837354539108,"TOTAL_PARENT_EQUITY":4953921000,"DEBT_ASSET_RATIO":46.5313213757,"OPERATE_PROFIT":1242675000,"PRETAX_PROFIT":1253218000,"NETCASH_OPERATE":2214333000,"NETCASH_INVEST":-374884000,"NETCASH_FINANCE":-813823000,"END_CASH":1860415000,"DIVI_RATIO":0.808144353426,"DIVIDEND_RATE":6.259842519685,"CURRENT_RATIO":0.734367633019,"COMMON_ACS":4000000000,"CURRENTDEBT_DEBT":93.182208661903,"ISSUED_COMMON_SHARES":2797223396,"HK_COMMON_SHARES":2797223396,"PER_SHARES":2000,"TOTAL_MARKET_CAP":7104947425.84,"HKSK_MARKET_CAP":7104947425.84,"PE_TTM":8.013599208543,"PB_TTM":1.051546160064,"REPORT_DATE_SQ":"2019-12-31 00:00:00","REPORT_TYPE_SQ":"2019年年报","OPERATE_INCOME_SQ":17172027000,"DPS_HKD":0.159,"OPERATE_INCOME_QOQ_SQ":4.064635114705,"NET_PROFIT_RATIO_SQ":4.5180222463,"HOLDER_PROFIT_SQ":417789000,"HOLDER_PROFIT_QOQ_SQ":16.440959980379,"ROE_AVG_SQ":9.539237884329,"PE_TTM_SQ":9.875585775093,"PB_TTM_SQ":1.302097161096,"ROA_SQ":3.012523356143,"START_DATE":"2020-01-01 00:00:00","FISCAL_YEAR":"12-31","CURRENCY":"HKD","IS_CNY_CODE":0,"DPS_HKD_LY":0.048,"ORG_TYPE":"一般企业","PREMIUM_INCOME":null,"PREMIUM_INCOME_YOY":null,"NET_INTEREST_INCOME":null,"NET_INTEREST_INCOME_YOY":null,"FEE_COMMISSION_INCOME":null,"FEE_COMMISSION_INCOME_YOY":null,"ACCOUNTS_RECE_TDAYS":54.321064557119,"INVENTORY_TDAYS":5.59806476283,"CURRENT_ASSETS_TDAYS":3.866832631197,"TOTAL_ASSETS_TDAYS":1.167116418001,"PREMIUM_EXPENSE":null,"LOAN_DEPOSIT":null,"LOAN_EQUITY":null,"LOAN_ASSETS":null,"DEPOSIT_EQUITY":null,"DEPOSIT_ASSETS":null,"EQUITY_MULTIPLIER":1.870253811632,"EQUITY_RATIO":1.419274146681},{"SECUCODE":"00506.HK","SECURITY_CODE":"00506","SECURITY_NAME_ABBR":"中国食品","ORG_CODE":"10008936","STD_REPORT_DATE":"2020-06-30 00:00:00","REPORT_DATE":"2020-06-30 00:00:00","DATE_TYPE_CODE":"002","REPORT_TYPE":"2020年中报","PER_NETCASH_OPERATE":0.232462663129,"PER_OI":3.36088744769,"BPS":1.697304193433,"BASIC_EPS":0.1181,"DILUTED_EPS":0.1181,"OPERATE_INCOME":9401153000,"OPERATE_INCOME_YOY":-1.5693058702,"GROSS_PROFIT":3635011000,"GROSS_PROFIT_YOY":7.106297153515,"HOLDER_PROFIT":330350000,"HOLDER_PROFIT_YOY":13.7960730279,"GROSS_PROFIT_RATIO":38.665587082776,"EPS_TTM":0.163676237177,"OPERATE_INCOME_QOQ":-0.87284395721,"NET_PROFIT_RATIO":5.958566997,"ROE_AVG":7.113321991351,"GROSS_PROFIT_QOQ":3.844071372319,"ROA":2.274390575548,"HOLDER_PROFIT_QOQ":9.586178669137,"ROE_YEARLY":14.226643982702,"ROIC_YEARLY":6.209057762563,"TOTAL_ASSETS":14601176000,"TOTAL_LIABILITIES":6895891000,"TAX_EBT":23.975858975594,"OCF_SALES":6.916704791423,"TOTAL_PARENT_EQUITY":4747739000,"DEBT_ASSET_RATIO":47.2283259924,"OPERATE_PROFIT":null,"PRETAX_PROFIT":736837000,"NETCASH_OPERATE":650250000,"NETCASH_INVEST":-142872000,"NETCASH_FINANCE":-138662000,"END_CASH":1203505000,"DIVI_RATIO":0.880329255397,"DIVIDEND_RATE":6.259842519685,"CURRENT_RATIO":0.672864380485,"COMMON_ACS":4000000000,"CURRENTDEBT_DEBT":91.341756997029,"ISSUED_COMMON_SHARES":2797223396,"HK_COMMON_SHARES":2797223396,"PER_SHARES":2000,"TOTAL_MARKET_CAP":7104947425.84,"HKSK_MARKET_CAP":7104947425.84,"PE_TTM":8.013599208543,"PB_TTM":1.051546160064,"REPORT_DATE_SQ":"2019-06-30 00:00:00","REPORT_TYPE_SQ":"2019年中报","OPERATE_INCOME_SQ":9551038000,"DPS_HKD":0.159,"OPERATE_INCOME_QOQ_SQ":5.452806870325,"NET_PROFIT_RATIO_SQ":5.6083223624,"HOLDER_PROFIT_SQ":290300000,"HOLDER_PROFIT_QOQ_SQ":11.824857101896,"ROE_AVG_SQ":6.726221024596,"PE_TTM_SQ":9.875585775093,"PB_TTM_SQ":1.302097161096,"ROA_SQ":2.167544143739,"START_DATE":"2020-01-01 00:00:00","FISCAL_YEAR":"12-31","CURRENCY":"HKD","IS_CNY_CODE":0,"DPS_HKD_LY":0.048,"ORG_TYPE":"一般企业","PREMIUM_INCOME":null,"PREMIUM_INCOME_YOY":null,"NET_INTEREST_INCOME":null,"NET_INTEREST_INCOME_YOY":null,"FEE_COMMISSION_INCOME":null,"FEE_COMMISSION_INCOME_YOY":null,"ACCOUNTS_RECE_TDAYS":16.800118301216,"INVENTORY_TDAYS":3.736161930057,"CURRENT_ASSETS_TDAYS":2.252164807581,"TOTAL_ASSETS_TDAYS":0.647249698274,"PREMIUM_EXPENSE":null,"LOAN_DEPOSIT":null,"LOAN_EQUITY":null,"LOAN_ASSETS":null,"DEPOSIT_EQUITY":null,"DEPOSIT_ASSETS":null,"EQUITY_MULTIPLIER":1.89495599449,"EQUITY_RATIO":1.452457896274}],"count":49},"success":true,"message":"ok","code":0}