{"version":"1a021b1a45ba23e92af706bde97cae9a","result":{"pages":6,"data":[{"SECUCODE":"00500.HK","SECURITY_CODE":"00500","SECURITY_NAME_ABBR":"先丰服务集团","ORG_CODE":"10008934","STD_REPORT_DATE":"2024-06-30 00:00:00","REPORT_DATE":"2024-06-30 00:00:00","DATE_TYPE_CODE":"002","REPORT_TYPE":"2024年中报","PER_NETCASH_OPERATE":0.004907478126,"PER_OI":0.145869024634,"BPS":0.141608636404,"BASIC_EPS":0.0000091268,"DILUTED_EPS":0.0000091268,"OPERATE_INCOME":350579554.28,"OPERATE_INCOME_YOY":-10.4905159156,"GROSS_PROFIT":260967155.8,"GROSS_PROFIT_YOY":-18.826150653085,"HOLDER_PROFIT":31031.12,"HOLDER_PROFIT_YOY":-99.9329956841,"GROSS_PROFIT_RATIO":74.438783612456,"EPS_TTM":-0.000156941723,"OPERATE_INCOME_QOQ":-6.119181582684,"NET_PROFIT_RATIO":1.3831579112,"ROE_AVG":0.008996803489,"GROSS_PROFIT_QOQ":-11.240948514836,"ROA":0.00326798485,"HOLDER_PROFIT_QOQ":-100.81333680684,"ROE_YEARLY":0.017993606977,"ROIC_YEARLY":0.009472269235,"TOTAL_ASSETS":934890980.48,"TOTAL_LIABILITIES":480452092.92,"TAX_EBT":63.514627111661,"OCF_SALES":3.364304476975,"TOTAL_PARENT_EQUITY":340340197.36,"DEBT_ASSET_RATIO":51.3912427172,"OPERATE_PROFIT":22533156.52,"PRETAX_PROFIT":13290446.16,"NETCASH_OPERATE":11794563.64,"NETCASH_INVEST":-6170629.48,"NETCASH_FINANCE":-2647684.68,"END_CASH":184221719.96,"DIVI_RATIO":null,"DIVIDEND_RATE":null,"CURRENT_RATIO":1.11594654734,"COMMON_ACS":6000000000,"CURRENTDEBT_DEBT":93.224598656204,"ISSUED_COMMON_SHARES":2403385881,"HK_COMMON_SHARES":2403385881,"PER_SHARES":1000,"TOTAL_MARKET_CAP":336474023.34,"HKSK_MARKET_CAP":336474023.34,"PE_TTM":722.047260386266,"PB_TTM":0.902312198218,"REPORT_DATE_SQ":"2023-06-30 00:00:00","REPORT_TYPE_SQ":"2023年中报","OPERATE_INCOME_SQ":395658497.2,"DPS_HKD":null,"OPERATE_INCOME_QOQ_SQ":-4.088966416141,"NET_PROFIT_RATIO_SQ":12.7858041665,"HOLDER_PROFIT_SQ":46784031.14,"HOLDER_PROFIT_QOQ_SQ":376.357600278497,"ROE_AVG_SQ":13.487085165083,"PE_TTM_SQ":6.651245195192,"PB_TTM_SQ":1.343444307499,"ROA_SQ":4.62311411283,"START_DATE":"2024-01-01 00:00:00","FISCAL_YEAR":"12-31","CURRENCY":"HKD","IS_CNY_CODE":0,"DPS_HKD_LY":null,"ORG_TYPE":"一般企业","PREMIUM_INCOME":null,"PREMIUM_INCOME_YOY":null,"NET_INTEREST_INCOME":null,"NET_INTEREST_INCOME_YOY":null,"FEE_COMMISSION_INCOME":null,"FEE_COMMISSION_INCOME_YOY":null,"ACCOUNTS_RECE_TDAYS":1.809182003368,"INVENTORY_TDAYS":17.552020021452,"CURRENT_ASSETS_TDAYS":0.688464151099,"TOTAL_ASSETS_TDAYS":0.369206355462,"PREMIUM_EXPENSE":null,"LOAN_DEPOSIT":null,"LOAN_EQUITY":null,"LOAN_ASSETS":null,"DEPOSIT_EQUITY":null,"DEPOSIT_ASSETS":null,"EQUITY_MULTIPLIER":2.057242472138,"EQUITY_RATIO":1.411681889612},{"SECUCODE":"00500.HK","SECURITY_CODE":"00500","SECURITY_NAME_ABBR":"先丰服务集团","ORG_CODE":"10008934","STD_REPORT_DATE":"2023-12-31 00:00:00","REPORT_DATE":"2023-12-31 00:00:00","DATE_TYPE_CODE":"001","REPORT_TYPE":"2023年年报","PER_NETCASH_OPERATE":0.019312244583,"PER_OI":0.30651863098,"BPS":0.144384460932,"BASIC_EPS":0.019393108,"DILUTED_EPS":0.019393108,"OPERATE_INCOME":736682549.96,"OPERATE_INCOME_YOY":-15.6939204311,"GROSS_PROFIT":538428800.56,"GROSS_PROFIT_YOY":-6.594360020324,"HOLDER_PROFIT":46375808.5,"HOLDER_PROFIT_YOY":276.6726506939,"GROSS_PROFIT_RATIO":73.088306569666,"EPS_TTM":0.019296031015,"OPERATE_INCOME_QOQ":-10.825390363264,"NET_PROFIT_RATIO":6.5797534315,"ROE_AVG":13.931614624452,"GROSS_PROFIT_QOQ":-9.749683122265,"ROA":4.765126074481,"HOLDER_PROFIT_QOQ":-35.144202184042,"ROE_YEARLY":13.931614624452,"ROIC_YEARLY":6.715398964247,"TOTAL_ASSETS":957382462.54,"TOTAL_LIABILITIES":501579176.7,"TAX_EBT":10.62542817518,"OCF_SALES":6.300512474813,"TOTAL_PARENT_EQUITY":347011574.84,"DEBT_ASSET_RATIO":52.3906794124,"OPERATE_PROFIT":69160897.96,"PRETAX_PROFIT":54234548.34,"NETCASH_OPERATE":46414775.96,"NETCASH_INVEST":-20433448.56,"NETCASH_FINANCE":-12615488.62,"END_CASH":179532150.42,"DIVI_RATIO":null,"DIVIDEND_RATE":null,"CURRENT_RATIO":1.092937954169,"COMMON_ACS":6000000000,"CURRENTDEBT_DEBT":93.933168920567,"ISSUED_COMMON_SHARES":2403385881,"HK_COMMON_SHARES":2403385881,"PER_SHARES":1000,"TOTAL_MARKET_CAP":410978985.651,"HKSK_MARKET_CAP":410978985.651,"PE_TTM":881.929153757511,"PB_TTM":1.102109899252,"REPORT_DATE_SQ":"2022-12-31 00:00:00","REPORT_TYPE_SQ":"2022年年报","OPERATE_INCOME_SQ":861332024.42,"DPS_HKD":null,"OPERATE_INCOME_QOQ_SQ":8.925038963301,"NET_PROFIT_RATIO_SQ":-2.7223343421,"HOLDER_PROFIT_SQ":-25874458.82,"HOLDER_PROFIT_QOQ_SQ":80.314812657237,"ROE_AVG_SQ":-7.867165867484,"PE_TTM_SQ":6.413700723935,"PB_TTM_SQ":1.29546415366,"ROA_SQ":-2.557802440977,"START_DATE":"2023-01-01 00:00:00","FISCAL_YEAR":"12-31","CURRENCY":"HKD","IS_CNY_CODE":0,"DPS_HKD_LY":null,"ORG_TYPE":"一般企业","PREMIUM_INCOME":null,"PREMIUM_INCOME_YOY":null,"NET_INTEREST_INCOME":null,"NET_INTEREST_INCOME_YOY":null,"FEE_COMMISSION_INCOME":null,"FEE_COMMISSION_INCOME_YOY":null,"ACCOUNTS_RECE_TDAYS":3.870393029733,"INVENTORY_TDAYS":42.397286821705,"CURRENT_ASSETS_TDAYS":1.460102666528,"TOTAL_ASSETS_TDAYS":0.756943186754,"PREMIUM_EXPENSE":null,"LOAN_DEPOSIT":null,"LOAN_EQUITY":null,"LOAN_ASSETS":null,"DEPOSIT_EQUITY":null,"DEPOSIT_ASSETS":null,"EQUITY_MULTIPLIER":2.100429049728,"EQUITY_RATIO":1.445424916824},{"SECUCODE":"00500.HK","SECURITY_CODE":"00500","SECURITY_NAME_ABBR":"先丰服务集团","ORG_CODE":"10008934","STD_REPORT_DATE":"2023-06-30 00:00:00","REPORT_DATE":"2023-06-30 00:00:00","DATE_TYPE_CODE":"002","REPORT_TYPE":"2023年中报","PER_NETCASH_OPERATE":0.00328299542,"PER_OI":0.164625456248,"BPS":0.153726893513,"BASIC_EPS":0.019914768,"DILUTED_EPS":0.019914768,"OPERATE_INCOME":395658497.2,"OPERATE_INCOME_YOY":-14.8259662313,"GROSS_PROFIT":321491660.06,"GROSS_PROFIT_YOY":6.687998057524,"HOLDER_PROFIT":46784031.14,"HOLDER_PROFIT_YOY":185.766682442,"GROSS_PROFIT_RATIO":81.254835251899,"EPS_TTM":0.029752206687,"OPERATE_INCOME_QOQ":-4.088966416141,"NET_PROFIT_RATIO":12.7858041665,"ROE_AVG":13.487085165083,"GROSS_PROFIT_QOQ":3.496190607525,"ROA":4.62311411283,"HOLDER_PROFIT_QOQ":376.357600278497,"ROE_YEARLY":26.974170330167,"ROIC_YEARLY":12.836458040178,"TOTAL_ASSETS":1017632659.06,"TOTAL_LIABILITIES":535814208.88,"TAX_EBT":12.648454166269,"OCF_SALES":1.99422100014,"TOTAL_PARENT_EQUITY":369465045.4,"DEBT_ASSET_RATIO":52.6530083434,"OPERATE_PROFIT":67006740.46,"PRETAX_PROFIT":57913251.72,"NETCASH_OPERATE":7890304.84,"NETCASH_INVEST":-1767435.66,"NETCASH_FINANCE":-5918189.62,"END_CASH":171934518.32,"DIVI_RATIO":null,"DIVIDEND_RATE":null,"CURRENT_RATIO":1.793924641774,"COMMON_ACS":6000000000,"CURRENTDEBT_DEBT":55.563566409019,"ISSUED_COMMON_SHARES":2403385881,"HK_COMMON_SHARES":2403385881,"PER_SHARES":1000,"TOTAL_MARKET_CAP":365314653.912,"HKSK_MARKET_CAP":365314653.912,"PE_TTM":783.937025562232,"PB_TTM":0.97965324378,"REPORT_DATE_SQ":"2022-06-30 00:00:00","REPORT_TYPE_SQ":"2022年中报","OPERATE_INCOME_SQ":430878074.41,"DPS_HKD":null,"OPERATE_INCOME_QOQ_SQ":27.911484458558,"NET_PROFIT_RATIO_SQ":-10.8695436439,"HOLDER_PROFIT_SQ":-50596461.16,"HOLDER_PROFIT_QOQ_SQ":-0.667351620843,"ROE_AVG_SQ":-16.754122407832,"PE_TTM_SQ":7.126334137705,"PB_TTM_SQ":1.439404615177,"ROA_SQ":-5.121076357392,"START_DATE":"2023-01-01 00:00:00","FISCAL_YEAR":"12-31","CURRENCY":"HKD","IS_CNY_CODE":0,"DPS_HKD_LY":null,"ORG_TYPE":"一般企业","PREMIUM_INCOME":null,"PREMIUM_INCOME_YOY":null,"NET_INTEREST_INCOME":null,"NET_INTEREST_INCOME_YOY":null,"FEE_COMMISSION_INCOME":null,"FEE_COMMISSION_INCOME_YOY":null,"ACCOUNTS_RECE_TDAYS":1.922928709056,"INVENTORY_TDAYS":16.014931315947,"CURRENT_ASSETS_TDAYS":0.763213378376,"TOTAL_ASSETS_TDAYS":0.390982636103,"PREMIUM_EXPENSE":null,"LOAN_DEPOSIT":null,"LOAN_EQUITY":null,"LOAN_ASSETS":null,"DEPOSIT_EQUITY":null,"DEPOSIT_ASSETS":null,"EQUITY_MULTIPLIER":2.112066606582,"EQUITY_RATIO":1.450243305967},{"SECUCODE":"00500.HK","SECURITY_CODE":"00500","SECURITY_NAME_ABBR":"先丰服务集团","ORG_CODE":"10008934","STD_REPORT_DATE":"2022-12-31 00:00:00","REPORT_DATE":"2022-12-31 00:00:00","DATE_TYPE_CODE":"001","REPORT_TYPE":"2022年年报","PER_NETCASH_OPERATE":-0.007794335874,"PER_OI":0.367334173475,"BPS":0.130730984876,"BASIC_EPS":-0.011076548,"DILUTED_EPS":-0.011076548,"OPERATE_INCOME":861332024.42,"OPERATE_INCOME_YOY":27.5250190776,"GROSS_PROFIT":576441423.32,"GROSS_PROFIT_YOY":40.544379506533,"HOLDER_PROFIT":-25874458.82,"HOLDER_PROFIT_YOY":81.8621281285,"GROSS_PROFIT_RATIO":66.924415553707,"EPS_TTM":-0.01103473768,"OPERATE_INCOME_QOQ":8.925038963301,"NET_PROFIT_RATIO":-2.7223343421,"ROE_AVG":-7.867165867484,"GROSS_PROFIT_QOQ":7.874299037187,"ROA":-2.557802440977,"HOLDER_PROFIT_QOQ":80.314812657237,"ROE_YEARLY":-7.867165867484,"ROIC_YEARLY":-3.686780233991,"TOTAL_ASSETS":974950608.8,"TOTAL_LIABILITIES":554600078.55,"TAX_EBT":-100.626719657597,"OCF_SALES":-2.121865167188,"TOTAL_PARENT_EQUITY":314197003.26,"DEBT_ASSET_RATIO":56.8849409954,"OPERATE_PROFIT":3760666.7,"PRETAX_PROFIT":-11687544.68,"NETCASH_OPERATE":-18276304.2,"NETCASH_INVEST":10026955.75,"NETCASH_FINANCE":-58699451.51,"END_CASH":166853903.3,"DIVI_RATIO":null,"DIVIDEND_RATE":null,"CURRENT_RATIO":1.581071206964,"COMMON_ACS":6000000000,"CURRENTDEBT_DEBT":55.548629734322,"ISSUED_COMMON_SHARES":2403385881,"HK_COMMON_SHARES":2403385881,"PER_SHARES":1000,"TOTAL_MARKET_CAP":365314653.912,"HKSK_MARKET_CAP":365314653.912,"PE_TTM":783.937025562232,"PB_TTM":0.97965324378,"REPORT_DATE_SQ":"2021-12-31 00:00:00","REPORT_TYPE_SQ":"2021年年报","OPERATE_INCOME_SQ":618206164.8,"DPS_HKD":null,"OPERATE_INCOME_QOQ_SQ":17.794496546281,"NET_PROFIT_RATIO_SQ":-20.7874909241,"HOLDER_PROFIT_SQ":-130569902.4,"HOLDER_PROFIT_QOQ_SQ":-6.418831640406,"ROE_AVG_SQ":-35.754641471838,"PE_TTM_SQ":7.126334137705,"PB_TTM_SQ":1.439404615177,"ROA_SQ":-15.113057640541,"START_DATE":"2022-01-01 00:00:00","FISCAL_YEAR":"12-31","CURRENCY":"HKD","IS_CNY_CODE":0,"DPS_HKD_LY":null,"ORG_TYPE":"一般企业","PREMIUM_INCOME":null,"PREMIUM_INCOME_YOY":null,"NET_INTEREST_INCOME":null,"NET_INTEREST_INCOME_YOY":null,"FEE_COMMISSION_INCOME":null,"FEE_COMMISSION_INCOME_YOY":null,"ACCOUNTS_RECE_TDAYS":4.76599215097,"INVENTORY_TDAYS":63.53187250996,"CURRENT_ASSETS_TDAYS":1.739445575918,"TOTAL_ASSETS_TDAYS":0.85146405182,"PREMIUM_EXPENSE":null,"LOAN_DEPOSIT":null,"LOAN_EQUITY":null,"LOAN_ASSETS":null,"DEPOSIT_EQUITY":null,"DEPOSIT_ASSETS":null,"EQUITY_MULTIPLIER":2.319375232429,"EQUITY_RATIO":1.765134844686},{"SECUCODE":"00500.HK","SECURITY_CODE":"00500","SECURITY_NAME_ABBR":"先丰服务集团","ORG_CODE":"10008934","STD_REPORT_DATE":"2022-06-30 00:00:00","REPORT_DATE":"2022-06-30 00:00:00","DATE_TYPE_CODE":"002","REPORT_TYPE":"2022年中报","PER_NETCASH_OPERATE":-0.008973442219,"PER_OI":0.183757525373,"BPS":0.114442202371,"BASIC_EPS":-0.021550788,"DILUTED_EPS":-0.021550788,"OPERATE_INCOME":430878074.41,"OPERATE_INCOME_YOY":62.287895381,"GROSS_PROFIT":301338169.16,"GROSS_PROFIT_YOY":70.129130404699,"HOLDER_PROFIT":-50596461.16,"HOLDER_PROFIT_YOY":0.9973226238,"GROSS_PROFIT_RATIO":69.935832676708,"EPS_TTM":-0.05605604604,"OPERATE_INCOME_QOQ":27.911484458558,"NET_PROFIT_RATIO":-10.8695436439,"ROE_AVG":-16.754122407832,"GROSS_PROFIT_QOQ":30.285323530198,"ROA":-5.121076357392,"HOLDER_PROFIT_QOQ":-0.667351620843,"ROE_YEARLY":-33.508244815663,"ROIC_YEARLY":-14.934888314606,"TOTAL_ASSETS":972466480.65,"TOTAL_LIABILITIES":590573689.44,"TAX_EBT":-14.912501573713,"OCF_SALES":-4.883305976711,"TOTAL_PARENT_EQUITY":275048773.37,"DEBT_ASSET_RATIO":60.7294648393,"OPERATE_PROFIT":-29718707.69,"PRETAX_PROFIT":-40756645.02,"NETCASH_OPERATE":-21041094.76,"NETCASH_INVEST":7517120.1,"NETCASH_FINANCE":-31163978.79,"END_CASH":182279472.55,"DIVI_RATIO":null,"DIVIDEND_RATE":null,"CURRENT_RATIO":1.803949457634,"COMMON_ACS":6000000000,"CURRENTDEBT_DEBT":45.508532008063,"ISSUED_COMMON_SHARES":2403385881,"HK_COMMON_SHARES":2403385881,"PER_SHARES":1000,"TOTAL_MARKET_CAP":365314653.912,"HKSK_MARKET_CAP":365314653.912,"PE_TTM":783.937025562232,"PB_TTM":0.97965324378,"REPORT_DATE_SQ":"2021-06-30 00:00:00","REPORT_TYPE_SQ":"2021年中报","OPERATE_INCOME_SQ":258327556.8,"DPS_HKD":null,"OPERATE_INCOME_QOQ_SQ":3.026758417598,"NET_PROFIT_RATIO_SQ":-18.4783869097,"HOLDER_PROFIT_SQ":-49725100.8,"HOLDER_PROFIT_QOQ_SQ":36.069493893624,"ROE_AVG_SQ":-12.482780301187,"PE_TTM_SQ":7.126334137705,"PB_TTM_SQ":1.439404615177,"ROA_SQ":-6.533896776239,"START_DATE":"2022-01-01 00:00:00","FISCAL_YEAR":"12-31","CURRENCY":"HKD","IS_CNY_CODE":0,"DPS_HKD_LY":null,"ORG_TYPE":"一般企业","PREMIUM_INCOME":null,"PREMIUM_INCOME_YOY":null,"NET_INTEREST_INCOME":null,"NET_INTEREST_INCOME_YOY":null,"FEE_COMMISSION_INCOME":null,"FEE_COMMISSION_INCOME_YOY":null,"ACCOUNTS_RECE_TDAYS":2.668462098643,"INVENTORY_TDAYS":30.88490162096,"CURRENT_ASSETS_TDAYS":0.891491673213,"TOTAL_ASSETS_TDAYS":0.436109456905,"PREMIUM_EXPENSE":null,"LOAN_DEPOSIT":null,"LOAN_EQUITY":null,"LOAN_ASSETS":null,"DEPOSIT_EQUITY":null,"DEPOSIT_ASSETS":null,"EQUITY_MULTIPLIER":2.54643843255,"EQUITY_RATIO":2.147159873517},{"SECUCODE":"00500.HK","SECURITY_CODE":"00500","SECURITY_NAME_ABBR":"先丰服务集团","ORG_CODE":"10008934","STD_REPORT_DATE":"2021-12-31 00:00:00","REPORT_DATE":"2021-12-31 00:00:00","DATE_TYPE_CODE":"001","REPORT_TYPE":"2021年年报","PER_NETCASH_OPERATE":-0.007784014479,"PER_OI":0.263647750398,"BPS":0.130849086235,"BASIC_EPS":-0.05567856,"DILUTED_EPS":-0.05567856,"OPERATE_INCOME":618206164.8,"OPERATE_INCOME_YOY":24.9282110084,"GROSS_PROFIT":410149040,"GROSS_PROFIT_YOY":33.384032379613,"HOLDER_PROFIT":-130569902.4,"HOLDER_PROFIT_YOY":29.965486846,"GROSS_PROFIT_RATIO":66.34502587542,"EPS_TTM":-0.05568443506,"OPERATE_INCOME_QOQ":17.794496546281,"NET_PROFIT_RATIO":-20.7874909241,"ROE_AVG":-35.754641471838,"GROSS_PROFIT_QOQ":22.444145233302,"ROA":-15.113057640541,"HOLDER_PROFIT_QOQ":-6.418831640406,"ROE_YEARLY":-35.754641471838,"ROIC_YEARLY":-24.783549951503,"TOTAL_ASSETS":959431524.8,"TOTAL_LIABILITIES":546420884.8,"TAX_EBT":-10.07934896034,"OCF_SALES":-2.952429697285,"TOTAL_PARENT_EQUITY":314480846.4,"DEBT_ASSET_RATIO":56.9525672938,"OPERATE_PROFIT":-100186251.2,"PRETAX_PROFIT":-116742651.2,"NETCASH_OPERATE":-18252102.4,"NETCASH_INVEST":-157526174.4,"NETCASH_FINANCE":131468444.8,"END_CASH":218651585.6,"DIVI_RATIO":null,"DIVIDEND_RATE":null,"CURRENT_RATIO":1.996063842979,"COMMON_ACS":6000000000,"CURRENTDEBT_DEBT":42.233321313197,"ISSUED_COMMON_SHARES":2403385881,"HK_COMMON_SHARES":2403385881,"PER_SHARES":1000,"TOTAL_MARKET_CAP":365314653.912,"HKSK_MARKET_CAP":365314653.912,"PE_TTM":783.937025562232,"PB_TTM":0.97965324378,"REPORT_DATE_SQ":"2020-12-31 00:00:00","REPORT_TYPE_SQ":"2020年年报","OPERATE_INCOME_SQ":509399243.44,"DPS_HKD":null,"OPERATE_INCOME_QOQ_SQ":-13.397604478692,"NET_PROFIT_RATIO_SQ":-37.7674532339,"HOLDER_PROFIT_SQ":-191918327.56,"HOLDER_PROFIT_QOQ_SQ":39.996063686216,"ROE_AVG_SQ":-37.156307132778,"PE_TTM_SQ":7.126334137705,"PB_TTM_SQ":1.439404615177,"ROA_SQ":-21.081188772366,"START_DATE":"2021-01-01 00:00:00","FISCAL_YEAR":"12-31","CURRENCY":"HKD","IS_CNY_CODE":0,"DPS_HKD_LY":null,"ORG_TYPE":"一般企业","PREMIUM_INCOME":null,"PREMIUM_INCOME_YOY":null,"NET_INTEREST_INCOME":null,"NET_INTEREST_INCOME_YOY":null,"FEE_COMMISSION_INCOME":null,"FEE_COMMISSION_INCOME_YOY":null,"ACCOUNTS_RECE_TDAYS":4.307828603659,"INVENTORY_TDAYS":64.098992443325,"CURRENT_ASSETS_TDAYS":1.300989950799,"TOTAL_ASSETS_TDAYS":0.715554291657,"PREMIUM_EXPENSE":null,"LOAN_DEPOSIT":null,"LOAN_EQUITY":null,"LOAN_ASSETS":null,"DEPOSIT_EQUITY":null,"DEPOSIT_ASSETS":null,"EQUITY_MULTIPLIER":2.323018905274,"EQUITY_RATIO":1.737533115467},{"SECUCODE":"00500.HK","SECURITY_CODE":"00500","SECURITY_NAME_ABBR":"先丰服务集团","ORG_CODE":"10008934","STD_REPORT_DATE":"2021-06-30 00:00:00","REPORT_DATE":"2021-06-30 00:00:00","DATE_TYPE_CODE":"002","REPORT_TYPE":"2021年中报","PER_NETCASH_OPERATE":-0.015136510556,"PER_OI":0.110169524495,"BPS":0.15538425352,"BASIC_EPS":-0.02121804,"DILUTED_EPS":-0.02121804,"OPERATE_INCOME":258327556.8,"OPERATE_INCOME_YOY":16.7458861045,"GROSS_PROFIT":177123205.44,"GROSS_PROFIT_YOY":18.358473506495,"HOLDER_PROFIT":-49725100.8,"HOLDER_PROFIT_YOY":54.1087842975,"GROSS_PROFIT_RATIO":68.565354635058,"EPS_TTM":-0.052325734272,"OPERATE_INCOME_QOQ":3.026758417598,"NET_PROFIT_RATIO":-18.4783869097,"ROE_AVG":-12.482780301187,"GROSS_PROFIT_QOQ":8.934593912568,"ROA":-6.533896776239,"HOLDER_PROFIT_QOQ":36.069493893624,"ROE_YEARLY":-24.965560602374,"ROIC_YEARLY":-23.287736625675,"TOTAL_ASSETS":739978728.96,"TOTAL_LIABILITIES":266369610,"TAX_EBT":1.551345414607,"OCF_SALES":-13.739290085679,"TOTAL_PARENT_EQUITY":373448321.04,"DEBT_ASSET_RATIO":35.9969279623,"OPERATE_PROFIT":-36616512.48,"PRETAX_PROFIT":-48486965.76,"NETCASH_OPERATE":-35492372.4,"NETCASH_INVEST":-15265339.68,"NETCASH_FINANCE":-11169009.84,"END_CASH":204437063.52,"DIVI_RATIO":null,"DIVIDEND_RATE":null,"CURRENT_RATIO":2.213693761567,"COMMON_ACS":6000000000,"CURRENTDEBT_DEBT":76.29144865287,"ISSUED_COMMON_SHARES":2403385881,"HK_COMMON_SHARES":2403385881,"PER_SHARES":1000,"TOTAL_MARKET_CAP":365314653.912,"HKSK_MARKET_CAP":365314653.912,"PE_TTM":783.937025562232,"PB_TTM":0.97965324378,"REPORT_DATE_SQ":"2020-06-30 00:00:00","REPORT_TYPE_SQ":"2020年中报","OPERATE_INCOME_SQ":242909272.32,"DPS_HKD":null,"OPERATE_INCOME_QOQ_SQ":-9.543815148524,"NET_PROFIT_RATIO_SQ":-48.9335459222,"HOLDER_PROFIT_SQ":-118949070.24,"HOLDER_PROFIT_QOQ_SQ":-0.637607716626,"ROE_AVG_SQ":-19.987030478376,"PE_TTM_SQ":7.126334137705,"PB_TTM_SQ":1.439404615177,"ROA_SQ":-11.200423861657,"START_DATE":"2021-01-01 00:00:00","FISCAL_YEAR":"12-31","CURRENCY":"HKD","IS_CNY_CODE":0,"DPS_HKD_LY":null,"ORG_TYPE":"一般企业","PREMIUM_INCOME":null,"PREMIUM_INCOME_YOY":null,"NET_INTEREST_INCOME":null,"NET_INTEREST_INCOME_YOY":null,"FEE_COMMISSION_INCOME":null,"FEE_COMMISSION_INCOME_YOY":null,"ACCOUNTS_RECE_TDAYS":1.889971814181,"INVENTORY_TDAYS":24.703708391343,"CURRENT_ASSETS_TDAYS":0.544844458016,"TOTAL_ASSETS_TDAYS":0.339443372348,"PREMIUM_EXPENSE":null,"LOAN_DEPOSIT":null,"LOAN_EQUITY":null,"LOAN_ASSETS":null,"DEPOSIT_EQUITY":null,"DEPOSIT_ASSETS":null,"EQUITY_MULTIPLIER":1.56242500268,"EQUITY_RATIO":0.713270337535},{"SECUCODE":"00500.HK","SECURITY_CODE":"00500","SECURITY_NAME_ABBR":"先丰服务集团","ORG_CODE":"10008934","STD_REPORT_DATE":"2020-12-31 00:00:00","REPORT_DATE":"2020-12-31 00:00:00","DATE_TYPE_CODE":"001","REPORT_TYPE":"2020年年报","PER_NETCASH_OPERATE":-0.05710924165,"PER_OI":0.217244621996,"BPS":0.17812938639,"BASIC_EPS":-0.081807408,"DILUTED_EPS":-0.081807408,"OPERATE_INCOME":509399243.44,"OPERATE_INCOME_YOY":-16.6235948865,"GROSS_PROFIT":307494857.28,"GROSS_PROFIT_YOY":-18.677860422666,"HOLDER_PROFIT":-191918327.56,"HOLDER_PROFIT_YOY":35.7290025451,"GROSS_PROFIT_RATIO":60.36421554211,"EPS_TTM":-0.081847833623,"OPERATE_INCOME_QOQ":-13.397604478692,"NET_PROFIT_RATIO":-37.7674532339,"ROE_AVG":-37.156307132778,"GROSS_PROFIT_QOQ":-13.790939802788,"ROA":-21.081188772366,"HOLDER_PROFIT_QOQ":39.996063686216,"ROE_YEARLY":-37.156307132778,"ROIC_YEARLY":-36.535380336211,"TOTAL_ASSETS":791072585.52,"TOTAL_LIABILITIES":263630263.76,"TAX_EBT":3.986525367843,"OCF_SALES":-26.287988685592,"TOTAL_PARENT_EQUITY":428113652.24,"DEBT_ASSET_RATIO":33.3256730906,"OPERATE_PROFIT":-177689561.72,"PRETAX_PROFIT":-200375126.28,"NETCASH_OPERATE":-133910815.48,"NETCASH_INVEST":32961147.32,"NETCASH_FINANCE":68847835.28,"END_CASH":268214676.84,"DIVI_RATIO":null,"DIVIDEND_RATE":null,"CURRENT_RATIO":2.614614343708,"COMMON_ACS":6000000000,"CURRENTDEBT_DEBT":73.137015777342,"ISSUED_COMMON_SHARES":2403385881,"HK_COMMON_SHARES":2403385881,"PER_SHARES":1000,"TOTAL_MARKET_CAP":365314653.912,"HKSK_MARKET_CAP":365314653.912,"PE_TTM":783.937025562232,"PB_TTM":0.97965324378,"REPORT_DATE_SQ":"2019-12-31 00:00:00","REPORT_TYPE_SQ":"2019年年报","OPERATE_INCOME_SQ":650264617.6,"DPS_HKD":null,"OPERATE_INCOME_QOQ_SQ":-15.642880410768,"NET_PROFIT_RATIO_SQ":-49.1441205642,"HOLDER_PROFIT_SQ":-317816473.54,"HOLDER_PROFIT_QOQ_SQ":-34.257079758944,"ROE_AVG_SQ":-39.789586541255,"PE_TTM_SQ":7.126334137705,"PB_TTM_SQ":1.439404615177,"ROA_SQ":-25.997817840219,"START_DATE":"2020-01-01 00:00:00","FISCAL_YEAR":"12-31","CURRENCY":"HKD","IS_CNY_CODE":0,"DPS_HKD_LY":null,"ORG_TYPE":"一般企业","PREMIUM_INCOME":null,"PREMIUM_INCOME_YOY":null,"NET_INTEREST_INCOME":null,"NET_INTEREST_INCOME_YOY":null,"FEE_COMMISSION_INCOME":null,"FEE_COMMISSION_INCOME_YOY":null,"ACCOUNTS_RECE_TDAYS":2.973838401954,"INVENTORY_TDAYS":57.124419573759,"CURRENT_ASSETS_TDAYS":0.836332658782,"TOTAL_ASSETS_TDAYS":0.559547477721,"PREMIUM_EXPENSE":null,"LOAN_DEPOSIT":null,"LOAN_EQUITY":null,"LOAN_ASSETS":null,"DEPOSIT_EQUITY":null,"DEPOSIT_ASSETS":null,"EQUITY_MULTIPLIER":1.49982766434,"EQUITY_RATIO":0.61579504036},{"SECUCODE":"00500.HK","SECURITY_CODE":"00500","SECURITY_NAME_ABBR":"先丰服务集团","ORG_CODE":"10008934","STD_REPORT_DATE":"2020-06-30 00:00:00","REPORT_DATE":"2020-06-30 00:00:00","DATE_TYPE_CODE":"002","REPORT_TYPE":"2020年中报","PER_NETCASH_OPERATE":-0.03447343743,"PER_OI":0.103594054612,"BPS":0.222077746524,"BASIC_EPS":-0.05069592,"DILUTED_EPS":-0.05069592,"OPERATE_INCOME":242909272.32,"OPERATE_INCOME_YOY":-23.2951628256,"GROSS_PROFIT":149649788.64,"GROSS_PROFIT_YOY":-12.528571244036,"HOLDER_PROFIT":-118949070.24,"HOLDER_PROFIT_YOY":2.0290705548,"GROSS_PROFIT_RATIO":61.607277157727,"EPS_TTM":-0.136404107216,"OPERATE_INCOME_QOQ":-9.543815148524,"NET_PROFIT_RATIO":-48.9335459222,"ROE_AVG":-19.987030478376,"GROSS_PROFIT_QOQ":-5.668685644756,"ROA":-11.200423861657,"HOLDER_PROFIT_QOQ":-0.637607716626,"ROE_YEARLY":-39.974060956752,"ROIC_YEARLY":-36.27447157008,"TOTAL_ASSETS":1006486652.16,"TOTAL_LIABILITIES":358595534.88,"TAX_EBT":4.573754262457,"OCF_SALES":-33.277428476881,"TOTAL_PARENT_EQUITY":533738520.48,"DEBT_ASSET_RATIO":35.6284441637,"OPERATE_PROFIT":-120580474.08,"PRETAX_PROFIT":-124561245.6,"NETCASH_OPERATE":-80833959.36,"NETCASH_INVEST":31938429.6,"NETCASH_FINANCE":-12324132.48,"END_CASH":261231965.28,"DIVI_RATIO":null,"DIVIDEND_RATE":null,"CURRENT_RATIO":2.529897350496,"COMMON_ACS":6000000000,"CURRENTDEBT_DEBT":74.644209925696,"ISSUED_COMMON_SHARES":2403385881,"HK_COMMON_SHARES":2403385881,"PER_SHARES":1000,"TOTAL_MARKET_CAP":365314653.912,"HKSK_MARKET_CAP":365314653.912,"PE_TTM":783.937025562232,"PB_TTM":0.97965324378,"REPORT_DATE_SQ":"2019-06-30 00:00:00","REPORT_TYPE_SQ":"2019年中报","OPERATE_INCOME_SQ":304969325.4,"DPS_HKD":null,"OPERATE_INCOME_QOQ_SQ":1.501458899837,"NET_PROFIT_RATIO_SQ":-38.3428999971,"HOLDER_PROFIT_SQ":-116922647.88,"HOLDER_PROFIT_QOQ_SQ":-4.374522324353,"ROE_AVG_SQ":-13.294512080464,"PE_TTM_SQ":7.126334137705,"PB_TTM_SQ":1.439404615177,"ROA_SQ":-8.9973295968,"START_DATE":"2020-01-01 00:00:00","FISCAL_YEAR":"12-31","CURRENCY":"HKD","IS_CNY_CODE":0,"DPS_HKD_LY":null,"ORG_TYPE":"一般企业","PREMIUM_INCOME":null,"PREMIUM_INCOME_YOY":null,"NET_INTEREST_INCOME":null,"NET_INTEREST_INCOME_YOY":null,"FEE_COMMISSION_INCOME":null,"FEE_COMMISSION_INCOME_YOY":null,"ACCOUNTS_RECE_TDAYS":1.103293767192,"INVENTORY_TDAYS":21.074827123542,"CURRENT_ASSETS_TDAYS":0.33455323164,"TOTAL_ASSETS_TDAYS":0.228727034555,"PREMIUM_EXPENSE":null,"LOAN_DEPOSIT":null,"LOAN_EQUITY":null,"LOAN_ASSETS":null,"DEPOSIT_EQUITY":null,"DEPOSIT_ASSETS":null,"EQUITY_MULTIPLIER":1.553481171937,"EQUITY_RATIO":0.671856201343}],"count":48},"success":true,"message":"ok","code":0}