{"version":"4d9aacac01ea9e2dcfa444fea3af4dee","result":{"pages":6,"data":[{"SECUCODE":"00519.HK","SECURITY_CODE":"00519","SECURITY_NAME_ABBR":"诺科达科技","ORG_CODE":"10008944","STD_REPORT_DATE":"2023-12-31 00:00:00","REPORT_DATE":"2024-06-30 00:00:00","DATE_TYPE_CODE":"001","REPORT_TYPE":"2023年年报","PER_NETCASH_OPERATE":-0.002078328969,"PER_OI":0.012265337426,"BPS":0.230529910206,"BASIC_EPS":-0.016063168,"DILUTED_EPS":-0.016063168,"OPERATE_INCOME":37471902.76,"OPERATE_INCOME_YOY":-56.1698675179,"GROSS_PROFIT":19741268.4,"GROSS_PROFIT_YOY":-8.897508923864,"HOLDER_PROFIT":-46187996.76,"HOLDER_PROFIT_YOY":-16.47448733,"GROSS_PROFIT_RATIO":52.682855542295,"EPS_TTM":-0.015546744053,"OPERATE_INCOME_QOQ":-49.598121337644,"NET_PROFIT_RATIO":-132.5815329907,"ROE_AVG":-6.450284869419,"GROSS_PROFIT_QOQ":-30.675918259668,"ROA":-3.932945559165,"HOLDER_PROFIT_QOQ":-18.567157737549,"ROE_YEARLY":-6.450284869419,"ROIC_YEARLY":-4.049091240771,"TOTAL_ASSETS":1162455873.64,"TOTAL_LIABILITIES":457381367.88,"TAX_EBT":-12.89847557814,"OCF_SALES":-16.944735367903,"TOTAL_PARENT_EQUITY":704293251.68,"DEBT_ASSET_RATIO":39.3461273027,"OPERATE_PROFIT":-34788623.56,"PRETAX_PROFIT":-44004866.2,"NETCASH_OPERATE":-6349514.76,"NETCASH_INVEST":13821625.92,"NETCASH_FINANCE":24238955.44,"END_CASH":43508368.28,"DIVI_RATIO":null,"DIVIDEND_RATE":null,"CURRENT_RATIO":1.983939838282,"COMMON_ACS":6000000000,"CURRENTDEBT_DEBT":80.425868168839,"ISSUED_COMMON_SHARES":3055105739,"HK_COMMON_SHARES":3055105739,"PER_SHARES":5000,"TOTAL_MARKET_CAP":565194561.715,"HKSK_MARKET_CAP":565194561.715,"PE_TTM":-11.168307975478,"PB_TTM":0.732424698598,"REPORT_DATE_SQ":"2022-12-31 00:00:00","REPORT_TYPE_SQ":"2022年年报","OPERATE_INCOME_SQ":86364632.54,"DPS_HKD":null,"OPERATE_INCOME_QOQ_SQ":617.857683269498,"NET_PROFIT_RATIO_SQ":-46.6153534103,"HOLDER_PROFIT_SQ":-40059109.02,"HOLDER_PROFIT_QOQ_SQ":6.947427092272,"ROE_AVG_SQ":-5.202068183981,"PE_TTM_SQ":-5.273606536974,"PB_TTM_SQ":0.287326989588,"ROA_SQ":-3.175891033365,"START_DATE":"2023-07-01 00:00:00","FISCAL_YEAR":"6-30","CURRENCY":"HKD","IS_CNY_CODE":0,"DPS_HKD_LY":null,"ORG_TYPE":"一般企业","PREMIUM_INCOME":null,"PREMIUM_INCOME_YOY":null,"NET_INTEREST_INCOME":null,"NET_INTEREST_INCOME_YOY":null,"FEE_COMMISSION_INCOME":null,"FEE_COMMISSION_INCOME_YOY":null,"ACCOUNTS_RECE_TDAYS":null,"INVENTORY_TDAYS":0.029720798593,"CURRENT_ASSETS_TDAYS":0.046918666274,"TOTAL_ASSETS_TDAYS":0.03190763053,"PREMIUM_EXPENSE":null,"LOAN_DEPOSIT":null,"LOAN_EQUITY":null,"LOAN_ASSETS":null,"DEPOSIT_EQUITY":null,"DEPOSIT_ASSETS":null,"EQUITY_MULTIPLIER":1.648699341905,"EQUITY_RATIO":0.649418927114},{"SECUCODE":"00519.HK","SECURITY_CODE":"00519","SECURITY_NAME_ABBR":"诺科达科技","ORG_CODE":"10008944","STD_REPORT_DATE":"2023-06-30 00:00:00","REPORT_DATE":"2023-12-31 00:00:00","DATE_TYPE_CODE":"002","REPORT_TYPE":"2023年中报","PER_NETCASH_OPERATE":-0.000224248317,"PER_OI":0.006623334218,"BPS":0.236371964028,"BASIC_EPS":-0.011237128,"DILUTED_EPS":-0.011237128,"OPERATE_INCOME":20234986.38,"OPERATE_INCOME_YOY":-68.3752089058,"GROSS_PROFIT":7283290.14,"GROSS_PROFIT_YOY":-47.717122336841,"HOLDER_PROFIT":-30225155.66,"HOLDER_PROFIT_YOY":-30.7448059584,"GROSS_PROFIT_RATIO":35.993550987505,"EPS_TTM":-0.015990985289,"OPERATE_INCOME_QOQ":26.386526981379,"NET_PROFIT_RATIO":-159.272694702,"ROE_AVG":-4.183936133914,"GROSS_PROFIT_QOQ":28.764172100694,"ROA":-2.586060179612,"HOLDER_PROFIT_QOQ":69.093450322996,"ROE_YEARLY":-8.367872267828,"ROIC_YEARLY":-5.338846176625,"TOTAL_ASSETS":1159623579.94,"TOTAL_LIABILITIES":435242060.26,"TAX_EBT":1.533861232626,"OCF_SALES":-3.385731559855,"TOTAL_PARENT_EQUITY":722141343.84,"DEBT_ASSET_RATIO":37.5330467394,"OPERATE_PROFIT":-28068352.06,"PRETAX_PROFIT":-32730853.96,"NETCASH_OPERATE":-685102.32,"NETCASH_INVEST":1702787.38,"NETCASH_FINANCE":28467088.86,"END_CASH":47838447.58,"DIVI_RATIO":null,"DIVIDEND_RATE":null,"CURRENT_RATIO":2.270300162041,"COMMON_ACS":6000000000,"CURRENTDEBT_DEBT":80.95018978394,"ISSUED_COMMON_SHARES":3055105739,"HK_COMMON_SHARES":3055105739,"PER_SHARES":5000,"TOTAL_MARKET_CAP":268849305.032,"HKSK_MARKET_CAP":268849305.032,"PE_TTM":-5.312492442389,"PB_TTM":0.348396613387,"REPORT_DATE_SQ":"2022-06-30 00:00:00","REPORT_TYPE_SQ":"2022年中报","OPERATE_INCOME_SQ":63070221.62,"DPS_HKD":null,"OPERATE_INCOME_QOQ_SQ":-81.078534724123,"NET_PROFIT_RATIO_SQ":-36.1300739314,"HOLDER_PROFIT_SQ":-22787317.7,"HOLDER_PROFIT_QOQ_SQ":-121.644636642627,"ROE_AVG_SQ":-3.003798610081,"PE_TTM_SQ":-5.273606536974,"PB_TTM_SQ":0.287326989588,"ROA_SQ":-1.873130128208,"START_DATE":"2023-07-01 00:00:00","FISCAL_YEAR":"6-30","CURRENCY":"HKD","IS_CNY_CODE":0,"DPS_HKD_LY":null,"ORG_TYPE":"一般企业","PREMIUM_INCOME":null,"PREMIUM_INCOME_YOY":null,"NET_INTEREST_INCOME":null,"NET_INTEREST_INCOME_YOY":null,"FEE_COMMISSION_INCOME":null,"FEE_COMMISSION_INCOME_YOY":null,"ACCOUNTS_RECE_TDAYS":null,"INVENTORY_TDAYS":0.020688996268,"CURRENT_ASSETS_TDAYS":0.024360893396,"TOTAL_ASSETS_TDAYS":0.017313026639,"PREMIUM_EXPENSE":null,"LOAN_DEPOSIT":null,"LOAN_EQUITY":null,"LOAN_ASSETS":null,"DEPOSIT_EQUITY":null,"DEPOSIT_ASSETS":null,"EQUITY_MULTIPLIER":1.600846444084,"EQUITY_RATIO":0.602710347459},{"SECUCODE":"00519.HK","SECURITY_CODE":"00519","SECURITY_NAME_ABBR":"诺科达科技","ORG_CODE":"10008944","STD_REPORT_DATE":"2022-12-31 00:00:00","REPORT_DATE":"2023-06-30 00:00:00","DATE_TYPE_CODE":"001","REPORT_TYPE":"2022年年报","PER_NETCASH_OPERATE":-0.014190899924,"PER_OI":0.034475443968,"BPS":0.240661345804,"BASIC_EPS":-0.015950254,"DILUTED_EPS":-0.015950254,"OPERATE_INCOME":86364632.54,"OPERATE_INCOME_YOY":741.5506243824,"GROSS_PROFIT":21669295.94,"GROSS_PROFIT_YOY":251.241682607943,"HOLDER_PROFIT":-40059109.02,"HOLDER_PROFIT_YOY":73.3240420686,"GROSS_PROFIT_RATIO":25.090474309566,"EPS_TTM":-0.051739794497,"OPERATE_INCOME_QOQ":617.857683269498,"NET_PROFIT_RATIO":-46.6153534103,"ROE_AVG":-5.202068183981,"GROSS_PROFIT_QOQ":172.779047834262,"ROA":-3.175891033365,"HOLDER_PROFIT_QOQ":6.947427092272,"ROE_YEARLY":-5.202068183981,"ROIC_YEARLY":-3.27866130951,"TOTAL_ASSETS":1198406199.64,"TOTAL_LIABILITIES":458842708.58,"TAX_EBT":6.764316522185,"OCF_SALES":-41.162341336351,"TOTAL_PARENT_EQUITY":735245858.72,"DEBT_ASSET_RATIO":38.2877448997,"OPERATE_PROFIT":-34486661.9,"PRETAX_PROFIT":-43180011.32,"NETCASH_OPERATE":-35549704.84,"NETCASH_INVEST":23552901.08,"NETCASH_FINANCE":-30775692.4,"END_CASH":19001085.82,"DIVI_RATIO":null,"DIVIDEND_RATE":null,"CURRENT_RATIO":2.365510101488,"COMMON_ACS":6000000000,"CURRENTDEBT_DEBT":80.740489198688,"ISSUED_COMMON_SHARES":3055105739,"HK_COMMON_SHARES":3055105739,"PER_SHARES":5000,"TOTAL_MARKET_CAP":268849305.032,"HKSK_MARKET_CAP":268849305.032,"PE_TTM":-5.312492442389,"PB_TTM":0.348396613387,"REPORT_DATE_SQ":"2021-12-31 00:00:00","REPORT_TYPE_SQ":"2021年年报","OPERATE_INCOME_SQ":9519119.89,"DPS_HKD":null,"OPERATE_INCOME_QOQ_SQ":-76.194212135875,"NET_PROFIT_RATIO_SQ":-1463.2737400054,"HOLDER_PROFIT_SQ":-139290781.63,"HOLDER_PROFIT_QOQ_SQ":-25.403262285447,"ROE_AVG_SQ":-16.951036433223,"PE_TTM_SQ":-5.273606536974,"PB_TTM_SQ":0.287326989588,"ROA_SQ":-10.54022222366,"START_DATE":"2022-07-01 00:00:00","FISCAL_YEAR":"6-30","CURRENCY":"HKD","IS_CNY_CODE":0,"DPS_HKD_LY":null,"ORG_TYPE":"一般企业","PREMIUM_INCOME":null,"PREMIUM_INCOME_YOY":null,"NET_INTEREST_INCOME":null,"NET_INTEREST_INCOME_YOY":null,"FEE_COMMISSION_INCOME":null,"FEE_COMMISSION_INCOME_YOY":null,"ACCOUNTS_RECE_TDAYS":null,"INVENTORY_TDAYS":0.094837781036,"CURRENT_ASSETS_TDAYS":0.092701580142,"TOTAL_ASSETS_TDAYS":0.068469985677,"PREMIUM_EXPENSE":null,"LOAN_DEPOSIT":null,"LOAN_EQUITY":null,"LOAN_ASSETS":null,"DEPOSIT_EQUITY":null,"DEPOSIT_ASSETS":null,"EQUITY_MULTIPLIER":1.620423687928,"EQUITY_RATIO":0.624067042525},{"SECUCODE":"00519.HK","SECURITY_CODE":"00519","SECURITY_NAME_ABBR":"诺科达科技","ORG_CODE":"10008944","STD_REPORT_DATE":"2022-06-30 00:00:00","REPORT_DATE":"2022-12-31 00:00:00","DATE_TYPE_CODE":"002","REPORT_TYPE":"2022年中报","PER_NETCASH_OPERATE":-0.001614236568,"PER_OI":0.025176670445,"BPS":0.24137308258,"BASIC_EPS":-0.009111354,"DILUTED_EPS":-0.009111354,"OPERATE_INCOME":63070221.62,"OPERATE_INCOME_YOY":1256.5033621518,"GROSS_PROFIT":13930545.65,"GROSS_PROFIT_YOY":325.852002324761,"HOLDER_PROFIT":-22787317.7,"HOLDER_PROFIT_YOY":35.7544009872,"GROSS_PROFIT_RATIO":22.0873580149,"EPS_TTM":-0.055602755389,"OPERATE_INCOME_QOQ":-81.078534724123,"NET_PROFIT_RATIO":-36.1300739314,"ROE_AVG":-3.003798610081,"GROSS_PROFIT_QOQ":-58.731101383192,"ROA":-1.873130128208,"HOLDER_PROFIT_QOQ":-121.644636642627,"ROE_YEARLY":-6.007597220162,"ROIC_YEARLY":-3.90378867205,"TOTAL_ASSETS":1150017236.48,"TOTAL_LIABILITIES":412596946.65,"TAX_EBT":7.666135804257,"OCF_SALES":-6.411636404838,"TOTAL_PARENT_EQUITY":737420289.83,"DEBT_ASSET_RATIO":35.8774576208,"OPERATE_PROFIT":-20623817.76,"PRETAX_PROFIT":-24679263.56,"NETCASH_OPERATE":-4043833.29,"NETCASH_INVEST":1648976.42,"NETCASH_FINANCE":-7062192.62,"END_CASH":44161482.26,"DIVI_RATIO":null,"DIVIDEND_RATE":null,"CURRENT_RATIO":2.603953908535,"COMMON_ACS":6000000000,"CURRENTDEBT_DEBT":78.968813258425,"ISSUED_COMMON_SHARES":3055105739,"HK_COMMON_SHARES":3055105739,"PER_SHARES":5000,"TOTAL_MARKET_CAP":268849305.032,"HKSK_MARKET_CAP":268849305.032,"PE_TTM":-5.312492442389,"PB_TTM":0.348396613387,"REPORT_DATE_SQ":"2021-06-30 00:00:00","REPORT_TYPE_SQ":"2021年中报","OPERATE_INCOME_SQ":4255608,"DPS_HKD":null,"OPERATE_INCOME_QOQ_SQ":10.152167712266,"NET_PROFIT_RATIO_SQ":-762.8626320845,"HOLDER_PROFIT_SQ":-32464443.2,"HOLDER_PROFIT_QOQ_SQ":68.496182054026,"ROE_AVG_SQ":-3.860488834508,"PE_TTM_SQ":-5.273606536974,"PB_TTM_SQ":0.287326989588,"ROA_SQ":-2.415348445356,"START_DATE":"2022-07-01 00:00:00","FISCAL_YEAR":"6-30","CURRENCY":"HKD","IS_CNY_CODE":0,"DPS_HKD_LY":null,"ORG_TYPE":"一般企业","PREMIUM_INCOME":null,"PREMIUM_INCOME_YOY":null,"NET_INTEREST_INCOME":null,"NET_INTEREST_INCOME_YOY":null,"FEE_COMMISSION_INCOME":null,"FEE_COMMISSION_INCOME_YOY":null,"ACCOUNTS_RECE_TDAYS":null,"INVENTORY_TDAYS":0.077417311975,"CURRENT_ASSETS_TDAYS":0.069898487509,"TOTAL_ASSETS_TDAYS":0.051844071279,"PREMIUM_EXPENSE":null,"LOAN_DEPOSIT":null,"LOAN_EQUITY":null,"LOAN_ASSETS":null,"DEPOSIT_EQUITY":null,"DEPOSIT_ASSETS":null,"EQUITY_MULTIPLIER":1.55951396014,"EQUITY_RATIO":0.559513960139},{"SECUCODE":"00519.HK","SECURITY_CODE":"00519","SECURITY_NAME_ABBR":"诺科达科技","ORG_CODE":"10008944","STD_REPORT_DATE":"2021-12-31 00:00:00","REPORT_DATE":"2022-06-30 00:00:00","DATE_TYPE_CODE":"001","REPORT_TYPE":"2021年年报","PER_NETCASH_OPERATE":-0.019268102431,"PER_OI":0.003799887463,"BPS":0.244367893065,"BASIC_EPS":-0.05558735,"DILUTED_EPS":-0.05558735,"OPERATE_INCOME":9519119.89,"OPERATE_INCOME_YOY":-95.6173196786,"GROSS_PROFIT":6169340.66,"GROSS_PROFIT_YOY":-65.878043216788,"HOLDER_PROFIT":-139290781.63,"HOLDER_PROFIT_YOY":-170.4385076461,"GROSS_PROFIT_RATIO":64.809990117689,"EPS_TTM":-0.02508644298,"OPERATE_INCOME_QOQ":-76.194212135875,"NET_PROFIT_RATIO":-1463.2737400054,"ROE_AVG":-16.951036433223,"GROSS_PROFIT_QOQ":-17.317985391268,"ROA":-10.54022222366,"HOLDER_PROFIT_QOQ":-25.403262285447,"ROE_YEARLY":-16.951036433223,"ROIC_YEARLY":-11.012330954767,"TOTAL_ASSETS":1228359853.21,"TOTAL_LIABILITIES":481790100.68,"TAX_EBT":-0.892613791224,"OCF_SALES":-507.070344084089,"TOTAL_PARENT_EQUITY":746569752.53,"DEBT_ASSET_RATIO":39.2222278692,"OPERATE_PROFIT":-133378853.16,"PRETAX_PROFIT":-138058452.84,"NETCASH_OPERATE":-48268633.98,"NETCASH_INVEST":80754736.51,"NETCASH_FINANCE":-41697354.02,"END_CASH":51716760.06,"DIVI_RATIO":null,"DIVIDEND_RATE":null,"CURRENT_RATIO":2.313168136468,"COMMON_ACS":6000000000,"CURRENTDEBT_DEBT":82.141284976889,"ISSUED_COMMON_SHARES":3055105739,"HK_COMMON_SHARES":3055105739,"PER_SHARES":5000,"TOTAL_MARKET_CAP":268849305.032,"HKSK_MARKET_CAP":268849305.032,"PE_TTM":-5.312492442389,"PB_TTM":0.348396613387,"REPORT_DATE_SQ":"2020-12-31 00:00:00","REPORT_TYPE_SQ":"2020年年报","OPERATE_INCOME_SQ":211329182.16,"DPS_HKD":null,"OPERATE_INCOME_QOQ_SQ":-15.440426896689,"NET_PROFIT_RATIO_SQ":-23.7135646141,"HOLDER_PROFIT_SQ":-50113682.16,"HOLDER_PROFIT_QOQ_SQ":31.747395453195,"ROE_AVG_SQ":-5.678281025272,"PE_TTM_SQ":-5.273606536974,"PB_TTM_SQ":0.287326989588,"ROA_SQ":-3.399301197999,"START_DATE":"2021-07-01 00:00:00","FISCAL_YEAR":"6-30","CURRENCY":"HKD","IS_CNY_CODE":0,"DPS_HKD_LY":null,"ORG_TYPE":"一般企业","PREMIUM_INCOME":null,"PREMIUM_INCOME_YOY":null,"NET_INTEREST_INCOME":null,"NET_INTEREST_INCOME_YOY":null,"FEE_COMMISSION_INCOME":null,"FEE_COMMISSION_INCOME_YOY":null,"ACCOUNTS_RECE_TDAYS":null,"INVENTORY_TDAYS":0.005292513735,"CURRENT_ASSETS_TDAYS":0.009527013032,"TOTAL_ASSETS_TDAYS":0.007203178691,"PREMIUM_EXPENSE":null,"LOAN_DEPOSIT":null,"LOAN_EQUITY":null,"LOAN_ASSETS":null,"DEPOSIT_EQUITY":null,"DEPOSIT_ASSETS":null,"EQUITY_MULTIPLIER":1.645338361281,"EQUITY_RATIO":0.645338361281},{"SECUCODE":"00519.HK","SECURITY_CODE":"00519","SECURITY_NAME_ABBR":"诺科达科技","ORG_CODE":"10008944","STD_REPORT_DATE":"2021-06-30 00:00:00","REPORT_DATE":"2021-12-31 00:00:00","DATE_TYPE_CODE":"002","REPORT_TYPE":"2021年中报","PER_NETCASH_OPERATE":-0.002531678843,"PER_OI":0.001698773802,"BPS":0.269851917685,"BASIC_EPS":-0.01299984,"DILUTED_EPS":-0.01299984,"OPERATE_INCOME":4255608,"OPERATE_INCOME_YOY":-97.3494454459,"GROSS_PROFIT":3271217.6,"GROSS_PROFIT_YOY":-48.906029816389,"HOLDER_PROFIT":-32464443.2,"HOLDER_PROFIT_YOY":-69.3478909882,"GROSS_PROFIT_RATIO":76.868395773295,"EPS_TTM":-0.020004617522,"OPERATE_INCOME_QOQ":10.152167712266,"NET_PROFIT_RATIO":-762.8626320845,"ROE_AVG":-3.860488834508,"GROSS_PROFIT_QOQ":-13.070102583076,"ROA":-2.415348445356,"HOLDER_PROFIT_QOQ":68.496182054026,"ROE_YEARLY":-7.720977669016,"ROIC_YEARLY":-5.088383870745,"TOTAL_ASSETS":1335687774.4,"TOTAL_LIABILITIES":511261632,"TAX_EBT":-1.812820512821,"OCF_SALES":-149.029779058598,"TOTAL_PARENT_EQUITY":824426142.4,"DEBT_ASSET_RATIO":38.2770316386,"OPERATE_PROFIT":-29591396.8,"PRETAX_PROFIT":-31886400,"NETCASH_OPERATE":-6342123.2,"NETCASH_INVEST":38937382.4,"NETCASH_FINANCE":-13664548.8,"END_CASH":77250118.4,"DIVI_RATIO":null,"DIVIDEND_RATE":null,"CURRENT_RATIO":2.406985068814,"COMMON_ACS":6000000000,"CURRENTDEBT_DEBT":83.765592016887,"ISSUED_COMMON_SHARES":3055105739,"HK_COMMON_SHARES":3055105739,"PER_SHARES":5000,"TOTAL_MARKET_CAP":268849305.032,"HKSK_MARKET_CAP":268849305.032,"PE_TTM":-5.312492442389,"PB_TTM":0.348396613387,"REPORT_DATE_SQ":"2020-06-30 00:00:00","REPORT_TYPE_SQ":"2020年中报","OPERATE_INCOME_SQ":165276213.36,"DPS_HKD":null,"OPERATE_INCOME_QOQ_SQ":6.003289493802,"NET_PROFIT_RATIO_SQ":-11.9399716867,"HOLDER_PROFIT_SQ":-19733933.08,"HOLDER_PROFIT_QOQ_SQ":-19.025886423681,"ROE_AVG_SQ":-2.180251277051,"PE_TTM_SQ":-5.273606536974,"PB_TTM_SQ":0.287326989588,"ROA_SQ":-1.296325373412,"START_DATE":"2021-07-01 00:00:00","FISCAL_YEAR":"6-30","CURRENCY":"HKD","IS_CNY_CODE":0,"DPS_HKD_LY":null,"ORG_TYPE":"一般企业","PREMIUM_INCOME":null,"PREMIUM_INCOME_YOY":null,"NET_INTEREST_INCOME":null,"NET_INTEREST_INCOME_YOY":null,"FEE_COMMISSION_INCOME":null,"FEE_COMMISSION_INCOME_YOY":null,"ACCOUNTS_RECE_TDAYS":null,"INVENTORY_TDAYS":0.001605382565,"CURRENT_ASSETS_TDAYS":0.004119401709,"TOTAL_ASSETS_TDAYS":0.003166164318,"PREMIUM_EXPENSE":null,"LOAN_DEPOSIT":null,"LOAN_EQUITY":null,"LOAN_ASSETS":null,"DEPOSIT_EQUITY":null,"DEPOSIT_ASSETS":null,"EQUITY_MULTIPLIER":1.620142430845,"EQUITY_RATIO":0.620142430845},{"SECUCODE":"00519.HK","SECURITY_CODE":"00519","SECURITY_NAME_ABBR":"诺科达科技","ORG_CODE":"10008944","STD_REPORT_DATE":"2020-12-31 00:00:00","REPORT_DATE":"2021-06-30 00:00:00","DATE_TYPE_CODE":"001","REPORT_TYPE":"2020年年报","PER_NETCASH_OPERATE":-0.030536213114,"PER_OI":0.084359386061,"BPS":0.285634053414,"BASIC_EPS":-0.01996992,"DILUTED_EPS":-0.01996992,"OPERATE_INCOME":211329182.16,"OPERATE_INCOME_YOY":2.2517553466,"GROSS_PROFIT":18080266.32,"GROSS_PROFIT_YOY":-21.049817048222,"HOLDER_PROFIT":-50113682.16,"HOLDER_PROFIT_YOY":76.3953611419,"GROSS_PROFIT_RATIO":8.555499119999,"EPS_TTM":-0.063499025915,"OPERATE_INCOME_QOQ":-15.440426896689,"NET_PROFIT_RATIO":-23.7135646141,"ROE_AVG":-5.678281025272,"GROSS_PROFIT_QOQ":-9.179482206075,"ROA":-3.399301197999,"HOLDER_PROFIT_QOQ":31.747395453195,"ROE_YEARLY":-5.678281025272,"ROIC_YEARLY":-3.763246688328,"TOTAL_ASSETS":1376444209.68,"TOTAL_LIABILITIES":503801973.84,"TAX_EBT":-1.111390917485,"OCF_SALES":-36.197765939436,"TOTAL_PARENT_EQUITY":872642235.84,"DEBT_ASSET_RATIO":36.6016995311,"OPERATE_PROFIT":-44625282.48,"PRETAX_PROFIT":-49562845.2,"NETCASH_OPERATE":-76496442.72,"NETCASH_INVEST":-102741910.08,"NETCASH_FINANCE":9088809.84,"END_CASH":59928065.76,"DIVI_RATIO":null,"DIVIDEND_RATE":null,"CURRENT_RATIO":2.512679678385,"COMMON_ACS":6000000000,"CURRENTDEBT_DEBT":83.233438980764,"ISSUED_COMMON_SHARES":3055105739,"HK_COMMON_SHARES":3055105739,"PER_SHARES":5000,"TOTAL_MARKET_CAP":268849305.032,"HKSK_MARKET_CAP":268849305.032,"PE_TTM":-5.312492442389,"PB_TTM":0.348396613387,"REPORT_DATE_SQ":"2019-12-31 00:00:00","REPORT_TYPE_SQ":"2019年年报","OPERATE_INCOME_SQ":226883880.96,"DPS_HKD":null,"OPERATE_INCOME_QOQ_SQ":1330.34107749154,"NET_PROFIT_RATIO_SQ":-102.7236053852,"HOLDER_PROFIT_SQ":-233063302.56,"HOLDER_PROFIT_QOQ_SQ":-186.293602986907,"ROE_AVG_SQ":-21.123608156568,"PE_TTM_SQ":-5.273606536974,"PB_TTM_SQ":0.287326989588,"ROA_SQ":-12.009970456251,"START_DATE":"2020-07-01 00:00:00","FISCAL_YEAR":"6-30","CURRENCY":"HKD","IS_CNY_CODE":0,"DPS_HKD_LY":null,"ORG_TYPE":"一般企业","PREMIUM_INCOME":null,"PREMIUM_INCOME_YOY":null,"NET_INTEREST_INCOME":null,"NET_INTEREST_INCOME_YOY":null,"FEE_COMMISSION_INCOME":null,"FEE_COMMISSION_INCOME_YOY":null,"ACCOUNTS_RECE_TDAYS":null,"INVENTORY_TDAYS":0.29803946731,"CURRENT_ASSETS_TDAYS":0.185479712962,"TOTAL_ASSETS_TDAYS":0.143348385336,"PREMIUM_EXPENSE":null,"LOAN_DEPOSIT":null,"LOAN_EQUITY":null,"LOAN_ASSETS":null,"DEPOSIT_EQUITY":null,"DEPOSIT_ASSETS":null,"EQUITY_MULTIPLIER":1.5773293489,"EQUITY_RATIO":0.5773293489},{"SECUCODE":"00519.HK","SECURITY_CODE":"00519","SECURITY_NAME_ABBR":"诺科达科技","ORG_CODE":"10008944","STD_REPORT_DATE":"2020-06-30 00:00:00","REPORT_DATE":"2020-12-31 00:00:00","DATE_TYPE_CODE":"002","REPORT_TYPE":"2020年中报","PER_NETCASH_OPERATE":-0.004018199409,"PER_OI":0.065975743374,"BPS":0.297054201436,"BASIC_EPS":-0.007911416,"DILUTED_EPS":-0.007911416,"OPERATE_INCOME":165276213.36,"OPERATE_INCOME_YOY":-12.181313251,"GROSS_PROFIT":6402355.48,"GROSS_PROFIT_YOY":-24.718338638166,"HOLDER_PROFIT":-19733933.08,"HOLDER_PROFIT_YOY":77.5905572016,"GROSS_PROFIT_RATIO":3.873730738285,"EPS_TTM":-0.093035315409,"OPERATE_INCOME_QOQ":6.003289493802,"NET_PROFIT_RATIO":-11.9399716867,"ROE_AVG":-2.180251277051,"GROSS_PROFIT_QOQ":3.012054860367,"ROA":-1.296325373412,"HOLDER_PROFIT_QOQ":-19.025886423681,"ROE_YEARLY":-4.360502554103,"ROIC_YEARLY":-2.984159024482,"TOTAL_ASSETS":1454508781.76,"TOTAL_LIABILITIES":546976786.16,"TAX_EBT":2.287881313552,"OCF_SALES":-6.090419301944,"TOTAL_PARENT_EQUITY":907531995.6,"DEBT_ASSET_RATIO":37.6056021812,"OPERATE_PROFIT":-17607108.8,"PRETAX_PROFIT":-20195993.44,"NETCASH_OPERATE":-10066014.4,"NETCASH_INVEST":-44579987.52,"NETCASH_FINANCE":-2915440.96,"END_CASH":171629753.72,"DIVI_RATIO":null,"DIVIDEND_RATE":null,"CURRENT_RATIO":2.380203407329,"COMMON_ACS":6000000000,"CURRENTDEBT_DEBT":87.039271019582,"ISSUED_COMMON_SHARES":3055105739,"HK_COMMON_SHARES":3055105739,"PER_SHARES":5000,"TOTAL_MARKET_CAP":268849305.032,"HKSK_MARKET_CAP":268849305.032,"PE_TTM":-5.312492442389,"PB_TTM":0.348396613387,"REPORT_DATE_SQ":"2019-06-30 00:00:00","REPORT_TYPE_SQ":"2019年中报","OPERATE_INCOME_SQ":200308053.14,"DPS_HKD":null,"OPERATE_INCOME_QOQ_SQ":538.591343592785,"NET_PROFIT_RATIO_SQ":-46.7906606503,"HOLDER_PROFIT_SQ":-93725461.4,"HOLDER_PROFIT_QOQ_SQ":-259.008134795058,"ROE_AVG_SQ":-8.105241875198,"PE_TTM_SQ":-5.273606536974,"PB_TTM_SQ":0.287326989588,"ROA_SQ":-4.718971342724,"START_DATE":"2020-07-01 00:00:00","FISCAL_YEAR":"6-30","CURRENCY":"HKD","IS_CNY_CODE":0,"DPS_HKD_LY":null,"ORG_TYPE":"一般企业","PREMIUM_INCOME":null,"PREMIUM_INCOME_YOY":null,"NET_INTEREST_INCOME":null,"NET_INTEREST_INCOME_YOY":null,"FEE_COMMISSION_INCOME":null,"FEE_COMMISSION_INCOME_YOY":null,"ACCOUNTS_RECE_TDAYS":null,"INVENTORY_TDAYS":0.242801347217,"CURRENT_ASSETS_TDAYS":0.139336128703,"TOTAL_ASSETS_TDAYS":0.108570221725,"PREMIUM_EXPENSE":null,"LOAN_DEPOSIT":null,"LOAN_EQUITY":null,"LOAN_ASSETS":null,"DEPOSIT_EQUITY":null,"DEPOSIT_ASSETS":null,"EQUITY_MULTIPLIER":1.602707991355,"EQUITY_RATIO":0.602707991357},{"SECUCODE":"00519.HK","SECURITY_CODE":"00519","SECURITY_NAME_ABBR":"诺科达科技","ORG_CODE":"10008944","STD_REPORT_DATE":"2019-12-31 00:00:00","REPORT_DATE":"2020-06-30 00:00:00","DATE_TYPE_CODE":"001","REPORT_TYPE":"2019年年报","PER_NETCASH_OPERATE":-0.009702474663,"PER_OI":0.090568584562,"BPS":0.32068348215,"BASIC_EPS":-0.093079536,"DILUTED_EPS":-0.093079536,"OPERATE_INCOME":226883880.96,"OPERATE_INCOME_YOY":1360.1375580507,"GROSS_PROFIT":22900854.24,"GROSS_PROFIT_YOY":53.040717752209,"HOLDER_PROFIT":-233063302.56,"HOLDER_PROFIT_YOY":-228.1616956695,"GROSS_PROFIT_RATIO":10.09364532337,"EPS_TTM":-0.078163934085,"OPERATE_INCOME_QOQ":1330.34107749154,"NET_PROFIT_RATIO":-102.7236053852,"ROE_AVG":-21.123608156568,"GROSS_PROFIT_QOQ":48.565833348005,"ROA":-12.009970456251,"HOLDER_PROFIT_QOQ":-186.293602986907,"ROE_YEARLY":-21.123608156568,"ROIC_YEARLY":-13.152454374104,"TOTAL_ASSETS":1725736615.68,"TOTAL_LIABILITIES":746014668.96,"TAX_EBT":0.683134556099,"OCF_SALES":-10.712847848493,"TOTAL_PARENT_EQUITY":979721946.72,"DEBT_ASSET_RATIO":43.2287674829,"OPERATE_PROFIT":-226112024.16,"PRETAX_PROFIT":-234666389.76,"NETCASH_OPERATE":-24305724.96,"NETCASH_INVEST":291897972.96,"NETCASH_FINANCE":-108320282.4,"END_CASH":247241718.24,"DIVI_RATIO":null,"DIVIDEND_RATE":null,"CURRENT_RATIO":2.043739406971,"COMMON_ACS":6000000000,"CURRENTDEBT_DEBT":88.20803982814,"ISSUED_COMMON_SHARES":3055105739,"HK_COMMON_SHARES":3055105739,"PER_SHARES":5000,"TOTAL_MARKET_CAP":268849305.032,"HKSK_MARKET_CAP":268849305.032,"PE_TTM":-5.312492442389,"PB_TTM":0.348396613387,"REPORT_DATE_SQ":"2018-12-31 00:00:00","REPORT_TYPE_SQ":"2018年年报","OPERATE_INCOME_SQ":14963896.26,"DPS_HKD":null,"OPERATE_INCOME_QOQ_SQ":-25.74550563416,"NET_PROFIT_RATIO_SQ":-457.0630768326,"HOLDER_PROFIT_SQ":-68394444.66,"HOLDER_PROFIT_QOQ_SQ":379.581486032765,"ROE_AVG_SQ":-5.611552070383,"PE_TTM_SQ":-5.273606536974,"PB_TTM_SQ":0.287326989588,"ROA_SQ":-3.420931519772,"START_DATE":"2019-07-01 00:00:00","FISCAL_YEAR":"6-30","CURRENCY":"HKD","IS_CNY_CODE":0,"DPS_HKD_LY":null,"ORG_TYPE":"一般企业","PREMIUM_INCOME":null,"PREMIUM_INCOME_YOY":null,"NET_INTEREST_INCOME":null,"NET_INTEREST_INCOME_YOY":null,"FEE_COMMISSION_INCOME":null,"FEE_COMMISSION_INCOME_YOY":null,"ACCOUNTS_RECE_TDAYS":null,"INVENTORY_TDAYS":0.255608933087,"CURRENT_ASSETS_TDAYS":0.147097509308,"TOTAL_ASSETS_TDAYS":0.116915390686,"PREMIUM_EXPENSE":null,"LOAN_DEPOSIT":null,"LOAN_EQUITY":null,"LOAN_ASSETS":null,"DEPOSIT_EQUITY":null,"DEPOSIT_ASSETS":null,"EQUITY_MULTIPLIER":1.761455504245,"EQUITY_RATIO":0.761455504245}],"count":47},"success":true,"message":"ok","code":0}