{"version":"0a1af13943e766ecb62bda714feb4546","result":{"pages":6,"data":[{"SECUCODE":"00518.HK","SECURITY_CODE":"00518","SECURITY_NAME_ABBR":"同得仕(集团)","ORG_CODE":"10008943","STD_REPORT_DATE":"2024-06-30 00:00:00","REPORT_DATE":"2024-09-30 00:00:00","DATE_TYPE_CODE":"002","REPORT_TYPE":"2024年中报","PER_NETCASH_OPERATE":-0.048193556381,"PER_OI":0.646392626282,"BPS":0.765131185172,"BASIC_EPS":-0.02975907,"DILUTED_EPS":-0.02975907,"OPERATE_INCOME":291566742.8,"OPERATE_INCOME_YOY":36.1181161037,"GROSS_PROFIT":46792981.31,"GROSS_PROFIT_YOY":13.806546700124,"HOLDER_PROFIT":-13332965.15,"HOLDER_PROFIT_YOY":-34.6661808908,"GROSS_PROFIT_RATIO":16.048806136336,"EPS_TTM":-0.025717242617,"OPERATE_INCOME_QOQ":0,"NET_PROFIT_RATIO":-4.7528764073,"ROE_AVG":-3.780653080011,"GROSS_PROFIT_QOQ":0,"ROA":-2.620979893707,"HOLDER_PROFIT_QOQ":0,"ROE_YEARLY":-7.561306160023,"ROIC_YEARLY":-7.130292409506,"TOTAL_ASSETS":514411676.86,"TOTAL_LIABILITIES":181850462.45,"TAX_EBT":-1.085383502171,"OCF_SALES":-7.455771372015,"TOTAL_PARENT_EQUITY":345125854.48,"DEBT_ASSET_RATIO":35.351153683,"OPERATE_PROFIT":-12058735.88,"PRETAX_PROFIT":-13709011.58,"NETCASH_OPERATE":-21738549.74,"NETCASH_INVEST":-2647655.44,"NETCASH_FINANCE":15102277.13,"END_CASH":142398953.53,"DIVI_RATIO":-0.176253343623,"DIVIDEND_RATE":2.5,"CURRENT_RATIO":2.431829617636,"COMMON_ACS":null,"CURRENTDEBT_DEBT":99.538816295158,"ISSUED_COMMON_SHARES":451067557,"HK_COMMON_SHARES":451067557,"PER_SHARES":2000,"TOTAL_MARKET_CAP":90213511.4,"HKSK_MARKET_CAP":90213511.4,"PE_TTM":-5.433894193471,"PB_TTM":0.235721669036,"REPORT_DATE_SQ":"2023-06-30 00:00:00","REPORT_TYPE_SQ":"2023年中报","OPERATE_INCOME_SQ":217963736.27,"DPS_HKD":0.005,"OPERATE_INCOME_QOQ_SQ":0,"NET_PROFIT_RATIO_SQ":-4.8802462015,"HOLDER_PROFIT_SQ":-10074659.77,"HOLDER_PROFIT_QOQ_SQ":0,"ROE_AVG_SQ":-2.689830388052,"PE_TTM_SQ":40.305181860917,"PB_TTM_SQ":0.259747622387,"ROA_SQ":-2.006662066886,"START_DATE":"2024-04-01 00:00:00","FISCAL_YEAR":"3-31","CURRENCY":"HKD","IS_CNY_CODE":0,"DPS_HKD_LY":0.005,"ORG_TYPE":"一般企业","PREMIUM_INCOME":null,"PREMIUM_INCOME_YOY":null,"NET_INTEREST_INCOME":null,"NET_INTEREST_INCOME_YOY":null,"FEE_COMMISSION_INCOME":null,"FEE_COMMISSION_INCOME_YOY":null,"ACCOUNTS_RECE_TDAYS":2.887546273349,"INVENTORY_TDAYS":2.666368690937,"CURRENT_ASSETS_TDAYS":0.672921627067,"TOTAL_ASSETS_TDAYS":0.573158754977,"PREMIUM_EXPENSE":null,"LOAN_DEPOSIT":null,"LOAN_EQUITY":null,"LOAN_ASSETS":null,"DEPOSIT_EQUITY":null,"DEPOSIT_ASSETS":null,"EQUITY_MULTIPLIER":1.546818012957,"EQUITY_RATIO":0.526910575054},{"SECUCODE":"00518.HK","SECURITY_CODE":"00518","SECURITY_NAME_ABBR":"同得仕(集团)","ORG_CODE":"10008943","STD_REPORT_DATE":"2023-12-31 00:00:00","REPORT_DATE":"2024-03-31 00:00:00","DATE_TYPE_CODE":"001","REPORT_TYPE":"2023年年报","PER_NETCASH_OPERATE":-0.035589319495,"PER_OI":1.038624084973,"BPS":0.802765456705,"BASIC_EPS":-0.0253834,"DILUTED_EPS":-0.0253834,"OPERATE_INCOME":468489628.65,"OPERATE_INCOME_YOY":-31.3896183555,"GROSS_PROFIT":95930214.45,"GROSS_PROFIT_YOY":-32.12225861221,"HOLDER_PROFIT":-11600213.8,"HOLDER_PROFIT_YOY":-164.8950197789,"GROSS_PROFIT_RATIO":20.476486262126,"EPS_TTM":0.003571088155,"OPERATE_INCOME_QOQ":0,"NET_PROFIT_RATIO":-2.7069388892,"ROE_AVG":-3.134918350272,"GROSS_PROFIT_QOQ":0,"ROA":-2.291668345659,"HOLDER_PROFIT_QOQ":0,"ROE_YEARLY":-3.134918350272,"ROIC_YEARLY":-3.241676673405,"TOTAL_ASSETS":505646393.5,"TOTAL_LIABILITIES":155648289.15,"TAX_EBT":-5.101427498122,"OCF_SALES":-3.426583304791,"TOTAL_PARENT_EQUITY":362101453.4,"DEBT_ASSET_RATIO":30.7820427775,"OPERATE_PROFIT":-9067313.1,"PRETAX_PROFIT":-12066180.5,"NETCASH_OPERATE":-16053187.4,"NETCASH_INVEST":13744204.55,"NETCASH_FINANCE":-12150489.65,"END_CASH":152447261.1,"DIVI_RATIO":1.269290984428,"DIVIDEND_RATE":2.631578947368,"CURRENT_RATIO":2.784458643738,"COMMON_ACS":null,"CURRENTDEBT_DEBT":98.90036285696,"ISSUED_COMMON_SHARES":451067557,"HK_COMMON_SHARES":451067557,"PER_SHARES":2000,"TOTAL_MARKET_CAP":85702835.83,"HKSK_MARKET_CAP":85702835.83,"PE_TTM":-5.162199483797,"PB_TTM":0.223935585584,"REPORT_DATE_SQ":"2022-12-31 00:00:00","REPORT_TYPE_SQ":"2022年年报","OPERATE_INCOME_SQ":659371067.74,"DPS_HKD":0.005,"OPERATE_INCOME_QOQ_SQ":0,"NET_PROFIT_RATIO_SQ":2.4959706007,"HOLDER_PROFIT_SQ":17261334.38,"HOLDER_PROFIT_QOQ_SQ":0,"ROE_AVG_SQ":4.796108239587,"PE_TTM_SQ":40.305181860917,"PB_TTM_SQ":0.259747622387,"ROA_SQ":3.34202540163,"START_DATE":"2023-04-01 00:00:00","FISCAL_YEAR":"3-31","CURRENCY":"HKD","IS_CNY_CODE":0,"DPS_HKD_LY":0.005,"ORG_TYPE":"一般企业","PREMIUM_INCOME":null,"PREMIUM_INCOME_YOY":null,"NET_INTEREST_INCOME":null,"NET_INTEREST_INCOME_YOY":null,"FEE_COMMISSION_INCOME":null,"FEE_COMMISSION_INCOME_YOY":null,"ACCOUNTS_RECE_TDAYS":4.902831933969,"INVENTORY_TDAYS":4.984160865452,"CURRENT_ASSETS_TDAYS":1.099105671172,"TOTAL_ASSETS_TDAYS":0.925519883303,"PREMIUM_EXPENSE":null,"LOAN_DEPOSIT":null,"LOAN_EQUITY":null,"LOAN_ASSETS":null,"DEPOSIT_EQUITY":null,"DEPOSIT_ASSETS":null,"EQUITY_MULTIPLIER":1.444711806194,"EQUITY_RATIO":0.42984718147},{"SECUCODE":"00518.HK","SECURITY_CODE":"00518","SECURITY_NAME_ABBR":"同得仕(集团)","ORG_CODE":"10008943","STD_REPORT_DATE":"2023-06-30 00:00:00","REPORT_DATE":"2023-09-30 00:00:00","DATE_TYPE_CODE":"002","REPORT_TYPE":"2023年中报","PER_NETCASH_OPERATE":0.004304687956,"PER_OI":0.483217497884,"BPS":0.812538332634,"BASIC_EPS":-0.02202312,"DILUTED_EPS":-0.02202312,"OPERATE_INCOME":217963736.27,"OPERATE_INCOME_YOY":-42.8237525666,"GROSS_PROFIT":41116247.41,"GROSS_PROFIT_YOY":-43.41985661947,"HOLDER_PROFIT":-10074659.77,"HOLDER_PROFIT_YOY":-278.0859691809,"GROSS_PROFIT_RATIO":18.863801893664,"EPS_TTM":0.038267736422,"OPERATE_INCOME_QOQ":0,"NET_PROFIT_RATIO":-4.8802462015,"ROE_AVG":-2.689830388052,"GROSS_PROFIT_QOQ":0,"ROA":-2.006662066886,"HOLDER_PROFIT_QOQ":0,"ROE_YEARLY":-5.379660776104,"ROIC_YEARLY":-5.836191670975,"TOTAL_ASSETS":491192656.92,"TOTAL_LIABILITIES":136402028.98,"TAX_EBT":-1.488355804588,"OCF_SALES":0.89083859234,"TOTAL_PARENT_EQUITY":366509680.67,"DEBT_ASSET_RATIO":27.7695578422,"OPERATE_PROFIT":-9105642.49,"PRETAX_PROFIT":-10481169.86,"NETCASH_OPERATE":1941705.08,"NETCASH_INVEST":11307954.49,"NETCASH_FINANCE":-13305635,"END_CASH":167088493.81,"DIVI_RATIO":0.118448343794,"DIVIDEND_RATE":2.631578947368,"CURRENT_RATIO":3.08037148629,"COMMON_ACS":null,"CURRENTDEBT_DEBT":97.573429490198,"ISSUED_COMMON_SHARES":451067557,"HK_COMMON_SHARES":451067557,"PER_SHARES":2000,"TOTAL_MARKET_CAP":85702835.83,"HKSK_MARKET_CAP":85702835.83,"PE_TTM":-5.162199483797,"PB_TTM":0.223935585584,"REPORT_DATE_SQ":"2022-06-30 00:00:00","REPORT_TYPE_SQ":"2022年中报","OPERATE_INCOME_SQ":375734222.52,"DPS_HKD":0.005,"OPERATE_INCOME_QOQ_SQ":0,"NET_PROFIT_RATIO_SQ":1.3927636947,"HOLDER_PROFIT_SQ":5575872.6,"HOLDER_PROFIT_QOQ_SQ":0,"ROE_AVG_SQ":1.530562844935,"PE_TTM_SQ":40.305181860917,"PB_TTM_SQ":0.259747622387,"ROA_SQ":1.015528610233,"START_DATE":"2023-04-01 00:00:00","FISCAL_YEAR":"3-31","CURRENCY":"HKD","IS_CNY_CODE":0,"DPS_HKD_LY":0.005,"ORG_TYPE":"一般企业","PREMIUM_INCOME":null,"PREMIUM_INCOME_YOY":null,"NET_INTEREST_INCOME":null,"NET_INTEREST_INCOME_YOY":null,"FEE_COMMISSION_INCOME":null,"FEE_COMMISSION_INCOME_YOY":null,"ACCOUNTS_RECE_TDAYS":2.417831749635,"INVENTORY_TDAYS":2.761198627438,"CURRENT_ASSETS_TDAYS":0.519570089104,"TOTAL_ASSETS_TDAYS":0.434138295004,"PREMIUM_EXPENSE":null,"LOAN_DEPOSIT":null,"LOAN_EQUITY":null,"LOAN_ASSETS":null,"DEPOSIT_EQUITY":null,"DEPOSIT_ASSETS":null,"EQUITY_MULTIPLIER":1.384457813252,"EQUITY_RATIO":0.372164873601},{"SECUCODE":"00518.HK","SECURITY_CODE":"00518","SECURITY_NAME_ABBR":"同得仕(集团)","ORG_CODE":"10008943","STD_REPORT_DATE":"2022-12-31 00:00:00","REPORT_DATE":"2023-03-31 00:00:00","DATE_TYPE_CODE":"001","REPORT_TYPE":"2022年年报","PER_NETCASH_OPERATE":0.092131351225,"PER_OI":1.461801137119,"BPS":0.809147784153,"BASIC_EPS":0.03851804,"DILUTED_EPS":0.03851804,"OPERATE_INCOME":659371067.74,"OPERATE_INCOME_YOY":28.0390433628,"GROSS_PROFIT":141327941.22,"GROSS_PROFIT_YOY":55.526882315459,"HOLDER_PROFIT":17261334.38,"HOLDER_PROFIT_YOY":175.6522406384,"GROSS_PROFIT_RATIO":21.433749239924,"EPS_TTM":0.024639225561,"OPERATE_INCOME_QOQ":0,"NET_PROFIT_RATIO":2.4959706007,"ROE_AVG":4.796108239587,"GROSS_PROFIT_QOQ":0,"ROA":3.34202540163,"HOLDER_PROFIT_QOQ":0,"ROE_YEARLY":4.796108239587,"ROIC_YEARLY":4.744294599569,"TOTAL_ASSETS":489328803.11,"TOTAL_LIABILITIES":134991723.64,"TAX_EBT":18.061366806137,"OCF_SALES":6.302591295435,"TOTAL_PARENT_EQUITY":364980314.25,"DEBT_ASSET_RATIO":27.5871199043,"OPERATE_PROFIT":23509135.55,"PRETAX_PROFIT":20085407.04,"NETCASH_OPERATE":41557463.52,"NETCASH_INVEST":-3175987.48,"NETCASH_FINANCE":-37689026.73,"END_CASH":161618194.2,"DIVI_RATIO":0.183964791785,"DIVIDEND_RATE":2.631578947368,"CURRENT_RATIO":3.141452893828,"COMMON_ACS":null,"CURRENTDEBT_DEBT":96.517600062255,"ISSUED_COMMON_SHARES":451067557,"HK_COMMON_SHARES":451067557,"PER_SHARES":2000,"TOTAL_MARKET_CAP":85702835.83,"HKSK_MARKET_CAP":85702835.83,"PE_TTM":-5.162199483797,"PB_TTM":0.223935585584,"REPORT_DATE_SQ":"2021-12-31 00:00:00","REPORT_TYPE_SQ":"2021年年报","OPERATE_INCOME_SQ":477092041.69,"DPS_HKD":0.005,"OPERATE_INCOME_QOQ_SQ":0,"NET_PROFIT_RATIO_SQ":-4.5382299594,"HOLDER_PROFIT_SQ":-21138164.64,"HOLDER_PROFIT_QOQ_SQ":0,"ROE_AVG_SQ":-6.228381144236,"PE_TTM_SQ":40.305181860917,"PB_TTM_SQ":0.259747622387,"ROA_SQ":-4.206096128274,"START_DATE":"2022-04-01 00:00:00","FISCAL_YEAR":"3-31","CURRENCY":"HKD","IS_CNY_CODE":0,"DPS_HKD_LY":0.005,"ORG_TYPE":"一般企业","PREMIUM_INCOME":null,"PREMIUM_INCOME_YOY":null,"NET_INTEREST_INCOME":null,"NET_INTEREST_INCOME_YOY":null,"FEE_COMMISSION_INCOME":null,"FEE_COMMISSION_INCOME_YOY":null,"ACCOUNTS_RECE_TDAYS":6.979988045649,"INVENTORY_TDAYS":6.569149733303,"CURRENT_ASSETS_TDAYS":1.529960319677,"TOTAL_ASSETS_TDAYS":1.276630652634,"PREMIUM_EXPENSE":null,"LOAN_DEPOSIT":null,"LOAN_EQUITY":null,"LOAN_ASSETS":null,"DEPOSIT_EQUITY":null,"DEPOSIT_ASSETS":null,"EQUITY_MULTIPLIER":1.380969792499,"EQUITY_RATIO":0.369860286622},{"SECUCODE":"00518.HK","SECURITY_CODE":"00518","SECURITY_NAME_ABBR":"同得仕(集团)","ORG_CODE":"10008943","STD_REPORT_DATE":"2022-06-30 00:00:00","REPORT_DATE":"2022-09-30 00:00:00","DATE_TYPE_CODE":"002","REPORT_TYPE":"2022年中报","PER_NETCASH_OPERATE":0.04207321991,"PER_OI":0.832988798882,"BPS":0.80256727229,"BASIC_EPS":0.01266216,"DILUTED_EPS":0.01266216,"OPERATE_INCOME":375734222.52,"OPERATE_INCOME_YOY":78.7239076939,"GROSS_PROFIT":72669040.68,"GROSS_PROFIT_YOY":144.873987971595,"HOLDER_PROFIT":5575872.6,"HOLDER_PROFIT_YOY":119.2523889826,"GROSS_PROFIT_RATIO":19.340543481139,"EPS_TTM":-0.046862524941,"OPERATE_INCOME_QOQ":0,"NET_PROFIT_RATIO":1.3927636947,"ROE_AVG":1.530562844935,"GROSS_PROFIT_QOQ":0,"ROA":1.015528610233,"HOLDER_PROFIT_QOQ":0,"ROE_YEARLY":3.06112568987,"ROIC_YEARLY":2.854354974807,"TOTAL_ASSETS":536436026.16,"TOTAL_LIABILITIES":184932655.68,"TAX_EBT":29.11051212938,"OCF_SALES":5.050874629603,"TOTAL_PARENT_EQUITY":362012058.84,"DEBT_ASSET_RATIO":34.4743169104,"OPERATE_PROFIT":8842709.88,"PRETAX_PROFIT":7382039.28,"NETCASH_OPERATE":18977864.52,"NETCASH_INVEST":-4193888.28,"NETCASH_FINANCE":-11187922.8,"END_CASH":167783568.84,"DIVI_RATIO":-0.096724408378,"DIVIDEND_RATE":2.631578947368,"CURRENT_RATIO":2.51368723647,"COMMON_ACS":null,"CURRENTDEBT_DEBT":97.314546735005,"ISSUED_COMMON_SHARES":451067557,"HK_COMMON_SHARES":451067557,"PER_SHARES":2000,"TOTAL_MARKET_CAP":85702835.83,"HKSK_MARKET_CAP":85702835.83,"PE_TTM":-5.162199483797,"PB_TTM":0.223935585584,"REPORT_DATE_SQ":"2021-06-30 00:00:00","REPORT_TYPE_SQ":"2021年中报","OPERATE_INCOME_SQ":193639798.64,"DPS_HKD":0.005,"OPERATE_INCOME_QOQ_SQ":0,"NET_PROFIT_RATIO_SQ":-13.9104472475,"HOLDER_PROFIT_SQ":-26676247.32,"HOLDER_PROFIT_QOQ_SQ":0,"ROE_AVG_SQ":null,"PE_TTM_SQ":40.305181860917,"PB_TTM_SQ":0.259747622387,"ROA_SQ":null,"START_DATE":"2022-04-01 00:00:00","FISCAL_YEAR":"3-31","CURRENCY":"HKD","IS_CNY_CODE":0,"DPS_HKD_LY":0.005,"ORG_TYPE":"一般企业","PREMIUM_INCOME":null,"PREMIUM_INCOME_YOY":null,"NET_INTEREST_INCOME":null,"NET_INTEREST_INCOME_YOY":null,"FEE_COMMISSION_INCOME":null,"FEE_COMMISSION_INCOME_YOY":null,"ACCOUNTS_RECE_TDAYS":3.615998259167,"INVENTORY_TDAYS":3.384792545266,"CURRENT_ASSETS_TDAYS":0.816784632928,"TOTAL_ASSETS_TDAYS":0.684321325442,"PREMIUM_EXPENSE":null,"LOAN_DEPOSIT":null,"LOAN_EQUITY":null,"LOAN_ASSETS":null,"DEPOSIT_EQUITY":null,"DEPOSIT_ASSETS":null,"EQUITY_MULTIPLIER":1.526119153359,"EQUITY_RATIO":0.510846672546},{"SECUCODE":"00518.HK","SECURITY_CODE":"00518","SECURITY_NAME_ABBR":"同得仕(集团)","ORG_CODE":"10008943","STD_REPORT_DATE":"2021-12-31 00:00:00","REPORT_DATE":"2022-03-31 00:00:00","DATE_TYPE_CODE":"001","REPORT_TYPE":"2021年年报","PER_NETCASH_OPERATE":-0.066699627369,"PER_OI":1.057695314784,"BPS":0.728765842607,"BASIC_EPS":-0.04703858,"DILUTED_EPS":-0.04703858,"OPERATE_INCOME":477092041.69,"OPERATE_INCOME_YOY":27.779841304,"GROSS_PROFIT":90870426.46,"GROSS_PROFIT_YOY":9.165554929769,"HOLDER_PROFIT":-21138164.64,"HOLDER_PROFIT_YOY":-110.1814090845,"GROSS_PROFIT_RATIO":19.04672862245,"EPS_TTM":-0.047290313721,"OPERATE_INCOME_QOQ":0,"NET_PROFIT_RATIO":-4.5382299594,"ROE_AVG":-6.228381144236,"GROSS_PROFIT_QOQ":0,"ROA":-4.206096128274,"HOLDER_PROFIT_QOQ":0,"ROE_YEARLY":-6.228381144236,"ROIC_YEARLY":-6.552382101619,"TOTAL_ASSETS":503663162.32,"TOTAL_LIABILITIES":184056286.47,"TAX_EBT":-0.614306173212,"OCF_SALES":-6.306128658828,"TOTAL_PARENT_EQUITY":328722628.25,"DEBT_ASSET_RATIO":36.5435275477,"OPERATE_PROFIT":-18914375.22,"PRETAX_PROFIT":-21519339.34,"NETCASH_OPERATE":-30086037.97,"NETCASH_INVEST":-24994517.19,"NETCASH_FINANCE":-20621551.27,"END_CASH":152105736.51,"DIVI_RATIO":-0.095849438148,"DIVIDEND_RATE":2.631578947368,"CURRENT_RATIO":2.361270818396,"COMMON_ACS":null,"CURRENTDEBT_DEBT":96.488166840716,"ISSUED_COMMON_SHARES":451067557,"HK_COMMON_SHARES":451067557,"PER_SHARES":2000,"TOTAL_MARKET_CAP":85702835.83,"HKSK_MARKET_CAP":85702835.83,"PE_TTM":-5.162199483797,"PB_TTM":0.223935585584,"REPORT_DATE_SQ":"2020-12-31 00:00:00","REPORT_TYPE_SQ":"2020年年报","OPERATE_INCOME_SQ":389101432.86,"DPS_HKD":0.005,"OPERATE_INCOME_QOQ_SQ":0,"NET_PROFIT_RATIO_SQ":55.454116952,"HOLDER_PROFIT_SQ":216362699.28,"HOLDER_PROFIT_QOQ_SQ":0,"ROE_AVG_SQ":73.451153502398,"PE_TTM_SQ":40.305181860917,"PB_TTM_SQ":0.259747622387,"ROA_SQ":45.638186923386,"START_DATE":"2021-04-01 00:00:00","FISCAL_YEAR":"3-31","CURRENCY":"HKD","IS_CNY_CODE":0,"DPS_HKD_LY":0.015,"ORG_TYPE":"一般企业","PREMIUM_INCOME":null,"PREMIUM_INCOME_YOY":null,"NET_INTEREST_INCOME":null,"NET_INTEREST_INCOME_YOY":null,"FEE_COMMISSION_INCOME":null,"FEE_COMMISSION_INCOME_YOY":null,"ACCOUNTS_RECE_TDAYS":6.168087404192,"INVENTORY_TDAYS":4.92260858779,"CURRENT_ASSETS_TDAYS":1.098263651308,"TOTAL_ASSETS_TDAYS":0.949323190333,"PREMIUM_EXPENSE":null,"LOAN_DEPOSIT":null,"LOAN_EQUITY":null,"LOAN_ASSETS":null,"DEPOSIT_EQUITY":null,"DEPOSIT_ASSETS":null,"EQUITY_MULTIPLIER":1.575883375414,"EQUITY_RATIO":0.55991364954},{"SECUCODE":"00518.HK","SECURITY_CODE":"00518","SECURITY_NAME_ABBR":"同得仕(集团)","ORG_CODE":"10008943","STD_REPORT_DATE":"2021-06-30 00:00:00","REPORT_DATE":"2021-09-30 00:00:00","DATE_TYPE_CODE":"002","REPORT_TYPE":"2021年中报","PER_NETCASH_OPERATE":-0.051060222493,"PER_OI":0.429292232693,"BPS":null,"BASIC_EPS":-0.05914726,"DILUTED_EPS":-0.05914726,"OPERATE_INCOME":193639798.64,"OPERATE_INCOME_YOY":2.5174652459,"GROSS_PROFIT":29676096.38,"GROSS_PROFIT_YOY":-9.322415299515,"HOLDER_PROFIT":-26676247.32,"HOLDER_PROFIT_YOY":-113.3346103555,"GROSS_PROFIT_RATIO":15.325411712068,"EPS_TTM":0.479668058415,"OPERATE_INCOME_QOQ":0,"NET_PROFIT_RATIO":-13.9104472475,"ROE_AVG":null,"GROSS_PROFIT_QOQ":0,"ROA":null,"HOLDER_PROFIT_QOQ":0,"ROE_YEARLY":null,"ROIC_YEARLY":null,"TOTAL_ASSETS":null,"TOTAL_LIABILITIES":null,"TAX_EBT":0.18213811626,"OCF_SALES":-11.894047598561,"TOTAL_PARENT_EQUITY":null,"DEBT_ASSET_RATIO":null,"OPERATE_PROFIT":-25474974.8,"PRETAX_PROFIT":-26985312.58,"NETCASH_OPERATE":-23031609.82,"NETCASH_INVEST":-32971681.74,"NETCASH_FINANCE":-28190750.4,"END_CASH":148313837.1,"DIVI_RATIO":0.009449764103,"DIVIDEND_RATE":2.631578947368,"CURRENT_RATIO":null,"COMMON_ACS":null,"CURRENTDEBT_DEBT":null,"ISSUED_COMMON_SHARES":451067557,"HK_COMMON_SHARES":451067557,"PER_SHARES":2000,"TOTAL_MARKET_CAP":85702835.83,"HKSK_MARKET_CAP":85702835.83,"PE_TTM":-5.162199483797,"PB_TTM":0.223935585584,"REPORT_DATE_SQ":"2020-06-30 00:00:00","REPORT_TYPE_SQ":"2020年中报","OPERATE_INCOME_SQ":199237457.92,"DPS_HKD":0.005,"OPERATE_INCOME_QOQ_SQ":0,"NET_PROFIT_RATIO_SQ":105.7533871992,"HOLDER_PROFIT_SQ":211017578.24,"HOLDER_PROFIT_QOQ_SQ":0,"ROE_AVG_SQ":71.197591386628,"PE_TTM_SQ":40.305181860917,"PB_TTM_SQ":0.259747622387,"ROA_SQ":38.592186007195,"START_DATE":"2021-04-01 00:00:00","FISCAL_YEAR":"3-31","CURRENCY":"HKD","IS_CNY_CODE":0,"DPS_HKD_LY":0.015,"ORG_TYPE":"一般企业","PREMIUM_INCOME":null,"PREMIUM_INCOME_YOY":null,"NET_INTEREST_INCOME":null,"NET_INTEREST_INCOME_YOY":null,"FEE_COMMISSION_INCOME":null,"FEE_COMMISSION_INCOME_YOY":null,"ACCOUNTS_RECE_TDAYS":null,"INVENTORY_TDAYS":null,"CURRENT_ASSETS_TDAYS":0.838834587077,"TOTAL_ASSETS_TDAYS":0.75186637167,"PREMIUM_EXPENSE":null,"LOAN_DEPOSIT":null,"LOAN_EQUITY":null,"LOAN_ASSETS":null,"DEPOSIT_EQUITY":null,"DEPOSIT_ASSETS":null,"EQUITY_MULTIPLIER":null,"EQUITY_RATIO":null},{"SECUCODE":"00518.HK","SECURITY_CODE":"00518","SECURITY_NAME_ABBR":"同得仕(集团)","ORG_CODE":"10008943","STD_REPORT_DATE":"2020-12-31 00:00:00","REPORT_DATE":"2021-03-31 00:00:00","DATE_TYPE_CODE":"001","REPORT_TYPE":"2020年年报","PER_NETCASH_OPERATE":-0.024825083618,"PER_OI":0.862623407119,"BPS":0.808736730405,"BASIC_EPS":0.47921706,"DILUTED_EPS":0.47921706,"OPERATE_INCOME":389101432.86,"OPERATE_INCOME_YOY":-35.0661641706,"GROSS_PROFIT":83240933.02,"GROSS_PROFIT_YOY":-35.642085212683,"HOLDER_PROFIT":216362699.28,"HOLDER_PROFIT_YOY":406.1933354065,"GROSS_PROFIT_RATIO":21.393119117593,"EPS_TTM":0.359440098171,"OPERATE_INCOME_QOQ":0,"NET_PROFIT_RATIO":55.454116952,"ROE_AVG":73.451153502398,"GROSS_PROFIT_QOQ":0,"ROA":45.638186923386,"HOLDER_PROFIT_QOQ":0,"ROE_YEARLY":73.451153502398,"ROIC_YEARLY":68.234848828128,"TOTAL_ASSETS":522584936.16,"TOTAL_LIABILITIES":166754859.18,"TAX_EBT":-0.139246812032,"OCF_SALES":-2.877858798333,"TOTAL_PARENT_EQUITY":364794901.24,"DEBT_ASSET_RATIO":31.9096184451,"OPERATE_PROFIT":219822866.2,"PRETAX_PROFIT":215472724.74,"NETCASH_OPERATE":-11197789.82,"NETCASH_INVEST":302529645.46,"NETCASH_FINANCE":-158819464.16,"END_CASH":235029344.76,"DIVI_RATIO":0.012610585249,"DIVIDEND_RATE":2.631578947368,"CURRENT_RATIO":2.966068857741,"COMMON_ACS":null,"CURRENTDEBT_DEBT":94.702510377545,"ISSUED_COMMON_SHARES":451067557,"HK_COMMON_SHARES":451067557,"PER_SHARES":2000,"TOTAL_MARKET_CAP":85702835.83,"HKSK_MARKET_CAP":85702835.83,"PE_TTM":-5.162199483797,"PB_TTM":0.223935585584,"REPORT_DATE_SQ":"2019-12-31 00:00:00","REPORT_TYPE_SQ":"2019年年报","OPERATE_INCOME_SQ":647807817.8,"DPS_HKD":0.005,"OPERATE_INCOME_QOQ_SQ":0,"NET_PROFIT_RATIO_SQ":-11.8964335382,"HOLDER_PROFIT_SQ":-76390802.2,"HOLDER_PROFIT_QOQ_SQ":0,"ROE_AVG_SQ":-26.957242304356,"PE_TTM_SQ":40.305181860917,"PB_TTM_SQ":0.259747622387,"ROA_SQ":-14.883927935626,"START_DATE":"2020-04-01 00:00:00","FISCAL_YEAR":"3-31","CURRENCY":"HKD","IS_CNY_CODE":0,"DPS_HKD_LY":0.0395,"ORG_TYPE":"一般企业","PREMIUM_INCOME":null,"PREMIUM_INCOME_YOY":null,"NET_INTEREST_INCOME":null,"NET_INTEREST_INCOME_YOY":null,"FEE_COMMISSION_INCOME":null,"FEE_COMMISSION_INCOME_YOY":null,"ACCOUNTS_RECE_TDAYS":5.364136323915,"INVENTORY_TDAYS":4.181549269736,"CURRENT_ASSETS_TDAYS":0.902143678065,"TOTAL_ASSETS_TDAYS":0.820746089049,"PREMIUM_EXPENSE":null,"LOAN_DEPOSIT":null,"LOAN_EQUITY":null,"LOAN_ASSETS":null,"DEPOSIT_EQUITY":null,"DEPOSIT_ASSETS":null,"EQUITY_MULTIPLIER":1.468636211406,"EQUITY_RATIO":0.457119489919},{"SECUCODE":"00518.HK","SECURITY_CODE":"00518","SECURITY_NAME_ABBR":"同得仕(集团)","ORG_CODE":"10008943","STD_REPORT_DATE":"2020-06-30 00:00:00","REPORT_DATE":"2020-09-30 00:00:00","DATE_TYPE_CODE":"002","REPORT_TYPE":"2020年中报","PER_NETCASH_OPERATE":-0.010040453608,"PER_OI":0.441702035157,"BPS":0.797053052344,"BASIC_EPS":0.46747904,"DILUTED_EPS":0.46747904,"OPERATE_INCOME":199237457.92,"OPERATE_INCOME_YOY":-42.5737659246,"GROSS_PROFIT":32727047.68,"GROSS_PROFIT_YOY":-56.771210021712,"HOLDER_PROFIT":211017578.24,"HOLDER_PROFIT_YOY":887.5315646214,"GROSS_PROFIT_RATIO":16.426152000565,"EPS_TTM":-0.169355567729,"OPERATE_INCOME_QOQ":0,"NET_PROFIT_RATIO":105.7533871992,"ROE_AVG":71.197591386628,"GROSS_PROFIT_QOQ":0,"ROA":38.592186007195,"HOLDER_PROFIT_QOQ":0,"ROE_YEARLY":142.395182773256,"ROIC_YEARLY":123.42682097889,"TOTAL_ASSETS":651107794.56,"TOTAL_LIABILITIES":300607475.84,"TAX_EBT":-0.00917588078,"OCF_SALES":-2.273128219603,"TOTAL_PARENT_EQUITY":359524773.12,"DEBT_ASSET_RATIO":46.1686188296,"OPERATE_PROFIT":213329490.56,"PRETAX_PROFIT":210681028.48,"NETCASH_OPERATE":-4528922.88,"NETCASH_INVEST":260924480.64,"NETCASH_FINANCE":-30328142.08,"END_CASH":327318806.4,"DIVI_RATIO":-0.02676469431,"DIVIDEND_RATE":2.631578947368,"CURRENT_RATIO":2.111695512646,"COMMON_ACS":null,"CURRENTDEBT_DEBT":96.370912343575,"ISSUED_COMMON_SHARES":451067557,"HK_COMMON_SHARES":451067557,"PER_SHARES":2000,"TOTAL_MARKET_CAP":85702835.83,"HKSK_MARKET_CAP":85702835.83,"PE_TTM":-5.162199483797,"PB_TTM":0.223935585584,"REPORT_DATE_SQ":"2019-06-30 00:00:00","REPORT_TYPE_SQ":"2019年中报","OPERATE_INCOME_SQ":356140608.3,"DPS_HKD":0.005,"OPERATE_INCOME_QOQ_SQ":0,"NET_PROFIT_RATIO_SQ":-7.8025985867,"HOLDER_PROFIT_SQ":-27504990.93,"HOLDER_PROFIT_QOQ_SQ":0,"ROE_AVG_SQ":-9.073515321395,"PE_TTM_SQ":40.305181860917,"PB_TTM_SQ":0.259747622387,"ROA_SQ":-4.968775078724,"START_DATE":"2020-04-01 00:00:00","FISCAL_YEAR":"3-31","CURRENCY":"HKD","IS_CNY_CODE":0,"DPS_HKD_LY":0.0395,"ORG_TYPE":"一般企业","PREMIUM_INCOME":null,"PREMIUM_INCOME_YOY":null,"NET_INTEREST_INCOME":null,"NET_INTEREST_INCOME_YOY":null,"FEE_COMMISSION_INCOME":null,"FEE_COMMISSION_INCOME_YOY":null,"ACCOUNTS_RECE_TDAYS":2.649465984248,"INVENTORY_TDAYS":2.189924765108,"CURRENT_ASSETS_TDAYS":0.390046533231,"TOTAL_ASSETS_TDAYS":0.364377655159,"PREMIUM_EXPENSE":null,"LOAN_DEPOSIT":null,"LOAN_EQUITY":null,"LOAN_ASSETS":null,"DEPOSIT_EQUITY":null,"DEPOSIT_ASSETS":null,"EQUITY_MULTIPLIER":1.857652503536,"EQUITY_RATIO":0.83612451301}],"count":48},"success":true,"message":"ok","code":0}