{"version":"2c6ffa0057e016b5d7fb24ed26d2c12a","result":{"pages":6,"data":[{"SECUCODE":"00512.HK","SECURITY_CODE":"00512","SECURITY_NAME_ABBR":"远大医药","ORG_CODE":"10008939","STD_REPORT_DATE":"2024-06-30 00:00:00","REPORT_DATE":"2024-06-30 00:00:00","DATE_TYPE_CODE":"002","REPORT_TYPE":"2024年中报","PER_NETCASH_OPERATE":0.05836406687,"PER_OI":1.554889625354,"BPS":4.04160132451,"BASIC_EPS":0.405321188,"DILUTED_EPS":0.405321188,"OPERATE_INCOME":5519191352.48,"OPERATE_INCOME_YOY":0.9641895815,"GROSS_PROFIT":3277715898.12,"GROSS_PROFIT_YOY":-8.100260806307,"HOLDER_PROFIT":1421905242.6,"HOLDER_PROFIT_YOY":51.3517215652,"GROSS_PROFIT_RATIO":59.387611133417,"EPS_TTM":0.613187660844,"OPERATE_INCOME_QOQ":-0.031386612357,"NET_PROFIT_RATIO":26.2550857946,"ROE_AVG":10.091556579746,"GROSS_PROFIT_QOQ":-4.886569076735,"ROA":6.571199818598,"HOLDER_PROFIT_QOQ":27.755104833676,"ROE_YEARLY":20.183113159492,"ROIC_YEARLY":13.832765286489,"TOTAL_ASSETS":22727595692.56,"TOTAL_LIABILITIES":8217820917.4,"TAX_EBT":13.32918823374,"OCF_SALES":3.753582628493,"TOTAL_PARENT_EQUITY":14345951453.2,"DEBT_ASSET_RATIO":36.1578982157,"OPERATE_PROFIT":1733349991.16,"PRETAX_PROFIT":1671922063.76,"NETCASH_OPERATE":207167407.84,"NETCASH_INVEST":-795323954.88,"NETCASH_FINANCE":167927643.92,"END_CASH":670366198.04,"DIVI_RATIO":0.384249741223,"DIVIDEND_RATE":5.61555075594,"CURRENT_RATIO":1.287918232692,"COMMON_ACS":100000000000,"CURRENTDEBT_DEBT":71.0727333407,"ISSUED_COMMON_SHARES":3549571148,"HK_COMMON_SHARES":3549571148,"PER_SHARES":500,"TOTAL_MARKET_CAP":16434514415.24,"HKSK_MARKET_CAP":16434514415.24,"PE_TTM":6.823295471016,"PB_TTM":1.045553002562,"REPORT_DATE_SQ":"2023-06-30 00:00:00","REPORT_TYPE_SQ":"2023年中报","OPERATE_INCOME_SQ":5522186302.28,"DPS_HKD":0.26,"OPERATE_INCOME_QOQ_SQ":12.461674696327,"NET_PROFIT_RATIO_SQ":17.6437677624,"HOLDER_PROFIT_SQ":949043800.92,"HOLDER_PROFIT_QOQ_SQ":18.385497445174,"ROE_AVG_SQ":7.2003290447,"PE_TTM_SQ":5.224393211884,"PB_TTM_SQ":0.867035745608,"ROA_SQ":4.59325232058,"START_DATE":"2024-01-01 00:00:00","FISCAL_YEAR":"12-31","CURRENCY":"HKD","IS_CNY_CODE":0,"DPS_HKD_LY":0.26,"ORG_TYPE":"一般企业","PREMIUM_INCOME":null,"PREMIUM_INCOME_YOY":null,"NET_INTEREST_INCOME":null,"NET_INTEREST_INCOME_YOY":null,"FEE_COMMISSION_INCOME":null,"FEE_COMMISSION_INCOME_YOY":null,"ACCOUNTS_RECE_TDAYS":1.594017671897,"INVENTORY_TDAYS":1.831311510799,"CURRENT_ASSETS_TDAYS":0.792659891461,"TOTAL_ASSETS_TDAYS":0.255064178172,"PREMIUM_EXPENSE":null,"LOAN_DEPOSIT":null,"LOAN_EQUITY":null,"LOAN_ASSETS":null,"DEPOSIT_EQUITY":null,"DEPOSIT_ASSETS":null,"EQUITY_MULTIPLIER":1.566364471174,"EQUITY_RATIO":0.572832059568},{"SECUCODE":"00512.HK","SECURITY_CODE":"00512","SECURITY_NAME_ABBR":"远大医药","ORG_CODE":"10008939","STD_REPORT_DATE":"2023-12-31 00:00:00","REPORT_DATE":"2023-12-31 00:00:00","DATE_TYPE_CODE":"001","REPORT_TYPE":"2023年年报","PER_NETCASH_OPERATE":0.619085589576,"PER_OI":2.6882472986,"BPS":3.869827264541,"BASIC_EPS":0.48573392,"DILUTED_EPS":0.48573392,"OPERATE_INCOME":9542125049.8,"OPERATE_INCOME_YOY":10.1158352841,"GROSS_PROFIT":5912239090.52,"GROSS_PROFIT_YOY":11.210126404918,"HOLDER_PROFIT":1703691787.56,"HOLDER_PROFIT_YOY":-9.5902268855,"GROSS_PROFIT_RATIO":61.95935454277,"EPS_TTM":0.479971161733,"OPERATE_INCOME_QOQ":-0.66641147417,"NET_PROFIT_RATIO":18.0010997579,"ROE_AVG":12.833602338667,"GROSS_PROFIT_QOQ":-2.996937293144,"ROA":8.376695589244,"HOLDER_PROFIT_QOQ":-22.523896611732,"ROE_YEARLY":12.833602338667,"ROIC_YEARLY":8.969125541532,"TOTAL_ASSETS":20403838727.72,"TOTAL_LIABILITIES":6565391718.2,"TAX_EBT":19.143229003365,"OCF_SALES":23.029339224034,"TOTAL_PARENT_EQUITY":13736227205.96,"DEBT_ASSET_RATIO":32.1772378512,"OPERATE_PROFIT":2332927457,"PRETAX_PROFIT":2124358205.34,"NETCASH_OPERATE":2197488346.9,"NETCASH_INVEST":-467380246.34,"NETCASH_FINANCE":-1712211161.78,"END_CASH":1214070183.76,"DIVI_RATIO":0.490898659722,"DIVIDEND_RATE":5.567451820128,"CURRENT_RATIO":1.224151116029,"COMMON_ACS":100000000000,"CURRENTDEBT_DEBT":79.110935966575,"ISSUED_COMMON_SHARES":3549571148,"HK_COMMON_SHARES":3549571148,"PER_SHARES":500,"TOTAL_MARKET_CAP":16576497261.16,"HKSK_MARKET_CAP":16576497261.16,"PE_TTM":6.882244028001,"PB_TTM":1.054585857876,"REPORT_DATE_SQ":"2022-12-31 00:00:00","REPORT_TYPE_SQ":"2022年年报","OPERATE_INCOME_SQ":8541702321.95,"DPS_HKD":0.26,"OPERATE_INCOME_QOQ_SQ":11.108204124543,"NET_PROFIT_RATIO_SQ":21.9429874763,"HOLDER_PROFIT_SQ":1857482610.13,"HOLDER_PROFIT_QOQ_SQ":18.216126779032,"ROE_AVG_SQ":15.104938374064,"PE_TTM_SQ":5.993992211935,"PB_TTM_SQ":0.994757725131,"ROA_SQ":9.576377649204,"START_DATE":"2023-01-01 00:00:00","FISCAL_YEAR":"12-31","CURRENCY":"HKD","IS_CNY_CODE":0,"DPS_HKD_LY":0.14,"ORG_TYPE":"一般企业","PREMIUM_INCOME":null,"PREMIUM_INCOME_YOY":null,"NET_INTEREST_INCOME":null,"NET_INTEREST_INCOME_YOY":null,"FEE_COMMISSION_INCOME":null,"FEE_COMMISSION_INCOME_YOY":null,"ACCOUNTS_RECE_TDAYS":3.471993719173,"INVENTORY_TDAYS":2.935401403019,"CURRENT_ASSETS_TDAYS":1.514714920775,"TOTAL_ASSETS_TDAYS":0.469166297568,"PREMIUM_EXPENSE":null,"LOAN_DEPOSIT":null,"LOAN_EQUITY":null,"LOAN_ASSETS":null,"DEPOSIT_EQUITY":null,"DEPOSIT_ASSETS":null,"EQUITY_MULTIPLIER":1.474431250391,"EQUITY_RATIO":0.477961788179},{"SECUCODE":"00512.HK","SECURITY_CODE":"00512","SECURITY_NAME_ABBR":"远大医药","ORG_CODE":"10008939","STD_REPORT_DATE":"2023-06-30 00:00:00","REPORT_DATE":"2023-06-30 00:00:00","DATE_TYPE_CODE":"002","REPORT_TYPE":"2023年中报","PER_NETCASH_OPERATE":0.194585180114,"PER_OI":1.555733375113,"BPS":3.753696910982,"BASIC_EPS":0.268480576,"DILUTED_EPS":0.268480576,"OPERATE_INCOME":5522186302.28,"OPERATE_INCOME_YOY":14.9044206699,"GROSS_PROFIT":3566621545.26,"GROSS_PROFIT_YOY":27.927611787864,"HOLDER_PROFIT":949043800.92,"HOLDER_PROFIT_YOY":44.8955604573,"GROSS_PROFIT_RATIO":64.58712817761,"EPS_TTM":0.619508649432,"OPERATE_INCOME_QOQ":12.461674696327,"NET_PROFIT_RATIO":17.6437677624,"ROE_AVG":7.2003290447,"GROSS_PROFIT_QOQ":14.64599498368,"ROA":4.59325232058,"HOLDER_PROFIT_QOQ":18.385497445174,"ROE_YEARLY":14.4006580894,"ROIC_YEARLY":9.689645444228,"TOTAL_ASSETS":20697719869.86,"TOTAL_LIABILITIES":7261803059.74,"TAX_EBT":20.285630879454,"OCF_SALES":12.507617515092,"TOTAL_PARENT_EQUITY":13324014253.56,"DEBT_ASSET_RATIO":35.0850388613,"OPERATE_PROFIT":1332944287.18,"PRETAX_PROFIT":1222266120.06,"NETCASH_OPERATE":690693941.16,"NETCASH_INVEST":-530633603.26,"NETCASH_FINANCE":-609094101.26,"END_CASH":639496391.76,"DIVI_RATIO":0.380329153138,"DIVIDEND_RATE":5.990783410138,"CURRENT_RATIO":1.077806393447,"COMMON_ACS":100000000000,"CURRENTDEBT_DEBT":82.465945677883,"ISSUED_COMMON_SHARES":3549571148,"HK_COMMON_SHARES":3549571148,"PER_SHARES":500,"TOTAL_MARKET_CAP":15405138782.32,"HKSK_MARKET_CAP":15405138782.32,"PE_TTM":6.395918432875,"PB_TTM":0.980064801538,"REPORT_DATE_SQ":"2022-06-30 00:00:00","REPORT_TYPE_SQ":"2022年中报","OPERATE_INCOME_SQ":4457747145.39,"DPS_HKD":0.26,"OPERATE_INCOME_QOQ_SQ":9.36069042582,"NET_PROFIT_RATIO_SQ":13.3892020095,"HOLDER_PROFIT_SQ":607536383.09,"HOLDER_PROFIT_QOQ_SQ":-20.010614000972,"ROE_AVG_SQ":5.266817170952,"PE_TTM_SQ":5.105993365722,"PB_TTM_SQ":0.847386210297,"ROA_SQ":3.325068453857,"START_DATE":"2023-01-01 00:00:00","FISCAL_YEAR":"12-31","CURRENCY":"HKD","IS_CNY_CODE":0,"DPS_HKD_LY":0.14,"ORG_TYPE":"一般企业","PREMIUM_INCOME":null,"PREMIUM_INCOME_YOY":null,"NET_INTEREST_INCOME":null,"NET_INTEREST_INCOME_YOY":null,"FEE_COMMISSION_INCOME":null,"FEE_COMMISSION_INCOME_YOY":null,"ACCOUNTS_RECE_TDAYS":1.829184687769,"INVENTORY_TDAYS":1.732863349602,"CURRENT_ASSETS_TDAYS":0.862567893447,"TOTAL_ASSETS_TDAYS":0.267266853469,"PREMIUM_EXPENSE":null,"LOAN_DEPOSIT":null,"LOAN_EQUITY":null,"LOAN_ASSETS":null,"DEPOSIT_EQUITY":null,"DEPOSIT_ASSETS":null,"EQUITY_MULTIPLIER":1.540476929291,"EQUITY_RATIO":0.54501615816},{"SECUCODE":"00512.HK","SECURITY_CODE":"00512","SECURITY_NAME_ABBR":"远大医药","ORG_CODE":"10008939","STD_REPORT_DATE":"2022-12-31 00:00:00","REPORT_DATE":"2022-12-31 00:00:00","DATE_TYPE_CODE":"001","REPORT_TYPE":"2022年年报","PER_NETCASH_OPERATE":0.463720016275,"PER_OI":2.406404031868,"BPS":3.558497406758,"BASIC_EPS":0.52434949,"DILUTED_EPS":0.52434949,"OPERATE_INCOME":8541702321.95,"OPERATE_INCOME_YOY":11.215547847,"GROSS_PROFIT":5316277646.33,"GROSS_PROFIT_YOY":23.91846022919,"HOLDER_PROFIT":1857482610.13,"HOLDER_PROFIT_YOY":-13.4499698863,"GROSS_PROFIT_RATIO":62.239088251396,"EPS_TTM":0.523297754202,"OPERATE_INCOME_QOQ":11.108204124543,"NET_PROFIT_RATIO":21.9429874763,"ROE_AVG":15.104938374064,"GROSS_PROFIT_QOQ":13.812931535007,"ROA":9.576377649204,"HOLDER_PROFIT_QOQ":18.216126779032,"ROE_YEARLY":15.104938374064,"ROIC_YEARLY":10.367892793159,"TOTAL_ASSETS":19983397659.47,"TOTAL_LIABILITIES":7291227941.27,"TAX_EBT":16.633285562795,"OCF_SALES":19.270247644784,"TOTAL_PARENT_EQUITY":12631139725.26,"DEBT_ASSET_RATIO":36.4864277112,"OPERATE_PROFIT":2410196102.44,"PRETAX_PROFIT":2248265010.11,"NETCASH_OPERATE":1646007190.52,"NETCASH_INVEST":-2108211886.62,"NETCASH_FINANCE":292099290,"END_CASH":1289894385.78,"DIVI_RATIO":0.450254559871,"DIVIDEND_RATE":5.567451820128,"CURRENT_RATIO":1.066978423608,"COMMON_ACS":100000000000,"CURRENTDEBT_DEBT":79.077234749922,"ISSUED_COMMON_SHARES":3549571148,"HK_COMMON_SHARES":3549571148,"PER_SHARES":500,"TOTAL_MARKET_CAP":16576497261.16,"HKSK_MARKET_CAP":16576497261.16,"PE_TTM":6.882244028001,"PB_TTM":1.054585857876,"REPORT_DATE_SQ":"2021-12-31 00:00:00","REPORT_TYPE_SQ":"2021年年报","OPERATE_INCOME_SQ":7029704360,"DPS_HKD":0.26,"OPERATE_INCOME_QOQ_SQ":13.885155363098,"NET_PROFIT_RATIO_SQ":27.9720748199,"HOLDER_PROFIT_SQ":1964335508.8,"HOLDER_PROFIT_QOQ_SQ":6.004254929926,"ROE_AVG_SQ":19.507549792172,"PE_TTM_SQ":5.993992211935,"PB_TTM_SQ":0.994757725131,"ROA_SQ":12.631315245571,"START_DATE":"2022-01-01 00:00:00","FISCAL_YEAR":"12-31","CURRENCY":"HKD","IS_CNY_CODE":0,"DPS_HKD_LY":0.11,"ORG_TYPE":"一般企业","PREMIUM_INCOME":null,"PREMIUM_INCOME_YOY":null,"NET_INTEREST_INCOME":null,"NET_INTEREST_INCOME_YOY":null,"FEE_COMMISSION_INCOME":null,"FEE_COMMISSION_INCOME_YOY":null,"ACCOUNTS_RECE_TDAYS":3.379595513846,"INVENTORY_TDAYS":2.938455140782,"CURRENT_ASSETS_TDAYS":1.399477326457,"TOTAL_ASSETS_TDAYS":0.440373259787,"PREMIUM_EXPENSE":null,"LOAN_DEPOSIT":null,"LOAN_EQUITY":null,"LOAN_ASSETS":null,"DEPOSIT_EQUITY":null,"DEPOSIT_ASSETS":null,"EQUITY_MULTIPLIER":1.574466628098,"EQUITY_RATIO":0.577242283742},{"SECUCODE":"00512.HK","SECURITY_CODE":"00512","SECURITY_NAME_ABBR":"远大医药","ORG_CODE":"10008939","STD_REPORT_DATE":"2022-06-30 00:00:00","REPORT_DATE":"2022-06-30 00:00:00","DATE_TYPE_CODE":"002","REPORT_TYPE":"2022年中报","PER_NETCASH_OPERATE":0.189840905823,"PER_OI":1.255855132782,"BPS":3.272817482595,"BASIC_EPS":0.172406304,"DILUTED_EPS":0.172406304,"OPERATE_INCOME":4457747145.39,"OPERATE_INCOME_YOY":14.1475255829,"GROSS_PROFIT":2787999787.86,"GROSS_PROFIT_YOY":15.825208044562,"HOLDER_PROFIT":607536383.09,"HOLDER_PROFIT_YOY":-40.9242746413,"GROSS_PROFIT_RATIO":62.54279789609,"EPS_TTM":0.442661901096,"OPERATE_INCOME_QOQ":9.36069042582,"NET_PROFIT_RATIO":13.3892020095,"ROE_AVG":5.266817170952,"GROSS_PROFIT_QOQ":8.879068975633,"ROA":3.325068453857,"HOLDER_PROFIT_QOQ":-20.010614000972,"ROE_YEARLY":10.533634341904,"ROIC_YEARLY":7.130688393115,"TOTAL_ASSETS":18535028025.01,"TOTAL_LIABILITIES":6882245858.18,"TAX_EBT":23.782570710932,"OCF_SALES":15.116465336462,"TOTAL_PARENT_EQUITY":11617098508.89,"DEBT_ASSET_RATIO":37.1310248298,"OPERATE_PROFIT":878532411.05,"PRETAX_PROFIT":783097483,"NETCASH_OPERATE":673853802.02,"NETCASH_INVEST":-840411461.61,"NETCASH_FINANCE":-452511815.84,"END_CASH":885023303.15,"DIVI_RATIO":0.532273501326,"DIVIDEND_RATE":5.990783410138,"CURRENT_RATIO":1.132076846902,"COMMON_ACS":100000000000,"CURRENTDEBT_DEBT":73.820552207845,"ISSUED_COMMON_SHARES":3549571148,"HK_COMMON_SHARES":3549571148,"PER_SHARES":500,"TOTAL_MARKET_CAP":15405138782.32,"HKSK_MARKET_CAP":15405138782.32,"PE_TTM":6.395918432875,"PB_TTM":0.980064801538,"REPORT_DATE_SQ":"2021-06-30 00:00:00","REPORT_TYPE_SQ":"2021年中报","OPERATE_INCOME_SQ":3799718282.4,"DPS_HKD":0.26,"OPERATE_INCOME_QOQ_SQ":15.443705009675,"NET_PROFIT_RATIO_SQ":26.3709424881,"HOLDER_PROFIT_SQ":1000611979.44,"HOLDER_PROFIT_QOQ_SQ":22.819643215112,"ROE_AVG_SQ":10.285667462705,"PE_TTM_SQ":5.105993365722,"PB_TTM_SQ":0.847386210297,"ROA_SQ":6.69808480614,"START_DATE":"2022-01-01 00:00:00","FISCAL_YEAR":"12-31","CURRENCY":"HKD","IS_CNY_CODE":0,"DPS_HKD_LY":0.11,"ORG_TYPE":"一般企业","PREMIUM_INCOME":null,"PREMIUM_INCOME_YOY":null,"NET_INTEREST_INCOME":null,"NET_INTEREST_INCOME_YOY":null,"FEE_COMMISSION_INCOME":null,"FEE_COMMISSION_INCOME_YOY":null,"ACCOUNTS_RECE_TDAYS":1.629073342789,"INVENTORY_TDAYS":1.754052764774,"CURRENT_ASSETS_TDAYS":0.772003764802,"TOTAL_ASSETS_TDAYS":0.243974102967,"PREMIUM_EXPENSE":null,"LOAN_DEPOSIT":null,"LOAN_EQUITY":null,"LOAN_ASSETS":null,"DEPOSIT_EQUITY":null,"DEPOSIT_ASSETS":null,"EQUITY_MULTIPLIER":1.590609672406,"EQUITY_RATIO":0.59242381847},{"SECUCODE":"00512.HK","SECURITY_CODE":"00512","SECURITY_NAME_ABBR":"远大医药","ORG_CODE":"10008939","STD_REPORT_DATE":"2021-12-31 00:00:00","REPORT_DATE":"2021-12-31 00:00:00","DATE_TYPE_CODE":"001","REPORT_TYPE":"2021年年报","PER_NETCASH_OPERATE":0.461982535813,"PER_OI":1.980437654831,"BPS":3.084827616928,"BASIC_EPS":0.55367872,"DILUTED_EPS":0.55367872,"OPERATE_INCOME":7029704360,"OPERATE_INCOME_YOY":35.3389678036,"GROSS_PROFIT":4290141788.8,"GROSS_PROFIT_YOY":26.322542743054,"HOLDER_PROFIT":1964335508.8,"HOLDER_PROFIT_YOY":34.0221603527,"GROSS_PROFIT_RATIO":61.028765494201,"EPS_TTM":0.553400798828,"OPERATE_INCOME_QOQ":13.885155363098,"NET_PROFIT_RATIO":27.9720748199,"ROE_AVG":19.507549792172,"GROSS_PROFIT_QOQ":8.906190683462,"ROA":12.631315245571,"HOLDER_PROFIT_QOQ":6.004254929926,"ROE_YEARLY":19.507549792172,"ROIC_YEARLY":14.010386482924,"TOTAL_ASSETS":17216227728,"TOTAL_LIABILITIES":6225343756.8,"TAX_EBT":13.669165979858,"OCF_SALES":23.327295089832,"TOTAL_PARENT_EQUITY":10949815105.6,"DEBT_ASSET_RATIO":36.1597433256,"OPERATE_PROFIT":2260610038.4,"PRETAX_PROFIT":2277696243.2,"NETCASH_OPERATE":1639839880,"NETCASH_INVEST":-1446317230.4,"NETCASH_FINANCE":-272400609.6,"END_CASH":1433138336,"DIVI_RATIO":0.425762305546,"DIVIDEND_RATE":5.567451820128,"CURRENT_RATIO":1.217829100137,"COMMON_ACS":100000000000,"CURRENTDEBT_DEBT":73.102208934712,"ISSUED_COMMON_SHARES":3549571148,"HK_COMMON_SHARES":3549571148,"PER_SHARES":500,"TOTAL_MARKET_CAP":16576497261.16,"HKSK_MARKET_CAP":16576497261.16,"PE_TTM":6.882244028001,"PB_TTM":1.054585857876,"REPORT_DATE_SQ":"2020-12-31 00:00:00","REPORT_TYPE_SQ":"2020年年报","OPERATE_INCOME_SQ":5346870747.16,"DPS_HKD":0.26,"OPERATE_INCOME_QOQ_SQ":-6.561315227434,"NET_PROFIT_RATIO_SQ":28.0376469462,"HOLDER_PROFIT_SQ":1508775204.04,"HOLDER_PROFIT_QOQ_SQ":25.087601047325,"ROE_AVG_SQ":18.278683957106,"PE_TTM_SQ":5.993992211935,"PB_TTM_SQ":0.994757725131,"ROA_SQ":11.641543322848,"START_DATE":"2021-01-01 00:00:00","FISCAL_YEAR":"12-31","CURRENCY":"HKD","IS_CNY_CODE":0,"DPS_HKD_LY":0.11,"ORG_TYPE":"一般企业","PREMIUM_INCOME":null,"PREMIUM_INCOME_YOY":null,"NET_INTEREST_INCOME":null,"NET_INTEREST_INCOME_YOY":null,"FEE_COMMISSION_INCOME":null,"FEE_COMMISSION_INCOME_YOY":null,"ACCOUNTS_RECE_TDAYS":3.77467561973,"INVENTORY_TDAYS":3.233568640318,"CURRENT_ASSETS_TDAYS":1.421441057431,"TOTAL_ASSETS_TDAYS":0.452032819529,"PREMIUM_EXPENSE":null,"LOAN_DEPOSIT":null,"LOAN_EQUITY":null,"LOAN_ASSETS":null,"DEPOSIT_EQUITY":null,"DEPOSIT_ASSETS":null,"EQUITY_MULTIPLIER":1.566409742211,"EQUITY_RATIO":0.568534143889},{"SECUCODE":"00512.HK","SECURITY_CODE":"00512","SECURITY_NAME_ABBR":"远大医药","ORG_CODE":"10008939","STD_REPORT_DATE":"2021-06-30 00:00:00","REPORT_DATE":"2021-06-30 00:00:00","DATE_TYPE_CODE":"002","REPORT_TYPE":"2021年中报","PER_NETCASH_OPERATE":0.22931308832,"PER_OI":1.070472494837,"BPS":2.846616029188,"BASIC_EPS":0.281908704,"DILUTED_EPS":0.281908704,"OPERATE_INCOME":3799718282.4,"OPERATE_INCOME_YOY":40.2589975256,"GROSS_PROFIT":2407075139.28,"GROSS_PROFIT_YOY":29.13800727932,"HOLDER_PROFIT":1000611979.44,"HOLDER_PROFIT_YOY":67.3664491329,"GROSS_PROFIT_RATIO":63.348779051052,"EPS_TTM":0.522055269568,"OPERATE_INCOME_QOQ":15.443705009675,"NET_PROFIT_RATIO":26.3709424881,"ROE_AVG":10.285667462705,"GROSS_PROFIT_QOQ":15.992067990159,"ROA":6.69808480614,"HOLDER_PROFIT_QOQ":22.819643215112,"ROE_YEARLY":20.571334925409,"ROIC_YEARLY":15.257567554271,"TOTAL_ASSETS":15745221018,"TOTAL_LIABILITIES":5556348996.96,"TAX_EBT":14.504350616527,"OCF_SALES":21.421670283563,"TOTAL_PARENT_EQUITY":10104266126.64,"DEBT_ASSET_RATIO":35.289114015,"OPERATE_PROFIT":1172399055.84,"PRETAX_PROFIT":1172014634.88,"NETCASH_OPERATE":813963122.16,"NETCASH_INVEST":-505411216.56,"NETCASH_FINANCE":45825973.92,"END_CASH":1945006137.84,"DIVI_RATIO":0.451326159767,"DIVIDEND_RATE":5.567451820128,"CURRENT_RATIO":1.526649187352,"COMMON_ACS":100000000000,"CURRENTDEBT_DEBT":66.380538577724,"ISSUED_COMMON_SHARES":3549571148,"HK_COMMON_SHARES":3549571148,"PER_SHARES":500,"TOTAL_MARKET_CAP":16576497261.16,"HKSK_MARKET_CAP":16576497261.16,"PE_TTM":6.882244028001,"PB_TTM":1.054585857876,"REPORT_DATE_SQ":"2020-06-30 00:00:00","REPORT_TYPE_SQ":"2020年中报","OPERATE_INCOME_SQ":2973963336.96,"DPS_HKD":0.26,"OPERATE_INCOME_QOQ_SQ":-3.073094662166,"NET_PROFIT_RATIO_SQ":21.678833731,"HOLDER_PROFIT_SQ":656314860.96,"HOLDER_PROFIT_QOQ_SQ":16.991203889515,"ROE_AVG_SQ":8.405217416328,"PE_TTM_SQ":5.993992211935,"PB_TTM_SQ":0.994757725131,"ROA_SQ":4.971376198421,"START_DATE":"2021-01-01 00:00:00","FISCAL_YEAR":"12-31","CURRENCY":"HKD","IS_CNY_CODE":0,"DPS_HKD_LY":0.11,"ORG_TYPE":"一般企业","PREMIUM_INCOME":null,"PREMIUM_INCOME_YOY":null,"NET_INTEREST_INCOME":null,"NET_INTEREST_INCOME_YOY":null,"FEE_COMMISSION_INCOME":null,"FEE_COMMISSION_INCOME_YOY":null,"ACCOUNTS_RECE_TDAYS":1.983849102473,"INVENTORY_TDAYS":1.875522405956,"CURRENT_ASSETS_TDAYS":0.755667239529,"TOTAL_ASSETS_TDAYS":0.25435269433,"PREMIUM_EXPENSE":null,"LOAN_DEPOSIT":null,"LOAN_EQUITY":null,"LOAN_ASSETS":null,"DEPOSIT_EQUITY":null,"DEPOSIT_ASSETS":null,"EQUITY_MULTIPLIER":1.545335046458,"EQUITY_RATIO":0.549901291922},{"SECUCODE":"00512.HK","SECURITY_CODE":"00512","SECURITY_NAME_ABBR":"远大医药","ORG_CODE":"10008939","STD_REPORT_DATE":"2020-12-31 00:00:00","REPORT_DATE":"2020-12-31 00:00:00","DATE_TYPE_CODE":"001","REPORT_TYPE":"2020年年报","PER_NETCASH_OPERATE":0.345219842158,"PER_OI":1.506342745143,"BPS":2.665002545981,"BASIC_EPS":0.437905292,"DILUTED_EPS":0.437905292,"OPERATE_INCOME":5346870747.16,"OPERATE_INCOME_YOY":-3.6068755135,"GROSS_PROFIT":3396180678.16,"GROSS_PROFIT_YOY":-6.187361858048,"HOLDER_PROFIT":1508775204.04,"HOLDER_PROFIT_YOY":55.7551687826,"GROSS_PROFIT_RATIO":63.517164314546,"EPS_TTM":0.425058448227,"OPERATE_INCOME_QOQ":-6.561315227434,"NET_PROFIT_RATIO":28.0376469462,"ROE_AVG":18.278683957106,"GROSS_PROFIT_QOQ":-2.551991989921,"ROA":11.641543322848,"HOLDER_PROFIT_QOQ":25.087601047325,"ROE_YEARLY":18.278683957106,"ROIC_YEARLY":12.96153611029,"TOTAL_ASSETS":14294704125.8,"TOTAL_LIABILITIES":4746964063.04,"TAX_EBT":14.099941984478,"OCF_SALES":22.917748518437,"TOTAL_PARENT_EQUITY":9459616146.56,"DEBT_ASSET_RATIO":33.2078511123,"OPERATE_PROFIT":1805174721.2,"PRETAX_PROFIT":1745210396.12,"NETCASH_OPERATE":1225382391.44,"NETCASH_INVEST":-1273538507.32,"NETCASH_FINANCE":651655761.16,"END_CASH":1545835979.8,"DIVI_RATIO":0.554317179162,"DIVIDEND_RATE":5.567451820128,"CURRENT_RATIO":1.236125548958,"COMMON_ACS":100000000000,"CURRENTDEBT_DEBT":76.291192269123,"ISSUED_COMMON_SHARES":3549571148,"HK_COMMON_SHARES":3549571148,"PER_SHARES":500,"TOTAL_MARKET_CAP":16576497261.16,"HKSK_MARKET_CAP":16576497261.16,"PE_TTM":6.882244028001,"PB_TTM":1.054585857876,"REPORT_DATE_SQ":"2019-12-31 00:00:00","REPORT_TYPE_SQ":"2019年年报","OPERATE_INCOME_SQ":5903759020.3,"DPS_HKD":0.26,"OPERATE_INCOME_QOQ_SQ":4.53069948001,"NET_PROFIT_RATIO_SQ":17.0770798261,"HOLDER_PROFIT_SQ":1030996199.44,"HOLDER_PROFIT_QOQ_SQ":22.791223951418,"ROE_AVG_SQ":14.78775908817,"PE_TTM_SQ":5.993992211935,"PB_TTM_SQ":0.994757725131,"ROA_SQ":8.428776513307,"START_DATE":"2020-01-01 00:00:00","FISCAL_YEAR":"12-31","CURRENCY":"HKD","IS_CNY_CODE":0,"DPS_HKD_LY":0.096,"ORG_TYPE":"一般企业","PREMIUM_INCOME":null,"PREMIUM_INCOME_YOY":null,"NET_INTEREST_INCOME":null,"NET_INTEREST_INCOME_YOY":null,"FEE_COMMISSION_INCOME":null,"FEE_COMMISSION_INCOME_YOY":null,"ACCOUNTS_RECE_TDAYS":3.536307030845,"INVENTORY_TDAYS":2.61936150291,"CURRENT_ASSETS_TDAYS":1.390853549004,"TOTAL_ASSETS_TDAYS":0.412558658693,"PREMIUM_EXPENSE":null,"LOAN_DEPOSIT":null,"LOAN_EQUITY":null,"LOAN_ASSETS":null,"DEPOSIT_EQUITY":null,"DEPOSIT_ASSETS":null,"EQUITY_MULTIPLIER":1.497181954246,"EQUITY_RATIO":0.501813603163},{"SECUCODE":"00512.HK","SECURITY_CODE":"00512","SECURITY_NAME_ABBR":"远大医药","ORG_CODE":"10008939","STD_REPORT_DATE":"2020-06-30 00:00:00","REPORT_DATE":"2020-06-30 00:00:00","DATE_TYPE_CODE":"002","REPORT_TYPE":"2020年中报","PER_NETCASH_OPERATE":0.118670597266,"PER_OI":0.880503535424,"BPS":2.244367034234,"BASIC_EPS":0.194288688,"DILUTED_EPS":0.194288688,"OPERATE_INCOME":2973963336.96,"OPERATE_INCOME_YOY":-9.235256302,"GROSS_PROFIT":1863955616.16,"GROSS_PROFIT_YOY":-6.756011067506,"HOLDER_PROFIT":656314860.96,"HOLDER_PROFIT_YOY":31.3648056429,"GROSS_PROFIT_RATIO":62.675810188882,"EPS_TTM":0.357113088941,"OPERATE_INCOME_QOQ":-3.073094662166,"NET_PROFIT_RATIO":21.678833731,"ROE_AVG":8.405217416328,"GROSS_PROFIT_QOQ":-3.730573813014,"ROA":4.971376198421,"HOLDER_PROFIT_QOQ":16.991203889515,"ROE_YEARLY":16.810434832656,"ROIC_YEARLY":10.995309836031,"TOTAL_ASSETS":13786122430.08,"TOTAL_LIABILITIES":5658791856.96,"TAX_EBT":18.994721807463,"OCF_SALES":13.477583279481,"TOTAL_PARENT_EQUITY":7966540470.24,"DEBT_ASSET_RATIO":41.0470158354,"OPERATE_PROFIT":797687056.32,"PRETAX_PROFIT":795899454.24,"NETCASH_OPERATE":400818385.44,"NETCASH_INVEST":-724713248.16,"NETCASH_FINANCE":646896381.12,"END_CASH":1275215219.52,"DIVI_RATIO":0.659783153563,"DIVIDEND_RATE":5.567451820128,"CURRENT_RATIO":0.992853373947,"COMMON_ACS":100000000000,"CURRENTDEBT_DEBT":71.09655895351,"ISSUED_COMMON_SHARES":3549571148,"HK_COMMON_SHARES":3549571148,"PER_SHARES":500,"TOTAL_MARKET_CAP":16576497261.16,"HKSK_MARKET_CAP":16576497261.16,"PE_TTM":6.882244028001,"PB_TTM":1.054585857876,"REPORT_DATE_SQ":"2019-06-30 00:00:00","REPORT_TYPE_SQ":"2019年中报","OPERATE_INCOME_SQ":3155391440.28,"DPS_HKD":0.26,"OPERATE_INCOME_QOQ_SQ":8.182033781132,"NET_PROFIT_RATIO_SQ":15.4877339591,"HOLDER_PROFIT_SQ":481136194.62,"HOLDER_PROFIT_QOQ_SQ":34.462083965095,"ROE_AVG_SQ":7.240217260658,"PE_TTM_SQ":5.993992211935,"PB_TTM_SQ":0.994757725131,"ROA_SQ":4.009902525316,"START_DATE":"2020-01-01 00:00:00","FISCAL_YEAR":"12-31","CURRENCY":"HKD","IS_CNY_CODE":0,"DPS_HKD_LY":0.096,"ORG_TYPE":"一般企业","PREMIUM_INCOME":null,"PREMIUM_INCOME_YOY":null,"NET_INTEREST_INCOME":null,"NET_INTEREST_INCOME_YOY":null,"FEE_COMMISSION_INCOME":null,"FEE_COMMISSION_INCOME_YOY":null,"ACCOUNTS_RECE_TDAYS":1.742751058312,"INVENTORY_TDAYS":1.4954690866,"CURRENT_ASSETS_TDAYS":0.795131013608,"TOTAL_ASSETS_TDAYS":0.225268258084,"PREMIUM_EXPENSE":null,"LOAN_DEPOSIT":null,"LOAN_EQUITY":null,"LOAN_ASSETS":null,"DEPOSIT_EQUITY":null,"DEPOSIT_ASSETS":null,"EQUITY_MULTIPLIER":1.69626697303,"EQUITY_RATIO":0.710319853153}],"count":48},"success":true,"message":"ok","code":0}