{"version":"1bf90ed74d7b5873ce6e45779c721405","result":{"pages":6,"data":[{"SECUCODE":"00510.HK","SECURITY_CODE":"00510","SECURITY_NAME_ABBR":"时富金融服务集团","ORG_CODE":"10010727","STD_REPORT_DATE":"2024-06-30 00:00:00","REPORT_DATE":"2024-06-30 00:00:00","DATE_TYPE_CODE":"002","REPORT_TYPE":"2024年中报","PER_NETCASH_OPERATE":0.021097434273,"PER_OI":0.068802147447,"BPS":0.479851797176,"BASIC_EPS":-0.042530888,"DILUTED_EPS":-0.042530888,"OPERATE_INCOME":29665750.72,"OPERATE_INCOME_YOY":-36.0786627335,"GROSS_PROFIT":null,"GROSS_PROFIT_YOY":null,"HOLDER_PROFIT":-18341217.28,"HOLDER_PROFIT_YOY":22.5468280274,"GROSS_PROFIT_RATIO":null,"EPS_TTM":-0.187242539388,"OPERATE_INCOME_QOQ":-28.327403769218,"NET_PROFIT_RATIO":-59.2727048979,"ROE_AVG":-8.410286027567,"GROSS_PROFIT_QOQ":null,"ROA":-2.380721087436,"HOLDER_PROFIT_QOQ":6.465264260344,"ROE_YEARLY":-16.820572055134,"ROIC_YEARLY":-5.771101559297,"TOTAL_ASSETS":747603568.4,"TOTAL_LIABILITIES":535682923.12,"TAX_EBT":null,"OCF_SALES":30.66391828698,"TOTAL_PARENT_EQUITY":206899992.6,"DEBT_ASSET_RATIO":71.6533395188,"OPERATE_PROFIT":-13028507,"PRETAX_PROFIT":-17583692.88,"NETCASH_OPERATE":9096681.56,"NETCASH_INVEST":852443.12,"NETCASH_FINANCE":-31580553.36,"END_CASH":119325608.56,"DIVI_RATIO":null,"DIVIDEND_RATE":null,"CURRENT_RATIO":1.340055980055,"COMMON_ACS":750000000,"CURRENTDEBT_DEBT":96.905955354435,"ISSUED_COMMON_SHARES":431174779,"HK_COMMON_SHARES":431174779,"PER_SHARES":6000,"TOTAL_MARKET_CAP":131508307.595,"HKSK_MARKET_CAP":131508307.595,"PE_TTM":-1.471059516483,"PB_TTM":0.580111196078,"REPORT_DATE_SQ":"2023-06-30 00:00:00","REPORT_TYPE_SQ":"2023年中报","OPERATE_INCOME_SQ":46882683,"DPS_HKD":null,"OPERATE_INCOME_QOQ_SQ":-8.025488037524,"NET_PROFIT_RATIO_SQ":-42.4464110128,"HOLDER_PROFIT_SQ":-23921693.08,"HOLDER_PROFIT_QOQ_SQ":0.094131772474,"ROE_AVG_SQ":-8.27622284494,"PE_TTM_SQ":-1.815057117336,"PB_TTM_SQ":0.409002536246,"ROA_SQ":-2.509443296456,"START_DATE":"2024-01-01 00:00:00","FISCAL_YEAR":"12-31","CURRENCY":"HKD","IS_CNY_CODE":0,"DPS_HKD_LY":null,"ORG_TYPE":"证券","PREMIUM_INCOME":null,"PREMIUM_INCOME_YOY":null,"NET_INTEREST_INCOME":13472069.48,"NET_INTEREST_INCOME_YOY":null,"FEE_COMMISSION_INCOME":8573715.92,"FEE_COMMISSION_INCOME_YOY":-58.720393725008,"ACCOUNTS_RECE_TDAYS":0.300140356061,"INVENTORY_TDAYS":null,"CURRENT_ASSETS_TDAYS":0.041421803666,"TOTAL_ASSETS_TDAYS":0.038506647206,"PREMIUM_EXPENSE":null,"LOAN_DEPOSIT":null,"LOAN_EQUITY":null,"LOAN_ASSETS":null,"DEPOSIT_EQUITY":null,"DEPOSIT_ASSETS":null,"EQUITY_MULTIPLIER":3.527752416068,"EQUITY_RATIO":2.589091069499},{"SECUCODE":"00510.HK","SECURITY_CODE":"00510","SECURITY_NAME_ABBR":"时富金融服务集团","ORG_CODE":"10010727","STD_REPORT_DATE":"2023-12-31 00:00:00","REPORT_DATE":"2023-12-31 00:00:00","DATE_TYPE_CODE":"001","REPORT_TYPE":"2023年年报","PER_NETCASH_OPERATE":-0.005920619351,"PER_OI":0.140959921406,"BPS":0.527950265662,"BASIC_EPS":-0.2446794,"DILUTED_EPS":-0.2446794,"OPERATE_INCOME":60778362.96,"OPERATE_INCOME_YOY":-36.2465422675,"GROSS_PROFIT":null,"GROSS_PROFIT_YOY":null,"HOLDER_PROFIT":-86314736.34,"HOLDER_PROFIT_YOY":-49.3484907879,"GROSS_PROFIT_RATIO":null,"EPS_TTM":-0.200185030628,"OPERATE_INCOME_QOQ":16.400773960974,"NET_PROFIT_RATIO":-141.0970954852,"ROE_AVG":-32.971871770862,"GROSS_PROFIT_QOQ":null,"ROA":-9.910047231576,"HOLDER_PROFIT_QOQ":-38.569682768815,"ROE_YEARLY":-32.971871770862,"ROIC_YEARLY":-12.607080836104,"TOTAL_ASSETS":787593989.56,"TOTAL_LIABILITIES":555722196.82,"TAX_EBT":-2.706838729284,"OCF_SALES":-4.200214707461,"TOTAL_PARENT_EQUITY":227638839.12,"DEBT_ASSET_RATIO":70.5594766068,"OPERATE_PROFIT":-72290075.62,"PRETAX_PROFIT":-83496392.14,"NETCASH_OPERATE":-2552821.74,"NETCASH_INVEST":-1562323.28,"NETCASH_FINANCE":-78900044.3,"END_CASH":139959335.46,"DIVI_RATIO":null,"DIVIDEND_RATE":null,"CURRENT_RATIO":1.360260180138,"COMMON_ACS":750000000,"CURRENTDEBT_DEBT":96.771852694988,"ISSUED_COMMON_SHARES":431174779,"HK_COMMON_SHARES":431174779,"PER_SHARES":6000,"TOTAL_MARKET_CAP":107793694.75,"HKSK_MARKET_CAP":107793694.75,"PE_TTM":-1.20578648892,"PB_TTM":0.475500980392,"REPORT_DATE_SQ":"2022-12-31 00:00:00","REPORT_TYPE_SQ":"2022年年报","OPERATE_INCOME_SQ":93971110.73,"DPS_HKD":null,"OPERATE_INCOME_QOQ_SQ":3.692798565306,"NET_PROFIT_RATIO_SQ":-109.8247159896,"HOLDER_PROFIT_SQ":-56968294.25,"HOLDER_PROFIT_QOQ_SQ":-7.834806527861,"ROE_AVG_SQ":-19.014642784172,"PE_TTM_SQ":-2.356389941805,"PB_TTM_SQ":0.53098574881,"ROA_SQ":-5.94351793112,"START_DATE":"2023-01-01 00:00:00","FISCAL_YEAR":"12-31","CURRENCY":"HKD","IS_CNY_CODE":0,"DPS_HKD_LY":null,"ORG_TYPE":"证券","PREMIUM_INCOME":null,"PREMIUM_INCOME_YOY":null,"NET_INTEREST_INCOME":26974544.52,"NET_INTEREST_INCOME_YOY":null,"FEE_COMMISSION_INCOME":25916985.78,"FEE_COMMISSION_INCOME_YOY":-47.402203299432,"ACCOUNTS_RECE_TDAYS":0.422896489104,"INVENTORY_TDAYS":null,"CURRENT_ASSETS_TDAYS":0.075097373641,"TOTAL_ASSETS_TDAYS":0.069781415449,"PREMIUM_EXPENSE":null,"LOAN_DEPOSIT":null,"LOAN_EQUITY":null,"LOAN_ASSETS":null,"DEPOSIT_EQUITY":null,"DEPOSIT_ASSETS":null,"EQUITY_MULTIPLIER":3.396678743256,"EQUITY_RATIO":2.44124508352},{"SECUCODE":"00510.HK","SECURITY_CODE":"00510","SECURITY_NAME_ABBR":"时富金融服务集团","ORG_CODE":"10010727","STD_REPORT_DATE":"2023-06-30 00:00:00","REPORT_DATE":"2023-06-30 00:00:00","DATE_TYPE_CODE":"002","REPORT_TYPE":"2023年中报","PER_NETCASH_OPERATE":-0.106893384308,"PER_OI":0.122995238885,"BPS":0.642451517323,"BASIC_EPS":-0.084729962,"DILUTED_EPS":-0.084729962,"OPERATE_INCOME":46882683,"OPERATE_INCOME_YOY":-15.4599411462,"GROSS_PROFIT":null,"GROSS_PROFIT_YOY":null,"HOLDER_PROFIT":-23921693.08,"HOLDER_PROFIT_YOY":7.4712028815,"GROSS_PROFIT_RATIO":null,"EPS_TTM":-0.163415244611,"OPERATE_INCOME_QOQ":-8.025488037524,"NET_PROFIT_RATIO":-42.4464110128,"ROE_AVG":-8.27622284494,"GROSS_PROFIT_QOQ":null,"ROA":-2.509443296456,"HOLDER_PROFIT_QOQ":0.094131772474,"ROE_YEARLY":-16.552445689879,"ROIC_YEARLY":-6.337845826148,"TOTAL_ASSETS":935566297.28,"TOTAL_LIABILITIES":650002353.86,"TAX_EBT":null,"OCF_SALES":-86.908554572271,"TOTAL_PARENT_EQUITY":277008891,"DEBT_ASSET_RATIO":69.47688857,"OPERATE_PROFIT":-15167492.98,"PRETAX_PROFIT":-19900016.32,"NETCASH_OPERATE":-40745062.14,"NETCASH_INVEST":-69094103.18,"NETCASH_FINANCE":36967710.08,"END_CASH":155771286.94,"DIVI_RATIO":null,"DIVIDEND_RATE":null,"CURRENT_RATIO":1.352836571635,"COMMON_ACS":750000000,"CURRENTDEBT_DEBT":97.23208422044,"ISSUED_COMMON_SHARES":431174779,"HK_COMMON_SHARES":431174779,"PER_SHARES":6000,"TOTAL_MARKET_CAP":107793694.75,"HKSK_MARKET_CAP":107793694.75,"PE_TTM":-1.20578648892,"PB_TTM":0.475500980392,"REPORT_DATE_SQ":"2022-06-30 00:00:00","REPORT_TYPE_SQ":"2022年中报","OPERATE_INCOME_SQ":51438823.31,"DPS_HKD":null,"OPERATE_INCOME_QOQ_SQ":-21.718013704807,"NET_PROFIT_RATIO_SQ":-92.9894004197,"HOLDER_PROFIT_SQ":-23980382.79,"HOLDER_PROFIT_QOQ_SQ":-32.256095376195,"ROE_AVG_SQ":-9.05268058034,"PE_TTM_SQ":-2.356389941805,"PB_TTM_SQ":0.53098574881,"ROA_SQ":-2.766077072276,"START_DATE":"2023-01-01 00:00:00","FISCAL_YEAR":"12-31","CURRENCY":"HKD","IS_CNY_CODE":0,"DPS_HKD_LY":null,"ORG_TYPE":"证券","PREMIUM_INCOME":null,"PREMIUM_INCOME_YOY":null,"NET_INTEREST_INCOME":13536510.36,"NET_INTEREST_INCOME_YOY":null,"FEE_COMMISSION_INCOME":20981498.86,"FEE_COMMISSION_INCOME_YOY":-26.47647971052,"ACCOUNTS_RECE_TDAYS":0.263590323099,"INVENTORY_TDAYS":null,"CURRENT_ASSETS_TDAYS":0.053349560273,"TOTAL_ASSETS_TDAYS":0.049181065145,"PREMIUM_EXPENSE":null,"LOAN_DEPOSIT":null,"LOAN_EQUITY":null,"LOAN_ASSETS":null,"DEPOSIT_EQUITY":null,"DEPOSIT_ASSETS":null,"EQUITY_MULTIPLIER":3.276205973606,"EQUITY_RATIO":2.346503577966},{"SECUCODE":"00510.HK","SECURITY_CODE":"00510","SECURITY_NAME_ABBR":"时富金融服务集团","ORG_CODE":"10010727","STD_REPORT_DATE":"2022-12-31 00:00:00","REPORT_DATE":"2022-12-31 00:00:00","DATE_TYPE_CODE":"001","REPORT_TYPE":"2022年年报","PER_NETCASH_OPERATE":0.151490922138,"PER_OI":0.359801628204,"BPS":0.68432793561,"BASIC_EPS":-0.218136534,"DILUTED_EPS":-0.218136534,"OPERATE_INCOME":93971110.73,"OPERATE_INCOME_YOY":-25.7034638361,"GROSS_PROFIT":null,"GROSS_PROFIT_YOY":null,"HOLDER_PROFIT":-56968294.25,"HOLDER_PROFIT_YOY":-30.5367495792,"GROSS_PROFIT_RATIO":null,"EPS_TTM":-0.238723125176,"OPERATE_INCOME_QOQ":3.692798565306,"NET_PROFIT_RATIO":-109.8247159896,"ROE_AVG":-19.014642784172,"GROSS_PROFIT_QOQ":null,"ROA":-5.94351793112,"HOLDER_PROFIT_QOQ":-7.834806527861,"ROE_YEARLY":-19.014642784172,"ROIC_YEARLY":-7.40765504385,"TOTAL_ASSETS":1058510657.68,"TOTAL_LIABILITIES":762421130.59,"TAX_EBT":-7.678309472081,"OCF_SALES":69.693489001479,"TOTAL_PARENT_EQUITY":291698211.77,"DEBT_ASSET_RATIO":67.8238171247,"OPERATE_PROFIT":-41026104.56,"PRETAX_PROFIT":-48105269.31,"NETCASH_OPERATE":19032903.89,"NETCASH_INVEST":-614569.76,"NETCASH_FINANCE":16337908.3,"END_CASH":221522920.57,"DIVI_RATIO":null,"DIVIDEND_RATE":null,"CURRENT_RATIO":1.402371153072,"COMMON_ACS":750000000,"CURRENTDEBT_DEBT":96.882077334136,"ISSUED_COMMON_SHARES":431174779,"HK_COMMON_SHARES":431174779,"PER_SHARES":6000,"TOTAL_MARKET_CAP":107793694.75,"HKSK_MARKET_CAP":107793694.75,"PE_TTM":-1.20578648892,"PB_TTM":0.475500980392,"REPORT_DATE_SQ":"2021-12-31 00:00:00","REPORT_TYPE_SQ":"2021年年报","OPERATE_INCOME_SQ":69938321.6,"DPS_HKD":null,"OPERATE_INCOME_QOQ_SQ":-28.434321854687,"NET_PROFIT_RATIO_SQ":-62.5080370816,"HOLDER_PROFIT_SQ":-43717072,"HOLDER_PROFIT_QOQ_SQ":-89.105384280506,"ROE_AVG_SQ":-12.593443966593,"PE_TTM_SQ":-2.356389941805,"PB_TTM_SQ":0.53098574881,"ROA_SQ":-3.868967401037,"START_DATE":"2022-01-01 00:00:00","FISCAL_YEAR":"12-31","CURRENCY":"HKD","IS_CNY_CODE":0,"DPS_HKD_LY":null,"ORG_TYPE":"证券","PREMIUM_INCOME":null,"PREMIUM_INCOME_YOY":null,"NET_INTEREST_INCOME":17226711.95,"NET_INTEREST_INCOME_YOY":null,"FEE_COMMISSION_INCOME":48569769.71,"FEE_COMMISSION_INCOME_YOY":-23.595868755709,"ACCOUNTS_RECE_TDAYS":0.567771637054,"INVENTORY_TDAYS":null,"CURRENT_ASSETS_TDAYS":0.057820228164,"TOTAL_ASSETS_TDAYS":0.054118218086,"PREMIUM_EXPENSE":null,"LOAN_DEPOSIT":null,"LOAN_EQUITY":null,"LOAN_ASSETS":null,"DEPOSIT_EQUITY":null,"DEPOSIT_ASSETS":null,"EQUITY_MULTIPLIER":3.107888850196,"EQUITY_RATIO":2.61373261757},{"SECUCODE":"00510.HK","SECURITY_CODE":"00510","SECURITY_NAME_ABBR":"时富金融服务集团","ORG_CODE":"10010727","STD_REPORT_DATE":"2022-06-30 00:00:00","REPORT_DATE":"2022-06-30 00:00:00","DATE_TYPE_CODE":"002","REPORT_TYPE":"2022年中报","PER_NETCASH_OPERATE":0.259116158609,"PER_OI":0.196951725228,"BPS":0.732884371467,"BASIC_EPS":-0.091847406,"DILUTED_EPS":-0.091847406,"OPERATE_INCOME":51438823.31,"OPERATE_INCOME_YOY":-33.8935426655,"GROSS_PROFIT":null,"GROSS_PROFIT_YOY":null,"HOLDER_PROFIT":-23980382.79,"HOLDER_PROFIT_YOY":-83.9508119187,"GROSS_PROFIT_RATIO":null,"EPS_TTM":-0.221378544519,"OPERATE_INCOME_QOQ":-21.718013704807,"NET_PROFIT_RATIO":-92.9894004197,"ROE_AVG":-9.05268058034,"GROSS_PROFIT_QOQ":null,"ROA":-2.766077072276,"HOLDER_PROFIT_QOQ":-32.256095376195,"ROE_YEARLY":-18.10536116068,"ROIC_YEARLY":-6.060529984725,"TOTAL_ASSETS":1056477780.68,"TOTAL_LIABILITIES":733174911.56,"TAX_EBT":null,"OCF_SALES":210.222352097336,"TOTAL_PARENT_EQUITY":316001256.9,"DEBT_ASSET_RATIO":69.3980436662,"OPERATE_PROFIT":-15679908.65,"PRETAX_PROFIT":-18259161.69,"NETCASH_OPERATE":100288131.3,"NETCASH_INVEST":2570701.14,"NETCASH_FINANCE":-19097247.89,"END_CASH":264346925.71,"DIVI_RATIO":null,"DIVIDEND_RATE":null,"CURRENT_RATIO":1.3680222798,"COMMON_ACS":750000000,"CURRENTDEBT_DEBT":99.219898194848,"ISSUED_COMMON_SHARES":431174779,"HK_COMMON_SHARES":431174779,"PER_SHARES":6000,"TOTAL_MARKET_CAP":107793694.75,"HKSK_MARKET_CAP":107793694.75,"PE_TTM":-1.20578648892,"PB_TTM":0.475500980392,"REPORT_DATE_SQ":"2021-06-30 00:00:00","REPORT_TYPE_SQ":"2021年中报","OPERATE_INCOME_SQ":47381131.44,"DPS_HKD":null,"OPERATE_INCOME_QOQ_SQ":0.636906068573,"NET_PROFIT_RATIO_SQ":-33.4176281545,"HOLDER_PROFIT_SQ":-15833650.32,"HOLDER_PROFIT_QOQ_SQ":29.890229919441,"ROE_AVG_SQ":-4.316967845634,"PE_TTM_SQ":-2.356389941805,"PB_TTM_SQ":0.53098574881,"ROA_SQ":-1.085227948341,"START_DATE":"2022-01-01 00:00:00","FISCAL_YEAR":"12-31","CURRENCY":"HKD","IS_CNY_CODE":0,"DPS_HKD_LY":null,"ORG_TYPE":"证券","PREMIUM_INCOME":null,"PREMIUM_INCOME_YOY":null,"NET_INTEREST_INCOME":6920197.48,"NET_INTEREST_INCOME_YOY":null,"FEE_COMMISSION_INCOME":26469840.88,"FEE_COMMISSION_INCOME_YOY":-24.049763207617,"ACCOUNTS_RECE_TDAYS":null,"INVENTORY_TDAYS":null,"CURRENT_ASSETS_TDAYS":0.031591823204,"TOTAL_ASSETS_TDAYS":0.029746154506,"PREMIUM_EXPENSE":null,"LOAN_DEPOSIT":null,"LOAN_EQUITY":null,"LOAN_ASSETS":null,"DEPOSIT_EQUITY":null,"DEPOSIT_ASSETS":null,"EQUITY_MULTIPLIER":3.267764939902,"EQUITY_RATIO":2.320164542232},{"SECUCODE":"00510.HK","SECURITY_CODE":"00510","SECURITY_NAME_ABBR":"时富金融服务集团","ORG_CODE":"10010727","STD_REPORT_DATE":"2021-12-31 00:00:00","REPORT_DATE":"2021-12-31 00:00:00","DATE_TYPE_CODE":"001","REPORT_TYPE":"2021年年报","PER_NETCASH_OPERATE":-0.043444672734,"PER_OI":0.267783596363,"BPS":0.765748425188,"BASIC_EPS":-0.17259536,"DILUTED_EPS":-0.17259536,"OPERATE_INCOME":69938321.6,"OPERATE_INCOME_YOY":-25.8608585618,"GROSS_PROFIT":null,"GROSS_PROFIT_YOY":null,"HOLDER_PROFIT":-43717072,"HOLDER_PROFIT_YOY":-36.4796569503,"GROSS_PROFIT_RATIO":null,"EPS_TTM":-0.167386269713,"OPERATE_INCOME_QOQ":-28.434321854687,"NET_PROFIT_RATIO":-62.5080370816,"ROE_AVG":-12.593443966593,"GROSS_PROFIT_QOQ":null,"ROA":-3.868967401037,"HOLDER_PROFIT_QOQ":-89.105384280506,"ROE_YEARLY":-12.593443966593,"ROIC_YEARLY":-4.580793564443,"TOTAL_ASSETS":1059263755.2,"TOTAL_LIABILITIES":722111678.4,"TAX_EBT":0.074752382732,"OCF_SALES":-16.223799113875,"TOTAL_PARENT_EQUITY":330171408,"DEBT_ASSET_RATIO":68.1710928799,"OPERATE_PROFIT":-37661108.8,"PRETAX_PROFIT":-43749776,"NETCASH_OPERATE":-11346652.8,"NETCASH_INVEST":-4192652.8,"NETCASH_FINANCE":10412136,"END_CASH":166447008,"DIVI_RATIO":null,"DIVIDEND_RATE":null,"CURRENT_RATIO":1.497475749139,"COMMON_ACS":750000000,"CURRENTDEBT_DEBT":92.197996170782,"ISSUED_COMMON_SHARES":431174779,"HK_COMMON_SHARES":431174779,"PER_SHARES":6000,"TOTAL_MARKET_CAP":107793694.75,"HKSK_MARKET_CAP":107793694.75,"PE_TTM":-1.20578648892,"PB_TTM":0.475500980392,"REPORT_DATE_SQ":"2020-12-31 00:00:00","REPORT_TYPE_SQ":"2020年年报","OPERATE_INCOME_SQ":97107581.56,"DPS_HKD":null,"OPERATE_INCOME_QOQ_SQ":29.987303424586,"NET_PROFIT_RATIO_SQ":-33.9238509607,"HOLDER_PROFIT_SQ":-32973771.92,"HOLDER_PROFIT_QOQ_SQ":68.463952348591,"ROE_AVG_SQ":-8.330081997451,"PE_TTM_SQ":-2.356389941805,"PB_TTM_SQ":0.53098574881,"ROA_SQ":-2.636407223909,"START_DATE":"2021-01-01 00:00:00","FISCAL_YEAR":"12-31","CURRENCY":"HKD","IS_CNY_CODE":0,"DPS_HKD_LY":null,"ORG_TYPE":"证券","PREMIUM_INCOME":null,"PREMIUM_INCOME_YOY":null,"NET_INTEREST_INCOME":21010684.8,"NET_INTEREST_INCOME_YOY":null,"FEE_COMMISSION_INCOME":58184504,"FEE_COMMISSION_INCOME_YOY":-9.09613468564,"ACCOUNTS_RECE_TDAYS":0.348072177135,"INVENTORY_TDAYS":null,"CURRENT_ASSETS_TDAYS":0.065742965992,"TOTAL_ASSETS_TDAYS":0.061895519067,"PREMIUM_EXPENSE":null,"LOAN_DEPOSIT":null,"LOAN_EQUITY":null,"LOAN_ASSETS":null,"DEPOSIT_EQUITY":null,"DEPOSIT_ASSETS":null,"EQUITY_MULTIPLIER":3.14179810267,"EQUITY_RATIO":2.187081197534},{"SECUCODE":"00510.HK","SECURITY_CODE":"00510","SECURITY_NAME_ABBR":"时富金融服务集团","ORG_CODE":"10010727","STD_REPORT_DATE":"2021-06-30 00:00:00","REPORT_DATE":"2021-06-30 00:00:00","DATE_TYPE_CODE":"002","REPORT_TYPE":"2021年中报","PER_NETCASH_OPERATE":-2.293133816876,"PER_OI":0.181415416992,"BPS":0.841872218876,"BASIC_EPS":-0.063986952,"DILUTED_EPS":-0.063986952,"OPERATE_INCOME":47381131.44,"OPERATE_INCOME_YOY":11.2298316209,"GROSS_PROFIT":null,"GROSS_PROFIT_YOY":null,"HOLDER_PROFIT":-15833650.32,"HOLDER_PROFIT_YOY":32.3389276063,"GROSS_PROFIT_RATIO":null,"EPS_TTM":-0.088514809005,"OPERATE_INCOME_QOQ":0.636906068573,"NET_PROFIT_RATIO":-33.4176281545,"ROE_AVG":-4.316967845634,"GROSS_PROFIT_QOQ":null,"ROA":-1.085227948341,"HOLDER_PROFIT_QOQ":29.890229919441,"ROE_YEARLY":-8.633935691267,"ROIC_YEARLY":-2.505332174737,"TOTAL_ASSETS":1696149315.6,"TOTAL_LIABILITIES":1326050948.64,"TAX_EBT":null,"OCF_SALES":-1264.0236727956,"TOTAL_PARENT_EQUITY":362994067.92,"DEBT_ASSET_RATIO":78.1800833478,"OPERATE_PROFIT":4257753.36,"PRETAX_PROFIT":-15833650.32,"NETCASH_OPERATE":-598908717.84,"NETCASH_INVEST":-633212.88,"NETCASH_FINANCE":627798535.44,"END_CASH":202044001.44,"DIVI_RATIO":null,"DIVIDEND_RATE":null,"CURRENT_RATIO":1.235297823337,"COMMON_ACS":750000000,"CURRENTDEBT_DEBT":99.606314529215,"ISSUED_COMMON_SHARES":431174779,"HK_COMMON_SHARES":431174779,"PER_SHARES":6000,"TOTAL_MARKET_CAP":107793694.75,"HKSK_MARKET_CAP":107793694.75,"PE_TTM":-1.20578648892,"PB_TTM":0.475500980392,"REPORT_DATE_SQ":"2020-06-30 00:00:00","REPORT_TYPE_SQ":"2020年中报","OPERATE_INCOME_SQ":46762647.36,"DPS_HKD":null,"OPERATE_INCOME_QOQ_SQ":-25.511053634389,"NET_PROFIT_RATIO_SQ":-64.4513704281,"HOLDER_PROFIT_SQ":-25689586.56,"HOLDER_PROFIT_QOQ_SQ":-2.346343412562,"ROE_AVG_SQ":-5.844130206656,"PE_TTM_SQ":-2.356389941805,"PB_TTM_SQ":0.53098574881,"ROA_SQ":-1.887703648516,"START_DATE":"2021-01-01 00:00:00","FISCAL_YEAR":"12-31","CURRENCY":"HKD","IS_CNY_CODE":0,"DPS_HKD_LY":null,"ORG_TYPE":"证券","PREMIUM_INCOME":null,"PREMIUM_INCOME_YOY":null,"NET_INTEREST_INCOME":12497009.52,"NET_INTEREST_INCOME_YOY":null,"FEE_COMMISSION_INCOME":33909756.24,"FEE_COMMISSION_INCOME_YOY":5.419318123028,"ACCOUNTS_RECE_TDAYS":0.089154113884,"INVENTORY_TDAYS":null,"CURRENT_ASSETS_TDAYS":0.034059038538,"TOTAL_ASSETS_TDAYS":0.032474714942,"PREMIUM_EXPENSE":null,"LOAN_DEPOSIT":null,"LOAN_EQUITY":null,"LOAN_ASSETS":null,"DEPOSIT_EQUITY":null,"DEPOSIT_ASSETS":null,"EQUITY_MULTIPLIER":4.58296892669,"EQUITY_RATIO":3.653092614539},{"SECUCODE":"00510.HK","SECURITY_CODE":"00510","SECURITY_NAME_ABBR":"时富金融服务集团","ORG_CODE":"10010727","STD_REPORT_DATE":"2020-12-31 00:00:00","REPORT_DATE":"2020-12-31 00:00:00","DATE_TYPE_CODE":"001","REPORT_TYPE":"2020年年报","PER_NETCASH_OPERATE":-0.033596529698,"PER_OI":0.400240991222,"BPS":0.869293982708,"BASIC_EPS":-0.133736596,"DILUTED_EPS":-0.133736596,"OPERATE_INCOME":97107581.56,"OPERATE_INCOME_YOY":3.0546896632,"GROSS_PROFIT":null,"GROSS_PROFIT_YOY":null,"HOLDER_PROFIT":-32973771.92,"HOLDER_PROFIT_YOY":65.6477974186,"GROSS_PROFIT_RATIO":null,"EPS_TTM":-0.135905507537,"OPERATE_INCOME_QOQ":29.987303424586,"NET_PROFIT_RATIO":-33.9238509607,"ROE_AVG":-8.330081997451,"GROSS_PROFIT_QOQ":null,"ROA":-2.636407223909,"HOLDER_PROFIT_QOQ":68.463952348591,"ROE_YEARLY":-8.330081997451,"ROIC_YEARLY":-3.187814408957,"TOTAL_ASSETS":1235921407.52,"TOTAL_LIABILITIES":853917844.32,"TAX_EBT":null,"OCF_SALES":-8.394075178325,"TOTAL_PARENT_EQUITY":374817640.88,"DEBT_ASSET_RATIO":69.0915975016,"OPERATE_PROFIT":16114881.08,"PRETAX_PROFIT":-32942631.24,"NETCASH_OPERATE":-8151283.4,"NETCASH_INVEST":-7334892.6,"NETCASH_FINANCE":-51151512.64,"END_CASH":175784088.76,"DIVI_RATIO":null,"DIVIDEND_RATE":null,"CURRENT_RATIO":1.377195297445,"COMMON_ACS":750000000,"CURRENTDEBT_DEBT":98.969729584817,"ISSUED_COMMON_SHARES":431174779,"HK_COMMON_SHARES":431174779,"PER_SHARES":6000,"TOTAL_MARKET_CAP":107793694.75,"HKSK_MARKET_CAP":107793694.75,"PE_TTM":-1.20578648892,"PB_TTM":0.475500980392,"REPORT_DATE_SQ":"2019-12-31 00:00:00","REPORT_TYPE_SQ":"2019年年报","OPERATE_INCOME_SQ":100290633.02,"DPS_HKD":null,"OPERATE_INCOME_QOQ_SQ":23.060427439354,"NET_PROFIT_RATIO_SQ":-104.4042908565,"HOLDER_PROFIT_SQ":-102161917.44,"HOLDER_PROFIT_QOQ_SQ":3.671952426438,"ROE_AVG_SQ":-20.588827318901,"PE_TTM_SQ":-2.356389941805,"PB_TTM_SQ":0.53098574881,"ROA_SQ":-7.010672022041,"START_DATE":"2020-01-01 00:00:00","FISCAL_YEAR":"12-31","CURRENCY":"HKD","IS_CNY_CODE":0,"DPS_HKD_LY":null,"ORG_TYPE":"证券","PREMIUM_INCOME":null,"PREMIUM_INCOME_YOY":null,"NET_INTEREST_INCOME":21379339.28,"NET_INTEREST_INCOME_YOY":null,"FEE_COMMISSION_INCOME":65888629.04,"FEE_COMMISSION_INCOME_YOY":-5.583964494187,"ACCOUNTS_RECE_TDAYS":0.373176230105,"INVENTORY_TDAYS":null,"CURRENT_ASSETS_TDAYS":0.083303220068,"TOTAL_ASSETS_TDAYS":0.077642051429,"PREMIUM_EXPENSE":null,"LOAN_DEPOSIT":null,"LOAN_EQUITY":null,"LOAN_ASSETS":null,"DEPOSIT_EQUITY":null,"DEPOSIT_ASSETS":null,"EQUITY_MULTIPLIER":3.23536617608,"EQUITY_RATIO":2.278222130408},{"SECUCODE":"00510.HK","SECURITY_CODE":"00510","SECURITY_NAME_ABBR":"时富金融服务集团","ORG_CODE":"10010727","STD_REPORT_DATE":"2020-06-30 00:00:00","REPORT_DATE":"2020-06-30 00:00:00","DATE_TYPE_CODE":"002","REPORT_TYPE":"2020年中报","PER_NETCASH_OPERATE":-0.00917538587,"PER_OI":0.00943601254,"BPS":0.989701916494,"BASIC_EPS":-0.10367544,"DILUTED_EPS":-0.10367544,"OPERATE_INCOME":46762647.36,"OPERATE_INCOME_YOY":-41.3470973292,"GROSS_PROFIT":null,"GROSS_PROFIT_YOY":null,"HOLDER_PROFIT":-25689586.56,"HOLDER_PROFIT_YOY":-6.2124702595,"GROSS_PROFIT_RATIO":null,"EPS_TTM":-0.021098461418,"OPERATE_INCOME_QOQ":-25.511053634389,"NET_PROFIT_RATIO":-64.4513704281,"ROE_AVG":-5.844130206656,"GROSS_PROFIT_QOQ":null,"ROA":-1.887703648516,"HOLDER_PROFIT_QOQ":-2.346343412562,"ROE_YEARLY":-11.688260413312,"ROIC_YEARLY":-4.636184626442,"TOTAL_ASSETS":1348326957.12,"TOTAL_LIABILITIES":913827298.56,"TAX_EBT":null,"OCF_SALES":-114.080117334311,"TOTAL_PARENT_EQUITY":426734505.12,"DEBT_ASSET_RATIO":67.7749038343,"OPERATE_PROFIT":-1898128.32,"PRETAX_PROFIT":-25689586.56,"NETCASH_OPERATE":-45471043.2,"NETCASH_INVEST":-1142713.44,"NETCASH_FINANCE":9930919.68,"END_CASH":226563263.52,"DIVI_RATIO":null,"DIVIDEND_RATE":null,"CURRENT_RATIO":1.397351745279,"COMMON_ACS":750000000,"CURRENTDEBT_DEBT":98.604291780285,"ISSUED_COMMON_SHARES":431174779,"HK_COMMON_SHARES":431174779,"PER_SHARES":6000,"TOTAL_MARKET_CAP":107793694.75,"HKSK_MARKET_CAP":107793694.75,"PE_TTM":-1.20578648892,"PB_TTM":0.475500980392,"REPORT_DATE_SQ":"2019-06-30 00:00:00","REPORT_TYPE_SQ":"2019年中报","OPERATE_INCOME_SQ":65444065.02,"DPS_HKD":null,"OPERATE_INCOME_QOQ_SQ":37.715898008681,"NET_PROFIT_RATIO_SQ":-36.3174449552,"HOLDER_PROFIT_SQ":-23292517.14,"HOLDER_PROFIT_QOQ_SQ":16.020629340424,"ROE_AVG_SQ":-4.510547649734,"PE_TTM_SQ":-2.356389941805,"PB_TTM_SQ":0.53098574881,"ROA_SQ":-1.596155709367,"START_DATE":"2020-01-01 00:00:00","FISCAL_YEAR":"12-31","CURRENCY":"HKD","IS_CNY_CODE":0,"DPS_HKD_LY":null,"ORG_TYPE":"证券","PREMIUM_INCOME":null,"PREMIUM_INCOME_YOY":null,"NET_INTEREST_INCOME":10818783.36,"NET_INTEREST_INCOME_YOY":null,"FEE_COMMISSION_INCOME":35311763.52,"FEE_COMMISSION_INCOME_YOY":-23.111500059668,"ACCOUNTS_RECE_TDAYS":0.165089745822,"INVENTORY_TDAYS":null,"CURRENT_ASSETS_TDAYS":0.031555806251,"TOTAL_ASSETS_TDAYS":0.029288805435,"PREMIUM_EXPENSE":null,"LOAN_DEPOSIT":null,"LOAN_EQUITY":null,"LOAN_ASSETS":null,"DEPOSIT_EQUITY":null,"DEPOSIT_ASSETS":null,"EQUITY_MULTIPLIER":3.103171499809,"EQUITY_RATIO":2.141442249445}],"count":51},"success":true,"message":"ok","code":0}