{"version":"e3855c99632db30e7d407057d2e1cd19","result":{"pages":6,"data":[{"SECUCODE":"00513.HK","SECURITY_CODE":"00513","SECURITY_NAME_ABBR":"恒和集团","ORG_CODE":"10008940","STD_REPORT_DATE":"2023-12-31 00:00:00","REPORT_DATE":"2024-06-30 00:00:00","DATE_TYPE_CODE":"001","REPORT_TYPE":"2023年年报","PER_NETCASH_OPERATE":-0.048497271054,"PER_OI":0.481515013701,"BPS":2.428242422588,"BASIC_EPS":-0.343806556,"DILUTED_EPS":-0.343806556,"OPERATE_INCOME":328931697.36,"OPERATE_INCOME_YOY":-20.8964724061,"GROSS_PROFIT":-39023458.76,"GROSS_PROFIT_YOY":-163.88497231757,"HOLDER_PROFIT":-234834389.36,"HOLDER_PROFIT_YOY":-161.7890645667,"GROSS_PROFIT_RATIO":-11.863696649852,"EPS_TTM":-0.166488440937,"OPERATE_INCOME_QOQ":-14.200678270912,"NET_PROFIT_RATIO":-83.3275065066,"ROE_AVG":-13.204400269321,"GROSS_PROFIT_QOQ":-32.812186904717,"ROA":-7.256582060786,"HOLDER_PROFIT_QOQ":-25.506673383728,"ROE_YEARLY":-13.204400269321,"ROIC_YEARLY":-7.825587769915,"TOTAL_ASSETS":3072906855.4,"TOTAL_LIABILITIES":1265198999.28,"TAX_EBT":-2.095876579557,"OCF_SALES":-10.071808702504,"TOTAL_PARENT_EQUITY":1658776733.72,"DEBT_ASSET_RATIO":41.1727090607,"OPERATE_PROFIT":-218508369.52,"PRETAX_PROFIT":-268463909.32,"NETCASH_OPERATE":-33129371.32,"NETCASH_INVEST":5254298.76,"NETCASH_FINANCE":-8606572.4,"END_CASH":44863698.08,"DIVI_RATIO":null,"DIVIDEND_RATE":null,"CURRENT_RATIO":0.775227100149,"COMMON_ACS":null,"CURRENTDEBT_DEBT":71.819576034845,"ISSUED_COMMON_SHARES":683118258,"HK_COMMON_SHARES":683118258,"PER_SHARES":10000,"TOTAL_MARKET_CAP":109298921.28,"HKSK_MARKET_CAP":109298921.28,"PE_TTM":-0.424788463673,"PB_TTM":0.060137652914,"REPORT_DATE_SQ":"2022-12-31 00:00:00","REPORT_TYPE_SQ":"2022年年报","OPERATE_INCOME_SQ":420061463.84,"DPS_HKD":null,"OPERATE_INCOME_QOQ_SQ":-6.453573812443,"NET_PROFIT_RATIO_SQ":-25.3307667995,"HOLDER_PROFIT_SQ":-90617726.28,"HOLDER_PROFIT_QOQ_SQ":-178.701051904055,"ROE_AVG_SQ":-4.568358749514,"PE_TTM_SQ":-1.355310627251,"PB_TTM_SQ":0.064050435372,"ROA_SQ":-2.589995055119,"START_DATE":"2023-07-01 00:00:00","FISCAL_YEAR":"6-30","CURRENCY":"HKD","IS_CNY_CODE":0,"DPS_HKD_LY":null,"ORG_TYPE":"一般企业","PREMIUM_INCOME":null,"PREMIUM_INCOME_YOY":null,"NET_INTEREST_INCOME":null,"NET_INTEREST_INCOME_YOY":null,"FEE_COMMISSION_INCOME":null,"FEE_COMMISSION_INCOME_YOY":null,"ACCOUNTS_RECE_TDAYS":5.721120723867,"INVENTORY_TDAYS":0.544164550931,"CURRENT_ASSETS_TDAYS":0.400696211363,"TOTAL_ASSETS_TDAYS":0.101642687887,"PREMIUM_EXPENSE":null,"LOAN_DEPOSIT":null,"LOAN_EQUITY":null,"LOAN_ASSETS":null,"DEPOSIT_EQUITY":null,"DEPOSIT_ASSETS":null,"EQUITY_MULTIPLIER":1.699891298805,"EQUITY_RATIO":0.762730133333},{"SECUCODE":"00513.HK","SECURITY_CODE":"00513","SECURITY_NAME_ABBR":"恒和集团","ORG_CODE":"10008940","STD_REPORT_DATE":"2023-06-30 00:00:00","REPORT_DATE":"2023-12-31 00:00:00","DATE_TYPE_CODE":"002","REPORT_TYPE":"2023年中报","PER_NETCASH_OPERATE":-0.036251810942,"PER_OI":0.265561396047,"BPS":2.722766105602,"BASIC_EPS":-0.042048608,"DILUTED_EPS":-0.042048608,"OPERATE_INCOME":181409838.26,"OPERATE_INCOME_YOY":-25.8207838022,"GROSS_PROFIT":45209503.36,"GROSS_PROFIT_YOY":-30.716038377933,"HOLDER_PROFIT":-28706330.94,"HOLDER_PROFIT_YOY":-405.9415428845,"GROSS_PROFIT_RATIO":24.921197104649,"EPS_TTM":-0.132653058557,"OPERATE_INCOME_QOQ":-13.056063417751,"NET_PROFIT_RATIO":-17.7782329169,"ROE_AVG":-1.533183275587,"GROSS_PROFIT_QOQ":-49.298617365966,"ROA":-0.855130818656,"HOLDER_PROFIT_QOQ":-1008.86782318642,"ROE_YEARLY":-3.066366551175,"ROIC_YEARLY":-1.852062712409,"TOTAL_ASSETS":3338557978.56,"TOTAL_LIABILITIES":1295254808.68,"TAX_EBT":-0.242233050728,"OCF_SALES":-13.651009326466,"TOTAL_PARENT_EQUITY":1859971239,"DEBT_ASSET_RATIO":38.7968343518,"OPERATE_PROFIT":-9390251.64,"PRETAX_PROFIT":-32173528.66,"NETCASH_OPERATE":-24764273.94,"NETCASH_INVEST":5261513.32,"NETCASH_FINANCE":-6096141.94,"END_CASH":55856682.14,"DIVI_RATIO":null,"DIVIDEND_RATE":null,"CURRENT_RATIO":0.815761803635,"COMMON_ACS":null,"CURRENTDEBT_DEBT":84.306587727927,"ISSUED_COMMON_SHARES":683118258,"HK_COMMON_SHARES":683118258,"PER_SHARES":10000,"TOTAL_MARKET_CAP":120228813.408,"HKSK_MARKET_CAP":120228813.408,"PE_TTM":-0.46726731004,"PB_TTM":0.066151418205,"REPORT_DATE_SQ":"2022-06-30 00:00:00","REPORT_TYPE_SQ":"2022年中报","OPERATE_INCOME_SQ":241061415.28,"DPS_HKD":null,"OPERATE_INCOME_QOQ_SQ":8.235793109585,"NET_PROFIT_RATIO_SQ":-2.8380962262,"HOLDER_PROFIT_SQ":-5592763.47,"HOLDER_PROFIT_QOQ_SQ":-28.504320008734,"ROE_AVG_SQ":-0.283888414306,"PE_TTM_SQ":-1.536018710885,"PB_TTM_SQ":0.072590493422,"ROA_SQ":-0.161776257312,"START_DATE":"2023-07-01 00:00:00","FISCAL_YEAR":"6-30","CURRENCY":"HKD","IS_CNY_CODE":0,"DPS_HKD_LY":null,"ORG_TYPE":"一般企业","PREMIUM_INCOME":null,"PREMIUM_INCOME_YOY":null,"NET_INTEREST_INCOME":null,"NET_INTEREST_INCOME_YOY":null,"FEE_COMMISSION_INCOME":null,"FEE_COMMISSION_INCOME_YOY":null,"ACCOUNTS_RECE_TDAYS":3.096195933771,"INVENTORY_TDAYS":0.179506656777,"CURRENT_ASSETS_TDAYS":0.199182109898,"TOTAL_ASSETS_TDAYS":0.054040045671,"PREMIUM_EXPENSE":null,"LOAN_DEPOSIT":null,"LOAN_EQUITY":null,"LOAN_ASSETS":null,"DEPOSIT_EQUITY":null,"DEPOSIT_ASSETS":null,"EQUITY_MULTIPLIER":1.633902412415,"EQUITY_RATIO":0.696384321177},{"SECUCODE":"00513.HK","SECURITY_CODE":"00513","SECURITY_NAME_ABBR":"恒和集团","ORG_CODE":"10008940","STD_REPORT_DATE":"2022-12-31 00:00:00","REPORT_DATE":"2023-06-30 00:00:00","DATE_TYPE_CODE":"001","REPORT_TYPE":"2022年年报","PER_NETCASH_OPERATE":-0.079074104092,"PER_OI":0.614917635301,"BPS":2.80694579131,"BASIC_EPS":-0.132672922,"DILUTED_EPS":-0.132672922,"OPERATE_INCOME":420061463.84,"OPERATE_INCOME_YOY":-24.5589691452,"GROSS_PROFIT":61083940.94,"GROSS_PROFIT_YOY":-50.778129432165,"HOLDER_PROFIT":-90617726.28,"HOLDER_PROFIT_YOY":-909.4712567946,"GROSS_PROFIT_RATIO":14.54166739829,"EPS_TTM":-0.011962927933,"OPERATE_INCOME_QOQ":-6.453573812443,"NET_PROFIT_RATIO":-25.3307667995,"ROE_AVG":-4.568358749514,"GROSS_PROFIT_QOQ":-2.918090176905,"ROA":-2.589995055119,"HOLDER_PROFIT_QOQ":-178.701051904055,"ROE_YEARLY":-4.568358749514,"ROIC_YEARLY":-2.840980286483,"TOTAL_ASSETS":3434046353.14,"TOTAL_LIABILITIES":1326461845.8,"TAX_EBT":-12.147743615657,"OCF_SALES":-12.859300100086,"TOTAL_PARENT_EQUITY":1917475919.26,"DEBT_ASSET_RATIO":38.6267891983,"OPERATE_PROFIT":-57155384.16,"PRETAX_PROFIT":-94879117.84,"NETCASH_OPERATE":-54016964.24,"NETCASH_INVEST":-13106867.68,"NETCASH_FINANCE":17781306.28,"END_CASH":83618976.1,"DIVI_RATIO":null,"DIVIDEND_RATE":null,"CURRENT_RATIO":1.00479767395,"COMMON_ACS":null,"CURRENTDEBT_DEBT":71.047118599301,"ISSUED_COMMON_SHARES":683118258,"HK_COMMON_SHARES":683118258,"PER_SHARES":10000,"TOTAL_MARKET_CAP":116130103.86,"HKSK_MARKET_CAP":116130103.86,"PE_TTM":-0.451337742653,"PB_TTM":0.063896256221,"REPORT_DATE_SQ":"2021-12-31 00:00:00","REPORT_TYPE_SQ":"2021年年报","OPERATE_INCOME_SQ":516471475.94,"DPS_HKD":null,"OPERATE_INCOME_QOQ_SQ":6.93731633112,"NET_PROFIT_RATIO_SQ":6.3686610611,"HOLDER_PROFIT_SQ":10383716.98,"HOLDER_PROFIT_QOQ_SQ":-12.222670751978,"ROE_AVG_SQ":0.543580450086,"PE_TTM_SQ":-1.459565290886,"PB_TTM_SQ":0.068977391939,"ROA_SQ":0.320229936805,"START_DATE":"2022-07-01 00:00:00","FISCAL_YEAR":"6-30","CURRENCY":"HKD","IS_CNY_CODE":0,"DPS_HKD_LY":0.02,"ORG_TYPE":"一般企业","PREMIUM_INCOME":null,"PREMIUM_INCOME_YOY":null,"NET_INTEREST_INCOME":null,"NET_INTEREST_INCOME_YOY":null,"FEE_COMMISSION_INCOME":null,"FEE_COMMISSION_INCOME_YOY":null,"ACCOUNTS_RECE_TDAYS":5.256631246178,"INVENTORY_TDAYS":0.462824722023,"CURRENT_ASSETS_TDAYS":0.426385259832,"TOTAL_ASSETS_TDAYS":0.120060076417,"PREMIUM_EXPENSE":null,"LOAN_DEPOSIT":null,"LOAN_EQUITY":null,"LOAN_ASSETS":null,"DEPOSIT_EQUITY":null,"DEPOSIT_ASSETS":null,"EQUITY_MULTIPLIER":1.629375401641,"EQUITY_RATIO":0.691774969624},{"SECUCODE":"00513.HK","SECURITY_CODE":"00513","SECURITY_NAME_ABBR":"恒和集团","ORG_CODE":"10008940","STD_REPORT_DATE":"2022-06-30 00:00:00","REPORT_DATE":"2022-12-31 00:00:00","DATE_TYPE_CODE":"002","REPORT_TYPE":"2022年中报","PER_NETCASH_OPERATE":-0.006733017565,"PER_OI":0.352883871068,"BPS":2.860745268223,"BASIC_EPS":-0.008218084,"DILUTED_EPS":-0.008218084,"OPERATE_INCOME":241061415.28,"OPERATE_INCOME_YOY":-19.5892815108,"GROSS_PROFIT":65252480.23,"GROSS_PROFIT_YOY":-5.25791495967,"HOLDER_PROFIT":-5592763.47,"HOLDER_PROFIT_YOY":-139.4891201514,"GROSS_PROFIT_RATIO":27.068819849999,"EPS_TTM":0.015200467647,"OPERATE_INCOME_QOQ":8.235793109585,"NET_PROFIT_RATIO":-2.8380962262,"ROE_AVG":-0.283888414306,"GROSS_PROFIT_QOQ":14.371703075574,"ROA":-0.161776257312,"HOLDER_PROFIT_QOQ":-28.504320008734,"ROE_YEARLY":-0.567776828611,"ROIC_YEARLY":-0.357133995409,"TOTAL_ASSETS":3461685657.92,"TOTAL_LIABILITIES":1309358739.08,"TAX_EBT":-0.248691099476,"OCF_SALES":-1.907998102748,"TOTAL_PARENT_EQUITY":1954227324.21,"DEBT_ASSET_RATIO":37.8243107107,"OPERATE_PROFIT":7113109.01,"PRETAX_PROFIT":-6824582.8,"NETCASH_OPERATE":-4599447.23,"NETCASH_INVEST":-12231546.11,"NETCASH_FINANCE":11725062.02,"END_CASH":124028752.96,"DIVI_RATIO":null,"DIVIDEND_RATE":null,"CURRENT_RATIO":0.903139144747,"COMMON_ACS":null,"CURRENTDEBT_DEBT":86.213436448529,"ISSUED_COMMON_SHARES":683118258,"HK_COMMON_SHARES":683118258,"PER_SHARES":10000,"TOTAL_MARKET_CAP":120228813.408,"HKSK_MARKET_CAP":120228813.408,"PE_TTM":-0.46726731004,"PB_TTM":0.066151418205,"REPORT_DATE_SQ":"2021-06-30 00:00:00","REPORT_TYPE_SQ":"2021年中报","OPERATE_INCOME_SQ":274392283.2,"DPS_HKD":null,"OPERATE_INCOME_QOQ_SQ":20.278273250061,"NET_PROFIT_RATIO_SQ":5.0934575262,"HOLDER_PROFIT_SQ":12963048,"HOLDER_PROFIT_QOQ_SQ":423.90645236799,"ROE_AVG_SQ":0.705368272976,"PE_TTM_SQ":-1.536018710885,"PB_TTM_SQ":0.072590493422,"ROA_SQ":0.41636986144,"START_DATE":"2022-07-01 00:00:00","FISCAL_YEAR":"6-30","CURRENCY":"HKD","IS_CNY_CODE":0,"DPS_HKD_LY":0.02,"ORG_TYPE":"一般企业","PREMIUM_INCOME":null,"PREMIUM_INCOME_YOY":null,"NET_INTEREST_INCOME":null,"NET_INTEREST_INCOME_YOY":null,"FEE_COMMISSION_INCOME":null,"FEE_COMMISSION_INCOME_YOY":null,"ACCOUNTS_RECE_TDAYS":2.73941621029,"INVENTORY_TDAYS":0.227095191557,"CURRENT_ASSETS_TDAYS":0.239738358057,"TOTAL_ASSETS_TDAYS":0.069729416872,"PREMIUM_EXPENSE":null,"LOAN_DEPOSIT":null,"LOAN_EQUITY":null,"LOAN_ASSETS":null,"DEPOSIT_EQUITY":null,"DEPOSIT_ASSETS":null,"EQUITY_MULTIPLIER":1.608345659583,"EQUITY_RATIO":0.670013525478},{"SECUCODE":"00513.HK","SECURITY_CODE":"00513","SECURITY_NAME_ABBR":"恒和集团","ORG_CODE":"10008940","STD_REPORT_DATE":"2021-12-31 00:00:00","REPORT_DATE":"2022-06-30 00:00:00","DATE_TYPE_CODE":"001","REPORT_TYPE":"2021年年报","PER_NETCASH_OPERATE":-0.37957603291,"PER_OI":0.756049878468,"BPS":2.783161559634,"BASIC_EPS":0.015222382,"DILUTED_EPS":0.015222382,"OPERATE_INCOME":516471475.94,"OPERATE_INCOME_YOY":12.6166629683,"GROSS_PROFIT":124099186.47,"GROSS_PROFIT_YOY":28.362698138681,"HOLDER_PROFIT":10383716.98,"HOLDER_PROFIT_YOY":-38.9388986673,"GROSS_PROFIT_RATIO":24.028274987333,"EPS_TTM":0.021260679875,"OPERATE_INCOME_QOQ":6.93731633112,"NET_PROFIT_RATIO":6.3686610611,"ROE_AVG":0.543580450086,"GROSS_PROFIT_QOQ":12.23291661038,"ROA":0.320229936805,"HOLDER_PROFIT_QOQ":-12.222670751978,"ROE_YEARLY":0.543580450086,"ROIC_YEARLY":0.363880036466,"TOTAL_ASSETS":3305329874.56,"TOTAL_LIABILITIES":1213222135.02,"TAX_EBT":-111.830148152228,"OCF_SALES":-50.205157585532,"TOTAL_PARENT_EQUITY":1901228476.35,"DEBT_ASSET_RATIO":36.7050243414,"OPERATE_PROFIT":19692460.13,"PRETAX_PROFIT":15527684.83,"NETCASH_OPERATE":-259295318.38,"NETCASH_INVEST":-55915742.96,"NETCASH_FINANCE":147580138.3,"END_CASH":123154201.52,"DIVI_RATIO":null,"DIVIDEND_RATE":null,"CURRENT_RATIO":1.043452511887,"COMMON_ACS":null,"CURRENTDEBT_DEBT":74.985091544262,"ISSUED_COMMON_SHARES":683118258,"HK_COMMON_SHARES":683118258,"PER_SHARES":10000,"TOTAL_MARKET_CAP":120228813.408,"HKSK_MARKET_CAP":120228813.408,"PE_TTM":-0.46726731004,"PB_TTM":0.066151418205,"REPORT_DATE_SQ":"2020-12-31 00:00:00","REPORT_TYPE_SQ":"2020年年报","OPERATE_INCOME_SQ":446217045.36,"DPS_HKD":null,"OPERATE_INCOME_QOQ_SQ":-3.371762798692,"NET_PROFIT_RATIO_SQ":6.390286928,"HOLDER_PROFIT_SQ":16545910.8,"HOLDER_PROFIT_QOQ_SQ":63.546655183455,"ROE_AVG_SQ":0.898993949592,"PE_TTM_SQ":-1.536018710885,"PB_TTM_SQ":0.072590493422,"ROA_SQ":0.554304641761,"START_DATE":"2021-07-01 00:00:00","FISCAL_YEAR":"6-30","CURRENCY":"HKD","IS_CNY_CODE":0,"DPS_HKD_LY":0.02,"ORG_TYPE":"一般企业","PREMIUM_INCOME":null,"PREMIUM_INCOME_YOY":null,"NET_INTEREST_INCOME":null,"NET_INTEREST_INCOME_YOY":null,"FEE_COMMISSION_INCOME":null,"FEE_COMMISSION_INCOME_YOY":null,"ACCOUNTS_RECE_TDAYS":5.787559056627,"INVENTORY_TDAYS":0.659296492521,"CURRENT_ASSETS_TDAYS":0.568906933696,"TOTAL_ASSETS_TDAYS":0.159277865932,"PREMIUM_EXPENSE":null,"LOAN_DEPOSIT":null,"LOAN_EQUITY":null,"LOAN_ASSETS":null,"DEPOSIT_EQUITY":null,"DEPOSIT_ASSETS":null,"EQUITY_MULTIPLIER":1.579904233464,"EQUITY_RATIO":0.63812537531},{"SECUCODE":"00513.HK","SECURITY_CODE":"00513","SECURITY_NAME_ABBR":"恒和集团","ORG_CODE":"10008940","STD_REPORT_DATE":"2021-06-30 00:00:00","REPORT_DATE":"2021-12-31 00:00:00","DATE_TYPE_CODE":"002","REPORT_TYPE":"2021年中报","PER_NETCASH_OPERATE":-0.308955014345,"PER_OI":0.401676108033,"BPS":2.694468758878,"BASIC_EPS":0.01896832,"DILUTED_EPS":0.01896832,"OPERATE_INCOME":274392283.2,"OPERATE_INCOME_YOY":16.0302308456,"GROSS_PROFIT":68873806.4,"GROSS_PROFIT_YOY":20.731263560451,"HOLDER_PROFIT":12963048,"HOLDER_PROFIT_YOY":-10.951979781,"GROSS_PROFIT_RATIO":25.100489560706,"EPS_TTM":0.024221151472,"OPERATE_INCOME_QOQ":20.278273250061,"NET_PROFIT_RATIO":5.0934575262,"ROE_AVG":0.705368272976,"GROSS_PROFIT_QOQ":34.752099974822,"ROA":0.41636986144,"HOLDER_PROFIT_QOQ":423.90645236799,"ROE_YEARLY":1.410736545951,"ROIC_YEARLY":0.951989811818,"TOTAL_ASSETS":3186635244.8,"TOTAL_LIABILITIES":1183831656,"TAX_EBT":-0.487919581447,"OCF_SALES":-76.91645287494,"TOTAL_PARENT_EQUITY":1840640804.8,"DEBT_ASSET_RATIO":37.1498952675,"OPERATE_PROFIT":15806660.8,"PRETAX_PROFIT":13908193.6,"NETCASH_OPERATE":-211052811.2,"NETCASH_INVEST":-29573409.6,"NETCASH_FINANCE":136955358.4,"END_CASH":174300056,"DIVI_RATIO":null,"DIVIDEND_RATE":null,"CURRENT_RATIO":1.062859801667,"COMMON_ACS":null,"CURRENTDEBT_DEBT":74.51252991329,"ISSUED_COMMON_SHARES":683118258,"HK_COMMON_SHARES":683118258,"PER_SHARES":10000,"TOTAL_MARKET_CAP":120228813.408,"HKSK_MARKET_CAP":120228813.408,"PE_TTM":-0.46726731004,"PB_TTM":0.066151418205,"REPORT_DATE_SQ":"2020-06-30 00:00:00","REPORT_TYPE_SQ":"2020年中报","OPERATE_INCOME_SQ":243436795.24,"DPS_HKD":null,"OPERATE_INCOME_QOQ_SQ":-10.677799460887,"NET_PROFIT_RATIO_SQ":6.6512009017,"HOLDER_PROFIT_SQ":14985400.2,"HOLDER_PROFIT_QOQ_SQ":-133.116522535669,"ROE_AVG_SQ":0.805414119921,"PE_TTM_SQ":-1.536018710885,"PB_TTM_SQ":0.072590493422,"ROA_SQ":0.505076221689,"START_DATE":"2021-07-01 00:00:00","FISCAL_YEAR":"6-30","CURRENCY":"HKD","IS_CNY_CODE":0,"DPS_HKD_LY":0.02,"ORG_TYPE":"一般企业","PREMIUM_INCOME":null,"PREMIUM_INCOME_YOY":null,"NET_INTEREST_INCOME":null,"NET_INTEREST_INCOME_YOY":null,"FEE_COMMISSION_INCOME":null,"FEE_COMMISSION_INCOME_YOY":null,"ACCOUNTS_RECE_TDAYS":3.085686702678,"INVENTORY_TDAYS":0.372162712366,"CURRENT_ASSETS_TDAYS":0.310773695537,"TOTAL_ASSETS_TDAYS":0.088134115477,"PREMIUM_EXPENSE":null,"LOAN_DEPOSIT":null,"LOAN_EQUITY":null,"LOAN_ASSETS":null,"DEPOSIT_EQUITY":null,"DEPOSIT_ASSETS":null,"EQUITY_MULTIPLIER":1.59108724521,"EQUITY_RATIO":0.643162779459},{"SECUCODE":"00513.HK","SECURITY_CODE":"00513","SECURITY_NAME_ABBR":"恒和集团","ORG_CODE":"10008940","STD_REPORT_DATE":"2020-12-31 00:00:00","REPORT_DATE":"2021-06-30 00:00:00","DATE_TYPE_CODE":"001","REPORT_TYPE":"2020年年报","PER_NETCASH_OPERATE":0.07844802813,"PER_OI":0.653206147156,"BPS":2.733635575116,"BASIC_EPS":0.024213528,"DILUTED_EPS":0.024213528,"OPERATE_INCOME":446217045.36,"OPERATE_INCOME_YOY":27.586928851,"GROSS_PROFIT":96678543.12,"GROSS_PROFIT_YOY":15.004790333363,"HOLDER_PROFIT":16545910.8,"HOLDER_PROFIT_YOY":229.6199726224,"GROSS_PROFIT_RATIO":21.666259531166,"EPS_TTM":-0.000747782309,"OPERATE_INCOME_QOQ":-3.371762798692,"NET_PROFIT_RATIO":6.390286928,"ROE_AVG":0.898993949592,"GROSS_PROFIT_QOQ":-14.654546864315,"ROA":0.554304641761,"HOLDER_PROFIT_QOQ":63.546655183455,"ROE_YEARLY":0.898993949592,"ROIC_YEARLY":0.665375288728,"TOTAL_ASSETS":3093903926.16,"TOTAL_LIABILITIES":1058213549.52,"TAX_EBT":-53.603765127745,"OCF_SALES":12.009689203326,"TOTAL_PARENT_EQUITY":1867396372.08,"DEBT_ASSET_RATIO":34.2031806667,"OPERATE_PROFIT":25191222,"PRETAX_PROFIT":18563704.8,"NETCASH_OPERATE":53589280.32,"NETCASH_INVEST":-251615167.44,"NETCASH_FINANCE":88100630.4,"END_CASH":283079440.56,"DIVI_RATIO":null,"DIVIDEND_RATE":null,"CURRENT_RATIO":1.113074814461,"COMMON_ACS":null,"CURRENTDEBT_DEBT":71.568421623738,"ISSUED_COMMON_SHARES":683118258,"HK_COMMON_SHARES":683118258,"PER_SHARES":10000,"TOTAL_MARKET_CAP":116130103.86,"HKSK_MARKET_CAP":116130103.86,"PE_TTM":-0.451337742653,"PB_TTM":0.063896256221,"REPORT_DATE_SQ":"2019-12-31 00:00:00","REPORT_TYPE_SQ":"2019年年报","OPERATE_INCOME_SQ":383932533.6,"DPS_HKD":null,"OPERATE_INCOME_QOQ_SQ":10.808880411617,"NET_PROFIT_RATIO_SQ":-4.2544282264,"HOLDER_PROFIT_SQ":-14013083.04,"HOLDER_PROFIT_QOQ_SQ":10.128934629241,"ROE_AVG_SQ":-0.694418039569,"PE_TTM_SQ":-1.459565290886,"PB_TTM_SQ":0.068977391939,"ROA_SQ":-0.442628969678,"START_DATE":"2020-07-01 00:00:00","FISCAL_YEAR":"6-30","CURRENCY":"HKD","IS_CNY_CODE":0,"DPS_HKD_LY":null,"ORG_TYPE":"一般企业","PREMIUM_INCOME":null,"PREMIUM_INCOME_YOY":null,"NET_INTEREST_INCOME":null,"NET_INTEREST_INCOME_YOY":null,"FEE_COMMISSION_INCOME":null,"FEE_COMMISSION_INCOME_YOY":null,"ACCOUNTS_RECE_TDAYS":5.567845091626,"INVENTORY_TDAYS":0.771107205301,"CURRENT_ASSETS_TDAYS":0.500674079676,"TOTAL_ASSETS_TDAYS":0.149487195033,"PREMIUM_EXPENSE":null,"LOAN_DEPOSIT":null,"LOAN_EQUITY":null,"LOAN_ASSETS":null,"DEPOSIT_EQUITY":null,"DEPOSIT_ASSETS":null,"EQUITY_MULTIPLIER":1.519830305071,"EQUITY_RATIO":0.566678593437},{"SECUCODE":"00513.HK","SECURITY_CODE":"00513","SECURITY_NAME_ABBR":"恒和集团","ORG_CODE":"10008940","STD_REPORT_DATE":"2020-06-30 00:00:00","REPORT_DATE":"2020-12-31 00:00:00","DATE_TYPE_CODE":"002","REPORT_TYPE":"2020年中报","PER_NETCASH_OPERATE":-0.000841617505,"PER_OI":0.035636113131,"BPS":2.761955546795,"BASIC_EPS":0.021966804,"DILUTED_EPS":0.021966804,"OPERATE_INCOME":243436795.24,"OPERATE_INCOME_YOY":1.0586595204,"GROSS_PROFIT":57047200.84,"GROSS_PROFIT_YOY":-17.759743108424,"HOLDER_PROFIT":14985400.2,"HOLDER_PROFIT_YOY":162.3011196229,"GROSS_PROFIT_RATIO":23.434091294111,"EPS_TTM":-0.002051340727,"OPERATE_INCOME_QOQ":-10.677799460887,"NET_PROFIT_RATIO":6.6512009017,"ROE_AVG":0.805414119921,"GROSS_PROFIT_QOQ":-26.227066275079,"ROA":0.505076221689,"HOLDER_PROFIT_QOQ":-133.116522535669,"ROE_YEARLY":1.610828239841,"ROIC_YEARLY":1.231421477429,"TOTAL_ASSETS":3024806186.52,"TOTAL_LIABILITIES":979730399.72,"TAX_EBT":0.140150532053,"OCF_SALES":-2.361698376095,"TOTAL_PARENT_EQUITY":1886742261.8,"DEBT_ASSET_RATIO":32.3898570456,"OPERATE_PROFIT":18336810.68,"PRETAX_PROFIT":16214194.6,"NETCASH_OPERATE":-5749242.84,"NETCASH_INVEST":-77301267.44,"NETCASH_FINANCE":46836424.36,"END_CASH":356453897.72,"DIVI_RATIO":null,"DIVIDEND_RATE":null,"CURRENT_RATIO":1.148785046729,"COMMON_ACS":null,"CURRENTDEBT_DEBT":83.186363741793,"ISSUED_COMMON_SHARES":683118258,"HK_COMMON_SHARES":683118258,"PER_SHARES":10000,"TOTAL_MARKET_CAP":120228813.408,"HKSK_MARKET_CAP":120228813.408,"PE_TTM":-0.46726731004,"PB_TTM":0.066151418205,"REPORT_DATE_SQ":"2019-06-30 00:00:00","REPORT_TYPE_SQ":"2019年中报","OPERATE_INCOME_SQ":256382089.58,"DPS_HKD":null,"OPERATE_INCOME_QOQ_SQ":3.981541721006,"NET_PROFIT_RATIO_SQ":2.0652595463,"HOLDER_PROFIT_SQ":6080554.64,"HOLDER_PROFIT_QOQ_SQ":-84.08294698255,"ROE_AVG_SQ":0.304585838643,"PE_TTM_SQ":-1.536018710885,"PB_TTM_SQ":0.072590493422,"ROA_SQ":0.193613824278,"START_DATE":"2020-07-01 00:00:00","FISCAL_YEAR":"6-30","CURRENCY":"HKD","IS_CNY_CODE":0,"DPS_HKD_LY":null,"ORG_TYPE":"一般企业","PREMIUM_INCOME":null,"PREMIUM_INCOME_YOY":null,"NET_INTEREST_INCOME":null,"NET_INTEREST_INCOME_YOY":null,"FEE_COMMISSION_INCOME":null,"FEE_COMMISSION_INCOME_YOY":null,"ACCOUNTS_RECE_TDAYS":2.698219166581,"INVENTORY_TDAYS":0.410380138091,"CURRENT_ASSETS_TDAYS":0.258077842447,"TOTAL_ASSETS_TDAYS":0.082049284716,"PREMIUM_EXPENSE":null,"LOAN_DEPOSIT":null,"LOAN_EQUITY":null,"LOAN_ASSETS":null,"DEPOSIT_EQUITY":null,"DEPOSIT_ASSETS":null,"EQUITY_MULTIPLIER":1.479068015985,"EQUITY_RATIO":0.519270925105},{"SECUCODE":"00513.HK","SECURITY_CODE":"00513","SECURITY_NAME_ABBR":"恒和集团","ORG_CODE":"10008940","STD_REPORT_DATE":"2019-12-31 00:00:00","REPORT_DATE":"2020-06-30 00:00:00","DATE_TYPE_CODE":"001","REPORT_TYPE":"2019年年报","PER_NETCASH_OPERATE":-0.005298372008,"PER_OI":0.056202938379,"BPS":2.914456277818,"BASIC_EPS":-0.0205524,"DILUTED_EPS":-0.0205524,"OPERATE_INCOME":383932533.6,"OPERATE_INCOME_YOY":-4.6833436516,"GROSS_PROFIT":84064796.64,"GROSS_PROFIT_YOY":-12.361776441024,"HOLDER_PROFIT":-14013083.04,"HOLDER_PROFIT_YOY":-135.1221410747,"GROSS_PROFIT_RATIO":21.895721066343,"EPS_TTM":0.006194311993,"OPERATE_INCOME_QOQ":10.808880411617,"NET_PROFIT_RATIO":-4.2544282264,"ROE_AVG":-0.694418039569,"GROSS_PROFIT_QOQ":18.79454853423,"ROA":-0.442628969678,"HOLDER_PROFIT_QOQ":10.128934629241,"ROE_YEARLY":-0.694418039569,"ROIC_YEARLY":-0.560756818837,"TOTAL_ASSETS":3157285264.32,"TOTAL_LIABILITIES":995835028.32,"TAX_EBT":-30.783295545967,"OCF_SALES":-9.427215302809,"TOTAL_PARENT_EQUITY":1990918295.52,"DEBT_ASSET_RATIO":31.5408632718,"OPERATE_PROFIT":-19080848.16,"PRETAX_PROFIT":-12489465.12,"NETCASH_OPERATE":-36194146.56,"NETCASH_INVEST":-70066328.64,"NETCASH_FINANCE":-29103111.84,"END_CASH":427965822.24,"DIVI_RATIO":null,"DIVIDEND_RATE":null,"CURRENT_RATIO":1.245371258898,"COMMON_ACS":null,"CURRENTDEBT_DEBT":83.160475617844,"ISSUED_COMMON_SHARES":683118258,"HK_COMMON_SHARES":683118258,"PER_SHARES":10000,"TOTAL_MARKET_CAP":116130103.86,"HKSK_MARKET_CAP":116130103.86,"PE_TTM":-0.451337742653,"PB_TTM":0.063896256221,"REPORT_DATE_SQ":"2018-12-31 00:00:00","REPORT_TYPE_SQ":"2018年年报","OPERATE_INCOME_SQ":387901031.22,"DPS_HKD":null,"OPERATE_INCOME_QOQ_SQ":12.909446036029,"NET_PROFIT_RATIO_SQ":11.0239541734,"HOLDER_PROFIT_SQ":38422669.14,"HOLDER_PROFIT_QOQ_SQ":-19.292785796204,"ROE_AVG_SQ":1.94583869216,"PE_TTM_SQ":-1.459565290886,"PB_TTM_SQ":0.068977391939,"ROA_SQ":1.256947470019,"START_DATE":"2019-07-01 00:00:00","FISCAL_YEAR":"6-30","CURRENCY":"HKD","IS_CNY_CODE":0,"DPS_HKD_LY":0.0025,"ORG_TYPE":"一般企业","PREMIUM_INCOME":null,"PREMIUM_INCOME_YOY":null,"NET_INTEREST_INCOME":null,"NET_INTEREST_INCOME_YOY":null,"FEE_COMMISSION_INCOME":null,"FEE_COMMISSION_INCOME_YOY":null,"ACCOUNTS_RECE_TDAYS":4.049901718955,"INVENTORY_TDAYS":0.652417321004,"CURRENT_ASSETS_TDAYS":0.355256218241,"TOTAL_ASSETS_TDAYS":0.121272143531,"PREMIUM_EXPENSE":null,"LOAN_DEPOSIT":null,"LOAN_EQUITY":null,"LOAN_ASSETS":null,"DEPOSIT_EQUITY":null,"DEPOSIT_ASSETS":null,"EQUITY_MULTIPLIER":1.460725401739,"EQUITY_RATIO":0.500188797582}],"count":48},"success":true,"message":"ok","code":0}