{"version":"19f7f25a0523462ef3bcccd97480317a","result":{"pages":5,"data":[{"SECUCODE":"00515.HK","SECURITY_CODE":"00515","SECURITY_NAME_ABBR":"中华银科技","ORG_CODE":"10093927","STD_REPORT_DATE":"2024-06-30 00:00:00","REPORT_DATE":"2024-06-30 00:00:00","DATE_TYPE_CODE":"002","REPORT_TYPE":"2024年中报","PER_NETCASH_OPERATE":-0.022815824338,"PER_OI":0.020516605162,"BPS":0.079048041146,"BASIC_EPS":-0.01779726,"DILUTED_EPS":-0.01779726,"OPERATE_INCOME":23251435.68,"OPERATE_INCOME_YOY":-77.0645588196,"GROSS_PROFIT":1212039.04,"GROSS_PROFIT_YOY":-83.102770158624,"HOLDER_PROFIT":-13664644.96,"HOLDER_PROFIT_YOY":-20.8491403665,"GROSS_PROFIT_RATIO":5.2127492542,"EPS_TTM":-0.02680143408,"OPERATE_INCOME_QOQ":-33.323081062256,"NET_PROFIT_RATIO":-61.171298477,"ROE_AVG":-18.316949784985,"GROSS_PROFIT_QOQ":-32.961689206135,"ROA":-2.159442802603,"HOLDER_PROFIT_QOQ":-7.970466658715,"ROE_YEARLY":-36.63389956997,"ROIC_YEARLY":-4.008766163786,"TOTAL_ASSETS":626608668.12,"TOTAL_LIABILITIES":594427571.32,"TAX_EBT":0.491667198774,"OCF_SALES":-111.206625843932,"TOTAL_PARENT_EQUITY":89585018.08,"DEBT_ASSET_RATIO":94.864243277,"OPERATE_PROFIT":-6354078.16,"PRETAX_PROFIT":-14293481.48,"NETCASH_OPERATE":-25857137.08,"NETCASH_INVEST":-11435880.4,"NETCASH_FINANCE":37066672.84,"END_CASH":8175787.44,"DIVI_RATIO":null,"DIVIDEND_RATE":null,"CURRENT_RATIO":0.173784622124,"COMMON_ACS":1200000000000,"CURRENTDEBT_DEBT":95.335322179214,"ISSUED_COMMON_SHARES":1133298394,"HK_COMMON_SHARES":1133298394,"PER_SHARES":10000,"TOTAL_MARKET_CAP":72531097.216,"HKSK_MARKET_CAP":72531097.216,"PE_TTM":-2.156994504728,"PB_TTM":0.738936969885,"REPORT_DATE_SQ":"2023-06-30 00:00:00","REPORT_TYPE_SQ":"2023年中报","OPERATE_INCOME_SQ":102410772.46,"DPS_HKD":null,"OPERATE_INCOME_QOQ_SQ":-25.938261685407,"NET_PROFIT_RATIO_SQ":-11.8242300386,"HOLDER_PROFIT_SQ":-11422410.22,"HOLDER_PROFIT_QOQ_SQ":12.351443375554,"ROE_AVG_SQ":-16.674293405114,"PE_TTM_SQ":-2.405269603898,"PB_TTM_SQ":1.21501581626,"ROA_SQ":-1.766892549572,"START_DATE":"2024-01-01 00:00:00","FISCAL_YEAR":"12-31","CURRENCY":"HKD","IS_CNY_CODE":0,"DPS_HKD_LY":null,"ORG_TYPE":"一般企业","PREMIUM_INCOME":null,"PREMIUM_INCOME_YOY":null,"NET_INTEREST_INCOME":null,"NET_INTEREST_INCOME_YOY":null,"FEE_COMMISSION_INCOME":null,"FEE_COMMISSION_INCOME_YOY":null,"ACCOUNTS_RECE_TDAYS":0.316719917451,"INVENTORY_TDAYS":0.824149758537,"CURRENT_ASSETS_TDAYS":0.183187663811,"TOTAL_ASSETS_TDAYS":0.036744566417,"PREMIUM_EXPENSE":null,"LOAN_DEPOSIT":null,"LOAN_EQUITY":null,"LOAN_ASSETS":null,"DEPOSIT_EQUITY":null,"DEPOSIT_ASSETS":null,"EQUITY_MULTIPLIER":19.471327283117,"EQUITY_RATIO":6.635345776111},{"SECUCODE":"00515.HK","SECURITY_CODE":"00515","SECURITY_NAME_ABBR":"中华银科技","ORG_CODE":"10093927","STD_REPORT_DATE":"2023-12-31 00:00:00","REPORT_DATE":"2023-12-31 00:00:00","DATE_TYPE_CODE":"001","REPORT_TYPE":"2023年年报","PER_NETCASH_OPERATE":0.081376522154,"PER_OI":0.354863475817,"BPS":0.052232666113,"BASIC_EPS":-0.042048608,"DILUTED_EPS":-0.042048608,"OPERATE_INCOME":237551073.48,"OPERATE_INCOME_YOY":0.751405763,"GROSS_PROFIT":18084526.32,"GROSS_PROFIT_YOY":10.775377806734,"HOLDER_PROFIT":-28131787.46,"HOLDER_PROFIT_YOY":24.3831145105,"GROSS_PROFIT_RATIO":7.61290027238,"EPS_TTM":-0.04202441072,"OPERATE_INCOME_QOQ":38.00922188175,"NET_PROFIT_RATIO":-12.739286014,"ROE_AVG":-42.802581143314,"GROSS_PROFIT_QOQ":15.768739386618,"ROA":-4.417438944129,"HOLDER_PROFIT_QOQ":12.476452722703,"ROE_YEARLY":-42.802581143314,"ROIC_YEARLY":-4.163260762712,"TOTAL_ASSETS":634440090.9,"TOTAL_LIABILITIES":631727774.44,"TAX_EBT":1.189489880459,"OCF_SALES":22.931782981223,"TOTAL_PARENT_EQUITY":59195196.62,"DEBT_ASSET_RATIO":99.5724865911,"OPERATE_PROFIT":-14642702.76,"PRETAX_PROFIT":-30626611.12,"NETCASH_OPERATE":54474696.64,"NETCASH_INVEST":-75653964.26,"NETCASH_FINANCE":4160456.02,"END_CASH":8150542.68,"DIVI_RATIO":null,"DIVIDEND_RATE":null,"CURRENT_RATIO":0.255299525348,"COMMON_ACS":1200000000000,"CURRENTDEBT_DEBT":95.653864140398,"ISSUED_COMMON_SHARES":1133298394,"HK_COMMON_SHARES":1133298394,"PER_SHARES":10000,"TOTAL_MARKET_CAP":65731306.852,"HKSK_MARKET_CAP":65731306.852,"PE_TTM":-1.95477626991,"PB_TTM":0.669661628958,"REPORT_DATE_SQ":"2022-12-31 00:00:00","REPORT_TYPE_SQ":"2022年年报","OPERATE_INCOME_SQ":232410095.33,"DPS_HKD":null,"OPERATE_INCOME_QOQ_SQ":-13.739396750906,"NET_PROFIT_RATIO_SQ":-16.8018940806,"HOLDER_PROFIT_SQ":-36671413.31,"HOLDER_PROFIT_QOQ_SQ":-353.902529222067,"ROE_AVG_SQ":-58.826985355229,"PE_TTM_SQ":-1.404677448676,"PB_TTM_SQ":0.709569236696,"ROA_SQ":-6.530353185959,"START_DATE":"2023-01-01 00:00:00","FISCAL_YEAR":"12-31","CURRENCY":"HKD","IS_CNY_CODE":0,"DPS_HKD_LY":null,"ORG_TYPE":"一般企业","PREMIUM_INCOME":null,"PREMIUM_INCOME_YOY":null,"NET_INTEREST_INCOME":null,"NET_INTEREST_INCOME_YOY":null,"FEE_COMMISSION_INCOME":null,"FEE_COMMISSION_INCOME_YOY":null,"ACCOUNTS_RECE_TDAYS":2.34328571684,"INVENTORY_TDAYS":6.05755449668,"CURRENT_ASSETS_TDAYS":1.223318913016,"TOTAL_ASSETS_TDAYS":0.373018374571,"PREMIUM_EXPENSE":null,"LOAN_DEPOSIT":null,"LOAN_EQUITY":null,"LOAN_ASSETS":null,"DEPOSIT_EQUITY":null,"DEPOSIT_ASSETS":null,"EQUITY_MULTIPLIER":233.910791844643,"EQUITY_RATIO":10.671943172946},{"SECUCODE":"00515.HK","SECURITY_CODE":"00515","SECURITY_NAME_ABBR":"中华银科技","ORG_CODE":"10093927","STD_REPORT_DATE":"2023-06-30 00:00:00","REPORT_DATE":"2023-06-30 00:00:00","DATE_TYPE_CODE":"002","REPORT_TYPE":"2023年中报","PER_NETCASH_OPERATE":-0.000575707764,"PER_OI":0.152985386022,"BPS":0.056027468984,"BASIC_EPS":-0.01705663,"DILUTED_EPS":-0.01705663,"OPERATE_INCOME":102410772.46,"OPERATE_INCOME_YOY":-41.6130948313,"GROSS_PROFIT":7173004.4,"GROSS_PROFIT_YOY":-8.939149755905,"HOLDER_PROFIT":-11422410.22,"HOLDER_PROFIT_YOY":33.5817294805,"GROSS_PROFIT_RATIO":7.004150274134,"EPS_TTM":-0.048014976572,"OPERATE_INCOME_QOQ":-25.938261685407,"NET_PROFIT_RATIO":-11.8242300386,"ROE_AVG":-16.674293405114,"GROSS_PROFIT_QOQ":-4.313221001059,"ROA":-1.766892549572,"HOLDER_PROFIT_QOQ":12.351443375554,"ROE_YEARLY":-33.348586810229,"ROIC_YEARLY":-3.388166441044,"TOTAL_ASSETS":642591478.62,"TOTAL_LIABILITIES":636205845.14,"TAX_EBT":0.152045005322,"OCF_SALES":-0.376315528867,"TOTAL_PARENT_EQUITY":63495840.62,"DEBT_ASSET_RATIO":99.0062685715,"OPERATE_PROFIT":-1997930.66,"PRETAX_PROFIT":-12127724.92,"NETCASH_OPERATE":-385387.64,"NETCASH_INVEST":304253.4,"NETCASH_FINANCE":6547901.96,"END_CASH":31481929.08,"DIVI_RATIO":null,"DIVIDEND_RATE":null,"CURRENT_RATIO":0.377995383626,"COMMON_ACS":1200000000000,"CURRENTDEBT_DEBT":95.055815362231,"ISSUED_COMMON_SHARES":1133298394,"HK_COMMON_SHARES":1133298394,"PER_SHARES":10000,"TOTAL_MARKET_CAP":65731306.852,"HKSK_MARKET_CAP":65731306.852,"PE_TTM":-1.95477626991,"PB_TTM":0.669661628958,"REPORT_DATE_SQ":"2022-06-30 00:00:00","REPORT_TYPE_SQ":"2022年中报","OPERATE_INCOME_SQ":162693911.17,"DPS_HKD":null,"OPERATE_INCOME_QOQ_SQ":-12.211774640884,"NET_PROFIT_RATIO_SQ":-10.8750387662,"HOLDER_PROFIT_SQ":-15951859.07,"HOLDER_PROFIT_QOQ_SQ":-151.055114152765,"ROE_AVG_SQ":-24.143152989904,"PE_TTM_SQ":-1.404677448676,"PB_TTM_SQ":0.709569236696,"ROA_SQ":-3.271818996652,"START_DATE":"2023-01-01 00:00:00","FISCAL_YEAR":"12-31","CURRENCY":"HKD","IS_CNY_CODE":0,"DPS_HKD_LY":null,"ORG_TYPE":"一般企业","PREMIUM_INCOME":null,"PREMIUM_INCOME_YOY":null,"NET_INTEREST_INCOME":null,"NET_INTEREST_INCOME_YOY":null,"FEE_COMMISSION_INCOME":null,"FEE_COMMISSION_INCOME_YOY":null,"ACCOUNTS_RECE_TDAYS":0.831349332575,"INVENTORY_TDAYS":2.344515309017,"CURRENT_ASSETS_TDAYS":0.438810581041,"TOTAL_ASSETS_TDAYS":0.158415629775,"PREMIUM_EXPENSE":null,"LOAN_DEPOSIT":null,"LOAN_EQUITY":null,"LOAN_ASSETS":null,"DEPOSIT_EQUITY":null,"DEPOSIT_ASSETS":null,"EQUITY_MULTIPLIER":100.630811436593,"EQUITY_RATIO":10.019645994569},{"SECUCODE":"00515.HK","SECURITY_CODE":"00515","SECURITY_NAME_ABBR":"中华银科技","ORG_CODE":"10093927","STD_REPORT_DATE":"2022-12-31 00:00:00","REPORT_DATE":"2022-12-31 00:00:00","DATE_TYPE_CODE":"001","REPORT_TYPE":"2022年年报","PER_NETCASH_OPERATE":0.018305342198,"PER_OI":0.347183673117,"BPS":0.062844270094,"BASIC_EPS":-0.057258607,"DILUTED_EPS":-0.057258607,"OPERATE_INCOME":232410095.33,"OPERATE_INCOME_YOY":-30.6882450882,"GROSS_PROFIT":16325402.52,"GROSS_PROFIT_YOY":-7.097804700989,"HOLDER_PROFIT":-36671413.31,"HOLDER_PROFIT_YOY":-943.0132113821,"GROSS_PROFIT_RATIO":7.024394743619,"EPS_TTM":-0.054781251878,"OPERATE_INCOME_QOQ":-13.739396750906,"NET_PROFIT_RATIO":-16.8018940806,"ROE_AVG":-58.826985355229,"GROSS_PROFIT_QOQ":31.05506983775,"ROA":-6.530353185959,"HOLDER_PROFIT_QOQ":-353.902529222067,"ROE_YEARLY":-58.826985355229,"ROIC_YEARLY":-6.177001416619,"TOTAL_ASSETS":630094792.6,"TOTAL_LIABILITIES":613306676.22,"TAX_EBT":null,"OCF_SALES":5.272523916227,"TOTAL_PARENT_EQUITY":71221310.37,"DEBT_ASSET_RATIO":97.3356205166,"OPERATE_PROFIT":-24897221.44,"PRETAX_PROFIT":-39049298.05,"NETCASH_OPERATE":12253877.86,"NETCASH_INVEST":-178042110.05,"NETCASH_FINANCE":174711999.49,"END_CASH":25425144.01,"DIVI_RATIO":null,"DIVIDEND_RATE":null,"CURRENT_RATIO":0.387446137417,"COMMON_ACS":1200000000000,"CURRENTDEBT_DEBT":97.109903202221,"ISSUED_COMMON_SHARES":1133298394,"HK_COMMON_SHARES":1133298394,"PER_SHARES":10000,"TOTAL_MARKET_CAP":65731306.852,"HKSK_MARKET_CAP":65731306.852,"PE_TTM":-1.95477626991,"PB_TTM":0.669661628958,"REPORT_DATE_SQ":"2021-12-31 00:00:00","REPORT_TYPE_SQ":"2021年年报","OPERATE_INCOME_SQ":306906600,"DPS_HKD":null,"OPERATE_INCOME_QOQ_SQ":-0.208665702268,"NET_PROFIT_RATIO_SQ":-1.7712953713,"HOLDER_PROFIT_SQ":-3218073.6,"HOLDER_PROFIT_QOQ_SQ":93.002718086571,"ROE_AVG_SQ":-6.739091352698,"PE_TTM_SQ":-1.404677448676,"PB_TTM_SQ":0.709569236696,"ROA_SQ":-0.73060852488,"START_DATE":"2022-01-01 00:00:00","FISCAL_YEAR":"12-31","CURRENCY":"HKD","IS_CNY_CODE":0,"DPS_HKD_LY":null,"ORG_TYPE":"一般企业","PREMIUM_INCOME":null,"PREMIUM_INCOME_YOY":null,"NET_INTEREST_INCOME":null,"NET_INTEREST_INCOME_YOY":null,"FEE_COMMISSION_INCOME":null,"FEE_COMMISSION_INCOME_YOY":null,"ACCOUNTS_RECE_TDAYS":1.636592944847,"INVENTORY_TDAYS":5.057716633388,"CURRENT_ASSETS_TDAYS":0.930129216887,"TOTAL_ASSETS_TDAYS":0.413870061036,"PREMIUM_EXPENSE":null,"LOAN_DEPOSIT":null,"LOAN_EQUITY":null,"LOAN_ASSETS":null,"DEPOSIT_EQUITY":null,"DEPOSIT_ASSETS":null,"EQUITY_MULTIPLIER":37.532191124813,"EQUITY_RATIO":8.611280430447},{"SECUCODE":"00515.HK","SECURITY_CODE":"00515","SECURITY_NAME_ABBR":"中华银科技","ORG_CODE":"10093927","STD_REPORT_DATE":"2022-06-30 00:00:00","REPORT_DATE":"2022-06-30 00:00:00","DATE_TYPE_CODE":"002","REPORT_TYPE":"2022年中报","PER_NETCASH_OPERATE":-0.021284722039,"PER_OI":0.243038795684,"BPS":0.071445026693,"BASIC_EPS":-0.026083295,"DILUTED_EPS":-0.026083295,"OPERATE_INCOME":162693911.17,"OPERATE_INCOME_YOY":-20.9195698531,"GROSS_PROFIT":7877155.09,"GROSS_PROFIT_YOY":-39.373524101093,"HOLDER_PROFIT":-15951859.07,"HOLDER_PROFIT_YOY":-39.942981469,"GROSS_PROFIT_RATIO":4.84170245423,"EPS_TTM":-0.012068946162,"OPERATE_INCOME_QOQ":-12.211774640884,"NET_PROFIT_RATIO":-10.8750387662,"ROE_AVG":-24.143152989904,"GROSS_PROFIT_QOQ":-29.112093554239,"ROA":-3.271818996652,"HOLDER_PROFIT_QOQ":-151.055114152765,"ROE_YEARLY":-48.286305979808,"ROIC_YEARLY":-6.153226996941,"TOTAL_ASSETS":503111697.76,"TOTAL_LIABILITIES":474639001.9,"TAX_EBT":null,"OCF_SALES":-8.757746671362,"TOTAL_PARENT_EQUITY":80968534.01,"DEBT_ASSET_RATIO":94.3406810085,"OPERATE_PROFIT":-13949859.28,"PRETAX_PROFIT":-17693025.91,"NETCASH_OPERATE":-14248320.59,"NETCASH_INVEST":-22446171.93,"NETCASH_FINANCE":43962752.33,"END_CASH":24363507.91,"DIVI_RATIO":null,"DIVIDEND_RATE":null,"CURRENT_RATIO":0.584536372041,"COMMON_ACS":1200000000000,"CURRENTDEBT_DEBT":96.86257905263,"ISSUED_COMMON_SHARES":1133298394,"HK_COMMON_SHARES":1133298394,"PER_SHARES":10000,"TOTAL_MARKET_CAP":65731306.852,"HKSK_MARKET_CAP":65731306.852,"PE_TTM":-1.95477626991,"PB_TTM":0.669661628958,"REPORT_DATE_SQ":"2021-06-30 00:00:00","REPORT_TYPE_SQ":"2021年中报","OPERATE_INCOME_SQ":200172653.52,"DPS_HKD":null,"OPERATE_INCOME_QOQ_SQ":53.812551668242,"NET_PROFIT_RATIO_SQ":-5.7679917196,"HOLDER_PROFIT_SQ":-11090794.32,"HOLDER_PROFIT_QOQ_SQ":26.505740365117,"ROE_AVG_SQ":-24.999765551002,"PE_TTM_SQ":-1.404677448676,"PB_TTM_SQ":0.709569236696,"ROA_SQ":-2.439740925103,"START_DATE":"2022-01-01 00:00:00","FISCAL_YEAR":"12-31","CURRENCY":"HKD","IS_CNY_CODE":0,"DPS_HKD_LY":null,"ORG_TYPE":"一般企业","PREMIUM_INCOME":null,"PREMIUM_INCOME_YOY":null,"NET_INTEREST_INCOME":null,"NET_INTEREST_INCOME_YOY":null,"FEE_COMMISSION_INCOME":null,"FEE_COMMISSION_INCOME_YOY":null,"ACCOUNTS_RECE_TDAYS":1.012369724109,"INVENTORY_TDAYS":3.863911892769,"CURRENT_ASSETS_TDAYS":0.618309458614,"TOTAL_ASSETS_TDAYS":0.333694666477,"PREMIUM_EXPENSE":null,"LOAN_DEPOSIT":null,"LOAN_EQUITY":null,"LOAN_ASSETS":null,"DEPOSIT_EQUITY":null,"DEPOSIT_ASSETS":null,"EQUITY_MULTIPLIER":17.669970565397,"EQUITY_RATIO":5.862017976531},{"SECUCODE":"00515.HK","SECURITY_CODE":"00515","SECURITY_NAME_ABBR":"中华银科技","ORG_CODE":"10093927","STD_REPORT_DATE":"2021-12-31 00:00:00","REPORT_DATE":"2021-12-31 00:00:00","DATE_TYPE_CODE":"001","REPORT_TYPE":"2021年年报","PER_NETCASH_OPERATE":0.02150934863,"PER_OI":0.110032458088,"BPS":0.043171332333,"BASIC_EPS":-0.00580496,"DILUTED_EPS":-0.00580496,"OPERATE_INCOME":306906600,"OPERATE_INCOME_YOY":58.0047311973,"GROSS_PROFIT":17572676.8,"GROSS_PROFIT_YOY":314.185467107554,"HOLDER_PROFIT":-3218073.6,"HOLDER_PROFIT_YOY":94.7061909053,"GROSS_PROFIT_RATIO":5.725740925741,"EPS_TTM":-0.001153746933,"OPERATE_INCOME_QOQ":-0.208665702268,"NET_PROFIT_RATIO":-1.7712953713,"ROE_AVG":-6.739091352698,"GROSS_PROFIT_QOQ":3.574790900795,"ROA":-0.73060852488,"HOLDER_PROFIT_QOQ":93.002718086571,"ROE_YEARLY":-6.739091352698,"ROIC_YEARLY":-0.685527974975,"TOTAL_ASSETS":451248156.8,"TOTAL_LIABILITIES":450845897.6,"TAX_EBT":null,"OCF_SALES":19.548185148185,"TOTAL_PARENT_EQUITY":48926001.6,"DEBT_ASSET_RATIO":99.9108563229,"OPERATE_PROFIT":4313657.6,"PRETAX_PROFIT":-5436222.4,"NETCASH_OPERATE":59994670.4,"NETCASH_INVEST":-62473633.6,"NETCASH_FINANCE":-2129848,"END_CASH":16270240,"DIVI_RATIO":null,"DIVIDEND_RATE":null,"CURRENT_RATIO":0.564689291494,"COMMON_ACS":1200000000000,"CURRENTDEBT_DEBT":96.703637478102,"ISSUED_COMMON_SHARES":1133298394,"HK_COMMON_SHARES":1133298394,"PER_SHARES":10000,"TOTAL_MARKET_CAP":65731306.852,"HKSK_MARKET_CAP":65731306.852,"PE_TTM":-1.95477626991,"PB_TTM":0.669661628958,"REPORT_DATE_SQ":"2020-12-31 00:00:00","REPORT_TYPE_SQ":"2020年年报","OPERATE_INCOME_SQ":199950098.08,"DPS_HKD":null,"OPERATE_INCOME_QOQ_SQ":-10.502444087623,"NET_PROFIT_RATIO_SQ":-31.7697371744,"HOLDER_PROFIT_SQ":-62576775.64,"HOLDER_PROFIT_QOQ_SQ":24.790038037299,"ROE_AVG_SQ":-86.901283339957,"PE_TTM_SQ":-1.404677448676,"PB_TTM_SQ":0.709569236696,"ROA_SQ":-14.218318531947,"START_DATE":"2021-01-01 00:00:00","FISCAL_YEAR":"12-31","CURRENCY":"HKD","IS_CNY_CODE":0,"DPS_HKD_LY":null,"ORG_TYPE":"一般企业","PREMIUM_INCOME":null,"PREMIUM_INCOME_YOY":null,"NET_INTEREST_INCOME":null,"NET_INTEREST_INCOME_YOY":null,"FEE_COMMISSION_INCOME":null,"FEE_COMMISSION_INCOME_YOY":null,"ACCOUNTS_RECE_TDAYS":1.791223185335,"INVENTORY_TDAYS":8.139428439998,"CURRENT_ASSETS_TDAYS":1.166409277207,"TOTAL_ASSETS_TDAYS":0.696778899966,"PREMIUM_EXPENSE":null,"LOAN_DEPOSIT":null,"LOAN_EQUITY":null,"LOAN_ASSETS":null,"DEPOSIT_EQUITY":null,"DEPOSIT_ASSETS":null,"EQUITY_MULTIPLIER":1121.78455335447,"EQUITY_RATIO":9.21485269297},{"SECUCODE":"00515.HK","SECURITY_CODE":"00515","SECURITY_NAME_ABBR":"中华银科技","ORG_CODE":"10093927","STD_REPORT_DATE":"2021-06-30 00:00:00","REPORT_DATE":"2021-06-30 00:00:00","DATE_TYPE_CODE":"002","REPORT_TYPE":"2021年中报","PER_NETCASH_OPERATE":0.004664204203,"PER_OI":0.071766097923,"BPS":0.036463114444,"BASIC_EPS":-0.020302752,"DILUTED_EPS":-0.020302752,"OPERATE_INCOME":200172653.52,"OPERATE_INCOME_YOY":137.3716044876,"GROSS_PROFIT":12992929.2,"GROSS_PROFIT_YOY":4721.75378750768,"HOLDER_PROFIT":-11090794.32,"HOLDER_PROFIT_YOY":56.0099009901,"GROSS_PROFIT_RATIO":6.490861249787,"EPS_TTM":-0.016488501499,"OPERATE_INCOME_QOQ":53.812551668242,"NET_PROFIT_RATIO":-5.7679917196,"ROE_AVG":-24.999765551002,"GROSS_PROFIT_QOQ":299.890227636824,"ROA":-2.439740925103,"HOLDER_PROFIT_QOQ":26.505740365117,"ROE_YEARLY":-49.999531102004,"ROIC_YEARLY":-4.646169237124,"TOTAL_ASSETS":471886713.36,"TOTAL_LIABILITIES":478046601.6,"TAX_EBT":null,"OCF_SALES":6.499174872905,"TOTAL_PARENT_EQUITY":41323589.04,"DEBT_ASSET_RATIO":101.305374376,"OPERATE_PROFIT":-8057030.64,"PRETAX_PROFIT":-11545942.08,"NETCASH_OPERATE":13009570.8,"NETCASH_INVEST":-12813199.92,"NETCASH_FINANCE":6866324.16,"END_CASH":27959552.16,"DIVI_RATIO":null,"DIVIDEND_RATE":null,"CURRENT_RATIO":0.704026769734,"COMMON_ACS":1200000000000,"CURRENTDEBT_DEBT":96.95867854905,"ISSUED_COMMON_SHARES":1133298394,"HK_COMMON_SHARES":1133298394,"PER_SHARES":10000,"TOTAL_MARKET_CAP":65731306.852,"HKSK_MARKET_CAP":65731306.852,"PE_TTM":-1.95477626991,"PB_TTM":0.669661628958,"REPORT_DATE_SQ":"2020-06-30 00:00:00","REPORT_TYPE_SQ":"2020年中报","OPERATE_INCOME_SQ":92574403.68,"DPS_HKD":null,"OPERATE_INCOME_QOQ_SQ":-9.13364103744,"NET_PROFIT_RATIO_SQ":-30.6767837232,"HOLDER_PROFIT_SQ":-27677232,"HOLDER_PROFIT_QOQ_SQ":9.731139817881,"ROE_AVG_SQ":-30.731469836505,"PE_TTM_SQ":-1.404677448676,"PB_TTM_SQ":0.709569236696,"ROA_SQ":-5.862464266539,"START_DATE":"2021-01-01 00:00:00","FISCAL_YEAR":"12-31","CURRENCY":"HKD","IS_CNY_CODE":0,"DPS_HKD_LY":null,"ORG_TYPE":"一般企业","PREMIUM_INCOME":null,"PREMIUM_INCOME_YOY":null,"NET_INTEREST_INCOME":null,"NET_INTEREST_INCOME_YOY":null,"FEE_COMMISSION_INCOME":null,"FEE_COMMISSION_INCOME_YOY":null,"ACCOUNTS_RECE_TDAYS":0.966210408785,"INVENTORY_TDAYS":5.743017615522,"CURRENT_ASSETS_TDAYS":0.654878603181,"TOTAL_ASSETS_TDAYS":0.44033763569,"PREMIUM_EXPENSE":null,"LOAN_DEPOSIT":null,"LOAN_EQUITY":null,"LOAN_ASSETS":null,"DEPOSIT_EQUITY":null,"DEPOSIT_ASSETS":null,"EQUITY_MULTIPLIER":-76.606375794219,"EQUITY_RATIO":11.568370819322},{"SECUCODE":"00515.HK","SECURITY_CODE":"00515","SECURITY_NAME_ABBR":"中华银科技","ORG_CODE":"10093927","STD_REPORT_DATE":"2020-12-31 00:00:00","REPORT_DATE":"2020-12-31 00:00:00","DATE_TYPE_CODE":"001","REPORT_TYPE":"2020年年报","PER_NETCASH_OPERATE":0.018486599364,"PER_OI":0.073558744247,"BPS":0.042308566794,"BASIC_EPS":-0.023060936,"DILUTED_EPS":-0.023060936,"OPERATE_INCOME":199950098.08,"OPERATE_INCOME_YOY":-13.4455710315,"GROSS_PROFIT":4242707.24,"GROSS_PROFIT_YOY":159.382654318507,"HOLDER_PROFIT":-62576775.64,"HOLDER_PROFIT_YOY":27.7416031721,"GROSS_PROFIT_RATIO":2.121883050191,"EPS_TTM":-0.023021089158,"OPERATE_INCOME_QOQ":-10.502444087623,"NET_PROFIT_RATIO":-31.7697371744,"ROE_AVG":-86.901283339957,"GROSS_PROFIT_QOQ":182.253577586431,"ROA":-14.218318531947,"HOLDER_PROFIT_QOQ":24.790038037299,"ROE_YEARLY":-86.901283339957,"ROIC_YEARLY":-13.379027149973,"TOTAL_ASSETS":442315485.6,"TOTAL_LIABILITIES":441935905.96,"TAX_EBT":null,"OCF_SALES":25.131749532773,"TOTAL_PARENT_EQUITY":47948230.8,"DEBT_ASSET_RATIO":99.9141835065,"OPERATE_PROFIT":-53164715.52,"PRETAX_PROFIT":-63523620.64,"NETCASH_OPERATE":50250957.84,"NETCASH_INVEST":-31421787.76,"NETCASH_FINANCE":-14399618.76,"END_CASH":21136946.96,"DIVI_RATIO":null,"DIVIDEND_RATE":null,"CURRENT_RATIO":0.67602448137,"COMMON_ACS":1200000000000,"CURRENTDEBT_DEBT":96.492404144821,"ISSUED_COMMON_SHARES":1133298394,"HK_COMMON_SHARES":1133298394,"PER_SHARES":10000,"TOTAL_MARKET_CAP":65731306.852,"HKSK_MARKET_CAP":65731306.852,"PE_TTM":-1.95477626991,"PB_TTM":0.669661628958,"REPORT_DATE_SQ":"2019-12-31 00:00:00","REPORT_TYPE_SQ":"2019年年报","OPERATE_INCOME_SQ":245871007.06,"DPS_HKD":null,"OPERATE_INCOME_QOQ_SQ":-3.045311431206,"NET_PROFIT_RATIO_SQ":-43.9279065277,"HOLDER_PROFIT_SQ":-92172178.88,"HOLDER_PROFIT_QOQ_SQ":16.608735704729,"ROE_AVG_SQ":-70.931695429932,"PE_TTM_SQ":-1.404677448676,"PB_TTM_SQ":0.709569236696,"ROA_SQ":-17.324892241379,"START_DATE":"2020-01-01 00:00:00","FISCAL_YEAR":"12-31","CURRENCY":"HKD","IS_CNY_CODE":0,"DPS_HKD_LY":null,"ORG_TYPE":"一般企业","PREMIUM_INCOME":null,"PREMIUM_INCOME_YOY":null,"NET_INTEREST_INCOME":null,"NET_INTEREST_INCOME_YOY":null,"FEE_COMMISSION_INCOME":null,"FEE_COMMISSION_INCOME_YOY":null,"ACCOUNTS_RECE_TDAYS":0.913720889983,"INVENTORY_TDAYS":6.465480328097,"CURRENT_ASSETS_TDAYS":0.682652659527,"TOTAL_ASSETS_TDAYS":0.454314584911,"PREMIUM_EXPENSE":null,"LOAN_DEPOSIT":null,"LOAN_EQUITY":null,"LOAN_ASSETS":null,"DEPOSIT_EQUITY":null,"DEPOSIT_ASSETS":null,"EQUITY_MULTIPLIER":1165.27716201779,"EQUITY_RATIO":9.216938739688},{"SECUCODE":"00515.HK","SECURITY_CODE":"00515","SECURITY_NAME_ABBR":"中华银科技","ORG_CODE":"10093927","STD_REPORT_DATE":"2020-06-30 00:00:00","REPORT_DATE":"2020-06-30 00:00:00","DATE_TYPE_CODE":"002","REPORT_TYPE":"2020年中报","PER_NETCASH_OPERATE":0.01269530587,"PER_OI":0.034056781915,"BPS":0.066935185509,"BASIC_EPS":-0.010139184,"DILUTED_EPS":-0.010139184,"OPERATE_INCOME":92574403.68,"OPERATE_INCOME_YOY":-22.4986235165,"GROSS_PROFIT":269464.8,"GROSS_PROFIT_YOY":-32.969725571811,"HOLDER_PROFIT":-27677232,"HOLDER_PROFIT_YOY":27.2683629381,"GROSS_PROFIT_RATIO":0.291079163665,"EPS_TTM":-0.030609095601,"OPERATE_INCOME_QOQ":-9.13364103744,"NET_PROFIT_RATIO":-30.6767837232,"ROE_AVG":-30.731469836505,"GROSS_PROFIT_QOQ":-8.102970195628,"ROA":-5.862464266539,"HOLDER_PROFIT_QOQ":9.731139817881,"ROE_YEARLY":-61.462939673009,"ROIC_YEARLY":-11.066380937337,"TOTAL_ASSETS":468948221.28,"TOTAL_LIABILITIES":445545888.48,"TAX_EBT":-0.012867528791,"OCF_SALES":37.276880420733,"TOTAL_PARENT_EQUITY":75857538.24,"DEBT_ASSET_RATIO":95.0096126314,"OPERATE_PROFIT":-21516992.64,"PRETAX_PROFIT":-28395195.84,"NETCASH_OPERATE":34508849.76,"NETCASH_INVEST":-28655526.24,"NETCASH_FINANCE":-71248.32,"END_CASH":27508245.6,"DIVI_RATIO":null,"DIVIDEND_RATE":null,"CURRENT_RATIO":0.742051288541,"COMMON_ACS":1200000000000,"CURRENTDEBT_DEBT":97.198457460222,"ISSUED_COMMON_SHARES":1133298394,"HK_COMMON_SHARES":1133298394,"PER_SHARES":10000,"TOTAL_MARKET_CAP":65731306.852,"HKSK_MARKET_CAP":65731306.852,"PE_TTM":-1.95477626991,"PB_TTM":0.669661628958,"REPORT_DATE_SQ":"2019-06-30 00:00:00","REPORT_TYPE_SQ":"2019年中报","OPERATE_INCOME_SQ":115031378.88,"DPS_HKD":null,"OPERATE_INCOME_QOQ_SQ":-14.978929866218,"NET_PROFIT_RATIO_SQ":-33.4477853909,"HOLDER_PROFIT_SQ":-36646635.6,"HOLDER_PROFIT_QOQ_SQ":5.697368231016,"ROE_AVG_SQ":-23.497295498514,"PE_TTM_SQ":-1.404677448676,"PB_TTM_SQ":0.709569236696,"ROA_SQ":-6.075529949986,"START_DATE":"2020-01-01 00:00:00","FISCAL_YEAR":"12-31","CURRENCY":"HKD","IS_CNY_CODE":0,"DPS_HKD_LY":null,"ORG_TYPE":"一般企业","PREMIUM_INCOME":null,"PREMIUM_INCOME_YOY":null,"NET_INTEREST_INCOME":null,"NET_INTEREST_INCOME_YOY":null,"FEE_COMMISSION_INCOME":null,"FEE_COMMISSION_INCOME_YOY":null,"ACCOUNTS_RECE_TDAYS":0.37688704768,"INVENTORY_TDAYS":3.259899672565,"CURRENT_ASSETS_TDAYS":0.28738203802,"TOTAL_ASSETS_TDAYS":0.196086853472,"PREMIUM_EXPENSE":null,"LOAN_DEPOSIT":null,"LOAN_EQUITY":null,"LOAN_ASSETS":null,"DEPOSIT_EQUITY":null,"DEPOSIT_ASSETS":null,"EQUITY_MULTIPLIER":20.038524590137,"EQUITY_RATIO":5.873455675168}],"count":41},"success":true,"message":"ok","code":0}