{"version":"f58f0e89fdcbd362fee60cadca702a3e","result":{"pages":6,"data":[{"SECUCODE":"00517.HK","SECURITY_CODE":"00517","SECURITY_NAME_ABBR":"中远海运国际","ORG_CODE":"10008942","STD_REPORT_DATE":"2024-06-30 00:00:00","REPORT_DATE":"2024-06-30 00:00:00","DATE_TYPE_CODE":"002","REPORT_TYPE":"2024年中报","PER_NETCASH_OPERATE":0.014017319706,"PER_OI":1.09130701698,"BPS":4.958098122498,"BASIC_EPS":0.241586396,"DILUTED_EPS":0.241586396,"OPERATE_INCOME":1599824907.16,"OPERATE_INCOME_YOY":8.1620400194,"GROSS_PROFIT":366557843.04,"GROSS_PROFIT_YOY":15.868021561755,"HOLDER_PROFIT":354157259.88,"HOLDER_PROFIT_YOY":15.5169282888,"GROSS_PROFIT_RATIO":22.912372560239,"EPS_TTM":0.397311188171,"OPERATE_INCOME_QOQ":3.488808973954,"NET_PROFIT_RATIO":22.3875241245,"ROE_AVG":4.910889740849,"GROSS_PROFIT_QOQ":8.347173409427,"ROA":4.130850890389,"HOLDER_PROFIT_QOQ":8.261829157193,"ROE_YEARLY":9.821779481699,"ROIC_YEARLY":25.703603191547,"TOTAL_ASSETS":8745511501.76,"TOTAL_LIABILITIES":1157796642.24,"TAX_EBT":9.899551137081,"OCF_SALES":1.284452449017,"TOTAL_PARENT_EQUITY":7268430189.76,"DEBT_ASSET_RATIO":13.2387527248,"OPERATE_PROFIT":124020434.48,"PRETAX_PROFIT":397513210.6,"NETCASH_OPERATE":20548990.2,"NETCASH_INVEST":314045886.56,"NETCASH_FINANCE":-236483602.12,"END_CASH":1860693493.52,"DIVI_RATIO":1.007896862517,"DIVIDEND_RATE":9.734513274336,"CURRENT_RATIO":6.652487369182,"COMMON_ACS":3000000000,"CURRENTDEBT_DEBT":91.539988396365,"ISSUED_COMMON_SHARES":1465971429,"HK_COMMON_SHARES":1465971429,"PER_SHARES":2000,"TOTAL_MARKET_CAP":6626190859.08,"HKSK_MARKET_CAP":6626190859.08,"PE_TTM":10.260485662027,"PB_TTM":0.832035489835,"REPORT_DATE_SQ":"2023-06-30 00:00:00","REPORT_TYPE_SQ":"2023年中报","OPERATE_INCOME_SQ":1494171851.76,"DPS_HKD":0.44,"OPERATE_INCOME_QOQ_SQ":-1.370960928154,"NET_PROFIT_RATIO_SQ":21.4543024487,"HOLDER_PROFIT_SQ":309708755.66,"HOLDER_PROFIT_QOQ_SQ":54.222427484874,"ROE_AVG_SQ":4.285776255271,"PE_TTM_SQ":9.916852215535,"PB_TTM_SQ":0.651682462199,"ROA_SQ":3.652676828619,"START_DATE":"2024-01-01 00:00:00","FISCAL_YEAR":"12-31","CURRENCY":"HKD","IS_CNY_CODE":0,"DPS_HKD_LY":0.44,"ORG_TYPE":"一般企业","PREMIUM_INCOME":null,"PREMIUM_INCOME_YOY":null,"NET_INTEREST_INCOME":null,"NET_INTEREST_INCOME_YOY":null,"FEE_COMMISSION_INCOME":null,"FEE_COMMISSION_INCOME_YOY":null,"ACCOUNTS_RECE_TDAYS":1.237782989873,"INVENTORY_TDAYS":4.550130231352,"CURRENT_ASSETS_TDAYS":0.226256946104,"TOTAL_ASSETS_TDAYS":0.186601797869,"PREMIUM_EXPENSE":null,"LOAN_DEPOSIT":null,"LOAN_EQUITY":null,"LOAN_ASSETS":null,"DEPOSIT_EQUITY":null,"DEPOSIT_ASSETS":null,"EQUITY_MULTIPLIER":1.152588317257,"EQUITY_RATIO":0.159291155313},{"SECUCODE":"00517.HK","SECURITY_CODE":"00517","SECURITY_NAME_ABBR":"中远海运国际","ORG_CODE":"10008942","STD_REPORT_DATE":"2023-12-31 00:00:00","REPORT_DATE":"2023-12-31 00:00:00","DATE_TYPE_CODE":"001","REPORT_TYPE":"2023年年报","PER_NETCASH_OPERATE":0.323375393519,"PER_OI":2.065757622879,"BPS":4.84611825958,"BASIC_EPS":0.365478526,"DILUTED_EPS":0.365478526,"OPERATE_INCOME":3028341654.38,"OPERATE_INCOME_YOY":-15.6669751389,"GROSS_PROFIT":601398403.48,"GROSS_PROFIT_YOY":1.913816102702,"HOLDER_PROFIT":537998346.06,"HOLDER_PROFIT_YOY":71.0567564297,"GROSS_PROFIT_RATIO":19.859001133844,"EPS_TTM":0.366991017299,"OPERATE_INCOME_QOQ":-13.255136085525,"NET_PROFIT_RATIO":18.2123086582,"ROE_AVG":7.590735276123,"GROSS_PROFIT_QOQ":-5.42825196209,"ROA":6.439066706103,"HOLDER_PROFIT_QOQ":12.523593207262,"ROE_YEARLY":7.590735276123,"ROIC_YEARLY":21.24280535864,"TOTAL_ASSETS":8341962624.38,"TOTAL_LIABILITIES":922377902.6,"TAX_EBT":8.171397618757,"OCF_SALES":15.654082063507,"TOTAL_PARENT_EQUITY":7104270910.1,"DEBT_ASSET_RATIO":11.0570850546,"OPERATE_PROFIT":132191217.62,"PRETAX_PROFIT":600609085.86,"NETCASH_OPERATE":474059087.74,"NETCASH_INVEST":853414560.6,"NETCASH_FINANCE":-484952758.36,"END_CASH":1756511726.48,"DIVI_RATIO":1.091167579379,"DIVIDEND_RATE":10.451306413302,"CURRENT_RATIO":8.277747235771,"COMMON_ACS":3000000000,"CURRENTDEBT_DEBT":92.215595924663,"ISSUED_COMMON_SHARES":1465971429,"HK_COMMON_SHARES":1465971429,"PER_SHARES":2000,"TOTAL_MARKET_CAP":6171739716.09,"HKSK_MARKET_CAP":6171739716.09,"PE_TTM":9.556779786976,"PB_TTM":0.774971108895,"REPORT_DATE_SQ":"2022-12-31 00:00:00","REPORT_TYPE_SQ":"2022年年报","OPERATE_INCOME_SQ":3539617212.53,"DPS_HKD":0.44,"OPERATE_INCOME_QOQ_SQ":4.328528583236,"NET_PROFIT_RATIO_SQ":9.259139153,"HOLDER_PROFIT_SQ":310020072.74,"HOLDER_PROFIT_QOQ_SQ":26.765100685253,"ROE_AVG_SQ":4.375575688854,"PE_TTM_SQ":8.358489724522,"PB_TTM_SQ":0.549275218139,"ROA_SQ":3.657766514619,"START_DATE":"2023-01-01 00:00:00","FISCAL_YEAR":"12-31","CURRENCY":"HKD","IS_CNY_CODE":0,"DPS_HKD_LY":0.34,"ORG_TYPE":"一般企业","PREMIUM_INCOME":null,"PREMIUM_INCOME_YOY":null,"NET_INTEREST_INCOME":null,"NET_INTEREST_INCOME_YOY":null,"FEE_COMMISSION_INCOME":null,"FEE_COMMISSION_INCOME_YOY":null,"ACCOUNTS_RECE_TDAYS":2.30808769925,"INVENTORY_TDAYS":8.88112711367,"CURRENT_ASSETS_TDAYS":0.425662742936,"TOTAL_ASSETS_TDAYS":0.36244895666,"PREMIUM_EXPENSE":null,"LOAN_DEPOSIT":null,"LOAN_EQUITY":null,"LOAN_ASSETS":null,"DEPOSIT_EQUITY":null,"DEPOSIT_ASSETS":null,"EQUITY_MULTIPLIER":1.124316648059,"EQUITY_RATIO":0.129834280572},{"SECUCODE":"00517.HK","SECURITY_CODE":"00517","SECURITY_NAME_ABBR":"中远海运国际","ORG_CODE":"10008942","STD_REPORT_DATE":"2023-06-30 00:00:00","REPORT_DATE":"2023-06-30 00:00:00","DATE_TYPE_CODE":"002","REPORT_TYPE":"2023年中报","PER_NETCASH_OPERATE":0.136924533563,"PER_OI":1.01869605143,"BPS":4.951690719301,"BASIC_EPS":0.209197262,"DILUTED_EPS":0.209197262,"OPERATE_INCOME":1494171851.76,"OPERATE_INCOME_YOY":-10.1618969747,"GROSS_PROFIT":316358075.42,"GROSS_PROFIT_YOY":16.933476699611,"HOLDER_PROFIT":309708755.66,"HOLDER_PROFIT_YOY":102.8643552936,"GROSS_PROFIT_RATIO":21.172803854346,"EPS_TTM":0.325972843362,"OPERATE_INCOME_QOQ":-1.370960928154,"NET_PROFIT_RATIO":21.4543024487,"ROE_AVG":4.285776255271,"GROSS_PROFIT_QOQ":7.763489855182,"ROA":3.652676828619,"HOLDER_PROFIT_QOQ":54.222427484874,"ROE_YEARLY":8.571552510542,"ROIC_YEARLY":23.447567254781,"TOTAL_ASSETS":8443888369.42,"TOTAL_LIABILITIES":864985040.36,"TAX_EBT":8.474429036232,"OCF_SALES":13.441156797556,"TOTAL_PARENT_EQUITY":7259037119.74,"DEBT_ASSET_RATIO":10.2439184712,"OPERATE_PROFIT":134509506.16,"PRETAX_PROFIT":350245450.32,"NETCASH_OPERATE":200833981.42,"NETCASH_INVEST":282628359.1,"NETCASH_FINANCE":-173435501.76,"END_CASH":1227685518.5,"DIVI_RATIO":1.228472580324,"DIVIDEND_RATE":10.280373831776,"CURRENT_RATIO":9.089370557296,"COMMON_ACS":3000000000,"CURRENTDEBT_DEBT":92.249051889719,"ISSUED_COMMON_SHARES":1465971429,"HK_COMMON_SHARES":1465971429,"PER_SHARES":2000,"TOTAL_MARKET_CAP":6274357716.12,"HKSK_MARKET_CAP":6274357716.12,"PE_TTM":9.715681113601,"PB_TTM":0.787856614268,"REPORT_DATE_SQ":"2022-06-30 00:00:00","REPORT_TYPE_SQ":"2022年中报","OPERATE_INCOME_SQ":1542698620.75,"DPS_HKD":0.44,"OPERATE_INCOME_QOQ_SQ":-8.467775062448,"NET_PROFIT_RATIO_SQ":9.4830439181,"HOLDER_PROFIT_SQ":141608346.53,"HOLDER_PROFIT_QOQ_SQ":3.739183393669,"ROE_AVG_SQ":2.062393162979,"PE_TTM_SQ":8.896833130508,"PB_TTM_SQ":0.584652266087,"ROA_SQ":1.713768113317,"START_DATE":"2023-01-01 00:00:00","FISCAL_YEAR":"12-31","CURRENCY":"HKD","IS_CNY_CODE":0,"DPS_HKD_LY":0.34,"ORG_TYPE":"一般企业","PREMIUM_INCOME":null,"PREMIUM_INCOME_YOY":null,"NET_INTEREST_INCOME":null,"NET_INTEREST_INCOME_YOY":null,"FEE_COMMISSION_INCOME":null,"FEE_COMMISSION_INCOME_YOY":null,"ACCOUNTS_RECE_TDAYS":1.005680882059,"INVENTORY_TDAYS":4.559898770685,"CURRENT_ASSETS_TDAYS":0.20516224959,"TOTAL_ASSETS_TDAYS":0.176221265985,"PREMIUM_EXPENSE":null,"LOAN_DEPOSIT":null,"LOAN_EQUITY":null,"LOAN_ASSETS":null,"DEPOSIT_EQUITY":null,"DEPOSIT_ASSETS":null,"EQUITY_MULTIPLIER":1.114130633788,"EQUITY_RATIO":0.119159748888},{"SECUCODE":"00517.HK","SECURITY_CODE":"00517","SECURITY_NAME_ABBR":"中远海运国际","ORG_CODE":"10008942","STD_REPORT_DATE":"2022-12-31 00:00:00","REPORT_DATE":"2022-12-31 00:00:00","DATE_TYPE_CODE":"001","REPORT_TYPE":"2022年年报","PER_NETCASH_OPERATE":0.037839198347,"PER_OI":2.388899851516,"BPS":4.754401587652,"BASIC_EPS":0.203129598,"DILUTED_EPS":0.203129598,"OPERATE_INCOME":3539617212.53,"OPERATE_INCOME_YOY":-12.595209625,"GROSS_PROFIT":590104881.24,"GROSS_PROFIT_YOY":-6.189514637511,"HOLDER_PROFIT":310020072.74,"HOLDER_PROFIT_YOY":20.3651232395,"GROSS_PROFIT_RATIO":16.671432129753,"EPS_TTM":0.209233615181,"OPERATE_INCOME_QOQ":4.328528583236,"NET_PROFIT_RATIO":9.259139153,"ROE_AVG":4.375575688854,"GROSS_PROFIT_QOQ":-0.792213373688,"ROA":3.657766514619,"HOLDER_PROFIT_QOQ":26.765100685253,"ROE_YEARLY":4.375575688854,"ROIC_YEARLY":11.226337523104,"TOTAL_ASSETS":8248895562.11,"TOTAL_LIABILITIES":994131795.51,"TAX_EBT":13.743952153245,"OCF_SALES":1.583959173651,"TOTAL_PARENT_EQUITY":6969816889.49,"DEBT_ASSET_RATIO":12.0516957455,"OPERATE_PROFIT":181182847.37,"PRETAX_PROFIT":379959540.66,"NETCASH_OPERATE":56066091.55,"NETCASH_INVEST":105471068.71,"NETCASH_FINANCE":-429807579.74,"END_CASH":908309093.72,"DIVI_RATIO":1.913883195361,"DIVIDEND_RATE":10.451306413302,"CURRENT_RATIO":7.63697371867,"COMMON_ACS":3000000000,"CURRENTDEBT_DEBT":93.323377478743,"ISSUED_COMMON_SHARES":1465971429,"HK_COMMON_SHARES":1465971429,"PER_SHARES":2000,"TOTAL_MARKET_CAP":6171739716.09,"HKSK_MARKET_CAP":6171739716.09,"PE_TTM":9.556779786976,"PB_TTM":0.774971108895,"REPORT_DATE_SQ":"2021-12-31 00:00:00","REPORT_TYPE_SQ":"2021年年报","OPERATE_INCOME_SQ":3706629662.4,"DPS_HKD":0.44,"OPERATE_INCOME_QOQ_SQ":9.023854976422,"NET_PROFIT_RATIO_SQ":6.6968725826,"HOLDER_PROFIT_SQ":235747601.6,"HOLDER_PROFIT_QOQ_SQ":-20.750787170656,"ROE_AVG_SQ":3.565474593268,"PE_TTM_SQ":8.358489724522,"PB_TTM_SQ":0.549275218139,"ROA_SQ":2.930158034295,"START_DATE":"2022-01-01 00:00:00","FISCAL_YEAR":"12-31","CURRENCY":"HKD","IS_CNY_CODE":0,"DPS_HKD_LY":0.2,"ORG_TYPE":"一般企业","PREMIUM_INCOME":null,"PREMIUM_INCOME_YOY":null,"NET_INTEREST_INCOME":null,"NET_INTEREST_INCOME_YOY":null,"FEE_COMMISSION_INCOME":null,"FEE_COMMISSION_INCOME_YOY":null,"ACCOUNTS_RECE_TDAYS":2.357697053934,"INVENTORY_TDAYS":8.82498900861,"CURRENT_ASSETS_TDAYS":0.487175694789,"TOTAL_ASSETS_TDAYS":0.417621130146,"PREMIUM_EXPENSE":null,"LOAN_DEPOSIT":null,"LOAN_EQUITY":null,"LOAN_ASSETS":null,"DEPOSIT_EQUITY":null,"DEPOSIT_ASSETS":null,"EQUITY_MULTIPLIER":1.13703158745,"EQUITY_RATIO":0.142633846954},{"SECUCODE":"00517.HK","SECURITY_CODE":"00517","SECURITY_NAME_ABBR":"中远海运国际","ORG_CODE":"10008942","STD_REPORT_DATE":"2022-06-30 00:00:00","REPORT_DATE":"2022-06-30 00:00:00","DATE_TYPE_CODE":"002","REPORT_TYPE":"2022年中报","PER_NETCASH_OPERATE":-0.01585299466,"PER_OI":1.006355821941,"BPS":4.664980861534,"BASIC_EPS":0.09236052,"DILUTED_EPS":0.09236052,"OPERATE_INCOME":1542698620.75,"OPERATE_INCOME_YOY":-19.1513496773,"GROSS_PROFIT":270545342.83,"GROSS_PROFIT_YOY":-11.228969970302,"HOLDER_PROFIT":141608346.53,"HOLDER_PROFIT_YOY":3.7564539576,"GROSS_PROFIT_RATIO":17.537148163033,"EPS_TTM":0.159536691115,"OPERATE_INCOME_QOQ":-8.467775062448,"NET_PROFIT_RATIO":9.4830439181,"ROE_AVG":2.062393162979,"GROSS_PROFIT_QOQ":-5.440400846914,"ROA":1.713768113317,"HOLDER_PROFIT_QOQ":3.739183393669,"ROE_YEARLY":4.124786325957,"ROIC_YEARLY":10.320813326488,"TOTAL_ASSETS":8194510967.86,"TOTAL_LIABILITIES":1078567338.38,"TAX_EBT":13.775409910432,"OCF_SALES":-1.575287220921,"TOTAL_PARENT_EQUITY":6838728659.84,"DEBT_ASSET_RATIO":13.1620708375,"OPERATE_PROFIT":108220018.55,"PRETAX_PROFIT":169667130.43,"NETCASH_OPERATE":-24301934.23,"NETCASH_INVEST":576654617,"NETCASH_FINANCE":-158524859.92,"END_CASH":1536081160.53,"DIVI_RATIO":2.51007274377,"DIVIDEND_RATE":10.280373831776,"CURRENT_RATIO":6.925506042296,"COMMON_ACS":3000000000,"CURRENTDEBT_DEBT":94.481296414056,"ISSUED_COMMON_SHARES":1465971429,"HK_COMMON_SHARES":1465971429,"PER_SHARES":2000,"TOTAL_MARKET_CAP":6274357716.12,"HKSK_MARKET_CAP":6274357716.12,"PE_TTM":9.715681113601,"PB_TTM":0.787856614268,"REPORT_DATE_SQ":"2021-06-30 00:00:00","REPORT_TYPE_SQ":"2021年中报","OPERATE_INCOME_SQ":1856567682.96,"DPS_HKD":0.44,"OPERATE_INCOME_QOQ_SQ":17.329614340855,"NET_PROFIT_RATIO_SQ":7.5077188125,"HOLDER_PROFIT_SQ":132793311.36,"HOLDER_PROFIT_QOQ_SQ":4.408961797495,"ROE_AVG_SQ":1.973671802861,"PE_TTM_SQ":8.896833130508,"PB_TTM_SQ":0.584652266087,"ROA_SQ":1.607663094692,"START_DATE":"2022-01-01 00:00:00","FISCAL_YEAR":"12-31","CURRENCY":"HKD","IS_CNY_CODE":0,"DPS_HKD_LY":0.2,"ORG_TYPE":"一般企业","PREMIUM_INCOME":null,"PREMIUM_INCOME_YOY":null,"NET_INTEREST_INCOME":null,"NET_INTEREST_INCOME_YOY":null,"FEE_COMMISSION_INCOME":null,"FEE_COMMISSION_INCOME_YOY":null,"ACCOUNTS_RECE_TDAYS":1.044979127064,"INVENTORY_TDAYS":3.697038155418,"CURRENT_ASSETS_TDAYS":0.217497549283,"TOTAL_ASSETS_TDAYS":0.186699991172,"PREMIUM_EXPENSE":null,"LOAN_DEPOSIT":null,"LOAN_EQUITY":null,"LOAN_ASSETS":null,"DEPOSIT_EQUITY":null,"DEPOSIT_ASSETS":null,"EQUITY_MULTIPLIER":1.151570528736,"EQUITY_RATIO":0.157714597556},{"SECUCODE":"00517.HK","SECURITY_CODE":"00517","SECURITY_NAME_ABBR":"中远海运国际","ORG_CODE":"10008942","STD_REPORT_DATE":"2021-12-31 00:00:00","REPORT_DATE":"2021-12-31 00:00:00","DATE_TYPE_CODE":"001","REPORT_TYPE":"2021年年报","PER_NETCASH_OPERATE":0.028673900342,"PER_OI":2.417963100739,"BPS":4.495781683614,"BASIC_EPS":0.15379056,"DILUTED_EPS":0.15379056,"OPERATE_INCOME":3706629662.4,"OPERATE_INCOME_YOY":31.6784368035,"GROSS_PROFIT":629039364.8,"GROSS_PROFIT_YOY":18.911745425987,"HOLDER_PROFIT":235747601.6,"HOLDER_PROFIT_YOY":-14.8238081312,"GROSS_PROFIT_RATIO":16.970655881297,"EPS_TTM":0.153786337907,"OPERATE_INCOME_QOQ":9.023854976422,"NET_PROFIT_RATIO":6.6968725826,"ROE_AVG":3.565474593268,"GROSS_PROFIT_QOQ":6.521156670738,"ROA":2.930158034295,"HOLDER_PROFIT_QOQ":-20.750787170656,"ROE_YEARLY":3.565474593268,"ROIC_YEARLY":9.133393358721,"TOTAL_ASSETS":7965242342.4,"TOTAL_LIABILITIES":1101820652.8,"TAX_EBT":11.01139008248,"OCF_SALES":1.185870054564,"TOTAL_PARENT_EQUITY":6590687499.2,"DEBT_ASSET_RATIO":13.8328578772,"OPERATE_PROFIT":226920792,"PRETAX_PROFIT":278943862.4,"NETCASH_OPERATE":43955811.2,"NETCASH_INVEST":360981028.8,"NETCASH_FINANCE":-375142678.4,"END_CASH":1104374017.6,"DIVI_RATIO":2.603928966974,"DIVIDEND_RATE":10.280373831776,"CURRENT_RATIO":6.514291385781,"COMMON_ACS":3000000000,"CURRENTDEBT_DEBT":94.95068371984,"ISSUED_COMMON_SHARES":1465971429,"HK_COMMON_SHARES":1465971429,"PER_SHARES":2000,"TOTAL_MARKET_CAP":6274357716.12,"HKSK_MARKET_CAP":6274357716.12,"PE_TTM":9.715681113601,"PB_TTM":0.787856614268,"REPORT_DATE_SQ":"2020-12-31 00:00:00","REPORT_TYPE_SQ":"2020年年报","OPERATE_INCOME_SQ":2897677306.16,"DPS_HKD":0.44,"OPERATE_INCOME_QOQ_SQ":1.690928659052,"NET_PROFIT_RATIO_SQ":10.0942985756,"HOLDER_PROFIT_SQ":284914497.72,"HOLDER_PROFIT_QOQ_SQ":0.176789767458,"ROE_AVG_SQ":4.221130303237,"PE_TTM_SQ":8.896833130508,"PB_TTM_SQ":0.584652266087,"ROA_SQ":3.505169903767,"START_DATE":"2021-01-01 00:00:00","FISCAL_YEAR":"12-31","CURRENCY":"HKD","IS_CNY_CODE":0,"DPS_HKD_LY":0.255,"ORG_TYPE":"一般企业","PREMIUM_INCOME":null,"PREMIUM_INCOME_YOY":null,"NET_INTEREST_INCOME":null,"NET_INTEREST_INCOME_YOY":null,"FEE_COMMISSION_INCOME":null,"FEE_COMMISSION_INCOME_YOY":null,"ACCOUNTS_RECE_TDAYS":2.733120742827,"INVENTORY_TDAYS":9.295455218942,"CURRENT_ASSETS_TDAYS":0.537477745627,"TOTAL_ASSETS_TDAYS":0.460705034186,"PREMIUM_EXPENSE":null,"LOAN_DEPOSIT":null,"LOAN_EQUITY":null,"LOAN_ASSETS":null,"DEPOSIT_EQUITY":null,"DEPOSIT_ASSETS":null,"EQUITY_MULTIPLIER":1.160535182396,"EQUITY_RATIO":0.167178409374},{"SECUCODE":"00517.HK","SECURITY_CODE":"00517","SECURITY_NAME_ABBR":"中远海运国际","ORG_CODE":"10008942","STD_REPORT_DATE":"2021-06-30 00:00:00","REPORT_DATE":"2021-06-30 00:00:00","DATE_TYPE_CODE":"002","REPORT_TYPE":"2021年中报","PER_NETCASH_OPERATE":-0.161705038692,"PER_OI":1.211103498404,"BPS":4.574286051683,"BASIC_EPS":0.086619528,"DILUTED_EPS":0.086619528,"OPERATE_INCOME":1856567682.96,"OPERATE_INCOME_YOY":50.478735924,"GROSS_PROFIT":304767605.76,"GROSS_PROFIT_YOY":25.297874967657,"HOLDER_PROFIT":132793311.36,"HOLDER_PROFIT_YOY":21.2474833808,"GROSS_PROFIT_RATIO":16.415647463716,"EPS_TTM":0.194054088888,"OPERATE_INCOME_QOQ":17.329614340855,"NET_PROFIT_RATIO":7.5077188125,"ROE_AVG":1.973671802861,"GROSS_PROFIT_QOQ":11.632044884331,"ROA":1.607663094692,"HOLDER_PROFIT_QOQ":4.408961797495,"ROE_YEARLY":3.947343605722,"ROIC_YEARLY":9.467927419596,"TOTAL_ASSETS":8250253761.36,"TOTAL_LIABILITIES":1273006680.72,"TAX_EBT":16.029635125042,"OCF_SALES":-13.351876111771,"TOTAL_PARENT_EQUITY":6705772659.84,"DEBT_ASSET_RATIO":15.4299094009,"OPERATE_PROFIT":114592393.44,"PRETAX_PROFIT":165994135.44,"NETCASH_OPERATE":-247886616.96,"NETCASH_INVEST":35421645.6,"NETCASH_FINANCE":-173430434.4,"END_CASH":699315811.44,"DIVI_RATIO":2.063593208963,"DIVIDEND_RATE":10.280373831776,"CURRENT_RATIO":5.881666863745,"COMMON_ACS":3000000000,"CURRENTDEBT_DEBT":93.970948598904,"ISSUED_COMMON_SHARES":1465971429,"HK_COMMON_SHARES":1465971429,"PER_SHARES":2000,"TOTAL_MARKET_CAP":6274357716.12,"HKSK_MARKET_CAP":6274357716.12,"PE_TTM":9.715681113601,"PB_TTM":0.787856614268,"REPORT_DATE_SQ":"2020-06-30 00:00:00","REPORT_TYPE_SQ":"2020年中报","OPERATE_INCOME_SQ":1354411380.96,"DPS_HKD":0.44,"OPERATE_INCOME_QOQ_SQ":-2.594344401533,"NET_PROFIT_RATIO_SQ":9.0744348879,"HOLDER_PROFIT_SQ":120231540,"HOLDER_PROFIT_QOQ_SQ":-3.964006878733,"ROE_AVG_SQ":1.667000805606,"PE_TTM_SQ":8.896833130508,"PB_TTM_SQ":0.584652266087,"ROA_SQ":1.383986303241,"START_DATE":"2021-01-01 00:00:00","FISCAL_YEAR":"12-31","CURRENCY":"HKD","IS_CNY_CODE":0,"DPS_HKD_LY":0.255,"ORG_TYPE":"一般企业","PREMIUM_INCOME":null,"PREMIUM_INCOME_YOY":null,"NET_INTEREST_INCOME":null,"NET_INTEREST_INCOME_YOY":null,"FEE_COMMISSION_INCOME":null,"FEE_COMMISSION_INCOME_YOY":null,"ACCOUNTS_RECE_TDAYS":1.198240154235,"INVENTORY_TDAYS":4.835123097026,"CURRENT_ASSETS_TDAYS":0.262652292131,"TOTAL_ASSETS_TDAYS":0.224765488271,"PREMIUM_EXPENSE":null,"LOAN_DEPOSIT":null,"LOAN_EQUITY":null,"LOAN_ASSETS":null,"DEPOSIT_EQUITY":null,"DEPOSIT_ASSETS":null,"EQUITY_MULTIPLIER":1.182451139541,"EQUITY_RATIO":0.189837434893},{"SECUCODE":"00517.HK","SECURITY_CODE":"00517","SECURITY_NAME_ABBR":"中远海运国际","ORG_CODE":"10008942","STD_REPORT_DATE":"2020-12-31 00:00:00","REPORT_DATE":"2020-12-31 00:00:00","DATE_TYPE_CODE":"001","REPORT_TYPE":"2020年年报","PER_NETCASH_OPERATE":0.149415483208,"PER_OI":1.890255418613,"BPS":4.657840784235,"BASIC_EPS":0.185834112,"DILUTED_EPS":0.185834112,"OPERATE_INCOME":2897677306.16,"OPERATE_INCOME_YOY":5.4244590438,"GROSS_PROFIT":528996830.84,"GROSS_PROFIT_YOY":6.363943042022,"HOLDER_PROFIT":284914497.72,"HOLDER_PROFIT_YOY":2.394383664,"GROSS_PROFIT_RATIO":18.255891700413,"EPS_TTM":0.185859609699,"OPERATE_INCOME_QOQ":1.690928659052,"NET_PROFIT_RATIO":10.0942985756,"ROE_AVG":4.221130303237,"GROSS_PROFIT_QOQ":5.924491269792,"ROA":3.505169903767,"HOLDER_PROFIT_QOQ":0.176789767458,"ROE_YEARLY":4.221130303237,"ROIC_YEARLY":11.494938241401,"TOTAL_ASSETS":8364802418.16,"TOTAL_LIABILITIES":1271701207.2,"TAX_EBT":14.193938645763,"OCF_SALES":7.904512889447,"TOTAL_PARENT_EQUITY":6828261510.52,"DEBT_ASSET_RATIO":15.2030035335,"OPERATE_PROFIT":111517300,"PRETAX_PROFIT":340885241,"NETCASH_OPERATE":229047276.16,"NETCASH_INVEST":382622168.6,"NETCASH_FINANCE":-207587139.44,"END_CASH":1094429098.92,"DIVI_RATIO":2.154576245201,"DIVIDEND_RATE":10.280373831776,"CURRENT_RATIO":6.003397692524,"COMMON_ACS":3000000000,"CURRENTDEBT_DEBT":94.081523249811,"ISSUED_COMMON_SHARES":1465971429,"HK_COMMON_SHARES":1465971429,"PER_SHARES":2000,"TOTAL_MARKET_CAP":6274357716.12,"HKSK_MARKET_CAP":6274357716.12,"PE_TTM":9.715681113601,"PB_TTM":0.787856614268,"REPORT_DATE_SQ":"2019-12-31 00:00:00","REPORT_TYPE_SQ":"2019年年报","OPERATE_INCOME_SQ":2925389056.1,"DPS_HKD":0.44,"OPERATE_INCOME_QOQ_SQ":-49.005241587803,"NET_PROFIT_RATIO_SQ":10.2061857248,"HOLDER_PROFIT_SQ":296151138.46,"HOLDER_PROFIT_QOQ_SQ":30.160422655809,"ROE_AVG_SQ":4.190112507082,"PE_TTM_SQ":8.896833130508,"PB_TTM_SQ":0.584652266087,"ROA_SQ":3.548490257234,"START_DATE":"2020-01-01 00:00:00","FISCAL_YEAR":"12-31","CURRENCY":"HKD","IS_CNY_CODE":0,"DPS_HKD_LY":0.16,"ORG_TYPE":"一般企业","PREMIUM_INCOME":null,"PREMIUM_INCOME_YOY":null,"NET_INTEREST_INCOME":null,"NET_INTEREST_INCOME_YOY":null,"FEE_COMMISSION_INCOME":null,"FEE_COMMISSION_INCOME_YOY":null,"ACCOUNTS_RECE_TDAYS":2.192481334201,"INVENTORY_TDAYS":8.371782343886,"CURRENT_ASSETS_TDAYS":0.413351756847,"TOTAL_ASSETS_TDAYS":0.356487695981,"PREMIUM_EXPENSE":null,"LOAN_DEPOSIT":null,"LOAN_EQUITY":null,"LOAN_ASSETS":null,"DEPOSIT_EQUITY":null,"DEPOSIT_ASSETS":null,"EQUITY_MULTIPLIER":1.179287052219,"EQUITY_RATIO":0.186240846992},{"SECUCODE":"00517.HK","SECURITY_CODE":"00517","SECURITY_NAME_ABBR":"中远海运国际","ORG_CODE":"10008942","STD_REPORT_DATE":"2020-06-30 00:00:00","REPORT_DATE":"2020-06-30 00:00:00","DATE_TYPE_CODE":"002","REPORT_TYPE":"2020年中报","PER_NETCASH_OPERATE":-0.005096464106,"PER_OI":0.883529524302,"BPS":4.900912339513,"BASIC_EPS":0.078464496,"DILUTED_EPS":0.078464496,"OPERATE_INCOME":1354411380.96,"OPERATE_INCOME_YOY":-8.8080635877,"GROSS_PROFIT":243234456.96,"GROSS_PROFIT_YOY":0.855555530378,"HOLDER_PROFIT":120231540,"HOLDER_PROFIT_YOY":-12.2646225629,"GROSS_PROFIT_RATIO":17.958683778011,"EPS_TTM":0.185531608799,"OPERATE_INCOME_QOQ":-2.594344401533,"NET_PROFIT_RATIO":9.0744348879,"ROE_AVG":1.667000805606,"GROSS_PROFIT_QOQ":0.414872676718,"ROA":1.383986303241,"HOLDER_PROFIT_QOQ":-3.964006878733,"ROE_YEARLY":3.334001611212,"ROIC_YEARLY":8.869374580221,"TOTAL_ASSETS":8809394394.24,"TOTAL_LIABILITIES":1360787192.16,"TAX_EBT":14.163046321283,"OCF_SALES":-0.576830084997,"TOTAL_PARENT_EQUITY":7184597465.76,"DEBT_ASSET_RATIO":15.447000455,"OPERATE_PROFIT":34317027.36,"PRETAX_PROFIT":143184460.32,"NETCASH_OPERATE":-7812652.32,"NETCASH_INVEST":77760233.76,"NETCASH_FINANCE":-122717010.24,"END_CASH":677828199.84,"DIVI_RATIO":2.158385315535,"DIVIDEND_RATE":10.451306413302,"CURRENT_RATIO":5.902873114998,"COMMON_ACS":3000000000,"CURRENTDEBT_DEBT":95.36489277652,"ISSUED_COMMON_SHARES":1465971429,"HK_COMMON_SHARES":1465971429,"PER_SHARES":2000,"TOTAL_MARKET_CAP":6171739716.09,"HKSK_MARKET_CAP":6171739716.09,"PE_TTM":9.556779786976,"PB_TTM":0.774971108895,"REPORT_DATE_SQ":"2019-06-30 00:00:00","REPORT_TYPE_SQ":"2019年中报","OPERATE_INCOME_SQ":1430306048.16,"DPS_HKD":0.44,"OPERATE_INCOME_QOQ_SQ":-31.23838755716,"NET_PROFIT_RATIO_SQ":9.2629903516,"HOLDER_PROFIT_SQ":131970991.5,"HOLDER_PROFIT_QOQ_SQ":-9.248746034695,"ROE_AVG_SQ":1.908274361582,"PE_TTM_SQ":8.358489724522,"PB_TTM_SQ":0.549275218139,"ROA_SQ":1.618319168029,"START_DATE":"2020-01-01 00:00:00","FISCAL_YEAR":"12-31","CURRENCY":"HKD","IS_CNY_CODE":0,"DPS_HKD_LY":0.16,"ORG_TYPE":"一般企业","PREMIUM_INCOME":null,"PREMIUM_INCOME_YOY":null,"NET_INTEREST_INCOME":null,"NET_INTEREST_INCOME_YOY":null,"FEE_COMMISSION_INCOME":null,"FEE_COMMISSION_INCOME_YOY":null,"ACCOUNTS_RECE_TDAYS":0.889339862217,"INVENTORY_TDAYS":3.731215100613,"CURRENT_ASSETS_TDAYS":0.179614988478,"TOTAL_ASSETS_TDAYS":0.155906411928,"PREMIUM_EXPENSE":null,"LOAN_DEPOSIT":null,"LOAN_EQUITY":null,"LOAN_ASSETS":null,"DEPOSIT_EQUITY":null,"DEPOSIT_ASSETS":null,"EQUITY_MULTIPLIER":1.182690153373,"EQUITY_RATIO":0.189403400628}],"count":49},"success":true,"message":"ok","code":0}