{"version":"04b1b8811b8d50b262a8ca775f58e3bf","result":{"pages":6,"data":[{"SECUCODE":"00511.HK","SECURITY_CODE":"00511","SECURITY_NAME_ABBR":"电视广播","ORG_CODE":"10008938","STD_REPORT_DATE":"2024-06-30 00:00:00","REPORT_DATE":"2024-06-30 00:00:00","DATE_TYPE_CODE":"002","REPORT_TYPE":"2024年中报","PER_NETCASH_OPERATE":0.07374144767,"PER_OI":3.088856554008,"BPS":5.055167195462,"BASIC_EPS":-0.3011844,"DILUTED_EPS":-0.3011844,"OPERATE_INCOME":1380600996.52,"OPERATE_INCOME_YOY":-3.0497848455,"GROSS_PROFIT":515165876.72,"GROSS_PROFIT_YOY":39.929719646848,"HOLDER_PROFIT":-130930334.76,"HOLDER_PROFIT_YOY":64.7285744844,"GROSS_PROFIT_RATIO":37.314609942956,"EPS_TTM":-1.000534762301,"OPERATE_INCOME_QOQ":-1.924184513291,"NET_PROFIT_RATIO":-12.2323888122,"ROE_AVG":-5.374984778801,"GROSS_PROFIT_QOQ":15.852634162207,"ROA":-2.359512834128,"HOLDER_PROFIT_QOQ":35.306510842535,"ROE_YEARLY":-10.749969557602,"ROIC_YEARLY":-5.257546267677,"TOTAL_ASSETS":5394626960.72,"TOTAL_LIABILITIES":3087097204.04,"TAX_EBT":-2.45339327933,"OCF_SALES":2.387338045031,"TOTAL_PARENT_EQUITY":2360570154.88,"DEBT_ASSET_RATIO":57.2254064371,"OPERATE_PROFIT":-141970112.04,"PRETAX_PROFIT":-164836396.76,"NETCASH_OPERATE":32959612.84,"NETCASH_INVEST":-24252645.64,"NETCASH_FINANCE":-101322082.88,"END_CASH":500876958.64,"DIVI_RATIO":null,"DIVIDEND_RATE":null,"CURRENT_RATIO":1.132435273233,"COMMON_ACS":null,"CURRENTDEBT_DEBT":93.579038644439,"ISSUED_COMMON_SHARES":466961836,"HK_COMMON_SHARES":466961836,"PER_SHARES":100,"TOTAL_MARKET_CAP":1480269020.12,"HKSK_MARKET_CAP":1480269020.12,"PE_TTM":-2.963323564391,"PB_TTM":0.572324413443,"REPORT_DATE_SQ":"2023-06-30 00:00:00","REPORT_TYPE_SQ":"2023年中报","OPERATE_INCOME_SQ":1438541422.52,"DPS_HKD":null,"OPERATE_INCOME_QOQ_SQ":-3.684295510307,"NET_PROFIT_RATIO_SQ":-28.8783893085,"HOLDER_PROFIT_SQ":-374990471.54,"HOLDER_PROFIT_QOQ_SQ":-25.406476297948,"ROE_AVG_SQ":-12.363342558453,"PE_TTM_SQ":-1.425945984183,"PB_TTM_SQ":0.458065315753,"ROA_SQ":-5.92907178611,"START_DATE":"2024-01-01 00:00:00","FISCAL_YEAR":"12-31","CURRENCY":"HKD","IS_CNY_CODE":0,"DPS_HKD_LY":null,"ORG_TYPE":"一般企业","PREMIUM_INCOME":null,"PREMIUM_INCOME_YOY":null,"NET_INTEREST_INCOME":null,"NET_INTEREST_INCOME_YOY":null,"FEE_COMMISSION_INCOME":null,"FEE_COMMISSION_INCOME_YOY":null,"ACCOUNTS_RECE_TDAYS":1.873763161154,"INVENTORY_TDAYS":36.197011051095,"CURRENT_ASSETS_TDAYS":0.411008656323,"TOTAL_ASSETS_TDAYS":0.248799926776,"PREMIUM_EXPENSE":null,"LOAN_DEPOSIT":null,"LOAN_EQUITY":null,"LOAN_ASSETS":null,"DEPOSIT_EQUITY":null,"DEPOSIT_ASSETS":null,"EQUITY_MULTIPLIER":2.337836357298,"EQUITY_RATIO":1.307776088611},{"SECUCODE":"00511.HK","SECURITY_CODE":"00511","SECURITY_NAME_ABBR":"电视广播","ORG_CODE":"10008938","STD_REPORT_DATE":"2023-12-31 00:00:00","REPORT_DATE":"2023-12-31 00:00:00","DATE_TYPE_CODE":"001","REPORT_TYPE":"2023年年报","PER_NETCASH_OPERATE":-0.31950490952,"PER_OI":6.871392501358,"BPS":5.339826403886,"BASIC_EPS":-1.5768228,"DILUTED_EPS":-1.5768228,"OPERATE_INCOME":3011167879.16,"OPERATE_INCOME_YOY":-7.3338074322,"GROSS_PROFIT":927324957.58,"GROSS_PROFIT_YOY":3.016998155953,"HOLDER_PROFIT":-691260991.12,"HOLDER_PROFIT_YOY":5.4930296408,"GROSS_PROFIT_RATIO":30.796189212761,"EPS_TTM":-1.577436324204,"OPERATE_INCOME_QOQ":-2.394316347006,"NET_PROFIT_RATIO":-25.2249473182,"ROE_AVG":-24.407320250647,"GROSS_PROFIT_QOQ":16.408820047888,"ROA":-11.475640801232,"HOLDER_PROFIT_QOQ":23.546958055533,"ROE_YEARLY":-24.407320250647,"ROIC_YEARLY":-13.30377814107,"TOTAL_ASSETS":5663085682.38,"TOTAL_LIABILITIES":3180785982.78,"TAX_EBT":-2.407058064579,"OCF_SALES":-4.649784006034,"TOTAL_PARENT_EQUITY":2493495141.48,"DEBT_ASSET_RATIO":56.1670114347,"OPERATE_PROFIT":-695406947.62,"PRETAX_PROFIT":-741712070.96,"NETCASH_OPERATE":-140012802.44,"NETCASH_INVEST":-114850697.92,"NETCASH_FINANCE":164493429.52,"END_CASH":597046735.04,"DIVI_RATIO":null,"DIVIDEND_RATE":null,"CURRENT_RATIO":2.171697671597,"COMMON_ACS":null,"CURRENTDEBT_DEBT":49.542514720299,"ISSUED_COMMON_SHARES":466961836,"HK_COMMON_SHARES":466961836,"PER_SHARES":100,"TOTAL_MARKET_CAP":1433572836.52,"HKSK_MARKET_CAP":1433572836.52,"PE_TTM":-2.869843325766,"PB_TTM":0.554270015543,"REPORT_DATE_SQ":"2022-12-31 00:00:00","REPORT_TYPE_SQ":"2022年年报","OPERATE_INCOME_SQ":3203042902.5,"DPS_HKD":null,"OPERATE_INCOME_QOQ_SQ":10.914687683197,"NET_PROFIT_RATIO_SQ":-24.7071045109,"HOLDER_PROFIT_SQ":-720986801.64,"HOLDER_PROFIT_QOQ_SQ":-48.75450516122,"ROE_AVG_SQ":-20.543012948253,"PE_TTM_SQ":-1.332949506954,"PB_TTM_SQ":0.428191490812,"ROA_SQ":-10.985245294981,"START_DATE":"2023-01-01 00:00:00","FISCAL_YEAR":"12-31","CURRENCY":"HKD","IS_CNY_CODE":0,"DPS_HKD_LY":null,"ORG_TYPE":"一般企业","PREMIUM_INCOME":null,"PREMIUM_INCOME_YOY":null,"NET_INTEREST_INCOME":null,"NET_INTEREST_INCOME_YOY":null,"FEE_COMMISSION_INCOME":null,"FEE_COMMISSION_INCOME_YOY":null,"ACCOUNTS_RECE_TDAYS":3.891638216262,"INVENTORY_TDAYS":36.230683178925,"CURRENT_ASSETS_TDAYS":0.847297290405,"TOTAL_ASSETS_TDAYS":0.499884723966,"PREMIUM_EXPENSE":null,"LOAN_DEPOSIT":null,"LOAN_EQUITY":null,"LOAN_ASSETS":null,"DEPOSIT_EQUITY":null,"DEPOSIT_ASSETS":null,"EQUITY_MULTIPLIER":2.281386765382,"EQUITY_RATIO":1.275633519339},{"SECUCODE":"00511.HK","SECURITY_CODE":"00511","SECURITY_NAME_ABBR":"电视广播","ORG_CODE":"10008938","STD_REPORT_DATE":"2023-06-30 00:00:00","REPORT_DATE":"2023-06-30 00:00:00","DATE_TYPE_CODE":"002","REPORT_TYPE":"2023年中报","PER_NETCASH_OPERATE":-0.158869858792,"PER_OI":3.282707288427,"BPS":6.082173264284,"BASIC_EPS":-0.8574414,"DILUTED_EPS":-0.8574414,"OPERATE_INCOME":1438541422.52,"OPERATE_INCOME_YOY":-14.2764527452,"GROSS_PROFIT":368160443.7,"GROSS_PROFIT_YOY":-21.953080766021,"HOLDER_PROFIT":-374990471.54,"HOLDER_PROFIT_YOY":-81.3355744495,"GROSS_PROFIT_RATIO":25.592620270542,"EPS_TTM":-2.063274768517,"OPERATE_INCOME_QOQ":-3.684295510307,"NET_PROFIT_RATIO":-28.8783893085,"ROE_AVG":-12.363342558453,"GROSS_PROFIT_QOQ":-11.504129915952,"ROA":-5.92907178611,"HOLDER_PROFIT_QOQ":-25.406476297948,"ROE_YEARLY":-24.726685116906,"ROIC_YEARLY":-13.961214938033,"TOTAL_ASSETS":6153820048.6,"TOTAL_LIABILITIES":3263322394.56,"TAX_EBT":-0.932531993486,"OCF_SALES":-4.839598685872,"TOTAL_PARENT_EQUITY":2840142794.36,"DEBT_ASSET_RATIO":53.029213867,"OPERATE_PROFIT":-390196687.68,"PRETAX_PROFIT":-411589389.62,"NETCASH_OPERATE":-69619631.78,"NETCASH_INVEST":-103194455.46,"NETCASH_FINANCE":28286346.4,"END_CASH":551541343.72,"DIVI_RATIO":null,"DIVIDEND_RATE":null,"CURRENT_RATIO":2.022599112774,"COMMON_ACS":null,"CURRENTDEBT_DEBT":53.268623116668,"ISSUED_COMMON_SHARES":466961836,"HK_COMMON_SHARES":466961836,"PER_SHARES":100,"TOTAL_MARKET_CAP":1433572836.52,"HKSK_MARKET_CAP":1433572836.52,"PE_TTM":-2.869843325766,"PB_TTM":0.554270015543,"REPORT_DATE_SQ":"2022-06-30 00:00:00","REPORT_TYPE_SQ":"2022年中报","OPERATE_INCOME_SQ":1556550988.37,"DPS_HKD":null,"OPERATE_INCOME_QOQ_SQ":21.854403546945,"NET_PROFIT_RATIO_SQ":-13.6084759107,"HOLDER_PROFIT_SQ":-191813130.67,"HOLDER_PROFIT_QOQ_SQ":8.33787114984,"ROE_AVG_SQ":-5.292970830998,"PE_TTM_SQ":-1.332949506954,"PB_TTM_SQ":0.428191490812,"ROA_SQ":-2.933939691073,"START_DATE":"2023-01-01 00:00:00","FISCAL_YEAR":"12-31","CURRENCY":"HKD","IS_CNY_CODE":0,"DPS_HKD_LY":null,"ORG_TYPE":"一般企业","PREMIUM_INCOME":null,"PREMIUM_INCOME_YOY":null,"NET_INTEREST_INCOME":null,"NET_INTEREST_INCOME_YOY":null,"FEE_COMMISSION_INCOME":null,"FEE_COMMISSION_INCOME_YOY":null,"ACCOUNTS_RECE_TDAYS":1.982181286921,"INVENTORY_TDAYS":14.16295907724,"CURRENT_ASSETS_TDAYS":0.395993402792,"TOTAL_ASSETS_TDAYS":0.227451522338,"PREMIUM_EXPENSE":null,"LOAN_DEPOSIT":null,"LOAN_EQUITY":null,"LOAN_ASSETS":null,"DEPOSIT_EQUITY":null,"DEPOSIT_ASSETS":null,"EQUITY_MULTIPLIER":2.128982889851,"EQUITY_RATIO":1.148999409833},{"SECUCODE":"00511.HK","SECURITY_CODE":"00511","SECURITY_NAME_ABBR":"电视广播","ORG_CODE":"10008938","STD_REPORT_DATE":"2022-12-31 00:00:00","REPORT_DATE":"2022-12-31 00:00:00","DATE_TYPE_CODE":"001","REPORT_TYPE":"2022年年报","PER_NETCASH_OPERATE":-0.617063981941,"PER_OI":7.312883339041,"BPS":6.693409770622,"BASIC_EPS":-1.6436168,"DILUTED_EPS":-1.6436168,"OPERATE_INCOME":3203042902.5,"OPERATE_INCOME_YOY":23.7053330859,"GROSS_PROFIT":900166937.67,"GROSS_PROFIT_YOY":52.526336940311,"HOLDER_PROFIT":-720986801.64,"HOLDER_PROFIT_YOY":-24.8010390655,"GROSS_PROFIT_RATIO":28.103492993098,"EPS_TTM":-1.646088588219,"OPERATE_INCOME_QOQ":10.914687683197,"NET_PROFIT_RATIO":-24.7071045109,"ROE_AVG":-20.543012948253,"GROSS_PROFIT_QOQ":12.253227967736,"ROA":-10.985245294981,"HOLDER_PROFIT_QOQ":-48.75450516122,"ROE_YEARLY":-20.543012948253,"ROIC_YEARLY":-13.277489263977,"TOTAL_ASSETS":6293130026.96,"TOTAL_LIABILITIES":3073575028.51,"TAX_EBT":7.941701831845,"OCF_SALES":-8.438039461758,"TOTAL_PARENT_EQUITY":3125566915.59,"DEBT_ASSET_RATIO":48.8401640415,"OPERATE_PROFIT":-898671603.69,"PRETAX_PROFIT":-859649997.01,"NETCASH_OPERATE":-270274024.09,"NETCASH_INVEST":145584251.33,"NETCASH_FINANCE":-184961379.47,"END_CASH":683549855.94,"DIVI_RATIO":null,"DIVIDEND_RATE":null,"CURRENT_RATIO":2.299196973329,"COMMON_ACS":null,"CURRENTDEBT_DEBT":51.406687896146,"ISSUED_COMMON_SHARES":466961836,"HK_COMMON_SHARES":466961836,"PER_SHARES":100,"TOTAL_MARKET_CAP":1433572836.52,"HKSK_MARKET_CAP":1433572836.52,"PE_TTM":-2.869843325766,"PB_TTM":0.554270015543,"REPORT_DATE_SQ":"2021-12-31 00:00:00","REPORT_TYPE_SQ":"2021年年报","OPERATE_INCOME_SQ":2369913347.2,"DPS_HKD":null,"OPERATE_INCOME_QOQ_SQ":7.173499793448,"NET_PROFIT_RATIO_SQ":-22.669254563,"HOLDER_PROFIT_SQ":-528770536,"HOLDER_PROFIT_QOQ_SQ":-158.417845031737,"ROE_AVG_SQ":-13.636926723145,"PE_TTM_SQ":-1.332949506954,"PB_TTM_SQ":0.428191490812,"ROA_SQ":-7.399043050158,"START_DATE":"2022-01-01 00:00:00","FISCAL_YEAR":"12-31","CURRENCY":"HKD","IS_CNY_CODE":0,"DPS_HKD_LY":null,"ORG_TYPE":"一般企业","PREMIUM_INCOME":null,"PREMIUM_INCOME_YOY":null,"NET_INTEREST_INCOME":null,"NET_INTEREST_INCOME_YOY":null,"FEE_COMMISSION_INCOME":null,"FEE_COMMISSION_INCOME_YOY":null,"ACCOUNTS_RECE_TDAYS":3.8938551854,"INVENTORY_TDAYS":28.673280651314,"CURRENT_ASSETS_TDAYS":0.867616683646,"TOTAL_ASSETS_TDAYS":0.488028517225,"PREMIUM_EXPENSE":null,"LOAN_DEPOSIT":null,"LOAN_EQUITY":null,"LOAN_ASSETS":null,"DEPOSIT_EQUITY":null,"DEPOSIT_ASSETS":null,"EQUITY_MULTIPLIER":1.954658339427,"EQUITY_RATIO":0.983365613828},{"SECUCODE":"00511.HK","SECURITY_CODE":"00511","SECURITY_NAME_ABBR":"电视广播","ORG_CODE":"10008938","STD_REPORT_DATE":"2022-06-30 00:00:00","REPORT_DATE":"2022-06-30 00:00:00","DATE_TYPE_CODE":"002","REPORT_TYPE":"2022年中报","PER_NETCASH_OPERATE":-0.564456639817,"PER_OI":3.55376937984,"BPS":7.538324797639,"BASIC_EPS":-0.4361469,"DILUTED_EPS":-0.4361469,"OPERATE_INCOME":1556550988.37,"OPERATE_INCOME_YOY":45.8172504571,"GROSS_PROFIT":471716817.67,"GROSS_PROFIT_YOY":81.442874497882,"HOLDER_PROFIT":-191813130.67,"HOLDER_PROFIT_YOY":20.8865358297,"GROSS_PROFIT_RATIO":30.305259589599,"EPS_TTM":-1.106580662169,"OPERATE_INCOME_QOQ":21.854403546945,"NET_PROFIT_RATIO":-13.6084759107,"ROE_AVG":-5.292970830998,"GROSS_PROFIT_QOQ":35.877016368875,"ROA":-2.933939691073,"HOLDER_PROFIT_QOQ":8.33787114984,"ROE_YEARLY":-10.585941661995,"ROIC_YEARLY":-7.042728607142,"TOTAL_ASSETS":6533441223.26,"TOTAL_LIABILITIES":2867510222.92,"TAX_EBT":8.897274910715,"OCF_SALES":-15.883322171084,"TOTAL_PARENT_EQUITY":3520109987.87,"DEBT_ASSET_RATIO":43.8897378109,"OPERATE_PROFIT":-262160204.88,"PRETAX_PROFIT":-232509912.39,"NETCASH_OPERATE":-247232008.24,"NETCASH_INVEST":-8576700.51,"NETCASH_FINANCE":-97513894.94,"END_CASH":618353681.4,"DIVI_RATIO":null,"DIVIDEND_RATE":null,"CURRENT_RATIO":3.328655598385,"COMMON_ACS":null,"CURRENTDEBT_DEBT":38.236683538777,"ISSUED_COMMON_SHARES":466961836,"HK_COMMON_SHARES":466961836,"PER_SHARES":100,"TOTAL_MARKET_CAP":1433572836.52,"HKSK_MARKET_CAP":1433572836.52,"PE_TTM":-2.869843325766,"PB_TTM":0.554270015543,"REPORT_DATE_SQ":"2021-06-30 00:00:00","REPORT_TYPE_SQ":"2021年中报","OPERATE_INCOME_SQ":1038620561.76,"DPS_HKD":null,"OPERATE_INCOME_QOQ_SQ":-3.555004403864,"NET_PROFIT_RATIO_SQ":-22.1995766779,"HOLDER_PROFIT_SQ":-235901336.64,"HOLDER_PROFIT_QOQ_SQ":13.444231509528,"ROE_AVG_SQ":-5.68531135476,"PE_TTM_SQ":-1.332949506954,"PB_TTM_SQ":0.428191490812,"ROA_SQ":-2.936183059375,"START_DATE":"2022-01-01 00:00:00","FISCAL_YEAR":"12-31","CURRENCY":"HKD","IS_CNY_CODE":0,"DPS_HKD_LY":null,"ORG_TYPE":"一般企业","PREMIUM_INCOME":null,"PREMIUM_INCOME_YOY":null,"NET_INTEREST_INCOME":null,"NET_INTEREST_INCOME_YOY":null,"FEE_COMMISSION_INCOME":null,"FEE_COMMISSION_INCOME_YOY":null,"ACCOUNTS_RECE_TDAYS":1.712753884489,"INVENTORY_TDAYS":13.687646341595,"CURRENT_ASSETS_TDAYS":0.429954462159,"TOTAL_ASSETS_TDAYS":0.238087283702,"PREMIUM_EXPENSE":null,"LOAN_DEPOSIT":null,"LOAN_EQUITY":null,"LOAN_ASSETS":null,"DEPOSIT_EQUITY":null,"DEPOSIT_ASSETS":null,"EQUITY_MULTIPLIER":1.782205181344,"EQUITY_RATIO":0.81460813236},{"SECUCODE":"00511.HK","SECURITY_CODE":"00511","SECURITY_NAME_ABBR":"电视广播","ORG_CODE":"10008938","STD_REPORT_DATE":"2021-12-31 00:00:00","REPORT_DATE":"2021-12-31 00:00:00","DATE_TYPE_CODE":"001","REPORT_TYPE":"2021年年报","PER_NETCASH_OPERATE":-0.5642672,"PER_OI":5.410761066667,"BPS":7.632060086384,"BASIC_EPS":-1.210048,"DILUTED_EPS":-1.210048,"OPERATE_INCOME":2369913347.2,"OPERATE_INCOME_YOY":6.4026870274,"GROSS_PROFIT":590171478.4,"GROSS_PROFIT_YOY":-17.234470314036,"HOLDER_PROFIT":-528770536,"HOLDER_PROFIT_YOY":-130.2523132572,"GROSS_PROFIT_RATIO":24.902660643575,"EPS_TTM":-1.207238666667,"OPERATE_INCOME_QOQ":7.173499793448,"NET_PROFIT_RATIO":-22.669254563,"ROE_AVG":-13.636926723145,"GROSS_PROFIT_QOQ":-19.692089098494,"ROA":-7.399043050158,"HOLDER_PROFIT_QOQ":-158.417845031737,"ROE_YEARLY":-13.636926723145,"ROIC_YEARLY":-10.296022077221,"TOTAL_ASSETS":6254468304,"TOTAL_LIABILITIES":2499100688,"TAX_EBT":13.395849670834,"OCF_SALES":-10.428610560466,"TOTAL_PARENT_EQUITY":3563880790.4,"DEBT_ASSET_RATIO":39.9570445725,"OPERATE_PROFIT":-660194012.8,"PRETAX_PROFIT":-620341736,"NETCASH_OPERATE":-247149033.6,"NETCASH_INVEST":1695354102.4,"NETCASH_FINANCE":-1594254592,"END_CASH":960449436.8,"DIVI_RATIO":null,"DIVIDEND_RATE":null,"CURRENT_RATIO":1.420538611983,"COMMON_ACS":null,"CURRENTDEBT_DEBT":96.703133843481,"ISSUED_COMMON_SHARES":466961836,"HK_COMMON_SHARES":466961836,"PER_SHARES":100,"TOTAL_MARKET_CAP":1433572836.52,"HKSK_MARKET_CAP":1433572836.52,"PE_TTM":-2.869843325766,"PB_TTM":0.554270015543,"REPORT_DATE_SQ":"2020-12-31 00:00:00","REPORT_TYPE_SQ":"2020年年报","OPERATE_INCOME_SQ":2292795688,"DPS_HKD":null,"OPERATE_INCOME_QOQ_SQ":-13.79787145349,"NET_PROFIT_RATIO_SQ":-9.4379267308,"HOLDER_PROFIT_SQ":-236400684.84,"HOLDER_PROFIT_QOQ_SQ":67.117116283869,"ROE_AVG_SQ":-5.310810745656,"PE_TTM_SQ":-1.332949506954,"PB_TTM_SQ":0.428191490812,"ROA_SQ":-3.048551273095,"START_DATE":"2021-01-01 00:00:00","FISCAL_YEAR":"12-31","CURRENCY":"HKD","IS_CNY_CODE":0,"DPS_HKD_LY":null,"ORG_TYPE":"一般企业","PREMIUM_INCOME":null,"PREMIUM_INCOME_YOY":null,"NET_INTEREST_INCOME":null,"NET_INTEREST_INCOME_YOY":null,"FEE_COMMISSION_INCOME":null,"FEE_COMMISSION_INCOME_YOY":null,"ACCOUNTS_RECE_TDAYS":2.764156826994,"INVENTORY_TDAYS":39.295039353022,"CURRENT_ASSETS_TDAYS":0.54863625575,"TOTAL_ASSETS_TDAYS":0.33162004475,"PREMIUM_EXPENSE":null,"LOAN_DEPOSIT":null,"LOAN_EQUITY":null,"LOAN_ASSETS":null,"DEPOSIT_EQUITY":null,"DEPOSIT_ASSETS":null,"EQUITY_MULTIPLIER":1.665474313981,"EQUITY_RATIO":0.70123015751},{"SECUCODE":"00511.HK","SECURITY_CODE":"00511","SECURITY_NAME_ABBR":"电视广播","ORG_CODE":"10008938","STD_REPORT_DATE":"2021-06-30 00:00:00","REPORT_DATE":"2021-06-30 00:00:00","DATE_TYPE_CODE":"002","REPORT_TYPE":"2021年中报","PER_NETCASH_OPERATE":-0.378111969863,"PER_OI":2.37127982137,"BPS":8.637320305379,"BASIC_EPS":-0.540852,"DILUTED_EPS":-0.540852,"OPERATE_INCOME":1038620561.76,"OPERATE_INCOME_YOY":1.7896460503,"GROSS_PROFIT":259980899.76,"GROSS_PROFIT_YOY":9.162567959396,"HOLDER_PROFIT":-235901336.64,"HOLDER_PROFIT_YOY":3.2560996417,"GROSS_PROFIT_RATIO":25.031364613026,"EPS_TTM":-0.46716536411,"OPERATE_INCOME_QOQ":-3.555004403864,"NET_PROFIT_RATIO":-22.1995766779,"ROE_AVG":-5.68531135476,"GROSS_PROFIT_QOQ":3.060244945822,"ROA":-2.936183059375,"HOLDER_PROFIT_QOQ":13.444231509528,"ROE_YEARLY":-11.370622709521,"ROIC_YEARLY":-9.070186546238,"TOTAL_ASSETS":7887731482.8,"TOTAL_LIABILITIES":3704877804,"TAX_EBT":16.045313110686,"OCF_SALES":-15.945480851964,"TOTAL_PARENT_EQUITY":4033298947.92,"DEBT_ASSET_RATIO":46.9701309189,"OPERATE_PROFIT":-289620421.44,"PRETAX_PROFIT":-274635492.72,"NETCASH_OPERATE":-165613042.8,"NETCASH_INVEST":44026184.88,"NETCASH_FINANCE":-62931042.48,"END_CASH":932453810.4,"DIVI_RATIO":null,"DIVIDEND_RATE":null,"CURRENT_RATIO":2.470389360915,"COMMON_ACS":null,"CURRENTDEBT_DEBT":54.997293685641,"ISSUED_COMMON_SHARES":466961836,"HK_COMMON_SHARES":466961836,"PER_SHARES":100,"TOTAL_MARKET_CAP":1433572836.52,"HKSK_MARKET_CAP":1433572836.52,"PE_TTM":-2.869843325766,"PB_TTM":0.554270015543,"REPORT_DATE_SQ":"2020-06-30 00:00:00","REPORT_TYPE_SQ":"2020年中报","OPERATE_INCOME_SQ":1120129549.44,"DPS_HKD":null,"OPERATE_INCOME_QOQ_SQ":-18.623226145648,"NET_PROFIT_RATIO_SQ":-23.5133852412,"HOLDER_PROFIT_SQ":-267683592,"HOLDER_PROFIT_QOQ_SQ":-172.123397036594,"ROE_AVG_SQ":-5.573465473565,"PE_TTM_SQ":-1.332949506954,"PB_TTM_SQ":0.428191490812,"ROA_SQ":-3.55701696092,"START_DATE":"2021-01-01 00:00:00","FISCAL_YEAR":"12-31","CURRENCY":"HKD","IS_CNY_CODE":0,"DPS_HKD_LY":null,"ORG_TYPE":"一般企业","PREMIUM_INCOME":null,"PREMIUM_INCOME_YOY":null,"NET_INTEREST_INCOME":null,"NET_INTEREST_INCOME_YOY":null,"FEE_COMMISSION_INCOME":null,"FEE_COMMISSION_INCOME_YOY":null,"ACCOUNTS_RECE_TDAYS":0.94865987624,"INVENTORY_TDAYS":35.8754408833,"CURRENT_ASSETS_TDAYS":0.201047580852,"TOTAL_ASSETS_TDAYS":0.129273540455,"PREMIUM_EXPENSE":null,"LOAN_DEPOSIT":null,"LOAN_EQUITY":null,"LOAN_ASSETS":null,"DEPOSIT_EQUITY":null,"DEPOSIT_ASSETS":null,"EQUITY_MULTIPLIER":1.88572971672,"EQUITY_RATIO":0.918572575909},{"SECUCODE":"00511.HK","SECURITY_CODE":"00511","SECURITY_NAME_ABBR":"电视广播","ORG_CODE":"10008938","STD_REPORT_DATE":"2020-12-31 00:00:00","REPORT_DATE":"2020-12-31 00:00:00","DATE_TYPE_CODE":"001","REPORT_TYPE":"2020年年报","PER_NETCASH_OPERATE":0.059158837169,"PER_OI":5.234693351598,"BPS":9.239152566721,"BASIC_EPS":-0.5386496,"DILUTED_EPS":-0.5386496,"OPERATE_INCOME":2292795688,"OPERATE_INCOME_YOY":-25.3390602073,"GROSS_PROFIT":713064340.48,"GROSS_PROFIT_YOY":-46.289786083709,"HOLDER_PROFIT":-236400684.84,"HOLDER_PROFIT_YOY":4.7618886157,"GROSS_PROFIT_RATIO":31.100212906541,"EPS_TTM":-0.539727590959,"OPERATE_INCOME_QOQ":-13.79787145349,"NET_PROFIT_RATIO":-9.4379267308,"ROE_AVG":-5.310810745656,"GROSS_PROFIT_QOQ":11.670036874102,"ROA":-3.048551273095,"HOLDER_PROFIT_QOQ":67.117116283869,"ROE_YEARLY":-5.310810745656,"ROIC_YEARLY":-4.131191332177,"TOTAL_ASSETS":8274831943.8,"TOTAL_LIABILITIES":3815810599.2,"TAX_EBT":25.408052546376,"OCF_SALES":1.130129946406,"TOTAL_PARENT_EQUITY":4314331645.64,"DEBT_ASSET_RATIO":46.1134513077,"OPERATE_PROFIT":-340040234.44,"PRETAX_PROFIT":-290101525.04,"NETCASH_OPERATE":25911570.68,"NETCASH_INVEST":-972430014.36,"NETCASH_FINANCE":1119471255.48,"END_CASH":1125807121.4,"DIVI_RATIO":null,"DIVIDEND_RATE":null,"CURRENT_RATIO":2.513036326489,"COMMON_ACS":null,"CURRENTDEBT_DEBT":55.888927120416,"ISSUED_COMMON_SHARES":466961836,"HK_COMMON_SHARES":466961836,"PER_SHARES":100,"TOTAL_MARKET_CAP":1433572836.52,"HKSK_MARKET_CAP":1433572836.52,"PE_TTM":-2.869843325766,"PB_TTM":0.554270015543,"REPORT_DATE_SQ":"2019-12-31 00:00:00","REPORT_TYPE_SQ":"2019年年报","OPERATE_INCOME_SQ":3268488024.36,"DPS_HKD":null,"OPERATE_INCOME_QOQ_SQ":-13.331137126455,"NET_PROFIT_RATIO_SQ":-7.6372753279,"HOLDER_PROFIT_SQ":-264187916.5,"HOLDER_PROFIT_QOQ_SQ":-68.123850421515,"ROE_AVG_SQ":-5.069903382606,"PE_TTM_SQ":-1.332949506954,"PB_TTM_SQ":0.428191490812,"ROA_SQ":-3.128887072612,"START_DATE":"2020-01-01 00:00:00","FISCAL_YEAR":"12-31","CURRENCY":"HKD","IS_CNY_CODE":0,"DPS_HKD_LY":0.2,"ORG_TYPE":"一般企业","PREMIUM_INCOME":null,"PREMIUM_INCOME_YOY":null,"NET_INTEREST_INCOME":null,"NET_INTEREST_INCOME_YOY":null,"FEE_COMMISSION_INCOME":null,"FEE_COMMISSION_INCOME_YOY":null,"ACCOUNTS_RECE_TDAYS":1.933458151937,"INVENTORY_TDAYS":57.415435440947,"CURRENT_ASSETS_TDAYS":0.510683735449,"TOTAL_ASSETS_TDAYS":0.295671952826,"PREMIUM_EXPENSE":null,"LOAN_DEPOSIT":null,"LOAN_EQUITY":null,"LOAN_ASSETS":null,"DEPOSIT_EQUITY":null,"DEPOSIT_ASSETS":null,"EQUITY_MULTIPLIER":1.855750691532,"EQUITY_RATIO":0.884449994255},{"SECUCODE":"00511.HK","SECURITY_CODE":"00511","SECURITY_NAME_ABBR":"电视广播","ORG_CODE":"10008938","STD_REPORT_DATE":"2020-06-30 00:00:00","REPORT_DATE":"2020-06-30 00:00:00","DATE_TYPE_CODE":"002","REPORT_TYPE":"2020年中报","PER_NETCASH_OPERATE":-0.091168819726,"PER_OI":2.557373400548,"BPS":9.90643654639,"BASIC_EPS":-0.6120048,"DILUTED_EPS":-0.6120048,"OPERATE_INCOME":1120129549.44,"OPERATE_INCOME_YOY":-37.6047658009,"GROSS_PROFIT":238159384.32,"GROSS_PROFIT_YOY":-74.314895221447,"HOLDER_PROFIT":-267683592,"HOLDER_PROFIT_YOY":-237.8189753285,"GROSS_PROFIT_RATIO":21.261771411982,"EPS_TTM":-1.641363317215,"OPERATE_INCOME_QOQ":-18.623226145648,"NET_PROFIT_RATIO":-23.5133852412,"ROE_AVG":-5.573465473565,"GROSS_PROFIT_QOQ":-51.902752591687,"ROA":-3.55701696092,"HOLDER_PROFIT_QOQ":-172.123397036594,"ROE_YEARLY":-11.146930947131,"ROIC_YEARLY":-8.392897583809,"TOTAL_ASSETS":7199648216.64,"TOTAL_LIABILITIES":2446563176.64,"TAX_EBT":20.400675798784,"OCF_SALES":-3.564939703623,"TOTAL_PARENT_EQUITY":4625927797.92,"DEBT_ASSET_RATIO":33.9817044253,"OPERATE_PROFIT":-351346475.04,"PRETAX_PROFIT":-330882678.72,"NETCASH_OPERATE":-42978265.44,"NETCASH_INVEST":338840568,"NETCASH_FINANCE":-487687442.88,"END_CASH":806715497.28,"DIVI_RATIO":null,"DIVIDEND_RATE":null,"CURRENT_RATIO":5.250364627118,"COMMON_ACS":null,"CURRENTDEBT_DEBT":29.489479936948,"ISSUED_COMMON_SHARES":466961836,"HK_COMMON_SHARES":466961836,"PER_SHARES":100,"TOTAL_MARKET_CAP":1433572836.52,"HKSK_MARKET_CAP":1433572836.52,"PE_TTM":-2.869843325766,"PB_TTM":0.554270015543,"REPORT_DATE_SQ":"2019-06-30 00:00:00","REPORT_TYPE_SQ":"2019年中报","OPERATE_INCOME_SQ":1728827465.76,"DPS_HKD":null,"OPERATE_INCOME_QOQ_SQ":-3.868930598784,"NET_PROFIT_RATIO_SQ":11.8622973375,"HOLDER_PROFIT_SQ":187045624.44,"HOLDER_PROFIT_QOQ_SQ":9.914946427614,"ROE_AVG_SQ":3.46524274373,"PE_TTM_SQ":-1.332949506954,"PB_TTM_SQ":0.428191490812,"ROA_SQ":2.122658461165,"START_DATE":"2020-01-01 00:00:00","FISCAL_YEAR":"12-31","CURRENCY":"HKD","IS_CNY_CODE":0,"DPS_HKD_LY":0.2,"ORG_TYPE":"一般企业","PREMIUM_INCOME":null,"PREMIUM_INCOME_YOY":null,"NET_INTEREST_INCOME":null,"NET_INTEREST_INCOME_YOY":null,"FEE_COMMISSION_INCOME":null,"FEE_COMMISSION_INCOME_YOY":null,"ACCOUNTS_RECE_TDAYS":0.734524400668,"INVENTORY_TDAYS":27.832408515054,"CURRENT_ASSETS_TDAYS":0.290308494619,"TOTAL_ASSETS_TDAYS":0.148844379142,"PREMIUM_EXPENSE":null,"LOAN_DEPOSIT":null,"LOAN_EQUITY":null,"LOAN_ASSETS":null,"DEPOSIT_EQUITY":null,"DEPOSIT_ASSETS":null,"EQUITY_MULTIPLIER":1.514731622946,"EQUITY_RATIO":0.52888053673}],"count":48},"success":true,"message":"ok","code":0}