{"version":"a1be471989e945d38d01c91b58fd2841","result":{"pages":6,"data":[{"SECUCODE":"00521.HK","SECURITY_CODE":"00521","SECURITY_NAME_ABBR":"CWT INT\u0027L","ORG_CODE":"10008945","STD_REPORT_DATE":"2024-06-30 00:00:00","REPORT_DATE":"2024-06-30 00:00:00","DATE_TYPE_CODE":"002","REPORT_TYPE":"2024年中报","PER_NETCASH_OPERATE":0.032018506604,"PER_OI":1.623271667142,"BPS":0.374781282069,"BASIC_EPS":0.009674408,"DILUTED_EPS":0.009674408,"OPERATE_INCOME":18505290676.28,"OPERATE_INCOME_YOY":26.9564226988,"GROSS_PROFIT":785037138.6,"GROSS_PROFIT_YOY":-2.809803977611,"HOLDER_PROFIT":110306504.8,"HOLDER_PROFIT_YOY":-10.4893240411,"GROSS_PROFIT_RATIO":4.242230788659,"EPS_TTM":0.001863584648,"OPERATE_INCOME_QOQ":11.206886689014,"NET_PROFIT_RATIO":0.6729559137,"ROE_AVG":2.584534386593,"GROSS_PROFIT_QOQ":-1.521311087412,"ROA":0.450605545476,"HOLDER_PROFIT_QOQ":-40.031776331544,"ROE_YEARLY":5.169068773186,"ROIC_YEARLY":0.981189112552,"TOTAL_ASSETS":25742268087.88,"TOTAL_LIABILITIES":21367707055.96,"TAX_EBT":32.447967205973,"OCF_SALES":1.972467532801,"TOTAL_PARENT_EQUITY":4272505154.32,"DEBT_ASSET_RATIO":83.0063107999,"OPERATE_PROFIT":454739159.28,"PRETAX_PROFIT":184350407.84,"NETCASH_OPERATE":365010850.44,"NETCASH_INVEST":152434900.92,"NETCASH_FINANCE":-372736686.64,"END_CASH":1938142605.64,"DIVI_RATIO":null,"DIVIDEND_RATE":null,"CURRENT_RATIO":1.088413925136,"COMMON_ACS":null,"CURRENTDEBT_DEBT":87.279168711732,"ISSUED_COMMON_SHARES":11399996101,"HK_COMMON_SHARES":11399996101,"PER_SHARES":10000,"TOTAL_MARKET_CAP":797999727.07,"HKSK_MARKET_CAP":797999727.07,"PE_TTM":32.009616007621,"PB_TTM":0.170466357464,"REPORT_DATE_SQ":"2023-06-30 00:00:00","REPORT_TYPE_SQ":"2023年中报","OPERATE_INCOME_SQ":14724623574.92,"DPS_HKD":null,"OPERATE_INCOME_QOQ_SQ":-8.907031769109,"NET_PROFIT_RATIO_SQ":0.9399949884,"HOLDER_PROFIT_SQ":124488505.54,"HOLDER_PROFIT_QOQ_SQ":11.572599519806,"ROE_AVG_SQ":2.878963817802,"PE_TTM_SQ":4.243490620021,"PB_TTM_SQ":0.144000799596,"ROA_SQ":0.409192988106,"START_DATE":"2024-01-01 00:00:00","FISCAL_YEAR":"12-31","CURRENCY":"HKD","IS_CNY_CODE":0,"DPS_HKD_LY":null,"ORG_TYPE":"一般企业","PREMIUM_INCOME":null,"PREMIUM_INCOME_YOY":null,"NET_INTEREST_INCOME":null,"NET_INTEREST_INCOME_YOY":null,"FEE_COMMISSION_INCOME":null,"FEE_COMMISSION_INCOME_YOY":null,"ACCOUNTS_RECE_TDAYS":6.894597765249,"INVENTORY_TDAYS":7.012748777053,"CURRENT_ASSETS_TDAYS":0.980388574021,"TOTAL_ASSETS_TDAYS":0.755946951133,"PREMIUM_EXPENSE":null,"LOAN_DEPOSIT":null,"LOAN_EQUITY":null,"LOAN_ASSETS":null,"DEPOSIT_EQUITY":null,"DEPOSIT_ASSETS":null,"EQUITY_MULTIPLIER":5.884537419892,"EQUITY_RATIO":5.001212704063},{"SECUCODE":"00521.HK","SECURITY_CODE":"00521","SECURITY_NAME_ABBR":"CWT INT\u0027L","ORG_CODE":"10008945","STD_REPORT_DATE":"2023-12-31 00:00:00","REPORT_DATE":"2023-12-31 00:00:00","DATE_TYPE_CODE":"001","REPORT_TYPE":"2023年年报","PER_NETCASH_OPERATE":0.039426147993,"PER_OI":2.959230227451,"BPS":0.371334185584,"BASIC_EPS":0.003081148,"DILUTED_EPS":0.003081148,"OPERATE_INCOME":33735213054.9,"OPERATE_INCOME_YOY":-3.7807487032,"GROSS_PROFIT":1491851987.92,"GROSS_PROFIT_YOY":-2.818104561401,"HOLDER_PROFIT":35426858.46,"HOLDER_PROFIT_YOY":-74.484541129,"GROSS_PROFIT_RATIO":4.422239709861,"EPS_TTM":0.003107620226,"OPERATE_INCOME_QOQ":-5.559837355445,"NET_PROFIT_RATIO":0.2127367228,"ROE_AVG":0.84059389239,"GROSS_PROFIT_QOQ":-7.013955989238,"ROA":0.12622311842,"HOLDER_PROFIT_QOQ":-76.799533080968,"ROE_YEARLY":0.84059389239,"ROIC_YEARLY":0.134979971825,"TOTAL_ASSETS":23052631884.38,"TOTAL_LIABILITIES":18704441516.74,"TAX_EBT":67.818136202715,"OCF_SALES":1.332310937739,"TOTAL_PARENT_EQUITY":4233208267.82,"DEBT_ASSET_RATIO":81.1379872396,"OPERATE_PROFIT":594820152.5,"PRETAX_PROFIT":162544150.3,"NETCASH_OPERATE":449457933.4,"NETCASH_INVEST":531134635.78,"NETCASH_FINANCE":-588455769.44,"END_CASH":1807563630.18,"DIVI_RATIO":null,"DIVIDEND_RATE":null,"CURRENT_RATIO":1.143838075496,"COMMON_ACS":null,"CURRENTDEBT_DEBT":80.995948317416,"ISSUED_COMMON_SHARES":11399996101,"HK_COMMON_SHARES":11399996101,"PER_SHARES":10000,"TOTAL_MARKET_CAP":832199715.373,"HKSK_MARKET_CAP":832199715.373,"PE_TTM":33.381456693662,"PB_TTM":0.177772058498,"REPORT_DATE_SQ":"2022-12-31 00:00:00","REPORT_TYPE_SQ":"2022年年报","OPERATE_INCOME_SQ":34559749828.1,"DPS_HKD":null,"OPERATE_INCOME_QOQ_SQ":-8.567592743931,"NET_PROFIT_RATIO_SQ":0.5810755509,"HOLDER_PROFIT_SQ":136860576.51,"HOLDER_PROFIT_QOQ_SQ":-18.420433751808,"ROE_AVG_SQ":3.342393607407,"PE_TTM_SQ":4.243490620021,"PB_TTM_SQ":0.144000799596,"ROA_SQ":0.49874553517,"START_DATE":"2023-01-01 00:00:00","FISCAL_YEAR":"12-31","CURRENCY":"HKD","IS_CNY_CODE":0,"DPS_HKD_LY":null,"ORG_TYPE":"一般企业","PREMIUM_INCOME":null,"PREMIUM_INCOME_YOY":null,"NET_INTEREST_INCOME":null,"NET_INTEREST_INCOME_YOY":null,"FEE_COMMISSION_INCOME":null,"FEE_COMMISSION_INCOME_YOY":null,"ACCOUNTS_RECE_TDAYS":5.076015892252,"INVENTORY_TDAYS":11.442387769594,"CURRENT_ASSETS_TDAYS":1.520662977007,"TOTAL_ASSETS_TDAYS":1.201959185049,"PREMIUM_EXPENSE":null,"LOAN_DEPOSIT":null,"LOAN_EQUITY":null,"LOAN_ASSETS":null,"DEPOSIT_EQUITY":null,"DEPOSIT_ASSETS":null,"EQUITY_MULTIPLIER":5.301661136077,"EQUITY_RATIO":4.418502547802},{"SECUCODE":"00521.HK","SECURITY_CODE":"00521","SECURITY_NAME_ABBR":"CWT INT\u0027L","ORG_CODE":"10008945","STD_REPORT_DATE":"2023-06-30 00:00:00","REPORT_DATE":"2023-06-30 00:00:00","DATE_TYPE_CODE":"002","REPORT_TYPE":"2023年中报","PER_NETCASH_OPERATE":0.108435398894,"PER_OI":1.291634088684,"BPS":0.384156200209,"BASIC_EPS":0.010879364,"DILUTED_EPS":0.010879364,"OPERATE_INCOME":14724623574.92,"OPERATE_INCOME_YOY":-24.1958296606,"GROSS_PROFIT":807732848.3,"GROSS_PROFIT_YOY":1.439680208737,"HOLDER_PROFIT":124488505.54,"HOLDER_PROFIT_YOY":6.277155091,"GROSS_PROFIT_RATIO":5.206455289837,"EPS_TTM":0.013394645189,"OPERATE_INCOME_QOQ":-8.907031769109,"NET_PROFIT_RATIO":0.9399949884,"ROE_AVG":2.878963817802,"GROSS_PROFIT_QOQ":1.066674020892,"ROA":0.409192988106,"HOLDER_PROFIT_QOQ":11.572599519806,"ROE_YEARLY":5.757927635605,"ROIC_YEARLY":0.876368672944,"TOTAL_ASSETS":27189477857.76,"TOTAL_LIABILITIES":22643934827.7,"TAX_EBT":30.516717593266,"OCF_SALES":7.914426886278,"TOTAL_PARENT_EQUITY":4379379184.56,"DEBT_ASSET_RATIO":83.2819774847,"OPERATE_PROFIT":425608095.52,"PRETAX_PROFIT":209102298.06,"NETCASH_OPERATE":1286458977.56,"NETCASH_INVEST":244890795.72,"NETCASH_FINANCE":-937355860.46,"END_CASH":2113845673.52,"DIVI_RATIO":null,"DIVIDEND_RATE":null,"CURRENT_RATIO":1.122062201639,"COMMON_ACS":null,"CURRENTDEBT_DEBT":83.633777773435,"ISSUED_COMMON_SHARES":11399996101,"HK_COMMON_SHARES":11399996101,"PER_SHARES":10000,"TOTAL_MARKET_CAP":832199715.373,"HKSK_MARKET_CAP":832199715.373,"PE_TTM":33.381456693662,"PB_TTM":0.177772058498,"REPORT_DATE_SQ":"2022-06-30 00:00:00","REPORT_TYPE_SQ":"2022年中报","OPERATE_INCOME_SQ":19111920384.83,"DPS_HKD":null,"OPERATE_INCOME_QOQ_SQ":-5.396224391387,"NET_PROFIT_RATIO_SQ":0.7705691346,"HOLDER_PROFIT_SQ":108650179.12,"HOLDER_PROFIT_QOQ_SQ":-1.778343146172,"ROE_AVG_SQ":2.781670158132,"PE_TTM_SQ":4.243490620021,"PB_TTM_SQ":0.144000799596,"ROA_SQ":0.494824176427,"START_DATE":"2023-01-01 00:00:00","FISCAL_YEAR":"12-31","CURRENCY":"HKD","IS_CNY_CODE":0,"DPS_HKD_LY":null,"ORG_TYPE":"一般企业","PREMIUM_INCOME":null,"PREMIUM_INCOME_YOY":null,"NET_INTEREST_INCOME":null,"NET_INTEREST_INCOME_YOY":null,"FEE_COMMISSION_INCOME":null,"FEE_COMMISSION_INCOME_YOY":null,"ACCOUNTS_RECE_TDAYS":1.765890149103,"INVENTORY_TDAYS":5.420110766057,"CURRENT_ASSETS_TDAYS":0.640653096621,"TOTAL_ASSETS_TDAYS":0.513399264915,"PREMIUM_EXPENSE":null,"LOAN_DEPOSIT":null,"LOAN_EQUITY":null,"LOAN_ASSETS":null,"DEPOSIT_EQUITY":null,"DEPOSIT_ASSETS":null,"EQUITY_MULTIPLIER":5.981568687833,"EQUITY_RATIO":5.17058100553},{"SECUCODE":"00521.HK","SECURITY_CODE":"00521","SECURITY_NAME_ABBR":"CWT INT\u0027L","ORG_CODE":"10008945","STD_REPORT_DATE":"2022-12-31 00:00:00","REPORT_DATE":"2022-12-31 00:00:00","DATE_TYPE_CODE":"001","REPORT_TYPE":"2022年年报","PER_NETCASH_OPERATE":0.129895920118,"PER_OI":3.031558039311,"BPS":0.36279311531,"BASIC_EPS":0.011969818,"DILUTED_EPS":0.011969818,"OPERATE_INCOME":34559749828.1,"OPERATE_INCOME_YOY":-20.828885689,"GROSS_PROFIT":1535113079.64,"GROSS_PROFIT_YOY":-1.710681159954,"HOLDER_PROFIT":136860576.51,"HOLDER_PROFIT_YOY":-26.6590076829,"GROSS_PROFIT_RATIO":4.048164151468,"EPS_TTM":0.012005317835,"OPERATE_INCOME_QOQ":-8.567592743931,"NET_PROFIT_RATIO":0.5810755509,"ROE_AVG":3.342393607407,"GROSS_PROFIT_QOQ":0.005062612374,"ROA":0.49874553517,"HOLDER_PROFIT_QOQ":-18.420433751808,"ROE_YEARLY":3.342393607407,"ROIC_YEARLY":0.529746163513,"TOTAL_ASSETS":32608343450.55,"TOTAL_LIABILITIES":28292775640.01,"TAX_EBT":24.139197802355,"OCF_SALES":3.776229112639,"TOTAL_PARENT_EQUITY":4135840100,"DEBT_ASSET_RATIO":86.7654491033,"OPERATE_PROFIT":706405062.16,"PRETAX_PROFIT":437683541.33,"NETCASH_OPERATE":1480812982.88,"NETCASH_INVEST":-1147855523.08,"NETCASH_FINANCE":-199289430.27,"END_CASH":1432723792.43,"DIVI_RATIO":null,"DIVIDEND_RATE":null,"CURRENT_RATIO":1.08412855592,"COMMON_ACS":null,"CURRENTDEBT_DEBT":86.896326406282,"ISSUED_COMMON_SHARES":11399996101,"HK_COMMON_SHARES":11399996101,"PER_SHARES":10000,"TOTAL_MARKET_CAP":854999707.575,"HKSK_MARKET_CAP":854999707.575,"PE_TTM":34.296017151023,"PB_TTM":0.182642525854,"REPORT_DATE_SQ":"2021-12-31 00:00:00","REPORT_TYPE_SQ":"2021年年报","OPERATE_INCOME_SQ":45334961772.8,"DPS_HKD":null,"OPERATE_INCOME_QOQ_SQ":5.481681740381,"NET_PROFIT_RATIO_SQ":0.5218487215,"HOLDER_PROFIT_SQ":170800728,"HOLDER_PROFIT_QOQ_SQ":-26.844502426586,"ROE_AVG_SQ":4.691590340316,"PE_TTM_SQ":4.243490620021,"PB_TTM_SQ":0.144000799596,"ROA_SQ":0.83812001142,"START_DATE":"2022-01-01 00:00:00","FISCAL_YEAR":"12-31","CURRENCY":"HKD","IS_CNY_CODE":0,"DPS_HKD_LY":null,"ORG_TYPE":"一般企业","PREMIUM_INCOME":null,"PREMIUM_INCOME_YOY":null,"NET_INTEREST_INCOME":null,"NET_INTEREST_INCOME_YOY":null,"FEE_COMMISSION_INCOME":null,"FEE_COMMISSION_INCOME_YOY":null,"ACCOUNTS_RECE_TDAYS":4.911661820368,"INVENTORY_TDAYS":14.478625789157,"CURRENT_ASSETS_TDAYS":1.858623075558,"TOTAL_ASSETS_TDAYS":1.429033905585,"PREMIUM_EXPENSE":null,"LOAN_DEPOSIT":null,"LOAN_EQUITY":null,"LOAN_ASSETS":null,"DEPOSIT_EQUITY":null,"DEPOSIT_ASSETS":null,"EQUITY_MULTIPLIER":7.555979857612,"EQUITY_RATIO":6.840877537797},{"SECUCODE":"00521.HK","SECURITY_CODE":"00521","SECURITY_NAME_ABBR":"CWT INT\u0027L","ORG_CODE":"10008945","STD_REPORT_DATE":"2022-06-30 00:00:00","REPORT_DATE":"2022-06-30 00:00:00","DATE_TYPE_CODE":"002","REPORT_TYPE":"2022年中报","PER_NETCASH_OPERATE":0.127381719317,"PER_OI":1.676484817671,"BPS":0.34483635619,"BASIC_EPS":0.009492609,"DILUTED_EPS":0.009492609,"OPERATE_INCOME":19111920384.83,"OPERATE_INCOME_YOY":-13.7433964353,"GROSS_PROFIT":796269119.38,"GROSS_PROFIT_YOY":3.313527851112,"HOLDER_PROFIT":108650179.12,"HOLDER_PROFIT_YOY":-5.3484023334,"GROSS_PROFIT_RATIO":4.166348034874,"EPS_TTM":0.014716084416,"OPERATE_INCOME_QOQ":-5.396224391387,"NET_PROFIT_RATIO":0.7705691346,"ROE_AVG":2.781670158132,"GROSS_PROFIT_QOQ":1.635156256283,"ROA":0.494824176427,"HOLDER_PROFIT_QOQ":-1.778343146172,"ROE_YEARLY":5.563340316264,"ROIC_YEARLY":1.059173110835,"TOTAL_ASSETS":22590598982.77,"TOTAL_LIABILITIES":18487083508.04,"TAX_EBT":28.941559004238,"OCF_SALES":7.598143327882,"TOTAL_PARENT_EQUITY":3931133116.05,"DEBT_ASSET_RATIO":81.8352958332,"OPERATE_PROFIT":319042312.54,"PRETAX_PROFIT":207252730.93,"NETCASH_OPERATE":1452151103.55,"NETCASH_INVEST":-1188694430.63,"NETCASH_FINANCE":-277145699.25,"END_CASH":1251659504.76,"DIVI_RATIO":null,"DIVIDEND_RATE":null,"CURRENT_RATIO":1.120959208947,"COMMON_ACS":null,"CURRENTDEBT_DEBT":79.437628264043,"ISSUED_COMMON_SHARES":11399996101,"HK_COMMON_SHARES":11399996101,"PER_SHARES":10000,"TOTAL_MARKET_CAP":832199715.373,"HKSK_MARKET_CAP":832199715.373,"PE_TTM":33.381456693662,"PB_TTM":0.177772058498,"REPORT_DATE_SQ":"2021-06-30 00:00:00","REPORT_TYPE_SQ":"2021年中报","OPERATE_INCOME_SQ":21558296649.84,"DPS_HKD":null,"OPERATE_INCOME_QOQ_SQ":14.308669944505,"NET_PROFIT_RATIO_SQ":0.6105193952,"HOLDER_PROFIT_SQ":111687602.16,"HOLDER_PROFIT_QOQ_SQ":569.013238140372,"ROE_AVG_SQ":3.036586332839,"PE_TTM_SQ":4.243490620021,"PB_TTM_SQ":0.144000799596,"ROA_SQ":0.531237023524,"START_DATE":"2022-01-01 00:00:00","FISCAL_YEAR":"12-31","CURRENCY":"HKD","IS_CNY_CODE":0,"DPS_HKD_LY":null,"ORG_TYPE":"一般企业","PREMIUM_INCOME":null,"PREMIUM_INCOME_YOY":null,"NET_INTEREST_INCOME":null,"NET_INTEREST_INCOME_YOY":null,"FEE_COMMISSION_INCOME":null,"FEE_COMMISSION_INCOME_YOY":null,"ACCOUNTS_RECE_TDAYS":7.337757583508,"INVENTORY_TDAYS":7.340946985556,"CURRENT_ASSETS_TDAYS":1.219547116164,"TOTAL_ASSETS_TDAYS":0.870411842939,"PREMIUM_EXPENSE":null,"LOAN_DEPOSIT":null,"LOAN_EQUITY":null,"LOAN_ASSETS":null,"DEPOSIT_EQUITY":null,"DEPOSIT_ASSETS":null,"EQUITY_MULTIPLIER":5.505181867083,"EQUITY_RATIO":4.702736580596},{"SECUCODE":"00521.HK","SECURITY_CODE":"00521","SECURITY_NAME_ABBR":"CWT INT\u0027L","ORG_CODE":"10008945","STD_REPORT_DATE":"2021-12-31 00:00:00","REPORT_DATE":"2021-12-31 00:00:00","DATE_TYPE_CODE":"001","REPORT_TYPE":"2021年年报","PER_NETCASH_OPERATE":-0.004250373945,"PER_OI":3.976752392821,"BPS":0.325452317767,"BASIC_EPS":0.01496208,"DILUTED_EPS":0.01496208,"OPERATE_INCOME":45334961772.8,"OPERATE_INCOME_YOY":24.1199813644,"GROSS_PROFIT":1561831028.8,"GROSS_PROFIT_YOY":25.294863344406,"HOLDER_PROFIT":170800728,"HOLDER_PROFIT_YOY":403.8104425419,"GROSS_PROFIT_RATIO":3.445091751984,"EPS_TTM":0.014982525124,"OPERATE_INCOME_QOQ":5.481681740381,"NET_PROFIT_RATIO":0.5218487215,"ROE_AVG":4.691590340316,"GROSS_PROFIT_QOQ":14.244510971697,"ROA":0.83812001142,"HOLDER_PROFIT_QOQ":-26.844502426586,"ROE_YEARLY":4.691590340316,"ROIC_YEARLY":0.893337499576,"TOTAL_ASSETS":20386759523.2,"TOTAL_LIABILITIES":16524982084.8,"TAX_EBT":37.840700132327,"OCF_SALES":-0.106880527754,"TOTAL_PARENT_EQUITY":3710155153.6,"DEBT_ASSET_RATIO":81.0574238932,"OPERATE_PROFIT":572353521.6,"PRETAX_PROFIT":380602611.2,"NETCASH_OPERATE":-48454246.4,"NETCASH_INVEST":1234225249.6,"NETCASH_FINANCE":-969546054.4,"END_CASH":1230351460.8,"DIVI_RATIO":null,"DIVIDEND_RATE":null,"CURRENT_RATIO":1.074036805822,"COMMON_ACS":null,"CURRENTDEBT_DEBT":80.156358933567,"ISSUED_COMMON_SHARES":11399996101,"HK_COMMON_SHARES":11399996101,"PER_SHARES":10000,"TOTAL_MARKET_CAP":854999707.575,"HKSK_MARKET_CAP":854999707.575,"PE_TTM":34.296017151023,"PB_TTM":0.182642525854,"REPORT_DATE_SQ":"2020-12-31 00:00:00","REPORT_TYPE_SQ":"2020年年报","OPERATE_INCOME_SQ":37599064296.44,"DPS_HKD":null,"OPERATE_INCOME_QOQ_SQ":13.293888112285,"NET_PROFIT_RATIO_SQ":0.152904723,"HOLDER_PROFIT_SQ":34898602.6,"HOLDER_PROFIT_QOQ_SQ":108.883834805325,"ROE_AVG_SQ":0.971699671804,"PE_TTM_SQ":4.243490620021,"PB_TTM_SQ":0.144000799596,"ROA_SQ":0.16946433352,"START_DATE":"2021-01-01 00:00:00","FISCAL_YEAR":"12-31","CURRENCY":"HKD","IS_CNY_CODE":0,"DPS_HKD_LY":null,"ORG_TYPE":"一般企业","PREMIUM_INCOME":null,"PREMIUM_INCOME_YOY":null,"NET_INTEREST_INCOME":null,"NET_INTEREST_INCOME_YOY":null,"FEE_COMMISSION_INCOME":null,"FEE_COMMISSION_INCOME_YOY":null,"ACCOUNTS_RECE_TDAYS":15.820847724332,"INVENTORY_TDAYS":18.855962856209,"CURRENT_ASSETS_TDAYS":3.233078361768,"TOTAL_ASSETS_TDAYS":2.224588801444,"PREMIUM_EXPENSE":null,"LOAN_DEPOSIT":null,"LOAN_EQUITY":null,"LOAN_ASSETS":null,"DEPOSIT_EQUITY":null,"DEPOSIT_ASSETS":null,"EQUITY_MULTIPLIER":5.279113011672,"EQUITY_RATIO":4.45398680127},{"SECUCODE":"00521.HK","SECURITY_CODE":"00521","SECURITY_NAME_ABBR":"CWT INT\u0027L","ORG_CODE":"10008945","STD_REPORT_DATE":"2021-06-30 00:00:00","REPORT_DATE":"2021-06-30 00:00:00","DATE_TYPE_CODE":"002","REPORT_TYPE":"2021年中报","PER_NETCASH_OPERATE":-0.075437639422,"PER_OI":1.891079300277,"BPS":0.326482246421,"BASIC_EPS":0.009818544,"DILUTED_EPS":0.009818544,"OPERATE_INCOME":21558296649.84,"OPERATE_INCOME_YOY":46.2832516048,"GROSS_PROFIT":770730741.6,"GROSS_PROFIT_YOY":18.544761351027,"HOLDER_PROFIT":111687602.16,"HOLDER_PROFIT_YOY":241.1073966612,"GROSS_PROFIT_RATIO":3.575100362142,"EPS_TTM":0.020480381682,"OPERATE_INCOME_QOQ":14.308669944505,"NET_PROFIT_RATIO":0.6105193952,"ROE_AVG":3.036586332839,"GROSS_PROFIT_QOQ":9.672545559276,"ROA":0.531237023524,"HOLDER_PROFIT_QOQ":569.013238140372,"ROE_YEARLY":6.073172665678,"ROIC_YEARLY":1.119715582715,"TOTAL_ASSETS":21316040718.24,"TOTAL_LIABILITIES":17478818926.08,"TAX_EBT":27.648256146369,"OCF_SALES":-3.989131466406,"TOTAL_PARENT_EQUITY":3721896336.24,"DEBT_ASSET_RATIO":81.9984309334,"OPERATE_PROFIT":295315176.96,"PRETAX_PROFIT":181913490,"NETCASH_OPERATE":-859988795.28,"NETCASH_INVEST":857541648,"NETCASH_FINANCE":-133633712.16,"END_CASH":882177040.56,"DIVI_RATIO":null,"DIVIDEND_RATE":null,"CURRENT_RATIO":1.052456323359,"COMMON_ACS":null,"CURRENTDEBT_DEBT":80.711910630474,"ISSUED_COMMON_SHARES":11399996101,"HK_COMMON_SHARES":11399996101,"PER_SHARES":10000,"TOTAL_MARKET_CAP":854999707.575,"HKSK_MARKET_CAP":854999707.575,"PE_TTM":34.296017151023,"PB_TTM":0.182642525854,"REPORT_DATE_SQ":"2020-06-30 00:00:00","REPORT_TYPE_SQ":"2020年中报","OPERATE_INCOME_SQ":16178370637.44,"DPS_HKD":null,"OPERATE_INCOME_QOQ_SQ":-9.078184826339,"NET_PROFIT_RATIO_SQ":-0.4883952077,"HOLDER_PROFIT_SQ":-86890066.56,"HOLDER_PROFIT_QOQ_SQ":26.611693997405,"ROE_AVG_SQ":-2.303932105647,"PE_TTM_SQ":4.243490620021,"PB_TTM_SQ":0.144000799596,"ROA_SQ":-0.414544198034,"START_DATE":"2021-01-01 00:00:00","FISCAL_YEAR":"12-31","CURRENCY":"HKD","IS_CNY_CODE":0,"DPS_HKD_LY":null,"ORG_TYPE":"一般企业","PREMIUM_INCOME":null,"PREMIUM_INCOME_YOY":null,"NET_INTEREST_INCOME":null,"NET_INTEREST_INCOME_YOY":null,"FEE_COMMISSION_INCOME":null,"FEE_COMMISSION_INCOME_YOY":null,"ACCOUNTS_RECE_TDAYS":6.492375026296,"INVENTORY_TDAYS":8.489082680084,"CURRENT_ASSETS_TDAYS":1.491397771226,"TOTAL_ASSETS_TDAYS":1.025410620609,"PREMIUM_EXPENSE":null,"LOAN_DEPOSIT":null,"LOAN_EQUITY":null,"LOAN_ASSETS":null,"DEPOSIT_EQUITY":null,"DEPOSIT_ASSETS":null,"EQUITY_MULTIPLIER":5.555071317952,"EQUITY_RATIO":4.696213259861},{"SECUCODE":"00521.HK","SECURITY_CODE":"00521","SECURITY_NAME_ABBR":"CWT INT\u0027L","ORG_CODE":"10008945","STD_REPORT_DATE":"2020-12-31 00:00:00","REPORT_DATE":"2020-12-31 00:00:00","DATE_TYPE_CODE":"001","REPORT_TYPE":"2020年年报","PER_NETCASH_OPERATE":0.09529250675,"PER_OI":3.298164662806,"BPS":0.322455133331,"BASIC_EPS":0.003029904,"DILUTED_EPS":0.003029904,"OPERATE_INCOME":37599064296.44,"OPERATE_INCOME_YOY":9.6350888859,"GROSS_PROFIT":1246524388.24,"GROSS_PROFIT_YOY":-9.412604788138,"HOLDER_PROFIT":34898602.6,"HOLDER_PROFIT_YOY":106.9390869825,"GROSS_PROFIT_RATIO":3.315306940652,"EPS_TTM":0.003061281977,"OPERATE_INCOME_QOQ":13.293888112285,"NET_PROFIT_RATIO":0.152904723,"ROE_AVG":0.971699671804,"GROSS_PROFIT_QOQ":-7.210079455736,"ROA":0.16946433352,"HOLDER_PROFIT_QOQ":108.883834805325,"ROE_YEARLY":0.971699671804,"ROIC_YEARLY":0.180908410214,"TOTAL_ASSETS":20970280357.36,"TOTAL_LIABILITIES":17184282330.24,"TAX_EBT":35.399485132031,"OCF_SALES":2.889258617808,"TOTAL_PARENT_EQUITY":3675987262.72,"DEBT_ASSET_RATIO":81.9458874054,"OPERATE_PROFIT":433367169.12,"PRETAX_PROFIT":109196056.88,"NETCASH_OPERATE":1192645962,"NETCASH_INVEST":-106415278.32,"NETCASH_FINANCE":-1125867719.48,"END_CASH":1045837855.16,"DIVI_RATIO":null,"DIVIDEND_RATE":null,"CURRENT_RATIO":1.042305998445,"COMMON_ACS":null,"CURRENTDEBT_DEBT":79.415006139796,"ISSUED_COMMON_SHARES":11399996101,"HK_COMMON_SHARES":11399996101,"PER_SHARES":10000,"TOTAL_MARKET_CAP":832199715.373,"HKSK_MARKET_CAP":832199715.373,"PE_TTM":33.381456693662,"PB_TTM":0.177772058498,"REPORT_DATE_SQ":"2019-12-31 00:00:00","REPORT_TYPE_SQ":"2019年年报","OPERATE_INCOME_SQ":36500806299.36,"DPS_HKD":null,"OPERATE_INCOME_QOQ_SQ":-37.24463687553,"NET_PROFIT_RATIO_SQ":-1.3529709495,"HOLDER_PROFIT_SQ":-535279609.46,"HOLDER_PROFIT_QOQ_SQ":-115.44160013253,"ROE_AVG_SQ":-13.220837503861,"PE_TTM_SQ":4.243490620021,"PB_TTM_SQ":0.144000799596,"ROA_SQ":-2.398279648332,"START_DATE":"2020-01-01 00:00:00","FISCAL_YEAR":"12-31","CURRENCY":"HKD","IS_CNY_CODE":0,"DPS_HKD_LY":null,"ORG_TYPE":"一般企业","PREMIUM_INCOME":null,"PREMIUM_INCOME_YOY":null,"NET_INTEREST_INCOME":null,"NET_INTEREST_INCOME_YOY":null,"FEE_COMMISSION_INCOME":null,"FEE_COMMISSION_INCOME_YOY":null,"ACCOUNTS_RECE_TDAYS":12.897798960261,"INVENTORY_TDAYS":14.380606850385,"CURRENT_ASSETS_TDAYS":2.734550511977,"TOTAL_ASSETS_TDAYS":1.825775216566,"PREMIUM_EXPENSE":null,"LOAN_DEPOSIT":null,"LOAN_EQUITY":null,"LOAN_ASSETS":null,"DEPOSIT_EQUITY":null,"DEPOSIT_ASSETS":null,"EQUITY_MULTIPLIER":5.538904195707,"EQUITY_RATIO":4.674739356285},{"SECUCODE":"00521.HK","SECURITY_CODE":"00521","SECURITY_NAME_ABBR":"CWT INT\u0027L","ORG_CODE":"10008945","STD_REPORT_DATE":"2020-06-30 00:00:00","REPORT_DATE":"2020-06-30 00:00:00","DATE_TYPE_CODE":"002","REPORT_TYPE":"2020年中报","PER_NETCASH_OPERATE":0.16180793871,"PER_OI":1.41915580445,"BPS":0.327769066166,"BASIC_EPS":-0.007581552,"DILUTED_EPS":-0.007581552,"OPERATE_INCOME":16178370637.44,"OPERATE_INCOME_YOY":-20.0693005947,"GROSS_PROFIT":650160102.24,"GROSS_PROFIT_YOY":-4.783492002379,"HOLDER_PROFIT":-86890066.56,"HOLDER_PROFIT_YOY":63.5136223635,"GROSS_PROFIT_RATIO":4.018699514371,"EPS_TTM":-0.034459015098,"OPERATE_INCOME_QOQ":-9.078184826339,"NET_PROFIT_RATIO":-0.4883952077,"ROE_AVG":-2.303932105647,"GROSS_PROFIT_QOQ":-2.37366873415,"ROA":-0.414544198034,"HOLDER_PROFIT_QOQ":26.611693997405,"ROE_YEARLY":-4.607864211293,"ROIC_YEARLY":-0.885384935677,"TOTAL_ASSETS":19979417356.8,"TOTAL_LIABILITIES":16137982887.84,"TAX_EBT":-214.241775875903,"OCF_SALES":11.401703618603,"TOTAL_PARENT_EQUITY":3736566076.32,"DEBT_ASSET_RATIO":80.7730405729,"OPERATE_PROFIT":193216309.44,"PRETAX_PROFIT":-20492112.96,"NETCASH_OPERATE":1844609870.4,"NETCASH_INVEST":-176416320.96,"NETCASH_FINANCE":-1768398830.88,"END_CASH":986614764.96,"DIVI_RATIO":null,"DIVIDEND_RATE":null,"CURRENT_RATIO":1.061583495209,"COMMON_ACS":null,"CURRENTDEBT_DEBT":75.64670607402,"ISSUED_COMMON_SHARES":11399996101,"HK_COMMON_SHARES":11399996101,"PER_SHARES":10000,"TOTAL_MARKET_CAP":854999707.575,"HKSK_MARKET_CAP":854999707.575,"PE_TTM":34.296017151023,"PB_TTM":0.182642525854,"REPORT_DATE_SQ":"2019-06-30 00:00:00","REPORT_TYPE_SQ":"2019年中报","OPERATE_INCOME_SQ":19491981296.4,"DPS_HKD":null,"OPERATE_INCOME_QOQ_SQ":-7.007511060555,"NET_PROFIT_RATIO_SQ":-0.8391870669,"HOLDER_PROFIT_SQ":-229337038.26,"HOLDER_PROFIT_QOQ_SQ":49.117620321821,"ROE_AVG_SQ":-5.546223010238,"PE_TTM_SQ":4.243490620021,"PB_TTM_SQ":0.144000799596,"ROA_SQ":-0.995917103159,"START_DATE":"2020-01-01 00:00:00","FISCAL_YEAR":"12-31","CURRENCY":"HKD","IS_CNY_CODE":0,"DPS_HKD_LY":null,"ORG_TYPE":"一般企业","PREMIUM_INCOME":null,"PREMIUM_INCOME_YOY":null,"NET_INTEREST_INCOME":null,"NET_INTEREST_INCOME_YOY":null,"FEE_COMMISSION_INCOME":null,"FEE_COMMISSION_INCOME_YOY":null,"ACCOUNTS_RECE_TDAYS":5.94768654778,"INVENTORY_TDAYS":6.487062855006,"CURRENT_ASSETS_TDAYS":1.182319935614,"TOTAL_ASSETS_TDAYS":0.771854591314,"PREMIUM_EXPENSE":null,"LOAN_DEPOSIT":null,"LOAN_EQUITY":null,"LOAN_ASSETS":null,"DEPOSIT_EQUITY":null,"DEPOSIT_ASSETS":null,"EQUITY_MULTIPLIER":5.20103037504,"EQUITY_RATIO":4.318934165279}],"count":49},"success":true,"message":"ok","code":0}