{"version":"9778d1308b9744e5e2490a0f963cf630","result":{"pages":6,"data":[{"SECUCODE":"00524.HK","SECURITY_CODE":"00524","SECURITY_NAME_ABBR":"长城天下","ORG_CODE":"10008947","STD_REPORT_DATE":"2024-06-30 00:00:00","REPORT_DATE":"2024-06-30 00:00:00","DATE_TYPE_CODE":"002","REPORT_TYPE":"2024年中报","PER_NETCASH_OPERATE":-0.046855796169,"PER_OI":0.171067684706,"BPS":0.077365361567,"BASIC_EPS":-0.04837204,"DILUTED_EPS":-0.04837204,"OPERATE_INCOME":33687931.48,"OPERATE_INCOME_YOY":-11.3972971027,"GROSS_PROFIT":2394872.32,"GROSS_PROFIT_YOY":9.461936236517,"HOLDER_PROFIT":-9588616.08,"HOLDER_PROFIT_YOY":18.5139222834,"GROSS_PROFIT_RATIO":7.108991899434,"EPS_TTM":-0.150555415572,"OPERATE_INCOME_QOQ":-5.848293974398,"NET_PROFIT_RATIO":-28.4630597925,"ROE_AVG":-47.455789687648,"GROSS_PROFIT_QOQ":4.511881506193,"ROA":-14.413895291406,"HOLDER_PROFIT_QOQ":7.194647244092,"ROE_YEARLY":-94.911579375296,"ROIC_YEARLY":-31.575625516568,"TOTAL_ASSETS":65860814.16,"TOTAL_LIABILITIES":50625446.92,"TAX_EBT":-0.883426157096,"OCF_SALES":-27.390208880821,"TOTAL_PARENT_EQUITY":15235367.24,"DEBT_ASSET_RATIO":76.8673262936,"OPERATE_PROFIT":-8905018.76,"PRETAX_PROFIT":-9504649.52,"NETCASH_OPERATE":-9227194.8,"NETCASH_INVEST":-11864.84,"NETCASH_FINANCE":9706351.8,"END_CASH":5991744.2,"DIVI_RATIO":null,"DIVIDEND_RATE":null,"CURRENT_RATIO":0.34029318542,"COMMON_ACS":1200000000,"CURRENTDEBT_DEBT":91.005787016171,"ISSUED_COMMON_SHARES":196927500,"HK_COMMON_SHARES":196927500,"PER_SHARES":50000,"TOTAL_MARKET_CAP":51201150,"HKSK_MARKET_CAP":51201150,"PE_TTM":-1.557875920404,"PB_TTM":3.067222787995,"REPORT_DATE_SQ":"2023-06-30 00:00:00","REPORT_TYPE_SQ":"2023年中报","OPERATE_INCOME_SQ":38408764.82,"DPS_HKD":null,"OPERATE_INCOME_QOQ_SQ":0.353766413882,"NET_PROFIT_RATIO_SQ":-30.9488945966,"HOLDER_PROFIT_SQ":-11887088.14,"HOLDER_PROFIT_QOQ_SQ":-9.399318763193,"ROE_AVG_SQ":-22.856281799004,"PE_TTM_SQ":-1.850746741307,"PB_TTM_SQ":0.906755120018,"ROA_SQ":-14.32110010219,"START_DATE":"2024-01-01 00:00:00","FISCAL_YEAR":"12-31","CURRENCY":"HKD","IS_CNY_CODE":0,"DPS_HKD_LY":null,"ORG_TYPE":"一般企业","PREMIUM_INCOME":null,"PREMIUM_INCOME_YOY":null,"NET_INTEREST_INCOME":null,"NET_INTEREST_INCOME_YOY":null,"FEE_COMMISSION_INCOME":null,"FEE_COMMISSION_INCOME_YOY":null,"ACCOUNTS_RECE_TDAYS":3.36073932441,"INVENTORY_TDAYS":26.934014139827,"CURRENT_ASSETS_TDAYS":1.929886019032,"TOTAL_ASSETS_TDAYS":0.50640709033,"PREMIUM_EXPENSE":null,"LOAN_DEPOSIT":null,"LOAN_EQUITY":null,"LOAN_ASSETS":null,"DEPOSIT_EQUITY":null,"DEPOSIT_ASSETS":null,"EQUITY_MULTIPLIER":4.322889834059,"EQUITY_RATIO":3.322889834062},{"SECUCODE":"00524.HK","SECURITY_CODE":"00524","SECURITY_NAME_ABBR":"长城天下","ORG_CODE":"10008947","STD_REPORT_DATE":"2023-12-31 00:00:00","REPORT_DATE":"2023-12-31 00:00:00","DATE_TYPE_CODE":"001","REPORT_TYPE":"2023年年报","PER_NETCASH_OPERATE":-0.124745460944,"PER_OI":0.409904896472,"BPS":0.1269359154,"BASIC_EPS":-0.16221338,"DILUTED_EPS":-0.16221338,"OPERATE_INCOME":80721546.5,"OPERATE_INCOME_YOY":-1.6148094149,"GROSS_PROFIT":4588191.86,"GROSS_PROFIT_YOY":-6.2529693023,"HOLDER_PROFIT":-31946973.66,"HOLDER_PROFIT_YOY":-51.9394879752,"GROSS_PROFIT_RATIO":5.683974179063,"EPS_TTM":-0.162227081845,"OPERATE_INCOME_QOQ":-0.540344995491,"NET_PROFIT_RATIO":-39.5767611563,"ROE_AVG":-77.949386960896,"GROSS_PROFIT_QOQ":-5.648416256648,"ROA":-43.732516235478,"HOLDER_PROFIT_QOQ":-40.898683389874,"ROE_YEARLY":-77.949386960896,"ROIC_YEARLY":-55.053135419188,"TOTAL_ASSETS":66710479.08,"TOTAL_LIABILITIES":41713306.6,"TAX_EBT":-0.550484883058,"OCF_SALES":-30.432781364019,"TOTAL_PARENT_EQUITY":24997172.48,"DEBT_ASSET_RATIO":62.5288667916,"OPERATE_PROFIT":-31307182.34,"PRETAX_PROFIT":-31772073.2,"NETCASH_OPERATE":-24565811.76,"NETCASH_INVEST":8436908.2,"NETCASH_FINANCE":5347604.22,"END_CASH":5546972.62,"DIVI_RATIO":null,"DIVIDEND_RATE":null,"CURRENT_RATIO":0.518885113508,"COMMON_ACS":1200000000,"CURRENTDEBT_DEBT":88.233760590919,"ISSUED_COMMON_SHARES":196927500,"HK_COMMON_SHARES":196927500,"PER_SHARES":50000,"TOTAL_MARKET_CAP":59078250,"HKSK_MARKET_CAP":59078250,"PE_TTM":-1.797549138928,"PB_TTM":3.539103216917,"REPORT_DATE_SQ":"2022-12-31 00:00:00","REPORT_TYPE_SQ":"2022年年报","OPERATE_INCOME_SQ":80873985.99,"DPS_HKD":null,"OPERATE_INCOME_QOQ_SQ":22.801932810254,"NET_PROFIT_RATIO_SQ":-22.2792891304,"HOLDER_PROFIT_SQ":-20725650.54,"HOLDER_PROFIT_QOQ_SQ":-7.928769385556,"ROE_AVG_SQ":-34.94224484571,"PE_TTM_SQ":-1.689812242063,"PB_TTM_SQ":0.827906848712,"ROA_SQ":-25.351558658669,"START_DATE":"2023-01-01 00:00:00","FISCAL_YEAR":"12-31","CURRENCY":"HKD","IS_CNY_CODE":0,"DPS_HKD_LY":null,"ORG_TYPE":"一般企业","PREMIUM_INCOME":null,"PREMIUM_INCOME_YOY":null,"NET_INTEREST_INCOME":null,"NET_INTEREST_INCOME_YOY":null,"FEE_COMMISSION_INCOME":null,"FEE_COMMISSION_INCOME_YOY":null,"ACCOUNTS_RECE_TDAYS":9.220537239273,"INVENTORY_TDAYS":65.685691946833,"CURRENT_ASSETS_TDAYS":3.245996027914,"TOTAL_ASSETS_TDAYS":1.105004931119,"PREMIUM_EXPENSE":null,"LOAN_DEPOSIT":null,"LOAN_EQUITY":null,"LOAN_ASSETS":null,"DEPOSIT_EQUITY":null,"DEPOSIT_ASSETS":null,"EQUITY_MULTIPLIER":2.668720997677,"EQUITY_RATIO":1.66872099768},{"SECUCODE":"00524.HK","SECURITY_CODE":"00524","SECURITY_NAME_ABBR":"长城天下","ORG_CODE":"10008947","STD_REPORT_DATE":"2023-06-30 00:00:00","REPORT_DATE":"2023-06-30 00:00:00","DATE_TYPE_CODE":"002","REPORT_TYPE":"2023年中报","PER_NETCASH_OPERATE":-0.063443404197,"PER_OI":0.195040128067,"BPS":0.233861817065,"BASIC_EPS":-0.0599287,"DILUTED_EPS":-0.0599287,"OPERATE_INCOME":38408764.82,"OPERATE_INCOME_YOY":-6.5480730405,"GROSS_PROFIT":2187858.54,"GROSS_PROFIT_YOY":-1.413088272241,"HOLDER_PROFIT":-11887088.14,"HOLDER_PROFIT_YOY":-10.936155567,"GROSS_PROFIT_RATIO":5.696248109652,"EPS_TTM":-0.11513740082,"OPERATE_INCOME_QOQ":0.353766413882,"NET_PROFIT_RATIO":-30.9488945966,"ROE_AVG":-22.856281799004,"GROSS_PROFIT_QOQ":-0.640744989822,"ROA":-14.32110010219,"HOLDER_PROFIT_QOQ":-9.399318763193,"ROE_YEARLY":-45.712563598007,"ROIC_YEARLY":-36.6382495027,"TOTAL_ASSETS":85236129.02,"TOTAL_LIABILITIES":39182306.04,"TAX_EBT":-0.773800218853,"OCF_SALES":-32.528385222881,"TOTAL_PARENT_EQUITY":46053822.98,"DEBT_ASSET_RATIO":45.9691289251,"OPERATE_PROFIT":-11642763.44,"PRETAX_PROFIT":-11795812.12,"NETCASH_OPERATE":-12493750.98,"NETCASH_INVEST":8265550.7,"NETCASH_FINANCE":-1028929.68,"END_CASH":11308084.7,"DIVI_RATIO":null,"DIVIDEND_RATE":null,"CURRENT_RATIO":0.859777136716,"COMMON_ACS":1200000000,"CURRENTDEBT_DEBT":83.199209374559,"ISSUED_COMMON_SHARES":196927500,"HK_COMMON_SHARES":196927500,"PER_SHARES":50000,"TOTAL_MARKET_CAP":59078250,"HKSK_MARKET_CAP":59078250,"PE_TTM":-1.797549138928,"PB_TTM":3.539103216917,"REPORT_DATE_SQ":"2022-06-30 00:00:00","REPORT_TYPE_SQ":"2022年中报","OPERATE_INCOME_SQ":38122659.82,"DPS_HKD":null,"OPERATE_INCOME_QOQ_SQ":-22.184185441185,"NET_PROFIT_RATIO_SQ":-26.0711561757,"HOLDER_PROFIT_SQ":-9939018.18,"HOLDER_PROFIT_QOQ_SQ":-6.890893516086,"ROE_AVG_SQ":-18.142649744767,"PE_TTM_SQ":-1.689812242063,"PB_TTM_SQ":0.827906848712,"ROA_SQ":-12.70143112408,"START_DATE":"2023-01-01 00:00:00","FISCAL_YEAR":"12-31","CURRENCY":"HKD","IS_CNY_CODE":0,"DPS_HKD_LY":null,"ORG_TYPE":"一般企业","PREMIUM_INCOME":null,"PREMIUM_INCOME_YOY":null,"NET_INTEREST_INCOME":null,"NET_INTEREST_INCOME_YOY":null,"FEE_COMMISSION_INCOME":null,"FEE_COMMISSION_INCOME_YOY":null,"ACCOUNTS_RECE_TDAYS":3.522364082185,"INVENTORY_TDAYS":null,"CURRENT_ASSETS_TDAYS":1.297606254575,"TOTAL_ASSETS_TDAYS":0.462733816146,"PREMIUM_EXPENSE":null,"LOAN_DEPOSIT":null,"LOAN_EQUITY":null,"LOAN_ASSETS":null,"DEPOSIT_EQUITY":null,"DEPOSIT_ASSETS":null,"EQUITY_MULTIPLIER":1.850793777901,"EQUITY_RATIO":0.850793777902},{"SECUCODE":"00524.HK","SECURITY_CODE":"00524","SECURITY_NAME_ABBR":"长城天下","ORG_CODE":"10008947","STD_REPORT_DATE":"2022-12-31 00:00:00","REPORT_DATE":"2022-12-31 00:00:00","DATE_TYPE_CODE":"001","REPORT_TYPE":"2022年年报","PER_NETCASH_OPERATE":-0.008235171243,"PER_OI":0.041067898587,"BPS":0.285166901982,"BASIC_EPS":-0.12863088,"DILUTED_EPS":-0.12863088,"OPERATE_INCOME":80873985.99,"OPERATE_INCOME_YOY":-12.5356235449,"GROSS_PROFIT":4894226.33,"GROSS_PROFIT_YOY":23.551887625995,"HOLDER_PROFIT":-20725650.54,"HOLDER_PROFIT_YOY":-5.5932280526,"GROSS_PROFIT_RATIO":6.051669483195,"EPS_TTM":-0.010524508025,"OPERATE_INCOME_QOQ":22.801932810254,"NET_PROFIT_RATIO":-22.2792891304,"ROE_AVG":-34.94224484571,"GROSS_PROFIT_QOQ":14.707370806573,"ROA":-25.351558658669,"HOLDER_PROFIT_QOQ":-7.928769385556,"ROE_YEARLY":-34.94224484571,"ROIC_YEARLY":-36.046141298015,"TOTAL_ASSETS":78256704.89,"TOTAL_LIABILITIES":22099499.8,"TAX_EBT":-0.910500775426,"OCF_SALES":-20.052575190254,"TOTAL_PARENT_EQUITY":56157205.09,"DEBT_ASSET_RATIO":28.2397525312,"OPERATE_PROFIT":-17554542.04,"PRETAX_PROFIT":-17855574.03,"NETCASH_OPERATE":-16217316.85,"NETCASH_INVEST":-7884894.29,"NETCASH_FINANCE":12868447.62,"END_CASH":16106551.37,"DIVI_RATIO":null,"DIVIDEND_RATE":null,"CURRENT_RATIO":1.489580120721,"COMMON_ACS":1200000000,"CURRENTDEBT_DEBT":91.742118027486,"ISSUED_COMMON_SHARES":196927500,"HK_COMMON_SHARES":196927500,"PER_SHARES":50000,"TOTAL_MARKET_CAP":59078250,"HKSK_MARKET_CAP":59078250,"PE_TTM":-1.797549138928,"PB_TTM":3.539103216917,"REPORT_DATE_SQ":"2021-12-31 00:00:00","REPORT_TYPE_SQ":"2021年年报","OPERATE_INCOME_SQ":84632228.8,"DPS_HKD":null,"OPERATE_INCOME_QOQ_SQ":4.647577774796,"NET_PROFIT_RATIO_SQ":-21.2272854617,"HOLDER_PROFIT_SQ":-17965124.8,"HOLDER_PROFIT_QOQ_SQ":10.724409874261,"ROE_AVG_SQ":-46.414803392444,"PE_TTM_SQ":-1.689812242063,"PB_TTM_SQ":0.827906848712,"ROA_SQ":-21.522427970439,"START_DATE":"2022-01-01 00:00:00","FISCAL_YEAR":"12-31","CURRENCY":"HKD","IS_CNY_CODE":0,"DPS_HKD_LY":null,"ORG_TYPE":"一般企业","PREMIUM_INCOME":null,"PREMIUM_INCOME_YOY":null,"NET_INTEREST_INCOME":null,"NET_INTEREST_INCOME_YOY":null,"FEE_COMMISSION_INCOME":null,"FEE_COMMISSION_INCOME_YOY":null,"ACCOUNTS_RECE_TDAYS":12.558013731882,"INVENTORY_TDAYS":null,"CURRENT_ASSETS_TDAYS":2.457573289902,"TOTAL_ASSETS_TDAYS":0.989248369227,"PREMIUM_EXPENSE":null,"LOAN_DEPOSIT":null,"LOAN_EQUITY":null,"LOAN_ASSETS":null,"DEPOSIT_EQUITY":null,"DEPOSIT_ASSETS":null,"EQUITY_MULTIPLIER":1.393529196558,"EQUITY_RATIO":0.393529196558},{"SECUCODE":"00524.HK","SECURITY_CODE":"00524","SECURITY_NAME_ABBR":"长城天下","ORG_CODE":"10008947","STD_REPORT_DATE":"2022-06-30 00:00:00","REPORT_DATE":"2022-06-30 00:00:00","DATE_TYPE_CODE":"002","REPORT_TYPE":"2022年中报","PER_NETCASH_OPERATE":-0.006169297298,"PER_OI":0.024198410468,"BPS":0.252669229894,"BASIC_EPS":-0.06242887,"DILUTED_EPS":-0.06242887,"OPERATE_INCOME":38122659.82,"OPERATE_INCOME_YOY":-34.8084235156,"GROSS_PROFIT":2219218.05,"GROSS_PROFIT_YOY":15.959692943404,"HOLDER_PROFIT":-9939018.18,"HOLDER_PROFIT_YOY":-11.1408625801,"GROSS_PROFIT_RATIO":5.821257122347,"EPS_TTM":-0.012189182834,"OPERATE_INCOME_QOQ":-22.184185441185,"NET_PROFIT_RATIO":-26.0711561757,"ROE_AVG":-18.142649744767,"GROSS_PROFIT_QOQ":7.710504353147,"ROA":-12.70143112408,"HOLDER_PROFIT_QOQ":-6.890893516086,"ROE_YEARLY":-36.285299489533,"ROIC_YEARLY":-33.03065183101,"TOTAL_ASSETS":74887277.92,"TOTAL_LIABILITIES":27884325.14,"TAX_EBT":-0.867904877625,"OCF_SALES":-25.494638610974,"TOTAL_PARENT_EQUITY":49757519.77,"DEBT_ASSET_RATIO":37.2350630367,"OPERATE_PROFIT":-9770545.75,"PRETAX_PROFIT":-9853499.18,"NETCASH_OPERATE":-9719234.35,"NETCASH_INVEST":159065.34,"NETCASH_FINANCE":-1042476.61,"END_CASH":15569589.14,"DIVI_RATIO":null,"DIVIDEND_RATE":null,"CURRENT_RATIO":1.072643277986,"COMMON_ACS":1200000000,"CURRENTDEBT_DEBT":91.615040176655,"ISSUED_COMMON_SHARES":196927500,"HK_COMMON_SHARES":196927500,"PER_SHARES":50000,"TOTAL_MARKET_CAP":59078250,"HKSK_MARKET_CAP":59078250,"PE_TTM":-1.797549138928,"PB_TTM":3.539103216917,"REPORT_DATE_SQ":"2021-06-30 00:00:00","REPORT_TYPE_SQ":"2021年中报","OPERATE_INCOME_SQ":56897630.4,"DPS_HKD":null,"OPERATE_INCOME_QOQ_SQ":32.765627616863,"NET_PROFIT_RATIO_SQ":-15.2924831822,"HOLDER_PROFIT_SQ":-8701060.56,"HOLDER_PROFIT_QOQ_SQ":-241.887933184562,"ROE_AVG_SQ":-25.799050144945,"PE_TTM_SQ":-1.689812242063,"PB_TTM_SQ":0.827906848712,"ROA_SQ":-9.728437328471,"START_DATE":"2022-01-01 00:00:00","FISCAL_YEAR":"12-31","CURRENCY":"HKD","IS_CNY_CODE":0,"DPS_HKD_LY":null,"ORG_TYPE":"一般企业","PREMIUM_INCOME":null,"PREMIUM_INCOME_YOY":null,"NET_INTEREST_INCOME":null,"NET_INTEREST_INCOME_YOY":null,"FEE_COMMISSION_INCOME":null,"FEE_COMMISSION_INCOME_YOY":null,"ACCOUNTS_RECE_TDAYS":4.17026053604,"INVENTORY_TDAYS":null,"CURRENT_ASSETS_TDAYS":1.239775840251,"TOTAL_ASSETS_TDAYS":0.48718327022,"PREMIUM_EXPENSE":null,"LOAN_DEPOSIT":null,"LOAN_EQUITY":null,"LOAN_ASSETS":null,"DEPOSIT_EQUITY":null,"DEPOSIT_ASSETS":null,"EQUITY_MULTIPLIER":1.593246242858,"EQUITY_RATIO":0.560404241789},{"SECUCODE":"00524.HK","SECURITY_CODE":"00524","SECURITY_NAME_ABBR":"长城天下","ORG_CODE":"10008947","STD_REPORT_DATE":"2021-12-31 00:00:00","REPORT_DATE":"2021-12-31 00:00:00","DATE_TYPE_CODE":"001","REPORT_TYPE":"2021年年报","PER_NETCASH_OPERATE":-0.015673495068,"PER_OI":0.053720422998,"BPS":0.290354856483,"BASIC_EPS":-0.0147168,"DILUTED_EPS":-0.0147168,"OPERATE_INCOME":84632228.8,"OPERATE_INCOME_YOY":43.0211672378,"GROSS_PROFIT":3961272,"GROSS_PROFIT_YOY":-18.188581565728,"HOLDER_PROFIT":-17965124.8,"HOLDER_PROFIT_YOY":-230.3958222064,"GROSS_PROFIT_RATIO":4.680571522417,"EPS_TTM":-0.011403387541,"OPERATE_INCOME_QOQ":4.647577774796,"NET_PROFIT_RATIO":-21.2272854617,"ROE_AVG":-46.414803392444,"GROSS_PROFIT_QOQ":1.610194242471,"ROA":-21.522427970439,"HOLDER_PROFIT_QOQ":10.724409874261,"ROE_YEARLY":-46.414803392444,"ROIC_YEARLY":-29.911109296089,"TOTAL_ASSETS":78027656,"TOTAL_LIABILITIES":23618011.2,"TAX_EBT":-0.260083956926,"OCF_SALES":-29.176045520853,"TOTAL_PARENT_EQUITY":57178856,"DEBT_ASSET_RATIO":30.2687693194,"OPERATE_PROFIT":-16885892.8,"PRETAX_PROFIT":-17918521.6,"NETCASH_OPERATE":-24692337.6,"NETCASH_INVEST":-18494112,"NETCASH_FINANCE":41106475.2,"END_CASH":25070068.8,"DIVI_RATIO":null,"DIVIDEND_RATE":null,"CURRENT_RATIO":1.409018623882,"COMMON_ACS":1200000000,"CURRENTDEBT_DEBT":97.957558763458,"ISSUED_COMMON_SHARES":196927500,"HK_COMMON_SHARES":196927500,"PER_SHARES":50000,"TOTAL_MARKET_CAP":59078250,"HKSK_MARKET_CAP":59078250,"PE_TTM":-1.797549138928,"PB_TTM":3.539103216917,"REPORT_DATE_SQ":"2020-12-31 00:00:00","REPORT_TYPE_SQ":"2020年年报","OPERATE_INCOME_SQ":60914536.64,"DPS_HKD":null,"OPERATE_INCOME_QOQ_SQ":-20.723233995164,"NET_PROFIT_RATIO_SQ":23.3281750857,"HOLDER_PROFIT_SQ":14182475.64,"HOLDER_PROFIT_QOQ_SQ":127.417049063776,"ROE_AVG_SQ":113.242162561742,"PE_TTM_SQ":-1.689812242063,"PB_TTM_SQ":0.827906848712,"ROA_SQ":17.806967024722,"START_DATE":"2021-01-01 00:00:00","FISCAL_YEAR":"12-31","CURRENCY":"HKD","IS_CNY_CODE":0,"DPS_HKD_LY":null,"ORG_TYPE":"一般企业","PREMIUM_INCOME":null,"PREMIUM_INCOME_YOY":null,"NET_INTEREST_INCOME":null,"NET_INTEREST_INCOME_YOY":null,"FEE_COMMISSION_INCOME":null,"FEE_COMMISSION_INCOME_YOY":null,"ACCOUNTS_RECE_TDAYS":10.035191468735,"INVENTORY_TDAYS":null,"CURRENT_ASSETS_TDAYS":1.414633813018,"TOTAL_ASSETS_TDAYS":1.013903921405,"PREMIUM_EXPENSE":null,"LOAN_DEPOSIT":null,"LOAN_EQUITY":null,"LOAN_ASSETS":null,"DEPOSIT_EQUITY":null,"DEPOSIT_ASSETS":null,"EQUITY_MULTIPLIER":1.434077658231,"EQUITY_RATIO":0.413054979624},{"SECUCODE":"00524.HK","SECURITY_CODE":"00524","SECURITY_NAME_ABBR":"长城天下","ORG_CODE":"10008947","STD_REPORT_DATE":"2021-06-30 00:00:00","REPORT_DATE":"2021-06-30 00:00:00","DATE_TYPE_CODE":"002","REPORT_TYPE":"2021年中报","PER_NETCASH_OPERATE":-0.012354599109,"PER_OI":0.043339018471,"BPS":0.23796530967,"BASIC_EPS":-0.0083208,"DILUTED_EPS":-0.0083208,"OPERATE_INCOME":56897630.4,"OPERATE_INCOME_YOY":69.094191251,"GROSS_PROFIT":1913784,"GROSS_PROFIT_YOY":-33.019844827053,"HOLDER_PROFIT":-8701060.56,"HOLDER_PROFIT_YOY":-137.3051264671,"GROSS_PROFIT_RATIO":3.363556595496,"EPS_TTM":-0.015327890894,"OPERATE_INCOME_QOQ":32.765627616863,"NET_PROFIT_RATIO":-15.2924831822,"ROE_AVG":-25.799050144945,"GROSS_PROFIT_QOQ":-19.485028993207,"ROA":-9.728437328471,"HOLDER_PROFIT_QOQ":-241.887933184562,"ROE_YEARLY":-51.598100289891,"ROIC_YEARLY":-34.399440766479,"TOTAL_ASSETS":88388530.08,"TOTAL_LIABILITIES":44274976.8,"TAX_EBT":null,"OCF_SALES":-28.506873354782,"TOTAL_PARENT_EQUITY":46861913.52,"DEBT_ASSET_RATIO":50.091314744,"OPERATE_PROFIT":-2218325.28,"PRETAX_PROFIT":-8701060.56,"NETCASH_OPERATE":-16219735.44,"NETCASH_INVEST":17811504.48,"NETCASH_FINANCE":26277918.48,"END_CASH":55497239.76,"DIVI_RATIO":null,"DIVIDEND_RATE":null,"CURRENT_RATIO":1.969276436445,"COMMON_ACS":1200000000,"CURRENTDEBT_DEBT":99.400488629957,"ISSUED_COMMON_SHARES":196927500,"HK_COMMON_SHARES":196927500,"PER_SHARES":50000,"TOTAL_MARKET_CAP":59078250,"HKSK_MARKET_CAP":59078250,"PE_TTM":-1.797549138928,"PB_TTM":3.539103216917,"REPORT_DATE_SQ":"2020-06-30 00:00:00","REPORT_TYPE_SQ":"2020年中报","OPERATE_INCOME_SQ":36938600.16,"DPS_HKD":null,"OPERATE_INCOME_QOQ_SQ":8.291319274881,"NET_PROFIT_RATIO_SQ":69.3859887732,"HOLDER_PROFIT_SQ":25604636.64,"HOLDER_PROFIT_QOQ_SQ":73.634724086512,"ROE_AVG_SQ":151.674692927872,"PE_TTM_SQ":-1.689812242063,"PB_TTM_SQ":0.827906848712,"ROA_SQ":36.05458801739,"START_DATE":"2021-01-01 00:00:00","FISCAL_YEAR":"12-31","CURRENCY":"HKD","IS_CNY_CODE":0,"DPS_HKD_LY":null,"ORG_TYPE":"一般企业","PREMIUM_INCOME":null,"PREMIUM_INCOME_YOY":null,"NET_INTEREST_INCOME":null,"NET_INTEREST_INCOME_YOY":null,"FEE_COMMISSION_INCOME":null,"FEE_COMMISSION_INCOME_YOY":null,"ACCOUNTS_RECE_TDAYS":2.794385075908,"INVENTORY_TDAYS":null,"CURRENT_ASSETS_TDAYS":0.649284059402,"TOTAL_ASSETS_TDAYS":0.636158118505,"PREMIUM_EXPENSE":null,"LOAN_DEPOSIT":null,"LOAN_EQUITY":null,"LOAN_ASSETS":null,"DEPOSIT_EQUITY":null,"DEPOSIT_ASSETS":null,"EQUITY_MULTIPLIER":2.003659272671,"EQUITY_RATIO":0.944796605053},{"SECUCODE":"00524.HK","SECURITY_CODE":"00524","SECURITY_NAME_ABBR":"长城天下","ORG_CODE":"10008947","STD_REPORT_DATE":"2020-12-31 00:00:00","REPORT_DATE":"2020-12-31 00:00:00","DATE_TYPE_CODE":"001","REPORT_TYPE":"2020年年报","PER_NETCASH_OPERATE":-0.010258058461,"PER_OI":0.057998378185,"BPS":0.105760868543,"BASIC_EPS":0.01346624,"DILUTED_EPS":0.01346624,"OPERATE_INCOME":60914536.64,"OPERATE_INCOME_YOY":-8.6276985229,"GROSS_PROFIT":4841954.92,"GROSS_PROFIT_YOY":-59.934069101274,"HOLDER_PROFIT":14182475.64,"HOLDER_PROFIT_YOY":107.6935720254,"GROSS_PROFIT_RATIO":7.948767547253,"EPS_TTM":0.013503518719,"OPERATE_INCOME_QOQ":-20.723233995164,"NET_PROFIT_RATIO":23.3281750857,"ROE_AVG":113.242162561742,"GROSS_PROFIT_QOQ":-29.362109429627,"ROA":17.806967024722,"HOLDER_PROFIT_QOQ":127.417049063776,"ROE_YEARLY":113.242162561742,"ROIC_YEARLY":21.642969984202,"TOTAL_ASSETS":91530033.28,"TOTAL_LIABILITIES":73437298.2,"TAX_EBT":-0.613789404684,"OCF_SALES":-17.686802254891,"TOTAL_PARENT_EQUITY":20827223.44,"DEBT_ASSET_RATIO":80.2330072091,"OPERATE_PROFIT":17945448.08,"PRETAX_PROFIT":14123560.84,"NETCASH_OPERATE":-10773833.64,"NETCASH_INVEST":23482597.64,"NETCASH_FINANCE":8467740.04,"END_CASH":28061960.88,"DIVI_RATIO":null,"DIVIDEND_RATE":null,"CURRENT_RATIO":1.230341687755,"COMMON_ACS":1200000000,"CURRENTDEBT_DEBT":99.181708784597,"ISSUED_COMMON_SHARES":196927500,"HK_COMMON_SHARES":196927500,"PER_SHARES":50000,"TOTAL_MARKET_CAP":59078250,"HKSK_MARKET_CAP":59078250,"PE_TTM":-1.797549138928,"PB_TTM":3.539103216917,"REPORT_DATE_SQ":"2019-12-31 00:00:00","REPORT_TYPE_SQ":"2019年年报","OPERATE_INCOME_SQ":70954733.8,"DPS_HKD":null,"OPERATE_INCOME_QOQ_SQ":8.944902723056,"NET_PROFIT_RATIO_SQ":-284.2721878551,"HOLDER_PROFIT_SQ":-196200006.06,"HOLDER_PROFIT_QOQ_SQ":-6.938717010908,"ROE_AVG_SQ":-189.844979045952,"PE_TTM_SQ":-1.689812242063,"PB_TTM_SQ":0.827906848712,"ROA_SQ":-113.422610262704,"START_DATE":"2020-01-01 00:00:00","FISCAL_YEAR":"12-31","CURRENCY":"HKD","IS_CNY_CODE":0,"DPS_HKD_LY":null,"ORG_TYPE":"一般企业","PREMIUM_INCOME":null,"PREMIUM_INCOME_YOY":null,"NET_INTEREST_INCOME":null,"NET_INTEREST_INCOME_YOY":null,"FEE_COMMISSION_INCOME":null,"FEE_COMMISSION_INCOME_YOY":null,"ACCOUNTS_RECE_TDAYS":5.754173954524,"INVENTORY_TDAYS":null,"CURRENT_ASSETS_TDAYS":1.12804607196,"TOTAL_ASSETS_TDAYS":0.764819325489,"PREMIUM_EXPENSE":null,"LOAN_DEPOSIT":null,"LOAN_EQUITY":null,"LOAN_ASSETS":null,"DEPOSIT_EQUITY":null,"DEPOSIT_ASSETS":null,"EQUITY_MULTIPLIER":5.058938456538,"EQUITY_RATIO":3.526024407985},{"SECUCODE":"00524.HK","SECURITY_CODE":"00524","SECURITY_NAME_ABBR":"长城天下","ORG_CODE":"10008947","STD_REPORT_DATE":"2020-06-30 00:00:00","REPORT_DATE":"2020-06-30 00:00:00","DATE_TYPE_CODE":"002","REPORT_TYPE":"2020年中报","PER_NETCASH_OPERATE":-0.001223683284,"PER_OI":0.035170240469,"BPS":0.148184827817,"BASIC_EPS":0.02374944,"DILUTED_EPS":0.02374944,"OPERATE_INCOME":36938600.16,"OPERATE_INCOME_YOY":14.5450940403,"GROSS_PROFIT":2857240.32,"GROSS_PROFIT_YOY":-64.67131873993,"HOLDER_PROFIT":25604636.64,"HOLDER_PROFIT_YOY":120.7440352851,"GROSS_PROFIT_RATIO":7.735107198497,"EPS_TTM":-0.049252268862,"OPERATE_INCOME_QOQ":8.291319274881,"NET_PROFIT_RATIO":69.3859887732,"ROE_AVG":151.674692927872,"GROSS_PROFIT_QOQ":-43.279831015324,"ROA":36.05458801739,"HOLDER_PROFIT_QOQ":73.634724086512,"ROE_YEARLY":303.349385855744,"ROIC_YEARLY":74.387315066676,"TOTAL_ASSETS":68490644.64,"TOTAL_LIABILITIES":42078527.04,"TAX_EBT":-0.357666583211,"OCF_SALES":-3.479314523109,"TOTAL_PARENT_EQUITY":29181667.68,"DEBT_ASSET_RATIO":61.4368973473,"OPERATE_PROFIT":26519903.52,"PRETAX_PROFIT":25538868.96,"NETCASH_OPERATE":-1285210.08,"NETCASH_INVEST":1826.88,"NETCASH_FINANCE":-863200.8,"END_CASH":3967983.36,"DIVI_RATIO":null,"DIVIDEND_RATE":null,"CURRENT_RATIO":1.575001085399,"COMMON_ACS":1200000000,"CURRENTDEBT_DEBT":100,"ISSUED_COMMON_SHARES":196927500,"HK_COMMON_SHARES":196927500,"PER_SHARES":50000,"TOTAL_MARKET_CAP":59078250,"HKSK_MARKET_CAP":59078250,"PE_TTM":-1.797549138928,"PB_TTM":3.539103216917,"REPORT_DATE_SQ":"2019-06-30 00:00:00","REPORT_TYPE_SQ":"2019年中报","OPERATE_INCOME_SQ":31055516.64,"DPS_HKD":null,"OPERATE_INCOME_QOQ_SQ":9.439357203945,"NET_PROFIT_RATIO_SQ":-383.5825968729,"HOLDER_PROFIT_SQ":-118866696.48,"HOLDER_PROFIT_QOQ_SQ":-1685.55763493167,"ROE_AVG_SQ":-85.287351243542,"PE_TTM_SQ":-1.689812242063,"PB_TTM_SQ":0.827906848712,"ROA_SQ":-56.171914458465,"START_DATE":"2020-01-01 00:00:00","FISCAL_YEAR":"12-31","CURRENCY":"HKD","IS_CNY_CODE":0,"DPS_HKD_LY":null,"ORG_TYPE":"一般企业","PREMIUM_INCOME":null,"PREMIUM_INCOME_YOY":null,"NET_INTEREST_INCOME":null,"NET_INTEREST_INCOME_YOY":null,"FEE_COMMISSION_INCOME":null,"FEE_COMMISSION_INCOME_YOY":null,"ACCOUNTS_RECE_TDAYS":3.277332036632,"INVENTORY_TDAYS":null,"CURRENT_ASSETS_TDAYS":0.856758474576,"TOTAL_ASSETS_TDAYS":0.520142515371,"PREMIUM_EXPENSE":null,"LOAN_DEPOSIT":null,"LOAN_EQUITY":null,"LOAN_ASSETS":null,"DEPOSIT_EQUITY":null,"DEPOSIT_ASSETS":null,"EQUITY_MULTIPLIER":2.593152343073,"EQUITY_RATIO":1.441950730898}],"count":48},"success":true,"message":"ok","code":0}