{"version":"538bbf357faeddab402fde35c556e482","result":{"pages":5,"data":[{"SECUCODE":"00528.HK","SECURITY_CODE":"00528","SECURITY_NAME_ABBR":"金达控股","ORG_CODE":"10076306","STD_REPORT_DATE":"2024-06-30 00:00:00","REPORT_DATE":"2024-06-30 00:00:00","DATE_TYPE_CODE":"002","REPORT_TYPE":"2024年中报","PER_NETCASH_OPERATE":-0.471447311165,"PER_OI":1.794434615788,"BPS":2.431223577765,"BASIC_EPS":0.12,"DILUTED_EPS":0.12,"OPERATE_INCOME":1129916000,"OPERATE_INCOME_YOY":37.5470494573,"GROSS_PROFIT":198845000,"GROSS_PROFIT_YOY":28.535045022333,"HOLDER_PROFIT":73961000,"HOLDER_PROFIT_YOY":9.4923685029,"GROSS_PROFIT_RATIO":17.598210840452,"EPS_TTM":0.270015785846,"OPERATE_INCOME_QOQ":12.612925017625,"NET_PROFIT_RATIO":6.9481271174,"ROE_AVG":4.854847216492,"GROSS_PROFIT_QOQ":10.727894859631,"ROA":2.199112101167,"HOLDER_PROFIT_QOQ":3.919051897489,"ROE_YEARLY":9.709694432985,"ROIC_YEARLY":5.091527155247,"TOTAL_ASSETS":3443266000,"TOTAL_LIABILITIES":1836624000,"TAX_EBT":27.481987807131,"OCF_SALES":-26.272749478722,"TOTAL_PARENT_EQUITY":1530888000,"DEBT_ASSET_RATIO":53.3395909581,"OPERATE_PROFIT":126920000,"PRETAX_PROFIT":108260000,"NETCASH_OPERATE":-296860000,"NETCASH_INVEST":-12772000,"NETCASH_FINANCE":176686000,"END_CASH":314153000,"DIVI_RATIO":0.302055673317,"DIVIDEND_RATE":8.108108108108,"CURRENT_RATIO":1.347882883214,"COMMON_ACS":3000000000,"CURRENTDEBT_DEBT":96.24011229299,"ISSUED_COMMON_SHARES":629678000,"HK_COMMON_SHARES":629678000,"PER_SHARES":2000,"TOTAL_MARKET_CAP":698942580,"HKSK_MARKET_CAP":698942580,"PE_TTM":3.711575211238,"PB_TTM":0.416693392276,"REPORT_DATE_SQ":"2023-06-30 00:00:00","REPORT_TYPE_SQ":"2023年中报","OPERATE_INCOME_SQ":821476000,"DPS_HKD":0.09,"OPERATE_INCOME_QOQ_SQ":-6.708476513504,"NET_PROFIT_RATIO_SQ":8.2169168667,"HOLDER_PROFIT_SQ":67549000,"HOLDER_PROFIT_QOQ_SQ":-8.506169747746,"ROE_AVG_SQ":4.776680684599,"PE_TTM_SQ":4.46423267941,"PB_TTM_SQ":0.502060152543,"ROA_SQ":2.25400228974,"START_DATE":"2024-01-01 00:00:00","FISCAL_YEAR":"12-31","CURRENCY":"HKD","IS_CNY_CODE":0,"DPS_HKD_LY":0.09,"ORG_TYPE":"一般企业","PREMIUM_INCOME":null,"PREMIUM_INCOME_YOY":null,"NET_INTEREST_INCOME":null,"NET_INTEREST_INCOME_YOY":null,"FEE_COMMISSION_INCOME":null,"FEE_COMMISSION_INCOME_YOY":null,"ACCOUNTS_RECE_TDAYS":2.118403167717,"INVENTORY_TDAYS":0.783128937688,"CURRENT_ASSETS_TDAYS":0.4943097654,"TOTAL_ASSETS_TDAYS":0.335962459797,"PREMIUM_EXPENSE":null,"LOAN_DEPOSIT":null,"LOAN_EQUITY":null,"LOAN_ASSETS":null,"DEPOSIT_EQUITY":null,"DEPOSIT_ASSETS":null,"EQUITY_MULTIPLIER":2.143144521305,"EQUITY_RATIO":1.199711539969},{"SECUCODE":"00528.HK","SECURITY_CODE":"00528","SECURITY_NAME_ABBR":"金达控股","ORG_CODE":"10076306","STD_REPORT_DATE":"2023-12-31 00:00:00","REPORT_DATE":"2023-12-31 00:00:00","DATE_TYPE_CODE":"001","REPORT_TYPE":"2023年年报","PER_NETCASH_OPERATE":0.11123780726,"PER_OI":3.883616705681,"BPS":2.407587687675,"BASIC_EPS":0.27,"DILUTED_EPS":0.27,"OPERATE_INCOME":2445428000,"OPERATE_INCOME_YOY":20.9975977893,"GROSS_PROFIT":411488000,"GROSS_PROFIT_YOY":6.355130524683,"HOLDER_PROFIT":163611000,"HOLDER_PROFIT_YOY":-6.878358073,"GROSS_PROFIT_RATIO":16.826829495696,"EPS_TTM":0.259832803433,"OPERATE_INCOME_QOQ":29.698383376479,"NET_PROFIT_RATIO":6.6569124096,"ROE_AVG":11.198589455895,"GROSS_PROFIT_QOQ":15.742899816887,"ROA":5.28792530435,"HOLDER_PROFIT_QOQ":1.779149118824,"ROE_YEARLY":11.198589455895,"ROIC_YEARLY":6.40029511357,"TOTAL_ASSETS":3283176000,"TOTAL_LIABILITIES":1695964000,"TAX_EBT":26.402972996189,"OCF_SALES":2.864283879959,"TOTAL_PARENT_EQUITY":1516005000,"DEBT_ASSET_RATIO":51.6562011906,"OPERATE_PROFIT":262559000,"PRETAX_PROFIT":221191000,"NETCASH_OPERATE":70044000,"NETCASH_INVEST":-97347000,"NETCASH_FINANCE":14399000,"END_CASH":454812000,"DIVI_RATIO":0.313893391914,"DIVIDEND_RATE":7.258064516129,"CURRENT_RATIO":1.346089899358,"COMMON_ACS":3000000000,"CURRENTDEBT_DEBT":95.895431742655,"ISSUED_COMMON_SHARES":629678000,"HK_COMMON_SHARES":629678000,"PER_SHARES":2000,"TOTAL_MARKET_CAP":780800720,"HKSK_MARKET_CAP":780800720,"PE_TTM":4.146264199941,"PB_TTM":0.465495321101,"REPORT_DATE_SQ":"2022-12-31 00:00:00","REPORT_TYPE_SQ":"2022年年报","OPERATE_INCOME_SQ":2021055000,"DPS_HKD":0.09,"OPERATE_INCOME_QOQ_SQ":1.051537381551,"NET_PROFIT_RATIO_SQ":8.5009067047,"HOLDER_PROFIT_SQ":175696000,"HOLDER_PROFIT_QOQ_SQ":12.311026163887,"ROE_AVG_SQ":13.15230597287,"PE_TTM_SQ":4.46423267941,"PB_TTM_SQ":0.502060152543,"ROA_SQ":6.170846424436,"START_DATE":"2023-01-01 00:00:00","FISCAL_YEAR":"12-31","CURRENCY":"HKD","IS_CNY_CODE":0,"DPS_HKD_LY":0.09,"ORG_TYPE":"一般企业","PREMIUM_INCOME":null,"PREMIUM_INCOME_YOY":null,"NET_INTEREST_INCOME":null,"NET_INTEREST_INCOME_YOY":null,"FEE_COMMISSION_INCOME":null,"FEE_COMMISSION_INCOME_YOY":null,"ACCOUNTS_RECE_TDAYS":4.967237206525,"INVENTORY_TDAYS":2.386238249571,"CURRENT_ASSETS_TDAYS":1.245679027124,"TOTAL_ASSETS_TDAYS":0.790364987756,"PREMIUM_EXPENSE":null,"LOAN_DEPOSIT":null,"LOAN_EQUITY":null,"LOAN_ASSETS":null,"DEPOSIT_EQUITY":null,"DEPOSIT_ASSETS":null,"EQUITY_MULTIPLIER":2.068517627137,"EQUITY_RATIO":1.118706072869},{"SECUCODE":"00528.HK","SECURITY_CODE":"00528","SECURITY_NAME_ABBR":"金达控股","ORG_CODE":"10076306","STD_REPORT_DATE":"2023-06-30 00:00:00","REPORT_DATE":"2023-06-30 00:00:00","DATE_TYPE_CODE":"002","REPORT_TYPE":"2023年中报","PER_NETCASH_OPERATE":-0.49720968495,"PER_OI":1.304596952728,"BPS":2.258764003189,"BASIC_EPS":0.11,"DILUTED_EPS":0.11,"OPERATE_INCOME":821476000,"OPERATE_INCOME_YOY":-14.166539541,"GROSS_PROFIT":154701000,"GROSS_PROFIT_YOY":-16.864070678518,"HOLDER_PROFIT":67549000,"HOLDER_PROFIT_YOY":-18.1164690765,"GROSS_PROFIT_RATIO":18.832077869591,"EPS_TTM":0.255290799424,"OPERATE_INCOME_QOQ":-6.708476513504,"NET_PROFIT_RATIO":8.2169168667,"ROE_AVG":4.776680684599,"GROSS_PROFIT_QOQ":-8.110881364694,"ROA":2.25400228974,"HOLDER_PROFIT_QOQ":-8.506169747746,"ROE_YEARLY":9.553361369199,"ROIC_YEARLY":5.201989183861,"TOTAL_ASSETS":3088772000,"TOTAL_LIABILITIES":1584525000,"TAX_EBT":23.715021924868,"OCF_SALES":-38.112129873545,"TOTAL_PARENT_EQUITY":1422294000,"DEBT_ASSET_RATIO":51.2995132046,"OPERATE_PROFIT":103810000,"PRETAX_PROFIT":88484000,"NETCASH_OPERATE":-313082000,"NETCASH_INVEST":-60261000,"NETCASH_FINANCE":74675000,"END_CASH":168180000,"DIVI_RATIO":0.31947802343,"DIVIDEND_RATE":7.258064516129,"CURRENT_RATIO":1.291273244229,"COMMON_ACS":3000000000,"CURRENTDEBT_DEBT":93.935658951421,"ISSUED_COMMON_SHARES":629678000,"HK_COMMON_SHARES":629678000,"PER_SHARES":2000,"TOTAL_MARKET_CAP":780800720,"HKSK_MARKET_CAP":780800720,"PE_TTM":4.146264199941,"PB_TTM":0.465495321101,"REPORT_DATE_SQ":"2022-06-30 00:00:00","REPORT_TYPE_SQ":"2022年中报","OPERATE_INCOME_SQ":957058000,"DPS_HKD":0.09,"OPERATE_INCOME_QOQ_SQ":11.131583772761,"NET_PROFIT_RATIO_SQ":8.8227672722,"HOLDER_PROFIT_SQ":82494000,"HOLDER_PROFIT_QOQ_SQ":77.319973249606,"ROE_AVG_SQ":6.391093653763,"PE_TTM_SQ":4.46423267941,"PB_TTM_SQ":0.502060152543,"ROA_SQ":2.827367895764,"START_DATE":"2023-01-01 00:00:00","FISCAL_YEAR":"12-31","CURRENCY":"HKD","IS_CNY_CODE":0,"DPS_HKD_LY":0.09,"ORG_TYPE":"一般企业","PREMIUM_INCOME":null,"PREMIUM_INCOME_YOY":null,"NET_INTEREST_INCOME":null,"NET_INTEREST_INCOME_YOY":null,"FEE_COMMISSION_INCOME":null,"FEE_COMMISSION_INCOME_YOY":null,"ACCOUNTS_RECE_TDAYS":1.894985005767,"INVENTORY_TDAYS":0.771709334295,"CURRENT_ASSETS_TDAYS":0.449014707779,"TOTAL_ASSETS_TDAYS":0.274113426545,"PREMIUM_EXPENSE":null,"LOAN_DEPOSIT":null,"LOAN_EQUITY":null,"LOAN_ASSETS":null,"DEPOSIT_EQUITY":null,"DEPOSIT_ASSETS":null,"EQUITY_MULTIPLIER":2.0533675653,"EQUITY_RATIO":1.114062915262},{"SECUCODE":"00528.HK","SECURITY_CODE":"00528","SECURITY_NAME_ABBR":"金达控股","ORG_CODE":"10076306","STD_REPORT_DATE":"2022-12-31 00:00:00","REPORT_DATE":"2022-12-31 00:00:00","DATE_TYPE_CODE":"001","REPORT_TYPE":"2022年年报","PER_NETCASH_OPERATE":0.714932076395,"PER_OI":3.209664304613,"BPS":2.232868227888,"BASIC_EPS":0.29,"DILUTED_EPS":0.29,"OPERATE_INCOME":2021055000,"OPERATE_INCOME_YOY":12.3001739188,"GROSS_PROFIT":386900000,"GROSS_PROFIT_YOY":32.688581374213,"HOLDER_PROFIT":175696000,"HOLDER_PROFIT_YOY":99.1498815502,"GROSS_PROFIT_RATIO":19.143467149583,"EPS_TTM":0.279025152538,"OPERATE_INCOME_QOQ":1.051537381551,"NET_PROFIT_RATIO":8.5009067047,"ROE_AVG":13.15230597287,"GROSS_PROFIT_QOQ":-13.975769137557,"ROA":6.170846424436,"HOLDER_PROFIT_QOQ":12.311026163887,"ROE_YEARLY":13.15230597287,"ROIC_YEARLY":7.30420936993,"TOTAL_ASSETS":2904922000,"TOTAL_LIABILITIES":1416932000,"TAX_EBT":26.836663430255,"OCF_SALES":22.274356709738,"TOTAL_PARENT_EQUITY":1405988000,"DEBT_ASSET_RATIO":48.7769379006,"OPERATE_PROFIT":267594000,"PRETAX_PROFIT":234828000,"NETCASH_OPERATE":450177000,"NETCASH_INVEST":-24581000,"NETCASH_FINANCE":-204383000,"END_CASH":467469000,"DIVI_RATIO":0.29230268045,"DIVIDEND_RATE":7.258064516129,"CURRENT_RATIO":1.316232315203,"COMMON_ACS":3000000000,"CURRENTDEBT_DEBT":93.138343971341,"ISSUED_COMMON_SHARES":629678000,"HK_COMMON_SHARES":629678000,"PER_SHARES":2000,"TOTAL_MARKET_CAP":780800720,"HKSK_MARKET_CAP":780800720,"PE_TTM":4.146264199941,"PB_TTM":0.465495321101,"REPORT_DATE_SQ":"2021-12-31 00:00:00","REPORT_TYPE_SQ":"2021年年报","OPERATE_INCOME_SQ":1799690000,"DPS_HKD":0.09,"OPERATE_INCOME_QOQ_SQ":29.489658110003,"NET_PROFIT_RATIO_SQ":5.028643822,"HOLDER_PROFIT_SQ":88223000,"HOLDER_PROFIT_QOQ_SQ":1631.64930555556,"ROE_AVG_SQ":7.169716252402,"PE_TTM_SQ":4.46423267941,"PB_TTM_SQ":0.502060152543,"ROA_SQ":3.253366974654,"START_DATE":"2022-01-01 00:00:00","FISCAL_YEAR":"12-31","CURRENCY":"HKD","IS_CNY_CODE":0,"DPS_HKD_LY":0.06,"ORG_TYPE":"一般企业","PREMIUM_INCOME":null,"PREMIUM_INCOME_YOY":null,"NET_INTEREST_INCOME":null,"NET_INTEREST_INCOME_YOY":null,"FEE_COMMISSION_INCOME":null,"FEE_COMMISSION_INCOME_YOY":null,"ACCOUNTS_RECE_TDAYS":4.304701069969,"INVENTORY_TDAYS":2.486539495938,"CURRENT_ASSETS_TDAYS":1.237953102394,"TOTAL_ASSETS_TDAYS":0.709840862646,"PREMIUM_EXPENSE":null,"LOAN_DEPOSIT":null,"LOAN_EQUITY":null,"LOAN_ASSETS":null,"DEPOSIT_EQUITY":null,"DEPOSIT_ASSETS":null,"EQUITY_MULTIPLIER":1.952245646813,"EQUITY_RATIO":1.007783850218},{"SECUCODE":"00528.HK","SECURITY_CODE":"00528","SECURITY_NAME_ABBR":"金达控股","ORG_CODE":"10076306","STD_REPORT_DATE":"2022-06-30 00:00:00","REPORT_DATE":"2022-06-30 00:00:00","DATE_TYPE_CODE":"002","REPORT_TYPE":"2022年中报","PER_NETCASH_OPERATE":0.228276992368,"PER_OI":1.519916528766,"BPS":2.089645818974,"BASIC_EPS":0.13,"DILUTED_EPS":0.13,"OPERATE_INCOME":957058000,"OPERATE_INCOME_YOY":26.4738530825,"GROSS_PROFIT":186082000,"GROSS_PROFIT_YOY":79.097208854668,"HOLDER_PROFIT":82494000,"HOLDER_PROFIT_YOY":477.6890756303,"GROSS_PROFIT_RATIO":22.373670143293,"EPS_TTM":0.248439678693,"OPERATE_INCOME_QOQ":11.131583772761,"NET_PROFIT_RATIO":8.8227672722,"ROE_AVG":6.391093653763,"GROSS_PROFIT_QOQ":32.465363681346,"ROA":2.827367895764,"HOLDER_PROFIT_QOQ":77.319973249606,"ROE_YEARLY":12.782187307527,"ROIC_YEARLY":6.509195795464,"TOTAL_ASSETS":3045925000,"TOTAL_LIABILITIES":1643286000,"TAX_EBT":27.832998589804,"OCF_SALES":15.019047957386,"TOTAL_PARENT_EQUITY":1315804000,"DEBT_ASSET_RATIO":53.950310661,"OPERATE_PROFIT":134629000,"PRETAX_PROFIT":117005000,"NETCASH_OPERATE":143741000,"NETCASH_INVEST":-16834000,"NETCASH_FINANCE":-29522000,"END_CASH":345072000,"DIVI_RATIO":0.328288139918,"DIVIDEND_RATE":7.258064516129,"CURRENT_RATIO":1.177158041731,"COMMON_ACS":3000000000,"CURRENTDEBT_DEBT":94.258637875574,"ISSUED_COMMON_SHARES":629678000,"HK_COMMON_SHARES":629678000,"PER_SHARES":2000,"TOTAL_MARKET_CAP":780800720,"HKSK_MARKET_CAP":780800720,"PE_TTM":4.146264199941,"PB_TTM":0.465495321101,"REPORT_DATE_SQ":"2021-06-30 00:00:00","REPORT_TYPE_SQ":"2021年中报","OPERATE_INCOME_SQ":756724000,"DPS_HKD":0.09,"OPERATE_INCOME_QOQ_SQ":31.435485792859,"NET_PROFIT_RATIO_SQ":1.6239738663,"HOLDER_PROFIT_SQ":14280000,"HOLDER_PROFIT_QOQ_SQ":42.093093394993,"ROE_AVG_SQ":1.19278565149,"PE_TTM_SQ":4.46423267941,"PB_TTM_SQ":0.502060152543,"ROA_SQ":0.548536659381,"START_DATE":"2022-01-01 00:00:00","FISCAL_YEAR":"12-31","CURRENCY":"HKD","IS_CNY_CODE":0,"DPS_HKD_LY":0.06,"ORG_TYPE":"一般企业","PREMIUM_INCOME":null,"PREMIUM_INCOME_YOY":null,"NET_INTEREST_INCOME":null,"NET_INTEREST_INCOME_YOY":null,"FEE_COMMISSION_INCOME":null,"FEE_COMMISSION_INCOME_YOY":null,"ACCOUNTS_RECE_TDAYS":1.914154283086,"INVENTORY_TDAYS":1.115195883438,"CURRENT_ASSETS_TDAYS":0.571128830083,"TOTAL_ASSETS_TDAYS":0.328018409046,"PREMIUM_EXPENSE":null,"LOAN_DEPOSIT":null,"LOAN_EQUITY":null,"LOAN_ASSETS":null,"DEPOSIT_EQUITY":null,"DEPOSIT_ASSETS":null,"EQUITY_MULTIPLIER":2.171567309908,"EQUITY_RATIO":1.248883572325},{"SECUCODE":"00528.HK","SECURITY_CODE":"00528","SECURITY_NAME_ABBR":"金达控股","ORG_CODE":"10076306","STD_REPORT_DATE":"2021-12-31 00:00:00","REPORT_DATE":"2021-12-31 00:00:00","DATE_TYPE_CODE":"001","REPORT_TYPE":"2021年年报","PER_NETCASH_OPERATE":0.569883337198,"PER_OI":2.85811160625,"BPS":2.010116281655,"BASIC_EPS":0.14,"DILUTED_EPS":0.14,"OPERATE_INCOME":1799690000,"OPERATE_INCOME_YOY":70.1953611884,"GROSS_PROFIT":291585000,"GROSS_PROFIT_YOY":171.755035089518,"HOLDER_PROFIT":88223000,"HOLDER_PROFIT_YOY":889.3262950702,"GROSS_PROFIT_RATIO":18.865915796609,"EPS_TTM":0.140108118753,"OPERATE_INCOME_QOQ":29.489658110003,"NET_PROFIT_RATIO":5.028643822,"ROE_AVG":7.169716252402,"GROSS_PROFIT_QOQ":119.05173581765,"ROA":3.253366974654,"HOLDER_PROFIT_QOQ":1631.64930555556,"ROE_YEARLY":7.169716252402,"ROIC_YEARLY":3.615152966746,"TOTAL_ASSETS":2789467000,"TOTAL_LIABILITIES":1438851000,"TAX_EBT":26.474769878216,"OCF_SALES":19.93915618801,"TOTAL_PARENT_EQUITY":1265726000,"DEBT_ASSET_RATIO":51.5815745445,"OPERATE_PROFIT":162131000,"PRETAX_PROFIT":123087000,"NETCASH_OPERATE":358843000,"NETCASH_INVEST":-116552000,"NETCASH_FINANCE":-150236000,"END_CASH":249213000,"DIVI_RATIO":0.582120441885,"DIVIDEND_RATE":7.258064516129,"CURRENT_RATIO":1.13252007515,"COMMON_ACS":3000000000,"CURRENTDEBT_DEBT":93.776561992868,"ISSUED_COMMON_SHARES":629678000,"HK_COMMON_SHARES":629678000,"PER_SHARES":2000,"TOTAL_MARKET_CAP":780800720,"HKSK_MARKET_CAP":780800720,"PE_TTM":4.146264199941,"PB_TTM":0.465495321101,"REPORT_DATE_SQ":"2020-12-31 00:00:00","REPORT_TYPE_SQ":"2020年年报","OPERATE_INCOME_SQ":1057426000,"DPS_HKD":0.09,"OPERATE_INCOME_QOQ_SQ":-11.342572796405,"NET_PROFIT_RATIO_SQ":-1.0535961855,"HOLDER_PROFIT_SQ":-11177000,"HOLDER_PROFIT_QOQ_SQ":-113.488006291781,"ROE_AVG_SQ":-0.820996106727,"PE_TTM_SQ":4.46423267941,"PB_TTM_SQ":0.502060152543,"ROA_SQ":-0.371170081311,"START_DATE":"2021-01-01 00:00:00","FISCAL_YEAR":"12-31","CURRENCY":"HKD","IS_CNY_CODE":0,"DPS_HKD_LY":null,"ORG_TYPE":"一般企业","PREMIUM_INCOME":null,"PREMIUM_INCOME_YOY":null,"NET_INTEREST_INCOME":null,"NET_INTEREST_INCOME_YOY":null,"FEE_COMMISSION_INCOME":null,"FEE_COMMISSION_INCOME_YOY":null,"ACCOUNTS_RECE_TDAYS":4.050732915061,"INVENTORY_TDAYS":2.05216416054,"CURRENT_ASSETS_TDAYS":1.206480047919,"TOTAL_ASSETS_TDAYS":0.663665031864,"PREMIUM_EXPENSE":null,"LOAN_DEPOSIT":null,"LOAN_EQUITY":null,"LOAN_ASSETS":null,"DEPOSIT_EQUITY":null,"DEPOSIT_ASSETS":null,"EQUITY_MULTIPLIER":2.065329449672,"EQUITY_RATIO":1.136779208138},{"SECUCODE":"00528.HK","SECURITY_CODE":"00528","SECURITY_NAME_ABBR":"金达控股","ORG_CODE":"10076306","STD_REPORT_DATE":"2021-06-30 00:00:00","REPORT_DATE":"2021-06-30 00:00:00","DATE_TYPE_CODE":"002","REPORT_TYPE":"2021年中报","PER_NETCASH_OPERATE":0.153549909636,"PER_OI":1.201763440997,"BPS":1.904355877131,"BASIC_EPS":0.02,"DILUTED_EPS":0.02,"OPERATE_INCOME":756724000,"OPERATE_INCOME_YOY":78.3393076403,"GROSS_PROFIT":103900000,"GROSS_PROFIT_YOY":84.882024271326,"HOLDER_PROFIT":14280000,"HOLDER_PROFIT_YOY":41.4841969682,"GROSS_PROFIT_RATIO":13.730237180267,"EPS_TTM":-0.009147532548,"OPERATE_INCOME_QOQ":31.435485792859,"NET_PROFIT_RATIO":1.6239738663,"ROE_AVG":1.19278565149,"GROSS_PROFIT_QOQ":44.457906558431,"ROA":0.548536659381,"HOLDER_PROFIT_QOQ":42.093093394993,"ROE_YEARLY":2.385571302981,"ROIC_YEARLY":1.181069392996,"TOTAL_ASSETS":2572558000,"TOTAL_LIABILITIES":1340527000,"TAX_EBT":31.678434424862,"OCF_SALES":12.777049492285,"TOTAL_PARENT_EQUITY":1199131000,"DEBT_ASSET_RATIO":52.1087182485,"OPERATE_PROFIT":37415000,"PRETAX_PROFIT":17987000,"NETCASH_OPERATE":96687000,"NETCASH_INVEST":-31944000,"NETCASH_FINANCE":-102296000,"END_CASH":128733000,"DIVI_RATIO":-8.916043705625,"DIVIDEND_RATE":7.258064516129,"CURRENT_RATIO":1.094976049203,"COMMON_ACS":3000000000,"CURRENTDEBT_DEBT":94.606449553049,"ISSUED_COMMON_SHARES":629678000,"HK_COMMON_SHARES":629678000,"PER_SHARES":2000,"TOTAL_MARKET_CAP":780800720,"HKSK_MARKET_CAP":780800720,"PE_TTM":4.146264199941,"PB_TTM":0.465495321101,"REPORT_DATE_SQ":"2020-06-30 00:00:00","REPORT_TYPE_SQ":"2020年中报","OPERATE_INCOME_SQ":424317000,"DPS_HKD":0.09,"OPERATE_INCOME_QOQ_SQ":-20.462669049588,"NET_PROFIT_RATIO_SQ":2.6725302074,"HOLDER_PROFIT_SQ":10093000,"HOLDER_PROFIT_QOQ_SQ":-51.311828240949,"ROE_AVG_SQ":0.826559985587,"PE_TTM_SQ":4.46423267941,"PB_TTM_SQ":0.502060152543,"ROA_SQ":0.370281710164,"START_DATE":"2021-01-01 00:00:00","FISCAL_YEAR":"12-31","CURRENCY":"HKD","IS_CNY_CODE":0,"DPS_HKD_LY":null,"ORG_TYPE":"一般企业","PREMIUM_INCOME":null,"PREMIUM_INCOME_YOY":null,"NET_INTEREST_INCOME":null,"NET_INTEREST_INCOME_YOY":null,"FEE_COMMISSION_INCOME":null,"FEE_COMMISSION_INCOME_YOY":null,"ACCOUNTS_RECE_TDAYS":1.97989296306,"INVENTORY_TDAYS":0.863128209095,"CURRENT_ASSETS_TDAYS":0.532167061542,"TOTAL_ASSETS_TDAYS":0.290679870472,"PREMIUM_EXPENSE":null,"LOAN_DEPOSIT":null,"LOAN_EQUITY":null,"LOAN_ASSETS":null,"DEPOSIT_EQUITY":null,"DEPOSIT_ASSETS":null,"EQUITY_MULTIPLIER":2.0880627192,"EQUITY_RATIO":1.117915390395},{"SECUCODE":"00528.HK","SECURITY_CODE":"00528","SECURITY_NAME_ABBR":"金达控股","ORG_CODE":"10076306","STD_REPORT_DATE":"2020-12-31 00:00:00","REPORT_DATE":"2020-12-31 00:00:00","DATE_TYPE_CODE":"001","REPORT_TYPE":"2020年年报","PER_NETCASH_OPERATE":-0.070307363446,"PER_OI":1.679312283421,"BPS":1.882460559206,"BASIC_EPS":-0.02,"DILUTED_EPS":-0.02,"OPERATE_INCOME":1057426000,"OPERATE_INCOME_YOY":-29.484248713,"GROSS_PROFIT":107297000,"GROSS_PROFIT_YOY":-70.46332312046,"HOLDER_PROFIT":-11177000,"HOLDER_PROFIT_YOY":-106.5670636702,"GROSS_PROFIT_RATIO":10.146998466087,"EPS_TTM":-0.015796962892,"OPERATE_INCOME_QOQ":-11.342572796405,"NET_PROFIT_RATIO":-1.0535961855,"ROE_AVG":-0.820996106727,"GROSS_PROFIT_QOQ":-52.233895739661,"ROA":-0.371170081311,"HOLDER_PROFIT_QOQ":-113.488006291781,"ROE_YEARLY":-0.820996106727,"ROIC_YEARLY":-0.400824294941,"TOTAL_ASSETS":2646648000,"TOTAL_LIABILITIES":1407013000,"TAX_EBT":55.16973125884,"OCF_SALES":-4.186675947064,"TOTAL_PARENT_EQUITY":1195264000,"DEBT_ASSET_RATIO":53.4083238485,"OPERATE_PROFIT":14027000,"PRETAX_PROFIT":-28280000,"NETCASH_OPERATE":-45043000,"NETCASH_INVEST":-35289000,"NETCASH_FINANCE":99845000,"END_CASH":166882000,"DIVI_RATIO":-5.163005101478,"DIVIDEND_RATE":7.258064516129,"CURRENT_RATIO":1.091132799935,"COMMON_ACS":3000000000,"CURRENTDEBT_DEBT":94.806444574428,"ISSUED_COMMON_SHARES":629678000,"HK_COMMON_SHARES":629678000,"PER_SHARES":2000,"TOTAL_MARKET_CAP":780800720,"HKSK_MARKET_CAP":780800720,"PE_TTM":4.146264199941,"PB_TTM":0.465495321101,"REPORT_DATE_SQ":"2019-12-31 00:00:00","REPORT_TYPE_SQ":"2019年年报","OPERATE_INCOME_SQ":1499560000,"DPS_HKD":0.09,"OPERATE_INCOME_QOQ_SQ":2.470327844096,"NET_PROFIT_RATIO_SQ":10.3873802982,"HOLDER_PROFIT_SQ":151468000,"HOLDER_PROFIT_QOQ_SQ":-9.1488174855,"ROE_AVG_SQ":12.887060402034,"PE_TTM_SQ":4.46423267941,"PB_TTM_SQ":0.502060152543,"ROA_SQ":6.241556408497,"START_DATE":"2020-01-01 00:00:00","FISCAL_YEAR":"12-31","CURRENCY":"HKD","IS_CNY_CODE":0,"DPS_HKD_LY":0.07,"ORG_TYPE":"一般企业","PREMIUM_INCOME":null,"PREMIUM_INCOME_YOY":null,"NET_INTEREST_INCOME":null,"NET_INTEREST_INCOME_YOY":null,"FEE_COMMISSION_INCOME":null,"FEE_COMMISSION_INCOME_YOY":null,"ACCOUNTS_RECE_TDAYS":2.930554169854,"INVENTORY_TDAYS":1.195569192981,"CURRENT_ASSETS_TDAYS":0.709666399894,"TOTAL_ASSETS_TDAYS":0.394576147984,"PREMIUM_EXPENSE":null,"LOAN_DEPOSIT":null,"LOAN_EQUITY":null,"LOAN_ASSETS":null,"DEPOSIT_EQUITY":null,"DEPOSIT_ASSETS":null,"EQUITY_MULTIPLIER":2.14630612719,"EQUITY_RATIO":1.177156678357},{"SECUCODE":"00528.HK","SECURITY_CODE":"00528","SECURITY_NAME_ABBR":"金达控股","ORG_CODE":"10076306","STD_REPORT_DATE":"2020-06-30 00:00:00","REPORT_DATE":"2020-06-30 00:00:00","DATE_TYPE_CODE":"002","REPORT_TYPE":"2020年中报","PER_NETCASH_OPERATE":-0.312983779011,"PER_OI":0.673863466724,"BPS":1.912660121522,"BASIC_EPS":0.02,"DILUTED_EPS":0.02,"OPERATE_INCOME":424317000,"OPERATE_INCOME_YOY":-41.967156614,"GROSS_PROFIT":56198000,"GROSS_PROFIT_YOY":-71.156106449047,"HOLDER_PROFIT":10093000,"HOLDER_PROFIT_YOY":-88.506388503,"GROSS_PROFIT_RATIO":13.244343262231,"EPS_TTM":0.117118590772,"OPERATE_INCOME_QOQ":-20.462669049588,"NET_PROFIT_RATIO":2.6725302074,"ROE_AVG":0.826559985587,"GROSS_PROFIT_QOQ":-38.163940022077,"ROA":0.370281710164,"HOLDER_PROFIT_QOQ":-51.311828240949,"ROE_YEARLY":1.653119971173,"ROIC_YEARLY":0.796974764966,"TOTAL_ASSETS":2725740000,"TOTAL_LIABILITIES":1477048000,"TAX_EBT":-3.053435114504,"OCF_SALES":-46.446171140916,"TOTAL_PARENT_EQUITY":1204360000,"DEBT_ASSET_RATIO":54.1888808177,"OPERATE_PROFIT":24168000,"PRETAX_PROFIT":11004000,"NETCASH_OPERATE":-197079000,"NETCASH_INVEST":-24519000,"NETCASH_FINANCE":230218000,"END_CASH":153654000,"DIVI_RATIO":0.696386452932,"DIVIDEND_RATE":7.258064516129,"CURRENT_RATIO":1.096359339558,"COMMON_ACS":3000000000,"CURRENTDEBT_DEBT":94.137902085782,"ISSUED_COMMON_SHARES":629678000,"HK_COMMON_SHARES":629678000,"PER_SHARES":2000,"TOTAL_MARKET_CAP":780800720,"HKSK_MARKET_CAP":780800720,"PE_TTM":4.146264199941,"PB_TTM":0.465495321101,"REPORT_DATE_SQ":"2019-06-30 00:00:00","REPORT_TYPE_SQ":"2019年中报","OPERATE_INCOME_SQ":731167000,"DPS_HKD":0.09,"OPERATE_INCOME_QOQ_SQ":17.482216012132,"NET_PROFIT_RATIO_SQ":12.4087930664,"HOLDER_PROFIT_SQ":87814000,"HOLDER_PROFIT_QOQ_SQ":63.442346528636,"ROE_AVG_SQ":7.69184614731,"PE_TTM_SQ":4.46423267941,"PB_TTM_SQ":0.502060152543,"ROA_SQ":3.906153390383,"START_DATE":"2020-01-01 00:00:00","FISCAL_YEAR":"12-31","CURRENCY":"HKD","IS_CNY_CODE":0,"DPS_HKD_LY":0.07,"ORG_TYPE":"一般企业","PREMIUM_INCOME":null,"PREMIUM_INCOME_YOY":null,"NET_INTEREST_INCOME":null,"NET_INTEREST_INCOME_YOY":null,"FEE_COMMISSION_INCOME":null,"FEE_COMMISSION_INCOME_YOY":null,"ACCOUNTS_RECE_TDAYS":1.470970895495,"INVENTORY_TDAYS":0.423451880703,"CURRENT_ASSETS_TDAYS":0.278308818586,"TOTAL_ASSETS_TDAYS":0.155669101765,"PREMIUM_EXPENSE":null,"LOAN_DEPOSIT":null,"LOAN_EQUITY":null,"LOAN_ASSETS":null,"DEPOSIT_EQUITY":null,"DEPOSIT_ASSETS":null,"EQUITY_MULTIPLIER":2.182876161616,"EQUITY_RATIO":1.226417350294}],"count":39},"success":true,"message":"ok","code":0}