{"version":"a73ce809e4df31e027ea1005202591a1","result":{"pages":5,"data":[{"SECUCODE":"00527.HK","SECURITY_CODE":"00527","SECURITY_NAME_ABBR":"瑞风新能源","ORG_CODE":"10090431","STD_REPORT_DATE":"2024-06-30 00:00:00","REPORT_DATE":"2024-06-30 00:00:00","DATE_TYPE_CODE":"002","REPORT_TYPE":"2024年中报","PER_NETCASH_OPERATE":0.012413036386,"PER_OI":0.10443072172,"BPS":-0.020930541393,"BASIC_EPS":-0.022,"DILUTED_EPS":-0.022,"OPERATE_INCOME":173602000,"OPERATE_INCOME_YOY":-8.7098046433,"GROSS_PROFIT":64580000,"GROSS_PROFIT_YOY":-8.042376260181,"HOLDER_PROFIT":-36818000,"HOLDER_PROFIT_YOY":-25.0993850022,"GROSS_PROFIT_RATIO":37.200032257693,"EPS_TTM":-0.069985824048,"OPERATE_INCOME_QOQ":-4.817472390354,"NET_PROFIT_RATIO":-12.5828043456,"ROE_AVG":292.915390429214,"GROSS_PROFIT_QOQ":-4.483891967419,"ROA":-2.033338174878,"HOLDER_PROFIT_QOQ":-6.779863246294,"ROE_YEARLY":585.830780858427,"ROIC_YEARLY":-5.6948870454,"TOTAL_ASSETS":1755965000,"TOTAL_LIABILITIES":1587677000,"TAX_EBT":-195.268991619357,"OCF_SALES":11.886383797422,"TOTAL_PARENT_EQUITY":-35890000,"DEBT_ASSET_RATIO":90.4162098903,"OPERATE_PROFIT":56385000,"PRETAX_PROFIT":-7398000,"NETCASH_OPERATE":20635000,"NETCASH_INVEST":-27444000,"NETCASH_FINANCE":-135127000,"END_CASH":244468000,"DIVI_RATIO":null,"DIVIDEND_RATE":null,"CURRENT_RATIO":1.074155652503,"COMMON_ACS":2000000000,"CURRENTDEBT_DEBT":48.784041086443,"ISSUED_COMMON_SHARES":1714719143,"HK_COMMON_SHARES":1714719143,"PER_SHARES":12000,"TOTAL_MARKET_CAP":908801145.79,"HKSK_MARKET_CAP":908801145.79,"PE_TTM":-7.06417999567,"PB_TTM":-23.110744768449,"REPORT_DATE_SQ":"2023-06-30 00:00:00","REPORT_TYPE_SQ":"2023年中报","OPERATE_INCOME_SQ":190165000,"DPS_HKD":null,"OPERATE_INCOME_QOQ_SQ":3.42297244476,"NET_PROFIT_RATIO_SQ":-11.085110299,"HOLDER_PROFIT_SQ":-29431000,"HOLDER_PROFIT_QOQ_SQ":5.590231016264,"ROE_AVG_SQ":32.185253027859,"PE_TTM_SQ":-2.582008852351,"PB_TTM_SQ":-3.501809515214,"ROA_SQ":-1.490816567915,"START_DATE":"2024-01-01 00:00:00","FISCAL_YEAR":"12-31","CURRENCY":"HKD","IS_CNY_CODE":0,"DPS_HKD_LY":null,"ORG_TYPE":"一般企业","PREMIUM_INCOME":null,"PREMIUM_INCOME_YOY":null,"NET_INTEREST_INCOME":null,"NET_INTEREST_INCOME_YOY":null,"FEE_COMMISSION_INCOME":null,"FEE_COMMISSION_INCOME_YOY":null,"ACCOUNTS_RECE_TDAYS":0.314987689131,"INVENTORY_TDAYS":null,"CURRENT_ASSETS_TDAYS":0.199575332497,"TOTAL_ASSETS_TDAYS":0.095874728077,"PREMIUM_EXPENSE":null,"LOAN_DEPOSIT":null,"LOAN_EQUITY":null,"LOAN_ASSETS":null,"DEPOSIT_EQUITY":null,"DEPOSIT_ASSETS":null,"EQUITY_MULTIPLIER":10.434285272878,"EQUITY_RATIO":-44.237308442463},{"SECUCODE":"00527.HK","SECURITY_CODE":"00527","SECURITY_NAME_ABBR":"瑞风新能源","ORG_CODE":"10090431","STD_REPORT_DATE":"2023-12-31 00:00:00","REPORT_DATE":"2023-12-31 00:00:00","DATE_TYPE_CODE":"001","REPORT_TYPE":"2023年年报","PER_NETCASH_OPERATE":0.075940592508,"PER_OI":0.206820375717,"BPS":0.006269831444,"BASIC_EPS":-0.099,"DILUTED_EPS":-0.099,"OPERATE_INCOME":343811000,"OPERATE_INCOME_YOY":12.9311562427,"GROSS_PROFIT":125962000,"GROSS_PROFIT_YOY":96.465670524379,"HOLDER_PROFIT":-108955000,"HOLDER_PROFIT_YOY":29.4552211748,"GROSS_PROFIT_RATIO":36.636989508771,"EPS_TTM":-0.065542155534,"OPERATE_INCOME_QOQ":9.193493063672,"NET_PROFIT_RATIO":-27.5654356609,"ROE_AVG":345.056371928047,"GROSS_PROFIT_QOQ":54.36330437127,"ROA":-5.625394327467,"HOLDER_PROFIT_QOQ":25.278094010177,"ROE_YEARLY":345.056371928047,"ROIC_YEARLY":-8.139984878776,"TOTAL_ASSETS":1865469000,"TOTAL_LIABILITIES":1653481000,"TAX_EBT":-33.102537814418,"OCF_SALES":36.718138744834,"TOTAL_PARENT_EQUITY":10751000,"DEBT_ASSET_RATIO":88.6362089105,"OPERATE_PROFIT":72098000,"PRETAX_PROFIT":-71203000,"NETCASH_OPERATE":126241000,"NETCASH_INVEST":7699000,"NETCASH_FINANCE":-169998000,"END_CASH":385512000,"DIVI_RATIO":null,"DIVIDEND_RATE":null,"CURRENT_RATIO":2.2232958108,"COMMON_ACS":2000000000,"CURRENTDEBT_DEBT":24.692633299082,"ISSUED_COMMON_SHARES":1714719143,"HK_COMMON_SHARES":1714719143,"PER_SHARES":12000,"TOTAL_MARKET_CAP":1114567442.95,"HKSK_MARKET_CAP":1114567442.95,"PE_TTM":-8.663616975822,"PB_TTM":-28.343366225456,"REPORT_DATE_SQ":"2022-12-31 00:00:00","REPORT_TYPE_SQ":"2022年年报","OPERATE_INCOME_SQ":304443000,"DPS_HKD":null,"OPERATE_INCOME_QOQ_SQ":-8.533925395376,"NET_PROFIT_RATIO_SQ":-53.2185006717,"HOLDER_PROFIT_SQ":-154448000,"HOLDER_PROFIT_QOQ_SQ":58.897168405365,"ROE_AVG_SQ":22367.5597393193,"PE_TTM_SQ":-2.79976863508,"PB_TTM_SQ":-3.797142847823,"ROA_SQ":-7.276321473883,"START_DATE":"2023-01-01 00:00:00","FISCAL_YEAR":"12-31","CURRENCY":"HKD","IS_CNY_CODE":0,"DPS_HKD_LY":null,"ORG_TYPE":"一般企业","PREMIUM_INCOME":null,"PREMIUM_INCOME_YOY":null,"NET_INTEREST_INCOME":null,"NET_INTEREST_INCOME_YOY":null,"FEE_COMMISSION_INCOME":null,"FEE_COMMISSION_INCOME_YOY":null,"ACCOUNTS_RECE_TDAYS":0.686012614407,"INVENTORY_TDAYS":null,"CURRENT_ASSETS_TDAYS":0.379133127379,"TOTAL_ASSETS_TDAYS":0.177511123778,"PREMIUM_EXPENSE":null,"LOAN_DEPOSIT":null,"LOAN_EQUITY":null,"LOAN_ASSETS":null,"DEPOSIT_EQUITY":null,"DEPOSIT_ASSETS":null,"EQUITY_MULTIPLIER":8.799880181923,"EQUITY_RATIO":153.797879267045},{"SECUCODE":"00527.HK","SECURITY_CODE":"00527","SECURITY_NAME_ABBR":"瑞风新能源","ORG_CODE":"10090431","STD_REPORT_DATE":"2023-06-30 00:00:00","REPORT_DATE":"2023-06-30 00:00:00","DATE_TYPE_CODE":"002","REPORT_TYPE":"2023年中报","PER_NETCASH_OPERATE":0.023116400292,"PER_OI":0.080075965198,"BPS":-0.06355676406,"BASIC_EPS":-0.041,"DILUTED_EPS":-0.041,"OPERATE_INCOME":190165000,"OPERATE_INCOME_YOY":5.7976900481,"GROSS_PROFIT":70228000,"GROSS_PROFIT_YOY":33.156367911113,"HOLDER_PROFIT":-29431000,"HOLDER_PROFIT_YOY":22.6822540391,"GROSS_PROFIT_RATIO":36.930034443773,"EPS_TTM":-0.06140034596,"OPERATE_INCOME_QOQ":3.42297244476,"NET_PROFIT_RATIO":-11.085110299,"ROE_AVG":32.185253027859,"GROSS_PROFIT_QOQ":27.274854166017,"ROA":-1.490816567915,"HOLDER_PROFIT_QOQ":5.590231016264,"ROE_YEARLY":64.370506055718,"ROIC_YEARLY":-4.248551293956,"TOTAL_ASSETS":1940091000,"TOTAL_LIABILITIES":1851662000,"TAX_EBT":-163.796771367789,"OCF_SALES":28.868088239161,"TOTAL_PARENT_EQUITY":-108982000,"DEBT_ASSET_RATIO":95.442017926,"OPERATE_PROFIT":64711000,"PRETAX_PROFIT":-7991000,"NETCASH_OPERATE":54897000,"NETCASH_INVEST":14017000,"NETCASH_FINANCE":-121475000,"END_CASH":370071000,"DIVI_RATIO":null,"DIVIDEND_RATE":null,"CURRENT_RATIO":1.760609353797,"COMMON_ACS":2000000000,"CURRENTDEBT_DEBT":27.977946299055,"ISSUED_COMMON_SHARES":1714719143,"HK_COMMON_SHARES":1714719143,"PER_SHARES":12000,"TOTAL_MARKET_CAP":1114567442.95,"HKSK_MARKET_CAP":1114567442.95,"PE_TTM":-8.663616975822,"PB_TTM":-28.343366225456,"REPORT_DATE_SQ":"2022-06-30 00:00:00","REPORT_TYPE_SQ":"2022年中报","OPERATE_INCOME_SQ":179744000,"DPS_HKD":null,"OPERATE_INCOME_QOQ_SQ":-5.550116768396,"NET_PROFIT_RATIO_SQ":-21.9495504718,"HOLDER_PROFIT_SQ":-38065000,"HOLDER_PROFIT_QOQ_SQ":-1.95437883421,"ROE_AVG_SQ":-65.629876119622,"PE_TTM_SQ":-2.79976863508,"PB_TTM_SQ":-3.797142847823,"ROA_SQ":-1.693069401612,"START_DATE":"2023-01-01 00:00:00","FISCAL_YEAR":"12-31","CURRENCY":"HKD","IS_CNY_CODE":0,"DPS_HKD_LY":null,"ORG_TYPE":"一般企业","PREMIUM_INCOME":null,"PREMIUM_INCOME_YOY":null,"NET_INTEREST_INCOME":null,"NET_INTEREST_INCOME_YOY":null,"FEE_COMMISSION_INCOME":null,"FEE_COMMISSION_INCOME_YOY":null,"ACCOUNTS_RECE_TDAYS":0.372092249684,"INVENTORY_TDAYS":193.75928917609,"CURRENT_ASSETS_TDAYS":0.209200118811,"TOTAL_ASSETS_TDAYS":0.096327386986,"PREMIUM_EXPENSE":null,"LOAN_DEPOSIT":null,"LOAN_EQUITY":null,"LOAN_ASSETS":null,"DEPOSIT_EQUITY":null,"DEPOSIT_ASSETS":null,"EQUITY_MULTIPLIER":21.939533411162,"EQUITY_RATIO":-16.990530546329},{"SECUCODE":"00527.HK","SECURITY_CODE":"00527","SECURITY_NAME_ABBR":"瑞风新能源","ORG_CODE":"10090431","STD_REPORT_DATE":"2022-12-31 00:00:00","REPORT_DATE":"2022-12-31 00:00:00","DATE_TYPE_CODE":"001","REPORT_TYPE":"2022年年报","PER_NETCASH_OPERATE":0.177187921884,"PER_OI":0.148571049876,"BPS":-0.043099186419,"BASIC_EPS":-0.233,"DILUTED_EPS":-0.236,"OPERATE_INCOME":304443000,"OPERATE_INCOME_YOY":-13.6103993394,"GROSS_PROFIT":64114000,"GROSS_PROFIT_YOY":-43.146226833378,"HOLDER_PROFIT":-154448000,"HOLDER_PROFIT_YOY":58.0938633644,"GROSS_PROFIT_RATIO":21.059442982759,"EPS_TTM":-0.075372077897,"OPERATE_INCOME_QOQ":-8.533925395376,"NET_PROFIT_RATIO":-53.2185006717,"ROE_AVG":22367.5597393193,"GROSS_PROFIT_QOQ":-23.658359429885,"ROA":-7.276321473883,"HOLDER_PROFIT_QOQ":58.897168405365,"ROE_YEARLY":22367.5597393193,"ROIC_YEARLY":-9.70346407787,"TOTAL_ASSETS":2008215000,"TOTAL_LIABILITIES":1893058000,"TAX_EBT":-3.822370318157,"OCF_SALES":119.261405254842,"TOTAL_PARENT_EQUITY":-73903000,"DEBT_ASSET_RATIO":94.2657036224,"OPERATE_PROFIT":992000,"PRETAX_PROFIT":-156055000,"NETCASH_OPERATE":363083000,"NETCASH_INVEST":6108000,"NETCASH_FINANCE":-192237000,"END_CASH":420843000,"DIVI_RATIO":null,"DIVIDEND_RATE":null,"CURRENT_RATIO":1.888167740053,"COMMON_ACS":2000000000,"CURRENTDEBT_DEBT":25.34470681828,"ISSUED_COMMON_SHARES":1714719143,"HK_COMMON_SHARES":1714719143,"PER_SHARES":12000,"TOTAL_MARKET_CAP":1114567442.95,"HKSK_MARKET_CAP":1114567442.95,"PE_TTM":-8.663616975822,"PB_TTM":-28.343366225456,"REPORT_DATE_SQ":"2021-12-31 00:00:00","REPORT_TYPE_SQ":"2021年年报","OPERATE_INCOME_SQ":352407000,"DPS_HKD":null,"OPERATE_INCOME_QOQ_SQ":-4.640175346024,"NET_PROFIT_RATIO_SQ":-101.7794765711,"HOLDER_PROFIT_SQ":-368557000,"HOLDER_PROFIT_QOQ_SQ":-71.136102972246,"ROE_AVG_SQ":-155.336249915706,"PE_TTM_SQ":-2.79976863508,"PB_TTM_SQ":-3.797142847823,"ROA_SQ":-13.814513828682,"START_DATE":"2022-01-01 00:00:00","FISCAL_YEAR":"12-31","CURRENCY":"HKD","IS_CNY_CODE":0,"DPS_HKD_LY":null,"ORG_TYPE":"一般企业","PREMIUM_INCOME":null,"PREMIUM_INCOME_YOY":null,"NET_INTEREST_INCOME":null,"NET_INTEREST_INCOME_YOY":null,"FEE_COMMISSION_INCOME":null,"FEE_COMMISSION_INCOME_YOY":null,"ACCOUNTS_RECE_TDAYS":0.506725143765,"INVENTORY_TDAYS":370.02155504234,"CURRENT_ASSETS_TDAYS":0.325422674396,"TOTAL_ASSETS_TDAYS":0.143428541546,"PREMIUM_EXPENSE":null,"LOAN_DEPOSIT":null,"LOAN_EQUITY":null,"LOAN_ASSETS":null,"DEPOSIT_EQUITY":null,"DEPOSIT_ASSETS":null,"EQUITY_MULTIPLIER":17.438931198365,"EQUITY_RATIO":-25.615441862983},{"SECUCODE":"00527.HK","SECURITY_CODE":"00527","SECURITY_NAME_ABBR":"瑞风新能源","ORG_CODE":"10090431","STD_REPORT_DATE":"2022-06-30 00:00:00","REPORT_DATE":"2022-06-30 00:00:00","DATE_TYPE_CODE":"002","REPORT_TYPE":"2022年中报","PER_NETCASH_OPERATE":0.016839630611,"PER_OI":0.090819208012,"BPS":0.025355172698,"BASIC_EPS":-0.019,"DILUTED_EPS":-0.019,"OPERATE_INCOME":179744000,"OPERATE_INCOME_YOY":-9.8137007471,"GROSS_PROFIT":52741000,"GROSS_PROFIT_YOY":-35.3093415759,"HOLDER_PROFIT":-38065000,"HOLDER_PROFIT_YOY":-23.339381764,"GROSS_PROFIT_RATIO":29.342286807905,"EPS_TTM":-0.189860165583,"OPERATE_INCOME_QOQ":-5.550116768396,"NET_PROFIT_RATIO":-21.9495504718,"ROE_AVG":-65.629876119622,"GROSS_PROFIT_QOQ":-25.52717921433,"ROA":-1.693069401612,"HOLDER_PROFIT_QOQ":-1.95437883421,"ROE_YEARLY":-131.259752239243,"ROIC_YEARLY":-4.270797628818,"TOTAL_ASSETS":2259560000,"TOTAL_LIABILITIES":2001636000,"TAX_EBT":-24.547779145752,"OCF_SALES":18.541926295175,"TOTAL_PARENT_EQUITY":43477000,"DEBT_ASSET_RATIO":88.5852112801,"OPERATE_PROFIT":48839000,"PRETAX_PROFIT":-31677000,"NETCASH_OPERATE":33328000,"NETCASH_INVEST":2179000,"NETCASH_FINANCE":-16223000,"END_CASH":265017000,"DIVI_RATIO":null,"DIVIDEND_RATE":null,"CURRENT_RATIO":1.931514581028,"COMMON_ACS":2000000000,"CURRENTDEBT_DEBT":27.174071609424,"ISSUED_COMMON_SHARES":1714719143,"HK_COMMON_SHARES":1714719143,"PER_SHARES":12000,"TOTAL_MARKET_CAP":1114567442.95,"HKSK_MARKET_CAP":1114567442.95,"PE_TTM":-8.663616975822,"PB_TTM":-28.343366225456,"REPORT_DATE_SQ":"2021-06-30 00:00:00","REPORT_TYPE_SQ":"2021年中报","OPERATE_INCOME_SQ":199303000,"DPS_HKD":null,"OPERATE_INCOME_QOQ_SQ":6.684160842492,"NET_PROFIT_RATIO_SQ":-9.4138071178,"HOLDER_PROFIT_SQ":-30862000,"HOLDER_PROFIT_QOQ_SQ":-1.102765128398,"ROE_AVG_SQ":-7.808756069358,"PE_TTM_SQ":-2.79976863508,"PB_TTM_SQ":-3.797142847823,"ROA_SQ":-1.063578468377,"START_DATE":"2022-01-01 00:00:00","FISCAL_YEAR":"12-31","CURRENCY":"HKD","IS_CNY_CODE":0,"DPS_HKD_LY":null,"ORG_TYPE":"一般企业","PREMIUM_INCOME":null,"PREMIUM_INCOME_YOY":null,"NET_INTEREST_INCOME":null,"NET_INTEREST_INCOME_YOY":null,"FEE_COMMISSION_INCOME":null,"FEE_COMMISSION_INCOME_YOY":null,"ACCOUNTS_RECE_TDAYS":0.239308000676,"INVENTORY_TDAYS":185.405839416058,"CURRENT_ASSETS_TDAYS":0.178340549049,"TOTAL_ASSETS_TDAYS":0.079947213063,"PREMIUM_EXPENSE":null,"LOAN_DEPOSIT":null,"LOAN_EQUITY":null,"LOAN_ASSETS":null,"DEPOSIT_EQUITY":null,"DEPOSIT_ASSETS":null,"EQUITY_MULTIPLIER":8.760565127733,"EQUITY_RATIO":46.038963129931},{"SECUCODE":"00527.HK","SECURITY_CODE":"00527","SECURITY_NAME_ABBR":"瑞风新能源","ORG_CODE":"10090431","STD_REPORT_DATE":"2021-12-31 00:00:00","REPORT_DATE":"2021-12-31 00:00:00","DATE_TYPE_CODE":"001","REPORT_TYPE":"2021年年报","PER_NETCASH_OPERATE":0.06811137439,"PER_OI":0.178060600843,"BPS":0.042293806712,"BASIC_EPS":-0.186,"DILUTED_EPS":-0.186,"OPERATE_INCOME":352407000,"OPERATE_INCOME_YOY":1.733828713,"GROSS_PROFIT":112770000,"GROSS_PROFIT_YOY":-8.594262926248,"HOLDER_PROFIT":-368557000,"HOLDER_PROFIT_YOY":-73.0233322379,"GROSS_PROFIT_RATIO":31.999931896926,"EPS_TTM":-0.186220707491,"OPERATE_INCOME_QOQ":-4.640175346024,"NET_PROFIT_RATIO":-101.7794765711,"ROE_AVG":-155.336249915706,"GROSS_PROFIT_QOQ":-12.180420680471,"ROA":-13.814513828682,"HOLDER_PROFIT_QOQ":-71.136102972246,"ROE_YEARLY":-155.336249915706,"ROIC_YEARLY":-19.429545052572,"TOTAL_ASSETS":2237007000,"TOTAL_LIABILITIES":1955819000,"TAX_EBT":-4.692019626215,"OCF_SALES":38.251794090356,"TOTAL_PARENT_EQUITY":72522000,"DEBT_ASSET_RATIO":87.4301689713,"OPERATE_PROFIT":-195638000,"PRETAX_PROFIT":-342603000,"NETCASH_OPERATE":134802000,"NETCASH_INVEST":-66361000,"NETCASH_FINANCE":-683705000,"END_CASH":243295000,"DIVI_RATIO":null,"DIVIDEND_RATE":null,"CURRENT_RATIO":1.177985919894,"COMMON_ACS":2000000000,"CURRENTDEBT_DEBT":41.890992980434,"ISSUED_COMMON_SHARES":1714719143,"HK_COMMON_SHARES":1714719143,"PER_SHARES":12000,"TOTAL_MARKET_CAP":1114567442.95,"HKSK_MARKET_CAP":1114567442.95,"PE_TTM":-8.663616975822,"PB_TTM":-28.343366225456,"REPORT_DATE_SQ":"2020-12-31 00:00:00","REPORT_TYPE_SQ":"2020年年报","OPERATE_INCOME_SQ":346401000,"DPS_HKD":null,"OPERATE_INCOME_QOQ_SQ":3.405444292866,"NET_PROFIT_RATIO_SQ":-58.8834905211,"HOLDER_PROFIT_SQ":-213010000,"HOLDER_PROFIT_QOQ_SQ":-88.276160760847,"ROE_AVG_SQ":-45.241958778652,"PE_TTM_SQ":-2.79976863508,"PB_TTM_SQ":-3.797142847823,"ROA_SQ":-7.538787986143,"START_DATE":"2021-01-01 00:00:00","FISCAL_YEAR":"12-31","CURRENCY":"HKD","IS_CNY_CODE":0,"DPS_HKD_LY":null,"ORG_TYPE":"一般企业","PREMIUM_INCOME":null,"PREMIUM_INCOME_YOY":null,"NET_INTEREST_INCOME":null,"NET_INTEREST_INCOME_YOY":null,"FEE_COMMISSION_INCOME":null,"FEE_COMMISSION_INCOME_YOY":null,"ACCOUNTS_RECE_TDAYS":0.461109689981,"INVENTORY_TDAYS":369.240369799692,"CURRENT_ASSETS_TDAYS":0.267407004118,"TOTAL_ASSETS_TDAYS":0.132091681201,"PREMIUM_EXPENSE":null,"LOAN_DEPOSIT":null,"LOAN_EQUITY":null,"LOAN_ASSETS":null,"DEPOSIT_EQUITY":null,"DEPOSIT_ASSETS":null,"EQUITY_MULTIPLIER":7.955556424878,"EQUITY_RATIO":26.968630208764},{"SECUCODE":"00527.HK","SECURITY_CODE":"00527","SECURITY_NAME_ABBR":"瑞风新能源","ORG_CODE":"10090431","STD_REPORT_DATE":"2021-06-30 00:00:00","REPORT_DATE":"2021-06-30 00:00:00","DATE_TYPE_CODE":"002","REPORT_TYPE":"2021年中报","PER_NETCASH_OPERATE":0.029624471387,"PER_OI":0.100701779277,"BPS":0.226532724957,"BASIC_EPS":-0.016,"DILUTED_EPS":-0.016,"OPERATE_INCOME":199303000,"OPERATE_INCOME_YOY":13.1445537585,"GROSS_PROFIT":81528000,"GROSS_PROFIT_YOY":24.034687357371,"HOLDER_PROFIT":-30862000,"HOLDER_PROFIT_YOY":-8.2383474205,"GROSS_PROFIT_RATIO":40.906559359367,"EPS_TTM":-0.108814390568,"OPERATE_INCOME_QOQ":6.684160842492,"NET_PROFIT_RATIO":-9.4138071178,"ROE_AVG":-7.808756069358,"GROSS_PROFIT_QOQ":14.028575741699,"ROA":-1.063578468377,"HOLDER_PROFIT_QOQ":-1.102765128398,"ROE_YEARLY":-15.617512138717,"ROIC_YEARLY":-3.060072337365,"TOTAL_ASSETS":2704640000,"TOTAL_LIABILITIES":2080079000,"TAX_EBT":-223.371251292658,"OCF_SALES":29.418021805994,"TOTAL_PARENT_EQUITY":388440000,"DEBT_ASSET_RATIO":76.9077954922,"OPERATE_PROFIT":72449000,"PRETAX_PROFIT":-5802000,"NETCASH_OPERATE":58631000,"NETCASH_INVEST":-23827000,"NETCASH_FINANCE":-446859000,"END_CASH":443099000,"DIVI_RATIO":null,"DIVIDEND_RATE":null,"CURRENT_RATIO":1.436390126751,"COMMON_ACS":2000000000,"CURRENTDEBT_DEBT":45.040356640301,"ISSUED_COMMON_SHARES":1714719143,"HK_COMMON_SHARES":1714719143,"PER_SHARES":12000,"TOTAL_MARKET_CAP":1114567442.95,"HKSK_MARKET_CAP":1114567442.95,"PE_TTM":-8.663616975822,"PB_TTM":-28.343366225456,"REPORT_DATE_SQ":"2020-06-30 00:00:00","REPORT_TYPE_SQ":"2020年中报","OPERATE_INCOME_SQ":176149000,"DPS_HKD":null,"OPERATE_INCOME_QOQ_SQ":-7.379390239519,"NET_PROFIT_RATIO_SQ":-10.2566577159,"HOLDER_PROFIT_SQ":-28513000,"HOLDER_PROFIT_QOQ_SQ":-8.912292186101,"ROE_AVG_SQ":-5.281960510801,"PE_TTM_SQ":-2.79976863508,"PB_TTM_SQ":-3.797142847823,"ROA_SQ":-1.127695842875,"START_DATE":"2021-01-01 00:00:00","FISCAL_YEAR":"12-31","CURRENCY":"HKD","IS_CNY_CODE":0,"DPS_HKD_LY":null,"ORG_TYPE":"一般企业","PREMIUM_INCOME":null,"PREMIUM_INCOME_YOY":null,"NET_INTEREST_INCOME":null,"NET_INTEREST_INCOME_YOY":null,"FEE_COMMISSION_INCOME":null,"FEE_COMMISSION_INCOME_YOY":null,"ACCOUNTS_RECE_TDAYS":0.356643982327,"INVENTORY_TDAYS":190.574433656958,"CURRENT_ASSETS_TDAYS":0.132149990966,"TOTAL_ASSETS_TDAYS":0.068684589295,"PREMIUM_EXPENSE":null,"LOAN_DEPOSIT":null,"LOAN_EQUITY":null,"LOAN_ASSETS":null,"DEPOSIT_EQUITY":null,"DEPOSIT_ASSETS":null,"EQUITY_MULTIPLIER":4.330465719123,"EQUITY_RATIO":5.354955720317},{"SECUCODE":"00527.HK","SECURITY_CODE":"00527","SECURITY_NAME_ABBR":"瑞风新能源","ORG_CODE":"10090431","STD_REPORT_DATE":"2020-12-31 00:00:00","REPORT_DATE":"2020-12-31 00:00:00","DATE_TYPE_CODE":"001","REPORT_TYPE":"2020年年报","PER_NETCASH_OPERATE":0.092715485427,"PER_OI":0.175025950655,"BPS":0.234444224666,"BASIC_EPS":-0.108,"DILUTED_EPS":-0.108,"OPERATE_INCOME":346401000,"OPERATE_INCOME_YOY":-4.2252469704,"GROSS_PROFIT":123373000,"GROSS_PROFIT_YOY":5.930486150465,"HOLDER_PROFIT":-213010000,"HOLDER_PROFIT_YOY":-105.0558823246,"GROSS_PROFIT_RATIO":32.50943270949,"EPS_TTM":-0.107627511898,"OPERATE_INCOME_QOQ":3.405444292866,"NET_PROFIT_RATIO":-58.8834905211,"ROE_AVG":-45.241958778652,"GROSS_PROFIT_QOQ":47.3760665864,"ROA":-7.538787986143,"HOLDER_PROFIT_QOQ":-88.276160760847,"ROE_YEARLY":-45.241958778652,"ROIC_YEARLY":-10.126889194213,"TOTAL_ASSETS":3098787000,"TOTAL_LIABILITIES":2465564000,"TAX_EBT":-17.308787246157,"OCF_SALES":52.97242213504,"TOTAL_PARENT_EQUITY":402006000,"DEBT_ASSET_RATIO":79.5654557735,"OPERATE_PROFIT":60857000,"PRETAX_PROFIT":-173877000,"NETCASH_OPERATE":183497000,"NETCASH_INVEST":-7197000,"NETCASH_FINANCE":580065000,"END_CASH":858837000,"DIVI_RATIO":null,"DIVIDEND_RATE":null,"CURRENT_RATIO":1.57558898425,"COMMON_ACS":2000000000,"CURRENTDEBT_DEBT":43.004359245998,"ISSUED_COMMON_SHARES":1714719143,"HK_COMMON_SHARES":1714719143,"PER_SHARES":12000,"TOTAL_MARKET_CAP":1114567442.95,"HKSK_MARKET_CAP":1114567442.95,"PE_TTM":-8.663616975822,"PB_TTM":-28.343366225456,"REPORT_DATE_SQ":"2019-12-31 00:00:00","REPORT_TYPE_SQ":"2019年年报","OPERATE_INCOME_SQ":361683000,"DPS_HKD":null,"OPERATE_INCOME_QOQ_SQ":1.431664320289,"NET_PROFIT_RATIO_SQ":-22.3339222468,"HOLDER_PROFIT_SQ":-103879000,"HOLDER_PROFIT_QOQ_SQ":0.074069798761,"ROE_AVG_SQ":-17.818132542933,"PE_TTM_SQ":-2.79976863508,"PB_TTM_SQ":-3.797142847823,"ROA_SQ":-4.054520318463,"START_DATE":"2020-01-01 00:00:00","FISCAL_YEAR":"12-31","CURRENCY":"HKD","IS_CNY_CODE":0,"DPS_HKD_LY":null,"ORG_TYPE":"一般企业","PREMIUM_INCOME":null,"PREMIUM_INCOME_YOY":null,"NET_INTEREST_INCOME":null,"NET_INTEREST_INCOME_YOY":null,"FEE_COMMISSION_INCOME":null,"FEE_COMMISSION_INCOME_YOY":null,"ACCOUNTS_RECE_TDAYS":0.658142879671,"INVENTORY_TDAYS":389.322231473772,"CURRENT_ASSETS_TDAYS":0.270722226043,"TOTAL_ASSETS_TDAYS":0.12259723474,"PREMIUM_EXPENSE":null,"LOAN_DEPOSIT":null,"LOAN_EQUITY":null,"LOAN_ASSETS":null,"DEPOSIT_EQUITY":null,"DEPOSIT_ASSETS":null,"EQUITY_MULTIPLIER":4.893674108489,"EQUITY_RATIO":6.133152241509},{"SECUCODE":"00527.HK","SECURITY_CODE":"00527","SECURITY_NAME_ABBR":"瑞风新能源","ORG_CODE":"10090431","STD_REPORT_DATE":"2020-06-30 00:00:00","REPORT_DATE":"2020-06-30 00:00:00","DATE_TYPE_CODE":"002","REPORT_TYPE":"2020年中报","PER_NETCASH_OPERATE":0.047352366239,"PER_OI":0.089002763219,"BPS":0.314917461676,"BASIC_EPS":-0.014,"DILUTED_EPS":-0.014,"OPERATE_INCOME":176149000,"OPERATE_INCOME_YOY":-13.1582190802,"GROSS_PROFIT":65730000,"GROSS_PROFIT_YOY":-37.86394917946,"HOLDER_PROFIT":-28513000,"HOLDER_PROFIT_YOY":-48.0810179174,"GROSS_PROFIT_RATIO":37.315000369006,"EPS_TTM":-0.057164705007,"OPERATE_INCOME_QOQ":-7.379390239519,"NET_PROFIT_RATIO":-10.2566577159,"ROE_AVG":-5.281960510801,"GROSS_PROFIT_QOQ":-34.391152782786,"ROA":-1.127695842875,"HOLDER_PROFIT_QOQ":-8.912292186101,"ROE_YEARLY":-10.563921021603,"ROIC_YEARLY":-2.591732778743,"TOTAL_ASSETS":2504606000,"TOTAL_LIABILITIES":1703454000,"TAX_EBT":-354.973558297658,"OCF_SALES":53.203254063321,"TOTAL_PARENT_EQUITY":539995000,"DEBT_ASSET_RATIO":68.0128531194,"OPERATE_PROFIT":62578000,"PRETAX_PROFIT":-3971000,"NETCASH_OPERATE":93717000,"NETCASH_INVEST":-19029000,"NETCASH_FINANCE":-136605000,"END_CASH":40928000,"DIVI_RATIO":null,"DIVIDEND_RATE":null,"CURRENT_RATIO":0.897690644952,"COMMON_ACS":2000000000,"CURRENTDEBT_DEBT":59.938278345057,"ISSUED_COMMON_SHARES":1714719143,"HK_COMMON_SHARES":1714719143,"PER_SHARES":12000,"TOTAL_MARKET_CAP":1114567442.95,"HKSK_MARKET_CAP":1114567442.95,"PE_TTM":-8.663616975822,"PB_TTM":-28.343366225456,"REPORT_DATE_SQ":"2019-06-30 00:00:00","REPORT_TYPE_SQ":"2019年中报","OPERATE_INCOME_SQ":202839000,"DPS_HKD":null,"OPERATE_INCOME_QOQ_SQ":-1.275250287942,"NET_PROFIT_RATIO_SQ":1.9818673924,"HOLDER_PROFIT_SQ":-19255000,"HOLDER_PROFIT_QOQ_SQ":-61.894972902261,"ROE_AVG_SQ":-3.059228766124,"PE_TTM_SQ":-2.79976863508,"PB_TTM_SQ":-3.797142847823,"ROA_SQ":-0.735077834072,"START_DATE":"2020-01-01 00:00:00","FISCAL_YEAR":"12-31","CURRENCY":"HKD","IS_CNY_CODE":0,"DPS_HKD_LY":null,"ORG_TYPE":"一般企业","PREMIUM_INCOME":null,"PREMIUM_INCOME_YOY":null,"NET_INTEREST_INCOME":null,"NET_INTEREST_INCOME_YOY":null,"FEE_COMMISSION_INCOME":null,"FEE_COMMISSION_INCOME_YOY":null,"ACCOUNTS_RECE_TDAYS":0.704007449772,"INVENTORY_TDAYS":183.725457570715,"CURRENT_ASSETS_TDAYS":0.195173324647,"TOTAL_ASSETS_TDAYS":0.069667342976,"PREMIUM_EXPENSE":null,"LOAN_DEPOSIT":null,"LOAN_EQUITY":null,"LOAN_ASSETS":null,"DEPOSIT_EQUITY":null,"DEPOSIT_ASSETS":null,"EQUITY_MULTIPLIER":3.126255691803,"EQUITY_RATIO":3.15457365346}],"count":40},"success":true,"message":"ok","code":0}