{"version":"51b25306e4f222457a54ff706d986f69","result":{"pages":6,"data":[{"SECUCODE":"00526.HK","SECURITY_CODE":"00526","SECURITY_NAME_ABBR":"利时集团控股","ORG_CODE":"10008948","STD_REPORT_DATE":"2024-06-30 00:00:00","REPORT_DATE":"2024-09-30 00:00:00","DATE_TYPE_CODE":"002","REPORT_TYPE":"2024年中报","PER_NETCASH_OPERATE":0.050255342522,"PER_OI":0.174732277105,"BPS":0.267706189643,"BASIC_EPS":-0.003,"DILUTED_EPS":-0.003,"OPERATE_INCOME":1405550000,"OPERATE_INCOME_YOY":5.3423260227,"GROSS_PROFIT":344727000,"GROSS_PROFIT_YOY":-7.632886226133,"HOLDER_PROFIT":-26234000,"HOLDER_PROFIT_YOY":-108.9477507836,"GROSS_PROFIT_RATIO":24.526128561773,"EPS_TTM":0.040409022379,"OPERATE_INCOME_QOQ":0,"NET_PROFIT_RATIO":-1.8664579702,"ROE_AVG":-1.101836968953,"GROSS_PROFIT_QOQ":0,"ROA":-0.645840441911,"HOLDER_PROFIT_QOQ":0,"ROE_YEARLY":-2.203673937906,"ROIC_YEARLY":-1.588464047786,"TOTAL_ASSETS":4057676000,"TOTAL_LIABILITIES":1690077000,"TAX_EBT":57.670028237192,"OCF_SALES":28.761338977624,"TOTAL_PARENT_EQUITY":2367599000,"DEBT_ASSET_RATIO":41.6513541249,"OPERATE_PROFIT":241167000,"PRETAX_PROFIT":-61975000,"NETCASH_OPERATE":404255000,"NETCASH_INVEST":-17418000,"NETCASH_FINANCE":33967000,"END_CASH":969598000,"DIVI_RATIO":null,"DIVIDEND_RATE":null,"CURRENT_RATIO":2.284953508087,"COMMON_ACS":10000000000,"CURRENTDEBT_DEBT":88.851513865936,"ISSUED_COMMON_SHARES":8844020391,"HK_COMMON_SHARES":8844020391,"PER_SHARES":2000,"TOTAL_MARKET_CAP":1450419344.124,"HKSK_MARKET_CAP":1450419344.124,"PE_TTM":145.649469032758,"PB_TTM":0.552447293793,"REPORT_DATE_SQ":"2023-06-30 00:00:00","REPORT_TYPE_SQ":"2023年中报","OPERATE_INCOME_SQ":1334269000,"DPS_HKD":null,"OPERATE_INCOME_QOQ_SQ":0,"NET_PROFIT_RATIO_SQ":21.9739048123,"HOLDER_PROFIT_SQ":293191000,"HOLDER_PROFIT_QOQ_SQ":0,"ROE_AVG_SQ":13.217980521815,"PE_TTM_SQ":0.669190503396,"PB_TTM_SQ":0.134420299878,"ROA_SQ":7.36755767766,"START_DATE":"2024-04-01 00:00:00","FISCAL_YEAR":"3-31","CURRENCY":"HKD","IS_CNY_CODE":0,"DPS_HKD_LY":null,"ORG_TYPE":"一般企业","PREMIUM_INCOME":null,"PREMIUM_INCOME_YOY":null,"NET_INTEREST_INCOME":null,"NET_INTEREST_INCOME_YOY":null,"FEE_COMMISSION_INCOME":null,"FEE_COMMISSION_INCOME_YOY":null,"ACCOUNTS_RECE_TDAYS":null,"INVENTORY_TDAYS":3.574050958096,"CURRENT_ASSETS_TDAYS":0.422200054129,"TOTAL_ASSETS_TDAYS":0.346024637161,"PREMIUM_EXPENSE":null,"LOAN_DEPOSIT":null,"LOAN_EQUITY":null,"LOAN_ASSETS":null,"DEPOSIT_EQUITY":null,"DEPOSIT_ASSETS":null,"EQUITY_MULTIPLIER":1.713835831153,"EQUITY_RATIO":0.713835831152},{"SECUCODE":"00526.HK","SECURITY_CODE":"00526","SECURITY_NAME_ABBR":"利时集团控股","ORG_CODE":"10008948","STD_REPORT_DATE":"2023-12-31 00:00:00","REPORT_DATE":"2024-03-31 00:00:00","DATE_TYPE_CODE":"001","REPORT_TYPE":"2023年年报","PER_NETCASH_OPERATE":0.008494135604,"PER_OI":0.334081823438,"BPS":0.270721560348,"BASIC_EPS":0.0404,"DILUTED_EPS":0.0404,"OPERATE_INCOME":2687361000,"OPERATE_INCOME_YOY":10.9378625018,"GROSS_PROFIT":695224000,"GROSS_PROFIT_YOY":10.672384754737,"HOLDER_PROFIT":325051000,"HOLDER_PROFIT_YOY":-86.093949935,"GROSS_PROFIT_RATIO":25.870138027604,"EPS_TTM":0.049003978215,"OPERATE_INCOME_QOQ":0,"NET_PROFIT_RATIO":12.0955465232,"ROE_AVG":14.546112780917,"GROSS_PROFIT_QOQ":0,"ROA":8.190696878625,"HOLDER_PROFIT_QOQ":0,"ROE_YEARLY":14.546112780917,"ROIC_YEARLY":9.373783852254,"TOTAL_ASSETS":4066312000,"TOTAL_LIABILITIES":1672045000,"TAX_EBT":20.234057903442,"OCF_SALES":2.542531502094,"TOTAL_PARENT_EQUITY":2394267000,"DEBT_ASSET_RATIO":41.1194468108,"OPERATE_PROFIT":444558000,"PRETAX_PROFIT":407506000,"NETCASH_OPERATE":68327000,"NETCASH_INVEST":143938000,"NETCASH_FINANCE":-117766000,"END_CASH":548260000,"DIVI_RATIO":null,"DIVIDEND_RATE":null,"CURRENT_RATIO":2.261983018639,"COMMON_ACS":10000000000,"CURRENTDEBT_DEBT":85.322045758338,"ISSUED_COMMON_SHARES":8844020391,"HK_COMMON_SHARES":8844020391,"PER_SHARES":2000,"TOTAL_MARKET_CAP":1459263364.515,"HKSK_MARKET_CAP":1459263364.515,"PE_TTM":146.53757555125,"PB_TTM":0.555815874853,"REPORT_DATE_SQ":"2022-12-31 00:00:00","REPORT_TYPE_SQ":"2022年年报","OPERATE_INCOME_SQ":2422402000,"DPS_HKD":null,"OPERATE_INCOME_QOQ_SQ":0,"NET_PROFIT_RATIO_SQ":96.4942647835,"HOLDER_PROFIT_SQ":2337479000,"HOLDER_PROFIT_QOQ_SQ":0,"ROE_AVG_SQ":256.839434629519,"PE_TTM_SQ":0.669190503396,"PB_TTM_SQ":0.134420299878,"ROA_SQ":52.638033646083,"START_DATE":"2023-04-01 00:00:00","FISCAL_YEAR":"3-31","CURRENCY":"HKD","IS_CNY_CODE":0,"DPS_HKD_LY":null,"ORG_TYPE":"一般企业","PREMIUM_INCOME":null,"PREMIUM_INCOME_YOY":null,"NET_INTEREST_INCOME":null,"NET_INTEREST_INCOME_YOY":null,"FEE_COMMISSION_INCOME":null,"FEE_COMMISSION_INCOME_YOY":null,"ACCOUNTS_RECE_TDAYS":null,"INVENTORY_TDAYS":6.252725178357,"CURRENT_ASSETS_TDAYS":1.018394385524,"TOTAL_ASSETS_TDAYS":0.677166332497,"PREMIUM_EXPENSE":null,"LOAN_DEPOSIT":null,"LOAN_EQUITY":null,"LOAN_ASSETS":null,"DEPOSIT_EQUITY":null,"DEPOSIT_ASSETS":null,"EQUITY_MULTIPLIER":1.698353608851,"EQUITY_RATIO":0.69835360885},{"SECUCODE":"00526.HK","SECURITY_CODE":"00526","SECURITY_NAME_ABBR":"利时集团控股","ORG_CODE":"10008948","STD_REPORT_DATE":"2023-06-30 00:00:00","REPORT_DATE":"2023-09-30 00:00:00","DATE_TYPE_CODE":"002","REPORT_TYPE":"2023年中报","PER_NETCASH_OPERATE":-0.005467539596,"PER_OI":0.165870912199,"BPS":0.266989773384,"BASIC_EPS":0.036,"DILUTED_EPS":0.036,"OPERATE_INCOME":1334269000,"OPERATE_INCOME_YOY":4.4483358957,"GROSS_PROFIT":373214000,"GROSS_PROFIT_YOY":8.465640757371,"HOLDER_PROFIT":293191000,"HOLDER_PROFIT_YOY":-86.8905213145,"GROSS_PROFIT_RATIO":27.971421055275,"EPS_TTM":0.290585911818,"OPERATE_INCOME_QOQ":0,"NET_PROFIT_RATIO":21.9739048123,"ROE_AVG":13.217980521815,"GROSS_PROFIT_QOQ":0,"ROA":7.36755767766,"HOLDER_PROFIT_QOQ":0,"ROE_YEARLY":26.43596104363,"ROIC_YEARLY":16.436011667011,"TOTAL_ASSETS":4088208000,"TOTAL_LIABILITIES":1726945000,"TAX_EBT":19.223341093494,"OCF_SALES":-3.296261848248,"TOTAL_PARENT_EQUITY":2361263000,"DEBT_ASSET_RATIO":42.2421021631,"OPERATE_PROFIT":407802000,"PRETAX_PROFIT":362965000,"NETCASH_OPERATE":-43981000,"NETCASH_INVEST":31597000,"NETCASH_FINANCE":-71231000,"END_CASH":370145000,"DIVI_RATIO":null,"DIVIDEND_RATE":null,"CURRENT_RATIO":1.624568697052,"COMMON_ACS":10000000000,"CURRENTDEBT_DEBT":84.045293857071,"ISSUED_COMMON_SHARES":8844020391,"HK_COMMON_SHARES":8844020391,"PER_SHARES":2000,"TOTAL_MARKET_CAP":1459263364.515,"HKSK_MARKET_CAP":1459263364.515,"PE_TTM":146.53757555125,"PB_TTM":0.555815874853,"REPORT_DATE_SQ":"2022-06-30 00:00:00","REPORT_TYPE_SQ":"2022年中报","OPERATE_INCOME_SQ":1277444000,"DPS_HKD":null,"OPERATE_INCOME_QOQ_SQ":0,"NET_PROFIT_RATIO_SQ":175.0746803774,"HOLDER_PROFIT_SQ":2236481000,"HOLDER_PROFIT_QOQ_SQ":0,"ROE_AVG_SQ":261.158870952675,"PE_TTM_SQ":0.669190503396,"PB_TTM_SQ":0.134420299878,"ROA_SQ":51.318034547324,"START_DATE":"2023-04-01 00:00:00","FISCAL_YEAR":"3-31","CURRENCY":"HKD","IS_CNY_CODE":0,"DPS_HKD_LY":null,"ORG_TYPE":"一般企业","PREMIUM_INCOME":null,"PREMIUM_INCOME_YOY":null,"NET_INTEREST_INCOME":null,"NET_INTEREST_INCOME_YOY":null,"FEE_COMMISSION_INCOME":null,"FEE_COMMISSION_INCOME_YOY":null,"ACCOUNTS_RECE_TDAYS":1.192937517071,"INVENTORY_TDAYS":2.932200183672,"CURRENT_ASSETS_TDAYS":0.60530679896,"TOTAL_ASSETS_TDAYS":0.335286683937,"PREMIUM_EXPENSE":null,"LOAN_DEPOSIT":null,"LOAN_EQUITY":null,"LOAN_ASSETS":null,"DEPOSIT_EQUITY":null,"DEPOSIT_ASSETS":null,"EQUITY_MULTIPLIER":1.731364951723,"EQUITY_RATIO":0.731364951723},{"SECUCODE":"00526.HK","SECURITY_CODE":"00526","SECURITY_NAME_ABBR":"利时集团控股","ORG_CODE":"10008948","STD_REPORT_DATE":"2022-12-31 00:00:00","REPORT_DATE":"2023-03-31 00:00:00","DATE_TYPE_CODE":"001","REPORT_TYPE":"2022年年报","PER_NETCASH_OPERATE":0.030819787612,"PER_OI":0.301143194852,"BPS":0.234619766607,"BASIC_EPS":0.2906,"DILUTED_EPS":0.2906,"OPERATE_INCOME":2422402000,"OPERATE_INCOME_YOY":13.5344650213,"GROSS_PROFIT":628182000,"GROSS_PROFIT_YOY":14.212209529593,"HOLDER_PROFIT":2337479000,"HOLDER_PROFIT_YOY":706.8379241413,"GROSS_PROFIT_RATIO":25.932194573816,"EPS_TTM":0.219188529404,"OPERATE_INCOME_QOQ":0,"NET_PROFIT_RATIO":96.4942647835,"ROE_AVG":256.839434629519,"GROSS_PROFIT_QOQ":0,"ROA":52.638033646083,"HOLDER_PROFIT_QOQ":0,"ROE_YEARLY":256.839434629519,"ROIC_YEARLY":57.663349092735,"TOTAL_ASSETS":3870766000,"TOTAL_LIABILITIES":1795784000,"TAX_EBT":17.643395327822,"OCF_SALES":10.234263346876,"TOTAL_PARENT_EQUITY":2074982000,"DEBT_ASSET_RATIO":46.3935045415,"OPERATE_PROFIT":374048000,"PRETAX_PROFIT":327556000,"NETCASH_OPERATE":247915000,"NETCASH_INVEST":-26371000,"NETCASH_FINANCE":-88899000,"END_CASH":453497000,"DIVI_RATIO":null,"DIVIDEND_RATE":null,"CURRENT_RATIO":1.360542240817,"COMMON_ACS":10000000000,"CURRENTDEBT_DEBT":83.931419368922,"ISSUED_COMMON_SHARES":8844020391,"HK_COMMON_SHARES":8844020391,"PER_SHARES":2000,"TOTAL_MARKET_CAP":1459263364.515,"HKSK_MARKET_CAP":1459263364.515,"PE_TTM":146.53757555125,"PB_TTM":0.555815874853,"REPORT_DATE_SQ":"2021-12-31 00:00:00","REPORT_TYPE_SQ":"2021年年报","OPERATE_INCOME_SQ":2133627000,"DPS_HKD":null,"OPERATE_INCOME_QOQ_SQ":0,"NET_PROFIT_RATIO_SQ":-17.9193728243,"HOLDER_PROFIT_SQ":-385190000,"HOLDER_PROFIT_QOQ_SQ":0,"ROE_AVG_SQ":568.458024955542,"PE_TTM_SQ":0.669190503396,"PB_TTM_SQ":0.134420299878,"ROA_SQ":-7.600339616931,"START_DATE":"2022-04-01 00:00:00","FISCAL_YEAR":"3-31","CURRENCY":"HKD","IS_CNY_CODE":0,"DPS_HKD_LY":null,"ORG_TYPE":"一般企业","PREMIUM_INCOME":null,"PREMIUM_INCOME_YOY":null,"NET_INTEREST_INCOME":null,"NET_INTEREST_INCOME_YOY":null,"FEE_COMMISSION_INCOME":null,"FEE_COMMISSION_INCOME_YOY":null,"ACCOUNTS_RECE_TDAYS":2.625333734329,"INVENTORY_TDAYS":5.717663629729,"CURRENT_ASSETS_TDAYS":1.224192745512,"TOTAL_ASSETS_TDAYS":0.545504271826,"PREMIUM_EXPENSE":null,"LOAN_DEPOSIT":null,"LOAN_EQUITY":null,"LOAN_ASSETS":null,"DEPOSIT_EQUITY":null,"DEPOSIT_ASSETS":null,"EQUITY_MULTIPLIER":1.86544557977,"EQUITY_RATIO":0.865445579769},{"SECUCODE":"00526.HK","SECURITY_CODE":"00526","SECURITY_NAME_ABBR":"利时集团控股","ORG_CODE":"10008948","STD_REPORT_DATE":"2022-06-30 00:00:00","REPORT_DATE":"2022-09-30 00:00:00","DATE_TYPE_CODE":"002","REPORT_TYPE":"2022年中报","PER_NETCASH_OPERATE":0.026020694855,"PER_OI":0.158806658599,"BPS":0.222470201675,"BASIC_EPS":0.278,"DILUTED_EPS":0.278,"OPERATE_INCOME":1277444000,"OPERATE_INCOME_YOY":25.1051810995,"GROSS_PROFIT":344085000,"GROSS_PROFIT_YOY":24.222896133434,"HOLDER_PROFIT":2236481000,"HOLDER_PROFIT_YOY":2437.5916218485,"GROSS_PROFIT_RATIO":26.935427306403,"EPS_TTM":-0.047885259022,"OPERATE_INCOME_QOQ":0,"NET_PROFIT_RATIO":175.0746803774,"ROE_AVG":261.158870952675,"GROSS_PROFIT_QOQ":0,"ROA":51.318034547324,"HOLDER_PROFIT_QOQ":0,"ROE_YEARLY":522.317741905349,"ROIC_YEARLY":110.98213948983,"TOTAL_ASSETS":3705595000,"TOTAL_LIABILITIES":1738064000,"TAX_EBT":18.059244225849,"OCF_SALES":16.385140953341,"TOTAL_PARENT_EQUITY":1967531000,"DEBT_ASSET_RATIO":46.9037765865,"OPERATE_PROFIT":239250000,"PRETAX_PROFIT":205961000,"NETCASH_OPERATE":209311000,"NETCASH_INVEST":-17547000,"NETCASH_FINANCE":-162331000,"END_CASH":334968000,"DIVI_RATIO":null,"DIVIDEND_RATE":null,"CURRENT_RATIO":1.744661478533,"COMMON_ACS":10000000000,"CURRENTDEBT_DEBT":87.897626324462,"ISSUED_COMMON_SHARES":8844020391,"HK_COMMON_SHARES":8844020391,"PER_SHARES":2000,"TOTAL_MARKET_CAP":1459263364.515,"HKSK_MARKET_CAP":1459263364.515,"PE_TTM":146.53757555125,"PB_TTM":0.555815874853,"REPORT_DATE_SQ":"2021-06-30 00:00:00","REPORT_TYPE_SQ":"2021年中报","OPERATE_INCOME_SQ":1021096000,"DPS_HKD":null,"OPERATE_INCOME_QOQ_SQ":0,"NET_PROFIT_RATIO_SQ":8.5427237965,"HOLDER_PROFIT_SQ":88134000,"HOLDER_PROFIT_QOQ_SQ":0,"ROE_AVG_SQ":53.138867451283,"PE_TTM_SQ":0.669190503396,"PB_TTM_SQ":0.134420299878,"ROA_SQ":1.729641257519,"START_DATE":"2022-04-01 00:00:00","FISCAL_YEAR":"3-31","CURRENCY":"HKD","IS_CNY_CODE":0,"DPS_HKD_LY":null,"ORG_TYPE":"一般企业","PREMIUM_INCOME":null,"PREMIUM_INCOME_YOY":null,"NET_INTEREST_INCOME":null,"NET_INTEREST_INCOME_YOY":null,"FEE_COMMISSION_INCOME":null,"FEE_COMMISSION_INCOME_YOY":null,"ACCOUNTS_RECE_TDAYS":1.414784173658,"INVENTORY_TDAYS":3.455758863778,"CURRENT_ASSETS_TDAYS":0.558780977343,"TOTAL_ASSETS_TDAYS":0.293120823849,"PREMIUM_EXPENSE":null,"LOAN_DEPOSIT":null,"LOAN_EQUITY":null,"LOAN_ASSETS":null,"DEPOSIT_EQUITY":null,"DEPOSIT_ASSETS":null,"EQUITY_MULTIPLIER":1.883373120932,"EQUITY_RATIO":0.883373120932},{"SECUCODE":"00526.HK","SECURITY_CODE":"00526","SECURITY_NAME_ABBR":"利时集团控股","ORG_CODE":"10008948","STD_REPORT_DATE":"2021-12-31 00:00:00","REPORT_DATE":"2022-03-31 00:00:00","DATE_TYPE_CODE":"001","REPORT_TYPE":"2021年年报","PER_NETCASH_OPERATE":0.00470336948,"PER_OI":0.265243857709,"BPS":-0.02880986121,"BASIC_EPS":-0.0479,"DILUTED_EPS":-0.0479,"OPERATE_INCOME":2133627000,"OPERATE_INCOME_YOY":16.1912509527,"GROSS_PROFIT":550013000,"GROSS_PROFIT_YOY":71.82536707279,"HOLDER_PROFIT":-385190000,"HOLDER_PROFIT_YOY":84.9003897698,"GROSS_PROFIT_RATIO":25.74604351655,"EPS_TTM":-0.280184893927,"OPERATE_INCOME_QOQ":0,"NET_PROFIT_RATIO":-17.9193728243,"ROE_AVG":568.458024955542,"GROSS_PROFIT_QOQ":0,"ROA":-7.600339616931,"HOLDER_PROFIT_QOQ":0,"ROE_YEARLY":568.458024955542,"ROIC_YEARLY":-8.12389986,"TOTAL_ASSETS":5010565000,"TOTAL_LIABILITIES":5265360000,"TAX_EBT":19.783448924177,"OCF_SALES":1.760070488418,"TOTAL_PARENT_EQUITY":-254795000,"DEBT_ASSET_RATIO":105.0851550673,"OPERATE_PROFIT":345916000,"PRETAX_PROFIT":295727000,"NETCASH_OPERATE":37834000,"NETCASH_INVEST":127975000,"NETCASH_FINANCE":-176759000,"END_CASH":320504000,"DIVI_RATIO":null,"DIVIDEND_RATE":null,"CURRENT_RATIO":0.403942952842,"COMMON_ACS":10000000000,"CURRENTDEBT_DEBT":89.65628181169,"ISSUED_COMMON_SHARES":8844020391,"HK_COMMON_SHARES":8844020391,"PER_SHARES":2000,"TOTAL_MARKET_CAP":1459263364.515,"HKSK_MARKET_CAP":1459263364.515,"PE_TTM":146.53757555125,"PB_TTM":0.555815874853,"REPORT_DATE_SQ":"2020-12-31 00:00:00","REPORT_TYPE_SQ":"2020年年报","OPERATE_INCOME_SQ":1850030000,"DPS_HKD":null,"OPERATE_INCOME_QOQ_SQ":0,"NET_PROFIT_RATIO_SQ":-137.8892774712,"HOLDER_PROFIT_SQ":-2550993000,"HOLDER_PROFIT_QOQ_SQ":0,"ROE_AVG_SQ":-184.423841998,"PE_TTM_SQ":0.669190503396,"PB_TTM_SQ":0.134420299878,"ROA_SQ":-39.027083202497,"START_DATE":"2021-04-01 00:00:00","FISCAL_YEAR":"3-31","CURRENCY":"HKD","IS_CNY_CODE":0,"DPS_HKD_LY":null,"ORG_TYPE":"一般企业","PREMIUM_INCOME":null,"PREMIUM_INCOME_YOY":null,"NET_INTEREST_INCOME":null,"NET_INTEREST_INCOME_YOY":null,"FEE_COMMISSION_INCOME":null,"FEE_COMMISSION_INCOME_YOY":null,"ACCOUNTS_RECE_TDAYS":2.506699014298,"INVENTORY_TDAYS":6.912702468601,"CURRENT_ASSETS_TDAYS":1.160790952672,"TOTAL_ASSETS_TDAYS":0.424140939053,"PREMIUM_EXPENSE":null,"LOAN_DEPOSIT":null,"LOAN_EQUITY":null,"LOAN_ASSETS":null,"DEPOSIT_EQUITY":null,"DEPOSIT_ASSETS":null,"EQUITY_MULTIPLIER":-19.6650836949,"EQUITY_RATIO":-20.665083694735},{"SECUCODE":"00526.HK","SECURITY_CODE":"00526","SECURITY_NAME_ABBR":"利时集团控股","ORG_CODE":"10008948","STD_REPORT_DATE":"2021-06-30 00:00:00","REPORT_DATE":"2021-09-30 00:00:00","DATE_TYPE_CODE":"002","REPORT_TYPE":"2021年中报","PER_NETCASH_OPERATE":0.007394188118,"PER_OI":0.126938514619,"BPS":0.024020523541,"BASIC_EPS":0.011,"DILUTED_EPS":0.011,"OPERATE_INCOME":1021096000,"OPERATE_INCOME_YOY":19.9292062145,"GROSS_PROFIT":276990000,"GROSS_PROFIT_YOY":12.533974705349,"HOLDER_PROFIT":88134000,"HOLDER_PROFIT_YOY":142.1600987342,"GROSS_PROFIT_RATIO":26.83348114977,"EPS_TTM":-0.317129106591,"OPERATE_INCOME_QOQ":0,"NET_PROFIT_RATIO":8.5427237965,"ROE_AVG":53.138867451283,"GROSS_PROFIT_QOQ":0,"ROA":1.729641257519,"HOLDER_PROFIT_QOQ":0,"ROE_YEARLY":106.277734902566,"ROIC_YEARLY":3.71699487455,"TOTAL_ASSETS":5065454000,"TOTAL_LIABILITIES":4853016000,"TAX_EBT":3.824470516532,"OCF_SALES":5.765228727761,"TOTAL_PARENT_EQUITY":212438000,"DEBT_ASSET_RATIO":95.8061409698,"OPERATE_PROFIT":225815000,"PRETAX_PROFIT":177201000,"NETCASH_OPERATE":59479000,"NETCASH_INVEST":138198000,"NETCASH_FINANCE":-151946000,"END_CASH":373841000,"DIVI_RATIO":null,"DIVIDEND_RATE":null,"CURRENT_RATIO":0.510511136486,"COMMON_ACS":10000000000,"CURRENTDEBT_DEBT":74.04032873578,"ISSUED_COMMON_SHARES":8844020391,"HK_COMMON_SHARES":8844020391,"PER_SHARES":2000,"TOTAL_MARKET_CAP":1459263364.515,"HKSK_MARKET_CAP":1459263364.515,"PE_TTM":146.53757555125,"PB_TTM":0.555815874853,"REPORT_DATE_SQ":"2020-06-30 00:00:00","REPORT_TYPE_SQ":"2020年中报","OPERATE_INCOME_SQ":860245000,"DPS_HKD":null,"OPERATE_INCOME_QOQ_SQ":0,"NET_PROFIT_RATIO_SQ":-332.1353670162,"HOLDER_PROFIT_SQ":-209046000,"HOLDER_PROFIT_QOQ_SQ":0,"ROE_AVG_SQ":-8.181673014874,"PE_TTM_SQ":0.669190503396,"PB_TTM_SQ":0.134420299878,"ROA_SQ":-2.725842419431,"START_DATE":"2021-04-01 00:00:00","FISCAL_YEAR":"3-31","CURRENCY":"HKD","IS_CNY_CODE":0,"DPS_HKD_LY":null,"ORG_TYPE":"一般企业","PREMIUM_INCOME":null,"PREMIUM_INCOME_YOY":null,"NET_INTEREST_INCOME":null,"NET_INTEREST_INCOME_YOY":null,"FEE_COMMISSION_INCOME":null,"FEE_COMMISSION_INCOME_YOY":null,"ACCOUNTS_RECE_TDAYS":1.128148243083,"INVENTORY_TDAYS":4.052091944644,"CURRENT_ASSETS_TDAYS":0.568250229821,"TOTAL_ASSETS_TDAYS":0.202469528305,"PREMIUM_EXPENSE":null,"LOAN_DEPOSIT":null,"LOAN_EQUITY":null,"LOAN_ASSETS":null,"DEPOSIT_EQUITY":null,"DEPOSIT_ASSETS":null,"EQUITY_MULTIPLIER":23.844387538994,"EQUITY_RATIO":22.844387538953},{"SECUCODE":"00526.HK","SECURITY_CODE":"00526","SECURITY_NAME_ABBR":"利时集团控股","ORG_CODE":"10008948","STD_REPORT_DATE":"2020-12-31 00:00:00","REPORT_DATE":"2021-03-31 00:00:00","DATE_TYPE_CODE":"001","REPORT_TYPE":"2020年年报","PER_NETCASH_OPERATE":-0.021804519565,"PER_OI":0.229988228532,"BPS":0.013486400384,"BASIC_EPS":-0.3171,"DILUTED_EPS":-0.3171,"OPERATE_INCOME":1850030000,"OPERATE_INCOME_YOY":-30.6024918928,"GROSS_PROFIT":320100000,"GROSS_PROFIT_YOY":-36.158755484643,"HOLDER_PROFIT":-2550993000,"HOLDER_PROFIT_YOY":-1551.5771277629,"GROSS_PROFIT_RATIO":17.302422122885,"EPS_TTM":-0.057917431502,"OPERATE_INCOME_QOQ":0,"NET_PROFIT_RATIO":-137.8892774712,"ROE_AVG":-184.423841998,"GROSS_PROFIT_QOQ":0,"ROA":-39.027083202497,"HOLDER_PROFIT_QOQ":0,"ROE_YEARLY":-184.423841998,"ROIC_YEARLY":-40.100829261016,"TOTAL_ASSETS":5125561000,"TOTAL_LIABILITIES":5006287000,"TAX_EBT":-1.702717874053,"OCF_SALES":-9.480711123603,"TOTAL_PARENT_EQUITY":119274000,"DEBT_ASSET_RATIO":97.6729571651,"OPERATE_PROFIT":-470375000,"PRETAX_PROFIT":-2508284000,"NETCASH_OPERATE":-175396000,"NETCASH_INVEST":-27078000,"NETCASH_FINANCE":-50587000,"END_CASH":332738000,"DIVI_RATIO":null,"DIVIDEND_RATE":null,"CURRENT_RATIO":0.442560605027,"COMMON_ACS":10000000000,"CURRENTDEBT_DEBT":81.095091032536,"ISSUED_COMMON_SHARES":8844020391,"HK_COMMON_SHARES":8844020391,"PER_SHARES":2000,"TOTAL_MARKET_CAP":1459263364.515,"HKSK_MARKET_CAP":1459263364.515,"PE_TTM":146.53757555125,"PB_TTM":0.555815874853,"REPORT_DATE_SQ":"2019-12-31 00:00:00","REPORT_TYPE_SQ":"2019年年报","OPERATE_INCOME_SQ":2665845000,"DPS_HKD":null,"OPERATE_INCOME_QOQ_SQ":0,"NET_PROFIT_RATIO_SQ":-13.0457036291,"HOLDER_PROFIT_SQ":-154458000,"HOLDER_PROFIT_QOQ_SQ":0,"ROE_AVG_SQ":-6.228774317728,"PE_TTM_SQ":0.669190503396,"PB_TTM_SQ":0.134420299878,"ROA_SQ":-2.521078972442,"START_DATE":"2020-04-01 00:00:00","FISCAL_YEAR":"3-31","CURRENCY":"HKD","IS_CNY_CODE":0,"DPS_HKD_LY":null,"ORG_TYPE":"一般企业","PREMIUM_INCOME":null,"PREMIUM_INCOME_YOY":null,"NET_INTEREST_INCOME":null,"NET_INTEREST_INCOME_YOY":null,"FEE_COMMISSION_INCOME":null,"FEE_COMMISSION_INCOME_YOY":null,"ACCOUNTS_RECE_TDAYS":1.598227637486,"INVENTORY_TDAYS":6.646451262558,"CURRENT_ASSETS_TDAYS":0.479519720836,"TOTAL_ASSETS_TDAYS":0.283032037866,"PREMIUM_EXPENSE":null,"LOAN_DEPOSIT":null,"LOAN_EQUITY":null,"LOAN_ASSETS":null,"DEPOSIT_EQUITY":null,"DEPOSIT_ASSETS":null,"EQUITY_MULTIPLIER":42.972994953184,"EQUITY_RATIO":41.972994952798},{"SECUCODE":"00526.HK","SECURITY_CODE":"00526","SECURITY_NAME_ABBR":"利时集团控股","ORG_CODE":"10008948","STD_REPORT_DATE":"2020-06-30 00:00:00","REPORT_DATE":"2020-09-30 00:00:00","DATE_TYPE_CODE":"002","REPORT_TYPE":"2020年中报","PER_NETCASH_OPERATE":-0.038937494533,"PER_OI":0.10694217048,"BPS":0.278485563252,"BASIC_EPS":-0.026,"DILUTED_EPS":-0.026,"OPERATE_INCOME":860245000,"OPERATE_INCOME_YOY":-93.99602215,"GROSS_PROFIT":246139000,"GROSS_PROFIT_YOY":296.199597585513,"HOLDER_PROFIT":-209046000,"HOLDER_PROFIT_YOY":-304.1763930263,"GROSS_PROFIT_RATIO":19.725135049253,"EPS_TTM":-0.0192015923,"OPERATE_INCOME_QOQ":0,"NET_PROFIT_RATIO":-332.1353670162,"ROE_AVG":-8.181673014874,"GROSS_PROFIT_QOQ":0,"ROA":-2.725842419431,"HOLDER_PROFIT_QOQ":0,"ROE_YEARLY":-16.363346029748,"ROIC_YEARLY":-5.461155109308,"TOTAL_ASSETS":7390708000,"TOTAL_LIABILITIES":4927776000,"TAX_EBT":-10.533245208196,"OCF_SALES":-497.639021290118,"TOTAL_PARENT_EQUITY":2462932000,"DEBT_ASSET_RATIO":66.6752901075,"OPERATE_PROFIT":136825000,"PRETAX_PROFIT":-189125000,"NETCASH_OPERATE":-313214000,"NETCASH_INVEST":-154867000,"NETCASH_FINANCE":210219000,"END_CASH":328740000,"DIVI_RATIO":null,"DIVIDEND_RATE":null,"CURRENT_RATIO":1.299736532173,"COMMON_ACS":10000000000,"CURRENTDEBT_DEBT":87.221050632172,"ISSUED_COMMON_SHARES":8844020391,"HK_COMMON_SHARES":8844020391,"PER_SHARES":2000,"TOTAL_MARKET_CAP":1459263364.515,"HKSK_MARKET_CAP":1459263364.515,"PE_TTM":146.53757555125,"PB_TTM":0.555815874853,"REPORT_DATE_SQ":"2019-06-30 00:00:00","REPORT_TYPE_SQ":"2019年中报","OPERATE_INCOME_SQ":1048305000,"DPS_HKD":null,"OPERATE_INCOME_QOQ_SQ":0,"NET_PROFIT_RATIO_SQ":5.7975487046,"HOLDER_PROFIT_SQ":102385000,"HOLDER_PROFIT_QOQ_SQ":0,"ROE_AVG_SQ":3.924977477909,"PE_TTM_SQ":0.669190503396,"PB_TTM_SQ":0.134420299878,"ROA_SQ":1.625720635982,"START_DATE":"2020-04-01 00:00:00","FISCAL_YEAR":"3-31","CURRENCY":"HKD","IS_CNY_CODE":0,"DPS_HKD_LY":null,"ORG_TYPE":"一般企业","PREMIUM_INCOME":null,"PREMIUM_INCOME_YOY":null,"NET_INTEREST_INCOME":null,"NET_INTEREST_INCOME_YOY":null,"FEE_COMMISSION_INCOME":null,"FEE_COMMISSION_INCOME_YOY":null,"ACCOUNTS_RECE_TDAYS":0.558177123397,"INVENTORY_TDAYS":0.186432578932,"CURRENT_ASSETS_TDAYS":0.010940577662,"TOTAL_ASSETS_TDAYS":0.008207022468,"PREMIUM_EXPENSE":null,"LOAN_DEPOSIT":null,"LOAN_EQUITY":null,"LOAN_ASSETS":null,"DEPOSIT_EQUITY":null,"DEPOSIT_ASSETS":null,"EQUITY_MULTIPLIER":3.000776310509,"EQUITY_RATIO":2.000776310511}],"count":48},"success":true,"message":"ok","code":0}