{"version":"72a0537e3e02f3a573b48b6605533fe5","result":{"pages":5,"data":[{"SECUCODE":"00529.HK","SECURITY_CODE":"00529","SECURITY_NAME_ABBR":"SIS INT\u0027L","ORG_CODE":"10008949","STD_REPORT_DATE":"2024-06-30 00:00:00","REPORT_DATE":"2024-06-30 00:00:00","DATE_TYPE_CODE":"002","REPORT_TYPE":"2024年中报","PER_NETCASH_OPERATE":0.823185046224,"PER_OI":12.826218551688,"BPS":11.036156356101,"BASIC_EPS":0.109612868,"DILUTED_EPS":0.109612868,"OPERATE_INCOME":3565261208.2,"OPERATE_INCOME_YOY":-10.6492648009,"GROSS_PROFIT":319884300.52,"GROSS_PROFIT_YOY":19.764726512488,"HOLDER_PROFIT":30457044.28,"HOLDER_PROFIT_YOY":63.7438665358,"GROSS_PROFIT_RATIO":8.972254256835,"EPS_TTM":0.331212462936,"OPERATE_INCOME_QOQ":-5.665722671623,"NET_PROFIT_RATIO":1.8181096749,"ROE_AVG":0.984908507634,"GROSS_PROFIT_QOQ":8.712897161395,"ROA":0.398215470595,"HOLDER_PROFIT_QOQ":14.511501040685,"ROE_YEARLY":1.969817015268,"ROIC_YEARLY":0.988629399141,"TOTAL_ASSETS":7446523263.52,"TOTAL_LIABILITIES":3814771491.96,"TAX_EBT":20.285983658077,"OCF_SALES":6.417987054461,"TOTAL_PARENT_EQUITY":3067683587.76,"DEBT_ASSET_RATIO":51.2288937664,"OPERATE_PROFIT":111591558.24,"PRETAX_PROFIT":81316137.28,"NETCASH_OPERATE":228818002.8,"NETCASH_INVEST":42556443.04,"NETCASH_FINANCE":-164719573.72,"END_CASH":950860142.44,"DIVI_RATIO":0.054721370806,"DIVIDEND_RATE":1.398601398601,"CURRENT_RATIO":1.187803339742,"COMMON_ACS":350000000,"CURRENTDEBT_DEBT":73.439325394575,"ISSUED_COMMON_SHARES":277966666,"HK_COMMON_SHARES":277966666,"PER_SHARES":2000,"TOTAL_MARKET_CAP":397492332.38,"HKSK_MARKET_CAP":397492332.38,"PE_TTM":3.908094900993,"PB_TTM":0.11825968733,"REPORT_DATE_SQ":"2023-06-30 00:00:00","REPORT_TYPE_SQ":"2023年中报","OPERATE_INCOME_SQ":4030845851.1,"DPS_HKD":0.02,"OPERATE_INCOME_QOQ_SQ":-0.701955381149,"NET_PROFIT_RATIO_SQ":1.1852619372,"HOLDER_PROFIT_SQ":18789952.4,"HOLDER_PROFIT_QOQ_SQ":67.682729093112,"ROE_AVG_SQ":0.609708759358,"PE_TTM_SQ":5.761354853836,"PB_TTM_SQ":0.128606616302,"ROA_SQ":0.232389497112,"START_DATE":"2024-01-01 00:00:00","FISCAL_YEAR":"12-31","CURRENCY":"HKD","IS_CNY_CODE":0,"DPS_HKD_LY":0.02,"ORG_TYPE":"一般企业","PREMIUM_INCOME":null,"PREMIUM_INCOME_YOY":null,"NET_INTEREST_INCOME":null,"NET_INTEREST_INCOME_YOY":null,"FEE_COMMISSION_INCOME":null,"FEE_COMMISSION_INCOME_YOY":null,"ACCOUNTS_RECE_TDAYS":2.557875864905,"INVENTORY_TDAYS":4.314857229185,"CURRENT_ASSETS_TDAYS":1.048265063377,"TOTAL_ASSETS_TDAYS":0.466145748342,"PREMIUM_EXPENSE":null,"LOAN_DEPOSIT":null,"LOAN_EQUITY":null,"LOAN_ASSETS":null,"DEPOSIT_EQUITY":null,"DEPOSIT_ASSETS":null,"EQUITY_MULTIPLIER":2.050394336373,"EQUITY_RATIO":1.243534863628},{"SECUCODE":"00529.HK","SECURITY_CODE":"00529","SECURITY_NAME_ABBR":"SIS INT\u0027L","ORG_CODE":"10008949","STD_REPORT_DATE":"2023-12-31 00:00:00","REPORT_DATE":"2023-12-31 00:00:00","DATE_TYPE_CODE":"001","REPORT_TYPE":"2023年年报","PER_NETCASH_OPERATE":1.338106263432,"PER_OI":29.563143818259,"BPS":11.13442707803,"BASIC_EPS":0.28908418,"DILUTED_EPS":0.28908418,"OPERATE_INCOME":8217568523.64,"OPERATE_INCOME_YOY":-1.7313794109,"GROSS_PROFIT":605887817.36,"GROSS_PROFIT_YOY":9.679622010768,"HOLDER_PROFIT":80398932.18,"HOLDER_PROFIT_YOY":99.5479082321,"GROSS_PROFIT_RATIO":7.373078978496,"EPS_TTM":0.2892394737,"OPERATE_INCOME_QOQ":0.397999070563,"NET_PROFIT_RATIO":1.7689972675,"ROE_AVG":2.620197603874,"GROSS_PROFIT_QOQ":9.257760463039,"ROA":1.017317059746,"HOLDER_PROFIT_QOQ":20.728482002072,"ROE_YEARLY":2.620197603874,"ROIC_YEARLY":1.231096328476,"TOTAL_ASSETS":7794678241.98,"TOTAL_LIABILITIES":4122098446.06,"TAX_EBT":32.972033377765,"OCF_SALES":4.52626510786,"TOTAL_PARENT_EQUITY":3094999572.7,"DEBT_ASSET_RATIO":52.8834971514,"OPERATE_PROFIT":279653148.46,"PRETAX_PROFIT":216877476.62,"NETCASH_OPERATE":371948936.8,"NETCASH_INVEST":118413048.74,"NETCASH_FINANCE":-375061802.5,"END_CASH":870994322.38,"DIVI_RATIO":0.0626622631,"DIVIDEND_RATE":1.398601398601,"CURRENT_RATIO":1.078099871119,"COMMON_ACS":350000000,"CURRENTDEBT_DEBT":77.630794739477,"ISSUED_COMMON_SHARES":277966666,"HK_COMMON_SHARES":277966666,"PER_SHARES":2000,"TOTAL_MARKET_CAP":397492332.38,"HKSK_MARKET_CAP":397492332.38,"PE_TTM":3.908094900993,"PB_TTM":0.11825968733,"REPORT_DATE_SQ":"2022-12-31 00:00:00","REPORT_TYPE_SQ":"2022年年报","OPERATE_INCOME_SQ":8242853483.83,"DPS_HKD":0.02,"OPERATE_INCOME_QOQ_SQ":-5.992598949224,"NET_PROFIT_RATIO_SQ":1.201324833,"HOLDER_PROFIT_SQ":39714784.2,"HOLDER_PROFIT_QOQ_SQ":-39.589886971299,"ROE_AVG_SQ":1.323449828273,"PE_TTM_SQ":5.761354853836,"PB_TTM_SQ":0.128606616302,"ROA_SQ":0.481209947538,"START_DATE":"2023-01-01 00:00:00","FISCAL_YEAR":"12-31","CURRENCY":"HKD","IS_CNY_CODE":0,"DPS_HKD_LY":0.02,"ORG_TYPE":"一般企业","PREMIUM_INCOME":null,"PREMIUM_INCOME_YOY":null,"NET_INTEREST_INCOME":null,"NET_INTEREST_INCOME_YOY":null,"FEE_COMMISSION_INCOME":null,"FEE_COMMISSION_INCOME_YOY":null,"ACCOUNTS_RECE_TDAYS":5.841001451239,"INVENTORY_TDAYS":8.877413858887,"CURRENT_ASSETS_TDAYS":2.375214475458,"TOTAL_ASSETS_TDAYS":1.039798965242,"PREMIUM_EXPENSE":null,"LOAN_DEPOSIT":null,"LOAN_EQUITY":null,"LOAN_ASSETS":null,"DEPOSIT_EQUITY":null,"DEPOSIT_ASSETS":null,"EQUITY_MULTIPLIER":2.122398606733,"EQUITY_RATIO":1.331857517015},{"SECUCODE":"00529.HK","SECURITY_CODE":"00529","SECURITY_NAME_ABBR":"SIS INT\u0027L","ORG_CODE":"10008949","STD_REPORT_DATE":"2023-06-30 00:00:00","REPORT_DATE":"2023-06-30 00:00:00","DATE_TYPE_CODE":"002","REPORT_TYPE":"2023年中报","PER_NETCASH_OPERATE":0.345929904127,"PER_OI":14.501184293443,"BPS":11.04025003401,"BASIC_EPS":0.067581134,"DILUTED_EPS":0.067581134,"OPERATE_INCOME":4030845851.1,"OPERATE_INCOME_YOY":-8.5568215022,"GROSS_PROFIT":267093918.08,"GROSS_PROFIT_YOY":0.80501143012,"HOLDER_PROFIT":18789952.4,"HOLDER_PROFIT_YOY":315.4334038055,"GROSS_PROFIT_RATIO":6.626249872768,"EPS_TTM":0.239578489602,"OPERATE_INCOME_QOQ":-0.701955381149,"NET_PROFIT_RATIO":1.1852619372,"ROE_AVG":0.609708759358,"GROSS_PROFIT_QOQ":0.386115865767,"ROA":0.232389497112,"HOLDER_PROFIT_QOQ":67.682729093112,"ROE_YEARLY":1.219417518716,"ROIC_YEARLY":0.55843755857,"TOTAL_ASSETS":8020366714.64,"TOTAL_LIABILITIES":4414042866.62,"TAX_EBT":28.314911394857,"OCF_SALES":2.385528637712,"TOTAL_PARENT_EQUITY":3068821493.76,"DEBT_ASSET_RATIO":55.0354244846,"OPERATE_PROFIT":98410301.24,"PRETAX_PROFIT":66647168.26,"NETCASH_OPERATE":96156982.12,"NETCASH_INVEST":1181056.38,"NETCASH_FINANCE":-9804335.32,"END_CASH":855954246.26,"DIVI_RATIO":0.075651199029,"DIVIDEND_RATE":1.398601398601,"CURRENT_RATIO":1.062092771607,"COMMON_ACS":350000000,"CURRENTDEBT_DEBT":77.713302930987,"ISSUED_COMMON_SHARES":277966666,"HK_COMMON_SHARES":277966666,"PER_SHARES":2000,"TOTAL_MARKET_CAP":397492332.38,"HKSK_MARKET_CAP":397492332.38,"PE_TTM":3.908094900993,"PB_TTM":0.11825968733,"REPORT_DATE_SQ":"2022-06-30 00:00:00","REPORT_TYPE_SQ":"2022年中报","OPERATE_INCOME_SQ":4088707004.69,"DPS_HKD":0.02,"OPERATE_INCOME_QOQ_SQ":-2.498365986294,"NET_PROFIT_RATIO_SQ":0.5584337,"HOLDER_PROFIT_SQ":-8090097.4,"HOLDER_PROFIT_QOQ_SQ":-30.144000044135,"ROE_AVG_SQ":-0.285789250367,"PE_TTM_SQ":5.761354853836,"PB_TTM_SQ":0.128606616302,"ROA_SQ":-0.10348842978,"START_DATE":"2023-01-01 00:00:00","FISCAL_YEAR":"12-31","CURRENCY":"HKD","IS_CNY_CODE":0,"DPS_HKD_LY":0.02,"ORG_TYPE":"一般企业","PREMIUM_INCOME":null,"PREMIUM_INCOME_YOY":null,"NET_INTEREST_INCOME":null,"NET_INTEREST_INCOME_YOY":null,"FEE_COMMISSION_INCOME":null,"FEE_COMMISSION_INCOME_YOY":null,"ACCOUNTS_RECE_TDAYS":2.8095789081,"INVENTORY_TDAYS":4.096679553728,"CURRENT_ASSETS_TDAYS":1.123874103438,"TOTAL_ASSETS_TDAYS":0.498525073578,"PREMIUM_EXPENSE":null,"LOAN_DEPOSIT":null,"LOAN_EQUITY":null,"LOAN_ASSETS":null,"DEPOSIT_EQUITY":null,"DEPOSIT_ASSETS":null,"EQUITY_MULTIPLIER":2.223972957684,"EQUITY_RATIO":1.438351131076},{"SECUCODE":"00529.HK","SECURITY_CODE":"00529","SECURITY_NAME_ABBR":"SIS INT\u0027L","ORG_CODE":"10008949","STD_REPORT_DATE":"2022-12-31 00:00:00","REPORT_DATE":"2022-12-31 00:00:00","DATE_TYPE_CODE":"001","REPORT_TYPE":"2022年年报","PER_NETCASH_OPERATE":0.978694636824,"PER_OI":29.654107819641,"BPS":10.78687638643,"BASIC_EPS":0.1429232,"DILUTED_EPS":0.1429232,"OPERATE_INCOME":8242853483.83,"OPERATE_INCOME_YOY":-16.1057734706,"GROSS_PROFIT":552416033.4,"GROSS_PROFIT_YOY":-1.047060558917,"HOLDER_PROFIT":39714784.2,"HOLDER_PROFIT_YOY":-61.3747328549,"GROSS_PROFIT_RATIO":6.701757279608,"EPS_TTM":0.142876067737,"OPERATE_INCOME_QOQ":-5.992598949224,"NET_PROFIT_RATIO":1.201324833,"ROE_AVG":1.323449828273,"GROSS_PROFIT_QOQ":-2.224446538365,"ROA":0.481209947538,"HOLDER_PROFIT_QOQ":-39.589886971299,"ROE_YEARLY":1.323449828273,"ROIC_YEARLY":0.572389174429,"TOTAL_ASSETS":7896909664.77,"TOTAL_LIABILITIES":4390973197.59,"TAX_EBT":38.028633560859,"OCF_SALES":3.300367836984,"TOTAL_PARENT_EQUITY":2998392065.69,"DEBT_ASSET_RATIO":55.6036903547,"OPERATE_PROFIT":205562865.48,"PRETAX_PROFIT":159789030.87,"NETCASH_OPERATE":272044485.23,"NETCASH_INVEST":-77739501.56,"NETCASH_FINANCE":-258538242.83,"END_CASH":770075561.22,"DIVI_RATIO":0.126853995124,"DIVIDEND_RATE":1.398601398601,"CURRENT_RATIO":1.056959638497,"COMMON_ACS":350000000,"CURRENTDEBT_DEBT":73.687880890639,"ISSUED_COMMON_SHARES":277966666,"HK_COMMON_SHARES":277966666,"PER_SHARES":2000,"TOTAL_MARKET_CAP":397492332.38,"HKSK_MARKET_CAP":397492332.38,"PE_TTM":3.908094900993,"PB_TTM":0.11825968733,"REPORT_DATE_SQ":"2021-12-31 00:00:00","REPORT_TYPE_SQ":"2021年年报","OPERATE_INCOME_SQ":8992980259.2,"DPS_HKD":0.02,"OPERATE_INCOME_QOQ_SQ":16.45376503303,"NET_PROFIT_RATIO_SQ":1.9212323904,"HOLDER_PROFIT_SQ":94110665.6,"HOLDER_PROFIT_QOQ_SQ":60.788474009767,"ROE_AVG_SQ":3.45109881486,"PE_TTM_SQ":5.761354853836,"PB_TTM_SQ":0.128606616302,"ROA_SQ":1.227294306307,"START_DATE":"2022-01-01 00:00:00","FISCAL_YEAR":"12-31","CURRENCY":"HKD","IS_CNY_CODE":0,"DPS_HKD_LY":0.02,"ORG_TYPE":"一般企业","PREMIUM_INCOME":null,"PREMIUM_INCOME_YOY":null,"NET_INTEREST_INCOME":null,"NET_INTEREST_INCOME_YOY":null,"FEE_COMMISSION_INCOME":null,"FEE_COMMISSION_INCOME_YOY":null,"ACCOUNTS_RECE_TDAYS":5.991720559971,"INVENTORY_TDAYS":7.109804927135,"CURRENT_ASSETS_TDAYS":2.276813423626,"TOTAL_ASSETS_TDAYS":0.99875730724,"PREMIUM_EXPENSE":null,"LOAN_DEPOSIT":null,"LOAN_EQUITY":null,"LOAN_ASSETS":null,"DEPOSIT_EQUITY":null,"DEPOSIT_ASSETS":null,"EQUITY_MULTIPLIER":2.252439466229,"EQUITY_RATIO":1.46444264172},{"SECUCODE":"00529.HK","SECURITY_CODE":"00529","SECURITY_NAME_ABBR":"SIS INT\u0027L","ORG_CODE":"10008949","STD_REPORT_DATE":"2022-06-30 00:00:00","REPORT_DATE":"2022-06-30 00:00:00","DATE_TYPE_CODE":"002","REPORT_TYPE":"2022年中报","PER_NETCASH_OPERATE":0.538905071337,"PER_OI":14.709342899015,"BPS":10.023862609987,"BASIC_EPS":-0.02907646,"DILUTED_EPS":-0.02907646,"OPERATE_INCOME":4088707004.69,"OPERATE_INCOME_YOY":-7.7704096061,"GROSS_PROFIT":264960952.13,"GROSS_PROFIT_YOY":2.603185527715,"HOLDER_PROFIT":-8090097.4,"HOLDER_PROFIT_YOY":-138.8166263182,"GROSS_PROFIT_RATIO":6.480311546562,"EPS_TTM":0.236510181116,"OPERATE_INCOME_QOQ":-2.498365986294,"NET_PROFIT_RATIO":0.5584337,"ROE_AVG":-0.285789250367,"GROSS_PROFIT_QOQ":1.204172145044,"ROA":-0.10348842978,"HOLDER_PROFIT_QOQ":-30.144000044135,"ROE_YEARLY":-0.571578500733,"ROIC_YEARLY":-0.245699910674,"TOTAL_ASSETS":7392490695.73,"TOTAL_LIABILITIES":4134393820.06,"TAX_EBT":53.993417538297,"OCF_SALES":3.663692355509,"TOTAL_PARENT_EQUITY":2786299670.14,"DEBT_ASSET_RATIO":55.9269397856,"OPERATE_PROFIT":69309728.74,"PRETAX_PROFIT":49629241.27,"NETCASH_OPERATE":149797645.97,"NETCASH_INVEST":-19963555.36,"NETCASH_FINANCE":-219127899.27,"END_CASH":698165143.34,"DIVI_RATIO":0.076632641836,"DIVIDEND_RATE":1.398601398601,"CURRENT_RATIO":1.037125781948,"COMMON_ACS":350000000,"CURRENTDEBT_DEBT":74.068037184604,"ISSUED_COMMON_SHARES":277966666,"HK_COMMON_SHARES":277966666,"PER_SHARES":2000,"TOTAL_MARKET_CAP":397492332.38,"HKSK_MARKET_CAP":397492332.38,"PE_TTM":3.908094900993,"PB_TTM":0.11825968733,"REPORT_DATE_SQ":"2021-06-30 00:00:00","REPORT_TYPE_SQ":"2021年中报","OPERATE_INCOME_SQ":4313384564.64,"DPS_HKD":0.02,"OPERATE_INCOME_QOQ_SQ":21.109180453858,"NET_PROFIT_RATIO_SQ":1.3118029082,"HOLDER_PROFIT_SQ":20278621.68,"HOLDER_PROFIT_QOQ_SQ":122.430907244814,"ROE_AVG_SQ":0.733257473233,"PE_TTM_SQ":5.761354853836,"PB_TTM_SQ":0.128606616302,"ROA_SQ":0.267300894368,"START_DATE":"2022-01-01 00:00:00","FISCAL_YEAR":"12-31","CURRENCY":"HKD","IS_CNY_CODE":0,"DPS_HKD_LY":0.02,"ORG_TYPE":"一般企业","PREMIUM_INCOME":null,"PREMIUM_INCOME_YOY":null,"NET_INTEREST_INCOME":null,"NET_INTEREST_INCOME_YOY":null,"FEE_COMMISSION_INCOME":null,"FEE_COMMISSION_INCOME_YOY":null,"ACCOUNTS_RECE_TDAYS":3.154775349201,"INVENTORY_TDAYS":3.759978875881,"CURRENT_ASSETS_TDAYS":1.196603843758,"TOTAL_ASSETS_TDAYS":0.523026914048,"PREMIUM_EXPENSE":null,"LOAN_DEPOSIT":null,"LOAN_EQUITY":null,"LOAN_ASSETS":null,"DEPOSIT_EQUITY":null,"DEPOSIT_ASSETS":null,"EQUITY_MULTIPLIER":2.268959757129,"EQUITY_RATIO":1.483829562329},{"SECUCODE":"00529.HK","SECURITY_CODE":"00529","SECURITY_NAME_ABBR":"SIS INT\u0027L","ORG_CODE":"10008949","STD_REPORT_DATE":"2021-12-31 00:00:00","REPORT_DATE":"2021-12-31 00:00:00","DATE_TYPE_CODE":"001","REPORT_TYPE":"2021年年报","PER_NETCASH_OPERATE":-1.519447688019,"PER_OI":32.352729154941,"BPS":9.889313717926,"BASIC_EPS":0.3384864,"DILUTED_EPS":0.3384864,"OPERATE_INCOME":8992980259.2,"OPERATE_INCOME_YOY":45.1831063327,"GROSS_PROFIT":558261368,"GROSS_PROFIT_YOY":5.234058864822,"HOLDER_PROFIT":94110665.6,"HOLDER_PROFIT_YOY":137.1267760092,"GROSS_PROFIT_RATIO":6.207745951948,"EPS_TTM":0.338568170617,"OPERATE_INCOME_QOQ":16.45376503303,"NET_PROFIT_RATIO":1.9212323904,"ROE_AVG":3.45109881486,"GROSS_PROFIT_QOQ":5.135779309619,"ROA":1.227294306307,"HOLDER_PROFIT_QOQ":60.788474009767,"ROE_YEARLY":3.45109881486,"ROIC_YEARLY":1.434631840125,"TOTAL_ASSETS":7880004272,"TOTAL_LIABILITIES":4692255456,"TAX_EBT":22.961302200106,"OCF_SALES":-4.696505450103,"TOTAL_PARENT_EQUITY":2748899563.2,"DEBT_ASSET_RATIO":59.5463567535,"OPERATE_PROFIT":260679496,"PRETAX_PROFIT":224271768,"NETCASH_OPERATE":-422355808,"NETCASH_INVEST":128001820.8,"NETCASH_FINANCE":486395963.2,"END_CASH":798394576,"DIVI_RATIO":0.053532498247,"DIVIDEND_RATE":1.398601398601,"CURRENT_RATIO":1.065250779956,"COMMON_ACS":350000000,"CURRENTDEBT_DEBT":69.964297289103,"ISSUED_COMMON_SHARES":277966666,"HK_COMMON_SHARES":277966666,"PER_SHARES":2000,"TOTAL_MARKET_CAP":397492332.38,"HKSK_MARKET_CAP":397492332.38,"PE_TTM":3.908094900993,"PB_TTM":0.11825968733,"REPORT_DATE_SQ":"2020-12-31 00:00:00","REPORT_TYPE_SQ":"2020年年报","OPERATE_INCOME_SQ":6376363111.88,"DPS_HKD":0.02,"OPERATE_INCOME_QOQ_SQ":5.811160312618,"NET_PROFIT_RATIO_SQ":-3.3506742306,"HOLDER_PROFIT_SQ":-260937857.4,"HOLDER_PROFIT_QOQ_SQ":25.746475821931,"ROE_AVG_SQ":-8.962178384452,"PE_TTM_SQ":5.761354853836,"PB_TTM_SQ":0.128606616302,"ROA_SQ":-3.361013758112,"START_DATE":"2021-01-01 00:00:00","FISCAL_YEAR":"12-31","CURRENCY":"HKD","IS_CNY_CODE":0,"DPS_HKD_LY":null,"ORG_TYPE":"一般企业","PREMIUM_INCOME":null,"PREMIUM_INCOME_YOY":null,"NET_INTEREST_INCOME":null,"NET_INTEREST_INCOME_YOY":null,"FEE_COMMISSION_INCOME":null,"FEE_COMMISSION_INCOME_YOY":null,"ACCOUNTS_RECE_TDAYS":7.401245109795,"INVENTORY_TDAYS":10.207876236228,"CURRENT_ASSETS_TDAYS":2.895093912132,"TOTAL_ASSETS_TDAYS":1.172771799932,"PREMIUM_EXPENSE":null,"LOAN_DEPOSIT":null,"LOAN_EQUITY":null,"LOAN_ASSETS":null,"DEPOSIT_EQUITY":null,"DEPOSIT_ASSETS":null,"EQUITY_MULTIPLIER":2.471965241565,"EQUITY_RATIO":1.706957765506},{"SECUCODE":"00529.HK","SECURITY_CODE":"00529","SECURITY_NAME_ABBR":"SIS INT\u0027L","ORG_CODE":"10008949","STD_REPORT_DATE":"2021-06-30 00:00:00","REPORT_DATE":"2021-06-30 00:00:00","DATE_TYPE_CODE":"002","REPORT_TYPE":"2021年中报","PER_NETCASH_OPERATE":-0.007636297224,"PER_OI":15.51763247986,"BPS":9.994521111103,"BASIC_EPS":0.072973416,"DILUTED_EPS":0.072973416,"OPERATE_INCOME":4313384564.64,"OPERATE_INCOME_YOY":59.5728477392,"GROSS_PROFIT":258238524.24,"GROSS_PROFIT_YOY":0.192401144747,"HOLDER_PROFIT":20278621.68,"HOLDER_PROFIT_YOY":107.4405725067,"GROSS_PROFIT_RATIO":5.986911678522,"EPS_TTM":0.210567438183,"OPERATE_INCOME_QOQ":21.109180453858,"NET_PROFIT_RATIO":1.3118029082,"ROE_AVG":0.733257473233,"GROSS_PROFIT_QOQ":0.09347869569,"ROA":0.267300894368,"HOLDER_PROFIT_QOQ":122.430907244814,"ROE_YEARLY":1.466514946466,"ROIC_YEARLY":0.620444237157,"TOTAL_ASSETS":7584547325.28,"TOTAL_LIABILITIES":4469273088.48,"TAX_EBT":20.400327753717,"OCF_SALES":-0.04921045291,"TOTAL_PARENT_EQUITY":2778143711.52,"DEBT_ASSET_RATIO":58.9260360151,"OPERATE_PROFIT":91340749.92,"PRETAX_PROFIT":71084594.4,"NETCASH_OPERATE":-2155919.28,"NETCASH_INVEST":2777483.04,"NETCASH_FINANCE":69120053.52,"END_CASH":765588487.2,"DIVI_RATIO":0.086074087031,"DIVIDEND_RATE":1.398601398601,"CURRENT_RATIO":0.852797562568,"COMMON_ACS":350000000,"CURRENTDEBT_DEBT":77.641613447706,"ISSUED_COMMON_SHARES":277966666,"HK_COMMON_SHARES":277966666,"PER_SHARES":2000,"TOTAL_MARKET_CAP":397492332.38,"HKSK_MARKET_CAP":397492332.38,"PE_TTM":3.908094900993,"PB_TTM":0.11825968733,"REPORT_DATE_SQ":"2020-06-30 00:00:00","REPORT_TYPE_SQ":"2020年中报","OPERATE_INCOME_SQ":2967386568.96,"DPS_HKD":0.02,"OPERATE_INCOME_QOQ_SQ":4.852884403844,"NET_PROFIT_RATIO_SQ":-9.5282744728,"HOLDER_PROFIT_SQ":-299189964.48,"HOLDER_PROFIT_QOQ_SQ":-597.963109660563,"ROE_AVG_SQ":-9.537521549487,"PE_TTM_SQ":5.761354853836,"PB_TTM_SQ":0.128606616302,"ROA_SQ":-3.584480347638,"START_DATE":"2021-01-01 00:00:00","FISCAL_YEAR":"12-31","CURRENCY":"HKD","IS_CNY_CODE":0,"DPS_HKD_LY":null,"ORG_TYPE":"一般企业","PREMIUM_INCOME":null,"PREMIUM_INCOME_YOY":null,"NET_INTEREST_INCOME":null,"NET_INTEREST_INCOME_YOY":null,"FEE_COMMISSION_INCOME":null,"FEE_COMMISSION_INCOME_YOY":null,"ACCOUNTS_RECE_TDAYS":3.766061869286,"INVENTORY_TDAYS":6.562264359273,"CURRENT_ASSETS_TDAYS":1.50744839196,"TOTAL_ASSETS_TDAYS":0.568565048491,"PREMIUM_EXPENSE":null,"LOAN_DEPOSIT":null,"LOAN_EQUITY":null,"LOAN_ASSETS":null,"DEPOSIT_EQUITY":null,"DEPOSIT_ASSETS":null,"EQUITY_MULTIPLIER":2.434632314445,"EQUITY_RATIO":1.608726384437},{"SECUCODE":"00529.HK","SECURITY_CODE":"00529","SECURITY_NAME_ABBR":"SIS INT\u0027L","ORG_CODE":"10008949","STD_REPORT_DATE":"2020-12-31 00:00:00","REPORT_DATE":"2020-12-31 00:00:00","DATE_TYPE_CODE":"001","REPORT_TYPE":"2020年年报","PER_NETCASH_OPERATE":1.293362189839,"PER_OI":22.939308528023,"BPS":10.017716258107,"BASIC_EPS":-0.9384286,"DILUTED_EPS":-0.9384286,"OPERATE_INCOME":6376363111.88,"OPERATE_INCOME_YOY":18.082857162,"GROSS_PROFIT":530494950.04,"GROSS_PROFIT_YOY":7.156160653603,"HOLDER_PROFIT":-260937857.4,"HOLDER_PROFIT_YOY":-493.5403206357,"GROSS_PROFIT_RATIO":8.319710479656,"EPS_TTM":-0.938737947089,"OPERATE_INCOME_QOQ":5.811160312618,"NET_PROFIT_RATIO":-3.3506742306,"ROE_AVG":-8.962178384452,"GROSS_PROFIT_QOQ":-0.105205103976,"ROA":-3.361013758112,"HOLDER_PROFIT_QOQ":25.746475821931,"ROE_YEARLY":-8.962178384452,"ROIC_YEARLY":-3.822839528778,"TOTAL_ASSETS":7675516932.6,"TOTAL_LIABILITIES":4552126086.32,"TAX_EBT":14.798803798042,"OCF_SALES":5.638191701633,"TOTAL_PARENT_EQUITY":2784591189.2,"DEBT_ASSET_RATIO":59.3070945748,"OPERATE_PROFIT":-202491850.88,"PRETAX_PROFIT":-250760746.52,"NETCASH_OPERATE":359511575.84,"NETCASH_INVEST":-71224626.64,"NETCASH_FINANCE":-194683956.6,"END_CASH":669196380.4,"DIVI_RATIO":-0.019307198624,"DIVIDEND_RATE":1.398601398601,"CURRENT_RATIO":0.884016583471,"COMMON_ACS":350000000,"CURRENTDEBT_DEBT":69.462848132931,"ISSUED_COMMON_SHARES":277966666,"HK_COMMON_SHARES":277966666,"PER_SHARES":2000,"TOTAL_MARKET_CAP":397492332.38,"HKSK_MARKET_CAP":397492332.38,"PE_TTM":3.908094900993,"PB_TTM":0.11825968733,"REPORT_DATE_SQ":"2019-12-31 00:00:00","REPORT_TYPE_SQ":"2019年年报","OPERATE_INCOME_SQ":5747264462.74,"DPS_HKD":0.02,"OPERATE_INCOME_QOQ_SQ":3.128345462099,"NET_PROFIT_RATIO_SQ":1.8892341924,"HOLDER_PROFIT_SQ":70570444.18,"HOLDER_PROFIT_QOQ_SQ":-71.805491087274,"ROE_AVG_SQ":2.208579428793,"PE_TTM_SQ":5.761354853836,"PB_TTM_SQ":0.128606616302,"ROA_SQ":0.890265542228,"START_DATE":"2020-01-01 00:00:00","FISCAL_YEAR":"12-31","CURRENCY":"HKD","IS_CNY_CODE":0,"DPS_HKD_LY":0.02,"ORG_TYPE":"一般企业","PREMIUM_INCOME":null,"PREMIUM_INCOME_YOY":null,"NET_INTEREST_INCOME":null,"NET_INTEREST_INCOME_YOY":null,"FEE_COMMISSION_INCOME":null,"FEE_COMMISSION_INCOME_YOY":null,"ACCOUNTS_RECE_TDAYS":5.862764975318,"INVENTORY_TDAYS":9.344382955509,"CURRENT_ASSETS_TDAYS":2.341218341815,"TOTAL_ASSETS_TDAYS":0.821308351317,"PREMIUM_EXPENSE":null,"LOAN_DEPOSIT":null,"LOAN_EQUITY":null,"LOAN_ASSETS":null,"DEPOSIT_EQUITY":null,"DEPOSIT_ASSETS":null,"EQUITY_MULTIPLIER":2.457430821297,"EQUITY_RATIO":1.634755616543},{"SECUCODE":"00529.HK","SECURITY_CODE":"00529","SECURITY_NAME_ABBR":"SIS INT\u0027L","ORG_CODE":"10008949","STD_REPORT_DATE":"2020-06-30 00:00:00","REPORT_DATE":"2020-06-30 00:00:00","DATE_TYPE_CODE":"002","REPORT_TYPE":"2020年中报","PER_NETCASH_OPERATE":1.111779932346,"PER_OI":10.675332447812,"BPS":10.707198238799,"BASIC_EPS":-1.07603232,"DILUTED_EPS":-1.07603232,"OPERATE_INCOME":2967386568.96,"OPERATE_INCOME_YOY":6.2924414401,"GROSS_PROFIT":257742624.48,"GROSS_PROFIT_YOY":16.227960130299,"HOLDER_PROFIT":-299189964.48,"HOLDER_PROFIT_YOY":-334.6390245999,"GROSS_PROFIT_RATIO":8.685845894704,"EPS_TTM":-1.26423352626,"OPERATE_INCOME_QOQ":4.852884403844,"NET_PROFIT_RATIO":-9.5282744728,"ROE_AVG":-9.537521549487,"GROSS_PROFIT_QOQ":7.2690131304,"ROA":-3.584480347638,"HOLDER_PROFIT_QOQ":-597.963109660563,"ROE_YEARLY":-19.075043098974,"ROIC_YEARLY":-8.1779426972,"TOTAL_ASSETS":8171982260.64,"TOTAL_LIABILITIES":4875190045.44,"TAX_EBT":18.39959507446,"OCF_SALES":10.414475968607,"TOTAL_PARENT_EQUITY":2976244196.64,"DEBT_ASSET_RATIO":59.6573743059,"OPERATE_PROFIT":-317032188,"PRETAX_PROFIT":-346494281.76,"NETCASH_OPERATE":309037761.12,"NETCASH_INVEST":-58384344.48,"NETCASH_FINANCE":-68024790.24,"END_CASH":797239470.72,"DIVI_RATIO":-0.014336275398,"DIVIDEND_RATE":1.398601398601,"CURRENT_RATIO":0.926592662756,"COMMON_ACS":350000000,"CURRENTDEBT_DEBT":64.959896394648,"ISSUED_COMMON_SHARES":277966666,"HK_COMMON_SHARES":277966666,"PER_SHARES":2000,"TOTAL_MARKET_CAP":397492332.38,"HKSK_MARKET_CAP":397492332.38,"PE_TTM":3.908094900993,"PB_TTM":0.11825968733,"REPORT_DATE_SQ":"2019-06-30 00:00:00","REPORT_TYPE_SQ":"2019年中报","OPERATE_INCOME_SQ":2688478468.2,"DPS_HKD":0.02,"OPERATE_INCOME_QOQ_SQ":-0.295079417544,"NET_PROFIT_RATIO_SQ":5.2310823324,"HOLDER_PROFIT_SQ":122795258.04,"HOLDER_PROFIT_QOQ_SQ":0.94159589323,"ROE_AVG_SQ":3.87761649669,"PE_TTM_SQ":5.761354853836,"PB_TTM_SQ":0.128606616302,"ROA_SQ":1.591071743437,"START_DATE":"2020-01-01 00:00:00","FISCAL_YEAR":"12-31","CURRENCY":"HKD","IS_CNY_CODE":0,"DPS_HKD_LY":0.02,"ORG_TYPE":"一般企业","PREMIUM_INCOME":null,"PREMIUM_INCOME_YOY":null,"NET_INTEREST_INCOME":null,"NET_INTEREST_INCOME_YOY":null,"FEE_COMMISSION_INCOME":null,"FEE_COMMISSION_INCOME_YOY":null,"ACCOUNTS_RECE_TDAYS":2.709170536562,"INVENTORY_TDAYS":4.004475040009,"CURRENT_ASSETS_TDAYS":1.021050669645,"TOTAL_ASSETS_TDAYS":0.355511217055,"PREMIUM_EXPENSE":null,"LOAN_DEPOSIT":null,"LOAN_EQUITY":null,"LOAN_ASSETS":null,"DEPOSIT_EQUITY":null,"DEPOSIT_ASSETS":null,"EQUITY_MULTIPLIER":2.478767761877,"EQUITY_RATIO":1.638034288633}],"count":45},"success":true,"message":"ok","code":0}