{"version":"80779f2bbe91a5736b5cf514b8cfb83b","result":{"pages":3,"data":[{"SECUCODE":"00520.HK","SECURITY_CODE":"00520","SECURITY_NAME_ABBR":"呷哺呷哺","ORG_CODE":"10273471","STD_REPORT_DATE":"2024-06-30 00:00:00","REPORT_DATE":"2024-06-30 00:00:00","DATE_TYPE_CODE":"002","REPORT_TYPE":"2024年中报","PER_NETCASH_OPERATE":0.342170624058,"PER_OI":2.204551885435,"BPS":0.828728731659,"BASIC_EPS":-0.2622,"DILUTED_EPS":-0.2622,"OPERATE_INCOME":2394528000,"OPERATE_INCOME_YOY":-15.8669641944,"GROSS_PROFIT":1567032000,"GROSS_PROFIT_YOY":-12.02163089589,"HOLDER_PROFIT":-272820000,"HOLDER_PROFIT_YOY":-11439.1521197007,"GROSS_PROFIT_RATIO":65.442208234775,"EPS_TTM":-0.437031074016,"OPERATE_INCOME_QOQ":-7.630887119586,"NET_PROFIT_RATIO":-11.4288076815,"ROE_AVG":-25.964644799148,"GROSS_PROFIT_QOQ":-5.781605107979,"ROA":-7.102252574085,"HOLDER_PROFIT_QOQ":-137.981410365676,"ROE_YEARLY":-51.929289598296,"ROIC_YEARLY":-15.355254898667,"TOTAL_ASSETS":3566362000,"TOTAL_LIABILITIES":2598465000,"TAX_EBT":-2.496629213483,"OCF_SALES":15.521096433201,"TOTAL_PARENT_EQUITY":900144000,"DEBT_ASSET_RATIO":72.8603826532,"OPERATE_PROFIT":-222426000,"PRETAX_PROFIT":-267000000,"NETCASH_OPERATE":371657000,"NETCASH_INVEST":15667000,"NETCASH_FINANCE":-206505000,"END_CASH":310032000,"DIVI_RATIO":-0.062414834143,"DIVIDEND_RATE":3.236559139785,"CURRENT_RATIO":0.852612894991,"COMMON_ACS":2000000000,"CURRENTDEBT_DEBT":67.234540392116,"ISSUED_COMMON_SHARES":1086174481,"HK_COMMON_SHARES":1086174481,"PER_SHARES":500,"TOTAL_MARKET_CAP":1010142267.33,"HKSK_MARKET_CAP":1010142267.33,"PE_TTM":-1.936477069278,"PB_TTM":1.024210175868,"REPORT_DATE_SQ":"2023-06-30 00:00:00","REPORT_TYPE_SQ":"2023年中报","OPERATE_INCOME_SQ":2846121000,"DPS_HKD":0.0301,"OPERATE_INCOME_QOQ_SQ":14.596978433528,"NET_PROFIT_RATIO_SQ":0.0744873461,"HOLDER_PROFIT_SQ":2406000,"HOLDER_PROFIT_QOQ_SQ":79.858207856067,"ROE_AVG_SQ":0.16653008339,"PE_TTM_SQ":-29.732410125274,"PB_TTM_SQ":1.259023951098,"ROA_SQ":0.055359780475,"START_DATE":"2024-01-01 00:00:00","FISCAL_YEAR":"12-31","CURRENCY":"HKD","IS_CNY_CODE":0,"DPS_HKD_LY":0.0301,"ORG_TYPE":"一般企业","PREMIUM_INCOME":null,"PREMIUM_INCOME_YOY":null,"NET_INTEREST_INCOME":null,"NET_INTEREST_INCOME_YOY":null,"FEE_COMMISSION_INCOME":null,"FEE_COMMISSION_INCOME_YOY":null,"ACCOUNTS_RECE_TDAYS":6.172163853633,"INVENTORY_TDAYS":2.759980588321,"CURRENT_ASSETS_TDAYS":1.580984305555,"TOTAL_ASSETS_TDAYS":0.623361287725,"PREMIUM_EXPENSE":null,"LOAN_DEPOSIT":null,"LOAN_EQUITY":null,"LOAN_ASSETS":null,"DEPOSIT_EQUITY":null,"DEPOSIT_ASSETS":null,"EQUITY_MULTIPLIER":3.684650329522,"EQUITY_RATIO":2.8867214579},{"SECUCODE":"00520.HK","SECURITY_CODE":"00520","SECURITY_NAME_ABBR":"呷哺呷哺","ORG_CODE":"10273471","STD_REPORT_DATE":"2023-12-31 00:00:00","REPORT_DATE":"2023-12-31 00:00:00","DATE_TYPE_CODE":"001","REPORT_TYPE":"2023年年报","PER_NETCASH_OPERATE":1.044800830669,"PER_OI":5.448445073531,"BPS":1.106018435357,"BASIC_EPS":-0.1916,"DILUTED_EPS":-0.1916,"OPERATE_INCOME":5917962000,"OPERATE_INCOME_YOY":25.2522734132,"GROSS_PROFIT":3703539000,"GROSS_PROFIT_YOY":26.575088808399,"HOLDER_PROFIT":-199466000,"HOLDER_PROFIT_YOY":43.502373588,"GROSS_PROFIT_RATIO":62.581324449194,"EPS_TTM":-0.183640845453,"OPERATE_INCOME_QOQ":9.298059272877,"NET_PROFIT_RATIO":-3.2856750348,"ROE_AVG":-15.002113439823,"GROSS_PROFIT_QOQ":10.153693046962,"ROA":-4.734306155801,"HOLDER_PROFIT_QOQ":-180.49950078047,"ROE_YEARLY":-15.002113439823,"ROIC_YEARLY":-5.072785904661,"TOTAL_ASSETS":4116271000,"TOTAL_LIABILITIES":2846343000,"TAX_EBT":-56.337688442211,"OCF_SALES":19.176128538845,"TOTAL_PARENT_EQUITY":1201329000,"DEBT_ASSET_RATIO":69.1485813252,"OPERATE_PROFIT":-51945000,"PRETAX_PROFIT":-124375000,"NETCASH_OPERATE":1134836000,"NETCASH_INVEST":-794304000,"NETCASH_FINANCE":-509552000,"END_CASH":129366000,"DIVI_RATIO":-0.148535702571,"DIVIDEND_RATE":2.529411764706,"CURRENT_RATIO":0.816843121702,"COMMON_ACS":2000000000,"CURRENTDEBT_DEBT":66.218477534155,"ISSUED_COMMON_SHARES":1086174481,"HK_COMMON_SHARES":1086174481,"PER_SHARES":500,"TOTAL_MARKET_CAP":1292547632.39,"HKSK_MARKET_CAP":1292547632.39,"PE_TTM":-2.477857755312,"PB_TTM":1.310548504606,"REPORT_DATE_SQ":"2022-12-31 00:00:00","REPORT_TYPE_SQ":"2022年年报","OPERATE_INCOME_SQ":4724834000,"DPS_HKD":0.0301,"OPERATE_INCOME_QOQ_SQ":-10.119749429787,"NET_PROFIT_RATIO_SQ":-7.0095161015,"HOLDER_PROFIT_SQ":-353052000,"HOLDER_PROFIT_QOQ_SQ":32.472371305176,"ROE_AVG_SQ":-20.601552591431,"PE_TTM_SQ":-43.277174737899,"PB_TTM_SQ":1.832579306599,"ROA_SQ":-7.624128388688,"START_DATE":"2023-01-01 00:00:00","FISCAL_YEAR":"12-31","CURRENCY":"HKD","IS_CNY_CODE":0,"DPS_HKD_LY":0.0613,"ORG_TYPE":"一般企业","PREMIUM_INCOME":null,"PREMIUM_INCOME_YOY":null,"NET_INTEREST_INCOME":null,"NET_INTEREST_INCOME_YOY":null,"FEE_COMMISSION_INCOME":null,"FEE_COMMISSION_INCOME_YOY":null,"ACCOUNTS_RECE_TDAYS":17.955036271348,"INVENTORY_TDAYS":4.613246696971,"CURRENT_ASSETS_TDAYS":3.853548585596,"TOTAL_ASSETS_TDAYS":1.404622538498,"PREMIUM_EXPENSE":null,"LOAN_DEPOSIT":null,"LOAN_EQUITY":null,"LOAN_ASSETS":null,"DEPOSIT_EQUITY":null,"DEPOSIT_ASSETS":null,"EQUITY_MULTIPLIER":3.241342028841,"EQUITY_RATIO":2.369328468721},{"SECUCODE":"00520.HK","SECURITY_CODE":"00520","SECURITY_NAME_ABBR":"呷哺呷哺","ORG_CODE":"10273471","STD_REPORT_DATE":"2023-06-30 00:00:00","REPORT_DATE":"2023-06-30 00:00:00","DATE_TYPE_CODE":"002","REPORT_TYPE":"2023年中报","PER_NETCASH_OPERATE":0.501203084332,"PER_OI":2.620316578769,"BPS":1.318135368713,"BASIC_EPS":0.0023,"DILUTED_EPS":0.0023,"OPERATE_INCOME":2846121000,"OPERATE_INCOME_YOY":31.9825100467,"GROSS_PROFIT":1781156000,"GROSS_PROFIT_YOY":32.431696955007,"HOLDER_PROFIT":2406000,"HOLDER_PROFIT_YOY":100.8607151162,"GROSS_PROFIT_RATIO":62.581878985468,"EPS_TTM":-0.065469223632,"OPERATE_INCOME_QOQ":14.596978433528,"NET_PROFIT_RATIO":0.0744873461,"ROE_AVG":0.16653008339,"GROSS_PROFIT_QOQ":14.907712403647,"ROA":0.055359780475,"HOLDER_PROFIT_QOQ":79.858207856067,"ROE_YEARLY":0.333060166779,"ROIC_YEARLY":0.118977123112,"TOTAL_ASSETS":4382093000,"TOTAL_LIABILITIES":2887076000,"TAX_EBT":69.877806194942,"OCF_SALES":19.12757749934,"TOTAL_PARENT_EQUITY":1431725000,"DEBT_ASSET_RATIO":65.8834944854,"OPERATE_PROFIT":50584000,"PRETAX_PROFIT":7038000,"NETCASH_OPERATE":544394000,"NETCASH_INVEST":-446882000,"NETCASH_FINANCE":-223981000,"END_CASH":175705000,"DIVI_RATIO":-0.416641904192,"DIVIDEND_RATE":2.529411764706,"CURRENT_RATIO":0.888258446613,"COMMON_ACS":2000000000,"CURRENTDEBT_DEBT":66.063484300379,"ISSUED_COMMON_SHARES":1086174481,"HK_COMMON_SHARES":1086174481,"PER_SHARES":500,"TOTAL_MARKET_CAP":1292547632.39,"HKSK_MARKET_CAP":1292547632.39,"PE_TTM":-2.477857755312,"PB_TTM":1.310548504606,"REPORT_DATE_SQ":"2022-06-30 00:00:00","REPORT_TYPE_SQ":"2022年中报","OPERATE_INCOME_SQ":2156438000,"DPS_HKD":0.0301,"OPERATE_INCOME_QOQ_SQ":-14.485343230856,"NET_PROFIT_RATIO_SQ":-12.8986319106,"HOLDER_PROFIT_SQ":-279535000,"HOLDER_PROFIT_QOQ_SQ":-78.309891818889,"ROE_AVG_SQ":-15.601349752419,"PE_TTM_SQ":-43.277174737899,"PB_TTM_SQ":1.832579306599,"ROA_SQ":-5.99766881887,"START_DATE":"2023-01-01 00:00:00","FISCAL_YEAR":"12-31","CURRENCY":"HKD","IS_CNY_CODE":0,"DPS_HKD_LY":0.0613,"ORG_TYPE":"一般企业","PREMIUM_INCOME":null,"PREMIUM_INCOME_YOY":null,"NET_INTEREST_INCOME":null,"NET_INTEREST_INCOME_YOY":null,"FEE_COMMISSION_INCOME":null,"FEE_COMMISSION_INCOME_YOY":null,"ACCOUNTS_RECE_TDAYS":9.38990018294,"INVENTORY_TDAYS":1.830121350485,"CURRENT_ASSETS_TDAYS":1.764476570688,"TOTAL_ASSETS_TDAYS":0.654865476999,"PREMIUM_EXPENSE":null,"LOAN_DEPOSIT":null,"LOAN_EQUITY":null,"LOAN_ASSETS":null,"DEPOSIT_EQUITY":null,"DEPOSIT_ASSETS":null,"EQUITY_MULTIPLIER":2.931132555684,"EQUITY_RATIO":2.016501772338},{"SECUCODE":"00520.HK","SECURITY_CODE":"00520","SECURITY_NAME_ABBR":"呷哺呷哺","ORG_CODE":"10273471","STD_REPORT_DATE":"2022-12-31 00:00:00","REPORT_DATE":"2022-12-31 00:00:00","DATE_TYPE_CODE":"001","REPORT_TYPE":"2022年年报","PER_NETCASH_OPERATE":0.811673460776,"PER_OI":4.349976990483,"BPS":1.342181229168,"BASIC_EPS":-0.3342,"DILUTED_EPS":-0.3342,"OPERATE_INCOME":4724834000,"OPERATE_INCOME_YOY":-23.1392122216,"GROSS_PROFIT":2925962000,"GROSS_PROFIT_YOY":-23.120931347099,"HOLDER_PROFIT":-353052000,"HOLDER_PROFIT_YOY":-20.4084416736,"GROSS_PROFIT_RATIO":61.92729733997,"EPS_TTM":-0.325041700183,"OPERATE_INCOME_QOQ":-10.119749429787,"NET_PROFIT_RATIO":-7.0095161015,"ROE_AVG":-20.601552591431,"GROSS_PROFIT_QOQ":-9.659852267549,"ROA":-7.624128388688,"HOLDER_PROFIT_QOQ":32.472371305176,"ROE_YEARLY":-20.601552591431,"ROIC_YEARLY":-8.898704307599,"TOTAL_ASSETS":4310138000,"TOTAL_LIABILITIES":2788717000,"TAX_EBT":5.626967957029,"OCF_SALES":18.659258716814,"TOTAL_PARENT_EQUITY":1457843000,"DEBT_ASSET_RATIO":64.7013390291,"OPERATE_PROFIT":-272341000,"PRETAX_PROFIT":-350935000,"NETCASH_OPERATE":881619000,"NETCASH_INVEST":-774060000,"NETCASH_FINANCE":-731800000,"END_CASH":300706000,"DIVI_RATIO":-0.083919146327,"DIVIDEND_RATE":2.529411764706,"CURRENT_RATIO":0.863230114677,"COMMON_ACS":2000000000,"CURRENTDEBT_DEBT":63.633204803499,"ISSUED_COMMON_SHARES":1086174481,"HK_COMMON_SHARES":1086174481,"PER_SHARES":500,"TOTAL_MARKET_CAP":1292547632.39,"HKSK_MARKET_CAP":1292547632.39,"PE_TTM":-2.477857755312,"PB_TTM":1.310548504606,"REPORT_DATE_SQ":"2021-12-31 00:00:00","REPORT_TYPE_SQ":"2021年年报","OPERATE_INCOME_SQ":6147262000,"DPS_HKD":0.0301,"OPERATE_INCOME_QOQ_SQ":-6.580256707182,"NET_PROFIT_RATIO_SQ":-4.6058391525,"HOLDER_PROFIT_SQ":-293212000,"HOLDER_PROFIT_QOQ_SQ":-241.745545253266,"ROE_AVG_SQ":-13.674440382906,"PE_TTM_SQ":-43.277174737899,"PB_TTM_SQ":1.832579306599,"ROA_SQ":-5.464634758072,"START_DATE":"2022-01-01 00:00:00","FISCAL_YEAR":"12-31","CURRENCY":"HKD","IS_CNY_CODE":0,"DPS_HKD_LY":0.063605,"ORG_TYPE":"一般企业","PREMIUM_INCOME":null,"PREMIUM_INCOME_YOY":null,"NET_INTEREST_INCOME":null,"NET_INTEREST_INCOME_YOY":null,"FEE_COMMISSION_INCOME":null,"FEE_COMMISSION_INCOME_YOY":null,"ACCOUNTS_RECE_TDAYS":14.323473283889,"INVENTORY_TDAYS":2.964893427654,"CURRENT_ASSETS_TDAYS":2.67830271836,"TOTAL_ASSETS_TDAYS":1.020323947499,"PREMIUM_EXPENSE":null,"LOAN_DEPOSIT":null,"LOAN_EQUITY":null,"LOAN_ASSETS":null,"DEPOSIT_EQUITY":null,"DEPOSIT_ASSETS":null,"EQUITY_MULTIPLIER":2.832968652336,"EQUITY_RATIO":1.912906259453},{"SECUCODE":"00520.HK","SECURITY_CODE":"00520","SECURITY_NAME_ABBR":"呷哺呷哺","ORG_CODE":"10273471","STD_REPORT_DATE":"2022-06-30 00:00:00","REPORT_DATE":"2022-06-30 00:00:00","DATE_TYPE_CODE":"002","REPORT_TYPE":"2022年中报","PER_NETCASH_OPERATE":0.35369556175,"PER_OI":1.985377696826,"BPS":1.485842310081,"BASIC_EPS":-0.2612,"DILUTED_EPS":-0.2612,"OPERATE_INCOME":2156438000,"OPERATE_INCOME_YOY":-29.2249474054,"GROSS_PROFIT":1344962000,"GROSS_PROFIT_YOY":-29.659080092591,"HOLDER_PROFIT":-279535000,"HOLDER_PROFIT_YOY":-459.954728471,"GROSS_PROFIT_RATIO":62.369611368377,"EPS_TTM":-0.481352619329,"OPERATE_INCOME_QOQ":-14.485343230856,"NET_PROFIT_RATIO":-12.8986319106,"ROE_AVG":-15.601349752419,"GROSS_PROFIT_QOQ":-14.900439524868,"ROA":-5.99766881887,"HOLDER_PROFIT_QOQ":-78.309891818889,"ROE_YEARLY":-31.202699504838,"ROIC_YEARLY":-13.845727877099,"TOTAL_ASSETS":4370154000,"TOTAL_LIABILITIES":2713172000,"TAX_EBT":8.189172863834,"OCF_SALES":17.81502644639,"TOTAL_PARENT_EQUITY":1613884000,"DEBT_ASSET_RATIO":62.0841279278,"OPERATE_PROFIT":-183281000,"PRETAX_PROFIT":-302961000,"NETCASH_OPERATE":384170000,"NETCASH_INVEST":-666342000,"NETCASH_FINANCE":-399500000,"END_CASH":240406000,"DIVI_RATIO":-0.056667858249,"DIVIDEND_RATE":2.529411764706,"CURRENT_RATIO":1.006366232791,"COMMON_ACS":2000000000,"CURRENTDEBT_DEBT":61.814363409323,"ISSUED_COMMON_SHARES":1086174481,"HK_COMMON_SHARES":1086174481,"PER_SHARES":500,"TOTAL_MARKET_CAP":1292547632.39,"HKSK_MARKET_CAP":1292547632.39,"PE_TTM":-2.477857755312,"PB_TTM":1.310548504606,"REPORT_DATE_SQ":"2021-06-30 00:00:00","REPORT_TYPE_SQ":"2021年中报","OPERATE_INCOME_SQ":3046890000,"DPS_HKD":0.0301,"OPERATE_INCOME_QOQ_SQ":20.622608036375,"NET_PROFIT_RATIO_SQ":-1.5403247246,"HOLDER_PROFIT_SQ":-49921000,"HOLDER_PROFIT_QOQ_SQ":11160.6423516603,"ROE_AVG_SQ":-2.190884444352,"PE_TTM_SQ":-43.277174737899,"PB_TTM_SQ":1.832579306599,"ROA_SQ":-0.903204538801,"START_DATE":"2022-01-01 00:00:00","FISCAL_YEAR":"12-31","CURRENCY":"HKD","IS_CNY_CODE":0,"DPS_HKD_LY":0.063605,"ORG_TYPE":"一般企业","PREMIUM_INCOME":null,"PREMIUM_INCOME_YOY":null,"NET_INTEREST_INCOME":null,"NET_INTEREST_INCOME_YOY":null,"FEE_COMMISSION_INCOME":null,"FEE_COMMISSION_INCOME_YOY":null,"ACCOUNTS_RECE_TDAYS":5.753508500443,"INVENTORY_TDAYS":1.504190169368,"CURRENT_ASSETS_TDAYS":1.170643658094,"TOTAL_ASSETS_TDAYS":0.462682703505,"PREMIUM_EXPENSE":null,"LOAN_DEPOSIT":null,"LOAN_EQUITY":null,"LOAN_ASSETS":null,"DEPOSIT_EQUITY":null,"DEPOSIT_ASSETS":null,"EQUITY_MULTIPLIER":2.637417907983,"EQUITY_RATIO":1.681144369732},{"SECUCODE":"00520.HK","SECURITY_CODE":"00520","SECURITY_NAME_ABBR":"呷哺呷哺","ORG_CODE":"10273471","STD_REPORT_DATE":"2021-12-31 00:00:00","REPORT_DATE":"2021-12-31 00:00:00","DATE_TYPE_CODE":"001","REPORT_TYPE":"2021年年报","PER_NETCASH_OPERATE":0.965593890132,"PER_OI":5.660996502019,"BPS":1.813325606938,"BASIC_EPS":-0.2728,"DILUTED_EPS":-0.2728,"OPERATE_INCOME":6147262000,"OPERATE_INCOME_YOY":12.6853307807,"GROSS_PROFIT":3805928000,"GROSS_PROFIT_YOY":14.461349316121,"HOLDER_PROFIT":-293212000,"HOLDER_PROFIT_YOY":-16061.4589003811,"GROSS_PROFIT_RATIO":61.912571808392,"EPS_TTM":-0.270018116415,"OPERATE_INCOME_QOQ":-6.580256707182,"NET_PROFIT_RATIO":-4.6058391525,"ROE_AVG":-13.674440382906,"GROSS_PROFIT_QOQ":-6.706338058896,"ROA":-5.464634758072,"HOLDER_PROFIT_QOQ":-241.745545253266,"ROE_YEARLY":-13.674440382906,"ROIC_YEARLY":-6.779156288531,"TOTAL_ASSETS":4951301000,"TOTAL_LIABILITIES":2939999000,"TAX_EBT":-32.52002078136,"OCF_SALES":17.056959667572,"TOTAL_PARENT_EQUITY":1969588000,"DEBT_ASSET_RATIO":59.3783128919,"OPERATE_PROFIT":80476000,"PRETAX_PROFIT":-213653000,"NETCASH_OPERATE":1048536000,"NETCASH_INVEST":-539314000,"NETCASH_FINANCE":-683305000,"END_CASH":920533000,"DIVI_RATIO":-0.101019969927,"DIVIDEND_RATE":2.529411764706,"CURRENT_RATIO":1.129249849821,"COMMON_ACS":2000000000,"CURRENTDEBT_DEBT":60.132197323877,"ISSUED_COMMON_SHARES":1086174481,"HK_COMMON_SHARES":1086174481,"PER_SHARES":500,"TOTAL_MARKET_CAP":1292547632.39,"HKSK_MARKET_CAP":1292547632.39,"PE_TTM":-2.477857755312,"PB_TTM":1.310548504606,"REPORT_DATE_SQ":"2020-12-31 00:00:00","REPORT_TYPE_SQ":"2020年年报","OPERATE_INCOME_SQ":5455246000,"DPS_HKD":0.0301,"OPERATE_INCOME_QOQ_SQ":3.239550755044,"NET_PROFIT_RATIO_SQ":0.2105312941,"HOLDER_PROFIT_SQ":1837000,"HOLDER_PROFIT_QOQ_SQ":101.403554346663,"ROE_AVG_SQ":0.078264713244,"PE_TTM_SQ":-43.277174737899,"PB_TTM_SQ":1.832579306599,"ROA_SQ":0.032211563162,"START_DATE":"2021-01-01 00:00:00","FISCAL_YEAR":"12-31","CURRENCY":"HKD","IS_CNY_CODE":0,"DPS_HKD_LY":0.06727,"ORG_TYPE":"一般企业","PREMIUM_INCOME":null,"PREMIUM_INCOME_YOY":null,"NET_INTEREST_INCOME":null,"NET_INTEREST_INCOME_YOY":null,"FEE_COMMISSION_INCOME":null,"FEE_COMMISSION_INCOME_YOY":null,"ACCOUNTS_RECE_TDAYS":15.631844679945,"INVENTORY_TDAYS":3.63030445397,"CURRENT_ASSETS_TDAYS":2.917574325681,"TOTAL_ASSETS_TDAYS":1.145674174051,"PREMIUM_EXPENSE":null,"LOAN_DEPOSIT":null,"LOAN_EQUITY":null,"LOAN_ASSETS":null,"DEPOSIT_EQUITY":null,"DEPOSIT_ASSETS":null,"EQUITY_MULTIPLIER":2.461739211714,"EQUITY_RATIO":1.492697457539},{"SECUCODE":"00520.HK","SECURITY_CODE":"00520","SECURITY_NAME_ABBR":"呷哺呷哺","ORG_CODE":"10273471","STD_REPORT_DATE":"2021-06-30 00:00:00","REPORT_DATE":"2021-06-30 00:00:00","DATE_TYPE_CODE":"002","REPORT_TYPE":"2021年中报","PER_NETCASH_OPERATE":0.567911080721,"PER_OI":2.806984183182,"BPS":2.060695624095,"BASIC_EPS":-0.0464,"DILUTED_EPS":-0.0464,"OPERATE_INCOME":3046890000,"OPERATE_INCOME_YOY":58.5372833627,"GROSS_PROFIT":1912062000,"GROSS_PROFIT_YOY":65.171104632329,"HOLDER_PROFIT":-49921000,"HOLDER_PROFIT_YOY":80.4186834653,"GROSS_PROFIT_RATIO":62.754546439156,"EPS_TTM":0.190570428918,"OPERATE_INCOME_QOQ":20.622608036375,"NET_PROFIT_RATIO":-1.5403247246,"ROE_AVG":-2.190884444352,"GROSS_PROFIT_QOQ":22.689309149833,"ROA":-0.903204538801,"HOLDER_PROFIT_QOQ":11160.6423516603,"ROE_YEARLY":-4.381768888704,"ROIC_YEARLY":-2.115904260217,"TOTAL_ASSETS":5274240000,"TOTAL_LIABILITIES":3001341000,"TAX_EBT":12.875918912898,"OCF_SALES":20.232072703642,"TOTAL_PARENT_EQUITY":2238275000,"DEBT_ASSET_RATIO":56.9056584456,"OPERATE_PROFIT":202503000,"PRETAX_PROFIT":-53868000,"NETCASH_OPERATE":616449000,"NETCASH_INVEST":-928870000,"NETCASH_FINANCE":-318961000,"END_CASH":463671000,"DIVI_RATIO":0.143134599397,"DIVIDEND_RATE":2.529411764706,"CURRENT_RATIO":1.193489588784,"COMMON_ACS":2000000000,"CURRENTDEBT_DEBT":58.895706952326,"ISSUED_COMMON_SHARES":1086174481,"HK_COMMON_SHARES":1086174481,"PER_SHARES":500,"TOTAL_MARKET_CAP":1292547632.39,"HKSK_MARKET_CAP":1292547632.39,"PE_TTM":-2.477857755312,"PB_TTM":1.310548504606,"REPORT_DATE_SQ":"2020-06-30 00:00:00","REPORT_TYPE_SQ":"2020年中报","OPERATE_INCOME_SQ":1921876000,"DPS_HKD":0.0301,"OPERATE_INCOME_QOQ_SQ":-12.372808248926,"NET_PROFIT_RATIO_SQ":-12.6815740534,"HOLDER_PROFIT_SQ":-254942000,"HOLDER_PROFIT_QOQ_SQ":-145.429364803888,"ROE_AVG_SQ":-11.451762512774,"PE_TTM_SQ":-43.277174737899,"PB_TTM_SQ":1.832579306599,"ROA_SQ":-4.602291415514,"START_DATE":"2021-01-01 00:00:00","FISCAL_YEAR":"12-31","CURRENCY":"HKD","IS_CNY_CODE":0,"DPS_HKD_LY":0.06727,"ORG_TYPE":"一般企业","PREMIUM_INCOME":null,"PREMIUM_INCOME_YOY":null,"NET_INTEREST_INCOME":null,"NET_INTEREST_INCOME_YOY":null,"FEE_COMMISSION_INCOME":null,"FEE_COMMISSION_INCOME_YOY":null,"ACCOUNTS_RECE_TDAYS":7.891299702803,"INVENTORY_TDAYS":1.860070365572,"CURRENT_ASSETS_TDAYS":1.40823256504,"TOTAL_ASSETS_TDAYS":0.551263972522,"PREMIUM_EXPENSE":null,"LOAN_DEPOSIT":null,"LOAN_EQUITY":null,"LOAN_ASSETS":null,"DEPOSIT_EQUITY":null,"DEPOSIT_ASSETS":null,"EQUITY_MULTIPLIER":2.320490263757,"EQUITY_RATIO":1.340917000815},{"SECUCODE":"00520.HK","SECURITY_CODE":"00520","SECURITY_NAME_ABBR":"呷哺呷哺","ORG_CODE":"10273471","STD_REPORT_DATE":"2020-12-31 00:00:00","REPORT_DATE":"2020-12-31 00:00:00","DATE_TYPE_CODE":"001","REPORT_TYPE":"2020年年报","PER_NETCASH_OPERATE":1.172002966379,"PER_OI":5.033490258918,"BPS":2.134905616513,"BASIC_EPS":0.0017,"DILUTED_EPS":0.0017,"OPERATE_INCOME":5455246000,"OPERATE_INCOME_YOY":-9.5340808969,"GROSS_PROFIT":3325077000,"GROSS_PROFIT_YOY":-12.615528793896,"HOLDER_PROFIT":1837000,"HOLDER_PROFIT_YOY":-99.3623741756,"GROSS_PROFIT_RATIO":60.95191674216,"EPS_TTM":0.001694977936,"OPERATE_INCOME_QOQ":3.239550755044,"NET_PROFIT_RATIO":0.2105312941,"ROE_AVG":0.078264713244,"GROSS_PROFIT_QOQ":1.023887570461,"ROA":0.032211563162,"HOLDER_PROFIT_QOQ":101.403554346663,"ROE_YEARLY":0.078264713244,"ROIC_YEARLY":0.038711813309,"TOTAL_ASSETS":5779956000,"TOTAL_LIABILITIES":3439788000,"TAX_EBT":82.903374666925,"OCF_SALES":23.284101211934,"TOTAL_PARENT_EQUITY":2318880000,"DEBT_ASSET_RATIO":59.5123561494,"OPERATE_PROFIT":738254000,"PRETAX_PROFIT":67177000,"NETCASH_OPERATE":1270205000,"NETCASH_INVEST":-373822000,"NETCASH_FINANCE":-565944000,"END_CASH":1097324000,"DIVI_RATIO":16.092965825762,"DIVIDEND_RATE":2.529411764706,"CURRENT_RATIO":1.120660701787,"COMMON_ACS":2000000000,"CURRENTDEBT_DEBT":57.526946428094,"ISSUED_COMMON_SHARES":1086174481,"HK_COMMON_SHARES":1086174481,"PER_SHARES":500,"TOTAL_MARKET_CAP":1292547632.39,"HKSK_MARKET_CAP":1292547632.39,"PE_TTM":-2.477857755312,"PB_TTM":1.310548504606,"REPORT_DATE_SQ":"2019-12-31 00:00:00","REPORT_TYPE_SQ":"2019年年报","OPERATE_INCOME_SQ":6030167000,"DPS_HKD":0.0301,"OPERATE_INCOME_QOQ_SQ":13.401697179592,"NET_PROFIT_RATIO_SQ":4.8197338482,"HOLDER_PROFIT_SQ":288100000,"HOLDER_PROFIT_QOQ_SQ":-30.937769680698,"ROE_AVG_SQ":12.480278906726,"PE_TTM_SQ":-43.277174737899,"PB_TTM_SQ":1.832579306599,"ROA_SQ":6.489321900774,"START_DATE":"2020-01-01 00:00:00","FISCAL_YEAR":"12-31","CURRENCY":"HKD","IS_CNY_CODE":0,"DPS_HKD_LY":0.0823,"ORG_TYPE":"一般企业","PREMIUM_INCOME":null,"PREMIUM_INCOME_YOY":null,"NET_INTEREST_INCOME":null,"NET_INTEREST_INCOME_YOY":null,"FEE_COMMISSION_INCOME":null,"FEE_COMMISSION_INCOME_YOY":null,"ACCOUNTS_RECE_TDAYS":14.167814151593,"INVENTORY_TDAYS":3.037254026894,"CURRENT_ASSETS_TDAYS":2.582850974325,"TOTAL_ASSETS_TDAYS":0.956570501327,"PREMIUM_EXPENSE":null,"LOAN_DEPOSIT":null,"LOAN_EQUITY":null,"LOAN_ASSETS":null,"DEPOSIT_EQUITY":null,"DEPOSIT_ASSETS":null,"EQUITY_MULTIPLIER":2.469889341277,"EQUITY_RATIO":1.483383357483},{"SECUCODE":"00520.HK","SECURITY_CODE":"00520","SECURITY_NAME_ABBR":"呷哺呷哺","ORG_CODE":"10273471","STD_REPORT_DATE":"2020-06-30 00:00:00","REPORT_DATE":"2020-06-30 00:00:00","DATE_TYPE_CODE":"002","REPORT_TYPE":"2020年中报","PER_NETCASH_OPERATE":0.341403135302,"PER_OI":1.776957616498,"BPS":1.912220399514,"BASIC_EPS":-0.2384,"DILUTED_EPS":-0.2384,"OPERATE_INCOME":1921876000,"OPERATE_INCOME_YOY":-27.2890832109,"GROSS_PROFIT":1157625000,"GROSS_PROFIT_YOY":-33.37206832784,"HOLDER_PROFIT":-254942000,"HOLDER_PROFIT_YOY":-255.4145330407,"GROSS_PROFIT_RATIO":61.556075238825,"EPS_TTM":-0.121012888845,"OPERATE_INCOME_QOQ":-12.372808248926,"NET_PROFIT_RATIO":-12.6815740534,"ROE_AVG":-11.451762512774,"GROSS_PROFIT_QOQ":-13.50117946594,"ROA":-4.602291415514,"HOLDER_PROFIT_QOQ":-145.429364803888,"ROE_YEARLY":-22.903525025548,"ROIC_YEARLY":-10.183281857781,"TOTAL_ASSETS":5453030000,"TOTAL_LIABILITIES":3361793000,"TAX_EBT":19.182868774944,"OCF_SALES":18.574088149528,"TOTAL_PARENT_EQUITY":2077005000,"DEBT_ASSET_RATIO":61.6500000917,"OPERATE_PROFIT":-31178000,"PRETAX_PROFIT":-311945000,"NETCASH_OPERATE":369246000,"NETCASH_INVEST":-867779000,"NETCASH_FINANCE":-34516000,"END_CASH":253958000,"DIVI_RATIO":-0.225407576501,"DIVIDEND_RATE":2.529411764706,"CURRENT_RATIO":1.075579397938,"COMMON_ACS":2000000000,"CURRENTDEBT_DEBT":56.192424697178,"ISSUED_COMMON_SHARES":1086174481,"HK_COMMON_SHARES":1086174481,"PER_SHARES":500,"TOTAL_MARKET_CAP":1292547632.39,"HKSK_MARKET_CAP":1292547632.39,"PE_TTM":-2.477857755312,"PB_TTM":1.310548504606,"REPORT_DATE_SQ":"2019-06-30 00:00:00","REPORT_TYPE_SQ":"2019年中报","OPERATE_INCOME_SQ":2734064000,"DPS_HKD":0.0301,"OPERATE_INCOME_QOQ_SQ":12.324422062999,"NET_PROFIT_RATIO_SQ":5.9792716812,"HOLDER_PROFIT_SQ":164040000,"HOLDER_PROFIT_QOQ_SQ":-9.798952598826,"ROE_AVG_SQ":7.200569935382,"PE_TTM_SQ":-43.277174737899,"PB_TTM_SQ":1.832579306599,"ROA_SQ":3.901299779238,"START_DATE":"2020-01-01 00:00:00","FISCAL_YEAR":"12-31","CURRENCY":"HKD","IS_CNY_CODE":0,"DPS_HKD_LY":0.0823,"ORG_TYPE":"一般企业","PREMIUM_INCOME":null,"PREMIUM_INCOME_YOY":null,"NET_INTEREST_INCOME":null,"NET_INTEREST_INCOME_YOY":null,"FEE_COMMISSION_INCOME":null,"FEE_COMMISSION_INCOME_YOY":null,"ACCOUNTS_RECE_TDAYS":5.260880693211,"INVENTORY_TDAYS":1.185890060338,"CURRENT_ASSETS_TDAYS":0.984509533776,"TOTAL_ASSETS_TDAYS":0.35887319662,"PREMIUM_EXPENSE":null,"LOAN_DEPOSIT":null,"LOAN_EQUITY":null,"LOAN_ASSETS":null,"DEPOSIT_EQUITY":null,"DEPOSIT_ASSETS":null,"EQUITY_MULTIPLIER":2.607561935831,"EQUITY_RATIO":1.618577230194}],"count":25},"success":true,"message":"ok","code":0}