{"version":"26493f6134007fdcc31b569d21ca9353","result":{"pages":9,"data":[{"SECUCODE":"00525.HK","SECURITY_CODE":"00525","SECURITY_NAME_ABBR":"广深铁路股份","ORG_CODE":"10024810","STD_REPORT_DATE":"2024-09-30 00:00:00","REPORT_DATE":"2024-09-30 00:00:00","DATE_TYPE_CODE":"004","REPORT_TYPE":"2024年三季报","PER_NETCASH_OPERATE":0.30546455916,"PER_OI":2.827686379418,"BPS":3.843591318715,"BASIC_EPS":0.171,"DILUTED_EPS":0.171,"OPERATE_INCOME":20030021093,"OPERATE_INCOME_YOY":4.438597718,"GROSS_PROFIT":1851523764,"GROSS_PROFIT_YOY":21.858670417606,"HOLDER_PROFIT":1209219720,"HOLDER_PROFIT_YOY":18.6719883636,"GROSS_PROFIT_RATIO":9.243743455902,"EPS_TTM":0.176260677964,"OPERATE_INCOME_QOQ":1.148457967598,"NET_PROFIT_RATIO":6.0364042573,"ROE_AVG":4.510658421262,"GROSS_PROFIT_QOQ":-2.335800023233,"ROA":3.260155794152,"HOLDER_PROFIT_QOQ":-3.44326912558,"ROE_YEARLY":6.014211228349,"ROIC_YEARLY":3.433044364619,"TOTAL_ASSETS":36946765780,"TOTAL_LIABILITIES":9759050894,"TAX_EBT":28.15147278363,"OCF_SALES":10.802632193713,"TOTAL_PARENT_EQUITY":27226221319,"DEBT_ASSET_RATIO":26.413816441,"OPERATE_PROFIT":1728805173,"PRETAX_PROFIT":1682836229,"NETCASH_OPERATE":2163769507,"NETCASH_INVEST":-968909302,"NETCASH_FINANCE":-347644581,"END_CASH":2329734398,"DIVI_RATIO":0.395165104348,"DIVIDEND_RATE":3.713043478261,"CURRENT_RATIO":1.469077639611,"COMMON_ACS":null,"CURRENTDEBT_DEBT":70.256631351471,"ISSUED_COMMON_SHARES":7083537000,"HK_COMMON_SHARES":1431300000,"PER_SHARES":2000,"TOTAL_MARKET_CAP":14662921590,"HKSK_MARKET_CAP":2962791000,"PE_TTM":10.48631661605,"PB_TTM":0.485666957075,"REPORT_DATE_SQ":"2023-09-30 00:00:00","REPORT_TYPE_SQ":"2023年三季报","OPERATE_INCOME_SQ":19178753383,"DPS_HKD":0.07686,"OPERATE_INCOME_QOQ_SQ":4.593205914605,"NET_PROFIT_RATIO_SQ":5.3157613722,"HOLDER_PROFIT_SQ":1018959686,"HOLDER_PROFIT_QOQ_SQ":103.306209555979,"ROE_AVG_SQ":3.94469247267,"PE_TTM_SQ":-477.256968093224,"PB_TTM_SQ":0.391887730835,"ROA_SQ":2.753928428438,"START_DATE":"2024-01-01 00:00:00","FISCAL_YEAR":"12-31","CURRENCY":"HKD","IS_CNY_CODE":0,"DPS_HKD_LY":0.07686,"ORG_TYPE":"一般企业","PREMIUM_INCOME":null,"PREMIUM_INCOME_YOY":null,"NET_INTEREST_INCOME":null,"NET_INTEREST_INCOME_YOY":null,"FEE_COMMISSION_INCOME":null,"FEE_COMMISSION_INCOME_YOY":null,"ACCOUNTS_RECE_TDAYS":3.060875155533,"INVENTORY_TDAYS":59.6962438488,"CURRENT_ASSETS_TDAYS":2.122854870627,"TOTAL_ASSETS_TDAYS":0.540025838508,"PREMIUM_EXPENSE":null,"LOAN_DEPOSIT":null,"LOAN_EQUITY":null,"LOAN_ASSETS":null,"DEPOSIT_EQUITY":null,"DEPOSIT_ASSETS":null,"EQUITY_MULTIPLIER":1.358950759008,"EQUITY_RATIO":0.358443089831},{"SECUCODE":"00525.HK","SECURITY_CODE":"00525","SECURITY_NAME_ABBR":"广深铁路股份","ORG_CODE":"10024810","STD_REPORT_DATE":"2024-06-30 00:00:00","REPORT_DATE":"2024-06-30 00:00:00","DATE_TYPE_CODE":"002","REPORT_TYPE":"2024年中报","PER_NETCASH_OPERATE":0.156752218842,"PER_OI":1.824613936512,"BPS":3.79923368721,"BASIC_EPS":0.1288,"DILUTED_EPS":0.1288,"OPERATE_INCOME":12924720330,"OPERATE_INCOME_YOY":4.3954516057,"GROSS_PROFIT":1376374508,"GROSS_PROFIT_YOY":36.915449902902,"HOLDER_PROFIT":912281244,"HOLDER_PROFIT_YOY":34.6546094936,"GROSS_PROFIT_RATIO":10.649162789273,"EPS_TTM":0.182546236153,"OPERATE_INCOME_QOQ":0.337531743664,"NET_PROFIT_RATIO":7.0525693301,"ROE_AVG":3.423072269601,"GROSS_PROFIT_QOQ":12.149058531021,"ROA":2.440948173462,"HOLDER_PROFIT_QOQ":7.749759563281,"ROE_YEARLY":6.846144539201,"ROIC_YEARLY":5.155691200583,"TOTAL_ASSETS":37513156357,"TOTAL_LIABILITIES":10640280104,"TAX_EBT":28.435789642887,"OCF_SALES":8.590980026258,"TOTAL_PARENT_EQUITY":26912012395,"DEBT_ASSET_RATIO":28.3641291144,"OPERATE_PROFIT":1299598542,"PRETAX_PROFIT":1273716090,"NETCASH_OPERATE":1110360142,"NETCASH_INVEST":-402953135,"NETCASH_FINANCE":374218028,"END_CASH":2564088371,"DIVI_RATIO":0.381558506315,"DIVIDEND_RATE":3.509589041096,"CURRENT_RATIO":1.315462776156,"COMMON_ACS":null,"CURRENTDEBT_DEBT":72.648218190178,"ISSUED_COMMON_SHARES":7083537000,"HK_COMMON_SHARES":1431300000,"PER_SHARES":2000,"TOTAL_MARKET_CAP":15512946030,"HKSK_MARKET_CAP":3134547000,"PE_TTM":11.094219028574,"PB_TTM":0.513821563282,"REPORT_DATE_SQ":"2023-06-30 00:00:00","REPORT_TYPE_SQ":"2023年中报","OPERATE_INCOME_SQ":12380539699,"DPS_HKD":0.07686,"OPERATE_INCOME_QOQ_SQ":8.25822957135,"NET_PROFIT_RATIO_SQ":5.4797690569,"HOLDER_PROFIT_SQ":677497226,"HOLDER_PROFIT_QOQ_SQ":53.670825903364,"ROE_AVG_SQ":2.64120777996,"PE_TTM_SQ":-441.237574274867,"PB_TTM_SQ":0.362311298319,"ROA_SQ":1.833420097561,"START_DATE":"2024-01-01 00:00:00","FISCAL_YEAR":"12-31","CURRENCY":"HKD","IS_CNY_CODE":0,"DPS_HKD_LY":0.07686,"ORG_TYPE":"一般企业","PREMIUM_INCOME":null,"PREMIUM_INCOME_YOY":null,"NET_INTEREST_INCOME":null,"NET_INTEREST_INCOME_YOY":null,"FEE_COMMISSION_INCOME":null,"FEE_COMMISSION_INCOME_YOY":null,"ACCOUNTS_RECE_TDAYS":1.985748836134,"INVENTORY_TDAYS":40.288494668285,"CURRENT_ASSETS_TDAYS":1.362880344107,"TOTAL_ASSETS_TDAYS":0.345820685118,"PREMIUM_EXPENSE":null,"LOAN_DEPOSIT":null,"LOAN_EQUITY":null,"LOAN_ASSETS":null,"DEPOSIT_EQUITY":null,"DEPOSIT_ASSETS":null,"EQUITY_MULTIPLIER":1.395948688328,"EQUITY_RATIO":0.395372889542},{"SECUCODE":"00525.HK","SECURITY_CODE":"00525","SECURITY_NAME_ABBR":"广深铁路股份","ORG_CODE":"10024810","STD_REPORT_DATE":"2024-03-31 00:00:00","REPORT_DATE":"2024-03-31 00:00:00","DATE_TYPE_CODE":"003","REPORT_TYPE":"2024年一季报","PER_NETCASH_OPERATE":0.127055642965,"PER_OI":0.931791886737,"BPS":3.811547115657,"BASIC_EPS":0.077,"DILUTED_EPS":0.077,"OPERATE_INCOME":6600382306,"OPERATE_INCOME_YOY":7.3905012095,"GROSS_PROFIT":804977753,"GROSS_PROFIT_YOY":30.963600365207,"HOLDER_PROFIT":546940436,"HOLDER_PROFIT_YOY":34.9940262464,"GROSS_PROFIT_RATIO":12.195926170341,"EPS_TTM":0.169416838509,"OPERATE_INCOME_QOQ":1.734045156427,"NET_PROFIT_RATIO":8.2949087586,"ROE_AVG":2.048883480636,"GROSS_PROFIT_QOQ":14.665900955918,"ROA":1.462867974643,"HOLDER_PROFIT_QOQ":13.397233080945,"ROE_YEARLY":8.195533922544,"ROIC_YEARLY":6.179094374518,"TOTAL_ASSETS":37541511049,"TOTAL_LIABILITIES":10580100535,"TAX_EBT":28.117655248726,"OCF_SALES":13.63562451802,"TOTAL_PARENT_EQUITY":26999235021,"DEBT_ASSET_RATIO":28.1824045953,"OPERATE_PROFIT":766993070,"PRETAX_PROFIT":761655302,"NETCASH_OPERATE":900003348,"NETCASH_INVEST":-224465859,"NETCASH_FINANCE":390035694,"END_CASH":2617982772,"DIVI_RATIO":0.411128373148,"DIVIDEND_RATE":3.509589041096,"CURRENT_RATIO":1.264286495043,"COMMON_ACS":null,"CURRENTDEBT_DEBT":72.466716546186,"ISSUED_COMMON_SHARES":7083537000,"HK_COMMON_SHARES":1431300000,"PER_SHARES":2000,"TOTAL_MARKET_CAP":15512946030,"HKSK_MARKET_CAP":3134547000,"PE_TTM":11.094219028574,"PB_TTM":0.513821563282,"REPORT_DATE_SQ":"2023-03-31 00:00:00","REPORT_TYPE_SQ":"2023年一季报","OPERATE_INCOME_SQ":6146150946,"DPS_HKD":0.07686,"OPERATE_INCOME_QOQ_SQ":5.753916196963,"NET_PROFIT_RATIO_SQ":6.5973504485,"HOLDER_PROFIT_SQ":405158992,"HOLDER_PROFIT_QOQ_SQ":40.283958308789,"ROE_AVG_SQ":1.588409966739,"PE_TTM_SQ":-441.237574274867,"PB_TTM_SQ":0.362311298319,"ROA_SQ":1.091245622743,"START_DATE":"2024-01-01 00:00:00","FISCAL_YEAR":"12-31","CURRENCY":"HKD","IS_CNY_CODE":0,"DPS_HKD_LY":0.07686,"ORG_TYPE":"一般企业","PREMIUM_INCOME":null,"PREMIUM_INCOME_YOY":null,"NET_INTEREST_INCOME":null,"NET_INTEREST_INCOME_YOY":null,"FEE_COMMISSION_INCOME":null,"FEE_COMMISSION_INCOME_YOY":null,"ACCOUNTS_RECE_TDAYS":1.055063120775,"INVENTORY_TDAYS":18.17725526161,"CURRENT_ASSETS_TDAYS":0.713877878494,"TOTAL_ASSETS_TDAYS":0.176536369599,"PREMIUM_EXPENSE":null,"LOAN_DEPOSIT":null,"LOAN_EQUITY":null,"LOAN_ASSETS":null,"DEPOSIT_EQUITY":null,"DEPOSIT_ASSETS":null,"EQUITY_MULTIPLIER":1.392416432721,"EQUITY_RATIO":0.391866677955},{"SECUCODE":"00525.HK","SECURITY_CODE":"00525","SECURITY_NAME_ABBR":"广深铁路股份","ORG_CODE":"10024810","STD_REPORT_DATE":"2023-12-31 00:00:00","REPORT_DATE":"2023-12-31 00:00:00","DATE_TYPE_CODE":"001","REPORT_TYPE":"2023年年报","PER_NETCASH_OPERATE":0.157599939126,"PER_OI":3.697996918771,"BPS":3.725523844938,"BASIC_EPS":0.15,"DILUTED_EPS":0.15,"OPERATE_INCOME":26194898000,"OPERATE_INCOME_YOY":31.3460021671,"GROSS_PROFIT":1297705000,"GROSS_PROFIT_YOY":149.411458753756,"HOLDER_PROFIT":1058289000,"HOLDER_PROFIT_YOY":153.0559768182,"GROSS_PROFIT_RATIO":4.954037232747,"EPS_TTM":0.149401210158,"OPERATE_INCOME_QOQ":9.687213649555,"NET_PROFIT_RATIO":4.0347322597,"ROE_AVG":4.09557879164,"GROSS_PROFIT_QOQ":2640.78067828242,"ROA":2.849599826723,"HOLDER_PROFIT_QOQ":5700.4056544321,"ROE_YEARLY":4.09557879164,"ROIC_YEARLY":2.957411035964,"TOTAL_ASSETS":37234946966,"TOTAL_LIABILITIES":10882951167,"TAX_EBT":27.439831495233,"OCF_SALES":4.261765020043,"TOTAL_PARENT_EQUITY":26389885558,"DEBT_ASSET_RATIO":29.2277889041,"OPERATE_PROFIT":1538460000,"PRETAX_PROFIT":1456576000,"NETCASH_OPERATE":1116365000,"NETCASH_INVEST":-822840000,"NETCASH_FINANCE":-110697000,"END_CASH":1482463000,"DIVI_RATIO":0.466208199561,"DIVIDEND_RATE":3.509589041096,"CURRENT_RATIO":1.096735675638,"COMMON_ACS":null,"CURRENTDEBT_DEBT":73.71383592463,"ISSUED_COMMON_SHARES":7083537000,"HK_COMMON_SHARES":1431300000,"PER_SHARES":2000,"TOTAL_MARKET_CAP":15512946030,"HKSK_MARKET_CAP":3134547000,"PE_TTM":11.094219028574,"PB_TTM":0.513821563282,"REPORT_DATE_SQ":"2022-12-31 00:00:00","REPORT_TYPE_SQ":"2022年年报","OPERATE_INCOME_SQ":19943430000,"DPS_HKD":0.07686,"OPERATE_INCOME_QOQ_SQ":-2.712307226647,"NET_PROFIT_RATIO_SQ":-9.9965101289,"HOLDER_PROFIT_SQ":-1994665000,"HOLDER_PROFIT_QOQ_SQ":-16.525388492046,"ROE_AVG_SQ":-7.594146347406,"PE_TTM_SQ":-441.237574274867,"PB_TTM_SQ":0.362311298319,"ROA_SQ":-5.35877604235,"START_DATE":"2023-01-01 00:00:00","FISCAL_YEAR":"12-31","CURRENCY":"HKD","IS_CNY_CODE":0,"DPS_HKD_LY":null,"ORG_TYPE":"一般企业","PREMIUM_INCOME":null,"PREMIUM_INCOME_YOY":null,"NET_INTEREST_INCOME":null,"NET_INTEREST_INCOME_YOY":null,"FEE_COMMISSION_INCOME":null,"FEE_COMMISSION_INCOME_YOY":null,"ACCOUNTS_RECE_TDAYS":4.808235789344,"INVENTORY_TDAYS":67.464076410973,"CURRENT_ASSETS_TDAYS":3.322622932771,"TOTAL_ASSETS_TDAYS":0.705336413795,"PREMIUM_EXPENSE":null,"LOAN_DEPOSIT":null,"LOAN_EQUITY":null,"LOAN_ASSETS":null,"DEPOSIT_EQUITY":null,"DEPOSIT_ASSETS":null,"EQUITY_MULTIPLIER":1.412983972826,"EQUITY_RATIO":0.412390995144},{"SECUCODE":"00525.HK","SECURITY_CODE":"00525","SECURITY_NAME_ABBR":"广深铁路股份","ORG_CODE":"10024810","STD_REPORT_DATE":"2023-09-30 00:00:00","REPORT_DATE":"2023-09-30 00:00:00","DATE_TYPE_CODE":"004","REPORT_TYPE":"2023年三季报","PER_NETCASH_OPERATE":0.117345182075,"PER_OI":2.707510863994,"BPS":3.723085938141,"BASIC_EPS":0.144,"DILUTED_EPS":0.144,"OPERATE_INCOME":19178753383,"OPERATE_INCOME_YOY":25.8387897209,"GROSS_PROFIT":1519402565,"GROSS_PROFIT_YOY":231.633266118842,"HOLDER_PROFIT":1018959686,"HOLDER_PROFIT_YOY":202.5161503029,"GROSS_PROFIT_RATIO":7.922321824873,"EPS_TTM":0.002575702788,"OPERATE_INCOME_QOQ":4.593205914605,"NET_PROFIT_RATIO":5.3157613722,"ROE_AVG":3.94469247267,"GROSS_PROFIT_QOQ":106.911421477253,"ROA":2.753928428438,"HOLDER_PROFIT_QOQ":103.306209555979,"ROE_YEARLY":5.25958996356,"ROIC_YEARLY":2.856452804312,"TOTAL_ASSETS":36959071904,"TOTAL_LIABILITIES":10622412860,"TAX_EBT":27.900257775537,"OCF_SALES":4.334061356338,"TOTAL_PARENT_EQUITY":26372616997,"DEBT_ASSET_RATIO":28.7410162452,"OPERATE_PROFIT":1449879351,"PRETAX_PROFIT":1414008889,"NETCASH_OPERATE":831218939,"NETCASH_INVEST":-829228667,"NETCASH_FINANCE":-32408014,"END_CASH":1491691124,"DIVI_RATIO":27.041966768738,"DIVIDEND_RATE":3.509589041096,"CURRENT_RATIO":1.057603226703,"COMMON_ACS":null,"CURRENTDEBT_DEBT":72.95300148972,"ISSUED_COMMON_SHARES":7083537000,"HK_COMMON_SHARES":1431300000,"PER_SHARES":2000,"TOTAL_MARKET_CAP":15512946030,"HKSK_MARKET_CAP":3134547000,"PE_TTM":11.094219028574,"PB_TTM":0.513821563282,"REPORT_DATE_SQ":"2022-09-30 00:00:00","REPORT_TYPE_SQ":"2022年三季报","OPERATE_INCOME_SQ":15240732548,"DPS_HKD":0.07686,"OPERATE_INCOME_QOQ_SQ":2.346478348308,"NET_PROFIT_RATIO_SQ":-6.5157468309,"HOLDER_PROFIT_SQ":-993950400,"HOLDER_PROFIT_QOQ_SQ":1.775111793569,"ROE_AVG_SQ":-3.710522695164,"PE_TTM_SQ":-441.237574274867,"PB_TTM_SQ":0.362311298319,"ROA_SQ":-2.657421194685,"START_DATE":"2023-01-01 00:00:00","FISCAL_YEAR":"12-31","CURRENCY":"HKD","IS_CNY_CODE":0,"DPS_HKD_LY":null,"ORG_TYPE":"一般企业","PREMIUM_INCOME":null,"PREMIUM_INCOME_YOY":null,"NET_INTEREST_INCOME":null,"NET_INTEREST_INCOME_YOY":null,"FEE_COMMISSION_INCOME":null,"FEE_COMMISSION_INCOME_YOY":null,"ACCOUNTS_RECE_TDAYS":3.582341481659,"INVENTORY_TDAYS":63.540902970833,"CURRENT_ASSETS_TDAYS":2.529330875029,"TOTAL_ASSETS_TDAYS":0.518341548632,"PREMIUM_EXPENSE":null,"LOAN_DEPOSIT":null,"LOAN_EQUITY":null,"LOAN_ASSETS":null,"DEPOSIT_EQUITY":null,"DEPOSIT_ASSETS":null,"EQUITY_MULTIPLIER":1.403331828926,"EQUITY_RATIO":0.402781902957},{"SECUCODE":"00525.HK","SECURITY_CODE":"00525","SECURITY_NAME_ABBR":"广深铁路股份","ORG_CODE":"10024810","STD_REPORT_DATE":"2023-06-30 00:00:00","REPORT_DATE":"2023-06-30 00:00:00","DATE_TYPE_CODE":"002","REPORT_TYPE":"2023年中报","PER_NETCASH_OPERATE":0.114523436526,"PER_OI":1.747790644561,"BPS":3.672228153816,"BASIC_EPS":0.0956,"DILUTED_EPS":0.0956,"OPERATE_INCOME":12380539699,"OPERATE_INCOME_YOY":30.441314926,"GROSS_PROFIT":1005273334,"GROSS_PROFIT_YOY":197.687271359758,"HOLDER_PROFIT":677497226,"HOLDER_PROFIT_YOY":188.5240910724,"GROSS_PROFIT_RATIO":7.367869252876,"EPS_TTM":-0.077905007061,"OPERATE_INCOME_QOQ":8.25822957135,"NET_PROFIT_RATIO":5.4797690569,"ROE_AVG":2.64120777996,"GROSS_PROFIT_QOQ":55.756133611125,"ROA":1.833420097561,"HOLDER_PROFIT_QOQ":53.670825903364,"ROE_YEARLY":5.282415559921,"ROIC_YEARLY":3.819424047471,"TOTAL_ASSETS":36863890000,"TOTAL_LIABILITIES":10887093000,"TAX_EBT":28.224729596553,"OCF_SALES":6.552468632224,"TOTAL_PARENT_EQUITY":26012364000,"DEBT_ASSET_RATIO":29.5332180082,"OPERATE_PROFIT":981212955,"PRETAX_PROFIT":945207624,"NETCASH_OPERATE":811230621,"NETCASH_INVEST":-363019008,"NETCASH_FINANCE":-22946153,"END_CASH":1724900764,"DIVI_RATIO":-0.894064089433,"DIVIDEND_RATE":3.509589041096,"CURRENT_RATIO":0.964175768935,"COMMON_ACS":null,"CURRENTDEBT_DEBT":73.380782179412,"ISSUED_COMMON_SHARES":7083537000,"HK_COMMON_SHARES":1431300000,"PER_SHARES":2000,"TOTAL_MARKET_CAP":15512946030,"HKSK_MARKET_CAP":3134547000,"PE_TTM":11.094219028574,"PB_TTM":0.513821563282,"REPORT_DATE_SQ":"2022-06-30 00:00:00","REPORT_TYPE_SQ":"2022年中报","OPERATE_INCOME_SQ":9491272000,"DPS_HKD":0.07686,"OPERATE_INCOME_QOQ_SQ":-3.662948066203,"NET_PROFIT_RATIO_SQ":-8.0627970624,"HOLDER_PROFIT_SQ":-765325000,"HOLDER_PROFIT_QOQ_SQ":-36.35057546784,"ROE_AVG_SQ":-2.845781827731,"PE_TTM_SQ":-441.237574274867,"PB_TTM_SQ":0.362311298319,"ROA_SQ":-2.055772110882,"START_DATE":"2023-01-01 00:00:00","FISCAL_YEAR":"12-31","CURRENCY":"HKD","IS_CNY_CODE":0,"DPS_HKD_LY":null,"ORG_TYPE":"一般企业","PREMIUM_INCOME":null,"PREMIUM_INCOME_YOY":null,"NET_INTEREST_INCOME":null,"NET_INTEREST_INCOME_YOY":null,"FEE_COMMISSION_INCOME":null,"FEE_COMMISSION_INCOME_YOY":null,"ACCOUNTS_RECE_TDAYS":2.481250579752,"INVENTORY_TDAYS":44.787076668333,"CURRENT_ASSETS_TDAYS":1.687623822975,"TOTAL_ASSETS_TDAYS":0.335038101344,"PREMIUM_EXPENSE":null,"LOAN_DEPOSIT":null,"LOAN_EQUITY":null,"LOAN_ASSETS":null,"DEPOSIT_EQUITY":null,"DEPOSIT_ASSETS":null,"EQUITY_MULTIPLIER":1.419108368133,"EQUITY_RATIO":0.418535316513},{"SECUCODE":"00525.HK","SECURITY_CODE":"00525","SECURITY_NAME_ABBR":"广深铁路股份","ORG_CODE":"10024810","STD_REPORT_DATE":"2023-03-31 00:00:00","REPORT_DATE":"2023-03-31 00:00:00","DATE_TYPE_CODE":"003","REPORT_TYPE":"2023年一季报","PER_NETCASH_OPERATE":0.014352885006,"PER_OI":0.867666950282,"BPS":3.631620008196,"BASIC_EPS":0.057,"DILUTED_EPS":0.057,"OPERATE_INCOME":6146150946,"OPERATE_INCOME_YOY":22.9568886983,"GROSS_PROFIT":614657623,"GROSS_PROFIT_YOY":232.67713258426,"HOLDER_PROFIT":405158992,"HOLDER_PROFIT_YOY":201.7039309021,"GROSS_PROFIT_RATIO":10.000691951766,"EPS_TTM":-0.168155397932,"OPERATE_INCOME_QOQ":5.753916196963,"NET_PROFIT_RATIO":6.5973504485,"ROE_AVG":1.588409966739,"GROSS_PROFIT_QOQ":41.043330602013,"ROA":1.091245622743,"HOLDER_PROFIT_QOQ":40.283958308789,"ROE_YEARLY":6.353639866954,"ROIC_YEARLY":4.547073911731,"TOTAL_ASSETS":37214865410,"TOTAL_LIABILITIES":11526321618,"TAX_EBT":28.342810807947,"OCF_SALES":1.654192890693,"TOTAL_PARENT_EQUITY":25724714698,"DEBT_ASSET_RATIO":30.9723587363,"OPERATE_PROFIT":582494713,"PRETAX_PROFIT":565865228,"NETCASH_OPERATE":101669192,"NETCASH_INVEST":-301844032,"NETCASH_FINANCE":488555278,"END_CASH":1809923877,"DIVI_RATIO":-0.414212508529,"DIVIDEND_RATE":3.509589041096,"CURRENT_RATIO":0.949169303522,"COMMON_ACS":null,"CURRENTDEBT_DEBT":70.560107131656,"ISSUED_COMMON_SHARES":7083537000,"HK_COMMON_SHARES":1431300000,"PER_SHARES":2000,"TOTAL_MARKET_CAP":15512946030,"HKSK_MARKET_CAP":3134547000,"PE_TTM":11.094219028574,"PB_TTM":0.513821563282,"REPORT_DATE_SQ":"2022-03-31 00:00:00","REPORT_TYPE_SQ":"2022年一季报","OPERATE_INCOME_SQ":4998622697,"DPS_HKD":0.07686,"OPERATE_INCOME_QOQ_SQ":2.894454818895,"NET_PROFIT_RATIO_SQ":-7.9650503576,"HOLDER_PROFIT_SQ":-398371025,"HOLDER_PROFIT_QOQ_SQ":-31.342396767507,"ROE_AVG_SQ":-1.472188382076,"PE_TTM_SQ":-441.237574274867,"PB_TTM_SQ":0.362311298319,"ROA_SQ":-1.074767231226,"START_DATE":"2023-01-01 00:00:00","FISCAL_YEAR":"12-31","CURRENCY":"HKD","IS_CNY_CODE":0,"DPS_HKD_LY":null,"ORG_TYPE":"一般企业","PREMIUM_INCOME":null,"PREMIUM_INCOME_YOY":null,"NET_INTEREST_INCOME":null,"NET_INTEREST_INCOME_YOY":null,"FEE_COMMISSION_INCOME":null,"FEE_COMMISSION_INCOME_YOY":null,"ACCOUNTS_RECE_TDAYS":1.232032431195,"INVENTORY_TDAYS":22.516278708084,"CURRENT_ASSETS_TDAYS":0.836842766957,"TOTAL_ASSETS_TDAYS":0.165538972329,"PREMIUM_EXPENSE":null,"LOAN_DEPOSIT":null,"LOAN_EQUITY":null,"LOAN_ASSETS":null,"DEPOSIT_EQUITY":null,"DEPOSIT_ASSETS":null,"EQUITY_MULTIPLIER":1.448695017956,"EQUITY_RATIO":0.448064118623},{"SECUCODE":"00525.HK","SECURITY_CODE":"00525","SECURITY_NAME_ABBR":"广深铁路股份","ORG_CODE":"10024810","STD_REPORT_DATE":"2022-12-31 00:00:00","REPORT_DATE":"2022-12-31 00:00:00","DATE_TYPE_CODE":"001","REPORT_TYPE":"2022年年报","PER_NETCASH_OPERATE":-0.027309661826,"PER_OI":2.815462106007,"BPS":3.570207369567,"BASIC_EPS":-0.28,"DILUTED_EPS":-0.28,"OPERATE_INCOME":19943430000,"OPERATE_INCOME_YOY":-1.3002323995,"GROSS_PROFIT":-2626324000,"GROSS_PROFIT_YOY":-91.914708601117,"HOLDER_PROFIT":-1994665000,"HOLDER_PROFIT_YOY":-104.9764725589,"GROSS_PROFIT_RATIO":-13.168868143544,"EPS_TTM":-0.281591668117,"OPERATE_INCOME_QOQ":-2.712307226647,"NET_PROFIT_RATIO":-9.9965101289,"ROE_AVG":-7.594146347406,"GROSS_PROFIT_QOQ":-10.11600562563,"ROA":-5.35877604235,"HOLDER_PROFIT_QOQ":-16.525388492046,"ROE_YEARLY":-7.594146347406,"ROIC_YEARLY":-5.567047446425,"TOTAL_ASSETS":37041376000,"TOTAL_LIABILITIES":11788175000,"TAX_EBT":22.720660145989,"OCF_SALES":-0.969988612791,"TOTAL_PARENT_EQUITY":25289696000,"DEBT_ASSET_RATIO":31.8243442144,"OPERATE_PROFIT":-2552035000,"PRETAX_PROFIT":-2579793000,"NETCASH_OPERATE":-193449000,"NETCASH_INVEST":-1425870000,"NETCASH_FINANCE":1419492000,"END_CASH":1299635000,"DIVI_RATIO":-0.247351314283,"DIVIDEND_RATE":3.509589041096,"CURRENT_RATIO":0.78417736417,"COMMON_ACS":null,"CURRENTDEBT_DEBT":75.392772842276,"ISSUED_COMMON_SHARES":7083537000,"HK_COMMON_SHARES":1431300000,"PER_SHARES":2000,"TOTAL_MARKET_CAP":15512946030,"HKSK_MARKET_CAP":3134547000,"PE_TTM":11.094219028574,"PB_TTM":0.513821563282,"REPORT_DATE_SQ":"2021-12-31 00:00:00","REPORT_TYPE_SQ":"2021年年报","OPERATE_INCOME_SQ":20206157000,"DPS_HKD":0.07686,"OPERATE_INCOME_QOQ_SQ":2.319308416867,"NET_PROFIT_RATIO_SQ":-4.8201298248,"HOLDER_PROFIT_SQ":-973119000,"HOLDER_PROFIT_QOQ_SQ":-420.50115692862,"ROE_AVG_SQ":-3.510860427767,"PE_TTM_SQ":-441.237574274867,"PB_TTM_SQ":0.362311298319,"ROA_SQ":-2.623532405122,"START_DATE":"2022-01-01 00:00:00","FISCAL_YEAR":"12-31","CURRENCY":"HKD","IS_CNY_CODE":0,"DPS_HKD_LY":null,"ORG_TYPE":"一般企业","PREMIUM_INCOME":null,"PREMIUM_INCOME_YOY":null,"NET_INTEREST_INCOME":null,"NET_INTEREST_INCOME_YOY":null,"FEE_COMMISSION_INCOME":null,"FEE_COMMISSION_INCOME_YOY":null,"ACCOUNTS_RECE_TDAYS":4.406186246668,"INVENTORY_TDAYS":84.494837410244,"CURRENT_ASSETS_TDAYS":2.910422277217,"TOTAL_ASSETS_TDAYS":0.535791097183,"PREMIUM_EXPENSE":null,"LOAN_DEPOSIT":null,"LOAN_EQUITY":null,"LOAN_ASSETS":null,"DEPOSIT_EQUITY":null,"DEPOSIT_ASSETS":null,"EQUITY_MULTIPLIER":1.466799238639,"EQUITY_RATIO":0.466125611},{"SECUCODE":"00525.HK","SECURITY_CODE":"00525","SECURITY_NAME_ABBR":"广深铁路股份","ORG_CODE":"10024810","STD_REPORT_DATE":"2022-09-30 00:00:00","REPORT_DATE":"2022-09-30 00:00:00","DATE_TYPE_CODE":"004","REPORT_TYPE":"2022年三季报","PER_NETCASH_OPERATE":-0.111121064096,"PER_OI":2.151570966312,"BPS":3.717455667416,"BASIC_EPS":-0.14,"DILUTED_EPS":-0.14,"OPERATE_INCOME":15240732548,"OPERATE_INCOME_YOY":1.9620784505,"GROSS_PROFIT":-1154269441,"GROSS_PROFIT_YOY":-738.234583591535,"HOLDER_PROFIT":-993950400,"HOLDER_PROFIT_YOY":-289.3513805424,"GROSS_PROFIT_RATIO":-7.573582420429,"EPS_TTM":-0.241656922806,"OPERATE_INCOME_QOQ":2.346478348308,"NET_PROFIT_RATIO":-6.5157468309,"ROE_AVG":-3.710522695164,"GROSS_PROFIT_QOQ":-0.06536643264,"ROA":-2.657421194685,"HOLDER_PROFIT_QOQ":1.775111793569,"ROE_YEARLY":-4.947363593553,"ROIC_YEARLY":-2.747274094218,"TOTAL_ASSETS":37402213026,"TOTAL_LIABILITIES":11106088580,"TAX_EBT":22.146466320789,"OCF_SALES":-5.164647870573,"TOTAL_PARENT_EQUITY":26332734766,"DEBT_ASSET_RATIO":29.6936669824,"OPERATE_PROFIT":-1241713316,"PRETAX_PROFIT":-1275533044,"NETCASH_OPERATE":-787130169,"NETCASH_INVEST":-442787576,"NETCASH_FINANCE":693656250,"END_CASH":1183200806,"DIVI_RATIO":-0.288227079909,"DIVIDEND_RATE":3.509589041096,"CURRENT_RATIO":0.864049402346,"COMMON_ACS":null,"CURRENTDEBT_DEBT":74.503548088935,"ISSUED_COMMON_SHARES":7083537000,"HK_COMMON_SHARES":1431300000,"PER_SHARES":2000,"TOTAL_MARKET_CAP":15512946030,"HKSK_MARKET_CAP":3134547000,"PE_TTM":11.094219028574,"PB_TTM":0.513821563282,"REPORT_DATE_SQ":"2021-09-30 00:00:00","REPORT_TYPE_SQ":"2021年三季报","OPERATE_INCOME_SQ":14947451817,"DPS_HKD":0.07686,"OPERATE_INCOME_QOQ_SQ":6.399053821126,"NET_PROFIT_RATIO_SQ":-1.7134751738,"HOLDER_PROFIT_SQ":-255283646,"HOLDER_PROFIT_QOQ_SQ":402.822232710652,"ROE_AVG_SQ":-0.908338250141,"PE_TTM_SQ":-441.237574274867,"PB_TTM_SQ":0.362311298319,"ROA_SQ":-0.687649214921,"START_DATE":"2022-01-01 00:00:00","FISCAL_YEAR":"12-31","CURRENCY":"HKD","IS_CNY_CODE":0,"DPS_HKD_LY":null,"ORG_TYPE":"一般企业","PREMIUM_INCOME":null,"PREMIUM_INCOME_YOY":null,"NET_INTEREST_INCOME":null,"NET_INTEREST_INCOME_YOY":null,"FEE_COMMISSION_INCOME":null,"FEE_COMMISSION_INCOME_YOY":null,"ACCOUNTS_RECE_TDAYS":3.093967733629,"INVENTORY_TDAYS":61.532226370905,"CURRENT_ASSETS_TDAYS":2.195275527216,"TOTAL_ASSETS_TDAYS":0.407475520867,"PREMIUM_EXPENSE":null,"LOAN_DEPOSIT":null,"LOAN_EQUITY":null,"LOAN_ASSETS":null,"DEPOSIT_EQUITY":null,"DEPOSIT_ASSETS":null,"EQUITY_MULTIPLIER":1.422346973707,"EQUITY_RATIO":0.421759786011}],"count":79},"success":true,"message":"ok","code":0}