{"version":"d4a1a6863fe26022185f042e7d2b40f6","result":{"pages":7,"data":[{"SECUCODE":"00535.HK","SECURITY_CODE":"00535","SECURITY_NAME_ABBR":"金地商置","ORG_CODE":"10008953","STD_REPORT_DATE":"2024-06-30 00:00:00","REPORT_DATE":"2024-06-30 00:00:00","DATE_TYPE_CODE":"002","REPORT_TYPE":"2024年中报","PER_NETCASH_OPERATE":0.011567992222,"PER_OI":0.197840734223,"BPS":1.216628145846,"BASIC_EPS":-0.1312,"DILUTED_EPS":-0.1312,"OPERATE_INCOME":3286864000,"OPERATE_INCOME_YOY":40.9032412945,"GROSS_PROFIT":557414000,"GROSS_PROFIT_YOY":-6.970836907651,"HOLDER_PROFIT":-2179099000,"HOLDER_PROFIT_YOY":-487.4063973375,"GROSS_PROFIT_RATIO":16.958839793797,"EPS_TTM":-0.144390888367,"OPERATE_INCOME_QOQ":5.467187443955,"NET_PROFIT_RATIO":-65.4798008071,"ROE_AVG":-10.207222975485,"GROSS_PROFIT_QOQ":-1.156078003712,"ROA":-2.462224717153,"HOLDER_PROFIT_QOQ":-799.953022601673,"ROE_YEARLY":-20.414445950971,"ROIC_YEARLY":-5.19794724761,"TOTAL_ASSETS":85904040000,"TOTAL_LIABILITIES":62696298000,"TAX_EBT":6.348023185939,"OCF_SALES":5.84712358041,"TOTAL_PARENT_EQUITY":20212679000,"DEBT_ASSET_RATIO":72.98410878,"OPERATE_PROFIT":-322385000,"PRETAX_PROFIT":-2298117000,"NETCASH_OPERATE":192187000,"NETCASH_INVEST":719764000,"NETCASH_FINANCE":-1608191000,"END_CASH":1759619000,"DIVI_RATIO":-0.00715481989,"DIVIDEND_RATE":0.447058823529,"CURRENT_RATIO":1.105507625564,"COMMON_ACS":40000000000,"CURRENTDEBT_DEBT":62.45133803594,"ISSUED_COMMON_SHARES":16613686827,"HK_COMMON_SHARES":16613686827,"PER_SHARES":2000,"TOTAL_MARKET_CAP":4236490140.885,"HKSK_MARKET_CAP":4236490140.885,"PE_TTM":-1.617301179254,"PB_TTM":0.19129378257,"REPORT_DATE_SQ":"2023-06-30 00:00:00","REPORT_TYPE_SQ":"2023年中报","OPERATE_INCOME_SQ":2332710000,"DPS_HKD":0.00114,"OPERATE_INCOME_QOQ_SQ":1.53890922701,"NET_PROFIT_RATIO_SQ":26.0279674713,"HOLDER_PROFIT_SQ":562484000,"HOLDER_PROFIT_QOQ_SQ":-22.614048982312,"ROE_AVG_SQ":2.491716192319,"PE_TTM_SQ":2.412706790214,"PB_TTM_SQ":0.188891932645,"ROA_SQ":0.602371079257,"START_DATE":"2024-01-01 00:00:00","FISCAL_YEAR":"12-31","CURRENCY":"HKD","IS_CNY_CODE":0,"DPS_HKD_LY":0.00114,"ORG_TYPE":"一般企业","PREMIUM_INCOME":null,"PREMIUM_INCOME_YOY":null,"NET_INTEREST_INCOME":null,"NET_INTEREST_INCOME_YOY":null,"FEE_COMMISSION_INCOME":null,"FEE_COMMISSION_INCOME_YOY":null,"ACCOUNTS_RECE_TDAYS":39.691871101746,"INVENTORY_TDAYS":0.10896694193,"CURRENT_ASSETS_TDAYS":0.07336161797,"TOTAL_ASSETS_TDAYS":0.037139192771,"PREMIUM_EXPENSE":null,"LOAN_DEPOSIT":null,"LOAN_EQUITY":null,"LOAN_ASSETS":null,"DEPOSIT_EQUITY":null,"DEPOSIT_ASSETS":null,"EQUITY_MULTIPLIER":3.70152512037,"EQUITY_RATIO":3.101830192821},{"SECUCODE":"00535.HK","SECURITY_CODE":"00535","SECURITY_NAME_ABBR":"金地商置","ORG_CODE":"10008953","STD_REPORT_DATE":"2023-12-31 00:00:00","REPORT_DATE":"2023-12-31 00:00:00","DATE_TYPE_CODE":"001","REPORT_TYPE":"2023年年报","PER_NETCASH_OPERATE":0.106430139102,"PER_OI":1.050481701126,"BPS":1.353373109421,"BASIC_EPS":0.0206,"DILUTED_EPS":0.0206,"OPERATE_INCOME":17452374000,"OPERATE_INCOME_YOY":69.3995394512,"GROSS_PROFIT":3612905000,"GROSS_PROFIT_YOY":54.616425206778,"HOLDER_PROFIT":342718000,"HOLDER_PROFIT_YOY":-85.2525016072,"GROSS_PROFIT_RATIO":20.701510293098,"EPS_TTM":0.020628654167,"OPERATE_INCOME_QOQ":66.832144190663,"NET_PROFIT_RATIO":4.771568613,"ROE_AVG":1.525656538173,"GROSS_PROFIT_QOQ":98.338208200757,"ROA":0.387065853396,"HOLDER_PROFIT_QOQ":-80.833430736373,"ROE_YEARLY":1.525656538173,"ROIC_YEARLY":0.428036635689,"TOTAL_ASSETS":91098407000,"TOTAL_LIABILITIES":64750005000,"TAX_EBT":53.34811549808,"OCF_SALES":10.131555741356,"TOTAL_PARENT_EQUITY":22484517000,"DEBT_ASSET_RATIO":71.0769893045,"OPERATE_PROFIT":3486789000,"PRETAX_PROFIT":1785034000,"NETCASH_OPERATE":1768197000,"NETCASH_INVEST":1152779000,"NETCASH_FINANCE":-6551850000,"END_CASH":2454302000,"DIVI_RATIO":0.050080378081,"DIVIDEND_RATE":0.422222222222,"CURRENT_RATIO":1.162519196865,"COMMON_ACS":40000000000,"CURRENTDEBT_DEBT":61.537754321409,"ISSUED_COMMON_SHARES":16613686827,"HK_COMMON_SHARES":16613686827,"PER_SHARES":2000,"TOTAL_MARKET_CAP":4485695443.29,"HKSK_MARKET_CAP":4485695443.29,"PE_TTM":-1.712436542739,"PB_TTM":0.202546358015,"REPORT_DATE_SQ":"2022-12-31 00:00:00","REPORT_TYPE_SQ":"2022年年报","OPERATE_INCOME_SQ":10302492000,"DPS_HKD":0.00114,"OPERATE_INCOME_QOQ_SQ":-9.317486920451,"NET_PROFIT_RATIO_SQ":22.8438711721,"HOLDER_PROFIT_SQ":2323906000,"HOLDER_PROFIT_QOQ_SQ":-42.551280757142,"ROE_AVG_SQ":10.470951033328,"PE_TTM_SQ":2.326538690563,"PB_TTM_SQ":0.182145792193,"ROA_SQ":2.83399280313,"START_DATE":"2023-01-01 00:00:00","FISCAL_YEAR":"12-31","CURRENCY":"HKD","IS_CNY_CODE":0,"DPS_HKD_LY":0.0076,"ORG_TYPE":"一般企业","PREMIUM_INCOME":null,"PREMIUM_INCOME_YOY":null,"NET_INTEREST_INCOME":null,"NET_INTEREST_INCOME_YOY":null,"FEE_COMMISSION_INCOME":null,"FEE_COMMISSION_INCOME_YOY":null,"ACCOUNTS_RECE_TDAYS":329.392622231449,"INVENTORY_TDAYS":0.622812882101,"CURRENT_ASSETS_TDAYS":0.40433016933,"TOTAL_ASSETS_TDAYS":0.197107185386,"PREMIUM_EXPENSE":null,"LOAN_DEPOSIT":null,"LOAN_EQUITY":null,"LOAN_ASSETS":null,"DEPOSIT_EQUITY":null,"DEPOSIT_ASSETS":null,"EQUITY_MULTIPLIER":3.457454725333,"EQUITY_RATIO":2.879759658613},{"SECUCODE":"00535.HK","SECURITY_CODE":"00535","SECURITY_NAME_ABBR":"金地商置","ORG_CODE":"10008953","STD_REPORT_DATE":"2023-06-30 00:00:00","REPORT_DATE":"2023-06-30 00:00:00","DATE_TYPE_CODE":"002","REPORT_TYPE":"2023年中报","PER_NETCASH_OPERATE":-0.031009974208,"PER_OI":0.140408930558,"BPS":1.366677742059,"BASIC_EPS":0.0339,"DILUTED_EPS":0.0338,"OPERATE_INCOME":2332710000,"OPERATE_INCOME_YOY":7.2922741799,"GROSS_PROFIT":599182000,"GROSS_PROFIT_YOY":-46.227125425049,"HOLDER_PROFIT":562484000,"HOLDER_PROFIT_YOY":-48.1586822622,"GROSS_PROFIT_RATIO":25.686090427014,"EPS_TTM":0.10762830783,"OPERATE_INCOME_QOQ":1.53890922701,"NET_PROFIT_RATIO":26.0279674713,"ROE_AVG":2.491716192319,"GROSS_PROFIT_QOQ":-22.04405464313,"ROA":0.602371079257,"HOLDER_PROFIT_QOQ":-22.614048982312,"ROE_YEARLY":4.983432384638,"ROIC_YEARLY":1.340701514075,"TOTAL_ASSETS":100769937000,"TOTAL_LIABILITIES":73656989000,"TAX_EBT":2.974415520079,"OCF_SALES":-22.085471404504,"TOTAL_PARENT_EQUITY":22705556000,"DEBT_ASSET_RATIO":73.0942096352,"OPERATE_PROFIT":803822000,"PRETAX_PROFIT":625770000,"NETCASH_OPERATE":479041000,"NETCASH_INVEST":1311888000,"NETCASH_FINANCE":-3961438000,"END_CASH":3899400000,"DIVI_RATIO":0.009598690352,"DIVIDEND_RATE":0.361904761905,"CURRENT_RATIO":1.155457574633,"COMMON_ACS":40000000000,"CURRENTDEBT_DEBT":64.881866132215,"ISSUED_COMMON_SHARES":16613686827,"HK_COMMON_SHARES":16613686827,"PER_SHARES":2000,"TOTAL_MARKET_CAP":5233311350.505,"HKSK_MARKET_CAP":5233311350.505,"PE_TTM":-1.997842633196,"PB_TTM":0.236304084351,"REPORT_DATE_SQ":"2022-06-30 00:00:00","REPORT_TYPE_SQ":"2022年中报","OPERATE_INCOME_SQ":2174164000,"DPS_HKD":0.00114,"OPERATE_INCOME_QOQ_SQ":-19.906794564179,"NET_PROFIT_RATIO_SQ":51.462309191,"HOLDER_PROFIT_SQ":1085011000,"HOLDER_PROFIT_QOQ_SQ":0.195379887206,"ROE_AVG_SQ":4.983062349714,"PE_TTM_SQ":2.033567151752,"PB_TTM_SQ":0.159208914658,"ROA_SQ":1.384600005141,"START_DATE":"2023-01-01 00:00:00","FISCAL_YEAR":"12-31","CURRENCY":"HKD","IS_CNY_CODE":0,"DPS_HKD_LY":0.0076,"ORG_TYPE":"一般企业","PREMIUM_INCOME":null,"PREMIUM_INCOME_YOY":null,"NET_INTEREST_INCOME":null,"NET_INTEREST_INCOME_YOY":null,"FEE_COMMISSION_INCOME":null,"FEE_COMMISSION_INCOME_YOY":null,"ACCOUNTS_RECE_TDAYS":54.113785304181,"INVENTORY_TDAYS":0.067794307455,"CURRENT_ASSETS_TDAYS":0.048993491761,"TOTAL_ASSETS_TDAYS":0.024981280184,"PREMIUM_EXPENSE":null,"LOAN_DEPOSIT":null,"LOAN_EQUITY":null,"LOAN_ASSETS":null,"DEPOSIT_EQUITY":null,"DEPOSIT_ASSETS":null,"EQUITY_MULTIPLIER":3.716672085977,"EQUITY_RATIO":3.244007281742},{"SECUCODE":"00535.HK","SECURITY_CODE":"00535","SECURITY_NAME_ABBR":"金地商置","ORG_CODE":"10008953","STD_REPORT_DATE":"2022-12-31 00:00:00","REPORT_DATE":"2022-12-31 00:00:00","DATE_TYPE_CODE":"001","REPORT_TYPE":"2022年年报","PER_NETCASH_OPERATE":0.12873590106,"PER_OI":0.620270093428,"BPS":1.347983577228,"BASIC_EPS":0.14,"DILUTED_EPS":0.1398,"OPERATE_INCOME":10302492000,"OPERATE_INCOME_YOY":-27.3694685048,"GROSS_PROFIT":2336689000,"GROSS_PROFIT_YOY":-18.978311244443,"HOLDER_PROFIT":2323906000,"HOLDER_PROFIT_YOY":-42.4390375143,"GROSS_PROFIT_RATIO":22.680813535211,"EPS_TTM":0.139113399552,"OPERATE_INCOME_QOQ":-9.317486920451,"NET_PROFIT_RATIO":22.8438711721,"ROE_AVG":10.470951033328,"GROSS_PROFIT_QOQ":-9.052698851584,"ROA":2.83399280313,"HOLDER_PROFIT_QOQ":-42.551280757142,"ROE_YEARLY":10.470951033328,"ROIC_YEARLY":3.281889910556,"TOTAL_ASSETS":86034492000,"TOTAL_LIABILITIES":59012850000,"TAX_EBT":32.148795585534,"OCF_SALES":20.754813495609,"TOTAL_PARENT_EQUITY":22442764000,"DEBT_ASSET_RATIO":68.6302027738,"OPERATE_PROFIT":2444986000,"PRETAX_PROFIT":3488168000,"NETCASH_OPERATE":2078286000,"NETCASH_INVEST":-5628065000,"NETCASH_FINANCE":762084000,"END_CASH":6053156000,"DIVI_RATIO":0.0074262494,"DIVIDEND_RATE":0.422222222222,"CURRENT_RATIO":1.150390298131,"COMMON_ACS":40000000000,"CURRENTDEBT_DEBT":58.929504336767,"ISSUED_COMMON_SHARES":16613686827,"HK_COMMON_SHARES":16613686827,"PER_SHARES":2000,"TOTAL_MARKET_CAP":4485695443.29,"HKSK_MARKET_CAP":4485695443.29,"PE_TTM":-1.712436542739,"PB_TTM":0.202546358015,"REPORT_DATE_SQ":"2021-12-31 00:00:00","REPORT_TYPE_SQ":"2021年年报","OPERATE_INCOME_SQ":14184795000,"DPS_HKD":0.00114,"OPERATE_INCOME_QOQ_SQ":-8.381226929062,"NET_PROFIT_RATIO_SQ":30.5181287428,"HOLDER_PROFIT_SQ":4014231000,"HOLDER_PROFIT_QOQ_SQ":5.285975031297,"ROE_AVG_SQ":19.76124677726,"PE_TTM_SQ":2.326538690563,"PB_TTM_SQ":0.182145792193,"ROA_SQ":5.674395182131,"START_DATE":"2022-01-01 00:00:00","FISCAL_YEAR":"12-31","CURRENCY":"HKD","IS_CNY_CODE":0,"DPS_HKD_LY":0.0703,"ORG_TYPE":"一般企业","PREMIUM_INCOME":null,"PREMIUM_INCOME_YOY":null,"NET_INTEREST_INCOME":null,"NET_INTEREST_INCOME_YOY":null,"FEE_COMMISSION_INCOME":null,"FEE_COMMISSION_INCOME_YOY":null,"ACCOUNTS_RECE_TDAYS":270.130103044128,"INVENTORY_TDAYS":0.467022369142,"CURRENT_ASSETS_TDAYS":0.266880195166,"TOTAL_ASSETS_TDAYS":0.126360292138,"PREMIUM_EXPENSE":null,"LOAN_DEPOSIT":null,"LOAN_EQUITY":null,"LOAN_ASSETS":null,"DEPOSIT_EQUITY":null,"DEPOSIT_ASSETS":null,"EQUITY_MULTIPLIER":3.187779611036,"EQUITY_RATIO":2.629482268762},{"SECUCODE":"00535.HK","SECURITY_CODE":"00535","SECURITY_NAME_ABBR":"金地商置","ORG_CODE":"10008953","STD_REPORT_DATE":"2022-06-30 00:00:00","REPORT_DATE":"2022-06-30 00:00:00","DATE_TYPE_CODE":"002","REPORT_TYPE":"2022年中报","PER_NETCASH_OPERATE":-0.095361220022,"PER_OI":0.130897350603,"BPS":1.286884977587,"BASIC_EPS":0.0654,"DILUTED_EPS":0.0653,"OPERATE_INCOME":2174164000,"OPERATE_INCOME_YOY":-56.4984667567,"GROSS_PROFIT":1114283000,"GROSS_PROFIT_YOY":-22.025438163123,"HOLDER_PROFIT":1085011000,"HOLDER_PROFIT_YOY":0.7354092572,"GROSS_PROFIT_RATIO":51.251101572834,"EPS_TTM":0.242152307981,"OPERATE_INCOME_QOQ":-19.906794564179,"NET_PROFIT_RATIO":51.462309191,"ROE_AVG":4.983062349714,"GROSS_PROFIT_QOQ":-10.913586513867,"ROA":1.384600005141,"HOLDER_PROFIT_QOQ":0.195379887206,"ROE_YEARLY":9.966124699428,"ROIC_YEARLY":3.19742359428,"TOTAL_ASSETS":78103222000,"TOTAL_LIABILITIES":53105388000,"TAX_EBT":30.056608002893,"OCF_SALES":-72.851909975512,"TOTAL_PARENT_EQUITY":21379904000,"DEBT_ASSET_RATIO":67.993850497,"OPERATE_PROFIT":894305000,"PRETAX_PROFIT":1614966000,"NETCASH_OPERATE":-1583920000,"NETCASH_INVEST":-1611292000,"NETCASH_FINANCE":-76928000,"END_CASH":5542852000,"DIVI_RATIO":0.004266285168,"DIVIDEND_RATE":0.361904761905,"CURRENT_RATIO":1.252680500531,"COMMON_ACS":40000000000,"CURRENTDEBT_DEBT":54.092223184585,"ISSUED_COMMON_SHARES":16613686827,"HK_COMMON_SHARES":16613686827,"PER_SHARES":2000,"TOTAL_MARKET_CAP":5233311350.505,"HKSK_MARKET_CAP":5233311350.505,"PE_TTM":-1.997842633196,"PB_TTM":0.236304084351,"REPORT_DATE_SQ":"2021-06-30 00:00:00","REPORT_TYPE_SQ":"2021年中报","OPERATE_INCOME_SQ":4997902000,"DPS_HKD":0.00114,"OPERATE_INCOME_QOQ_SQ":-5.142061951703,"NET_PROFIT_RATIO_SQ":25.8097097542,"HOLDER_PROFIT_SQ":1066481000,"HOLDER_PROFIT_QOQ_SQ":-12.443426964176,"ROE_AVG_SQ":5.678098420209,"PE_TTM_SQ":2.033567151752,"PB_TTM_SQ":0.159208914658,"ROA_SQ":1.563278801831,"START_DATE":"2022-01-01 00:00:00","FISCAL_YEAR":"12-31","CURRENCY":"HKD","IS_CNY_CODE":0,"DPS_HKD_LY":0.0703,"ORG_TYPE":"一般企业","PREMIUM_INCOME":null,"PREMIUM_INCOME_YOY":null,"NET_INTEREST_INCOME":null,"NET_INTEREST_INCOME_YOY":null,"FEE_COMMISSION_INCOME":null,"FEE_COMMISSION_INCOME_YOY":null,"ACCOUNTS_RECE_TDAYS":55.085358129165,"INVENTORY_TDAYS":0.06402025345,"CURRENT_ASSETS_TDAYS":0.059415340851,"TOTAL_ASSETS_TDAYS":0.028020852979,"PREMIUM_EXPENSE":null,"LOAN_DEPOSIT":null,"LOAN_EQUITY":null,"LOAN_ASSETS":null,"DEPOSIT_EQUITY":null,"DEPOSIT_ASSETS":null,"EQUITY_MULTIPLIER":3.124399577982,"EQUITY_RATIO":2.483892724682},{"SECUCODE":"00535.HK","SECURITY_CODE":"00535","SECURITY_NAME_ABBR":"金地商置","ORG_CODE":"10008953","STD_REPORT_DATE":"2021-12-31 00:00:00","REPORT_DATE":"2021-12-31 00:00:00","DATE_TYPE_CODE":"001","REPORT_TYPE":"2021年年报","PER_NETCASH_OPERATE":0.005791392607,"PER_OI":0.855182820226,"BPS":1.308506848984,"BASIC_EPS":0.2425,"DILUTED_EPS":0.2413,"OPERATE_INCOME":14184795000,"OPERATE_INCOME_YOY":-15.9884295117,"GROSS_PROFIT":2884029000,"GROSS_PROFIT_YOY":-56.502455535369,"HOLDER_PROFIT":4014231000,"HOLDER_PROFIT_YOY":-7.8152083752,"GROSS_PROFIT_RATIO":20.331834192881,"EPS_TTM":0.242012759974,"OPERATE_INCOME_QOQ":-8.381226929062,"NET_PROFIT_RATIO":30.5181287428,"ROE_AVG":19.76124677726,"GROSS_PROFIT_QOQ":-53.204615951516,"ROA":5.674395182131,"HOLDER_PROFIT_QOQ":5.285975031297,"ROE_YEARLY":19.76124677726,"ROIC_YEARLY":6.66258093931,"TOTAL_ASSETS":77078635000,"TOTAL_LIABILITIES":52489027000,"TAX_EBT":24.365047208357,"OCF_SALES":0.677211055923,"TOTAL_PARENT_EQUITY":21739123000,"DEBT_ASSET_RATIO":68.0980235314,"OPERATE_PROFIT":4710834000,"PRETAX_PROFIT":5723457000,"NETCASH_OPERATE":128592000,"NETCASH_INVEST":1411570000,"NETCASH_FINANCE":82299000,"END_CASH":8771882000,"DIVI_RATIO":0.004268745169,"DIVIDEND_RATE":0.361904761905,"CURRENT_RATIO":1.168430613094,"COMMON_ACS":40000000000,"CURRENTDEBT_DEBT":60.657178880454,"ISSUED_COMMON_SHARES":16613686827,"HK_COMMON_SHARES":16613686827,"PER_SHARES":2000,"TOTAL_MARKET_CAP":5233311350.505,"HKSK_MARKET_CAP":5233311350.505,"PE_TTM":-1.997842633196,"PB_TTM":0.236304084351,"REPORT_DATE_SQ":"2020-12-31 00:00:00","REPORT_TYPE_SQ":"2020年年报","OPERATE_INCOME_SQ":16884335000,"DPS_HKD":0.00114,"OPERATE_INCOME_QOQ_SQ":13.991480154641,"NET_PROFIT_RATIO_SQ":29.6222472659,"HOLDER_PROFIT_SQ":4354548000,"HOLDER_PROFIT_QOQ_SQ":2.46761993015,"ROE_AVG_SQ":25.663731965268,"PE_TTM_SQ":2.033567151752,"PB_TTM_SQ":0.159208914658,"ROA_SQ":6.826552231638,"START_DATE":"2021-01-01 00:00:00","FISCAL_YEAR":"12-31","CURRENCY":"HKD","IS_CNY_CODE":0,"DPS_HKD_LY":0.0967,"ORG_TYPE":"一般企业","PREMIUM_INCOME":null,"PREMIUM_INCOME_YOY":null,"NET_INTEREST_INCOME":null,"NET_INTEREST_INCOME_YOY":null,"FEE_COMMISSION_INCOME":null,"FEE_COMMISSION_INCOME_YOY":null,"ACCOUNTS_RECE_TDAYS":259.251112593554,"INVENTORY_TDAYS":0.922819543601,"CURRENT_ASSETS_TDAYS":0.447510382683,"TOTAL_ASSETS_TDAYS":0.200511959595,"PREMIUM_EXPENSE":null,"LOAN_DEPOSIT":null,"LOAN_EQUITY":null,"LOAN_ASSETS":null,"DEPOSIT_EQUITY":null,"DEPOSIT_ASSETS":null,"EQUITY_MULTIPLIER":3.134602023747,"EQUITY_RATIO":2.414496067758},{"SECUCODE":"00535.HK","SECURITY_CODE":"00535","SECURITY_NAME_ABBR":"金地商置","ORG_CODE":"10008953","STD_REPORT_DATE":"2021-06-30 00:00:00","REPORT_DATE":"2021-06-30 00:00:00","DATE_TYPE_CODE":"002","REPORT_TYPE":"2021年中报","PER_NETCASH_OPERATE":-0.276689799092,"PER_OI":0.301526330628,"BPS":1.124166008092,"BASIC_EPS":0.0645,"DILUTED_EPS":0.0641,"OPERATE_INCOME":4997902000,"OPERATE_INCOME_YOY":-14.3780388212,"GROSS_PROFIT":1429034000,"GROSS_PROFIT_YOY":-22.931302090243,"HOLDER_PROFIT":1066481000,"HOLDER_PROFIT_YOY":-33.6904104615,"GROSS_PROFIT_RATIO":28.592677487474,"EPS_TTM":0.230021983244,"OPERATE_INCOME_QOQ":-5.142061951703,"NET_PROFIT_RATIO":25.8097097542,"ROE_AVG":5.678098420209,"GROSS_PROFIT_QOQ":-6.453901430468,"ROA":1.563278801831,"HOLDER_PROFIT_QOQ":-12.443426964176,"ROE_YEARLY":11.356196840419,"ROIC_YEARLY":3.631070038375,"TOTAL_ASSETS":72034421000,"TOTAL_LIABILITIES":50856722000,"TAX_EBT":29.293961332532,"OCF_SALES":-91.763063781563,"TOTAL_PARENT_EQUITY":18676542000,"DEBT_ASSET_RATIO":70.6005841291,"OPERATE_PROFIT":1159353000,"PRETAX_PROFIT":1824376000,"NETCASH_OPERATE":-4586228000,"NETCASH_INVEST":-1000646000,"NETCASH_FINANCE":5513351000,"END_CASH":7093840000,"DIVI_RATIO":0.004491269858,"DIVIDEND_RATE":0.361904761905,"CURRENT_RATIO":1.174729456011,"COMMON_ACS":40000000000,"CURRENTDEBT_DEBT":58.815041205369,"ISSUED_COMMON_SHARES":16613686827,"HK_COMMON_SHARES":16613686827,"PER_SHARES":2000,"TOTAL_MARKET_CAP":5233311350.505,"HKSK_MARKET_CAP":5233311350.505,"PE_TTM":-1.997842633196,"PB_TTM":0.236304084351,"REPORT_DATE_SQ":"2020-06-30 00:00:00","REPORT_TYPE_SQ":"2020年中报","OPERATE_INCOME_SQ":5837173000,"DPS_HKD":0.00114,"OPERATE_INCOME_QOQ_SQ":22.272481410628,"NET_PROFIT_RATIO_SQ":30.3094727827,"HOLDER_PROFIT_SQ":1608336000,"HOLDER_PROFIT_QOQ_SQ":11.844685848194,"ROE_AVG_SQ":10.455766088106,"PE_TTM_SQ":2.033567151752,"PB_TTM_SQ":0.159208914658,"ROA_SQ":2.582732879713,"START_DATE":"2021-01-01 00:00:00","FISCAL_YEAR":"12-31","CURRENCY":"HKD","IS_CNY_CODE":0,"DPS_HKD_LY":0.0967,"ORG_TYPE":"一般企业","PREMIUM_INCOME":null,"PREMIUM_INCOME_YOY":null,"NET_INTEREST_INCOME":null,"NET_INTEREST_INCOME_YOY":null,"FEE_COMMISSION_INCOME":null,"FEE_COMMISSION_INCOME_YOY":null,"ACCOUNTS_RECE_TDAYS":54.418183302937,"INVENTORY_TDAYS":0.30304346198,"CURRENT_ASSETS_TDAYS":0.162980872297,"TOTAL_ASSETS_TDAYS":0.073260698036,"PREMIUM_EXPENSE":null,"LOAN_DEPOSIT":null,"LOAN_EQUITY":null,"LOAN_ASSETS":null,"DEPOSIT_EQUITY":null,"DEPOSIT_ASSETS":null,"EQUITY_MULTIPLIER":3.401428124937,"EQUITY_RATIO":2.72302667164},{"SECUCODE":"00535.HK","SECURITY_CODE":"00535","SECURITY_NAME_ABBR":"金地商置","ORG_CODE":"10008953","STD_REPORT_DATE":"2020-12-31 00:00:00","REPORT_DATE":"2020-12-31 00:00:00","DATE_TYPE_CODE":"001","REPORT_TYPE":"2020年年报","PER_NETCASH_OPERATE":-0.243423081158,"PER_OI":1.023120536707,"BPS":1.136904902367,"BASIC_EPS":0.2679,"DILUTED_EPS":0.2637,"OPERATE_INCOME":16884335000,"OPERATE_INCOME_YOY":39.3802113818,"GROSS_PROFIT":6630326000,"GROSS_PROFIT_YOY":6.839864424783,"HOLDER_PROFIT":4354548000,"HOLDER_PROFIT_YOY":14.604587607,"GROSS_PROFIT_RATIO":40.36509840101,"EPS_TTM":0.263867513105,"OPERATE_INCOME_QOQ":13.991480154641,"NET_PROFIT_RATIO":29.6222472659,"ROE_AVG":25.663731965268,"GROSS_PROFIT_QOQ":-3.09572386502,"ROA":6.826552231638,"HOLDER_PROFIT_QOQ":2.46761993015,"ROE_YEARLY":25.663731965268,"ROIC_YEARLY":7.8894381309,"TOTAL_ASSETS":64407140000,"TOTAL_LIABILITIES":43308088000,"TAX_EBT":33.460622252757,"OCF_SALES":-24.612402079639,"TOTAL_PARENT_EQUITY":18888182000,"DEBT_ASSET_RATIO":67.2411288562,"OPERATE_PROFIT":5968986000,"PRETAX_PROFIT":7266147000,"NETCASH_OPERATE":-4017158000,"NETCASH_INVEST":-2276740000,"NETCASH_FINANCE":8374250000,"END_CASH":7151758000,"DIVI_RATIO":0.003915187542,"DIVIDEND_RATE":0.361904761905,"CURRENT_RATIO":1.07970704143,"COMMON_ACS":40000000000,"CURRENTDEBT_DEBT":56.016502044607,"ISSUED_COMMON_SHARES":16613686827,"HK_COMMON_SHARES":16613686827,"PER_SHARES":2000,"TOTAL_MARKET_CAP":5233311350.505,"HKSK_MARKET_CAP":5233311350.505,"PE_TTM":-1.997842633196,"PB_TTM":0.236304084351,"REPORT_DATE_SQ":"2019-12-31 00:00:00","REPORT_TYPE_SQ":"2019年年报","OPERATE_INCOME_SQ":11710186000,"DPS_HKD":0.00114,"OPERATE_INCOME_QOQ_SQ":39.170336914031,"NET_PROFIT_RATIO_SQ":38.4592610228,"HOLDER_PROFIT_SQ":3799628000,"HOLDER_PROFIT_QOQ_SQ":35.11671671216,"ROE_AVG_SQ":28.268515588748,"PE_TTM_SQ":2.033567151752,"PB_TTM_SQ":0.159208914658,"ROA_SQ":6.599016421037,"START_DATE":"2020-01-01 00:00:00","FISCAL_YEAR":"12-31","CURRENCY":"HKD","IS_CNY_CODE":0,"DPS_HKD_LY":0.0781,"ORG_TYPE":"一般企业","PREMIUM_INCOME":null,"PREMIUM_INCOME_YOY":null,"NET_INTEREST_INCOME":null,"NET_INTEREST_INCOME_YOY":null,"FEE_COMMISSION_INCOME":null,"FEE_COMMISSION_INCOME_YOY":null,"ACCOUNTS_RECE_TDAYS":317.954447018059,"INVENTORY_TDAYS":0.739546538368,"CURRENT_ASSETS_TDAYS":0.565261669788,"TOTAL_ASSETS_TDAYS":0.255872284979,"PREMIUM_EXPENSE":null,"LOAN_DEPOSIT":null,"LOAN_EQUITY":null,"LOAN_ASSETS":null,"DEPOSIT_EQUITY":null,"DEPOSIT_ASSETS":null,"EQUITY_MULTIPLIER":3.052608240407,"EQUITY_RATIO":2.292866936585},{"SECUCODE":"00535.HK","SECURITY_CODE":"00535","SECURITY_NAME_ABBR":"金地商置","ORG_CODE":"10008953","STD_REPORT_DATE":"2020-06-30 00:00:00","REPORT_DATE":"2020-06-30 00:00:00","DATE_TYPE_CODE":"002","REPORT_TYPE":"2020年中报","PER_NETCASH_OPERATE":-0.008930191519,"PER_OI":0.354449208292,"BPS":0.946047326139,"BASIC_EPS":0.1004,"DILUTED_EPS":0.0995,"OPERATE_INCOME":5837173000,"OPERATE_INCOME_YOY":85.1758693043,"GROSS_PROFIT":1854234000,"GROSS_PROFIT_YOY":29.182144738199,"HOLDER_PROFIT":1608336000,"HOLDER_PROFIT_YOY":38.8553046667,"GROSS_PROFIT_RATIO":35.770068342979,"EPS_TTM":0.258052386042,"OPERATE_INCOME_QOQ":22.272481410628,"NET_PROFIT_RATIO":30.3094727827,"ROE_AVG":10.455766088106,"GROSS_PROFIT_QOQ":9.553544121405,"ROA":2.582732879713,"HOLDER_PROFIT_QOQ":11.844685848194,"ROE_YEARLY":20.911532176212,"ROIC_YEARLY":5.976746394969,"TOTAL_ASSETS":61375637000,"TOTAL_LIABILITIES":42692925000,"TAX_EBT":24.942689924651,"OCF_SALES":-2.59363651242,"TOTAL_PARENT_EQUITY":15717334000,"DEBT_ASSET_RATIO":69.5600519796,"OPERATE_PROFIT":1581442000,"PRETAX_PROFIT":2289737000,"NETCASH_OPERATE":-147065000,"NETCASH_INVEST":166422000,"NETCASH_FINANCE":1072944000,"END_CASH":6111485000,"DIVI_RATIO":0.004003415027,"DIVIDEND_RATE":0.361904761905,"CURRENT_RATIO":0.839814155122,"COMMON_ACS":40000000000,"CURRENTDEBT_DEBT":75.174230859094,"ISSUED_COMMON_SHARES":16613686827,"HK_COMMON_SHARES":16613686827,"PER_SHARES":2000,"TOTAL_MARKET_CAP":5233311350.505,"HKSK_MARKET_CAP":5233311350.505,"PE_TTM":-1.997842633196,"PB_TTM":0.236304084351,"REPORT_DATE_SQ":"2019-06-30 00:00:00","REPORT_TYPE_SQ":"2019年中报","OPERATE_INCOME_SQ":3062075000,"DPS_HKD":0.00114,"OPERATE_INCOME_QOQ_SQ":18.860310071738,"NET_PROFIT_RATIO_SQ":39.6054309578,"HOLDER_PROFIT_SQ":1158282000,"HOLDER_PROFIT_QOQ_SQ":24.837100942812,"ROE_AVG_SQ":9.494349389044,"PE_TTM_SQ":2.033567151752,"PB_TTM_SQ":0.159208914658,"ROA_SQ":1.967388754968,"START_DATE":"2020-01-01 00:00:00","FISCAL_YEAR":"12-31","CURRENCY":"HKD","IS_CNY_CODE":0,"DPS_HKD_LY":0.0781,"ORG_TYPE":"一般企业","PREMIUM_INCOME":null,"PREMIUM_INCOME_YOY":null,"NET_INTEREST_INCOME":null,"NET_INTEREST_INCOME_YOY":null,"FEE_COMMISSION_INCOME":null,"FEE_COMMISSION_INCOME_YOY":null,"ACCOUNTS_RECE_TDAYS":153.182517188894,"INVENTORY_TDAYS":0.251220238662,"CURRENT_ASSETS_TDAYS":0.193824529552,"TOTAL_ASSETS_TDAYS":0.091054816656,"PREMIUM_EXPENSE":null,"LOAN_DEPOSIT":null,"LOAN_EQUITY":null,"LOAN_ASSETS":null,"DEPOSIT_EQUITY":null,"DEPOSIT_ASSETS":null,"EQUITY_MULTIPLIER":3.285156726713,"EQUITY_RATIO":2.716295588043}],"count":58},"success":true,"message":"ok","code":0}