{"version":"3b4ccd562c47df3d2b57e6ca0ffca422","result":{"pages":5,"data":[{"SECUCODE":"00536.HK","SECURITY_CODE":"00536","SECURITY_NAME_ABBR":"贸易通","ORG_CODE":"10008954","STD_REPORT_DATE":"2024-06-30 00:00:00","REPORT_DATE":"2024-06-30 00:00:00","DATE_TYPE_CODE":"002","REPORT_TYPE":"2024年中报","PER_NETCASH_OPERATE":0.042603325822,"PER_OI":0.140872485881,"BPS":0.421389653061,"BASIC_EPS":0.046729216,"DILUTED_EPS":0.046729216,"OPERATE_INCOME":111942027.36,"OPERATE_INCOME_YOY":-1.8155619597,"GROSS_PROFIT":102630866,"GROSS_PROFIT_YOY":-1.095773089676,"HOLDER_PROFIT":37139687.24,"HOLDER_PROFIT_YOY":4.7708547889,"GROSS_PROFIT_RATIO":91.682157649284,"EPS_TTM":0.116444918467,"OPERATE_INCOME_QOQ":-1.337584555021,"NET_PROFIT_RATIO":33.1776081923,"ROE_AVG":10.952359805192,"GROSS_PROFIT_QOQ":-0.525310149649,"ROA":7.535238391515,"HOLDER_PROFIT_QOQ":1.458298650674,"ROE_YEARLY":21.904719610384,"ROIC_YEARLY":81.861204290909,"TOTAL_ASSETS":487819245.88,"TOTAL_LIABILITIES":152968818.72,"TAX_EBT":11.542725474426,"OCF_SALES":30.242474643707,"TOTAL_PARENT_EQUITY":334850427.16,"DEBT_ASSET_RATIO":31.3576842267,"OPERATE_PROFIT":30987311.36,"PRETAX_PROFIT":41986018.04,"NETCASH_OPERATE":33854039.24,"NETCASH_INVEST":-87591724.96,"NETCASH_FINANCE":-46236368.8,"END_CASH":152231373.28,"DIVI_RATIO":0.780291842669,"DIVIDEND_RATE":10.869565217391,"CURRENT_RATIO":3.029578219395,"COMMON_ACS":null,"CURRENTDEBT_DEBT":96.884919214339,"ISSUED_COMMON_SHARES":794633719,"HK_COMMON_SHARES":794633719,"PER_SHARES":2000,"TOTAL_MARKET_CAP":731063021.48,"HKSK_MARKET_CAP":731063021.48,"PE_TTM":7.132878873278,"PB_TTM":1.992610862418,"REPORT_DATE_SQ":"2023-06-30 00:00:00","REPORT_TYPE_SQ":"2023年中报","OPERATE_INCOME_SQ":115173741.6,"DPS_HKD":0.1,"OPERATE_INCOME_QOQ_SQ":3.409491015754,"NET_PROFIT_RATIO_SQ":31.0918988152,"HOLDER_PROFIT_SQ":35809703.2,"HOLDER_PROFIT_QOQ_SQ":49.961114015886,"ROE_AVG_SQ":10.955642903584,"PE_TTM_SQ":9.127759727451,"PB_TTM_SQ":2.029079682208,"ROA_SQ":7.446504609969,"START_DATE":"2024-01-01 00:00:00","FISCAL_YEAR":"12-31","CURRENCY":"HKD","IS_CNY_CODE":0,"DPS_HKD_LY":0.1,"ORG_TYPE":"一般企业","PREMIUM_INCOME":null,"PREMIUM_INCOME_YOY":null,"NET_INTEREST_INCOME":null,"NET_INTEREST_INCOME_YOY":null,"FEE_COMMISSION_INCOME":null,"FEE_COMMISSION_INCOME_YOY":null,"ACCOUNTS_RECE_TDAYS":3.020687616984,"INVENTORY_TDAYS":null,"CURRENT_ASSETS_TDAYS":0.246073471746,"TOTAL_ASSETS_TDAYS":0.227118192121,"PREMIUM_EXPENSE":null,"LOAN_DEPOSIT":null,"LOAN_EQUITY":null,"LOAN_ASSETS":null,"DEPOSIT_EQUITY":null,"DEPOSIT_ASSETS":null,"EQUITY_MULTIPLIER":1.456827306501,"EQUITY_RATIO":0.4568273065},{"SECUCODE":"00536.HK","SECURITY_CODE":"00536","SECURITY_NAME_ABBR":"贸易通","ORG_CODE":"10008954","STD_REPORT_DATE":"2023-12-31 00:00:00","REPORT_DATE":"2023-12-31 00:00:00","DATE_TYPE_CODE":"001","REPORT_TYPE":"2023年年报","PER_NETCASH_OPERATE":0.097788005319,"PER_OI":0.304049796331,"BPS":0.429032371429,"BASIC_EPS":0.11508994,"DILUTED_EPS":0.11508994,"OPERATE_INCOME":241608220.42,"OPERATE_INCOME_YOY":3.0121901744,"GROSS_PROFIT":216455178.1,"GROSS_PROFIT_YOY":0.693856480666,"HOLDER_PROFIT":91201074.58,"HOLDER_PROFIT_YOY":92.305046529,"GROSS_PROFIT_RATIO":89.589326771964,"EPS_TTM":0.114771211439,"OPERATE_INCOME_QOQ":1.059958236777,"NET_PROFIT_RATIO":37.7475047916,"ROE_AVG":27.177069929532,"GROSS_PROFIT_QOQ":-1.30276756909,"ROA":18.668969393642,"HOLDER_PROFIT_QOQ":30.095692525115,"ROE_YEARLY":27.177069929532,"ROIC_YEARLY":102.212043347112,"TOTAL_ASSETS":494416413.82,"TOTAL_LIABILITIES":153492824.94,"TAX_EBT":9.376688398228,"OCF_SALES":32.161838783846,"TOTAL_PARENT_EQUITY":340923588.88,"DEBT_ASSET_RATIO":31.0452526756,"OPERATE_PROFIT":70853716.92,"PRETAX_PROFIT":100637543.44,"NETCASH_OPERATE":77705646.34,"NETCASH_INVEST":-78249378.34,"NETCASH_FINANCE":-81206374.2,"END_CASH":250420303.7,"DIVI_RATIO":0.791670828082,"DIVIDEND_RATE":11.23595505618,"CURRENT_RATIO":3.069857791667,"COMMON_ACS":null,"CURRENTDEBT_DEBT":97.107045230462,"ISSUED_COMMON_SHARES":794633719,"HK_COMMON_SHARES":794633719,"PER_SHARES":2000,"TOTAL_MARKET_CAP":707224009.91,"HKSK_MARKET_CAP":707224009.91,"PE_TTM":6.900284996975,"PB_TTM":1.927634421252,"REPORT_DATE_SQ":"2022-12-31 00:00:00","REPORT_TYPE_SQ":"2022年年报","OPERATE_INCOME_SQ":231191675.05,"DPS_HKD":0.1,"OPERATE_INCOME_QOQ_SQ":3.097043701963,"NET_PROFIT_RATIO_SQ":20.2202345305,"HOLDER_PROFIT_SQ":46747498.91,"HOLDER_PROFIT_QOQ_SQ":-2.021688929645,"ROE_AVG_SQ":14.086129604882,"PE_TTM_SQ":9.024035185093,"PB_TTM_SQ":2.006021958547,"ROA_SQ":9.540320720888,"START_DATE":"2023-01-01 00:00:00","FISCAL_YEAR":"12-31","CURRENCY":"HKD","IS_CNY_CODE":0,"DPS_HKD_LY":0.0645,"ORG_TYPE":"一般企业","PREMIUM_INCOME":null,"PREMIUM_INCOME_YOY":null,"NET_INTEREST_INCOME":null,"NET_INTEREST_INCOME_YOY":null,"FEE_COMMISSION_INCOME":null,"FEE_COMMISSION_INCOME_YOY":null,"ACCOUNTS_RECE_TDAYS":6.292521743235,"INVENTORY_TDAYS":null,"CURRENT_ASSETS_TDAYS":0.529718968462,"TOTAL_ASSETS_TDAYS":0.494574926123,"PREMIUM_EXPENSE":null,"LOAN_DEPOSIT":null,"LOAN_EQUITY":null,"LOAN_ASSETS":null,"DEPOSIT_EQUITY":null,"DEPOSIT_ASSETS":null,"EQUITY_MULTIPLIER":1.450226472871,"EQUITY_RATIO":0.450226472871},{"SECUCODE":"00536.HK","SECURITY_CODE":"00536","SECURITY_NAME_ABBR":"贸易通","ORG_CODE":"10008954","STD_REPORT_DATE":"2023-06-30 00:00:00","REPORT_DATE":"2023-06-30 00:00:00","DATE_TYPE_CODE":"002","REPORT_TYPE":"2023年中报","PER_NETCASH_OPERATE":0.043892553973,"PER_OI":0.144939408996,"BPS":0.399857337843,"BASIC_EPS":0.045084822,"DILUTED_EPS":0.045084822,"OPERATE_INCOME":115173741.6,"OPERATE_INCOME_YOY":-0.4296224265,"GROSS_PROFIT":103767927.02,"GROSS_PROFIT_YOY":4.37407081496,"HOLDER_PROFIT":35809703.2,"HOLDER_PROFIT_YOY":166.7032891575,"GROSS_PROFIT_RATIO":90.096861991675,"EPS_TTM":0.088220608393,"OPERATE_INCOME_QOQ":3.409491015754,"NET_PROFIT_RATIO":31.0918988152,"ROE_AVG":10.955642903584,"GROSS_PROFIT_QOQ":2.022978760984,"ROA":7.446504609969,"HOLDER_PROFIT_QOQ":49.961114015886,"ROE_YEARLY":21.911285807168,"ROIC_YEARLY":82.047382151948,"TOTAL_ASSETS":470774973.74,"TOTAL_LIABILITIES":153034850.3,"TAX_EBT":12.094875973203,"OCF_SALES":30.283381364073,"TOTAL_PARENT_EQUITY":317740123.44,"DEBT_ASSET_RATIO":32.5070062846,"OPERATE_PROFIT":30758174.78,"PRETAX_PROFIT":40736764.32,"NETCASH_OPERATE":34878503.4,"NETCASH_INVEST":-12803536.26,"NETCASH_FINANCE":-54934334.34,"END_CASH":305087791.9,"DIVI_RATIO":1.029929646313,"DIVIDEND_RATE":11.23595505618,"CURRENT_RATIO":2.955664657725,"COMMON_ACS":null,"CURRENTDEBT_DEBT":97.064795011597,"ISSUED_COMMON_SHARES":794633719,"HK_COMMON_SHARES":794633719,"PER_SHARES":2000,"TOTAL_MARKET_CAP":707224009.91,"HKSK_MARKET_CAP":707224009.91,"PE_TTM":6.900284996975,"PB_TTM":1.927634421252,"REPORT_DATE_SQ":"2022-06-30 00:00:00","REPORT_TYPE_SQ":"2022年中报","OPERATE_INCOME_SQ":107291282.21,"DPS_HKD":0.1,"OPERATE_INCOME_QOQ_SQ":0.164078598238,"NET_PROFIT_RATIO_SQ":11.6077762456,"HOLDER_PROFIT_SQ":12454131.97,"HOLDER_PROFIT_QOQ_SQ":-20.768640580654,"ROE_AVG_SQ":4.04808895066,"PE_TTM_SQ":9.024035185093,"PB_TTM_SQ":2.006021958547,"ROA_SQ":2.674271590157,"START_DATE":"2023-01-01 00:00:00","FISCAL_YEAR":"12-31","CURRENCY":"HKD","IS_CNY_CODE":0,"DPS_HKD_LY":0.0645,"ORG_TYPE":"一般企业","PREMIUM_INCOME":null,"PREMIUM_INCOME_YOY":null,"NET_INTEREST_INCOME":null,"NET_INTEREST_INCOME_YOY":null,"FEE_COMMISSION_INCOME":null,"FEE_COMMISSION_INCOME_YOY":null,"ACCOUNTS_RECE_TDAYS":3.127221749362,"INVENTORY_TDAYS":null,"CURRENT_ASSETS_TDAYS":0.255489381197,"TOTAL_ASSETS_TDAYS":0.23949983416,"PREMIUM_EXPENSE":null,"LOAN_DEPOSIT":null,"LOAN_EQUITY":null,"LOAN_ASSETS":null,"DEPOSIT_EQUITY":null,"DEPOSIT_ASSETS":null,"EQUITY_MULTIPLIER":1.481635270494,"EQUITY_RATIO":0.481635270495},{"SECUCODE":"00536.HK","SECURITY_CODE":"00536","SECURITY_NAME_ABBR":"贸易通","ORG_CODE":"10008954","STD_REPORT_DATE":"2022-12-31 00:00:00","REPORT_DATE":"2022-12-31 00:00:00","DATE_TYPE_CODE":"001","REPORT_TYPE":"2022年年报","PER_NETCASH_OPERATE":0.07094146877,"PER_OI":0.290941183997,"BPS":0.409646850778,"BASIC_EPS":0.05895582,"DILUTED_EPS":0.05895582,"OPERATE_INCOME":231191675.05,"OPERATE_INCOME_YOY":-5.4816032137,"GROSS_PROFIT":214963638.96,"GROSS_PROFIT_YOY":4.717417058896,"HOLDER_PROFIT":46747498.91,"HOLDER_PROFIT_YOY":-28.9465466444,"GROSS_PROFIT_RATIO":92.980700500357,"EPS_TTM":0.05882898975,"OPERATE_INCOME_QOQ":3.097043701963,"NET_PROFIT_RATIO":20.2202345305,"ROE_AVG":14.086129604882,"GROSS_PROFIT_QOQ":3.755669021524,"ROA":9.540320720888,"HOLDER_PROFIT_QOQ":-2.021688929645,"ROE_YEARLY":14.086129604882,"ROIC_YEARLY":23.189028713222,"TOTAL_ASSETS":475720764.47,"TOTAL_LIABILITIES":150201563.96,"TAX_EBT":11.42310686842,"OCF_SALES":24.383439908815,"TOTAL_PARENT_EQUITY":325519200.51,"DEBT_ASSET_RATIO":31.5734723346,"OPERATE_PROFIT":71545567.38,"PRETAX_PROFIT":52776178.14,"NETCASH_OPERATE":56372483.16,"NETCASH_INVEST":183872483.34,"NETCASH_FINANCE":-59883034.26,"END_CASH":327423652.15,"DIVI_RATIO":1.544493971191,"DIVIDEND_RATE":11.23595505618,"CURRENT_RATIO":3.05645112159,"COMMON_ACS":null,"CURRENTDEBT_DEBT":97.617574993458,"ISSUED_COMMON_SHARES":794633719,"HK_COMMON_SHARES":794633719,"PER_SHARES":2000,"TOTAL_MARKET_CAP":707224009.91,"HKSK_MARKET_CAP":707224009.91,"PE_TTM":6.900284996975,"PB_TTM":1.927634421252,"REPORT_DATE_SQ":"2021-12-31 00:00:00","REPORT_TYPE_SQ":"2021年年报","OPERATE_INCOME_SQ":223879320,"DPS_HKD":0.1,"OPERATE_INCOME_QOQ_SQ":-1.036828100975,"NET_PROFIT_RATIO_SQ":26.8978362093,"HOLDER_PROFIT_SQ":60218692.8,"HOLDER_PROFIT_QOQ_SQ":-11.178045961959,"ROE_AVG_SQ":19.307247983831,"PE_TTM_SQ":9.024035185093,"PB_TTM_SQ":2.006021958547,"ROA_SQ":12.800590906129,"START_DATE":"2022-01-01 00:00:00","FISCAL_YEAR":"12-31","CURRENCY":"HKD","IS_CNY_CODE":0,"DPS_HKD_LY":0.0828,"ORG_TYPE":"一般企业","PREMIUM_INCOME":null,"PREMIUM_INCOME_YOY":null,"NET_INTEREST_INCOME":null,"NET_INTEREST_INCOME_YOY":null,"FEE_COMMISSION_INCOME":null,"FEE_COMMISSION_INCOME_YOY":null,"ACCOUNTS_RECE_TDAYS":6.289321166908,"INVENTORY_TDAYS":null,"CURRENT_ASSETS_TDAYS":0.520262528394,"TOTAL_ASSETS_TDAYS":0.471820477973,"PREMIUM_EXPENSE":null,"LOAN_DEPOSIT":null,"LOAN_EQUITY":null,"LOAN_ASSETS":null,"DEPOSIT_EQUITY":null,"DEPOSIT_ASSETS":null,"EQUITY_MULTIPLIER":1.46142151899,"EQUITY_RATIO":0.461421518991},{"SECUCODE":"00536.HK","SECURITY_CODE":"00536","SECURITY_NAME_ABBR":"贸易通","ORG_CODE":"10008954","STD_REPORT_DATE":"2022-06-30 00:00:00","REPORT_DATE":"2022-06-30 00:00:00","DATE_TYPE_CODE":"002","REPORT_TYPE":"2022年中报","PER_NETCASH_OPERATE":0.035786019647,"PER_OI":0.135019795466,"BPS":0.36684652102,"BASIC_EPS":0.015649977,"DILUTED_EPS":0.015649977,"OPERATE_INCOME":107291282.21,"OPERATE_INCOME_YOY":-2.3680565283,"GROSS_PROFIT":99419258.26,"GROSS_PROFIT_YOY":1.95127142679,"HOLDER_PROFIT":12454131.97,"HOLDER_PROFIT_YOY":-51.4534302287,"GROSS_PROFIT_RATIO":92.662941678158,"EPS_TTM":0.060042869802,"OPERATE_INCOME_QOQ":0.164078598238,"NET_PROFIT_RATIO":11.6077762456,"ROE_AVG":4.04808895066,"GROSS_PROFIT_QOQ":0.926935411281,"ROA":2.674271590157,"HOLDER_PROFIT_QOQ":-20.768640580654,"ROE_YEARLY":8.09617790132,"ROIC_YEARLY":8.554444046311,"TOTAL_ASSETS":448623266.91,"TOTAL_LIABILITIES":157114651.61,"TAX_EBT":17.133265050643,"OCF_SALES":26.504276297436,"TOTAL_PARENT_EQUITY":291508615.3,"DEBT_ASSET_RATIO":35.021512079,"OPERATE_PROFIT":31905428.52,"PRETAX_PROFIT":15029109.06,"NETCASH_OPERATE":28436777.88,"NETCASH_INVEST":-49431692.38,"NETCASH_FINANCE":-44368112.39,"END_CASH":75429468.38,"DIVI_RATIO":1.513269107556,"DIVIDEND_RATE":11.23595505618,"CURRENT_RATIO":2.719148485372,"COMMON_ACS":null,"CURRENTDEBT_DEBT":97.622456033399,"ISSUED_COMMON_SHARES":794633719,"HK_COMMON_SHARES":794633719,"PER_SHARES":2000,"TOTAL_MARKET_CAP":707224009.91,"HKSK_MARKET_CAP":707224009.91,"PE_TTM":6.900284996975,"PB_TTM":1.927634421252,"REPORT_DATE_SQ":"2021-06-30 00:00:00","REPORT_TYPE_SQ":"2021年中报","OPERATE_INCOME_SQ":106923944.16,"DPS_HKD":0.1,"OPERATE_INCOME_QOQ_SQ":-1.057355792127,"NET_PROFIT_RATIO_SQ":23.344383745,"HOLDER_PROFIT_SQ":24960735.84,"HOLDER_PROFIT_QOQ_SQ":10.650467611377,"ROE_AVG_SQ":8.075342585601,"PE_TTM_SQ":9.024035185093,"PB_TTM_SQ":2.006021958547,"ROA_SQ":5.313353791109,"START_DATE":"2022-01-01 00:00:00","FISCAL_YEAR":"12-31","CURRENCY":"HKD","IS_CNY_CODE":0,"DPS_HKD_LY":0.0828,"ORG_TYPE":"一般企业","PREMIUM_INCOME":null,"PREMIUM_INCOME_YOY":null,"NET_INTEREST_INCOME":null,"NET_INTEREST_INCOME_YOY":null,"FEE_COMMISSION_INCOME":null,"FEE_COMMISSION_INCOME_YOY":null,"ACCOUNTS_RECE_TDAYS":3.090389565603,"INVENTORY_TDAYS":null,"CURRENT_ASSETS_TDAYS":0.255796030298,"TOTAL_ASSETS_TDAYS":0.23038621124,"PREMIUM_EXPENSE":null,"LOAN_DEPOSIT":null,"LOAN_EQUITY":null,"LOAN_ASSETS":null,"DEPOSIT_EQUITY":null,"DEPOSIT_ASSETS":null,"EQUITY_MULTIPLIER":1.53897086866,"EQUITY_RATIO":0.53897086866},{"SECUCODE":"00536.HK","SECURITY_CODE":"00536","SECURITY_NAME_ABBR":"贸易通","ORG_CODE":"10008954","STD_REPORT_DATE":"2021-12-31 00:00:00","REPORT_DATE":"2021-12-31 00:00:00","DATE_TYPE_CODE":"001","REPORT_TYPE":"2021年年报","PER_NETCASH_OPERATE":0.10366287716,"PER_OI":0.281739013393,"BPS":0.389573058125,"BASIC_EPS":0.0760368,"DILUTED_EPS":0.0760368,"OPERATE_INCOME":223879320,"OPERATE_INCOME_YOY":4.8282436173,"GROSS_PROFIT":205279737.6,"GROSS_PROFIT_YOY":2.729049428745,"HOLDER_PROFIT":60218692.8,"HOLDER_PROFIT_YOY":1.1717032967,"GROSS_PROFIT_RATIO":91.692139139962,"EPS_TTM":0.07578169836,"OPERATE_INCOME_QOQ":2.96627990584,"NET_PROFIT_RATIO":26.8978362093,"ROE_AVG":19.307247983831,"GROSS_PROFIT_QOQ":2.494150795432,"ROA":12.800590906129,"HOLDER_PROFIT_QOQ":-11.178045961959,"ROE_YEARLY":19.307247983831,"ROIC_YEARLY":19.142159506301,"TOTAL_ASSETS":461559728,"TOTAL_LIABILITIES":151991840,"TAX_EBT":14.573522930247,"OCF_SALES":36.793937733954,"TOTAL_PARENT_EQUITY":309567888,"DEBT_ASSET_RATIO":32.9300480045,"OPERATE_PROFIT":74390153.6,"PRETAX_PROFIT":70491836.8,"NETCASH_OPERATE":82374017.6,"NETCASH_INVEST":34380080,"NETCASH_FINANCE":-66326982.4,"END_CASH":134603940.8,"DIVI_RATIO":1.19898368559,"DIVIDEND_RATE":10.869565217391,"CURRENT_RATIO":2.716138304726,"COMMON_ACS":null,"CURRENTDEBT_DEBT":97.686390532544,"ISSUED_COMMON_SHARES":794633719,"HK_COMMON_SHARES":794633719,"PER_SHARES":2000,"TOTAL_MARKET_CAP":731063021.48,"HKSK_MARKET_CAP":731063021.48,"PE_TTM":7.132878873278,"PB_TTM":1.992610862418,"REPORT_DATE_SQ":"2020-12-31 00:00:00","REPORT_TYPE_SQ":"2020年年报","OPERATE_INCOME_SQ":219847309.32,"DPS_HKD":0.1,"OPERATE_INCOME_QOQ_SQ":-27.12882025845,"NET_PROFIT_RATIO_SQ":27.8699758435,"HOLDER_PROFIT_SQ":61271392,"HOLDER_PROFIT_QOQ_SQ":-1.13111474192,"ROE_AVG_SQ":19.27828253806,"PE_TTM_SQ":9.127759727451,"PB_TTM_SQ":2.029079682208,"ROA_SQ":12.354289806523,"START_DATE":"2021-01-01 00:00:00","FISCAL_YEAR":"12-31","CURRENCY":"HKD","IS_CNY_CODE":0,"DPS_HKD_LY":0.1005,"ORG_TYPE":"一般企业","PREMIUM_INCOME":null,"PREMIUM_INCOME_YOY":null,"NET_INTEREST_INCOME":null,"NET_INTEREST_INCOME_YOY":null,"FEE_COMMISSION_INCOME":null,"FEE_COMMISSION_INCOME_YOY":null,"ACCOUNTS_RECE_TDAYS":5.219641444515,"INVENTORY_TDAYS":null,"CURRENT_ASSETS_TDAYS":0.564386893321,"TOTAL_ASSETS_TDAYS":0.475896678325,"PREMIUM_EXPENSE":null,"LOAN_DEPOSIT":null,"LOAN_EQUITY":null,"LOAN_ASSETS":null,"DEPOSIT_EQUITY":null,"DEPOSIT_ASSETS":null,"EQUITY_MULTIPLIER":1.49098064073,"EQUITY_RATIO":0.490980640731},{"SECUCODE":"00536.HK","SECURITY_CODE":"00536","SECURITY_NAME_ABBR":"贸易通","ORG_CODE":"10008954","STD_REPORT_DATE":"2021-06-30 00:00:00","REPORT_DATE":"2021-06-30 00:00:00","DATE_TYPE_CODE":"002","REPORT_TYPE":"2021年中报","PER_NETCASH_OPERATE":0.046603298595,"PER_OI":0.134557522042,"BPS":0.375525874305,"BASIC_EPS":0.031452624,"DILUTED_EPS":0.031369416,"OPERATE_INCOME":106923944.16,"OPERATE_INCOME_YOY":7.3506929651,"GROSS_PROFIT":97516447.68,"GROSS_PROFIT_YOY":0.47184649603,"HOLDER_PROFIT":24960735.84,"HOLDER_PROFIT_YOY":48.6373996631,"GROSS_PROFIT_RATIO":91.201693358858,"EPS_TTM":0.08531865706,"OPERATE_INCOME_QOQ":-1.099656014657,"NET_PROFIT_RATIO":23.344383745,"ROE_AVG":8.075342585601,"GROSS_PROFIT_QOQ":0.229182476746,"ROA":5.313353791109,"HOLDER_PROFIT_QOQ":10.650467611377,"ROE_YEARLY":16.150685171202,"ROIC_YEARLY":15.254784600794,"TOTAL_ASSETS":451744552.8,"TOTAL_LIABILITIES":153339030.72,"TAX_EBT":16.547042786402,"OCF_SALES":34.634480397192,"TOTAL_PARENT_EQUITY":298405522.08,"DEBT_ASSET_RATIO":33.9437475825,"OPERATE_PROFIT":32139090,"PRETAX_PROFIT":29909947.68,"NETCASH_OPERATE":37032552.48,"NETCASH_INVEST":61852666.8,"NETCASH_FINANCE":-48454514.64,"END_CASH":136098333.12,"DIVI_RATIO":1.064960738138,"DIVIDEND_RATE":10.869565217391,"CURRENT_RATIO":2.422382651355,"COMMON_ACS":null,"CURRENTDEBT_DEBT":97.33888997417,"ISSUED_COMMON_SHARES":794633719,"HK_COMMON_SHARES":794633719,"PER_SHARES":2000,"TOTAL_MARKET_CAP":731063021.48,"HKSK_MARKET_CAP":731063021.48,"PE_TTM":7.132878873278,"PB_TTM":1.992610862418,"REPORT_DATE_SQ":"2020-06-30 00:00:00","REPORT_TYPE_SQ":"2020年中报","OPERATE_INCOME_SQ":109341508.32,"DPS_HKD":0.1,"OPERATE_INCOME_QOQ_SQ":-0.11307901005,"NET_PROFIT_RATIO_SQ":16.8600619868,"HOLDER_PROFIT_SQ":18435046.08,"HOLDER_PROFIT_QOQ_SQ":-15.837302461316,"ROE_AVG_SQ":5.680661908857,"PE_TTM_SQ":9.127759727451,"PB_TTM_SQ":2.029079682208,"ROA_SQ":3.528352520564,"START_DATE":"2021-01-01 00:00:00","FISCAL_YEAR":"12-31","CURRENCY":"HKD","IS_CNY_CODE":0,"DPS_HKD_LY":0.1005,"ORG_TYPE":"一般企业","PREMIUM_INCOME":null,"PREMIUM_INCOME_YOY":null,"NET_INTEREST_INCOME":null,"NET_INTEREST_INCOME_YOY":null,"FEE_COMMISSION_INCOME":null,"FEE_COMMISSION_INCOME_YOY":null,"ACCOUNTS_RECE_TDAYS":2.431677547545,"INVENTORY_TDAYS":null,"CURRENT_ASSETS_TDAYS":0.281918861285,"TOTAL_ASSETS_TDAYS":0.227607370113,"PREMIUM_EXPENSE":null,"LOAN_DEPOSIT":null,"LOAN_EQUITY":null,"LOAN_ASSETS":null,"DEPOSIT_EQUITY":null,"DEPOSIT_ASSETS":null,"EQUITY_MULTIPLIER":1.513861237055,"EQUITY_RATIO":0.513861237055},{"SECUCODE":"00536.HK","SECURITY_CODE":"00536","SECURITY_NAME_ABBR":"贸易通","ORG_CODE":"10008954","STD_REPORT_DATE":"2020-12-31 00:00:00","REPORT_DATE":"2020-12-31 00:00:00","DATE_TYPE_CODE":"001","REPORT_TYPE":"2020年年报","PER_NETCASH_OPERATE":0.07146328267,"PER_OI":0.276664964075,"BPS":0.407061729884,"BASIC_EPS":0.07743088,"DILUTED_EPS":0.07743088,"OPERATE_INCOME":219847309.32,"OPERATE_INCOME_YOY":-22.5289538074,"GROSS_PROFIT":199826377,"GROSS_PROFIT_YOY":-10.504622503664,"HOLDER_PROFIT":61271392,"HOLDER_PROFIT_YOY":-11.436600528,"GROSS_PROFIT_RATIO":90.893255695544,"EPS_TTM":0.077106458655,"OPERATE_INCOME_QOQ":-27.12882025845,"NET_PROFIT_RATIO":27.8699758435,"ROE_AVG":19.27828253806,"GROSS_PROFIT_QOQ":-9.694289892707,"ROA":12.354289806523,"HOLDER_PROFIT_QOQ":-1.13111474192,"ROE_YEARLY":19.27828253806,"ROIC_YEARLY":16.86967825955,"TOTAL_ASSETS":493407241.8,"TOTAL_LIABILITIES":169942265.52,"TAX_EBT":11.640834557173,"OCF_SALES":25.830261127892,"TOTAL_PARENT_EQUITY":323464976.28,"DEBT_ASSET_RATIO":34.4425965253,"OPERATE_PROFIT":78009086.68,"PRETAX_PROFIT":69343561.24,"NETCASH_OPERATE":56787134.08,"NETCASH_INVEST":-23063460.92,"NETCASH_FINANCE":-57481487.08,"END_CASH":86651887.84,"DIVI_RATIO":1.178384036627,"DIVIDEND_RATE":10.869565217391,"CURRENT_RATIO":2.427492762251,"COMMON_ACS":null,"CURRENTDEBT_DEBT":97.336047306332,"ISSUED_COMMON_SHARES":794633719,"HK_COMMON_SHARES":794633719,"PER_SHARES":2000,"TOTAL_MARKET_CAP":731063021.48,"HKSK_MARKET_CAP":731063021.48,"PE_TTM":7.132878873278,"PB_TTM":1.992610862418,"REPORT_DATE_SQ":"2019-12-31 00:00:00","REPORT_TYPE_SQ":"2019年年报","OPERATE_INCOME_SQ":302034621.5,"DPS_HKD":0.1,"OPERATE_INCOME_QOQ_SQ":24.550839207773,"NET_PROFIT_RATIO_SQ":24.379328242,"HOLDER_PROFIT_SQ":73634011.78,"HOLDER_PROFIT_QOQ_SQ":-3.674584886708,"ROE_AVG_SQ":22.780330449338,"PE_TTM_SQ":9.127759727451,"PB_TTM_SQ":2.029079682208,"ROA_SQ":14.359570091581,"START_DATE":"2020-01-01 00:00:00","FISCAL_YEAR":"12-31","CURRENCY":"HKD","IS_CNY_CODE":0,"DPS_HKD_LY":0.0845,"ORG_TYPE":"一般企业","PREMIUM_INCOME":null,"PREMIUM_INCOME_YOY":null,"NET_INTEREST_INCOME":null,"NET_INTEREST_INCOME_YOY":null,"FEE_COMMISSION_INCOME":null,"FEE_COMMISSION_INCOME_YOY":null,"ACCOUNTS_RECE_TDAYS":4.071973062713,"INVENTORY_TDAYS":null,"CURRENT_ASSETS_TDAYS":0.704667922884,"TOTAL_ASSETS_TDAYS":0.443283118576,"PREMIUM_EXPENSE":null,"LOAN_DEPOSIT":null,"LOAN_EQUITY":null,"LOAN_ASSETS":null,"DEPOSIT_EQUITY":null,"DEPOSIT_ASSETS":null,"EQUITY_MULTIPLIER":1.525380730471,"EQUITY_RATIO":0.525380730472},{"SECUCODE":"00536.HK","SECURITY_CODE":"00536","SECURITY_NAME_ABBR":"贸易通","ORG_CODE":"10008954","STD_REPORT_DATE":"2020-06-30 00:00:00","REPORT_DATE":"2020-06-30 00:00:00","DATE_TYPE_CODE":"002","REPORT_TYPE":"2020年中报","PER_NETCASH_OPERATE":0.045234397409,"PER_OI":0.13759988496,"BPS":0.390401437974,"BASIC_EPS":0.023201376,"DILUTED_EPS":0.023201376,"OPERATE_INCOME":109341508.32,"OPERATE_INCOME_YOY":-3.9979789555,"GROSS_PROFIT":97058480.64,"GROSS_PROFIT_YOY":-2.022521217182,"HOLDER_PROFIT":18435046.08,"HOLDER_PROFIT_YOY":-41.0124510434,"GROSS_PROFIT_RATIO":88.766363416122,"EPS_TTM":0.077988599198,"OPERATE_INCOME_QOQ":-0.11307901005,"NET_PROFIT_RATIO":16.8600619868,"ROE_AVG":5.680661908857,"GROSS_PROFIT_QOQ":-0.89732156471,"ROA":3.528352520564,"HOLDER_PROFIT_QOQ":-15.837302461316,"ROE_YEARLY":11.361323817713,"ROIC_YEARLY":10.903354421148,"TOTAL_ASSETS":503942107.68,"TOTAL_LIABILITIES":193715961.12,"TAX_EBT":17.493152364989,"OCF_SALES":32.873862810456,"TOTAL_PARENT_EQUITY":310226146.56,"DEBT_ASSET_RATIO":38.4401220235,"OPERATE_PROFIT":28907635.68,"PRETAX_PROFIT":22343655.84,"NETCASH_OPERATE":35944777.44,"NETCASH_INVEST":74763237.12,"NETCASH_FINANCE":-47647770.72,"END_CASH":182888956.8,"DIVI_RATIO":1.165055161073,"DIVIDEND_RATE":10.869565217391,"CURRENT_RATIO":1.88225812716,"COMMON_ACS":null,"CURRENTDEBT_DEBT":97.125046564155,"ISSUED_COMMON_SHARES":794633719,"HK_COMMON_SHARES":794633719,"PER_SHARES":2000,"TOTAL_MARKET_CAP":731063021.48,"HKSK_MARKET_CAP":731063021.48,"PE_TTM":7.132878873278,"PB_TTM":1.992610862418,"REPORT_DATE_SQ":"2019-06-30 00:00:00","REPORT_TYPE_SQ":"2019年中报","OPERATE_INCOME_SQ":109683046.08,"DPS_HKD":0.1,"OPERATE_INCOME_QOQ_SQ":1.777012405167,"NET_PROFIT_RATIO_SQ":27.4396894649,"HOLDER_PROFIT_SQ":30096687.24,"HOLDER_PROFIT_QOQ_SQ":-2.811970870926,"ROE_AVG_SQ":9.778096594928,"PE_TTM_SQ":9.127759727451,"PB_TTM_SQ":2.029079682208,"ROA_SQ":6.182379657813,"START_DATE":"2020-01-01 00:00:00","FISCAL_YEAR":"12-31","CURRENCY":"HKD","IS_CNY_CODE":0,"DPS_HKD_LY":0.0845,"ORG_TYPE":"一般企业","PREMIUM_INCOME":null,"PREMIUM_INCOME_YOY":null,"NET_INTEREST_INCOME":null,"NET_INTEREST_INCOME_YOY":null,"FEE_COMMISSION_INCOME":null,"FEE_COMMISSION_INCOME_YOY":null,"ACCOUNTS_RECE_TDAYS":2.195559468457,"INVENTORY_TDAYS":null,"CURRENT_ASSETS_TDAYS":0.367197253912,"TOTAL_ASSETS_TDAYS":0.209272808329,"PREMIUM_EXPENSE":null,"LOAN_DEPOSIT":null,"LOAN_EQUITY":null,"LOAN_ASSETS":null,"DEPOSIT_EQUITY":null,"DEPOSIT_ASSETS":null,"EQUITY_MULTIPLIER":1.624434668928,"EQUITY_RATIO":0.624434668928}],"count":42},"success":true,"message":"ok","code":0}