{"version":"11298cbac647e2aa3906f039170e0f9d","result":{"pages":5,"data":[{"SECUCODE":"00538.HK","SECURITY_CODE":"00538","SECURITY_NAME_ABBR":"味千(中国)","ORG_CODE":"10096359","STD_REPORT_DATE":"2024-06-30 00:00:00","REPORT_DATE":"2024-06-30 00:00:00","DATE_TYPE_CODE":"002","REPORT_TYPE":"2024年中报","PER_NETCASH_OPERATE":0.175723479995,"PER_OI":0.757453591985,"BPS":2.66564500198,"BASIC_EPS":-0.01,"DILUTED_EPS":-0.01,"OPERATE_INCOME":826790000,"OPERATE_INCOME_YOY":-6.5612473117,"GROSS_PROFIT":636261000,"GROSS_PROFIT_YOY":-4.314747530649,"HOLDER_PROFIT":-7157000,"HOLDER_PROFIT_YOY":-105.3773620346,"GROSS_PROFIT_RATIO":76.955575176284,"EPS_TTM":0.037503017987,"OPERATE_INCOME_QOQ":-3.198017413185,"NET_PROFIT_RATIO":-0.515366659,"ROE_AVG":-0.242197776464,"GROSS_PROFIT_QOQ":-2.089155556203,"ROA":-0.18009913379,"HOLDER_PROFIT_QOQ":-77.406892288673,"ROE_YEARLY":-0.484395552928,"ROIC_YEARLY":-0.628017596251,"TOTAL_ASSETS":3986334000,"TOTAL_LIABILITIES":1018125000,"TAX_EBT":72.626236669665,"OCF_SALES":23.199240435903,"TOTAL_PARENT_EQUITY":2909655000,"DEBT_ASSET_RATIO":25.540383721,"OPERATE_PROFIT":11121000,"PRETAX_PROFIT":-15566000,"NETCASH_OPERATE":191809000,"NETCASH_INVEST":-353993000,"NETCASH_FINANCE":-115380000,"END_CASH":857336000,"DIVI_RATIO":2.078097288782,"DIVIDEND_RATE":10.487804878049,"CURRENT_RATIO":3.572607205457,"COMMON_ACS":10000000000,"CURRENTDEBT_DEBT":52.785856353591,"ISSUED_COMMON_SHARES":1091538820,"HK_COMMON_SHARES":1091538820,"PER_SHARES":1000,"TOTAL_MARKET_CAP":895061832.4,"HKSK_MARKET_CAP":895061832.4,"PE_TTM":18.7491996259,"PB_TTM":0.280756664689,"REPORT_DATE_SQ":"2023-06-30 00:00:00","REPORT_TYPE_SQ":"2023年中报","OPERATE_INCOME_SQ":884847000,"DPS_HKD":0.086,"OPERATE_INCOME_QOQ_SQ":14.504067724536,"NET_PROFIT_RATIO_SQ":15.7762867479,"HOLDER_PROFIT_SQ":133095000,"HOLDER_PROFIT_QOQ_SQ":166.503133990244,"ROE_AVG_SQ":4.557234822143,"PE_TTM_SQ":9.719982385849,"PB_TTM_SQ":0.325696352025,"ROA_SQ":3.395513620705,"START_DATE":"2024-01-01 00:00:00","FISCAL_YEAR":"12-31","CURRENCY":"HKD","IS_CNY_CODE":0,"DPS_HKD_LY":0.086,"ORG_TYPE":"一般企业","PREMIUM_INCOME":null,"PREMIUM_INCOME_YOY":null,"NET_INTEREST_INCOME":null,"NET_INTEREST_INCOME_YOY":null,"FEE_COMMISSION_INCOME":null,"FEE_COMMISSION_INCOME_YOY":null,"ACCOUNTS_RECE_TDAYS":4.708371298405,"INVENTORY_TDAYS":2.537426335941,"CURRENT_ASSETS_TDAYS":0.432654507226,"TOTAL_ASSETS_TDAYS":0.208053881272,"PREMIUM_EXPENSE":null,"LOAN_DEPOSIT":null,"LOAN_EQUITY":null,"LOAN_ASSETS":null,"DEPOSIT_EQUITY":null,"DEPOSIT_ASSETS":null,"EQUITY_MULTIPLIER":1.343009875653,"EQUITY_RATIO":0.349912618506},{"SECUCODE":"00538.HK","SECURITY_CODE":"00538","SECURITY_NAME_ABBR":"味千(中国)","ORG_CODE":"10096359","STD_REPORT_DATE":"2023-12-31 00:00:00","REPORT_DATE":"2023-12-31 00:00:00","DATE_TYPE_CODE":"001","REPORT_TYPE":"2023年年报","PER_NETCASH_OPERATE":0.460979482159,"PER_OI":1.66316210357,"BPS":2.748771683631,"BASIC_EPS":0.17,"DILUTED_EPS":0.17,"OPERATE_INCOME":1815406000,"OPERATE_INCOME_YOY":26.9699368859,"GROSS_PROFIT":1373330000,"GROSS_PROFIT_YOY":30.178518786038,"HOLDER_PROFIT":181188000,"HOLDER_PROFIT_YOY":225.9071894153,"GROSS_PROFIT_RATIO":75.648642782937,"EPS_TTM":0.16599318016,"OPERATE_INCOME_QOQ":10.886835209538,"NET_PROFIT_RATIO":10.6051759221,"ROE_AVG":6.167990841357,"GROSS_PROFIT_QOQ":12.238493210917,"ROA":4.627989826433,"HOLDER_PROFIT_QOQ":89.325196965581,"ROE_YEARLY":6.167990841357,"ROIC_YEARLY":7.787644547847,"TOTAL_ASSETS":3961511000,"TOTAL_LIABILITIES":903585000,"TAX_EBT":22.328996469995,"OCF_SALES":27.717050621183,"TOTAL_PARENT_EQUITY":3000391000,"DEBT_ASSET_RATIO":22.8090998611,"OPERATE_PROFIT":126842000,"PRETAX_PROFIT":247875000,"NETCASH_OPERATE":503177000,"NETCASH_INVEST":-506578000,"NETCASH_FINANCE":-329044000,"END_CASH":1135414000,"DIVI_RATIO":0.469506758801,"DIVIDEND_RATE":10.238095238095,"CURRENT_RATIO":4.070892247893,"COMMON_ACS":10000000000,"CURRENTDEBT_DEBT":51.705373595179,"ISSUED_COMMON_SHARES":1091538820,"HK_COMMON_SHARES":1091538820,"PER_SHARES":1000,"TOTAL_MARKET_CAP":916892608.8,"HKSK_MARKET_CAP":916892608.8,"PE_TTM":19.206497177751,"PB_TTM":0.287604388218,"REPORT_DATE_SQ":"2022-12-31 00:00:00","REPORT_TYPE_SQ":"2022年年报","OPERATE_INCOME_SQ":1429792000,"DPS_HKD":0.086,"OPERATE_INCOME_QOQ_SQ":-13.926854875218,"NET_PROFIT_RATIO_SQ":-10.9364159262,"HOLDER_PROFIT_SQ":-143906000,"HOLDER_PROFIT_QOQ_SQ":-6.414949235013,"ROE_AVG_SQ":-4.849548933245,"PE_TTM_SQ":9.213733303253,"PB_TTM_SQ":0.308733000357,"ROA_SQ":-3.522876505805,"START_DATE":"2023-01-01 00:00:00","FISCAL_YEAR":"12-31","CURRENCY":"HKD","IS_CNY_CODE":0,"DPS_HKD_LY":0.068,"ORG_TYPE":"一般企业","PREMIUM_INCOME":null,"PREMIUM_INCOME_YOY":null,"NET_INTEREST_INCOME":null,"NET_INTEREST_INCOME_YOY":null,"FEE_COMMISSION_INCOME":null,"FEE_COMMISSION_INCOME_YOY":null,"ACCOUNTS_RECE_TDAYS":10.921344799685,"INVENTORY_TDAYS":5.036382175184,"CURRENT_ASSETS_TDAYS":1.00180477674,"TOTAL_ASSETS_TDAYS":0.463699610286,"PREMIUM_EXPENSE":null,"LOAN_DEPOSIT":null,"LOAN_EQUITY":null,"LOAN_ASSETS":null,"DEPOSIT_EQUITY":null,"DEPOSIT_ASSETS":null,"EQUITY_MULTIPLIER":1.295489491897,"EQUITY_RATIO":0.301155749367},{"SECUCODE":"00538.HK","SECURITY_CODE":"00538","SECURITY_NAME_ABBR":"味千(中国)","ORG_CODE":"10096359","STD_REPORT_DATE":"2023-06-30 00:00:00","REPORT_DATE":"2023-06-30 00:00:00","DATE_TYPE_CODE":"002","REPORT_TYPE":"2023年中报","PER_NETCASH_OPERATE":0.253671234524,"PER_OI":0.810641805667,"BPS":2.717564364774,"BASIC_EPS":0.12,"DILUTED_EPS":0.12,"OPERATE_INCOME":884847000,"OPERATE_INCOME_YOY":30.6106995302,"GROSS_PROFIT":664952000,"GROSS_PROFIT_YOY":33.974037382462,"HOLDER_PROFIT":133095000,"HOLDER_PROFIT_YOY":224.9565780703,"GROSS_PROFIT_RATIO":75.148811037388,"EPS_TTM":0.087676222088,"OPERATE_INCOME_QOQ":14.504067724536,"NET_PROFIT_RATIO":15.7762867479,"ROE_AVG":4.557234822143,"GROSS_PROFIT_QOQ":15.983843921896,"ROA":3.395513620705,"HOLDER_PROFIT_QOQ":166.503133990244,"ROE_YEARLY":9.114469644286,"ROIC_YEARLY":11.342918644313,"TOTAL_ASSETS":3970878000,"TOTAL_LIABILITIES":948548000,"TAX_EBT":22.984066734343,"OCF_SALES":31.29264155272,"TOTAL_PARENT_EQUITY":2966327000,"DEBT_ASSET_RATIO":23.8876137721,"OPERATE_PROFIT":65251000,"PRETAX_PROFIT":181256000,"NETCASH_OPERATE":276892000,"NETCASH_INVEST":-33029000,"NETCASH_FINANCE":-145100000,"END_CASH":1578250000,"DIVI_RATIO":0.888894595866,"DIVIDEND_RATE":10.238095238095,"CURRENT_RATIO":3.325198356216,"COMMON_ACS":10000000000,"CURRENTDEBT_DEBT":57.772932945934,"ISSUED_COMMON_SHARES":1091538820,"HK_COMMON_SHARES":1091538820,"PER_SHARES":1000,"TOTAL_MARKET_CAP":916892608.8,"HKSK_MARKET_CAP":916892608.8,"PE_TTM":19.206497177751,"PB_TTM":0.287604388218,"REPORT_DATE_SQ":"2022-06-30 00:00:00","REPORT_TYPE_SQ":"2022年中报","OPERATE_INCOME_SQ":677469000,"DPS_HKD":0.086,"OPERATE_INCOME_QOQ_SQ":-16.785466852419,"NET_PROFIT_RATIO_SQ":-17.7662741764,"HOLDER_PROFIT_SQ":-106513000,"HOLDER_PROFIT_QOQ_SQ":-745.80229226361,"ROE_AVG_SQ":-3.582705749608,"PE_TTM_SQ":9.213733303253,"PB_TTM_SQ":0.308733000357,"ROA_SQ":-2.527011403853,"START_DATE":"2023-01-01 00:00:00","FISCAL_YEAR":"12-31","CURRENCY":"HKD","IS_CNY_CODE":0,"DPS_HKD_LY":0.068,"ORG_TYPE":"一般企业","PREMIUM_INCOME":null,"PREMIUM_INCOME_YOY":null,"NET_INTEREST_INCOME":null,"NET_INTEREST_INCOME_YOY":null,"FEE_COMMISSION_INCOME":null,"FEE_COMMISSION_INCOME_YOY":null,"ACCOUNTS_RECE_TDAYS":5.72770259992,"INVENTORY_TDAYS":2.41783676207,"CURRENT_ASSETS_TDAYS":0.499269867888,"TOTAL_ASSETS_TDAYS":0.225741766463,"PREMIUM_EXPENSE":null,"LOAN_DEPOSIT":null,"LOAN_EQUITY":null,"LOAN_ASSETS":null,"DEPOSIT_EQUITY":null,"DEPOSIT_ASSETS":null,"EQUITY_MULTIPLIER":1.313846601795,"EQUITY_RATIO":0.319771892984},{"SECUCODE":"00538.HK","SECURITY_CODE":"00538","SECURITY_NAME_ABBR":"味千(中国)","ORG_CODE":"10096359","STD_REPORT_DATE":"2022-12-31 00:00:00","REPORT_DATE":"2022-12-31 00:00:00","DATE_TYPE_CODE":"001","REPORT_TYPE":"2022年年报","PER_NETCASH_OPERATE":0.274770804762,"PER_OI":1.309886532483,"BPS":2.633635146389,"BASIC_EPS":-0.13,"DILUTED_EPS":-0.13,"OPERATE_INCOME":1429792000,"OPERATE_INCOME_YOY":-28.374634119,"GROSS_PROFIT":1054959000,"GROSS_PROFIT_YOY":-27.686714333599,"HOLDER_PROFIT":-143906000,"HOLDER_PROFIT_YOY":-787.2301814709,"GROSS_PROFIT_RATIO":73.784088874466,"EPS_TTM":-0.131837729784,"OPERATE_INCOME_QOQ":-13.926854875218,"NET_PROFIT_RATIO":-10.9364159262,"ROE_AVG":-4.849548933245,"GROSS_PROFIT_QOQ":-13.329532281691,"ROA":-3.522876505805,"HOLDER_PROFIT_QOQ":-6.414949235013,"ROE_YEARLY":-4.849548933245,"ROIC_YEARLY":-5.669484415576,"TOTAL_ASSETS":3868584000,"TOTAL_LIABILITIES":947272000,"TAX_EBT":11.539049019885,"OCF_SALES":20.976687518185,"TOTAL_PARENT_EQUITY":2874715000,"DEBT_ASSET_RATIO":24.4862719796,"OPERATE_PROFIT":-114084000,"PRETAX_PROFIT":-176765000,"NETCASH_OPERATE":299923000,"NETCASH_INVEST":-47908000,"NETCASH_FINANCE":-347817000,"END_CASH":1465111000,"DIVI_RATIO":-0.591142764121,"DIVIDEND_RATE":10.238095238095,"CURRENT_RATIO":3.212000276006,"COMMON_ACS":10000000000,"CURRENTDEBT_DEBT":56.606866876673,"ISSUED_COMMON_SHARES":1091538820,"HK_COMMON_SHARES":1091538820,"PER_SHARES":1000,"TOTAL_MARKET_CAP":916892608.8,"HKSK_MARKET_CAP":916892608.8,"PE_TTM":19.206497177751,"PB_TTM":0.287604388218,"REPORT_DATE_SQ":"2021-12-31 00:00:00","REPORT_TYPE_SQ":"2021年年报","OPERATE_INCOME_SQ":1996209000,"DPS_HKD":0.086,"OPERATE_INCOME_QOQ_SQ":-6.777796198184,"NET_PROFIT_RATIO_SQ":0.8997554865,"HOLDER_PROFIT_SQ":20940000,"HOLDER_PROFIT_QOQ_SQ":-74.206422526884,"ROE_AVG_SQ":0.673542222557,"PE_TTM_SQ":9.213733303253,"PB_TTM_SQ":0.308733000357,"ROA_SQ":0.469948699511,"START_DATE":"2022-01-01 00:00:00","FISCAL_YEAR":"12-31","CURRENCY":"HKD","IS_CNY_CODE":0,"DPS_HKD_LY":0.098,"ORG_TYPE":"一般企业","PREMIUM_INCOME":null,"PREMIUM_INCOME_YOY":null,"NET_INTEREST_INCOME":null,"NET_INTEREST_INCOME_YOY":null,"FEE_COMMISSION_INCOME":null,"FEE_COMMISSION_INCOME_YOY":null,"ACCOUNTS_RECE_TDAYS":9.079745095113,"INVENTORY_TDAYS":3.41233448494,"CURRENT_ASSETS_TDAYS":0.809746690812,"TOTAL_ASSETS_TDAYS":0.350018807068,"PREMIUM_EXPENSE":null,"LOAN_DEPOSIT":null,"LOAN_EQUITY":null,"LOAN_ASSETS":null,"DEPOSIT_EQUITY":null,"DEPOSIT_ASSETS":null,"EQUITY_MULTIPLIER":1.32426252314,"EQUITY_RATIO":0.329518578363},{"SECUCODE":"00538.HK","SECURITY_CODE":"00538","SECURITY_NAME_ABBR":"味千(中国)","ORG_CODE":"10096359","STD_REPORT_DATE":"2022-06-30 00:00:00","REPORT_DATE":"2022-06-30 00:00:00","DATE_TYPE_CODE":"002","REPORT_TYPE":"2022年中报","PER_NETCASH_OPERATE":0.091593627426,"PER_OI":0.620654975881,"BPS":2.64383450879,"BASIC_EPS":-0.1,"DILUTED_EPS":-0.1,"OPERATE_INCOME":677469000,"OPERATE_INCOME_YOY":-33.0922569138,"GROSS_PROFIT":496329000,"GROSS_PROFIT_YOY":-32.746292319054,"HOLDER_PROFIT":-106513000,"HOLDER_PROFIT_YOY":-314.4931330299,"GROSS_PROFIT_RATIO":73.262245209744,"EPS_TTM":-0.123890234156,"OPERATE_INCOME_QOQ":-16.785466852419,"NET_PROFIT_RATIO":-17.7662741764,"ROE_AVG":-3.582705749608,"GROSS_PROFIT_QOQ":-16.565252767033,"ROA":-2.527011403853,"HOLDER_PROFIT_QOQ":-745.80229226361,"ROE_YEARLY":-7.165411499216,"ROIC_YEARLY":-8.070786938287,"TOTAL_ASSETS":4128741000,"TOTAL_LIABILITIES":1201651000,"TAX_EBT":11.542192759396,"OCF_SALES":14.757575623387,"TOTAL_PARENT_EQUITY":2885848000,"DEBT_ASSET_RATIO":29.1045381631,"OPERATE_PROFIT":-99587000,"PRETAX_PROFIT":-136066000,"NETCASH_OPERATE":99978000,"NETCASH_INVEST":-23196000,"NETCASH_FINANCE":-88619000,"END_CASH":1528194000,"DIVI_RATIO":-0.629064272346,"DIVIDEND_RATE":10.238095238095,"CURRENT_RATIO":2.761663873322,"COMMON_ACS":10000000000,"CURRENTDEBT_DEBT":54.320430807281,"ISSUED_COMMON_SHARES":1091538820,"HK_COMMON_SHARES":1091538820,"PER_SHARES":1000,"TOTAL_MARKET_CAP":916892608.8,"HKSK_MARKET_CAP":916892608.8,"PE_TTM":19.206497177751,"PB_TTM":0.287604388218,"REPORT_DATE_SQ":"2021-06-30 00:00:00","REPORT_TYPE_SQ":"2021年中报","OPERATE_INCOME_SQ":1012542000,"DPS_HKD":0.086,"OPERATE_INCOME_QOQ_SQ":17.618318916746,"NET_PROFIT_RATIO_SQ":5.0439389181,"HOLDER_PROFIT_SQ":49658000,"HOLDER_PROFIT_QOQ_SQ":204.257204499923,"ROE_AVG_SQ":1.584263413064,"PE_TTM_SQ":9.213733303253,"PB_TTM_SQ":0.308733000357,"ROA_SQ":1.086490750618,"START_DATE":"2022-01-01 00:00:00","FISCAL_YEAR":"12-31","CURRENCY":"HKD","IS_CNY_CODE":0,"DPS_HKD_LY":0.098,"ORG_TYPE":"一般企业","PREMIUM_INCOME":null,"PREMIUM_INCOME_YOY":null,"NET_INTEREST_INCOME":null,"NET_INTEREST_INCOME_YOY":null,"FEE_COMMISSION_INCOME":null,"FEE_COMMISSION_INCOME_YOY":null,"ACCOUNTS_RECE_TDAYS":4.085679565541,"INVENTORY_TDAYS":1.626076106179,"CURRENT_ASSETS_TDAYS":0.375145462041,"TOTAL_ASSETS_TDAYS":0.160728914664,"PREMIUM_EXPENSE":null,"LOAN_DEPOSIT":null,"LOAN_EQUITY":null,"LOAN_ASSETS":null,"DEPOSIT_EQUITY":null,"DEPOSIT_ASSETS":null,"EQUITY_MULTIPLIER":1.410527520507,"EQUITY_RATIO":0.416394418556},{"SECUCODE":"00538.HK","SECURITY_CODE":"00538","SECURITY_NAME_ABBR":"味千(中国)","ORG_CODE":"10096359","STD_REPORT_DATE":"2021-12-31 00:00:00","REPORT_DATE":"2021-12-31 00:00:00","DATE_TYPE_CODE":"001","REPORT_TYPE":"2021年年报","PER_NETCASH_OPERATE":0.38268634367,"PER_OI":1.828802570668,"BPS":2.803477937688,"BASIC_EPS":0.02,"DILUTED_EPS":0.02,"OPERATE_INCOME":1996209000,"OPERATE_INCOME_YOY":9.6463889688,"GROSS_PROFIT":1458873000,"GROSS_PROFIT_YOY":11.788721612656,"HOLDER_PROFIT":20940000,"HOLDER_PROFIT_YOY":126.891662814,"GROSS_PROFIT_RATIO":73.08217726701,"EPS_TTM":0.019183926047,"OPERATE_INCOME_QOQ":-6.777796198184,"NET_PROFIT_RATIO":0.8997554865,"ROE_AVG":0.673542222557,"GROSS_PROFIT_QOQ":-6.145465961742,"ROA":0.469948699511,"HOLDER_PROFIT_QOQ":-74.206422526884,"ROE_YEARLY":0.673542222557,"ROIC_YEARLY":0.758618278607,"TOTAL_ASSETS":4301217000,"TOTAL_LIABILITIES":1187068000,"TAX_EBT":65.74942791762,"OCF_SALES":20.925514312379,"TOTAL_PARENT_EQUITY":3060105000,"DEBT_ASSET_RATIO":27.598421563,"OPERATE_PROFIT":24030000,"PRETAX_PROFIT":52440000,"NETCASH_OPERATE":417717000,"NETCASH_INVEST":-104574000,"NETCASH_FINANCE":-519838000,"END_CASH":1527538000,"DIVI_RATIO":4.062511490621,"DIVIDEND_RATE":10.238095238095,"CURRENT_RATIO":3.145528551409,"COMMON_ACS":10000000000,"CURRENTDEBT_DEBT":48.450299393127,"ISSUED_COMMON_SHARES":1091538820,"HK_COMMON_SHARES":1091538820,"PER_SHARES":1000,"TOTAL_MARKET_CAP":916892608.8,"HKSK_MARKET_CAP":916892608.8,"PE_TTM":19.206497177751,"PB_TTM":0.287604388218,"REPORT_DATE_SQ":"2020-12-31 00:00:00","REPORT_TYPE_SQ":"2020年年报","OPERATE_INCOME_SQ":1820588000,"DPS_HKD":0.086,"OPERATE_INCOME_QOQ_SQ":-10.448997500268,"NET_PROFIT_RATIO_SQ":-4.3331604954,"HOLDER_PROFIT_SQ":-77868000,"HOLDER_PROFIT_QOQ_SQ":-96.964638033085,"ROE_AVG_SQ":-2.40079841624,"PE_TTM_SQ":9.213733303253,"PB_TTM_SQ":0.308733000357,"ROA_SQ":-1.632851629381,"START_DATE":"2021-01-01 00:00:00","FISCAL_YEAR":"12-31","CURRENCY":"HKD","IS_CNY_CODE":0,"DPS_HKD_LY":0.119,"ORG_TYPE":"一般企业","PREMIUM_INCOME":null,"PREMIUM_INCOME_YOY":null,"NET_INTEREST_INCOME":null,"NET_INTEREST_INCOME_YOY":null,"FEE_COMMISSION_INCOME":null,"FEE_COMMISSION_INCOME_YOY":null,"ACCOUNTS_RECE_TDAYS":12.539946478378,"INVENTORY_TDAYS":4.172041507984,"CURRENT_ASSETS_TDAYS":1.038795414896,"TOTAL_ASSETS_TDAYS":0.448001825932,"PREMIUM_EXPENSE":null,"LOAN_DEPOSIT":null,"LOAN_EQUITY":null,"LOAN_ASSETS":null,"DEPOSIT_EQUITY":null,"DEPOSIT_ASSETS":null,"EQUITY_MULTIPLIER":1.38118535754,"EQUITY_RATIO":0.387917408063},{"SECUCODE":"00538.HK","SECURITY_CODE":"00538","SECURITY_NAME_ABBR":"味千(中国)","ORG_CODE":"10096359","STD_REPORT_DATE":"2021-06-30 00:00:00","REPORT_DATE":"2021-06-30 00:00:00","DATE_TYPE_CODE":"002","REPORT_TYPE":"2021年中报","PER_NETCASH_OPERATE":0.194427349822,"PER_OI":0.927628025176,"BPS":2.850232115428,"BASIC_EPS":0.05,"DILUTED_EPS":0.05,"OPERATE_INCOME":1012542000,"OPERATE_INCOME_YOY":46.3665734296,"GROSS_PROFIT":737995000,"GROSS_PROFIT_YOY":51.035356429484,"HOLDER_PROFIT":49658000,"HOLDER_PROFIT_YOY":145.3941294233,"GROSS_PROFIT_RATIO":72.885371668533,"EPS_TTM":0.074374817013,"OPERATE_INCOME_QOQ":17.618318916746,"NET_PROFIT_RATIO":5.0439389181,"ROE_AVG":1.584263413064,"GROSS_PROFIT_QOQ":19.108493540747,"ROA":1.086490750618,"HOLDER_PROFIT_QOQ":204.257204499923,"ROE_YEARLY":3.168526826128,"ROIC_YEARLY":3.583152731362,"TOTAL_ASSETS":4530595000,"TOTAL_LIABILITIES":1356394000,"TAX_EBT":40.770979264276,"OCF_SALES":20.95962439089,"TOTAL_PARENT_EQUITY":3111139000,"DEBT_ASSET_RATIO":29.9385400814,"OPERATE_PROFIT":40180000,"PRETAX_PROFIT":86228000,"NETCASH_OPERATE":212225000,"NETCASH_INVEST":-41775000,"NETCASH_FINANCE":-174940000,"END_CASH":1724963000,"DIVI_RATIO":1.047867048687,"DIVIDEND_RATE":10.238095238095,"CURRENT_RATIO":2.703041382972,"COMMON_ACS":10000000000,"CURRENTDEBT_DEBT":54.844315147369,"ISSUED_COMMON_SHARES":1091538820,"HK_COMMON_SHARES":1091538820,"PER_SHARES":1000,"TOTAL_MARKET_CAP":916892608.8,"HKSK_MARKET_CAP":916892608.8,"PE_TTM":19.206497177751,"PB_TTM":0.287604388218,"REPORT_DATE_SQ":"2020-06-30 00:00:00","REPORT_TYPE_SQ":"2020年中报","OPERATE_INCOME_SQ":691785000,"DPS_HKD":0.086,"OPERATE_INCOME_QOQ_SQ":-20.743190719122,"NET_PROFIT_RATIO_SQ":-17.1904565725,"HOLDER_PROFIT_SQ":-109393000,"HOLDER_PROFIT_QOQ_SQ":-125.270868889869,"ROE_AVG_SQ":-3.363670312772,"PE_TTM_SQ":9.213733303253,"PB_TTM_SQ":0.308733000357,"ROA_SQ":-2.264806576972,"START_DATE":"2021-01-01 00:00:00","FISCAL_YEAR":"12-31","CURRENCY":"HKD","IS_CNY_CODE":0,"DPS_HKD_LY":0.119,"ORG_TYPE":"一般企业","PREMIUM_INCOME":null,"PREMIUM_INCOME_YOY":null,"NET_INTEREST_INCOME":null,"NET_INTEREST_INCOME_YOY":null,"FEE_COMMISSION_INCOME":null,"FEE_COMMISSION_INCOME_YOY":null,"ACCOUNTS_RECE_TDAYS":6.454985911183,"INVENTORY_TDAYS":2.056454814426,"CURRENT_ASSETS_TDAYS":0.500637823213,"TOTAL_ASSETS_TDAYS":0.221538829114,"PREMIUM_EXPENSE":null,"LOAN_DEPOSIT":null,"LOAN_EQUITY":null,"LOAN_ASSETS":null,"DEPOSIT_EQUITY":null,"DEPOSIT_ASSETS":null,"EQUITY_MULTIPLIER":1.427318244812,"EQUITY_RATIO":0.435979877466},{"SECUCODE":"00538.HK","SECURITY_CODE":"00538","SECURITY_NAME_ABBR":"味千(中国)","ORG_CODE":"10096359","STD_REPORT_DATE":"2020-12-31 00:00:00","REPORT_DATE":"2020-12-31 00:00:00","DATE_TYPE_CODE":"001","REPORT_TYPE":"2020年年报","PER_NETCASH_OPERATE":0.371339060575,"PER_OI":1.667909529777,"BPS":2.89295070605,"BASIC_EPS":-0.07,"DILUTED_EPS":-0.07,"OPERATE_INCOME":1820588000,"OPERATE_INCOME_YOY":-29.0247327397,"GROSS_PROFIT":1305027000,"GROSS_PROFIT_YOY":-29.622303390086,"HOLDER_PROFIT":-77868000,"HOLDER_PROFIT_YOY":-149.7746754367,"GROSS_PROFIT_RATIO":71.681621542051,"EPS_TTM":-0.071337820124,"OPERATE_INCOME_QOQ":-10.448997500268,"NET_PROFIT_RATIO":-4.3331604954,"ROE_AVG":-2.40079841624,"GROSS_PROFIT_QOQ":-9.855336350066,"ROA":-1.632851629381,"HOLDER_PROFIT_QOQ":-96.964638033085,"ROE_YEARLY":-2.40079841624,"ROIC_YEARLY":-2.620300701277,"TOTAL_ASSETS":4610394000,"TOTAL_LIABILITIES":1381540000,"TAX_EBT":19.500198981622,"OCF_SALES":22.263741164942,"TOTAL_PARENT_EQUITY":3157768000,"DEBT_ASSET_RATIO":29.9657686523,"OPERATE_PROFIT":-37954000,"PRETAX_PROFIT":-97999000,"NETCASH_OPERATE":405331000,"NETCASH_INVEST":-6340000,"NETCASH_FINANCE":-350223000,"END_CASH":1738380000,"DIVI_RATIO":-1.092476891837,"DIVIDEND_RATE":10.238095238095,"CURRENT_RATIO":2.750501301423,"COMMON_ACS":10000000000,"CURRENTDEBT_DEBT":53.532651968094,"ISSUED_COMMON_SHARES":1091538820,"HK_COMMON_SHARES":1091538820,"PER_SHARES":1000,"TOTAL_MARKET_CAP":916892608.8,"HKSK_MARKET_CAP":916892608.8,"PE_TTM":19.206497177751,"PB_TTM":0.287604388218,"REPORT_DATE_SQ":"2019-12-31 00:00:00","REPORT_TYPE_SQ":"2019年年报","OPERATE_INCOME_SQ":2565102000,"DPS_HKD":0.086,"OPERATE_INCOME_QOQ_SQ":4.776473490768,"NET_PROFIT_RATIO_SQ":6.5615324459,"HOLDER_PROFIT_SQ":156441000,"HOLDER_PROFIT_QOQ_SQ":-69.700297494538,"ROE_AVG_SQ":4.76985970409,"PE_TTM_SQ":9.213733303253,"PB_TTM_SQ":0.308733000357,"ROA_SQ":3.451453979676,"START_DATE":"2020-01-01 00:00:00","FISCAL_YEAR":"12-31","CURRENCY":"HKD","IS_CNY_CODE":0,"DPS_HKD_LY":0.078,"ORG_TYPE":"一般企业","PREMIUM_INCOME":null,"PREMIUM_INCOME_YOY":null,"NET_INTEREST_INCOME":null,"NET_INTEREST_INCOME_YOY":null,"FEE_COMMISSION_INCOME":null,"FEE_COMMISSION_INCOME_YOY":null,"ACCOUNTS_RECE_TDAYS":8.935905584855,"INVENTORY_TDAYS":3.907348811829,"CURRENT_ASSETS_TDAYS":0.884542534334,"TOTAL_ASSETS_TDAYS":0.381767874124,"PREMIUM_EXPENSE":null,"LOAN_DEPOSIT":null,"LOAN_EQUITY":null,"LOAN_ASSETS":null,"DEPOSIT_EQUITY":null,"DEPOSIT_ASSETS":null,"EQUITY_MULTIPLIER":1.4278731711,"EQUITY_RATIO":0.43750522521},{"SECUCODE":"00538.HK","SECURITY_CODE":"00538","SECURITY_NAME_ABBR":"味千(中国)","ORG_CODE":"10096359","STD_REPORT_DATE":"2020-06-30 00:00:00","REPORT_DATE":"2020-06-30 00:00:00","DATE_TYPE_CODE":"002","REPORT_TYPE":"2020年中报","PER_NETCASH_OPERATE":0.049869962481,"PER_OI":0.633770404977,"BPS":2.909020679631,"BASIC_EPS":-0.1,"DILUTED_EPS":-0.1,"OPERATE_INCOME":691785000,"OPERATE_INCOME_YOY":-43.4755680551,"GROSS_PROFIT":488624000,"GROSS_PROFIT_YOY":-45.419775702605,"HOLDER_PROFIT":-109393000,"HOLDER_PROFIT_YOY":-226.3461227507,"GROSS_PROFIT_RATIO":70.632349646205,"EPS_TTM":-0.036218592757,"OPERATE_INCOME_QOQ":-20.743190719122,"NET_PROFIT_RATIO":-17.1904565725,"ROE_AVG":-3.363670312772,"GROSS_PROFIT_QOQ":-21.928050135926,"ROA":-2.264806576972,"HOLDER_PROFIT_QOQ":-125.270868889869,"ROE_YEARLY":-6.727340625544,"ROIC_YEARLY":-7.168492133403,"TOTAL_ASSETS":4732975000,"TOTAL_LIABILITIES":1487176000,"TAX_EBT":20.589099456442,"OCF_SALES":7.868774257898,"TOTAL_PARENT_EQUITY":3175309000,"DEBT_ASSET_RATIO":31.4215900147,"OPERATE_PROFIT":-123421000,"PRETAX_PROFIT":-149754000,"NETCASH_OPERATE":54435000,"NETCASH_INVEST":44907000,"NETCASH_FINANCE":-108363000,"END_CASH":1700896000,"DIVI_RATIO":-2.151793155603,"DIVIDEND_RATE":10.238095238095,"CURRENT_RATIO":2.481980217594,"COMMON_ACS":10000000000,"CURRENTDEBT_DEBT":54.418912085725,"ISSUED_COMMON_SHARES":1091538820,"HK_COMMON_SHARES":1091538820,"PER_SHARES":1000,"TOTAL_MARKET_CAP":916892608.8,"HKSK_MARKET_CAP":916892608.8,"PE_TTM":19.206497177751,"PB_TTM":0.287604388218,"REPORT_DATE_SQ":"2019-06-30 00:00:00","REPORT_TYPE_SQ":"2019年中报","OPERATE_INCOME_SQ":1223869000,"DPS_HKD":0.086,"OPERATE_INCOME_QOQ_SQ":2.961671667904,"NET_PROFIT_RATIO_SQ":7.5782620526,"HOLDER_PROFIT_SQ":86582000,"HOLDER_PROFIT_QOQ_SQ":-6.298863925084,"ROE_AVG_SQ":2.688421115386,"PE_TTM_SQ":9.213733303253,"PB_TTM_SQ":0.308733000357,"ROA_SQ":1.936773132669,"START_DATE":"2020-01-01 00:00:00","FISCAL_YEAR":"12-31","CURRENCY":"HKD","IS_CNY_CODE":0,"DPS_HKD_LY":0.078,"ORG_TYPE":"一般企业","PREMIUM_INCOME":null,"PREMIUM_INCOME_YOY":null,"NET_INTEREST_INCOME":null,"NET_INTEREST_INCOME_YOY":null,"FEE_COMMISSION_INCOME":null,"FEE_COMMISSION_INCOME_YOY":null,"ACCOUNTS_RECE_TDAYS":3.61224681611,"INVENTORY_TDAYS":1.352535659005,"CURRENT_ASSETS_TDAYS":0.338204436744,"TOTAL_ASSETS_TDAYS":0.143222986649,"PREMIUM_EXPENSE":null,"LOAN_DEPOSIT":null,"LOAN_EQUITY":null,"LOAN_ASSETS":null,"DEPOSIT_EQUITY":null,"DEPOSIT_ASSETS":null,"EQUITY_MULTIPLIER":1.458184872199,"EQUITY_RATIO":0.468356308}],"count":42},"success":true,"message":"ok","code":0}