{"version":"1cac627066f354bb162b8982bdd1eac2","result":{"pages":6,"data":[{"SECUCODE":"00532.HK","SECURITY_CODE":"00532","SECURITY_NAME_ABBR":"WKK INTL (HOLD)","ORG_CODE":"10008951","STD_REPORT_DATE":"2024-06-30 00:00:00","REPORT_DATE":"2024-06-30 00:00:00","DATE_TYPE_CODE":"002","REPORT_TYPE":"2024年中报","PER_NETCASH_OPERATE":-0.022203731973,"PER_OI":2.092297539715,"BPS":1.875942134619,"BASIC_EPS":-0.105140736,"DILUTED_EPS":-0.105140736,"OPERATE_INCOME":1527163714.32,"OPERATE_INCOME_YOY":-14.1099438547,"GROSS_PROFIT":332589718.8,"GROSS_PROFIT_YOY":-13.145997877436,"HOLDER_PROFIT":-76747261.2,"HOLDER_PROFIT_YOY":-57.5132057094,"GROSS_PROFIT_RATIO":21.778262257108,"EPS_TTM":-0.202573456418,"OPERATE_INCOME_QOQ":-8.12756268741,"NET_PROFIT_RATIO":-4.8787586492,"ROE_AVG":-5.465541060292,"GROSS_PROFIT_QOQ":-6.809369655276,"ROA":-2.640891515229,"HOLDER_PROFIT_QOQ":-22.875500721023,"ROE_YEARLY":-10.931082120583,"ROIC_YEARLY":-6.827303286244,"TOTAL_ASSETS":2934952535.36,"TOTAL_LIABILITIES":1498616909.28,"TAX_EBT":-15.204414275836,"OCF_SALES":-1.06121292747,"TOTAL_PARENT_EQUITY":1369246344.64,"DEBT_ASSET_RATIO":51.0610270941,"OPERATE_PROFIT":-58559374.16,"PRETAX_PROFIT":-64673417.48,"NETCASH_OPERATE":-16206458.76,"NETCASH_INVEST":-7986862.68,"NETCASH_FINANCE":164932228.16,"END_CASH":566994235.88,"DIVI_RATIO":null,"DIVIDEND_RATE":null,"CURRENT_RATIO":1.646190250947,"COMMON_ACS":1000000000,"CURRENTDEBT_DEBT":96.950845190853,"ISSUED_COMMON_SHARES":729897964,"HK_COMMON_SHARES":729897964,"PER_SHARES":2000,"TOTAL_MARKET_CAP":173715715.432,"HKSK_MARKET_CAP":173715715.432,"PE_TTM":-1.062559425964,"PB_TTM":0.115791332788,"REPORT_DATE_SQ":"2023-06-30 00:00:00","REPORT_TYPE_SQ":"2023年中报","OPERATE_INCOME_SQ":1796162712.84,"DPS_HKD":null,"OPERATE_INCOME_QOQ_SQ":-6.548672327541,"NET_PROFIT_RATIO_SQ":-2.064565605,"HOLDER_PROFIT_SQ":-49220824.28,"HOLDER_PROFIT_QOQ_SQ":-136.087921439197,"ROE_AVG_SQ":-3.144697247933,"PE_TTM_SQ":-14.834755566975,"PB_TTM_SQ":0.234472252109,"ROA_SQ":-1.498423576216,"START_DATE":"2024-01-01 00:00:00","FISCAL_YEAR":"12-31","CURRENCY":"HKD","IS_CNY_CODE":0,"DPS_HKD_LY":null,"ORG_TYPE":"一般企业","PREMIUM_INCOME":null,"PREMIUM_INCOME_YOY":null,"NET_INTEREST_INCOME":null,"NET_INTEREST_INCOME_YOY":null,"FEE_COMMISSION_INCOME":null,"FEE_COMMISSION_INCOME_YOY":null,"ACCOUNTS_RECE_TDAYS":1.567104987738,"INVENTORY_TDAYS":1.588140008663,"CURRENT_ASSETS_TDAYS":0.647546595016,"TOTAL_ASSETS_TDAYS":0.525500667054,"PREMIUM_EXPENSE":null,"LOAN_DEPOSIT":null,"LOAN_EQUITY":null,"LOAN_ASSETS":null,"DEPOSIT_EQUITY":null,"DEPOSIT_ASSETS":null,"EQUITY_MULTIPLIER":2.043361232617,"EQUITY_RATIO":1.09448304547},{"SECUCODE":"00532.HK","SECURITY_CODE":"00532","SECURITY_NAME_ABBR":"WKK INTL (HOLD)","ORG_CODE":"10008951","STD_REPORT_DATE":"2023-12-31 00:00:00","REPORT_DATE":"2023-12-31 00:00:00","DATE_TYPE_CODE":"001","REPORT_TYPE":"2023年年报","PER_NETCASH_OPERATE":0.304480340159,"PER_OI":4.534487228629,"BPS":1.957769676393,"BASIC_EPS":-0.164841418,"DILUTED_EPS":-0.164841418,"OPERATE_INCOME":3309712995.96,"OPERATE_INCOME_YOY":-20.7591136225,"GROSS_PROFIT":739274339.16,"GROSS_PROFIT_YOY":-22.853421798776,"HOLDER_PROFIT":-120331516.48,"HOLDER_PROFIT_YOY":-285.0312835305,"GROSS_PROFIT_RATIO":22.336508937856,"EPS_TTM":-0.164860737274,"OPERATE_INCOME_QOQ":-13.97696854557,"NET_PROFIT_RATIO":-2.9778069108,"ROE_AVG":-7.993512916075,"GROSS_PROFIT_QOQ":-13.954726925759,"ROA":-3.866743758482,"HOLDER_PROFIT_QOQ":-420.156687928585,"ROE_YEARLY":-7.993512916075,"ROIC_YEARLY":-4.959986612399,"TOTAL_ASSETS":2856905673.44,"TOTAL_LIABILITIES":1340753396.22,"TAX_EBT":-79.486079250078,"OCF_SALES":6.714768943146,"TOTAL_PARENT_EQUITY":1428972100.78,"DEBT_ASSET_RATIO":46.9302647506,"OPERATE_PROFIT":-37353482.18,"PRETAX_PROFIT":-54910588.46,"NETCASH_OPERATE":222239580.36,"NETCASH_INVEST":-3264204.44,"NETCASH_FINANCE":-371822972.22,"END_CASH":441544820.36,"DIVI_RATIO":null,"DIVIDEND_RATE":null,"CURRENT_RATIO":1.788651292115,"COMMON_ACS":1000000000,"CURRENTDEBT_DEBT":96.263199551741,"ISSUED_COMMON_SHARES":729897964,"HK_COMMON_SHARES":729897964,"PER_SHARES":2000,"TOTAL_MARKET_CAP":248165307.76,"HKSK_MARKET_CAP":248165307.76,"PE_TTM":-1.517942037091,"PB_TTM":0.165416189697,"REPORT_DATE_SQ":"2022-12-31 00:00:00","REPORT_TYPE_SQ":"2022年年报","OPERATE_INCOME_SQ":4117087682.89,"DPS_HKD":null,"OPERATE_INCOME_QOQ_SQ":-2.485189810682,"NET_PROFIT_RATIO_SQ":2.4456894945,"HOLDER_PROFIT_SQ":64103735.01,"HOLDER_PROFIT_QOQ_SQ":27.327905098619,"ROE_AVG_SQ":4.094525028421,"PE_TTM_SQ":-14.834755566975,"PB_TTM_SQ":0.234472252109,"ROA_SQ":1.923629267053,"START_DATE":"2023-01-01 00:00:00","FISCAL_YEAR":"12-31","CURRENCY":"HKD","IS_CNY_CODE":0,"DPS_HKD_LY":0.035,"ORG_TYPE":"一般企业","PREMIUM_INCOME":null,"PREMIUM_INCOME_YOY":null,"NET_INTEREST_INCOME":null,"NET_INTEREST_INCOME_YOY":null,"FEE_COMMISSION_INCOME":null,"FEE_COMMISSION_INCOME_YOY":null,"ACCOUNTS_RECE_TDAYS":3.15675844806,"INVENTORY_TDAYS":2.980331915023,"CURRENT_ASSETS_TDAYS":1.288788561661,"TOTAL_ASSETS_TDAYS":1.063546146834,"PREMIUM_EXPENSE":null,"LOAN_DEPOSIT":null,"LOAN_EQUITY":null,"LOAN_ASSETS":null,"DEPOSIT_EQUITY":null,"DEPOSIT_ASSETS":null,"EQUITY_MULTIPLIER":1.884313150048,"EQUITY_RATIO":0.938264221875},{"SECUCODE":"00532.HK","SECURITY_CODE":"00532","SECURITY_NAME_ABBR":"WKK INTL (HOLD)","ORG_CODE":"10008951","STD_REPORT_DATE":"2023-06-30 00:00:00","REPORT_DATE":"2023-06-30 00:00:00","DATE_TYPE_CODE":"002","REPORT_TYPE":"2023年中报","PER_NETCASH_OPERATE":0.245854440169,"PER_OI":2.460840831774,"BPS":2.084039350519,"BASIC_EPS":-0.067396738,"DILUTED_EPS":-0.067396738,"OPERATE_INCOME":1796162712.84,"OPERATE_INCOME_YOY":-19.3502008009,"GROSS_PROFIT":382929641.32,"GROSS_PROFIT_YOY":-20.559451019718,"HOLDER_PROFIT":-49220824.28,"HOLDER_PROFIT_YOY":-220.0926800738,"GROSS_PROFIT_RATIO":21.319318042992,"EPS_TTM":-0.031694437676,"OPERATE_INCOME_QOQ":-6.548672327541,"NET_PROFIT_RATIO":-2.064565605,"ROE_AVG":-3.144697247933,"GROSS_PROFIT_QOQ":-10.341875335022,"ROA":-1.498423576216,"HOLDER_PROFIT_QOQ":-136.087921439197,"ROE_YEARLY":-6.289394495867,"ROIC_YEARLY":-3.892564036802,"TOTAL_ASSETS":3144111302.54,"TOTAL_LIABILITIES":1545823015.32,"TAX_EBT":-29.715870609862,"OCF_SALES":9.990668108028,"TOTAL_PARENT_EQUITY":1521136078.84,"DEBT_ASSET_RATIO":49.1656581646,"OPERATE_PROFIT":-18868320.7,"PRETAX_PROFIT":-28587833.86,"NETCASH_OPERATE":179448655.32,"NETCASH_INVEST":-51044500.72,"NETCASH_FINANCE":-207943369.2,"END_CASH":518240348.1,"DIVI_RATIO":null,"DIVIDEND_RATE":null,"CURRENT_RATIO":1.711739332216,"COMMON_ACS":1000000000,"CURRENTDEBT_DEBT":96.899979363415,"ISSUED_COMMON_SHARES":729897964,"HK_COMMON_SHARES":729897964,"PER_SHARES":2000,"TOTAL_MARKET_CAP":248165307.76,"HKSK_MARKET_CAP":248165307.76,"PE_TTM":-1.517942037091,"PB_TTM":0.165416189697,"REPORT_DATE_SQ":"2022-06-30 00:00:00","REPORT_TYPE_SQ":"2022年中报","OPERATE_INCOME_SQ":2065777294.63,"DPS_HKD":null,"OPERATE_INCOME_QOQ_SQ":-4.582558526078,"NET_PROFIT_RATIO_SQ":2.7408358334,"HOLDER_PROFIT_SQ":38016616.26,"HOLDER_PROFIT_QOQ_SQ":-14.491762610648,"ROE_AVG_SQ":2.532137307529,"PE_TTM_SQ":-14.834755566975,"PB_TTM_SQ":0.234472252109,"ROA_SQ":1.13368399993,"START_DATE":"2023-01-01 00:00:00","FISCAL_YEAR":"12-31","CURRENCY":"HKD","IS_CNY_CODE":0,"DPS_HKD_LY":0.035,"ORG_TYPE":"一般企业","PREMIUM_INCOME":null,"PREMIUM_INCOME_YOY":null,"NET_INTEREST_INCOME":null,"NET_INTEREST_INCOME_YOY":null,"FEE_COMMISSION_INCOME":null,"FEE_COMMISSION_INCOME_YOY":null,"ACCOUNTS_RECE_TDAYS":1.65213715188,"INVENTORY_TDAYS":1.597804304352,"CURRENT_ASSETS_TDAYS":0.660253441521,"TOTAL_ASSETS_TDAYS":0.546803633423,"PREMIUM_EXPENSE":null,"LOAN_DEPOSIT":null,"LOAN_EQUITY":null,"LOAN_ASSETS":null,"DEPOSIT_EQUITY":null,"DEPOSIT_ASSETS":null,"EQUITY_MULTIPLIER":1.96717408723,"EQUITY_RATIO":1.016229275489},{"SECUCODE":"00532.HK","SECURITY_CODE":"00532","SECURITY_NAME_ABBR":"WKK INTL (HOLD)","ORG_CODE":"10008951","STD_REPORT_DATE":"2022-12-31 00:00:00","REPORT_DATE":"2022-12-31 00:00:00","DATE_TYPE_CODE":"001","REPORT_TYPE":"2022年年报","PER_NETCASH_OPERATE":-0.183159411402,"PER_OI":5.640634562573,"BPS":2.136125502537,"BASIC_EPS":0.087808441,"DILUTED_EPS":0.087808441,"OPERATE_INCOME":4117087682.89,"OPERATE_INCOME_YOY":-14.8359157222,"GROSS_PROFIT":958272364.63,"GROSS_PROFIT_YOY":7.677665792048,"HOLDER_PROFIT":64103735.01,"HOLDER_PROFIT_YOY":-0.3471595406,"GROSS_PROFIT_RATIO":23.275490794438,"EPS_TTM":0.087825611485,"OPERATE_INCOME_QOQ":-2.485189810682,"NET_PROFIT_RATIO":2.4456894945,"ROE_AVG":4.094525028421,"GROSS_PROFIT_QOQ":-78.459012068178,"ROA":1.923629267053,"HOLDER_PROFIT_QOQ":27.327905098619,"ROE_YEARLY":4.094525028421,"ROIC_YEARLY":2.47652558262,"TOTAL_ASSETS":3318899128.23,"TOTAL_LIABILITIES":1663538507.54,"TAX_EBT":26.820527802123,"OCF_SALES":-3.247141954872,"TOTAL_PARENT_EQUITY":1559153655.15,"DEBT_ASSET_RATIO":50.1232017988,"OPERATE_PROFIT":129324057.52,"PRETAX_PROFIT":137594844.45,"NETCASH_OPERATE":-133687681.47,"NETCASH_INVEST":-42941275.44,"NETCASH_FINANCE":215723811.73,"END_CASH":600965257.9,"DIVI_RATIO":null,"DIVIDEND_RATE":null,"CURRENT_RATIO":1.693499224961,"COMMON_ACS":1000000000,"CURRENTDEBT_DEBT":98.936047966442,"ISSUED_COMMON_SHARES":729897964,"HK_COMMON_SHARES":729897964,"PER_SHARES":2000,"TOTAL_MARKET_CAP":248165307.76,"HKSK_MARKET_CAP":248165307.76,"PE_TTM":-1.517942037091,"PB_TTM":0.165416189697,"REPORT_DATE_SQ":"2021-12-31 00:00:00","REPORT_TYPE_SQ":"2021年年报","OPERATE_INCOME_SQ":4424780886.4,"DPS_HKD":null,"OPERATE_INCOME_QOQ_SQ":1.102671892583,"NET_PROFIT_RATIO_SQ":1.7881843651,"HOLDER_PROFIT_SQ":58877828.8,"HOLDER_PROFIT_QOQ_SQ":-59.873877102202,"ROE_AVG_SQ":4.148969512884,"PE_TTM_SQ":-14.834755566975,"PB_TTM_SQ":0.234472252109,"ROA_SQ":2.048474368327,"START_DATE":"2022-01-01 00:00:00","FISCAL_YEAR":"12-31","CURRENCY":"HKD","IS_CNY_CODE":0,"DPS_HKD_LY":0.045,"ORG_TYPE":"一般企业","PREMIUM_INCOME":null,"PREMIUM_INCOME_YOY":null,"NET_INTEREST_INCOME":null,"NET_INTEREST_INCOME_YOY":null,"FEE_COMMISSION_INCOME":null,"FEE_COMMISSION_INCOME_YOY":null,"ACCOUNTS_RECE_TDAYS":3.457914083457,"INVENTORY_TDAYS":3.670084133299,"CURRENT_ASSETS_TDAYS":1.477574735787,"TOTAL_ASSETS_TDAYS":1.235458489368,"PREMIUM_EXPENSE":null,"LOAN_DEPOSIT":null,"LOAN_EQUITY":null,"LOAN_ASSETS":null,"DEPOSIT_EQUITY":null,"DEPOSIT_ASSETS":null,"EQUITY_MULTIPLIER":2.004940244893,"EQUITY_RATIO":1.066949689048},{"SECUCODE":"00532.HK","SECURITY_CODE":"00532","SECURITY_NAME_ABBR":"WKK INTL (HOLD)","ORG_CODE":"10008951","STD_REPORT_DATE":"2022-06-30 00:00:00","REPORT_DATE":"2022-06-30 00:00:00","DATE_TYPE_CODE":"002","REPORT_TYPE":"2022年中报","PER_NETCASH_OPERATE":-0.161137976129,"PER_OI":2.830227506471,"BPS":2.051939166198,"BASIC_EPS":0.052081071,"DILUTED_EPS":0.051910033,"OPERATE_INCOME":2065777294.63,"OPERATE_INCOME_YOY":-11.3990291066,"GROSS_PROFIT":482032974.64,"GROSS_PROFIT_YOY":5.198226407302,"HOLDER_PROFIT":38016616.26,"HOLDER_PROFIT_YOY":-20.5369751354,"GROSS_PROFIT_RATIO":23.334217870099,"EPS_TTM":0.068975933765,"OPERATE_INCOME_QOQ":-4.582558526078,"NET_PROFIT_RATIO":2.7408358334,"ROE_AVG":2.532137307529,"GROSS_PROFIT_QOQ":0.53830913782,"ROA":1.13368399993,"HOLDER_PROFIT_QOQ":-14.491762610648,"ROE_YEARLY":5.064274615059,"ROIC_YEARLY":2.935020724862,"TOTAL_ASSETS":3503402996.03,"TOTAL_LIABILITIES":1927832582.06,"TAX_EBT":33.215312452716,"OCF_SALES":-5.693463714881,"TOTAL_PARENT_EQUITY":1497706219.66,"DEBT_ASSET_RATIO":55.0274285957,"OPERATE_PROFIT":78946009.66,"PRETAX_PROFIT":84779260.65,"NETCASH_OPERATE":-117614280.7,"NETCASH_INVEST":-69988749.6,"NETCASH_FINANCE":308625243.15,"END_CASH":663494030.36,"DIVI_RATIO":null,"DIVIDEND_RATE":null,"CURRENT_RATIO":1.569227942646,"COMMON_ACS":1000000000,"CURRENTDEBT_DEBT":98.750950416853,"ISSUED_COMMON_SHARES":729897964,"HK_COMMON_SHARES":729897964,"PER_SHARES":2000,"TOTAL_MARKET_CAP":248165307.76,"HKSK_MARKET_CAP":248165307.76,"PE_TTM":-1.517942037091,"PB_TTM":0.165416189697,"REPORT_DATE_SQ":"2021-06-30 00:00:00","REPORT_TYPE_SQ":"2021年中报","OPERATE_INCOME_SQ":2268545468.4,"DPS_HKD":null,"OPERATE_INCOME_QOQ_SQ":10.258767407372,"NET_PROFIT_RATIO_SQ":2.3812012742,"HOLDER_PROFIT_SQ":46549051.44,"HOLDER_PROFIT_QOQ_SQ":72.298732948358,"ROE_AVG_SQ":3.234447271045,"PE_TTM_SQ":-14.834755566975,"PB_TTM_SQ":0.234472252109,"ROA_SQ":1.629716701151,"START_DATE":"2022-01-01 00:00:00","FISCAL_YEAR":"12-31","CURRENCY":"HKD","IS_CNY_CODE":0,"DPS_HKD_LY":0.045,"ORG_TYPE":"一般企业","PREMIUM_INCOME":null,"PREMIUM_INCOME_YOY":null,"NET_INTEREST_INCOME":null,"NET_INTEREST_INCOME_YOY":null,"FEE_COMMISSION_INCOME":null,"FEE_COMMISSION_INCOME_YOY":null,"ACCOUNTS_RECE_TDAYS":1.733594087811,"INVENTORY_TDAYS":1.824611132869,"CURRENT_ASSETS_TDAYS":0.730703891498,"TOTAL_ASSETS_TDAYS":0.616030277478,"PREMIUM_EXPENSE":null,"LOAN_DEPOSIT":null,"LOAN_EQUITY":null,"LOAN_ASSETS":null,"DEPOSIT_EQUITY":null,"DEPOSIT_ASSETS":null,"EQUITY_MULTIPLIER":2.223577546879,"EQUITY_RATIO":1.287190075566},{"SECUCODE":"00532.HK","SECURITY_CODE":"00532","SECURITY_NAME_ABBR":"WKK INTL (HOLD)","ORG_CODE":"10008951","STD_REPORT_DATE":"2021-12-31 00:00:00","REPORT_DATE":"2021-12-31 00:00:00","DATE_TYPE_CODE":"001","REPORT_TYPE":"2021年年报","PER_NETCASH_OPERATE":0.025617644615,"PER_OI":6.063437110734,"BPS":1.971329943318,"BASIC_EPS":0.08069712,"DILUTED_EPS":0.08069712,"OPERATE_INCOME":4424780886.4,"OPERATE_INCOME_YOY":14.7522609438,"GROSS_PROFIT":889945336,"GROSS_PROFIT_YOY":5.792749230513,"HOLDER_PROFIT":58877828.8,"HOLDER_PROFIT_YOY":-28.8303602313,"GROSS_PROFIT_RATIO":20.112754932913,"EPS_TTM":0.080682415991,"OPERATE_INCOME_QOQ":1.102671892583,"NET_PROFIT_RATIO":1.7881843651,"ROE_AVG":4.148969512884,"GROSS_PROFIT_QOQ":-5.332628098738,"ROA":2.048474368327,"HOLDER_PROFIT_QOQ":-59.873877102202,"ROE_YEARLY":4.148969512884,"ROIC_YEARLY":2.619419415924,"TOTAL_ASSETS":3062533376,"TOTAL_LIABILITIES":1545182240,"TAX_EBT":32.020932846305,"OCF_SALES":0.422493779465,"TOTAL_PARENT_EQUITY":1438869712,"DEBT_ASSET_RATIO":50.4543804195,"OPERATE_PROFIT":104360099.2,"PRETAX_PROFIT":116393536,"NETCASH_OPERATE":18694424,"NETCASH_INVEST":-21388416,"NETCASH_FINANCE":74770337.6,"END_CASH":557860744,"DIVI_RATIO":null,"DIVIDEND_RATE":null,"CURRENT_RATIO":1.682896818137,"COMMON_ACS":1000000000,"CURRENTDEBT_DEBT":98.04598126885,"ISSUED_COMMON_SHARES":729897964,"HK_COMMON_SHARES":729897964,"PER_SHARES":2000,"TOTAL_MARKET_CAP":197072450.28,"HKSK_MARKET_CAP":197072450.28,"PE_TTM":-1.205424558867,"PB_TTM":0.131359915347,"REPORT_DATE_SQ":"2020-12-31 00:00:00","REPORT_TYPE_SQ":"2020年年报","OPERATE_INCOME_SQ":3969319002.08,"DPS_HKD":null,"OPERATE_INCOME_QOQ_SQ":-8.966219319911,"NET_PROFIT_RATIO_SQ":2.4699056777,"HOLDER_PROFIT_SQ":85161343.4,"HOLDER_PROFIT_QOQ_SQ":283.119249889607,"ROE_AVG_SQ":6.12183347052,"PE_TTM_SQ":-14.274953470108,"PB_TTM_SQ":0.225624242595,"ROA_SQ":3.038856427736,"START_DATE":"2021-01-01 00:00:00","FISCAL_YEAR":"12-31","CURRENCY":"HKD","IS_CNY_CODE":0,"DPS_HKD_LY":0.08,"ORG_TYPE":"一般企业","PREMIUM_INCOME":null,"PREMIUM_INCOME_YOY":null,"NET_INTEREST_INCOME":null,"NET_INTEREST_INCOME_YOY":null,"FEE_COMMISSION_INCOME":null,"FEE_COMMISSION_INCOME_YOY":null,"ACCOUNTS_RECE_TDAYS":3.985772657106,"INVENTORY_TDAYS":5.628376544379,"CURRENT_ASSETS_TDAYS":1.857473058576,"TOTAL_ASSETS_TDAYS":1.539467472899,"PREMIUM_EXPENSE":null,"LOAN_DEPOSIT":null,"LOAN_EQUITY":null,"LOAN_ASSETS":null,"DEPOSIT_EQUITY":null,"DEPOSIT_ASSETS":null,"EQUITY_MULTIPLIER":2.018341900792,"EQUITY_RATIO":1.073886139317},{"SECUCODE":"00532.HK","SECURITY_CODE":"00532","SECURITY_NAME_ABBR":"WKK INTL (HOLD)","ORG_CODE":"10008951","STD_REPORT_DATE":"2021-06-30 00:00:00","REPORT_DATE":"2021-06-30 00:00:00","DATE_TYPE_CODE":"002","REPORT_TYPE":"2021年中报","PER_NETCASH_OPERATE":0.099246449333,"PER_OI":3.109948317575,"BPS":1.992371470925,"BASIC_EPS":0.063820536,"DILUTED_EPS":0.063820536,"OPERATE_INCOME":2268545468.4,"OPERATE_INCOME_YOY":33.7938625764,"GROSS_PROFIT":458213974.8,"GROSS_PROFIT_YOY":27.510580091161,"HOLDER_PROFIT":46549051.44,"HOLDER_PROFIT_YOY":440.1824262694,"GROSS_PROFIT_RATIO":20.198580155556,"EPS_TTM":0.201154740134,"OPERATE_INCOME_QOQ":10.258767407372,"NET_PROFIT_RATIO":2.3812012742,"ROE_AVG":3.234447271045,"GROSS_PROFIT_QOQ":11.752071601665,"ROA":1.629716701151,"HOLDER_PROFIT_QOQ":72.298732948358,"ROE_YEARLY":6.468894542091,"ROIC_YEARLY":4.266343111053,"TOTAL_ASSETS":2979041106.72,"TOTAL_LIABILITIES":1458840099.6,"TAX_EBT":32.39964596241,"OCF_SALES":3.191257191378,"TOTAL_PARENT_EQUITY":1454227880.16,"DEBT_ASSET_RATIO":48.9701231819,"OPERATE_PROFIT":75720112.08,"PRETAX_PROFIT":79908802.8,"NETCASH_OPERATE":72395120.4,"NETCASH_INVEST":-493423.44,"NETCASH_FINANCE":83736370.8,"END_CASH":647954009.28,"DIVI_RATIO":null,"DIVIDEND_RATE":null,"CURRENT_RATIO":1.736687887323,"COMMON_ACS":1000000000,"CURRENTDEBT_DEBT":98.535116312894,"ISSUED_COMMON_SHARES":729897964,"HK_COMMON_SHARES":729897964,"PER_SHARES":2000,"TOTAL_MARKET_CAP":248165307.76,"HKSK_MARKET_CAP":248165307.76,"PE_TTM":-1.517942037091,"PB_TTM":0.165416189697,"REPORT_DATE_SQ":"2020-06-30 00:00:00","REPORT_TYPE_SQ":"2020年中报","OPERATE_INCOME_SQ":1861342264.32,"DPS_HKD":null,"OPERATE_INCOME_QOQ_SQ":-7.430688814306,"NET_PROFIT_RATIO_SQ":-0.4791611049,"HOLDER_PROFIT_SQ":-15021520.8,"HOLDER_PROFIT_QOQ_SQ":-61.457848077049,"ROE_AVG_SQ":-1.038694775324,"PE_TTM_SQ":-14.834755566975,"PB_TTM_SQ":0.234472252109,"ROA_SQ":-0.505976335876,"START_DATE":"2021-01-01 00:00:00","FISCAL_YEAR":"12-31","CURRENCY":"HKD","IS_CNY_CODE":0,"DPS_HKD_LY":0.08,"ORG_TYPE":"一般企业","PREMIUM_INCOME":null,"PREMIUM_INCOME_YOY":null,"NET_INTEREST_INCOME":null,"NET_INTEREST_INCOME_YOY":null,"FEE_COMMISSION_INCOME":null,"FEE_COMMISSION_INCOME_YOY":null,"ACCOUNTS_RECE_TDAYS":2.077537059891,"INVENTORY_TDAYS":3.171317958271,"CURRENT_ASSETS_TDAYS":0.955098356015,"TOTAL_ASSETS_TDAYS":0.794234538149,"PREMIUM_EXPENSE":null,"LOAN_DEPOSIT":null,"LOAN_EQUITY":null,"LOAN_ASSETS":null,"DEPOSIT_EQUITY":null,"DEPOSIT_ASSETS":null,"EQUITY_MULTIPLIER":1.95963631965,"EQUITY_RATIO":1.003171593327},{"SECUCODE":"00532.HK","SECURITY_CODE":"00532","SECURITY_NAME_ABBR":"WKK INTL (HOLD)","ORG_CODE":"10008951","STD_REPORT_DATE":"2020-12-31 00:00:00","REPORT_DATE":"2020-12-31 00:00:00","DATE_TYPE_CODE":"001","REPORT_TYPE":"2020年年报","PER_NETCASH_OPERATE":0.559779562837,"PER_OI":5.441538256292,"BPS":1.973515816959,"BASIC_EPS":0.116735468,"DILUTED_EPS":0.116735468,"OPERATE_INCOME":3969319002.08,"OPERATE_INCOME_YOY":-10.3098798546,"GROSS_PROFIT":841215813.44,"GROSS_PROFIT_YOY":-16.086294016731,"HOLDER_PROFIT":85161343.4,"HOLDER_PROFIT_YOY":57.1610518305,"GROSS_PROFIT_RATIO":21.192950553966,"EPS_TTM":0.116747660701,"OPERATE_INCOME_QOQ":-8.966219319911,"NET_PROFIT_RATIO":2.4699056777,"ROE_AVG":6.12183347052,"GROSS_PROFIT_QOQ":-5.268711654352,"ROA":3.038856427736,"HOLDER_PROFIT_QOQ":283.119249889607,"ROE_YEARLY":6.12183347052,"ROIC_YEARLY":3.764201784429,"TOTAL_ASSETS":2764897654.84,"TOTAL_LIABILITIES":1253044573.32,"TAX_EBT":17.360150402611,"OCF_SALES":10.287156617698,"TOTAL_PARENT_EQUITY":1440465176.72,"DEBT_ASSET_RATIO":45.31974524,"OPERATE_PROFIT":119908450.8,"PRETAX_PROFIT":118633366.2,"NETCASH_OPERATE":408330062.4,"NETCASH_INVEST":-25999101.24,"NETCASH_FINANCE":-266108051.92,"END_CASH":503296511.8,"DIVI_RATIO":null,"DIVIDEND_RATE":null,"CURRENT_RATIO":1.850802682715,"COMMON_ACS":1000000000,"CURRENTDEBT_DEBT":98.305965893635,"ISSUED_COMMON_SHARES":729897964,"HK_COMMON_SHARES":729897964,"PER_SHARES":2000,"TOTAL_MARKET_CAP":197072450.28,"HKSK_MARKET_CAP":197072450.28,"PE_TTM":-1.205424558867,"PB_TTM":0.131359915347,"REPORT_DATE_SQ":"2019-12-31 00:00:00","REPORT_TYPE_SQ":"2019年年报","OPERATE_INCOME_SQ":4710276390.88,"DPS_HKD":null,"OPERATE_INCOME_QOQ_SQ":-0.13594618075,"NET_PROFIT_RATIO_SQ":1.3136194691,"HOLDER_PROFIT_SQ":57673003.74,"HOLDER_PROFIT_QOQ_SQ":-11.091037107934,"ROE_AVG_SQ":4.028358623589,"PE_TTM_SQ":-14.274953470108,"PB_TTM_SQ":0.225624242595,"ROA_SQ":1.863421989844,"START_DATE":"2020-01-01 00:00:00","FISCAL_YEAR":"12-31","CURRENCY":"HKD","IS_CNY_CODE":0,"DPS_HKD_LY":null,"ORG_TYPE":"一般企业","PREMIUM_INCOME":null,"PREMIUM_INCOME_YOY":null,"NET_INTEREST_INCOME":null,"NET_INTEREST_INCOME_YOY":null,"FEE_COMMISSION_INCOME":null,"FEE_COMMISSION_INCOME_YOY":null,"ACCOUNTS_RECE_TDAYS":3.537602154288,"INVENTORY_TDAYS":5.077897946804,"CURRENT_ASSETS_TDAYS":1.718656122608,"TOTAL_ASSETS_TDAYS":1.416392706084,"PREMIUM_EXPENSE":null,"LOAN_DEPOSIT":null,"LOAN_EQUITY":null,"LOAN_ASSETS":null,"DEPOSIT_EQUITY":null,"DEPOSIT_ASSETS":null,"EQUITY_MULTIPLIER":1.828813717839,"EQUITY_RATIO":0.869888834226},{"SECUCODE":"00532.HK","SECURITY_CODE":"00532","SECURITY_NAME_ABBR":"WKK INTL (HOLD)","ORG_CODE":"10008951","STD_REPORT_DATE":"2020-06-30 00:00:00","REPORT_DATE":"2020-06-30 00:00:00","DATE_TYPE_CODE":"002","REPORT_TYPE":"2020年中报","PER_NETCASH_OPERATE":0.256227240686,"PER_OI":2.551713564478,"BPS":1.96762833376,"BASIC_EPS":-0.0205524,"DILUTED_EPS":-0.0205524,"OPERATE_INCOME":1861342264.32,"OPERATE_INCOME_YOY":-18.94050083,"GROSS_PROFIT":359353690.08,"GROSS_PROFIT_YOY":-24.159602511674,"HOLDER_PROFIT":-15021520.8,"HOLDER_PROFIT_YOY":-170.8317181376,"GROSS_PROFIT_RATIO":19.306158623722,"EPS_TTM":0.030472929965,"OPERATE_INCOME_QOQ":-7.430688814306,"NET_PROFIT_RATIO":-0.4791611049,"ROE_AVG":-1.038694775324,"GROSS_PROFIT_QOQ":-11.419228589933,"ROA":-0.505976335876,"HOLDER_PROFIT_QOQ":-61.457848077049,"ROE_YEARLY":-2.077389550648,"ROIC_YEARLY":-1.241925736315,"TOTAL_ASSETS":2855433535.68,"TOTAL_LIABILITIES":1353185544.48,"TAX_EBT":-313.37849280271,"OCF_SALES":10.041379418647,"TOTAL_PARENT_EQUITY":1436167914.72,"DEBT_ASSET_RATIO":47.3898456249,"OPERATE_PROFIT":2131968.96,"PRETAX_PROFIT":-2157545.28,"NETCASH_OPERATE":186904439.04,"NETCASH_INVEST":-14404948.8,"NETCASH_FINANCE":-103942164.48,"END_CASH":474898369.44,"DIVI_RATIO":null,"DIVIDEND_RATE":null,"CURRENT_RATIO":1.750243034771,"COMMON_ACS":1000000000,"CURRENTDEBT_DEBT":98.670732143617,"ISSUED_COMMON_SHARES":729897964,"HK_COMMON_SHARES":729897964,"PER_SHARES":2000,"TOTAL_MARKET_CAP":248165307.76,"HKSK_MARKET_CAP":248165307.76,"PE_TTM":-1.517942037091,"PB_TTM":0.165416189697,"REPORT_DATE_SQ":"2019-06-30 00:00:00","REPORT_TYPE_SQ":"2019年中报","OPERATE_INCOME_SQ":2211348245.22,"DPS_HKD":null,"OPERATE_INCOME_QOQ_SQ":1.637101727013,"NET_PROFIT_RATIO_SQ":1.0950857782,"HOLDER_PROFIT_SQ":20423066.22,"HOLDER_PROFIT_QOQ_SQ":-9.832737831905,"ROE_AVG_SQ":1.456969601127,"PE_TTM_SQ":-14.834755566975,"PB_TTM_SQ":0.234472252109,"ROA_SQ":0.655890813122,"START_DATE":"2020-01-01 00:00:00","FISCAL_YEAR":"12-31","CURRENCY":"HKD","IS_CNY_CODE":0,"DPS_HKD_LY":null,"ORG_TYPE":"一般企业","PREMIUM_INCOME":null,"PREMIUM_INCOME_YOY":null,"NET_INTEREST_INCOME":null,"NET_INTEREST_INCOME_YOY":null,"FEE_COMMISSION_INCOME":null,"FEE_COMMISSION_INCOME_YOY":null,"ACCOUNTS_RECE_TDAYS":1.623782747436,"INVENTORY_TDAYS":2.186348493622,"CURRENT_ASSETS_TDAYS":0.763513854025,"TOTAL_ASSETS_TDAYS":0.62696390815,"PREMIUM_EXPENSE":null,"LOAN_DEPOSIT":null,"LOAN_EQUITY":null,"LOAN_ASSETS":null,"DEPOSIT_EQUITY":null,"DEPOSIT_ASSETS":null,"EQUITY_MULTIPLIER":1.900773742024,"EQUITY_RATIO":0.942219590488}],"count":48},"success":true,"message":"ok","code":0}