{"version":"1216849cf0644c837c7bc7568440ebee","result":{"pages":6,"data":[{"SECUCODE":"00533.HK","SECURITY_CODE":"00533","SECURITY_NAME_ABBR":"金利来集团","ORG_CODE":"10008952","STD_REPORT_DATE":"2024-06-30 00:00:00","REPORT_DATE":"2024-06-30 00:00:00","DATE_TYPE_CODE":"002","REPORT_TYPE":"2024年中报","PER_NETCASH_OPERATE":0.072517197643,"PER_OI":0.565372102402,"BPS":4.08339103832,"BASIC_EPS":0.054578264,"DILUTED_EPS":0.054578264,"OPERATE_INCOME":550584249.48,"OPERATE_INCOME_YOY":-8.7676714516,"GROSS_PROFIT":330272424.28,"GROSS_PROFIT_YOY":-7.942442432684,"HOLDER_PROFIT":53148094.44,"HOLDER_PROFIT_YOY":-25.9197537146,"GROSS_PROFIT_RATIO":59.985810453519,"EPS_TTM":0.088251534734,"OPERATE_INCOME_QOQ":-4.89495331008,"NET_PROFIT_RATIO":9.6541961108,"ROE_AVG":1.32924635295,"GROSS_PROFIT_QOQ":-4.145425604467,"ROA":1.115261606153,"HOLDER_PROFIT_QOQ":-18.359346140617,"ROE_YEARLY":2.6584927059,"ROIC_YEARLY":2.810732748707,"TOTAL_ASSETS":4710501199,"TOTAL_LIABILITIES":731955669.8,"TAX_EBT":14.527656701742,"OCF_SALES":12.82645488437,"TOTAL_PARENT_EQUITY":3976586005.24,"DEBT_ASSET_RATIO":15.5388065702,"OPERATE_PROFIT":51040716.32,"PRETAX_PROFIT":62189102.52,"NETCASH_OPERATE":70620440.36,"NETCASH_INVEST":-87513234.48,"NETCASH_FINANCE":-43454520.16,"END_CASH":251274494.2,"DIVI_RATIO":0.617580194661,"DIVIDEND_RATE":4.137931034483,"CURRENT_RATIO":5.543200438022,"COMMON_ACS":null,"CURRENTDEBT_DEBT":49.418255952418,"ISSUED_COMMON_SHARES":973844035,"HK_COMMON_SHARES":973844035,"PER_SHARES":1000,"TOTAL_MARKET_CAP":1412073850.75,"HKSK_MARKET_CAP":1412073850.75,"PE_TTM":14.741503207571,"PB_TTM":0.324089950627,"REPORT_DATE_SQ":"2023-06-30 00:00:00","REPORT_TYPE_SQ":"2023年中报","OPERATE_INCOME_SQ":609646367.28,"DPS_HKD":0.06,"OPERATE_INCOME_QOQ_SQ":6.585928028947,"NET_PROFIT_RATIO_SQ":11.8880399736,"HOLDER_PROFIT_SQ":72475003.84,"HOLDER_PROFIT_QOQ_SQ":1.133168929421,"ROE_AVG_SQ":1.775972163905,"PE_TTM_SQ":6.615479854946,"PB_TTM_SQ":0.225498095736,"ROA_SQ":1.454874559915,"START_DATE":"2024-01-01 00:00:00","FISCAL_YEAR":"12-31","CURRENCY":"HKD","IS_CNY_CODE":0,"DPS_HKD_LY":0.06,"ORG_TYPE":"一般企业","PREMIUM_INCOME":null,"PREMIUM_INCOME_YOY":null,"NET_INTEREST_INCOME":null,"NET_INTEREST_INCOME_YOY":null,"FEE_COMMISSION_INCOME":null,"FEE_COMMISSION_INCOME_YOY":null,"ACCOUNTS_RECE_TDAYS":7.491273275921,"INVENTORY_TDAYS":0.254035773802,"CURRENT_ASSETS_TDAYS":0.270349931523,"TOTAL_ASSETS_TDAYS":0.115534805315,"PREMIUM_EXPENSE":null,"LOAN_DEPOSIT":null,"LOAN_EQUITY":null,"LOAN_ASSETS":null,"DEPOSIT_EQUITY":null,"DEPOSIT_ASSETS":null,"EQUITY_MULTIPLIER":1.183975692732,"EQUITY_RATIO":0.184066349586},{"SECUCODE":"00533.HK","SECURITY_CODE":"00533","SECURITY_NAME_ABBR":"金利来集团","ORG_CODE":"10008952","STD_REPORT_DATE":"2023-12-31 00:00:00","REPORT_DATE":"2023-12-31 00:00:00","DATE_TYPE_CODE":"001","REPORT_TYPE":"2023年年报","PER_NETCASH_OPERATE":0.061364827973,"PER_OI":1.238999278072,"BPS":4.098895807356,"BASIC_EPS":0.107568314,"DILUTED_EPS":0.107568314,"OPERATE_INCOME":1206592056.32,"OPERATE_INCOME_YOY":-5.9512936628,"GROSS_PROFIT":687381463.3,"GROSS_PROFIT_YOY":-0.036189504038,"HOLDER_PROFIT":105270140.08,"HOLDER_PROFIT_YOY":-24.7944478254,"GROSS_PROFIT_RATIO":56.968837122669,"EPS_TTM":0.108097535433,"OPERATE_INCOME_QOQ":-10.48334421045,"NET_PROFIT_RATIO":8.7245842146,"ROE_AVG":2.624538431185,"GROSS_PROFIT_QOQ":-6.171703910573,"ROA":2.156668114483,"HOLDER_PROFIT_QOQ":-24.559044112955,"ROE_YEARLY":2.624538431185,"ROIC_YEARLY":2.719430287736,"TOTAL_ASSETS":4786432922.32,"TOTAL_LIABILITIES":794747690.24,"TAX_EBT":8.843078323511,"OCF_SALES":4.952773505095,"TOTAL_PARENT_EQUITY":3991685232.08,"DEBT_ASSET_RATIO":16.6041748237,"OPERATE_PROFIT":92229634.28,"PRETAX_PROFIT":115482333.26,"NETCASH_OPERATE":59759771.68,"NETCASH_INVEST":90360102.42,"NETCASH_FINANCE":-97527396.4,"END_CASH":323610255.78,"DIVI_RATIO":0.504196509028,"DIVIDEND_RATE":4.195804195804,"CURRENT_RATIO":5.059576682007,"COMMON_ACS":null,"CURRENTDEBT_DEBT":51.065802196599,"ISSUED_COMMON_SHARES":973844035,"HK_COMMON_SHARES":973844035,"PER_SHARES":1000,"TOTAL_MARKET_CAP":1392596970.05,"HKSK_MARKET_CAP":1392596970.05,"PE_TTM":14.538172128846,"PB_TTM":0.319619744412,"REPORT_DATE_SQ":"2022-12-31 00:00:00","REPORT_TYPE_SQ":"2022年年报","OPERATE_INCOME_SQ":1264610378.43,"DPS_HKD":0.06,"OPERATE_INCOME_QOQ_SQ":9.242816941866,"NET_PROFIT_RATIO_SQ":10.9105755491,"HOLDER_PROFIT_SQ":137976270.74,"HOLDER_PROFIT_QOQ_SQ":-25.784064989893,"ROE_AVG_SQ":3.405200745184,"PE_TTM_SQ":6.810052791856,"PB_TTM_SQ":0.232130392669,"ROA_SQ":2.738418471232,"START_DATE":"2023-01-01 00:00:00","FISCAL_YEAR":"12-31","CURRENCY":"HKD","IS_CNY_CODE":0,"DPS_HKD_LY":0.085,"ORG_TYPE":"一般企业","PREMIUM_INCOME":null,"PREMIUM_INCOME_YOY":null,"NET_INTEREST_INCOME":null,"NET_INTEREST_INCOME_YOY":null,"FEE_COMMISSION_INCOME":null,"FEE_COMMISSION_INCOME_YOY":null,"ACCOUNTS_RECE_TDAYS":11.84464015657,"INVENTORY_TDAYS":0.594076766148,"CURRENT_ASSETS_TDAYS":0.568286111529,"TOTAL_ASSETS_TDAYS":0.24719437184,"PREMIUM_EXPENSE":null,"LOAN_DEPOSIT":null,"LOAN_EQUITY":null,"LOAN_ASSETS":null,"DEPOSIT_EQUITY":null,"DEPOSIT_ASSETS":null,"EQUITY_MULTIPLIER":1.199100791779,"EQUITY_RATIO":0.199100791779},{"SECUCODE":"00533.HK","SECURITY_CODE":"00533","SECURITY_NAME_ABBR":"金利来集团","ORG_CODE":"10008952","STD_REPORT_DATE":"2023-06-30 00:00:00","REPORT_DATE":"2023-06-30 00:00:00","DATE_TYPE_CODE":"002","REPORT_TYPE":"2023年中报","PER_NETCASH_OPERATE":0.075232267197,"PER_OI":0.623082496425,"BPS":4.170410383876,"BASIC_EPS":0.074034994,"DILUTED_EPS":0.074034994,"OPERATE_INCOME":609646367.28,"OPERATE_INCOME_YOY":7.4326267407,"GROSS_PROFIT":358767311.46,"GROSS_PROFIT_YOY":14.328993224715,"HOLDER_PROFIT":72475003.84,"HOLDER_PROFIT_YOY":-5.199049675,"GROSS_PROFIT_RATIO":58.84842930512,"EPS_TTM":0.14261512248,"OPERATE_INCOME_QOQ":6.585928028947,"NET_PROFIT_RATIO":11.8880399736,"ROE_AVG":1.775972163905,"GROSS_PROFIT_QOQ":6.539087527164,"ROA":1.454874559915,"HOLDER_PROFIT_QOQ":1.133168929421,"ROE_YEARLY":3.551944327809,"ROIC_YEARLY":3.696014904803,"TOTAL_ASSETS":4900662988.64,"TOTAL_LIABILITIES":839333712.8,"TAX_EBT":12.936381357434,"OCF_SALES":12.074206486035,"TOTAL_PARENT_EQUITY":4061329275.84,"DEBT_ASSET_RATIO":17.1269421045,"OPERATE_PROFIT":71793660.62,"PRETAX_PROFIT":83243730.24,"NETCASH_OPERATE":73609961.22,"NETCASH_INVEST":-14201257.94,"NETCASH_FINANCE":-53299663.8,"END_CASH":281522905.08,"DIVI_RATIO":0.382164240737,"DIVIDEND_RATE":4.195804195804,"CURRENT_RATIO":4.784631604199,"COMMON_ACS":null,"CURRENTDEBT_DEBT":52.200118634386,"ISSUED_COMMON_SHARES":973844035,"HK_COMMON_SHARES":973844035,"PER_SHARES":1000,"TOTAL_MARKET_CAP":1392596970.05,"HKSK_MARKET_CAP":1392596970.05,"PE_TTM":14.538172128846,"PB_TTM":0.319619744412,"REPORT_DATE_SQ":"2022-06-30 00:00:00","REPORT_TYPE_SQ":"2022年中报","OPERATE_INCOME_SQ":526360037.91,"DPS_HKD":0.06,"OPERATE_INCOME_QOQ_SQ":3.183586092661,"NET_PROFIT_RATIO_SQ":13.4720523031,"HOLDER_PROFIT_SQ":70911499.61,"HOLDER_PROFIT_QOQ_SQ":2.870201438832,"ROE_AVG_SQ":1.815298982275,"PE_TTM_SQ":6.810052791856,"PB_TTM_SQ":0.232130392669,"ROA_SQ":1.455365914768,"START_DATE":"2023-01-01 00:00:00","FISCAL_YEAR":"12-31","CURRENCY":"HKD","IS_CNY_CODE":0,"DPS_HKD_LY":0.085,"ORG_TYPE":"一般企业","PREMIUM_INCOME":null,"PREMIUM_INCOME_YOY":null,"NET_INTEREST_INCOME":null,"NET_INTEREST_INCOME_YOY":null,"FEE_COMMISSION_INCOME":null,"FEE_COMMISSION_INCOME_YOY":null,"ACCOUNTS_RECE_TDAYS":7.129805644661,"INVENTORY_TDAYS":0.293516319226,"CURRENT_ASSETS_TDAYS":0.281756553349,"TOTAL_ASSETS_TDAYS":0.122381365065,"PREMIUM_EXPENSE":null,"LOAN_DEPOSIT":null,"LOAN_EQUITY":null,"LOAN_ASSETS":null,"DEPOSIT_EQUITY":null,"DEPOSIT_ASSETS":null,"EQUITY_MULTIPLIER":1.206664777908,"EQUITY_RATIO":0.206664777907},{"SECUCODE":"00533.HK","SECURITY_CODE":"00533","SECURITY_NAME_ABBR":"金利来集团","ORG_CODE":"10008952","STD_REPORT_DATE":"2022-12-31 00:00:00","REPORT_DATE":"2022-12-31 00:00:00","DATE_TYPE_CODE":"001","REPORT_TYPE":"2022年年报","PER_NETCASH_OPERATE":0.028268799687,"PER_OI":1.292481402149,"BPS":4.079414844298,"BASIC_EPS":0.140511371,"DILUTED_EPS":0.140511371,"OPERATE_INCOME":1264610378.43,"OPERATE_INCOME_YOY":3.1719507005,"GROSS_PROFIT":687630313.3,"GROSS_PROFIT_YOY":-3.143041848653,"HOLDER_PROFIT":137976270.74,"HOLDER_PROFIT_YOY":-30.1212886181,"GROSS_PROFIT_RATIO":54.374875062601,"EPS_TTM":0.141017159839,"OPERATE_INCOME_QOQ":9.242816941866,"NET_PROFIT_RATIO":10.9105755491,"ROE_AVG":3.405200745184,"GROSS_PROFIT_QOQ":-2.354208870913,"ROA":2.738418471232,"HOLDER_PROFIT_QOQ":-25.784064989893,"ROE_YEARLY":3.405200745184,"ROIC_YEARLY":3.510542685008,"TOTAL_ASSETS":4904755303.49,"TOTAL_LIABILITIES":932041491.08,"TAX_EBT":11.300103365109,"OCF_SALES":2.187172646356,"TOTAL_PARENT_EQUITY":3972713812.41,"DEBT_ASSET_RATIO":19.0028132579,"OPERATE_PROFIT":136409475.16,"PRETAX_PROFIT":155554037.8,"NETCASH_OPERATE":27659212.28,"NETCASH_INVEST":-11733101.45,"NETCASH_FINANCE":-111137973.59,"END_CASH":276739512.35,"DIVI_RATIO":0.386494807172,"DIVIDEND_RATE":4.195804195804,"CURRENT_RATIO":4.123813110486,"COMMON_ACS":null,"CURRENTDEBT_DEBT":56.241685866644,"ISSUED_COMMON_SHARES":973844035,"HK_COMMON_SHARES":973844035,"PER_SHARES":1000,"TOTAL_MARKET_CAP":1392596970.05,"HKSK_MARKET_CAP":1392596970.05,"PE_TTM":14.538172128846,"PB_TTM":0.319619744412,"REPORT_DATE_SQ":"2021-12-31 00:00:00","REPORT_TYPE_SQ":"2021年年报","OPERATE_INCOME_SQ":1121897638.4,"DPS_HKD":0.06,"OPERATE_INCOME_QOQ_SQ":7.775760467726,"NET_PROFIT_RATIO_SQ":16.108845461,"HOLDER_PROFIT_SQ":180724756.8,"HOLDER_PROFIT_QOQ_SQ":29.491349499048,"ROE_AVG_SQ":4.887640412171,"PE_TTM_SQ":6.810052791856,"PB_TTM_SQ":0.232130392669,"ROA_SQ":3.989661386959,"START_DATE":"2022-01-01 00:00:00","FISCAL_YEAR":"12-31","CURRENCY":"HKD","IS_CNY_CODE":0,"DPS_HKD_LY":0.105,"ORG_TYPE":"一般企业","PREMIUM_INCOME":null,"PREMIUM_INCOME_YOY":null,"NET_INTEREST_INCOME":null,"NET_INTEREST_INCOME_YOY":null,"FEE_COMMISSION_INCOME":null,"FEE_COMMISSION_INCOME_YOY":null,"ACCOUNTS_RECE_TDAYS":12.547497075194,"INVENTORY_TDAYS":1.105645146106,"CURRENT_ASSETS_TDAYS":0.56922730207,"TOTAL_ASSETS_TDAYS":0.250987535801,"PREMIUM_EXPENSE":null,"LOAN_DEPOSIT":null,"LOAN_EQUITY":null,"LOAN_ASSETS":null,"DEPOSIT_EQUITY":null,"DEPOSIT_ASSETS":null,"EQUITY_MULTIPLIER":1.234610781216,"EQUITY_RATIO":0.234610781217},{"SECUCODE":"00533.HK","SECURITY_CODE":"00533","SECURITY_NAME_ABBR":"金利来集团","ORG_CODE":"10008952","STD_REPORT_DATE":"2022-06-30 00:00:00","REPORT_DATE":"2022-06-30 00:00:00","DATE_TYPE_CODE":"002","REPORT_TYPE":"2022年中报","PER_NETCASH_OPERATE":0.033796981091,"PER_OI":0.535945948385,"BPS":3.961230797753,"BASIC_EPS":0.072178036,"DILUTED_EPS":0.072178036,"OPERATE_INCOME":526360037.91,"OPERATE_INCOME_YOY":4.380497881,"GROSS_PROFIT":313802563.41,"GROSS_PROFIT_YOY":-1.794871652695,"HOLDER_PROFIT":70911499.61,"HOLDER_PROFIT_YOY":4.9767053223,"GROSS_PROFIT_RATIO":59.617474885823,"EPS_TTM":0.189297693287,"OPERATE_INCOME_QOQ":3.183586092661,"NET_PROFIT_RATIO":13.4720523031,"ROE_AVG":1.815298982275,"GROSS_PROFIT_QOQ":-0.807851489162,"ROA":1.455365914768,"HOLDER_PROFIT_QOQ":2.870201438832,"ROE_YEARLY":3.630597964551,"ROIC_YEARLY":3.762852995786,"TOTAL_ASSETS":4793008136.28,"TOTAL_LIABILITIES":935387152.63,"TAX_EBT":10.305475629016,"OCF_SALES":6.306042837484,"TOTAL_PARENT_EQUITY":3857620983.65,"DEBT_ASSET_RATIO":19.5156596032,"OPERATE_PROFIT":70601065.64,"PRETAX_PROFIT":79058894.74,"NETCASH_OPERATE":33192489.47,"NETCASH_INVEST":57679999.93,"NETCASH_FINANCE":-64584803.99,"END_CASH":398131138.93,"DIVI_RATIO":0.287918986511,"DIVIDEND_RATE":4.918032786885,"CURRENT_RATIO":3.926808267733,"COMMON_ACS":null,"CURRENTDEBT_DEBT":57.339018831078,"ISSUED_COMMON_SHARES":973844035,"HK_COMMON_SHARES":973844035,"PER_SHARES":1000,"TOTAL_MARKET_CAP":1188089722.7,"HKSK_MARKET_CAP":1188089722.7,"PE_TTM":12.403195802232,"PB_TTM":0.272682579148,"REPORT_DATE_SQ":"2021-06-30 00:00:00","REPORT_TYPE_SQ":"2021年中报","OPERATE_INCOME_SQ":490643460.72,"DPS_HKD":0.06,"OPERATE_INCOME_QOQ_SQ":-0.198347794384,"NET_PROFIT_RATIO_SQ":13.3955387775,"HOLDER_PROFIT_SQ":65724335.04,"HOLDER_PROFIT_QOQ_SQ":11.827952704143,"ROE_AVG_SQ":1.776759847135,"PE_TTM_SQ":7.167981821633,"PB_TTM_SQ":0.244330915744,"ROA_SQ":1.47165241369,"START_DATE":"2022-01-01 00:00:00","FISCAL_YEAR":"12-31","CURRENCY":"HKD","IS_CNY_CODE":0,"DPS_HKD_LY":0.105,"ORG_TYPE":"一般企业","PREMIUM_INCOME":null,"PREMIUM_INCOME_YOY":null,"NET_INTEREST_INCOME":null,"NET_INTEREST_INCOME_YOY":null,"FEE_COMMISSION_INCOME":null,"FEE_COMMISSION_INCOME_YOY":null,"ACCOUNTS_RECE_TDAYS":7.832891094779,"INVENTORY_TDAYS":1.352899712329,"CURRENT_ASSETS_TDAYS":0.245365528417,"TOTAL_ASSETS_TDAYS":0.108028523199,"PREMIUM_EXPENSE":null,"LOAN_DEPOSIT":null,"LOAN_EQUITY":null,"LOAN_ASSETS":null,"DEPOSIT_EQUITY":null,"DEPOSIT_ASSETS":null,"EQUITY_MULTIPLIER":1.242477723082,"EQUITY_RATIO":0.242477723082},{"SECUCODE":"00533.HK","SECURITY_CODE":"00533","SECURITY_NAME_ABBR":"金利来集团","ORG_CODE":"10008952","STD_REPORT_DATE":"2021-12-31 00:00:00","REPORT_DATE":"2021-12-31 00:00:00","DATE_TYPE_CODE":"001","REPORT_TYPE":"2021年年报","PER_NETCASH_OPERATE":0.168427688542,"PER_OI":1.142329300283,"BPS":3.882744349304,"BASIC_EPS":0.18404176,"DILUTED_EPS":0.18404176,"OPERATE_INCOME":1121897638.4,"OPERATE_INCOME_YOY":10.7246489079,"GROSS_PROFIT":709944155.2,"GROSS_PROFIT_YOY":16.108015377051,"HOLDER_PROFIT":180724756.8,"HOLDER_PROFIT_YOY":49.06531972,"GROSS_PROFIT_RATIO":63.280653323461,"EPS_TTM":0.184016061638,"OPERATE_INCOME_QOQ":7.775760467726,"NET_PROFIT_RATIO":16.108845461,"ROE_AVG":4.887640412171,"GROSS_PROFIT_QOQ":6.678340984873,"ROA":3.989661386959,"HOLDER_PROFIT_QOQ":29.491349499048,"ROE_YEARLY":4.887640412171,"ROIC_YEARLY":5.193407394302,"TOTAL_ASSETS":4734168084.8,"TOTAL_LIABILITIES":952980660.8,"TAX_EBT":15.325740947171,"OCF_SALES":14.744232551903,"TOTAL_PARENT_EQUITY":3781187424,"DEBT_ASSET_RATIO":20.1298442246,"OPERATE_PROFIT":196917324.8,"PRETAX_PROFIT":213435297.6,"NETCASH_OPERATE":165415196.8,"NETCASH_INVEST":-116942963.2,"NETCASH_FINANCE":-95505491.2,"END_CASH":371470019.2,"DIVI_RATIO":0.296182841405,"DIVIDEND_RATE":4.918032786885,"CURRENT_RATIO":3.784286649816,"COMMON_ACS":null,"CURRENTDEBT_DEBT":57.90595779108,"ISSUED_COMMON_SHARES":973844035,"HK_COMMON_SHARES":973844035,"PER_SHARES":1000,"TOTAL_MARKET_CAP":1188089722.7,"HKSK_MARKET_CAP":1188089722.7,"PE_TTM":12.403195802232,"PB_TTM":0.272682579148,"REPORT_DATE_SQ":"2020-12-31 00:00:00","REPORT_TYPE_SQ":"2020年年报","OPERATE_INCOME_SQ":1043024252.64,"DPS_HKD":0.06,"OPERATE_INCOME_QOQ_SQ":-17.450629876227,"NET_PROFIT_RATIO_SQ":11.9655347154,"HOLDER_PROFIT_SQ":124803429.04,"HOLDER_PROFIT_QOQ_SQ":-31.208375297823,"ROE_AVG_SQ":3.431111900904,"PE_TTM_SQ":7.167981821633,"PB_TTM_SQ":0.244330915744,"ROA_SQ":2.832162306052,"START_DATE":"2021-01-01 00:00:00","FISCAL_YEAR":"12-31","CURRENCY":"HKD","IS_CNY_CODE":0,"DPS_HKD_LY":0.105,"ORG_TYPE":"一般企业","PREMIUM_INCOME":null,"PREMIUM_INCOME_YOY":null,"NET_INTEREST_INCOME":null,"NET_INTEREST_INCOME_YOY":null,"FEE_COMMISSION_INCOME":null,"FEE_COMMISSION_INCOME_YOY":null,"ACCOUNTS_RECE_TDAYS":13.734063316352,"INVENTORY_TDAYS":2.859858385481,"CURRENT_ASSETS_TDAYS":0.590934039373,"TOTAL_ASSETS_TDAYS":0.24766898389,"PREMIUM_EXPENSE":null,"LOAN_DEPOSIT":null,"LOAN_EQUITY":null,"LOAN_ASSETS":null,"DEPOSIT_EQUITY":null,"DEPOSIT_ASSETS":null,"EQUITY_MULTIPLIER":1.252032114238,"EQUITY_RATIO":0.252032114238},{"SECUCODE":"00533.HK","SECURITY_CODE":"00533","SECURITY_NAME_ABBR":"金利来集团","ORG_CODE":"10008952","STD_REPORT_DATE":"2021-06-30 00:00:00","REPORT_DATE":"2021-06-30 00:00:00","DATE_TYPE_CODE":"002","REPORT_TYPE":"2021年中报","PER_NETCASH_OPERATE":0.145915652331,"PER_OI":0.499578911648,"BPS":3.820151936588,"BASIC_EPS":0.066899232,"DILUTED_EPS":0.066899232,"OPERATE_INCOME":490643460.72,"OPERATE_INCOME_YOY":9.3169670914,"GROSS_PROFIT":319537857.84,"GROSS_PROFIT_YOY":20.357997910784,"HOLDER_PROFIT":65724335.04,"HOLDER_PROFIT_YOY":41.5758531689,"GROSS_PROFIT_RATIO":65.126284852771,"EPS_TTM":0.142106837522,"OPERATE_INCOME_QOQ":-0.198347794384,"NET_PROFIT_RATIO":13.3955387775,"ROE_AVG":1.776759847135,"GROSS_PROFIT_QOQ":8.839352304433,"ROA":1.47165241369,"HOLDER_PROFIT_QOQ":11.827952704143,"ROE_YEARLY":3.55351969427,"ROIC_YEARLY":3.832185423475,"TOTAL_ASSETS":4529954186.64,"TOTAL_LIABILITIES":809722010.4,"TAX_EBT":12.983894066583,"OCF_SALES":29.207728534628,"TOTAL_PARENT_EQUITY":3720232176.24,"DEBT_ASSET_RATIO":17.8748388403,"OPERATE_PROFIT":67519131.6,"PRETAX_PROFIT":75531229.92,"NETCASH_OPERATE":143305810.08,"NETCASH_INVEST":-131102524.8,"NETCASH_FINANCE":-58791444.48,"END_CASH":368331029.04,"DIVI_RATIO":0.383531158319,"DIVIDEND_RATE":4.918032786885,"CURRENT_RATIO":4.542200794909,"COMMON_ACS":null,"CURRENTDEBT_DEBT":50.494486861981,"ISSUED_COMMON_SHARES":973844035,"HK_COMMON_SHARES":973844035,"PER_SHARES":1000,"TOTAL_MARKET_CAP":1188089722.7,"HKSK_MARKET_CAP":1188089722.7,"PE_TTM":12.403195802232,"PB_TTM":0.272682579148,"REPORT_DATE_SQ":"2020-06-30 00:00:00","REPORT_TYPE_SQ":"2020年中报","OPERATE_INCOME_SQ":492712276.32,"DPS_HKD":0.06,"OPERATE_INCOME_QOQ_SQ":-11.395594871235,"NET_PROFIT_RATIO_SQ":10.3432869302,"HOLDER_PROFIT_SQ":50962644.48,"HOLDER_PROFIT_QOQ_SQ":-33.81974662213,"ROE_AVG_SQ":1.334913286984,"PE_TTM_SQ":7.167981821633,"PB_TTM_SQ":0.244330915744,"ROA_SQ":1.102685404202,"START_DATE":"2021-01-01 00:00:00","FISCAL_YEAR":"12-31","CURRENCY":"HKD","IS_CNY_CODE":0,"DPS_HKD_LY":0.105,"ORG_TYPE":"一般企业","PREMIUM_INCOME":null,"PREMIUM_INCOME_YOY":null,"NET_INTEREST_INCOME":null,"NET_INTEREST_INCOME_YOY":null,"FEE_COMMISSION_INCOME":null,"FEE_COMMISSION_INCOME_YOY":null,"ACCOUNTS_RECE_TDAYS":8.336877377031,"INVENTORY_TDAYS":1.347677203928,"CURRENT_ASSETS_TDAYS":0.272871654406,"TOTAL_ASSETS_TDAYS":0.109861382818,"PREMIUM_EXPENSE":null,"LOAN_DEPOSIT":null,"LOAN_EQUITY":null,"LOAN_ASSETS":null,"DEPOSIT_EQUITY":null,"DEPOSIT_ASSETS":null,"EQUITY_MULTIPLIER":1.217653622689,"EQUITY_RATIO":0.217653622688},{"SECUCODE":"00533.HK","SECURITY_CODE":"00533","SECURITY_NAME_ABBR":"金利来集团","ORG_CODE":"10008952","STD_REPORT_DATE":"2020-12-31 00:00:00","REPORT_DATE":"2020-12-31 00:00:00","DATE_TYPE_CODE":"001","REPORT_TYPE":"2020年年报","PER_NETCASH_OPERATE":0.07038018582,"PER_OI":1.062019496178,"BPS":3.820169325492,"BASIC_EPS":0.12708764,"DILUTED_EPS":0.12708764,"OPERATE_INCOME":1043024252.64,"OPERATE_INCOME_YOY":-22.1526072126,"GROSS_PROFIT":611451460,"GROSS_PROFIT_YOY":-25.265356881862,"HOLDER_PROFIT":124803429.04,"HOLDER_PROFIT_YOY":-51.5449566706,"GROSS_PROFIT_RATIO":58.622937908908,"EPS_TTM":0.1270763115,"OPERATE_INCOME_QOQ":-17.450629876227,"NET_PROFIT_RATIO":11.9655347154,"ROE_AVG":3.431111900904,"GROSS_PROFIT_QOQ":-13.01104199183,"ROA":2.832162306052,"HOLDER_PROFIT_QOQ":-31.208375297823,"ROE_YEARLY":3.431111900904,"ROIC_YEARLY":3.695252672116,"TOTAL_ASSETS":4452668645.88,"TOTAL_LIABILITIES":732419535.56,"TAX_EBT":20.055852970828,"OCF_SALES":6.62701448265,"TOTAL_PARENT_EQUITY":3720249110.32,"DEBT_ASSET_RATIO":16.4490015721,"OPERATE_PROFIT":139213989.12,"PRETAX_PROFIT":156113278.68,"NETCASH_OPERATE":69121368.28,"NETCASH_INVEST":99499522.44,"NETCASH_FINANCE":-117774051.76,"END_CASH":414688652.6,"DIVI_RATIO":0.428895042331,"DIVIDEND_RATE":4.918032786885,"CURRENT_RATIO":5.374958207957,"COMMON_ACS":null,"CURRENTDEBT_DEBT":44.681342497205,"ISSUED_COMMON_SHARES":973844035,"HK_COMMON_SHARES":973844035,"PER_SHARES":1000,"TOTAL_MARKET_CAP":1188089722.7,"HKSK_MARKET_CAP":1188089722.7,"PE_TTM":12.403195802232,"PB_TTM":0.272682579148,"REPORT_DATE_SQ":"2019-12-31 00:00:00","REPORT_TYPE_SQ":"2019年年报","OPERATE_INCOME_SQ":1426019055.4,"DPS_HKD":0.06,"OPERATE_INCOME_QOQ_SQ":-2.869526101657,"NET_PROFIT_RATIO_SQ":19.2237095852,"HOLDER_PROFIT_SQ":274133761.84,"HOLDER_PROFIT_QOQ_SQ":-16.698934923673,"ROE_AVG_SQ":7.31944655218,"PE_TTM_SQ":7.167981821633,"PB_TTM_SQ":0.244330915744,"ROA_SQ":5.972816996067,"START_DATE":"2020-01-01 00:00:00","FISCAL_YEAR":"12-31","CURRENCY":"HKD","IS_CNY_CODE":0,"DPS_HKD_LY":0.125,"ORG_TYPE":"一般企业","PREMIUM_INCOME":null,"PREMIUM_INCOME_YOY":null,"NET_INTEREST_INCOME":null,"NET_INTEREST_INCOME_YOY":null,"FEE_COMMISSION_INCOME":null,"FEE_COMMISSION_INCOME_YOY":null,"ACCOUNTS_RECE_TDAYS":11.861313833682,"INVENTORY_TDAYS":2.566613443317,"CURRENT_ASSETS_TDAYS":0.605638070365,"TOTAL_ASSETS_TDAYS":0.236693334097,"PREMIUM_EXPENSE":null,"LOAN_DEPOSIT":null,"LOAN_EQUITY":null,"LOAN_ASSETS":null,"DEPOSIT_EQUITY":null,"DEPOSIT_ASSETS":null,"EQUITY_MULTIPLIER":1.196873788244,"EQUITY_RATIO":0.196873788244},{"SECUCODE":"00533.HK","SECURITY_CODE":"00533","SECURITY_NAME_ABBR":"金利来集团","ORG_CODE":"10008952","STD_REPORT_DATE":"2020-06-30 00:00:00","REPORT_DATE":"2020-06-30 00:00:00","DATE_TYPE_CODE":"002","REPORT_TYPE":"2020年中报","PER_NETCASH_OPERATE":0.061489137847,"PER_OI":0.501685403895,"BPS":3.879009540003,"BASIC_EPS":0.051883392,"DILUTED_EPS":0.051883392,"OPERATE_INCOME":492712276.32,"OPERATE_INCOME_YOY":-27.5824292375,"GROSS_PROFIT":265489509.12,"GROSS_PROFIT_YOY":-30.27120572775,"HOLDER_PROFIT":50962644.48,"HOLDER_PROFIT_YOY":-65.8407263866,"GROSS_PROFIT_RATIO":53.883274657353,"EPS_TTM":0.184726428617,"OPERATE_INCOME_QOQ":-11.395594871235,"NET_PROFIT_RATIO":10.3432869302,"ROE_AVG":1.334913286984,"GROSS_PROFIT_QOQ":-14.087207354388,"ROA":1.102685404202,"HOLDER_PROFIT_QOQ":-33.81974662213,"ROE_YEARLY":2.669826573967,"ROIC_YEARLY":2.877738289169,"TOTAL_ASSETS":4510738446.72,"TOTAL_LIABILITIES":733188144.48,"TAX_EBT":17.433256378382,"OCF_SALES":12.256513219244,"TOTAL_PARENT_EQUITY":3777550302.24,"DEBT_ASSET_RATIO":16.254281935,"OPERATE_PROFIT":52363861.44,"PRETAX_PROFIT":61722967.68,"NETCASH_OPERATE":60389345.28,"NETCASH_INVEST":297064389.6,"NETCASH_FINANCE":-92777187.36,"END_CASH":605769658.56,"DIVI_RATIO":0.295043867887,"DIVIDEND_RATE":4.918032786885,"CURRENT_RATIO":5.1454544941,"COMMON_ACS":null,"CURRENTDEBT_DEBT":44.108204274002,"ISSUED_COMMON_SHARES":973844035,"HK_COMMON_SHARES":973844035,"PER_SHARES":1000,"TOTAL_MARKET_CAP":1188089722.7,"HKSK_MARKET_CAP":1188089722.7,"PE_TTM":12.403195802232,"PB_TTM":0.272682579148,"REPORT_DATE_SQ":"2019-06-30 00:00:00","REPORT_TYPE_SQ":"2019年中报","OPERATE_INCOME_SQ":655215630.66,"DPS_HKD":0.06,"OPERATE_INCOME_QOQ_SQ":-0.34368413417,"NET_PROFIT_RATIO_SQ":21.9277412529,"HOLDER_PROFIT_SQ":143673988.14,"HOLDER_PROFIT_QOQ_SQ":-0.175041169855,"ROE_AVG_SQ":3.928951762338,"PE_TTM_SQ":7.167981821633,"PB_TTM_SQ":0.244330915744,"ROA_SQ":3.212035146366,"START_DATE":"2020-01-01 00:00:00","FISCAL_YEAR":"12-31","CURRENCY":"HKD","IS_CNY_CODE":0,"DPS_HKD_LY":0.125,"ORG_TYPE":"一般企业","PREMIUM_INCOME":null,"PREMIUM_INCOME_YOY":null,"NET_INTEREST_INCOME":null,"NET_INTEREST_INCOME_YOY":null,"FEE_COMMISSION_INCOME":null,"FEE_COMMISSION_INCOME_YOY":null,"ACCOUNTS_RECE_TDAYS":6.90471192125,"INVENTORY_TDAYS":1.250307858561,"CURRENT_ASSETS_TDAYS":0.282097867647,"TOTAL_ASSETS_TDAYS":0.106608799664,"PREMIUM_EXPENSE":null,"LOAN_DEPOSIT":null,"LOAN_EQUITY":null,"LOAN_ASSETS":null,"DEPOSIT_EQUITY":null,"DEPOSIT_ASSETS":null,"EQUITY_MULTIPLIER":1.194090901727,"EQUITY_RATIO":0.194090901727}],"count":48},"success":true,"message":"ok","code":0}