{"version":"84cd7c018e56a82766ef25446bbdc4f0","result":{"pages":6,"data":[{"SECUCODE":"00542.HK","SECURITY_CODE":"00542","SECURITY_NAME_ABBR":"中国文旅农业","ORG_CODE":"10008957","STD_REPORT_DATE":"2024-06-30 00:00:00","REPORT_DATE":"2024-06-30 00:00:00","DATE_TYPE_CODE":"002","REPORT_TYPE":"2024年中报","PER_NETCASH_OPERATE":0.008681026618,"PER_OI":0.001601520413,"BPS":-0.002808508071,"BASIC_EPS":-0.01049582,"DILUTED_EPS":null,"OPERATE_INCOME":12311140.52,"OPERATE_INCOME_YOY":-57.92313931,"GROSS_PROFIT":5281679.16,"GROSS_PROFIT_YOY":-48.105565649493,"HOLDER_PROFIT":-80484685.8,"HOLDER_PROFIT_YOY":22.2375069443,"GROSS_PROFIT_RATIO":42.901623545111,"EPS_TTM":-0.019586946111,"OPERATE_INCOME_QOQ":-6.239053712557,"NET_PROFIT_RATIO":-693.2315219809,"ROE_AVG":-543.999259739058,"GROSS_PROFIT_QOQ":-4.587717635696,"ROA":-2.615671575939,"HOLDER_PROFIT_QOQ":13.783102544163,"ROE_YEARLY":-1087.99851947812,"ROIC_YEARLY":-5.295876350881,"TOTAL_ASSETS":3061387921.12,"TOTAL_LIABILITIES":3058748450.56,"TAX_EBT":0.23897411825,"OCF_SALES":542.049077025725,"TOTAL_PARENT_EQUITY":-21589445.4,"DEBT_ASSET_RATIO":99.913781898,"OPERATE_PROFIT":-37437220.92,"PRETAX_PROFIT":-85549147.12,"NETCASH_OPERATE":66732423.56,"NETCASH_INVEST":-928195.56,"NETCASH_FINANCE":-68335089.64,"END_CASH":9500998.8,"DIVI_RATIO":null,"DIVIDEND_RATE":null,"CURRENT_RATIO":1.17010759847,"COMMON_ACS":100000000000,"CURRENTDEBT_DEBT":40.24629169014,"ISSUED_COMMON_SHARES":7687158040,"HK_COMMON_SHARES":7687158040,"PER_SHARES":8000,"TOTAL_MARKET_CAP":368983585.92,"HKSK_MARKET_CAP":368983585.92,"PE_TTM":-2.202979144919,"PB_TTM":-15.598545166772,"REPORT_DATE_SQ":"2023-06-30 00:00:00","REPORT_TYPE_SQ":"2023年中报","OPERATE_INCOME_SQ":29556834.84,"DPS_HKD":null,"OPERATE_INCOME_QOQ_SQ":-22.725408389912,"NET_PROFIT_RATIO_SQ":-381.5553060079,"HOLDER_PROFIT_SQ":-104555297.94,"HOLDER_PROFIT_QOQ_SQ":-104.011373795128,"ROE_AVG_SQ":-256.000270892591,"PE_TTM_SQ":-93.479165470061,"PB_TTM_SQ":-93.618974776725,"ROA_SQ":-3.39083192937,"START_DATE":"2024-01-01 00:00:00","FISCAL_YEAR":"12-31","CURRENCY":"HKD","IS_CNY_CODE":0,"DPS_HKD_LY":null,"ORG_TYPE":"一般企业","PREMIUM_INCOME":null,"PREMIUM_INCOME_YOY":null,"NET_INTEREST_INCOME":null,"NET_INTEREST_INCOME_YOY":null,"FEE_COMMISSION_INCOME":null,"FEE_COMMISSION_INCOME_YOY":null,"ACCOUNTS_RECE_TDAYS":10.285169653069,"INVENTORY_TDAYS":0.007479488944,"CURRENT_ASSETS_TDAYS":0.008574126402,"TOTAL_ASSETS_TDAYS":0.004000997209,"PREMIUM_EXPENSE":null,"LOAN_DEPOSIT":null,"LOAN_EQUITY":null,"LOAN_ASSETS":null,"DEPOSIT_EQUITY":null,"DEPOSIT_ASSETS":null,"EQUITY_MULTIPLIER":1159.84923908436,"EQUITY_RATIO":-141.677953920947},{"SECUCODE":"00542.HK","SECURITY_CODE":"00542","SECURITY_NAME_ABBR":"中国文旅农业","ORG_CODE":"10008957","STD_REPORT_DATE":"2023-12-31 00:00:00","REPORT_DATE":"2023-12-31 00:00:00","DATE_TYPE_CODE":"001","REPORT_TYPE":"2023年年报","PER_NETCASH_OPERATE":-0.03032868659,"PER_OI":0.035958051462,"BPS":0.006610660592,"BASIC_EPS":-0.02401483,"DILUTED_EPS":null,"OPERATE_INCOME":276415224.4,"OPERATE_INCOME_YOY":-80.9576607302,"GROSS_PROFIT":106720998.3,"GROSS_PROFIT_YOY":-82.333564388555,"HOLDER_PROFIT":-174638562.42,"HOLDER_PROFIT_YOY":-172.6725922686,"GROSS_PROFIT_RATIO":38.608943675825,"EPS_TTM":-0.022718221937,"OPERATE_INCOME_QOQ":-75.000318597919,"NET_PROFIT_RATIO":-67.0215067864,"ROE_AVG":-242.842111232224,"GROSS_PROFIT_QOQ":-82.03118782234,"ROA":-5.736034542827,"HOLDER_PROFIT_QOQ":-1737.92765640607,"ROE_YEARLY":-242.842111232224,"ROIC_YEARLY":-5.829422443689,"TOTAL_ASSETS":3070758187.7,"TOTAL_LIABILITIES":2991088762.62,"TAX_EBT":-21.011164123267,"OCF_SALES":-84.344633138811,"TOTAL_PARENT_EQUITY":50817192.72,"DEBT_ASSET_RATIO":97.4055454643,"OPERATE_PROFIT":-19648662.04,"PRETAX_PROFIT":-153091369.48,"NETCASH_OPERATE":-233141406.96,"NETCASH_INVEST":-34989154.2,"NETCASH_FINANCE":265918478.14,"END_CASH":12116161.4,"DIVI_RATIO":null,"DIVIDEND_RATE":null,"CURRENT_RATIO":1.203539422294,"COMMON_ACS":100000000000,"CURRENTDEBT_DEBT":39.476843903011,"ISSUED_COMMON_SHARES":7687158040,"HK_COMMON_SHARES":7687158040,"PER_SHARES":8000,"TOTAL_MARKET_CAP":561162536.92,"HKSK_MARKET_CAP":561162536.92,"PE_TTM":-3.350364116232,"PB_TTM":-23.722787441133,"REPORT_DATE_SQ":"2022-12-31 00:00:00","REPORT_TYPE_SQ":"2022年年报","OPERATE_INCOME_SQ":1430838992.73,"DPS_HKD":null,"OPERATE_INCOME_QOQ_SQ":303.864277699467,"NET_PROFIT_RATIO_SQ":20.6102014048,"HOLDER_PROFIT_SQ":236874658.79,"HOLDER_PROFIT_QOQ_SQ":761.681095550539,"ROE_AVG_SQ":-870.403072277293,"PE_TTM_SQ":-111.519004420424,"PB_TTM_SQ":-111.685794470479,"ROA_SQ":6.694876624459,"START_DATE":"2023-01-01 00:00:00","FISCAL_YEAR":"12-31","CURRENCY":"HKD","IS_CNY_CODE":0,"DPS_HKD_LY":null,"ORG_TYPE":"一般企业","PREMIUM_INCOME":null,"PREMIUM_INCOME_YOY":null,"NET_INTEREST_INCOME":null,"NET_INTEREST_INCOME_YOY":null,"FEE_COMMISSION_INCOME":null,"FEE_COMMISSION_INCOME_YOY":null,"ACCOUNTS_RECE_TDAYS":487.641886490807,"INVENTORY_TDAYS":0.180226872866,"CURRENT_ASSETS_TDAYS":0.197811312703,"TOTAL_ASSETS_TDAYS":0.090789070487,"PREMIUM_EXPENSE":null,"LOAN_DEPOSIT":null,"LOAN_EQUITY":null,"LOAN_ASSETS":null,"DEPOSIT_EQUITY":null,"DEPOSIT_ASSETS":null,"EQUITY_MULTIPLIER":38.543747297934,"EQUITY_RATIO":58.859779584849},{"SECUCODE":"00542.HK","SECURITY_CODE":"00542","SECURITY_NAME_ABBR":"中国文旅农业","ORG_CODE":"10008957","STD_REPORT_DATE":"2023-06-30 00:00:00","REPORT_DATE":"2023-06-30 00:00:00","DATE_TYPE_CODE":"002","REPORT_TYPE":"2023年中报","PER_NETCASH_OPERATE":-0.024005843322,"PER_OI":0.004255016616,"BPS":-0.001684045146,"BASIC_EPS":-0.015028274,"DILUTED_EPS":null,"OPERATE_INCOME":29556834.84,"OPERATE_INCOME_YOY":-92.271195267,"GROSS_PROFIT":10177737.22,"GROSS_PROFIT_YOY":-49.969978459283,"HOLDER_PROFIT":-104555297.94,"HOLDER_PROFIT_YOY":-168.382618973,"GROSS_PROFIT_RATIO":34.434462536652,"EPS_TTM":-0.00136790227,"OPERATE_INCOME_QOQ":-22.725408389912,"NET_PROFIT_RATIO":-381.5553060079,"ROE_AVG":-256.000270892591,"GROSS_PROFIT_QOQ":-1.682785502044,"ROA":-3.39083192937,"HOLDER_PROFIT_QOQ":-104.011373795128,"ROE_YEARLY":-512.000541785182,"ROIC_YEARLY":-6.915912444059,"TOTAL_ASSETS":3096031889.5,"TOTAL_LIABILITIES":3078326185.58,"TAX_EBT":-0.691477539328,"OCF_SALES":-564.177428411005,"TOTAL_PARENT_EQUITY":-12945521.18,"DEBT_ASSET_RATIO":99.428116229,"OPERATE_PROFIT":-46977646.94,"PRETAX_PROFIT":-112001208.42,"NETCASH_OPERATE":-166752990.72,"NETCASH_INVEST":294111.62,"NETCASH_FINANCE":184304723.98,"END_CASH":31493914.82,"DIVI_RATIO":null,"DIVIDEND_RATE":null,"CURRENT_RATIO":0.778358830188,"COMMON_ACS":100000000000,"CURRENTDEBT_DEBT":62.387351702892,"ISSUED_COMMON_SHARES":7687158040,"HK_COMMON_SHARES":7687158040,"PER_SHARES":8000,"TOTAL_MARKET_CAP":561162536.92,"HKSK_MARKET_CAP":561162536.92,"PE_TTM":-3.350364116232,"PB_TTM":-23.722787441133,"REPORT_DATE_SQ":"2022-06-30 00:00:00","REPORT_TYPE_SQ":"2022年中报","OPERATE_INCOME_SQ":354720839.34,"DPS_HKD":null,"OPERATE_INCOME_QOQ_SQ":5474.03776519101,"NET_PROFIT_RATIO_SQ":38.6543904568,"HOLDER_PROFIT_SQ":141821288.84,"HOLDER_PROFIT_QOQ_SQ":86.579773808688,"ROE_AVG_SQ":-206.209820817946,"PE_TTM_SQ":-111.519004420424,"PB_TTM_SQ":-111.685794470479,"ROA_SQ":3.989412789932,"START_DATE":"2023-01-01 00:00:00","FISCAL_YEAR":"12-31","CURRENCY":"HKD","IS_CNY_CODE":0,"DPS_HKD_LY":null,"ORG_TYPE":"一般企业","PREMIUM_INCOME":null,"PREMIUM_INCOME_YOY":null,"NET_INTEREST_INCOME":null,"NET_INTEREST_INCOME_YOY":null,"FEE_COMMISSION_INCOME":null,"FEE_COMMISSION_INCOME_YOY":null,"ACCOUNTS_RECE_TDAYS":93.736842105263,"INVENTORY_TDAYS":0.020277385058,"CURRENT_ASSETS_TDAYS":0.02043809488,"TOTAL_ASSETS_TDAYS":0.009585574455,"PREMIUM_EXPENSE":null,"LOAN_DEPOSIT":null,"LOAN_EQUITY":null,"LOAN_ASSETS":null,"DEPOSIT_EQUITY":null,"DEPOSIT_ASSETS":null,"EQUITY_MULTIPLIER":174.860706092671,"EQUITY_RATIO":-237.790826864183},{"SECUCODE":"00542.HK","SECURITY_CODE":"00542","SECURITY_NAME_ABBR":"中国文旅农业","ORG_CODE":"10008957","STD_REPORT_DATE":"2022-12-31 00:00:00","REPORT_DATE":"2022-12-31 00:00:00","DATE_TYPE_CODE":"001","REPORT_TYPE":"2022年年报","PER_NETCASH_OPERATE":0.039728836769,"PER_OI":0.205984291677,"BPS":0.011926716286,"BASIC_EPS":0.034122914,"DILUTED_EPS":null,"OPERATE_INCOME":1430838992.73,"OPERATE_INCOME_YOY":20504.5665037304,"GROSS_PROFIT":604089023.09,"GROSS_PROFIT_YOY":17584.4527822679,"HOLDER_PROFIT":236874658.79,"HOLDER_PROFIT_YOY":181.2768187725,"GROSS_PROFIT_RATIO":42.219217267585,"EPS_TTM":0.034100593466,"OPERATE_INCOME_QOQ":303.864277699467,"NET_PROFIT_RATIO":20.6102014048,"ROE_AVG":-870.403072277293,"GROSS_PROFIT_QOQ":3209.62580848462,"ROA":6.694876624459,"HOLDER_PROFIT_QOQ":761.681095550539,"ROE_YEARLY":-870.403072277293,"ROIC_YEARLY":6.823628890025,"TOTAL_ASSETS":2975282277.52,"TOTAL_LIABILITIES":2842233284.1,"TAX_EBT":39.745024137837,"OCF_SALES":19.287313826516,"TOTAL_PARENT_EQUITY":91682552.99,"DEBT_ASSET_RATIO":95.5281892268,"OPERATE_PROFIT":671382625.27,"PRETAX_PROFIT":489418166.65,"NETCASH_OPERATE":275970406.88,"NETCASH_INVEST":75929736.54,"NETCASH_FINANCE":-409733123.03,"END_CASH":14405765.29,"DIVI_RATIO":null,"DIVIDEND_RATE":null,"CURRENT_RATIO":0.701964979554,"COMMON_ACS":100000000000,"CURRENTDEBT_DEBT":67.863776505973,"ISSUED_COMMON_SHARES":7687158040,"HK_COMMON_SHARES":7687158040,"PER_SHARES":8000,"TOTAL_MARKET_CAP":445855166.32,"HKSK_MARKET_CAP":445855166.32,"PE_TTM":-2.661933133444,"PB_TTM":-18.848242076517,"REPORT_DATE_SQ":"2021-12-31 00:00:00","REPORT_TYPE_SQ":"2021年年报","OPERATE_INCOME_SQ":6356022.4,"DPS_HKD":null,"OPERATE_INCOME_QOQ_SQ":105.961287149022,"NET_PROFIT_RATIO_SQ":-4392.9251350656,"HOLDER_PROFIT_SQ":-266753446.4,"HOLDER_PROFIT_QOQ_SQ":-6.618053054466,"ROE_AVG_SQ":6025.189289012,"PE_TTM_SQ":-94.57248904281,"PB_TTM_SQ":-94.713933546044,"ROA_SQ":-7.58580073439,"START_DATE":"2022-01-01 00:00:00","FISCAL_YEAR":"12-31","CURRENCY":"HKD","IS_CNY_CODE":0,"DPS_HKD_LY":null,"ORG_TYPE":"一般企业","PREMIUM_INCOME":null,"PREMIUM_INCOME_YOY":null,"NET_INTEREST_INCOME":null,"NET_INTEREST_INCOME_YOY":null,"FEE_COMMISSION_INCOME":null,"FEE_COMMISSION_INCOME_YOY":null,"ACCOUNTS_RECE_TDAYS":11008.9278350515,"INVENTORY_TDAYS":0.643418208766,"CURRENT_ASSETS_TDAYS":0.744882129235,"TOTAL_ASSETS_TDAYS":0.404403348789,"PREMIUM_EXPENSE":null,"LOAN_DEPOSIT":null,"LOAN_EQUITY":null,"LOAN_ASSETS":null,"DEPOSIT_EQUITY":null,"DEPOSIT_ASSETS":null,"EQUITY_MULTIPLIER":22.362305802229,"EQUITY_RATIO":31.000808675234},{"SECUCODE":"00542.HK","SECURITY_CODE":"00542","SECURITY_NAME_ABBR":"中国文旅农业","ORG_CODE":"10008957","STD_REPORT_DATE":"2022-06-30 00:00:00","REPORT_DATE":"2022-06-30 00:00:00","DATE_TYPE_CODE":"002","REPORT_TYPE":"2022年中报","PER_NETCASH_OPERATE":0.005789908409,"PER_OI":0.051065788119,"BPS":0.000303376504,"BASIC_EPS":0.020439041,"DILUTED_EPS":null,"OPERATE_INCOME":354720839.34,"OPERATE_INCOME_YOY":4983.1617647059,"GROSS_PROFIT":20343259.72,"GROSS_PROFIT_YOY":269.42705473638,"HOLDER_PROFIT":141821288.84,"HOLDER_PROFIT_YOY":254.8118482837,"GROSS_PROFIT_RATIO":5.735005520919,"EPS_TTM":-0.005153629701,"OPERATE_INCOME_QOQ":5474.03776519101,"NET_PROFIT_RATIO":38.6543904568,"ROE_AVG":-206.209820817946,"GROSS_PROFIT_QOQ":434.333903758294,"ROA":3.989412789932,"HOLDER_PROFIT_QOQ":86.579773808688,"ROE_YEARLY":-412.419641635891,"ROIC_YEARLY":8.086491067476,"TOTAL_ASSETS":3183694490.48,"TOTAL_LIABILITIES":3202554850.74,"TAX_EBT":0.093467843946,"OCF_SALES":11.338135809791,"TOTAL_PARENT_EQUITY":2332103.13,"DEBT_ASSET_RATIO":100.5924048402,"OPERATE_PROFIT":170347006.48,"PRETAX_PROFIT":137243456.77,"NETCASH_OPERATE":40218730.51,"NETCASH_INVEST":217408112.18,"NETCASH_FINANCE":-286193609.45,"END_CASH":41421982.84,"DIVI_RATIO":null,"DIVIDEND_RATE":null,"CURRENT_RATIO":0.78188038726,"COMMON_ACS":100000000000,"CURRENTDEBT_DEBT":67.997482406486,"ISSUED_COMMON_SHARES":7687158040,"HK_COMMON_SHARES":7687158040,"PER_SHARES":8000,"TOTAL_MARKET_CAP":445855166.32,"HKSK_MARKET_CAP":445855166.32,"PE_TTM":-2.661933133444,"PB_TTM":-18.848242076517,"REPORT_DATE_SQ":"2021-06-30 00:00:00","REPORT_TYPE_SQ":"2021年中报","OPERATE_INCOME_SQ":6789772.8,"DPS_HKD":null,"OPERATE_INCOME_QOQ_SQ":-666.561697117622,"NET_PROFIT_RATIO_SQ":-1351.4093137255,"HOLDER_PROFIT_SQ":-89133241.68,"HOLDER_PROFIT_QOQ_SQ":-36.5420964757,"ROE_AVG_SQ":-106.642176626945,"PE_TTM_SQ":-94.57248904281,"PB_TTM_SQ":-94.713933546044,"ROA_SQ":-2.541603178588,"START_DATE":"2022-01-01 00:00:00","FISCAL_YEAR":"12-31","CURRENCY":"HKD","IS_CNY_CODE":0,"DPS_HKD_LY":null,"ORG_TYPE":"一般企业","PREMIUM_INCOME":null,"PREMIUM_INCOME_YOY":null,"NET_INTEREST_INCOME":null,"NET_INTEREST_INCOME_YOY":null,"FEE_COMMISSION_INCOME":null,"FEE_COMMISSION_INCOME_YOY":null,"ACCOUNTS_RECE_TDAYS":6913.1,"INVENTORY_TDAYS":0.242133410618,"CURRENT_ASSETS_TDAYS":0.173694779747,"TOTAL_ASSETS_TDAYS":0.099782470241,"PREMIUM_EXPENSE":null,"LOAN_DEPOSIT":null,"LOAN_EQUITY":null,"LOAN_ASSETS":null,"DEPOSIT_EQUITY":null,"DEPOSIT_ASSETS":null,"EQUITY_MULTIPLIER":-168.803482372357,"EQUITY_RATIO":1373.24752475248},{"SECUCODE":"00542.HK","SECURITY_CODE":"00542","SECURITY_NAME_ABBR":"中国文旅农业","ORG_CODE":"10008957","STD_REPORT_DATE":"2021-12-31 00:00:00","REPORT_DATE":"2021-12-31 00:00:00","DATE_TYPE_CODE":"001","REPORT_TYPE":"2021年年报","PER_NETCASH_OPERATE":0.020815381311,"PER_OI":0.00091501614,"BPS":-0.017397068423,"BASIC_EPS":-0.0384272,"DILUTED_EPS":null,"OPERATE_INCOME":6356022.4,"OPERATE_INCOME_YOY":-65.2325581395,"GROSS_PROFIT":3415932.8,"GROSS_PROFIT_YOY":-73.241939536573,"HOLDER_PROFIT":-266753446.4,"HOLDER_PROFIT_YOY":-49.8589893163,"GROSS_PROFIT_RATIO":53.743246719835,"EPS_TTM":-0.038401958563,"OPERATE_INCOME_QOQ":105.961287149022,"NET_PROFIT_RATIO":-4392.9251350656,"ROE_AVG":6025.189289012,"GROSS_PROFIT_QOQ":107.30044981914,"ROA":-7.58580073439,"HOLDER_PROFIT_QOQ":-6.618053054466,"ROE_YEARLY":6025.189289012,"ROIC_YEARLY":-7.78918232255,"TOTAL_ASSETS":3753612228.8,"TOTAL_LIABILITIES":3854341366.4,"TAX_EBT":-0.118439645619,"OCF_SALES":2274.86493439671,"TOTAL_PARENT_EQUITY":-133734014.4,"DEBT_ASSET_RATIO":102.6835254006,"OPERATE_PROFIT":-167947304,"PRETAX_PROFIT":-278884995.2,"NETCASH_OPERATE":144590924.8,"NETCASH_INVEST":1328600,"NETCASH_FINANCE":-145783803.2,"END_CASH":69618640,"DIVI_RATIO":null,"DIVIDEND_RATE":null,"CURRENT_RATIO":0.802381342692,"COMMON_ACS":100000000000,"CURRENTDEBT_DEBT":73.628032159762,"ISSUED_COMMON_SHARES":7687158040,"HK_COMMON_SHARES":7687158040,"PER_SHARES":8000,"TOTAL_MARKET_CAP":445855166.32,"HKSK_MARKET_CAP":445855166.32,"PE_TTM":-2.661933133444,"PB_TTM":-18.848242076517,"REPORT_DATE_SQ":"2020-12-31 00:00:00","REPORT_TYPE_SQ":"2020年年报","OPERATE_INCOME_SQ":18819070.4,"DPS_HKD":null,"OPERATE_INCOME_QOQ_SQ":-87.30386372292,"NET_PROFIT_RATIO_SQ":-969.3872987478,"HOLDER_PROFIT_SQ":-183236810.96,"HOLDER_PROFIT_QOQ_SQ":-14.679139344541,"ROE_AVG_SQ":-87.936473315804,"PE_TTM_SQ":-94.57248904281,"PB_TTM_SQ":-94.713933546044,"ROA_SQ":-7.524232293401,"START_DATE":"2021-01-01 00:00:00","FISCAL_YEAR":"12-31","CURRENCY":"HKD","IS_CNY_CODE":0,"DPS_HKD_LY":null,"ORG_TYPE":"一般企业","PREMIUM_INCOME":null,"PREMIUM_INCOME_YOY":null,"NET_INTEREST_INCOME":null,"NET_INTEREST_INCOME_YOY":null,"FEE_COMMISSION_INCOME":null,"FEE_COMMISSION_INCOME_YOY":null,"ACCOUNTS_RECE_TDAYS":19.483709273183,"INVENTORY_TDAYS":0.002046377539,"CURRENT_ASSETS_TDAYS":0.003144337382,"TOTAL_ASSETS_TDAYS":0.001807493775,"PREMIUM_EXPENSE":null,"LOAN_DEPOSIT":null,"LOAN_EQUITY":null,"LOAN_ASSETS":null,"DEPOSIT_EQUITY":null,"DEPOSIT_ASSETS":null,"EQUITY_MULTIPLIER":-37.264413438249,"EQUITY_RATIO":-28.820950180046},{"SECUCODE":"00542.HK","SECURITY_CODE":"00542","SECURITY_NAME_ABBR":"中国文旅农业","ORG_CODE":"10008957","STD_REPORT_DATE":"2021-06-30 00:00:00","REPORT_DATE":"2021-06-30 00:00:00","DATE_TYPE_CODE":"002","REPORT_TYPE":"2021年中报","PER_NETCASH_OPERATE":0.010046865683,"PER_OI":0.000977459063,"BPS":0.005212868073,"BASIC_EPS":-0.012814032,"DILUTED_EPS":null,"OPERATE_INCOME":6789772.8,"OPERATE_INCOME_YOY":-94.3631226643,"GROSS_PROFIT":5506705.44,"GROSS_PROFIT_YOY":-91.536403051692,"HOLDER_PROFIT":-89133241.68,"HOLDER_PROFIT_YOY":-341.2629757785,"GROSS_PROFIT_RATIO":81.102941176471,"EPS_TTM":-0.036018251565,"OPERATE_INCOME_QOQ":-666.561697117622,"NET_PROFIT_RATIO":-1351.4093137255,"ROE_AVG":-106.642176626945,"GROSS_PROFIT_QOQ":-466.526188472296,"ROA":-2.541603178588,"HOLDER_PROFIT_QOQ":-36.5420964757,"ROE_YEARLY":-213.28435325389,"ROIC_YEARLY":-5.244986107918,"TOTAL_ASSETS":3676504708.08,"TOTAL_LIABILITIES":3593292547.68,"TAX_EBT":-0.459137659309,"OCF_SALES":1027.85539215686,"TOTAL_PARENT_EQUITY":40072140.72,"DEBT_ASSET_RATIO":97.7366502424,"OPERATE_PROFIT":-35397515.28,"PRETAX_PROFIT":-91338253.68,"NETCASH_OPERATE":69789045.84,"NETCASH_INVEST":-41806195.44,"NETCASH_FINANCE":-38760782.64,"END_CASH":58735695.12,"DIVI_RATIO":null,"DIVIDEND_RATE":null,"CURRENT_RATIO":1.001183734907,"COMMON_ACS":100000000000,"CURRENTDEBT_DEBT":57.982408486757,"ISSUED_COMMON_SHARES":7687158040,"HK_COMMON_SHARES":7687158040,"PER_SHARES":8000,"TOTAL_MARKET_CAP":561162536.92,"HKSK_MARKET_CAP":561162536.92,"PE_TTM":-3.350364116232,"PB_TTM":-23.722787441133,"REPORT_DATE_SQ":"2020-06-30 00:00:00","REPORT_TYPE_SQ":"2020年中报","OPERATE_INCOME_SQ":132230487.84,"DPS_HKD":null,"OPERATE_INCOME_QOQ_SQ":380.102918584821,"NET_PROFIT_RATIO_SQ":-12.5434336596,"HOLDER_PROFIT_SQ":-22174669.44,"HOLDER_PROFIT_QOQ_SQ":11.861038263231,"ROE_AVG_SQ":-7.423478631812,"PE_TTM_SQ":-111.519004420424,"PB_TTM_SQ":-111.685794470479,"ROA_SQ":-1.247974855435,"START_DATE":"2021-01-01 00:00:00","FISCAL_YEAR":"12-31","CURRENCY":"HKD","IS_CNY_CODE":0,"DPS_HKD_LY":null,"ORG_TYPE":"一般企业","PREMIUM_INCOME":null,"PREMIUM_INCOME_YOY":null,"NET_INTEREST_INCOME":null,"NET_INTEREST_INCOME_YOY":null,"FEE_COMMISSION_INCOME":null,"FEE_COMMISSION_INCOME_YOY":null,"ACCOUNTS_RECE_TDAYS":1.883004499827,"INVENTORY_TDAYS":0.000887226187,"CURRENT_ASSETS_TDAYS":0.003497183075,"TOTAL_ASSETS_TDAYS":0.001936079941,"PREMIUM_EXPENSE":null,"LOAN_DEPOSIT":null,"LOAN_EQUITY":null,"LOAN_ASSETS":null,"DEPOSIT_EQUITY":null,"DEPOSIT_ASSETS":null,"EQUITY_MULTIPLIER":44.182300885762,"EQUITY_RATIO":89.67059116676},{"SECUCODE":"00542.HK","SECURITY_CODE":"00542","SECURITY_NAME_ABBR":"中国文旅农业","ORG_CODE":"10008957","STD_REPORT_DATE":"2020-12-31 00:00:00","REPORT_DATE":"2020-12-31 00:00:00","DATE_TYPE_CODE":"001","REPORT_TYPE":"2020年年报","PER_NETCASH_OPERATE":0.037989419491,"PER_OI":0.002709202717,"BPS":0.016722857952,"BASIC_EPS":-0.026343332,"DILUTED_EPS":null,"OPERATE_INCOME":18819070.4,"OPERATE_INCOME_YOY":-35.1244704927,"GROSS_PROFIT":12765995.52,"GROSS_PROFIT_YOY":-38.992885055865,"HOLDER_PROFIT":-183236810.96,"HOLDER_PROFIT_YOY":-7.5789619322,"GROSS_PROFIT_RATIO":67.83542039356,"EPS_TTM":-0.026378862266,"OPERATE_INCOME_QOQ":-87.30386372292,"NET_PROFIT_RATIO":-969.3872987478,"ROE_AVG":-87.936473315804,"GROSS_PROFIT_QOQ":-83.39774761556,"ROA":-7.524232293401,"HOLDER_PROFIT_QOQ":-14.679139344541,"ROE_YEARLY":-87.936473315804,"ROIC_YEARLY":-7.857699960552,"TOTAL_ASSETS":3375778482.92,"TOTAL_LIABILITIES":3201165957.04,"TAX_EBT":-0.074794660954,"OCF_SALES":1402.23613595707,"TOTAL_PARENT_EQUITY":128551251.96,"DEBT_ASSET_RATIO":94.8274886293,"OPERATE_PROFIT":-109256654.96,"PRETAX_PROFIT":-182293332.52,"NETCASH_OPERATE":263887805.6,"NETCASH_INVEST":-209905857.64,"NETCASH_FINANCE":-34898602.6,"END_CASH":69720615.96,"DIVI_RATIO":null,"DIVIDEND_RATE":null,"CURRENT_RATIO":1.027542307361,"COMMON_ACS":100000000000,"CURRENTDEBT_DEBT":55.260384815404,"ISSUED_COMMON_SHARES":7687158040,"HK_COMMON_SHARES":7687158040,"PER_SHARES":8000,"TOTAL_MARKET_CAP":445855166.32,"HKSK_MARKET_CAP":445855166.32,"PE_TTM":-2.661933133444,"PB_TTM":-18.848242076517,"REPORT_DATE_SQ":"2019-12-31 00:00:00","REPORT_TYPE_SQ":"2019年年报","OPERATE_INCOME_SQ":30873953.48,"DPS_HKD":null,"OPERATE_INCOME_QOQ_SQ":29.826839590155,"NET_PROFIT_RATIO_SQ":-642.1952068705,"HOLDER_PROFIT_SQ":-181284373.28,"HOLDER_PROFIT_QOQ_SQ":-64.413798866024,"ROE_AVG_SQ":-45.165854671002,"PE_TTM_SQ":-94.57248904281,"PB_TTM_SQ":-94.713933546044,"ROA_SQ":-12.27518105613,"START_DATE":"2020-01-01 00:00:00","FISCAL_YEAR":"12-31","CURRENCY":"HKD","IS_CNY_CODE":0,"DPS_HKD_LY":null,"ORG_TYPE":"一般企业","PREMIUM_INCOME":null,"PREMIUM_INCOME_YOY":null,"NET_INTEREST_INCOME":null,"NET_INTEREST_INCOME_YOY":null,"FEE_COMMISSION_INCOME":null,"FEE_COMMISSION_INCOME_YOY":null,"ACCOUNTS_RECE_TDAYS":10.344668054592,"INVENTORY_TDAYS":0.006051518685,"CURRENT_ASSETS_TDAYS":0.014549079393,"TOTAL_ASSETS_TDAYS":0.007727653439,"PREMIUM_EXPENSE":null,"LOAN_DEPOSIT":null,"LOAN_EQUITY":null,"LOAN_ASSETS":null,"DEPOSIT_EQUITY":null,"DEPOSIT_ASSETS":null,"EQUITY_MULTIPLIER":19.332968616842,"EQUITY_RATIO":24.90186527344},{"SECUCODE":"00542.HK","SECURITY_CODE":"00542","SECURITY_NAME_ABBR":"中国文旅农业","ORG_CODE":"10008957","STD_REPORT_DATE":"2020-06-30 00:00:00","REPORT_DATE":"2020-06-30 00:00:00","DATE_TYPE_CODE":"002","REPORT_TYPE":"2020年中报","PER_NETCASH_OPERATE":0.022049667074,"PER_OI":0.01903596667,"BPS":0.037027603299,"BASIC_EPS":-0.00319704,"DILUTED_EPS":null,"OPERATE_INCOME":132230487.84,"OPERATE_INCOME_YOY":755.9155679063,"GROSS_PROFIT":65063417.76,"GROSS_PROFIT_YOY":615.32184823827,"HOLDER_PROFIT":-22174669.44,"HOLDER_PROFIT_YOY":51.1077096592,"GROSS_PROFIT_RATIO":49.204550949496,"EPS_TTM":-0.023002319705,"OPERATE_INCOME_QOQ":380.102918584821,"NET_PROFIT_RATIO":-12.5434336596,"ROE_AVG":-7.423478631812,"GROSS_PROFIT_QOQ":267.462881128775,"ROA":-1.247974855435,"HOLDER_PROFIT_QOQ":11.861038263231,"ROE_YEARLY":-14.846957263624,"ROIC_YEARLY":-2.683403487673,"TOTAL_ASSETS":1931383930.08,"TOTAL_LIABILITIES":1594286205.6,"TAX_EBT":-95.226319750565,"OCF_SALES":115.83161210547,"TOTAL_PARENT_EQUITY":284637038.4,"DEBT_ASSET_RATIO":82.5463120393,"OPERATE_PROFIT":19229738.88,"PRETAX_PROFIT":-8495905.44,"NETCASH_OPERATE":153164705.76,"NETCASH_INVEST":-110961950.88,"NETCASH_FINANCE":5173724.16,"END_CASH":97116027.36,"DIVI_RATIO":null,"DIVIDEND_RATE":null,"CURRENT_RATIO":1.064743121695,"COMMON_ACS":100000000000,"CURRENTDEBT_DEBT":64.266156362709,"ISSUED_COMMON_SHARES":7687158040,"HK_COMMON_SHARES":7687158040,"PER_SHARES":8000,"TOTAL_MARKET_CAP":561162536.92,"HKSK_MARKET_CAP":561162536.92,"PE_TTM":-3.350364116232,"PB_TTM":-23.722787441133,"REPORT_DATE_SQ":"2019-06-30 00:00:00","REPORT_TYPE_SQ":"2019年中报","OPERATE_INCOME_SQ":14877689.58,"DPS_HKD":null,"OPERATE_INCOME_QOQ_SQ":50.065888880141,"NET_PROFIT_RATIO_SQ":-303.3583633891,"HOLDER_PROFIT_SQ":-43676878.32,"HOLDER_PROFIT_QOQ_SQ":-2.810492314555,"ROE_AVG_SQ":-9.395184523263,"PE_TTM_SQ":-111.519004420424,"PB_TTM_SQ":-111.685794470479,"ROA_SQ":-3.085912955278,"START_DATE":"2020-01-01 00:00:00","FISCAL_YEAR":"12-31","CURRENCY":"HKD","IS_CNY_CODE":0,"DPS_HKD_LY":null,"ORG_TYPE":"一般企业","PREMIUM_INCOME":null,"PREMIUM_INCOME_YOY":null,"NET_INTEREST_INCOME":null,"NET_INTEREST_INCOME_YOY":null,"FEE_COMMISSION_INCOME":null,"FEE_COMMISSION_INCOME_YOY":null,"ACCOUNTS_RECE_TDAYS":26.608032349968,"INVENTORY_TDAYS":0.096338439669,"CURRENT_ASSETS_TDAYS":0.13732329566,"TOTAL_ASSETS_TDAYS":0.074418391847,"PREMIUM_EXPENSE":null,"LOAN_DEPOSIT":null,"LOAN_EQUITY":null,"LOAN_ASSETS":null,"DEPOSIT_EQUITY":null,"DEPOSIT_ASSETS":null,"EQUITY_MULTIPLIER":5.729448138707,"EQUITY_RATIO":5.601119989731}],"count":47},"success":true,"message":"ok","code":0}