{"version":"082a51f0184dffe5102b0a8d1250ca31","result":{"pages":6,"data":[{"SECUCODE":"00547.HK","SECURITY_CODE":"00547","SECURITY_NAME_ABBR":"数字王国","ORG_CODE":"10008960","STD_REPORT_DATE":"2024-06-30 00:00:00","REPORT_DATE":"2024-06-30 00:00:00","DATE_TYPE_CODE":"002","REPORT_TYPE":"2024年中报","PER_NETCASH_OPERATE":-0.016422580937,"PER_OI":0.030298339004,"BPS":0.078594066152,"BASIC_EPS":-0.0125767304,"DILUTED_EPS":-0.0125767304,"OPERATE_INCOME":241757979.84,"OPERATE_INCOME_YOY":-36.106441023,"GROSS_PROFIT":35148219.48,"GROSS_PROFIT_YOY":-46.927454643401,"HOLDER_PROFIT":-99872747.04,"HOLDER_PROFIT_YOY":44.6094038683,"GROSS_PROFIT_RATIO":14.538597444958,"EPS_TTM":-0.03450165407,"OPERATE_INCOME_QOQ":-21.046898567002,"NET_PROFIT_RATIO":-43.4187279152,"ROE_AVG":-16.109006811454,"GROSS_PROFIT_QOQ":-28.533485113604,"ROA":-8.794684997366,"HOLDER_PROFIT_QOQ":23.008441900922,"ROE_YEARLY":-32.218013622907,"ROIC_YEARLY":-15.518455358631,"TOTAL_ASSETS":1126776474.4,"TOTAL_LIABILITIES":652936748.08,"TAX_EBT":-1.511045993345,"OCF_SALES":-54.202908399022,"TOTAL_PARENT_EQUITY":627121594.28,"DEBT_ASSET_RATIO":57.9473181163,"OPERATE_PROFIT":-90149967,"PRETAX_PROFIT":-103405731.32,"NETCASH_OPERATE":-131039856.36,"NETCASH_INVEST":-147448017.4,"NETCASH_FINANCE":117249261.56,"END_CASH":261595992.32,"DIVI_RATIO":null,"DIVIDEND_RATE":null,"CURRENT_RATIO":1.368817894401,"COMMON_ACS":75000000000,"CURRENTDEBT_DEBT":64.903565248265,"ISSUED_COMMON_SHARES":7979248625,"HK_COMMON_SHARES":7979248625,"PER_SHARES":5000,"TOTAL_MARKET_CAP":3830039340,"HKSK_MARKET_CAP":3830039340,"PE_TTM":-12.498415165023,"PB_TTM":5.57403912848,"REPORT_DATE_SQ":"2023-06-30 00:00:00","REPORT_TYPE_SQ":"2023年中报","OPERATE_INCOME_SQ":382231702.46,"DPS_HKD":null,"OPERATE_INCOME_QOQ_SQ":-3.57229061252,"NET_PROFIT_RATIO_SQ":-65.5325789902,"HOLDER_PROFIT_SQ":-182143602.86,"HOLDER_PROFIT_QOQ_SQ":-43.863125281409,"ROE_AVG_SQ":-39.288242781004,"PE_TTM_SQ":-11.601849138898,"PB_TTM_SQ":5.256814212809,"ROA_SQ":-17.247221052126,"START_DATE":"2024-01-01 00:00:00","FISCAL_YEAR":"12-31","CURRENCY":"HKD","IS_CNY_CODE":0,"DPS_HKD_LY":null,"ORG_TYPE":"一般企业","PREMIUM_INCOME":null,"PREMIUM_INCOME_YOY":null,"NET_INTEREST_INCOME":null,"NET_INTEREST_INCOME_YOY":null,"FEE_COMMISSION_INCOME":null,"FEE_COMMISSION_INCOME_YOY":null,"ACCOUNTS_RECE_TDAYS":3.207361888906,"INVENTORY_TDAYS":15.836096537251,"CURRENT_ASSETS_TDAYS":0.390603272722,"TOTAL_ASSETS_TDAYS":0.212889435938,"PREMIUM_EXPENSE":null,"LOAN_DEPOSIT":null,"LOAN_EQUITY":null,"LOAN_ASSETS":null,"DEPOSIT_EQUITY":null,"DEPOSIT_ASSETS":null,"EQUITY_MULTIPLIER":2.377969620976,"EQUITY_RATIO":1.041164511054},{"SECUCODE":"00547.HK","SECURITY_CODE":"00547","SECURITY_NAME_ABBR":"数字王国","ORG_CODE":"10008960","STD_REPORT_DATE":"2023-12-31 00:00:00","REPORT_DATE":"2023-12-31 00:00:00","DATE_TYPE_CODE":"001","REPORT_TYPE":"2023年年报","PER_NETCASH_OPERATE":-0.016032516755,"PER_OI":0.090447140371,"BPS":0.076260596788,"BASIC_EPS":-0.058723056,"DILUTED_EPS":-0.058723056,"OPERATE_INCOME":667431936.22,"OPERATE_INCOME_YOY":-23.1731881571,"GROSS_PROFIT":108919488.02,"GROSS_PROFIT_YOY":-43.773715746587,"HOLDER_PROFIT":-357568131.62,"HOLDER_PROFIT_YOY":-91.2422450562,"GROSS_PROFIT_RATIO":16.319190333754,"EPS_TTM":-0.048455899752,"OPERATE_INCOME_QOQ":-19.171995887299,"NET_PROFIT_RATIO":-64.5995049565,"ROE_AVG":-75.355175080928,"GROSS_PROFIT_QOQ":-45.421765258819,"ROA":-34.556534213571,"HOLDER_PROFIT_QOQ":-34.860646324123,"ROE_YEARLY":-75.355175080928,"ROIC_YEARLY":-31.185171017315,"TOTAL_ASSETS":1136330101.06,"TOTAL_LIABILITIES":676574789.8,"TAX_EBT":-1.122005028725,"OCF_SALES":-17.725841512775,"TOTAL_PARENT_EQUITY":608502262.06,"DEBT_ASSET_RATIO":59.5403386013,"OPERATE_PROFIT":-394343445.44,"PRETAX_PROFIT":-426373791.34,"NETCASH_OPERATE":-118307927.22,"NETCASH_INVEST":-72824745.42,"NETCASH_FINANCE":579203263.24,"END_CASH":420520516.36,"DIVI_RATIO":null,"DIVIDEND_RATE":null,"CURRENT_RATIO":1.811172204436,"COMMON_ACS":75000000000,"CURRENTDEBT_DEBT":53.300204931756,"ISSUED_COMMON_SHARES":7979248625,"HK_COMMON_SHARES":7979248625,"PER_SHARES":5000,"TOTAL_MARKET_CAP":3989624312.5,"HKSK_MARKET_CAP":3989624312.5,"PE_TTM":-13.019182463566,"PB_TTM":5.806290758833,"REPORT_DATE_SQ":"2022-12-31 00:00:00","REPORT_TYPE_SQ":"2022年年报","OPERATE_INCOME_SQ":856334178.77,"DPS_HKD":null,"OPERATE_INCOME_QOQ_SQ":10.584480926084,"NET_PROFIT_RATIO_SQ":-22.4549914411,"HOLDER_PROFIT_SQ":-184299466.4,"HOLDER_PROFIT_QOQ_SQ":69.549759947131,"ROE_AVG_SQ":-42.91051954548,"PE_TTM_SQ":-4.215287470789,"PB_TTM_SQ":1.909952699973,"ROA_SQ":-18.505678979569,"START_DATE":"2023-01-01 00:00:00","FISCAL_YEAR":"12-31","CURRENCY":"HKD","IS_CNY_CODE":0,"DPS_HKD_LY":null,"ORG_TYPE":"一般企业","PREMIUM_INCOME":null,"PREMIUM_INCOME_YOY":null,"NET_INTEREST_INCOME":null,"NET_INTEREST_INCOME_YOY":null,"FEE_COMMISSION_INCOME":null,"FEE_COMMISSION_INCOME_YOY":null,"ACCOUNTS_RECE_TDAYS":7.978215655264,"INVENTORY_TDAYS":null,"CURRENT_ASSETS_TDAYS":1.49218402565,"TOTAL_ASSETS_TDAYS":0.645027688422,"PREMIUM_EXPENSE":null,"LOAN_DEPOSIT":null,"LOAN_EQUITY":null,"LOAN_ASSETS":null,"DEPOSIT_EQUITY":null,"DEPOSIT_ASSETS":null,"EQUITY_MULTIPLIER":2.471597550325,"EQUITY_RATIO":1.111868980584},{"SECUCODE":"00547.HK","SECURITY_CODE":"00547","SECURITY_NAME_ABBR":"数字王国","ORG_CODE":"10008960","STD_REPORT_DATE":"2023-06-30 00:00:00","REPORT_DATE":"2023-06-30 00:00:00","DATE_TYPE_CODE":"002","REPORT_TYPE":"2023年中报","PER_NETCASH_OPERATE":-0.004340722671,"PER_OI":0.061316016999,"BPS":0.072785851756,"BASIC_EPS":-0.0340302818,"DILUTED_EPS":-0.0340302818,"OPERATE_INCOME":382231702.46,"OPERATE_INCOME_YOY":-14.1175325133,"GROSS_PROFIT":66226745.38,"GROSS_PROFIT_YOY":9.688209268943,"HOLDER_PROFIT":-182143602.86,"HOLDER_PROFIT_YOY":-66.7738776613,"GROSS_PROFIT_RATIO":17.32633503547,"EPS_TTM":-0.042532489127,"OPERATE_INCOME_QOQ":-3.57229061252,"NET_PROFIT_RATIO":-65.5325789902,"ROE_AVG":-39.288242781004,"GROSS_PROFIT_QOQ":3.019609410321,"ROA":-17.247221052126,"HOLDER_PROFIT_QOQ":-43.863125281409,"ROE_YEARLY":-78.576485562008,"ROIC_YEARLY":-31.220832747289,"TOTAL_ASSETS":1162784580.36,"TOTAL_LIABILITIES":727191441.44,"TAX_EBT":-1.157595299619,"OCF_SALES":-7.079263924434,"TOTAL_PARENT_EQUITY":580776407.54,"DEBT_ASSET_RATIO":62.5387929736,"OPERATE_PROFIT":-230833366.66,"PRETAX_PROFIT":-247619856.52,"NETCASH_OPERATE":-27059191.02,"NETCASH_INVEST":-44246742.18,"NETCASH_FINANCE":376546773.78,"END_CASH":338258788.34,"DIVI_RATIO":null,"DIVIDEND_RATE":null,"CURRENT_RATIO":1.478336649173,"COMMON_ACS":75000000000,"CURRENTDEBT_DEBT":52.447865423822,"ISSUED_COMMON_SHARES":7979248625,"HK_COMMON_SHARES":7979248625,"PER_SHARES":5000,"TOTAL_MARKET_CAP":3790143096.875,"HKSK_MARKET_CAP":3790143096.875,"PE_TTM":-12.368223340387,"PB_TTM":5.515976220891,"REPORT_DATE_SQ":"2022-06-30 00:00:00","REPORT_TYPE_SQ":"2022年中报","OPERATE_INCOME_SQ":412822447.94,"DPS_HKD":null,"OPERATE_INCOME_QOQ_SQ":9.594034335406,"NET_PROFIT_RATIO_SQ":-26.1956057888,"HOLDER_PROFIT_SQ":-101304097.02,"HOLDER_PROFIT_QOQ_SQ":-2.530451701099,"ROE_AVG_SQ":-22.876664577747,"PE_TTM_SQ":-11.322286509045,"PB_TTM_SQ":5.130143990813,"ROA_SQ":-10.195228232463,"START_DATE":"2023-01-01 00:00:00","FISCAL_YEAR":"12-31","CURRENCY":"HKD","IS_CNY_CODE":0,"DPS_HKD_LY":null,"ORG_TYPE":"一般企业","PREMIUM_INCOME":null,"PREMIUM_INCOME_YOY":null,"NET_INTEREST_INCOME":null,"NET_INTEREST_INCOME_YOY":null,"FEE_COMMISSION_INCOME":null,"FEE_COMMISSION_INCOME_YOY":null,"ACCOUNTS_RECE_TDAYS":3.827000032309,"INVENTORY_TDAYS":null,"CURRENT_ASSETS_TDAYS":0.94440654105,"TOTAL_ASSETS_TDAYS":0.361936107661,"PREMIUM_EXPENSE":null,"LOAN_DEPOSIT":null,"LOAN_EQUITY":null,"LOAN_ASSETS":null,"DEPOSIT_EQUITY":null,"DEPOSIT_ASSETS":null,"EQUITY_MULTIPLIER":2.669428134804,"EQUITY_RATIO":1.252102241068},{"SECUCODE":"00547.HK","SECURITY_CODE":"00547","SECURITY_NAME_ABBR":"数字王国","ORG_CODE":"10008960","STD_REPORT_DATE":"2022-12-31 00:00:00","REPORT_DATE":"2022-12-31 00:00:00","DATE_TYPE_CODE":"001","REPORT_TYPE":"2022年年报","PER_NETCASH_OPERATE":-0.011383187424,"PER_OI":0.197812130795,"BPS":0.042065671991,"BASIC_EPS":-0.037874648,"DILUTED_EPS":-0.037874648,"OPERATE_INCOME":856334178.77,"OPERATE_INCOME_YOY":10.927501753,"GROSS_PROFIT":193716318.74,"GROSS_PROFIT_YOY":91.128846990064,"HOLDER_PROFIT":-184299466.4,"HOLDER_PROFIT_YOY":71.4239810306,"GROSS_PROFIT_RATIO":22.621579698973,"EPS_TTM":-0.042572947637,"OPERATE_INCOME_QOQ":10.584480926084,"NET_PROFIT_RATIO":-22.4549914411,"ROE_AVG":-42.91051954548,"GROSS_PROFIT_QOQ":78.379675367041,"ROA":-18.505678979569,"HOLDER_PROFIT_QOQ":69.549759947131,"ROE_YEARLY":-42.91051954548,"ROIC_YEARLY":-19.283405401541,"TOTAL_ASSETS":919802798.81,"TOTAL_LIABILITIES":658057716.68,"TAX_EBT":1.743615491704,"OCF_SALES":-5.754544667455,"TOTAL_PARENT_EQUITY":335652455.39,"DEBT_ASSET_RATIO":71.5433479362,"OPERATE_PROFIT":-170356414.97,"PRETAX_PROFIT":-195702057.95,"NETCASH_OPERATE":-49278132.82,"NETCASH_INVEST":-39849667.97,"NETCASH_FINANCE":11020271.99,"END_CASH":32586489.6,"DIVI_RATIO":null,"DIVIDEND_RATE":null,"CURRENT_RATIO":0.627042929768,"COMMON_ACS":75000000000,"CURRENTDEBT_DEBT":57.674661048699,"ISSUED_COMMON_SHARES":7979248625,"HK_COMMON_SHARES":7979248625,"PER_SHARES":5000,"TOTAL_MARKET_CAP":3989624312.5,"HKSK_MARKET_CAP":3989624312.5,"PE_TTM":-13.019182463566,"PB_TTM":5.806290758833,"REPORT_DATE_SQ":"2021-12-31 00:00:00","REPORT_TYPE_SQ":"2021年年报","OPERATE_INCOME_SQ":706581366.4,"DPS_HKD":null,"OPERATE_INCOME_QOQ_SQ":28.995090810071,"NET_PROFIT_RATIO_SQ":-90.3186016426,"HOLDER_PROFIT_SQ":-590310470.4,"HOLDER_PROFIT_QOQ_SQ":-24.564524333571,"ROE_AVG_SQ":-101.170389188561,"PE_TTM_SQ":-4.215287470789,"PB_TTM_SQ":1.909952699973,"ROA_SQ":-53.534340569203,"START_DATE":"2022-01-01 00:00:00","FISCAL_YEAR":"12-31","CURRENCY":"HKD","IS_CNY_CODE":0,"DPS_HKD_LY":null,"ORG_TYPE":"一般企业","PREMIUM_INCOME":null,"PREMIUM_INCOME_YOY":null,"NET_INTEREST_INCOME":null,"NET_INTEREST_INCOME_YOY":null,"FEE_COMMISSION_INCOME":null,"FEE_COMMISSION_INCOME_YOY":null,"ACCOUNTS_RECE_TDAYS":7.719228601337,"INVENTORY_TDAYS":null,"CURRENT_ASSETS_TDAYS":2.821881517306,"TOTAL_ASSETS_TDAYS":0.859853027309,"PREMIUM_EXPENSE":null,"LOAN_DEPOSIT":null,"LOAN_EQUITY":null,"LOAN_ASSETS":null,"DEPOSIT_EQUITY":null,"DEPOSIT_ASSETS":null,"EQUITY_MULTIPLIER":3.514116832008,"EQUITY_RATIO":1.960533004043},{"SECUCODE":"00547.HK","SECURITY_CODE":"00547","SECURITY_NAME_ABBR":"数字王国","ORG_CODE":"10008960","STD_REPORT_DATE":"2022-06-30 00:00:00","REPORT_DATE":"2022-06-30 00:00:00","DATE_TYPE_CODE":"002","REPORT_TYPE":"2022年中报","PER_NETCASH_OPERATE":-0.006153219713,"PER_OI":0.095361472298,"BPS":0.048202854149,"BASIC_EPS":-0.0228079173,"DILUTED_EPS":-0.0228079173,"OPERATE_INCOME":412822447.94,"OPERATE_INCOME_YOY":16.4140518927,"GROSS_PROFIT":60377269.19,"GROSS_PROFIT_YOY":13.633575638176,"HOLDER_PROFIT":-101304097.02,"HOLDER_PROFIT_YOY":-14.125785194,"GROSS_PROFIT_RATIO":14.625481121796,"EPS_TTM":-0.139811533714,"OPERATE_INCOME_QOQ":9.594034335406,"NET_PROFIT_RATIO":-26.1956057888,"ROE_AVG":-22.876664577747,"GROSS_PROFIT_QOQ":7.147210912224,"ROA":-10.195228232463,"HOLDER_PROFIT_QOQ":-2.530451701099,"ROE_YEARLY":-45.753329155494,"ROIC_YEARLY":-22.852909642572,"TOTAL_ASSETS":960971871.86,"TOTAL_LIABILITIES":647309559.61,"TAX_EBT":0.637257983405,"OCF_SALES":-6.452521720396,"TOTAL_PARENT_EQUITY":384622557.69,"DEBT_ASSET_RATIO":67.3598862324,"OPERATE_PROFIT":-98404147.73,"PRETAX_PROFIT":-108834900.16,"NETCASH_OPERATE":-26637458.12,"NETCASH_INVEST":-22138303.53,"NETCASH_FINANCE":-23885456.7,"END_CASH":36396886.4,"DIVI_RATIO":null,"DIVIDEND_RATE":null,"CURRENT_RATIO":0.81741681235,"COMMON_ACS":75000000000,"CURRENTDEBT_DEBT":53.504800381547,"ISSUED_COMMON_SHARES":7979248625,"HK_COMMON_SHARES":7979248625,"PER_SHARES":5000,"TOTAL_MARKET_CAP":3790143096.875,"HKSK_MARKET_CAP":3790143096.875,"PE_TTM":-12.368223340387,"PB_TTM":5.515976220891,"REPORT_DATE_SQ":"2021-06-30 00:00:00","REPORT_TYPE_SQ":"2021年中报","OPERATE_INCOME_SQ":345032789.04,"DPS_HKD":null,"OPERATE_INCOME_QOQ_SQ":8.235743275446,"NET_PROFIT_RATIO_SQ":-29.3710796478,"HOLDER_PROFIT_SQ":-86366575.68,"HOLDER_PROFIT_QOQ_SQ":5.924616317499,"ROE_AVG_SQ":-10.833779104509,"PE_TTM_SQ":-11.322286509045,"PB_TTM_SQ":5.130143990813,"ROA_SQ":-6.238737682827,"START_DATE":"2022-01-01 00:00:00","FISCAL_YEAR":"12-31","CURRENCY":"HKD","IS_CNY_CODE":0,"DPS_HKD_LY":null,"ORG_TYPE":"一般企业","PREMIUM_INCOME":null,"PREMIUM_INCOME_YOY":null,"NET_INTEREST_INCOME":null,"NET_INTEREST_INCOME_YOY":null,"FEE_COMMISSION_INCOME":null,"FEE_COMMISSION_INCOME_YOY":null,"ACCOUNTS_RECE_TDAYS":3.430705541638,"INVENTORY_TDAYS":null,"CURRENT_ASSETS_TDAYS":1.297533689842,"TOTAL_ASSETS_TDAYS":0.41546385586,"PREMIUM_EXPENSE":null,"LOAN_DEPOSIT":null,"LOAN_EQUITY":null,"LOAN_ASSETS":null,"DEPOSIT_EQUITY":null,"DEPOSIT_ASSETS":null,"EQUITY_MULTIPLIER":3.063714811536,"EQUITY_RATIO":1.682973467541},{"SECUCODE":"00547.HK","SECURITY_CODE":"00547","SECURITY_NAME_ABBR":"数字王国","ORG_CODE":"10008960","STD_REPORT_DATE":"2021-12-31 00:00:00","REPORT_DATE":"2021-12-31 00:00:00","DATE_TYPE_CODE":"001","REPORT_TYPE":"2021年年报","PER_NETCASH_OPERATE":-0.015682370703,"PER_OI":0.163219417294,"BPS":0.060031836293,"BASIC_EPS":-0.14152656,"DILUTED_EPS":-0.14152656,"OPERATE_INCOME":706581366.4,"OPERATE_INCOME_YOY":43.7240250723,"GROSS_PROFIT":101353784,"GROSS_PROFIT_YOY":86.040711948782,"HOLDER_PROFIT":-590310470.4,"HOLDER_PROFIT_YOY":-20.6301470109,"GROSS_PROFIT_RATIO":14.344248068187,"EPS_TTM":-0.136360984853,"OPERATE_INCOME_QOQ":28.995090810071,"NET_PROFIT_RATIO":-90.3186016426,"ROE_AVG":-101.170389188561,"GROSS_PROFIT_QOQ":38.172316578369,"ROA":-53.534340569203,"HOLDER_PROFIT_QOQ":-24.564524333571,"ROE_YEARLY":-101.170389188561,"ROIC_YEARLY":-59.196643683683,"TOTAL_ASSETS":981200942.4,"TOTAL_LIABILITIES":563582308.8,"TAX_EBT":-0.287031421846,"OCF_SALES":-9.608152610349,"TOTAL_PARENT_EQUITY":479008947.2,"DEBT_ASSET_RATIO":57.4380113641,"OPERATE_PROFIT":-596153040,"PRETAX_PROFIT":-636347891.2,"NETCASH_OPERATE":-67889416,"NETCASH_INVEST":-210424076.8,"NETCASH_FINANCE":363428923.2,"END_CASH":106660008,"DIVI_RATIO":null,"DIVIDEND_RATE":null,"CURRENT_RATIO":1.209901895017,"COMMON_ACS":75000000000,"CURRENTDEBT_DEBT":49.523075874095,"ISSUED_COMMON_SHARES":7979248625,"HK_COMMON_SHARES":7979248625,"PER_SHARES":5000,"TOTAL_MARKET_CAP":3790143096.875,"HKSK_MARKET_CAP":3790143096.875,"PE_TTM":-12.368223340387,"PB_TTM":5.515976220891,"REPORT_DATE_SQ":"2020-12-31 00:00:00","REPORT_TYPE_SQ":"2020年年报","OPERATE_INCOME_SQ":506078973.64,"DPS_HKD":null,"OPERATE_INCOME_QOQ_SQ":-6.996766924595,"NET_PROFIT_RATIO_SQ":-104.1912453164,"HOLDER_PROFIT_SQ":-503744264.28,"HOLDER_PROFIT_QOQ_SQ":-51.239713203822,"ROE_AVG_SQ":-52.780554351598,"PE_TTM_SQ":-11.322286509045,"PB_TTM_SQ":5.130143990813,"ROA_SQ":-32.596846662854,"START_DATE":"2021-01-01 00:00:00","FISCAL_YEAR":"12-31","CURRENCY":"HKD","IS_CNY_CODE":0,"DPS_HKD_LY":null,"ORG_TYPE":"一般企业","PREMIUM_INCOME":null,"PREMIUM_INCOME_YOY":null,"NET_INTEREST_INCOME":null,"NET_INTEREST_INCOME_YOY":null,"FEE_COMMISSION_INCOME":null,"FEE_COMMISSION_INCOME_YOY":null,"ACCOUNTS_RECE_TDAYS":5.851797932741,"INVENTORY_TDAYS":null,"CURRENT_ASSETS_TDAYS":2.471368252784,"TOTAL_ASSETS_TDAYS":0.640787677086,"PREMIUM_EXPENSE":null,"LOAN_DEPOSIT":null,"LOAN_EQUITY":null,"LOAN_ASSETS":null,"DEPOSIT_EQUITY":null,"DEPOSIT_ASSETS":null,"EQUITY_MULTIPLIER":2.349514277997,"EQUITY_RATIO":1.176559043614},{"SECUCODE":"00547.HK","SECURITY_CODE":"00547","SECURITY_NAME_ABBR":"数字王国","ORG_CODE":"10008960","STD_REPORT_DATE":"2021-06-30 00:00:00","REPORT_DATE":"2021-06-30 00:00:00","DATE_TYPE_CODE":"002","REPORT_TYPE":"2021年中报","PER_NETCASH_OPERATE":-0.000701657047,"PER_OI":0.008438015602,"BPS":0.112072751201,"BASIC_EPS":-0.0213262104,"DILUTED_EPS":-0.0213262104,"OPERATE_INCOME":345032789.04,"OPERATE_INCOME_YOY":24.8608852755,"GROSS_PROFIT":53133300.48,"GROSS_PROFIT_YOY":55.090793810703,"HOLDER_PROFIT":-86366575.68,"HOLDER_PROFIT_YOY":18.4147645098,"GROSS_PROFIT_RATIO":15.399493082334,"EPS_TTM":-0.011589536505,"OPERATE_INCOME_QOQ":8.235743275446,"NET_PROFIT_RATIO":-29.3710796478,"ROE_AVG":-10.833779104509,"GROSS_PROFIT_QOQ":34.643984088711,"ROA":-6.238737682827,"HOLDER_PROFIT_QOQ":5.924616317499,"ROE_YEARLY":-21.667558209018,"ROIC_YEARLY":-14.725118750672,"TOTAL_ASSETS":1522887793.44,"TOTAL_LIABILITIES":564711061.92,"TAX_EBT":0.225287958973,"OCF_SALES":-8.315427226447,"TOTAL_PARENT_EQUITY":894256345.92,"DEBT_ASSET_RATIO":37.0815935588,"OPERATE_PROFIT":-76060432.8,"PRETAX_PROFIT":-101568677.28,"NETCASH_OPERATE":-28690950.48,"NETCASH_INVEST":-143284176,"NETCASH_FINANCE":357341748.48,"END_CASH":206924150.64,"DIVI_RATIO":null,"DIVIDEND_RATE":null,"CURRENT_RATIO":1.535897377214,"COMMON_ACS":75000000000,"CURRENTDEBT_DEBT":51.505140907122,"ISSUED_COMMON_SHARES":7979248625,"HK_COMMON_SHARES":7979248625,"PER_SHARES":5000,"TOTAL_MARKET_CAP":3790143096.875,"HKSK_MARKET_CAP":3790143096.875,"PE_TTM":-12.368223340387,"PB_TTM":5.515976220891,"REPORT_DATE_SQ":"2020-06-30 00:00:00","REPORT_TYPE_SQ":"2020年中报","OPERATE_INCOME_SQ":303353424,"DPS_HKD":null,"OPERATE_INCOME_QOQ_SQ":10.825391743213,"NET_PROFIT_RATIO_SQ":-44.0957542909,"HOLDER_PROFIT_SQ":-116211490.56,"HOLDER_PROFIT_QOQ_SQ":7.231377416854,"ROE_AVG_SQ":-9.32738213938,"PE_TTM_SQ":-11.322286509045,"PB_TTM_SQ":5.130143990813,"ROA_SQ":-6.031838972695,"START_DATE":"2021-01-01 00:00:00","FISCAL_YEAR":"12-31","CURRENCY":"HKD","IS_CNY_CODE":0,"DPS_HKD_LY":null,"ORG_TYPE":"一般企业","PREMIUM_INCOME":null,"PREMIUM_INCOME_YOY":null,"NET_INTEREST_INCOME":null,"NET_INTEREST_INCOME_YOY":null,"FEE_COMMISSION_INCOME":null,"FEE_COMMISSION_INCOME_YOY":null,"ACCOUNTS_RECE_TDAYS":2.587051733174,"INVENTORY_TDAYS":null,"CURRENT_ASSETS_TDAYS":1.007400083087,"TOTAL_ASSETS_TDAYS":0.249236356293,"PREMIUM_EXPENSE":null,"LOAN_DEPOSIT":null,"LOAN_EQUITY":null,"LOAN_ASSETS":null,"DEPOSIT_EQUITY":null,"DEPOSIT_ASSETS":null,"EQUITY_MULTIPLIER":1.589360024454,"EQUITY_RATIO":0.631486781723},{"SECUCODE":"00547.HK","SECURITY_CODE":"00547","SECURITY_NAME_ABBR":"数字王国","ORG_CODE":"10008960","STD_REPORT_DATE":"2020-12-31 00:00:00","REPORT_DATE":"2020-12-31 00:00:00","DATE_TYPE_CODE":"001","REPORT_TYPE":"2020年年报","PER_NETCASH_OPERATE":-0.001320644677,"PER_OI":0.014851689107,"BPS":0.088752966617,"BASIC_EPS":-0.137523976,"DILUTED_EPS":-0.137523976,"OPERATE_INCOME":506078973.64,"OPERATE_INCOME_YOY":9.7014367161,"GROSS_PROFIT":54479357.2,"GROSS_PROFIT_YOY":-23.095284696114,"HOLDER_PROFIT":-503744264.28,"HOLDER_PROFIT_YOY":-49.3282403515,"GROSS_PROFIT_RATIO":10.764991243986,"EPS_TTM":-0.014783173363,"OPERATE_INCOME_QOQ":-17.821002289393,"NET_PROFIT_RATIO":-104.1912453164,"ROE_AVG":-52.780554351598,"GROSS_PROFIT_QOQ":-16.130330556876,"ROA":-32.596846662854,"HOLDER_PROFIT_QOQ":-51.239713203822,"ROE_YEARLY":-52.780554351598,"ROIC_YEARLY":-37.281123428587,"TOTAL_ASSETS":1260145490,"TOTAL_LIABILITIES":576000741.56,"TAX_EBT":0.038096315471,"OCF_SALES":-8.892218705773,"TOTAL_PARENT_EQUITY":708181986.84,"DEBT_ASSET_RATIO":45.7090666221,"OPERATE_PROFIT":-472443672.68,"PRETAX_PROFIT":-505916537.12,"NETCASH_OPERATE":-61478435.44,"NETCASH_INVEST":-189982555.56,"NETCASH_FINANCE":14891978.16,"END_CASH":24085211.88,"DIVI_RATIO":null,"DIVIDEND_RATE":null,"CURRENT_RATIO":0.684490572532,"COMMON_ACS":75000000000,"CURRENTDEBT_DEBT":61.128702078819,"ISSUED_COMMON_SHARES":7979248625,"HK_COMMON_SHARES":7979248625,"PER_SHARES":5000,"TOTAL_MARKET_CAP":3989624312.5,"HKSK_MARKET_CAP":3989624312.5,"PE_TTM":-13.019182463566,"PB_TTM":5.806290758833,"REPORT_DATE_SQ":"2019-12-31 00:00:00","REPORT_TYPE_SQ":"2019年年报","OPERATE_INCOME_SQ":490999412.5,"DPS_HKD":null,"OPERATE_INCOME_QOQ_SQ":14.846834133081,"NET_PROFIT_RATIO_SQ":-67.0847683093,"HOLDER_PROFIT_SQ":-359040269.14,"HOLDER_PROFIT_QOQ_SQ":11.534342640458,"ROE_AVG_SQ":-30.158696717037,"PE_TTM_SQ":-4.215287470789,"PB_TTM_SQ":1.909952699973,"ROA_SQ":-18.219232348816,"START_DATE":"2020-01-01 00:00:00","FISCAL_YEAR":"12-31","CURRENCY":"HKD","IS_CNY_CODE":0,"DPS_HKD_LY":null,"ORG_TYPE":"一般企业","PREMIUM_INCOME":null,"PREMIUM_INCOME_YOY":null,"NET_INTEREST_INCOME":null,"NET_INTEREST_INCOME_YOY":null,"FEE_COMMISSION_INCOME":null,"FEE_COMMISSION_INCOME_YOY":null,"ACCOUNTS_RECE_TDAYS":3.707946511434,"INVENTORY_TDAYS":null,"CURRENT_ASSETS_TDAYS":1.470883862012,"TOTAL_ASSETS_TDAYS":0.327479236446,"PREMIUM_EXPENSE":null,"LOAN_DEPOSIT":null,"LOAN_EQUITY":null,"LOAN_ASSETS":null,"DEPOSIT_EQUITY":null,"DEPOSIT_ASSETS":null,"EQUITY_MULTIPLIER":1.841928178024,"EQUITY_RATIO":0.813351302721},{"SECUCODE":"00547.HK","SECURITY_CODE":"00547","SECURITY_NAME_ABBR":"数字王国","ORG_CODE":"10008960","STD_REPORT_DATE":"2020-06-30 00:00:00","REPORT_DATE":"2020-06-30 00:00:00","DATE_TYPE_CODE":"002","REPORT_TYPE":"2020年中报","PER_NETCASH_OPERATE":-0.001617226978,"PER_OI":0.008902830892,"BPS":0.148982126878,"BASIC_EPS":-0.0031696368,"DILUTED_EPS":-0.0031696368,"OPERATE_INCOME":303353424,"OPERATE_INCOME_YOY":17.6880697819,"GROSS_PROFIT":34259480.64,"GROSS_PROFIT_YOY":-31.186678755772,"HOLDER_PROFIT":-116211490.56,"HOLDER_PROFIT_YOY":21.2844547564,"GROSS_PROFIT_RATIO":8.033423054977,"EPS_TTM":-0.009775151385,"OPERATE_INCOME_QOQ":9.917355852579,"NET_PROFIT_RATIO":-43.7481142024,"ROE_AVG":-9.32738213938,"GROSS_PROFIT_QOQ":-27.969407855662,"ROA":-6.031838972695,"HOLDER_PROFIT_QOQ":7.231377416854,"ROE_YEARLY":-18.65476427876,"ROIC_YEARLY":-14.118947449026,"TOTAL_ASSETS":1866491325.6,"TOTAL_LIABILITIES":650114430.24,"TAX_EBT":-0.163674536184,"OCF_SALES":-18.022100800923,"TOTAL_PARENT_EQUITY":1188765431.04,"DEBT_ASSET_RATIO":34.8308305173,"OPERATE_PROFIT":-85904464.8,"PRETAX_PROFIT":-106593880.8,"NETCASH_OPERATE":-55105094.88,"NETCASH_INVEST":-116227932.48,"NETCASH_FINANCE":2388645.6,"END_CASH":111902794.08,"DIVI_RATIO":null,"DIVIDEND_RATE":null,"CURRENT_RATIO":1.40977647938,"COMMON_ACS":75000000000,"CURRENTDEBT_DEBT":45.497884704821,"ISSUED_COMMON_SHARES":7979248625,"HK_COMMON_SHARES":7979248625,"PER_SHARES":5000,"TOTAL_MARKET_CAP":3790143096.875,"HKSK_MARKET_CAP":3790143096.875,"PE_TTM":-12.368223340387,"PB_TTM":5.515976220891,"REPORT_DATE_SQ":"2019-06-30 00:00:00","REPORT_TYPE_SQ":"2019年中报","OPERATE_INCOME_SQ":250200814.14,"DPS_HKD":null,"OPERATE_INCOME_QOQ_SQ":-7.311371661732,"NET_PROFIT_RATIO_SQ":-58.2612884059,"HOLDER_PROFIT_SQ":-142175047.5,"HOLDER_PROFIT_QOQ_SQ":10.585018344853,"ROE_AVG_SQ":-11.513199486973,"PE_TTM_SQ":-11.322286509045,"PB_TTM_SQ":5.130143990813,"ROA_SQ":-6.980884577957,"START_DATE":"2020-01-01 00:00:00","FISCAL_YEAR":"12-31","CURRENCY":"HKD","IS_CNY_CODE":0,"DPS_HKD_LY":null,"ORG_TYPE":"一般企业","PREMIUM_INCOME":null,"PREMIUM_INCOME_YOY":null,"NET_INTEREST_INCOME":null,"NET_INTEREST_INCOME_YOY":null,"FEE_COMMISSION_INCOME":null,"FEE_COMMISSION_INCOME_YOY":null,"ACCOUNTS_RECE_TDAYS":1.730805311764,"INVENTORY_TDAYS":11.434599312842,"CURRENT_ASSETS_TDAYS":0.677775325535,"TOTAL_ASSETS_TDAYS":0.15870368373,"PREMIUM_EXPENSE":null,"LOAN_DEPOSIT":null,"LOAN_EQUITY":null,"LOAN_ASSETS":null,"DEPOSIT_EQUITY":null,"DEPOSIT_ASSETS":null,"EQUITY_MULTIPLIER":1.534467920856,"EQUITY_RATIO":0.546882011594}],"count":47},"success":true,"message":"ok","code":0}