{"version":"369931477085b2d24247b37c6967ee1e","result":{"pages":5,"data":[{"SECUCODE":"00543.HK","SECURITY_CODE":"00543","SECURITY_NAME_ABBR":"太平洋网络","ORG_CODE":"10106442","STD_REPORT_DATE":"2024-06-30 00:00:00","REPORT_DATE":"2024-06-30 00:00:00","DATE_TYPE_CODE":"002","REPORT_TYPE":"2024年中报","PER_NETCASH_OPERATE":0.010099527617,"PER_OI":0.243376688797,"BPS":0.583858191389,"BASIC_EPS":0.0089,"DILUTED_EPS":0.0089,"OPERATE_INCOME":276378000,"OPERATE_INCOME_YOY":-13.8424225798,"GROSS_PROFIT":105442000,"GROSS_PROFIT_YOY":28.15489140343,"HOLDER_PROFIT":10130000,"HOLDER_PROFIT_YOY":126.5970016016,"GROSS_PROFIT_RATIO":38.151372395777,"EPS_TTM":0.013984706434,"OPERATE_INCOME_QOQ":-5.999616275331,"NET_PROFIT_RATIO":3.6652700287,"ROE_AVG":1.488847605498,"GROSS_PROFIT_QOQ":8.818076962607,"ROA":1.026958418829,"HOLDER_PROFIT_QOQ":149.112444334488,"ROE_YEARLY":2.977695210996,"ROIC_YEARLY":2.806420691604,"TOTAL_ASSETS":926674000,"TOTAL_LIABILITIES":263646000,"TAX_EBT":13.46318127456,"OCF_SALES":4.149751427393,"TOTAL_PARENT_EQUITY":663028000,"DEBT_ASSET_RATIO":28.4507820442,"OPERATE_PROFIT":10428000,"PRETAX_PROFIT":11706000,"NETCASH_OPERATE":11469000,"NETCASH_INVEST":18262000,"NETCASH_FINANCE":-48462000,"END_CASH":252142000,"DIVI_RATIO":2.854474721277,"DIVIDEND_RATE":14.683333333333,"CURRENT_RATIO":2.404145313746,"COMMON_ACS":100000000000,"CURRENTDEBT_DEBT":99.918071960128,"ISSUED_COMMON_SHARES":1135597667,"HK_COMMON_SHARES":1135597667,"PER_SHARES":1000,"TOTAL_MARKET_CAP":340679300.1,"HKSK_MARKET_CAP":340679300.1,"PE_TTM":20.367148071251,"PB_TTM":0.468956339122,"REPORT_DATE_SQ":"2023-06-30 00:00:00","REPORT_TYPE_SQ":"2023年中报","OPERATE_INCOME_SQ":320782000,"DPS_HKD":0.04405,"OPERATE_INCOME_QOQ_SQ":-5.898654095717,"NET_PROFIT_RATIO_SQ":-12.6727808917,"HOLDER_PROFIT_SQ":-38087000,"HOLDER_PROFIT_QOQ_SQ":-418.920949804629,"ROE_AVG_SQ":-4.965367451793,"PE_TTM_SQ":-14.65074938862,"PB_TTM_SQ":0.718757620201,"ROA_SQ":-3.431018617152,"START_DATE":"2024-01-01 00:00:00","FISCAL_YEAR":"12-31","CURRENCY":"HKD","IS_CNY_CODE":0,"DPS_HKD_LY":0.04405,"ORG_TYPE":"一般企业","PREMIUM_INCOME":null,"PREMIUM_INCOME_YOY":null,"NET_INTEREST_INCOME":null,"NET_INTEREST_INCOME_YOY":null,"FEE_COMMISSION_INCOME":null,"FEE_COMMISSION_INCOME_YOY":null,"ACCOUNTS_RECE_TDAYS":0.650540728527,"INVENTORY_TDAYS":null,"CURRENT_ASSETS_TDAYS":0.402400032614,"TOTAL_ASSETS_TDAYS":0.280186292082,"PREMIUM_EXPENSE":null,"LOAN_DEPOSIT":null,"LOAN_EQUITY":null,"LOAN_ASSETS":null,"DEPOSIT_EQUITY":null,"DEPOSIT_ASSETS":null,"EQUITY_MULTIPLIER":1.397639315384,"EQUITY_RATIO":0.397639315383},{"SECUCODE":"00543.HK","SECURITY_CODE":"00543","SECURITY_NAME_ABBR":"太平洋网络","ORG_CODE":"10106442","STD_REPORT_DATE":"2023-12-31 00:00:00","REPORT_DATE":"2023-12-31 00:00:00","DATE_TYPE_CODE":"001","REPORT_TYPE":"2023年年报","PER_NETCASH_OPERATE":-0.014545644536,"PER_OI":0.651739627077,"BPS":0.614439444776,"BASIC_EPS":-0.0285,"DILUTED_EPS":-0.0285,"OPERATE_INCOME":740114000,"OPERATE_INCOME_YOY":-9.0465118565,"GROSS_PROFIT":262699000,"GROSS_PROFIT_YOY":-20.66494325423,"HOLDER_PROFIT":-32336000,"HOLDER_PROFIT_YOY":-385.9633303276,"GROSS_PROFIT_RATIO":35.49439680914,"EPS_TTM":-0.028474873575,"OPERATE_INCOME_QOQ":-3.34517825497,"NET_PROFIT_RATIO":-4.3164971883,"ROE_AVG":-4.19964414198,"GROSS_PROFIT_QOQ":2.297118380062,"ROA":-2.839678393425,"HOLDER_PROFIT_QOQ":6.351183063512,"ROE_YEARLY":-4.19964414198,"ROIC_YEARLY":-4.052181105026,"TOTAL_ASSETS":1046142000,"TOTAL_LIABILITIES":343363000,"TAX_EBT":948.75132837407,"OCF_SALES":-2.231818341499,"TOTAL_PARENT_EQUITY":697756000,"DEBT_ASSET_RATIO":32.8218348943,"OPERATE_PROFIT":-1239000,"PRETAX_PROFIT":3764000,"NETCASH_OPERATE":-16518000,"NETCASH_INVEST":4095000,"NETCASH_FINANCE":-114171000,"END_CASH":271819000,"DIVI_RATIO":-1.401902308529,"DIVIDEND_RATE":14.683333333333,"CURRENT_RATIO":2.157800240169,"COMMON_ACS":100000000000,"CURRENTDEBT_DEBT":99.921074780917,"ISSUED_COMMON_SHARES":1135597667,"HK_COMMON_SHARES":1135597667,"PER_SHARES":1000,"TOTAL_MARKET_CAP":340679300.1,"HKSK_MARKET_CAP":340679300.1,"PE_TTM":20.367148071251,"PB_TTM":0.468956339122,"REPORT_DATE_SQ":"2022-12-31 00:00:00","REPORT_TYPE_SQ":"2022年年报","OPERATE_INCOME_SQ":813728000,"DPS_HKD":0.04405,"OPERATE_INCOME_QOQ_SQ":-0.274153915916,"NET_PROFIT_RATIO_SQ":-0.8614672225,"HOLDER_PROFIT_SQ":-6654000,"HOLDER_PROFIT_QOQ_SQ":-2212.38095238095,"ROE_AVG_SQ":-0.739133767216,"PE_TTM_SQ":-14.804967803237,"PB_TTM_SQ":0.726323489887,"ROA_SQ":-0.523543731716,"START_DATE":"2023-01-01 00:00:00","FISCAL_YEAR":"12-31","CURRENCY":"HKD","IS_CNY_CODE":0,"DPS_HKD_LY":0.112826,"ORG_TYPE":"一般企业","PREMIUM_INCOME":null,"PREMIUM_INCOME_YOY":null,"NET_INTEREST_INCOME":null,"NET_INTEREST_INCOME_YOY":null,"FEE_COMMISSION_INCOME":null,"FEE_COMMISSION_INCOME_YOY":null,"ACCOUNTS_RECE_TDAYS":1.571769422963,"INVENTORY_TDAYS":null,"CURRENT_ASSETS_TDAYS":0.917366102222,"TOTAL_ASSETS_TDAYS":0.649952292946,"PREMIUM_EXPENSE":null,"LOAN_DEPOSIT":null,"LOAN_EQUITY":null,"LOAN_ASSETS":null,"DEPOSIT_EQUITY":null,"DEPOSIT_ASSETS":null,"EQUITY_MULTIPLIER":1.488578913143,"EQUITY_RATIO":0.492096090897},{"SECUCODE":"00543.HK","SECURITY_CODE":"00543","SECURITY_NAME_ABBR":"太平洋网络","ORG_CODE":"10106442","STD_REPORT_DATE":"2023-06-30 00:00:00","REPORT_DATE":"2023-06-30 00:00:00","DATE_TYPE_CODE":"002","REPORT_TYPE":"2023年中报","PER_NETCASH_OPERATE":-0.008871980185,"PER_OI":0.282478565536,"BPS":0.609302061907,"BASIC_EPS":-0.0336,"DILUTED_EPS":-0.0336,"OPERATE_INCOME":320782000,"OPERATE_INCOME_YOY":-13.0155837747,"GROSS_PROFIT":82277000,"GROSS_PROFIT_YOY":-47.461415170846,"HOLDER_PROFIT":-38087000,"HOLDER_PROFIT_YOY":-272.9631805719,"GROSS_PROFIT_RATIO":25.648883042066,"EPS_TTM":-0.030406015267,"OPERATE_INCOME_QOQ":-5.898654095717,"NET_PROFIT_RATIO":-12.6727808917,"ROE_AVG":-4.965367451793,"GROSS_PROFIT_QOQ":-22.446440327851,"ROA":-3.431018617152,"HOLDER_PROFIT_QOQ":-418.920949804629,"ROE_YEARLY":-9.930734903586,"ROIC_YEARLY":-9.925190379182,"TOTAL_ASSETS":988858000,"TOTAL_LIABILITIES":294867000,"TAX_EBT":-6.647777952673,"OCF_SALES":-3.140762262222,"TOTAL_PARENT_EQUITY":691922000,"DEBT_ASSET_RATIO":29.8189426591,"OPERATE_PROFIT":-41300000,"PRETAX_PROFIT":-38118000,"NETCASH_OPERATE":-10075000,"NETCASH_INVEST":3633000,"NETCASH_FINANCE":-113709000,"END_CASH":278506000,"DIVI_RATIO":-1.312864926543,"DIVIDEND_RATE":14.683333333333,"CURRENT_RATIO":2.146925579531,"COMMON_ACS":100000000000,"CURRENTDEBT_DEBT":99.862649940482,"ISSUED_COMMON_SHARES":1135597667,"HK_COMMON_SHARES":1135597667,"PER_SHARES":1000,"TOTAL_MARKET_CAP":340679300.1,"HKSK_MARKET_CAP":340679300.1,"PE_TTM":20.367148071251,"PB_TTM":0.468956339122,"REPORT_DATE_SQ":"2022-06-30 00:00:00","REPORT_TYPE_SQ":"2022年中报","OPERATE_INCOME_SQ":368781000,"DPS_HKD":0.04405,"OPERATE_INCOME_QOQ_SQ":-4.246655236794,"NET_PROFIT_RATIO_SQ":-2.881384887,"HOLDER_PROFIT_SQ":-10212000,"HOLDER_PROFIT_QOQ_SQ":-99.368990384615,"ROE_AVG_SQ":-1.136606475051,"PE_TTM_SQ":-14.804967803237,"PB_TTM_SQ":0.726323489887,"ROA_SQ":-0.817276776479,"START_DATE":"2023-01-01 00:00:00","FISCAL_YEAR":"12-31","CURRENCY":"HKD","IS_CNY_CODE":0,"DPS_HKD_LY":0.112826,"ORG_TYPE":"一般企业","PREMIUM_INCOME":null,"PREMIUM_INCOME_YOY":null,"NET_INTEREST_INCOME":null,"NET_INTEREST_INCOME_YOY":null,"FEE_COMMISSION_INCOME":null,"FEE_COMMISSION_INCOME_YOY":null,"ACCOUNTS_RECE_TDAYS":0.775832712568,"INVENTORY_TDAYS":null,"CURRENT_ASSETS_TDAYS":0.426167459465,"TOTAL_ASSETS_TDAYS":0.288972356459,"PREMIUM_EXPENSE":null,"LOAN_DEPOSIT":null,"LOAN_EQUITY":null,"LOAN_ASSETS":null,"DEPOSIT_EQUITY":null,"DEPOSIT_ASSETS":null,"EQUITY_MULTIPLIER":1.424885913506,"EQUITY_RATIO":0.426156416475},{"SECUCODE":"00543.HK","SECURITY_CODE":"00543","SECURITY_NAME_ABBR":"太平洋网络","ORG_CODE":"10106442","STD_REPORT_DATE":"2022-12-31 00:00:00","REPORT_DATE":"2022-12-31 00:00:00","DATE_TYPE_CODE":"001","REPORT_TYPE":"2022年年报","PER_NETCASH_OPERATE":0.019141462361,"PER_OI":0.716563641901,"BPS":0.741621812437,"BASIC_EPS":-0.0059,"DILUTED_EPS":-0.0059,"OPERATE_INCOME":813728000,"OPERATE_INCOME_YOY":-4.5091667811,"GROSS_PROFIT":331126000,"GROSS_PROFIT_YOY":-17.087498247231,"HOLDER_PROFIT":-6654000,"HOLDER_PROFIT_YOY":-113.3293269231,"GROSS_PROFIT_RATIO":40.692467261788,"EPS_TTM":-0.005859469593,"OPERATE_INCOME_QOQ":-0.274153915916,"NET_PROFIT_RATIO":-0.8614672225,"ROE_AVG":-0.739133767216,"GROSS_PROFIT_QOQ":1.528168711788,"ROA":-0.523543731716,"HOLDER_PROFIT_QOQ":-2212.38095238095,"ROE_YEARLY":-0.739133767216,"ROIC_YEARLY":-0.806277184137,"TOTAL_ASSETS":1231299000,"TOTAL_LIABILITIES":384481000,"TAX_EBT":-132.73572377158,"OCF_SALES":2.671285736757,"TOTAL_PARENT_EQUITY":842184000,"DEBT_ASSET_RATIO":31.2256405633,"OPERATE_PROFIT":-15963000,"PRETAX_PROFIT":-3012000,"NETCASH_OPERATE":21737000,"NETCASH_INVEST":97058000,"NETCASH_FINANCE":-113935000,"END_CASH":399985000,"DIVI_RATIO":-6.812731146467,"DIVIDEND_RATE":14.683333333333,"CURRENT_RATIO":2.271380376795,"COMMON_ACS":100000000000,"CURRENTDEBT_DEBT":99.992717455479,"ISSUED_COMMON_SHARES":1135597667,"HK_COMMON_SHARES":1135597667,"PER_SHARES":1000,"TOTAL_MARKET_CAP":340679300.1,"HKSK_MARKET_CAP":340679300.1,"PE_TTM":20.367148071251,"PB_TTM":0.468956339122,"REPORT_DATE_SQ":"2021-12-31 00:00:00","REPORT_TYPE_SQ":"2021年年报","OPERATE_INCOME_SQ":852153000,"DPS_HKD":0.04405,"OPERATE_INCOME_QOQ_SQ":-13.092524545424,"NET_PROFIT_RATIO_SQ":6.0847054461,"HOLDER_PROFIT_SQ":49920000,"HOLDER_PROFIT_QOQ_SQ":-69.558005659089,"ROE_AVG_SQ":4.946374640318,"PE_TTM_SQ":-14.804967803237,"PB_TTM_SQ":0.726323489887,"ROA_SQ":3.535025216796,"START_DATE":"2022-01-01 00:00:00","FISCAL_YEAR":"12-31","CURRENCY":"HKD","IS_CNY_CODE":0,"DPS_HKD_LY":0.117,"ORG_TYPE":"一般企业","PREMIUM_INCOME":null,"PREMIUM_INCOME_YOY":null,"NET_INTEREST_INCOME":null,"NET_INTEREST_INCOME_YOY":null,"FEE_COMMISSION_INCOME":null,"FEE_COMMISSION_INCOME_YOY":null,"ACCOUNTS_RECE_TDAYS":1.802955708683,"INVENTORY_TDAYS":null,"CURRENT_ASSETS_TDAYS":0.904622174543,"TOTAL_ASSETS_TDAYS":0.640249765137,"PREMIUM_EXPENSE":null,"LOAN_DEPOSIT":null,"LOAN_EQUITY":null,"LOAN_ASSETS":null,"DEPOSIT_EQUITY":null,"DEPOSIT_ASSETS":null,"EQUITY_MULTIPLIER":1.454030263881,"EQUITY_RATIO":0.456528502085},{"SECUCODE":"00543.HK","SECURITY_CODE":"00543","SECURITY_NAME_ABBR":"太平洋网络","ORG_CODE":"10106442","STD_REPORT_DATE":"2022-06-30 00:00:00","REPORT_DATE":"2022-06-30 00:00:00","DATE_TYPE_CODE":"002","REPORT_TYPE":"2022年中报","PER_NETCASH_OPERATE":0.015859490138,"PER_OI":0.324746176147,"BPS":0.738488660527,"BASIC_EPS":-0.009,"DILUTED_EPS":-0.009,"OPERATE_INCOME":368781000,"OPERATE_INCOME_YOY":-8.9359926315,"GROSS_PROFIT":156603000,"GROSS_PROFIT_YOY":-31.861079324193,"HOLDER_PROFIT":-10212000,"HOLDER_PROFIT_YOY":-125.9233874039,"GROSS_PROFIT_RATIO":42.465040227127,"EPS_TTM":0.000277386974,"OPERATE_INCOME_QOQ":-4.246655236794,"NET_PROFIT_RATIO":-2.881384887,"ROE_AVG":-1.136606475051,"GROSS_PROFIT_QOQ":-18.335470042667,"ROA":-0.817276776479,"HOLDER_PROFIT_QOQ":-99.368990384615,"ROE_YEARLY":-2.273212950102,"ROIC_YEARLY":-2.528486325078,"TOTAL_ASSETS":1188422000,"TOTAL_LIABILITIES":345220000,"TAX_EBT":-138.197713517149,"OCF_SALES":4.883657238307,"TOTAL_PARENT_EQUITY":838626000,"DEBT_ASSET_RATIO":29.0486039471,"OPERATE_PROFIT":-11951000,"PRETAX_PROFIT":-4461000,"NETCASH_OPERATE":18010000,"NETCASH_INVEST":93626000,"NETCASH_FINANCE":-113467000,"END_CASH":392203000,"DIVI_RATIO":143.910835074902,"DIVIDEND_RATE":14.683333333333,"CURRENT_RATIO":2.409188900994,"COMMON_ACS":100000000000,"CURRENTDEBT_DEBT":99.968715601645,"ISSUED_COMMON_SHARES":1135597667,"HK_COMMON_SHARES":1135597667,"PER_SHARES":1000,"TOTAL_MARKET_CAP":340679300.1,"HKSK_MARKET_CAP":340679300.1,"PE_TTM":20.367148071251,"PB_TTM":0.468956339122,"REPORT_DATE_SQ":"2021-06-30 00:00:00","REPORT_TYPE_SQ":"2021年中报","OPERATE_INCOME_SQ":404969000,"DPS_HKD":0.04405,"OPERATE_INCOME_QOQ_SQ":1.349809296412,"NET_PROFIT_RATIO_SQ":10.2091765049,"HOLDER_PROFIT_SQ":39393000,"HOLDER_PROFIT_QOQ_SQ":1.295347989647,"ROE_AVG_SQ":3.873230435236,"PE_TTM_SQ":-14.804967803237,"PB_TTM_SQ":0.726323489887,"ROA_SQ":2.790606735412,"START_DATE":"2022-01-01 00:00:00","FISCAL_YEAR":"12-31","CURRENCY":"HKD","IS_CNY_CODE":0,"DPS_HKD_LY":0.117,"ORG_TYPE":"一般企业","PREMIUM_INCOME":null,"PREMIUM_INCOME_YOY":null,"NET_INTEREST_INCOME":null,"NET_INTEREST_INCOME_YOY":null,"FEE_COMMISSION_INCOME":null,"FEE_COMMISSION_INCOME_YOY":null,"ACCOUNTS_RECE_TDAYS":0.849096809621,"INVENTORY_TDAYS":null,"CURRENT_ASSETS_TDAYS":0.419726094127,"TOTAL_ASSETS_TDAYS":0.295139195952,"PREMIUM_EXPENSE":null,"LOAN_DEPOSIT":null,"LOAN_EQUITY":null,"LOAN_ASSETS":null,"DEPOSIT_EQUITY":null,"DEPOSIT_ASSETS":null,"EQUITY_MULTIPLIER":1.40941553744,"EQUITY_RATIO":0.411649531496},{"SECUCODE":"00543.HK","SECURITY_CODE":"00543","SECURITY_NAME_ABBR":"太平洋网络","ORG_CODE":"10106442","STD_REPORT_DATE":"2021-12-31 00:00:00","REPORT_DATE":"2021-12-31 00:00:00","DATE_TYPE_CODE":"001","REPORT_TYPE":"2021年年报","PER_NETCASH_OPERATE":0.114239541999,"PER_OI":0.751420785414,"BPS":0.843874576223,"BASIC_EPS":0.0441,"DILUTED_EPS":0.0441,"OPERATE_INCOME":852153000,"OPERATE_INCOME_YOY":-11.9194393625,"GROSS_PROFIT":399368000,"GROSS_PROFIT_YOY":-28.742309833421,"HOLDER_PROFIT":49920000,"HOLDER_PROFIT_YOY":-69.1636758974,"GROSS_PROFIT_RATIO":46.865762368964,"EPS_TTM":0.044019003169,"OPERATE_INCOME_QOQ":-13.092524545424,"NET_PROFIT_RATIO":6.0847054461,"ROE_AVG":4.946374640318,"GROSS_PROFIT_QOQ":-26.70654023113,"ROA":3.535025216796,"HOLDER_PROFIT_QOQ":-69.558005659089,"ROE_YEARLY":4.946374640318,"ROIC_YEARLY":5.372932881929,"TOTAL_ASSETS":1310609000,"TOTAL_LIABILITIES":347317000,"TAX_EBT":2.603452486053,"OCF_SALES":15.20313840355,"TOTAL_PARENT_EQUITY":958302000,"DEBT_ASSET_RATIO":26.5004284268,"OPERATE_PROFIT":46372000,"PRETAX_PROFIT":53237000,"NETCASH_OPERATE":129554000,"NETCASH_INVEST":61846000,"NETCASH_FINANCE":-157854000,"END_CASH":391010000,"DIVI_RATIO":0.906858132301,"DIVIDEND_RATE":14.683333333333,"CURRENT_RATIO":2.665831620048,"COMMON_ACS":100000000000,"CURRENTDEBT_DEBT":99.991074436322,"ISSUED_COMMON_SHARES":1135597667,"HK_COMMON_SHARES":1135597667,"PER_SHARES":1000,"TOTAL_MARKET_CAP":340679300.1,"HKSK_MARKET_CAP":340679300.1,"PE_TTM":20.367148071251,"PB_TTM":0.468956339122,"REPORT_DATE_SQ":"2020-12-31 00:00:00","REPORT_TYPE_SQ":"2020年年报","OPERATE_INCOME_SQ":967470000,"DPS_HKD":0.04405,"OPERATE_INCOME_QOQ_SQ":9.71585264619,"NET_PROFIT_RATIO_SQ":16.9073976454,"HOLDER_PROFIT_SQ":161887000,"HOLDER_PROFIT_QOQ_SQ":41.514563446274,"ROE_AVG_SQ":15.697615787698,"PE_TTM_SQ":-14.804967803237,"PB_TTM_SQ":0.726323489887,"ROA_SQ":11.044675513578,"START_DATE":"2021-01-01 00:00:00","FISCAL_YEAR":"12-31","CURRENCY":"HKD","IS_CNY_CODE":0,"DPS_HKD_LY":0.154398,"ORG_TYPE":"一般企业","PREMIUM_INCOME":null,"PREMIUM_INCOME_YOY":null,"NET_INTEREST_INCOME":null,"NET_INTEREST_INCOME_YOY":null,"FEE_COMMISSION_INCOME":null,"FEE_COMMISSION_INCOME_YOY":null,"ACCOUNTS_RECE_TDAYS":1.575364029546,"INVENTORY_TDAYS":null,"CURRENT_ASSETS_TDAYS":0.830422908541,"TOTAL_ASSETS_TDAYS":0.603441975875,"PREMIUM_EXPENSE":null,"LOAN_DEPOSIT":null,"LOAN_EQUITY":null,"LOAN_ASSETS":null,"DEPOSIT_EQUITY":null,"DEPOSIT_ASSETS":null,"EQUITY_MULTIPLIER":1.360552148259,"EQUITY_RATIO":0.362429589002},{"SECUCODE":"00543.HK","SECURITY_CODE":"00543","SECURITY_NAME_ABBR":"太平洋网络","ORG_CODE":"10106442","STD_REPORT_DATE":"2021-06-30 00:00:00","REPORT_DATE":"2021-06-30 00:00:00","DATE_TYPE_CODE":"002","REPORT_TYPE":"2021年中报","PER_NETCASH_OPERATE":0.061779154268,"PER_OI":0.357097990676,"BPS":0.857671716228,"BASIC_EPS":0.0348,"DILUTED_EPS":0.0346,"OPERATE_INCOME":404969000,"OPERATE_INCOME_YOY":3.3321425838,"GROSS_PROFIT":229829000,"GROSS_PROFIT_YOY":-6.343624182953,"HOLDER_PROFIT":39393000,"HOLDER_PROFIT_YOY":5.6225868726,"GROSS_PROFIT_RATIO":56.752245233586,"EPS_TTM":0.144599603681,"OPERATE_INCOME_QOQ":1.349809296412,"NET_PROFIT_RATIO":10.2091765049,"ROE_AVG":3.873230435236,"GROSS_PROFIT_QOQ":-2.777559701386,"ROA":2.790606735412,"HOLDER_PROFIT_QOQ":1.295347989647,"ROE_YEARLY":7.746460870472,"ROIC_YEARLY":8.083558629039,"TOTAL_ASSETS":1309558000,"TOTAL_LIABILITIES":330578000,"TAX_EBT":15.434649212518,"OCF_SALES":17.300336568972,"TOTAL_PARENT_EQUITY":973970000,"DEBT_ASSET_RATIO":25.2434790975,"OPERATE_PROFIT":43456000,"PRETAX_PROFIT":48890000,"NETCASH_OPERATE":70061000,"NETCASH_INVEST":119030000,"NETCASH_FINANCE":-157548000,"END_CASH":389592000,"DIVI_RATIO":0.276065701315,"DIVIDEND_RATE":14.683333333333,"CURRENT_RATIO":2.732763788061,"COMMON_ACS":100000000000,"CURRENTDEBT_DEBT":99.922559879968,"ISSUED_COMMON_SHARES":1135597667,"HK_COMMON_SHARES":1135597667,"PER_SHARES":1000,"TOTAL_MARKET_CAP":340679300.1,"HKSK_MARKET_CAP":340679300.1,"PE_TTM":20.367148071251,"PB_TTM":0.468956339122,"REPORT_DATE_SQ":"2020-06-30 00:00:00","REPORT_TYPE_SQ":"2020年中报","OPERATE_INCOME_SQ":391910000,"DPS_HKD":0.04405,"OPERATE_INCOME_QOQ_SQ":-11.003680778504,"NET_PROFIT_RATIO_SQ":9.7877063612,"HOLDER_PROFIT_SQ":37296000,"HOLDER_PROFIT_QOQ_SQ":-25.291920273765,"ROE_AVG_SQ":3.874748062418,"PE_TTM_SQ":-14.804967803237,"PB_TTM_SQ":0.726323489887,"ROA_SQ":2.767972973374,"START_DATE":"2021-01-01 00:00:00","FISCAL_YEAR":"12-31","CURRENCY":"HKD","IS_CNY_CODE":0,"DPS_HKD_LY":0.154398,"ORG_TYPE":"一般企业","PREMIUM_INCOME":null,"PREMIUM_INCOME_YOY":null,"NET_INTEREST_INCOME":null,"NET_INTEREST_INCOME_YOY":null,"FEE_COMMISSION_INCOME":null,"FEE_COMMISSION_INCOME_YOY":null,"ACCOUNTS_RECE_TDAYS":0.694901861193,"INVENTORY_TDAYS":null,"CURRENT_ASSETS_TDAYS":0.399137402974,"TOTAL_ASSETS_TDAYS":0.286880719679,"PREMIUM_EXPENSE":null,"LOAN_DEPOSIT":null,"LOAN_EQUITY":null,"LOAN_ASSETS":null,"DEPOSIT_EQUITY":null,"DEPOSIT_ASSETS":null,"EQUITY_MULTIPLIER":1.337675948436,"EQUITY_RATIO":0.339412918262},{"SECUCODE":"00543.HK","SECURITY_CODE":"00543","SECURITY_NAME_ABBR":"太平洋网络","ORG_CODE":"10106442","STD_REPORT_DATE":"2020-12-31 00:00:00","REPORT_DATE":"2020-12-31 00:00:00","DATE_TYPE_CODE":"001","REPORT_TYPE":"2020年年报","PER_NETCASH_OPERATE":0.181877315199,"PER_OI":0.853106269959,"BPS":0.933557747438,"BASIC_EPS":0.1433,"DILUTED_EPS":0.1433,"OPERATE_INCOME":967470000,"OPERATE_INCOME_YOY":-2.3569295424,"GROSS_PROFIT":560456000,"GROSS_PROFIT_YOY":-7.709990663239,"HOLDER_PROFIT":161887000,"HOLDER_PROFIT_YOY":5.7228128837,"GROSS_PROFIT_RATIO":57.930065014936,"EPS_TTM":0.142750488103,"OPERATE_INCOME_QOQ":9.71585264619,"NET_PROFIT_RATIO":16.9073976454,"ROE_AVG":15.697615787698,"GROSS_PROFIT_QOQ":-0.208323688718,"ROA":11.044675513578,"HOLDER_PROFIT_QOQ":41.514563446274,"ROE_YEARLY":15.697615787698,"ROIC_YEARLY":16.024726981165,"TOTAL_ASSETS":1513699000,"TOTAL_LIABILITIES":448244000,"TAX_EBT":14.487654675958,"OCF_SALES":21.319420757233,"TOTAL_PARENT_EQUITY":1060146000,"DEBT_ASSET_RATIO":29.6124923119,"OPERATE_PROFIT":185557000,"PRETAX_PROFIT":191287000,"NETCASH_OPERATE":206259000,"NETCASH_INVEST":-150771000,"NETCASH_FINANCE":-122784000,"END_CASH":356807000,"DIVI_RATIO":0.279641712827,"DIVIDEND_RATE":14.683333333333,"CURRENT_RATIO":2.51361983176,"COMMON_ACS":100000000000,"CURRENTDEBT_DEBT":99.983491134293,"ISSUED_COMMON_SHARES":1135597667,"HK_COMMON_SHARES":1135597667,"PER_SHARES":1000,"TOTAL_MARKET_CAP":340679300.1,"HKSK_MARKET_CAP":340679300.1,"PE_TTM":20.367148071251,"PB_TTM":0.468956339122,"REPORT_DATE_SQ":"2019-12-31 00:00:00","REPORT_TYPE_SQ":"2019年年报","OPERATE_INCOME_SQ":990823000,"DPS_HKD":0.04405,"OPERATE_INCOME_QOQ_SQ":-6.904223883191,"NET_PROFIT_RATIO_SQ":15.611264575,"HOLDER_PROFIT_SQ":153124000,"HOLDER_PROFIT_QOQ_SQ":-1.377662417962,"ROE_AVG_SQ":15.334719684501,"PE_TTM_SQ":-14.804967803237,"PB_TTM_SQ":0.726323489887,"ROA_SQ":10.826442073826,"START_DATE":"2020-01-01 00:00:00","FISCAL_YEAR":"12-31","CURRENCY":"HKD","IS_CNY_CODE":0,"DPS_HKD_LY":0.118867,"ORG_TYPE":"一般企业","PREMIUM_INCOME":null,"PREMIUM_INCOME_YOY":null,"NET_INTEREST_INCOME":null,"NET_INTEREST_INCOME_YOY":null,"FEE_COMMISSION_INCOME":null,"FEE_COMMISSION_INCOME_YOY":null,"ACCOUNTS_RECE_TDAYS":1.491955910757,"INVENTORY_TDAYS":null,"CURRENT_ASSETS_TDAYS":0.879900938727,"TOTAL_ASSETS_TDAYS":0.660052519296,"PREMIUM_EXPENSE":null,"LOAN_DEPOSIT":null,"LOAN_EQUITY":null,"LOAN_ASSETS":null,"DEPOSIT_EQUITY":null,"DEPOSIT_ASSETS":null,"EQUITY_MULTIPLIER":1.420706646457,"EQUITY_RATIO":0.422813461542},{"SECUCODE":"00543.HK","SECURITY_CODE":"00543","SECURITY_NAME_ABBR":"太平洋网络","ORG_CODE":"10106442","STD_REPORT_DATE":"2020-06-30 00:00:00","REPORT_DATE":"2020-06-30 00:00:00","DATE_TYPE_CODE":"002","REPORT_TYPE":"2020年中报","PER_NETCASH_OPERATE":0.056745009855,"PER_OI":0.345582682935,"BPS":0.81248669913,"BASIC_EPS":0.0331,"DILUTED_EPS":0.0331,"OPERATE_INCOME":391910000,"OPERATE_INCOME_YOY":-21.764613115,"GROSS_PROFIT":245396000,"GROSS_PROFIT_YOY":-15.685095534398,"HOLDER_PROFIT":37296000,"HOLDER_PROFIT_YOY":-50.9418078502,"GROSS_PROFIT_RATIO":62.615396392029,"EPS_TTM":0.1008733551,"OPERATE_INCOME_QOQ":-11.003680778504,"NET_PROFIT_RATIO":9.7877063612,"ROE_AVG":3.874748062418,"GROSS_PROFIT_QOQ":-7.517327348146,"ROA":2.767972973374,"HOLDER_PROFIT_QOQ":-25.291920273765,"ROE_YEARLY":7.749496124836,"ROIC_YEARLY":7.741887271844,"TOTAL_ASSETS":1277029000,"TOTAL_LIABILITIES":349686000,"TAX_EBT":18.834109183242,"OCF_SALES":16.420096450716,"TOTAL_PARENT_EQUITY":922658000,"DEBT_ASSET_RATIO":27.382776742,"OPERATE_PROFIT":43257000,"PRETAX_PROFIT":47260000,"NETCASH_OPERATE":64352000,"NETCASH_INVEST":-35892000,"NETCASH_FINANCE":-122397000,"END_CASH":331503000,"DIVI_RATIO":0.395733749121,"DIVIDEND_RATE":14.683333333333,"CURRENT_RATIO":2.583679254251,"COMMON_ACS":100000000000,"CURRENTDEBT_DEBT":99.272204206059,"ISSUED_COMMON_SHARES":1135597667,"HK_COMMON_SHARES":1135597667,"PER_SHARES":1000,"TOTAL_MARKET_CAP":340679300.1,"HKSK_MARKET_CAP":340679300.1,"PE_TTM":20.367148071251,"PB_TTM":0.468956339122,"REPORT_DATE_SQ":"2019-06-30 00:00:00","REPORT_TYPE_SQ":"2019年中报","OPERATE_INCOME_SQ":500937000,"DPS_HKD":0.04405,"OPERATE_INCOME_QOQ_SQ":4.068254686863,"NET_PROFIT_RATIO_SQ":15.3087114747,"HOLDER_PROFIT_SQ":76024000,"HOLDER_PROFIT_QOQ_SQ":16.961588585806,"ROE_AVG_SQ":7.867478968899,"PE_TTM_SQ":-14.804967803237,"PB_TTM_SQ":0.726323489887,"ROA_SQ":5.552421132125,"START_DATE":"2020-01-01 00:00:00","FISCAL_YEAR":"12-31","CURRENCY":"HKD","IS_CNY_CODE":0,"DPS_HKD_LY":0.118867,"ORG_TYPE":"一般企业","PREMIUM_INCOME":null,"PREMIUM_INCOME_YOY":null,"NET_INTEREST_INCOME":null,"NET_INTEREST_INCOME_YOY":null,"FEE_COMMISSION_INCOME":null,"FEE_COMMISSION_INCOME_YOY":null,"ACCOUNTS_RECE_TDAYS":0.647854728194,"INVENTORY_TDAYS":null,"CURRENT_ASSETS_TDAYS":0.397996359325,"TOTAL_ASSETS_TDAYS":0.29086129558,"PREMIUM_EXPENSE":null,"LOAN_DEPOSIT":null,"LOAN_EQUITY":null,"LOAN_ASSETS":null,"DEPOSIT_EQUITY":null,"DEPOSIT_ASSETS":null,"EQUITY_MULTIPLIER":1.377083775907,"EQUITY_RATIO":0.378998502154}],"count":39},"success":true,"message":"ok","code":0}