{"version":"036793a9220334744e2a6037b6b95724","result":{"pages":6,"data":[{"SECUCODE":"00544.HK","SECURITY_CODE":"00544","SECURITY_NAME_ABBR":"大同集团","ORG_CODE":"10008959","STD_REPORT_DATE":"2024-06-30 00:00:00","REPORT_DATE":"2024-06-30 00:00:00","DATE_TYPE_CODE":"002","REPORT_TYPE":"2024年中报","PER_NETCASH_OPERATE":0.098078909546,"PER_OI":0.392419455352,"BPS":0.002419254601,"BASIC_EPS":-0.062153508,"DILUTED_EPS":-0.062153508,"OPERATE_INCOME":113844965.16,"OPERATE_INCOME_YOY":-22.9514373602,"GROSS_PROFIT":4618160.8,"GROSS_PROFIT_YOY":-85.295012631638,"HOLDER_PROFIT":-18038207.52,"HOLDER_PROFIT_YOY":-267.0244232232,"GROSS_PROFIT_RATIO":4.056534949534,"EPS_TTM":-0.08206502428,"OPERATE_INCOME_QOQ":-13.098234001048,"NET_PROFIT_RATIO":-15.8445369056,"ROE_AVG":-182.847626977519,"GROSS_PROFIT_QOQ":-56.980716817025,"ROA":-8.076647235146,"HOLDER_PROFIT_QOQ":-563.181852443755,"ROE_YEARLY":-365.695253955037,"ROIC_YEARLY":-20.727573052267,"TOTAL_ASSETS":216189249.64,"TOTAL_LIABILITIES":215487398.72,"TAX_EBT":null,"OCF_SALES":24.993386084321,"TOTAL_PARENT_EQUITY":701850.92,"DEBT_ASSET_RATIO":99.6753534594,"OPERATE_PROFIT":-11861189.28,"PRETAX_PROFIT":-18038207.52,"NETCASH_OPERATE":28453711.68,"NETCASH_INVEST":-624273.12,"NETCASH_FINANCE":-42057207.08,"END_CASH":42032564.72,"DIVI_RATIO":null,"DIVIDEND_RATE":null,"CURRENT_RATIO":0.626909041475,"COMMON_ACS":6000000000,"CURRENTDEBT_DEBT":99.698861518653,"ISSUED_COMMON_SHARES":290110400,"HK_COMMON_SHARES":290110400,"PER_SHARES":20000,"TOTAL_MARKET_CAP":14215409.6,"HKSK_MARKET_CAP":14215409.6,"PE_TTM":-0.548328239151,"PB_TTM":18.485578153446,"REPORT_DATE_SQ":"2023-06-30 00:00:00","REPORT_TYPE_SQ":"2023年中报","OPERATE_INCOME_SQ":149263030.12,"DPS_HKD":null,"OPERATE_INCOME_QOQ_SQ":14.584617097539,"NET_PROFIT_RATIO_SQ":13.2148195733,"HOLDER_PROFIT_SQ":10909789.34,"HOLDER_PROFIT_QOQ_SQ":209.799868540787,"ROE_AVG_SQ":56.12445751417,"PE_TTM_SQ":2.704470680592,"PB_TTM_SQ":1.447613236287,"ROA_SQ":4.709492415182,"START_DATE":"2024-01-01 00:00:00","FISCAL_YEAR":"12-31","CURRENCY":"HKD","IS_CNY_CODE":0,"DPS_HKD_LY":null,"ORG_TYPE":"一般企业","PREMIUM_INCOME":null,"PREMIUM_INCOME_YOY":null,"NET_INTEREST_INCOME":null,"NET_INTEREST_INCOME_YOY":null,"FEE_COMMISSION_INCOME":null,"FEE_COMMISSION_INCOME_YOY":null,"ACCOUNTS_RECE_TDAYS":1.199907652794,"INVENTORY_TDAYS":106.285079928952,"CURRENT_ASSETS_TDAYS":0.784092730593,"TOTAL_ASSETS_TDAYS":0.509743344551,"PREMIUM_EXPENSE":null,"LOAN_DEPOSIT":null,"LOAN_EQUITY":null,"LOAN_ASSETS":null,"DEPOSIT_EQUITY":null,"DEPOSIT_ASSETS":null,"EQUITY_MULTIPLIER":308.027308146214,"EQUITY_RATIO":307.027308192458},{"SECUCODE":"00544.HK","SECURITY_CODE":"00544","SECURITY_NAME_ABBR":"大同集团","ORG_CODE":"10008959","STD_REPORT_DATE":"2023-12-31 00:00:00","REPORT_DATE":"2023-12-31 00:00:00","DATE_TYPE_CODE":"001","REPORT_TYPE":"2023年年报","PER_NETCASH_OPERATE":0.273096365866,"PER_OI":0.932070552865,"BPS":0.065126175346,"BASIC_EPS":0.017761912,"DILUTED_EPS":0.017761912,"OPERATE_INCOME":270403360.92,"OPERATE_INCOME_YOY":9.1757284822,"GROSS_PROFIT":47011068.72,"GROSS_PROFIT_YOY":-11.585139186469,"HOLDER_PROFIT":5140079.84,"HOLDER_PROFIT_YOY":19.1596638655,"GROSS_PROFIT_RATIO":17.385534173855,"EPS_TTM":0.017717668308,"OPERATE_INCOME_QOQ":-3.339135576259,"NET_PROFIT_RATIO":5.1051322783,"ROE_AVG":31.197403883175,"GROSS_PROFIT_QOQ":-20.989364716975,"ROA":2.191044222627,"HOLDER_PROFIT_QOQ":-60.978951538326,"ROE_YEARLY":31.197403883175,"ROIC_YEARLY":2.892269095248,"TOTAL_ASSETS":228854986.36,"TOTAL_LIABILITIES":209961205.58,"TAX_EBT":null,"OCF_SALES":29.299967156636,"TOTAL_PARENT_EQUITY":18893780.78,"DEBT_ASSET_RATIO":91.7442127521,"OPERATE_PROFIT":22984457.86,"PRETAX_PROFIT":13804449.26,"NETCASH_OPERATE":79228095.94,"NETCASH_INVEST":-1189866.86,"NETCASH_FINANCE":-76342691.46,"END_CASH":56142141.44,"DIVI_RATIO":null,"DIVIDEND_RATE":null,"CURRENT_RATIO":0.871581474953,"COMMON_ACS":6000000000,"CURRENTDEBT_DEBT":84.481783770485,"ISSUED_COMMON_SHARES":290110400,"HK_COMMON_SHARES":290110400,"PER_SHARES":20000,"TOTAL_MARKET_CAP":15956072,"HKSK_MARKET_CAP":15956072,"PE_TTM":-0.615470472517,"PB_TTM":20.749118335501,"REPORT_DATE_SQ":"2022-12-31 00:00:00","REPORT_TYPE_SQ":"2022年年报","OPERATE_INCOME_SQ":244137837.16,"DPS_HKD":null,"OPERATE_INCOME_QOQ_SQ":11.703977087145,"NET_PROFIT_RATIO_SQ":1.7416248335,"HOLDER_PROFIT_SQ":4251965.2,"HOLDER_PROFIT_QOQ_SQ":113.629499848338,"ROE_AVG_SQ":36.412315930388,"PE_TTM_SQ":2.928148706806,"PB_TTM_SQ":1.567340646807,"ROA_SQ":1.613838324592,"START_DATE":"2023-01-01 00:00:00","FISCAL_YEAR":"12-31","CURRENCY":"HKD","IS_CNY_CODE":0,"DPS_HKD_LY":null,"ORG_TYPE":"一般企业","PREMIUM_INCOME":null,"PREMIUM_INCOME_YOY":null,"NET_INTEREST_INCOME":null,"NET_INTEREST_INCOME_YOY":null,"FEE_COMMISSION_INCOME":null,"FEE_COMMISSION_INCOME_YOY":null,"ACCOUNTS_RECE_TDAYS":3.61167798395,"INVENTORY_TDAYS":255.583203732504,"CURRENT_ASSETS_TDAYS":2.061203484316,"TOTAL_ASSETS_TDAYS":1.152639142124,"PREMIUM_EXPENSE":null,"LOAN_DEPOSIT":null,"LOAN_EQUITY":null,"LOAN_ASSETS":null,"DEPOSIT_EQUITY":null,"DEPOSIT_ASSETS":null,"EQUITY_MULTIPLIER":12.112715238082,"EQUITY_RATIO":11.112715238141},{"SECUCODE":"00544.HK","SECURITY_CODE":"00544","SECURITY_NAME_ABBR":"大同集团","ORG_CODE":"10008959","STD_REPORT_DATE":"2023-06-30 00:00:00","REPORT_DATE":"2023-06-30 00:00:00","DATE_TYPE_CODE":"002","REPORT_TYPE":"2023年中报","PER_NETCASH_OPERATE":0.142452085551,"PER_OI":0.514504237421,"BPS":0.084707252549,"BASIC_EPS":0.037616784,"DILUTED_EPS":0.037616784,"OPERATE_INCOME":149263030.12,"OPERATE_INCOME_YOY":21.8145701344,"GROSS_PROFIT":31405404.74,"GROSS_PROFIT_YOY":25.237209007673,"HOLDER_PROFIT":10909789.34,"HOLDER_PROFIT_YOY":408.7274290628,"GROSS_PROFIT_RATIO":21.04031032651,"EPS_TTM":0.04540541325,"OPERATE_INCOME_QOQ":14.584617097539,"NET_PROFIT_RATIO":13.2148195733,"ROE_AVG":56.12445751417,"GROSS_PROFIT_QOQ":11.902480592416,"ROA":4.709492415182,"HOLDER_PROFIT_QOQ":209.799868540787,"ROE_YEARLY":112.24891502834,"ROIC_YEARLY":12.537481060807,"TOTAL_ASSETS":218795995.78,"TOTAL_LIABILITIES":194221540.86,"TAX_EBT":null,"OCF_SALES":27.687252152643,"TOTAL_PARENT_EQUITY":24574454.92,"DEBT_ASSET_RATIO":88.7683251092,"OPERATE_PROFIT":24779134.48,"PRETAX_PROFIT":19724840.12,"NETCASH_OPERATE":41326831.52,"NETCASH_INVEST":-400139.32,"NETCASH_FINANCE":-39366702.04,"END_CASH":56627089.62,"DIVI_RATIO":null,"DIVIDEND_RATE":null,"CURRENT_RATIO":0.754856858038,"COMMON_ACS":6000000000,"CURRENTDEBT_DEBT":82.858390654002,"ISSUED_COMMON_SHARES":290110400,"HK_COMMON_SHARES":290110400,"PER_SHARES":20000,"TOTAL_MARKET_CAP":15956072,"HKSK_MARKET_CAP":15956072,"PE_TTM":-0.615470472517,"PB_TTM":20.749118335501,"REPORT_DATE_SQ":"2022-06-30 00:00:00","REPORT_TYPE_SQ":"2022年中报","OPERATE_INCOME_SQ":113656461.38,"DPS_HKD":null,"OPERATE_INCOME_QOQ_SQ":13.718745948834,"NET_PROFIT_RATIO_SQ":1.7501617733,"HOLDER_PROFIT_SQ":1989171.94,"HOLDER_PROFIT_QOQ_SQ":52.464765961114,"ROE_AVG_SQ":20.013766993633,"PE_TTM_SQ":2.928148706806,"PB_TTM_SQ":1.567340646807,"ROA_SQ":0.751520164391,"START_DATE":"2023-01-01 00:00:00","FISCAL_YEAR":"12-31","CURRENCY":"HKD","IS_CNY_CODE":0,"DPS_HKD_LY":null,"ORG_TYPE":"一般企业","PREMIUM_INCOME":null,"PREMIUM_INCOME_YOY":null,"NET_INTEREST_INCOME":null,"NET_INTEREST_INCOME_YOY":null,"FEE_COMMISSION_INCOME":null,"FEE_COMMISSION_INCOME_YOY":null,"ACCOUNTS_RECE_TDAYS":null,"INVENTORY_TDAYS":114.236818588025,"CURRENT_ASSETS_TDAYS":1.291612980434,"TOTAL_ASSETS_TDAYS":0.644332430545,"PREMIUM_EXPENSE":null,"LOAN_DEPOSIT":null,"LOAN_EQUITY":null,"LOAN_ASSETS":null,"DEPOSIT_EQUITY":null,"DEPOSIT_ASSETS":null,"EQUITY_MULTIPLIER":8.90339161098,"EQUITY_RATIO":7.903391611015},{"SECUCODE":"00544.HK","SECURITY_CODE":"00544","SECURITY_NAME_ABBR":"大同集团","ORG_CODE":"10008959","STD_REPORT_DATE":"2022-12-31 00:00:00","REPORT_DATE":"2022-12-31 00:00:00","DATE_TYPE_CODE":"001","REPORT_TYPE":"2022年年报","PER_NETCASH_OPERATE":0.261425292165,"PER_OI":0.841534247514,"BPS":0.047765600647,"BASIC_EPS":0.014649628,"DILUTED_EPS":0.014649628,"OPERATE_INCOME":244137837.16,"OPERATE_INCOME_YOY":16.2676331955,"GROSS_PROFIT":53171003.48,"GROSS_PROFIT_YOY":77.783017331126,"HOLDER_PROFIT":4251965.2,"HOLDER_PROFIT_YOY":105.9299862963,"GROSS_PROFIT_RATIO":21.779091720696,"EPS_TTM":0.014656369437,"OPERATE_INCOME_QOQ":11.703977087145,"NET_PROFIT_RATIO":1.7416248335,"ROE_AVG":36.412315930388,"GROSS_PROFIT_QOQ":9.819015516974,"ROA":1.613838324592,"HOLDER_PROFIT_QOQ":113.629499848338,"ROE_YEARLY":36.412315930388,"ROIC_YEARLY":2.055081361362,"TOTAL_ASSETS":236900563.62,"TOTAL_LIABILITIES":220217853.1,"TAX_EBT":null,"OCF_SALES":31.065318249008,"TOTAL_PARENT_EQUITY":13857297.51,"DEBT_ASSET_RATIO":92.9579270454,"OPERATE_PROFIT":16370959.29,"PRETAX_PROFIT":4251965.2,"NETCASH_OPERATE":75842196.08,"NETCASH_INVEST":619036.11,"NETCASH_FINANCE":-74936420.3,"END_CASH":53963333.97,"DIVI_RATIO":null,"DIVIDEND_RATE":null,"CURRENT_RATIO":0.846407322003,"COMMON_ACS":6000000000,"CURRENTDEBT_DEBT":56.994280614935,"ISSUED_COMMON_SHARES":290110400,"HK_COMMON_SHARES":290110400,"PER_SHARES":20000,"TOTAL_MARKET_CAP":15956072,"HKSK_MARKET_CAP":15956072,"PE_TTM":-0.615470472517,"PB_TTM":20.749118335501,"REPORT_DATE_SQ":"2021-12-31 00:00:00","REPORT_TYPE_SQ":"2021年年报","OPERATE_INCOME_SQ":192191596.8,"DPS_HKD":null,"OPERATE_INCOME_QOQ_SQ":7.840055162225,"NET_PROFIT_RATIO_SQ":-34.1475658107,"HOLDER_PROFIT_SQ":-65628752,"HOLDER_PROFIT_QOQ_SQ":-54.574448127119,"ROE_AVG_SQ":-163.17693933973,"PE_TTM_SQ":2.928148706806,"PB_TTM_SQ":1.567340646807,"ROA_SQ":-20.497250477831,"START_DATE":"2022-01-01 00:00:00","FISCAL_YEAR":"12-31","CURRENCY":"HKD","IS_CNY_CODE":0,"DPS_HKD_LY":null,"ORG_TYPE":"一般企业","PREMIUM_INCOME":null,"PREMIUM_INCOME_YOY":null,"NET_INTEREST_INCOME":null,"NET_INTEREST_INCOME_YOY":null,"FEE_COMMISSION_INCOME":null,"FEE_COMMISSION_INCOME_YOY":null,"ACCOUNTS_RECE_TDAYS":4.755415586449,"INVENTORY_TDAYS":130.197320341048,"CURRENT_ASSETS_TDAYS":2.167803547067,"TOTAL_ASSETS_TDAYS":0.926627993314,"PREMIUM_EXPENSE":null,"LOAN_DEPOSIT":null,"LOAN_EQUITY":null,"LOAN_ASSETS":null,"DEPOSIT_EQUITY":null,"DEPOSIT_ASSETS":null,"EQUITY_MULTIPLIER":14.20036410368,"EQUITY_RATIO":15.891832656482},{"SECUCODE":"00544.HK","SECURITY_CODE":"00544","SECURITY_NAME_ABBR":"大同集团","ORG_CODE":"10008959","STD_REPORT_DATE":"2022-06-30 00:00:00","REPORT_DATE":"2022-06-30 00:00:00","DATE_TYPE_CODE":"002","REPORT_TYPE":"2022年中报","PER_NETCASH_OPERATE":0.136038429887,"PER_OI":0.391769689677,"BPS":0.037177765016,"BASIC_EPS":0.00684152,"DILUTED_EPS":0.00684152,"OPERATE_INCOME":113656461.38,"OPERATE_INCOME_YOY":26.6867481364,"GROSS_PROFIT":25076736.37,"GROSS_PROFIT_YOY":281.824531979031,"HOLDER_PROFIT":1989171.94,"HOLDER_PROFIT_YOY":105.9656322134,"GROSS_PROFIT_RATIO":22.063625829559,"EPS_TTM":-0.107534169268,"OPERATE_INCOME_QOQ":13.718745948834,"NET_PROFIT_RATIO":1.7501617733,"ROE_AVG":20.013766993633,"GROSS_PROFIT_QOQ":61.887280171118,"ROA":0.751520164391,"HOLDER_PROFIT_QOQ":52.464765961114,"ROE_YEARLY":40.027533987266,"ROIC_YEARLY":1.906651146778,"TOTAL_ASSETS":251699520.8,"TOTAL_LIABILITIES":238208898.55,"TAX_EBT":null,"OCF_SALES":34.724082406585,"TOTAL_PARENT_EQUITY":10785656.28,"DEBT_ASSET_RATIO":94.640187551,"OPERATE_PROFIT":8214955.14,"PRETAX_PROFIT":1989171.94,"NETCASH_OPERATE":39466163.31,"NETCASH_INVEST":1450402.24,"NETCASH_FINANCE":-36168550.67,"END_CASH":55408615.29,"DIVI_RATIO":null,"DIVIDEND_RATE":null,"CURRENT_RATIO":0.922670266438,"COMMON_ACS":6000000000,"CURRENTDEBT_DEBT":47.604875334327,"ISSUED_COMMON_SHARES":290110400,"HK_COMMON_SHARES":290110400,"PER_SHARES":20000,"TOTAL_MARKET_CAP":31041812.8,"HKSK_MARKET_CAP":31041812.8,"PE_TTM":-1.197369828351,"PB_TTM":40.366466579974,"REPORT_DATE_SQ":"2021-06-30 00:00:00","REPORT_TYPE_SQ":"2021年中报","OPERATE_INCOME_SQ":87290184.48,"DPS_HKD":null,"OPERATE_INCOME_QOQ_SQ":-16.841217455847,"NET_PROFIT_RATIO_SQ":-37.1666062952,"HOLDER_PROFIT_SQ":-32442799.2,"HOLDER_PROFIT_QOQ_SQ":-24.301172184149,"ROE_AVG_SQ":-56.739549605268,"PE_TTM_SQ":2.684136314572,"PB_TTM_SQ":1.43672892624,"ROA_SQ":-9.207785644451,"START_DATE":"2022-01-01 00:00:00","FISCAL_YEAR":"12-31","CURRENCY":"HKD","IS_CNY_CODE":0,"DPS_HKD_LY":null,"ORG_TYPE":"一般企业","PREMIUM_INCOME":null,"PREMIUM_INCOME_YOY":null,"NET_INTEREST_INCOME":null,"NET_INTEREST_INCOME_YOY":null,"FEE_COMMISSION_INCOME":null,"FEE_COMMISSION_INCOME_YOY":null,"ACCOUNTS_RECE_TDAYS":null,"INVENTORY_TDAYS":59.4598163031,"CURRENT_ASSETS_TDAYS":1.04003568466,"TOTAL_ASSETS_TDAYS":0.429400399346,"PREMIUM_EXPENSE":null,"LOAN_DEPOSIT":null,"LOAN_EQUITY":null,"LOAN_ASSETS":null,"DEPOSIT_EQUITY":null,"DEPOSIT_ASSETS":null,"EQUITY_MULTIPLIER":18.657369255273,"EQUITY_RATIO":22.085712020298},{"SECUCODE":"00544.HK","SECURITY_CODE":"00544","SECURITY_NAME_ABBR":"大同集团","ORG_CODE":"10008959","STD_REPORT_DATE":"2021-12-31 00:00:00","REPORT_DATE":"2021-12-31 00:00:00","DATE_TYPE_CODE":"001","REPORT_TYPE":"2021年年报","PER_NETCASH_OPERATE":0.010113245165,"PER_OI":0.066247744583,"BPS":0.029963500791,"BASIC_EPS":-0.22622992,"DILUTED_EPS":-0.22622992,"OPERATE_INCOME":192191596.8,"OPERATE_INCOME_YOY":-7.6846950156,"GROSS_PROFIT":29907808,"GROSS_PROFIT_YOY":29.572124606138,"HOLDER_PROFIT":-65628752,"HOLDER_PROFIT_YOY":-97.787305342,"GROSS_PROFIT_RATIO":15.56145455783,"EPS_TTM":-0.02262199218,"OPERATE_INCOME_QOQ":7.840055162225,"NET_PROFIT_RATIO":-34.1475658107,"ROE_AVG":-163.17693933973,"GROSS_PROFIT_QOQ":60.24369680094,"ROA":-20.497250477831,"HOLDER_PROFIT_QOQ":-54.574448127119,"ROE_YEARLY":-163.17693933973,"ROIC_YEARLY":-24.80527687689,"TOTAL_ASSETS":265468179.2,"TOTAL_LIABILITIES":254189387.2,"TAX_EBT":-0.254789798416,"OCF_SALES":15.265795429408,"TOTAL_PARENT_EQUITY":8692723.2,"DEBT_ASSET_RATIO":95.7513582102,"OPERATE_PROFIT":-50019950.4,"PRETAX_PROFIT":-65461961.6,"NETCASH_OPERATE":29339576,"NETCASH_INVEST":32197905.6,"NETCASH_FINANCE":-70040521.6,"END_CASH":48989774.4,"DIVI_RATIO":null,"DIVIDEND_RATE":null,"CURRENT_RATIO":1.24625818522,"COMMON_ACS":6000000000,"CURRENTDEBT_DEBT":34.384378105932,"ISSUED_COMMON_SHARES":290110400,"HK_COMMON_SHARES":290110400,"PER_SHARES":20000,"TOTAL_MARKET_CAP":15956072,"HKSK_MARKET_CAP":15956072,"PE_TTM":-0.615470472517,"PB_TTM":20.749118335501,"REPORT_DATE_SQ":"2020-12-31 00:00:00","REPORT_TYPE_SQ":"2020年年报","OPERATE_INCOME_SQ":214311843.04,"DPS_HKD":null,"OPERATE_INCOME_QOQ_SQ":-14.89620123954,"NET_PROFIT_RATIO_SQ":-15.9380448955,"HOLDER_PROFIT_SQ":-34157117.76,"HOLDER_PROFIT_QOQ_SQ":44.70270239518,"ROE_AVG_SQ":-40.319704338064,"PE_TTM_SQ":2.928148706806,"PB_TTM_SQ":1.567340646807,"ROA_SQ":-7.77474987907,"START_DATE":"2021-01-01 00:00:00","FISCAL_YEAR":"12-31","CURRENCY":"HKD","IS_CNY_CODE":0,"DPS_HKD_LY":null,"ORG_TYPE":"一般企业","PREMIUM_INCOME":null,"PREMIUM_INCOME_YOY":null,"NET_INTEREST_INCOME":null,"NET_INTEREST_INCOME_YOY":null,"FEE_COMMISSION_INCOME":null,"FEE_COMMISSION_INCOME_YOY":null,"ACCOUNTS_RECE_TDAYS":null,"INVENTORY_TDAYS":128.429634422517,"CURRENT_ASSETS_TDAYS":1.715223863172,"TOTAL_ASSETS_TDAYS":0.600255098458,"PREMIUM_EXPENSE":null,"LOAN_DEPOSIT":null,"LOAN_EQUITY":null,"LOAN_ASSETS":null,"DEPOSIT_EQUITY":null,"DEPOSIT_ASSETS":null,"EQUITY_MULTIPLIER":23.536933671386,"EQUITY_RATIO":29.241629044394},{"SECUCODE":"00544.HK","SECURITY_CODE":"00544","SECURITY_NAME_ABBR":"大同集团","ORG_CODE":"10008959","STD_REPORT_DATE":"2021-06-30 00:00:00","REPORT_DATE":"2021-06-30 00:00:00","DATE_TYPE_CODE":"002","REPORT_TYPE":"2021年中报","PER_NETCASH_OPERATE":0.004782352484,"PER_OI":0.030088609192,"BPS":0.14249827183,"BASIC_EPS":-0.11149872,"DILUTED_EPS":-0.11149872,"OPERATE_INCOME":87290184.48,"OPERATE_INCOME_YOY":-22.3349990746,"GROSS_PROFIT":6567607.44,"GROSS_PROFIT_YOY":-51.80338275232,"HOLDER_PROFIT":-32442799.2,"HOLDER_PROFIT_YOY":-47.5217555808,"GROSS_PROFIT_RATIO":7.523878519818,"EPS_TTM":-0.014635014036,"OPERATE_INCOME_QOQ":-16.841217455847,"NET_PROFIT_RATIO":-37.1666062952,"ROE_AVG":-56.739549605268,"GROSS_PROFIT_QOQ":-27.442672284859,"ROA":-9.207785644451,"HOLDER_PROFIT_QOQ":-24.301172184149,"ROE_YEARLY":-113.479099210536,"ROIC_YEARLY":-21.490441190655,"TOTAL_ASSETS":323144092.56,"TOTAL_LIABILITIES":279171992.88,"TAX_EBT":-0.525962976332,"OCF_SALES":15.894229119402,"TOTAL_PARENT_EQUITY":41340230.64,"DEBT_ASSET_RATIO":86.3924172862,"OPERATE_PROFIT":-18851604.48,"PRETAX_PROFIT":-32273054.88,"NETCASH_OPERATE":13874101.92,"NETCASH_INVEST":848721.6,"NETCASH_FINANCE":-35467410,"END_CASH":37499349.36,"DIVI_RATIO":null,"DIVIDEND_RATE":null,"CURRENT_RATIO":0.704509302165,"COMMON_ACS":6000000000,"CURRENTDEBT_DEBT":51.714548852348,"ISSUED_COMMON_SHARES":290110400,"HK_COMMON_SHARES":290110400,"PER_SHARES":20000,"TOTAL_MARKET_CAP":31041812.8,"HKSK_MARKET_CAP":31041812.8,"PE_TTM":-1.197369828351,"PB_TTM":40.366466579974,"REPORT_DATE_SQ":"2020-06-30 00:00:00","REPORT_TYPE_SQ":"2020年中报","OPERATE_INCOME_SQ":123382908,"DPS_HKD":null,"OPERATE_INCOME_QOQ_SQ":-2.932283759024,"NET_PROFIT_RATIO_SQ":-19.5669072737,"HOLDER_PROFIT_SQ":-24142219.2,"HOLDER_PROFIT_QOQ_SQ":-2.708774603775,"ROE_AVG_SQ":-26.257357871992,"PE_TTM_SQ":2.684136314572,"PB_TTM_SQ":1.43672892624,"ROA_SQ":-4.856010024363,"START_DATE":"2021-01-01 00:00:00","FISCAL_YEAR":"12-31","CURRENCY":"HKD","IS_CNY_CODE":0,"DPS_HKD_LY":null,"ORG_TYPE":"一般企业","PREMIUM_INCOME":null,"PREMIUM_INCOME_YOY":null,"NET_INTEREST_INCOME":null,"NET_INTEREST_INCOME_YOY":null,"FEE_COMMISSION_INCOME":null,"FEE_COMMISSION_INCOME_YOY":null,"ACCOUNTS_RECE_TDAYS":2.147908519482,"INVENTORY_TDAYS":71.649187592319,"CURRENT_ASSETS_TDAYS":0.797433763193,"TOTAL_ASSETS_TDAYS":0.247743513931,"PREMIUM_EXPENSE":null,"LOAN_DEPOSIT":null,"LOAN_EQUITY":null,"LOAN_ASSETS":null,"DEPOSIT_EQUITY":null,"DEPOSIT_ASSETS":null,"EQUITY_MULTIPLIER":7.34884381034,"EQUITY_RATIO":6.753034237063},{"SECUCODE":"00544.HK","SECURITY_CODE":"00544","SECURITY_NAME_ABBR":"大同集团","ORG_CODE":"10008959","STD_REPORT_DATE":"2020-12-31 00:00:00","REPORT_DATE":"2020-12-31 00:00:00","DATE_TYPE_CODE":"001","REPORT_TYPE":"2020年年报","PER_NETCASH_OPERATE":0.016249074973,"PER_OI":0.07387251303,"BPS":0.254577544549,"BASIC_EPS":-0.13634568,"DILUTED_EPS":-0.13634568,"OPERATE_INCOME":214311843.04,"OPERATE_INCOME_YOY":-12.0777584034,"GROSS_PROFIT":23081977,"GROSS_PROFIT_YOY":-48.993503549626,"HOLDER_PROFIT":-34157117.76,"HOLDER_PROFIT_YOY":39.5513718014,"GROSS_PROFIT_RATIO":12.00262335255,"EPS_TTM":-0.011773834292,"OPERATE_INCOME_QOQ":-14.89620123954,"NET_PROFIT_RATIO":-15.9380448955,"ROE_AVG":-40.319704338064,"GROSS_PROFIT_QOQ":-23.082966555502,"ROA":-7.77474987907,"HOLDER_PROFIT_QOQ":44.70270239518,"ROE_YEARLY":-40.319704338064,"ROIC_YEARLY":-9.550052828377,"TOTAL_ASSETS":385921397.4,"TOTAL_LIABILITIES":309403696.8,"TAX_EBT":-0.073975440154,"OCF_SALES":21.996104242919,"TOTAL_PARENT_EQUITY":73855593.28,"DEBT_ASSET_RATIO":80.1727240014,"OPERATE_PROFIT":-4448909.04,"PRETAX_PROFIT":-34131868.56,"NETCASH_OPERATE":47140256.4,"NETCASH_INVEST":-4609662.28,"NETCASH_FINANCE":-84806171.32,"END_CASH":58730480.84,"DIVI_RATIO":null,"DIVIDEND_RATE":null,"CURRENT_RATIO":0.830357616519,"COMMON_ACS":6000000000,"CURRENTDEBT_DEBT":46.148468527284,"ISSUED_COMMON_SHARES":290110400,"HK_COMMON_SHARES":290110400,"PER_SHARES":20000,"TOTAL_MARKET_CAP":31041812.8,"HKSK_MARKET_CAP":31041812.8,"PE_TTM":-1.197369828351,"PB_TTM":40.366466579974,"REPORT_DATE_SQ":"2019-12-31 00:00:00","REPORT_TYPE_SQ":"2019年年报","OPERATE_INCOME_SQ":259431324.7,"DPS_HKD":null,"OPERATE_INCOME_QOQ_SQ":-7.580425048176,"NET_PROFIT_RATIO_SQ":-23.1818103344,"HOLDER_PROFIT_SQ":-60140877.64,"HOLDER_PROFIT_QOQ_SQ":-45.423009288489,"ROE_AVG_SQ":-45.484446823141,"PE_TTM_SQ":2.684136314572,"PB_TTM_SQ":1.43672892624,"ROA_SQ":-13.688488910138,"START_DATE":"2020-01-01 00:00:00","FISCAL_YEAR":"12-31","CURRENCY":"HKD","IS_CNY_CODE":0,"DPS_HKD_LY":null,"ORG_TYPE":"一般企业","PREMIUM_INCOME":null,"PREMIUM_INCOME_YOY":null,"NET_INTEREST_INCOME":null,"NET_INTEREST_INCOME_YOY":null,"FEE_COMMISSION_INCOME":null,"FEE_COMMISSION_INCOME_YOY":null,"ACCOUNTS_RECE_TDAYS":4.92664286889,"INVENTORY_TDAYS":125.707152875175,"CURRENT_ASSETS_TDAYS":1.557035324907,"TOTAL_ASSETS_TDAYS":0.487810765377,"PREMIUM_EXPENSE":null,"LOAN_DEPOSIT":null,"LOAN_EQUITY":null,"LOAN_ASSETS":null,"DEPOSIT_EQUITY":null,"DEPOSIT_ASSETS":null,"EQUITY_MULTIPLIER":5.043557168774,"EQUITY_RATIO":4.189306226639},{"SECUCODE":"00544.HK","SECURITY_CODE":"00544","SECURITY_NAME_ABBR":"大同集团","ORG_CODE":"10008959","STD_REPORT_DATE":"2020-06-30 00:00:00","REPORT_DATE":"2020-06-30 00:00:00","DATE_TYPE_CODE":"002","REPORT_TYPE":"2020年中报","PER_NETCASH_OPERATE":0.005725937087,"PER_OI":0.050726762773,"BPS":0.276308055968,"BASIC_EPS":-0.009956496,"DILUTED_EPS":-0.009956496,"OPERATE_INCOME":123382908,"OPERATE_INCOME_YOY":-9.2908468202,"GROSS_PROFIT":13626697.92,"GROSS_PROFIT_YOY":-46.429888617356,"HOLDER_PROFIT":-24142219.2,"HOLDER_PROFIT_YOY":-3.270425507,"GROSS_PROFIT_RATIO":11.044234684435,"EPS_TTM":-0.025395657146,"OPERATE_INCOME_QOQ":-2.932283759024,"NET_PROFIT_RATIO":-19.5669072737,"ROE_AVG":-26.257357871992,"GROSS_PROFIT_QOQ":-26.09866005734,"ROA":-4.856010024363,"HOLDER_PROFIT_QOQ":-2.708774603775,"ROE_YEARLY":-52.514715743983,"ROIC_YEARLY":-11.678632146286,"TOTAL_ASSETS":459540702.72,"TOTAL_LIABILITIES":376491651.36,"TAX_EBT":null,"OCF_SALES":11.287803072367,"TOTAL_PARENT_EQUITY":80159840.64,"DEBT_ASSET_RATIO":81.9278138218,"OPERATE_PROFIT":-11106516.96,"PRETAX_PROFIT":-24142219.2,"NETCASH_OPERATE":13927219.68,"NETCASH_INVEST":-2724791.52,"NETCASH_FINANCE":-65625183.36,"END_CASH":53904834.72,"DIVI_RATIO":null,"DIVIDEND_RATE":null,"CURRENT_RATIO":1.047085974614,"COMMON_ACS":6000000000,"CURRENTDEBT_DEBT":32.379436590331,"ISSUED_COMMON_SHARES":290110400,"HK_COMMON_SHARES":290110400,"PER_SHARES":20000,"TOTAL_MARKET_CAP":31041812.8,"HKSK_MARKET_CAP":31041812.8,"PE_TTM":-1.197369828351,"PB_TTM":40.366466579974,"REPORT_DATE_SQ":"2019-06-30 00:00:00","REPORT_TYPE_SQ":"2019年中报","OPERATE_INCOME_SQ":130990170.6,"DPS_HKD":null,"OPERATE_INCOME_QOQ_SQ":3.597936891258,"NET_PROFIT_RATIO_SQ":-17.1868914109,"HOLDER_PROFIT_SQ":-22513138.38,"HOLDER_PROFIT_QOQ_SQ":-24.424168001062,"ROE_AVG_SQ":-15.174135252754,"PE_TTM_SQ":2.684136314572,"PB_TTM_SQ":1.43672892624,"ROA_SQ":-4.821031474311,"START_DATE":"2020-01-01 00:00:00","FISCAL_YEAR":"12-31","CURRENCY":"HKD","IS_CNY_CODE":0,"DPS_HKD_LY":null,"ORG_TYPE":"一般企业","PREMIUM_INCOME":null,"PREMIUM_INCOME_YOY":null,"NET_INTEREST_INCOME":null,"NET_INTEREST_INCOME_YOY":null,"FEE_COMMISSION_INCOME":null,"FEE_COMMISSION_INCOME_YOY":null,"ACCOUNTS_RECE_TDAYS":2.242783492317,"INVENTORY_TDAYS":58.131107885825,"CURRENT_ASSETS_TDAYS":0.828810642156,"TOTAL_ASSETS_TDAYS":0.24817463263,"PREMIUM_EXPENSE":null,"LOAN_DEPOSIT":null,"LOAN_EQUITY":null,"LOAN_ASSETS":null,"DEPOSIT_EQUITY":null,"DEPOSIT_ASSETS":null,"EQUITY_MULTIPLIER":5.533364863219,"EQUITY_RATIO":4.696761474999}],"count":48},"success":true,"message":"ok","code":0}