{"version":"15a507d1c921a9c907766c863a1efe8c","result":{"pages":4,"data":[{"SECUCODE":"00540.HK","SECURITY_CODE":"00540","SECURITY_NAME_ABBR":"迅捷环球控股","ORG_CODE":"10325928","STD_REPORT_DATE":"2024-06-30 00:00:00","REPORT_DATE":"2024-06-30 00:00:00","DATE_TYPE_CODE":"002","REPORT_TYPE":"2024年中报","PER_NETCASH_OPERATE":-0.032092871067,"PER_OI":0.4287405568,"BPS":0.113513053867,"BASIC_EPS":0.008031584,"DILUTED_EPS":0.008031584,"OPERATE_INCOME":257244334.08,"OPERATE_INCOME_YOY":56.8585548284,"GROSS_PROFIT":27700750.68,"GROSS_PROFIT_YOY":49.543824929528,"HOLDER_PROFIT":4812561.64,"HOLDER_PROFIT_YOY":232.8211586902,"GROSS_PROFIT_RATIO":10.768264645777,"EPS_TTM":0.0066450554,"OPERATE_INCOME_QOQ":21.857127059536,"NET_PROFIT_RATIO":1.870813465,"ROE_AVG":7.315533542824,"GROSS_PROFIT_QOQ":25.753265210079,"ROA":1.726398708721,"HOLDER_PROFIT_QOQ":188.88142621064,"ROE_YEARLY":14.631067085649,"ROIC_YEARLY":5.558498372666,"TOTAL_ASSETS":319352208.08,"TOTAL_LIABILITIES":251244375.76,"TAX_EBT":18.361975538009,"OCF_SALES":-7.485382606721,"TOTAL_PARENT_EQUITY":68107832.32,"DEBT_ASSET_RATIO":78.6731293547,"OPERATE_PROFIT":6804029.4,"PRETAX_PROFIT":5895000.12,"NETCASH_OPERATE":-19255722.64,"NETCASH_INVEST":1171881.12,"NETCASH_FINANCE":-2548202.56,"END_CASH":95189785.96,"DIVI_RATIO":null,"DIVIDEND_RATE":null,"CURRENT_RATIO":1.25850218398,"COMMON_ACS":1200000000,"CURRENTDEBT_DEBT":99.466002135992,"ISSUED_COMMON_SHARES":600000000,"HK_COMMON_SHARES":600000000,"PER_SHARES":4000,"TOTAL_MARKET_CAP":79800000,"HKSK_MARKET_CAP":79800000,"PE_TTM":18.588399720475,"PB_TTM":1.069361063465,"REPORT_DATE_SQ":"2023-06-30 00:00:00","REPORT_TYPE_SQ":"2023年中报","OPERATE_INCOME_SQ":165668742.24,"DPS_HKD":null,"OPERATE_INCOME_QOQ_SQ":-1.940386978683,"NET_PROFIT_RATIO_SQ":-2.2093851565,"HOLDER_PROFIT_SQ":-3660260.6,"HOLDER_PROFIT_QOQ_SQ":46.142984960335,"ROE_AVG_SQ":-5.427686670723,"PE_TTM_SQ":-1.847206385405,"PB_TTM_SQ":0.457265439765,"ROA_SQ":-1.31548209768,"START_DATE":"2024-01-01 00:00:00","FISCAL_YEAR":"12-31","CURRENCY":"HKD","IS_CNY_CODE":0,"DPS_HKD_LY":null,"ORG_TYPE":"一般企业","PREMIUM_INCOME":null,"PREMIUM_INCOME_YOY":null,"NET_INTEREST_INCOME":null,"NET_INTEREST_INCOME_YOY":null,"FEE_COMMISSION_INCOME":null,"FEE_COMMISSION_INCOME_YOY":null,"ACCOUNTS_RECE_TDAYS":3.406053062482,"INVENTORY_TDAYS":3.69135594091,"CURRENT_ASSETS_TDAYS":0.949667193968,"TOTAL_ASSETS_TDAYS":0.922806437408,"PREMIUM_EXPENSE":null,"LOAN_DEPOSIT":null,"LOAN_EQUITY":null,"LOAN_ASSETS":null,"DEPOSIT_EQUITY":null,"DEPOSIT_ASSETS":null,"EQUITY_MULTIPLIER":4.688920454536,"EQUITY_RATIO":3.688920454545},{"SECUCODE":"00540.HK","SECURITY_CODE":"00540","SECURITY_NAME_ABBR":"迅捷环球控股","ORG_CODE":"10325928","STD_REPORT_DATE":"2023-12-31 00:00:00","REPORT_DATE":"2023-12-31 00:00:00","DATE_TYPE_CODE":"001","REPORT_TYPE":"2023年年报","PER_NETCASH_OPERATE":0.033993822567,"PER_OI":0.698289331367,"BPS":0.105023346167,"BASIC_EPS":-0.007521626,"DILUTED_EPS":-0.007521626,"OPERATE_INCOME":418973598.82,"OPERATE_INCOME_YOY":-17.7049717247,"GROSS_PROFIT":35635289.06,"GROSS_PROFIT_YOY":-6.347683667141,"HOLDER_PROFIT":-4485789,"HOLDER_PROFIT_YOY":85.6346857043,"GROSS_PROFIT_RATIO":8.505378181433,"EPS_TTM":-0.007476315,"OPERATE_INCOME_QOQ":-14.859868273734,"NET_PROFIT_RATIO":-1.0706614958,"ROE_AVG":-6.829187533629,"GROSS_PROFIT_QOQ":-26.219870349175,"ROA":-1.704492629361,"HOLDER_PROFIT_QOQ":72.940252063962,"ROE_YEARLY":-6.829187533629,"ROIC_YEARLY":-3.379035643706,"TOTAL_ASSETS":236488077.42,"TOTAL_LIABILITIES":173474069.72,"TAX_EBT":7.007326695472,"OCF_SALES":4.868157229344,"TOTAL_PARENT_EQUITY":63014007.7,"DEBT_ASSET_RATIO":73.3542559999,"OPERATE_PROFIT":-1244240.06,"PRETAX_PROFIT":-4823809.06,"NETCASH_OPERATE":20396293.54,"NETCASH_INVEST":-26077386.72,"NETCASH_FINANCE":-51812222.28,"END_CASH":87153896.06,"DIVI_RATIO":null,"DIVIDEND_RATE":null,"CURRENT_RATIO":1.309113468838,"COMMON_ACS":1200000000,"CURRENTDEBT_DEBT":99.360588425815,"ISSUED_COMMON_SHARES":600000000,"HK_COMMON_SHARES":600000000,"PER_SHARES":4000,"TOTAL_MARKET_CAP":82800000,"HKSK_MARKET_CAP":82800000,"PE_TTM":19.287211740042,"PB_TTM":1.109562607204,"REPORT_DATE_SQ":"2022-12-31 00:00:00","REPORT_TYPE_SQ":"2022年年报","OPERATE_INCOME_SQ":501836406.19,"DPS_HKD":null,"OPERATE_INCOME_QOQ_SQ":-6.090241728191,"NET_PROFIT_RATIO_SQ":-6.1335322189,"HOLDER_PROFIT_SQ":-30780297.66,"HOLDER_PROFIT_QOQ_SQ":-43.313699744995,"ROE_AVG_SQ":-35.136306394955,"PE_TTM_SQ":-3.283922462942,"PB_TTM_SQ":0.81291633736,"ROA_SQ":-9.102327885092,"START_DATE":"2023-01-01 00:00:00","FISCAL_YEAR":"12-31","CURRENCY":"HKD","IS_CNY_CODE":0,"DPS_HKD_LY":null,"ORG_TYPE":"一般企业","PREMIUM_INCOME":null,"PREMIUM_INCOME_YOY":null,"NET_INTEREST_INCOME":null,"NET_INTEREST_INCOME_YOY":null,"FEE_COMMISSION_INCOME":null,"FEE_COMMISSION_INCOME_YOY":null,"ACCOUNTS_RECE_TDAYS":6.924750992286,"INVENTORY_TDAYS":9.25558497254,"CURRENT_ASSETS_TDAYS":1.724999813445,"TOTAL_ASSETS_TDAYS":1.591999559242,"PREMIUM_EXPENSE":null,"LOAN_DEPOSIT":null,"LOAN_EQUITY":null,"LOAN_ASSETS":null,"DEPOSIT_EQUITY":null,"DEPOSIT_ASSETS":null,"EQUITY_MULTIPLIER":3.752944560288,"EQUITY_RATIO":2.752944560293},{"SECUCODE":"00540.HK","SECURITY_CODE":"00540","SECURITY_NAME_ABBR":"迅捷环球控股","ORG_CODE":"10325928","STD_REPORT_DATE":"2023-06-30 00:00:00","REPORT_DATE":"2023-06-30 00:00:00","DATE_TYPE_CODE":"002","REPORT_TYPE":"2023年中报","PER_NETCASH_OPERATE":-0.0571996392,"PER_OI":0.2761145704,"BPS":0.108879691467,"BASIC_EPS":-0.006085068,"DILUTED_EPS":-0.006085068,"OPERATE_INCOME":165668742.24,"OPERATE_INCOME_YOY":-12.3934707569,"GROSS_PROFIT":18523500.18,"GROSS_PROFIT_YOY":123.853856302858,"HOLDER_PROFIT":-3660260.6,"HOLDER_PROFIT_YOY":80.9938720797,"GROSS_PROFIT_RATIO":11.181047148391,"EPS_TTM":-0.0276289159,"OPERATE_INCOME_QOQ":-1.940386978683,"NET_PROFIT_RATIO":-2.2093851565,"ROE_AVG":-5.427686670723,"GROSS_PROFIT_QOQ":26.934334184668,"ROA":-1.31548209768,"HOLDER_PROFIT_QOQ":46.142984960335,"ROE_YEARLY":-10.855373341445,"ROIC_YEARLY":-4.814995618597,"TOTAL_ASSETS":261587853.52,"TOTAL_LIABILITIES":196260038.64,"TAX_EBT":-86.035613870665,"OCF_SALES":-20.715907573127,"TOTAL_PARENT_EQUITY":65327814.88,"DEBT_ASSET_RATIO":75.0264341402,"OPERATE_PROFIT":-88510.08,"PRETAX_PROFIT":-1967505.32,"NETCASH_OPERATE":-34319783.52,"NETCASH_INVEST":1054745.12,"NETCASH_FINANCE":-9948164.2,"END_CASH":104237214.84,"DIVI_RATIO":null,"DIVIDEND_RATE":null,"CURRENT_RATIO":1.218812975054,"COMMON_ACS":1200000000,"CURRENTDEBT_DEBT":99.074074074074,"ISSUED_COMMON_SHARES":600000000,"HK_COMMON_SHARES":600000000,"PER_SHARES":4000,"TOTAL_MARKET_CAP":82800000,"HKSK_MARKET_CAP":82800000,"PE_TTM":19.287211740042,"PB_TTM":1.109562607204,"REPORT_DATE_SQ":"2022-06-30 00:00:00","REPORT_TYPE_SQ":"2022年中报","OPERATE_INCOME_SQ":175406310.52,"DPS_HKD":null,"OPERATE_INCOME_QOQ_SQ":-12.908672945052,"NET_PROFIT_RATIO_SQ":-10.1839031145,"HOLDER_PROFIT_SQ":-17863208.72,"HOLDER_PROFIT_QOQ_SQ":16.003576806828,"ROE_AVG_SQ":-19.149950493234,"PE_TTM_SQ":-3.283922462942,"PB_TTM_SQ":0.81291633736,"ROA_SQ":-5.109426559332,"START_DATE":"2023-01-01 00:00:00","FISCAL_YEAR":"12-31","CURRENCY":"HKD","IS_CNY_CODE":0,"DPS_HKD_LY":null,"ORG_TYPE":"一般企业","PREMIUM_INCOME":null,"PREMIUM_INCOME_YOY":null,"NET_INTEREST_INCOME":null,"NET_INTEREST_INCOME_YOY":null,"FEE_COMMISSION_INCOME":null,"FEE_COMMISSION_INCOME_YOY":null,"ACCOUNTS_RECE_TDAYS":2.619606814057,"INVENTORY_TDAYS":2.751126931729,"CURRENT_ASSETS_TDAYS":0.660515655671,"TOTAL_ASSETS_TDAYS":0.59540641604,"PREMIUM_EXPENSE":null,"LOAN_DEPOSIT":null,"LOAN_EQUITY":null,"LOAN_ASSETS":null,"DEPOSIT_EQUITY":null,"DEPOSIT_ASSETS":null,"EQUITY_MULTIPLIER":4.004233939254,"EQUITY_RATIO":3.004233939257},{"SECUCODE":"00540.HK","SECURITY_CODE":"00540","SECURITY_NAME_ABBR":"迅捷环球控股","ORG_CODE":"10325928","STD_REPORT_DATE":"2022-12-31 00:00:00","REPORT_DATE":"2022-12-31 00:00:00","DATE_TYPE_CODE":"001","REPORT_TYPE":"2022年年报","PER_NETCASH_OPERATE":0.0238592417,"PER_OI":0.836394010317,"BPS":0.112300415617,"BASIC_EPS":-0.051273698,"DILUTED_EPS":-0.051273698,"OPERATE_INCOME":501836406.19,"OPERATE_INCOME_YOY":-25.1410441934,"GROSS_PROFIT":38050622.19,"GROSS_PROFIT_YOY":-4.622582842392,"HOLDER_PROFIT":-30780297.66,"HOLDER_PROFIT_YOY":-10.1809810066,"GROSS_PROFIT_RATIO":7.58227616025,"EPS_TTM":-0.0513004961,"OPERATE_INCOME_QOQ":-6.090241728191,"NET_PROFIT_RATIO":-6.1335322189,"ROE_AVG":-35.136306394955,"GROSS_PROFIT_QOQ":13.676987547784,"ROA":-9.102327885092,"HOLDER_PROFIT_QOQ":-43.313699744995,"ROE_YEARLY":-35.136306394955,"ROIC_YEARLY":-17.088108545046,"TOTAL_ASSETS":285718662.39,"TOTAL_LIABILITIES":218338413.02,"TAX_EBT":-7.516615183001,"OCF_SALES":2.852631822527,"TOTAL_PARENT_EQUITY":67380249.37,"DEBT_ASSET_RATIO":76.4172739693,"OPERATE_PROFIT":-23836909.95,"PRETAX_PROFIT":-28628410.23,"NETCASH_OPERATE":14315545.02,"NETCASH_INVEST":-7146.16,"NETCASH_FINANCE":-40968935.28,"END_CASH":143566354.4,"DIVI_RATIO":null,"DIVIDEND_RATE":null,"CURRENT_RATIO":1.18563067175,"COMMON_ACS":1200000000,"CURRENTDEBT_DEBT":99.047973619828,"ISSUED_COMMON_SHARES":600000000,"HK_COMMON_SHARES":600000000,"PER_SHARES":4000,"TOTAL_MARKET_CAP":82800000,"HKSK_MARKET_CAP":82800000,"PE_TTM":19.287211740042,"PB_TTM":1.109562607204,"REPORT_DATE_SQ":"2021-12-31 00:00:00","REPORT_TYPE_SQ":"2021年年报","OPERATE_INCOME_SQ":613587542.4,"DPS_HKD":null,"OPERATE_INCOME_QOQ_SQ":2.700234703603,"NET_PROFIT_RATIO_SQ":-4.1672329754,"HOLDER_PROFIT_SQ":-25569622.4,"HOLDER_PROFIT_QOQ_SQ":14.751836504269,"ROE_AVG_SQ":-23.077121742627,"PE_TTM_SQ":-3.283922462942,"PB_TTM_SQ":0.81291633736,"ROA_SQ":-6.693770794963,"START_DATE":"2022-01-01 00:00:00","FISCAL_YEAR":"12-31","CURRENCY":"HKD","IS_CNY_CODE":0,"DPS_HKD_LY":null,"ORG_TYPE":"一般企业","PREMIUM_INCOME":null,"PREMIUM_INCOME_YOY":null,"NET_INTEREST_INCOME":null,"NET_INTEREST_INCOME_YOY":null,"FEE_COMMISSION_INCOME":null,"FEE_COMMISSION_INCOME_YOY":null,"ACCOUNTS_RECE_TDAYS":6.003034658147,"INVENTORY_TDAYS":11.199792916002,"CURRENT_ASSETS_TDAYS":1.675043419277,"TOTAL_ASSETS_TDAYS":1.48402707611,"PREMIUM_EXPENSE":null,"LOAN_DEPOSIT":null,"LOAN_EQUITY":null,"LOAN_ASSETS":null,"DEPOSIT_EQUITY":null,"DEPOSIT_ASSETS":null,"EQUITY_MULTIPLIER":4.240391881321,"EQUITY_RATIO":3.240391881322},{"SECUCODE":"00540.HK","SECURITY_CODE":"00540","SECURITY_NAME_ABBR":"迅捷环球控股","ORG_CODE":"10325928","STD_REPORT_DATE":"2022-06-30 00:00:00","REPORT_DATE":"2022-06-30 00:00:00","DATE_TYPE_CODE":"002","REPORT_TYPE":"2022年中报","PER_NETCASH_OPERATE":-0.0837915162,"PER_OI":0.292343850867,"BPS":0.138888557267,"BASIC_EPS":-0.029760612,"DILUTED_EPS":-0.029760612,"OPERATE_INCOME":175406310.52,"OPERATE_INCOME_YOY":-32.970146571,"GROSS_PROFIT":8274818.44,"GROSS_PROFIT_YOY":-43.697338982736,"HOLDER_PROFIT":-17863208.72,"HOLDER_PROFIT_YOY":20.8368073979,"GROSS_PROFIT_RATIO":4.717514675196,"EPS_TTM":-0.035795947067,"OPERATE_INCOME_QOQ":-12.908672945052,"NET_PROFIT_RATIO":-10.1839031145,"ROE_AVG":-19.149950493234,"GROSS_PROFIT_QOQ":-16.097867110073,"ROA":-5.109426559332,"HOLDER_PROFIT_QOQ":16.003576806828,"ROE_YEARLY":-38.299900986468,"ROIC_YEARLY":-16.883864827235,"TOTAL_ASSETS":325278358.02,"TOTAL_LIABILITIES":241945223.66,"TAX_EBT":0.457491422036,"OCF_SALES":-28.661973204361,"TOTAL_PARENT_EQUITY":83333134.36,"DEBT_ASSET_RATIO":74.3809779208,"OPERATE_PROFIT":-15986066.67,"PRETAX_PROFIT":-17945306.96,"NETCASH_OPERATE":-50274909.72,"NETCASH_INVEST":230046.11,"NETCASH_FINANCE":-3043621.21,"END_CASH":110880514.64,"DIVI_RATIO":null,"DIVIDEND_RATE":null,"CURRENT_RATIO":1.199972099911,"COMMON_ACS":1200000000,"CURRENTDEBT_DEBT":98.817661904324,"ISSUED_COMMON_SHARES":600000000,"HK_COMMON_SHARES":600000000,"PER_SHARES":4000,"TOTAL_MARKET_CAP":82800000,"HKSK_MARKET_CAP":82800000,"PE_TTM":19.287211740042,"PB_TTM":1.109562607204,"REPORT_DATE_SQ":"2021-06-30 00:00:00","REPORT_TYPE_SQ":"2021年中报","OPERATE_INCOME_SQ":254612319.6,"DPS_HKD":null,"OPERATE_INCOME_QOQ_SQ":3.5266547039,"NET_PROFIT_RATIO_SQ":-8.623016716,"HOLDER_PROFIT_SQ":-21955262.88,"HOLDER_PROFIT_QOQ_SQ":76.057637945846,"ROE_AVG_SQ":-19.176917346512,"PE_TTM_SQ":-3.283922462942,"PB_TTM_SQ":0.81291633736,"ROA_SQ":-5.496018479753,"START_DATE":"2022-01-01 00:00:00","FISCAL_YEAR":"12-31","CURRENCY":"HKD","IS_CNY_CODE":0,"DPS_HKD_LY":null,"ORG_TYPE":"一般企业","PREMIUM_INCOME":null,"PREMIUM_INCOME_YOY":null,"NET_INTEREST_INCOME":null,"NET_INTEREST_INCOME_YOY":null,"FEE_COMMISSION_INCOME":null,"FEE_COMMISSION_INCOME_YOY":null,"ACCOUNTS_RECE_TDAYS":2.246737100387,"INVENTORY_TDAYS":2.639421421192,"CURRENT_ASSETS_TDAYS":0.570362336976,"TOTAL_ASSETS_TDAYS":0.501715943475,"PREMIUM_EXPENSE":null,"LOAN_DEPOSIT":null,"LOAN_EQUITY":null,"LOAN_ASSETS":null,"DEPOSIT_EQUITY":null,"DEPOSIT_ASSETS":null,"EQUITY_MULTIPLIER":3.90334961619,"EQUITY_RATIO":2.90334961619},{"SECUCODE":"00540.HK","SECURITY_CODE":"00540","SECURITY_NAME_ABBR":"迅捷环球控股","ORG_CODE":"10325928","STD_REPORT_DATE":"2021-12-31 00:00:00","REPORT_DATE":"2021-12-31 00:00:00","DATE_TYPE_CODE":"001","REPORT_TYPE":"2021年年报","PER_NETCASH_OPERATE":0.021286216,"PER_OI":1.022645904,"BPS":0.164484768,"BASIC_EPS":-0.04259696,"DILUTED_EPS":-0.04259696,"OPERATE_INCOME":613587542.4,"OPERATE_INCOME_YOY":9.448320519,"GROSS_PROFIT":39894792,"GROSS_PROFIT_YOY":-20.974201104968,"HOLDER_PROFIT":-25569622.4,"HOLDER_PROFIT_YOY":78.9894456799,"GROSS_PROFIT_RATIO":6.501890805011,"EPS_TTM":-0.042616037333,"OPERATE_INCOME_QOQ":2.700234703603,"NET_PROFIT_RATIO":-4.1672329754,"ROE_AVG":-23.077121742627,"GROSS_PROFIT_QOQ":-16.552891866191,"ROA":-6.693770794963,"HOLDER_PROFIT_QOQ":14.751836504269,"ROE_YEARLY":-23.077121742627,"ROIC_YEARLY":-11.139864536341,"TOTAL_ASSETS":357510316.8,"TOTAL_LIABILITIES":258819456,"TAX_EBT":18.348911284006,"OCF_SALES":2.081484501795,"TOTAL_PARENT_EQUITY":98690860.8,"DEBT_ASSET_RATIO":72.3949614424,"OPERATE_PROFIT":-27188470.4,"PRETAX_PROFIT":-31315715.2,"NETCASH_OPERATE":12771729.6,"NETCASH_INVEST":-1138916.8,"NETCASH_FINANCE":-4715916.8,"END_CASH":157884283.2,"DIVI_RATIO":null,"DIVIDEND_RATE":null,"CURRENT_RATIO":1.235193577875,"COMMON_ACS":1200000000,"CURRENTDEBT_DEBT":98.141268637857,"ISSUED_COMMON_SHARES":600000000,"HK_COMMON_SHARES":600000000,"PER_SHARES":4000,"TOTAL_MARKET_CAP":82800000,"HKSK_MARKET_CAP":82800000,"PE_TTM":19.287211740042,"PB_TTM":1.109562607204,"REPORT_DATE_SQ":"2020-12-31 00:00:00","REPORT_TYPE_SQ":"2020年年报","OPERATE_INCOME_SQ":577102448.32,"DPS_HKD":null,"OPERATE_INCOME_QOQ_SQ":-34.506775954392,"NET_PROFIT_RATIO_SQ":-21.7079779725,"HOLDER_PROFIT_SQ":-125277272.36,"HOLDER_PROFIT_QOQ_SQ":-28.488247765205,"ROE_AVG_SQ":-64.303318436406,"PE_TTM_SQ":-3.283922462942,"PB_TTM_SQ":0.81291633736,"ROA_SQ":-24.860311169344,"START_DATE":"2021-01-01 00:00:00","FISCAL_YEAR":"12-31","CURRENCY":"HKD","IS_CNY_CODE":0,"DPS_HKD_LY":null,"ORG_TYPE":"一般企业","PREMIUM_INCOME":null,"PREMIUM_INCOME_YOY":null,"NET_INTEREST_INCOME":null,"NET_INTEREST_INCOME_YOY":null,"FEE_COMMISSION_INCOME":null,"FEE_COMMISSION_INCOME_YOY":null,"ACCOUNTS_RECE_TDAYS":6.197782595231,"INVENTORY_TDAYS":11.99512795528,"CURRENT_ASSETS_TDAYS":1.882673162386,"TOTAL_ASSETS_TDAYS":1.60628667378,"PREMIUM_EXPENSE":null,"LOAN_DEPOSIT":null,"LOAN_EQUITY":null,"LOAN_ASSETS":null,"DEPOSIT_EQUITY":null,"DEPOSIT_ASSETS":null,"EQUITY_MULTIPLIER":3.622527090167,"EQUITY_RATIO":2.622527090168},{"SECUCODE":"00540.HK","SECURITY_CODE":"00540","SECURITY_NAME_ABBR":"迅捷环球控股","ORG_CODE":"10325928","STD_REPORT_DATE":"2021-06-30 00:00:00","REPORT_DATE":"2021-06-30 00:00:00","DATE_TYPE_CODE":"002","REPORT_TYPE":"2021年中报","PER_NETCASH_OPERATE":-0.0968665932,"PER_OI":0.424353866,"BPS":0.1731475272,"BASIC_EPS":-0.03661152,"DILUTED_EPS":-0.03661152,"OPERATE_INCOME":254612319.6,"OPERATE_INCOME_YOY":19.3153681485,"GROSS_PROFIT":14697029.04,"GROSS_PROFIT_YOY":-15.397210331535,"HOLDER_PROFIT":-21955262.88,"HOLDER_PROFIT_YOY":79.4418300246,"GROSS_PROFIT_RATIO":5.77231654112,"EPS_TTM":-0.049990563533,"OPERATE_INCOME_QOQ":3.5266547039,"NET_PROFIT_RATIO":-8.623016716,"ROE_AVG":-19.176917346512,"GROSS_PROFIT_QOQ":-5.298337279331,"ROA":-5.496018479753,"HOLDER_PROFIT_QOQ":76.057637945846,"ROE_YEARLY":-38.353834693025,"ROIC_YEARLY":-16.415278041315,"TOTAL_ASSETS":385280498.64,"TOTAL_LIABILITIES":281391982.32,"TAX_EBT":-1.508040316996,"OCF_SALES":-22.826843575875,"TOTAL_PARENT_EQUITY":103888516.32,"DEBT_ASSET_RATIO":73.0356151721,"OPERATE_PROFIT":-19344195.84,"PRETAX_PROFIT":-21629087.52,"NETCASH_OPERATE":-58119955.92,"NETCASH_INVEST":-132300.72,"NETCASH_FINANCE":22558520.88,"END_CASH":114318639.12,"DIVI_RATIO":null,"DIVIDEND_RATE":null,"CURRENT_RATIO":1.192985640895,"COMMON_ACS":1200000000,"CURRENTDEBT_DEBT":97.735814465121,"ISSUED_COMMON_SHARES":600000000,"HK_COMMON_SHARES":600000000,"PER_SHARES":4000,"TOTAL_MARKET_CAP":82800000,"HKSK_MARKET_CAP":82800000,"PE_TTM":19.287211740042,"PB_TTM":1.109562607204,"REPORT_DATE_SQ":"2020-06-30 00:00:00","REPORT_TYPE_SQ":"2020年中报","OPERATE_INCOME_SQ":234259908.96,"DPS_HKD":null,"OPERATE_INCOME_QOQ_SQ":-11.938028528743,"NET_PROFIT_RATIO_SQ":-50.0462062162,"HOLDER_PROFIT_SQ":-117238197.12,"HOLDER_PROFIT_QOQ_SQ":-508.438435386304,"ROE_AVG_SQ":-53.973086627418,"PE_TTM_SQ":-3.283922462942,"PB_TTM_SQ":0.81291633736,"ROA_SQ":-21.317733857191,"START_DATE":"2021-01-01 00:00:00","FISCAL_YEAR":"12-31","CURRENCY":"HKD","IS_CNY_CODE":0,"DPS_HKD_LY":null,"ORG_TYPE":"一般企业","PREMIUM_INCOME":null,"PREMIUM_INCOME_YOY":null,"NET_INTEREST_INCOME":null,"NET_INTEREST_INCOME_YOY":null,"FEE_COMMISSION_INCOME":null,"FEE_COMMISSION_INCOME_YOY":null,"ACCOUNTS_RECE_TDAYS":2.79174687748,"INVENTORY_TDAYS":2.922925642455,"CURRENT_ASSETS_TDAYS":0.757595264209,"TOTAL_ASSETS_TDAYS":0.637366093653,"PREMIUM_EXPENSE":null,"LOAN_DEPOSIT":null,"LOAN_EQUITY":null,"LOAN_ASSETS":null,"DEPOSIT_EQUITY":null,"DEPOSIT_ASSETS":null,"EQUITY_MULTIPLIER":3.708595639702,"EQUITY_RATIO":2.708595639707},{"SECUCODE":"00540.HK","SECURITY_CODE":"00540","SECURITY_NAME_ABBR":"迅捷环球控股","ORG_CODE":"10325928","STD_REPORT_DATE":"2020-12-31 00:00:00","REPORT_DATE":"2020-12-31 00:00:00","DATE_TYPE_CODE":"001","REPORT_TYPE":"2020年年报","PER_NETCASH_OPERATE":0.001799706867,"PER_OI":0.961837413867,"BPS":0.210874304733,"BASIC_EPS":-0.208810884,"DILUTED_EPS":-0.208810884,"OPERATE_INCOME":577102448.32,"OPERATE_INCOME_YOY":-38.6153522495,"GROSS_PROFIT":50483250.48,"GROSS_PROFIT_YOY":-61.095175221753,"HOLDER_PROFIT":-125277272.36,"HOLDER_PROFIT_YOY":-658.5537918871,"GROSS_PROFIT_RATIO":8.747710328896,"EPS_TTM":-0.208795453933,"OPERATE_INCOME_QOQ":-34.506775954392,"NET_PROFIT_RATIO":-21.7079779725,"ROE_AVG":-64.303318436406,"GROSS_PROFIT_QOQ":-50.481413963893,"ROA":-24.860311169344,"HOLDER_PROFIT_QOQ":-28.488247765205,"ROE_YEARLY":-64.303318436406,"ROIC_YEARLY":-35.111154618675,"TOTAL_ASSETS":418423850.92,"TOTAL_LIABILITIES":291899268.08,"TAX_EBT":2.728965855252,"OCF_SALES":0.187111339268,"TOTAL_PARENT_EQUITY":126524582.84,"DEBT_ASSET_RATIO":69.7616226795,"OPERATE_PROFIT":-123505620.16,"PRETAX_PROFIT":-128791961,"NETCASH_OPERATE":1079824.12,"NETCASH_INVEST":-1945871.68,"NETCASH_FINANCE":6495777.52,"END_CASH":151356329.4,"DIVI_RATIO":null,"DIVIDEND_RATE":null,"CURRENT_RATIO":1.221534562062,"COMMON_ACS":1200000000,"CURRENTDEBT_DEBT":97.286792648679,"ISSUED_COMMON_SHARES":600000000,"HK_COMMON_SHARES":600000000,"PER_SHARES":4000,"TOTAL_MARKET_CAP":82800000,"HKSK_MARKET_CAP":82800000,"PE_TTM":19.287211740042,"PB_TTM":1.109562607204,"REPORT_DATE_SQ":"2019-12-31 00:00:00","REPORT_TYPE_SQ":"2019年年报","OPERATE_INCOME_SQ":1000617612.3,"DPS_HKD":null,"OPERATE_INCOME_QOQ_SQ":27.69384491184,"NET_PROFIT_RATIO_SQ":2.3856906901,"HOLDER_PROFIT_SQ":23871641.22,"HOLDER_PROFIT_QOQ_SQ":18.368898965162,"ROE_AVG_SQ":8.807184817364,"PE_TTM_SQ":-3.283922462942,"PB_TTM_SQ":0.81291633736,"ROA_SQ":4.063871512793,"START_DATE":"2020-01-01 00:00:00","FISCAL_YEAR":"12-31","CURRENCY":"HKD","IS_CNY_CODE":0,"DPS_HKD_LY":0.03,"ORG_TYPE":"一般企业","PREMIUM_INCOME":null,"PREMIUM_INCOME_YOY":null,"NET_INTEREST_INCOME":null,"NET_INTEREST_INCOME_YOY":null,"FEE_COMMISSION_INCOME":null,"FEE_COMMISSION_INCOME_YOY":null,"ACCOUNTS_RECE_TDAYS":4.342270913812,"INVENTORY_TDAYS":8.669650279887,"CURRENT_ASSETS_TDAYS":1.547011285235,"TOTAL_ASSETS_TDAYS":1.145215422682,"PREMIUM_EXPENSE":null,"LOAN_DEPOSIT":null,"LOAN_EQUITY":null,"LOAN_ASSETS":null,"DEPOSIT_EQUITY":null,"DEPOSIT_ASSETS":null,"EQUITY_MULTIPLIER":3.307055763611,"EQUITY_RATIO":2.307055763615},{"SECUCODE":"00540.HK","SECURITY_CODE":"00540","SECURITY_NAME_ABBR":"迅捷环球控股","ORG_CODE":"10325928","STD_REPORT_DATE":"2020-06-30 00:00:00","REPORT_DATE":"2020-06-30 00:00:00","DATE_TYPE_CODE":"002","REPORT_TYPE":"2020年中报","PER_NETCASH_OPERATE":-0.168971176,"PER_OI":0.3904331816,"BPS":0.2481085728,"BASIC_EPS":-0.195384816,"DILUTED_EPS":-0.195384816,"OPERATE_INCOME":234259908.96,"OPERATE_INCOME_YOY":-36.2205703514,"GROSS_PROFIT":17371801.92,"GROSS_PROFIT_YOY":-61.553724194174,"HOLDER_PROFIT":-117238197.12,"HOLDER_PROFIT_YOY":-2830.8085106383,"GROSS_PROFIT_RATIO":7.415610292483,"EPS_TTM":-0.1625015965,"OPERATE_INCOME_QOQ":-11.938028528743,"NET_PROFIT_RATIO":-50.0462062162,"ROE_AVG":-53.973086627418,"GROSS_PROFIT_QOQ":-21.433894033486,"ROA":-21.317733857191,"HOLDER_PROFIT_QOQ":-508.438435386304,"ROE_YEARLY":-107.946173254836,"ROIC_YEARLY":-56.635403083997,"TOTAL_ASSETS":460202946.72,"TOTAL_LIABILITIES":311337803.04,"TAX_EBT":-0.131065688875,"OCF_SALES":-43.277872876366,"TOTAL_PARENT_EQUITY":148865143.68,"DEBT_ASSET_RATIO":67.6522836846,"OPERATE_PROFIT":-113933371.2,"PRETAX_PROFIT":-117084739.2,"NETCASH_OPERATE":-101382705.6,"NETCASH_INVEST":-964592.64,"NETCASH_FINANCE":64285166.88,"END_CASH":116812534.08,"DIVI_RATIO":null,"DIVIDEND_RATE":null,"CURRENT_RATIO":1.192451429128,"COMMON_ACS":1200000000,"CURRENTDEBT_DEBT":96.406242206777,"ISSUED_COMMON_SHARES":600000000,"HK_COMMON_SHARES":600000000,"PER_SHARES":4000,"TOTAL_MARKET_CAP":82800000,"HKSK_MARKET_CAP":82800000,"PE_TTM":19.287211740042,"PB_TTM":1.109562607204,"REPORT_DATE_SQ":"2019-06-30 00:00:00","REPORT_TYPE_SQ":"2019年中报","OPERATE_INCOME_SQ":353713924.98,"DPS_HKD":null,"OPERATE_INCOME_QOQ_SQ":4.191924616242,"NET_PROFIT_RATIO_SQ":1.1688547462,"HOLDER_PROFIT_SQ":4134402,"HOLDER_PROFIT_QOQ_SQ":3.575795744262,"ROE_AVG_SQ":1.609302452988,"PE_TTM_SQ":-3.283922462942,"PB_TTM_SQ":0.81291633736,"ROA_SQ":0.702469704126,"START_DATE":"2020-01-01 00:00:00","FISCAL_YEAR":"12-31","CURRENCY":"HKD","IS_CNY_CODE":0,"DPS_HKD_LY":0.03,"ORG_TYPE":"一般企业","PREMIUM_INCOME":null,"PREMIUM_INCOME_YOY":null,"NET_INTEREST_INCOME":null,"NET_INTEREST_INCOME_YOY":null,"FEE_COMMISSION_INCOME":null,"FEE_COMMISSION_INCOME_YOY":null,"ACCOUNTS_RECE_TDAYS":1.539545326298,"INVENTORY_TDAYS":2.980231448941,"CURRENT_ASSETS_TDAYS":0.593105920444,"TOTAL_ASSETS_TDAYS":0.425961036189,"PREMIUM_EXPENSE":null,"LOAN_DEPOSIT":null,"LOAN_EQUITY":null,"LOAN_ASSETS":null,"DEPOSIT_EQUITY":null,"DEPOSIT_ASSETS":null,"EQUITY_MULTIPLIER":3.091408340081,"EQUITY_RATIO":2.091408340083}],"count":29},"success":true,"message":"ok","code":0}