{"version":"7a109bb845ba276f8dd512dedf5d5713","result":{"pages":9,"data":[{"SECUCODE":"00548.HK","SECURITY_CODE":"00548","SECURITY_NAME_ABBR":"深圳高速公路股份","ORG_CODE":"10002618","STD_REPORT_DATE":"2024-09-30 00:00:00","REPORT_DATE":"2024-09-30 00:00:00","DATE_TYPE_CODE":"004","REPORT_TYPE":"2024年三季报","PER_NETCASH_OPERATE":1.261897485536,"PER_OI":2.687022499682,"BPS":8.360042049696,"BASIC_EPS":0.566,"DILUTED_EPS":0.566,"OPERATE_INCOME":5859778932.6,"OPERATE_INCOME_YOY":-8.0283498114,"GROSS_PROFIT":2287513813.12,"GROSS_PROFIT_YOY":-11.479323426803,"HOLDER_PROFIT":1374015126.12,"HOLDER_PROFIT_YOY":-10.7144339293,"GROSS_PROFIT_RATIO":39.037544580287,"EPS_TTM":0.991536248137,"OPERATE_INCOME_QOQ":-1.607668329903,"NET_PROFIT_RATIO":25.6091823856,"ROE_AVG":6.16297735073,"GROSS_PROFIT_QOQ":-2.97825597592,"ROA":2.047516101252,"HOLDER_PROFIT_QOQ":-0.435883992972,"ROE_YEARLY":8.217303134306,"ROIC_YEARLY":2.330541915439,"TOTAL_ASSETS":66705407211.4,"TOTAL_LIABILITIES":38957652482.96,"TAX_EBT":20.876248968659,"OCF_SALES":46.962669113679,"TOTAL_PARENT_EQUITY":22231331626.09,"DEBT_ASSET_RATIO":58.4025405309,"OPERATE_PROFIT":2653430019.58,"PRETAX_PROFIT":1896575244.07,"NETCASH_OPERATE":2751908590.91,"NETCASH_INVEST":234871765.72,"NETCASH_FINANCE":-2044139432.37,"END_CASH":2701172908.09,"DIVI_RATIO":0.551297779426,"DIVIDEND_RATE":9.153259635812,"CURRENT_RATIO":0.595096014433,"COMMON_ACS":null,"CURRENTDEBT_DEBT":34.552763296345,"ISSUED_COMMON_SHARES":2180770326,"HK_COMMON_SHARES":747500000,"PER_SHARES":2000,"TOTAL_MARKET_CAP":14371276448.34,"HKSK_MARKET_CAP":4926025000,"PE_TTM":5.951719408604,"PB_TTM":0.710857201994,"REPORT_DATE_SQ":"2023-09-30 00:00:00","REPORT_TYPE_SQ":"2023年三季报","OPERATE_INCOME_SQ":6371288240,"DPS_HKD":0.60319981,"OPERATE_INCOME_QOQ_SQ":-3.252227624916,"NET_PROFIT_RATIO_SQ":24.4625717919,"HOLDER_PROFIT_SQ":1538899495.84,"HOLDER_PROFIT_QOQ_SQ":-26.729608935526,"ROE_AVG_SQ":7.196526331673,"PE_TTM_SQ":8.298164097969,"PB_TTM_SQ":0.743274554651,"ROA_SQ":2.253790886544,"START_DATE":"2024-01-01 00:00:00","FISCAL_YEAR":"12-31","CURRENCY":"HKD","IS_CNY_CODE":0,"DPS_HKD_LY":0.60319981,"ORG_TYPE":"一般企业","PREMIUM_INCOME":null,"PREMIUM_INCOME_YOY":null,"NET_INTEREST_INCOME":null,"NET_INTEREST_INCOME_YOY":null,"FEE_COMMISSION_INCOME":null,"FEE_COMMISSION_INCOME_YOY":null,"ACCOUNTS_RECE_TDAYS":6.044495493435,"INVENTORY_TDAYS":2.66552326945,"CURRENT_ASSETS_TDAYS":0.783270940674,"TOTAL_ASSETS_TDAYS":0.087320666899,"PREMIUM_EXPENSE":null,"LOAN_DEPOSIT":null,"LOAN_EQUITY":null,"LOAN_ASSETS":null,"DEPOSIT_EQUITY":null,"DEPOSIT_ASSETS":null,"EQUITY_MULTIPLIER":2.403992966789,"EQUITY_RATIO":1.752376022192},{"SECUCODE":"00548.HK","SECURITY_CODE":"00548","SECURITY_NAME_ABBR":"深圳高速公路股份","ORG_CODE":"10002618","STD_REPORT_DATE":"2024-06-30 00:00:00","REPORT_DATE":"2024-06-30 00:00:00","DATE_TYPE_CODE":"002","REPORT_TYPE":"2024年中报","PER_NETCASH_OPERATE":0.807431238139,"PER_OI":1.722736345276,"BPS":8.106047650581,"BASIC_EPS":0.312,"DILUTED_EPS":0.312,"OPERATE_INCOME":3756892301.3,"OPERATE_INCOME_YOY":-8.9211726663,"GROSS_PROFIT":1441225116.76,"GROSS_PROFIT_YOY":-12.348416561834,"HOLDER_PROFIT":773857169.47,"HOLDER_PROFIT_YOY":-16.7246417526,"GROSS_PROFIT_RATIO":38.362162158902,"EPS_TTM":0.99587711708,"OPERATE_INCOME_QOQ":-5.327163069354,"NET_PROFIT_RATIO":22.6564369089,"ROE_AVG":3.514702802651,"GROSS_PROFIT_QOQ":-5.227537254538,"ROA":1.160408014957,"HOLDER_PROFIT_QOQ":-7.803768951883,"ROE_YEARLY":7.029405605302,"ROIC_YEARLY":2.629808903028,"TOTAL_ASSETS":65869267280.47,"TOTAL_LIABILITIES":38620117411.2,"TAX_EBT":22.600835917389,"OCF_SALES":46.869112638941,"TOTAL_PARENT_EQUITY":21677428177.53,"DEBT_ASSET_RATIO":58.6314665484,"OPERATE_PROFIT":1658774187.94,"PRETAX_PROFIT":1099724969.99,"NETCASH_OPERATE":1760822084.42,"NETCASH_INVEST":365152522.12,"NETCASH_FINANCE":-1878358081.17,"END_CASH":2123641437.66,"DIVI_RATIO":0.548894760652,"DIVIDEND_RATE":8.460025385694,"CURRENT_RATIO":0.490807709574,"COMMON_ACS":null,"CURRENTDEBT_DEBT":39.108964557912,"ISSUED_COMMON_SHARES":2180770326,"HK_COMMON_SHARES":747500000,"PER_SHARES":2000,"TOTAL_MARKET_CAP":15548892424.38,"HKSK_MARKET_CAP":5329675000,"PE_TTM":6.439417205364,"PB_TTM":0.769106502309,"REPORT_DATE_SQ":"2023-06-30 00:00:00","REPORT_TYPE_SQ":"2023年中报","OPERATE_INCOME_SQ":4124879965.28,"DPS_HKD":0.60319981,"OPERATE_INCOME_QOQ_SQ":-1.053551092646,"NET_PROFIT_RATIO_SQ":22.5660723537,"HOLDER_PROFIT_SQ":929275101.01,"HOLDER_PROFIT_QOQ_SQ":2.500971489348,"ROE_AVG_SQ":4.407228682338,"PE_TTM_SQ":8.054477671599,"PB_TTM_SQ":0.721447326616,"ROA_SQ":1.353020147663,"START_DATE":"2024-01-01 00:00:00","FISCAL_YEAR":"12-31","CURRENCY":"HKD","IS_CNY_CODE":0,"DPS_HKD_LY":0.60319981,"ORG_TYPE":"一般企业","PREMIUM_INCOME":null,"PREMIUM_INCOME_YOY":null,"NET_INTEREST_INCOME":null,"NET_INTEREST_INCOME_YOY":null,"FEE_COMMISSION_INCOME":null,"FEE_COMMISSION_INCOME_YOY":null,"ACCOUNTS_RECE_TDAYS":3.876022599431,"INVENTORY_TDAYS":1.743649920204,"CURRENT_ASSETS_TDAYS":0.523065613849,"TOTAL_ASSETS_TDAYS":0.056335046178,"PREMIUM_EXPENSE":null,"LOAN_DEPOSIT":null,"LOAN_EQUITY":null,"LOAN_ASSETS":null,"DEPOSIT_EQUITY":null,"DEPOSIT_ASSETS":null,"EQUITY_MULTIPLIER":2.417296231132,"EQUITY_RATIO":1.78158207214},{"SECUCODE":"00548.HK","SECURITY_CODE":"00548","SECURITY_NAME_ABBR":"深圳高速公路股份","ORG_CODE":"10002618","STD_REPORT_DATE":"2024-03-31 00:00:00","REPORT_DATE":"2024-03-31 00:00:00","DATE_TYPE_CODE":"003","REPORT_TYPE":"2024年一季报","PER_NETCASH_OPERATE":0.348788056868,"PER_OI":0.934524691859,"BPS":8.599814800979,"BASIC_EPS":0.195,"DILUTED_EPS":0.195,"OPERATE_INCOME":2037983716.92,"OPERATE_INCOME_YOY":7.0572820028,"GROSS_PROFIT":723983171.2,"GROSS_PROFIT_YOY":-3.938514490683,"HOLDER_PROFIT":470958969.66,"HOLDER_PROFIT_YOY":6.4191620711,"GROSS_PROFIT_RATIO":35.524482614324,"EPS_TTM":1.080171180273,"OPERATE_INCOME_QOQ":1.44530116646,"NET_PROFIT_RATIO":25.1557268836,"ROE_AVG":2.087944182435,"GROSS_PROFIT_QOQ":-0.887147812738,"ROA":0.698101906878,"HOLDER_PROFIT_QOQ":1.220698450864,"ROE_YEARLY":8.351776729741,"ROIC_YEARLY":3.189864956215,"TOTAL_ASSETS":67418095506.62,"TOTAL_LIABILITIES":39006447901.5,"TAX_EBT":19.606075864761,"OCF_SALES":37.32250842659,"TOTAL_PARENT_EQUITY":22754220927.07,"DEBT_ASSET_RATIO":57.8575345512,"OPERATE_PROFIT":922354485.18,"PRETAX_PROFIT":637696969.36,"NETCASH_OPERATE":760626644.48,"NETCASH_INVEST":672220430.43,"NETCASH_FINANCE":-152349823.04,"END_CASH":3235689796.04,"DIVI_RATIO":0.506060281742,"DIVIDEND_RATE":8.460025385694,"CURRENT_RATIO":0.418900501434,"COMMON_ACS":null,"CURRENTDEBT_DEBT":50.425284830546,"ISSUED_COMMON_SHARES":2180770326,"HK_COMMON_SHARES":747500000,"PER_SHARES":2000,"TOTAL_MARKET_CAP":15548892424.38,"HKSK_MARKET_CAP":5329675000,"PE_TTM":6.439417205364,"PB_TTM":0.769106502309,"REPORT_DATE_SQ":"2023-03-31 00:00:00","REPORT_TYPE_SQ":"2023年一季报","OPERATE_INCOME_SQ":1903638574.41,"DPS_HKD":0.60319981,"OPERATE_INCOME_QOQ_SQ":1.396738556735,"NET_PROFIT_RATIO_SQ":24.6110586804,"HOLDER_PROFIT_SQ":442550909.53,"HOLDER_PROFIT_QOQ_SQ":1.462403089633,"ROE_AVG_SQ":2.042734406579,"PE_TTM_SQ":8.054477671599,"PB_TTM_SQ":0.721447326616,"ROA_SQ":0.640745183668,"START_DATE":"2024-01-01 00:00:00","FISCAL_YEAR":"12-31","CURRENCY":"HKD","IS_CNY_CODE":0,"DPS_HKD_LY":0.60319981,"ORG_TYPE":"一般企业","PREMIUM_INCOME":null,"PREMIUM_INCOME_YOY":null,"NET_INTEREST_INCOME":null,"NET_INTEREST_INCOME_YOY":null,"FEE_COMMISSION_INCOME":null,"FEE_COMMISSION_INCOME_YOY":null,"ACCOUNTS_RECE_TDAYS":2.024604929821,"INVENTORY_TDAYS":0.97613157396,"CURRENT_ASSETS_TDAYS":0.2683115223,"TOTAL_ASSETS_TDAYS":0.030209007804,"PREMIUM_EXPENSE":null,"LOAN_DEPOSIT":null,"LOAN_EQUITY":null,"LOAN_ASSETS":null,"DEPOSIT_EQUITY":null,"DEPOSIT_ASSETS":null,"EQUITY_MULTIPLIER":2.372903410729,"EQUITY_RATIO":1.714251084514},{"SECUCODE":"00548.HK","SECURITY_CODE":"00548","SECURITY_NAME_ABBR":"深圳高速公路股份","ORG_CODE":"10002618","STD_REPORT_DATE":"2023-12-31 00:00:00","REPORT_DATE":"2023-12-31 00:00:00","DATE_TYPE_CODE":"001","REPORT_TYPE":"2023年年报","PER_NETCASH_OPERATE":1.877690731138,"PER_OI":4.262394925714,"BPS":8.418125117642,"BASIC_EPS":0.982,"DILUTED_EPS":0.982,"OPERATE_INCOME":9295304371.69,"OPERATE_INCOME_YOY":-0.8245131426,"GROSS_PROFIT":3345920628.31,"GROSS_PROFIT_YOY":10.829275553336,"HOLDER_PROFIT":2327197196.81,"HOLDER_PROFIT_YOY":15.4079443546,"GROSS_PROFIT_RATIO":35.995815677649,"EPS_TTM":1.067144563123,"OPERATE_INCOME_QOQ":2.173711245854,"NET_PROFIT_RATIO":25.6670566514,"ROE_AVG":10.649212630375,"GROSS_PROFIT_QOQ":9.771069665277,"ROA":3.404601398919,"HOLDER_PROFIT_QOQ":51.6309424638,"ROE_YEARLY":10.649212630375,"ROIC_YEARLY":3.902552026178,"TOTAL_ASSETS":67507469090.77,"TOTAL_LIABILITIES":39508787105.65,"TAX_EBT":18.171096087943,"OCF_SALES":44.05248138341,"TOTAL_PARENT_EQUITY":22357997457.11,"DEBT_ASSET_RATIO":58.5250604678,"OPERATE_PROFIT":4155840147.66,"PRETAX_PROFIT":2915633626.92,"NETCASH_OPERATE":4094812227.87,"NETCASH_INVEST":-923609885.57,"NETCASH_FINANCE":-4409043616.77,"END_CASH":1955220227.32,"DIVI_RATIO":0.512237751761,"DIVIDEND_RATE":8.460025385694,"CURRENT_RATIO":0.350630819442,"COMMON_ACS":null,"CURRENTDEBT_DEBT":50.182453403498,"ISSUED_COMMON_SHARES":2180770326,"HK_COMMON_SHARES":747500000,"PER_SHARES":2000,"TOTAL_MARKET_CAP":15548892424.38,"HKSK_MARKET_CAP":5329675000,"PE_TTM":6.439417205364,"PB_TTM":0.769106502309,"REPORT_DATE_SQ":"2022-12-31 00:00:00","REPORT_TYPE_SQ":"2022年年报","OPERATE_INCOME_SQ":9372582546.59,"DPS_HKD":0.60319981,"OPERATE_INCOME_QOQ_SQ":-13.845628457161,"NET_PROFIT_RATIO_SQ":20.8358313449,"HOLDER_PROFIT_SQ":2016496533.08,"HOLDER_PROFIT_QOQ_SQ":-25.232296234216,"ROE_AVG_SQ":8.587706353633,"PE_TTM_SQ":8.054477671599,"PB_TTM_SQ":0.721447326616,"ROA_SQ":3.103051312662,"START_DATE":"2023-01-01 00:00:00","FISCAL_YEAR":"12-31","CURRENCY":"HKD","IS_CNY_CODE":0,"DPS_HKD_LY":0.52219203,"ORG_TYPE":"一般企业","PREMIUM_INCOME":null,"PREMIUM_INCOME_YOY":null,"NET_INTEREST_INCOME":null,"NET_INTEREST_INCOME_YOY":null,"FEE_COMMISSION_INCOME":null,"FEE_COMMISSION_INCOME_YOY":null,"ACCOUNTS_RECE_TDAYS":9.186217550717,"INVENTORY_TDAYS":4.456756044165,"CURRENT_ASSETS_TDAYS":1.144115192517,"TOTAL_ASSETS_TDAYS":0.135986784062,"PREMIUM_EXPENSE":null,"LOAN_DEPOSIT":null,"LOAN_EQUITY":null,"LOAN_ASSETS":null,"DEPOSIT_EQUITY":null,"DEPOSIT_ASSETS":null,"EQUITY_MULTIPLIER":2.411094533902,"EQUITY_RATIO":1.767098649217},{"SECUCODE":"00548.HK","SECURITY_CODE":"00548","SECURITY_NAME_ABBR":"深圳高速公路股份","ORG_CODE":"10002618","STD_REPORT_DATE":"2023-09-30 00:00:00","REPORT_DATE":"2023-09-30 00:00:00","DATE_TYPE_CODE":"004","REPORT_TYPE":"2023年三季报","PER_NETCASH_OPERATE":1.372320146831,"PER_OI":2.921576914377,"BPS":7.987716063801,"BASIC_EPS":0.642,"DILUTED_EPS":0.642,"OPERATE_INCOME":6371288240,"OPERATE_INCOME_YOY":-4.1381185962,"GROSS_PROFIT":2584157624.72,"GROSS_PROFIT_YOY":1.139051322323,"HOLDER_PROFIT":1538899495.84,"HOLDER_PROFIT_YOY":-23.7502215382,"GROSS_PROFIT_RATIO":40.559421068038,"EPS_TTM":0.703777570582,"OPERATE_INCOME_QOQ":-3.252227624916,"NET_PROFIT_RATIO":24.4625717919,"ROE_AVG":7.196526331673,"GROSS_PROFIT_QOQ":-0.724868752899,"ROA":2.253790886544,"HOLDER_PROFIT_QOQ":-26.729608935526,"ROE_YEARLY":9.595368442231,"ROIC_YEARLY":2.615213832843,"TOTAL_ASSETS":67359514836.14,"TOTAL_LIABILITIES":40129397053.23,"TAX_EBT":21.553098136875,"OCF_SALES":46.971898637253,"TOTAL_PARENT_EQUITY":21419374164.45,"DEBT_ASSET_RATIO":59.5749496576,"OPERATE_PROFIT":2942137250.92,"PRETAX_PROFIT":1986797340.32,"NETCASH_OPERATE":2992715053.98,"NETCASH_INVEST":62751299.49,"NETCASH_FINANCE":-3276066981.44,"END_CASH":2981218513.36,"DIVI_RATIO":0.776710930651,"DIVIDEND_RATE":8.436360979021,"CURRENT_RATIO":0.391719717904,"COMMON_ACS":null,"CURRENTDEBT_DEBT":52.223391505662,"ISSUED_COMMON_SHARES":2180770326,"HK_COMMON_SHARES":747500000,"PER_SHARES":2000,"TOTAL_MARKET_CAP":15592507830.9,"HKSK_MARKET_CAP":5344625000,"PE_TTM":6.457480086725,"PB_TTM":0.771263883802,"REPORT_DATE_SQ":"2022-09-30 00:00:00","REPORT_TYPE_SQ":"2022年三季报","OPERATE_INCOME_SQ":6646320880.31,"DPS_HKD":0.60319981,"OPERATE_INCOME_QOQ_SQ":1.227917967648,"NET_PROFIT_RATIO_SQ":31.0668898399,"HOLDER_PROFIT_SQ":2018234710.82,"HOLDER_PROFIT_QOQ_SQ":19.92817766486,"ROE_AVG_SQ":8.44751286338,"PE_TTM_SQ":8.336640902132,"PB_TTM_SQ":0.746720959078,"ROA_SQ":3.083290912946,"START_DATE":"2023-01-01 00:00:00","FISCAL_YEAR":"12-31","CURRENCY":"HKD","IS_CNY_CODE":0,"DPS_HKD_LY":0.52219203,"ORG_TYPE":"一般企业","PREMIUM_INCOME":null,"PREMIUM_INCOME_YOY":null,"NET_INTEREST_INCOME":null,"NET_INTEREST_INCOME_YOY":null,"FEE_COMMISSION_INCOME":null,"FEE_COMMISSION_INCOME_YOY":null,"ACCOUNTS_RECE_TDAYS":6.276145902951,"INVENTORY_TDAYS":2.83407851653,"CURRENT_ASSETS_TDAYS":0.727882484135,"TOTAL_ASSETS_TDAYS":0.09331052099,"PREMIUM_EXPENSE":null,"LOAN_DEPOSIT":null,"LOAN_EQUITY":null,"LOAN_ASSETS":null,"DEPOSIT_EQUITY":null,"DEPOSIT_ASSETS":null,"EQUITY_MULTIPLIER":2.473713678845,"EQUITY_RATIO":1.873509316618},{"SECUCODE":"00548.HK","SECURITY_CODE":"00548","SECURITY_NAME_ABBR":"深圳高速公路股份","ORG_CODE":"10002618","STD_REPORT_DATE":"2023-06-30 00:00:00","REPORT_DATE":"2023-06-30 00:00:00","DATE_TYPE_CODE":"002","REPORT_TYPE":"2023年中报","PER_NETCASH_OPERATE":0.872788740468,"PER_OI":1.891478399216,"BPS":7.713801122219,"BASIC_EPS":0.384,"DILUTED_EPS":0.384,"OPERATE_INCOME":4124879965.28,"OPERATE_INCOME_YOY":0.751969112,"GROSS_PROFIT":1644265922.22,"GROSS_PROFIT_YOY":3.22425410173,"HOLDER_PROFIT":929275101.01,"HOLDER_PROFIT_YOY":9.4924430428,"GROSS_PROFIT_RATIO":39.862152015577,"EPS_TTM":0.960521105944,"OPERATE_INCOME_QOQ":-1.053551092646,"NET_PROFIT_RATIO":22.5660723537,"ROE_AVG":4.407228682338,"GROSS_PROFIT_QOQ":-1.439781584391,"ROA":1.353020147663,"HOLDER_PROFIT_QOQ":2.500971489348,"ROE_YEARLY":8.814457364676,"ROIC_YEARLY":3.160084895654,"TOTAL_ASSETS":68161615739.87,"TOTAL_LIABILITIES":41425911153.48,"TAX_EBT":22.500387219272,"OCF_SALES":46.143204216872,"TOTAL_PARENT_EQUITY":20822028588,"DEBT_ASSET_RATIO":60.776011108,"OPERATE_PROFIT":1865557793.12,"PRETAX_PROFIT":1201068449.34,"NETCASH_OPERATE":1903351786.08,"NETCASH_INVEST":461869063.18,"NETCASH_FINANCE":-2005187074.32,"END_CASH":3562940475.29,"DIVI_RATIO":0.569099136329,"DIVIDEND_RATE":8.460025385694,"CURRENT_RATIO":0.375163521773,"COMMON_ACS":null,"CURRENTDEBT_DEBT":56.382168800596,"ISSUED_COMMON_SHARES":2180770326,"HK_COMMON_SHARES":747500000,"PER_SHARES":2000,"TOTAL_MARKET_CAP":15548892424.38,"HKSK_MARKET_CAP":5329675000,"PE_TTM":6.439417205364,"PB_TTM":0.769106502309,"REPORT_DATE_SQ":"2022-06-30 00:00:00","REPORT_TYPE_SQ":"2022年中报","OPERATE_INCOME_SQ":4094093645.65,"DPS_HKD":0.60319981,"OPERATE_INCOME_QOQ_SQ":0.60120825944,"NET_PROFIT_RATIO_SQ":21.4906726246,"HOLDER_PROFIT_SQ":848711632.68,"HOLDER_PROFIT_QOQ_SQ":-9.222732012019,"ROE_AVG_SQ":3.53153213737,"PE_TTM_SQ":8.054477671599,"PB_TTM_SQ":0.721447326616,"ROA_SQ":1.277755550075,"START_DATE":"2023-01-01 00:00:00","FISCAL_YEAR":"12-31","CURRENCY":"HKD","IS_CNY_CODE":0,"DPS_HKD_LY":0.52219203,"ORG_TYPE":"一般企业","PREMIUM_INCOME":null,"PREMIUM_INCOME_YOY":null,"NET_INTEREST_INCOME":null,"NET_INTEREST_INCOME_YOY":null,"FEE_COMMISSION_INCOME":null,"FEE_COMMISSION_INCOME_YOY":null,"ACCOUNTS_RECE_TDAYS":4.123937290682,"INVENTORY_TDAYS":1.858971483342,"CURRENT_ASSETS_TDAYS":0.456803635497,"TOTAL_ASSETS_TDAYS":0.060058057013,"PREMIUM_EXPENSE":null,"LOAN_DEPOSIT":null,"LOAN_EQUITY":null,"LOAN_ASSETS":null,"DEPOSIT_EQUITY":null,"DEPOSIT_ASSETS":null,"EQUITY_MULTIPLIER":2.549460236575,"EQUITY_RATIO":1.989523305974},{"SECUCODE":"00548.HK","SECURITY_CODE":"00548","SECURITY_NAME_ABBR":"深圳高速公路股份","ORG_CODE":"10002618","STD_REPORT_DATE":"2023-03-31 00:00:00","REPORT_DATE":"2023-03-31 00:00:00","DATE_TYPE_CODE":"003","REPORT_TYPE":"2023年一季报","PER_NETCASH_OPERATE":0.464882550021,"PER_OI":0.872920248278,"BPS":8.245159035179,"BASIC_EPS":0.182,"DILUTED_EPS":0.182,"OPERATE_INCOME":1903638574.41,"OPERATE_INCOME_YOY":7.3846899687,"GROSS_PROFIT":753666432.87,"GROSS_PROFIT_YOY":14.633913005169,"HOLDER_PROFIT":442550909.53,"HOLDER_PROFIT_YOY":7.1301609121,"GROSS_PROFIT_RATIO":39.590836359448,"EPS_TTM":0.937084880258,"OPERATE_INCOME_QOQ":1.396738556735,"NET_PROFIT_RATIO":24.6110586804,"ROE_AVG":2.042734406579,"GROSS_PROFIT_QOQ":3.186877607223,"ROA":0.640745183668,"HOLDER_PROFIT_QOQ":1.462403089633,"ROE_YEARLY":8.170937626315,"ROIC_YEARLY":2.987126086448,"TOTAL_ASSETS":68934852011.45,"TOTAL_LIABILITIES":40922345089.61,"TAX_EBT":20.694664158485,"OCF_SALES":53.256016335675,"TOTAL_PARENT_EQUITY":21980798157.07,"DEBT_ASSET_RATIO":59.3637962446,"OPERATE_PROFIT":850696135.3,"PRETAX_PROFIT":590761771.12,"NETCASH_OPERATE":1013802070.16,"NETCASH_INVEST":-297860123.8,"NETCASH_FINANCE":-369176092.63,"END_CASH":3538404110.36,"DIVI_RATIO":0.583332143474,"DIVIDEND_RATE":8.460025385694,"CURRENT_RATIO":0.409625254061,"COMMON_ACS":null,"CURRENTDEBT_DEBT":54.94265491825,"ISSUED_COMMON_SHARES":2180770326,"HK_COMMON_SHARES":747500000,"PER_SHARES":2000,"TOTAL_MARKET_CAP":15548892424.38,"HKSK_MARKET_CAP":5329675000,"PE_TTM":6.439417205364,"PB_TTM":0.769106502309,"REPORT_DATE_SQ":"2022-03-31 00:00:00","REPORT_TYPE_SQ":"2022年一季报","OPERATE_INCOME_SQ":1772728100.22,"DPS_HKD":0.60319981,"OPERATE_INCOME_QOQ_SQ":-1.741066538468,"NET_PROFIT_RATIO_SQ":24.7347651039,"HOLDER_PROFIT_SQ":413096466.73,"HOLDER_PROFIT_QOQ_SQ":-5.058855027687,"ROE_AVG_SQ":1.669665779408,"PE_TTM_SQ":8.054477671599,"PB_TTM_SQ":0.721447326616,"ROA_SQ":0.624254229267,"START_DATE":"2023-01-01 00:00:00","FISCAL_YEAR":"12-31","CURRENCY":"HKD","IS_CNY_CODE":0,"DPS_HKD_LY":0.52219203,"ORG_TYPE":"一般企业","PREMIUM_INCOME":null,"PREMIUM_INCOME_YOY":null,"NET_INTEREST_INCOME":null,"NET_INTEREST_INCOME_YOY":null,"FEE_COMMISSION_INCOME":null,"FEE_COMMISSION_INCOME_YOY":null,"ACCOUNTS_RECE_TDAYS":1.977484317417,"INVENTORY_TDAYS":0.848417316274,"CURRENT_ASSETS_TDAYS":0.205720222465,"TOTAL_ASSETS_TDAYS":0.027561738587,"PREMIUM_EXPENSE":null,"LOAN_DEPOSIT":null,"LOAN_EQUITY":null,"LOAN_ASSETS":null,"DEPOSIT_EQUITY":null,"DEPOSIT_ASSETS":null,"EQUITY_MULTIPLIER":2.46085979394,"EQUITY_RATIO":1.861731534824},{"SECUCODE":"00548.HK","SECURITY_CODE":"00548","SECURITY_NAME_ABBR":"深圳高速公路股份","ORG_CODE":"10002618","STD_REPORT_DATE":"2022-12-31 00:00:00","REPORT_DATE":"2022-12-31 00:00:00","DATE_TYPE_CODE":"001","REPORT_TYPE":"2022年年报","PER_NETCASH_OPERATE":1.545091691233,"PER_OI":4.297831108048,"BPS":7.954202013514,"BASIC_EPS":0.839,"DILUTED_EPS":0.839,"OPERATE_INCOME":9372582546.59,"OPERATE_INCOME_YOY":-13.930729975,"GROSS_PROFIT":3018986284.63,"GROSS_PROFIT_YOY":-20.224517178392,"HOLDER_PROFIT":2016496533.08,"HOLDER_PROFIT_YOY":-22.9230581646,"GROSS_PROFIT_RATIO":32.210826307722,"EPS_TTM":0.923578440607,"OPERATE_INCOME_QOQ":-13.845628457161,"NET_PROFIT_RATIO":20.8358313449,"ROE_AVG":8.587706353633,"GROSS_PROFIT_QOQ":-15.983929221989,"ROA":3.103051312662,"HOLDER_PROFIT_QOQ":-25.232296234216,"ROE_YEARLY":8.587706353633,"ROIC_YEARLY":3.570016874183,"TOTAL_ASSETS":69204698015.5,"TOTAL_LIABILITIES":41840560313.98,"TAX_EBT":21.304736167727,"OCF_SALES":35.950498109146,"TOTAL_PARENT_EQUITY":21348467566.83,"DEBT_ASSET_RATIO":60.4619545853,"OPERATE_PROFIT":3871196465.42,"PRETAX_PROFIT":2484525047.12,"NETCASH_OPERATE":3369490111.19,"NETCASH_INVEST":-3439059728.87,"NETCASH_FINANCE":-2337202462.95,"END_CASH":3197002667.41,"DIVI_RATIO":0.591862810763,"DIVIDEND_RATE":8.460025385694,"CURRENT_RATIO":0.399990589497,"COMMON_ACS":null,"CURRENTDEBT_DEBT":55.552197245465,"ISSUED_COMMON_SHARES":2180770326,"HK_COMMON_SHARES":747500000,"PER_SHARES":2000,"TOTAL_MARKET_CAP":15548892424.38,"HKSK_MARKET_CAP":5329675000,"PE_TTM":6.439417205364,"PB_TTM":0.769106502309,"REPORT_DATE_SQ":"2021-12-31 00:00:00","REPORT_TYPE_SQ":"2021年年报","OPERATE_INCOME_SQ":10889580617.88,"DPS_HKD":0.60319981,"OPERATE_INCOME_QOQ_SQ":-2.29921079097,"NET_PROFIT_RATIO_SQ":24.8929776864,"HOLDER_PROFIT_SQ":2613119318.24,"HOLDER_PROFIT_QOQ_SQ":-21.602122414813,"ROE_AVG_SQ":10.931839331334,"PE_TTM_SQ":8.054477671599,"PB_TTM_SQ":0.721447326616,"ROA_SQ":4.502918971978,"START_DATE":"2022-01-01 00:00:00","FISCAL_YEAR":"12-31","CURRENCY":"HKD","IS_CNY_CODE":0,"DPS_HKD_LY":0.72646488,"ORG_TYPE":"一般企业","PREMIUM_INCOME":null,"PREMIUM_INCOME_YOY":null,"NET_INTEREST_INCOME":null,"NET_INTEREST_INCOME_YOY":null,"FEE_COMMISSION_INCOME":null,"FEE_COMMISSION_INCOME_YOY":null,"ACCOUNTS_RECE_TDAYS":8.772684323338,"INVENTORY_TDAYS":4.789593320729,"CURRENT_ASSETS_TDAYS":1.029334474153,"TOTAL_ASSETS_TDAYS":0.144399109757,"PREMIUM_EXPENSE":null,"LOAN_DEPOSIT":null,"LOAN_EQUITY":null,"LOAN_ASSETS":null,"DEPOSIT_EQUITY":null,"DEPOSIT_ASSETS":null,"EQUITY_MULTIPLIER":2.529209498121,"EQUITY_RATIO":1.959885887968},{"SECUCODE":"00548.HK","SECURITY_CODE":"00548","SECURITY_NAME_ABBR":"深圳高速公路股份","ORG_CODE":"10002618","STD_REPORT_DATE":"2022-09-30 00:00:00","REPORT_DATE":"2022-09-30 00:00:00","DATE_TYPE_CODE":"004","REPORT_TYPE":"2022年三季报","PER_NETCASH_OPERATE":1.186422356038,"PER_OI":3.047694111145,"BPS":8.297528341708,"BASIC_EPS":0.861,"DILUTED_EPS":0.861,"OPERATE_INCOME":6646320880.31,"OPERATE_INCOME_YOY":0.1039263156,"GROSS_PROFIT":2555054245.55,"GROSS_PROFIT_YOY":-7.196540902161,"HOLDER_PROFIT":2018234710.82,"HOLDER_PROFIT_YOY":4.548526756,"GROSS_PROFIT_RATIO":38.443137061279,"EPS_TTM":1.235263882786,"OPERATE_INCOME_QOQ":1.227917967648,"NET_PROFIT_RATIO":31.0668898399,"ROE_AVG":8.44751286338,"GROSS_PROFIT_QOQ":1.096075093504,"ROA":3.083290912946,"HOLDER_PROFIT_QOQ":19.92817766486,"ROE_YEARLY":11.263350484507,"ROIC_YEARLY":3.566142558958,"TOTAL_ASSETS":69951946780.95,"TOTAL_LIABILITIES":42473497058.48,"TAX_EBT":18.30461157258,"OCF_SALES":38.928524739379,"TOTAL_PARENT_EQUITY":22095003586.74,"DEBT_ASSET_RATIO":60.7181058041,"OPERATE_PROFIT":3654142916.99,"PRETAX_PROFIT":2531380258.7,"NETCASH_OPERATE":2587314668.15,"NETCASH_INVEST":-2554941491.53,"NETCASH_FINANCE":-1106442440.92,"END_CASH":4481323832.32,"DIVI_RATIO":0.442522233051,"DIVIDEND_RATE":8.436360979021,"CURRENT_RATIO":0.496869432086,"COMMON_ACS":null,"CURRENTDEBT_DEBT":46.880865023321,"ISSUED_COMMON_SHARES":2180770326,"HK_COMMON_SHARES":747500000,"PER_SHARES":2000,"TOTAL_MARKET_CAP":15592507830.9,"HKSK_MARKET_CAP":5344625000,"PE_TTM":6.457480086725,"PB_TTM":0.771263883802,"REPORT_DATE_SQ":"2021-09-30 00:00:00","REPORT_TYPE_SQ":"2021年三季报","OPERATE_INCOME_SQ":6639420774.92,"DPS_HKD":0.60319981,"OPERATE_INCOME_QOQ_SQ":5.965564798571,"NET_PROFIT_RATIO_SQ":30.5946747079,"HOLDER_PROFIT_SQ":1925284133.25,"HOLDER_PROFIT_QOQ_SQ":3.204377183488,"ROE_AVG_SQ":8.20662571914,"PE_TTM_SQ":8.336640902132,"PB_TTM_SQ":0.746720959078,"ROA_SQ":3.409522220883,"START_DATE":"2022-01-01 00:00:00","FISCAL_YEAR":"12-31","CURRENCY":"HKD","IS_CNY_CODE":0,"DPS_HKD_LY":0.72646488,"ORG_TYPE":"一般企业","PREMIUM_INCOME":null,"PREMIUM_INCOME_YOY":null,"NET_INTEREST_INCOME":null,"NET_INTEREST_INCOME_YOY":null,"FEE_COMMISSION_INCOME":null,"FEE_COMMISSION_INCOME_YOY":null,"ACCOUNTS_RECE_TDAYS":6.057784462484,"INVENTORY_TDAYS":2.896236368615,"CURRENT_ASSETS_TDAYS":0.706774564452,"TOTAL_ASSETS_TDAYS":0.101808270275,"PREMIUM_EXPENSE":null,"LOAN_DEPOSIT":null,"LOAN_EQUITY":null,"LOAN_ASSETS":null,"DEPOSIT_EQUITY":null,"DEPOSIT_ASSETS":null,"EQUITY_MULTIPLIER":2.545702086088,"EQUITY_RATIO":1.922312295254}],"count":79},"success":true,"message":"ok","code":0}