{"version":"9b955cc009794891c008d88c85ff408b","result":{"pages":5,"data":[{"SECUCODE":"00546.HK","SECURITY_CODE":"00546","SECURITY_NAME_ABBR":"阜丰集团","ORG_CODE":"10087862","STD_REPORT_DATE":"2024-06-30 00:00:00","REPORT_DATE":"2024-06-30 00:00:00","DATE_TYPE_CODE":"002","REPORT_TYPE":"2024年中报","PER_NETCASH_OPERATE":1.176280225764,"PER_OI":5.303722043724,"BPS":6.999358801996,"BASIC_EPS":0.4131,"DILUTED_EPS":0.413,"OPERATE_INCOME":13368021000,"OPERATE_INCOME_YOY":-1.56163879,"GROSS_PROFIT":2298061000,"GROSS_PROFIT_YOY":-22.277729677079,"HOLDER_PROFIT":1041259000,"HOLDER_PROFIT_YOY":-32.2936282109,"GROSS_PROFIT_RATIO":17.190734514855,"EPS_TTM":1.05037931438,"OPERATE_INCOME_QOQ":-0.757214076901,"NET_PROFIT_RATIO":7.7891783683,"ROE_AVG":5.972378397333,"GROSS_PROFIT_QOQ":-10.543595440332,"ROA":3.086948500479,"HOLDER_PROFIT_QOQ":-15.795973695694,"ROE_YEARLY":11.944756794665,"ROIC_YEARLY":8.204081914046,"TOTAL_ASSETS":34901139000,"TOTAL_LIABILITIES":17356196000,"TAX_EBT":15.199394734549,"OCF_SALES":22.178391251779,"TOTAL_PARENT_EQUITY":17544943000,"DEBT_ASSET_RATIO":49.7295976501,"OPERATE_PROFIT":1111403000,"PRETAX_PROFIT":1227891000,"NETCASH_OPERATE":2964812000,"NETCASH_INVEST":-650275000,"NETCASH_FINANCE":631844000,"END_CASH":9837999000,"DIVI_RATIO":0.129536252416,"DIVIDEND_RATE":2.669039145907,"CURRENT_RATIO":1.370073843565,"COMMON_ACS":10000000000,"CURRENTDEBT_DEBT":90.945734883381,"ISSUED_COMMON_SHARES":2506650037,"HK_COMMON_SHARES":2506650037,"PER_SHARES":1000,"TOTAL_MARKET_CAP":14087373207.94,"HKSK_MARKET_CAP":14087373207.94,"PE_TTM":4.787830890671,"PB_TTM":0.732818783134,"REPORT_DATE_SQ":"2023-06-30 00:00:00","REPORT_TYPE_SQ":"2023年中报","OPERATE_INCOME_SQ":13580093000,"DPS_HKD":0.15,"OPERATE_INCOME_QOQ_SQ":2.363255801104,"NET_PROFIT_RATIO_SQ":11.3246941681,"HOLDER_PROFIT_SQ":1537904000,"HOLDER_PROFIT_QOQ_SQ":-12.641599056015,"ROE_AVG_SQ":9.675996522338,"PE_TTM_SQ":3.172903125458,"PB_TTM_SQ":0.650151165156,"ROA_SQ":5.773268974509,"START_DATE":"2024-01-01 00:00:00","FISCAL_YEAR":"12-31","CURRENCY":"HKD","IS_CNY_CODE":0,"DPS_HKD_LY":0.15,"ORG_TYPE":"一般企业","PREMIUM_INCOME":null,"PREMIUM_INCOME_YOY":null,"NET_INTEREST_INCOME":null,"NET_INTEREST_INCOME_YOY":null,"FEE_COMMISSION_INCOME":null,"FEE_COMMISSION_INCOME_YOY":null,"ACCOUNTS_RECE_TDAYS":4.499020636633,"INVENTORY_TDAYS":2.027042715273,"CURRENT_ASSETS_TDAYS":0.646712026258,"TOTAL_ASSETS_TDAYS":0.396312467698,"PREMIUM_EXPENSE":null,"LOAN_DEPOSIT":null,"LOAN_EQUITY":null,"LOAN_ASSETS":null,"DEPOSIT_EQUITY":null,"DEPOSIT_ASSETS":null,"EQUITY_MULTIPLIER":1.989242085312,"EQUITY_RATIO":0.989242085312},{"SECUCODE":"00546.HK","SECURITY_CODE":"00546","SECURITY_NAME_ABBR":"阜丰集团","ORG_CODE":"10087862","STD_REPORT_DATE":"2023-12-31 00:00:00","REPORT_DATE":"2023-12-31 00:00:00","DATE_TYPE_CODE":"001","REPORT_TYPE":"2023年年报","PER_NETCASH_OPERATE":0.672140496226,"PER_OI":11.041591188237,"BPS":6.911301435893,"BASIC_EPS":1.2402,"DILUTED_EPS":1.2399,"OPERATE_INCOME":28006875000,"OPERATE_INCOME_YOY":1.9371901483,"GROSS_PROFIT":6247385000,"GROSS_PROFIT_YOY":-13.38074753063,"HOLDER_PROFIT":3144124000,"HOLDER_PROFIT_YOY":-18.5687520428,"GROSS_PROFIT_RATIO":22.306612215751,"EPS_TTM":1.239557496262,"OPERATE_INCOME_QOQ":-0.416229094542,"NET_PROFIT_RATIO":11.2262578385,"ROE_AVG":19.161067222039,"GROSS_PROFIT_QOQ":-5.178970304345,"ROA":10.667175848159,"HOLDER_PROFIT_QOQ":-6.784868911015,"ROE_YEARLY":19.161067222039,"ROIC_YEARLY":13.947471652461,"TOTAL_ASSETS":32560887000,"TOTAL_LIABILITIES":15236673000,"TAX_EBT":18.339638126924,"OCF_SALES":6.087351766307,"TOTAL_PARENT_EQUITY":17324214000,"DEBT_ASSET_RATIO":46.7944039731,"OPERATE_PROFIT":3699473000,"PRETAX_PROFIT":3850245000,"NETCASH_OPERATE":1704877000,"NETCASH_INVEST":-1513871000,"NETCASH_FINANCE":-436594000,"END_CASH":6856177000,"DIVI_RATIO":0.109766751773,"DIVIDEND_RATE":2.732240437158,"CURRENT_RATIO":1.403765087692,"COMMON_ACS":10000000000,"CURRENTDEBT_DEBT":92.176028191981,"ISSUED_COMMON_SHARES":2506650037,"HK_COMMON_SHARES":2506650037,"PER_SHARES":1000,"TOTAL_MARKET_CAP":13761508703.13,"HKSK_MARKET_CAP":13761508703.13,"PE_TTM":4.677080354054,"PB_TTM":0.715867458969,"REPORT_DATE_SQ":"2022-12-31 00:00:00","REPORT_TYPE_SQ":"2022年年报","OPERATE_INCOME_SQ":27474639000,"DPS_HKD":0.15,"OPERATE_INCOME_QOQ_SQ":10.1184581562,"NET_PROFIT_RATIO_SQ":14.0532437933,"HOLDER_PROFIT_SQ":3861078000,"HOLDER_PROFIT_QOQ_SQ":42.181553448468,"ROE_AVG_SQ":27.411353466628,"PE_TTM_SQ":3.060835906899,"PB_TTM_SQ":0.627187768594,"ROA_SQ":16.121603117198,"START_DATE":"2023-01-01 00:00:00","FISCAL_YEAR":"12-31","CURRENCY":"HKD","IS_CNY_CODE":0,"DPS_HKD_LY":0.271,"ORG_TYPE":"一般企业","PREMIUM_INCOME":null,"PREMIUM_INCOME_YOY":null,"NET_INTEREST_INCOME":null,"NET_INTEREST_INCOME_YOY":null,"FEE_COMMISSION_INCOME":null,"FEE_COMMISSION_INCOME_YOY":null,"ACCOUNTS_RECE_TDAYS":11.029763599609,"INVENTORY_TDAYS":3.635795681873,"CURRENT_ASSETS_TDAYS":1.574848278124,"TOTAL_ASSETS_TDAYS":0.95019872175,"PREMIUM_EXPENSE":null,"LOAN_DEPOSIT":null,"LOAN_EQUITY":null,"LOAN_ASSETS":null,"DEPOSIT_EQUITY":null,"DEPOSIT_ASSETS":null,"EQUITY_MULTIPLIER":1.879501546218,"EQUITY_RATIO":0.879501546217},{"SECUCODE":"00546.HK","SECURITY_CODE":"00546","SECURITY_NAME_ABBR":"阜丰集团","ORG_CODE":"10087862","STD_REPORT_DATE":"2023-06-30 00:00:00","REPORT_DATE":"2023-06-30 00:00:00","DATE_TYPE_CODE":"002","REPORT_TYPE":"2023年中报","PER_NETCASH_OPERATE":0.525231868971,"PER_OI":5.355054992199,"BPS":6.500468258226,"BASIC_EPS":0.607,"DILUTED_EPS":0.6068,"OPERATE_INCOME":13580093000,"OPERATE_INCOME_YOY":5.0213146181,"GROSS_PROFIT":2956760000,"GROSS_PROFIT_YOY":-17.423239550692,"HOLDER_PROFIT":1537904000,"HOLDER_PROFIT_YOY":-24.091833884,"GROSS_PROFIT_RATIO":21.772752219002,"EPS_TTM":1.330069828489,"OPERATE_INCOME_QOQ":2.363255801104,"NET_PROFIT_RATIO":11.3246941681,"ROE_AVG":9.675996522338,"GROSS_PROFIT_QOQ":-8.649744948573,"ROA":5.773268974509,"HOLDER_PROFIT_QOQ":-12.641599056015,"ROE_YEARLY":19.351993044676,"ROIC_YEARLY":15.625553418395,"TOTAL_ASSETS":26888090000,"TOTAL_LIABILITIES":10593691000,"TAX_EBT":12.48662748615,"OCF_SALES":9.808150798378,"TOTAL_PARENT_EQUITY":16294399000,"DEBT_ASSET_RATIO":39.3991949596,"OPERATE_PROFIT":1731961000,"PRETAX_PROFIT":1757336000,"NETCASH_OPERATE":1331956000,"NETCASH_INVEST":-621316000,"NETCASH_FINANCE":-819106000,"END_CASH":6899650000,"DIVI_RATIO":0.102297035152,"DIVIDEND_RATE":2.732240437158,"CURRENT_RATIO":1.789812454967,"COMMON_ACS":10000000000,"CURRENTDEBT_DEBT":83.072018996967,"ISSUED_COMMON_SHARES":2506650037,"HK_COMMON_SHARES":2506650037,"PER_SHARES":1000,"TOTAL_MARKET_CAP":13761508703.13,"HKSK_MARKET_CAP":13761508703.13,"PE_TTM":4.677080354054,"PB_TTM":0.715867458969,"REPORT_DATE_SQ":"2022-06-30 00:00:00","REPORT_TYPE_SQ":"2022年中报","OPERATE_INCOME_SQ":12930797000,"DPS_HKD":0.15,"OPERATE_INCOME_QOQ_SQ":15.832219931428,"NET_PROFIT_RATIO_SQ":15.6680674826,"HOLDER_PROFIT_SQ":2026006000,"HOLDER_PROFIT_QOQ_SQ":112.049990629685,"ROE_AVG_SQ":14.929521959007,"PE_TTM_SQ":3.060835906899,"PB_TTM_SQ":0.627187768594,"ROA_SQ":8.374182323555,"START_DATE":"2023-01-01 00:00:00","FISCAL_YEAR":"12-31","CURRENCY":"HKD","IS_CNY_CODE":0,"DPS_HKD_LY":0.271,"ORG_TYPE":"一般企业","PREMIUM_INCOME":null,"PREMIUM_INCOME_YOY":null,"NET_INTEREST_INCOME":null,"NET_INTEREST_INCOME_YOY":null,"FEE_COMMISSION_INCOME":null,"FEE_COMMISSION_INCOME_YOY":null,"ACCOUNTS_RECE_TDAYS":5.588768627386,"INVENTORY_TDAYS":1.820453368303,"CURRENT_ASSETS_TDAYS":0.859404315383,"TOTAL_ASSETS_TDAYS":0.509794691917,"PREMIUM_EXPENSE":null,"LOAN_DEPOSIT":null,"LOAN_EQUITY":null,"LOAN_ASSETS":null,"DEPOSIT_EQUITY":null,"DEPOSIT_ASSETS":null,"EQUITY_MULTIPLIER":1.650143095184,"EQUITY_RATIO":0.650143095183},{"SECUCODE":"00546.HK","SECURITY_CODE":"00546","SECURITY_NAME_ABBR":"阜丰集团","ORG_CODE":"10087862","STD_REPORT_DATE":"2022-12-31 00:00:00","REPORT_DATE":"2022-12-31 00:00:00","DATE_TYPE_CODE":"001","REPORT_TYPE":"2022年年报","PER_NETCASH_OPERATE":1.419632707046,"PER_OI":10.834108627667,"BPS":6.181008027169,"BASIC_EPS":1.5234,"DILUTED_EPS":1.523,"OPERATE_INCOME":27474639000,"OPERATE_INCOME_YOY":27.5526546366,"GROSS_PROFIT":7212467000,"GROSS_PROFIT_YOY":84.685205347842,"HOLDER_PROFIT":3861078000,"HOLDER_PROFIT_YOY":201.4959707646,"GROSS_PROFIT_RATIO":26.251362210801,"EPS_TTM":1.522543698277,"OPERATE_INCOME_QOQ":10.1184581562,"NET_PROFIT_RATIO":14.0532437933,"ROE_AVG":27.411353466628,"GROSS_PROFIT_QOQ":26.093425122191,"ROA":16.121603117198,"HOLDER_PROFIT_QOQ":42.181553448468,"ROE_YEARLY":27.411353466628,"ROIC_YEARLY":20.963345345705,"TOTAL_ASSETS":26388624000,"TOTAL_LIABILITIES":10895000000,"TAX_EBT":20.559001495584,"OCF_SALES":13.103364160672,"TOTAL_PARENT_EQUITY":15493624000,"DEBT_ASSET_RATIO":41.2867302213,"OPERATE_PROFIT":5250746000,"PRETAX_PROFIT":4860309000,"NETCASH_OPERATE":3600102000,"NETCASH_INVEST":-647640000,"NETCASH_FINANCE":92410000,"END_CASH":7008116000,"DIVI_RATIO":0.089365054122,"DIVIDEND_RATE":2.732240437158,"CURRENT_RATIO":1.68858728621,"COMMON_ACS":10000000000,"CURRENTDEBT_DEBT":86.167921064709,"ISSUED_COMMON_SHARES":2506650037,"HK_COMMON_SHARES":2506650037,"PER_SHARES":1000,"TOTAL_MARKET_CAP":13761508703.13,"HKSK_MARKET_CAP":13761508703.13,"PE_TTM":4.677080354054,"PB_TTM":0.715867458969,"REPORT_DATE_SQ":"2021-12-31 00:00:00","REPORT_TYPE_SQ":"2021年年报","OPERATE_INCOME_SQ":21539841000,"DPS_HKD":0.15,"OPERATE_INCOME_QOQ_SQ":19.382793054774,"NET_PROFIT_RATIO_SQ":5.9454477867,"HOLDER_PROFIT_SQ":1280640000,"HOLDER_PROFIT_QOQ_SQ":52.158983705739,"ROE_AVG_SQ":10.511196216547,"PE_TTM_SQ":3.060835906899,"PB_TTM_SQ":0.627187768594,"ROA_SQ":6.267431912873,"START_DATE":"2022-01-01 00:00:00","FISCAL_YEAR":"12-31","CURRENCY":"HKD","IS_CNY_CODE":0,"DPS_HKD_LY":0.163,"ORG_TYPE":"一般企业","PREMIUM_INCOME":null,"PREMIUM_INCOME_YOY":null,"NET_INTEREST_INCOME":null,"NET_INTEREST_INCOME_YOY":null,"FEE_COMMISSION_INCOME":null,"FEE_COMMISSION_INCOME_YOY":null,"ACCOUNTS_RECE_TDAYS":11.168472988505,"INVENTORY_TDAYS":3.88188792413,"CURRENT_ASSETS_TDAYS":2.03111824934,"TOTAL_ASSETS_TDAYS":1.147180206529,"PREMIUM_EXPENSE":null,"LOAN_DEPOSIT":null,"LOAN_EQUITY":null,"LOAN_ASSETS":null,"DEPOSIT_EQUITY":null,"DEPOSIT_ASSETS":null,"EQUITY_MULTIPLIER":1.703192487438,"EQUITY_RATIO":0.703192487439},{"SECUCODE":"00546.HK","SECURITY_CODE":"00546","SECURITY_NAME_ABBR":"阜丰集团","ORG_CODE":"10087862","STD_REPORT_DATE":"2022-06-30 00:00:00","REPORT_DATE":"2022-06-30 00:00:00","DATE_TYPE_CODE":"002","REPORT_TYPE":"2022年中报","PER_NETCASH_OPERATE":0.453781293708,"PER_OI":5.10364610395,"BPS":5.769924714864,"BASIC_EPS":0.7996,"DILUTED_EPS":0.7996,"OPERATE_INCOME":12930797000,"OPERATE_INCOME_YOY":35.8196816532,"GROSS_PROFIT":3580620000,"GROSS_PROFIT_YOY":102.75805130023,"HOLDER_PROFIT":2026006000,"HOLDER_PROFIT_YOY":242.7813937592,"GROSS_PROFIT_RATIO":27.69063654777,"EPS_TTM":1.071816845392,"OPERATE_INCOME_QOQ":15.832219931428,"NET_PROFIT_RATIO":15.6680674826,"ROE_AVG":14.929521959007,"GROSS_PROFIT_QOQ":46.466959057439,"ROA":8.374182323555,"HOLDER_PROFIT_QOQ":112.049990629685,"ROE_YEARLY":29.859043918014,"ROIC_YEARLY":22.286954302281,"TOTAL_ASSETS":26876151000,"TOTAL_LIABILITIES":12412969000,"TAX_EBT":18.546824983939,"OCF_SALES":8.891315825312,"TOTAL_PARENT_EQUITY":14463182000,"DEBT_ASSET_RATIO":46.1858135862,"OPERATE_PROFIT":2721900000,"PRETAX_PROFIT":2487326000,"NETCASH_OPERATE":1149718000,"NETCASH_INVEST":-657120000,"NETCASH_FINANCE":2959369000,"END_CASH":6994424000,"DIVI_RATIO":0.126945383052,"DIVIDEND_RATE":2.732240437158,"CURRENT_RATIO":1.917661333067,"COMMON_ACS":10000000000,"CURRENTDEBT_DEBT":70.175612297106,"ISSUED_COMMON_SHARES":2506650037,"HK_COMMON_SHARES":2506650037,"PER_SHARES":1000,"TOTAL_MARKET_CAP":13761508703.13,"HKSK_MARKET_CAP":13761508703.13,"PE_TTM":4.677080354054,"PB_TTM":0.715867458969,"REPORT_DATE_SQ":"2021-06-30 00:00:00","REPORT_TYPE_SQ":"2021年中报","OPERATE_INCOME_SQ":9520562000,"DPS_HKD":0.15,"OPERATE_INCOME_QOQ_SQ":8.099894456422,"NET_PROFIT_RATIO_SQ":6.2081314107,"HOLDER_PROFIT_SQ":591049000,"HOLDER_PROFIT_QOQ_SQ":33.615599911732,"ROE_AVG_SQ":4.94976323083,"PE_TTM_SQ":3.060835906899,"PB_TTM_SQ":0.627187768594,"ROA_SQ":2.989337119378,"START_DATE":"2022-01-01 00:00:00","FISCAL_YEAR":"12-31","CURRENCY":"HKD","IS_CNY_CODE":0,"DPS_HKD_LY":0.163,"ORG_TYPE":"一般企业","PREMIUM_INCOME":null,"PREMIUM_INCOME_YOY":null,"NET_INTEREST_INCOME":null,"NET_INTEREST_INCOME_YOY":null,"FEE_COMMISSION_INCOME":null,"FEE_COMMISSION_INCOME_YOY":null,"ACCOUNTS_RECE_TDAYS":5.209045697595,"INVENTORY_TDAYS":1.71307444047,"CURRENT_ASSETS_TDAYS":0.926747192427,"TOTAL_ASSETS_TDAYS":0.534474486585,"PREMIUM_EXPENSE":null,"LOAN_DEPOSIT":null,"LOAN_EQUITY":null,"LOAN_ASSETS":null,"DEPOSIT_EQUITY":null,"DEPOSIT_ASSETS":null,"EQUITY_MULTIPLIER":1.858246062313,"EQUITY_RATIO":0.858246062312},{"SECUCODE":"00546.HK","SECURITY_CODE":"00546","SECURITY_NAME_ABBR":"阜丰集团","ORG_CODE":"10087862","STD_REPORT_DATE":"2021-12-31 00:00:00","REPORT_DATE":"2021-12-31 00:00:00","DATE_TYPE_CODE":"001","REPORT_TYPE":"2021年年报","PER_NETCASH_OPERATE":1.079762728648,"PER_OI":8.501542913352,"BPS":5.057648180985,"BASIC_EPS":0.5055,"DILUTED_EPS":0.5055,"OPERATE_INCOME":21539841000,"OPERATE_INCOME_YOY":29.0526732913,"GROSS_PROFIT":3905276000,"GROSS_PROFIT_YOY":38.664244622658,"HOLDER_PROFIT":1280640000,"HOLDER_PROFIT_YOY":103.308138898,"GROSS_PROFIT_RATIO":18.130477379104,"EPS_TTM":0.50545479498,"OPERATE_INCOME_QOQ":19.382793054774,"NET_PROFIT_RATIO":5.9454477867,"ROE_AVG":10.511196216547,"GROSS_PROFIT_QOQ":25.448023377619,"ROA":6.267431912873,"HOLDER_PROFIT_QOQ":52.158983705739,"ROE_YEARLY":10.511196216547,"ROIC_YEARLY":7.198559680989,"TOTAL_ASSETS":21510806000,"TOTAL_LIABILITIES":8833052000,"TAX_EBT":15.523617159661,"OCF_SALES":12.700785488621,"TOTAL_PARENT_EQUITY":12677754000,"DEBT_ASSET_RATIO":41.063324173,"OPERATE_PROFIT":1580357000,"PRETAX_PROFIT":1515974000,"NETCASH_OPERATE":2774430000,"NETCASH_INVEST":-549539000,"NETCASH_FINANCE":525065000,"END_CASH":3542457000,"DIVI_RATIO":0.269187672867,"DIVIDEND_RATE":2.732240437158,"CURRENT_RATIO":2.084472701592,"COMMON_ACS":10000000000,"CURRENTDEBT_DEBT":60.835880961643,"ISSUED_COMMON_SHARES":2506650037,"HK_COMMON_SHARES":2506650037,"PER_SHARES":1000,"TOTAL_MARKET_CAP":13761508703.13,"HKSK_MARKET_CAP":13761508703.13,"PE_TTM":4.677080354054,"PB_TTM":0.715867458969,"REPORT_DATE_SQ":"2020-12-31 00:00:00","REPORT_TYPE_SQ":"2020年年报","OPERATE_INCOME_SQ":16690736000,"DPS_HKD":0.15,"OPERATE_INCOME_QOQ_SQ":0.329244540878,"NET_PROFIT_RATIO_SQ":3.773955804,"HOLDER_PROFIT_SQ":629901000,"HOLDER_PROFIT_QOQ_SQ":-30.307040205881,"ROE_AVG_SQ":5.461756816076,"PE_TTM_SQ":3.060835906899,"PB_TTM_SQ":0.627187768594,"ROA_SQ":3.245715806214,"START_DATE":"2021-01-01 00:00:00","FISCAL_YEAR":"12-31","CURRENCY":"HKD","IS_CNY_CODE":0,"DPS_HKD_LY":0.139,"ORG_TYPE":"一般企业","PREMIUM_INCOME":null,"PREMIUM_INCOME_YOY":null,"NET_INTEREST_INCOME":null,"NET_INTEREST_INCOME_YOY":null,"FEE_COMMISSION_INCOME":null,"FEE_COMMISSION_INCOME_YOY":null,"ACCOUNTS_RECE_TDAYS":7.021947333376,"INVENTORY_TDAYS":4.211644726645,"CURRENT_ASSETS_TDAYS":2.176263928407,"TOTAL_ASSETS_TDAYS":1.054156413056,"PREMIUM_EXPENSE":null,"LOAN_DEPOSIT":null,"LOAN_EQUITY":null,"LOAN_ASSETS":null,"DEPOSIT_EQUITY":null,"DEPOSIT_ASSETS":null,"EQUITY_MULTIPLIER":1.696736346202,"EQUITY_RATIO":0.696736346201},{"SECUCODE":"00546.HK","SECURITY_CODE":"00546","SECURITY_NAME_ABBR":"阜丰集团","ORG_CODE":"10087862","STD_REPORT_DATE":"2021-06-30 00:00:00","REPORT_DATE":"2021-06-30 00:00:00","DATE_TYPE_CODE":"002","REPORT_TYPE":"2021年中报","PER_NETCASH_OPERATE":0.319944944075,"PER_OI":3.757663132343,"BPS":4.864063120112,"BASIC_EPS":0.2333,"DILUTED_EPS":0.2333,"OPERATE_INCOME":9520562000,"OPERATE_INCOME_YOY":16.5502905628,"GROSS_PROFIT":1765957000,"GROSS_PROFIT_YOY":20.194616565753,"HOLDER_PROFIT":591049000,"HOLDER_PROFIT_YOY":55.8246156118,"GROSS_PROFIT_RATIO":18.548873480368,"EPS_TTM":0.332188598182,"OPERATE_INCOME_QOQ":8.099894456422,"NET_PROFIT_RATIO":6.2081314107,"ROE_AVG":4.94976323083,"GROSS_PROFIT_QOQ":10.535216808682,"ROA":2.989337119378,"HOLDER_PROFIT_QOQ":33.615599911732,"ROE_YEARLY":9.899526461661,"ROIC_YEARLY":6.44379314108,"TOTAL_ASSETS":20188124000,"TOTAL_LIABILITIES":7995620000,"TAX_EBT":14.427537281019,"OCF_SALES":8.514465847709,"TOTAL_PARENT_EQUITY":12192504000,"DEBT_ASSET_RATIO":39.6055621612,"OPERATE_PROFIT":737576000,"PRETAX_PROFIT":690700000,"NETCASH_OPERATE":810625000,"NETCASH_INVEST":63965000,"NETCASH_FINANCE":-115254000,"END_CASH":3181076000,"DIVI_RATIO":0.409593227295,"DIVIDEND_RATE":2.732240437158,"CURRENT_RATIO":1.49249704512,"COMMON_ACS":10000000000,"CURRENTDEBT_DEBT":81.763402963122,"ISSUED_COMMON_SHARES":2506650037,"HK_COMMON_SHARES":2506650037,"PER_SHARES":1000,"TOTAL_MARKET_CAP":13761508703.13,"HKSK_MARKET_CAP":13761508703.13,"PE_TTM":4.677080354054,"PB_TTM":0.715867458969,"REPORT_DATE_SQ":"2020-06-30 00:00:00","REPORT_TYPE_SQ":"2020年中报","OPERATE_INCOME_SQ":8168630000,"DPS_HKD":0.15,"OPERATE_INCOME_QOQ_SQ":2.876243363831,"NET_PROFIT_RATIO_SQ":4.6434224588,"HOLDER_PROFIT_SQ":379304000,"HOLDER_PROFIT_QOQ_SQ":-20.523679172862,"ROE_AVG_SQ":3.306257407512,"PE_TTM_SQ":3.060835906899,"PB_TTM_SQ":0.627187768594,"ROA_SQ":1.949929845935,"START_DATE":"2021-01-01 00:00:00","FISCAL_YEAR":"12-31","CURRENCY":"HKD","IS_CNY_CODE":0,"DPS_HKD_LY":0.139,"ORG_TYPE":"一般企业","PREMIUM_INCOME":null,"PREMIUM_INCOME_YOY":null,"NET_INTEREST_INCOME":null,"NET_INTEREST_INCOME_YOY":null,"FEE_COMMISSION_INCOME":null,"FEE_COMMISSION_INCOME_YOY":null,"ACCOUNTS_RECE_TDAYS":2.982301461555,"INVENTORY_TDAYS":1.702034797904,"CURRENT_ASSETS_TDAYS":1.037596993108,"TOTAL_ASSETS_TDAYS":0.481519626697,"PREMIUM_EXPENSE":null,"LOAN_DEPOSIT":null,"LOAN_EQUITY":null,"LOAN_ASSETS":null,"DEPOSIT_EQUITY":null,"DEPOSIT_ASSETS":null,"EQUITY_MULTIPLIER":1.655781617952,"EQUITY_RATIO":0.655781617951},{"SECUCODE":"00546.HK","SECURITY_CODE":"00546","SECURITY_NAME_ABBR":"阜丰集团","ORG_CODE":"10087862","STD_REPORT_DATE":"2020-12-31 00:00:00","REPORT_DATE":"2020-12-31 00:00:00","DATE_TYPE_CODE":"001","REPORT_TYPE":"2020年年报","PER_NETCASH_OPERATE":0.081155206798,"PER_OI":6.587653472439,"BPS":4.663357799236,"BASIC_EPS":0.2486,"DILUTED_EPS":0.2486,"OPERATE_INCOME":16690736000,"OPERATE_INCOME_YOY":3.214957779,"GROSS_PROFIT":2816354000,"GROSS_PROFIT_YOY":-13.625570977914,"HOLDER_PROFIT":629901000,"HOLDER_PROFIT_YOY":-44.6105996801,"GROSS_PROFIT_RATIO":16.873755597117,"EPS_TTM":0.24861513057,"OPERATE_INCOME_QOQ":0.329244540878,"NET_PROFIT_RATIO":3.773955804,"ROE_AVG":5.461756816076,"GROSS_PROFIT_QOQ":-7.856533380795,"ROA":3.245715806214,"HOLDER_PROFIT_QOQ":-30.307040205881,"ROE_YEARLY":5.461756816076,"ROIC_YEARLY":3.528626744287,"TOTAL_ASSETS":19355693000,"TOTAL_LIABILITIES":7666287000,"TAX_EBT":18.262294699061,"OCF_SALES":1.231928897563,"TOTAL_PARENT_EQUITY":11689406000,"DEBT_ASSET_RATIO":39.6074012953,"OPERATE_PROFIT":796479000,"PRETAX_PROFIT":770637000,"NETCASH_OPERATE":205618000,"NETCASH_INVEST":-1106477000,"NETCASH_FINANCE":-99108000,"END_CASH":831202000,"DIVI_RATIO":0.547280447848,"DIVIDEND_RATE":2.732240437158,"CURRENT_RATIO":1.3716937215,"COMMON_ACS":10000000000,"CURRENTDEBT_DEBT":81.724555837787,"ISSUED_COMMON_SHARES":2506650037,"HK_COMMON_SHARES":2506650037,"PER_SHARES":1000,"TOTAL_MARKET_CAP":13761508703.13,"HKSK_MARKET_CAP":13761508703.13,"PE_TTM":4.677080354054,"PB_TTM":0.715867458969,"REPORT_DATE_SQ":"2019-12-31 00:00:00","REPORT_TYPE_SQ":"2019年年报","OPERATE_INCOME_SQ":16170850000,"DPS_HKD":0.15,"OPERATE_INCOME_QOQ_SQ":8.836420122843,"NET_PROFIT_RATIO_SQ":7.0325493094,"HOLDER_PROFIT_SQ":1137223000,"HOLDER_PROFIT_QOQ_SQ":-46.926815836695,"ROE_AVG_SQ":10.162481586348,"PE_TTM_SQ":3.060835906899,"PB_TTM_SQ":0.627187768594,"ROA_SQ":5.715990912603,"START_DATE":"2020-01-01 00:00:00","FISCAL_YEAR":"12-31","CURRENCY":"HKD","IS_CNY_CODE":0,"DPS_HKD_LY":0.138,"ORG_TYPE":"一般企业","PREMIUM_INCOME":null,"PREMIUM_INCOME_YOY":null,"NET_INTEREST_INCOME":null,"NET_INTEREST_INCOME_YOY":null,"FEE_COMMISSION_INCOME":null,"FEE_COMMISSION_INCOME_YOY":null,"ACCOUNTS_RECE_TDAYS":5.502812937667,"INVENTORY_TDAYS":3.7455938718,"CURRENT_ASSETS_TDAYS":2.012556156764,"TOTAL_ASSETS_TDAYS":0.860030157954,"PREMIUM_EXPENSE":null,"LOAN_DEPOSIT":null,"LOAN_EQUITY":null,"LOAN_ASSETS":null,"DEPOSIT_EQUITY":null,"DEPOSIT_ASSETS":null,"EQUITY_MULTIPLIER":1.655832041422,"EQUITY_RATIO":0.655832041423},{"SECUCODE":"00546.HK","SECURITY_CODE":"00546","SECURITY_NAME_ABBR":"阜丰集团","ORG_CODE":"10087862","STD_REPORT_DATE":"2020-06-30 00:00:00","REPORT_DATE":"2020-06-30 00:00:00","DATE_TYPE_CODE":"002","REPORT_TYPE":"2020年中报","PER_NETCASH_OPERATE":0.370587911809,"PER_OI":3.224070153921,"BPS":4.614982079367,"BASIC_EPS":0.1497,"DILUTED_EPS":0.1497,"OPERATE_INCOME":8168630000,"OPERATE_INCOME_YOY":6.0376708457,"GROSS_PROFIT":1469248000,"GROSS_PROFIT_YOY":-12.199517866085,"HOLDER_PROFIT":379304000,"HOLDER_PROFIT_YOY":-38.0934350029,"GROSS_PROFIT_RATIO":17.986467743061,"EPS_TTM":0.356729189439,"OPERATE_INCOME_QOQ":2.876243363831,"NET_PROFIT_RATIO":4.6434224588,"ROE_AVG":3.306257407512,"GROSS_PROFIT_QOQ":-6.260929622889,"ROA":1.949929845935,"HOLDER_PROFIT_QOQ":-20.523679172862,"ROE_YEARLY":6.612514815024,"ROIC_YEARLY":4.313049988382,"TOTAL_ASSETS":19445763000,"TOTAL_LIABILITIES":7877618000,"TAX_EBT":15.362833675107,"OCF_SALES":11.494412159689,"TOTAL_PARENT_EQUITY":11568145000,"DEBT_ASSET_RATIO":40.5107169104,"OPERATE_PROFIT":562886000,"PRETAX_PROFIT":448153000,"NETCASH_OPERATE":938936000,"NETCASH_INVEST":-1277193000,"NETCASH_FINANCE":277315000,"END_CASH":1770227000,"DIVI_RATIO":0.38141594248,"DIVIDEND_RATE":2.732240437158,"CURRENT_RATIO":1.671045940058,"COMMON_ACS":10000000000,"CURRENTDEBT_DEBT":63.601306892515,"ISSUED_COMMON_SHARES":2506650037,"HK_COMMON_SHARES":2506650037,"PER_SHARES":1000,"TOTAL_MARKET_CAP":13761508703.13,"HKSK_MARKET_CAP":13761508703.13,"PE_TTM":4.677080354054,"PB_TTM":0.715867458969,"REPORT_DATE_SQ":"2019-06-30 00:00:00","REPORT_TYPE_SQ":"2019年中报","OPERATE_INCOME_SQ":7703517000,"DPS_HKD":0.15,"OPERATE_INCOME_QOQ_SQ":7.942776584503,"NET_PROFIT_RATIO_SQ":7.9535619899,"HOLDER_PROFIT_SQ":612704000,"HOLDER_PROFIT_QOQ_SQ":16.135485482963,"ROE_AVG_SQ":5.545422501733,"PE_TTM_SQ":3.060835906899,"PB_TTM_SQ":0.627187768594,"ROA_SQ":3.052082549552,"START_DATE":"2020-01-01 00:00:00","FISCAL_YEAR":"12-31","CURRENCY":"HKD","IS_CNY_CODE":0,"DPS_HKD_LY":0.138,"ORG_TYPE":"一般企业","PREMIUM_INCOME":null,"PREMIUM_INCOME_YOY":null,"NET_INTEREST_INCOME":null,"NET_INTEREST_INCOME_YOY":null,"FEE_COMMISSION_INCOME":null,"FEE_COMMISSION_INCOME_YOY":null,"ACCOUNTS_RECE_TDAYS":3.148401494296,"INVENTORY_TDAYS":2.015185674378,"CURRENT_ASSETS_TDAYS":0.998304736027,"TOTAL_ASSETS_TDAYS":0.419933758605,"PREMIUM_EXPENSE":null,"LOAN_DEPOSIT":null,"LOAN_EQUITY":null,"LOAN_ASSETS":null,"DEPOSIT_EQUITY":null,"DEPOSIT_ASSETS":null,"EQUITY_MULTIPLIER":1.680975039645,"EQUITY_RATIO":0.680975039646}],"count":40},"success":true,"message":"ok","code":0}