{"version":"cdd288080a010d63e2f35c87a14f9ecb","result":{"pages":6,"data":[{"SECUCODE":"00559.HK","SECURITY_CODE":"00559","SECURITY_NAME_ABBR":"德泰新能源集团","ORG_CODE":"10008965","STD_REPORT_DATE":"2023-12-31 00:00:00","REPORT_DATE":"2024-06-30 00:00:00","DATE_TYPE_CODE":"001","REPORT_TYPE":"2023年年报","PER_NETCASH_OPERATE":-0.000784488612,"PER_OI":0.001818087684,"BPS":0.757175429565,"BASIC_EPS":-0.00410706,"DILUTED_EPS":-0.00410706,"OPERATE_INCOME":28535852.88,"OPERATE_INCOME_YOY":0.3433999807,"GROSS_PROFIT":13296834.92,"GROSS_PROFIT_YOY":5.756711085509,"HOLDER_PROFIT":-64591276.28,"HOLDER_PROFIT_YOY":-1.3461070298,"GROSS_PROFIT_RATIO":46.596942365509,"EPS_TTM":-0.004534509341,"OPERATE_INCOME_QOQ":-2.970235546872,"NET_PROFIT_RATIO":-226.3513081302,"ROE_AVG":-14.741025483472,"GROSS_PROFIT_QOQ":0.07860218458,"ROA":-12.618097987231,"HOLDER_PROFIT_QOQ":-10.5443554359,"ROE_YEARLY":-14.741025483472,"ROIC_YEARLY":-16.043371123247,"TOTAL_ASSETS":457386843.96,"TOTAL_LIABILITIES":61244478.72,"TAX_EBT":1.168863814099,"OCF_SALES":-43.14910765688,"TOTAL_PARENT_EQUITY":396142365.24,"DEBT_ASSET_RATIO":13.3900831493,"OPERATE_PROFIT":-64631434.2,"PRETAX_PROFIT":-65355189.44,"NETCASH_OPERATE":-12312965.88,"NETCASH_INVEST":13889164.24,"NETCASH_FINANCE":-6344038.68,"END_CASH":105738541.4,"DIVI_RATIO":null,"DIVIDEND_RATE":null,"CURRENT_RATIO":7.657081595488,"COMMON_ACS":30000000000,"CURRENTDEBT_DEBT":50.736170720076,"ISSUED_COMMON_SHARES":523184390,"HK_COMMON_SHARES":523184390,"PER_SHARES":10000,"TOTAL_MARKET_CAP":96789112.15,"HKSK_MARKET_CAP":96789112.15,"PE_TTM":-1.367638045951,"PB_TTM":0.222994293538,"REPORT_DATE_SQ":"2022-12-31 00:00:00","REPORT_TYPE_SQ":"2022年年报","OPERATE_INCOME_SQ":28727974.82,"DPS_HKD":null,"OPERATE_INCOME_QOQ_SQ":-29.768364024199,"NET_PROFIT_RATIO_SQ":-224.1118136012,"HOLDER_PROFIT_SQ":-64382785.38,"HOLDER_PROFIT_QOQ_SQ":14.204439253383,"ROE_AVG_SQ":-12.297210318379,"PE_TTM_SQ":-2.472409799373,"PB_TTM_SQ":0.328141223952,"ROA_SQ":-10.42690260624,"START_DATE":"2023-07-01 00:00:00","FISCAL_YEAR":"6-30","CURRENCY":"HKD","IS_CNY_CODE":0,"DPS_HKD_LY":null,"ORG_TYPE":"一般企业","PREMIUM_INCOME":null,"PREMIUM_INCOME_YOY":null,"NET_INTEREST_INCOME":null,"NET_INTEREST_INCOME_YOY":null,"FEE_COMMISSION_INCOME":null,"FEE_COMMISSION_INCOME_YOY":null,"ACCOUNTS_RECE_TDAYS":0.660951917894,"INVENTORY_TDAYS":4.797299238615,"CURRENT_ASSETS_TDAYS":0.105449186012,"TOTAL_ASSETS_TDAYS":0.055745637573,"PREMIUM_EXPENSE":null,"LOAN_DEPOSIT":null,"LOAN_EQUITY":null,"LOAN_ASSETS":null,"DEPOSIT_EQUITY":null,"DEPOSIT_ASSETS":null,"EQUITY_MULTIPLIER":1.154602193792,"EQUITY_RATIO":0.154602193792},{"SECUCODE":"00559.HK","SECURITY_CODE":"00559","SECURITY_NAME_ABBR":"德泰新能源集团","ORG_CODE":"10008965","STD_REPORT_DATE":"2023-06-30 00:00:00","REPORT_DATE":"2023-12-31 00:00:00","DATE_TYPE_CODE":"002","REPORT_TYPE":"2023年中报","PER_NETCASH_OPERATE":-0.000596370136,"PER_OI":0.000799548228,"BPS":0.828396745744,"BASIC_EPS":-0.00317177,"DILUTED_EPS":-0.00317177,"OPERATE_INCOME":12549334.56,"OPERATE_INCOME_YOY":-7.7046121034,"GROSS_PROFIT":7321351.38,"GROSS_PROFIT_YOY":0.172618650948,"HOLDER_PROFIT":-49437925.88,"HOLDER_PROFIT_YOY":-14.2611791811,"GROSS_PROFIT_RATIO":58.340554592721,"EPS_TTM":-0.0041019818,"OPERATE_INCOME_QOQ":16.513243503545,"NET_PROFIT_RATIO":-393.9485846332,"ROE_AVG":-10.862970341586,"GROSS_PROFIT_QOQ":42.673522345159,"ROA":-9.254487376312,"HOLDER_PROFIT_QOQ":35.401705517268,"ROE_YEARLY":-21.725940683172,"ROIC_YEARLY":-23.326285363669,"TOTAL_ASSETS":506017842.26,"TOTAL_LIABILITIES":72613596.16,"TAX_EBT":0.089738659048,"OCF_SALES":-74.588388214905,"TOTAL_PARENT_EQUITY":433404246.1,"DEBT_ASSET_RATIO":14.350007074,"OPERATE_PROFIT":-48881506.8,"PRETAX_PROFIT":-49482330.66,"NETCASH_OPERATE":-9360346.38,"NETCASH_INVEST":8778553.14,"NETCASH_FINANCE":-2716847.56,"END_CASH":108604123.46,"DIVI_RATIO":null,"DIVIDEND_RATE":null,"CURRENT_RATIO":6.743561406881,"COMMON_ACS":30000000000,"CURRENTDEBT_DEBT":51.946884984026,"ISSUED_COMMON_SHARES":523184390,"HK_COMMON_SHARES":523184390,"PER_SHARES":10000,"TOTAL_MARKET_CAP":94173190.2,"HKSK_MARKET_CAP":94173190.2,"PE_TTM":-1.33067485552,"PB_TTM":0.216967420739,"REPORT_DATE_SQ":"2022-06-30 00:00:00","REPORT_TYPE_SQ":"2022年中报","OPERATE_INCOME_SQ":13402623.08,"DPS_HKD":null,"OPERATE_INCOME_QOQ_SQ":5.916020157736,"NET_PROFIT_RATIO_SQ":-318.2151426286,"HOLDER_PROFIT_SQ":-42649176.15,"HOLDER_PROFIT_QOQ_SQ":-70.825343863251,"ROE_AVG_SQ":-8.100583303077,"PE_TTM_SQ":-2.472409799373,"PB_TTM_SQ":0.328141223952,"ROA_SQ":-6.843066674215,"START_DATE":"2023-07-01 00:00:00","FISCAL_YEAR":"6-30","CURRENCY":"HKD","IS_CNY_CODE":0,"DPS_HKD_LY":null,"ORG_TYPE":"一般企业","PREMIUM_INCOME":null,"PREMIUM_INCOME_YOY":null,"NET_INTEREST_INCOME":null,"NET_INTEREST_INCOME_YOY":null,"FEE_COMMISSION_INCOME":null,"FEE_COMMISSION_INCOME_YOY":null,"ACCOUNTS_RECE_TDAYS":0.293853646115,"INVENTORY_TDAYS":1.481319809988,"CURRENT_ASSETS_TDAYS":0.045180560744,"TOTAL_ASSETS_TDAYS":0.023491612198,"PREMIUM_EXPENSE":null,"LOAN_DEPOSIT":null,"LOAN_EQUITY":null,"LOAN_ASSETS":null,"DEPOSIT_EQUITY":null,"DEPOSIT_ASSETS":null,"EQUITY_MULTIPLIER":1.167542419839,"EQUITY_RATIO":0.167542419839},{"SECUCODE":"00559.HK","SECURITY_CODE":"00559","SECURITY_NAME_ABBR":"德泰新能源集团","ORG_CODE":"10008965","STD_REPORT_DATE":"2022-12-31 00:00:00","REPORT_DATE":"2023-06-30 00:00:00","DATE_TYPE_CODE":"001","REPORT_TYPE":"2022年年报","PER_NETCASH_OPERATE":0.000209942332,"PER_OI":0.001830328234,"BPS":0.927202612142,"BASIC_EPS":-0.004056712,"DILUTED_EPS":-0.004056712,"OPERATE_INCOME":28727974.82,"OPERATE_INCOME_YOY":-24.0987040826,"GROSS_PROFIT":12573041.26,"GROSS_PROFIT_YOY":186.163302433631,"HOLDER_PROFIT":-64382785.38,"HOLDER_PROFIT_YOY":48.5924409959,"GROSS_PROFIT_RATIO":55.871497801598,"EPS_TTM":-0.006349984676,"OPERATE_INCOME_QOQ":-29.768364024199,"NET_PROFIT_RATIO":-224.1118136012,"ROE_AVG":-12.297210318379,"GROSS_PROFIT_QOQ":177.096371299422,"ROA":-10.42690260624,"HOLDER_PROFIT_QOQ":14.204439253383,"ROE_YEARLY":-12.297210318379,"ROIC_YEARLY":-12.370098553713,"TOTAL_ASSETS":572172490.18,"TOTAL_LIABILITIES":87074557.14,"TAX_EBT":3.573647799611,"OCF_SALES":11.47020122597,"TOTAL_PARENT_EQUITY":485097933.04,"DEBT_ASSET_RATIO":15.2182355207,"OPERATE_PROFIT":-64212219.08,"PRETAX_PROFIT":-66768869.62,"NETCASH_OPERATE":3295156.52,"NETCASH_INVEST":42009096.72,"NETCASH_FINANCE":-7429314.84,"END_CASH":113990841.26,"DIVI_RATIO":null,"DIVIDEND_RATE":null,"CURRENT_RATIO":5.867108050847,"COMMON_ACS":30000000000,"CURRENTDEBT_DEBT":59.972681935136,"ISSUED_COMMON_SHARES":523184390,"HK_COMMON_SHARES":523184390,"PER_SHARES":10000,"TOTAL_MARKET_CAP":94173190.2,"HKSK_MARKET_CAP":94173190.2,"PE_TTM":-1.33067485552,"PB_TTM":0.216967420739,"REPORT_DATE_SQ":"2021-12-31 00:00:00","REPORT_TYPE_SQ":"2021年年报","OPERATE_INCOME_SQ":35107259.88,"DPS_HKD":null,"OPERATE_INCOME_QOQ_SQ":65.347389496882,"NET_PROFIT_RATIO_SQ":-330.8925265517,"HOLDER_PROFIT_SQ":-116167299.22,"HOLDER_PROFIT_QOQ_SQ":-131.09622068254,"ROE_AVG_SQ":-19.233944220174,"PE_TTM_SQ":-2.472409799373,"PB_TTM_SQ":0.328141223952,"ROA_SQ":-15.801528759927,"START_DATE":"2022-07-01 00:00:00","FISCAL_YEAR":"6-30","CURRENCY":"HKD","IS_CNY_CODE":0,"DPS_HKD_LY":null,"ORG_TYPE":"一般企业","PREMIUM_INCOME":null,"PREMIUM_INCOME_YOY":null,"NET_INTEREST_INCOME":null,"NET_INTEREST_INCOME_YOY":null,"FEE_COMMISSION_INCOME":null,"FEE_COMMISSION_INCOME_YOY":null,"ACCOUNTS_RECE_TDAYS":0.626847055273,"INVENTORY_TDAYS":3.429782988276,"CURRENT_ASSETS_TDAYS":0.085375894784,"TOTAL_ASSETS_TDAYS":0.046525448341,"PREMIUM_EXPENSE":null,"LOAN_DEPOSIT":null,"LOAN_EQUITY":null,"LOAN_ASSETS":null,"DEPOSIT_EQUITY":null,"DEPOSIT_ASSETS":null,"EQUITY_MULTIPLIER":1.179498924258,"EQUITY_RATIO":0.179498924257},{"SECUCODE":"00559.HK","SECURITY_CODE":"00559","SECURITY_NAME_ABBR":"德泰新能源集团","ORG_CODE":"10008965","STD_REPORT_DATE":"2022-06-30 00:00:00","REPORT_DATE":"2022-12-31 00:00:00","DATE_TYPE_CODE":"002","REPORT_TYPE":"2022年中报","PER_NETCASH_OPERATE":0.000046326674,"PER_OI":0.000853913288,"BPS":0.971888659312,"BASIC_EPS":-0.00267981,"DILUTED_EPS":-0.00267981,"OPERATE_INCOME":13402623.08,"OPERATE_INCOME_YOY":-48.5724078835,"GROSS_PROFIT":7308735.14,"GROSS_PROFIT_YOY":139.435571326183,"HOLDER_PROFIT":-42649176.15,"HOLDER_PROFIT_YOY":34.004644348,"GROSS_PROFIT_RATIO":54.532124766729,"EPS_TTM":-0.00740129748,"OPERATE_INCOME_QOQ":5.916020157736,"NET_PROFIT_RATIO":-318.2151426286,"ROE_AVG":-8.100583303077,"GROSS_PROFIT_QOQ":-5.966206703598,"ROA":-6.843066674215,"HOLDER_PROFIT_QOQ":-70.825343863251,"ROE_YEARLY":-16.201166606153,"ROIC_YEARLY":-16.078180129834,"TOTAL_ASSETS":604367723.33,"TOTAL_LIABILITIES":95890747.96,"TAX_EBT":0.599587783399,"OCF_SALES":5.425219941349,"TOTAL_PARENT_EQUITY":508476975.37,"DEBT_ASSET_RATIO":15.8662920369,"OPERATE_PROFIT":-42137332.44,"PRETAX_PROFIT":-42906437.91,"NETCASH_OPERATE":727121.78,"NETCASH_INVEST":33820095.47,"NETCASH_FINANCE":-2880795.75,"END_CASH":107936493.91,"DIVI_RATIO":null,"DIVIDEND_RATE":null,"CURRENT_RATIO":5.433884102257,"COMMON_ACS":30000000000,"CURRENTDEBT_DEBT":59.141297462459,"ISSUED_COMMON_SHARES":523184390,"HK_COMMON_SHARES":523184390,"PER_SHARES":10000,"TOTAL_MARKET_CAP":94173190.2,"HKSK_MARKET_CAP":94173190.2,"PE_TTM":-1.33067485552,"PB_TTM":0.216967420739,"REPORT_DATE_SQ":"2021-06-30 00:00:00","REPORT_TYPE_SQ":"2021年中报","OPERATE_INCOME_SQ":23853480,"DPS_HKD":null,"OPERATE_INCOME_QOQ_SQ":-34.450609320428,"NET_PROFIT_RATIO_SQ":-247.9725792631,"HOLDER_PROFIT_SQ":-59150089.6,"HOLDER_PROFIT_QOQ_SQ":82.478645402566,"ROE_AVG_SQ":-9.495752269886,"PE_TTM_SQ":-2.472409799373,"PB_TTM_SQ":0.328141223952,"ROA_SQ":-7.808695276746,"START_DATE":"2022-07-01 00:00:00","FISCAL_YEAR":"6-30","CURRENCY":"HKD","IS_CNY_CODE":0,"DPS_HKD_LY":null,"ORG_TYPE":"一般企业","PREMIUM_INCOME":null,"PREMIUM_INCOME_YOY":null,"NET_INTEREST_INCOME":null,"NET_INTEREST_INCOME_YOY":null,"FEE_COMMISSION_INCOME":null,"FEE_COMMISSION_INCOME_YOY":null,"ACCOUNTS_RECE_TDAYS":0.299939028657,"INVENTORY_TDAYS":1.645242976004,"CURRENT_ASSETS_TDAYS":0.040409753391,"TOTAL_ASSETS_TDAYS":0.021504528721,"PREMIUM_EXPENSE":null,"LOAN_DEPOSIT":null,"LOAN_EQUITY":null,"LOAN_ASSETS":null,"DEPOSIT_EQUITY":null,"DEPOSIT_ASSETS":null,"EQUITY_MULTIPLIER":1.188584247872,"EQUITY_RATIO":0.188584247871},{"SECUCODE":"00559.HK","SECURITY_CODE":"00559","SECURITY_NAME_ABBR":"德泰新能源集团","ORG_CODE":"10008965","STD_REPORT_DATE":"2021-12-31 00:00:00","REPORT_DATE":"2022-06-30 00:00:00","DATE_TYPE_CODE":"001","REPORT_TYPE":"2021年年报","PER_NETCASH_OPERATE":0.006147515355,"PER_OI":0.002236767798,"BPS":0.996399632393,"BASIC_EPS":-0.007440153,"DILUTED_EPS":-0.007440153,"OPERATE_INCOME":35107259.88,"OPERATE_INCOME_YOY":70.3968122198,"GROSS_PROFIT":-14592106.97,"GROSS_PROFIT_YOY":-260.623776034224,"HOLDER_PROFIT":-116167299.22,"HOLDER_PROFIT_YOY":-284.1029266224,"GROSS_PROFIT_RATIO":-41.56435740037,"EPS_TTM":-0.004332669446,"OPERATE_INCOME_QOQ":65.347389496882,"NET_PROFIT_RATIO":-330.8925265517,"ROE_AVG":-19.233944220174,"GROSS_PROFIT_QOQ":-251.58018865723,"ROA":-15.801528759927,"HOLDER_PROFIT_QOQ":-131.09622068254,"ROE_YEARLY":-19.233944220174,"ROIC_YEARLY":-20.937274337975,"TOTAL_ASSETS":614751621.12,"TOTAL_LIABILITIES":93450887.25,"TAX_EBT":1.783738838075,"OCF_SALES":274.83922829582,"TOTAL_PARENT_EQUITY":521300733.87,"DEBT_ASSET_RATIO":15.2014055823,"OPERATE_PROFIT":-116545293.2,"PRETAX_PROFIT":-118277052.95,"NETCASH_OPERATE":96488522.13,"NETCASH_INVEST":-239778172.2,"NETCASH_FINANCE":-59694827.57,"END_CASH":74207401.87,"DIVI_RATIO":null,"DIVIDEND_RATE":null,"CURRENT_RATIO":5.99481349697,"COMMON_ACS":30000000000,"CURRENTDEBT_DEBT":60.696408144589,"ISSUED_COMMON_SHARES":523184390,"HK_COMMON_SHARES":523184390,"PER_SHARES":10000,"TOTAL_MARKET_CAP":89987715.08,"HKSK_MARKET_CAP":89987715.08,"PE_TTM":-1.27153375083,"PB_TTM":0.207324424262,"REPORT_DATE_SQ":"2020-12-31 00:00:00","REPORT_TYPE_SQ":"2020年年报","OPERATE_INCOME_SQ":20046471.36,"DPS_HKD":null,"OPERATE_INCOME_QOQ_SQ":-31.563931885195,"NET_PROFIT_RATIO_SQ":-153.1504233771,"HOLDER_PROFIT_SQ":-29426509.2,"HOLDER_PROFIT_QOQ_SQ":-12.439825438702,"ROE_AVG_SQ":-4.310618027927,"PE_TTM_SQ":-2.247645272157,"PB_TTM_SQ":0.298310203593,"ROA_SQ":-3.429486309207,"START_DATE":"2021-07-01 00:00:00","FISCAL_YEAR":"6-30","CURRENCY":"HKD","IS_CNY_CODE":0,"DPS_HKD_LY":null,"ORG_TYPE":"一般企业","PREMIUM_INCOME":null,"PREMIUM_INCOME_YOY":null,"NET_INTEREST_INCOME":null,"NET_INTEREST_INCOME_YOY":null,"FEE_COMMISSION_INCOME":null,"FEE_COMMISSION_INCOME_YOY":null,"ACCOUNTS_RECE_TDAYS":0.86203855361,"INVENTORY_TDAYS":2.135638688814,"CURRENT_ASSETS_TDAYS":0.087586195125,"TOTAL_ASSETS_TDAYS":0.047754263067,"PREMIUM_EXPENSE":null,"LOAN_DEPOSIT":null,"LOAN_EQUITY":null,"LOAN_ASSETS":null,"DEPOSIT_EQUITY":null,"DEPOSIT_ASSETS":null,"EQUITY_MULTIPLIER":1.179264829644,"EQUITY_RATIO":0.179264829643},{"SECUCODE":"00559.HK","SECURITY_CODE":"00559","SECURITY_NAME_ABBR":"德泰新能源集团","ORG_CODE":"10008965","STD_REPORT_DATE":"2021-06-30 00:00:00","REPORT_DATE":"2021-12-31 00:00:00","DATE_TYPE_CODE":"002","REPORT_TYPE":"2021年中报","PER_NETCASH_OPERATE":0.003031554974,"PER_OI":0.001519762468,"BPS":1.126493261009,"BASIC_EPS":-0.00376096,"DILUTED_EPS":-0.00376096,"OPERATE_INCOME":23853480,"OPERATE_INCOME_YOY":128.3399859122,"GROSS_PROFIT":-18533356.8,"GROSS_PROFIT_YOY":-528.832084546576,"HOLDER_PROFIT":-59150089.6,"HOLDER_PROFIT_YOY":-195.9662902962,"GROSS_PROFIT_RATIO":-77.696658097686,"EPS_TTM":-0.001874833536,"OPERATE_INCOME_QOQ":-34.450609320428,"NET_PROFIT_RATIO":-247.9725792631,"ROE_AVG":-9.495752269886,"GROSS_PROFIT_QOQ":-41.413370578558,"ROA":-7.808695276746,"HOLDER_PROFIT_QOQ":82.478645402566,"ROE_YEARLY":-18.991504539772,"ROIC_YEARLY":-21.965313531579,"TOTAL_ASSETS":697008905.6,"TOTAL_LIABILITIES":107645216,"TAX_EBT":0.272937803264,"OCF_SALES":199.47557840617,"TOTAL_PARENT_EQUITY":589363689.6,"DEBT_ASSET_RATIO":15.4438795739,"OPERATE_PROFIT":-58248276.8,"PRETAX_PROFIT":-59311974.4,"NETCASH_OPERATE":47581867.2,"NETCASH_INVEST":276348.8,"NETCASH_FINANCE":-169560428.8,"END_CASH":163963956.8,"DIVI_RATIO":null,"DIVIDEND_RATE":null,"CURRENT_RATIO":5.976223526865,"COMMON_ACS":30000000000,"CURRENTDEBT_DEBT":59.640741303357,"ISSUED_COMMON_SHARES":523184390,"HK_COMMON_SHARES":523184390,"PER_SHARES":10000,"TOTAL_MARKET_CAP":89987715.08,"HKSK_MARKET_CAP":89987715.08,"PE_TTM":-1.27153375083,"PB_TTM":0.207324424262,"REPORT_DATE_SQ":"2020-06-30 00:00:00","REPORT_TYPE_SQ":"2020年中报","OPERATE_INCOME_SQ":10753634.28,"DPS_HKD":null,"OPERATE_INCOME_QOQ_SQ":-15.774725820571,"NET_PROFIT_RATIO_SQ":-196.8911523259,"HOLDER_PROFIT_SQ":-20573048.16,"HOLDER_PROFIT_QOQ_SQ":-63.94212757461,"ROE_AVG_SQ":-2.928142281553,"PE_TTM_SQ":-2.247645272157,"PB_TTM_SQ":0.298310203593,"ROA_SQ":-2.305315693575,"START_DATE":"2021-07-01 00:00:00","FISCAL_YEAR":"6-30","CURRENCY":"HKD","IS_CNY_CODE":0,"DPS_HKD_LY":null,"ORG_TYPE":"一般企业","PREMIUM_INCOME":null,"PREMIUM_INCOME_YOY":null,"NET_INTEREST_INCOME":null,"NET_INTEREST_INCOME_YOY":null,"FEE_COMMISSION_INCOME":null,"FEE_COMMISSION_INCOME_YOY":null,"ACCOUNTS_RECE_TDAYS":0.522910374864,"INVENTORY_TDAYS":1.894084980454,"CURRENT_ASSETS_TDAYS":0.057825694429,"TOTAL_ASSETS_TDAYS":0.03149015629,"PREMIUM_EXPENSE":null,"LOAN_DEPOSIT":null,"LOAN_EQUITY":null,"LOAN_ASSETS":null,"DEPOSIT_EQUITY":null,"DEPOSIT_ASSETS":null,"EQUITY_MULTIPLIER":1.182646501472,"EQUITY_RATIO":0.182646501472},{"SECUCODE":"00559.HK","SECURITY_CODE":"00559","SECURITY_NAME_ABBR":"德泰新能源集团","ORG_CODE":"10008965","STD_REPORT_DATE":"2020-12-31 00:00:00","REPORT_DATE":"2021-06-30 00:00:00","DATE_TYPE_CODE":"001","REPORT_TYPE":"2020年年报","PER_NETCASH_OPERATE":-0.001046174608,"PER_OI":0.00127720881,"BPS":1.276958054349,"BASIC_EPS":-0.001913784,"DILUTED_EPS":-0.001913784,"OPERATE_INCOME":20046471.36,"OPERATE_INCOME_YOY":-48.5763073639,"GROSS_PROFIT":9084649.44,"GROSS_PROFIT_YOY":-63.22597543049,"HOLDER_PROFIT":-29426509.2,"HOLDER_PROFIT_YOY":78.3726761252,"GROSS_PROFIT_RATIO":45.317947866512,"EPS_TTM":-0.010700277343,"OPERATE_INCOME_QOQ":-31.563931885195,"NET_PROFIT_RATIO":-153.1504233771,"ROE_AVG":-4.310618027927,"GROSS_PROFIT_QOQ":-39.774449406198,"ROA":-3.429486309207,"HOLDER_PROFIT_QOQ":-12.439825438702,"ROE_YEARLY":-4.310618027927,"ROIC_YEARLY":-4.982438541941,"TOTAL_ASSETS":832457764.32,"TOTAL_LIABILITIES":164373243.6,"TAX_EBT":12.266627464981,"OCF_SALES":-81.91100780342,"TOTAL_PARENT_EQUITY":668084520.72,"DEBT_ASSET_RATIO":19.7455355269,"OPERATE_PROFIT":-33111791.52,"PRETAX_PROFIT":-39621153.36,"NETCASH_OPERATE":-16420266.72,"NETCASH_INVEST":8210133.36,"NETCASH_FINANCE":-10197140.4,"END_CASH":278711852.64,"DIVI_RATIO":null,"DIVIDEND_RATE":null,"CURRENT_RATIO":3.793926018597,"COMMON_ACS":30000000000,"CURRENTDEBT_DEBT":72.023589561872,"ISSUED_COMMON_SHARES":523184390,"HK_COMMON_SHARES":523184390,"PER_SHARES":10000,"TOTAL_MARKET_CAP":89987715.08,"HKSK_MARKET_CAP":89987715.08,"PE_TTM":-1.27153375083,"PB_TTM":0.207324424262,"REPORT_DATE_SQ":"2019-12-31 00:00:00","REPORT_TYPE_SQ":"2019年年报","OPERATE_INCOME_SQ":42794664,"DPS_HKD":null,"OPERATE_INCOME_QOQ_SQ":-4.080366275439,"NET_PROFIT_RATIO_SQ":-342.5227913822,"HOLDER_PROFIT_SQ":-149365708.8,"HOLDER_PROFIT_QOQ_SQ":33.175424175976,"ROE_AVG_SQ":-17.39865062569,"PE_TTM_SQ":-2.247645272157,"PB_TTM_SQ":0.298310203593,"ROA_SQ":-14.012578928944,"START_DATE":"2020-07-01 00:00:00","FISCAL_YEAR":"6-30","CURRENCY":"HKD","IS_CNY_CODE":0,"DPS_HKD_LY":null,"ORG_TYPE":"一般企业","PREMIUM_INCOME":null,"PREMIUM_INCOME_YOY":null,"NET_INTEREST_INCOME":null,"NET_INTEREST_INCOME_YOY":null,"FEE_COMMISSION_INCOME":null,"FEE_COMMISSION_INCOME_YOY":null,"ACCOUNTS_RECE_TDAYS":0.282026819004,"INVENTORY_TDAYS":0.271853074701,"CURRENT_ASSETS_TDAYS":0.043832206993,"TOTAL_ASSETS_TDAYS":0.023362981525,"PREMIUM_EXPENSE":null,"LOAN_DEPOSIT":null,"LOAN_EQUITY":null,"LOAN_ASSETS":null,"DEPOSIT_EQUITY":null,"DEPOSIT_ASSETS":null,"EQUITY_MULTIPLIER":1.246036599416,"EQUITY_RATIO":0.246036599415},{"SECUCODE":"00559.HK","SECURITY_CODE":"00559","SECURITY_NAME_ABBR":"德泰新能源集团","ORG_CODE":"10008965","STD_REPORT_DATE":"2020-06-30 00:00:00","REPORT_DATE":"2020-12-31 00:00:00","DATE_TYPE_CODE":"002","REPORT_TYPE":"2020年中报","PER_NETCASH_OPERATE":-0.000703693378,"PER_OI":0.000685139853,"BPS":1.337893616283,"BASIC_EPS":-0.001346624,"DILUTED_EPS":-0.001346624,"OPERATE_INCOME":10753634.28,"OPERATE_INCOME_YOY":-53.1931547301,"GROSS_PROFIT":4321821.4,"GROSS_PROFIT_YOY":-70.460748136705,"HOLDER_PROFIT":-20573048.16,"HOLDER_PROFIT_YOY":-999.1007194245,"GROSS_PROFIT_RATIO":39.647309212527,"EPS_TTM":-0.009516447844,"OPERATE_INCOME_QOQ":-15.774725820571,"NET_PROFIT_RATIO":-196.8911523259,"ROE_AVG":-2.928142281553,"GROSS_PROFIT_QOQ":-21.012828685318,"ROA":-2.305315693575,"HOLDER_PROFIT_QOQ":-63.94212757461,"ROE_YEARLY":-5.856284563106,"ROIC_YEARLY":-6.424250467975,"TOTAL_ASSETS":891052684.4,"TOTAL_LIABILITIES":230179281.96,"TAX_EBT":2.353512606526,"OCF_SALES":-99.749163879599,"TOTAL_PARENT_EQUITY":699965055.52,"DEBT_ASSET_RATIO":25.8322864618,"OPERATE_PROFIT":-14162276.28,"PRETAX_PROFIT":-19060621.08,"NETCASH_OPERATE":-11044841.72,"NETCASH_INVEST":-10099.68,"NETCASH_FINANCE":-5429419.64,"END_CASH":283854872.96,"DIVI_RATIO":null,"DIVIDEND_RATE":null,"CURRENT_RATIO":2.607237749302,"COMMON_ACS":30000000000,"CURRENTDEBT_DEBT":76.102146704255,"ISSUED_COMMON_SHARES":523184390,"HK_COMMON_SHARES":523184390,"PER_SHARES":10000,"TOTAL_MARKET_CAP":94173190.2,"HKSK_MARKET_CAP":94173190.2,"PE_TTM":-1.33067485552,"PB_TTM":0.216967420739,"REPORT_DATE_SQ":"2019-06-30 00:00:00","REPORT_TYPE_SQ":"2019年中报","OPERATE_INCOME_SQ":25177688.46,"DPS_HKD":null,"OPERATE_INCOME_QOQ_SQ":-0.388784871421,"NET_PROFIT_RATIO_SQ":-15.1243462483,"HOLDER_PROFIT_SQ":-1992214.72,"HOLDER_PROFIT_QOQ_SQ":-9.407001692962,"ROE_AVG_SQ":-0.21808229763,"PE_TTM_SQ":-2.472409799373,"PB_TTM_SQ":0.328141223952,"ROA_SQ":-0.177332532785,"START_DATE":"2020-07-01 00:00:00","FISCAL_YEAR":"6-30","CURRENCY":"HKD","IS_CNY_CODE":0,"DPS_HKD_LY":null,"ORG_TYPE":"一般企业","PREMIUM_INCOME":null,"PREMIUM_INCOME_YOY":null,"NET_INTEREST_INCOME":null,"NET_INTEREST_INCOME_YOY":null,"FEE_COMMISSION_INCOME":null,"FEE_COMMISSION_INCOME_YOY":null,"ACCOUNTS_RECE_TDAYS":0.141706870737,"INVENTORY_TDAYS":0.162330692563,"CURRENT_ASSETS_TDAYS":0.023873685051,"TOTAL_ASSETS_TDAYS":0.012407434653,"PREMIUM_EXPENSE":null,"LOAN_DEPOSIT":null,"LOAN_EQUITY":null,"LOAN_ASSETS":null,"DEPOSIT_EQUITY":null,"DEPOSIT_ASSETS":null,"EQUITY_MULTIPLIER":1.348295575385,"EQUITY_RATIO":0.328843961773},{"SECUCODE":"00559.HK","SECURITY_CODE":"00559","SECURITY_NAME_ABBR":"德泰新能源集团","ORG_CODE":"10008965","STD_REPORT_DATE":"2019-12-31 00:00:00","REPORT_DATE":"2020-06-30 00:00:00","DATE_TYPE_CODE":"001","REPORT_TYPE":"2019年年报","PER_NETCASH_OPERATE":-0.000255370433,"PER_OI":0.002726550767,"BPS":1.46294958288,"BASIC_EPS":-0.009499776,"DILUTED_EPS":-0.009499776,"OPERATE_INCOME":42794664,"OPERATE_INCOME_YOY":-22.1990744422,"GROSS_PROFIT":24703984.8,"GROSS_PROFIT_YOY":-30.797988106688,"HOLDER_PROFIT":-149365708.8,"HOLDER_PROFIT_YOY":-5.5022194694,"GROSS_PROFIT_RATIO":57.616205388169,"EPS_TTM":-0.005804760487,"OPERATE_INCOME_QOQ":-4.080366275439,"NET_PROFIT_RATIO":-342.5227913822,"ROE_AVG":-17.39865062569,"GROSS_PROFIT_QOQ":-8.688804403892,"ROA":-14.012578928944,"HOLDER_PROFIT_QOQ":33.175424175976,"ROE_YEARLY":-17.39865062569,"ROIC_YEARLY":-18.181656452086,"TOTAL_ASSETS":970031261.76,"TOTAL_LIABILITIES":246818795.52,"TAX_EBT":5.514855144916,"OCF_SALES":-8.969379829116,"TOTAL_PARENT_EQUITY":765392385.12,"DEBT_ASSET_RATIO":25.4444166131,"OPERATE_PROFIT":-146483805.6,"PRETAX_PROFIT":-150742262.88,"NETCASH_OPERATE":-4008174.72,"NETCASH_INVEST":62897651.52,"NETCASH_FINANCE":-11298339.36,"END_CASH":323395211.04,"DIVI_RATIO":null,"DIVIDEND_RATE":null,"CURRENT_RATIO":6.49290348037,"COMMON_ACS":30000000000,"CURRENTDEBT_DEBT":31.889877427759,"ISSUED_COMMON_SHARES":523184390,"HK_COMMON_SHARES":523184390,"PER_SHARES":10000,"TOTAL_MARKET_CAP":94173190.2,"HKSK_MARKET_CAP":94173190.2,"PE_TTM":-1.33067485552,"PB_TTM":0.216967420739,"REPORT_DATE_SQ":"2018-12-31 00:00:00","REPORT_TYPE_SQ":"2018年年报","OPERATE_INCOME_SQ":55313900.46,"DPS_HKD":null,"OPERATE_INCOME_QOQ_SQ":9.963647363175,"NET_PROFIT_RATIO_SQ":-268.6534883351,"HOLDER_PROFIT_SQ":-136340262.72,"HOLDER_PROFIT_QOQ_SQ":5.706601433552,"ROE_AVG_SQ":-14.218164688787,"PE_TTM_SQ":-2.472409799373,"PB_TTM_SQ":0.328141223952,"ROA_SQ":-11.559424475026,"START_DATE":"2019-07-01 00:00:00","FISCAL_YEAR":"6-30","CURRENCY":"HKD","IS_CNY_CODE":0,"DPS_HKD_LY":null,"ORG_TYPE":"一般企业","PREMIUM_INCOME":null,"PREMIUM_INCOME_YOY":null,"NET_INTEREST_INCOME":null,"NET_INTEREST_INCOME_YOY":null,"FEE_COMMISSION_INCOME":null,"FEE_COMMISSION_INCOME_YOY":null,"ACCOUNTS_RECE_TDAYS":0.789059276289,"INVENTORY_TDAYS":0.425089179548,"CURRENT_ASSETS_TDAYS":0.083167653661,"TOTAL_ASSETS_TDAYS":0.041922907679,"PREMIUM_EXPENSE":null,"LOAN_DEPOSIT":null,"LOAN_EQUITY":null,"LOAN_ASSETS":null,"DEPOSIT_EQUITY":null,"DEPOSIT_ASSETS":null,"EQUITY_MULTIPLIER":1.341281168455,"EQUITY_RATIO":0.322473544705}],"count":46},"success":true,"message":"ok","code":0}