{"version":"ecd9cb491121f2d4a1f7bd356c6342a0","result":{"pages":5,"data":[{"SECUCODE":"00554.HK","SECURITY_CODE":"00554","SECURITY_NAME_ABBR":"汉思集团控股","ORG_CODE":"10008962","STD_REPORT_DATE":"2024-06-30 00:00:00","REPORT_DATE":"2024-06-30 00:00:00","DATE_TYPE_CODE":"002","REPORT_TYPE":"2024年中报","PER_NETCASH_OPERATE":0.006730967655,"PER_OI":0.170985724092,"BPS":0.242723673979,"BASIC_EPS":-0.00501974,"DILUTED_EPS":-0.00501974,"OPERATE_INCOME":676528613.4,"OPERATE_INCOME_YOY":65.692820436,"GROSS_PROFIT":26615574.16,"GROSS_PROFIT_YOY":-36.092087193596,"HOLDER_PROFIT":-19482979.96,"HOLDER_PROFIT_YOY":-419.7711224738,"GROSS_PROFIT_RATIO":3.934138724191,"EPS_TTM":-0.012012063171,"OPERATE_INCOME_QOQ":30.721017290364,"NET_PROFIT_RATIO":-2.8295256019,"ROE_AVG":-1.825993830952,"GROSS_PROFIT_QOQ":-18.598481334825,"ROA":-1.074260989511,"HOLDER_PROFIT_QOQ":-49.31173759901,"ROE_YEARLY":-3.651987661903,"ROIC_YEARLY":-2.637477772112,"TOTAL_ASSETS":1841098253.92,"TOTAL_LIABILITIES":793300543.32,"TAX_EBT":-8.984151727721,"OCF_SALES":3.936567038334,"TOTAL_PARENT_EQUITY":1028069219.72,"DEBT_ASSET_RATIO":43.0884414578,"OPERATE_PROFIT":-5898650.84,"PRETAX_PROFIT":-17564526.6,"NETCASH_OPERATE":26632002.4,"NETCASH_INVEST":-153669756.96,"NETCASH_FINANCE":77057572.4,"END_CASH":291071905.6,"DIVI_RATIO":null,"DIVIDEND_RATE":null,"CURRENT_RATIO":0.782426924799,"COMMON_ACS":10000000000,"CURRENTDEBT_DEBT":91.967662180928,"ISSUED_COMMON_SHARES":4235553965,"HK_COMMON_SHARES":4235553965,"PER_SHARES":2000,"TOTAL_MARKET_CAP":957235196.09,"HKSK_MARKET_CAP":957235196.09,"PE_TTM":-18.280057215507,"PB_TTM":0.849796299714,"REPORT_DATE_SQ":"2023-06-30 00:00:00","REPORT_TYPE_SQ":"2023年中报","OPERATE_INCOME_SQ":412463426.66,"DPS_HKD":null,"OPERATE_INCOME_QOQ_SQ":15.21789654723,"NET_PROFIT_RATIO_SQ":-0.671708016,"HOLDER_PROFIT_SQ":-3786571.86,"HOLDER_PROFIT_QOQ_SQ":4256.9415450122,"ROE_AVG_SQ":-0.33865894521,"PE_TTM_SQ":71.554489108097,"PB_TTM_SQ":0.562309261568,"ROA_SQ":-0.205906410598,"START_DATE":"2024-01-01 00:00:00","FISCAL_YEAR":"12-31","CURRENCY":"HKD","IS_CNY_CODE":0,"DPS_HKD_LY":null,"ORG_TYPE":"一般企业","PREMIUM_INCOME":null,"PREMIUM_INCOME_YOY":null,"NET_INTEREST_INCOME":null,"NET_INTEREST_INCOME_YOY":null,"FEE_COMMISSION_INCOME":null,"FEE_COMMISSION_INCOME_YOY":null,"ACCOUNTS_RECE_TDAYS":6.124454689669,"INVENTORY_TDAYS":4.198017992525,"CURRENT_ASSETS_TDAYS":1.162663575662,"TOTAL_ASSETS_TDAYS":0.373027277734,"PREMIUM_EXPENSE":null,"LOAN_DEPOSIT":null,"LOAN_EQUITY":null,"LOAN_ASSETS":null,"DEPOSIT_EQUITY":null,"DEPOSIT_ASSETS":null,"EQUITY_MULTIPLIER":1.757112308317,"EQUITY_RATIO":0.771641177562},{"SECUCODE":"00554.HK","SECURITY_CODE":"00554","SECURITY_NAME_ABBR":"汉思集团控股","ORG_CODE":"10008962","STD_REPORT_DATE":"2023-12-31 00:00:00","REPORT_DATE":"2023-12-31 00:00:00","DATE_TYPE_CODE":"001","REPORT_TYPE":"2023年年报","PER_NETCASH_OPERATE":0.033207057785,"PER_OI":0.217244724486,"BPS":0.259248790589,"BASIC_EPS":-0.008246602,"DILUTED_EPS":-0.008246602,"OPERATE_INCOME":859558732.2,"OPERATE_INCOME_YOY":36.5055242059,"GROSS_PROFIT":80819418.26,"GROSS_PROFIT_YOY":-3.355253437612,"HOLDER_PROFIT":-31830977.5,"HOLDER_PROFIT_YOY":-17068.5990338164,"GROSS_PROFIT_RATIO":9.402431181537,"EPS_TTM":-0.008044955717,"OPERATE_INCOME_QOQ":20.193554480171,"NET_PROFIT_RATIO":-3.4864155359,"ROE_AVG":-2.928625742891,"GROSS_PROFIT_QOQ":-3.376831043482,"ROA":-1.78582686453,"HOLDER_PROFIT_QOQ":-495.107385915244,"ROE_YEARLY":-2.928625742891,"ROIC_YEARLY":-2.093748677436,"TOTAL_ASSETS":1773493383.06,"TOTAL_LIABILITIES":656054344.12,"TAX_EBT":-13.064141137856,"OCF_SALES":15.2855531307,"TOTAL_PARENT_EQUITY":1098062242.9,"DEBT_ASSET_RATIO":36.992207041,"OPERATE_PROFIT":2222051.44,"PRETAX_PROFIT":-26505122.56,"NETCASH_OPERATE":131388306.7,"NETCASH_INVEST":108781742.58,"NETCASH_FINANCE":-46867885.96,"END_CASH":339707441.64,"DIVI_RATIO":null,"DIVIDEND_RATE":null,"CURRENT_RATIO":2.375596056519,"COMMON_ACS":10000000000,"CURRENTDEBT_DEBT":37.774088122595,"ISSUED_COMMON_SHARES":4235553965,"HK_COMMON_SHARES":4235553965,"PER_SHARES":2000,"TOTAL_MARKET_CAP":974177411.95,"HKSK_MARKET_CAP":974177411.95,"PE_TTM":-18.603598051179,"PB_TTM":0.864836942186,"REPORT_DATE_SQ":"2022-12-31 00:00:00","REPORT_TYPE_SQ":"2022年年报","OPERATE_INCOME_SQ":620689552.77,"DPS_HKD":null,"OPERATE_INCOME_QOQ_SQ":12.836532277694,"NET_PROFIT_RATIO_SQ":0.2406271273,"HOLDER_PROFIT_SQ":184906.89,"HOLDER_PROFIT_QOQ_SQ":-94.759695268108,"ROE_AVG_SQ":0.016434029874,"PE_TTM_SQ":76.839763871763,"PB_TTM_SQ":0.603843468388,"ROA_SQ":0.009710457154,"START_DATE":"2023-01-01 00:00:00","FISCAL_YEAR":"12-31","CURRENCY":"HKD","IS_CNY_CODE":0,"DPS_HKD_LY":null,"ORG_TYPE":"一般企业","PREMIUM_INCOME":null,"PREMIUM_INCOME_YOY":null,"NET_INTEREST_INCOME":null,"NET_INTEREST_INCOME_YOY":null,"FEE_COMMISSION_INCOME":null,"FEE_COMMISSION_INCOME_YOY":null,"ACCOUNTS_RECE_TDAYS":5.215361648664,"INVENTORY_TDAYS":5.624475156021,"CURRENT_ASSETS_TDAYS":1.572381415758,"TOTAL_ASSETS_TDAYS":0.482241890185,"PREMIUM_EXPENSE":null,"LOAN_DEPOSIT":null,"LOAN_EQUITY":null,"LOAN_ASSETS":null,"DEPOSIT_EQUITY":null,"DEPOSIT_ASSETS":null,"EQUITY_MULTIPLIER":1.587105265932,"EQUITY_RATIO":0.597465533818},{"SECUCODE":"00554.HK","SECURITY_CODE":"00554","SECURITY_NAME_ABBR":"汉思集团控股","ORG_CODE":"10008962","STD_REPORT_DATE":"2023-06-30 00:00:00","REPORT_DATE":"2023-06-30 00:00:00","DATE_TYPE_CODE":"002","REPORT_TYPE":"2023年中报","PER_NETCASH_OPERATE":0.017457006095,"PER_OI":0.10424593472,"BPS":0.269572154499,"BASIC_EPS":-0.001014178,"DILUTED_EPS":-0.001014178,"OPERATE_INCOME":412463426.66,"OPERATE_INCOME_YOY":20.306516501,"GROSS_PROFIT":41646758.58,"GROSS_PROFIT_YOY":0.044861421357,"HOLDER_PROFIT":-3786571.86,"HOLDER_PROFIT_YOY":69.8723591549,"GROSS_PROFIT_RATIO":10.097079131898,"EPS_TTM":0.002036144098,"OPERATE_INCOME_QOQ":15.21789654723,"NET_PROFIT_RATIO":-0.671708016,"ROE_AVG":-0.33865894521,"GROSS_PROFIT_QOQ":0.022331709986,"ROA":-0.205906410598,"HOLDER_PROFIT_QOQ":4256.9415450122,"ROE_YEARLY":-0.677317890419,"ROIC_YEARLY":-0.457172626079,"TOTAL_ASSETS":1855449714.76,"TOTAL_LIABILITIES":695053984.58,"TAX_EBT":-15.621392843401,"OCF_SALES":16.745982604886,"TOTAL_PARENT_EQUITY":1141787407.84,"DEBT_ASSET_RATIO":37.4601358932,"OPERATE_PROFIT":12231908.66,"PRETAX_PROFIT":-2396226.02,"NETCASH_OPERATE":69071053.68,"NETCASH_INVEST":-8205622,"NETCASH_FINANCE":-28328757.48,"END_CASH":178251003.3,"DIVI_RATIO":null,"DIVIDEND_RATE":null,"CURRENT_RATIO":1.939075058949,"COMMON_ACS":10000000000,"CURRENTDEBT_DEBT":38.535107465336,"ISSUED_COMMON_SHARES":4235553965,"HK_COMMON_SHARES":4235553965,"PER_SHARES":2000,"TOTAL_MARKET_CAP":974177411.95,"HKSK_MARKET_CAP":974177411.95,"PE_TTM":-18.603598051179,"PB_TTM":0.864836942186,"REPORT_DATE_SQ":"2022-06-30 00:00:00","REPORT_TYPE_SQ":"2022年中报","OPERATE_INCOME_SQ":318007532.64,"DPS_HKD":null,"OPERATE_INCOME_QOQ_SQ":-65.888715312018,"NET_PROFIT_RATIO_SQ":-3.3800718558,"HOLDER_PROFIT_SQ":-11657950.08,"HOLDER_PROFIT_QOQ_SQ":126.894397292103,"ROE_AVG_SQ":-1.027134834805,"PE_TTM_SQ":76.433204274558,"PB_TTM_SQ":0.600648529402,"ROA_SQ":-0.597830627374,"START_DATE":"2023-01-01 00:00:00","FISCAL_YEAR":"12-31","CURRENCY":"HKD","IS_CNY_CODE":0,"DPS_HKD_LY":null,"ORG_TYPE":"一般企业","PREMIUM_INCOME":null,"PREMIUM_INCOME_YOY":null,"NET_INTEREST_INCOME":null,"NET_INTEREST_INCOME_YOY":null,"FEE_COMMISSION_INCOME":null,"FEE_COMMISSION_INCOME_YOY":null,"ACCOUNTS_RECE_TDAYS":1.847360586045,"INVENTORY_TDAYS":2.87107516481,"CURRENT_ASSETS_TDAYS":0.798774075245,"TOTAL_ASSETS_TDAYS":0.224289586535,"PREMIUM_EXPENSE":null,"LOAN_DEPOSIT":null,"LOAN_EQUITY":null,"LOAN_ASSETS":null,"DEPOSIT_EQUITY":null,"DEPOSIT_ASSETS":null,"EQUITY_MULTIPLIER":1.598980129366,"EQUITY_RATIO":0.60874203009},{"SECUCODE":"00554.HK","SECURITY_CODE":"00554","SECURITY_NAME_ABBR":"汉思集团控股","ORG_CODE":"10008962","STD_REPORT_DATE":"2022-12-31 00:00:00","REPORT_DATE":"2022-12-31 00:00:00","DATE_TYPE_CODE":"001","REPORT_TYPE":"2022年年报","PER_NETCASH_OPERATE":0.066387073212,"PER_OI":0.15687296962,"BPS":0.250344612023,"BASIC_EPS":0.000089327,"DILUTED_EPS":0.000089327,"OPERATE_INCOME":620689552.77,"OPERATE_INCOME_YOY":-64.8135197722,"GROSS_PROFIT":83625257.59,"GROSS_PROFIT_YOY":-4.250639762909,"HOLDER_PROFIT":184906.89,"HOLDER_PROFIT_YOY":101.2899607403,"GROSS_PROFIT_RATIO":13.472960390069,"EPS_TTM":0.000046733335,"OPERATE_INCOME_QOQ":12.836532277694,"NET_PROFIT_RATIO":0.2406271273,"ROE_AVG":0.016434029874,"GROSS_PROFIT_QOQ":11.922068628361,"ROA":0.009710457154,"HOLDER_PROFIT_QOQ":-94.759695268108,"ROE_YEARLY":0.016434029874,"ROIC_YEARLY":0.010500258702,"TOTAL_ASSETS":1765752713.83,"TOTAL_LIABILITIES":687552598.81,"TAX_EBT":51.310425160163,"OCF_SALES":42.319000764193,"TOTAL_PARENT_EQUITY":1060348114.07,"DEBT_ASSET_RATIO":38.9382156077,"OPERATE_PROFIT":49449640.66,"PRETAX_PROFIT":3067489.18,"NETCASH_OPERATE":262669616.58,"NETCASH_INVEST":-5237242.01,"NETCASH_FINANCE":-164645739.86,"END_CASH":144975041.19,"DIVI_RATIO":null,"DIVIDEND_RATE":null,"CURRENT_RATIO":1.731775587576,"COMMON_ACS":10000000000,"CURRENTDEBT_DEBT":41.773645159237,"ISSUED_COMMON_SHARES":4235553965,"HK_COMMON_SHARES":4235553965,"PER_SHARES":2000,"TOTAL_MARKET_CAP":974177411.95,"HKSK_MARKET_CAP":974177411.95,"PE_TTM":-18.603598051179,"PB_TTM":0.864836942186,"REPORT_DATE_SQ":"2021-12-31 00:00:00","REPORT_TYPE_SQ":"2021年年报","OPERATE_INCOME_SQ":1614569499.2,"DPS_HKD":null,"OPERATE_INCOME_QOQ_SQ":-36.23956404282,"NET_PROFIT_RATIO_SQ":-0.6853725338,"HOLDER_PROFIT_SQ":-13120027.2,"HOLDER_PROFIT_QOQ_SQ":55.178097063846,"ROE_AVG_SQ":-1.394640017834,"PE_TTM_SQ":76.839763871763,"PB_TTM_SQ":0.603843468388,"ROA_SQ":-0.745125134774,"START_DATE":"2022-01-01 00:00:00","FISCAL_YEAR":"12-31","CURRENCY":"HKD","IS_CNY_CODE":0,"DPS_HKD_LY":null,"ORG_TYPE":"一般企业","PREMIUM_INCOME":null,"PREMIUM_INCOME_YOY":null,"NET_INTEREST_INCOME":null,"NET_INTEREST_INCOME_YOY":null,"FEE_COMMISSION_INCOME":null,"FEE_COMMISSION_INCOME_YOY":null,"ACCOUNTS_RECE_TDAYS":1.946026104747,"INVENTORY_TDAYS":4.534364040876,"CURRENT_ASSETS_TDAYS":1.103139461965,"TOTAL_ASSETS_TDAYS":0.32595752965,"PREMIUM_EXPENSE":null,"LOAN_DEPOSIT":null,"LOAN_EQUITY":null,"LOAN_ASSETS":null,"DEPOSIT_EQUITY":null,"DEPOSIT_ASSETS":null,"EQUITY_MULTIPLIER":1.637685517959,"EQUITY_RATIO":0.648421579373},{"SECUCODE":"00554.HK","SECURITY_CODE":"00554","SECURITY_NAME_ABBR":"汉思集团控股","ORG_CODE":"10008962","STD_REPORT_DATE":"2022-06-30 00:00:00","REPORT_DATE":"2022-06-30 00:00:00","DATE_TYPE_CODE":"002","REPORT_TYPE":"2022年中报","PER_NETCASH_OPERATE":0.046723323562,"PER_OI":0.080373168493,"BPS":0.266972560667,"BASIC_EPS":-0.002993165,"DILUTED_EPS":-0.002993165,"OPERATE_INCOME":318007532.64,"OPERATE_INCOME_YOY":-77.5872897241,"GROSS_PROFIT":41628083.63,"GROSS_PROFIT_YOY":-20.372847112628,"HOLDER_PROFIT":-11657950.08,"HOLDER_PROFIT_YOY":59.9282753755,"GROSS_PROFIT_RATIO":13.0902822598,"EPS_TTM":0.000891805679,"OPERATE_INCOME_QOQ":-65.888715312018,"NET_PROFIT_RATIO":-3.3800718558,"ROE_AVG":-1.027134834805,"GROSS_PROFIT_QOQ":-12.476176209342,"ROA":-0.597830627374,"HOLDER_PROFIT_QOQ":126.894397292103,"ROE_YEARLY":-2.054269669609,"ROIC_YEARLY":-1.312622363255,"TOTAL_ASSETS":1944507931.87,"TOTAL_LIABILITIES":796258857.1,"TAX_EBT":-4.289744440757,"OCF_SALES":58.132986962695,"TOTAL_PARENT_EQUITY":1130776687.88,"DEBT_ASSET_RATIO":40.9491184916,"OPERATE_PROFIT":13175912.33,"PRETAX_PROFIT":-10306749.88,"NETCASH_OPERATE":184867277.49,"NETCASH_INVEST":-35174819.89,"NETCASH_FINANCE":12907382.67,"END_CASH":211683470.32,"DIVI_RATIO":null,"DIVIDEND_RATE":null,"CURRENT_RATIO":1.568808684036,"COMMON_ACS":10000000000,"CURRENTDEBT_DEBT":44.701586312816,"ISSUED_COMMON_SHARES":4235553965,"HK_COMMON_SHARES":4235553965,"PER_SHARES":2000,"TOTAL_MARKET_CAP":974177411.95,"HKSK_MARKET_CAP":974177411.95,"PE_TTM":-18.603598051179,"PB_TTM":0.864836942186,"REPORT_DATE_SQ":"2021-06-30 00:00:00","REPORT_TYPE_SQ":"2021年中报","OPERATE_INCOME_SQ":1380528890.4,"DPS_HKD":null,"OPERATE_INCOME_QOQ_SQ":21.0775583102,"NET_PROFIT_RATIO_SQ":-1.9721179172,"HOLDER_PROFIT_SQ":-28306529.52,"HOLDER_PROFIT_QOQ_SQ":13.25831403257,"ROE_AVG_SQ":-3.512855290787,"PE_TTM_SQ":76.433204274558,"PB_TTM_SQ":0.600648529402,"ROA_SQ":-1.70534980249,"START_DATE":"2022-01-01 00:00:00","FISCAL_YEAR":"12-31","CURRENCY":"HKD","IS_CNY_CODE":0,"DPS_HKD_LY":null,"ORG_TYPE":"一般企业","PREMIUM_INCOME":null,"PREMIUM_INCOME_YOY":null,"NET_INTEREST_INCOME":null,"NET_INTEREST_INCOME_YOY":null,"FEE_COMMISSION_INCOME":null,"FEE_COMMISSION_INCOME_YOY":null,"ACCOUNTS_RECE_TDAYS":1.043725747486,"INVENTORY_TDAYS":2.32786743547,"CURRENT_ASSETS_TDAYS":0.548499008779,"TOTAL_ASSETS_TDAYS":0.163077248953,"PREMIUM_EXPENSE":null,"LOAN_DEPOSIT":null,"LOAN_EQUITY":null,"LOAN_ASSETS":null,"DEPOSIT_EQUITY":null,"DEPOSIT_ASSETS":null,"EQUITY_MULTIPLIER":1.693454821428,"EQUITY_RATIO":0.70416985567},{"SECUCODE":"00554.HK","SECURITY_CODE":"00554","SECURITY_NAME_ABBR":"汉思集团控股","ORG_CODE":"10008962","STD_REPORT_DATE":"2021-12-31 00:00:00","REPORT_DATE":"2021-12-31 00:00:00","DATE_TYPE_CODE":"001","REPORT_TYPE":"2021年年报","PER_NETCASH_OPERATE":0.02973096169,"PER_OI":0.408066014429,"BPS":0.257142974969,"BASIC_EPS":-0.00335216,"DILUTED_EPS":-0.00335216,"OPERATE_INCOME":1614569499.2,"OPERATE_INCOME_YOY":-20.530511631,"GROSS_PROFIT":87337667.2,"GROSS_PROFIT_YOY":56.288406365165,"HOLDER_PROFIT":-13120027.2,"HOLDER_PROFIT_YOY":59.9775533109,"GROSS_PROFIT_RATIO":5.293815828567,"EPS_TTM":-0.003315953393,"OPERATE_INCOME_QOQ":-36.23956404282,"NET_PROFIT_RATIO":-0.6853725338,"ROE_AVG":-1.394640017834,"GROSS_PROFIT_QOQ":-3.511285029029,"ROA":-0.745125134774,"HOLDER_PROFIT_QOQ":55.178097063846,"ROE_YEARLY":-1.394640017834,"ROIC_YEARLY":-0.844920917993,"TOTAL_ASSETS":1869619001.6,"TOTAL_LIABILITIES":763925377.6,"TAX_EBT":-65.783664459161,"OCF_SALES":7.294720329676,"TOTAL_PARENT_EQUITY":1089142947.2,"DEBT_ASSET_RATIO":40.8599493772,"OPERATE_PROFIT":38247328,"PRETAX_PROFIT":-6666710.4,"NETCASH_OPERATE":117634652.8,"NETCASH_INVEST":-213891518.4,"NETCASH_FINANCE":-86676228.8,"END_CASH":51607729.6,"DIVI_RATIO":null,"DIVIDEND_RATE":null,"CURRENT_RATIO":2.01603485164,"COMMON_ACS":10000000000,"CURRENTDEBT_DEBT":37.317667557481,"ISSUED_COMMON_SHARES":4235553965,"HK_COMMON_SHARES":4235553965,"PER_SHARES":2000,"TOTAL_MARKET_CAP":974177411.95,"HKSK_MARKET_CAP":974177411.95,"PE_TTM":-18.603598051179,"PB_TTM":0.864836942186,"REPORT_DATE_SQ":"2020-12-31 00:00:00","REPORT_TYPE_SQ":"2020年年报","OPERATE_INCOME_SQ":2088871365.84,"DPS_HKD":null,"OPERATE_INCOME_QOQ_SQ":80.263567114713,"NET_PROFIT_RATIO_SQ":-1.5849109515,"HOLDER_PROFIT_SQ":-33745555.8,"HOLDER_PROFIT_QOQ_SQ":63.192467422395,"ROE_AVG_SQ":-4.203398572763,"PE_TTM_SQ":76.839763871763,"PB_TTM_SQ":0.603843468388,"ROA_SQ":-1.95825610444,"START_DATE":"2021-01-01 00:00:00","FISCAL_YEAR":"12-31","CURRENCY":"HKD","IS_CNY_CODE":0,"DPS_HKD_LY":null,"ORG_TYPE":"一般企业","PREMIUM_INCOME":null,"PREMIUM_INCOME_YOY":null,"NET_INTEREST_INCOME":null,"NET_INTEREST_INCOME_YOY":null,"FEE_COMMISSION_INCOME":null,"FEE_COMMISSION_INCOME_YOY":null,"ACCOUNTS_RECE_TDAYS":4.125636807112,"INVENTORY_TDAYS":11.710372887306,"CURRENT_ASSETS_TDAYS":2.257066643475,"TOTAL_ASSETS_TDAYS":0.915843161073,"PREMIUM_EXPENSE":null,"LOAN_DEPOSIT":null,"LOAN_EQUITY":null,"LOAN_ASSETS":null,"DEPOSIT_EQUITY":null,"DEPOSIT_ASSETS":null,"EQUITY_MULTIPLIER":1.690901494789,"EQUITY_RATIO":0.701400472329},{"SECUCODE":"00554.HK","SECURITY_CODE":"00554","SECURITY_NAME_ABBR":"汉思集团控股","ORG_CODE":"10008962","STD_REPORT_DATE":"2021-06-30 00:00:00","REPORT_DATE":"2021-06-30 00:00:00","DATE_TYPE_CODE":"002","REPORT_TYPE":"2021年中报","PER_NETCASH_OPERATE":0.01072444628,"PER_OI":0.348914631665,"BPS":0.190108261544,"BASIC_EPS":-0.007239096,"DILUTED_EPS":-0.007239096,"OPERATE_INCOME":1380528890.4,"OPERATE_INCOME_YOY":61.1829258578,"GROSS_PROFIT":52278754.32,"GROSS_PROFIT_YOY":165.556922342755,"HOLDER_PROFIT":-28306529.52,"HOLDER_PROFIT_YOY":5.2052275197,"GROSS_PROFIT_RATIO":3.786864199912,"EPS_TTM":-0.007398064731,"OPERATE_INCOME_QOQ":21.0775583102,"NET_PROFIT_RATIO":-1.9721179172,"ROE_AVG":-3.512855290787,"GROSS_PROFIT_QOQ":58.323036066851,"ROA":-1.70534980249,"HOLDER_PROFIT_QOQ":13.25831403257,"ROE_YEARLY":-7.025710581574,"ROIC_YEARLY":-4.195877509337,"TOTAL_ASSETS":1638531936,"TOTAL_LIABILITIES":817825637.52,"TAX_EBT":-1.043789759743,"OCF_SALES":3.073659086389,"TOTAL_PARENT_EQUITY":805213800.96,"DEBT_ASSET_RATIO":49.9120962828,"OPERATE_PROFIT":-4005633.12,"PRETAX_PROFIT":-26944414.56,"NETCASH_OPERATE":42432751.68,"NETCASH_INVEST":-11045029.92,"NETCASH_FINANCE":-32732363.04,"END_CASH":238173747.12,"DIVI_RATIO":null,"DIVIDEND_RATE":null,"CURRENT_RATIO":2.801208537466,"COMMON_ACS":10000000000,"CURRENTDEBT_DEBT":36.924351057974,"ISSUED_COMMON_SHARES":4235553965,"HK_COMMON_SHARES":4235553965,"PER_SHARES":2000,"TOTAL_MARKET_CAP":974177411.95,"HKSK_MARKET_CAP":974177411.95,"PE_TTM":-18.603598051179,"PB_TTM":0.864836942186,"REPORT_DATE_SQ":"2020-06-30 00:00:00","REPORT_TYPE_SQ":"2020年中报","OPERATE_INCOME_SQ":940245810.24,"DPS_HKD":null,"OPERATE_INCOME_QOQ_SQ":310.871079750137,"NET_PROFIT_RATIO_SQ":-3.5577930064,"HOLDER_PROFIT_SQ":-32780621.28,"HOLDER_PROFIT_QOQ_SQ":-109.232000288924,"ROE_AVG_SQ":-3.910464772909,"PE_TTM_SQ":76.839763871763,"PB_TTM_SQ":0.603843468388,"ROA_SQ":-1.657907526393,"START_DATE":"2021-01-01 00:00:00","FISCAL_YEAR":"12-31","CURRENCY":"HKD","IS_CNY_CODE":0,"DPS_HKD_LY":null,"ORG_TYPE":"一般企业","PREMIUM_INCOME":null,"PREMIUM_INCOME_YOY":null,"NET_INTEREST_INCOME":null,"NET_INTEREST_INCOME_YOY":null,"FEE_COMMISSION_INCOME":null,"FEE_COMMISSION_INCOME_YOY":null,"ACCOUNTS_RECE_TDAYS":3.430906968497,"INVENTORY_TDAYS":8.328121413218,"CURRENT_ASSETS_TDAYS":1.609727464126,"TOTAL_ASSETS_TDAYS":0.8317108139,"PREMIUM_EXPENSE":null,"LOAN_DEPOSIT":null,"LOAN_EQUITY":null,"LOAN_ASSETS":null,"DEPOSIT_EQUITY":null,"DEPOSIT_ASSETS":null,"EQUITY_MULTIPLIER":1.996490022114,"EQUITY_RATIO":1.015662717833},{"SECUCODE":"00554.HK","SECURITY_CODE":"00554","SECURITY_NAME_ABBR":"汉思集团控股","ORG_CODE":"10008962","STD_REPORT_DATE":"2020-12-31 00:00:00","REPORT_DATE":"2020-12-31 00:00:00","DATE_TYPE_CODE":"001","REPORT_TYPE":"2020年年报","PER_NETCASH_OPERATE":-0.070528950326,"PER_OI":0.527940985716,"BPS":0.192571653819,"BASIC_EPS":-0.009005548,"DILUTED_EPS":-0.009005548,"OPERATE_INCOME":2088871365.84,"OPERATE_INCOME_YOY":688.2945576395,"GROSS_PROFIT":55882371.08,"GROSS_PROFIT_YOY":49.037305250764,"HOLDER_PROFIT":-33745555.8,"HOLDER_PROFIT_YOY":-103.6166585485,"GROSS_PROFIT_RATIO":2.675242333916,"EPS_TTM":-0.008528845904,"OPERATE_INCOME_QOQ":80.263567114713,"NET_PROFIT_RATIO":-1.5849109515,"ROE_AVG":-4.203398572763,"GROSS_PROFIT_QOQ":30.190289557566,"ROA":-1.95825610444,"HOLDER_PROFIT_QOQ":63.192467422395,"ROE_YEARLY":-4.203398572763,"ROIC_YEARLY":-2.931956238935,"TOTAL_ASSETS":1700516787.2,"TOTAL_LIABILITIES":870467011.64,"TAX_EBT":-2.592457357467,"OCF_SALES":-13.359248899838,"TOTAL_PARENT_EQUITY":815647631.88,"DEBT_ASSET_RATIO":51.1883809788,"OPERATE_PROFIT":9723466.92,"PRETAX_PROFIT":-32270160.88,"NETCASH_OPERATE":-279057524.96,"NETCASH_INVEST":-208496952.28,"NETCASH_FINANCE":-98797594.68,"END_CASH":240601310.08,"DIVI_RATIO":null,"DIVIDEND_RATE":null,"CURRENT_RATIO":2.753890558279,"COMMON_ACS":10000000000,"CURRENTDEBT_DEBT":36.681617905131,"ISSUED_COMMON_SHARES":4235553965,"HK_COMMON_SHARES":4235553965,"PER_SHARES":2000,"TOTAL_MARKET_CAP":974177411.95,"HKSK_MARKET_CAP":974177411.95,"PE_TTM":-18.603598051179,"PB_TTM":0.864836942186,"REPORT_DATE_SQ":"2019-12-31 00:00:00","REPORT_TYPE_SQ":"2019年年报","OPERATE_INCOME_SQ":282031854.1,"DPS_HKD":null,"OPERATE_INCOME_QOQ_SQ":125.198773473224,"NET_PROFIT_RATIO_SQ":350.4305293081,"HOLDER_PROFIT_SQ":993079623.6,"HOLDER_PROFIT_QOQ_SQ":-0.036217642599,"ROE_AVG_SQ":257.270260015571,"PE_TTM_SQ":76.839763871763,"PB_TTM_SQ":0.603843468388,"ROA_SQ":55.02860333809,"START_DATE":"2020-01-01 00:00:00","FISCAL_YEAR":"12-31","CURRENCY":"HKD","IS_CNY_CODE":0,"DPS_HKD_LY":null,"ORG_TYPE":"一般企业","PREMIUM_INCOME":null,"PREMIUM_INCOME_YOY":null,"NET_INTEREST_INCOME":null,"NET_INTEREST_INCOME_YOY":null,"FEE_COMMISSION_INCOME":null,"FEE_COMMISSION_INCOME_YOY":null,"ACCOUNTS_RECE_TDAYS":7.184278512781,"INVENTORY_TDAYS":14.91782412411,"CURRENT_ASSETS_TDAYS":2.119025074941,"TOTAL_ASSETS_TDAYS":1.212172982952,"PREMIUM_EXPENSE":null,"LOAN_DEPOSIT":null,"LOAN_EQUITY":null,"LOAN_ASSETS":null,"DEPOSIT_EQUITY":null,"DEPOSIT_ASSETS":null,"EQUITY_MULTIPLIER":2.048692545039,"EQUITY_RATIO":1.067209635163},{"SECUCODE":"00554.HK","SECURITY_CODE":"00554","SECURITY_NAME_ABBR":"汉思集团控股","ORG_CODE":"10008962","STD_REPORT_DATE":"2020-06-30 00:00:00","REPORT_DATE":"2020-06-30 00:00:00","DATE_TYPE_CODE":"002","REPORT_TYPE":"2020年中报","PER_NETCASH_OPERATE":-0.009462961948,"PER_OI":0.251898472405,"BPS":0.193405920389,"BASIC_EPS":-0.008951712,"DILUTED_EPS":-0.008951712,"OPERATE_INCOME":940245810.24,"OPERATE_INCOME_YOY":1326.1610507648,"GROSS_PROFIT":19686458.88,"GROSS_PROFIT_YOY":38.069113902129,"HOLDER_PROFIT":-32780621.28,"HOLDER_PROFIT_YOY":-103.000851246,"GROSS_PROFIT_RATIO":2.09375661828,"EPS_TTM":-0.02456201585,"OPERATE_INCOME_QOQ":310.871079750137,"NET_PROFIT_RATIO":-3.5577930064,"ROE_AVG":-3.910464772909,"GROSS_PROFIT_QOQ":14.476514152666,"ROA":-1.657907526393,"HOLDER_PROFIT_QOQ":-109.232000288924,"ROE_YEARLY":-7.820929545819,"ROIC_YEARLY":-5.80551359593,"TOTAL_ASSETS":2059534994.88,"TOTAL_LIABILITIES":1227274234.56,"TAX_EBT":0.323888843526,"OCF_SALES":-3.756657139582,"TOTAL_PARENT_EQUITY":819181212.96,"DEBT_ASSET_RATIO":59.589870413,"OPERATE_PROFIT":-11268195.84,"PRETAX_PROFIT":-33560699.04,"NETCASH_OPERATE":-35321811.36,"NETCASH_INVEST":-25319643.36,"NETCASH_FINANCE":-46425588,"END_CASH":778847356.32,"DIVI_RATIO":null,"DIVIDEND_RATE":null,"CURRENT_RATIO":2.084585195745,"COMMON_ACS":10000000000,"CURRENTDEBT_DEBT":52.418698188563,"ISSUED_COMMON_SHARES":4235553965,"HK_COMMON_SHARES":4235553965,"PER_SHARES":2000,"TOTAL_MARKET_CAP":974177411.95,"HKSK_MARKET_CAP":974177411.95,"PE_TTM":-18.603598051179,"PB_TTM":0.864836942186,"REPORT_DATE_SQ":"2019-06-30 00:00:00","REPORT_TYPE_SQ":"2019年中报","OPERATE_INCOME_SQ":63490340.16,"DPS_HKD":null,"OPERATE_INCOME_QOQ_SQ":0.97191910983,"NET_PROFIT_RATIO_SQ":1647.371702505,"HOLDER_PROFIT_SQ":1051980116.04,"HOLDER_PROFIT_QOQ_SQ":1916.81955242058,"ROE_AVG_SQ":251.241402202549,"PE_TTM_SQ":76.839763871763,"PB_TTM_SQ":0.603843468388,"ROA_SQ":60.547962058985,"START_DATE":"2020-01-01 00:00:00","FISCAL_YEAR":"12-31","CURRENCY":"HKD","IS_CNY_CODE":0,"DPS_HKD_LY":null,"ORG_TYPE":"一般企业","PREMIUM_INCOME":null,"PREMIUM_INCOME_YOY":null,"NET_INTEREST_INCOME":null,"NET_INTEREST_INCOME_YOY":null,"FEE_COMMISSION_INCOME":null,"FEE_COMMISSION_INCOME_YOY":null,"ACCOUNTS_RECE_TDAYS":3.927025372112,"INVENTORY_TDAYS":4.863084395139,"CURRENT_ASSETS_TDAYS":0.744320677748,"TOTAL_ASSETS_TDAYS":0.47553723651,"PREMIUM_EXPENSE":null,"LOAN_DEPOSIT":null,"LOAN_EQUITY":null,"LOAN_ASSETS":null,"DEPOSIT_EQUITY":null,"DEPOSIT_ASSETS":null,"EQUITY_MULTIPLIER":2.474627055692,"EQUITY_RATIO":1.498171851531}],"count":44},"success":true,"message":"ok","code":0}