{"version":"10e80bcfe6402504f525508f8a191527","result":{"pages":5,"data":[{"SECUCODE":"00556.HK","SECURITY_CODE":"00556","SECURITY_NAME_ABBR":"泛亚环保","ORG_CODE":"10106541","STD_REPORT_DATE":"2024-06-30 00:00:00","REPORT_DATE":"2024-06-30 00:00:00","DATE_TYPE_CODE":"002","REPORT_TYPE":"2024年中报","PER_NETCASH_OPERATE":0.004713131313,"PER_OI":0.116575757576,"BPS":1.166698989899,"BASIC_EPS":0.0066,"DILUTED_EPS":0.0066,"OPERATE_INCOME":115410000,"OPERATE_INCOME_YOY":5.9409939599,"GROSS_PROFIT":17855000,"GROSS_PROFIT_YOY":10.263694188847,"HOLDER_PROFIT":6389000,"HOLDER_PROFIT_YOY":208.2006753497,"GROSS_PROFIT_RATIO":15.470929728793,"EPS_TTM":0.005825252525,"OPERATE_INCOME_QOQ":2.93733207465,"NET_PROFIT_RATIO":6.115587904,"ROE_AVG":0.557376691639,"GROSS_PROFIT_QOQ":5.845320578201,"ROA":0.487074867272,"HOLDER_PROFIT_QOQ":297.450034458994,"ROE_YEARLY":1.114753383278,"ROIC_YEARLY":18.513206125672,"TOTAL_ASSETS":1330691000,"TOTAL_LIABILITIES":174990000,"TAX_EBT":40.957001840388,"OCF_SALES":4.04297721168,"TOTAL_PARENT_EQUITY":1155032000,"DEBT_ASSET_RATIO":13.1503106281,"OPERATE_PROFIT":12799000,"PRETAX_PROFIT":11954000,"NETCASH_OPERATE":4666000,"NETCASH_INVEST":1056000,"NETCASH_FINANCE":6953000,"END_CASH":1248889000,"DIVI_RATIO":null,"DIVIDEND_RATE":null,"CURRENT_RATIO":10.146017664622,"COMMON_ACS":4000000000,"CURRENTDEBT_DEBT":73.306474655695,"ISSUED_COMMON_SHARES":990000000,"HK_COMMON_SHARES":990000000,"PER_SHARES":2000,"TOTAL_MARKET_CAP":435600000,"HKSK_MARKET_CAP":435600000,"PE_TTM":68.566058354246,"PB_TTM":0.344201206547,"REPORT_DATE_SQ":"2023-06-30 00:00:00","REPORT_TYPE_SQ":"2023年中报","OPERATE_INCOME_SQ":108938000,"DPS_HKD":null,"OPERATE_INCOME_QOQ_SQ":31.483338475779,"NET_PROFIT_RATIO_SQ":1.9029172557,"HOLDER_PROFIT_SQ":2073000,"HOLDER_PROFIT_QOQ_SQ":464.96106785317,"ROE_AVG_SQ":0.18509217778,"PE_TTM_SQ":62.650604985613,"PB_TTM_SQ":0.191235076015,"ROA_SQ":0.164464354354,"START_DATE":"2024-01-01 00:00:00","FISCAL_YEAR":"12-31","CURRENCY":"HKD","IS_CNY_CODE":0,"DPS_HKD_LY":null,"ORG_TYPE":"一般企业","PREMIUM_INCOME":null,"PREMIUM_INCOME_YOY":null,"NET_INTEREST_INCOME":null,"NET_INTEREST_INCOME_YOY":null,"FEE_COMMISSION_INCOME":null,"FEE_COMMISSION_INCOME_YOY":null,"ACCOUNTS_RECE_TDAYS":2.195985158405,"INVENTORY_TDAYS":null,"CURRENT_ASSETS_TDAYS":0.08912368276,"TOTAL_ASSETS_TDAYS":0.087984520945,"PREMIUM_EXPENSE":null,"LOAN_DEPOSIT":null,"LOAN_EQUITY":null,"LOAN_ASSETS":null,"DEPOSIT_EQUITY":null,"DEPOSIT_ASSETS":null,"EQUITY_MULTIPLIER":1.15141459599,"EQUITY_RATIO":0.15150229604},{"SECUCODE":"00556.HK","SECURITY_CODE":"00556","SECURITY_NAME_ABBR":"泛亚环保","ORG_CODE":"10106541","STD_REPORT_DATE":"2023-12-31 00:00:00","REPORT_DATE":"2023-12-31 00:00:00","DATE_TYPE_CODE":"001","REPORT_TYPE":"2023年年报","PER_NETCASH_OPERATE":0.024742665591,"PER_OI":0.237257375123,"BPS":1.148982828283,"BASIC_EPS":0.0017,"DILUTED_EPS":0.0017,"OPERATE_INCOME":220336000,"OPERATE_INCOME_YOY":41.6332407693,"GROSS_PROFIT":28433000,"GROSS_PROFIT_YOY":41.994606472233,"HOLDER_PROFIT":1451000,"HOLDER_PROFIT_YOY":261.4015572859,"GROSS_PROFIT_RATIO":12.904382397793,"EPS_TTM":0.00156243397,"OPERATE_INCOME_QOQ":7.719534970129,"NET_PROFIT_RATIO":0.6585396848,"ROE_AVG":0.128513757438,"GROSS_PROFIT_QOQ":-1.10604848527,"ROA":0.114012542165,"HOLDER_PROFIT_QOQ":-55.775678146906,"ROE_YEARLY":0.128513757438,"ROIC_YEARLY":2.716796015615,"TOTAL_ASSETS":1292725000,"TOTAL_LIABILITIES":155232000,"TAX_EBT":76.286974995914,"OCF_SALES":10.428618110522,"TOTAL_PARENT_EQUITY":1137493000,"DEBT_ASSET_RATIO":12.0081223771,"OPERATE_PROFIT":12598000,"PRETAX_PROFIT":6119000,"NETCASH_OPERATE":22978000,"NETCASH_INVEST":2284000,"NETCASH_FINANCE":7849000,"END_CASH":1235816000,"DIVI_RATIO":null,"DIVIDEND_RATE":null,"CURRENT_RATIO":9.640765656218,"COMMON_ACS":4000000000,"CURRENTDEBT_DEBT":86.088564213564,"ISSUED_COMMON_SHARES":990000000,"HK_COMMON_SHARES":990000000,"PER_SHARES":2000,"TOTAL_MARKET_CAP":663300000,"HKSK_MARKET_CAP":663300000,"PE_TTM":104.40740703942,"PB_TTM":0.524124564514,"REPORT_DATE_SQ":"2022-12-31 00:00:00","REPORT_TYPE_SQ":"2022年年报","OPERATE_INCOME_SQ":155568000,"DPS_HKD":null,"OPERATE_INCOME_QOQ_SQ":98.781002031663,"NET_PROFIT_RATIO_SQ":-0.5778823408,"HOLDER_PROFIT_SQ":-899000,"HOLDER_PROFIT_QOQ_SQ":90.392219728545,"ROE_AVG_SQ":-0.079902304102,"PE_TTM_SQ":61.201571101062,"PB_TTM_SQ":0.186812036443,"ROA_SQ":-0.07242205868,"START_DATE":"2023-01-01 00:00:00","FISCAL_YEAR":"12-31","CURRENCY":"HKD","IS_CNY_CODE":0,"DPS_HKD_LY":null,"ORG_TYPE":"一般企业","PREMIUM_INCOME":null,"PREMIUM_INCOME_YOY":null,"NET_INTEREST_INCOME":null,"NET_INTEREST_INCOME_YOY":null,"FEE_COMMISSION_INCOME":null,"FEE_COMMISSION_INCOME_YOY":null,"ACCOUNTS_RECE_TDAYS":4.392444555196,"INVENTORY_TDAYS":null,"CURRENT_ASSETS_TDAYS":0.173572045838,"TOTAL_ASSETS_TDAYS":0.173129341768,"PREMIUM_EXPENSE":null,"LOAN_DEPOSIT":null,"LOAN_EQUITY":null,"LOAN_ASSETS":null,"DEPOSIT_EQUITY":null,"DEPOSIT_ASSETS":null,"EQUITY_MULTIPLIER":1.136468532113,"EQUITY_RATIO":0.136468532114},{"SECUCODE":"00556.HK","SECURITY_CODE":"00556","SECURITY_NAME_ABBR":"泛亚环保","ORG_CODE":"10106541","STD_REPORT_DATE":"2023-06-30 00:00:00","REPORT_DATE":"2023-06-30 00:00:00","DATE_TYPE_CODE":"002","REPORT_TYPE":"2023年中报","PER_NETCASH_OPERATE":-0.004341666667,"PER_OI":0.129688095238,"BPS":1.13064040404,"BASIC_EPS":0.0025,"DILUTED_EPS":0.0025,"OPERATE_INCOME":108938000,"OPERATE_INCOME_YOY":81.6844563042,"GROSS_PROFIT":16193000,"GROSS_PROFIT_YOY":116.889900884008,"HOLDER_PROFIT":2073000,"HOLDER_PROFIT_YOY":198.3863312767,"GROSS_PROFIT_RATIO":14.864418292974,"EPS_TTM":0.003905952381,"OPERATE_INCOME_QOQ":31.483338475779,"NET_PROFIT_RATIO":1.9029172557,"ROE_AVG":0.18509217778,"GROSS_PROFIT_QOQ":43.582700759089,"ROA":0.164464354354,"HOLDER_PROFIT_QOQ":464.96106785317,"ROE_YEARLY":0.370184355559,"ROIC_YEARLY":7.320626120121,"TOTAL_ASSETS":1268302000,"TOTAL_LIABILITIES":148968000,"TAX_EBT":58.498498498499,"OCF_SALES":-3.347775799078,"TOTAL_PARENT_EQUITY":1119334000,"DEBT_ASSET_RATIO":11.7454675621,"OPERATE_PROFIT":6464000,"PRETAX_PROFIT":4995000,"NETCASH_OPERATE":-3647000,"NETCASH_INVEST":1597000,"NETCASH_FINANCE":4298000,"END_CASH":1204941000,"DIVI_RATIO":null,"DIVIDEND_RATE":null,"CURRENT_RATIO":12.975516654011,"COMMON_ACS":4000000000,"CURRENTDEBT_DEBT":65.41941893561,"ISSUED_COMMON_SHARES":990000000,"HK_COMMON_SHARES":990000000,"PER_SHARES":2000,"TOTAL_MARKET_CAP":663300000,"HKSK_MARKET_CAP":663300000,"PE_TTM":104.40740703942,"PB_TTM":0.524124564514,"REPORT_DATE_SQ":"2022-06-30 00:00:00","REPORT_TYPE_SQ":"2022年中报","OPERATE_INCOME_SQ":59960000,"DPS_HKD":null,"OPERATE_INCOME_QOQ_SQ":105.097227317994,"NET_PROFIT_RATIO_SQ":-3.5140093396,"HOLDER_PROFIT_SQ":-2107000,"HOLDER_PROFIT_QOQ_SQ":-212.734939759036,"ROE_AVG_SQ":-0.187019082692,"PE_TTM_SQ":61.201571101062,"PB_TTM_SQ":0.186812036443,"ROA_SQ":-0.170119588338,"START_DATE":"2023-01-01 00:00:00","FISCAL_YEAR":"12-31","CURRENCY":"HKD","IS_CNY_CODE":0,"DPS_HKD_LY":null,"ORG_TYPE":"一般企业","PREMIUM_INCOME":null,"PREMIUM_INCOME_YOY":null,"NET_INTEREST_INCOME":null,"NET_INTEREST_INCOME_YOY":null,"FEE_COMMISSION_INCOME":null,"FEE_COMMISSION_INCOME_YOY":null,"ACCOUNTS_RECE_TDAYS":2.029528750943,"INVENTORY_TDAYS":null,"CURRENT_ASSETS_TDAYS":0.08663078853,"TOTAL_ASSETS_TDAYS":0.086427485937,"PREMIUM_EXPENSE":null,"LOAN_DEPOSIT":null,"LOAN_EQUITY":null,"LOAN_ASSETS":null,"DEPOSIT_EQUITY":null,"DEPOSIT_ASSETS":null,"EQUITY_MULTIPLIER":1.133086281663,"EQUITY_RATIO":0.133086281664},{"SECUCODE":"00556.HK","SECURITY_CODE":"00556","SECURITY_NAME_ABBR":"泛亚环保","ORG_CODE":"10106541","STD_REPORT_DATE":"2022-12-31 00:00:00","REPORT_DATE":"2022-12-31 00:00:00","DATE_TYPE_CODE":"001","REPORT_TYPE":"2022年年报","PER_NETCASH_OPERATE":-0.03825952381,"PER_OI":0.1852,"BPS":1.131950505051,"BASIC_EPS":-0.0011,"DILUTED_EPS":-0.0011,"OPERATE_INCOME":155568000,"OPERATE_INCOME_YOY":307.6943236019,"GROSS_PROFIT":20024000,"GROSS_PROFIT_YOY":579.240162822252,"HOLDER_PROFIT":-899000,"HOLDER_PROFIT_YOY":-110.8313253012,"GROSS_PROFIT_RATIO":12.871541705235,"EPS_TTM":-0.001070238095,"OPERATE_INCOME_QOQ":98.781002031663,"NET_PROFIT_RATIO":-0.5778823408,"ROE_AVG":-0.079902304102,"GROSS_PROFIT_QOQ":113.361747469366,"ROA":-0.07242205868,"HOLDER_PROFIT_QOQ":90.392219728545,"ROE_YEARLY":-0.079902304102,"ROIC_YEARLY":-3.105085916588,"TOTAL_ASSETS":1252609000,"TOTAL_LIABILITIES":131978000,"TAX_EBT":676.282051282051,"OCF_SALES":-20.658490177929,"TOTAL_PARENT_EQUITY":1120631000,"DEBT_ASSET_RATIO":10.5362487416,"OPERATE_PROFIT":3769000,"PRETAX_PROFIT":156000,"NETCASH_OPERATE":-32138000,"NETCASH_INVEST":4302000,"NETCASH_FINANCE":8444000,"END_CASH":1202701000,"DIVI_RATIO":null,"DIVIDEND_RATE":null,"CURRENT_RATIO":14.809434141027,"COMMON_ACS":4000000000,"CURRENTDEBT_DEBT":63.978844959008,"ISSUED_COMMON_SHARES":990000000,"HK_COMMON_SHARES":990000000,"PER_SHARES":2000,"TOTAL_MARKET_CAP":663300000,"HKSK_MARKET_CAP":663300000,"PE_TTM":104.40740703942,"PB_TTM":0.524124564514,"REPORT_DATE_SQ":"2021-12-31 00:00:00","REPORT_TYPE_SQ":"2021年年报","OPERATE_INCOME_SQ":38158000,"DPS_HKD":null,"OPERATE_INCOME_QOQ_SQ":7.402612024319,"NET_PROFIT_RATIO_SQ":21.7516641333,"HOLDER_PROFIT_SQ":8300000,"HOLDER_PROFIT_QOQ_SQ":632.051282051282,"ROE_AVG_SQ":0.738202654417,"PE_TTM_SQ":61.201571101062,"PB_TTM_SQ":0.186812036443,"ROA_SQ":0.665308795462,"START_DATE":"2022-01-01 00:00:00","FISCAL_YEAR":"12-31","CURRENCY":"HKD","IS_CNY_CODE":0,"DPS_HKD_LY":null,"ORG_TYPE":"一般企业","PREMIUM_INCOME":null,"PREMIUM_INCOME_YOY":null,"NET_INTEREST_INCOME":null,"NET_INTEREST_INCOME_YOY":null,"FEE_COMMISSION_INCOME":null,"FEE_COMMISSION_INCOME_YOY":null,"ACCOUNTS_RECE_TDAYS":5.736917800642,"INVENTORY_TDAYS":null,"CURRENT_ASSETS_TDAYS":0.12550877411,"TOTAL_ASSETS_TDAYS":0.125323190486,"PREMIUM_EXPENSE":null,"LOAN_DEPOSIT":null,"LOAN_EQUITY":null,"LOAN_ASSETS":null,"DEPOSIT_EQUITY":null,"DEPOSIT_ASSETS":null,"EQUITY_MULTIPLIER":1.117771148576,"EQUITY_RATIO":0.117771148576},{"SECUCODE":"00556.HK","SECURITY_CODE":"00556","SECURITY_NAME_ABBR":"泛亚环保","ORG_CODE":"10106541","STD_REPORT_DATE":"2022-06-30 00:00:00","REPORT_DATE":"2022-06-30 00:00:00","DATE_TYPE_CODE":"002","REPORT_TYPE":"2022年中报","PER_NETCASH_OPERATE":-0.035303571429,"PER_OI":0.071380952381,"BPS":1.134978787879,"BASIC_EPS":-0.0025,"DILUTED_EPS":-0.0025,"OPERATE_INCOME":59960000,"OPERATE_INCOME_YOY":201.9590068993,"GROSS_PROFIT":7466000,"GROSS_PROFIT_YOY":625.55879494655,"HOLDER_PROFIT":-2107000,"HOLDER_PROFIT_YOY":-113.5498392283,"GROSS_PROFIT_RATIO":12.451634422949,"EPS_TTM":-0.011139285714,"OPERATE_INCOME_QOQ":105.097227317994,"NET_PROFIT_RATIO":-3.5140093396,"ROE_AVG":-0.187019082692,"GROSS_PROFIT_QOQ":218.351424694708,"ROA":-0.170119588338,"HOLDER_PROFIT_QOQ":-212.734939759036,"ROE_YEARLY":-0.374038165385,"ROIC_YEARLY":-15.073417630962,"TOTAL_ASSETS":1247021000,"TOTAL_LIABILITIES":123392000,"TAX_EBT":null,"OCF_SALES":-49.457971981321,"TOTAL_PARENT_EQUITY":1123629000,"DEBT_ASSET_RATIO":9.8949416249,"OPERATE_PROFIT":-682000,"PRETAX_PROFIT":-2107000,"NETCASH_OPERATE":-29655000,"NETCASH_INVEST":2132000,"NETCASH_FINANCE":4556000,"END_CASH":1199105000,"DIVI_RATIO":null,"DIVIDEND_RATE":null,"CURRENT_RATIO":12.079299980609,"COMMON_ACS":4000000000,"CURRENTDEBT_DEBT":83.58726659751,"ISSUED_COMMON_SHARES":990000000,"HK_COMMON_SHARES":990000000,"PER_SHARES":2000,"TOTAL_MARKET_CAP":663300000,"HKSK_MARKET_CAP":663300000,"PE_TTM":104.40740703942,"PB_TTM":0.524124564514,"REPORT_DATE_SQ":"2021-06-30 00:00:00","REPORT_TYPE_SQ":"2021年中报","OPERATE_INCOME_SQ":19857000,"DPS_HKD":null,"OPERATE_INCOME_QOQ_SQ":-9.799939067736,"NET_PROFIT_RATIO_SQ":78.3099158987,"HOLDER_PROFIT_SQ":15550000,"HOLDER_PROFIT_QOQ_SQ":94.684294817187,"ROE_AVG_SQ":1.37941863049,"PE_TTM_SQ":61.201571101062,"PB_TTM_SQ":0.186812036443,"ROA_SQ":1.247799299307,"START_DATE":"2022-01-01 00:00:00","FISCAL_YEAR":"12-31","CURRENCY":"HKD","IS_CNY_CODE":0,"DPS_HKD_LY":null,"ORG_TYPE":"一般企业","PREMIUM_INCOME":null,"PREMIUM_INCOME_YOY":null,"NET_INTEREST_INCOME":null,"NET_INTEREST_INCOME_YOY":null,"FEE_COMMISSION_INCOME":null,"FEE_COMMISSION_INCOME_YOY":null,"ACCOUNTS_RECE_TDAYS":2.253711708326,"INVENTORY_TDAYS":null,"CURRENT_ASSETS_TDAYS":0.048464705069,"TOTAL_ASSETS_TDAYS":0.048411820203,"PREMIUM_EXPENSE":null,"LOAN_DEPOSIT":null,"LOAN_EQUITY":null,"LOAN_ASSETS":null,"DEPOSIT_EQUITY":null,"DEPOSIT_ASSETS":null,"EQUITY_MULTIPLIER":1.109815606397,"EQUITY_RATIO":0.109815606397},{"SECUCODE":"00556.HK","SECURITY_CODE":"00556","SECURITY_NAME_ABBR":"泛亚环保","ORG_CODE":"10106541","STD_REPORT_DATE":"2021-12-31 00:00:00","REPORT_DATE":"2021-12-31 00:00:00","DATE_TYPE_CODE":"001","REPORT_TYPE":"2021年年报","PER_NETCASH_OPERATE":-0.011827380952,"PER_OI":0.045426190476,"BPS":1.141027272727,"BASIC_EPS":0.0099,"DILUTED_EPS":0.0099,"OPERATE_INCOME":38158000,"OPERATE_INCOME_YOY":-3.1227785112,"GROSS_PROFIT":2948000,"GROSS_PROFIT_YOY":67.309875141884,"HOLDER_PROFIT":8300000,"HOLDER_PROFIT_YOY":128.2822775752,"GROSS_PROFIT_RATIO":7.725771790974,"EPS_TTM":0.009880952381,"OPERATE_INCOME_QOQ":7.402612024319,"NET_PROFIT_RATIO":21.7516641333,"ROE_AVG":0.738202654417,"GROSS_PROFIT_QOQ":79.537149817296,"ROA":0.665308795462,"HOLDER_PROFIT_QOQ":632.051282051282,"ROE_YEARLY":0.738202654417,"ROIC_YEARLY":31.178978606713,"TOTAL_ASSETS":1230060000,"TOTAL_LIABILITIES":100443000,"TAX_EBT":null,"OCF_SALES":-26.036479899366,"TOTAL_PARENT_EQUITY":1129617000,"DEBT_ASSET_RATIO":8.1656992342,"OPERATE_PROFIT":6811000,"PRETAX_PROFIT":8300000,"NETCASH_OPERATE":-9935000,"NETCASH_INVEST":4428000,"NETCASH_FINANCE":7799000,"END_CASH":1222063000,"DIVI_RATIO":null,"DIVIDEND_RATE":null,"CURRENT_RATIO":15.100347849601,"COMMON_ACS":4000000000,"CURRENTDEBT_DEBT":80.998178071145,"ISSUED_COMMON_SHARES":990000000,"HK_COMMON_SHARES":990000000,"PER_SHARES":2000,"TOTAL_MARKET_CAP":663300000,"HKSK_MARKET_CAP":663300000,"PE_TTM":104.40740703942,"PB_TTM":0.524124564514,"REPORT_DATE_SQ":"2020-12-31 00:00:00","REPORT_TYPE_SQ":"2020年年报","OPERATE_INCOME_SQ":39388000,"DPS_HKD":null,"OPERATE_INCOME_QOQ_SQ":-36.425850603654,"NET_PROFIT_RATIO_SQ":-74.5074642023,"HOLDER_PROFIT_SQ":-29347000,"HOLDER_PROFIT_QOQ_SQ":46.930324237328,"ROE_AVG_SQ":-2.593339957999,"PE_TTM_SQ":61.201571101062,"PB_TTM_SQ":0.186812036443,"ROA_SQ":-2.323517349383,"START_DATE":"2021-01-01 00:00:00","FISCAL_YEAR":"12-31","CURRENCY":"HKD","IS_CNY_CODE":0,"DPS_HKD_LY":null,"ORG_TYPE":"一般企业","PREMIUM_INCOME":null,"PREMIUM_INCOME_YOY":null,"NET_INTEREST_INCOME":null,"NET_INTEREST_INCOME_YOY":null,"FEE_COMMISSION_INCOME":null,"FEE_COMMISSION_INCOME_YOY":null,"ACCOUNTS_RECE_TDAYS":1.580663200845,"INVENTORY_TDAYS":null,"CURRENT_ASSETS_TDAYS":0.03064749438,"TOTAL_ASSETS_TDAYS":0.0305865699,"PREMIUM_EXPENSE":null,"LOAN_DEPOSIT":null,"LOAN_EQUITY":null,"LOAN_ASSETS":null,"DEPOSIT_EQUITY":null,"DEPOSIT_ASSETS":null,"EQUITY_MULTIPLIER":1.088917748228,"EQUITY_RATIO":0.088917748228},{"SECUCODE":"00556.HK","SECURITY_CODE":"00556","SECURITY_NAME_ABBR":"泛亚环保","ORG_CODE":"10106541","STD_REPORT_DATE":"2021-06-30 00:00:00","REPORT_DATE":"2021-06-30 00:00:00","DATE_TYPE_CODE":"002","REPORT_TYPE":"2021年中报","PER_NETCASH_OPERATE":-0.00290952381,"PER_OI":0.023639285714,"BPS":1.146954545455,"BASIC_EPS":0.0185,"DILUTED_EPS":0.0185,"OPERATE_INCOME":19857000,"OPERATE_INCOME_YOY":-16.2752456044,"GROSS_PROFIT":1029000,"GROSS_PROFIT_YOY":-10.443864229765,"HOLDER_PROFIT":15550000,"HOLDER_PROFIT_YOY":227.0736291575,"GROSS_PROFIT_RATIO":5.182051669436,"EPS_TTM":-0.001857142857,"OPERATE_INCOME_QOQ":-9.799939067736,"NET_PROFIT_RATIO":78.3099158987,"ROE_AVG":1.37941863049,"GROSS_PROFIT_QOQ":-6.810442678774,"ROA":1.247799299307,"HOLDER_PROFIT_QOQ":94.684294817187,"ROE_YEARLY":2.75883726098,"ROIC_YEARLY":116.235610704141,"TOTAL_ASSETS":1227366000,"TOTAL_LIABILITIES":91881000,"TAX_EBT":null,"OCF_SALES":-12.308002215843,"TOTAL_PARENT_EQUITY":1135485000,"DEBT_ASSET_RATIO":7.4860310616,"OPERATE_PROFIT":16993000,"PRETAX_PROFIT":15550000,"NETCASH_OPERATE":-8878000,"NETCASH_INVEST":2169000,"NETCASH_FINANCE":6032000,"END_CASH":1219098000,"DIVI_RATIO":null,"DIVIDEND_RATE":null,"CURRENT_RATIO":13.786553657054,"COMMON_ACS":4000000000,"CURRENTDEBT_DEBT":96.692460900513,"ISSUED_COMMON_SHARES":990000000,"HK_COMMON_SHARES":990000000,"PER_SHARES":2000,"TOTAL_MARKET_CAP":663300000,"HKSK_MARKET_CAP":663300000,"PE_TTM":104.40740703942,"PB_TTM":0.524124564514,"REPORT_DATE_SQ":"2020-06-30 00:00:00","REPORT_TYPE_SQ":"2020年中报","OPERATE_INCOME_SQ":23717000,"DPS_HKD":null,"OPERATE_INCOME_QOQ_SQ":-22.362848048921,"NET_PROFIT_RATIO_SQ":-51.5959016739,"HOLDER_PROFIT_SQ":-12237000,"HOLDER_PROFIT_QOQ_SQ":5.671738537118,"ROE_AVG_SQ":-1.075880950612,"PE_TTM_SQ":61.201571101062,"PB_TTM_SQ":0.186812036443,"ROA_SQ":-0.965425125905,"START_DATE":"2021-01-01 00:00:00","FISCAL_YEAR":"12-31","CURRENCY":"HKD","IS_CNY_CODE":0,"DPS_HKD_LY":null,"ORG_TYPE":"一般企业","PREMIUM_INCOME":null,"PREMIUM_INCOME_YOY":null,"NET_INTEREST_INCOME":null,"NET_INTEREST_INCOME_YOY":null,"FEE_COMMISSION_INCOME":null,"FEE_COMMISSION_INCOME_YOY":null,"ACCOUNTS_RECE_TDAYS":0.835169919246,"INVENTORY_TDAYS":null,"CURRENT_ASSETS_TDAYS":0.015972310479,"TOTAL_ASSETS_TDAYS":0.015934116197,"PREMIUM_EXPENSE":null,"LOAN_DEPOSIT":null,"LOAN_EQUITY":null,"LOAN_ASSETS":null,"DEPOSIT_EQUITY":null,"DEPOSIT_ASSETS":null,"EQUITY_MULTIPLIER":1.080917845678,"EQUITY_RATIO":0.080917845678},{"SECUCODE":"00556.HK","SECURITY_CODE":"00556","SECURITY_NAME_ABBR":"泛亚环保","ORG_CODE":"10106541","STD_REPORT_DATE":"2020-12-31 00:00:00","REPORT_DATE":"2020-12-31 00:00:00","DATE_TYPE_CODE":"001","REPORT_TYPE":"2020年年报","PER_NETCASH_OPERATE":0.0212,"PER_OI":0.04689047619,"BPS":1.130391919192,"BASIC_EPS":-0.0349,"DILUTED_EPS":-0.0349,"OPERATE_INCOME":39388000,"OPERATE_INCOME_YOY":-50.6428410316,"GROSS_PROFIT":1762000,"GROSS_PROFIT_YOY":-50.240045184976,"HOLDER_PROFIT":-29347000,"HOLDER_PROFIT_YOY":49.9402974891,"GROSS_PROFIT_RATIO":4.473443688433,"EPS_TTM":-0.034936904762,"OPERATE_INCOME_QOQ":-36.425850603654,"NET_PROFIT_RATIO":-74.5074642023,"ROE_AVG":-2.593339957999,"GROSS_PROFIT_QOQ":-48.83855981417,"ROA":-2.323517349383,"HOLDER_PROFIT_QOQ":46.930324237328,"ROE_YEARLY":-2.593339957999,"ROIC_YEARLY":-56.854198147933,"TOTAL_ASSETS":1265022000,"TOTAL_LIABILITIES":145934000,"TAX_EBT":null,"OCF_SALES":45.211739616127,"TOTAL_PARENT_EQUITY":1119088000,"DEBT_ASSET_RATIO":11.5360839574,"OPERATE_PROFIT":-26270000,"PRETAX_PROFIT":-29347000,"NETCASH_OPERATE":-385000,"NETCASH_INVEST":3985000,"NETCASH_FINANCE":13103000,"END_CASH":1219778000,"DIVI_RATIO":null,"DIVIDEND_RATE":null,"CURRENT_RATIO":8.848014531581,"COMMON_ACS":4000000000,"CURRENTDEBT_DEBT":97.705812216481,"ISSUED_COMMON_SHARES":990000000,"HK_COMMON_SHARES":990000000,"PER_SHARES":2000,"TOTAL_MARKET_CAP":663300000,"HKSK_MARKET_CAP":663300000,"PE_TTM":104.40740703942,"PB_TTM":0.524124564514,"REPORT_DATE_SQ":"2019-12-31 00:00:00","REPORT_TYPE_SQ":"2019年年报","OPERATE_INCOME_SQ":79802000,"DPS_HKD":null,"OPERATE_INCOME_QOQ_SQ":-49.443448402567,"NET_PROFIT_RATIO_SQ":-73.4618179995,"HOLDER_PROFIT_SQ":-58624000,"HOLDER_PROFIT_QOQ_SQ":-351.162074803756,"ROE_AVG_SQ":-4.99312023596,"PE_TTM_SQ":61.201571101062,"PB_TTM_SQ":0.186812036443,"ROA_SQ":-4.594033336207,"START_DATE":"2020-01-01 00:00:00","FISCAL_YEAR":"12-31","CURRENCY":"HKD","IS_CNY_CODE":0,"DPS_HKD_LY":null,"ORG_TYPE":"一般企业","PREMIUM_INCOME":null,"PREMIUM_INCOME_YOY":null,"NET_INTEREST_INCOME":null,"NET_INTEREST_INCOME_YOY":null,"FEE_COMMISSION_INCOME":null,"FEE_COMMISSION_INCOME_YOY":null,"ACCOUNTS_RECE_TDAYS":0.814550568188,"INVENTORY_TDAYS":null,"CURRENT_ASSETS_TDAYS":0.031265788973,"TOTAL_ASSETS_TDAYS":0.031185027893,"PREMIUM_EXPENSE":null,"LOAN_DEPOSIT":null,"LOAN_EQUITY":null,"LOAN_ASSETS":null,"DEPOSIT_EQUITY":null,"DEPOSIT_ASSETS":null,"EQUITY_MULTIPLIER":1.130404400726,"EQUITY_RATIO":0.130404400726},{"SECUCODE":"00556.HK","SECURITY_CODE":"00556","SECURITY_NAME_ABBR":"泛亚环保","ORG_CODE":"10106541","STD_REPORT_DATE":"2020-06-30 00:00:00","REPORT_DATE":"2020-06-30 00:00:00","DATE_TYPE_CODE":"002","REPORT_TYPE":"2020年中报","PER_NETCASH_OPERATE":0.019369047619,"PER_OI":0.02823452381,"BPS":1.142036363636,"BASIC_EPS":-0.0146,"DILUTED_EPS":-0.0146,"OPERATE_INCOME":23717000,"OPERATE_INCOME_YOY":-42.9372278228,"GROSS_PROFIT":1149000,"GROSS_PROFIT_YOY":-7.784911717496,"HOLDER_PROFIT":-12237000,"HOLDER_PROFIT_YOY":21.36614831,"GROSS_PROFIT_RATIO":4.844626217481,"EPS_TTM":-0.065832142857,"OPERATE_INCOME_QOQ":-22.362848048921,"NET_PROFIT_RATIO":-51.5959016739,"ROE_AVG":-1.075880950612,"GROSS_PROFIT_QOQ":-2.739339169726,"ROA":-0.965425125905,"HOLDER_PROFIT_QOQ":5.671738537118,"ROE_YEARLY":-2.151761901224,"ROIC_YEARLY":-43.855106484012,"TOTAL_ASSETS":1273987000,"TOTAL_LIABILITIES":143371000,"TAX_EBT":null,"OCF_SALES":68.600581861112,"TOTAL_PARENT_EQUITY":1130616000,"DEBT_ASSET_RATIO":11.253725509,"OPERATE_PROFIT":-10646000,"PRETAX_PROFIT":-12237000,"NETCASH_OPERATE":16270000,"NETCASH_INVEST":1907000,"NETCASH_FINANCE":-884000,"END_CASH":1220366000,"DIVI_RATIO":null,"DIVIDEND_RATE":null,"CURRENT_RATIO":10.633545782699,"COMMON_ACS":4000000000,"CURRENTDEBT_DEBT":83.281137747522,"ISSUED_COMMON_SHARES":990000000,"HK_COMMON_SHARES":990000000,"PER_SHARES":2000,"TOTAL_MARKET_CAP":663300000,"HKSK_MARKET_CAP":663300000,"PE_TTM":104.40740703942,"PB_TTM":0.524124564514,"REPORT_DATE_SQ":"2019-06-30 00:00:00","REPORT_TYPE_SQ":"2019年中报","OPERATE_INCOME_SQ":41563000,"DPS_HKD":null,"OPERATE_INCOME_QOQ_SQ":-2.676523540583,"NET_PROFIT_RATIO_SQ":-37.4419555855,"HOLDER_PROFIT_SQ":-15562000,"HOLDER_PROFIT_QOQ_SQ":32.871829312393,"ROE_AVG_SQ":-1.30102099466,"PE_TTM_SQ":61.201571101062,"PB_TTM_SQ":0.186812036443,"ROA_SQ":-1.20582611913,"START_DATE":"2020-01-01 00:00:00","FISCAL_YEAR":"12-31","CURRENCY":"HKD","IS_CNY_CODE":0,"DPS_HKD_LY":null,"ORG_TYPE":"一般企业","PREMIUM_INCOME":null,"PREMIUM_INCOME_YOY":null,"NET_INTEREST_INCOME":null,"NET_INTEREST_INCOME_YOY":null,"FEE_COMMISSION_INCOME":null,"FEE_COMMISSION_INCOME_YOY":null,"ACCOUNTS_RECE_TDAYS":0.455325602826,"INVENTORY_TDAYS":null,"CURRENT_ASSETS_TDAYS":0.018766329642,"TOTAL_ASSETS_TDAYS":0.018711275403,"PREMIUM_EXPENSE":null,"LOAN_DEPOSIT":null,"LOAN_EQUITY":null,"LOAN_ASSETS":null,"DEPOSIT_EQUITY":null,"DEPOSIT_ASSETS":null,"EQUITY_MULTIPLIER":1.126807864032,"EQUITY_RATIO":0.126807864032}],"count":39},"success":true,"message":"ok","code":0}