{"version":"22953083e5327d4e63e46a6d7e86098d","result":{"pages":9,"data":[{"SECUCODE":"00553.HK","SECURITY_CODE":"00553","SECURITY_NAME_ABBR":"南京熊猫电子股份","ORG_CODE":"10004219","STD_REPORT_DATE":"2024-09-30 00:00:00","REPORT_DATE":"2024-09-30 00:00:00","DATE_TYPE_CODE":"004","REPORT_TYPE":"2024年三季报","PER_NETCASH_OPERATE":-0.282340245122,"PER_OI":2.000680092446,"BPS":3.506345453924,"BASIC_EPS":-0.1083,"DILUTED_EPS":-0.1083,"OPERATE_INCOME":1828298552.68,"OPERATE_INCOME_YOY":-6.0640048822,"GROSS_PROFIT":266371781.14,"GROSS_PROFIT_YOY":-11.049014016823,"HOLDER_PROFIT":-98927662.17,"HOLDER_PROFIT_YOY":-211.9271059923,"GROSS_PROFIT_RATIO":14.56938095529,"EPS_TTM":-0.333838953862,"OPERATE_INCOME_QOQ":-0.196658571381,"NET_PROFIT_RATIO":-3.5405082045,"ROE_AVG":-3.040434110272,"GROSS_PROFIT_QOQ":0.435434526813,"ROA":-1.828735169632,"HOLDER_PROFIT_QOQ":-9.455707957765,"ROE_YEARLY":-4.053912147029,"ROIC_YEARLY":-2.292093043314,"TOTAL_ASSETS":5278288338.63,"TOTAL_LIABILITIES":1804355387.34,"TAX_EBT":-24.733325385525,"OCF_SALES":-14.112213451233,"TOTAL_PARENT_EQUITY":3204233571.78,"DEBT_ASSET_RATIO":34.1844793536,"OPERATE_PROFIT":-61716871.45,"PRETAX_PROFIT":-51895562.04,"NETCASH_OPERATE":-258013394.28,"NETCASH_INVEST":123057855.73,"NETCASH_FINANCE":16460104.98,"END_CASH":682914684,"DIVI_RATIO":null,"DIVIDEND_RATE":null,"CURRENT_RATIO":2.114634729837,"COMMON_ACS":null,"CURRENTDEBT_DEBT":97.233717561396,"ISSUED_COMMON_SHARES":913838529,"HK_COMMON_SHARES":242000000,"PER_SHARES":2000,"TOTAL_MARKET_CAP":3116189383.89,"HKSK_MARKET_CAP":825220000,"PE_TTM":-9.229955553857,"PB_TTM":0.877011104698,"REPORT_DATE_SQ":"2023-09-30 00:00:00","REPORT_TYPE_SQ":"2023年三季报","OPERATE_INCOME_SQ":1946323717.96,"DPS_HKD":null,"OPERATE_INCOME_QOQ_SQ":-9.559539213039,"NET_PROFIT_RATIO_SQ":0.0195214114,"HOLDER_PROFIT_SQ":-31714993.75,"HOLDER_PROFIT_QOQ_SQ":301.210630206083,"ROE_AVG_SQ":-0.897907280354,"PE_TTM_SQ":414.980077400709,"PB_TTM_SQ":0.666505934399,"ROA_SQ":-0.551309483373,"START_DATE":"2024-01-01 00:00:00","FISCAL_YEAR":"12-31","CURRENCY":"HKD","IS_CNY_CODE":0,"DPS_HKD_LY":null,"ORG_TYPE":"一般企业","PREMIUM_INCOME":null,"PREMIUM_INCOME_YOY":null,"NET_INTEREST_INCOME":null,"NET_INTEREST_INCOME_YOY":null,"FEE_COMMISSION_INCOME":null,"FEE_COMMISSION_INCOME_YOY":null,"ACCOUNTS_RECE_TDAYS":1.397632638404,"INVENTORY_TDAYS":2.64486530877,"CURRENT_ASSETS_TDAYS":0.480217813921,"TOTAL_ASSETS_TDAYS":0.337971583532,"PREMIUM_EXPENSE":null,"LOAN_DEPOSIT":null,"LOAN_EQUITY":null,"LOAN_ASSETS":null,"DEPOSIT_EQUITY":null,"DEPOSIT_ASSETS":null,"EQUITY_MULTIPLIER":1.519398449148,"EQUITY_RATIO":0.563116060961},{"SECUCODE":"00553.HK","SECURITY_CODE":"00553","SECURITY_NAME_ABBR":"南京熊猫电子股份","ORG_CODE":"10004219","STD_REPORT_DATE":"2024-06-30 00:00:00","REPORT_DATE":"2024-06-30 00:00:00","DATE_TYPE_CODE":"002","REPORT_TYPE":"2024年中报","PER_NETCASH_OPERATE":-0.145827408345,"PER_OI":1.368235713872,"BPS":3.540026443118,"BASIC_EPS":-0.0746,"DILUTED_EPS":-0.0746,"OPERATE_INCOME":1250346512.09,"OPERATE_INCOME_YOY":-8.256069408,"GROSS_PROFIT":162747653.6,"GROSS_PROFIT_YOY":-17.771513940138,"HOLDER_PROFIT":-68198110.51,"HOLDER_PROFIT_YOY":-149.4409120274,"GROSS_PROFIT_RATIO":13.016204070339,"EPS_TTM":-0.304999127127,"OPERATE_INCOME_QOQ":-1.353049806045,"NET_PROFIT_RATIO":-3.504481651,"ROE_AVG":-2.086127806009,"GROSS_PROFIT_QOQ":-3.553634162853,"ROA":-1.256299304704,"HOLDER_PROFIT_QOQ":-9.995360463435,"ROE_YEARLY":-4.172255612017,"ROIC_YEARLY":-3.200113944616,"TOTAL_ASSETS":5316028626.35,"TOTAL_LIABILITIES":1788535608.43,"TAX_EBT":-19.805796438971,"OCF_SALES":-10.658061828576,"TOTAL_PARENT_EQUITY":3235012557.4,"DEBT_ASSET_RATIO":33.6442057435,"OPERATE_PROFIT":-44398205.71,"PRETAX_PROFIT":-36574327.28,"NETCASH_OPERATE":-133262704.33,"NETCASH_INVEST":115436141.9,"NETCASH_FINANCE":30138541.71,"END_CASH":813705314.42,"DIVI_RATIO":null,"DIVIDEND_RATE":null,"CURRENT_RATIO":2.14871448156,"COMMON_ACS":null,"CURRENTDEBT_DEBT":97.023529935938,"ISSUED_COMMON_SHARES":913838529,"HK_COMMON_SHARES":242000000,"PER_SHARES":2000,"TOTAL_MARKET_CAP":3216711622.08,"HKSK_MARKET_CAP":851840000,"PE_TTM":-9.527696055594,"PB_TTM":0.905301785495,"REPORT_DATE_SQ":"2023-06-30 00:00:00","REPORT_TYPE_SQ":"2023年中报","OPERATE_INCOME_SQ":1362865645.74,"DPS_HKD":null,"OPERATE_INCOME_QOQ_SQ":-4.605715580924,"NET_PROFIT_RATIO_SQ":-0.4356737407,"HOLDER_PROFIT_SQ":-27340386.93,"HOLDER_PROFIT_QOQ_SQ":-95.756780336482,"ROE_AVG_SQ":-0.773567592464,"PE_TTM_SQ":425.391763930476,"PB_TTM_SQ":0.683228305513,"ROA_SQ":-0.474665805369,"START_DATE":"2024-01-01 00:00:00","FISCAL_YEAR":"12-31","CURRENCY":"HKD","IS_CNY_CODE":0,"DPS_HKD_LY":null,"ORG_TYPE":"一般企业","PREMIUM_INCOME":null,"PREMIUM_INCOME_YOY":null,"NET_INTEREST_INCOME":null,"NET_INTEREST_INCOME_YOY":null,"FEE_COMMISSION_INCOME":null,"FEE_COMMISSION_INCOME_YOY":null,"ACCOUNTS_RECE_TDAYS":0.966769580117,"INVENTORY_TDAYS":1.931004480363,"CURRENT_ASSETS_TDAYS":0.327610999106,"TOTAL_ASSETS_TDAYS":0.230330348162,"PREMIUM_EXPENSE":null,"LOAN_DEPOSIT":null,"LOAN_EQUITY":null,"LOAN_ASSETS":null,"DEPOSIT_EQUITY":null,"DEPOSIT_ASSETS":null,"EQUITY_MULTIPLIER":1.507027398594,"EQUITY_RATIO":0.552868212007},{"SECUCODE":"00553.HK","SECURITY_CODE":"00553","SECURITY_NAME_ABBR":"南京熊猫电子股份","ORG_CODE":"10004219","STD_REPORT_DATE":"2024-03-31 00:00:00","REPORT_DATE":"2024-03-31 00:00:00","DATE_TYPE_CODE":"003","REPORT_TYPE":"2024年一季报","PER_NETCASH_OPERATE":-0.025154677506,"PER_OI":0.529637302106,"BPS":3.564429072885,"BASIC_EPS":-0.0503,"DILUTED_EPS":-0.0503,"OPERATE_INCOME":484002973.06,"OPERATE_INCOME_YOY":-13.2797531925,"GROSS_PROFIT":54847377.57,"GROSS_PROFIT_YOY":-24.209215177614,"HOLDER_PROFIT":-45922679.29,"HOLDER_PROFIT_YOY":-51.0989919892,"GROSS_PROFIT_RATIO":11.332033194598,"EPS_TTM":-0.277283628911,"OPERATE_INCOME_QOQ":-2.54495264496,"NET_PROFIT_RATIO":-7.2273256255,"ROE_AVG":-1.399964606603,"GROSS_PROFIT_QOQ":-3.406387870266,"ROA":-0.846018374429,"HOLDER_PROFIT_QOQ":-6.529087637609,"ROE_YEARLY":-5.599858426412,"ROIC_YEARLY":-4.40276271777,"TOTAL_ASSETS":5315233684.17,"TOTAL_LIABILITIES":1778878340.99,"TAX_EBT":-23.228546990877,"OCF_SALES":-4.749415761781,"TOTAL_PARENT_EQUITY":3257312620.69,"DEBT_ASSET_RATIO":33.4675471802,"OPERATE_PROFIT":-31821645.19,"PRETAX_PROFIT":-28386661.82,"NETCASH_OPERATE":-22987313.49,"NETCASH_INVEST":230637612.84,"NETCASH_FINANCE":-5769620,"END_CASH":1001263284.05,"DIVI_RATIO":null,"DIVIDEND_RATE":null,"CURRENT_RATIO":2.126410481595,"COMMON_ACS":null,"CURRENTDEBT_DEBT":96.780025748241,"ISSUED_COMMON_SHARES":913838529,"HK_COMMON_SHARES":242000000,"PER_SHARES":2000,"TOTAL_MARKET_CAP":3216711622.08,"HKSK_MARKET_CAP":851840000,"PE_TTM":-9.527696055594,"PB_TTM":0.905301785495,"REPORT_DATE_SQ":"2023-03-31 00:00:00","REPORT_TYPE_SQ":"2023年一季报","OPERATE_INCOME_SQ":558119921.1,"DPS_HKD":null,"OPERATE_INCOME_QOQ_SQ":-12.089202473486,"NET_PROFIT_RATIO_SQ":-3.7218326554,"HOLDER_PROFIT_SQ":-30392445.83,"HOLDER_PROFIT_QOQ_SQ":-33.336855773346,"ROE_AVG_SQ":-0.860376302576,"PE_TTM_SQ":425.391763930476,"PB_TTM_SQ":0.683228305513,"ROA_SQ":-0.532497970165,"START_DATE":"2024-01-01 00:00:00","FISCAL_YEAR":"12-31","CURRENCY":"HKD","IS_CNY_CODE":0,"DPS_HKD_LY":null,"ORG_TYPE":"一般企业","PREMIUM_INCOME":null,"PREMIUM_INCOME_YOY":null,"NET_INTEREST_INCOME":null,"NET_INTEREST_INCOME_YOY":null,"FEE_COMMISSION_INCOME":null,"FEE_COMMISSION_INCOME_YOY":null,"ACCOUNTS_RECE_TDAYS":0.38775455407,"INVENTORY_TDAYS":0.731970602344,"CURRENT_ASSETS_TDAYS":0.127953788422,"TOTAL_ASSETS_TDAYS":0.089166271397,"PREMIUM_EXPENSE":null,"LOAN_DEPOSIT":null,"LOAN_EQUITY":null,"LOAN_ASSETS":null,"DEPOSIT_EQUITY":null,"DEPOSIT_ASSETS":null,"EQUITY_MULTIPLIER":1.503025903326,"EQUITY_RATIO":0.546118395174},{"SECUCODE":"00553.HK","SECURITY_CODE":"00553","SECURITY_NAME_ABBR":"南京熊猫电子股份","ORG_CODE":"10004219","STD_REPORT_DATE":"2023-12-31 00:00:00","REPORT_DATE":"2023-12-31 00:00:00","DATE_TYPE_CODE":"001","REPORT_TYPE":"2023年年报","PER_NETCASH_OPERATE":-0.072059836098,"PER_OI":3.186899422152,"BPS":3.614682339838,"BASIC_EPS":-0.2603,"DILUTED_EPS":-0.2603,"OPERATE_INCOME":2912311480.01,"OPERATE_INCOME_YOY":-29.8963728449,"GROSS_PROFIT":514311311.49,"GROSS_PROFIT_YOY":-12.723433787032,"HOLDER_PROFIT":-237862230.1,"HOLDER_PROFIT_YOY":-696.5466620226,"GROSS_PROFIT_RATIO":17.659900564216,"EPS_TTM":-0.260289123901,"OPERATE_INCOME_QOQ":-7.569958515647,"NET_PROFIT_RATIO":-6.6707401624,"ROE_AVG":-6.937595806416,"GROSS_PROFIT_QOQ":2.449135597283,"ROA":-4.171561301074,"HOLDER_PROFIT_QOQ":-5276.89590864498,"ROE_YEARLY":-6.937595806416,"ROIC_YEARLY":-5.322870735185,"TOTAL_ASSETS":5540955892.33,"TOTAL_LIABILITIES":1963919385.99,"TAX_EBT":-11.814807699067,"OCF_SALES":-2.261126774111,"TOTAL_PARENT_EQUITY":3303235992.24,"DEBT_ASSET_RATIO":35.443692824,"OPERATE_PROFIT":-185629676.84,"PRETAX_PROFIT":-173745083.99,"NETCASH_OPERATE":-65851054.62,"NETCASH_INVEST":-119323705.49,"NETCASH_FINANCE":26690509.15,"END_CASH":798419753.09,"DIVI_RATIO":null,"DIVIDEND_RATE":null,"CURRENT_RATIO":2.053166250973,"COMMON_ACS":null,"CURRENTDEBT_DEBT":96.830524942926,"ISSUED_COMMON_SHARES":913838529,"HK_COMMON_SHARES":242000000,"PER_SHARES":2000,"TOTAL_MARKET_CAP":3390340942.59,"HKSK_MARKET_CAP":897820000,"PE_TTM":-10.041975104049,"PB_TTM":0.954167506871,"REPORT_DATE_SQ":"2022-12-31 00:00:00","REPORT_TYPE_SQ":"2022年年报","OPERATE_INCOME_SQ":4154295003.26,"DPS_HKD":null,"OPERATE_INCOME_QOQ_SQ":0.197653835338,"NET_PROFIT_RATIO_SQ":1.9588747837,"HOLDER_PROFIT_SQ":39873197.73,"HOLDER_PROFIT_QOQ_SQ":-5.340369309188,"ROE_AVG_SQ":1.143466423311,"PE_TTM_SQ":441.75298562011,"PB_TTM_SQ":0.709506317263,"ROA_SQ":0.679233322659,"START_DATE":"2023-01-01 00:00:00","FISCAL_YEAR":"12-31","CURRENCY":"HKD","IS_CNY_CODE":0,"DPS_HKD_LY":0.015,"ORG_TYPE":"一般企业","PREMIUM_INCOME":null,"PREMIUM_INCOME_YOY":null,"NET_INTEREST_INCOME":null,"NET_INTEREST_INCOME_YOY":null,"FEE_COMMISSION_INCOME":null,"FEE_COMMISSION_INCOME_YOY":null,"ACCOUNTS_RECE_TDAYS":2.20683953931,"INVENTORY_TDAYS":4.091337849025,"CURRENT_ASSETS_TDAYS":0.747975986738,"TOTAL_ASSETS_TDAYS":0.510753046483,"PREMIUM_EXPENSE":null,"LOAN_DEPOSIT":null,"LOAN_EQUITY":null,"LOAN_ASSETS":null,"DEPOSIT_EQUITY":null,"DEPOSIT_ASSETS":null,"EQUITY_MULTIPLIER":1.549035320861,"EQUITY_RATIO":0.594544074539},{"SECUCODE":"00553.HK","SECURITY_CODE":"00553","SECURITY_NAME_ABBR":"南京熊猫电子股份","ORG_CODE":"10004219","STD_REPORT_DATE":"2023-09-30 00:00:00","REPORT_DATE":"2023-09-30 00:00:00","DATE_TYPE_CODE":"004","REPORT_TYPE":"2023年三季报","PER_NETCASH_OPERATE":-0.090047825397,"PER_OI":2.129833286948,"BPS":3.841207659028,"BASIC_EPS":-0.0347,"DILUTED_EPS":-0.0347,"OPERATE_INCOME":1946323717.96,"OPERATE_INCOME_YOY":-34.0182475092,"GROSS_PROFIT":299459053.99,"GROSS_PROFIT_YOY":-22.566761281242,"HOLDER_PROFIT":-31714993.75,"HOLDER_PROFIT_YOY":-859.4441902374,"GROSS_PROFIT_RATIO":15.385881147452,"EPS_TTM":0.005027899508,"OPERATE_INCOME_QOQ":-9.559539213039,"NET_PROFIT_RATIO":0.0195214114,"ROE_AVG":-0.897907280354,"GROSS_PROFIT_QOQ":-6.542051945762,"ROA":-0.551309483373,"HOLDER_PROFIT_QOQ":301.210630206083,"ROE_YEARLY":-1.197209707138,"ROIC_YEARLY":-0.718157652649,"TOTAL_ASSETS":5642297452.92,"TOTAL_LIABILITIES":1869747937.05,"TAX_EBT":97.379001558935,"OCF_SALES":-4.227928352343,"TOTAL_PARENT_EQUITY":3510243556.71,"DEBT_ASSET_RATIO":33.138060385,"OPERATE_PROFIT":4945360.18,"PRETAX_PROFIT":14496378.71,"NETCASH_OPERATE":-82289172.3,"NETCASH_INVEST":165522058.38,"NETCASH_FINANCE":-24518599.36,"END_CASH":1015455398.68,"DIVI_RATIO":null,"DIVIDEND_RATE":null,"CURRENT_RATIO":2.053457347266,"COMMON_ACS":null,"CURRENTDEBT_DEBT":96.917098514843,"ISSUED_COMMON_SHARES":913838529,"HK_COMMON_SHARES":242000000,"PER_SHARES":2000,"TOTAL_MARKET_CAP":3216711622.08,"HKSK_MARKET_CAP":851840000,"PE_TTM":-9.527696055594,"PB_TTM":0.905301785495,"REPORT_DATE_SQ":"2022-09-30 00:00:00","REPORT_TYPE_SQ":"2022年三季报","OPERATE_INCOME_SQ":2949790880.79,"DPS_HKD":null,"OPERATE_INCOME_QOQ_SQ":-5.677782150282,"NET_PROFIT_RATIO_SQ":0.9607404991,"HOLDER_PROFIT_SQ":4176079.58,"HOLDER_PROFIT_QOQ_SQ":19.952286255576,"ROE_AVG_SQ":0.118544107731,"PE_TTM_SQ":425.391763930476,"PB_TTM_SQ":0.683228305513,"ROA_SQ":0.070144582999,"START_DATE":"2023-01-01 00:00:00","FISCAL_YEAR":"12-31","CURRENCY":"HKD","IS_CNY_CODE":0,"DPS_HKD_LY":0.015,"ORG_TYPE":"一般企业","PREMIUM_INCOME":null,"PREMIUM_INCOME_YOY":null,"NET_INTEREST_INCOME":null,"NET_INTEREST_INCOME_YOY":null,"FEE_COMMISSION_INCOME":null,"FEE_COMMISSION_INCOME_YOY":null,"ACCOUNTS_RECE_TDAYS":1.535266343529,"INVENTORY_TDAYS":2.652281835404,"CURRENT_ASSETS_TDAYS":0.511933906802,"TOTAL_ASSETS_TDAYS":0.338334206175,"PREMIUM_EXPENSE":null,"LOAN_DEPOSIT":null,"LOAN_EQUITY":null,"LOAN_ASSETS":null,"DEPOSIT_EQUITY":null,"DEPOSIT_ASSETS":null,"EQUITY_MULTIPLIER":1.495619190466,"EQUITY_RATIO":0.532654759376},{"SECUCODE":"00553.HK","SECURITY_CODE":"00553","SECURITY_NAME_ABBR":"南京熊猫电子股份","ORG_CODE":"10004219","STD_REPORT_DATE":"2023-06-30 00:00:00","REPORT_DATE":"2023-06-30 00:00:00","DATE_TYPE_CODE":"002","REPORT_TYPE":"2023年中报","PER_NETCASH_OPERATE":-0.141737730397,"PER_OI":1.491363739315,"BPS":3.84607295586,"BASIC_EPS":-0.0299,"DILUTED_EPS":-0.0299,"OPERATE_INCOME":1362865645.74,"OPERATE_INCOME_YOY":-32.9724224151,"GROSS_PROFIT":197921257.46,"GROSS_PROFIT_YOY":-20.848281489344,"HOLDER_PROFIT":-27340386.93,"HOLDER_PROFIT_YOY":-327.8333553623,"GROSS_PROFIT_RATIO":14.52243352664,"EPS_TTM":0.001253182027,"OPERATE_INCOME_QOQ":-4.605715580924,"NET_PROFIT_RATIO":-0.4356737407,"ROE_AVG":-0.773567592464,"GROSS_PROFIT_QOQ":0.144435403355,"ROA":-0.474665805369,"HOLDER_PROFIT_QOQ":-95.756780336482,"ROE_YEARLY":-1.547135184929,"ROIC_YEARLY":-1.237311475697,"TOTAL_ASSETS":5656812111.9,"TOTAL_LIABILITIES":1864430515.55,"TAX_EBT":456.297906099359,"OCF_SALES":-9.503900803052,"TOTAL_PARENT_EQUITY":3514689652.41,"DEBT_ASSET_RATIO":32.9590320249,"OPERATE_PROFIT":-3581178.5,"PRETAX_PROFIT":1666484.04,"NETCASH_OPERATE":-129525399.05,"NETCASH_INVEST":165528840.46,"NETCASH_FINANCE":16133385.86,"END_CASH":1008808752.96,"DIVI_RATIO":null,"DIVIDEND_RATE":null,"CURRENT_RATIO":2.067267822228,"COMMON_ACS":null,"CURRENTDEBT_DEBT":96.801279155614,"ISSUED_COMMON_SHARES":913838529,"HK_COMMON_SHARES":242000000,"PER_SHARES":2000,"TOTAL_MARKET_CAP":3216711622.08,"HKSK_MARKET_CAP":851840000,"PE_TTM":-9.527696055594,"PB_TTM":0.905301785495,"REPORT_DATE_SQ":"2022-06-30 00:00:00","REPORT_TYPE_SQ":"2022年中报","OPERATE_INCOME_SQ":2033290915.24,"DPS_HKD":null,"OPERATE_INCOME_QOQ_SQ":-4.446837384267,"NET_PROFIT_RATIO_SQ":1.2426783522,"HOLDER_PROFIT_SQ":12000168.67,"HOLDER_PROFIT_QOQ_SQ":-6.477727797219,"ROE_AVG_SQ":0.340251154044,"PE_TTM_SQ":425.391763930476,"PB_TTM_SQ":0.683228305513,"ROA_SQ":0.199929696229,"START_DATE":"2023-01-01 00:00:00","FISCAL_YEAR":"12-31","CURRENCY":"HKD","IS_CNY_CODE":0,"DPS_HKD_LY":0.015,"ORG_TYPE":"一般企业","PREMIUM_INCOME":null,"PREMIUM_INCOME_YOY":null,"NET_INTEREST_INCOME":null,"NET_INTEREST_INCOME_YOY":null,"FEE_COMMISSION_INCOME":null,"FEE_COMMISSION_INCOME_YOY":null,"ACCOUNTS_RECE_TDAYS":1.024023587503,"INVENTORY_TDAYS":2.033671423839,"CURRENT_ASSETS_TDAYS":0.358002707385,"TOTAL_ASSETS_TDAYS":0.236611764494,"PREMIUM_EXPENSE":null,"LOAN_DEPOSIT":null,"LOAN_EQUITY":null,"LOAN_ASSETS":null,"DEPOSIT_EQUITY":null,"DEPOSIT_ASSETS":null,"EQUITY_MULTIPLIER":1.49162524081,"EQUITY_RATIO":0.530468035569},{"SECUCODE":"00553.HK","SECURITY_CODE":"00553","SECURITY_NAME_ABBR":"南京熊猫电子股份","ORG_CODE":"10004219","STD_REPORT_DATE":"2023-03-31 00:00:00","REPORT_DATE":"2023-03-31 00:00:00","DATE_TYPE_CODE":"003","REPORT_TYPE":"2023年一季报","PER_NETCASH_OPERATE":-0.190383862454,"PER_OI":0.610742383242,"BPS":3.856779296925,"BASIC_EPS":-0.0333,"DILUTED_EPS":-0.0333,"OPERATE_INCOME":558119921.1,"OPERATE_INCOME_YOY":-47.3641128708,"GROSS_PROFIT":72366815.7,"GROSS_PROFIT_YOY":-42.232848744629,"HOLDER_PROFIT":-30392445.83,"HOLDER_PROFIT_YOY":-79.6081262564,"GROSS_PROFIT_RATIO":12.966176795369,"EPS_TTM":0.029533753287,"OPERATE_INCOME_QOQ":-12.089202473486,"NET_PROFIT_RATIO":-3.7218326554,"ROE_AVG":-0.860376302576,"GROSS_PROFIT_QOQ":-8.978017840229,"ROA":-0.532497970165,"HOLDER_PROFIT_QOQ":-33.336855773346,"ROE_YEARLY":-3.441505210305,"ROIC_YEARLY":-2.782650518185,"TOTAL_ASSETS":5573845377.14,"TOTAL_LIABILITIES":1783404785.83,"TAX_EBT":-38.742664134044,"OCF_SALES":-31.172531607025,"TOTAL_PARENT_EQUITY":3524473519.38,"DEBT_ASSET_RATIO":31.9959501055,"OPERATE_PROFIT":-18442103,"PRETAX_PROFIT":-14927324.28,"NETCASH_OPERATE":-173980108.81,"NETCASH_INVEST":227408036.07,"NETCASH_FINANCE":18064688.48,"END_CASH":1026239493.1,"DIVI_RATIO":null,"DIVIDEND_RATE":null,"CURRENT_RATIO":2.091054360789,"COMMON_ACS":null,"CURRENTDEBT_DEBT":96.562551683887,"ISSUED_COMMON_SHARES":913838529,"HK_COMMON_SHARES":242000000,"PER_SHARES":2000,"TOTAL_MARKET_CAP":3216711622.08,"HKSK_MARKET_CAP":851840000,"PE_TTM":-9.527696055594,"PB_TTM":0.905301785495,"REPORT_DATE_SQ":"2022-03-31 00:00:00","REPORT_TYPE_SQ":"2022年一季报","OPERATE_INCOME_SQ":1060341055.39,"DPS_HKD":null,"OPERATE_INCOME_QOQ_SQ":1.509317914707,"NET_PROFIT_RATIO_SQ":-0.9246702917,"HOLDER_PROFIT_SQ":-16953897.29,"HOLDER_PROFIT_QOQ_SQ":-9.070635637572,"ROE_AVG_SQ":-0.481776686053,"PE_TTM_SQ":425.391763930476,"PB_TTM_SQ":0.683228305513,"ROA_SQ":-0.27877312388,"START_DATE":"2023-01-01 00:00:00","FISCAL_YEAR":"12-31","CURRENCY":"HKD","IS_CNY_CODE":0,"DPS_HKD_LY":0.015,"ORG_TYPE":"一般企业","PREMIUM_INCOME":null,"PREMIUM_INCOME_YOY":null,"NET_INTEREST_INCOME":null,"NET_INTEREST_INCOME_YOY":null,"FEE_COMMISSION_INCOME":null,"FEE_COMMISSION_INCOME_YOY":null,"ACCOUNTS_RECE_TDAYS":0.438391610061,"INVENTORY_TDAYS":0.765256802127,"CURRENT_ASSETS_TDAYS":0.149155457524,"TOTAL_ASSETS_TDAYS":0.097600029929,"PREMIUM_EXPENSE":null,"LOAN_DEPOSIT":null,"LOAN_EQUITY":null,"LOAN_ASSETS":null,"DEPOSIT_EQUITY":null,"DEPOSIT_ASSETS":null,"EQUITY_MULTIPLIER":1.470500656286,"EQUITY_RATIO":0.506006010834},{"SECUCODE":"00553.HK","SECURITY_CODE":"00553","SECURITY_NAME_ABBR":"南京熊猫电子股份","ORG_CODE":"10004219","STD_REPORT_DATE":"2022-12-31 00:00:00","REPORT_DATE":"2022-12-31 00:00:00","DATE_TYPE_CODE":"001","REPORT_TYPE":"2022年年报","PER_NETCASH_OPERATE":0.164493740228,"PER_OI":4.545983640902,"BPS":3.889117429979,"BASIC_EPS":0.0436,"DILUTED_EPS":0.0436,"OPERATE_INCOME":4154295003.26,"OPERATE_INCOME_YOY":-8.3309919319,"GROSS_PROFIT":589289122.85,"GROSS_PROFIT_YOY":3.310913126473,"HOLDER_PROFIT":39873197.73,"HOLDER_PROFIT_YOY":-3.4410486284,"GROSS_PROFIT_RATIO":14.185057209167,"EPS_TTM":0.044302970749,"OPERATE_INCOME_QOQ":0.197653835338,"NET_PROFIT_RATIO":1.9588747837,"ROE_AVG":1.143466423311,"GROSS_PROFIT_QOQ":3.010899645542,"ROA":0.679233322659,"HOLDER_PROFIT_QOQ":-5.340369309188,"ROE_YEARLY":1.143466423311,"ROIC_YEARLY":0.864437059585,"TOTAL_ASSETS":5865289811.26,"TOTAL_LIABILITIES":2055041779.76,"TAX_EBT":19.804463297047,"OCF_SALES":3.618441094868,"TOTAL_PARENT_EQUITY":3553958826.75,"DEBT_ASSET_RATIO":35.0112305098,"OPERATE_PROFIT":108069633.73,"PRETAX_PROFIT":100685752.1,"NETCASH_OPERATE":150320717.6,"NETCASH_INVEST":36208860.18,"NETCASH_FINANCE":-83574723.5,"END_CASH":954544289.85,"DIVI_RATIO":null,"DIVIDEND_RATE":null,"CURRENT_RATIO":1.953244995456,"COMMON_ACS":null,"CURRENTDEBT_DEBT":96.72962794762,"ISSUED_COMMON_SHARES":913838529,"HK_COMMON_SHARES":242000000,"PER_SHARES":2000,"TOTAL_MARKET_CAP":3390340942.59,"HKSK_MARKET_CAP":897820000,"PE_TTM":-10.041975104049,"PB_TTM":0.954167506871,"REPORT_DATE_SQ":"2021-12-31 00:00:00","REPORT_TYPE_SQ":"2021年年报","OPERATE_INCOME_SQ":4531842430.51,"DPS_HKD":null,"OPERATE_INCOME_QOQ_SQ":0.200225598576,"NET_PROFIT_RATIO_SQ":1.7682143331,"HOLDER_PROFIT_SQ":41928543.18,"HOLDER_PROFIT_QOQ_SQ":-26.631896372037,"ROE_AVG_SQ":1.191720824596,"PE_TTM_SQ":441.75298562011,"PB_TTM_SQ":0.709506317263,"ROA_SQ":0.695336400955,"START_DATE":"2022-01-01 00:00:00","FISCAL_YEAR":"12-31","CURRENCY":"HKD","IS_CNY_CODE":0,"DPS_HKD_LY":0.016,"ORG_TYPE":"一般企业","PREMIUM_INCOME":null,"PREMIUM_INCOME_YOY":null,"NET_INTEREST_INCOME":null,"NET_INTEREST_INCOME_YOY":null,"FEE_COMMISSION_INCOME":null,"FEE_COMMISSION_INCOME_YOY":null,"ACCOUNTS_RECE_TDAYS":3.266866546486,"INVENTORY_TDAYS":4.521624280626,"CURRENT_ASSETS_TDAYS":1.052512974622,"TOTAL_ASSETS_TDAYS":0.696969869272,"PREMIUM_EXPENSE":null,"LOAN_DEPOSIT":null,"LOAN_EQUITY":null,"LOAN_ASSETS":null,"DEPOSIT_EQUITY":null,"DEPOSIT_ASSETS":null,"EQUITY_MULTIPLIER":1.538727395278,"EQUITY_RATIO":0.578240176642},{"SECUCODE":"00553.HK","SECURITY_CODE":"00553","SECURITY_NAME_ABBR":"南京熊猫电子股份","ORG_CODE":"10004219","STD_REPORT_DATE":"2022-09-30 00:00:00","REPORT_DATE":"2022-09-30 00:00:00","DATE_TYPE_CODE":"004","REPORT_TYPE":"2022年三季报","PER_NETCASH_OPERATE":0.049572361454,"PER_OI":3.227912576654,"BPS":3.850138931634,"BASIC_EPS":0.0046,"DILUTED_EPS":0.0046,"OPERATE_INCOME":2949790880.79,"OPERATE_INCOME_YOY":-11.5646382759,"GROSS_PROFIT":386731924.1,"GROSS_PROFIT_YOY":0.431419121551,"HOLDER_PROFIT":4176079.58,"HOLDER_PROFIT_YOY":25.2274995608,"GROSS_PROFIT_RATIO":13.11048612356,"EPS_TTM":0.04680239129,"OPERATE_INCOME_QOQ":-5.677782150282,"NET_PROFIT_RATIO":0.9607404991,"ROE_AVG":0.118544107731,"GROSS_PROFIT_QOQ":2.496864023263,"ROA":0.070144582999,"HOLDER_PROFIT_QOQ":19.952286255576,"ROE_YEARLY":0.158058810309,"ROIC_YEARLY":0.089719296335,"TOTAL_ASSETS":5849079494.03,"TOTAL_LIABILITIES":2091113331.73,"TAX_EBT":28.631349944737,"OCF_SALES":1.535740521981,"TOTAL_PARENT_EQUITY":3518405297.73,"DEBT_ASSET_RATIO":35.7511525337,"OPERATE_PROFIT":47078625.19,"PRETAX_PROFIT":39709081.8,"NETCASH_OPERATE":45301133.87,"NETCASH_INVEST":85535555.15,"NETCASH_FINANCE":-72006978.96,"END_CASH":911416828.16,"DIVI_RATIO":null,"DIVIDEND_RATE":null,"CURRENT_RATIO":1.919388148927,"COMMON_ACS":null,"CURRENTDEBT_DEBT":97.098293176688,"ISSUED_COMMON_SHARES":913838529,"HK_COMMON_SHARES":242000000,"PER_SHARES":2000,"TOTAL_MARKET_CAP":3390340942.59,"HKSK_MARKET_CAP":897820000,"PE_TTM":-10.041975104049,"PB_TTM":0.954167506871,"REPORT_DATE_SQ":"2021-09-30 00:00:00","REPORT_TYPE_SQ":"2021年三季报","OPERATE_INCOME_SQ":3335533233.86,"DPS_HKD":null,"OPERATE_INCOME_QOQ_SQ":2.614148858099,"NET_PROFIT_RATIO_SQ":0.9957947321,"HOLDER_PROFIT_SQ":3334794.35,"HOLDER_PROFIT_QOQ_SQ":-31.070381646925,"ROE_AVG_SQ":0.095291921512,"PE_TTM_SQ":441.75298562011,"PB_TTM_SQ":0.709506317263,"ROA_SQ":0.054650798101,"START_DATE":"2022-01-01 00:00:00","FISCAL_YEAR":"12-31","CURRENCY":"HKD","IS_CNY_CODE":0,"DPS_HKD_LY":0.016,"ORG_TYPE":"一般企业","PREMIUM_INCOME":null,"PREMIUM_INCOME_YOY":null,"NET_INTEREST_INCOME":null,"NET_INTEREST_INCOME_YOY":null,"FEE_COMMISSION_INCOME":null,"FEE_COMMISSION_INCOME_YOY":null,"ACCOUNTS_RECE_TDAYS":2.498151658683,"INVENTORY_TDAYS":2.806592756825,"CURRENT_ASSETS_TDAYS":0.745978338642,"TOTAL_ASSETS_TDAYS":0.495469129126,"PREMIUM_EXPENSE":null,"LOAN_DEPOSIT":null,"LOAN_EQUITY":null,"LOAN_ASSETS":null,"DEPOSIT_EQUITY":null,"DEPOSIT_ASSETS":null,"EQUITY_MULTIPLIER":1.556448153447,"EQUITY_RATIO":0.594335545447}],"count":79},"success":true,"message":"ok","code":0}