{"version":"f10c294b9ce370171cc0e7dd88be15ee","result":{"pages":6,"data":[{"SECUCODE":"00550.HK","SECURITY_CODE":"00550","SECURITY_NAME_ABBR":"律齐文化","ORG_CODE":"10010695","STD_REPORT_DATE":"2023-06-30 00:00:00","REPORT_DATE":"2023-06-30 00:00:00","DATE_TYPE_CODE":"002","REPORT_TYPE":"2023年中报","PER_NETCASH_OPERATE":-0.046134014409,"PER_OI":0.040930427893,"BPS":0.578174930258,"BASIC_EPS":-0.019638174,"DILUTED_EPS":-0.019638174,"OPERATE_INCOME":18645201.54,"OPERATE_INCOME_YOY":-30.2895553257,"GROSS_PROFIT":13087506.1,"GROSS_PROFIT_YOY":2.916098675571,"HOLDER_PROFIT":-8908170.76,"HOLDER_PROFIT_YOY":-263.096580233,"GROSS_PROFIT_RATIO":70.192355239084,"EPS_TTM":-0.031914082527,"OPERATE_INCOME_QOQ":-12.742055784009,"NET_PROFIT_RATIO":-49.2805221777,"ROE_AVG":-4.014550772932,"GROSS_PROFIT_QOQ":1.336655727803,"ROA":-3.830813026826,"HOLDER_PROFIT_QOQ":-83.898057407181,"ROE_YEARLY":-8.029101545864,"ROIC_YEARLY":-9.469624576724,"TOTAL_ASSETS":271899277.84,"TOTAL_LIABILITIES":8390939.98,"TAX_EBT":null,"OCF_SALES":-112.713247292687,"TOTAL_PARENT_EQUITY":263378338.68,"DEBT_ASSET_RATIO":3.086047174,"OPERATE_PROFIT":-7200663.8,"PRETAX_PROFIT":-9188452.68,"NETCASH_OPERATE":-21015612.12,"NETCASH_INVEST":-22196668.5,"NETCASH_FINANCE":2543742.82,"END_CASH":23793537.86,"DIVI_RATIO":null,"DIVIDEND_RATE":null,"CURRENT_RATIO":6.764355742297,"COMMON_ACS":5000000000,"CURRENTDEBT_DEBT":94.143500714207,"ISSUED_COMMON_SHARES":455534000,"HK_COMMON_SHARES":455534000,"PER_SHARES":2000,"TOTAL_MARKET_CAP":61041556,"HKSK_MARKET_CAP":61041556,"PE_TTM":-3.850959308561,"PB_TTM":0.213681558183,"REPORT_DATE_SQ":"2022-06-30 00:00:00","REPORT_TYPE_SQ":"2022年中报","OPERATE_INCOME_SQ":24809061.9,"DPS_HKD":null,"OPERATE_INCOME_QOQ_SQ":41.593671284026,"NET_PROFIT_RATIO_SQ":-4.02964495,"HOLDER_PROFIT_SQ":-2275660.59,"HOLDER_PROFIT_QOQ_SQ":49.519705080162,"ROE_AVG_SQ":-1.568398624336,"PE_TTM_SQ":-5.287884423696,"PB_TTM_SQ":0.293413482879,"ROA_SQ":-1.403484713831,"START_DATE":"2023-01-01 00:00:00","FISCAL_YEAR":"12-31","CURRENCY":"HKD","IS_CNY_CODE":0,"DPS_HKD_LY":null,"ORG_TYPE":"一般企业","PREMIUM_INCOME":null,"PREMIUM_INCOME_YOY":null,"NET_INTEREST_INCOME":null,"NET_INTEREST_INCOME_YOY":null,"FEE_COMMISSION_INCOME":null,"FEE_COMMISSION_INCOME_YOY":null,"ACCOUNTS_RECE_TDAYS":3.041738738061,"INVENTORY_TDAYS":18.547692307692,"CURRENT_ASSETS_TDAYS":0.282924235959,"TOTAL_ASSETS_TDAYS":0.080180637385,"PREMIUM_EXPENSE":null,"LOAN_DEPOSIT":null,"LOAN_EQUITY":null,"LOAN_ASSETS":null,"DEPOSIT_EQUITY":null,"DEPOSIT_ASSETS":null,"EQUITY_MULTIPLIER":1.031843166892,"EQUITY_RATIO":0.031858884151},{"SECUCODE":"00550.HK","SECURITY_CODE":"00550","SECURITY_NAME_ABBR":"律齐文化","ORG_CODE":"10010695","STD_REPORT_DATE":"2022-12-31 00:00:00","REPORT_DATE":"2022-12-31 00:00:00","DATE_TYPE_CODE":"001","REPORT_TYPE":"2022年年报","PER_NETCASH_OPERATE":-0.012258576377,"PER_OI":0.108313092693,"BPS":0.383720542067,"BASIC_EPS":-0.017686746,"DILUTED_EPS":-0.017686746,"OPERATE_INCOME":48374143.58,"OPERATE_INCOME_YOY":55.2001834179,"GROSS_PROFIT":27743179.66,"GROSS_PROFIT_YOY":33.671303703784,"HOLDER_PROFIT":-7905439.5,"HOLDER_PROFIT_YOY":-24.4900829934,"GROSS_PROFIT_RATIO":57.351257524837,"EPS_TTM":-0.017700832262,"OPERATE_INCOME_QOQ":19.754062069668,"NET_PROFIT_RATIO":-16.0135908705,"ROE_AVG":-4.752137119292,"GROSS_PROFIT_QOQ":10.454166812167,"ROA":-4.360776661715,"HOLDER_PROFIT_QOQ":-169.435451842689,"ROE_YEARLY":-4.752137119292,"ROIC_YEARLY":-7.193133605345,"TOTAL_ASSETS":187165076.56,"TOTAL_LIABILITIES":11969818,"TAX_EBT":null,"OCF_SALES":-11.317723529195,"TOTAL_PARENT_EQUITY":174797753.41,"DEBT_ASSET_RATIO":6.3953266389,"OPERATE_PROFIT":-7264071.64,"PRETAX_PROFIT":-7746437.44,"NETCASH_OPERATE":-5474851.83,"NETCASH_INVEST":-5053228.39,"NETCASH_FINANCE":-6691485.57,"END_CASH":62454758.59,"DIVI_RATIO":null,"DIVIDEND_RATE":null,"CURRENT_RATIO":6.60604647548,"COMMON_ACS":5000000000,"CURRENTDEBT_DEBT":96.022388059702,"ISSUED_COMMON_SHARES":455534000,"HK_COMMON_SHARES":455534000,"PER_SHARES":2000,"TOTAL_MARKET_CAP":61041556,"HKSK_MARKET_CAP":61041556,"PE_TTM":-3.850959308561,"PB_TTM":0.213681558183,"REPORT_DATE_SQ":"2021-12-31 00:00:00","REPORT_TYPE_SQ":"2021年年报","OPERATE_INCOME_SQ":28528516.8,"DPS_HKD":null,"OPERATE_INCOME_QOQ_SQ":28.773352668245,"NET_PROFIT_RATIO_SQ":-20.1902960479,"HOLDER_PROFIT_SQ":-5812318.4,"HOLDER_PROFIT_QOQ_SQ":47.744161344877,"ROE_AVG_SQ":-4.532558035743,"PE_TTM_SQ":-15.518791243455,"PB_TTM_SQ":0.861104786709,"ROA_SQ":-3.981584680784,"START_DATE":"2022-01-01 00:00:00","FISCAL_YEAR":"12-31","CURRENCY":"HKD","IS_CNY_CODE":0,"DPS_HKD_LY":null,"ORG_TYPE":"一般企业","PREMIUM_INCOME":null,"PREMIUM_INCOME_YOY":null,"NET_INTEREST_INCOME":null,"NET_INTEREST_INCOME_YOY":null,"FEE_COMMISSION_INCOME":null,"FEE_COMMISSION_INCOME_YOY":null,"ACCOUNTS_RECE_TDAYS":12.020865704772,"INVENTORY_TDAYS":58.843312101911,"CURRENT_ASSETS_TDAYS":0.543693024377,"TOTAL_ASSETS_TDAYS":0.266840112247,"PREMIUM_EXPENSE":null,"LOAN_DEPOSIT":null,"LOAN_EQUITY":null,"LOAN_ASSETS":null,"DEPOSIT_EQUITY":null,"DEPOSIT_ASSETS":null,"EQUITY_MULTIPLIER":1.068322728014,"EQUITY_RATIO":0.068478099784},{"SECUCODE":"00550.HK","SECURITY_CODE":"00550","SECURITY_NAME_ABBR":"律齐文化","ORG_CODE":"10010695","STD_REPORT_DATE":"2022-06-30 00:00:00","REPORT_DATE":"2022-06-30 00:00:00","DATE_TYPE_CODE":"002","REPORT_TYPE":"2022年中报","PER_NETCASH_OPERATE":-0.000804228708,"PER_OI":0.05554922573,"BPS":0.305153322782,"BASIC_EPS":-0.00513114,"DILUTED_EPS":-0.00513114,"OPERATE_INCOME":24809061.9,"OPERATE_INCOME_YOY":86.4995178399,"GROSS_PROFIT":12716675.3,"GROSS_PROFIT_YOY":52.221075557399,"HOLDER_PROFIT":-2275660.59,"HOLDER_PROFIT_YOY":57.0390700678,"GROSS_PROFIT_RATIO":51.258186832127,"EPS_TTM":-0.006569600304,"OPERATE_INCOME_QOQ":41.593671284026,"NET_PROFIT_RATIO":-4.02964495,"ROE_AVG":-1.568398624336,"GROSS_PROFIT_QOQ":21.019702163974,"ROA":-1.403484713831,"HOLDER_PROFIT_QOQ":49.519705080162,"ROE_YEARLY":-3.136797248672,"ROIC_YEARLY":-5.190068459753,"TOTAL_ASSETS":156359518.84,"TOTAL_LIABILITIES":15847525.89,"TAX_EBT":null,"OCF_SALES":-1.447776628749,"TOTAL_PARENT_EQUITY":139007713.74,"DEBT_ASSET_RATIO":10.1353125205,"OPERATE_PROFIT":-639682.12,"PRETAX_PROFIT":-999717.11,"NETCASH_OPERATE":-359179.8,"NETCASH_INVEST":-4123726.18,"NETCASH_FINANCE":-903935.83,"END_CASH":70890975.05,"DIVI_RATIO":null,"DIVIDEND_RATE":null,"CURRENT_RATIO":6.300401699948,"COMMON_ACS":5000000000,"CURRENTDEBT_DEBT":92.693324699153,"ISSUED_COMMON_SHARES":455534000,"HK_COMMON_SHARES":455534000,"PER_SHARES":2000,"TOTAL_MARKET_CAP":61041556,"HKSK_MARKET_CAP":61041556,"PE_TTM":-3.850959308561,"PB_TTM":0.213681558183,"REPORT_DATE_SQ":"2021-06-30 00:00:00","REPORT_TYPE_SQ":"2021年中报","OPERATE_INCOME_SQ":12943004.4,"DPS_HKD":null,"OPERATE_INCOME_QOQ_SQ":31.277647540334,"NET_PROFIT_RATIO_SQ":-41.0864673738,"HOLDER_PROFIT_SQ":-5153903.52,"HOLDER_PROFIT_QOQ_SQ":41.425227257225,"ROE_AVG_SQ":-3.923245259834,"PE_TTM_SQ":-15.518791243455,"PB_TTM_SQ":0.861104786709,"ROA_SQ":-3.453120296141,"START_DATE":"2022-01-01 00:00:00","FISCAL_YEAR":"12-31","CURRENCY":"HKD","IS_CNY_CODE":0,"DPS_HKD_LY":null,"ORG_TYPE":"一般企业","PREMIUM_INCOME":null,"PREMIUM_INCOME_YOY":null,"NET_INTEREST_INCOME":null,"NET_INTEREST_INCOME_YOY":null,"FEE_COMMISSION_INCOME":null,"FEE_COMMISSION_INCOME_YOY":null,"ACCOUNTS_RECE_TDAYS":7.128639882049,"INVENTORY_TDAYS":21.041666666667,"CURRENT_ASSETS_TDAYS":0.260846108888,"TOTAL_ASSETS_TDAYS":0.153006732613,"PREMIUM_EXPENSE":null,"LOAN_DEPOSIT":null,"LOAN_EQUITY":null,"LOAN_ASSETS":null,"DEPOSIT_EQUITY":null,"DEPOSIT_ASSETS":null,"EQUITY_MULTIPLIER":1.112784151426,"EQUITY_RATIO":0.114004650991},{"SECUCODE":"00550.HK","SECURITY_CODE":"00550","SECURITY_NAME_ABBR":"律齐文化","ORG_CODE":"10010695","STD_REPORT_DATE":"2021-12-31 00:00:00","REPORT_DATE":"2021-12-31 00:00:00","DATE_TYPE_CODE":"001","REPORT_TYPE":"2021年年报","PER_NETCASH_OPERATE":-0.021935011442,"PER_OI":0.063877345538,"BPS":0.317289479161,"BASIC_EPS":-0.01299984,"DILUTED_EPS":-0.01299984,"OPERATE_INCOME":28528516.8,"OPERATE_INCOME_YOY":74.0212458232,"GROSS_PROFIT":20754776,"GROSS_PROFIT_YOY":178.108955750663,"HOLDER_PROFIT":-5812318.4,"HOLDER_PROFIT_YOY":68.4912685046,"GROSS_PROFIT_RATIO":72.750981572235,"EPS_TTM":-0.013014187643,"OPERATE_INCOME_QOQ":28.773352668245,"NET_PROFIT_RATIO":-20.1902960479,"ROE_AVG":-4.532558035743,"GROSS_PROFIT_QOQ":46.536242491506,"ROA":-3.981584680784,"HOLDER_PROFIT_QOQ":47.744161344877,"ROE_YEARLY":-4.532558035743,"ROIC_YEARLY":-8.13028585806,"TOTAL_ASSETS":160546388.8,"TOTAL_LIABILITIES":15791944,"TAX_EBT":0.22659679932,"OCF_SALES":-34.339265755309,"TOTAL_PARENT_EQUITY":144536145.6,"DEBT_ASSET_RATIO":9.8363744697,"OPERATE_PROFIT":-4832016,"PRETAX_PROFIT":-5773073.6,"NETCASH_OPERATE":-9796483.2,"NETCASH_INVEST":10693390.4,"NETCASH_FINANCE":-3643225.6,"END_CASH":72925014.4,"DIVI_RATIO":null,"DIVIDEND_RATE":null,"CURRENT_RATIO":6.537378362908,"COMMON_ACS":5000000000,"CURRENTDEBT_DEBT":90.447838467512,"ISSUED_COMMON_SHARES":455534000,"HK_COMMON_SHARES":455534000,"PER_SHARES":2000,"TOTAL_MARKET_CAP":61041556,"HKSK_MARKET_CAP":61041556,"PE_TTM":-3.850959308561,"PB_TTM":0.213681558183,"REPORT_DATE_SQ":"2020-12-31 00:00:00","REPORT_TYPE_SQ":"2020年年报","OPERATE_INCOME_SQ":16875723.64,"DPS_HKD":null,"OPERATE_INCOME_QOQ_SQ":-39.855250515584,"NET_PROFIT_RATIO_SQ":-111.510647848,"HOLDER_PROFIT_SQ":-18989081.68,"HOLDER_PROFIT_QOQ_SQ":30.578536408155,"ROE_AVG_SQ":-14.543977773409,"PE_TTM_SQ":-15.518791243455,"PB_TTM_SQ":0.861104786709,"ROA_SQ":-12.624357927014,"START_DATE":"2021-01-01 00:00:00","FISCAL_YEAR":"12-31","CURRENCY":"HKD","IS_CNY_CODE":0,"DPS_HKD_LY":null,"ORG_TYPE":"一般企业","PREMIUM_INCOME":null,"PREMIUM_INCOME_YOY":null,"NET_INTEREST_INCOME":null,"NET_INTEREST_INCOME_YOY":null,"FEE_COMMISSION_INCOME":null,"FEE_COMMISSION_INCOME_YOY":null,"ACCOUNTS_RECE_TDAYS":12.155721999652,"INVENTORY_TDAYS":30.820097244733,"CURRENT_ASSETS_TDAYS":0.298147950356,"TOTAL_ASSETS_TDAYS":0.195427534487,"PREMIUM_EXPENSE":null,"LOAN_DEPOSIT":null,"LOAN_EQUITY":null,"LOAN_ASSETS":null,"DEPOSIT_EQUITY":null,"DEPOSIT_ASSETS":null,"EQUITY_MULTIPLIER":1.109094708779,"EQUITY_RATIO":0.109259479243},{"SECUCODE":"00550.HK","SECURITY_CODE":"00550","SECURITY_NAME_ABBR":"律齐文化","ORG_CODE":"10010695","STD_REPORT_DATE":"2021-06-30 00:00:00","REPORT_DATE":"2021-06-30 00:00:00","DATE_TYPE_CODE":"002","REPORT_TYPE":"2021年中报","PER_NETCASH_OPERATE":-0.012456588643,"PER_OI":0.028980292602,"BPS":0.326695342872,"BASIC_EPS":-0.011565912,"DILUTED_EPS":-0.011565912,"OPERATE_INCOME":12943004.4,"OPERATE_INCOME_YOY":85.3771898463,"GROSS_PROFIT":8354083.2,"GROSS_PROFIT_YOY":405.289409278168,"HOLDER_PROFIT":-5153903.52,"HOLDER_PROFIT_YOY":56.545531079,"GROSS_PROFIT_RATIO":64.545162327226,"EPS_TTM":-0.024904753187,"OPERATE_INCOME_QOQ":31.277647540334,"NET_PROFIT_RATIO":-41.0864673738,"ROE_AVG":-3.923245259834,"GROSS_PROFIT_QOQ":89.788513081864,"ROA":-3.453120296141,"HOLDER_PROFIT_QOQ":41.425227257225,"ROE_YEARLY":-7.846490519668,"ROIC_YEARLY":-14.844906200756,"TOTAL_ASSETS":164765985.36,"TOTAL_LIABILITIES":15940156.56,"TAX_EBT":0.249726861246,"OCF_SALES":-42.982963677274,"TOTAL_PARENT_EQUITY":148820836.32,"DEBT_ASSET_RATIO":9.6744218931,"OPERATE_PROFIT":-4838545.2,"PRETAX_PROFIT":-5331136.56,"NETCASH_OPERATE":-5563286.88,"NETCASH_INVEST":12236568.48,"NETCASH_FINANCE":-1236470.88,"END_CASH":82448310.96,"DIVI_RATIO":null,"DIVIDEND_RATE":null,"CURRENT_RATIO":6.795993261942,"COMMON_ACS":5000000000,"CURRENTDEBT_DEBT":86.7672391293,"ISSUED_COMMON_SHARES":455534000,"HK_COMMON_SHARES":455534000,"PER_SHARES":2000,"TOTAL_MARKET_CAP":61041556,"HKSK_MARKET_CAP":61041556,"PE_TTM":-3.850959308561,"PB_TTM":0.213681558183,"REPORT_DATE_SQ":"2020-06-30 00:00:00","REPORT_TYPE_SQ":"2020年中报","OPERATE_INCOME_SQ":7664675.04,"DPS_HKD":null,"OPERATE_INCOME_QOQ_SQ":-41.114436127727,"NET_PROFIT_RATIO_SQ":-169.8724824216,"HOLDER_PROFIT_SQ":-13020173.76,"HOLDER_PROFIT_QOQ_SQ":9.59597610016,"ROE_AVG_SQ":-8.820681013011,"PE_TTM_SQ":-15.518791243455,"PB_TTM_SQ":0.861104786709,"ROA_SQ":-7.66789318529,"START_DATE":"2021-01-01 00:00:00","FISCAL_YEAR":"12-31","CURRENCY":"HKD","IS_CNY_CODE":0,"DPS_HKD_LY":null,"ORG_TYPE":"一般企业","PREMIUM_INCOME":null,"PREMIUM_INCOME_YOY":null,"NET_INTEREST_INCOME":null,"NET_INTEREST_INCOME_YOY":null,"FEE_COMMISSION_INCOME":null,"FEE_COMMISSION_INCOME_YOY":null,"ACCOUNTS_RECE_TDAYS":6.188581659041,"INVENTORY_TDAYS":17.288401253918,"CURRENT_ASSETS_TDAYS":0.133622541019,"TOTAL_ASSETS_TDAYS":0.086718253482,"PREMIUM_EXPENSE":null,"LOAN_DEPOSIT":null,"LOAN_EQUITY":null,"LOAN_ASSETS":null,"DEPOSIT_EQUITY":null,"DEPOSIT_ASSETS":null,"EQUITY_MULTIPLIER":1.107106116516,"EQUITY_RATIO":0.107109709596},{"SECUCODE":"00550.HK","SECURITY_CODE":"00550","SECURITY_NAME_ABBR":"律齐文化","ORG_CODE":"10010695","STD_REPORT_DATE":"2020-12-31 00:00:00","REPORT_DATE":"2020-12-31 00:00:00","DATE_TYPE_CODE":"001","REPORT_TYPE":"2020年年报","PER_NETCASH_OPERATE":-0.006558028185,"PER_OI":0.037785926191,"BPS":0.252944289998,"BASIC_EPS":-0.04250282,"DILUTED_EPS":-0.04250282,"OPERATE_INCOME":16875723.64,"OPERATE_INCOME_YOY":-62.3051905326,"GROSS_PROFIT":7462821.88,"GROSS_PROFIT_YOY":-78.748851219567,"HOLDER_PROFIT":-18989081.68,"HOLDER_PROFIT_YOY":33.2030671759,"GROSS_PROFIT_RATIO":44.222233305072,"EPS_TTM":-0.042517882735,"OPERATE_INCOME_QOQ":-39.855250515584,"NET_PROFIT_RATIO":-111.510647848,"ROE_AVG":-14.543977773409,"GROSS_PROFIT_QOQ":-52.930543062829,"ROA":-12.624357927014,"HOLDER_PROFIT_QOQ":30.578536408155,"ROE_YEARLY":-14.543977773409,"ROIC_YEARLY":-27.430502787183,"TOTAL_ASSETS":135277638.84,"TOTAL_LIABILITIES":19882061.72,"TAX_EBT":0.294314381271,"OCF_SALES":-17.355742855718,"TOTAL_PARENT_EQUITY":115224724.2,"DEBT_ASSET_RATIO":14.6972270439,"OPERATE_PROFIT":-17811627.32,"PRETAX_PROFIT":-18873777,"NETCASH_OPERATE":-2928907.2,"NETCASH_INVEST":1324741.36,"NETCASH_FINANCE":-4812497.52,"END_CASH":77896306.92,"DIVI_RATIO":null,"DIVIDEND_RATE":null,"CURRENT_RATIO":5.193335933099,"COMMON_ACS":5000000000,"CURRENTDEBT_DEBT":97.697159547898,"ISSUED_COMMON_SHARES":455534000,"HK_COMMON_SHARES":455534000,"PER_SHARES":2000,"TOTAL_MARKET_CAP":61041556,"HKSK_MARKET_CAP":61041556,"PE_TTM":-3.850959308561,"PB_TTM":0.213681558183,"REPORT_DATE_SQ":"2019-12-31 00:00:00","REPORT_TYPE_SQ":"2019年年报","OPERATE_INCOME_SQ":47649225.54,"DPS_HKD":null,"OPERATE_INCOME_QOQ_SQ":-23.69526007557,"NET_PROFIT_RATIO_SQ":-68.2477017653,"HOLDER_PROFIT_SQ":-30256761.06,"HOLDER_PROFIT_QOQ_SQ":12.90208337985,"ROE_AVG_SQ":-18.403674523522,"PE_TTM_SQ":-15.518791243455,"PB_TTM_SQ":0.861104786709,"ROA_SQ":-15.228961944503,"START_DATE":"2020-01-01 00:00:00","FISCAL_YEAR":"12-31","CURRENCY":"HKD","IS_CNY_CODE":0,"DPS_HKD_LY":null,"ORG_TYPE":"一般企业","PREMIUM_INCOME":null,"PREMIUM_INCOME_YOY":null,"NET_INTEREST_INCOME":null,"NET_INTEREST_INCOME_YOY":null,"FEE_COMMISSION_INCOME":null,"FEE_COMMISSION_INCOME_YOY":null,"ACCOUNTS_RECE_TDAYS":6.065033272837,"INVENTORY_TDAYS":559.2,"CURRENT_ASSETS_TDAYS":0.158949479575,"TOTAL_ASSETS_TDAYS":0.112193511566,"PREMIUM_EXPENSE":null,"LOAN_DEPOSIT":null,"LOAN_EQUITY":null,"LOAN_ASSETS":null,"DEPOSIT_EQUITY":null,"DEPOSIT_ASSETS":null,"EQUITY_MULTIPLIER":1.17229483327,"EQUITY_RATIO":0.172550308608},{"SECUCODE":"00550.HK","SECURITY_CODE":"00550","SECURITY_NAME_ABBR":"律齐文化","ORG_CODE":"10010695","STD_REPORT_DATE":"2020-06-30 00:00:00","REPORT_DATE":"2020-06-30 00:00:00","DATE_TYPE_CODE":"002","REPORT_TYPE":"2020年中报","PER_NETCASH_OPERATE":-0.000261792779,"PER_OI":0.017161743788,"BPS":0.300462233423,"BASIC_EPS":-0.029138736,"DILUTED_EPS":-0.029138736,"OPERATE_INCOME":7664675.04,"OPERATE_INCOME_YOY":-72.9182804028,"GROSS_PROFIT":1653326.4,"GROSS_PROFIT_YOY":-92.095276221393,"HOLDER_PROFIT":-13020173.76,"HOLDER_PROFIT_YOY":21.2573196332,"GROSS_PROFIT_RATIO":21.570730544631,"EPS_TTM":-0.061246018934,"OPERATE_INCOME_QOQ":-41.114436127727,"NET_PROFIT_RATIO":-169.8724824216,"ROE_AVG":-8.820681013011,"GROSS_PROFIT_QOQ":-54.851510590404,"ROA":-7.66789318529,"HOLDER_PROFIT_QOQ":9.59597610016,"ROE_YEARLY":-17.641362026021,"ROIC_YEARLY":-32.933810065676,"TOTAL_ASSETS":159924161.76,"TOTAL_LIABILITIES":23053398.72,"TAX_EBT":1.027635050687,"OCF_SALES":-1.525443928018,"TOTAL_PARENT_EQUITY":136870763.04,"DEBT_ASSET_RATIO":14.4152068495,"OPERATE_PROFIT":-12652970.88,"PRETAX_PROFIT":-13155362.88,"NETCASH_OPERATE":-116920.32,"NETCASH_INVEST":1713613.44,"NETCASH_FINANCE":-3143147.04,"END_CASH":89959224.96,"DIVI_RATIO":null,"DIVIDEND_RATE":null,"CURRENT_RATIO":4.769538423866,"COMMON_ACS":5000000000,"CURRENTDEBT_DEBT":97.087724859339,"ISSUED_COMMON_SHARES":455534000,"HK_COMMON_SHARES":455534000,"PER_SHARES":2000,"TOTAL_MARKET_CAP":61041556,"HKSK_MARKET_CAP":61041556,"PE_TTM":-3.850959308561,"PB_TTM":0.213681558183,"REPORT_DATE_SQ":"2019-06-30 00:00:00","REPORT_TYPE_SQ":"2019年中报","OPERATE_INCOME_SQ":27255385.44,"DPS_HKD":null,"OPERATE_INCOME_QOQ_SQ":-2.456656836119,"NET_PROFIT_RATIO_SQ":-58.9034837236,"HOLDER_PROFIT_SQ":-15923605.32,"HOLDER_PROFIT_QOQ_SQ":29.140871766239,"ROE_AVG_SQ":-9.944623904015,"PE_TTM_SQ":-15.518791243455,"PB_TTM_SQ":0.861104786709,"ROA_SQ":-8.134670087944,"START_DATE":"2020-01-01 00:00:00","FISCAL_YEAR":"12-31","CURRENCY":"HKD","IS_CNY_CODE":0,"DPS_HKD_LY":null,"ORG_TYPE":"一般企业","PREMIUM_INCOME":null,"PREMIUM_INCOME_YOY":null,"NET_INTEREST_INCOME":null,"NET_INTEREST_INCOME_YOY":null,"FEE_COMMISSION_INCOME":null,"FEE_COMMISSION_INCOME_YOY":null,"ACCOUNTS_RECE_TDAYS":2.707210840458,"INVENTORY_TDAYS":null,"CURRENT_ASSETS_TDAYS":0.067315136078,"TOTAL_ASSETS_TDAYS":0.045139113033,"PREMIUM_EXPENSE":null,"LOAN_DEPOSIT":null,"LOAN_EQUITY":null,"LOAN_ASSETS":null,"DEPOSIT_EQUITY":null,"DEPOSIT_ASSETS":null,"EQUITY_MULTIPLIER":1.168431871117,"EQUITY_RATIO":0.168431871117},{"SECUCODE":"00550.HK","SECURITY_CODE":"00550","SECURITY_NAME_ABBR":"律齐文化","ORG_CODE":"10010695","STD_REPORT_DATE":"2019-12-31 00:00:00","REPORT_DATE":"2019-12-31 00:00:00","DATE_TYPE_CODE":"001","REPORT_TYPE":"2019年年报","PER_NETCASH_OPERATE":-0.020686935295,"PER_OI":0.106689950472,"BPS":0.340890133601,"BASIC_EPS":-0.067720968,"DILUTED_EPS":-0.067720968,"OPERATE_INCOME":47649225.54,"OPERATE_INCOME_YOY":-17.6145339652,"GROSS_PROFIT":35117263.34,"GROSS_PROFIT_YOY":-15.775543874562,"HOLDER_PROFIT":-30256761.06,"HOLDER_PROFIT_YOY":39.6321847298,"GROSS_PROFIT_RATIO":73.699546932867,"EPS_TTM":-0.067747005378,"OPERATE_INCOME_QOQ":-23.69526007557,"NET_PROFIT_RATIO":-68.2477017653,"ROE_AVG":-18.403674523522,"GROSS_PROFIT_QOQ":-16.620095155054,"ROA":-15.228961944503,"HOLDER_PROFIT_QOQ":12.90208337985,"ROE_YEARLY":-18.403674523522,"ROIC_YEARLY":-26.415832137425,"TOTAL_ASSETS":176204404.9,"TOTAL_LIABILITIES":20917358.78,"TAX_EBT":1.247353401454,"OCF_SALES":-19.389769330551,"TOTAL_PARENT_EQUITY":155287046.12,"DEBT_ASSET_RATIO":11.8710759767,"OPERATE_PROFIT":-18462025.8,"PRETAX_PROFIT":-19461716.28,"NETCASH_OPERATE":-9239074.92,"NETCASH_INVEST":-2516246.02,"NETCASH_FINANCE":3403964,"END_CASH":89736553.06,"DIVI_RATIO":null,"DIVIDEND_RATE":null,"CURRENT_RATIO":6.29184284289,"COMMON_ACS":5000000000,"CURRENTDEBT_DEBT":90.141749817995,"ISSUED_COMMON_SHARES":455534000,"HK_COMMON_SHARES":455534000,"PER_SHARES":2000,"TOTAL_MARKET_CAP":61041556,"HKSK_MARKET_CAP":61041556,"PE_TTM":-3.850959308561,"PB_TTM":0.213681558183,"REPORT_DATE_SQ":"2018-12-31 00:00:00","REPORT_TYPE_SQ":"2018年年报","OPERATE_INCOME_SQ":56572729.2,"DPS_HKD":null,"OPERATE_INCOME_QOQ_SQ":-10.005481701619,"NET_PROFIT_RATIO_SQ":-103.1383444651,"HOLDER_PROFIT_SQ":-49025142.4,"HOLDER_PROFIT_QOQ_SQ":19.556908221035,"ROE_AVG_SQ":-32.445628694944,"PE_TTM_SQ":-15.518791243455,"PB_TTM_SQ":0.861104786709,"ROA_SQ":-19.573970872734,"START_DATE":"2019-01-01 00:00:00","FISCAL_YEAR":"12-31","CURRENCY":"HKD","IS_CNY_CODE":0,"DPS_HKD_LY":null,"ORG_TYPE":"一般企业","PREMIUM_INCOME":null,"PREMIUM_INCOME_YOY":null,"NET_INTEREST_INCOME":null,"NET_INTEREST_INCOME_YOY":null,"FEE_COMMISSION_INCOME":null,"FEE_COMMISSION_INCOME_YOY":null,"ACCOUNTS_RECE_TDAYS":6.585737278693,"INVENTORY_TDAYS":null,"CURRENT_ASSETS_TDAYS":0.352044209864,"TOTAL_ASSETS_TDAYS":0.23983011301,"PREMIUM_EXPENSE":null,"LOAN_DEPOSIT":null,"LOAN_EQUITY":null,"LOAN_ASSETS":null,"DEPOSIT_EQUITY":null,"DEPOSIT_ASSETS":null,"EQUITY_MULTIPLIER":1.134701247159,"EQUITY_RATIO":0.134701247159},{"SECUCODE":"00550.HK","SECURITY_CODE":"00550","SECURITY_NAME_ABBR":"律齐文化","ORG_CODE":"10010695","STD_REPORT_DATE":"2019-06-30 00:00:00","REPORT_DATE":"2019-06-30 00:00:00","DATE_TYPE_CODE":"002","REPORT_TYPE":"2019年中报","PER_NETCASH_OPERATE":-0.01286949903,"PER_OI":0.061026715329,"BPS":0.328939318953,"BASIC_EPS":-0.03562623,"DILUTED_EPS":-0.03562623,"OPERATE_INCOME":27255385.44,"OPERATE_INCOME_YOY":-8.8115821269,"GROSS_PROFIT":20915675.82,"GROSS_PROFIT_YOY":-19.498781468777,"HOLDER_PROFIT":-15923605.32,"HOLDER_PROFIT_YOY":49.4809109176,"GROSS_PROFIT_RATIO":79.420331239292,"EPS_TTM":-0.077782578513,"OPERATE_INCOME_QOQ":-2.456656836119,"NET_PROFIT_RATIO":-58.9034837236,"ROE_AVG":-9.944623904015,"GROSS_PROFIT_QOQ":-3.474042252361,"ROA":-8.134670087944,"HOLDER_PROFIT_QOQ":29.140871766239,"ROE_YEARLY":-19.88924780803,"ROIC_YEARLY":-29.379686434901,"TOTAL_ASSETS":174325740.84,"TOTAL_LIABILITIES":24482697.12,"TAX_EBT":-12.189440993789,"OCF_SALES":-18.657909765848,"TOTAL_PARENT_EQUITY":149843043.72,"DEBT_ASSET_RATIO":14.044223763,"OPERATE_PROFIT":-4229405.28,"PRETAX_PROFIT":-4532008.32,"NETCASH_OPERATE":-1424169.54,"NETCASH_INVEST":-3304882.62,"NETCASH_FINANCE":5980808.34,"END_CASH":97574526.18,"DIVI_RATIO":null,"DIVIDEND_RATE":null,"CURRENT_RATIO":5.631347214221,"COMMON_ACS":5000000000,"CURRENTDEBT_DEBT":87.316757688991,"ISSUED_COMMON_SHARES":455534000,"HK_COMMON_SHARES":455534000,"PER_SHARES":2000,"TOTAL_MARKET_CAP":61041556,"HKSK_MARKET_CAP":61041556,"PE_TTM":-3.850959308561,"PB_TTM":0.213681558183,"REPORT_DATE_SQ":"2018-06-30 00:00:00","REPORT_TYPE_SQ":"2018年中报","OPERATE_INCOME_SQ":32378412.4,"DPS_HKD":null,"OPERATE_INCOME_QOQ_SQ":-13.633563146445,"NET_PROFIT_RATIO_SQ":-110.0432246641,"HOLDER_PROFIT_SQ":-30209959.2,"HOLDER_PROFIT_QOQ_SQ":-26.062918797955,"ROE_AVG_SQ":-27.313369693228,"PE_TTM_SQ":-15.518791243455,"PB_TTM_SQ":0.861104786709,"ROA_SQ":-11.943502354069,"START_DATE":"2019-01-01 00:00:00","FISCAL_YEAR":"12-31","CURRENCY":"HKD","IS_CNY_CODE":0,"DPS_HKD_LY":null,"ORG_TYPE":"一般企业","PREMIUM_INCOME":null,"PREMIUM_INCOME_YOY":null,"NET_INTEREST_INCOME":null,"NET_INTEREST_INCOME_YOY":null,"FEE_COMMISSION_INCOME":null,"FEE_COMMISSION_INCOME_YOY":null,"ACCOUNTS_RECE_TDAYS":3.162116650508,"INVENTORY_TDAYS":null,"CURRENT_ASSETS_TDAYS":0.228432769861,"TOTAL_ASSETS_TDAYS":0.157372746923,"PREMIUM_EXPENSE":null,"LOAN_DEPOSIT":null,"LOAN_EQUITY":null,"LOAN_ASSETS":null,"DEPOSIT_EQUITY":null,"DEPOSIT_ASSETS":null,"EQUITY_MULTIPLIER":1.163388946943,"EQUITY_RATIO":0.163388946942}],"count":48},"success":true,"message":"ok","code":0}