{"version":"ee2bee05a071880e9c6c42d0ec6e4d81","result":{"pages":8,"data":[{"SECUCODE":"00557.HK","SECURITY_CODE":"00557","SECURITY_NAME_ABBR":"天元医疗","ORG_CODE":"10008964","STD_REPORT_DATE":"2024-06-30 00:00:00","REPORT_DATE":"2024-06-30 00:00:00","DATE_TYPE_CODE":"002","REPORT_TYPE":"2024年中报","PER_NETCASH_OPERATE":0.008024676073,"PER_OI":0.033995071587,"BPS":0.51345802929,"BASIC_EPS":-0.01277752,"DILUTED_EPS":-0.01277752,"OPERATE_INCOME":13563337.48,"OPERATE_INCOME_YOY":-37.4747559744,"GROSS_PROFIT":8997199.44,"GROSS_PROFIT_YOY":-31.686646936742,"HOLDER_PROFIT":-5116484.08,"HOLDER_PROFIT_YOY":14.6727549467,"GROSS_PROFIT_RATIO":66.334701567862,"EPS_TTM":-0.032811172435,"OPERATE_INCOME_QOQ":-20.372342658913,"NET_PROFIT_RATIO":-60.4468070789,"ROE_AVG":-2.465682328983,"GROSS_PROFIT_QOQ":-16.479357416375,"ROA":-1.888639024349,"HOLDER_PROFIT_QOQ":6.705605208508,"ROE_YEARLY":-4.931364657967,"ROIC_YEARLY":-3.834912686645,"TOTAL_ASSETS":265316988.68,"TOTAL_LIABILITIES":76582978.8,"TAX_EBT":null,"OCF_SALES":23.605410133908,"TOTAL_PARENT_EQUITY":204859240.12,"DEBT_ASSET_RATIO":28.8647097877,"OPERATE_PROFIT":-6714586.76,"PRETAX_PROFIT":-8198604.44,"NETCASH_OPERATE":3201681.44,"NETCASH_INVEST":null,"NETCASH_FINANCE":-3280171.92,"END_CASH":18977355.24,"DIVI_RATIO":null,"DIVIDEND_RATE":null,"CURRENT_RATIO":3.889512243416,"COMMON_ACS":2720615042,"CURRENTDEBT_DEBT":54.168752234537,"ISSUED_COMMON_SHARES":398979524,"HK_COMMON_SHARES":398979524,"PER_SHARES":2000,"TOTAL_MARKET_CAP":207469352.48,"HKSK_MARKET_CAP":207469352.48,"PE_TTM":-14.288522898072,"PB_TTM":0.924308459362,"REPORT_DATE_SQ":"2023-06-30 00:00:00","REPORT_TYPE_SQ":"2023年中报","OPERATE_INCOME_SQ":21913620.64,"DPS_HKD":null,"OPERATE_INCOME_QOQ_SQ":1.130619524094,"NET_PROFIT_RATIO_SQ":-45.7884550656,"HOLDER_PROFIT_SQ":-6057408.6,"HOLDER_PROFIT_QOQ_SQ":37.768856298013,"ROE_AVG_SQ":-2.832018621492,"PE_TTM_SQ":-10.752904912116,"PB_TTM_SQ":0.765738119644,"ROA_SQ":-2.012451469136,"START_DATE":"2024-01-01 00:00:00","FISCAL_YEAR":"12-31","CURRENCY":"HKD","IS_CNY_CODE":0,"DPS_HKD_LY":null,"ORG_TYPE":"一般企业","PREMIUM_INCOME":null,"PREMIUM_INCOME_YOY":null,"NET_INTEREST_INCOME":null,"NET_INTEREST_INCOME_YOY":null,"FEE_COMMISSION_INCOME":null,"FEE_COMMISSION_INCOME_YOY":null,"ACCOUNTS_RECE_TDAYS":0.671774703915,"INVENTORY_TDAYS":7.456035767511,"CURRENT_ASSETS_TDAYS":0.083012143759,"TOTAL_ASSETS_TDAYS":0.050066115842,"PREMIUM_EXPENSE":null,"LOAN_DEPOSIT":null,"LOAN_EQUITY":null,"LOAN_ASSETS":null,"DEPOSIT_EQUITY":null,"DEPOSIT_ASSETS":null,"EQUITY_MULTIPLIER":1.405772011354,"EQUITY_RATIO":0.373832192071},{"SECUCODE":"00557.HK","SECURITY_CODE":"00557","SECURITY_NAME_ABBR":"天元医疗","ORG_CODE":"10008964","STD_REPORT_DATE":"2023-12-31 00:00:00","REPORT_DATE":"2023-12-31 00:00:00","DATE_TYPE_CODE":"001","REPORT_TYPE":"2023年年报","PER_NETCASH_OPERATE":0.011588400311,"PER_OI":0.102732917692,"BPS":0.523006628932,"BASIC_EPS":-0.035161336,"DILUTED_EPS":-0.035161336,"OPERATE_INCOME":40988330.6,"OPERATE_INCOME_YOY":-16.5744429689,"GROSS_PROFIT":25324317.9,"GROSS_PROFIT_YOY":-18.592600289164,"HOLDER_PROFIT":-14031910.48,"HOLDER_PROFIT_YOY":46.6730954677,"GROSS_PROFIT_RATIO":61.784214017245,"EPS_TTM":-0.035169500277,"OPERATE_INCOME_QOQ":-16.311199851032,"NET_PROFIT_RATIO":-59.5998231262,"ROE_AVG":-6.812667055317,"GROSS_PROFIT_QOQ":-15.699563599323,"ROA":-4.865365067345,"HOLDER_PROFIT_QOQ":13.066035335698,"ROE_YEARLY":-6.812667055317,"ROIC_YEARLY":-5.280262444457,"TOTAL_ASSETS":274542973.88,"TOTAL_LIABILITIES":79541648.06,"TAX_EBT":6.327750364862,"OCF_SALES":11.280123811629,"TOTAL_PARENT_EQUITY":208668935.86,"DEBT_ASSET_RATIO":28.9723852466,"OPERATE_PROFIT":-22537691.4,"PRETAX_PROFIT":-26079199.16,"NETCASH_OPERATE":4623534.44,"NETCASH_INVEST":329864.08,"NETCASH_FINANCE":-7943018.3,"END_CASH":18920967.38,"DIVI_RATIO":null,"DIVIDEND_RATE":null,"CURRENT_RATIO":3.92452094836,"COMMON_ACS":2720615042,"CURRENTDEBT_DEBT":52.618686839917,"ISSUED_COMMON_SHARES":398979524,"HK_COMMON_SHARES":398979524,"PER_SHARES":2000,"TOTAL_MARKET_CAP":207469352.48,"HKSK_MARKET_CAP":207469352.48,"PE_TTM":-14.288522898072,"PB_TTM":0.924308459362,"REPORT_DATE_SQ":"2022-12-31 00:00:00","REPORT_TYPE_SQ":"2022年年报","OPERATE_INCOME_SQ":48429526.32,"DPS_HKD":null,"OPERATE_INCOME_QOQ_SQ":-17.067180130427,"NET_PROFIT_RATIO_SQ":-74.4226796518,"HOLDER_PROFIT_SQ":-25936987.72,"HOLDER_PROFIT_QOQ_SQ":-5.749287188024,"ROE_AVG_SQ":-12.084511673107,"PE_TTM_SQ":-11.687940121865,"PB_TTM_SQ":0.832324043091,"ROA_SQ":-8.179800096909,"START_DATE":"2023-01-01 00:00:00","FISCAL_YEAR":"12-31","CURRENCY":"HKD","IS_CNY_CODE":0,"DPS_HKD_LY":null,"ORG_TYPE":"一般企业","PREMIUM_INCOME":null,"PREMIUM_INCOME_YOY":null,"NET_INTEREST_INCOME":null,"NET_INTEREST_INCOME_YOY":null,"FEE_COMMISSION_INCOME":null,"FEE_COMMISSION_INCOME_YOY":null,"ACCOUNTS_RECE_TDAYS":2.034729407531,"INVENTORY_TDAYS":12.475640562974,"CURRENT_ASSETS_TDAYS":0.243774270308,"TOTAL_ASSETS_TDAYS":0.142121197362,"PREMIUM_EXPENSE":null,"LOAN_DEPOSIT":null,"LOAN_EQUITY":null,"LOAN_ASSETS":null,"DEPOSIT_EQUITY":null,"DEPOSIT_ASSETS":null,"EQUITY_MULTIPLIER":1.407903114122,"EQUITY_RATIO":0.381185861385},{"SECUCODE":"00557.HK","SECURITY_CODE":"00557","SECURITY_NAME_ABBR":"天元医疗","ORG_CODE":"10008964","STD_REPORT_DATE":"2023-06-30 00:00:00","REPORT_DATE":"2023-06-30 00:00:00","DATE_TYPE_CODE":"002","REPORT_TYPE":"2023年中报","PER_NETCASH_OPERATE":-0.037267003858,"PER_OI":0.054924173602,"BPS":0.553858805145,"BASIC_EPS":-0.015120472,"DILUTED_EPS":-0.015120472,"OPERATE_INCOME":21913620.64,"OPERATE_INCOME_YOY":-4.8671149536,"GROSS_PROFIT":13170484.3,"GROSS_PROFIT_YOY":-7.498030888455,"HOLDER_PROFIT":-6057408.6,"HOLDER_PROFIT_YOY":64.5592836336,"GROSS_PROFIT_RATIO":60.101817569842,"EPS_TTM":-0.040455419712,"OPERATE_INCOME_QOQ":1.130619524094,"NET_PROFIT_RATIO":-45.7884550656,"ROE_AVG":-2.832018621492,"GROSS_PROFIT_QOQ":-3.431816979085,"ROA":-2.012451469136,"HOLDER_PROFIT_QOQ":37.768856298013,"ROE_YEARLY":-5.664037242985,"ROIC_YEARLY":-4.310373106421,"TOTAL_ASSETS":294471192.2,"TOTAL_LIABILITIES":80074884.98,"TAX_EBT":null,"OCF_SALES":-67.85173342309,"TOTAL_PARENT_EQUITY":220978322.44,"DEBT_ASSET_RATIO":27.1927737249,"OPERATE_PROFIT":-8218529.72,"PRETAX_PROFIT":-10033908.34,"NETCASH_OPERATE":-14868771.46,"NETCASH_INVEST":null,"NETCASH_FINANCE":-3875081.94,"END_CASH":5684928.68,"DIVI_RATIO":null,"DIVIDEND_RATE":null,"CURRENT_RATIO":4.427558604917,"COMMON_ACS":2720615042,"CURRENTDEBT_DEBT":50.344843467548,"ISSUED_COMMON_SHARES":398979524,"HK_COMMON_SHARES":398979524,"PER_SHARES":2000,"TOTAL_MARKET_CAP":231408123.92,"HKSK_MARKET_CAP":231408123.92,"PE_TTM":-15.93719861708,"PB_TTM":1.030959435443,"REPORT_DATE_SQ":"2022-06-30 00:00:00","REPORT_TYPE_SQ":"2022年中报","OPERATE_INCOME_SQ":21366066.96,"DPS_HKD":null,"OPERATE_INCOME_QOQ_SQ":-24.489583913492,"NET_PROFIT_RATIO_SQ":-88.8568683958,"HOLDER_PROFIT_SQ":-15853512.22,"HOLDER_PROFIT_QOQ_SQ":-77.991070630303,"ROE_AVG_SQ":-7.502924189625,"PE_TTM_SQ":-11.921698924303,"PB_TTM_SQ":0.848970523953,"ROA_SQ":-5.134099192414,"START_DATE":"2023-01-01 00:00:00","FISCAL_YEAR":"12-31","CURRENCY":"HKD","IS_CNY_CODE":0,"DPS_HKD_LY":null,"ORG_TYPE":"一般企业","PREMIUM_INCOME":null,"PREMIUM_INCOME_YOY":null,"NET_INTEREST_INCOME":null,"NET_INTEREST_INCOME_YOY":null,"FEE_COMMISSION_INCOME":null,"FEE_COMMISSION_INCOME_YOY":null,"ACCOUNTS_RECE_TDAYS":0.726339272072,"INVENTORY_TDAYS":5.476754259313,"CURRENT_ASSETS_TDAYS":0.123978279807,"TOTAL_ASSETS_TDAYS":0.072803571565,"PREMIUM_EXPENSE":null,"LOAN_DEPOSIT":null,"LOAN_EQUITY":null,"LOAN_ASSETS":null,"DEPOSIT_EQUITY":null,"DEPOSIT_ASSETS":null,"EQUITY_MULTIPLIER":1.37349003823,"EQUITY_RATIO":0.362365340165},{"SECUCODE":"00557.HK","SECURITY_CODE":"00557","SECURITY_NAME_ABBR":"天元医疗","ORG_CODE":"10008964","STD_REPORT_DATE":"2022-12-31 00:00:00","REPORT_DATE":"2022-12-31 00:00:00","DATE_TYPE_CODE":"001","REPORT_TYPE":"2022年年报","PER_NETCASH_OPERATE":-0.067977081801,"PER_OI":0.121383488141,"BPS":0.502186792774,"BASIC_EPS":-0.065030056,"DILUTED_EPS":-0.065030056,"OPERATE_INCOME":48429526.32,"OPERATE_INCOME_YOY":-42.68194697,"GROSS_PROFIT":31108127.75,"GROSS_PROFIT_YOY":-46.641842378056,"HOLDER_PROFIT":-25936987.72,"HOLDER_PROFIT_YOY":-72.2795775484,"GROSS_PROFIT_RATIO":64.233805518666,"EPS_TTM":-0.06500831787,"OPERATE_INCOME_QOQ":-17.067180130427,"NET_PROFIT_RATIO":-74.4226796518,"ROE_AVG":-12.084511673107,"GROSS_PROFIT_QOQ":-24.874207081973,"ROA":-8.179800096909,"HOLDER_PROFIT_QOQ":-5.749287188024,"ROE_YEARLY":-12.084511673107,"ROIC_YEARLY":-10.148455590021,"TOTAL_ASSETS":297945742.15,"TOTAL_LIABILITIES":81754750.21,"TAX_EBT":null,"OCF_SALES":-56.001918252914,"TOTAL_PARENT_EQUITY":200362247.54,"DEBT_ASSET_RATIO":27.4394759328,"OPERATE_PROFIT":-32722266.64,"PRETAX_PROFIT":-36042551.23,"NETCASH_OPERATE":-27121463.74,"NETCASH_INVEST":-1101401.91,"NETCASH_FINANCE":-11154262.49,"END_CASH":23668081.92,"DIVI_RATIO":null,"DIVIDEND_RATE":null,"CURRENT_RATIO":4.291524427464,"COMMON_ACS":2720615042,"CURRENTDEBT_DEBT":48.329927996241,"ISSUED_COMMON_SHARES":398979524,"HK_COMMON_SHARES":398979524,"PER_SHARES":2000,"TOTAL_MARKET_CAP":207469352.48,"HKSK_MARKET_CAP":207469352.48,"PE_TTM":-14.288522898072,"PB_TTM":0.924308459362,"REPORT_DATE_SQ":"2021-12-31 00:00:00","REPORT_TYPE_SQ":"2021年年报","OPERATE_INCOME_SQ":77335148.8,"DPS_HKD":null,"OPERATE_INCOME_QOQ_SQ":8.217085136733,"NET_PROFIT_RATIO_SQ":-20.1537192879,"HOLDER_PROFIT_SQ":-13779830.4,"HOLDER_PROFIT_QOQ_SQ":-31.58936256698,"ROE_AVG_SQ":-6.435587800105,"PE_TTM_SQ":-11.687940121865,"PB_TTM_SQ":0.832324043091,"ROA_SQ":-4.448755765842,"START_DATE":"2022-01-01 00:00:00","FISCAL_YEAR":"12-31","CURRENCY":"HKD","IS_CNY_CODE":0,"DPS_HKD_LY":null,"ORG_TYPE":"一般企业","PREMIUM_INCOME":null,"PREMIUM_INCOME_YOY":null,"NET_INTEREST_INCOME":null,"NET_INTEREST_INCOME_YOY":null,"FEE_COMMISSION_INCOME":null,"FEE_COMMISSION_INCOME_YOY":null,"ACCOUNTS_RECE_TDAYS":2.253928660514,"INVENTORY_TDAYS":8.687724014337,"CURRENT_ASSETS_TDAYS":0.265372500936,"TOTAL_ASSETS_TDAYS":0.152733173321,"PREMIUM_EXPENSE":null,"LOAN_DEPOSIT":null,"LOAN_EQUITY":null,"LOAN_ASSETS":null,"DEPOSIT_EQUITY":null,"DEPOSIT_ASSETS":null,"EQUITY_MULTIPLIER":1.378159836709,"EQUITY_RATIO":0.408034703213},{"SECUCODE":"00557.HK","SECURITY_CODE":"00557","SECURITY_NAME_ABBR":"天元医疗","ORG_CODE":"10008964","STD_REPORT_DATE":"2022-06-30 00:00:00","REPORT_DATE":"2022-06-30 00:00:00","DATE_TYPE_CODE":"002","REPORT_TYPE":"2022年中报","PER_NETCASH_OPERATE":-0.024932532828,"PER_OI":0.053551788187,"BPS":0.509940172594,"BASIC_EPS":-0.039680816,"DILUTED_EPS":-0.039680816,"OPERATE_INCOME":21366066.96,"OPERATE_INCOME_YOY":-48.4217262949,"GROSS_PROFIT":14238058.31,"GROSS_PROFIT_YOY":-54.263476529787,"HOLDER_PROFIT":-15853512.22,"HOLDER_PROFIT_YOY":-202.0694150236,"GROSS_PROFIT_RATIO":66.638648735191,"EPS_TTM":-0.061474001007,"OPERATE_INCOME_QOQ":-24.489583913492,"NET_PROFIT_RATIO":-88.8568683958,"ROE_AVG":-7.502924189625,"GROSS_PROFIT_QOQ":-28.974915871882,"ROA":-5.134099192414,"HOLDER_PROFIT_QOQ":-77.991070630303,"ROE_YEARLY":-15.00584837925,"ROIC_YEARLY":-13.432505968835,"TOTAL_ASSETS":295684508.07,"TOTAL_LIABILITIES":70485614.99,"TAX_EBT":null,"OCF_SALES":-46.557796990074,"TOTAL_PARENT_EQUITY":203455687.33,"DEBT_ASSET_RATIO":23.838115649,"OPERATE_PROFIT":-17114917.47,"PRETAX_PROFIT":-18985218,"NETCASH_OPERATE":-9947570.08,"NETCASH_INVEST":-648234.02,"NETCASH_FINANCE":-1812147.61,"END_CASH":43777176.1,"DIVI_RATIO":null,"DIVIDEND_RATE":null,"CURRENT_RATIO":5.874442965449,"COMMON_ACS":2720615042,"CURRENTDEBT_DEBT":41.928634692615,"ISSUED_COMMON_SHARES":398979524,"HK_COMMON_SHARES":398979524,"PER_SHARES":2000,"TOTAL_MARKET_CAP":231408123.92,"HKSK_MARKET_CAP":231408123.92,"PE_TTM":-15.93719861708,"PB_TTM":1.030959435443,"REPORT_DATE_SQ":"2021-06-30 00:00:00","REPORT_TYPE_SQ":"2021年中报","OPERATE_INCOME_SQ":40305123.12,"DPS_HKD":null,"OPERATE_INCOME_QOQ_SQ":50.708547169862,"NET_PROFIT_RATIO_SQ":-13.2352030389,"HOLDER_PROFIT_SQ":-5106474.96,"HOLDER_PROFIT_QOQ_SQ":80.88787127575,"ROE_AVG_SQ":-2.307047452925,"PE_TTM_SQ":-11.921698924303,"PB_TTM_SQ":0.848970523953,"ROA_SQ":-1.620208116353,"START_DATE":"2022-01-01 00:00:00","FISCAL_YEAR":"12-31","CURRENCY":"HKD","IS_CNY_CODE":0,"DPS_HKD_LY":null,"ORG_TYPE":"一般企业","PREMIUM_INCOME":null,"PREMIUM_INCOME_YOY":null,"NET_INTEREST_INCOME":null,"NET_INTEREST_INCOME_YOY":null,"FEE_COMMISSION_INCOME":null,"FEE_COMMISSION_INCOME_YOY":null,"ACCOUNTS_RECE_TDAYS":0.911242819367,"INVENTORY_TDAYS":3.502100840336,"CURRENT_ASSETS_TDAYS":0.118467939827,"TOTAL_ASSETS_TDAYS":0.069193189245,"PREMIUM_EXPENSE":null,"LOAN_DEPOSIT":null,"LOAN_EQUITY":null,"LOAN_ASSETS":null,"DEPOSIT_EQUITY":null,"DEPOSIT_ASSETS":null,"EQUITY_MULTIPLIER":1.312992724013,"EQUITY_RATIO":0.346442097122},{"SECUCODE":"00557.HK","SECURITY_CODE":"00557","SECURITY_NAME_ABBR":"天元医疗","ORG_CODE":"10008964","STD_REPORT_DATE":"2021-12-31 00:00:00","REPORT_DATE":"2021-12-31 00:00:00","DATE_TYPE_CODE":"001","REPORT_TYPE":"2021年年报","PER_NETCASH_OPERATE":0.033437252785,"PER_OI":0.193832375217,"BPS":0.525108519604,"BASIC_EPS":-0.03450272,"DILUTED_EPS":-0.03450272,"OPERATE_INCOME":77335148.8,"OPERATE_INCOME_YOY":67.8878239262,"GROSS_PROFIT":58300603.2,"GROSS_PROFIT_YOY":84.356837458226,"HOLDER_PROFIT":-13779830.4,"HOLDER_PROFIT_YOY":74.1109967589,"GROSS_PROFIT_RATIO":75.386941261048,"EPS_TTM":-0.034537688205,"OPERATE_INCOME_QOQ":8.217085136733,"NET_PROFIT_RATIO":-20.1537192879,"ROE_AVG":-6.435587800105,"GROSS_PROFIT_QOQ":21.361307567755,"ROA":-4.448755765842,"HOLDER_PROFIT_QOQ":-31.58936256698,"ROE_YEARLY":-6.435587800105,"ROIC_YEARLY":-5.850508977619,"TOTAL_ASSETS":307743822.4,"TOTAL_LIABILITIES":75503724.8,"TAX_EBT":null,"OCF_SALES":17.250602613439,"TOTAL_PARENT_EQUITY":209507547.2,"DEBT_ASSET_RATIO":24.5346029081,"OPERATE_PROFIT":-12067776,"PRETAX_PROFIT":-15585908.8,"NETCASH_OPERATE":13340779.2,"NETCASH_INVEST":-1157721.6,"NETCASH_FINANCE":-5900619.2,"END_CASH":53715502.4,"DIVI_RATIO":null,"DIVIDEND_RATE":null,"CURRENT_RATIO":6.017438182468,"COMMON_ACS":2720615042,"CURRENTDEBT_DEBT":39.369558626067,"ISSUED_COMMON_SHARES":398979524,"HK_COMMON_SHARES":398979524,"PER_SHARES":2000,"TOTAL_MARKET_CAP":231408123.92,"HKSK_MARKET_CAP":231408123.92,"PE_TTM":-15.93719861708,"PB_TTM":1.030959435443,"REPORT_DATE_SQ":"2020-12-31 00:00:00","REPORT_TYPE_SQ":"2020年年报","OPERATE_INCOME_SQ":47417997.6,"DPS_HKD":null,"OPERATE_INCOME_QOQ_SQ":-13.935817979859,"NET_PROFIT_RATIO_SQ":-195.3052893149,"HOLDER_PROFIT_SQ":-54791605.64,"HOLDER_PROFIT_QOQ_SQ":71.193968669449,"ROE_AVG_SQ":-21.764538722565,"PE_TTM_SQ":-11.921698924303,"PB_TTM_SQ":0.848970523953,"ROA_SQ":-14.999020816294,"START_DATE":"2021-01-01 00:00:00","FISCAL_YEAR":"12-31","CURRENCY":"HKD","IS_CNY_CODE":0,"DPS_HKD_LY":null,"ORG_TYPE":"一般企业","PREMIUM_INCOME":null,"PREMIUM_INCOME_YOY":null,"NET_INTEREST_INCOME":null,"NET_INTEREST_INCOME_YOY":null,"FEE_COMMISSION_INCOME":null,"FEE_COMMISSION_INCOME_YOY":null,"ACCOUNTS_RECE_TDAYS":4.635984904181,"INVENTORY_TDAYS":10.611212397448,"CURRENT_ASSETS_TDAYS":0.42941161783,"TOTAL_ASSETS_TDAYS":0.249673021466,"PREMIUM_EXPENSE":null,"LOAN_DEPOSIT":null,"LOAN_EQUITY":null,"LOAN_ASSETS":null,"DEPOSIT_EQUITY":null,"DEPOSIT_ASSETS":null,"EQUITY_MULTIPLIER":1.325110631542,"EQUITY_RATIO":0.360386658185},{"SECUCODE":"00557.HK","SECURITY_CODE":"00557","SECURITY_NAME_ABBR":"天元医疗","ORG_CODE":"10008964","STD_REPORT_DATE":"2021-06-30 00:00:00","REPORT_DATE":"2021-06-30 00:00:00","DATE_TYPE_CODE":"002","REPORT_TYPE":"2021年中报","PER_NETCASH_OPERATE":0.055335116997,"PER_OI":0.101020530367,"BPS":0.551607674784,"BASIC_EPS":-0.012730824,"DILUTED_EPS":-0.012730824,"OPERATE_INCOME":40305123.12,"OPERATE_INCOME_YOY":172.1139261839,"GROSS_PROFIT":31130609.04,"GROSS_PROFIT_YOY":111.549523392937,"HOLDER_PROFIT":-5106474.96,"HOLDER_PROFIT_YOY":88.6582886712,"GROSS_PROFIT_RATIO":77.237350069159,"EPS_TTM":-0.026246565475,"OPERATE_INCOME_QOQ":50.708547169862,"NET_PROFIT_RATIO":-13.2352030389,"ROE_AVG":-2.307047452925,"GROSS_PROFIT_QOQ":51.90742515303,"ROA":-1.620208116353,"HOLDER_PROFIT_QOQ":80.88787127575,"ROE_YEARLY":-4.61409490585,"ROIC_YEARLY":-4.393527475655,"TOTAL_ASSETS":313079252.88,"TOTAL_LIABILITIES":68395311.84,"TAX_EBT":null,"OCF_SALES":54.776110159169,"TOTAL_PARENT_EQUITY":220080167.52,"DEBT_ASSET_RATIO":21.8460058311,"OPERATE_PROFIT":-3880821.12,"PRETAX_PROFIT":-5334464.88,"NETCASH_OPERATE":22077578.64,"NETCASH_INVEST":-1171568.64,"NETCASH_FINANCE":-1733222.64,"END_CASH":67581537.6,"DIVI_RATIO":null,"DIVIDEND_RATE":null,"CURRENT_RATIO":7.226348248261,"COMMON_ACS":2720615042,"CURRENTDEBT_DEBT":37.08606048809,"ISSUED_COMMON_SHARES":398979524,"HK_COMMON_SHARES":398979524,"PER_SHARES":2000,"TOTAL_MARKET_CAP":231408123.92,"HKSK_MARKET_CAP":231408123.92,"PE_TTM":-15.93719861708,"PB_TTM":1.030959435443,"REPORT_DATE_SQ":"2020-06-30 00:00:00","REPORT_TYPE_SQ":"2020年中报","OPERATE_INCOME_SQ":16260145.44,"DPS_HKD":null,"OPERATE_INCOME_QOQ_SQ":-12.816420298506,"NET_PROFIT_RATIO_SQ":-495.1463400933,"HOLDER_PROFIT_SQ":-49426238.4,"HOLDER_PROFIT_QOQ_SQ":-24.756167912429,"ROE_AVG_SQ":-17.891595645309,"PE_TTM_SQ":-11.921698924303,"PB_TTM_SQ":0.848970523953,"ROA_SQ":-12.574918487292,"START_DATE":"2021-01-01 00:00:00","FISCAL_YEAR":"12-31","CURRENCY":"HKD","IS_CNY_CODE":0,"DPS_HKD_LY":null,"ORG_TYPE":"一般企业","PREMIUM_INCOME":null,"PREMIUM_INCOME_YOY":null,"NET_INTEREST_INCOME":null,"NET_INTEREST_INCOME_YOY":null,"FEE_COMMISSION_INCOME":null,"FEE_COMMISSION_INCOME_YOY":null,"ACCOUNTS_RECE_TDAYS":2.554058685508,"INVENTORY_TDAYS":4.604719148048,"CURRENT_ASSETS_TDAYS":0.219151742188,"TOTAL_ASSETS_TDAYS":0.127882126361,"PREMIUM_EXPENSE":null,"LOAN_DEPOSIT":null,"LOAN_EQUITY":null,"LOAN_ASSETS":null,"DEPOSIT_EQUITY":null,"DEPOSIT_ASSETS":null,"EQUITY_MULTIPLIER":1.279525135771,"EQUITY_RATIO":0.310774535528},{"SECUCODE":"00557.HK","SECURITY_CODE":"00557","SECURITY_NAME_ABBR":"天元医疗","ORG_CODE":"10008964","STD_REPORT_DATE":"2020-12-31 00:00:00","REPORT_DATE":"2020-12-31 00:00:00","DATE_TYPE_CODE":"001","REPORT_TYPE":"2020年年报","PER_NETCASH_OPERATE":0.104497394408,"PER_OI":0.118848198335,"BPS":0.564345417185,"BASIC_EPS":-0.137271484,"DILUTED_EPS":-0.137271484,"OPERATE_INCOME":47417997.6,"OPERATE_INCOME_YOY":-20.1394795033,"GROSS_PROFIT":31623781.36,"GROSS_PROFIT_YOY":-49.958798260675,"HOLDER_PROFIT":-54791605.64,"HOLDER_PROFIT_YOY":54.5637911781,"GROSS_PROFIT_RATIO":66.691515796947,"EPS_TTM":-0.137329367409,"OPERATE_INCOME_QOQ":-13.935817979859,"NET_PROFIT_RATIO":-195.3052893149,"ROE_AVG":-21.764538722565,"GROSS_PROFIT_QOQ":-40.946930861258,"ROA":-14.999020816294,"HOLDER_PROFIT_QOQ":71.193968669449,"ROE_YEARLY":-21.764538722565,"ROIC_YEARLY":-19.353783814718,"TOTAL_ASSETS":320913965.44,"TOTAL_LIABILITIES":70621170.76,"TAX_EBT":12.564463197375,"OCF_SALES":87.925097621583,"TOTAL_PARENT_EQUITY":225162265.92,"DEBT_ASSET_RATIO":22.0062628509,"OPERATE_PROFIT":-106971602.36,"PRETAX_PROFIT":-105917869.08,"NETCASH_OPERATE":44254272.84,"NETCASH_INVEST":-9442359.16,"NETCASH_FINANCE":-4697192.84,"END_CASH":48964931.92,"DIVI_RATIO":null,"DIVIDEND_RATE":null,"CURRENT_RATIO":6.959705005492,"COMMON_ACS":2720615042,"CURRENTDEBT_DEBT":37.975664112312,"ISSUED_COMMON_SHARES":398979524,"HK_COMMON_SHARES":398979524,"PER_SHARES":2000,"TOTAL_MARKET_CAP":231408123.92,"HKSK_MARKET_CAP":231408123.92,"PE_TTM":-15.93719861708,"PB_TTM":1.030959435443,"REPORT_DATE_SQ":"2019-12-31 00:00:00","REPORT_TYPE_SQ":"2019年年报","OPERATE_INCOME_SQ":63195487.44,"DPS_HKD":null,"OPERATE_INCOME_QOQ_SQ":-59.101863375908,"NET_PROFIT_RATIO_SQ":-235.6509043488,"HOLDER_PROFIT_SQ":-128347358.4,"HOLDER_PROFIT_QOQ_SQ":-463.352588990839,"ROE_AVG_SQ":-43.10426261227,"PE_TTM_SQ":-11.921698924303,"PB_TTM_SQ":0.848970523953,"ROA_SQ":-28.556448324981,"START_DATE":"2020-01-01 00:00:00","FISCAL_YEAR":"12-31","CURRENCY":"HKD","IS_CNY_CODE":0,"DPS_HKD_LY":null,"ORG_TYPE":"一般企业","PREMIUM_INCOME":null,"PREMIUM_INCOME_YOY":null,"NET_INTEREST_INCOME":null,"NET_INTEREST_INCOME_YOY":null,"FEE_COMMISSION_INCOME":null,"FEE_COMMISSION_INCOME_YOY":null,"ACCOUNTS_RECE_TDAYS":1.342595350721,"INVENTORY_TDAYS":9.90813093981,"CURRENT_ASSETS_TDAYS":0.214694411048,"TOTAL_ASSETS_TDAYS":0.129805200041,"PREMIUM_EXPENSE":null,"LOAN_DEPOSIT":null,"LOAN_EQUITY":null,"LOAN_ASSETS":null,"DEPOSIT_EQUITY":null,"DEPOSIT_ASSETS":null,"EQUITY_MULTIPLIER":1.28215423001,"EQUITY_RATIO":0.313645674471},{"SECUCODE":"00557.HK","SECURITY_CODE":"00557","SECURITY_NAME_ABBR":"天元医疗","ORG_CODE":"10008964","STD_REPORT_DATE":"2020-06-30 00:00:00","REPORT_DATE":"2020-06-30 00:00:00","DATE_TYPE_CODE":"002","REPORT_TYPE":"2020年中报","PER_NETCASH_OPERATE":0.0552236015,"PER_OI":0.040754335654,"BPS":0.627679957631,"BASIC_EPS":-0.123862464,"DILUTED_EPS":-0.123862464,"OPERATE_INCOME":16260145.44,"OPERATE_INCOME_YOY":-35.7178968655,"GROSS_PROFIT":14715518.4,"GROSS_PROFIT_YOY":-39.590338944561,"HOLDER_PROFIT":-49426238.4,"HOLDER_PROFIT_YOY":-307.4548192771,"GROSS_PROFIT_RATIO":90.500533677883,"EPS_TTM":-0.476738242186,"OPERATE_INCOME_QOQ":-12.816420298506,"NET_PROFIT_RATIO":-495.1463400933,"ROE_AVG":-17.891595645309,"GROSS_PROFIT_QOQ":-15.260624944394,"ROA":-12.574918487292,"HOLDER_PROFIT_QOQ":-24.756167912429,"ROE_YEARLY":-35.783191290619,"ROIC_YEARLY":-31.980992261853,"TOTAL_ASSETS":341469448.32,"TOTAL_LIABILITIES":53129324.16,"TAX_EBT":null,"OCF_SALES":135.503623391944,"TOTAL_PARENT_EQUITY":250431450.72,"DEBT_ASSET_RATIO":15.5590271462,"OPERATE_PROFIT":-79122172.8,"PRETAX_PROFIT":-80511515.04,"NETCASH_OPERATE":22033086.24,"NETCASH_INVEST":-10427831.04,"NETCASH_FINANCE":-58460.16,"END_CASH":32005110.72,"DIVI_RATIO":null,"DIVIDEND_RATE":null,"CURRENT_RATIO":4.520115241765,"COMMON_ACS":2720615042,"CURRENTDEBT_DEBT":99.061275015474,"ISSUED_COMMON_SHARES":398979524,"HK_COMMON_SHARES":398979524,"PER_SHARES":2000,"TOTAL_MARKET_CAP":231408123.92,"HKSK_MARKET_CAP":231408123.92,"PE_TTM":-15.93719861708,"PB_TTM":1.030959435443,"REPORT_DATE_SQ":"2019-06-30 00:00:00","REPORT_TYPE_SQ":"2019年中报","OPERATE_INCOME_SQ":24359544.72,"DPS_HKD":null,"OPERATE_INCOME_QOQ_SQ":2.795330239126,"NET_PROFIT_RATIO_SQ":-56.0667340748,"HOLDER_PROFIT_SQ":-11681884.8,"HOLDER_PROFIT_QOQ_SQ":-11.822682980269,"ROE_AVG_SQ":-2.801800072155,"PE_TTM_SQ":-11.921698924303,"PB_TTM_SQ":0.848970523953,"ROA_SQ":-1.881806137125,"START_DATE":"2020-01-01 00:00:00","FISCAL_YEAR":"12-31","CURRENCY":"HKD","IS_CNY_CODE":0,"DPS_HKD_LY":null,"ORG_TYPE":"一般企业","PREMIUM_INCOME":null,"PREMIUM_INCOME_YOY":null,"NET_INTEREST_INCOME":null,"NET_INTEREST_INCOME_YOY":null,"FEE_COMMISSION_INCOME":null,"FEE_COMMISSION_INCOME_YOY":null,"ACCOUNTS_RECE_TDAYS":0.324350424547,"INVENTORY_TDAYS":0.729508196721,"CURRENT_ASSETS_TDAYS":0.063179227269,"TOTAL_ASSETS_TDAYS":0.041368716317,"PREMIUM_EXPENSE":null,"LOAN_DEPOSIT":null,"LOAN_EQUITY":null,"LOAN_ASSETS":null,"DEPOSIT_EQUITY":null,"DEPOSIT_ASSETS":null,"EQUITY_MULTIPLIER":1.184259212327,"EQUITY_RATIO":0.212151165548}],"count":66},"success":true,"message":"ok","code":0}