{"version":"fdd6b2aa48df9e9893135ff2ce66ff8f","result":{"pages":5,"data":[{"SECUCODE":"00552.HK","SECURITY_CODE":"00552","SECURITY_NAME_ABBR":"中国通信服务","ORG_CODE":"10076239","STD_REPORT_DATE":"2024-06-30 00:00:00","REPORT_DATE":"2024-06-30 00:00:00","DATE_TYPE_CODE":"002","REPORT_TYPE":"2024年中报","PER_NETCASH_OPERATE":-0.34752636522,"PER_OI":10.743828373312,"BPS":6.307225374972,"BASIC_EPS":0.307,"DILUTED_EPS":0.307,"OPERATE_INCOME":74411953000,"OPERATE_INCOME_YOY":1.6979740193,"GROSS_PROFIT":8115579000,"GROSS_PROFIT_YOY":3.599001027108,"HOLDER_PROFIT":2124984000,"HOLDER_PROFIT_YOY":4.4497398813,"GROSS_PROFIT_RATIO":10.906284101964,"EPS_TTM":0.530596193623,"OPERATE_INCOME_QOQ":0.835987422938,"NET_PROFIT_RATIO":2.9537593241,"ROE_AVG":4.926886882625,"GROSS_PROFIT_QOQ":1.63370757218,"ROA":1.70004566117,"HOLDER_PROFIT_QOQ":2.525617322441,"ROE_YEARLY":9.85377376525,"ROIC_YEARLY":4.377132429455,"TOTAL_ASSETS":128201653000,"TOTAL_LIABILITIES":83353762000,"TAX_EBT":8.613137472169,"OCF_SALES":-3.234660431504,"TOTAL_PARENT_EQUITY":43683959000,"DEBT_ASSET_RATIO":65.0176967687,"OPERATE_PROFIT":2396759000,"PRETAX_PROFIT":2405105000,"NETCASH_OPERATE":-2406974000,"NETCASH_INVEST":-6454076000,"NETCASH_FINANCE":-262125000,"END_CASH":13807171000,"DIVI_RATIO":0.407579894842,"DIVIDEND_RATE":4.890163934426,"CURRENT_RATIO":1.253668054823,"COMMON_ACS":null,"CURRENTDEBT_DEBT":97.578082918441,"ISSUED_COMMON_SHARES":6926018400,"HK_COMMON_SHARES":2391420240,"PER_SHARES":2000,"TOTAL_MARKET_CAP":33798969792,"HKSK_MARKET_CAP":11670130771.2,"PE_TTM":8.29016685419,"PB_TTM":0.70615494694,"REPORT_DATE_SQ":"2023-06-30 00:00:00","REPORT_TYPE_SQ":"2023年中报","OPERATE_INCOME_SQ":73169553000,"DPS_HKD":0.23864,"OPERATE_INCOME_QOQ_SQ":2.782336845612,"NET_PROFIT_RATIO_SQ":2.8868209705,"HOLDER_PROFIT_SQ":2034456000,"HOLDER_PROFIT_QOQ_SQ":4.139185009361,"ROE_AVG_SQ":4.975611942886,"PE_TTM_SQ":6.20639160026,"PB_TTM_SQ":0.518049469518,"ROA_SQ":1.774460890202,"START_DATE":"2024-01-01 00:00:00","FISCAL_YEAR":"12-31","CURRENCY":"HKD","IS_CNY_CODE":0,"DPS_HKD_LY":0.23864,"ORG_TYPE":"一般企业","PREMIUM_INCOME":null,"PREMIUM_INCOME_YOY":null,"NET_INTEREST_INCOME":null,"NET_INTEREST_INCOME_YOY":null,"FEE_COMMISSION_INCOME":null,"FEE_COMMISSION_INCOME_YOY":null,"ACCOUNTS_RECE_TDAYS":2.894925633176,"INVENTORY_TDAYS":46.688047628639,"CURRENT_ASSETS_TDAYS":0.748159249535,"TOTAL_ASSETS_TDAYS":0.59531609573,"PREMIUM_EXPENSE":null,"LOAN_DEPOSIT":null,"LOAN_EQUITY":null,"LOAN_ASSETS":null,"DEPOSIT_EQUITY":null,"DEPOSIT_ASSETS":null,"EQUITY_MULTIPLIER":2.858588222131,"EQUITY_RATIO":1.908109152836},{"SECUCODE":"00552.HK","SECURITY_CODE":"00552","SECURITY_NAME_ABBR":"中国通信服务","ORG_CODE":"10076239","STD_REPORT_DATE":"2023-12-31 00:00:00","REPORT_DATE":"2023-12-31 00:00:00","DATE_TYPE_CODE":"001","REPORT_TYPE":"2023年年报","PER_NETCASH_OPERATE":0.77335154062,"PER_OI":21.45744747083,"BPS":6.14736440781,"BASIC_EPS":0.518,"DILUTED_EPS":0.518,"OPERATE_INCOME":148614676000,"OPERATE_INCOME_YOY":5.5895153685,"GROSS_PROFIT":17257250000,"GROSS_PROFIT_YOY":7.981647202783,"HOLDER_PROFIT":3584391000,"HOLDER_PROFIT_YOY":6.6924339682,"GROSS_PROFIT_RATIO":11.61207658926,"EPS_TTM":0.517525480441,"OPERATE_INCOME_QOQ":2.732511731364,"NET_PROFIT_RATIO":2.5109747573,"ROE_AVG":8.643606317228,"GROSS_PROFIT_QOQ":4.459534910298,"ROA":3.089275116761,"HOLDER_PROFIT_QOQ":2.494660650719,"ROE_YEARLY":8.643606317228,"ROIC_YEARLY":4.081219384515,"TOTAL_ASSETS":121789750000,"TOTAL_LIABILITIES":78122049000,"TAX_EBT":9.193494459886,"OCF_SALES":3.604117133089,"TOTAL_PARENT_EQUITY":42576759000,"DEBT_ASSET_RATIO":64.1450113823,"OPERATE_PROFIT":4106878000,"PRETAX_PROFIT":4109482000,"NETCASH_OPERATE":5356247000,"NETCASH_INVEST":-2115504000,"NETCASH_FINANCE":-2402308000,"END_CASH":22914865000,"DIVI_RATIO":0.417873803268,"DIVIDEND_RATE":5.615058823529,"CURRENT_RATIO":1.27159733462,"COMMON_ACS":null,"CURRENTDEBT_DEBT":97.59734412496,"ISSUED_COMMON_SHARES":6926018400,"HK_COMMON_SHARES":2391420240,"PER_SHARES":2000,"TOTAL_MARKET_CAP":29435578200,"HKSK_MARKET_CAP":10163536020,"PE_TTM":7.219919903752,"PB_TTM":0.614991500921,"REPORT_DATE_SQ":"2022-12-31 00:00:00","REPORT_TYPE_SQ":"2022年年报","OPERATE_INCOME_SQ":140747569000,"DPS_HKD":0.23864,"OPERATE_INCOME_QOQ_SQ":1.150262294314,"NET_PROFIT_RATIO_SQ":2.4720326379,"HOLDER_PROFIT_SQ":3359555000,"HOLDER_PROFIT_QOQ_SQ":3.59707769251,"ROE_AVG_SQ":8.526837576385,"PE_TTM_SQ":5.929320546677,"PB_TTM_SQ":0.494922261057,"ROA_SQ":3.193795121351,"START_DATE":"2023-01-01 00:00:00","FISCAL_YEAR":"12-31","CURRENCY":"HKD","IS_CNY_CODE":0,"DPS_HKD_LY":0.21281,"ORG_TYPE":"一般企业","PREMIUM_INCOME":null,"PREMIUM_INCOME_YOY":null,"NET_INTEREST_INCOME":null,"NET_INTEREST_INCOME_YOY":null,"FEE_COMMISSION_INCOME":null,"FEE_COMMISSION_INCOME_YOY":null,"ACCOUNTS_RECE_TDAYS":6.719853440272,"INVENTORY_TDAYS":102.452661512735,"CURRENT_ASSETS_TDAYS":1.640758864139,"TOTAL_ASSETS_TDAYS":1.280863668479,"PREMIUM_EXPENSE":null,"LOAN_DEPOSIT":null,"LOAN_EQUITY":null,"LOAN_ASSETS":null,"DEPOSIT_EQUITY":null,"DEPOSIT_ASSETS":null,"EQUITY_MULTIPLIER":2.789012180878,"EQUITY_RATIO":1.834851943522},{"SECUCODE":"00552.HK","SECURITY_CODE":"00552","SECURITY_NAME_ABBR":"中国通信服务","ORG_CODE":"10076239","STD_REPORT_DATE":"2023-06-30 00:00:00","REPORT_DATE":"2023-06-30 00:00:00","DATE_TYPE_CODE":"002","REPORT_TYPE":"2023年中报","PER_NETCASH_OPERATE":-0.168349971464,"PER_OI":10.564446811172,"BPS":5.97983973014,"BASIC_EPS":0.294,"DILUTED_EPS":0.294,"OPERATE_INCOME":73169553000,"OPERATE_INCOME_YOY":5.6546155653,"GROSS_PROFIT":7833646000,"GROSS_PROFIT_YOY":7.403248046219,"HOLDER_PROFIT":2034456000,"HOLDER_PROFIT_YOY":7.3333277058,"GROSS_PROFIT_RATIO":10.706155332123,"EPS_TTM":0.504929210122,"OPERATE_INCOME_QOQ":2.782336845612,"NET_PROFIT_RATIO":2.8868209705,"ROE_AVG":4.975611942886,"GROSS_PROFIT_QOQ":3.378915222092,"ROA":1.774460890202,"HOLDER_PROFIT_QOQ":4.139185009361,"ROE_YEARLY":9.951223885772,"ROIC_YEARLY":4.51355150491,"TOTAL_ASSETS":119040019000,"TOTAL_LIABILITIES":76329532000,"TAX_EBT":9.678266287125,"OCF_SALES":-1.593552170532,"TOTAL_PARENT_EQUITY":41416480000,"DEBT_ASSET_RATIO":64.1209003839,"OPERATE_PROFIT":2339685000,"PRETAX_PROFIT":2338611000,"NETCASH_OPERATE":-1165995000,"NETCASH_INVEST":-899030000,"NETCASH_FINANCE":-257819000,"END_CASH":19766956000,"DIVI_RATIO":0.428298336608,"DIVIDEND_RATE":5.615058823529,"CURRENT_RATIO":1.244127714826,"COMMON_ACS":null,"CURRENTDEBT_DEBT":97.217876299831,"ISSUED_COMMON_SHARES":6926018400,"HK_COMMON_SHARES":2391420240,"PER_SHARES":2000,"TOTAL_MARKET_CAP":29435578200,"HKSK_MARKET_CAP":10163536020,"PE_TTM":7.219919903752,"PB_TTM":0.614991500921,"REPORT_DATE_SQ":"2022-06-30 00:00:00","REPORT_TYPE_SQ":"2022年中报","OPERATE_INCOME_SQ":69253532000,"DPS_HKD":0.23864,"OPERATE_INCOME_QOQ_SQ":3.846445512585,"NET_PROFIT_RATIO_SQ":2.8259894502,"HOLDER_PROFIT_SQ":1895456000,"HOLDER_PROFIT_QOQ_SQ":2.663998677407,"ROE_AVG_SQ":4.882385398454,"PE_TTM_SQ":5.929320546677,"PB_TTM_SQ":0.494922261057,"ROA_SQ":1.831185502295,"START_DATE":"2023-01-01 00:00:00","FISCAL_YEAR":"12-31","CURRENCY":"HKD","IS_CNY_CODE":0,"DPS_HKD_LY":0.21281,"ORG_TYPE":"一般企业","PREMIUM_INCOME":null,"PREMIUM_INCOME_YOY":null,"NET_INTEREST_INCOME":null,"NET_INTEREST_INCOME_YOY":null,"FEE_COMMISSION_INCOME":null,"FEE_COMMISSION_INCOME_YOY":null,"ACCOUNTS_RECE_TDAYS":3.159035209987,"INVENTORY_TDAYS":45.376648036351,"CURRENT_ASSETS_TDAYS":0.829012151436,"TOTAL_ASSETS_TDAYS":0.638187850472,"PREMIUM_EXPENSE":null,"LOAN_DEPOSIT":null,"LOAN_EQUITY":null,"LOAN_ASSETS":null,"DEPOSIT_EQUITY":null,"DEPOSIT_ASSETS":null,"EQUITY_MULTIPLIER":2.787137945767,"EQUITY_RATIO":1.84297487377},{"SECUCODE":"00552.HK","SECURITY_CODE":"00552","SECURITY_NAME_ABBR":"中国通信服务","ORG_CODE":"10076239","STD_REPORT_DATE":"2022-12-31 00:00:00","REPORT_DATE":"2022-12-31 00:00:00","DATE_TYPE_CODE":"001","REPORT_TYPE":"2022年年报","PER_NETCASH_OPERATE":0.70867311008,"PER_OI":20.321570182372,"BPS":5.827209757341,"BASIC_EPS":0.485,"DILUTED_EPS":0.485,"OPERATE_INCOME":140747569000,"OPERATE_INCOME_YOY":5.0409520193,"GROSS_PROFIT":15981651000,"GROSS_PROFIT_YOY":8.097937977674,"HOLDER_PROFIT":3359555000,"HOLDER_PROFIT_YOY":6.3569024721,"GROSS_PROFIT_RATIO":11.354191819142,"EPS_TTM":0.484859959367,"OPERATE_INCOME_QOQ":1.150262294314,"NET_PROFIT_RATIO":2.4720326379,"ROE_AVG":8.526837576385,"GROSS_PROFIT_QOQ":4.824745933259,"ROA":3.193795121351,"HOLDER_PROFIT_QOQ":3.59707769251,"ROE_YEARLY":8.526837576385,"ROIC_YEARLY":4.14127361377,"TOTAL_ASSETS":110268598000,"TOTAL_LIABILITIES":68644673000,"TAX_EBT":9.281132323321,"OCF_SALES":3.487339991178,"TOTAL_PARENT_EQUITY":40360637000,"DEBT_ASSET_RATIO":62.2518588438,"OPERATE_PROFIT":3835083000,"PRETAX_PROFIT":3836784000,"NETCASH_OPERATE":4909042000,"NETCASH_INVEST":-2289478000,"NETCASH_FINANCE":-1743877000,"END_CASH":22087661000,"DIVI_RATIO":0.446026397152,"DIVIDEND_RATE":5.615058823529,"CURRENT_RATIO":1.264366754607,"COMMON_ACS":null,"CURRENTDEBT_DEBT":97.016205467247,"ISSUED_COMMON_SHARES":6926018400,"HK_COMMON_SHARES":2391420240,"PER_SHARES":2000,"TOTAL_MARKET_CAP":29435578200,"HKSK_MARKET_CAP":10163536020,"PE_TTM":7.219919903752,"PB_TTM":0.614991500921,"REPORT_DATE_SQ":"2021-12-31 00:00:00","REPORT_TYPE_SQ":"2021年年报","OPERATE_INCOME_SQ":133991317000,"DPS_HKD":0.23864,"OPERATE_INCOME_QOQ_SQ":0.810630179722,"NET_PROFIT_RATIO_SQ":2.3775876462,"HOLDER_PROFIT_SQ":3157434000,"HOLDER_PROFIT_QOQ_SQ":-4.462214659055,"ROE_AVG_SQ":8.405825722386,"PE_TTM_SQ":5.929320546677,"PB_TTM_SQ":0.494922261057,"ROA_SQ":3.246439188399,"START_DATE":"2022-01-01 00:00:00","FISCAL_YEAR":"12-31","CURRENCY":"HKD","IS_CNY_CODE":0,"DPS_HKD_LY":0.01062,"ORG_TYPE":"一般企业","PREMIUM_INCOME":null,"PREMIUM_INCOME_YOY":null,"NET_INTEREST_INCOME":null,"NET_INTEREST_INCOME_YOY":null,"FEE_COMMISSION_INCOME":null,"FEE_COMMISSION_INCOME_YOY":null,"ACCOUNTS_RECE_TDAYS":7.299348414938,"INVENTORY_TDAYS":87.269088266379,"CURRENT_ASSETS_TDAYS":1.72190985149,"TOTAL_ASSETS_TDAYS":1.338574034892,"PREMIUM_EXPENSE":null,"LOAN_DEPOSIT":null,"LOAN_EQUITY":null,"LOAN_ASSETS":null,"DEPOSIT_EQUITY":null,"DEPOSIT_ASSETS":null,"EQUITY_MULTIPLIER":2.649137068398,"EQUITY_RATIO":1.700782695774},{"SECUCODE":"00552.HK","SECURITY_CODE":"00552","SECURITY_NAME_ABBR":"中国通信服务","ORG_CODE":"10076239","STD_REPORT_DATE":"2022-06-30 00:00:00","REPORT_DATE":"2022-06-30 00:00:00","DATE_TYPE_CODE":"002","REPORT_TYPE":"2022年中报","PER_NETCASH_OPERATE":-0.336666301666,"PER_OI":9.999039563626,"BPS":5.665935135258,"BASIC_EPS":0.274,"DILUTED_EPS":0.274,"OPERATE_INCOME":69253532000,"OPERATE_INCOME_YOY":8.0405167925,"GROSS_PROFIT":7293677000,"GROSS_PROFIT_YOY":6.742896431536,"HOLDER_PROFIT":1895456000,"HOLDER_PROFIT_YOY":4.6434316591,"GROSS_PROFIT_RATIO":10.531710269413,"EPS_TTM":0.468024745646,"OPERATE_INCOME_QOQ":3.846445512585,"NET_PROFIT_RATIO":2.8259894502,"ROE_AVG":4.882385398454,"GROSS_PROFIT_QOQ":3.115388106586,"ROA":1.831185502295,"HOLDER_PROFIT_QOQ":2.663998677407,"ROE_YEARLY":9.764770796908,"ROIC_YEARLY":4.585484691336,"TOTAL_ASSETS":107004688000,"TOTAL_LIABILITIES":66497485000,"TAX_EBT":12.401483427819,"OCF_SALES":-3.367009633972,"TOTAL_PARENT_EQUITY":39242371000,"DEBT_ASSET_RATIO":62.1444595026,"OPERATE_PROFIT":2237291000,"PRETAX_PROFIT":2234015000,"NETCASH_OPERATE":-2331737000,"NETCASH_INVEST":-631442000,"NETCASH_FINANCE":-206823000,"END_CASH":18041277000,"DIVI_RATIO":0.462070313187,"DIVIDEND_RATE":5.615058823529,"CURRENT_RATIO":1.298384058835,"COMMON_ACS":null,"CURRENTDEBT_DEBT":96.543308367226,"ISSUED_COMMON_SHARES":6926018400,"HK_COMMON_SHARES":2391420240,"PER_SHARES":2000,"TOTAL_MARKET_CAP":29435578200,"HKSK_MARKET_CAP":10163536020,"PE_TTM":7.219919903752,"PB_TTM":0.614991500921,"REPORT_DATE_SQ":"2021-06-30 00:00:00","REPORT_TYPE_SQ":"2021年中报","OPERATE_INCOME_SQ":64099151000,"DPS_HKD":0.23864,"OPERATE_INCOME_QOQ_SQ":8.369361092909,"NET_PROFIT_RATIO_SQ":2.8431687028,"HOLDER_PROFIT_SQ":1811462000,"HOLDER_PROFIT_QOQ_SQ":7.250780876042,"ROE_AVG_SQ":4.885529494357,"PE_TTM_SQ":5.929320546677,"PB_TTM_SQ":0.494922261057,"ROA_SQ":1.868269210132,"START_DATE":"2022-01-01 00:00:00","FISCAL_YEAR":"12-31","CURRENCY":"HKD","IS_CNY_CODE":0,"DPS_HKD_LY":0.01062,"ORG_TYPE":"一般企业","PREMIUM_INCOME":null,"PREMIUM_INCOME_YOY":null,"NET_INTEREST_INCOME":null,"NET_INTEREST_INCOME_YOY":null,"FEE_COMMISSION_INCOME":null,"FEE_COMMISSION_INCOME_YOY":null,"ACCOUNTS_RECE_TDAYS":3.344898218127,"INVENTORY_TDAYS":40.900749566796,"CURRENT_ASSETS_TDAYS":0.851661141915,"TOTAL_ASSETS_TDAYS":0.669006088252,"PREMIUM_EXPENSE":null,"LOAN_DEPOSIT":null,"LOAN_EQUITY":null,"LOAN_ASSETS":null,"DEPOSIT_EQUITY":null,"DEPOSIT_ASSETS":null,"EQUITY_MULTIPLIER":2.641621244501,"EQUITY_RATIO":1.69453280486},{"SECUCODE":"00552.HK","SECURITY_CODE":"00552","SECURITY_NAME_ABBR":"中国通信服务","ORG_CODE":"10076239","STD_REPORT_DATE":"2021-12-31 00:00:00","REPORT_DATE":"2021-12-31 00:00:00","DATE_TYPE_CODE":"001","REPORT_TYPE":"2021年年报","PER_NETCASH_OPERATE":0.650584035411,"PER_OI":19.346081581302,"BPS":5.545352579485,"BASIC_EPS":0.456,"DILUTED_EPS":0.456,"OPERATE_INCOME":133991317000,"OPERATE_INCOME_YOY":9.2478358395,"GROSS_PROFIT":14784418000,"GROSS_PROFIT_YOY":7.619811734712,"HOLDER_PROFIT":3157434000,"HOLDER_PROFIT_YOY":2.4650208098,"GROSS_PROFIT_RATIO":11.033862739031,"EPS_TTM":0.455880105661,"OPERATE_INCOME_QOQ":0.810630179722,"NET_PROFIT_RATIO":2.3775876462,"ROE_AVG":8.405825722386,"GROSS_PROFIT_QOQ":0.796875494289,"ROA":3.246439188399,"HOLDER_PROFIT_QOQ":-4.462214659055,"ROE_YEARLY":8.405825722386,"ROIC_YEARLY":4.191329350135,"TOTAL_ASSETS":100027969000,"TOTAL_LIABILITIES":60417849000,"TAX_EBT":10.973319614111,"OCF_SALES":3.362872386723,"TOTAL_PARENT_EQUITY":38407214000,"DEBT_ASSET_RATIO":60.4009554568,"OPERATE_PROFIT":3565135000,"PRETAX_PROFIT":3578434000,"NETCASH_OPERATE":4505957000,"NETCASH_INVEST":-3669549000,"NETCASH_FINANCE":-628351000,"END_CASH":21171025000,"DIVI_RATIO":0.474379860219,"DIVIDEND_RATE":5.615058823529,"CURRENT_RATIO":1.359474439574,"COMMON_ACS":null,"CURRENTDEBT_DEBT":96.517045815385,"ISSUED_COMMON_SHARES":6926018400,"HK_COMMON_SHARES":2391420240,"PER_SHARES":2000,"TOTAL_MARKET_CAP":29435578200,"HKSK_MARKET_CAP":10163536020,"PE_TTM":7.219919903752,"PB_TTM":0.614991500921,"REPORT_DATE_SQ":"2020-12-31 00:00:00","REPORT_TYPE_SQ":"2020年年报","OPERATE_INCOME_SQ":122648944000,"DPS_HKD":0.23864,"OPERATE_INCOME_QOQ_SQ":6.467742296713,"NET_PROFIT_RATIO_SQ":2.5188313077,"HOLDER_PROFIT_SQ":3081475000,"HOLDER_PROFIT_QOQ_SQ":5.325014817058,"ROE_AVG_SQ":8.645920572427,"PE_TTM_SQ":5.929320546677,"PB_TTM_SQ":0.494922261057,"ROA_SQ":3.385681179447,"START_DATE":"2021-01-01 00:00:00","FISCAL_YEAR":"12-31","CURRENCY":"HKD","IS_CNY_CODE":0,"DPS_HKD_LY":0.03235,"ORG_TYPE":"一般企业","PREMIUM_INCOME":null,"PREMIUM_INCOME_YOY":null,"NET_INTEREST_INCOME":null,"NET_INTEREST_INCOME_YOY":null,"FEE_COMMISSION_INCOME":null,"FEE_COMMISSION_INCOME_YOY":null,"ACCOUNTS_RECE_TDAYS":7.349559817857,"INVENTORY_TDAYS":75.234224920905,"CURRENT_ASSETS_TDAYS":1.722938011842,"TOTAL_ASSETS_TDAYS":1.377684101755,"PREMIUM_EXPENSE":null,"LOAN_DEPOSIT":null,"LOAN_EQUITY":null,"LOAN_ASSETS":null,"DEPOSIT_EQUITY":null,"DEPOSIT_ASSETS":null,"EQUITY_MULTIPLIER":2.52531345525,"EQUITY_RATIO":1.573085957237},{"SECUCODE":"00552.HK","SECURITY_CODE":"00552","SECURITY_NAME_ABBR":"中国通信服务","ORG_CODE":"10076239","STD_REPORT_DATE":"2021-06-30 00:00:00","REPORT_DATE":"2021-06-30 00:00:00","DATE_TYPE_CODE":"002","REPORT_TYPE":"2021年中报","PER_NETCASH_OPERATE":-0.111108714352,"PER_OI":9.254834061659,"BPS":5.405491847957,"BASIC_EPS":0.262,"DILUTED_EPS":0.262,"OPERATE_INCOME":64099151000,"OPERATE_INCOME_YOY":19.0676736495,"GROSS_PROFIT":6832939000,"GROSS_PROFIT_YOY":15.752902869183,"HOLDER_PROFIT":1811462000,"HOLDER_PROFIT_YOY":14.0696875565,"GROSS_PROFIT_RATIO":10.659952422771,"EPS_TTM":0.47717257003,"OPERATE_INCOME_QOQ":8.369361092909,"NET_PROFIT_RATIO":2.8431687028,"ROE_AVG":4.885529494357,"GROSS_PROFIT_QOQ":6.768995771907,"ROA":1.868269210132,"HOLDER_PROFIT_QOQ":7.250780876042,"ROE_YEARLY":9.771058988713,"ROIC_YEARLY":4.723378554015,"TOTAL_ASSETS":99429953000,"TOTAL_LIABILITIES":60796627000,"TAX_EBT":13.80140021814,"OCF_SALES":-1.200547882452,"TOTAL_PARENT_EQUITY":37438536000,"DEBT_ASSET_RATIO":61.1451832829,"OPERATE_PROFIT":2113633000,"PRETAX_PROFIT":2114242000,"NETCASH_OPERATE":-769541000,"NETCASH_INVEST":-3139728000,"NETCASH_FINANCE":755134000,"END_CASH":17842241000,"DIVI_RATIO":0.453212012557,"DIVIDEND_RATE":5.615058823529,"CURRENT_RATIO":1.391423012441,"COMMON_ACS":null,"CURRENTDEBT_DEBT":95.899274148877,"ISSUED_COMMON_SHARES":6926018400,"HK_COMMON_SHARES":2391420240,"PER_SHARES":2000,"TOTAL_MARKET_CAP":29435578200,"HKSK_MARKET_CAP":10163536020,"PE_TTM":7.219919903752,"PB_TTM":0.614991500921,"REPORT_DATE_SQ":"2020-06-30 00:00:00","REPORT_TYPE_SQ":"2020年中报","OPERATE_INCOME_SQ":53834218000,"DPS_HKD":0.23864,"OPERATE_INCOME_QOQ_SQ":-1.886390196241,"NET_PROFIT_RATIO_SQ":2.9509409796,"HOLDER_PROFIT_SQ":1588031000,"HOLDER_PROFIT_QOQ_SQ":-4.05174553961,"ROE_AVG_SQ":4.584390530023,"PE_TTM_SQ":5.929320546677,"PB_TTM_SQ":0.494922261057,"ROA_SQ":1.806992873566,"START_DATE":"2021-01-01 00:00:00","FISCAL_YEAR":"12-31","CURRENCY":"HKD","IS_CNY_CODE":0,"DPS_HKD_LY":0.03235,"ORG_TYPE":"一般企业","PREMIUM_INCOME":null,"PREMIUM_INCOME_YOY":null,"NET_INTEREST_INCOME":null,"NET_INTEREST_INCOME_YOY":null,"FEE_COMMISSION_INCOME":null,"FEE_COMMISSION_INCOME_YOY":null,"ACCOUNTS_RECE_TDAYS":3.143341071073,"INVENTORY_TDAYS":33.494663865804,"CURRENT_ASSETS_TDAYS":0.81454034257,"TOTAL_ASSETS_TDAYS":0.66109291947,"PREMIUM_EXPENSE":null,"LOAN_DEPOSIT":null,"LOAN_EQUITY":null,"LOAN_ASSETS":null,"DEPOSIT_EQUITY":null,"DEPOSIT_ASSETS":null,"EQUITY_MULTIPLIER":2.573683482491,"EQUITY_RATIO":1.62390503197},{"SECUCODE":"00552.HK","SECURITY_CODE":"00552","SECURITY_NAME_ABBR":"中国通信服务","ORG_CODE":"10076239","STD_REPORT_DATE":"2020-12-31 00:00:00","REPORT_DATE":"2020-12-31 00:00:00","DATE_TYPE_CODE":"001","REPORT_TYPE":"2020年年报","PER_NETCASH_OPERATE":0.787391064396,"PER_OI":17.708434618077,"BPS":5.30141300231,"BASIC_EPS":0.445,"DILUTED_EPS":0.445,"OPERATE_INCOME":122648944000,"OPERATE_INCOME_YOY":4.4593452439,"GROSS_PROFIT":13737636000,"GROSS_PROFIT_YOY":0.370257556847,"HOLDER_PROFIT":3081475000,"HOLDER_PROFIT_YOY":1.0575132271,"GROSS_PROFIT_RATIO":11.200778051542,"EPS_TTM":0.444912909847,"OPERATE_INCOME_QOQ":6.467742296713,"NET_PROFIT_RATIO":2.5188313077,"ROE_AVG":8.645920572427,"GROSS_PROFIT_QOQ":3.368978943562,"ROA":3.385681179447,"HOLDER_PROFIT_QOQ":5.325014817058,"ROE_YEARLY":8.645920572427,"ROIC_YEARLY":4.375310460187,"TOTAL_ASSETS":94488781000,"TOTAL_LIABILITIES":57301807000,"TAX_EBT":11.419836804586,"OCF_SALES":4.44641822599,"TOTAL_PARENT_EQUITY":36717684000,"DEBT_ASSET_RATIO":60.6440324381,"OPERATE_PROFIT":3382152000,"PRETAX_PROFIT":3487598000,"NETCASH_OPERATE":5453485000,"NETCASH_INVEST":-2243695000,"NETCASH_FINANCE":-1353860000,"END_CASH":21008490000,"DIVI_RATIO":0.486073422491,"DIVIDEND_RATE":5.615058823529,"CURRENT_RATIO":1.380844637876,"COMMON_ACS":null,"CURRENTDEBT_DEBT":96.382349687506,"ISSUED_COMMON_SHARES":6926018400,"HK_COMMON_SHARES":2391420240,"PER_SHARES":2000,"TOTAL_MARKET_CAP":29435578200,"HKSK_MARKET_CAP":10163536020,"PE_TTM":7.219919903752,"PB_TTM":0.614991500921,"REPORT_DATE_SQ":"2019-12-31 00:00:00","REPORT_TYPE_SQ":"2019年年报","OPERATE_INCOME_SQ":117413089000,"DPS_HKD":0.23864,"OPERATE_INCOME_QOQ_SQ":5.365943227333,"NET_PROFIT_RATIO_SQ":2.5804610251,"HOLDER_PROFIT_SQ":3049229000,"HOLDER_PROFIT_QOQ_SQ":1.053977794319,"ROE_AVG_SQ":9.116431360662,"PE_TTM_SQ":5.929320546677,"PB_TTM_SQ":0.494922261057,"ROA_SQ":3.619970617638,"START_DATE":"2020-01-01 00:00:00","FISCAL_YEAR":"12-31","CURRENCY":"HKD","IS_CNY_CODE":0,"DPS_HKD_LY":0.02892,"ORG_TYPE":"一般企业","PREMIUM_INCOME":null,"PREMIUM_INCOME_YOY":null,"NET_INTEREST_INCOME":null,"NET_INTEREST_INCOME_YOY":null,"FEE_COMMISSION_INCOME":null,"FEE_COMMISSION_INCOME_YOY":null,"ACCOUNTS_RECE_TDAYS":6.57616118098,"INVENTORY_TDAYS":59.659563862109,"CURRENT_ASSETS_TDAYS":1.640626066157,"TOTAL_ASSETS_TDAYS":1.347569658621,"PREMIUM_EXPENSE":null,"LOAN_DEPOSIT":null,"LOAN_EQUITY":null,"LOAN_ASSETS":null,"DEPOSIT_EQUITY":null,"DEPOSIT_ASSETS":null,"EQUITY_MULTIPLIER":2.540910723201,"EQUITY_RATIO":1.560605156905},{"SECUCODE":"00552.HK","SECURITY_CODE":"00552","SECURITY_NAME_ABBR":"中国通信服务","ORG_CODE":"10076239","STD_REPORT_DATE":"2020-06-30 00:00:00","REPORT_DATE":"2020-06-30 00:00:00","DATE_TYPE_CODE":"002","REPORT_TYPE":"2020年中报","PER_NETCASH_OPERATE":-0.231461556614,"PER_OI":7.772751224571,"BPS":5.01240481833,"BASIC_EPS":0.229,"DILUTED_EPS":0.229,"OPERATE_INCOME":53834218000,"OPERATE_INCOME_YOY":-3.9516593731,"GROSS_PROFIT":5903039000,"GROSS_PROFIT_YOY":-6.302396026981,"HOLDER_PROFIT":1588031000,"HOLDER_PROFIT_YOY":-7.2183096534,"GROSS_PROFIT_RATIO":10.965217327017,"EPS_TTM":0.422419033712,"OPERATE_INCOME_QOQ":-1.886390196241,"NET_PROFIT_RATIO":2.9509409796,"ROE_AVG":4.584390530023,"GROSS_PROFIT_QOQ":-2.900987721232,"ROA":1.806992873566,"HOLDER_PROFIT_QOQ":-4.05174553961,"ROE_YEARLY":9.168781060047,"ROIC_YEARLY":4.532032539815,"TOTAL_ASSETS":88223996000,"TOTAL_LIABILITIES":53033440000,"TAX_EBT":13.088320656334,"OCF_SALES":-2.977858803484,"TOTAL_PARENT_EQUITY":34716008000,"DEBT_ASSET_RATIO":60.112262428,"OPERATE_PROFIT":1796911000,"PRETAX_PROFIT":1827851000,"NETCASH_OPERATE":-1603107000,"NETCASH_INVEST":-2092971000,"NETCASH_FINANCE":-77302000,"END_CASH":15435280000,"DIVI_RATIO":0.511956904261,"DIVIDEND_RATE":5.615058823529,"CURRENT_RATIO":1.446792781126,"COMMON_ACS":null,"CURRENTDEBT_DEBT":96.735431456078,"ISSUED_COMMON_SHARES":6926018400,"HK_COMMON_SHARES":2391420240,"PER_SHARES":2000,"TOTAL_MARKET_CAP":29435578200,"HKSK_MARKET_CAP":10163536020,"PE_TTM":7.219919903752,"PB_TTM":0.614991500921,"REPORT_DATE_SQ":"2019-06-30 00:00:00","REPORT_TYPE_SQ":"2019年中报","OPERATE_INCOME_SQ":56049087000,"DPS_HKD":0.23864,"OPERATE_INCOME_QOQ_SQ":4.951171131932,"NET_PROFIT_RATIO_SQ":3.0350985021,"HOLDER_PROFIT_SQ":1711578000,"HOLDER_PROFIT_QOQ_SQ":4.00169026279,"ROE_AVG_SQ":5.213627762297,"PE_TTM_SQ":5.929320546677,"PB_TTM_SQ":0.494922261057,"ROA_SQ":2.05397053352,"START_DATE":"2020-01-01 00:00:00","FISCAL_YEAR":"12-31","CURRENCY":"HKD","IS_CNY_CODE":0,"DPS_HKD_LY":0.02892,"ORG_TYPE":"一般企业","PREMIUM_INCOME":null,"PREMIUM_INCOME_YOY":null,"NET_INTEREST_INCOME":null,"NET_INTEREST_INCOME_YOY":null,"FEE_COMMISSION_INCOME":null,"FEE_COMMISSION_INCOME_YOY":null,"ACCOUNTS_RECE_TDAYS":2.68476842445,"INVENTORY_TDAYS":25.229804546201,"CURRENT_ASSETS_TDAYS":0.73007467619,"TOTAL_ASSETS_TDAYS":0.612570209776,"PREMIUM_EXPENSE":null,"LOAN_DEPOSIT":null,"LOAN_EQUITY":null,"LOAN_ASSETS":null,"DEPOSIT_EQUITY":null,"DEPOSIT_ASSETS":null,"EQUITY_MULTIPLIER":2.50703614913,"EQUITY_RATIO":1.527636472488}],"count":41},"success":true,"message":"ok","code":0}