{"version":"b8fee9bc4ed3e67427b09098ca3d5f43","result":{"pages":5,"data":[{"SECUCODE":"00558.HK","SECURITY_CODE":"00558","SECURITY_NAME_ABBR":"力劲科技","ORG_CODE":"10095837","STD_REPORT_DATE":"2024-06-30 00:00:00","REPORT_DATE":"2024-09-30 00:00:00","DATE_TYPE_CODE":"002","REPORT_TYPE":"2024年中报","PER_NETCASH_OPERATE":-0.110253172707,"PER_OI":1.714791730907,"BPS":1.278800912773,"BASIC_EPS":0.09829511,"DILUTED_EPS":0.09829511,"OPERATE_INCOME":2339647261.92,"OPERATE_INCOME_YOY":-5.7843298533,"GROSS_PROFIT":671493575.17,"GROSS_PROFIT_YOY":1.565802969854,"HOLDER_PROFIT":133812109.15,"HOLDER_PROFIT_YOY":-27.6883266245,"GROSS_PROFIT_RATIO":28.7006330441,"EPS_TTM":0.321665132698,"OPERATE_INCOME_QOQ":0,"NET_PROFIT_RATIO":6.3953102934,"ROE_AVG":7.700057626539,"GROSS_PROFIT_QOQ":0,"ROA":1.345820313465,"HOLDER_PROFIT_QOQ":0,"ROE_YEARLY":15.400115253078,"ROIC_YEARLY":4.344043820727,"TOTAL_ASSETS":10050821087.48,"TOTAL_LIABILITIES":6399370573.42,"TAX_EBT":14.789802898491,"OCF_SALES":-6.429537227187,"TOTAL_PARENT_EQUITY":1744785095.58,"DEBT_ASSET_RATIO":63.6701272237,"OPERATE_PROFIT":195255570.8,"PRETAX_PROFIT":175598352.38,"NETCASH_OPERATE":-150428491.69,"NETCASH_INVEST":-332461115.72,"NETCASH_FINANCE":-85771952.27,"END_CASH":1575176432.38,"DIVI_RATIO":0.225020347691,"DIVIDEND_RATE":2.666666666667,"CURRENT_RATIO":1.775559171105,"COMMON_ACS":3000000000,"CURRENTDEBT_DEBT":60.498939024263,"ISSUED_COMMON_SHARES":1364391500,"HK_COMMON_SHARES":1364391500,"PER_SHARES":2500,"TOTAL_MARKET_CAP":4093174500,"HKSK_MARKET_CAP":4093174500,"PE_TTM":9.579136252899,"PB_TTM":2.115552134017,"REPORT_DATE_SQ":"2023-06-30 00:00:00","REPORT_TYPE_SQ":"2023年中报","OPERATE_INCOME_SQ":2526908012.79,"DPS_HKD":0.08,"OPERATE_INCOME_QOQ_SQ":0,"NET_PROFIT_RATIO_SQ":7.4517754626,"HOLDER_PROFIT_SQ":188299511.26,"HOLDER_PROFIT_QOQ_SQ":0,"ROE_AVG_SQ":5.338991429597,"PE_TTM_SQ":9.210502397886,"PB_TTM_SQ":1.120885622379,"ROA_SQ":2.385765998399,"START_DATE":"2024-04-01 00:00:00","FISCAL_YEAR":"3-31","CURRENCY":"HKD","IS_CNY_CODE":0,"DPS_HKD_LY":0.08,"ORG_TYPE":"一般企业","PREMIUM_INCOME":null,"PREMIUM_INCOME_YOY":null,"NET_INTEREST_INCOME":null,"NET_INTEREST_INCOME_YOY":null,"FEE_COMMISSION_INCOME":null,"FEE_COMMISSION_INCOME_YOY":null,"ACCOUNTS_RECE_TDAYS":0.851300609638,"INVENTORY_TDAYS":0.946843041824,"CURRENT_ASSETS_TDAYS":0.340172339521,"TOTAL_ASSETS_TDAYS":0.235310902088,"PREMIUM_EXPENSE":null,"LOAN_DEPOSIT":null,"LOAN_EQUITY":null,"LOAN_ASSETS":null,"DEPOSIT_EQUITY":null,"DEPOSIT_ASSETS":null,"EQUITY_MULTIPLIER":2.752555744297,"EQUITY_RATIO":3.667712768542},{"SECUCODE":"00558.HK","SECURITY_CODE":"00558","SECURITY_NAME_ABBR":"力劲科技","ORG_CODE":"10095837","STD_REPORT_DATE":"2023-12-31 00:00:00","REPORT_DATE":"2024-03-31 00:00:00","DATE_TYPE_CODE":"001","REPORT_TYPE":"2023年年报","PER_NETCASH_OPERATE":0.043430230752,"PER_OI":3.844742206814,"BPS":1.275267457141,"BASIC_EPS":0.32001215,"DILUTED_EPS":0.32001215,"OPERATE_INCOME":5291870493.15,"OPERATE_INCOME_YOY":-1.0002121652,"GROSS_PROFIT":1439837103,"GROSS_PROFIT_YOY":3.010635858813,"HOLDER_PROFIT":438877172.9,"HOLDER_PROFIT_YOY":-9.0405553938,"GROSS_PROFIT_RATIO":27.208472030141,"EPS_TTM":0.297114269952,"OPERATE_INCOME_QOQ":0,"NET_PROFIT_RATIO":8.8693835395,"ROE_AVG":16.765872311556,"GROSS_PROFIT_QOQ":0,"ROA":4.979177659885,"HOLDER_PROFIT_QOQ":0,"ROE_YEARLY":16.765872311556,"ROIC_YEARLY":6.738655267196,"TOTAL_ASSETS":9886673840.65,"TOTAL_LIABILITIES":6245879292.2,"TAX_EBT":13.56582158872,"OCF_SALES":1.129600592595,"TOTAL_PARENT_EQUITY":1739964078.75,"DEBT_ASSET_RATIO":63.1747278495,"OPERATE_PROFIT":597190719.05,"PRETAX_PROFIT":543021636.9,"NETCASH_OPERATE":59777000.45,"NETCASH_INVEST":-457901124.65,"NETCASH_FINANCE":2017349341.2,"END_CASH":2153215802.8,"DIVI_RATIO":0.382595390045,"DIVIDEND_RATE":4.310344827586,"CURRENT_RATIO":1.836305357729,"COMMON_ACS":3000000000,"CURRENTDEBT_DEBT":60.315696245597,"ISSUED_COMMON_SHARES":1364391500,"HK_COMMON_SHARES":1364391500,"PER_SHARES":2500,"TOTAL_MARKET_CAP":3956735350,"HKSK_MARKET_CAP":3956735350,"PE_TTM":9.259831711136,"PB_TTM":2.04503372955,"REPORT_DATE_SQ":"2022-12-31 00:00:00","REPORT_TYPE_SQ":"2022年年报","OPERATE_INCOME_SQ":5161722878.09,"DPS_HKD":0.125,"OPERATE_INCOME_QOQ_SQ":0,"NET_PROFIT_RATIO_SQ":9.0265179351,"HOLDER_PROFIT_SQ":465923841.35,"HOLDER_PROFIT_QOQ_SQ":0,"ROE_AVG_SQ":14.08268468913,"PE_TTM_SQ":14.612816304339,"PB_TTM_SQ":1.778328150889,"ROA_SQ":6.595473611724,"START_DATE":"2023-04-01 00:00:00","FISCAL_YEAR":"3-31","CURRENCY":"HKD","IS_CNY_CODE":0,"DPS_HKD_LY":0.09,"ORG_TYPE":"一般企业","PREMIUM_INCOME":null,"PREMIUM_INCOME_YOY":null,"NET_INTEREST_INCOME":null,"NET_INTEREST_INCOME_YOY":null,"FEE_COMMISSION_INCOME":null,"FEE_COMMISSION_INCOME_YOY":null,"ACCOUNTS_RECE_TDAYS":2.131490735892,"INVENTORY_TDAYS":2.326416775598,"CURRENT_ASSETS_TDAYS":0.886052531498,"TOTAL_ASSETS_TDAYS":0.600376710513,"PREMIUM_EXPENSE":null,"LOAN_DEPOSIT":null,"LOAN_EQUITY":null,"LOAN_ASSETS":null,"DEPOSIT_EQUITY":null,"DEPOSIT_ASSETS":null,"EQUITY_MULTIPLIER":2.71552643498,"EQUITY_RATIO":3.589659906478},{"SECUCODE":"00558.HK","SECURITY_CODE":"00558","SECURITY_NAME_ABBR":"力劲科技","ORG_CODE":"10095837","STD_REPORT_DATE":"2023-06-30 00:00:00","REPORT_DATE":"2023-09-30 00:00:00","DATE_TYPE_CODE":"002","REPORT_TYPE":"2023年中报","PER_NETCASH_OPERATE":0.117151886821,"PER_OI":1.835893357951,"BPS":2.576700108818,"BASIC_EPS":0.13672687,"DILUTED_EPS":0.13672687,"OPERATE_INCOME":2526908012.79,"OPERATE_INCOME_YOY":-3.7236411795,"GROSS_PROFIT":661141403.44,"GROSS_PROFIT_YOY":-7.016742713331,"HOLDER_PROFIT":188299511.26,"HOLDER_PROFIT_YOY":-24.3335926812,"GROSS_PROFIT_RATIO":26.164047131657,"EPS_TTM":0.338511129537,"OPERATE_INCOME_QOQ":0,"NET_PROFIT_RATIO":7.4517754626,"ROE_AVG":5.338991429597,"GROSS_PROFIT_QOQ":0,"ROA":2.385765998399,"HOLDER_PROFIT_QOQ":0,"ROE_YEARLY":10.677982859195,"ROIC_YEARLY":5.152531137419,"TOTAL_ASSETS":7948797360.56,"TOTAL_LIABILITIES":4433169634.04,"TAX_EBT":12.45424370931,"OCF_SALES":6.381192366871,"TOTAL_PARENT_EQUITY":3515627726.52,"DEBT_ASSET_RATIO":55.7715769185,"OPERATE_PROFIT":250382686.54,"PRETAX_PROFIT":215086966.22,"NETCASH_OPERATE":161246861.23,"NETCASH_INVEST":-246522217.13,"NETCASH_FINANCE":163215177.58,"END_CASH":611724275.05,"DIVI_RATIO":0.213822216419,"DIVIDEND_RATE":2.80701754386,"CURRENT_RATIO":1.273172850313,"COMMON_ACS":3000000000,"CURRENTDEBT_DEBT":91.887451077475,"ISSUED_COMMON_SHARES":1364391500,"HK_COMMON_SHARES":1364391500,"PER_SHARES":2500,"TOTAL_MARKET_CAP":3888515775,"HKSK_MARKET_CAP":3888515775,"PE_TTM":9.100179440254,"PB_TTM":2.009774527316,"REPORT_DATE_SQ":"2022-06-30 00:00:00","REPORT_TYPE_SQ":"2022年中报","OPERATE_INCOME_SQ":2586913656.72,"DPS_HKD":0.08,"OPERATE_INCOME_QOQ_SQ":0,"NET_PROFIT_RATIO_SQ":9.4814837087,"HOLDER_PROFIT_SQ":245277796.92,"HOLDER_PROFIT_QOQ_SQ":0,"ROE_AVG_SQ":7.468341689307,"PE_TTM_SQ":14.022399483961,"PB_TTM_SQ":1.706476508429,"ROA_SQ":3.534050056837,"START_DATE":"2023-04-01 00:00:00","FISCAL_YEAR":"3-31","CURRENCY":"HKD","IS_CNY_CODE":0,"DPS_HKD_LY":0.09,"ORG_TYPE":"一般企业","PREMIUM_INCOME":null,"PREMIUM_INCOME_YOY":null,"NET_INTEREST_INCOME":null,"NET_INTEREST_INCOME_YOY":null,"FEE_COMMISSION_INCOME":null,"FEE_COMMISSION_INCOME_YOY":null,"ACCOUNTS_RECE_TDAYS":1.092106111132,"INVENTORY_TDAYS":1.0988894879,"CURRENT_ASSETS_TDAYS":0.491867326554,"TOTAL_ASSETS_TDAYS":0.320160746975,"PREMIUM_EXPENSE":null,"LOAN_DEPOSIT":null,"LOAN_EQUITY":null,"LOAN_ASSETS":null,"DEPOSIT_EQUITY":null,"DEPOSIT_ASSETS":null,"EQUITY_MULTIPLIER":2.260989495731,"EQUITY_RATIO":1.26098949573},{"SECUCODE":"00558.HK","SECURITY_CODE":"00558","SECURITY_NAME_ABBR":"力劲科技","ORG_CODE":"10095837","STD_REPORT_DATE":"2022-12-31 00:00:00","REPORT_DATE":"2023-03-31 00:00:00","DATE_TYPE_CODE":"001","REPORT_TYPE":"2022年年报","PER_NETCASH_OPERATE":0.063204305425,"PER_OI":3.750185087666,"BPS":2.473873769779,"BASIC_EPS":0.33878367,"DILUTED_EPS":0.33878367,"OPERATE_INCOME":5161722878.09,"OPERATE_INCOME_YOY":9.9557592261,"GROSS_PROFIT":1397755766.67,"GROSS_PROFIT_YOY":10.027794844337,"HOLDER_PROFIT":465923841.35,"HOLDER_PROFIT_YOY":-14.9116959148,"GROSS_PROFIT_RATIO":27.079248531591,"EPS_TTM":0.350764688179,"OPERATE_INCOME_QOQ":0,"NET_PROFIT_RATIO":9.0265179351,"ROE_AVG":14.08268468913,"GROSS_PROFIT_QOQ":0,"ROA":6.595473611724,"HOLDER_PROFIT_QOQ":0,"ROE_YEARLY":14.08268468913,"ROIC_YEARLY":7.116750829882,"TOTAL_ASSETS":7475894599.98,"TOTAL_LIABILITIES":4100562256.42,"TAX_EBT":15.550023245224,"OCF_SALES":1.685364960588,"TOTAL_PARENT_EQUITY":3375332343.56,"DEBT_ASSET_RATIO":54.8504557091,"OPERATE_PROFIT":593067514.34,"PRETAX_PROFIT":551715772.17,"NETCASH_OPERATE":86993868.75,"NETCASH_INVEST":-473277285.35,"NETCASH_FINANCE":439916285.66,"END_CASH":529942574.65,"DIVI_RATIO":0.324076378925,"DIVIDEND_RATE":4.310344827586,"CURRENT_RATIO":1.298818014966,"COMMON_ACS":3000000000,"CURRENTDEBT_DEBT":91.146036366804,"ISSUED_COMMON_SHARES":1364391500,"HK_COMMON_SHARES":1364391500,"PER_SHARES":2500,"TOTAL_MARKET_CAP":3956735350,"HKSK_MARKET_CAP":3956735350,"PE_TTM":9.259831711136,"PB_TTM":2.04503372955,"REPORT_DATE_SQ":"2021-12-31 00:00:00","REPORT_TYPE_SQ":"2021年年报","OPERATE_INCOME_SQ":4349020038.74,"DPS_HKD":0.125,"OPERATE_INCOME_QOQ_SQ":0,"NET_PROFIT_RATIO_SQ":11.6645600519,"HOLDER_PROFIT_SQ":507294054.09,"HOLDER_PROFIT_QOQ_SQ":0,"ROE_AVG_SQ":20.294662580539,"PE_TTM_SQ":14.612816304339,"PB_TTM_SQ":1.778328150889,"ROA_SQ":9.565893606772,"START_DATE":"2022-04-01 00:00:00","FISCAL_YEAR":"3-31","CURRENCY":"HKD","IS_CNY_CODE":0,"DPS_HKD_LY":0.08,"ORG_TYPE":"一般企业","PREMIUM_INCOME":null,"PREMIUM_INCOME_YOY":null,"NET_INTEREST_INCOME":null,"NET_INTEREST_INCOME_YOY":null,"FEE_COMMISSION_INCOME":null,"FEE_COMMISSION_INCOME_YOY":null,"ACCOUNTS_RECE_TDAYS":2.598088561552,"INVENTORY_TDAYS":2.411996981962,"CURRENT_ASSETS_TDAYS":1.145541729415,"TOTAL_ASSETS_TDAYS":0.730677505895,"PREMIUM_EXPENSE":null,"LOAN_DEPOSIT":null,"LOAN_EQUITY":null,"LOAN_ASSETS":null,"DEPOSIT_EQUITY":null,"DEPOSIT_ASSETS":null,"EQUITY_MULTIPLIER":2.21486177924,"EQUITY_RATIO":1.214861779239},{"SECUCODE":"00558.HK","SECURITY_CODE":"00558","SECURITY_NAME_ABBR":"力劲科技","ORG_CODE":"10095837","STD_REPORT_DATE":"2022-06-30 00:00:00","REPORT_DATE":"2022-09-30 00:00:00","DATE_TYPE_CODE":"002","REPORT_TYPE":"2022年中报","PER_NETCASH_OPERATE":-0.054778623466,"PER_OI":1.879489706759,"BPS":2.359533203483,"BASIC_EPS":0.17817468,"DILUTED_EPS":0.17817468,"OPERATE_INCOME":2586913656.72,"OPERATE_INCOME_YOY":3.1267148798,"GROSS_PROFIT":711032741.52,"GROSS_PROFIT_YOY":5.967209150602,"HOLDER_PROFIT":245277796.92,"HOLDER_PROFIT_YOY":-16.2583952199,"GROSS_PROFIT_RATIO":27.485754681953,"EPS_TTM":0.36856813929,"OPERATE_INCOME_QOQ":0,"NET_PROFIT_RATIO":9.4814837087,"ROE_AVG":7.468341689307,"GROSS_PROFIT_QOQ":0,"ROA":3.534050056837,"HOLDER_PROFIT_QOQ":0,"ROE_YEARLY":14.936683378614,"ROIC_YEARLY":7.660999372372,"TOTAL_ASSETS":7007519720.4,"TOTAL_LIABILITIES":3788192673.6,"TAX_EBT":16.357832402924,"OCF_SALES":-2.914547670509,"TOTAL_PARENT_EQUITY":3219327046.8,"DEBT_ASSET_RATIO":54.0589655791,"OPERATE_PROFIT":310371248.16,"PRETAX_PROFIT":293246581.2,"NETCASH_OPERATE":-75396831.72,"NETCASH_INVEST":-225795254.88,"NETCASH_FINANCE":385083418.8,"END_CASH":552592037.88,"DIVI_RATIO":0.308422074189,"DIVIDEND_RATE":4.310344827586,"CURRENT_RATIO":1.346951273306,"COMMON_ACS":3000000000,"CURRENTDEBT_DEBT":87.95434577074,"ISSUED_COMMON_SHARES":1364391500,"HK_COMMON_SHARES":1364391500,"PER_SHARES":2500,"TOTAL_MARKET_CAP":3956735350,"HKSK_MARKET_CAP":3956735350,"PE_TTM":9.259831711136,"PB_TTM":2.04503372955,"REPORT_DATE_SQ":"2021-06-30 00:00:00","REPORT_TYPE_SQ":"2021年中报","OPERATE_INCOME_SQ":2310506905.08,"DPS_HKD":0.125,"OPERATE_INCOME_QOQ_SQ":0,"NET_PROFIT_RATIO_SQ":11.6763258793,"HOLDER_PROFIT_SQ":269782315.7,"HOLDER_PROFIT_QOQ_SQ":0,"ROE_AVG_SQ":11.12148048302,"PE_TTM_SQ":14.612816304339,"PB_TTM_SQ":1.778328150889,"ROA_SQ":5.307570554616,"START_DATE":"2022-04-01 00:00:00","FISCAL_YEAR":"3-31","CURRENCY":"HKD","IS_CNY_CODE":0,"DPS_HKD_LY":0.08,"ORG_TYPE":"一般企业","PREMIUM_INCOME":null,"PREMIUM_INCOME_YOY":null,"NET_INTEREST_INCOME":null,"NET_INTEREST_INCOME_YOY":null,"FEE_COMMISSION_INCOME":null,"FEE_COMMISSION_INCOME_YOY":null,"ACCOUNTS_RECE_TDAYS":1.389954188784,"INVENTORY_TDAYS":1.18006103764,"CURRENT_ASSETS_TDAYS":0.589055214491,"TOTAL_ASSETS_TDAYS":0.372731754377,"PREMIUM_EXPENSE":null,"LOAN_DEPOSIT":null,"LOAN_EQUITY":null,"LOAN_ASSETS":null,"DEPOSIT_EQUITY":null,"DEPOSIT_ASSETS":null,"EQUITY_MULTIPLIER":2.17670327324,"EQUITY_RATIO":1.17670327324},{"SECUCODE":"00558.HK","SECURITY_CODE":"00558","SECURITY_NAME_ABBR":"力劲科技","ORG_CODE":"10095837","STD_REPORT_DATE":"2021-12-31 00:00:00","REPORT_DATE":"2022-03-31 00:00:00","DATE_TYPE_CODE":"001","REPORT_TYPE":"2021年年报","PER_NETCASH_OPERATE":0.10765393424,"PER_OI":3.159726021804,"BPS":2.201105195239,"BASIC_EPS":0.36982056,"DILUTED_EPS":0.36982056,"OPERATE_INCOME":4349020038.74,"OPERATE_INCOME_YOY":33.3548691611,"GROSS_PROFIT":1270366064,"GROSS_PROFIT_YOY":34.770422465073,"HOLDER_PROFIT":507294054.09,"HOLDER_PROFIT_YOY":82.010201736,"GROSS_PROFIT_RATIO":29.210398036429,"EPS_TTM":0.334799178896,"OPERATE_INCOME_QOQ":0,"NET_PROFIT_RATIO":11.6645600519,"ROE_AVG":20.294662580539,"GROSS_PROFIT_QOQ":0,"ROA":9.565893606772,"HOLDER_PROFIT_QOQ":0,"ROE_YEARLY":20.294662580539,"ROIC_YEARLY":10.501532018005,"TOTAL_ASSETS":6163289959.24,"TOTAL_LIABILITIES":3160120740.25,"TAX_EBT":18.309614513123,"OCF_SALES":3.407065470154,"TOTAL_PARENT_EQUITY":3003169218.99,"DEBT_ASSET_RATIO":51.2732771158,"OPERATE_PROFIT":642737590.15,"PRETAX_PROFIT":620996034.07,"NETCASH_OPERATE":148173960.03,"NETCASH_INVEST":-488163139.2,"NETCASH_FINANCE":321352980.38,"END_CASH":467782457.9,"DIVI_RATIO":0.339530551941,"DIVIDEND_RATE":4.310344827586,"CURRENT_RATIO":1.394512995622,"COMMON_ACS":3000000000,"CURRENTDEBT_DEBT":87.402159616582,"ISSUED_COMMON_SHARES":1364391500,"HK_COMMON_SHARES":1364391500,"PER_SHARES":2500,"TOTAL_MARKET_CAP":3956735350,"HKSK_MARKET_CAP":3956735350,"PE_TTM":9.259831711136,"PB_TTM":2.04503372955,"REPORT_DATE_SQ":"2020-12-31 00:00:00","REPORT_TYPE_SQ":"2020年年报","OPERATE_INCOME_SQ":3398642887.08,"DPS_HKD":0.125,"OPERATE_INCOME_QOQ_SQ":0,"NET_PROFIT_RATIO_SQ":8.5463664383,"HOLDER_PROFIT_SQ":290460475.06,"HOLDER_PROFIT_QOQ_SQ":0,"ROE_AVG_SQ":15.45291691135,"PE_TTM_SQ":14.612816304339,"PB_TTM_SQ":1.778328150889,"ROA_SQ":6.560169950868,"START_DATE":"2021-04-01 00:00:00","FISCAL_YEAR":"3-31","CURRENCY":"HKD","IS_CNY_CODE":0,"DPS_HKD_LY":0.09,"ORG_TYPE":"一般企业","PREMIUM_INCOME":null,"PREMIUM_INCOME_YOY":null,"NET_INTEREST_INCOME":null,"NET_INTEREST_INCOME_YOY":null,"FEE_COMMISSION_INCOME":null,"FEE_COMMISSION_INCOME_YOY":null,"ACCOUNTS_RECE_TDAYS":3.148658503504,"INVENTORY_TDAYS":2.653973611795,"CURRENT_ASSETS_TDAYS":1.315688021072,"TOTAL_ASSETS_TDAYS":0.820081817417,"PREMIUM_EXPENSE":null,"LOAN_DEPOSIT":null,"LOAN_EQUITY":null,"LOAN_ASSETS":null,"DEPOSIT_EQUITY":null,"DEPOSIT_ASSETS":null,"EQUITY_MULTIPLIER":2.052261963885,"EQUITY_RATIO":1.052261963884},{"SECUCODE":"00558.HK","SECURITY_CODE":"00558","SECURITY_NAME_ABBR":"力劲科技","ORG_CODE":"10095837","STD_REPORT_DATE":"2021-06-30 00:00:00","REPORT_DATE":"2021-09-30 00:00:00","DATE_TYPE_CODE":"002","REPORT_TYPE":"2021年中报","PER_NETCASH_OPERATE":0.176870188911,"PER_OI":1.678669844358,"BPS":2.053052037615,"BASIC_EPS":0.19743522,"DILUTED_EPS":0.19743522,"OPERATE_INCOME":2310506905.08,"OPERATE_INCOME_YOY":59.8899369438,"GROSS_PROFIT":670993175.36,"GROSS_PROFIT_YOY":65.677208387235,"HOLDER_PROFIT":269782315.7,"HOLDER_PROFIT_YOY":186.2060432519,"GROSS_PROFIT_RATIO":29.040950878992,"EPS_TTM":0.232133460985,"OPERATE_INCOME_QOQ":0,"NET_PROFIT_RATIO":11.6763258793,"ROE_AVG":11.12148048302,"GROSS_PROFIT_QOQ":0,"ROA":5.307570554616,"HOLDER_PROFIT_QOQ":0,"ROE_YEARLY":22.24296096604,"ROIC_YEARLY":12.159348307441,"TOTAL_ASSETS":5602127732.54,"TOTAL_LIABILITIES":2800960983.36,"TAX_EBT":19.078603787635,"OCF_SALES":10.536329672279,"TOTAL_PARENT_EQUITY":2801166749.18,"DEBT_ASSET_RATIO":49.998163503,"OPERATE_PROFIT":345814868.84,"PRETAX_PROFIT":333388112.82,"NETCASH_OPERATE":243442624.62,"NETCASH_INVEST":-157004319.02,"NETCASH_FINANCE":220177758,"END_CASH":800884723.62,"DIVI_RATIO":0.489694805382,"DIVIDEND_RATE":4.310344827586,"CURRENT_RATIO":1.44861508727,"COMMON_ACS":3000000000,"CURRENTDEBT_DEBT":90.176357778825,"ISSUED_COMMON_SHARES":1364391500,"HK_COMMON_SHARES":1364391500,"PER_SHARES":2500,"TOTAL_MARKET_CAP":3956735350,"HKSK_MARKET_CAP":3956735350,"PE_TTM":9.259831711136,"PB_TTM":2.04503372955,"REPORT_DATE_SQ":"2020-06-30 00:00:00","REPORT_TYPE_SQ":"2020年中报","OPERATE_INCOME_SQ":1524264618.24,"DPS_HKD":0.125,"OPERATE_INCOME_QOQ_SQ":0,"NET_PROFIT_RATIO_SQ":6.5230174295,"HOLDER_PROFIT_SQ":99428046.72,"HOLDER_PROFIT_QOQ_SQ":0,"ROE_AVG_SQ":5.463790335237,"PE_TTM_SQ":14.612816304339,"PB_TTM_SQ":1.778328150889,"ROA_SQ":2.23577926543,"START_DATE":"2021-04-01 00:00:00","FISCAL_YEAR":"3-31","CURRENCY":"HKD","IS_CNY_CODE":0,"DPS_HKD_LY":0.09,"ORG_TYPE":"一般企业","PREMIUM_INCOME":null,"PREMIUM_INCOME_YOY":null,"NET_INTEREST_INCOME":null,"NET_INTEREST_INCOME_YOY":null,"FEE_COMMISSION_INCOME":null,"FEE_COMMISSION_INCOME_YOY":null,"ACCOUNTS_RECE_TDAYS":1.81425747898,"INVENTORY_TDAYS":1.565282678522,"CURRENT_ASSETS_TDAYS":0.711659086334,"TOTAL_ASSETS_TDAYS":0.454558275394,"PREMIUM_EXPENSE":null,"LOAN_DEPOSIT":null,"LOAN_EQUITY":null,"LOAN_ASSETS":null,"DEPOSIT_EQUITY":null,"DEPOSIT_ASSETS":null,"EQUITY_MULTIPLIER":1.999926542818,"EQUITY_RATIO":0.999926542816},{"SECUCODE":"00558.HK","SECURITY_CODE":"00558","SECURITY_NAME_ABBR":"力劲科技","ORG_CODE":"10095837","STD_REPORT_DATE":"2020-12-31 00:00:00","REPORT_DATE":"2021-03-31 00:00:00","DATE_TYPE_CODE":"001","REPORT_TYPE":"2020年年报","PER_NETCASH_OPERATE":0.547054623732,"PER_OI":2.852969647459,"BPS":1.524648804218,"BASIC_EPS":0.22143716,"DILUTED_EPS":0.22143716,"OPERATE_INCOME":3398642887.08,"OPERATE_INCOME_YOY":46.4333951544,"GROSS_PROFIT":942614885.94,"GROSS_PROFIT_YOY":43.587085764352,"HOLDER_PROFIT":290460475.06,"HOLDER_PROFIT_YOY":10384.0451494814,"GROSS_PROFIT_RATIO":27.735037697646,"EPS_TTM":0.073944513093,"OPERATE_INCOME_QOQ":0,"NET_PROFIT_RATIO":8.5463664383,"ROE_AVG":15.45291691135,"GROSS_PROFIT_QOQ":0,"ROA":6.560169950868,"HOLDER_PROFIT_QOQ":0,"ROE_YEARLY":15.45291691135,"ROIC_YEARLY":7.491217899736,"TOTAL_ASSETS":4630213827.68,"TOTAL_LIABILITIES":2549995958.72,"TAX_EBT":24.955672210188,"OCF_SALES":19.174919166041,"TOTAL_PARENT_EQUITY":2080217868.96,"DEBT_ASSET_RATIO":55.0729632285,"OPERATE_PROFIT":435081760.4,"PRETAX_PROFIT":387051871.36,"NETCASH_OPERATE":651687026.34,"NETCASH_INVEST":-193138843.24,"NETCASH_FINANCE":-596720745.04,"END_CASH":497296305.38,"DIVI_RATIO":1.537295267016,"DIVIDEND_RATE":4.310344827586,"CURRENT_RATIO":1.211775093073,"COMMON_ACS":3000000000,"CURRENTDEBT_DEBT":93.061326357991,"ISSUED_COMMON_SHARES":1364391500,"HK_COMMON_SHARES":1364391500,"PER_SHARES":2500,"TOTAL_MARKET_CAP":3956735350,"HKSK_MARKET_CAP":3956735350,"PE_TTM":9.259831711136,"PB_TTM":2.04503372955,"REPORT_DATE_SQ":"2019-12-31 00:00:00","REPORT_TYPE_SQ":"2019年年报","OPERATE_INCOME_SQ":2509110656.3,"DPS_HKD":0.125,"OPERATE_INCOME_QOQ_SQ":0,"NET_PROFIT_RATIO_SQ":0.1193693308,"HOLDER_PROFIT_SQ":2995108.6,"HOLDER_PROFIT_QOQ_SQ":0,"ROE_AVG_SQ":0.158540843855,"PE_TTM_SQ":14.612816304339,"PB_TTM_SQ":1.778328150889,"ROA_SQ":0.064150052413,"START_DATE":"2020-04-01 00:00:00","FISCAL_YEAR":"3-31","CURRENCY":"HKD","IS_CNY_CODE":0,"DPS_HKD_LY":0.03,"ORG_TYPE":"一般企业","PREMIUM_INCOME":null,"PREMIUM_INCOME_YOY":null,"NET_INTEREST_INCOME":null,"NET_INTEREST_INCOME_YOY":null,"FEE_COMMISSION_INCOME":null,"FEE_COMMISSION_INCOME_YOY":null,"ACCOUNTS_RECE_TDAYS":3.17756929587,"INVENTORY_TDAYS":2.553905443232,"CURRENT_ASSETS_TDAYS":1.212657432326,"TOTAL_ASSETS_TDAYS":0.767597551335,"PREMIUM_EXPENSE":null,"LOAN_DEPOSIT":null,"LOAN_EQUITY":null,"LOAN_ASSETS":null,"DEPOSIT_EQUITY":null,"DEPOSIT_ASSETS":null,"EQUITY_MULTIPLIER":2.225831196226,"EQUITY_RATIO":1.225831196227},{"SECUCODE":"00558.HK","SECURITY_CODE":"00558","SECURITY_NAME_ABBR":"力劲科技","ORG_CODE":"10095837","STD_REPORT_DATE":"2020-06-30 00:00:00","REPORT_DATE":"2020-09-30 00:00:00","DATE_TYPE_CODE":"002","REPORT_TYPE":"2020年中报","PER_NETCASH_OPERATE":0.225488699425,"PER_OI":1.279534459789,"BPS":1.388029452368,"BASIC_EPS":0.07556992,"DILUTED_EPS":0.07556992,"OPERATE_INCOME":1524264618.24,"OPERATE_INCOME_YOY":19.2029142366,"GROSS_PROFIT":405000290.56,"GROSS_PROFIT_YOY":20.468019893023,"HOLDER_PROFIT":99428046.72,"HOLDER_PROFIT_YOY":611.9549487196,"GROSS_PROFIT_RATIO":26.570208723183,"EPS_TTM":0.002514225298,"OPERATE_INCOME_QOQ":0,"NET_PROFIT_RATIO":6.5230174295,"ROE_AVG":5.463790335237,"GROSS_PROFIT_QOQ":0,"ROA":2.23577926543,"HOLDER_PROFIT_QOQ":0,"ROE_YEARLY":10.927580670473,"ROIC_YEARLY":5.131804342788,"TOTAL_ASSETS":4501537571.2,"TOTAL_LIABILITIES":2607721984.64,"TAX_EBT":26.898899778405,"OCF_SALES":17.622714081638,"TOTAL_PARENT_EQUITY":1893815586.56,"DEBT_ASSET_RATIO":57.929583912,"OPERATE_PROFIT":159876952.96,"PRETAX_PROFIT":136014432.64,"NETCASH_OPERATE":268616795.52,"NETCASH_INVEST":-70684236.8,"NETCASH_FINANCE":-317399815.04,"END_CASH":517090692.48,"DIVI_RATIO":45.21255516603,"DIVIDEND_RATE":4.310344827586,"CURRENT_RATIO":1.135373045039,"COMMON_ACS":3000000000,"CURRENTDEBT_DEBT":97.783118353087,"ISSUED_COMMON_SHARES":1364391500,"HK_COMMON_SHARES":1364391500,"PER_SHARES":2500,"TOTAL_MARKET_CAP":3956735350,"HKSK_MARKET_CAP":3956735350,"PE_TTM":9.259831711136,"PB_TTM":2.04503372955,"REPORT_DATE_SQ":"2019-06-30 00:00:00","REPORT_TYPE_SQ":"2019年中报","OPERATE_INCOME_SQ":1312605854.01,"DPS_HKD":0.125,"OPERATE_INCOME_QOQ_SQ":0,"NET_PROFIT_RATIO_SQ":1.092151531,"HOLDER_PROFIT_SQ":14335644.93,"HOLDER_PROFIT_QOQ_SQ":0,"ROE_AVG_SQ":0.767813942927,"PE_TTM_SQ":14.612816304339,"PB_TTM_SQ":1.778328150889,"ROA_SQ":0.31645701945,"START_DATE":"2020-04-01 00:00:00","FISCAL_YEAR":"3-31","CURRENCY":"HKD","IS_CNY_CODE":0,"DPS_HKD_LY":0.03,"ORG_TYPE":"一般企业","PREMIUM_INCOME":null,"PREMIUM_INCOME_YOY":null,"NET_INTEREST_INCOME":null,"NET_INTEREST_INCOME_YOY":null,"FEE_COMMISSION_INCOME":null,"FEE_COMMISSION_INCOME_YOY":null,"ACCOUNTS_RECE_TDAYS":1.421618053276,"INVENTORY_TDAYS":1.132521411313,"CURRENT_ASSETS_TDAYS":0.53174270113,"TOTAL_ASSETS_TDAYS":0.342752305905,"PREMIUM_EXPENSE":null,"LOAN_DEPOSIT":null,"LOAN_EQUITY":null,"LOAN_ASSETS":null,"DEPOSIT_EQUITY":null,"DEPOSIT_ASSETS":null,"EQUITY_MULTIPLIER":2.376967220643,"EQUITY_RATIO":1.376967220645}],"count":41},"success":true,"message":"ok","code":0}