{"version":"4821e32b4a33740140c3b64ca3ae2b38","result":{"pages":9,"data":[{"SECUCODE":"00568.HK","SECURITY_CODE":"00568","SECURITY_NAME_ABBR":"山东墨龙","ORG_CODE":"10010804","STD_REPORT_DATE":"2024-09-30 00:00:00","REPORT_DATE":"2024-09-30 00:00:00","DATE_TYPE_CODE":"004","REPORT_TYPE":"2024年三季报","PER_NETCASH_OPERATE":0.065461707249,"PER_OI":1.259778051683,"BPS":0.614521949884,"BASIC_EPS":0.082,"DILUTED_EPS":0.082,"OPERATE_INCOME":1005111902.89,"OPERATE_INCOME_YOY":0.2982339043,"GROSS_PROFIT":43509591.11,"GROSS_PROFIT_YOY":-40.279590970885,"HOLDER_PROFIT":65396009.51,"HOLDER_PROFIT_YOY":126.4857623376,"GROSS_PROFIT_RATIO":4.328830549603,"EPS_TTM":-0.319052403314,"OPERATE_INCOME_QOQ":17.511696428229,"NET_PROFIT_RATIO":6.4283975341,"ROE_AVG":14.305017147373,"GROSS_PROFIT_QOQ":9.237277187317,"ROA":2.313785453631,"HOLDER_PROFIT_QOQ":-6.738915997625,"ROE_YEARLY":19.073356196497,"ROIC_YEARLY":2.354841636575,"TOTAL_ASSETS":2764646911.14,"TOTAL_LIABILITIES":2274627128.7,"TAX_EBT":-0.528339758331,"OCF_SALES":5.19628891468,"TOTAL_PARENT_EQUITY":490295354.48,"DEBT_ASSET_RATIO":82.2755021458,"OPERATE_PROFIT":132935520.38,"PRETAX_PROFIT":64273008.92,"NETCASH_OPERATE":52228518.39,"NETCASH_INVEST":139311867.35,"NETCASH_FINANCE":-258985580.89,"END_CASH":13963888.72,"DIVI_RATIO":null,"DIVIDEND_RATE":null,"CURRENT_RATIO":0.587868491825,"COMMON_ACS":null,"CURRENTDEBT_DEBT":98.888809987752,"ISSUED_COMMON_SHARES":797848400,"HK_COMMON_SHARES":256126400,"PER_SHARES":400,"TOTAL_MARKET_CAP":997310500,"HKSK_MARKET_CAP":320158000,"PE_TTM":-3.512504972651,"PB_TTM":1.834332362273,"REPORT_DATE_SQ":"2023-09-30 00:00:00","REPORT_TYPE_SQ":"2023年三季报","OPERATE_INCOME_SQ":1002123231.65,"DPS_HKD":null,"OPERATE_INCOME_QOQ_SQ":-22.3895723669,"NET_PROFIT_RATIO_SQ":-25.4142663723,"HOLDER_PROFIT_SQ":-246910051.81,"HOLDER_PROFIT_QOQ_SQ":1.111632634254,"ROE_AVG_SQ":-28.535494591595,"PE_TTM_SQ":-3.469121627289,"PB_TTM_SQ":1.932401163086,"ROA_SQ":-6.723964736701,"START_DATE":"2024-01-01 00:00:00","FISCAL_YEAR":"12-31","CURRENCY":"HKD","IS_CNY_CODE":0,"DPS_HKD_LY":null,"ORG_TYPE":"一般企业","PREMIUM_INCOME":null,"PREMIUM_INCOME_YOY":null,"NET_INTEREST_INCOME":null,"NET_INTEREST_INCOME_YOY":null,"FEE_COMMISSION_INCOME":null,"FEE_COMMISSION_INCOME_YOY":null,"ACCOUNTS_RECE_TDAYS":3.312456506198,"INVENTORY_TDAYS":1.918721198926,"CURRENT_ASSETS_TDAYS":0.895131200212,"TOTAL_ASSETS_TDAYS":0.355620062692,"PREMIUM_EXPENSE":null,"LOAN_DEPOSIT":null,"LOAN_EQUITY":null,"LOAN_ASSETS":null,"DEPOSIT_EQUITY":null,"DEPOSIT_ASSETS":null,"EQUITY_MULTIPLIER":5.64190877635,"EQUITY_RATIO":4.639299776993},{"SECUCODE":"00568.HK","SECURITY_CODE":"00568","SECURITY_NAME_ABBR":"山东墨龙","ORG_CODE":"10010804","STD_REPORT_DATE":"2024-06-30 00:00:00","REPORT_DATE":"2024-06-30 00:00:00","DATE_TYPE_CODE":"002","REPORT_TYPE":"2024年中报","PER_NETCASH_OPERATE":0.152085718791,"PER_OI":0.75782307877,"BPS":0.745453199831,"BASIC_EPS":0.2132,"DILUTED_EPS":0.2132,"OPERATE_INCOME":604627930.88,"OPERATE_INCOME_YOY":-24.2718523175,"GROSS_PROFIT":17433799.19,"GROSS_PROFIT_YOY":-67.046661769381,"HOLDER_PROFIT":170134914.07,"HOLDER_PROFIT_YOY":207.515379668,"GROSS_PROFIT_RATIO":2.883392959473,"EPS_TTM":-0.298909165726,"OPERATE_INCOME_QOQ":1.870891413988,"NET_PROFIT_RATIO":28.0091441564,"ROE_AVG":33.399997814873,"GROSS_PROFIT_QOQ":-20.712906109539,"ROA":5.997109111947,"HOLDER_PROFIT_QOQ":9.270335690977,"ROE_YEARLY":66.799995629746,"ROIC_YEARLY":12.209252157001,"TOTAL_ASSETS":2785815580.65,"TOTAL_LIABILITIES":2191363518.53,"TAX_EBT":-0.233785277173,"OCF_SALES":20.068763152141,"TOTAL_PARENT_EQUITY":594758642.76,"DEBT_ASSET_RATIO":78.6614711236,"OPERATE_PROFIT":210276755.04,"PRETAX_PROFIT":168956114.25,"NETCASH_OPERATE":121341347.4,"NETCASH_INVEST":141666674.8,"NETCASH_FINANCE":-262942491.49,"END_CASH":82883850.36,"DIVI_RATIO":null,"DIVIDEND_RATE":null,"CURRENT_RATIO":0.576323177882,"COMMON_ACS":null,"CURRENTDEBT_DEBT":98.533919295072,"ISSUED_COMMON_SHARES":797848400,"HK_COMMON_SHARES":256126400,"PER_SHARES":400,"TOTAL_MARKET_CAP":1005288984,"HKSK_MARKET_CAP":322719264,"PE_TTM":-3.540605012432,"PB_TTM":1.849007021172,"REPORT_DATE_SQ":"2023-06-30 00:00:00","REPORT_TYPE_SQ":"2023年中报","OPERATE_INCOME_SQ":798419015.1,"DPS_HKD":null,"OPERATE_INCOME_QOQ_SQ":-23.716186714627,"NET_PROFIT_RATIO_SQ":-20.5322809114,"HOLDER_PROFIT_SQ":-158242397.13,"HOLDER_PROFIT_QOQ_SQ":7.703995424066,"ROE_AVG_SQ":-17.409640426508,"PE_TTM_SQ":-4.124006832441,"PB_TTM_SQ":2.297191178566,"ROA_SQ":-4.078335035352,"START_DATE":"2024-01-01 00:00:00","FISCAL_YEAR":"12-31","CURRENCY":"HKD","IS_CNY_CODE":0,"DPS_HKD_LY":null,"ORG_TYPE":"一般企业","PREMIUM_INCOME":null,"PREMIUM_INCOME_YOY":null,"NET_INTEREST_INCOME":null,"NET_INTEREST_INCOME_YOY":null,"FEE_COMMISSION_INCOME":null,"FEE_COMMISSION_INCOME_YOY":null,"ACCOUNTS_RECE_TDAYS":2.02598367797,"INVENTORY_TDAYS":1.262236120219,"CURRENT_ASSETS_TDAYS":0.557819644179,"TOTAL_ASSETS_TDAYS":0.213126135423,"PREMIUM_EXPENSE":null,"LOAN_DEPOSIT":null,"LOAN_EQUITY":null,"LOAN_ASSETS":null,"DEPOSIT_EQUITY":null,"DEPOSIT_ASSETS":null,"EQUITY_MULTIPLIER":4.68635867914,"EQUITY_RATIO":3.68445846934},{"SECUCODE":"00568.HK","SECURITY_CODE":"00568","SECURITY_NAME_ABBR":"山东墨龙","ORG_CODE":"10010804","STD_REPORT_DATE":"2024-03-31 00:00:00","REPORT_DATE":"2024-03-31 00:00:00","DATE_TYPE_CODE":"003","REPORT_TYPE":"2024年一季报","PER_NETCASH_OPERATE":-0.003339555359,"PER_OI":0.242663960259,"BPS":0.804707440561,"BASIC_EPS":0.2719,"DILUTED_EPS":0.2719,"OPERATE_INCOME":193609052.43,"OPERATE_INCOME_YOY":-52.551142428,"GROSS_PROFIT":5676038.01,"GROSS_PROFIT_YOY":-76.176292237157,"HOLDER_PROFIT":216912792.77,"HOLDER_PROFIT_YOY":349.0464875444,"GROSS_PROFIT_RATIO":2.93170073339,"EPS_TTM":-0.32945031595,"OPERATE_INCOME_QOQ":-16.275443330979,"NET_PROFIT_RATIO":111.6316254418,"ROE_AVG":40.694755098902,"GROSS_PROFIT_QOQ":-17.832409143505,"ROA":7.382621564372,"HOLDER_PROFIT_QOQ":53.63040135151,"ROE_YEARLY":162.779020395608,"ROIC_YEARLY":30.584279465266,"TOTAL_ASSETS":2988226064.61,"TOTAL_LIABILITIES":2346490000.35,"TAX_EBT":0.039959955332,"OCF_SALES":-1.37620574377,"TOTAL_PARENT_EQUITY":642034543.92,"DEBT_ASSET_RATIO":78.5245141972,"OPERATE_PROFIT":235031561.54,"PRETAX_PROFIT":216215331.78,"NETCASH_OPERATE":-2664458.9,"NETCASH_INVEST":141716637.04,"NETCASH_FINANCE":-114672859.01,"END_CASH":110480304.34,"DIVI_RATIO":null,"DIVIDEND_RATE":null,"CURRENT_RATIO":0.609721750236,"COMMON_ACS":null,"CURRENTDEBT_DEBT":98.247360421998,"ISSUED_COMMON_SHARES":797848400,"HK_COMMON_SHARES":256126400,"PER_SHARES":400,"TOTAL_MARKET_CAP":1005288984,"HKSK_MARKET_CAP":322719264,"PE_TTM":-3.540605012432,"PB_TTM":1.849007021172,"REPORT_DATE_SQ":"2023-03-31 00:00:00","REPORT_TYPE_SQ":"2023年一季报","OPERATE_INCOME_SQ":408037331.85,"DPS_HKD":null,"OPERATE_INCOME_QOQ_SQ":-5.527569524846,"NET_PROFIT_RATIO_SQ":-21.8752097352,"HOLDER_PROFIT_SQ":-87097310.59,"HOLDER_PROFIT_QOQ_SQ":-4.656534691389,"ROE_AVG_SQ":-9.221033868541,"PE_TTM_SQ":-4.124006832441,"PB_TTM_SQ":2.297191178566,"ROA_SQ":-2.17305729179,"START_DATE":"2024-01-01 00:00:00","FISCAL_YEAR":"12-31","CURRENCY":"HKD","IS_CNY_CODE":0,"DPS_HKD_LY":null,"ORG_TYPE":"一般企业","PREMIUM_INCOME":null,"PREMIUM_INCOME_YOY":null,"NET_INTEREST_INCOME":null,"NET_INTEREST_INCOME_YOY":null,"FEE_COMMISSION_INCOME":null,"FEE_COMMISSION_INCOME_YOY":null,"ACCOUNTS_RECE_TDAYS":0.681085976612,"INVENTORY_TDAYS":0.373562639387,"CURRENT_ASSETS_TDAYS":0.166256614716,"TOTAL_ASSETS_TDAYS":0.065894793353,"PREMIUM_EXPENSE":null,"LOAN_DEPOSIT":null,"LOAN_EQUITY":null,"LOAN_ASSETS":null,"DEPOSIT_EQUITY":null,"DEPOSIT_ASSETS":null,"EQUITY_MULTIPLIER":4.656472077896,"EQUITY_RATIO":3.65477219656},{"SECUCODE":"00568.HK","SECURITY_CODE":"00568","SECURITY_NAME_ABBR":"山东墨龙","ORG_CODE":"10010804","STD_REPORT_DATE":"2023-12-31 00:00:00","REPORT_DATE":"2023-12-31 00:00:00","DATE_TYPE_CODE":"001","REPORT_TYPE":"2023年年报","PER_NETCASH_OPERATE":0.169195773984,"PER_OI":1.651310928492,"BPS":0.531446029634,"BASIC_EPS":-0.71,"DILUTED_EPS":-0.71,"OPERATE_INCOME":1317495782.2,"OPERATE_INCOME_YOY":-52.3620837762,"GROSS_PROFIT":101776087.65,"GROSS_PROFIT_YOY":12.5431322626,"HOLDER_PROFIT":-566861510.82,"HOLDER_PROFIT_YOY":-33.3886808132,"GROSS_PROFIT_RATIO":7.724964969531,"EPS_TTM":-0.710487745316,"OPERATE_INCOME_QOQ":-14.828323295847,"NET_PROFIT_RATIO":-43.9116738722,"ROE_AVG":-80.293465402594,"GROSS_PROFIT_QOQ":30.269974124648,"ROA":-16.367463000646,"HOLDER_PROFIT_QOQ":-39.644719791714,"ROE_YEARLY":-80.293465402594,"ROIC_YEARLY":-17.348808733321,"TOTAL_ASSETS":2888081988.8,"TOTAL_LIABILITIES":2553379468.25,"TAX_EBT":-5.172601893725,"OCF_SALES":10.246148745508,"TOTAL_PARENT_EQUITY":424013364.43,"DEBT_ASSET_RATIO":88.4109065515,"OPERATE_PROFIT":-435946634.39,"PRETAX_PROFIT":-550080953.35,"NETCASH_OPERATE":134992577.56,"NETCASH_INVEST":-2775428.61,"NETCASH_FINANCE":-405114648.39,"END_CASH":87640771.8,"DIVI_RATIO":null,"DIVIDEND_RATE":null,"CURRENT_RATIO":0.381082043289,"COMMON_ACS":null,"CURRENTDEBT_DEBT":94.898587460278,"ISSUED_COMMON_SHARES":797848400,"HK_COMMON_SHARES":256126400,"PER_SHARES":400,"TOTAL_MARKET_CAP":1005288984,"HKSK_MARKET_CAP":322719264,"PE_TTM":-3.540605012432,"PB_TTM":1.849007021172,"REPORT_DATE_SQ":"2022-12-31 00:00:00","REPORT_TYPE_SQ":"2022年年报","OPERATE_INCOME_SQ":2765645281.4,"DPS_HKD":null,"OPERATE_INCOME_QOQ_SQ":-8.119944258068,"NET_PROFIT_RATIO_SQ":-16.2325751024,"HOLDER_PROFIT_SQ":-424969725.59,"HOLDER_PROFIT_QOQ_SQ":19.570685237013,"ROE_AVG_SQ":-35.396449928703,"PE_TTM_SQ":-4.124006832441,"PB_TTM_SQ":2.297191178566,"ROA_SQ":-10.003740079888,"START_DATE":"2023-01-01 00:00:00","FISCAL_YEAR":"12-31","CURRENCY":"HKD","IS_CNY_CODE":0,"DPS_HKD_LY":null,"ORG_TYPE":"一般企业","PREMIUM_INCOME":null,"PREMIUM_INCOME_YOY":null,"NET_INTEREST_INCOME":null,"NET_INTEREST_INCOME_YOY":null,"FEE_COMMISSION_INCOME":null,"FEE_COMMISSION_INCOME_YOY":null,"ACCOUNTS_RECE_TDAYS":3.27297747882,"INVENTORY_TDAYS":2.161087069054,"CURRENT_ASSETS_TDAYS":1.024702047748,"TOTAL_ASSETS_TDAYS":0.380411494819,"PREMIUM_EXPENSE":null,"LOAN_DEPOSIT":null,"LOAN_EQUITY":null,"LOAN_ASSETS":null,"DEPOSIT_EQUITY":null,"DEPOSIT_ASSETS":null,"EQUITY_MULTIPLIER":8.628802627607,"EQUITY_RATIO":6.021931576809},{"SECUCODE":"00568.HK","SECURITY_CODE":"00568","SECURITY_NAME_ABBR":"山东墨龙","ORG_CODE":"10010804","STD_REPORT_DATE":"2023-09-30 00:00:00","REPORT_DATE":"2023-09-30 00:00:00","DATE_TYPE_CODE":"004","REPORT_TYPE":"2023年三季报","PER_NETCASH_OPERATE":0.025563696249,"PER_OI":1.256032137998,"BPS":0.930735726286,"BASIC_EPS":-0.3095,"DILUTED_EPS":-0.3095,"OPERATE_INCOME":1002123231.65,"OPERATE_INCOME_YOY":-54.8775606358,"GROSS_PROFIT":72855480.76,"GROSS_PROFIT_YOY":-14.450106346928,"HOLDER_PROFIT":-246910051.81,"HOLDER_PROFIT_YOY":7.15871835,"GROSS_PROFIT_RATIO":7.270111944221,"EPS_TTM":-0.508782391755,"OPERATE_INCOME_QOQ":-22.3895723669,"NET_PROFIT_RATIO":-25.4142663723,"ROE_AVG":-28.535494591595,"GROSS_PROFIT_QOQ":-12.838215306344,"ROA":-6.723964736701,"HOLDER_PROFIT_QOQ":1.111632634254,"ROE_YEARLY":-38.047326122126,"ROIC_YEARLY":-7.184830506849,"TOTAL_ASSETS":3305574889.93,"TOTAL_LIABILITIES":2648409531.96,"TAX_EBT":-0.753817479131,"OCF_SALES":2.035274056706,"TOTAL_PARENT_EQUITY":742586010.04,"DEBT_ASSET_RATIO":80.1194836041,"OPERATE_PROFIT":-178469840.96,"PRETAX_PROFIT":-252776791.83,"NETCASH_OPERATE":20395954.15,"NETCASH_INVEST":-4413963.35,"NETCASH_FINANCE":-292004557.16,"END_CASH":88279649.1,"DIVI_RATIO":null,"DIVIDEND_RATE":null,"CURRENT_RATIO":0.421246251073,"COMMON_ACS":null,"CURRENTDEBT_DEBT":95.730499141637,"ISSUED_COMMON_SHARES":797848400,"HK_COMMON_SHARES":256126400,"PER_SHARES":400,"TOTAL_MARKET_CAP":1005288984,"HKSK_MARKET_CAP":322719264,"PE_TTM":-3.540605012432,"PB_TTM":1.849007021172,"REPORT_DATE_SQ":"2022-09-30 00:00:00","REPORT_TYPE_SQ":"2022年三季报","OPERATE_INCOME_SQ":2220897730.2,"DPS_HKD":null,"OPERATE_INCOME_QOQ_SQ":-11.657891746133,"NET_PROFIT_RATIO_SQ":-12.7595979903,"HOLDER_PROFIT_SQ":-265948560.19,"HOLDER_PROFIT_QOQ_SQ":-11.829371657927,"ROE_AVG_SQ":-20.781083643378,"PE_TTM_SQ":-4.124006832441,"PB_TTM_SQ":2.297191178566,"ROA_SQ":-5.927896708723,"START_DATE":"2023-01-01 00:00:00","FISCAL_YEAR":"12-31","CURRENCY":"HKD","IS_CNY_CODE":0,"DPS_HKD_LY":null,"ORG_TYPE":"一般企业","PREMIUM_INCOME":null,"PREMIUM_INCOME_YOY":null,"NET_INTEREST_INCOME":null,"NET_INTEREST_INCOME_YOY":null,"FEE_COMMISSION_INCOME":null,"FEE_COMMISSION_INCOME_YOY":null,"ACCOUNTS_RECE_TDAYS":2.427771803365,"INVENTORY_TDAYS":1.558725490921,"CURRENT_ASSETS_TDAYS":0.737923219923,"TOTAL_ASSETS_TDAYS":0.272902671319,"PREMIUM_EXPENSE":null,"LOAN_DEPOSIT":null,"LOAN_EQUITY":null,"LOAN_ASSETS":null,"DEPOSIT_EQUITY":null,"DEPOSIT_ASSETS":null,"EQUITY_MULTIPLIER":5.030050427695,"EQUITY_RATIO":3.566468390399},{"SECUCODE":"00568.HK","SECURITY_CODE":"00568","SECURITY_NAME_ABBR":"山东墨龙","ORG_CODE":"10010804","STD_REPORT_DATE":"2023-06-30 00:00:00","REPORT_DATE":"2023-06-30 00:00:00","DATE_TYPE_CODE":"002","REPORT_TYPE":"2023年中报","PER_NETCASH_OPERATE":-0.029793376348,"PER_OI":1.000715192385,"BPS":1.040185200848,"BASIC_EPS":-0.1983,"DILUTED_EPS":-0.1983,"OPERATE_INCOME":798419015.1,"OPERATE_INCOME_YOY":-49.1757783065,"GROSS_PROFIT":52904501.11,"GROSS_PROFIT_YOY":-1.486769164,"HOLDER_PROFIT":-158242397.13,"HOLDER_PROFIT_YOY":8.3809113209,"GROSS_PROFIT_RATIO":6.626157457356,"EPS_TTM":-0.514501761237,"OPERATE_INCOME_QOQ":-23.716186714627,"NET_PROFIT_RATIO":-20.5322809114,"ROE_AVG":-17.409640426508,"GROSS_PROFIT_QOQ":17.575619798548,"ROA":-4.078335035352,"HOLDER_PROFIT_QOQ":7.703995424066,"ROE_YEARLY":-34.819280853015,"ROIC_YEARLY":-9.032588230453,"TOTAL_ASSETS":3721541449.42,"TOTAL_LIABILITIES":2974997181.98,"TAX_EBT":-0.897523295071,"OCF_SALES":-2.977208358073,"TOTAL_PARENT_EQUITY":829910098.2,"DEBT_ASSET_RATIO":79.9399179725,"OPERATE_PROFIT":-118856457.07,"PRETAX_PROFIT":-162475380.64,"NETCASH_OPERATE":-23770597.65,"NETCASH_INVEST":-4053463.91,"NETCASH_FINANCE":40211252.36,"END_CASH":372832699.67,"DIVI_RATIO":null,"DIVIDEND_RATE":null,"CURRENT_RATIO":0.502404965837,"COMMON_ACS":null,"CURRENTDEBT_DEBT":95.601463100785,"ISSUED_COMMON_SHARES":797848400,"HK_COMMON_SHARES":256126400,"PER_SHARES":400,"TOTAL_MARKET_CAP":1005288984,"HKSK_MARKET_CAP":322719264,"PE_TTM":-3.540605012432,"PB_TTM":1.849007021172,"REPORT_DATE_SQ":"2022-06-30 00:00:00","REPORT_TYPE_SQ":"2022年中报","OPERATE_INCOME_SQ":1570941941.65,"DPS_HKD":null,"OPERATE_INCOME_QOQ_SQ":-9.170261674311,"NET_PROFIT_RATIO_SQ":-11.6599511257,"HOLDER_PROFIT_SQ":-172717715.72,"HOLDER_PROFIT_QOQ_SQ":-44.935266776636,"ROE_AVG_SQ":-13.017210202504,"PE_TTM_SQ":-4.124006832441,"PB_TTM_SQ":2.297191178566,"ROA_SQ":-3.634234770996,"START_DATE":"2023-01-01 00:00:00","FISCAL_YEAR":"12-31","CURRENCY":"HKD","IS_CNY_CODE":0,"DPS_HKD_LY":null,"ORG_TYPE":"一般企业","PREMIUM_INCOME":null,"PREMIUM_INCOME_YOY":null,"NET_INTEREST_INCOME":null,"NET_INTEREST_INCOME_YOY":null,"FEE_COMMISSION_INCOME":null,"FEE_COMMISSION_INCOME_YOY":null,"ACCOUNTS_RECE_TDAYS":1.750156578233,"INVENTORY_TDAYS":1.264274115892,"CURRENT_ASSETS_TDAYS":0.518963851266,"TOTAL_ASSETS_TDAYS":0.205774198396,"PREMIUM_EXPENSE":null,"LOAN_DEPOSIT":null,"LOAN_EQUITY":null,"LOAN_ASSETS":null,"DEPOSIT_EQUITY":null,"DEPOSIT_ASSETS":null,"EQUITY_MULTIPLIER":4.985024481102,"EQUITY_RATIO":3.584722234893},{"SECUCODE":"00568.HK","SECURITY_CODE":"00568","SECURITY_NAME_ABBR":"山东墨龙","ORG_CODE":"10010804","STD_REPORT_DATE":"2023-03-31 00:00:00","REPORT_DATE":"2023-03-31 00:00:00","DATE_TYPE_CODE":"003","REPORT_TYPE":"2023年一季报","PER_NETCASH_OPERATE":0.043836667755,"PER_OI":0.511422134644,"BPS":1.129462589961,"BASIC_EPS":-0.1092,"DILUTED_EPS":-0.1092,"OPERATE_INCOME":408037331.85,"OPERATE_INCOME_YOY":-27.2544409323,"GROSS_PROFIT":23825166.37,"GROSS_PROFIT_YOY":-37.339280433455,"HOLDER_PROFIT":-87097310.59,"HOLDER_PROFIT_YOY":-29.4002659701,"GROSS_PROFIT_RATIO":5.838967297913,"EPS_TTM":-0.557447490388,"OPERATE_INCOME_QOQ":-5.527569524846,"NET_PROFIT_RATIO":-21.8752097352,"ROE_AVG":-9.221033868541,"GROSS_PROFIT_QOQ":-15.699280693004,"ROA":-2.17305729179,"HOLDER_PROFIT_QOQ":-4.656534691389,"ROE_YEARLY":-36.884135474163,"ROIC_YEARLY":-9.751130649213,"TOTAL_ASSETS":3977502521.86,"TOTAL_LIABILITIES":3156108130.01,"TAX_EBT":-1.570183048757,"OCF_SALES":8.571523363175,"TOTAL_PARENT_EQUITY":901139920.26,"DEBT_ASSET_RATIO":79.3489912995,"OPERATE_PROFIT":-56804512.15,"PRETAX_PROFIT":-87879158.49,"NETCASH_OPERATE":34975015.23,"NETCASH_INVEST":-4053463.91,"NETCASH_FINANCE":-165815321.89,"END_CASH":220448909.59,"DIVI_RATIO":null,"DIVIDEND_RATE":null,"CURRENT_RATIO":0.541565150571,"COMMON_ACS":null,"CURRENTDEBT_DEBT":95.654420728622,"ISSUED_COMMON_SHARES":797848400,"HK_COMMON_SHARES":256126400,"PER_SHARES":400,"TOTAL_MARKET_CAP":1005288984,"HKSK_MARKET_CAP":322719264,"PE_TTM":-3.540605012432,"PB_TTM":1.849007021172,"REPORT_DATE_SQ":"2022-03-31 00:00:00","REPORT_TYPE_SQ":"2022年一季报","OPERATE_INCOME_SQ":560910297.59,"DPS_HKD":null,"OPERATE_INCOME_QOQ_SQ":0.450305616241,"NET_PROFIT_RATIO_SQ":-12.6194349068,"HOLDER_PROFIT_SQ":-67308447.89,"HOLDER_PROFIT_QOQ_SQ":11.418123166895,"ROE_AVG_SQ":-4.877980966591,"PE_TTM_SQ":-4.124006832441,"PB_TTM_SQ":2.297191178566,"ROA_SQ":-1.43345198083,"START_DATE":"2023-01-01 00:00:00","FISCAL_YEAR":"12-31","CURRENCY":"HKD","IS_CNY_CODE":0,"DPS_HKD_LY":null,"ORG_TYPE":"一般企业","PREMIUM_INCOME":null,"PREMIUM_INCOME_YOY":null,"NET_INTEREST_INCOME":null,"NET_INTEREST_INCOME_YOY":null,"FEE_COMMISSION_INCOME":null,"FEE_COMMISSION_INCOME_YOY":null,"ACCOUNTS_RECE_TDAYS":0.909844654306,"INVENTORY_TDAYS":0.611289347164,"CURRENT_ASSETS_TDAYS":0.248574008251,"TOTAL_ASSETS_TDAYS":0.101804348871,"PREMIUM_EXPENSE":null,"LOAN_DEPOSIT":null,"LOAN_EQUITY":null,"LOAN_ASSETS":null,"DEPOSIT_EQUITY":null,"DEPOSIT_ASSETS":null,"EQUITY_MULTIPLIER":4.842378474112,"EQUITY_RATIO":3.502350810404},{"SECUCODE":"00568.HK","SECURITY_CODE":"00568","SECURITY_NAME_ABBR":"山东墨龙","ORG_CODE":"10010804","STD_REPORT_DATE":"2022-12-31 00:00:00","REPORT_DATE":"2022-12-31 00:00:00","DATE_TYPE_CODE":"001","REPORT_TYPE":"2022年年报","PER_NETCASH_OPERATE":-0.014426026812,"PER_OI":3.466379429225,"BPS":1.238281411456,"BASIC_EPS":-0.53,"DILUTED_EPS":-0.53,"OPERATE_INCOME":2765645281.4,"OPERATE_INCOME_YOY":-25.9426214944,"GROSS_PROFIT":90432961.66,"GROSS_PROFIT_YOY":-58.891291360236,"HOLDER_PROFIT":-424969725.59,"HOLDER_PROFIT_YOY":-15.4753282052,"GROSS_PROFIT_RATIO":3.269868419793,"EPS_TTM":-0.532644704921,"OPERATE_INCOME_QOQ":-8.119944258068,"NET_PROFIT_RATIO":-16.2325751024,"ROE_AVG":-35.396449928703,"GROSS_PROFIT_QOQ":11.682840113269,"ROA":-10.003740079888,"HOLDER_PROFIT_QOQ":19.570685237013,"ROE_YEARLY":-35.396449928703,"ROIC_YEARLY":-11.048984623057,"TOTAL_ASSETS":4038605559.51,"TOTAL_LIABILITIES":3128252351.27,"TAX_EBT":-0.648639178868,"OCF_SALES":-0.416169871364,"TOTAL_PARENT_EQUITY":987960842.88,"DEBT_ASSET_RATIO":77.4587244328,"OPERATE_PROFIT":-340219496.29,"PRETAX_PROFIT":-446042242.63,"NETCASH_OPERATE":-11509782.41,"NETCASH_INVEST":-8466433.88,"NETCASH_FINANCE":-41268071.9,"END_CASH":358672243.57,"DIVI_RATIO":null,"DIVIDEND_RATE":null,"CURRENT_RATIO":0.554344294669,"COMMON_ACS":null,"CURRENTDEBT_DEBT":95.036943316706,"ISSUED_COMMON_SHARES":797848400,"HK_COMMON_SHARES":256126400,"PER_SHARES":400,"TOTAL_MARKET_CAP":1005288984,"HKSK_MARKET_CAP":322719264,"PE_TTM":-3.540605012432,"PB_TTM":1.849007021172,"REPORT_DATE_SQ":"2021-12-31 00:00:00","REPORT_TYPE_SQ":"2021年年报","OPERATE_INCOME_SQ":3734462841.12,"DPS_HKD":null,"OPERATE_INCOME_QOQ_SQ":0.029271515067,"NET_PROFIT_RATIO_SQ":-9.8654213766,"HOLDER_PROFIT_SQ":-368017768.12,"HOLDER_PROFIT_QOQ_SQ":-313.246255982902,"ROE_AVG_SQ":-23.044492149535,"PE_TTM_SQ":-4.124006832441,"PB_TTM_SQ":2.297191178566,"ROA_SQ":-7.640575680007,"START_DATE":"2022-01-01 00:00:00","FISCAL_YEAR":"12-31","CURRENCY":"HKD","IS_CNY_CODE":0,"DPS_HKD_LY":null,"ORG_TYPE":"一般企业","PREMIUM_INCOME":null,"PREMIUM_INCOME_YOY":null,"NET_INTEREST_INCOME":null,"NET_INTEREST_INCOME_YOY":null,"FEE_COMMISSION_INCOME":null,"FEE_COMMISSION_INCOME_YOY":null,"ACCOUNTS_RECE_TDAYS":5.347370681355,"INVENTORY_TDAYS":3.861726597446,"CURRENT_ASSETS_TDAYS":1.582705709988,"TOTAL_ASSETS_TDAYS":0.651029823592,"PREMIUM_EXPENSE":null,"LOAN_DEPOSIT":null,"LOAN_EQUITY":null,"LOAN_ASSETS":null,"DEPOSIT_EQUITY":null,"DEPOSIT_ASSETS":null,"EQUITY_MULTIPLIER":4.436306175393,"EQUITY_RATIO":3.166372811043},{"SECUCODE":"00568.HK","SECURITY_CODE":"00568","SECURITY_NAME_ABBR":"山东墨龙","ORG_CODE":"10010804","STD_REPORT_DATE":"2022-09-30 00:00:00","REPORT_DATE":"2022-09-30 00:00:00","DATE_TYPE_CODE":"004","REPORT_TYPE":"2022年三季报","PER_NETCASH_OPERATE":0.031871438734,"PER_OI":2.78360867829,"BPS":1.436722274106,"BASIC_EPS":-0.3333,"DILUTED_EPS":-0.3333,"OPERATE_INCOME":2220897730.2,"OPERATE_INCOME_YOY":-24.5951960866,"GROSS_PROFIT":85161392.55,"GROSS_PROFIT_YOY":-62.01091237853,"HOLDER_PROFIT":-265948560.19,"HOLDER_PROFIT_YOY":-151.8698656921,"GROSS_PROFIT_RATIO":3.834548137538,"EPS_TTM":-0.662251949418,"OPERATE_INCOME_QOQ":-11.657891746133,"NET_PROFIT_RATIO":-12.7595979903,"ROE_AVG":-20.781083643378,"GROSS_PROFIT_QOQ":-20.403558587375,"ROA":-5.927896708723,"HOLDER_PROFIT_QOQ":-11.829371657927,"ROE_YEARLY":-27.708111524504,"ROIC_YEARLY":-6.647141293928,"TOTAL_ASSETS":4515168533.33,"TOTAL_LIABILITIES":3439987659.69,"TAX_EBT":-0.624791114942,"OCF_SALES":1.144968363659,"TOTAL_PARENT_EQUITY":1146286567.64,"DEBT_ASSET_RATIO":76.1873589944,"OPERATE_PROFIT":-214666038.26,"PRETAX_PROFIT":-281618097.3,"NETCASH_OPERATE":25428576.4,"NETCASH_INVEST":-8584655.77,"NETCASH_FINANCE":-47143640.15,"END_CASH":378832591.33,"DIVI_RATIO":null,"DIVIDEND_RATE":null,"CURRENT_RATIO":0.614887147607,"COMMON_ACS":null,"CURRENTDEBT_DEBT":97.538965813685,"ISSUED_COMMON_SHARES":797848400,"HK_COMMON_SHARES":256126400,"PER_SHARES":400,"TOTAL_MARKET_CAP":1005288984,"HKSK_MARKET_CAP":322719264,"PE_TTM":-3.540605012432,"PB_TTM":1.849007021172,"REPORT_DATE_SQ":"2021-09-30 00:00:00","REPORT_TYPE_SQ":"2021年三季报","OPERATE_INCOME_SQ":2945300053.76,"DPS_HKD":null,"OPERATE_INCOME_QOQ_SQ":4.826691355071,"NET_PROFIT_RATIO_SQ":-2.7498195852,"HOLDER_PROFIT_SQ":-105589670.07,"HOLDER_PROFIT_QOQ_SQ":135.591712356834,"ROE_AVG_SQ":-6.110556737663,"PE_TTM_SQ":-4.124006832441,"PB_TTM_SQ":2.297191178566,"ROA_SQ":-2.085305528382,"START_DATE":"2022-01-01 00:00:00","FISCAL_YEAR":"12-31","CURRENCY":"HKD","IS_CNY_CODE":0,"DPS_HKD_LY":null,"ORG_TYPE":"一般企业","PREMIUM_INCOME":null,"PREMIUM_INCOME_YOY":null,"NET_INTEREST_INCOME":null,"NET_INTEREST_INCOME_YOY":null,"FEE_COMMISSION_INCOME":null,"FEE_COMMISSION_INCOME_YOY":null,"ACCOUNTS_RECE_TDAYS":4.146073060049,"INVENTORY_TDAYS":2.719393920956,"CURRENT_ASSETS_TDAYS":1.136033109987,"TOTAL_ASSETS_TDAYS":0.49503002896,"PREMIUM_EXPENSE":null,"LOAN_DEPOSIT":null,"LOAN_EQUITY":null,"LOAN_ASSETS":null,"DEPOSIT_EQUITY":null,"DEPOSIT_ASSETS":null,"EQUITY_MULTIPLIER":4.199450198593,"EQUITY_RATIO":3.000984009411}],"count":81},"success":true,"message":"ok","code":0}