{"version":"96d92c3c4faa83abecf1385489f8197f","result":{"pages":6,"data":[{"SECUCODE":"00560.HK","SECURITY_CODE":"00560","SECURITY_NAME_ABBR":"珠江船务","ORG_CODE":"10008966","STD_REPORT_DATE":"2024-06-30 00:00:00","REPORT_DATE":"2024-06-30 00:00:00","DATE_TYPE_CODE":"002","REPORT_TYPE":"2024年中报","PER_NETCASH_OPERATE":0.007783081713,"PER_OI":1.130472878246,"BPS":2.590371751838,"BASIC_EPS":0.054669532,"DILUTED_EPS":0.054669532,"OPERATE_INCOME":1267448755.48,"OPERATE_INCOME_YOY":12.6167557354,"GROSS_PROFIT":98709080.04,"GROSS_PROFIT_YOY":-12.607392126849,"HOLDER_PROFIT":61254518.2,"HOLDER_PROFIT_YOY":14.9485330639,"GROSS_PROFIT_RATIO":7.788013488768,"EPS_TTM":0.098820686378,"OPERATE_INCOME_QOQ":5.639956260952,"NET_PROFIT_RATIO":5.1490914956,"ROE_AVG":2.107550220552,"GROSS_PROFIT_QOQ":-5.504483710934,"ROA":1.482052022091,"HOLDER_PROFIT_QOQ":7.180764620849,"ROE_YEARLY":4.215100441105,"ROIC_YEARLY":4.175238066799,"TOTAL_ASSETS":4116817461.88,"TOTAL_LIABILITIES":926658606.88,"TAX_EBT":15.981059137321,"OCF_SALES":0.688480180542,"TOTAL_PARENT_EQUITY":2904239028,"DEBT_ASSET_RATIO":22.5091011555,"OPERATE_PROFIT":59071387.64,"PRETAX_PROFIT":77675456.76,"NETCASH_OPERATE":8726133.48,"NETCASH_INVEST":20486015.28,"NETCASH_FINANCE":-77909102.84,"END_CASH":849384729.32,"DIVI_RATIO":0.643231719286,"DIVIDEND_RATE":9.210526315789,"CURRENT_RATIO":2.051989813765,"COMMON_ACS":null,"CURRENTDEBT_DEBT":74.3358717877,"ISSUED_COMMON_SHARES":1121166885,"HK_COMMON_SHARES":1121166885,"PER_SHARES":2000,"TOTAL_MARKET_CAP":852086832.6,"HKSK_MARKET_CAP":852086832.6,"PE_TTM":6.938987374284,"PB_TTM":0.267775001603,"REPORT_DATE_SQ":"2023-06-30 00:00:00","REPORT_TYPE_SQ":"2023年中报","OPERATE_INCOME_SQ":1136921197.4,"DPS_HKD":0.07,"OPERATE_INCOME_QOQ_SQ":-8.972990359292,"NET_PROFIT_RATIO_SQ":5.0517788068,"HOLDER_PROFIT_SQ":53831646.26,"HOLDER_PROFIT_QOQ_SQ":8.195351904727,"ROE_AVG_SQ":1.864523094737,"PE_TTM_SQ":9.484456745381,"PB_TTM_SQ":0.297099106851,"ROA_SQ":1.277008649832,"START_DATE":"2024-01-01 00:00:00","FISCAL_YEAR":"12-31","CURRENCY":"HKD","IS_CNY_CODE":0,"DPS_HKD_LY":0.07,"ORG_TYPE":"一般企业","PREMIUM_INCOME":null,"PREMIUM_INCOME_YOY":null,"NET_INTEREST_INCOME":null,"NET_INTEREST_INCOME_YOY":null,"FEE_COMMISSION_INCOME":null,"FEE_COMMISSION_INCOME_YOY":null,"ACCOUNTS_RECE_TDAYS":2.719773677139,"INVENTORY_TDAYS":61.153677172875,"CURRENT_ASSETS_TDAYS":0.905910814123,"TOTAL_ASSETS_TDAYS":0.306659010005,"PREMIUM_EXPENSE":null,"LOAN_DEPOSIT":null,"LOAN_EQUITY":null,"LOAN_ASSETS":null,"DEPOSIT_EQUITY":null,"DEPOSIT_ASSETS":null,"EQUITY_MULTIPLIER":1.290474126525,"EQUITY_RATIO":0.319071053707},{"SECUCODE":"00560.HK","SECURITY_CODE":"00560","SECURITY_NAME_ABBR":"珠江船务","ORG_CODE":"10008966","STD_REPORT_DATE":"2023-12-31 00:00:00","REPORT_DATE":"2023-12-31 00:00:00","DATE_TYPE_CODE":"001","REPORT_TYPE":"2023年年报","PER_NETCASH_OPERATE":0.176857144082,"PER_OI":2.06422111165,"BPS":2.57592156347,"BASIC_EPS":0.092162574,"DILUTED_EPS":0.092162574,"OPERATE_INCOME":2314336353.7,"OPERATE_INCOME_YOY":-11.9229051455,"GROSS_PROFIT":258696810.96,"GROSS_PROFIT_YOY":13.620194681244,"HOLDER_PROFIT":103371609.18,"HOLDER_PROFIT_YOY":22.0119798909,"GROSS_PROFIT_RATIO":11.178012675055,"EPS_TTM":0.092200019964,"OPERATE_INCOME_QOQ":-1.837954512845,"NET_PROFIT_RATIO":4.8018372369,"ROE_AVG":3.589670080717,"GROSS_PROFIT_QOQ":9.458455907484,"ROA":2.502576203971,"HOLDER_PROFIT_QOQ":14.404936584373,"ROE_YEARLY":3.589670080717,"ROIC_YEARLY":3.578203664531,"TOTAL_ASSETS":4119989672.12,"TOTAL_LIABILITIES":949994050.88,"TAX_EBT":20.604573470762,"OCF_SALES":8.567742238633,"TOTAL_PARENT_EQUITY":2888037955.32,"DEBT_ASSET_RATIO":23.0581658325,"OPERATE_PROFIT":117910096.64,"PRETAX_PROFIT":139971116.32,"NETCASH_OPERATE":198286373.32,"NETCASH_INVEST":-40564219.64,"NETCASH_FINANCE":-167434113.42,"END_CASH":893293677.92,"DIVI_RATIO":0.689420675015,"DIVIDEND_RATE":9.333333333333,"CURRENT_RATIO":1.949520895682,"COMMON_ACS":null,"CURRENTDEBT_DEBT":74.236385628596,"ISSUED_COMMON_SHARES":1121166885,"HK_COMMON_SHARES":1121166885,"PER_SHARES":2000,"TOTAL_MARKET_CAP":840875163.75,"HKSK_MARKET_CAP":840875163.75,"PE_TTM":6.847684908833,"PB_TTM":0.264251646318,"REPORT_DATE_SQ":"2022-12-31 00:00:00","REPORT_TYPE_SQ":"2022年年报","OPERATE_INCOME_SQ":2590076562.15,"DPS_HKD":0.07,"OPERATE_INCOME_QOQ_SQ":13.941286322366,"NET_PROFIT_RATIO_SQ":3.7255845314,"HOLDER_PROFIT_SQ":83511812.3,"HOLDER_PROFIT_QOQ_SQ":36.21386277342,"ROE_AVG_SQ":2.922055596882,"PE_TTM_SQ":9.021800318777,"PB_TTM_SQ":0.282606467493,"ROA_SQ":2.017556561828,"START_DATE":"2023-01-01 00:00:00","FISCAL_YEAR":"12-31","CURRENCY":"HKD","IS_CNY_CODE":0,"DPS_HKD_LY":0.02,"ORG_TYPE":"一般企业","PREMIUM_INCOME":null,"PREMIUM_INCOME_YOY":null,"NET_INTEREST_INCOME":null,"NET_INTEREST_INCOME_YOY":null,"FEE_COMMISSION_INCOME":null,"FEE_COMMISSION_INCOME_YOY":null,"ACCOUNTS_RECE_TDAYS":6.215373944365,"INVENTORY_TDAYS":104.230436980196,"CURRENT_ASSETS_TDAYS":1.721077178181,"TOTAL_ASSETS_TDAYS":0.56028953527,"PREMIUM_EXPENSE":null,"LOAN_DEPOSIT":null,"LOAN_EQUITY":null,"LOAN_ASSETS":null,"DEPOSIT_EQUITY":null,"DEPOSIT_ASSETS":null,"EQUITY_MULTIPLIER":1.299683079848,"EQUITY_RATIO":0.328940985395},{"SECUCODE":"00560.HK","SECURITY_CODE":"00560","SECURITY_NAME_ABBR":"珠江船务","ORG_CODE":"10008966","STD_REPORT_DATE":"2023-06-30 00:00:00","REPORT_DATE":"2023-06-30 00:00:00","DATE_TYPE_CODE":"002","REPORT_TYPE":"2023年中报","PER_NETCASH_OPERATE":0.065833224177,"PER_OI":1.01405171042,"BPS":2.54468486295,"BASIC_EPS":0.048035158,"DILUTED_EPS":0.048035158,"OPERATE_INCOME":1136921197.4,"OPERATE_INCOME_YOY":-22.987038455,"GROSS_PROFIT":112949003.86,"GROSS_PROFIT_YOY":8.300600349187,"HOLDER_PROFIT":53831646.26,"HOLDER_PROFIT_YOY":6.2663803145,"GROSS_PROFIT_RATIO":9.93463787273,"EPS_TTM":0.080590945388,"OPERATE_INCOME_QOQ":-8.972990359292,"NET_PROFIT_RATIO":5.0517788068,"ROE_AVG":1.864523094737,"GROSS_PROFIT_QOQ":3.802117195293,"ROA":1.277008649832,"HOLDER_PROFIT_QOQ":8.195351904727,"ROE_YEARLY":3.729046189475,"ROIC_YEARLY":3.656177082282,"TOTAL_ASSETS":4217651906.82,"TOTAL_LIABILITIES":1075952503.96,"TAX_EBT":18.833876221498,"OCF_SALES":6.492097345779,"TOTAL_PARENT_EQUITY":2853016401.1,"DEBT_ASSET_RATIO":25.5106995013,"OPERATE_PROFIT":60326073.38,"PRETAX_PROFIT":70761965,"NETCASH_OPERATE":73810030.88,"NETCASH_INVEST":-37358629.6,"NETCASH_FINANCE":-55871066.02,"END_CASH":912736228.52,"DIVI_RATIO":0.788731286051,"DIVIDEND_RATE":9.090909090909,"CURRENT_RATIO":1.730831062882,"COMMON_ACS":null,"CURRENTDEBT_DEBT":77.180844591526,"ISSUED_COMMON_SHARES":1121166885,"HK_COMMON_SHARES":1121166885,"PER_SHARES":2000,"TOTAL_MARKET_CAP":863298501.45,"HKSK_MARKET_CAP":863298501.45,"PE_TTM":7.030289839735,"PB_TTM":0.271298356887,"REPORT_DATE_SQ":"2022-06-30 00:00:00","REPORT_TYPE_SQ":"2022年中报","OPERATE_INCOME_SQ":1369328517.62,"DPS_HKD":0.07,"OPERATE_INCOME_QOQ_SQ":22.565835727997,"NET_PROFIT_RATIO_SQ":3.8527402607,"HOLDER_PROFIT_SQ":46987559.36,"HOLDER_PROFIT_QOQ_SQ":70.138754586997,"ROE_AVG_SQ":1.71291363042,"PE_TTM_SQ":9.137464425428,"PB_TTM_SQ":0.286229627332,"ROA_SQ":1.163230246188,"START_DATE":"2023-01-01 00:00:00","FISCAL_YEAR":"12-31","CURRENCY":"HKD","IS_CNY_CODE":0,"DPS_HKD_LY":0.02,"ORG_TYPE":"一般企业","PREMIUM_INCOME":null,"PREMIUM_INCOME_YOY":null,"NET_INTEREST_INCOME":null,"NET_INTEREST_INCOME_YOY":null,"FEE_COMMISSION_INCOME":null,"FEE_COMMISSION_INCOME_YOY":null,"ACCOUNTS_RECE_TDAYS":2.910192387569,"INVENTORY_TDAYS":48.915349042061,"CURRENT_ASSETS_TDAYS":0.819486708503,"TOTAL_ASSETS_TDAYS":0.269703474467,"PREMIUM_EXPENSE":null,"LOAN_DEPOSIT":null,"LOAN_EQUITY":null,"LOAN_ASSETS":null,"DEPOSIT_EQUITY":null,"DEPOSIT_ASSETS":null,"EQUITY_MULTIPLIER":1.342474682008,"EQUITY_RATIO":0.377128047194},{"SECUCODE":"00560.HK","SECURITY_CODE":"00560","SECURITY_NAME_ABBR":"珠江船务","ORG_CODE":"10008966","STD_REPORT_DATE":"2022-12-31 00:00:00","REPORT_DATE":"2022-12-31 00:00:00","DATE_TYPE_CODE":"001","REPORT_TYPE":"2022年年报","PER_NETCASH_OPERATE":0.241060156241,"PER_OI":2.310161490499,"BPS":2.524444267001,"BASIC_EPS":0.074498718,"DILUTED_EPS":0.074498718,"OPERATE_INCOME":2590076562.15,"OPERATE_INCOME_YOY":27.8229048743,"GROSS_PROFIT":227685590.3,"GROSS_PROFIT_YOY":6.594559530409,"HOLDER_PROFIT":83511812.3,"HOLDER_PROFIT_YOY":112.1205245723,"GROSS_PROFIT_RATIO":8.790689573709,"EPS_TTM":0.074486513486,"OPERATE_INCOME_QOQ":13.941286322366,"NET_PROFIT_RATIO":3.7255845314,"ROE_AVG":2.922055596882,"GROSS_PROFIT_QOQ":3.796102283854,"ROA":2.017556561828,"HOLDER_PROFIT_QOQ":36.21386277342,"ROE_YEARLY":2.922055596882,"ROIC_YEARLY":2.871577753673,"TOTAL_ASSETS":4082047380.6,"TOTAL_LIABILITIES":959794496.71,"TAX_EBT":17.585351897769,"OCF_SALES":10.434775111268,"TOTAL_PARENT_EQUITY":2830323315.19,"DEBT_ASSET_RATIO":23.5125760978,"OPERATE_PROFIT":145055435.49,"PRETAX_PROFIT":117085365.25,"NETCASH_OPERATE":270268664.47,"NETCASH_INVEST":-113298793.72,"NETCASH_FINANCE":-121831308.76,"END_CASH":922189616.25,"DIVI_RATIO":0.853370590525,"DIVIDEND_RATE":9.333333333333,"CURRENT_RATIO":1.841670581364,"COMMON_ACS":null,"CURRENTDEBT_DEBT":73.303842907174,"ISSUED_COMMON_SHARES":1121166885,"HK_COMMON_SHARES":1121166885,"PER_SHARES":2000,"TOTAL_MARKET_CAP":840875163.75,"HKSK_MARKET_CAP":840875163.75,"PE_TTM":6.847684908833,"PB_TTM":0.264251646318,"REPORT_DATE_SQ":"2021-12-31 00:00:00","REPORT_TYPE_SQ":"2021年年报","OPERATE_INCOME_SQ":1854650380.8,"DPS_HKD":0.07,"OPERATE_INCOME_QOQ_SQ":8.172913816958,"NET_PROFIT_RATIO_SQ":2.9215643747,"HOLDER_PROFIT_SQ":36034902.4,"HOLDER_PROFIT_QOQ_SQ":-23.982629637649,"ROE_AVG_SQ":1.353618881991,"PE_TTM_SQ":9.021800318777,"PB_TTM_SQ":0.282606467493,"ROA_SQ":0.95073331622,"START_DATE":"2022-01-01 00:00:00","FISCAL_YEAR":"12-31","CURRENCY":"HKD","IS_CNY_CODE":0,"DPS_HKD_LY":0.02,"ORG_TYPE":"一般企业","PREMIUM_INCOME":null,"PREMIUM_INCOME_YOY":null,"NET_INTEREST_INCOME":null,"NET_INTEREST_INCOME_YOY":null,"FEE_COMMISSION_INCOME":null,"FEE_COMMISSION_INCOME_YOY":null,"ACCOUNTS_RECE_TDAYS":8.40690286039,"INVENTORY_TDAYS":106.995246282998,"CURRENT_ASSETS_TDAYS":2.035396180085,"TOTAL_ASSETS_TDAYS":0.625734949306,"PREMIUM_EXPENSE":null,"LOAN_DEPOSIT":null,"LOAN_EQUITY":null,"LOAN_ASSETS":null,"DEPOSIT_EQUITY":null,"DEPOSIT_ASSETS":null,"EQUITY_MULTIPLIER":1.307404471196,"EQUITY_RATIO":0.339111256851},{"SECUCODE":"00560.HK","SECURITY_CODE":"00560","SECURITY_NAME_ABBR":"珠江船务","ORG_CODE":"10008966","STD_REPORT_DATE":"2022-06-30 00:00:00","REPORT_DATE":"2022-06-30 00:00:00","DATE_TYPE_CODE":"002","REPORT_TYPE":"2022年中报","PER_NETCASH_OPERATE":0.097261285139,"PER_OI":1.221342278246,"BPS":2.429297218808,"BASIC_EPS":0.04190431,"DILUTED_EPS":0.04190431,"OPERATE_INCOME":1369328517.62,"OPERATE_INCOME_YOY":40.1250730731,"GROSS_PROFIT":104292130.88,"GROSS_PROFIT_YOY":5.844607249563,"HOLDER_PROFIT":46987559.36,"HOLDER_PROFIT_YOY":110.5537459283,"GROSS_PROFIT_RATIO":7.616297297399,"EPS_TTM":0.054683504285,"OPERATE_INCOME_QOQ":22.565835727997,"NET_PROFIT_RATIO":3.8527402607,"ROE_AVG":1.71291363042,"GROSS_PROFIT_QOQ":2.696110147664,"ROA":1.163230246188,"HOLDER_PROFIT_QOQ":70.138754586997,"ROE_YEARLY":3.425827260841,"ROIC_YEARLY":3.269959420104,"TOTAL_ASSETS":4061238301.89,"TOTAL_LIABILITIES":1062551340.06,"TAX_EBT":24.603708094499,"OCF_SALES":7.963474848207,"TOTAL_PARENT_EQUITY":2723647595.55,"DEBT_ASSET_RATIO":26.1632354734,"OPERATE_PROFIT":85386445.55,"PRETAX_PROFIT":69972500.99,"NETCASH_OPERATE":109046132.09,"NETCASH_INVEST":-54059980.66,"NETCASH_FINANCE":-45798845.26,"END_CASH":887912134.97,"DIVI_RATIO":1.162409045127,"DIVIDEND_RATE":9.090909090909,"CURRENT_RATIO":1.693049169309,"COMMON_ACS":null,"CURRENTDEBT_DEBT":73.761382531948,"ISSUED_COMMON_SHARES":1121166885,"HK_COMMON_SHARES":1121166885,"PER_SHARES":2000,"TOTAL_MARKET_CAP":863298501.45,"HKSK_MARKET_CAP":863298501.45,"PE_TTM":7.030289839735,"PB_TTM":0.271298356887,"REPORT_DATE_SQ":"2021-06-30 00:00:00","REPORT_TYPE_SQ":"2021年中报","OPERATE_INCOME_SQ":950811159.36,"DPS_HKD":0.07,"OPERATE_INCOME_QOQ_SQ":9.844633586302,"NET_PROFIT_RATIO_SQ":3.4739019788,"HOLDER_PROFIT_SQ":21713127.6,"HOLDER_PROFIT_QOQ_SQ":13.050294981179,"ROE_AVG_SQ":0.7934249261,"PE_TTM_SQ":9.137464425428,"PB_TTM_SQ":0.286229627332,"ROA_SQ":0.564733573222,"START_DATE":"2022-01-01 00:00:00","FISCAL_YEAR":"12-31","CURRENCY":"HKD","IS_CNY_CODE":0,"DPS_HKD_LY":0.02,"ORG_TYPE":"一般企业","PREMIUM_INCOME":null,"PREMIUM_INCOME_YOY":null,"NET_INTEREST_INCOME":null,"NET_INTEREST_INCOME_YOY":null,"FEE_COMMISSION_INCOME":null,"FEE_COMMISSION_INCOME_YOY":null,"ACCOUNTS_RECE_TDAYS":3.962772855517,"INVENTORY_TDAYS":51.458299271216,"CURRENT_ASSETS_TDAYS":1.085488789189,"TOTAL_ASSETS_TDAYS":0.338992782421,"PREMIUM_EXPENSE":null,"LOAN_DEPOSIT":null,"LOAN_EQUITY":null,"LOAN_ASSETS":null,"DEPOSIT_EQUITY":null,"DEPOSIT_ASSETS":null,"EQUITY_MULTIPLIER":1.354338866839,"EQUITY_RATIO":0.390120712311},{"SECUCODE":"00560.HK","SECURITY_CODE":"00560","SECURITY_NAME_ABBR":"珠江船务","ORG_CODE":"10008966","STD_REPORT_DATE":"2021-12-31 00:00:00","REPORT_DATE":"2021-12-31 00:00:00","DATE_TYPE_CODE":"001","REPORT_TYPE":"2021年年报","PER_NETCASH_OPERATE":0.219355461966,"PER_OI":1.65421437755,"BPS":2.355754419914,"BASIC_EPS":0.03213168,"DILUTED_EPS":0.03213168,"OPERATE_INCOME":1854650380.8,"OPERATE_INCOME_YOY":22.3158838079,"GROSS_PROFIT":213599635.2,"GROSS_PROFIT_YOY":36.35375264959,"HOLDER_PROFIT":36034902.4,"HOLDER_PROFIT_YOY":-11.535296361,"GROSS_PROFIT_RATIO":11.516975782134,"EPS_TTM":0.032140534012,"OPERATE_INCOME_QOQ":8.172913816958,"NET_PROFIT_RATIO":2.9215643747,"ROE_AVG":1.353618881991,"GROSS_PROFIT_QOQ":15.161202519005,"ROA":0.95073331622,"HOLDER_PROFIT_QOQ":-23.982629637649,"ROE_YEARLY":1.353618881991,"ROIC_YEARLY":1.290648479555,"TOTAL_ASSETS":3840975241.6,"TOTAL_LIABILITIES":937519027.2,"TAX_EBT":29.597169991714,"OCF_SALES":13.260401127134,"TOTAL_PARENT_EQUITY":2641193844.8,"DEBT_ASSET_RATIO":24.4083590294,"OPERATE_PROFIT":106920004.8,"PRETAX_PROFIT":76963958.4,"NETCASH_OPERATE":245934080,"NETCASH_INVEST":-50659313.6,"NETCASH_FINANCE":70366744,"END_CASH":854464766.4,"DIVI_RATIO":1.977708272585,"DIVIDEND_RATE":9.333333333333,"CURRENT_RATIO":1.784101389837,"COMMON_ACS":null,"CURRENTDEBT_DEBT":68.363490169813,"ISSUED_COMMON_SHARES":1121166885,"HK_COMMON_SHARES":1121166885,"PER_SHARES":2000,"TOTAL_MARKET_CAP":840875163.75,"HKSK_MARKET_CAP":840875163.75,"PE_TTM":6.847684908833,"PB_TTM":0.264251646318,"REPORT_DATE_SQ":"2020-12-31 00:00:00","REPORT_TYPE_SQ":"2020年年报","OPERATE_INCOME_SQ":1560862620.36,"DPS_HKD":0.07,"OPERATE_INCOME_QOQ_SQ":-11.490455687912,"NET_PROFIT_RATIO_SQ":3.520963857,"HOLDER_PROFIT_SQ":41931346.44,"HOLDER_PROFIT_QOQ_SQ":-60.306975317619,"ROE_AVG_SQ":1.549246677598,"PE_TTM_SQ":9.021800318777,"PB_TTM_SQ":0.282606467493,"ROA_SQ":1.113611583116,"START_DATE":"2021-01-01 00:00:00","FISCAL_YEAR":"12-31","CURRENCY":"HKD","IS_CNY_CODE":0,"DPS_HKD_LY":0.02,"ORG_TYPE":"一般企业","PREMIUM_INCOME":null,"PREMIUM_INCOME_YOY":null,"NET_INTEREST_INCOME":null,"NET_INTEREST_INCOME_YOY":null,"FEE_COMMISSION_INCOME":null,"FEE_COMMISSION_INCOME_YOY":null,"ACCOUNTS_RECE_TDAYS":6.387155903889,"INVENTORY_TDAYS":67.478769541099,"CURRENT_ASSETS_TDAYS":1.626775873401,"TOTAL_ASSETS_TDAYS":0.489325012565,"PREMIUM_EXPENSE":null,"LOAN_DEPOSIT":null,"LOAN_EQUITY":null,"LOAN_ASSETS":null,"DEPOSIT_EQUITY":null,"DEPOSIT_ASSETS":null,"EQUITY_MULTIPLIER":1.322897594443,"EQUITY_RATIO":0.354960325629},{"SECUCODE":"00560.HK","SECURITY_CODE":"00560","SECURITY_NAME_ABBR":"珠江船务","ORG_CODE":"10008966","STD_REPORT_DATE":"2021-06-30 00:00:00","REPORT_DATE":"2021-06-30 00:00:00","DATE_TYPE_CODE":"002","REPORT_TYPE":"2021年中报","PER_NETCASH_OPERATE":0.069485778792,"PER_OI":0.848054979219,"BPS":2.446299880504,"BASIC_EPS":0.019387464,"DILUTED_EPS":0.019387464,"OPERATE_INCOME":950811159.36,"OPERATE_INCOME_YOY":30.9390505219,"GROSS_PROFIT":98533249.44,"GROSS_PROFIT_YOY":41.356451635639,"HOLDER_PROFIT":21713127.6,"HOLDER_PROFIT_YOY":46.7660292463,"GROSS_PROFIT_RATIO":10.363072463971,"EPS_TTM":0.042280512807,"OPERATE_INCOME_QOQ":9.844633586302,"NET_PROFIT_RATIO":3.4739019788,"ROE_AVG":0.7934249261,"GROSS_PROFIT_QOQ":18.402508541961,"ROA":0.564733573222,"HOLDER_PROFIT_QOQ":13.050294981179,"ROE_YEARLY":1.5868498522,"ROIC_YEARLY":1.507892745169,"TOTAL_ASSETS":3883993008.96,"TOTAL_LIABILITIES":851128807.44,"TAX_EBT":25.086338674064,"OCF_SALES":8.193546467465,"TOTAL_PARENT_EQUITY":2742710416.8,"DEBT_ASSET_RATIO":21.9137574521,"OPERATE_PROFIT":55216828.8,"PRETAX_PROFIT":44091087.12,"NETCASH_OPERATE":77905154.16,"NETCASH_INVEST":126151648.8,"NETCASH_FINANCE":-63838841.76,"END_CASH":744377935.92,"DIVI_RATIO":1.503401822258,"DIVIDEND_RATE":9.333333333333,"CURRENT_RATIO":1.85743363435,"COMMON_ACS":null,"CURRENTDEBT_DEBT":73.149488753956,"ISSUED_COMMON_SHARES":1121166885,"HK_COMMON_SHARES":1121166885,"PER_SHARES":2000,"TOTAL_MARKET_CAP":840875163.75,"HKSK_MARKET_CAP":840875163.75,"PE_TTM":6.847684908833,"PB_TTM":0.264251646318,"REPORT_DATE_SQ":"2020-06-30 00:00:00","REPORT_TYPE_SQ":"2020年中报","OPERATE_INCOME_SQ":797149953.6,"DPS_HKD":0.07,"OPERATE_INCOME_QOQ_SQ":-8.343344009758,"NET_PROFIT_RATIO_SQ":2.3117028956,"HOLDER_PROFIT_SQ":16240963.2,"HOLDER_PROFIT_QOQ_SQ":-44.912734682962,"ROE_AVG_SQ":0.568408234758,"PE_TTM_SQ":9.021800318777,"PB_TTM_SQ":0.282606467493,"ROA_SQ":0.396704718042,"START_DATE":"2021-01-01 00:00:00","FISCAL_YEAR":"12-31","CURRENCY":"HKD","IS_CNY_CODE":0,"DPS_HKD_LY":0.02,"ORG_TYPE":"一般企业","PREMIUM_INCOME":null,"PREMIUM_INCOME_YOY":null,"NET_INTEREST_INCOME":null,"NET_INTEREST_INCOME_YOY":null,"FEE_COMMISSION_INCOME":null,"FEE_COMMISSION_INCOME_YOY":null,"ACCOUNTS_RECE_TDAYS":null,"INVENTORY_TDAYS":33.912988775949,"CURRENT_ASSETS_TDAYS":0.82205662353,"TOTAL_ASSETS_TDAYS":0.247295089577,"PREMIUM_EXPENSE":null,"LOAN_DEPOSIT":null,"LOAN_EQUITY":null,"LOAN_ASSETS":null,"DEPOSIT_EQUITY":null,"DEPOSIT_ASSETS":null,"EQUITY_MULTIPLIER":1.280635317273,"EQUITY_RATIO":0.310323978145},{"SECUCODE":"00560.HK","SECURITY_CODE":"00560","SECURITY_NAME_ABBR":"珠江船务","ORG_CODE":"10008966","STD_REPORT_DATE":"2020-12-31 00:00:00","REPORT_DATE":"2020-12-31 00:00:00","DATE_TYPE_CODE":"001","REPORT_TYPE":"2020年年报","PER_NETCASH_OPERATE":0.074897813023,"PER_OI":1.392176883961,"BPS":2.463440139226,"BASIC_EPS":0.037368816,"DILUTED_EPS":0.037368816,"OPERATE_INCOME":1560862620.36,"OPERATE_INCOME_YOY":-13.6566077371,"GROSS_PROFIT":156651086.64,"GROSS_PROFIT_YOY":-42.449578092069,"HOLDER_PROFIT":41931346.44,"HOLDER_PROFIT_YOY":-76.727641327,"GROSS_PROFIT_RATIO":10.036186695525,"EPS_TTM":0.037399736829,"OPERATE_INCOME_QOQ":-11.490455687912,"NET_PROFIT_RATIO":3.520963857,"ROE_AVG":1.549246677598,"GROSS_PROFIT_QOQ":-28.533278636474,"ROA":1.113611583116,"HOLDER_PROFIT_QOQ":-60.306975317619,"ROE_YEARLY":1.549246677598,"ROIC_YEARLY":1.486007220204,"TOTAL_ASSETS":3849420650.96,"TOTAL_LIABILITIES":792987316.52,"TAX_EBT":12.332850008055,"OCF_SALES":5.379906381552,"TOTAL_PARENT_EQUITY":2761927507.28,"DEBT_ASSET_RATIO":20.600173076,"OPERATE_PROFIT":67875741.08,"PRETAX_PROFIT":62688713.76,"NETCASH_OPERATE":83972947.72,"NETCASH_INVEST":-180235522.72,"NETCASH_FINANCE":-39631144.32,"END_CASH":611077771.84,"DIVI_RATIO":1.699600194815,"DIVIDEND_RATE":9.333333333333,"CURRENT_RATIO":2.011937564037,"COMMON_ACS":null,"CURRENTDEBT_DEBT":73.340812338873,"ISSUED_COMMON_SHARES":1121166885,"HK_COMMON_SHARES":1121166885,"PER_SHARES":2000,"TOTAL_MARKET_CAP":840875163.75,"HKSK_MARKET_CAP":840875163.75,"PE_TTM":6.847684908833,"PB_TTM":0.264251646318,"REPORT_DATE_SQ":"2019-12-31 00:00:00","REPORT_TYPE_SQ":"2019年年报","OPERATE_INCOME_SQ":1924024363.28,"DPS_HKD":0.07,"OPERATE_INCOME_QOQ_SQ":-5.284521856291,"NET_PROFIT_RATIO_SQ":10.8082589498,"HOLDER_PROFIT_SQ":191766790.84,"HOLDER_PROFIT_QOQ_SQ":16.996103267468,"ROE_AVG_SQ":6.873489747783,"PE_TTM_SQ":9.021800318777,"PB_TTM_SQ":0.282606467493,"ROA_SQ":4.918237105215,"START_DATE":"2020-01-01 00:00:00","FISCAL_YEAR":"12-31","CURRENCY":"HKD","IS_CNY_CODE":0,"DPS_HKD_LY":0.03,"ORG_TYPE":"一般企业","PREMIUM_INCOME":null,"PREMIUM_INCOME_YOY":null,"NET_INTEREST_INCOME":null,"NET_INTEREST_INCOME_YOY":null,"FEE_COMMISSION_INCOME":null,"FEE_COMMISSION_INCOME_YOY":null,"ACCOUNTS_RECE_TDAYS":4.80830548332,"INVENTORY_TDAYS":97.654258121159,"CURRENT_ASSETS_TDAYS":1.211539535681,"TOTAL_ASSETS_TDAYS":0.414533479428,"PREMIUM_EXPENSE":null,"LOAN_DEPOSIT":null,"LOAN_EQUITY":null,"LOAN_ASSETS":null,"DEPOSIT_EQUITY":null,"DEPOSIT_ASSETS":null,"EQUITY_MULTIPLIER":1.259448589173,"EQUITY_RATIO":0.287113732866},{"SECUCODE":"00560.HK","SECURITY_CODE":"00560","SECURITY_NAME_ABBR":"珠江船务","ORG_CODE":"10008966","STD_REPORT_DATE":"2020-06-30 00:00:00","REPORT_DATE":"2020-06-30 00:00:00","DATE_TYPE_CODE":"002","REPORT_TYPE":"2020年中报","PER_NETCASH_OPERATE":0.018641667819,"PER_OI":0.71100026612,"BPS":2.530550394271,"BASIC_EPS":0.014523696,"DILUTED_EPS":0.014523696,"OPERATE_INCOME":797149953.6,"OPERATE_INCOME_YOY":-19.8404322255,"GROSS_PROFIT":69705519.84,"GROSS_PROFIT_YOY":-43.194475821103,"HOLDER_PROFIT":16240963.2,"HOLDER_PROFIT_YOY":-84.7215419384,"GROSS_PROFIT_RATIO":8.744342206282,"EPS_TTM":0.094222441167,"OPERATE_INCOME_QOQ":-8.343344009758,"NET_PROFIT_RATIO":2.3117028956,"ROE_AVG":0.568408234758,"GROSS_PROFIT_QOQ":-19.472419036558,"ROA":0.396704718042,"HOLDER_PROFIT_QOQ":-44.912734682962,"ROE_YEARLY":1.136816469517,"ROIC_YEARLY":1.055613870933,"TOTAL_ASSETS":4192612871.04,"TOTAL_LIABILITIES":1046344606.56,"TAX_EBT":25.220550077841,"OCF_SALES":2.62189322669,"TOTAL_PARENT_EQUITY":2837169302.88,"DEBT_ASSET_RATIO":24.9568619556,"OPERATE_PROFIT":25340652.48,"PRETAX_PROFIT":24642784.32,"NETCASH_OPERATE":20900420.64,"NETCASH_INVEST":-237228588.96,"NETCASH_FINANCE":83921386.56,"END_CASH":659344741.44,"DIVI_RATIO":0.67462272483,"DIVIDEND_RATE":9.333333333333,"CURRENT_RATIO":1.955888323401,"COMMON_ACS":null,"CURRENTDEBT_DEBT":72.248338933513,"ISSUED_COMMON_SHARES":1121166885,"HK_COMMON_SHARES":1121166885,"PER_SHARES":2000,"TOTAL_MARKET_CAP":840875163.75,"HKSK_MARKET_CAP":840875163.75,"PE_TTM":6.847684908833,"PB_TTM":0.264251646318,"REPORT_DATE_SQ":"2019-06-30 00:00:00","REPORT_TYPE_SQ":"2019年中报","OPERATE_INCOME_SQ":957677925.06,"DPS_HKD":0.07,"OPERATE_INCOME_QOQ_SQ":-3.581070969438,"NET_PROFIT_RATIO_SQ":10.8481653656,"HOLDER_PROFIT_SQ":102368673.18,"HOLDER_PROFIT_QOQ_SQ":-17.253053203316,"ROE_AVG_SQ":3.753197125816,"PE_TTM_SQ":9.021800318777,"PB_TTM_SQ":0.282606467493,"ROA_SQ":2.606261136289,"START_DATE":"2020-01-01 00:00:00","FISCAL_YEAR":"12-31","CURRENCY":"HKD","IS_CNY_CODE":0,"DPS_HKD_LY":0.03,"ORG_TYPE":"一般企业","PREMIUM_INCOME":null,"PREMIUM_INCOME_YOY":null,"NET_INTEREST_INCOME":null,"NET_INTEREST_INCOME_YOY":null,"FEE_COMMISSION_INCOME":null,"FEE_COMMISSION_INCOME_YOY":null,"ACCOUNTS_RECE_TDAYS":2.083436288781,"INVENTORY_TDAYS":47.571996057465,"CURRENT_ASSETS_TDAYS":0.530526279954,"TOTAL_ASSETS_TDAYS":0.194713296056,"PREMIUM_EXPENSE":null,"LOAN_DEPOSIT":null,"LOAN_EQUITY":null,"LOAN_ASSETS":null,"DEPOSIT_EQUITY":null,"DEPOSIT_ASSETS":null,"EQUITY_MULTIPLIER":1.332566875613,"EQUITY_RATIO":0.368798790223}],"count":49},"success":true,"message":"ok","code":0}