{"version":"7d7f141ffdf2386fe492ff08fad4ad31","result":{"pages":6,"data":[{"SECUCODE":"00563.HK","SECURITY_CODE":"00563","SECURITY_NAME_ABBR":"上实城市开发","ORG_CODE":"10008968","STD_REPORT_DATE":"2024-06-30 00:00:00","REPORT_DATE":"2024-06-30 00:00:00","DATE_TYPE_CODE":"002","REPORT_TYPE":"2024年中报","PER_NETCASH_OPERATE":-0.031667627236,"PER_OI":0.569102589394,"BPS":2.53808296194,"BASIC_EPS":-0.044173712,"DILUTED_EPS":null,"OPERATE_INCOME":2720546662.44,"OPERATE_INCOME_YOY":65.8013476216,"GROSS_PROFIT":566337106.28,"GROSS_PROFIT_YOY":-20.438900332698,"HOLDER_PROFIT":-211343831.52,"HOLDER_PROFIT_YOY":23.5600919006,"GROSS_PROFIT_RATIO":20.817033359467,"EPS_TTM":0.107971024849,"OPERATE_INCOME_QOQ":14.747818661143,"NET_PROFIT_RATIO":-6.3170596944,"ROE_AVG":-1.696136119824,"GROSS_PROFIT_QOQ":-4.827869662781,"ROA":-0.400819058108,"HOLDER_PROFIT_QOQ":15.162591581569,"ROE_YEARLY":-3.392272239648,"ROIC_YEARLY":-1.014312083491,"TOTAL_ASSETS":51593055653.12,"TOTAL_LIABILITIES":33636500136.64,"TAX_EBT":-185.598798762361,"OCF_SALES":-5.564484826892,"TOTAL_PARENT_EQUITY":12133090342.2,"DEBT_ASSET_RATIO":65.1957898419,"OPERATE_PROFIT":100195835.76,"PRETAX_PROFIT":-60174817.76,"NETCASH_OPERATE":-151384406.24,"NETCASH_INVEST":-341808699.48,"NETCASH_FINANCE":57531696.48,"END_CASH":4894435424.76,"DIVI_RATIO":0.067145421748,"DIVIDEND_RATE":2.352941176471,"CURRENT_RATIO":1.344403290952,"COMMON_ACS":10000000000,"CURRENTDEBT_DEBT":56.597384948569,"ISSUED_COMMON_SHARES":4780415189,"HK_COMMON_SHARES":4780415189,"PER_SHARES":2000,"TOTAL_MARKET_CAP":1625341164.26,"HKSK_MARKET_CAP":1625341164.26,"PE_TTM":2.871921794566,"PB_TTM":0.122262039757,"REPORT_DATE_SQ":"2023-06-30 00:00:00","REPORT_TYPE_SQ":"2023年中报","OPERATE_INCOME_SQ":1657566991.32,"DPS_HKD":0.008,"OPERATE_INCOME_QOQ_SQ":-42.302084734742,"NET_PROFIT_RATIO_SQ":-17.9760756555,"HOLDER_PROFIT_SQ":-279300933.28,"HOLDER_PROFIT_QOQ_SQ":-106.613933198302,"ROE_AVG_SQ":-2.16133485415,"PE_TTM_SQ":-76.456449095342,"PB_TTM_SQ":0.128038113621,"ROA_SQ":-0.522683709686,"START_DATE":"2024-01-01 00:00:00","FISCAL_YEAR":"12-31","CURRENCY":"HKD","IS_CNY_CODE":0,"DPS_HKD_LY":0.008,"ORG_TYPE":"一般企业","PREMIUM_INCOME":null,"PREMIUM_INCOME_YOY":null,"NET_INTEREST_INCOME":null,"NET_INTEREST_INCOME_YOY":null,"FEE_COMMISSION_INCOME":null,"FEE_COMMISSION_INCOME_YOY":null,"ACCOUNTS_RECE_TDAYS":2.512689963808,"INVENTORY_TDAYS":0.108011551224,"CURRENT_ASSETS_TDAYS":0.102284424656,"TOTAL_ASSETS_TDAYS":0.051595873082,"PREMIUM_EXPENSE":null,"LOAN_DEPOSIT":null,"LOAN_EQUITY":null,"LOAN_ASSETS":null,"DEPOSIT_EQUITY":null,"DEPOSIT_ASSETS":null,"EQUITY_MULTIPLIER":2.873215612299,"EQUITY_RATIO":2.772294542277},{"SECUCODE":"00563.HK","SECURITY_CODE":"00563","SECURITY_NAME_ABBR":"上实城市开发","ORG_CODE":"10008968","STD_REPORT_DATE":"2023-12-31 00:00:00","REPORT_DATE":"2023-12-31 00:00:00","DATE_TYPE_CODE":"001","REPORT_TYPE":"2023年年报","PER_NETCASH_OPERATE":0.622321415383,"PER_OI":1.504274873314,"BPS":2.656049699699,"BASIC_EPS":0.093521904,"DILUTED_EPS":null,"OPERATE_INCOME":7207707767.12,"OPERATE_INCOME_YOY":-27.8421511788,"GROSS_PROFIT":3013534925.8,"GROSS_PROFIT_YOY":13.571224911959,"HOLDER_PROFIT":448189225.4,"HOLDER_PROFIT_YOY":21.5688395199,"GROSS_PROFIT_RATIO":41.809893286006,"EPS_TTM":0.093538724383,"OPERATE_INCOME_QOQ":26.87450180859,"NET_PROFIT_RATIO":6.1696998439,"ROE_AVG":3.462012849285,"GROSS_PROFIT_QOQ":29.387717880268,"ROA":0.8493168994,"HOLDER_PROFIT_QOQ":1964.71884924955,"ROE_YEARLY":3.462012849285,"ROIC_YEARLY":1.060956506661,"TOTAL_ASSETS":53481678888.4,"TOTAL_LIABILITIES":34896471455.72,"TAX_EBT":73.550104972093,"OCF_SALES":41.370192803356,"TOTAL_PARENT_EQUITY":12697020327.18,"DEBT_ASSET_RATIO":65.2493941496,"OPERATE_PROFIT":2336786141.76,"PRETAX_PROFIT":1681269186.1,"NETCASH_OPERATE":2981842599.96,"NETCASH_INVEST":-626932964.42,"NETCASH_FINANCE":-934942642.9,"END_CASH":5424552266.42,"DIVI_RATIO":0.077505440104,"DIVIDEND_RATE":2.077922077922,"CURRENT_RATIO":1.443024213442,"COMMON_ACS":10000000000,"CURRENTDEBT_DEBT":54.424870479238,"ISSUED_COMMON_SHARES":4780415189,"HK_COMMON_SHARES":4780415189,"PER_SHARES":2000,"TOTAL_MARKET_CAP":1840459847.765,"HKSK_MARKET_CAP":1840459847.765,"PE_TTM":3.252029090905,"PB_TTM":0.138443780313,"REPORT_DATE_SQ":"2022-12-31 00:00:00","REPORT_TYPE_SQ":"2022年年报","OPERATE_INCOME_SQ":9846065001.92,"DPS_HKD":0.008,"OPERATE_INCOME_QOQ_SQ":-10.65139508422,"NET_PROFIT_RATIO_SQ":2.7670774387,"HOLDER_PROFIT_SQ":363402781.21,"HOLDER_PROFIT_QOQ_SQ":-31.577510431923,"ROE_AVG_SQ":2.732725564657,"PE_TTM_SQ":-71.146973463721,"PB_TTM_SQ":0.119146577953,"ROA_SQ":0.629164737851,"START_DATE":"2023-01-01 00:00:00","FISCAL_YEAR":"12-31","CURRENCY":"HKD","IS_CNY_CODE":0,"DPS_HKD_LY":0.021,"ORG_TYPE":"一般企业","PREMIUM_INCOME":null,"PREMIUM_INCOME_YOY":null,"NET_INTEREST_INCOME":null,"NET_INTEREST_INCOME_YOY":null,"FEE_COMMISSION_INCOME":null,"FEE_COMMISSION_INCOME_YOY":null,"ACCOUNTS_RECE_TDAYS":6.597239785019,"INVENTORY_TDAYS":0.204844675184,"CURRENT_ASSETS_TDAYS":0.270336886475,"TOTAL_ASSETS_TDAYS":0.136585791572,"PREMIUM_EXPENSE":null,"LOAN_DEPOSIT":null,"LOAN_EQUITY":null,"LOAN_ASSETS":null,"DEPOSIT_EQUITY":null,"DEPOSIT_ASSETS":null,"EQUITY_MULTIPLIER":2.877647671252,"EQUITY_RATIO":2.748398486928},{"SECUCODE":"00563.HK","SECURITY_CODE":"00563","SECURITY_NAME_ABBR":"上实城市开发","ORG_CODE":"10008968","STD_REPORT_DATE":"2023-06-30 00:00:00","REPORT_DATE":"2023-06-30 00:00:00","DATE_TYPE_CODE":"002","REPORT_TYPE":"2023年中报","PER_NETCASH_OPERATE":0.332335558024,"PER_OI":0.345940270671,"BPS":2.598298754025,"BASIC_EPS":-0.058269136,"DILUTED_EPS":null,"OPERATE_INCOME":1657566991.32,"OPERATE_INCOME_YOY":-73.594710112,"GROSS_PROFIT":711826644.74,"GROSS_PROFIT_YOY":-31.303130191665,"HOLDER_PROFIT":-279300933.28,"HOLDER_PROFIT_YOY":-339.5735796533,"GROSS_PROFIT_RATIO":42.944064913668,"EPS_TTM":-0.005016237403,"OPERATE_INCOME_QOQ":-42.302084734742,"NET_PROFIT_RATIO":-17.9760756555,"ROE_AVG":-2.16133485415,"GROSS_PROFIT_QOQ":-12.224106914804,"ROA":-0.522683709686,"HOLDER_PROFIT_QOQ":-106.613933198302,"ROE_YEARLY":-4.3226697083,"ROIC_YEARLY":-1.300520396409,"TOTAL_ASSETS":53907083585.58,"TOTAL_LIABILITIES":36081560988.74,"TAX_EBT":663.610679967214,"OCF_SALES":96.067323234514,"TOTAL_PARENT_EQUITY":12420946829.3,"DEBT_ASSET_RATIO":66.9328752157,"OPERATE_PROFIT":405807653.04,"PRETAX_PROFIT":52867255.18,"NETCASH_OPERATE":1592380239.38,"NETCASH_INVEST":-247073122.38,"NETCASH_FINANCE":417959349.44,"END_CASH":5652936895.98,"DIVI_RATIO":-1.445258550804,"DIVIDEND_RATE":2.077922077922,"CURRENT_RATIO":1.394222268185,"COMMON_ACS":10000000000,"CURRENTDEBT_DEBT":55.891019728369,"ISSUED_COMMON_SHARES":4780415189,"HK_COMMON_SHARES":4780415189,"PER_SHARES":2000,"TOTAL_MARKET_CAP":1840459847.765,"HKSK_MARKET_CAP":1840459847.765,"PE_TTM":3.252029090905,"PB_TTM":0.138443780313,"REPORT_DATE_SQ":"2022-06-30 00:00:00","REPORT_TYPE_SQ":"2022年中报","OPERATE_INCOME_SQ":5822657751.47,"DPS_HKD":0.008,"OPERATE_INCOME_QOQ_SQ":22.361859676987,"NET_PROFIT_RATIO_SQ":1.1882596353,"HOLDER_PROFIT_SQ":108137065.12,"HOLDER_PROFIT_QOQ_SQ":13.501995889292,"ROE_AVG_SQ":0.856953668909,"PE_TTM_SQ":-71.146973463721,"PB_TTM_SQ":0.119146577953,"ROA_SQ":0.190688124097,"START_DATE":"2023-01-01 00:00:00","FISCAL_YEAR":"12-31","CURRENCY":"HKD","IS_CNY_CODE":0,"DPS_HKD_LY":0.021,"ORG_TYPE":"一般企业","PREMIUM_INCOME":null,"PREMIUM_INCOME_YOY":null,"NET_INTEREST_INCOME":null,"NET_INTEREST_INCOME_YOY":null,"FEE_COMMISSION_INCOME":null,"FEE_COMMISSION_INCOME_YOY":null,"ACCOUNTS_RECE_TDAYS":1.5228305919,"INVENTORY_TDAYS":0.045388537172,"CURRENT_ASSETS_TDAYS":0.060845377704,"TOTAL_ASSETS_TDAYS":0.031019705301,"PREMIUM_EXPENSE":null,"LOAN_DEPOSIT":null,"LOAN_EQUITY":null,"LOAN_ASSETS":null,"DEPOSIT_EQUITY":null,"DEPOSIT_ASSETS":null,"EQUITY_MULTIPLIER":3.02415165069,"EQUITY_RATIO":2.904896179382},{"SECUCODE":"00563.HK","SECURITY_CODE":"00563","SECURITY_NAME_ABBR":"上实城市开发","ORG_CODE":"10008968","STD_REPORT_DATE":"2022-12-31 00:00:00","REPORT_DATE":"2022-12-31 00:00:00","DATE_TYPE_CODE":"001","REPORT_TYPE":"2022年年报","PER_NETCASH_OPERATE":-0.941151641108,"PER_OI":2.05396913762,"BPS":2.720737166533,"BASIC_EPS":0.075659969,"DILUTED_EPS":null,"OPERATE_INCOME":9846065001.92,"OPERATE_INCOME_YOY":0.0672532076,"GROSS_PROFIT":2653431736.9,"GROSS_PROFIT_YOY":-8.686508400476,"HOLDER_PROFIT":363402781.21,"HOLDER_PROFIT_YOY":-28.917858291,"GROSS_PROFIT_RATIO":26.94915924669,"EPS_TTM":0.075808772031,"OPERATE_INCOME_QOQ":-10.65139508422,"NET_PROFIT_RATIO":2.7670774387,"ROE_AVG":2.732725564657,"GROSS_PROFIT_QOQ":10.330511817534,"ROA":0.629164737851,"HOLDER_PROFIT_QOQ":-31.577510431923,"ROE_YEARLY":2.732725564657,"ROIC_YEARLY":0.839167059093,"TOTAL_ASSETS":51315491423.49,"TOTAL_LIABILITIES":32707539297.51,"TAX_EBT":73.560916748368,"OCF_SALES":-45.821118918982,"TOTAL_PARENT_EQUITY":13006253276.17,"DEBT_ASSET_RATIO":63.7381390886,"OPERATE_PROFIT":1897318879.05,"PRETAX_PROFIT":1030475378.73,"NETCASH_OPERATE":-4511577153.37,"NETCASH_INVEST":-547720113.01,"NETCASH_FINANCE":-2773997282.07,"END_CASH":3999707538.54,"DIVI_RATIO":0.095632204635,"DIVIDEND_RATE":2.5,"CURRENT_RATIO":1.100207111673,"COMMON_ACS":10000000000,"CURRENTDEBT_DEBT":70.993603175791,"ISSUED_COMMON_SHARES":4780415189,"HK_COMMON_SHARES":4780415189,"PER_SHARES":2000,"TOTAL_MARKET_CAP":1529732860.48,"HKSK_MARKET_CAP":1529732860.48,"PE_TTM":2.702985218415,"PB_TTM":0.115070155066,"REPORT_DATE_SQ":"2021-12-31 00:00:00","REPORT_TYPE_SQ":"2021年年报","OPERATE_INCOME_SQ":9005935948.8,"DPS_HKD":0.008,"OPERATE_INCOME_QOQ_SQ":43.849637406387,"NET_PROFIT_RATIO_SQ":8.1586638255,"HOLDER_PROFIT_SQ":467935372.8,"HOLDER_PROFIT_QOQ_SQ":35.191481284898,"ROE_AVG_SQ":3.869667352339,"PE_TTM_SQ":-70.085078337396,"PB_TTM_SQ":0.11736827082,"ROA_SQ":0.821715628142,"START_DATE":"2022-01-01 00:00:00","FISCAL_YEAR":"12-31","CURRENCY":"HKD","IS_CNY_CODE":0,"DPS_HKD_LY":0.024,"ORG_TYPE":"一般企业","PREMIUM_INCOME":null,"PREMIUM_INCOME_YOY":null,"NET_INTEREST_INCOME":null,"NET_INTEREST_INCOME_YOY":null,"FEE_COMMISSION_INCOME":null,"FEE_COMMISSION_INCOME_YOY":null,"ACCOUNTS_RECE_TDAYS":3.9712327363,"INVENTORY_TDAYS":0.34116061815,"CURRENT_ASSETS_TDAYS":0.305276199382,"TOTAL_ASSETS_TDAYS":0.170466414296,"PREMIUM_EXPENSE":null,"LOAN_DEPOSIT":null,"LOAN_EQUITY":null,"LOAN_ASSETS":null,"DEPOSIT_EQUITY":null,"DEPOSIT_ASSETS":null,"EQUITY_MULTIPLIER":2.757718370944,"EQUITY_RATIO":2.514754910812},{"SECUCODE":"00563.HK","SECURITY_CODE":"00563","SECURITY_NAME_ABBR":"上实城市开发","ORG_CODE":"10008968","STD_REPORT_DATE":"2022-06-30 00:00:00","REPORT_DATE":"2022-06-30 00:00:00","DATE_TYPE_CODE":"002","REPORT_TYPE":"2022年中报","PER_NETCASH_OPERATE":-0.59254187446,"PER_OI":1.211457807248,"BPS":2.557683513291,"BASIC_EPS":0.022491497,"DILUTED_EPS":null,"OPERATE_INCOME":5822657751.47,"OPERATE_INCOME_YOY":48.7441123782,"GROSS_PROFIT":1036184977.17,"GROSS_PROFIT_YOY":-32.586078769114,"HOLDER_PROFIT":108137065.12,"HOLDER_PROFIT_YOY":134.0372762776,"GROSS_PROFIT_RATIO":17.795739014686,"EPS_TTM":0.110503594268,"OPERATE_INCOME_QOQ":22.361859676987,"NET_PROFIT_RATIO":1.1882596353,"ROE_AVG":0.856953668909,"GROSS_PROFIT_QOQ":-17.236410766825,"ROA":0.190688124097,"HOLDER_PROFIT_QOQ":13.501995889292,"ROE_YEARLY":1.713907337818,"ROIC_YEARLY":0.532082314878,"TOTAL_ASSETS":51951089816.71,"TOTAL_LIABILITIES":33616594439.61,"TAX_EBT":82.77311461168,"OCF_SALES":-48.911474334053,"TOTAL_PARENT_EQUITY":12226789115.59,"DEBT_ASSET_RATIO":64.7081602296,"OPERATE_PROFIT":787458952,"PRETAX_PROFIT":401629721.22,"NETCASH_OPERATE":-2847947751.67,"NETCASH_INVEST":-89517013.25,"NETCASH_FINANCE":-1024730562.31,"END_CASH":7532244135.15,"DIVI_RATIO":0.065606553778,"DIVIDEND_RATE":2.077922077922,"CURRENT_RATIO":1.236394842286,"COMMON_ACS":10000000000,"CURRENTDEBT_DEBT":69.414770729259,"ISSUED_COMMON_SHARES":4780415189,"HK_COMMON_SHARES":4780415189,"PER_SHARES":2000,"TOTAL_MARKET_CAP":1840459847.765,"HKSK_MARKET_CAP":1840459847.765,"PE_TTM":3.252029090905,"PB_TTM":0.138443780313,"REPORT_DATE_SQ":"2021-06-30 00:00:00","REPORT_TYPE_SQ":"2021年中报","OPERATE_INCOME_SQ":3808762992,"DPS_HKD":0.008,"OPERATE_INCOME_QOQ_SQ":17.019924270558,"NET_PROFIT_RATIO_SQ":4.5271114607,"HOLDER_PROFIT_SQ":44956450.32,"HOLDER_PROFIT_QOQ_SQ":-21.180216315391,"ROE_AVG_SQ":0.375768760575,"PE_TTM_SQ":-71.146973463721,"PB_TTM_SQ":0.119146577953,"ROA_SQ":0.0776050375,"START_DATE":"2022-01-01 00:00:00","FISCAL_YEAR":"12-31","CURRENCY":"HKD","IS_CNY_CODE":0,"DPS_HKD_LY":0.024,"ORG_TYPE":"一般企业","PREMIUM_INCOME":null,"PREMIUM_INCOME_YOY":null,"NET_INTEREST_INCOME":null,"NET_INTEREST_INCOME_YOY":null,"FEE_COMMISSION_INCOME":null,"FEE_COMMISSION_INCOME_YOY":null,"ACCOUNTS_RECE_TDAYS":2.161753364497,"INVENTORY_TDAYS":0.23772833957,"CURRENT_ASSETS_TDAYS":0.176046292904,"TOTAL_ASSETS_TDAYS":0.102676328663,"PREMIUM_EXPENSE":null,"LOAN_DEPOSIT":null,"LOAN_EQUITY":null,"LOAN_ASSETS":null,"DEPOSIT_EQUITY":null,"DEPOSIT_ASSETS":null,"EQUITY_MULTIPLIER":2.833516208012,"EQUITY_RATIO":2.749421301194},{"SECUCODE":"00563.HK","SECURITY_CODE":"00563","SECURITY_NAME_ABBR":"上实城市开发","ORG_CODE":"10008968","STD_REPORT_DATE":"2021-12-31 00:00:00","REPORT_DATE":"2021-12-31 00:00:00","DATE_TYPE_CODE":"001","REPORT_TYPE":"2021年年报","PER_NETCASH_OPERATE":-0.227670128406,"PER_OI":1.873768282876,"BPS":2.602048713723,"BASIC_EPS":0.09737616,"DILUTED_EPS":null,"OPERATE_INCOME":9005935948.8,"OPERATE_INCOME_YOY":73.2822462863,"GROSS_PROFIT":2905848512,"GROSS_PROFIT_YOY":57.123819489132,"HOLDER_PROFIT":467935372.8,"HOLDER_PROFIT_YOY":9.6907611664,"GROSS_PROFIT_RATIO":32.265924702553,"EPS_TTM":0.097358282912,"OPERATE_INCOME_QOQ":43.849637406387,"NET_PROFIT_RATIO":8.1586638255,"ROE_AVG":3.869667352339,"GROSS_PROFIT_QOQ":39.822521782816,"ROA":0.821715628142,"HOLDER_PROFIT_QOQ":35.191481284898,"ROE_YEARLY":3.869667352339,"ROIC_YEARLY":1.180195157776,"TOTAL_ASSETS":58764859372.8,"TOTAL_LIABILITIES":40196000745.6,"TAX_EBT":75.455462629205,"OCF_SALES":-12.150388630577,"TOTAL_PARENT_EQUITY":12438873193.6,"DEBT_ASSET_RATIO":68.4014242093,"OPERATE_PROFIT":3590543544,"PRETAX_PROFIT":2993594979.2,"NETCASH_OPERATE":-1094256217.6,"NETCASH_INVEST":2763417686.4,"NETCASH_FINANCE":1924717065.6,"END_CASH":11541822913.6,"DIVI_RATIO":0.074464747972,"DIVIDEND_RATE":2.077922077922,"CURRENT_RATIO":1.199597804801,"COMMON_ACS":10000000000,"CURRENTDEBT_DEBT":73.951290111999,"ISSUED_COMMON_SHARES":4780415189,"HK_COMMON_SHARES":4780415189,"PER_SHARES":2000,"TOTAL_MARKET_CAP":1840459847.765,"HKSK_MARKET_CAP":1840459847.765,"PE_TTM":3.252029090905,"PB_TTM":0.138443780313,"REPORT_DATE_SQ":"2020-12-31 00:00:00","REPORT_TYPE_SQ":"2020年年报","OPERATE_INCOME_SQ":5350079920.48,"DPS_HKD":0.008,"OPERATE_INCOME_QOQ_SQ":-18.17088641004,"NET_PROFIT_RATIO_SQ":11.656366825,"HOLDER_PROFIT_SQ":439138294.6,"HOLDER_PROFIT_QOQ_SQ":9.128317059839,"ROE_AVG_SQ":3.778731109966,"PE_TTM_SQ":-71.146973463721,"PB_TTM_SQ":0.119146577953,"ROA_SQ":0.81608702067,"START_DATE":"2021-01-01 00:00:00","FISCAL_YEAR":"12-31","CURRENCY":"HKD","IS_CNY_CODE":0,"DPS_HKD_LY":0.024,"ORG_TYPE":"一般企业","PREMIUM_INCOME":null,"PREMIUM_INCOME_YOY":null,"NET_INTEREST_INCOME":null,"NET_INTEREST_INCOME_YOY":null,"FEE_COMMISSION_INCOME":null,"FEE_COMMISSION_INCOME_YOY":null,"ACCOUNTS_RECE_TDAYS":3.811747216218,"INVENTORY_TDAYS":0.276979336013,"CURRENT_ASSETS_TDAYS":0.261966614875,"TOTAL_ASSETS_TDAYS":0.158148298789,"PREMIUM_EXPENSE":null,"LOAN_DEPOSIT":null,"LOAN_EQUITY":null,"LOAN_ASSETS":null,"DEPOSIT_EQUITY":null,"DEPOSIT_ASSETS":null,"EQUITY_MULTIPLIER":3.164699594766,"EQUITY_RATIO":3.231482475943},{"SECUCODE":"00563.HK","SECURITY_CODE":"00563","SECURITY_NAME_ABBR":"上实城市开发","ORG_CODE":"10008968","STD_REPORT_DATE":"2021-06-30 00:00:00","REPORT_DATE":"2021-06-30 00:00:00","DATE_TYPE_CODE":"002","REPORT_TYPE":"2021年中报","PER_NETCASH_OPERATE":-0.407114422284,"PER_OI":0.792448373159,"BPS":2.504758233191,"BASIC_EPS":0.009319296,"DILUTED_EPS":null,"OPERATE_INCOME":3808762992,"OPERATE_INCOME_YOY":44.2689995628,"GROSS_PROFIT":1537048962.96,"GROSS_PROFIT_YOY":17.492644367979,"HOLDER_PROFIT":44956450.32,"HOLDER_PROFIT_YOY":-64.2289179759,"GROSS_PROFIT_RATIO":40.355594879189,"EPS_TTM":0.072015101829,"OPERATE_INCOME_QOQ":17.019924270558,"NET_PROFIT_RATIO":4.5271114607,"ROE_AVG":0.375768760575,"GROSS_PROFIT_QOQ":12.373756019928,"ROA":0.0776050375,"HOLDER_PROFIT_QOQ":-21.180216315391,"ROE_YEARLY":0.75153752115,"ROIC_YEARLY":0.219992772027,"TOTAL_ASSETS":59755860979.44,"TOTAL_LIABILITIES":38407820960.64,"TAX_EBT":84.282136350328,"OCF_SALES":-51.37425175864,"TOTAL_PARENT_EQUITY":11973784302.72,"DEBT_ASSET_RATIO":64.2745670987,"OPERATE_PROFIT":1386685450.32,"PRETAX_PROFIT":1097012607.84,"NETCASH_OPERATE":-1956723488.4,"NETCASH_INVEST":-379900269.36,"NETCASH_FINANCE":1897746490.08,"END_CASH":7521456523.44,"DIVI_RATIO":0.100669995818,"DIVIDEND_RATE":2.077922077922,"CURRENT_RATIO":1.634961873685,"COMMON_ACS":10000000000,"CURRENTDEBT_DEBT":58.643693745298,"ISSUED_COMMON_SHARES":4780415189,"HK_COMMON_SHARES":4780415189,"PER_SHARES":2000,"TOTAL_MARKET_CAP":1840459847.765,"HKSK_MARKET_CAP":1840459847.765,"PE_TTM":3.252029090905,"PB_TTM":0.138443780313,"REPORT_DATE_SQ":"2020-06-30 00:00:00","REPORT_TYPE_SQ":"2020年中报","OPERATE_INCOME_SQ":2898183441.12,"DPS_HKD":0.008,"OPERATE_INCOME_QOQ_SQ":-14.971188639229,"NET_PROFIT_RATIO_SQ":11.1910434336,"HOLDER_PROFIT_SQ":137966891.04,"HOLDER_PROFIT_QOQ_SQ":-25.165831777433,"ROE_AVG_SQ":1.15238263489,"PE_TTM_SQ":-71.146973463721,"PB_TTM_SQ":0.119146577953,"ROA_SQ":0.250814194209,"START_DATE":"2021-01-01 00:00:00","FISCAL_YEAR":"12-31","CURRENCY":"HKD","IS_CNY_CODE":0,"DPS_HKD_LY":0.024,"ORG_TYPE":"一般企业","PREMIUM_INCOME":null,"PREMIUM_INCOME_YOY":null,"NET_INTEREST_INCOME":null,"NET_INTEREST_INCOME_YOY":null,"FEE_COMMISSION_INCOME":null,"FEE_COMMISSION_INCOME_YOY":null,"ACCOUNTS_RECE_TDAYS":4.140436919484,"INVENTORY_TDAYS":0.08671649889,"CURRENT_ASSETS_TDAYS":0.108035553171,"TOTAL_ASSETS_TDAYS":0.0657478944,"PREMIUM_EXPENSE":null,"LOAN_DEPOSIT":null,"LOAN_EQUITY":null,"LOAN_ASSETS":null,"DEPOSIT_EQUITY":null,"DEPOSIT_ASSETS":null,"EQUITY_MULTIPLIER":2.799126333228,"EQUITY_RATIO":3.207659332223},{"SECUCODE":"00563.HK","SECURITY_CODE":"00563","SECURITY_NAME_ABBR":"上实城市开发","ORG_CODE":"10008968","STD_REPORT_DATE":"2020-12-31 00:00:00","REPORT_DATE":"2020-12-31 00:00:00","DATE_TYPE_CODE":"001","REPORT_TYPE":"2020年年报","PER_NETCASH_OPERATE":0.568859425196,"PER_OI":1.113133617965,"BPS":2.529336541868,"BASIC_EPS":0.091402104,"DILUTED_EPS":0.091402104,"OPERATE_INCOME":5350079920.48,"OPERATE_INCOME_YOY":-25.9459271805,"GROSS_PROFIT":1849400378.28,"GROSS_PROFIT_YOY":-43.842499716576,"HOLDER_PROFIT":439138294.6,"HOLDER_PROFIT_YOY":-13.0814670194,"GROSS_PROFIT_RATIO":34.567714983108,"EPS_TTM":0.091366784407,"OPERATE_INCOME_QOQ":-18.17088641004,"NET_PROFIT_RATIO":11.656366825,"ROE_AVG":3.778731109966,"GROSS_PROFIT_QOQ":-35.690089950339,"ROA":0.81608702067,"HOLDER_PROFIT_QOQ":9.128317059839,"ROE_YEARLY":3.778731109966,"ROIC_YEARLY":1.192220211583,"TOTAL_ASSETS":56748349625.52,"TOTAL_LIABILITIES":35275199467.84,"TAX_EBT":60.085908348268,"OCF_SALES":51.10432530426,"TOTAL_PARENT_EQUITY":12091278822.84,"DEBT_ASSET_RATIO":62.1607495207,"OPERATE_PROFIT":1868461841,"PRETAX_PROFIT":1562417971.08,"NETCASH_OPERATE":2734122246.6,"NETCASH_INVEST":-1182525241,"NETCASH_FINANCE":-1641243448.56,"END_CASH":8038220007.32,"DIVI_RATIO":0.079347872939,"DIVIDEND_RATE":2.077922077922,"CURRENT_RATIO":1.654737011118,"COMMON_ACS":10000000000,"CURRENTDEBT_DEBT":58.369464199378,"ISSUED_COMMON_SHARES":4780415189,"HK_COMMON_SHARES":4780415189,"PER_SHARES":2000,"TOTAL_MARKET_CAP":1840459847.765,"HKSK_MARKET_CAP":1840459847.765,"PE_TTM":3.252029090905,"PB_TTM":0.138443780313,"REPORT_DATE_SQ":"2019-12-31 00:00:00","REPORT_TYPE_SQ":"2019年年报","OPERATE_INCOME_SQ":7689291316.68,"DPS_HKD":0.008,"OPERATE_INCOME_QOQ_SQ":11.008836059521,"NET_PROFIT_RATIO_SQ":14.2091257756,"HOLDER_PROFIT_SQ":537729567.76,"HOLDER_PROFIT_QOQ_SQ":-4.126196959411,"ROE_AVG_SQ":4.563180616524,"PE_TTM_SQ":-71.146973463721,"PB_TTM_SQ":0.119146577953,"ROA_SQ":1.005225458639,"START_DATE":"2020-01-01 00:00:00","FISCAL_YEAR":"12-31","CURRENCY":"HKD","IS_CNY_CODE":0,"DPS_HKD_LY":0.023,"ORG_TYPE":"一般企业","PREMIUM_INCOME":null,"PREMIUM_INCOME_YOY":null,"NET_INTEREST_INCOME":null,"NET_INTEREST_INCOME_YOY":null,"FEE_COMMISSION_INCOME":null,"FEE_COMMISSION_INCOME_YOY":null,"ACCOUNTS_RECE_TDAYS":6.0860430627,"INVENTORY_TDAYS":0.14294170363,"CURRENT_ASSETS_TDAYS":0.158149137715,"TOTAL_ASSETS_TDAYS":0.099424961028,"PREMIUM_EXPENSE":null,"LOAN_DEPOSIT":null,"LOAN_EQUITY":null,"LOAN_ASSETS":null,"DEPOSIT_EQUITY":null,"DEPOSIT_ASSETS":null,"EQUITY_MULTIPLIER":2.642758477859,"EQUITY_RATIO":2.917408487943},{"SECUCODE":"00563.HK","SECURITY_CODE":"00563","SECURITY_NAME_ABBR":"上实城市开发","ORG_CODE":"10008968","STD_REPORT_DATE":"2020-06-30 00:00:00","REPORT_DATE":"2020-06-30 00:00:00","DATE_TYPE_CODE":"002","REPORT_TYPE":"2020年中报","PER_NETCASH_OPERATE":-0.041595594932,"PER_OI":0.602993874351,"BPS":2.477182403547,"BASIC_EPS":0.028682016,"DILUTED_EPS":0.028682016,"OPERATE_INCOME":2898183441.12,"OPERATE_INCOME_YOY":-31.0754224228,"GROSS_PROFIT":1308208672.32,"GROSS_PROFIT_YOY":-24.191895021067,"HOLDER_PROFIT":137966891.04,"HOLDER_PROFIT_YOY":-51.3834259265,"GROSS_PROFIT_RATIO":45.138918874453,"EPS_TTM":0.083724176152,"OPERATE_INCOME_QOQ":-14.971188639229,"NET_PROFIT_RATIO":11.1910434336,"ROE_AVG":1.15238263489,"GROSS_PROFIT_QOQ":-12.67675504435,"ROA":0.250814194209,"HOLDER_PROFIT_QOQ":-25.165831777433,"ROE_YEARLY":2.304765269779,"ROIC_YEARLY":0.729826444009,"TOTAL_ASSETS":54803228536.32,"TOTAL_LIABILITIES":33576243048.48,"TAX_EBT":66.195692014757,"OCF_SALES":-6.89817868819,"TOTAL_PARENT_EQUITY":11841960387.84,"DEBT_ASSET_RATIO":61.2669069784,"OPERATE_PROFIT":1253920192.8,"PRETAX_PROFIT":959454540,"NETCASH_OPERATE":-199921872.48,"NETCASH_INVEST":-1003368168,"NETCASH_FINANCE":87049005.12,"END_CASH":7070435734.56,"DIVI_RATIO":0.086590998361,"DIVIDEND_RATE":2.077922077922,"CURRENT_RATIO":1.780934252778,"COMMON_ACS":10000000000,"CURRENTDEBT_DEBT":55.660244131233,"ISSUED_COMMON_SHARES":4780415189,"HK_COMMON_SHARES":4780415189,"PER_SHARES":2000,"TOTAL_MARKET_CAP":1840459847.765,"HKSK_MARKET_CAP":1840459847.765,"PE_TTM":3.252029090905,"PB_TTM":0.138443780313,"REPORT_DATE_SQ":"2019-06-30 00:00:00","REPORT_TYPE_SQ":"2019年中报","OPERATE_INCOME_SQ":4049361749.16,"DPS_HKD":0.008,"OPERATE_INCOME_QOQ_SQ":13.295922951312,"NET_PROFIT_RATIO_SQ":16.6219381378,"HOLDER_PROFIT_SQ":273291009.48,"HOLDER_PROFIT_QOQ_SQ":11.699186031417,"ROE_AVG_SQ":2.368090063005,"PE_TTM_SQ":-71.146973463721,"PB_TTM_SQ":0.119146577953,"ROA_SQ":0.518326582167,"START_DATE":"2020-01-01 00:00:00","FISCAL_YEAR":"12-31","CURRENCY":"HKD","IS_CNY_CODE":0,"DPS_HKD_LY":0.023,"ORG_TYPE":"一般企业","PREMIUM_INCOME":null,"PREMIUM_INCOME_YOY":null,"NET_INTEREST_INCOME":null,"NET_INTEREST_INCOME_YOY":null,"FEE_COMMISSION_INCOME":null,"FEE_COMMISSION_INCOME_YOY":null,"ACCOUNTS_RECE_TDAYS":4.45235691287,"INVENTORY_TDAYS":0.061672688657,"CURRENT_ASSETS_TDAYS":0.083118382741,"TOTAL_ASSETS_TDAYS":0.05268695547,"PREMIUM_EXPENSE":null,"LOAN_DEPOSIT":null,"LOAN_EQUITY":null,"LOAN_ASSETS":null,"DEPOSIT_EQUITY":null,"DEPOSIT_ASSETS":null,"EQUITY_MULTIPLIER":2.58177161179,"EQUITY_RATIO":2.835361878339}],"count":48},"success":true,"message":"ok","code":0}