{"version":"973c8c56df94016831bf8496bff0e0eb","result":{"pages":7,"data":[{"SECUCODE":"00564.HK","SECURITY_CODE":"00564","SECURITY_NAME_ABBR":"郑煤机","ORG_CODE":"10127465","STD_REPORT_DATE":"2024-09-30 00:00:00","REPORT_DATE":"2024-09-30 00:00:00","DATE_TYPE_CODE":"004","REPORT_TYPE":"2024年三季报","PER_NETCASH_OPERATE":1.318348513378,"PER_OI":15.592790622441,"BPS":12.321516140857,"BASIC_EPS":1.721,"DILUTED_EPS":1.715,"OPERATE_INCOME":27839367285.81,"OPERATE_INCOME_YOY":2.1971644886,"GROSS_PROFIT":6688347727.56,"GROSS_PROFIT_YOY":14.649340305389,"HOLDER_PROFIT":3058686770.04,"HOLDER_PROFIT_YOY":23.968856496,"GROSS_PROFIT_RATIO":24.024783533673,"EPS_TTM":2.180306016899,"OPERATE_INCOME_QOQ":-0.355355162529,"NET_PROFIT_RATIO":11.9092169168,"ROE_AVG":14.435582720471,"GROSS_PROFIT_QOQ":3.970892941477,"ROA":6.220637706173,"HOLDER_PROFIT_QOQ":3.257918647932,"ROE_YEARLY":19.247443627295,"ROIC_YEARLY":7.269008126284,"TOTAL_ASSETS":48952955597.94,"TOTAL_LIABILITIES":25325690585.55,"TAX_EBT":17.204776081506,"OCF_SALES":8.454859334033,"TOTAL_PARENT_EQUITY":21998834055.38,"DEBT_ASSET_RATIO":51.7347528381,"OPERATE_PROFIT":4155985289.46,"PRETAX_PROFIT":4004398419.87,"NETCASH_OPERATE":2353779343.5,"NETCASH_INVEST":-628502141.03,"NETCASH_FINANCE":-3238918326.53,"END_CASH":2962838287.95,"DIVI_RATIO":0.383590649293,"DIVIDEND_RATE":9.369482233503,"CURRENT_RATIO":1.852904798123,"COMMON_ACS":null,"CURRENTDEBT_DEBT":76.921712444063,"ISSUED_COMMON_SHARES":1785399930,"HK_COMMON_SHARES":243234200,"PER_SHARES":200,"TOTAL_MARKET_CAP":17586189310.5,"HKSK_MARKET_CAP":2395856870,"PE_TTM":4.046532648012,"PB_TTM":0.720904099662,"REPORT_DATE_SQ":"2023-09-30 00:00:00","REPORT_TYPE_SQ":"2023年三季报","OPERATE_INCOME_SQ":27240841196.65,"DPS_HKD":0.922894,"OPERATE_INCOME_QOQ_SQ":2.254596004282,"NET_PROFIT_RATIO_SQ":9.6914734271,"HOLDER_PROFIT_SQ":2467302560.09,"HOLDER_PROFIT_QOQ_SQ":9.484497214483,"ROE_AVG_SQ":13.221873251356,"PE_TTM_SQ":5.025597826312,"PB_TTM_SQ":0.794283813239,"ROA_SQ":5.308555538023,"START_DATE":"2024-01-01 00:00:00","FISCAL_YEAR":"12-31","CURRENCY":"HKD","IS_CNY_CODE":0,"DPS_HKD_LY":0.922894,"ORG_TYPE":"一般企业","PREMIUM_INCOME":null,"PREMIUM_INCOME_YOY":null,"NET_INTEREST_INCOME":null,"NET_INTEREST_INCOME_YOY":null,"FEE_COMMISSION_INCOME":null,"FEE_COMMISSION_INCOME_YOY":null,"ACCOUNTS_RECE_TDAYS":2.306095534305,"INVENTORY_TDAYS":2.292303010863,"CURRENT_ASSETS_TDAYS":0.764737476932,"TOTAL_ASSETS_TDAYS":0.566186180129,"PREMIUM_EXPENSE":null,"LOAN_DEPOSIT":null,"LOAN_EQUITY":null,"LOAN_ASSETS":null,"DEPOSIT_EQUITY":null,"DEPOSIT_ASSETS":null,"EQUITY_MULTIPLIER":2.071884137764,"EQUITY_RATIO":1.151228766115},{"SECUCODE":"00564.HK","SECURITY_CODE":"00564","SECURITY_NAME_ABBR":"郑煤机","ORG_CODE":"10127465","STD_REPORT_DATE":"2024-06-30 00:00:00","REPORT_DATE":"2024-06-30 00:00:00","DATE_TYPE_CODE":"002","REPORT_TYPE":"2024年中报","PER_NETCASH_OPERATE":0.743906907651,"PER_OI":10.61498928785,"BPS":11.759939970424,"BASIC_EPS":1.23,"DILUTED_EPS":1.22,"OPERATE_INCOME":18953466000,"OPERATE_INCOME_YOY":4.0089860501,"GROSS_PROFIT":4524116000,"GROSS_PROFIT_YOY":13.049710111393,"HOLDER_PROFIT":2174797000,"HOLDER_PROFIT_YOY":27.4618999867,"GROSS_PROFIT_RATIO":23.869597254666,"EPS_TTM":2.111351395375,"OPERATE_INCOME_QOQ":0.749867417665,"NET_PROFIT_RATIO":12.4032775852,"ROE_AVG":10.51276431158,"GROSS_PROFIT_QOQ":1.758305539144,"ROA":4.389772490159,"HOLDER_PROFIT_QOQ":5.884546989348,"ROE_YEARLY":21.025528623161,"ROIC_YEARLY":10.462559243758,"TOTAL_ASSETS":49697706000,"TOTAL_LIABILITIES":27119748000,"TAX_EBT":17.124601945492,"OCF_SALES":7.008079683157,"TOTAL_PARENT_EQUITY":20996196000,"DEBT_ASSET_RATIO":54.5694161417,"OPERATE_PROFIT":3085071000,"PRETAX_PROFIT":2836609000,"NETCASH_OPERATE":1328274000,"NETCASH_INVEST":-772783000,"NETCASH_FINANCE":-1289619000,"END_CASH":3976501000,"DIVI_RATIO":0.396118335637,"DIVIDEND_RATE":9.01263671875,"CURRENT_RATIO":1.795938057829,"COMMON_ACS":null,"CURRENTDEBT_DEBT":75.575045903819,"ISSUED_COMMON_SHARES":1785399930,"HK_COMMON_SHARES":243234200,"PER_SHARES":200,"TOTAL_MARKET_CAP":18282495283.2,"HKSK_MARKET_CAP":2490718208,"PE_TTM":4.206750691944,"PB_TTM":0.749447510715,"REPORT_DATE_SQ":"2023-06-30 00:00:00","REPORT_TYPE_SQ":"2023年中报","OPERATE_INCOME_SQ":18222912000,"DPS_HKD":0.922894,"OPERATE_INCOME_QOQ_SQ":4.719255646513,"NET_PROFIT_RATIO_SQ":10.0761832137,"HOLDER_PROFIT_SQ":1706233000,"HOLDER_PROFIT_QOQ_SQ":5.31745904522,"ROE_AVG_SQ":9.34097498852,"PE_TTM_SQ":4.12354507549,"PB_TTM_SQ":0.651716516088,"ROA_SQ":3.699398727075,"START_DATE":"2024-01-01 00:00:00","FISCAL_YEAR":"12-31","CURRENCY":"HKD","IS_CNY_CODE":0,"DPS_HKD_LY":0.922894,"ORG_TYPE":"一般企业","PREMIUM_INCOME":null,"PREMIUM_INCOME_YOY":null,"NET_INTEREST_INCOME":null,"NET_INTEREST_INCOME_YOY":null,"FEE_COMMISSION_INCOME":null,"FEE_COMMISSION_INCOME_YOY":null,"ACCOUNTS_RECE_TDAYS":1.585534729638,"INVENTORY_TDAYS":1.598975678628,"CURRENT_ASSETS_TDAYS":0.515597403709,"TOTAL_ASSETS_TDAYS":0.382570895766,"PREMIUM_EXPENSE":null,"LOAN_DEPOSIT":null,"LOAN_EQUITY":null,"LOAN_ASSETS":null,"DEPOSIT_EQUITY":null,"DEPOSIT_ASSETS":null,"EQUITY_MULTIPLIER":2.201160352944,"EQUITY_RATIO":1.291650544699},{"SECUCODE":"00564.HK","SECURITY_CODE":"00564","SECURITY_NAME_ABBR":"郑煤机","ORG_CODE":"10127465","STD_REPORT_DATE":"2024-03-31 00:00:00","REPORT_DATE":"2024-03-31 00:00:00","DATE_TYPE_CODE":"003","REPORT_TYPE":"2024年一季报","PER_NETCASH_OPERATE":0.153578930916,"PER_OI":5.412916189285,"BPS":11.983655779649,"BASIC_EPS":0.588,"DILUTED_EPS":0.585,"OPERATE_INCOME":9664967167.88,"OPERATE_INCOME_YOY":4.9291740416,"GROSS_PROFIT":2309230119.38,"GROSS_PROFIT_YOY":19.54848626876,"HOLDER_PROFIT":1042121391.17,"HOLDER_PROFIT_YOY":33.0815206073,"GROSS_PROFIT_RATIO":23.892788038167,"EPS_TTM":1.994012776564,"OPERATE_INCOME_QOQ":1.246521442741,"NET_PROFIT_RATIO":12.1371958162,"ROE_AVG":4.989350442781,"GROSS_PROFIT_QOQ":4.811498057262,"ROA":2.110882270884,"HOLDER_PROFIT_QOQ":7.846871763354,"ROE_YEARLY":19.957401771122,"ROIC_YEARLY":10.014649296467,"TOTAL_ASSETS":49350973690.94,"TOTAL_LIABILITIES":26319714093.04,"TAX_EBT":15.836743707992,"OCF_SALES":2.837267852408,"TOTAL_PARENT_EQUITY":21395618190.13,"DEBT_ASSET_RATIO":53.3317017368,"OPERATE_PROFIT":1444465396.55,"PRETAX_PROFIT":1393786365.24,"NETCASH_OPERATE":274221006.4,"NETCASH_INVEST":-87041791.03,"NETCASH_FINANCE":-340522642.09,"END_CASH":4313405470.91,"DIVI_RATIO":0.419428105231,"DIVIDEND_RATE":9.01263671875,"CURRENT_RATIO":2.071596295636,"COMMON_ACS":null,"CURRENTDEBT_DEBT":68.683086585429,"ISSUED_COMMON_SHARES":1785399930,"HK_COMMON_SHARES":243234200,"PER_SHARES":200,"TOTAL_MARKET_CAP":18282495283.2,"HKSK_MARKET_CAP":2490718208,"PE_TTM":4.206750691944,"PB_TTM":0.749447510715,"REPORT_DATE_SQ":"2023-03-31 00:00:00","REPORT_TYPE_SQ":"2023年一季报","OPERATE_INCOME_SQ":9210943721,"DPS_HKD":0.922894,"OPERATE_INCOME_QOQ_SQ":3.493966918957,"NET_PROFIT_RATIO_SQ":9.3968357892,"HOLDER_PROFIT_SQ":783069945.71,"HOLDER_PROFIT_QOQ_SQ":3.991852817411,"ROE_AVG_SQ":4.295631692337,"PE_TTM_SQ":4.12354507549,"PB_TTM_SQ":0.651716516088,"ROA_SQ":1.726785286336,"START_DATE":"2024-01-01 00:00:00","FISCAL_YEAR":"12-31","CURRENCY":"HKD","IS_CNY_CODE":0,"DPS_HKD_LY":0.922894,"ORG_TYPE":"一般企业","PREMIUM_INCOME":null,"PREMIUM_INCOME_YOY":null,"NET_INTEREST_INCOME":null,"NET_INTEREST_INCOME_YOY":null,"FEE_COMMISSION_INCOME":null,"FEE_COMMISSION_INCOME_YOY":null,"ACCOUNTS_RECE_TDAYS":0.79524264741,"INVENTORY_TDAYS":0.8088323877,"CURRENT_ASSETS_TDAYS":0.260651989384,"TOTAL_ASSETS_TDAYS":0.195769974748,"PREMIUM_EXPENSE":null,"LOAN_DEPOSIT":null,"LOAN_EQUITY":null,"LOAN_ASSETS":null,"DEPOSIT_EQUITY":null,"DEPOSIT_ASSETS":null,"EQUITY_MULTIPLIER":2.142782225227,"EQUITY_RATIO":1.230145063309},{"SECUCODE":"00564.HK","SECURITY_CODE":"00564","SECURITY_NAME_ABBR":"郑煤机","ORG_CODE":"10127465","STD_REPORT_DATE":"2023-12-31 00:00:00","REPORT_DATE":"2023-12-31 00:00:00","DATE_TYPE_CODE":"001","REPORT_TYPE":"2023年年报","PER_NETCASH_OPERATE":2.498059162686,"PER_OI":20.446307733591,"BPS":11.413807997629,"BASIC_EPS":1.8722,"DILUTED_EPS":1.8609,"OPERATE_INCOME":36423236000,"OPERATE_INCOME_YOY":13.668783115,"GROSS_PROFIT":7847945000,"GROSS_PROFIT_YOY":22.648919539526,"HOLDER_PROFIT":3301334000,"HOLDER_PROFIT_YOY":30.064158756,"GROSS_PROFIT_RATIO":21.546534195918,"EPS_TTM":1.853215098608,"OPERATE_INCOME_QOQ":2.569158657395,"NET_PROFIT_RATIO":9.6136268617,"ROE_AVG":17.291044064159,"GROSS_PROFIT_QOQ":6.435831419995,"ROA":7.034846177267,"HOLDER_PROFIT_QOQ":8.468920854445,"ROE_YEARLY":17.291044064159,"ROIC_YEARLY":8.483288315125,"TOTAL_ASSETS":49174398206.69,"TOTAL_LIABILITIES":27293069905.46,"TAX_EBT":14.973986599201,"OCF_SALES":12.217654137046,"TOTAL_PARENT_EQUITY":20378212015.68,"DEBT_ASSET_RATIO":55.6941693525,"OPERATE_PROFIT":4467210000,"PRETAX_PROFIT":4118262000,"NETCASH_OPERATE":4450065000,"NETCASH_INVEST":-1968062000,"NETCASH_FINANCE":-1508925000,"END_CASH":4729233000,"DIVI_RATIO":0.451294078765,"DIVIDEND_RATE":9.01263671875,"CURRENT_RATIO":1.894247335325,"COMMON_ACS":null,"CURRENTDEBT_DEBT":69.338573008176,"ISSUED_COMMON_SHARES":1785399930,"HK_COMMON_SHARES":243234200,"PER_SHARES":200,"TOTAL_MARKET_CAP":18282495283.2,"HKSK_MARKET_CAP":2490718208,"PE_TTM":4.206750691944,"PB_TTM":0.749447510715,"REPORT_DATE_SQ":"2022-12-31 00:00:00","REPORT_TYPE_SQ":"2022年年报","OPERATE_INCOME_SQ":32043306000,"DPS_HKD":0.922894,"OPERATE_INCOME_QOQ_SQ":3.063307809857,"NET_PROFIT_RATIO_SQ":8.2014165455,"HOLDER_PROFIT_SQ":2538235000,"HOLDER_PROFIT_QOQ_SQ":8.818224129578,"ROE_AVG_SQ":15.570676566688,"PE_TTM_SQ":4.12354507549,"PB_TTM_SQ":0.651716516088,"ROA_SQ":6.205960904379,"START_DATE":"2023-01-01 00:00:00","FISCAL_YEAR":"12-31","CURRENCY":"HKD","IS_CNY_CODE":0,"DPS_HKD_LY":0.623684,"ORG_TYPE":"一般企业","PREMIUM_INCOME":null,"PREMIUM_INCOME_YOY":null,"NET_INTEREST_INCOME":null,"NET_INTEREST_INCOME_YOY":null,"FEE_COMMISSION_INCOME":null,"FEE_COMMISSION_INCOME_YOY":null,"ACCOUNTS_RECE_TDAYS":3.438897408888,"INVENTORY_TDAYS":3.321466374985,"CURRENT_ASSETS_TDAYS":1.027300641563,"TOTAL_ASSETS_TDAYS":0.776146438192,"PREMIUM_EXPENSE":null,"LOAN_DEPOSIT":null,"LOAN_EQUITY":null,"LOAN_ASSETS":null,"DEPOSIT_EQUITY":null,"DEPOSIT_ASSETS":null,"EQUITY_MULTIPLIER":2.257039277643,"EQUITY_RATIO":1.3393260353},{"SECUCODE":"00564.HK","SECURITY_CODE":"00564","SECURITY_NAME_ABBR":"郑煤机","ORG_CODE":"10127465","STD_REPORT_DATE":"2023-09-30 00:00:00","REPORT_DATE":"2023-09-30 00:00:00","DATE_TYPE_CODE":"004","REPORT_TYPE":"2023年三季报","PER_NETCASH_OPERATE":0.684234028461,"PER_OI":15.299391331979,"BPS":10.929910221101,"BASIC_EPS":1.4,"DILUTED_EPS":1.397,"OPERATE_INCOME":27240841196.65,"OPERATE_INCOME_YOY":14.5861402655,"GROSS_PROFIT":5833742880.46,"GROSS_PROFIT_YOY":17.07275534669,"HOLDER_PROFIT":2467302560.09,"HOLDER_PROFIT_YOY":25.7569241369,"GROSS_PROFIT_RATIO":21.87048640195,"EPS_TTM":1.709376716226,"OPERATE_INCOME_QOQ":2.254596004282,"NET_PROFIT_RATIO":9.6914734271,"ROE_AVG":13.221873251356,"GROSS_PROFIT_QOQ":4.1215945642,"ROA":5.308555538023,"HOLDER_PROFIT_QOQ":9.484497214483,"ROE_YEARLY":17.629164335141,"ROIC_YEARLY":6.18917016605,"TOTAL_ASSETS":48486114012.54,"TOTAL_LIABILITIES":27493156205.95,"TAX_EBT":16.257478903598,"OCF_SALES":4.472295750947,"TOTAL_PARENT_EQUITY":19514260943.66,"DEBT_ASSET_RATIO":56.7031546369,"OPERATE_PROFIT":3235489319.16,"PRETAX_PROFIT":3152566762.16,"NETCASH_OPERATE":1218290983.36,"NETCASH_INVEST":-1996992526.38,"NETCASH_FINANCE":51012771.06,"END_CASH":2967110557.85,"DIVI_RATIO":0.489268979003,"DIVIDEND_RATE":9.01263671875,"CURRENT_RATIO":2.033454580453,"COMMON_ACS":null,"CURRENTDEBT_DEBT":65.251687998767,"ISSUED_COMMON_SHARES":1785399930,"HK_COMMON_SHARES":243234200,"PER_SHARES":200,"TOTAL_MARKET_CAP":18282495283.2,"HKSK_MARKET_CAP":2490718208,"PE_TTM":4.206750691944,"PB_TTM":0.749447510715,"REPORT_DATE_SQ":"2022-09-30 00:00:00","REPORT_TYPE_SQ":"2022年三季报","OPERATE_INCOME_SQ":23773242674.5,"DPS_HKD":0.922894,"OPERATE_INCOME_QOQ_SQ":4.509191720435,"NET_PROFIT_RATIO_SQ":8.5201530429,"HOLDER_PROFIT_SQ":1961961599.35,"HOLDER_PROFIT_QOQ_SQ":5.539045134531,"ROE_AVG_SQ":12.293757042192,"PE_TTM_SQ":4.12354507549,"PB_TTM_SQ":0.651716516088,"ROA_SQ":4.957451812981,"START_DATE":"2023-01-01 00:00:00","FISCAL_YEAR":"12-31","CURRENCY":"HKD","IS_CNY_CODE":0,"DPS_HKD_LY":0.623684,"ORG_TYPE":"一般企业","PREMIUM_INCOME":null,"PREMIUM_INCOME_YOY":null,"NET_INTEREST_INCOME":null,"NET_INTEREST_INCOME_YOY":null,"FEE_COMMISSION_INCOME":null,"FEE_COMMISSION_INCOME_YOY":null,"ACCOUNTS_RECE_TDAYS":2.497322877403,"INVENTORY_TDAYS":2.514040362718,"CURRENT_ASSETS_TDAYS":0.77083330655,"TOTAL_ASSETS_TDAYS":0.586103709914,"PREMIUM_EXPENSE":null,"LOAN_DEPOSIT":null,"LOAN_EQUITY":null,"LOAN_ASSETS":null,"DEPOSIT_EQUITY":null,"DEPOSIT_ASSETS":null,"EQUITY_MULTIPLIER":2.309637091603,"EQUITY_RATIO":1.408875093211},{"SECUCODE":"00564.HK","SECURITY_CODE":"00564","SECURITY_NAME_ABBR":"郑煤机","ORG_CODE":"10127465","STD_REPORT_DATE":"2023-06-30 00:00:00","REPORT_DATE":"2023-06-30 00:00:00","DATE_TYPE_CODE":"002","REPORT_TYPE":"2023年中报","PER_NETCASH_OPERATE":1.040065193695,"PER_OI":10.224689693084,"BPS":10.487822747926,"BASIC_EPS":0.97,"DILUTED_EPS":0.97,"OPERATE_INCOME":18222912000,"OPERATE_INCOME_YOY":17.2774761286,"GROSS_PROFIT":4001882000,"GROSS_PROFIT_YOY":20.572897836011,"HOLDER_PROFIT":1706233000,"HOLDER_PROFIT_YOY":16.5019633977,"GROSS_PROFIT_RATIO":21.960716267521,"EPS_TTM":1.559781896996,"OPERATE_INCOME_QOQ":4.719255646513,"NET_PROFIT_RATIO":10.0761832137,"ROE_AVG":9.34097498852,"GROSS_PROFIT_QOQ":7.276990382411,"ROA":3.699398727075,"HOLDER_PROFIT_QOQ":5.31745904522,"ROE_YEARLY":18.681949977041,"ROIC_YEARLY":8.976660620831,"TOTAL_ASSETS":47774212000,"TOTAL_LIABILITIES":28132585000,"TAX_EBT":16.94632056406,"OCF_SALES":10.172095436778,"TOTAL_PARENT_EQUITY":18724958000,"DEBT_ASSET_RATIO":58.886549505,"OPERATE_PROFIT":2376035000,"PRETAX_PROFIT":2210828000,"NETCASH_OPERATE":1853652000,"NETCASH_INVEST":-1693592000,"NETCASH_FINANCE":-231831000,"END_CASH":3711344000,"DIVI_RATIO":0.536193555196,"DIVIDEND_RATE":9.01263671875,"CURRENT_RATIO":1.92274108175,"COMMON_ACS":null,"CURRENTDEBT_DEBT":66.862554578614,"ISSUED_COMMON_SHARES":1785399930,"HK_COMMON_SHARES":243234200,"PER_SHARES":200,"TOTAL_MARKET_CAP":18282495283.2,"HKSK_MARKET_CAP":2490718208,"PE_TTM":4.206750691944,"PB_TTM":0.749447510715,"REPORT_DATE_SQ":"2022-06-30 00:00:00","REPORT_TYPE_SQ":"2022年中报","OPERATE_INCOME_SQ":15538288000,"DPS_HKD":0.922894,"OPERATE_INCOME_QOQ_SQ":0.137931574095,"NET_PROFIT_RATIO_SQ":9.776418097,"HOLDER_PROFIT_SQ":1464553000,"HOLDER_PROFIT_QOQ_SQ":6.603474051186,"ROE_AVG_SQ":9.527087482852,"PE_TTM_SQ":4.12354507549,"PB_TTM_SQ":0.651716516088,"ROA_SQ":3.792927532572,"START_DATE":"2023-01-01 00:00:00","FISCAL_YEAR":"12-31","CURRENCY":"HKD","IS_CNY_CODE":0,"DPS_HKD_LY":0.623684,"ORG_TYPE":"一般企业","PREMIUM_INCOME":null,"PREMIUM_INCOME_YOY":null,"NET_INTEREST_INCOME":null,"NET_INTEREST_INCOME_YOY":null,"FEE_COMMISSION_INCOME":null,"FEE_COMMISSION_INCOME_YOY":null,"ACCOUNTS_RECE_TDAYS":1.738954417951,"INVENTORY_TDAYS":1.703813174003,"CURRENT_ASSETS_TDAYS":0.517943895204,"TOTAL_ASSETS_TDAYS":0.395103233007,"PREMIUM_EXPENSE":null,"LOAN_DEPOSIT":null,"LOAN_EQUITY":null,"LOAN_ASSETS":null,"DEPOSIT_EQUITY":null,"DEPOSIT_ASSETS":null,"EQUITY_MULTIPLIER":2.432294025338,"EQUITY_RATIO":1.502411113552},{"SECUCODE":"00564.HK","SECURITY_CODE":"00564","SECURITY_NAME_ABBR":"郑煤机","ORG_CODE":"10127465","STD_REPORT_DATE":"2023-03-31 00:00:00","REPORT_DATE":"2023-03-31 00:00:00","DATE_TYPE_CODE":"003","REPORT_TYPE":"2023年一季报","PER_NETCASH_OPERATE":-0.236857787991,"PER_OI":5.168166390075,"BPS":10.446751279928,"BASIC_EPS":0.446,"DILUTED_EPS":0.443,"OPERATE_INCOME":9210943721,"OPERATE_INCOME_YOY":13.8274762186,"GROSS_PROFIT":1931626398.17,"GROSS_PROFIT_YOY":11.358527467241,"HOLDER_PROFIT":783069945.71,"HOLDER_PROFIT_YOY":14.8621929802,"GROSS_PROFIT_RATIO":21.017594002644,"EPS_TTM":1.481028797254,"OPERATE_INCOME_QOQ":3.493966918957,"NET_PROFIT_RATIO":9.3968357892,"ROE_AVG":4.295631692337,"GROSS_PROFIT_QOQ":3.164072550908,"ROA":1.726785286336,"HOLDER_PROFIT_QOQ":3.991852817411,"ROE_YEARLY":17.182526769346,"ROIC_YEARLY":8.024558480209,"TOTAL_ASSETS":46227262763.4,"TOTAL_LIABILITIES":26661233784.3,"TAX_EBT":16.286419233119,"OCF_SALES":-4.580311534749,"TOTAL_PARENT_EQUITY":18651629003.91,"DEBT_ASSET_RATIO":57.6742644719,"OPERATE_PROFIT":1072052627.97,"PRETAX_PROFIT":1034536960.57,"NETCASH_OPERATE":-422138838.11,"NETCASH_INVEST":-582127063.16,"NETCASH_FINANCE":500272695.82,"END_CASH":3128743757.53,"DIVI_RATIO":0.564705427896,"DIVIDEND_RATE":9.01263671875,"CURRENT_RATIO":1.878633682796,"COMMON_ACS":null,"CURRENTDEBT_DEBT":68.659320794747,"ISSUED_COMMON_SHARES":1785399930,"HK_COMMON_SHARES":243234200,"PER_SHARES":200,"TOTAL_MARKET_CAP":18282495283.2,"HKSK_MARKET_CAP":2490718208,"PE_TTM":4.206750691944,"PB_TTM":0.749447510715,"REPORT_DATE_SQ":"2022-03-31 00:00:00","REPORT_TYPE_SQ":"2022年一季报","OPERATE_INCOME_SQ":8096795783.14,"DPS_HKD":0.922894,"OPERATE_INCOME_QOQ_SQ":1.416465330242,"NET_PROFIT_RATIO_SQ":8.7847640532,"HOLDER_PROFIT_SQ":681747340.35,"HOLDER_PROFIT_QOQ_SQ":6.43994923105,"ROE_AVG_SQ":4.465749284482,"PE_TTM_SQ":4.12354507549,"PB_TTM_SQ":0.651716516088,"ROA_SQ":1.832480854789,"START_DATE":"2023-01-01 00:00:00","FISCAL_YEAR":"12-31","CURRENCY":"HKD","IS_CNY_CODE":0,"DPS_HKD_LY":0.623684,"ORG_TYPE":"一般企业","PREMIUM_INCOME":null,"PREMIUM_INCOME_YOY":null,"NET_INTEREST_INCOME":null,"NET_INTEREST_INCOME_YOY":null,"FEE_COMMISSION_INCOME":null,"FEE_COMMISSION_INCOME_YOY":null,"ACCOUNTS_RECE_TDAYS":0.843996122466,"INVENTORY_TDAYS":0.904373944945,"CURRENT_ASSETS_TDAYS":0.268744282635,"TOTAL_ASSETS_TDAYS":0.203234800665,"PREMIUM_EXPENSE":null,"LOAN_DEPOSIT":null,"LOAN_EQUITY":null,"LOAN_ASSETS":null,"DEPOSIT_EQUITY":null,"DEPOSIT_ASSETS":null,"EQUITY_MULTIPLIER":2.362628758893,"EQUITY_RATIO":1.429431916039},{"SECUCODE":"00564.HK","SECURITY_CODE":"00564","SECURITY_NAME_ABBR":"郑煤机","ORG_CODE":"10127465","STD_REPORT_DATE":"2022-12-31 00:00:00","REPORT_DATE":"2022-12-31 00:00:00","DATE_TYPE_CODE":"001","REPORT_TYPE":"2022年年报","PER_NETCASH_OPERATE":1.365756002431,"PER_OI":18.015564617769,"BPS":9.973825304228,"BASIC_EPS":1.4538,"DILUTED_EPS":1.4455,"OPERATE_INCOME":32043306000,"OPERATE_INCOME_YOY":9.3869850496,"GROSS_PROFIT":6398707000,"GROSS_PROFIT_YOY":5.383465813942,"HOLDER_PROFIT":2538235000,"HOLDER_PROFIT_YOY":30.3139206843,"GROSS_PROFIT_RATIO":19.968935165429,"EPS_TTM":1.427060511721,"OPERATE_INCOME_QOQ":3.063307809857,"NET_PROFIT_RATIO":8.2014165455,"ROE_AVG":15.570676566688,"GROSS_PROFIT_QOQ":1.279485042175,"ROA":6.205960904379,"HOLDER_PROFIT_QOQ":8.818224129578,"ROE_YEARLY":15.570676566688,"ROIC_YEARLY":7.581601944235,"TOTAL_ASSETS":44469589000,"TOTAL_LIABILITIES":25831308000,"TAX_EBT":14.953441304718,"OCF_SALES":7.580978067619,"TOTAL_PARENT_EQUITY":17807267000,"DEBT_ASSET_RATIO":58.0875798065,"OPERATE_PROFIT":3447325000,"PRETAX_PROFIT":3090078000,"NETCASH_OPERATE":2429196000,"NETCASH_INVEST":-3543676000,"NETCASH_FINANCE":1475595000,"END_CASH":3613443000,"DIVI_RATIO":0.586061343448,"DIVIDEND_RATE":9.01263671875,"CURRENT_RATIO":1.74613152222,"COMMON_ACS":null,"CURRENTDEBT_DEBT":75.821712164169,"ISSUED_COMMON_SHARES":1785399930,"HK_COMMON_SHARES":243234200,"PER_SHARES":200,"TOTAL_MARKET_CAP":18282495283.2,"HKSK_MARKET_CAP":2490718208,"PE_TTM":4.206750691944,"PB_TTM":0.749447510715,"REPORT_DATE_SQ":"2021-12-31 00:00:00","REPORT_TYPE_SQ":"2021年年报","OPERATE_INCOME_SQ":29293527000,"DPS_HKD":0.922894,"OPERATE_INCOME_QOQ_SQ":0.158072765713,"NET_PROFIT_RATIO_SQ":7.0659569263,"HOLDER_PROFIT_SQ":1947785000,"HOLDER_PROFIT_QOQ_SQ":21.489687444387,"ROE_AVG_SQ":13.98302167543,"PE_TTM_SQ":4.12354507549,"PB_TTM_SQ":0.651716516088,"ROA_SQ":5.426574438894,"START_DATE":"2022-01-01 00:00:00","FISCAL_YEAR":"12-31","CURRENCY":"HKD","IS_CNY_CODE":0,"DPS_HKD_LY":0.511097,"ORG_TYPE":"一般企业","PREMIUM_INCOME":null,"PREMIUM_INCOME_YOY":null,"NET_INTEREST_INCOME":null,"NET_INTEREST_INCOME_YOY":null,"FEE_COMMISSION_INCOME":null,"FEE_COMMISSION_INCOME_YOY":null,"ACCOUNTS_RECE_TDAYS":3.647929808503,"INVENTORY_TDAYS":3.624107154844,"CURRENT_ASSETS_TDAYS":1.03162791668,"TOTAL_ASSETS_TDAYS":0.783455843462,"PREMIUM_EXPENSE":null,"LOAN_DEPOSIT":null,"LOAN_EQUITY":null,"LOAN_ASSETS":null,"DEPOSIT_EQUITY":null,"DEPOSIT_ASSETS":null,"EQUITY_MULTIPLIER":2.385927597078,"EQUITY_RATIO":1.450604856995},{"SECUCODE":"00564.HK","SECURITY_CODE":"00564","SECURITY_NAME_ABBR":"郑煤机","ORG_CODE":"10127465","STD_REPORT_DATE":"2022-09-30 00:00:00","REPORT_DATE":"2022-09-30 00:00:00","DATE_TYPE_CODE":"004","REPORT_TYPE":"2022年三季报","PER_NETCASH_OPERATE":0.608098201676,"PER_OI":13.359554504344,"BPS":9.590301626622,"BASIC_EPS":1.125,"DILUTED_EPS":1.122,"OPERATE_INCOME":23773242674.5,"OPERATE_INCOME_YOY":8.1788291514,"GROSS_PROFIT":4983006390.5,"GROSS_PROFIT_YOY":1.627812958479,"HOLDER_PROFIT":1961961599.35,"HOLDER_PROFIT_YOY":24.3951750172,"GROSS_PROFIT_RATIO":20.960566712445,"EPS_TTM":1.310791893219,"OPERATE_INCOME_QOQ":4.509191720435,"NET_PROFIT_RATIO":8.5201530429,"ROE_AVG":12.293757042192,"GROSS_PROFIT_QOQ":3.528458836109,"ROA":4.957451812981,"HOLDER_PROFIT_QOQ":5.539045134531,"ROE_YEARLY":16.391676056255,"ROIC_YEARLY":5.798836397848,"TOTAL_ASSETS":41821704955.09,"TOTAL_LIABILITIES":23892507308.51,"TAX_EBT":15.570272836903,"OCF_SALES":4.551785027546,"TOTAL_PARENT_EQUITY":17122523852.85,"DEBT_ASSET_RATIO":57.129443513,"OPERATE_PROFIT":2469235818.36,"PRETAX_PROFIT":2399056265.12,"NETCASH_OPERATE":1082106900.62,"NETCASH_INVEST":-1890713802.87,"NETCASH_FINANCE":367234572.16,"END_CASH":2801564547.22,"DIVI_RATIO":0.638045600531,"DIVIDEND_RATE":9.01263671875,"CURRENT_RATIO":1.70313513945,"COMMON_ACS":null,"CURRENTDEBT_DEBT":73.234804063731,"ISSUED_COMMON_SHARES":1785399930,"HK_COMMON_SHARES":243234200,"PER_SHARES":200,"TOTAL_MARKET_CAP":18282495283.2,"HKSK_MARKET_CAP":2490718208,"PE_TTM":4.206750691944,"PB_TTM":0.749447510715,"REPORT_DATE_SQ":"2021-09-30 00:00:00","REPORT_TYPE_SQ":"2021年三季报","OPERATE_INCOME_SQ":21975873524.42,"DPS_HKD":0.922894,"OPERATE_INCOME_QOQ_SQ":-0.133195398852,"NET_PROFIT_RATIO_SQ":7.6983284911,"HOLDER_PROFIT_SQ":1577200722.68,"HOLDER_PROFIT_QOQ_SQ":22.742298075399,"ROE_AVG_SQ":11.521891328835,"PE_TTM_SQ":4.12354507549,"PB_TTM_SQ":0.651716516088,"ROA_SQ":4.488532020322,"START_DATE":"2022-01-01 00:00:00","FISCAL_YEAR":"12-31","CURRENCY":"HKD","IS_CNY_CODE":0,"DPS_HKD_LY":0.511097,"ORG_TYPE":"一般企业","PREMIUM_INCOME":null,"PREMIUM_INCOME_YOY":null,"NET_INTEREST_INCOME":null,"NET_INTEREST_INCOME_YOY":null,"FEE_COMMISSION_INCOME":null,"FEE_COMMISSION_INCOME_YOY":null,"ACCOUNTS_RECE_TDAYS":2.432841234216,"INVENTORY_TDAYS":2.790505231821,"CURRENT_ASSETS_TDAYS":0.823695447061,"TOTAL_ASSETS_TDAYS":0.600698326798,"PREMIUM_EXPENSE":null,"LOAN_DEPOSIT":null,"LOAN_EQUITY":null,"LOAN_ASSETS":null,"DEPOSIT_EQUITY":null,"DEPOSIT_ASSETS":null,"EQUITY_MULTIPLIER":2.332603264208,"EQUITY_RATIO":1.395384670732}],"count":56},"success":true,"message":"ok","code":0}