{"version":"fdd94199a14d9c0046a18de1411ef518","result":{"pages":5,"data":[{"SECUCODE":"00565.HK","SECURITY_CODE":"00565","SECURITY_NAME_ABBR":"锦艺集团控股","ORG_CODE":"10008969","STD_REPORT_DATE":"2023-12-31 00:00:00","REPORT_DATE":"2024-06-30 00:00:00","DATE_TYPE_CODE":"001","REPORT_TYPE":"2023年年报","PER_NETCASH_OPERATE":0.017227786289,"PER_OI":0.037731818652,"BPS":-0.00269445103,"BASIC_EPS":-0.091906876,"DILUTED_EPS":-0.091906876,"OPERATE_INCOME":101453508.8,"OPERATE_INCOME_YOY":-22.3921861582,"GROSS_PROFIT":65399910.76,"GROSS_PROFIT_YOY":-32.898633273558,"HOLDER_PROFIT":-247146442.56,"HOLDER_PROFIT_YOY":60.3785511114,"GROSS_PROFIT_RATIO":64.462936308025,"EPS_TTM":-0.117309019415,"OPERATE_INCOME_QOQ":-2.338853567524,"NET_PROFIT_RATIO":-243.60561353,"ROE_AVG":-207.898535147253,"GROSS_PROFIT_QOQ":-3.56479495175,"ROA":-27.85559103328,"HOLDER_PROFIT_QOQ":49.943121867906,"ROE_YEARLY":-207.898535147253,"ROIC_YEARLY":-28.948320696576,"TOTAL_ASSETS":649019525.52,"TOTAL_LIABILITIES":656264379.36,"TAX_EBT":-6.896783132863,"OCF_SALES":45.658510255488,"TOTAL_PARENT_EQUITY":-7244853.84,"DEBT_ASSET_RATIO":101.1162767151,"OPERATE_PROFIT":-195163840.48,"PRETAX_PROFIT":-231201010.28,"NETCASH_OPERATE":46322160.72,"NETCASH_INVEST":17675873.56,"NETCASH_FINANCE":-51934230.04,"END_CASH":36725330.52,"DIVI_RATIO":-0.007859412725,"DIVIDEND_RATE":0.072463768116,"CURRENT_RATIO":0.633157295078,"COMMON_ACS":5000000000,"CURRENTDEBT_DEBT":19.407914865684,"ISSUED_COMMON_SHARES":2688805163,"HK_COMMON_SHARES":2688805163,"PER_SHARES":5000,"TOTAL_MARKET_CAP":3710551124.94,"HKSK_MARKET_CAP":3710551124.94,"PE_TTM":-13.702587687007,"PB_TTM":-467.441562728647,"REPORT_DATE_SQ":"2022-12-31 00:00:00","REPORT_TYPE_SQ":"2022年年报","OPERATE_INCOME_SQ":132057961.34,"DPS_HKD":0.001,"OPERATE_INCOME_QOQ_SQ":-6.596605483696,"NET_PROFIT_RATIO_SQ":-477.1581967843,"HOLDER_PROFIT_SQ":-630125387.04,"HOLDER_PROFIT_QOQ_SQ":-447.823191653541,"ROE_AVG_SQ":-106.716549584422,"PE_TTM_SQ":-0.625534087329,"PB_TTM_SQ":1.592597361505,"ROA_SQ":-38.715685719141,"START_DATE":"2023-07-01 00:00:00","FISCAL_YEAR":"6-30","CURRENCY":"HKD","IS_CNY_CODE":0,"DPS_HKD_LY":0.001,"ORG_TYPE":"一般企业","PREMIUM_INCOME":null,"PREMIUM_INCOME_YOY":null,"NET_INTEREST_INCOME":null,"NET_INTEREST_INCOME_YOY":null,"FEE_COMMISSION_INCOME":null,"FEE_COMMISSION_INCOME_YOY":null,"ACCOUNTS_RECE_TDAYS":3.685004392435,"INVENTORY_TDAYS":null,"CURRENT_ASSETS_TDAYS":1.462160224664,"TOTAL_ASSETS_TDAYS":0.114347081866,"PREMIUM_EXPENSE":null,"LOAN_DEPOSIT":null,"LOAN_EQUITY":null,"LOAN_ASSETS":null,"DEPOSIT_EQUITY":null,"DEPOSIT_ASSETS":null,"EQUITY_MULTIPLIER":-89.583522299882,"EQUITY_RATIO":-90.583522297808},{"SECUCODE":"00565.HK","SECURITY_CODE":"00565","SECURITY_NAME_ABBR":"锦艺集团控股","ORG_CODE":"10008969","STD_REPORT_DATE":"2023-06-30 00:00:00","REPORT_DATE":"2023-12-31 00:00:00","DATE_TYPE_CODE":"002","REPORT_TYPE":"2023年中报","PER_NETCASH_OPERATE":0.007777407232,"PER_OI":0.023697230018,"BPS":0.074737728856,"BASIC_EPS":-0.012868324,"DILUTED_EPS":-0.012868324,"OPERATE_INCOME":63717234.42,"OPERATE_INCOME_YOY":-5.9862544793,"GROSS_PROFIT":46661267.8,"GROSS_PROFIT_YOY":-6.930004286397,"HOLDER_PROFIT":-34699163.8,"HOLDER_PROFIT_YOY":90.2109415545,"GROSS_PROFIT_RATIO":73.231784500292,"EPS_TTM":-0.234351449376,"OPERATE_INCOME_QOQ":-10.441818728164,"NET_PROFIT_RATIO":-54.4580506606,"ROE_AVG":-15.622418108786,"GROSS_PROFIT_QOQ":-14.396818146419,"ROA":-3.14893543531,"HOLDER_PROFIT_QOQ":-39.130788332201,"ROE_YEARLY":-31.244836217571,"ROIC_YEARLY":-6.534034915876,"TOTAL_ASSETS":1086368380.02,"TOTAL_LIABILITIES":885413188.8,"TAX_EBT":44.24868957484,"OCF_SALES":32.81990015787,"TOTAL_PARENT_EQUITY":200955191.22,"DEBT_ASSET_RATIO":81.5021133792,"OPERATE_PROFIT":-45053633.52,"PRETAX_PROFIT":-62239189.6,"NETCASH_OPERATE":20911932.72,"NETCASH_INVEST":33786600.26,"NETCASH_FINANCE":-21914212.04,"END_CASH":49612826.34,"DIVI_RATIO":-0.00393417665,"DIVIDEND_RATE":0.07299270073,"CURRENT_RATIO":0.52559315481,"COMMON_ACS":5000000000,"CURRENTDEBT_DEBT":20.1195447474,"ISSUED_COMMON_SHARES":2688805163,"HK_COMMON_SHARES":2688805163,"PER_SHARES":5000,"TOTAL_MARKET_CAP":3683663073.31,"HKSK_MARKET_CAP":3683663073.31,"PE_TTM":-13.603293573333,"PB_TTM":-464.054305027715,"REPORT_DATE_SQ":"2022-06-30 00:00:00","REPORT_TYPE_SQ":"2022年中报","OPERATE_INCOME_SQ":66805876.76,"DPS_HKD":0.001,"OPERATE_INCOME_QOQ_SQ":0.715394375293,"NET_PROFIT_RATIO_SQ":-523.013050222,"HOLDER_PROFIT_SQ":-349403453.77,"HOLDER_PROFIT_QOQ_SQ":-248.04142532513,"ROE_AVG_SQ":-49.117513177185,"PE_TTM_SQ":-0.621599910679,"PB_TTM_SQ":1.582581025898,"ROA_SQ":-19.768799390285,"START_DATE":"2023-07-01 00:00:00","FISCAL_YEAR":"6-30","CURRENCY":"HKD","IS_CNY_CODE":0,"DPS_HKD_LY":0.001,"ORG_TYPE":"一般企业","PREMIUM_INCOME":null,"PREMIUM_INCOME_YOY":null,"NET_INTEREST_INCOME":null,"NET_INTEREST_INCOME_YOY":null,"FEE_COMMISSION_INCOME":null,"FEE_COMMISSION_INCOME_YOY":null,"ACCOUNTS_RECE_TDAYS":1.777550246492,"INVENTORY_TDAYS":null,"CURRENT_ASSETS_TDAYS":0.84200252681,"TOTAL_ASSETS_TDAYS":0.057823139042,"PREMIUM_EXPENSE":null,"LOAN_DEPOSIT":null,"LOAN_EQUITY":null,"LOAN_ASSETS":null,"DEPOSIT_EQUITY":null,"DEPOSIT_ASSETS":null,"EQUITY_MULTIPLIER":5.406022971703,"EQUITY_RATIO":4.406022971712},{"SECUCODE":"00565.HK","SECURITY_CODE":"00565","SECURITY_NAME_ABBR":"锦艺集团控股","ORG_CODE":"10008969","STD_REPORT_DATE":"2022-12-31 00:00:00","REPORT_DATE":"2023-06-30 00:00:00","DATE_TYPE_CODE":"001","REPORT_TYPE":"2022年年报","PER_NETCASH_OPERATE":0.020850807865,"PER_OI":0.049113994259,"BPS":0.092047634602,"BASIC_EPS":-0.234367316,"DILUTED_EPS":-0.234367316,"OPERATE_INCOME":132057961.34,"OPERATE_INCOME_YOY":-22.4094127334,"GROSS_PROFIT":97464349.76,"GROSS_PROFIT_YOY":-22.62335169025,"HOLDER_PROFIT":-630125387.04,"HOLDER_PROFIT_YOY":-606.9761668322,"GROSS_PROFIT_RATIO":73.804221094301,"EPS_TTM":-0.168439676211,"OPERATE_INCOME_QOQ":-6.596605483696,"NET_PROFIT_RATIO":-477.1581967843,"ROE_AVG":-106.716549584422,"GROSS_PROFIT_QOQ":-9.610079164933,"ROA":-38.715685719141,"HOLDER_PROFIT_QOQ":-447.823191653541,"ROE_YEARLY":-106.716549584422,"ROIC_YEARLY":-39.324702913357,"TOTAL_ASSETS":1136932261.16,"TOTAL_LIABILITIES":889434106,"TAX_EBT":20.288034597742,"OCF_SALES":42.453903779157,"TOTAL_PARENT_EQUITY":247498155.16,"DEBT_ASSET_RATIO":78.2310553043,"OPERATE_PROFIT":-750156119.28,"PRETAX_PROFIT":-790502886.06,"NETCASH_OPERATE":56063759.84,"NETCASH_INVEST":30943492.76,"NETCASH_FINANCE":-74190808.62,"END_CASH":30565480.96,"DIVI_RATIO":-0.005473650987,"DIVIDEND_RATE":0.07299270073,"CURRENT_RATIO":0.352480201006,"COMMON_ACS":5000000000,"CURRENTDEBT_DEBT":18.730278843164,"ISSUED_COMMON_SHARES":2688805163,"HK_COMMON_SHARES":2688805163,"PER_SHARES":5000,"TOTAL_MARKET_CAP":3683663073.31,"HKSK_MARKET_CAP":3683663073.31,"PE_TTM":-13.603293573333,"PB_TTM":-464.054305027715,"REPORT_DATE_SQ":"2021-12-31 00:00:00","REPORT_TYPE_SQ":"2021年年报","OPERATE_INCOME_SQ":157868929.19,"DPS_HKD":0.001,"OPERATE_INCOME_QOQ_SQ":-0.134438526216,"NET_PROFIT_RATIO_SQ":-47.7565126949,"HOLDER_PROFIT_SQ":-82672927.68,"HOLDER_PROFIT_QOQ_SQ":137.637204290414,"ROE_AVG_SQ":-8.168400595697,"PE_TTM_SQ":-0.621599910679,"PB_TTM_SQ":1.582581025898,"ROA_SQ":-3.753066749592,"START_DATE":"2022-07-01 00:00:00","FISCAL_YEAR":"6-30","CURRENCY":"HKD","IS_CNY_CODE":0,"DPS_HKD_LY":null,"ORG_TYPE":"一般企业","PREMIUM_INCOME":null,"PREMIUM_INCOME_YOY":null,"NET_INTEREST_INCOME":null,"NET_INTEREST_INCOME_YOY":null,"FEE_COMMISSION_INCOME":null,"FEE_COMMISSION_INCOME_YOY":null,"ACCOUNTS_RECE_TDAYS":5.355806083721,"INVENTORY_TDAYS":null,"CURRENT_ASSETS_TDAYS":0.889994221341,"TOTAL_ASSETS_TDAYS":0.08113805019,"PREMIUM_EXPENSE":null,"LOAN_DEPOSIT":null,"LOAN_EQUITY":null,"LOAN_ASSETS":null,"DEPOSIT_EQUITY":null,"DEPOSIT_ASSETS":null,"EQUITY_MULTIPLIER":4.593699942641,"EQUITY_RATIO":3.593699942632},{"SECUCODE":"00565.HK","SECURITY_CODE":"00565","SECURITY_NAME_ABBR":"锦艺集团控股","ORG_CODE":"10008969","STD_REPORT_DATE":"2022-06-30 00:00:00","REPORT_DATE":"2022-12-31 00:00:00","DATE_TYPE_CODE":"002","REPORT_TYPE":"2022年中报","PER_NETCASH_OPERATE":0.00707425426,"PER_OI":0.024845934424,"BPS":0.192783229035,"BASIC_EPS":-0.129970785,"DILUTED_EPS":-0.129970785,"OPERATE_INCOME":66805876.76,"OPERATE_INCOME_YOY":-20.8148485394,"GROSS_PROFIT":50135672.02,"GROSS_PROFIT_YOY":-19.448627032904,"HOLDER_PROFIT":-349403453.77,"HOLDER_PROFIT_YOY":-1635.6719406384,"GROSS_PROFIT_RATIO":75.046798951704,"EPS_TTM":-0.030747087523,"OPERATE_INCOME_QOQ":0.715394375293,"NET_PROFIT_RATIO":-523.013050222,"ROE_AVG":-49.117513177185,"GROSS_PROFIT_QOQ":17.685446328412,"ROA":-19.768799390285,"HOLDER_PROFIT_QOQ":-248.04142532513,"ROE_YEARLY":-98.23502635437,"ROIC_YEARLY":-39.847984124009,"TOTAL_ASSETS":1482647759.46,"TOTAL_LIABILITIES":964291217.89,"TAX_EBT":23.215950782954,"OCF_SALES":28.472482216398,"TOTAL_PARENT_EQUITY":518356541.57,"DEBT_ASSET_RATIO":65.0384564869,"OPERATE_PROFIT":-435149334.34,"PRETAX_PROFIT":-455046923.59,"NETCASH_OPERATE":19021291.38,"NETCASH_INVEST":20088749.03,"NETCASH_FINANCE":-49521995.53,"END_CASH":8305624.46,"DIVI_RATIO":-0.029985929539,"DIVIDEND_RATE":0.07299270073,"CURRENT_RATIO":1.181890914344,"COMMON_ACS":5000000000,"CURRENTDEBT_DEBT":16.673073912443,"ISSUED_COMMON_SHARES":2688805163,"HK_COMMON_SHARES":2688805163,"PER_SHARES":5000,"TOTAL_MARKET_CAP":3683663073.31,"HKSK_MARKET_CAP":3683663073.31,"PE_TTM":-13.603293573333,"PB_TTM":-464.054305027715,"REPORT_DATE_SQ":"2021-06-30 00:00:00","REPORT_TYPE_SQ":"2021年中报","OPERATE_INCOME_SQ":77219867.2,"DPS_HKD":0.001,"OPERATE_INCOME_QOQ_SQ":9.380542769908,"NET_PROFIT_RATIO_SQ":35.9820851906,"HOLDER_PROFIT_SQ":20825089.6,"HOLDER_PROFIT_QOQ_SQ":32.487961957774,"ROE_AVG_SQ":1.849050248345,"PE_TTM_SQ":-0.621599910679,"PB_TTM_SQ":1.582581025898,"ROA_SQ":0.907272032363,"START_DATE":"2022-07-01 00:00:00","FISCAL_YEAR":"6-30","CURRENCY":"HKD","IS_CNY_CODE":0,"DPS_HKD_LY":null,"ORG_TYPE":"一般企业","PREMIUM_INCOME":null,"PREMIUM_INCOME_YOY":null,"NET_INTEREST_INCOME":null,"NET_INTEREST_INCOME_YOY":null,"FEE_COMMISSION_INCOME":null,"FEE_COMMISSION_INCOME_YOY":null,"ACCOUNTS_RECE_TDAYS":2.381631743201,"INVENTORY_TDAYS":null,"CURRENT_ASSETS_TDAYS":0.317632493751,"TOTAL_ASSETS_TDAYS":0.03779790845,"PREMIUM_EXPENSE":null,"LOAN_DEPOSIT":null,"LOAN_EQUITY":null,"LOAN_ASSETS":null,"DEPOSIT_EQUITY":null,"DEPOSIT_ASSETS":null,"EQUITY_MULTIPLIER":2.860285615323,"EQUITY_RATIO":1.860285615321},{"SECUCODE":"00565.HK","SECURITY_CODE":"00565","SECURITY_NAME_ABBR":"锦艺集团控股","ORG_CODE":"10008969","STD_REPORT_DATE":"2021-12-31 00:00:00","REPORT_DATE":"2022-06-30 00:00:00","DATE_TYPE_CODE":"001","REPORT_TYPE":"2021年年报","PER_NETCASH_OPERATE":0.03784672845,"PER_OI":0.058713413438,"BPS":0.322007296205,"BASIC_EPS":-0.03078684,"DILUTED_EPS":-0.03078684,"OPERATE_INCOME":157868929.19,"OPERATE_INCOME_YOY":-2.138002693,"GROSS_PROFIT":125960935.1,"GROSS_PROFIT_YOY":42.344753866041,"HOLDER_PROFIT":-82672927.68,"HOLDER_PROFIT_YOY":45.7870445662,"GROSS_PROFIT_RATIO":79.788300171722,"EPS_TTM":0.020769245808,"OPERATE_INCOME_QOQ":-0.134438526216,"NET_PROFIT_RATIO":-47.7565126949,"ROE_AVG":-8.168400595697,"GROSS_PROFIT_QOQ":20.953574385753,"ROA":-3.753066749592,"HOLDER_PROFIT_QOQ":137.637204290414,"ROE_YEARLY":-8.168400595697,"ROIC_YEARLY":-3.903415185453,"TOTAL_ASSETS":1964763107.02,"TOTAL_LIABILITIES":1098948226.46,"TAX_EBT":26.075330212021,"OCF_SALES":64.460105849914,"TOTAL_PARENT_EQUITY":865814880.56,"DEBT_ASSET_RATIO":55.9328614495,"OPERATE_PROFIT":-49064815.87,"PRETAX_PROFIT":-89866785.96,"NETCASH_OPERATE":101762478.86,"NETCASH_INVEST":256038754.86,"NETCASH_FINANCE":-350355949.58,"END_CASH":18408819.94,"DIVI_RATIO":0.044391597486,"DIVIDEND_RATE":0.07299270073,"CURRENT_RATIO":1.242445970462,"COMMON_ACS":5000000000,"CURRENTDEBT_DEBT":16.171011817586,"ISSUED_COMMON_SHARES":2688805163,"HK_COMMON_SHARES":2688805163,"PER_SHARES":5000,"TOTAL_MARKET_CAP":3683663073.31,"HKSK_MARKET_CAP":3683663073.31,"PE_TTM":-13.603293573333,"PB_TTM":-464.054305027715,"REPORT_DATE_SQ":"2020-12-31 00:00:00","REPORT_TYPE_SQ":"2020年年报","OPERATE_INCOME_SQ":156958578.72,"DPS_HKD":0.001,"OPERATE_INCOME_QOQ_SQ":-1.536262847195,"NET_PROFIT_RATIO_SQ":-120.811730653,"HOLDER_PROFIT_SQ":-148375673.52,"HOLDER_PROFIT_QOQ_SQ":-684.797551139135,"ROE_AVG_SQ":-12.938974889599,"PE_TTM_SQ":-0.621599910679,"PB_TTM_SQ":1.582581025898,"ROA_SQ":-5.943923077897,"START_DATE":"2021-07-01 00:00:00","FISCAL_YEAR":"6-30","CURRENCY":"HKD","IS_CNY_CODE":0,"DPS_HKD_LY":0.08,"ORG_TYPE":"一般企业","PREMIUM_INCOME":null,"PREMIUM_INCOME_YOY":null,"NET_INTEREST_INCOME":null,"NET_INTEREST_INCOME_YOY":null,"FEE_COMMISSION_INCOME":null,"FEE_COMMISSION_INCOME_YOY":null,"ACCOUNTS_RECE_TDAYS":1.156358055625,"INVENTORY_TDAYS":null,"CURRENT_ASSETS_TDAYS":0.421510625618,"TOTAL_ASSETS_TDAYS":0.071667067511,"PREMIUM_EXPENSE":null,"LOAN_DEPOSIT":null,"LOAN_EQUITY":null,"LOAN_ASSETS":null,"DEPOSIT_EQUITY":null,"DEPOSIT_ASSETS":null,"EQUITY_MULTIPLIER":2.269264655916,"EQUITY_RATIO":1.269264655915},{"SECUCODE":"00565.HK","SECURITY_CODE":"00565","SECURITY_NAME_ABBR":"锦艺集团控股","ORG_CODE":"10008969","STD_REPORT_DATE":"2021-06-30 00:00:00","REPORT_DATE":"2021-12-31 00:00:00","DATE_TYPE_CODE":"002","REPORT_TYPE":"2021年中报","PER_NETCASH_OPERATE":0.102235076525,"PER_OI":0.028719026675,"BPS":0.425853294153,"BASIC_EPS":0.0077672,"DILUTED_EPS":0.0077672,"OPERATE_INCOME":77219867.2,"OPERATE_INCOME_YOY":2.6597826087,"GROSS_PROFIT":62240617.6,"GROSS_PROFIT_YOY":42.43098487007,"HOLDER_PROFIT":20825089.6,"HOLDER_PROFIT_YOY":111.689199732,"GROSS_PROFIT_RATIO":80.601819009603,"EPS_TTM":-0.055182753872,"OPERATE_INCOME_QOQ":9.380542769908,"NET_PROFIT_RATIO":35.9820851906,"ROE_AVG":1.849050248345,"GROSS_PROFIT_QOQ":7.799024908905,"ROA":0.907272032363,"HOLDER_PROFIT_QOQ":32.487961957774,"ROE_YEARLY":3.69810049669,"ROIC_YEARLY":1.940920457009,"TOTAL_ASSETS":2257136056,"TOTAL_LIABILITIES":1112099520,"TAX_EBT":23.634489866025,"OCF_SALES":355.983779262443,"TOTAL_PARENT_EQUITY":1145036536,"DEBT_ASSET_RATIO":49.2703803585,"OPERATE_PROFIT":66945905.6,"PRETAX_PROFIT":47600672,"NETCASH_OPERATE":274890201.6,"NETCASH_INVEST":34812590.4,"NETCASH_FINANCE":-174585398.4,"END_CASH":154274579.2,"DIVI_RATIO":-0.016707756234,"DIVIDEND_RATE":0.07299270073,"CURRENT_RATIO":2.91139308565,"COMMON_ACS":5000000000,"CURRENTDEBT_DEBT":12.306352007058,"ISSUED_COMMON_SHARES":2688805163,"HK_COMMON_SHARES":2688805163,"PER_SHARES":5000,"TOTAL_MARKET_CAP":3683663073.31,"HKSK_MARKET_CAP":3683663073.31,"PE_TTM":-13.603293573333,"PB_TTM":-464.054305027715,"REPORT_DATE_SQ":"2020-06-30 00:00:00","REPORT_TYPE_SQ":"2020年中报","OPERATE_INCOME_SQ":77430880,"DPS_HKD":0.001,"OPERATE_INCOME_QOQ_SQ":-21.617301673371,"NET_PROFIT_RATIO_SQ":-313.6076086957,"HOLDER_PROFIT_SQ":-183395039.28,"HOLDER_PROFIT_QOQ_SQ":-175.638740638279,"ROE_AVG_SQ":-16.189721887055,"PE_TTM_SQ":-0.621599910679,"PB_TTM_SQ":1.582581025898,"ROA_SQ":-7.213899424466,"START_DATE":"2021-07-01 00:00:00","FISCAL_YEAR":"6-30","CURRENCY":"HKD","IS_CNY_CODE":0,"DPS_HKD_LY":0.08,"ORG_TYPE":"一般企业","PREMIUM_INCOME":null,"PREMIUM_INCOME_YOY":null,"NET_INTEREST_INCOME":null,"NET_INTEREST_INCOME_YOY":null,"FEE_COMMISSION_INCOME":null,"FEE_COMMISSION_INCOME_YOY":null,"ACCOUNTS_RECE_TDAYS":0.58277234443,"INVENTORY_TDAYS":null,"CURRENT_ASSETS_TDAYS":0.170935669498,"TOTAL_ASSETS_TDAYS":0.033641836457,"PREMIUM_EXPENSE":null,"LOAN_DEPOSIT":null,"LOAN_EQUITY":null,"LOAN_ASSETS":null,"DEPOSIT_EQUITY":null,"DEPOSIT_ASSETS":null,"EQUITY_MULTIPLIER":1.97123496503,"EQUITY_RATIO":0.97123496503},{"SECUCODE":"00565.HK","SECURITY_CODE":"00565","SECURITY_NAME_ABBR":"锦艺集团控股","ORG_CODE":"10008969","STD_REPORT_DATE":"2020-12-31 00:00:00","REPORT_DATE":"2021-06-30 00:00:00","DATE_TYPE_CODE":"001","REPORT_TYPE":"2020年年报","PER_NETCASH_OPERATE":-0.051878640104,"PER_OI":0.058374842804,"BPS":0.419180538475,"BASIC_EPS":-0.055166904,"DILUTED_EPS":-0.055166904,"OPERATE_INCOME":156958578.72,"OPERATE_INCOME_YOY":18.2309914947,"GROSS_PROFIT":88490043.84,"GROSS_PROFIT_YOY":0.965716553297,"HOLDER_PROFIT":-148375673.52,"HOLDER_PROFIT_YOY":-481.6393763455,"GROSS_PROFIT_RATIO":56.377959434672,"EPS_TTM":-0.081737650754,"OPERATE_INCOME_QOQ":-1.536262847195,"NET_PROFIT_RATIO":-120.811730653,"ROE_AVG":-12.938974889599,"GROSS_PROFIT_QOQ":-6.33893336362,"ROA":-5.943923077897,"HOLDER_PROFIT_QOQ":-684.797551139135,"ROE_YEARLY":-12.938974889599,"ROIC_YEARLY":-7.051799698027,"TOTAL_ASSETS":2374896941.52,"TOTAL_LIABILITIES":1114497104.88,"TAX_EBT":22.244659579102,"OCF_SALES":-88.871571402822,"TOTAL_PARENT_EQUITY":1127094796.08,"DEBT_ASSET_RATIO":46.9282302485,"OPERATE_PROFIT":-155331030.24,"PRETAX_PROFIT":-210145964.4,"NETCASH_OPERATE":-139491555.36,"NETCASH_INVEST":-307160667.84,"NETCASH_FINANCE":91218434.16,"END_CASH":13889911.44,"DIVI_RATIO":-0.011279746744,"DIVIDEND_RATE":0.07299270073,"CURRENT_RATIO":3.962677375484,"COMMON_ACS":5000000000,"CURRENTDEBT_DEBT":11.638249947178,"ISSUED_COMMON_SHARES":2688805163,"HK_COMMON_SHARES":2688805163,"PER_SHARES":5000,"TOTAL_MARKET_CAP":3683663073.31,"HKSK_MARKET_CAP":3683663073.31,"PE_TTM":-13.603293573333,"PB_TTM":-464.054305027715,"REPORT_DATE_SQ":"2019-12-31 00:00:00","REPORT_TYPE_SQ":"2019年年报","OPERATE_INCOME_SQ":145736611.68,"DPS_HKD":0.001,"OPERATE_INCOME_QOQ_SQ":-0.213738762135,"NET_PROFIT_RATIO_SQ":-22.3839996991,"HOLDER_PROFIT_SQ":-28004243.52,"HOLDER_PROFIT_QOQ_SQ":-24.740952185056,"ROE_AVG_SQ":-2.126631625131,"PE_TTM_SQ":-0.621599910679,"PB_TTM_SQ":1.582581025898,"ROA_SQ":-0.972894581931,"START_DATE":"2020-07-01 00:00:00","FISCAL_YEAR":"6-30","CURRENCY":"HKD","IS_CNY_CODE":0,"DPS_HKD_LY":null,"ORG_TYPE":"一般企业","PREMIUM_INCOME":null,"PREMIUM_INCOME_YOY":null,"NET_INTEREST_INCOME":null,"NET_INTEREST_INCOME_YOY":null,"FEE_COMMISSION_INCOME":null,"FEE_COMMISSION_INCOME_YOY":null,"ACCOUNTS_RECE_TDAYS":1.131706673226,"INVENTORY_TDAYS":null,"CURRENT_ASSETS_TDAYS":0.350861464462,"TOTAL_ASSETS_TDAYS":0.062877538898,"PREMIUM_EXPENSE":null,"LOAN_DEPOSIT":null,"LOAN_EQUITY":null,"LOAN_ASSETS":null,"DEPOSIT_EQUITY":null,"DEPOSIT_ASSETS":null,"EQUITY_MULTIPLIER":1.884240915052,"EQUITY_RATIO":0.988822864551},{"SECUCODE":"00565.HK","SECURITY_CODE":"00565","SECURITY_NAME_ABBR":"锦艺集团控股","ORG_CODE":"10008969","STD_REPORT_DATE":"2020-06-30 00:00:00","REPORT_DATE":"2020-12-31 00:00:00","DATE_TYPE_CODE":"002","REPORT_TYPE":"2020年中报","PER_NETCASH_OPERATE":0.010579013858,"PER_OI":0.028797504953,"BPS":0.403822090682,"BASIC_EPS":-0.06817284,"DILUTED_EPS":-0.06817284,"OPERATE_INCOME":77430880,"OPERATE_INCOME_YOY":3.4416847502,"GROSS_PROFIT":43698790.44,"GROSS_PROFIT_YOY":-11.279531818592,"HOLDER_PROFIT":-183395039.28,"HOLDER_PROFIT_YOY":-2430.00427716,"GROSS_PROFIT_RATIO":56.435869565217,"EPS_TTM":-0.010415125612,"OPERATE_INCOME_QOQ":-21.617301673371,"NET_PROFIT_RATIO":-313.6076086957,"ROE_AVG":-16.189721887055,"GROSS_PROFIT_QOQ":-30.388248580144,"ROA":-7.213899424466,"HOLDER_PROFIT_QOQ":-175.638740638279,"ROE_YEARLY":-32.37944377411,"ROIC_YEARLY":-18.838092018783,"TOTAL_ASSETS":2436796925.44,"TOTAL_LIABILITIES":1101635220.6,"TAX_EBT":25.62554448097,"OCF_SALES":36.735869565217,"TOTAL_PARENT_EQUITY":1085798922.36,"DEBT_ASSET_RATIO":45.2083310307,"OPERATE_PROFIT":-293879647,"PRETAX_PROFIT":-319780276.36,"NETCASH_OPERATE":28444907.08,"NETCASH_INVEST":-5413428.48,"NETCASH_FINANCE":-105543339.28,"END_CASH":296519030.04,"DIVI_RATIO":-0.088523176225,"DIVIDEND_RATE":0.07299270073,"CURRENT_RATIO":2.27311309026,"COMMON_ACS":5000000000,"CURRENTDEBT_DEBT":13.519288876665,"ISSUED_COMMON_SHARES":2688805163,"HK_COMMON_SHARES":2688805163,"PER_SHARES":5000,"TOTAL_MARKET_CAP":3683663073.31,"HKSK_MARKET_CAP":3683663073.31,"PE_TTM":-13.603293573333,"PB_TTM":-464.054305027715,"REPORT_DATE_SQ":"2019-06-30 00:00:00","REPORT_TYPE_SQ":"2019年中报","OPERATE_INCOME_SQ":79669777.42,"DPS_HKD":0.001,"OPERATE_INCOME_QOQ_SQ":11.593230219731,"NET_PROFIT_RATIO_SQ":16.745184902,"HOLDER_PROFIT_SQ":8377334.56,"HOLDER_PROFIT_QOQ_SQ":-7.824538524643,"ROE_AVG_SQ":0.635513675742,"PE_TTM_SQ":-0.621599910679,"PB_TTM_SQ":1.582581025898,"ROA_SQ":0.289385714458,"START_DATE":"2020-07-01 00:00:00","FISCAL_YEAR":"6-30","CURRENCY":"HKD","IS_CNY_CODE":0,"DPS_HKD_LY":null,"ORG_TYPE":"一般企业","PREMIUM_INCOME":null,"PREMIUM_INCOME_YOY":null,"NET_INTEREST_INCOME":null,"NET_INTEREST_INCOME_YOY":null,"FEE_COMMISSION_INCOME":null,"FEE_COMMISSION_INCOME_YOY":null,"ACCOUNTS_RECE_TDAYS":2.117644350838,"INVENTORY_TDAYS":556.652777777778,"CURRENT_ASSETS_TDAYS":0.21400699012,"TOTAL_ASSETS_TDAYS":0.030457671203,"PREMIUM_EXPENSE":null,"LOAN_DEPOSIT":null,"LOAN_EQUITY":null,"LOAN_ASSETS":null,"DEPOSIT_EQUITY":null,"DEPOSIT_ASSETS":null,"EQUITY_MULTIPLIER":1.825094980334,"EQUITY_RATIO":1.014584927203},{"SECUCODE":"00565.HK","SECURITY_CODE":"00565","SECURITY_NAME_ABBR":"锦艺集团控股","ORG_CODE":"10008969","STD_REPORT_DATE":"2019-12-31 00:00:00","REPORT_DATE":"2020-06-30 00:00:00","DATE_TYPE_CODE":"001","REPORT_TYPE":"2019年年报","PER_NETCASH_OPERATE":0.025995349072,"PER_OI":0.054201254031,"BPS":0.476204424069,"BASIC_EPS":-0.010413216,"DILUTED_EPS":-0.010413216,"OPERATE_INCOME":145736611.68,"OPERATE_INCOME_YOY":-24.6773173196,"GROSS_PROFIT":87643654.56,"GROSS_PROFIT_YOY":-32.741379968743,"HOLDER_PROFIT":-28004243.52,"HOLDER_PROFIT_YOY":-154.8198480107,"GROSS_PROFIT_RATIO":60.138391821846,"EPS_TTM":0.013769565073,"OPERATE_INCOME_QOQ":-0.213738762135,"NET_PROFIT_RATIO":-22.3839996991,"ROE_AVG":-2.126631625131,"GROSS_PROFIT_QOQ":-3.380365154737,"ROA":-0.972894581931,"HOLDER_PROFIT_QOQ":-24.740952185056,"ROE_YEARLY":-2.126631625131,"ROIC_YEARLY":-1.195435913183,"TOTAL_ASSETS":2873568060,"TOTAL_LIABILITIES":1276507737.12,"TAX_EBT":38.646944630555,"OCF_SALES":47.96078898381,"TOTAL_PARENT_EQUITY":1280420914.08,"DEBT_ASSET_RATIO":44.4223944054,"OPERATE_PROFIT":3409871.52,"PRETAX_PROFIT":-53170428.96,"NETCASH_OPERATE":69896428.8,"NETCASH_INVEST":199470633.12,"NETCASH_FINANCE":91303808.64,"END_CASH":382818136.8,"DIVI_RATIO":0.06695781567,"DIVIDEND_RATE":0.07299270073,"CURRENT_RATIO":2.741179642333,"COMMON_ACS":5000000000,"CURRENTDEBT_DEBT":11.944059026543,"ISSUED_COMMON_SHARES":2688805163,"HK_COMMON_SHARES":2688805163,"PER_SHARES":5000,"TOTAL_MARKET_CAP":3683663073.31,"HKSK_MARKET_CAP":3683663073.31,"PE_TTM":-13.603293573333,"PB_TTM":-464.054305027715,"REPORT_DATE_SQ":"2018-12-31 00:00:00","REPORT_TYPE_SQ":"2018年年报","OPERATE_INCOME_SQ":186327821.88,"DPS_HKD":0.001,"OPERATE_INCOME_QOQ_SQ":-0.590013890376,"NET_PROFIT_RATIO_SQ":36.0871125211,"HOLDER_PROFIT_SQ":49194985.5,"HOLDER_PROFIT_QOQ_SQ":-6.354663274528,"ROE_AVG_SQ":3.760613183362,"PE_TTM_SQ":-0.621599910679,"PB_TTM_SQ":1.582581025898,"ROA_SQ":1.727858501288,"START_DATE":"2019-07-01 00:00:00","FISCAL_YEAR":"6-30","CURRENCY":"HKD","IS_CNY_CODE":0,"DPS_HKD_LY":null,"ORG_TYPE":"一般企业","PREMIUM_INCOME":null,"PREMIUM_INCOME_YOY":null,"NET_INTEREST_INCOME":null,"NET_INTEREST_INCOME_YOY":null,"FEE_COMMISSION_INCOME":null,"FEE_COMMISSION_INCOME_YOY":null,"ACCOUNTS_RECE_TDAYS":1.012530739818,"INVENTORY_TDAYS":null,"CURRENT_ASSETS_TDAYS":0.415468045076,"TOTAL_ASSETS_TDAYS":0.050630312435,"PREMIUM_EXPENSE":null,"LOAN_DEPOSIT":null,"LOAN_EQUITY":null,"LOAN_ASSETS":null,"DEPOSIT_EQUITY":null,"DEPOSIT_ASSETS":null,"EQUITY_MULTIPLIER":1.799285862177,"EQUITY_RATIO":0.996943835486}],"count":45},"success":true,"message":"ok","code":0}