{"version":"13b60826012eacc699aa549f9a477463","result":{"pages":6,"data":[{"SECUCODE":"00567.HK","SECURITY_CODE":"00567","SECURITY_NAME_ABBR":"大昌微线集团","ORG_CODE":"10008971","STD_REPORT_DATE":"2024-06-30 00:00:00","REPORT_DATE":"2024-09-30 00:00:00","DATE_TYPE_CODE":"002","REPORT_TYPE":"2024年中报","PER_NETCASH_OPERATE":0.005242641527,"PER_OI":0.020912432543,"BPS":0.049989277299,"BASIC_EPS":-0.002434833,"DILUTED_EPS":-0.002434833,"OPERATE_INCOME":33737767.48,"OPERATE_INCOME_YOY":0.3325466638,"GROSS_PROFIT":8187351.41,"GROSS_PROFIT_YOY":10.643347952818,"HOLDER_PROFIT":-3879500.58,"HOLDER_PROFIT_YOY":10.9132325533,"GROSS_PROFIT_RATIO":24.26761466909,"EPS_TTM":-0.006671760417,"OPERATE_INCOME_QOQ":0,"NET_PROFIT_RATIO":-11.4989842831,"ROE_AVG":-4.695404462926,"GROSS_PROFIT_QOQ":0,"ROA":-3.53986669958,"HOLDER_PROFIT_QOQ":0,"ROE_YEARLY":-9.390808925853,"ROIC_YEARLY":-10.824343450228,"TOTAL_ASSETS":106367032.29,"TOTAL_LIABILITIES":25719952.59,"TAX_EBT":0.06968641115,"OCF_SALES":25.069496418262,"TOTAL_PARENT_EQUITY":80647079.7,"DEBT_ASSET_RATIO":24.1803799883,"OPERATE_PROFIT":-3930000.82,"PRETAX_PROFIT":-3882205.95,"NETCASH_OPERATE":8457888.41,"NETCASH_INVEST":-27955.49,"NETCASH_FINANCE":-375144.64,"END_CASH":41915199.2,"DIVI_RATIO":null,"DIVIDEND_RATE":null,"CURRENT_RATIO":2.568412403544,"COMMON_ACS":2000000000,"CURRENTDEBT_DEBT":98.145226324463,"ISSUED_COMMON_SHARES":1613287570,"HK_COMMON_SHARES":1613287570,"PER_SHARES":20000,"TOTAL_MARKET_CAP":140356018.59,"HKSK_MARKET_CAP":140356018.59,"PE_TTM":-12.370528696457,"PB_TTM":1.569451175109,"REPORT_DATE_SQ":"2023-06-30 00:00:00","REPORT_TYPE_SQ":"2023年中报","OPERATE_INCOME_SQ":34216587.44,"DPS_HKD":null,"OPERATE_INCOME_QOQ_SQ":0,"NET_PROFIT_RATIO_SQ":-12.9505470929,"HOLDER_PROFIT_SQ":-4431235.27,"HOLDER_PROFIT_QOQ_SQ":0,"ROE_AVG_SQ":-4.67505058426,"PE_TTM_SQ":-9.386620621246,"PB_TTM_SQ":0.993561559719,"ROA_SQ":-3.530861218655,"START_DATE":"2024-04-01 00:00:00","FISCAL_YEAR":"3-31","CURRENCY":"HKD","IS_CNY_CODE":0,"DPS_HKD_LY":null,"ORG_TYPE":"一般企业","PREMIUM_INCOME":null,"PREMIUM_INCOME_YOY":null,"NET_INTEREST_INCOME":null,"NET_INTEREST_INCOME_YOY":null,"FEE_COMMISSION_INCOME":null,"FEE_COMMISSION_INCOME_YOY":null,"ACCOUNTS_RECE_TDAYS":1.900099037558,"INVENTORY_TDAYS":6.27252601284,"CURRENT_ASSETS_TDAYS":0.498467769872,"TOTAL_ASSETS_TDAYS":0.307841685181,"PREMIUM_EXPENSE":null,"LOAN_DEPOSIT":null,"LOAN_EQUITY":null,"LOAN_ASSETS":null,"DEPOSIT_EQUITY":null,"DEPOSIT_ASSETS":null,"EQUITY_MULTIPLIER":1.318919825562,"EQUITY_RATIO":0.318919825562},{"SECUCODE":"00567.HK","SECURITY_CODE":"00567","SECURITY_NAME_ABBR":"大昌微线集团","ORG_CODE":"10008971","STD_REPORT_DATE":"2023-12-31 00:00:00","REPORT_DATE":"2024-03-31 00:00:00","DATE_TYPE_CODE":"001","REPORT_TYPE":"2023年年报","PER_NETCASH_OPERATE":-0.004493169063,"PER_OI":0.048091968625,"BPS":0.052716066702,"BASIC_EPS":-0.00670847,"DILUTED_EPS":-0.00670847,"OPERATE_INCOME":77586175.2,"OPERATE_INCOME_YOY":2.18009026,"GROSS_PROFIT":16064972.55,"GROSS_PROFIT_YOY":14.69606063159,"HOLDER_PROFIT":-10763468.15,"HOLDER_PROFIT_YOY":54.3644540108,"GROSS_PROFIT_RATIO":20.70597307908,"EPS_TTM":-0.005545281453,"OPERATE_INCOME_QOQ":0,"NET_PROFIT_RATIO":-13.872920172,"ROE_AVG":-11.889228797308,"GROSS_PROFIT_QOQ":0,"ROA":-8.804205967847,"HOLDER_PROFIT_QOQ":0,"ROE_YEARLY":-11.889228797308,"ROIC_YEARLY":-13.011435553778,"TOTAL_ASSETS":113417563.95,"TOTAL_LIABILITIES":28371388.8,"TAX_EBT":null,"OCF_SALES":-9.342867825762,"TOTAL_PARENT_EQUITY":85046175.15,"DEBT_ASSET_RATIO":25.0149869314,"OPERATE_PROFIT":-10591223.65,"PRETAX_PROFIT":-10763468.15,"NETCASH_OPERATE":-7248773.8,"NETCASH_INVEST":-2905492.75,"NETCASH_FINANCE":-707109,"END_CASH":34090812.75,"DIVI_RATIO":null,"DIVIDEND_RATE":null,"CURRENT_RATIO":2.500255738124,"COMMON_ACS":2000000000,"CURRENTDEBT_DEBT":99.955265848671,"ISSUED_COMMON_SHARES":1613287570,"HK_COMMON_SHARES":1613287570,"PER_SHARES":20000,"TOTAL_MARKET_CAP":120996567.75,"HKSK_MARKET_CAP":120996567.75,"PE_TTM":-10.664248876256,"PB_TTM":1.352975150956,"REPORT_DATE_SQ":"2022-12-31 00:00:00","REPORT_TYPE_SQ":"2022年年报","OPERATE_INCOME_SQ":73322590.78,"DPS_HKD":null,"OPERATE_INCOME_QOQ_SQ":0,"NET_PROFIT_RATIO_SQ":-31.0621075002,"HOLDER_PROFIT_SQ":-22775541.97,"HOLDER_PROFIT_QOQ_SQ":0,"ROE_AVG_SQ":-21.810332180656,"PE_TTM_SQ":-11.506180116366,"PB_TTM_SQ":1.217914169978,"ROA_SQ":-16.249910215452,"START_DATE":"2023-04-01 00:00:00","FISCAL_YEAR":"3-31","CURRENCY":"HKD","IS_CNY_CODE":0,"DPS_HKD_LY":null,"ORG_TYPE":"一般企业","PREMIUM_INCOME":null,"PREMIUM_INCOME_YOY":null,"NET_INTEREST_INCOME":null,"NET_INTEREST_INCOME_YOY":null,"FEE_COMMISSION_INCOME":null,"FEE_COMMISSION_INCOME_YOY":null,"ACCOUNTS_RECE_TDAYS":4.298219621827,"INVENTORY_TDAYS":7.080125195618,"CURRENT_ASSETS_TDAYS":0.99006281596,"TOTAL_ASSETS_TDAYS":0.634632496886,"PREMIUM_EXPENSE":null,"LOAN_DEPOSIT":null,"LOAN_EQUITY":null,"LOAN_ASSETS":null,"DEPOSIT_EQUITY":null,"DEPOSIT_ASSETS":null,"EQUITY_MULTIPLIER":1.33359982092,"EQUITY_RATIO":0.33359982092},{"SECUCODE":"00567.HK","SECURITY_CODE":"00567","SECURITY_NAME_ABBR":"大昌微线集团","ORG_CODE":"10008971","STD_REPORT_DATE":"2023-06-30 00:00:00","REPORT_DATE":"2023-09-30 00:00:00","DATE_TYPE_CODE":"002","REPORT_TYPE":"2023年中报","PER_NETCASH_OPERATE":-0.002206356037,"PER_OI":0.021209230193,"BPS":0.057261736269,"BASIC_EPS":-0.00275289,"DILUTED_EPS":-0.00275289,"OPERATE_INCOME":34216587.44,"OPERATE_INCOME_YOY":-20.2498075113,"GROSS_PROFIT":7399768.32,"GROSS_PROFIT_YOY":-11.175743903989,"HOLDER_PROFIT":-4431235.27,"HOLDER_PROFIT_YOY":76.0822189203,"GROSS_PROFIT_RATIO":21.626260459129,"EPS_TTM":-0.014117471921,"OPERATE_INCOME_QOQ":0,"NET_PROFIT_RATIO":-12.9505470929,"ROE_AVG":-4.67505058426,"GROSS_PROFIT_QOQ":0,"ROA":-3.530861218655,"HOLDER_PROFIT_QOQ":0,"ROE_YEARLY":-9.350101168521,"ROIC_YEARLY":-10.665459283963,"TOTAL_ASSETS":118308200.64,"TOTAL_LIABILITIES":25928553.28,"TAX_EBT":0.596953478798,"OCF_SALES":-10.402810555675,"TOTAL_PARENT_EQUITY":92379647.36,"DEBT_ASSET_RATIO":21.9161082154,"OPERATE_PROFIT":-4724876.87,"PRETAX_PROFIT":-4457846.54,"NETCASH_OPERATE":-3559486.77,"NETCASH_INVEST":-2281228.18,"NETCASH_FINANCE":-338605.47,"END_CASH":39290163.71,"DIVI_RATIO":null,"DIVIDEND_RATE":null,"CURRENT_RATIO":2.789996100535,"COMMON_ACS":2000000000,"CURRENTDEBT_DEBT":99.833663646659,"ISSUED_COMMON_SHARES":1613287570,"HK_COMMON_SHARES":1613287570,"PER_SHARES":20000,"TOTAL_MARKET_CAP":120996567.75,"HKSK_MARKET_CAP":120996567.75,"PE_TTM":-10.664248876256,"PB_TTM":1.352975150956,"REPORT_DATE_SQ":"2022-06-30 00:00:00","REPORT_TYPE_SQ":"2022年中报","OPERATE_INCOME_SQ":42287996.64,"DPS_HKD":null,"OPERATE_INCOME_QOQ_SQ":0,"NET_PROFIT_RATIO_SQ":-43.1816237488,"HOLDER_PROFIT_SQ":-18260643.6,"HOLDER_PROFIT_QOQ_SQ":0,"ROE_AVG_SQ":-16.408630988663,"PE_TTM_SQ":-11.506180116366,"PB_TTM_SQ":1.217914169978,"ROA_SQ":-12.265205452822,"START_DATE":"2023-04-01 00:00:00","FISCAL_YEAR":"3-31","CURRENCY":"HKD","IS_CNY_CODE":0,"DPS_HKD_LY":null,"ORG_TYPE":"一般企业","PREMIUM_INCOME":null,"PREMIUM_INCOME_YOY":null,"NET_INTEREST_INCOME":null,"NET_INTEREST_INCOME_YOY":null,"FEE_COMMISSION_INCOME":null,"FEE_COMMISSION_INCOME_YOY":null,"ACCOUNTS_RECE_TDAYS":2.513600053928,"INVENTORY_TDAYS":2.28553552575,"CURRENT_ASSETS_TDAYS":0.430140273164,"TOTAL_ASSETS_TDAYS":0.272641857778,"PREMIUM_EXPENSE":null,"LOAN_DEPOSIT":null,"LOAN_EQUITY":null,"LOAN_ASSETS":null,"DEPOSIT_EQUITY":null,"DEPOSIT_ASSETS":null,"EQUITY_MULTIPLIER":1.280673871582,"EQUITY_RATIO":0.280673871583},{"SECUCODE":"00567.HK","SECURITY_CODE":"00567","SECURITY_NAME_ABBR":"大昌微线集团","ORG_CODE":"10008971","STD_REPORT_DATE":"2022-12-31 00:00:00","REPORT_DATE":"2023-03-31 00:00:00","DATE_TYPE_CODE":"001","REPORT_TYPE":"2022年年报","PER_NETCASH_OPERATE":0.003711011664,"PER_OI":0.045449176045,"BPS":0.057471573242,"BASIC_EPS":-0.014094101,"DILUTED_EPS":-0.014094101,"OPERATE_INCOME":73322590.78,"OPERATE_INCOME_YOY":-21.3325694321,"GROSS_PROFIT":14006560,"GROSS_PROFIT_YOY":121.38846998582,"HOLDER_PROFIT":-22775541.97,"HOLDER_PROFIT_YOY":10.6804449327,"GROSS_PROFIT_RATIO":19.102652880919,"EPS_TTM":-0.017248953018,"OPERATE_INCOME_QOQ":0,"NET_PROFIT_RATIO":-31.0621075002,"ROE_AVG":-21.810332180656,"GROSS_PROFIT_QOQ":0,"ROA":-16.249910215452,"HOLDER_PROFIT_QOQ":0,"ROE_YEARLY":-21.810332180656,"ROIC_YEARLY":-24.13529196217,"TOTAL_ASSETS":126586912.23,"TOTAL_LIABILITIES":33868737.49,"TAX_EBT":-0.57600123705,"OCF_SALES":8.165190190788,"TOTAL_PARENT_EQUITY":92718174.74,"DEBT_ASSET_RATIO":26.7553231952,"OPERATE_PROFIT":-22831568.21,"PRETAX_PROFIT":-22645105.88,"NETCASH_OPERATE":5986928.99,"NETCASH_INVEST":-9564729.66,"NETCASH_FINANCE":-931436.24,"END_CASH":43425588.46,"DIVI_RATIO":null,"DIVIDEND_RATE":null,"CURRENT_RATIO":2.466984573692,"COMMON_ACS":2000000000,"CURRENTDEBT_DEBT":99.190984517563,"ISSUED_COMMON_SHARES":1613287570,"HK_COMMON_SHARES":1613287570,"PER_SHARES":20000,"TOTAL_MARKET_CAP":138742731.02,"HKSK_MARKET_CAP":138742731.02,"PE_TTM":-12.22833871144,"PB_TTM":1.55141150643,"REPORT_DATE_SQ":"2021-12-31 00:00:00","REPORT_TYPE_SQ":"2021年年报","OPERATE_INCOME_SQ":86349045.71,"DPS_HKD":null,"OPERATE_INCOME_QOQ_SQ":0,"NET_PROFIT_RATIO_SQ":-27.357684252,"HOLDER_PROFIT_SQ":-23623099.28,"HOLDER_PROFIT_QOQ_SQ":0,"ROE_AVG_SQ":-25.57521851938,"PE_TTM_SQ":-9.689414834835,"PB_TTM_SQ":1.025611932613,"ROA_SQ":-14.356901693077,"START_DATE":"2022-04-01 00:00:00","FISCAL_YEAR":"3-31","CURRENCY":"HKD","IS_CNY_CODE":0,"DPS_HKD_LY":null,"ORG_TYPE":"一般企业","PREMIUM_INCOME":null,"PREMIUM_INCOME_YOY":null,"NET_INTEREST_INCOME":null,"NET_INTEREST_INCOME_YOY":null,"FEE_COMMISSION_INCOME":null,"FEE_COMMISSION_INCOME_YOY":null,"ACCOUNTS_RECE_TDAYS":3.739446837958,"INVENTORY_TDAYS":5.810900047168,"CURRENT_ASSETS_TDAYS":0.76234424633,"TOTAL_ASSETS_TDAYS":0.523142552879,"PREMIUM_EXPENSE":null,"LOAN_DEPOSIT":null,"LOAN_EQUITY":null,"LOAN_ASSETS":null,"DEPOSIT_EQUITY":null,"DEPOSIT_ASSETS":null,"EQUITY_MULTIPLIER":1.365286930906,"EQUITY_RATIO":0.365286930906},{"SECUCODE":"00567.HK","SECURITY_CODE":"00567","SECURITY_NAME_ABBR":"大昌微线集团","ORG_CODE":"10008971","STD_REPORT_DATE":"2022-06-30 00:00:00","REPORT_DATE":"2022-09-30 00:00:00","DATE_TYPE_CODE":"002","REPORT_TYPE":"2022年中报","PER_NETCASH_OPERATE":0.000228172018,"PER_OI":0.026212311696,"BPS":0.06359047616,"BASIC_EPS":-0.011215056,"DILUTED_EPS":-0.011215056,"OPERATE_INCOME":42287996.64,"OPERATE_INCOME_YOY":-6.3212518283,"GROSS_PROFIT":8330796.84,"GROSS_PROFIT_YOY":1106.30112008464,"HOLDER_PROFIT":-18260643.6,"HOLDER_PROFIT_YOY":-19.6586262076,"GROSS_PROFIT_RATIO":19.70014543588,"EPS_TTM":-0.014642832263,"OPERATE_INCOME_QOQ":0,"NET_PROFIT_RATIO":-43.1816237488,"ROE_AVG":-16.408630988663,"GROSS_PROFIT_QOQ":0,"ROA":-12.265205452822,"HOLDER_PROFIT_QOQ":0,"ROE_YEARLY":-32.817261977325,"ROIC_YEARLY":-35.142379725684,"TOTAL_ASSETS":138936455.04,"TOTAL_LIABILITIES":36346730.28,"TAX_EBT":0.143429447549,"OCF_SALES":0.870476516383,"TOTAL_PARENT_EQUITY":102589724.76,"DEBT_ASSET_RATIO":26.1606863868,"OPERATE_PROFIT":-18077042.28,"PRETAX_PROFIT":-18286872.36,"NETCASH_OPERATE":369011.52,"NETCASH_INVEST":-9452302.44,"NETCASH_FINANCE":-444984.48,"END_CASH":40160753.76,"DIVI_RATIO":null,"DIVIDEND_RATE":null,"CURRENT_RATIO":2.58674203235,"COMMON_ACS":2000000000,"CURRENTDEBT_DEBT":98.611491278274,"ISSUED_COMMON_SHARES":1613287570,"HK_COMMON_SHARES":1613287570,"PER_SHARES":20000,"TOTAL_MARKET_CAP":138742731.02,"HKSK_MARKET_CAP":138742731.02,"PE_TTM":-12.22833871144,"PB_TTM":1.55141150643,"REPORT_DATE_SQ":"2021-06-30 00:00:00","REPORT_TYPE_SQ":"2021年中报","OPERATE_INCOME_SQ":41578857.66,"DPS_HKD":null,"OPERATE_INCOME_QOQ_SQ":0,"NET_PROFIT_RATIO_SQ":-33.8061749915,"HOLDER_PROFIT_SQ":-14056221.38,"HOLDER_PROFIT_QOQ_SQ":0,"ROE_AVG_SQ":-19.726427778103,"PE_TTM_SQ":-9.689414834835,"PB_TTM_SQ":1.025611932613,"ROA_SQ":-8.393859195288,"START_DATE":"2022-04-01 00:00:00","FISCAL_YEAR":"3-31","CURRENCY":"HKD","IS_CNY_CODE":0,"DPS_HKD_LY":null,"ORG_TYPE":"一般企业","PREMIUM_INCOME":null,"PREMIUM_INCOME_YOY":null,"NET_INTEREST_INCOME":null,"NET_INTEREST_INCOME_YOY":null,"FEE_COMMISSION_INCOME":null,"FEE_COMMISSION_INCOME_YOY":null,"ACCOUNTS_RECE_TDAYS":1.604529855868,"INVENTORY_TDAYS":4.132408783226,"CURRENT_ASSETS_TDAYS":0.410906294628,"TOTAL_ASSETS_TDAYS":0.284037615727,"PREMIUM_EXPENSE":null,"LOAN_DEPOSIT":null,"LOAN_EQUITY":null,"LOAN_ASSETS":null,"DEPOSIT_EQUITY":null,"DEPOSIT_ASSETS":null,"EQUITY_MULTIPLIER":1.354292112246,"EQUITY_RATIO":0.354292112246},{"SECUCODE":"00567.HK","SECURITY_CODE":"00567","SECURITY_NAME_ABBR":"大昌微线集团","ORG_CODE":"10008971","STD_REPORT_DATE":"2021-12-31 00:00:00","REPORT_DATE":"2022-03-31 00:00:00","DATE_TYPE_CODE":"001","REPORT_TYPE":"2021年年报","PER_NETCASH_OPERATE":-0.013054280013,"PER_OI":0.053523654007,"BPS":0.066689534842,"BASIC_EPS":-0.02270828,"DILUTED_EPS":-0.02270828,"OPERATE_INCOME":86349045.71,"OPERATE_INCOME_YOY":56.8379341838,"GROSS_PROFIT":6326689.01,"GROSS_PROFIT_YOY":-39.047216343184,"HOLDER_PROFIT":-23623099.28,"HOLDER_PROFIT_YOY":56.5097945533,"GROSS_PROFIT_RATIO":7.326877741357,"EPS_TTM":-0.028503922943,"OPERATE_INCOME_QOQ":0,"NET_PROFIT_RATIO":-27.357684252,"ROE_AVG":-25.57521851938,"GROSS_PROFIT_QOQ":0,"ROA":-14.356901693077,"HOLDER_PROFIT_QOQ":0,"ROE_YEARLY":-25.57521851938,"ROIC_YEARLY":-18.180853553874,"TOTAL_ASSETS":142419844.08,"TOTAL_LIABILITIES":34830446.47,"TAX_EBT":-1.64298401421,"OCF_SALES":-24.389739929183,"TOTAL_PARENT_EQUITY":107589397.61,"DEBT_ASSET_RATIO":24.4561751173,"OPERATE_PROFIT":-20096827.8,"PRETAX_PROFIT":-21916734.24,"NETCASH_OPERATE":-21060307.68,"NETCASH_INVEST":42173331.01,"NETCASH_FINANCE":-1314647.21,"END_CASH":44615282.12,"DIVI_RATIO":null,"DIVIDEND_RATE":null,"CURRENT_RATIO":2.922011167963,"COMMON_ACS":2000000000,"CURRENTDEBT_DEBT":99.660046103337,"ISSUED_COMMON_SHARES":1613287570,"HK_COMMON_SHARES":1613287570,"PER_SHARES":20000,"TOTAL_MARKET_CAP":120996567.75,"HKSK_MARKET_CAP":120996567.75,"PE_TTM":-10.664248876256,"PB_TTM":1.352975150956,"REPORT_DATE_SQ":"2020-12-31 00:00:00","REPORT_TYPE_SQ":"2020年年报","OPERATE_INCOME_SQ":57375889.48,"DPS_HKD":null,"OPERATE_INCOME_QOQ_SQ":0,"NET_PROFIT_RATIO_SQ":-98.6595174263,"HOLDER_PROFIT_SQ":-56606775.68,"HOLDER_PROFIT_QOQ_SQ":0,"ROE_AVG_SQ":-58.697328752717,"PE_TTM_SQ":-11.506180116366,"PB_TTM_SQ":1.217914169978,"ROA_SQ":-27.46167313819,"START_DATE":"2021-04-01 00:00:00","FISCAL_YEAR":"3-31","CURRENCY":"HKD","IS_CNY_CODE":0,"DPS_HKD_LY":null,"ORG_TYPE":"一般企业","PREMIUM_INCOME":null,"PREMIUM_INCOME_YOY":null,"NET_INTEREST_INCOME":null,"NET_INTEREST_INCOME_YOY":null,"FEE_COMMISSION_INCOME":null,"FEE_COMMISSION_INCOME_YOY":null,"ACCOUNTS_RECE_TDAYS":3.506834425744,"INVENTORY_TDAYS":8.950877670431,"CURRENT_ASSETS_TDAYS":0.770479346977,"TOTAL_ASSETS_TDAYS":0.524784976711,"PREMIUM_EXPENSE":null,"LOAN_DEPOSIT":null,"LOAN_EQUITY":null,"LOAN_ASSETS":null,"DEPOSIT_EQUITY":null,"DEPOSIT_ASSETS":null,"EQUITY_MULTIPLIER":1.323734933402,"EQUITY_RATIO":0.323734933402},{"SECUCODE":"00567.HK","SECURITY_CODE":"00567","SECURITY_NAME_ABBR":"大昌微线集团","ORG_CODE":"10008971","STD_REPORT_DATE":"2021-06-30 00:00:00","REPORT_DATE":"2021-09-30 00:00:00","DATE_TYPE_CODE":"002","REPORT_TYPE":"2021年中报","PER_NETCASH_OPERATE":-0.026954730706,"PER_OI":0.051545500546,"BPS":0.039217584054,"BASIC_EPS":-0.017410954,"DILUTED_EPS":-0.017410954,"OPERATE_INCOME":41578857.66,"OPERATE_INCOME_YOY":171.5358250367,"GROSS_PROFIT":690606.74,"GROSS_PROFIT_YOY":-61.959169995749,"HOLDER_PROFIT":-14056221.38,"HOLDER_PROFIT_YOY":39.9195271329,"GROSS_PROFIT_RATIO":1.660956502575,"EPS_TTM":-0.070175679442,"OPERATE_INCOME_QOQ":0,"NET_PROFIT_RATIO":-33.8061749915,"ROE_AVG":-19.726427778103,"GROSS_PROFIT_QOQ":0,"ROA":-8.393859195288,"HOLDER_PROFIT_QOQ":0,"ROE_YEARLY":-39.452855556205,"ROIC_YEARLY":-18.95848022045,"TOTAL_ASSETS":143178022.2,"TOTAL_LIABILITIES":79908781.32,"TAX_EBT":0.273117440499,"OCF_SALES":-52.2930816854,"TOTAL_PARENT_EQUITY":63269240.88,"DEBT_ASSET_RATIO":55.8107872229,"OPERATE_PROFIT":-11510390.02,"PRETAX_PROFIT":-12810796.68,"NETCASH_OPERATE":-21742866,"NETCASH_INVEST":43325784.48,"NETCASH_FINANCE":-34595315.68,"END_CASH":13079042,"DIVI_RATIO":null,"DIVIDEND_RATE":null,"CURRENT_RATIO":1.059028720627,"COMMON_ACS":2000000000,"CURRENTDEBT_DEBT":99.820687642043,"ISSUED_COMMON_SHARES":1613287570,"HK_COMMON_SHARES":1613287570,"PER_SHARES":20000,"TOTAL_MARKET_CAP":120996567.75,"HKSK_MARKET_CAP":120996567.75,"PE_TTM":-10.664248876256,"PB_TTM":1.352975150956,"REPORT_DATE_SQ":"2020-06-30 00:00:00","REPORT_TYPE_SQ":"2020年中报","OPERATE_INCOME_SQ":16151752.32,"DPS_HKD":null,"OPERATE_INCOME_QOQ_SQ":0,"NET_PROFIT_RATIO_SQ":-101.298513923,"HOLDER_PROFIT_SQ":-24677972.48,"HOLDER_PROFIT_QOQ_SQ":0,"ROE_AVG_SQ":-21.29576268616,"PE_TTM_SQ":-11.506180116366,"PB_TTM_SQ":1.217914169978,"ROA_SQ":-10.695081267994,"START_DATE":"2021-04-01 00:00:00","FISCAL_YEAR":"3-31","CURRENCY":"HKD","IS_CNY_CODE":0,"DPS_HKD_LY":null,"ORG_TYPE":"一般企业","PREMIUM_INCOME":null,"PREMIUM_INCOME_YOY":null,"NET_INTEREST_INCOME":null,"NET_INTEREST_INCOME_YOY":null,"FEE_COMMISSION_INCOME":null,"FEE_COMMISSION_INCOME_YOY":null,"ACCOUNTS_RECE_TDAYS":1.508796856106,"INVENTORY_TDAYS":3.166274231526,"CURRENT_ASSETS_TDAYS":0.395001444326,"TOTAL_ASSETS_TDAYS":0.248293668166,"PREMIUM_EXPENSE":null,"LOAN_DEPOSIT":null,"LOAN_EQUITY":null,"LOAN_ASSETS":null,"DEPOSIT_EQUITY":null,"DEPOSIT_ASSETS":null,"EQUITY_MULTIPLIER":2.262995733923,"EQUITY_RATIO":1.262995733923},{"SECUCODE":"00567.HK","SECURITY_CODE":"00567","SECURITY_NAME_ABBR":"大昌微线集团","ORG_CODE":"10008971","STD_REPORT_DATE":"2020-12-31 00:00:00","REPORT_DATE":"2021-03-31 00:00:00","DATE_TYPE_CODE":"001","REPORT_TYPE":"2020年年报","PER_NETCASH_OPERATE":0.043336960663,"PER_OI":0.071129153347,"BPS":0.049833156503,"BASIC_EPS":-0.087729684,"DILUTED_EPS":-0.087729684,"OPERATE_INCOME":57375889.48,"OPERATE_INCOME_YOY":-94.2731905582,"GROSS_PROFIT":10379655.58,"GROSS_PROFIT_YOY":98.220656205858,"HOLDER_PROFIT":-56606775.68,"HOLDER_PROFIT_YOY":23.2349165597,"GROSS_PROFIT_RATIO":18.090622514215,"EPS_TTM":-0.065471287127,"OPERATE_INCOME_QOQ":0,"NET_PROFIT_RATIO":-98.6595174263,"ROE_AVG":-58.697328752717,"GROSS_PROFIT_QOQ":0,"ROA":-27.46167313819,"HOLDER_PROFIT_QOQ":0,"ROE_YEARLY":-58.697328752717,"ROIC_YEARLY":-31.385486274473,"TOTAL_ASSETS":194528319.16,"TOTAL_LIABILITIES":114133107.2,"TAX_EBT":-1.439238177686,"OCF_SALES":60.927142562531,"TOTAL_PARENT_EQUITY":80395211.96,"DEBT_ASSET_RATIO":58.6717181811,"OPERATE_PROFIT":-24771380.62,"PRETAX_PROFIT":-31241233.52,"NETCASH_OPERATE":34957489.98,"NETCASH_INVEST":-14261567.32,"NETCASH_FINANCE":-22158084.06,"END_CASH":25636844.94,"DIVI_RATIO":null,"DIVIDEND_RATE":null,"CURRENT_RATIO":1.200995332889,"COMMON_ACS":2000000000,"CURRENTDEBT_DEBT":93.296800947867,"ISSUED_COMMON_SHARES":1613287570,"HK_COMMON_SHARES":1613287570,"PER_SHARES":20000,"TOTAL_MARKET_CAP":120996567.75,"HKSK_MARKET_CAP":120996567.75,"PE_TTM":-10.664248876256,"PB_TTM":1.352975150956,"REPORT_DATE_SQ":"2019-12-31 00:00:00","REPORT_TYPE_SQ":"2019年年报","OPERATE_INCOME_SQ":1083106375.9,"DPS_HKD":null,"OPERATE_INCOME_QOQ_SQ":0,"NET_PROFIT_RATIO_SQ":-7.235634138,"HOLDER_PROFIT_SQ":-79718497.6,"HOLDER_PROFIT_QOQ_SQ":0,"ROE_AVG_SQ":-48.163932254289,"PE_TTM_SQ":-11.506180116366,"PB_TTM_SQ":1.217914169978,"ROA_SQ":-16.611847898625,"START_DATE":"2020-04-01 00:00:00","FISCAL_YEAR":"3-31","CURRENCY":"HKD","IS_CNY_CODE":0,"DPS_HKD_LY":null,"ORG_TYPE":"一般企业","PREMIUM_INCOME":null,"PREMIUM_INCOME_YOY":null,"NET_INTEREST_INCOME":null,"NET_INTEREST_INCOME_YOY":null,"FEE_COMMISSION_INCOME":null,"FEE_COMMISSION_INCOME_YOY":null,"ACCOUNTS_RECE_TDAYS":1.095642349903,"INVENTORY_TDAYS":9.332046656038,"CURRENT_ASSETS_TDAYS":0.47932781416,"TOTAL_ASSETS_TDAYS":0.278347936971,"PREMIUM_EXPENSE":null,"LOAN_DEPOSIT":null,"LOAN_EQUITY":null,"LOAN_ASSETS":null,"DEPOSIT_EQUITY":null,"DEPOSIT_ASSETS":null,"EQUITY_MULTIPLIER":2.419650554025,"EQUITY_RATIO":1.419650554025},{"SECUCODE":"00567.HK","SECURITY_CODE":"00567","SECURITY_NAME_ABBR":"大昌微线集团","ORG_CODE":"10008971","STD_REPORT_DATE":"2020-06-30 00:00:00","REPORT_DATE":"2020-09-30 00:00:00","DATE_TYPE_CODE":"002","REPORT_TYPE":"2020年中报","PER_NETCASH_OPERATE":0.044988021694,"PER_OI":0.023359458383,"BPS":0.071170713551,"BASIC_EPS":-0.041914944,"DILUTED_EPS":-0.041914944,"OPERATE_INCOME":16151752.32,"OPERATE_INCOME_YOY":-97.6614974548,"GROSS_PROFIT":1815435.52,"GROSS_PROFIT_YOY":-90.939289394349,"HOLDER_PROFIT":-24677972.48,"HOLDER_PROFIT_YOY":57.1563691838,"GROSS_PROFIT_RATIO":41.152070408311,"EPS_TTM":-0.138341618036,"OPERATE_INCOME_QOQ":0,"NET_PROFIT_RATIO":-101.298513923,"ROE_AVG":-21.29576268616,"GROSS_PROFIT_QOQ":0,"ROA":-10.695081267994,"HOLDER_PROFIT_QOQ":0,"ROE_YEARLY":-42.59152537232,"ROIC_YEARLY":-25.626659609997,"TOTAL_ASSETS":235110323.2,"TOTAL_LIABILITIES":120291495.68,"TAX_EBT":0.027336408679,"OCF_SALES":127.687202423893,"TOTAL_PARENT_EQUITY":114818827.52,"DEBT_ASSET_RATIO":51.1638510988,"OPERATE_PROFIT":null,"PRETAX_PROFIT":-25715740.8,"NETCASH_OPERATE":31106688,"NETCASH_INVEST":11610527.36,"NETCASH_FINANCE":-23644597.76,"END_CASH":49358581.12,"DIVI_RATIO":null,"DIVIDEND_RATE":null,"CURRENT_RATIO":0.928183211414,"COMMON_ACS":2000000000,"CURRENTDEBT_DEBT":92.470086344179,"ISSUED_COMMON_SHARES":1613287570,"HK_COMMON_SHARES":1613287570,"PER_SHARES":20000,"TOTAL_MARKET_CAP":120996567.75,"HKSK_MARKET_CAP":120996567.75,"PE_TTM":-10.664248876256,"PB_TTM":1.352975150956,"REPORT_DATE_SQ":"2019-06-30 00:00:00","REPORT_TYPE_SQ":"2019年中报","OPERATE_INCOME_SQ":1069373445.45,"DPS_HKD":null,"OPERATE_INCOME_QOQ_SQ":0,"NET_PROFIT_RATIO_SQ":-5.529102649,"HOLDER_PROFIT_SQ":-59126755.5,"HOLDER_PROFIT_QOQ_SQ":0,"ROE_AVG_SQ":-33.640744561285,"PE_TTM_SQ":-11.506180116366,"PB_TTM_SQ":1.217914169978,"ROA_SQ":-11.471753323177,"START_DATE":"2020-04-01 00:00:00","FISCAL_YEAR":"3-31","CURRENCY":"HKD","IS_CNY_CODE":0,"DPS_HKD_LY":null,"ORG_TYPE":"一般企业","PREMIUM_INCOME":null,"PREMIUM_INCOME_YOY":null,"NET_INTEREST_INCOME":null,"NET_INTEREST_INCOME_YOY":null,"FEE_COMMISSION_INCOME":null,"FEE_COMMISSION_INCOME_YOY":null,"ACCOUNTS_RECE_TDAYS":0.311920378085,"INVENTORY_TDAYS":2.835172473716,"CURRENT_ASSETS_TDAYS":0.222290820601,"TOTAL_ASSETS_TDAYS":0.10557984371,"PREMIUM_EXPENSE":null,"LOAN_DEPOSIT":null,"LOAN_EQUITY":null,"LOAN_ASSETS":null,"DEPOSIT_EQUITY":null,"DEPOSIT_ASSETS":null,"EQUITY_MULTIPLIER":2.047663508486,"EQUITY_RATIO":1.047663508487}],"count":48},"success":true,"message":"ok","code":0}