{"version":"60f51ad2d7330d2b24d130dd6ddea64d","result":{"pages":6,"data":[{"SECUCODE":"00570.HK","SECURITY_CODE":"00570","SECURITY_NAME_ABBR":"中国中药","ORG_CODE":"10008972","STD_REPORT_DATE":"2024-06-30 00:00:00","REPORT_DATE":"2024-06-30 00:00:00","DATE_TYPE_CODE":"002","REPORT_TYPE":"2024年中报","PER_NETCASH_OPERATE":0.113130146249,"PER_OI":1.665171356309,"BPS":4.243831991029,"BASIC_EPS":0.0419,"DILUTED_EPS":0.0419,"OPERATE_INCOME":8385473000,"OPERATE_INCOME_YOY":-9.8622835728,"GROSS_PROFIT":4061254000,"GROSS_PROFIT_YOY":-14.64324326142,"HOLDER_PROFIT":210979000,"HOLDER_PROFIT_YOY":-63.5452412301,"GROSS_PROFIT_RATIO":48.432020471594,"EPS_TTM":0.182182902934,"OPERATE_INCOME_QOQ":-5.062857506743,"NET_PROFIT_RATIO":2.553737875,"ROE_AVG":0.992113278073,"GROSS_PROFIT_QOQ":-7.512238945271,"ROA":0.565515387443,"HOLDER_PROFIT_QOQ":-28.615234982882,"ROE_YEARLY":1.984226556146,"ROIC_YEARLY":1.351613580443,"TOTAL_ASSETS":37546421000,"TOTAL_LIABILITIES":13395845000,"TAX_EBT":28.484073284931,"OCF_SALES":6.793904172132,"TOTAL_PARENT_EQUITY":21371097000,"DEBT_ASSET_RATIO":35.6780876665,"OPERATE_PROFIT":384582000,"PRETAX_PROFIT":299434000,"NETCASH_OPERATE":569701000,"NETCASH_INVEST":-165254000,"NETCASH_FINANCE":47072000,"END_CASH":3438433000,"DIVI_RATIO":null,"DIVIDEND_RATE":null,"CURRENT_RATIO":2.07844279398,"COMMON_ACS":null,"CURRENTDEBT_DEBT":73.817896519406,"ISSUED_COMMON_SHARES":5035801852,"HK_COMMON_SHARES":5035801852,"PER_SHARES":2000,"TOTAL_MARKET_CAP":10021245685.48,"HKSK_MARKET_CAP":10021245685.48,"PE_TTM":9.808916978554,"PB_TTM":0.427970099627,"REPORT_DATE_SQ":"2023-06-30 00:00:00","REPORT_TYPE_SQ":"2023年中报","OPERATE_INCOME_SQ":9302957000,"DPS_HKD":null,"OPERATE_INCOME_QOQ_SQ":23.708484518089,"NET_PROFIT_RATIO_SQ":6.6318698453,"HOLDER_PROFIT_SQ":578742000,"HOLDER_PROFIT_QOQ_SQ":21.609491983158,"ROE_AVG_SQ":2.845267262045,"PE_TTM_SQ":17.278371737173,"PB_TTM_SQ":0.77634926881,"ROA_SQ":1.563419154593,"START_DATE":"2024-01-01 00:00:00","FISCAL_YEAR":"12-31","CURRENCY":"HKD","IS_CNY_CODE":0,"DPS_HKD_LY":null,"ORG_TYPE":"一般企业","PREMIUM_INCOME":null,"PREMIUM_INCOME_YOY":null,"NET_INTEREST_INCOME":null,"NET_INTEREST_INCOME_YOY":null,"FEE_COMMISSION_INCOME":null,"FEE_COMMISSION_INCOME_YOY":null,"ACCOUNTS_RECE_TDAYS":0.840870962819,"INVENTORY_TDAYS":0.749119582205,"CURRENT_ASSETS_TDAYS":0.415610129828,"TOTAL_ASSETS_TDAYS":0.224767110115,"PREMIUM_EXPENSE":null,"LOAN_DEPOSIT":null,"LOAN_EQUITY":null,"LOAN_ASSETS":null,"DEPOSIT_EQUITY":null,"DEPOSIT_ASSETS":null,"EQUITY_MULTIPLIER":1.554680145104,"EQUITY_RATIO":0.626820654082},{"SECUCODE":"00570.HK","SECURITY_CODE":"00570","SECURITY_NAME_ABBR":"中国中药","ORG_CODE":"10008972","STD_REPORT_DATE":"2023-12-31 00:00:00","REPORT_DATE":"2023-12-31 00:00:00","DATE_TYPE_CODE":"001","REPORT_TYPE":"2023年年报","PER_NETCASH_OPERATE":0.232099878897,"PER_OI":3.598604856306,"BPS":4.201939556378,"BASIC_EPS":0.2552,"DILUTED_EPS":0.2552,"OPERATE_INCOME":18121861000,"OPERATE_INCOME_YOY":26.6887193323,"GROSS_PROFIT":9274492000,"GROSS_PROFIT_YOY":28.840089508133,"HOLDER_PROFIT":1285200000,"HOLDER_PROFIT_YOY":68.1129543249,"GROSS_PROFIT_RATIO":51.178474440346,"EPS_TTM":0.255212583372,"OPERATE_INCOME_QOQ":2.409078751445,"NET_PROFIT_RATIO":7.7037893625,"ROE_AVG":6.219472766602,"GROSS_PROFIT_QOQ":2.997759912009,"ROA":3.53619549361,"HOLDER_PROFIT_QOQ":38.279787394289,"ROE_YEARLY":6.219472766602,"ROIC_YEARLY":4.210350306911,"TOTAL_ASSETS":37068348000,"TOTAL_LIABILITIES":13131730000,"TAX_EBT":-14.008360738339,"OCF_SALES":6.449718381572,"TOTAL_PARENT_EQUITY":21160135000,"DEBT_ASSET_RATIO":35.4257222361,"OPERATE_PROFIT":1427277000,"PRETAX_PROFIT":1224533000,"NETCASH_OPERATE":1168809000,"NETCASH_INVEST":-477620000,"NETCASH_FINANCE":-584306000,"END_CASH":2986819000,"DIVI_RATIO":null,"DIVIDEND_RATE":null,"CURRENT_RATIO":2.121578766903,"COMMON_ACS":null,"CURRENTDEBT_DEBT":71.069082291518,"ISSUED_COMMON_SHARES":5035801852,"HK_COMMON_SHARES":5035801852,"PER_SHARES":2000,"TOTAL_MARKET_CAP":11834134352.2,"HKSK_MARKET_CAP":11834134352.2,"PE_TTM":11.58339442191,"PB_TTM":0.505391826192,"REPORT_DATE_SQ":"2022-12-31 00:00:00","REPORT_TYPE_SQ":"2022年年报","OPERATE_INCOME_SQ":14304242000,"DPS_HKD":null,"OPERATE_INCOME_QOQ_SQ":-14.932106514572,"NET_PROFIT_RATIO_SQ":5.0387290707,"HOLDER_PROFIT_SQ":764486000,"HOLDER_PROFIT_QOQ_SQ":-46.049958422101,"ROE_AVG_SQ":3.832310623823,"PE_TTM_SQ":19.948207603267,"PB_TTM_SQ":0.896309942999,"ROA_SQ":2.122689613213,"START_DATE":"2023-01-01 00:00:00","FISCAL_YEAR":"12-31","CURRENCY":"HKD","IS_CNY_CODE":0,"DPS_HKD_LY":0.0518,"ORG_TYPE":"一般企业","PREMIUM_INCOME":null,"PREMIUM_INCOME_YOY":null,"NET_INTEREST_INCOME":null,"NET_INTEREST_INCOME_YOY":null,"FEE_COMMISSION_INCOME":null,"FEE_COMMISSION_INCOME_YOY":null,"ACCOUNTS_RECE_TDAYS":2.032905227491,"INVENTORY_TDAYS":1.474680826257,"CURRENT_ASSETS_TDAYS":0.959678574585,"TOTAL_ASSETS_TDAYS":0.498618450078,"PREMIUM_EXPENSE":null,"LOAN_DEPOSIT":null,"LOAN_EQUITY":null,"LOAN_ASSETS":null,"DEPOSIT_EQUITY":null,"DEPOSIT_ASSETS":null,"EQUITY_MULTIPLIER":1.548604234733,"EQUITY_RATIO":0.62058819568},{"SECUCODE":"00570.HK","SECURITY_CODE":"00570","SECURITY_NAME_ABBR":"中国中药","ORG_CODE":"10008972","STD_REPORT_DATE":"2023-06-30 00:00:00","REPORT_DATE":"2023-06-30 00:00:00","DATE_TYPE_CODE":"002","REPORT_TYPE":"2023年中报","PER_NETCASH_OPERATE":-0.122898997655,"PER_OI":1.847363592415,"BPS":4.073413252321,"BASIC_EPS":0.1149,"DILUTED_EPS":0.1149,"OPERATE_INCOME":9302957000,"OPERATE_INCOME_YOY":57.3668245586,"GROSS_PROFIT":4757976000,"GROSS_PROFIT_YOY":61.185092437983,"HOLDER_PROFIT":578742000,"HOLDER_PROFIT_YOY":39.9320096328,"GROSS_PROFIT_RATIO":51.144770420846,"EPS_TTM":0.184562464393,"OPERATE_INCOME_QOQ":23.708484518089,"NET_PROFIT_RATIO":6.6318698453,"ROE_AVG":2.845267262045,"GROSS_PROFIT_QOQ":25.090186056669,"ROA":1.563419154593,"HOLDER_PROFIT_QOQ":21.609491983158,"ROE_YEARLY":5.69053452409,"ROIC_YEARLY":3.756588461636,"TOTAL_ASSETS":38415483000,"TOTAL_LIABILITIES":15075085000,"TAX_EBT":12.712291245763,"OCF_SALES":-6.652669683414,"TOTAL_PARENT_EQUITY":20512902000,"DEBT_ASSET_RATIO":39.2422112719,"OPERATE_PROFIT":814046000,"PRETAX_PROFIT":706812000,"NETCASH_OPERATE":-618895000,"NETCASH_INVEST":-824602000,"NETCASH_FINANCE":1608772000,"END_CASH":3045240000,"DIVI_RATIO":null,"DIVIDEND_RATE":null,"CURRENT_RATIO":1.926784499509,"COMMON_ACS":null,"CURRENTDEBT_DEBT":72.148720886151,"ISSUED_COMMON_SHARES":5035801852,"HK_COMMON_SHARES":5035801852,"PER_SHARES":2000,"TOTAL_MARKET_CAP":11834134352.2,"HKSK_MARKET_CAP":11834134352.2,"PE_TTM":11.58339442191,"PB_TTM":0.505391826192,"REPORT_DATE_SQ":"2022-06-30 00:00:00","REPORT_TYPE_SQ":"2022年中报","OPERATE_INCOME_SQ":5911638000,"DPS_HKD":null,"OPERATE_INCOME_QOQ_SQ":-11.744797431895,"NET_PROFIT_RATIO_SQ":7.130595615,"HOLDER_PROFIT_SQ":413588000,"HOLDER_PROFIT_QOQ_SQ":-26.708635605927,"ROE_AVG_SQ":2.092706130704,"PE_TTM_SQ":19.948207603267,"PB_TTM_SQ":0.896309942999,"ROA_SQ":1.113143530216,"START_DATE":"2023-01-01 00:00:00","FISCAL_YEAR":"12-31","CURRENCY":"HKD","IS_CNY_CODE":0,"DPS_HKD_LY":0.0518,"ORG_TYPE":"一般企业","PREMIUM_INCOME":null,"PREMIUM_INCOME_YOY":null,"NET_INTEREST_INCOME":null,"NET_INTEREST_INCOME_YOY":null,"FEE_COMMISSION_INCOME":null,"FEE_COMMISSION_INCOME_YOY":null,"ACCOUNTS_RECE_TDAYS":1.009395187421,"INVENTORY_TDAYS":0.779236893292,"CURRENT_ASSETS_TDAYS":0.478014678659,"TOTAL_ASSETS_TDAYS":0.251310967031,"PREMIUM_EXPENSE":null,"LOAN_DEPOSIT":null,"LOAN_EQUITY":null,"LOAN_ASSETS":null,"DEPOSIT_EQUITY":null,"DEPOSIT_ASSETS":null,"EQUITY_MULTIPLIER":1.645879517563,"EQUITY_RATIO":0.73490747433},{"SECUCODE":"00570.HK","SECURITY_CODE":"00570","SECURITY_NAME_ABBR":"中国中药","ORG_CODE":"10008972","STD_REPORT_DATE":"2022-12-31 00:00:00","REPORT_DATE":"2022-12-31 00:00:00","DATE_TYPE_CODE":"001","REPORT_TYPE":"2022年年报","PER_NETCASH_OPERATE":0.216919178336,"PER_OI":2.840509301278,"BPS":4.004669086015,"BASIC_EPS":0.1518,"DILUTED_EPS":0.1518,"OPERATE_INCOME":14304242000,"OPERATE_INCOME_YOY":-24.923158284,"GROSS_PROFIT":7198452000,"GROSS_PROFIT_YOY":-39.146565145818,"HOLDER_PROFIT":764486000,"HOLDER_PROFIT_YOY":-60.4592784364,"GROSS_PROFIT_RATIO":50.323896925122,"EPS_TTM":0.151766495677,"OPERATE_INCOME_QOQ":-14.932106514572,"NET_PROFIT_RATIO":5.0387290707,"ROE_AVG":3.832310623823,"GROSS_PROFIT_QOQ":-26.383174119757,"ROA":2.122689613213,"HOLDER_PROFIT_QOQ":-46.049958422101,"ROE_YEARLY":3.832310623823,"ROIC_YEARLY":2.5339436907,"TOTAL_ASSETS":35636977000,"TOTAL_LIABILITIES":12688862000,"TAX_EBT":14.181969244467,"OCF_SALES":7.636629749413,"TOTAL_PARENT_EQUITY":20168127000,"DEBT_ASSET_RATIO":35.5793374279,"OPERATE_PROFIT":1064283000,"PRETAX_PROFIT":840109000,"NETCASH_OPERATE":1092362000,"NETCASH_INVEST":-374153000,"NETCASH_FINANCE":-557279000,"END_CASH":2879563000,"DIVI_RATIO":null,"DIVIDEND_RATE":null,"CURRENT_RATIO":1.778388610506,"COMMON_ACS":null,"CURRENTDEBT_DEBT":79.619307074188,"ISSUED_COMMON_SHARES":5035801852,"HK_COMMON_SHARES":5035801852,"PER_SHARES":2000,"TOTAL_MARKET_CAP":11834134352.2,"HKSK_MARKET_CAP":11834134352.2,"PE_TTM":11.58339442191,"PB_TTM":0.505391826192,"REPORT_DATE_SQ":"2021-12-31 00:00:00","REPORT_TYPE_SQ":"2021年年报","OPERATE_INCOME_SQ":19052802000,"DPS_HKD":null,"OPERATE_INCOME_QOQ_SQ":16.886921632863,"NET_PROFIT_RATIO_SQ":11.1449434052,"HOLDER_PROFIT_SQ":1932858000,"HOLDER_PROFIT_QOQ_SQ":3.857741516542,"ROE_AVG_SQ":10.231429656202,"PE_TTM_SQ":19.948207603267,"PB_TTM_SQ":0.896309942999,"ROA_SQ":5.563970491748,"START_DATE":"2022-01-01 00:00:00","FISCAL_YEAR":"12-31","CURRENCY":"HKD","IS_CNY_CODE":0,"DPS_HKD_LY":0.0736,"ORG_TYPE":"一般企业","PREMIUM_INCOME":null,"PREMIUM_INCOME_YOY":null,"NET_INTEREST_INCOME":null,"NET_INTEREST_INCOME_YOY":null,"FEE_COMMISSION_INCOME":null,"FEE_COMMISSION_INCOME_YOY":null,"ACCOUNTS_RECE_TDAYS":1.678228972777,"INVENTORY_TDAYS":1.282312995758,"CURRENT_ASSETS_TDAYS":0.790951171812,"TOTAL_ASSETS_TDAYS":0.397289241158,"PREMIUM_EXPENSE":null,"LOAN_DEPOSIT":null,"LOAN_EQUITY":null,"LOAN_ASSETS":null,"DEPOSIT_EQUITY":null,"DEPOSIT_ASSETS":null,"EQUITY_MULTIPLIER":1.552296980617,"EQUITY_RATIO":0.629154209511},{"SECUCODE":"00570.HK","SECURITY_CODE":"00570","SECURITY_NAME_ABBR":"中国中药","ORG_CODE":"10008972","STD_REPORT_DATE":"2022-06-30 00:00:00","REPORT_DATE":"2022-06-30 00:00:00","DATE_TYPE_CODE":"002","REPORT_TYPE":"2022年中报","PER_NETCASH_OPERATE":0.049990251284,"PER_OI":1.173921884486,"BPS":3.933425417073,"BASIC_EPS":0.0821,"DILUTED_EPS":0.0821,"OPERATE_INCOME":5911638000,"OPERATE_INCOME_YOY":-27.4587878225,"GROSS_PROFIT":2951871000,"GROSS_PROFIT_YOY":-40.995197854626,"HOLDER_PROFIT":413588000,"HOLDER_PROFIT_YOY":-55.5199456244,"GROSS_PROFIT_RATIO":49.933216479088,"EPS_TTM":0.281309321064,"OPERATE_INCOME_QOQ":-11.744797431895,"NET_PROFIT_RATIO":7.130595615,"ROE_AVG":2.092706130704,"GROSS_PROFIT_QOQ":-17.337600301898,"ROA":1.113143530216,"HOLDER_PROFIT_QOQ":-26.708635605927,"ROE_YEARLY":4.185412261408,"ROIC_YEARLY":2.726063172415,"TOTAL_ASSETS":37920646000,"TOTAL_LIABILITIES":15188979000,"TAX_EBT":10.267026562161,"OCF_SALES":4.258396742155,"TOTAL_PARENT_EQUITY":19807951000,"DEBT_ASSET_RATIO":40.0546420016,"OPERATE_PROFIT":569971000,"PRETAX_PROFIT":469766000,"NETCASH_OPERATE":251741000,"NETCASH_INVEST":-437487000,"NETCASH_FINANCE":1933882000,"END_CASH":4466567000,"DIVI_RATIO":null,"DIVIDEND_RATE":null,"CURRENT_RATIO":1.589577089272,"COMMON_ACS":null,"CURRENTDEBT_DEBT":82.64936701802,"ISSUED_COMMON_SHARES":5035801852,"HK_COMMON_SHARES":5035801852,"PER_SHARES":2000,"TOTAL_MARKET_CAP":11834134352.2,"HKSK_MARKET_CAP":11834134352.2,"PE_TTM":11.58339442191,"PB_TTM":0.505391826192,"REPORT_DATE_SQ":"2021-06-30 00:00:00","REPORT_TYPE_SQ":"2021年中报","OPERATE_INCOME_SQ":8149351000,"DPS_HKD":null,"OPERATE_INCOME_QOQ_SQ":10.090605482796,"NET_PROFIT_RATIO_SQ":12.3528732533,"HOLDER_PROFIT_SQ":929828000,"HOLDER_PROFIT_QOQ_SQ":11.892824611981,"ROE_AVG_SQ":5.018162903617,"PE_TTM_SQ":19.948207603267,"PB_TTM_SQ":0.896309942999,"ROA_SQ":2.707204528355,"START_DATE":"2022-01-01 00:00:00","FISCAL_YEAR":"12-31","CURRENCY":"HKD","IS_CNY_CODE":0,"DPS_HKD_LY":0.0736,"ORG_TYPE":"一般企业","PREMIUM_INCOME":null,"PREMIUM_INCOME_YOY":null,"NET_INTEREST_INCOME":null,"NET_INTEREST_INCOME_YOY":null,"FEE_COMMISSION_INCOME":null,"FEE_COMMISSION_INCOME_YOY":null,"ACCOUNTS_RECE_TDAYS":0.711625913196,"INVENTORY_TDAYS":0.535372890797,"CURRENT_ASSETS_TDAYS":0.309850897924,"TOTAL_ASSETS_TDAYS":0.15910765285,"PREMIUM_EXPENSE":null,"LOAN_DEPOSIT":null,"LOAN_EQUITY":null,"LOAN_ASSETS":null,"DEPOSIT_EQUITY":null,"DEPOSIT_ASSETS":null,"EQUITY_MULTIPLIER":1.668185883595,"EQUITY_RATIO":0.76681222606},{"SECUCODE":"00570.HK","SECURITY_CODE":"00570","SECURITY_NAME_ABBR":"中国中药","ORG_CODE":"10008972","STD_REPORT_DATE":"2021-12-31 00:00:00","REPORT_DATE":"2021-12-31 00:00:00","DATE_TYPE_CODE":"001","REPORT_TYPE":"2021年年报","PER_NETCASH_OPERATE":0.158073932096,"PER_OI":3.783469358,"BPS":3.915695966506,"BASIC_EPS":0.3838,"DILUTED_EPS":0.3838,"OPERATE_INCOME":19052802000,"OPERATE_INCOME_YOY":28.6815197558,"GROSS_PROFIT":11829163000,"GROSS_PROFIT_YOY":29.619392783864,"HOLDER_PROFIT":1932858000,"HOLDER_PROFIT_YOY":16.2093605611,"GROSS_PROFIT_RATIO":62.086211781343,"EPS_TTM":0.383823283125,"OPERATE_INCOME_QOQ":16.886921632863,"NET_PROFIT_RATIO":11.1449434052,"ROE_AVG":10.231429656202,"GROSS_PROFIT_QOQ":16.981611424463,"ROA":5.563970491748,"HOLDER_PROFIT_QOQ":3.857741516542,"ROE_YEARLY":10.231429656202,"ROIC_YEARLY":6.762967127098,"TOTAL_ASSETS":36389268000,"TOTAL_LIABILITIES":13728339000,"TAX_EBT":15.746504356659,"OCF_SALES":4.178015391122,"TOTAL_PARENT_EQUITY":19718669000,"DEBT_ASSET_RATIO":37.7263400847,"OPERATE_PROFIT":2753058000,"PRETAX_PROFIT":2520280000,"NETCASH_OPERATE":796029000,"NETCASH_INVEST":-536936000,"NETCASH_FINANCE":-724316000,"END_CASH":2717684000,"DIVI_RATIO":null,"DIVIDEND_RATE":null,"CURRENT_RATIO":2.076899748623,"COMMON_ACS":null,"CURRENTDEBT_DEBT":63.842595961536,"ISSUED_COMMON_SHARES":5035801852,"HK_COMMON_SHARES":5035801852,"PER_SHARES":2000,"TOTAL_MARKET_CAP":11834134352.2,"HKSK_MARKET_CAP":11834134352.2,"PE_TTM":11.58339442191,"PB_TTM":0.505391826192,"REPORT_DATE_SQ":"2020-12-31 00:00:00","REPORT_TYPE_SQ":"2020年年报","OPERATE_INCOME_SQ":14806168000,"DPS_HKD":null,"OPERATE_INCOME_QOQ_SQ":5.46265570274,"NET_PROFIT_RATIO_SQ":12.5666816694,"HOLDER_PROFIT_SQ":1663255000,"HOLDER_PROFIT_QOQ_SQ":13.842509380471,"ROE_AVG_SQ":9.589938462272,"PE_TTM_SQ":19.948207603267,"PB_TTM_SQ":0.896309942999,"ROA_SQ":5.073830145913,"START_DATE":"2021-01-01 00:00:00","FISCAL_YEAR":"12-31","CURRENCY":"HKD","IS_CNY_CODE":0,"DPS_HKD_LY":0.0666,"ORG_TYPE":"一般企业","PREMIUM_INCOME":null,"PREMIUM_INCOME_YOY":null,"NET_INTEREST_INCOME":null,"NET_INTEREST_INCOME_YOY":null,"FEE_COMMISSION_INCOME":null,"FEE_COMMISSION_INCOME_YOY":null,"ACCOUNTS_RECE_TDAYS":2.733947469867,"INVENTORY_TDAYS":1.451787114846,"CURRENT_ASSETS_TDAYS":1.143125195649,"TOTAL_ASSETS_TDAYS":0.548458438815,"PREMIUM_EXPENSE":null,"LOAN_DEPOSIT":null,"LOAN_EQUITY":null,"LOAN_ASSETS":null,"DEPOSIT_EQUITY":null,"DEPOSIT_ASSETS":null,"EQUITY_MULTIPLIER":1.605815366176,"EQUITY_RATIO":0.696210225954},{"SECUCODE":"00570.HK","SECURITY_CODE":"00570","SECURITY_NAME_ABBR":"中国中药","ORG_CODE":"10008972","STD_REPORT_DATE":"2021-06-30 00:00:00","REPORT_DATE":"2021-06-30 00:00:00","DATE_TYPE_CODE":"002","REPORT_TYPE":"2021年中报","PER_NETCASH_OPERATE":-0.019517050688,"PER_OI":1.618282696481,"BPS":3.771875176633,"BASIC_EPS":0.1846,"DILUTED_EPS":0.1846,"OPERATE_INCOME":8149351000,"OPERATE_INCOME_YOY":22.4486910395,"GROSS_PROFIT":5002764000,"GROSS_PROFIT_YOY":24.5443324552,"HOLDER_PROFIT":929828000,"HOLDER_PROFIT_YOY":27.0222125079,"GROSS_PROFIT_RATIO":61.388495844638,"EPS_TTM":0.369566367918,"OPERATE_INCOME_QOQ":10.090605482796,"NET_PROFIT_RATIO":12.3528732533,"ROE_AVG":5.018162903617,"GROSS_PROFIT_QOQ":10.803220442523,"ROA":2.707204528355,"HOLDER_PROFIT_QOQ":11.892824611981,"ROE_YEARLY":10.036325807233,"ROIC_YEARLY":6.737484935222,"TOTAL_ASSETS":35604469000,"TOTAL_LIABILITIES":13691434000,"TAX_EBT":15.964632117423,"OCF_SALES":-1.206034689143,"TOTAL_PARENT_EQUITY":18994416000,"DEBT_ASSET_RATIO":38.4542569642,"OPERATE_PROFIT":1315660000,"PRETAX_PROFIT":1197923000,"NETCASH_OPERATE":-98284000,"NETCASH_INVEST":-182017000,"NETCASH_FINANCE":668957000,"END_CASH":3574343000,"DIVI_RATIO":null,"DIVIDEND_RATE":null,"CURRENT_RATIO":2.021073407989,"COMMON_ACS":null,"CURRENTDEBT_DEBT":63.611087049026,"ISSUED_COMMON_SHARES":5035801852,"HK_COMMON_SHARES":5035801852,"PER_SHARES":2000,"TOTAL_MARKET_CAP":11834134352.2,"HKSK_MARKET_CAP":11834134352.2,"PE_TTM":11.58339442191,"PB_TTM":0.505391826192,"REPORT_DATE_SQ":"2020-06-30 00:00:00","REPORT_TYPE_SQ":"2020年中报","OPERATE_INCOME_SQ":6655319000,"DPS_HKD":null,"OPERATE_INCOME_QOQ_SQ":-1.967027464451,"NET_PROFIT_RATIO_SQ":12.474187939,"HOLDER_PROFIT_SQ":732020000,"HOLDER_PROFIT_QOQ_SQ":-8.003203800231,"ROE_AVG_SQ":4.336021593271,"PE_TTM_SQ":19.948207603267,"PB_TTM_SQ":0.896309942999,"ROA_SQ":2.204467309245,"START_DATE":"2021-01-01 00:00:00","FISCAL_YEAR":"12-31","CURRENCY":"HKD","IS_CNY_CODE":0,"DPS_HKD_LY":0.0666,"ORG_TYPE":"一般企业","PREMIUM_INCOME":null,"PREMIUM_INCOME_YOY":null,"NET_INTEREST_INCOME":null,"NET_INTEREST_INCOME_YOY":null,"FEE_COMMISSION_INCOME":null,"FEE_COMMISSION_INCOME_YOY":null,"ACCOUNTS_RECE_TDAYS":1.365439008522,"INVENTORY_TDAYS":0.614806010767,"CURRENT_ASSETS_TDAYS":0.497919432236,"TOTAL_ASSETS_TDAYS":0.237269257651,"PREMIUM_EXPENSE":null,"LOAN_DEPOSIT":null,"LOAN_EQUITY":null,"LOAN_ASSETS":null,"DEPOSIT_EQUITY":null,"DEPOSIT_ASSETS":null,"EQUITY_MULTIPLIER":1.624807745709,"EQUITY_RATIO":0.720813632807},{"SECUCODE":"00570.HK","SECURITY_CODE":"00570","SECURITY_NAME_ABBR":"中国中药","ORG_CODE":"10008972","STD_REPORT_DATE":"2020-12-31 00:00:00","REPORT_DATE":"2020-12-31 00:00:00","DATE_TYPE_CODE":"001","REPORT_TYPE":"2020年年报","PER_NETCASH_OPERATE":0.045369934464,"PER_OI":2.940180816312,"BPS":3.587132006162,"BASIC_EPS":0.3303,"DILUTED_EPS":0.3303,"OPERATE_INCOME":14806168000,"OPERATE_INCOME_YOY":3.3881763003,"GROSS_PROFIT":9126075000,"GROSS_PROFIT_YOY":6.416751440218,"HOLDER_PROFIT":1663255000,"HOLDER_PROFIT_YOY":4.7314613435,"GROSS_PROFIT_RATIO":61.6369812905,"EPS_TTM":0.330286029689,"OPERATE_INCOME_QOQ":5.46265570274,"NET_PROFIT_RATIO":12.5666816694,"ROE_AVG":9.589938462272,"GROSS_PROFIT_QOQ":8.573048264999,"ROA":5.073830145913,"HOLDER_PROFIT_QOQ":13.842509380471,"ROE_YEARLY":9.589938462272,"ROIC_YEARLY":6.516743170174,"TOTAL_ASSETS":33088383000,"TOTAL_LIABILITIES":12191962000,"TAX_EBT":16.566454014657,"OCF_SALES":1.543100145831,"TOTAL_PARENT_EQUITY":18064086000,"DEBT_ASSET_RATIO":36.8466540054,"OPERATE_PROFIT":2490631000,"PRETAX_PROFIT":2230091000,"NETCASH_OPERATE":228474000,"NETCASH_INVEST":-1074456000,"NETCASH_FINANCE":-1014443000,"END_CASH":3185627000,"DIVI_RATIO":null,"DIVIDEND_RATE":null,"CURRENT_RATIO":2.008273697343,"COMMON_ACS":null,"CURRENTDEBT_DEBT":61.799733299694,"ISSUED_COMMON_SHARES":5035801852,"HK_COMMON_SHARES":5035801852,"PER_SHARES":2000,"TOTAL_MARKET_CAP":11834134352.2,"HKSK_MARKET_CAP":11834134352.2,"PE_TTM":11.58339442191,"PB_TTM":0.505391826192,"REPORT_DATE_SQ":"2019-12-31 00:00:00","REPORT_TYPE_SQ":"2019年年报","OPERATE_INCOME_SQ":14320949000,"DPS_HKD":null,"OPERATE_INCOME_QOQ_SQ":12.457590710236,"NET_PROFIT_RATIO_SQ":12.382538336,"HOLDER_PROFIT_SQ":1588114000,"HOLDER_PROFIT_QOQ_SQ":3.270070866275,"ROE_AVG_SQ":9.871773131609,"PE_TTM_SQ":19.948207603267,"PB_TTM_SQ":0.896309942999,"ROA_SQ":5.060821497515,"START_DATE":"2020-01-01 00:00:00","FISCAL_YEAR":"12-31","CURRENCY":"HKD","IS_CNY_CODE":0,"DPS_HKD_LY":0.0476,"ORG_TYPE":"一般企业","PREMIUM_INCOME":null,"PREMIUM_INCOME_YOY":null,"NET_INTEREST_INCOME":null,"NET_INTEREST_INCOME_YOY":null,"FEE_COMMISSION_INCOME":null,"FEE_COMMISSION_INCOME_YOY":null,"ACCOUNTS_RECE_TDAYS":3.487515361935,"INVENTORY_TDAYS":1.183323371775,"CURRENT_ASSETS_TDAYS":0.972325644752,"TOTAL_ASSETS_TDAYS":0.45166845459,"PREMIUM_EXPENSE":null,"LOAN_DEPOSIT":null,"LOAN_EQUITY":null,"LOAN_ASSETS":null,"DEPOSIT_EQUITY":null,"DEPOSIT_ASSETS":null,"EQUITY_MULTIPLIER":1.583447375988,"EQUITY_RATIO":0.674928252667},{"SECUCODE":"00570.HK","SECURITY_CODE":"00570","SECURITY_NAME_ABBR":"中国中药","ORG_CODE":"10008972","STD_REPORT_DATE":"2020-06-30 00:00:00","REPORT_DATE":"2020-06-30 00:00:00","DATE_TYPE_CODE":"002","REPORT_TYPE":"2020年中报","PER_NETCASH_OPERATE":-0.361016587513,"PER_OI":1.321600649826,"BPS":3.403862483825,"BASIC_EPS":0.1454,"DILUTED_EPS":0.1454,"OPERATE_INCOME":6655319000,"OPERATE_INCOME_YOY":-4.0607806008,"GROSS_PROFIT":4016854000,"GROSS_PROFIT_YOY":-4.067614131925,"HOLDER_PROFIT":732020000,"HOLDER_PROFIT_YOY":-14.7942080268,"GROSS_PROFIT_RATIO":60.355544189542,"EPS_TTM":0.290125394711,"OPERATE_INCOME_QOQ":-1.967027464451,"NET_PROFIT_RATIO":12.474187939,"ROE_AVG":4.336021593271,"GROSS_PROFIT_QOQ":-1.986033236829,"ROA":2.204467309245,"HOLDER_PROFIT_QOQ":-8.003203800231,"ROE_YEARLY":8.672043186543,"ROIC_YEARLY":5.754608764411,"TOTAL_ASSETS":33938691000,"TOTAL_LIABILITIES":14191707000,"TAX_EBT":16.173131079161,"OCF_SALES":-27.316616979592,"TOTAL_PARENT_EQUITY":17141177000,"DEBT_ASSET_RATIO":41.8157170528,"OPERATE_PROFIT":1108125000,"PRETAX_PROFIT":990371000,"NETCASH_OPERATE":-1818008000,"NETCASH_INVEST":-323929000,"NETCASH_FINANCE":1145967000,"END_CASH":4052951000,"DIVI_RATIO":null,"DIVIDEND_RATE":null,"CURRENT_RATIO":1.704084506022,"COMMON_ACS":null,"CURRENTDEBT_DEBT":68.113934426634,"ISSUED_COMMON_SHARES":5035801852,"HK_COMMON_SHARES":5035801852,"PER_SHARES":2000,"TOTAL_MARKET_CAP":11834134352.2,"HKSK_MARKET_CAP":11834134352.2,"PE_TTM":11.58339442191,"PB_TTM":0.505391826192,"REPORT_DATE_SQ":"2019-06-30 00:00:00","REPORT_TYPE_SQ":"2019年中报","OPERATE_INCOME_SQ":6937016000,"DPS_HKD":null,"OPERATE_INCOME_QOQ_SQ":13.105957300958,"NET_PROFIT_RATIO_SQ":13.7586103304,"HOLDER_PROFIT_SQ":859120000,"HOLDER_PROFIT_QOQ_SQ":6.866349135313,"ROE_AVG_SQ":5.41889987666,"PE_TTM_SQ":19.948207603267,"PB_TTM_SQ":0.896309942999,"ROA_SQ":2.783791832822,"START_DATE":"2020-01-01 00:00:00","FISCAL_YEAR":"12-31","CURRENCY":"HKD","IS_CNY_CODE":0,"DPS_HKD_LY":0.0476,"ORG_TYPE":"一般企业","PREMIUM_INCOME":null,"PREMIUM_INCOME_YOY":null,"NET_INTEREST_INCOME":null,"NET_INTEREST_INCOME_YOY":null,"FEE_COMMISSION_INCOME":null,"FEE_COMMISSION_INCOME_YOY":null,"ACCOUNTS_RECE_TDAYS":1.447848096144,"INVENTORY_TDAYS":0.555752206425,"CURRENT_ASSETS_TDAYS":0.418623440883,"TOTAL_ASSETS_TDAYS":0.200423938801,"PREMIUM_EXPENSE":null,"LOAN_DEPOSIT":null,"LOAN_EQUITY":null,"LOAN_ASSETS":null,"DEPOSIT_EQUITY":null,"DEPOSIT_ASSETS":null,"EQUITY_MULTIPLIER":1.718677191412,"EQUITY_RATIO":0.82793071911}],"count":49},"success":true,"message":"ok","code":0}