{"version":"772ea553f24a8a601775993527287d35","result":{"pages":10,"data":[{"SECUCODE":"00576.HK","SECURITY_CODE":"00576","SECURITY_NAME_ABBR":"浙江沪杭甬","ORG_CODE":"10017390","STD_REPORT_DATE":"2024-09-30 00:00:00","REPORT_DATE":"2024-09-30 00:00:00","DATE_TYPE_CODE":"004","REPORT_TYPE":"2024年三季报","PER_NETCASH_OPERATE":1.482685901484,"PER_OI":2.165710571413,"BPS":7.192299065323,"BASIC_EPS":0.6887,"DILUTED_EPS":0.6762,"OPERATE_INCOME":12980182000,"OPERATE_INCOME_YOY":1.9493895139,"GROSS_PROFIT":5451809000,"GROSS_PROFIT_YOY":-3.290525651792,"HOLDER_PROFIT":4127695000,"HOLDER_PROFIT_YOY":5.1580416944,"GROSS_PROFIT_RATIO":42.001021249163,"EPS_TTM":0.905338416889,"OPERATE_INCOME_QOQ":0.759907189446,"NET_PROFIT_RATIO":40.0553166358,"ROE_AVG":9.958080091799,"GROSS_PROFIT_QOQ":-5.489392447767,"ROA":1.98826886232,"HOLDER_PROFIT_QOQ":1.514387589456,"ROE_YEARLY":13.277440122398,"ROIC_YEARLY":2.761624117814,"TOTAL_ASSETS":207471111000,"TOTAL_LIABILITIES":142216533000,"TAX_EBT":19.019632305654,"OCF_SALES":68.46186748383,"TOTAL_PARENT_EQUITY":43109206000,"DEBT_ASSET_RATIO":68.5476316749,"OPERATE_PROFIT":6951837000,"PRETAX_PROFIT":6420387000,"NETCASH_OPERATE":8886475000,"NETCASH_INVEST":-7537080000,"NETCASH_FINANCE":-4589847000,"END_CASH":20588919000,"DIVI_RATIO":0.352733143588,"DIVIDEND_RATE":6.225971731449,"CURRENT_RATIO":1.423931770566,"COMMON_ACS":null,"CURRENTDEBT_DEBT":71.920785046841,"ISSUED_COMMON_SHARES":5993800537,"HK_COMMON_SHARES":1979021737,"PER_SHARES":2000,"TOTAL_MARKET_CAP":33924911039.42,"HKSK_MARKET_CAP":11201263031.42,"PE_TTM":5.594568897483,"PB_TTM":0.709666179568,"REPORT_DATE_SQ":"2023-09-30 00:00:00","REPORT_TYPE_SQ":"2023年三季报","OPERATE_INCOME_SQ":12731986000,"DPS_HKD":0.35239,"OPERATE_INCOME_QOQ_SQ":0.514035868342,"NET_PROFIT_RATIO_SQ":41.7737237501,"HOLDER_PROFIT_SQ":3925230000,"HOLDER_PROFIT_QOQ_SQ":0.945956496039,"ROE_AVG_SQ":12.897552501051,"PE_TTM_SQ":4.917850037706,"PB_TTM_SQ":0.979598312783,"ROA_SQ":2.113009397157,"START_DATE":"2024-01-01 00:00:00","FISCAL_YEAR":"12-31","CURRENCY":"HKD","IS_CNY_CODE":0,"DPS_HKD_LY":0.35239,"ORG_TYPE":"一般企业","PREMIUM_INCOME":null,"PREMIUM_INCOME_YOY":null,"NET_INTEREST_INCOME":null,"NET_INTEREST_INCOME_YOY":null,"FEE_COMMISSION_INCOME":null,"FEE_COMMISSION_INCOME_YOY":null,"ACCOUNTS_RECE_TDAYS":null,"INVENTORY_TDAYS":null,"CURRENT_ASSETS_TDAYS":0.08696741509,"TOTAL_ASSETS_TDAYS":0.062524221625,"PREMIUM_EXPENSE":null,"LOAN_DEPOSIT":null,"LOAN_EQUITY":null,"LOAN_ASSETS":null,"DEPOSIT_EQUITY":null,"DEPOSIT_ASSETS":null,"EQUITY_MULTIPLIER":3.179410814676,"EQUITY_RATIO":3.298982890105},{"SECUCODE":"00576.HK","SECURITY_CODE":"00576","SECURITY_NAME_ABBR":"浙江沪杭甬","ORG_CODE":"10017390","STD_REPORT_DATE":"2024-06-30 00:00:00","REPORT_DATE":"2024-06-30 00:00:00","DATE_TYPE_CODE":"002","REPORT_TYPE":"2024年中报","PER_NETCASH_OPERATE":1.083168458414,"PER_OI":1.396112751859,"BPS":6.802855007986,"BASIC_EPS":0.4472,"DILUTED_EPS":0.4404,"OPERATE_INCOME":8367599000,"OPERATE_INCOME_YOY":1.4350203492,"GROSS_PROFIT":3686434000,"GROSS_PROFIT_YOY":6.404379672864,"HOLDER_PROFIT":2680010000,"HOLDER_PROFIT_YOY":4.7495946831,"GROSS_PROFIT_RATIO":44.056054789432,"EPS_TTM":0.891832614457,"OPERATE_INCOME_QOQ":0.301443278147,"NET_PROFIT_RATIO":39.9613557007,"ROE_AVG":6.652858561301,"GROSS_PROFIT_QOQ":3.115549876643,"ROA":1.32266967134,"HOLDER_PROFIT_QOQ":4.761873963077,"ROE_YEARLY":13.305717122602,"ROIC_YEARLY":4.734238214231,"TOTAL_ASSETS":197508725000,"TOTAL_LIABILITIES":135740318000,"TAX_EBT":19.537922600808,"OCF_SALES":77.584597445456,"TOTAL_PARENT_EQUITY":40774956000,"DEBT_ASSET_RATIO":68.7262388029,"OPERATE_PROFIT":4555818000,"PRETAX_PROFIT":4155754000,"NETCASH_OPERATE":6491968000,"NETCASH_INVEST":-7693002000,"NETCASH_FINANCE":-1999731000,"END_CASH":20631944000,"DIVI_RATIO":0.358074890538,"DIVIDEND_RATE":6.599063670412,"CURRENT_RATIO":1.495559502119,"COMMON_ACS":null,"CURRENTDEBT_DEBT":67.242706032264,"ISSUED_COMMON_SHARES":5993800537,"HK_COMMON_SHARES":1979021737,"PER_SHARES":2000,"TOTAL_MARKET_CAP":32006894867.58,"HKSK_MARKET_CAP":10567976075.58,"PE_TTM":5.278268182431,"PB_TTM":0.669543710052,"REPORT_DATE_SQ":"2023-06-30 00:00:00","REPORT_TYPE_SQ":"2023年中报","OPERATE_INCOME_SQ":8249221000,"DPS_HKD":0.35239,"OPERATE_INCOME_QOQ_SQ":5.372227079153,"NET_PROFIT_RATIO_SQ":42.226082183,"HOLDER_PROFIT_SQ":2558492000,"HOLDER_PROFIT_QOQ_SQ":10.540539568696,"ROE_AVG_SQ":8.609864751757,"PE_TTM_SQ":4.103746484166,"PB_TTM_SQ":0.817435078572,"ROA_SQ":1.394120425561,"START_DATE":"2024-01-01 00:00:00","FISCAL_YEAR":"12-31","CURRENCY":"HKD","IS_CNY_CODE":0,"DPS_HKD_LY":0.35239,"ORG_TYPE":"一般企业","PREMIUM_INCOME":null,"PREMIUM_INCOME_YOY":null,"NET_INTEREST_INCOME":null,"NET_INTEREST_INCOME_YOY":null,"FEE_COMMISSION_INCOME":null,"FEE_COMMISSION_INCOME_YOY":null,"ACCOUNTS_RECE_TDAYS":7.644610008451,"INVENTORY_TDAYS":3.77867252269,"CURRENT_ASSETS_TDAYS":0.057833154633,"TOTAL_ASSETS_TDAYS":0.041296746726,"PREMIUM_EXPENSE":null,"LOAN_DEPOSIT":null,"LOAN_EQUITY":null,"LOAN_ASSETS":null,"DEPOSIT_EQUITY":null,"DEPOSIT_ASSETS":null,"EQUITY_MULTIPLIER":3.197568702075,"EQUITY_RATIO":3.329012004329},{"SECUCODE":"00576.HK","SECURITY_CODE":"00576","SECURITY_NAME_ABBR":"浙江沪杭甬","ORG_CODE":"10017390","STD_REPORT_DATE":"2024-03-31 00:00:00","REPORT_DATE":"2024-03-31 00:00:00","DATE_TYPE_CODE":"003","REPORT_TYPE":"2024年一季报","PER_NETCASH_OPERATE":0.202539985493,"PER_OI":0.667706403393,"BPS":6.884533735361,"BASIC_EPS":0.2325,"DILUTED_EPS":0.2281,"OPERATE_INCOME":4001897000,"OPERATE_INCOME_YOY":1.703643407,"GROSS_PROFIT":1723409000,"GROSS_PROFIT_YOY":-0.135766900458,"HOLDER_PROFIT":1393689000,"HOLDER_PROFIT_YOY":-8.0154019482,"GROSS_PROFIT_RATIO":43.06480151788,"EPS_TTM":0.851295018616,"OPERATE_INCOME_QOQ":0.395142382351,"NET_PROFIT_RATIO":43.7370077241,"ROE_AVG":3.438798635099,"GROSS_PROFIT_QOQ":-0.032544654447,"ROA":0.675628540927,"HOLDER_PROFIT_QOQ":-2.324874863099,"ROE_YEARLY":13.755194540397,"ROIC_YEARLY":3.748535523435,"TOTAL_ASSETS":204826922000,"TOTAL_LIABILITIES":142565267000,"TAX_EBT":20.166917374167,"OCF_SALES":30.333689247874,"TOTAL_PARENT_EQUITY":41264522000,"DEBT_ASSET_RATIO":69.6027971362,"OPERATE_PROFIT":2403670000,"PRETAX_PROFIT":2192462000,"NETCASH_OPERATE":1213923000,"NETCASH_INVEST":-667688000,"NETCASH_FINANCE":-1982888000,"END_CASH":22394268000,"DIVI_RATIO":0.375125965519,"DIVIDEND_RATE":6.599063670412,"CURRENT_RATIO":1.520283722718,"COMMON_ACS":null,"CURRENTDEBT_DEBT":69.347367055399,"ISSUED_COMMON_SHARES":5993800537,"HK_COMMON_SHARES":1979021737,"PER_SHARES":2000,"TOTAL_MARKET_CAP":32006894867.58,"HKSK_MARKET_CAP":10567976075.58,"PE_TTM":5.278268182431,"PB_TTM":0.669543710052,"REPORT_DATE_SQ":"2023-03-31 00:00:00","REPORT_TYPE_SQ":"2023年一季报","OPERATE_INCOME_SQ":3934861000,"DPS_HKD":0.35239,"OPERATE_INCOME_QOQ_SQ":1.096509568265,"NET_PROFIT_RATIO_SQ":50.4558332868,"HOLDER_PROFIT_SQ":1515133000,"HOLDER_PROFIT_QOQ_SQ":8.575097427599,"ROE_AVG_SQ":4.95145852292,"PE_TTM_SQ":4.103746484166,"PB_TTM_SQ":0.817435078572,"ROA_SQ":0.796799027298,"START_DATE":"2024-01-01 00:00:00","FISCAL_YEAR":"12-31","CURRENCY":"HKD","IS_CNY_CODE":0,"DPS_HKD_LY":0.35239,"ORG_TYPE":"一般企业","PREMIUM_INCOME":null,"PREMIUM_INCOME_YOY":null,"NET_INTEREST_INCOME":null,"NET_INTEREST_INCOME_YOY":null,"FEE_COMMISSION_INCOME":null,"FEE_COMMISSION_INCOME_YOY":null,"ACCOUNTS_RECE_TDAYS":null,"INVENTORY_TDAYS":null,"CURRENT_ASSETS_TDAYS":0.026400726705,"TOTAL_ASSETS_TDAYS":0.01940028106,"PREMIUM_EXPENSE":null,"LOAN_DEPOSIT":null,"LOAN_EQUITY":null,"LOAN_ASSETS":null,"DEPOSIT_EQUITY":null,"DEPOSIT_ASSETS":null,"EQUITY_MULTIPLIER":3.28977638002,"EQUITY_RATIO":3.454911388529},{"SECUCODE":"00576.HK","SECURITY_CODE":"00576","SECURITY_NAME_ABBR":"浙江沪杭甬","ORG_CODE":"10017390","STD_REPORT_DATE":"2023-12-31 00:00:00","REPORT_DATE":"2023-12-31 00:00:00","DATE_TYPE_CODE":"001","REPORT_TYPE":"2023年年报","PER_NETCASH_OPERATE":1.6374959971,"PER_OI":2.830571391147,"BPS":6.638895597937,"BASIC_EPS":1.1295,"DILUTED_EPS":1.0532,"OPERATE_INCOME":16965024000,"OPERATE_INCOME_YOY":10.6526921178,"GROSS_PROFIT":7199339000,"GROSS_PROFIT_YOY":20.659609442615,"HOLDER_PROFIT":5223679000,"HOLDER_PROFIT_YOY":0.8692006783,"GROSS_PROFIT_RATIO":42.436362011631,"EPS_TTM":0.87155764318,"OPERATE_INCOME_QOQ":6.344784787671,"NET_PROFIT_RATIO":39.0351938199,"ROE_AVG":14.967334735815,"GROSS_PROFIT_QOQ":3.209981780332,"ROA":2.650676375288,"HOLDER_PROFIT_QOQ":-19.842341803192,"ROE_YEARLY":14.967334735815,"ROIC_YEARLY":5.02626807419,"TOTAL_ASSETS":207733802000,"TOTAL_LIABILITIES":147328689000,"TAX_EBT":15.655633329419,"OCF_SALES":57.850369088779,"TOTAL_PARENT_EQUITY":39792216000,"DEBT_ASSET_RATIO":70.9218661487,"OPERATE_PROFIT":8792374000,"PRETAX_PROFIT":7851538000,"NETCASH_OPERATE":9814329000,"NETCASH_INVEST":-16616148000,"NETCASH_FINANCE":6638187000,"END_CASH":23830440000,"DIVI_RATIO":0.366404756242,"DIVIDEND_RATE":6.599063670412,"CURRENT_RATIO":1.479700407531,"COMMON_ACS":null,"CURRENTDEBT_DEBT":70.119632300536,"ISSUED_COMMON_SHARES":5993800537,"HK_COMMON_SHARES":1979021737,"PER_SHARES":2000,"TOTAL_MARKET_CAP":32006894867.58,"HKSK_MARKET_CAP":10567976075.58,"PE_TTM":5.278268182431,"PB_TTM":0.669543710052,"REPORT_DATE_SQ":"2022-12-31 00:00:00","REPORT_TYPE_SQ":"2022年年报","OPERATE_INCOME_SQ":15331777000,"DPS_HKD":0.35239,"OPERATE_INCOME_QOQ_SQ":-3.645778934098,"NET_PROFIT_RATIO_SQ":43.6494251523,"HOLDER_PROFIT_SQ":5178666000,"HOLDER_PROFIT_QOQ_SQ":44.220176795444,"ROE_AVG_SQ":18.525891913555,"PE_TTM_SQ":4.103746484166,"PB_TTM_SQ":0.817435078572,"ROA_SQ":2.965995745832,"START_DATE":"2023-01-01 00:00:00","FISCAL_YEAR":"12-31","CURRENCY":"HKD","IS_CNY_CODE":0,"DPS_HKD_LY":0.42613,"ORG_TYPE":"一般企业","PREMIUM_INCOME":null,"PREMIUM_INCOME_YOY":null,"NET_INTEREST_INCOME":null,"NET_INTEREST_INCOME_YOY":null,"FEE_COMMISSION_INCOME":null,"FEE_COMMISSION_INCOME_YOY":null,"ACCOUNTS_RECE_TDAYS":null,"INVENTORY_TDAYS":10.211653434624,"CURRENT_ASSETS_TDAYS":0.113481760577,"TOTAL_ASSETS_TDAYS":0.086086431274,"PREMIUM_EXPENSE":null,"LOAN_DEPOSIT":null,"LOAN_EQUITY":null,"LOAN_ASSETS":null,"DEPOSIT_EQUITY":null,"DEPOSIT_ASSETS":null,"EQUITY_MULTIPLIER":3.439010237431,"EQUITY_RATIO":3.702449971623},{"SECUCODE":"00576.HK","SECURITY_CODE":"00576","SECURITY_NAME_ABBR":"浙江沪杭甬","ORG_CODE":"10017390","STD_REPORT_DATE":"2023-09-30 00:00:00","REPORT_DATE":"2023-09-30 00:00:00","DATE_TYPE_CODE":"004","REPORT_TYPE":"2023年三季报","PER_NETCASH_OPERATE":2.007426928302,"PER_OI":2.931533580337,"BPS":5.545227405354,"BASIC_EPS":0.9038,"DILUTED_EPS":0.8509,"OPERATE_INCOME":12731986000,"OPERATE_INCOME_YOY":9.3317435175,"GROSS_PROFIT":5637306000,"GROSS_PROFIT_YOY":20.074609634927,"HOLDER_PROFIT":3925230000,"HOLDER_PROFIT_YOY":38.6946337801,"GROSS_PROFIT_RATIO":45.581989973107,"EPS_TTM":1.500479897548,"OPERATE_INCOME_QOQ":0.514035868342,"NET_PROFIT_RATIO":41.7737237501,"ROE_AVG":12.897552501051,"GROSS_PROFIT_QOQ":4.198127088502,"ROA":2.113009397157,"HOLDER_PROFIT_QOQ":0.945956496039,"ROE_YEARLY":17.196736668068,"ROIC_YEARLY":2.985386772485,"TOTAL_ASSETS":199639328000,"TOTAL_LIABILITIES":145750954000,"TAX_EBT":16.147504433187,"OCF_SALES":70.593951330454,"TOTAL_PARENT_EQUITY":33236987000,"DEBT_ASSET_RATIO":73.0071351472,"OPERATE_PROFIT":6552290000,"PRETAX_PROFIT":5969746000,"NETCASH_OPERATE":8840900000,"NETCASH_INVEST":-13954072000,"NETCASH_FINANCE":2148289000,"END_CASH":21032528000,"DIVI_RATIO":0.212827153714,"DIVIDEND_RATE":6.599063670412,"CURRENT_RATIO":1.523148811399,"COMMON_ACS":null,"CURRENTDEBT_DEBT":70.998961008516,"ISSUED_COMMON_SHARES":5993800537,"HK_COMMON_SHARES":1979021737,"PER_SHARES":2000,"TOTAL_MARKET_CAP":32006894867.58,"HKSK_MARKET_CAP":10567976075.58,"PE_TTM":5.278268182431,"PB_TTM":0.669543710052,"REPORT_DATE_SQ":"2022-09-30 00:00:00","REPORT_TYPE_SQ":"2022年三季报","OPERATE_INCOME_SQ":11296067000,"DPS_HKD":0.35239,"OPERATE_INCOME_QOQ_SQ":-0.844547095428,"NET_PROFIT_RATIO_SQ":33.2012903252,"HOLDER_PROFIT_SQ":2940692000,"HOLDER_PROFIT_QOQ_SQ":-2.748558094346,"ROE_AVG_SQ":10.545752136926,"PE_TTM_SQ":4.103746484166,"PB_TTM_SQ":0.817435078572,"ROA_SQ":1.64786739255,"START_DATE":"2023-01-01 00:00:00","FISCAL_YEAR":"12-31","CURRENCY":"HKD","IS_CNY_CODE":0,"DPS_HKD_LY":0.42613,"ORG_TYPE":"一般企业","PREMIUM_INCOME":null,"PREMIUM_INCOME_YOY":null,"NET_INTEREST_INCOME":null,"NET_INTEREST_INCOME_YOY":null,"FEE_COMMISSION_INCOME":null,"FEE_COMMISSION_INCOME_YOY":null,"ACCOUNTS_RECE_TDAYS":null,"INVENTORY_TDAYS":null,"CURRENT_ASSETS_TDAYS":0.081318974319,"TOTAL_ASSETS_TDAYS":0.063983171572,"PREMIUM_EXPENSE":null,"LOAN_DEPOSIT":null,"LOAN_EQUITY":null,"LOAN_ASSETS":null,"DEPOSIT_EQUITY":null,"DEPOSIT_ASSETS":null,"EQUITY_MULTIPLIER":3.704682720613,"EQUITY_RATIO":4.385203568542},{"SECUCODE":"00576.HK","SECURITY_CODE":"00576","SECURITY_NAME_ABBR":"浙江沪杭甬","ORG_CODE":"10017390","STD_REPORT_DATE":"2023-06-30 00:00:00","REPORT_DATE":"2023-06-30 00:00:00","DATE_TYPE_CODE":"002","REPORT_TYPE":"2023年中报","PER_NETCASH_OPERATE":1.867571531904,"PER_OI":1.899379120675,"BPS":5.31426826825,"BASIC_EPS":0.5618,"DILUTED_EPS":0.5396,"OPERATE_INCOME":8249221000,"OPERATE_INCOME_YOY":13.8377811082,"GROSS_PROFIT":3464551000,"GROSS_PROFIT_YOY":23.223730026455,"HOLDER_PROFIT":2558492000,"HOLDER_PROFIT_YOY":67.8837325708,"GROSS_PROFIT_RATIO":43.311193068269,"EPS_TTM":1.486419020268,"OPERATE_INCOME_QOQ":5.372227079153,"NET_PROFIT_RATIO":42.226082183,"ROE_AVG":8.609864751757,"GROSS_PROFIT_QOQ":12.156097985949,"ROA":1.394120425561,"HOLDER_PROFIT_QOQ":10.540539568696,"ROE_YEARLY":17.219729503514,"ROIC_YEARLY":5.532524198117,"TOTAL_ASSETS":195641242000,"TOTAL_LIABILITIES":143905275000,"TAX_EBT":16.050246354431,"OCF_SALES":101.380136656277,"TOTAL_PARENT_EQUITY":31852664000,"DEBT_ASSET_RATIO":73.5556948672,"OPERATE_PROFIT":4261608000,"PRETAX_PROFIT":3899666000,"NETCASH_OPERATE":8187704000,"NETCASH_INVEST":-7072847000,"NETCASH_FINANCE":-182226000,"END_CASH":24931299000,"DIVI_RATIO":0.214840406,"DIVIDEND_RATE":6.599063670412,"CURRENT_RATIO":1.462586964295,"COMMON_ACS":null,"CURRENTDEBT_DEBT":73.986161382896,"ISSUED_COMMON_SHARES":5993800537,"HK_COMMON_SHARES":1979021737,"PER_SHARES":2000,"TOTAL_MARKET_CAP":32006894867.58,"HKSK_MARKET_CAP":10567976075.58,"PE_TTM":5.278268182431,"PB_TTM":0.669543710052,"REPORT_DATE_SQ":"2022-06-30 00:00:00","REPORT_TYPE_SQ":"2022年中报","OPERATE_INCOME_SQ":7028121000,"DPS_HKD":0.35239,"OPERATE_INCOME_QOQ_SQ":-3.721336023725,"NET_PROFIT_RATIO_SQ":29.1291228481,"HOLDER_PROFIT_SQ":1586274000,"HOLDER_PROFIT_QOQ_SQ":-16.953756910002,"ROE_AVG_SQ":5.834244745963,"PE_TTM_SQ":4.103746484166,"PB_TTM_SQ":0.817435078572,"ROA_SQ":0.898818927302,"START_DATE":"2023-01-01 00:00:00","FISCAL_YEAR":"12-31","CURRENCY":"HKD","IS_CNY_CODE":0,"DPS_HKD_LY":0.42613,"ORG_TYPE":"一般企业","PREMIUM_INCOME":null,"PREMIUM_INCOME_YOY":null,"NET_INTEREST_INCOME":null,"NET_INTEREST_INCOME_YOY":null,"FEE_COMMISSION_INCOME":null,"FEE_COMMISSION_INCOME_YOY":null,"ACCOUNTS_RECE_TDAYS":13.003605885751,"INVENTORY_TDAYS":5.294276537615,"CURRENT_ASSETS_TDAYS":0.053010744124,"TOTAL_ASSETS_TDAYS":0.041883129041,"PREMIUM_EXPENSE":null,"LOAN_DEPOSIT":null,"LOAN_EQUITY":null,"LOAN_ASSETS":null,"DEPOSIT_EQUITY":null,"DEPOSIT_ASSETS":null,"EQUITY_MULTIPLIER":3.781532526486,"EQUITY_RATIO":4.517841113698},{"SECUCODE":"00576.HK","SECURITY_CODE":"00576","SECURITY_NAME_ABBR":"浙江沪杭甬","ORG_CODE":"10017390","STD_REPORT_DATE":"2023-03-31 00:00:00","REPORT_DATE":"2023-03-31 00:00:00","DATE_TYPE_CODE":"003","REPORT_TYPE":"2023年一季报","PER_NETCASH_OPERATE":-0.242078812336,"PER_OI":0.905999830306,"BPS":5.412519952864,"BASIC_EPS":0.3327,"DILUTED_EPS":0.3142,"OPERATE_INCOME":3934861000,"OPERATE_INCOME_YOY":4.4932243807,"GROSS_PROFIT":1725752000,"GROSS_PROFIT_YOY":-2.941694220152,"HOLDER_PROFIT":1515133000,"HOLDER_PROFIT_YOY":42.5163615582,"GROSS_PROFIT_RATIO":44.906027485815,"EPS_TTM":1.344682255096,"OPERATE_INCOME_QOQ":1.096509568265,"NET_PROFIT_RATIO":50.4558332868,"ROE_AVG":4.95145852292,"GROSS_PROFIT_QOQ":-1.191712229034,"ROA":0.796799027298,"HOLDER_PROFIT_QOQ":8.575097427599,"ROE_YEARLY":19.805834091682,"ROIC_YEARLY":4.480918848289,"TOTAL_ASSETS":201673012000,"TOTAL_LIABILITIES":149343161000,"TAX_EBT":13.961925008782,"OCF_SALES":-27.673644634286,"TOTAL_PARENT_EQUITY":32441565000,"DEBT_ASSET_RATIO":74.0521299895,"OPERATE_PROFIT":2400471000,"PRETAX_PROFIT":2191990000,"NETCASH_OPERATE":-948676000,"NETCASH_INVEST":-2955071000,"NETCASH_FINANCE":7125025000,"END_CASH":27206506000,"DIVI_RATIO":0.237485744004,"DIVIDEND_RATE":6.599063670412,"CURRENT_RATIO":1.48571885304,"COMMON_ACS":null,"CURRENTDEBT_DEBT":72.892657602178,"ISSUED_COMMON_SHARES":5993800537,"HK_COMMON_SHARES":1979021737,"PER_SHARES":2000,"TOTAL_MARKET_CAP":32006894867.58,"HKSK_MARKET_CAP":10567976075.58,"PE_TTM":5.278268182431,"PB_TTM":0.669543710052,"REPORT_DATE_SQ":"2022-03-31 00:00:00","REPORT_TYPE_SQ":"2022年一季报","OPERATE_INCOME_SQ":3635830000,"DPS_HKD":0.35239,"OPERATE_INCOME_QOQ_SQ":-0.404012863625,"NET_PROFIT_RATIO_SQ":35.6629160329,"HOLDER_PROFIT_SQ":1084860000,"HOLDER_PROFIT_QOQ_SQ":-3.033891724626,"ROE_AVG_SQ":3.917557666443,"PE_TTM_SQ":4.103746484166,"PB_TTM_SQ":0.817435078572,"ROA_SQ":0.622192779561,"START_DATE":"2023-01-01 00:00:00","FISCAL_YEAR":"12-31","CURRENCY":"HKD","IS_CNY_CODE":0,"DPS_HKD_LY":0.42613,"ORG_TYPE":"一般企业","PREMIUM_INCOME":null,"PREMIUM_INCOME_YOY":null,"NET_INTEREST_INCOME":null,"NET_INTEREST_INCOME_YOY":null,"FEE_COMMISSION_INCOME":null,"FEE_COMMISSION_INCOME_YOY":null,"ACCOUNTS_RECE_TDAYS":null,"INVENTORY_TDAYS":null,"CURRENT_ASSETS_TDAYS":0.024680967849,"TOTAL_ASSETS_TDAYS":0.019579521399,"PREMIUM_EXPENSE":null,"LOAN_DEPOSIT":null,"LOAN_EQUITY":null,"LOAN_ASSETS":null,"DEPOSIT_EQUITY":null,"DEPOSIT_ASSETS":null,"EQUITY_MULTIPLIER":3.853880875753,"EQUITY_RATIO":4.603451189855},{"SECUCODE":"00576.HK","SECURITY_CODE":"00576","SECURITY_NAME_ABBR":"浙江沪杭甬","ORG_CODE":"10017390","STD_REPORT_DATE":"2022-12-31 00:00:00","REPORT_DATE":"2022-12-31 00:00:00","DATE_TYPE_CODE":"001","REPORT_TYPE":"2022年年报","PER_NETCASH_OPERATE":1.759422184241,"PER_OI":3.53013419287,"BPS":5.158378195794,"BASIC_EPS":1.1372,"DILUTED_EPS":1.0833,"OPERATE_INCOME":15331777000,"OPERATE_INCOME_YOY":-8.3865489905,"GROSS_PROFIT":5966652000,"GROSS_PROFIT_YOY":-11.488700911525,"HOLDER_PROFIT":5178666000,"HOLDER_PROFIT_YOY":12.9437045912,"GROSS_PROFIT_RATIO":40.545764638999,"EPS_TTM":1.238481278815,"OPERATE_INCOME_QOQ":-3.645778934098,"NET_PROFIT_RATIO":43.6494251523,"ROE_AVG":18.525891913555,"GROSS_PROFIT_QOQ":-3.857751328385,"ROA":2.965995745832,"HOLDER_PROFIT_QOQ":44.220176795444,"ROE_YEARLY":18.525891913555,"ROIC_YEARLY":5.452146778245,"TOTAL_ASSETS":190861414000,"TOTAL_LIABILITIES":141561200000,"TAX_EBT":14.152034421942,"OCF_SALES":51.28874743015,"TOTAL_PARENT_EQUITY":30008842000,"DEBT_ASSET_RATIO":73.0642842966,"OPERATE_PROFIT":8434598000,"PRETAX_PROFIT":7342061000,"NETCASH_OPERATE":7811143000,"NETCASH_INVEST":2916542000,"NETCASH_FINANCE":-3973304000,"END_CASH":23990165000,"DIVI_RATIO":0.257850377929,"DIVIDEND_RATE":6.599063670412,"CURRENT_RATIO":1.442552551041,"COMMON_ACS":null,"CURRENTDEBT_DEBT":71.740259336598,"ISSUED_COMMON_SHARES":5993800537,"HK_COMMON_SHARES":1979021737,"PER_SHARES":2000,"TOTAL_MARKET_CAP":32006894867.58,"HKSK_MARKET_CAP":10567976075.58,"PE_TTM":5.278268182431,"PB_TTM":0.669543710052,"REPORT_DATE_SQ":"2021-12-31 00:00:00","REPORT_TYPE_SQ":"2021年年报","OPERATE_INCOME_SQ":16262601000,"DPS_HKD":0.35239,"OPERATE_INCOME_QOQ_SQ":2.892721124654,"NET_PROFIT_RATIO_SQ":38.6787082829,"HOLDER_PROFIT_SQ":4762431000,"HOLDER_PROFIT_QOQ_SQ":-13.182552256657,"ROE_AVG_SQ":18.764288400003,"PE_TTM_SQ":4.103746484166,"PB_TTM_SQ":0.817435078572,"ROA_SQ":3.109041633383,"START_DATE":"2022-01-01 00:00:00","FISCAL_YEAR":"12-31","CURRENCY":"HKD","IS_CNY_CODE":0,"DPS_HKD_LY":0.43939,"ORG_TYPE":"一般企业","PREMIUM_INCOME":null,"PREMIUM_INCOME_YOY":null,"NET_INTEREST_INCOME":null,"NET_INTEREST_INCOME_YOY":null,"FEE_COMMISSION_INCOME":null,"FEE_COMMISSION_INCOME_YOY":null,"ACCOUNTS_RECE_TDAYS":29.748028669662,"INVENTORY_TDAYS":18.114386620027,"CURRENT_ASSETS_TDAYS":0.107582896059,"TOTAL_ASSETS_TDAYS":0.082154063325,"PREMIUM_EXPENSE":null,"LOAN_DEPOSIT":null,"LOAN_EQUITY":null,"LOAN_ASSETS":null,"DEPOSIT_EQUITY":null,"DEPOSIT_ASSETS":null,"EQUITY_MULTIPLIER":3.712542896619,"EQUITY_RATIO":4.717316316304},{"SECUCODE":"00576.HK","SECURITY_CODE":"00576","SECURITY_NAME_ABBR":"浙江沪杭甬","ORG_CODE":"10017390","STD_REPORT_DATE":"2022-09-30 00:00:00","REPORT_DATE":"2022-09-30 00:00:00","DATE_TYPE_CODE":"004","REPORT_TYPE":"2022年三季报","PER_NETCASH_OPERATE":0.347580751095,"PER_OI":2.600913929393,"BPS":4.774905141292,"BASIC_EPS":0.6771,"DILUTED_EPS":0.6235,"OPERATE_INCOME":11296067000,"OPERATE_INCOME_YOY":-6.6148317023,"GROSS_PROFIT":4694836000,"GROSS_PROFIT_YOY":-8.886983114489,"HOLDER_PROFIT":2940692000,"HOLDER_PROFIT_YOY":-25.9924368982,"GROSS_PROFIT_RATIO":41.561686912799,"EPS_TTM":0.858743420188,"OPERATE_INCOME_QOQ":-0.844547095428,"NET_PROFIT_RATIO":33.2012903252,"ROE_AVG":10.545752136926,"GROSS_PROFIT_QOQ":1.928023484737,"ROA":1.64786739255,"HOLDER_PROFIT_QOQ":-2.748558094346,"ROE_YEARLY":14.061002849235,"ROIC_YEARLY":2.219699623183,"TOTAL_ASSETS":180612134000,"TOTAL_LIABILITIES":133279854000,"TAX_EBT":18.42079447084,"OCF_SALES":13.363792902432,"TOTAL_PARENT_EQUITY":28619829000,"DEBT_ASSET_RATIO":73.7934108015,"OPERATE_PROFIT":5294899000,"PRETAX_PROFIT":4597299000,"NETCASH_OPERATE":1509583000,"NETCASH_INVEST":268778000,"NETCASH_FINANCE":-1472187000,"END_CASH":17485167000,"DIVI_RATIO":0.371872270916,"DIVIDEND_RATE":6.599063670412,"CURRENT_RATIO":1.485773431898,"COMMON_ACS":null,"CURRENTDEBT_DEBT":69.404733141439,"ISSUED_COMMON_SHARES":5993800537,"HK_COMMON_SHARES":1979021737,"PER_SHARES":2000,"TOTAL_MARKET_CAP":32006894867.58,"HKSK_MARKET_CAP":10567976075.58,"PE_TTM":5.278268182431,"PB_TTM":0.669543710052,"REPORT_DATE_SQ":"2021-09-30 00:00:00","REPORT_TYPE_SQ":"2021年三季报","OPERATE_INCOME_SQ":12096211000,"DPS_HKD":0.35239,"OPERATE_INCOME_QOQ_SQ":1.726821941061,"NET_PROFIT_RATIO_SQ":42.3047183949,"HOLDER_PROFIT_SQ":3973502000,"HOLDER_PROFIT_QOQ_SQ":4.474213067959,"ROE_AVG_SQ":15.906373614848,"PE_TTM_SQ":4.103746484166,"PB_TTM_SQ":0.817435078572,"ROA_SQ":2.610903224941,"START_DATE":"2022-01-01 00:00:00","FISCAL_YEAR":"12-31","CURRENCY":"HKD","IS_CNY_CODE":0,"DPS_HKD_LY":0.43939,"ORG_TYPE":"一般企业","PREMIUM_INCOME":null,"PREMIUM_INCOME_YOY":null,"NET_INTEREST_INCOME":null,"NET_INTEREST_INCOME_YOY":null,"FEE_COMMISSION_INCOME":null,"FEE_COMMISSION_INCOME_YOY":null,"ACCOUNTS_RECE_TDAYS":null,"INVENTORY_TDAYS":null,"CURRENT_ASSETS_TDAYS":0.084210675805,"TOTAL_ASSETS_TDAYS":0.063299456296,"PREMIUM_EXPENSE":null,"LOAN_DEPOSIT":null,"LOAN_EQUITY":null,"LOAN_ASSETS":null,"DEPOSIT_EQUITY":null,"DEPOSIT_ASSETS":null,"EQUITY_MULTIPLIER":3.815834225605,"EQUITY_RATIO":4.656906021346}],"count":85},"success":true,"message":"ok","code":0}