{"version":"e921b25f14d477dbb2d0c60612005409","result":{"pages":5,"data":[{"SECUCODE":"00573.HK","SECURITY_CODE":"00573","SECURITY_NAME_ABBR":"稻香控股","ORG_CODE":"10081615","STD_REPORT_DATE":"2024-06-30 00:00:00","REPORT_DATE":"2024-06-30 00:00:00","DATE_TYPE_CODE":"002","REPORT_TYPE":"2024年中报","PER_NETCASH_OPERATE":0.125814852891,"PER_OI":1.15672194454,"BPS":1.078590408026,"BASIC_EPS":0.00365072,"DILUTED_EPS":0.00365072,"OPERATE_INCOME":1173318591,"OPERATE_INCOME_YOY":-14.5543560114,"GROSS_PROFIT":86730155.04,"GROSS_PROFIT_YOY":-48.272844142578,"HOLDER_PROFIT":3670798.96,"HOLDER_PROFIT_YOY":-87.9580838323,"GROSS_PROFIT_RATIO":7.391867452307,"EPS_TTM":0.039063813464,"OPERATE_INCOME_QOQ":-8.001029546135,"NET_PROFIT_RATIO":0.7335239095,"ROE_AVG":0.330787318229,"GROSS_PROFIT_QOQ":-27.425108058905,"ROA":0.193136174689,"HOLDER_PROFIT_QOQ":-40.635647099288,"ROE_YEARLY":0.661574636459,"ROIC_YEARLY":0.46103973516,"TOTAL_ASSETS":1803563376.24,"TOTAL_LIABILITIES":692072466.48,"TAX_EBT":-33.720930232558,"OCF_SALES":10.876844991541,"TOTAL_PARENT_EQUITY":1094066023.2,"DEBT_ASSET_RATIO":38.3725060953,"OPERATE_PROFIT":24868704.64,"PRETAX_PROFIT":6436219.36,"NETCASH_OPERATE":127620044.4,"NETCASH_INVEST":-26830966.64,"NETCASH_FINANCE":-160534935.92,"END_CASH":251076442.64,"DIVI_RATIO":0.695953558778,"DIVIDEND_RATE":6.896551724138,"CURRENT_RATIO":1.247456869165,"COMMON_ACS":23400000000,"CURRENTDEBT_DEBT":59.569476424463,"ISSUED_COMMON_SHARES":1014348000,"HK_COMMON_SHARES":1014348000,"PER_SHARES":1000,"TOTAL_MARKET_CAP":441241380,"HKSK_MARKET_CAP":441241380,"PE_TTM":9.965475980758,"PB_TTM":0.368087642024,"REPORT_DATE_SQ":"2023-06-30 00:00:00","REPORT_TYPE_SQ":"2023年中报","OPERATE_INCOME_SQ":1387167774.94,"DPS_HKD":0.03,"OPERATE_INCOME_QOQ_SQ":22.466249192367,"NET_PROFIT_RATIO_SQ":2.4005136409,"HOLDER_PROFIT_SQ":30794132,"HOLDER_PROFIT_QOQ_SQ":91.899535903449,"ROE_AVG_SQ":2.746101912446,"PE_TTM_SQ":-88.722027318476,"PB_TTM_SQ":0.611464759237,"ROA_SQ":1.509746111782,"START_DATE":"2024-01-01 00:00:00","FISCAL_YEAR":"12-31","CURRENCY":"HKD","IS_CNY_CODE":0,"DPS_HKD_LY":0.03,"ORG_TYPE":"一般企业","PREMIUM_INCOME":null,"PREMIUM_INCOME_YOY":null,"NET_INTEREST_INCOME":null,"NET_INTEREST_INCOME_YOY":null,"FEE_COMMISSION_INCOME":null,"FEE_COMMISSION_INCOME_YOY":null,"ACCOUNTS_RECE_TDAYS":24.366701731442,"INVENTORY_TDAYS":9.938285723826,"CURRENT_ASSETS_TDAYS":2.119012141371,"TOTAL_ASSETS_TDAYS":0.617332266971,"PREMIUM_EXPENSE":null,"LOAN_DEPOSIT":null,"LOAN_EQUITY":null,"LOAN_ASSETS":null,"DEPOSIT_EQUITY":null,"DEPOSIT_ASSETS":null,"EQUITY_MULTIPLIER":1.622652385551,"EQUITY_RATIO":0.632569197658},{"SECUCODE":"00573.HK","SECURITY_CODE":"00573","SECURITY_NAME_ABBR":"稻香控股","ORG_CODE":"10081615","STD_REPORT_DATE":"2023-12-31 00:00:00","REPORT_DATE":"2023-12-31 00:00:00","DATE_TYPE_CODE":"001","REPORT_TYPE":"2023年年报","PER_NETCASH_OPERATE":0.467479469334,"PER_OI":2.63496436296,"BPS":1.101594395099,"BASIC_EPS":0.065791572,"DILUTED_EPS":0.065791572,"OPERATE_INCOME":2672770831.64,"OPERATE_INCOME_YOY":22.7954796492,"GROSS_PROFIT":295125042.52,"GROSS_PROFIT_YOY":3055.56138057044,"HOLDER_PROFIT":66747634.1,"HOLDER_PROFIT_YOY":151.4573348796,"GROSS_PROFIT_RATIO":11.041913471456,"EPS_TTM":0.065803485687,"OPERATE_INCOME_QOQ":1.722460630561,"NET_PROFIT_RATIO":2.8974401922,"ROE_AVG":6.001412049023,"GROSS_PROFIT_QOQ":38.028384308789,"ROA":3.301584540937,"HOLDER_PROFIT_QOQ":744.448595730914,"ROE_YEARLY":6.001412049023,"ROIC_YEARLY":3.854255706881,"TOTAL_ASSETS":1983551554.18,"TOTAL_LIABILITIES":846920588.08,"TAX_EBT":28.635016075828,"OCF_SALES":17.741396274855,"TOTAL_PARENT_EQUITY":1117400071.48,"DEBT_ASSET_RATIO":42.6971805343,"OPERATE_PROFIT":129038478.24,"PRETAX_PROFIT":108515313.9,"NETCASH_OPERATE":474186864.76,"NETCASH_INVEST":-30012193.96,"NETCASH_FINANCE":-305503980.18,"END_CASH":312281599.56,"DIVI_RATIO":0.413148326658,"DIVIDEND_RATE":6.521739130435,"CURRENT_RATIO":1.126988613702,"COMMON_ACS":23400000000,"CURRENTDEBT_DEBT":61.703425340587,"ISSUED_COMMON_SHARES":1014348000,"HK_COMMON_SHARES":1014348000,"PER_SHARES":1000,"TOTAL_MARKET_CAP":466600080,"HKSK_MARKET_CAP":466600080,"PE_TTM":10.538204485399,"PB_TTM":0.389242104209,"REPORT_DATE_SQ":"2022-12-31 00:00:00","REPORT_TYPE_SQ":"2022年年报","OPERATE_INCOME_SQ":2145499656.23,"DPS_HKD":0.03,"OPERATE_INCOME_QOQ_SQ":0.205559435557,"NET_PROFIT_RATIO_SQ":-5.7047299809,"HOLDER_PROFIT_SQ":-127860881.26,"HOLDER_PROFIT_QOQ_SQ":-47.143426078392,"ROE_AVG_SQ":-10.409351239064,"PE_TTM_SQ":-89.937397555715,"PB_TTM_SQ":0.619840988816,"ROA_SQ":-5.698433068253,"START_DATE":"2023-01-01 00:00:00","FISCAL_YEAR":"12-31","CURRENCY":"HKD","IS_CNY_CODE":0,"DPS_HKD_LY":0.06,"ORG_TYPE":"一般企业","PREMIUM_INCOME":null,"PREMIUM_INCOME_YOY":null,"NET_INTEREST_INCOME":null,"NET_INTEREST_INCOME_YOY":null,"FEE_COMMISSION_INCOME":null,"FEE_COMMISSION_INCOME_YOY":null,"ACCOUNTS_RECE_TDAYS":57.481231728708,"INVENTORY_TDAYS":20.235745990367,"CURRENT_ASSETS_TDAYS":4.78528797846,"TOTAL_ASSETS_TDAYS":1.322051182517,"PREMIUM_EXPENSE":null,"LOAN_DEPOSIT":null,"LOAN_EQUITY":null,"LOAN_ASSETS":null,"DEPOSIT_EQUITY":null,"DEPOSIT_ASSETS":null,"EQUITY_MULTIPLIER":1.74511482912,"EQUITY_RATIO":0.757938548329},{"SECUCODE":"00573.HK","SECURITY_CODE":"00573","SECURITY_NAME_ABBR":"稻香控股","ORG_CODE":"10081615","STD_REPORT_DATE":"2023-06-30 00:00:00","REPORT_DATE":"2023-06-30 00:00:00","DATE_TYPE_CODE":"002","REPORT_TYPE":"2023年中报","PER_NETCASH_OPERATE":0.242199401704,"PER_OI":1.36754622175,"BPS":1.100710040657,"BASIC_EPS":0.030333142,"DILUTED_EPS":0.030333142,"OPERATE_INCOME":1387167774.94,"OPERATE_INCOME_YOY":42.150175969,"GROSS_PROFIT":167668516.86,"GROSS_PROFIT_YOY":555.699050788663,"HOLDER_PROFIT":30794132,"HOLDER_PROFIT_YOY":132.9414549471,"GROSS_PROFIT_RATIO":12.087111587295,"EPS_TTM":-0.010210819936,"OPERATE_INCOME_QOQ":22.466249192367,"NET_PROFIT_RATIO":2.4005136409,"ROE_AVG":2.746101912446,"GROSS_PROFIT_QOQ":2186.16845467886,"ROA":1.509746111782,"HOLDER_PROFIT_QOQ":91.899535903449,"ROE_YEARLY":5.492203824892,"ROIC_YEARLY":3.477745681517,"TOTAL_ASSETS":1983738621.86,"TOTAL_LIABILITIES":849780668.18,"TAX_EBT":30.055967620117,"OCF_SALES":17.710509367234,"TOTAL_PARENT_EQUITY":1116503028.32,"DEBT_ASSET_RATIO":42.8373304233,"OPERATE_PROFIT":79035813.52,"PRETAX_PROFIT":47608281.26,"NETCASH_OPERATE":245674478.72,"NETCASH_INVEST":-305175.38,"NETCASH_FINANCE":-151668475.94,"END_CASH":267985472.74,"DIVI_RATIO":-2.662528589434,"DIVIDEND_RATE":6.521739130435,"CURRENT_RATIO":0.943153277442,"COMMON_ACS":23400000000,"CURRENTDEBT_DEBT":67.475759229503,"ISSUED_COMMON_SHARES":1014348000,"HK_COMMON_SHARES":1014348000,"PER_SHARES":1000,"TOTAL_MARKET_CAP":466600080,"HKSK_MARKET_CAP":466600080,"PE_TTM":10.538204485399,"PB_TTM":0.389242104209,"REPORT_DATE_SQ":"2022-06-30 00:00:00","REPORT_TYPE_SQ":"2022年中报","OPERATE_INCOME_SQ":905154475.75,"DPS_HKD":0.03,"OPERATE_INCOME_QOQ_SQ":-7.663264589235,"NET_PROFIT_RATIO_SQ":-9.2857783971,"HOLDER_PROFIT_SQ":-86709424.48,"HOLDER_PROFIT_QOQ_SQ":-400.570257186656,"ROE_AVG_SQ":-7.030701766551,"PE_TTM_SQ":-89.937397555715,"PB_TTM_SQ":0.619840988816,"ROA_SQ":-3.776955068383,"START_DATE":"2023-01-01 00:00:00","FISCAL_YEAR":"12-31","CURRENCY":"HKD","IS_CNY_CODE":0,"DPS_HKD_LY":0.06,"ORG_TYPE":"一般企业","PREMIUM_INCOME":null,"PREMIUM_INCOME_YOY":null,"NET_INTEREST_INCOME":null,"NET_INTEREST_INCOME_YOY":null,"FEE_COMMISSION_INCOME":null,"FEE_COMMISSION_INCOME_YOY":null,"ACCOUNTS_RECE_TDAYS":35.197927267198,"INVENTORY_TDAYS":11.012830440032,"CURRENT_ASSETS_TDAYS":2.573301885824,"TOTAL_ASSETS_TDAYS":0.680087737042,"PREMIUM_EXPENSE":null,"LOAN_DEPOSIT":null,"LOAN_EQUITY":null,"LOAN_ASSETS":null,"DEPOSIT_EQUITY":null,"DEPOSIT_ASSETS":null,"EQUITY_MULTIPLIER":1.749393454514,"EQUITY_RATIO":0.761109147602},{"SECUCODE":"00573.HK","SECURITY_CODE":"00573","SECURITY_NAME_ABBR":"稻香控股","ORG_CODE":"10081615","STD_REPORT_DATE":"2022-12-31 00:00:00","REPORT_DATE":"2022-12-31 00:00:00","DATE_TYPE_CODE":"001","REPORT_TYPE":"2022年年报","PER_NETCASH_OPERATE":0.224172596249,"PER_OI":2.115151463038,"BPS":1.075743664748,"BASIC_EPS":-0.126040397,"DILUTED_EPS":-0.126040397,"OPERATE_INCOME":2145499656.23,"OPERATE_INCOME_YOY":-15.3114948778,"GROSS_PROFIT":9352536.9,"GROSS_PROFIT_YOY":-94.870834842562,"HOLDER_PROFIT":-127860881.26,"HOLDER_PROFIT_YOY":-574.1616428033,"GROSS_PROFIT_RATIO":0.435914164462,"EPS_TTM":-0.126052283102,"OPERATE_INCOME_QOQ":0.205559435557,"NET_PROFIT_RATIO":-5.7047299809,"ROE_AVG":-10.409351239064,"GROSS_PROFIT_QOQ":-88.911415126635,"ROA":-5.698433068253,"HOLDER_PROFIT_QOQ":-47.143426078392,"ROE_YEARLY":-10.409351239064,"ROIC_YEARLY":-6.69677152527,"TOTAL_ASSETS":2030383058.06,"TOTAL_LIABILITIES":919939469.12,"TAX_EBT":12.917002980749,"OCF_SALES":10.598418135362,"TOTAL_PARENT_EQUITY":1091178434.85,"DEBT_ASSET_RATIO":45.308665548,"OPERATE_PROFIT":-118665559.88,"PRETAX_PROFIT":-140549781.61,"NETCASH_OPERATE":227389024.66,"NETCASH_INVEST":-77779698.71,"NETCASH_FINANCE":-299286540.42,"END_CASH":172678916.97,"DIVI_RATIO":-0.215677172447,"DIVIDEND_RATE":6.521739130435,"CURRENT_RATIO":0.881600941517,"COMMON_ACS":23400000000,"CURRENTDEBT_DEBT":64.189653699158,"ISSUED_COMMON_SHARES":1014348000,"HK_COMMON_SHARES":1014348000,"PER_SHARES":1000,"TOTAL_MARKET_CAP":466600080,"HKSK_MARKET_CAP":466600080,"PE_TTM":10.538204485399,"PB_TTM":0.389242104209,"REPORT_DATE_SQ":"2021-12-31 00:00:00","REPORT_TYPE_SQ":"2021年年报","OPERATE_INCOME_SQ":2318793724.8,"DPS_HKD":0.03,"OPERATE_INCOME_QOQ_SQ":13.390010388236,"NET_PROFIT_RATIO_SQ":-0.6725437555,"HOLDER_PROFIT_SQ":-17359283.2,"HOLDER_PROFIT_QOQ_SQ":-165.433034570547,"ROE_AVG_SQ":-1.369425221301,"PE_TTM_SQ":-89.937397555715,"PB_TTM_SQ":0.619840988816,"ROA_SQ":-0.745674887224,"START_DATE":"2022-01-01 00:00:00","FISCAL_YEAR":"12-31","CURRENCY":"HKD","IS_CNY_CODE":0,"DPS_HKD_LY":0.06,"ORG_TYPE":"一般企业","PREMIUM_INCOME":null,"PREMIUM_INCOME_YOY":null,"NET_INTEREST_INCOME":null,"NET_INTEREST_INCOME_YOY":null,"FEE_COMMISSION_INCOME":null,"FEE_COMMISSION_INCOME_YOY":null,"ACCOUNTS_RECE_TDAYS":46.155231223037,"INVENTORY_TDAYS":17.216055693141,"CURRENT_ASSETS_TDAYS":3.380048578939,"TOTAL_ASSETS_TDAYS":0.956194425418,"PREMIUM_EXPENSE":null,"LOAN_DEPOSIT":null,"LOAN_EQUITY":null,"LOAN_ASSETS":null,"DEPOSIT_EQUITY":null,"DEPOSIT_ASSETS":null,"EQUITY_MULTIPLIER":1.828443226006,"EQUITY_RATIO":0.843069693956},{"SECUCODE":"00573.HK","SECURITY_CODE":"00573","SECURITY_NAME_ABBR":"稻香控股","ORG_CODE":"10081615","STD_REPORT_DATE":"2022-06-30 00:00:00","REPORT_DATE":"2022-06-30 00:00:00","DATE_TYPE_CODE":"002","REPORT_TYPE":"2022年中报","PER_NETCASH_OPERATE":0.079323275976,"PER_OI":0.892351023268,"BPS":1.142929311459,"BASIC_EPS":-0.085519,"DILUTED_EPS":-0.085519,"OPERATE_INCOME":905154475.75,"OPERATE_INCOME_YOY":-18.668840774,"GROSS_PROFIT":-36793694.56,"GROSS_PROFIT_YOY":-160.117653364724,"HOLDER_PROFIT":-86709424.48,"HOLDER_PROFIT_YOY":-391.2641116333,"GROSS_PROFIT_RATIO":-4.064907763894,"EPS_TTM":-0.085666268933,"OPERATE_INCOME_QOQ":-7.663264589235,"NET_PROFIT_RATIO":-9.2857783971,"ROE_AVG":-7.030701766551,"GROSS_PROFIT_QOQ":-53.743735417873,"ROA":-3.776955068383,"HOLDER_PROFIT_QOQ":-400.570257186656,"ROE_YEARLY":-14.061403533102,"ROIC_YEARLY":-9.094160464951,"TOTAL_ASSETS":2239051616.48,"TOTAL_LIABILITIES":1062748888.95,"TAX_EBT":14.716728998724,"OCF_SALES":8.889245813355,"TOTAL_PARENT_EQUITY":1159328061.22,"DEBT_ASSET_RATIO":47.4642425002,"OPERATE_PROFIT":-72677466.96,"PRETAX_PROFIT":-98554661.17,"NETCASH_OPERATE":80461406.34,"NETCASH_INVEST":-40905448.08,"NETCASH_FINANCE":-79478793.03,"END_CASH":300524883.47,"DIVI_RATIO":-0.317354780808,"DIVIDEND_RATE":6.521739130435,"CURRENT_RATIO":0.939012516863,"COMMON_ACS":23400000000,"CURRENTDEBT_DEBT":64.301825453346,"ISSUED_COMMON_SHARES":1014348000,"HK_COMMON_SHARES":1014348000,"PER_SHARES":1000,"TOTAL_MARKET_CAP":466600080,"HKSK_MARKET_CAP":466600080,"PE_TTM":10.538204485399,"PB_TTM":0.389242104209,"REPORT_DATE_SQ":"2021-06-30 00:00:00","REPORT_TYPE_SQ":"2021年中报","OPERATE_INCOME_SQ":1082849774.16,"DPS_HKD":0.03,"OPERATE_INCOME_QOQ_SQ":1.727855666935,"NET_PROFIT_RATIO_SQ":-1.5039454363,"HOLDER_PROFIT_SQ":-17173299.12,"HOLDER_PROFIT_QOQ_SQ":154.388859864745,"ROE_AVG_SQ":-1.320413045724,"PE_TTM_SQ":-89.937397555715,"PB_TTM_SQ":0.619840988816,"ROA_SQ":-0.703808456614,"START_DATE":"2022-01-01 00:00:00","FISCAL_YEAR":"12-31","CURRENCY":"HKD","IS_CNY_CODE":0,"DPS_HKD_LY":0.06,"ORG_TYPE":"一般企业","PREMIUM_INCOME":null,"PREMIUM_INCOME_YOY":null,"NET_INTEREST_INCOME":null,"NET_INTEREST_INCOME_YOY":null,"FEE_COMMISSION_INCOME":null,"FEE_COMMISSION_INCOME_YOY":null,"ACCOUNTS_RECE_TDAYS":20.456016930317,"INVENTORY_TDAYS":8.034495586841,"CURRENT_ASSETS_TDAYS":1.332401362582,"TOTAL_ASSETS_TDAYS":0.394274071747,"PREMIUM_EXPENSE":null,"LOAN_DEPOSIT":null,"LOAN_EQUITY":null,"LOAN_ASSETS":null,"DEPOSIT_EQUITY":null,"DEPOSIT_ASSETS":null,"EQUITY_MULTIPLIER":1.903465463506,"EQUITY_RATIO":0.916693837145},{"SECUCODE":"00573.HK","SECURITY_CODE":"00573","SECURITY_NAME_ABBR":"稻香控股","ORG_CODE":"10081615","STD_REPORT_DATE":"2021-12-31 00:00:00","REPORT_DATE":"2021-12-31 00:00:00","DATE_TYPE_CODE":"001","REPORT_TYPE":"2021年年报","PER_NETCASH_OPERATE":0.355194745107,"PER_OI":2.281495830956,"BPS":1.232126072709,"BASIC_EPS":-0.01708784,"DILUTED_EPS":-0.01708784,"OPERATE_INCOME":2318793724.8,"OPERATE_INCOME_YOY":18.7408545278,"GROSS_PROFIT":182340334.4,"GROSS_PROFIT_YOY":582.100766913881,"HOLDER_PROFIT":-17359283.2,"HOLDER_PROFIT_YOY":63.3653116157,"GROSS_PROFIT_RATIO":7.86358581403,"EPS_TTM":-0.017080058405,"OPERATE_INCOME_QOQ":13.390010388236,"NET_PROFIT_RATIO":-0.6725437555,"ROE_AVG":-1.369425221301,"GROSS_PROFIT_QOQ":100.13386399918,"ROA":-0.745674887224,"HOLDER_PROFIT_QOQ":-165.433034570547,"ROE_YEARLY":-1.369425221301,"ROIC_YEARLY":-0.916090083342,"TOTAL_ASSETS":2249045086.4,"TOTAL_LIABILITIES":984862972.8,"TAX_EBT":-5.352112676056,"OCF_SALES":15.568502921972,"TOTAL_PARENT_EQUITY":1249804617.6,"DEBT_ASSET_RATIO":43.7902725364,"OPERATE_PROFIT":3437190.4,"PRETAX_PROFIT":-14802648,"NETCASH_OPERATE":361001468.8,"NETCASH_INVEST":-89199342.4,"NETCASH_FINANCE":-372316235.2,"END_CASH":321437804.8,"DIVI_RATIO":-1.591715868591,"DIVIDEND_RATE":6.521739130435,"CURRENT_RATIO":1.14491724477,"COMMON_ACS":23400000000,"CURRENTDEBT_DEBT":60.791414088585,"ISSUED_COMMON_SHARES":1014348000,"HK_COMMON_SHARES":1014348000,"PER_SHARES":1000,"TOTAL_MARKET_CAP":466600080,"HKSK_MARKET_CAP":466600080,"PE_TTM":10.538204485399,"PB_TTM":0.389242104209,"REPORT_DATE_SQ":"2020-12-31 00:00:00","REPORT_TYPE_SQ":"2020年年报","OPERATE_INCOME_SQ":2010237782.28,"DPS_HKD":0.03,"OPERATE_INCOME_QOQ_SQ":-27.24727127693,"NET_PROFIT_RATIO_SQ":-2.3187579365,"HOLDER_PROFIT_SQ":-48778087.84,"HOLDER_PROFIT_QOQ_SQ":-11.118023205571,"ROE_AVG_SQ":-3.648202399822,"PE_TTM_SQ":-89.937397555715,"PB_TTM_SQ":0.619840988816,"ROA_SQ":-1.930183868031,"START_DATE":"2021-01-01 00:00:00","FISCAL_YEAR":"12-31","CURRENCY":"HKD","IS_CNY_CODE":0,"DPS_HKD_LY":0.06,"ORG_TYPE":"一般企业","PREMIUM_INCOME":null,"PREMIUM_INCOME_YOY":null,"NET_INTEREST_INCOME":null,"NET_INTEREST_INCOME_YOY":null,"FEE_COMMISSION_INCOME":null,"FEE_COMMISSION_INCOME_YOY":null,"ACCOUNTS_RECE_TDAYS":67.601792482063,"INVENTORY_TDAYS":16.605632907773,"CURRENT_ASSETS_TDAYS":3.168619240317,"TOTAL_ASSETS_TDAYS":0.996047031041,"PREMIUM_EXPENSE":null,"LOAN_DEPOSIT":null,"LOAN_EQUITY":null,"LOAN_ASSETS":null,"DEPOSIT_EQUITY":null,"DEPOSIT_ASSETS":null,"EQUITY_MULTIPLIER":1.779051500735,"EQUITY_RATIO":0.788013549423},{"SECUCODE":"00573.HK","SECURITY_CODE":"00573","SECURITY_NAME_ABBR":"稻香控股","ORG_CODE":"10081615","STD_REPORT_DATE":"2021-06-30 00:00:00","REPORT_DATE":"2021-06-30 00:00:00","DATE_TYPE_CODE":"002","REPORT_TYPE":"2021年中报","PER_NETCASH_OPERATE":0.154724530495,"PER_OI":1.065432090347,"BPS":1.274684925174,"BASIC_EPS":-0.016891224,"DILUTED_EPS":-0.016891224,"OPERATE_INCOME":1082849774.16,"OPERATE_INCOME_YOY":13.4158882659,"GROSS_PROFIT":61202812.32,"GROSS_PROFIT_YOY":2028.13103127587,"HOLDER_PROFIT":-17173299.12,"HOLDER_PROFIT_YOY":79.6147957924,"GROSS_PROFIT_RATIO":5.652013213696,"EPS_TTM":0.026103112162,"OPERATE_INCOME_QOQ":1.727855666935,"NET_PROFIT_RATIO":-1.5039454363,"ROE_AVG":-1.320413045724,"GROSS_PROFIT_QOQ":240.822264300396,"ROA":-0.703808456614,"HOLDER_PROFIT_QOQ":154.388859864745,"ROE_YEARLY":-2.640826091449,"ROIC_YEARLY":-1.753581411136,"TOTAL_ASSETS":2430530642.4,"TOTAL_LIABILITIES":1117837074,"TAX_EBT":-6.997594576864,"OCF_SALES":14.522232988596,"TOTAL_PARENT_EQUITY":1292974104.48,"DEBT_ASSET_RATIO":45.9914824565,"OPERATE_PROFIT":-5354434.8,"PRETAX_PROFIT":-15220407.36,"NETCASH_OPERATE":157253967.12,"NETCASH_INVEST":-46598976.24,"NETCASH_FINANCE":-129592299.6,"END_CASH":404360093.04,"DIVI_RATIO":1.04150799456,"DIVIDEND_RATE":6.521739130435,"CURRENT_RATIO":1.114197781335,"COMMON_ACS":23400000000,"CURRENTDEBT_DEBT":60.537953365465,"ISSUED_COMMON_SHARES":1014348000,"HK_COMMON_SHARES":1014348000,"PER_SHARES":1000,"TOTAL_MARKET_CAP":466600080,"HKSK_MARKET_CAP":466600080,"PE_TTM":10.538204485399,"PB_TTM":0.389242104209,"REPORT_DATE_SQ":"2020-06-30 00:00:00","REPORT_TYPE_SQ":"2020年中报","OPERATE_INCOME_SQ":1048115766.72,"DPS_HKD":0.03,"OPERATE_INCOME_QOQ_SQ":-21.023658564307,"NET_PROFIT_RATIO_SQ":-8.7292733899,"HOLDER_PROFIT_SQ":-92481232.8,"HOLDER_PROFIT_QOQ_SQ":-139.213904208583,"ROE_AVG_SQ":-6.638864026072,"PE_TTM_SQ":-89.937397555715,"PB_TTM_SQ":0.619840988816,"ROA_SQ":-3.434200937303,"START_DATE":"2021-01-01 00:00:00","FISCAL_YEAR":"12-31","CURRENCY":"HKD","IS_CNY_CODE":0,"DPS_HKD_LY":0.06,"ORG_TYPE":"一般企业","PREMIUM_INCOME":null,"PREMIUM_INCOME_YOY":null,"NET_INTEREST_INCOME":null,"NET_INTEREST_INCOME_YOY":null,"FEE_COMMISSION_INCOME":null,"FEE_COMMISSION_INCOME_YOY":null,"ACCOUNTS_RECE_TDAYS":43.102657944854,"INVENTORY_TDAYS":8.197482315789,"CURRENT_ASSETS_TDAYS":1.400932141217,"TOTAL_ASSETS_TDAYS":0.443781257737,"PREMIUM_EXPENSE":null,"LOAN_DEPOSIT":null,"LOAN_EQUITY":null,"LOAN_ASSETS":null,"DEPOSIT_EQUITY":null,"DEPOSIT_ASSETS":null,"EQUITY_MULTIPLIER":1.85155980109,"EQUITY_RATIO":0.86454714764},{"SECUCODE":"00573.HK","SECURITY_CODE":"00573","SECURITY_NAME_ABBR":"稻香控股","ORG_CODE":"10081615","STD_REPORT_DATE":"2020-12-31 00:00:00","REPORT_DATE":"2020-12-31 00:00:00","DATE_TYPE_CODE":"001","REPORT_TYPE":"2020年年报","PER_NETCASH_OPERATE":0.210020271746,"PER_OI":1.977391334817,"BPS":1.304540008636,"BASIC_EPS":-0.04797348,"DILUTED_EPS":-0.04797348,"OPERATE_INCOME":2010237782.28,"OPERATE_INCOME_YOY":-38.8465036301,"GROSS_PROFIT":26732169.68,"GROSS_PROFIT_YOY":-93.980584030557,"HOLDER_PROFIT":-48778087.84,"HOLDER_PROFIT_YOY":-146.3766724281,"GROSS_PROFIT_RATIO":1.329801375521,"EPS_TTM":-0.047981074216,"OPERATE_INCOME_QOQ":-27.24727127693,"NET_PROFIT_RATIO":-2.3187579365,"ROE_AVG":-3.648202399822,"GROSS_PROFIT_QOQ":-87.216043827356,"ROA":-1.930183868031,"HOLDER_PROFIT_QOQ":-11.118023205571,"ROE_YEARLY":-3.648202399822,"ROIC_YEARLY":-2.430961751655,"TOTAL_ASSETS":2477719145.52,"TOTAL_LIABILITIES":1135438849.56,"TAX_EBT":23.522101164091,"OCF_SALES":10.621077783039,"TOTAL_PARENT_EQUITY":1323257548.68,"DEBT_ASSET_RATIO":45.8259706962,"OPERATE_PROFIT":-11112172.92,"PRETAX_PROFIT":-60949043.88,"NETCASH_OPERATE":213508918.48,"NETCASH_INVEST":-144343784.92,"NETCASH_FINANCE":-145887352.68,"END_CASH":421191163.24,"DIVI_RATIO":-0.566610907407,"DIVIDEND_RATE":6.521739130435,"CURRENT_RATIO":1.193732040072,"COMMON_ACS":23400000000,"CURRENTDEBT_DEBT":59.096687443804,"ISSUED_COMMON_SHARES":1014348000,"HK_COMMON_SHARES":1014348000,"PER_SHARES":1000,"TOTAL_MARKET_CAP":466600080,"HKSK_MARKET_CAP":466600080,"PE_TTM":10.538204485399,"PB_TTM":0.389242104209,"REPORT_DATE_SQ":"2019-12-31 00:00:00","REPORT_TYPE_SQ":"2019年年报","OPERATE_INCOME_SQ":3498655112.24,"DPS_HKD":0.03,"OPERATE_INCOME_QOQ_SQ":-4.318243368996,"NET_PROFIT_RATIO_SQ":3.4770648497,"HOLDER_PROFIT_SQ":111943835.04,"HOLDER_PROFIT_QOQ_SQ":-8.306627768599,"ROE_AVG_SQ":7.638385687501,"PE_TTM_SQ":-89.937397555715,"PB_TTM_SQ":0.619840988816,"ROA_SQ":4.583790683536,"START_DATE":"2020-01-01 00:00:00","FISCAL_YEAR":"12-31","CURRENCY":"HKD","IS_CNY_CODE":0,"DPS_HKD_LY":0.035,"ORG_TYPE":"一般企业","PREMIUM_INCOME":null,"PREMIUM_INCOME_YOY":null,"NET_INTEREST_INCOME":null,"NET_INTEREST_INCOME_YOY":null,"FEE_COMMISSION_INCOME":null,"FEE_COMMISSION_INCOME_YOY":null,"ACCOUNTS_RECE_TDAYS":68.265605350406,"INVENTORY_TDAYS":14.106195325897,"CURRENT_ASSETS_TDAYS":2.448522107646,"TOTAL_ASSETS_TDAYS":0.795465486673,"PREMIUM_EXPENSE":null,"LOAN_DEPOSIT":null,"LOAN_EQUITY":null,"LOAN_ASSETS":null,"DEPOSIT_EQUITY":null,"DEPOSIT_ASSETS":null,"EQUITY_MULTIPLIER":1.845902940673,"EQUITY_RATIO":0.858063383574},{"SECUCODE":"00573.HK","SECURITY_CODE":"00573","SECURITY_NAME_ABBR":"稻香控股","ORG_CODE":"10081615","STD_REPORT_DATE":"2020-06-30 00:00:00","REPORT_DATE":"2020-06-30 00:00:00","DATE_TYPE_CODE":"002","REPORT_TYPE":"2020年中报","PER_NETCASH_OPERATE":0.061308358379,"PER_OI":1.030989991963,"BPS":1.301314395296,"BASIC_EPS":-0.090978624,"DILUTED_EPS":-0.090978624,"OPERATE_INCOME":1048115766.72,"OPERATE_INCOME_YOY":-43.4110366031,"GROSS_PROFIT":-3174204,"GROSS_PROFIT_YOY":-101.369267437839,"HOLDER_PROFIT":-92481232.8,"HOLDER_PROFIT_YOY":-240.5633920142,"GROSS_PROFIT_RATIO":-0.302848607071,"EPS_TTM":-0.043180280599,"OPERATE_INCOME_QOQ":-21.023658564307,"NET_PROFIT_RATIO":-8.7292733899,"ROE_AVG":-6.638864026072,"GROSS_PROFIT_QOQ":-52.914294384676,"ROA":-3.434200937303,"HOLDER_PROFIT_QOQ":-139.213904208583,"ROE_YEARLY":-13.277728052143,"ROIC_YEARLY":-8.575675177192,"TOTAL_ASSETS":2589569516.16,"TOTAL_LIABILITIES":1251688658.88,"TAX_EBT":16.111390284757,"OCF_SALES":5.946552232016,"TOTAL_PARENT_EQUITY":1319985654.24,"DEBT_ASSET_RATIO":48.3357813362,"OPERATE_PROFIT":-92638344.48,"PRETAX_PROFIT":-109064736,"NETCASH_OPERATE":62326751.52,"NETCASH_INVEST":-74727612.96,"NETCASH_FINANCE":-89934562.08,"END_CASH":408107636.64,"DIVI_RATIO":-0.629606839578,"DIVIDEND_RATE":6.521739130435,"CURRENT_RATIO":1.109735250992,"COMMON_ACS":23400000000,"CURRENTDEBT_DEBT":58.828053961827,"ISSUED_COMMON_SHARES":1014348000,"HK_COMMON_SHARES":1014348000,"PER_SHARES":1000,"TOTAL_MARKET_CAP":466600080,"HKSK_MARKET_CAP":466600080,"PE_TTM":10.538204485399,"PB_TTM":0.389242104209,"REPORT_DATE_SQ":"2019-06-30 00:00:00","REPORT_TYPE_SQ":"2019年中报","OPERATE_INCOME_SQ":1783661071.86,"DPS_HKD":0.03,"OPERATE_INCOME_QOQ_SQ":0.831345621006,"NET_PROFIT_RATIO_SQ":3.4229912052,"HOLDER_PROFIT_SQ":63360150.48,"HOLDER_PROFIT_QOQ_SQ":19.713552568727,"ROE_AVG_SQ":4.362666818493,"PE_TTM_SQ":-89.937397555715,"PB_TTM_SQ":0.619840988816,"ROA_SQ":2.582544768221,"START_DATE":"2020-01-01 00:00:00","FISCAL_YEAR":"12-31","CURRENCY":"HKD","IS_CNY_CODE":0,"DPS_HKD_LY":0.035,"ORG_TYPE":"一般企业","PREMIUM_INCOME":null,"PREMIUM_INCOME_YOY":null,"NET_INTEREST_INCOME":null,"NET_INTEREST_INCOME_YOY":null,"FEE_COMMISSION_INCOME":null,"FEE_COMMISSION_INCOME_YOY":null,"ACCOUNTS_RECE_TDAYS":27.488153702417,"INVENTORY_TDAYS":7.061292479861,"CURRENT_ASSETS_TDAYS":1.211770918039,"TOTAL_ASSETS_TDAYS":0.38920763051,"PREMIUM_EXPENSE":null,"LOAN_DEPOSIT":null,"LOAN_EQUITY":null,"LOAN_ASSETS":null,"DEPOSIT_EQUITY":null,"DEPOSIT_ASSETS":null,"EQUITY_MULTIPLIER":1.935575579895,"EQUITY_RATIO":0.948259289682}],"count":39},"success":true,"message":"ok","code":0}