{"version":"34cad4d6d6f6786f5b03ba92314e7231","result":{"pages":6,"data":[{"SECUCODE":"00579.HK","SECURITY_CODE":"00579","SECURITY_NAME_ABBR":"京能清洁能源","ORG_CODE":"10160502","STD_REPORT_DATE":"2024-09-30 00:00:00","REPORT_DATE":"2024-09-30 00:00:00","DATE_TYPE_CODE":"004","REPORT_TYPE":"2024年三季报","PER_NETCASH_OPERATE":0.477253419681,"PER_OI":1.799027190362,"BPS":3.914894428442,"BASIC_EPS":null,"DILUTED_EPS":null,"OPERATE_INCOME":14832094322.22,"OPERATE_INCOME_YOY":-1.9284961847,"GROSS_PROFIT":3977435890.95,"GROSS_PROFIT_YOY":-6.608396619569,"HOLDER_PROFIT":2569355902.93,"HOLDER_PROFIT_YOY":-4.7457013855,"GROSS_PROFIT_RATIO":26.816414489702,"EPS_TTM":0.355343468775,"OPERATE_INCOME_QOQ":-0.996491639946,"NET_PROFIT_RATIO":17.5566910225,"ROE_AVG":7.431961021015,"GROSS_PROFIT_QOQ":-1.819975110772,"ROA":2.698974700849,"HOLDER_PROFIT_QOQ":-5.172866899071,"ROE_YEARLY":9.909281361353,"ROIC_YEARLY":2.97979709139,"TOTAL_ASSETS":96800519139.65,"TOTAL_LIABILITIES":60696510475.61,"TAX_EBT":15.615067288697,"OCF_SALES":26.528416148321,"TOTAL_PARENT_EQUITY":35268098998.19,"DEBT_ASSET_RATIO":62.7026704144,"OPERATE_PROFIT":3950522541.6,"PRETAX_PROFIT":3085888545.09,"NETCASH_OPERATE":3934719705.31,"NETCASH_INVEST":-3978313614.58,"NETCASH_FINANCE":-137629571.81,"END_CASH":6403225598.86,"DIVI_RATIO":0.391134138132,"DIVIDEND_RATE":7.988020833333,"CURRENT_RATIO":0.93526297697,"COMMON_ACS":null,"CURRENTDEBT_DEBT":36.229125943634,"ISSUED_COMMON_SHARES":8244508144,"HK_COMMON_SHARES":2829676800,"PER_SHARES":2000,"TOTAL_MARKET_CAP":15829455636.48,"HKSK_MARKET_CAP":5432979456,"PE_TTM":4.820552587993,"PB_TTM":0.442269090942,"REPORT_DATE_SQ":"2023-09-30 00:00:00","REPORT_TYPE_SQ":"2023年三季报","OPERATE_INCOME_SQ":15123755367.47,"DPS_HKD":0.15337,"OPERATE_INCOME_QOQ_SQ":-0.152863887439,"NET_PROFIT_RATIO_SQ":18.2029097516,"HOLDER_PROFIT_SQ":2697364780.7,"HOLDER_PROFIT_QOQ_SQ":-1.638978809751,"ROE_AVG_SQ":8.767906661781,"PE_TTM_SQ":3.949320688643,"PB_TTM_SQ":0.402556942825,"ROA_SQ":2.990416309762,"START_DATE":"2024-01-01 00:00:00","FISCAL_YEAR":"12-31","CURRENCY":"HKD","IS_CNY_CODE":0,"DPS_HKD_LY":0.15337,"ORG_TYPE":"一般企业","PREMIUM_INCOME":null,"PREMIUM_INCOME_YOY":null,"NET_INTEREST_INCOME":null,"NET_INTEREST_INCOME_YOY":null,"FEE_COMMISSION_INCOME":null,"FEE_COMMISSION_INCOME_YOY":null,"ACCOUNTS_RECE_TDAYS":1.315937716019,"INVENTORY_TDAYS":104.783214729339,"CURRENT_ASSETS_TDAYS":0.734660902392,"TOTAL_ASSETS_TDAYS":0.155803434202,"PREMIUM_EXPENSE":null,"LOAN_DEPOSIT":null,"LOAN_EQUITY":null,"LOAN_ASSETS":null,"DEPOSIT_EQUITY":null,"DEPOSIT_ASSETS":null,"EQUITY_MULTIPLIER":2.68115709921,"EQUITY_RATIO":1.721003178502},{"SECUCODE":"00579.HK","SECURITY_CODE":"00579","SECURITY_NAME_ABBR":"京能清洁能源","ORG_CODE":"10160502","STD_REPORT_DATE":"2024-06-30 00:00:00","REPORT_DATE":"2024-06-30 00:00:00","DATE_TYPE_CODE":"002","REPORT_TYPE":"2024年中报","PER_NETCASH_OPERATE":0.304811512841,"PER_OI":1.268720682581,"BPS":3.824206544443,"BASIC_EPS":0.2531,"DILUTED_EPS":0.2531,"OPERATE_INCOME":10459978000,"OPERATE_INCOME_YOY":-0.8418318666,"GROSS_PROFIT":5716470000,"GROSS_PROFIT_YOY":-1.401532014184,"HOLDER_PROFIT":2086711000,"HOLDER_PROFIT_YOY":1.547709945,"GROSS_PROFIT_RATIO":54.650879762845,"EPS_TTM":0.374727630325,"OPERATE_INCOME_QOQ":-1.354048941467,"NET_PROFIT_RATIO":20.9085812609,"ROE_AVG":6.380986971268,"GROSS_PROFIT_QOQ":-1.775221172955,"ROA":2.211845237452,"HOLDER_PROFIT_QOQ":0.351685479129,"ROE_YEARLY":12.761973942536,"ROIC_YEARLY":4.947704242775,"TOTAL_ASSETS":95090641000,"TOTAL_LIABILITIES":59668351000,"TAX_EBT":16.373398041324,"OCF_SALES":24.025107892196,"TOTAL_PARENT_EQUITY":31528702000,"DEBT_ASSET_RATIO":62.7489207902,"OPERATE_PROFIT":3122642000,"PRETAX_PROFIT":2615236000,"NETCASH_OPERATE":2513021000,"NETCASH_INVEST":-2959458000,"NETCASH_FINANCE":-459161000,"END_CASH":5642423000,"DIVI_RATIO":0.37090128977,"DIVIDEND_RATE":8.157978723404,"CURRENT_RATIO":0.920644838106,"COMMON_ACS":null,"CURRENTDEBT_DEBT":37.316771163996,"ISSUED_COMMON_SHARES":8244508144,"HK_COMMON_SHARES":2829676800,"PER_SHARES":2000,"TOTAL_MARKET_CAP":15499675310.72,"HKSK_MARKET_CAP":5319792384,"PE_TTM":4.720124409076,"PB_TTM":0.433055151547,"REPORT_DATE_SQ":"2023-06-30 00:00:00","REPORT_TYPE_SQ":"2023年中报","OPERATE_INCOME_SQ":10548781000,"DPS_HKD":0.15337,"OPERATE_INCOME_QOQ_SQ":1.798220763326,"NET_PROFIT_RATIO_SQ":20.4869169243,"HOLDER_PROFIT_SQ":2054907000,"HOLDER_PROFIT_QOQ_SQ":6.982026016916,"ROE_AVG_SQ":7.043431800282,"PE_TTM_SQ":3.754292506488,"PB_TTM_SQ":0.382677587623,"ROA_SQ":2.274105593493,"START_DATE":"2024-01-01 00:00:00","FISCAL_YEAR":"12-31","CURRENCY":"HKD","IS_CNY_CODE":0,"DPS_HKD_LY":0.15337,"ORG_TYPE":"一般企业","PREMIUM_INCOME":null,"PREMIUM_INCOME_YOY":null,"NET_INTEREST_INCOME":null,"NET_INTEREST_INCOME_YOY":null,"FEE_COMMISSION_INCOME":null,"FEE_COMMISSION_INCOME_YOY":null,"ACCOUNTS_RECE_TDAYS":0.920258218674,"INVENTORY_TDAYS":48.04549805276,"CURRENT_ASSETS_TDAYS":0.518961831046,"TOTAL_ASSETS_TDAYS":0.110872337009,"PREMIUM_EXPENSE":null,"LOAN_DEPOSIT":null,"LOAN_EQUITY":null,"LOAN_ASSETS":null,"DEPOSIT_EQUITY":null,"DEPOSIT_ASSETS":null,"EQUITY_MULTIPLIER":2.68448598326,"EQUITY_RATIO":1.89250895898},{"SECUCODE":"00579.HK","SECURITY_CODE":"00579","SECURITY_NAME_ABBR":"京能清洁能源","ORG_CODE":"10160502","STD_REPORT_DATE":"2024-03-31 00:00:00","REPORT_DATE":"2024-03-31 00:00:00","DATE_TYPE_CODE":"003","REPORT_TYPE":"2024年一季报","PER_NETCASH_OPERATE":0.234938450417,"PER_OI":0.790387722319,"BPS":3.902899758751,"BASIC_EPS":null,"DILUTED_EPS":null,"OPERATE_INCOME":6516358013.58,"OPERATE_INCOME_YOY":3.0135240696,"GROSS_PROFIT":1894769088.03,"GROSS_PROFIT_YOY":6.613425963598,"HOLDER_PROFIT":1328747934.05,"HOLDER_PROFIT_YOY":1.6040230239,"GROSS_PROFIT_RATIO":29.077117679559,"EPS_TTM":0.373414386152,"OPERATE_INCOME_QOQ":0.932344483682,"NET_PROFIT_RATIO":20.9938463634,"ROE_AVG":3.848959485135,"GROSS_PROFIT_QOQ":1.060729652546,"ROA":1.39534301092,"HOLDER_PROFIT_QOQ":0.68605005362,"ROE_YEARLY":15.395837940541,"ROIC_YEARLY":6.169414887379,"TOTAL_ASSETS":96860224792.03,"TOTAL_LIABILITIES":60832787777.37,"TAX_EBT":18.214495128675,"OCF_SALES":29.724455957813,"TOTAL_PARENT_EQUITY":35169208846.24,"DEBT_ASSET_RATIO":62.804714637,"OPERATE_PROFIT":1957492203.57,"PRETAX_PROFIT":1672709842.67,"NETCASH_OPERATE":1936951967.8,"NETCASH_INVEST":-1217877800.14,"NETCASH_FINANCE":-528211451.01,"END_CASH":6758671507.38,"DIVI_RATIO":0.372205695748,"DIVIDEND_RATE":8.157978723404,"CURRENT_RATIO":1.070895290402,"COMMON_ACS":null,"CURRENTDEBT_DEBT":34.100886408574,"ISSUED_COMMON_SHARES":8244508144,"HK_COMMON_SHARES":2829676800,"PER_SHARES":2000,"TOTAL_MARKET_CAP":15499675310.72,"HKSK_MARKET_CAP":5319792384,"PE_TTM":4.720124409076,"PB_TTM":0.433055151547,"REPORT_DATE_SQ":"2023-03-31 00:00:00","REPORT_TYPE_SQ":"2023年一季报","OPERATE_INCOME_SQ":6325730599.39,"DPS_HKD":0.15337,"OPERATE_INCOME_QOQ_SQ":0.614612267996,"NET_PROFIT_RATIO_SQ":21.4407043675,"HOLDER_PROFIT_SQ":1307770986.33,"HOLDER_PROFIT_QOQ_SQ":2.207514504951,"ROE_AVG_SQ":4.246211554704,"PE_TTM_SQ":3.754292506488,"PB_TTM_SQ":0.382677587623,"ROA_SQ":1.469460072056,"START_DATE":"2024-01-01 00:00:00","FISCAL_YEAR":"12-31","CURRENCY":"HKD","IS_CNY_CODE":0,"DPS_HKD_LY":0.15337,"ORG_TYPE":"一般企业","PREMIUM_INCOME":null,"PREMIUM_INCOME_YOY":null,"NET_INTEREST_INCOME":null,"NET_INTEREST_INCOME_YOY":null,"FEE_COMMISSION_INCOME":null,"FEE_COMMISSION_INCOME_YOY":null,"ACCOUNTS_RECE_TDAYS":0.542412260835,"INVENTORY_TDAYS":51.074671340196,"CURRENT_ASSETS_TDAYS":0.310103280356,"TOTAL_ASSETS_TDAYS":0.068429491989,"PREMIUM_EXPENSE":null,"LOAN_DEPOSIT":null,"LOAN_EQUITY":null,"LOAN_ASSETS":null,"DEPOSIT_EQUITY":null,"DEPOSIT_ASSETS":null,"EQUITY_MULTIPLIER":2.688512778544,"EQUITY_RATIO":1.729717266127},{"SECUCODE":"00579.HK","SECURITY_CODE":"00579","SECURITY_NAME_ABBR":"京能清洁能源","ORG_CODE":"10160502","STD_REPORT_DATE":"2023-12-31 00:00:00","REPORT_DATE":"2023-12-31 00:00:00","DATE_TYPE_CODE":"001","REPORT_TYPE":"2023年年报","PER_NETCASH_OPERATE":1.14398079731,"PER_OI":2.479957281003,"BPS":3.721028042446,"BASIC_EPS":0.3709,"DILUTED_EPS":0.3709,"OPERATE_INCOME":20446028000,"OPERATE_INCOME_YOY":2.0755924493,"GROSS_PROFIT":11080674000,"GROSS_PROFIT_YOY":2.188753649706,"HOLDER_PROFIT":3057641000,"HOLDER_PROFIT_YOY":7.5997649278,"GROSS_PROFIT_RATIO":54.194751176121,"EPS_TTM":0.370870032098,"OPERATE_INCOME_QOQ":-0.187472931294,"NET_PROFIT_RATIO":15.8231368949,"ROE_AVG":10.318020471662,"GROSS_PROFIT_QOQ":2.685931728217,"ROA":3.367649893036,"HOLDER_PROFIT_QOQ":-0.138259331309,"ROE_YEARLY":10.318020471662,"ROIC_YEARLY":3.778536420177,"TOTAL_ASSETS":93962127987.06,"TOTAL_LIABILITIES":59268683414.05,"TAX_EBT":21.926567313296,"OCF_SALES":46.129052547517,"TOTAL_PARENT_EQUITY":33875318080.15,"DEBT_ASSET_RATIO":63.1167432262,"OPERATE_PROFIT":5187881000,"PRETAX_PROFIT":4143795000,"NETCASH_OPERATE":9431559000,"NETCASH_INVEST":-8681295000,"NETCASH_FINANCE":375845000,"END_CASH":6605086000,"DIVI_RATIO":0.374759213123,"DIVIDEND_RATE":8.157978723404,"CURRENT_RATIO":0.891973382271,"COMMON_ACS":null,"CURRENTDEBT_DEBT":36.358838886932,"ISSUED_COMMON_SHARES":8244508144,"HK_COMMON_SHARES":2829676800,"PER_SHARES":2000,"TOTAL_MARKET_CAP":15499675310.72,"HKSK_MARKET_CAP":5319792384,"PE_TTM":4.720124409076,"PB_TTM":0.433055151547,"REPORT_DATE_SQ":"2022-12-31 00:00:00","REPORT_TYPE_SQ":"2022年年报","OPERATE_INCOME_SQ":20030281000,"DPS_HKD":0.15337,"OPERATE_INCOME_QOQ_SQ":2.922655910242,"NET_PROFIT_RATIO_SQ":15.12022722,"HOLDER_PROFIT_SQ":2841680000,"HOLDER_PROFIT_QOQ_SQ":-1.024296259045,"ROE_AVG_SQ":10.176184912749,"PE_TTM_SQ":3.754292506488,"PB_TTM_SQ":0.382677587623,"ROA_SQ":3.348683293198,"START_DATE":"2023-01-01 00:00:00","FISCAL_YEAR":"12-31","CURRENCY":"HKD","IS_CNY_CODE":0,"DPS_HKD_LY":0.13142,"ORG_TYPE":"一般企业","PREMIUM_INCOME":null,"PREMIUM_INCOME_YOY":null,"NET_INTEREST_INCOME":null,"NET_INTEREST_INCOME_YOY":null,"FEE_COMMISSION_INCOME":null,"FEE_COMMISSION_INCOME_YOY":null,"ACCOUNTS_RECE_TDAYS":1.861695654644,"INVENTORY_TDAYS":101.217525695202,"CURRENT_ASSETS_TDAYS":1.065239083613,"TOTAL_ASSETS_TDAYS":0.225190151516,"PREMIUM_EXPENSE":null,"LOAN_DEPOSIT":null,"LOAN_EQUITY":null,"LOAN_ASSETS":null,"DEPOSIT_EQUITY":null,"DEPOSIT_ASSETS":null,"EQUITY_MULTIPLIER":2.711257322348,"EQUITY_RATIO":1.749612602126},{"SECUCODE":"00579.HK","SECURITY_CODE":"00579","SECURITY_NAME_ABBR":"京能清洁能源","ORG_CODE":"10160502","STD_REPORT_DATE":"2023-09-30 00:00:00","REPORT_DATE":"2023-09-30 00:00:00","DATE_TYPE_CODE":"004","REPORT_TYPE":"2023年三季报","PER_NETCASH_OPERATE":0.440150093423,"PER_OI":1.834403593679,"BPS":3.692795830497,"BASIC_EPS":null,"DILUTED_EPS":null,"OPERATE_INCOME":15123755367.47,"OPERATE_INCOME_YOY":3.0958553014,"GROSS_PROFIT":4258879542.68,"GROSS_PROFIT_YOY":-1.217720967057,"HOLDER_PROFIT":2697364780.7,"HOLDER_PROFIT_YOY":8.6604100772,"GROSS_PROFIT_RATIO":28.160198569666,"EPS_TTM":0.371383504448,"OPERATE_INCOME_QOQ":-0.152863887439,"NET_PROFIT_RATIO":18.2029097516,"ROE_AVG":8.767906661781,"GROSS_PROFIT_QOQ":-2.995572750672,"ROA":2.990416309762,"HOLDER_PROFIT_QOQ":-1.638978809751,"ROE_YEARLY":11.690542215708,"ROIC_YEARLY":3.263351770021,"TOTAL_ASSETS":92406053933.38,"TOTAL_LIABILITIES":58677096120.73,"TAX_EBT":16.537031447936,"OCF_SALES":23.994179630909,"TOTAL_PARENT_EQUITY":32938205298.66,"DEBT_ASSET_RATIO":63.4991903918,"OPERATE_PROFIT":4260995079.68,"PRETAX_PROFIT":3298425143.94,"NETCASH_OPERATE":3628821029.81,"NETCASH_INVEST":-5244279627.41,"NETCASH_FINANCE":1053341844.47,"END_CASH":4911376741.74,"DIVI_RATIO":0.374241073541,"DIVIDEND_RATE":8.157978723404,"CURRENT_RATIO":0.948407553003,"COMMON_ACS":null,"CURRENTDEBT_DEBT":36.827008348417,"ISSUED_COMMON_SHARES":8244508144,"HK_COMMON_SHARES":2829676800,"PER_SHARES":2000,"TOTAL_MARKET_CAP":15499675310.72,"HKSK_MARKET_CAP":5319792384,"PE_TTM":4.720124409076,"PB_TTM":0.433055151547,"REPORT_DATE_SQ":"2022-09-30 00:00:00","REPORT_TYPE_SQ":"2022年三季报","OPERATE_INCOME_SQ":14669605604.66,"DPS_HKD":0.15337,"OPERATE_INCOME_QOQ_SQ":2.545638548583,"NET_PROFIT_RATIO_SQ":17.3236484014,"HOLDER_PROFIT_SQ":2482380453.73,"HOLDER_PROFIT_QOQ_SQ":10.849613296316,"ROE_AVG_SQ":8.450265786132,"PE_TTM_SQ":3.754292506488,"PB_TTM_SQ":0.382677587623,"ROA_SQ":2.902040034448,"START_DATE":"2023-01-01 00:00:00","FISCAL_YEAR":"12-31","CURRENCY":"HKD","IS_CNY_CODE":0,"DPS_HKD_LY":0.13142,"ORG_TYPE":"一般企业","PREMIUM_INCOME":null,"PREMIUM_INCOME_YOY":null,"NET_INTEREST_INCOME":null,"NET_INTEREST_INCOME_YOY":null,"FEE_COMMISSION_INCOME":null,"FEE_COMMISSION_INCOME_YOY":null,"ACCOUNTS_RECE_TDAYS":1.258198017823,"INVENTORY_TDAYS":97.008626339438,"CURRENT_ASSETS_TDAYS":0.774187097457,"TOTAL_ASSETS_TDAYS":0.16766855206,"PREMIUM_EXPENSE":null,"LOAN_DEPOSIT":null,"LOAN_EQUITY":null,"LOAN_ASSETS":null,"DEPOSIT_EQUITY":null,"DEPOSIT_ASSETS":null,"EQUITY_MULTIPLIER":2.739665258755,"EQUITY_RATIO":1.781429667727},{"SECUCODE":"00579.HK","SECURITY_CODE":"00579","SECURITY_NAME_ABBR":"京能清洁能源","ORG_CODE":"10160502","STD_REPORT_DATE":"2023-06-30 00:00:00","REPORT_DATE":"2023-06-30 00:00:00","DATE_TYPE_CODE":"002","REPORT_TYPE":"2023年中报","PER_NETCASH_OPERATE":0.195773837785,"PER_OI":1.279491852728,"BPS":3.609634981276,"BASIC_EPS":0.2492,"DILUTED_EPS":0.2492,"OPERATE_INCOME":10548781000,"OPERATE_INCOME_YOY":4.8245848516,"GROSS_PROFIT":5797727000,"GROSS_PROFIT_YOY":5.088437588703,"HOLDER_PROFIT":2054907000,"HOLDER_PROFIT_YOY":14.869671525,"GROSS_PROFIT_RATIO":54.961108776455,"EPS_TTM":0.377571826679,"OPERATE_INCOME_QOQ":1.798220763326,"NET_PROFIT_RATIO":20.4869169243,"ROE_AVG":7.043431800282,"GROSS_PROFIT_QOQ":2.52871635874,"ROA":2.274105593493,"HOLDER_PROFIT_QOQ":6.982026016916,"ROE_YEARLY":14.086863600564,"ROIC_YEARLY":5.064029760839,"TOTAL_ASSETS":92727649000,"TOTAL_LIABILITIES":59585054000,"TAX_EBT":16.660785813145,"OCF_SALES":15.300905384234,"TOTAL_PARENT_EQUITY":29759665000,"DEBT_ASSET_RATIO":64.2581308192,"OPERATE_PROFIT":3133830000,"PRETAX_PROFIT":2593161000,"NETCASH_OPERATE":1614059000,"NETCASH_INVEST":-3223837000,"NETCASH_FINANCE":1832790000,"END_CASH":5726632000,"DIVI_RATIO":0.368107341648,"DIVIDEND_RATE":8.157978723404,"CURRENT_RATIO":0.883377693798,"COMMON_ACS":null,"CURRENTDEBT_DEBT":40.828347659129,"ISSUED_COMMON_SHARES":8244508144,"HK_COMMON_SHARES":2829676800,"PER_SHARES":2000,"TOTAL_MARKET_CAP":15499675310.72,"HKSK_MARKET_CAP":5319792384,"PE_TTM":4.720124409076,"PB_TTM":0.433055151547,"REPORT_DATE_SQ":"2022-06-30 00:00:00","REPORT_TYPE_SQ":"2022年中报","OPERATE_INCOME_SQ":10063270000,"DPS_HKD":0.15337,"OPERATE_INCOME_QOQ_SQ":2.180915407635,"NET_PROFIT_RATIO_SQ":17.791992089,"HOLDER_PROFIT_SQ":1788903000,"HOLDER_PROFIT_QOQ_SQ":6.418907100384,"ROE_AVG_SQ":6.468210219508,"PE_TTM_SQ":3.754292506488,"PB_TTM_SQ":0.382677587623,"ROA_SQ":2.145179211756,"START_DATE":"2023-01-01 00:00:00","FISCAL_YEAR":"12-31","CURRENCY":"HKD","IS_CNY_CODE":0,"DPS_HKD_LY":0.13142,"ORG_TYPE":"一般企业","PREMIUM_INCOME":null,"PREMIUM_INCOME_YOY":null,"NET_INTEREST_INCOME":null,"NET_INTEREST_INCOME_YOY":null,"FEE_COMMISSION_INCOME":null,"FEE_COMMISSION_INCOME_YOY":null,"ACCOUNTS_RECE_TDAYS":0.861372281332,"INVENTORY_TDAYS":43.052848107001,"CURRENT_ASSETS_TDAYS":0.526565964139,"TOTAL_ASSETS_TDAYS":0.116740280103,"PREMIUM_EXPENSE":null,"LOAN_DEPOSIT":null,"LOAN_EQUITY":null,"LOAN_ASSETS":null,"DEPOSIT_EQUITY":null,"DEPOSIT_ASSETS":null,"EQUITY_MULTIPLIER":2.797839125149,"EQUITY_RATIO":2.002208492602},{"SECUCODE":"00579.HK","SECURITY_CODE":"00579","SECURITY_NAME_ABBR":"京能清洁能源","ORG_CODE":"10160502","STD_REPORT_DATE":"2023-03-31 00:00:00","REPORT_DATE":"2023-03-31 00:00:00","DATE_TYPE_CODE":"003","REPORT_TYPE":"2023年一季报","PER_NETCASH_OPERATE":0.332152921391,"PER_OI":0.767265977412,"BPS":3.641141850863,"BASIC_EPS":null,"DILUTED_EPS":null,"OPERATE_INCOME":6325730599.39,"OPERATE_INCOME_YOY":1.9847826233,"GROSS_PROFIT":1777233093.21,"GROSS_PROFIT_YOY":0.359745228695,"HOLDER_PROFIT":1307770986.33,"HOLDER_PROFIT_YOY":5.0481342754,"GROSS_PROFIT_RATIO":28.095301645969,"EPS_TTM":0.352930151668,"OPERATE_INCOME_QOQ":0.614612267996,"NET_PROFIT_RATIO":21.4407043675,"ROE_AVG":4.246211554704,"GROSS_PROFIT_QOQ":0.058751209037,"ROA":1.469460072056,"HOLDER_PROFIT_QOQ":2.207514504951,"ROE_YEARLY":16.984846218818,"ROIC_YEARLY":6.451236197442,"TOTAL_ASSETS":89998835957.55,"TOTAL_LIABILITIES":56144179399.07,"TAX_EBT":16.935912048957,"OCF_SALES":43.290453528389,"TOTAL_PARENT_EQUITY":33007140624.05,"DEBT_ASSET_RATIO":62.383228407,"OPERATE_PROFIT":1995699783.21,"PRETAX_PROFIT":1632812964.49,"NETCASH_OPERATE":2738437465.46,"NETCASH_INVEST":-1319796910.58,"NETCASH_FINANCE":-1296679585.96,"END_CASH":5589905663.17,"DIVI_RATIO":0.393808692012,"DIVIDEND_RATE":8.157978723404,"CURRENT_RATIO":0.854760102358,"COMMON_ACS":null,"CURRENTDEBT_DEBT":42.998649195539,"ISSUED_COMMON_SHARES":8244508144,"HK_COMMON_SHARES":2829676800,"PER_SHARES":2000,"TOTAL_MARKET_CAP":15499675310.72,"HKSK_MARKET_CAP":5319792384,"PE_TTM":4.720124409076,"PB_TTM":0.433055151547,"REPORT_DATE_SQ":"2022-03-31 00:00:00","REPORT_TYPE_SQ":"2022年一季报","OPERATE_INCOME_SQ":6202622035.05,"DPS_HKD":0.15337,"OPERATE_INCOME_QOQ_SQ":1.168200884294,"NET_PROFIT_RATIO_SQ":20.756097673,"HOLDER_PROFIT_SQ":1244925476.64,"HOLDER_PROFIT_QOQ_SQ":2.963521745208,"ROE_AVG_SQ":4.256633160457,"PE_TTM_SQ":3.754292506488,"PB_TTM_SQ":0.382677587623,"ROA_SQ":1.498284767294,"START_DATE":"2023-01-01 00:00:00","FISCAL_YEAR":"12-31","CURRENCY":"HKD","IS_CNY_CODE":0,"DPS_HKD_LY":0.13142,"ORG_TYPE":"一般企业","PREMIUM_INCOME":null,"PREMIUM_INCOME_YOY":null,"NET_INTEREST_INCOME":null,"NET_INTEREST_INCOME_YOY":null,"FEE_COMMISSION_INCOME":null,"FEE_COMMISSION_INCOME_YOY":null,"ACCOUNTS_RECE_TDAYS":0.532751594271,"INVENTORY_TDAYS":42.688313787467,"CURRENT_ASSETS_TDAYS":0.32265215285,"TOTAL_ASSETS_TDAYS":0.071078259417,"PREMIUM_EXPENSE":null,"LOAN_DEPOSIT":null,"LOAN_EQUITY":null,"LOAN_ASSETS":null,"DEPOSIT_EQUITY":null,"DEPOSIT_ASSETS":null,"EQUITY_MULTIPLIER":2.658388685822,"EQUITY_RATIO":1.700970709294},{"SECUCODE":"00579.HK","SECURITY_CODE":"00579","SECURITY_NAME_ABBR":"京能清洁能源","ORG_CODE":"10160502","STD_REPORT_DATE":"2022-12-31 00:00:00","REPORT_DATE":"2022-12-31 00:00:00","DATE_TYPE_CODE":"001","REPORT_TYPE":"2022年年报","PER_NETCASH_OPERATE":1.377953275268,"PER_OI":2.429530136928,"BPS":3.469144368644,"BASIC_EPS":0.3447,"DILUTED_EPS":0.3447,"OPERATE_INCOME":20030281000,"OPERATE_INCOME_YOY":7.4283028041,"GROSS_PROFIT":10843340000,"GROSS_PROFIT_YOY":13.052970479743,"HOLDER_PROFIT":2841680000,"HOLDER_PROFIT_YOY":12.5741527351,"GROSS_PROFIT_RATIO":54.134737300989,"EPS_TTM":0.345307439847,"OPERATE_INCOME_QOQ":2.922655910242,"NET_PROFIT_RATIO":15.12022722,"ROE_AVG":10.176184912749,"GROSS_PROFIT_QOQ":7.974107805451,"ROA":3.348683293198,"HOLDER_PROFIT_QOQ":-1.024296259045,"ROE_YEARLY":10.176184912749,"ROIC_YEARLY":3.666893008705,"TOTAL_ASSETS":88000237000,"TOTAL_LIABILITIES":55578016000,"TAX_EBT":21.336958501366,"OCF_SALES":56.716862833826,"TOTAL_PARENT_EQUITY":28589931000,"DEBT_ASSET_RATIO":63.1412705644,"OPERATE_PROFIT":5170923000,"PRETAX_PROFIT":3843500000,"NETCASH_OPERATE":11272898000,"NETCASH_INVEST":-9389650000,"NETCASH_FINANCE":-1661968000,"END_CASH":5466388000,"DIVI_RATIO":0.40250207601,"DIVIDEND_RATE":8.157978723404,"CURRENT_RATIO":0.678899714269,"COMMON_ACS":null,"CURRENTDEBT_DEBT":49.231208613132,"ISSUED_COMMON_SHARES":8244508144,"HK_COMMON_SHARES":2829676800,"PER_SHARES":2000,"TOTAL_MARKET_CAP":15499675310.72,"HKSK_MARKET_CAP":5319792384,"PE_TTM":4.720124409076,"PB_TTM":0.433055151547,"REPORT_DATE_SQ":"2021-12-31 00:00:00","REPORT_TYPE_SQ":"2021年年报","OPERATE_INCOME_SQ":18645255000,"DPS_HKD":0.15337,"OPERATE_INCOME_QOQ_SQ":0.217945537103,"NET_PROFIT_RATIO_SQ":13.55860765,"HOLDER_PROFIT_SQ":2528902000,"HOLDER_PROFIT_QOQ_SQ":-0.607481707841,"ROE_AVG_SQ":8.798053924629,"PE_TTM_SQ":3.754292506488,"PB_TTM_SQ":0.382677587623,"ROA_SQ":3.104236121145,"START_DATE":"2022-01-01 00:00:00","FISCAL_YEAR":"12-31","CURRENCY":"HKD","IS_CNY_CODE":0,"DPS_HKD_LY":0.08241,"ORG_TYPE":"一般企业","PREMIUM_INCOME":null,"PREMIUM_INCOME_YOY":null,"NET_INTEREST_INCOME":null,"NET_INTEREST_INCOME_YOY":null,"FEE_COMMISSION_INCOME":null,"FEE_COMMISSION_INCOME_YOY":null,"ACCOUNTS_RECE_TDAYS":1.763384499231,"INVENTORY_TDAYS":94.745895383854,"CURRENT_ASSETS_TDAYS":1.080522620367,"TOTAL_ASSETS_TDAYS":0.235608215782,"PREMIUM_EXPENSE":null,"LOAN_DEPOSIT":null,"LOAN_EQUITY":null,"LOAN_ASSETS":null,"DEPOSIT_EQUITY":null,"DEPOSIT_ASSETS":null,"EQUITY_MULTIPLIER":2.713061506223,"EQUITY_RATIO":1.943971673104},{"SECUCODE":"00579.HK","SECURITY_CODE":"00579","SECURITY_NAME_ABBR":"京能清洁能源","ORG_CODE":"10160502","STD_REPORT_DATE":"2022-09-30 00:00:00","REPORT_DATE":"2022-09-30 00:00:00","DATE_TYPE_CODE":"004","REPORT_TYPE":"2022年三季报","PER_NETCASH_OPERATE":0.726344835771,"PER_OI":1.779318468542,"BPS":3.446492453348,"BASIC_EPS":null,"DILUTED_EPS":null,"OPERATE_INCOME":14669605604.66,"OPERATE_INCOME_YOY":8.1275211952,"GROSS_PROFIT":4311380122.4,"GROSS_PROFIT_YOY":20.638543846947,"HOLDER_PROFIT":2482380453.73,"HOLDER_PROFIT_YOY":25.7435487142,"GROSS_PROFIT_RATIO":29.389884354017,"EPS_TTM":0.348881015032,"OPERATE_INCOME_QOQ":2.545638548583,"NET_PROFIT_RATIO":17.3236484014,"ROE_AVG":8.450265786132,"GROSS_PROFIT_QOQ":0.108050033404,"ROA":2.902040034448,"HOLDER_PROFIT_QOQ":10.849613296316,"ROE_YEARLY":11.267021048176,"ROIC_YEARLY":3.161813176341,"TOTAL_ASSETS":89043199211.89,"TOTAL_LIABILITIES":56840178609.64,"TAX_EBT":15.359611659022,"OCF_SALES":40.82151950948,"TOTAL_PARENT_EQUITY":31402352081.01,"DEBT_ASSET_RATIO":63.8343850094,"OPERATE_PROFIT":4072779479.52,"PRETAX_PROFIT":3002467508.8,"NETCASH_OPERATE":5988355913.87,"NETCASH_INVEST":-4638182008.23,"NETCASH_FINANCE":1163886836.33,"END_CASH":7731759721.75,"DIVI_RATIO":0.398379262303,"DIVIDEND_RATE":8.157978723404,"CURRENT_RATIO":0.751570427734,"COMMON_ACS":null,"CURRENTDEBT_DEBT":52.480588219529,"ISSUED_COMMON_SHARES":8244508144,"HK_COMMON_SHARES":2829676800,"PER_SHARES":2000,"TOTAL_MARKET_CAP":15499675310.72,"HKSK_MARKET_CAP":5319792384,"PE_TTM":4.720124409076,"PB_TTM":0.433055151547,"REPORT_DATE_SQ":"2021-09-30 00:00:00","REPORT_TYPE_SQ":"2021年三季报","OPERATE_INCOME_SQ":13566948952.96,"DPS_HKD":0.15337,"OPERATE_INCOME_QOQ_SQ":1.410547460699,"NET_PROFIT_RATIO_SQ":14.1778210887,"HOLDER_PROFIT_SQ":1974169821.58,"HOLDER_PROFIT_QOQ_SQ":-4.556571571809,"ROE_AVG_SQ":7.047837901227,"PE_TTM_SQ":3.754292506488,"PB_TTM_SQ":0.382677587623,"ROA_SQ":2.502731474378,"START_DATE":"2022-01-01 00:00:00","FISCAL_YEAR":"12-31","CURRENCY":"HKD","IS_CNY_CODE":0,"DPS_HKD_LY":0.08241,"ORG_TYPE":"一般企业","PREMIUM_INCOME":null,"PREMIUM_INCOME_YOY":null,"NET_INTEREST_INCOME":null,"NET_INTEREST_INCOME_YOY":null,"FEE_COMMISSION_INCOME":null,"FEE_COMMISSION_INCOME_YOY":null,"ACCOUNTS_RECE_TDAYS":1.216122092555,"INVENTORY_TDAYS":88.672273527859,"CURRENT_ASSETS_TDAYS":0.717012422657,"TOTAL_ASSETS_TDAYS":0.171495060502,"PREMIUM_EXPENSE":null,"LOAN_DEPOSIT":null,"LOAN_EQUITY":null,"LOAN_ASSETS":null,"DEPOSIT_EQUITY":null,"DEPOSIT_ASSETS":null,"EQUITY_MULTIPLIER":2.765057362525,"EQUITY_RATIO":1.810061184685}],"count":53},"success":true,"message":"ok","code":0}