{"version":"e67889831c91e79bea92e62256104f16","result":{"pages":3,"data":[{"SECUCODE":"00574.HK","SECURITY_CODE":"00574","SECURITY_NAME_ABBR":"百信国际","ORG_CODE":"10430981","STD_REPORT_DATE":"2024-06-30 00:00:00","REPORT_DATE":"2024-06-30 00:00:00","DATE_TYPE_CODE":"002","REPORT_TYPE":"2024年中报","PER_NETCASH_OPERATE":-0.009863098271,"PER_OI":0.03310524392,"BPS":-0.052552117084,"BASIC_EPS":0.024,"DILUTED_EPS":null,"OPERATE_INCOME":48830000,"OPERATE_INCOME_YOY":-41.0493529071,"GROSS_PROFIT":9527000,"GROSS_PROFIT_YOY":-52.630270485282,"HOLDER_PROFIT":35427000,"HOLDER_PROFIT_YOY":684.3037414213,"GROSS_PROFIT_RATIO":19.510546795003,"EPS_TTM":0.022549260962,"OPERATE_INCOME_QOQ":-26.270570965,"NET_PROFIT_RATIO":72.5517100143,"ROE_AVG":-36.595683141111,"GROSS_PROFIT_QOQ":-35.9667006456,"ROA":16.846935742733,"HOLDER_PROFIT_QOQ":1315.31914893617,"ROE_YEARLY":-73.191366282223,"ROIC_YEARLY":35.477555516611,"TOTAL_ASSETS":214009000,"TOTAL_LIABILITIES":291523000,"TAX_EBT":0.180327406948,"OCF_SALES":-29.793159942658,"TOTAL_PARENT_EQUITY":-77514000,"DEBT_ASSET_RATIO":136.2199720572,"OPERATE_PROFIT":-428000,"PRETAX_PROFIT":35491000,"NETCASH_OPERATE":-14548000,"NETCASH_INVEST":-20000,"NETCASH_FINANCE":2691000,"END_CASH":4634000,"DIVI_RATIO":null,"DIVIDEND_RATE":null,"CURRENT_RATIO":1.125160755381,"COMMON_ACS":5000000000,"CURRENTDEBT_DEBT":40.542941723295,"ISSUED_COMMON_SHARES":1474992908,"HK_COMMON_SHARES":1474992908,"PER_SHARES":2000,"TOTAL_MARKET_CAP":61949702.136,"HKSK_MARKET_CAP":61949702.136,"PE_TTM":1.696768495173,"PB_TTM":-0.729419900218,"REPORT_DATE_SQ":"2023-06-30 00:00:00","REPORT_TYPE_SQ":"2023年中报","OPERATE_INCOME_SQ":82832000,"DPS_HKD":null,"OPERATE_INCOME_QOQ_SQ":68.877465730525,"NET_PROFIT_RATIO_SQ":5.4532064902,"HOLDER_PROFIT_SQ":4517000,"HOLDER_PROFIT_QOQ_SQ":21.097766200235,"ROE_AVG_SQ":-3.881934865653,"PE_TTM_SQ":-2.237003559512,"PB_TTM_SQ":-0.673000706119,"ROA_SQ":3.138647331246,"START_DATE":"2024-01-01 00:00:00","FISCAL_YEAR":"12-31","CURRENCY":"HKD","IS_CNY_CODE":0,"DPS_HKD_LY":null,"ORG_TYPE":"一般企业","PREMIUM_INCOME":null,"PREMIUM_INCOME_YOY":null,"NET_INTEREST_INCOME":null,"NET_INTEREST_INCOME_YOY":null,"FEE_COMMISSION_INCOME":null,"FEE_COMMISSION_INCOME_YOY":null,"ACCOUNTS_RECE_TDAYS":1.105989739641,"INVENTORY_TDAYS":6.119579602958,"CURRENT_ASSETS_TDAYS":0.379621855273,"TOTAL_ASSETS_TDAYS":0.232205908578,"PREMIUM_EXPENSE":null,"LOAN_DEPOSIT":null,"LOAN_EQUITY":null,"LOAN_ASSETS":null,"DEPOSIT_EQUITY":null,"DEPOSIT_ASSETS":null,"EQUITY_MULTIPLIER":-2.760907706999,"EQUITY_RATIO":-3.760907706995},{"SECUCODE":"00574.HK","SECURITY_CODE":"00574","SECURITY_NAME_ABBR":"百信国际","ORG_CODE":"10430981","STD_REPORT_DATE":"2023-12-31 00:00:00","REPORT_DATE":"2023-12-31 00:00:00","DATE_TYPE_CODE":"001","REPORT_TYPE":"2023年年报","PER_NETCASH_OPERATE":-0.023683503704,"PER_OI":0.087749574454,"BPS":-0.078711564897,"BASIC_EPS":0.0016,"DILUTED_EPS":0.0016,"OPERATE_INCOME":129430000,"OPERATE_INCOME_YOY":80.3048032988,"GROSS_PROFIT":29430000,"GROSS_PROFIT_YOY":121.261559281257,"HOLDER_PROFIT":2350000,"HOLDER_PROFIT_YOY":105.4173678508,"GROSS_PROFIT_RATIO":22.738159622962,"EPS_TTM":0.001593227999,"OPERATE_INCOME_QOQ":6.766644394401,"NET_PROFIT_RATIO":1.8156532489,"ROE_AVG":-2.029194496134,"GROSS_PROFIT_QOQ":11.837355120654,"ROA":1.371658042732,"HOLDER_PROFIT_QOQ":106.86592456248,"ROE_YEARLY":-2.029194496134,"ROIC_YEARLY":1.449548018591,"TOTAL_ASSETS":206566000,"TOTAL_LIABILITIES":322665000,"TAX_EBT":31.044600938967,"OCF_SALES":-26.989878698911,"TOTAL_PARENT_EQUITY":-116099000,"DEBT_ASSET_RATIO":156.2043124231,"OPERATE_PROFIT":16341000,"PRETAX_PROFIT":3408000,"NETCASH_OPERATE":-34933000,"NETCASH_INVEST":-65000,"NETCASH_FINANCE":49610000,"END_CASH":16511000,"DIVI_RATIO":null,"DIVIDEND_RATE":null,"CURRENT_RATIO":0.501610533454,"COMMON_ACS":5000000000,"CURRENTDEBT_DEBT":76.780561883068,"ISSUED_COMMON_SHARES":1474992908,"HK_COMMON_SHARES":1474992908,"PER_SHARES":2000,"TOTAL_MARKET_CAP":73749645.4,"HKSK_MARKET_CAP":73749645.4,"PE_TTM":2.019962494254,"PB_TTM":-0.868357024069,"REPORT_DATE_SQ":"2022-12-31 00:00:00","REPORT_TYPE_SQ":"2022年年报","OPERATE_INCOME_SQ":71784000,"DPS_HKD":null,"OPERATE_INCOME_QOQ_SQ":0.996116832686,"NET_PROFIT_RATIO_SQ":-60.4299008136,"HOLDER_PROFIT_SQ":-43379000,"HOLDER_PROFIT_QOQ_SQ":86.782311412022,"ROE_AVG_SQ":49.854616083024,"PE_TTM_SQ":-0.148778971522,"PB_TTM_SQ":-0.580173022516,"ROA_SQ":-28.60383305474,"START_DATE":"2023-01-01 00:00:00","FISCAL_YEAR":"12-31","CURRENCY":"HKD","IS_CNY_CODE":0,"DPS_HKD_LY":null,"ORG_TYPE":"一般企业","PREMIUM_INCOME":null,"PREMIUM_INCOME_YOY":null,"NET_INTEREST_INCOME":null,"NET_INTEREST_INCOME_YOY":null,"FEE_COMMISSION_INCOME":null,"FEE_COMMISSION_INCOME_YOY":null,"ACCOUNTS_RECE_TDAYS":4.780866192631,"INVENTORY_TDAYS":16.221915808257,"CURRENT_ASSETS_TDAYS":1.564231631488,"TOTAL_ASSETS_TDAYS":0.755462555195,"PREMIUM_EXPENSE":null,"LOAN_DEPOSIT":null,"LOAN_EQUITY":null,"LOAN_ASSETS":null,"DEPOSIT_EQUITY":null,"DEPOSIT_ASSETS":null,"EQUITY_MULTIPLIER":-1.779222904592,"EQUITY_RATIO":-2.77922290459},{"SECUCODE":"00574.HK","SECURITY_CODE":"00574","SECURITY_NAME_ABBR":"百信国际","ORG_CODE":"10430981","STD_REPORT_DATE":"2023-06-30 00:00:00","REPORT_DATE":"2023-06-30 00:00:00","DATE_TYPE_CODE":"002","REPORT_TYPE":"2023年中报","PER_NETCASH_OPERATE":0.003728831488,"PER_OI":0.056157558149,"BPS":-0.079457331194,"BASIC_EPS":0.0031,"DILUTED_EPS":null,"OPERATE_INCOME":82832000,"OPERATE_INCOME_YOY":148.0817035551,"GROSS_PROFIT":20112000,"GROSS_PROFIT_YOY":183.34742180896,"HOLDER_PROFIT":4517000,"HOLDER_PROFIT_YOY":197.4541531823,"GROSS_PROFIT_RATIO":24.280471315434,"EPS_TTM":-0.023204857335,"OPERATE_INCOME_QOQ":68.877465730525,"NET_PROFIT_RATIO":5.4532064902,"ROE_AVG":-3.881934865653,"GROSS_PROFIT_QOQ":97.842267498684,"ROA":3.138647331246,"HOLDER_PROFIT_QOQ":21.097766200235,"ROE_YEARLY":-7.763869731307,"ROIC_YEARLY":6.683806529178,"TOTAL_ASSETS":151746000,"TOTAL_LIABILITIES":268945000,"TAX_EBT":1.397074874482,"OCF_SALES":6.639945914622,"TOTAL_PARENT_EQUITY":-117199000,"DEBT_ASSET_RATIO":177.2336667853,"OPERATE_PROFIT":10052000,"PRETAX_PROFIT":4581000,"NETCASH_OPERATE":5500000,"NETCASH_INVEST":430000,"NETCASH_FINANCE":7778000,"END_CASH":15605000,"DIVI_RATIO":null,"DIVIDEND_RATE":null,"CURRENT_RATIO":0.239856996936,"COMMON_ACS":5000000000,"CURRENTDEBT_DEBT":91.003736823514,"ISSUED_COMMON_SHARES":1474992908,"HK_COMMON_SHARES":1474992908,"PER_SHARES":2000,"TOTAL_MARKET_CAP":73749645.4,"HKSK_MARKET_CAP":73749645.4,"PE_TTM":2.019962494254,"PB_TTM":-0.868357024069,"REPORT_DATE_SQ":"2022-06-30 00:00:00","REPORT_TYPE_SQ":"2022年中报","OPERATE_INCOME_SQ":33389000,"DPS_HKD":null,"OPERATE_INCOME_QOQ_SQ":-17.269796189168,"NET_PROFIT_RATIO_SQ":-13.881817365,"HOLDER_PROFIT_SQ":-4635000,"HOLDER_PROFIT_QOQ_SQ":0.669489499124,"ROE_AVG_SQ":7.357142857143,"PE_TTM_SQ":-0.148778971522,"PB_TTM_SQ":-0.580173022516,"ROA_SQ":-2.723906911142,"START_DATE":"2023-01-01 00:00:00","FISCAL_YEAR":"12-31","CURRENCY":"HKD","IS_CNY_CODE":0,"DPS_HKD_LY":null,"ORG_TYPE":"一般企业","PREMIUM_INCOME":null,"PREMIUM_INCOME_YOY":null,"NET_INTEREST_INCOME":null,"NET_INTEREST_INCOME_YOY":null,"FEE_COMMISSION_INCOME":null,"FEE_COMMISSION_INCOME_YOY":null,"ACCOUNTS_RECE_TDAYS":3.697527006517,"INVENTORY_TDAYS":8.297942713501,"CURRENT_ASSETS_TDAYS":1.657949780326,"TOTAL_ASSETS_TDAYS":0.575559964007,"PREMIUM_EXPENSE":null,"LOAN_DEPOSIT":null,"LOAN_EQUITY":null,"LOAN_ASSETS":null,"DEPOSIT_EQUITY":null,"DEPOSIT_ASSETS":null,"EQUITY_MULTIPLIER":-1.294772139694,"EQUITY_RATIO":-2.294772139694},{"SECUCODE":"00574.HK","SECURITY_CODE":"00574","SECURITY_NAME_ABBR":"百信国际","ORG_CODE":"10430981","STD_REPORT_DATE":"2022-12-31 00:00:00","REPORT_DATE":"2022-12-31 00:00:00","DATE_TYPE_CODE":"001","REPORT_TYPE":"2022年年报","PER_NETCASH_OPERATE":-0.001573566888,"PER_OI":0.048667352643,"BPS":-0.078319020636,"BASIC_EPS":-0.0294,"DILUTED_EPS":null,"OPERATE_INCOME":71784000,"OPERATE_INCOME_YOY":-16.4457067033,"GROSS_PROFIT":13301000,"GROSS_PROFIT_YOY":2.670783481281,"HOLDER_PROFIT":-43379000,"HOLDER_PROFIT_YOY":86.8708024491,"GROSS_PROFIT_RATIO":18.529198707233,"EPS_TTM":-0.029409632931,"OPERATE_INCOME_QOQ":0.996116832686,"NET_PROFIT_RATIO":-60.4299008136,"ROE_AVG":49.854616083024,"GROSS_PROFIT_QOQ":-3.335755813953,"ROA":-28.60383305474,"HOLDER_PROFIT_QOQ":86.782311412022,"ROE_YEARLY":49.854616083024,"ROIC_YEARLY":-29.002861574668,"TOTAL_ASSETS":136085000,"TOTAL_LIABILITIES":251605000,"TAX_EBT":-0.509743043166,"OCF_SALES":-3.233311044244,"TOTAL_PARENT_EQUITY":-115520000,"DEBT_ASSET_RATIO":184.8881213947,"OPERATE_PROFIT":-32618000,"PRETAX_PROFIT":-43159000,"NETCASH_OPERATE":-2321000,"NETCASH_INVEST":2979000,"NETCASH_FINANCE":-1022000,"END_CASH":1901000,"DIVI_RATIO":null,"DIVIDEND_RATE":null,"CURRENT_RATIO":0.181393281372,"COMMON_ACS":5000000000,"CURRENTDEBT_DEBT":90.307823771388,"ISSUED_COMMON_SHARES":1474992908,"HK_COMMON_SHARES":1474992908,"PER_SHARES":2000,"TOTAL_MARKET_CAP":73749645.4,"HKSK_MARKET_CAP":73749645.4,"PE_TTM":2.019962494254,"PB_TTM":-0.868357024069,"REPORT_DATE_SQ":"2021-12-31 00:00:00","REPORT_TYPE_SQ":"2021年年报","OPERATE_INCOME_SQ":85913000,"DPS_HKD":null,"OPERATE_INCOME_QOQ_SQ":-67.553308004321,"NET_PROFIT_RATIO_SQ":-384.5762573766,"HOLDER_PROFIT_SQ":-330401000,"HOLDER_PROFIT_QOQ_SQ":20.657550957678,"ROE_AVG_SQ":-301.076180061965,"PE_TTM_SQ":-0.148778971522,"PB_TTM_SQ":-0.580173022516,"ROA_SQ":-98.566994178181,"START_DATE":"2022-01-01 00:00:00","FISCAL_YEAR":"12-31","CURRENCY":"HKD","IS_CNY_CODE":0,"DPS_HKD_LY":null,"ORG_TYPE":"一般企业","PREMIUM_INCOME":null,"PREMIUM_INCOME_YOY":null,"NET_INTEREST_INCOME":null,"NET_INTEREST_INCOME_YOY":null,"FEE_COMMISSION_INCOME":null,"FEE_COMMISSION_INCOME_YOY":null,"ACCOUNTS_RECE_TDAYS":3.345637583893,"INVENTORY_TDAYS":7.646335882853,"CURRENT_ASSETS_TDAYS":1.544206857979,"TOTAL_ASSETS_TDAYS":0.473339070057,"PREMIUM_EXPENSE":null,"LOAN_DEPOSIT":null,"LOAN_EQUITY":null,"LOAN_ASSETS":null,"DEPOSIT_EQUITY":null,"DEPOSIT_ASSETS":null,"EQUITY_MULTIPLIER":-1.178021121884,"EQUITY_RATIO":-2.178021121884},{"SECUCODE":"00574.HK","SECURITY_CODE":"00574","SECURITY_NAME_ABBR":"百信国际","ORG_CODE":"10430981","STD_REPORT_DATE":"2022-06-30 00:00:00","REPORT_DATE":"2022-06-30 00:00:00","DATE_TYPE_CODE":"002","REPORT_TYPE":"2022年中报","PER_NETCASH_OPERATE":-0.002191874946,"PER_OI":0.02263671901,"BPS":-0.04576157596,"BASIC_EPS":-0.0031,"DILUTED_EPS":null,"OPERATE_INCOME":33389000,"OPERATE_INCOME_YOY":-30.7655621449,"GROSS_PROFIT":7098000,"GROSS_PROFIT_YOY":12.791991101224,"HOLDER_PROFIT":-4635000,"HOLDER_PROFIT_YOY":32.3061194684,"GROSS_PROFIT_RATIO":21.258498307826,"EPS_TTM":-0.222502086769,"OPERATE_INCOME_QOQ":-17.269796189168,"NET_PROFIT_RATIO":-13.881817365,"ROE_AVG":7.357142857143,"GROSS_PROFIT_QOQ":6.213817059051,"ROA":-2.723906911142,"HOLDER_PROFIT_QOQ":0.669489499124,"ROE_YEARLY":14.714285714286,"ROIC_YEARLY":-5.540248982495,"TOTAL_ASSETS":173096000,"TOTAL_LIABILITIES":240594000,"TAX_EBT":null,"OCF_SALES":-9.682829674444,"TOTAL_PARENT_EQUITY":-67498000,"DEBT_ASSET_RATIO":138.9945463789,"OPERATE_PROFIT":-515000,"PRETAX_PROFIT":-4635000,"NETCASH_OPERATE":-3041000,"NETCASH_INVEST":-335000,"NETCASH_FINANCE":4521000,"END_CASH":3406000,"DIVI_RATIO":null,"DIVIDEND_RATE":null,"CURRENT_RATIO":0.27229156034,"COMMON_ACS":5000000000,"CURRENTDEBT_DEBT":89.582450102663,"ISSUED_COMMON_SHARES":1474992908,"HK_COMMON_SHARES":1474992908,"PER_SHARES":2000,"TOTAL_MARKET_CAP":73749645.4,"HKSK_MARKET_CAP":73749645.4,"PE_TTM":2.019962494254,"PB_TTM":-0.868357024069,"REPORT_DATE_SQ":"2021-06-30 00:00:00","REPORT_TYPE_SQ":"2021年中报","OPERATE_INCOME_SQ":48226000,"DPS_HKD":null,"OPERATE_INCOME_QOQ_SQ":-44.237050765003,"NET_PROFIT_RATIO_SQ":-14.1977356613,"HOLDER_PROFIT_SQ":-6847000,"HOLDER_PROFIT_QOQ_SQ":0.485119033394,"ROE_AVG_SQ":-2.517020306733,"PE_TTM_SQ":-0.148778971522,"PB_TTM_SQ":-0.580173022516,"ROA_SQ":-1.351138018541,"START_DATE":"2022-01-01 00:00:00","FISCAL_YEAR":"12-31","CURRENCY":"HKD","IS_CNY_CODE":0,"DPS_HKD_LY":null,"ORG_TYPE":"一般企业","PREMIUM_INCOME":null,"PREMIUM_INCOME_YOY":null,"NET_INTEREST_INCOME":null,"NET_INTEREST_INCOME_YOY":null,"FEE_COMMISSION_INCOME":null,"FEE_COMMISSION_INCOME_YOY":null,"ACCOUNTS_RECE_TDAYS":1.184385087439,"INVENTORY_TDAYS":3.518602783726,"CURRENT_ASSETS_TDAYS":0.604637686408,"TOTAL_ASSETS_TDAYS":0.196221203573,"PREMIUM_EXPENSE":null,"LOAN_DEPOSIT":null,"LOAN_EQUITY":null,"LOAN_ASSETS":null,"DEPOSIT_EQUITY":null,"DEPOSIT_ASSETS":null,"EQUITY_MULTIPLIER":-2.564461169219,"EQUITY_RATIO":-3.56446116922},{"SECUCODE":"00574.HK","SECURITY_CODE":"00574","SECURITY_NAME_ABBR":"百信国际","ORG_CODE":"10430981","STD_REPORT_DATE":"2021-12-31 00:00:00","REPORT_DATE":"2021-12-31 00:00:00","DATE_TYPE_CODE":"001","REPORT_TYPE":"2021年年报","PER_NETCASH_OPERATE":-0.015103801435,"PER_OI":0.058246381751,"BPS":-0.039662563584,"BASIC_EPS":-0.224,"DILUTED_EPS":null,"OPERATE_INCOME":85913000,"OPERATE_INCOME_YOY":-81.906767614,"GROSS_PROFIT":12955000,"GROSS_PROFIT_YOY":-26.795502062497,"HOLDER_PROFIT":-330401000,"HOLDER_PROFIT_YOY":21.0424562795,"GROSS_PROFIT_RATIO":15.079208036037,"EPS_TTM":-0.224001754997,"OPERATE_INCOME_QOQ":-67.553308004321,"NET_PROFIT_RATIO":-384.5762573766,"ROE_AVG":-301.076180061965,"GROSS_PROFIT_QOQ":-24.385688437518,"ROA":-98.566994178181,"HOLDER_PROFIT_QOQ":20.657550957678,"ROE_YEARLY":-301.076180061965,"ROIC_YEARLY":-99.687271355836,"TOTAL_ASSETS":167224000,"TOTAL_LIABILITIES":225726000,"TAX_EBT":-2.159441216757,"OCF_SALES":-25.930883568261,"TOTAL_PARENT_EQUITY":-58502000,"DEBT_ASSET_RATIO":134.9842127924,"OPERATE_PROFIT":-312921000,"PRETAX_PROFIT":-323417000,"NETCASH_OPERATE":-21895000,"NETCASH_INVEST":24967000,"NETCASH_FINANCE":-6065000,"END_CASH":2272000,"DIVI_RATIO":null,"DIVIDEND_RATE":null,"CURRENT_RATIO":0.258029135217,"COMMON_ACS":5000000000,"CURRENTDEBT_DEBT":88.860831273314,"ISSUED_COMMON_SHARES":1474992908,"HK_COMMON_SHARES":1474992908,"PER_SHARES":2000,"TOTAL_MARKET_CAP":73749645.4,"HKSK_MARKET_CAP":73749645.4,"PE_TTM":2.019962494254,"PB_TTM":-0.868357024069,"REPORT_DATE_SQ":"2020-12-31 00:00:00","REPORT_TYPE_SQ":"2020年年报","OPERATE_INCOME_SQ":474835000,"DPS_HKD":null,"OPERATE_INCOME_QOQ_SQ":-27.121016546976,"NET_PROFIT_RATIO_SQ":-88.2809818147,"HOLDER_PROFIT_SQ":-418454000,"HOLDER_PROFIT_QOQ_SQ":-101.944868057835,"ROE_AVG_SQ":-85.795799951818,"PE_TTM_SQ":-0.148778971522,"PB_TTM_SQ":-0.580173022516,"ROA_SQ":-58.563900098737,"START_DATE":"2021-01-01 00:00:00","FISCAL_YEAR":"12-31","CURRENCY":"HKD","IS_CNY_CODE":0,"DPS_HKD_LY":null,"ORG_TYPE":"一般企业","PREMIUM_INCOME":null,"PREMIUM_INCOME_YOY":null,"NET_INTEREST_INCOME":null,"NET_INTEREST_INCOME_YOY":null,"FEE_COMMISSION_INCOME":null,"FEE_COMMISSION_INCOME_YOY":null,"ACCOUNTS_RECE_TDAYS":1.594465684273,"INVENTORY_TDAYS":5.548980833587,"CURRENT_ASSETS_TDAYS":0.687722135058,"TOTAL_ASSETS_TDAYS":0.256300258499,"PREMIUM_EXPENSE":null,"LOAN_DEPOSIT":null,"LOAN_EQUITY":null,"LOAN_ASSETS":null,"DEPOSIT_EQUITY":null,"DEPOSIT_ASSETS":null,"EQUITY_MULTIPLIER":-2.858432190354,"EQUITY_RATIO":-3.858432190352},{"SECUCODE":"00574.HK","SECURITY_CODE":"00574","SECURITY_NAME_ABBR":"百信国际","ORG_CODE":"10430981","STD_REPORT_DATE":"2021-06-30 00:00:00","REPORT_DATE":"2021-06-30 00:00:00","DATE_TYPE_CODE":"002","REPORT_TYPE":"2021年中报","PER_NETCASH_OPERATE":0.000136949811,"PER_OI":0.032695750426,"BPS":0.180390019882,"BASIC_EPS":-0.0046,"DILUTED_EPS":null,"OPERATE_INCOME":48226000,"OPERATE_INCOME_YOY":-81.3279438127,"GROSS_PROFIT":6293000,"GROSS_PROFIT_YOY":-8.225171357737,"HOLDER_PROFIT":-6847000,"HOLDER_PROFIT_YOY":22.8680860651,"GROSS_PROFIT_RATIO":13.048977729855,"EPS_TTM":-0.282322713378,"OPERATE_INCOME_QOQ":-44.237050765003,"NET_PROFIT_RATIO":-14.1977356613,"ROE_AVG":-2.517020306733,"GROSS_PROFIT_QOQ":-3.186980844211,"ROA":-1.351138018541,"HOLDER_PROFIT_QOQ":0.485119033394,"ROE_YEARLY":-5.034040613466,"ROIC_YEARLY":-2.727334286659,"TOTAL_ASSETS":510331000,"TOTAL_LIABILITIES":244257000,"TAX_EBT":null,"OCF_SALES":0.418861195206,"TOTAL_PARENT_EQUITY":266074000,"DEBT_ASSET_RATIO":47.862465733,"OPERATE_PROFIT":-3092000,"PRETAX_PROFIT":-6847000,"NETCASH_OPERATE":202000,"NETCASH_INVEST":966000,"NETCASH_FINANCE":-2379000,"END_CASH":4050000,"DIVI_RATIO":null,"DIVIDEND_RATE":null,"CURRENT_RATIO":0.945185629341,"COMMON_ACS":5000000000,"CURRENTDEBT_DEBT":90.127611491175,"ISSUED_COMMON_SHARES":1474992908,"HK_COMMON_SHARES":1474992908,"PER_SHARES":2000,"TOTAL_MARKET_CAP":73749645.4,"HKSK_MARKET_CAP":73749645.4,"PE_TTM":2.019962494254,"PB_TTM":-0.868357024069,"REPORT_DATE_SQ":"2020-06-30 00:00:00","REPORT_TYPE_SQ":"2020年中报","OPERATE_INCOME_SQ":258279000,"DPS_HKD":null,"OPERATE_INCOME_QOQ_SQ":-22.935650684607,"NET_PROFIT_RATIO_SQ":-3.4160733161,"HOLDER_PROFIT_SQ":-8877000,"HOLDER_PROFIT_QOQ_SQ":-6.964139148569,"ROE_AVG_SQ":-1.273084242696,"PE_TTM_SQ":-0.148778971522,"PB_TTM_SQ":-0.580173022516,"ROA_SQ":-0.933016617092,"START_DATE":"2021-01-01 00:00:00","FISCAL_YEAR":"12-31","CURRENCY":"HKD","IS_CNY_CODE":0,"DPS_HKD_LY":null,"ORG_TYPE":"一般企业","PREMIUM_INCOME":null,"PREMIUM_INCOME_YOY":null,"NET_INTEREST_INCOME":null,"NET_INTEREST_INCOME_YOY":null,"FEE_COMMISSION_INCOME":null,"FEE_COMMISSION_INCOME_YOY":null,"ACCOUNTS_RECE_TDAYS":0.542041788898,"INVENTORY_TDAYS":2.924503957876,"CURRENT_ASSETS_TDAYS":0.237468239743,"TOTAL_ASSETS_TDAYS":0.09516573986,"PREMIUM_EXPENSE":null,"LOAN_DEPOSIT":null,"LOAN_EQUITY":null,"LOAN_ASSETS":null,"DEPOSIT_EQUITY":null,"DEPOSIT_ASSETS":null,"EQUITY_MULTIPLIER":1.91800401392,"EQUITY_RATIO":0.918004013921},{"SECUCODE":"00574.HK","SECURITY_CODE":"00574","SECURITY_NAME_ABBR":"百信国际","ORG_CODE":"10430981","STD_REPORT_DATE":"2020-12-31 00:00:00","REPORT_DATE":"2020-12-31 00:00:00","DATE_TYPE_CODE":"001","REPORT_TYPE":"2020年年报","PER_NETCASH_OPERATE":-0.004412902574,"PER_OI":0.321923581751,"BPS":0.188463279038,"BASIC_EPS":-0.2837,"DILUTED_EPS":null,"OPERATE_INCOME":474835000,"OPERATE_INCOME_YOY":-43.8362856143,"GROSS_PROFIT":17697000,"GROSS_PROFIT_YOY":-57.795955356291,"HOLDER_PROFIT":-418454000,"HOLDER_PROFIT_YOY":-116.0085896728,"GROSS_PROFIT_RATIO":3.726978845283,"EPS_TTM":-0.283698991182,"OPERATE_INCOME_QOQ":-27.121016546976,"NET_PROFIT_RATIO":-88.2809818147,"ROE_AVG":-85.795799951818,"GROSS_PROFIT_QOQ":5.609595989736,"ROA":-58.563900098737,"HOLDER_PROFIT_QOQ":-101.944868057835,"ROE_YEARLY":-85.795799951818,"ROIC_YEARLY":-58.872299191384,"TOTAL_ASSETS":503185000,"TOTAL_LIABILITIES":225203000,"TAX_EBT":1.543589008857,"OCF_SALES":-1.370791959312,"TOTAL_PARENT_EQUITY":277982000,"DEBT_ASSET_RATIO":44.7555074177,"OPERATE_PROFIT":-414241000,"PRETAX_PROFIT":-425761000,"NETCASH_OPERATE":-11599000,"NETCASH_INVEST":-2429000,"NETCASH_FINANCE":3172000,"END_CASH":5262000,"DIVI_RATIO":null,"DIVIDEND_RATE":null,"CURRENT_RATIO":0.989179013178,"COMMON_ACS":5000000000,"CURRENTDEBT_DEBT":88.923770997722,"ISSUED_COMMON_SHARES":1474992908,"HK_COMMON_SHARES":1474992908,"PER_SHARES":2000,"TOTAL_MARKET_CAP":73749645.4,"HKSK_MARKET_CAP":73749645.4,"PE_TTM":2.019962494254,"PB_TTM":-0.868357024069,"REPORT_DATE_SQ":"2019-12-31 00:00:00","REPORT_TYPE_SQ":"2019年年报","OPERATE_INCOME_SQ":845448000,"DPS_HKD":null,"OPERATE_INCOME_QOQ_SQ":-1.121240650968,"NET_PROFIT_RATIO_SQ":-22.8753276369,"HOLDER_PROFIT_SQ":-193721000,"HOLDER_PROFIT_QOQ_SQ":-208.640028040659,"ROE_AVG_SQ":-24.706490776882,"PE_TTM_SQ":-0.148778971522,"PB_TTM_SQ":-0.580173022516,"ROA_SQ":-18.853836320309,"START_DATE":"2020-01-01 00:00:00","FISCAL_YEAR":"12-31","CURRENCY":"HKD","IS_CNY_CODE":0,"DPS_HKD_LY":null,"ORG_TYPE":"一般企业","PREMIUM_INCOME":null,"PREMIUM_INCOME_YOY":null,"NET_INTEREST_INCOME":null,"NET_INTEREST_INCOME_YOY":null,"FEE_COMMISSION_INCOME":null,"FEE_COMMISSION_INCOME_YOY":null,"ACCOUNTS_RECE_TDAYS":2.083889230229,"INVENTORY_TDAYS":27.875118143846,"CURRENT_ASSETS_TDAYS":1.199134302991,"TOTAL_ASSETS_TDAYS":0.664545911937,"PREMIUM_EXPENSE":null,"LOAN_DEPOSIT":null,"LOAN_EQUITY":null,"LOAN_ASSETS":null,"DEPOSIT_EQUITY":null,"DEPOSIT_ASSETS":null,"EQUITY_MULTIPLIER":1.810135188608,"EQUITY_RATIO":0.810135188609},{"SECUCODE":"00574.HK","SECURITY_CODE":"00574","SECURITY_NAME_ABBR":"百信国际","ORG_CODE":"10430981","STD_REPORT_DATE":"2020-06-30 00:00:00","REPORT_DATE":"2020-06-30 00:00:00","DATE_TYPE_CODE":"002","REPORT_TYPE":"2020年中报","PER_NETCASH_OPERATE":-0.017828560298,"PER_OI":0.175105248709,"BPS":0.472600916397,"BASIC_EPS":-0.006,"DILUTED_EPS":null,"OPERATE_INCOME":258279000,"OPERATE_INCOME_YOY":-42.8823852026,"GROSS_PROFIT":6857000,"GROSS_PROFIT_YOY":-78.593281718282,"HOLDER_PROFIT":-8877000,"HOLDER_PROFIT_YOY":-292.3927178153,"GROSS_PROFIT_RATIO":2.65488096206,"EPS_TTM":-0.140483387328,"OPERATE_INCOME_QOQ":-22.935650684607,"NET_PROFIT_RATIO":-3.4160733161,"ROE_AVG":-1.273084242696,"GROSS_PROFIT_QOQ":-60.03768005342,"ROA":-0.933016617092,"HOLDER_PROFIT_QOQ":-6.964139148569,"ROE_YEARLY":-2.546168485393,"ROIC_YEARLY":-1.860509958297,"TOTAL_ASSETS":976994000,"TOTAL_LIABILITIES":293758000,"TAX_EBT":-8.178028445316,"OCF_SALES":-10.181625296675,"TOTAL_PARENT_EQUITY":697083000,"DEBT_ASSET_RATIO":30.0675336798,"OPERATE_PROFIT":-3027000,"PRETAX_PROFIT":-8156000,"NETCASH_OPERATE":-26297000,"NETCASH_INVEST":12899000,"NETCASH_FINANCE":3253000,"END_CASH":5974000,"DIVI_RATIO":null,"DIVIDEND_RATE":null,"CURRENT_RATIO":3.19451505478,"COMMON_ACS":5000000000,"CURRENTDEBT_DEBT":69.101777653715,"ISSUED_COMMON_SHARES":1474992908,"HK_COMMON_SHARES":1474992908,"PER_SHARES":2000,"TOTAL_MARKET_CAP":73749645.4,"HKSK_MARKET_CAP":73749645.4,"PE_TTM":2.019962494254,"PB_TTM":-0.868357024069,"REPORT_DATE_SQ":"2019-06-30 00:00:00","REPORT_TYPE_SQ":"2019年中报","OPERATE_INCOME_SQ":452188000,"DPS_HKD":null,"OPERATE_INCOME_QOQ_SQ":4.127544322419,"NET_PROFIT_RATIO_SQ":1.059072775,"HOLDER_PROFIT_SQ":4614000,"HOLDER_PROFIT_QOQ_SQ":-5.650658991062,"ROE_AVG_SQ":0.513244637155,"PE_TTM_SQ":-0.148778971522,"PB_TTM_SQ":-0.580173022516,"ROA_SQ":0.400863933888,"START_DATE":"2020-01-01 00:00:00","FISCAL_YEAR":"12-31","CURRENCY":"HKD","IS_CNY_CODE":0,"DPS_HKD_LY":null,"ORG_TYPE":"一般企业","PREMIUM_INCOME":null,"PREMIUM_INCOME_YOY":null,"NET_INTEREST_INCOME":null,"NET_INTEREST_INCOME_YOY":null,"FEE_COMMISSION_INCOME":null,"FEE_COMMISSION_INCOME_YOY":null,"ACCOUNTS_RECE_TDAYS":0.643583328765,"INVENTORY_TDAYS":16.597154833812,"CURRENT_ASSETS_TDAYS":0.415797065519,"TOTAL_ASSETS_TDAYS":0.271464006811,"PREMIUM_EXPENSE":null,"LOAN_DEPOSIT":null,"LOAN_EQUITY":null,"LOAN_ASSETS":null,"DEPOSIT_EQUITY":null,"DEPOSIT_ASSETS":null,"EQUITY_MULTIPLIER":1.429950997897,"EQUITY_RATIO":0.421410362898}],"count":24},"success":true,"message":"ok","code":0}