{"version":"fdf63ed2be2b920e557ad9be2211dc66","result":{"pages":6,"data":[{"SECUCODE":"00572.HK","SECURITY_CODE":"00572","SECURITY_NAME_ABBR":"未来世界控股","ORG_CODE":"10008974","STD_REPORT_DATE":"2024-06-30 00:00:00","REPORT_DATE":"2024-06-30 00:00:00","DATE_TYPE_CODE":"002","REPORT_TYPE":"2024年中报","PER_NETCASH_OPERATE":0.156049970967,"PER_OI":0.092757360577,"BPS":2.891740446606,"BASIC_EPS":0.0547608,"DILUTED_EPS":0.0547608,"OPERATE_INCOME":21537422.64,"OPERATE_INCOME_YOY":-18.3375436897,"GROSS_PROFIT":13442863.72,"GROSS_PROFIT_YOY":29.592291999453,"HOLDER_PROFIT":11946068.52,"HOLDER_PROFIT_YOY":121.8843002842,"GROSS_PROFIT_RATIO":62.41630646665,"EPS_TTM":-0.303246352091,"OPERATE_INCOME_QOQ":-14.463712663192,"NET_PROFIT_RATIO":52.0213577422,"ROE_AVG":1.625941524986,"GROSS_PROFIT_QOQ":15.655269233478,"ROA":1.001914422776,"HOLDER_PROFIT_QOQ":48.792233604561,"ROE_YEARLY":3.251883049973,"ROIC_YEARLY":2.189069620325,"TOTAL_ASSETS":1265774900.36,"TOTAL_LIABILITIES":523661102.16,"TAX_EBT":29.142857142857,"OCF_SALES":168.234596152216,"TOTAL_PARENT_EQUITY":738317962.08,"DEBT_ASSET_RATIO":41.3707920746,"OPERATE_PROFIT":24212487.72,"PRETAX_PROFIT":15812181,"NETCASH_OPERATE":36233396,"NETCASH_INVEST":5521714,"NETCASH_FINANCE":7459333.64,"END_CASH":123409851.56,"DIVI_RATIO":null,"DIVIDEND_RATE":null,"CURRENT_RATIO":0.921858274086,"COMMON_ACS":623700000,"CURRENTDEBT_DEBT":99.9693252603,"ISSUED_COMMON_SHARES":255319582,"HK_COMMON_SHARES":255319582,"PER_SHARES":4000,"TOTAL_MARKET_CAP":126383193.09,"HKSK_MARKET_CAP":126383193.09,"PE_TTM":-1.603216920881,"PB_TTM":0.156229996551,"REPORT_DATE_SQ":"2023-06-30 00:00:00","REPORT_TYPE_SQ":"2023年中报","OPERATE_INCOME_SQ":26642456.06,"DPS_HKD":null,"OPERATE_INCOME_QOQ_SQ":4.2222104672,"NET_PROFIT_RATIO_SQ":-209.7484167907,"HOLDER_PROFIT_SQ":-55143623.8,"HOLDER_PROFIT_QOQ_SQ":-804.937281348064,"ROE_AVG_SQ":-6.693334810545,"PE_TTM_SQ":-4.425855703556,"PB_TTM_SQ":0.32302431503,"ROA_SQ":-4.497665440167,"START_DATE":"2024-01-01 00:00:00","FISCAL_YEAR":"12-31","CURRENCY":"HKD","IS_CNY_CODE":0,"DPS_HKD_LY":null,"ORG_TYPE":"一般企业","PREMIUM_INCOME":null,"PREMIUM_INCOME_YOY":null,"NET_INTEREST_INCOME":null,"NET_INTEREST_INCOME_YOY":null,"FEE_COMMISSION_INCOME":null,"FEE_COMMISSION_INCOME_YOY":null,"ACCOUNTS_RECE_TDAYS":0.542813438071,"INVENTORY_TDAYS":1.184903139613,"CURRENT_ASSETS_TDAYS":0.05024854911,"TOTAL_ASSETS_TDAYS":0.018063394109,"PREMIUM_EXPENSE":null,"LOAN_DEPOSIT":null,"LOAN_EQUITY":null,"LOAN_ASSETS":null,"DEPOSIT_EQUITY":null,"DEPOSIT_ASSETS":null,"EQUITY_MULTIPLIER":1.705634504345,"EQUITY_RATIO":0.709262308457},{"SECUCODE":"00572.HK","SECURITY_CODE":"00572","SECURITY_NAME_ABBR":"未来世界控股","ORG_CODE":"10008974","STD_REPORT_DATE":"2023-12-31 00:00:00","REPORT_DATE":"2023-12-31 00:00:00","DATE_TYPE_CODE":"001","REPORT_TYPE":"2023年年报","PER_NETCASH_OPERATE":-0.162236072373,"PER_OI":0.152010453877,"BPS":2.843264580858,"BASIC_EPS":-0.9152822,"DILUTED_EPS":-0.9152822,"OPERATE_INCOME":35295456.56,"OPERATE_INCOME_YOY":-17.372764495,"GROSS_PROFIT":19607882.14,"GROSS_PROFIT_YOY":-23.025991502292,"HOLDER_PROFIT":-137500760.6,"HOLDER_PROFIT_YOY":-2061.0881640792,"GROSS_PROFIT_RATIO":55.553558590942,"EPS_TTM":-0.592188203933,"OPERATE_INCOME_QOQ":-19.570783754036,"NET_PROFIT_RATIO":-391.6272979357,"ROE_AVG":-17.368201756394,"GROSS_PROFIT_QOQ":-7.765577364203,"ROA":-11.678581544562,"HOLDER_PROFIT_QOQ":-142.272933720081,"ROE_YEARLY":-17.368201756394,"ROIC_YEARLY":-12.194896516582,"TOTAL_ASSETS":1110954128.62,"TOTAL_LIABILITIES":385013004.32,"TAX_EBT":-1.040673025967,"OCF_SALES":-106.726917941871,"TOTAL_PARENT_EQUITY":725941124.3,"DEBT_ASSET_RATIO":34.6560667449,"OPERATE_PROFIT":-119296613.24,"PRETAX_PROFIT":-136802971.2,"NETCASH_OPERATE":-37669752.96,"NETCASH_INVEST":1610352.94,"NETCASH_FINANCE":74429661.04,"END_CASH":74057204.62,"DIVI_RATIO":null,"DIVIDEND_RATE":null,"CURRENT_RATIO":1.073592643351,"COMMON_ACS":623700000,"CURRENTDEBT_DEBT":89.99472762536,"ISSUED_COMMON_SHARES":255319582,"HK_COMMON_SHARES":255319582,"PER_SHARES":4000,"TOTAL_MARKET_CAP":145532161.74,"HKSK_MARKET_CAP":145532161.74,"PE_TTM":-1.84612857556,"PB_TTM":0.17990120815,"REPORT_DATE_SQ":"2022-12-31 00:00:00","REPORT_TYPE_SQ":"2022年年报","OPERATE_INCOME_SQ":42106067.99,"DPS_HKD":null,"OPERATE_INCOME_QOQ_SQ":-35.696893297941,"NET_PROFIT_RATIO_SQ":-33.105628275,"HOLDER_PROFIT_SQ":-6271648.67,"HOLDER_PROFIT_QOQ_SQ":56.072330508413,"ROE_AVG_SQ":-0.753339517277,"PE_TTM_SQ":-4.047577438295,"PB_TTM_SQ":0.295415399215,"ROA_SQ":-0.509913018469,"START_DATE":"2023-01-01 00:00:00","FISCAL_YEAR":"12-31","CURRENCY":"HKD","IS_CNY_CODE":0,"DPS_HKD_LY":null,"ORG_TYPE":"一般企业","PREMIUM_INCOME":null,"PREMIUM_INCOME_YOY":null,"NET_INTEREST_INCOME":null,"NET_INTEREST_INCOME_YOY":null,"FEE_COMMISSION_INCOME":null,"FEE_COMMISSION_INCOME_YOY":null,"ACCOUNTS_RECE_TDAYS":0.646027020078,"INVENTORY_TDAYS":null,"CURRENT_ASSETS_TDAYS":0.095607476177,"TOTAL_ASSETS_TDAYS":0.029978079088,"PREMIUM_EXPENSE":null,"LOAN_DEPOSIT":null,"LOAN_EQUITY":null,"LOAN_ASSETS":null,"DEPOSIT_EQUITY":null,"DEPOSIT_ASSETS":null,"EQUITY_MULTIPLIER":1.530363952987,"EQUITY_RATIO":0.530363952988},{"SECUCODE":"00572.HK","SECURITY_CODE":"00572","SECURITY_NAME_ABBR":"未来世界控股","ORG_CODE":"10008974","STD_REPORT_DATE":"2023-06-30 00:00:00","REPORT_DATE":"2023-06-30 00:00:00","DATE_TYPE_CODE":"002","REPORT_TYPE":"2023年中报","PER_NETCASH_OPERATE":-0.497991776959,"PER_OI":0.229487431687,"BPS":3.036920137211,"BASIC_EPS":-0.4794296,"DILUTED_EPS":-0.4794296,"OPERATE_INCOME":26642456.06,"OPERATE_INCOME_YOY":-0.6122098022,"GROSS_PROFIT":10373196.98,"GROSS_PROFIT_YOY":-28.89143721381,"HOLDER_PROFIT":-55143623.8,"HOLDER_PROFIT_YOY":-997.4311926606,"GROSS_PROFIT_RATIO":38.934837526387,"EPS_TTM":-0.488860389677,"OPERATE_INCOME_QOQ":4.2222104672,"NET_PROFIT_RATIO":-209.7484167907,"ROE_AVG":-6.693334810545,"GROSS_PROFIT_QOQ":-16.545248186079,"ROA":-4.497665440167,"HOLDER_PROFIT_QOQ":-804.937281348064,"ROE_YEARLY":-13.38666962109,"ROIC_YEARLY":-9.115047181151,"TOTAL_ASSETS":1186672160.18,"TOTAL_LIABILITIES":411293434.04,"TAX_EBT":-6.204660942702,"OCF_SALES":-217.001764889089,"TOTAL_PARENT_EQUITY":775385180,"DEBT_ASSET_RATIO":34.6593985973,"OPERATE_PROFIT":-43634547.46,"PRETAX_PROFIT":-52617398.6,"NETCASH_OPERATE":-57814599.86,"NETCASH_INVEST":-240636.78,"NETCASH_FINANCE":27782945.32,"END_CASH":6126557.1,"DIVI_RATIO":null,"DIVIDEND_RATE":null,"CURRENT_RATIO":0.993221060763,"COMMON_ACS":623700000,"CURRENTDEBT_DEBT":90.540195203745,"ISSUED_COMMON_SHARES":255319582,"HK_COMMON_SHARES":255319582,"PER_SHARES":4000,"TOTAL_MARKET_CAP":145532161.74,"HKSK_MARKET_CAP":145532161.74,"PE_TTM":-1.84612857556,"PB_TTM":0.17990120815,"REPORT_DATE_SQ":"2022-06-30 00:00:00","REPORT_TYPE_SQ":"2022年中报","OPERATE_INCOME_SQ":24864649.25,"DPS_HKD":null,"OPERATE_INCOME_QOQ_SQ":-6.863728170046,"NET_PROFIT_RATIO_SQ":-25.671539123,"HOLDER_PROFIT_SQ":-4660785.5,"HOLDER_PROFIT_QOQ_SQ":-128.654569677902,"ROE_AVG_SQ":-0.594326742304,"PE_TTM_SQ":-4.047577438295,"PB_TTM_SQ":0.295415399215,"ROA_SQ":-0.401640609772,"START_DATE":"2023-01-01 00:00:00","FISCAL_YEAR":"12-31","CURRENCY":"HKD","IS_CNY_CODE":0,"DPS_HKD_LY":null,"ORG_TYPE":"一般企业","PREMIUM_INCOME":null,"PREMIUM_INCOME_YOY":null,"NET_INTEREST_INCOME":null,"NET_INTEREST_INCOME_YOY":null,"FEE_COMMISSION_INCOME":null,"FEE_COMMISSION_INCOME_YOY":null,"ACCOUNTS_RECE_TDAYS":0.281096487388,"INVENTORY_TDAYS":4.646741277156,"CURRENT_ASSETS_TDAYS":0.071756172541,"TOTAL_ASSETS_TDAYS":0.021730319048,"PREMIUM_EXPENSE":null,"LOAN_DEPOSIT":null,"LOAN_EQUITY":null,"LOAN_ASSETS":null,"DEPOSIT_EQUITY":null,"DEPOSIT_ASSETS":null,"EQUITY_MULTIPLIER":1.53044198941,"EQUITY_RATIO":0.530437574316},{"SECUCODE":"00572.HK","SECURITY_CODE":"00572","SECURITY_NAME_ABBR":"未来世界控股","ORG_CODE":"10008974","STD_REPORT_DATE":"2022-12-31 00:00:00","REPORT_DATE":"2022-12-31 00:00:00","DATE_TYPE_CODE":"001","REPORT_TYPE":"2022年年报","PER_NETCASH_OPERATE":0.151092370935,"PER_OI":0.362684783253,"BPS":3.310236908386,"BASIC_EPS":-0.0625289,"DILUTED_EPS":-0.0625289,"OPERATE_INCOME":42106067.99,"OPERATE_INCOME_YOY":-45.1837983045,"GROSS_PROFIT":25473380.59,"GROSS_PROFIT_YOY":-9.41886436102,"HOLDER_PROFIT":-6271648.67,"HOLDER_PROFIT_YOY":8.0659945005,"GROSS_PROFIT_RATIO":60.498122494007,"EPS_TTM":-0.054021466432,"OPERATE_INCOME_QOQ":-35.696893297941,"NET_PROFIT_RATIO":-33.105628275,"ROE_AVG":-0.753339517277,"GROSS_PROFIT_QOQ":-13.193844603797,"ROA":-0.509913018469,"HOLDER_PROFIT_QOQ":56.072330508413,"ROE_YEARLY":-0.753339517277,"ROIC_YEARLY":-0.514722107978,"TOTAL_ASSETS":1226022900.97,"TOTAL_LIABILITIES":390403653.5,"TAX_EBT":22.690116423087,"OCF_SALES":41.659418291364,"TOTAL_PARENT_EQUITY":845168303.77,"DEBT_ASSET_RATIO":31.8430963395,"OPERATE_PROFIT":-5256000.68,"PRETAX_PROFIT":-18030654.95,"NETCASH_OPERATE":17541142.99,"NETCASH_INVEST":6012600.37,"NETCASH_FINANCE":761066.04,"END_CASH":34822344.41,"DIVI_RATIO":null,"DIVIDEND_RATE":null,"CURRENT_RATIO":0.933031448631,"COMMON_ACS":623700000,"CURRENTDEBT_DEBT":99.136940853449,"ISSUED_COMMON_SHARES":255319582,"HK_COMMON_SHARES":255319582,"PER_SHARES":4000,"TOTAL_MARKET_CAP":145532161.74,"HKSK_MARKET_CAP":145532161.74,"PE_TTM":-1.84612857556,"PB_TTM":0.17990120815,"REPORT_DATE_SQ":"2021-12-31 00:00:00","REPORT_TYPE_SQ":"2021年年报","OPERATE_INCOME_SQ":70306241.6,"DPS_HKD":null,"OPERATE_INCOME_QOQ_SQ":-51.071894089327,"NET_PROFIT_RATIO_SQ":-21.8104220209,"HOLDER_PROFIT_SQ":-6244011.2,"HOLDER_PROFIT_QOQ_SQ":-157.621201374793,"ROE_AVG_SQ":-0.819961229802,"PE_TTM_SQ":-4.047577438295,"PB_TTM_SQ":0.295415399215,"ROA_SQ":-0.531604614804,"START_DATE":"2022-01-01 00:00:00","FISCAL_YEAR":"12-31","CURRENCY":"HKD","IS_CNY_CODE":0,"DPS_HKD_LY":null,"ORG_TYPE":"一般企业","PREMIUM_INCOME":null,"PREMIUM_INCOME_YOY":null,"NET_INTEREST_INCOME":null,"NET_INTEREST_INCOME_YOY":null,"FEE_COMMISSION_INCOME":null,"FEE_COMMISSION_INCOME_YOY":null,"ACCOUNTS_RECE_TDAYS":0.8616264829,"INVENTORY_TDAYS":1.760590015129,"CURRENT_ASSETS_TDAYS":0.183199668867,"TOTAL_ASSETS_TDAYS":0.034234111881,"PREMIUM_EXPENSE":null,"LOAN_DEPOSIT":null,"LOAN_EQUITY":null,"LOAN_ASSETS":null,"DEPOSIT_EQUITY":null,"DEPOSIT_ASSETS":null,"EQUITY_MULTIPLIER":1.467202801614,"EQUITY_RATIO":0.461924153756},{"SECUCODE":"00572.HK","SECURITY_CODE":"00572","SECURITY_NAME_ABBR":"未来世界控股","ORG_CODE":"10008974","STD_REPORT_DATE":"2022-06-30 00:00:00","REPORT_DATE":"2022-06-30 00:00:00","DATE_TYPE_CODE":"002","REPORT_TYPE":"2022年中报","PER_NETCASH_OPERATE":-0.048212195855,"PER_OI":0.214174116805,"BPS":3.068774554394,"BASIC_EPS":-0.0684152,"DILUTED_EPS":-0.0684152,"OPERATE_INCOME":24864649.25,"OPERATE_INCOME_YOY":-18.5163387702,"GROSS_PROFIT":14587831.02,"GROSS_PROFIT_YOY":9.150572771497,"HOLDER_PROFIT":-4660785.5,"HOLDER_PROFIT_YOY":-234.4682950901,"GROSS_PROFIT_RATIO":58.668959587274,"EPS_TTM":-0.12297822092,"OPERATE_INCOME_QOQ":-6.863728170046,"NET_PROFIT_RATIO":-25.671539123,"ROE_AVG":-0.594326742304,"GROSS_PROFIT_QOQ":4.348747189122,"ROA":-0.401640609772,"HOLDER_PROFIT_QOQ":-128.654569677902,"ROE_YEARLY":-1.188653484609,"ROIC_YEARLY":-0.80122344615,"TOTAL_ASSETS":1139606524.63,"TOTAL_LIABILITIES":359856255.29,"TAX_EBT":-0.444085587404,"OCF_SALES":-22.510748065348,"TOTAL_PARENT_EQUITY":783518236.48,"DEBT_ASSET_RATIO":31.5772371878,"OPERATE_PROFIT":-639682.12,"PRETAX_PROFIT":-6354916.89,"NETCASH_OPERATE":-5597218.55,"NETCASH_INVEST":22993493.53,"NETCASH_FINANCE":15225802.76,"END_CASH":42629511.12,"DIVI_RATIO":null,"DIVIDEND_RATE":null,"CURRENT_RATIO":0.35394265233,"COMMON_ACS":623700000,"CURRENTDEBT_DEBT":99.190334394034,"ISSUED_COMMON_SHARES":255319582,"HK_COMMON_SHARES":255319582,"PER_SHARES":4000,"TOTAL_MARKET_CAP":145532161.74,"HKSK_MARKET_CAP":145532161.74,"PE_TTM":-1.84612857556,"PB_TTM":0.17990120815,"REPORT_DATE_SQ":"2021-06-30 00:00:00","REPORT_TYPE_SQ":"2021年中报","OPERATE_INCOME_SQ":29690278.56,"DPS_HKD":null,"OPERATE_INCOME_QOQ_SQ":-27.243483872755,"NET_PROFIT_RATIO_SQ":3.6432935374,"HOLDER_PROFIT_SQ":3372420.24,"HOLDER_PROFIT_QOQ_SQ":133.879509583691,"ROE_AVG_SQ":0.436260772643,"PE_TTM_SQ":-4.047577438295,"PB_TTM_SQ":0.295415399215,"ROA_SQ":0.277253134917,"START_DATE":"2022-01-01 00:00:00","FISCAL_YEAR":"12-31","CURRENCY":"HKD","IS_CNY_CODE":0,"DPS_HKD_LY":null,"ORG_TYPE":"一般企业","PREMIUM_INCOME":null,"PREMIUM_INCOME_YOY":null,"NET_INTEREST_INCOME":null,"NET_INTEREST_INCOME_YOY":null,"FEE_COMMISSION_INCOME":null,"FEE_COMMISSION_INCOME_YOY":null,"ACCOUNTS_RECE_TDAYS":0.82053959474,"INVENTORY_TDAYS":1.007292539816,"CURRENT_ASSETS_TDAYS":0.225330827505,"TOTAL_ASSETS_TDAYS":0.021426973815,"PREMIUM_EXPENSE":null,"LOAN_DEPOSIT":null,"LOAN_EQUITY":null,"LOAN_ASSETS":null,"DEPOSIT_EQUITY":null,"DEPOSIT_ASSETS":null,"EQUITY_MULTIPLIER":1.461501931374,"EQUITY_RATIO":0.459282552129},{"SECUCODE":"00572.HK","SECURITY_CODE":"00572","SECURITY_NAME_ABBR":"未来世界控股","ORG_CODE":"10008974","STD_REPORT_DATE":"2021-12-31 00:00:00","REPORT_DATE":"2021-12-31 00:00:00","DATE_TYPE_CODE":"001","REPORT_TYPE":"2021年年报","PER_NETCASH_OPERATE":0.002491092741,"PER_OI":0.064269893764,"BPS":2.939086597753,"BASIC_EPS":-0.147168,"DILUTED_EPS":-0.147168,"OPERATE_INCOME":70306241.6,"OPERATE_INCOME_YOY":-63.3549107428,"GROSS_PROFIT":28122169.6,"GROSS_PROFIT_YOY":-51.073261711446,"HOLDER_PROFIT":-6244011.2,"HOLDER_PROFIT_YOY":79.904218088,"GROSS_PROFIT_RATIO":39.999534835041,"EPS_TTM":-0.005707913371,"OPERATE_INCOME_QOQ":-51.071894089327,"NET_PROFIT_RATIO":-21.8104220209,"ROE_AVG":-0.819961229802,"GROSS_PROFIT_QOQ":-35.366377334804,"ROA":-0.531604614804,"HOLDER_PROFIT_QOQ":-157.621201374793,"ROE_YEARLY":-0.819961229802,"ROIC_YEARLY":-0.532663940458,"TOTAL_ASSETS":1129344339.2,"TOTAL_LIABILITIES":381034304,"TAX_EBT":0.223439910624,"OCF_SALES":3.875987021898,"TOTAL_PARENT_EQUITY":750406361.6,"DEBT_ASSET_RATIO":33.7394265659,"OPERATE_PROFIT":-1465139.2,"PRETAX_PROFIT":-15368427.2,"NETCASH_OPERATE":2725060.8,"NETCASH_INVEST":51772067.2,"NETCASH_FINANCE":-55519945.6,"END_CASH":9874155.2,"DIVI_RATIO":null,"DIVIDEND_RATE":null,"CURRENT_RATIO":0.23897707804,"COMMON_ACS":623700000,"CURRENTDEBT_DEBT":99.068105741996,"ISSUED_COMMON_SHARES":255319582,"HK_COMMON_SHARES":255319582,"PER_SHARES":4000,"TOTAL_MARKET_CAP":145532161.74,"HKSK_MARKET_CAP":145532161.74,"PE_TTM":-1.84612857556,"PB_TTM":0.17990120815,"REPORT_DATE_SQ":"2020-12-31 00:00:00","REPORT_TYPE_SQ":"2020年年报","OPERATE_INCOME_SQ":197498400.76,"DPS_HKD":null,"OPERATE_INCOME_QOQ_SQ":42.160403813503,"NET_PROFIT_RATIO_SQ":-13.2745814139,"HOLDER_PROFIT_SQ":-31984844.92,"HOLDER_PROFIT_QOQ_SQ":68.50048859618,"ROE_AVG_SQ":-4.044688147232,"PE_TTM_SQ":-4.047577438295,"PB_TTM_SQ":0.295415399215,"ROA_SQ":-2.595279354646,"START_DATE":"2021-01-01 00:00:00","FISCAL_YEAR":"12-31","CURRENCY":"HKD","IS_CNY_CODE":0,"DPS_HKD_LY":null,"ORG_TYPE":"一般企业","PREMIUM_INCOME":null,"PREMIUM_INCOME_YOY":null,"NET_INTEREST_INCOME":null,"NET_INTEREST_INCOME_YOY":null,"FEE_COMMISSION_INCOME":null,"FEE_COMMISSION_INCOME_YOY":null,"ACCOUNTS_RECE_TDAYS":1.39525563434,"INVENTORY_TDAYS":4.269872139695,"CURRENT_ASSETS_TDAYS":0.649596603614,"TOTAL_ASSETS_TDAYS":0.05985755196,"PREMIUM_EXPENSE":null,"LOAN_DEPOSIT":null,"LOAN_EQUITY":null,"LOAN_ASSETS":null,"DEPOSIT_EQUITY":null,"DEPOSIT_ASSETS":null,"EQUITY_MULTIPLIER":1.509193096547,"EQUITY_RATIO":0.507770620691},{"SECUCODE":"00572.HK","SECURITY_CODE":"00572","SECURITY_NAME_ABBR":"未来世界控股","ORG_CODE":"10008974","STD_REPORT_DATE":"2021-06-30 00:00:00","REPORT_DATE":"2021-06-30 00:00:00","DATE_TYPE_CODE":"002","REPORT_TYPE":"2021年中报","PER_NETCASH_OPERATE":-0.010676279906,"PER_OI":0.029722323445,"BPS":2.975795662395,"BASIC_EPS":0.0665664,"DILUTED_EPS":0.0665664,"OPERATE_INCOME":29690278.56,"OPERATE_INCOME_YOY":-60.9640294066,"GROSS_PROFIT":13364868.96,"GROSS_PROFIT_YOY":-51.103300362681,"HOLDER_PROFIT":3372420.24,"HOLDER_PROFIT_YOY":109.3847685646,"GROSS_PROFIT_RATIO":45.0142929208,"EPS_TTM":0.010848004289,"OPERATE_INCOME_QOQ":-27.243483872755,"NET_PROFIT_RATIO":3.6432935374,"ROE_AVG":0.436260772643,"GROSS_PROFIT_QOQ":-24.30141423142,"ROA":0.277253134917,"HOLDER_PROFIT_QOQ":133.879509583691,"ROE_YEARLY":0.872521545287,"ROIC_YEARLY":0.557150162485,"TOTAL_ASSETS":1191360494.88,"TOTAL_LIABILITIES":426925270.56,"TAX_EBT":34.869739478958,"OCF_SALES":-35.920071744857,"TOTAL_PARENT_EQUITY":759778904.64,"DEBT_ASSET_RATIO":35.8351038493,"OPERATE_PROFIT":8876629.44,"PRETAX_PROFIT":1660831.68,"NETCASH_OPERATE":-10664769.36,"NETCASH_INVEST":41405132.88,"NETCASH_FINANCE":-26294560.08,"END_CASH":14821841.04,"DIVI_RATIO":null,"DIVIDEND_RATE":null,"CURRENT_RATIO":0.312534577636,"COMMON_ACS":623700000,"CURRENTDEBT_DEBT":98.992948495562,"ISSUED_COMMON_SHARES":255319582,"HK_COMMON_SHARES":255319582,"PER_SHARES":4000,"TOTAL_MARKET_CAP":145532161.74,"HKSK_MARKET_CAP":145532161.74,"PE_TTM":-1.84612857556,"PB_TTM":0.17990120815,"REPORT_DATE_SQ":"2020-06-30 00:00:00","REPORT_TYPE_SQ":"2020年中报","OPERATE_INCOME_SQ":83495723.52,"DPS_HKD":null,"OPERATE_INCOME_QOQ_SQ":91.667804148208,"NET_PROFIT_RATIO_SQ":-44.0245930334,"HOLDER_PROFIT_SQ":-39448733.28,"HOLDER_PROFIT_QOQ_SQ":-109.950879766934,"ROE_AVG_SQ":-4.659960561845,"PE_TTM_SQ":-4.047577438295,"PB_TTM_SQ":0.295415399215,"ROA_SQ":-2.994305294062,"START_DATE":"2021-01-01 00:00:00","FISCAL_YEAR":"12-31","CURRENCY":"HKD","IS_CNY_CODE":0,"DPS_HKD_LY":null,"ORG_TYPE":"一般企业","PREMIUM_INCOME":null,"PREMIUM_INCOME_YOY":null,"NET_INTEREST_INCOME":null,"NET_INTEREST_INCOME_YOY":null,"FEE_COMMISSION_INCOME":null,"FEE_COMMISSION_INCOME_YOY":null,"ACCOUNTS_RECE_TDAYS":0.501990686681,"INVENTORY_TDAYS":0.840436924395,"CURRENT_ASSETS_TDAYS":0.227884965417,"TOTAL_ASSETS_TDAYS":0.024408947348,"PREMIUM_EXPENSE":null,"LOAN_DEPOSIT":null,"LOAN_EQUITY":null,"LOAN_ASSETS":null,"DEPOSIT_EQUITY":null,"DEPOSIT_ASSETS":null,"EQUITY_MULTIPLIER":1.558484560859,"EQUITY_RATIO":0.561907244269},{"SECUCODE":"00572.HK","SECURITY_CODE":"00572","SECURITY_NAME_ABBR":"未来世界控股","ORG_CODE":"10008974","STD_REPORT_DATE":"2020-12-31 00:00:00","REPORT_DATE":"2020-12-31 00:00:00","DATE_TYPE_CODE":"001","REPORT_TYPE":"2020年年报","PER_NETCASH_OPERATE":-0.022878581403,"PER_OI":0.208921859882,"BPS":3.114966427448,"BASIC_EPS":-0.8584728,"DILUTED_EPS":-0.8584728,"OPERATE_INCOME":197498400.76,"OPERATE_INCOME_YOY":190.0032132088,"GROSS_PROFIT":57478120.52,"GROSS_PROFIT_YOY":78.356245797848,"HOLDER_PROFIT":-31984844.92,"HOLDER_PROFIT_YOY":29.6123427979,"GROSS_PROFIT_RATIO":29.103081492719,"EPS_TTM":-0.033834872905,"OPERATE_INCOME_QOQ":42.160403813503,"NET_PROFIT_RATIO":-13.2745814139,"ROE_AVG":-4.044688147232,"GROSS_PROFIT_QOQ":33.074331377946,"ROA":-2.595279354646,"HOLDER_PROFIT_QOQ":68.50048859618,"ROE_YEARLY":-4.044688147232,"ROIC_YEARLY":-2.6026305724,"TOTAL_ASSETS":1255639349.44,"TOTAL_LIABILITIES":453360327.32,"TAX_EBT":-17.294875174154,"OCF_SALES":-10.950783903451,"TOTAL_PARENT_EQUITY":795311926.2,"DEBT_ASSET_RATIO":36.1059349982,"OPERATE_PROFIT":-4565897,"PRETAX_PROFIT":-22351433.48,"NETCASH_OPERATE":-21627623.08,"NETCASH_INVEST":16895923,"NETCASH_FINANCE":5392387.48,"END_CASH":10230134.2,"DIVI_RATIO":null,"DIVIDEND_RATE":null,"CURRENT_RATIO":0.289624917005,"COMMON_ACS":623700000,"CURRENTDEBT_DEBT":98.978767801018,"ISSUED_COMMON_SHARES":255319582,"HK_COMMON_SHARES":255319582,"PER_SHARES":4000,"TOTAL_MARKET_CAP":145532161.74,"HKSK_MARKET_CAP":145532161.74,"PE_TTM":-1.84612857556,"PB_TTM":0.17990120815,"REPORT_DATE_SQ":"2019-12-31 00:00:00","REPORT_TYPE_SQ":"2019年年报","OPERATE_INCOME_SQ":72482934.48,"DPS_HKD":null,"OPERATE_INCOME_QOQ_SQ":101.659600445708,"NET_PROFIT_RATIO_SQ":-66.7247515942,"HOLDER_PROFIT_SQ":-48364057.98,"HOLDER_PROFIT_QOQ_SQ":-64.633781670325,"ROE_AVG_SQ":-4.864945960814,"PE_TTM_SQ":-4.047577438295,"PB_TTM_SQ":0.295415399215,"ROA_SQ":-3.282435949151,"START_DATE":"2020-01-01 00:00:00","FISCAL_YEAR":"12-31","CURRENCY":"HKD","IS_CNY_CODE":0,"DPS_HKD_LY":null,"ORG_TYPE":"一般企业","PREMIUM_INCOME":null,"PREMIUM_INCOME_YOY":null,"NET_INTEREST_INCOME":null,"NET_INTEREST_INCOME_YOY":null,"FEE_COMMISSION_INCOME":null,"FEE_COMMISSION_INCOME_YOY":null,"ACCOUNTS_RECE_TDAYS":5.107333688827,"INVENTORY_TDAYS":25.624335772045,"CURRENT_ASSETS_TDAYS":0.920847076182,"TOTAL_ASSETS_TDAYS":0.16025199539,"PREMIUM_EXPENSE":null,"LOAN_DEPOSIT":null,"LOAN_EQUITY":null,"LOAN_ASSETS":null,"DEPOSIT_EQUITY":null,"DEPOSIT_ASSETS":null,"EQUITY_MULTIPLIER":1.565090591703,"EQUITY_RATIO":0.570040901419},{"SECUCODE":"00572.HK","SECURITY_CODE":"00572","SECURITY_NAME_ABBR":"未来世界控股","ORG_CODE":"10008974","STD_REPORT_DATE":"2020-06-30 00:00:00","REPORT_DATE":"2020-06-30 00:00:00","DATE_TYPE_CODE":"002","REPORT_TYPE":"2020年中报","PER_NETCASH_OPERATE":0.00070738509,"PER_OI":0.006624388517,"BPS":3.289040512999,"BASIC_EPS":-0.062753328,"DILUTED_EPS":-0.062753328,"OPERATE_INCOME":83495723.52,"OPERATE_INCOME_YOY":371.5398503998,"GROSS_PROFIT":27332865.12,"GROSS_PROFIT_YOY":67.000317754911,"HOLDER_PROFIT":-39448733.28,"HOLDER_PROFIT_YOY":-376.7333077022,"GROSS_PROFIT_RATIO":32.735646770523,"EPS_TTM":-0.008056047074,"OPERATE_INCOME_QOQ":91.667804148208,"NET_PROFIT_RATIO":-44.0245930334,"ROE_AVG":-4.659960561845,"GROSS_PROFIT_QOQ":34.027534800303,"ROA":-2.994305294062,"HOLDER_PROFIT_QOQ":-109.950879766934,"ROE_YEARLY":-9.319921123691,"ROIC_YEARLY":-5.996655719244,"TOTAL_ASSETS":1322551507.2,"TOTAL_LIABILITIES":479254564.8,"TAX_EBT":-3.548362195404,"OCF_SALES":10.678496411693,"TOTAL_PARENT_EQUITY":839756448.96,"DEBT_ASSET_RATIO":36.2371190983,"OPERATE_PROFIT":-25428342.72,"PRETAX_PROFIT":-35499018.72,"NETCASH_OPERATE":8916087.84,"NETCASH_INVEST":28752350.88,"NETCASH_FINANCE":-34782881.76,"END_CASH":12753449.28,"DIVI_RATIO":null,"DIVIDEND_RATE":null,"CURRENT_RATIO":0.731094638684,"COMMON_ACS":623700000,"CURRENTDEBT_DEBT":99.661501515238,"ISSUED_COMMON_SHARES":255319582,"HK_COMMON_SHARES":255319582,"PER_SHARES":4000,"TOTAL_MARKET_CAP":145532161.74,"HKSK_MARKET_CAP":145532161.74,"PE_TTM":-1.84612857556,"PB_TTM":0.17990120815,"REPORT_DATE_SQ":"2019-06-30 00:00:00","REPORT_TYPE_SQ":"2019年中报","OPERATE_INCOME_SQ":17052209.1,"DPS_HKD":null,"OPERATE_INCOME_QOQ_SQ":3.396925987658,"NET_PROFIT_RATIO_SQ":80.5055455249,"HOLDER_PROFIT_SQ":13727973.96,"HOLDER_PROFIT_QOQ_SQ":58.006174283769,"ROE_AVG_SQ":1.297931717614,"PE_TTM_SQ":-4.047577438295,"PB_TTM_SQ":0.295415399215,"ROA_SQ":0.883395076456,"START_DATE":"2020-01-01 00:00:00","FISCAL_YEAR":"12-31","CURRENCY":"HKD","IS_CNY_CODE":0,"DPS_HKD_LY":null,"ORG_TYPE":"一般企业","PREMIUM_INCOME":null,"PREMIUM_INCOME_YOY":null,"NET_INTEREST_INCOME":null,"NET_INTEREST_INCOME_YOY":null,"FEE_COMMISSION_INCOME":null,"FEE_COMMISSION_INCOME_YOY":null,"ACCOUNTS_RECE_TDAYS":3.849406215784,"INVENTORY_TDAYS":3.86236572649,"CURRENT_ASSETS_TDAYS":0.247877026875,"TOTAL_ASSETS_TDAYS":0.063376353606,"PREMIUM_EXPENSE":null,"LOAN_DEPOSIT":null,"LOAN_EQUITY":null,"LOAN_ASSETS":null,"DEPOSIT_EQUITY":null,"DEPOSIT_ASSETS":null,"EQUITY_MULTIPLIER":1.56831056856,"EQUITY_RATIO":0.570706620227}],"count":46},"success":true,"message":"ok","code":0}