{"version":"c3702af57d9c5ebdc5a29d6547752195","result":{"pages":6,"data":[{"SECUCODE":"00571.HK","SECURITY_CODE":"00571","SECURITY_NAME_ABBR":"丰德丽控股","ORG_CODE":"10008973","STD_REPORT_DATE":"2024-12-31 00:00:00","REPORT_DATE":"2024-07-31 00:00:00","DATE_TYPE_CODE":"001","REPORT_TYPE":"2024年年报","PER_NETCASH_OPERATE":-0.049812821169,"PER_OI":0.607321918939,"BPS":0.061626473573,"BASIC_EPS":-0.26578776,"DILUTED_EPS":-0.26578776,"OPERATE_INCOME":1066382507.68,"OPERATE_INCOME_YOY":15.1577140828,"GROSS_PROFIT":412038616.64,"GROSS_PROFIT_YOY":-5.431066852656,"HOLDER_PROFIT":-466619183.52,"HOLDER_PROFIT_YOY":-157.0307350966,"GROSS_PROFIT_RATIO":38.638913679897,"EPS_TTM":-0.265747099102,"OPERATE_INCOME_QOQ":0,"NET_PROFIT_RATIO":-45.0288555919,"ROE_AVG":-135.587093692152,"GROSS_PROFIT_QOQ":0,"ROA":-23.503459164924,"HOLDER_PROFIT_QOQ":0,"ROE_YEARLY":-135.587093692152,"ROIC_YEARLY":-29.449484486164,"TOTAL_ASSETS":1677205708.08,"TOTAL_LIABILITIES":1633293186,"TAX_EBT":-0.263374705348,"OCF_SALES":-8.202045672175,"TOTAL_PARENT_EQUITY":108208499.28,"DEBT_ASSET_RATIO":97.3818046368,"OPERATE_PROFIT":-397117054.32,"PRETAX_PROFIT":-478918489.28,"NETCASH_OPERATE":-87465180.32,"NETCASH_INVEST":-48077443.68,"NETCASH_FINANCE":-133719557.44,"END_CASH":323577873.92,"DIVI_RATIO":null,"DIVIDEND_RATE":null,"CURRENT_RATIO":1.180407305273,"COMMON_ACS":2500000000,"CURRENTDEBT_DEBT":51.60955696291,"ISSUED_COMMON_SHARES":1755876866,"HK_COMMON_SHARES":1755876866,"PER_SHARES":2000,"TOTAL_MARKET_CAP":96573227.63,"HKSK_MARKET_CAP":96573227.63,"PE_TTM":-0.189032355084,"PB_TTM":0.815149676551,"REPORT_DATE_SQ":"2023-12-31 00:00:00","REPORT_TYPE_SQ":"2023年年报","OPERATE_INCOME_SQ":927043168.2,"DPS_HKD":null,"OPERATE_INCOME_QOQ_SQ":0,"NET_PROFIT_RATIO_SQ":-21.9897224469,"HOLDER_PROFIT_SQ":-181742924.31,"HOLDER_PROFIT_QOQ_SQ":0,"ROE_AVG_SQ":-24.84119857349,"PE_TTM_SQ":-0.57421147945,"PB_TTM_SQ":0.179703731452,"ROA_SQ":-6.996636378053,"START_DATE":"2023-08-01 00:00:00","FISCAL_YEAR":"7-31","CURRENCY":"HKD","IS_CNY_CODE":0,"DPS_HKD_LY":null,"ORG_TYPE":"一般企业","PREMIUM_INCOME":null,"PREMIUM_INCOME_YOY":null,"NET_INTEREST_INCOME":null,"NET_INTEREST_INCOME_YOY":null,"FEE_COMMISSION_INCOME":null,"FEE_COMMISSION_INCOME_YOY":null,"ACCOUNTS_RECE_TDAYS":7.14306777893,"INVENTORY_TDAYS":40.478797638218,"CURRENT_ASSETS_TDAYS":0.945839777121,"TOTAL_ASSETS_TDAYS":0.537133461474,"PREMIUM_EXPENSE":null,"LOAN_DEPOSIT":null,"LOAN_EQUITY":null,"LOAN_ASSETS":null,"DEPOSIT_EQUITY":null,"DEPOSIT_ASSETS":null,"EQUITY_MULTIPLIER":38.19424684863,"EQUITY_RATIO":15.093945455927},{"SECUCODE":"00571.HK","SECURITY_CODE":"00571","SECURITY_NAME_ABBR":"丰德丽控股","ORG_CODE":"10008973","STD_REPORT_DATE":"2024-06-30 00:00:00","REPORT_DATE":"2024-01-31 00:00:00","DATE_TYPE_CODE":"002","REPORT_TYPE":"2024年中报","PER_NETCASH_OPERATE":-0.049782484622,"PER_OI":0.255344718028,"BPS":0.274055201898,"BASIC_EPS":-0.0545268,"DILUTED_EPS":-0.0545268,"OPERATE_INCOME":448353883.24,"OPERATE_INCOME_YOY":-3.8775669251,"GROSS_PROFIT":180732713.72,"GROSS_PROFIT_YOY":-13.713037611851,"HOLDER_PROFIT":-96126204.5,"HOLDER_PROFIT_YOY":-28.319442928,"GROSS_PROFIT_RATIO":40.310281783208,"EPS_TTM":-0.117752208053,"OPERATE_INCOME_QOQ":0,"NET_PROFIT_RATIO":-21.9584966698,"ROE_AVG":-18.16470766026,"GROSS_PROFIT_QOQ":0,"ROA":-4.371696042411,"HOLDER_PROFIT_QOQ":0,"ROE_YEARLY":-36.329415320521,"ROIC_YEARLY":-10.950872743922,"TOTAL_ASSETS":2115725265.32,"TOTAL_LIABILITIES":1688615932.14,"TAX_EBT":-0.738329923749,"OCF_SALES":-19.496187352795,"TOTAL_PARENT_EQUITY":481207189.02,"DEBT_ASSET_RATIO":79.8126278406,"OPERATE_PROFIT":-66385470.22,"PRETAX_PROFIT":-97730201.2,"NETCASH_OPERATE":-87411913.08,"NETCASH_INVEST":-28540235.9,"NETCASH_FINANCE":-73599365.86,"END_CASH":400885577.5,"DIVI_RATIO":null,"DIVIDEND_RATE":null,"CURRENT_RATIO":1.368985074078,"COMMON_ACS":2500000000,"CURRENTDEBT_DEBT":49.733089429976,"ISSUED_COMMON_SHARES":1755876866,"HK_COMMON_SHARES":1755876866,"PER_SHARES":2000,"TOTAL_MARKET_CAP":84282089.568,"HKSK_MARKET_CAP":84282089.568,"PE_TTM":-0.16497369171,"PB_TTM":0.711403354081,"REPORT_DATE_SQ":"2023-06-30 00:00:00","REPORT_TYPE_SQ":"2023年中报","OPERATE_INCOME_SQ":442774004.2,"DPS_HKD":null,"OPERATE_INCOME_QOQ_SQ":0,"NET_PROFIT_RATIO_SQ":-18.0623855356,"HOLDER_PROFIT_SQ":-71110750.77,"HOLDER_PROFIT_QOQ_SQ":0,"ROE_AVG_SQ":-8.919337403956,"PE_TTM_SQ":-2.208505690194,"PB_TTM_SQ":0.691168197893,"ROA_SQ":-2.703967383523,"START_DATE":"2023-08-01 00:00:00","FISCAL_YEAR":"7-31","CURRENCY":"HKD","IS_CNY_CODE":0,"DPS_HKD_LY":null,"ORG_TYPE":"一般企业","PREMIUM_INCOME":null,"PREMIUM_INCOME_YOY":null,"NET_INTEREST_INCOME":null,"NET_INTEREST_INCOME_YOY":null,"FEE_COMMISSION_INCOME":null,"FEE_COMMISSION_INCOME_YOY":null,"ACCOUNTS_RECE_TDAYS":4.210042155206,"INVENTORY_TDAYS":10.758781944724,"CURRENT_ASSETS_TDAYS":0.373124434433,"TOTAL_ASSETS_TDAYS":0.203905574672,"PREMIUM_EXPENSE":null,"LOAN_DEPOSIT":null,"LOAN_EQUITY":null,"LOAN_ASSETS":null,"DEPOSIT_EQUITY":null,"DEPOSIT_ASSETS":null,"EQUITY_MULTIPLIER":4.953591740936,"EQUITY_RATIO":3.509124490802},{"SECUCODE":"00571.HK","SECURITY_CODE":"00571","SECURITY_NAME_ABBR":"丰德丽控股","ORG_CODE":"10008973","STD_REPORT_DATE":"2023-12-31 00:00:00","REPORT_DATE":"2023-07-31 00:00:00","DATE_TYPE_CODE":"001","REPORT_TYPE":"2023年年报","PER_NETCASH_OPERATE":0.048092673379,"PER_OI":0.527965933233,"BPS":0.33073353302,"BASIC_EPS":-0.11521062,"DILUTED_EPS":-0.11521062,"OPERATE_INCOME":927043168.2,"OPERATE_INCOME_YOY":22.1169376937,"GROSS_PROFIT":435701876.85,"GROSS_PROFIT_YOY":45.375409863449,"HOLDER_PROFIT":-181742924.31,"HOLDER_PROFIT_YOY":39.536461312,"GROSS_PROFIT_RATIO":46.999092576884,"EPS_TTM":-0.103505506468,"OPERATE_INCOME_QOQ":0,"NET_PROFIT_RATIO":-21.9897224469,"ROE_AVG":-24.84119857349,"GROSS_PROFIT_QOQ":0,"ROA":-6.996636378053,"HOLDER_PROFIT_QOQ":0,"ROE_YEARLY":-24.84119857349,"ROIC_YEARLY":-9.953094571499,"TOTAL_ASSETS":2295973011.93,"TOTAL_LIABILITIES":1767497326.14,"TAX_EBT":-0.567466743652,"OCF_SALES":9.10904858659,"TOTAL_PARENT_EQUITY":580727359.44,"DEBT_ASSET_RATIO":76.9824957417,"OPERATE_PROFIT":-146672262.96,"PRETAX_PROFIT":-202703942.19,"NETCASH_OPERATE":84444812.61,"NETCASH_INVEST":18614744.46,"NETCASH_FINANCE":-464917827.09,"END_CASH":595265842.44,"DIVI_RATIO":null,"DIVIDEND_RATE":null,"CURRENT_RATIO":1.566902032415,"COMMON_ACS":2500000000,"CURRENTDEBT_DEBT":45.54174758487,"ISSUED_COMMON_SHARES":1755876866,"HK_COMMON_SHARES":1755876866,"PER_SHARES":2000,"TOTAL_MARKET_CAP":84282089.568,"HKSK_MARKET_CAP":84282089.568,"PE_TTM":-0.16497369171,"PB_TTM":0.711403354081,"REPORT_DATE_SQ":"2022-12-31 00:00:00","REPORT_TYPE_SQ":"2022年年报","OPERATE_INCOME_SQ":713240001.96,"DPS_HKD":null,"OPERATE_INCOME_QOQ_SQ":0,"NET_PROFIT_RATIO_SQ":-44.547038978,"HOLDER_PROFIT_SQ":-282407086.56,"HOLDER_PROFIT_QOQ_SQ":0,"ROE_AVG_SQ":-29.50204551237,"PE_TTM_SQ":-2.208505690194,"PB_TTM_SQ":0.691168197893,"ROA_SQ":-9.545361825318,"START_DATE":"2022-08-01 00:00:00","FISCAL_YEAR":"7-31","CURRENCY":"HKD","IS_CNY_CODE":0,"DPS_HKD_LY":null,"ORG_TYPE":"一般企业","PREMIUM_INCOME":null,"PREMIUM_INCOME_YOY":null,"NET_INTEREST_INCOME":null,"NET_INTEREST_INCOME_YOY":null,"FEE_COMMISSION_INCOME":null,"FEE_COMMISSION_INCOME_YOY":null,"ACCOUNTS_RECE_TDAYS":7.464842657085,"INVENTORY_TDAYS":24.266392702312,"CURRENT_ASSETS_TDAYS":0.630371762409,"TOTAL_ASSETS_TDAYS":0.356887839198,"PREMIUM_EXPENSE":null,"LOAN_DEPOSIT":null,"LOAN_EQUITY":null,"LOAN_ASSETS":null,"DEPOSIT_EQUITY":null,"DEPOSIT_ASSETS":null,"EQUITY_MULTIPLIER":4.344519669805,"EQUITY_RATIO":3.043592311277},{"SECUCODE":"00571.HK","SECURITY_CODE":"00571","SECURITY_NAME_ABBR":"丰德丽控股","ORG_CODE":"10008973","STD_REPORT_DATE":"2023-06-30 00:00:00","REPORT_DATE":"2023-01-31 00:00:00","DATE_TYPE_CODE":"002","REPORT_TYPE":"2023年中报","PER_NETCASH_OPERATE":0.027850418711,"PER_OI":0.296794342286,"BPS":0.433924452667,"BASIC_EPS":-0.04744685,"DILUTED_EPS":-0.04744685,"OPERATE_INCOME":442774004.2,"OPERATE_INCOME_YOY":1.3040483329,"GROSS_PROFIT":209455413.33,"GROSS_PROFIT_YOY":16.240660396173,"HOLDER_PROFIT":-71110750.77,"HOLDER_PROFIT_YOY":35.7628796085,"GROSS_PROFIT_RATIO":47.305264388419,"EPS_TTM":-0.141535451957,"OPERATE_INCOME_QOQ":0,"NET_PROFIT_RATIO":-18.0623855356,"ROE_AVG":-8.919337403956,"GROSS_PROFIT_QOQ":0,"ROA":-2.703967383523,"HOLDER_PROFIT_QOQ":0,"ROE_YEARLY":-17.838674807911,"ROIC_YEARLY":-7.758085809901,"TOTAL_ASSETS":2524480393.19,"TOTAL_LIABILITIES":1738178254.94,"TAX_EBT":-1.006722377782,"OCF_SALES":9.383743132136,"TOTAL_PARENT_EQUITY":761917908.03,"DEBT_ASSET_RATIO":68.8529116577,"OPERATE_PROFIT":-55047835.37,"PRETAX_PROFIT":-79178440.61,"NETCASH_OPERATE":41548775.21,"NETCASH_INVEST":-240552941.49,"NETCASH_FINANCE":-84293211.04,"END_CASH":625344306.98,"DIVI_RATIO":null,"DIVIDEND_RATE":null,"CURRENT_RATIO":1.83707671115,"COMMON_ACS":2500000000,"CURRENTDEBT_DEBT":47.990502669635,"ISSUED_COMMON_SHARES":1755876866,"HK_COMMON_SHARES":1755876866,"PER_SHARES":2000,"TOTAL_MARKET_CAP":84282089.568,"HKSK_MARKET_CAP":84282089.568,"PE_TTM":-0.16497369171,"PB_TTM":0.711403354081,"REPORT_DATE_SQ":"2022-06-30 00:00:00","REPORT_TYPE_SQ":"2022年中报","OPERATE_INCOME_SQ":414563750.72,"DPS_HKD":null,"OPERATE_INCOME_QOQ_SQ":0,"NET_PROFIT_RATIO_SQ":-26.4109755592,"HOLDER_PROFIT_SQ":-104999011.52,"HOLDER_PROFIT_QOQ_SQ":0,"ROE_AVG_SQ":-10.568674807947,"PE_TTM_SQ":-2.208505690194,"PB_TTM_SQ":0.691168197893,"ROA_SQ":-3.58881106912,"START_DATE":"2022-08-01 00:00:00","FISCAL_YEAR":"7-31","CURRENCY":"HKD","IS_CNY_CODE":0,"DPS_HKD_LY":null,"ORG_TYPE":"一般企业","PREMIUM_INCOME":null,"PREMIUM_INCOME_YOY":null,"NET_INTEREST_INCOME":null,"NET_INTEREST_INCOME_YOY":null,"FEE_COMMISSION_INCOME":null,"FEE_COMMISSION_INCOME_YOY":null,"ACCOUNTS_RECE_TDAYS":3.849661731395,"INVENTORY_TDAYS":9.224139695099,"CURRENT_ASSETS_TDAYS":0.284065311887,"TOTAL_ASSETS_TDAYS":0.168363637378,"PREMIUM_EXPENSE":null,"LOAN_DEPOSIT":null,"LOAN_EQUITY":null,"LOAN_ASSETS":null,"DEPOSIT_EQUITY":null,"DEPOSIT_ASSETS":null,"EQUITY_MULTIPLIER":3.210572972376,"EQUITY_RATIO":2.28131959706},{"SECUCODE":"00571.HK","SECURITY_CODE":"00571","SECURITY_NAME_ABBR":"丰德丽控股","ORG_CODE":"10008973","STD_REPORT_DATE":"2022-12-31 00:00:00","REPORT_DATE":"2022-07-31 00:00:00","DATE_TYPE_CODE":"001","REPORT_TYPE":"2022年年报","PER_NETCASH_OPERATE":-0.142488158407,"PER_OI":0.478089488692,"BPS":0.472212540421,"BASIC_EPS":-0.1889976,"DILUTED_EPS":-0.1889976,"OPERATE_INCOME":713240001.96,"OPERATE_INCOME_YOY":-0.6064865085,"GROSS_PROFIT":299708098.68,"GROSS_PROFIT_YOY":95.863409315321,"HOLDER_PROFIT":-282407086.56,"HOLDER_PROFIT_YOY":6.377767525,"GROSS_PROFIT_RATIO":42.020651934327,"EPS_TTM":-0.189299337173,"OPERATE_INCOME_QOQ":0,"NET_PROFIT_RATIO":-44.547038978,"ROE_AVG":-29.50204551237,"GROSS_PROFIT_QOQ":0,"ROA":-9.545361825318,"HOLDER_PROFIT_QOQ":0,"ROE_YEARLY":-29.50204551237,"ROIC_YEARLY":-16.062853539555,"TOTAL_ASSETS":2723871210.72,"TOTAL_LIABILITIES":1862744882.16,"TAX_EBT":9.099489024723,"OCF_SALES":-29.803658473424,"TOTAL_PARENT_EQUITY":829147075.56,"DEBT_ASSET_RATIO":68.3859381761,"OPERATE_PROFIT":-287480813.04,"PRETAX_PROFIT":-349533020.52,"NETCASH_OPERATE":-212571614.28,"NETCASH_INVEST":-4724080.92,"NETCASH_FINANCE":-138564449.52,"END_CASH":907692759.96,"DIVI_RATIO":null,"DIVIDEND_RATE":null,"CURRENT_RATIO":1.853634101901,"COMMON_ACS":2500000000,"CURRENTDEBT_DEBT":45.712912684672,"ISSUED_COMMON_SHARES":1755876866,"HK_COMMON_SHARES":1755876866,"PER_SHARES":2000,"TOTAL_MARKET_CAP":84282089.568,"HKSK_MARKET_CAP":84282089.568,"PE_TTM":-0.16497369171,"PB_TTM":0.711403354081,"REPORT_DATE_SQ":"2021-12-31 00:00:00","REPORT_TYPE_SQ":"2021年年报","OPERATE_INCOME_SQ":694303853.6,"DPS_HKD":null,"OPERATE_INCOME_QOQ_SQ":0,"NET_PROFIT_RATIO_SQ":-48.8736422592,"HOLDER_PROFIT_SQ":-291855931.2,"HOLDER_PROFIT_QOQ_SQ":0,"ROE_AVG_SQ":-24.54728778148,"PE_TTM_SQ":-2.208505690194,"PB_TTM_SQ":0.691168197893,"ROA_SQ":-9.256206451633,"START_DATE":"2021-08-01 00:00:00","FISCAL_YEAR":"7-31","CURRENCY":"HKD","IS_CNY_CODE":0,"DPS_HKD_LY":null,"ORG_TYPE":"一般企业","PREMIUM_INCOME":null,"PREMIUM_INCOME_YOY":null,"NET_INTEREST_INCOME":null,"NET_INTEREST_INCOME_YOY":null,"FEE_COMMISSION_INCOME":null,"FEE_COMMISSION_INCOME_YOY":null,"ACCOUNTS_RECE_TDAYS":6.837475138872,"INVENTORY_TDAYS":44.133675621161,"CURRENT_ASSETS_TDAYS":0.400519658575,"TOTAL_ASSETS_TDAYS":0.24107517874,"PREMIUM_EXPENSE":null,"LOAN_DEPOSIT":null,"LOAN_EQUITY":null,"LOAN_ASSETS":null,"DEPOSIT_EQUITY":null,"DEPOSIT_ASSETS":null,"EQUITY_MULTIPLIER":3.16314937818,"EQUITY_RATIO":2.246579572028},{"SECUCODE":"00571.HK","SECURITY_CODE":"00571","SECURITY_NAME_ABBR":"丰德丽控股","ORG_CODE":"10008973","STD_REPORT_DATE":"2022-06-30 00:00:00","REPORT_DATE":"2022-01-31 00:00:00","DATE_TYPE_CODE":"002","REPORT_TYPE":"2022年中报","PER_NETCASH_OPERATE":-0.104630297275,"PER_OI":0.277884822875,"BPS":0.542883925894,"BASIC_EPS":-0.07036864,"DILUTED_EPS":-0.07036864,"OPERATE_INCOME":414563750.72,"OPERATE_INCOME_YOY":78.3223404031,"GROSS_PROFIT":180191176.32,"GROSS_PROFIT_YOY":118.673217922539,"HOLDER_PROFIT":-104999011.52,"HOLDER_PROFIT_YOY":-69.4234298465,"GROSS_PROFIT_RATIO":43.465251365333,"EPS_TTM":-0.223641090591,"OPERATE_INCOME_QOQ":0,"NET_PROFIT_RATIO":-26.4109755592,"ROE_AVG":-10.568674807947,"GROSS_PROFIT_QOQ":0,"ROA":-3.58881106912,"HOLDER_PROFIT_QOQ":0,"ROE_YEARLY":-21.137349615894,"ROIC_YEARLY":-12.31884736223,"TOTAL_ASSETS":2809984261.44,"TOTAL_LIABILITIES":1796480286.08,"TAX_EBT":-3.289052187941,"OCF_SALES":-37.652397202819,"TOTAL_PARENT_EQUITY":953237326.4,"DEBT_ASSET_RATIO":63.9320408563,"OPERATE_PROFIT":-82402495.68,"PRETAX_PROFIT":-106003810.24,"NETCASH_OPERATE":-156093190.08,"NETCASH_INVEST":13086112.32,"NETCASH_FINANCE":-77826897.6,"END_CASH":990074491.2,"DIVI_RATIO":null,"DIVIDEND_RATE":null,"CURRENT_RATIO":2.194244492917,"COMMON_ACS":2500000000,"CURRENTDEBT_DEBT":44.121542653249,"ISSUED_COMMON_SHARES":1755876866,"HK_COMMON_SHARES":1755876866,"PER_SHARES":2000,"TOTAL_MARKET_CAP":84282089.568,"HKSK_MARKET_CAP":84282089.568,"PE_TTM":-0.16497369171,"PB_TTM":0.711403354081,"REPORT_DATE_SQ":"2021-06-30 00:00:00","REPORT_TYPE_SQ":"2021年中报","OPERATE_INCOME_SQ":237133903.64,"DPS_HKD":null,"OPERATE_INCOME_QOQ_SQ":0,"NET_PROFIT_RATIO_SQ":-30.3630130718,"HOLDER_PROFIT_SQ":-63214953.42,"HOLDER_PROFIT_QOQ_SQ":0,"ROE_AVG_SQ":-4.870973011281,"PE_TTM_SQ":-2.208505690194,"PB_TTM_SQ":0.691168197893,"ROA_SQ":-1.945199466991,"START_DATE":"2021-08-01 00:00:00","FISCAL_YEAR":"7-31","CURRENCY":"HKD","IS_CNY_CODE":0,"DPS_HKD_LY":null,"ORG_TYPE":"一般企业","PREMIUM_INCOME":null,"PREMIUM_INCOME_YOY":null,"NET_INTEREST_INCOME":null,"NET_INTEREST_INCOME_YOY":null,"FEE_COMMISSION_INCOME":null,"FEE_COMMISSION_INCOME_YOY":null,"ACCOUNTS_RECE_TDAYS":5.242440076776,"INVENTORY_TDAYS":29.928948330808,"CURRENT_ASSETS_TDAYS":0.228527392904,"TOTAL_ASSETS_TDAYS":0.141695712741,"PREMIUM_EXPENSE":null,"LOAN_DEPOSIT":null,"LOAN_EQUITY":null,"LOAN_ASSETS":null,"DEPOSIT_EQUITY":null,"DEPOSIT_ASSETS":null,"EQUITY_MULTIPLIER":2.772543896969,"EQUITY_RATIO":1.884609673086},{"SECUCODE":"00571.HK","SECURITY_CODE":"00571","SECURITY_NAME_ABBR":"丰德丽控股","ORG_CODE":"10008973","STD_REPORT_DATE":"2021-12-31 00:00:00","REPORT_DATE":"2021-07-31 00:00:00","DATE_TYPE_CODE":"001","REPORT_TYPE":"2021年年报","PER_NETCASH_OPERATE":-0.08268070264,"PER_OI":0.465396463255,"BPS":0.598060989545,"BASIC_EPS":-0.195332,"DILUTED_EPS":-0.195332,"OPERATE_INCOME":694303853.6,"OPERATE_INCOME_YOY":-10.1008872568,"GROSS_PROFIT":153018932.8,"GROSS_PROFIT_YOY":-43.759987401591,"HOLDER_PROFIT":-291855931.2,"HOLDER_PROFIT_YOY":95.9101982854,"GROSS_PROFIT_RATIO":22.03918817483,"EPS_TTM":-0.195632960204,"OPERATE_INCOME_QOQ":0,"NET_PROFIT_RATIO":-48.8736422592,"ROE_AVG":-24.54728778148,"GROSS_PROFIT_QOQ":0,"ROA":-9.256206451633,"HOLDER_PROFIT_QOQ":0,"ROE_YEARLY":-24.54728778148,"ROIC_YEARLY":-16.33470120317,"TOTAL_ASSETS":3089654351.2,"TOTAL_LIABILITIES":1989672532,"TAX_EBT":-2.100313871625,"OCF_SALES":-17.765649111759,"TOTAL_PARENT_EQUITY":1050121456,"DEBT_ASSET_RATIO":64.3979004068,"OPERATE_PROFIT":-282007873.6,"PRETAX_PROFIT":-332351164,"NETCASH_OPERATE":-123347586.4,"NETCASH_INVEST":2542640.8,"NETCASH_FINANCE":-9409184,"END_CASH":1227512835.2,"DIVI_RATIO":null,"DIVIDEND_RATE":null,"CURRENT_RATIO":2.183553786549,"COMMON_ACS":2500000000,"CURRENTDEBT_DEBT":44.165958220104,"ISSUED_COMMON_SHARES":1755876866,"HK_COMMON_SHARES":1755876866,"PER_SHARES":2000,"TOTAL_MARKET_CAP":84282089.568,"HKSK_MARKET_CAP":84282089.568,"PE_TTM":-0.16497369171,"PB_TTM":0.711403354081,"REPORT_DATE_SQ":"2020-12-31 00:00:00","REPORT_TYPE_SQ":"2020年年报","OPERATE_INCOME_SQ":837401845,"DPS_HKD":null,"OPERATE_INCOME_QOQ_SQ":0,"NET_PROFIT_RATIO_SQ":-985.0457834852,"HOLDER_PROFIT_SQ":-7737595355,"HOLDER_PROFIT_QOQ_SQ":0,"ROE_AVG_SQ":-160.534043676294,"PE_TTM_SQ":-2.208505690194,"PB_TTM_SQ":0.691168197893,"ROA_SQ":-44.619088499084,"START_DATE":"2020-08-01 00:00:00","FISCAL_YEAR":"7-31","CURRENCY":"HKD","IS_CNY_CODE":0,"DPS_HKD_LY":null,"ORG_TYPE":"一般企业","PREMIUM_INCOME":null,"PREMIUM_INCOME_YOY":null,"NET_INTEREST_INCOME":null,"NET_INTEREST_INCOME_YOY":null,"FEE_COMMISSION_INCOME":null,"FEE_COMMISSION_INCOME_YOY":null,"ACCOUNTS_RECE_TDAYS":8.286695006473,"INVENTORY_TDAYS":66.848945234307,"CURRENT_ASSETS_TDAYS":0.341702065341,"TOTAL_ASSETS_TDAYS":0.220198362345,"PREMIUM_EXPENSE":null,"LOAN_DEPOSIT":null,"LOAN_EQUITY":null,"LOAN_ASSETS":null,"DEPOSIT_EQUITY":null,"DEPOSIT_ASSETS":null,"EQUITY_MULTIPLIER":2.808823107138,"EQUITY_RATIO":1.894707055676},{"SECUCODE":"00571.HK","SECURITY_CODE":"00571","SECURITY_NAME_ABBR":"丰德丽控股","ORG_CODE":"10008973","STD_REPORT_DATE":"2021-06-30 00:00:00","REPORT_DATE":"2021-01-31 00:00:00","DATE_TYPE_CODE":"002","REPORT_TYPE":"2021年中报","PER_NETCASH_OPERATE":-0.043467128504,"PER_OI":0.158952423351,"BPS":0.718916317552,"BASIC_EPS":-0.04256562,"DILUTED_EPS":-0.04256562,"OPERATE_INCOME":237133903.64,"OPERATE_INCOME_YOY":-44.4404682987,"GROSS_PROFIT":82402032.6,"GROSS_PROFIT_YOY":-61.008493176417,"HOLDER_PROFIT":-63214953.42,"HOLDER_PROFIT_YOY":85.6161300798,"GROSS_PROFIT_RATIO":34.749157052252,"EPS_TTM":-4.916234493685,"OPERATE_INCOME_QOQ":0,"NET_PROFIT_RATIO":-30.3630130718,"ROE_AVG":-4.870973011281,"GROSS_PROFIT_QOQ":0,"ROA":-1.945199466991,"HOLDER_PROFIT_QOQ":0,"ROE_YEARLY":-9.741946022563,"ROIC_YEARLY":-6.745779045254,"TOTAL_ASSETS":3269838347.34,"TOTAL_LIABILITIES":1934613271.34,"TAX_EBT":-4.354768471476,"OCF_SALES":-27.345999253842,"TOTAL_PARENT_EQUITY":1262328530.58,"DEBT_ASSET_RATIO":59.1654102079,"OPERATE_PROFIT":-45345739.22,"PRETAX_PROFIT":-68996366.16,"NETCASH_OPERATE":-64846635.52,"NETCASH_INVEST":14075866.3,"NETCASH_FINANCE":42775944.24,"END_CASH":1353916390.9,"DIVI_RATIO":null,"DIVIDEND_RATE":null,"CURRENT_RATIO":2.399040354069,"COMMON_ACS":2500000000,"CURRENTDEBT_DEBT":48.659919058033,"ISSUED_COMMON_SHARES":1755876866,"HK_COMMON_SHARES":1755876866,"PER_SHARES":2000,"TOTAL_MARKET_CAP":84282089.568,"HKSK_MARKET_CAP":84282089.568,"PE_TTM":-0.16497369171,"PB_TTM":0.711403354081,"REPORT_DATE_SQ":"2020-06-30 00:00:00","REPORT_TYPE_SQ":"2020年中报","OPERATE_INCOME_SQ":453049541.19,"DPS_HKD":null,"OPERATE_INCOME_QOQ_SQ":0,"NET_PROFIT_RATIO_SQ":-79.6928772999,"HOLDER_PROFIT_SQ":-466503274.17,"HOLDER_PROFIT_QOQ_SQ":0,"ROE_AVG_SQ":-5.945571781509,"PE_TTM_SQ":-2.208505690194,"PB_TTM_SQ":0.691168197893,"ROA_SQ":-1.502819815266,"START_DATE":"2020-08-01 00:00:00","FISCAL_YEAR":"7-31","CURRENCY":"HKD","IS_CNY_CODE":0,"DPS_HKD_LY":null,"ORG_TYPE":"一般企业","PREMIUM_INCOME":null,"PREMIUM_INCOME_YOY":null,"NET_INTEREST_INCOME":null,"NET_INTEREST_INCOME_YOY":null,"FEE_COMMISSION_INCOME":null,"FEE_COMMISSION_INCOME_YOY":null,"ACCOUNTS_RECE_TDAYS":2.932781436446,"INVENTORY_TDAYS":12.713320761186,"CURRENT_ASSETS_TDAYS":0.107489643431,"TOTAL_ASSETS_TDAYS":0.072968928712,"PREMIUM_EXPENSE":null,"LOAN_DEPOSIT":null,"LOAN_EQUITY":null,"LOAN_ASSETS":null,"DEPOSIT_EQUITY":null,"DEPOSIT_ASSETS":null,"EQUITY_MULTIPLIER":2.448904238028,"EQUITY_RATIO":1.532575097903},{"SECUCODE":"00571.HK","SECURITY_CODE":"00571","SECURITY_NAME_ABBR":"丰德丽控股","ORG_CODE":"10008973","STD_REPORT_DATE":"2020-12-31 00:00:00","REPORT_DATE":"2020-07-31 00:00:00","DATE_TYPE_CODE":"001","REPORT_TYPE":"2020年年报","PER_NETCASH_OPERATE":-0.253582822687,"PER_OI":0.561315992941,"BPS":0.819924516991,"BASIC_EPS":-5.18669375,"DILUTED_EPS":-5.18669375,"OPERATE_INCOME":837401845,"OPERATE_INCOME_YOY":-35.9286272341,"GROSS_PROFIT":272081967.5,"GROSS_PROFIT_YOY":-35.42089369796,"HOLDER_PROFIT":-7737595355,"HOLDER_PROFIT_YOY":-10957.2528817052,"GROSS_PROFIT_RATIO":32.491207073947,"EPS_TTM":-5.186561321306,"OPERATE_INCOME_QOQ":0,"NET_PROFIT_RATIO":-985.0457834852,"ROE_AVG":-160.534043676294,"GROSS_PROFIT_QOQ":0,"ROA":-44.619088499084,"HOLDER_PROFIT_QOQ":0,"ROE_YEARLY":-160.534043676294,"ROIC_YEARLY":-66.113722187195,"TOTAL_ASSETS":3487586952.5,"TOTAL_LIABILITIES":2072414461.25,"TAX_EBT":-8.587906807418,"OCF_SALES":-45.176482743479,"TOTAL_PARENT_EQUITY":1439686491.25,"DEBT_ASSET_RATIO":59.4225890129,"OPERATE_PROFIT":-757706110,"PRETAX_PROFIT":-831807786.25,"NETCASH_OPERATE":-378308700,"NETCASH_INVEST":-1030138663.75,"NETCASH_FINANCE":611911798.75,"END_CASH":1454598573.75,"DIVI_RATIO":null,"DIVIDEND_RATE":null,"CURRENT_RATIO":2.514468563589,"COMMON_ACS":2500000000,"CURRENTDEBT_DEBT":44.631394192362,"ISSUED_COMMON_SHARES":1755876866,"HK_COMMON_SHARES":1755876866,"PER_SHARES":2000,"TOTAL_MARKET_CAP":84282089.568,"HKSK_MARKET_CAP":84282089.568,"PE_TTM":-0.16497369171,"PB_TTM":0.711403354081,"REPORT_DATE_SQ":"2019-12-31 00:00:00","REPORT_TYPE_SQ":"2019年年报","OPERATE_INCOME_SQ":1275934289.76,"DPS_HKD":null,"OPERATE_INCOME_QOQ_SQ":0,"NET_PROFIT_RATIO_SQ":0.6235874135,"HOLDER_PROFIT_SQ":-68315176.8,"HOLDER_PROFIT_QOQ_SQ":0,"ROE_AVG_SQ":-0.845894283315,"PE_TTM_SQ":-2.208505690194,"PB_TTM_SQ":0.691168197893,"ROA_SQ":-0.232947127227,"START_DATE":"2019-08-01 00:00:00","FISCAL_YEAR":"7-31","CURRENCY":"HKD","IS_CNY_CODE":0,"DPS_HKD_LY":null,"ORG_TYPE":"一般企业","PREMIUM_INCOME":null,"PREMIUM_INCOME_YOY":null,"NET_INTEREST_INCOME":null,"NET_INTEREST_INCOME_YOY":null,"FEE_COMMISSION_INCOME":null,"FEE_COMMISSION_INCOME_YOY":null,"ACCOUNTS_RECE_TDAYS":5.679628593871,"INVENTORY_TDAYS":0.445614888829,"CURRENT_ASSETS_TDAYS":0.173735962869,"TOTAL_ASSETS_TDAYS":0.048289042418,"PREMIUM_EXPENSE":null,"LOAN_DEPOSIT":null,"LOAN_EQUITY":null,"LOAN_ASSETS":null,"DEPOSIT_EQUITY":null,"DEPOSIT_ASSETS":null,"EQUITY_MULTIPLIER":2.464425343248,"EQUITY_RATIO":1.43949010694}],"count":49},"success":true,"message":"ok","code":0}