{"version":"26ff0eec7642c79f15597bf3c5292e95","result":{"pages":5,"data":[{"SECUCODE":"00581.HK","SECURITY_CODE":"00581","SECURITY_NAME_ABBR":"中国东方集团","ORG_CODE":"10008978","STD_REPORT_DATE":"2024-06-30 00:00:00","REPORT_DATE":"2024-06-30 00:00:00","DATE_TYPE_CODE":"002","REPORT_TYPE":"2024年中报","PER_NETCASH_OPERATE":0.336710481391,"PER_OI":6.061765409855,"BPS":5.962668254101,"BASIC_EPS":0.03,"DILUTED_EPS":0.03,"OPERATE_INCOME":22565340000,"OPERATE_INCOME_YOY":2.2966371003,"GROSS_PROFIT":900180000,"GROSS_PROFIT_YOY":25.152238108744,"HOLDER_PROFIT":94063000,"HOLDER_PROFIT_YOY":-66.674461037,"GROSS_PROFIT_RATIO":3.989215318714,"EPS_TTM":-0.093452666693,"OPERATE_INCOME_QOQ":1.095140227556,"NET_PROFIT_RATIO":0.5452122592,"ROE_AVG":0.423085728576,"GROSS_PROFIT_QOQ":25.221597958985,"ROA":0.183995213617,"HOLDER_PROFIT_QOQ":-117.846855196253,"ROE_YEARLY":0.846171457152,"ROIC_YEARLY":0.429431759855,"TOTAL_ASSETS":52214879000,"TOTAL_LIABILITIES":27281777000,"TAX_EBT":14.027658399894,"OCF_SALES":5.554660377375,"TOTAL_PARENT_EQUITY":22196444000,"DEBT_ASSET_RATIO":52.2490476326,"OPERATE_PROFIT":248267000,"PRETAX_PROFIT":143103000,"NETCASH_OPERATE":1253428000,"NETCASH_INVEST":-414910000,"NETCASH_FINANCE":883641000,"END_CASH":5347021000,"DIVI_RATIO":-0.484855078012,"DIVIDEND_RATE":4.761904761905,"CURRENT_RATIO":1.356361869482,"COMMON_ACS":5000000000,"CURRENTDEBT_DEBT":85.153840968644,"ISSUED_COMMON_SHARES":3722569000,"HK_COMMON_SHARES":3722569000,"PER_SHARES":2000,"TOTAL_MARKET_CAP":3908697450,"HKSK_MARKET_CAP":3908697450,"PE_TTM":-10.305155685218,"PB_TTM":0.160718986729,"REPORT_DATE_SQ":"2023-06-30 00:00:00","REPORT_TYPE_SQ":"2023年中报","OPERATE_INCOME_SQ":22058731000,"DPS_HKD":0.05,"OPERATE_INCOME_QOQ_SQ":-6.04694348858,"NET_PROFIT_RATIO_SQ":1.251817251,"HOLDER_PROFIT_SQ":282255000,"HOLDER_PROFIT_QOQ_SQ":-113.54526957661,"ROE_AVG_SQ":1.245007322366,"PE_TTM_SQ":-23.258471358083,"PB_TTM_SQ":0.18092807766,"ROA_SQ":0.579086344522,"START_DATE":"2024-01-01 00:00:00","FISCAL_YEAR":"12-31","CURRENCY":"HKD","IS_CNY_CODE":0,"DPS_HKD_LY":0.05,"ORG_TYPE":"一般企业","PREMIUM_INCOME":null,"PREMIUM_INCOME_YOY":null,"NET_INTEREST_INCOME":null,"NET_INTEREST_INCOME_YOY":null,"FEE_COMMISSION_INCOME":null,"FEE_COMMISSION_INCOME_YOY":null,"ACCOUNTS_RECE_TDAYS":7.018501941761,"INVENTORY_TDAYS":3.834688532755,"CURRENT_ASSETS_TDAYS":0.759021693801,"TOTAL_ASSETS_TDAYS":0.441397207577,"PREMIUM_EXPENSE":null,"LOAN_DEPOSIT":null,"LOAN_EQUITY":null,"LOAN_ASSETS":null,"DEPOSIT_EQUITY":null,"DEPOSIT_ASSETS":null,"EQUITY_MULTIPLIER":2.094199069174,"EQUITY_RATIO":1.229105752255},{"SECUCODE":"00581.HK","SECURITY_CODE":"00581","SECURITY_NAME_ABBR":"中国东方集团","ORG_CODE":"10008978","STD_REPORT_DATE":"2023-12-31 00:00:00","REPORT_DATE":"2023-12-31 00:00:00","DATE_TYPE_CODE":"001","REPORT_TYPE":"2023年年报","PER_NETCASH_OPERATE":0.066250215913,"PER_OI":12.42683157787,"BPS":5.982098921471,"BASIC_EPS":-0.04,"DILUTED_EPS":-0.04,"OPERATE_INCOME":46259738000,"OPERATE_INCOME_YOY":-4.855158126,"GROSS_PROFIT":717290000,"GROSS_PROFIT_YOY":-59.079693877842,"HOLDER_PROFIT":-159692000,"HOLDER_PROFIT_YOY":-119.775927639,"GROSS_PROFIT_RATIO":1.550570822515,"EPS_TTM":-0.04289833177,"OPERATE_INCOME_QOQ":1.2684902512,"NET_PROFIT_RATIO":-0.4241528562,"ROE_AVG":-0.71216116466,"GROSS_PROFIT_QOQ":3.07993872313,"ROA":-0.325723351645,"HOLDER_PROFIT_QOQ":-45.998774901946,"ROE_YEARLY":-0.71216116466,"ROIC_YEARLY":-0.368529366316,"TOTAL_ASSETS":50030172000,"TOTAL_LIABILITIES":25052387000,"TAX_EBT":37.625528100175,"OCF_SALES":0.533122344964,"TOTAL_PARENT_EQUITY":22268776000,"DEBT_ASSET_RATIO":50.0745570093,"OPERATE_PROFIT":-112477000,"PRETAX_PROFIT":-314571000,"NETCASH_OPERATE":246621000,"NETCASH_INVEST":-674004000,"NETCASH_FINANCE":1935701000,"END_CASH":3618030000,"DIVI_RATIO":-1.056241539708,"DIVIDEND_RATE":4.201680672269,"CURRENT_RATIO":1.239588563665,"COMMON_ACS":5000000000,"CURRENTDEBT_DEBT":89.998485972614,"ISSUED_COMMON_SHARES":3722569000,"HK_COMMON_SHARES":3722569000,"PER_SHARES":2000,"TOTAL_MARKET_CAP":4429857110,"HKSK_MARKET_CAP":4429857110,"PE_TTM":-11.679176443247,"PB_TTM":0.182148184959,"REPORT_DATE_SQ":"2022-12-31 00:00:00","REPORT_TYPE_SQ":"2022年年报","OPERATE_INCOME_SQ":48620332000,"DPS_HKD":0.05,"OPERATE_INCOME_QOQ_SQ":-6.448021291992,"NET_PROFIT_RATIO_SQ":1.6687566017,"HOLDER_PROFIT_SQ":807507000,"HOLDER_PROFIT_QOQ_SQ":-61.940189821363,"ROE_AVG_SQ":3.578653241478,"PE_TTM_SQ":-23.064650763433,"PB_TTM_SQ":0.17942034368,"ROA_SQ":1.612711563954,"START_DATE":"2023-01-01 00:00:00","FISCAL_YEAR":"12-31","CURRENCY":"HKD","IS_CNY_CODE":0,"DPS_HKD_LY":0.03,"ORG_TYPE":"一般企业","PREMIUM_INCOME":null,"PREMIUM_INCOME_YOY":null,"NET_INTEREST_INCOME":null,"NET_INTEREST_INCOME_YOY":null,"FEE_COMMISSION_INCOME":null,"FEE_COMMISSION_INCOME_YOY":null,"ACCOUNTS_RECE_TDAYS":13.790453380864,"INVENTORY_TDAYS":7.133015841915,"CURRENT_ASSETS_TDAYS":1.737093698111,"TOTAL_ASSETS_TDAYS":0.943558657137,"PREMIUM_EXPENSE":null,"LOAN_DEPOSIT":null,"LOAN_EQUITY":null,"LOAN_ASSETS":null,"DEPOSIT_EQUITY":null,"DEPOSIT_ASSETS":null,"EQUITY_MULTIPLIER":2.002986734011,"EQUITY_RATIO":1.125000628683},{"SECUCODE":"00581.HK","SECURITY_CODE":"00581","SECURITY_NAME_ABBR":"中国东方集团","ORG_CODE":"10008978","STD_REPORT_DATE":"2023-06-30 00:00:00","REPORT_DATE":"2023-06-30 00:00:00","DATE_TYPE_CODE":"002","REPORT_TYPE":"2023年中报","PER_NETCASH_OPERATE":0.160848596762,"PER_OI":5.925674178236,"BPS":6.115004449884,"BASIC_EPS":0.08,"DILUTED_EPS":0.08,"OPERATE_INCOME":22058731000,"OPERATE_INCOME_YOY":-11.7607522769,"GROSS_PROFIT":719268000,"GROSS_PROFIT_YOY":-59.507629601898,"HOLDER_PROFIT":282255000,"HOLDER_PROFIT_YOY":-76.4619006439,"GROSS_PROFIT_RATIO":3.26069527753,"EPS_TTM":-0.029382665573,"OPERATE_INCOME_QOQ":-6.04694348858,"NET_PROFIT_RATIO":1.251817251,"ROE_AVG":1.245007322366,"GROSS_PROFIT_QOQ":-60.302356958061,"ROA":0.579086344522,"HOLDER_PROFIT_QOQ":-113.54526957661,"ROE_YEARLY":2.490014644732,"ROIC_YEARLY":1.328302048041,"TOTAL_ASSETS":49459282000,"TOTAL_LIABILITIES":24011717000,"TAX_EBT":-3.809369854362,"OCF_SALES":2.714435386152,"TOTAL_PARENT_EQUITY":22763526000,"DEBT_ASSET_RATIO":48.548454464,"OPERATE_PROFIT":401869000,"PRETAX_PROFIT":266002000,"NETCASH_OPERATE":598770000,"NETCASH_INVEST":544320000,"NETCASH_FINANCE":1370715000,"END_CASH":4666094000,"DIVI_RATIO":-1.542099707979,"DIVIDEND_RATE":4.201680672269,"CURRENT_RATIO":1.265350343053,"COMMON_ACS":5000000000,"CURRENTDEBT_DEBT":88.056968187656,"ISSUED_COMMON_SHARES":3722569000,"HK_COMMON_SHARES":3722569000,"PER_SHARES":2000,"TOTAL_MARKET_CAP":4429857110,"HKSK_MARKET_CAP":4429857110,"PE_TTM":-11.679176443247,"PB_TTM":0.182148184959,"REPORT_DATE_SQ":"2022-06-30 00:00:00","REPORT_TYPE_SQ":"2022年中报","OPERATE_INCOME_SQ":24998775000,"DPS_HKD":0.05,"OPERATE_INCOME_QOQ_SQ":0.026764152903,"NET_PROFIT_RATIO_SQ":4.9203210957,"HOLDER_PROFIT_SQ":1199141000,"HOLDER_PROFIT_QOQ_SQ":-14.911405441521,"ROE_AVG_SQ":5.209200616829,"PE_TTM_SQ":-23.064650763433,"PB_TTM_SQ":0.17942034368,"ROA_SQ":2.225850751127,"START_DATE":"2023-01-01 00:00:00","FISCAL_YEAR":"12-31","CURRENCY":"HKD","IS_CNY_CODE":0,"DPS_HKD_LY":0.03,"ORG_TYPE":"一般企业","PREMIUM_INCOME":null,"PREMIUM_INCOME_YOY":null,"NET_INTEREST_INCOME":null,"NET_INTEREST_INCOME_YOY":null,"FEE_COMMISSION_INCOME":null,"FEE_COMMISSION_INCOME_YOY":null,"ACCOUNTS_RECE_TDAYS":6.118885183721,"INVENTORY_TDAYS":3.601044666734,"CURRENT_ASSETS_TDAYS":0.847322422348,"TOTAL_ASSETS_TDAYS":0.452566292877,"PREMIUM_EXPENSE":null,"LOAN_DEPOSIT":null,"LOAN_EQUITY":null,"LOAN_ASSETS":null,"DEPOSIT_EQUITY":null,"DEPOSIT_ASSETS":null,"EQUITY_MULTIPLIER":1.943576212497,"EQUITY_RATIO":1.054832937569},{"SECUCODE":"00581.HK","SECURITY_CODE":"00581","SECURITY_NAME_ABBR":"中国东方集团","ORG_CODE":"10008978","STD_REPORT_DATE":"2022-12-31 00:00:00","REPORT_DATE":"2022-12-31 00:00:00","DATE_TYPE_CODE":"001","REPORT_TYPE":"2022年年报","PER_NETCASH_OPERATE":-0.080887419414,"PER_OI":13.060961932472,"BPS":6.065267292561,"BASIC_EPS":0.22,"DILUTED_EPS":0.22,"OPERATE_INCOME":48620332000,"OPERATE_INCOME_YOY":-6.4229828974,"GROSS_PROFIT":1752895000,"GROSS_PROFIT_YOY":-57.158753799853,"HOLDER_PROFIT":807507000,"HOLDER_PROFIT_YOY":-67.6154424274,"GROSS_PROFIT_RATIO":3.605271555941,"EPS_TTM":0.216921969747,"OPERATE_INCOME_QOQ":-6.448021291992,"NET_PROFIT_RATIO":1.6687566017,"ROE_AVG":3.578653241478,"GROSS_PROFIT_QOQ":-53.552591658309,"ROA":1.612711563954,"HOLDER_PROFIT_QOQ":-61.940189821363,"ROE_YEARLY":3.578653241478,"ROIC_YEARLY":1.810205996406,"TOTAL_ASSETS":48023590000,"TOTAL_LIABILITIES":22738943000,"TAX_EBT":-7.360290897158,"OCF_SALES":-0.61930675422,"TOTAL_PARENT_EQUITY":22578376000,"DEBT_ASSET_RATIO":47.3495275967,"OPERATE_PROFIT":1075834000,"PRETAX_PROFIT":755731000,"NETCASH_OPERATE":-301109000,"NETCASH_INVEST":73178000,"NETCASH_FINANCE":-2342290000,"END_CASH":2124697000,"DIVI_RATIO":0.208881562586,"DIVIDEND_RATE":4.201680672269,"CURRENT_RATIO":1.196575842679,"COMMON_ACS":5000000000,"CURRENTDEBT_DEBT":93.029799142379,"ISSUED_COMMON_SHARES":3722569000,"HK_COMMON_SHARES":3722569000,"PER_SHARES":2000,"TOTAL_MARKET_CAP":4429857110,"HKSK_MARKET_CAP":4429857110,"PE_TTM":-11.679176443247,"PB_TTM":0.182148184959,"REPORT_DATE_SQ":"2021-12-31 00:00:00","REPORT_TYPE_SQ":"2021年年报","OPERATE_INCOME_SQ":51957557000,"DPS_HKD":0.05,"OPERATE_INCOME_QOQ_SQ":10.280706035164,"NET_PROFIT_RATIO_SQ":4.8938655834,"HOLDER_PROFIT_SQ":2493494000,"HOLDER_PROFIT_QOQ_SQ":4.673701461573,"ROE_AVG_SQ":11.535428434638,"PE_TTM_SQ":-23.064650763433,"PB_TTM_SQ":0.17942034368,"ROA_SQ":5.160223621679,"START_DATE":"2022-01-01 00:00:00","FISCAL_YEAR":"12-31","CURRENCY":"HKD","IS_CNY_CODE":0,"DPS_HKD_LY":0.1,"ORG_TYPE":"一般企业","PREMIUM_INCOME":null,"PREMIUM_INCOME_YOY":null,"NET_INTEREST_INCOME":null,"NET_INTEREST_INCOME_YOY":null,"FEE_COMMISSION_INCOME":null,"FEE_COMMISSION_INCOME_YOY":null,"ACCOUNTS_RECE_TDAYS":15.160826836289,"INVENTORY_TDAYS":7.793718571175,"CURRENT_ASSETS_TDAYS":1.734421871232,"TOTAL_ASSETS_TDAYS":0.97102033369,"PREMIUM_EXPENSE":null,"LOAN_DEPOSIT":null,"LOAN_EQUITY":null,"LOAN_ASSETS":null,"DEPOSIT_EQUITY":null,"DEPOSIT_ASSETS":null,"EQUITY_MULTIPLIER":1.899318190994,"EQUITY_RATIO":1.007111538934},{"SECUCODE":"00581.HK","SECURITY_CODE":"00581","SECURITY_NAME_ABBR":"中国东方集团","ORG_CODE":"10008978","STD_REPORT_DATE":"2022-06-30 00:00:00","REPORT_DATE":"2022-06-30 00:00:00","DATE_TYPE_CODE":"002","REPORT_TYPE":"2022年中报","PER_NETCASH_OPERATE":0.151311365887,"PER_OI":6.715463165357,"BPS":6.309788750726,"BASIC_EPS":0.32,"DILUTED_EPS":0.32,"OPERATE_INCOME":24998775000,"OPERATE_INCOME_YOY":0.0556576863,"GROSS_PROFIT":1776305000,"GROSS_PROFIT_YOY":-15.170708737827,"HOLDER_PROFIT":1199141000,"HOLDER_PROFIT_YOY":-23.6680721803,"GROSS_PROFIT_RATIO":7.10556817284,"EPS_TTM":0.569950214489,"OPERATE_INCOME_QOQ":0.026764152903,"NET_PROFIT_RATIO":4.9203210957,"ROE_AVG":5.209200616829,"GROSS_PROFIT_QOQ":-7.763968475948,"ROA":2.225850751127,"HOLDER_PROFIT_QOQ":-14.911405441521,"ROE_YEARLY":10.418401233658,"ROIC_YEARLY":5.121395254242,"TOTAL_ASSETS":55627579000,"TOTAL_LIABILITIES":29808932000,"TAX_EBT":17.453695967444,"OCF_SALES":2.253178405742,"TOTAL_PARENT_EQUITY":23488624000,"DEBT_ASSET_RATIO":53.5866067441,"OPERATE_PROFIT":1660819000,"PRETAX_PROFIT":1490097000,"NETCASH_OPERATE":563267000,"NETCASH_INVEST":-632498000,"NETCASH_FINANCE":1163405000,"END_CASH":5768453000,"DIVI_RATIO":0.079499926218,"DIVIDEND_RATE":4.201680672269,"CURRENT_RATIO":1.229245664056,"COMMON_ACS":5000000000,"CURRENTDEBT_DEBT":92.950002368418,"ISSUED_COMMON_SHARES":3722569000,"HK_COMMON_SHARES":3722569000,"PER_SHARES":2000,"TOTAL_MARKET_CAP":4429857110,"HKSK_MARKET_CAP":4429857110,"PE_TTM":-11.679176443247,"PB_TTM":0.182148184959,"REPORT_DATE_SQ":"2021-06-30 00:00:00","REPORT_TYPE_SQ":"2021年中报","OPERATE_INCOME_SQ":24984869000,"DPS_HKD":0.05,"OPERATE_INCOME_QOQ_SQ":20.343209426481,"NET_PROFIT_RATIO_SQ":6.468979285,"HOLDER_PROFIT_SQ":1570956000,"HOLDER_PROFIT_QOQ_SQ":50.182798471541,"ROE_AVG_SQ":7.344830442225,"PE_TTM_SQ":-23.064650763433,"PB_TTM_SQ":0.17942034368,"ROA_SQ":3.353421373819,"START_DATE":"2022-01-01 00:00:00","FISCAL_YEAR":"12-31","CURRENCY":"HKD","IS_CNY_CODE":0,"DPS_HKD_LY":0.1,"ORG_TYPE":"一般企业","PREMIUM_INCOME":null,"PREMIUM_INCOME_YOY":null,"NET_INTEREST_INCOME":null,"NET_INTEREST_INCOME_YOY":null,"FEE_COMMISSION_INCOME":null,"FEE_COMMISSION_INCOME_YOY":null,"ACCOUNTS_RECE_TDAYS":8.032147837319,"INVENTORY_TDAYS":3.545619613955,"CURRENT_ASSETS_TDAYS":0.771424011428,"TOTAL_ASSETS_TDAYS":0.46402835122,"PREMIUM_EXPENSE":null,"LOAN_DEPOSIT":null,"LOAN_EQUITY":null,"LOAN_ASSETS":null,"DEPOSIT_EQUITY":null,"DEPOSIT_ASSETS":null,"EQUITY_MULTIPLIER":2.154550507623,"EQUITY_RATIO":1.269079533991},{"SECUCODE":"00581.HK","SECURITY_CODE":"00581","SECURITY_NAME_ABBR":"中国东方集团","ORG_CODE":"10008978","STD_REPORT_DATE":"2021-12-31 00:00:00","REPORT_DATE":"2021-12-31 00:00:00","DATE_TYPE_CODE":"001","REPORT_TYPE":"2021年年报","PER_NETCASH_OPERATE":0.224549229309,"PER_OI":13.957446322687,"BPS":6.057839089081,"BASIC_EPS":0.67,"DILUTED_EPS":0.67,"OPERATE_INCOME":51957557000,"OPERATE_INCOME_YOY":32.7153410209,"GROSS_PROFIT":4091606000,"GROSS_PROFIT_YOY":77.604333060159,"HOLDER_PROFIT":2493494000,"HOLDER_PROFIT_YOY":57.2018941187,"GROSS_PROFIT_RATIO":7.874900661707,"EPS_TTM":0.669831506145,"OPERATE_INCOME_QOQ":10.280706035164,"NET_PROFIT_RATIO":4.8938655834,"ROE_AVG":11.535428434638,"GROSS_PROFIT_QOQ":29.209494591279,"ROA":5.160223621679,"HOLDER_PROFIT_QOQ":4.673701461573,"ROE_YEARLY":11.535428434638,"ROIC_YEARLY":5.756526375037,"TOTAL_ASSETS":52119178000,"TOTAL_LIABILITIES":29004320000,"TAX_EBT":16.670282479062,"OCF_SALES":1.608813131841,"TOTAL_PARENT_EQUITY":22550724000,"DEBT_ASSET_RATIO":55.6499950939,"OPERATE_PROFIT":3219913000,"PRETAX_PROFIT":3051412000,"NETCASH_OPERATE":835900000,"NETCASH_INVEST":-2827869000,"NETCASH_FINANCE":3161309000,"END_CASH":4626779000,"DIVI_RATIO":0.067645369894,"DIVIDEND_RATE":4.201680672269,"CURRENT_RATIO":1.157937334331,"COMMON_ACS":5000000000,"CURRENTDEBT_DEBT":91.566614904263,"ISSUED_COMMON_SHARES":3722569000,"HK_COMMON_SHARES":3722569000,"PER_SHARES":2000,"TOTAL_MARKET_CAP":4429857110,"HKSK_MARKET_CAP":4429857110,"PE_TTM":-11.679176443247,"PB_TTM":0.182148184959,"REPORT_DATE_SQ":"2020-12-31 00:00:00","REPORT_TYPE_SQ":"2020年年报","OPERATE_INCOME_SQ":39149624000,"DPS_HKD":0.05,"OPERATE_INCOME_QOQ_SQ":0.424524063345,"NET_PROFIT_RATIO_SQ":4.1403386147,"HOLDER_PROFIT_SQ":1586173000,"HOLDER_PROFIT_QOQ_SQ":-31.603026904331,"ROE_AVG_SQ":7.894769325168,"PE_TTM_SQ":-23.064650763433,"PB_TTM_SQ":0.17942034368,"ROA_SQ":3.968859163391,"START_DATE":"2021-01-01 00:00:00","FISCAL_YEAR":"12-31","CURRENCY":"HKD","IS_CNY_CODE":0,"DPS_HKD_LY":0.1,"ORG_TYPE":"一般企业","PREMIUM_INCOME":null,"PREMIUM_INCOME_YOY":null,"NET_INTEREST_INCOME":null,"NET_INTEREST_INCOME_YOY":null,"FEE_COMMISSION_INCOME":null,"FEE_COMMISSION_INCOME_YOY":null,"ACCOUNTS_RECE_TDAYS":18.531385353953,"INVENTORY_TDAYS":9.131330591477,"CURRENT_ASSETS_TDAYS":1.835796921281,"TOTAL_ASSETS_TDAYS":1.075248678987,"PREMIUM_EXPENSE":null,"LOAN_DEPOSIT":null,"LOAN_EQUITY":null,"LOAN_ASSETS":null,"DEPOSIT_EQUITY":null,"DEPOSIT_ASSETS":null,"EQUITY_MULTIPLIER":2.254791182362,"EQUITY_RATIO":1.286181321717},{"SECUCODE":"00581.HK","SECURITY_CODE":"00581","SECURITY_NAME_ABBR":"中国东方集团","ORG_CODE":"10008978","STD_REPORT_DATE":"2021-06-30 00:00:00","REPORT_DATE":"2021-06-30 00:00:00","DATE_TYPE_CODE":"002","REPORT_TYPE":"2021年中报","PER_NETCASH_OPERATE":-0.287110057597,"PER_OI":6.711727573082,"BPS":5.93568205183,"BASIC_EPS":0.42,"DILUTED_EPS":0.42,"OPERATE_INCOME":24984869000,"OPERATE_INCOME_YOY":46.7921214666,"GROSS_PROFIT":2093976000,"GROSS_PROFIT_YOY":70.0888712354,"HOLDER_PROFIT":1570956000,"HOLDER_PROFIT_YOY":102.7118469102,"GROSS_PROFIT_RATIO":8.380976502218,"EPS_TTM":0.639923396987,"OPERATE_INCOME_QOQ":20.343209426481,"NET_PROFIT_RATIO":6.468979285,"ROE_AVG":7.344830442225,"GROSS_PROFIT_QOQ":37.454552873196,"ROA":3.353421373819,"HOLDER_PROFIT_QOQ":50.182798471541,"ROE_YEARLY":14.689660884449,"ROIC_YEARLY":7.469513155496,"TOTAL_ASSETS":49169041000,"TOTAL_LIABILITIES":26503993000,"TAX_EBT":20.653421503508,"OCF_SALES":-4.277737057577,"TOTAL_PARENT_EQUITY":22095986000,"DEBT_ASSET_RATIO":53.9038233428,"OPERATE_PROFIT":2123143000,"PRETAX_PROFIT":2036970000,"NETCASH_OPERATE":-1068787000,"NETCASH_INVEST":1441301000,"NETCASH_FINANCE":1128122000,"END_CASH":4977325000,"DIVI_RATIO":0.070806912536,"DIVIDEND_RATE":4.201680672269,"CURRENT_RATIO":1.298242892143,"COMMON_ACS":5000000000,"CURRENTDEBT_DEBT":87.012828595299,"ISSUED_COMMON_SHARES":3722569000,"HK_COMMON_SHARES":3722569000,"PER_SHARES":2000,"TOTAL_MARKET_CAP":4429857110,"HKSK_MARKET_CAP":4429857110,"PE_TTM":-11.679176443247,"PB_TTM":0.182148184959,"REPORT_DATE_SQ":"2020-06-30 00:00:00","REPORT_TYPE_SQ":"2020年中报","OPERATE_INCOME_SQ":17020579000,"DPS_HKD":0.05,"OPERATE_INCOME_QOQ_SQ":-9.369219354044,"NET_PROFIT_RATIO_SQ":4.620659497,"HOLDER_PROFIT_SQ":774970000,"HOLDER_PROFIT_QOQ_SQ":-27.761813582431,"ROE_AVG_SQ":3.915660086225,"PE_TTM_SQ":-23.064650763433,"PB_TTM_SQ":0.17942034368,"ROA_SQ":1.969677033406,"START_DATE":"2021-01-01 00:00:00","FISCAL_YEAR":"12-31","CURRENCY":"HKD","IS_CNY_CODE":0,"DPS_HKD_LY":0.1,"ORG_TYPE":"一般企业","PREMIUM_INCOME":null,"PREMIUM_INCOME_YOY":null,"NET_INTEREST_INCOME":null,"NET_INTEREST_INCOME_YOY":null,"FEE_COMMISSION_INCOME":null,"FEE_COMMISSION_INCOME_YOY":null,"ACCOUNTS_RECE_TDAYS":7.916704174962,"INVENTORY_TDAYS":4.207640714955,"CURRENT_ASSETS_TDAYS":0.895643361368,"TOTAL_ASSETS_TDAYS":0.533336348864,"PREMIUM_EXPENSE":null,"LOAN_DEPOSIT":null,"LOAN_EQUITY":null,"LOAN_ASSETS":null,"DEPOSIT_EQUITY":null,"DEPOSIT_ASSETS":null,"EQUITY_MULTIPLIER":2.16937731612,"EQUITY_RATIO":1.199493564125},{"SECUCODE":"00581.HK","SECURITY_CODE":"00581","SECURITY_NAME_ABBR":"中国东方集团","ORG_CODE":"10008978","STD_REPORT_DATE":"2020-12-31 00:00:00","REPORT_DATE":"2020-12-31 00:00:00","DATE_TYPE_CODE":"001","REPORT_TYPE":"2020年年报","PER_NETCASH_OPERATE":-0.031388001136,"PER_OI":10.516829641036,"BPS":5.55562650417,"BASIC_EPS":0.43,"DILUTED_EPS":0.43,"OPERATE_INCOME":39149624000,"OPERATE_INCOME_YOY":-8.9844698814,"GROSS_PROFIT":2303776000,"GROSS_PROFIT_YOY":-44.502196038074,"HOLDER_PROFIT":1586173000,"HOLDER_PROFIT_YOY":-50.5912670712,"GROSS_PROFIT_RATIO":5.88454182855,"EPS_TTM":0.426096332936,"OPERATE_INCOME_QOQ":0.424524063345,"NET_PROFIT_RATIO":4.1403386147,"ROE_AVG":7.894769325168,"GROSS_PROFIT_QOQ":-23.945449323399,"ROA":3.968859163391,"HOLDER_PROFIT_QOQ":-31.603026904331,"ROE_YEARLY":7.894769325168,"ROIC_YEARLY":4.470730436832,"TOTAL_ASSETS":44523688000,"TOTAL_LIABILITIES":23308380000,"TAX_EBT":15.17556988257,"OCF_SALES":-0.298454973667,"TOTAL_PARENT_EQUITY":20681203000,"DEBT_ASSET_RATIO":52.3505150786,"OPERATE_PROFIT":1922549000,"PRETAX_PROFIT":1910920000,"NETCASH_OPERATE":-116844000,"NETCASH_INVEST":-4110421000,"NETCASH_FINANCE":3015250000,"END_CASH":3485951000,"DIVI_RATIO":0.106339802757,"DIVIDEND_RATE":4.201680672269,"CURRENT_RATIO":1.276693956901,"COMMON_ACS":5000000000,"CURRENTDEBT_DEBT":86.875389881236,"ISSUED_COMMON_SHARES":3722569000,"HK_COMMON_SHARES":3722569000,"PER_SHARES":2000,"TOTAL_MARKET_CAP":4429857110,"HKSK_MARKET_CAP":4429857110,"PE_TTM":-11.679176443247,"PB_TTM":0.182148184959,"REPORT_DATE_SQ":"2019-12-31 00:00:00","REPORT_TYPE_SQ":"2019年年报","OPERATE_INCOME_SQ":43014224000,"DPS_HKD":0.05,"OPERATE_INCOME_QOQ_SQ":6.565045489466,"NET_PROFIT_RATIO_SQ":7.5949876487,"HOLDER_PROFIT_SQ":3210309000,"HOLDER_PROFIT_QOQ_SQ":-7.986491080135,"ROE_AVG_SQ":17.395680060512,"PE_TTM_SQ":-23.064650763433,"PB_TTM_SQ":0.17942034368,"ROA_SQ":9.875470156718,"START_DATE":"2020-01-01 00:00:00","FISCAL_YEAR":"12-31","CURRENCY":"HKD","IS_CNY_CODE":0,"DPS_HKD_LY":0.11,"ORG_TYPE":"一般企业","PREMIUM_INCOME":null,"PREMIUM_INCOME_YOY":null,"NET_INTEREST_INCOME":null,"NET_INTEREST_INCOME_YOY":null,"FEE_COMMISSION_INCOME":null,"FEE_COMMISSION_INCOME_YOY":null,"ACCOUNTS_RECE_TDAYS":14.491855332508,"INVENTORY_TDAYS":7.962566318525,"CURRENT_ASSETS_TDAYS":1.670556305286,"TOTAL_ASSETS_TDAYS":0.979586362621,"PREMIUM_EXPENSE":null,"LOAN_DEPOSIT":null,"LOAN_EQUITY":null,"LOAN_ASSETS":null,"DEPOSIT_EQUITY":null,"DEPOSIT_ASSETS":null,"EQUITY_MULTIPLIER":2.098658572384,"EQUITY_RATIO":1.127032117039},{"SECUCODE":"00581.HK","SECURITY_CODE":"00581","SECURITY_NAME_ABBR":"中国东方集团","ORG_CODE":"10008978","STD_REPORT_DATE":"2020-06-30 00:00:00","REPORT_DATE":"2020-06-30 00:00:00","DATE_TYPE_CODE":"002","REPORT_TYPE":"2020年中报","PER_NETCASH_OPERATE":0.061579785358,"PER_OI":4.57226689418,"BPS":5.394507932559,"BASIC_EPS":0.21,"DILUTED_EPS":0.21,"OPERATE_INCOME":17020579000,"OPERATE_INCOME_YOY":-19.1447391048,"GROSS_PROFIT":1231107000,"GROSS_PROFIT_YOY":-47.681684103881,"HOLDER_PROFIT":774970000,"HOLDER_PROFIT_YOY":-53.4890560013,"GROSS_PROFIT_RATIO":7.233050062516,"EPS_TTM":0.622975423693,"OPERATE_INCOME_QOQ":-9.369219354044,"NET_PROFIT_RATIO":4.620659497,"ROE_AVG":3.915660086225,"GROSS_PROFIT_QOQ":-27.028950315,"ROA":1.969677033406,"HOLDER_PROFIT_QOQ":-27.761813582431,"ROE_YEARLY":7.83132017245,"ROIC_YEARLY":4.523418872209,"TOTAL_ASSETS":43282817000,"TOTAL_LIABILITIES":22875746000,"TAX_EBT":16.287681629151,"OCF_SALES":1.346810822358,"TOTAL_PARENT_EQUITY":20081428000,"DEBT_ASSET_RATIO":52.8517956676,"OPERATE_PROFIT":975789000,"PRETAX_PROFIT":939483000,"NETCASH_OPERATE":229235000,"NETCASH_INVEST":-5869331000,"NETCASH_FINANCE":5873010000,"END_CASH":4882075000,"DIVI_RATIO":0.072733206282,"DIVIDEND_RATE":4.201680672269,"CURRENT_RATIO":1.299006566346,"COMMON_ACS":5000000000,"CURRENTDEBT_DEBT":85.967609537193,"ISSUED_COMMON_SHARES":3722569000,"HK_COMMON_SHARES":3722569000,"PER_SHARES":2000,"TOTAL_MARKET_CAP":4429857110,"HKSK_MARKET_CAP":4429857110,"PE_TTM":-11.679176443247,"PB_TTM":0.182148184959,"REPORT_DATE_SQ":"2019-06-30 00:00:00","REPORT_TYPE_SQ":"2019年中报","OPERATE_INCOME_SQ":21050676000,"DPS_HKD":0.05,"OPERATE_INCOME_QOQ_SQ":-1.024983827544,"NET_PROFIT_RATIO_SQ":8.0168351838,"HOLDER_PROFIT_SQ":1666210000,"HOLDER_PROFIT_QOQ_SQ":-27.03494463659,"ROE_AVG_SQ":9.291840475192,"PE_TTM_SQ":-23.064650763433,"PB_TTM_SQ":0.17942034368,"ROA_SQ":5.373510516217,"START_DATE":"2020-01-01 00:00:00","FISCAL_YEAR":"12-31","CURRENCY":"HKD","IS_CNY_CODE":0,"DPS_HKD_LY":0.11,"ORG_TYPE":"一般企业","PREMIUM_INCOME":null,"PREMIUM_INCOME_YOY":null,"NET_INTEREST_INCOME":null,"NET_INTEREST_INCOME_YOY":null,"FEE_COMMISSION_INCOME":null,"FEE_COMMISSION_INCOME_YOY":null,"ACCOUNTS_RECE_TDAYS":7.010528821787,"INVENTORY_TDAYS":3.653647614614,"CURRENT_ASSETS_TDAYS":0.731061894203,"TOTAL_ASSETS_TDAYS":0.432597952844,"PREMIUM_EXPENSE":null,"LOAN_DEPOSIT":null,"LOAN_EQUITY":null,"LOAN_ASSETS":null,"DEPOSIT_EQUITY":null,"DEPOSIT_ASSETS":null,"EQUITY_MULTIPLIER":2.120971549521,"EQUITY_RATIO":1.139149367266}],"count":45},"success":true,"message":"ok","code":0}