{"version":"760bba406280a4e12f4eea9d526c7567","result":{"pages":2,"data":[{"SECUCODE":"00587.HK","SECURITY_CODE":"00587","SECURITY_NAME_ABBR":"海螺环保","ORG_CODE":"10000262952","STD_REPORT_DATE":"2024-06-30 00:00:00","REPORT_DATE":"2024-06-30 00:00:00","DATE_TYPE_CODE":"002","REPORT_TYPE":"2024年中报","PER_NETCASH_OPERATE":0.134408088654,"PER_OI":0.440126110382,"BPS":1.656006055675,"BASIC_EPS":0.04,"DILUTED_EPS":0.04,"OPERATE_INCOME":804007000,"OPERATE_INCOME_YOY":-17.1796197712,"GROSS_PROFIT":359651000,"GROSS_PROFIT_YOY":-26.052056411237,"HOLDER_PROFIT":82141000,"HOLDER_PROFIT_YOY":-58.9336066393,"GROSS_PROFIT_RATIO":44.732321982271,"EPS_TTM":0.080060103668,"OPERATE_INCOME_QOQ":-8.863780828208,"NET_PROFIT_RATIO":11.4804970603,"ROE_AVG":2.729766236287,"GROSS_PROFIT_QOQ":-14.179750886892,"ROA":0.860495738613,"HOLDER_PROFIT_QOQ":-44.629159883391,"ROE_YEARLY":5.459532472573,"ROIC_YEARLY":1.927387713405,"TOTAL_ASSETS":9679285000,"TOTAL_LIABILITIES":5925686000,"TAX_EBT":15.292562954262,"OCF_SALES":30.538540087338,"TOTAL_PARENT_EQUITY":3025134000,"DEBT_ASSET_RATIO":61.2202864158,"OPERATE_PROFIT":164559000,"PRETAX_PROFIT":108968000,"NETCASH_OPERATE":245532000,"NETCASH_INVEST":-338397000,"NETCASH_FINANCE":195133000,"END_CASH":348522000,"DIVI_RATIO":0.339577376927,"DIVIDEND_RATE":4.545454545455,"CURRENT_RATIO":0.498571679398,"COMMON_ACS":15000000000,"CURRENTDEBT_DEBT":49.499163472381,"ISSUED_COMMON_SHARES":1826765059,"HK_COMMON_SHARES":1826765059,"PER_SHARES":500,"TOTAL_MARKET_CAP":1205664938.94,"HKSK_MARKET_CAP":1205664938.94,"PE_TTM":7.328509016239,"PB_TTM":0.363747945206,"REPORT_DATE_SQ":"2023-06-30 00:00:00","REPORT_TYPE_SQ":"2023年中报","OPERATE_INCOME_SQ":970784000,"DPS_HKD":0.03,"OPERATE_INCOME_QOQ_SQ":5.917386583472,"NET_PROFIT_RATIO_SQ":23.119355078,"HOLDER_PROFIT_SQ":200020000,"HOLDER_PROFIT_QOQ_SQ":-14.927462148873,"ROE_AVG_SQ":7.07055032014,"PE_TTM_SQ":7.217124520082,"PB_TTM_SQ":0.667042703677,"ROA_SQ":2.291657990267,"START_DATE":"2024-01-01 00:00:00","FISCAL_YEAR":"12-31","CURRENCY":"HKD","IS_CNY_CODE":0,"DPS_HKD_LY":0.03,"ORG_TYPE":"一般企业","PREMIUM_INCOME":null,"PREMIUM_INCOME_YOY":null,"NET_INTEREST_INCOME":null,"NET_INTEREST_INCOME_YOY":null,"FEE_COMMISSION_INCOME":null,"FEE_COMMISSION_INCOME_YOY":null,"ACCOUNTS_RECE_TDAYS":0.772400747608,"INVENTORY_TDAYS":11.159256143347,"CURRENT_ASSETS_TDAYS":0.560036388117,"TOTAL_ASSETS_TDAYS":0.084226463924,"PREMIUM_EXPENSE":null,"LOAN_DEPOSIT":null,"LOAN_EQUITY":null,"LOAN_ASSETS":null,"DEPOSIT_EQUITY":null,"DEPOSIT_ASSETS":null,"EQUITY_MULTIPLIER":2.578667833193,"EQUITY_RATIO":1.958817692043},{"SECUCODE":"00587.HK","SECURITY_CODE":"00587","SECURITY_NAME_ABBR":"海螺环保","ORG_CODE":"10000262952","STD_REPORT_DATE":"2023-12-31 00:00:00","REPORT_DATE":"2023-12-31 00:00:00","DATE_TYPE_CODE":"001","REPORT_TYPE":"2023年年报","PER_NETCASH_OPERATE":0.345476829049,"PER_OI":1.029993425115,"BPS":1.63843565173,"BASIC_EPS":0.14,"DILUTED_EPS":0.14,"OPERATE_INCOME":1881556000,"OPERATE_INCOME_YOY":8.7857409641,"GROSS_PROFIT":893570000,"GROSS_PROFIT_YOY":-1.820599028721,"HOLDER_PROFIT":264130000,"HOLDER_PROFIT_YOY":-19.6332943868,"GROSS_PROFIT_RATIO":47.491012757526,"EPS_TTM":0.14458892713,"OPERATE_INCOME_QOQ":2.708105319756,"NET_PROFIT_RATIO":16.1575313198,"ROE_AVG":9.232177036336,"GROSS_PROFIT_QOQ":-1.366630204062,"ROA":2.943143499668,"HOLDER_PROFIT_QOQ":-5.531552668851,"ROE_YEARLY":9.232177036336,"ROIC_YEARLY":3.291421593062,"TOTAL_ASSETS":9412268000,"TOTAL_LIABILITIES":5702078000,"TAX_EBT":13.698132382539,"OCF_SALES":33.541653822687,"TOTAL_PARENT_EQUITY":2993037000,"DEBT_ASSET_RATIO":60.5813391629,"OPERATE_PROFIT":453081000,"PRETAX_PROFIT":352267000,"NETCASH_OPERATE":631105000,"NETCASH_INVEST":-973724000,"NETCASH_FINANCE":315815000,"END_CASH":246254000,"DIVI_RATIO":0.188026846451,"DIVIDEND_RATE":4.166666666667,"CURRENT_RATIO":0.526420921816,"COMMON_ACS":15000000000,"CURRENTDEBT_DEBT":46.935976673767,"ISSUED_COMMON_SHARES":1826765059,"HK_COMMON_SHARES":1826765059,"PER_SHARES":500,"TOTAL_MARKET_CAP":1315270842.48,"HKSK_MARKET_CAP":1315270842.48,"PE_TTM":7.994737108625,"PB_TTM":0.396815940224,"REPORT_DATE_SQ":"2022-12-31 00:00:00","REPORT_TYPE_SQ":"2022年年报","OPERATE_INCOME_SQ":1729598000,"DPS_HKD":0.03,"OPERATE_INCOME_QOQ_SQ":-5.291441613114,"NET_PROFIT_RATIO_SQ":20.8408543488,"HOLDER_PROFIT_SQ":328656000,"HOLDER_PROFIT_QOQ_SQ":-41.598949457759,"ROE_AVG_SQ":12.764579085348,"PE_TTM_SQ":10.265737463909,"PB_TTM_SQ":0.948810742299,"ROA_SQ":4.096221368649,"START_DATE":"2023-01-01 00:00:00","FISCAL_YEAR":"12-31","CURRENCY":"HKD","IS_CNY_CODE":0,"DPS_HKD_LY":null,"ORG_TYPE":"一般企业","PREMIUM_INCOME":null,"PREMIUM_INCOME_YOY":null,"NET_INTEREST_INCOME":null,"NET_INTEREST_INCOME_YOY":null,"FEE_COMMISSION_INCOME":null,"FEE_COMMISSION_INCOME_YOY":null,"ACCOUNTS_RECE_TDAYS":1.864898724592,"INVENTORY_TDAYS":40.074877806397,"CURRENT_ASSETS_TDAYS":1.379252308429,"TOTAL_ASSETS_TDAYS":0.209657718194,"PREMIUM_EXPENSE":null,"LOAN_DEPOSIT":null,"LOAN_EQUITY":null,"LOAN_ASSETS":null,"DEPOSIT_EQUITY":null,"DEPOSIT_ASSETS":null,"EQUITY_MULTIPLIER":2.536869540375,"EQUITY_RATIO":1.905114437276},{"SECUCODE":"00587.HK","SECURITY_CODE":"00587","SECURITY_NAME_ABBR":"海螺环保","ORG_CODE":"10000262952","STD_REPORT_DATE":"2023-06-30 00:00:00","REPORT_DATE":"2023-06-30 00:00:00","DATE_TYPE_CODE":"002","REPORT_TYPE":"2023年中报","PER_NETCASH_OPERATE":0.152233588348,"PER_OI":0.531422470129,"BPS":1.603340826764,"BASIC_EPS":0.11,"DILUTED_EPS":0.11,"OPERATE_INCOME":970784000,"OPERATE_INCOME_YOY":11.7851957022,"GROSS_PROFIT":486357000,"GROSS_PROFIT_YOY":-0.853946418888,"HOLDER_PROFIT":200020000,"HOLDER_PROFIT_YOY":-19.6964830577,"GROSS_PROFIT_RATIO":50.0994041929,"EPS_TTM":0.153055259417,"OPERATE_INCOME_QOQ":5.917386583472,"NET_PROFIT_RATIO":23.119355078,"ROE_AVG":7.07055032014,"GROSS_PROFIT_QOQ":-0.460258861274,"ROA":2.291657990267,"HOLDER_PROFIT_QOQ":-14.927462148873,"ROE_YEARLY":14.14110064028,"ROIC_YEARLY":5.158332397942,"TOTAL_ASSETS":8919789000,"TOTAL_LIABILITIES":5298147000,"TAX_EBT":10.841023481601,"OCF_SALES":28.646434222237,"TOTAL_PARENT_EQUITY":2928927000,"DEBT_ASSET_RATIO":59.3976718508,"OPERATE_PROFIT":299199000,"PRETAX_PROFIT":251729000,"NETCASH_OPERATE":278095000,"NETCASH_INVEST":-470463000,"NETCASH_FINANCE":240728000,"END_CASH":321418000,"DIVI_RATIO":0.177626042408,"DIVIDEND_RATE":4.166666666667,"CURRENT_RATIO":0.716039170311,"COMMON_ACS":15000000000,"CURRENTDEBT_DEBT":37.078001044516,"ISSUED_COMMON_SHARES":1826765059,"HK_COMMON_SHARES":1826765059,"PER_SHARES":500,"TOTAL_MARKET_CAP":1315270842.48,"HKSK_MARKET_CAP":1315270842.48,"PE_TTM":7.994737108625,"PB_TTM":0.396815940224,"REPORT_DATE_SQ":"2022-06-30 00:00:00","REPORT_TYPE_SQ":"2022年中报","OPERATE_INCOME_SQ":868437000,"DPS_HKD":0.03,"OPERATE_INCOME_QOQ_SQ":7.542253259865,"NET_PROFIT_RATIO_SQ":32.0085394795,"HOLDER_PROFIT_SQ":249080000,"HOLDER_PROFIT_QOQ_SQ":-2.739337754296,"ROE_AVG_SQ":9.8264647431,"PE_TTM_SQ":10.265737463909,"PB_TTM_SQ":0.948810742299,"ROA_SQ":3.194347333846,"START_DATE":"2023-01-01 00:00:00","FISCAL_YEAR":"12-31","CURRENCY":"HKD","IS_CNY_CODE":0,"DPS_HKD_LY":null,"ORG_TYPE":"一般企业","PREMIUM_INCOME":null,"PREMIUM_INCOME_YOY":null,"NET_INTEREST_INCOME":null,"NET_INTEREST_INCOME_YOY":null,"FEE_COMMISSION_INCOME":null,"FEE_COMMISSION_INCOME_YOY":null,"ACCOUNTS_RECE_TDAYS":0.975702026062,"INVENTORY_TDAYS":23.653662109375,"CURRENT_ASSETS_TDAYS":0.712209816303,"TOTAL_ASSETS_TDAYS":0.111224123109,"PREMIUM_EXPENSE":null,"LOAN_DEPOSIT":null,"LOAN_EQUITY":null,"LOAN_ASSETS":null,"DEPOSIT_EQUITY":null,"DEPOSIT_ASSETS":null,"EQUITY_MULTIPLIER":2.462912954955,"EQUITY_RATIO":1.808903738468},{"SECUCODE":"00587.HK","SECURITY_CODE":"00587","SECURITY_NAME_ABBR":"海螺环保","ORG_CODE":"10000262952","STD_REPORT_DATE":"2022-12-31 00:00:00","REPORT_DATE":"2022-12-31 00:00:00","DATE_TYPE_CODE":"001","REPORT_TYPE":"2022年年报","PER_NETCASH_OPERATE":0.297243478205,"PER_OI":0.946809219652,"BPS":1.4938467246,"BASIC_EPS":0.18,"DILUTED_EPS":0.18,"OPERATE_INCOME":1729598000,"OPERATE_INCOME_YOY":1.8517177192,"GROSS_PROFIT":910140000,"GROSS_PROFIT_YOY":-10.334126409434,"HOLDER_PROFIT":328656000,"HOLDER_PROFIT_YOY":-43.1987514842,"GROSS_PROFIT_RATIO":52.621476204297,"EPS_TTM":0.179911477057,"OPERATE_INCOME_QOQ":-5.291441613114,"NET_PROFIT_RATIO":20.8408543488,"ROE_AVG":12.764579085348,"GROSS_PROFIT_QOQ":-13.844971308162,"ROA":4.096221368649,"HOLDER_PROFIT_QOQ":-41.598949457759,"ROE_YEARLY":12.764579085348,"ROIC_YEARLY":4.74666021177,"TOTAL_ASSETS":8536568000,"TOTAL_LIABILITIES":5148934000,"TAX_EBT":12.195912123567,"OCF_SALES":31.394231491942,"TOTAL_PARENT_EQUITY":2728907000,"DEBT_ASSET_RATIO":60.3162067004,"OPERATE_PROFIT":497561000,"PRETAX_PROFIT":410531000,"NETCASH_OPERATE":542994000,"NETCASH_INVEST":-1407369000,"NETCASH_FINANCE":541320000,"END_CASH":273058000,"DIVI_RATIO":0.151110982161,"DIVIDEND_RATE":4.166666666667,"CURRENT_RATIO":0.666723427133,"COMMON_ACS":15000000000,"CURRENTDEBT_DEBT":38.436635622053,"ISSUED_COMMON_SHARES":1826765059,"HK_COMMON_SHARES":1826765059,"PER_SHARES":500,"TOTAL_MARKET_CAP":1315270842.48,"HKSK_MARKET_CAP":1315270842.48,"PE_TTM":7.994737108625,"PB_TTM":0.396815940224,"REPORT_DATE_SQ":"2021-12-31 00:00:00","REPORT_TYPE_SQ":"2021年年报","OPERATE_INCOME_SQ":1698153000,"DPS_HKD":0.03,"OPERATE_INCOME_QOQ_SQ":4.773877252852,"NET_PROFIT_RATIO_SQ":38.0753088797,"HOLDER_PROFIT_SQ":578607000,"HOLDER_PROFIT_QOQ_SQ":-2.201702744776,"ROE_AVG_SQ":33.312271128438,"PE_TTM_SQ":10.265737463909,"PB_TTM_SQ":0.948810742299,"ROA_SQ":9.333625738234,"START_DATE":"2022-01-01 00:00:00","FISCAL_YEAR":"12-31","CURRENCY":"HKD","IS_CNY_CODE":0,"DPS_HKD_LY":null,"ORG_TYPE":"一般企业","PREMIUM_INCOME":null,"PREMIUM_INCOME_YOY":null,"NET_INTEREST_INCOME":null,"NET_INTEREST_INCOME_YOY":null,"FEE_COMMISSION_INCOME":null,"FEE_COMMISSION_INCOME_YOY":null,"ACCOUNTS_RECE_TDAYS":1.729405171323,"INVENTORY_TDAYS":63.271281318766,"CURRENT_ASSETS_TDAYS":1.144294317391,"TOTAL_ASSETS_TDAYS":0.215569357832,"PREMIUM_EXPENSE":null,"LOAN_DEPOSIT":null,"LOAN_EQUITY":null,"LOAN_ASSETS":null,"DEPOSIT_EQUITY":null,"DEPOSIT_ASSETS":null,"EQUITY_MULTIPLIER":2.519920392817,"EQUITY_RATIO":1.886811826127},{"SECUCODE":"00587.HK","SECURITY_CODE":"00587","SECURITY_NAME_ABBR":"海螺环保","ORG_CODE":"10000262952","STD_REPORT_DATE":"2022-06-30 00:00:00","REPORT_DATE":"2022-06-30 00:00:00","DATE_TYPE_CODE":"002","REPORT_TYPE":"2022年中报","PER_NETCASH_OPERATE":0.132481732562,"PER_OI":0.475396108395,"BPS":1.450094519243,"BASIC_EPS":0.14,"DILUTED_EPS":0.14,"OPERATE_INCOME":868437000,"OPERATE_INCOME_YOY":17.2996037052,"GROSS_PROFIT":490546000,"GROSS_PROFIT_YOY":9.20849631442,"HOLDER_PROFIT":249080000,"HOLDER_PROFIT_YOY":-5.9827124146,"GROSS_PROFIT_RATIO":56.486077861722,"EPS_TTM":0.308062056052,"OPERATE_INCOME_QOQ":7.542253259865,"NET_PROFIT_RATIO":32.0085394795,"ROE_AVG":9.8264647431,"GROSS_PROFIT_QOQ":4.075031895452,"ROA":3.194347333846,"HOLDER_PROFIT_QOQ":-2.739337754296,"ROE_YEARLY":19.6529294862,"ROIC_YEARLY":7.650137362627,"TOTAL_ASSETS":8084827000,"TOTAL_LIABILITIES":4787193000,"TAX_EBT":10.966266511217,"OCF_SALES":27.867651884938,"TOTAL_PARENT_EQUITY":2648982000,"DEBT_ASSET_RATIO":59.2120647727,"OPERATE_PROFIT":349736000,"PRETAX_PROFIT":312212000,"NETCASH_OPERATE":242013000,"NETCASH_INVEST":-628599000,"NETCASH_FINANCE":446192000,"END_CASH":655719000,"DIVI_RATIO":0.088250401067,"DIVIDEND_RATE":4.166666666667,"CURRENT_RATIO":0.958497435889,"COMMON_ACS":15000000000,"CURRENTDEBT_DEBT":37.8536858656,"ISSUED_COMMON_SHARES":1826765059,"HK_COMMON_SHARES":1826765059,"PER_SHARES":500,"TOTAL_MARKET_CAP":1315270842.48,"HKSK_MARKET_CAP":1315270842.48,"PE_TTM":7.994737108625,"PB_TTM":0.396815940224,"REPORT_DATE_SQ":"2021-06-30 00:00:00","REPORT_TYPE_SQ":"2021年中报","OPERATE_INCOME_SQ":740358000,"DPS_HKD":0.03,"OPERATE_INCOME_QOQ_SQ":30.894473820161,"NET_PROFIT_RATIO_SQ":40.7232717145,"HOLDER_PROFIT_SQ":264930000,"HOLDER_PROFIT_QOQ_SQ":24.078970374382,"ROE_AVG_SQ":27.431301379331,"PE_TTM_SQ":10.265737463909,"PB_TTM_SQ":0.948810742299,"ROA_SQ":4.864160429716,"START_DATE":"2022-01-01 00:00:00","FISCAL_YEAR":"12-31","CURRENCY":"HKD","IS_CNY_CODE":0,"DPS_HKD_LY":null,"ORG_TYPE":"一般企业","PREMIUM_INCOME":null,"PREMIUM_INCOME_YOY":null,"NET_INTEREST_INCOME":null,"NET_INTEREST_INCOME_YOY":null,"FEE_COMMISSION_INCOME":null,"FEE_COMMISSION_INCOME_YOY":null,"ACCOUNTS_RECE_TDAYS":0.839725930703,"INVENTORY_TDAYS":31.099580281458,"CURRENT_ASSETS_TDAYS":0.504843741416,"TOTAL_ASSETS_TDAYS":0.111373430848,"PREMIUM_EXPENSE":null,"LOAN_DEPOSIT":null,"LOAN_EQUITY":null,"LOAN_ASSETS":null,"DEPOSIT_EQUITY":null,"DEPOSIT_ASSETS":null,"EQUITY_MULTIPLIER":2.451705374217,"EQUITY_RATIO":1.807182155258},{"SECUCODE":"00587.HK","SECURITY_CODE":"00587","SECURITY_NAME_ABBR":"海螺环保","ORG_CODE":"10000262952","STD_REPORT_DATE":"2021-12-31 00:00:00","REPORT_DATE":"2021-12-31 00:00:00","DATE_TYPE_CODE":"001","REPORT_TYPE":"2021年年报","PER_NETCASH_OPERATE":null,"PER_OI":null,"BPS":1.325070779121,"BASIC_EPS":0.32,"DILUTED_EPS":0.3,"OPERATE_INCOME":1698153000,"OPERATE_INCOME_YOY":48.4411153584,"GROSS_PROFIT":1015035000,"GROSS_PROFIT_YOY":35.4002841307,"HOLDER_PROFIT":578607000,"HOLDER_PROFIT_YOY":23.3740452807,"GROSS_PROFIT_RATIO":59.77288265545,"EPS_TTM":null,"OPERATE_INCOME_QOQ":4.773877252852,"NET_PROFIT_RATIO":38.0753088797,"ROE_AVG":33.312271128438,"GROSS_PROFIT_QOQ":0.206230144549,"ROA":9.333625738234,"HOLDER_PROFIT_QOQ":-2.201702744776,"ROE_YEARLY":33.312271128438,"ROIC_YEARLY":11.914888447022,"TOTAL_ASSETS":7510221000,"TOTAL_LIABILITIES":4420301000,"TAX_EBT":7.329088034765,"OCF_SALES":45.209177264946,"TOTAL_PARENT_EQUITY":2420593000,"DEBT_ASSET_RATIO":58.8571361615,"OPERATE_PROFIT":739980000,"PRETAX_PROFIT":697713000,"NETCASH_OPERATE":767721000,"NETCASH_INVEST":-2182069000,"NETCASH_FINANCE":1371677000,"END_CASH":596113000,"DIVI_RATIO":null,"DIVIDEND_RATE":4.166666666667,"CURRENT_RATIO":0.854024548409,"COMMON_ACS":15000000000,"CURRENTDEBT_DEBT":45.125230159666,"ISSUED_COMMON_SHARES":1826765059,"HK_COMMON_SHARES":1826765059,"PER_SHARES":500,"TOTAL_MARKET_CAP":1315270842.48,"HKSK_MARKET_CAP":1315270842.48,"PE_TTM":7.994737108625,"PB_TTM":0.396815940224,"REPORT_DATE_SQ":"2020-12-31 00:00:00","REPORT_TYPE_SQ":"2020年年报","OPERATE_INCOME_SQ":1143991000,"DPS_HKD":0.03,"OPERATE_INCOME_QOQ_SQ":55.060235411482,"NET_PROFIT_RATIO_SQ":48.7760830286,"HOLDER_PROFIT_SQ":468986000,"HOLDER_PROFIT_QOQ_SQ":32.739149878012,"ROE_AVG_SQ":44.900741506661,"PE_TTM_SQ":10.265737463909,"PB_TTM_SQ":0.948810742299,"ROA_SQ":12.814553395384,"START_DATE":"2021-01-01 00:00:00","FISCAL_YEAR":"12-31","CURRENCY":"HKD","IS_CNY_CODE":0,"DPS_HKD_LY":null,"ORG_TYPE":"一般企业","PREMIUM_INCOME":null,"PREMIUM_INCOME_YOY":null,"NET_INTEREST_INCOME":null,"NET_INTEREST_INCOME_YOY":null,"FEE_COMMISSION_INCOME":null,"FEE_COMMISSION_INCOME_YOY":null,"ACCOUNTS_RECE_TDAYS":2.013376245131,"INVENTORY_TDAYS":116.74237375032,"CURRENT_ASSETS_TDAYS":1.103646677709,"TOTAL_ASSETS_TDAYS":0.273932471406,"PREMIUM_EXPENSE":null,"LOAN_DEPOSIT":null,"LOAN_EQUITY":null,"LOAN_ASSETS":null,"DEPOSIT_EQUITY":null,"DEPOSIT_ASSETS":null,"EQUITY_MULTIPLIER":2.430555160004,"EQUITY_RATIO":1.826123185517},{"SECUCODE":"00587.HK","SECURITY_CODE":"00587","SECURITY_NAME_ABBR":"海螺环保","ORG_CODE":"10000262952","STD_REPORT_DATE":"2021-09-30 00:00:00","REPORT_DATE":"2021-09-30 00:00:00","DATE_TYPE_CODE":"004","REPORT_TYPE":"2021年三季报","PER_NETCASH_OPERATE":null,"PER_OI":null,"BPS":1.211662106791,"BASIC_EPS":null,"DILUTED_EPS":null,"OPERATE_INCOME":1194369000,"OPERATE_INCOME_YOY":66.4437882274,"GROSS_PROFIT":721653000,"GROSS_PROFIT_YOY":57.441716372649,"HOLDER_PROFIT":401003000,"HOLDER_PROFIT_YOY":44.0612022015,"GROSS_PROFIT_RATIO":60.421276841579,"EPS_TTM":null,"OPERATE_INCOME_QOQ":8.238030587256,"NET_PROFIT_RATIO":38.2857391644,"ROE_AVG":24.551209092084,"GROSS_PROFIT_QOQ":6.657779799435,"ROA":6.818773490371,"HOLDER_PROFIT_QOQ":1.670352784695,"ROE_YEARLY":32.734945456111,"ROIC_YEARLY":8.788029172094,"TOTAL_ASSETS":6873622000,"TOTAL_LIABILITIES":3969593000,"TAX_EBT":7.316791386621,"OCF_SALES":48.294789968594,"TOTAL_PARENT_EQUITY":2213422000,"DEBT_ASSET_RATIO":57.7511099679,"OPERATE_PROFIT":null,"PRETAX_PROFIT":493372000,"NETCASH_OPERATE":576818000,"NETCASH_INVEST":-1737941000,"NETCASH_FINANCE":1026790000,"END_CASH":504451000,"DIVI_RATIO":null,"DIVIDEND_RATE":4.166666666667,"CURRENT_RATIO":0.62550980636,"COMMON_ACS":15000000000,"CURRENTDEBT_DEBT":54.484956014382,"ISSUED_COMMON_SHARES":1826765059,"HK_COMMON_SHARES":1826765059,"PER_SHARES":500,"TOTAL_MARKET_CAP":1315270842.48,"HKSK_MARKET_CAP":1315270842.48,"PE_TTM":7.994737108625,"PB_TTM":0.396815940224,"REPORT_DATE_SQ":"2020-09-30 00:00:00","REPORT_TYPE_SQ":"2020年三季报","OPERATE_INCOME_SQ":717581000,"DPS_HKD":0.03,"OPERATE_INCOME_QOQ_SQ":0,"NET_PROFIT_RATIO_SQ":47.8265171458,"HOLDER_PROFIT_SQ":278356000,"HOLDER_PROFIT_QOQ_SQ":0,"ROE_AVG_SQ":null,"PE_TTM_SQ":10.265737463909,"PB_TTM_SQ":0.948810742299,"ROA_SQ":null,"START_DATE":"2021-01-01 00:00:00","FISCAL_YEAR":"12-31","CURRENCY":"HKD","IS_CNY_CODE":0,"DPS_HKD_LY":null,"ORG_TYPE":"一般企业","PREMIUM_INCOME":null,"PREMIUM_INCOME_YOY":null,"NET_INTEREST_INCOME":null,"NET_INTEREST_INCOME_YOY":null,"FEE_COMMISSION_INCOME":null,"FEE_COMMISSION_INCOME_YOY":null,"ACCOUNTS_RECE_TDAYS":1.657461162654,"INVENTORY_TDAYS":85.374029257721,"CURRENT_ASSETS_TDAYS":0.87604718191,"TOTAL_ASSETS_TDAYS":0.203094033584,"PREMIUM_EXPENSE":null,"LOAN_DEPOSIT":null,"LOAN_EQUITY":null,"LOAN_ASSETS":null,"DEPOSIT_EQUITY":null,"DEPOSIT_ASSETS":null,"EQUITY_MULTIPLIER":2.366926087857,"EQUITY_RATIO":1.793418968457},{"SECUCODE":"00587.HK","SECURITY_CODE":"00587","SECURITY_NAME_ABBR":"海螺环保","ORG_CODE":"10000262952","STD_REPORT_DATE":"2021-06-30 00:00:00","REPORT_DATE":"2021-06-30 00:00:00","DATE_TYPE_CODE":"002","REPORT_TYPE":"2021年中报","PER_NETCASH_OPERATE":null,"PER_OI":null,"BPS":0.480819903836,"BASIC_EPS":0.15,"DILUTED_EPS":0.14,"OPERATE_INCOME":740358000,"OPERATE_INCOME_YOY":91.3425753629,"GROSS_PROFIT":449183000,"GROSS_PROFIT_YOY":80.306436203948,"HOLDER_PROFIT":264930000,"HOLDER_PROFIT_YOY":74.2926126458,"GROSS_PROFIT_RATIO":60.671053733464,"EPS_TTM":null,"OPERATE_INCOME_QOQ":30.894473820161,"NET_PROFIT_RATIO":40.7232717145,"ROE_AVG":27.431301379331,"GROSS_PROFIT_QOQ":26.687076054985,"ROA":4.864160429716,"HOLDER_PROFIT_QOQ":24.078970374382,"ROE_YEARLY":54.862602758661,"ROIC_YEARLY":12.772498221924,"TOTAL_ASSETS":6005032000,"TOTAL_LIABILITIES":4467802000,"TAX_EBT":6.55600013637,"OCF_SALES":40.151926500423,"TOTAL_PARENT_EQUITY":878345000,"DEBT_ASSET_RATIO":74.400969054,"OPERATE_PROFIT":334738000,"PRETAX_PROFIT":322651000,"NETCASH_OPERATE":297268000,"NETCASH_INVEST":-856794000,"NETCASH_FINANCE":417555000,"END_CASH":496813000,"DIVI_RATIO":null,"DIVIDEND_RATE":4.166666666667,"CURRENT_RATIO":0.400010522489,"COMMON_ACS":15000000000,"CURRENTDEBT_DEBT":71.045091076104,"ISSUED_COMMON_SHARES":1826765059,"HK_COMMON_SHARES":1826765059,"PER_SHARES":500,"TOTAL_MARKET_CAP":1315270842.48,"HKSK_MARKET_CAP":1315270842.48,"PE_TTM":7.994737108625,"PB_TTM":0.396815940224,"REPORT_DATE_SQ":"2020-06-30 00:00:00","REPORT_TYPE_SQ":"2020年中报","OPERATE_INCOME_SQ":386928000,"DPS_HKD":0.03,"OPERATE_INCOME_QOQ_SQ":0,"NET_PROFIT_RATIO_SQ":49.5355725096,"HOLDER_PROFIT_SQ":152003000,"HOLDER_PROFIT_QOQ_SQ":0,"ROE_AVG_SQ":null,"PE_TTM_SQ":10.265737463909,"PB_TTM_SQ":0.948810742299,"ROA_SQ":null,"START_DATE":"2021-01-01 00:00:00","FISCAL_YEAR":"12-31","CURRENCY":"HKD","IS_CNY_CODE":0,"DPS_HKD_LY":null,"ORG_TYPE":"一般企业","PREMIUM_INCOME":null,"PREMIUM_INCOME_YOY":null,"NET_INTEREST_INCOME":null,"NET_INTEREST_INCOME_YOY":null,"FEE_COMMISSION_INCOME":null,"FEE_COMMISSION_INCOME_YOY":null,"ACCOUNTS_RECE_TDAYS":1.098256026547,"INVENTORY_TDAYS":53.588846967884,"CURRENT_ASSETS_TDAYS":0.560124923115,"TOTAL_ASSETS_TDAYS":0.135931003942,"PREMIUM_EXPENSE":null,"LOAN_DEPOSIT":null,"LOAN_EQUITY":null,"LOAN_ASSETS":null,"DEPOSIT_EQUITY":null,"DEPOSIT_ASSETS":null,"EQUITY_MULTIPLIER":3.906397871503,"EQUITY_RATIO":5.086614029795},{"SECUCODE":"00587.HK","SECURITY_CODE":"00587","SECURITY_NAME_ABBR":"海螺环保","ORG_CODE":"10000262952","STD_REPORT_DATE":"2020-12-31 00:00:00","REPORT_DATE":"2020-12-31 00:00:00","DATE_TYPE_CODE":"001","REPORT_TYPE":"2020年年报","PER_NETCASH_OPERATE":null,"PER_OI":null,"BPS":0.576562374461,"BASIC_EPS":0.26,"DILUTED_EPS":0.24,"OPERATE_INCOME":1143991000,"OPERATE_INCOME_YOY":55.0602354115,"GROSS_PROFIT":749655000,"GROSS_PROFIT_YOY":40.319138979878,"HOLDER_PROFIT":468986000,"HOLDER_PROFIT_YOY":32.739149878,"GROSS_PROFIT_RATIO":65.529798748417,"EPS_TTM":null,"OPERATE_INCOME_QOQ":55.060235411482,"NET_PROFIT_RATIO":48.7760830286,"ROE_AVG":44.900741506661,"GROSS_PROFIT_QOQ":40.319138979878,"ROA":12.814553395384,"HOLDER_PROFIT_QOQ":32.739149878012,"ROE_YEARLY":44.900741506661,"ROIC_YEARLY":17.628106882139,"TOTAL_ASSETS":4888112000,"TOTAL_LIABILITIES":3086475000,"TAX_EBT":2.81559147276,"OCF_SALES":39.638598555408,"TOTAL_PARENT_EQUITY":1053244000,"DEBT_ASSET_RATIO":63.1424770955,"OPERATE_PROFIT":575266000,"PRETAX_PROFIT":574160000,"NETCASH_OPERATE":453462000,"NETCASH_INVEST":-1634539000,"NETCASH_FINANCE":1570165000,"END_CASH":638784000,"DIVI_RATIO":null,"DIVIDEND_RATE":4.166666666667,"CURRENT_RATIO":0.676112101111,"COMMON_ACS":15000000000,"CURRENTDEBT_DEBT":65.835200349914,"ISSUED_COMMON_SHARES":1826765059,"HK_COMMON_SHARES":1826765059,"PER_SHARES":500,"TOTAL_MARKET_CAP":1315270842.48,"HKSK_MARKET_CAP":1315270842.48,"PE_TTM":7.994737108625,"PB_TTM":0.396815940224,"REPORT_DATE_SQ":"2019-12-31 00:00:00","REPORT_TYPE_SQ":"2019年年报","OPERATE_INCOME_SQ":737772000,"DPS_HKD":0.03,"OPERATE_INCOME_QOQ_SQ":85.997942801823,"NET_PROFIT_RATIO_SQ":57.8311456656,"HOLDER_PROFIT_SQ":353314000,"HOLDER_PROFIT_QOQ_SQ":51.279163865708,"ROE_AVG_SQ":41.898633753094,"PE_TTM_SQ":10.265737463909,"PB_TTM_SQ":0.948810742299,"ROA_SQ":18.730153344735,"START_DATE":"2020-01-01 00:00:00","FISCAL_YEAR":"12-31","CURRENCY":"HKD","IS_CNY_CODE":0,"DPS_HKD_LY":null,"ORG_TYPE":"一般企业","PREMIUM_INCOME":null,"PREMIUM_INCOME_YOY":null,"NET_INTEREST_INCOME":null,"NET_INTEREST_INCOME_YOY":null,"FEE_COMMISSION_INCOME":null,"FEE_COMMISSION_INCOME_YOY":null,"ACCOUNTS_RECE_TDAYS":2.230421512039,"INVENTORY_TDAYS":122.961022762707,"CURRENT_ASSETS_TDAYS":1.149884156301,"TOTAL_ASSETS_TDAYS":0.312583611309,"PREMIUM_EXPENSE":null,"LOAN_DEPOSIT":null,"LOAN_EQUITY":null,"LOAN_ASSETS":null,"DEPOSIT_EQUITY":null,"DEPOSIT_ASSETS":null,"EQUITY_MULTIPLIER":2.713150318297,"EQUITY_RATIO":2.930446316333}],"count":13},"success":true,"message":"ok","code":0}