{"version":"8192515b33aa9df27849403f363edd41","result":{"pages":2,"data":[{"SECUCODE":"00589.HK","SECURITY_CODE":"00589","SECURITY_NAME_ABBR":"建中建设","ORG_CODE":"10000050746","STD_REPORT_DATE":"2023-06-30 00:00:00","REPORT_DATE":"2023-06-30 00:00:00","DATE_TYPE_CODE":"002","REPORT_TYPE":"2023年中报","PER_NETCASH_OPERATE":0.0526112,"PER_OI":0.137688,"BPS":1.1214592,"BASIC_EPS":-0.11,"DILUTED_EPS":-0.11,"OPERATE_INCOME":86055000,"OPERATE_INCOME_YOY":-66.5345756885,"GROSS_PROFIT":6024000,"GROSS_PROFIT_YOY":-74.989620526447,"HOLDER_PROFIT":-70722000,"HOLDER_PROFIT_YOY":-92.0540951553,"GROSS_PROFIT_RATIO":7.000174307129,"EPS_TTM":-0.3999568,"OPERATE_INCOME_QOQ":-32.613486033221,"NET_PROFIT_RATIO":-82.1823252571,"ROE_AVG":-9.603187212045,"GROSS_PROFIT_QOQ":-194.110693175712,"ROA":-4.67588262888,"HOLDER_PROFIT_QOQ":-15.688071271549,"ROE_YEARLY":-19.20637442409,"ROIC_YEARLY":-10.176391066268,"TOTAL_ASSETS":1369838000,"TOTAL_LIABILITIES":668926000,"TAX_EBT":-2.599738865516,"OCF_SALES":38.210446807274,"TOTAL_PARENT_EQUITY":700912000,"DEBT_ASSET_RATIO":48.8324896813,"OPERATE_PROFIT":-61320000,"PRETAX_PROFIT":-68930000,"NETCASH_OPERATE":32882000,"NETCASH_INVEST":41258000,"NETCASH_FINANCE":-129249000,"END_CASH":95306000,"DIVI_RATIO":null,"DIVIDEND_RATE":null,"CURRENT_RATIO":1.617274113604,"COMMON_ACS":2000000000,"CURRENTDEBT_DEBT":89.305991993135,"ISSUED_COMMON_SHARES":625000000,"HK_COMMON_SHARES":625000000,"PER_SHARES":2000,"TOTAL_MARKET_CAP":118750000,"HKSK_MARKET_CAP":118750000,"PE_TTM":-0.430972902818,"PB_TTM":0.156203810179,"REPORT_DATE_SQ":"2022-06-30 00:00:00","REPORT_TYPE_SQ":"2022年中报","OPERATE_INCOME_SQ":257146000,"DPS_HKD":null,"OPERATE_INCOME_QOQ_SQ":-31.006548048185,"NET_PROFIT_RATIO_SQ":-14.3202694189,"HOLDER_PROFIT_SQ":-36824000,"HOLDER_PROFIT_QOQ_SQ":-86.198088507631,"ROE_AVG_SQ":-3.796310185264,"PE_TTM_SQ":-0.430972902818,"PB_TTM_SQ":0.156203810179,"ROA_SQ":-1.78913353056,"START_DATE":"2023-01-01 00:00:00","FISCAL_YEAR":"12-31","CURRENCY":"HKD","IS_CNY_CODE":0,"DPS_HKD_LY":null,"ORG_TYPE":"一般企业","PREMIUM_INCOME":null,"PREMIUM_INCOME_YOY":null,"NET_INTEREST_INCOME":null,"NET_INTEREST_INCOME_YOY":null,"FEE_COMMISSION_INCOME":null,"FEE_COMMISSION_INCOME_YOY":null,"ACCOUNTS_RECE_TDAYS":0.134895659841,"INVENTORY_TDAYS":17.49885208265,"CURRENT_ASSETS_TDAYS":0.081429942146,"TOTAL_ASSETS_TDAYS":0.05689645084,"PREMIUM_EXPENSE":null,"LOAN_DEPOSIT":null,"LOAN_EQUITY":null,"LOAN_ASSETS":null,"DEPOSIT_EQUITY":null,"DEPOSIT_ASSETS":null,"EQUITY_MULTIPLIER":1.954365169951,"EQUITY_RATIO":0.95436516995},{"SECUCODE":"00589.HK","SECURITY_CODE":"00589","SECURITY_NAME_ABBR":"建中建设","ORG_CODE":"10000050746","STD_REPORT_DATE":"2022-12-31 00:00:00","REPORT_DATE":"2022-12-31 00:00:00","DATE_TYPE_CODE":"001","REPORT_TYPE":"2022年年报","PER_NETCASH_OPERATE":0.3383824,"PER_OI":0.8393632,"BPS":1.2351584,"BASIC_EPS":-0.35,"DILUTED_EPS":-0.35,"OPERATE_INCOME":524602000,"OPERATE_INCOME_YOY":-54.100492066,"GROSS_PROFIT":9305000,"GROSS_PROFIT_YOY":-92.951451750964,"HOLDER_PROFIT":-216075000,"HOLDER_PROFIT_YOY":-129.9697737287,"GROSS_PROFIT_RATIO":1.773725605316,"EPS_TTM":-0.34572,"OPERATE_INCOME_QOQ":-33.472660614215,"NET_PROFIT_RATIO":-41.1883675625,"ROE_AVG":-24.547226785361,"GROSS_PROFIT_QOQ":-84.437196855661,"ROA":-11.27097414444,"HOLDER_PROFIT_QOQ":-23.508128129501,"ROE_YEARLY":-24.547226785361,"ROIC_YEARLY":-12.032928708761,"TOTAL_ASSETS":1655131000,"TOTAL_LIABILITIES":883157000,"TAX_EBT":3.671258526147,"OCF_SALES":40.31418103629,"TOTAL_PARENT_EQUITY":771974000,"DEBT_ASSET_RATIO":53.3587371634,"OPERATE_PROFIT":-199457000,"PRETAX_PROFIT":-224310000,"NETCASH_OPERATE":211489000,"NETCASH_INVEST":62793000,"NETCASH_FINANCE":-217565000,"END_CASH":149817000,"DIVI_RATIO":null,"DIVIDEND_RATE":null,"CURRENT_RATIO":1.484019115241,"COMMON_ACS":2000000000,"CURRENTDEBT_DEBT":87.550118495353,"ISSUED_COMMON_SHARES":625000000,"HK_COMMON_SHARES":625000000,"PER_SHARES":2000,"TOTAL_MARKET_CAP":118750000,"HKSK_MARKET_CAP":118750000,"PE_TTM":-0.430972902818,"PB_TTM":0.156203810179,"REPORT_DATE_SQ":"2021-12-31 00:00:00","REPORT_TYPE_SQ":"2021年年报","OPERATE_INCOME_SQ":1142936000,"DPS_HKD":null,"OPERATE_INCOME_QOQ_SQ":-10.539968096281,"NET_PROFIT_RATIO_SQ":-8.2207577677,"HOLDER_PROFIT_SQ":-93958000,"HOLDER_PROFIT_QOQ_SQ":-282.890177911006,"ROE_AVG_SQ":-9.026373114362,"PE_TTM_SQ":-0.555728216791,"PB_TTM_SQ":0.201420702599,"ROA_SQ":-4.220012113256,"START_DATE":"2022-01-01 00:00:00","FISCAL_YEAR":"12-31","CURRENCY":"HKD","IS_CNY_CODE":0,"DPS_HKD_LY":null,"ORG_TYPE":"一般企业","PREMIUM_INCOME":null,"PREMIUM_INCOME_YOY":null,"NET_INTEREST_INCOME":null,"NET_INTEREST_INCOME_YOY":null,"FEE_COMMISSION_INCOME":null,"FEE_COMMISSION_INCOME_YOY":null,"ACCOUNTS_RECE_TDAYS":0.725450120309,"INVENTORY_TDAYS":47.162456525718,"CURRENT_ASSETS_TDAYS":0.402793747123,"TOTAL_ASSETS_TDAYS":0.273644594614,"PREMIUM_EXPENSE":null,"LOAN_DEPOSIT":null,"LOAN_EQUITY":null,"LOAN_ASSETS":null,"DEPOSIT_EQUITY":null,"DEPOSIT_ASSETS":null,"EQUITY_MULTIPLIER":2.14402428061,"EQUITY_RATIO":1.14402428061},{"SECUCODE":"00589.HK","SECURITY_CODE":"00589","SECURITY_NAME_ABBR":"建中建设","ORG_CODE":"10000050746","STD_REPORT_DATE":"2022-06-30 00:00:00","REPORT_DATE":"2022-06-30 00:00:00","DATE_TYPE_CODE":"002","REPORT_TYPE":"2022年中报","PER_NETCASH_OPERATE":0.1942304,"PER_OI":0.4114336,"BPS":1.5223664,"BASIC_EPS":-0.06,"DILUTED_EPS":-0.06,"OPERATE_INCOME":257146000,"OPERATE_INCOME_YOY":-57.9504554961,"GROSS_PROFIT":24086000,"GROSS_PROFIT_YOY":-74.990914660105,"HOLDER_PROFIT":-36824000,"HOLDER_PROFIT_YOY":-183.3763528506,"GROSS_PROFIT_RATIO":9.366663296337,"EPS_TTM":-0.2799168,"OPERATE_INCOME_QOQ":-31.006548048185,"NET_PROFIT_RATIO":-14.3202694189,"ROE_AVG":-3.796310185264,"GROSS_PROFIT_QOQ":-54.709005931234,"ROA":-1.78913353056,"HOLDER_PROFIT_QOQ":-86.198088507631,"ROE_YEARLY":-7.592620370528,"ROIC_YEARLY":-3.748534456279,"TOTAL_ASSETS":1937352000,"TOTAL_LIABILITIES":985873000,"TAX_EBT":8.995650454725,"OCF_SALES":47.208200788657,"TOTAL_PARENT_EQUITY":951479000,"DEBT_ASSET_RATIO":50.8876549022,"OPERATE_PROFIT":-28568000,"PRETAX_PROFIT":-40464000,"NETCASH_OPERATE":121394000,"NETCASH_INVEST":-10021000,"NETCASH_FINANCE":-110395000,"END_CASH":94004000,"DIVI_RATIO":null,"DIVIDEND_RATE":null,"CURRENT_RATIO":1.552778738474,"COMMON_ACS":2000000000,"CURRENTDEBT_DEBT":83.293081360378,"ISSUED_COMMON_SHARES":625000000,"HK_COMMON_SHARES":625000000,"PER_SHARES":2000,"TOTAL_MARKET_CAP":118750000,"HKSK_MARKET_CAP":118750000,"PE_TTM":-0.430972902818,"PB_TTM":0.156203810179,"REPORT_DATE_SQ":"2021-06-30 00:00:00","REPORT_TYPE_SQ":"2021年中报","OPERATE_INCOME_SQ":611531000,"DPS_HKD":null,"OPERATE_INCOME_QOQ_SQ":-0.091885242761,"NET_PROFIT_RATIO_SQ":7.2222013275,"HOLDER_PROFIT_SQ":44166000,"HOLDER_PROFIT_QOQ_SQ":-14.018410041841,"ROE_AVG_SQ":3.979049761546,"PE_TTM_SQ":-0.555728216791,"PB_TTM_SQ":0.201420702599,"ROA_SQ":1.903663817952,"START_DATE":"2022-01-01 00:00:00","FISCAL_YEAR":"12-31","CURRENCY":"HKD","IS_CNY_CODE":0,"DPS_HKD_LY":null,"ORG_TYPE":"一般企业","PREMIUM_INCOME":null,"PREMIUM_INCOME_YOY":null,"NET_INTEREST_INCOME":null,"NET_INTEREST_INCOME_YOY":null,"FEE_COMMISSION_INCOME":null,"FEE_COMMISSION_INCOME_YOY":null,"ACCOUNTS_RECE_TDAYS":0.347268166364,"INVENTORY_TDAYS":13.584751690371,"CURRENT_ASSETS_TDAYS":0.188216298036,"TOTAL_ASSETS_TDAYS":0.124937141769,"PREMIUM_EXPENSE":null,"LOAN_DEPOSIT":null,"LOAN_EQUITY":null,"LOAN_ASSETS":null,"DEPOSIT_EQUITY":null,"DEPOSIT_ASSETS":null,"EQUITY_MULTIPLIER":2.036147933903,"EQUITY_RATIO":1.036147933901},{"SECUCODE":"00589.HK","SECURITY_CODE":"00589","SECURITY_NAME_ABBR":"建中建设","ORG_CODE":"10000050746","STD_REPORT_DATE":"2021-12-31 00:00:00","REPORT_DATE":"2021-12-31 00:00:00","DATE_TYPE_CODE":"001","REPORT_TYPE":"2021年年报","PER_NETCASH_OPERATE":0.4386528,"PER_OI":1.8286976,"BPS":1.581616,"BASIC_EPS":-0.15,"DILUTED_EPS":-0.15,"OPERATE_INCOME":1142936000,"OPERATE_INCOME_YOY":-10.6221686638,"GROSS_PROFIT":132013000,"GROSS_PROFIT_YOY":-54.230647884589,"HOLDER_PROFIT":-93958000,"HOLDER_PROFIT_YOY":-257.2518828452,"GROSS_PROFIT_RATIO":11.550340526504,"EPS_TTM":-0.1503328,"OPERATE_INCOME_QOQ":-10.539968096281,"NET_PROFIT_RATIO":-8.2207577677,"ROE_AVG":-9.026373114362,"GROSS_PROFIT_QOQ":-40.602643821933,"ROA":-4.220012113256,"HOLDER_PROFIT_QOQ":-282.890177911006,"ROE_YEARLY":-9.026373114362,"ROIC_YEARLY":-4.518171649937,"TOTAL_ASSETS":2179054000,"TOTAL_LIABILITIES":1190544000,"TAX_EBT":20.354327371366,"OCF_SALES":23.987169885278,"TOTAL_PARENT_EQUITY":988510000,"DEBT_ASSET_RATIO":54.6358190297,"OPERATE_PROFIT":-83072000,"PRETAX_PROFIT":-117970000,"NETCASH_OPERATE":274158000,"NETCASH_INVEST":-242344000,"NETCASH_FINANCE":-139721000,"END_CASH":92973000,"DIVI_RATIO":null,"DIVIDEND_RATE":null,"CURRENT_RATIO":1.479176456856,"COMMON_ACS":2000000000,"CURRENTDEBT_DEBT":82.756706178016,"ISSUED_COMMON_SHARES":625000000,"HK_COMMON_SHARES":625000000,"PER_SHARES":2000,"TOTAL_MARKET_CAP":118750000,"HKSK_MARKET_CAP":118750000,"PE_TTM":-0.430972902818,"PB_TTM":0.156203810179,"REPORT_DATE_SQ":"2020-12-31 00:00:00","REPORT_TYPE_SQ":"2020年年报","OPERATE_INCOME_SQ":1278769000,"DPS_HKD":null,"OPERATE_INCOME_QOQ_SQ":-11.689236364088,"NET_PROFIT_RATIO_SQ":4.6724623446,"HOLDER_PROFIT_SQ":59750000,"HOLDER_PROFIT_QOQ_SQ":-62.979255991474,"ROE_AVG_SQ":6.232147765006,"PE_TTM_SQ":-0.555728216791,"PB_TTM_SQ":0.201420702599,"ROA_SQ":3.115289973537,"START_DATE":"2021-01-01 00:00:00","FISCAL_YEAR":"12-31","CURRENCY":"HKD","IS_CNY_CODE":0,"DPS_HKD_LY":0.0208,"ORG_TYPE":"一般企业","PREMIUM_INCOME":null,"PREMIUM_INCOME_YOY":null,"NET_INTEREST_INCOME":null,"NET_INTEREST_INCOME_YOY":null,"FEE_COMMISSION_INCOME":null,"FEE_COMMISSION_INCOME_YOY":null,"ACCOUNTS_RECE_TDAYS":1.374613330768,"INVENTORY_TDAYS":44.392271379954,"CURRENT_ASSETS_TDAYS":0.715483574726,"TOTAL_ASSETS_TDAYS":0.513336146435,"PREMIUM_EXPENSE":null,"LOAN_DEPOSIT":null,"LOAN_EQUITY":null,"LOAN_ASSETS":null,"DEPOSIT_EQUITY":null,"DEPOSIT_ASSETS":null,"EQUITY_MULTIPLIER":2.204382353237,"EQUITY_RATIO":1.204382353239},{"SECUCODE":"00589.HK","SECURITY_CODE":"00589","SECURITY_NAME_ABBR":"建中建设","ORG_CODE":"10000050746","STD_REPORT_DATE":"2021-06-30 00:00:00","REPORT_DATE":"2021-06-30 00:00:00","DATE_TYPE_CODE":"002","REPORT_TYPE":"2021年中报","PER_NETCASH_OPERATE":0.1376592,"PER_OI":0.9784496,"BPS":1.8025312,"BASIC_EPS":0.07,"DILUTED_EPS":0.07,"OPERATE_INCOME":611531000,"OPERATE_INCOME_YOY":-0.1917722366,"GROSS_PROFIT":96309000,"GROSS_PROFIT_YOY":-40.727816550349,"HOLDER_PROFIT":44166000,"HOLDER_PROFIT_YOY":-15.9415324883,"GROSS_PROFIT_RATIO":15.748833665015,"EPS_TTM":0.0821984,"OPERATE_INCOME_QOQ":-0.091885242761,"NET_PROFIT_RATIO":7.2222013275,"ROE_AVG":3.979049761546,"GROSS_PROFIT_QOQ":-22.94378898246,"ROA":1.903663817952,"HOLDER_PROFIT_QOQ":-14.018410041841,"ROE_YEARLY":7.958099523092,"ROIC_YEARLY":4.112566205556,"TOTAL_ASSETS":2366186000,"TOTAL_LIABILITIES":1239604000,"TAX_EBT":13.877893258975,"OCF_SALES":14.069115057127,"TOTAL_PARENT_EQUITY":1126582000,"DEBT_ASSET_RATIO":52.3882737874,"OPERATE_PROFIT":70485000,"PRETAX_PROFIT":51283000,"NETCASH_OPERATE":86037000,"NETCASH_INVEST":-107624000,"NETCASH_FINANCE":-35771000,"END_CASH":143509000,"DIVI_RATIO":null,"DIVIDEND_RATE":null,"CURRENT_RATIO":1.608738498911,"COMMON_ACS":2000000000,"CURRENTDEBT_DEBT":86.607819916683,"ISSUED_COMMON_SHARES":625000000,"HK_COMMON_SHARES":625000000,"PER_SHARES":2000,"TOTAL_MARKET_CAP":118750000,"HKSK_MARKET_CAP":118750000,"PE_TTM":-0.430972902818,"PB_TTM":0.156203810179,"REPORT_DATE_SQ":"2020-06-30 00:00:00","REPORT_TYPE_SQ":"2020年中报","OPERATE_INCOME_SQ":612706000,"DPS_HKD":null,"OPERATE_INCOME_QOQ_SQ":-8.248860423592,"NET_PROFIT_RATIO_SQ":8.5754015792,"HOLDER_PROFIT_SQ":52542000,"HOLDER_PROFIT_QOQ_SQ":-9.955367105557,"ROE_AVG_SQ":5.49869968133,"PE_TTM_SQ":-0.555728216791,"PB_TTM_SQ":0.201420702599,"ROA_SQ":3.023731997279,"START_DATE":"2021-01-01 00:00:00","FISCAL_YEAR":"12-31","CURRENCY":"HKD","IS_CNY_CODE":0,"DPS_HKD_LY":0.0208,"ORG_TYPE":"一般企业","PREMIUM_INCOME":null,"PREMIUM_INCOME_YOY":null,"NET_INTEREST_INCOME":null,"NET_INTEREST_INCOME_YOY":null,"FEE_COMMISSION_INCOME":null,"FEE_COMMISSION_INCOME_YOY":null,"ACCOUNTS_RECE_TDAYS":0.700508544568,"INVENTORY_TDAYS":15.288940324639,"CURRENT_ASSETS_TDAYS":0.353013843618,"TOTAL_ASSETS_TDAYS":0.263584983529,"PREMIUM_EXPENSE":null,"LOAN_DEPOSIT":null,"LOAN_EQUITY":null,"LOAN_ASSETS":null,"DEPOSIT_EQUITY":null,"DEPOSIT_ASSETS":null,"EQUITY_MULTIPLIER":2.100322923674,"EQUITY_RATIO":1.100322923675},{"SECUCODE":"00589.HK","SECURITY_CODE":"00589","SECURITY_NAME_ABBR":"建中建设","ORG_CODE":"10000050746","STD_REPORT_DATE":"2020-12-31 00:00:00","REPORT_DATE":"2020-12-31 00:00:00","DATE_TYPE_CODE":"001","REPORT_TYPE":"2020年年报","PER_NETCASH_OPERATE":-0.3437344,"PER_OI":2.0460304,"BPS":1.749352,"BASIC_EPS":0.1,"DILUTED_EPS":0.1,"OPERATE_INCOME":1278769000,"OPERATE_INCOME_YOY":-18.9738679954,"GROSS_PROFIT":288431000,"GROSS_PROFIT_YOY":-18.527609788065,"HOLDER_PROFIT":59750000,"HOLDER_PROFIT_YOY":-66.6648069627,"GROSS_PROFIT_RATIO":22.555363791271,"EPS_TTM":0.0956,"OPERATE_INCOME_QOQ":-11.689236364088,"NET_PROFIT_RATIO":4.6724623446,"ROE_AVG":6.232147765006,"GROSS_PROFIT_QOQ":-20.297167869173,"ROA":3.115289973537,"HOLDER_PROFIT_QOQ":-62.979255991474,"ROE_YEARLY":6.232147765006,"ROIC_YEARLY":3.383288029361,"TOTAL_ASSETS":2273919000,"TOTAL_LIABILITIES":1180574000,"TAX_EBT":13.467247896421,"OCF_SALES":-16.800063185767,"TOTAL_PARENT_EQUITY":1093345000,"DEBT_ASSET_RATIO":51.9180322606,"OPERATE_PROFIT":87507000,"PRETAX_PROFIT":69049000,"NETCASH_OPERATE":-214834000,"NETCASH_INVEST":-115797000,"NETCASH_FINANCE":429675000,"END_CASH":200884000,"DIVI_RATIO":null,"DIVIDEND_RATE":null,"CURRENT_RATIO":1.630232586506,"COMMON_ACS":2000000000,"CURRENTDEBT_DEBT":90.277864835241,"ISSUED_COMMON_SHARES":625000000,"HK_COMMON_SHARES":625000000,"PER_SHARES":2000,"TOTAL_MARKET_CAP":118750000,"HKSK_MARKET_CAP":118750000,"PE_TTM":-0.430972902818,"PB_TTM":0.156203810179,"REPORT_DATE_SQ":"2019-12-31 00:00:00","REPORT_TYPE_SQ":"2019年年报","OPERATE_INCOME_SQ":1578218000,"DPS_HKD":null,"OPERATE_INCOME_QOQ_SQ":0.62746393246,"NET_PROFIT_RATIO_SQ":11.3571128957,"HOLDER_PROFIT_SQ":179240000,"HOLDER_PROFIT_QOQ_SQ":-9.417561591914,"ROE_AVG_SQ":25.955746061168,"PE_TTM_SQ":-0.555728216791,"PB_TTM_SQ":0.201420702599,"ROA_SQ":12.771029911884,"START_DATE":"2020-01-01 00:00:00","FISCAL_YEAR":"12-31","CURRENCY":"HKD","IS_CNY_CODE":0,"DPS_HKD_LY":null,"ORG_TYPE":"一般企业","PREMIUM_INCOME":null,"PREMIUM_INCOME_YOY":null,"NET_INTEREST_INCOME":null,"NET_INTEREST_INCOME_YOY":null,"FEE_COMMISSION_INCOME":null,"FEE_COMMISSION_INCOME_YOY":null,"ACCOUNTS_RECE_TDAYS":1.883400985024,"INVENTORY_TDAYS":36.124605591931,"CURRENT_ASSETS_TDAYS":0.896155750431,"TOTAL_ASSETS_TDAYS":0.666734099443,"PREMIUM_EXPENSE":null,"LOAN_DEPOSIT":null,"LOAN_EQUITY":null,"LOAN_ASSETS":null,"DEPOSIT_EQUITY":null,"DEPOSIT_ASSETS":null,"EQUITY_MULTIPLIER":2.079781770621,"EQUITY_RATIO":1.079781770621},{"SECUCODE":"00589.HK","SECURITY_CODE":"00589","SECURITY_NAME_ABBR":"建中建设","ORG_CODE":"10000050746","STD_REPORT_DATE":"2020-06-30 00:00:00","REPORT_DATE":"2020-06-30 00:00:00","DATE_TYPE_CODE":"002","REPORT_TYPE":"2020年中报","PER_NETCASH_OPERATE":-0.172072,"PER_OI":0.9803296,"BPS":1.7391008,"BASIC_EPS":0.09,"DILUTED_EPS":0.09,"OPERATE_INCOME":612706000,"OPERATE_INCOME_YOY":-17.5241051514,"GROSS_PROFIT":162486000,"GROSS_PROFIT_YOY":5.083233091459,"HOLDER_PROFIT":52542000,"HOLDER_PROFIT_YOY":-25.3516324269,"GROSS_PROFIT_RATIO":26.519407350344,"EPS_TTM":0.2582336,"OPERATE_INCOME_QOQ":-8.248860423592,"NET_PROFIT_RATIO":8.5754015792,"ROE_AVG":5.49869968133,"GROSS_PROFIT_QOQ":2.220194733111,"ROA":3.023731997279,"HOLDER_PROFIT_QOQ":-9.955367105557,"ROE_YEARLY":10.997399362661,"ROIC_YEARLY":6.535330675269,"TOTAL_ASSETS":1913308000,"TOTAL_LIABILITIES":826370000,"TAX_EBT":17.135332061129,"OCF_SALES":-17.552463987622,"TOTAL_PARENT_EQUITY":1086938000,"DEBT_ASSET_RATIO":43.1906415486,"OPERATE_PROFIT":70309000,"PRETAX_PROFIT":63407000,"NETCASH_OPERATE":-107545000,"NETCASH_INVEST":-35485000,"NETCASH_FINANCE":196528000,"END_CASH":156466000,"DIVI_RATIO":null,"DIVIDEND_RATE":null,"CURRENT_RATIO":1.952278363421,"COMMON_ACS":2000000000,"CURRENTDEBT_DEBT":91.444994372981,"ISSUED_COMMON_SHARES":625000000,"HK_COMMON_SHARES":625000000,"PER_SHARES":2000,"TOTAL_MARKET_CAP":118750000,"HKSK_MARKET_CAP":118750000,"PE_TTM":-0.430972902818,"PB_TTM":0.156203810179,"REPORT_DATE_SQ":"2019-06-30 00:00:00","REPORT_TYPE_SQ":"2019年中报","OPERATE_INCOME_SQ":742891000,"DPS_HKD":null,"OPERATE_INCOME_QOQ_SQ":0,"NET_PROFIT_RATIO_SQ":9.4746066381,"HOLDER_PROFIT_SQ":70386000,"HOLDER_PROFIT_QOQ_SQ":0,"ROE_AVG_SQ":null,"PE_TTM_SQ":-0.555728216791,"PB_TTM_SQ":0.201420702599,"ROA_SQ":null,"START_DATE":"2020-01-01 00:00:00","FISCAL_YEAR":"12-31","CURRENCY":"HKD","IS_CNY_CODE":0,"DPS_HKD_LY":null,"ORG_TYPE":"一般企业","PREMIUM_INCOME":null,"PREMIUM_INCOME_YOY":null,"NET_INTEREST_INCOME":null,"NET_INTEREST_INCOME_YOY":null,"FEE_COMMISSION_INCOME":null,"FEE_COMMISSION_INCOME_YOY":null,"ACCOUNTS_RECE_TDAYS":0.981096424966,"INVENTORY_TDAYS":15.047208435688,"CURRENT_ASSETS_TDAYS":0.472823889295,"TOTAL_ASSETS_TDAYS":0.352605294265,"PREMIUM_EXPENSE":null,"LOAN_DEPOSIT":null,"LOAN_EQUITY":null,"LOAN_ASSETS":null,"DEPOSIT_EQUITY":null,"DEPOSIT_ASSETS":null,"EQUITY_MULTIPLIER":1.760273355059,"EQUITY_RATIO":0.760273355058},{"SECUCODE":"00589.HK","SECURITY_CODE":"00589","SECURITY_NAME_ABBR":"建中建设","ORG_CODE":"10000050746","STD_REPORT_DATE":"2019-12-31 00:00:00","REPORT_DATE":"2019-12-31 00:00:00","DATE_TYPE_CODE":"001","REPORT_TYPE":"2019年年报","PER_NETCASH_OPERATE":null,"PER_OI":null,"BPS":1.3186112,"BASIC_EPS":0.38,"DILUTED_EPS":0.38,"OPERATE_INCOME":1578218000,"OPERATE_INCOME_YOY":32.3175854119,"GROSS_PROFIT":354023000,"GROSS_PROFIT_YOY":23.991496276994,"HOLDER_PROFIT":179240000,"HOLDER_PROFIT_YOY":27.5784019246,"GROSS_PROFIT_RATIO":22.431818671438,"EPS_TTM":null,"OPERATE_INCOME_QOQ":0.62746393246,"NET_PROFIT_RATIO":11.3571128957,"ROE_AVG":25.955746061168,"GROSS_PROFIT_QOQ":-6.80171642184,"ROA":12.771029911884,"HOLDER_PROFIT_QOQ":-9.417561591914,"ROE_YEARLY":25.955746061168,"ROIC_YEARLY":13.733613563208,"TOTAL_ASSETS":1562000000,"TOTAL_LIABILITIES":737868000,"TAX_EBT":13.960119430497,"OCF_SALES":5.096634305273,"TOTAL_PARENT_EQUITY":824132000,"DEBT_ASSET_RATIO":47.2386683739,"OPERATE_PROFIT":225685000,"PRETAX_PROFIT":208322000,"NETCASH_OPERATE":80436000,"NETCASH_INVEST":-78083000,"NETCASH_FINANCE":6843000,"END_CASH":102968000,"DIVI_RATIO":null,"DIVIDEND_RATE":null,"CURRENT_RATIO":1.680885308842,"COMMON_ACS":2000000000,"CURRENTDEBT_DEBT":90.012712300845,"ISSUED_COMMON_SHARES":625000000,"HK_COMMON_SHARES":625000000,"PER_SHARES":2000,"TOTAL_MARKET_CAP":118750000,"HKSK_MARKET_CAP":118750000,"PE_TTM":-0.430972902818,"PB_TTM":0.156203810179,"REPORT_DATE_SQ":"2018-12-31 00:00:00","REPORT_TYPE_SQ":"2018年年报","OPERATE_INCOME_SQ":1192750000,"DPS_HKD":null,"OPERATE_INCOME_QOQ_SQ":139.096574769924,"NET_PROFIT_RATIO_SQ":11.7789981136,"HOLDER_PROFIT_SQ":140494000,"HOLDER_PROFIT_QOQ_SQ":107.988275178019,"ROE_AVG_SQ":32.301852435158,"PE_TTM_SQ":-0.555728216791,"PB_TTM_SQ":0.201420702599,"ROA_SQ":13.934627441082,"START_DATE":"2019-01-01 00:00:00","FISCAL_YEAR":"12-31","CURRENCY":"HKD","IS_CNY_CODE":0,"DPS_HKD_LY":null,"ORG_TYPE":"一般企业","PREMIUM_INCOME":null,"PREMIUM_INCOME_YOY":null,"NET_INTEREST_INCOME":null,"NET_INTEREST_INCOME_YOY":null,"FEE_COMMISSION_INCOME":null,"FEE_COMMISSION_INCOME_YOY":null,"ACCOUNTS_RECE_TDAYS":3.749631444086,"INVENTORY_TDAYS":35.412062481921,"CURRENT_ASSETS_TDAYS":1.67506258063,"TOTAL_ASSETS_TDAYS":1.12449616634,"PREMIUM_EXPENSE":null,"LOAN_DEPOSIT":null,"LOAN_EQUITY":null,"LOAN_ASSETS":null,"DEPOSIT_EQUITY":null,"DEPOSIT_ASSETS":null,"EQUITY_MULTIPLIER":1.895327447546,"EQUITY_RATIO":0.895327447545},{"SECUCODE":"00589.HK","SECURITY_CODE":"00589","SECURITY_NAME_ABBR":"建中建设","ORG_CODE":"10000050746","STD_REPORT_DATE":"2019-09-30 00:00:00","REPORT_DATE":"2019-09-30 00:00:00","DATE_TYPE_CODE":"004","REPORT_TYPE":"2019年三季报","PER_NETCASH_OPERATE":null,"PER_OI":null,"BPS":1.2478112,"BASIC_EPS":null,"DILUTED_EPS":null,"OPERATE_INCOME":1229737000,"OPERATE_INCOME_YOY":43.9787615178,"GROSS_PROFIT":282848000,"GROSS_PROFIT_YOY":50.044029494457,"HOLDER_PROFIT":134995000,"HOLDER_PROFIT_YOY":73.9312495168,"GROSS_PROFIT_RATIO":23.000690391523,"EPS_TTM":null,"OPERATE_INCOME_QOQ":31.492517291972,"NET_PROFIT_RATIO":10.9775504844,"ROE_AVG":20.195680956264,"GROSS_PROFIT_QOQ":33.040536280917,"ROA":9.632341320029,"HOLDER_PROFIT_QOQ":40.842313550757,"ROE_YEARLY":26.927574608351,"ROIC_YEARLY":10.239790645415,"TOTAL_ASSETS":1557975000,"TOTAL_LIABILITIES":778093000,"TAX_EBT":26.163649291692,"OCF_SALES":4.999686924928,"TOTAL_PARENT_EQUITY":779882000,"DEBT_ASSET_RATIO":49.9425857283,"OPERATE_PROFIT":null,"PRETAX_PROFIT":182830000,"NETCASH_OPERATE":61483000,"NETCASH_INVEST":-71133000,"NETCASH_FINANCE":-11616000,"END_CASH":72506000,"DIVI_RATIO":null,"DIVIDEND_RATE":null,"CURRENT_RATIO":1.419232289916,"COMMON_ACS":2000000000,"CURRENTDEBT_DEBT":98.816465383958,"ISSUED_COMMON_SHARES":625000000,"HK_COMMON_SHARES":625000000,"PER_SHARES":2000,"TOTAL_MARKET_CAP":118750000,"HKSK_MARKET_CAP":118750000,"PE_TTM":-0.430972902818,"PB_TTM":0.156203810179,"REPORT_DATE_SQ":"2018-09-30 00:00:00","REPORT_TYPE_SQ":"2018年三季报","OPERATE_INCOME_SQ":854110000,"DPS_HKD":null,"OPERATE_INCOME_QOQ_SQ":0,"NET_PROFIT_RATIO_SQ":9.087119926,"HOLDER_PROFIT_SQ":77614000,"HOLDER_PROFIT_QOQ_SQ":0,"ROE_AVG_SQ":null,"PE_TTM_SQ":-0.555728216791,"PB_TTM_SQ":0.201420702599,"ROA_SQ":null,"START_DATE":"2019-01-01 00:00:00","FISCAL_YEAR":"12-31","CURRENCY":"HKD","IS_CNY_CODE":0,"DPS_HKD_LY":null,"ORG_TYPE":"一般企业","PREMIUM_INCOME":null,"PREMIUM_INCOME_YOY":null,"NET_INTEREST_INCOME":null,"NET_INTEREST_INCOME_YOY":null,"FEE_COMMISSION_INCOME":null,"FEE_COMMISSION_INCOME_YOY":null,"ACCOUNTS_RECE_TDAYS":2.733183161325,"INVENTORY_TDAYS":26.367658934588,"CURRENT_ASSETS_TDAYS":1.322872516663,"TOTAL_ASSETS_TDAYS":0.877458166441,"PREMIUM_EXPENSE":null,"LOAN_DEPOSIT":null,"LOAN_EQUITY":null,"LOAN_ASSETS":null,"DEPOSIT_EQUITY":null,"DEPOSIT_ASSETS":null,"EQUITY_MULTIPLIER":1.997706063226,"EQUITY_RATIO":0.997706063225}],"count":14},"success":true,"message":"ok","code":0}