{"version":"4809ed13e31daac2d80e48376e08c37f","result":{"pages":9,"data":[{"SECUCODE":"00588.HK","SECURITY_CODE":"00588","SECURITY_NAME_ABBR":"北京北辰实业股份","ORG_CODE":"10008984","STD_REPORT_DATE":"2024-09-30 00:00:00","REPORT_DATE":"2024-09-30 00:00:00","DATE_TYPE_CODE":"004","REPORT_TYPE":"2024年三季报","PER_NETCASH_OPERATE":0.153319854649,"PER_OI":1.405084206212,"BPS":3.442047583323,"BASIC_EPS":-0.28,"DILUTED_EPS":-0.28,"OPERATE_INCOME":4730946624,"OPERATE_INCOME_YOY":-54.9002595232,"GROSS_PROFIT":1383430381,"GROSS_PROFIT_YOY":-38.305299767637,"HOLDER_PROFIT":-928101569,"HOLDER_PROFIT_YOY":-3505.4322992874,"GROSS_PROFIT_RATIO":29.242147311109,"EPS_TTM":-0.24203839894,"OPERATE_INCOME_QOQ":-16.11759517742,"NET_PROFIT_RATIO":-22.2515681885,"ROE_AVG":-7.596485101301,"GROSS_PROFIT_QOQ":-2.025532789016,"ROA":-1.575929689981,"HOLDER_PROFIT_QOQ":-6.929068057139,"ROE_YEARLY":-10.128646801735,"ROIC_YEARLY":-1.938321614381,"TOTAL_ASSETS":52628814650,"TOTAL_LIABILITIES":38487368101,"TAX_EBT":-15.627980201164,"OCF_SALES":10.911791191665,"TOTAL_PARENT_EQUITY":11589443054,"DEBT_ASSET_RATIO":73.1298402918,"OPERATE_PROFIT":-348776459,"PRETAX_PROFIT":-910428265,"NETCASH_OPERATE":516231017,"NETCASH_INVEST":-706930,"NETCASH_FINANCE":-1512932165,"END_CASH":7508073472,"DIVI_RATIO":-0.082445448687,"DIVIDEND_RATE":3.058333333333,"CURRENT_RATIO":1.901662316169,"COMMON_ACS":null,"CURRENTDEBT_DEBT":55.863183189295,"ISSUED_COMMON_SHARES":3367020000,"HK_COMMON_SHARES":707020000,"PER_SHARES":2000,"TOTAL_MARKET_CAP":2424254400,"HKSK_MARKET_CAP":509054400,"PE_TTM":-2.68187534198,"PB_TTM":0.188634463726,"REPORT_DATE_SQ":"2023-09-30 00:00:00","REPORT_TYPE_SQ":"2023年三季报","OPERATE_INCOME_SQ":10489964186,"DPS_HKD":0.02202,"OPERATE_INCOME_QOQ_SQ":9.654324050676,"NET_PROFIT_RATIO_SQ":-0.2634408327,"HOLDER_PROFIT_SQ":27253561,"HOLDER_PROFIT_QOQ_SQ":18.496560902724,"ROE_AVG_SQ":0.169135429593,"PE_TTM_SQ":-3.066559263457,"PB_TTM_SQ":0.163960359469,"ROA_SQ":0.039638296916,"START_DATE":"2024-01-01 00:00:00","FISCAL_YEAR":"12-31","CURRENCY":"HKD","IS_CNY_CODE":0,"DPS_HKD_LY":0.02202,"ORG_TYPE":"一般企业","PREMIUM_INCOME":null,"PREMIUM_INCOME_YOY":null,"NET_INTEREST_INCOME":null,"NET_INTEREST_INCOME_YOY":null,"FEE_COMMISSION_INCOME":null,"FEE_COMMISSION_INCOME_YOY":null,"ACCOUNTS_RECE_TDAYS":19.068695577539,"INVENTORY_TDAYS":0.110843015589,"CURRENT_ASSETS_TDAYS":0.111890199315,"TOTAL_ASSETS_TDAYS":0.080332147854,"PREMIUM_EXPENSE":null,"LOAN_DEPOSIT":null,"LOAN_EQUITY":null,"LOAN_ASSETS":null,"DEPOSIT_EQUITY":null,"DEPOSIT_ASSETS":null,"EQUITY_MULTIPLIER":3.721600507253,"EQUITY_RATIO":3.320898849209},{"SECUCODE":"00588.HK","SECURITY_CODE":"00588","SECURITY_NAME_ABBR":"北京北辰实业股份","ORG_CODE":"10008984","STD_REPORT_DATE":"2024-06-30 00:00:00","REPORT_DATE":"2024-06-30 00:00:00","DATE_TYPE_CODE":"002","REPORT_TYPE":"2024年中报","PER_NETCASH_OPERATE":-0.135603590118,"PER_OI":1.018666654787,"BPS":5.478598582723,"BASIC_EPS":-0.2286,"DILUTED_EPS":-0.2286,"OPERATE_INCOME":3429871000,"OPERATE_INCOME_YOY":-52.8143514701,"GROSS_PROFIT":487882000,"GROSS_PROFIT_YOY":-62.21252694364,"HOLDER_PROFIT":-769580000,"HOLDER_PROFIT_YOY":-678.7795376262,"GROSS_PROFIT_RATIO":14.224499988484,"EPS_TTM":-0.22635416481,"OPERATE_INCOME_QOQ":-10.362933632136,"NET_PROFIT_RATIO":-25.6695368426,"ROE_AVG":-4.918680152208,"GROSS_PROFIT_QOQ":-20.567312567731,"ROA":-1.21497300538,"HOLDER_PROFIT_QOQ":-1054.35906602908,"ROE_YEARLY":-9.837360304415,"ROIC_YEARLY":-2.915700396686,"TOTAL_ASSETS":61526823000,"TOTAL_LIABILITIES":40465893000,"TAX_EBT":-24.553243019953,"OCF_SALES":-13.311870912929,"TOTAL_PARENT_EQUITY":18446551000,"DEBT_ASSET_RATIO":65.7695148667,"OPERATE_PROFIT":-355699000,"PRETAX_PROFIT":-706872000,"NETCASH_OPERATE":-456580000,"NETCASH_INVEST":16822000,"NETCASH_FINANCE":-764002000,"END_CASH":7301722000,"DIVI_RATIO":-0.088158149936,"DIVIDEND_RATE":2.621428571429,"CURRENT_RATIO":2.002922611788,"COMMON_ACS":null,"CURRENTDEBT_DEBT":50.153004160813,"ISSUED_COMMON_SHARES":3367020000,"HK_COMMON_SHARES":707020000,"PER_SHARES":2000,"TOTAL_MARKET_CAP":2828296800,"HKSK_MARKET_CAP":593896800,"PE_TTM":-3.128854565644,"PB_TTM":0.220073541014,"REPORT_DATE_SQ":"2023-06-30 00:00:00","REPORT_TYPE_SQ":"2023年中报","OPERATE_INCOME_SQ":7268886000,"DPS_HKD":0.02202,"OPERATE_INCOME_QOQ_SQ":-9.631465351772,"NET_PROFIT_RATIO_SQ":1.2888494881,"HOLDER_PROFIT_SQ":132966000,"HOLDER_PROFIT_QOQ_SQ":45.233311174847,"ROE_AVG_SQ":0.682596870248,"PE_TTM_SQ":-3.292041562241,"PB_TTM_SQ":0.176016268254,"ROA_SQ":0.177690969951,"START_DATE":"2024-01-01 00:00:00","FISCAL_YEAR":"12-31","CURRENCY":"HKD","IS_CNY_CODE":0,"DPS_HKD_LY":0.02202,"ORG_TYPE":"一般企业","PREMIUM_INCOME":null,"PREMIUM_INCOME_YOY":null,"NET_INTEREST_INCOME":null,"NET_INTEREST_INCOME_YOY":null,"FEE_COMMISSION_INCOME":null,"FEE_COMMISSION_INCOME_YOY":null,"ACCOUNTS_RECE_TDAYS":2.094686389929,"INVENTORY_TDAYS":0.097264389154,"CURRENT_ASSETS_TDAYS":0.081347040975,"TOTAL_ASSETS_TDAYS":0.054149025143,"PREMIUM_EXPENSE":null,"LOAN_DEPOSIT":null,"LOAN_EQUITY":null,"LOAN_ASSETS":null,"DEPOSIT_EQUITY":null,"DEPOSIT_ASSETS":null,"EQUITY_MULTIPLIER":2.92137256047,"EQUITY_RATIO":2.193683415398},{"SECUCODE":"00588.HK","SECURITY_CODE":"00588","SECURITY_NAME_ABBR":"北京北辰实业股份","ORG_CODE":"10008984","STD_REPORT_DATE":"2024-03-31 00:00:00","REPORT_DATE":"2024-03-31 00:00:00","DATE_TYPE_CODE":"003","REPORT_TYPE":"2024年一季报","PER_NETCASH_OPERATE":-0.09151470707,"PER_OI":0.51178310702,"BPS":3.763512777471,"BASIC_EPS":-0.05,"DILUTED_EPS":-0.05,"OPERATE_INCOME":1723183957,"OPERATE_INCOME_YOY":-58.8247572956,"GROSS_PROFIT":542156506,"GROSS_PROFIT_YOY":-14.381110188273,"HOLDER_PROFIT":-173760528,"HOLDER_PROFIT_YOY":-631.8792243574,"GROSS_PROFIT_RATIO":31.462485696761,"EPS_TTM":-0.019608644439,"OPERATE_INCOME_QOQ":-15.629112163316,"NET_PROFIT_RATIO":-12.951069971,"ROE_AVG":-1.361898049021,"GROSS_PROFIT_QOQ":-2.562503890292,"ROA":-0.29086593773,"HOLDER_PROFIT_QOQ":-147.022369255094,"ROE_YEARLY":-5.447592196083,"ROIC_YEARLY":-1.424083490541,"TOTAL_ASSETS":54322259266,"TOTAL_LIABILITIES":39054938462,"TAX_EBT":-31.400048768052,"OCF_SALES":-17.881541187074,"TOTAL_PARENT_EQUITY":12671822792,"DEBT_ASSET_RATIO":71.8949082562,"OPERATE_PROFIT":85020756,"PRETAX_PROFIT":-169840698,"NETCASH_OPERATE":-308131849,"NETCASH_INVEST":-34325765,"NETCASH_FINANCE":-678275733,"END_CASH":7484748203,"DIVI_RATIO":-1.01766159623,"DIVIDEND_RATE":2.621428571429,"CURRENT_RATIO":2.256126529457,"COMMON_ACS":null,"CURRENTDEBT_DEBT":47.561826405318,"ISSUED_COMMON_SHARES":3367020000,"HK_COMMON_SHARES":707020000,"PER_SHARES":2000,"TOTAL_MARKET_CAP":2828296800,"HKSK_MARKET_CAP":593896800,"PE_TTM":-3.128854565644,"PB_TTM":0.220073541014,"REPORT_DATE_SQ":"2023-03-31 00:00:00","REPORT_TYPE_SQ":"2023年一季报","OPERATE_INCOME_SQ":4185000121,"DPS_HKD":0.02202,"OPERATE_INCOME_QOQ_SQ":14.307483843947,"NET_PROFIT_RATIO_SQ":1.1504506,"HOLDER_PROFIT_SQ":32669170,"HOLDER_PROFIT_QOQ_SQ":0.041916958009,"ROE_AVG_SQ":0.20271060053,"PE_TTM_SQ":-3.292041562241,"PB_TTM_SQ":0.176016268254,"ROA_SQ":0.045341111137,"START_DATE":"2024-01-01 00:00:00","FISCAL_YEAR":"12-31","CURRENCY":"HKD","IS_CNY_CODE":0,"DPS_HKD_LY":0.02202,"ORG_TYPE":"一般企业","PREMIUM_INCOME":null,"PREMIUM_INCOME_YOY":null,"NET_INTEREST_INCOME":null,"NET_INTEREST_INCOME_YOY":null,"FEE_COMMISSION_INCOME":null,"FEE_COMMISSION_INCOME_YOY":null,"ACCOUNTS_RECE_TDAYS":8.518765290073,"INVENTORY_TDAYS":0.03837654847,"CURRENT_ASSETS_TDAYS":0.040267922286,"TOTAL_ASSETS_TDAYS":0.02884518845,"PREMIUM_EXPENSE":null,"LOAN_DEPOSIT":null,"LOAN_EQUITY":null,"LOAN_ASSETS":null,"DEPOSIT_EQUITY":null,"DEPOSIT_ASSETS":null,"EQUITY_MULTIPLIER":3.558074135163,"EQUITY_RATIO":3.082030036488},{"SECUCODE":"00588.HK","SECURITY_CODE":"00588","SECURITY_NAME_ABBR":"北京北辰实业股份","ORG_CODE":"10008984","STD_REPORT_DATE":"2023-12-31 00:00:00","REPORT_DATE":"2023-12-31 00:00:00","DATE_TYPE_CODE":"001","REPORT_TYPE":"2023年年报","PER_NETCASH_OPERATE":0.011716889119,"PER_OI":4.678165855861,"BPS":5.804589815326,"BASIC_EPS":0.0417,"DILUTED_EPS":0.0417,"OPERATE_INCOME":15751478000,"OPERATE_INCOME_YOY":21.2683867968,"GROSS_PROFIT":3553718000,"GROSS_PROFIT_YOY":108.2892085437,"HOLDER_PROFIT":140407000,"HOLDER_PROFIT_YOY":109.542719893,"GROSS_PROFIT_RATIO":22.561171719886,"EPS_TTM":0.041700672999,"OPERATE_INCOME_QOQ":7.060664098051,"NET_PROFIT_RATIO":0.0646923419,"ROE_AVG":0.720828439063,"GROSS_PROFIT_QOQ":46.668424119988,"ROA":0.198780248087,"HOLDER_PROFIT_QOQ":121.387589427427,"ROE_YEARLY":0.720828439063,"ROIC_YEARLY":0.236933656914,"TOTAL_ASSETS":56225144598,"TOTAL_LIABILITIES":40695295539,"TAX_EBT":99.053282804587,"OCF_SALES":0.250459036289,"TOTAL_PARENT_EQUITY":12845583320,"DEBT_ASSET_RATIO":65.8850773239,"OPERATE_PROFIT":1901362000,"PRETAX_PROFIT":1076351000,"NETCASH_OPERATE":39451000,"NETCASH_INVEST":55045000,"NETCASH_FINANCE":22835000,"END_CASH":8505482000,"DIVI_RATIO":0.478528593547,"DIVIDEND_RATE":2.621428571429,"CURRENT_RATIO":2.177546077466,"COMMON_ACS":null,"CURRENTDEBT_DEBT":49.288954908258,"ISSUED_COMMON_SHARES":3367020000,"HK_COMMON_SHARES":707020000,"PER_SHARES":2000,"TOTAL_MARKET_CAP":2828296800,"HKSK_MARKET_CAP":593896800,"PE_TTM":-3.128854565644,"PB_TTM":0.220073541014,"REPORT_DATE_SQ":"2022-12-31 00:00:00","REPORT_TYPE_SQ":"2022年年报","OPERATE_INCOME_SQ":12988940000,"DPS_HKD":0.02202,"OPERATE_INCOME_QOQ_SQ":-4.397002928132,"NET_PROFIT_RATIO_SQ":-11.7421206041,"HOLDER_PROFIT_SQ":-1471352000,"HOLDER_PROFIT_QOQ_SQ":-62.937327175554,"ROE_AVG_SQ":-7.104783180671,"PE_TTM_SQ":-3.292041562241,"PB_TTM_SQ":0.176016268254,"ROA_SQ":-1.789095298107,"START_DATE":"2023-01-01 00:00:00","FISCAL_YEAR":"12-31","CURRENCY":"HKD","IS_CNY_CODE":0,"DPS_HKD_LY":null,"ORG_TYPE":"一般企业","PREMIUM_INCOME":null,"PREMIUM_INCOME_YOY":null,"NET_INTEREST_INCOME":null,"NET_INTEREST_INCOME_YOY":null,"FEE_COMMISSION_INCOME":null,"FEE_COMMISSION_INCOME_YOY":null,"ACCOUNTS_RECE_TDAYS":5.834101052602,"INVENTORY_TDAYS":0.345206792998,"CURRENT_ASSETS_TDAYS":0.321036859502,"TOTAL_ASSETS_TDAYS":0.223000470388,"PREMIUM_EXPENSE":null,"LOAN_DEPOSIT":null,"LOAN_EQUITY":null,"LOAN_ASSETS":null,"DEPOSIT_EQUITY":null,"DEPOSIT_ASSETS":null,"EQUITY_MULTIPLIER":2.931268552165,"EQUITY_RATIO":3.168037957112},{"SECUCODE":"00588.HK","SECURITY_CODE":"00588","SECURITY_NAME_ABBR":"北京北辰实业股份","ORG_CODE":"10008984","STD_REPORT_DATE":"2023-09-30 00:00:00","REPORT_DATE":"2023-09-30 00:00:00","DATE_TYPE_CODE":"004","REPORT_TYPE":"2023年三季报","PER_NETCASH_OPERATE":0.573684598844,"PER_OI":3.115503972652,"BPS":3.805727201502,"BASIC_EPS":0.008,"DILUTED_EPS":0.008,"OPERATE_INCOME":10489964186,"OPERATE_INCOME_YOY":19.6632357688,"GROSS_PROFIT":2242381235,"GROSS_PROFIT_YOY":46.986768994961,"HOLDER_PROFIT":27253561,"HOLDER_PROFIT_YOY":103.4602852416,"GROSS_PROFIT_RATIO":21.376443191224,"EPS_TTM":-0.19497603103,"OPERATE_INCOME_QOQ":9.654324050676,"NET_PROFIT_RATIO":-0.2634408327,"ROE_AVG":0.169135429593,"GROSS_PROFIT_QOQ":12.878280569758,"ROA":0.039638296916,"HOLDER_PROFIT_QOQ":18.496560902724,"ROE_YEARLY":0.225513906124,"ROIC_YEARLY":0.04832853603,"TOTAL_ASSETS":61398525182,"TOTAL_LIABILITIES":45478691343,"TAX_EBT":115.594061897755,"OCF_SALES":18.413861894571,"TOTAL_PARENT_EQUITY":12813959602,"DEBT_ASSET_RATIO":74.0713090554,"OPERATE_PROFIT":785415561,"PRETAX_PROFIT":177213924,"NETCASH_OPERATE":1931607518,"NETCASH_INVEST":57131900,"NETCASH_FINANCE":-1112531090,"END_CASH":9264358936,"DIVI_RATIO":-0.102345730881,"DIVIDEND_RATE":2.621428571429,"CURRENT_RATIO":2.128968915108,"COMMON_ACS":null,"CURRENTDEBT_DEBT":50.167307209713,"ISSUED_COMMON_SHARES":3367020000,"HK_COMMON_SHARES":707020000,"PER_SHARES":2000,"TOTAL_MARKET_CAP":2828296800,"HKSK_MARKET_CAP":593896800,"PE_TTM":-3.128854565644,"PB_TTM":0.220073541014,"REPORT_DATE_SQ":"2022-09-30 00:00:00","REPORT_TYPE_SQ":"2022年三季报","OPERATE_INCOME_SQ":8766238117,"DPS_HKD":0.02202,"OPERATE_INCOME_QOQ_SQ":-26.991664651544,"NET_PROFIT_RATIO_SQ":-8.795461231,"HOLDER_PROFIT_SQ":-787610243,"HOLDER_PROFIT_QOQ_SQ":-51.179132151156,"ROE_AVG_SQ":-4.427953825203,"PE_TTM_SQ":-3.292041562241,"PB_TTM_SQ":0.176016268254,"ROA_SQ":-0.993759328556,"START_DATE":"2023-01-01 00:00:00","FISCAL_YEAR":"12-31","CURRENCY":"HKD","IS_CNY_CODE":0,"DPS_HKD_LY":null,"ORG_TYPE":"一般企业","PREMIUM_INCOME":null,"PREMIUM_INCOME_YOY":null,"NET_INTEREST_INCOME":null,"NET_INTEREST_INCOME_YOY":null,"FEE_COMMISSION_INCOME":null,"FEE_COMMISSION_INCOME_YOY":null,"ACCOUNTS_RECE_TDAYS":3.846268307168,"INVENTORY_TDAYS":0.223957917928,"CURRENT_ASSETS_TDAYS":0.203640598459,"TOTAL_ASSETS_TDAYS":0.152568801941,"PREMIUM_EXPENSE":null,"LOAN_DEPOSIT":null,"LOAN_EQUITY":null,"LOAN_ASSETS":null,"DEPOSIT_EQUITY":null,"DEPOSIT_ASSETS":null,"EQUITY_MULTIPLIER":3.856731533947,"EQUITY_RATIO":3.549152077544},{"SECUCODE":"00588.HK","SECURITY_CODE":"00588","SECURITY_NAME_ABBR":"北京北辰实业股份","ORG_CODE":"10008984","STD_REPORT_DATE":"2023-06-30 00:00:00","REPORT_DATE":"2023-06-30 00:00:00","DATE_TYPE_CODE":"002","REPORT_TYPE":"2023年中报","PER_NETCASH_OPERATE":0.258043611265,"PER_OI":2.158848477289,"BPS":5.805108374765,"BASIC_EPS":0.0395,"DILUTED_EPS":0.0395,"OPERATE_INCOME":7268886000,"OPERATE_INCOME_YOY":6.2623245544,"GROSS_PROFIT":1291121000,"GROSS_PROFIT_YOY":51.764107097099,"HOLDER_PROFIT":132966000,"HOLDER_PROFIT_YOY":124.9507893408,"GROSS_PROFIT_RATIO":17.762295350347,"EPS_TTM":-0.239224299232,"OPERATE_INCOME_QOQ":-9.631465351772,"NET_PROFIT_RATIO":1.2888494881,"ROE_AVG":0.682596870248,"GROSS_PROFIT_QOQ":19.179192186793,"ROA":0.177690969951,"HOLDER_PROFIT_QOQ":45.233311174847,"ROE_YEARLY":1.365193740495,"ROIC_YEARLY":0.426772589822,"TOTAL_ASSETS":73547092000,"TOTAL_LIABILITIES":50881550000,"TAX_EBT":75.345014526927,"OCF_SALES":11.95283568899,"TOTAL_PARENT_EQUITY":19545916000,"DEBT_ASSET_RATIO":69.1822730394,"OPERATE_PROFIT":755275000,"PRETAX_PROFIT":379984000,"NETCASH_OPERATE":868838000,"NETCASH_INVEST":67452000,"NETCASH_FINANCE":1031781000,"END_CASH":10356222000,"DIVI_RATIO":-0.083415290437,"DIVIDEND_RATE":2.621428571429,"CURRENT_RATIO":2.037340421039,"COMMON_ACS":null,"CURRENTDEBT_DEBT":49.977986126602,"ISSUED_COMMON_SHARES":3367020000,"HK_COMMON_SHARES":707020000,"PER_SHARES":2000,"TOTAL_MARKET_CAP":2828296800,"HKSK_MARKET_CAP":593896800,"PE_TTM":-3.128854565644,"PB_TTM":0.220073541014,"REPORT_DATE_SQ":"2022-06-30 00:00:00","REPORT_TYPE_SQ":"2022年中报","OPERATE_INCOME_SQ":6840511000,"DPS_HKD":0.02202,"OPERATE_INCOME_QOQ_SQ":4.155129920634,"NET_PROFIT_RATIO_SQ":-6.7898290055,"HOLDER_PROFIT_SQ":-532913000,"HOLDER_PROFIT_QOQ_SQ":-540.646531784564,"ROE_AVG_SQ":-2.516635111899,"PE_TTM_SQ":-3.292041562241,"PB_TTM_SQ":0.176016268254,"ROA_SQ":-0.621231359514,"START_DATE":"2023-01-01 00:00:00","FISCAL_YEAR":"12-31","CURRENCY":"HKD","IS_CNY_CODE":0,"DPS_HKD_LY":null,"ORG_TYPE":"一般企业","PREMIUM_INCOME":null,"PREMIUM_INCOME_YOY":null,"NET_INTEREST_INCOME":null,"NET_INTEREST_INCOME_YOY":null,"FEE_COMMISSION_INCOME":null,"FEE_COMMISSION_INCOME_YOY":null,"ACCOUNTS_RECE_TDAYS":null,"INVENTORY_TDAYS":0.158930115272,"CURRENT_ASSETS_TDAYS":0.136813677675,"TOTAL_ASSETS_TDAYS":0.097138772604,"PREMIUM_EXPENSE":null,"LOAN_DEPOSIT":null,"LOAN_EQUITY":null,"LOAN_ASSETS":null,"DEPOSIT_EQUITY":null,"DEPOSIT_ASSETS":null,"EQUITY_MULTIPLIER":3.244885650647,"EQUITY_RATIO":2.603180633745},{"SECUCODE":"00588.HK","SECURITY_CODE":"00588","SECURITY_NAME_ABBR":"北京北辰实业股份","ORG_CODE":"10008984","STD_REPORT_DATE":"2023-03-31 00:00:00","REPORT_DATE":"2023-03-31 00:00:00","DATE_TYPE_CODE":"003","REPORT_TYPE":"2023年一季报","PER_NETCASH_OPERATE":0.252453962851,"PER_OI":1.242938895819,"BPS":3.807335629429,"BASIC_EPS":0.01,"DILUTED_EPS":0.01,"OPERATE_INCOME":4185000121,"OPERATE_INCOME_YOY":79.875474976,"GROSS_PROFIT":633220668,"GROSS_PROFIT_YOY":17.63860237425,"HOLDER_PROFIT":32669170,"HOLDER_PROFIT_YOY":1.9241789638,"GROSS_PROFIT_RATIO":15.130720422744,"EPS_TTM":-0.436806212615,"OPERATE_INCOME_QOQ":14.307483843947,"NET_PROFIT_RATIO":1.1504506,"ROE_AVG":0.20271060053,"GROSS_PROFIT_QOQ":5.564846677834,"ROA":0.045341111137,"HOLDER_PROFIT_QOQ":0.041916958009,"ROE_YEARLY":0.81084240212,"ROIC_YEARLY":0.224865939496,"TOTAL_ASSETS":67991231375,"TOTAL_LIABILITIES":51983380506,"TAX_EBT":31.377591212064,"OCF_SALES":20.31105179029,"TOTAL_PARENT_EQUITY":12819375211,"DEBT_ASSET_RATIO":76.4560068331,"OPERATE_PROFIT":302437493,"PRETAX_PROFIT":70161278,"NETCASH_OPERATE":850017542,"NETCASH_INVEST":79183856,"NETCASH_FINANCE":2760651678,"END_CASH":12078003684,"DIVI_RATIO":-0.045683792546,"DIVIDEND_RATE":2.621428571429,"CURRENT_RATIO":1.904297104703,"COMMON_ACS":null,"CURRENTDEBT_DEBT":55.858790077433,"ISSUED_COMMON_SHARES":3367020000,"HK_COMMON_SHARES":707020000,"PER_SHARES":2000,"TOTAL_MARKET_CAP":2828296800,"HKSK_MARKET_CAP":593896800,"PE_TTM":-3.128854565644,"PB_TTM":0.220073541014,"REPORT_DATE_SQ":"2022-03-31 00:00:00","REPORT_TYPE_SQ":"2022年一季报","OPERATE_INCOME_SQ":2326609629,"DPS_HKD":0.02202,"OPERATE_INCOME_QOQ_SQ":-19.13344834341,"NET_PROFIT_RATIO_SQ":1.6312156336,"HOLDER_PROFIT_SQ":32052424,"HOLDER_PROFIT_QOQ_SQ":-147.315891317476,"ROE_AVG_SQ":0.176922338913,"PE_TTM_SQ":-3.292041562241,"PB_TTM_SQ":0.176016268254,"ROA_SQ":0.040158936886,"START_DATE":"2023-01-01 00:00:00","FISCAL_YEAR":"12-31","CURRENCY":"HKD","IS_CNY_CODE":0,"DPS_HKD_LY":null,"ORG_TYPE":"一般企业","PREMIUM_INCOME":null,"PREMIUM_INCOME_YOY":null,"NET_INTEREST_INCOME":null,"NET_INTEREST_INCOME_YOY":null,"FEE_COMMISSION_INCOME":null,"FEE_COMMISSION_INCOME_YOY":null,"ACCOUNTS_RECE_TDAYS":1.539426943275,"INVENTORY_TDAYS":0.092786104256,"CURRENT_ASSETS_TDAYS":0.076266628001,"TOTAL_ASSETS_TDAYS":0.058083065959,"PREMIUM_EXPENSE":null,"LOAN_DEPOSIT":null,"LOAN_EQUITY":null,"LOAN_ASSETS":null,"DEPOSIT_EQUITY":null,"DEPOSIT_ASSETS":null,"EQUITY_MULTIPLIER":4.247367865388,"EQUITY_RATIO":4.055063499615},{"SECUCODE":"00588.HK","SECURITY_CODE":"00588","SECURITY_NAME_ABBR":"北京北辰实业股份","ORG_CODE":"10008984","STD_REPORT_DATE":"2022-12-31 00:00:00","REPORT_DATE":"2022-12-31 00:00:00","DATE_TYPE_CODE":"001","REPORT_TYPE":"2022年年报","PER_NETCASH_OPERATE":0.68177320004,"PER_OI":3.857696122981,"BPS":5.765617667849,"BASIC_EPS":-0.437,"DILUTED_EPS":-0.437,"OPERATE_INCOME":12988940000,"OPERATE_INCOME_YOY":-41.4460375568,"GROSS_PROFIT":1706146000,"GROSS_PROFIT_YOY":-53.104435127215,"HOLDER_PROFIT":-1471352000,"HOLDER_PROFIT_YOY":-809.5161399211,"GROSS_PROFIT_RATIO":13.135375173032,"EPS_TTM":-0.436989385272,"OPERATE_INCOME_QOQ":-4.397002928132,"NET_PROFIT_RATIO":-11.7421206041,"ROE_AVG":-7.104783180671,"GROSS_PROFIT_QOQ":7.122820310533,"ROA":-1.789095298107,"HOLDER_PROFIT_QOQ":-62.937327175554,"ROE_YEARLY":-7.104783180671,"ROIC_YEARLY":-2.162016158622,"TOTAL_ASSETS":76112736000,"TOTAL_LIABILITIES":53528643000,"TAX_EBT":-89.908144931037,"OCF_SALES":17.673066470397,"TOTAL_PARENT_EQUITY":19412950000,"DEBT_ASSET_RATIO":70.3281025136,"OPERATE_PROFIT":40547000,"PRETAX_PROFIT":-803113000,"NETCASH_OPERATE":2295544000,"NETCASH_INVEST":-225977000,"NETCASH_FINANCE":-6642368000,"END_CASH":8388151000,"DIVI_RATIO":-0.04566464329,"DIVIDEND_RATE":2.621428571429,"CURRENT_RATIO":1.736494381015,"COMMON_ACS":null,"CURRENTDEBT_DEBT":58.579514149088,"ISSUED_COMMON_SHARES":3367020000,"HK_COMMON_SHARES":707020000,"PER_SHARES":2000,"TOTAL_MARKET_CAP":2828296800,"HKSK_MARKET_CAP":593896800,"PE_TTM":-3.128854565644,"PB_TTM":0.220073541014,"REPORT_DATE_SQ":"2021-12-31 00:00:00","REPORT_TYPE_SQ":"2021年年报","OPERATE_INCOME_SQ":22182854000,"DPS_HKD":0.02202,"OPERATE_INCOME_QOQ_SQ":-27.236223649955,"NET_PROFIT_RATIO_SQ":1.0470349451,"HOLDER_PROFIT_SQ":207374000,"HOLDER_PROFIT_QOQ_SQ":0.926012593792,"ROE_AVG_SQ":0.868682556901,"PE_TTM_SQ":-3.292041562241,"PB_TTM_SQ":0.176016268254,"ROA_SQ":0.215007590013,"START_DATE":"2022-01-01 00:00:00","FISCAL_YEAR":"12-31","CURRENCY":"HKD","IS_CNY_CODE":0,"DPS_HKD_LY":0.01189,"ORG_TYPE":"一般企业","PREMIUM_INCOME":null,"PREMIUM_INCOME_YOY":null,"NET_INTEREST_INCOME":null,"NET_INTEREST_INCOME_YOY":null,"FEE_COMMISSION_INCOME":null,"FEE_COMMISSION_INCOME_YOY":null,"ACCOUNTS_RECE_TDAYS":2.495666811475,"INVENTORY_TDAYS":0.264453631646,"CURRENT_ASSETS_TDAYS":0.217045568392,"TOTAL_ASSETS_TDAYS":0.157939442645,"PREMIUM_EXPENSE":null,"LOAN_DEPOSIT":null,"LOAN_EQUITY":null,"LOAN_ASSETS":null,"DEPOSIT_EQUITY":null,"DEPOSIT_ASSETS":null,"EQUITY_MULTIPLIER":3.370192285338,"EQUITY_RATIO":2.757367787997},{"SECUCODE":"00588.HK","SECURITY_CODE":"00588","SECURITY_NAME_ABBR":"北京北辰实业股份","ORG_CODE":"10008984","STD_REPORT_DATE":"2022-09-30 00:00:00","REPORT_DATE":"2022-09-30 00:00:00","DATE_TYPE_CODE":"004","REPORT_TYPE":"2022年三季报","PER_NETCASH_OPERATE":0.975599714287,"PER_OI":2.603559859163,"BPS":4.029905975313,"BASIC_EPS":-0.24,"DILUTED_EPS":-0.24,"OPERATE_INCOME":8766238117,"OPERATE_INCOME_YOY":-49.2524300251,"GROSS_PROFIT":1525566723,"GROSS_PROFIT_YOY":-57.030416243365,"HOLDER_PROFIT":-787610243,"HOLDER_PROFIT_YOY":-352.0692349141,"GROSS_PROFIT_RATIO":17.402752499291,"EPS_TTM":-0.268194767183,"OPERATE_INCOME_QOQ":-26.991664651544,"NET_PROFIT_RATIO":-8.795461231,"ROE_AVG":-4.427953825203,"GROSS_PROFIT_QOQ":-29.439218386996,"ROA":-0.993759328556,"HOLDER_PROFIT_QOQ":-51.179132151156,"ROE_YEARLY":-5.903938433604,"ROIC_YEARLY":-1.215094465683,"TOTAL_ASSETS":70143998327,"TOTAL_LIABILITIES":53308319340,"TAX_EBT":-6.652555908001,"OCF_SALES":37.471760476479,"TOTAL_PARENT_EQUITY":13568774017,"DEBT_ASSET_RATIO":75.9984041564,"OPERATE_PROFIT":-168077361,"PRETAX_PROFIT":-722937269,"NETCASH_OPERATE":3284863750,"NETCASH_INVEST":-74619208,"NETCASH_FINANCE":-8785962680,"END_CASH":7385233648,"DIVI_RATIO":-0.074404749241,"DIVIDEND_RATE":2.621428571429,"CURRENT_RATIO":1.76908926557,"COMMON_ACS":null,"CURRENTDEBT_DEBT":60.079572966331,"ISSUED_COMMON_SHARES":3367020000,"HK_COMMON_SHARES":707020000,"PER_SHARES":2000,"TOTAL_MARKET_CAP":2828296800,"HKSK_MARKET_CAP":593896800,"PE_TTM":-3.128854565644,"PB_TTM":0.220073541014,"REPORT_DATE_SQ":"2021-09-30 00:00:00","REPORT_TYPE_SQ":"2021年三季报","OPERATE_INCOME_SQ":17274202728,"DPS_HKD":0.02202,"OPERATE_INCOME_QOQ_SQ":21.98523199474,"NET_PROFIT_RATIO_SQ":1.3930873153,"HOLDER_PROFIT_SQ":312457902,"HOLDER_PROFIT_QOQ_SQ":-26.933833930857,"ROE_AVG_SQ":1.489299678437,"PE_TTM_SQ":-3.292041562241,"PB_TTM_SQ":0.176016268254,"ROA_SQ":0.351999457536,"START_DATE":"2022-01-01 00:00:00","FISCAL_YEAR":"12-31","CURRENCY":"HKD","IS_CNY_CODE":0,"DPS_HKD_LY":0.01189,"ORG_TYPE":"一般企业","PREMIUM_INCOME":null,"PREMIUM_INCOME_YOY":null,"NET_INTEREST_INCOME":null,"NET_INTEREST_INCOME_YOY":null,"FEE_COMMISSION_INCOME":null,"FEE_COMMISSION_INCOME_YOY":null,"ACCOUNTS_RECE_TDAYS":62.16590451324,"INVENTORY_TDAYS":0.164530466651,"CURRENT_ASSETS_TDAYS":0.143830243408,"TOTAL_ASSETS_TDAYS":0.110607130653,"PREMIUM_EXPENSE":null,"LOAN_DEPOSIT":null,"LOAN_EQUITY":null,"LOAN_ASSETS":null,"DEPOSIT_EQUITY":null,"DEPOSIT_ASSETS":null,"EQUITY_MULTIPLIER":4.166389628907,"EQUITY_RATIO":3.928749883609}],"count":79},"success":true,"message":"ok","code":0}