{"version":"b36728ebbd6483578658f93dadf04657","result":{"pages":5,"data":[{"SECUCODE":"00583.HK","SECURITY_CODE":"00583","SECURITY_NAME_ABBR":"长城环亚控股","ORG_CODE":"10008980","STD_REPORT_DATE":"2024-06-30 00:00:00","REPORT_DATE":"2024-06-30 00:00:00","DATE_TYPE_CODE":"002","REPORT_TYPE":"2024年中报","PER_NETCASH_OPERATE":0.020173617531,"PER_OI":0.035481535258,"BPS":2.33205225606,"BASIC_EPS":0.002646772,"DILUTED_EPS":0.002646772,"OPERATE_INCOME":55626020.64,"OPERATE_INCOME_YOY":-0.4573071144,"GROSS_PROFIT":55626020.64,"GROSS_PROFIT_YOY":-1.461392933863,"HOLDER_PROFIT":4123488.24,"HOLDER_PROFIT_YOY":-97.2184084962,"GROSS_PROFIT_RATIO":null,"EPS_TTM":0.071763973713,"OPERATE_INCOME_QOQ":-0.747518305152,"NET_PROFIT_RATIO":7.4128765505,"ROE_AVG":0.112845589618,"GROSS_PROFIT_QOQ":-0.747518305152,"ROA":0.04739872483,"HOLDER_PROFIT_QOQ":-56.415486624577,"ROE_YEARLY":0.225691179236,"ROIC_YEARLY":0.096952269569,"TOTAL_ASSETS":8746717152.04,"TOTAL_LIABILITIES":5090652497.96,"TAX_EBT":35.705137327451,"OCF_SALES":56.856664697775,"TOTAL_PARENT_EQUITY":3656064654.08,"DEBT_ASSET_RATIO":58.2007215904,"OPERATE_PROFIT":105208274.32,"PRETAX_PROFIT":6413402.36,"NETCASH_OPERATE":31627100.04,"NETCASH_INVEST":3230887.2,"NETCASH_FINANCE":-72579051.64,"END_CASH":174487075.08,"DIVI_RATIO":null,"DIVIDEND_RATE":null,"CURRENT_RATIO":0.041506069303,"COMMON_ACS":5000000000,"CURRENTDEBT_DEBT":99.672893669197,"ISSUED_COMMON_SHARES":1567745596,"HK_COMMON_SHARES":1567745596,"PER_SHARES":2000,"TOTAL_MARKET_CAP":438968766.88,"HKSK_MARKET_CAP":438968766.88,"PE_TTM":3.457998998606,"PB_TTM":0.109581764017,"REPORT_DATE_SQ":"2023-06-30 00:00:00","REPORT_TYPE_SQ":"2023年中报","OPERATE_INCOME_SQ":56450991.44,"DPS_HKD":null,"OPERATE_INCOME_QOQ_SQ":7.660767688885,"NET_PROFIT_RATIO_SQ":265.2789573398,"HOLDER_PROFIT_SQ":149752601.5,"HOLDER_PROFIT_QOQ_SQ":11.169346546306,"ROE_AVG_SQ":4.276725254138,"PE_TTM_SQ":1.214958364839,"PB_TTM_SQ":0.103823018138,"ROA_SQ":1.783770255004,"START_DATE":"2024-01-01 00:00:00","FISCAL_YEAR":"12-31","CURRENCY":"HKD","IS_CNY_CODE":0,"DPS_HKD_LY":null,"ORG_TYPE":"一般企业","PREMIUM_INCOME":null,"PREMIUM_INCOME_YOY":null,"NET_INTEREST_INCOME":null,"NET_INTEREST_INCOME_YOY":null,"FEE_COMMISSION_INCOME":null,"FEE_COMMISSION_INCOME_YOY":null,"ACCOUNTS_RECE_TDAYS":10.386503067485,"INVENTORY_TDAYS":null,"CURRENT_ASSETS_TDAYS":0.251585100059,"TOTAL_ASSETS_TDAYS":0.006394106863,"PREMIUM_EXPENSE":null,"LOAN_DEPOSIT":null,"LOAN_EQUITY":null,"LOAN_ASSETS":null,"DEPOSIT_EQUITY":null,"DEPOSIT_ASSETS":null,"EQUITY_MULTIPLIER":2.392385797192,"EQUITY_RATIO":1.392385797193},{"SECUCODE":"00583.HK","SECURITY_CODE":"00583","SECURITY_NAME_ABBR":"长城环亚控股","ORG_CODE":"10008980","STD_REPORT_DATE":"2023-12-31 00:00:00","REPORT_DATE":"2023-12-31 00:00:00","DATE_TYPE_CODE":"001","REPORT_TYPE":"2023年年报","PER_NETCASH_OPERATE":0.045880207875,"PER_OI":0.070394893356,"BPS":2.313054506657,"BASIC_EPS":0.164660174,"DILUTED_EPS":0.164660174,"OPERATE_INCOME":110361284.04,"OPERATE_INCOME_YOY":0.6920501054,"GROSS_PROFIT":110361284.04,"GROSS_PROFIT_YOY":2.151812605969,"HOLDER_PROFIT":258136767,"HOLDER_PROFIT_YOY":-10.3066294689,"GROSS_PROFIT_RATIO":null,"EPS_TTM":0.164654754993,"OPERATE_INCOME_QOQ":-5.11695690192,"NET_PROFIT_RATIO":233.9015618072,"ROE_AVG":7.380982148699,"GROSS_PROFIT_QOQ":-5.11695690192,"ROA":3.087771908343,"HOLDER_PROFIT_QOQ":-18.148586152413,"ROE_YEARLY":7.380982148699,"ROIC_YEARLY":3.16359167444,"TOTAL_ASSETS":8591193061.22,"TOTAL_LIABILITIES":4964912045.1,"TAX_EBT":1.786699398687,"OCF_SALES":65.175477492569,"TOTAL_PARENT_EQUITY":3626281016.12,"DEBT_ASSET_RATIO":57.7907167226,"OPERATE_PROFIT":129880356.62,"PRETAX_PROFIT":262832799.04,"NETCASH_OPERATE":71928493.84,"NETCASH_INVEST":33530.14,"NETCASH_FINANCE":-51132557.28,"END_CASH":210716993.06,"DIVI_RATIO":null,"DIVIDEND_RATE":null,"CURRENT_RATIO":0.046546431974,"COMMON_ACS":5000000000,"CURRENTDEBT_DEBT":99.508588252151,"ISSUED_COMMON_SHARES":1567745596,"HK_COMMON_SHARES":1567745596,"PER_SHARES":2000,"TOTAL_MARKET_CAP":438968766.88,"HKSK_MARKET_CAP":438968766.88,"PE_TTM":3.457998998606,"PB_TTM":0.109581764017,"REPORT_DATE_SQ":"2022-12-31 00:00:00","REPORT_TYPE_SQ":"2022年年报","OPERATE_INCOME_SQ":108036540.15,"DPS_HKD":null,"OPERATE_INCOME_QOQ_SQ":4.83029252827,"NET_PROFIT_RATIO_SQ":262.5838190913,"HOLDER_PROFIT_SQ":283686473.14,"HOLDER_PROFIT_QOQ_SQ":-28.383459489234,"ROE_AVG_SQ":8.92356237786,"PE_TTM_SQ":1.260805850305,"PB_TTM_SQ":0.111149620762,"ROA_SQ":3.589110771141,"START_DATE":"2023-01-01 00:00:00","FISCAL_YEAR":"12-31","CURRENCY":"HKD","IS_CNY_CODE":0,"DPS_HKD_LY":null,"ORG_TYPE":"一般企业","PREMIUM_INCOME":null,"PREMIUM_INCOME_YOY":null,"NET_INTEREST_INCOME":null,"NET_INTEREST_INCOME_YOY":null,"FEE_COMMISSION_INCOME":null,"FEE_COMMISSION_INCOME_YOY":null,"ACCOUNTS_RECE_TDAYS":20.028287147439,"INVENTORY_TDAYS":null,"CURRENT_ASSETS_TDAYS":0.493472077022,"TOTAL_ASSETS_TDAYS":0.013201159858,"PREMIUM_EXPENSE":null,"LOAN_DEPOSIT":null,"LOAN_EQUITY":null,"LOAN_ASSETS":null,"DEPOSIT_EQUITY":null,"DEPOSIT_ASSETS":null,"EQUITY_MULTIPLIER":2.369147074657,"EQUITY_RATIO":1.369147074656},{"SECUCODE":"00583.HK","SECURITY_CODE":"00583","SECURITY_NAME_ABBR":"长城环亚控股","ORG_CODE":"10008980","STD_REPORT_DATE":"2023-06-30 00:00:00","REPORT_DATE":"2023-06-30 00:00:00","DATE_TYPE_CODE":"002","REPORT_TYPE":"2023年中报","PER_NETCASH_OPERATE":0.023105580594,"PER_OI":0.036007749972,"BPS":2.281109897297,"BASIC_EPS":0.095517128,"DILUTED_EPS":0.095517128,"OPERATE_INCOME":56450991.44,"OPERATE_INCOME_YOY":8.6913299723,"GROSS_PROFIT":56450991.44,"GROSS_PROFIT_YOY":17.18007975756,"HOLDER_PROFIT":149752601.5,"HOLDER_PROFIT_YOY":17.6489761624,"GROSS_PROFIT_RATIO":null,"EPS_TTM":0.201162994324,"OPERATE_INCOME_QOQ":7.660767688885,"NET_PROFIT_RATIO":265.2789573398,"ROE_AVG":4.276725254138,"GROSS_PROFIT_QOQ":7.660767688885,"ROA":1.783770255004,"HOLDER_PROFIT_QOQ":11.169346546306,"ROE_YEARLY":8.553450508277,"ROIC_YEARLY":3.654376834817,"TOTAL_ASSETS":8520459730.4,"TOTAL_LIABILITIES":4944259734.92,"TAX_EBT":1.638698972331,"OCF_SALES":64.168354347684,"TOTAL_PARENT_EQUITY":3576199995.48,"DEBT_ASSET_RATIO":58.0280864104,"OPERATE_PROFIT":57103753.28,"PRETAX_PROFIT":152247479.38,"NETCASH_OPERATE":36223672.22,"NETCASH_INVEST":-606662.84,"NETCASH_FINANCE":-22871557.86,"END_CASH":205678986.32,"DIVI_RATIO":null,"DIVIDEND_RATE":null,"CURRENT_RATIO":0.047800223484,"COMMON_ACS":5000000000,"CURRENTDEBT_DEBT":99.660578512058,"ISSUED_COMMON_SHARES":1567745596,"HK_COMMON_SHARES":1567745596,"PER_SHARES":2000,"TOTAL_MARKET_CAP":438968766.88,"HKSK_MARKET_CAP":438968766.88,"PE_TTM":3.457998998606,"PB_TTM":0.109581764017,"REPORT_DATE_SQ":"2022-06-30 00:00:00","REPORT_TYPE_SQ":"2022年中报","OPERATE_INCOME_SQ":48174563.08,"DPS_HKD":null,"OPERATE_INCOME_QOQ_SQ":4.65100273558,"NET_PROFIT_RATIO_SQ":245.0809486615,"HOLDER_PROFIT_SQ":118066676.21,"HOLDER_PROFIT_QOQ_SQ":-36.224355314005,"ROE_AVG_SQ":3.979179912922,"PE_TTM_SQ":1.260805850305,"PB_TTM_SQ":0.111149620762,"ROA_SQ":1.563738226784,"START_DATE":"2023-01-01 00:00:00","FISCAL_YEAR":"12-31","CURRENCY":"HKD","IS_CNY_CODE":0,"DPS_HKD_LY":null,"ORG_TYPE":"一般企业","PREMIUM_INCOME":null,"PREMIUM_INCOME_YOY":null,"NET_INTEREST_INCOME":null,"NET_INTEREST_INCOME_YOY":null,"FEE_COMMISSION_INCOME":null,"FEE_COMMISSION_INCOME_YOY":null,"ACCOUNTS_RECE_TDAYS":11.733997700268,"INVENTORY_TDAYS":null,"CURRENT_ASSETS_TDAYS":0.247247499884,"TOTAL_ASSETS_TDAYS":0.006724130225,"PREMIUM_EXPENSE":null,"LOAN_DEPOSIT":null,"LOAN_EQUITY":null,"LOAN_ASSETS":null,"DEPOSIT_EQUITY":null,"DEPOSIT_ASSETS":null,"EQUITY_MULTIPLIER":2.382545646543,"EQUITY_RATIO":1.382545646544},{"SECUCODE":"00583.HK","SECURITY_CODE":"00583","SECURITY_NAME_ABBR":"长城环亚控股","ORG_CODE":"10008980","STD_REPORT_DATE":"2022-12-31 00:00:00","REPORT_DATE":"2022-12-31 00:00:00","DATE_TYPE_CODE":"001","REPORT_TYPE":"2022年年报","PER_NETCASH_OPERATE":0.035422079642,"PER_OI":0.068912035489,"BPS":2.117837300262,"BASIC_EPS":0.180976502,"DILUTED_EPS":0.180976502,"OPERATE_INCOME":108036540.15,"OPERATE_INCOME_YOY":0.4126261955,"GROSS_PROFIT":108036540.15,"GROSS_PROFIT_YOY":9.705952301476,"HOLDER_PROFIT":283686473.14,"HOLDER_PROFIT_YOY":-58.1951826958,"GROSS_PROFIT_RATIO":null,"EPS_TTM":0.180951854602,"OPERATE_INCOME_QOQ":4.83029252827,"NET_PROFIT_RATIO":262.5838190913,"ROE_AVG":8.92356237786,"GROSS_PROFIT_QOQ":4.83029252827,"ROA":3.589110771141,"HOLDER_PROFIT_QOQ":-28.383459489234,"ROE_YEARLY":8.92356237786,"ROIC_YEARLY":3.701909027423,"TOTAL_ASSETS":8012583663.42,"TOTAL_LIABILITIES":4692353562.89,"TAX_EBT":2.237942201372,"OCF_SALES":51.401876886188,"TOTAL_PARENT_EQUITY":3320230100.53,"DEBT_ASSET_RATIO":58.5623034966,"OPERATE_PROFIT":20677413.96,"PRETAX_PROFIT":290180546.04,"NETCASH_OPERATE":55532809.36,"NETCASH_INVEST":56704779.6,"NETCASH_FINANCE":-219232576.29,"END_CASH":187283881.47,"DIVI_RATIO":null,"DIVIDEND_RATE":null,"CURRENT_RATIO":0.045810849223,"COMMON_ACS":5000000000,"CURRENTDEBT_DEBT":99.653550813848,"ISSUED_COMMON_SHARES":1567745596,"HK_COMMON_SHARES":1567745596,"PER_SHARES":2000,"TOTAL_MARKET_CAP":438968766.88,"HKSK_MARKET_CAP":438968766.88,"PE_TTM":3.457998998606,"PB_TTM":0.109581764017,"REPORT_DATE_SQ":"2021-12-31 00:00:00","REPORT_TYPE_SQ":"2021年年报","OPERATE_INCOME_SQ":98478284.8,"DPS_HKD":null,"OPERATE_INCOME_QOQ_SQ":8.031652092972,"NET_PROFIT_RATIO_SQ":630.710348034,"HOLDER_PROFIT_SQ":621112732.8,"HOLDER_PROFIT_QOQ_SQ":126.008092970009,"ROE_AVG_SQ":25.14830131497,"PE_TTM_SQ":1.260805850305,"PB_TTM_SQ":0.111149620762,"ROA_SQ":9.171614546092,"START_DATE":"2022-01-01 00:00:00","FISCAL_YEAR":"12-31","CURRENCY":"HKD","IS_CNY_CODE":0,"DPS_HKD_LY":null,"ORG_TYPE":"一般企业","PREMIUM_INCOME":null,"PREMIUM_INCOME_YOY":null,"NET_INTEREST_INCOME":null,"NET_INTEREST_INCOME_YOY":null,"FEE_COMMISSION_INCOME":null,"FEE_COMMISSION_INCOME_YOY":null,"ACCOUNTS_RECE_TDAYS":27.845055830551,"INVENTORY_TDAYS":null,"CURRENT_ASSETS_TDAYS":0.40415634931,"TOTAL_ASSETS_TDAYS":0.013668438457,"PREMIUM_EXPENSE":null,"LOAN_DEPOSIT":null,"LOAN_EQUITY":null,"LOAN_ASSETS":null,"DEPOSIT_EQUITY":null,"DEPOSIT_ASSETS":null,"EQUITY_MULTIPLIER":2.413261557427,"EQUITY_RATIO":1.413261557427},{"SECUCODE":"00583.HK","SECURITY_CODE":"00583","SECURITY_NAME_ABBR":"长城环亚控股","ORG_CODE":"10008980","STD_REPORT_DATE":"2022-06-30 00:00:00","REPORT_DATE":"2022-06-30 00:00:00","DATE_TYPE_CODE":"002","REPORT_TYPE":"2022年中报","PER_NETCASH_OPERATE":0.013097767356,"PER_OI":0.030728559023,"BPS":1.930041198234,"BASIC_EPS":0.075342239,"DILUTED_EPS":0.075342239,"OPERATE_INCOME":48174563.08,"OPERATE_INCOME_YOY":7.5202320965,"GROSS_PROFIT":48174563.08,"GROSS_PROFIT_YOY":10.506474481551,"HOLDER_PROFIT":118066676.21,"HOLDER_PROFIT_YOY":-66.5143478061,"GROSS_PROFIT_RATIO":null,"EPS_TTM":0.252667684464,"OPERATE_INCOME_QOQ":4.65100273558,"NET_PROFIT_RATIO":245.0809486615,"ROE_AVG":3.979179912922,"GROSS_PROFIT_QOQ":4.65100273558,"ROA":1.563738226784,"HOLDER_PROFIT_QOQ":-36.224355314005,"ROE_YEARLY":7.958359825844,"ROIC_YEARLY":3.251965302697,"TOTAL_ASSETS":7637300805.89,"TOTAL_LIABILITIES":4611487217.26,"TAX_EBT":0.731254853461,"OCF_SALES":42.624085777178,"TOTAL_PARENT_EQUITY":3025813588.63,"DEBT_ASSET_RATIO":60.3811128364,"OPERATE_PROFIT":36138619.02,"PRETAX_PROFIT":118936404.44,"NETCASH_OPERATE":20533967.09,"NETCASH_INVEST":16429910.28,"NETCASH_FINANCE":-7608625.43,"END_CASH":310537447.99,"DIVI_RATIO":null,"DIVIDEND_RATE":null,"CURRENT_RATIO":0.07439910496,"COMMON_ACS":5000000000,"CURRENTDEBT_DEBT":99.751907979335,"ISSUED_COMMON_SHARES":1567745596,"HK_COMMON_SHARES":1567745596,"PER_SHARES":2000,"TOTAL_MARKET_CAP":438968766.88,"HKSK_MARKET_CAP":438968766.88,"PE_TTM":3.457998998606,"PB_TTM":0.109581764017,"REPORT_DATE_SQ":"2021-06-30 00:00:00","REPORT_TYPE_SQ":"2021年中报","OPERATE_INCOME_SQ":43594335.36,"DPS_HKD":null,"OPERATE_INCOME_QOQ_SQ":-16.838552972275,"NET_PROFIT_RATIO_SQ":786.9388456253,"HOLDER_PROFIT_SQ":343060759.44,"HOLDER_PROFIT_QOQ_SQ":202.174020141372,"ROE_AVG_SQ":14.481952311312,"PE_TTM_SQ":1.260805850305,"PB_TTM_SQ":0.111149620762,"ROA_SQ":5.101928940543,"START_DATE":"2022-01-01 00:00:00","FISCAL_YEAR":"12-31","CURRENCY":"HKD","IS_CNY_CODE":0,"DPS_HKD_LY":null,"ORG_TYPE":"一般企业","PREMIUM_INCOME":null,"PREMIUM_INCOME_YOY":null,"NET_INTEREST_INCOME":null,"NET_INTEREST_INCOME_YOY":null,"FEE_COMMISSION_INCOME":null,"FEE_COMMISSION_INCOME_YOY":null,"ACCOUNTS_RECE_TDAYS":13.044344100961,"INVENTORY_TDAYS":null,"CURRENT_ASSETS_TDAYS":0.148459715952,"TOTAL_ASSETS_TDAYS":0.006380496874,"PREMIUM_EXPENSE":null,"LOAN_DEPOSIT":null,"LOAN_EQUITY":null,"LOAN_ASSETS":null,"DEPOSIT_EQUITY":null,"DEPOSIT_ASSETS":null,"EQUITY_MULTIPLIER":2.524048683828,"EQUITY_RATIO":1.524048683828},{"SECUCODE":"00583.HK","SECURITY_CODE":"00583","SECURITY_NAME_ABBR":"长城环亚控股","ORG_CODE":"10008980","STD_REPORT_DATE":"2021-12-31 00:00:00","REPORT_DATE":"2021-12-31 00:00:00","DATE_TYPE_CODE":"001","REPORT_TYPE":"2021年年报","PER_NETCASH_OPERATE":0.026736938,"PER_OI":0.062815220181,"BPS":1.773609499331,"BASIC_EPS":0.39620896,"DILUTED_EPS":0.39620896,"OPERATE_INCOME":98478284.8,"OPERATE_INCOME_YOY":-7.5177174272,"GROSS_PROFIT":98478284.8,"GROSS_PROFIT_YOY":-10.159314871527,"HOLDER_PROFIT":621112732.8,"HOLDER_PROFIT_YOY":337.7113711747,"GROSS_PROFIT_RATIO":null,"EPS_TTM":0.39618209382,"OPERATE_INCOME_QOQ":8.031652092972,"NET_PROFIT_RATIO":630.710348034,"ROE_AVG":25.14830131497,"GROSS_PROFIT_QOQ":8.031652092972,"ROA":9.171614546092,"HOLDER_PROFIT_QOQ":126.008092970009,"ROE_YEARLY":25.14830131497,"ROIC_YEARLY":9.481904446421,"TOTAL_ASSETS":7135218092.8,"TOTAL_LIABILITIES":4354649611.2,"TAX_EBT":1.097115628723,"OCF_SALES":42.564426142402,"TOTAL_PARENT_EQUITY":2780568481.6,"DEBT_ASSET_RATIO":61.0303645181,"OPERATE_PROFIT":115261160,"PRETAX_PROFIT":628002648,"NETCASH_OPERATE":41916716.8,"NETCASH_INVEST":70226934.4,"NETCASH_FINANCE":-16580928,"END_CASH":269457249.6,"DIVI_RATIO":null,"DIVIDEND_RATE":null,"CURRENT_RATIO":0.067516504317,"COMMON_ACS":5000000000,"CURRENTDEBT_DEBT":99.747734615163,"ISSUED_COMMON_SHARES":1567745596,"HK_COMMON_SHARES":1567745596,"PER_SHARES":2000,"TOTAL_MARKET_CAP":438968766.88,"HKSK_MARKET_CAP":438968766.88,"PE_TTM":3.457998998606,"PB_TTM":0.109581764017,"REPORT_DATE_SQ":"2020-12-31 00:00:00","REPORT_TYPE_SQ":"2020年年报","OPERATE_INCOME_SQ":109614351.96,"DPS_HKD":null,"OPERATE_INCOME_QOQ_SQ":-21.242450674063,"NET_PROFIT_RATIO_SQ":-245.3796481853,"HOLDER_PROFIT_SQ":-268971311.2,"HOLDER_PROFIT_QOQ_SQ":-39.307342663142,"ROE_AVG_SQ":-11.413844545566,"PE_TTM_SQ":1.260805850305,"PB_TTM_SQ":0.111149620762,"ROA_SQ":-4.02725625053,"START_DATE":"2021-01-01 00:00:00","FISCAL_YEAR":"12-31","CURRENCY":"HKD","IS_CNY_CODE":0,"DPS_HKD_LY":null,"ORG_TYPE":"一般企业","PREMIUM_INCOME":null,"PREMIUM_INCOME_YOY":null,"NET_INTEREST_INCOME":null,"NET_INTEREST_INCOME_YOY":null,"FEE_COMMISSION_INCOME":null,"FEE_COMMISSION_INCOME_YOY":null,"ACCOUNTS_RECE_TDAYS":34.097098372258,"INVENTORY_TDAYS":null,"CURRENT_ASSETS_TDAYS":0.404352102699,"TOTAL_ASSETS_TDAYS":0.014541722004,"PREMIUM_EXPENSE":null,"LOAN_DEPOSIT":null,"LOAN_EQUITY":null,"LOAN_ASSETS":null,"DEPOSIT_EQUITY":null,"DEPOSIT_ASSETS":null,"EQUITY_MULTIPLIER":2.566100471903,"EQUITY_RATIO":1.566100471906},{"SECUCODE":"00583.HK","SECURITY_CODE":"00583","SECURITY_NAME_ABBR":"长城环亚控股","ORG_CODE":"10008980","STD_REPORT_DATE":"2021-06-30 00:00:00","REPORT_DATE":"2021-06-30 00:00:00","DATE_TYPE_CODE":"002","REPORT_TYPE":"2021年中报","PER_NETCASH_OPERATE":0.011817665651,"PER_OI":0.027807021414,"BPS":1.620480285782,"BASIC_EPS":0.21883704,"DILUTED_EPS":0.21883704,"OPERATE_INCOME":43594335.36,"OPERATE_INCOME_YOY":-22.8758169935,"GROSS_PROFIT":43594335.36,"GROSS_PROFIT_YOY":-29.745259463043,"HOLDER_PROFIT":343060759.44,"HOLDER_PROFIT_YOY":287.6182588475,"GROSS_PROFIT_RATIO":null,"EPS_TTM":0.175295534161,"OPERATE_INCOME_QOQ":-16.838552972275,"NET_PROFIT_RATIO":786.9388456253,"ROE_AVG":14.481952311312,"GROSS_PROFIT_QOQ":-16.838552972275,"ROA":5.101928940543,"HOLDER_PROFIT_QOQ":202.174020141372,"ROE_YEARLY":28.963904622624,"ROIC_YEARLY":10.490743854204,"TOTAL_ASSETS":6925748817.36,"TOTAL_LIABILITIES":4385247985.92,"TAX_EBT":0.266331877095,"OCF_SALES":42.49885478699,"TOTAL_PARENT_EQUITY":2540500831.44,"DEBT_ASSET_RATIO":63.3180339277,"OPERATE_PROFIT":42765583.68,"PRETAX_PROFIT":343976879.52,"NETCASH_OPERATE":18527093.28,"NETCASH_INVEST":4509873.6,"NETCASH_FINANCE":-9137070.48,"END_CASH":190916595.6,"DIVI_RATIO":null,"DIVIDEND_RATE":null,"CURRENT_RATIO":0.269126975966,"COMMON_ACS":5000000000,"CURRENTDEBT_DEBT":18.084202872591,"ISSUED_COMMON_SHARES":1567745596,"HK_COMMON_SHARES":1567745596,"PER_SHARES":2000,"TOTAL_MARKET_CAP":438968766.88,"HKSK_MARKET_CAP":438968766.88,"PE_TTM":3.457998998606,"PB_TTM":0.109581764017,"REPORT_DATE_SQ":"2020-06-30 00:00:00","REPORT_TYPE_SQ":"2020年中报","OPERATE_INCOME_SQ":62051806.08,"DPS_HKD":null,"OPERATE_INCOME_QOQ_SQ":-7.70596293056,"NET_PROFIT_RATIO_SQ":-323.4867220161,"HOLDER_PROFIT_SQ":-200729353.44,"HOLDER_PROFIT_QOQ_SQ":-144.26345687523,"ROE_AVG_SQ":-7.712940236655,"PE_TTM_SQ":1.260805850305,"PB_TTM_SQ":0.111149620762,"ROA_SQ":-2.762720478392,"START_DATE":"2021-01-01 00:00:00","FISCAL_YEAR":"12-31","CURRENCY":"HKD","IS_CNY_CODE":0,"DPS_HKD_LY":null,"ORG_TYPE":"一般企业","PREMIUM_INCOME":null,"PREMIUM_INCOME_YOY":null,"NET_INTEREST_INCOME":null,"NET_INTEREST_INCOME_YOY":null,"FEE_COMMISSION_INCOME":null,"FEE_COMMISSION_INCOME_YOY":null,"ACCOUNTS_RECE_TDAYS":11.355006501951,"INVENTORY_TDAYS":null,"CURRENT_ASSETS_TDAYS":0.212301595342,"TOTAL_ASSETS_TDAYS":0.006483259746,"PREMIUM_EXPENSE":null,"LOAN_DEPOSIT":null,"LOAN_EQUITY":null,"LOAN_ASSETS":null,"DEPOSIT_EQUITY":null,"DEPOSIT_ASSETS":null,"EQUITY_MULTIPLIER":2.726135229581,"EQUITY_RATIO":1.726135229578},{"SECUCODE":"00583.HK","SECURITY_CODE":"00583","SECURITY_NAME_ABBR":"长城环亚控股","ORG_CODE":"10008980","STD_REPORT_DATE":"2020-12-31 00:00:00","REPORT_DATE":"2020-12-31 00:00:00","DATE_TYPE_CODE":"001","REPORT_TYPE":"2020年年报","PER_NETCASH_OPERATE":0.03189624585,"PER_OI":0.069918456311,"BPS":1.417649460366,"BASIC_EPS":-0.171526232,"DILUTED_EPS":-0.171526232,"OPERATE_INCOME":109614351.96,"OPERATE_INCOME_YOY":-22.6356589147,"GROSS_PROFIT":109614351.96,"GROSS_PROFIT_YOY":-27.311478230137,"HOLDER_PROFIT":-268971311.2,"HOLDER_PROFIT_YOY":-165.6287798978,"GROSS_PROFIT_RATIO":null,"EPS_TTM":-0.171565662111,"OPERATE_INCOME_QOQ":-21.242450674063,"NET_PROFIT_RATIO":-245.3796481853,"ROE_AVG":-11.413844545566,"GROSS_PROFIT_QOQ":-21.242450674063,"ROA":-4.02725625053,"HOLDER_PROFIT_QOQ":-39.307342663142,"ROE_YEARLY":-11.413844545566,"ROIC_YEARLY":-4.129990941495,"TOTAL_ASSETS":6597466989.72,"TOTAL_LIABILITIES":4374953291.56,"TAX_EBT":-2.508339748525,"OCF_SALES":45.619207764187,"TOTAL_PARENT_EQUITY":2222513698.16,"DEBT_ASSET_RATIO":66.3126211677,"OPERATE_PROFIT":-175405350.76,"PRETAX_PROFIT":-262389686.4,"NETCASH_OPERATE":50005198.96,"NETCASH_INVEST":2017411.08,"NETCASH_FINANCE":-26479677.68,"END_CASH":178879640.68,"DIVI_RATIO":null,"DIVIDEND_RATE":null,"CURRENT_RATIO":0.251238637652,"COMMON_ACS":5000000000,"CURRENTDEBT_DEBT":18.152242855073,"ISSUED_COMMON_SHARES":1567745596,"HK_COMMON_SHARES":1567745596,"PER_SHARES":2000,"TOTAL_MARKET_CAP":438968766.88,"HKSK_MARKET_CAP":438968766.88,"PE_TTM":3.457998998606,"PB_TTM":0.109581764017,"REPORT_DATE_SQ":"2019-12-31 00:00:00","REPORT_TYPE_SQ":"2019年年报","OPERATE_INCOME_SQ":150800084.1,"DPS_HKD":null,"OPERATE_INCOME_QOQ_SQ":2.869496368552,"NET_PROFIT_RATIO_SQ":289.2577742137,"HOLDER_PROFIT_SQ":436200966.78,"HOLDER_PROFIT_QOQ_SQ":-37.300584382114,"ROE_AVG_SQ":17.929748814658,"PE_TTM_SQ":1.260805850305,"PB_TTM_SQ":0.111149620762,"ROA_SQ":6.264938621868,"START_DATE":"2020-01-01 00:00:00","FISCAL_YEAR":"12-31","CURRENCY":"HKD","IS_CNY_CODE":0,"DPS_HKD_LY":null,"ORG_TYPE":"一般企业","PREMIUM_INCOME":null,"PREMIUM_INCOME_YOY":null,"NET_INTEREST_INCOME":null,"NET_INTEREST_INCOME_YOY":null,"FEE_COMMISSION_INCOME":null,"FEE_COMMISSION_INCOME_YOY":null,"ACCOUNTS_RECE_TDAYS":32.157777777778,"INVENTORY_TDAYS":null,"CURRENT_ASSETS_TDAYS":0.590840629678,"TOTAL_ASSETS_TDAYS":0.016412348295,"PREMIUM_EXPENSE":null,"LOAN_DEPOSIT":null,"LOAN_EQUITY":null,"LOAN_ASSETS":null,"DEPOSIT_EQUITY":null,"DEPOSIT_ASSETS":null,"EQUITY_MULTIPLIER":2.968470788357,"EQUITY_RATIO":1.968470788361},{"SECUCODE":"00583.HK","SECURITY_CODE":"00583","SECURITY_NAME_ABBR":"长城环亚控股","ORG_CODE":"10008980","STD_REPORT_DATE":"2020-06-30 00:00:00","REPORT_DATE":"2020-06-30 00:00:00","DATE_TYPE_CODE":"002","REPORT_TYPE":"2020年中报","PER_NETCASH_OPERATE":0.021319583436,"PER_OI":0.039580277717,"BPS":1.595906955302,"BASIC_EPS":-0.128064288,"DILUTED_EPS":-0.128064288,"OPERATE_INCOME":62051806.08,"OPERATE_INCOME_YOY":-18.888132679,"GROSS_PROFIT":62051806.08,"GROSS_PROFIT_YOY":-15.773339602025,"HOLDER_PROFIT":-200729353.44,"HOLDER_PROFIT_YOY":-145.1071070825,"GROSS_PROFIT_RATIO":null,"EPS_TTM":-0.123156223377,"OPERATE_INCOME_QOQ":-7.70596293056,"NET_PROFIT_RATIO":-323.4867220161,"ROE_AVG":-7.712940236655,"GROSS_PROFIT_QOQ":-7.70596293056,"ROA":-2.762720478392,"HOLDER_PROFIT_QOQ":-144.26345687523,"ROE_YEARLY":-15.425880473311,"ROIC_YEARLY":-5.661131856693,"TOTAL_ASSETS":7194502809.12,"TOTAL_LIABILITIES":4692526708.32,"TAX_EBT":-1.411681095749,"OCF_SALES":53.864158275923,"TOTAL_PARENT_EQUITY":2501976100.8,"DEBT_ASSET_RATIO":65.2237803337,"OPERATE_PROFIT":-47091485.76,"PRETAX_PROFIT":-197935140.48,"NETCASH_OPERATE":33423683.04,"NETCASH_INVEST":-807480.96,"NETCASH_FINANCE":-17171758.56,"END_CASH":181819318.56,"DIVI_RATIO":null,"DIVIDEND_RATE":null,"CURRENT_RATIO":4.363013019956,"COMMON_ACS":5000000000,"CURRENTDEBT_DEBT":0.982266030756,"ISSUED_COMMON_SHARES":1567745596,"HK_COMMON_SHARES":1567745596,"PER_SHARES":2000,"TOTAL_MARKET_CAP":438968766.88,"HKSK_MARKET_CAP":438968766.88,"PE_TTM":3.457998998606,"PB_TTM":0.109581764017,"REPORT_DATE_SQ":"2019-06-30 00:00:00","REPORT_TYPE_SQ":"2019年中报","OPERATE_INCOME_SQ":73672404.66,"DPS_HKD":null,"OPERATE_INCOME_QOQ_SQ":15.483854277427,"NET_PROFIT_RATIO_SQ":581.6957409464,"HOLDER_PROFIT_SQ":428549240.16,"HOLDER_PROFIT_QOQ_SQ":36.085707639862,"ROE_AVG_SQ":17.93628989889,"PE_TTM_SQ":1.260805850305,"PB_TTM_SQ":0.111149620762,"ROA_SQ":6.243774101377,"START_DATE":"2020-01-01 00:00:00","FISCAL_YEAR":"12-31","CURRENCY":"HKD","IS_CNY_CODE":0,"DPS_HKD_LY":null,"ORG_TYPE":"一般企业","PREMIUM_INCOME":null,"PREMIUM_INCOME_YOY":null,"NET_INTEREST_INCOME":null,"NET_INTEREST_INCOME_YOY":null,"FEE_COMMISSION_INCOME":null,"FEE_COMMISSION_INCOME_YOY":null,"ACCOUNTS_RECE_TDAYS":16.176211453744,"INVENTORY_TDAYS":null,"CURRENT_ASSETS_TDAYS":0.32046495062,"TOTAL_ASSETS_TDAYS":0.008540444755,"PREMIUM_EXPENSE":null,"LOAN_DEPOSIT":null,"LOAN_EQUITY":null,"LOAN_ASSETS":null,"DEPOSIT_EQUITY":null,"DEPOSIT_ASSETS":null,"EQUITY_MULTIPLIER":2.875528190228,"EQUITY_RATIO":1.875528190225}],"count":45},"success":true,"message":"ok","code":0}