{"version":"89746627e6d301d12277880cdc2d5f98","result":{"pages":6,"data":[{"SECUCODE":"00585.HK","SECURITY_CODE":"00585","SECURITY_NAME_ABBR":"意力国际","ORG_CODE":"10008981","STD_REPORT_DATE":"2024-06-30 00:00:00","REPORT_DATE":"2024-06-30 00:00:00","DATE_TYPE_CODE":"002","REPORT_TYPE":"2024年中报","PER_NETCASH_OPERATE":0.025606942291,"PER_OI":0.029293198273,"BPS":0.641163303802,"BASIC_EPS":-0.012594984,"DILUTED_EPS":-0.012594984,"OPERATE_INCOME":24311057.16,"OPERATE_INCOME_YOY":-19.0340131919,"GROSS_PROFIT":23787178.84,"GROSS_PROFIT_YOY":-21.003971630215,"HOLDER_PROFIT":-10458400.12,"HOLDER_PROFIT_YOY":-381.9635826772,"GROSS_PROFIT_RATIO":97.845102676728,"EPS_TTM":-0.031142367679,"OPERATE_INCOME_QOQ":-13.550591896327,"NET_PROFIT_RATIO":-42.3320944551,"ROE_AVG":-1.78611787848,"GROSS_PROFIT_QOQ":-14.43892142568,"ROA":-1.420643151276,"HOLDER_PROFIT_QOQ":-122.034739729084,"ROE_YEARLY":-3.572235756961,"ROIC_YEARLY":-3.68745303799,"TOTAL_ASSETS":678996500.12,"TOTAL_LIABILITIES":31026556.6,"TAX_EBT":null,"OCF_SALES":87.416000300334,"TOTAL_PARENT_EQUITY":532115257,"DEBT_ASSET_RATIO":4.5694722424,"OPERATE_PROFIT":-10127097.28,"PRETAX_PROFIT":-10291379.68,"NETCASH_OPERATE":21251753.8,"NETCASH_INVEST":-29995228.2,"NETCASH_FINANCE":-2418602,"END_CASH":16754979.44,"DIVI_RATIO":null,"DIVIDEND_RATE":null,"CURRENT_RATIO":13.109093799682,"COMMON_ACS":25000000000,"CURRENTDEBT_DEBT":92.513604941903,"ISSUED_COMMON_SHARES":829921572,"HK_COMMON_SHARES":829921572,"PER_SHARES":8000,"TOTAL_MARKET_CAP":265574903.04,"HKSK_MARKET_CAP":265574903.04,"PE_TTM":-9.361777461929,"PB_TTM":0.455512033,"REPORT_DATE_SQ":"2023-06-30 00:00:00","REPORT_TYPE_SQ":"2023年中报","OPERATE_INCOME_SQ":30332220.02,"DPS_HKD":null,"OPERATE_INCOME_QOQ_SQ":-6.812852726334,"NET_PROFIT_RATIO_SQ":15.0186935773,"HOLDER_PROFIT_SQ":3746926.72,"HOLDER_PROFIT_QOQ_SQ":-106.832480660942,"ROE_AVG_SQ":0.542053855932,"PE_TTM_SQ":-21.159773220584,"PB_TTM_SQ":0.677842980395,"ROA_SQ":0.423442722703,"START_DATE":"2024-01-01 00:00:00","FISCAL_YEAR":"12-31","CURRENCY":"HKD","IS_CNY_CODE":0,"DPS_HKD_LY":null,"ORG_TYPE":"一般企业","PREMIUM_INCOME":null,"PREMIUM_INCOME_YOY":null,"NET_INTEREST_INCOME":null,"NET_INTEREST_INCOME_YOY":null,"FEE_COMMISSION_INCOME":null,"FEE_COMMISSION_INCOME_YOY":null,"ACCOUNTS_RECE_TDAYS":26.703759398496,"INVENTORY_TDAYS":null,"CURRENT_ASSETS_TDAYS":0.061209365812,"TOTAL_ASSETS_TDAYS":0.033023537499,"PREMIUM_EXPENSE":null,"LOAN_DEPOSIT":null,"LOAN_EQUITY":null,"LOAN_ASSETS":null,"DEPOSIT_EQUITY":null,"DEPOSIT_ASSETS":null,"EQUITY_MULTIPLIER":1.047882709546,"EQUITY_RATIO":0.05830796278},{"SECUCODE":"00585.HK","SECURITY_CODE":"00585","SECURITY_NAME_ABBR":"意力国际","ORG_CODE":"10008981","STD_REPORT_DATE":"2023-12-31 00:00:00","REPORT_DATE":"2023-12-31 00:00:00","DATE_TYPE_CODE":"001","REPORT_TYPE":"2023年年报","PER_NETCASH_OPERATE":0.260912290035,"PER_OI":0.05354082453,"BPS":0.764455702641,"BASIC_EPS":-0.0181244,"DILUTED_EPS":-0.0181244,"OPERATE_INCOME":44434685.26,"OPERATE_INCOME_YOY":-16.7153582226,"GROSS_PROFIT":43803049.92,"GROSS_PROFIT_YOY":-14.371730104226,"HOLDER_PROFIT":-11640395.9,"HOLDER_PROFIT_YOY":-17.070725483,"GROSS_PROFIT_RATIO":98.578508351518,"EPS_TTM":-0.014025898703,"OPERATE_INCOME_QOQ":-9.330796798819,"NET_PROFIT_RATIO":-31.2789345951,"ROE_AVG":-1.753630301421,"GROSS_PROFIT_QOQ":-10.103195085149,"ROA":-1.397436636665,"HOLDER_PROFIT_QOQ":42.577715977453,"ROE_YEARLY":-1.753630301421,"ROIC_YEARLY":-1.879409094467,"TOTAL_ASSETS":787735359.88,"TOTAL_LIABILITIES":32864974.52,"TAX_EBT":-19.400544959128,"OCF_SALES":487.314665633349,"TOTAL_PARENT_EQUITY":634438278.46,"DEBT_ASSET_RATIO":4.1720831886,"OPERATE_PROFIT":-11190004.56,"PRETAX_PROFIT":-11640395.9,"NETCASH_OPERATE":216536737.9,"NETCASH_INVEST":-253053779.02,"NETCASH_FINANCE":-4860057.86,"END_CASH":27737581.76,"DIVI_RATIO":null,"DIVIDEND_RATE":null,"CURRENT_RATIO":12.821563523386,"COMMON_ACS":25000000000,"CURRENTDEBT_DEBT":98.513759444107,"ISSUED_COMMON_SHARES":829921572,"HK_COMMON_SHARES":829921572,"PER_SHARES":8000,"TOTAL_MARKET_CAP":278023726.62,"HKSK_MARKET_CAP":278023726.62,"PE_TTM":-9.800610780457,"PB_TTM":0.476864159547,"REPORT_DATE_SQ":"2022-12-31 00:00:00","REPORT_TYPE_SQ":"2022年年报","OPERATE_INCOME_SQ":52590377.98,"DPS_HKD":null,"OPERATE_INCOME_QOQ_SQ":320.841288322171,"NET_PROFIT_RATIO_SQ":-24.7630533003,"HOLDER_PROFIT_SQ":-9800958.44,"HOLDER_PROFIT_QOQ_SQ":47.429450040227,"ROE_AVG_SQ":-1.416231677535,"PE_TTM_SQ":-24.686402090681,"PB_TTM_SQ":0.790816810461,"ROA_SQ":-1.163793423485,"START_DATE":"2023-01-01 00:00:00","FISCAL_YEAR":"12-31","CURRENCY":"HKD","IS_CNY_CODE":0,"DPS_HKD_LY":null,"ORG_TYPE":"一般企业","PREMIUM_INCOME":null,"PREMIUM_INCOME_YOY":null,"NET_INTEREST_INCOME":null,"NET_INTEREST_INCOME_YOY":null,"FEE_COMMISSION_INCOME":null,"FEE_COMMISSION_INCOME_YOY":null,"ACCOUNTS_RECE_TDAYS":15.368437548974,"INVENTORY_TDAYS":null,"CURRENT_ASSETS_TDAYS":0.078882869404,"TOTAL_ASSETS_TDAYS":0.05334411102,"PREMIUM_EXPENSE":null,"LOAN_DEPOSIT":null,"LOAN_EQUITY":null,"LOAN_ASSETS":null,"DEPOSIT_EQUITY":null,"DEPOSIT_ASSETS":null,"EQUITY_MULTIPLIER":1.043537241833,"EQUITY_RATIO":0.051801689204},{"SECUCODE":"00585.HK","SECURITY_CODE":"00585","SECURITY_NAME_ABBR":"意力国际","ORG_CODE":"10008981","STD_REPORT_DATE":"2023-06-30 00:00:00","REPORT_DATE":"2023-06-30 00:00:00","DATE_TYPE_CODE":"002","REPORT_TYPE":"2023年中报","PER_NETCASH_OPERATE":0.073705380296,"PER_OI":0.036548296903,"BPS":0.816100507049,"BASIC_EPS":0.004425504,"DILUTED_EPS":0.004425504,"OPERATE_INCOME":30332220.02,"OPERATE_INCOME_YOY":-17.043219527,"GROSS_PROFIT":30111866.8,"GROSS_PROFIT_YOY":-7.464368732823,"HOLDER_PROFIT":3746926.72,"HOLDER_PROFIT_YOY":-75.554887218,"GROSS_PROFIT_RATIO":99.273534149974,"EPS_TTM":-0.024425880895,"OPERATE_INCOME_QOQ":-6.812852726334,"NET_PROFIT_RATIO":15.0186935773,"ROE_AVG":0.542053855932,"GROSS_PROFIT_QOQ":-4.748261101292,"ROA":0.423442722703,"HOLDER_PROFIT_QOQ":-106.832480660942,"ROE_YEARLY":1.084107711863,"ROIC_YEARLY":1.221293296711,"TOTAL_ASSETS":876242416.16,"TOTAL_LIABILITIES":42305052.3,"TAX_EBT":16.832183134153,"OCF_SALES":201.665704124745,"TOTAL_PARENT_EQUITY":677299415.72,"DEBT_ASSET_RATIO":4.8280078115,"OPERATE_PROFIT":5704290.26,"PRETAX_PROFIT":5477483.18,"NETCASH_OPERATE":61169685.08,"NETCASH_INVEST":-22057449.52,"NETCASH_FINANCE":-2498565.8,"END_CASH":106925708.52,"DIVI_RATIO":null,"DIVIDEND_RATE":null,"CURRENT_RATIO":17.715862194761,"COMMON_ACS":25000000000,"CURRENTDEBT_DEBT":95.584613708184,"ISSUED_COMMON_SHARES":829921572,"HK_COMMON_SHARES":829921572,"PER_SHARES":8000,"TOTAL_MARKET_CAP":278023726.62,"HKSK_MARKET_CAP":278023726.62,"PE_TTM":-9.800610780457,"PB_TTM":0.476864159547,"REPORT_DATE_SQ":"2022-06-30 00:00:00","REPORT_TYPE_SQ":"2022年中报","OPERATE_INCOME_SQ":33915125.02,"DPS_HKD":null,"OPERATE_INCOME_QOQ_SQ":-58.639515878259,"NET_PROFIT_RATIO_SQ":46.1092339503,"HOLDER_PROFIT_SQ":14217533.75,"HOLDER_PROFIT_QOQ_SQ":32.334369812956,"ROE_AVG_SQ":2.09503982781,"PE_TTM_SQ":-24.686402090681,"PB_TTM_SQ":0.790816810461,"ROA_SQ":1.713364656559,"START_DATE":"2023-01-01 00:00:00","FISCAL_YEAR":"12-31","CURRENCY":"HKD","IS_CNY_CODE":0,"DPS_HKD_LY":null,"ORG_TYPE":"一般企业","PREMIUM_INCOME":null,"PREMIUM_INCOME_YOY":null,"NET_INTEREST_INCOME":null,"NET_INTEREST_INCOME_YOY":null,"FEE_COMMISSION_INCOME":null,"FEE_COMMISSION_INCOME_YOY":null,"ACCOUNTS_RECE_TDAYS":7.445739504357,"INVENTORY_TDAYS":null,"CURRENT_ASSETS_TDAYS":0.042121260424,"TOTAL_ASSETS_TDAYS":0.034278646984,"PREMIUM_EXPENSE":null,"LOAN_DEPOSIT":null,"LOAN_EQUITY":null,"LOAN_ASSETS":null,"DEPOSIT_EQUITY":null,"DEPOSIT_ASSETS":null,"EQUITY_MULTIPLIER":1.05072929231,"EQUITY_RATIO":0.062461374273},{"SECUCODE":"00585.HK","SECURITY_CODE":"00585","SECURITY_NAME_ABBR":"意力国际","ORG_CODE":"10008981","STD_REPORT_DATE":"2022-12-31 00:00:00","REPORT_DATE":"2022-12-31 00:00:00","DATE_TYPE_CODE":"001","REPORT_TYPE":"2022年年报","PER_NETCASH_OPERATE":-0.0765281834,"PER_OI":0.063367888912,"BPS":0.823250848527,"BASIC_EPS":-0.0089327,"DILUTED_EPS":-0.0089327,"OPERATE_INCOME":52590377.98,"OPERATE_INCOME_YOY":59.3169886886,"GROSS_PROFIT":51154893.09,"GROSS_PROFIT_YOY":91.418770415301,"HOLDER_PROFIT":-9800958.44,"HOLDER_PROFIT_YOY":67.4411703611,"GROSS_PROFIT_RATIO":97.270441960798,"EPS_TTM":-0.011809499561,"OPERATE_INCOME_QOQ":320.841288322171,"NET_PROFIT_RATIO":-24.7630533003,"ROE_AVG":-1.416231677535,"GROSS_PROFIT_QOQ":357.393635592501,"ROA":-1.163793423485,"HOLDER_PROFIT_QOQ":47.429450040227,"ROE_YEARLY":-1.416231677535,"ROIC_YEARLY":-1.64865423264,"TOTAL_ASSETS":865678676.24,"TOTAL_LIABILITIES":28278248.39,"TAX_EBT":-34.331521238367,"OCF_SALES":-120.768080986514,"TOTAL_PARENT_EQUITY":683233638.36,"DEBT_ASSET_RATIO":3.2665987007,"OPERATE_PROFIT":-9375761.92,"PRETAX_PROFIT":-9694659.31,"NETCASH_OPERATE":-63512390.27,"NETCASH_INVEST":-55525663.2,"NETCASH_FINANCE":46391977.45,"END_CASH":68122556.74,"DIVI_RATIO":null,"DIVIDEND_RATE":null,"CURRENT_RATIO":26.206115023866,"COMMON_ACS":25000000000,"CURRENTDEBT_DEBT":94.636257383833,"ISSUED_COMMON_SHARES":829921572,"HK_COMMON_SHARES":829921572,"PER_SHARES":8000,"TOTAL_MARKET_CAP":278023726.62,"HKSK_MARKET_CAP":278023726.62,"PE_TTM":-9.800610780457,"PB_TTM":0.476864159547,"REPORT_DATE_SQ":"2021-12-31 00:00:00","REPORT_TYPE_SQ":"2021年年报","OPERATE_INCOME_SQ":30213590.4,"DPS_HKD":null,"OPERATE_INCOME_QOQ_SQ":-80.687710465326,"NET_PROFIT_RATIO_SQ":-98.0759863614,"HOLDER_PROFIT_SQ":-27552302.4,"HOLDER_PROFIT_QOQ_SQ":-118.013881421555,"ROE_AVG_SQ":-4.201791737062,"PE_TTM_SQ":-24.686402090681,"PB_TTM_SQ":0.790816810461,"ROA_SQ":-3.368658649288,"START_DATE":"2022-01-01 00:00:00","FISCAL_YEAR":"12-31","CURRENCY":"HKD","IS_CNY_CODE":0,"DPS_HKD_LY":null,"ORG_TYPE":"一般企业","PREMIUM_INCOME":null,"PREMIUM_INCOME_YOY":null,"NET_INTEREST_INCOME":null,"NET_INTEREST_INCOME_YOY":null,"FEE_COMMISSION_INCOME":null,"FEE_COMMISSION_INCOME_YOY":null,"ACCOUNTS_RECE_TDAYS":11.099924585219,"INVENTORY_TDAYS":null,"CURRENT_ASSETS_TDAYS":0.075121552245,"TOTAL_ASSETS_TDAYS":0.062447296768,"PREMIUM_EXPENSE":null,"LOAN_DEPOSIT":null,"LOAN_EQUITY":null,"LOAN_ASSETS":null,"DEPOSIT_EQUITY":null,"DEPOSIT_ASSETS":null,"EQUITY_MULTIPLIER":1.033769087583,"EQUITY_RATIO":0.04138884095},{"SECUCODE":"00585.HK","SECURITY_CODE":"00585","SECURITY_NAME_ABBR":"意力国际","ORG_CODE":"10008981","STD_REPORT_DATE":"2022-06-30 00:00:00","REPORT_DATE":"2022-06-30 00:00:00","DATE_TYPE_CODE":"002","REPORT_TYPE":"2022年中报","PER_NETCASH_OPERATE":-0.061501184789,"PER_OI":0.040865457851,"BPS":0.826919103556,"BASIC_EPS":0.0171038,"DILUTED_EPS":0.0171038,"OPERATE_INCOME":33915125.02,"OPERATE_INCOME_YOY":-36.0890865726,"GROSS_PROFIT":32540834.69,"GROSS_PROFIT_YOY":-32.320677369233,"HOLDER_PROFIT":14217533.75,"HOLDER_PROFIT_YOY":160.5799373041,"GROSS_PROFIT_RATIO":95.947854153008,"EPS_TTM":-0.022464097427,"OPERATE_INCOME_QOQ":-58.639515878259,"NET_PROFIT_RATIO":46.1092339503,"ROE_AVG":2.09503982781,"GROSS_PROFIT_QOQ":-58.150101899136,"ROA":1.713364656559,"HOLDER_PROFIT_QOQ":32.334369812956,"ROE_YEARLY":4.19007965562,"ROIC_YEARLY":5.144303515455,"TOTAL_ASSETS":875868494.2,"TOTAL_LIABILITIES":34546255.24,"TAX_EBT":-0.054716568177,"OCF_SALES":-150.496747188461,"TOTAL_PARENT_EQUITY":686278002.34,"DEBT_ASSET_RATIO":3.9442285536,"OPERATE_PROFIT":15769703.6,"PRETAX_PROFIT":15629452.44,"NETCASH_OPERATE":-51041159.96,"NETCASH_INVEST":8022537.39,"NETCASH_FINANCE":45821080.2,"END_CASH":137570994.54,"DIVI_RATIO":null,"DIVIDEND_RATE":null,"CURRENT_RATIO":23.905245840741,"COMMON_ACS":25000000000,"CURRENTDEBT_DEBT":93.293890484206,"ISSUED_COMMON_SHARES":829921572,"HK_COMMON_SHARES":829921572,"PER_SHARES":8000,"TOTAL_MARKET_CAP":278023726.62,"HKSK_MARKET_CAP":278023726.62,"PE_TTM":-9.800610780457,"PB_TTM":0.476864159547,"REPORT_DATE_SQ":"2021-06-30 00:00:00","REPORT_TYPE_SQ":"2021年中报","OPERATE_INCOME_SQ":51632228.16,"DPS_HKD":null,"OPERATE_INCOME_QOQ_SQ":15.547816914332,"NET_PROFIT_RATIO_SQ":13.690130858,"HOLDER_PROFIT_SQ":5308670.4,"HOLDER_PROFIT_QOQ_SQ":-31.647165796609,"ROE_AVG_SQ":0.778984036322,"PE_TTM_SQ":-24.686402090681,"PB_TTM_SQ":0.790816810461,"ROA_SQ":0.602504928405,"START_DATE":"2022-01-01 00:00:00","FISCAL_YEAR":"12-31","CURRENCY":"HKD","IS_CNY_CODE":0,"DPS_HKD_LY":null,"ORG_TYPE":"一般企业","PREMIUM_INCOME":null,"PREMIUM_INCOME_YOY":null,"NET_INTEREST_INCOME":null,"NET_INTEREST_INCOME_YOY":null,"FEE_COMMISSION_INCOME":null,"FEE_COMMISSION_INCOME_YOY":null,"ACCOUNTS_RECE_TDAYS":33.298068849706,"INVENTORY_TDAYS":null,"CURRENT_ASSETS_TDAYS":0.047121000498,"TOTAL_ASSETS_TDAYS":0.040871347699,"PREMIUM_EXPENSE":null,"LOAN_DEPOSIT":null,"LOAN_EQUITY":null,"LOAN_ASSETS":null,"DEPOSIT_EQUITY":null,"DEPOSIT_ASSETS":null,"EQUITY_MULTIPLIER":1.041061859108,"EQUITY_RATIO":0.050338572885},{"SECUCODE":"00585.HK","SECURITY_CODE":"00585","SECURITY_NAME_ABBR":"意力国际","ORG_CODE":"10008981","STD_REPORT_DATE":"2021-12-31 00:00:00","REPORT_DATE":"2021-12-31 00:00:00","DATE_TYPE_CODE":"001","REPORT_TYPE":"2021年年报","PER_NETCASH_OPERATE":0.133372028074,"PER_OI":0.036405356144,"BPS":0.772947361826,"BASIC_EPS":-0.032704,"DILUTED_EPS":-0.032704,"OPERATE_INCOME":30213590.4,"OPERATE_INCOME_YOY":-77.0289422647,"GROSS_PROFIT":26724073.6,"GROSS_PROFIT_YOY":-80.262332419392,"HOLDER_PROFIT":-27552302.4,"HOLDER_PROFIT_YOY":-112.675039211,"GROSS_PROFIT_RATIO":88.450506034529,"EPS_TTM":-0.033198682056,"OPERATE_INCOME_QOQ":-80.687710465326,"NET_PROFIT_RATIO":-98.0759863614,"ROE_AVG":-4.201791737062,"GROSS_PROFIT_QOQ":-82.521422991492,"ROA":-3.368658649288,"HOLDER_PROFIT_QOQ":-118.013881421555,"ROE_YEARLY":-4.201791737062,"ROIC_YEARLY":-4.698473160047,"TOTAL_ASSETS":749286249.6,"TOTAL_LIABILITIES":14312905.6,"TAX_EBT":-6.810680183897,"OCF_SALES":366.352762894409,"TOTAL_PARENT_EQUITY":641485689.6,"DEBT_ASSET_RATIO":1.9102052931,"OPERATE_PROFIT":-24202595.2,"PRETAX_PROFIT":-27742803.2,"NETCASH_OPERATE":110688323.2,"NETCASH_INVEST":-30442518.4,"NETCASH_FINANCE":15029940.8,"END_CASH":128901998.4,"DIVI_RATIO":null,"DIVIDEND_RATE":null,"CURRENT_RATIO":58.044516990651,"COMMON_ACS":25000000000,"CURRENTDEBT_DEBT":76.990746029933,"ISSUED_COMMON_SHARES":829921572,"HK_COMMON_SHARES":829921572,"PER_SHARES":8000,"TOTAL_MARKET_CAP":278023726.62,"HKSK_MARKET_CAP":278023726.62,"PE_TTM":-9.800610780457,"PB_TTM":0.476864159547,"REPORT_DATE_SQ":"2020-12-31 00:00:00","REPORT_TYPE_SQ":"2020年年报","OPERATE_INCOME_SQ":135396310.08,"DPS_HKD":null,"OPERATE_INCOME_QOQ_SQ":352.941302223798,"NET_PROFIT_RATIO_SQ":168.6962305435,"HOLDER_PROFIT_SQ":223765985.16,"HOLDER_PROFIT_QOQ_SQ":708.187943343012,"ROE_AVG_SQ":40.131351538196,"PE_TTM_SQ":-24.686402090681,"PB_TTM_SQ":0.790816810461,"ROA_SQ":20.438412398238,"START_DATE":"2021-01-01 00:00:00","FISCAL_YEAR":"12-31","CURRENCY":"HKD","IS_CNY_CODE":0,"DPS_HKD_LY":null,"ORG_TYPE":"一般企业","PREMIUM_INCOME":null,"PREMIUM_INCOME_YOY":null,"NET_INTEREST_INCOME":null,"NET_INTEREST_INCOME_YOY":null,"FEE_COMMISSION_INCOME":null,"FEE_COMMISSION_INCOME_YOY":null,"ACCOUNTS_RECE_TDAYS":null,"INVENTORY_TDAYS":null,"CURRENT_ASSETS_TDAYS":0.041733768507,"TOTAL_ASSETS_TDAYS":0.036940387467,"PREMIUM_EXPENSE":null,"LOAN_DEPOSIT":null,"LOAN_EQUITY":null,"LOAN_ASSETS":null,"DEPOSIT_EQUITY":null,"DEPOSIT_ASSETS":null,"EQUITY_MULTIPLIER":1.019474047212,"EQUITY_RATIO":0.022312119868},{"SECUCODE":"00585.HK","SECURITY_CODE":"00585","SECURITY_NAME_ABBR":"意力国际","ORG_CODE":"10008981","STD_REPORT_DATE":"2021-06-30 00:00:00","REPORT_DATE":"2021-06-30 00:00:00","DATE_TYPE_CODE":"002","REPORT_TYPE":"2021年中报","PER_NETCASH_OPERATE":-0.036915760035,"PER_OI":0.062213382447,"BPS":0.82072597549,"BASIC_EPS":0.0083208,"DILUTED_EPS":0.0083208,"OPERATE_INCOME":51632228.16,"OPERATE_INCOME_YOY":85.3460378147,"GROSS_PROFIT":48080910.72,"GROSS_PROFIT_YOY":57.22448548817,"HOLDER_PROFIT":5308670.4,"HOLDER_PROFIT_YOY":-92.344428712,"GROSS_PROFIT_RATIO":93.121897763166,"EPS_TTM":0.184294996058,"OPERATE_INCOME_QOQ":15.547816914332,"NET_PROFIT_RATIO":13.690130858,"ROE_AVG":0.778984036322,"GROSS_PROFIT_QOQ":12.924911284259,"ROA":0.602504928405,"HOLDER_PROFIT_QOQ":-31.647165796609,"ROE_YEARLY":1.557968072643,"ROIC_YEARLY":1.567110333287,"TOTAL_ASSETS":859982970.72,"TOTAL_LIABILITIES":101700145.92,"TAX_EBT":20.5703599813,"OCF_SALES":-59.337329981306,"TOTAL_PARENT_EQUITY":681138191.76,"DEBT_ASSET_RATIO":11.8258325319,"OPERATE_PROFIT":9968318.4,"PRETAX_PROFIT":8899095.6,"NETCASH_OPERATE":-30637185.6,"NETCASH_INVEST":-3327487.92,"NETCASH_FINANCE":82060561.68,"END_CASH":82325163.12,"DIVI_RATIO":null,"DIVIDEND_RATE":null,"CURRENT_RATIO":7.901084689195,"COMMON_ACS":25000000000,"CURRENTDEBT_DEBT":98.057664615787,"ISSUED_COMMON_SHARES":829921572,"HK_COMMON_SHARES":829921572,"PER_SHARES":8000,"TOTAL_MARKET_CAP":278023726.62,"HKSK_MARKET_CAP":278023726.62,"PE_TTM":-9.800610780457,"PB_TTM":0.476864159547,"REPORT_DATE_SQ":"2020-06-30 00:00:00","REPORT_TYPE_SQ":"2020年中报","OPERATE_INCOME_SQ":30581057.76,"DPS_HKD":null,"OPERATE_INCOME_QOQ_SQ":-17.08481623951,"NET_PROFIT_RATIO_SQ":252.6598763404,"HOLDER_PROFIT_SQ":76124262.72,"HOLDER_PROFIT_QOQ_SQ":74.248347355345,"ROE_AVG_SQ":13.969771665693,"PE_TTM_SQ":-24.686402090681,"PB_TTM_SQ":0.790816810461,"ROA_SQ":7.513756165819,"START_DATE":"2021-01-01 00:00:00","FISCAL_YEAR":"12-31","CURRENCY":"HKD","IS_CNY_CODE":0,"DPS_HKD_LY":null,"ORG_TYPE":"一般企业","PREMIUM_INCOME":null,"PREMIUM_INCOME_YOY":null,"NET_INTEREST_INCOME":null,"NET_INTEREST_INCOME_YOY":null,"FEE_COMMISSION_INCOME":null,"FEE_COMMISSION_INCOME_YOY":null,"ACCOUNTS_RECE_TDAYS":4.238524590164,"INVENTORY_TDAYS":null,"CURRENT_ASSETS_TDAYS":0.064117844904,"TOTAL_ASSETS_TDAYS":0.058599742661,"PREMIUM_EXPENSE":null,"LOAN_DEPOSIT":null,"LOAN_EQUITY":null,"LOAN_ASSETS":null,"DEPOSIT_EQUITY":null,"DEPOSIT_ASSETS":null,"EQUITY_MULTIPLIER":1.134119015484,"EQUITY_RATIO":0.149309122804},{"SECUCODE":"00585.HK","SECURITY_CODE":"00585","SECURITY_NAME_ABBR":"意力国际","ORG_CODE":"10008981","STD_REPORT_DATE":"2020-12-31 00:00:00","REPORT_DATE":"2020-12-31 00:00:00","DATE_TYPE_CODE":"001","REPORT_TYPE":"2020年年报","PER_NETCASH_OPERATE":0.076977786812,"PER_OI":0.163143500119,"BPS":0.8310043443,"BASIC_EPS":0.2861576,"DILUTED_EPS":0.2861576,"OPERATE_INCOME":135396310.08,"OPERATE_INCOME_YOY":415.2066148089,"GROSS_PROFIT":135396310.08,"GROSS_PROFIT_YOY":396.155858902557,"HOLDER_PROFIT":223765985.16,"HOLDER_PROFIT_YOY":266.6932086071,"GROSS_PROFIT_RATIO":null,"EPS_TTM":0.269623049586,"OPERATE_INCOME_QOQ":352.941302223798,"NET_PROFIT_RATIO":168.6962305435,"ROE_AVG":40.131351538196,"GROSS_PROFIT_QOQ":352.941302223798,"ROA":20.438412398238,"HOLDER_PROFIT_QOQ":708.187943343012,"ROE_YEARLY":40.131351538196,"ROIC_YEARLY":33.80140408512,"TOTAL_ASSETS":912582677.24,"TOTAL_LIABILITIES":145968991.76,"TAX_EBT":1.092993760569,"OCF_SALES":47.184096673131,"TOTAL_PARENT_EQUITY":689668431.76,"DEBT_ASSET_RATIO":15.9951525928,"OPERATE_PROFIT":262940960.6,"PRETAX_PROFIT":230932549.76,"NETCASH_OPERATE":63885525.84,"NETCASH_INVEST":194689848.08,"NETCASH_FINANCE":-842067553.12,"END_CASH":34632644.36,"DIVI_RATIO":null,"DIVIDEND_RATE":null,"CURRENT_RATIO":5.700243320226,"COMMON_ACS":25000000000,"CURRENTDEBT_DEBT":100,"ISSUED_COMMON_SHARES":829921572,"HK_COMMON_SHARES":829921572,"PER_SHARES":8000,"TOTAL_MARKET_CAP":278023726.62,"HKSK_MARKET_CAP":278023726.62,"PE_TTM":-9.800610780457,"PB_TTM":0.476864159547,"REPORT_DATE_SQ":"2019-12-31 00:00:00","REPORT_TYPE_SQ":"2019年年报","OPERATE_INCOME_SQ":-45717923.86,"DPS_HKD":null,"OPERATE_INCOME_QOQ_SQ":-169.229859987892,"NET_PROFIT_RATIO_SQ":null,"HOLDER_PROFIT_SQ":-142873326.88,"HOLDER_PROFIT_QOQ_SQ":-57.306419602019,"ROE_AVG_SQ":-27.250252434218,"PE_TTM_SQ":-24.686402090681,"PB_TTM_SQ":0.790816810461,"ROA_SQ":-14.28278473826,"START_DATE":"2020-01-01 00:00:00","FISCAL_YEAR":"12-31","CURRENCY":"HKD","IS_CNY_CODE":0,"DPS_HKD_LY":null,"ORG_TYPE":"一般企业","PREMIUM_INCOME":null,"PREMIUM_INCOME_YOY":null,"NET_INTEREST_INCOME":null,"NET_INTEREST_INCOME_YOY":null,"FEE_COMMISSION_INCOME":null,"FEE_COMMISSION_INCOME_YOY":null,"ACCOUNTS_RECE_TDAYS":8.870557745858,"INVENTORY_TDAYS":null,"CURRENT_ASSETS_TDAYS":0.135366512456,"TOTAL_ASSETS_TDAYS":0.123668734577,"PREMIUM_EXPENSE":null,"LOAN_DEPOSIT":null,"LOAN_EQUITY":null,"LOAN_ASSETS":null,"DEPOSIT_EQUITY":null,"DEPOSIT_ASSETS":null,"EQUITY_MULTIPLIER":1.190407495359,"EQUITY_RATIO":0.211650968839},{"SECUCODE":"00585.HK","SECURITY_CODE":"00585","SECURITY_NAME_ABBR":"意力国际","ORG_CODE":"10008981","STD_REPORT_DATE":"2020-06-30 00:00:00","REPORT_DATE":"2020-06-30 00:00:00","DATE_TYPE_CODE":"002","REPORT_TYPE":"2020年中报","PER_NETCASH_OPERATE":0.35366125897,"PER_OI":0.036848129741,"BPS":0.756750895686,"BASIC_EPS":0.1096128,"DILUTED_EPS":0.1096128,"OPERATE_INCOME":30581057.76,"OPERATE_INCOME_YOY":-23.2907157914,"GROSS_PROFIT":30581057.76,"GROSS_PROFIT_YOY":-20.344987191073,"HOLDER_PROFIT":76124262.72,"HOLDER_PROFIT_YOY":344.7159007488,"GROSS_PROFIT_RATIO":null,"EPS_TTM":-0.044332192464,"OPERATE_INCOME_QOQ":-17.08481623951,"NET_PROFIT_RATIO":252.6598763404,"ROE_AVG":13.969771665693,"GROSS_PROFIT_QOQ":-17.08481623951,"ROA":7.513756165819,"HOLDER_PROFIT_QOQ":74.248347355345,"ROE_YEARLY":27.939543331386,"ROIC_YEARLY":24.167500398741,"TOTAL_ASSETS":640238316.96,"TOTAL_LIABILITIES":9846883.2,"TAX_EBT":null,"OCF_SALES":959.780758087159,"TOTAL_PARENT_EQUITY":628043892.96,"DEBT_ASSET_RATIO":1.5380027935,"OPERATE_PROFIT":111918322.56,"PRETAX_PROFIT":77266062.72,"NETCASH_OPERATE":190769203.68,"NETCASH_INVEST":200920262.4,"NETCASH_FINANCE":-980864660.16,"END_CASH":81677977.92,"DIVI_RATIO":null,"DIVIDEND_RATE":null,"CURRENT_RATIO":53.247320924986,"COMMON_ACS":25000000000,"CURRENTDEBT_DEBT":98.682745825603,"ISSUED_COMMON_SHARES":829921572,"HK_COMMON_SHARES":829921572,"PER_SHARES":8000,"TOTAL_MARKET_CAP":278023726.62,"HKSK_MARKET_CAP":278023726.62,"PE_TTM":-9.800610780457,"PB_TTM":0.476864159547,"REPORT_DATE_SQ":"2019-06-30 00:00:00","REPORT_TYPE_SQ":"2019年中报","OPERATE_INCOME_SQ":38391881.04,"DPS_HKD":null,"OPERATE_INCOME_QOQ_SQ":307.63960814026,"NET_PROFIT_RATIO_SQ":-78.029053249,"HOLDER_PROFIT_SQ":-29956821.3,"HOLDER_PROFIT_QOQ_SQ":11.827977567945,"ROE_AVG_SQ":-5.254460621247,"PE_TTM_SQ":-24.686402090681,"PB_TTM_SQ":0.790816810461,"ROA_SQ":-4.990909963574,"START_DATE":"2020-01-01 00:00:00","FISCAL_YEAR":"12-31","CURRENCY":"HKD","IS_CNY_CODE":0,"DPS_HKD_LY":null,"ORG_TYPE":"一般企业","PREMIUM_INCOME":null,"PREMIUM_INCOME_YOY":null,"NET_INTEREST_INCOME":null,"NET_INTEREST_INCOME_YOY":null,"FEE_COMMISSION_INCOME":null,"FEE_COMMISSION_INCOME_YOY":null,"ACCOUNTS_RECE_TDAYS":1.651856420377,"INVENTORY_TDAYS":null,"CURRENT_ASSETS_TDAYS":0.034255486234,"TOTAL_ASSETS_TDAYS":0.030184674779,"PREMIUM_EXPENSE":null,"LOAN_DEPOSIT":null,"LOAN_EQUITY":null,"LOAN_ASSETS":null,"DEPOSIT_EQUITY":null,"DEPOSIT_ASSETS":null,"EQUITY_MULTIPLIER":1.015620268095,"EQUITY_RATIO":0.015678654486}],"count":46},"success":true,"message":"ok","code":0}